{"id":"gen9doublesou-1972575525","p1":"Rocket Exec. Raiza","p2":"CoyoteMaxi","format":"[Gen 9] Doubles OU","log":"|j|\u2606Rocket Exec. Raiza\n|j|\u2606CoyoteMaxi\n|t:|1697859071\n|gametype|doubles\n|player|p1|Rocket Exec. Raiza|koga|1119\n|player|p2|CoyoteMaxi|102|1000\n|teamsize|p1|6\n|teamsize|p2|6\n|gen|9\n|tier|[Gen 9] Doubles OU\n|rated|\n|rule|Species Clause: Limit one of each Pok\u00e9mon\n|rule|OHKO Clause: OHKO moves are banned\n|rule|Evasion Moves Clause: Evasion moves are banned\n|rule|Gravity Sleep Clause: The combination of sleep-inducing moves with imperfect accuracy and Gravity or Gigantamax Orbeetle are banned\n|rule|Endless Battle Clause: Forcing endless battles is banned\n|rule|HP Percentage Mod: HP is shown in percentages\n|clearpoke\n|poke|p1|Skeledirge, F|\n|poke|p1|Cinderace, F|\n|poke|p1|Meowscarada, F|\n|poke|p1|Salazzle, F|\n|poke|p1|Quilava, F|\n|poke|p1|Charizard, M|\n|poke|p2|Aipom, M|\n|poke|p2|Ambipom, F|\n|poke|p2|Primeape, M|\n|poke|p2|Ogerpon, F|\n|poke|p2|Munkidori, M|\n|poke|p2|Rillaboom, F|\n|teampreview\n|c|\u2606Rocket Exec. Raiza|Wow\n|c|\u2606Rocket Exec. Raiza|bice team\n|\n|t:|1697859097\n|start\n|switch|p1a: Salazzle|Salazzle, F|100\/100\n|switch|p1b: Qwilava|Quilava, F|100\/100\n|switch|p2a: SMOL MUNKEE|Aipom, M, shiny|100\/100\n|switch|p2b: MONK?|Ogerpon, F|100\/100\n|turn|1\n|\n|t:|1697859114\n|move|p2b: MONK?|Follow Me|p2b: MONK?\n|-singleturn|p2b: MONK?|move: Follow Me\n|move|p1a: Salazzle|Flamethrower|p2b: MONK?\n|-supereffective|p2b: MONK?\n|-damage|p2b: MONK?|15\/100\n|-status|p2b: MONK?|brn\n|move|p2a: SMOL MUNKEE|Agility|p2a: SMOL MUNKEE\n|-boost|p2a: SMOL MUNKEE|spe|2\n|move|p1b: Qwilava|Will-O-Wisp|p2b: MONK?\n|-fail|p2b: MONK?|brn\n|\n|-damage|p2b: MONK?|9\/100 brn|[from] brn\n|upkeep\n|turn|2\n|inactive|Battle timer is ON: inactive players will automatically lose when time's up. (requested by CoyoteMaxi)\n|\n|t:|1697859148\n|move|p2a: SMOL MUNKEE|Protect|p2a: SMOL MUNKEE\n|-singleturn|p2a: SMOL MUNKEE|Protect\n|move|p1a: Salazzle|Flamethrower|p2b: MONK?\n|-supereffective|p2b: MONK?\n|-damage|p2b: MONK?|0 fnt\n|faint|p2b: MONK?\n|move|p1b: Qwilava|Fire Spin|p2a: SMOL MUNKEE\n|-activate|p2a: SMOL MUNKEE|move: Protect\n|\n|upkeep\n|\n|t:|1697859158\n|switch|p2b: MONKEE|Ambipom, F, shiny|100\/100\n|turn|3\n|\n|t:|1697859167\n|move|p2a: SMOL MUNKEE|Fling|p1a: Salazzle\n|-damage|p1a: Salazzle|88\/100\n|-enditem|p2a: SMOL MUNKEE|King's Rock|[from] move: Fling\n|cant|p1a: Salazzle|flinch\n|move|p2b: MONKEE|Fling|p1b: Qwilava\n|-damage|p1b: Qwilava|91\/100\n|-enditem|p2b: MONKEE|Razor Fang|[from] move: Fling\n|cant|p1b: Qwilava|flinch\n|\n|-item|p2a: SMOL MUNKEE|Razor Fang|[from] ability: Pickup\n|-item|p2b: MONKEE|King's Rock|[from] ability: Pickup\n|upkeep\n|turn|4\n|\n|t:|1697859188\n|move|p2a: SMOL MUNKEE|Fling|p1a: Salazzle\n|-damage|p1a: Salazzle|75\/100\n|-enditem|p2a: SMOL MUNKEE|Razor Fang|[from] move: Fling\n|cant|p1a: Salazzle|flinch\n|move|p2b: MONKEE|Fling|p1b: Qwilava\n|-damage|p1b: Qwilava|80\/100\n|-enditem|p2b: MONKEE|King's Rock|[from] move: Fling\n|cant|p1b: Qwilava|flinch\n|\n|-item|p2a: SMOL MUNKEE|King's Rock|[from] ability: Pickup\n|-item|p2b: MONKEE|Razor Fang|[from] ability: Pickup\n|upkeep\n|turn|5\n|\n|t:|1697859207\n|move|p1b: Qwilava|Protect|p1b: Qwilava\n|-singleturn|p1b: Qwilava|Protect\n|move|p2a: SMOL MUNKEE|Fling|p1a: Salazzle\n|-damage|p1a: Salazzle|61\/100\n|-enditem|p2a: SMOL MUNKEE|King's Rock|[from] move: Fling\n|cant|p1a: Salazzle|flinch\n|move|p2b: MONKEE|Fling|p1b: Qwilava\n|-activate|p1b: Qwilava|move: Protect\n|-enditem|p2b: MONKEE|Razor Fang|[from] move: Fling\n|\n|-item|p2a: SMOL MUNKEE|Razor Fang|[from] ability: Pickup\n|-item|p2b: MONKEE|King's Rock|[from] ability: Pickup\n|upkeep\n|turn|6\n|c|\u2606Rocket Exec. Raiza|Ooo that\u2019s dirty lol\n|inactive|Rocket Exec. Raiza has 120 seconds left.\n|c|\u2606CoyoteMaxi|LOL\n|\n|t:|1697859244\n|switch|p1a: Skeledirge|Skeledirge, F|100\/100\n|-terastallize|p1b: Qwilava|Ghost\n|move|p2a: SMOL MUNKEE|Fling|p1a: Skeledirge\n|-supereffective|p1a: Skeledirge\n|-damage|p1a: Skeledirge|89\/100\n|-enditem|p2a: SMOL MUNKEE|Razor Fang|[from] move: Fling\n|move|p2b: MONKEE|Fling|p1b: Qwilava\n|-supereffective|p1b: Qwilava\n|-damage|p1b: Qwilava|62\/100\n|-enditem|p2b: MONKEE|King's Rock|[from] move: Fling\n|cant|p1b: Qwilava|flinch\n|\n|-heal|p1a: Skeledirge|95\/100|[from] item: Leftovers\n|-item|p2a: SMOL MUNKEE|King's Rock|[from] ability: Pickup\n|-item|p2b: MONKEE|Razor Fang|[from] ability: Pickup\n|upkeep\n|turn|7\n|inactive|Rocket Exec. Raiza has 120 seconds left.\n|\n|t:|1697859266\n|switch|p1a: Cinderace|Cinderace, F|100\/100\n|move|p1b: Qwilava|Protect|p1b: Qwilava\n|-singleturn|p1b: Qwilava|Protect\n|move|p2a: SMOL MUNKEE|Fling|p1b: Qwilava\n|-activate|p1b: Qwilava|move: Protect\n|-enditem|p2a: SMOL MUNKEE|King's Rock|[from] move: Fling\n|move|p2b: MONKEE|Fling|p1a: Cinderace\n|-damage|p1a: Cinderace|89\/100\n|-enditem|p2b: MONKEE|Razor Fang|[from] move: Fling\n|\n|-item|p2a: SMOL MUNKEE|Razor Fang|[from] ability: Pickup\n|-item|p2b: MONKEE|King's Rock|[from] ability: Pickup\n|upkeep\n|turn|8\n|\n|t:|1697859277\n|switch|p1a: Meowscarada|Meowscarada, F|100\/100\n|switch|p1b: Charizard|Charizard, M|100\/100\n|move|p2a: SMOL MUNKEE|Fling|p1a: Meowscarada\n|-resisted|p1a: Meowscarada\n|-damage|p1a: Meowscarada|95\/100\n|-enditem|p2a: SMOL MUNKEE|Razor Fang|[from] move: Fling\n|move|p2b: MONKEE|Fling|p1b: Charizard\n|-damage|p1b: Charizard|88\/100\n|-enditem|p2b: MONKEE|King's Rock|[from] move: Fling\n|\n|-item|p2a: SMOL MUNKEE|King's Rock|[from] ability: Pickup\n|-item|p2b: MONKEE|Razor Fang|[from] ability: Pickup\n|upkeep\n|turn|9\n|inactive|Rocket Exec. Raiza has 120 seconds left.\n|\n|t:|1697859307\n|move|p2a: SMOL MUNKEE|Fling|p1a: Meowscarada\n|-resisted|p1a: Meowscarada\n|-damage|p1a: Meowscarada|89\/100\n|-enditem|p2a: SMOL MUNKEE|King's Rock|[from] move: Fling\n|move|p2b: MONKEE|Fling|p1b: Charizard\n|-damage|p1b: Charizard|76\/100\n|-enditem|p2b: MONKEE|Razor Fang|[from] move: Fling\n|cant|p1a: Meowscarada|flinch\n|cant|p1b: Charizard|flinch\n|\n|-item|p2a: SMOL MUNKEE|Razor Fang|[from] ability: Pickup\n|-item|p2b: MONKEE|King's Rock|[from] ability: Pickup\n|upkeep\n|turn|10\n|\n|t:|1697859316\n|switch|p1a: Salazzle|Salazzle, F|61\/100\n|switch|p1b: Skeledirge|Skeledirge, F|95\/100\n|move|p2a: SMOL MUNKEE|Fling|p1a: Salazzle\n|-damage|p1a: Salazzle|49\/100\n|-enditem|p2a: SMOL MUNKEE|Razor Fang|[from] move: Fling\n|move|p2b: MONKEE|Fling|p1b: Skeledirge\n|-supereffective|p1b: Skeledirge\n|-damage|p1b: Skeledirge|80\/100\n|-enditem|p2b: MONKEE|King's Rock|[from] move: Fling\n|\n|-heal|p1b: Skeledirge|86\/100|[from] item: Leftovers\n|-item|p2a: SMOL MUNKEE|King's Rock|[from] ability: Pickup\n|-item|p2b: MONKEE|Razor Fang|[from] ability: Pickup\n|upkeep\n|turn|11\n|\n|t:|1697859332\n|move|p2a: SMOL MUNKEE|Fling|p1a: Salazzle\n|-damage|p1a: Salazzle|35\/100\n|-enditem|p2a: SMOL MUNKEE|King's Rock|[from] move: Fling\n|cant|p1a: Salazzle|flinch\n|move|p2b: MONKEE|Fling|p1b: Skeledirge\n|-supereffective|p1b: Skeledirge\n|-damage|p1b: Skeledirge|72\/100\n|-enditem|p2b: MONKEE|Razor Fang|[from] move: Fling\n|cant|p1b: Skeledirge|flinch\n|\n|-heal|p1b: Skeledirge|78\/100|[from] item: Leftovers\n|-item|p2a: SMOL MUNKEE|Razor Fang|[from] ability: Pickup\n|-item|p2b: MONKEE|King's Rock|[from] ability: Pickup\n|upkeep\n|turn|12\n|\n|t:|1697859357\n|switch|p1a: Cinderace|Cinderace, F|89\/100\n|switch|p1b: Charizard|Charizard, M|76\/100\n|move|p2a: SMOL MUNKEE|Fling|p1a: Cinderace\n|-damage|p1a: Cinderace|79\/100\n|-enditem|p2a: SMOL MUNKEE|Razor Fang|[from] move: Fling\n|move|p2b: MONKEE|Fling|p1b: Charizard\n|-damage|p1b: Charizard|64\/100\n|-enditem|p2b: MONKEE|King's Rock|[from] move: Fling\n|\n|-item|p2a: SMOL MUNKEE|King's Rock|[from] ability: Pickup\n|-item|p2b: MONKEE|Razor Fang|[from] ability: Pickup\n|upkeep\n|turn|13\n|\n|t:|1697859373\n|switch|p1a: Qwilava|Quilava, F, tera:Ghost|62\/100\n|switch|p1b: Meowscarada|Meowscarada, F|89\/100\n|move|p2a: SMOL MUNKEE|Fling|p1a: Qwilava\n|-supereffective|p1a: Qwilava\n|-damage|p1a: Qwilava|45\/100\n|-enditem|p2a: SMOL MUNKEE|King's Rock|[from] move: Fling\n|move|p2b: MONKEE|Fling|p1b: Meowscarada\n|-resisted|p1b: Meowscarada\n|-damage|p1b: Meowscarada|82\/100\n|-enditem|p2b: MONKEE|Razor Fang|[from] move: Fling\n|\n|-item|p2a: SMOL MUNKEE|Razor Fang|[from] ability: Pickup\n|-item|p2b: MONKEE|King's Rock|[from] ability: Pickup\n|upkeep\n|turn|14\n|\n|t:|1697859378\n|switch|p1b: Cinderace|Cinderace, F|79\/100\n|switch|p1a: Skeledirge|Skeledirge, F|78\/100\n|move|p2a: SMOL MUNKEE|Fling|p1a: Skeledirge\n|-supereffective|p1a: Skeledirge\n|-damage|p1a: Skeledirge|67\/100\n|-enditem|p2a: SMOL MUNKEE|Razor Fang|[from] move: Fling\n|move|p2b: MONKEE|Fling|p1b: Cinderace\n|-damage|p1b: Cinderace|66\/100\n|-enditem|p2b: MONKEE|King's Rock|[from] move: Fling\n|\n|-heal|p1a: Skeledirge|73\/100|[from] item: Leftovers\n|-item|p2a: SMOL MUNKEE|King's Rock|[from] ability: Pickup\n|-item|p2b: MONKEE|Razor Fang|[from] ability: Pickup\n|upkeep\n|turn|15\n|\n|t:|1697859390\n|switch|p1b: Salazzle|Salazzle, F|35\/100\n|move|p1a: Skeledirge|Protect|p1a: Skeledirge\n|-singleturn|p1a: Skeledirge|Protect\n|move|p2a: SMOL MUNKEE|Fling|p1a: Skeledirge\n|-activate|p1a: Skeledirge|move: Protect\n|-enditem|p2a: SMOL MUNKEE|King's Rock|[from] move: Fling\n|move|p2b: MONKEE|Fling|p1b: Salazzle\n|-damage|p1b: Salazzle|18\/100\n|-enditem|p2b: MONKEE|Razor Fang|[from] move: Fling\n|\n|-heal|p1a: Skeledirge|79\/100|[from] item: Leftovers\n|-item|p2a: SMOL MUNKEE|Razor Fang|[from] ability: Pickup\n|-item|p2b: MONKEE|King's Rock|[from] ability: Pickup\n|upkeep\n|turn|16\n|\n|t:|1697859410\n|move|p1a: Skeledirge|Protect||[still]\n|-fail|p1a: Skeledirge\n|move|p2a: SMOL MUNKEE|Fling|p1a: Skeledirge\n|-supereffective|p1a: Skeledirge\n|-damage|p1a: Skeledirge|68\/100\n|-enditem|p2a: SMOL MUNKEE|Razor Fang|[from] move: Fling\n|move|p1b: Salazzle|Endeavor|p2b: MONKEE\n|-damage|p2b: MONKEE|17\/100\n|move|p2b: MONKEE|Fling|p1b: Salazzle\n|-damage|p1b: Salazzle|1\/100\n|-enditem|p2b: MONKEE|King's Rock|[from] move: Fling\n|\n|-heal|p1a: Skeledirge|74\/100|[from] item: Leftovers\n|-item|p2a: SMOL MUNKEE|King's Rock|[from] ability: Pickup\n|-item|p2b: MONKEE|Razor Fang|[from] ability: Pickup\n|upkeep\n|turn|17\n|\n|t:|1697859425\n|switch|p1b: Meowscarada|Meowscarada, F|82\/100\n|move|p1a: Skeledirge|Protect|p1a: Skeledirge\n|-singleturn|p1a: Skeledirge|Protect\n|move|p2a: SMOL MUNKEE|Fling|p1a: Skeledirge\n|-activate|p1a: Skeledirge|move: Protect\n|-enditem|p2a: SMOL MUNKEE|King's Rock|[from] move: Fling\n|move|p2b: MONKEE|Fling|p1b: Meowscarada\n|-resisted|p1b: Meowscarada\n|-damage|p1b: Meowscarada|75\/100\n|-enditem|p2b: MONKEE|Razor Fang|[from] move: Fling\n|\n|-heal|p1a: Skeledirge|80\/100|[from] item: Leftovers\n|-item|p2a: SMOL MUNKEE|Razor Fang|[from] ability: Pickup\n|-item|p2b: MONKEE|King's Rock|[from] ability: Pickup\n|upkeep\n|turn|18\n|\n|t:|1697859454\n|switch|p1b: Charizard|Charizard, M|64\/100\n|switch|p1a: Cinderace|Cinderace, F|66\/100\n|move|p2a: SMOL MUNKEE|Fling|p1a: Cinderace\n|-damage|p1a: Cinderace|57\/100\n|-enditem|p2a: SMOL MUNKEE|Razor Fang|[from] move: Fling\n|move|p2b: MONKEE|Fling|p1b: Charizard\n|-crit|p1b: Charizard\n|-damage|p1b: Charizard|46\/100\n|-enditem|p2b: MONKEE|King's Rock|[from] move: Fling\n|\n|-item|p2a: SMOL MUNKEE|King's Rock|[from] ability: Pickup\n|-item|p2b: MONKEE|Razor Fang|[from] ability: Pickup\n|upkeep\n|turn|19\n|\n|t:|1697859471\n|move|p2a: SMOL MUNKEE|Protect|p2a: SMOL MUNKEE\n|-singleturn|p2a: SMOL MUNKEE|Protect\n|move|p2b: MONKEE|Chilling Water|p1a: Cinderace\n|-supereffective|p1a: Cinderace\n|-damage|p1a: Cinderace|46\/100\n|-unboost|p1a: Cinderace|atk|1\n|move|p1a: Cinderace|High Jump Kick|p2a: SMOL MUNKEE\n|-start|p1a: Cinderace|typechange|Fighting|[from] ability: Libero\n|-activate|p2a: SMOL MUNKEE|move: Protect\n|-damage|p1a: Cinderace|0 fnt|[from] highjumpkick\n|faint|p1a: Cinderace\n|move|p1b: Charizard|Fire Blast|p2b: MONKEE\n|-crit|p2b: MONKEE\n|-damage|p2b: MONKEE|0 fnt\n|faint|p2b: MONKEE\n|\n|upkeep\n|inactive|Rocket Exec. Raiza has 120 seconds left.\n|\n|t:|1697859503\n|switch|p2b: MUNKI|Munkidori, M|100\/100\n|switch|p1a: Skeledirge|Skeledirge, F|80\/100\n|turn|20\n|\n|t:|1697859515\n|switch|p2a: APED|Primeape, M|100\/100\n|move|p2b: MUNKI|Fake Out|p1b: Charizard\n|-damage|p1b: Charizard|35\/100\n|-status|p1b: Charizard|tox|[from] ability: Toxic Chain|[of] p2b: MUNKI\n|cant|p1b: Charizard|flinch\n|move|p1a: Skeledirge|Torch Song|p2a: APED\n|-damage|p2a: APED|43\/100\n|-boost|p1a: Skeledirge|spa|1\n|\n|-heal|p2a: APED|49\/100|[from] item: Leftovers\n|-heal|p1a: Skeledirge|86\/100|[from] item: Leftovers\n|-damage|p1b: Charizard|28\/100 tox|[from] psn\n|upkeep\n|turn|21\n|inactive|Rocket Exec. Raiza has 120 seconds left.\n|\n|t:|1697859560\n|switch|p2b: SMOL MUNKEE|Aipom, M, shiny|100\/100\n|move|p2a: APED|Earthquake|p1b: Charizard|[spread] p2b,p1a\n|-immune|p1b: Charizard\n|-supereffective|p1a: Skeledirge\n|-damage|p2b: SMOL MUNKEE|54\/100\n|-damage|p1a: Skeledirge|48\/100\n|move|p1b: Charizard|Fire Blast|p2a: APED\n|-damage|p2a: APED|0 fnt\n|faint|p2a: APED\n|move|p1a: Skeledirge|Torch Song|p2b: SMOL MUNKEE\n|-damage|p2b: SMOL MUNKEE|0 fnt\n|-boost|p1a: Skeledirge|spa|1\n|faint|p2b: SMOL MUNKEE\n|\n|-heal|p1a: Skeledirge|54\/100|[from] item: Leftovers\n|-damage|p1b: Charizard|16\/100 tox|[from] psn\n|upkeep\n|\n|t:|1697859568\n|switch|p2a: MUNKI|Munkidori, M|100\/100\n|switch|p2b: HARAMBE|Rillaboom, F|100\/100\n|-fieldstart|move: Grassy Terrain|[from] ability: Grassy Surge|[of] p2b: HARAMBE\n|-enditem|p2b: HARAMBE|Grassy Seed\n|-boost|p2b: HARAMBE|def|1|[from] item: Grassy Seed\n|turn|22\n|inactive|Rocket Exec. Raiza has 120 seconds left.\n|inactive|CoyoteMaxi has 120 seconds left.\n|\n|t:|1697859599\n|move|p2a: MUNKI|Parting Shot|p1a: Skeledirge\n|-unboost|p1a: Skeledirge|atk|1\n|-unboost|p1a: Skeledirge|spa|1\n|move|p1b: Charizard|Fire Blast|p2b: HARAMBE\n|-supereffective|p2b: HARAMBE\n|-damage|p2b: HARAMBE|0 fnt\n|faint|p2b: HARAMBE\n|move|p1a: Skeledirge|Torch Song|p2a: MUNKI\n|-damage|p2a: MUNKI|39\/100\n|-boost|p1a: Skeledirge|spa|1\n|\n|-heal|p2a: MUNKI|45\/100|[from] Grassy Terrain\n|-heal|p1a: Skeledirge|60\/100|[from] Grassy Terrain\n|-heal|p1a: Skeledirge|66\/100|[from] item: Leftovers\n|-damage|p1b: Charizard|0 fnt|[from] psn\n|faint|p1b: Charizard\n|upkeep\n|inactive|Rocket Exec. Raiza has 120 seconds left.\n|-message|CoyoteMaxi forfeited.\n|\n|win|Rocket Exec. Raiza\n|raw|Rocket Exec. Raiza's rating: 1119 &rarr; <strong>1136<\/strong><br \/>(+17 for winning)\n|raw|CoyoteMaxi's rating: 1000 &rarr; <strong>1000<\/strong><br \/>(+0 for losing)\n|l|\u2606CoyoteMaxi\n|c|\u2606Rocket Exec. Raiza|Gg\n","uploadtime":1697859629,"views":15,"p1id":"rocketexecraiza","p2id":"coyotemaxi","formatid":"gen9doublesou","rating":1000,"private":0,"password":""}