{"id":"gen9doublesou-1976765430","p1":"dsmooth_supprise","p2":"Leblades123","format":"[Gen 9] Doubles OU","log":"|j|\u2606dsmooth_supprise\n|j|\u2606Leblades123\n|t:|1698339595\n|gametype|doubles\n|player|p1|dsmooth_supprise|colress|1163\n|player|p2|Leblades123|hiker-gen4|1188\n|teamsize|p1|6\n|teamsize|p2|6\n|gen|9\n|tier|[Gen 9] Doubles OU\n|rated|\n|rule|Species Clause: Limit one of each Pok\u00e9mon\n|rule|OHKO Clause: OHKO moves are banned\n|rule|Evasion Moves Clause: Evasion moves are banned\n|rule|Gravity Sleep Clause: The combination of sleep-inducing moves with imperfect accuracy and Gravity or Gigantamax Orbeetle are banned\n|rule|Endless Battle Clause: Forcing endless battles is banned\n|rule|HP Percentage Mod: HP is shown in percentages\n|clearpoke\n|poke|p1|Maushold|\n|poke|p1|Bruxish, F|\n|poke|p1|Cresselia, F|\n|poke|p1|Torkoal, M|\n|poke|p1|Ting-Lu|\n|poke|p1|Flutter Mane|\n|poke|p2|Empoleon, F|\n|poke|p2|Sinistcha|\n|poke|p2|Magcargo, M|\n|poke|p2|Dragonite, F|\n|poke|p2|Weezing-Galar, M|\n|poke|p2|Kleavor, F|\n|teampreview\n|\n|t:|1698339617\n|start\n|switch|p1a: Weihnachtsfisch|Bruxish, F, shiny|100\/100\n|switch|p1b: Maushold|Maushold|100\/100\n|switch|p2a: Empoleon|Empoleon, F|100\/100\n|switch|p2b: Weezing|Weezing-Galar, M|100\/100\n|-fieldstart|move: Misty Terrain|[from] ability: Misty Surge|[of] p2b: Weezing\n|turn|1\n|inactive|Battle timer is ON: inactive players will automatically lose when time's up. (requested by Leblades123)\n|\n|t:|1698339669\n|move|p1a: Weihnachtsfisch|Protect|p1a: Weihnachtsfisch\n|-singleturn|p1a: Weihnachtsfisch|Protect\n|move|p1b: Maushold|Taunt|p2b: Weezing\n|-start|p2b: Weezing|move: Taunt\n|move|p2a: Empoleon|Hydro Pump|p1b: Maushold|[miss]\n|-miss|p2a: Empoleon|p1b: Maushold\n|move|p2b: Weezing|Strange Steam|p1b: Maushold\n|-damage|p1b: Maushold|59\/100\n|\n|upkeep\n|turn|2\n|inactive|dsmooth_supprise has 120 seconds left.\n|\n|t:|1698339700\n|switch|p1b: Ting-Lu|Ting-Lu|100\/100\n|-ability|p1b: Ting-Lu|Vessel of Ruin\n|move|p2a: Empoleon|Vacuum Wave||[still]\n|cant|p1a: Weihnachtsfisch|ability: Dazzling|Vacuum Wave|[of] p2a: Empoleon\n|move|p2b: Weezing|Strange Steam|p1b: Ting-Lu\n|-supereffective|p1b: Ting-Lu\n|-damage|p1b: Ting-Lu|76\/100\n|move|p1a: Weihnachtsfisch|Trick Room|p1a: Weihnachtsfisch\n|-fieldstart|move: Trick Room|[of] p1a: Weihnachtsfisch\n|\n|upkeep\n|turn|3\n|inactive|dsmooth_supprise has 120 seconds left.\n|inactive|Leblades123 has 120 seconds left.\n|inactive|Leblades123 has 90 seconds left.\n|\n|t:|1698339778\n|switch|p1a: Cresselia|Cresselia, F|100\/100\n|move|p1b: Ting-Lu|Protect|p1b: Ting-Lu\n|-singleturn|p1b: Ting-Lu|Protect\n|move|p2b: Weezing|Strange Steam|p1b: Ting-Lu\n|-activate|p1b: Ting-Lu|move: Protect\n|move|p2a: Empoleon|Blizzard|p1b: Ting-Lu|[spread] p1a\n|-activate|p1b: Ting-Lu|move: Protect\n|-damage|p1a: Cresselia|89\/100\n|\n|-end|p2b: Weezing|move: Taunt\n|upkeep\n|turn|4\n|inactive|dsmooth_supprise has 120 seconds left.\n|inactive|Leblades123 has 90 seconds left.\n|\n|t:|1698339801\n|move|p1a: Cresselia|Helping Hand|p1b: Ting-Lu\n|-singleturn|p1b: Ting-Lu|Helping Hand|[of] p1a: Cresselia\n|move|p1b: Ting-Lu|Stomping Tantrum|p2a: Empoleon\n|-supereffective|p2a: Empoleon\n|-damage|p2a: Empoleon|7\/100\n|move|p2b: Weezing|Strange Steam|p1b: Ting-Lu\n|-supereffective|p1b: Ting-Lu\n|-damage|p1b: Ting-Lu|52\/100\n|move|p2a: Empoleon|Flash Cannon|p1a: Cresselia\n|-damage|p1a: Cresselia|72\/100\n|\n|upkeep\n|turn|5\n|inactive|dsmooth_supprise has 120 seconds left.\n|inactive|Leblades123 has 90 seconds left.\n|\n|t:|1698339828\n|switch|p2a: Louise|Dragonite, F|100\/100\n|move|p1b: Ting-Lu|Stomping Tantrum|p2a: Louise\n|-immune|p2a: Louise\n|move|p2b: Weezing|Strange Steam|p1b: Ting-Lu\n|-supereffective|p1b: Ting-Lu\n|-damage|p1b: Ting-Lu|30\/100\n|move|p1a: Cresselia|Lunar Blessing|p1a: Cresselia|[spread] p1a,p1b\n|-heal|p1a: Cresselia|97\/100\n|-heal|p1b: Ting-Lu|55\/100\n|\n|-fieldend|Misty Terrain\n|upkeep\n|turn|6\n|inactive|dsmooth_supprise has 120 seconds left.\n|\n|t:|1698339847\n|move|p1b: Ting-Lu|Protect|p1b: Ting-Lu\n|-singleturn|p1b: Ting-Lu|Protect\n|move|p2b: Weezing|Strange Steam|p1b: Ting-Lu\n|-activate|p1b: Ting-Lu|move: Protect\n|move|p1a: Cresselia|Moonblast|p2a: Louise\n|-supereffective|p2a: Louise\n|-damage|p2a: Louise|88\/100\n|-unboost|p2a: Louise|spa|1\n|move|p2a: Louise|Dragon Dance|p2a: Louise\n|-boost|p2a: Louise|atk|1\n|-boost|p2a: Louise|spe|1\n|\n|-fieldend|move: Trick Room\n|upkeep\n|turn|7\n|inactive|Leblades123 has 120 seconds left.\n|inactive|dsmooth_supprise has 120 seconds left.\n|\n|t:|1698339880\n|switch|p1a: belongs in ubers|Flutter Mane|100\/100\n|-enditem|p1a: belongs in ubers|Booster Energy\n|-activate|p1a: belongs in ubers|ability: Protosynthesis|[fromitem]\n|-start|p1a: belongs in ubers|protosynthesisspa\n|switch|p2b: Sinistcha|Sinistcha|100\/100\n|-heal|p2a: Louise|100\/100|[from] ability: Hospitality|[of] p2b: Sinistcha\n|switch|p1b: Weihnachtsfisch|Bruxish, F, shiny|100\/100\n|move|p2a: Louise|Dragon Dance|p2a: Louise\n|-boost|p2a: Louise|atk|1\n|-boost|p2a: Louise|spe|1\n|\n|upkeep\n|turn|8\n|inactive|dsmooth_supprise has 120 seconds left.\n|inactive|Leblades123 has 120 seconds left.\n|\n|t:|1698339913\n|-terastallize|p2a: Louise|Normal\n|move|p1b: Weihnachtsfisch|Protect|p1b: Weihnachtsfisch\n|-singleturn|p1b: Weihnachtsfisch|Protect\n|move|p2a: Louise|Scale Shot|p1b: Weihnachtsfisch\n|-activate|p1b: Weihnachtsfisch|move: Protect\n|move|p1a: belongs in ubers|Dazzling Gleam|p2b: Sinistcha|[spread] p2a,p2b\n|-damage|p2a: Louise|78\/100\n|-damage|p2b: Sinistcha|56\/100\n|move|p2b: Sinistcha|Matcha Gotcha|p1a: belongs in ubers|[spread] p1a\n|-activate|p1b: Weihnachtsfisch|move: Protect\n|-damage|p1a: belongs in ubers|74\/100\n|-heal|p2b: Sinistcha|66\/100|[from] drain|[of] p1a: belongs in ubers\n|\n|upkeep\n|turn|9\n|inactive|dsmooth_supprise has 120 seconds left.\n|inactive|Leblades123 has 120 seconds left.\n|\n|t:|1698339943\n|move|p2a: Louise|Extreme Speed||[still]\n|cant|p1b: Weihnachtsfisch|ability: Dazzling|Extreme Speed|[of] p2a: Louise\n|move|p1b: Weihnachtsfisch|Aqua Jet|p2a: Louise\n|-damage|p2a: Louise|63\/100\n|move|p1a: belongs in ubers|Shadow Ball|p2b: Sinistcha\n|-supereffective|p2b: Sinistcha\n|-damage|p2b: Sinistcha|0 fnt\n|faint|p2b: Sinistcha\n|\n|upkeep\n|inactive|Leblades123 has 120 seconds left.\n|\n|t:|1698339956\n|switch|p2b: Empoleon|Empoleon, F|7\/100\n|turn|10\n|\n|t:|1698339967\n|move|p1a: belongs in ubers|Protect|p1a: belongs in ubers\n|-singleturn|p1a: belongs in ubers|Protect\n|move|p1b: Weihnachtsfisch|Aqua Jet|p2b: Empoleon\n|-resisted|p2b: Empoleon\n|-damage|p2b: Empoleon|0 fnt\n|faint|p2b: Empoleon\n|move|p2a: Louise|Scale Shot|p1b: Weihnachtsfisch\n|-damage|p1b: Weihnachtsfisch|61\/100\n|-damage|p1b: Weihnachtsfisch|22\/100\n|-damage|p1b: Weihnachtsfisch|0 fnt\n|faint|p1b: Weihnachtsfisch\n|-hitcount|p1: Weihnachtsfisch|3\n|-unboost|p2a: Louise|def|1\n|-boost|p2a: Louise|spe|1\n|\n|upkeep\n|\n|t:|1698339987\n|switch|p1b: Cresselia|Cresselia, F|97\/100\n|switch|p2b: Weezing|Weezing-Galar, M|100\/100\n|-fieldstart|move: Misty Terrain|[from] ability: Misty Surge|[of] p2b: Weezing\n|turn|11\n|\n|t:|1698340018\n|-end|p1a: belongs in ubers|Protosynthesis|[silent]\n|switch|p1a: Torkoal|Torkoal, M|100\/100\n|-weather|SunnyDay|[from] ability: Drought|[of] p1a: Torkoal\n|-terastallize|p1b: Cresselia|Poison\n|move|p2a: Louise|Scale Shot|p1b: Cresselia\n|-damage|p1b: Cresselia|77\/100\n|-damage|p1b: Cresselia|59\/100\n|-damage|p1b: Cresselia|41\/100\n|-damage|p1b: Cresselia|24\/100\n|-hitcount|p1b: Cresselia|4\n|-unboost|p2a: Louise|def|1\n|-boost|p2a: Louise|spe|1\n|move|p2b: Weezing|Clear Smog|p1a: Torkoal\n|-damage|p1a: Torkoal|82\/100\n|-clearboost|p1a: Torkoal\n|move|p1b: Cresselia|Trick Room|p1b: Cresselia\n|-fieldstart|move: Trick Room|[of] p1b: Cresselia\n|\n|-weather|SunnyDay|[upkeep]\n|upkeep\n|turn|12\n|\n|t:|1698340047\n|switch|p2b: Magcargo|Magcargo, M|100\/100\n|move|p2a: Louise|Extreme Speed|p1b: Cresselia\n|-damage|p1b: Cresselia|0 fnt\n|faint|p1b: Cresselia\n|move|p1a: Torkoal|Eruption|p2b: Magcargo|[spread] p2a,p2b\n|-resisted|p2b: Magcargo\n|-damage|p2a: Louise|8\/100\n|-damage|p2b: Magcargo|85\/100\n|\n|-weather|SunnyDay|[upkeep]\n|upkeep\n|inactive|dsmooth_supprise has 120 seconds left.\n|\n|t:|1698340061\n|switch|p1b: belongs in ubers|Flutter Mane|74\/100\n|-activate|p1b: belongs in ubers|ability: Protosynthesis\n|-start|p1b: belongs in ubers|protosynthesisspa\n|turn|13\n|\n|t:|1698340086\n|move|p1b: belongs in ubers|Protect|p1b: belongs in ubers\n|-singleturn|p1b: belongs in ubers|Protect\n|move|p2a: Louise|Extreme Speed|p1a: Torkoal\n|-damage|p1a: Torkoal|18\/100\n|move|p1a: Torkoal|Heat Wave|p2a: Louise|[spread] p2a,p2b\n|-resisted|p2b: Magcargo\n|-damage|p2a: Louise|0 fnt\n|-damage|p2b: Magcargo|73\/100\n|faint|p2a: Louise\n|move|p2b: Magcargo|Shell Smash|p2b: Magcargo\n|-unboost|p2b: Magcargo|def|1\n|-unboost|p2b: Magcargo|spd|1\n|-boost|p2b: Magcargo|atk|2\n|-boost|p2b: Magcargo|spa|2\n|-boost|p2b: Magcargo|spe|2\n|\n|-weather|SunnyDay|[upkeep]\n|upkeep\n|\n|t:|1698340100\n|switch|p2a: Weezing|Weezing-Galar, M|100\/100\n|turn|14\n|\n|t:|1698340126\n|move|p1a: Torkoal|Protect|p1a: Torkoal\n|-singleturn|p1a: Torkoal|Protect\n|move|p2a: Weezing|Clear Smog|p1b: belongs in ubers\n|-damage|p1b: belongs in ubers|58\/100\n|-clearboost|p1b: belongs in ubers\n|move|p2b: Magcargo|Earth Power|p1a: Torkoal\n|-activate|p1a: Torkoal|move: Protect\n|move|p1b: belongs in ubers|Dazzling Gleam|p2b: Magcargo|[spread] p2a,p2b\n|-resisted|p2a: Weezing\n|-resisted|p2b: Magcargo\n|-damage|p2a: Weezing|76\/100\n|-damage|p2b: Magcargo|40\/100\n|\n|-weather|SunnyDay|[upkeep]\n|-heal|p2a: Weezing|82\/100|[from] item: Leftovers\n|upkeep\n|turn|15\n|\n|t:|1698340148\n|move|p1b: belongs in ubers|Protect|p1b: belongs in ubers\n|-singleturn|p1b: belongs in ubers|Protect\n|move|p1a: Torkoal|Eruption|p2a: Weezing|[spread] p2a,p2b\n|-resisted|p2b: Magcargo\n|-damage|p2a: Weezing|69\/100\n|-damage|p2b: Magcargo|35\/100\n|move|p2a: Weezing|Clear Smog|p1b: belongs in ubers\n|-activate|p1b: belongs in ubers|move: Protect\n|move|p2b: Magcargo|Earth Power|p1a: Torkoal\n|-supereffective|p1a: Torkoal\n|-damage|p1a: Torkoal|0 fnt\n|faint|p1a: Torkoal\n|\n|-weather|none\n|-end|p1b: belongs in ubers|Protosynthesis\n|-heal|p2a: Weezing|75\/100|[from] item: Leftovers\n|-fieldend|move: Trick Room\n|-fieldend|Misty Terrain\n|upkeep\n|inactive|dsmooth_supprise has 120 seconds left.\n|\n|t:|1698340169\n|switch|p1a: Maushold|Maushold|59\/100\n|turn|16\n|inactive|dsmooth_supprise has 120 seconds left.\n|\n|t:|1698340193\n|move|p1b: belongs in ubers|Dazzling Gleam|p2b: Magcargo|[spread] p2a,p2b\n|-resisted|p2a: Weezing\n|-resisted|p2b: Magcargo\n|-damage|p2a: Weezing|58\/100\n|-damage|p2b: Magcargo|9\/100\n|move|p1a: Maushold|Population Bomb|p2b: Magcargo\n|-resisted|p2b: Magcargo\n|-damage|p2b: Magcargo|0 fnt\n|faint|p2b: Magcargo\n|-hitcount|p2: Magcargo|1\n|move|p2a: Weezing|Clear Smog|p1b: belongs in ubers\n|-damage|p1b: belongs in ubers|42\/100\n|-clearboost|p1b: belongs in ubers\n|\n|-heal|p2a: Weezing|64\/100|[from] item: Leftovers\n|upkeep\n|\n|t:|1698340201\n|switch|p2b: Kleavor|Kleavor, F|100\/100\n|turn|17\n|inactive|dsmooth_supprise has 120 seconds left.\n|\n|t:|1698340246\n|move|p1b: belongs in ubers|Dazzling Gleam|p2a: Weezing|[spread] p2a,p2b\n|-resisted|p2a: Weezing\n|-damage|p2a: Weezing|47\/100\n|-damage|p2b: Kleavor|52\/100\n|move|p1a: Maushold|Population Bomb|p2a: Weezing\n|-damage|p2a: Weezing|38\/100\n|-damage|p2a: Weezing|29\/100\n|-damage|p2a: Weezing|20\/100\n|-damage|p2a: Weezing|9\/100\n|-damage|p2a: Weezing|0 fnt\n|faint|p2a: Weezing\n|-hitcount|p2: Weezing|5\n|move|p2b: Kleavor|Stone Axe|p1a: Maushold\n|-damage|p1a: Maushold|0 fnt\n|-sidestart|p1: dsmooth_supprise|move: Stealth Rock\n|faint|p1a: Maushold\n|\n|upkeep\n|\n|t:|1698340263\n|switch|p1a: Ting-Lu|Ting-Lu|55\/100\n|-damage|p1a: Ting-Lu|49\/100|[from] Stealth Rock\n|-ability|p1a: Ting-Lu|Vessel of Ruin\n|turn|18\n|\n|t:|1698340280\n|move|p1b: belongs in ubers|Protect|p1b: belongs in ubers\n|-singleturn|p1b: belongs in ubers|Protect\n|move|p2b: Kleavor|Stone Axe|p1a: Ting-Lu\n|-resisted|p1a: Ting-Lu\n|-damage|p1a: Ting-Lu|23\/100\n|move|p1a: Ting-Lu|Heavy Slam|p2b: Kleavor\n|-supereffective|p2b: Kleavor\n|-damage|p2b: Kleavor|0 fnt\n|faint|p2b: Kleavor\n|\n|win|dsmooth_supprise\n|raw|dsmooth_supprise's rating: 1163 &rarr; <strong>1190<\/strong><br \/>(+27 for winning)\n|raw|Leblades123's rating: 1188 &rarr; <strong>1161<\/strong><br \/>(-27 for losing)\n|c|\u2606dsmooth_supprise|gg\n|l|\u2606dsmooth_supprise\n","uploadtime":1698340346,"views":21,"p1id":"dsmoothsupprise","p2id":"leblades123","formatid":"gen9doublesou","rating":1161,"private":0,"password":""}