{"id":"gen9doublesou-1993288421","p1":"HarryPo\u2019err","p2":"popewerewasham","format":"[Gen 9] Doubles OU","log":"|j|\u2606HarryPo\u2019err\n|j|\u2606popewerewasham\n|t:|1700291001\n|gametype|doubles\n|player|p1|HarryPo\u2019err|169|1047\n|player|p2|popewerewasham|rood|1186\n|teamsize|p1|6\n|teamsize|p2|6\n|gen|9\n|tier|[Gen 9] Doubles OU\n|rated|\n|rule|Species Clause: Limit one of each Pok\u00e9mon\n|rule|OHKO Clause: OHKO moves are banned\n|rule|Evasion Moves Clause: Evasion moves are banned\n|rule|Gravity Sleep Clause: The combination of sleep-inducing moves with imperfect accuracy and Gravity or Gigantamax Orbeetle are banned\n|rule|Endless Battle Clause: Forcing endless battles is banned\n|rule|HP Percentage Mod: HP is shown in percentages\n|clearpoke\n|poke|p1|Basculegion-F, F|\n|poke|p1|Toxapex, F|\n|poke|p1|Farigiraf, F|\n|poke|p1|Arcanine-Hisui, M|\n|poke|p1|Maushold|\n|poke|p1|Flutter Mane|\n|poke|p2|Tsareena, F|\n|poke|p2|Dusclops, M|\n|poke|p2|Inteleon, F|\n|poke|p2|Magcargo, M|\n|poke|p2|Pachirisu, F|\n|poke|p2|Hatterene, F|\n|teampreview\n|\n|t:|1700291007\n|start\n|switch|p1a: Basculegion|Basculegion-F, F, shiny|100\/100\n|switch|p1b: Toxapex|Toxapex, F, shiny|100\/100\n|switch|p2a: Tsareena|Tsareena, F, shiny|100\/100\n|switch|p2b: Dusclops|Dusclops, M, shiny|100\/100\n|-ability|p1a: Basculegion|Mold Breaker\n|-item|p1a: Basculegion|Damp Rock|[from] ability: Frisk|[of] p2b: Dusclops|[identify]\n|-item|p1b: Toxapex|Leftovers|[from] ability: Frisk|[of] p2b: Dusclops|[identify]\n|turn|1\n|\n|t:|1700291031\n|-terastallize|p1a: Basculegion|Water\n|move|p1a: Basculegion|Rain Dance|p1a: Basculegion\n|-weather|RainDance\n|move|p1b: Toxapex|Gunk Shot|p2a: Tsareena\n|-supereffective|p2a: Tsareena\n|-damage|p2a: Tsareena|24\/100\n|move|p2a: Tsareena|Power Whip|p1a: Basculegion\n|-supereffective|p1a: Basculegion\n|-damage|p1a: Basculegion|0 fnt\n|faint|p1a: Basculegion\n|move|p2b: Dusclops|Trick Room|p2b: Dusclops\n|-fieldstart|move: Trick Room|[of] p2b: Dusclops\n|\n|-weather|RainDance|[upkeep]\n|upkeep\n|\n|t:|1700291048\n|switch|p1a: Arcanine|Arcanine-Hisui, M, shiny|100\/100\n|turn|2\n|\n|t:|1700291067\n|move|p2b: Dusclops|Poltergeist|p1b: Toxapex\n|-activate|p1b: Toxapex|move: Poltergeist|Leftovers\n|-damage|p1b: Toxapex|78\/100\n|move|p2a: Tsareena|High Jump Kick|p1a: Arcanine\n|-supereffective|p1a: Arcanine\n|-damage|p1a: Arcanine|5\/100\n|move|p1b: Toxapex|Gunk Shot|p2a: Tsareena|[miss]\n|-miss|p1b: Toxapex|p2a: Tsareena\n|move|p1a: Arcanine|Head Smash|p2b: Dusclops\n|-damage|p2b: Dusclops|71\/100\n|\n|-weather|RainDance|[upkeep]\n|-heal|p1b: Toxapex|84\/100|[from] item: Leftovers\n|upkeep\n|turn|3\n|\n|t:|1700291088\n|switch|p1a: Flutter Mane|Flutter Mane|100\/100\n|-enditem|p1a: Flutter Mane|Booster Energy\n|-activate|p1a: Flutter Mane|ability: Protosynthesis|[fromitem]\n|-start|p1a: Flutter Mane|protosynthesisspa\n|move|p2b: Dusclops|Poltergeist||[still]\n|-fail|p2b: Dusclops\n|move|p2a: Tsareena|Endeavor|p1b: Toxapex\n|-damage|p1b: Toxapex|25\/100\n|move|p1b: Toxapex|Gunk Shot|p2a: Tsareena|[miss]\n|-miss|p1b: Toxapex|p2a: Tsareena\n|\n|-weather|RainDance|[upkeep]\n|-heal|p1b: Toxapex|31\/100|[from] item: Leftovers\n|upkeep\n|turn|4\n|\n|t:|1700291116\n|move|p2b: Dusclops|Protect|p2b: Dusclops\n|-singleturn|p2b: Dusclops|Protect\n|move|p2a: Tsareena|Power Whip|p1a: Flutter Mane\n|-crit|p1a: Flutter Mane\n|-damage|p1a: Flutter Mane|0 fnt\n|faint|p1a: Flutter Mane\n|-end|p1a: Flutter Mane|Protosynthesis|[silent]\n|move|p1b: Toxapex|Recover|p1b: Toxapex\n|-heal|p1b: Toxapex|81\/100\n|\n|-weather|RainDance|[upkeep]\n|-heal|p1b: Toxapex|87\/100|[from] item: Leftovers\n|upkeep\n|\n|t:|1700291130\n|switch|p1a: Farigiraf|Farigiraf, F|100\/100\n|turn|5\n|\n|t:|1700291151\n|move|p1a: Farigiraf|Helping Hand|p1b: Toxapex\n|-singleturn|p1b: Toxapex|Helping Hand|[of] p1a: Farigiraf\n|move|p2b: Dusclops|Poltergeist|p1a: Farigiraf\n|-immune|p1a: Farigiraf\n|move|p2a: Tsareena|Endeavor|p1b: Toxapex\n|-damage|p1b: Toxapex|25\/100\n|move|p1b: Toxapex|Surf|p2a: Tsareena|[spread] p1a,p2a,p2b\n|-resisted|p2a: Tsareena\n|-damage|p1a: Farigiraf|77\/100\n|-damage|p2a: Tsareena|10\/100\n|-damage|p2b: Dusclops|53\/100\n|\n|-weather|RainDance|[upkeep]\n|-heal|p1b: Toxapex|31\/100|[from] item: Leftovers\n|-fieldend|move: Trick Room\n|upkeep\n|turn|6\n|\n|t:|1700291170\n|move|p2a: Tsareena|Protect|p2a: Tsareena\n|-singleturn|p2a: Tsareena|Protect\n|move|p1b: Toxapex|Recover|p1b: Toxapex\n|-heal|p1b: Toxapex|81\/100\n|move|p1a: Farigiraf|Earthquake|p2a: Tsareena|[spread] p1b,p2b\n|-activate|p2a: Tsareena|move: Protect\n|-supereffective|p1b: Toxapex\n|-damage|p1b: Toxapex|52\/100\n|-damage|p2b: Dusclops|42\/100\n|move|p2b: Dusclops|Trick Room|p2b: Dusclops\n|-fieldstart|move: Trick Room|[of] p2b: Dusclops\n|\n|-weather|RainDance|[upkeep]\n|-heal|p1b: Toxapex|58\/100|[from] item: Leftovers\n|upkeep\n|turn|7\n|\n|t:|1700291194\n|move|p1a: Farigiraf|Helping Hand|p1b: Toxapex\n|-singleturn|p1b: Toxapex|Helping Hand|[of] p1a: Farigiraf\n|move|p2b: Dusclops|Protect|p2b: Dusclops\n|-singleturn|p2b: Dusclops|Protect\n|move|p2a: Tsareena|High Jump Kick|p1a: Farigiraf\n|-damage|p1a: Farigiraf|33\/100\n|move|p1b: Toxapex|Gunk Shot|p2b: Dusclops\n|-activate|p2b: Dusclops|move: Protect\n|\n|-weather|RainDance|[upkeep]\n|-heal|p1b: Toxapex|64\/100|[from] item: Leftovers\n|upkeep\n|turn|8\n|\n|t:|1700291224\n|switch|p1a: Maushold|Maushold|100\/100\n|move|p2a: Tsareena|Protect|p2a: Tsareena\n|-singleturn|p2a: Tsareena|Protect\n|move|p2b: Dusclops|Pain Split|p1b: Toxapex\n|-sethp|p1b: Toxapex|51\/100|[from] move: Pain Split|[silent]\n|-sethp|p2b: Dusclops|55\/100|[from] move: Pain Split\n|move|p1b: Toxapex|Gunk Shot|p2a: Tsareena\n|-activate|p2a: Tsareena|move: Protect\n|\n|-weather|none\n|-heal|p1b: Toxapex|58\/100|[from] item: Leftovers\n|upkeep\n|turn|9\n|\n|t:|1700291246\n|move|p2b: Dusclops|Protect|p2b: Dusclops\n|-singleturn|p2b: Dusclops|Protect\n|move|p2a: Tsareena|Endeavor|p1a: Maushold\n|-damage|p1a: Maushold|11\/100\n|move|p1b: Toxapex|Gunk Shot|p2a: Tsareena\n|-supereffective|p2a: Tsareena\n|-damage|p2a: Tsareena|0 fnt\n|faint|p2a: Tsareena\n|move|p1a: Maushold|Bullet Seed|p2b: Dusclops\n|-activate|p2b: Dusclops|move: Protect\n|\n|-heal|p1b: Toxapex|64\/100|[from] item: Leftovers\n|upkeep\n|\n|t:|1700291262\n|switch|p2a: Hatterene|Hatterene, F, shiny|100\/100\n|turn|10\n|\n|t:|1700291280\n|switch|p2b: Magcargo|Magcargo, M, shiny|100\/100\n|switch|p1a: Farigiraf|Farigiraf, F|33\/100\n|move|p2a: Hatterene|Protect|p2a: Hatterene\n|-singleturn|p2a: Hatterene|Protect\n|move|p1b: Toxapex|Gunk Shot|p2a: Hatterene\n|-activate|p2a: Hatterene|move: Protect\n|\n|-heal|p1b: Toxapex|70\/100|[from] item: Leftovers\n|-fieldend|move: Trick Room\n|upkeep\n|turn|11\n|\n|t:|1700291305\n|-terastallize|p2a: Hatterene|Steel\n|move|p1a: Farigiraf|Helping Hand|p1b: Toxapex\n|-singleturn|p1b: Toxapex|Helping Hand|[of] p1a: Farigiraf\n|move|p1b: Toxapex|Gunk Shot|p2a: Hatterene\n|-immune|p2a: Hatterene\n|move|p2b: Magcargo|Acid Armor|p2b: Magcargo\n|-boost|p2b: Magcargo|def|2\n|move|p2a: Hatterene|Trick Room|p2a: Hatterene\n|-fieldstart|move: Trick Room|[of] p2a: Hatterene\n|\n|-heal|p1b: Toxapex|76\/100|[from] item: Leftovers\n|upkeep\n|turn|12\n|\n|t:|1700291340\n|move|p1b: Toxapex|Baneful Bunker|p1b: Toxapex\n|-singleturn|p1b: Toxapex|move: Protect\n|move|p2a: Hatterene|Psychic|p1b: Toxapex\n|-activate|p1b: Toxapex|move: Protect\n|move|p2b: Magcargo|Heat Wave|p1b: Toxapex|[spread] p1a\n|-activate|p1b: Toxapex|move: Protect\n|-damage|p1a: Farigiraf|6\/100\n|move|p1a: Farigiraf|Calm Mind|p1a: Farigiraf\n|-boost|p1a: Farigiraf|spa|1\n|-boost|p1a: Farigiraf|spd|1\n|\n|-heal|p1b: Toxapex|83\/100|[from] item: Leftovers\n|upkeep\n|turn|13\n|l|\u2606HarryPo\u2019err\n|player|p1|\n|inactive|Battle timer is ON: inactive players will automatically lose when time's up. (requested by popewerewasham)\n|inactive|HarryPo\u2019err has 30 seconds to reconnect!\n|inactive|HarryPo\u2019err has 20 seconds to reconnect!\n|inactive|HarryPo\u2019err has 15 seconds to reconnect!\n|inactive|HarryPo\u2019err has 10 seconds to reconnect!\n|inactive|HarryPo\u2019err has 5 seconds to reconnect!\n|-message|HarryPo\u2019err lost due to inactivity.\n|\n|win|popewerewasham\n|raw|HarryPo\u2019err's rating: 1047 &rarr; <strong>1036<\/strong><br \/>(-11 for losing)\n|raw|popewerewasham's rating: 1169 &rarr; <strong>1186<\/strong><br \/>(+17 for winning)\n","uploadtime":1700291508,"views":6,"p1id":"harrypoerr","p2id":"popewerewasham","formatid":"gen9doublesou","rating":1036,"private":0,"password":""}