{"id":"gen9doublesou-1971957156","p1":"Daskhiel02","p2":"embleemeke","format":"[Gen 9] Doubles OU","log":"|j|\u2606Daskhiel02\n|j|\u2606embleemeke\n|t:|1697797610\n|gametype|doubles\n|player|p1|Daskhiel02|266|1234\n|player|p2|embleemeke|169|1406\n|teamsize|p1|6\n|teamsize|p2|6\n|gen|9\n|tier|[Gen 9] Doubles OU\n|rated|\n|rule|Species Clause: Limit one of each Pok\u00e9mon\n|rule|OHKO Clause: OHKO moves are banned\n|rule|Evasion Moves Clause: Evasion moves are banned\n|rule|Gravity Sleep Clause: The combination of sleep-inducing moves with imperfect accuracy and Gravity or Gigantamax Orbeetle are banned\n|rule|Endless Battle Clause: Forcing endless battles is banned\n|rule|HP Percentage Mod: HP is shown in percentages\n|clearpoke\n|poke|p1|Indeedee-F, F|\n|poke|p1|Arcanine, F|\n|poke|p1|Noivern, F|\n|poke|p1|Sinistcha|\n|poke|p1|Sableye, M|\n|poke|p1|Kommo-o, M|\n|poke|p2|Sinistcha-Masterpiece|\n|poke|p2|Indeedee-F, F|\n|poke|p2|Armarouge, M|\n|poke|p2|Torkoal, M|\n|poke|p2|Dachsbun, F|\n|poke|p2|Mew|\n|teampreview\n|inactive|Battle timer is ON: inactive players will automatically lose when time's up. (requested by embleemeke)\n|\n|t:|1697797639\n|start\n|switch|p1a: Indeedee|Indeedee-F, F|100\/100\n|switch|p1b: Sinistcha|Sinistcha|100\/100\n|switch|p2a: Mew|Mew, shiny|100\/100\n|switch|p2b: Sinistcha|Sinistcha-Masterpiece, shiny|100\/100\n|-fieldstart|move: Psychic Terrain|[from] ability: Psychic Surge|[of] p1a: Indeedee\n|turn|1\n|inactive|embleemeke has 120 seconds left.\n|\n|t:|1697797674\n|move|p2a: Mew|Imprison|p2a: Mew\n|-start|p2a: Mew|move: Imprison\n|cant|p1a: Indeedee|move: Imprison|Imprison\n|move|p1b: Sinistcha|Shadow Ball|p2b: Sinistcha\n|-supereffective|p2b: Sinistcha\n|-damage|p2b: Sinistcha|17\/100\n|move|p2b: Sinistcha|Matcha Gotcha|p1b: Sinistcha|[spread] p1a,p1b\n|-crit|p1a: Indeedee\n|-resisted|p1b: Sinistcha\n|-damage|p1a: Indeedee|66\/100\n|-heal|p2b: Sinistcha|34\/100|[from] drain|[of] p1a: Indeedee\n|-damage|p1b: Sinistcha|92\/100\n|-heal|p2b: Sinistcha|39\/100|[from] drain|[of] p1b: Sinistcha\n|-status|p1b: Sinistcha|brn\n|\n|-damage|p1b: Sinistcha|85\/100 brn|[from] brn\n|upkeep\n|turn|2\n|c|\u2606Daskhiel02|You imprisioned the imprision\n|c|\u2606embleemeke|yes\n|\n|t:|1697797702\n|switch|p2b: Indeedee|Indeedee-F, F, shiny|100\/100\n|move|p2a: Mew|Knock Off|p1b: Sinistcha\n|-supereffective|p1b: Sinistcha\n|-damage|p1b: Sinistcha|43\/100 brn\n|-enditem|p1b: Sinistcha|Assault Vest|[from] move: Knock Off|[of] p2a: Mew\n|move|p1a: Indeedee|Psychic|p2b: Indeedee\n|-resisted|p2b: Indeedee\n|-damage|p2b: Indeedee|82\/100\n|move|p1b: Sinistcha|Shadow Ball|p2b: Indeedee\n|-immune|p2b: Indeedee\n|\n|-damage|p1b: Sinistcha|37\/100 brn|[from] brn\n|upkeep\n|turn|3\n|c|\u2606embleemeke|cause you were gonna imprison my imprison\n|c|\u2606Daskhiel02|So you imprisioned my imprision so I couldn't imprision your imprision\n|inactive|Daskhiel02 has 120 seconds left.\n|c|\u2606embleemeke|exactly\n|c|\u2606Daskhiel02|I'm imprisioned, I mean, impressed\n|\n|t:|1697797761\n|switch|p1a: Arcanine|Arcanine, F, shiny|100\/100\n|-ability|p1a: Arcanine|Intimidate|boost\n|-unboost|p2a: Mew|atk|1\n|-unboost|p2b: Indeedee|atk|1\n|move|p2a: Mew|Knock Off|p1b: Sinistcha\n|-supereffective|p1b: Sinistcha\n|-damage|p1b: Sinistcha|18\/100 brn\n|move|p1b: Sinistcha|Shadow Ball|p2a: Mew\n|-supereffective|p2a: Mew\n|-damage|p2a: Mew|44\/100\n|move|p2b: Indeedee|Psychic|p1a: Arcanine\n|-crit|p1a: Arcanine\n|-damage|p1a: Arcanine|28\/100\n|\n|-damage|p1b: Sinistcha|11\/100 brn|[from] brn\n|upkeep\n|turn|4\n|c|\u2606embleemeke|in order to imprison the imprisoner one must think that being imprisoned is not the same as imprisoning the imprisoner\n|inactive|embleemeke has 120 seconds left.\n|c|\u2606Daskhiel02|Imprisionception\n|\n|t:|1697797801\n|switch|p2a: Dachsbun|Dachsbun, F, shiny|100\/100\n|switch|p1b: Sableye|Sableye, M|100\/100\n|move|p1a: Arcanine|Flare Blitz|p2a: Dachsbun\n|-ability|p2a: Dachsbun|Well-Baked Body|boost\n|-boost|p2a: Dachsbun|def|2\n|move|p2b: Indeedee|Psychic|p1b: Sableye\n|-immune|p1b: Sableye\n|\n|upkeep\n|turn|5\n|\n|t:|1697797816\n|move|p1a: Arcanine|Protect|p1a: Arcanine\n|-singleturn|p1a: Arcanine|Protect\n|move|p2a: Dachsbun|Body Press|p1a: Arcanine\n|-activate|p1a: Arcanine|move: Protect\n|move|p2b: Indeedee|Dazzling Gleam|p1b: Sableye|[spread] p1b\n|-activate|p1a: Arcanine|move: Protect\n|-supereffective|p1b: Sableye\n|-damage|p1b: Sableye|70\/100\n|move|p1b: Sableye|Foul Play|p2b: Indeedee\n|-supereffective|p2b: Indeedee\n|-damage|p2b: Indeedee|61\/100\n|\n|-fieldend|move: Psychic Terrain\n|upkeep\n|turn|6\n|\n|t:|1697797839\n|switch|p1a: Noivern|Noivern, F|100\/100\n|-terastallize|p2a: Dachsbun|Steel\n|move|p1b: Sableye|Flatter|p2a: Dachsbun\n|-boost|p2a: Dachsbun|spa|1\n|-enditem|p1a: Noivern|Mirror Herb\n|-boost|p1a: Noivern|spa|1|[from] item: Mirror Herb\n|-start|p2a: Dachsbun|confusion\n|-activate|p2a: Dachsbun|confusion\n|move|p2a: Dachsbun|Body Press|p1a: Noivern\n|-resisted|p1a: Noivern\n|-damage|p1a: Noivern|71\/100\n|move|p2b: Indeedee|Dazzling Gleam|p1b: Sableye|[spread] p1a,p1b\n|-supereffective|p1a: Noivern\n|-supereffective|p1b: Sableye\n|-damage|p1a: Noivern|36\/100\n|-damage|p1b: Sableye|40\/100\n|-enditem|p1b: Sableye|Sitrus Berry|[eat]\n|-heal|p1b: Sableye|65\/100|[from] item: Sitrus Berry\n|\n|upkeep\n|turn|7\n|\n|t:|1697797861\n|-terastallize|p1a: Noivern|Normal\n|move|p1b: Sableye|Taunt|p2b: Indeedee\n|-start|p2b: Indeedee|move: Taunt\n|move|p1a: Noivern|Boomburst|p2a: Dachsbun|[spread] p2a,p2b\n|-immune|p1b: Sableye\n|-resisted|p2a: Dachsbun\n|-damage|p2a: Dachsbun|68\/100\n|-damage|p2b: Indeedee|1\/100\n|-enditem|p2b: Indeedee|Sitrus Berry|[eat]\n|-heal|p2b: Indeedee|26\/100|[from] item: Sitrus Berry\n|-activate|p2a: Dachsbun|confusion\n|move|p2a: Dachsbun|Body Press|p1a: Noivern\n|-supereffective|p1a: Noivern\n|-damage|p1a: Noivern|0 fnt\n|faint|p1a: Noivern\n|move|p2b: Indeedee|Dazzling Gleam|p1b: Sableye\n|-supereffective|p1b: Sableye\n|-damage|p1b: Sableye|25\/100\n|\n|-heal|p2a: Dachsbun|74\/100|[from] item: Leftovers\n|upkeep\n|inactive|Daskhiel02 has 120 seconds left.\n|\n|t:|1697797881\n|switch|p1a: Arcanine|Arcanine, F, shiny|28\/100\n|-ability|p1a: Arcanine|Intimidate|boost\n|-unboost|p2a: Dachsbun|atk|1\n|-unboost|p2b: Indeedee|atk|1\n|turn|8\n|\n|t:|1697797897\n|move|p1a: Arcanine|Close Combat|p2a: Dachsbun\n|-supereffective|p2a: Dachsbun\n|-damage|p2a: Dachsbun|30\/100\n|-unboost|p1a: Arcanine|def|1\n|-unboost|p1a: Arcanine|spd|1\n|-damage|p1a: Arcanine|18\/100|[from] item: Life Orb\n|-end|p2a: Dachsbun|confusion\n|move|p2a: Dachsbun|Body Press|p1b: Sableye\n|-immune|p1b: Sableye\n|move|p2b: Indeedee|Dazzling Gleam|p1b: Sableye|[spread] p1a,p1b\n|-resisted|p1a: Arcanine\n|-supereffective|p1b: Sableye\n|-damage|p1a: Arcanine|5\/100\n|-damage|p1b: Sableye|0 fnt\n|faint|p1b: Sableye\n|\n|-heal|p2a: Dachsbun|36\/100|[from] item: Leftovers\n|upkeep\n|\n|t:|1697797910\n|switch|p1b: Sinistcha|Sinistcha|11\/100 brn\n|-heal|p1a: Arcanine|30\/100|[from] ability: Hospitality|[of] p1b: Sinistcha\n|turn|9\n|\n|t:|1697797919\n|move|p2a: Dachsbun|Protect|p2a: Dachsbun\n|-singleturn|p2a: Dachsbun|Protect\n|move|p1a: Arcanine|Close Combat|p2a: Dachsbun\n|-activate|p2a: Dachsbun|move: Protect\n|move|p1b: Sinistcha|Matcha Gotcha|p2b: Indeedee|[spread] p2b\n|-activate|p2a: Dachsbun|move: Protect\n|-damage|p2b: Indeedee|0 fnt\n|-heal|p1b: Sinistcha|24\/100 brn|[from] drain|[of] p2b: Indeedee\n|faint|p2b: Indeedee\n|\n|-heal|p2a: Dachsbun|42\/100|[from] item: Leftovers\n|-damage|p1b: Sinistcha|18\/100 brn|[from] brn\n|upkeep\n|\n|t:|1697797933\n|switch|p2b: Sinistcha|Sinistcha-Masterpiece, shiny|39\/100\n|-heal|p2a: Dachsbun|67\/100|[from] ability: Hospitality|[of] p2b: Sinistcha\n|turn|10\n|\n|t:|1697797953\n|switch|p1b: Indeedee|Indeedee-F, F|66\/100\n|-fieldstart|move: Psychic Terrain|[from] ability: Psychic Surge|[of] p1b: Indeedee\n|move|p1a: Arcanine|Flare Blitz|p2b: Sinistcha\n|-supereffective|p2b: Sinistcha\n|-damage|p2b: Sinistcha|0 fnt\n|faint|p2b: Sinistcha\n|-damage|p1a: Arcanine|16\/100|[from] Recoil\n|-damage|p1a: Arcanine|6\/100|[from] item: Life Orb\n|move|p2a: Dachsbun|Body Press|p1a: Arcanine\n|-damage|p1a: Arcanine|0 fnt\n|faint|p1a: Arcanine\n|\n|-heal|p2a: Dachsbun|73\/100|[from] item: Leftovers\n|upkeep\n|\n|t:|1697797982\n|switch|p1a: Kommo-o|Kommo-o, M|100\/100\n|switch|p2b: Torkoal|Torkoal, M, shiny|100\/100\n|-weather|SunnyDay|[from] ability: Drought|[of] p2b: Torkoal\n|turn|11\n|\n|t:|1697797991\n|move|p1b: Indeedee|Follow Me|p1b: Indeedee\n|-singleturn|p1b: Indeedee|move: Follow Me\n|move|p1a: Kommo-o|Clangorous Soul|p1a: Kommo-o\n|-boost|p1a: Kommo-o|atk|1\n|-boost|p1a: Kommo-o|def|1\n|-boost|p1a: Kommo-o|spa|1\n|-boost|p1a: Kommo-o|spd|1\n|-boost|p1a: Kommo-o|spe|1\n|-damage|p1a: Kommo-o|68\/100\n|-enditem|p1a: Kommo-o|Throat Spray\n|-boost|p1a: Kommo-o|spa|1|[from] item: Throat Spray\n|move|p2a: Dachsbun|Body Press|p1b: Indeedee\n|-damage|p1b: Indeedee|23\/100\n|-enditem|p1b: Indeedee|Sitrus Berry|[eat]\n|-heal|p1b: Indeedee|48\/100|[from] item: Sitrus Berry\n|move|p2b: Torkoal|Lava Plume|p1b: Indeedee|[spread] p1a,p1b\n|-ability|p2a: Dachsbun|Well-Baked Body|boost\n|-boost|p2a: Dachsbun|def|2\n|-resisted|p1a: Kommo-o\n|-damage|p1a: Kommo-o|50\/100\n|-damage|p1b: Indeedee|3\/100\n|-status|p1b: Indeedee|brn\n|\n|-weather|SunnyDay|[upkeep]\n|-heal|p2a: Dachsbun|79\/100|[from] item: Leftovers\n|-damage|p1b: Indeedee|0 fnt|[from] brn\n|faint|p1b: Indeedee\n|upkeep\n|\n|t:|1697798007\n|switch|p1b: Sinistcha|Sinistcha|18\/100 brn\n|-heal|p1a: Kommo-o|75\/100|[from] ability: Hospitality|[of] p1b: Sinistcha\n|turn|12\n|\n|t:|1697798016\n|move|p1a: Kommo-o|Clanging Scales|p2a: Dachsbun|[spread] p2a,p2b\n|-resisted|p2a: Dachsbun\n|-damage|p2a: Dachsbun|44\/100\n|-damage|p2b: Torkoal|3\/100\n|-unboost|p1a: Kommo-o|def|1\n|move|p1b: Sinistcha|Shadow Ball|p2a: Dachsbun\n|-damage|p2a: Dachsbun|3\/100\n|-unboost|p2a: Dachsbun|spd|1\n|move|p2b: Torkoal|Lava Plume|p1a: Kommo-o|[spread] p1a,p1b\n|-ability|p2a: Dachsbun|Well-Baked Body|boost\n|-boost|p2a: Dachsbun|def|2\n|-resisted|p1a: Kommo-o\n|-supereffective|p1b: Sinistcha\n|-damage|p1a: Kommo-o|59\/100\n|-damage|p1b: Sinistcha|0 fnt\n|faint|p1b: Sinistcha\n|move|p2a: Dachsbun|Roar|p1a: Kommo-o\n|-immune|p1a: Kommo-o|[from] ability: Soundproof\n|\n|-weather|SunnyDay|[upkeep]\n|-heal|p2a: Dachsbun|9\/100|[from] item: Leftovers\n|upkeep\n|turn|13\n|\n|t:|1697798040\n|move|p1a: Kommo-o|Clanging Scales|p2a: Dachsbun|[spread] p2a,p2b\n|-resisted|p2a: Dachsbun\n|-damage|p2a: Dachsbun|0 fnt\n|-damage|p2b: Torkoal|0 fnt\n|faint|p2a: Dachsbun\n|faint|p2b: Torkoal\n|-unboost|p1a: Kommo-o|def|1\n|\n|-weather|SunnyDay|[upkeep]\n|upkeep\n|\n|t:|1697798043\n|switch|p2a: Mew|Mew, shiny|44\/100\n|switch|p2b: Armarouge|Armarouge, M, shiny|100\/100\n|turn|14\n|\n|t:|1697798058\n|move|p1a: Kommo-o|Clanging Scales|p2a: Mew|[spread] p2a,p2b\n|-damage|p2a: Mew|2\/100\n|-damage|p2b: Armarouge|29\/100\n|-unboost|p1a: Kommo-o|def|1\n|move|p2b: Armarouge|Expanding Force|p1a: Kommo-o\n|-supereffective|p1a: Kommo-o\n|-damage|p1a: Kommo-o|0 fnt\n|faint|p1a: Kommo-o\n|\n|win|embleemeke\n|raw|Daskhiel02's rating: 1234 &rarr; <strong>1220<\/strong><br \/>(-14 for losing)\n|raw|embleemeke's rating: 1406 &rarr; <strong>1417<\/strong><br \/>(+11 for winning)\n|c|\u2606embleemeke|gg wp\n|c|\u2606Daskhiel02|Well played!\n|l|\u2606embleemeke\n","uploadtime":1697798073,"views":24,"p1id":"daskhiel02","p2id":"embleemeke","formatid":"gen9doublesou","rating":1220,"private":0,"password":""}