{"id":"gen9doublesou-1976387723","p1":"SXD2002","p2":"edkhan01","format":"[Gen 9] Doubles OU","log":"|j|\u2606SXD2002\n|j|\u2606edkhan01\n|t:|1698294892\n|gametype|doubles\n|player|p1|SXD2002|silver-masters|1105\n|player|p2|edkhan01|169|1134\n|teamsize|p1|6\n|teamsize|p2|6\n|gen|9\n|tier|[Gen 9] Doubles OU\n|rated|\n|rule|Species Clause: Limit one of each Pok\u00e9mon\n|rule|OHKO Clause: OHKO moves are banned\n|rule|Evasion Moves Clause: Evasion moves are banned\n|rule|Gravity Sleep Clause: The combination of sleep-inducing moves with imperfect accuracy and Gravity or Gigantamax Orbeetle are banned\n|rule|Endless Battle Clause: Forcing endless battles is banned\n|rule|HP Percentage Mod: HP is shown in percentages\n|clearpoke\n|poke|p1|Lurantis, F|\n|poke|p1|Murkrow, M|\n|poke|p1|Grimmsnarl, M|\n|poke|p1|Clefairy, M|\n|poke|p1|Talonflame, F|\n|poke|p1|Espeon, F|\n|poke|p2|Ninetales-Alola, F|\n|poke|p2|Mienshao, M|\n|poke|p2|Jolteon, F|\n|poke|p2|Infernape, M|\n|poke|p2|Sandaconda, F|\n|poke|p2|Basculegion-F, F|\n|teampreview\n|inactive|Battle timer is ON: inactive players will automatically lose when time's up. (requested by SXD2002)\n|\n|t:|1698294925\n|start\n|switch|p1a: Murkrow|Murkrow, M|100\/100\n|switch|p1b: Lurantis|Lurantis, F|100\/100\n|switch|p2a: Ninetales|Ninetales-Alola, F|100\/100\n|switch|p2b: Mienshao|Mienshao, M|100\/100\n|-weather|Snow|[from] ability: Snow Warning|[of] p2a: Ninetales\n|turn|1\n|inactive|edkhan01 has 120 seconds left.\n|\n|t:|1698294978\n|move|p2b: Mienshao|Fake Out|p1a: Murkrow\n|-damage|p1a: Murkrow|75\/100\n|-damage|p2b: Mienshao|91\/100|[from] item: Life Orb\n|cant|p1a: Murkrow|flinch\n|move|p2a: Ninetales|Aurora Veil|p2a: Ninetales\n|-sidestart|p2: edkhan01|move: Aurora Veil\n|move|p1b: Lurantis|Superpower|p2b: Mienshao\n|-damage|p2b: Mienshao|60\/100\n|-boost|p1b: Lurantis|atk|1\n|-boost|p1b: Lurantis|def|1\n|\n|-weather|Snow|[upkeep]\n|upkeep\n|turn|2\n|inactive|edkhan01 has 120 seconds left.\n|\n|t:|1698295000\n|-terastallize|p1b: Lurantis|Steel\n|move|p1a: Murkrow|Screech|p1b: Lurantis\n|-boost|p1b: Lurantis|def|2\n|move|p2a: Ninetales|Blizzard|p1b: Lurantis|[spread] p1a,p1b\n|-supereffective|p1a: Murkrow\n|-resisted|p1b: Lurantis\n|-damage|p1a: Murkrow|25\/100\n|-damage|p1b: Lurantis|88\/100\n|move|p2b: Mienshao|Poison Jab|p1b: Lurantis\n|-immune|p1b: Lurantis\n|move|p1b: Lurantis|Leaf Storm|p2b: Mienshao\n|-damage|p2b: Mienshao|22\/100\n|-boost|p1b: Lurantis|spa|2\n|\n|-weather|Snow|[upkeep]\n|-heal|p1b: Lurantis|94\/100|[from] item: Leftovers\n|upkeep\n|turn|3\n|inactive|edkhan01 has 120 seconds left.\n|\n|t:|1698295025\n|move|p1a: Murkrow|Feather Dance|p2b: Mienshao\n|-unboost|p2b: Mienshao|atk|2\n|move|p2a: Ninetales|Blizzard|p1a: Murkrow|[spread] p1a,p1b\n|-supereffective|p1a: Murkrow\n|-resisted|p1b: Lurantis\n|-damage|p1a: Murkrow|0 fnt\n|-damage|p1b: Lurantis|83\/100\n|faint|p1a: Murkrow\n|move|p2b: Mienshao|Drain Punch|p1b: Lurantis\n|-supereffective|p1b: Lurantis\n|-damage|p1b: Lurantis|59\/100\n|-heal|p2b: Mienshao|34\/100|[from] drain|[of] p1b: Lurantis\n|-damage|p2b: Mienshao|24\/100|[from] item: Life Orb\n|move|p1b: Lurantis|Superpower|p2b: Mienshao\n|-damage|p2b: Mienshao|0 fnt\n|-boost|p1b: Lurantis|atk|1\n|-boost|p1b: Lurantis|def|1\n|faint|p2b: Mienshao\n|\n|-weather|Snow|[upkeep]\n|-heal|p1b: Lurantis|66\/100|[from] item: Leftovers\n|upkeep\n|inactive|edkhan01 has 120 seconds left.\n|inactive|SXD2002 has 120 seconds left.\n|\n|t:|1698295057\n|switch|p2b: Infernape|Infernape, M|100\/100\n|switch|p1a: Grimmsnarl|Grimmsnarl, M|100\/100\n|turn|4\n|inactive|edkhan01 has 120 seconds left.\n|\n|t:|1698295081\n|move|p1b: Lurantis|Protect|p1b: Lurantis\n|-singleturn|p1b: Lurantis|Protect\n|move|p1a: Grimmsnarl|Scary Face|p2b: Infernape\n|-unboost|p2b: Infernape|spe|2\n|move|p2a: Ninetales|Icy Wind|p1b: Lurantis|[spread] p1a\n|-activate|p1b: Lurantis|move: Protect\n|-damage|p1a: Grimmsnarl|90\/100\n|-unboost|p1a: Grimmsnarl|spe|1\n|move|p2b: Infernape|Fire Punch|p1b: Lurantis\n|-activate|p1b: Lurantis|move: Protect\n|\n|-weather|Snow|[upkeep]\n|-heal|p1b: Lurantis|72\/100|[from] item: Leftovers\n|-heal|p1a: Grimmsnarl|96\/100|[from] item: Leftovers\n|upkeep\n|turn|5\n|\n|t:|1698295104\n|move|p1a: Grimmsnarl|Scary Face|p1b: Lurantis\n|-boost|p1b: Lurantis|spe|2\n|move|p2a: Ninetales|Blizzard|p1a: Grimmsnarl|[spread] p1a,p1b\n|-crit|p1a: Grimmsnarl\n|-resisted|p1b: Lurantis\n|-damage|p1a: Grimmsnarl|61\/100\n|-damage|p1b: Lurantis|59\/100\n|move|p1b: Lurantis|Superpower|p2b: Infernape\n|-damage|p2b: Infernape|51\/100\n|-boost|p1b: Lurantis|atk|1\n|-boost|p1b: Lurantis|def|1\n|move|p2b: Infernape|Fire Punch|p1b: Lurantis\n|-supereffective|p1b: Lurantis\n|-damage|p1b: Lurantis|34\/100\n|\n|-weather|none\n|-heal|p1b: Lurantis|40\/100|[from] item: Leftovers\n|-heal|p1a: Grimmsnarl|67\/100|[from] item: Leftovers\n|-sideend|p2: edkhan01|move: Aurora Veil\n|upkeep\n|turn|6\n|\n|t:|1698295122\n|move|p1a: Grimmsnarl|Fake Tears|p1b: Lurantis\n|-boost|p1b: Lurantis|spd|2\n|move|p2a: Ninetales|Aurora Veil||[still]\n|-fail|p2a: Ninetales\n|move|p1b: Lurantis|Superpower|p2b: Infernape\n|-damage|p2b: Infernape|0 fnt\n|-boost|p1b: Lurantis|atk|1\n|-boost|p1b: Lurantis|def|1\n|faint|p2b: Infernape\n|\n|-heal|p1b: Lurantis|46\/100|[from] item: Leftovers\n|-heal|p1a: Grimmsnarl|73\/100|[from] item: Leftovers\n|upkeep\n|inactive|edkhan01 has 120 seconds left.\n|\n|t:|1698295147\n|switch|p2b: Jolteon|Jolteon, F|100\/100\n|turn|7\n|\n|t:|1698295159\n|move|p1a: Grimmsnarl|Fake Tears|p1b: Lurantis\n|-boost|p1b: Lurantis|spd|2\n|-enditem|p2b: Jolteon|Mirror Herb\n|-boost|p2b: Jolteon|spd|2|[from] item: Mirror Herb\n|move|p2a: Ninetales|Dazzling Gleam|p1a: Grimmsnarl|[spread] p1a,p1b\n|-supereffective|p1a: Grimmsnarl\n|-resisted|p1b: Lurantis\n|-damage|p1a: Grimmsnarl|40\/100\n|-damage|p1b: Lurantis|43\/100\n|move|p2b: Jolteon|Thunderbolt|p1b: Lurantis\n|-damage|p1b: Lurantis|32\/100\n|move|p1b: Lurantis|Leech Life|p2b: Jolteon\n|-damage|p2b: Jolteon|19\/100\n|-heal|p1b: Lurantis|72\/100|[from] drain|[of] p2b: Jolteon\n|\n|-heal|p1b: Lurantis|78\/100|[from] item: Leftovers\n|-heal|p1a: Grimmsnarl|46\/100|[from] item: Leftovers\n|upkeep\n|turn|8\n|\n|t:|1698295186\n|move|p1a: Grimmsnarl|Fake Tears|p1b: Lurantis\n|-boost|p1b: Lurantis|spd|2\n|move|p2a: Ninetales|Dazzling Gleam|p1a: Grimmsnarl|[spread] p1a,p1b\n|-supereffective|p1a: Grimmsnarl\n|-resisted|p1b: Lurantis\n|-damage|p1a: Grimmsnarl|9\/100\n|-damage|p1b: Lurantis|75\/100\n|move|p2b: Jolteon|Thunderbolt|p1a: Grimmsnarl\n|-damage|p1a: Grimmsnarl|0 fnt\n|faint|p1a: Grimmsnarl\n|move|p1b: Lurantis|Superpower|p2a: Ninetales\n|-enditem|p2a: Ninetales|Focus Sash\n|-damage|p2a: Ninetales|1\/100\n|-boost|p1b: Lurantis|atk|1\n|\n|-heal|p1b: Lurantis|82\/100|[from] item: Leftovers\n|upkeep\n|inactive|SXD2002 has 120 seconds left.\n|\n|t:|1698295201\n|switch|p1a: Talonflame|Talonflame, F|100\/100\n|turn|9\n|\n|t:|1698295215\n|move|p1a: Talonflame|Defog|p1b: Lurantis\n|-boost|p1b: Lurantis|evasion|1\n|move|p2a: Ninetales|Blizzard|p1b: Lurantis|[spread] p1a,p1b\n|-resisted|p1b: Lurantis\n|-damage|p1a: Talonflame|64\/100\n|-damage|p1b: Lurantis|79\/100\n|move|p2b: Jolteon|Thunderbolt|p1a: Talonflame\n|-supereffective|p1a: Talonflame\n|-damage|p1a: Talonflame|0 fnt\n|faint|p1a: Talonflame\n|move|p1b: Lurantis|Leaf Storm|p2b: Jolteon\n|-damage|p2b: Jolteon|0 fnt\n|-boost|p1b: Lurantis|spa|2\n|faint|p2b: Jolteon\n|\n|-heal|p1b: Lurantis|85\/100|[from] item: Leftovers\n|upkeep\n|\n|t:|1698295231\n|switch|p1a: Espeon|Espeon, F|100\/100\n|switch|p2b: Sandaconda|Sandaconda, F|100\/100\n|turn|10\n|\n|t:|1698295246\n|move|p1a: Espeon|Psych Up|p1b: Lurantis\n|-copyboost|p1a: Espeon|p1b: Lurantis|[from] move: Psych Up\n|move|p2a: Ninetales|Blizzard|p1a: Espeon|[spread] \n|-miss|p2a: Ninetales|p1a: Espeon\n|-miss|p2a: Ninetales|p1b: Lurantis\n|move|p1b: Lurantis|Leaf Storm|p2b: Sandaconda\n|-supereffective|p2b: Sandaconda\n|-damage|p2b: Sandaconda|0 fnt\n|-boost|p1b: Lurantis|spa|2\n|-weather|Sandstorm|[from] ability: Sand Spit|[of] p2b: Sandaconda\n|faint|p2b: Sandaconda\n|\n|-weather|Sandstorm|[upkeep]\n|-damage|p1a: Espeon|95\/100|[from] Sandstorm\n|-damage|p2a: Ninetales|0 fnt|[from] Sandstorm\n|faint|p2a: Ninetales\n|-heal|p1a: Espeon|100\/100|[from] item: Leftovers\n|-heal|p1b: Lurantis|91\/100|[from] item: Leftovers\n|upkeep\n|\n|t:|1698295250\n|switch|p2b: Basculegion|Basculegion-F, F|100\/100\n|turn|11\n|c|\u2606SXD2002|gg\n|c|\u2606edkhan01|gg\n|\n|t:|1698295269\n|move|p1a: Espeon|Stored Power|p2b: Basculegion\n|-damage|p2b: Basculegion|0 fnt\n|faint|p2b: Basculegion\n|\n|win|SXD2002\n|raw|SXD2002's rating: 1105 &rarr; <strong>1134<\/strong><br \/>(+29 for winning)\n|raw|edkhan01's rating: 1158 &rarr; <strong>1129<\/strong><br \/>(-29 for losing)\n","uploadtime":1698295275,"views":25,"p1id":"sxd2002","p2id":"edkhan01","formatid":"gen9doublesou","rating":1129,"private":0,"password":""}