{"id":"gen9doublesou-1973407659","p1":"GreatLunar","p2":"ikunxia","format":"[Gen 9] Doubles OU","log":"|j|\u2606GreatLunar\n|j|\u2606ikunxia\n|t:|1697970291\n|gametype|doubles\n|player|p1|GreatLunar|steven|1094\n|player|p2|ikunxia|266|1072\n|teamsize|p1|6\n|teamsize|p2|6\n|gen|9\n|tier|[Gen 9] Doubles OU\n|rated|\n|rule|Species Clause: Limit one of each Pok\u00e9mon\n|rule|OHKO Clause: OHKO moves are banned\n|rule|Evasion Moves Clause: Evasion moves are banned\n|rule|Gravity Sleep Clause: The combination of sleep-inducing moves with imperfect accuracy and Gravity or Gigantamax Orbeetle are banned\n|rule|Endless Battle Clause: Forcing endless battles is banned\n|rule|HP Percentage Mod: HP is shown in percentages\n|clearpoke\n|poke|p1|Dragonite, F|\n|poke|p1|Palafin, M|\n|poke|p1|Coalossal, F|\n|poke|p1|Flutter Mane|\n|poke|p1|Ogerpon-Cornerstone, F|\n|poke|p1|Roaring Moon|\n|poke|p2|Ogerpon-Hearthflame, F|\n|poke|p2|Torkoal, M|\n|poke|p2|Tornadus, M|\n|poke|p2|Pawmot, M|\n|poke|p2|Chien-Pao|\n|poke|p2|Charizard, M|\n|teampreview\n|\n|t:|1697970301\n|start\n|switch|p1a: Coalossal|Coalossal, F|100\/100\n|switch|p1b: Roaring Moon|Roaring Moon|100\/100\n|switch|p2a: \u5c0f\u56fa\u62c9\u591a|Torkoal, M|100\/100\n|switch|p2b: \u5384\u5c06\u519b|Ogerpon-Hearthflame, F|100\/100\n|-ability|p2b: \u5384\u5c06\u519b|Mold Breaker\n|-weather|SunnyDay|[from] ability: Drought|[of] p2a: \u5c0f\u56fa\u62c9\u591a\n|-activate|p1b: Roaring Moon|ability: Protosynthesis\n|-start|p1b: Roaring Moon|protosynthesisspe\n|turn|1\n|inactive|Battle timer is ON: inactive players will automatically lose when time's up. (requested by ikunxia)\n|\n|t:|1697970323\n|move|p2b: \u5384\u5c06\u519b|Spiky Shield|p2b: \u5384\u5c06\u519b\n|-singleturn|p2b: \u5384\u5c06\u519b|move: Protect\n|move|p1b: Roaring Moon|Fire Fang|p1a: Coalossal\n|-resisted|p1a: Coalossal\n|-damage|p1a: Coalossal|96\/100\n|-ability|p1a: Coalossal|Steam Engine|boost\n|-boost|p1a: Coalossal|spe|6\n|move|p1a: Coalossal|Stealth Rock|p2a: \u5c0f\u56fa\u62c9\u591a\n|-sidestart|p2: ikunxia|move: Stealth Rock\n|move|p2a: \u5c0f\u56fa\u62c9\u591a|Eruption|p1a: Coalossal|[spread] p1a,p1b\n|-resisted|p1a: Coalossal\n|-resisted|p1b: Roaring Moon\n|-damage|p1a: Coalossal|85\/100\n|-damage|p1b: Roaring Moon|72\/100\n|\n|-weather|SunnyDay|[upkeep]\n|-heal|p1b: Roaring Moon|78\/100|[from] item: Leftovers\n|-heal|p1a: Coalossal|91\/100|[from] item: Leftovers\n|upkeep\n|turn|2\n|c|\u2606ikunxia|RE0\n|inactive|GreatLunar has 120 seconds left.\n|inactive|ikunxia has 120 seconds left.\n|\n|t:|1697970372\n|-end|p1b: Roaring Moon|Protosynthesis|[silent]\n|switch|p1b: Dragonite|Dragonite, F|100\/100\n|-terastallize|p2b: \u5384\u5c06\u519b|Fire\n|detailschange|p2b: \u5384\u5c06\u519b|Ogerpon-Hearthflame-Tera, F, tera:Fire\n|-ability|p2b: \u5384\u5c06\u519b|Embody Aspect (Hearthflame)|boost\n|-boost|p2b: \u5384\u5c06\u519b|atk|1\n|move|p1a: Coalossal|Earthquake|p2b: \u5384\u5c06\u519b|[spread] p2a,p2b\n|-immune|p1b: Dragonite\n|-supereffective|p2a: \u5c0f\u56fa\u62c9\u591a\n|-supereffective|p2b: \u5384\u5c06\u519b\n|-damage|p2a: \u5c0f\u56fa\u62c9\u591a|80\/100\n|-damage|p2b: \u5384\u5c06\u519b|61\/100\n|move|p2b: \u5384\u5c06\u519b|Grassy Glide|p1a: Coalossal\n|-damage|p1a: Coalossal|58\/100\n|move|p2a: \u5c0f\u56fa\u62c9\u591a|Solar Beam||[still]\n|-prepare|p2a: \u5c0f\u56fa\u62c9\u591a|Solar Beam\n|-anim|p2a: \u5c0f\u56fa\u62c9\u591a|Solar Beam|p1b: Dragonite\n|-resisted|p1b: Dragonite\n|-damage|p1b: Dragonite|98\/100\n|\n|-weather|SunnyDay|[upkeep]\n|-heal|p1a: Coalossal|64\/100|[from] item: Leftovers\n|-heal|p1b: Dragonite|100\/100|[from] item: Leftovers\n|-heal|p2a: \u5c0f\u56fa\u62c9\u591a|86\/100|[from] item: Leftovers\n|upkeep\n|turn|3\n|inactive|GreatLunar has 120 seconds left.\n|inactive|ikunxia has 120 seconds left.\n|\n|t:|1697970407\n|-terastallize|p1a: Coalossal|Ground\n|move|p1b: Dragonite|Helping Hand|p1a: Coalossal\n|-singleturn|p1a: Coalossal|Helping Hand|[of] p1b: Dragonite\n|move|p1a: Coalossal|Earthquake|p2a: \u5c0f\u56fa\u62c9\u591a|[spread] p2a,p2b\n|-immune|p1b: Dragonite\n|-supereffective|p2a: \u5c0f\u56fa\u62c9\u591a\n|-supereffective|p2b: \u5384\u5c06\u519b\n|-damage|p2a: \u5c0f\u56fa\u62c9\u591a|33\/100\n|-damage|p2b: \u5384\u5c06\u519b|0 fnt\n|faint|p2b: \u5384\u5c06\u519b\n|move|p2a: \u5c0f\u56fa\u62c9\u591a|Stealth Rock|p1a: Coalossal\n|-sidestart|p1: GreatLunar|move: Stealth Rock\n|\n|-weather|SunnyDay|[upkeep]\n|-heal|p1a: Coalossal|70\/100|[from] item: Leftovers\n|-heal|p2a: \u5c0f\u56fa\u62c9\u591a|39\/100|[from] item: Leftovers\n|upkeep\n|\n|t:|1697970421\n|switch|p2b: \u829d\u58eb\u96ea\u8c79|Chien-Pao|100\/100\n|-damage|p2b: \u829d\u58eb\u96ea\u8c79|76\/100|[from] Stealth Rock\n|-ability|p2b: \u829d\u58eb\u96ea\u8c79|Sword of Ruin\n|turn|4\n|inactive|ikunxia has 120 seconds left.\n|inactive|GreatLunar has 120 seconds left.\n|\n|t:|1697970446\n|move|p2a: \u5c0f\u56fa\u62c9\u591a|Helping Hand|p2b: \u829d\u58eb\u96ea\u8c79\n|-singleturn|p2b: \u829d\u58eb\u96ea\u8c79|Helping Hand|[of] p2a: \u5c0f\u56fa\u62c9\u591a\n|move|p2b: \u829d\u58eb\u96ea\u8c79|Icicle Crash|p1a: Coalossal\n|-supereffective|p1a: Coalossal\n|-damage|p1a: Coalossal|0 fnt\n|faint|p1a: Coalossal\n|-damage|p2b: \u829d\u58eb\u96ea\u8c79|66\/100|[from] item: Life Orb\n|move|p1b: Dragonite|Ice Spinner|p2b: \u829d\u58eb\u96ea\u8c79\n|-resisted|p2b: \u829d\u58eb\u96ea\u8c79\n|-damage|p2b: \u829d\u58eb\u96ea\u8c79|50\/100\n|\n|-weather|SunnyDay|[upkeep]\n|-heal|p2a: \u5c0f\u56fa\u62c9\u591a|46\/100|[from] item: Leftovers\n|upkeep\n|\n|t:|1697970459\n|switch|p1a: Ogerpon|Ogerpon-Cornerstone, F|100\/100\n|-damage|p1a: Ogerpon|88\/100|[from] Stealth Rock\n|turn|5\n|inactive|GreatLunar has 120 seconds left.\n|\n|t:|1697970480\n|move|p2a: \u5c0f\u56fa\u62c9\u591a|Helping Hand|p2b: \u829d\u58eb\u96ea\u8c79\n|-singleturn|p2b: \u829d\u58eb\u96ea\u8c79|Helping Hand|[of] p2a: \u5c0f\u56fa\u62c9\u591a\n|move|p1a: Ogerpon|Follow Me|p1a: Ogerpon\n|-singleturn|p1a: Ogerpon|move: Follow Me\n|move|p2b: \u829d\u58eb\u96ea\u8c79|Icicle Crash|p1a: Ogerpon\n|-supereffective|p1a: Ogerpon\n|-damage|p1a: Ogerpon|0 fnt\n|faint|p1a: Ogerpon\n|-damage|p2b: \u829d\u58eb\u96ea\u8c79|40\/100|[from] item: Life Orb\n|move|p1b: Dragonite|Ice Spinner|p2b: \u829d\u58eb\u96ea\u8c79\n|-resisted|p2b: \u829d\u58eb\u96ea\u8c79\n|-damage|p2b: \u829d\u58eb\u96ea\u8c79|24\/100\n|\n|-weather|none\n|-heal|p2a: \u5c0f\u56fa\u62c9\u591a|52\/100|[from] item: Leftovers\n|upkeep\n|\n|t:|1697970492\n|switch|p1a: Palafin|Palafin, M|100\/100\n|-damage|p1a: Palafin|88\/100|[from] Stealth Rock\n|turn|6\n|inactive|GreatLunar has 120 seconds left.\n|\n|t:|1697970508\n|switch|p2a: \u4e50\u8fea|Tornadus, M|100\/100\n|-damage|p2a: \u4e50\u8fea|76\/100|[from] Stealth Rock\n|move|p1b: Dragonite|Helping Hand|p1a: Palafin\n|-singleturn|p1a: Palafin|Helping Hand|[of] p1b: Dragonite\n|move|p2b: \u829d\u58eb\u96ea\u8c79|Icicle Crash|p1b: Dragonite\n|-supereffective|p1b: Dragonite\n|-damage|p1b: Dragonite|0 fnt\n|faint|p1b: Dragonite\n|-damage|p2b: \u829d\u58eb\u96ea\u8c79|14\/100|[from] item: Life Orb\n|move|p1a: Palafin|Flip Turn|p2a: \u4e50\u8fea\n|-damage|p2a: \u4e50\u8fea|0 fnt\n|faint|p2a: \u4e50\u8fea\n|-damage|p1a: Palafin|78\/100|[from] item: Life Orb\n|\n|t:|1697970522\n|detailschange|p1a: Palafin|Palafin-Hero, M\n|switch|p1a: Roaring Moon|Roaring Moon|78\/100|[from] Flip Turn\n|-damage|p1a: Roaring Moon|65\/100|[from] Stealth Rock\n|\n|-heal|p1a: Roaring Moon|72\/100|[from] item: Leftovers\n|upkeep\n|\n|t:|1697970535\n|switch|p2a: \u5c0f\u56fa\u62c9\u591a|Torkoal, M|52\/100\n|switch|p1b: Flutter Mane|Flutter Mane|100\/100\n|-damage|p1b: Flutter Mane|88\/100|[from] Stealth Rock\n|-damage|p2a: \u5c0f\u56fa\u62c9\u591a|27\/100|[from] Stealth Rock\n|-weather|SunnyDay|[from] ability: Drought|[of] p2a: \u5c0f\u56fa\u62c9\u591a\n|-activate|p1b: Flutter Mane|ability: Protosynthesis\n|-start|p1b: Flutter Mane|protosynthesisspe\n|-activate|p1a: Roaring Moon|ability: Protosynthesis\n|-start|p1a: Roaring Moon|protosynthesisspe\n|turn|7\n|\n|t:|1697970547\n|move|p2a: \u5c0f\u56fa\u62c9\u591a|Helping Hand|p2b: \u829d\u58eb\u96ea\u8c79\n|-singleturn|p2b: \u829d\u58eb\u96ea\u8c79|Helping Hand|[of] p2a: \u5c0f\u56fa\u62c9\u591a\n|move|p1b: Flutter Mane|Calm Mind|p1b: Flutter Mane\n|-boost|p1b: Flutter Mane|spa|1\n|-boost|p1b: Flutter Mane|spd|1\n|move|p1a: Roaring Moon|Fire Fang|p2b: \u829d\u58eb\u96ea\u8c79\n|-supereffective|p2b: \u829d\u58eb\u96ea\u8c79\n|-damage|p2b: \u829d\u58eb\u96ea\u8c79|0 fnt\n|faint|p2b: \u829d\u58eb\u96ea\u8c79\n|\n|-weather|SunnyDay|[upkeep]\n|-heal|p1b: Flutter Mane|94\/100|[from] item: Leftovers\n|-heal|p1a: Roaring Moon|78\/100|[from] item: Leftovers\n|-heal|p2a: \u5c0f\u56fa\u62c9\u591a|33\/100|[from] item: Leftovers\n|upkeep\n|\n|t:|1697970561\n|switch|p2b: \u91cd\u751f|Pawmot, M|100\/100\n|-damage|p2b: \u91cd\u751f|94\/100|[from] Stealth Rock\n|turn|8\n|\n|t:|1697970572\n|move|p1b: Flutter Mane|Moonblast|p2b: \u91cd\u751f\n|-supereffective|p2b: \u91cd\u751f\n|-damage|p2b: \u91cd\u751f|0 fnt\n|faint|p2b: \u91cd\u751f\n|move|p1a: Roaring Moon|Taunt|p2a: \u5c0f\u56fa\u62c9\u591a\n|-start|p2a: \u5c0f\u56fa\u62c9\u591a|move: Taunt\n|move|p2a: \u5c0f\u56fa\u62c9\u591a|Solar Beam||[still]\n|-prepare|p2a: \u5c0f\u56fa\u62c9\u591a|Solar Beam\n|-anim|p2a: \u5c0f\u56fa\u62c9\u591a|Solar Beam|p1b: Flutter Mane\n|-damage|p1b: Flutter Mane|74\/100\n|\n|-weather|SunnyDay|[upkeep]\n|-heal|p1b: Flutter Mane|80\/100|[from] item: Leftovers\n|-heal|p1a: Roaring Moon|84\/100|[from] item: Leftovers\n|-heal|p2a: \u5c0f\u56fa\u62c9\u591a|39\/100|[from] item: Leftovers\n|upkeep\n|\n|t:|1697970598\n|switch|p2b: \u55b7\u55b7\u9f99|Charizard, M|100\/100\n|-damage|p2b: \u55b7\u55b7\u9f99|51\/100|[from] Stealth Rock\n|turn|9\n|\n|t:|1697970619\n|-end|p1b: Flutter Mane|Protosynthesis|[silent]\n|switch|p1b: Palafin|Palafin-Hero, M|78\/100\n|-damage|p1b: Palafin|66\/100|[from] Stealth Rock\n|-activate|p1b: Palafin|ability: Zero to Hero\n|move|p1a: Roaring Moon|Taunt|p2b: \u55b7\u55b7\u9f99\n|-start|p2b: \u55b7\u55b7\u9f99|move: Taunt\n|move|p2b: \u55b7\u55b7\u9f99|Heat Wave|p1a: Roaring Moon|[spread] p1a,p1b\n|-resisted|p1a: Roaring Moon\n|-resisted|p1b: Palafin\n|-damage|p1a: Roaring Moon|42\/100\n|-damage|p1b: Palafin|0 fnt\n|-status|p1a: Roaring Moon|brn\n|faint|p1b: Palafin\n|move|p2a: \u5c0f\u56fa\u62c9\u591a|Solar Beam||[still]\n|-prepare|p2a: \u5c0f\u56fa\u62c9\u591a|Solar Beam\n|-anim|p2a: \u5c0f\u56fa\u62c9\u591a|Solar Beam|p1a: Roaring Moon\n|-resisted|p1a: Roaring Moon\n|-damage|p1a: Roaring Moon|27\/100 brn\n|\n|-weather|SunnyDay|[upkeep]\n|-damage|p2b: \u55b7\u55b7\u9f99|38\/100|[from] ability: Solar Power|[of] p2b: \u55b7\u55b7\u9f99\n|-heal|p1a: Roaring Moon|33\/100 brn|[from] item: Leftovers\n|-heal|p2a: \u5c0f\u56fa\u62c9\u591a|45\/100|[from] item: Leftovers\n|-damage|p1a: Roaring Moon|27\/100 brn|[from] brn\n|upkeep\n|\n|t:|1697970631\n|switch|p1b: Flutter Mane|Flutter Mane|80\/100\n|-damage|p1b: Flutter Mane|68\/100|[from] Stealth Rock\n|-activate|p1b: Flutter Mane|ability: Protosynthesis\n|-start|p1b: Flutter Mane|protosynthesisspe\n|turn|10\n|\n|t:|1697970650\n|move|p1b: Flutter Mane|Moonblast|p2a: \u5c0f\u56fa\u62c9\u591a\n|-resisted|p2a: \u5c0f\u56fa\u62c9\u591a\n|-damage|p2a: \u5c0f\u56fa\u62c9\u591a|16\/100\n|-unboost|p2a: \u5c0f\u56fa\u62c9\u591a|spa|1\n|move|p1a: Roaring Moon|Fire Fang|p2b: \u55b7\u55b7\u9f99\n|-resisted|p2b: \u55b7\u55b7\u9f99\n|-damage|p2b: \u55b7\u55b7\u9f99|27\/100\n|move|p2b: \u55b7\u55b7\u9f99|Heat Wave|p1a: Roaring Moon|[spread] p1a,p1b\n|-resisted|p1a: Roaring Moon\n|-damage|p1a: Roaring Moon|0 fnt\n|-damage|p1b: Flutter Mane|0 fnt\n|faint|p1a: Roaring Moon\n|-end|p1a: Roaring Moon|Protosynthesis|[silent]\n|faint|p1b: Flutter Mane\n|-end|p1b: Flutter Mane|Protosynthesis|[silent]\n|\n|win|ikunxia\n|raw|GreatLunar's rating: 1094 &rarr; <strong>1068<\/strong><br \/>(-26 for losing)\n|raw|ikunxia's rating: 1072 &rarr; <strong>1103<\/strong><br \/>(+31 for winning)\n|l|\u2606GreatLunar\n","uploadtime":1697970664,"views":21,"p1id":"greatlunar","p2id":"ikunxia","formatid":"gen9doublesou","rating":1068,"private":0,"password":""}