{"id":"gen9doublesou-1971439470","p1":"BlackLeague","p2":"quyencuto","format":"[Gen 9] Doubles OU","log":"|j|\u2606BlackLeague\n|j|\u2606quyencuto\n|t:|1697738593\n|gametype|doubles\n|player|p1|BlackLeague|170|1477\n|player|p2|quyencuto|selene|1563\n|teamsize|p1|6\n|teamsize|p2|6\n|gen|9\n|tier|[Gen 9] Doubles OU\n|rated|\n|rule|Species Clause: Limit one of each Pok\u00e9mon\n|rule|OHKO Clause: OHKO moves are banned\n|rule|Evasion Moves Clause: Evasion moves are banned\n|rule|Gravity Sleep Clause: The combination of sleep-inducing moves with imperfect accuracy and Gravity or Gigantamax Orbeetle are banned\n|rule|Endless Battle Clause: Forcing endless battles is banned\n|rule|HP Percentage Mod: HP is shown in percentages\n|clearpoke\n|poke|p1|Scizor, M|\n|poke|p1|Abomasnow, F|\n|poke|p1|Chimecho, F|\n|poke|p1|Chandelure, F|\n|poke|p1|Ursaluna, M|\n|poke|p1|Palafin, F|\n|poke|p2|Ursaluna, M|\n|poke|p2|Cresselia, F|\n|poke|p2|Torkoal, L99, M|\n|poke|p2|Iron Hands|\n|poke|p2|Oranguru, M|\n|poke|p2|Landorus-Therian, M|\n|teampreview\n|inactive|Battle timer is ON: inactive players will automatically lose when time's up. (requested by quyencuto)\n|\n|t:|1697738605\n|start\n|switch|p1a: Chandelure|Chandelure, F|100\/100\n|switch|p1b: Palafin|Palafin, F|100\/100\n|switch|p2a: Iron Hands|Iron Hands, shiny|100\/100\n|switch|p2b: Oranguru|Oranguru, M, shiny|100\/100\n|turn|1\n|\n|t:|1697738617\n|detailschange|p1b: Palafin|Palafin-Hero, F\n|switch|p1b: Ursaluna|Ursaluna, M|100\/100\n|-terastallize|p2a: Iron Hands|Ground\n|move|p1a: Chandelure|Imprison|p1a: Chandelure\n|-start|p1a: Chandelure|move: Imprison\n|move|p2a: Iron Hands|Earthquake|p1b: Ursaluna|[spread] p1a,p1b\n|-activate|p2b: Oranguru|ability: Telepathy\n|-supereffective|p1a: Chandelure\n|-damage|p1a: Chandelure|13\/100\n|-damage|p1b: Ursaluna|67\/100\n|cant|p2b: Oranguru|move: Imprison|Trick Room\n|\n|-status|p1b: Ursaluna|brn|[from] item: Flame Orb\n|upkeep\n|turn|2\n|\n|t:|1697738642\n|switch|p2b: Cresselia|Cresselia, F, shiny|100\/100\n|move|p1a: Chandelure|Heat Wave|p2b: Cresselia|[spread] p2a,p2b\n|-damage|p2a: Iron Hands|81\/100\n|-damage|p2b: Cresselia|82\/100\n|move|p1b: Ursaluna|Facade|p2a: Iron Hands\n|-damage|p2a: Iron Hands|5\/100\n|move|p2a: Iron Hands|Close Combat|p1b: Ursaluna\n|-supereffective|p1b: Ursaluna\n|-damage|p1b: Ursaluna|0 fnt\n|-unboost|p2a: Iron Hands|def|1\n|-unboost|p2a: Iron Hands|spd|1\n|faint|p1b: Ursaluna\n|\n|upkeep\n|\n|t:|1697738650\n|switch|p1b: Abomasnow|Abomasnow, F|100\/100\n|-weather|Snow|[from] ability: Snow Warning|[of] p1b: Abomasnow\n|turn|3\n|\n|t:|1697738671\n|-end|p2a: Iron Hands|Quark Drive|[silent]\n|switch|p2a: Landorus|Landorus-Therian, M, shiny|100\/100\n|-ability|p2a: Landorus|Intimidate|boost\n|-unboost|p1a: Chandelure|atk|1\n|-unboost|p1b: Abomasnow|atk|1\n|move|p2b: Cresselia|Lunar Blessing|p2b: Cresselia|[spread] p2a,p2b\n|-heal|p2b: Cresselia|100\/100\n|move|p1a: Chandelure|Shadow Ball|p2b: Cresselia\n|-supereffective|p2b: Cresselia\n|-damage|p2b: Cresselia|56\/100\n|move|p1b: Abomasnow|Blizzard|p2a: Landorus|[spread] p2a,p2b\n|-supereffective|p2a: Landorus\n|-damage|p2a: Landorus|0 fnt\n|-damage|p2b: Cresselia|34\/100\n|faint|p2a: Landorus\n|-damage|p1b: Abomasnow|91\/100|[from] item: Life Orb\n|\n|-weather|Snow|[upkeep]\n|upkeep\n|inactive|quyencuto has 120 seconds left.\n|\n|t:|1697738691\n|switch|p2a: Torkoal|Torkoal, L99, M, shiny|100\/100\n|-weather|SunnyDay|[from] ability: Drought|[of] p2a: Torkoal\n|turn|4\n|\n|t:|1697738701\n|-terastallize|p1b: Abomasnow|Rock\n|move|p2b: Cresselia|Lunar Blessing|p2b: Cresselia|[spread] p2a,p2b\n|-heal|p2b: Cresselia|59\/100\n|move|p1a: Chandelure|Shadow Ball|p2b: Cresselia\n|-supereffective|p2b: Cresselia\n|-damage|p2b: Cresselia|19\/100\n|move|p1b: Abomasnow|Tera Blast|p2a: Torkoal|[anim] Tera Blast Rock\n|-supereffective|p2a: Torkoal\n|-damage|p2a: Torkoal|0 fnt\n|faint|p2a: Torkoal\n|-damage|p1b: Abomasnow|81\/100|[from] item: Life Orb\n|\n|-weather|SunnyDay|[upkeep]\n|upkeep\n|c|\u2606BlackLeague|Lol\n|\n|t:|1697738716\n|switch|p2a: Oranguru|Oranguru, M, shiny|100\/100\n|turn|5\n|-message|quyencuto forfeited.\n|\n|win|BlackLeague\n|raw|BlackLeague's rating: 1477 &rarr; <strong>1502<\/strong><br \/>(+25 for winning)\n|raw|quyencuto's rating: 1563 &rarr; <strong>1538<\/strong><br \/>(-25 for losing)\n|l|\u2606quyencuto\n","uploadtime":1697738754,"views":10,"p1id":"blackleague","p2id":"quyencuto","formatid":"gen9doublesou","rating":1502,"private":0,"password":""}