{"id":"gen9doublesou-1997193387","p1":"bobjrthecow","p2":"GhostMasterMorty","format":"[Gen 9] Doubles OU","log":"|j|\u2606bobjrthecow\n|j|\u2606GhostMasterMorty\n|t:|1700774126\n|gametype|doubles\n|player|p1|bobjrthecow|2|1046\n|player|p2|GhostMasterMorty|morty|1025\n|teamsize|p1|6\n|teamsize|p2|6\n|gen|9\n|tier|[Gen 9] Doubles OU\n|rated|\n|rule|Species Clause: Limit one of each Pok\u00e9mon\n|rule|OHKO Clause: OHKO moves are banned\n|rule|Evasion Moves Clause: Evasion moves are banned\n|rule|Gravity Sleep Clause: The combination of sleep-inducing moves with imperfect accuracy and Gravity or Gigantamax Orbeetle are banned\n|rule|Endless Battle Clause: Forcing endless battles is banned\n|rule|HP Percentage Mod: HP is shown in percentages\n|clearpoke\n|poke|p1|Torkoal, F|\n|poke|p1|Flutter Mane|\n|poke|p1|Landorus-Therian, M|\n|poke|p1|Ogerpon-Hearthflame, F|\n|poke|p1|Azumarill, M|\n|poke|p1|Kingambit, F|\n|poke|p2|Espathra, M|\n|poke|p2|Komala, M|\n|poke|p2|Hypno, F|\n|poke|p2|Sableye, M|\n|poke|p2|Volcanion|\n|poke|p2|Weezing-Galar, M|\n|teampreview\n|c|\u2606GhostMasterMorty|GLHF\n|c|\u2606bobjrthecow|I swear if you are ripoff temp6t\n|\n|t:|1700774156\n|start\n|switch|p1a: Landorus|Landorus-Therian, M|100\/100\n|switch|p1b: Kingambit|Kingambit, F|100\/100\n|switch|p2a: Uncle Andy|Sableye, M, shiny|100\/100\n|switch|p2b: Dinner Convo Other|Weezing-Galar, M, shiny|100\/100\n|-ability|p1a: Landorus|Intimidate|boost\n|-unboost|p2a: Uncle Andy|atk|1\n|-unboost|p2b: Dinner Convo Other|atk|1\n|-fieldstart|move: Misty Terrain|[from] ability: Misty Surge|[of] p2b: Dinner Convo Other\n|turn|1\n|\n|t:|1700774190\n|move|p1b: Kingambit|Protect|p1b: Kingambit\n|-singleturn|p1b: Kingambit|Protect\n|move|p2a: Uncle Andy|Fake Out|p1a: Landorus\n|-damage|p1a: Landorus|96\/100\n|cant|p1a: Landorus|flinch\n|move|p2b: Dinner Convo Other|Stockpile|p2b: Dinner Convo Other\n|-start|p2b: Dinner Convo Other|stockpile1\n|-boost|p2b: Dinner Convo Other|def|1\n|-boost|p2b: Dinner Convo Other|spd|1\n|\n|upkeep\n|turn|2\n|c|\u2606GhostMasterMorty|Excuse me\n|c|\u2606GhostMasterMorty|Bro I'm just having fun\n|c|\u2606GhostMasterMorty|Who tf cares\n|c|\u2606GhostMasterMorty|If anything I'm a Weedle Ripoff\n|\n|t:|1700774244\n|switch|p2a: Aunt Karen|Hypno, F, shiny|100\/100\n|-activate|p2a: Aunt Karen|ability: Forewarn|Stone Edge|[of] p1a: Landorus\n|move|p2b: Dinner Convo Other|Protect|p2b: Dinner Convo Other\n|-singleturn|p2b: Dinner Convo Other|Protect\n|move|p1b: Kingambit|Sucker Punch||[still]\n|-fail|p1b: Kingambit\n|move|p1a: Landorus|Stomping Tantrum|p2b: Dinner Convo Other\n|-activate|p2b: Dinner Convo Other|move: Protect\n|\n|upkeep\n|turn|3\n|\n|t:|1700774267\n|move|p1a: Landorus|U-turn|p2a: Aunt Karen\n|-supereffective|p2a: Aunt Karen\n|-crit|p2a: Aunt Karen\n|-damage|p2a: Aunt Karen|4\/100\n|-enditem|p2a: Aunt Karen|Aguav Berry|[eat]\n|-heal|p2a: Aunt Karen|37\/100|[from] item: Aguav Berry\n|inactive|Battle timer is ON: inactive players will automatically lose when time's up. (requested by GhostMasterMorty)\n|\n|t:|1700774277\n|switch|p1a: Torkoal|Torkoal, F|100\/100|[from] U-turn\n|-weather|SunnyDay|[from] ability: Drought|[of] p1a: Torkoal\n|move|p2b: Dinner Convo Other|Stockpile|p2b: Dinner Convo Other\n|-start|p2b: Dinner Convo Other|stockpile2\n|-boost|p2b: Dinner Convo Other|def|1\n|-boost|p2b: Dinner Convo Other|spd|1\n|move|p1b: Kingambit|Kowtow Cleave|p2a: Aunt Karen\n|-supereffective|p2a: Aunt Karen\n|-damage|p2a: Aunt Karen|0 fnt\n|faint|p2a: Aunt Karen\n|\n|-weather|SunnyDay|[upkeep]\n|upkeep\n|\n|t:|1700774296\n|switch|p2a: Uncle Andy|Sableye, M, shiny|100\/100\n|turn|4\n|\n|t:|1700774325\n|move|p1a: Torkoal|Protect|p1a: Torkoal\n|-singleturn|p1a: Torkoal|Protect\n|move|p1b: Kingambit|Sucker Punch|p2a: Uncle Andy\n|-damage|p2a: Uncle Andy|57\/100\n|move|p2b: Dinner Convo Other|Stockpile|p2b: Dinner Convo Other\n|-start|p2b: Dinner Convo Other|stockpile3\n|-boost|p2b: Dinner Convo Other|def|1\n|-boost|p2b: Dinner Convo Other|spd|1\n|move|p2a: Uncle Andy|Fling|p2b: Dinner Convo Other\n|-resisted|p2b: Dinner Convo Other\n|-damage|p2b: Dinner Convo Other|99\/100\n|-boost|p2b: Dinner Convo Other|spa|1|[from] item: Petaya Berry\n|-enditem|p2a: Uncle Andy|Petaya Berry|[from] move: Fling\n|\n|-weather|SunnyDay|[upkeep]\n|upkeep\n|turn|5\n|inactive|bobjrthecow has 120 seconds left.\n|\n|t:|1700774361\n|move|p2a: Uncle Andy|Helping Hand|p2b: Dinner Convo Other\n|-singleturn|p2b: Dinner Convo Other|Helping Hand|[of] p2a: Uncle Andy\n|move|p2b: Dinner Convo Other|Dazzling Gleam|p1a: Torkoal|[spread] p1a,p1b\n|-resisted|p1a: Torkoal\n|-damage|p1a: Torkoal|60\/100\n|-damage|p1b: Kingambit|41\/100\n|move|p1b: Kingambit|Swords Dance|p1b: Kingambit\n|-boost|p1b: Kingambit|atk|2\n|move|p1a: Torkoal|Eruption|p2a: Uncle Andy|[spread] p2a,p2b\n|-damage|p2a: Uncle Andy|0 fnt\n|-damage|p2b: Dinner Convo Other|76\/100\n|faint|p2a: Uncle Andy\n|\n|-weather|SunnyDay|[upkeep]\n|-fieldend|Misty Terrain\n|upkeep\n|inactive|GhostMasterMorty has 120 seconds left.\n|\n|t:|1700774382\n|switch|p2a: Da Turkey|Espathra, M, shiny|100\/100\n|-item|p1a: Torkoal|Heat Rock|[from] ability: Frisk|[of] p2a: Da Turkey|[identify]\n|-item|p1b: Kingambit|Black Glasses|[from] ability: Frisk|[of] p2a: Da Turkey|[identify]\n|turn|6\n|inactive|GhostMasterMorty has 120 seconds left.\n|\n|t:|1700774409\n|move|p2a: Da Turkey|Ally Switch|p2a: Da Turkey\n|swap|p2a: Da Turkey|1|[from] move: Ally Switch\n|move|p1b: Kingambit|Sucker Punch|p2a: Dinner Convo Other\n|-resisted|p2a: Dinner Convo Other\n|-damage|p2a: Dinner Convo Other|61\/100\n|move|p2a: Dinner Convo Other|Belch|p1a: Torkoal\n|-damage|p1a: Torkoal|0 fnt\n|faint|p1a: Torkoal\n|\n|-weather|SunnyDay|[upkeep]\n|upkeep\n|inactive|bobjrthecow has 120 seconds left.\n|\n|t:|1700774426\n|switch|p1a: Landorus|Landorus-Therian, M|96\/100\n|-ability|p1a: Landorus|Intimidate|boost\n|-unboost|p2a: Dinner Convo Other|atk|1\n|-unboost|p2b: Da Turkey|atk|1\n|turn|7\n|\n|t:|1700774453\n|move|p2b: Da Turkey|Helping Hand|p2a: Dinner Convo Other\n|-singleturn|p2a: Dinner Convo Other|Helping Hand|[of] p2b: Da Turkey\n|move|p1b: Kingambit|Protect|p1b: Kingambit\n|-singleturn|p1b: Kingambit|Protect\n|move|p1a: Landorus|U-turn|p2b: Da Turkey\n|-supereffective|p2b: Da Turkey\n|-damage|p2b: Da Turkey|27\/100\n|inactive|bobjrthecow has 120 seconds left.\n|\n|t:|1700774464\n|switch|p1a: Azumarill|Azumarill, M|100\/100|[from] U-turn\n|move|p2a: Dinner Convo Other|Dazzling Gleam|p1b: Kingambit|[spread] p1a\n|-activate|p1b: Kingambit|move: Protect\n|-damage|p1a: Azumarill|38\/100\n|\n|-weather|SunnyDay|[upkeep]\n|upkeep\n|turn|8\n|\n|t:|1700774482\n|move|p2b: Da Turkey|Ally Switch|p2b: Da Turkey\n|swap|p2b: Da Turkey|0|[from] move: Ally Switch\n|move|p1a: Azumarill|Aqua Jet|p2b: Dinner Convo Other\n|-damage|p2b: Dinner Convo Other|57\/100\n|move|p2b: Dinner Convo Other|Dazzling Gleam|p1a: Azumarill|[spread] p1a,p1b\n|-damage|p1a: Azumarill|0 fnt\n|-damage|p1b: Kingambit|6\/100\n|faint|p1a: Azumarill\n|move|p1b: Kingambit|Kowtow Cleave|p2a: Da Turkey\n|-supereffective|p2a: Da Turkey\n|-enditem|p2a: Da Turkey|Colbur Berry|[eat]\n|-enditem|p2a: Da Turkey|Colbur Berry|[weaken]\n|-damage|p2a: Da Turkey|0 fnt\n|faint|p2a: Da Turkey\n|\n|-weather|SunnyDay|[upkeep]\n|upkeep\n|\n|t:|1700774504\n|switch|p2a: Food Coma|Komala, M, shiny|100\/100\n|switch|p1a: Ogerpon|Ogerpon-Hearthflame, F|100\/100\n|-ability|p1a: Ogerpon|Mold Breaker\n|-ability|p2a: Food Coma|Comatose\n|turn|9\n|\n|t:|1700774523\n|move|p2b: Dinner Convo Other|Protect|p2b: Dinner Convo Other\n|-singleturn|p2b: Dinner Convo Other|Protect\n|move|p1b: Kingambit|Protect|p1b: Kingambit\n|-singleturn|p1b: Kingambit|Protect\n|move|p1a: Ogerpon|Ivy Cudgel|p2b: Dinner Convo Other|[anim] Ivy Cudgel Fire\n|-activate|p2b: Dinner Convo Other|move: Protect\n|move|p2a: Food Coma|Play Rough|p1b: Kingambit\n|-activate|p1b: Kingambit|move: Protect\n|\n|-weather|SunnyDay|[upkeep]\n|upkeep\n|turn|10\n|inactive|GhostMasterMorty has 120 seconds left.\n|\n|t:|1700774556\n|move|p1a: Ogerpon|Follow Me|p1a: Ogerpon\n|-singleturn|p1a: Ogerpon|move: Follow Me\n|move|p2a: Food Coma|Stockpile|p2a: Food Coma\n|-start|p2a: Food Coma|stockpile1\n|-boost|p2a: Food Coma|def|1\n|-boost|p2a: Food Coma|spd|1\n|move|p2b: Dinner Convo Other|Dazzling Gleam|p1b: Kingambit|[spread] p1a,p1b\n|-resisted|p1a: Ogerpon\n|-damage|p1a: Ogerpon|79\/100\n|-damage|p1b: Kingambit|0 fnt\n|faint|p1b: Kingambit\n|\n|-weather|none\n|upkeep\n|\n|t:|1700774566\n|switch|p1b: Landorus|Landorus-Therian, M|96\/100\n|-ability|p1b: Landorus|Intimidate|boost\n|-unboost|p2a: Food Coma|atk|1\n|-unboost|p2b: Dinner Convo Other|atk|1\n|turn|11\n|\n|t:|1700774584\n|move|p2b: Dinner Convo Other|Protect|p2b: Dinner Convo Other\n|-singleturn|p2b: Dinner Convo Other|Protect\n|move|p1a: Ogerpon|Ivy Cudgel|p2b: Dinner Convo Other|[anim] Ivy Cudgel Fire\n|-activate|p2b: Dinner Convo Other|move: Protect\n|move|p1b: Landorus|Stomping Tantrum|p2a: Food Coma\n|-damage|p2a: Food Coma|55\/100\n|move|p2a: Food Coma|Stockpile|p2a: Food Coma\n|-start|p2a: Food Coma|stockpile2\n|-boost|p2a: Food Coma|def|1\n|-boost|p2a: Food Coma|spd|1\n|\n|-heal|p2a: Food Coma|61\/100|[from] item: Leftovers\n|upkeep\n|turn|12\n|inactive|GhostMasterMorty has 120 seconds left.\n|\n|t:|1700774617\n|move|p2a: Food Coma|Protect|p2a: Food Coma\n|-singleturn|p2a: Food Coma|Protect\n|move|p1a: Ogerpon|Ivy Cudgel|p2b: Dinner Convo Other|[anim] Ivy Cudgel Fire\n|-damage|p2b: Dinner Convo Other|36\/100\n|move|p1b: Landorus|Stone Edge|p2a: Food Coma\n|-activate|p2a: Food Coma|move: Protect\n|move|p2b: Dinner Convo Other|Belch|p1a: Ogerpon\n|-supereffective|p1a: Ogerpon\n|-damage|p1a: Ogerpon|0 fnt\n|faint|p1a: Ogerpon\n|\n|-heal|p2a: Food Coma|67\/100|[from] item: Leftovers\n|upkeep\n|\n|t:|1700774627\n|switch|p1a: Flutter Mane|Flutter Mane|100\/100\n|turn|13\n|-message|bobjrthecow forfeited.\n|\n|win|GhostMasterMorty\n|raw|bobjrthecow's rating: 1046 &rarr; <strong>1028<\/strong><br \/>(-18 for losing)\n|raw|GhostMasterMorty's rating: 1025 &rarr; <strong>1063<\/strong><br \/>(+38 for winning)\n|l|\u2606bobjrthecow\n|c|\u2606GhostMasterMorty|GGWP\n|c|\u2606GhostMasterMorty|Call me a Temp6t Ripoff again bitch\n|c|\u2606GhostMasterMorty|Get spat on\n","uploadtime":1700774666,"views":46,"p1id":"bobjrthecow","p2id":"ghostmastermorty","formatid":"gen9doublesou","rating":1028,"private":0,"password":""}