{"id":"gen9doublesou-1989653204","p1":"Cristaldu41","p2":"shwika","format":"[Gen 9] Doubles OU","log":"|j|\u2606Cristaldu41\n|j|\u2606shwika\n|t:|1699883517\n|gametype|doubles\n|player|p1|Cristaldu41|palmer|1397\n|player|p2|shwika|maid|1459\n|teamsize|p1|6\n|teamsize|p2|6\n|gen|9\n|tier|[Gen 9] Doubles OU\n|rated|\n|rule|Species Clause: Limit one of each Pok\u00e9mon\n|rule|OHKO Clause: OHKO moves are banned\n|rule|Evasion Moves Clause: Evasion moves are banned\n|rule|Gravity Sleep Clause: The combination of sleep-inducing moves with imperfect accuracy and Gravity or Gigantamax Orbeetle are banned\n|rule|Endless Battle Clause: Forcing endless battles is banned\n|rule|HP Percentage Mod: HP is shown in percentages\n|clearpoke\n|poke|p1|Chien-Pao|\n|poke|p1|Flutter Mane|\n|poke|p1|Tornadus, M|\n|poke|p1|Dragonite, M|\n|poke|p1|Kingambit, F|\n|poke|p1|Sinistcha-Masterpiece|\n|poke|p2|Milotic, F|\n|poke|p2|Dragonite, M|\n|poke|p2|Flutter Mane|\n|poke|p2|Glimmora, F|\n|poke|p2|Tornadus, M|\n|poke|p2|Kingambit, M|\n|teampreview\n|inactive|Battle timer is ON: inactive players will automatically lose when time's up. (requested by shwika)\n|\n|t:|1699883527\n|start\n|switch|p1a: Tornadus|Tornadus, M|100\/100\n|switch|p1b: Flutter Mane|Flutter Mane|100\/100\n|switch|p2a: Aeolus|Tornadus, M|100\/100\n|switch|p2b: Venus|Milotic, F|100\/100\n|turn|1\n|\n|t:|1699883556\n|move|p2a: Aeolus|Taunt|p1a: Tornadus\n|-start|p1a: Tornadus|move: Taunt\n|move|p1b: Flutter Mane|Thunderbolt|p2b: Venus\n|-supereffective|p2b: Venus\n|-damage|p2b: Venus|36\/100\n|move|p1a: Tornadus|Bleakwind Storm|p2b: Venus|[spread] p2a,p2b\n|-damage|p2a: Aeolus|69\/100\n|-damage|p2b: Venus|10\/100\n|move|p2b: Venus|Ice Beam|p1a: Tornadus\n|-supereffective|p1a: Tornadus\n|-damage|p1a: Tornadus|61\/100\n|\n|-status|p2b: Venus|brn|[from] item: Flame Orb\n|upkeep\n|turn|2\n|\n|t:|1699883578\n|switch|p2b: Kingambit|Kingambit, M|100\/100\n|move|p2a: Aeolus|Tailwind|p2a: Aeolus\n|-sidestart|p2: shwika|move: Tailwind\n|move|p1b: Flutter Mane|Thunderbolt|p2a: Aeolus\n|-supereffective|p2a: Aeolus\n|-damage|p2a: Aeolus|0 fnt\n|faint|p2a: Aeolus\n|move|p1a: Tornadus|Bleakwind Storm|p2b: Kingambit|[miss]\n|-miss|p1a: Tornadus|p2b: Kingambit\n|\n|upkeep\n|\n|t:|1699883585\n|switch|p2a: Venus|Milotic, F|10\/100 brn\n|turn|3\n|\n|t:|1699883591\n|-end|p1b: Flutter Mane|Protosynthesis|[silent]\n|switch|p1b: Sinistcha|Sinistcha-Masterpiece|100\/100\n|-heal|p1a: Tornadus|86\/100|[from] ability: Hospitality|[of] p1b: Sinistcha\n|move|p2b: Kingambit|Sucker Punch||[still]\n|-fail|p2b: Kingambit\n|move|p2a: Venus|Recover|p2a: Venus\n|-heal|p2a: Venus|60\/100 brn\n|move|p1a: Tornadus|Bleakwind Storm|p2b: Kingambit|[spread] p2a,p2b\n|-resisted|p2b: Kingambit\n|-damage|p2a: Venus|32\/100 brn\n|-damage|p2b: Kingambit|88\/100\n|\n|-damage|p2a: Venus|26\/100 brn|[from] brn\n|-end|p1a: Tornadus|move: Taunt\n|upkeep\n|turn|4\n|\n|t:|1699883606\n|-terastallize|p2a: Venus|Steel\n|move|p2b: Kingambit|Sucker Punch|p1b: Sinistcha\n|-supereffective|p1b: Sinistcha\n|-damage|p1b: Sinistcha|44\/100\n|move|p1a: Tornadus|Tailwind|p1a: Tornadus\n|-sidestart|p1: Cristaldu41|move: Tailwind\n|move|p2a: Venus|Recover|p2a: Venus\n|-heal|p2a: Venus|76\/100 brn\n|move|p1b: Sinistcha|Matcha Gotcha|p2b: Kingambit|[spread] p2a,p2b\n|-resisted|p2a: Venus\n|-resisted|p2b: Kingambit\n|-crit|p2b: Kingambit\n|-damage|p2a: Venus|68\/100 brn\n|-heal|p1b: Sinistcha|49\/100|[from] drain|[of] p2a: Venus\n|-damage|p2b: Kingambit|76\/100\n|-heal|p1b: Sinistcha|57\/100|[from] drain|[of] p2b: Kingambit\n|\n|-heal|p1b: Sinistcha|63\/100|[from] item: Leftovers\n|-damage|p2a: Venus|61\/100 brn|[from] brn\n|upkeep\n|turn|5\n|\n|t:|1699883627\n|move|p1a: Tornadus|Bleakwind Storm|p2b: Kingambit|[spread] p2a,p2b\n|-resisted|p2a: Venus\n|-resisted|p2b: Kingambit\n|-damage|p2a: Venus|47\/100 brn\n|-damage|p2b: Kingambit|64\/100\n|move|p2a: Venus|Ice Beam|p1b: Sinistcha\n|-supereffective|p1b: Sinistcha\n|-damage|p1b: Sinistcha|17\/100\n|move|p1b: Sinistcha|Matcha Gotcha|p2b: Kingambit|[spread] p2a\n|-miss|p1b: Sinistcha|p2b: Kingambit\n|-resisted|p2a: Venus\n|-damage|p2a: Venus|39\/100 brn\n|-heal|p1b: Sinistcha|22\/100|[from] drain|[of] p2a: Venus\n|move|p2b: Kingambit|Iron Head|p1b: Sinistcha\n|-damage|p1b: Sinistcha|0 fnt\n|faint|p1b: Sinistcha\n|\n|-damage|p2a: Venus|33\/100 brn|[from] brn\n|-sideend|p2: shwika|move: Tailwind\n|upkeep\n|\n|t:|1699883638\n|switch|p1b: Dragonite|Dragonite, M|100\/100\n|turn|6\n|\n|t:|1699883656\n|switch|p2a: Glimmora|Glimmora, F|100\/100\n|-item|p2a: Glimmora|Air Balloon\n|move|p2b: Kingambit|Sucker Punch|p1b: Dragonite\n|-damage|p1b: Dragonite|77\/100\n|move|p1b: Dragonite|Stomping Tantrum|p2b: Kingambit\n|-supereffective|p2b: Kingambit\n|-damage|p2b: Kingambit|10\/100\n|move|p1a: Tornadus|Bleakwind Storm|p2b: Kingambit|[spread] p2a,p2b\n|-resisted|p2a: Glimmora\n|-resisted|p2b: Kingambit\n|-crit|p2b: Kingambit\n|-damage|p2a: Glimmora|79\/100\n|-damage|p2b: Kingambit|0 fnt\n|-enditem|p2a: Glimmora|Air Balloon\n|faint|p2b: Kingambit\n|\n|upkeep\n|\n|t:|1699883666\n|switch|p2b: Flutter Mane|Flutter Mane|100\/100\n|turn|7\n|\n|t:|1699883678\n|move|p2b: Flutter Mane|Protect|p2b: Flutter Mane\n|-singleturn|p2b: Flutter Mane|Protect\n|move|p1b: Dragonite|Stomping Tantrum|p2b: Flutter Mane\n|-activate|p2b: Flutter Mane|move: Protect\n|move|p1a: Tornadus|Bleakwind Storm|p2b: Flutter Mane|[spread] p2a\n|-activate|p2b: Flutter Mane|move: Protect\n|-resisted|p2a: Glimmora\n|-damage|p2a: Glimmora|58\/100\n|move|p2a: Glimmora|Stealth Rock|p1b: Dragonite\n|-sidestart|p1: Cristaldu41|move: Stealth Rock\n|\n|-sideend|p1: Cristaldu41|move: Tailwind\n|upkeep\n|turn|8\n|\n|t:|1699883694\n|-end|p2b: Flutter Mane|Protosynthesis|[silent]\n|switch|p2b: Dragonite|Dragonite, M|100\/100\n|move|p1a: Tornadus|Tailwind|p1a: Tornadus\n|-sidestart|p1: Cristaldu41|move: Tailwind\n|move|p1b: Dragonite|Stomping Tantrum|p2b: Dragonite\n|-immune|p2b: Dragonite\n|move|p2a: Glimmora|Power Gem|p1a: Tornadus\n|-supereffective|p1a: Tornadus\n|-damage|p1a: Tornadus|13\/100\n|\n|upkeep\n|turn|9\n|\n|t:|1699883711\n|move|p2b: Dragonite|Extreme Speed|p1b: Dragonite\n|-damage|p1b: Dragonite|46\/100\n|move|p1b: Dragonite|Stomping Tantrum|p2a: Glimmora\n|-supereffective|p2a: Glimmora\n|-damage|p2a: Glimmora|0 fnt\n|-activate|p2a: Glimmora|ability: Toxic Debris\n|-sidestart|p1: Cristaldu41|move: Toxic Spikes\n|faint|p2a: Glimmora\n|move|p1a: Tornadus|Bleakwind Storm|p2b: Dragonite\n|-damage|p2b: Dragonite|76\/100\n|-unboost|p2b: Dragonite|spe|1\n|\n|upkeep\n|\n|t:|1699883727\n|switch|p2a: Flutter Mane|Flutter Mane|100\/100\n|turn|10\n|\n|t:|1699883739\n|switch|p1b: Kingambit|Kingambit, F|100\/100\n|-damage|p1b: Kingambit|94\/100|[from] Stealth Rock\n|move|p2b: Dragonite|Extreme Speed|p1a: Tornadus\n|-damage|p1a: Tornadus|0 fnt\n|faint|p1a: Tornadus\n|move|p2a: Flutter Mane|Moonblast|p1b: Kingambit\n|-damage|p1b: Kingambit|32\/100\n|\n|upkeep\n|\n|t:|1699883752\n|switch|p1a: Chien-Pao|Chien-Pao|100\/100\n|-damage|p1a: Chien-Pao|76\/100|[from] Stealth Rock\n|-status|p1a: Chien-Pao|psn\n|-ability|p1a: Chien-Pao|Sword of Ruin\n|turn|11\n|\n|t:|1699883765\n|move|p2a: Flutter Mane|Protect|p2a: Flutter Mane\n|-singleturn|p2a: Flutter Mane|Protect\n|move|p1a: Chien-Pao|Icicle Crash|p2b: Dragonite\n|-supereffective|p2b: Dragonite\n|-damage|p2b: Dragonite|0 fnt\n|faint|p2b: Dragonite\n|move|p1b: Kingambit|Iron Head|p2a: Flutter Mane\n|-activate|p2a: Flutter Mane|move: Protect\n|\n|-damage|p1a: Chien-Pao|63\/100 psn|[from] psn\n|-sideend|p1: Cristaldu41|move: Tailwind\n|upkeep\n|\n|t:|1699883774\n|switch|p2b: Venus|Milotic, F, tera:Steel|33\/100 brn\n|turn|12\n|\n|t:|1699883791\n|-terastallize|p1b: Kingambit|Dark\n|move|p1b: Kingambit|Sucker Punch|p2a: Flutter Mane\n|-damage|p2a: Flutter Mane|0 fnt\n|faint|p2a: Flutter Mane\n|-end|p2a: Flutter Mane|Protosynthesis|[silent]\n|move|p1a: Chien-Pao|Sacred Sword|p2b: Venus\n|-supereffective|p2b: Venus\n|-damage|p2b: Venus|0 fnt\n|faint|p2b: Venus\n|\n|win|Cristaldu41\n|raw|Cristaldu41's rating: 1397 &rarr; <strong>1421<\/strong><br \/>(+24 for winning)\n|raw|shwika's rating: 1459 &rarr; <strong>1435<\/strong><br \/>(-24 for losing)\n|l|\u2606shwika\n","uploadtime":1699883818,"views":7,"p1id":"cristaldu41","p2id":"shwika","formatid":"gen9doublesou","rating":1421,"private":0,"password":""}