{"id":"gen9doublesou-1990643716","p1":"Embluede","p2":"KaidoKavern","format":"[Gen 9] Doubles OU","log":"|j|\u2606Embluede\n|j|\u2606KaidoKavern\n|t:|1699988214\n|gametype|doubles\n|player|p1|Embluede|birdkeeper|\n|player|p2|KaidoKavern|ghetsis|\n|teamsize|p1|6\n|teamsize|p2|6\n|gen|9\n|tier|[Gen 9] Doubles OU\n|rule|Species Clause: Limit one of each Pok\u00e9mon\n|rule|OHKO Clause: OHKO moves are banned\n|rule|Evasion Moves Clause: Evasion moves are banned\n|rule|Gravity Sleep Clause: The combination of sleep-inducing moves with imperfect accuracy and Gravity or Gigantamax Orbeetle are banned\n|rule|Endless Battle Clause: Forcing endless battles is banned\n|rule|HP Percentage Mod: HP is shown in percentages\n|clearpoke\n|poke|p1|Sinistcha|\n|poke|p1|Chien-Pao|\n|poke|p1|Glimmora, M|\n|poke|p1|Grimmsnarl, M|\n|poke|p1|Volcarona, M|\n|poke|p1|Oricorio-Pom-Pom, M|\n|poke|p2|Rillaboom, F|\n|poke|p2|Kommo-o, M|\n|poke|p2|Sinistcha-Masterpiece|\n|poke|p2|Flamigo, M|\n|poke|p2|Landorus-Therian, M|\n|poke|p2|Chi-Yu|\n|teampreview\n|inactive|Battle timer is ON: inactive players will automatically lose when time's up. (requested by Embluede)\n|inactive|KaidoKavern also wants the timer to be on.\n|\n|t:|1699988229\n|start\n|switch|p1a: Oricorio|Oricorio-Pom-Pom, M|100\/100\n|switch|p1b: Volcarona|Volcarona, M|100\/100\n|switch|p2a: Rillaboom|Rillaboom, F, shiny|100\/100\n|switch|p2b: Kommo-o|Kommo-o, M, shiny|100\/100\n|-fieldstart|move: Grassy Terrain|[from] ability: Grassy Surge|[of] p2a: Rillaboom\n|turn|1\n|\n|t:|1699988239\n|move|p2a: Rillaboom|Fake Out|p1b: Volcarona\n|-damage|p1b: Volcarona|79\/100\n|move|p1a: Oricorio|Icy Wind|p2a: Rillaboom|[spread] p2a,p2b\n|-supereffective|p2a: Rillaboom\n|-supereffective|p2b: Kommo-o\n|-damage|p2a: Rillaboom|83\/100\n|-damage|p2b: Kommo-o|74\/100\n|-unboost|p2a: Rillaboom|spe|1\n|-unboost|p2b: Kommo-o|spe|1\n|cant|p1b: Volcarona|flinch\n|move|p2b: Kommo-o|Clangorous Soul|p2b: Kommo-o\n|-boost|p2b: Kommo-o|atk|1\n|-boost|p2b: Kommo-o|def|1\n|-boost|p2b: Kommo-o|spa|1\n|-boost|p2b: Kommo-o|spd|1\n|-boost|p2b: Kommo-o|spe|1\n|-damage|p2b: Kommo-o|41\/100\n|-activate|p1a: Oricorio|ability: Dancer\n|move|p1a: Oricorio|Clangorous Soul|p1a: Oricorio|[from]ability: Dancer\n|-boost|p1a: Oricorio|atk|1\n|-boost|p1a: Oricorio|def|1\n|-boost|p1a: Oricorio|spa|1\n|-boost|p1a: Oricorio|spd|1\n|-boost|p1a: Oricorio|spe|1\n|-damage|p1a: Oricorio|68\/100\n|\n|-heal|p1b: Volcarona|85\/100|[from] Grassy Terrain\n|-heal|p2b: Kommo-o|48\/100|[from] Grassy Terrain\n|-heal|p2a: Rillaboom|89\/100|[from] Grassy Terrain\n|upkeep\n|turn|2\n|inactive|KaidoKavern has 270 seconds left.\n|\n|t:|1699988280\n|switch|p2a: Landorus|Landorus-Therian, M|100\/100\n|-ability|p2a: Landorus|Intimidate|boost\n|-unboost|p1a: Oricorio|atk|1\n|-unboost|p1b: Volcarona|atk|1\n|move|p1a: Oricorio|Air Slash|p2b: Kommo-o\n|-supereffective|p2b: Kommo-o\n|-damage|p2b: Kommo-o|0 fnt\n|faint|p2b: Kommo-o\n|move|p1b: Volcarona|Quiver Dance|p1b: Volcarona\n|-boost|p1b: Volcarona|spa|1\n|-boost|p1b: Volcarona|spd|1\n|-boost|p1b: Volcarona|spe|1\n|-activate|p1a: Oricorio|ability: Dancer\n|move|p1a: Oricorio|Quiver Dance|p1a: Oricorio|[from]ability: Dancer\n|-boost|p1a: Oricorio|spa|1\n|-boost|p1a: Oricorio|spd|1\n|-boost|p1a: Oricorio|spe|1\n|\n|-heal|p1b: Volcarona|91\/100|[from] Grassy Terrain\n|upkeep\n|\n|t:|1699988289\n|switch|p2b: Chi-Yu|Chi-Yu|100\/100\n|-ability|p2b: Chi-Yu|Beads of Ruin\n|turn|3\n|\n|t:|1699988311\n|-terastallize|p1a: Oricorio|Ground\n|move|p1a: Oricorio|Revelation Dance|p2b: Chi-Yu\n|-supereffective|p2b: Chi-Yu\n|-damage|p2b: Chi-Yu|0 fnt\n|faint|p2b: Chi-Yu\n|move|p2a: Landorus|Rock Slide|p1a: Oricorio|[spread] p1a,p1b\n|-resisted|p1a: Oricorio\n|-supereffective|p1b: Volcarona\n|-damage|p1a: Oricorio|57\/100\n|-damage|p1b: Volcarona|0 fnt\n|faint|p1b: Volcarona\n|\n|-heal|p1a: Oricorio|63\/100|[from] Grassy Terrain\n|upkeep\n|\n|t:|1699988340\n|switch|p2b: Rillaboom|Rillaboom, F, shiny|89\/100\n|switch|p1b: Sinistcha|Sinistcha|100\/100\n|-heal|p1a: Oricorio|87\/100|[from] ability: Hospitality|[of] p1b: Sinistcha\n|turn|4\n|\n|t:|1699988354\n|switch|p2a: Sinistcha|Sinistcha-Masterpiece|100\/100\n|-heal|p2b: Rillaboom|100\/100|[from] ability: Hospitality|[of] p2a: Sinistcha\n|move|p2b: Rillaboom|Grassy Glide|p1a: Oricorio\n|-supereffective|p1a: Oricorio\n|-damage|p1a: Oricorio|5\/100\n|move|p1a: Oricorio|Air Slash|p2b: Rillaboom\n|-supereffective|p2b: Rillaboom\n|-damage|p2b: Rillaboom|0 fnt\n|faint|p2b: Rillaboom\n|move|p1b: Sinistcha|Matcha Gotcha|p2a: Sinistcha\n|-resisted|p2a: Sinistcha\n|-damage|p2a: Sinistcha|77\/100\n|\n|-heal|p1a: Oricorio|11\/100|[from] Grassy Terrain\n|-heal|p2a: Sinistcha|83\/100|[from] Grassy Terrain\n|upkeep\n|\n|t:|1699988363\n|switch|p2b: Landorus|Landorus-Therian, M|100\/100\n|-ability|p2b: Landorus|Intimidate|boost\n|-unboost|p1a: Oricorio|atk|1\n|-unboost|p1b: Sinistcha|atk|1\n|turn|5\n|\n|t:|1699988379\n|move|p1a: Oricorio|Air Slash|p2a: Sinistcha\n|-supereffective|p2a: Sinistcha\n|-crit|p2a: Sinistcha\n|-damage|p2a: Sinistcha|0 fnt\n|faint|p2a: Sinistcha\n|move|p2b: Landorus|U-turn|p1b: Sinistcha\n|-damage|p1b: Sinistcha|83\/100\n|\n|t:|1699988381\n|switch|p2b: Flamigo|Flamigo, M|100\/100|[from] U-turn\n|move|p1b: Sinistcha|Matcha Gotcha|p2b: Flamigo\n|-resisted|p2b: Flamigo\n|-damage|p2b: Flamigo|68\/100\n|-heal|p1b: Sinistcha|97\/100|[from] drain|[of] p2b: Flamigo\n|-status|p2b: Flamigo|brn\n|\n|-heal|p1a: Oricorio|17\/100|[from] Grassy Terrain\n|-heal|p1b: Sinistcha|100\/100|[from] Grassy Terrain\n|-damage|p2b: Flamigo|62\/100 brn|[from] brn\n|-fieldend|move: Grassy Terrain\n|upkeep\n|\n|t:|1699988383\n|switch|p2a: Landorus|Landorus-Therian, M|100\/100\n|-ability|p2a: Landorus|Intimidate|boost\n|-unboost|p1a: Oricorio|atk|1\n|-unboost|p1b: Sinistcha|atk|1\n|turn|6\n|\n|t:|1699988395\n|move|p1a: Oricorio|Air Slash|p2b: Flamigo\n|-supereffective|p2b: Flamigo\n|-damage|p2b: Flamigo|0 fnt\n|faint|p2b: Flamigo\n|move|p2a: Landorus|Stomping Tantrum|p1b: Sinistcha\n|-resisted|p1b: Sinistcha\n|-damage|p1b: Sinistcha|85\/100\n|move|p1b: Sinistcha|Matcha Gotcha|p2a: Landorus\n|-damage|p2a: Landorus|55\/100\n|-heal|p1b: Sinistcha|100\/100|[from] drain|[of] p2a: Landorus\n|-status|p2a: Landorus|brn\n|\n|-damage|p2a: Landorus|49\/100 brn|[from] brn\n|upkeep\n|turn|7\n|\n|t:|1699988407\n|move|p1a: Oricorio|Air Slash|p2a: Landorus\n|-damage|p2a: Landorus|0 fnt\n|faint|p2a: Landorus\n|\n|win|Embluede\n","uploadtime":1699988415,"views":13,"p1id":"embluede","p2id":"kaidokavern","formatid":"gen9doublesou","rating":0,"private":0,"password":""}