{"id":"gen9doublesou-1982774533","p1":"Travenant Forestry","p2":"KyroZag","format":"[Gen 9] Doubles OU","log":"|j|\u2606Travenant Forestry\n|j|\u2606KyroZag\n|t:|1699043642\n|gametype|doubles\n|player|p1|Travenant Forestry|101|1058\n|player|p2|KyroZag|ash|1152\n|teamsize|p1|6\n|teamsize|p2|6\n|gen|9\n|tier|[Gen 9] Doubles OU\n|rated|\n|rule|Species Clause: Limit one of each Pok\u00e9mon\n|rule|OHKO Clause: OHKO moves are banned\n|rule|Evasion Moves Clause: Evasion moves are banned\n|rule|Gravity Sleep Clause: The combination of sleep-inducing moves with imperfect accuracy and Gravity or Gigantamax Orbeetle are banned\n|rule|Endless Battle Clause: Forcing endless battles is banned\n|rule|HP Percentage Mod: HP is shown in percentages\n|clearpoke\n|poke|p1|Baxcalibur, M|\n|poke|p1|Ninetales, F|\n|poke|p1|Clefable, F|\n|poke|p1|Great Tusk|\n|poke|p1|Ceruledge, M|\n|poke|p1|Sinistcha-Masterpiece|\n|poke|p2|Houndstone, M|\n|poke|p2|Gastrodon-East, M|\n|poke|p2|Lycanroc, M|\n|poke|p2|Tyranitar, F|\n|poke|p2|Flutter Mane|\n|poke|p2|Sableye, M|\n|teampreview\n|inactive|Battle timer is ON: inactive players will automatically lose when time's up. (requested by KyroZag)\n|\n|t:|1699043659\n|start\n|switch|p1a: Baxcalibur|Baxcalibur, M, shiny|100\/100\n|switch|p1b: Ninetales|Ninetales, F, shiny|100\/100\n|switch|p2a: Sableye|Sableye, M|100\/100\n|switch|p2b: Flutter Mane|Flutter Mane|100\/100\n|-weather|SunnyDay|[from] ability: Drought|[of] p1b: Ninetales\n|-activate|p2b: Flutter Mane|ability: Protosynthesis\n|-start|p2b: Flutter Mane|protosynthesisspe\n|turn|1\n|inactive|Travenant Forestry has 120 seconds left.\n|inactive|KyroZag has 120 seconds left.\n|\n|t:|1699043703\n|switch|p1a: Ceruledge|Ceruledge, M|100\/100\n|move|p2a: Sableye|Taunt|p1b: Ninetales\n|-start|p1b: Ninetales|move: Taunt\n|move|p2b: Flutter Mane|Moonblast|p1a: Ceruledge\n|-resisted|p1a: Ceruledge\n|-damage|p1a: Ceruledge|65\/100\n|-unboost|p1a: Ceruledge|spa|1\n|-damage|p2b: Flutter Mane|91\/100|[from] item: Life Orb\n|move|p1b: Ninetales|Flame Charge|p2b: Flutter Mane\n|-damage|p2b: Flutter Mane|48\/100\n|-boost|p1b: Ninetales|spe|1\n|\n|-weather|SunnyDay|[upkeep]\n|upkeep\n|turn|2\n|inactive|Travenant Forestry has 120 seconds left.\n|inactive|KyroZag has 120 seconds left.\n|\n|t:|1699043726\n|move|p1a: Ceruledge|Shadow Sneak|p2b: Flutter Mane\n|-supereffective|p2b: Flutter Mane\n|-damage|p2b: Flutter Mane|0 fnt\n|faint|p2b: Flutter Mane\n|-end|p2b: Flutter Mane|Protosynthesis|[silent]\n|-damage|p1a: Ceruledge|56\/100|[from] item: Life Orb\n|move|p2a: Sableye|Reflect|p2a: Sableye\n|-sidestart|p2: KyroZag|Reflect\n|move|p1b: Ninetales|Heat Wave|p2a: Sableye\n|-damage|p2a: Sableye|16\/100\n|\n|-weather|SunnyDay|[upkeep]\n|upkeep\n|\n|t:|1699043730\n|switch|p2b: Tyranitar|Tyranitar, F|100\/100\n|-weather|Sandstorm|[from] ability: Sand Stream|[of] p2b: Tyranitar\n|turn|3\n|\n|t:|1699043747\n|switch|p1b: Great Tusk|Great Tusk|100\/100\n|move|p1a: Ceruledge|Destiny Bond|p1a: Ceruledge\n|-singlemove|p1a: Ceruledge|Destiny Bond\n|move|p2b: Tyranitar|Rock Slide|p1a: Ceruledge|[spread] p1a,p1b\n|-supereffective|p1a: Ceruledge\n|-resisted|p1b: Great Tusk\n|-damage|p1a: Ceruledge|0 fnt\n|-damage|p1b: Great Tusk|95\/100\n|faint|p1a: Ceruledge\n|-activate|p1a: Ceruledge|move: Destiny Bond\n|faint|p2b: Tyranitar\n|move|p2a: Sableye|Foul Play|p1b: Great Tusk\n|-resisted|p1b: Great Tusk\n|-crit|p1b: Great Tusk\n|-damage|p1b: Great Tusk|70\/100\n|\n|-weather|Sandstorm|[upkeep]\n|upkeep\n|\n|t:|1699043769\n|switch|p1a: Ninetales|Ninetales, F, shiny|100\/100\n|switch|p2b: Houndstone|Houndstone, M|100\/100\n|-weather|SunnyDay|[from] ability: Drought|[of] p1a: Ninetales\n|-activate|p1b: Great Tusk|ability: Protosynthesis\n|-start|p1b: Great Tusk|protosynthesisatk\n|turn|4\n|\n|t:|1699043781\n|move|p1a: Ninetales|Flame Charge|p2a: Sableye\n|-damage|p2a: Sableye|4\/100\n|-boost|p1a: Ninetales|spe|1\n|move|p1b: Great Tusk|Bulk Up|p1b: Great Tusk\n|-boost|p1b: Great Tusk|atk|1\n|-boost|p1b: Great Tusk|def|1\n|move|p2b: Houndstone|Last Respects|p1a: Ninetales\n|-damage|p1a: Ninetales|12\/100\n|move|p2a: Sableye|Foul Play|p1b: Great Tusk\n|-resisted|p1b: Great Tusk\n|-damage|p1b: Great Tusk|54\/100\n|\n|-weather|SunnyDay|[upkeep]\n|upkeep\n|turn|5\n|inactive|Travenant Forestry has 120 seconds left.\n|\n|t:|1699043816\n|move|p2a: Sableye|Encore|p1b: Great Tusk\n|-start|p1b: Great Tusk|Encore\n|move|p1a: Ninetales|Heat Wave|p2b: Houndstone|[spread] p2a,p2b\n|-damage|p2a: Sableye|0 fnt\n|-damage|p2b: Houndstone|51\/100\n|faint|p2a: Sableye\n|move|p1b: Great Tusk|Bulk Up|p1b: Great Tusk\n|-boost|p1b: Great Tusk|atk|1\n|-boost|p1b: Great Tusk|def|1\n|move|p2b: Houndstone|Last Respects|p1a: Ninetales\n|-damage|p1a: Ninetales|0 fnt\n|faint|p1a: Ninetales\n|\n|-weather|SunnyDay|[upkeep]\n|upkeep\n|\n|t:|1699043831\n|switch|p1a: Sinistcha|Sinistcha-Masterpiece, shiny|100\/100\n|switch|p2a: Gastrodon|Gastrodon-East, M|100\/100\n|-heal|p1b: Great Tusk|79\/100|[from] ability: Hospitality|[of] p1a: Sinistcha\n|turn|6\n|\n|t:|1699043849\n|-end|p1b: Great Tusk|Protosynthesis|[silent]\n|switch|p1b: Baxcalibur|Baxcalibur, M, shiny|100\/100\n|-terastallize|p1a: Sinistcha|Fire\n|move|p1a: Sinistcha|Shadow Ball|p2b: Houndstone\n|-supereffective|p2b: Houndstone\n|-damage|p2b: Houndstone|0 fnt\n|faint|p2b: Houndstone\n|move|p2a: Gastrodon|Earth Power|p1b: Baxcalibur\n|-damage|p1b: Baxcalibur|64\/100\n|\n|-weather|SunnyDay|[upkeep]\n|-sideend|p2: KyroZag|Reflect\n|upkeep\n|\n|t:|1699043858\n|switch|p2b: Lycanroc|Lycanroc, M|100\/100\n|turn|7\n|\n|t:|1699043872\n|move|p2b: Lycanroc|Rock Slide|p1b: Baxcalibur|[spread] p1a,p1b\n|-supereffective|p1a: Sinistcha\n|-supereffective|p1b: Baxcalibur\n|-damage|p1a: Sinistcha|50\/100\n|-damage|p1b: Baxcalibur|22\/100\n|cant|p1b: Baxcalibur|flinch\n|move|p1a: Sinistcha|Matcha Gotcha|p2a: Gastrodon|[spread] p2a,p2b\n|-supereffective|p2a: Gastrodon\n|-supereffective|p2b: Lycanroc\n|-damage|p2a: Gastrodon|14\/100\n|-heal|p1a: Sinistcha|100\/100|[from] drain|[of] p2a: Gastrodon\n|-damage|p2b: Lycanroc|9\/100\n|-enditem|p2a: Gastrodon|Aguav Berry|[eat]\n|-heal|p2a: Gastrodon|47\/100|[from] item: Aguav Berry\n|move|p2a: Gastrodon|Earth Power|p1b: Baxcalibur\n|-damage|p1b: Baxcalibur|0 fnt\n|faint|p1b: Baxcalibur\n|\n|-weather|SunnyDay|[upkeep]\n|upkeep\n|\n|t:|1699043894\n|switch|p1b: Great Tusk|Great Tusk|79\/100\n|-activate|p1b: Great Tusk|ability: Protosynthesis\n|-start|p1b: Great Tusk|protosynthesisatk\n|turn|8\n|\n|t:|1699043912\n|move|p2b: Lycanroc|Rock Slide|p1b: Great Tusk|[spread] p1a,p1b\n|-supereffective|p1a: Sinistcha\n|-resisted|p1b: Great Tusk\n|-damage|p1a: Sinistcha|50\/100\n|-damage|p1b: Great Tusk|75\/100\n|cant|p1b: Great Tusk|flinch\n|move|p1a: Sinistcha|Matcha Gotcha|p2a: Gastrodon|[spread] p2a,p2b\n|-supereffective|p2a: Gastrodon\n|-supereffective|p2b: Lycanroc\n|-crit|p2b: Lycanroc\n|-damage|p2a: Gastrodon|0 fnt\n|-heal|p1a: Sinistcha|89\/100|[from] drain|[of] p2a: Gastrodon\n|-damage|p2b: Lycanroc|0 fnt\n|-heal|p1a: Sinistcha|95\/100|[from] drain|[of] p2b: Lycanroc\n|faint|p2a: Gastrodon\n|faint|p2b: Lycanroc\n|\n|win|Travenant Forestry\n|raw|Travenant Forestry's rating: 1058 &rarr; <strong>1098<\/strong><br \/>(+40 for winning)\n|raw|KyroZag's rating: 1152 &rarr; <strong>1120<\/strong><br \/>(-32 for losing)\n|l|\u2606KyroZag\n","uploadtime":1699043954,"views":11,"p1id":"travenantforestry","p2id":"kyrozag","formatid":"gen9doublesou","rating":1098,"private":0,"password":""}