{"id":"gen9doublesou-1973475031","p1":"Leblades123","p2":"Griddion","format":"[Gen 9] Doubles OU","log":"|j|\u2606Leblades123\n|j|\u2606Griddion\n|t:|1697981031\n|gametype|doubles\n|player|p1|Leblades123|hiker-gen4|1151\n|player|p2|Griddion|steven|1344\n|teamsize|p1|6\n|teamsize|p2|6\n|gen|9\n|tier|[Gen 9] Doubles OU\n|rated|\n|rule|Species Clause: Limit one of each Pok\u00e9mon\n|rule|OHKO Clause: OHKO moves are banned\n|rule|Evasion Moves Clause: Evasion moves are banned\n|rule|Gravity Sleep Clause: The combination of sleep-inducing moves with imperfect accuracy and Gravity or Gigantamax Orbeetle are banned\n|rule|Endless Battle Clause: Forcing endless battles is banned\n|rule|HP Percentage Mod: HP is shown in percentages\n|clearpoke\n|poke|p1|Wyrdeer, F|\n|poke|p1|Okidogi, M|\n|poke|p1|Amoonguss, M|\n|poke|p1|Heatran, F|\n|poke|p1|Basculegion-F, F|\n|poke|p1|Iron Hands|\n|poke|p2|Ninetales-Alola, F|\n|poke|p2|Gliscor, M|\n|poke|p2|Baxcalibur, F|\n|poke|p2|Tornadus, M|\n|poke|p2|Chien-Pao|\n|poke|p2|Heatran, M|\n|teampreview\n|inactive|Battle timer is ON: inactive players will automatically lose when time's up. (requested by Griddion)\n|j| Marreant\n|\n|t:|1697981057\n|start\n|switch|p1a: Wyrdeer|Wyrdeer, F|100\/100\n|switch|p1b: Okidogi|Okidogi, M|100\/100\n|switch|p2a: Tornadus|Tornadus, M|100\/100\n|switch|p2b: Ninetales|Ninetales-Alola, F, shiny|100\/100\n|-weather|Snow|[from] ability: Snow Warning|[of] p2b: Ninetales\n|-ability|p1a: Wyrdeer|Intimidate|boost\n|-unboost|p2a: Tornadus|atk|1\n|-unboost|p2b: Ninetales|atk|1\n|turn|1\n|inactive|Griddion has 120 seconds left.\n|\n|t:|1697981106\n|move|p2a: Tornadus|Tailwind|p2a: Tornadus\n|-sidestart|p2: Griddion|move: Tailwind\n|move|p2b: Ninetales|Aurora Veil|p2b: Ninetales\n|-sidestart|p2: Griddion|move: Aurora Veil\n|move|p1b: Okidogi|Poison Jab|p2b: Ninetales\n|-supereffective|p2b: Ninetales\n|-crit|p2b: Ninetales\n|-damage|p2b: Ninetales|9\/100\n|move|p1a: Wyrdeer|Skill Swap|p2a: Tornadus\n|-activate|p1a: Wyrdeer|move: Skill Swap|Prankster|Intimidate|[of] p2a: Tornadus\n|-ability|p2a: Tornadus|Intimidate|boost\n|-unboost|p1a: Wyrdeer|atk|1\n|-ability|p1b: Okidogi|Guard Dog|boost\n|-boost|p1b: Okidogi|atk|1\n|\n|-weather|Snow|[upkeep]\n|upkeep\n|turn|2\n|inactive|Griddion has 120 seconds left.\n|\n|t:|1697981129\n|move|p1a: Wyrdeer|Skill Swap|p2a: Tornadus\n|-activate|p1a: Wyrdeer|move: Skill Swap|Intimidate|Prankster|[of] p2a: Tornadus\n|-ability|p1a: Wyrdeer|Intimidate|boost\n|-unboost|p2a: Tornadus|atk|1\n|-unboost|p2b: Ninetales|atk|1\n|move|p2a: Tornadus|U-turn|p1a: Wyrdeer\n|-supereffective|p1a: Wyrdeer\n|-damage|p1a: Wyrdeer|87\/100\n|\n|t:|1697981146\n|switch|p2a: Gliscor|Gliscor, M, shiny|100\/100|[from] U-turn\n|move|p2b: Ninetales|Blizzard|p1b: Okidogi|[spread] p1a,p1b\n|-damage|p1a: Wyrdeer|65\/100\n|-damage|p1b: Okidogi|85\/100\n|move|p1b: Okidogi|Poison Jab|p2b: Ninetales\n|-supereffective|p2b: Ninetales\n|-damage|p2b: Ninetales|0 fnt\n|faint|p2b: Ninetales\n|\n|-weather|Snow|[upkeep]\n|-heal|p1a: Wyrdeer|71\/100|[from] item: Leftovers\n|-status|p2a: Gliscor|tox|[from] item: Toxic Orb\n|upkeep\n|\n|t:|1697981159\n|switch|p2b: Tornadus|Tornadus, M|100\/100\n|turn|3\n|\n|t:|1697981172\n|move|p2b: Tornadus|Taunt|p1a: Wyrdeer\n|-start|p1a: Wyrdeer|move: Taunt\n|move|p2a: Gliscor|Earthquake|p1b: Okidogi|[spread] p1a,p1b\n|-immune|p2b: Tornadus\n|-supereffective|p1b: Okidogi\n|-crit|p1b: Okidogi\n|-damage|p1a: Wyrdeer|48\/100\n|-damage|p1b: Okidogi|21\/100\n|move|p1b: Okidogi|Knock Off|p2a: Gliscor\n|-damage|p2a: Gliscor|81\/100 tox\n|-enditem|p2a: Gliscor|Toxic Orb|[from] move: Knock Off|[of] p1b: Okidogi\n|cant|p1a: Wyrdeer|move: Taunt|Skill Swap\n|\n|-weather|Snow|[upkeep]\n|-heal|p1a: Wyrdeer|54\/100|[from] item: Leftovers\n|-heal|p2a: Gliscor|93\/100 tox|[from] ability: Poison Heal\n|upkeep\n|turn|4\n|\n|t:|1697981198\n|move|p2b: Tornadus|U-turn|p1a: Wyrdeer\n|-supereffective|p1a: Wyrdeer\n|-damage|p1a: Wyrdeer|24\/100\n|\n|t:|1697981206\n|switch|p2b: Baxcalibur|Baxcalibur, F|100\/100|[from] U-turn\n|move|p2a: Gliscor|Earthquake|p1b: Okidogi|[spread] p2b,p1a,p1b\n|-supereffective|p1b: Okidogi\n|-damage|p2b: Baxcalibur|89\/100\n|-damage|p1a: Wyrdeer|4\/100\n|-damage|p1b: Okidogi|0 fnt\n|faint|p1b: Okidogi\n|move|p1a: Wyrdeer|Psyshield Bash|p2a: Gliscor\n|-damage|p2a: Gliscor|88\/100 tox\n|-boost|p1a: Wyrdeer|def|1\n|\n|-weather|Snow|[upkeep]\n|-heal|p2b: Baxcalibur|95\/100|[from] ability: Ice Body\n|-heal|p1a: Wyrdeer|10\/100|[from] item: Leftovers\n|-heal|p2a: Gliscor|99\/100 tox|[from] ability: Poison Heal\n|-sideend|p2: Griddion|move: Tailwind\n|upkeep\n|\n|t:|1697981217\n|switch|p1b: Iron Hands|Iron Hands|100\/100\n|turn|5\n|\n|t:|1697981231\n|switch|p1a: Basculegion|Basculegion-F, F|100\/100\n|move|p1b: Iron Hands|Fake Out|p2a: Gliscor\n|-damage|p2a: Gliscor|94\/100 tox\n|move|p2b: Baxcalibur|Scale Shot|p1b: Iron Hands\n|-damage|p1b: Iron Hands|92\/100\n|-damage|p1b: Iron Hands|83\/100\n|-damage|p1b: Iron Hands|74\/100\n|-damage|p1b: Iron Hands|65\/100\n|-hitcount|p1b: Iron Hands|4\n|-unboost|p2b: Baxcalibur|def|1\n|-boost|p2b: Baxcalibur|spe|1\n|cant|p2a: Gliscor|flinch\n|\n|-weather|Snow|[upkeep]\n|-heal|p2b: Baxcalibur|100\/100|[from] ability: Ice Body\n|-heal|p1b: Iron Hands|71\/100|[from] item: Leftovers\n|-heal|p2a: Gliscor|100\/100 tox|[from] ability: Poison Heal\n|-sideend|p2: Griddion|move: Aurora Veil\n|upkeep\n|turn|6\n|inactive|Leblades123 has 120 seconds left.\n|inactive|Griddion has 120 seconds left.\n|\n|t:|1697981261\n|switch|p2a: Tornadus|Tornadus, M|100\/100\n|move|p1b: Iron Hands|Protect|p1b: Iron Hands\n|-singleturn|p1b: Iron Hands|Protect\n|move|p2b: Baxcalibur|Icicle Spear|p1b: Iron Hands\n|-activate|p1b: Iron Hands|move: Protect\n|move|p1a: Basculegion|Ice Beam|p2a: Tornadus\n|-supereffective|p2a: Tornadus\n|-damage|p2a: Tornadus|41\/100\n|\n|-weather|Snow|[upkeep]\n|-heal|p1b: Iron Hands|77\/100|[from] item: Leftovers\n|upkeep\n|turn|7\n|inactive|Griddion has 120 seconds left.\n|\n|t:|1697981301\n|move|p2b: Baxcalibur|Icicle Spear|p1b: Iron Hands\n|-damage|p1b: Iron Hands|68\/100\n|-damage|p1b: Iron Hands|59\/100\n|-damage|p1b: Iron Hands|51\/100\n|-damage|p1b: Iron Hands|42\/100\n|-damage|p1b: Iron Hands|32\/100\n|-hitcount|p1b: Iron Hands|5\n|move|p2a: Tornadus|U-turn|p1a: Basculegion\n|-resisted|p1a: Basculegion\n|-damage|p1a: Basculegion|91\/100\n|\n|t:|1697981310\n|switch|p2a: Heatran|Heatran, M|100\/100|[from] U-turn\n|move|p1a: Basculegion|Ice Beam|p2a: Heatran\n|-resisted|p2a: Heatran\n|-damage|p2a: Heatran|95\/100\n|move|p1b: Iron Hands|Drain Punch|p2b: Baxcalibur\n|-supereffective|p2b: Baxcalibur\n|-damage|p2b: Baxcalibur|21\/100\n|-heal|p1b: Iron Hands|61\/100|[from] drain|[of] p2b: Baxcalibur\n|\n|-weather|Snow|[upkeep]\n|-heal|p2b: Baxcalibur|27\/100|[from] ability: Ice Body\n|-heal|p2a: Heatran|100\/100|[from] item: Leftovers\n|-heal|p1b: Iron Hands|67\/100|[from] item: Leftovers\n|upkeep\n|turn|8\n|inactive|Griddion has 120 seconds left.\n|\n|t:|1697981337\n|switch|p2b: Gliscor|Gliscor, M, shiny|100\/100 tox\n|move|p1a: Basculegion|Ice Beam|p2b: Gliscor\n|-supereffective|p2b: Gliscor\n|-damage|p2b: Gliscor|0 fnt\n|faint|p2b: Gliscor\n|move|p2a: Heatran|Will-O-Wisp|p1b: Iron Hands\n|-status|p1b: Iron Hands|brn\n|move|p1b: Iron Hands|Drain Punch|p2a: Heatran\n|-supereffective|p2a: Heatran\n|-damage|p2a: Heatran|66\/100\n|-heal|p1b: Iron Hands|80\/100 brn|[from] drain|[of] p2a: Heatran\n|\n|-weather|none\n|-heal|p2a: Heatran|72\/100|[from] item: Leftovers\n|-heal|p1b: Iron Hands|86\/100 brn|[from] item: Leftovers\n|-damage|p1b: Iron Hands|80\/100 brn|[from] brn\n|upkeep\n|\n|t:|1697981358\n|switch|p2b: Tornadus|Tornadus, M|41\/100\n|turn|9\n|inactive|Griddion has 120 seconds left.\n|\n|t:|1697981371\n|move|p2b: Tornadus|Tailwind|p2b: Tornadus\n|-sidestart|p2: Griddion|move: Tailwind\n|move|p2a: Heatran|Stealth Rock|p1b: Iron Hands\n|-sidestart|p1: Leblades123|move: Stealth Rock\n|move|p1a: Basculegion|Ice Beam|p2b: Tornadus\n|-supereffective|p2b: Tornadus\n|-damage|p2b: Tornadus|0 fnt\n|faint|p2b: Tornadus\n|move|p1b: Iron Hands|Drain Punch|p2a: Heatran\n|-supereffective|p2a: Heatran\n|-damage|p2a: Heatran|35\/100\n|-heal|p1b: Iron Hands|94\/100 brn|[from] drain|[of] p2a: Heatran\n|\n|-heal|p2a: Heatran|41\/100|[from] item: Leftovers\n|-heal|p1b: Iron Hands|100\/100 brn|[from] item: Leftovers\n|-damage|p1b: Iron Hands|94\/100 brn|[from] brn\n|upkeep\n|inactive|Griddion has 120 seconds left.\n|\n|t:|1697981387\n|switch|p2b: Baxcalibur|Baxcalibur, F|27\/100\n|turn|10\n|\n|t:|1697981397\n|move|p2b: Baxcalibur|Crunch|p1a: Basculegion\n|-supereffective|p1a: Basculegion\n|-damage|p1a: Basculegion|10\/100\n|move|p2a: Heatran|Magma Storm|p1b: Iron Hands\n|-damage|p1b: Iron Hands|55\/100 brn\n|-activate|p1b: Iron Hands|move: Magma Storm|[of] p2a: Heatran\n|move|p1a: Basculegion|Ice Beam|p2b: Baxcalibur\n|-damage|p2b: Baxcalibur|0 fnt\n|faint|p2b: Baxcalibur\n|move|p1b: Iron Hands|Drain Punch|p2a: Heatran\n|-supereffective|p2a: Heatran\n|-damage|p2a: Heatran|9\/100\n|-heal|p1b: Iron Hands|67\/100 brn|[from] drain|[of] p2a: Heatran\n|\n|-heal|p2a: Heatran|15\/100|[from] item: Leftovers\n|-heal|p1b: Iron Hands|74\/100 brn|[from] item: Leftovers\n|-damage|p1b: Iron Hands|67\/100 brn|[from] brn\n|-damage|p1b: Iron Hands|55\/100 brn|[from] move: Magma Storm|[partiallytrapped]\n|upkeep\n|inactive|Griddion has 120 seconds left.\n|\n|t:|1697981414\n|switch|p2b: Chien-Pao|Chien-Pao|100\/100\n|-ability|p2b: Chien-Pao|Sword of Ruin\n|turn|11\n|\n|t:|1697981428\n|switch|p1a: Wyrdeer|Wyrdeer, F|10\/100\n|-damage|p1a: Wyrdeer|0 fnt|[from] Stealth Rock\n|faint|p1a: Wyrdeer\n|move|p2b: Chien-Pao|Icicle Crash|p1b: Iron Hands\n|-damage|p1b: Iron Hands|20\/100 brn\n|move|p2a: Heatran|Flash Cannon|p1b: Iron Hands\n|-resisted|p1b: Iron Hands\n|-damage|p1b: Iron Hands|3\/100 brn\n|move|p1b: Iron Hands|Drain Punch|p2a: Heatran\n|-supereffective|p2a: Heatran\n|-damage|p2a: Heatran|0 fnt\n|-heal|p1b: Iron Hands|9\/100 brn|[from] drain|[of] p2a: Heatran\n|faint|p2a: Heatran\n|\n|-heal|p1b: Iron Hands|15\/100 brn|[from] item: Leftovers\n|-damage|p1b: Iron Hands|9\/100 brn|[from] brn\n|-end|p1b: Iron Hands|Magma Storm|[partiallytrapped]|[silent]\n|upkeep\n|\n|t:|1697981448\n|switch|p1a: Heatran|Heatran, F|100\/100\n|-damage|p1a: Heatran|88\/100|[from] Stealth Rock\n|turn|12\n|\n|t:|1697981470\n|-terastallize|p2b: Chien-Pao|Dark\n|move|p1b: Iron Hands|Protect|p1b: Iron Hands\n|-singleturn|p1b: Iron Hands|Protect\n|move|p2b: Chien-Pao|Sacred Sword|p1b: Iron Hands\n|-activate|p1b: Iron Hands|move: Protect\n|move|p1a: Heatran|Magma Storm|p2b: Chien-Pao\n|-damage|p2b: Chien-Pao|33\/100\n|-activate|p2b: Chien-Pao|move: Magma Storm|[of] p1a: Heatran\n|\n|-heal|p1b: Iron Hands|15\/100 brn|[from] item: Leftovers\n|-damage|p1b: Iron Hands|9\/100 brn|[from] brn\n|-damage|p2b: Chien-Pao|20\/100|[from] move: Magma Storm|[partiallytrapped]\n|-sideend|p2: Griddion|move: Tailwind\n|upkeep\n|turn|13\n|l|\u2606Griddion\n|inactive|Griddion disconnected and has a minute to reconnect!\n|player|p2|\n|inactive|Griddion has 30 seconds to reconnect!\n|inactive|Griddion has 20 seconds to reconnect!\n|inactive|Griddion has 15 seconds to reconnect!\n|inactive|Griddion has 10 seconds to reconnect!\n|inactive|Griddion has 5 seconds to reconnect!\n|-message|Griddion lost due to inactivity.\n|\n|win|Leblades123\n|raw|Leblades123's rating: 1151 &rarr; <strong>1189<\/strong><br \/>(+38 for winning)\n|raw|Griddion's rating: 1344 &rarr; <strong>1314<\/strong><br \/>(-30 for losing)\n","uploadtime":1697981545,"views":24,"p1id":"leblades123","p2id":"griddion","formatid":"gen9doublesou","rating":1189,"private":0,"password":""}