{"id":"gen9doublesou-1971003169","p1":"GBarmada","p2":"Goosehead Swag","format":"[Gen 9] Doubles OU","log":"|j|\u2606GBarmada\n|j|\u2606Goosehead Swag\n|t:|1697691002\n|gametype|doubles\n|player|p1|GBarmada|nate|1420\n|player|p2|Goosehead Swag|rocketgruntf|1535\n|teamsize|p1|6\n|teamsize|p2|6\n|gen|9\n|tier|[Gen 9] Doubles OU\n|rated|\n|rule|Species Clause: Limit one of each Pok\u00e9mon\n|rule|OHKO Clause: OHKO moves are banned\n|rule|Evasion Moves Clause: Evasion moves are banned\n|rule|Gravity Sleep Clause: The combination of sleep-inducing moves with imperfect accuracy and Gravity or Gigantamax Orbeetle are banned\n|rule|Endless Battle Clause: Forcing endless battles is banned\n|rule|HP Percentage Mod: HP is shown in percentages\n|clearpoke\n|poke|p1|Flutter Mane|\n|poke|p1|Ogerpon-Hearthflame, F|\n|poke|p1|Roaring Moon|\n|poke|p1|Sinistcha-Masterpiece|\n|poke|p1|Torkoal, F|\n|poke|p1|Tornadus, M|\n|poke|p2|Lilligant-Hisui, F|\n|poke|p2|Torkoal, M|\n|poke|p2|Roaring Moon|\n|poke|p2|Great Tusk|\n|poke|p2|Chi-Yu|\n|poke|p2|Furret, F|\n|teampreview\n|c|\u2606GBarmada|IT'S FURRET\n|c|\u2606Goosehead Swag|the goat\n|\n|t:|1697691029\n|start\n|switch|p1a: Flutter Mane|Flutter Mane|100\/100\n|switch|p1b: Torkoal|Torkoal, F|100\/100\n|switch|p2a: Lilligant|Lilligant-Hisui, F|100\/100\n|switch|p2b: Torkoal|Torkoal, M|100\/100\n|-weather|SunnyDay|[from] ability: Drought|[of] p2b: Torkoal\n|-activate|p1a: Flutter Mane|ability: Protosynthesis\n|-start|p1a: Flutter Mane|protosynthesisspa\n|turn|1\n|\n|t:|1697691085\n|move|p2a: Lilligant|After You|p2b: Torkoal\n|-activate|p2b: Torkoal|move: After You\n|move|p2b: Torkoal|Eruption|p1b: Torkoal|[spread] p1a,p1b\n|-resisted|p1b: Torkoal\n|-damage|p1a: Flutter Mane|0 fnt\n|-damage|p1b: Torkoal|29\/100\n|faint|p1a: Flutter Mane\n|-end|p1a: Flutter Mane|Protosynthesis|[silent]\n|move|p1b: Torkoal|Flamethrower|p2b: Torkoal\n|-resisted|p2b: Torkoal\n|-damage|p2b: Torkoal|52\/100\n|\n|-weather|SunnyDay|[upkeep]\n|upkeep\n|c|\u2606GBarmada|Huh\n|c|\u2606GBarmada|That's crazy\n|c|\u2606Goosehead Swag|Yeah it\u2019s pretty cool lol\n|\n|t:|1697691135\n|switch|p1a: Ogerpon|Ogerpon-Hearthflame, F|100\/100\n|-ability|p1a: Ogerpon|Mold Breaker\n|turn|2\n|\n|t:|1697691187\n|-terastallize|p1a: Ogerpon|Fire\n|detailschange|p1a: Ogerpon|Ogerpon-Hearthflame-Tera, F, tera:Fire\n|-ability|p1a: Ogerpon|Embody Aspect (Hearthflame)|boost\n|-boost|p1a: Ogerpon|atk|1\n|move|p1b: Torkoal|Protect|p1b: Torkoal\n|-singleturn|p1b: Torkoal|Protect\n|move|p2a: Lilligant|Close Combat|p1a: Ogerpon\n|-damage|p1a: Ogerpon|0 fnt\n|-unboost|p2a: Lilligant|def|1\n|-unboost|p2a: Lilligant|spd|1\n|faint|p1a: Ogerpon\n|-damage|p2a: Lilligant|91\/100|[from] item: Life Orb\n|move|p2b: Torkoal|Eruption|p1b: Torkoal\n|-activate|p1b: Torkoal|move: Protect\n|\n|-weather|SunnyDay|[upkeep]\n|upkeep\n|\n|t:|1697691217\n|switch|p1a: Roaring Moon|Roaring Moon|100\/100\n|-activate|p1a: Roaring Moon|ability: Protosynthesis\n|-start|p1a: Roaring Moon|protosynthesisatk\n|turn|3\n|\n|t:|1697691239\n|switch|p1b: Tornadus|Tornadus, M|100\/100\n|move|p1a: Roaring Moon|Protect|p1a: Roaring Moon\n|-singleturn|p1a: Roaring Moon|Protect\n|move|p2a: Lilligant|Close Combat|p1a: Roaring Moon\n|-activate|p1a: Roaring Moon|move: Protect\n|move|p2b: Torkoal|Eruption|p1b: Tornadus|[spread] p1b\n|-activate|p1a: Roaring Moon|move: Protect\n|-damage|p1b: Tornadus|59\/100\n|\n|-weather|SunnyDay|[upkeep]\n|upkeep\n|turn|4\n|\n|t:|1697691257\n|move|p1b: Tornadus|Tailwind|p1b: Tornadus\n|-sidestart|p1: GBarmada|move: Tailwind\n|move|p1a: Roaring Moon|Knock Off|p2a: Lilligant\n|-resisted|p2a: Lilligant\n|-damage|p2a: Lilligant|8\/100\n|-enditem|p2a: Lilligant|Life Orb|[from] move: Knock Off|[of] p1a: Roaring Moon\n|move|p2a: Lilligant|Close Combat|p1a: Roaring Moon\n|-supereffective|p1a: Roaring Moon\n|-damage|p1a: Roaring Moon|0 fnt\n|-unboost|p2a: Lilligant|def|1\n|-unboost|p2a: Lilligant|spd|1\n|faint|p1a: Roaring Moon\n|-end|p1a: Roaring Moon|Protosynthesis|[silent]\n|move|p2b: Torkoal|Eruption|p1b: Tornadus\n|-damage|p1b: Tornadus|0 fnt\n|faint|p1b: Tornadus\n|\n|-weather|SunnyDay|[upkeep]\n|upkeep\n|c|\u2606GBarmada|F\n|c|\u2606GBarmada|GG WP\n|\n|t:|1697691278\n|switch|p1a: Sinistcha|Sinistcha-Masterpiece|100\/100\n|switch|p1b: Torkoal|Torkoal, F|29\/100\n|-heal|p1b: Torkoal|54\/100|[from] ability: Hospitality|[of] p1a: Sinistcha\n|turn|5\n|c|\u2606Goosehead Swag|Gg my man\n|-message|GBarmada forfeited.\n|\n|win|Goosehead Swag\n|raw|GBarmada's rating: 1420 &rarr; <strong>1406<\/strong><br \/>(-14 for losing)\n|raw|Goosehead Swag's rating: 1535 &rarr; <strong>1549<\/strong><br \/>(+14 for winning)\n|l|\u2606GBarmada\n","uploadtime":1697691314,"views":19,"p1id":"gbarmada","p2id":"gooseheadswag","formatid":"gen9doublesou","rating":1406,"private":0,"password":""}