{"id":"gen9doublesou-1979398861","p1":"Da1mon!","p2":"Btucks6203","format":"[Gen 9] Doubles OU","log":"|j|\u2606Da1mon!\n|j|\u2606Btucks6203\n|t:|1698679562\n|gametype|doubles\n|player|p1|Da1mon!|palmer|1366\n|player|p2|Btucks6203|cyrus|1366\n|teamsize|p1|6\n|teamsize|p2|6\n|gen|9\n|tier|[Gen 9] Doubles OU\n|rated|\n|rule|Species Clause: Limit one of each Pok\u00e9mon\n|rule|OHKO Clause: OHKO moves are banned\n|rule|Evasion Moves Clause: Evasion moves are banned\n|rule|Gravity Sleep Clause: The combination of sleep-inducing moves with imperfect accuracy and Gravity or Gigantamax Orbeetle are banned\n|rule|Endless Battle Clause: Forcing endless battles is banned\n|rule|HP Percentage Mod: HP is shown in percentages\n|clearpoke\n|poke|p1|Ursaluna-Bloodmoon, M|\n|poke|p1|Sinistcha-Masterpiece|\n|poke|p1|Goodra-Hisui, F|\n|poke|p1|Arcanine, F|\n|poke|p1|Iron Hands|\n|poke|p1|Chien-Pao|\n|poke|p2|Maushold|\n|poke|p2|Dudunsparce-*, M|\n|poke|p2|Flamigo, F|\n|poke|p2|Lucario, M|\n|poke|p2|Dragonite, M|\n|poke|p2|Ursaluna, M|\n|teampreview\n|inactive|Battle timer is ON: inactive players will automatically lose when time's up. (requested by Btucks6203)\n|\n|t:|1698679569\n|start\n|switch|p1a: Ursaluna|Ursaluna-Bloodmoon, M|100\/100\n|switch|p1b: Iron Hands|Iron Hands|100\/100\n|switch|p2a: Hi how are ya|Dudunsparce-Three-Segment, M|100\/100\n|switch|p2b: Rat King|Maushold|100\/100\n|turn|1\n|\n|t:|1698679583\n|-terastallize|p2a: Hi how are ya|Psychic\n|move|p1b: Iron Hands|Fake Out|p2b: Rat King\n|-damage|p2b: Rat King|79\/100\n|move|p2b: Rat King|Taunt|p1a: Ursaluna\n|-start|p1a: Ursaluna|move: Taunt\n|move|p2a: Hi how are ya|Amnesia|p2a: Hi how are ya\n|-boost|p2a: Hi how are ya|spd|2\n|move|p1a: Ursaluna|Earth Power|p2b: Rat King\n|-damage|p2b: Rat King|0 fnt\n|faint|p2b: Rat King\n|-damage|p1a: Ursaluna|91\/100|[from] item: Life Orb\n|\n|upkeep\n|\n|t:|1698679588\n|switch|p2b: Yishu|Dragonite, M, shiny|100\/100\n|turn|2\n|inactive|Da1mon! has 120 seconds left.\n|\n|t:|1698679619\n|move|p2b: Yishu|Tailwind|p2b: Yishu\n|-sidestart|p2: Btucks6203|move: Tailwind\n|move|p2a: Hi how are ya|Coil|p2a: Hi how are ya\n|-boost|p2a: Hi how are ya|atk|1\n|-boost|p2a: Hi how are ya|def|1\n|-boost|p2a: Hi how are ya|accuracy|1\n|move|p1a: Ursaluna|Blood Moon|p2b: Yishu\n|-damage|p2b: Yishu|49\/100\n|-damage|p1a: Ursaluna|81\/100|[from] item: Life Orb\n|move|p1b: Iron Hands|Ice Punch|p2b: Yishu\n|-supereffective|p2b: Yishu\n|-damage|p2b: Yishu|0 fnt\n|faint|p2b: Yishu\n|\n|upkeep\n|\n|t:|1698679625\n|switch|p2b: Reality check|Flamigo, F|100\/100\n|-copyboost|p2b: Reality check|p2a: Hi how are ya|[from] ability: Costar\n|turn|3\n|\n|t:|1698679639\n|switch|p1a: Arcanine|Arcanine, F|100\/100\n|-ability|p1a: Arcanine|Intimidate|boost\n|-unboost|p2a: Hi how are ya|atk|1\n|-ability|p2a: Hi how are ya|Rattled|boost\n|-boost|p2a: Hi how are ya|spe|1\n|-unboost|p2b: Reality check|atk|1\n|move|p2b: Reality check|Close Combat|p1a: Arcanine\n|-damage|p1a: Arcanine|37\/100\n|-unboost|p2b: Reality check|def|1\n|-unboost|p2b: Reality check|spd|1\n|-enditem|p1a: Arcanine|Sitrus Berry|[eat]\n|-heal|p1a: Arcanine|62\/100|[from] item: Sitrus Berry\n|move|p2a: Hi how are ya|Coil|p2a: Hi how are ya\n|-boost|p2a: Hi how are ya|atk|1\n|-boost|p2a: Hi how are ya|def|1\n|-boost|p2a: Hi how are ya|accuracy|1\n|move|p1b: Iron Hands|Wild Charge|p2b: Reality check\n|-supereffective|p2b: Reality check\n|-damage|p2b: Reality check|0 fnt\n|faint|p2b: Reality check\n|-damage|p1b: Iron Hands|83\/100|[from] Recoil\n|\n|upkeep\n|c|\u2606Btucks6203|damn blood moons op\n|\n|t:|1698679651\n|switch|p2b: Anubis|Lucario, M, shiny|100\/100\n|turn|4\n|\n|t:|1698679664\n|move|p1a: Arcanine|Protect|p1a: Arcanine\n|-singleturn|p1a: Arcanine|Protect\n|move|p2b: Anubis|Swords Dance|p2b: Anubis\n|-boost|p2b: Anubis|atk|2\n|move|p2a: Hi how are ya|Baton Pass|p2a: Hi how are ya\n|\n|t:|1698679670\n|switch|p2a: Red moon|Ursaluna, M, shiny|100\/100|[from] Baton Pass\n|move|p1b: Iron Hands|Close Combat|p2b: Anubis\n|-supereffective|p2b: Anubis\n|-enditem|p2b: Anubis|Focus Sash\n|-damage|p2b: Anubis|1\/100\n|-unboost|p1b: Iron Hands|def|1\n|-unboost|p1b: Iron Hands|spd|1\n|\n|-status|p2a: Red moon|brn|[from] item: Flame Orb\n|upkeep\n|turn|5\n|\n|t:|1698679694\n|-end|p1b: Iron Hands|Quark Drive|[silent]\n|switch|p1b: Sinistcha|Sinistcha-Masterpiece|100\/100\n|-heal|p1a: Arcanine|87\/100|[from] ability: Hospitality|[of] p1b: Sinistcha\n|move|p2b: Anubis|Extreme Speed|p1b: Sinistcha\n|-immune|p1b: Sinistcha\n|move|p2a: Red moon|Earthquake|p1a: Arcanine|[spread] p2b,p1a,p1b\n|-supereffective|p2b: Anubis\n|-supereffective|p1a: Arcanine\n|-resisted|p1b: Sinistcha\n|-damage|p2b: Anubis|0 fnt\n|-damage|p1a: Arcanine|0 fnt\n|-damage|p1b: Sinistcha|57\/100\n|faint|p2b: Anubis\n|faint|p1a: Arcanine\n|\n|-heal|p1b: Sinistcha|63\/100|[from] item: Leftovers\n|-damage|p2a: Red moon|94\/100 brn|[from] brn\n|-sideend|p2: Btucks6203|move: Tailwind\n|upkeep\n|\n|t:|1698679716\n|switch|p1a: Iron Hands|Iron Hands|83\/100\n|switch|p2b: Hi how are ya|Dudunsparce-Three-Segment, M, tera:Psychic|100\/100\n|turn|6\n|\n|t:|1698679725\n|move|p2a: Red moon|Protect|p2a: Red moon\n|-singleturn|p2a: Red moon|Protect\n|move|p1a: Iron Hands|Fake Out|p2a: Red moon\n|-activate|p2a: Red moon|move: Protect\n|move|p1b: Sinistcha|Matcha Gotcha|p2b: Hi how are ya|[spread] \n|-activate|p2a: Red moon|move: Protect\n|-miss|p1b: Sinistcha|p2b: Hi how are ya\n|move|p2b: Hi how are ya|Amnesia|p2b: Hi how are ya\n|-boost|p2b: Hi how are ya|spd|2\n|\n|-heal|p1b: Sinistcha|69\/100|[from] item: Leftovers\n|-damage|p2a: Red moon|88\/100 brn|[from] brn\n|upkeep\n|turn|7\n|\n|t:|1698679742\n|move|p2a: Red moon|Earthquake|p1b: Sinistcha|[spread] p2b,p1a,p1b\n|-supereffective|p1a: Iron Hands\n|-resisted|p1b: Sinistcha\n|-damage|p2b: Hi how are ya|28\/100\n|-damage|p1a: Iron Hands|0 fnt\n|-damage|p1b: Sinistcha|24\/100\n|faint|p1a: Iron Hands\n|-end|p1a: Iron Hands|Quark Drive|[silent]\n|move|p1b: Sinistcha|Matcha Gotcha|p2b: Hi how are ya|[spread] p2a,p2b\n|-supereffective|p2a: Red moon\n|-damage|p2a: Red moon|65\/100 brn\n|-heal|p1b: Sinistcha|40\/100|[from] drain|[of] p2a: Red moon\n|-damage|p2b: Hi how are ya|15\/100\n|-heal|p1b: Sinistcha|48\/100|[from] drain|[of] p2b: Hi how are ya\n|move|p2b: Hi how are ya|Coil|p2b: Hi how are ya\n|-boost|p2b: Hi how are ya|atk|1\n|-boost|p2b: Hi how are ya|def|1\n|-boost|p2b: Hi how are ya|accuracy|1\n|\n|-heal|p1b: Sinistcha|54\/100|[from] item: Leftovers\n|-damage|p2a: Red moon|59\/100 brn|[from] brn\n|upkeep\n|inactive|Da1mon! has 120 seconds left.\n|\n|t:|1698679785\n|switch|p1a: Chien-Pao|Chien-Pao|100\/100\n|-ability|p1a: Chien-Pao|Sword of Ruin\n|turn|8\n|inactive|Da1mon! has 120 seconds left.\n|\n|t:|1698679793\n|move|p2a: Red moon|Protect|p2a: Red moon\n|-singleturn|p2a: Red moon|Protect\n|move|p1a: Chien-Pao|Sacred Sword|p2a: Red moon\n|-activate|p2a: Red moon|move: Protect\n|move|p1b: Sinistcha|Matcha Gotcha|p2b: Hi how are ya|[spread] p2b\n|-activate|p2a: Red moon|move: Protect\n|-damage|p2b: Hi how are ya|4\/100\n|-heal|p1b: Sinistcha|61\/100|[from] drain|[of] p2b: Hi how are ya\n|-status|p2b: Hi how are ya|brn\n|move|p2b: Hi how are ya|Stored Power|p1b: Sinistcha\n|-damage|p1b: Sinistcha|32\/100\n|\n|-heal|p1b: Sinistcha|38\/100|[from] item: Leftovers\n|-damage|p2a: Red moon|53\/100 brn|[from] brn\n|-damage|p2b: Hi how are ya|0 fnt|[from] brn\n|faint|p2b: Hi how are ya\n|upkeep\n|turn|9\n|\n|t:|1698679803\n|move|p1a: Chien-Pao|Sacred Sword|p2a: Red moon\n|-supereffective|p2a: Red moon\n|-damage|p2a: Red moon|0 fnt\n|faint|p2a: Red moon\n|\n|win|Da1mon!\n|raw|Da1mon!'s rating: 1366 &rarr; <strong>1386<\/strong><br \/>(+20 for winning)\n|raw|Btucks6203's rating: 1366 &rarr; <strong>1346<\/strong><br \/>(-20 for losing)\n|l|\u2606Btucks6203\n","uploadtime":1698679824,"views":11,"p1id":"da1mon","p2id":"btucks6203","formatid":"gen9doublesou","rating":1346,"private":0,"password":""}