{"id":"gen9doublesou-1994569765","p1":"dsrtas","p2":"Lori-elly","format":"[Gen 9] Doubles OU","log":"|j|\u2606dsrtas\n|j|\u2606Lori-elly\n|t:|1700461592\n|gametype|doubles\n|player|p1|dsrtas|169|1121\n|player|p2|Lori-elly|169|1150\n|teamsize|p1|6\n|teamsize|p2|6\n|gen|9\n|tier|[Gen 9] Doubles OU\n|rated|\n|rule|Species Clause: Limit one of each Pok\u00e9mon\n|rule|OHKO Clause: OHKO moves are banned\n|rule|Evasion Moves Clause: Evasion moves are banned\n|rule|Gravity Sleep Clause: The combination of sleep-inducing moves with imperfect accuracy and Gravity or Gigantamax Orbeetle are banned\n|rule|Endless Battle Clause: Forcing endless battles is banned\n|rule|HP Percentage Mod: HP is shown in percentages\n|clearpoke\n|poke|p1|Goodra-Hisui, F|\n|poke|p1|Garganacl, F|\n|poke|p1|Ribombee, M|\n|poke|p1|Armarouge, M|\n|poke|p1|Gastrodon-East, M|\n|poke|p1|Kleavor, F|\n|poke|p2|Oricorio-Pom-Pom, F|\n|poke|p2|Volcarona, F|\n|poke|p2|Kommo-o, M|\n|poke|p2|Quaquaval, M|\n|poke|p2|Passimian, F|\n|poke|p2|Muk-Alola, M|\n|teampreview\n|inactive|Battle timer is ON: inactive players will automatically lose when time's up. (requested by Lori-elly)\n|\n|t:|1700461602\n|start\n|switch|p1a: Goodra|Goodra-Hisui, F|100\/100\n|switch|p1b: Kleavor|Kleavor, F|100\/100\n|switch|p2a: Oricorio|Oricorio-Pom-Pom, F|100\/100\n|switch|p2b: Muk|Muk-Alola, M|100\/100\n|turn|1\n|\n|t:|1700461621\n|move|p1b: Kleavor|Stone Axe|p2a: Oricorio\n|-supereffective|p2a: Oricorio\n|-damage|p2a: Oricorio|0 fnt\n|-sidestart|p2: Lori-elly|move: Stealth Rock\n|faint|p2a: Oricorio\n|-ability|p2b: Muk|Dancer|[from] ability: Power of Alchemy|[of] p2a: Oricorio\n|move|p1a: Goodra|Acid Armor|p1a: Goodra\n|-boost|p1a: Goodra|def|2\n|move|p2b: Muk|Poison Jab|p1b: Kleavor\n|-resisted|p1b: Kleavor\n|-damage|p1b: Kleavor|73\/100\n|\n|upkeep\n|\n|t:|1700461635\n|switch|p2a: Quaquaval|Quaquaval, M|100\/100\n|-damage|p2a: Quaquaval|94\/100|[from] Stealth Rock\n|turn|2\n|\n|t:|1700461653\n|move|p2a: Quaquaval|Aqua Step|p1b: Kleavor\n|-supereffective|p1b: Kleavor\n|-damage|p1b: Kleavor|0 fnt\n|-boost|p2a: Quaquaval|spe|1\n|faint|p1b: Kleavor\n|-ability|p2a: Quaquaval|Moxie|boost\n|-boost|p2a: Quaquaval|atk|1\n|-activate|p2b: Muk|ability: Dancer\n|move|p2b: Muk|Aqua Step|p1a: Goodra|[from]ability: Dancer\n|-resisted|p1a: Goodra\n|-damage|p1a: Goodra|95\/100\n|-boost|p2b: Muk|spe|1\n|-ability|p1a: Goodra|Gooey\n|-unboost|p2b: Muk|spe|1\n|move|p1a: Goodra|Substitute|p1a: Goodra\n|-start|p1a: Goodra|Substitute\n|-damage|p1a: Goodra|70\/100\n|move|p2b: Muk|Knock Off|p1a: Goodra\n|-activate|p1a: Goodra|move: Substitute|[damage]\n|\n|upkeep\n|inactive|dsrtas has 120 seconds left.\n|\n|t:|1700461678\n|switch|p1b: Ribombee|Ribombee, M|100\/100\n|turn|3\n|\n|t:|1700461701\n|move|p2a: Quaquaval|Swords Dance|p2a: Quaquaval\n|-boost|p2a: Quaquaval|atk|2\n|-activate|p2b: Muk|ability: Dancer\n|move|p2b: Muk|Swords Dance|p2b: Muk|[from]ability: Dancer\n|-boost|p2b: Muk|atk|2\n|move|p1b: Ribombee|Light Screen|p1b: Ribombee\n|-sidestart|p1: dsrtas|move: Light Screen\n|move|p1a: Goodra|Life Dew||[still]|[spread] p1a,p1b\n|-heal|p1a: Goodra|95\/100\n|-fail|p1b: Ribombee|heal\n|move|p2b: Muk|Rock Slide|p1b: Ribombee|[spread] p1a\n|-miss|p2b: Muk|p1b: Ribombee\n|-resisted|p1a: Goodra\n|-end|p1a: Goodra|Substitute\n|\n|upkeep\n|turn|4\n|inactive|Lori-elly has 120 seconds left.\n|\n|t:|1700461732\n|move|p2a: Quaquaval|Acrobatics|p1b: Ribombee\n|-supereffective|p1b: Ribombee\n|-damage|p1b: Ribombee|0 fnt\n|faint|p1b: Ribombee\n|-ability|p2a: Quaquaval|Moxie|boost\n|-boost|p2a: Quaquaval|atk|1\n|move|p1a: Goodra|Draco Meteor|p2a: Quaquaval\n|-damage|p2a: Quaquaval|28\/100\n|-unboost|p1a: Goodra|spa|2\n|move|p2b: Muk|Rock Slide|p1a: Goodra\n|-resisted|p1a: Goodra\n|-damage|p1a: Goodra|83\/100\n|\n|upkeep\n|inactive|dsrtas has 120 seconds left.\n|\n|t:|1700461748\n|switch|p1b: Gastrodon|Gastrodon-East, M|100\/100\n|turn|5\n|\n|t:|1700461769\n|move|p2a: Quaquaval|Swords Dance|p2a: Quaquaval\n|-boost|p2a: Quaquaval|atk|2\n|-activate|p2b: Muk|ability: Dancer\n|move|p2b: Muk|Swords Dance|p2b: Muk|[from]ability: Dancer\n|-boost|p2b: Muk|atk|2\n|move|p1a: Goodra|Draco Meteor|p2a: Quaquaval\n|-damage|p2a: Quaquaval|0 fnt\n|-unboost|p1a: Goodra|spa|2\n|faint|p2a: Quaquaval\n|move|p2b: Muk|Poison Jab|p1b: Gastrodon\n|-resisted|p1b: Gastrodon\n|-damage|p1b: Gastrodon|39\/100\n|move|p1b: Gastrodon|Earth Power|p2b: Muk\n|-supereffective|p2b: Muk\n|-damage|p2b: Muk|51\/100\n|-unboost|p2b: Muk|spd|1\n|\n|-heal|p2b: Muk|57\/100|[from] item: Black Sludge\n|upkeep\n|inactive|Lori-elly has 120 seconds left.\n|\n|t:|1700461793\n|switch|p2a: Passimian|Passimian, F|100\/100\n|-damage|p2a: Passimian|94\/100|[from] Stealth Rock\n|turn|6\n|\n|t:|1700461811\n|switch|p1a: Garganacl|Garganacl, F|100\/100\n|move|p2b: Muk|Protect|p2b: Muk\n|-singleturn|p2b: Muk|Protect\n|move|p2a: Passimian|Trailblaze|p1b: Gastrodon\n|-supereffective|p1b: Gastrodon\n|-damage|p1b: Gastrodon|0 fnt\n|-boost|p2a: Passimian|spe|1\n|faint|p1b: Gastrodon\n|\n|-heal|p2b: Muk|63\/100|[from] item: Black Sludge\n|upkeep\n|\n|t:|1700461828\n|switch|p1b: Goodra|Goodra-Hisui, F|83\/100\n|turn|7\n|\n|t:|1700461842\n|move|p2a: Passimian|Close Combat|p1b: Goodra\n|-supereffective|p1b: Goodra\n|-damage|p1b: Goodra|0 fnt\n|-unboost|p2a: Passimian|def|1\n|-unboost|p2a: Passimian|spd|1\n|-ability|p1b: Goodra|Gooey\n|-unboost|p2a: Passimian|spe|1\n|faint|p1b: Goodra\n|move|p2b: Muk|Knock Off|p1a: Garganacl\n|-damage|p1a: Garganacl|31\/100\n|-enditem|p1a: Garganacl|Leftovers|[from] move: Knock Off|[of] p2b: Muk\n|move|p1a: Garganacl|Earthquake|p2b: Muk|[spread] p2a,p2b\n|-supereffective|p2b: Muk\n|-damage|p2a: Passimian|67\/100\n|-damage|p2b: Muk|29\/100\n|\n|-heal|p2b: Muk|35\/100|[from] item: Black Sludge\n|-sideend|p1: dsrtas|move: Light Screen\n|upkeep\n|\n|t:|1700461858\n|switch|p1b: Armarouge|Armarouge, M|100\/100\n|turn|8\n|\n|t:|1700461876\n|-terastallize|p1a: Garganacl|Ghost\n|move|p2b: Muk|Protect|p2b: Muk\n|-singleturn|p2b: Muk|Protect\n|move|p2a: Passimian|Earthquake|p1b: Armarouge|[spread] p1a,p1b\n|-activate|p2b: Muk|move: Protect\n|-supereffective|p1b: Armarouge\n|-damage|p1a: Garganacl|19\/100\n|-damage|p1b: Armarouge|43\/100\n|-ability|p1b: Armarouge|Weak Armor|boost\n|-unboost|p1b: Armarouge|def|1\n|-boost|p1b: Armarouge|spe|2\n|move|p1b: Armarouge|Expanding Force|p2a: Passimian\n|-supereffective|p2a: Passimian\n|-damage|p2a: Passimian|0 fnt\n|faint|p2a: Passimian\n|move|p1a: Garganacl|Recover|p1a: Garganacl\n|-heal|p1a: Garganacl|69\/100\n|\n|-heal|p2b: Muk|41\/100|[from] item: Black Sludge\n|upkeep\n|\n|t:|1700461896\n|switch|p2a: Kommo-o|Kommo-o, M|100\/100\n|-damage|p2a: Kommo-o|94\/100|[from] Stealth Rock\n|turn|9\n|\n|t:|1700461917\n|-terastallize|p2a: Kommo-o|Fairy\n|move|p1b: Armarouge|Expanding Force|p2a: Kommo-o\n|-damage|p2a: Kommo-o|23\/100\n|move|p2a: Kommo-o|Clanging Scales|p1a: Garganacl|[spread] p1a,p1b\n|-damage|p1a: Garganacl|36\/100\n|-damage|p1b: Armarouge|2\/100\n|-unboost|p2a: Kommo-o|def|1\n|-enditem|p2a: Kommo-o|Throat Spray\n|-boost|p2a: Kommo-o|spa|1|[from] item: Throat Spray\n|move|p2b: Muk|Knock Off|p1a: Garganacl\n|-supereffective|p1a: Garganacl\n|-damage|p1a: Garganacl|0 fnt\n|faint|p1a: Garganacl\n|\n|-heal|p2b: Muk|47\/100|[from] item: Black Sludge\n|upkeep\n|turn|10\n|\n|t:|1700461941\n|move|p1b: Armarouge|Expanding Force|p2a: Kommo-o\n|-crit|p2a: Kommo-o\n|-damage|p2a: Kommo-o|0 fnt\n|faint|p2a: Kommo-o\n|move|p2b: Muk|Knock Off|p1b: Armarouge\n|-supereffective|p1b: Armarouge\n|-damage|p1b: Armarouge|0 fnt\n|-enditem|p1b: Armarouge|Choice Specs|[from] move: Knock Off|[of] p2b: Muk\n|faint|p1b: Armarouge\n|\n|win|Lori-elly\n|raw|dsrtas's rating: 1121 &rarr; <strong>1098<\/strong><br \/>(-23 for losing)\n|raw|Lori-elly's rating: 1150 &rarr; <strong>1173<\/strong><br \/>(+23 for winning)\n|l|\u2606dsrtas\n","uploadtime":1700461954,"views":6,"p1id":"dsrtas","p2id":"lorielly","formatid":"gen9doublesou","rating":1098,"private":0,"password":""}