{"id":"gen9doublesou-1975934213","p1":"cotesmcgotes","p2":"Logunner","format":"[Gen 9] Doubles OU","log":"|j|\u2606cotesmcgotes\n|j|\u2606Logunner\n|t:|1698250394\n|gametype|doubles\n|player|p1|cotesmcgotes|flannery|1332\n|player|p2|Logunner|giovanni|1366\n|teamsize|p1|6\n|teamsize|p2|6\n|gen|9\n|tier|[Gen 9] Doubles OU\n|rated|\n|rule|Species Clause: Limit one of each Pok\u00e9mon\n|rule|OHKO Clause: OHKO moves are banned\n|rule|Evasion Moves Clause: Evasion moves are banned\n|rule|Gravity Sleep Clause: The combination of sleep-inducing moves with imperfect accuracy and Gravity or Gigantamax Orbeetle are banned\n|rule|Endless Battle Clause: Forcing endless battles is banned\n|rule|HP Percentage Mod: HP is shown in percentages\n|clearpoke\n|poke|p1|Manaphy|\n|poke|p1|Espathra, F|\n|poke|p1|Goodra-Hisui, M|\n|poke|p1|Ursaluna-Bloodmoon, M|\n|poke|p1|Ogerpon-Hearthflame, F|\n|poke|p1|Chien-Pao|\n|poke|p2|Landorus-Therian, M|\n|poke|p2|Sinistcha-Masterpiece|\n|poke|p2|Grimmsnarl, M|\n|poke|p2|Gholdengo|\n|poke|p2|Iron Hands|\n|poke|p2|Chien-Pao|\n|teampreview\n|inactive|Battle timer is ON: inactive players will automatically lose when time's up. (requested by Logunner)\n|\n|t:|1698250410\n|start\n|switch|p1a: Chien-Pao|Chien-Pao|100\/100\n|switch|p1b: Ogerpon|Ogerpon-Hearthflame, F|100\/100\n|switch|p2a: Gholdengo|Gholdengo|100\/100\n|switch|p2b: Landorus|Landorus-Therian, M|100\/100\n|-ability|p1a: Chien-Pao|Sword of Ruin\n|-ability|p1b: Ogerpon|Mold Breaker\n|-ability|p2b: Landorus|Intimidate|boost\n|-unboost|p1a: Chien-Pao|atk|1\n|-unboost|p1b: Ogerpon|atk|1\n|turn|1\n|\n|t:|1698250431\n|move|p2a: Gholdengo|Protect|p2a: Gholdengo\n|-singleturn|p2a: Gholdengo|Protect\n|move|p1a: Chien-Pao|Ice Spinner|p2b: Landorus\n|-supereffective|p2b: Landorus\n|-damage|p2b: Landorus|0 fnt\n|faint|p2b: Landorus\n|move|p1b: Ogerpon|Ivy Cudgel|p2a: Gholdengo\n|-activate|p2a: Gholdengo|move: Protect\n|\n|upkeep\n|\n|t:|1698250445\n|switch|p2b: Sinistcha|Sinistcha-Masterpiece|100\/100\n|turn|2\n|\n|t:|1698250457\n|-terastallize|p2b: Sinistcha|Steel\n|move|p2b: Sinistcha|Rage Powder|p2b: Sinistcha\n|-singleturn|p2b: Sinistcha|move: Rage Powder\n|move|p1a: Chien-Pao|Crunch|p2b: Sinistcha\n|-damage|p2b: Sinistcha|77\/100\n|-unboost|p2b: Sinistcha|def|1\n|move|p1b: Ogerpon|Ivy Cudgel|p2a: Gholdengo\n|-supereffective|p2a: Gholdengo\n|-damage|p2a: Gholdengo|0 fnt\n|faint|p2a: Gholdengo\n|\n|upkeep\n|\n|t:|1698250472\n|switch|p2a: Chien-Pao|Chien-Pao|100\/100\n|-ability|p2a: Chien-Pao|Sword of Ruin\n|turn|3\n|\n|t:|1698250485\n|-terastallize|p1a: Chien-Pao|Ghost\n|move|p2b: Sinistcha|Rage Powder|p2b: Sinistcha\n|-singleturn|p2b: Sinistcha|move: Rage Powder\n|move|p2a: Chien-Pao|Sacred Sword|p1a: Chien-Pao\n|-immune|p1a: Chien-Pao\n|move|p1a: Chien-Pao|Sacred Sword|p2b: Sinistcha\n|-supereffective|p2b: Sinistcha\n|-damage|p2b: Sinistcha|40\/100\n|move|p1b: Ogerpon|Ivy Cudgel|p2b: Sinistcha\n|-supereffective|p2b: Sinistcha\n|-damage|p2b: Sinistcha|0 fnt\n|faint|p2b: Sinistcha\n|\n|upkeep\n|\n|t:|1698250498\n|switch|p2b: Iron Hands|Iron Hands|100\/100\n|turn|4\n|\n|t:|1698250519\n|switch|p2a: Grimmsnarl|Grimmsnarl, M|100\/100\n|switch|p1a: Ursaluna|Ursaluna-Bloodmoon, M|100\/100\n|move|p1b: Ogerpon|Spiky Shield|p1b: Ogerpon\n|-singleturn|p1b: Ogerpon|move: Protect\n|move|p2b: Iron Hands|Wild Charge|p1a: Ursaluna\n|-immune|p1a: Ursaluna\n|\n|upkeep\n|turn|5\n|\n|t:|1698250537\n|move|p2a: Grimmsnarl|Light Screen|p2a: Grimmsnarl\n|-sidestart|p2: Logunner|move: Light Screen\n|move|p1b: Ogerpon|Ivy Cudgel|p2a: Grimmsnarl\n|-damage|p2a: Grimmsnarl|52\/100\n|move|p1a: Ursaluna|Moonblast|p2a: Grimmsnarl\n|-supereffective|p2a: Grimmsnarl\n|-damage|p2a: Grimmsnarl|15\/100\n|-unboost|p2a: Grimmsnarl|spa|1\n|move|p2b: Iron Hands|Drain Punch|p1a: Ursaluna\n|-supereffective|p1a: Ursaluna\n|-damage|p1a: Ursaluna|41\/100\n|\n|upkeep\n|turn|6\n|inactive|cotesmcgotes has 120 seconds left.\n|\n|t:|1698250571\n|move|p2a: Grimmsnarl|Reflect|p2a: Grimmsnarl\n|-sidestart|p2: Logunner|Reflect\n|move|p1b: Ogerpon|Swords Dance|p1b: Ogerpon\n|-boost|p1b: Ogerpon|atk|2\n|move|p1a: Ursaluna|Moonblast|p2a: Grimmsnarl\n|-supereffective|p2a: Grimmsnarl\n|-damage|p2a: Grimmsnarl|0 fnt\n|faint|p2a: Grimmsnarl\n|move|p2b: Iron Hands|Ice Punch|p1a: Ursaluna\n|-supereffective|p1a: Ursaluna\n|-damage|p1a: Ursaluna|0 fnt\n|faint|p1a: Ursaluna\n|\n|upkeep\n|\n|t:|1698250589\n|switch|p2a: Chien-Pao|Chien-Pao|100\/100\n|switch|p1a: Espathra|Espathra, F|100\/100\n|-ability|p2a: Chien-Pao|Sword of Ruin\n|turn|7\n|\n|t:|1698250616\n|move|p1b: Ogerpon|Spiky Shield|p1b: Ogerpon\n|-singleturn|p1b: Ogerpon|move: Protect\n|move|p2a: Chien-Pao|Crunch|p1a: Espathra\n|-supereffective|p1a: Espathra\n|-damage|p1a: Espathra|0 fnt\n|faint|p1a: Espathra\n|move|p2b: Iron Hands|Ice Punch|p1b: Ogerpon\n|-activate|p1b: Ogerpon|move: Protect\n|-damage|p2b: Iron Hands|88\/100|[from] Spiky Shield|[of] p1b: Ogerpon\n|\n|upkeep\n|inactive|cotesmcgotes has 120 seconds left.\n|\n|t:|1698250635\n|switch|p1a: Chien-Pao|Chien-Pao, tera:Ghost|100\/100\n|-ability|p1a: Chien-Pao|Sword of Ruin\n|turn|8\n|\n|t:|1698250643\n|switch|p1a: Goodra|Goodra-Hisui, M|100\/100\n|move|p2a: Chien-Pao|Crunch|p1a: Goodra\n|-damage|p1a: Goodra|52\/100\n|move|p1b: Ogerpon|Ivy Cudgel|p2a: Chien-Pao\n|-supereffective|p2a: Chien-Pao\n|-damage|p2a: Chien-Pao|0 fnt\n|faint|p2a: Chien-Pao\n|move|p2b: Iron Hands|Ice Punch|p1a: Goodra\n|-damage|p1a: Goodra|22\/100\n|-status|p1a: Goodra|frz\n|\n|-heal|p1a: Goodra|28\/100 frz|[from] item: Leftovers\n|upkeep\n|turn|9\n|\n|t:|1698250660\n|move|p1b: Ogerpon|Ivy Cudgel|p2b: Iron Hands\n|-damage|p2b: Iron Hands|53\/100\n|-curestatus|p1a: Goodra|frz|[msg]\n|move|p1a: Goodra|Life Dew||[still]|[spread] p1a,p1b\n|-heal|p1a: Goodra|53\/100\n|-fail|p1b: Ogerpon|heal\n|move|p2b: Iron Hands|Ice Punch|p1b: Ogerpon\n|-damage|p1b: Ogerpon|62\/100\n|\n|-heal|p1a: Goodra|59\/100|[from] item: Leftovers\n|upkeep\n|turn|10\n|\n|t:|1698250677\n|move|p1b: Ogerpon|Ivy Cudgel|p2b: Iron Hands\n|-damage|p2b: Iron Hands|15\/100\n|move|p1a: Goodra|Life Dew|p1a: Goodra|[spread] p1a,p1b\n|-heal|p1a: Goodra|84\/100\n|-heal|p1b: Ogerpon|87\/100\n|move|p2b: Iron Hands|Drain Punch|p1a: Goodra\n|-supereffective|p1a: Goodra\n|-damage|p1a: Goodra|0 fnt\n|-heal|p2b: Iron Hands|45\/100|[from] drain|[of] p1a: Goodra\n|faint|p1a: Goodra\n|\n|upkeep\n|\n|t:|1698250690\n|switch|p1a: Chien-Pao|Chien-Pao, tera:Ghost|100\/100\n|-ability|p1a: Chien-Pao|Sword of Ruin\n|turn|11\n|\n|t:|1698250708\n|move|p1a: Chien-Pao|Sacred Sword|p2b: Iron Hands\n|-damage|p2b: Iron Hands|28\/100\n|move|p1b: Ogerpon|Ivy Cudgel|p2b: Iron Hands\n|-damage|p2b: Iron Hands|0 fnt\n|faint|p2b: Iron Hands\n|-end|p2b: Iron Hands|Quark Drive|[silent]\n|\n|win|cotesmcgotes\n|raw|cotesmcgotes's rating: 1332 &rarr; <strong>1354<\/strong><br \/>(+22 for winning)\n|raw|Logunner's rating: 1366 &rarr; <strong>1344<\/strong><br \/>(-22 for losing)\n|l|\u2606Logunner\n","uploadtime":1698250718,"views":10,"p1id":"cotesmcgotes","p2id":"logunner","formatid":"gen9doublesou","rating":1344,"private":0,"password":""}