{"id":"gen9doublesou-1974250428","p1":"naditza","p2":"Wooper187","format":"[Gen 9] Doubles OU","log":"|j|\u2606naditza\n|j|\u2606Wooper187\n|inactive|Battle timer is ON: inactive players will automatically lose when time's up.\n|t:|1698072025\n|gametype|doubles\n|player|p1|naditza|grusha|\n|player|p2|Wooper187|266|\n|teamsize|p1|6\n|teamsize|p2|6\n|gen|9\n|tier|[Gen 9] Doubles OU\n|rated|Tournament battle\n|rule|Species Clause: Limit one of each Pok\u00e9mon\n|rule|OHKO Clause: OHKO moves are banned\n|rule|Evasion Moves Clause: Evasion moves are banned\n|rule|Gravity Sleep Clause: The combination of sleep-inducing moves with imperfect accuracy and Gravity or Gigantamax Orbeetle are banned\n|rule|Endless Battle Clause: Forcing endless battles is banned\n|rule|HP Percentage Mod: HP is shown in percentages\n|clearpoke\n|poke|p1|Torkoal, L99, M|\n|poke|p1|Flutter Mane|\n|poke|p1|Diancie, L99|\n|poke|p1|Ogerpon-Hearthflame, F|\n|poke|p1|Rillaboom, F|\n|poke|p1|Volcanion|\n|poke|p2|Tornadus, M|\n|poke|p2|Iron Hands|\n|poke|p2|Rillaboom, M|\n|poke|p2|Flutter Mane|\n|poke|p2|Ogerpon-Hearthflame, F|\n|poke|p2|Heatran, M|\n|teampreview\n|j|*Lady Monita \u263d\n|inactive|naditza has 120 seconds left.\n|inactive|naditza has 90 seconds left.\n|\n|t:|1698072098\n|start\n|switch|p1a: Volcanion|Volcanion|100\/100\n|switch|p1b: Ogerpon|Ogerpon-Hearthflame, F|100\/100\n|switch|p2a: Tornadus|Tornadus, M|100\/100\n|switch|p2b: Rillaboom|Rillaboom, M|100\/100\n|-ability|p1b: Ogerpon|Mold Breaker\n|-fieldstart|move: Grassy Terrain|[from] ability: Grassy Surge|[of] p2b: Rillaboom\n|turn|1\n|inactive|Wooper187 has 120 seconds left.\n|\n|t:|1698072133\n|move|p1b: Ogerpon|Spiky Shield|p1b: Ogerpon\n|-singleturn|p1b: Ogerpon|move: Protect\n|move|p1a: Volcanion|Protect|p1a: Volcanion\n|-singleturn|p1a: Volcanion|Protect\n|move|p2b: Rillaboom|Fake Out|p1b: Ogerpon\n|-activate|p1b: Ogerpon|move: Protect\n|-damage|p2b: Rillaboom|88\/100|[from] Spiky Shield|[of] p1b: Ogerpon\n|move|p2a: Tornadus|Tailwind|p2a: Tornadus\n|-sidestart|p2: Wooper187|move: Tailwind\n|\n|-heal|p2b: Rillaboom|94\/100|[from] Grassy Terrain\n|upkeep\n|turn|2\n|\n|t:|1698072163\n|switch|p1b: Diancie|Diancie, L99|100\/100\n|-terastallize|p1a: Volcanion|Grass\n|move|p2a: Tornadus|Bleakwind Storm|p1a: Volcanion|[spread] p1b\n|-miss|p2a: Tornadus|p1a: Volcanion\n|-resisted|p1b: Diancie\n|-damage|p1b: Diancie|88\/100\n|move|p2b: Rillaboom|High Horsepower|p1a: Volcanion\n|-resisted|p1a: Volcanion\n|-damage|p1a: Volcanion|87\/100\n|move|p1a: Volcanion|Heat Wave|p2b: Rillaboom|[spread] p2a,p2b\n|-supereffective|p2b: Rillaboom\n|-damage|p2a: Tornadus|54\/100\n|-damage|p2b: Rillaboom|32\/100\n|-status|p2b: Rillaboom|brn\n|\n|-heal|p2b: Rillaboom|38\/100 brn|[from] Grassy Terrain\n|-heal|p1a: Volcanion|93\/100|[from] Grassy Terrain\n|-heal|p1a: Volcanion|99\/100|[from] item: Leftovers\n|-heal|p1b: Diancie|94\/100|[from] Grassy Terrain\n|-damage|p2b: Rillaboom|32\/100 brn|[from] brn\n|upkeep\n|turn|3\n|\n|t:|1698072187\n|move|p2a: Tornadus|Taunt|p1b: Diancie\n|-start|p1b: Diancie|move: Taunt\n|move|p2b: Rillaboom|U-turn|p1a: Volcanion\n|-supereffective|p1a: Volcanion\n|-damage|p1a: Volcanion|78\/100\n|\n|t:|1698072195\n|switch|p2b: Heatran|Heatran, M|100\/100|[from] U-turn\n|move|p1a: Volcanion|Heat Wave|p2b: Heatran|[spread] p2a\n|-start|p2b: Heatran|ability: Flash Fire\n|-damage|p2a: Tornadus|11\/100\n|cant|p1b: Diancie|move: Taunt|Trick Room\n|\n|-heal|p1a: Volcanion|84\/100|[from] Grassy Terrain\n|-heal|p1a: Volcanion|90\/100|[from] item: Leftovers\n|-heal|p1b: Diancie|99\/100|[from] Grassy Terrain\n|upkeep\n|turn|4\n|\n|t:|1698072216\n|-terastallize|p2b: Heatran|Fairy\n|move|p1a: Volcanion|Protect|p1a: Volcanion\n|-singleturn|p1a: Volcanion|Protect\n|move|p2a: Tornadus|Sunny Day|p2a: Tornadus\n|-weather|SunnyDay\n|move|p2b: Heatran|Earth Power|p1b: Diancie\n|-supereffective|p1b: Diancie\n|-damage|p1b: Diancie|41\/100\n|-enditem|p1b: Diancie|Weakness Policy\n|-boost|p1b: Diancie|atk|2|[from] item: Weakness Policy\n|-boost|p1b: Diancie|spa|2|[from] item: Weakness Policy\n|move|p1b: Diancie|Diamond Storm|p2a: Tornadus|[spread] p2a,p2b\n|-supereffective|p2a: Tornadus\n|-damage|p2a: Tornadus|0 fnt\n|-damage|p2b: Heatran|38\/100\n|faint|p2a: Tornadus\n|\n|-weather|SunnyDay|[upkeep]\n|-heal|p2b: Heatran|44\/100|[from] Grassy Terrain\n|-heal|p1a: Volcanion|96\/100|[from] Grassy Terrain\n|-heal|p1a: Volcanion|100\/100|[from] item: Leftovers\n|-heal|p1b: Diancie|47\/100|[from] Grassy Terrain\n|-sideend|p2: Wooper187|move: Tailwind\n|upkeep\n|\n|t:|1698072231\n|switch|p2a: Rillaboom|Rillaboom, M|32\/100 brn\n|turn|5\n|\n|t:|1698072246\n|move|p2a: Rillaboom|Grassy Glide|p1b: Diancie\n|-supereffective|p1b: Diancie\n|-damage|p1b: Diancie|16\/100\n|move|p2b: Heatran|Heat Wave|p1b: Diancie|[spread] p1a\n|-miss|p2b: Heatran|p1b: Diancie\n|-supereffective|p1a: Volcanion\n|-damage|p1a: Volcanion|0 fnt\n|faint|p1a: Volcanion\n|move|p1b: Diancie|Diamond Storm|p2b: Heatran|[spread] p2a,p2b\n|-damage|p2a: Rillaboom|0 fnt\n|-damage|p2b: Heatran|0 fnt\n|-boost|p1b: Diancie|def|2\n|faint|p2a: Rillaboom\n|faint|p2b: Heatran\n|\n|-weather|SunnyDay|[upkeep]\n|-heal|p1b: Diancie|22\/100|[from] Grassy Terrain\n|-end|p1b: Diancie|move: Taunt\n|-fieldend|move: Grassy Terrain\n|upkeep\n|\n|t:|1698072266\n|switch|p2b: Flutter Mane|Flutter Mane|100\/100\n|switch|p2a: Ogerpon|Ogerpon-Hearthflame, F|100\/100\n|switch|p1a: Ogerpon|Ogerpon-Hearthflame, F|100\/100\n|-activate|p2b: Flutter Mane|ability: Protosynthesis\n|-start|p2b: Flutter Mane|protosynthesisspa\n|-ability|p2a: Ogerpon|Mold Breaker\n|-ability|p1a: Ogerpon|Mold Breaker\n|turn|6\n|\n|t:|1698072278\n|move|p2a: Ogerpon|Spiky Shield|p2a: Ogerpon\n|-singleturn|p2a: Ogerpon|move: Protect\n|move|p1a: Ogerpon|Follow Me|p1a: Ogerpon\n|-singleturn|p1a: Ogerpon|move: Follow Me\n|move|p2b: Flutter Mane|Shadow Ball|p1a: Ogerpon\n|-damage|p1a: Ogerpon|13\/100\n|-unboost|p1a: Ogerpon|spd|1\n|move|p1b: Diancie|Trick Room|p1b: Diancie\n|-fieldstart|move: Trick Room|[of] p1b: Diancie\n|\n|-weather|SunnyDay|[upkeep]\n|upkeep\n|turn|7\n|\n|t:|1698072293\n|move|p1b: Diancie|Diamond Storm|p2b: Flutter Mane|[spread] p2a,p2b\n|-supereffective|p2a: Ogerpon\n|-damage|p2a: Ogerpon|0 fnt\n|-damage|p2b: Flutter Mane|0 fnt\n|-boost|p1b: Diancie|def|2\n|faint|p2a: Ogerpon\n|faint|p2b: Flutter Mane\n|-end|p2b: Flutter Mane|Protosynthesis|[silent]\n|move|p1a: Ogerpon|Ivy Cudgel|p2: Ogerpon|[notarget]\n|-fail|p1a: Ogerpon\n|\n|-weather|SunnyDay|[upkeep]\n|upkeep\n|c|\u2606Wooper187|wp\n|\n|t:|1698072302\n|switch|p2b: Iron Hands|Iron Hands|100\/100\n|turn|8\n|c|\u2606naditza|gg\n|c|\u2606Wooper187|I forgot that ogerpon has follow me lol\n|\n|t:|1698072330\n|move|p1b: Diancie|Protect|p1b: Diancie\n|-singleturn|p1b: Diancie|Protect\n|move|p1a: Ogerpon|Spiky Shield|p1a: Ogerpon\n|-singleturn|p1a: Ogerpon|move: Protect\n|move|p2b: Iron Hands|Drain Punch|p1a: Ogerpon\n|-activate|p1a: Ogerpon|move: Protect\n|-damage|p2b: Iron Hands|88\/100|[from] Spiky Shield|[of] p1a: Ogerpon\n|\n|-weather|none\n|upkeep\n|turn|9\n|-message|Wooper187 forfeited.\n|\n|win|naditza\n|n|\u2606naditza|naditza\n|n|\u2606Wooper187|wooper187\n|n|*Lady Monita \u263d|ladymonita\n|l|*Lady Monita \u263d\n|l|\u2606naditza\n|c|\u2606Wooper187|dam\n|l|\u2606Wooper187\n|j| failbor21\n","uploadtime":1698072918,"views":28,"p1id":"naditza","p2id":"wooper187","formatid":"gen9doublesou","rating":0,"private":0,"password":""}