{"id":"gen9doublesou-1969836726","p1":"balloongrapes","p2":"Trabz0rk","format":"[Gen 9] Doubles OU","log":"|j|\u2606balloongrapes\n|j|\u2606Trabz0rk\n|t:|1697569136\n|gametype|doubles\n|player|p1|balloongrapes|boarder|1100\n|player|p2|Trabz0rk|gambler|1033\n|teamsize|p1|6\n|teamsize|p2|6\n|gen|9\n|tier|[Gen 9] Doubles OU\n|rated|\n|rule|Species Clause: Limit one of each Pok\u00e9mon\n|rule|OHKO Clause: OHKO moves are banned\n|rule|Evasion Moves Clause: Evasion moves are banned\n|rule|Gravity Sleep Clause: The combination of sleep-inducing moves with imperfect accuracy and Gravity or Gigantamax Orbeetle are banned\n|rule|Endless Battle Clause: Forcing endless battles is banned\n|rule|HP Percentage Mod: HP is shown in percentages\n|clearpoke\n|poke|p1|Maushold-Four|\n|poke|p1|Roaring Moon|\n|poke|p1|Talonflame, M|\n|poke|p1|Ceruledge, M|\n|poke|p1|Rabsca, M|\n|poke|p1|Klefki, F|\n|poke|p2|Goodra, M|\n|poke|p2|Politoed, F|\n|poke|p2|Raichu, M|\n|poke|p2|Torterra, M|\n|poke|p2|Clefairy, F|\n|poke|p2|Arcanine, F|\n|teampreview\n|inactive|Battle timer is ON: inactive players will automatically lose when time's up. (requested by balloongrapes)\n|c|\u2606Trabz0rk|Hey! gl! ^^\n|inactive|balloongrapes has 120 seconds left.\n|inactive|Trabz0rk has 120 seconds left.\n|c|\u2606balloongrapes|hi!\n|inactive|balloongrapes has 90 seconds left.\n|c|\u2606balloongrapes|gl\n|\n|t:|1697569200\n|start\n|switch|p1a: Talonflame|Talonflame, M|100\/100\n|switch|p1b: Ceruledge|Ceruledge, M|100\/100\n|switch|p2a: Goodra|Goodra, M|100\/100\n|switch|p2b: Politoed|Politoed, F|100\/100\n|-weather|RainDance|[from] ability: Drizzle|[of] p2b: Politoed\n|turn|1\n|inactive|balloongrapes has 120 seconds left.\n|inactive|Trabz0rk has 120 seconds left.\n|\n|t:|1697569246\n|-terastallize|p1b: Ceruledge|Water\n|move|p1a: Talonflame|Tailwind|p1a: Talonflame\n|-sidestart|p1: balloongrapes|move: Tailwind\n|move|p1b: Ceruledge|Swords Dance|p1b: Ceruledge\n|-boost|p1b: Ceruledge|atk|2\n|move|p2a: Goodra|Curse|p2a: Goodra\n|-unboost|p2a: Goodra|spe|1\n|-boost|p2a: Goodra|atk|1\n|-boost|p2a: Goodra|def|1\n|move|p2b: Politoed|Muddy Water|p1a: Talonflame|[spread] p1a,p1b\n|-supereffective|p1a: Talonflame\n|-resisted|p1b: Ceruledge\n|-damage|p1a: Talonflame|12\/100\n|-damage|p1b: Ceruledge|79\/100\n|-unboost|p1a: Talonflame|accuracy|1\n|-unboost|p1b: Ceruledge|accuracy|1\n|-enditem|p1a: Talonflame|Red Card|[of] p2b: Politoed\n|drag|p2b: Raichu|Raichu, M|100\/100\n|\n|-weather|RainDance|[upkeep]\n|upkeep\n|turn|2\n|inactive|balloongrapes has 120 seconds left.\n|inactive|Trabz0rk has 120 seconds left.\n|inactive|Trabz0rk has 90 seconds left.\n|\n|t:|1697569328\n|move|p2b: Raichu|Fake Out|p1a: Talonflame\n|-damage|p1a: Talonflame|2\/100\n|cant|p1a: Talonflame|flinch\n|move|p1b: Ceruledge|Bitter Blade|p2b: Raichu|[miss]\n|-miss|p1b: Ceruledge|p2b: Raichu\n|move|p2a: Goodra|Aqua Tail|p1b: Ceruledge\n|-resisted|p1b: Ceruledge\n|-damage|p1b: Ceruledge|46\/100\n|\n|-weather|RainDance|[upkeep]\n|upkeep\n|turn|3\n|\n|t:|1697569350\n|move|p1a: Talonflame|Sunny Day|p1a: Talonflame\n|-weather|SunnyDay\n|move|p1b: Ceruledge|Bitter Blade|p2b: Raichu|[miss]\n|-miss|p1b: Ceruledge|p2b: Raichu\n|move|p2b: Raichu|Surf|p1a: Talonflame|[spread] p2a,p1a,p1b\n|-resisted|p2a: Goodra\n|-supereffective|p1a: Talonflame\n|-resisted|p1b: Ceruledge\n|-damage|p2a: Goodra|98\/100\n|-damage|p1a: Talonflame|0 fnt\n|-damage|p1b: Ceruledge|41\/100\n|faint|p1a: Talonflame\n|move|p2a: Goodra|Aqua Tail|p1b: Ceruledge\n|-resisted|p1b: Ceruledge\n|-damage|p1b: Ceruledge|32\/100\n|\n|-weather|SunnyDay|[upkeep]\n|-heal|p2a: Goodra|100\/100|[from] item: Leftovers\n|upkeep\n|inactive|balloongrapes has 120 seconds left.\n|\n|t:|1697569378\n|switch|p1a: Maushold|Maushold-Four|100\/100\n|turn|4\n|\n|t:|1697569385\n|switch|p2b: Politoed|Politoed, F|100\/100\n|-weather|RainDance|[from] ability: Drizzle|[of] p2b: Politoed\n|move|p1a: Maushold|Follow Me|p1a: Maushold\n|-singleturn|p1a: Maushold|move: Follow Me\n|move|p1b: Ceruledge|Bitter Blade|p2b: Politoed\n|-resisted|p2b: Politoed\n|-damage|p2b: Politoed|77\/100\n|-heal|p1b: Ceruledge|50\/100|[from] drain|[of] p2b: Politoed\n|move|p2a: Goodra|Curse|p2a: Goodra\n|-unboost|p2a: Goodra|spe|1\n|-boost|p2a: Goodra|atk|1\n|-boost|p2a: Goodra|def|1\n|\n|-weather|RainDance|[upkeep]\n|-sideend|p1: balloongrapes|move: Tailwind\n|upkeep\n|turn|5\n|inactive|Trabz0rk has 120 seconds left.\n|\n|t:|1697569403\n|move|p1a: Maushold|Encore|p2a: Goodra\n|-start|p2a: Goodra|Encore\n|move|p1b: Ceruledge|Swords Dance|p1b: Ceruledge\n|-boost|p1b: Ceruledge|atk|2\n|move|p2b: Politoed|Muddy Water|p1a: Maushold|[spread] \n|-miss|p2b: Politoed|p1a: Maushold\n|-miss|p2b: Politoed|p1b: Ceruledge\n|move|p2a: Goodra|Curse|p2a: Goodra\n|-unboost|p2a: Goodra|spe|1\n|-boost|p2a: Goodra|atk|1\n|-boost|p2a: Goodra|def|1\n|\n|-weather|RainDance|[upkeep]\n|upkeep\n|turn|6\n|inactive|Trabz0rk has 120 seconds left.\n|inactive|balloongrapes has 120 seconds left.\n|\n|t:|1697569434\n|switch|p1a: Klefki|Klefki, F|100\/100\n|move|p1b: Ceruledge|Swords Dance|p1b: Ceruledge\n|-boost|p1b: Ceruledge|atk|2\n|move|p2b: Politoed|Muddy Water|p1a: Klefki|[spread] p1a,p1b\n|-resisted|p1b: Ceruledge\n|-damage|p1a: Klefki|62\/100\n|-damage|p1b: Ceruledge|31\/100\n|-unboost|p1a: Klefki|accuracy|1\n|move|p2a: Goodra|Curse|p2a: Goodra\n|-unboost|p2a: Goodra|spe|1\n|-boost|p2a: Goodra|atk|1\n|-boost|p2a: Goodra|def|1\n|\n|-weather|RainDance|[upkeep]\n|upkeep\n|turn|7\n|\n|t:|1697569452\n|move|p1a: Klefki|Sunny Day|p1a: Klefki\n|-weather|SunnyDay\n|move|p1b: Ceruledge|Bitter Blade|p2a: Goodra\n|-resisted|p2a: Goodra\n|-damage|p2a: Goodra|63\/100\n|-heal|p1b: Ceruledge|60\/100|[from] drain|[of] p2a: Goodra\n|move|p2b: Politoed|Muddy Water|p1b: Ceruledge|[spread] p1a,p1b\n|-resisted|p1b: Ceruledge\n|-damage|p1a: Klefki|47\/100\n|-damage|p1b: Ceruledge|54\/100\n|-unboost|p1a: Klefki|accuracy|1\n|move|p2a: Goodra|Curse|p2a: Goodra\n|-unboost|p2a: Goodra|spe|1\n|-boost|p2a: Goodra|atk|1\n|-boost|p2a: Goodra|def|1\n|\n|-weather|SunnyDay|[upkeep]\n|-heal|p2a: Goodra|69\/100|[from] item: Leftovers\n|-end|p2a: Goodra|Encore\n|upkeep\n|turn|8\n|\n|t:|1697569473\n|move|p1a: Klefki|Reflect|p1a: Klefki\n|-sidestart|p1: balloongrapes|Reflect\n|move|p1b: Ceruledge|Psycho Cut|p2a: Goodra\n|-damage|p2a: Goodra|44\/100\n|move|p2b: Politoed|Muddy Water|p1b: Ceruledge|[spread] p1a,p1b\n|-resisted|p1b: Ceruledge\n|-damage|p1a: Klefki|34\/100\n|-damage|p1b: Ceruledge|48\/100\n|move|p2a: Goodra|Curse|p2a: Goodra\n|-unboost|p2a: Goodra|spe|1\n|-boost|p2a: Goodra|atk|1\n|-boost|p2a: Goodra|def|1\n|\n|-weather|SunnyDay|[upkeep]\n|-heal|p2a: Goodra|50\/100|[from] item: Leftovers\n|upkeep\n|turn|9\n|\n|t:|1697569489\n|switch|p2b: Raichu|Raichu, M|100\/100\n|move|p1a: Klefki|Light Screen|p1a: Klefki\n|-sidestart|p1: balloongrapes|move: Light Screen\n|move|p1b: Ceruledge|Psycho Cut|p2a: Goodra\n|-damage|p2a: Goodra|30\/100\n|move|p2a: Goodra|Rest|p2a: Goodra\n|-status|p2a: Goodra|slp|[from] move: Rest\n|-heal|p2a: Goodra|100\/100 slp|[silent]\n|\n|-weather|SunnyDay|[upkeep]\n|upkeep\n|turn|10\n|\n|t:|1697569507\n|switch|p2b: Politoed|Politoed, F|77\/100\n|-weather|RainDance|[from] ability: Drizzle|[of] p2b: Politoed\n|move|p1b: Ceruledge|Bitter Blade|p2b: Politoed\n|-resisted|p2b: Politoed\n|-damage|p2b: Politoed|29\/100\n|-heal|p1b: Ceruledge|85\/100|[from] drain|[of] p2b: Politoed\n|move|p1a: Klefki|Steel Beam|p2b: Politoed|[miss]\n|-miss|p1a: Klefki|p2b: Politoed\n|-damage|p1a: Klefki|0 fnt|[from] steelbeam\n|faint|p1a: Klefki\n|cant|p2a: Goodra|slp\n|\n|-weather|RainDance|[upkeep]\n|-activate|p2a: Goodra|ability: Hydration\n|-curestatus|p2a: Goodra|slp|[msg]\n|upkeep\n|inactive|balloongrapes has 120 seconds left.\n|\n|t:|1697569534\n|switch|p1a: Roaring Moon|Roaring Moon|100\/100\n|turn|11\n|inactive|Trabz0rk has 120 seconds left.\n|\n|t:|1697569572\n|move|p1a: Roaring Moon|Dragon Claw|p2a: Goodra\n|-supereffective|p2a: Goodra\n|-damage|p2a: Goodra|77\/100\n|move|p1b: Ceruledge|Psycho Cut|p2a: Goodra\n|-damage|p2a: Goodra|54\/100\n|move|p2b: Politoed|Muddy Water|p1a: Roaring Moon|[spread] p1a,p1b\n|-resisted|p1a: Roaring Moon\n|-resisted|p1b: Ceruledge\n|-damage|p1a: Roaring Moon|89\/100\n|-damage|p1b: Ceruledge|71\/100\n|-unboost|p1a: Roaring Moon|accuracy|1\n|-unboost|p1b: Ceruledge|accuracy|1\n|move|p2a: Goodra|Dragon Claw|p1a: Roaring Moon\n|-supereffective|p1a: Roaring Moon\n|-damage|p1a: Roaring Moon|0 fnt\n|faint|p1a: Roaring Moon\n|-end|p1a: Roaring Moon|Protosynthesis|[silent]\n|\n|-weather|RainDance|[upkeep]\n|-heal|p2a: Goodra|60\/100|[from] item: Leftovers\n|upkeep\n|\n|t:|1697569582\n|switch|p1a: Maushold|Maushold-Four|100\/100\n|turn|12\n|\n|t:|1697569602\n|move|p2b: Politoed|Helping Hand|p2a: Goodra\n|-singleturn|p2a: Goodra|Helping Hand|[of] p2b: Politoed\n|move|p1a: Maushold|Follow Me|p1a: Maushold\n|-singleturn|p1a: Maushold|move: Follow Me\n|move|p1b: Ceruledge|Tera Blast|p2a: Goodra|[anim] Tera Blast Water|[miss]\n|-miss|p1b: Ceruledge|p2a: Goodra\n|move|p2a: Goodra|Aqua Tail|p1a: Maushold\n|-enditem|p1a: Maushold|Focus Sash\n|-damage|p1a: Maushold|1\/100\n|\n|-weather|RainDance|[upkeep]\n|-heal|p2a: Goodra|66\/100|[from] item: Leftovers\n|upkeep\n|turn|13\n|inactive|Trabz0rk has 120 seconds left.\n|\n|t:|1697569639\n|move|p1a: Maushold|Follow Me|p1a: Maushold\n|-singleturn|p1a: Maushold|move: Follow Me\n|move|p1b: Ceruledge|Psycho Cut|p2a: Goodra|[miss]\n|-miss|p1b: Ceruledge|p2a: Goodra\n|move|p2b: Politoed|Muddy Water|p1a: Maushold|[spread] p1b\n|-miss|p2b: Politoed|p1a: Maushold\n|-resisted|p1b: Ceruledge\n|-damage|p1b: Ceruledge|61\/100\n|-unboost|p1b: Ceruledge|accuracy|1\n|move|p2a: Goodra|Dragon Claw|p1a: Maushold\n|-damage|p1a: Maushold|0 fnt\n|faint|p1a: Maushold\n|\n|-weather|RainDance|[upkeep]\n|-heal|p2a: Goodra|73\/100|[from] item: Leftovers\n|upkeep\n|\n|t:|1697569644\n|switch|p1a: Rabsca|Rabsca, M|100\/100\n|turn|14\n|\n|t:|1697569658\n|move|p1b: Ceruledge|Psycho Cut|p2a: Goodra|[miss]\n|-miss|p1b: Ceruledge|p2a: Goodra\n|move|p2b: Politoed|Muddy Water|p1b: Ceruledge|[spread] p1a,p1b\n|-resisted|p1b: Ceruledge\n|-damage|p1a: Rabsca|76\/100\n|-damage|p1b: Ceruledge|48\/100\n|move|p1a: Rabsca|Revival Blessing|p1a: Rabsca\n|-enditem|p1a: Rabsca|Leppa Berry|[eat]\n|-activate|p1a: Rabsca|item: Leppa Berry|Revival Blessing|[consumed]\n|\n|t:|1697569672\n|-heal|p1: Klefki|50\/100|[from] move: Revival Blessing\n|move|p2a: Goodra|Dragon Claw|p1b: Ceruledge\n|-damage|p1b: Ceruledge|0 fnt\n|faint|p1b: Ceruledge\n|\n|-weather|none\n|-heal|p2a: Goodra|79\/100|[from] item: Leftovers\n|upkeep\n|\n|t:|1697569675\n|switch|p1b: Klefki|Klefki, F|50\/100\n|turn|15\n|\n|t:|1697569685\n|move|p1b: Klefki|Sunny Day|p1b: Klefki\n|-weather|SunnyDay\n|move|p2b: Politoed|Muddy Water|p1b: Klefki|[spread] p1a,p1b\n|-damage|p1a: Rabsca|67\/100\n|-damage|p1b: Klefki|41\/100\n|-unboost|p1b: Klefki|accuracy|1\n|move|p1a: Rabsca|Revival Blessing|p1a: Rabsca\n|\n|t:|1697569708\n|-heal|p1: Roaring Moon|50\/100|[from] move: Revival Blessing\n|move|p2a: Goodra|Dragon Claw|p1b: Klefki\n|-immune|p1b: Klefki\n|\n|-weather|SunnyDay|[upkeep]\n|-heal|p2a: Goodra|85\/100|[from] item: Leftovers\n|-sideend|p1: balloongrapes|Reflect\n|upkeep\n|turn|16\n|\n|t:|1697569735\n|move|p1b: Klefki|Reflect|p1b: Klefki\n|-sidestart|p1: balloongrapes|Reflect\n|move|p2b: Politoed|Ice Beam|p1b: Klefki\n|-resisted|p1b: Klefki\n|-damage|p1b: Klefki|32\/100\n|move|p1a: Rabsca|Psychic|p2a: Goodra\n|-damage|p2a: Goodra|58\/100\n|move|p2a: Goodra|Dragon Claw|p1a: Rabsca\n|-damage|p1a: Rabsca|0 fnt\n|faint|p1a: Rabsca\n|\n|-weather|SunnyDay|[upkeep]\n|-heal|p2a: Goodra|64\/100|[from] item: Leftovers\n|-sideend|p1: balloongrapes|move: Light Screen\n|upkeep\n|\n|t:|1697569744\n|switch|p1a: Roaring Moon|Roaring Moon|50\/100\n|-activate|p1a: Roaring Moon|ability: Protosynthesis\n|-start|p1a: Roaring Moon|protosynthesisatk\n|turn|17\n|\n|t:|1697569753\n|move|p1a: Roaring Moon|Rock Slide|p2b: Politoed|[spread] p2a,p2b\n|-damage|p2a: Goodra|58\/100\n|-damage|p2b: Politoed|0 fnt\n|faint|p2b: Politoed\n|move|p1b: Klefki|Steel Beam|p2a: Goodra\n|-crit|p2a: Goodra\n|-damage|p2a: Goodra|7\/100\n|-damage|p1b: Klefki|0 fnt|[from] steelbeam\n|faint|p1b: Klefki\n|move|p2a: Goodra|Dragon Claw|p1a: Roaring Moon\n|-supereffective|p1a: Roaring Moon\n|-damage|p1a: Roaring Moon|0 fnt\n|faint|p1a: Roaring Moon\n|-end|p1a: Roaring Moon|Protosynthesis|[silent]\n|\n|win|Trabz0rk\n|raw|balloongrapes's rating: 1100 &rarr; <strong>1070<\/strong><br \/>(-30 for losing)\n|raw|Trabz0rk's rating: 1033 &rarr; <strong>1075<\/strong><br \/>(+42 for winning)\n|c|\u2606balloongrapes|gg\n|l|\u2606balloongrapes\n|c|\u2606Trabz0rk|GG\n","uploadtime":1697569782,"views":18,"p1id":"balloongrapes","p2id":"trabz0rk","formatid":"gen9doublesou","rating":1070,"private":0,"password":""}