{"id":"gen9doublesou-1994384573","p1":"Zerwikaptur","p2":"Darthflyer","format":"[Gen 9] Doubles OU","log":"|j|\u2606Zerwikaptur\n|j|\u2606Darthflyer\n|t:|1700437792\n|gametype|doubles\n|player|p1|Zerwikaptur|pokemaniac-gen3|\n|player|p2|Darthflyer|ghetsis-gen5bw|\n|teamsize|p1|6\n|teamsize|p2|6\n|gen|9\n|tier|[Gen 9] Doubles OU\n|rule|Species Clause: Limit one of each Pok\u00e9mon\n|rule|OHKO Clause: OHKO moves are banned\n|rule|Evasion Moves Clause: Evasion moves are banned\n|rule|Gravity Sleep Clause: The combination of sleep-inducing moves with imperfect accuracy and Gravity or Gigantamax Orbeetle are banned\n|rule|Endless Battle Clause: Forcing endless battles is banned\n|rule|HP Percentage Mod: HP is shown in percentages\n|clearpoke\n|poke|p1|Indeedee-F, F|\n|poke|p1|Armarouge, M|\n|poke|p1|Iron Bundle|\n|poke|p1|Cresselia, F|\n|poke|p1|Ursaluna, F|\n|poke|p1|Amoonguss, M|\n|poke|p2|Gholdengo|\n|poke|p2|Rillaboom, F|\n|poke|p2|Tornadus, M|\n|poke|p2|Flutter Mane|\n|poke|p2|Chien-Pao|\n|poke|p2|Dragonite, F|\n|teampreview\n|\n|t:|1700437810\n|start\n|switch|p1a: Iron Bundle|Iron Bundle, shiny|100\/100\n|switch|p1b: Armarouge|Armarouge, M, shiny|100\/100\n|switch|p2a: Rillaboom|Rillaboom, F|100\/100\n|switch|p2b: Gholdengo|Gholdengo|100\/100\n|-fieldstart|move: Grassy Terrain|[from] ability: Grassy Surge|[of] p2a: Rillaboom\n|-enditem|p1a: Iron Bundle|Booster Energy\n|-activate|p1a: Iron Bundle|ability: Quark Drive|[fromitem]\n|-start|p1a: Iron Bundle|quarkdrivespe\n|turn|1\n|\n|t:|1700437840\n|-terastallize|p2b: Gholdengo|Dragon\n|move|p2a: Rillaboom|Fake Out|p1a: Iron Bundle\n|-damage|p1a: Iron Bundle|84\/100\n|cant|p1a: Iron Bundle|flinch\n|move|p2b: Gholdengo|Make It Rain|p1a: Iron Bundle|[spread] p1a,p1b\n|-resisted|p1b: Armarouge\n|-damage|p1a: Iron Bundle|0 fnt\n|-damage|p1b: Armarouge|71\/100\n|-unboost|p2b: Gholdengo|spa|1\n|faint|p1a: Iron Bundle\n|-end|p1a: Iron Bundle|Quark Drive|[silent]\n|move|p1b: Armarouge|Heat Wave|p2b: Gholdengo|[spread] p2a,p2b\n|-supereffective|p2a: Rillaboom\n|-resisted|p2b: Gholdengo\n|-damage|p2a: Rillaboom|39\/100\n|-damage|p2b: Gholdengo|82\/100\n|-status|p2a: Rillaboom|brn\n|\n|-heal|p2b: Gholdengo|88\/100|[from] Grassy Terrain\n|-heal|p2b: Gholdengo|94\/100|[from] item: Leftovers\n|-heal|p2a: Rillaboom|46\/100 brn|[from] Grassy Terrain\n|-heal|p1b: Armarouge|77\/100|[from] Grassy Terrain\n|-damage|p2a: Rillaboom|39\/100 brn|[from] brn\n|upkeep\n|c|\u2606Zerwikaptur|i missclicked\n|c|\u2606Zerwikaptur|had ghost tera on bundle ;\/\n|\n|t:|1700437869\n|switch|p1a: Indeedee|Indeedee-F, F, shiny|100\/100\n|-fieldstart|move: Psychic Terrain|[from] ability: Psychic Surge|[of] p1a: Indeedee\n|-enditem|p1a: Indeedee|Psychic Seed\n|-boost|p1a: Indeedee|spd|1|[from] item: Psychic Seed\n|turn|2\n|inactive|Battle timer is ON: inactive players will automatically lose when time's up. (requested by Zerwikaptur)\n|\n|t:|1700437888\n|switch|p2a: Flutter Mane|Flutter Mane|100\/100\n|-enditem|p2a: Flutter Mane|Booster Energy\n|-activate|p2a: Flutter Mane|ability: Protosynthesis|[fromitem]\n|-start|p2a: Flutter Mane|protosynthesisspe\n|move|p2b: Gholdengo|Protect|p2b: Gholdengo\n|-singleturn|p2b: Gholdengo|Protect\n|move|p1a: Indeedee|Follow Me|p1a: Indeedee\n|-singleturn|p1a: Indeedee|move: Follow Me\n|move|p1b: Armarouge|Expanding Force|p2a: Flutter Mane|[spread] p2a\n|-activate|p2b: Gholdengo|move: Protect\n|-damage|p2a: Flutter Mane|47\/100\n|\n|-heal|p2b: Gholdengo|100\/100|[from] item: Leftovers\n|upkeep\n|turn|3\n|\n|t:|1700437915\n|switch|p2b: Tornadus|Tornadus, M|100\/100\n|switch|p1a: Amoonguss|Amoonguss, M, shiny|100\/100\n|move|p1b: Armarouge|Endure|p1b: Armarouge\n|-singleturn|p1b: Armarouge|move: Endure\n|move|p2a: Flutter Mane|Moonblast|p1a: Amoonguss\n|-resisted|p1a: Amoonguss\n|-damage|p1a: Amoonguss|85\/100\n|\n|upkeep\n|turn|4\n|\n|t:|1700437943\n|move|p1a: Amoonguss|Rage Powder|p1a: Amoonguss\n|-singleturn|p1a: Amoonguss|move: Rage Powder\n|move|p2a: Flutter Mane|Icy Wind|p1a: Amoonguss|[spread] p1a,p1b\n|-supereffective|p1a: Amoonguss\n|-resisted|p1b: Armarouge\n|-damage|p1a: Amoonguss|64\/100\n|-damage|p1b: Armarouge|69\/100\n|-unboost|p1a: Amoonguss|spe|1\n|-unboost|p1b: Armarouge|spe|1\n|move|p2b: Tornadus|Bleakwind Storm|p1b: Armarouge|[spread] p1a,p1b\n|-supereffective|p1a: Amoonguss\n|-damage|p1a: Amoonguss|20\/100\n|-damage|p1b: Armarouge|27\/100\n|-enditem|p1a: Amoonguss|Sitrus Berry|[eat]\n|-heal|p1a: Amoonguss|45\/100|[from] item: Sitrus Berry\n|move|p1b: Armarouge|Expanding Force|p2b: Tornadus|[spread] p2a,p2b\n|-damage|p2a: Flutter Mane|0 fnt\n|-damage|p2b: Tornadus|30\/100\n|faint|p2a: Flutter Mane\n|-end|p2a: Flutter Mane|Protosynthesis|[silent]\n|\n|upkeep\n|inactive|Darthflyer has 270 seconds left.\n|\n|t:|1700437962\n|switch|p2a: Gholdengo|Gholdengo, tera:Dragon|100\/100\n|turn|5\n|\n|t:|1700437977\n|switch|p1b: Cresselia|Cresselia, F, shiny|100\/100\n|move|p1a: Amoonguss|Protect|p1a: Amoonguss\n|-singleturn|p1a: Amoonguss|Protect\n|move|p2b: Tornadus|Tailwind|p2b: Tornadus\n|-sidestart|p2: Darthflyer|move: Tailwind\n|move|p2a: Gholdengo|Make It Rain|p1b: Cresselia|[spread] p1b\n|-activate|p1a: Amoonguss|move: Protect\n|-damage|p1b: Cresselia|75\/100\n|-unboost|p2a: Gholdengo|spa|1\n|\n|upkeep\n|turn|6\n|inactive|Zerwikaptur has 270 seconds left.\n|inactive|Darthflyer has 270 seconds left.\n|inactive|Darthflyer has 240 seconds left.\n|inactive|Darthflyer has 210 seconds left.\n|inactive|Darthflyer has 180 seconds left.\n|\n|t:|1700438101\n|switch|p1a: Ursaluna|Ursaluna, F, shiny|100\/100\n|move|p2b: Tornadus|Bleakwind Storm|p1b: Cresselia|[spread] p1a\n|-miss|p2b: Tornadus|p1b: Cresselia\n|-damage|p1a: Ursaluna|71\/100\n|move|p2a: Gholdengo|Shadow Ball|p1b: Cresselia\n|-supereffective|p1b: Cresselia\n|-damage|p1b: Cresselia|41\/100\n|move|p1b: Cresselia|Trick Room|p1b: Cresselia\n|-fieldstart|move: Trick Room|[of] p1b: Cresselia\n|\n|-fieldend|move: Psychic Terrain\n|-status|p1a: Ursaluna|brn|[from] item: Flame Orb\n|upkeep\n|turn|7\n|inactive|Zerwikaptur has 270 seconds left.\n|\n|t:|1700438125\n|switch|p2a: Rillaboom|Rillaboom, F|39\/100 brn\n|-fieldstart|move: Grassy Terrain|[from] ability: Grassy Surge|[of] p2a: Rillaboom\n|move|p1a: Ursaluna|Facade|p2a: Rillaboom\n|-damage|p2a: Rillaboom|0 fnt\n|faint|p2a: Rillaboom\n|move|p1b: Cresselia|Lunar Blessing|p1b: Cresselia|[spread] p1a,p1b\n|-heal|p1a: Ursaluna|96\/100 brn\n|-curestatus|p1a: Ursaluna|brn|[msg]\n|-heal|p1b: Cresselia|66\/100\n|move|p2b: Tornadus|Bleakwind Storm|p1b: Cresselia|[spread] p1a,p1b\n|-damage|p1a: Ursaluna|71\/100\n|-damage|p1b: Cresselia|49\/100\n|\n|-heal|p1a: Ursaluna|77\/100|[from] Grassy Terrain\n|-status|p1a: Ursaluna|brn|[from] item: Flame Orb\n|upkeep\n|inactive|Darthflyer has 180 seconds left.\n|\n|t:|1700438145\n|switch|p2a: Gholdengo|Gholdengo, tera:Dragon|100\/100\n|turn|8\n|\n|t:|1700438157\n|move|p1a: Ursaluna|Facade|p2a: Gholdengo\n|-damage|p2a: Gholdengo|0 fnt\n|faint|p2a: Gholdengo\n|move|p1b: Cresselia|Lunar Blessing|p1b: Cresselia|[spread] p1a,p1b\n|-heal|p1a: Ursaluna|100\/100 brn\n|-curestatus|p1a: Ursaluna|brn|[msg]\n|-heal|p1b: Cresselia|74\/100\n|move|p2b: Tornadus|Bleakwind Storm|p1a: Ursaluna|[spread] p1a,p1b\n|-damage|p1a: Ursaluna|71\/100\n|-damage|p1b: Cresselia|55\/100\n|-unboost|p1b: Cresselia|spe|1\n|\n|-heal|p1a: Ursaluna|78\/100|[from] Grassy Terrain\n|-sideend|p2: Darthflyer|move: Tailwind\n|-status|p1a: Ursaluna|brn|[from] item: Flame Orb\n|upkeep\n|inactive|Darthflyer has 180 seconds left.\n|\n|t:|1700438174\n|switch|p2a: Dragonite|Dragonite, F|100\/100\n|turn|9\n|\n|t:|1700438185\n|switch|p2b: Chien-Pao|Chien-Pao|100\/100\n|-ability|p2b: Chien-Pao|Sword of Ruin\n|move|p1a: Ursaluna|Protect|p1a: Ursaluna\n|-singleturn|p1a: Ursaluna|Protect\n|move|p2a: Dragonite|Extreme Speed|p1a: Ursaluna\n|-activate|p1a: Ursaluna|move: Protect\n|move|p1b: Cresselia|Icy Wind|p2b: Chien-Pao|[spread] p2b\n|-miss|p1b: Cresselia|p2a: Dragonite\n|-resisted|p2b: Chien-Pao\n|-damage|p2b: Chien-Pao|95\/100\n|-unboost|p2b: Chien-Pao|spe|1\n|\n|-heal|p1a: Ursaluna|84\/100 brn|[from] Grassy Terrain\n|-heal|p2b: Chien-Pao|100\/100|[from] Grassy Terrain\n|-damage|p1a: Ursaluna|78\/100 brn|[from] brn\n|upkeep\n|turn|10\n|inactive|Darthflyer has 210 seconds left.\n|\n|t:|1700438206\n|switch|p1b: Indeedee|Indeedee-F, F, shiny|100\/100\n|-fieldstart|move: Psychic Terrain|[from] ability: Psychic Surge|[of] p1b: Indeedee\n|move|p2a: Dragonite|Extreme Speed|p1b: Indeedee\n|-activate|p1b: Indeedee|move: Psychic Terrain\n|move|p1a: Ursaluna|Facade|p2b: Chien-Pao\n|-enditem|p2b: Chien-Pao|Focus Sash\n|-damage|p2b: Chien-Pao|1\/100\n|move|p2b: Chien-Pao|Ice Spinner|p1a: Ursaluna\n|-supereffective|p1a: Ursaluna\n|-damage|p1a: Ursaluna|7\/100 brn\n|-fieldend|move: Psychic Terrain\n|\n|-damage|p1a: Ursaluna|0 fnt|[from] brn\n|faint|p1a: Ursaluna\n|-fieldend|move: Trick Room\n|upkeep\n|\n|t:|1700438223\n|switch|p1a: Armarouge|Armarouge, M, shiny|27\/100\n|turn|11\n|\n|t:|1700438233\n|switch|p1b: Amoonguss|Amoonguss, M, shiny|78\/100\n|move|p1a: Armarouge|Endure|p1a: Armarouge\n|-singleturn|p1a: Armarouge|move: Endure\n|move|p2a: Dragonite|Extreme Speed|p1a: Armarouge\n|-activate|p1a: Armarouge|move: Endure\n|-damage|p1a: Armarouge|1\/100\n|-ability|p1a: Armarouge|Weak Armor|boost\n|-unboost|p1a: Armarouge|def|1\n|-boost|p1a: Armarouge|spe|2\n|move|p2b: Chien-Pao|Ice Spinner|p1b: Amoonguss\n|-supereffective|p1b: Amoonguss\n|-damage|p1b: Amoonguss|0 fnt\n|faint|p1b: Amoonguss\n|\n|upkeep\n|\n|t:|1700438247\n|switch|p1b: Indeedee|Indeedee-F, F, shiny|100\/100\n|-fieldstart|move: Psychic Terrain|[from] ability: Psychic Surge|[of] p1b: Indeedee\n|turn|12\n|\n|t:|1700438260\n|switch|p2a: Tornadus|Tornadus, M|30\/100\n|-terastallize|p1b: Indeedee|Fairy\n|move|p2b: Chien-Pao|Protect|p2b: Chien-Pao\n|-singleturn|p2b: Chien-Pao|Protect\n|move|p1b: Indeedee|Follow Me|p1b: Indeedee\n|-singleturn|p1b: Indeedee|move: Follow Me\n|move|p1a: Armarouge|Heat Wave|p2b: Chien-Pao|[spread] p2a\n|-activate|p2b: Chien-Pao|move: Protect\n|-damage|p2a: Tornadus|0 fnt\n|faint|p2a: Tornadus\n|\n|upkeep\n|inactive|Darthflyer has 240 seconds left.\n|\n|t:|1700438274\n|switch|p2a: Dragonite|Dragonite, F|100\/100\n|turn|13\n|\n|t:|1700438285\n|move|p1a: Armarouge|Endure|p1a: Armarouge\n|-singleturn|p1a: Armarouge|move: Endure\n|move|p2b: Chien-Pao|Ice Spinner|p1a: Armarouge\n|-resisted|p1a: Armarouge\n|-activate|p1a: Armarouge|move: Endure\n|-damage|p1a: Armarouge|1\/100\n|-ability|p1a: Armarouge|Weak Armor|boost\n|-unboost|p1a: Armarouge|def|1\n|-boost|p1a: Armarouge|spe|2\n|-fieldend|move: Psychic Terrain\n|move|p2a: Dragonite|Stomping Tantrum|p1b: Indeedee\n|-damage|p1b: Indeedee|44\/100\n|move|p1b: Indeedee|Dazzling Gleam|p2b: Chien-Pao|[spread] p2a,p2b\n|-supereffective|p2a: Dragonite\n|-supereffective|p2b: Chien-Pao\n|-damage|p2a: Dragonite|63\/100\n|-damage|p2b: Chien-Pao|0 fnt\n|faint|p2b: Chien-Pao\n|\n|upkeep\n|turn|14\n|inactive|Darthflyer has 270 seconds left.\n|\n|t:|1700438308\n|move|p1a: Armarouge|Expanding Force|p2a: Dragonite\n|-damage|p2a: Dragonite|15\/100\n|move|p2a: Dragonite|Stomping Tantrum|p1a: Armarouge\n|-supereffective|p1a: Armarouge\n|-damage|p1a: Armarouge|0 fnt\n|faint|p1a: Armarouge\n|move|p1b: Indeedee|Dazzling Gleam|p2a: Dragonite\n|-supereffective|p2a: Dragonite\n|-damage|p2a: Dragonite|0 fnt\n|faint|p2a: Dragonite\n|\n|win|Zerwikaptur\n|c|\u2606Zerwikaptur|gg\n","uploadtime":1700438334,"views":6,"p1id":"zerwikaptur","p2id":"darthflyer","formatid":"gen9doublesou","rating":0,"private":0,"password":""}