{"id":"gen9doublesou-1977360827","p1":"Niter2003","p2":"clara69","format":"[Gen 9] Doubles OU","log":"|j|\u2606Niter2003\n|j|\u2606clara69\n|t:|1698409687\n|gametype|doubles\n|player|p1|Niter2003|cynthia-gen4|\n|player|p2|clara69|whitney|\n|teamsize|p1|6\n|teamsize|p2|6\n|gen|9\n|tier|[Gen 9] Doubles OU\n|rule|Species Clause: Limit one of each Pok\u00e9mon\n|rule|OHKO Clause: OHKO moves are banned\n|rule|Evasion Moves Clause: Evasion moves are banned\n|rule|Gravity Sleep Clause: The combination of sleep-inducing moves with imperfect accuracy and Gravity or Gigantamax Orbeetle are banned\n|rule|Endless Battle Clause: Forcing endless battles is banned\n|rule|HP Percentage Mod: HP is shown in percentages\n|clearpoke\n|poke|p1|Tornadus, M|\n|poke|p1|Iron Hands|\n|poke|p1|Rillaboom, F|\n|poke|p1|Flutter Mane|\n|poke|p1|Ogerpon-Hearthflame, F|\n|poke|p1|Heatran, F|\n|poke|p2|Polteageist-Antique|\n|poke|p2|Mew|\n|poke|p2|Cresselia, F|\n|poke|p2|Golduck, M|\n|poke|p2|Diancie|\n|poke|p2|Volcanion|\n|teampreview\n|\n|t:|1698409697\n|start\n|switch|p1a: Tornadus|Tornadus, M|100\/100\n|switch|p1b: Rillaboom|Rillaboom, F|100\/100\n|switch|p2a: wibi!!!wibi!!!|Polteageist-Antique, shiny|100\/100\n|switch|p2b: Edd00chan|Golduck, M|100\/100\n|-ability|p2b: Edd00chan|Cloud Nine\n|-fieldstart|move: Grassy Terrain|[from] ability: Grassy Surge|[of] p1b: Rillaboom\n|turn|1\n|\n|t:|1698409711\n|move|p1b: Rillaboom|Fake Out|p2b: Edd00chan\n|-damage|p2b: Edd00chan|84\/100\n|move|p1a: Tornadus|Tailwind|p1a: Tornadus\n|-sidestart|p1: Niter2003|move: Tailwind\n|cant|p2b: Edd00chan|flinch\n|move|p2a: wibi!!!wibi!!!|Shell Smash|p2a: wibi!!!wibi!!!\n|-unboost|p2a: wibi!!!wibi!!!|def|1\n|-unboost|p2a: wibi!!!wibi!!!|spd|1\n|-boost|p2a: wibi!!!wibi!!!|atk|2\n|-boost|p2a: wibi!!!wibi!!!|spa|2\n|-boost|p2a: wibi!!!wibi!!!|spe|2\n|-enditem|p2a: wibi!!!wibi!!!|White Herb\n|-clearnegativeboost|p2a: wibi!!!wibi!!!|[silent]\n|\n|-heal|p2b: Edd00chan|90\/100|[from] Grassy Terrain\n|upkeep\n|turn|2\n|\n|t:|1698409737\n|move|p1b: Rillaboom|Grassy Glide|p2a: wibi!!!wibi!!!\n|-damage|p2a: wibi!!!wibi!!!|63\/100\n|-ability|p2a: wibi!!!wibi!!!|Weak Armor|boost\n|-unboost|p2a: wibi!!!wibi!!!|def|1\n|-boost|p2a: wibi!!!wibi!!!|spe|2\n|move|p1a: Tornadus|Bleakwind Storm|p2a: wibi!!!wibi!!!|[spread] p2a\n|-miss|p1a: Tornadus|p2b: Edd00chan\n|-damage|p2a: wibi!!!wibi!!!|31\/100\n|move|p2a: wibi!!!wibi!!!|Shadow Ball|p1b: Rillaboom\n|-crit|p1b: Rillaboom\n|-damage|p1b: Rillaboom|21\/100\n|move|p2b: Edd00chan|Fling|p2a: wibi!!!wibi!!!\n|-supereffective|p2a: wibi!!!wibi!!!\n|-damage|p2a: wibi!!!wibi!!!|26\/100\n|-boost|p2a: wibi!!!wibi!!!|spe|1|[from] item: Salac Berry\n|-ability|p2a: wibi!!!wibi!!!|Weak Armor|boost\n|-unboost|p2a: wibi!!!wibi!!!|def|1\n|-boost|p2a: wibi!!!wibi!!!|spe|1\n|-enditem|p2b: Edd00chan|Salac Berry|[from] move: Fling\n|\n|-heal|p2a: wibi!!!wibi!!!|32\/100|[from] Grassy Terrain\n|-heal|p1b: Rillaboom|27\/100|[from] Grassy Terrain\n|-heal|p2b: Edd00chan|96\/100|[from] Grassy Terrain\n|upkeep\n|turn|3\n|\n|t:|1698409775\n|move|p1b: Rillaboom|Grassy Glide|p2a: wibi!!!wibi!!!\n|-damage|p2a: wibi!!!wibi!!!|0 fnt\n|faint|p2a: wibi!!!wibi!!!\n|move|p2b: Edd00chan|Aqua Jet|p1b: Rillaboom\n|-resisted|p1b: Rillaboom\n|-damage|p1b: Rillaboom|23\/100\n|move|p1a: Tornadus|Bleakwind Storm|p2b: Edd00chan\n|-damage|p2b: Edd00chan|50\/100\n|\n|-heal|p1b: Rillaboom|29\/100|[from] Grassy Terrain\n|-heal|p2b: Edd00chan|57\/100|[from] Grassy Terrain\n|upkeep\n|\n|t:|1698409789\n|switch|p2a: COCO :3|Mew|100\/100\n|turn|4\n|\n|t:|1698409800\n|move|p2b: Edd00chan|Protect|p2b: Edd00chan\n|-singleturn|p2b: Edd00chan|Protect\n|move|p1a: Tornadus|Bleakwind Storm|p2b: Edd00chan|[spread] \n|-activate|p2b: Edd00chan|move: Protect\n|-miss|p1a: Tornadus|p2a: COCO :3\n|move|p1b: Rillaboom|U-turn|p2a: COCO :3\n|-supereffective|p2a: COCO :3\n|-damage|p2a: COCO :3|60\/100\n|\n|t:|1698409818\n|switch|p1b: Pupipupas|Flutter Mane|100\/100|[from] U-turn\n|move|p2a: COCO :3|Imprison|p2a: COCO :3\n|-start|p2a: COCO :3|move: Imprison\n|\n|-heal|p2a: COCO :3|66\/100|[from] Grassy Terrain\n|-heal|p2b: Edd00chan|63\/100|[from] Grassy Terrain\n|-sideend|p1: Niter2003|move: Tailwind\n|upkeep\n|turn|5\n|\n|t:|1698409840\n|move|p1a: Tornadus|Tailwind|p1a: Tornadus\n|-sidestart|p1: Niter2003|move: Tailwind\n|move|p1b: Pupipupas|Shadow Ball|p2a: COCO :3\n|-supereffective|p2a: COCO :3\n|-damage|p2a: COCO :3|0 fnt\n|faint|p2a: COCO :3\n|move|p2b: Edd00chan|Simple Beam|p1a: Tornadus\n|-endability|p1a: Tornadus|Prankster|[from] move: Simple Beam\n|-ability|p1a: Tornadus|Simple|[from] move: Simple Beam\n|\n|-heal|p2b: Edd00chan|69\/100|[from] Grassy Terrain\n|-fieldend|move: Grassy Terrain\n|upkeep\n|\n|t:|1698409853\n|switch|p2a: caramelo rosa|Diancie|100\/100\n|turn|6\n|\n|t:|1698409861\n|move|p2b: Edd00chan|Aqua Jet|p2a: caramelo rosa\n|-supereffective|p2a: caramelo rosa\n|-damage|p2a: caramelo rosa|86\/100\n|-enditem|p2a: caramelo rosa|Weakness Policy\n|-boost|p2a: caramelo rosa|atk|2|[from] item: Weakness Policy\n|-boost|p2a: caramelo rosa|spa|2|[from] item: Weakness Policy\n|move|p1b: Pupipupas|Shadow Ball|p2a: caramelo rosa\n|-damage|p2a: caramelo rosa|37\/100\n|move|p1a: Tornadus|Sunny Day|p1a: Tornadus\n|-weather|SunnyDay\n|move|p2a: caramelo rosa|Diamond Storm|p1a: Tornadus|[spread] p1a,p1b\n|-supereffective|p1a: Tornadus\n|-damage|p1a: Tornadus|13\/100\n|-damage|p1b: Pupipupas|6\/100\n|\n|-weather|SunnyDay|[upkeep]\n|upkeep\n|turn|7\n|j| JorgeyGari\n|c| JorgeyGari|vamos inke2003\n|\n|t:|1698409881\n|switch|p1a: Rillaboom|Rillaboom, F|29\/100\n|-fieldstart|move: Grassy Terrain|[from] ability: Grassy Surge|[of] p1a: Rillaboom\n|move|p2b: Edd00chan|Aqua Jet|p1b: Pupipupas\n|-damage|p1b: Pupipupas|0 fnt\n|faint|p1b: Pupipupas\n|-end|p1b: Pupipupas|Protosynthesis|[silent]\n|move|p2a: caramelo rosa|Diamond Storm|p1a: Rillaboom|[miss]\n|-miss|p2a: caramelo rosa|p1a: Rillaboom\n|\n|-weather|SunnyDay|[upkeep]\n|-heal|p1a: Rillaboom|35\/100|[from] Grassy Terrain\n|-heal|p2b: Edd00chan|75\/100|[from] Grassy Terrain\n|-heal|p2a: caramelo rosa|44\/100|[from] Grassy Terrain\n|upkeep\n|\n|t:|1698409894\n|switch|p1b: Ogerpon|Ogerpon-Hearthflame, F|100\/100\n|-ability|p1b: Ogerpon|Mold Breaker\n|turn|8\n|\n|t:|1698409905\n|switch|p2b: odette<3|Cresselia, F|100\/100\n|move|p2a: caramelo rosa|Protect|p2a: caramelo rosa\n|-singleturn|p2a: caramelo rosa|Protect\n|move|p1a: Rillaboom|Grassy Glide|p2a: caramelo rosa\n|-activate|p2a: caramelo rosa|move: Protect\n|move|p1b: Ogerpon|Horn Leech|p2b: odette<3\n|-damage|p2b: odette<3|74\/100\n|\n|-weather|SunnyDay|[upkeep]\n|-heal|p1a: Rillaboom|42\/100|[from] Grassy Terrain\n|-heal|p2b: odette<3|80\/100|[from] item: Leftovers\n|-heal|p2a: caramelo rosa|50\/100|[from] Grassy Terrain\n|-sideend|p1: Niter2003|move: Tailwind\n|upkeep\n|turn|9\n|\n|t:|1698409926\n|move|p2b: odette<3|Ally Switch|p2b: odette<3\n|swap|p2b: odette<3|0|[from] move: Ally Switch\n|move|p1a: Rillaboom|Grassy Glide|p2a: odette<3\n|-damage|p2a: odette<3|60\/100\n|move|p1b: Ogerpon|Horn Leech|p2a: odette<3\n|-damage|p2a: odette<3|33\/100\n|move|p2b: caramelo rosa|Diamond Storm|p1a: Rillaboom|[spread] p1a,p1b\n|-crit|p1a: Rillaboom\n|-supereffective|p1b: Ogerpon\n|-damage|p1a: Rillaboom|0 fnt\n|-damage|p1b: Ogerpon|0 fnt\n|faint|p1a: Rillaboom\n|faint|p1b: Ogerpon\n|\n|-weather|SunnyDay|[upkeep]\n|-heal|p2a: odette<3|39\/100|[from] item: Leftovers\n|-heal|p2b: caramelo rosa|56\/100|[from] Grassy Terrain\n|upkeep\n|\n|t:|1698409948\n|switch|p1b: Heatran|Heatran, F|100\/100\n|switch|p1a: Tornadus|Tornadus, M|13\/100\n|turn|10\n|\n|t:|1698409958\n|-terastallize|p2b: caramelo rosa|Ground\n|move|p1a: Tornadus|Tailwind|p1a: Tornadus\n|-sidestart|p1: Niter2003|move: Tailwind\n|move|p1b: Heatran|Flash Cannon|p2a: odette<3\n|-damage|p2a: odette<3|12\/100\n|move|p2a: odette<3|Lunar Blessing|p2a: odette<3|[spread] p2a,p2b\n|-heal|p2a: odette<3|37\/100\n|-heal|p2b: caramelo rosa|81\/100\n|move|p2b: caramelo rosa|Earth Power|p1b: Heatran\n|-supereffective|p1b: Heatran\n|-damage|p1b: Heatran|0 fnt\n|faint|p1b: Heatran\n|\n|-weather|none\n|-heal|p2a: odette<3|43\/100|[from] item: Leftovers\n|-heal|p2b: caramelo rosa|87\/100|[from] Grassy Terrain\n|upkeep\n|\n|t:|1698409965\n|switch|p1b: Manolo|Iron Hands|100\/100\n|turn|11\n|\n|t:|1698409980\n|move|p1a: Tornadus|Bleakwind Storm|p2b: caramelo rosa|[spread] p2a,p2b\n|-damage|p2a: odette<3|21\/100\n|-damage|p2b: caramelo rosa|60\/100\n|move|p1b: Manolo|Swords Dance|p1b: Manolo\n|-boost|p1b: Manolo|atk|2\n|move|p2a: odette<3|Ice Beam|p1a: Tornadus\n|-supereffective|p1a: Tornadus\n|-damage|p1a: Tornadus|0 fnt\n|faint|p1a: Tornadus\n|move|p2b: caramelo rosa|Moonblast|p1b: Manolo\n|-supereffective|p1b: Manolo\n|-damage|p1b: Manolo|0 fnt\n|faint|p1b: Manolo\n|-end|p1b: Manolo|Quark Drive|[silent]\n|\n|win|clara69\n|l|\u2606Niter2003\n","uploadtime":1698410004,"views":30,"p1id":"niter2003","p2id":"clara69","formatid":"gen9doublesou","rating":0,"private":0,"password":""}