{"id":"gen9doublesou-1968169792","p1":"needadecentname","p2":"Darksky2593","format":"[Gen 9] Doubles OU","log":"|html|<div class=\"broadcast-blue\"><strong>[Gen 9] Doubles OU is currently suspecting Basculegion & Flutter Mane! For information on how to participate check out the <a href=\"https:\/\/www.smogon.com\/forums\/threads\/np-sv-dou-stage-8-double-trouble.3729153\/\">suspect thread<\/a>.<\/strong><\/div>\n|j|\u2606needadecentname\n|j|\u2606Darksky2593\n|t:|1697391224\n|gametype|doubles\n|player|p1|needadecentname|lucas|\n|player|p2|Darksky2593|lass-gen4dp|\n|teamsize|p1|6\n|teamsize|p2|6\n|gen|9\n|tier|[Gen 9] Doubles OU\n|rule|Species Clause: Limit one of each Pok\u00e9mon\n|rule|OHKO Clause: OHKO moves are banned\n|rule|Evasion Moves Clause: Evasion moves are banned\n|rule|Gravity Sleep Clause: The combination of sleep-inducing moves with imperfect accuracy and Gravity or Gigantamax Orbeetle are banned\n|rule|Endless Battle Clause: Forcing endless battles is banned\n|rule|HP Percentage Mod: HP is shown in percentages\n|clearpoke\n|poke|p1|Typhlosion, F|\n|poke|p1|Avalugg, M|\n|poke|p1|Tornadus, M|\n|poke|p1|Rillaboom, M|\n|poke|p1|Gholdengo|\n|poke|p1|Ursaluna-Bloodmoon, M|\n|poke|p2|Landorus-Therian, M|\n|poke|p2|Maushold-Four|\n|poke|p2|Conkeldurr, F|\n|poke|p2|Yanmega, M|\n|poke|p2|Clefable, F|\n|poke|p2|Furret, F|\n|teampreview\n|\n|t:|1697391233\n|start\n|switch|p1a: Tornadus|Tornadus, M|100\/100\n|switch|p1b: Gholdengo|Gholdengo|100\/100\n|switch|p2a: Furret|Furret, F|100\/100\n|switch|p2b: Clefable|Clefable, F|100\/100\n|turn|1\n|inactive|Battle timer is ON: inactive players will automatically lose when time's up. (requested by needadecentname)\n|\n|t:|1697391265\n|-terastallize|p2b: Clefable|Fairy\n|move|p1a: Tornadus|Tailwind|p1a: Tornadus\n|-sidestart|p1: needadecentname|move: Tailwind\n|move|p1b: Gholdengo|Make It Rain|p2a: Furret|[spread] p2a,p2b\n|-crit|p2a: Furret\n|-supereffective|p2b: Clefable\n|-damage|p2a: Furret|0 fnt\n|-enditem|p2b: Clefable|Focus Sash\n|-damage|p2b: Clefable|1\/100\n|-unboost|p1b: Gholdengo|spa|1\n|faint|p2a: Furret\n|move|p2b: Clefable|Calm Mind|p2b: Clefable\n|-boost|p2b: Clefable|spa|1\n|-boost|p2b: Clefable|spd|1\n|\n|upkeep\n|\n|t:|1697391284\n|switch|p2a: Yanmega|Yanmega, M|100\/100\n|turn|2\n|\n|t:|1697391294\n|move|p1b: Gholdengo|Make It Rain|p2b: Clefable|[spread] p2a,p2b\n|-supereffective|p2b: Clefable\n|-damage|p2a: Yanmega|15\/100\n|-damage|p2b: Clefable|0 fnt\n|-unboost|p1b: Gholdengo|spa|1\n|faint|p2b: Clefable\n|move|p1a: Tornadus|Knock Off|p2a: Yanmega\n|-damage|p2a: Yanmega|0 fnt\n|-enditem|p2a: Yanmega|Leftovers|[from] move: Knock Off|[of] p1a: Tornadus\n|faint|p2a: Yanmega\n|\n|upkeep\n|\n|t:|1697391309\n|switch|p2a: Conkeldurr|Conkeldurr, F|100\/100\n|switch|p2b: Maushold|Maushold-Four|100\/100\n|turn|3\n|\n|t:|1697391323\n|move|p1b: Gholdengo|Make It Rain|p2b: Maushold|[spread] p2a,p2b\n|-damage|p2a: Conkeldurr|57\/100\n|-damage|p2b: Maushold|44\/100\n|-unboost|p1b: Gholdengo|spa|1\n|move|p1a: Tornadus|Knock Off|p2a: Conkeldurr\n|-resisted|p2a: Conkeldurr\n|-damage|p2a: Conkeldurr|46\/100\n|-enditem|p2a: Conkeldurr|Expert Belt|[from] move: Knock Off|[of] p1a: Tornadus\n|move|p2b: Maushold|Population Bomb|p1b: Gholdengo\n|-immune|p1b: Gholdengo\n|move|p2a: Conkeldurr|Ice Punch|p1a: Tornadus\n|-supereffective|p1a: Tornadus\n|-enditem|p1a: Tornadus|Focus Sash\n|-damage|p1a: Tornadus|1\/100\n|\n|-heal|p2b: Maushold|51\/100|[from] item: Leftovers\n|upkeep\n|turn|4\n|\n|t:|1697391337\n|switch|p1b: Typhlosion|Typhlosion, F|100\/100\n|move|p1a: Tornadus|Protect|p1a: Tornadus\n|-singleturn|p1a: Tornadus|Protect\n|move|p2b: Maushold|Bullet Seed|p1b: Typhlosion\n|-resisted|p1b: Typhlosion\n|-damage|p1b: Typhlosion|94\/100\n|-resisted|p1b: Typhlosion\n|-damage|p1b: Typhlosion|87\/100\n|-resisted|p1b: Typhlosion\n|-damage|p1b: Typhlosion|81\/100\n|-hitcount|p1b: Typhlosion|3\n|move|p2a: Conkeldurr|Ice Punch|p1b: Typhlosion\n|-resisted|p1b: Typhlosion\n|-damage|p1b: Typhlosion|54\/100\n|\n|-heal|p2b: Maushold|57\/100|[from] item: Leftovers\n|-sideend|p1: needadecentname|move: Tailwind\n|upkeep\n|turn|5\n|\n|t:|1697391359\n|move|p1a: Tornadus|Tailwind|p1a: Tornadus\n|-sidestart|p1: needadecentname|move: Tailwind\n|move|p1b: Typhlosion|Heat Wave|p2a: Conkeldurr|[spread] p2a\n|-miss|p1b: Typhlosion|p2b: Maushold\n|-damage|p2a: Conkeldurr|0 fnt\n|faint|p2a: Conkeldurr\n|move|p2b: Maushold|Population Bomb|p1b: Typhlosion\n|-damage|p1b: Typhlosion|38\/100\n|-damage|p1b: Typhlosion|23\/100\n|-damage|p1b: Typhlosion|7\/100\n|-damage|p1b: Typhlosion|0 fnt\n|faint|p1b: Typhlosion\n|-hitcount|p1: Typhlosion|4\n|\n|-heal|p2b: Maushold|63\/100|[from] item: Leftovers\n|upkeep\n|\n|t:|1697391377\n|switch|p1b: Ursaluna|Ursaluna-Bloodmoon, M|100\/100\n|switch|p2a: Landorus|Landorus-Therian, M|100\/100\n|-ability|p2a: Landorus|Intimidate|boost\n|-unboost|p1a: Tornadus|atk|1\n|-unboost|p1b: Ursaluna|atk|1\n|turn|6\n|\n|t:|1697391389\n|move|p1a: Tornadus|Protect|p1a: Tornadus\n|-singleturn|p1a: Tornadus|Protect\n|move|p2b: Maushold|Population Bomb|p1a: Tornadus\n|-activate|p1a: Tornadus|move: Protect\n|move|p2a: Landorus|Earthquake|p1b: Ursaluna|[spread] p2b,p1b\n|-activate|p1a: Tornadus|move: Protect\n|-damage|p2b: Maushold|0 fnt\n|-damage|p1b: Ursaluna|69\/100\n|faint|p2b: Maushold\n|move|p1b: Ursaluna|Blood Moon|p2a: Landorus\n|-damage|p2a: Landorus|0 fnt\n|faint|p2a: Landorus\n|\n|win|needadecentname\n","uploadtime":1697391404,"views":12,"p1id":"needadecentname","p2id":"darksky2593","formatid":"gen9doublesou","rating":0,"private":0,"password":""}