{"id":"gen9doublesou-1968844653","p1":"ThewhiteSparro","p2":"Sargenbob","format":"[Gen 9] Doubles OU","log":"|j|\u2606ThewhiteSparro\n|j|\u2606Sargenbob\n|t:|1697469493\n|gametype|doubles\n|player|p1|ThewhiteSparro|dancer|1000\n|player|p2|Sargenbob|red|1044\n|teamsize|p1|5\n|teamsize|p2|6\n|gen|9\n|tier|[Gen 9] Doubles OU\n|rated|\n|rule|Species Clause: Limit one of each Pok\u00e9mon\n|rule|OHKO Clause: OHKO moves are banned\n|rule|Evasion Moves Clause: Evasion moves are banned\n|rule|Gravity Sleep Clause: The combination of sleep-inducing moves with imperfect accuracy and Gravity or Gigantamax Orbeetle are banned\n|rule|Endless Battle Clause: Forcing endless battles is banned\n|rule|HP Percentage Mod: HP is shown in percentages\n|clearpoke\n|poke|p1|Rabsca, F|\n|poke|p1|Arboliva, M|\n|poke|p1|Basculegion-F, F|\n|poke|p1|Regidrago|\n|poke|p1|Regieleki|\n|poke|p2|Oranguru, M|\n|poke|p2|Torkoal, F|\n|poke|p2|Amoonguss, F|\n|poke|p2|Garganacl, F|\n|poke|p2|Toxapex, F|\n|poke|p2|Gothitelle, F|\n|teampreview\n|inactive|Battle timer is ON: inactive players will automatically lose when time's up. (requested by Sargenbob)\n|\n|t:|1697469505\n|start\n|switch|p1a: Regieleki|Regieleki|100\/100\n|switch|p1b: Arboliva|Arboliva, M|100\/100\n|switch|p2a: Donkey Kong|Oranguru, M, shiny|100\/100\n|switch|p2b: Toad|Amoonguss, F, shiny|100\/100\n|turn|1\n|\n|t:|1697469524\n|move|p1b: Arboliva|Protect|p1b: Arboliva\n|-singleturn|p1b: Arboliva|Protect\n|move|p1a: Regieleki|Explosion|p2a: Donkey Kong|[spread] p2a,p2b\n|-activate|p1b: Arboliva|move: Protect\n|-damage|p2a: Donkey Kong|50\/100\n|-damage|p2b: Toad|55\/100\n|faint|p1a: Regieleki\n|-enditem|p2b: Toad|Eject Button\n|\n|t:|1697469536\n|switch|p2b: Stronghold|Garganacl, F|100\/100\n|move|p2a: Donkey Kong|Trick Room|p2a: Donkey Kong\n|-fieldstart|move: Trick Room|[of] p2a: Donkey Kong\n|\n|upkeep\n|\n|t:|1697469542\n|switch|p1a: Regidrago|Regidrago|100\/100\n|turn|2\n|\n|t:|1697469568\n|move|p2a: Donkey Kong|Protect|p2a: Donkey Kong\n|-singleturn|p2a: Donkey Kong|Protect\n|move|p2b: Stronghold|Salt Cure|p1a: Regidrago\n|-damage|p1a: Regidrago|83\/100\n|-start|p1a: Regidrago|Salt Cure\n|move|p1b: Arboliva|Leech Seed|p2b: Stronghold|[miss]\n|-miss|p1b: Arboliva|p2b: Stronghold\n|move|p1a: Regidrago|Dragon Energy|p2a: Donkey Kong|[spread] p2b\n|-activate|p2a: Donkey Kong|move: Protect\n|-damage|p2b: Stronghold|65\/100\n|\n|-heal|p2b: Stronghold|71\/100|[from] item: Leftovers\n|-damage|p1a: Regidrago|71\/100|[from] Salt Cure\n|upkeep\n|turn|3\n|\n|t:|1697469593\n|switch|p2a: Rafael|Torkoal, F, shiny|100\/100\n|-weather|SunnyDay|[from] ability: Drought|[of] p2a: Rafael\n|move|p1b: Arboliva|Protect|p1b: Arboliva\n|-singleturn|p1b: Arboliva|Protect\n|move|p2b: Stronghold|Iron Defense|p2b: Stronghold\n|-boost|p2b: Stronghold|def|2\n|move|p1a: Regidrago|Dragon Energy|p2b: Stronghold|[spread] p2a,p2b\n|-crit|p2b: Stronghold\n|-damage|p2a: Rafael|51\/100\n|-damage|p2b: Stronghold|26\/100\n|\n|-weather|SunnyDay|[upkeep]\n|-heal|p2b: Stronghold|32\/100|[from] item: Leftovers\n|-damage|p1a: Regidrago|59\/100|[from] Salt Cure\n|upkeep\n|turn|4\n|\n|t:|1697469622\n|move|p2b: Stronghold|Recover|p2b: Stronghold\n|-heal|p2b: Stronghold|82\/100\n|move|p2a: Rafael|Eruption|p1b: Arboliva|[spread] p1a,p1b\n|-resisted|p1a: Regidrago\n|-supereffective|p1b: Arboliva\n|-damage|p1a: Regidrago|33\/100\n|-damage|p1b: Arboliva|42\/100\n|move|p1b: Arboliva|Leech Seed|p2b: Stronghold\n|-start|p2b: Stronghold|move: Leech Seed\n|move|p1a: Regidrago|Dragon Energy|p2a: Rafael|[spread] p2a,p2b\n|-damage|p2a: Rafael|28\/100\n|-damage|p2b: Stronghold|66\/100\n|\n|-weather|SunnyDay|[upkeep]\n|-heal|p2b: Stronghold|73\/100|[from] item: Leftovers\n|-heal|p1b: Arboliva|48\/100|[from] item: Leftovers\n|-damage|p2b: Stronghold|60\/100|[from] Leech Seed|[of] p1b: Arboliva\n|-heal|p1b: Arboliva|62\/100|[silent]\n|-damage|p1a: Regidrago|21\/100|[from] Salt Cure\n|upkeep\n|turn|5\n|\n|t:|1697469642\n|move|p2b: Stronghold|Salt Cure|p1b: Arboliva\n|-damage|p1b: Arboliva|49\/100\n|-start|p1b: Arboliva|Salt Cure\n|move|p2a: Rafael|Eruption|p1a: Regidrago|[spread] p1a,p1b\n|-resisted|p1a: Regidrago\n|-supereffective|p1b: Arboliva\n|-damage|p1a: Regidrago|8\/100\n|-damage|p1b: Arboliva|20\/100\n|move|p1b: Arboliva|Light Screen|p1b: Arboliva\n|-sidestart|p1: ThewhiteSparro|move: Light Screen\n|move|p1a: Regidrago|Dragon Energy|p2b: Stronghold|[spread] p2a,p2b\n|-damage|p2a: Rafael|23\/100\n|-damage|p2b: Stronghold|57\/100\n|\n|-weather|SunnyDay|[upkeep]\n|-heal|p2b: Stronghold|63\/100|[from] item: Leftovers\n|-heal|p1b: Arboliva|26\/100|[from] item: Leftovers\n|-damage|p2b: Stronghold|51\/100|[from] Leech Seed|[of] p1b: Arboliva\n|-heal|p1b: Arboliva|40\/100|[silent]\n|-damage|p1b: Arboliva|28\/100|[from] Salt Cure\n|-damage|p1a: Regidrago|0 fnt|[from] Salt Cure\n|faint|p1a: Regidrago\n|-fieldend|move: Trick Room\n|upkeep\n|inactive|ThewhiteSparro has 120 seconds left.\n|\n|t:|1697469662\n|switch|p1a: Rabsca|Rabsca, F|100\/100\n|turn|6\n|\n|t:|1697469669\n|move|p1b: Arboliva|Protect|p1b: Arboliva\n|-singleturn|p1b: Arboliva|Protect\n|move|p1a: Rabsca|Revival Blessing|p1a: Rabsca\n|-enditem|p1a: Rabsca|Leppa Berry|[eat]\n|-activate|p1a: Rabsca|item: Leppa Berry|Revival Blessing|[consumed]\n|\n|t:|1697469677\n|-heal|p1: Regieleki|50\/100|[from] move: Revival Blessing\n|move|p2a: Rafael|Eruption|p1a: Rabsca|[spread] p1a\n|-activate|p1b: Arboliva|move: Protect\n|-supereffective|p1a: Rabsca\n|-damage|p1a: Rabsca|82\/100\n|move|p2b: Stronghold|Salt Cure|p1a: Rabsca\n|-supereffective|p1a: Rabsca\n|-damage|p1a: Rabsca|50\/100\n|-start|p1a: Rabsca|Salt Cure\n|\n|-weather|SunnyDay|[upkeep]\n|-heal|p1b: Arboliva|34\/100|[from] item: Leftovers\n|-heal|p2b: Stronghold|57\/100|[from] item: Leftovers\n|-damage|p2b: Stronghold|45\/100|[from] Leech Seed|[of] p1b: Arboliva\n|-heal|p1b: Arboliva|48\/100|[silent]\n|-damage|p1b: Arboliva|35\/100|[from] Salt Cure\n|-damage|p1a: Rabsca|37\/100|[from] Salt Cure\n|upkeep\n|turn|7\n|\n|t:|1697469701\n|move|p1b: Arboliva|Light Screen||[still]\n|-fail|p1b: Arboliva\n|move|p1a: Rabsca|Revival Blessing|p1a: Rabsca\n|\n|t:|1697469705\n|-heal|p1: Regidrago|50\/100|[from] move: Revival Blessing\n|move|p2a: Rafael|Heat Wave|p1b: Arboliva|[spread] p1a,p1b\n|-supereffective|p1a: Rabsca\n|-supereffective|p1b: Arboliva\n|-damage|p1a: Rabsca|0 fnt\n|-damage|p1b: Arboliva|0 fnt\n|faint|p1a: Rabsca\n|faint|p1b: Arboliva\n|move|p2b: Stronghold|Recover|p2b: Stronghold\n|-heal|p2b: Stronghold|95\/100\n|\n|-weather|none\n|-heal|p2b: Stronghold|100\/100|[from] item: Leftovers\n|upkeep\n|\n|t:|1697469723\n|switch|p1b: Regidrago|Regidrago|50\/100\n|switch|p1a: Regieleki|Regieleki|50\/100\n|turn|8\n|\n|t:|1697469734\n|move|p1a: Regieleki|Explosion|p2a: Rafael|[spread] p1b,p2a,p2b\n|-resisted|p2b: Stronghold\n|-damage|p1b: Regidrago|0 fnt\n|-damage|p2a: Rafael|0 fnt\n|-damage|p2b: Stronghold|92\/100\n|faint|p1a: Regieleki\n|faint|p1b: Regidrago\n|faint|p2a: Rafael\n|move|p2b: Stronghold|Iron Defense|p2b: Stronghold\n|-boost|p2b: Stronghold|def|2\n|\n|-heal|p2b: Stronghold|98\/100|[from] item: Leftovers\n|upkeep\n|\n|t:|1697469747\n|switch|p1a: Basculegion|Basculegion-F, F, shiny|100\/100\n|switch|p2a: Goth waifu|Gothitelle, F, shiny|100\/100\n|turn|9\n|\n|t:|1697469758\n|move|p1a: Basculegion|Last Respects|p2a: Goth waifu\n|-supereffective|p2a: Goth waifu\n|-damage|p2a: Goth waifu|0 fnt\n|faint|p2a: Goth waifu\n|move|p2b: Stronghold|Salt Cure|p1a: Basculegion\n|-damage|p1a: Basculegion|85\/100\n|-start|p1a: Basculegion|Salt Cure\n|\n|-heal|p2b: Stronghold|100\/100|[from] item: Leftovers\n|-damage|p1a: Basculegion|60\/100|[from] Salt Cure\n|-sideend|p1: ThewhiteSparro|move: Light Screen\n|upkeep\n|\n|t:|1697469765\n|switch|p2a: Toad|Amoonguss, F, shiny|88\/100\n|turn|10\n|\n|t:|1697469771\n|move|p1a: Basculegion|Last Respects|p2a: Toad\n|-damage|p2a: Toad|0 fnt\n|faint|p2a: Toad\n|move|p2b: Stronghold|Iron Defense|p2b: Stronghold\n|-boost|p2b: Stronghold|def|2\n|\n|-damage|p1a: Basculegion|35\/100|[from] Salt Cure\n|upkeep\n|\n|t:|1697469778\n|switch|p2a: Donkey Kong|Oranguru, M, shiny|50\/100\n|turn|11\n|\n|t:|1697469785\n|move|p2a: Donkey Kong|Protect|p2a: Donkey Kong\n|-singleturn|p2a: Donkey Kong|Protect\n|move|p1a: Basculegion|Last Respects|p2b: Stronghold\n|-damage|p2b: Stronghold|76\/100\n|move|p2b: Stronghold|Salt Cure|p1a: Basculegion\n|-crit|p1a: Basculegion\n|-damage|p1a: Basculegion|9\/100\n|\n|-heal|p2b: Stronghold|82\/100|[from] item: Leftovers\n|-damage|p1a: Basculegion|0 fnt|[from] Salt Cure\n|faint|p1a: Basculegion\n|\n|win|Sargenbob\n|upkeep\n|raw|ThewhiteSparro's rating: 1000 &rarr; <strong>1000<\/strong><br \/>(+0 for losing)\n|raw|Sargenbob's rating: 1044 &rarr; <strong>1073<\/strong><br \/>(+29 for winning)\n|c|\u2606Sargenbob|gg\n","uploadtime":1697469798,"views":20,"p1id":"thewhitesparro","p2id":"sargenbob","formatid":"gen9doublesou","rating":1000,"private":0,"password":""}