{"id":"gen9doublesou-1999740394","p1":"HomerGyatt","p2":"Amogusmemer","format":"[Gen 9] Doubles OU","log":"|j|\u2606HomerGyatt\n|j|\u2606Amogusmemer\n|t:|1701112509\n|gametype|doubles\n|player|p1|HomerGyatt|flint|\n|player|p2|Amogusmemer|buck|\n|teamsize|p1|6\n|teamsize|p2|6\n|gen|9\n|tier|[Gen 9] Doubles OU\n|rule|Species Clause: Limit one of each Pok\u00e9mon\n|rule|OHKO Clause: OHKO moves are banned\n|rule|Evasion Moves Clause: Evasion moves are banned\n|rule|Gravity Sleep Clause: The combination of sleep-inducing moves with imperfect accuracy and Gravity or Gigantamax Orbeetle are banned\n|rule|Endless Battle Clause: Forcing endless battles is banned\n|rule|HP Percentage Mod: HP is shown in percentages\n|clearpoke\n|poke|p1|Haxorus, M|\n|poke|p1|Slowking-Galar, F|\n|poke|p1|Ribombee, F|\n|poke|p1|Pelipper, F|\n|poke|p1|Ludicolo, F|\n|poke|p1|Beartic, F|\n|poke|p2|Ambipom, F|\n|poke|p2|Coalossal, M|\n|poke|p2|Clefable, M|\n|poke|p2|Tinkaton, F|\n|poke|p2|Dragapult, F|\n|poke|p2|Murkrow, F|\n|teampreview\n|\n|t:|1701112538\n|start\n|switch|p1a: Pelipper|Pelipper, F|100\/100\n|switch|p1b: Ludicolo|Ludicolo, F|100\/100\n|switch|p2a: Ambipom|Ambipom, F|100\/100\n|switch|p2b: Coalossal|Coalossal, M|100\/100\n|-weather|RainDance|[from] ability: Drizzle|[of] p1a: Pelipper\n|turn|1\n|\n|t:|1701112552\n|-terastallize|p1b: Ludicolo|Grass\n|-terastallize|p2b: Coalossal|Grass\n|move|p1b: Ludicolo|Leaf Storm|p2b: Coalossal\n|-resisted|p2b: Coalossal\n|-damage|p2b: Coalossal|53\/100\n|-unboost|p1b: Ludicolo|spa|2\n|-damage|p1b: Ludicolo|91\/100|[from] item: Life Orb\n|move|p2a: Ambipom|Gunk Shot|p2b: Coalossal\n|-supereffective|p2b: Coalossal\n|-damage|p2b: Coalossal|0 fnt\n|faint|p2b: Coalossal\n|-damage|p2a: Ambipom|91\/100|[from] item: Life Orb\n|move|p1a: Pelipper|Tailwind|p1a: Pelipper\n|-sidestart|p1: HomerGyatt|move: Tailwind\n|\n|-weather|RainDance|[upkeep]\n|upkeep\n|\n|t:|1701112573\n|switch|p2b: Murkrow|Murkrow, F|100\/100\n|turn|2\n|\n|t:|1701112583\n|move|p1b: Ludicolo|Leaf Storm|p2a: Ambipom\n|-damage|p2a: Ambipom|8\/100\n|-unboost|p1b: Ludicolo|spa|2\n|-damage|p1b: Ludicolo|81\/100|[from] item: Life Orb\n|move|p2a: Ambipom|Gunk Shot|p1b: Ludicolo\n|-supereffective|p1b: Ludicolo\n|-damage|p1b: Ludicolo|0 fnt\n|faint|p1b: Ludicolo\n|-damage|p2a: Ambipom|0 fnt|[from] item: Life Orb\n|faint|p2a: Ambipom\n|move|p1a: Pelipper|Ice Beam|p2b: Murkrow\n|-supereffective|p2b: Murkrow\n|-damage|p2b: Murkrow|0 fnt\n|faint|p2b: Murkrow\n|\n|-weather|RainDance|[upkeep]\n|upkeep\n|\n|t:|1701112598\n|switch|p2a: Dragapult|Dragapult, F|100\/100\n|switch|p2b: Clefable|Clefable, M|100\/100\n|switch|p1b: Beartic|Beartic, F|100\/100\n|turn|3\n|\n|t:|1701112612\n|move|p1b: Beartic|Liquidation|p2b: Clefable\n|-damage|p2b: Clefable|14\/100\n|-unboost|p2b: Clefable|def|1\n|move|p2a: Dragapult|Shadow Ball|p1a: Pelipper\n|-damage|p1a: Pelipper|21\/100\n|-enditem|p1a: Pelipper|Aguav Berry|[eat]\n|-heal|p1a: Pelipper|54\/100|[from] item: Aguav Berry\n|move|p1a: Pelipper|Hurricane|p2b: Clefable\n|-damage|p2b: Clefable|0 fnt\n|faint|p2b: Clefable\n|\n|-weather|RainDance|[upkeep]\n|upkeep\n|\n|t:|1701112622\n|switch|p2b: Tinkaton|Tinkaton, F|100\/100\n|-ability|p2b: Tinkaton|Mold Breaker\n|turn|4\n|\n|t:|1701112632\n|move|p2b: Tinkaton|Fake Out|p1b: Beartic\n|-crit|p1b: Beartic\n|-damage|p1b: Beartic|82\/100\n|cant|p1b: Beartic|flinch\n|move|p2a: Dragapult|Shadow Ball|p1a: Pelipper\n|-damage|p1a: Pelipper|0 fnt\n|faint|p1a: Pelipper\n|\n|-weather|RainDance|[upkeep]\n|-sideend|p1: HomerGyatt|move: Tailwind\n|upkeep\n|\n|t:|1701112644\n|switch|p1a: Ribombee|Ribombee, F|100\/100\n|turn|5\n|\n|t:|1701112653\n|move|p2a: Dragapult|Shadow Ball|p1a: Ribombee\n|-damage|p1a: Ribombee|6\/100\n|move|p1b: Beartic|Liquidation|p2b: Tinkaton\n|-crit|p2b: Tinkaton\n|-damage|p2b: Tinkaton|0 fnt\n|faint|p2b: Tinkaton\n|move|p1a: Ribombee|Quiver Dance|p1a: Ribombee\n|-boost|p1a: Ribombee|spa|1\n|-boost|p1a: Ribombee|spd|1\n|-boost|p1a: Ribombee|spe|1\n|\n|-weather|none\n|upkeep\n|turn|6\n|\n|t:|1701112672\n|move|p1a: Ribombee|Moonblast|p2a: Dragapult\n|-supereffective|p2a: Dragapult\n|-damage|p2a: Dragapult|0 fnt\n|faint|p2a: Dragapult\n|\n|win|HomerGyatt\n","uploadtime":1701112679,"views":5,"p1id":"homergyatt","p2id":"amogusmemer","formatid":"gen9doublesou","rating":0,"private":0,"password":""}