{"id":"gen9doublesou-1989849697","p1":"frostysamuri","p2":"Sheorgezy","format":"[Gen 9] Doubles OU","log":"|j|\u2606frostysamuri\n|j|\u2606Sheorgezy\n|t:|1699900891\n|gametype|doubles\n|player|p1|frostysamuri|266|1141\n|player|p2|Sheorgezy|hugh|1204\n|teamsize|p1|6\n|teamsize|p2|6\n|gen|9\n|tier|[Gen 9] Doubles OU\n|rated|\n|rule|Species Clause: Limit one of each Pok\u00e9mon\n|rule|OHKO Clause: OHKO moves are banned\n|rule|Evasion Moves Clause: Evasion moves are banned\n|rule|Gravity Sleep Clause: The combination of sleep-inducing moves with imperfect accuracy and Gravity or Gigantamax Orbeetle are banned\n|rule|Endless Battle Clause: Forcing endless battles is banned\n|rule|HP Percentage Mod: HP is shown in percentages\n|clearpoke\n|poke|p1|Ursaluna, M|\n|poke|p1|Zapdos|\n|poke|p1|Ninetales-Alola, F|\n|poke|p1|Lucario, M|\n|poke|p1|Ogerpon-Hearthflame, F|\n|poke|p1|Toxapex, F|\n|poke|p2|Ogerpon-Hearthflame, F|\n|poke|p2|Gengar, F|\n|poke|p2|Walking Wake|\n|poke|p2|Corviknight, F|\n|poke|p2|Ursaluna-Bloodmoon, M|\n|poke|p2|Grimmsnarl, M|\n|teampreview\n|inactive|Battle timer is ON: inactive players will automatically lose when time's up. (requested by frostysamuri)\n|\n|t:|1699900909\n|start\n|switch|p1a: Ogerpon|Ogerpon-Hearthflame, F|100\/100\n|switch|p1b: Toxapex|Toxapex, F|100\/100\n|switch|p2a: Ogerpon|Ogerpon-Hearthflame, F|100\/100\n|switch|p2b: Grimmsnarl|Grimmsnarl, M|100\/100\n|-ability|p1a: Ogerpon|Mold Breaker\n|-ability|p2a: Ogerpon|Mold Breaker\n|turn|1\n|\n|t:|1699900923\n|-terastallize|p2a: Ogerpon|Fire\n|detailschange|p2a: Ogerpon|Ogerpon-Hearthflame-Tera, F, tera:Fire\n|-ability|p2a: Ogerpon|Embody Aspect (Hearthflame)|boost\n|-boost|p2a: Ogerpon|atk|1\n|move|p2b: Grimmsnarl|Fake Out|p1a: Ogerpon\n|-damage|p1a: Ogerpon|80\/100\n|move|p2a: Ogerpon|Ivy Cudgel|p1a: Ogerpon\n|-damage|p1a: Ogerpon|0 fnt\n|faint|p1a: Ogerpon\n|move|p1b: Toxapex|Gunk Shot|p2a: Ogerpon\n|-damage|p2a: Ogerpon|45\/100\n|\n|upkeep\n|\n|t:|1699900938\n|switch|p1a: Lucario|Lucario, M|100\/100\n|turn|2\n|\n|t:|1699900947\n|move|p1a: Lucario|Bullet Punch|p2b: Grimmsnarl\n|-supereffective|p2b: Grimmsnarl\n|-damage|p2b: Grimmsnarl|60\/100\n|move|p2b: Grimmsnarl|Thunder Wave|p1a: Lucario\n|-status|p1a: Lucario|par\n|move|p2a: Ogerpon|Horn Leech|p1b: Toxapex\n|-damage|p1b: Toxapex|50\/100\n|-heal|p2a: Ogerpon|70\/100|[from] drain|[of] p1b: Toxapex\n|move|p1b: Toxapex|Liquidation|p2a: Ogerpon\n|-supereffective|p2a: Ogerpon\n|-damage|p2a: Ogerpon|0 fnt\n|faint|p2a: Ogerpon\n|\n|-heal|p1b: Toxapex|56\/100|[from] item: Leftovers\n|upkeep\n|\n|t:|1699900960\n|switch|p2a: Ursaluna|Ursaluna-Bloodmoon, M|100\/100\n|turn|3\n|\n|t:|1699900980\n|move|p2b: Grimmsnarl|Thunder Wave|p1b: Toxapex\n|-status|p1b: Toxapex|par\n|cant|p1a: Lucario|par\n|move|p2a: Ursaluna|Earth Power|p1b: Toxapex\n|-supereffective|p1b: Toxapex\n|-damage|p1b: Toxapex|0 fnt\n|faint|p1b: Toxapex\n|\n|upkeep\n|\n|t:|1699900990\n|switch|p1b: Ninetales|Ninetales-Alola, F|100\/100\n|-weather|Snow|[from] ability: Snow Warning|[of] p1b: Ninetales\n|turn|4\n|\n|t:|1699901000\n|-terastallize|p1b: Ninetales|Water\n|move|p1b: Ninetales|Blizzard|p2a: Ursaluna|[spread] p2a,p2b\n|-supereffective|p2a: Ursaluna\n|-damage|p2a: Ursaluna|57\/100\n|-damage|p2b: Grimmsnarl|26\/100\n|-enditem|p2b: Grimmsnarl|Sitrus Berry|[eat]\n|-heal|p2b: Grimmsnarl|51\/100|[from] item: Sitrus Berry\n|move|p2b: Grimmsnarl|Spirit Break|p1b: Ninetales\n|-damage|p1b: Ninetales|40\/100\n|-unboost|p1b: Ninetales|spa|1\n|-enditem|p1b: Ninetales|Sitrus Berry|[eat]\n|-heal|p1b: Ninetales|64\/100|[from] item: Sitrus Berry\n|move|p1a: Lucario|Close Combat|p2a: Ursaluna\n|-supereffective|p2a: Ursaluna\n|-damage|p2a: Ursaluna|0 fnt\n|-unboost|p1a: Lucario|def|1\n|-unboost|p1a: Lucario|spd|1\n|faint|p2a: Ursaluna\n|\n|-weather|Snow|[upkeep]\n|upkeep\n|\n|t:|1699901022\n|switch|p2a: Corviknight|Corviknight, F|100\/100\n|turn|5\n|\n|t:|1699901030\n|move|p2b: Grimmsnarl|Thunder Wave|p1b: Ninetales\n|-status|p1b: Ninetales|par\n|move|p1a: Lucario|Bullet Punch|p2b: Grimmsnarl\n|-supereffective|p2b: Grimmsnarl\n|-damage|p2b: Grimmsnarl|8\/100\n|move|p1b: Ninetales|Blizzard|p2a: Corviknight|[spread] p2a,p2b\n|-damage|p2a: Corviknight|80\/100\n|-damage|p2b: Grimmsnarl|0 fnt\n|faint|p2b: Grimmsnarl\n|move|p2a: Corviknight|Tailwind|p2a: Corviknight\n|-sidestart|p2: Sheorgezy|move: Tailwind\n|\n|-weather|Snow|[upkeep]\n|upkeep\n|\n|t:|1699901038\n|switch|p2b: Gengar|Gengar, F|100\/100\n|turn|6\n|\n|t:|1699901063\n|move|p2b: Gengar|Sludge Bomb|p1b: Ninetales\n|-damage|p1b: Ninetales|11\/100 par\n|move|p2a: Corviknight|Brave Bird|p1b: Ninetales\n|-damage|p1b: Ninetales|0 fnt\n|faint|p1b: Ninetales\n|-damage|p2a: Corviknight|77\/100|[from] Recoil\n|move|p1a: Lucario|Zen Headbutt|p2b: Gengar\n|-supereffective|p2b: Gengar\n|-enditem|p2b: Gengar|Focus Sash\n|-damage|p2b: Gengar|1\/100\n|\n|-weather|Snow|[upkeep]\n|upkeep\n|\n|t:|1699901076\n|switch|p1b: Zapdos|Zapdos|100\/100\n|turn|7\n|\n|t:|1699901086\n|move|p2b: Gengar|Protect|p2b: Gengar\n|-singleturn|p2b: Gengar|Protect\n|move|p1a: Lucario|Bullet Punch|p2b: Gengar\n|-activate|p2b: Gengar|move: Protect\n|move|p2a: Corviknight|Brave Bird|p1a: Lucario\n|-damage|p1a: Lucario|15\/100 par\n|-damage|p2a: Corviknight|57\/100|[from] Recoil\n|move|p1b: Zapdos|Thunderbolt|p2a: Corviknight\n|-supereffective|p2a: Corviknight\n|-damage|p2a: Corviknight|0 fnt\n|faint|p2a: Corviknight\n|\n|-weather|Snow|[upkeep]\n|upkeep\n|\n|t:|1699901095\n|switch|p2a: Walking Wake|Walking Wake|100\/100\n|turn|8\n|\n|t:|1699901104\n|move|p1a: Lucario|Bullet Punch|p2b: Gengar\n|-damage|p2b: Gengar|0 fnt\n|-start|p1a: Lucario|Disable|Bullet Punch|[from] ability: Cursed Body|[of] p2b: Gengar\n|faint|p2b: Gengar\n|move|p2a: Walking Wake|Hydro Steam|p1b: Zapdos\n|-damage|p1b: Zapdos|67\/100\n|-damage|p2a: Walking Wake|90\/100|[from] item: Life Orb\n|move|p1b: Zapdos|Thunderbolt|p2a: Walking Wake\n|-damage|p2a: Walking Wake|45\/100\n|\n|-weather|none\n|-sideend|p2: Sheorgezy|move: Tailwind\n|upkeep\n|turn|9\n|-message|Sheorgezy forfeited.\n|\n|win|frostysamuri\n|raw|frostysamuri's rating: 1141 &rarr; <strong>1170<\/strong><br \/>(+29 for winning)\n|raw|Sheorgezy's rating: 1204 &rarr; <strong>1175<\/strong><br \/>(-29 for losing)\n|l|\u2606Sheorgezy\n","uploadtime":1699901122,"views":15,"p1id":"frostysamuri","p2id":"sheorgezy","formatid":"gen9doublesou","rating":1170,"private":0,"password":""}