{"id":"gen9doublesou-1975125585","p1":"SXD2002","p2":"glovesauce","format":"[Gen 9] Doubles OU","log":"|j|\u2606SXD2002\n|j|\u2606glovesauce\n|t:|1698163873\n|gametype|doubles\n|player|p1|SXD2002|silver-masters|1069\n|player|p2|glovesauce|crasherwake|1146\n|teamsize|p1|6\n|teamsize|p2|6\n|gen|9\n|tier|[Gen 9] Doubles OU\n|rated|\n|rule|Species Clause: Limit one of each Pok\u00e9mon\n|rule|OHKO Clause: OHKO moves are banned\n|rule|Evasion Moves Clause: Evasion moves are banned\n|rule|Gravity Sleep Clause: The combination of sleep-inducing moves with imperfect accuracy and Gravity or Gigantamax Orbeetle are banned\n|rule|Endless Battle Clause: Forcing endless battles is banned\n|rule|HP Percentage Mod: HP is shown in percentages\n|clearpoke\n|poke|p1|Lurantis, M|\n|poke|p1|Murkrow, M|\n|poke|p1|Grimmsnarl, M|\n|poke|p1|Clefairy, M|\n|poke|p1|Talonflame, M|\n|poke|p1|Espeon, F|\n|poke|p2|Kommo-o, M|\n|poke|p2|Falinks|\n|poke|p2|Flamigo, M|\n|poke|p2|Grimmsnarl, M|\n|poke|p2|Sinistcha-Masterpiece|\n|poke|p2|Fezandipiti, M|\n|teampreview\n|inactive|Battle timer is ON: inactive players will automatically lose when time's up. (requested by glovesauce)\n|\n|t:|1698163886\n|start\n|switch|p1a: Murkrow|Murkrow, M|100\/100\n|switch|p1b: Lurantis|Lurantis, M|100\/100\n|switch|p2a: BillyMandy|Grimmsnarl, M|100\/100\n|switch|p2b: Toxic Flamingo|Fezandipiti, M|100\/100\n|turn|1\n|\n|t:|1698163900\n|move|p1b: Lurantis|Protect|p1b: Lurantis\n|-singleturn|p1b: Lurantis|Protect\n|move|p1a: Murkrow|Thunder Wave|p2b: Toxic Flamingo\n|-status|p2b: Toxic Flamingo|par\n|move|p2a: BillyMandy|Reflect|p2a: BillyMandy\n|-sidestart|p2: glovesauce|Reflect\n|cant|p2b: Toxic Flamingo|par\n|\n|upkeep\n|turn|2\n|\n|t:|1698163918\n|-terastallize|p1b: Lurantis|Steel\n|move|p1a: Murkrow|Screech|p1b: Lurantis\n|-boost|p1b: Lurantis|def|2\n|move|p2a: BillyMandy|Light Screen|p2a: BillyMandy\n|-sidestart|p2: glovesauce|move: Light Screen\n|move|p2b: Toxic Flamingo|Tailwind|p2b: Toxic Flamingo\n|-sidestart|p2: glovesauce|move: Tailwind\n|move|p1b: Lurantis|Superpower|p2a: BillyMandy\n|-damage|p2a: BillyMandy|76\/100\n|-boost|p1b: Lurantis|atk|1\n|-boost|p1b: Lurantis|def|1\n|\n|upkeep\n|turn|3\n|\n|t:|1698163940\n|move|p1a: Murkrow|Screech|p1b: Lurantis\n|-boost|p1b: Lurantis|def|2\n|move|p2b: Toxic Flamingo|Dual Wingbeat|p1a: Murkrow\n|-damage|p1a: Murkrow|86\/100\n|-damage|p1a: Murkrow|70\/100\n|-hitcount|p1a: Murkrow|2\n|move|p2a: BillyMandy|Spirit Break|p1a: Murkrow\n|-supereffective|p1a: Murkrow\n|-damage|p1a: Murkrow|0 fnt\n|faint|p1a: Murkrow\n|move|p1b: Lurantis|Superpower|p2a: BillyMandy\n|-damage|p2a: BillyMandy|42\/100\n|-boost|p1b: Lurantis|atk|1\n|-boost|p1b: Lurantis|def|1\n|\n|upkeep\n|\n|t:|1698163960\n|switch|p1a: Talonflame|Talonflame, M|100\/100\n|turn|4\n|\n|t:|1698163974\n|move|p1a: Talonflame|Defog|p1b: Lurantis\n|-boost|p1b: Lurantis|evasion|1\n|move|p2a: BillyMandy|Parting Shot|p1a: Talonflame\n|-unboost|p1a: Talonflame|atk|1\n|-unboost|p1a: Talonflame|spa|1\n|\n|t:|1698163983\n|switch|p2a: Kokomo|Kommo-o, M|100\/100|[from] Parting Shot\n|cant|p2b: Toxic Flamingo|par\n|move|p1b: Lurantis|Superpower|p2a: Kokomo\n|-damage|p2a: Kokomo|60\/100\n|-boost|p1b: Lurantis|atk|1\n|\n|-heal|p2a: Kokomo|66\/100|[from] item: Leftovers\n|upkeep\n|turn|5\n|\n|t:|1698164002\n|move|p1a: Talonflame|Defog|p1b: Lurantis\n|-boost|p1b: Lurantis|evasion|1\n|move|p2a: Kokomo|Clangorous Soul|p2a: Kokomo\n|-boost|p2a: Kokomo|atk|1\n|-boost|p2a: Kokomo|def|1\n|-boost|p2a: Kokomo|spa|1\n|-boost|p2a: Kokomo|spd|1\n|-boost|p2a: Kokomo|spe|1\n|-damage|p2a: Kokomo|33\/100\n|move|p2b: Toxic Flamingo|Dual Wingbeat|p1a: Talonflame\n|-damage|p1a: Talonflame|87\/100\n|-damage|p1a: Talonflame|72\/100\n|-hitcount|p1a: Talonflame|2\n|move|p1b: Lurantis|Superpower|p2a: Kokomo\n|-damage|p2a: Kokomo|1\/100\n|-boost|p1b: Lurantis|atk|1\n|\n|-heal|p2a: Kokomo|7\/100|[from] item: Leftovers\n|-sideend|p2: glovesauce|move: Tailwind\n|upkeep\n|turn|6\n|\n|t:|1698164025\n|switch|p2b: Just a Flamingo|Flamigo, M|100\/100\n|-copyboost|p2b: Just a Flamingo|p2a: Kokomo|[from] ability: Costar\n|move|p2a: Kokomo|Flamethrower|p1b: Lurantis\n|-supereffective|p1b: Lurantis\n|-damage|p1b: Lurantis|45\/100\n|move|p1a: Talonflame|Defog|p1b: Lurantis\n|-boost|p1b: Lurantis|evasion|1\n|move|p1b: Lurantis|Leaf Storm|p2a: Kokomo\n|-resisted|p2a: Kokomo\n|-damage|p2a: Kokomo|0 fnt\n|-boost|p1b: Lurantis|spa|2\n|faint|p2a: Kokomo\n|\n|-heal|p1b: Lurantis|51\/100|[from] item: Leftovers\n|upkeep\n|\n|t:|1698164039\n|switch|p2a: Starbucks|Sinistcha-Masterpiece|100\/100\n|turn|7\n|\n|t:|1698164050\n|move|p2b: Just a Flamingo|Brave Bird|p1a: Talonflame\n|-damage|p1a: Talonflame|0 fnt\n|faint|p1a: Talonflame\n|-damage|p2b: Just a Flamingo|73\/100|[from] Recoil\n|-damage|p2b: Just a Flamingo|63\/100|[from] item: Life Orb\n|move|p2a: Starbucks|Nasty Plot|p2a: Starbucks\n|-boost|p2a: Starbucks|spa|2\n|move|p1b: Lurantis|Leech Life|p2a: Starbucks\n|-crit|p2a: Starbucks\n|-damage|p2a: Starbucks|16\/100\n|-heal|p1b: Lurantis|94\/100|[from] drain|[of] p2a: Starbucks\n|\n|-heal|p2a: Starbucks|22\/100|[from] item: Leftovers\n|-heal|p1b: Lurantis|99\/100|[from] item: Leftovers\n|upkeep\n|inactive|SXD2002 has 120 seconds left.\n|\n|t:|1698164078\n|switch|p1a: Clefairy|Clefairy, M|100\/100\n|turn|8\n|\n|t:|1698164094\n|move|p1b: Lurantis|Protect|p1b: Lurantis\n|-singleturn|p1b: Lurantis|Protect\n|move|p1a: Clefairy|Protect|p1a: Clefairy\n|-singleturn|p1a: Clefairy|Protect\n|move|p2b: Just a Flamingo|Close Combat|p1b: Lurantis\n|-activate|p1b: Lurantis|move: Protect\n|move|p2a: Starbucks|Matcha Gotcha|p1a: Clefairy|[spread] \n|-activate|p1a: Clefairy|move: Protect\n|-activate|p1b: Lurantis|move: Protect\n|\n|-heal|p2a: Starbucks|29\/100|[from] item: Leftovers\n|-heal|p1b: Lurantis|100\/100|[from] item: Leftovers\n|-sideend|p2: glovesauce|Reflect\n|upkeep\n|turn|9\n|\n|t:|1698164123\n|move|p1a: Clefairy|Follow Me|p1a: Clefairy\n|-singleturn|p1a: Clefairy|move: Follow Me\n|move|p2b: Just a Flamingo|Close Combat|p1a: Clefairy\n|-resisted|p1a: Clefairy\n|-damage|p1a: Clefairy|39\/100\n|-unboost|p2b: Just a Flamingo|def|1\n|-unboost|p2b: Just a Flamingo|spd|1\n|-damage|p2b: Just a Flamingo|53\/100|[from] item: Life Orb\n|move|p2a: Starbucks|Shadow Ball|p1a: Clefairy\n|-damage|p1a: Clefairy|0 fnt\n|faint|p1a: Clefairy\n|move|p1b: Lurantis|Superpower|p2b: Just a Flamingo\n|-resisted|p2b: Just a Flamingo\n|-damage|p2b: Just a Flamingo|0 fnt\n|-boost|p1b: Lurantis|atk|1\n|faint|p2b: Just a Flamingo\n|\n|-heal|p2a: Starbucks|35\/100|[from] item: Leftovers\n|-sideend|p2: glovesauce|move: Light Screen\n|upkeep\n|\n|t:|1698164152\n|switch|p2b: BillyMandy|Grimmsnarl, M|42\/100\n|switch|p1a: Grimmsnarl|Grimmsnarl, M|100\/100\n|turn|10\n|\n|t:|1698164175\n|move|p1a: Grimmsnarl|Fake Tears|p1b: Lurantis|[miss]\n|-miss|p1a: Grimmsnarl|p1b: Lurantis\n|move|p2b: BillyMandy|Reflect|p2b: BillyMandy\n|-sidestart|p2: glovesauce|Reflect\n|move|p2a: Starbucks|Matcha Gotcha|p1b: Lurantis|[spread] p1a,p1b\n|-resisted|p1b: Lurantis\n|-damage|p1a: Grimmsnarl|55\/100\n|-heal|p2a: Starbucks|60\/100|[from] drain|[of] p1a: Grimmsnarl\n|-damage|p1b: Lurantis|73\/100\n|-heal|p2a: Starbucks|74\/100|[from] drain|[of] p1b: Lurantis\n|-status|p1b: Lurantis|brn\n|move|p1b: Lurantis|Leech Life|p2a: Starbucks\n|-damage|p2a: Starbucks|52\/100\n|-heal|p1b: Lurantis|84\/100 brn|[from] drain|[of] p2a: Starbucks\n|\n|-heal|p2a: Starbucks|58\/100|[from] item: Leftovers\n|-heal|p1a: Grimmsnarl|61\/100|[from] item: Leftovers\n|-heal|p1b: Lurantis|91\/100 brn|[from] item: Leftovers\n|-damage|p1b: Lurantis|84\/100 brn|[from] brn\n|upkeep\n|turn|11\n|\n|t:|1698164199\n|move|p2b: BillyMandy|Light Screen|p2b: BillyMandy\n|-sidestart|p2: glovesauce|move: Light Screen\n|move|p1a: Grimmsnarl|Fake Tears|p1b: Lurantis|[miss]\n|-miss|p1a: Grimmsnarl|p1b: Lurantis\n|move|p2a: Starbucks|Matcha Gotcha|p1a: Grimmsnarl|[spread] p1a\n|-miss|p2a: Starbucks|p1b: Lurantis\n|-damage|p1a: Grimmsnarl|11\/100\n|-heal|p2a: Starbucks|87\/100|[from] drain|[of] p1a: Grimmsnarl\n|move|p1b: Lurantis|Leaf Storm|p2b: BillyMandy\n|-damage|p2b: BillyMandy|3\/100\n|-boost|p1b: Lurantis|spa|2\n|\n|-heal|p2a: Starbucks|93\/100|[from] item: Leftovers\n|-heal|p1a: Grimmsnarl|17\/100|[from] item: Leftovers\n|-heal|p1b: Lurantis|91\/100 brn|[from] item: Leftovers\n|-damage|p1b: Lurantis|84\/100 brn|[from] brn\n|upkeep\n|turn|12\n|\n|t:|1698164217\n|move|p1a: Grimmsnarl|Fake Tears|p1b: Lurantis|[miss]\n|-miss|p1a: Grimmsnarl|p1b: Lurantis\n|move|p2a: Starbucks|Nasty Plot|p2a: Starbucks\n|-boost|p2a: Starbucks|spa|2\n|move|p2b: BillyMandy|Spirit Break|p1a: Grimmsnarl\n|-supereffective|p1a: Grimmsnarl\n|-damage|p1a: Grimmsnarl|0 fnt\n|faint|p1a: Grimmsnarl\n|move|p1b: Lurantis|Leech Life|p2b: BillyMandy\n|-damage|p2b: BillyMandy|0 fnt\n|-heal|p1b: Lurantis|86\/100 brn|[from] drain|[of] p2b: BillyMandy\n|faint|p2b: BillyMandy\n|\n|-heal|p2a: Starbucks|99\/100|[from] item: Leftovers\n|-heal|p1b: Lurantis|92\/100 brn|[from] item: Leftovers\n|-damage|p1b: Lurantis|86\/100 brn|[from] brn\n|upkeep\n|\n|t:|1698164233\n|switch|p2b: Franks|Falinks|100\/100\n|switch|p1a: Espeon|Espeon, F|100\/100\n|turn|13\n|\n|t:|1698164244\n|-terastallize|p2b: Franks|Steel\n|move|p1a: Espeon|Psych Up|p1b: Lurantis\n|-copyboost|p1a: Espeon|p1b: Lurantis|[from] move: Psych Up\n|move|p2b: Franks|No Retreat|p2b: Franks\n|-boost|p2b: Franks|atk|1\n|-boost|p2b: Franks|def|1\n|-boost|p2b: Franks|spa|1\n|-boost|p2b: Franks|spd|1\n|-boost|p2b: Franks|spe|1\n|-start|p2b: Franks|move: No Retreat\n|move|p2a: Starbucks|Shadow Ball|p1a: Espeon|[miss]\n|-miss|p2a: Starbucks|p1a: Espeon\n|move|p1b: Lurantis|Leaf Storm|p2b: Franks\n|-resisted|p2b: Franks\n|-damage|p2b: Franks|50\/100\n|-boost|p1b: Lurantis|spa|2\n|\n|-heal|p2a: Starbucks|100\/100|[from] item: Leftovers\n|-heal|p1b: Lurantis|92\/100 brn|[from] item: Leftovers\n|-damage|p1b: Lurantis|86\/100 brn|[from] brn\n|upkeep\n|turn|14\n|inactive|SXD2002 has 120 seconds left.\n|\n|t:|1698164276\n|move|p2b: Franks|Close Combat|p1b: Lurantis\n|-supereffective|p1b: Lurantis\n|-damage|p1b: Lurantis|27\/100 brn\n|-unboost|p2b: Franks|def|1\n|-unboost|p2b: Franks|spd|1\n|-damage|p2b: Franks|40\/100|[from] item: Life Orb\n|move|p1a: Espeon|Stored Power|p2b: Franks\n|-resisted|p2b: Franks\n|-damage|p2b: Franks|0 fnt\n|faint|p2b: Franks\n|move|p2a: Starbucks|Matcha Gotcha|p1a: Espeon|[spread] \n|-miss|p2a: Starbucks|p1a: Espeon\n|-miss|p2a: Starbucks|p1b: Lurantis\n|move|p1b: Lurantis|Leaf Storm|p2a: Starbucks|[miss]\n|-miss|p1b: Lurantis|p2a: Starbucks\n|\n|-heal|p1b: Lurantis|33\/100 brn|[from] item: Leftovers\n|-damage|p1b: Lurantis|27\/100 brn|[from] brn\n|upkeep\n|inactive|glovesauce has 120 seconds left.\n|\n|t:|1698164293\n|switch|p2b: Toxic Flamingo|Fezandipiti, M|100\/100 par\n|turn|15\n|\n|t:|1698164301\n|move|p1a: Espeon|Stored Power|p2b: Toxic Flamingo\n|-supereffective|p2b: Toxic Flamingo\n|-damage|p2b: Toxic Flamingo|0 fnt\n|faint|p2b: Toxic Flamingo\n|move|p2a: Starbucks|Matcha Gotcha|p1a: Espeon|[spread] p1b\n|-miss|p2a: Starbucks|p1a: Espeon\n|-resisted|p1b: Lurantis\n|-damage|p1b: Lurantis|0 fnt\n|faint|p1b: Lurantis\n|\n|upkeep\n|turn|16\n|\n|t:|1698164312\n|move|p1a: Espeon|Stored Power|p2a: Starbucks\n|-damage|p2a: Starbucks|0 fnt\n|faint|p2a: Starbucks\n|\n|win|SXD2002\n|raw|SXD2002's rating: 1069 &rarr; <strong>1105<\/strong><br \/>(+36 for winning)\n|raw|glovesauce's rating: 1146 &rarr; <strong>1116<\/strong><br \/>(-30 for losing)\n|c|\u2606SXD2002|gg\n|c|\u2606glovesauce|gg\n","uploadtime":1698164325,"views":11,"p1id":"sxd2002","p2id":"glovesauce","formatid":"gen9doublesou","rating":1105,"private":0,"password":""}