{"id":"gen9doublesou-1983419861","p1":"wolfmudkip23","p2":"PotatoTits","format":"[Gen 9] Doubles OU","log":"|j|\u2606wolfmudkip23\n|j|\u2606PotatoTits\n|t:|1699128212\n|gametype|doubles\n|player|p1|wolfmudkip23|102|1150\n|player|p2|PotatoTits|cynthia-gen4|1238\n|teamsize|p1|6\n|teamsize|p2|6\n|gen|9\n|tier|[Gen 9] Doubles OU\n|rated|\n|rule|Species Clause: Limit one of each Pok\u00e9mon\n|rule|OHKO Clause: OHKO moves are banned\n|rule|Evasion Moves Clause: Evasion moves are banned\n|rule|Gravity Sleep Clause: The combination of sleep-inducing moves with imperfect accuracy and Gravity or Gigantamax Orbeetle are banned\n|rule|Endless Battle Clause: Forcing endless battles is banned\n|rule|HP Percentage Mod: HP is shown in percentages\n|clearpoke\n|poke|p1|Cresselia, F|\n|poke|p1|Sinistcha|\n|poke|p1|Diancie|\n|poke|p1|Landorus-Therian, M|\n|poke|p1|Iron Hands|\n|poke|p1|Ursaluna, M|\n|poke|p2|Glastrier|\n|poke|p2|Ninetales-Alola, F|\n|poke|p2|Baxcalibur, M|\n|poke|p2|Cetitan, F|\n|poke|p2|Maushold-Four|\n|poke|p2|Avalugg-Hisui, M|\n|teampreview\n|inactive|Battle timer is ON: inactive players will automatically lose when time's up. (requested by PotatoTits)\n|\n|t:|1699128237\n|start\n|switch|p1a: Cresselia|Cresselia, F|100\/100\n|switch|p1b: Iron Hands|Iron Hands|100\/100\n|switch|p2a: Ninetales|Ninetales-Alola, F|100\/100\n|switch|p2b: Cetitan|Cetitan, F|100\/100\n|-weather|Snow|[from] ability: Snow Warning|[of] p2a: Ninetales\n|turn|1\n|\n|t:|1699128256\n|move|p2a: Ninetales|Aurora Veil|p2a: Ninetales\n|-sidestart|p2: PotatoTits|move: Aurora Veil\n|move|p2b: Cetitan|Belly Drum|p2b: Cetitan\n|-damage|p2b: Cetitan|50\/100\n|-setboost|p2b: Cetitan|atk|6|[from] move: Belly Drum\n|-enditem|p2b: Cetitan|Sitrus Berry|[eat]\n|-heal|p2b: Cetitan|75\/100|[from] item: Sitrus Berry\n|move|p1b: Iron Hands|Heavy Slam|p2a: Ninetales\n|-supereffective|p2a: Ninetales\n|-enditem|p2a: Ninetales|Focus Sash\n|-damage|p2a: Ninetales|1\/100\n|move|p1a: Cresselia|Trick Room|p1a: Cresselia\n|-fieldstart|move: Trick Room|[of] p1a: Cresselia\n|\n|-weather|Snow|[upkeep]\n|upkeep\n|turn|2\n|inactive|wolfmudkip23 has 120 seconds left.\n|inactive|PotatoTits has 120 seconds left.\n|\n|t:|1699128295\n|move|p2a: Ninetales|Protect|p2a: Ninetales\n|-singleturn|p2a: Ninetales|Protect\n|move|p2b: Cetitan|Ice Shard|p1b: Iron Hands\n|-damage|p1b: Iron Hands|42\/100\n|move|p1b: Iron Hands|Drain Punch|p2b: Cetitan\n|-supereffective|p2b: Cetitan\n|-damage|p2b: Cetitan|38\/100\n|-heal|p1b: Iron Hands|65\/100|[from] drain|[of] p2b: Cetitan\n|move|p1a: Cresselia|Psychic|p2a: Ninetales\n|-activate|p2a: Ninetales|move: Protect\n|\n|-weather|Snow|[upkeep]\n|upkeep\n|turn|3\n|\n|t:|1699128313\n|switch|p2a: Maushold|Maushold-Four|100\/100\n|move|p2b: Cetitan|Ice Shard|p1b: Iron Hands\n|-damage|p1b: Iron Hands|16\/100\n|move|p1b: Iron Hands|Drain Punch|p2b: Cetitan\n|-supereffective|p2b: Cetitan\n|-damage|p2b: Cetitan|12\/100\n|-heal|p1b: Iron Hands|32\/100|[from] drain|[of] p2b: Cetitan\n|move|p1a: Cresselia|Psychic|p2a: Maushold\n|-damage|p2a: Maushold|79\/100\n|\n|-weather|Snow|[upkeep]\n|upkeep\n|turn|4\n|inactive|wolfmudkip23 has 120 seconds left.\n|\n|t:|1699128352\n|move|p2a: Maushold|Follow Me|p2a: Maushold\n|-singleturn|p2a: Maushold|move: Follow Me\n|move|p2b: Cetitan|Ice Shard|p1b: Iron Hands\n|-damage|p1b: Iron Hands|0 fnt\n|faint|p1b: Iron Hands\n|-end|p1b: Iron Hands|Quark Drive|[silent]\n|move|p1a: Cresselia|Psychic|p2a: Maushold\n|-damage|p2a: Maushold|59\/100\n|-unboost|p2a: Maushold|spd|1\n|\n|-weather|Snow|[upkeep]\n|upkeep\n|\n|t:|1699128358\n|switch|p1b: Diancie|Diancie|100\/100\n|turn|5\n|\n|t:|1699128374\n|move|p2a: Maushold|Follow Me|p2a: Maushold\n|-singleturn|p2a: Maushold|move: Follow Me\n|move|p1b: Diancie|Diamond Storm|p2a: Maushold|[spread] p2a,p2b\n|-supereffective|p2b: Cetitan\n|-damage|p2a: Maushold|32\/100\n|-damage|p2b: Cetitan|0 fnt\n|-boost|p1b: Diancie|def|2\n|-enditem|p2a: Maushold|Sitrus Berry|[eat]\n|-heal|p2a: Maushold|57\/100|[from] item: Sitrus Berry\n|faint|p2b: Cetitan\n|move|p1a: Cresselia|Psychic|p2a: Maushold\n|-damage|p2a: Maushold|27\/100\n|\n|-weather|none\n|-sideend|p2: PotatoTits|move: Aurora Veil\n|-fieldend|move: Trick Room\n|upkeep\n|\n|t:|1699128382\n|switch|p2b: Ninetales|Ninetales-Alola, F|1\/100\n|-weather|Snow|[from] ability: Snow Warning|[of] p2b: Ninetales\n|turn|6\n|\n|t:|1699128390\n|move|p1a: Cresselia|Helping Hand|p1b: Diancie\n|-singleturn|p1b: Diancie|Helping Hand|[of] p1a: Cresselia\n|move|p2a: Maushold|Super Fang|p1b: Diancie\n|-damage|p1b: Diancie|50\/100\n|move|p2b: Ninetales|Aurora Veil|p2b: Ninetales\n|-sidestart|p2: PotatoTits|move: Aurora Veil\n|move|p1b: Diancie|Diamond Storm|p2a: Maushold|[spread] p2b\n|-miss|p1b: Diancie|p2a: Maushold\n|-supereffective|p2b: Ninetales\n|-damage|p2b: Ninetales|0 fnt\n|-boost|p1b: Diancie|def|2\n|faint|p2b: Ninetales\n|\n|-weather|Snow|[upkeep]\n|upkeep\n|\n|t:|1699128400\n|switch|p2b: Glastrier|Glastrier|100\/100\n|turn|7\n|\n|t:|1699128409\n|move|p2a: Maushold|Helping Hand|p2b: Glastrier\n|-singleturn|p2b: Glastrier|Helping Hand|[of] p2a: Maushold\n|move|p1b: Diancie|Protect|p1b: Diancie\n|-singleturn|p1b: Diancie|Protect\n|move|p2b: Glastrier|Heavy Slam|p1b: Diancie\n|-activate|p1b: Diancie|move: Protect\n|move|p1a: Cresselia|Trick Room|p1a: Cresselia\n|-fieldstart|move: Trick Room|[of] p1a: Cresselia\n|\n|-weather|Snow|[upkeep]\n|upkeep\n|turn|8\n|\n|t:|1699128421\n|move|p1a: Cresselia|Helping Hand|p1b: Diancie\n|-singleturn|p1b: Diancie|Helping Hand|[of] p1a: Cresselia\n|move|p2a: Maushold|Follow Me|p2a: Maushold\n|-singleturn|p2a: Maushold|move: Follow Me\n|move|p2b: Glastrier|Heavy Slam|p1b: Diancie\n|-supereffective|p1b: Diancie\n|-damage|p1b: Diancie|0 fnt\n|faint|p1b: Diancie\n|-ability|p2b: Glastrier|Chilling Neigh|boost\n|-boost|p2b: Glastrier|atk|1\n|\n|-weather|Snow|[upkeep]\n|upkeep\n|\n|t:|1699128432\n|switch|p1b: Ursaluna|Ursaluna, M|100\/100\n|turn|9\n|c|\u2606PotatoTits|Slow horse\n|inactive|wolfmudkip23 has 120 seconds left.\n|inactive|PotatoTits has 120 seconds left.\n|inactive|wolfmudkip23 has 90 seconds left.\n|\n|t:|1699128510\n|-terastallize|p2b: Glastrier|Ice\n|move|p1a: Cresselia|Helping Hand|p1b: Ursaluna\n|-singleturn|p1b: Ursaluna|Helping Hand|[of] p1a: Cresselia\n|move|p2a: Maushold|Helping Hand|p2b: Glastrier\n|-singleturn|p2b: Glastrier|Helping Hand|[of] p2a: Maushold\n|move|p2b: Glastrier|Icicle Crash|p1b: Ursaluna\n|-supereffective|p1b: Ursaluna\n|-damage|p1b: Ursaluna|0 fnt\n|faint|p1b: Ursaluna\n|-ability|p2b: Glastrier|Chilling Neigh|boost\n|-boost|p2b: Glastrier|atk|1\n|\n|-weather|Snow|[upkeep]\n|upkeep\n|\n|t:|1699128516\n|switch|p1b: Sinistcha|Sinistcha|100\/100\n|turn|10\n|inactive|wolfmudkip23 has 90 seconds left.\n|\n|t:|1699128554\n|switch|p1a: Landorus|Landorus-Therian, M|100\/100\n|-ability|p1a: Landorus|Intimidate|boost\n|-unboost|p2a: Maushold|atk|1\n|-fail|p2b: Glastrier|unboost|[from] item: Clear Amulet|[of] p2b: Glastrier\n|move|p2a: Maushold|Helping Hand|p2b: Glastrier\n|-singleturn|p2b: Glastrier|Helping Hand|[of] p2a: Maushold\n|move|p2b: Glastrier|Icicle Crash|p1b: Sinistcha\n|-supereffective|p1b: Sinistcha\n|-damage|p1b: Sinistcha|0 fnt\n|faint|p1b: Sinistcha\n|-ability|p2b: Glastrier|Chilling Neigh|boost\n|-boost|p2b: Glastrier|atk|1\n|\n|-weather|none\n|-sideend|p2: PotatoTits|move: Aurora Veil\n|upkeep\n|inactive|wolfmudkip23 has 60 seconds left.\n|\n|t:|1699128564\n|switch|p1b: Cresselia|Cresselia, F|100\/100\n|turn|11\n|c|\u2606PotatoTits|Clear amulet baby\n|inactive|wolfmudkip23 has 60 seconds left.\n|c|\u2606wolfmudkip23|i forgot to change all my tera types\n|c|\u2606wolfmudkip23|fml\n|c|\u2606wolfmudkip23|all my ice weakness\n|inactive|wolfmudkip23 has 30 seconds left.\n|c|\u2606wolfmudkip23|nothing to switch to\n|c|\u2606wolfmudkip23|gg\n|c|\u2606PotatoTits|Ggs\n|inactive|wolfmudkip23 has 20 seconds left.\n|inactive|wolfmudkip23 has 15 seconds left.\n|\n|t:|1699128636\n|move|p1b: Cresselia|Helping Hand|p1a: Landorus\n|-singleturn|p1a: Landorus|Helping Hand|[of] p1b: Cresselia\n|move|p2a: Maushold|Helping Hand|p2b: Glastrier\n|-singleturn|p2b: Glastrier|Helping Hand|[of] p2a: Maushold\n|move|p2b: Glastrier|Icicle Crash|p1a: Landorus\n|-supereffective|p1a: Landorus\n|-damage|p1a: Landorus|0 fnt\n|faint|p1a: Landorus\n|-ability|p2b: Glastrier|Chilling Neigh|boost\n|-boost|p2b: Glastrier|atk|1\n|\n|-fieldend|move: Trick Room\n|upkeep\n|turn|12\n|inactive|wolfmudkip23 has 30 seconds left.\n|c|\u2606PotatoTits|Yea Ggs\n|c|\u2606PotatoTits|Horse is insane\n|c|\u2606PotatoTits|you can\u2019t kill it\n|inactive|PotatoTits has 120 seconds left.\n|\n|t:|1699128668\n|move|p2a: Maushold|Helping Hand|p2b: Glastrier\n|-singleturn|p2b: Glastrier|Helping Hand|[of] p2a: Maushold\n|move|p1b: Cresselia|Psychic|p2a: Maushold\n|-damage|p2a: Maushold|0 fnt\n|faint|p2a: Maushold\n|move|p2b: Glastrier|Icicle Crash|p1b: Cresselia\n|-damage|p1b: Cresselia|0 fnt\n|faint|p1b: Cresselia\n|\n|win|PotatoTits\n|raw|wolfmudkip23's rating: 1150 &rarr; <strong>1131<\/strong><br \/>(-19 for losing)\n|raw|PotatoTits's rating: 1238 &rarr; <strong>1257<\/strong><br \/>(+19 for winning)\n|c|\u2606PotatoTits|Ggs\n","uploadtime":1699128692,"views":22,"p1id":"wolfmudkip23","p2id":"potatotits","formatid":"gen9doublesou","rating":1131,"private":0,"password":""}