{"id":"gen9doublesou-1978357661","p1":"juliozamudio","p2":"wingwingy55","format":"[Gen 9] Doubles OU","log":"|j|\u2606juliozamudio\n|j|\u2606wingwingy55\n|t:|1698528977\n|gametype|doubles\n|player|p1|juliozamudio|102|1211\n|player|p2|wingwingy55|preschooler|1187\n|teamsize|p1|6\n|teamsize|p2|6\n|gen|9\n|tier|[Gen 9] Doubles OU\n|rated|\n|rule|Species Clause: Limit one of each Pok\u00e9mon\n|rule|OHKO Clause: OHKO moves are banned\n|rule|Evasion Moves Clause: Evasion moves are banned\n|rule|Gravity Sleep Clause: The combination of sleep-inducing moves with imperfect accuracy and Gravity or Gigantamax Orbeetle are banned\n|rule|Endless Battle Clause: Forcing endless battles is banned\n|rule|HP Percentage Mod: HP is shown in percentages\n|clearpoke\n|poke|p1|Amoonguss, M|\n|poke|p1|Tropius, M|\n|poke|p1|Sinistcha-Masterpiece|\n|poke|p1|Ogerpon-Hearthflame, F|\n|poke|p1|Breloom, M|\n|poke|p1|Rillaboom, F|\n|poke|p2|Sinistcha-Masterpiece|\n|poke|p2|Kingambit, M|\n|poke|p2|Chi-Yu|\n|poke|p2|Iron Hands|\n|poke|p2|Cresselia, F|\n|poke|p2|Ursaluna-Bloodmoon, M|\n|teampreview\n|\n|t:|1698528992\n|start\n|switch|p1a: Rillaboom|Rillaboom, F|100\/100\n|switch|p1b: Amoonguss|Amoonguss, M|100\/100\n|switch|p2a: Iron Hands|Iron Hands|100\/100\n|switch|p2b: Chi-Yu|Chi-Yu|100\/100\n|-ability|p2b: Chi-Yu|Beads of Ruin\n|-fieldstart|move: Grassy Terrain|[from] ability: Grassy Surge|[of] p1a: Rillaboom\n|turn|1\n|\n|t:|1698529012\n|move|p1a: Rillaboom|Fake Out|p2a: Iron Hands\n|-damage|p2a: Iron Hands|90\/100\n|cant|p2a: Iron Hands|flinch\n|move|p2b: Chi-Yu|Heat Wave|p1b: Amoonguss|[spread] p1a,p1b\n|-supereffective|p1a: Rillaboom\n|-supereffective|p1b: Amoonguss\n|-damage|p1a: Rillaboom|22\/100\n|-damage|p1b: Amoonguss|32\/100\n|move|p1b: Amoonguss|Spore|p2b: Chi-Yu\n|-status|p2b: Chi-Yu|slp|[from] move: Spore\n|\n|-heal|p1a: Rillaboom|28\/100|[from] Grassy Terrain\n|-heal|p2a: Iron Hands|97\/100|[from] Grassy Terrain\n|-heal|p1b: Amoonguss|38\/100|[from] Grassy Terrain\n|upkeep\n|turn|2\n|\n|t:|1698529031\n|switch|p1b: Tropius|Tropius, M|100\/100\n|cant|p2b: Chi-Yu|slp\n|move|p1a: Rillaboom|Drum Beating|p2a: Iron Hands\n|-damage|p2a: Iron Hands|57\/100\n|-unboost|p2a: Iron Hands|spe|1\n|move|p2a: Iron Hands|Wild Charge|p1b: Tropius\n|-damage|p1b: Tropius|53\/100\n|-damage|p2a: Iron Hands|47\/100|[from] Recoil\n|\n|-heal|p1a: Rillaboom|34\/100|[from] Grassy Terrain\n|-heal|p2a: Iron Hands|54\/100|[from] Grassy Terrain\n|upkeep\n|turn|3\n|\n|t:|1698529055\n|cant|p2b: Chi-Yu|slp\n|move|p1a: Rillaboom|Body Slam|p2b: Chi-Yu\n|-damage|p2b: Chi-Yu|47\/100 slp\n|move|p1b: Tropius|Tailwind|p1b: Tropius\n|-sidestart|p1: juliozamudio|move: Tailwind\n|move|p2a: Iron Hands|Drain Punch|p1a: Rillaboom\n|-damage|p1a: Rillaboom|0 fnt\n|-heal|p2a: Iron Hands|67\/100|[from] drain|[of] p1a: Rillaboom\n|faint|p1a: Rillaboom\n|\n|-heal|p2b: Chi-Yu|54\/100 slp|[from] Grassy Terrain\n|-heal|p2a: Iron Hands|73\/100|[from] Grassy Terrain\n|upkeep\n|l|\u2606wingwingy55\n|player|p2|\n|\n|t:|1698529066\n|switch|p1a: Sinistcha|Sinistcha-Masterpiece|100\/100\n|-heal|p1b: Tropius|78\/100|[from] ability: Hospitality|[of] p1a: Sinistcha\n|turn|4\n|j|\u2606wingwingy55\n|player|p2|wingwingy55|preschooler\n|inactive|Battle timer is ON: inactive players will automatically lose when time's up. (requested by juliozamudio)\n|\n|t:|1698529124\n|cant|p2b: Chi-Yu|slp\n|move|p1a: Sinistcha|Calm Mind|p1a: Sinistcha\n|-boost|p1a: Sinistcha|spa|1\n|-boost|p1a: Sinistcha|spd|1\n|move|p1b: Tropius|Substitute|p1b: Tropius\n|-start|p1b: Tropius|Substitute\n|-damage|p1b: Tropius|53\/100\n|move|p2a: Iron Hands|Heavy Slam|p1a: Sinistcha\n|-damage|p1a: Sinistcha|61\/100\n|\n|-heal|p2b: Chi-Yu|60\/100 slp|[from] Grassy Terrain\n|-heal|p1a: Sinistcha|67\/100|[from] Grassy Terrain\n|-heal|p2a: Iron Hands|80\/100|[from] Grassy Terrain\n|upkeep\n|turn|5\n|\n|t:|1698529141\n|-curestatus|p2b: Chi-Yu|slp|[msg]\n|move|p2b: Chi-Yu|Heat Wave|p1b: Tropius|[spread] p1a,p1b\n|-supereffective|p1b: Tropius\n|-end|p1b: Tropius|Substitute\n|-supereffective|p1a: Sinistcha\n|-damage|p1a: Sinistcha|0 fnt\n|faint|p1a: Sinistcha\n|move|p1b: Tropius|Air Slash|p2a: Iron Hands\n|-damage|p2a: Iron Hands|68\/100\n|move|p2a: Iron Hands|Wild Charge|p1b: Tropius\n|-crit|p1b: Tropius\n|-damage|p1b: Tropius|0 fnt\n|faint|p1b: Tropius\n|-damage|p2a: Iron Hands|57\/100|[from] Recoil\n|\n|-heal|p2b: Chi-Yu|66\/100|[from] Grassy Terrain\n|-heal|p2a: Iron Hands|64\/100|[from] Grassy Terrain\n|-fieldend|move: Grassy Terrain\n|upkeep\n|l|\u2606wingwingy55\n|inactive|wingwingy55 disconnected and has a minute to reconnect!\n|player|p2|\n|\n|t:|1698529151\n|switch|p1a: Breloom|Breloom, M|100\/100\n|switch|p1b: Amoonguss|Amoonguss, M|71\/100\n|turn|6\n|j|\u2606wingwingy55\n|inactive|wingwingy55 reconnected and has 145 seconds left.\n|player|p2|wingwingy55|preschooler\n|inactive|wingwingy55 has 120 seconds left.\n|\n|t:|1698529188\n|switch|p2b: Sinistcha|Sinistcha-Masterpiece|100\/100\n|-heal|p2a: Iron Hands|89\/100|[from] ability: Hospitality|[of] p2b: Sinistcha\n|move|p1b: Amoonguss|Protect|p1b: Amoonguss\n|-singleturn|p1b: Amoonguss|Protect\n|move|p1a: Breloom|Bulldoze|p2b: Sinistcha|[spread] p2a,p2b\n|-activate|p1b: Amoonguss|move: Protect\n|-supereffective|p2a: Iron Hands\n|-resisted|p2b: Sinistcha\n|-damage|p2a: Iron Hands|59\/100\n|-damage|p2b: Sinistcha|90\/100\n|-unboost|p2a: Iron Hands|spe|1\n|-unboost|p2b: Sinistcha|spe|1\n|move|p2a: Iron Hands|Heavy Slam|p1a: Breloom\n|-damage|p1a: Breloom|39\/100\n|\n|-sideend|p1: juliozamudio|move: Tailwind\n|upkeep\n|turn|7\n|inactive|wingwingy55 has 120 seconds left.\n|\n|t:|1698529215\n|switch|p1b: Ogerpon|Ogerpon-Hearthflame, F|100\/100\n|-ability|p1b: Ogerpon|Mold Breaker\n|move|p1a: Breloom|Rock Tomb|p2a: Iron Hands\n|-resisted|p2a: Iron Hands\n|-damage|p2a: Iron Hands|49\/100\n|-unboost|p2a: Iron Hands|spe|1\n|move|p2a: Iron Hands|Heavy Slam|p1b: Ogerpon\n|-resisted|p1b: Ogerpon\n|-damage|p1b: Ogerpon|71\/100\n|move|p2b: Sinistcha|Trick Room|p2b: Sinistcha\n|-fieldstart|move: Trick Room|[of] p2b: Sinistcha\n|\n|upkeep\n|turn|8\n|\n|t:|1698529244\n|move|p2a: Iron Hands|Drain Punch|p1b: Ogerpon\n|-damage|p1b: Ogerpon|18\/100\n|-heal|p2a: Iron Hands|65\/100|[from] drain|[of] p1b: Ogerpon\n|move|p2b: Sinistcha|Strength Sap|p1b: Ogerpon\n|-unboost|p1b: Ogerpon|atk|1\n|-heal|p2b: Sinistcha|100\/100\n|move|p1a: Breloom|Rock Tomb|p2a: Iron Hands|[miss]\n|-miss|p1a: Breloom|p2a: Iron Hands\n|move|p1b: Ogerpon|Ivy Cudgel|p2b: Sinistcha\n|-supereffective|p2b: Sinistcha\n|-damage|p2b: Sinistcha|32\/100\n|-enditem|p2b: Sinistcha|Sitrus Berry|[eat]\n|-heal|p2b: Sinistcha|57\/100|[from] item: Sitrus Berry\n|\n|upkeep\n|turn|9\n|\n|t:|1698529268\n|move|p1b: Ogerpon|Spiky Shield|p1b: Ogerpon\n|-singleturn|p1b: Ogerpon|move: Protect\n|move|p2a: Iron Hands|Drain Punch|p1b: Ogerpon\n|-activate|p1b: Ogerpon|move: Protect\n|-damage|p2a: Iron Hands|52\/100|[from] Spiky Shield|[of] p1b: Ogerpon\n|move|p2b: Sinistcha|Strength Sap|p1b: Ogerpon\n|-activate|p1b: Ogerpon|move: Protect\n|move|p1a: Breloom|Rock Tomb|p2a: Iron Hands\n|-resisted|p2a: Iron Hands\n|-damage|p2a: Iron Hands|43\/100\n|-unboost|p2a: Iron Hands|spe|1\n|\n|upkeep\n|turn|10\n|\n|t:|1698529295\n|switch|p1b: Amoonguss|Amoonguss, M|100\/100\n|move|p2a: Iron Hands|Drain Punch|p1a: Breloom\n|-damage|p1a: Breloom|0 fnt\n|-heal|p2a: Iron Hands|53\/100|[from] drain|[of] p1a: Breloom\n|faint|p1a: Breloom\n|move|p2b: Sinistcha|Strength Sap|p1b: Amoonguss\n|-unboost|p1b: Amoonguss|atk|1\n|-heal|p2b: Sinistcha|100\/100\n|\n|upkeep\n|inactive|juliozamudio has 120 seconds left.\n|\n|t:|1698529309\n|switch|p1a: Ogerpon|Ogerpon-Hearthflame, F|18\/100\n|-ability|p1a: Ogerpon|Mold Breaker\n|turn|11\n|\n|t:|1698529320\n|move|p1a: Ogerpon|Spiky Shield|p1a: Ogerpon\n|-singleturn|p1a: Ogerpon|move: Protect\n|move|p2a: Iron Hands|Drain Punch|p1b: Amoonguss\n|-resisted|p1b: Amoonguss\n|-damage|p1b: Amoonguss|80\/100\n|-heal|p2a: Iron Hands|62\/100|[from] drain|[of] p1b: Amoonguss\n|move|p1b: Amoonguss|Spore|p2a: Iron Hands\n|-status|p2a: Iron Hands|slp|[from] move: Spore\n|move|p2b: Sinistcha|Strength Sap|p1a: Ogerpon\n|-activate|p1a: Ogerpon|move: Protect\n|\n|-fieldend|move: Trick Room\n|upkeep\n|turn|12\n|inactive|wingwingy55 has 120 seconds left.\n|\n|t:|1698529353\n|-terastallize|p1a: Ogerpon|Fire\n|detailschange|p1a: Ogerpon|Ogerpon-Hearthflame-Tera, F, tera:Fire\n|-ability|p1a: Ogerpon|Embody Aspect (Hearthflame)|boost\n|-boost|p1a: Ogerpon|atk|1\n|move|p1a: Ogerpon|Ivy Cudgel|p2b: Sinistcha\n|-supereffective|p2b: Sinistcha\n|-damage|p2b: Sinistcha|0 fnt\n|faint|p2b: Sinistcha\n|move|p1b: Amoonguss|Pollen Puff|p1a: Ogerpon\n|-heal|p1a: Ogerpon|68\/100\n|cant|p2a: Iron Hands|slp\n|\n|upkeep\n|inactive|wingwingy55 has 120 seconds left.\n|\n|t:|1698529366\n|switch|p2b: Cresselia|Cresselia, F|100\/100\n|turn|13\n|\n|t:|1698529382\n|-terastallize|p2b: Cresselia|Fairy\n|move|p1a: Ogerpon|Horn Leech|p2b: Cresselia\n|-damage|p2b: Cresselia|58\/100\n|-heal|p1a: Ogerpon|99\/100|[from] drain|[of] p2b: Cresselia\n|move|p1b: Amoonguss|Spore|p2b: Cresselia\n|-status|p2b: Cresselia|slp|[from] move: Spore\n|cant|p2a: Iron Hands|slp\n|cant|p2b: Cresselia|slp\n|\n|upkeep\n|turn|14\n|\n|t:|1698529404\n|move|p1a: Ogerpon|Play Rough|p2a: Iron Hands\n|-supereffective|p2a: Iron Hands\n|-crit|p2a: Iron Hands\n|-damage|p2a: Iron Hands|0 fnt\n|faint|p2a: Iron Hands\n|-end|p2a: Iron Hands|Quark Drive|[silent]\n|move|p1b: Amoonguss|Clear Smog|p2b: Cresselia\n|-supereffective|p2b: Cresselia\n|-damage|p2b: Cresselia|40\/100 slp\n|-clearboost|p2b: Cresselia\n|cant|p2b: Cresselia|slp\n|\n|upkeep\n|\n|t:|1698529416\n|switch|p2a: Ursaluna|Ursaluna-Bloodmoon, M|100\/100\n|turn|15\n|\n|t:|1698529423\n|move|p1a: Ogerpon|Horn Leech|p2a: Ursaluna\n|-supereffective|p2a: Ursaluna\n|-damage|p2a: Ursaluna|0 fnt\n|-heal|p1a: Ogerpon|100\/100|[from] drain|[of] p2a: Ursaluna\n|faint|p2a: Ursaluna\n|move|p1b: Amoonguss|Pollen Puff|p2b: Cresselia\n|-resisted|p2b: Cresselia\n|-damage|p2b: Cresselia|34\/100 slp\n|cant|p2b: Cresselia|slp\n|\n|upkeep\n|\n|t:|1698529431\n|switch|p2a: Chi-Yu|Chi-Yu|66\/100\n|-ability|p2a: Chi-Yu|Beads of Ruin\n|turn|16\n|\n|t:|1698529453\n|move|p2a: Chi-Yu|Dark Pulse|p1a: Ogerpon\n|-damage|p1a: Ogerpon|35\/100\n|cant|p1a: Ogerpon|flinch\n|move|p1b: Amoonguss|Clear Smog|p2b: Cresselia\n|-supereffective|p2b: Cresselia\n|-damage|p2b: Cresselia|11\/100 slp\n|-clearboost|p2b: Cresselia\n|-curestatus|p2b: Cresselia|slp|[msg]\n|move|p2b: Cresselia|Trick Room|p2b: Cresselia\n|-fieldstart|move: Trick Room|[of] p2b: Cresselia\n|\n|upkeep\n|turn|17\n|\n|t:|1698529471\n|move|p1a: Ogerpon|Spiky Shield|p1a: Ogerpon\n|-singleturn|p1a: Ogerpon|move: Protect\n|move|p2b: Cresselia|Ally Switch|p2b: Cresselia\n|swap|p2b: Cresselia|0|[from] move: Ally Switch\n|move|p1b: Amoonguss|Spore|p2a: Cresselia\n|-status|p2a: Cresselia|slp|[from] move: Spore\n|move|p2b: Chi-Yu|Dark Pulse|p1a: Ogerpon\n|-activate|p1a: Ogerpon|move: Protect\n|\n|upkeep\n|turn|18\n|inactive|juliozamudio has 120 seconds left.\n|\n|t:|1698529519\n|move|p1b: Amoonguss|Spore|p2b: Chi-Yu\n|-status|p2b: Chi-Yu|slp|[from] move: Spore\n|cant|p2a: Cresselia|slp\n|move|p1a: Ogerpon|Horn Leech|p2a: Cresselia\n|-damage|p2a: Cresselia|0 fnt\n|-heal|p1a: Ogerpon|43\/100|[from] drain|[of] p2a: Cresselia\n|faint|p2a: Cresselia\n|cant|p2b: Chi-Yu|slp\n|\n|upkeep\n|\n|t:|1698529536\n|switch|p2a: Kingambit|Kingambit, M|100\/100\n|-enditem|p2a: Kingambit|Room Service\n|-unboost|p2a: Kingambit|spe|1|[from] item: Room Service\n|turn|19\n|inactive|juliozamudio has 120 seconds left.\n|\n|t:|1698529554\n|move|p2a: Kingambit|Kowtow Cleave|p1a: Ogerpon\n|-damage|p1a: Ogerpon|0 fnt\n|faint|p1a: Ogerpon\n|move|p1b: Amoonguss|Pollen Puff|p1: Ogerpon|[notarget]\n|-fail|p1b: Amoonguss\n|cant|p2b: Chi-Yu|slp\n|\n|upkeep\n|turn|20\n|-message|juliozamudio forfeited.\n|\n|win|wingwingy55\n|raw|juliozamudio's rating: 1211 &rarr; <strong>1184<\/strong><br \/>(-27 for losing)\n|raw|wingwingy55's rating: 1187 &rarr; <strong>1214<\/strong><br \/>(+27 for winning)\n|l|\u2606juliozamudio\n","uploadtime":1698529567,"views":28,"p1id":"juliozamudio","p2id":"wingwingy55","formatid":"gen9doublesou","rating":1184,"private":0,"password":""}