{"id":"gen9doublesou-1976280143","p1":"SXD2002","p2":"Tired Of Paradox","format":"[Gen 9] Doubles OU","log":"|j|\u2606SXD2002\n|j|\u2606Tired Of Paradox\n|t:|1698281739\n|gametype|doubles\n|player|p1|SXD2002|silver-masters|1056\n|player|p2|Tired Of Paradox|birdkeeper-gen4dp|1144\n|teamsize|p1|6\n|teamsize|p2|6\n|gen|9\n|tier|[Gen 9] Doubles OU\n|rated|\n|rule|Species Clause: Limit one of each Pok\u00e9mon\n|rule|OHKO Clause: OHKO moves are banned\n|rule|Evasion Moves Clause: Evasion moves are banned\n|rule|Gravity Sleep Clause: The combination of sleep-inducing moves with imperfect accuracy and Gravity or Gigantamax Orbeetle are banned\n|rule|Endless Battle Clause: Forcing endless battles is banned\n|rule|HP Percentage Mod: HP is shown in percentages\n|clearpoke\n|poke|p1|Lurantis, M|\n|poke|p1|Murkrow, F|\n|poke|p1|Grimmsnarl, M|\n|poke|p1|Clefairy, M|\n|poke|p1|Talonflame, M|\n|poke|p1|Espeon, M|\n|poke|p2|Blissey, F|\n|poke|p2|Poliwhirl, F|\n|poke|p2|Muk, M|\n|poke|p2|Ludicolo, F|\n|poke|p2|Sableye, F|\n|poke|p2|Florges, F|\n|teampreview\n|inactive|Battle timer is ON: inactive players will automatically lose when time's up. (requested by Tired Of Paradox)\n|\n|t:|1698281771\n|start\n|switch|p1a: Murkrow|Murkrow, F|100\/100\n|switch|p1b: Lurantis|Lurantis, M|100\/100\n|switch|p2a: Ludicolo|Ludicolo, F|100\/100\n|switch|p2b: Blissey|Blissey, F|100\/100\n|turn|1\n|\n|t:|1698281793\n|move|p1a: Murkrow|Screech|p1b: Lurantis\n|-boost|p1b: Lurantis|def|2\n|move|p2a: Ludicolo|Metronome|p2a: Ludicolo\n|move|p2a: Ludicolo|Aqua Ring|p2a: Ludicolo|[from]move: Metronome\n|-start|p2a: Ludicolo|Aqua Ring\n|move|p2b: Blissey|Stealth Rock|p1b: Lurantis\n|-sidestart|p1: SXD2002|move: Stealth Rock\n|move|p1b: Lurantis|Superpower|p2b: Blissey\n|-supereffective|p2b: Blissey\n|-damage|p2b: Blissey|51\/100\n|-boost|p1b: Lurantis|atk|1\n|-boost|p1b: Lurantis|def|1\n|\n|-heal|p2b: Blissey|57\/100|[from] item: Leftovers\n|upkeep\n|turn|2\n|\n|t:|1698281811\n|move|p1a: Murkrow|Thunder Wave|p2b: Blissey\n|-status|p2b: Blissey|par\n|move|p2a: Ludicolo|Metronome|p2a: Ludicolo\n|move|p2a: Ludicolo|Grass Knot|p1a: Murkrow|[from]move: Metronome\n|-resisted|p1a: Murkrow\n|-damage|p1a: Murkrow|97\/100\n|move|p1b: Lurantis|Superpower|p2b: Blissey\n|-supereffective|p2b: Blissey\n|-damage|p2b: Blissey|0 fnt\n|-boost|p1b: Lurantis|atk|1\n|-boost|p1b: Lurantis|def|1\n|faint|p2b: Blissey\n|\n|upkeep\n|\n|t:|1698281816\n|switch|p2b: Florges|Florges, F|100\/100\n|turn|3\n|\n|t:|1698281842\n|move|p2a: Ludicolo|Metronome|p2a: Ludicolo\n|move|p2a: Ludicolo|Earth Power|p1b: Lurantis|[from]move: Metronome\n|-resisted|p1b: Lurantis\n|-damage|p1b: Lurantis|91\/100\n|move|p1a: Murkrow|Snarl|p2b: Florges|[spread] p2a,p2b\n|-resisted|p2b: Florges\n|-damage|p2a: Ludicolo|86\/100\n|-damage|p2b: Florges|97\/100\n|-unboost|p2b: Florges|spa|1\n|move|p2b: Florges|Pollen Puff|p1b: Lurantis\n|-supereffective|p1b: Lurantis\n|-damage|p1b: Lurantis|59\/100\n|move|p1b: Lurantis|Superpower|p2a: Ludicolo\n|-damage|p2a: Ludicolo|0 fnt\n|-boost|p1b: Lurantis|atk|1\n|-boost|p1b: Lurantis|def|1\n|faint|p2a: Ludicolo\n|\n|-heal|p2b: Florges|100\/100|[from] item: Leftovers\n|-heal|p1b: Lurantis|65\/100|[from] item: Leftovers\n|upkeep\n|\n|t:|1698281856\n|switch|p2a: Muk|Muk, M|100\/100\n|turn|4\n|\n|t:|1698281868\n|-terastallize|p1b: Lurantis|Steel\n|move|p1a: Murkrow|Feather Dance|p1b: Lurantis\n|-boost|p1b: Lurantis|atk|2\n|move|p2b: Florges|Draining Kiss|p1a: Murkrow\n|-supereffective|p1a: Murkrow\n|-damage|p1a: Murkrow|71\/100\n|move|p2a: Muk|Fire Punch|p1b: Lurantis\n|-supereffective|p1b: Lurantis\n|-damage|p1b: Lurantis|48\/100\n|move|p1b: Lurantis|Superpower|p2b: Florges\n|-resisted|p2b: Florges\n|-damage|p2b: Florges|33\/100\n|-boost|p1b: Lurantis|atk|1\n|-boost|p1b: Lurantis|def|1\n|\n|-heal|p2b: Florges|39\/100|[from] item: Leftovers\n|-heal|p1b: Lurantis|54\/100|[from] item: Leftovers\n|upkeep\n|turn|5\n|\n|t:|1698281892\n|move|p1a: Murkrow|Thunder Wave|p2a: Muk\n|-status|p2a: Muk|par\n|move|p2b: Florges|Metronome|p2b: Florges\n|move|p2b: Florges|Doom Desire|p1a: Murkrow|[from]move: Metronome\n|-start|p2b: Florges|Doom Desire\n|move|p1b: Lurantis|Leech Life|p2a: Muk\n|-resisted|p2a: Muk\n|-damage|p2a: Muk|61\/100 par\n|-heal|p1b: Lurantis|78\/100|[from] drain|[of] p2a: Muk\n|cant|p2a: Muk|par\n|\n|-heal|p2b: Florges|45\/100|[from] item: Leftovers\n|-heal|p1b: Lurantis|84\/100|[from] item: Leftovers\n|-heal|p2a: Muk|67\/100 par|[from] item: Black Sludge\n|upkeep\n|turn|6\n|\n|t:|1698281908\n|move|p1a: Murkrow|Thunder Wave|p2b: Florges\n|-status|p2b: Florges|par\n|move|p1b: Lurantis|Leaf Storm|p2b: Florges\n|-damage|p2b: Florges|19\/100 par\n|-boost|p1b: Lurantis|spa|2\n|move|p2b: Florges|Metronome|p2b: Florges\n|move|p2b: Florges|Victory Dance|p2b: Florges|[from]move: Metronome\n|-boost|p2b: Florges|atk|1\n|-boost|p2b: Florges|def|1\n|-boost|p2b: Florges|spe|1\n|move|p2a: Muk|Metronome|p2a: Muk\n|move|p2a: Muk|Wing Attack|p1b: Lurantis|[from]move: Metronome\n|-resisted|p1b: Lurantis\n|-damage|p1b: Lurantis|82\/100\n|\n|-heal|p2b: Florges|25\/100 par|[from] item: Leftovers\n|-heal|p1b: Lurantis|88\/100|[from] item: Leftovers\n|-heal|p2a: Muk|73\/100 par|[from] item: Black Sludge\n|upkeep\n|turn|7\n|\n|t:|1698281922\n|move|p1a: Murkrow|Snarl|p2a: Muk|[spread] p2a,p2b\n|-resisted|p2b: Florges\n|-damage|p2a: Muk|63\/100 par\n|-damage|p2b: Florges|21\/100 par\n|-unboost|p2a: Muk|spa|1\n|-unboost|p2b: Florges|spa|1\n|cant|p2b: Florges|par\n|move|p1b: Lurantis|Leaf Storm|p2b: Florges\n|-damage|p2b: Florges|0 fnt\n|-boost|p1b: Lurantis|spa|2\n|faint|p2b: Florges\n|cant|p2a: Muk|par\n|\n|-end|p1a: Murkrow|move: Doom Desire\n|-crit|p1a: Murkrow\n|-damage|p1a: Murkrow|6\/100\n|-heal|p1b: Lurantis|94\/100|[from] item: Leftovers\n|-heal|p2a: Muk|69\/100 par|[from] item: Black Sludge\n|upkeep\n|\n|t:|1698281926\n|switch|p2b: Poliwhirl|Poliwhirl, F|100\/100\n|turn|8\n|\n|t:|1698281939\n|move|p1a: Murkrow|Thunder Wave|p2b: Poliwhirl\n|-status|p2b: Poliwhirl|par\n|move|p2b: Poliwhirl|Metronome|p2b: Poliwhirl\n|move|p2b: Poliwhirl|Leafage|p1b: Lurantis|[from]move: Metronome\n|-resisted|p1b: Lurantis\n|-damage|p1b: Lurantis|93\/100\n|move|p1b: Lurantis|Leaf Storm|p2b: Poliwhirl\n|-supereffective|p2b: Poliwhirl\n|-damage|p2b: Poliwhirl|0 fnt\n|-boost|p1b: Lurantis|spa|2\n|faint|p2b: Poliwhirl\n|move|p2a: Muk|Metronome|p2a: Muk\n|move|p2a: Muk|Magic Room|p2a: Muk|[from]move: Metronome\n|-fieldstart|move: Magic Room|[of] p2a: Muk\n|\n|upkeep\n|\n|t:|1698281948\n|switch|p2b: Sableye|Sableye, F|100\/100\n|turn|9\n|\n|t:|1698281959\n|move|p2b: Sableye|Metronome|p2b: Sableye\n|move|p2b: Sableye|Barb Barrage|p1b: Lurantis|[from]move: Metronome\n|-immune|p1b: Lurantis\n|move|p1a: Murkrow|Snarl|p2b: Sableye|[spread] p2a,p2b\n|-damage|p2a: Muk|60\/100 par\n|-damage|p2b: Sableye|79\/100\n|-unboost|p2a: Muk|spa|1\n|-unboost|p2b: Sableye|spa|1\n|move|p1b: Lurantis|Leaf Storm|p2b: Sableye\n|-damage|p2b: Sableye|0 fnt\n|faint|p2b: Sableye\n|cant|p2a: Muk|par\n|\n|upkeep\n|turn|10\n|\n|t:|1698281975\n|move|p1a: Murkrow|Snarl|p2a: Muk\n|-damage|p2a: Muk|46\/100 par\n|-unboost|p2a: Muk|spa|1\n|move|p1b: Lurantis|Leaf Storm|p2a: Muk\n|-resisted|p2a: Muk\n|-damage|p2a: Muk|0 fnt\n|faint|p2a: Muk\n|\n|win|SXD2002\n|raw|SXD2002's rating: 1056 &rarr; <strong>1093<\/strong><br \/>(+37 for winning)\n|raw|Tired Of Paradox's rating: 1118 &rarr; <strong>1089<\/strong><br \/>(-29 for losing)\n|c|\u2606SXD2002|gg\n|l|\u2606Tired Of Paradox\n","uploadtime":1698281984,"views":11,"p1id":"sxd2002","p2id":"tiredofparadox","formatid":"gen9doublesou","rating":1089,"private":0,"password":""}