{"id":"gen9doublesou-2000408276","p1":"Cords77&","p2":"pokeblock_chiwda","format":"[Gen 9] Doubles OU","log":"|j|\u2606Cords77&\n|j|\u2606pokeblock_chiwda\n|t:|1701192304\n|gametype|doubles\n|player|p1|Cords77&|170|1021\n|player|p2|pokeblock_chiwda|red|1013\n|teamsize|p1|6\n|teamsize|p2|6\n|gen|9\n|tier|[Gen 9] Doubles OU\n|rated|\n|rule|Species Clause: Limit one of each Pok\u00e9mon\n|rule|OHKO Clause: OHKO moves are banned\n|rule|Evasion Moves Clause: Evasion moves are banned\n|rule|Gravity Sleep Clause: The combination of sleep-inducing moves with imperfect accuracy and Gravity or Gigantamax Orbeetle are banned\n|rule|Endless Battle Clause: Forcing endless battles is banned\n|rule|HP Percentage Mod: HP is shown in percentages\n|clearpoke\n|poke|p1|Charizard, M|\n|poke|p1|Torkoal, F|\n|poke|p1|Chi-Yu|\n|poke|p1|Scovillain, M|\n|poke|p1|Walking Wake|\n|poke|p1|Ceruledge, M|\n|poke|p2|Mew|\n|poke|p2|Oricorio-Pom-Pom, M|\n|poke|p2|Volcarona, M|\n|poke|p2|Oranguru, M|\n|poke|p2|Toxtricity, F|\n|poke|p2|Tauros-Paldea-Blaze, M|\n|teampreview\n|\n|t:|1701192309\n|start\n|switch|p1a: Shelly|Torkoal, F, shiny|100\/100\n|switch|p1b: Celia|Scovillain, M, shiny|100\/100\n|switch|p2a: Oricorio|Oricorio-Pom-Pom, M|100\/100\n|switch|p2b: Volcarona|Volcarona, M|100\/100\n|-weather|SunnyDay|[from] ability: Drought|[of] p1a: Shelly\n|turn|1\n|\n|t:|1701192327\n|move|p1b: Celia|Helping Hand|p1a: Shelly\n|-singleturn|p1a: Shelly|Helping Hand|[of] p1b: Celia\n|move|p2a: Oricorio|Air Cutter|p1b: Celia|[spread] p1a,p1b\n|-supereffective|p1b: Celia\n|-damage|p1a: Shelly|73\/100\n|-damage|p1b: Celia|40\/100\n|move|p2b: Volcarona|Quiver Dance|p2b: Volcarona\n|-boost|p2b: Volcarona|spa|1\n|-boost|p2b: Volcarona|spd|1\n|-boost|p2b: Volcarona|spe|1\n|-activate|p2a: Oricorio|ability: Dancer\n|move|p2a: Oricorio|Quiver Dance|p2a: Oricorio|[from]ability: Dancer\n|-boost|p2a: Oricorio|spa|1\n|-boost|p2a: Oricorio|spd|1\n|-boost|p2a: Oricorio|spe|1\n|move|p1a: Shelly|Eruption|p2b: Volcarona|[spread] p2a,p2b\n|-damage|p2a: Oricorio|23\/100\n|-damage|p2b: Volcarona|49\/100\n|\n|-weather|SunnyDay|[upkeep]\n|-heal|p1b: Celia|47\/100|[from] item: Leftovers\n|upkeep\n|turn|2\n|\n|t:|1701192358\n|move|p1b: Celia|Flamethrower|p2a: Oricorio\n|-damage|p2a: Oricorio|0 fnt\n|faint|p2a: Oricorio\n|move|p2b: Volcarona|Fiery Dance|p1b: Celia\n|-damage|p1b: Celia|0 fnt\n|faint|p1b: Celia\n|move|p1a: Shelly|Clear Smog|p2b: Volcarona\n|-damage|p2b: Volcarona|39\/100\n|-clearboost|p2b: Volcarona\n|\n|-weather|SunnyDay|[upkeep]\n|upkeep\n|\n|t:|1701192372\n|switch|p2a: Tauros|Tauros-Paldea-Blaze, M|100\/100\n|switch|p1b: Walter|Walking Wake|100\/100\n|-activate|p1b: Walter|ability: Protosynthesis\n|-start|p1b: Walter|protosynthesisspe\n|turn|3\n|\n|t:|1701192392\n|move|p1b: Walter|Hydro Steam|p2b: Volcarona\n|-supereffective|p2b: Volcarona\n|-crit|p2b: Volcarona\n|-damage|p2b: Volcarona|0 fnt\n|faint|p2b: Volcarona\n|move|p2a: Tauros|Rock Slide|p1b: Walter|[spread] p1a,p1b\n|-supereffective|p1a: Shelly\n|-damage|p1a: Shelly|46\/100\n|-damage|p1b: Walter|78\/100\n|move|p1a: Shelly|Eruption|p2a: Tauros\n|-resisted|p2a: Tauros\n|-damage|p2a: Tauros|67\/100\n|\n|-weather|SunnyDay|[upkeep]\n|upkeep\n|\n|t:|1701192405\n|switch|p2b: Toxtricity|Toxtricity, F|100\/100\n|turn|4\n|\n|t:|1701192421\n|switch|p1a: Chris|Ceruledge, M, shiny|100\/100\n|-terastallize|p1b: Walter|Water\n|move|p1b: Walter|Hydro Steam|p2a: Tauros\n|-supereffective|p2a: Tauros\n|-damage|p2a: Tauros|0 fnt\n|faint|p2a: Tauros\n|move|p2b: Toxtricity|Boomburst|p1a: Chris|[spread] p1b\n|-immune|p1a: Chris\n|-crit|p1b: Walter\n|-damage|p1b: Walter|8\/100\n|\n|-weather|SunnyDay|[upkeep]\n|upkeep\n|\n|t:|1701192435\n|switch|p2a: Oranguru|Oranguru, M|100\/100\n|turn|5\n|inactive|Battle timer is ON: inactive players will automatically lose when time's up. (requested by pokeblock_chiwda)\n|\n|t:|1701192458\n|move|p1b: Walter|Dragon Claw|p2a: Oranguru\n|-damage|p2a: Oranguru|60\/100\n|move|p1a: Chris|Flame Charge|p2a: Oranguru\n|-damage|p2a: Oranguru|0 fnt\n|-boost|p1a: Chris|spe|1\n|faint|p2a: Oranguru\n|move|p2b: Toxtricity|Shift Gear|p2b: Toxtricity\n|-boost|p2b: Toxtricity|spe|2\n|-boost|p2b: Toxtricity|atk|1\n|\n|-weather|SunnyDay|[upkeep]\n|upkeep\n|\n|t:|1701192471\n|switch|p2a: Mew|Mew|100\/100\n|turn|6\n|\n|t:|1701192484\n|move|p2b: Toxtricity|Charge Beam|p1a: Chris\n|-damage|p1a: Chris|71\/100\n|-boost|p2b: Toxtricity|spa|1\n|move|p1b: Walter|Dragon Claw|p2b: Toxtricity\n|-damage|p2b: Toxtricity|53\/100\n|move|p1a: Chris|Poltergeist|p2a: Mew\n|-activate|p2a: Mew|move: Poltergeist|Wise Glasses\n|-supereffective|p2a: Mew\n|-damage|p2a: Mew|0 fnt\n|faint|p2a: Mew\n|\n|-weather|SunnyDay|[upkeep]\n|upkeep\n|turn|7\n|\n|t:|1701192504\n|move|p2b: Toxtricity|Stored Power|p1a: Chris\n|-damage|p1a: Chris|16\/100\n|move|p1b: Walter|Hydro Steam|p2b: Toxtricity\n|-damage|p2b: Toxtricity|0 fnt\n|faint|p2b: Toxtricity\n|\n|win|Cords77&\n|raw|Cords77&amp;'s rating: 1021 &rarr; <strong>1057<\/strong><br \/>(+36 for winning)\n|raw|pokeblock_chiwda's rating: 1013 &rarr; <strong>1001<\/strong><br \/>(-12 for losing)\n|l|\u2606pokeblock_chiwda\n","uploadtime":1701192516,"views":21,"p1id":"cords77","p2id":"pokeblockchiwda","formatid":"gen9doublesou","rating":1001,"private":0,"password":""}