{"id":"gen9doublesou-1993898631","p1":"vegetasfeet","p2":"Pegasus1027","format":"[Gen 9] Doubles OU","log":"|j|\u2606vegetasfeet\n|j|\u2606Pegasus1027\n|t:|1700372036\n|gametype|doubles\n|player|p1|vegetasfeet|teamrocket|1189\n|player|p2|Pegasus1027|266|1271\n|teamsize|p1|6\n|teamsize|p2|6\n|gen|9\n|tier|[Gen 9] Doubles OU\n|rated|\n|rule|Species Clause: Limit one of each Pok\u00e9mon\n|rule|OHKO Clause: OHKO moves are banned\n|rule|Evasion Moves Clause: Evasion moves are banned\n|rule|Gravity Sleep Clause: The combination of sleep-inducing moves with imperfect accuracy and Gravity or Gigantamax Orbeetle are banned\n|rule|Endless Battle Clause: Forcing endless battles is banned\n|rule|HP Percentage Mod: HP is shown in percentages\n|clearpoke\n|poke|p1|Tornadus, M|\n|poke|p1|Indeedee-F, F|\n|poke|p1|Clefairy, F|\n|poke|p1|Pelipper, F|\n|poke|p1|Ogerpon-Wellspring, F|\n|poke|p1|Overqwil, M|\n|poke|p2|Snorlax, M|\n|poke|p2|Sinistcha|\n|poke|p2|Ursaluna-Bloodmoon, M|\n|poke|p2|Slowbro-Galar, F|\n|poke|p2|Cresselia, F|\n|poke|p2|Landorus-Therian, M|\n|teampreview\n|inactive|Battle timer is ON: inactive players will automatically lose when time's up. (requested by Pegasus1027)\n|inactive|vegetasfeet also wants the timer to be on.\n|\n|t:|1700372047\n|start\n|switch|p1a: Clefairy|Clefairy, F|100\/100\n|switch|p1b: Tornadus|Tornadus, M|100\/100\n|switch|p2a: Slowbro|Slowbro-Galar, F|100\/100\n|switch|p2b: Landorus|Landorus-Therian, M|100\/100\n|-ability|p2b: Landorus|Intimidate|boost\n|-unboost|p1a: Clefairy|atk|1\n|-unboost|p1b: Tornadus|atk|1\n|turn|1\n|inactive|Pegasus1027 has 120 seconds left.\n|-activate|p2a: Slowbro|ability: Quick Draw\n|\n|t:|1700372081\n|switch|p1a: Pelipper|Pelipper, F|100\/100\n|-weather|RainDance|[from] ability: Drizzle|[of] p1a: Pelipper\n|move|p1b: Tornadus|Substitute|p1b: Tornadus\n|-start|p1b: Tornadus|Substitute\n|-damage|p1b: Tornadus|76\/100\n|move|p2a: Slowbro|Shell Side Arm|p1b: Tornadus|[anim] Shell Side Arm Special\n|-end|p1b: Tornadus|Substitute\n|-hint|Special Shell Side Arm\n|move|p2b: Landorus|Swords Dance|p2b: Landorus\n|-boost|p2b: Landorus|atk|2\n|\n|-weather|RainDance|[upkeep]\n|-heal|p1b: Tornadus|82\/100|[from] item: Leftovers\n|upkeep\n|turn|2\n|inactive|Pegasus1027 has 120 seconds left.\n|\n|t:|1700372115\n|move|p1b: Tornadus|Substitute|p1b: Tornadus\n|-start|p1b: Tornadus|Substitute\n|-damage|p1b: Tornadus|57\/100\n|move|p2b: Landorus|U-turn|p1a: Pelipper\n|-resisted|p1a: Pelipper\n|-damage|p1a: Pelipper|73\/100\n|-damage|p2b: Landorus|91\/100|[from] item: Life Orb\n|\n|t:|1700372127\n|switch|p2b: Sinistcha|Sinistcha|100\/100|[from] U-turn\n|move|p1a: Pelipper|Hurricane|p2a: Slowbro\n|-damage|p2a: Slowbro|56\/100\n|move|p2a: Slowbro|Shell Side Arm|p1b: Tornadus|[anim] Shell Side Arm Special\n|-end|p1b: Tornadus|Substitute\n|-hint|Special Shell Side Arm\n|\n|-weather|RainDance|[upkeep]\n|-heal|p1b: Tornadus|63\/100|[from] item: Leftovers\n|upkeep\n|turn|3\n|inactive|Pegasus1027 has 120 seconds left.\n|-activate|p2a: Slowbro|ability: Quick Draw\n|\n|t:|1700372150\n|move|p1b: Tornadus|Protect|p1b: Tornadus\n|-singleturn|p1b: Tornadus|Protect\n|move|p1a: Pelipper|Wide Guard|p1a: Pelipper\n|-singleturn|p1a: Pelipper|Wide Guard\n|move|p2a: Slowbro|Shell Side Arm|p1b: Tornadus|[anim] Shell Side Arm Special\n|-activate|p1b: Tornadus|move: Protect\n|move|p2b: Sinistcha|Matcha Gotcha|p1a: Pelipper|[spread] \n|-activate|p1a: Pelipper|move: Wide Guard\n|-activate|p1b: Tornadus|move: Wide Guard\n|\n|-weather|RainDance|[upkeep]\n|-heal|p1b: Tornadus|69\/100|[from] item: Leftovers\n|upkeep\n|turn|4\n|j| Elite.4.Challenger\n|inactive|Pegasus1027 has 120 seconds left.\n|inactive|vegetasfeet has 120 seconds left.\n|inactive|vegetasfeet has 90 seconds left.\n|\n|t:|1700372230\n|-terastallize|p1b: Tornadus|Flying\n|move|p1a: Pelipper|Helping Hand|p1b: Tornadus\n|-singleturn|p1b: Tornadus|Helping Hand|[of] p1a: Pelipper\n|move|p1b: Tornadus|Bleakwind Storm|p2a: Slowbro|[spread] p2a,p2b\n|-supereffective|p2b: Sinistcha\n|-damage|p2a: Slowbro|0 fnt\n|-damage|p2b: Sinistcha|0 fnt\n|faint|p2a: Slowbro\n|faint|p2b: Sinistcha\n|\n|-weather|RainDance|[upkeep]\n|-heal|p1b: Tornadus|75\/100|[from] item: Leftovers\n|upkeep\n|\n|t:|1700372246\n|switch|p2b: Ursaluna|Ursaluna-Bloodmoon, M|100\/100\n|switch|p2a: Cresselia|Cresselia, F|100\/100\n|turn|5\n|\n|t:|1700372261\n|move|p2b: Ursaluna|Protect|p2b: Ursaluna\n|-singleturn|p2b: Ursaluna|Protect\n|move|p1b: Tornadus|Substitute|p1b: Tornadus\n|-start|p1b: Tornadus|Substitute\n|-damage|p1b: Tornadus|50\/100\n|move|p1a: Pelipper|Tailwind|p1a: Pelipper\n|-sidestart|p1: vegetasfeet|move: Tailwind\n|move|p2a: Cresselia|Trick Room|p2a: Cresselia\n|-fieldstart|move: Trick Room|[of] p2a: Cresselia\n|\n|-weather|RainDance|[upkeep]\n|-heal|p1b: Tornadus|56\/100|[from] item: Leftovers\n|upkeep\n|turn|6\n|inactive|Pegasus1027 has 120 seconds left.\n|\n|t:|1700372279\n|move|p1a: Pelipper|Wide Guard|p1a: Pelipper\n|-singleturn|p1a: Pelipper|Wide Guard\n|move|p1b: Tornadus|Nasty Plot|p1b: Tornadus\n|-boost|p1b: Tornadus|spa|2\n|move|p2b: Ursaluna|Hyper Voice|p1b: Tornadus|[spread] \n|-activate|p1a: Pelipper|move: Wide Guard\n|-activate|p1b: Tornadus|move: Wide Guard\n|move|p2a: Cresselia|Light Screen|p2a: Cresselia\n|-sidestart|p2: Pegasus1027|move: Light Screen\n|\n|-weather|RainDance|[upkeep]\n|-heal|p1b: Tornadus|62\/100|[from] item: Leftovers\n|upkeep\n|turn|7\n|c|\u2606vegetasfeet|terrible spot to b in\n|c|\u2606vegetasfeet|yikes\n|inactive|vegetasfeet has 120 seconds left.\n|c| Elite.4.Challenger|insane callout\n|inactive|Pegasus1027 has 120 seconds left.\n|\n|t:|1700372303\n|move|p1a: Pelipper|Helping Hand|p1b: Tornadus\n|-singleturn|p1b: Tornadus|Helping Hand|[of] p1a: Pelipper\n|move|p2b: Ursaluna|Moonblast|p1a: Pelipper\n|-damage|p1a: Pelipper|23\/100\n|move|p2a: Cresselia|Icy Wind|p1a: Pelipper|[spread] p1a,p1b\n|-supereffective|p1b: Tornadus\n|-activate|p1b: Tornadus|move: Substitute|[damage]\n|-damage|p1a: Pelipper|13\/100\n|-unboost|p1a: Pelipper|spe|1\n|move|p1b: Tornadus|Bleakwind Storm|p2b: Ursaluna|[spread] p2a,p2b\n|-damage|p2a: Cresselia|39\/100\n|-damage|p2b: Ursaluna|0 fnt\n|faint|p2b: Ursaluna\n|\n|-weather|RainDance|[upkeep]\n|-heal|p2a: Cresselia|45\/100|[from] item: Leftovers\n|-heal|p1b: Tornadus|68\/100|[from] item: Leftovers\n|upkeep\n|inactive|Pegasus1027 has 120 seconds left.\n|\n|t:|1700372323\n|switch|p2b: Snorlax|Snorlax, M|100\/100\n|turn|8\n|\n|t:|1700372333\n|move|p1a: Pelipper|Helping Hand|p1b: Tornadus\n|-singleturn|p1b: Tornadus|Helping Hand|[of] p1a: Pelipper\n|move|p2b: Snorlax|Rock Slide|p1b: Tornadus|[spread] p1a,p1b\n|-supereffective|p1b: Tornadus\n|-end|p1b: Tornadus|Substitute\n|-supereffective|p1a: Pelipper\n|-damage|p1a: Pelipper|0 fnt\n|faint|p1a: Pelipper\n|move|p2a: Cresselia|Icy Wind|p1b: Tornadus\n|-supereffective|p1b: Tornadus\n|-crit|p1b: Tornadus\n|-damage|p1b: Tornadus|33\/100\n|-unboost|p1b: Tornadus|spe|1\n|move|p1b: Tornadus|Bleakwind Storm|p2a: Cresselia|[spread] p2a,p2b\n|-damage|p2a: Cresselia|0 fnt\n|-damage|p2b: Snorlax|45\/100\n|-unboost|p2b: Snorlax|spe|1\n|faint|p2a: Cresselia\n|\n|-weather|none\n|-heal|p2b: Snorlax|51\/100|[from] item: Leftovers\n|-heal|p1b: Tornadus|39\/100|[from] item: Leftovers\n|-sideend|p1: vegetasfeet|move: Tailwind\n|upkeep\n|\n|t:|1700372358\n|switch|p1a: Clefairy|Clefairy, F|100\/100\n|switch|p2a: Landorus|Landorus-Therian, M|91\/100\n|-ability|p2a: Landorus|Intimidate|boost\n|-unboost|p1a: Clefairy|atk|1\n|-unboost|p1b: Tornadus|atk|1\n|turn|9\n|c|\u2606vegetasfeet|its jover for this young man\n|c|\u2606vegetasfeet|he was exposed to too much sauce\n|inactive|Pegasus1027 has 120 seconds left.\n|c|\u2606vegetasfeet|wait nvm\n|c|\u2606vegetasfeet|he has rock slide\n|\n|t:|1700372396\n|move|p1a: Clefairy|Follow Me|p1a: Clefairy\n|-singleturn|p1a: Clefairy|move: Follow Me\n|move|p2b: Snorlax|Rock Slide|p1b: Tornadus|[spread] p1a\n|-miss|p2b: Snorlax|p1b: Tornadus\n|-damage|p1a: Clefairy|84\/100\n|move|p1b: Tornadus|Bleakwind Storm|p2a: Landorus|[spread] p2a,p2b\n|-damage|p2a: Landorus|3\/100\n|-damage|p2b: Snorlax|14\/100\n|move|p2a: Landorus|Swords Dance|p2a: Landorus\n|-boost|p2a: Landorus|atk|2\n|\n|-heal|p2b: Snorlax|20\/100|[from] item: Leftovers\n|-heal|p1b: Tornadus|45\/100|[from] item: Leftovers\n|-fieldend|move: Trick Room\n|upkeep\n|turn|10\n|c|\u2606vegetasfeet|YOOO\n|c|\u2606vegetasfeet|torn my goat\n|inactive|Pegasus1027 has 120 seconds left.\n|\n|t:|1700372418\n|move|p1a: Clefairy|Follow Me|p1a: Clefairy\n|-singleturn|p1a: Clefairy|move: Follow Me\n|move|p2a: Landorus|U-turn|p1a: Clefairy\n|-resisted|p1a: Clefairy\n|-damage|p1a: Clefairy|43\/100\n|-damage|p2a: Landorus|0 fnt|[from] item: Life Orb\n|faint|p2a: Landorus\n|move|p1b: Tornadus|Bleakwind Storm|p2b: Snorlax\n|-damage|p2b: Snorlax|0 fnt\n|faint|p2b: Snorlax\n|\n|win|vegetasfeet\n|raw|vegetasfeet's rating: 1189 &rarr; <strong>1220<\/strong><br \/>(+31 for winning)\n|raw|Pegasus1027's rating: 1271 &rarr; <strong>1240<\/strong><br \/>(-31 for losing)\n|c| Elite.4.Challenger|goat material\n","uploadtime":1700372433,"views":11,"p1id":"vegetasfeet","p2id":"pegasus1027","formatid":"gen9doublesou","rating":1220,"private":0,"password":""}