{"id":"gen9doublesou-1968204581","p1":"Leonlike","p2":"Ronald Mota","format":"[Gen 9] Doubles OU","log":"|html|<div class=\"broadcast-blue\"><strong>[Gen 9] Doubles OU is currently suspecting Basculegion & Flutter Mane! For information on how to participate check out the <a href=\"https:\/\/www.smogon.com\/forums\/threads\/np-sv-dou-stage-8-double-trouble.3729153\/\">suspect thread<\/a>.<\/strong><\/div>\n|j|\u2606Leonlike\n|j|\u2606Ronald Mota\n|t:|1697394620\n|gametype|doubles\n|player|p1|Leonlike|unknown|1182\n|player|p2|Ronald Mota|169|1213\n|teamsize|p1|6\n|teamsize|p2|6\n|gen|9\n|tier|[Gen 9] Doubles OU\n|rated|\n|rule|Species Clause: Limit one of each Pok\u00e9mon\n|rule|OHKO Clause: OHKO moves are banned\n|rule|Evasion Moves Clause: Evasion moves are banned\n|rule|Gravity Sleep Clause: The combination of sleep-inducing moves with imperfect accuracy and Gravity or Gigantamax Orbeetle are banned\n|rule|Endless Battle Clause: Forcing endless battles is banned\n|rule|HP Percentage Mod: HP is shown in percentages\n|clearpoke\n|poke|p1|Amoonguss, F|\n|poke|p1|Flutter Mane|\n|poke|p1|Chi-Yu|\n|poke|p1|Iron Hands|\n|poke|p1|Chien-Pao|\n|poke|p1|Ogerpon-Wellspring, F|\n|poke|p2|Ninetales-Alola, M|\n|poke|p2|Palafin, M|\n|poke|p2|Chi-Yu|\n|poke|p2|Amoonguss, F|\n|poke|p2|Ursaluna-Bloodmoon, M|\n|poke|p2|Ogerpon-Hearthflame, F|\n|teampreview\n|inactive|Battle timer is ON: inactive players will automatically lose when time's up. (requested by Ronald Mota)\n|\n|t:|1697394626\n|start\n|switch|p1a: Amoonguss|Amoonguss, F|100\/100\n|switch|p1b: Iron Hands|Iron Hands|100\/100\n|switch|p2a: Palafin|Palafin, M|100\/100\n|switch|p2b: Ursaluna|Ursaluna-Bloodmoon, M|100\/100\n|turn|1\n|\n|t:|1697394653\n|detailschange|p2a: Palafin|Palafin-Hero, M\n|switch|p2a: Amoonguss|Amoonguss, F|100\/100\n|move|p2b: Ursaluna|Protect|p2b: Ursaluna\n|-singleturn|p2b: Ursaluna|Protect\n|move|p1b: Iron Hands|Fake Out|p2b: Ursaluna\n|-activate|p2b: Ursaluna|move: Protect\n|move|p1a: Amoonguss|Spore|p2b: Ursaluna\n|-activate|p2b: Ursaluna|move: Protect\n|\n|upkeep\n|turn|2\n|\n|t:|1697394673\n|switch|p2a: Chi-Yu|Chi-Yu|100\/100\n|-ability|p2a: Chi-Yu|Beads of Ruin\n|-terastallize|p2b: Ursaluna|Fairy\n|move|p2b: Ursaluna|Blood Moon|p1a: Amoonguss\n|-damage|p1a: Amoonguss|13\/100\n|-enditem|p1a: Amoonguss|Sitrus Berry|[eat]\n|-heal|p1a: Amoonguss|37\/100|[from] item: Sitrus Berry\n|move|p1b: Iron Hands|Volt Switch|p2a: Chi-Yu\n|-damage|p2a: Chi-Yu|85\/100\n|\n|t:|1697394691\n|-end|p1b: Iron Hands|Quark Drive|[silent]\n|switch|p1b: Ogerpon|Ogerpon-Wellspring, F|100\/100|[from] Volt Switch\n|move|p1a: Amoonguss|Spore|p2b: Ursaluna\n|-status|p2b: Ursaluna|slp|[from] move: Spore\n|\n|upkeep\n|turn|3\n|\n|t:|1697394707\n|switch|p1a: Iron Hands|Iron Hands|100\/100\n|move|p1b: Ogerpon|Ivy Cudgel|p2a: Chi-Yu\n|-supereffective|p2a: Chi-Yu\n|-damage|p2a: Chi-Yu|0 fnt\n|faint|p2a: Chi-Yu\n|cant|p2b: Ursaluna|slp\n|\n|upkeep\n|\n|t:|1697394717\n|switch|p2a: Ninetales|Ninetales-Alola, M|100\/100\n|-weather|Snow|[from] ability: Snow Warning|[of] p2a: Ninetales\n|turn|4\n|\n|t:|1697394730\n|move|p2a: Ninetales|Protect|p2a: Ninetales\n|-singleturn|p2a: Ninetales|Protect\n|move|p1b: Ogerpon|Taunt|p2a: Ninetales\n|-activate|p2a: Ninetales|move: Protect\n|-curestatus|p2b: Ursaluna|slp|[msg]\n|move|p2b: Ursaluna|Hyper Voice|p1a: Iron Hands|[spread] p1a,p1b\n|-damage|p1a: Iron Hands|80\/100\n|-damage|p1b: Ogerpon|51\/100\n|-enditem|p2b: Ursaluna|Throat Spray\n|-boost|p2b: Ursaluna|spa|1|[from] item: Throat Spray\n|move|p1a: Iron Hands|Drain Punch|p2b: Ursaluna\n|-resisted|p2b: Ursaluna\n|-damage|p2b: Ursaluna|86\/100\n|-heal|p1a: Iron Hands|87\/100|[from] drain|[of] p2b: Ursaluna\n|\n|-weather|Snow|[upkeep]\n|upkeep\n|turn|5\n|\n|t:|1697394757\n|move|p1b: Ogerpon|U-turn|p2a: Ninetales\n|-resisted|p2a: Ninetales\n|-damage|p2a: Ninetales|88\/100\n|inactive|Leonlike has 120 seconds left.\n|\n|t:|1697394767\n|switch|p1b: Flutter Mane|Flutter Mane|100\/100|[from] U-turn\n|-enditem|p1b: Flutter Mane|Booster Energy\n|-activate|p1b: Flutter Mane|ability: Protosynthesis|[fromitem]\n|-start|p1b: Flutter Mane|protosynthesisspe\n|move|p2a: Ninetales|Aurora Veil|p2a: Ninetales\n|-sidestart|p2: Ronald Mota|move: Aurora Veil\n|move|p2b: Ursaluna|Moonblast|p1a: Iron Hands\n|-supereffective|p1a: Iron Hands\n|-damage|p1a: Iron Hands|0 fnt\n|faint|p1a: Iron Hands\n|-end|p1a: Iron Hands|Quark Drive|[silent]\n|\n|-weather|Snow|[upkeep]\n|upkeep\n|inactive|Leonlike has 120 seconds left.\n|\n|t:|1697394781\n|switch|p1a: Chi-Yu|Chi-Yu|100\/100\n|-ability|p1a: Chi-Yu|Beads of Ruin\n|turn|6\n|\n|t:|1697394797\n|-terastallize|p1b: Flutter Mane|Fairy\n|move|p2a: Ninetales|Protect|p2a: Ninetales\n|-singleturn|p2a: Ninetales|Protect\n|move|p1b: Flutter Mane|Dazzling Gleam|p2a: Ninetales|[spread] p2b\n|-activate|p2a: Ninetales|move: Protect\n|-damage|p2b: Ursaluna|47\/100\n|move|p1a: Chi-Yu|Heat Wave|p2a: Ninetales|[spread] p2b\n|-activate|p2a: Ninetales|move: Protect\n|-damage|p2b: Ursaluna|9\/100\n|move|p2b: Ursaluna|Hyper Voice|p1a: Chi-Yu|[spread] p1a,p1b\n|-damage|p1a: Chi-Yu|28\/100\n|-damage|p1b: Flutter Mane|28\/100\n|\n|-weather|Snow|[upkeep]\n|upkeep\n|turn|7\n|\n|t:|1697394822\n|move|p2b: Ursaluna|Protect|p2b: Ursaluna\n|-singleturn|p2b: Ursaluna|Protect\n|move|p1b: Flutter Mane|Dazzling Gleam|p2b: Ursaluna|[spread] p2a\n|-activate|p2b: Ursaluna|move: Protect\n|-damage|p2a: Ninetales|49\/100\n|move|p1a: Chi-Yu|Heat Wave|p2b: Ursaluna|[spread] p2a\n|-activate|p2b: Ursaluna|move: Protect\n|-supereffective|p2a: Ninetales\n|-damage|p2a: Ninetales|0 fnt\n|faint|p2a: Ninetales\n|\n|-weather|Snow|[upkeep]\n|upkeep\n|inactive|Ronald Mota has 120 seconds left.\n|\n|t:|1697394835\n|switch|p2a: Palafin|Palafin-Hero, M|100\/100\n|-activate|p2a: Palafin|ability: Zero to Hero\n|turn|8\n|\n|t:|1697394850\n|switch|p1a: Ogerpon|Ogerpon-Wellspring, F|51\/100\n|move|p2a: Palafin|Jet Punch|p1b: Flutter Mane\n|-damage|p1b: Flutter Mane|0 fnt\n|faint|p1b: Flutter Mane\n|-end|p1b: Flutter Mane|Protosynthesis|[silent]\n|move|p2b: Ursaluna|Hyper Voice|p1a: Ogerpon\n|-damage|p1a: Ogerpon|0 fnt\n|faint|p1a: Ogerpon\n|\n|-weather|none\n|upkeep\n|\n|t:|1697394869\n|switch|p1b: Amoonguss|Amoonguss, F|71\/100\n|switch|p1a: Chien-Pao|Chien-Pao|100\/100\n|-ability|p1a: Chien-Pao|Sword of Ruin\n|turn|9\n|\n|t:|1697394884\n|move|p1b: Amoonguss|Rage Powder|p1b: Amoonguss\n|-singleturn|p1b: Amoonguss|move: Rage Powder\n|move|p1a: Chien-Pao|Sucker Punch|p2b: Ursaluna\n|-resisted|p2b: Ursaluna\n|-damage|p2b: Ursaluna|0 fnt\n|faint|p2b: Ursaluna\n|move|p2a: Palafin|Flip Turn|p1b: Amoonguss\n|-resisted|p1b: Amoonguss\n|-damage|p1b: Amoonguss|43\/100\n|\n|t:|1697394897\n|switch|p2a: Ogerpon|Ogerpon-Hearthflame, F|100\/100|[from] Flip Turn\n|-ability|p2a: Ogerpon|Mold Breaker\n|\n|upkeep\n|\n|t:|1697394904\n|switch|p2b: Amoonguss|Amoonguss, F|100\/100\n|turn|10\n|\n|t:|1697394921\n|switch|p1b: Chi-Yu|Chi-Yu|28\/100\n|-ability|p1b: Chi-Yu|Beads of Ruin\n|move|p1a: Chien-Pao|Protect|p1a: Chien-Pao\n|-singleturn|p1a: Chien-Pao|Protect\n|move|p2a: Ogerpon|Swords Dance|p2a: Ogerpon\n|-boost|p2a: Ogerpon|atk|2\n|move|p2b: Amoonguss|Spore|p1a: Chien-Pao\n|-activate|p1a: Chien-Pao|move: Protect\n|\n|upkeep\n|turn|11\n|\n|t:|1697394943\n|move|p2b: Amoonguss|Rage Powder|p2b: Amoonguss\n|-singleturn|p2b: Amoonguss|move: Rage Powder\n|move|p1b: Chi-Yu|Dark Pulse|p2b: Amoonguss\n|-damage|p2b: Amoonguss|71\/100\n|move|p1a: Chien-Pao|Ice Spinner|p2b: Amoonguss\n|-supereffective|p2b: Amoonguss\n|-damage|p2b: Amoonguss|7\/100\n|move|p2a: Ogerpon|Ivy Cudgel|p1a: Chien-Pao\n|-supereffective|p1a: Chien-Pao\n|-enditem|p1a: Chien-Pao|Focus Sash\n|-damage|p1a: Chien-Pao|1\/100\n|\n|-heal|p2b: Amoonguss|13\/100|[from] item: Leftovers\n|upkeep\n|turn|12\n|\n|t:|1697394964\n|switch|p2b: Palafin|Palafin-Hero, M|100\/100\n|move|p2a: Ogerpon|Spiky Shield|p2a: Ogerpon\n|-singleturn|p2a: Ogerpon|move: Protect\n|move|p1b: Chi-Yu|Dark Pulse|p2a: Ogerpon\n|-activate|p2a: Ogerpon|move: Protect\n|move|p1a: Chien-Pao|Ice Spinner|p2b: Palafin\n|-resisted|p2b: Palafin\n|-damage|p2b: Palafin|82\/100\n|\n|-sideend|p2: Ronald Mota|move: Aurora Veil\n|upkeep\n|turn|13\n|\n|t:|1697394983\n|move|p1a: Chien-Pao|Protect|p1a: Chien-Pao\n|-singleturn|p1a: Chien-Pao|Protect\n|move|p2a: Ogerpon|Spiky Shield||[still]\n|-fail|p2a: Ogerpon\n|move|p2b: Palafin|Jet Punch|p1a: Chien-Pao\n|-activate|p1a: Chien-Pao|move: Protect\n|move|p1b: Chi-Yu|Dark Pulse|p2a: Ogerpon\n|-damage|p2a: Ogerpon|36\/100\n|\n|upkeep\n|turn|14\n|\n|t:|1697394995\n|move|p2a: Ogerpon|Spiky Shield|p2a: Ogerpon\n|-singleturn|p2a: Ogerpon|move: Protect\n|move|p1a: Chien-Pao|Sucker Punch||[still]\n|-fail|p1a: Chien-Pao\n|move|p2b: Palafin|Jet Punch|p1b: Chi-Yu\n|-supereffective|p1b: Chi-Yu\n|-damage|p1b: Chi-Yu|0 fnt\n|faint|p1b: Chi-Yu\n|\n|upkeep\n|\n|t:|1697394997\n|switch|p1b: Amoonguss|Amoonguss, F|76\/100\n|turn|15\n|\n|t:|1697395011\n|move|p1b: Amoonguss|Rage Powder|p1b: Amoonguss\n|-singleturn|p1b: Amoonguss|move: Rage Powder\n|move|p2b: Palafin|Jet Punch|p1b: Amoonguss\n|-resisted|p1b: Amoonguss\n|-damage|p1b: Amoonguss|51\/100\n|move|p1a: Chien-Pao|Ice Spinner|p2a: Ogerpon\n|-damage|p2a: Ogerpon|0 fnt\n|faint|p2a: Ogerpon\n|\n|upkeep\n|\n|t:|1697395016\n|switch|p2a: Amoonguss|Amoonguss, F|46\/100\n|turn|16\n|\n|t:|1697395024\n|move|p1b: Amoonguss|Rage Powder|p1b: Amoonguss\n|-singleturn|p1b: Amoonguss|move: Rage Powder\n|move|p2b: Palafin|Jet Punch|p1b: Amoonguss\n|-resisted|p1b: Amoonguss\n|-damage|p1b: Amoonguss|24\/100\n|move|p1a: Chien-Pao|Ice Spinner|p2a: Amoonguss\n|-supereffective|p2a: Amoonguss\n|-damage|p2a: Amoonguss|0 fnt\n|faint|p2a: Amoonguss\n|\n|upkeep\n|turn|17\n|\n|t:|1697395036\n|move|p1a: Chien-Pao|Protect|p1a: Chien-Pao\n|-singleturn|p1a: Chien-Pao|Protect\n|move|p2b: Palafin|Jet Punch|p1a: Chien-Pao\n|-activate|p1a: Chien-Pao|move: Protect\n|move|p1b: Amoonguss|Spore|p2b: Palafin\n|-status|p2b: Palafin|slp|[from] move: Spore\n|\n|upkeep\n|turn|18\n|\n|t:|1697395049\n|cant|p2b: Palafin|slp\n|move|p1a: Chien-Pao|Sacred Sword|p2b: Palafin\n|-damage|p2b: Palafin|41\/100 slp\n|move|p1b: Amoonguss|Pollen Puff|p1a: Chien-Pao\n|-heal|p1a: Chien-Pao|51\/100\n|\n|upkeep\n|turn|19\n|-message|Ronald Mota forfeited.\n|\n|win|Leonlike\n|raw|Leonlike's rating: 1182 &rarr; <strong>1209<\/strong><br \/>(+27 for winning)\n|raw|Ronald Mota's rating: 1213 &rarr; <strong>1186<\/strong><br \/>(-27 for losing)\n|l|\u2606Ronald Mota\n","uploadtime":1697395081,"views":12,"p1id":"leonlike","p2id":"ronaldmota","formatid":"gen9doublesou","rating":1186,"private":0,"password":""}