{"id":"gen9doublesou-1976656477","p1":"TrainerDylan24","p2":"Ruule","format":"[Gen 9] Doubles OU","log":"|j|\u2606TrainerDylan24\n|j|\u2606Ruule\n|t:|1698330973\n|gametype|doubles\n|player|p1|TrainerDylan24|swimmerf|1328\n|player|p2|Ruule|backers|1321\n|teamsize|p1|6\n|teamsize|p2|6\n|gen|9\n|tier|[Gen 9] Doubles OU\n|rated|\n|rule|Species Clause: Limit one of each Pok\u00e9mon\n|rule|OHKO Clause: OHKO moves are banned\n|rule|Evasion Moves Clause: Evasion moves are banned\n|rule|Gravity Sleep Clause: The combination of sleep-inducing moves with imperfect accuracy and Gravity or Gigantamax Orbeetle are banned\n|rule|Endless Battle Clause: Forcing endless battles is banned\n|rule|HP Percentage Mod: HP is shown in percentages\n|clearpoke\n|poke|p1|Sinistcha-Masterpiece|\n|poke|p1|Ursaluna, F|\n|poke|p1|Scizor, F|\n|poke|p1|Crawdaunt, M|\n|poke|p1|Tinkaton, F|\n|poke|p1|Talonflame, F|\n|poke|p2|Torkoal, M|\n|poke|p2|Indeedee-F, F|\n|poke|p2|Dusclops, F|\n|poke|p2|Ursaluna, F|\n|poke|p2|Farigiraf, F|\n|poke|p2|Amoonguss, M|\n|teampreview\n|\n|t:|1698330999\n|start\n|switch|p1a: Crawdaunt|Crawdaunt, M|100\/100\n|switch|p1b: Scizor|Scizor, F|100\/100\n|switch|p2a: Torkoal|Torkoal, M|100\/100\n|switch|p2b: Dusclops|Dusclops, F|100\/100\n|-ability|p2b: Dusclops|Pressure\n|-weather|SunnyDay|[from] ability: Drought|[of] p2a: Torkoal\n|turn|1\n|\n|t:|1698331018\n|-terastallize|p1b: Scizor|Fire\n|move|p2a: Torkoal|Protect|p2a: Torkoal\n|-singleturn|p2a: Torkoal|Protect\n|move|p1b: Scizor|Swords Dance|p1b: Scizor\n|-boost|p1b: Scizor|atk|2\n|move|p1a: Crawdaunt|Crabhammer|p2a: Torkoal\n|-activate|p2a: Torkoal|move: Protect\n|move|p2b: Dusclops|Trick Room|p2b: Dusclops\n|-fieldstart|move: Trick Room|[of] p2b: Dusclops\n|\n|-weather|SunnyDay|[upkeep]\n|upkeep\n|turn|2\n|\n|t:|1698331055\n|-terastallize|p2a: Torkoal|Grass\n|move|p1b: Scizor|Bullet Punch|p2a: Torkoal\n|-damage|p2a: Torkoal|51\/100\n|move|p2a: Torkoal|Earth Power|p1b: Scizor\n|-supereffective|p1b: Scizor\n|-damage|p1b: Scizor|32\/100\n|-enditem|p1b: Scizor|Sitrus Berry|[eat]\n|-heal|p1b: Scizor|57\/100|[from] item: Sitrus Berry\n|move|p2b: Dusclops|Night Shade|p1a: Crawdaunt\n|-damage|p1a: Crawdaunt|63\/100\n|move|p1a: Crawdaunt|Crabhammer|p2a: Torkoal\n|-resisted|p2a: Torkoal\n|-damage|p2a: Torkoal|37\/100\n|\n|-weather|SunnyDay|[upkeep]\n|upkeep\n|turn|3\n|\n|t:|1698331089\n|switch|p2b: Indeedee|Indeedee-F, F|100\/100\n|-fieldstart|move: Psychic Terrain|[from] ability: Psychic Surge|[of] p2b: Indeedee\n|move|p1b: Scizor|Bullet Punch|p2a: Torkoal\n|-activate|p2a: Torkoal|move: Psychic Terrain\n|move|p2a: Torkoal|Earth Power|p1b: Scizor\n|-supereffective|p1b: Scizor\n|-damage|p1b: Scizor|0 fnt\n|faint|p1b: Scizor\n|move|p1a: Crawdaunt|Knock Off|p2b: Indeedee\n|-supereffective|p2b: Indeedee\n|-damage|p2b: Indeedee|0 fnt\n|-enditem|p2b: Indeedee|Sitrus Berry|[from] move: Knock Off|[of] p1a: Crawdaunt\n|faint|p2b: Indeedee\n|\n|-weather|SunnyDay|[upkeep]\n|upkeep\n|\n|t:|1698331109\n|switch|p2b: Dusclops|Dusclops, F|100\/100\n|switch|p1b: Ursaluna|Ursaluna, F|100\/100\n|-ability|p2b: Dusclops|Pressure\n|turn|4\n|\n|t:|1698331131\n|move|p2b: Dusclops|Helping Hand|p2a: Torkoal\n|-singleturn|p2a: Torkoal|Helping Hand|[of] p2b: Dusclops\n|move|p1b: Ursaluna|Protect|p1b: Ursaluna\n|-singleturn|p1b: Ursaluna|Protect\n|move|p2a: Torkoal|Heat Wave|p1b: Ursaluna|[spread] p1a\n|-activate|p1b: Ursaluna|move: Protect\n|-resisted|p1a: Crawdaunt\n|-damage|p1a: Crawdaunt|0 fnt\n|faint|p1a: Crawdaunt\n|\n|-weather|SunnyDay|[upkeep]\n|-status|p1b: Ursaluna|brn|[from] item: Flame Orb\n|upkeep\n|\n|t:|1698331151\n|switch|p1a: Talonflame|Talonflame, F|100\/100\n|turn|5\n|\n|t:|1698331173\n|move|p2b: Dusclops|Helping Hand|p2a: Torkoal\n|-singleturn|p2a: Torkoal|Helping Hand|[of] p2b: Dusclops\n|move|p2a: Torkoal|Earth Power|p1b: Ursaluna\n|-damage|p1b: Ursaluna|69\/100 brn\n|move|p1b: Ursaluna|High Horsepower|p2b: Dusclops\n|-damage|p2b: Dusclops|52\/100\n|move|p1a: Talonflame|Flare Blitz|p2a: Torkoal\n|-supereffective|p2a: Torkoal\n|-damage|p2a: Torkoal|0 fnt\n|faint|p2a: Torkoal\n|-damage|p1a: Talonflame|86\/100|[from] Recoil\n|\n|-weather|none\n|-damage|p1b: Ursaluna|63\/100 brn|[from] brn\n|-fieldend|move: Trick Room\n|upkeep\n|\n|t:|1698331194\n|switch|p2a: Farigiraf|Farigiraf, F|100\/100\n|turn|6\n|\n|t:|1698331217\n|move|p1a: Talonflame|Acrobatics|p2b: Dusclops\n|-damage|p2b: Dusclops|30\/100\n|move|p1b: Ursaluna|Facade|p2a: Farigiraf\n|-damage|p2a: Farigiraf|0 fnt\n|faint|p2a: Farigiraf\n|move|p2b: Dusclops|Pain Split|p1b: Ursaluna\n|-sethp|p1b: Ursaluna|42\/100 brn|[from] move: Pain Split|[silent]\n|-sethp|p2b: Dusclops|61\/100|[from] move: Pain Split\n|\n|-damage|p1b: Ursaluna|36\/100 brn|[from] brn\n|upkeep\n|\n|t:|1698331236\n|switch|p2a: Ursaluna|Ursaluna, F|100\/100\n|turn|7\n|\n|t:|1698331253\n|move|p2a: Ursaluna|Protect|p2a: Ursaluna\n|-singleturn|p2a: Ursaluna|Protect\n|move|p1a: Talonflame|Tailwind|p1a: Talonflame\n|-sidestart|p1: TrainerDylan24|move: Tailwind\n|move|p1b: Ursaluna|High Horsepower|p2b: Dusclops\n|-damage|p2b: Dusclops|11\/100\n|move|p2b: Dusclops|Trick Room|p2b: Dusclops\n|-fieldstart|move: Trick Room|[of] p2b: Dusclops\n|\n|-damage|p1b: Ursaluna|30\/100 brn|[from] brn\n|-fieldend|move: Psychic Terrain\n|-status|p2a: Ursaluna|brn|[from] item: Flame Orb\n|upkeep\n|turn|8\n|\n|t:|1698331285\n|move|p2b: Dusclops|Pain Split|p1a: Talonflame\n|-sethp|p1a: Talonflame|48\/100|[from] move: Pain Split|[silent]\n|-sethp|p2b: Dusclops|51\/100|[from] move: Pain Split\n|move|p2a: Ursaluna|Facade|p1b: Ursaluna\n|-damage|p1b: Ursaluna|0 fnt\n|faint|p1b: Ursaluna\n|move|p1a: Talonflame|Acrobatics|p2b: Dusclops\n|-damage|p2b: Dusclops|27\/100\n|\n|-damage|p2a: Ursaluna|94\/100 brn|[from] brn\n|upkeep\n|\n|t:|1698331289\n|switch|p1b: Sinistcha|Sinistcha-Masterpiece|100\/100\n|-heal|p1a: Talonflame|73\/100|[from] ability: Hospitality|[of] p1b: Sinistcha\n|turn|9\n|\n|t:|1698331351\n|move|p2b: Dusclops|Pain Split|p1a: Talonflame\n|-sethp|p1a: Talonflame|49\/100|[from] move: Pain Split|[silent]\n|-sethp|p2b: Dusclops|52\/100|[from] move: Pain Split\n|move|p2a: Ursaluna|Facade|p1a: Talonflame\n|-damage|p1a: Talonflame|0 fnt\n|faint|p1a: Talonflame\n|move|p1b: Sinistcha|Matcha Gotcha|p2b: Dusclops|[spread] p2a,p2b\n|-supereffective|p2a: Ursaluna\n|-damage|p2a: Ursaluna|40\/100 brn\n|-damage|p2b: Dusclops|33\/100\n|\n|-damage|p2a: Ursaluna|34\/100 brn|[from] brn\n|upkeep\n|\n|t:|1698331361\n|switch|p1a: Tinkaton|Tinkaton, F|100\/100\n|-ability|p1a: Tinkaton|Mold Breaker\n|turn|10\n|\n|t:|1698331375\n|move|p2b: Dusclops|Pain Split|p1a: Tinkaton\n|-sethp|p1a: Tinkaton|65\/100|[from] move: Pain Split|[silent]\n|-sethp|p2b: Dusclops|71\/100|[from] move: Pain Split\n|move|p2a: Ursaluna|Headlong Rush|p1b: Sinistcha\n|-resisted|p1b: Sinistcha\n|-damage|p1b: Sinistcha|49\/100\n|-unboost|p2a: Ursaluna|def|1\n|-unboost|p2a: Ursaluna|spd|1\n|move|p1b: Sinistcha|Matcha Gotcha|p2b: Dusclops|[spread] p2a,p2b\n|-supereffective|p2a: Ursaluna\n|-damage|p2a: Ursaluna|0 fnt\n|-heal|p1b: Sinistcha|73\/100|[from] drain|[of] p2a: Ursaluna\n|-damage|p2b: Dusclops|52\/100\n|-heal|p1b: Sinistcha|83\/100|[from] drain|[of] p2b: Dusclops\n|faint|p2a: Ursaluna\n|move|p1a: Tinkaton|Gigaton Hammer|p2b: Dusclops\n|-damage|p2b: Dusclops|8\/100\n|-damage|p1a: Tinkaton|55\/100|[from] item: Life Orb\n|\n|-heal|p1b: Sinistcha|89\/100|[from] item: Leftovers\n|-sideend|p1: TrainerDylan24|move: Tailwind\n|upkeep\n|\n|t:|1698331395\n|switch|p2a: Amoonguss|Amoonguss, M|100\/100\n|turn|11\n|\n|t:|1698331410\n|move|p2b: Dusclops|Night Shade|p1a: Tinkaton\n|-damage|p1a: Tinkaton|23\/100\n|move|p2a: Amoonguss|Pollen Puff|p2b: Dusclops\n|-heal|p2b: Dusclops|58\/100\n|move|p1b: Sinistcha|Matcha Gotcha|p2a: Amoonguss|[spread] p2a,p2b\n|-resisted|p2a: Amoonguss\n|-damage|p2a: Amoonguss|93\/100\n|-heal|p1b: Sinistcha|94\/100|[from] drain|[of] p2a: Amoonguss\n|-damage|p2b: Dusclops|39\/100\n|-heal|p1b: Sinistcha|100\/100|[from] drain|[of] p2b: Dusclops\n|move|p1a: Tinkaton|Play Rough|p2b: Dusclops\n|-damage|p2b: Dusclops|12\/100\n|-unboost|p2b: Dusclops|atk|1\n|-damage|p1a: Tinkaton|13\/100|[from] item: Life Orb\n|\n|-fieldend|move: Trick Room\n|upkeep\n|turn|12\n|\n|t:|1698331435\n|move|p2a: Amoonguss|Rage Powder|p2a: Amoonguss\n|-singleturn|p2a: Amoonguss|move: Rage Powder\n|move|p1a: Tinkaton|Gigaton Hammer|p2a: Amoonguss\n|-damage|p2a: Amoonguss|30\/100\n|-enditem|p2a: Amoonguss|Sitrus Berry|[eat]\n|-heal|p2a: Amoonguss|55\/100|[from] item: Sitrus Berry\n|-damage|p1a: Tinkaton|3\/100|[from] item: Life Orb\n|move|p1b: Sinistcha|Shadow Ball|p2a: Amoonguss\n|-damage|p2a: Amoonguss|17\/100\n|move|p2b: Dusclops|Trick Room|p2b: Dusclops\n|-fieldstart|move: Trick Room|[of] p2b: Dusclops\n|\n|upkeep\n|turn|13\n|\n|t:|1698331459\n|move|p2b: Dusclops|Night Shade|p1a: Tinkaton\n|-damage|p1a: Tinkaton|0 fnt\n|faint|p1a: Tinkaton\n|move|p2a: Amoonguss|Pollen Puff|p2b: Dusclops\n|-heal|p2b: Dusclops|62\/100\n|move|p1b: Sinistcha|Matcha Gotcha|p2b: Dusclops|[spread] p2a,p2b\n|-resisted|p2a: Amoonguss\n|-damage|p2a: Amoonguss|11\/100\n|-damage|p2b: Dusclops|45\/100\n|-status|p2a: Amoonguss|brn\n|-status|p2b: Dusclops|brn\n|\n|-damage|p2b: Dusclops|39\/100 brn|[from] brn\n|-damage|p2a: Amoonguss|4\/100 brn|[from] brn\n|upkeep\n|turn|14\n|\n|t:|1698331481\n|move|p2b: Dusclops|Night Shade|p1b: Sinistcha\n|-damage|p1b: Sinistcha|67\/100\n|move|p2a: Amoonguss|Pollen Puff|p2b: Dusclops\n|-heal|p2b: Dusclops|89\/100 brn\n|move|p1b: Sinistcha|Shadow Ball|p2b: Dusclops\n|-supereffective|p2b: Dusclops\n|-damage|p2b: Dusclops|37\/100 brn\n|\n|-heal|p1b: Sinistcha|73\/100|[from] item: Leftovers\n|-damage|p2b: Dusclops|31\/100 brn|[from] brn\n|-damage|p2a: Amoonguss|0 fnt|[from] brn\n|faint|p2a: Amoonguss\n|upkeep\n|turn|15\n|\n|t:|1698331499\n|move|p2b: Dusclops|Night Shade|p1b: Sinistcha\n|-damage|p1b: Sinistcha|39\/100\n|move|p1b: Sinistcha|Matcha Gotcha|p2b: Dusclops\n|-damage|p2b: Dusclops|4\/100 brn\n|-heal|p1b: Sinistcha|52\/100|[from] drain|[of] p2b: Dusclops\n|\n|-heal|p1b: Sinistcha|58\/100|[from] item: Leftovers\n|-damage|p2b: Dusclops|0 fnt|[from] brn\n|faint|p2b: Dusclops\n|\n|win|TrainerDylan24\n|upkeep\n|raw|TrainerDylan24's rating: 1328 &rarr; <strong>1348<\/strong><br \/>(+20 for winning)\n|raw|Ruule's rating: 1321 &rarr; <strong>1301<\/strong><br \/>(-20 for losing)\n|c|\u2606Ruule|gg\n","uploadtime":1698331510,"views":20,"p1id":"trainerdylan24","p2id":"ruule","formatid":"gen9doublesou","rating":1301,"private":0,"password":""}