{"id":"gen9doublesou-1986627059","p1":"Rudokushi","p2":"Granolant","format":"[Gen 9] Doubles OU","log":"|j|\u2606Rudokushi\n|j|\u2606Granolant\n|t:|1699499554\n|gametype|doubles\n|player|p1|Rudokushi|bugcatcher-gen4dp|1071\n|player|p2|Granolant|101|1190\n|teamsize|p1|6\n|teamsize|p2|6\n|gen|9\n|tier|[Gen 9] Doubles OU\n|rated|\n|rule|Species Clause: Limit one of each Pok\u00e9mon\n|rule|OHKO Clause: OHKO moves are banned\n|rule|Evasion Moves Clause: Evasion moves are banned\n|rule|Gravity Sleep Clause: The combination of sleep-inducing moves with imperfect accuracy and Gravity or Gigantamax Orbeetle are banned\n|rule|Endless Battle Clause: Forcing endless battles is banned\n|rule|HP Percentage Mod: HP is shown in percentages\n|clearpoke\n|poke|p1|Ogerpon, F|\n|poke|p1|Sinistcha-Masterpiece|\n|poke|p1|Arcanine-Hisui, M|\n|poke|p1|Gholdengo|\n|poke|p1|Torkoal, M|\n|poke|p1|Walking Wake|\n|poke|p2|Pelipper, M|\n|poke|p2|Flutter Mane|\n|poke|p2|Iron Hands|\n|poke|p2|Dragonite, F|\n|poke|p2|Basculegion-F, F|\n|poke|p2|Hydreigon, F|\n|teampreview\n|inactive|Battle timer is ON: inactive players will automatically lose when time's up. (requested by Rudokushi)\n|\n|t:|1699499563\n|start\n|switch|p1a: Torkoal|Torkoal, M|100\/100\n|switch|p1b: Gholdengo|Gholdengo|100\/100\n|switch|p2a: Pelipper|Pelipper, M|100\/100\n|switch|p2b: Iron Hands|Iron Hands|100\/100\n|-weather|RainDance|[from] ability: Drizzle|[of] p2a: Pelipper\n|-weather|SunnyDay|[from] ability: Drought|[of] p1a: Torkoal\n|turn|1\n|\n|t:|1699499589\n|move|p2b: Iron Hands|Fake Out|p1a: Torkoal\n|-damage|p1a: Torkoal|89\/100\n|-enditem|p1a: Torkoal|Eject Button\n|\n|t:|1699499595\n|switch|p1a: Walking Wake|Walking Wake|100\/100\n|-activate|p1a: Walking Wake|ability: Protosynthesis\n|-start|p1a: Walking Wake|protosynthesisspe\n|move|p1b: Gholdengo|Thunderbolt|p2a: Pelipper\n|-supereffective|p2a: Pelipper\n|-damage|p2a: Pelipper|0 fnt\n|faint|p2a: Pelipper\n|\n|-weather|SunnyDay|[upkeep]\n|upkeep\n|inactive|Granolant has 120 seconds left.\n|\n|t:|1699499616\n|switch|p2a: Hydreigon|Hydreigon, F|100\/100\n|turn|2\n|\n|t:|1699499635\n|switch|p1b: Sinistcha|Sinistcha-Masterpiece|100\/100\n|-terastallize|p2a: Hydreigon|Dark\n|move|p1a: Walking Wake|Protect|p1a: Walking Wake\n|-singleturn|p1a: Walking Wake|Protect\n|move|p2a: Hydreigon|Snarl|p1a: Walking Wake|[spread] p1b\n|-activate|p1a: Walking Wake|move: Protect\n|-supereffective|p1b: Sinistcha\n|-damage|p1b: Sinistcha|0 fnt\n|faint|p1b: Sinistcha\n|move|p2b: Iron Hands|Thunder Punch|p1a: Walking Wake\n|-activate|p1a: Walking Wake|move: Protect\n|\n|-weather|SunnyDay|[upkeep]\n|upkeep\n|\n|t:|1699499652\n|switch|p1b: Ogerpon|Ogerpon, F|100\/100\n|turn|3\n|\n|t:|1699499660\n|move|p1a: Walking Wake|Hydro Steam|p2b: Iron Hands\n|-damage|p2b: Iron Hands|51\/100\n|-damage|p1a: Walking Wake|91\/100|[from] item: Life Orb\n|move|p1b: Ogerpon|Play Rough|p2a: Hydreigon\n|-supereffective|p2a: Hydreigon\n|-damage|p2a: Hydreigon|33\/100\n|-unboost|p2a: Hydreigon|atk|1\n|move|p2a: Hydreigon|Snarl|p1b: Ogerpon|[spread] p1a,p1b\n|-damage|p1a: Walking Wake|34\/100\n|-damage|p1b: Ogerpon|47\/100\n|-unboost|p1a: Walking Wake|spa|1\n|-unboost|p1b: Ogerpon|spa|1\n|-ability|p1b: Ogerpon|Defiant|boost\n|-boost|p1b: Ogerpon|atk|2\n|move|p2b: Iron Hands|Close Combat|p1b: Ogerpon\n|-damage|p1b: Ogerpon|0 fnt\n|-unboost|p2b: Iron Hands|def|1\n|-unboost|p2b: Iron Hands|spd|1\n|faint|p1b: Ogerpon\n|\n|-weather|SunnyDay|[upkeep]\n|upkeep\n|\n|t:|1699499675\n|switch|p1b: Gholdengo|Gholdengo|100\/100\n|turn|4\n|inactive|Granolant has 120 seconds left.\n|\n|t:|1699499707\n|switch|p2a: Flutter Mane|Flutter Mane|100\/100\n|-activate|p2a: Flutter Mane|ability: Protosynthesis\n|-start|p2a: Flutter Mane|protosynthesisspe\n|-end|p2b: Iron Hands|Quark Drive|[silent]\n|switch|p2b: Dragonite|Dragonite, F|100\/100\n|move|p1a: Walking Wake|Hydro Steam|p2b: Dragonite\n|-resisted|p2b: Dragonite\n|-damage|p2b: Dragonite|73\/100\n|-damage|p1a: Walking Wake|24\/100|[from] item: Life Orb\n|move|p1b: Gholdengo|Make It Rain|p2a: Flutter Mane|[spread] p2a,p2b\n|-supereffective|p2a: Flutter Mane\n|-damage|p2a: Flutter Mane|0 fnt\n|-damage|p2b: Dragonite|0 fnt\n|-unboost|p1b: Gholdengo|spa|1\n|faint|p2a: Flutter Mane\n|-end|p2a: Flutter Mane|Protosynthesis|[silent]\n|faint|p2b: Dragonite\n|\n|-weather|SunnyDay|[upkeep]\n|upkeep\n|inactive|Granolant has 120 seconds left.\n|\n|t:|1699499727\n|switch|p2a: Iron Hands|Iron Hands|51\/100\n|switch|p2b: Hydreigon|Hydreigon, F, tera:Dark|33\/100\n|turn|5\n|inactive|Rudokushi has 120 seconds left.\n|\n|t:|1699499760\n|-end|p1a: Walking Wake|Protosynthesis|[silent]\n|switch|p1a: Arcanine|Arcanine-Hisui, M|100\/100\n|move|p2a: Iron Hands|Fake Out|p1a: Arcanine\n|-resisted|p1a: Arcanine\n|-damage|p1a: Arcanine|92\/100\n|move|p2b: Hydreigon|Snarl|p1b: Gholdengo|[spread] p1b\n|-miss|p2b: Hydreigon|p1a: Arcanine\n|-supereffective|p1b: Gholdengo\n|-damage|p1b: Gholdengo|0 fnt\n|faint|p1b: Gholdengo\n|\n|-weather|none\n|upkeep\n|inactive|Rudokushi has 120 seconds left.\n|\n|t:|1699499771\n|switch|p1b: Torkoal|Torkoal, M|89\/100\n|-weather|SunnyDay|[from] ability: Drought|[of] p1b: Torkoal\n|turn|6\n|\n|t:|1699499780\n|-end|p2a: Iron Hands|Quark Drive|[silent]\n|switch|p2a: Basculegion|Basculegion-F, F|100\/100\n|move|p2b: Hydreigon|Snarl|p1a: Arcanine|[spread] p1a,p1b\n|-damage|p1a: Arcanine|58\/100\n|-damage|p1b: Torkoal|27\/100\n|-unboost|p1a: Arcanine|spa|1\n|-unboost|p1b: Torkoal|spa|1\n|move|p1a: Arcanine|Flare Blitz|p2b: Hydreigon\n|-damage|p2b: Hydreigon|0 fnt\n|faint|p2b: Hydreigon\n|move|p1b: Torkoal|Will-O-Wisp|p2a: Basculegion|[miss]\n|-miss|p1b: Torkoal|p2a: Basculegion\n|\n|-weather|SunnyDay|[upkeep]\n|upkeep\n|\n|t:|1699499792\n|switch|p2b: Iron Hands|Iron Hands|51\/100\n|turn|7\n|\n|t:|1699499807\n|move|p2a: Basculegion|Hydro Pump|p1a: Arcanine\n|-supereffective|p1a: Arcanine\n|-damage|p1a: Arcanine|0 fnt\n|faint|p1a: Arcanine\n|move|p2b: Iron Hands|Close Combat|p1b: Torkoal\n|-damage|p1b: Torkoal|0 fnt\n|-unboost|p2b: Iron Hands|def|1\n|-unboost|p2b: Iron Hands|spd|1\n|faint|p1b: Torkoal\n|\n|-weather|SunnyDay|[upkeep]\n|upkeep\n|\n|t:|1699499817\n|switch|p1a: Walking Wake|Walking Wake|24\/100\n|-activate|p1a: Walking Wake|ability: Protosynthesis\n|-start|p1a: Walking Wake|protosynthesisspe\n|turn|8\n|\n|t:|1699499822\n|-terastallize|p1a: Walking Wake|Fairy\n|move|p1a: Walking Wake|Hydro Steam|p2b: Iron Hands\n|-crit|p2b: Iron Hands\n|-damage|p2b: Iron Hands|0 fnt\n|faint|p2b: Iron Hands\n|-end|p2b: Iron Hands|Quark Drive|[silent]\n|-damage|p1a: Walking Wake|14\/100|[from] item: Life Orb\n|move|p2a: Basculegion|Psychic Fangs|p1a: Walking Wake\n|-damage|p1a: Walking Wake|0 fnt\n|faint|p1a: Walking Wake\n|-end|p1a: Walking Wake|Protosynthesis|[silent]\n|\n|win|Granolant\n|raw|Rudokushi's rating: 1071 &rarr; <strong>1057<\/strong><br \/>(-14 for losing)\n|raw|Granolant's rating: 1190 &rarr; <strong>1207<\/strong><br \/>(+17 for winning)\n|l|\u2606Rudokushi\n","uploadtime":1699499837,"views":9,"p1id":"rudokushi","p2id":"granolant","formatid":"gen9doublesou","rating":1057,"private":0,"password":""}