{"id":"gen9doublesou-1995190147","p1":"caminoa1500otravez","p2":"Hell.kid6","format":"[Gen 9] Doubles OU","log":"|j|\u2606caminoa1500otravez\n|j|\u2606Hell.kid6\n|inactive|Battle timer is ON: inactive players will automatically lose when time's up.\n|t:|1700532698\n|gametype|doubles\n|player|p1|caminoa1500otravez|benga|\n|player|p2|Hell.kid6|schoolkid|\n|teamsize|p1|6\n|teamsize|p2|6\n|gen|9\n|tier|[Gen 9] Doubles OU\n|rated|Tournament battle\n|rule|Species Clause: Limit one of each Pok\u00e9mon\n|rule|OHKO Clause: OHKO moves are banned\n|rule|Evasion Moves Clause: Evasion moves are banned\n|rule|Gravity Sleep Clause: The combination of sleep-inducing moves with imperfect accuracy and Gravity or Gigantamax Orbeetle are banned\n|rule|Endless Battle Clause: Forcing endless battles is banned\n|rule|HP Percentage Mod: HP is shown in percentages\n|clearpoke\n|poke|p1|Tinkaton, F|\n|poke|p1|Basculegion-F, F|\n|poke|p1|Kleavor, F|\n|poke|p1|Talonflame, M|\n|poke|p1|Rillaboom, F|\n|poke|p1|Thundurus-Therian, M|\n|poke|p2|Diancie|\n|poke|p2|Cresselia, F|\n|poke|p2|Indeedee-F, F|\n|poke|p2|Ursaluna-Bloodmoon, M|\n|poke|p2|Iron Hands|\n|poke|p2|Sylveon, F|\n|teampreview\n|c|\u2606caminoa1500otravez|que paso cn mi equipo xd\n|c|\u2606caminoa1500otravez|que es esto\n|inactive|caminoa1500otravez has 120 seconds left.\n|c|\u2606caminoa1500otravez|este es un equipo UU jaja xd\n|inactive|caminoa1500otravez has 90 seconds left.\n|j| pockocho\n|\n|t:|1700532775\n|start\n|switch|p1a: Kleavor|Kleavor, F|100\/100\n|switch|p1b: Tinkaton|Tinkaton, F|100\/100\n|switch|p2a: Iron Hands|Iron Hands, shiny|100\/100\n|switch|p2b: Indeedee|Indeedee-F, F, shiny|100\/100\n|-ability|p1b: Tinkaton|Mold Breaker\n|-fieldstart|move: Psychic Terrain|[from] ability: Psychic Surge|[of] p2b: Indeedee\n|-enditem|p2b: Indeedee|Psychic Seed\n|-boost|p2b: Indeedee|spd|1|[from] item: Psychic Seed\n|turn|1\n|c|\u2606Hell.kid6|ah\n|c|\u2606Hell.kid6|JASASJASJ\n|c|\u2606Hell.kid6|ya dec\u00eda yo que era algo\n|c|\u2606Hell.kid6|\u00bf?\n|\n|t:|1700532805\n|switch|p1b: Basculegion|Basculegion-F, F|100\/100\n|move|p2b: Indeedee|Follow Me|p2b: Indeedee\n|-singleturn|p2b: Indeedee|move: Follow Me\n|move|p1a: Kleavor|U-turn|p2b: Indeedee\n|-supereffective|p2b: Indeedee\n|-damage|p2b: Indeedee|16\/100\n|inactive|caminoa1500otravez has 120 seconds left.\n|\n|t:|1700532817\n|switch|p1a: Rillaboom|Rillaboom, F|100\/100|[from] U-turn\n|-fieldstart|move: Grassy Terrain|[from] ability: Grassy Surge|[of] p1a: Rillaboom\n|move|p2a: Iron Hands|Swords Dance|p2a: Iron Hands\n|-boost|p2a: Iron Hands|atk|2\n|\n|-heal|p2b: Indeedee|22\/100|[from] Grassy Terrain\n|upkeep\n|turn|2\n|\n|t:|1700532837\n|-terastallize|p1a: Rillaboom|Grass\n|-terastallize|p2a: Iron Hands|Grass\n|move|p1a: Rillaboom|Wood Hammer|p2a: Iron Hands\n|-resisted|p2a: Iron Hands\n|-damage|p2a: Iron Hands|41\/100\n|-enditem|p2a: Iron Hands|Sitrus Berry|[eat]\n|-heal|p2a: Iron Hands|66\/100|[from] item: Sitrus Berry\n|-damage|p1a: Rillaboom|75\/100|[from] Recoil\n|move|p1b: Basculegion|Surf|p2a: Iron Hands|[spread] p1a,p2a,p2b\n|-resisted|p1a: Rillaboom\n|-resisted|p2a: Iron Hands\n|-damage|p1a: Rillaboom|43\/100\n|-damage|p2a: Iron Hands|45\/100\n|-damage|p2b: Indeedee|0 fnt\n|faint|p2b: Indeedee\n|-damage|p1b: Basculegion|91\/100|[from] item: Life Orb\n|move|p2a: Iron Hands|Ice Punch|p1a: Rillaboom\n|-supereffective|p1a: Rillaboom\n|-damage|p1a: Rillaboom|0 fnt\n|faint|p1a: Rillaboom\n|\n|-heal|p1b: Basculegion|97\/100|[from] Grassy Terrain\n|-heal|p2a: Iron Hands|51\/100|[from] Grassy Terrain\n|upkeep\n|\n|t:|1700532864\n|switch|p1a: Kleavor|Kleavor, F|100\/100\n|switch|p2b: Cresselia|Cresselia, F, shiny|100\/100\n|turn|3\n|\n|t:|1700532877\n|move|p1a: Kleavor|X-Scissor|p2a: Iron Hands\n|-supereffective|p2a: Iron Hands\n|-damage|p2a: Iron Hands|0 fnt\n|faint|p2a: Iron Hands\n|-end|p2a: Iron Hands|Quark Drive|[silent]\n|move|p1b: Basculegion|Ice Beam|p2b: Cresselia\n|-damage|p2b: Cresselia|82\/100\n|-status|p2b: Cresselia|frz\n|-damage|p1b: Basculegion|87\/100|[from] item: Life Orb\n|-curestatus|p2b: Cresselia|frz|[msg]\n|move|p2b: Cresselia|Trick Room|p2b: Cresselia\n|-fieldstart|move: Trick Room|[of] p2b: Cresselia\n|\n|-heal|p1b: Basculegion|93\/100|[from] Grassy Terrain\n|upkeep\n|\n|t:|1700532888\n|switch|p2a: Diancie|Diancie, shiny|100\/100\n|turn|4\n|l| pockocho\n|\n|t:|1700532898\n|move|p2a: Diancie|Diamond Storm|p1a: Kleavor|[spread] p1a,p1b\n|-supereffective|p1a: Kleavor\n|-damage|p1a: Kleavor|15\/100\n|-damage|p1b: Basculegion|49\/100\n|-boost|p2a: Diancie|def|2\n|move|p2b: Cresselia|Moonblast|p1b: Basculegion\n|-damage|p1b: Basculegion|31\/100\n|move|p1b: Basculegion|Surf|p2a: Diancie|[spread] p1a,p2a,p2b\n|-supereffective|p1a: Kleavor\n|-supereffective|p2a: Diancie\n|-damage|p1a: Kleavor|0 fnt\n|-damage|p2a: Diancie|32\/100\n|-damage|p2b: Cresselia|56\/100\n|-enditem|p2a: Diancie|Weakness Policy\n|-boost|p2a: Diancie|atk|2|[from] item: Weakness Policy\n|-boost|p2a: Diancie|spa|2|[from] item: Weakness Policy\n|faint|p1a: Kleavor\n|-damage|p1b: Basculegion|21\/100|[from] item: Life Orb\n|\n|-heal|p2a: Diancie|38\/100|[from] Grassy Terrain\n|-heal|p1b: Basculegion|27\/100|[from] Grassy Terrain\n|upkeep\n|\n|t:|1700532905\n|switch|p1a: Tinkaton|Tinkaton, F|100\/100\n|-ability|p1a: Tinkaton|Mold Breaker\n|turn|5\n|inactive|Hell.kid6 has 120 seconds left.\n|j| pockocho\n|l| pockocho\n|\n|t:|1700532950\n|move|p2b: Cresselia|Ally Switch|p2b: Cresselia\n|swap|p2b: Cresselia|0|[from] move: Ally Switch\n|move|p2b: Diancie|Body Press|p1a: Tinkaton\n|-damage|p1a: Tinkaton|50\/100\n|move|p1a: Tinkaton|Gigaton Hammer|p2a: Cresselia\n|-damage|p2a: Cresselia|27\/100\n|move|p1b: Basculegion|Shadow Ball|p2b: Diancie\n|-damage|p2b: Diancie|0 fnt\n|faint|p2b: Diancie\n|-damage|p1b: Basculegion|17\/100|[from] item: Life Orb\n|\n|-heal|p1a: Tinkaton|57\/100|[from] Grassy Terrain\n|-heal|p1a: Tinkaton|63\/100|[from] item: Leftovers\n|-heal|p1b: Basculegion|23\/100|[from] Grassy Terrain\n|-fieldend|move: Grassy Terrain\n|upkeep\n|\n|t:|1700532960\n|switch|p2b: Ursaluna|Ursaluna-Bloodmoon, M|100\/100\n|turn|6\n|\n|t:|1700532971\n|move|p2b: Ursaluna|Earth Power|p1a: Tinkaton\n|-supereffective|p1a: Tinkaton\n|-damage|p1a: Tinkaton|0 fnt\n|faint|p1a: Tinkaton\n|move|p2a: Cresselia|Moonblast|p1b: Basculegion\n|-damage|p1b: Basculegion|3\/100\n|move|p1b: Basculegion|Surf|p2a: Cresselia|[spread] p2a,p2b\n|-crit|p2a: Cresselia\n|-supereffective|p2b: Ursaluna\n|-crit|p2b: Ursaluna\n|-damage|p2a: Cresselia|0 fnt\n|-damage|p2b: Ursaluna|0 fnt\n|faint|p2a: Cresselia\n|faint|p2b: Ursaluna\n|-damage|p1b: Basculegion|0 fnt|[from] item: Life Orb\n|faint|p1b: Basculegion\n|\n|upkeep\n|c|\u2606Hell.kid6|Q malo soy ayud\n|j| pockocho\n|c|\u2606caminoa1500otravez|nooooo\n|\n|t:|1700532980\n|switch|p2a: Sylveon|Sylveon, F|100\/100\n|switch|p1a: Talonflame|Talonflame, M|100\/100\n|switch|p1b: Thundurus|Thundurus-Therian, M|100\/100\n|turn|7\n|\n|t:|1700532995\n|move|p2a: Sylveon|Yawn|p1a: Talonflame\n|-start|p1a: Talonflame|move: Yawn|[of] p2a: Sylveon\n|move|p1b: Thundurus|Nasty Plot|p1b: Thundurus\n|-boost|p1b: Thundurus|spa|2\n|move|p1a: Talonflame|Roost||[still]\n|-fail|p1a: Talonflame|heal\n|\n|-fieldend|move: Trick Room\n|upkeep\n|turn|8\n|\n|t:|1700533004\n|move|p2a: Sylveon|Protect|p2a: Sylveon\n|-singleturn|p2a: Sylveon|Protect\n|move|p1a: Talonflame|Flare Blitz|p2a: Sylveon\n|-activate|p2a: Sylveon|move: Protect\n|move|p1b: Thundurus|Thunderbolt|p2a: Sylveon\n|-activate|p2a: Sylveon|move: Protect\n|\n|-end|p1a: Talonflame|move: Yawn|[silent]\n|-status|p1a: Talonflame|slp\n|upkeep\n|turn|9\n|\n|t:|1700533009\n|cant|p1a: Talonflame|slp\n|move|p1b: Thundurus|Thunderbolt|p2a: Sylveon\n|-damage|p2a: Sylveon|35\/100\n|move|p2a: Sylveon|Yawn|p1b: Thundurus\n|-start|p1b: Thundurus|move: Yawn|[of] p2a: Sylveon\n|\n|upkeep\n|turn|10\n|\n|t:|1700533015\n|move|p2a: Sylveon|Protect|p2a: Sylveon\n|-singleturn|p2a: Sylveon|Protect\n|cant|p1a: Talonflame|slp\n|move|p1b: Thundurus|Thunderbolt|p2a: Sylveon\n|-activate|p2a: Sylveon|move: Protect\n|\n|-end|p1b: Thundurus|move: Yawn|[silent]\n|-status|p1b: Thundurus|slp\n|upkeep\n|turn|11\n|\n|t:|1700533019\n|-curestatus|p1a: Talonflame|slp|[msg]\n|move|p1a: Talonflame|Flare Blitz|p2a: Sylveon\n|-damage|p2a: Sylveon|0 fnt\n|faint|p2a: Sylveon\n|-damage|p1a: Talonflame|88\/100|[from] Recoil\n|\n|win|caminoa1500otravez\n|n|\u2606caminoa1500otravez|caminoa1500otravez\n|n|\u2606Hell.kid6|hellkid6\n|n| pockocho|pockocho\n","uploadtime":1700533020,"views":2,"p1id":"caminoa1500otravez","p2id":"hellkid6","formatid":"gen9doublesou","rating":0,"private":0,"password":""}