{"id":"gen9doublesou-1968135251","p1":"VikrThe","p2":"Adamthestaller","format":"[Gen 9] Doubles OU","log":"|html|<div class=\"broadcast-blue\"><strong>[Gen 9] Doubles OU is currently suspecting Basculegion & Flutter Mane! For information on how to participate check out the <a href=\"https:\/\/www.smogon.com\/forums\/threads\/np-sv-dou-stage-8-double-trouble.3729153\/\">suspect thread<\/a>.<\/strong><\/div>\n|j|\u2606VikrThe\n|j|\u2606Adamthestaller\n|t:|1697387847\n|gametype|doubles\n|player|p1|VikrThe|2|1194\n|player|p2|Adamthestaller|102|1200\n|teamsize|p1|6\n|teamsize|p2|6\n|gen|9\n|tier|[Gen 9] Doubles OU\n|rated|\n|rule|Species Clause: Limit one of each Pok\u00e9mon\n|rule|OHKO Clause: OHKO moves are banned\n|rule|Evasion Moves Clause: Evasion moves are banned\n|rule|Gravity Sleep Clause: The combination of sleep-inducing moves with imperfect accuracy and Gravity or Gigantamax Orbeetle are banned\n|rule|Endless Battle Clause: Forcing endless battles is banned\n|rule|HP Percentage Mod: HP is shown in percentages\n|clearpoke\n|poke|p1|Raichu, M|\n|poke|p1|Pelipper, M|\n|poke|p1|Drednaw, F|\n|poke|p1|Walking Wake|\n|poke|p1|Tornadus, M|\n|poke|p1|Basculegion, M|\n|poke|p2|Pelipper, F|\n|poke|p2|Poliwrath, F|\n|poke|p2|Ludicolo, F|\n|poke|p2|Tornadus, M|\n|poke|p2|Volcanion|\n|poke|p2|Ogerpon-Wellspring, F|\n|teampreview\n|\n|t:|1697387856\n|start\n|switch|p1a: Raichu|Raichu, M|100\/100\n|switch|p1b: Pelipper|Pelipper, M|100\/100\n|switch|p2a: Pelipper|Pelipper, F|100\/100\n|switch|p2b: Poliwrath|Poliwrath, F|100\/100\n|-weather|RainDance|[from] ability: Drizzle|[of] p1b: Pelipper\n|turn|1\n|\n|t:|1697387871\n|move|p1a: Raichu|Fake Out|p2a: Pelipper\n|-damage|p2a: Pelipper|92\/100\n|move|p2b: Poliwrath|Belly Drum|p2b: Poliwrath\n|-damage|p2b: Poliwrath|51\/100\n|-setboost|p2b: Poliwrath|atk|6|[from] move: Belly Drum\n|move|p1b: Pelipper|Tailwind|p1b: Pelipper\n|-sidestart|p1: VikrThe|move: Tailwind\n|cant|p2a: Pelipper|flinch\n|\n|-weather|RainDance|[upkeep]\n|upkeep\n|turn|2\n|\n|t:|1697387905\n|move|p1a: Raichu|Nuzzle|p2b: Poliwrath\n|-supereffective|p2b: Poliwrath\n|-damage|p2b: Poliwrath|36\/100\n|-status|p2b: Poliwrath|par\n|-enditem|p2b: Poliwrath|Sitrus Berry|[eat]\n|-heal|p2b: Poliwrath|61\/100 par|[from] item: Sitrus Berry\n|move|p1b: Pelipper|Hurricane|p2b: Poliwrath\n|-supereffective|p2b: Poliwrath\n|-damage|p2b: Poliwrath|0 fnt\n|faint|p2b: Poliwrath\n|move|p2a: Pelipper|Hurricane|p1b: Pelipper\n|-damage|p1b: Pelipper|46\/100\n|-start|p1b: Pelipper|confusion\n|-enditem|p1b: Pelipper|Eject Button\n|\n|t:|1697387921\n|switch|p1b: Tornadus|Tornadus, M|100\/100\n|\n|-weather|RainDance|[upkeep]\n|upkeep\n|\n|t:|1697387929\n|switch|p2b: Volcanion|Volcanion|100\/100\n|turn|3\n|\n|t:|1697387941\n|move|p1b: Tornadus|Bleakwind Storm|p2b: Volcanion|[spread] p2a,p2b\n|-damage|p2a: Pelipper|67\/100\n|-damage|p2b: Volcanion|61\/100\n|move|p1a: Raichu|Volt Switch|p2a: Pelipper\n|-supereffective|p2a: Pelipper\n|-damage|p2a: Pelipper|4\/100\n|\n|t:|1697387951\n|switch|p1a: Walking Wake|Walking Wake|100\/100|[from] Volt Switch\n|-enditem|p1a: Walking Wake|Booster Energy\n|-activate|p1a: Walking Wake|ability: Protosynthesis|[fromitem]\n|-start|p1a: Walking Wake|protosynthesisspa\n|move|p2b: Volcanion|Heat Wave|p1b: Tornadus|[spread] p1a,p1b\n|-resisted|p1a: Walking Wake\n|-damage|p1a: Walking Wake|94\/100\n|-damage|p1b: Tornadus|70\/100\n|move|p2a: Pelipper|Surf|p1a: Walking Wake|[spread] p1a,p1b\n|-heal|p2b: Volcanion|86\/100|[from] ability: Water Absorb|[of] p2a: Pelipper\n|-resisted|p1a: Walking Wake\n|-crit|p1b: Tornadus\n|-damage|p1a: Walking Wake|84\/100\n|-damage|p1b: Tornadus|0 fnt\n|faint|p1b: Tornadus\n|\n|-weather|RainDance|[upkeep]\n|upkeep\n|\n|t:|1697387972\n|switch|p1b: Pelipper|Pelipper, M|46\/100\n|turn|4\n|\n|t:|1697388034\n|move|p1b: Pelipper|Wide Guard|p1b: Pelipper\n|-singleturn|p1b: Pelipper|Wide Guard\n|move|p1a: Walking Wake|Hydro Steam|p2a: Pelipper\n|-resisted|p2a: Pelipper\n|-damage|p2a: Pelipper|0 fnt\n|faint|p2a: Pelipper\n|move|p2b: Volcanion|Heat Wave|p1b: Pelipper|[spread] \n|-activate|p1a: Walking Wake|move: Wide Guard\n|-activate|p1b: Pelipper|move: Wide Guard\n|\n|-weather|RainDance|[upkeep]\n|-sideend|p1: VikrThe|move: Tailwind\n|upkeep\n|\n|t:|1697388043\n|switch|p2a: Ludicolo|Ludicolo, F|100\/100\n|turn|5\n|\n|t:|1697388056\n|switch|p1b: Raichu|Raichu, M|100\/100\n|move|p2a: Ludicolo|Energy Ball|p1a: Walking Wake\n|-damage|p1a: Walking Wake|38\/100\n|move|p1a: Walking Wake|Hurricane|p2a: Ludicolo\n|-supereffective|p2a: Ludicolo\n|-damage|p2a: Ludicolo|0 fnt\n|faint|p2a: Ludicolo\n|move|p2b: Volcanion|Heat Wave|p1a: Walking Wake|[spread] p1a,p1b\n|-resisted|p1a: Walking Wake\n|-damage|p1a: Walking Wake|32\/100\n|-damage|p1b: Raichu|75\/100\n|-status|p1b: Raichu|brn\n|\n|-weather|none\n|-damage|p1b: Raichu|69\/100 brn|[from] brn\n|upkeep\n|\n|t:|1697388084\n|switch|p2a: Tornadus|Tornadus, M|100\/100\n|turn|6\n|\n|t:|1697388094\n|move|p1b: Raichu|Fake Out|p2a: Tornadus\n|-damage|p2a: Tornadus|94\/100\n|-damage|p1b: Raichu|53\/100 brn|[from] item: Rocky Helmet|[of] p2a: Tornadus\n|cant|p2a: Tornadus|flinch\n|move|p1a: Walking Wake|Draco Meteor|p2a: Tornadus\n|-damage|p2a: Tornadus|0 fnt\n|-unboost|p1a: Walking Wake|spa|2\n|faint|p2a: Tornadus\n|move|p2b: Volcanion|Earth Power|p1b: Raichu\n|-supereffective|p1b: Raichu\n|-damage|p1b: Raichu|0 fnt\n|faint|p1b: Raichu\n|\n|upkeep\n|\n|t:|1697388105\n|switch|p2a: Ogerpon|Ogerpon-Wellspring, F|100\/100\n|switch|p1b: Pelipper|Pelipper, M|46\/100\n|-weather|RainDance|[from] ability: Drizzle|[of] p1b: Pelipper\n|turn|7\n|\n|t:|1697388123\n|move|p1a: Walking Wake|Protect|p1a: Walking Wake\n|-singleturn|p1a: Walking Wake|Protect\n|move|p2a: Ogerpon|Horn Leech|p1b: Pelipper\n|-damage|p1b: Pelipper|8\/100\n|move|p1b: Pelipper|Tailwind|p1b: Pelipper\n|-sidestart|p1: VikrThe|move: Tailwind\n|move|p2b: Volcanion|Earth Power|p1a: Walking Wake\n|-activate|p1a: Walking Wake|move: Protect\n|\n|-weather|RainDance|[upkeep]\n|upkeep\n|turn|8\n|\n|t:|1697388141\n|move|p1a: Walking Wake|Hurricane|p2a: Ogerpon\n|-supereffective|p2a: Ogerpon\n|-damage|p2a: Ogerpon|48\/100\n|move|p1b: Pelipper|Hurricane|p2b: Volcanion\n|-crit|p2b: Volcanion\n|-damage|p2b: Volcanion|33\/100\n|-start|p2b: Volcanion|confusion\n|move|p2a: Ogerpon|Horn Leech|p1a: Walking Wake\n|-damage|p1a: Walking Wake|0 fnt\n|-heal|p2a: Ogerpon|66\/100|[from] drain|[of] p1a: Walking Wake\n|faint|p1a: Walking Wake\n|-end|p1a: Walking Wake|Protosynthesis|[silent]\n|-activate|p2b: Volcanion|confusion\n|move|p2b: Volcanion|Steam Eruption|p1b: Pelipper\n|-resisted|p1b: Pelipper\n|-damage|p1b: Pelipper|0 fnt\n|faint|p1b: Pelipper\n|\n|-weather|RainDance|[upkeep]\n|upkeep\n|\n|t:|1697388158\n|switch|p1a: Drednaw|Drednaw, F, shiny|100\/100\n|switch|p1b: Basculegion|Basculegion, M|100\/100\n|turn|9\n|\n|t:|1697388175\n|-terastallize|p1b: Basculegion|Ghost\n|-terastallize|p2a: Ogerpon|Water\n|detailschange|p2a: Ogerpon|Ogerpon-Wellspring-Tera, F, tera:Water\n|-ability|p2a: Ogerpon|Embody Aspect (Wellspring)|boost\n|-boost|p2a: Ogerpon|spd|1\n|move|p1b: Basculegion|Last Respects|p2a: Ogerpon\n|-damage|p2a: Ogerpon|0 fnt\n|faint|p2a: Ogerpon\n|move|p1a: Drednaw|Stone Edge|p2b: Volcanion\n|-supereffective|p2b: Volcanion\n|-damage|p2b: Volcanion|0 fnt\n|faint|p2b: Volcanion\n|\n|win|VikrThe\n|raw|VikrThe's rating: 1194 &rarr; <strong>1218<\/strong><br \/>(+24 for winning)\n|raw|Adamthestaller's rating: 1179 &rarr; <strong>1155<\/strong><br \/>(-24 for losing)\n|l|\u2606Adamthestaller\n","uploadtime":1697388192,"views":13,"p1id":"vikrthe","p2id":"adamthestaller","formatid":"gen9doublesou","rating":1155,"private":0,"password":""}