{"id":"gen9doublesou-1988084552","p1":"Lord Bromosalino","p2":"Slimthickens","format":"[Gen 9] Doubles OU","log":"|j|\u2606Lord Bromosalino\n|j|\u2606Slimthickens\n|t:|1699667622\n|gametype|doubles\n|player|p1|Lord Bromosalino|170|1245\n|player|p2|Slimthickens|102|1122\n|teamsize|p1|6\n|teamsize|p2|6\n|gen|9\n|tier|[Gen 9] Doubles OU\n|rated|\n|rule|Species Clause: Limit one of each Pok\u00e9mon\n|rule|OHKO Clause: OHKO moves are banned\n|rule|Evasion Moves Clause: Evasion moves are banned\n|rule|Gravity Sleep Clause: The combination of sleep-inducing moves with imperfect accuracy and Gravity or Gigantamax Orbeetle are banned\n|rule|Endless Battle Clause: Forcing endless battles is banned\n|rule|HP Percentage Mod: HP is shown in percentages\n|clearpoke\n|poke|p1|Haxorus, M|\n|poke|p1|Sylveon, F|\n|poke|p1|Kleavor, M|\n|poke|p1|Chandelure, M|\n|poke|p1|Tauros-Paldea-Aqua, M|\n|poke|p1|Magnezone|\n|poke|p2|Shaymin-Sky|\n|poke|p2|Oranguru, M|\n|poke|p2|Sneasler, M|\n|poke|p2|Tyranitar, F|\n|poke|p2|Dugtrio-Alola, F|\n|poke|p2|Perrserker, M|\n|teampreview\n|inactive|Battle timer is ON: inactive players will automatically lose when time's up. (requested by Slimthickens)\n|inactive|Lord Bromosalino also wants the timer to be on.\n|\n|t:|1699667644\n|start\n|switch|p1a: Sylveon|Sylveon, F|100\/100\n|switch|p1b: Kleavor|Kleavor, M|100\/100\n|switch|p2a: FlinchFactory|Shaymin-Sky|100\/100\n|switch|p2b: Oranguru|Oranguru, M|100\/100\n|turn|1\n|\n|t:|1699667656\n|move|p2a: FlinchFactory|Air Slash|p1b: Kleavor\n|-enditem|p1b: Kleavor|Focus Sash\n|-damage|p1b: Kleavor|1\/100\n|move|p1b: Kleavor|Stone Axe|p2a: FlinchFactory\n|-supereffective|p2a: FlinchFactory\n|-damage|p2a: FlinchFactory|0 fnt\n|-sidestart|p2: Slimthickens|move: Stealth Rock\n|faint|p2a: FlinchFactory\n|move|p2b: Oranguru|Instruct|p2: FlinchFactory|[notarget]\n|-fail|p2b: Oranguru\n|move|p1a: Sylveon|Hyper Voice|p2b: Oranguru\n|-damage|p2b: Oranguru|51\/100\n|-enditem|p1a: Sylveon|Throat Spray\n|-boost|p1a: Sylveon|spa|1|[from] item: Throat Spray\n|\n|upkeep\n|\n|t:|1699667676\n|switch|p2a: Watch Out|Dugtrio-Alola, F|100\/100\n|-damage|p2a: Watch Out|98\/100|[from] Stealth Rock\n|turn|2\n|\n|t:|1699667684\n|switch|p2b: Tyranitar|Tyranitar, F|100\/100\n|-damage|p2b: Tyranitar|88\/100|[from] Stealth Rock\n|-weather|Sandstorm|[from] ability: Sand Stream|[of] p2b: Tyranitar\n|move|p2a: Watch Out|Rock Slide|p1b: Kleavor|[spread] p1a,p1b\n|-supereffective|p1b: Kleavor\n|-damage|p1a: Sylveon|63\/100\n|-damage|p1b: Kleavor|0 fnt\n|faint|p1b: Kleavor\n|cant|p1a: Sylveon|flinch\n|\n|-weather|Sandstorm|[upkeep]\n|-damage|p1a: Sylveon|57\/100|[from] Sandstorm\n|upkeep\n|\n|t:|1699667696\n|switch|p1b: Tauros|Tauros-Paldea-Aqua, M|100\/100\n|-ability|p1b: Tauros|Intimidate|boost\n|-unboost|p2a: Watch Out|atk|1\n|-unboost|p2b: Tyranitar|atk|1\n|turn|3\n|\n|t:|1699667702\n|move|p2b: Tyranitar|Rock Slide|p1a: Sylveon|[spread] p1a\n|-miss|p2b: Tyranitar|p1b: Tauros\n|-damage|p1a: Sylveon|33\/100\n|move|p2a: Watch Out|Rock Slide|p1a: Sylveon|[spread] p1a,p1b\n|-resisted|p1b: Tauros\n|-damage|p1a: Sylveon|9\/100\n|-damage|p1b: Tauros|89\/100\n|move|p1b: Tauros|Bulk Up|p1b: Tauros\n|-boost|p1b: Tauros|atk|1\n|-boost|p1b: Tauros|def|1\n|move|p1a: Sylveon|Hyper Voice|p2b: Tyranitar|[spread] p2a,p2b\n|-resisted|p2a: Watch Out\n|-supereffective|p2b: Tyranitar\n|-damage|p2a: Watch Out|30\/100\n|-damage|p2b: Tyranitar|1\/100\n|\n|-weather|Sandstorm|[upkeep]\n|-damage|p1b: Tauros|83\/100|[from] Sandstorm\n|-damage|p1a: Sylveon|3\/100|[from] Sandstorm\n|-heal|p1b: Tauros|89\/100|[from] item: Leftovers\n|upkeep\n|turn|4\n|\n|t:|1699667723\n|move|p1b: Tauros|Aqua Jet|p2b: Tyranitar\n|-supereffective|p2b: Tyranitar\n|-damage|p2b: Tyranitar|0 fnt\n|faint|p2b: Tyranitar\n|move|p2a: Watch Out|Rock Slide|p1a: Sylveon|[spread] p1a,p1b\n|-resisted|p1b: Tauros\n|-damage|p1a: Sylveon|0 fnt\n|-damage|p1b: Tauros|81\/100\n|faint|p1a: Sylveon\n|\n|-weather|Sandstorm|[upkeep]\n|-damage|p1b: Tauros|74\/100|[from] Sandstorm\n|-heal|p1b: Tauros|81\/100|[from] item: Leftovers\n|upkeep\n|\n|t:|1699667736\n|switch|p2b: Sneasler|Sneasler, M|100\/100\n|switch|p1a: Chandelure|Chandelure, M|100\/100\n|-damage|p2b: Sneasler|95\/100|[from] Stealth Rock\n|turn|5\n|\n|t:|1699667744\n|move|p2b: Sneasler|Rock Slide|p1b: Tauros|[spread] p1a,p1b\n|-supereffective|p1a: Chandelure\n|-resisted|p1b: Tauros\n|-damage|p1a: Chandelure|10\/100\n|-damage|p1b: Tauros|70\/100\n|move|p2a: Watch Out|Rock Slide|p1b: Tauros|[spread] p1a,p1b\n|-supereffective|p1a: Chandelure\n|-resisted|p1b: Tauros\n|-damage|p1a: Chandelure|0 fnt\n|-damage|p1b: Tauros|63\/100\n|faint|p1a: Chandelure\n|move|p1b: Tauros|Bulk Up|p1b: Tauros\n|-boost|p1b: Tauros|atk|1\n|-boost|p1b: Tauros|def|1\n|\n|-weather|Sandstorm|[upkeep]\n|-damage|p2b: Sneasler|89\/100|[from] Sandstorm\n|-damage|p1b: Tauros|57\/100|[from] Sandstorm\n|-heal|p1b: Tauros|63\/100|[from] item: Leftovers\n|upkeep\n|\n|t:|1699667748\n|switch|p1a: Magnezone|Magnezone|100\/100\n|turn|6\n|\n|t:|1699667756\n|move|p1b: Tauros|Aqua Jet|p2a: Watch Out\n|-supereffective|p2a: Watch Out\n|-damage|p2a: Watch Out|0 fnt\n|faint|p2a: Watch Out\n|move|p2b: Sneasler|Rock Slide|p1a: Magnezone|[spread] p1a,p1b\n|-resisted|p1a: Magnezone\n|-resisted|p1b: Tauros\n|-damage|p1a: Magnezone|87\/100\n|-damage|p1b: Tauros|55\/100\n|cant|p1a: Magnezone|flinch\n|\n|-weather|none\n|-heal|p1b: Tauros|62\/100|[from] item: Leftovers\n|upkeep\n|\n|t:|1699667763\n|switch|p2a: Oranguru|Oranguru, M|51\/100\n|-damage|p2a: Oranguru|38\/100|[from] Stealth Rock\n|turn|7\n|\n|t:|1699667771\n|move|p1b: Tauros|Aqua Jet|p2a: Oranguru\n|-damage|p2a: Oranguru|0 fnt\n|faint|p2a: Oranguru\n|move|p2b: Sneasler|Rock Slide|p1a: Magnezone|[spread] p1a,p1b\n|-resisted|p1a: Magnezone\n|-resisted|p1b: Tauros\n|-damage|p1a: Magnezone|73\/100\n|-damage|p1b: Tauros|54\/100\n|move|p1a: Magnezone|Electroweb|p2b: Sneasler\n|-damage|p2b: Sneasler|36\/100\n|-unboost|p2b: Sneasler|spe|1\n|\n|-heal|p1b: Tauros|60\/100|[from] item: Leftovers\n|upkeep\n|\n|t:|1699667773\n|switch|p2a: Perrserker|Perrserker, M|100\/100\n|-damage|p2a: Perrserker|94\/100|[from] Stealth Rock\n|turn|8\n|\n|t:|1699667784\n|move|p2a: Perrserker|Fake Out|p1b: Tauros\n|-damage|p1b: Tauros|50\/100\n|-damage|p2a: Perrserker|84\/100|[from] item: Life Orb\n|cant|p1b: Tauros|flinch\n|move|p2b: Sneasler|Rock Slide|p1b: Tauros|[spread] p1a\n|-miss|p2b: Sneasler|p1b: Tauros\n|-resisted|p1a: Magnezone\n|-damage|p1a: Magnezone|59\/100\n|move|p1a: Magnezone|Electroweb|p2a: Perrserker|[spread] p2a,p2b\n|-damage|p2a: Perrserker|26\/100\n|-damage|p2b: Sneasler|0 fnt\n|-unboost|p2a: Perrserker|spe|1\n|faint|p2b: Sneasler\n|\n|-heal|p1b: Tauros|57\/100|[from] item: Leftovers\n|upkeep\n|turn|9\n|c|\u2606Slimthickens|Amazing luck not getting flinched once\n|c|\u2606Slimthickens|This games a joke and so is your dad\n|inactive|Slimthickens has 120 seconds left.\n|c|\u2606Slimthickens|Pathetic. Sit here while the time runs out because I\u2019m not finishing\n|inactive|Slimthickens has 90 seconds left.\n|c|\u2606Lord Bromosalino|ok, be a child lol\n|inactive|Slimthickens has 60 seconds left.\n|inactive|Slimthickens has 30 seconds left.\n|inactive|Slimthickens has 20 seconds left.\n|inactive|Slimthickens has 15 seconds left.\n|inactive|Slimthickens has 10 seconds left.\n|inactive|Slimthickens has 5 seconds left.\n|j|@ken\n|-message|Slimthickens lost due to inactivity.\n|\n|win|Lord Bromosalino\n|raw|Lord Bromosalino's rating: 1245 &rarr; <strong>1262<\/strong><br \/>(+17 for winning)\n|raw|Slimthickens's rating: 1122 &rarr; <strong>1105<\/strong><br \/>(-17 for losing)\n","uploadtime":1699667915,"views":9,"p1id":"lordbromosalino","p2id":"slimthickens","formatid":"gen9doublesou","rating":1105,"private":0,"password":""}