{"id":"gen9doublesou-1993253227","p1":"Godisablack","p2":"Elite.4.Challenger","format":"[Gen 9] Doubles OU","log":"|j|\u2606Godisablack\n|j|\u2606Elite.4.Challenger\n|t:|1700284719\n|gametype|doubles\n|player|p1|Godisablack|li|1334\n|player|p2|Elite.4.Challenger|rocker-gen3|1361\n|teamsize|p1|6\n|teamsize|p2|6\n|gen|9\n|tier|[Gen 9] Doubles OU\n|rated|\n|rule|Species Clause: Limit one of each Pok\u00e9mon\n|rule|OHKO Clause: OHKO moves are banned\n|rule|Evasion Moves Clause: Evasion moves are banned\n|rule|Gravity Sleep Clause: The combination of sleep-inducing moves with imperfect accuracy and Gravity or Gigantamax Orbeetle are banned\n|rule|Endless Battle Clause: Forcing endless battles is banned\n|rule|HP Percentage Mod: HP is shown in percentages\n|clearpoke\n|poke|p1|Landorus-Therian, M|\n|poke|p1|Heatran, M|\n|poke|p1|Tyranitar, M|\n|poke|p1|Ursaluna, M|\n|poke|p1|Garchomp, F|\n|poke|p1|Garganacl, M|\n|poke|p2|Tornadus, M|\n|poke|p2|Regieleki|\n|poke|p2|Goodra-Hisui, M|\n|poke|p2|Basculegion-F, F|\n|poke|p2|Politoed, M|\n|poke|p2|Toxicroak, M|\n|teampreview\n|\n|t:|1700284729\n|start\n|switch|p1a: Tyranitar|Tyranitar, M|100\/100\n|switch|p1b: Garganacl|Garganacl, M|100\/100\n|switch|p2a: Michael Phelps|Basculegion-F, F|100\/100\n|switch|p2b: Kermit the Frog|Politoed, M|100\/100\n|-weather|RainDance|[from] ability: Drizzle|[of] p2b: Kermit the Frog\n|-weather|Sandstorm|[from] ability: Sand Stream|[of] p1a: Tyranitar\n|turn|1\n|j| vegetasfeet\n|\n|t:|1700284745\n|switch|p2a: Goodra|Goodra-Hisui, M|100\/100\n|move|p2b: Kermit the Frog|Protect|p2b: Kermit the Frog\n|-singleturn|p2b: Kermit the Frog|Protect\n|move|p1a: Tyranitar|Knock Off|p2a: Goodra\n|-damage|p2a: Goodra|53\/100\n|-enditem|p2a: Goodra|Iapapa Berry|[from] move: Knock Off|[of] p1a: Tyranitar\n|move|p1b: Garganacl|Salt Cure|p2b: Kermit the Frog\n|-activate|p2b: Kermit the Frog|move: Protect\n|\n|-weather|Sandstorm|[upkeep]\n|-damage|p2b: Kermit the Frog|94\/100|[from] Sandstorm\n|upkeep\n|turn|2\n|\n|t:|1700284765\n|move|p2b: Kermit the Frog|Surf|p1a: Tyranitar|[spread] p2a,p1a,p1b\n|-resisted|p2a: Goodra\n|-supereffective|p1a: Tyranitar\n|-supereffective|p1b: Garganacl\n|-damage|p2a: Goodra|46\/100\n|-damage|p1a: Tyranitar|77\/100\n|-damage|p1b: Garganacl|75\/100\n|-enditem|p1a: Tyranitar|Weakness Policy\n|-boost|p1a: Tyranitar|atk|2|[from] item: Weakness Policy\n|-boost|p1a: Tyranitar|spa|2|[from] item: Weakness Policy\n|move|p1a: Tyranitar|Rock Slide|p2b: Kermit the Frog|[spread] p2a,p2b\n|-resisted|p2a: Goodra\n|-damage|p2a: Goodra|19\/100\n|-damage|p2b: Kermit the Frog|20\/100\n|-enditem|p2b: Kermit the Frog|Eject Button\n|\n|t:|1700284780\n|switch|p2b: Kermit the Dawg|Toxicroak, M, shiny|100\/100\n|cant|p2a: Goodra|flinch\n|move|p1b: Garganacl|Salt Cure|p2a: Goodra\n|-resisted|p2a: Goodra\n|-damage|p2a: Goodra|11\/100\n|-start|p2a: Goodra|Salt Cure\n|\n|-weather|Sandstorm|[upkeep]\n|-damage|p2b: Kermit the Dawg|94\/100|[from] Sandstorm\n|-damage|p2a: Goodra|0 fnt|[from] Salt Cure\n|faint|p2a: Goodra\n|upkeep\n|\n|t:|1700284792\n|switch|p2a: Kermit the Frog|Politoed, M|20\/100\n|-weather|RainDance|[from] ability: Drizzle|[of] p2a: Kermit the Frog\n|turn|3\n|c|\u2606Godisablack|hehe\n|\n|t:|1700284810\n|-terastallize|p1a: Tyranitar|Ghost\n|move|p2a: Kermit the Frog|Protect|p2a: Kermit the Frog\n|-singleturn|p2a: Kermit the Frog|Protect\n|move|p1b: Garganacl|Wide Guard|p1b: Garganacl\n|-singleturn|p1b: Garganacl|Wide Guard\n|move|p2b: Kermit the Dawg|Close Combat|p1a: Tyranitar\n|-immune|p1a: Tyranitar\n|move|p1a: Tyranitar|Rock Slide|p2a: Kermit the Frog|[spread] p2b\n|-activate|p2a: Kermit the Frog|move: Protect\n|-resisted|p2b: Kermit the Dawg\n|-damage|p2b: Kermit the Dawg|43\/100\n|\n|-weather|RainDance|[upkeep]\n|-heal|p2b: Kermit the Dawg|55\/100|[from] ability: Dry Skin\n|upkeep\n|turn|4\n|\n|t:|1700284830\n|move|p1a: Tyranitar|Protect|p1a: Tyranitar\n|-singleturn|p1a: Tyranitar|Protect\n|move|p2b: Kermit the Dawg|Close Combat|p1b: Garganacl\n|-supereffective|p1b: Garganacl\n|-damage|p1b: Garganacl|0 fnt\n|-unboost|p2b: Kermit the Dawg|def|1\n|-unboost|p2b: Kermit the Dawg|spd|1\n|faint|p1b: Garganacl\n|-damage|p2b: Kermit the Dawg|46\/100|[from] item: Life Orb\n|move|p2a: Kermit the Frog|Surf|p1a: Tyranitar|[spread] \n|-activate|p1a: Tyranitar|move: Protect\n|-heal|p2b: Kermit the Dawg|71\/100|[from] ability: Dry Skin|[of] p2a: Kermit the Frog\n|\n|-weather|RainDance|[upkeep]\n|-heal|p2b: Kermit the Dawg|83\/100|[from] ability: Dry Skin\n|upkeep\n|\n|t:|1700284845\n|switch|p1b: Landorus|Landorus-Therian, M|100\/100\n|-ability|p1b: Landorus|Intimidate|boost\n|-unboost|p2a: Kermit the Frog|atk|1\n|-unboost|p2b: Kermit the Dawg|atk|1\n|turn|5\n|\n|t:|1700284856\n|move|p2b: Kermit the Dawg|Sucker Punch|p1a: Tyranitar\n|-supereffective|p1a: Tyranitar\n|-damage|p1a: Tyranitar|46\/100\n|-damage|p2b: Kermit the Dawg|73\/100|[from] item: Life Orb\n|move|p1b: Landorus|Rock Slide|p2a: Kermit the Frog|[spread] p2a,p2b\n|-resisted|p2b: Kermit the Dawg\n|-damage|p2a: Kermit the Frog|0 fnt\n|-damage|p2b: Kermit the Dawg|46\/100\n|faint|p2a: Kermit the Frog\n|move|p1a: Tyranitar|Rock Slide|p2b: Kermit the Dawg\n|-resisted|p2b: Kermit the Dawg\n|-damage|p2b: Kermit the Dawg|0 fnt\n|faint|p2b: Kermit the Dawg\n|\n|-weather|RainDance|[upkeep]\n|upkeep\n|\n|t:|1700284877\n|switch|p2b: Tornadus|Tornadus, M|100\/100\n|switch|p2a: Michael Phelps|Basculegion-F, F|100\/100\n|turn|6\n|\n|t:|1700284897\n|move|p1a: Tyranitar|Protect|p1a: Tyranitar\n|-singleturn|p1a: Tyranitar|Protect\n|move|p2a: Michael Phelps|Surf|p1a: Tyranitar|[spread] p2b,p1b\n|-activate|p1a: Tyranitar|move: Protect\n|-supereffective|p1b: Landorus\n|-damage|p2b: Tornadus|5\/100\n|-damage|p1b: Landorus|4\/100\n|move|p2b: Tornadus|Bleakwind Storm|p1a: Tyranitar|[spread] p1b\n|-activate|p1a: Tyranitar|move: Protect\n|-damage|p1b: Landorus|0 fnt\n|faint|p1b: Landorus\n|\n|-weather|RainDance|[upkeep]\n|upkeep\n|\n|t:|1700284912\n|switch|p1b: Heatran|Heatran, M|100\/100\n|-item|p1b: Heatran|Air Balloon\n|turn|7\n|\n|t:|1700284919\n|switch|p2b: Regieleki|Regieleki|100\/100\n|switch|p1a: Garchomp|Garchomp, F, shiny|100\/100\n|move|p1b: Heatran|Protect|p1b: Heatran\n|-singleturn|p1b: Heatran|Protect\n|move|p2a: Michael Phelps|Surf|p1b: Heatran|[spread] p2b,p1a\n|-activate|p1b: Heatran|move: Protect\n|-damage|p2b: Regieleki|0 fnt\n|-damage|p1a: Garchomp|60\/100\n|faint|p2b: Regieleki\n|\n|-weather|none\n|upkeep\n|c|\u2606Godisablack|Hehe\n|\n|t:|1700284931\n|switch|p2b: Tornadus|Tornadus, M|5\/100\n|turn|8\n|\n|t:|1700284954\n|switch|p1a: Tyranitar|Tyranitar, M, tera:Ghost|46\/100\n|-weather|Sandstorm|[from] ability: Sand Stream|[of] p1a: Tyranitar\n|move|p2b: Tornadus|Rain Dance|p2b: Tornadus\n|-weather|RainDance\n|move|p2a: Michael Phelps|Surf|p1b: Heatran|[spread] p2b,p1a,p1b\n|-supereffective|p1b: Heatran\n|-damage|p2b: Tornadus|0 fnt\n|-damage|p1a: Tyranitar|0 fnt\n|-damage|p1b: Heatran|0 fnt\n|-enditem|p1b: Heatran|Air Balloon\n|faint|p2b: Tornadus\n|faint|p1a: Tyranitar\n|faint|p1b: Heatran\n|\n|-weather|RainDance|[upkeep]\n|upkeep\n|c|\u2606Elite.4.Challenger|hehe\n|\n|t:|1700284968\n|switch|p1b: Garchomp|Garchomp, F, shiny|60\/100\n|switch|p1a: Ursaluna|Ursaluna, M, shiny|100\/100\n|turn|9\n|\n|t:|1700284975\n|move|p1a: Ursaluna|Protect|p1a: Ursaluna\n|-singleturn|p1a: Ursaluna|Protect\n|move|p2a: Michael Phelps|Surf|p1b: Garchomp|[spread] p1b\n|-activate|p1a: Ursaluna|move: Protect\n|-damage|p1b: Garchomp|17\/100\n|move|p1b: Garchomp|Dragon Claw|p2a: Michael Phelps\n|-damage|p2a: Michael Phelps|47\/100\n|\n|-weather|RainDance|[upkeep]\n|-status|p1a: Ursaluna|brn|[from] item: Flame Orb\n|upkeep\n|turn|10\n|\n|t:|1700284993\n|move|p2a: Michael Phelps|Surf|p1a: Ursaluna|[spread] p1a,p1b\n|-supereffective|p1a: Ursaluna\n|-damage|p1a: Ursaluna|0 fnt\n|-damage|p1b: Garchomp|0 fnt\n|faint|p1a: Ursaluna\n|faint|p1b: Garchomp\n|\n|win|Elite.4.Challenger\n|raw|Godisablack's rating: 1334 &rarr; <strong>1316<\/strong><br \/>(-18 for losing)\n|raw|Elite.4.Challenger's rating: 1361 &rarr; <strong>1379<\/strong><br \/>(+18 for winning)\n|c|\u2606Godisablack|Gg\n|c|\u2606Elite.4.Challenger|gg\n|c| vegetasfeet|brb\n|l| vegetasfeet\n|c|\u2606Elite.4.Challenger|bet\n","uploadtime":1700285168,"views":7,"p1id":"godisablack","p2id":"elite4challenger","formatid":"gen9doublesou","rating":1316,"private":0,"password":""}