{"id":"gen9doublesou-1985606387","p1":"MattCol","p2":"gonegeb","format":"[Gen 9] Doubles OU","log":"|j|\u2606MattCol\n|j|\u2606gonegeb\n|t:|1699388500\n|gametype|doubles\n|player|p1|MattCol|265|\n|player|p2|gonegeb|alain|\n|teamsize|p1|6\n|teamsize|p2|6\n|gen|9\n|tier|[Gen 9] Doubles OU\n|rule|Species Clause: Limit one of each Pok\u00e9mon\n|rule|OHKO Clause: OHKO moves are banned\n|rule|Evasion Moves Clause: Evasion moves are banned\n|rule|Gravity Sleep Clause: The combination of sleep-inducing moves with imperfect accuracy and Gravity or Gigantamax Orbeetle are banned\n|rule|Endless Battle Clause: Forcing endless battles is banned\n|rule|HP Percentage Mod: HP is shown in percentages\n|clearpoke\n|poke|p1|Quaquaval, F|\n|poke|p1|Baxcalibur, F|\n|poke|p1|Cinderace, F|\n|poke|p1|Slowbro-Galar, M|\n|poke|p1|Zarude-Dada|\n|poke|p1|Pelipper, M|\n|poke|p2|Lucario, M|\n|poke|p2|Umbreon, M|\n|poke|p2|Arcanine, F|\n|poke|p2|Ceruledge, M|\n|poke|p2|Ursaluna-Bloodmoon, M|\n|poke|p2|Fezandipiti, M|\n|teampreview\n|\n|t:|1699388521\n|start\n|switch|p1a: Cinderace|Cinderace, F|100\/100\n|switch|p1b: Pelipper|Pelipper, M|100\/100\n|switch|p2a: Bjorn|Ursaluna-Bloodmoon, M|100\/100\n|switch|p2b: Tourmaline|Fezandipiti, M|100\/100\n|-weather|RainDance|[from] ability: Drizzle|[of] p1b: Pelipper\n|turn|1\n|\n|t:|1699388541\n|move|p2a: Bjorn|Protect|p2a: Bjorn\n|-singleturn|p2a: Bjorn|Protect\n|move|p1a: Cinderace|Taunt|p2b: Tourmaline\n|-start|p1a: Cinderace|typechange|Dark|[from] ability: Libero\n|-start|p2b: Tourmaline|move: Taunt\n|-enditem|p2b: Tourmaline|Mental Herb\n|-end|p2b: Tourmaline|move: Taunt\n|move|p2b: Tourmaline|Tailwind|p2b: Tourmaline\n|-sidestart|p2: gonegeb|move: Tailwind\n|move|p1b: Pelipper|Hydro Pump|p2a: Bjorn\n|-activate|p2a: Bjorn|move: Protect\n|\n|-weather|RainDance|[upkeep]\n|upkeep\n|turn|2\n|\n|t:|1699388566\n|-terastallize|p2a: Bjorn|Normal\n|move|p2b: Tourmaline|Taunt|p1a: Cinderace\n|-start|p1a: Cinderace|move: Taunt\n|move|p1a: Cinderace|High Jump Kick|p2a: Bjorn\n|-supereffective|p2a: Bjorn\n|-damage|p2a: Bjorn|48\/100\n|move|p2a: Bjorn|Hyper Voice|p1b: Pelipper|[spread] p1a,p1b\n|-damage|p1a: Cinderace|26\/100\n|-damage|p1b: Pelipper|38\/100\n|-enditem|p1b: Pelipper|Eject Button\n|-enditem|p2a: Bjorn|Throat Spray\n|-boost|p2a: Bjorn|spa|1|[from] item: Throat Spray\n|\n|t:|1699388594\n|switch|p1b: Slowbro|Slowbro-Galar, M|100\/100\n|\n|-weather|RainDance|[upkeep]\n|upkeep\n|turn|3\n|-activate|p1b: Slowbro|item: Quick Claw\n|\n|t:|1699388666\n|move|p2a: Bjorn|Protect|p2a: Bjorn\n|-singleturn|p2a: Bjorn|Protect\n|move|p1b: Slowbro|Shell Side Arm|p2a: Bjorn|[anim] Shell Side Arm Special\n|-activate|p2a: Bjorn|move: Protect\n|move|p2b: Tourmaline|Taunt|p1b: Slowbro\n|-start|p1b: Slowbro|move: Taunt\n|move|p1a: Cinderace|High Jump Kick|p2a: Bjorn\n|-activate|p2a: Bjorn|move: Protect\n|-damage|p1a: Cinderace|0 fnt|[from] highjumpkick\n|faint|p1a: Cinderace\n|\n|-weather|RainDance|[upkeep]\n|upkeep\n|\n|t:|1699388671\n|switch|p1a: Pelipper|Pelipper, M|38\/100\n|turn|4\n|-activate|p1b: Slowbro|ability: Quick Draw\n|\n|t:|1699388709\n|move|p1a: Pelipper|Wide Guard|p1a: Pelipper\n|-singleturn|p1a: Pelipper|Wide Guard\n|move|p1b: Slowbro|Shell Side Arm|p2a: Bjorn|[anim] Shell Side Arm Special\n|-damage|p2a: Bjorn|0 fnt\n|-hint|Special Shell Side Arm\n|faint|p2a: Bjorn\n|move|p2b: Tourmaline|Taunt|p1a: Pelipper\n|-start|p1a: Pelipper|move: Taunt\n|\n|-weather|RainDance|[upkeep]\n|-sideend|p2: gonegeb|move: Tailwind\n|upkeep\n|\n|t:|1699388728\n|switch|p2a: Anubis|Lucario, M, shiny|100\/100\n|turn|5\n|\n|t:|1699388760\n|switch|p1a: Zarude|Zarude-Dada|100\/100\n|switch|p1b: Baxcalibur|Baxcalibur, F|100\/100\n|move|p2a: Anubis|Protect|p2a: Anubis\n|-singleturn|p2a: Anubis|Protect\n|move|p2b: Tourmaline|Tailwind|p2b: Tourmaline\n|-sidestart|p2: gonegeb|move: Tailwind\n|\n|-weather|none\n|upkeep\n|turn|6\n|\n|t:|1699388796\n|-terastallize|p1b: Baxcalibur|Fairy\n|move|p2b: Tourmaline|Beat Up|p2a: Anubis\n|-resisted|p2a: Anubis\n|-damage|p2a: Anubis|98\/100\n|-ability|p2a: Anubis|Justified|boost\n|-boost|p2a: Anubis|atk|1\n|-resisted|p2a: Anubis\n|-damage|p2a: Anubis|96\/100\n|-ability|p2a: Anubis|Justified|boost\n|-boost|p2a: Anubis|atk|1\n|-resisted|p2a: Anubis\n|-damage|p2a: Anubis|94\/100\n|-ability|p2a: Anubis|Justified|boost\n|-boost|p2a: Anubis|atk|1\n|-resisted|p2a: Anubis\n|-damage|p2a: Anubis|92\/100\n|-ability|p2a: Anubis|Justified|boost\n|-boost|p2a: Anubis|atk|1\n|-resisted|p2a: Anubis\n|-damage|p2a: Anubis|90\/100\n|-ability|p2a: Anubis|Justified|boost\n|-boost|p2a: Anubis|atk|1\n|-hitcount|p2a: Anubis|5\n|move|p2a: Anubis|Drain Punch|p1a: Zarude\n|-supereffective|p1a: Zarude\n|-enditem|p1a: Zarude|Focus Sash\n|-damage|p1a: Zarude|1\/100\n|-heal|p2a: Anubis|100\/100|[from] drain|[of] p1a: Zarude\n|move|p1a: Zarude|Encore|p2a: Anubis\n|-start|p2a: Anubis|Encore\n|move|p1b: Baxcalibur|Icicle Spear|p2b: Tourmaline\n|-damage|p2b: Tourmaline|81\/100\n|-damage|p2b: Tourmaline|64\/100\n|-damage|p2b: Tourmaline|47\/100\n|-damage|p2b: Tourmaline|29\/100\n|-hitcount|p2b: Tourmaline|4\n|\n|upkeep\n|turn|7\n|\n|t:|1699388828\n|move|p1b: Baxcalibur|Protect|p1b: Baxcalibur\n|-singleturn|p1b: Baxcalibur|Protect\n|move|p2b: Tourmaline|Dazzling Gleam|p1a: Zarude|[spread] p1a\n|-activate|p1b: Baxcalibur|move: Protect\n|-supereffective|p1a: Zarude\n|-damage|p1a: Zarude|0 fnt\n|faint|p1a: Zarude\n|move|p2a: Anubis|Drain Punch|p1b: Baxcalibur\n|-activate|p1b: Baxcalibur|move: Protect\n|\n|upkeep\n|\n|t:|1699388848\n|switch|p1a: Pelipper|Pelipper, M|38\/100\n|-weather|RainDance|[from] ability: Drizzle|[of] p1a: Pelipper\n|turn|8\n|\n|t:|1699388873\n|move|p2b: Tourmaline|Taunt|p1b: Baxcalibur\n|-start|p1b: Baxcalibur|move: Taunt\n|move|p2a: Anubis|Drain Punch|p1a: Pelipper\n|-resisted|p1a: Pelipper\n|-damage|p1a: Pelipper|0 fnt\n|faint|p1a: Pelipper\n|move|p1b: Baxcalibur|Earthquake|p2a: Anubis|[spread] p2a,p2b\n|-supereffective|p2a: Anubis\n|-supereffective|p2b: Tourmaline\n|-enditem|p2a: Anubis|Focus Sash\n|-damage|p2a: Anubis|1\/100\n|-damage|p2b: Tourmaline|0 fnt\n|faint|p2b: Tourmaline\n|\n|-weather|RainDance|[upkeep]\n|-sideend|p2: gonegeb|move: Tailwind\n|upkeep\n|\n|t:|1699388903\n|switch|p2b: Pryna|Arcanine, F, shiny|100\/100\n|switch|p1a: Quaquaval|Quaquaval, F|100\/100\n|-ability|p2b: Pryna|Intimidate|boost\n|-unboost|p1a: Quaquaval|atk|1\n|-unboost|p1b: Baxcalibur|atk|1\n|turn|9\n|\n|t:|1699388923\n|switch|p1b: Slowbro|Slowbro-Galar, M|100\/100\n|switch|p2b: Umbra|Umbreon, M, shiny|100\/100\n|move|p2a: Anubis|Drain Punch|p1a: Quaquaval\n|-damage|p1a: Quaquaval|0 fnt\n|-heal|p2a: Anubis|56\/100|[from] drain|[of] p1a: Quaquaval\n|faint|p1a: Quaquaval\n|\n|-weather|RainDance|[upkeep]\n|-end|p2a: Anubis|Encore\n|upkeep\n|\n|t:|1699388936\n|switch|p1a: Baxcalibur|Baxcalibur, F, tera:Fairy|100\/100\n|turn|10\n|\n|t:|1699388957\n|move|p2a: Anubis|Protect|p2a: Anubis\n|-singleturn|p2a: Anubis|Protect\n|move|p1a: Baxcalibur|Earthquake|p2b: Umbra|[spread] p1b,p2b\n|-activate|p2a: Anubis|move: Protect\n|-supereffective|p1b: Slowbro\n|-damage|p1b: Slowbro|47\/100\n|-damage|p2b: Umbra|80\/100\n|move|p2b: Umbra|Yawn|p1b: Slowbro\n|-start|p1b: Slowbro|move: Yawn|[of] p2b: Umbra\n|move|p1b: Slowbro|Nasty Plot|p1b: Slowbro\n|-boost|p1b: Slowbro|spa|2\n|\n|-weather|RainDance|[upkeep]\n|-heal|p2b: Umbra|86\/100|[from] item: Leftovers\n|upkeep\n|turn|11\n|-activate|p1b: Slowbro|item: Quick Claw\n|\n|t:|1699388980\n|move|p2a: Anubis|Extreme Speed|p1a: Baxcalibur\n|-damage|p1a: Baxcalibur|17\/100\n|move|p1b: Slowbro|Shell Side Arm|p2b: Umbra|[anim] Shell Side Arm Special\n|-damage|p2b: Umbra|36\/100\n|-hint|Special Shell Side Arm\n|move|p1a: Baxcalibur|Icicle Spear|p2a: Anubis\n|-resisted|p2a: Anubis\n|-damage|p2a: Anubis|45\/100\n|-resisted|p2a: Anubis\n|-crit|p2a: Anubis\n|-damage|p2a: Anubis|24\/100\n|-resisted|p2a: Anubis\n|-damage|p2a: Anubis|12\/100\n|-resisted|p2a: Anubis\n|-damage|p2a: Anubis|0 fnt\n|faint|p2a: Anubis\n|-hitcount|p2: Anubis|4\n|move|p2b: Umbra|Yawn|p1a: Baxcalibur\n|-start|p1a: Baxcalibur|move: Yawn|[of] p2b: Umbra\n|\n|-weather|RainDance|[upkeep]\n|-heal|p2b: Umbra|42\/100|[from] item: Leftovers\n|-end|p1b: Slowbro|move: Yawn|[silent]\n|-status|p1b: Slowbro|slp\n|upkeep\n|\n|t:|1699388995\n|switch|p2a: Obsidian|Ceruledge, M, shiny|100\/100\n|turn|12\n|\n|t:|1699389013\n|move|p2a: Obsidian|Shadow Sneak|p1a: Baxcalibur\n|-damage|p1a: Baxcalibur|0 fnt\n|faint|p1a: Baxcalibur\n|move|p2b: Umbra|Foul Play|p1b: Slowbro\n|-supereffective|p1b: Slowbro\n|-damage|p1b: Slowbro|0 fnt\n|faint|p1b: Slowbro\n|\n|win|gonegeb\n|l|\u2606MattCol\n","uploadtime":1699389023,"views":9,"p1id":"mattcol","p2id":"gonegeb","formatid":"gen9doublesou","rating":0,"private":0,"password":""}