{"id":"gen9doublesou-1989828260","p1":"renjiuk","p2":"frostysamuri","format":"[Gen 9] Doubles OU","log":"|j|\u2606renjiuk\n|j|\u2606frostysamuri\n|t:|1699899138\n|gametype|doubles\n|player|p1|renjiuk|266|1000\n|player|p2|frostysamuri|266|1113\n|teamsize|p1|6\n|teamsize|p2|6\n|gen|9\n|tier|[Gen 9] Doubles OU\n|rated|\n|rule|Species Clause: Limit one of each Pok\u00e9mon\n|rule|OHKO Clause: OHKO moves are banned\n|rule|Evasion Moves Clause: Evasion moves are banned\n|rule|Gravity Sleep Clause: The combination of sleep-inducing moves with imperfect accuracy and Gravity or Gigantamax Orbeetle are banned\n|rule|Endless Battle Clause: Forcing endless battles is banned\n|rule|HP Percentage Mod: HP is shown in percentages\n|clearpoke\n|poke|p1|Gliscor, M|\n|poke|p1|Iron Moth|\n|poke|p1|Bellibolt, F|\n|poke|p1|Ludicolo, F|\n|poke|p1|Tinkaton, F|\n|poke|p1|Slowking, F|\n|poke|p2|Ursaluna, F|\n|poke|p2|Zapdos|\n|poke|p2|Ninetales-Alola, F|\n|poke|p2|Lucario, F|\n|poke|p2|Ogerpon-Hearthflame, F|\n|poke|p2|Toxapex, M|\n|teampreview\n|\n|t:|1699899148\n|start\n|switch|p1a: Gliscor|Gliscor, M, shiny|100\/100\n|switch|p1b: Iron Moth|Iron Moth, shiny|100\/100\n|switch|p2a: Ninetales|Ninetales-Alola, F|100\/100\n|switch|p2b: Lucario|Lucario, F|100\/100\n|-weather|Snow|[from] ability: Snow Warning|[of] p2a: Ninetales\n|-enditem|p1b: Iron Moth|Booster Energy\n|-activate|p1b: Iron Moth|ability: Quark Drive|[fromitem]\n|-start|p1b: Iron Moth|quarkdrivespa\n|turn|1\n|\n|t:|1699899166\n|-terastallize|p2a: Ninetales|Water\n|move|p2a: Ninetales|Blizzard|p1a: Gliscor|[spread] p1a,p1b\n|-supereffective|p1a: Gliscor\n|-resisted|p1b: Iron Moth\n|-damage|p1a: Gliscor|0 fnt\n|-damage|p1b: Iron Moth|84\/100\n|faint|p1a: Gliscor\n|move|p1b: Iron Moth|Sludge Wave|p2b: Lucario|[spread] p2a\n|-immune|p2b: Lucario\n|-damage|p2a: Ninetales|41\/100\n|-enditem|p2a: Ninetales|Sitrus Berry|[eat]\n|-heal|p2a: Ninetales|65\/100|[from] item: Sitrus Berry\n|move|p2b: Lucario|Stone Edge|p1b: Iron Moth\n|-supereffective|p1b: Iron Moth\n|-crit|p1b: Iron Moth\n|-damage|p1b: Iron Moth|0 fnt\n|faint|p1b: Iron Moth\n|-end|p1b: Iron Moth|Quark Drive|[silent]\n|\n|-weather|Snow|[upkeep]\n|upkeep\n|\n|t:|1699899182\n|switch|p1b: Ludicolo|Ludicolo, F, shiny|100\/100\n|switch|p1a: Bellibolt|Bellibolt, F, shiny|100\/100\n|turn|2\n|\n|t:|1699899204\n|switch|p2a: Ursaluna|Ursaluna, F|100\/100\n|move|p2b: Lucario|Close Combat|p1a: Bellibolt\n|-damage|p1a: Bellibolt|54\/100\n|-unboost|p2b: Lucario|def|1\n|-unboost|p2b: Lucario|spd|1\n|-start|p1a: Bellibolt|Charge|Close Combat|[from] ability: Electromorphosis\n|move|p1b: Ludicolo|Rain Dance|p1b: Ludicolo\n|-weather|RainDance\n|move|p1a: Bellibolt|Thunder|p2a: Ursaluna\n|-immune|p2a: Ursaluna\n|-end|p1a: Bellibolt|Charge|[silent]\n|\n|-weather|RainDance|[upkeep]\n|-status|p2a: Ursaluna|brn|[from] item: Flame Orb\n|upkeep\n|turn|3\n|\n|t:|1699899226\n|move|p1b: Ludicolo|Hydro Pump|p2a: Ursaluna\n|-supereffective|p2a: Ursaluna\n|-damage|p2a: Ursaluna|1\/100 brn\n|move|p2b: Lucario|Stone Edge|p1a: Bellibolt|[miss]\n|-miss|p2b: Lucario|p1a: Bellibolt\n|move|p1a: Bellibolt|Thunder|p2b: Lucario\n|-damage|p2b: Lucario|2\/100\n|move|p2a: Ursaluna|Facade|p1b: Ludicolo\n|-damage|p1b: Ludicolo|0 fnt\n|faint|p1b: Ludicolo\n|\n|-weather|RainDance|[upkeep]\n|-damage|p2a: Ursaluna|0 fnt|[from] brn\n|faint|p2a: Ursaluna\n|upkeep\n|\n|t:|1699899240\n|switch|p1b: Tinkaton|Tinkaton, F, shiny|100\/100\n|switch|p2a: Ninetales|Ninetales-Alola, F, tera:Water|65\/100\n|-weather|Snow|[from] ability: Snow Warning|[of] p2a: Ninetales\n|turn|4\n|\n|t:|1699899263\n|move|p2a: Ninetales|Blizzard|p1b: Tinkaton|[spread] p1a,p1b\n|-resisted|p1b: Tinkaton\n|-damage|p1a: Bellibolt|26\/100\n|-damage|p1b: Tinkaton|89\/100\n|-start|p1a: Bellibolt|Charge|Blizzard|[from] ability: Electromorphosis\n|move|p2b: Lucario|Stone Edge|p1a: Bellibolt\n|-damage|p1a: Bellibolt|0 fnt\n|faint|p1a: Bellibolt\n|move|p1b: Tinkaton|Play Rough|p2b: Lucario\n|-damage|p2b: Lucario|0 fnt\n|faint|p2b: Lucario\n|\n|-weather|Snow|[upkeep]\n|-heal|p1b: Tinkaton|95\/100|[from] item: Leftovers\n|upkeep\n|\n|t:|1699899277\n|switch|p2b: Ogerpon|Ogerpon-Hearthflame, F|100\/100\n|switch|p1a: Slowking|Slowking, F, shiny|100\/100\n|-ability|p2b: Ogerpon|Mold Breaker\n|turn|5\n|\n|t:|1699899290\n|move|p2b: Ogerpon|Ivy Cudgel|p1b: Tinkaton\n|-supereffective|p1b: Tinkaton\n|-damage|p1b: Tinkaton|0 fnt\n|faint|p1b: Tinkaton\n|move|p2a: Ninetales|Aurora Veil|p2a: Ninetales\n|-sidestart|p2: frostysamuri|move: Aurora Veil\n|move|p1a: Slowking|Hydro Pump|p2b: Ogerpon|[miss]\n|-miss|p1a: Slowking|p2b: Ogerpon\n|\n|-weather|Snow|[upkeep]\n|upkeep\n|turn|6\n|\n|t:|1699899301\n|move|p2b: Ogerpon|Wood Hammer|p1a: Slowking\n|-supereffective|p1a: Slowking\n|-damage|p1a: Slowking|5\/100\n|-damage|p2b: Ogerpon|60\/100|[from] Recoil\n|move|p2a: Ninetales|Draining Kiss|p1a: Slowking\n|-damage|p1a: Slowking|0 fnt\n|-heal|p2a: Ninetales|70\/100|[from] drain|[of] p1a: Slowking\n|faint|p1a: Slowking\n|\n|win|frostysamuri\n|raw|renjiuk's rating: 1000 &rarr; <strong>1000<\/strong><br \/>(+0 for losing)\n|raw|frostysamuri's rating: 1113 &rarr; <strong>1130<\/strong><br \/>(+17 for winning)\n","uploadtime":1699899314,"views":5,"p1id":"renjiuk","p2id":"frostysamuri","formatid":"gen9doublesou","rating":1000,"private":0,"password":""}