{"id":"gen9doublesou-1969552432","p1":"Rawbear88","p2":"Daskhiel02","format":"[Gen 9] Doubles OU","log":"|j|\u2606Rawbear88\n|j|\u2606Daskhiel02\n|t:|1697546421\n|gametype|doubles\n|player|p1|Rawbear88|elesa|1300\n|player|p2|Daskhiel02|102|1424\n|teamsize|p1|6\n|teamsize|p2|6\n|gen|9\n|tier|[Gen 9] Doubles OU\n|rated|\n|rule|Species Clause: Limit one of each Pok\u00e9mon\n|rule|OHKO Clause: OHKO moves are banned\n|rule|Evasion Moves Clause: Evasion moves are banned\n|rule|Gravity Sleep Clause: The combination of sleep-inducing moves with imperfect accuracy and Gravity or Gigantamax Orbeetle are banned\n|rule|Endless Battle Clause: Forcing endless battles is banned\n|rule|HP Percentage Mod: HP is shown in percentages\n|clearpoke\n|poke|p1|Dudunsparce-*, M|\n|poke|p1|Jolteon, M|\n|poke|p1|Gardevoir, M|\n|poke|p1|Ceruledge, F|\n|poke|p1|Flamigo, M|\n|poke|p1|Scizor, F|\n|poke|p2|Lycanroc-Midnight, F|\n|poke|p2|Indeedee-F, F|\n|poke|p2|Ribombee, F|\n|poke|p2|Sinistcha|\n|poke|p2|Kommo-o, M|\n|poke|p2|Tauros-Paldea-Aqua, M|\n|teampreview\n|inactive|Battle timer is ON: inactive players will automatically lose when time's up. (requested by Rawbear88)\n|\n|t:|1697546435\n|start\n|switch|p1a: Ceruledge|Ceruledge, F|100\/100\n|switch|p1b: Gardevoir|Gardevoir, M|100\/100\n|switch|p2a: Ribombee|Ribombee, F|100\/100\n|switch|p2b: Tauros|Tauros-Paldea-Aqua, M|100\/100\n|-ability|p2b: Tauros|Intimidate|boost\n|-unboost|p1a: Ceruledge|atk|1\n|-unboost|p1b: Gardevoir|atk|1\n|turn|1\n|\n|t:|1697546455\n|switch|p1a: Scizor|Scizor, F|100\/100\n|move|p2a: Ribombee|Sticky Web|p1b: Gardevoir\n|-sidestart|p1: Rawbear88|move: Sticky Web\n|move|p2b: Tauros|Raging Bull|p1a: Scizor\n|-damage|p1a: Scizor|41\/100\n|-damage|p2b: Tauros|91\/100|[from] item: Life Orb\n|move|p1b: Gardevoir|Moonblast|p2b: Tauros\n|-supereffective|p2b: Tauros\n|-damage|p2b: Tauros|0 fnt\n|faint|p2b: Tauros\n|\n|upkeep\n|\n|t:|1697546470\n|switch|p2b: Lycanroc|Lycanroc-Midnight, F|100\/100\n|turn|2\n|\n|t:|1697546479\n|switch|p2a: Indeedee|Indeedee-F, F|100\/100\n|-fieldstart|move: Psychic Terrain|[from] ability: Psychic Surge|[of] p2a: Indeedee\n|move|p1a: Scizor|Bullet Punch|p2a: Indeedee\n|-activate|p2a: Indeedee|move: Psychic Terrain\n|move|p2b: Lycanroc|Rock Slide|p1b: Gardevoir|[spread] p1a,p1b\n|-crit|p1b: Gardevoir\n|-damage|p1a: Scizor|1\/100\n|-damage|p1b: Gardevoir|46\/100\n|move|p1b: Gardevoir|Aura Sphere|p2b: Lycanroc\n|-supereffective|p2b: Lycanroc\n|-damage|p2b: Lycanroc|45\/100\n|\n|upkeep\n|turn|3\n|\n|t:|1697546500\n|switch|p2a: Sinistcha|Sinistcha|100\/100\n|-heal|p2b: Lycanroc|70\/100|[from] ability: Hospitality|[of] p2a: Sinistcha\n|move|p2b: Lycanroc|Rock Slide|p1b: Gardevoir|[spread] p1a,p1b\n|-damage|p1a: Scizor|0 fnt\n|-damage|p1b: Gardevoir|10\/100\n|faint|p1a: Scizor\n|move|p1b: Gardevoir|Psyshock|p2b: Lycanroc\n|-damage|p2b: Lycanroc|11\/100\n|\n|upkeep\n|\n|t:|1697546514\n|switch|p1a: Dudunsparce|Dudunsparce, M|100\/100\n|-activate|p1a: Dudunsparce|move: Sticky Web\n|-unboost|p1a: Dudunsparce|spe|1\n|turn|4\n|\n|t:|1697546543\n|switch|p2a: Kommo-o|Kommo-o, M|100\/100\n|-terastallize|p1a: Dudunsparce|Psychic\n|move|p1b: Gardevoir|Shadow Sneak|p1a: Dudunsparce\n|-supereffective|p1a: Dudunsparce\n|-damage|p1a: Dudunsparce|92\/100\n|-ability|p1a: Dudunsparce|Rattled|boost\n|-boost|p1a: Dudunsparce|spe|1\n|-enditem|p1a: Dudunsparce|Weakness Policy\n|-boost|p1a: Dudunsparce|atk|2|[from] item: Weakness Policy\n|-boost|p1a: Dudunsparce|spa|2|[from] item: Weakness Policy\n|move|p2b: Lycanroc|Rock Slide|p1b: Gardevoir|[spread] p1a,p1b\n|-damage|p1a: Dudunsparce|52\/100\n|-damage|p1b: Gardevoir|0 fnt\n|faint|p1b: Gardevoir\n|move|p1a: Dudunsparce|Stored Power|p2a: Kommo-o\n|-supereffective|p2a: Kommo-o\n|-damage|p2a: Kommo-o|0 fnt\n|faint|p2a: Kommo-o\n|\n|upkeep\n|\n|t:|1697546567\n|switch|p2a: Sinistcha|Sinistcha|100\/100\n|switch|p1b: Flamigo|Flamigo, M|100\/100\n|-copyboost|p1b: Flamigo|p1a: Dudunsparce|[from] ability: Costar\n|-heal|p2b: Lycanroc|36\/100|[from] ability: Hospitality|[of] p2a: Sinistcha\n|turn|5\n|\n|t:|1697546579\n|move|p1b: Flamigo|Wide Guard|p1b: Flamigo\n|-singleturn|p1b: Flamigo|Wide Guard\n|move|p2b: Lycanroc|Rock Slide|p1b: Flamigo|[spread] \n|-activate|p1a: Dudunsparce|move: Wide Guard\n|-activate|p1b: Flamigo|move: Wide Guard\n|move|p1a: Dudunsparce|Stored Power|p2a: Sinistcha\n|-damage|p2a: Sinistcha|18\/100\n|move|p2a: Sinistcha|Foul Play|p1a: Dudunsparce\n|-supereffective|p1a: Dudunsparce\n|-damage|p1a: Dudunsparce|0 fnt\n|faint|p1a: Dudunsparce\n|\n|upkeep\n|\n|t:|1697546596\n|switch|p1a: Jolteon|Jolteon, M|100\/100\n|-activate|p1a: Jolteon|move: Sticky Web\n|-unboost|p1a: Jolteon|spe|1\n|turn|6\n|\n|t:|1697546613\n|switch|p2b: Indeedee|Indeedee-F, F|100\/100\n|move|p1a: Jolteon|Volt Switch|p2b: Indeedee\n|-damage|p2b: Indeedee|72\/100\n|\n|t:|1697546621\n|switch|p1a: Ceruledge|Ceruledge, F|100\/100|[from] Volt Switch\n|-activate|p1a: Ceruledge|move: Sticky Web\n|-unboost|p1a: Ceruledge|spe|1\n|move|p1b: Flamigo|Brave Bird|p2a: Sinistcha\n|-supereffective|p2a: Sinistcha\n|-damage|p2a: Sinistcha|0 fnt\n|faint|p2a: Sinistcha\n|-damage|p1b: Flamigo|94\/100|[from] Recoil\n|\n|-fieldend|move: Psychic Terrain\n|upkeep\n|\n|t:|1697546635\n|switch|p2a: Ribombee|Ribombee, F|100\/100\n|turn|7\n|\n|t:|1697546645\n|switch|p2b: Lycanroc|Lycanroc-Midnight, F|36\/100\n|-terastallize|p2a: Ribombee|Fairy\n|move|p2a: Ribombee|Dazzling Gleam|p1a: Ceruledge|[spread] p1a,p1b\n|-resisted|p1a: Ceruledge\n|-supereffective|p1b: Flamigo\n|-damage|p1a: Ceruledge|80\/100\n|-damage|p1b: Flamigo|22\/100\n|move|p1b: Flamigo|Brave Bird|p2b: Lycanroc\n|-resisted|p2b: Lycanroc\n|-damage|p2b: Lycanroc|0 fnt\n|faint|p2b: Lycanroc\n|-damage|p1b: Flamigo|10\/100|[from] Recoil\n|move|p1a: Ceruledge|Bitter Blade|p2a: Ribombee\n|-damage|p2a: Ribombee|17\/100\n|-heal|p1a: Ceruledge|100\/100|[from] drain|[of] p2a: Ribombee\n|\n|upkeep\n|\n|t:|1697546659\n|switch|p2b: Indeedee|Indeedee-F, F|72\/100\n|-fieldstart|move: Psychic Terrain|[from] ability: Psychic Surge|[of] p2b: Indeedee\n|turn|8\n|\n|t:|1697546669\n|move|p1b: Flamigo|Wide Guard|p1b: Flamigo\n|-singleturn|p1b: Flamigo|Wide Guard\n|move|p2a: Ribombee|Dazzling Gleam|p1a: Ceruledge|[spread] \n|-activate|p1a: Ceruledge|move: Wide Guard\n|-activate|p1b: Flamigo|move: Wide Guard\n|move|p2b: Indeedee|Psychic|p1a: Ceruledge\n|-damage|p1a: Ceruledge|51\/100\n|move|p1a: Ceruledge|Bitter Blade|p2b: Indeedee\n|-damage|p2b: Indeedee|29\/100\n|-heal|p1a: Ceruledge|77\/100|[from] drain|[of] p2b: Indeedee\n|-enditem|p2b: Indeedee|Sitrus Berry|[eat]\n|-heal|p2b: Indeedee|54\/100|[from] item: Sitrus Berry\n|\n|upkeep\n|turn|9\n|\n|t:|1697546689\n|move|p2a: Ribombee|Bug Buzz|p1b: Flamigo\n|-resisted|p1b: Flamigo\n|-damage|p1b: Flamigo|0 fnt\n|faint|p1b: Flamigo\n|move|p2b: Indeedee|Psychic|p1a: Ceruledge\n|-damage|p1a: Ceruledge|34\/100\n|move|p1a: Ceruledge|Bitter Blade|p2b: Indeedee\n|-damage|p2b: Indeedee|9\/100\n|-heal|p1a: Ceruledge|60\/100|[from] drain|[of] p2b: Indeedee\n|\n|upkeep\n|\n|t:|1697546701\n|switch|p1b: Jolteon|Jolteon, M|100\/100\n|-activate|p1b: Jolteon|move: Sticky Web\n|-unboost|p1b: Jolteon|spe|1\n|turn|10\n|\n|t:|1697546712\n|move|p2a: Ribombee|Dazzling Gleam|p1b: Jolteon|[spread] p1a,p1b\n|-resisted|p1a: Ceruledge\n|-damage|p1a: Ceruledge|39\/100\n|-damage|p1b: Jolteon|56\/100\n|move|p1b: Jolteon|Hyper Voice|p2b: Indeedee|[spread] p2a,p2b\n|-damage|p2a: Ribombee|0 fnt\n|-damage|p2b: Indeedee|0 fnt\n|faint|p2a: Ribombee\n|faint|p2b: Indeedee\n|\n|win|Rawbear88\n|raw|Rawbear88's rating: 1300 &rarr; <strong>1334<\/strong><br \/>(+34 for winning)\n|raw|Daskhiel02's rating: 1424 &rarr; <strong>1397<\/strong><br \/>(-27 for losing)\n|c|\u2606Daskhiel02|gg!\n|c|\u2606Rawbear88|GG\n|c|\u2606Daskhiel02|Cool strategy with rattled\n|c|\u2606Rawbear88|Thanks\n|c|\u2606Rawbear88|I copied it from Weedle\n|l|\u2606Rawbear88\n|c|\u2606Daskhiel02|I was cool xD\n","uploadtime":1697546767,"views":23,"p1id":"rawbear88","p2id":"daskhiel02","formatid":"gen9doublesou","rating":1334,"private":0,"password":""}