{"id":"gen9doublesou-1999330595","p1":"Shurie","p2":"bananaszn","format":"[Gen 9] Doubles OU","log":"|j|\u2606Shurie\n|j|\u2606bananaszn\n|t:|1701061433\n|gametype|doubles\n|player|p1|Shurie|2|1544\n|player|p2|bananaszn|teamrocket|1449\n|teamsize|p1|6\n|teamsize|p2|6\n|gen|9\n|tier|[Gen 9] Doubles OU\n|rated|\n|rule|Species Clause: Limit one of each Pok\u00e9mon\n|rule|OHKO Clause: OHKO moves are banned\n|rule|Evasion Moves Clause: Evasion moves are banned\n|rule|Gravity Sleep Clause: The combination of sleep-inducing moves with imperfect accuracy and Gravity or Gigantamax Orbeetle are banned\n|rule|Endless Battle Clause: Forcing endless battles is banned\n|rule|HP Percentage Mod: HP is shown in percentages\n|clearpoke\n|poke|p1|Chien-Pao|\n|poke|p1|Iron Hands|\n|poke|p1|Tornadus, M|\n|poke|p1|Gholdengo|\n|poke|p1|Amoonguss, F|\n|poke|p1|Flutter Mane|\n|poke|p2|Scizor, F|\n|poke|p2|Tornadus, M|\n|poke|p2|Chien-Pao|\n|poke|p2|Iron Hands|\n|poke|p2|Volcanion|\n|poke|p2|Great Tusk|\n|teampreview\n|inactive|Battle timer is ON: inactive players will automatically lose when time's up. (requested by Shurie)\n|inactive|bananaszn has 120 seconds left.\n|inactive|bananaszn has 90 seconds left.\n|\n|t:|1701061506\n|start\n|switch|p1a: Gholdengo|Gholdengo|100\/100\n|switch|p1b: Tornadus|Tornadus, M|100\/100\n|switch|p2a: Iggy Azalea|Chien-Pao|100\/100\n|switch|p2b: YN Jay|Tornadus, M|100\/100\n|-ability|p2a: Iggy Azalea|Sword of Ruin\n|turn|1\n|inactive|bananaszn has 120 seconds left.\n|\n|t:|1701061543\n|switch|p2a: Volcanion|Volcanion|100\/100\n|-terastallize|p1a: Gholdengo|Steel\n|move|p2b: YN Jay|Tailwind|p2b: YN Jay\n|-sidestart|p2: bananaszn|move: Tailwind\n|move|p1b: Tornadus|Icy Wind|p2a: Volcanion|[spread] p2a\n|-miss|p1b: Tornadus|p2b: YN Jay\n|-resisted|p2a: Volcanion\n|-damage|p2a: Volcanion|97\/100\n|-unboost|p2a: Volcanion|spe|1\n|move|p1a: Gholdengo|Make It Rain|p2b: YN Jay|[spread] p2a,p2b\n|-resisted|p2a: Volcanion\n|-damage|p2a: Volcanion|75\/100\n|-enditem|p2b: YN Jay|Focus Sash\n|-damage|p2b: YN Jay|1\/100\n|-unboost|p1a: Gholdengo|spa|1\n|-damage|p1a: Gholdengo|91\/100|[from] item: Life Orb\n|\n|-heal|p2a: Volcanion|81\/100|[from] item: Leftovers\n|upkeep\n|turn|2\n|c|\u2606Shurie|of course\n|c|\u2606Shurie|miss the one guy I need to hit\n|inactive|bananaszn has 120 seconds left.\n|c|\u2606bananaszn|average pokemon battle\n|\n|t:|1701061579\n|move|p1b: Tornadus|Tailwind|p1b: Tornadus\n|-sidestart|p1: Shurie|move: Tailwind\n|move|p2b: YN Jay|Bleakwind Storm|p1a: Gholdengo|[spread] p1a,p1b\n|-resisted|p1a: Gholdengo\n|-damage|p1a: Gholdengo|70\/100\n|-damage|p1b: Tornadus|51\/100\n|move|p1a: Gholdengo|Thunderbolt|p2a: Volcanion\n|-supereffective|p2a: Volcanion\n|-damage|p2a: Volcanion|22\/100\n|-damage|p1a: Gholdengo|60\/100|[from] item: Life Orb\n|move|p2a: Volcanion|Heat Wave|p1a: Gholdengo|[spread] \n|-miss|p2a: Volcanion|p1a: Gholdengo\n|-miss|p2a: Volcanion|p1b: Tornadus\n|\n|-heal|p2a: Volcanion|28\/100|[from] item: Leftovers\n|upkeep\n|turn|3\n|inactive|bananaszn has 120 seconds left.\n|c|\u2606Shurie|LOL\n|c|\u2606bananaszn|woah\n|c|\u2606Shurie|thats fucke\n|c|\u2606bananaszn|very\n|\n|t:|1701061605\n|move|p2a: Volcanion|Protect|p2a: Volcanion\n|-singleturn|p2a: Volcanion|Protect\n|move|p1b: Tornadus|Icy Wind|p2b: YN Jay|[spread] p2b\n|-activate|p2a: Volcanion|move: Protect\n|-supereffective|p2b: YN Jay\n|-damage|p2b: YN Jay|0 fnt\n|faint|p2b: YN Jay\n|move|p1a: Gholdengo|Thunderbolt|p2a: Volcanion\n|-activate|p2a: Volcanion|move: Protect\n|\n|-heal|p2a: Volcanion|34\/100|[from] item: Leftovers\n|upkeep\n|\n|t:|1701061617\n|switch|p2b: Kawhi Leonard|Scizor, F|100\/100\n|turn|4\n|inactive|bananaszn has 120 seconds left.\n|\n|t:|1701061629\n|switch|p1b: Amoonguss|Amoonguss, F|100\/100\n|switch|p2a: Great Tusk|Great Tusk|100\/100\n|move|p2b: Kawhi Leonard|Bullet Punch|p1b: Amoonguss\n|-damage|p1b: Amoonguss|55\/100\n|move|p1a: Gholdengo|Thunderbolt|p2a: Great Tusk\n|-immune|p2a: Great Tusk\n|\n|-sideend|p2: bananaszn|move: Tailwind\n|upkeep\n|turn|5\n|inactive|bananaszn has 120 seconds left.\n|\n|t:|1701061651\n|switch|p1a: Tornadus|Tornadus, M|51\/100\n|move|p2b: Kawhi Leonard|Bullet Punch|p1b: Amoonguss\n|-damage|p1b: Amoonguss|16\/100\n|-enditem|p1b: Amoonguss|Sitrus Berry|[eat]\n|-heal|p1b: Amoonguss|41\/100|[from] item: Sitrus Berry\n|move|p2a: Great Tusk|Rapid Spin|p1b: Amoonguss\n|-damage|p1b: Amoonguss|27\/100\n|-boost|p2a: Great Tusk|spe|1\n|move|p1b: Amoonguss|Spore|p2b: Kawhi Leonard\n|-status|p2b: Kawhi Leonard|slp|[from] move: Spore\n|\n|-sideend|p1: Shurie|move: Tailwind\n|upkeep\n|turn|6\n|\n|t:|1701061674\n|move|p1a: Tornadus|Tailwind|p1a: Tornadus\n|-sidestart|p1: Shurie|move: Tailwind\n|cant|p2b: Kawhi Leonard|slp\n|move|p2a: Great Tusk|Ice Spinner|p1a: Tornadus\n|-supereffective|p1a: Tornadus\n|-damage|p1a: Tornadus|0 fnt\n|faint|p1a: Tornadus\n|move|p1b: Amoonguss|Pollen Puff|p1: Tornadus|[notarget]\n|-fail|p1b: Amoonguss\n|\n|upkeep\n|inactive|Shurie has 120 seconds left.\n|\n|t:|1701061694\n|switch|p1a: Chien-Pao|Chien-Pao|100\/100\n|-ability|p1a: Chien-Pao|Sword of Ruin\n|turn|7\n|\n|t:|1701061703\n|-end|p2a: Great Tusk|Protosynthesis|[silent]\n|switch|p2a: Volcanion|Volcanion|34\/100\n|switch|p1b: Iron Hands|Iron Hands|100\/100\n|cant|p2b: Kawhi Leonard|slp\n|move|p1a: Chien-Pao|Ice Spinner|p2a: Volcanion\n|-resisted|p2a: Volcanion\n|-crit|p2a: Volcanion\n|-damage|p2a: Volcanion|17\/100\n|\n|-heal|p2a: Volcanion|23\/100|[from] item: Leftovers\n|upkeep\n|turn|8\n|\n|t:|1701061725\n|move|p2a: Volcanion|Protect|p2a: Volcanion\n|-singleturn|p2a: Volcanion|Protect\n|move|p1b: Iron Hands|Fake Out|p2a: Volcanion\n|-activate|p2a: Volcanion|move: Protect\n|-curestatus|p2b: Kawhi Leonard|slp|[msg]\n|move|p2b: Kawhi Leonard|Bullet Punch|p1a: Chien-Pao\n|-supereffective|p1a: Chien-Pao\n|-enditem|p1a: Chien-Pao|Focus Sash\n|-damage|p1a: Chien-Pao|1\/100\n|move|p1a: Chien-Pao|Sacred Sword|p2b: Kawhi Leonard\n|-crit|p2b: Kawhi Leonard\n|-damage|p2b: Kawhi Leonard|42\/100\n|\n|-heal|p2a: Volcanion|29\/100|[from] item: Leftovers\n|upkeep\n|turn|9\n|c|\u2606bananaszn|sash double crit is wicked\n|\n|t:|1701061748\n|switch|p2a: Great Tusk|Great Tusk|100\/100\n|move|p1a: Chien-Pao|Sucker Punch|p2b: Kawhi Leonard\n|-damage|p2b: Kawhi Leonard|0 fnt\n|faint|p2b: Kawhi Leonard\n|move|p1b: Iron Hands|Wild Charge|p2a: Great Tusk\n|-immune|p2a: Great Tusk\n|\n|-sideend|p1: Shurie|move: Tailwind\n|upkeep\n|c|\u2606Shurie|fr\n|\n|t:|1701061760\n|switch|p2b: Druski|Iron Hands|100\/100\n|turn|10\n|\n|t:|1701061779\n|-terastallize|p2a: Great Tusk|Ground\n|move|p1a: Chien-Pao|Protect|p1a: Chien-Pao\n|-singleturn|p1a: Chien-Pao|Protect\n|move|p2a: Great Tusk|Headlong Rush|p1b: Iron Hands\n|-supereffective|p1b: Iron Hands\n|-damage|p1b: Iron Hands|0 fnt\n|-unboost|p2a: Great Tusk|def|1\n|-unboost|p2a: Great Tusk|spd|1\n|faint|p1b: Iron Hands\n|-end|p1b: Iron Hands|Quark Drive|[silent]\n|move|p2b: Druski|Wild Charge|p1a: Chien-Pao\n|-activate|p1a: Chien-Pao|move: Protect\n|\n|upkeep\n|c|\u2606Shurie|this whole games been wild\n|\n|t:|1701061797\n|switch|p1b: Amoonguss|Amoonguss, F|60\/100\n|turn|11\n|c|\u2606bananaszn|damn i expected a flut switch thats why i didnt fake\n|c|\u2606bananaszn|im a fraud\n|\n|t:|1701061811\n|-end|p2a: Great Tusk|Protosynthesis|[silent]\n|switch|p2a: Volcanion|Volcanion|29\/100\n|move|p1b: Amoonguss|Rage Powder|p1b: Amoonguss\n|-singleturn|p1b: Amoonguss|move: Rage Powder\n|move|p1a: Chien-Pao|Ice Spinner|p2a: Volcanion\n|-resisted|p2a: Volcanion\n|-damage|p2a: Volcanion|19\/100\n|move|p2b: Druski|Volt Switch|p1b: Amoonguss\n|-resisted|p1b: Amoonguss\n|-damage|p1b: Amoonguss|55\/100\n|\n|t:|1701061820\n|-end|p2b: Druski|Quark Drive|[silent]\n|switch|p2b: Great Tusk|Great Tusk, tera:Ground|100\/100|[from] Volt Switch\n|\n|-heal|p2a: Volcanion|25\/100|[from] item: Leftovers\n|upkeep\n|turn|12\n|\n|t:|1701061834\n|-end|p2b: Great Tusk|Protosynthesis|[silent]\n|switch|p2b: Druski|Iron Hands|100\/100\n|move|p1b: Amoonguss|Rage Powder|p1b: Amoonguss\n|-singleturn|p1b: Amoonguss|move: Rage Powder\n|move|p1a: Chien-Pao|Ice Spinner|p2b: Druski\n|-damage|p2b: Druski|65\/100\n|move|p2a: Volcanion|Heat Wave|p1b: Amoonguss|[spread] p1a,p1b\n|-supereffective|p1a: Chien-Pao\n|-supereffective|p1b: Amoonguss\n|-damage|p1a: Chien-Pao|0 fnt\n|-damage|p1b: Amoonguss|0 fnt\n|faint|p1a: Chien-Pao\n|faint|p1b: Amoonguss\n|\n|-heal|p2a: Volcanion|31\/100|[from] item: Leftovers\n|upkeep\n|c|\u2606Shurie|nice\n|c|\u2606Shurie|I was expecting protect\n|\n|t:|1701061846\n|switch|p1a: Gholdengo|Gholdengo, tera:Steel|60\/100\n|switch|p1b: Flutter Mane|Flutter Mane|100\/100\n|-enditem|p1b: Flutter Mane|Booster Energy\n|-activate|p1b: Flutter Mane|ability: Protosynthesis|[fromitem]\n|-start|p1b: Flutter Mane|protosynthesisspe\n|turn|13\n|c|\u2606bananaszn|knew you wanted the hands couldnt risk the free kos\n|inactive|Shurie has 120 seconds left.\n|\n|t:|1701061883\n|move|p2a: Volcanion|Protect|p2a: Volcanion\n|-singleturn|p2a: Volcanion|Protect\n|move|p1b: Flutter Mane|Shadow Ball|p2a: Volcanion\n|-activate|p2a: Volcanion|move: Protect\n|move|p1a: Gholdengo|Thunderbolt|p2a: Volcanion\n|-activate|p2a: Volcanion|move: Protect\n|move|p2b: Druski|Wild Charge|p1b: Flutter Mane\n|-damage|p1b: Flutter Mane|0 fnt\n|faint|p1b: Flutter Mane\n|-end|p1b: Flutter Mane|Protosynthesis|[silent]\n|-damage|p2b: Druski|51\/100|[from] Recoil\n|\n|-heal|p2a: Volcanion|37\/100|[from] item: Leftovers\n|upkeep\n|turn|14\n|c|\u2606Shurie|thats gg\n|c|\u2606Shurie|wp man\n|c|\u2606bananaszn|thanks try\n|\n|t:|1701061903\n|move|p1a: Gholdengo|Nasty Plot|p1a: Gholdengo\n|-boost|p1a: Gholdengo|spa|2\n|move|p2a: Volcanion|Heat Wave|p1a: Gholdengo\n|-supereffective|p1a: Gholdengo\n|-damage|p1a: Gholdengo|0 fnt\n|faint|p1a: Gholdengo\n|\n|win|bananaszn\n|raw|Shurie's rating: 1544 &rarr; <strong>1519<\/strong><br \/>(-25 for losing)\n|raw|bananaszn's rating: 1449 &rarr; <strong>1474<\/strong><br \/>(+25 for winning)\n|c|\u2606bananaszn|i meant i try\n|c|\u2606bananaszn|im stupid\n","uploadtime":1701061916,"views":13,"p1id":"shurie","p2id":"bananaszn","formatid":"gen9doublesou","rating":1474,"private":0,"password":""}