{"id":"gen9doublesou-1968323897","p1":"b-wordboy","p2":"FerssTheBoss","format":"[Gen 9] Doubles OU","log":"|html|<div class=\"broadcast-blue\"><strong>[Gen 9] Doubles OU is currently suspecting Basculegion & Flutter Mane! For information on how to participate check out the <a href=\"https:\/\/www.smogon.com\/forums\/threads\/np-sv-dou-stage-8-double-trouble.3729153\/\">suspect thread<\/a>.<\/strong><\/div>\n|j|\u2606b-wordboy\n|j|\u2606FerssTheBoss\n|t:|1697406159\n|gametype|doubles\n|player|p1|b-wordboy|cynthia|1279\n|player|p2|FerssTheBoss|volkner|1407\n|teamsize|p1|6\n|teamsize|p2|6\n|gen|9\n|tier|[Gen 9] Doubles OU\n|rated|\n|rule|Species Clause: Limit one of each Pok\u00e9mon\n|rule|OHKO Clause: OHKO moves are banned\n|rule|Evasion Moves Clause: Evasion moves are banned\n|rule|Gravity Sleep Clause: The combination of sleep-inducing moves with imperfect accuracy and Gravity or Gigantamax Orbeetle are banned\n|rule|Endless Battle Clause: Forcing endless battles is banned\n|rule|HP Percentage Mod: HP is shown in percentages\n|clearpoke\n|poke|p1|Tyranitar, F|\n|poke|p1|Azumarill, M|\n|poke|p1|Garchomp, M|\n|poke|p1|Qwilfish-Hisui, M|\n|poke|p1|Amoonguss, M|\n|poke|p1|Goodra-Hisui, F|\n|poke|p2|Indeedee, M|\n|poke|p2|Vaporeon, M|\n|poke|p2|Hoopa-Unbound|\n|poke|p2|Amoonguss, M|\n|poke|p2|Pawmot, M|\n|poke|p2|Ceruledge, M|\n|teampreview\n|inactive|Battle timer is ON: inactive players will automatically lose when time's up. (requested by FerssTheBoss)\n|\n|t:|1697406170\n|start\n|switch|p1a: T-Tar|Tyranitar, F|100\/100\n|switch|p1b: Feesh|Qwilfish-Hisui, M|100\/100\n|switch|p2a: Amoonguss|Amoonguss, M|100\/100\n|switch|p2b: Pawmot|Pawmot, M, shiny|100\/100\n|-ability|p1b: Feesh|Intimidate|boost\n|-unboost|p2a: Amoonguss|atk|1\n|-unboost|p2b: Pawmot|atk|1\n|-weather|Sandstorm|[from] ability: Sand Stream|[of] p1a: T-Tar\n|turn|1\n|\n|t:|1697406184\n|switch|p1a: Unoriginal joke|Amoonguss, M|100\/100\n|move|p2b: Pawmot|Fake Out|p1b: Feesh\n|-damage|p1b: Feesh|92\/100\n|cant|p1b: Feesh|flinch\n|move|p2a: Amoonguss|Spore|p1b: Feesh\n|-status|p1b: Feesh|slp|[from] move: Spore\n|\n|-weather|Sandstorm|[upkeep]\n|-damage|p2b: Pawmot|94\/100|[from] Sandstorm\n|-damage|p1b: Feesh|86\/100 slp|[from] Sandstorm\n|-damage|p1a: Unoriginal joke|94\/100|[from] Sandstorm\n|-damage|p2a: Amoonguss|94\/100|[from] Sandstorm\n|-heal|p1a: Unoriginal joke|100\/100|[from] item: Black Sludge\n|upkeep\n|turn|2\n|\n|t:|1697406202\n|move|p2b: Pawmot|Nuzzle|p1a: Unoriginal joke\n|-resisted|p1a: Unoriginal joke\n|-damage|p1a: Unoriginal joke|97\/100\n|-status|p1a: Unoriginal joke|par\n|cant|p1b: Feesh|slp\n|move|p2a: Amoonguss|Sludge Bomb|p1a: Unoriginal joke\n|-damage|p1a: Unoriginal joke|70\/100 par\n|move|p1a: Unoriginal joke|Spore|p2b: Pawmot\n|-status|p2b: Pawmot|slp|[from] move: Spore\n|\n|-weather|Sandstorm|[upkeep]\n|-damage|p2b: Pawmot|88\/100 slp|[from] Sandstorm\n|-damage|p1b: Feesh|81\/100 slp|[from] Sandstorm\n|-damage|p2a: Amoonguss|88\/100|[from] Sandstorm\n|-damage|p1a: Unoriginal joke|64\/100 par|[from] Sandstorm\n|-heal|p1a: Unoriginal joke|70\/100 par|[from] item: Black Sludge\n|upkeep\n|turn|3\n|\n|t:|1697406228\n|cant|p2b: Pawmot|slp\n|cant|p1b: Feesh|slp\n|move|p2a: Amoonguss|Sludge Bomb|p1a: Unoriginal joke\n|-damage|p1a: Unoriginal joke|42\/100 par\n|move|p1a: Unoriginal joke|Sludge Bomb|p2b: Pawmot\n|-damage|p2b: Pawmot|16\/100 slp\n|\n|-weather|Sandstorm|[upkeep]\n|-damage|p2b: Pawmot|10\/100 slp|[from] Sandstorm\n|-damage|p1b: Feesh|75\/100 slp|[from] Sandstorm\n|-damage|p2a: Amoonguss|82\/100|[from] Sandstorm\n|-damage|p1a: Unoriginal joke|36\/100 par|[from] Sandstorm\n|-heal|p1a: Unoriginal joke|42\/100 par|[from] item: Black Sludge\n|upkeep\n|turn|4\n|inactive|b-wordboy has 120 seconds left.\n|\n|t:|1697406259\n|switch|p1a: Gooey|Goodra-Hisui, F|100\/100\n|cant|p2b: Pawmot|slp\n|cant|p1b: Feesh|slp\n|move|p2a: Amoonguss|Pollen Puff|p2b: Pawmot\n|-heal|p2b: Pawmot|60\/100 slp\n|\n|-weather|Sandstorm|[upkeep]\n|-damage|p2b: Pawmot|54\/100 slp|[from] Sandstorm\n|-damage|p1b: Feesh|69\/100 slp|[from] Sandstorm\n|-damage|p2a: Amoonguss|76\/100|[from] Sandstorm\n|upkeep\n|turn|5\n|\n|t:|1697406274\n|cant|p2b: Pawmot|slp\n|-curestatus|p1b: Feesh|slp|[msg]\n|move|p1b: Feesh|Barb Barrage|p2a: Amoonguss\n|-damage|p2a: Amoonguss|54\/100\n|move|p1a: Gooey|Flash Cannon|p2a: Amoonguss\n|-damage|p2a: Amoonguss|21\/100\n|move|p2a: Amoonguss|Pollen Puff|p2b: Pawmot\n|-heal|p2b: Pawmot|100\/100 slp\n|\n|-weather|none\n|upkeep\n|turn|6\n|\n|t:|1697406295\n|switch|p2a: Ceruledge|Ceruledge, M|100\/100\n|-curestatus|p2b: Pawmot|slp|[msg]\n|move|p2b: Pawmot|Brick Break|p1a: Gooey\n|-supereffective|p1a: Gooey\n|-damage|p1a: Gooey|55\/100\n|move|p1b: Feesh|Barb Barrage|p2b: Pawmot\n|-damage|p2b: Pawmot|56\/100\n|-status|p2b: Pawmot|psn\n|move|p1a: Gooey|Flash Cannon|p2a: Ceruledge\n|-resisted|p2a: Ceruledge\n|-damage|p2a: Ceruledge|78\/100\n|\n|-damage|p2b: Pawmot|43\/100 psn|[from] psn\n|upkeep\n|turn|7\n|\n|t:|1697406323\n|switch|p1a: Little Man|Azumarill, M|100\/100\n|move|p2b: Pawmot|Brick Break|p1b: Feesh\n|-damage|p1b: Feesh|44\/100\n|move|p1b: Feesh|Crunch|p2a: Ceruledge\n|-supereffective|p2a: Ceruledge\n|-damage|p2a: Ceruledge|0 fnt\n|faint|p2a: Ceruledge\n|\n|-damage|p2b: Pawmot|31\/100 psn|[from] psn\n|upkeep\n|inactive|FerssTheBoss has 120 seconds left.\n|\n|t:|1697406344\n|switch|p2a: Hoopa|Hoopa-Unbound|100\/100\n|turn|8\n|\n|t:|1697406355\n|switch|p2a: Indeedee|Indeedee, M|100\/100\n|-fieldstart|move: Psychic Terrain|[from] ability: Psychic Surge|[of] p2a: Indeedee\n|move|p1a: Little Man|Protect|p1a: Little Man\n|-singleturn|p1a: Little Man|Protect\n|move|p2b: Pawmot|Nuzzle|p1b: Feesh\n|-crit|p1b: Feesh\n|-damage|p1b: Feesh|31\/100\n|-status|p1b: Feesh|par\n|move|p1b: Feesh|Crunch|p2a: Indeedee\n|-supereffective|p2a: Indeedee\n|-enditem|p2a: Indeedee|Focus Sash\n|-damage|p2a: Indeedee|1\/100\n|\n|-damage|p2b: Pawmot|18\/100 psn|[from] psn\n|upkeep\n|turn|9\n|\n|t:|1697406372\n|move|p1a: Little Man|Aqua Jet|p2a: Indeedee\n|-activate|p2a: Indeedee|move: Psychic Terrain\n|move|p2b: Pawmot|Brick Break|p1b: Feesh\n|-damage|p1b: Feesh|9\/100 par\n|move|p2a: Indeedee|Psychic|p1a: Little Man\n|-damage|p1a: Little Man|39\/100\n|move|p1b: Feesh|Barb Barrage|p2b: Pawmot\n|-damage|p2b: Pawmot|0 fnt\n|faint|p2b: Pawmot\n|\n|upkeep\n|\n|t:|1697406386\n|switch|p2b: Hoopa|Hoopa-Unbound|100\/100\n|turn|10\n|\n|t:|1697406413\n|switch|p1b: Chompers|Garchomp, M|100\/100\n|switch|p1a: T-Tar|Tyranitar, F|100\/100\n|-weather|Sandstorm|[from] ability: Sand Stream|[of] p1a: T-Tar\n|-terastallize|p2a: Indeedee|Fairy\n|move|p2a: Indeedee|Dazzling Gleam|p1b: Chompers|[spread] p1a,p1b\n|-supereffective|p1a: T-Tar\n|-supereffective|p1b: Chompers\n|-damage|p1a: T-Tar|66\/100\n|-damage|p1b: Chompers|33\/100\n|move|p2b: Hoopa|Zen Headbutt|p1a: T-Tar\n|-immune|p1a: T-Tar\n|\n|-weather|Sandstorm|[upkeep]\n|-damage|p2a: Indeedee|0 fnt|[from] Sandstorm\n|-damage|p2b: Hoopa|95\/100|[from] Sandstorm\n|faint|p2a: Indeedee\n|upkeep\n|\n|t:|1697406428\n|switch|p2a: Amoonguss|Amoonguss, M|21\/100\n|turn|11\n|\n|t:|1697406445\n|switch|p2a: Vaporeon|Vaporeon, M, shiny|100\/100\n|move|p1b: Chompers|Dragon Claw|p2a: Vaporeon\n|-crit|p2a: Vaporeon\n|-damage|p2a: Vaporeon|21\/100\n|move|p2b: Hoopa|Ice Punch|p1b: Chompers\n|-supereffective|p1b: Chompers\n|-damage|p1b: Chompers|0 fnt\n|faint|p1b: Chompers\n|move|p1a: T-Tar|Crunch|p2b: Hoopa\n|-damage|p2b: Hoopa|20\/100\n|\n|-weather|Sandstorm|[upkeep]\n|-damage|p2b: Hoopa|14\/100|[from] Sandstorm\n|-damage|p2a: Vaporeon|15\/100|[from] Sandstorm\n|-heal|p2a: Vaporeon|21\/100|[from] item: Leftovers\n|upkeep\n|\n|t:|1697406461\n|switch|p1b: Feesh|Qwilfish-Hisui, M|9\/100 par\n|-ability|p1b: Feesh|Intimidate|boost\n|-unboost|p2a: Vaporeon|atk|1\n|-unboost|p2b: Hoopa|atk|1\n|turn|12\n|\n|t:|1697406470\n|move|p2b: Hoopa|Drain Punch|p1a: T-Tar\n|-supereffective|p1a: T-Tar\n|-damage|p1a: T-Tar|0 fnt\n|-heal|p2b: Hoopa|58\/100|[from] drain|[of] p1a: T-Tar\n|faint|p1a: T-Tar\n|move|p2a: Vaporeon|Muddy Water|p1b: Feesh\n|-damage|p1b: Feesh|0 fnt\n|faint|p1b: Feesh\n|\n|-weather|Sandstorm|[upkeep]\n|-damage|p2b: Hoopa|52\/100|[from] Sandstorm\n|-damage|p2a: Vaporeon|15\/100|[from] Sandstorm\n|-heal|p2a: Vaporeon|21\/100|[from] item: Leftovers\n|-fieldend|move: Psychic Terrain\n|upkeep\n|\n|t:|1697406481\n|switch|p1b: Little Man|Azumarill, M|39\/100\n|switch|p1a: Unoriginal joke|Amoonguss, M|75\/100 par\n|turn|13\n|\n|t:|1697406491\n|switch|p2b: Amoonguss|Amoonguss, M|21\/100\n|move|p2a: Vaporeon|Protect|p2a: Vaporeon\n|-singleturn|p2a: Vaporeon|Protect\n|move|p1b: Little Man|Aqua Jet|p2b: Amoonguss\n|-resisted|p2b: Amoonguss\n|-damage|p2b: Amoonguss|9\/100\n|move|p1a: Unoriginal joke|Giga Drain|p2a: Vaporeon\n|-activate|p2a: Vaporeon|move: Protect\n|\n|-weather|Sandstorm|[upkeep]\n|-damage|p2a: Vaporeon|15\/100|[from] Sandstorm\n|-damage|p1b: Little Man|33\/100|[from] Sandstorm\n|-damage|p2b: Amoonguss|3\/100|[from] Sandstorm\n|-damage|p1a: Unoriginal joke|69\/100 par|[from] Sandstorm\n|-heal|p2a: Vaporeon|21\/100|[from] item: Leftovers\n|-heal|p1a: Unoriginal joke|75\/100 par|[from] item: Black Sludge\n|upkeep\n|turn|14\n|\n|t:|1697406510\n|move|p1b: Little Man|Aqua Jet|p2b: Amoonguss\n|-resisted|p2b: Amoonguss\n|-damage|p2b: Amoonguss|0 fnt\n|-status|p1b: Little Man|slp|[from] ability: Effect Spore|[of] p2b: Amoonguss\n|faint|p2b: Amoonguss\n|move|p2a: Vaporeon|Icy Wind|p1b: Little Man|[spread] p1a,p1b\n|-supereffective|p1a: Unoriginal joke\n|-resisted|p1b: Little Man\n|-damage|p1a: Unoriginal joke|52\/100 par\n|-damage|p1b: Little Man|27\/100 slp\n|-unboost|p1a: Unoriginal joke|spe|1\n|-unboost|p1b: Little Man|spe|1\n|move|p1a: Unoriginal joke|Giga Drain|p2a: Vaporeon\n|-supereffective|p2a: Vaporeon\n|-damage|p2a: Vaporeon|0 fnt\n|-heal|p1a: Unoriginal joke|62\/100 par|[from] drain|[of] p2a: Vaporeon\n|faint|p2a: Vaporeon\n|\n|-weather|none\n|-heal|p1a: Unoriginal joke|68\/100 par|[from] item: Black Sludge\n|upkeep\n|\n|t:|1697406527\n|switch|p2b: Hoopa|Hoopa-Unbound|52\/100\n|turn|15\n|\n|t:|1697406540\n|move|p2b: Hoopa|Zen Headbutt|p1a: Unoriginal joke\n|-supereffective|p1a: Unoriginal joke\n|-damage|p1a: Unoriginal joke|0 fnt\n|faint|p1a: Unoriginal joke\n|cant|p1b: Little Man|slp\n|\n|upkeep\n|\n|t:|1697406551\n|switch|p1a: Gooey|Goodra-Hisui, F|55\/100\n|turn|16\n|\n|t:|1697406564\n|move|p2b: Hoopa|Zen Headbutt|p1b: Little Man\n|-damage|p1b: Little Man|0 fnt\n|faint|p1b: Little Man\n|move|p1a: Gooey|Body Press|p2b: Hoopa\n|-damage|p2b: Hoopa|21\/100\n|\n|upkeep\n|turn|17\n|\n|t:|1697406571\n|move|p2b: Hoopa|Drain Punch|p1a: Gooey\n|-supereffective|p1a: Gooey\n|-damage|p1a: Gooey|0 fnt\n|-heal|p2b: Hoopa|54\/100|[from] drain|[of] p1a: Gooey\n|faint|p1a: Gooey\n|\n|win|FerssTheBoss\n|raw|b-wordboy's rating: 1279 &rarr; <strong>1263<\/strong><br \/>(-16 for losing)\n|raw|FerssTheBoss's rating: 1407 &rarr; <strong>1420<\/strong><br \/>(+13 for winning)\n|c|\u2606FerssTheBoss|omg\n|c|\u2606b-wordboy|gg\n|c|\u2606FerssTheBoss|gg\n","uploadtime":1697406586,"views":16,"p1id":"bwordboy","p2id":"fersstheboss","formatid":"gen9doublesou","rating":1263,"private":0,"password":""}