{"id":"gen9doublesou-1977277163","p1":"Dolphin81","p2":"Emdimd","format":"[Gen 9] Doubles OU","log":"|j|\u2606Dolphin81\n|j|\u2606Emdimd\n|inactive|Battle timer is ON: inactive players will automatically lose when time's up.\n|t:|1698398170\n|gametype|doubles\n|player|p1|Dolphin81|102|\n|player|p2|Emdimd|pokemonranger|\n|teamsize|p1|6\n|teamsize|p2|6\n|gen|9\n|tier|[Gen 9] Doubles OU\n|rated|Tournament battle\n|rule|Species Clause: Limit one of each Pok\u00e9mon\n|rule|OHKO Clause: OHKO moves are banned\n|rule|Evasion Moves Clause: Evasion moves are banned\n|rule|Gravity Sleep Clause: The combination of sleep-inducing moves with imperfect accuracy and Gravity or Gigantamax Orbeetle are banned\n|rule|Endless Battle Clause: Forcing endless battles is banned\n|rule|HP Percentage Mod: HP is shown in percentages\n|clearpoke\n|poke|p1|Sneasler, F|\n|poke|p1|Tsareena, F|\n|poke|p1|Grookey, M|\n|poke|p1|Varoom, F|\n|poke|p1|Hattrem, F|\n|poke|p1|Sudowoodo, F|\n|poke|p2|Bisharp, F|\n|poke|p2|Sinistea|\n|poke|p2|Arctibax, F|\n|poke|p2|Drowzee, M|\n|poke|p2|Naclstack, M|\n|poke|p2|Dragonite, M|\n|teampreview\n|inactive|Dolphin81 also wants the timer to be on.\n|j|*Lady Monita \u263d\n|\n|t:|1698398194\n|start\n|switch|p1a: Sudowoodo|Sudowoodo, F|100\/100\n|switch|p1b: Hattrem|Hattrem, F|100\/100\n|switch|p2a: Drowzee|Drowzee, M|100\/100\n|switch|p2b: Sinistea|Sinistea|100\/100\n|-activate|p2a: Drowzee|ability: Forewarn|Head Smash|[of] p1a: Sudowoodo\n|turn|1\n|\n|t:|1698398208\n|move|p2b: Sinistea|Shell Smash|p2b: Sinistea\n|-unboost|p2b: Sinistea|def|1\n|-unboost|p2b: Sinistea|spd|1\n|-boost|p2b: Sinistea|atk|2\n|-boost|p2b: Sinistea|spa|2\n|-boost|p2b: Sinistea|spe|2\n|move|p1a: Sudowoodo|Head Smash|p2a: Drowzee|[miss]\n|-miss|p1a: Sudowoodo|p2a: Drowzee\n|move|p1b: Hattrem|Nuzzle|p2b: Sinistea\n|-damage|p2b: Sinistea|91\/100\n|-status|p2b: Sinistea|par\n|-ability|p2b: Sinistea|Weak Armor|boost\n|-unboost|p2b: Sinistea|def|1\n|-boost|p2b: Sinistea|spe|2\n|move|p2a: Drowzee|Reflect|p2a: Drowzee\n|-sidestart|p2: Emdimd|Reflect\n|\n|upkeep\n|turn|2\n|c|\u2606Emdimd|I kinda already knew that move\n|\n|t:|1698398231\n|move|p2b: Sinistea|Baton Pass|p2b: Sinistea\n|\n|t:|1698398238\n|switch|p2b: Bisharp|Bisharp, F|100\/100|[from] Baton Pass\n|move|p1a: Sudowoodo|Head Smash|p2b: Bisharp\n|-resisted|p2b: Bisharp\n|-damage|p2b: Bisharp|49\/100\n|move|p1b: Hattrem|Nuzzle|p2a: Drowzee\n|-damage|p2a: Drowzee|98\/100\n|-status|p2a: Drowzee|par\n|move|p2a: Drowzee|Light Screen|p2a: Drowzee\n|-sidestart|p2: Emdimd|move: Light Screen\n|\n|upkeep\n|turn|3\n|\n|t:|1698398259\n|switch|p1a: Varoom|Varoom, F|100\/100\n|move|p2b: Bisharp|Brick Break|p1a: Varoom\n|-damage|p1a: Varoom|62\/100\n|move|p1b: Hattrem|Nuzzle|p2b: Bisharp\n|-damage|p2b: Bisharp|47\/100\n|-status|p2b: Bisharp|par\n|move|p2a: Drowzee|Thunder Wave|p1b: Hattrem\n|move|p1b: Hattrem|Thunder Wave|p2a: Drowzee|[from]ability: Magic Bounce\n|-fail|p2a: Drowzee|par\n|\n|upkeep\n|turn|4\n|\n|t:|1698398280\n|switch|p1b: Sudowoodo|Sudowoodo, F|100\/100\n|cant|p2b: Bisharp|par\n|move|p1a: Varoom|Iron Head|p2b: Bisharp\n|-resisted|p2b: Bisharp\n|-damage|p2b: Bisharp|37\/100 par\n|move|p2a: Drowzee|Thunder Wave|p1a: Varoom\n|-status|p1a: Varoom|par\n|\n|upkeep\n|turn|5\n|\n|t:|1698398293\n|cant|p2b: Bisharp|par\n|move|p1b: Sudowoodo|Earthquake|p2a: Drowzee|[spread] p1a,p2a,p2b\n|-supereffective|p1a: Varoom\n|-supereffective|p2b: Bisharp\n|-damage|p1a: Varoom|0 fnt\n|-damage|p2a: Drowzee|53\/100 par\n|-damage|p2b: Bisharp|0 fnt\n|faint|p1a: Varoom\n|faint|p2b: Bisharp\n|move|p2a: Drowzee|Thunder Wave|p1b: Sudowoodo\n|-status|p1b: Sudowoodo|par\n|\n|upkeep\n|\n|t:|1698398305\n|switch|p2b: Sinistea|Sinistea|91\/100 par\n|switch|p1a: Hattrem|Hattrem, F|100\/100\n|turn|6\n|\n|t:|1698398322\n|move|p1a: Hattrem|Psychic|p2b: Sinistea\n|-damage|p2b: Sinistea|43\/100 par\n|-unboost|p2b: Sinistea|spd|1\n|move|p2b: Sinistea|Shell Smash|p2b: Sinistea\n|-unboost|p2b: Sinistea|def|1\n|-unboost|p2b: Sinistea|spd|1\n|-boost|p2b: Sinistea|atk|2\n|-boost|p2b: Sinistea|spa|2\n|-boost|p2b: Sinistea|spe|2\n|move|p1b: Sudowoodo|Earthquake|p2a: Drowzee|[spread] p1a,p2a,p2b\n|-damage|p1a: Hattrem|78\/100\n|-damage|p2a: Drowzee|10\/100 par\n|-damage|p2b: Sinistea|0 fnt\n|faint|p2b: Sinistea\n|move|p2a: Drowzee|Psychic|p1b: Sudowoodo\n|-damage|p1b: Sudowoodo|74\/100 par\n|\n|upkeep\n|\n|t:|1698398335\n|switch|p2b: Naclstack|Naclstack, M|100\/100\n|turn|7\n|\n|t:|1698398342\n|move|p1a: Hattrem|Nuzzle|p2b: Naclstack\n|-damage|p2b: Naclstack|99\/100\n|move|p2b: Naclstack|Stealth Rock|p1b: Sudowoodo\n|move|p1a: Hattrem|Stealth Rock|p2b: Naclstack|[from]ability: Magic Bounce\n|-sidestart|p2: Emdimd|move: Stealth Rock\n|move|p1b: Sudowoodo|Earthquake|p2b: Naclstack|[spread] p1a,p2a,p2b\n|-supereffective|p2b: Naclstack\n|-damage|p1a: Hattrem|54\/100\n|-damage|p2a: Drowzee|0 fnt\n|-damage|p2b: Naclstack|66\/100\n|faint|p2a: Drowzee\n|\n|upkeep\n|c|\u2606Dolphin81|Lmao.\n|\n|t:|1698398354\n|switch|p2a: Dragonite|Dragonite, M|100\/100\n|turn|8\n|\n|t:|1698398375\n|switch|p1b: Grookey|Grookey, M|100\/100\n|-fieldstart|move: Grassy Terrain|[from] ability: Grassy Surge|[of] p1b: Grookey\n|move|p2a: Dragonite|Extreme Speed|p1a: Hattrem\n|-damage|p1a: Hattrem|33\/100\n|move|p1a: Hattrem|Nuzzle|p2a: Dragonite\n|-damage|p2a: Dragonite|99\/100\n|-status|p2a: Dragonite|par\n|move|p2b: Naclstack|Iron Defense|p2b: Naclstack\n|-boost|p2b: Naclstack|def|2\n|\n|-heal|p1a: Hattrem|39\/100|[from] Grassy Terrain\n|-heal|p2b: Naclstack|72\/100|[from] Grassy Terrain\n|-sideend|p2: Emdimd|Reflect\n|upkeep\n|turn|9\n|inactive|Dolphin81 has 120 seconds left.\n|\n|t:|1698398406\n|switch|p1a: Sudowoodo|Sudowoodo, F|74\/100 par\n|move|p2a: Dragonite|Extreme Speed|p1a: Sudowoodo\n|-resisted|p1a: Sudowoodo\n|-damage|p1a: Sudowoodo|56\/100 par\n|move|p1b: Grookey|Wood Hammer|p2b: Naclstack\n|-supereffective|p2b: Naclstack\n|-damage|p2b: Naclstack|13\/100\n|-damage|p1b: Grookey|74\/100|[from] Recoil\n|move|p2b: Naclstack|Iron Defense|p2b: Naclstack\n|-boost|p2b: Naclstack|def|2\n|\n|-heal|p1b: Grookey|81\/100|[from] Grassy Terrain\n|-heal|p2b: Naclstack|19\/100|[from] Grassy Terrain\n|-heal|p1a: Sudowoodo|62\/100 par|[from] Grassy Terrain\n|-sideend|p2: Emdimd|move: Light Screen\n|upkeep\n|turn|10\n|l|\u2606Emdimd\n|inactive|Emdimd disconnected and has a minute to reconnect!\n|player|p2|\n|c|\u2606Dolphin81|LMAO\n|j|\u2606Emdimd\n|inactive|Emdimd reconnected and has 130 seconds left.\n|player|p2|Emdimd|pokemonranger\n|inactive|Emdimd has 120 seconds left.\n|\n|t:|1698398446\n|move|p1b: Grookey|Wood Hammer|p2b: Naclstack\n|-supereffective|p2b: Naclstack\n|-damage|p2b: Naclstack|0 fnt\n|faint|p2b: Naclstack\n|-damage|p1b: Grookey|72\/100|[from] Recoil\n|cant|p2a: Dragonite|par\n|move|p1a: Sudowoodo|Head Smash|p2a: Dragonite\n|-supereffective|p2a: Dragonite\n|-damage|p2a: Dragonite|0 fnt\n|faint|p2a: Dragonite\n|\n|-heal|p1b: Grookey|79\/100|[from] Grassy Terrain\n|-heal|p1a: Sudowoodo|68\/100 par|[from] Grassy Terrain\n|upkeep\n|\n|t:|1698398452\n|switch|p2b: Arctibax|Arctibax, F|100\/100\n|-damage|p2b: Arctibax|75\/100|[from] Stealth Rock\n|turn|11\n|c|\u2606Emdimd|Welp gg\n|c|\u2606Dolphin81|thats why you take time to build lolz\n|\n|t:|1698398466\n|switch|p1b: Hattrem|Hattrem, F|39\/100\n|move|p2b: Arctibax|Brick Break|p1a: Sudowoodo\n|-supereffective|p1a: Sudowoodo\n|-damage|p1a: Sudowoodo|19\/100 par\n|move|p1a: Sudowoodo|Head Smash|p2b: Arctibax\n|-supereffective|p2b: Arctibax\n|-damage|p2b: Arctibax|0 fnt\n|faint|p2b: Arctibax\n|\n|win|Dolphin81\n|n|\u2606Dolphin81|dolphin81\n|n|*Lady Monita \u263d|ladymonita\n|n|\u2606Emdimd|emdimd\n","uploadtime":1698398467,"views":12,"p1id":"dolphin81","p2id":"emdimd","formatid":"gen9doublesou","rating":0,"private":0,"password":""}