{"id":"gen9doublesou-1971854010","p1":"skullatech","p2":"GTRSoLNeo","format":"[Gen 9] Doubles OU","log":"|j|\u2606skullatech\n|j|\u2606GTRSoLNeo\n|t:|1697781856\n|gametype|doubles\n|player|p1|skullatech|bellelba|\n|player|p2|GTRSoLNeo|rocketgrunt|\n|teamsize|p1|6\n|teamsize|p2|6\n|gen|9\n|tier|[Gen 9] Doubles OU\n|rule|Species Clause: Limit one of each Pok\u00e9mon\n|rule|OHKO Clause: OHKO moves are banned\n|rule|Evasion Moves Clause: Evasion moves are banned\n|rule|Gravity Sleep Clause: The combination of sleep-inducing moves with imperfect accuracy and Gravity or Gigantamax Orbeetle are banned\n|rule|Endless Battle Clause: Forcing endless battles is banned\n|rule|HP Percentage Mod: HP is shown in percentages\n|clearpoke\n|poke|p1|Gholdengo|\n|poke|p1|Clefable, F|\n|poke|p1|Palafin, M|\n|poke|p1|Ninetales-Alola, F|\n|poke|p1|Scizor, M|\n|poke|p1|Gliscor, M|\n|poke|p2|Bisharp, F|\n|poke|p2|Gothitelle, F|\n|poke|p2|Gardevoir, F|\n|poke|p2|Lurantis, F|\n|poke|p2|Eelektross, F|\n|poke|p2|Slowbro, M|\n|teampreview\n|\n|t:|1697781875\n|start\n|switch|p1a: Goldie|Gholdengo|100\/100\n|switch|p1b: Kill|Clefable, F, shiny|100\/100\n|switch|p2a: Cunk|Lurantis, F|100\/100\n|switch|p2b: Sleepyhead|Slowbro, M|100\/100\n|turn|1\n|\n|t:|1697781903\n|move|p1b: Kill|Follow Me|p1b: Kill\n|-singleturn|p1b: Kill|move: Follow Me\n|move|p1a: Goldie|Nasty Plot|p1a: Goldie\n|-boost|p1a: Goldie|spa|2\n|move|p2a: Cunk|Swords Dance|p2a: Cunk\n|-unboost|p2a: Cunk|atk|2\n|move|p2b: Sleepyhead|Iron Defense|p2b: Sleepyhead\n|-boost|p2b: Sleepyhead|def|2\n|\n|upkeep\n|turn|2\n|\n|t:|1697781925\n|move|p1a: Goldie|Shadow Ball|p2b: Sleepyhead\n|-supereffective|p2b: Sleepyhead\n|-enditem|p2b: Sleepyhead|Kasib Berry|[eat]\n|-enditem|p2b: Sleepyhead|Kasib Berry|[weaken]\n|-damage|p2b: Sleepyhead|33\/100\n|move|p1b: Kill|Cosmic Power|p1b: Kill\n|-boost|p1b: Kill|def|1\n|-boost|p1b: Kill|spd|1\n|move|p2a: Cunk|Leech Life|p1a: Goldie\n|-resisted|p1a: Goldie\n|-damage|p1a: Goldie|99\/100\n|move|p2b: Sleepyhead|Liquidation|p1b: Kill\n|-damage|p1b: Kill|87\/100\n|-unboost|p1b: Kill|def|1\n|\n|-heal|p1a: Goldie|100\/100|[from] item: Leftovers\n|-heal|p1b: Kill|93\/100|[from] item: Leftovers\n|upkeep\n|turn|3\n|\n|t:|1697781963\n|move|p1a: Goldie|Shadow Ball|p2b: Sleepyhead\n|-supereffective|p2b: Sleepyhead\n|-damage|p2b: Sleepyhead|0 fnt\n|faint|p2b: Sleepyhead\n|move|p1b: Kill|Cosmic Power|p1b: Kill\n|-boost|p1b: Kill|def|1\n|-boost|p1b: Kill|spd|1\n|move|p2a: Cunk|Pollen Puff|p2: Sleepyhead|[notarget]\n|-fail|p2a: Cunk\n|\n|-heal|p1b: Kill|99\/100|[from] item: Leftovers\n|upkeep\n|\n|t:|1697781988\n|switch|p2b: Doncamatic|Eelektross, F|100\/100\n|turn|4\n|\n|t:|1697782004\n|move|p1b: Kill|Follow Me|p1b: Kill\n|-singleturn|p1b: Kill|move: Follow Me\n|move|p1a: Goldie|Nasty Plot|p1a: Goldie\n|-boost|p1a: Goldie|spa|2\n|move|p2a: Cunk|Leaf Storm|p1b: Kill\n|-damage|p1b: Kill|78\/100\n|-boost|p2a: Cunk|spa|2\n|move|p2b: Doncamatic|Flamethrower|p1b: Kill\n|-damage|p1b: Kill|69\/100\n|\n|-heal|p1b: Kill|75\/100|[from] item: Leftovers\n|upkeep\n|turn|5\n|\n|t:|1697782031\n|move|p1a: Goldie|Make It Rain|p2a: Cunk|[spread] p2a,p2b\n|-resisted|p2b: Doncamatic\n|-enditem|p2a: Cunk|Focus Sash\n|-damage|p2a: Cunk|1\/100\n|-damage|p2b: Doncamatic|12\/100\n|-unboost|p1a: Goldie|spa|1\n|move|p1b: Kill|Wish|p1b: Kill\n|move|p2a: Cunk|Leech Life|p1a: Goldie\n|-resisted|p1a: Goldie\n|-damage|p1a: Goldie|99\/100\n|-heal|p2a: Cunk|2\/100|[from] drain|[of] p1a: Goldie\n|move|p2b: Doncamatic|Discharge|p1a: Goldie|[spread] p2a,p1a,p1b\n|-resisted|p2a: Cunk\n|-damage|p2a: Cunk|0 fnt\n|-damage|p1a: Goldie|74\/100\n|-damage|p1b: Kill|67\/100\n|-status|p1b: Kill|par\n|faint|p2a: Cunk\n|\n|-heal|p1a: Goldie|81\/100|[from] item: Leftovers\n|-heal|p2b: Doncamatic|18\/100|[from] item: Leftovers\n|-heal|p1b: Kill|73\/100 par|[from] item: Leftovers\n|upkeep\n|\n|t:|1697782058\n|switch|p2a: Pizza Boy|Gardevoir, F|100\/100\n|-ability|p2a: Pizza Boy|Unaware|[from] ability: Trace|[of] p1b: Kill\n|turn|6\n|\n|t:|1697782068\n|move|p1b: Kill|Follow Me|p1b: Kill\n|-singleturn|p1b: Kill|move: Follow Me\n|move|p2a: Pizza Boy|Disable|p1b: Kill\n|-start|p1b: Kill|Disable|Follow Me\n|move|p1a: Goldie|Shadow Ball|p2a: Pizza Boy\n|-supereffective|p2a: Pizza Boy\n|-damage|p2a: Pizza Boy|0 fnt\n|faint|p2a: Pizza Boy\n|move|p2b: Doncamatic|Flamethrower|p1b: Kill\n|-damage|p1b: Kill|64\/100 par\n|\n|-heal|p1b: Kill|100\/100 par|[from] move: Wish|[wisher] Kill\n|-heal|p1a: Goldie|87\/100|[from] item: Leftovers\n|-heal|p2b: Doncamatic|25\/100|[from] item: Leftovers\n|upkeep\n|\n|t:|1697782082\n|switch|p2a: Coconut Ranger|Bisharp, F|100\/100\n|turn|7\n|\n|t:|1697782101\n|-terastallize|p1a: Goldie|Water\n|move|p2a: Coconut Ranger|Sucker Punch|p1a: Goldie\n|-damage|p1a: Goldie|46\/100\n|move|p1a: Goldie|Tera Blast|p2a: Coconut Ranger|[anim] Tera Blast Water\n|-damage|p2a: Coconut Ranger|0 fnt\n|faint|p2a: Coconut Ranger\n|move|p2b: Doncamatic|Flamethrower|p1a: Goldie\n|-resisted|p1a: Goldie\n|-damage|p1a: Goldie|34\/100\n|cant|p1b: Kill|par\n|\n|-heal|p1a: Goldie|40\/100|[from] item: Leftovers\n|-heal|p2b: Doncamatic|31\/100|[from] item: Leftovers\n|upkeep\n|\n|t:|1697782114\n|switch|p2a: Eye Candy|Gothitelle, F|100\/100\n|turn|8\n|\n|t:|1697782148\n|move|p1a: Goldie|Tera Blast|p2b: Doncamatic|[anim] Tera Blast Water\n|-damage|p2b: Doncamatic|0 fnt\n|faint|p2b: Doncamatic\n|move|p2a: Eye Candy|Shadow Ball|p1a: Goldie\n|-damage|p1a: Goldie|19\/100\n|-unboost|p1a: Goldie|spd|1\n|move|p1b: Kill|Wish|p1b: Kill\n|\n|-heal|p1a: Goldie|25\/100|[from] item: Leftovers\n|upkeep\n|turn|9\n|\n|t:|1697782166\n|move|p1a: Goldie|Tera Blast|p2a: Eye Candy|[anim] Tera Blast Water\n|-damage|p2a: Eye Candy|24\/100\n|move|p2a: Eye Candy|Shadow Ball|p1a: Goldie\n|-damage|p1a: Goldie|0 fnt\n|faint|p1a: Goldie\n|move|p1b: Kill|Cosmic Power|p1b: Kill\n|-boost|p1b: Kill|def|1\n|-boost|p1b: Kill|spd|1\n|\n|upkeep\n|\n|t:|1697782176\n|switch|p1a: Neos|Palafin, M|100\/100\n|turn|10\n|\n|t:|1697782186\n|detailschange|p1a: Neos|Palafin-Hero, M\n|switch|p1a: Ruin|Ninetales-Alola, F, shiny|100\/100\n|-weather|Snow|[from] ability: Snow Warning|[of] p1a: Ruin\n|move|p2a: Eye Candy|Shadow Ball|p1a: Ruin\n|-damage|p1a: Ruin|78\/100\n|cant|p1b: Kill|par\n|\n|-weather|Snow|[upkeep]\n|-heal|p1a: Ruin|85\/100|[from] item: Leftovers\n|-end|p1b: Kill|Disable\n|upkeep\n|turn|11\n|\n|t:|1697782200\n|switch|p1b: Neos|Palafin-Hero, M|100\/100\n|-activate|p1b: Neos|ability: Zero to Hero\n|move|p1a: Ruin|Aurora Veil|p1a: Ruin\n|-sidestart|p1: skullatech|move: Aurora Veil\n|move|p2a: Eye Candy|Light Screen|p2a: Eye Candy\n|-sidestart|p2: GTRSoLNeo|move: Light Screen\n|\n|-weather|Snow|[upkeep]\n|-heal|p1a: Ruin|91\/100|[from] item: Leftovers\n|upkeep\n|turn|12\n|\n|t:|1697782217\n|move|p1a: Ruin|Aurora Veil||[still]\n|-fail|p1a: Ruin\n|move|p1b: Neos|Wave Crash|p2a: Eye Candy\n|-damage|p2a: Eye Candy|0 fnt\n|faint|p2a: Eye Candy\n|-damage|p1b: Neos|93\/100|[from] Recoil\n|-damage|p1b: Neos|83\/100|[from] item: Life Orb\n|\n|win|skullatech\n|l|\u2606GTRSoLNeo\n","uploadtime":1697782347,"views":13,"p1id":"skullatech","p2id":"gtrsolneo","formatid":"gen9doublesou","rating":0,"private":0,"password":""}