{"id":"gen9doublesou-1981009107","p1":"Okayyyyletsgo","p2":"agerdam","format":"[Gen 9] Doubles OU","log":"|j|\u2606Okayyyyletsgo\n|j|\u2606agerdam\n|t:|1698856418\n|gametype|doubles\n|player|p1|Okayyyyletsgo|shadowtriad|1420\n|player|p2|agerdam|lucas|1642\n|teamsize|p1|6\n|teamsize|p2|6\n|gen|9\n|tier|[Gen 9] Doubles OU\n|rated|\n|rule|Species Clause: Limit one of each Pok\u00e9mon\n|rule|OHKO Clause: OHKO moves are banned\n|rule|Evasion Moves Clause: Evasion moves are banned\n|rule|Gravity Sleep Clause: The combination of sleep-inducing moves with imperfect accuracy and Gravity or Gigantamax Orbeetle are banned\n|rule|Endless Battle Clause: Forcing endless battles is banned\n|rule|HP Percentage Mod: HP is shown in percentages\n|clearpoke\n|poke|p1|Gholdengo|\n|poke|p1|Landorus-Therian, M|\n|poke|p1|Clefairy, F|\n|poke|p1|Iron Hands|\n|poke|p1|Kommo-o, F|\n|poke|p1|Amoonguss, F|\n|poke|p2|Goodra-Hisui, F|\n|poke|p2|Ting-Lu|\n|poke|p2|Cresselia, F|\n|poke|p2|Landorus-Therian, M|\n|poke|p2|Sinistcha-Masterpiece|\n|poke|p2|Diancie|\n|teampreview\n|inactive|Battle timer is ON: inactive players will automatically lose when time's up. (requested by Okayyyyletsgo)\n|\n|t:|1698856436\n|start\n|switch|p1a: Gholdengo|Gholdengo|100\/100\n|switch|p1b: Amoonguss|Amoonguss, F|100\/100\n|switch|p2a: Sinistcha|Sinistcha-Masterpiece|100\/100\n|switch|p2b: Goodra|Goodra-Hisui, F|100\/100\n|-item|p1a: Gholdengo|Air Balloon\n|turn|1\n|\n|t:|1698856452\n|switch|p2a: Ting-Lu|Ting-Lu|100\/100\n|-ability|p2a: Ting-Lu|Vessel of Ruin\n|move|p1b: Amoonguss|Rage Powder|p1b: Amoonguss\n|-singleturn|p1b: Amoonguss|move: Rage Powder\n|move|p1a: Gholdengo|Nasty Plot|p1a: Gholdengo\n|-boost|p1a: Gholdengo|spa|2\n|move|p2b: Goodra|Acid Armor|p2b: Goodra\n|-boost|p2b: Goodra|def|2\n|\n|upkeep\n|turn|2\n|\n|t:|1698856475\n|move|p1a: Gholdengo|Protect|p1a: Gholdengo\n|-singleturn|p1a: Gholdengo|Protect\n|move|p2b: Goodra|Acid Armor|p2b: Goodra\n|-boost|p2b: Goodra|def|2\n|move|p2a: Ting-Lu|Throat Chop|p1a: Gholdengo\n|-activate|p1a: Gholdengo|move: Protect\n|move|p1b: Amoonguss|Spore|p2b: Goodra\n|-ability|p2b: Goodra|Sap Sipper|boost\n|-boost|p2b: Goodra|atk|1\n|\n|upkeep\n|turn|3\n|\n|t:|1698856492\n|move|p1b: Amoonguss|Rage Powder|p1b: Amoonguss\n|-singleturn|p1b: Amoonguss|move: Rage Powder\n|move|p1a: Gholdengo|Shadow Ball|p2b: Goodra\n|-damage|p2b: Goodra|63\/100\n|move|p2a: Ting-Lu|Throat Chop|p1b: Amoonguss\n|-damage|p1b: Amoonguss|70\/100\n|-start|p1b: Amoonguss|Throat Chop|[silent]\n|move|p2b: Goodra|Dragon Tail|p1b: Amoonguss|[miss]\n|-miss|p2b: Goodra|p1b: Amoonguss\n|\n|-heal|p2b: Goodra|69\/100|[from] item: Leftovers\n|-heal|p1b: Amoonguss|76\/100|[from] item: Black Sludge\n|upkeep\n|turn|4\n|\n|t:|1698856509\n|move|p1b: Amoonguss|Rage Powder|p1b: Amoonguss\n|-singleturn|p1b: Amoonguss|move: Rage Powder\n|move|p1a: Gholdengo|Shadow Ball|p2b: Goodra\n|-damage|p2b: Goodra|35\/100\n|move|p2a: Ting-Lu|Throat Chop|p1b: Amoonguss\n|-damage|p1b: Amoonguss|48\/100\n|move|p2b: Goodra|Dragon Tail|p1b: Amoonguss\n|-damage|p1b: Amoonguss|23\/100\n|drag|p1b: Landorus|Landorus-Therian, M|100\/100\n|-ability|p1b: Landorus|Intimidate|boost\n|-unboost|p2a: Ting-Lu|atk|1\n|-unboost|p2b: Goodra|atk|1\n|\n|-heal|p2b: Goodra|41\/100|[from] item: Leftovers\n|upkeep\n|turn|5\n|\n|t:|1698856529\n|switch|p2a: Sinistcha|Sinistcha-Masterpiece|100\/100\n|-heal|p2b: Goodra|66\/100|[from] ability: Hospitality|[of] p2a: Sinistcha\n|move|p1b: Landorus|Stomping Tantrum|p2b: Goodra\n|-supereffective|p2b: Goodra\n|-damage|p2b: Goodra|40\/100\n|move|p1a: Gholdengo|Make It Rain|p2a: Sinistcha|[spread] p2a,p2b\n|-resisted|p2b: Goodra\n|-damage|p2a: Sinistcha|0 fnt\n|-damage|p2b: Goodra|13\/100\n|-unboost|p1a: Gholdengo|spa|1\n|faint|p2a: Sinistcha\n|move|p2b: Goodra|Dragon Tail|p1a: Gholdengo\n|-resisted|p1a: Gholdengo\n|-damage|p1a: Gholdengo|89\/100\n|-enditem|p1a: Gholdengo|Air Balloon\n|drag|p1a: Kommo-o|Kommo-o, F, shiny|100\/100\n|\n|-heal|p2b: Goodra|19\/100|[from] item: Leftovers\n|upkeep\n|inactive|agerdam has 120 seconds left.\n|\n|t:|1698856550\n|switch|p2a: Diancie|Diancie|100\/100\n|turn|6\n|\n|t:|1698856561\n|-terastallize|p1a: Kommo-o|Steel\n|-terastallize|p2a: Diancie|Water\n|move|p1b: Landorus|Stomping Tantrum|p2b: Goodra\n|-supereffective|p2b: Goodra\n|-damage|p2b: Goodra|0 fnt\n|faint|p2b: Goodra\n|move|p1a: Kommo-o|Clangorous Soul|p1a: Kommo-o\n|-boost|p1a: Kommo-o|atk|1\n|-boost|p1a: Kommo-o|def|1\n|-boost|p1a: Kommo-o|spa|1\n|-boost|p1a: Kommo-o|spd|1\n|-boost|p1a: Kommo-o|spe|1\n|-damage|p1a: Kommo-o|68\/100\n|-enditem|p1a: Kommo-o|Throat Spray\n|-boost|p1a: Kommo-o|spa|1|[from] item: Throat Spray\n|move|p2a: Diancie|Diamond Storm|p1a: Kommo-o|[spread] p1a,p1b\n|-resisted|p1a: Kommo-o\n|-damage|p1a: Kommo-o|60\/100\n|-damage|p1b: Landorus|70\/100\n|-boost|p2a: Diancie|def|2\n|\n|upkeep\n|\n|t:|1698856575\n|switch|p2b: Cresselia|Cresselia, F|100\/100\n|turn|7\n|\n|t:|1698856587\n|switch|p1b: Amoonguss|Amoonguss, F|57\/100\n|move|p1a: Kommo-o|Protect|p1a: Kommo-o\n|-singleturn|p1a: Kommo-o|Protect\n|move|p2b: Cresselia|Calm Mind|p2b: Cresselia\n|-boost|p2b: Cresselia|spa|1\n|-boost|p2b: Cresselia|spd|1\n|move|p2a: Diancie|Diamond Storm|p1b: Amoonguss|[spread] p1b\n|-activate|p1a: Kommo-o|move: Protect\n|-damage|p1b: Amoonguss|35\/100\n|-boost|p2a: Diancie|def|2\n|\n|-heal|p1b: Amoonguss|41\/100|[from] item: Black Sludge\n|upkeep\n|turn|8\n|\n|t:|1698856612\n|move|p1b: Amoonguss|Rage Powder|p1b: Amoonguss\n|-singleturn|p1b: Amoonguss|move: Rage Powder\n|move|p1a: Kommo-o|Clanging Scales|p2b: Cresselia|[spread] p2a,p2b\n|-damage|p2a: Diancie|57\/100\n|-damage|p2b: Cresselia|70\/100\n|-unboost|p1a: Kommo-o|def|1\n|move|p2b: Cresselia|Stored Power|p1b: Amoonguss\n|-supereffective|p1b: Amoonguss\n|-damage|p1b: Amoonguss|3\/100\n|move|p2a: Diancie|Body Press|p1b: Amoonguss\n|-resisted|p1b: Amoonguss\n|-crit|p1b: Amoonguss\n|-damage|p1b: Amoonguss|0 fnt\n|faint|p1b: Amoonguss\n|\n|-heal|p2b: Cresselia|76\/100|[from] item: Leftovers\n|-heal|p2a: Diancie|63\/100|[from] item: Leftovers\n|upkeep\n|\n|t:|1698856624\n|switch|p1b: Landorus|Landorus-Therian, M|70\/100\n|-ability|p1b: Landorus|Intimidate|boost\n|-fail|p2a: Diancie|unboost|[from] ability: Clear Body|[of] p2a: Diancie\n|-unboost|p2b: Cresselia|atk|1\n|turn|9\n|\n|t:|1698856638\n|move|p1a: Kommo-o|Protect|p1a: Kommo-o\n|-singleturn|p1a: Kommo-o|Protect\n|move|p1b: Landorus|U-turn|p2b: Cresselia\n|-supereffective|p2b: Cresselia\n|-damage|p2b: Cresselia|50\/100\n|\n|t:|1698856650\n|switch|p1b: Iron Hands|Iron Hands|100\/100|[from] U-turn\n|move|p2b: Cresselia|Lunar Blessing|p2b: Cresselia|[spread] p2a,p2b\n|-heal|p2a: Diancie|88\/100\n|-heal|p2b: Cresselia|75\/100\n|move|p2a: Diancie|Body Press|p1a: Kommo-o\n|-activate|p1a: Kommo-o|move: Protect\n|\n|-heal|p2b: Cresselia|81\/100|[from] item: Leftovers\n|-heal|p2a: Diancie|95\/100|[from] item: Leftovers\n|upkeep\n|turn|10\n|\n|t:|1698856664\n|move|p1b: Iron Hands|Fake Out|p2b: Cresselia\n|-damage|p2b: Cresselia|73\/100\n|move|p1a: Kommo-o|Clanging Scales|p2a: Diancie|[spread] p2a,p2b\n|-damage|p2a: Diancie|49\/100\n|-damage|p2b: Cresselia|39\/100\n|-unboost|p1a: Kommo-o|def|1\n|cant|p2b: Cresselia|flinch\n|move|p2a: Diancie|Calm Mind|p2a: Diancie\n|-boost|p2a: Diancie|spa|1\n|-boost|p2a: Diancie|spd|1\n|\n|-heal|p2b: Cresselia|46\/100|[from] item: Leftovers\n|-heal|p2a: Diancie|55\/100|[from] item: Leftovers\n|upkeep\n|turn|11\n|\n|t:|1698856672\n|move|p1a: Kommo-o|Clanging Scales|p2b: Cresselia|[spread] p2a,p2b\n|-damage|p2a: Diancie|24\/100\n|-damage|p2b: Cresselia|12\/100\n|-unboost|p1a: Kommo-o|def|1\n|move|p2b: Cresselia|Lunar Blessing|p2b: Cresselia|[spread] p2a,p2b\n|-heal|p2a: Diancie|49\/100\n|-heal|p2b: Cresselia|37\/100\n|move|p1b: Iron Hands|Wild Charge|p2a: Diancie\n|-supereffective|p2a: Diancie\n|-damage|p2a: Diancie|24\/100\n|-damage|p1b: Iron Hands|96\/100|[from] Recoil\n|move|p2a: Diancie|Calm Mind|p2a: Diancie\n|-boost|p2a: Diancie|spa|1\n|-boost|p2a: Diancie|spd|1\n|\n|-heal|p2b: Cresselia|43\/100|[from] item: Leftovers\n|-heal|p2a: Diancie|30\/100|[from] item: Leftovers\n|upkeep\n|turn|12\n|\n|t:|1698856681\n|move|p1a: Kommo-o|Clanging Scales|p2a: Diancie|[spread] p2a,p2b\n|-damage|p2a: Diancie|9\/100\n|-damage|p2b: Cresselia|14\/100\n|-unboost|p1a: Kommo-o|def|1\n|move|p2b: Cresselia|Lunar Blessing|p2b: Cresselia|[spread] p2a,p2b\n|-heal|p2a: Diancie|34\/100\n|-heal|p2b: Cresselia|39\/100\n|move|p1b: Iron Hands|Wild Charge|p2b: Cresselia\n|-damage|p2b: Cresselia|14\/100\n|-damage|p1b: Iron Hands|90\/100|[from] Recoil\n|move|p2a: Diancie|Draining Kiss|p1b: Iron Hands\n|-supereffective|p1b: Iron Hands\n|-damage|p1b: Iron Hands|55\/100\n|-heal|p2a: Diancie|72\/100|[from] drain|[of] p1b: Iron Hands\n|\n|-heal|p2b: Cresselia|20\/100|[from] item: Leftovers\n|-heal|p2a: Diancie|78\/100|[from] item: Leftovers\n|upkeep\n|turn|13\n|\n|t:|1698856699\n|switch|p2b: Ting-Lu|Ting-Lu|100\/100\n|-ability|p2b: Ting-Lu|Vessel of Ruin\n|move|p1a: Kommo-o|Clanging Scales|p2b: Ting-Lu|[spread] p2a,p2b\n|-damage|p2a: Diancie|62\/100\n|-damage|p2b: Ting-Lu|69\/100\n|-unboost|p1a: Kommo-o|def|1\n|move|p1b: Iron Hands|Wild Charge|p2a: Diancie\n|-supereffective|p2a: Diancie\n|-damage|p2a: Diancie|38\/100\n|-damage|p1b: Iron Hands|51\/100|[from] Recoil\n|move|p2a: Diancie|Body Press|p1a: Kommo-o\n|-supereffective|p1a: Kommo-o\n|-damage|p1a: Kommo-o|0 fnt\n|faint|p1a: Kommo-o\n|\n|-heal|p2a: Diancie|44\/100|[from] item: Leftovers\n|-heal|p2b: Ting-Lu|75\/100|[from] item: Leftovers\n|upkeep\n|\n|t:|1698856709\n|switch|p1a: Landorus|Landorus-Therian, M|70\/100\n|-ability|p1a: Landorus|Intimidate|boost\n|-fail|p2a: Diancie|unboost|[from] ability: Clear Body|[of] p2a: Diancie\n|-unboost|p2b: Ting-Lu|atk|1\n|turn|14\n|\n|t:|1698856721\n|-end|p1b: Iron Hands|Quark Drive|[silent]\n|switch|p1b: Clefairy|Clefairy, F|100\/100\n|switch|p2b: Landorus|Landorus-Therian, M|100\/100\n|-ability|p2b: Landorus|Intimidate|boost\n|-unboost|p1a: Landorus|atk|1\n|-unboost|p1b: Clefairy|atk|1\n|move|p1a: Landorus|U-turn|p2b: Landorus\n|-resisted|p2b: Landorus\n|-damage|p2b: Landorus|90\/100\n|\n|t:|1698856726\n|switch|p1a: Gholdengo|Gholdengo|89\/100|[from] U-turn\n|move|p2a: Diancie|Draining Kiss|p1a: Gholdengo\n|-resisted|p1a: Gholdengo\n|-damage|p1a: Gholdengo|75\/100\n|-heal|p2a: Diancie|55\/100|[from] drain|[of] p1a: Gholdengo\n|\n|-heal|p2a: Diancie|62\/100|[from] item: Leftovers\n|upkeep\n|turn|15\n|\n|t:|1698856746\n|move|p1b: Clefairy|Follow Me|p1b: Clefairy\n|-singleturn|p1b: Clefairy|move: Follow Me\n|move|p2b: Landorus|Stomping Tantrum|p1b: Clefairy\n|-crit|p1b: Clefairy\n|-damage|p1b: Clefairy|41\/100\n|move|p1a: Gholdengo|Nasty Plot|p1a: Gholdengo\n|-boost|p1a: Gholdengo|spa|2\n|move|p2a: Diancie|Draining Kiss|p1b: Clefairy\n|-damage|p1b: Clefairy|15\/100\n|-heal|p2a: Diancie|83\/100|[from] drain|[of] p1b: Clefairy\n|\n|-heal|p2a: Diancie|90\/100|[from] item: Leftovers\n|upkeep\n|turn|16\n|\n|t:|1698856775\n|switch|p2b: Cresselia|Cresselia, F|20\/100\n|move|p1b: Clefairy|Follow Me|p1b: Clefairy\n|-singleturn|p1b: Clefairy|move: Follow Me\n|move|p1a: Gholdengo|Make It Rain|p2b: Cresselia|[spread] p2a,p2b\n|-resisted|p2a: Diancie\n|-damage|p2a: Diancie|72\/100\n|-damage|p2b: Cresselia|0 fnt\n|-unboost|p1a: Gholdengo|spa|1\n|faint|p2b: Cresselia\n|move|p2a: Diancie|Draining Kiss|p1b: Clefairy\n|-damage|p1b: Clefairy|0 fnt\n|-heal|p2a: Diancie|84\/100|[from] drain|[of] p1b: Clefairy\n|faint|p1b: Clefairy\n|\n|-heal|p2a: Diancie|91\/100|[from] item: Leftovers\n|upkeep\n|\n|t:|1698856782\n|switch|p2b: Landorus|Landorus-Therian, M|90\/100\n|switch|p1b: Iron Hands|Iron Hands|51\/100\n|-ability|p2b: Landorus|Intimidate|boost\n|-unboost|p1a: Gholdengo|atk|1\n|-unboost|p1b: Iron Hands|atk|1\n|turn|17\n|\n|t:|1698856797\n|switch|p2b: Ting-Lu|Ting-Lu|75\/100\n|-ability|p2b: Ting-Lu|Vessel of Ruin\n|move|p1b: Iron Hands|Fake Out|p2b: Ting-Lu\n|-damage|p2b: Ting-Lu|70\/100\n|move|p1a: Gholdengo|Shadow Ball|p2b: Ting-Lu\n|-resisted|p2b: Ting-Lu\n|-damage|p2b: Ting-Lu|53\/100\n|move|p2a: Diancie|Draining Kiss|p1b: Iron Hands\n|-supereffective|p1b: Iron Hands\n|-damage|p1b: Iron Hands|25\/100\n|-heal|p2a: Diancie|100\/100|[from] drain|[of] p1b: Iron Hands\n|\n|-heal|p2b: Ting-Lu|59\/100|[from] item: Leftovers\n|upkeep\n|turn|18\n|\n|t:|1698856808\n|move|p1a: Gholdengo|Make It Rain|p2a: Diancie|[spread] p2a,p2b\n|-resisted|p2a: Diancie\n|-damage|p2a: Diancie|91\/100\n|-damage|p2b: Ting-Lu|24\/100\n|-unboost|p1a: Gholdengo|spa|1\n|move|p1b: Iron Hands|Drain Punch|p2b: Ting-Lu\n|-supereffective|p2b: Ting-Lu\n|-damage|p2b: Ting-Lu|0 fnt\n|-heal|p1b: Iron Hands|37\/100|[from] drain|[of] p2b: Ting-Lu\n|faint|p2b: Ting-Lu\n|move|p2a: Diancie|Draining Kiss|p1b: Iron Hands\n|-supereffective|p1b: Iron Hands\n|-damage|p1b: Iron Hands|5\/100\n|-heal|p2a: Diancie|100\/100|[from] drain|[of] p1b: Iron Hands\n|\n|upkeep\n|\n|t:|1698856838\n|switch|p2b: Landorus|Landorus-Therian, M|90\/100\n|-ability|p2b: Landorus|Intimidate|boost\n|-unboost|p1a: Gholdengo|atk|1\n|-unboost|p1b: Iron Hands|atk|1\n|turn|19\n|\n|t:|1698856859\n|-end|p1b: Iron Hands|Quark Drive|[silent]\n|switch|p1b: Landorus|Landorus-Therian, M|70\/100\n|-ability|p1b: Landorus|Intimidate|boost\n|-fail|p2a: Diancie|unboost|[from] ability: Clear Body|[of] p2a: Diancie\n|-unboost|p2b: Landorus|atk|1\n|move|p1a: Gholdengo|Protect|p1a: Gholdengo\n|-singleturn|p1a: Gholdengo|Protect\n|move|p2b: Landorus|Rock Slide|p1a: Gholdengo|[spread] p1b\n|-activate|p1a: Gholdengo|move: Protect\n|-crit|p1b: Landorus\n|-damage|p1b: Landorus|27\/100\n|move|p2a: Diancie|Calm Mind|p2a: Diancie\n|-boost|p2a: Diancie|spa|1\n|-boost|p2a: Diancie|spd|1\n|\n|upkeep\n|turn|20\n|\n|t:|1698856874\n|move|p1b: Landorus|U-turn|p2a: Diancie\n|-damage|p2a: Diancie|94\/100\n|\n|t:|1698856876\n|switch|p1b: Iron Hands|Iron Hands|5\/100|[from] U-turn\n|move|p2b: Landorus|Rock Slide|p1b: Iron Hands|[spread] p1a,p1b\n|-resisted|p1a: Gholdengo\n|-resisted|p1b: Iron Hands\n|-damage|p1a: Gholdengo|65\/100\n|-damage|p1b: Iron Hands|0 fnt\n|faint|p1b: Iron Hands\n|-end|p1b: Iron Hands|Quark Drive|[silent]\n|move|p1a: Gholdengo|Shadow Ball|p2b: Landorus\n|-damage|p2b: Landorus|32\/100\n|move|p2a: Diancie|Calm Mind|p2a: Diancie\n|-boost|p2a: Diancie|spa|1\n|-boost|p2a: Diancie|spd|1\n|\n|-heal|p2a: Diancie|99\/100|[from] item: Leftovers\n|upkeep\n|\n|t:|1698856878\n|switch|p1b: Landorus|Landorus-Therian, M|27\/100\n|-ability|p1b: Landorus|Intimidate|boost\n|-fail|p2a: Diancie|unboost|[from] ability: Clear Body|[of] p2a: Diancie\n|-unboost|p2b: Landorus|atk|1\n|turn|21\n|\n|t:|1698856907\n|move|p1b: Landorus|Stomping Tantrum|p2a: Diancie\n|-damage|p2a: Diancie|87\/100\n|move|p2b: Landorus|Rock Slide|p1b: Landorus|[spread] p1a,p1b\n|-resisted|p1a: Gholdengo\n|-damage|p1a: Gholdengo|58\/100\n|-damage|p1b: Landorus|14\/100\n|move|p1a: Gholdengo|Shadow Ball|p2b: Landorus\n|-damage|p2b: Landorus|0 fnt\n|faint|p2b: Landorus\n|move|p2a: Diancie|Calm Mind|p2a: Diancie\n|-boost|p2a: Diancie|spa|1\n|-boost|p2a: Diancie|spd|1\n|\n|-heal|p2a: Diancie|94\/100|[from] item: Leftovers\n|upkeep\n|turn|22\n|\n|t:|1698856920\n|move|p1b: Landorus|Stomping Tantrum|p2a: Diancie\n|-damage|p2a: Diancie|83\/100\n|move|p1a: Gholdengo|Shadow Ball|p2a: Diancie\n|-damage|p2a: Diancie|74\/100\n|move|p2a: Diancie|Calm Mind|p2a: Diancie\n|-boost|p2a: Diancie|spa|1\n|-boost|p2a: Diancie|spd|1\n|\n|-heal|p2a: Diancie|80\/100|[from] item: Leftovers\n|upkeep\n|turn|23\n|\n|t:|1698856928\n|move|p1b: Landorus|Stomping Tantrum|p2a: Diancie\n|-damage|p2a: Diancie|69\/100\n|move|p1a: Gholdengo|Nasty Plot|p1a: Gholdengo\n|-boost|p1a: Gholdengo|spa|2\n|move|p2a: Diancie|Draining Kiss|p1b: Landorus\n|-damage|p1b: Landorus|0 fnt\n|-heal|p2a: Diancie|79\/100|[from] drain|[of] p1b: Landorus\n|faint|p1b: Landorus\n|\n|-heal|p2a: Diancie|86\/100|[from] item: Leftovers\n|upkeep\n|turn|24\n|\n|t:|1698856933\n|move|p1a: Gholdengo|Shadow Ball|p2a: Diancie\n|-damage|p2a: Diancie|70\/100\n|move|p2a: Diancie|Draining Kiss|p1a: Gholdengo\n|-resisted|p1a: Gholdengo\n|-damage|p1a: Gholdengo|20\/100\n|-heal|p2a: Diancie|99\/100|[from] drain|[of] p1a: Gholdengo\n|\n|-heal|p2a: Diancie|100\/100|[from] item: Leftovers\n|upkeep\n|turn|25\n|-message|Okayyyyletsgo forfeited.\n|\n|win|agerdam\n|raw|Okayyyyletsgo's rating: 1420 &rarr; <strong>1411<\/strong><br \/>(-9 for losing)\n|raw|agerdam's rating: 1642 &rarr; <strong>1651<\/strong><br \/>(+9 for winning)\n|l|\u2606Okayyyyletsgo\n","uploadtime":1698856947,"views":26,"p1id":"okayyyyletsgo","p2id":"agerdam","formatid":"gen9doublesou","rating":1411,"private":0,"password":""}