{"id":"gen9doublesou-1968313144","p1":"Bobsican","p2":"DOUFB Love Live!","format":"[Gen 9] Doubles OU","log":"|html|<div class=\"broadcast-blue\"><strong>[Gen 9] Doubles OU is currently suspecting Basculegion & Flutter Mane! For information on how to participate check out the <a href=\"https:\/\/www.smogon.com\/forums\/threads\/np-sv-dou-stage-8-double-trouble.3729153\/\">suspect thread<\/a>.<\/strong><\/div>\n|j|\u2606Bobsican\n|j|\u2606DOUFB Love Live!\n|t:|1697405084\n|gametype|doubles\n|player|p1|Bobsican|2|1388\n|player|p2|DOUFB Love Live!|twins-gen4|1533\n|teamsize|p1|6\n|teamsize|p2|6\n|gen|9\n|tier|[Gen 9] Doubles OU\n|rated|\n|rule|Species Clause: Limit one of each Pok\u00e9mon\n|rule|OHKO Clause: OHKO moves are banned\n|rule|Evasion Moves Clause: Evasion moves are banned\n|rule|Gravity Sleep Clause: The combination of sleep-inducing moves with imperfect accuracy and Gravity or Gigantamax Orbeetle are banned\n|rule|Endless Battle Clause: Forcing endless battles is banned\n|rule|HP Percentage Mod: HP is shown in percentages\n|clearpoke\n|poke|p1|Rillaboom, M|\n|poke|p1|Ogerpon-Hearthflame, F|\n|poke|p1|Chien-Pao|\n|poke|p1|Dragonite, M|\n|poke|p1|Flutter Mane|\n|poke|p1|Basculegion, M|\n|poke|p2|Flutter Mane|\n|poke|p2|Basculegion, M|\n|poke|p2|Ogerpon-Hearthflame, F|\n|poke|p2|Rillaboom, F|\n|poke|p2|Dragonite, M|\n|poke|p2|Chien-Pao|\n|teampreview\n|inactive|Battle timer is ON: inactive players will automatically lose when time's up. (requested by DOUFB Love Live!)\n|\n|t:|1697405105\n|start\n|switch|p1a: Chien-Pao|Chien-Pao|100\/100\n|switch|p1b: Basculegion|Basculegion, M|100\/100\n|switch|p2a: Dragonite|Dragonite, M|100\/100\n|switch|p2b: Chien-Pao|Chien-Pao|100\/100\n|-ability|p1a: Chien-Pao|Sword of Ruin\n|-ability|p2b: Chien-Pao|Sword of Ruin\n|turn|1\n|\n|t:|1697405126\n|switch|p1b: Ogerpon|Ogerpon-Hearthflame, F|100\/100\n|-ability|p1b: Ogerpon|Mold Breaker\n|-terastallize|p2a: Dragonite|Normal\n|move|p2a: Dragonite|Extreme Speed|p1a: Chien-Pao\n|-enditem|p1a: Chien-Pao|Focus Sash\n|-damage|p1a: Chien-Pao|1\/100\n|move|p2b: Chien-Pao|Sucker Punch|p1a: Chien-Pao\n|-resisted|p1a: Chien-Pao\n|-crit|p1a: Chien-Pao\n|-damage|p1a: Chien-Pao|0 fnt\n|faint|p1a: Chien-Pao\n|\n|upkeep\n|inactive|Bobsican has 120 seconds left.\n|\n|t:|1697405144\n|switch|p1a: Flutter Mane|Flutter Mane|100\/100\n|turn|2\n|\n|t:|1697405153\n|switch|p2a: Ogerpon|Ogerpon-Hearthflame, F|100\/100\n|-ability|p2a: Ogerpon|Mold Breaker\n|move|p1b: Ogerpon|Follow Me|p1b: Ogerpon\n|-singleturn|p1b: Ogerpon|move: Follow Me\n|move|p2b: Chien-Pao|Sucker Punch||[still]\n|-fail|p2b: Chien-Pao\n|move|p1a: Flutter Mane|Moonblast|p2b: Chien-Pao\n|-supereffective|p2b: Chien-Pao\n|-enditem|p2b: Chien-Pao|Focus Sash\n|-damage|p2b: Chien-Pao|1\/100\n|-unboost|p2b: Chien-Pao|spa|1\n|\n|upkeep\n|turn|3\n|inactive|Bobsican has 120 seconds left.\n|\n|t:|1697405188\n|move|p1b: Ogerpon|Follow Me|p1b: Ogerpon\n|-singleturn|p1b: Ogerpon|move: Follow Me\n|move|p1a: Flutter Mane|Moonblast|p2b: Chien-Pao\n|-supereffective|p2b: Chien-Pao\n|-crit|p2b: Chien-Pao\n|-damage|p2b: Chien-Pao|0 fnt\n|faint|p2b: Chien-Pao\n|move|p2a: Ogerpon|Ivy Cudgel|p1b: Ogerpon\n|-damage|p1b: Ogerpon|32\/100\n|\n|upkeep\n|\n|t:|1697405202\n|switch|p2b: Rillaboom|Rillaboom, F|100\/100\n|-fieldstart|move: Grassy Terrain|[from] ability: Grassy Surge|[of] p2b: Rillaboom\n|turn|4\n|\n|t:|1697405210\n|-end|p1a: Flutter Mane|Protosynthesis|[silent]\n|switch|p1a: Rillaboom|Rillaboom, M|100\/100\n|move|p1b: Ogerpon|Spiky Shield|p1b: Ogerpon\n|-singleturn|p1b: Ogerpon|move: Protect\n|move|p2b: Rillaboom|Fake Out|p1b: Ogerpon\n|-activate|p1b: Ogerpon|move: Protect\n|-damage|p2b: Rillaboom|88\/100|[from] Spiky Shield|[of] p1b: Ogerpon\n|move|p2a: Ogerpon|Grassy Glide|p1a: Rillaboom\n|-resisted|p1a: Rillaboom\n|-damage|p1a: Rillaboom|76\/100\n|\n|-heal|p1b: Ogerpon|38\/100|[from] Grassy Terrain\n|-heal|p2b: Rillaboom|94\/100|[from] Grassy Terrain\n|-heal|p1a: Rillaboom|82\/100|[from] Grassy Terrain\n|upkeep\n|turn|5\n|\n|t:|1697405233\n|switch|p2b: Dragonite|Dragonite, M, tera:Normal|100\/100\n|move|p1a: Rillaboom|Fake Out|p2a: Ogerpon\n|-damage|p2a: Ogerpon|83\/100\n|move|p1b: Ogerpon|Ivy Cudgel|p2b: Dragonite\n|-damage|p2b: Dragonite|42\/100\n|cant|p2a: Ogerpon|flinch\n|\n|-heal|p2a: Ogerpon|90\/100|[from] Grassy Terrain\n|-heal|p1b: Ogerpon|44\/100|[from] Grassy Terrain\n|-heal|p1a: Rillaboom|88\/100|[from] Grassy Terrain\n|-heal|p2b: Dragonite|48\/100|[from] Grassy Terrain\n|upkeep\n|turn|6\n|inactive|Bobsican has 120 seconds left.\n|\n|t:|1697405266\n|switch|p1a: Basculegion|Basculegion, M|100\/100\n|move|p1b: Ogerpon|Spiky Shield|p1b: Ogerpon\n|-singleturn|p1b: Ogerpon|move: Protect\n|move|p2b: Dragonite|Extreme Speed|p1b: Ogerpon\n|-activate|p1b: Ogerpon|move: Protect\n|-damage|p2b: Dragonite|36\/100|[from] Spiky Shield|[of] p1b: Ogerpon\n|move|p2a: Ogerpon|Ivy Cudgel|p1a: Basculegion\n|-resisted|p1a: Basculegion\n|-damage|p1a: Basculegion|60\/100\n|\n|-heal|p1a: Basculegion|66\/100|[from] Grassy Terrain\n|-heal|p2a: Ogerpon|96\/100|[from] Grassy Terrain\n|-heal|p1b: Ogerpon|50\/100|[from] Grassy Terrain\n|-heal|p2b: Dragonite|42\/100|[from] Grassy Terrain\n|upkeep\n|turn|7\n|inactive|Bobsican has 120 seconds left.\n|\n|t:|1697405308\n|-terastallize|p1b: Ogerpon|Fire\n|detailschange|p1b: Ogerpon|Ogerpon-Hearthflame-Tera, F, tera:Fire\n|-ability|p1b: Ogerpon|Embody Aspect (Hearthflame)|boost\n|-boost|p1b: Ogerpon|atk|1\n|move|p2b: Dragonite|Extreme Speed|p1b: Ogerpon\n|-damage|p1b: Ogerpon|0 fnt\n|faint|p1b: Ogerpon\n|move|p2a: Ogerpon|Grassy Glide|p1a: Basculegion\n|-supereffective|p1a: Basculegion\n|-damage|p1a: Basculegion|0 fnt\n|faint|p1a: Basculegion\n|\n|-heal|p2a: Ogerpon|100\/100|[from] Grassy Terrain\n|-heal|p2b: Dragonite|48\/100|[from] Grassy Terrain\n|upkeep\n|\n|t:|1697405319\n|switch|p1a: Flutter Mane|Flutter Mane|100\/100\n|switch|p1b: Dragonite|Dragonite, M|100\/100\n|turn|8\n|inactive|Bobsican has 120 seconds left.\n|\n|t:|1697405336\n|move|p2a: Ogerpon|Spiky Shield|p2a: Ogerpon\n|-singleturn|p2a: Ogerpon|move: Protect\n|move|p1b: Dragonite|Extreme Speed|p2b: Dragonite\n|-damage|p2b: Dragonite|2\/100\n|move|p2b: Dragonite|Extreme Speed|p1b: Dragonite\n|-damage|p1b: Dragonite|37\/100\n|move|p1a: Flutter Mane|Shadow Ball|p2a: Ogerpon\n|-activate|p2a: Ogerpon|move: Protect\n|\n|-heal|p2b: Dragonite|8\/100|[from] Grassy Terrain\n|-fieldend|move: Grassy Terrain\n|upkeep\n|turn|9\n|inactive|Bobsican has 120 seconds left.\n|\n|t:|1697405351\n|switch|p2b: Rillaboom|Rillaboom, F|94\/100\n|-fieldstart|move: Grassy Terrain|[from] ability: Grassy Surge|[of] p2b: Rillaboom\n|move|p1b: Dragonite|Extreme Speed|p2b: Rillaboom\n|-damage|p2b: Rillaboom|46\/100\n|move|p2a: Ogerpon|Grassy Glide|p1a: Flutter Mane\n|-damage|p1a: Flutter Mane|11\/100\n|move|p1a: Flutter Mane|Shadow Ball|p2a: Ogerpon\n|-damage|p2a: Ogerpon|44\/100\n|\n|-heal|p1a: Flutter Mane|17\/100|[from] Grassy Terrain\n|-heal|p2a: Ogerpon|50\/100|[from] Grassy Terrain\n|-heal|p2b: Rillaboom|52\/100|[from] Grassy Terrain\n|upkeep\n|turn|10\n|\n|t:|1697405375\n|move|p2a: Ogerpon|Spiky Shield|p2a: Ogerpon\n|-singleturn|p2a: Ogerpon|move: Protect\n|move|p1b: Dragonite|Extreme Speed|p2b: Rillaboom\n|-damage|p2b: Rillaboom|6\/100\n|move|p1a: Flutter Mane|Shadow Ball|p2a: Ogerpon\n|-activate|p2a: Ogerpon|move: Protect\n|move|p2b: Rillaboom|Wood Hammer|p1a: Flutter Mane\n|-damage|p1a: Flutter Mane|0 fnt\n|faint|p1a: Flutter Mane\n|-end|p1a: Flutter Mane|Protosynthesis|[silent]\n|-damage|p2b: Rillaboom|2\/100|[from] Recoil\n|\n|-heal|p2a: Ogerpon|56\/100|[from] Grassy Terrain\n|-heal|p2b: Rillaboom|8\/100|[from] Grassy Terrain\n|upkeep\n|\n|t:|1697405380\n|switch|p1a: Rillaboom|Rillaboom, M|88\/100\n|turn|11\n|\n|t:|1697405398\n|switch|p2b: Dragonite|Dragonite, M, tera:Normal|8\/100\n|move|p1a: Rillaboom|Fake Out|p2a: Ogerpon\n|-damage|p2a: Ogerpon|39\/100\n|move|p1b: Dragonite|Extreme Speed|p2b: Dragonite\n|-damage|p2b: Dragonite|0 fnt\n|faint|p2b: Dragonite\n|cant|p2a: Ogerpon|flinch\n|\n|-heal|p2a: Ogerpon|45\/100|[from] Grassy Terrain\n|-heal|p1a: Rillaboom|94\/100|[from] Grassy Terrain\n|upkeep\n|\n|t:|1697405405\n|switch|p2b: Flutter Mane|Flutter Mane|100\/100\n|turn|12\n|\n|t:|1697405413\n|move|p1b: Dragonite|Extreme Speed|p2a: Ogerpon\n|-damage|p2a: Ogerpon|0 fnt\n|faint|p2a: Ogerpon\n|move|p1a: Rillaboom|Grassy Glide|p2b: Flutter Mane\n|-damage|p2b: Flutter Mane|29\/100\n|move|p2b: Flutter Mane|Dazzling Gleam|p1a: Rillaboom|[spread] p1a,p1b\n|-supereffective|p1b: Dragonite\n|-crit|p1b: Dragonite\n|-damage|p1a: Rillaboom|59\/100\n|-damage|p1b: Dragonite|0 fnt\n|faint|p1b: Dragonite\n|\n|-heal|p2b: Flutter Mane|35\/100|[from] Grassy Terrain\n|-heal|p1a: Rillaboom|65\/100|[from] Grassy Terrain\n|upkeep\n|\n|t:|1697405417\n|switch|p2a: Basculegion|Basculegion, M|100\/100\n|turn|13\n|\n|t:|1697405432\n|move|p1a: Rillaboom|Grassy Glide|p2a: Basculegion\n|-supereffective|p2a: Basculegion\n|-damage|p2a: Basculegion|0 fnt\n|faint|p2a: Basculegion\n|move|p2b: Flutter Mane|Dazzling Gleam|p1a: Rillaboom\n|-damage|p1a: Rillaboom|18\/100\n|\n|-heal|p2b: Flutter Mane|41\/100|[from] Grassy Terrain\n|-heal|p1a: Rillaboom|24\/100|[from] Grassy Terrain\n|-fieldend|move: Grassy Terrain\n|upkeep\n|\n|t:|1697405435\n|switch|p2a: Rillaboom|Rillaboom, F|8\/100\n|-fieldstart|move: Grassy Terrain|[from] ability: Grassy Surge|[of] p2a: Rillaboom\n|turn|14\n|\n|t:|1697405440\n|move|p2a: Rillaboom|Fake Out|p1a: Rillaboom\n|-damage|p1a: Rillaboom|10\/100\n|cant|p1a: Rillaboom|flinch\n|move|p2b: Flutter Mane|Dazzling Gleam|p1a: Rillaboom\n|-damage|p1a: Rillaboom|0 fnt\n|faint|p1a: Rillaboom\n|\n|win|DOUFB Love Live!\n|raw|Bobsican's rating: 1388 &rarr; <strong>1376<\/strong><br \/>(-12 for losing)\n|raw|DOUFB Love Live!'s rating: 1533 &rarr; <strong>1545<\/strong><br \/>(+12 for winning)\n|l|\u2606Bobsican\n","uploadtime":1697405450,"views":12,"p1id":"bobsican","p2id":"doufblovelive","formatid":"gen9doublesou","rating":1376,"private":0,"password":""}