{"id":"gen9doublesou-1993451616","p1":"Diniz41","p2":"OPieceOfHeroGhost","format":"[Gen 9] Doubles OU","log":"|j|\u2606Diniz41\n|j|\u2606OPieceOfHeroGhost\n|t:|1700319584\n|gametype|doubles\n|player|p1|Diniz41|hiker|1389\n|player|p2|OPieceOfHeroGhost|morty|1491\n|teamsize|p1|6\n|teamsize|p2|6\n|gen|9\n|tier|[Gen 9] Doubles OU\n|rated|\n|rule|Species Clause: Limit one of each Pok\u00e9mon\n|rule|OHKO Clause: OHKO moves are banned\n|rule|Evasion Moves Clause: Evasion moves are banned\n|rule|Gravity Sleep Clause: The combination of sleep-inducing moves with imperfect accuracy and Gravity or Gigantamax Orbeetle are banned\n|rule|Endless Battle Clause: Forcing endless battles is banned\n|rule|HP Percentage Mod: HP is shown in percentages\n|clearpoke\n|poke|p1|Oranguru, M|\n|poke|p1|Gastrodon, M|\n|poke|p1|Chi-Yu|\n|poke|p1|Gothitelle, M|\n|poke|p1|Sinistcha|\n|poke|p1|Ting-Lu|\n|poke|p2|Regieleki|\n|poke|p2|Sneasler, F|\n|poke|p2|Rillaboom, M|\n|poke|p2|Ogerpon-Hearthflame, F|\n|poke|p2|Farigiraf, F|\n|poke|p2|Landorus-Therian, M|\n|teampreview\n|\n|t:|1700319595\n|start\n|switch|p1a: Gastrodon|Gastrodon, M|100\/100\n|switch|p1b: Oranguru|Oranguru, M|100\/100\n|switch|p2a: Rillaboom|Rillaboom, M|100\/100\n|switch|p2b: Ogerpon|Ogerpon-Hearthflame, F|100\/100\n|-ability|p2b: Ogerpon|Mold Breaker\n|-fieldstart|move: Grassy Terrain|[from] ability: Grassy Surge|[of] p2a: Rillaboom\n|turn|1\n|\n|t:|1700319612\n|-terastallize|p1a: Gastrodon|Fire\n|move|p2a: Rillaboom|Fake Out|p1a: Gastrodon\n|-damage|p1a: Gastrodon|86\/100\n|move|p2b: Ogerpon|Swords Dance|p2b: Ogerpon\n|-boost|p2b: Ogerpon|atk|2\n|cant|p1a: Gastrodon|flinch\n|move|p1b: Oranguru|Trick Room|p1b: Oranguru\n|-fieldstart|move: Trick Room|[of] p1b: Oranguru\n|\n|-heal|p1a: Gastrodon|92\/100|[from] Grassy Terrain\n|-heal|p1a: Gastrodon|98\/100|[from] item: Leftovers\n|upkeep\n|turn|2\n|\n|t:|1700319634\n|move|p2a: Rillaboom|Grassy Glide|p1a: Gastrodon\n|-resisted|p1a: Gastrodon\n|-damage|p1a: Gastrodon|80\/100\n|move|p2b: Ogerpon|Grassy Glide|p1a: Gastrodon\n|-resisted|p1a: Gastrodon\n|-damage|p1a: Gastrodon|35\/100\n|move|p1a: Gastrodon|Stockpile|p1a: Gastrodon\n|-start|p1a: Gastrodon|stockpile1\n|-boost|p1a: Gastrodon|def|1\n|-boost|p1a: Gastrodon|spd|1\n|move|p1b: Oranguru|Encore|p2b: Ogerpon\n|-start|p2b: Ogerpon|Encore\n|\n|-heal|p1a: Gastrodon|41\/100|[from] Grassy Terrain\n|-heal|p1a: Gastrodon|47\/100|[from] item: Leftovers\n|upkeep\n|turn|3\n|\n|t:|1700319653\n|move|p2a: Rillaboom|Grassy Glide|p1a: Gastrodon\n|-resisted|p1a: Gastrodon\n|-damage|p1a: Gastrodon|34\/100\n|move|p2b: Ogerpon|Grassy Glide|p1a: Gastrodon\n|-resisted|p1a: Gastrodon\n|-damage|p1a: Gastrodon|6\/100\n|move|p1a: Gastrodon|Recover|p1a: Gastrodon\n|-heal|p1a: Gastrodon|56\/100\n|move|p1b: Oranguru|Psychic|p2b: Ogerpon\n|-damage|p2b: Ogerpon|71\/100\n|\n|-heal|p1a: Gastrodon|62\/100|[from] Grassy Terrain\n|-heal|p1a: Gastrodon|68\/100|[from] item: Leftovers\n|-heal|p2b: Ogerpon|77\/100|[from] Grassy Terrain\n|upkeep\n|turn|4\n|\n|t:|1700319672\n|move|p2b: Ogerpon|Grassy Glide|p1b: Oranguru\n|-crit|p1b: Oranguru\n|-damage|p1b: Oranguru|0 fnt\n|faint|p1b: Oranguru\n|move|p1a: Gastrodon|Stockpile|p1a: Gastrodon\n|-start|p1a: Gastrodon|stockpile2\n|-boost|p1a: Gastrodon|def|1\n|-boost|p1a: Gastrodon|spd|1\n|move|p2a: Rillaboom|U-turn|p1a: Gastrodon\n|-resisted|p1a: Gastrodon\n|-damage|p1a: Gastrodon|62\/100\n|\n|t:|1700319689\n|switch|p2a: Landorus|Landorus-Therian, M|100\/100|[from] U-turn\n|-ability|p2a: Landorus|Intimidate|boost\n|-unboost|p1a: Gastrodon|atk|1\n|\n|-heal|p1a: Gastrodon|68\/100|[from] Grassy Terrain\n|-heal|p1a: Gastrodon|74\/100|[from] item: Leftovers\n|-heal|p2b: Ogerpon|83\/100|[from] Grassy Terrain\n|upkeep\n|\n|t:|1700319692\n|switch|p1b: Chi-Yu|Chi-Yu|100\/100\n|-ability|p1b: Chi-Yu|Beads of Ruin\n|turn|5\n|\n|t:|1700319716\n|switch|p2b: Rillaboom|Rillaboom, M|100\/100\n|move|p1a: Gastrodon|Earth Power|p2b: Rillaboom\n|-resisted|p2b: Rillaboom\n|-damage|p2b: Rillaboom|87\/100\n|move|p1b: Chi-Yu|Heat Wave|p2b: Rillaboom|[spread] p2a,p2b\n|-supereffective|p2b: Rillaboom\n|-damage|p2a: Landorus|27\/100\n|-damage|p2b: Rillaboom|0 fnt\n|faint|p2b: Rillaboom\n|-damage|p1b: Chi-Yu|91\/100|[from] item: Life Orb\n|move|p2a: Landorus|Stomping Tantrum|p1a: Gastrodon\n|-supereffective|p1a: Gastrodon\n|-damage|p1a: Gastrodon|29\/100\n|\n|-heal|p1a: Gastrodon|35\/100|[from] Grassy Terrain\n|-heal|p1a: Gastrodon|41\/100|[from] item: Leftovers\n|-heal|p1b: Chi-Yu|97\/100|[from] Grassy Terrain\n|-fieldend|move: Trick Room\n|-fieldend|move: Grassy Terrain\n|upkeep\n|\n|t:|1700319741\n|switch|p2b: Ogerpon|Ogerpon-Hearthflame, F|83\/100\n|-ability|p2b: Ogerpon|Mold Breaker\n|turn|6\n|\n|t:|1700319751\n|move|p1b: Chi-Yu|Protect|p1b: Chi-Yu\n|-singleturn|p1b: Chi-Yu|Protect\n|move|p2a: Landorus|Stomping Tantrum|p1b: Chi-Yu\n|-activate|p1b: Chi-Yu|move: Protect\n|move|p2b: Ogerpon|Swords Dance|p2b: Ogerpon\n|-boost|p2b: Ogerpon|atk|2\n|move|p1a: Gastrodon|Icy Wind|p2b: Ogerpon|[spread] p2a,p2b\n|-supereffective|p2a: Landorus\n|-crit|p2a: Landorus\n|-damage|p2a: Landorus|0 fnt\n|-damage|p2b: Ogerpon|71\/100\n|-unboost|p2b: Ogerpon|spe|1\n|faint|p2a: Landorus\n|\n|-heal|p1a: Gastrodon|47\/100|[from] item: Leftovers\n|upkeep\n|\n|t:|1700319762\n|switch|p2a: Regieleki|Regieleki|100\/100\n|turn|7\n|\n|t:|1700319771\n|switch|p1b: Ting-Lu|Ting-Lu|100\/100\n|-ability|p1b: Ting-Lu|Vessel of Ruin\n|-terastallize|p2b: Ogerpon|Fire\n|detailschange|p2b: Ogerpon|Ogerpon-Hearthflame-Tera, F, tera:Fire\n|-ability|p2b: Ogerpon|Embody Aspect (Hearthflame)|boost\n|-boost|p2b: Ogerpon|atk|1\n|move|p2a: Regieleki|Thunderbolt|p1b: Ting-Lu\n|-immune|p1b: Ting-Lu\n|move|p2b: Ogerpon|Ivy Cudgel|p1a: Gastrodon|[anim] Ivy Cudgel Fire\n|-resisted|p1a: Gastrodon\n|-damage|p1a: Gastrodon|0 fnt\n|faint|p1a: Gastrodon\n|\n|upkeep\n|\n|t:|1700319786\n|switch|p1a: Chi-Yu|Chi-Yu|97\/100\n|-ability|p1a: Chi-Yu|Beads of Ruin\n|turn|8\n|\n|t:|1700319796\n|move|p2a: Regieleki|Thunderbolt|p1a: Chi-Yu\n|-damage|p1a: Chi-Yu|42\/100\n|-damage|p2a: Regieleki|91\/100|[from] item: Life Orb\n|move|p1a: Chi-Yu|Heat Wave|p2a: Regieleki|[spread] p2a,p2b\n|-resisted|p2b: Ogerpon\n|-damage|p2a: Regieleki|13\/100\n|-damage|p2b: Ogerpon|46\/100\n|-status|p2a: Regieleki|brn\n|-damage|p1a: Chi-Yu|32\/100|[from] item: Life Orb\n|move|p2b: Ogerpon|Ivy Cudgel|p1b: Ting-Lu|[anim] Ivy Cudgel Fire\n|-damage|p1b: Ting-Lu|7\/100\n|move|p1b: Ting-Lu|Stomping Tantrum|p2a: Regieleki\n|-supereffective|p2a: Regieleki\n|-damage|p2a: Regieleki|0 fnt\n|faint|p2a: Regieleki\n|\n|-heal|p1b: Ting-Lu|14\/100|[from] item: Leftovers\n|upkeep\n|\n|t:|1700319815\n|switch|p2a: Sneasler|Sneasler, F|100\/100\n|turn|9\n|\n|t:|1700319827\n|switch|p1b: Sinistcha|Sinistcha|100\/100\n|-heal|p1a: Chi-Yu|56\/100|[from] ability: Hospitality|[of] p1b: Sinistcha\n|move|p1a: Chi-Yu|Protect|p1a: Chi-Yu\n|-singleturn|p1a: Chi-Yu|Protect\n|move|p2a: Sneasler|Close Combat|p1a: Chi-Yu\n|-activate|p1a: Chi-Yu|move: Protect\n|move|p2b: Ogerpon|Ivy Cudgel|p1b: Sinistcha|[anim] Ivy Cudgel Fire\n|-supereffective|p1b: Sinistcha\n|-damage|p1b: Sinistcha|0 fnt\n|faint|p1b: Sinistcha\n|\n|upkeep\n|\n|t:|1700319843\n|switch|p1b: Ting-Lu|Ting-Lu|14\/100\n|-ability|p1b: Ting-Lu|Vessel of Ruin\n|turn|10\n|\n|t:|1700319852\n|move|p2a: Sneasler|Close Combat|p1a: Chi-Yu\n|-supereffective|p1a: Chi-Yu\n|-damage|p1a: Chi-Yu|0 fnt\n|-unboost|p2a: Sneasler|def|1\n|-unboost|p2a: Sneasler|spd|1\n|faint|p1a: Chi-Yu\n|move|p2b: Ogerpon|Ivy Cudgel|p1b: Ting-Lu|[anim] Ivy Cudgel Fire\n|-crit|p1b: Ting-Lu\n|-damage|p1b: Ting-Lu|0 fnt\n|faint|p1b: Ting-Lu\n|\n|upkeep\n|\n|t:|1700319855\n|switch|p1b: Gothitelle|Gothitelle, M|100\/100\n|turn|11\n|\n|t:|1700319867\n|move|p2a: Sneasler|Gunk Shot|p1b: Gothitelle\n|-damage|p1b: Gothitelle|35\/100\n|move|p2b: Ogerpon|Ivy Cudgel|p1b: Gothitelle|[anim] Ivy Cudgel Fire\n|-damage|p1b: Gothitelle|0 fnt\n|faint|p1b: Gothitelle\n|\n|win|OPieceOfHeroGhost\n|raw|Diniz41's rating: 1389 &rarr; <strong>1375<\/strong><br \/>(-14 for losing)\n|raw|OPieceOfHeroGhost's rating: 1491 &rarr; <strong>1505<\/strong><br \/>(+14 for winning)\n|l|\u2606Diniz41\n","uploadtime":1700319872,"views":5,"p1id":"diniz41","p2id":"opieceofheroghost","formatid":"gen9doublesou","rating":1375,"private":0,"password":""}