{"id":"gen9doublesou-1994429763","p1":"RLisanidiot","p2":"Mister Huang","format":"[Gen 9] Doubles OU","log":"|j|\u2606RLisanidiot\n|j|\u2606Mister Huang\n|t:|1700443003\n|gametype|doubles\n|player|p1|RLisanidiot|unknownf|1338\n|player|p2|Mister Huang|ghetsis|1385\n|teamsize|p1|6\n|teamsize|p2|6\n|gen|9\n|tier|[Gen 9] Doubles OU\n|rated|\n|rule|Species Clause: Limit one of each Pok\u00e9mon\n|rule|OHKO Clause: OHKO moves are banned\n|rule|Evasion Moves Clause: Evasion moves are banned\n|rule|Gravity Sleep Clause: The combination of sleep-inducing moves with imperfect accuracy and Gravity or Gigantamax Orbeetle are banned\n|rule|Endless Battle Clause: Forcing endless battles is banned\n|rule|HP Percentage Mod: HP is shown in percentages\n|clearpoke\n|poke|p1|Ninetales-Alola, F|\n|poke|p1|Chien-Pao|\n|poke|p1|Flutter Mane|\n|poke|p1|Tornadus, M|\n|poke|p1|Pachirisu, M|\n|poke|p1|Rillaboom, M|\n|poke|p2|Golem-Alola, F|\n|poke|p2|Sinistcha|\n|poke|p2|Iron Bundle|\n|poke|p2|Iron Hands|\n|poke|p2|Rabsca, M|\n|poke|p2|Ninetales-Alola, F|\n|teampreview\n|inactive|Battle timer is ON: inactive players will automatically lose when time's up. (requested by RLisanidiot)\n|\n|t:|1700443014\n|start\n|switch|p1a: Ninetales|Ninetales-Alola, F, shiny|100\/100\n|switch|p1b: Flutter Mane|Flutter Mane|100\/100\n|switch|p2a: Fallout|Golem-Alola, F, shiny|100\/100\n|switch|p2b: Rabsca|Rabsca, M|100\/100\n|-weather|Snow|[from] ability: Snow Warning|[of] p1a: Ninetales\n|turn|1\n|\n|t:|1700443026\n|move|p2a: Fallout|Wide Guard|p2a: Fallout\n|-singleturn|p2a: Fallout|Wide Guard\n|move|p1b: Flutter Mane|Moonblast|p2a: Fallout\n|-damage|p2a: Fallout|0 fnt\n|faint|p2a: Fallout\n|move|p1a: Ninetales|Aurora Veil|p1a: Ninetales\n|-sidestart|p1: RLisanidiot|move: Aurora Veil\n|move|p2b: Rabsca|Trick Room|p2b: Rabsca\n|-fieldstart|move: Trick Room|[of] p2b: Rabsca\n|\n|-weather|Snow|[upkeep]\n|upkeep\n|\n|t:|1700443044\n|switch|p2a: Ninetales|Ninetales-Alola, F, shiny|100\/100\n|turn|2\n|\n|t:|1700443052\n|move|p1a: Ninetales|Helping Hand|p1b: Flutter Mane\n|-singleturn|p1b: Flutter Mane|Helping Hand|[of] p1a: Ninetales\n|move|p2b: Rabsca|Revival Blessing|p2b: Rabsca\n|-enditem|p2b: Rabsca|Leppa Berry|[eat]\n|-activate|p2b: Rabsca|item: Leppa Berry|Revival Blessing|[consumed]\n|\n|t:|1700443057\n|-heal|p2: Fallout|50\/100|[from] move: Revival Blessing\n|move|p2a: Ninetales|Aurora Veil|p2a: Ninetales\n|-sidestart|p2: Mister Huang|move: Aurora Veil\n|move|p1b: Flutter Mane|Moonblast|p2a: Ninetales\n|-damage|p2a: Ninetales|7\/100\n|-unboost|p2a: Ninetales|spa|1\n|\n|-weather|Snow|[upkeep]\n|upkeep\n|turn|3\n|\n|t:|1700443084\n|move|p2a: Ninetales|Protect|p2a: Ninetales\n|-singleturn|p2a: Ninetales|Protect\n|move|p2b: Rabsca|Psychic|p1b: Flutter Mane\n|-damage|p1b: Flutter Mane|75\/100\n|move|p1a: Ninetales|Icy Wind|p2b: Rabsca|[spread] p2b\n|-activate|p2a: Ninetales|move: Protect\n|-damage|p2b: Rabsca|94\/100\n|-unboost|p2b: Rabsca|spe|1\n|move|p1b: Flutter Mane|Moonblast|p2b: Rabsca\n|-damage|p2b: Rabsca|58\/100\n|\n|-weather|Snow|[upkeep]\n|upkeep\n|turn|4\n|\n|t:|1700443102\n|-end|p1b: Flutter Mane|Protosynthesis|[silent]\n|switch|p1b: Tornadus|Tornadus, M|100\/100\n|move|p2b: Rabsca|Psychic|p1b: Tornadus\n|-damage|p1b: Tornadus|77\/100\n|move|p2a: Ninetales|Blizzard|p1b: Tornadus|[spread] p1a,p1b\n|-resisted|p1a: Ninetales\n|-supereffective|p1b: Tornadus\n|-damage|p1a: Ninetales|94\/100\n|-damage|p1b: Tornadus|53\/100\n|move|p1a: Ninetales|Icy Wind|p2a: Ninetales|[spread] p2a,p2b\n|-resisted|p2a: Ninetales\n|-damage|p2a: Ninetales|3\/100\n|-damage|p2b: Rabsca|52\/100\n|-unboost|p2a: Ninetales|spe|1\n|-unboost|p2b: Rabsca|spe|1\n|\n|-weather|Snow|[upkeep]\n|upkeep\n|turn|5\n|\n|t:|1700443118\n|move|p1b: Tornadus|Taunt|p2b: Rabsca\n|-start|p2b: Rabsca|move: Taunt\n|move|p2b: Rabsca|Psychic|p1b: Tornadus\n|-crit|p1b: Tornadus\n|-damage|p1b: Tornadus|2\/100\n|move|p2a: Ninetales|Blizzard|p1a: Ninetales|[spread] p1a,p1b\n|-resisted|p1a: Ninetales\n|-supereffective|p1b: Tornadus\n|-damage|p1a: Ninetales|88\/100\n|-damage|p1b: Tornadus|0 fnt\n|faint|p1b: Tornadus\n|move|p1a: Ninetales|Icy Wind|p2b: Rabsca|[spread] p2a,p2b\n|-resisted|p2a: Ninetales\n|-damage|p2a: Ninetales|0 fnt\n|-damage|p2b: Rabsca|45\/100\n|-unboost|p2b: Rabsca|spe|1\n|faint|p2a: Ninetales\n|\n|-weather|none\n|-fieldend|move: Trick Room\n|upkeep\n|inactive|Mister Huang has 120 seconds left.\n|\n|t:|1700443148\n|switch|p2a: Fallout|Golem-Alola, F, shiny|50\/100\n|switch|p1b: Flutter Mane|Flutter Mane|75\/100\n|turn|6\n|\n|t:|1700443162\n|move|p1a: Ninetales|Helping Hand|p1b: Flutter Mane\n|-singleturn|p1b: Flutter Mane|Helping Hand|[of] p1a: Ninetales\n|move|p1b: Flutter Mane|Moonblast|p2a: Fallout\n|-damage|p2a: Fallout|0 fnt\n|faint|p2a: Fallout\n|move|p2b: Rabsca|Psychic|p1b: Flutter Mane\n|-damage|p1b: Flutter Mane|50\/100\n|\n|upkeep\n|\n|t:|1700443179\n|switch|p2a: Sinistcha|Sinistcha, shiny|100\/100\n|-heal|p2b: Rabsca|70\/100|[from] ability: Hospitality|[of] p2a: Sinistcha\n|turn|7\n|\n|t:|1700443191\n|switch|p2b: Iron Hands|Iron Hands|100\/100\n|move|p1a: Ninetales|Helping Hand|p1b: Flutter Mane\n|-singleturn|p1b: Flutter Mane|Helping Hand|[of] p1a: Ninetales\n|move|p2a: Sinistcha|Protect|p2a: Sinistcha\n|-singleturn|p2a: Sinistcha|Protect\n|move|p1b: Flutter Mane|Moonblast|p2b: Iron Hands\n|-supereffective|p2b: Iron Hands\n|-damage|p2b: Iron Hands|0 fnt\n|faint|p2b: Iron Hands\n|-end|p2b: Iron Hands|Quark Drive|[silent]\n|\n|upkeep\n|\n|t:|1700443203\n|switch|p2b: Iron Bundle|Iron Bundle|100\/100\n|turn|8\n|\n|t:|1700443220\n|move|p1a: Ninetales|Helping Hand|p1b: Flutter Mane\n|-singleturn|p1b: Flutter Mane|Helping Hand|[of] p1a: Ninetales\n|move|p2b: Iron Bundle|Blizzard|p1b: Flutter Mane|[spread] p1a\n|-miss|p2b: Iron Bundle|p1b: Flutter Mane\n|-resisted|p1a: Ninetales\n|-damage|p1a: Ninetales|70\/100\n|-damage|p2b: Iron Bundle|91\/100|[from] item: Life Orb\n|move|p1b: Flutter Mane|Moonblast|p2b: Iron Bundle\n|-crit|p2b: Iron Bundle\n|-damage|p2b: Iron Bundle|0 fnt\n|faint|p2b: Iron Bundle\n|-end|p2b: Iron Bundle|Quark Drive|[silent]\n|move|p2a: Sinistcha|Matcha Gotcha|p1a: Ninetales|[spread] p1b\n|-miss|p2a: Sinistcha|p1a: Ninetales\n|-damage|p1b: Flutter Mane|33\/100\n|\n|-sideend|p1: RLisanidiot|move: Aurora Veil\n|upkeep\n|\n|t:|1700443237\n|switch|p2b: Rabsca|Rabsca, M|70\/100\n|turn|9\n|-message|Mister Huang forfeited.\n|\n|win|RLisanidiot\n|raw|RLisanidiot's rating: 1338 &rarr; <strong>1361<\/strong><br \/>(+23 for winning)\n|raw|Mister Huang's rating: 1385 &rarr; <strong>1362<\/strong><br \/>(-23 for losing)\n|l|\u2606Mister Huang\n","uploadtime":1700443251,"views":13,"p1id":"rlisanidiot","p2id":"misterhuang","formatid":"gen9doublesou","rating":1361,"private":0,"password":""}