{"id":"gen9doublesou-1975041815","p1":"mahameloplatano","p2":"ChimeBliss","format":"[Gen 9] Doubles OU","log":"|j|\u2606mahameloplatano\n|j|\u2606ChimeBliss\n|t:|1698157305\n|gametype|doubles\n|player|p1|mahameloplatano|102|1276\n|player|p2|ChimeBliss|dawn-gen4pt|1465\n|teamsize|p1|6\n|teamsize|p2|6\n|gen|9\n|tier|[Gen 9] Doubles OU\n|rated|\n|rule|Species Clause: Limit one of each Pok\u00e9mon\n|rule|OHKO Clause: OHKO moves are banned\n|rule|Evasion Moves Clause: Evasion moves are banned\n|rule|Gravity Sleep Clause: The combination of sleep-inducing moves with imperfect accuracy and Gravity or Gigantamax Orbeetle are banned\n|rule|Endless Battle Clause: Forcing endless battles is banned\n|rule|HP Percentage Mod: HP is shown in percentages\n|clearpoke\n|poke|p1|Indeedee-F, F|\n|poke|p1|Okidogi, M|\n|poke|p1|Armarouge, M|\n|poke|p1|Diancie|\n|poke|p1|Dragapult, F|\n|poke|p1|Sinistcha-Masterpiece|\n|poke|p2|Chien-Pao|\n|poke|p2|Tornadus, M|\n|poke|p2|Dragonite, F|\n|poke|p2|Chi-Yu|\n|poke|p2|Flutter Mane|\n|poke|p2|Landorus, M|\n|teampreview\n|inactive|Battle timer is ON: inactive players will automatically lose when time's up. (requested by ChimeBliss)\n|inactive|mahameloplatano also wants the timer to be on.\n|inactive|ChimeBliss has 120 seconds left.\n|\n|t:|1698157343\n|start\n|switch|p1a: Indeedee|Indeedee-F, F|100\/100\n|switch|p1b: Armarouge|Armarouge, M|100\/100\n|switch|p2a: Dragonite|Dragonite, F, shiny|100\/100\n|switch|p2b: Chi-Yu|Chi-Yu|100\/100\n|-ability|p2b: Chi-Yu|Beads of Ruin\n|-fieldstart|move: Psychic Terrain|[from] ability: Psychic Surge|[of] p1a: Indeedee\n|turn|1\n|\n|t:|1698157360\n|move|p1b: Armarouge|Endure|p1b: Armarouge\n|-singleturn|p1b: Armarouge|move: Endure\n|move|p1a: Indeedee|Protect|p1a: Indeedee\n|-singleturn|p1a: Indeedee|Protect\n|move|p2b: Chi-Yu|Dark Pulse|p1a: Indeedee\n|-activate|p1a: Indeedee|move: Protect\n|move|p2a: Dragonite|Dragon Claw|p1a: Indeedee\n|-activate|p1a: Indeedee|move: Protect\n|\n|upkeep\n|turn|2\n|\n|t:|1698157383\n|switch|p1a: Diancie|Diancie|100\/100\n|-terastallize|p1b: Armarouge|Fire\n|move|p2b: Chi-Yu|Dark Pulse|p1a: Diancie\n|-resisted|p1a: Diancie\n|-damage|p1a: Diancie|76\/100\n|move|p2a: Dragonite|Dragon Claw|p1a: Diancie\n|-immune|p1a: Diancie\n|move|p1b: Armarouge|Expanding Force|p2a: Dragonite|[spread] p2a\n|-immune|p2b: Chi-Yu\n|-damage|p2a: Dragonite|23\/100\n|\n|upkeep\n|turn|3\n|\n|t:|1698157401\n|move|p1b: Armarouge|Endure|p1b: Armarouge\n|-singleturn|p1b: Armarouge|move: Endure\n|move|p2b: Chi-Yu|Dark Pulse|p1a: Diancie\n|-resisted|p1a: Diancie\n|-damage|p1a: Diancie|53\/100\n|move|p2a: Dragonite|Dragon Claw|p1b: Armarouge\n|-damage|p1b: Armarouge|31\/100\n|-ability|p1b: Armarouge|Weak Armor|boost\n|-unboost|p1b: Armarouge|def|1\n|-boost|p1b: Armarouge|spe|2\n|move|p1a: Diancie|Diamond Storm|p2b: Chi-Yu|[spread] p2a,p2b\n|-supereffective|p2a: Dragonite\n|-supereffective|p2b: Chi-Yu\n|-damage|p2a: Dragonite|0 fnt\n|-damage|p2b: Chi-Yu|0 fnt\n|-boost|p1a: Diancie|def|2\n|faint|p2a: Dragonite\n|faint|p2b: Chi-Yu\n|\n|upkeep\n|\n|t:|1698157420\n|switch|p2b: Flutter Mane|Flutter Mane|100\/100\n|switch|p2a: Tornadus|Tornadus, M|100\/100\n|turn|4\n|\n|t:|1698157432\n|move|p2a: Tornadus|Tailwind|p2a: Tornadus\n|-sidestart|p2: ChimeBliss|move: Tailwind\n|move|p2b: Flutter Mane|Moonblast|p1b: Armarouge\n|-resisted|p1b: Armarouge\n|-damage|p1b: Armarouge|0 fnt\n|faint|p1b: Armarouge\n|move|p1a: Diancie|Diamond Storm|p2a: Tornadus|[spread] p2a,p2b\n|-supereffective|p2a: Tornadus\n|-enditem|p2a: Tornadus|Focus Sash\n|-damage|p2a: Tornadus|1\/100\n|-damage|p2b: Flutter Mane|27\/100\n|\n|upkeep\n|\n|t:|1698157447\n|switch|p1b: Okidogi|Okidogi, M|100\/100\n|turn|5\n|\n|t:|1698157460\n|move|p2b: Flutter Mane|Moonblast|p1a: Diancie\n|-damage|p1a: Diancie|0 fnt\n|faint|p1a: Diancie\n|move|p2a: Tornadus|Bleakwind Storm|p1b: Okidogi|[miss]\n|-miss|p2a: Tornadus|p1b: Okidogi\n|move|p1b: Okidogi|Brutal Swing|p2a: Tornadus|[spread] p2a,p2b\n|-damage|p2a: Tornadus|0 fnt\n|-damage|p2b: Flutter Mane|0 fnt\n|faint|p2a: Tornadus\n|faint|p2b: Flutter Mane\n|-end|p2b: Flutter Mane|Protosynthesis|[silent]\n|\n|-fieldend|move: Psychic Terrain\n|upkeep\n|\n|t:|1698157475\n|switch|p2b: Landorus|Landorus, M|100\/100\n|switch|p2a: Chien-Pao|Chien-Pao|100\/100\n|switch|p1a: Indeedee|Indeedee-F, F|100\/100\n|-ability|p2a: Chien-Pao|Sword of Ruin\n|-fieldstart|move: Psychic Terrain|[from] ability: Psychic Surge|[of] p1a: Indeedee\n|turn|6\n|\n|t:|1698157491\n|move|p2a: Chien-Pao|Ice Spinner|p1a: Indeedee\n|-damage|p1a: Indeedee|29\/100\n|-fieldend|move: Psychic Terrain\n|move|p2b: Landorus|Earth Power|p1a: Indeedee\n|-damage|p1a: Indeedee|0 fnt\n|faint|p1a: Indeedee\n|move|p1b: Okidogi|Drain Punch|p2a: Chien-Pao\n|-supereffective|p2a: Chien-Pao\n|-enditem|p2a: Chien-Pao|Focus Sash\n|-damage|p2a: Chien-Pao|1\/100\n|\n|upkeep\n|\n|t:|1698157504\n|switch|p1a: Dragapult|Dragapult, F|100\/100\n|turn|7\n|\n|t:|1698157516\n|move|p2a: Chien-Pao|Protect|p2a: Chien-Pao\n|-singleturn|p2a: Chien-Pao|Protect\n|move|p1a: Dragapult|Protect|p1a: Dragapult\n|-singleturn|p1a: Dragapult|Protect\n|move|p2b: Landorus|Earth Power|p1b: Okidogi\n|-supereffective|p1b: Okidogi\n|-damage|p1b: Okidogi|0 fnt\n|faint|p1b: Okidogi\n|\n|-sideend|p2: ChimeBliss|move: Tailwind\n|upkeep\n|\n|t:|1698157525\n|switch|p1b: Sinistcha|Sinistcha-Masterpiece|100\/100\n|turn|8\n|\n|t:|1698157543\n|move|p2a: Chien-Pao|Sucker Punch||[still]\n|-fail|p2a: Chien-Pao\n|move|p1a: Dragapult|Substitute|p1a: Dragapult\n|-start|p1a: Dragapult|Substitute\n|-damage|p1a: Dragapult|76\/100\n|move|p2b: Landorus|Sludge Bomb|p1b: Sinistcha\n|-damage|p1b: Sinistcha|60\/100\n|move|p1b: Sinistcha|Matcha Gotcha|p2a: Chien-Pao|[spread] p2a,p2b\n|-damage|p2a: Chien-Pao|0 fnt\n|-heal|p1b: Sinistcha|60\/100|[from] drain|[of] p2a: Chien-Pao\n|-damage|p2b: Landorus|58\/100\n|-heal|p1b: Sinistcha|80\/100|[from] drain|[of] p2b: Landorus\n|-status|p2b: Landorus|brn\n|faint|p2a: Chien-Pao\n|\n|-heal|p1a: Dragapult|82\/100|[from] item: Leftovers\n|-damage|p2b: Landorus|52\/100 brn|[from] brn\n|upkeep\n|turn|9\n|-message|ChimeBliss forfeited.\n|\n|win|mahameloplatano\n|raw|mahameloplatano's rating: 1276 &rarr; <strong>1313<\/strong><br \/>(+37 for winning)\n|raw|ChimeBliss's rating: 1465 &rarr; <strong>1435<\/strong><br \/>(-30 for losing)\n","uploadtime":1698157559,"views":14,"p1id":"mahameloplatano","p2id":"chimebliss","formatid":"gen9doublesou","rating":1313,"private":0,"password":""}