{"id":"gen9doublesou-1974666331","p1":"Calvin367","p2":"3anna","format":"[Gen 9] Doubles OU","log":"|j|\u2606Calvin367\n|j|\u26063anna\n|t:|1698108320\n|gametype|doubles\n|player|p1|Calvin367|265|1227\n|player|p2|3anna|marley|1338\n|teamsize|p1|6\n|teamsize|p2|6\n|gen|9\n|tier|[Gen 9] Doubles OU\n|rated|\n|rule|Species Clause: Limit one of each Pok\u00e9mon\n|rule|OHKO Clause: OHKO moves are banned\n|rule|Evasion Moves Clause: Evasion moves are banned\n|rule|Gravity Sleep Clause: The combination of sleep-inducing moves with imperfect accuracy and Gravity or Gigantamax Orbeetle are banned\n|rule|Endless Battle Clause: Forcing endless battles is banned\n|rule|HP Percentage Mod: HP is shown in percentages\n|clearpoke\n|poke|p1|Sinistcha-Masterpiece|\n|poke|p1|Tornadus, M|\n|poke|p1|Gyarados, M|\n|poke|p1|Iron Treads|\n|poke|p1|Fezandipiti, M|\n|poke|p1|Iron Hands|\n|poke|p2|Manaphy|\n|poke|p2|Pelipper, F|\n|poke|p2|Oranguru, M|\n|poke|p2|Cresselia, F|\n|poke|p2|Rillaboom, M|\n|poke|p2|Ogerpon-Wellspring, F|\n|teampreview\n|\n|t:|1698108327\n|start\n|switch|p1a: Tornadus|Tornadus, M|100\/100\n|switch|p1b: Iron Hands|Iron Hands|100\/100\n|switch|p2a: Rillaboom|Rillaboom, M|100\/100\n|switch|p2b: Ogerpon|Ogerpon-Wellspring, F|100\/100\n|-fieldstart|move: Grassy Terrain|[from] ability: Grassy Surge|[of] p2a: Rillaboom\n|turn|1\n|inactive|Battle timer is ON: inactive players will automatically lose when time's up. (requested by Calvin367)\n|\n|t:|1698108347\n|-terastallize|p2b: Ogerpon|Water\n|detailschange|p2b: Ogerpon|Ogerpon-Wellspring-Tera, F, tera:Water\n|-ability|p2b: Ogerpon|Embody Aspect (Wellspring)|boost\n|-boost|p2b: Ogerpon|spd|1\n|-terastallize|p1b: Iron Hands|Grass\n|move|p2a: Rillaboom|Fake Out|p1b: Iron Hands\n|-damage|p1b: Iron Hands|91\/100\n|cant|p1b: Iron Hands|flinch\n|move|p1a: Tornadus|Tailwind|p1a: Tornadus\n|-sidestart|p1: Calvin367|move: Tailwind\n|move|p2b: Ogerpon|Play Rough|p1b: Iron Hands\n|-damage|p1b: Iron Hands|66\/100\n|\n|-heal|p1b: Iron Hands|73\/100|[from] Grassy Terrain\n|upkeep\n|turn|2\n|\n|t:|1698108373\n|switch|p2b: Oranguru|Oranguru, M|100\/100\n|move|p1a: Tornadus|Bleakwind Storm|p2b: Oranguru|[spread] p2a,p2b\n|-supereffective|p2a: Rillaboom\n|-damage|p2a: Rillaboom|4\/100\n|-damage|p2b: Oranguru|68\/100\n|-unboost|p2b: Oranguru|spe|1\n|-damage|p1a: Tornadus|90\/100|[from] item: Life Orb\n|move|p2a: Rillaboom|U-turn|p1b: Iron Hands\n|-supereffective|p1b: Iron Hands\n|-damage|p1b: Iron Hands|38\/100\n|inactive|3anna has 120 seconds left.\n|\n|t:|1698108388\n|switch|p2a: Cresselia|Cresselia, F|100\/100|[from] U-turn\n|move|p1b: Iron Hands|Wild Charge|p2b: Oranguru\n|-damage|p2b: Oranguru|17\/100\n|-damage|p1b: Iron Hands|28\/100|[from] Recoil\n|\n|-heal|p1b: Iron Hands|34\/100|[from] Grassy Terrain\n|-heal|p2b: Oranguru|24\/100|[from] Grassy Terrain\n|-heal|p2b: Oranguru|30\/100|[from] item: Leftovers\n|upkeep\n|turn|3\n|\n|t:|1698108405\n|move|p2b: Oranguru|Protect|p2b: Oranguru\n|-singleturn|p2b: Oranguru|Protect\n|move|p1a: Tornadus|Bleakwind Storm|p2a: Cresselia|[spread] p2a\n|-activate|p2b: Oranguru|move: Protect\n|-damage|p2a: Cresselia|75\/100\n|-unboost|p2a: Cresselia|spe|1\n|-damage|p1a: Tornadus|80\/100|[from] item: Life Orb\n|move|p1b: Iron Hands|Drain Punch|p2a: Cresselia\n|-resisted|p2a: Cresselia\n|-damage|p2a: Cresselia|60\/100\n|-heal|p1b: Iron Hands|42\/100|[from] drain|[of] p2a: Cresselia\n|move|p2a: Cresselia|Lunar Blessing|p2a: Cresselia|[spread] p2a,p2b\n|-heal|p2a: Cresselia|85\/100\n|-heal|p2b: Oranguru|55\/100\n|\n|-heal|p1b: Iron Hands|48\/100|[from] Grassy Terrain\n|-heal|p2a: Cresselia|91\/100|[from] item: Leftovers\n|-heal|p2b: Oranguru|61\/100|[from] Grassy Terrain\n|-heal|p2b: Oranguru|67\/100|[from] item: Leftovers\n|upkeep\n|turn|4\n|\n|t:|1698108431\n|move|p1a: Tornadus|Bleakwind Storm|p2a: Cresselia|[spread] p2a,p2b\n|-damage|p2a: Cresselia|64\/100\n|-damage|p2b: Oranguru|35\/100\n|-damage|p1a: Tornadus|70\/100|[from] item: Life Orb\n|move|p1b: Iron Hands|Drain Punch|p2b: Oranguru\n|-damage|p2b: Oranguru|0 fnt\n|-heal|p1b: Iron Hands|63\/100|[from] drain|[of] p2b: Oranguru\n|faint|p2b: Oranguru\n|move|p2a: Cresselia|Lunar Blessing|p2a: Cresselia\n|-heal|p2a: Cresselia|89\/100\n|\n|-heal|p1b: Iron Hands|69\/100|[from] Grassy Terrain\n|-heal|p2a: Cresselia|95\/100|[from] item: Leftovers\n|-sideend|p1: Calvin367|move: Tailwind\n|upkeep\n|\n|t:|1698108443\n|switch|p2b: Pelipper|Pelipper, F|100\/100\n|-weather|RainDance|[from] ability: Drizzle|[of] p2b: Pelipper\n|turn|5\n|\n|t:|1698108460\n|move|p1a: Tornadus|Tailwind|p1a: Tornadus\n|-sidestart|p1: Calvin367|move: Tailwind\n|move|p1b: Iron Hands|Wild Charge|p2b: Pelipper\n|-supereffective|p2b: Pelipper\n|-enditem|p2b: Pelipper|Focus Sash\n|-damage|p2b: Pelipper|1\/100\n|-damage|p1b: Iron Hands|51\/100|[from] Recoil\n|move|p2b: Pelipper|Hurricane|p1b: Iron Hands\n|-supereffective|p1b: Iron Hands\n|-damage|p1b: Iron Hands|0 fnt\n|faint|p1b: Iron Hands\n|-end|p1b: Iron Hands|Quark Drive|[silent]\n|move|p2a: Cresselia|Dazzling Gleam|p1a: Tornadus\n|-damage|p1a: Tornadus|51\/100\n|\n|-weather|RainDance|[upkeep]\n|-heal|p2a: Cresselia|100\/100|[from] item: Leftovers\n|-fieldend|move: Grassy Terrain\n|upkeep\n|\n|t:|1698108478\n|switch|p1b: Fezandipiti|Fezandipiti, M|100\/100\n|turn|6\n|\n|t:|1698108494\n|move|p1a: Tornadus|Weather Ball|p2a: Cresselia\n|-damage|p2a: Cresselia|65\/100\n|-damage|p1a: Tornadus|41\/100|[from] item: Life Orb\n|move|p1b: Fezandipiti|Icy Wind|p2a: Cresselia|[spread] p2a,p2b\n|-damage|p2a: Cresselia|61\/100\n|-damage|p2b: Pelipper|0 fnt\n|-unboost|p2a: Cresselia|spe|1\n|faint|p2b: Pelipper\n|move|p2a: Cresselia|Lunar Blessing|p2a: Cresselia\n|-heal|p2a: Cresselia|86\/100\n|\n|-weather|RainDance|[upkeep]\n|-heal|p2a: Cresselia|92\/100|[from] item: Leftovers\n|upkeep\n|\n|t:|1698108503\n|switch|p2b: Ogerpon|Ogerpon-Wellspring-Tera, F, tera:Water|100\/100\n|-ability|p2b: Ogerpon|Embody Aspect (Wellspring)|boost\n|-boost|p2b: Ogerpon|spd|1\n|turn|7\n|\n|t:|1698108517\n|move|p1a: Tornadus|Protect|p1a: Tornadus\n|-singleturn|p1a: Tornadus|Protect\n|move|p2a: Cresselia|Ally Switch|p2a: Cresselia\n|swap|p2a: Cresselia|1|[from] move: Ally Switch\n|move|p1b: Fezandipiti|Icy Wind|p2b: Cresselia|[spread] p2a,p2b\n|-resisted|p2a: Ogerpon\n|-damage|p2a: Ogerpon|98\/100\n|-damage|p2b: Cresselia|89\/100\n|-unboost|p2a: Ogerpon|spe|1\n|-unboost|p2b: Cresselia|spe|1\n|-status|p2b: Cresselia|tox|[from] ability: Toxic Chain|[of] p1b: Fezandipiti\n|move|p2a: Ogerpon|Ivy Cudgel|p1b: Fezandipiti\n|-damage|p1b: Fezandipiti|2\/100\n|\n|-weather|RainDance|[upkeep]\n|-heal|p2b: Cresselia|95\/100 tox|[from] item: Leftovers\n|-damage|p2b: Cresselia|89\/100 tox|[from] psn\n|upkeep\n|turn|8\n|\n|t:|1698108542\n|switch|p1b: Sinistcha|Sinistcha-Masterpiece, shiny|100\/100\n|-heal|p1a: Tornadus|66\/100|[from] ability: Hospitality|[of] p1b: Sinistcha\n|move|p1a: Tornadus|Bleakwind Storm|p2a: Ogerpon|[spread] p2a,p2b\n|-damage|p2a: Ogerpon|59\/100\n|-damage|p2b: Cresselia|64\/100 tox\n|-damage|p1a: Tornadus|57\/100|[from] item: Life Orb\n|move|p2a: Ogerpon|Ivy Cudgel|p1a: Tornadus\n|-damage|p1a: Tornadus|0 fnt\n|faint|p1a: Tornadus\n|move|p2b: Cresselia|Dazzling Gleam|p1b: Sinistcha\n|-damage|p1b: Sinistcha|87\/100\n|\n|-weather|RainDance|[upkeep]\n|-heal|p2b: Cresselia|70\/100 tox|[from] item: Leftovers\n|-damage|p2b: Cresselia|58\/100 tox|[from] psn\n|-sideend|p1: Calvin367|move: Tailwind\n|upkeep\n|inactive|Calvin367 has 120 seconds left.\n|\n|t:|1698108562\n|switch|p1a: Gyarados|Gyarados, M, shiny|100\/100\n|-ability|p1a: Gyarados|Intimidate|boost\n|-unboost|p2a: Ogerpon|atk|1\n|-unboost|p2b: Cresselia|atk|1\n|turn|9\n|\n|t:|1698108574\n|switch|p2a: Rillaboom|Rillaboom, M|4\/100\n|-fieldstart|move: Grassy Terrain|[from] ability: Grassy Surge|[of] p2a: Rillaboom\n|move|p2b: Cresselia|Protect|p2b: Cresselia\n|-singleturn|p2b: Cresselia|Protect\n|move|p1a: Gyarados|Waterfall|p2b: Cresselia\n|-activate|p2b: Cresselia|move: Protect\n|move|p1b: Sinistcha|Matcha Gotcha|p2b: Cresselia|[spread] p2a\n|-activate|p2b: Cresselia|move: Protect\n|-resisted|p2a: Rillaboom\n|-damage|p2a: Rillaboom|0 fnt\n|-heal|p1b: Sinistcha|89\/100|[from] drain|[of] p2a: Rillaboom\n|faint|p2a: Rillaboom\n|\n|-weather|none\n|-heal|p1b: Sinistcha|95\/100|[from] Grassy Terrain\n|-heal|p2b: Cresselia|64\/100 tox|[from] item: Leftovers\n|-damage|p2b: Cresselia|46\/100 tox|[from] psn\n|upkeep\n|\n|t:|1698108585\n|switch|p2a: Manaphy|Manaphy|100\/100\n|turn|10\n|\n|t:|1698108610\n|move|p2a: Manaphy|Ice Beam|p1b: Sinistcha\n|-supereffective|p1b: Sinistcha\n|-damage|p1b: Sinistcha|49\/100\n|move|p1a: Gyarados|Dragon Dance|p1a: Gyarados\n|-boost|p1a: Gyarados|atk|1\n|-boost|p1a: Gyarados|spe|1\n|move|p1b: Sinistcha|Matcha Gotcha|p2a: Manaphy|[spread] p2a\n|-miss|p1b: Sinistcha|p2b: Cresselia\n|-supereffective|p2a: Manaphy\n|-damage|p2a: Manaphy|26\/100\n|-heal|p1b: Sinistcha|85\/100|[from] drain|[of] p2a: Manaphy\n|-status|p2a: Manaphy|brn\n|move|p2b: Cresselia|Lunar Blessing|p2b: Cresselia|[spread] p2a,p2b\n|-heal|p2a: Manaphy|51\/100 brn\n|-curestatus|p2a: Manaphy|brn|[msg]\n|-heal|p2b: Cresselia|71\/100 tox\n|-curestatus|p2b: Cresselia|tox|[msg]\n|\n|-heal|p2a: Manaphy|57\/100|[from] Grassy Terrain\n|-heal|p2a: Manaphy|63\/100|[from] item: Leftovers\n|-heal|p1b: Sinistcha|92\/100|[from] Grassy Terrain\n|-heal|p2b: Cresselia|77\/100|[from] item: Leftovers\n|upkeep\n|turn|11\n|\n|t:|1698108639\n|move|p2a: Manaphy|Tail Glow|p2a: Manaphy\n|-boost|p2a: Manaphy|spa|3\n|-enditem|p1b: Sinistcha|Mirror Herb\n|-boost|p1b: Sinistcha|spa|3|[from] item: Mirror Herb\n|move|p1a: Gyarados|Dragon Dance|p1a: Gyarados\n|-boost|p1a: Gyarados|atk|1\n|-boost|p1a: Gyarados|spe|1\n|move|p1b: Sinistcha|Matcha Gotcha|p2a: Manaphy|[spread] p2a,p2b\n|-supereffective|p2a: Manaphy\n|-damage|p2a: Manaphy|0 fnt\n|-heal|p1b: Sinistcha|100\/100|[from] drain|[of] p2a: Manaphy\n|-damage|p2b: Cresselia|33\/100\n|faint|p2a: Manaphy\n|move|p2b: Cresselia|Lunar Blessing|p2b: Cresselia\n|-heal|p2b: Cresselia|58\/100\n|\n|-heal|p2b: Cresselia|64\/100|[from] item: Leftovers\n|upkeep\n|c|\u26063anna|nah\n|-message|3anna forfeited.\n|\n|win|Calvin367\n|raw|Calvin367's rating: 1227 &rarr; <strong>1260<\/strong><br \/>(+33 for winning)\n|raw|3anna's rating: 1338 &rarr; <strong>1312<\/strong><br \/>(-26 for losing)\n|l|\u26063anna\n|l|\u2606Calvin367\n|j|\u2606Calvin367\n|player|p1|Calvin367|265\n","uploadtime":1698108760,"views":19,"p1id":"calvin367","p2id":"3anna","formatid":"gen9doublesou","rating":1260,"private":0,"password":""}