{"id":"gen9doublesou-1990849085","p1":"Ibanez303x","p2":"pegasusilios119","format":"[Gen 9] Doubles OU","log":"|j|\u2606Ibanez303x\n|j|\u2606pegasusilios119\n|t:|1700007307\n|gametype|doubles\n|player|p1|Ibanez303x|170|1000\n|player|p2|pegasusilios119|skierf-gen4dp|1070\n|teamsize|p1|6\n|teamsize|p2|6\n|gen|9\n|tier|[Gen 9] Doubles OU\n|rated|\n|rule|Species Clause: Limit one of each Pok\u00e9mon\n|rule|OHKO Clause: OHKO moves are banned\n|rule|Evasion Moves Clause: Evasion moves are banned\n|rule|Gravity Sleep Clause: The combination of sleep-inducing moves with imperfect accuracy and Gravity or Gigantamax Orbeetle are banned\n|rule|Endless Battle Clause: Forcing endless battles is banned\n|rule|HP Percentage Mod: HP is shown in percentages\n|clearpoke\n|poke|p1|Tinkaton, F|\n|poke|p1|Iron Hands|\n|poke|p1|Ogerpon-Wellspring, F|\n|poke|p1|Gholdengo|\n|poke|p1|Arcanine-Hisui, M|\n|poke|p1|Roaring Moon|\n|poke|p2|Tornadus, M|\n|poke|p2|Flutter Mane|\n|poke|p2|Typhlosion-Hisui, M|\n|poke|p2|Cresselia, F|\n|poke|p2|Heatran, M|\n|poke|p2|Roaring Moon|\n|teampreview\n|inactive|Battle timer is ON: inactive players will automatically lose when time's up. (requested by pegasusilios119)\n|c|\u2606pegasusilios119|glhf\n|\n|t:|1700007316\n|start\n|switch|p1a: Tinkaton|Tinkaton, F|100\/100\n|switch|p1b: Ogerpon|Ogerpon-Wellspring, F|100\/100\n|switch|p2a: Tornadus|Tornadus, M|100\/100\n|switch|p2b: Typhlosion|Typhlosion-Hisui, M|100\/100\n|-item|p1a: Tinkaton|Sitrus Berry|[from] ability: Frisk|[of] p2b: Typhlosion|[identify]\n|-item|p1b: Ogerpon|Wellspring Mask|[from] ability: Frisk|[of] p2b: Typhlosion|[identify]\n|-ability|p1a: Tinkaton|Mold Breaker\n|turn|1\n|\n|t:|1700007340\n|move|p2b: Typhlosion|Protect|p2b: Typhlosion\n|-singleturn|p2b: Typhlosion|Protect\n|move|p2a: Tornadus|Tailwind|p2a: Tornadus\n|-sidestart|p2: pegasusilios119|move: Tailwind\n|move|p1b: Ogerpon|Swords Dance|p1b: Ogerpon\n|-boost|p1b: Ogerpon|atk|2\n|move|p1a: Tinkaton|Thunder Wave|p2a: Tornadus\n|-status|p2a: Tornadus|par\n|\n|upkeep\n|turn|2\n|\n|t:|1700007360\n|-terastallize|p2b: Typhlosion|Fire\n|move|p1b: Ogerpon|Spiky Shield|p1b: Ogerpon\n|-singleturn|p1b: Ogerpon|move: Protect\n|move|p1a: Tinkaton|Fake Out||[still]\n|-hint|Fake Out only works on your first turn out.\n|-fail|p1a: Tinkaton\n|move|p2a: Tornadus|Sunny Day|p2a: Tornadus\n|-weather|SunnyDay\n|move|p2b: Typhlosion|Eruption|p1a: Tinkaton|[spread] p1a\n|-activate|p1b: Ogerpon|move: Protect\n|-supereffective|p1a: Tinkaton\n|-damage|p1a: Tinkaton|0 fnt\n|faint|p1a: Tinkaton\n|\n|-weather|SunnyDay|[upkeep]\n|upkeep\n|\n|t:|1700007375\n|switch|p1a: Iron Hands|Iron Hands|100\/100\n|turn|3\n|\n|t:|1700007383\n|move|p1a: Iron Hands|Detect|p1a: Iron Hands\n|-singleturn|p1a: Iron Hands|Protect\n|move|p2b: Typhlosion|Eruption|p1b: Ogerpon|[spread] p1b\n|-activate|p1a: Iron Hands|move: Protect\n|-damage|p1b: Ogerpon|0 fnt\n|faint|p1b: Ogerpon\n|move|p2a: Tornadus|Bleakwind Storm|p1a: Iron Hands\n|-activate|p1a: Iron Hands|move: Protect\n|\n|-weather|SunnyDay|[upkeep]\n|upkeep\n|\n|t:|1700007396\n|switch|p1b: Arcanine|Arcanine-Hisui, M, shiny|100\/100\n|turn|4\n|\n|t:|1700007419\n|switch|p2b: Flutter Mane|Flutter Mane|100\/100\n|-activate|p2b: Flutter Mane|ability: Protosynthesis\n|-start|p2b: Flutter Mane|protosynthesisspa\n|move|p2a: Tornadus|Icy Wind|p1a: Iron Hands|[spread] p1a,p1b\n|-resisted|p1b: Arcanine\n|-damage|p1a: Iron Hands|90\/100\n|-damage|p1b: Arcanine|94\/100\n|-unboost|p1a: Iron Hands|spe|1\n|-unboost|p1b: Arcanine|spe|1\n|move|p1b: Arcanine|Head Smash|p2b: Flutter Mane|[miss]\n|-miss|p1b: Arcanine|p2b: Flutter Mane\n|move|p1a: Iron Hands|Wild Charge|p2a: Tornadus\n|-supereffective|p2a: Tornadus\n|-enditem|p2a: Tornadus|Focus Sash\n|-damage|p2a: Tornadus|1\/100 par\n|-damage|p1a: Iron Hands|72\/100|[from] Recoil\n|\n|-weather|SunnyDay|[upkeep]\n|-heal|p1a: Iron Hands|78\/100|[from] item: Leftovers\n|-sideend|p2: pegasusilios119|move: Tailwind\n|upkeep\n|turn|5\n|\n|t:|1700007441\n|move|p2a: Tornadus|Tailwind|p2a: Tornadus\n|-sidestart|p2: pegasusilios119|move: Tailwind\n|move|p2b: Flutter Mane|Dazzling Gleam|p1b: Arcanine|[spread] p1a,p1b\n|-supereffective|p1a: Iron Hands\n|-resisted|p1b: Arcanine\n|-damage|p1a: Iron Hands|4\/100\n|-damage|p1b: Arcanine|70\/100\n|move|p1b: Arcanine|Will-O-Wisp|p2b: Flutter Mane\n|-status|p2b: Flutter Mane|brn\n|move|p1a: Iron Hands|Drain Punch|p2a: Tornadus\n|-resisted|p2a: Tornadus\n|-damage|p2a: Tornadus|0 fnt\n|-heal|p1a: Iron Hands|5\/100|[from] drain|[of] p2a: Tornadus\n|faint|p2a: Tornadus\n|\n|-weather|SunnyDay|[upkeep]\n|-heal|p1a: Iron Hands|11\/100|[from] item: Leftovers\n|-damage|p2b: Flutter Mane|95\/100 brn|[from] brn\n|upkeep\n|\n|t:|1700007451\n|switch|p2a: Typhlosion|Typhlosion-Hisui, M, tera:Fire|100\/100\n|-item|p1a: Iron Hands|Leftovers|[from] ability: Frisk|[of] p2a: Typhlosion|[identify]\n|-item|p1b: Arcanine|Safety Goggles|[from] ability: Frisk|[of] p2a: Typhlosion|[identify]\n|turn|6\n|\n|t:|1700007458\n|move|p1a: Iron Hands|Detect|p1a: Iron Hands\n|-singleturn|p1a: Iron Hands|Protect\n|move|p2b: Flutter Mane|Shadow Ball|p1b: Arcanine\n|-damage|p1b: Arcanine|0 fnt\n|faint|p1b: Arcanine\n|move|p2a: Typhlosion|Eruption|p1a: Iron Hands\n|-activate|p1a: Iron Hands|move: Protect\n|\n|-weather|none\n|-end|p2b: Flutter Mane|Protosynthesis\n|-heal|p1a: Iron Hands|17\/100|[from] item: Leftovers\n|-damage|p2b: Flutter Mane|89\/100 brn|[from] brn\n|upkeep\n|\n|t:|1700007465\n|switch|p1b: Gholdengo|Gholdengo|100\/100\n|turn|7\n|\n|t:|1700007478\n|move|p2b: Flutter Mane|Shadow Ball|p1b: Gholdengo\n|-supereffective|p1b: Gholdengo\n|-damage|p1b: Gholdengo|0 fnt\n|faint|p1b: Gholdengo\n|move|p2a: Typhlosion|Eruption|p1a: Iron Hands\n|-damage|p1a: Iron Hands|0 fnt\n|faint|p1a: Iron Hands\n|-end|p1a: Iron Hands|Quark Drive|[silent]\n|\n|-damage|p2b: Flutter Mane|83\/100 brn|[from] brn\n|upkeep\n|-message|Ibanez303x forfeited.\n|\n|win|pegasusilios119\n|raw|Ibanez303x's rating: 1000 &rarr; <strong>1000<\/strong><br \/>(+0 for losing)\n|raw|pegasusilios119's rating: 1070 &rarr; <strong>1094<\/strong><br \/>(+24 for winning)\n|l|\u2606Ibanez303x\n","uploadtime":1700007492,"views":21,"p1id":"ibanez303x","p2id":"pegasusilios119","formatid":"gen9doublesou","rating":1000,"private":0,"password":""}