{"id":"gen9doublesou-1990189258","p1":"BriceDuckettmon","p2":"EndlessEra","format":"[Gen 9] Doubles OU","log":"|j|\u2606BriceDuckettmon\n|j|\u2606EndlessEra\n|t:|1699934881\n|gametype|doubles\n|player|p1|BriceDuckettmon|101|1037\n|player|p2|EndlessEra|maid|1061\n|teamsize|p1|6\n|teamsize|p2|6\n|gen|9\n|tier|[Gen 9] Doubles OU\n|rated|\n|rule|Species Clause: Limit one of each Pok\u00e9mon\n|rule|OHKO Clause: OHKO moves are banned\n|rule|Evasion Moves Clause: Evasion moves are banned\n|rule|Gravity Sleep Clause: The combination of sleep-inducing moves with imperfect accuracy and Gravity or Gigantamax Orbeetle are banned\n|rule|Endless Battle Clause: Forcing endless battles is banned\n|rule|HP Percentage Mod: HP is shown in percentages\n|clearpoke\n|poke|p1|Ninetales-Alola, M|\n|poke|p1|Greninja-*, M|\n|poke|p1|Rillaboom, M|\n|poke|p1|Tornadus, M|\n|poke|p1|Ceruledge, M|\n|poke|p1|Ursaluna-Bloodmoon, M|\n|poke|p2|Farigiraf, M|\n|poke|p2|Chesnaught, M|\n|poke|p2|Rillaboom, M|\n|poke|p2|Sneasler, M|\n|poke|p2|Arboliva, F|\n|poke|p2|Gogoat, M|\n|teampreview\n|\n|t:|1699934890\n|start\n|switch|p1a: Tornadus|Tornadus, M|100\/100\n|switch|p1b: Greninja|Greninja, M|100\/100\n|switch|p2a: Rillaboom|Rillaboom, M|100\/100\n|switch|p2b: beedril|Sneasler, M, shiny|100\/100\n|-fieldstart|move: Grassy Terrain|[from] ability: Grassy Surge|[of] p2a: Rillaboom\n|-enditem|p2b: beedril|Grassy Seed\n|-boost|p2b: beedril|def|1|[from] item: Grassy Seed\n|turn|1\n|\n|t:|1699934911\n|switch|p1b: Ceruledge|Ceruledge, M|100\/100\n|move|p1a: Tornadus|Tailwind|p1a: Tornadus\n|-sidestart|p1: BriceDuckettmon|move: Tailwind\n|move|p2b: beedril|Dire Claw|p1a: Tornadus\n|-damage|p1a: Tornadus|36\/100\n|move|p2a: Rillaboom|Drum Beating|p1b: Ceruledge\n|-resisted|p1b: Ceruledge\n|-damage|p1b: Ceruledge|60\/100\n|-unboost|p1b: Ceruledge|spe|1\n|\n|-heal|p1a: Tornadus|42\/100|[from] item: Leftovers\n|-heal|p1b: Ceruledge|66\/100|[from] Grassy Terrain\n|upkeep\n|turn|2\n|\n|t:|1699934936\n|switch|p2a: Farigiraf|Farigiraf, M|100\/100\n|-terastallize|p1b: Ceruledge|Fire\n|move|p2b: beedril|Acrobatics|p1b: Ceruledge\n|-damage|p1b: Ceruledge|5\/100\n|move|p1a: Tornadus|Bleakwind Storm|p2a: Farigiraf|[spread] p2b\n|-miss|p1a: Tornadus|p2a: Farigiraf\n|-supereffective|p2b: beedril\n|-damage|p2b: beedril|0 fnt\n|faint|p2b: beedril\n|move|p1b: Ceruledge|Bitter Blade|p2a: Farigiraf\n|-damage|p2a: Farigiraf|24\/100\n|-heal|p1b: Ceruledge|63\/100|[from] drain|[of] p2a: Farigiraf\n|-enditem|p2a: Farigiraf|Sitrus Berry|[eat]\n|-heal|p2a: Farigiraf|49\/100|[from] item: Sitrus Berry\n|-damage|p1b: Ceruledge|53\/100|[from] item: Life Orb\n|\n|-heal|p1a: Tornadus|48\/100|[from] item: Leftovers\n|-heal|p1b: Ceruledge|59\/100|[from] Grassy Terrain\n|-heal|p2a: Farigiraf|55\/100|[from] Grassy Terrain\n|upkeep\n|\n|t:|1699934966\n|switch|p2b: Rillaboom|Rillaboom, M|100\/100\n|turn|3\n|\n|t:|1699934973\n|move|p2b: Rillaboom|Fake Out|p1b: Ceruledge\n|-damage|p1b: Ceruledge|38\/100\n|move|p1a: Tornadus|Bleakwind Storm|p2a: Farigiraf|[spread] p2b\n|-miss|p1a: Tornadus|p2a: Farigiraf\n|-supereffective|p2b: Rillaboom\n|-damage|p2b: Rillaboom|18\/100\n|-enditem|p2b: Rillaboom|Iapapa Berry|[eat]\n|-heal|p2b: Rillaboom|51\/100|[from] item: Iapapa Berry\n|cant|p1b: Ceruledge|flinch\n|move|p2a: Farigiraf|Hyper Voice|p1b: Ceruledge|[spread] p1a,p1b\n|-damage|p1a: Tornadus|11\/100\n|-damage|p1b: Ceruledge|8\/100\n|\n|-heal|p1a: Tornadus|17\/100|[from] item: Leftovers\n|-heal|p1b: Ceruledge|14\/100|[from] Grassy Terrain\n|-heal|p2b: Rillaboom|58\/100|[from] Grassy Terrain\n|-heal|p2a: Farigiraf|61\/100|[from] Grassy Terrain\n|upkeep\n|turn|4\n|\n|t:|1699935000\n|move|p1a: Tornadus|U-turn|p2a: Farigiraf\n|-supereffective|p2a: Farigiraf\n|-damage|p2a: Farigiraf|30\/100\n|\n|t:|1699935005\n|switch|p1a: Greninja|Greninja, M|100\/100|[from] U-turn\n|move|p1b: Ceruledge|Bitter Blade|p2b: Rillaboom\n|-supereffective|p2b: Rillaboom\n|-damage|p2b: Rillaboom|0 fnt\n|-heal|p1b: Ceruledge|54\/100|[from] drain|[of] p2b: Rillaboom\n|faint|p2b: Rillaboom\n|-damage|p1b: Ceruledge|44\/100|[from] item: Life Orb\n|move|p2a: Farigiraf|Hyper Voice|p1a: Greninja|[spread] p1a,p1b\n|-damage|p1a: Greninja|63\/100\n|-damage|p1b: Ceruledge|13\/100\n|\n|-heal|p1a: Greninja|69\/100|[from] Grassy Terrain\n|-heal|p1b: Ceruledge|19\/100|[from] Grassy Terrain\n|-heal|p2a: Farigiraf|36\/100|[from] Grassy Terrain\n|-sideend|p1: BriceDuckettmon|move: Tailwind\n|upkeep\n|\n|t:|1699935023\n|switch|p2b: Arboliva|Arboliva, F|100\/100\n|turn|5\n|\n|t:|1699935030\n|move|p2b: Arboliva|Protect|p2b: Arboliva\n|-singleturn|p2b: Arboliva|Protect\n|move|p1a: Greninja|Gunk Shot|p2b: Arboliva\n|-activate|p2b: Arboliva|move: Protect\n|move|p2a: Farigiraf|Hyper Voice|p1b: Ceruledge|[spread] p1a,p1b\n|-damage|p1a: Greninja|30\/100\n|-damage|p1b: Ceruledge|0 fnt\n|faint|p1b: Ceruledge\n|\n|-heal|p1a: Greninja|35\/100|[from] Grassy Terrain\n|-heal|p2a: Farigiraf|43\/100|[from] Grassy Terrain\n|-fieldend|move: Grassy Terrain\n|upkeep\n|\n|t:|1699935044\n|switch|p1b: Ninetales|Ninetales-Alola, M|100\/100\n|-weather|Snow|[from] ability: Snow Warning|[of] p1b: Ninetales\n|turn|6\n|\n|t:|1699935057\n|move|p1a: Greninja|Gunk Shot|p2b: Arboliva\n|-supereffective|p2b: Arboliva\n|-damage|p2b: Arboliva|0 fnt\n|-fieldstart|move: Grassy Terrain|[from] ability: Seed Sower|[of] p2b: Arboliva\n|faint|p2b: Arboliva\n|-ability|p1a: Greninja|Battle Bond|boost\n|-boost|p1a: Greninja|atk|1\n|-boost|p1a: Greninja|spa|1\n|-boost|p1a: Greninja|spe|1\n|-activate|p1a: Greninja|ability: Battle Bond\n|move|p1b: Ninetales|Blizzard|p2a: Farigiraf\n|-damage|p2a: Farigiraf|7\/100\n|move|p2a: Farigiraf|Hyper Voice|p1a: Greninja|[spread] p1a,p1b\n|-crit|p1b: Ninetales\n|-damage|p1a: Greninja|0 fnt\n|-damage|p1b: Ninetales|58\/100\n|faint|p1a: Greninja\n|\n|-weather|Snow|[upkeep]\n|-heal|p1b: Ninetales|64\/100|[from] Grassy Terrain\n|-heal|p2a: Farigiraf|13\/100|[from] Grassy Terrain\n|upkeep\n|\n|t:|1699935082\n|switch|p1a: Tornadus|Tornadus, M|17\/100\n|switch|p2b: Gogoat|Gogoat, M|100\/100\n|turn|7\n|\n|t:|1699935091\n|-terastallize|p2b: Gogoat|Electric\n|move|p2a: Farigiraf|Protect|p2a: Farigiraf\n|-singleturn|p2a: Farigiraf|Protect\n|move|p1a: Tornadus|Tailwind|p1a: Tornadus\n|-sidestart|p1: BriceDuckettmon|move: Tailwind\n|move|p1b: Ninetales|Blizzard|p2b: Gogoat|[spread] p2b\n|-activate|p2a: Farigiraf|move: Protect\n|-crit|p2b: Gogoat\n|-damage|p2b: Gogoat|62\/100\n|move|p2b: Gogoat|Wild Charge|p1a: Tornadus\n|-supereffective|p1a: Tornadus\n|-damage|p1a: Tornadus|0 fnt\n|faint|p1a: Tornadus\n|-damage|p2b: Gogoat|60\/100|[from] Recoil\n|\n|-weather|Snow|[upkeep]\n|-heal|p1b: Ninetales|69\/100|[from] Grassy Terrain\n|-heal|p2b: Gogoat|66\/100|[from] Grassy Terrain\n|-heal|p2a: Farigiraf|19\/100|[from] Grassy Terrain\n|upkeep\n|\n|t:|1699935113\n|switch|p1a: Rillaboom|Rillaboom, M|100\/100\n|turn|8\n|\n|t:|1699935124\n|move|p1b: Ninetales|Aurora Veil|p1b: Ninetales\n|-sidestart|p1: BriceDuckettmon|move: Aurora Veil\n|move|p1a: Rillaboom|Earthquake|p2a: Farigiraf|[spread] p1b,p2a,p2b\n|-supereffective|p2b: Gogoat\n|-damage|p1b: Ninetales|58\/100\n|-damage|p2a: Farigiraf|5\/100\n|-damage|p2b: Gogoat|42\/100\n|-damage|p1a: Rillaboom|91\/100|[from] item: Life Orb\n|move|p2b: Gogoat|Wild Charge|p1b: Ninetales\n|-damage|p1b: Ninetales|33\/100\n|-damage|p2b: Gogoat|38\/100|[from] Recoil\n|move|p2a: Farigiraf|Future Sight|p1a: Rillaboom\n|-start|p2a: Farigiraf|move: Future Sight\n|\n|-weather|Snow|[upkeep]\n|-heal|p1b: Ninetales|39\/100|[from] Grassy Terrain\n|-heal|p1a: Rillaboom|97\/100|[from] Grassy Terrain\n|-heal|p2b: Gogoat|44\/100|[from] Grassy Terrain\n|-heal|p2a: Farigiraf|12\/100|[from] Grassy Terrain\n|upkeep\n|turn|9\n|\n|t:|1699935156\n|move|p2a: Farigiraf|Protect|p2a: Farigiraf\n|-singleturn|p2a: Farigiraf|Protect\n|move|p1a: Rillaboom|Grassy Glide||[still]\n|cant|p2a: Farigiraf|ability: Armor Tail|Grassy Glide|[of] p1a: Rillaboom\n|move|p1b: Ninetales|Moonblast|p2a: Farigiraf\n|-activate|p2a: Farigiraf|move: Protect\n|move|p2b: Gogoat|Wild Charge|p1b: Ninetales\n|-damage|p1b: Ninetales|14\/100\n|-enditem|p1b: Ninetales|Aguav Berry|[eat]\n|-heal|p1b: Ninetales|48\/100|[from] item: Aguav Berry\n|-damage|p2b: Gogoat|40\/100|[from] Recoil\n|\n|-weather|Snow|[upkeep]\n|-heal|p1b: Ninetales|53\/100|[from] Grassy Terrain\n|-heal|p1a: Rillaboom|100\/100|[from] Grassy Terrain\n|-heal|p2b: Gogoat|46\/100|[from] Grassy Terrain\n|-heal|p2a: Farigiraf|18\/100|[from] Grassy Terrain\n|upkeep\n|turn|10\n|\n|t:|1699935181\n|move|p1a: Rillaboom|Grassy Glide||[still]\n|cant|p2a: Farigiraf|ability: Armor Tail|Grassy Glide|[of] p1a: Rillaboom\n|move|p1b: Ninetales|Blizzard|p2a: Farigiraf|[spread] p2a,p2b\n|-damage|p2a: Farigiraf|0 fnt\n|-damage|p2b: Gogoat|20\/100\n|faint|p2a: Farigiraf\n|move|p2b: Gogoat|Wild Charge|p1b: Ninetales\n|-crit|p1b: Ninetales\n|-damage|p1b: Ninetales|0 fnt\n|faint|p1b: Ninetales\n|-damage|p2b: Gogoat|12\/100|[from] Recoil\n|\n|-weather|none\n|-end|p1a: Rillaboom|move: Future Sight\n|-damage|p1a: Rillaboom|60\/100\n|-heal|p1a: Rillaboom|67\/100|[from] Grassy Terrain\n|-heal|p2b: Gogoat|18\/100|[from] Grassy Terrain\n|-sideend|p1: BriceDuckettmon|move: Tailwind\n|-fieldend|move: Grassy Terrain\n|upkeep\n|\n|t:|1699935200\n|switch|p1b: Ursaluna|Ursaluna-Bloodmoon, M|100\/100\n|switch|p2a: Bowser!|Chesnaught, M, shiny|100\/100\n|turn|11\n|\n|t:|1699935219\n|move|p1a: Rillaboom|Drum Beating|p2b: Gogoat\n|-damage|p2b: Gogoat|0 fnt\n|faint|p2b: Gogoat\n|-damage|p1a: Rillaboom|57\/100|[from] item: Life Orb\n|move|p2a: Bowser!|Drain Punch|p1b: Ursaluna\n|-supereffective|p1b: Ursaluna\n|-damage|p1b: Ursaluna|71\/100\n|move|p1b: Ursaluna|Blood Moon|p2a: Bowser!\n|-damage|p2a: Bowser!|34\/100\n|-damage|p1b: Ursaluna|61\/100|[from] item: Life Orb\n|\n|upkeep\n|turn|12\n|\n|t:|1699935235\n|move|p1a: Rillaboom|Earthquake|p2a: Bowser!|[spread] p1b,p2a\n|-resisted|p2a: Bowser!\n|-damage|p1b: Ursaluna|42\/100\n|-damage|p2a: Bowser!|23\/100\n|-damage|p1a: Rillaboom|47\/100|[from] item: Life Orb\n|move|p2a: Bowser!|Drain Punch|p1b: Ursaluna\n|-supereffective|p1b: Ursaluna\n|-damage|p1b: Ursaluna|13\/100\n|-heal|p2a: Bowser!|38\/100|[from] drain|[of] p1b: Ursaluna\n|move|p1b: Ursaluna|Facade|p2a: Bowser!\n|-damage|p2a: Bowser!|13\/100\n|-damage|p1b: Ursaluna|3\/100|[from] item: Life Orb\n|\n|-sideend|p1: BriceDuckettmon|move: Aurora Veil\n|upkeep\n|turn|13\n|\n|t:|1699935257\n|move|p1a: Rillaboom|Grassy Glide|p2a: Bowser!\n|-resisted|p2a: Bowser!\n|-damage|p2a: Bowser!|1\/100\n|-damage|p1a: Rillaboom|37\/100|[from] item: Life Orb\n|move|p2a: Bowser!|Drain Punch|p1b: Ursaluna\n|-supereffective|p1b: Ursaluna\n|-damage|p1b: Ursaluna|0 fnt\n|-heal|p2a: Bowser!|3\/100|[from] drain|[of] p1b: Ursaluna\n|faint|p1b: Ursaluna\n|\n|upkeep\n|turn|14\n|\n|t:|1699935270\n|move|p1a: Rillaboom|Grassy Glide|p2a: Bowser!\n|-resisted|p2a: Bowser!\n|-damage|p2a: Bowser!|0 fnt\n|faint|p2a: Bowser!\n|-damage|p1a: Rillaboom|27\/100|[from] item: Life Orb\n|\n|win|BriceDuckettmon\n|raw|BriceDuckettmon's rating: 1037 &rarr; <strong>1074<\/strong><br \/>(+37 for winning)\n|raw|EndlessEra's rating: 1061 &rarr; <strong>1041<\/strong><br \/>(-20 for losing)\n|c|\u2606EndlessEra|gg.\n|c|\u2606BriceDuckettmon|Gg\n","uploadtime":1699935284,"views":5,"p1id":"briceduckettmon","p2id":"endlessera","formatid":"gen9doublesou","rating":1041,"private":0,"password":""}