{"id":"gen9doublesou-1970899976","p1":"AIRedzone","p2":"banwobDPP","format":"[Gen 9] Doubles OU","log":"|j|\u2606AIRedzone\n|j|\u2606banwobDPP\n|inactive|Battle timer is ON: inactive players will automatically lose when time's up.\n|t:|1697678742\n|gametype|doubles\n|player|p1|AIRedzone|#dwcopiii|\n|player|p2|banwobDPP|n|\n|teamsize|p1|6\n|teamsize|p2|6\n|gen|9\n|tier|[Gen 9] Doubles OU\n|rated|Tournament battle\n|rule|Species Clause: Limit one of each Pok\u00e9mon\n|rule|OHKO Clause: OHKO moves are banned\n|rule|Evasion Moves Clause: Evasion moves are banned\n|rule|Gravity Sleep Clause: The combination of sleep-inducing moves with imperfect accuracy and Gravity or Gigantamax Orbeetle are banned\n|rule|Endless Battle Clause: Forcing endless battles is banned\n|rule|HP Percentage Mod: HP is shown in percentages\n|clearpoke\n|poke|p1|Iron Bundle|\n|poke|p1|Ninetales-Alola, M|\n|poke|p1|Okidogi, M|\n|poke|p1|Ogerpon-Hearthflame, F|\n|poke|p1|Tornadus, M|\n|poke|p1|Flutter Mane|\n|poke|p2|Weezing-Galar, M|\n|poke|p2|Iron Hands|\n|poke|p2|Indeedee, M|\n|poke|p2|Azelf|\n|poke|p2|Roaring Moon|\n|poke|p2|Chi-Yu|\n|teampreview\n|j| Btucks6203\n|c| Btucks6203|whats the custom rules?\n|\n|t:|1697678766\n|start\n|switch|p1a: Tornadus|Tornadus, M|100\/100\n|switch|p1b: Mother|Ninetales-Alola, M, shiny|100\/100\n|switch|p2a: Indeedee|Indeedee, M|100\/100\n|switch|p2b: Azelf|Azelf|100\/100\n|-fieldstart|move: Psychic Terrain|[from] ability: Psychic Surge|[of] p2a: Indeedee\n|-weather|Snow|[from] ability: Snow Warning|[of] p1b: Mother\n|turn|1\n|l| Btucks6203\n|\n|t:|1697678790\n|switch|p2a: Weezing|Weezing-Galar, M|100\/100\n|-ability|p2a: Weezing|Neutralizing Gas\n|move|p2b: Azelf|Expanding Force|p1b: Mother|[spread] p1a,p1b\n|-damage|p1a: Tornadus|1\/100\n|-damage|p1b: Mother|30\/100\n|-damage|p2b: Azelf|91\/100|[from] item: Life Orb\n|move|p1b: Mother|Aurora Veil|p1b: Mother\n|-sidestart|p1: AIRedzone|move: Aurora Veil\n|move|p1a: Tornadus|Bleakwind Storm|p2b: Azelf|[spread] p2a,p2b\n|-damage|p2a: Weezing|66\/100\n|-damage|p2b: Azelf|37\/100\n|\n|-weather|Snow|[upkeep]\n|-heal|p2a: Weezing|72\/100|[from] item: Leftovers\n|upkeep\n|turn|2\n|c|\u2606AIRedzone|just implementing the basculegion ban\n|\n|t:|1697678819\n|move|p2b: Azelf|Expanding Force|p1b: Mother|[spread] p1a,p1b\n|-damage|p1a: Tornadus|0 fnt\n|-damage|p1b: Mother|0 fnt\n|faint|p1a: Tornadus\n|faint|p1b: Mother\n|-damage|p2b: Azelf|27\/100|[from] item: Life Orb\n|move|p2a: Weezing|Gunk Shot|p1: Tornadus|[notarget]\n|-fail|p2a: Weezing\n|\n|-weather|Snow|[upkeep]\n|-heal|p2a: Weezing|78\/100|[from] item: Leftovers\n|upkeep\n|\n|t:|1697678827\n|switch|p1b: Ogerpon|Ogerpon-Hearthflame, F|100\/100\n|switch|p1a: Iron Bundle|Iron Bundle|100\/100\n|turn|3\n|\n|t:|1697678849\n|move|p2b: Azelf|Protect|p2b: Azelf\n|-singleturn|p2b: Azelf|Protect\n|move|p1a: Iron Bundle|Blizzard|p2a: Weezing|[spread] p2a\n|-activate|p2b: Azelf|move: Protect\n|-damage|p2a: Weezing|12\/100\n|-status|p2a: Weezing|frz\n|move|p1b: Ogerpon|Ivy Cudgel|p2a: Weezing\n|-damage|p2a: Weezing|0 fnt\n|faint|p2a: Weezing\n|-end|p2a: Weezing|ability: Neutralizing Gas\n|-ability|p1b: Ogerpon|Mold Breaker\n|\n|-weather|Snow|[upkeep]\n|upkeep\n|inactive|banwobDPP has 120 seconds left.\n|\n|t:|1697678865\n|switch|p2a: Chi-Yu|Chi-Yu|100\/100\n|-ability|p2a: Chi-Yu|Beads of Ruin\n|turn|4\n|inactive|banwobDPP has 120 seconds left.\n|\n|t:|1697678892\n|move|p2a: Chi-Yu|Heat Wave|p1b: Ogerpon|[spread] p1a,p1b\n|-damage|p1a: Iron Bundle|27\/100\n|-damage|p1b: Ogerpon|58\/100\n|move|p1a: Iron Bundle|Blizzard|p2b: Azelf|[spread] p2a,p2b\n|-resisted|p2a: Chi-Yu\n|-damage|p2a: Chi-Yu|64\/100\n|-damage|p2b: Azelf|0 fnt\n|faint|p2b: Azelf\n|move|p1b: Ogerpon|Ivy Cudgel|p2a: Chi-Yu\n|-resisted|p2a: Chi-Yu\n|-damage|p2a: Chi-Yu|25\/100\n|\n|-weather|Snow|[upkeep]\n|upkeep\n|inactive|banwobDPP has 120 seconds left.\n|\n|t:|1697678903\n|switch|p2b: Roaring Moon|Roaring Moon|100\/100\n|-enditem|p2b: Roaring Moon|Booster Energy\n|-activate|p2b: Roaring Moon|ability: Protosynthesis|[fromitem]\n|-start|p2b: Roaring Moon|protosynthesisspe\n|turn|5\n|inactive|banwobDPP has 120 seconds left.\n|\n|t:|1697678931\n|move|p2b: Roaring Moon|Breaking Swipe|p1a: Iron Bundle|[spread] p1a,p1b\n|-damage|p1a: Iron Bundle|16\/100\n|-damage|p1b: Ogerpon|39\/100\n|-unboost|p1a: Iron Bundle|atk|1\n|-unboost|p1b: Ogerpon|atk|1\n|move|p2a: Chi-Yu|Heat Wave|p1a: Iron Bundle|[spread] p1a,p1b\n|-damage|p1a: Iron Bundle|0 fnt\n|-damage|p1b: Ogerpon|0 fnt\n|faint|p1a: Iron Bundle\n|-end|p1a: Iron Bundle|Quark Drive|[silent]\n|faint|p1b: Ogerpon\n|\n|-weather|none\n|-fieldend|move: Psychic Terrain\n|upkeep\n|\n|t:|1697678948\n|switch|p1a: Okidogi|Okidogi, M|100\/100\n|switch|p1b: Flutter Mane|Flutter Mane|100\/100\n|-enditem|p1b: Flutter Mane|Booster Energy\n|-activate|p1b: Flutter Mane|ability: Protosynthesis|[fromitem]\n|-start|p1b: Flutter Mane|protosynthesisspe\n|turn|6\n|inactive|banwobDPP has 120 seconds left.\n|\n|t:|1697678987\n|switch|p2a: Iron Hands|Iron Hands|100\/100\n|-terastallize|p2b: Roaring Moon|Poison\n|move|p1b: Flutter Mane|Moonblast|p2a: Iron Hands\n|-supereffective|p2a: Iron Hands\n|-damage|p2a: Iron Hands|46\/100\n|move|p2b: Roaring Moon|Knock Off|p1a: Okidogi\n|-resisted|p1a: Okidogi\n|-damage|p1a: Okidogi|88\/100\n|-enditem|p1a: Okidogi|Sitrus Berry|[from] move: Knock Off|[of] p2b: Roaring Moon\n|move|p1a: Okidogi|Bulk Up|p1a: Okidogi\n|-boost|p1a: Okidogi|atk|1\n|-boost|p1a: Okidogi|def|1\n|\n|upkeep\n|turn|7\n|inactive|banwobDPP has 120 seconds left.\n|\n|t:|1697679011\n|move|p2a: Iron Hands|Fake Out|p1a: Okidogi\n|-damage|p1a: Okidogi|82\/100\n|move|p1b: Flutter Mane|Shadow Ball|p2b: Roaring Moon\n|-damage|p2b: Roaring Moon|61\/100\n|move|p2b: Roaring Moon|Tailwind|p2b: Roaring Moon\n|-sidestart|p2: banwobDPP|move: Tailwind\n|cant|p1a: Okidogi|flinch\n|\n|upkeep\n|turn|8\n|\n|t:|1697679028\n|-end|p2a: Iron Hands|Quark Drive|[silent]\n|switch|p2a: Indeedee|Indeedee, M|100\/100\n|-fieldstart|move: Psychic Terrain|[from] ability: Psychic Surge|[of] p2a: Indeedee\n|move|p2b: Roaring Moon|Knock Off|p1b: Flutter Mane\n|-damage|p1b: Flutter Mane|59\/100\n|move|p1b: Flutter Mane|Shadow Ball|p2b: Roaring Moon\n|-damage|p2b: Roaring Moon|24\/100\n|move|p1a: Okidogi|Drain Punch|p2b: Roaring Moon\n|-resisted|p2b: Roaring Moon\n|-damage|p2b: Roaring Moon|0 fnt\n|-heal|p1a: Okidogi|93\/100|[from] drain|[of] p2b: Roaring Moon\n|faint|p2b: Roaring Moon\n|-end|p2b: Roaring Moon|Protosynthesis|[silent]\n|\n|-sideend|p1: AIRedzone|move: Aurora Veil\n|upkeep\n|inactive|banwobDPP has 120 seconds left.\n|\n|t:|1697679041\n|switch|p2b: Chi-Yu|Chi-Yu|25\/100\n|-ability|p2b: Chi-Yu|Beads of Ruin\n|turn|9\n|inactive|AIRedzone has 120 seconds left.\n|\n|t:|1697679089\n|move|p2a: Indeedee|Psyshock|p1a: Okidogi\n|-supereffective|p1a: Okidogi\n|-damage|p1a: Okidogi|0 fnt\n|faint|p1a: Okidogi\n|move|p2b: Chi-Yu|Overheat|p1b: Flutter Mane\n|-damage|p1b: Flutter Mane|0 fnt\n|-unboost|p2b: Chi-Yu|spa|2\n|faint|p1b: Flutter Mane\n|-end|p1b: Flutter Mane|Protosynthesis|[silent]\n|\n|win|banwobDPP\n|n|\u2606AIRedzone|airedzone\n|n|\u2606banwobDPP|banwobdpp\n|c|\u2606AIRedzone|gg\n|l|\u2606AIRedzone\n|c|\u2606banwobDPP|gg\n","uploadtime":1697679123,"views":23,"p1id":"airedzone","p2id":"banwobdpp","formatid":"gen9doublesou","rating":0,"private":0,"password":""}