{"id":"gen9doublesou-1987171237","p1":"monrosegold","p2":"SaturnFr3ak","format":"[Gen 9] Doubles OU","log":"|j|\u2606monrosegold\n|j|\u2606SaturnFr3ak\n|t:|1699562064\n|gametype|doubles\n|player|p1|monrosegold|proton|1287\n|player|p2|SaturnFr3ak|mina|1365\n|teamsize|p1|6\n|teamsize|p2|6\n|gen|9\n|tier|[Gen 9] Doubles OU\n|rated|\n|rule|Species Clause: Limit one of each Pok\u00e9mon\n|rule|OHKO Clause: OHKO moves are banned\n|rule|Evasion Moves Clause: Evasion moves are banned\n|rule|Gravity Sleep Clause: The combination of sleep-inducing moves with imperfect accuracy and Gravity or Gigantamax Orbeetle are banned\n|rule|Endless Battle Clause: Forcing endless battles is banned\n|rule|HP Percentage Mod: HP is shown in percentages\n|clearpoke\n|poke|p1|Scizor, M|\n|poke|p1|Arboliva, F|\n|poke|p1|Clefable, F|\n|poke|p1|Milotic, F|\n|poke|p1|Weavile, M|\n|poke|p1|Sneasler, F|\n|poke|p2|Stonjourner, F|\n|poke|p2|Chi-Yu|\n|poke|p2|Passimian, M|\n|poke|p2|Flutter Mane|\n|poke|p2|Muk-Alola, M|\n|poke|p2|Sinistcha-Masterpiece|\n|teampreview\n|c|\u2606monrosegold|glhf\n|inactive|Battle timer is ON: inactive players will automatically lose when time's up. (requested by monrosegold)\n|inactive|SaturnFr3ak has 120 seconds left.\n|\n|t:|1699562115\n|start\n|switch|p1a: Clefable|Clefable, F|100\/100\n|switch|p1b: Sneasler|Sneasler, F|100\/100\n|switch|p2a: Roxie|Stonjourner, F, shiny|100\/100\n|switch|p2b: OJ|Passimian, M, shiny|100\/100\n|turn|1\n|\n|t:|1699562132\n|move|p2b: OJ|Iron Head|p1a: Clefable\n|-supereffective|p1a: Clefable\n|-damage|p1a: Clefable|41\/100\n|move|p1b: Sneasler|Brick Break|p2a: Roxie\n|-supereffective|p2a: Roxie\n|-damage|p2a: Roxie|54\/100\n|move|p2a: Roxie|Sunny Day|p2a: Roxie\n|-weather|SunnyDay\n|move|p1a: Clefable|Reflect|p1a: Clefable\n|-sidestart|p1: monrosegold|Reflect\n|\n|-weather|SunnyDay|[upkeep]\n|upkeep\n|turn|2\n|\n|t:|1699562151\n|move|p2b: OJ|Iron Head|p1a: Clefable\n|-supereffective|p1a: Clefable\n|-damage|p1a: Clefable|4\/100\n|move|p1b: Sneasler|Fire Punch|p2b: OJ\n|-damage|p2b: OJ|55\/100\n|-status|p2b: OJ|psn|[from] ability: Poison Touch|[of] p1b: Sneasler\n|move|p2a: Roxie|Heat Crash|p1b: Sneasler\n|-damage|p1b: Sneasler|43\/100\n|move|p1a: Clefable|Light Screen|p1a: Clefable\n|-sidestart|p1: monrosegold|move: Light Screen\n|\n|-weather|SunnyDay|[upkeep]\n|-heal|p1b: Sneasler|49\/100|[from] item: Black Sludge\n|-damage|p2b: OJ|43\/100 psn|[from] psn\n|upkeep\n|turn|3\n|\n|t:|1699562177\n|switch|p1a: Arboliva|Arboliva, F, shiny|100\/100\n|move|p2b: OJ|Iron Head|p1a: Arboliva\n|-damage|p1a: Arboliva|76\/100\n|-fieldstart|move: Grassy Terrain|[from] ability: Seed Sower|[of] p1a: Arboliva\n|move|p1b: Sneasler|Brick Break|p2a: Roxie\n|-supereffective|p2a: Roxie\n|-damage|p2a: Roxie|12\/100\n|move|p2a: Roxie|Heat Crash|p1b: Sneasler\n|-damage|p1b: Sneasler|0 fnt\n|faint|p1b: Sneasler\n|\n|-weather|SunnyDay|[upkeep]\n|-heal|p2b: OJ|49\/100 psn|[from] Grassy Terrain\n|-heal|p2a: Roxie|18\/100|[from] Grassy Terrain\n|-heal|p1a: Arboliva|82\/100|[from] Grassy Terrain\n|-damage|p2b: OJ|37\/100 psn|[from] psn\n|upkeep\n|inactive|monrosegold has 120 seconds left.\n|\n|t:|1699562196\n|switch|p1b: Weavile|Weavile, M|100\/100\n|-ability|p1b: Weavile|Pressure\n|turn|4\n|\n|t:|1699562206\n|move|p1b: Weavile|Fake Out|p2a: Roxie\n|-resisted|p2a: Roxie\n|-damage|p2a: Roxie|13\/100\n|-damage|p1b: Weavile|91\/100|[from] item: Life Orb\n|move|p2b: OJ|Iron Head|p1b: Weavile\n|-supereffective|p1b: Weavile\n|-damage|p1b: Weavile|17\/100\n|cant|p2a: Roxie|flinch\n|move|p1a: Arboliva|Giga Drain|p2b: OJ\n|-crit|p2b: OJ\n|-damage|p2b: OJ|0 fnt\n|-heal|p1a: Arboliva|100\/100|[from] drain|[of] p2b: OJ\n|faint|p2b: OJ\n|\n|-weather|SunnyDay|[upkeep]\n|-heal|p1b: Weavile|23\/100|[from] Grassy Terrain\n|-heal|p2a: Roxie|19\/100|[from] Grassy Terrain\n|upkeep\n|\n|t:|1699562220\n|switch|p2b: Greed|Muk-Alola, M, shiny|100\/100\n|turn|5\n|\n|t:|1699562233\n|move|p1b: Weavile|Knock Off|p2b: Greed\n|-resisted|p2b: Greed\n|-damage|p2b: Greed|68\/100\n|-enditem|p2b: Greed|Assault Vest|[from] move: Knock Off|[of] p1b: Weavile\n|-damage|p1b: Weavile|13\/100|[from] item: Life Orb\n|move|p2a: Roxie|Body Press|p1a: Arboliva\n|-supereffective|p1a: Arboliva\n|-damage|p1a: Arboliva|61\/100\n|move|p2b: Greed|Poison Jab|p1a: Arboliva\n|-supereffective|p1a: Arboliva\n|-damage|p1a: Arboliva|0 fnt\n|faint|p1a: Arboliva\n|\n|-weather|SunnyDay|[upkeep]\n|-heal|p1b: Weavile|19\/100|[from] Grassy Terrain\n|-heal|p2a: Roxie|25\/100|[from] Grassy Terrain\n|-heal|p2b: Greed|74\/100|[from] Grassy Terrain\n|upkeep\n|\n|t:|1699562249\n|switch|p1a: Scizor|Scizor, M|100\/100\n|turn|6\n|\n|t:|1699562260\n|move|p1b: Weavile|Ice Shard|p2b: Greed\n|-damage|p2b: Greed|46\/100\n|-damage|p1b: Weavile|9\/100|[from] item: Life Orb\n|move|p1a: Scizor|Bullet Punch|p2a: Roxie\n|-supereffective|p2a: Roxie\n|-damage|p2a: Roxie|0 fnt\n|faint|p2a: Roxie\n|-ability|p2b: Greed|Power Spot|[from] ability: Power of Alchemy|[of] p2a: Roxie\n|move|p2b: Greed|Poison Jab|p1b: Weavile\n|-damage|p1b: Weavile|0 fnt\n|faint|p1b: Weavile\n|\n|-weather|SunnyDay|[upkeep]\n|-heal|p2b: Greed|52\/100|[from] Grassy Terrain\n|upkeep\n|\n|t:|1699562277\n|switch|p1b: Clefable|Clefable, F|4\/100\n|switch|p2a: Nemo|Chi-Yu|100\/100\n|-ability|p2a: Nemo|Beads of Ruin\n|turn|7\n|\n|t:|1699562290\n|switch|p1a: Milotic|Milotic, F, shiny|100\/100\n|move|p2a: Nemo|Lava Plume|p1b: Clefable|[spread] p2b,p1a,p1b\n|-resisted|p1a: Milotic\n|-damage|p2b: Greed|0 fnt\n|-damage|p1a: Milotic|73\/100\n|-damage|p1b: Clefable|0 fnt\n|faint|p2b: Greed\n|faint|p1b: Clefable\n|\n|-weather|SunnyDay|[upkeep]\n|-heal|p1a: Milotic|79\/100|[from] Grassy Terrain\n|-heal|p1a: Milotic|85\/100|[from] item: Leftovers\n|-fieldend|move: Grassy Terrain\n|upkeep\n|\n|t:|1699562304\n|switch|p1b: Scizor|Scizor, M|100\/100\n|switch|p2b: Missy|Flutter Mane|100\/100\n|-activate|p2b: Missy|ability: Protosynthesis\n|-start|p2b: Missy|protosynthesisspe\n|turn|8\n|\n|t:|1699562321\n|move|p1a: Milotic|Protect|p1a: Milotic\n|-singleturn|p1a: Milotic|Protect\n|move|p1b: Scizor|Bullet Punch|p2b: Missy\n|-supereffective|p2b: Missy\n|-damage|p2b: Missy|0 fnt\n|faint|p2b: Missy\n|-end|p2b: Missy|Protosynthesis|[silent]\n|move|p2a: Nemo|Lava Plume|p1b: Scizor|[spread] p1b\n|-activate|p1a: Milotic|move: Protect\n|-supereffective|p1b: Scizor\n|-damage|p1b: Scizor|0 fnt\n|faint|p1b: Scizor\n|\n|-weather|none\n|-heal|p1a: Milotic|91\/100|[from] item: Leftovers\n|-sideend|p1: monrosegold|Reflect\n|upkeep\n|\n|t:|1699562331\n|switch|p2b: Soba|Sinistcha-Masterpiece|100\/100\n|turn|9\n|\n|t:|1699562338\n|-terastallize|p2b: Soba|Fairy\n|move|p2a: Nemo|Lava Plume|p1a: Milotic|[spread] p2b,p1a\n|-resisted|p1a: Milotic\n|-damage|p2b: Soba|20\/100\n|-damage|p1a: Milotic|75\/100\n|-status|p1a: Milotic|brn\n|move|p1a: Milotic|Icy Wind|p2a: Nemo|[spread] p2a,p2b\n|-resisted|p2a: Nemo\n|-damage|p2a: Nemo|95\/100\n|-damage|p2b: Soba|4\/100\n|-unboost|p2a: Nemo|spe|1\n|-unboost|p2b: Soba|spe|1\n|move|p2b: Soba|Matcha Gotcha|p1a: Milotic\n|-supereffective|p1a: Milotic\n|-damage|p1a: Milotic|33\/100 brn\n|-heal|p2b: Soba|28\/100|[from] drain|[of] p1a: Milotic\n|\n|-heal|p1a: Milotic|39\/100 brn|[from] item: Leftovers\n|-damage|p1a: Milotic|33\/100 brn|[from] brn\n|-sideend|p1: monrosegold|move: Light Screen\n|upkeep\n|turn|10\n|\n|t:|1699562360\n|-terastallize|p1a: Milotic|Water\n|move|p2a: Nemo|Lava Plume|p1a: Milotic|[spread] p2b,p1a\n|-resisted|p1a: Milotic\n|-damage|p2b: Soba|0 fnt\n|-damage|p1a: Milotic|8\/100 brn\n|faint|p2b: Soba\n|move|p1a: Milotic|Scald|p2a: Nemo\n|-supereffective|p2a: Nemo\n|-damage|p2a: Nemo|4\/100\n|\n|-heal|p1a: Milotic|14\/100 brn|[from] item: Leftovers\n|-damage|p1a: Milotic|8\/100 brn|[from] brn\n|upkeep\n|turn|11\n|\n|t:|1699562380\n|move|p2a: Nemo|Lava Plume|p1a: Milotic\n|-resisted|p1a: Milotic\n|-damage|p1a: Milotic|0 fnt\n|faint|p1a: Milotic\n|\n|win|SaturnFr3ak\n|raw|monrosegold's rating: 1287 &rarr; <strong>1268<\/strong><br \/>(-19 for losing)\n|raw|SaturnFr3ak's rating: 1365 &rarr; <strong>1381<\/strong><br \/>(+16 for winning)\n|c|\u2606monrosegold|gg\n|l|\u2606monrosegold\n","uploadtime":1699562390,"views":8,"p1id":"monrosegold","p2id":"saturnfr3ak","formatid":"gen9doublesou","rating":1268,"private":0,"password":""}