{"id":"gen9doublesou-1973438467","p1":"Mercury007","p2":"JojoPlatinium96","format":"[Gen 9] Doubles OU","log":"|j|\u2606Mercury007\n|j|\u2606JojoPlatinium96\n|t:|1697975655\n|gametype|doubles\n|player|p1|Mercury007|yellow|1119\n|player|p2|JojoPlatinium96|hugh|1058\n|teamsize|p1|6\n|teamsize|p2|6\n|gen|9\n|tier|[Gen 9] Doubles OU\n|rated|\n|rule|Species Clause: Limit one of each Pok\u00e9mon\n|rule|OHKO Clause: OHKO moves are banned\n|rule|Evasion Moves Clause: Evasion moves are banned\n|rule|Gravity Sleep Clause: The combination of sleep-inducing moves with imperfect accuracy and Gravity or Gigantamax Orbeetle are banned\n|rule|Endless Battle Clause: Forcing endless battles is banned\n|rule|HP Percentage Mod: HP is shown in percentages\n|clearpoke\n|poke|p1|Tornadus, M|\n|poke|p1|Grimmsnarl, M|\n|poke|p1|Landorus-Therian, M|\n|poke|p1|Rotom-Heat|\n|poke|p1|Kingambit, M|\n|poke|p1|Iron Bundle|\n|poke|p2|Okidogi, M|\n|poke|p2|Diancie|\n|poke|p2|Meowscarada, F|\n|poke|p2|Oricorio-Sensu, F|\n|poke|p2|Quaquaval, M|\n|poke|p2|Chien-Pao|\n|teampreview\n|inactive|Battle timer is ON: inactive players will automatically lose when time's up. (requested by Mercury007)\n|\n|t:|1697975665\n|start\n|switch|p1a: Grimmsnarl|Grimmsnarl, M|100\/100\n|switch|p1b: Tornadus|Tornadus, M|100\/100\n|switch|p2a: Meowscarada|Meowscarada, F|100\/100\n|switch|p2b: Oricorio|Oricorio-Sensu, F|100\/100\n|turn|1\n|\n|t:|1697975695\n|move|p1b: Tornadus|Tailwind|p1b: Tornadus\n|-sidestart|p1: Mercury007|move: Tailwind\n|move|p2a: Meowscarada|Skill Swap|p2b: Oricorio\n|-start|p2a: Meowscarada|typechange|Psychic|[from] ability: Protean\n|-activate|p2a: Meowscarada|move: Skill Swap|||[of] p2b: Oricorio\n|move|p1a: Grimmsnarl|Spirit Break|p2a: Meowscarada\n|-damage|p2a: Meowscarada|56\/100\n|-unboost|p2a: Meowscarada|spa|1\n|move|p2b: Oricorio|Swords Dance|p2b: Oricorio\n|-start|p2b: Oricorio|typechange|Normal|[from] ability: Protean\n|-boost|p2b: Oricorio|atk|2\n|-activate|p2a: Meowscarada|ability: Dancer\n|move|p2a: Meowscarada|Swords Dance|p2a: Meowscarada|[from]ability: Dancer\n|-boost|p2a: Meowscarada|atk|2\n|\n|upkeep\n|turn|2\n|inactive|Mercury007 has 120 seconds left.\n|\n|t:|1697975729\n|-terastallize|p2a: Meowscarada|Steel\n|move|p1b: Tornadus|Taunt|p2b: Oricorio\n|-start|p2b: Oricorio|move: Taunt\n|move|p1a: Grimmsnarl|Reflect|p1a: Grimmsnarl\n|-sidestart|p1: Mercury007|Reflect\n|move|p2a: Meowscarada|Knock Off|p1b: Tornadus\n|-damage|p1b: Tornadus|58\/100\n|-enditem|p1b: Tornadus|Wacan Berry|[from] move: Knock Off|[of] p2a: Meowscarada\n|cant|p2b: Oricorio|move: Taunt|Baton Pass\n|\n|upkeep\n|turn|3\n|inactive|Mercury007 has 120 seconds left.\n|\n|t:|1697975771\n|switch|p1b: Rotom|Rotom-Heat|100\/100\n|switch|p2b: Quaquaval|Quaquaval, M|100\/100\n|move|p1a: Grimmsnarl|Parting Shot|p2a: Meowscarada\n|-unboost|p2a: Meowscarada|atk|1\n|-unboost|p2a: Meowscarada|spa|1\n|\n|t:|1697975787\n|switch|p1a: Tornadus|Tornadus, M|58\/100|[from] Parting Shot\n|move|p2a: Meowscarada|Knock Off|p1b: Rotom\n|-damage|p1b: Rotom|63\/100\n|-enditem|p1b: Rotom|Wiki Berry|[from] move: Knock Off|[of] p2a: Meowscarada\n|\n|upkeep\n|turn|4\n|\n|t:|1697975804\n|move|p1a: Tornadus|Air Slash|p2b: Quaquaval\n|-supereffective|p2b: Quaquaval\n|-damage|p2b: Quaquaval|3\/100\n|move|p1b: Rotom|Overheat|p2a: Meowscarada\n|-supereffective|p2a: Meowscarada\n|-damage|p2a: Meowscarada|0 fnt\n|-unboost|p1b: Rotom|spa|2\n|faint|p2a: Meowscarada\n|move|p2b: Quaquaval|Aqua Step|p1b: Rotom\n|-supereffective|p1b: Rotom\n|-damage|p1b: Rotom|0 fnt\n|-boost|p2b: Quaquaval|spe|1\n|faint|p1b: Rotom\n|-ability|p2b: Quaquaval|Moxie|boost\n|-boost|p2b: Quaquaval|atk|1\n|\n|-sideend|p1: Mercury007|move: Tailwind\n|upkeep\n|inactive|Mercury007 has 120 seconds left.\n|\n|t:|1697975819\n|switch|p2a: Oricorio|Oricorio-Sensu, F|100\/100\n|switch|p1b: Landorus|Landorus-Therian, M|100\/100\n|-ability|p1b: Landorus|Intimidate|boost\n|-unboost|p2a: Oricorio|atk|1\n|-unboost|p2b: Quaquaval|atk|1\n|turn|5\n|\n|t:|1697975838\n|move|p1a: Tornadus|Tailwind|p1a: Tornadus\n|-sidestart|p1: Mercury007|move: Tailwind\n|move|p1b: Landorus|Rock Slide|p2b: Quaquaval|[spread] p2a,p2b\n|-supereffective|p2a: Oricorio\n|-resisted|p2b: Quaquaval\n|-damage|p2a: Oricorio|30\/100\n|-damage|p2b: Quaquaval|0 fnt\n|faint|p2b: Quaquaval\n|move|p2a: Oricorio|Swords Dance|p2a: Oricorio\n|-boost|p2a: Oricorio|atk|2\n|\n|upkeep\n|\n|t:|1697975846\n|switch|p2b: Chien-Pao|Chien-Pao|100\/100\n|-ability|p2b: Chien-Pao|Sword of Ruin\n|turn|6\n|\n|t:|1697975867\n|-terastallize|p1b: Landorus|Rock\n|move|p1a: Tornadus|Taunt|p2a: Oricorio\n|-start|p2a: Oricorio|move: Taunt\n|move|p2b: Chien-Pao|Sucker Punch|p1b: Landorus\n|-damage|p1b: Landorus|66\/100\n|move|p1b: Landorus|Rock Slide|p2b: Chien-Pao|[spread] p2a,p2b\n|-supereffective|p2a: Oricorio\n|-supereffective|p2b: Chien-Pao\n|-damage|p2a: Oricorio|0 fnt\n|-damage|p2b: Chien-Pao|12\/100\n|faint|p2a: Oricorio\n|\n|upkeep\n|\n|t:|1697975873\n|switch|p2a: Okidogi|Okidogi, M|100\/100\n|turn|7\n|\n|t:|1697975890\n|switch|p2b: Diancie|Diancie|100\/100\n|move|p1b: Landorus|Rock Slide|p2a: Okidogi|[spread] p2a,p2b\n|-resisted|p2a: Okidogi\n|-damage|p2a: Okidogi|83\/100\n|-damage|p2b: Diancie|73\/100\n|move|p1a: Tornadus|Air Slash|p2a: Okidogi\n|-supereffective|p2a: Okidogi\n|-damage|p2a: Okidogi|0 fnt\n|faint|p2a: Okidogi\n|\n|-heal|p2b: Diancie|79\/100|[from] item: Leftovers\n|upkeep\n|\n|t:|1697975895\n|switch|p2a: Chien-Pao|Chien-Pao|12\/100\n|-ability|p2a: Chien-Pao|Sword of Ruin\n|turn|8\n|\n|t:|1697975910\n|move|p1a: Tornadus|Taunt|p2b: Diancie\n|-start|p2b: Diancie|move: Taunt\n|move|p1b: Landorus|Rock Slide|p2b: Diancie|[spread] p2a,p2b\n|-supereffective|p2a: Chien-Pao\n|-damage|p2a: Chien-Pao|0 fnt\n|-damage|p2b: Diancie|41\/100\n|faint|p2a: Chien-Pao\n|move|p2b: Diancie|Diamond Storm|p1a: Tornadus|[spread] p1a,p1b\n|-supereffective|p1a: Tornadus\n|-damage|p1a: Tornadus|20\/100\n|-damage|p1b: Landorus|47\/100\n|-boost|p2b: Diancie|def|2\n|\n|-heal|p2b: Diancie|47\/100|[from] item: Leftovers\n|-sideend|p1: Mercury007|move: Tailwind\n|upkeep\n|turn|9\n|\n|t:|1697975934\n|move|p1b: Landorus|Rock Slide|p2b: Diancie\n|-damage|p2b: Diancie|29\/100\n|move|p1a: Tornadus|Air Slash|p2b: Diancie\n|-resisted|p2b: Diancie\n|-damage|p2b: Diancie|17\/100\n|cant|p2b: Diancie|flinch\n|\n|-heal|p2b: Diancie|23\/100|[from] item: Leftovers\n|-sideend|p1: Mercury007|Reflect\n|upkeep\n|turn|10\n|\n|t:|1697975948\n|move|p1b: Landorus|Rock Slide|p2b: Diancie\n|-damage|p2b: Diancie|5\/100\n|move|p1a: Tornadus|Air Slash|p2b: Diancie\n|-resisted|p2b: Diancie\n|-damage|p2b: Diancie|0 fnt\n|faint|p2b: Diancie\n|\n|win|Mercury007\n|raw|Mercury007's rating: 1119 &rarr; <strong>1140<\/strong><br \/>(+21 for winning)\n|raw|JojoPlatinium96's rating: 1058 &rarr; <strong>1043<\/strong><br \/>(-15 for losing)\n|c|\u2606Mercury007|gg\n|l|\u2606JojoPlatinium96\n","uploadtime":1697975965,"views":17,"p1id":"mercury007","p2id":"jojoplatinium96","formatid":"gen9doublesou","rating":1043,"private":0,"password":""}