{"id":"gen9doublesou-1999940504","p1":"pedrotic","p2":"830r","format":"[Gen 9] Doubles OU","log":"|j|\u2606pedrotic\n|j|\u2606830r\n|t:|1701132526\n|gametype|doubles\n|player|p1|pedrotic|wallace|1145\n|player|p2|830r|veteran|1151\n|teamsize|p1|6\n|teamsize|p2|6\n|gen|9\n|tier|[Gen 9] Doubles OU\n|rated|\n|rule|Species Clause: Limit one of each Pok\u00e9mon\n|rule|OHKO Clause: OHKO moves are banned\n|rule|Evasion Moves Clause: Evasion moves are banned\n|rule|Gravity Sleep Clause: The combination of sleep-inducing moves with imperfect accuracy and Gravity or Gigantamax Orbeetle are banned\n|rule|Endless Battle Clause: Forcing endless battles is banned\n|rule|HP Percentage Mod: HP is shown in percentages\n|clearpoke\n|poke|p1|Quaquaval, M|\n|poke|p1|Indeedee-F, F|\n|poke|p1|Sylveon, M|\n|poke|p1|Cresselia, F|\n|poke|p1|Volcarona, F|\n|poke|p1|Oricorio-Pom-Pom, F|\n|poke|p2|Sneasler, M|\n|poke|p2|Tornadus, M|\n|poke|p2|Regidrago|\n|poke|p2|Iron Moth|\n|poke|p2|Sinistcha|\n|poke|p2|Flutter Mane|\n|teampreview\n|inactive|Battle timer is ON: inactive players will automatically lose when time's up. (requested by 830r)\n|\n|t:|1701132543\n|start\n|switch|p1a: Quaquaval|Quaquaval, M|100\/100\n|switch|p1b: Indeedee|Indeedee-F, F|100\/100\n|switch|p2a: Sneasler|Sneasler, M|100\/100\n|switch|p2b: Tornadus|Tornadus, M|100\/100\n|-fieldstart|move: Psychic Terrain|[from] ability: Psychic Surge|[of] p1b: Indeedee\n|-enditem|p1b: Indeedee|Psychic Seed\n|-boost|p1b: Indeedee|spd|1|[from] item: Psychic Seed\n|-enditem|p2b: Tornadus|Mirror Herb\n|-boost|p2b: Tornadus|spd|1|[from] item: Mirror Herb\n|-enditem|p2a: Sneasler|Mirror Herb\n|-boost|p2a: Sneasler|spd|1|[from] item: Mirror Herb\n|turn|1\n|\n|t:|1701132572\n|move|p2a: Sneasler|Fake Out|p1a: Quaquaval\n|-activate|p1a: Quaquaval|move: Psychic Terrain\n|move|p1b: Indeedee|Follow Me|p1b: Indeedee\n|-singleturn|p1b: Indeedee|move: Follow Me\n|move|p2b: Tornadus|Swagger|p1b: Indeedee\n|-activate|p1b: Indeedee|move: Psychic Terrain\n|move|p1a: Quaquaval|Swords Dance|p1a: Quaquaval\n|-boost|p1a: Quaquaval|atk|2\n|\n|upkeep\n|turn|2\n|c|\u2606830r|Mmm\n|\n|t:|1701132601\n|move|p1b: Indeedee|Follow Me|p1b: Indeedee\n|-singleturn|p1b: Indeedee|move: Follow Me\n|move|p2a: Sneasler|Acrobatics|p1b: Indeedee\n|-damage|p1b: Indeedee|44\/100\n|move|p2b: Tornadus|Knock Off|p1b: Indeedee\n|-supereffective|p1b: Indeedee\n|-damage|p1b: Indeedee|0 fnt\n|faint|p1b: Indeedee\n|move|p1a: Quaquaval|Aqua Step|p2b: Tornadus\n|-damage|p2b: Tornadus|0 fnt\n|-boost|p1a: Quaquaval|spe|1\n|faint|p2b: Tornadus\n|-ability|p1a: Quaquaval|Moxie|boost\n|-boost|p1a: Quaquaval|atk|1\n|\n|upkeep\n|c|\u2606830r|wasnt paying attention\n|\n|t:|1701132629\n|switch|p2b: Sinistcha|Sinistcha|100\/100\n|switch|p1b: Oricorio|Oricorio-Pom-Pom, F, shiny|100\/100\n|turn|3\n|\n|t:|1701132652\n|move|p2a: Sneasler|Acrobatics|p1a: Quaquaval\n|-supereffective|p1a: Quaquaval\n|-damage|p1a: Quaquaval|0 fnt\n|faint|p1a: Quaquaval\n|move|p1b: Oricorio|Air Slash|p2a: Sneasler\n|-supereffective|p2a: Sneasler\n|-damage|p2a: Sneasler|31\/100\n|move|p2b: Sinistcha|Matcha Gotcha|p1b: Oricorio|[miss]\n|-miss|p2b: Sinistcha|p1b: Oricorio\n|\n|upkeep\n|inactive|pedrotic has 120 seconds left.\n|\n|t:|1701132680\n|switch|p1a: Volcarona|Volcarona, F|100\/100\n|turn|4\n|inactive|pedrotic has 120 seconds left.\n|\n|t:|1701132705\n|move|p2b: Sinistcha|Rage Powder|p2b: Sinistcha\n|-singleturn|p2b: Sinistcha|move: Rage Powder\n|move|p2a: Sneasler|Acrobatics|p1a: Volcarona\n|-supereffective|p1a: Volcarona\n|-enditem|p1a: Volcarona|Focus Sash\n|-damage|p1a: Volcarona|1\/100\n|move|p1a: Volcarona|Fiery Dance|p2b: Sinistcha\n|-supereffective|p2b: Sinistcha\n|-damage|p2b: Sinistcha|36\/100\n|-boost|p1a: Volcarona|spa|1\n|-activate|p1b: Oricorio|ability: Dancer\n|move|p1b: Oricorio|Fiery Dance|p2b: Sinistcha|[from]ability: Dancer\n|-supereffective|p2b: Sinistcha\n|-damage|p2b: Sinistcha|2\/100\n|-boost|p1b: Oricorio|spa|1\n|move|p1b: Oricorio|Air Slash|p2b: Sinistcha\n|-supereffective|p2b: Sinistcha\n|-damage|p2b: Sinistcha|0 fnt\n|faint|p2b: Sinistcha\n|\n|upkeep\n|\n|t:|1701132723\n|switch|p2b: Flutter Mane|Flutter Mane|100\/100\n|-enditem|p2b: Flutter Mane|Booster Energy\n|-activate|p2b: Flutter Mane|ability: Protosynthesis|[fromitem]\n|-start|p2b: Flutter Mane|protosynthesisspa\n|turn|5\n|\n|t:|1701132737\n|move|p2a: Sneasler|Dire Claw|p1b: Oricorio\n|-damage|p1b: Oricorio|28\/100\n|move|p2b: Flutter Mane|Dazzling Gleam|p1a: Volcarona|[spread] p1a,p1b\n|-resisted|p1a: Volcarona\n|-damage|p1a: Volcarona|0 fnt\n|-damage|p1b: Oricorio|0 fnt\n|faint|p1a: Volcarona\n|faint|p1b: Oricorio\n|\n|-fieldend|move: Psychic Terrain\n|upkeep\n|\n|t:|1701132751\n|switch|p1a: Cresselia|Cresselia, F|100\/100\n|switch|p1b: Sylveon|Sylveon, M, shiny|100\/100\n|turn|6\n|\n|t:|1701132774\n|-terastallize|p1b: Sylveon|Fire\n|move|p2a: Sneasler|Dire Claw|p1b: Sylveon\n|-damage|p1b: Sylveon|46\/100\n|move|p2b: Flutter Mane|Dark Pulse|p1a: Cresselia\n|-supereffective|p1a: Cresselia\n|-damage|p1a: Cresselia|54\/100\n|move|p1a: Cresselia|Calm Mind|p1a: Cresselia\n|-boost|p1a: Cresselia|spa|1\n|-boost|p1a: Cresselia|spd|1\n|move|p1b: Sylveon|Hyper Voice|p2b: Flutter Mane|[spread] p2a,p2b\n|-damage|p2a: Sneasler|0 fnt\n|-damage|p2b: Flutter Mane|58\/100\n|faint|p2a: Sneasler\n|-enditem|p1b: Sylveon|Throat Spray\n|-boost|p1b: Sylveon|spa|1|[from] item: Throat Spray\n|\n|upkeep\n|\n|t:|1701132790\n|switch|p2a: Support support|Iron Moth|100\/100\n|-enditem|p2a: Support support|Booster Energy\n|-activate|p2a: Support support|ability: Quark Drive|[fromitem]\n|-start|p2a: Support support|quarkdrivespa\n|turn|7\n|inactive|830r has 120 seconds left.\n|\n|t:|1701132825\n|move|p2b: Flutter Mane|Dazzling Gleam|p1a: Cresselia|[spread] p1a,p1b\n|-resisted|p1b: Sylveon\n|-damage|p1a: Cresselia|38\/100\n|-damage|p1b: Sylveon|31\/100\n|move|p2a: Support support|Dazzling Gleam|p1a: Cresselia|[spread] p1a,p1b\n|-resisted|p1b: Sylveon\n|-damage|p1a: Cresselia|27\/100\n|-damage|p1b: Sylveon|21\/100\n|move|p1a: Cresselia|Lunar Blessing|p1a: Cresselia|[spread] p1a,p1b\n|-heal|p1a: Cresselia|52\/100\n|-heal|p1b: Sylveon|45\/100\n|move|p1b: Sylveon|Hyper Voice|p2a: Support support|[spread] p2a,p2b\n|-resisted|p2a: Support support\n|-damage|p2a: Support support|84\/100\n|-damage|p2b: Flutter Mane|0 fnt\n|faint|p2b: Flutter Mane\n|-end|p2b: Flutter Mane|Protosynthesis|[silent]\n|\n|upkeep\n|\n|t:|1701132832\n|switch|p2b: Artillery support|Regidrago|100\/100\n|turn|8\n|\n|t:|1701132848\n|-terastallize|p2b: Artillery support|Steel\n|move|p2b: Artillery support|Dragon Energy|p1b: Sylveon|[spread] p1a,p1b\n|-damage|p1a: Cresselia|19\/100\n|-damage|p1b: Sylveon|0 fnt\n|faint|p1b: Sylveon\n|move|p2a: Support support|Sludge Wave|p1a: Cresselia|[spread] p1a\n|-immune|p2b: Artillery support\n|-damage|p1a: Cresselia|0 fnt\n|faint|p1a: Cresselia\n|\n|win|830r\n|raw|pedrotic's rating: 1145 &rarr; <strong>1120<\/strong><br \/>(-25 for losing)\n|raw|830r's rating: 1151 &rarr; <strong>1176<\/strong><br \/>(+25 for winning)\n","uploadtime":1701132857,"views":10,"p1id":"pedrotic","p2id":"830r","formatid":"gen9doublesou","rating":1120,"private":0,"password":""}