{"id":"gen9doublesou-1981982016","p1":"maiden snatcher","p2":"cgtuh.ocgoj\u201dfyxtg9","format":"[Gen 9] Doubles OU","log":"|j|\u2606maiden snatcher\n|j|\u2606cgtuh.ocgoj\u201dfyxtg9\n|t:|1698956901\n|gametype|doubles\n|player|p1|maiden snatcher|iris-masters|1079\n|player|p2|cgtuh.ocgoj\u201dfyxtg9|266|1152\n|teamsize|p1|4\n|teamsize|p2|6\n|gen|9\n|tier|[Gen 9] Doubles OU\n|rated|\n|rule|Species Clause: Limit one of each Pok\u00e9mon\n|rule|OHKO Clause: OHKO moves are banned\n|rule|Evasion Moves Clause: Evasion moves are banned\n|rule|Gravity Sleep Clause: The combination of sleep-inducing moves with imperfect accuracy and Gravity or Gigantamax Orbeetle are banned\n|rule|Endless Battle Clause: Forcing endless battles is banned\n|rule|HP Percentage Mod: HP is shown in percentages\n|clearpoke\n|poke|p1|Sableye, F|\n|poke|p1|Okidogi, M|\n|poke|p1|Rillaboom, F|\n|poke|p1|Ceruledge, F|\n|poke|p2|Talonflame, M|\n|poke|p2|Meowscarada, M|\n|poke|p2|Shiftry, F|\n|poke|p2|Dragonite, M|\n|poke|p2|Ribombee, M|\n|poke|p2|Brambleghast, M|\n|teampreview\n|inactive|Battle timer is ON: inactive players will automatically lose when time's up. (requested by maiden snatcher)\n|c|\u2606cgtuh.ocgoj\u201dfyxtg9|glhf\n|c|\u2606maiden snatcher|U2\n|inactive|cgtuh.ocgoj\u201dfyxtg9 has 120 seconds left.\n|\n|t:|1698956933\n|start\n|switch|p1a: Sableye|Sableye, F, shiny|100\/100\n|switch|p1b: Okidogi|Okidogi, M|100\/100\n|switch|p2a: palm tree|Dragonite, M, shiny|100\/100\n|switch|p2b: wimby|Shiftry, F|100\/100\n|turn|1\n|\n|t:|1698956946\n|move|p1a: Sableye|Reflect|p1a: Sableye\n|-sidestart|p1: maiden snatcher|Reflect\n|move|p2b: wimby|Rock Slide|p1a: Sableye|[spread] p1a,p1b\n|-resisted|p1b: Okidogi\n|-crit|p1b: Okidogi\n|-damage|p1a: Sableye|85\/100\n|-damage|p1b: Okidogi|89\/100\n|move|p2a: palm tree|Dragon Dance|p2a: palm tree\n|-boost|p2a: palm tree|atk|1\n|-boost|p2a: palm tree|spe|1\n|move|p1b: Okidogi|Poison Fang|p2a: palm tree\n|-damage|p2a: palm tree|85\/100\n|\n|-heal|p2a: palm tree|92\/100|[from] item: Leftovers\n|upkeep\n|turn|2\n|\n|t:|1698956973\n|-terastallize|p2a: palm tree|Normal\n|move|p1a: Sableye|Encore|p2a: palm tree\n|-start|p2a: palm tree|Encore\n|move|p2a: palm tree|Dragon Dance|p2a: palm tree\n|-boost|p2a: palm tree|atk|1\n|-boost|p2a: palm tree|spe|1\n|move|p2b: wimby|Brick Break|p1b: Okidogi\n|-sideend|p1: maiden snatcher|Reflect\n|-resisted|p1b: Okidogi\n|-damage|p1b: Okidogi|80\/100\n|move|p1b: Okidogi|Poison Fang|p2a: palm tree\n|-damage|p2a: palm tree|65\/100\n|\n|-heal|p2a: palm tree|71\/100|[from] item: Leftovers\n|upkeep\n|turn|3\n|\n|t:|1698956996\n|switch|p2a: wimdy|Talonflame, M|100\/100\n|switch|p2b: wimbdy|Brambleghast, M|100\/100\n|move|p1a: Sableye|Reflect|p1a: Sableye\n|-sidestart|p1: maiden snatcher|Reflect\n|move|p1b: Okidogi|Poison Fang|p2a: wimdy\n|-damage|p2a: wimdy|70\/100\n|-status|p2a: wimdy|tox\n|\n|-damage|p2a: wimdy|63\/100 tox|[from] psn\n|upkeep\n|turn|4\n|\n|t:|1698957006\n|move|p1a: Sableye|Light Screen|p1a: Sableye\n|-sidestart|p1: maiden snatcher|move: Light Screen\n|move|p2a: wimdy|Tailwind|p2a: wimdy\n|-sidestart|p2: cgtuh.ocgoj\u201dfyxtg9|move: Tailwind\n|-ability|p2b: wimbdy|Wind Rider|boost\n|-boost|p2b: wimbdy|atk|1\n|move|p2b: wimbdy|Poltergeist|p1b: Okidogi\n|-activate|p1b: Okidogi|move: Poltergeist|Assault Vest\n|-damage|p1b: Okidogi|29\/100\n|move|p1b: Okidogi|Poison Fang|p2b: wimbdy\n|-damage|p2b: wimbdy|53\/100\n|-status|p2b: wimbdy|tox\n|\n|-damage|p2a: wimdy|51\/100 tox|[from] psn\n|-damage|p2b: wimbdy|47\/100 tox|[from] psn\n|upkeep\n|turn|5\n|\n|t:|1698957028\n|-terastallize|p1b: Okidogi|Dark\n|move|p1a: Sableye|Encore|p2a: wimdy\n|-start|p2a: wimdy|Encore\n|move|p2a: wimdy|Tailwind||[still]\n|-fail|p2a: wimdy\n|move|p2b: wimbdy|Poltergeist|p1b: Okidogi\n|-activate|p1b: Okidogi|move: Poltergeist|Assault Vest\n|-resisted|p1b: Okidogi\n|-damage|p1b: Okidogi|5\/100\n|move|p1b: Okidogi|Drain Punch|p2a: wimdy\n|-resisted|p2a: wimdy\n|-damage|p2a: wimdy|25\/100 tox\n|-heal|p1b: Okidogi|20\/100|[from] drain|[of] p2a: wimdy\n|\n|-damage|p2a: wimdy|7\/100 tox|[from] psn\n|-damage|p2b: wimbdy|35\/100 tox|[from] psn\n|upkeep\n|turn|6\n|\n|t:|1698957051\n|move|p2a: wimdy|Tailwind||[still]\n|-fail|p2a: wimdy\n|move|p2b: wimbdy|Poltergeist|p1b: Okidogi\n|-activate|p1b: Okidogi|move: Poltergeist|Assault Vest\n|-resisted|p1b: Okidogi\n|-damage|p1b: Okidogi|0 fnt\n|faint|p1b: Okidogi\n|move|p1a: Sableye|Knock Off|p2b: wimbdy\n|-supereffective|p2b: wimbdy\n|-damage|p2b: wimbdy|0 fnt\n|-enditem|p2b: wimbdy|Focus Sash|[from] move: Knock Off|[of] p1a: Sableye\n|faint|p2b: wimbdy\n|\n|-damage|p2a: wimdy|0 fnt|[from] psn\n|faint|p2a: wimdy\n|upkeep\n|\n|t:|1698957067\n|switch|p2a: wimby|Shiftry, F|100\/100\n|switch|p2b: winby|Ribombee, M|100\/100\n|switch|p1b: Ceruledge|Ceruledge, F, shiny|100\/100\n|-ability|p2a: wimby|Wind Rider|boost\n|-boost|p2a: wimby|atk|1\n|turn|7\n|inactive|cgtuh.ocgoj\u201dfyxtg9 has 120 seconds left.\n|\n|t:|1698957098\n|move|p2b: winby|Pollen Puff|p1a: Sableye\n|-damage|p1a: Sableye|63\/100\n|move|p2a: wimby|Knock Off|p1b: Ceruledge\n|-supereffective|p1b: Ceruledge\n|-damage|p1b: Ceruledge|0 fnt\n|-enditem|p1b: Ceruledge|Sitrus Berry|[from] move: Knock Off|[of] p2a: wimby\n|faint|p1b: Ceruledge\n|move|p1a: Sableye|Knock Off|p2a: wimby\n|-resisted|p2a: wimby\n|-crit|p2a: wimby\n|-damage|p2a: wimby|67\/100\n|-enditem|p2a: wimby|Expert Belt|[from] move: Knock Off|[of] p1a: Sableye\n|\n|-sideend|p2: cgtuh.ocgoj\u201dfyxtg9|move: Tailwind\n|upkeep\n|inactive|maiden snatcher has 120 seconds left.\n|inactive|maiden snatcher has 90 seconds left.\n|\n|t:|1698957182\n|switch|p1b: Rillaboom|Rillaboom, F, shiny|100\/100\n|-fieldstart|move: Grassy Terrain|[from] ability: Grassy Surge|[of] p1b: Rillaboom\n|turn|8\n|inactive|maiden snatcher has 90 seconds left.\n|inactive|cgtuh.ocgoj\u201dfyxtg9 has 120 seconds left.\n|c|\u2606maiden snatcher|Real\n|\n|t:|1698957222\n|move|p1a: Sableye|Encore|p2b: winby\n|-start|p2b: winby|Encore\n|move|p2b: winby|Pollen Puff|p1b: Rillaboom\n|-supereffective|p1b: Rillaboom\n|-damage|p1b: Rillaboom|63\/100\n|move|p2a: wimby|Knock Off|p1b: Rillaboom\n|-damage|p1b: Rillaboom|17\/100\n|-enditem|p1b: Rillaboom|Leftovers|[from] move: Knock Off|[of] p2a: wimby\n|move|p1b: Rillaboom|Wood Hammer|p2a: wimby\n|-resisted|p2a: wimby\n|-damage|p2a: wimby|0 fnt\n|faint|p2a: wimby\n|-damage|p1b: Rillaboom|0 fnt|[from] Recoil\n|faint|p1b: Rillaboom\n|\n|-heal|p1a: Sableye|69\/100|[from] Grassy Terrain\n|upkeep\n|\n|t:|1698957239\n|switch|p2a: palm tree|Dragonite, M, shiny, tera:Normal|71\/100\n|turn|9\n|inactive|cgtuh.ocgoj\u201dfyxtg9 has 120 seconds left.\n|\n|t:|1698957245\n|move|p2b: winby|Pollen Puff|p1a: Sableye\n|-damage|p1a: Sableye|47\/100\n|move|p2a: palm tree|Iron Head|p1a: Sableye\n|-damage|p1a: Sableye|15\/100\n|cant|p1a: Sableye|flinch\n|\n|-heal|p2a: palm tree|77\/100|[from] Grassy Terrain\n|-heal|p2a: palm tree|83\/100|[from] item: Leftovers\n|-heal|p1a: Sableye|22\/100|[from] Grassy Terrain\n|upkeep\n|turn|10\n|-message|maiden snatcher forfeited.\n|\n|win|cgtuh.ocgoj\u201dfyxtg9\n|raw|maiden snatcher's rating: 1079 &rarr; <strong>1062<\/strong><br \/>(-17 for losing)\n|raw|cgtuh.ocgoj\u201dfyxtg9's rating: 1152 &rarr; <strong>1172<\/strong><br \/>(+20 for winning)\n|l|\u2606maiden snatcher\n|c|\u2606cgtuh.ocgoj\u201dfyxtg9|gg\n|l|\u2606cgtuh.ocgoj\u201dfyxtg9\n|j|\u2606cgtuh.ocgoj\u201dfyxtg9\n|player|p2|cgtuh.ocgoj\u201dfyxtg9|266\n","uploadtime":1698957414,"views":14,"p1id":"maidensnatcher","p2id":"cgtuhocgojfyxtg9","formatid":"gen9doublesou","rating":1062,"private":0,"password":""}