{"id":"gen9doublesou-1979537493","p1":"911wasascandal","p2":"Buxhoo","format":"[Gen 9] Doubles OU","log":"|j|\u2606911wasascandal\n|j|\u2606Buxhoo\n|t:|1698690520\n|gametype|doubles\n|player|p1|911wasascandal|unknown|1124\n|player|p2|Buxhoo|brawly|1087\n|teamsize|p1|6\n|teamsize|p2|6\n|gen|9\n|tier|[Gen 9] Doubles OU\n|rated|\n|rule|Species Clause: Limit one of each Pok\u00e9mon\n|rule|OHKO Clause: OHKO moves are banned\n|rule|Evasion Moves Clause: Evasion moves are banned\n|rule|Gravity Sleep Clause: The combination of sleep-inducing moves with imperfect accuracy and Gravity or Gigantamax Orbeetle are banned\n|rule|Endless Battle Clause: Forcing endless battles is banned\n|rule|HP Percentage Mod: HP is shown in percentages\n|clearpoke\n|poke|p1|Gholdengo|\n|poke|p1|Chi-Yu|\n|poke|p1|Rillaboom, F|\n|poke|p1|Chien-Pao|\n|poke|p1|Grimmsnarl, M|\n|poke|p1|Landorus-Therian, M|\n|poke|p2|Hoopa-Unbound|\n|poke|p2|Cresselia, F|\n|poke|p2|Dondozo, F|\n|poke|p2|Amoonguss, F|\n|poke|p2|Landorus-Therian, M|\n|poke|p2|Flutter Mane|\n|teampreview\n|inactive|Battle timer is ON: inactive players will automatically lose when time's up. (requested by 911wasascandal)\n|\n|t:|1698690536\n|start\n|switch|p1a: Grimmsnarl|Grimmsnarl, M|100\/100\n|switch|p1b: Landorus|Landorus-Therian, M|100\/100\n|switch|p2a: Cresselia|Cresselia, F|100\/100\n|switch|p2b: Landorus|Landorus-Therian, M|100\/100\n|-ability|p1b: Landorus|Intimidate|boost\n|-unboost|p2a: Cresselia|atk|1\n|-unboost|p2b: Landorus|atk|1\n|-ability|p2b: Landorus|Intimidate|boost\n|-unboost|p1a: Grimmsnarl|atk|1\n|-unboost|p1b: Landorus|atk|1\n|turn|1\n|inactive|Buxhoo has 120 seconds left.\n|\n|t:|1698690566\n|move|p1a: Grimmsnarl|Fake Out|p2b: Landorus\n|-damage|p2b: Landorus|94\/100\n|move|p1b: Landorus|Rock Slide|p2b: Landorus|[spread] p2b\n|-miss|p1b: Landorus|p2a: Cresselia\n|-damage|p2b: Landorus|80\/100\n|cant|p2b: Landorus|flinch\n|move|p2a: Cresselia|Trick Room|p2a: Cresselia\n|-fieldstart|move: Trick Room|[of] p2a: Cresselia\n|\n|upkeep\n|turn|2\n|\n|t:|1698690585\n|move|p2a: Cresselia|Helping Hand|p2b: Landorus\n|-singleturn|p2b: Landorus|Helping Hand|[of] p2a: Cresselia\n|move|p1a: Grimmsnarl|Reflect|p1a: Grimmsnarl\n|-sidestart|p1: 911wasascandal|Reflect\n|move|p2b: Landorus|U-turn|p1a: Grimmsnarl\n|-damage|p1a: Grimmsnarl|77\/100\n|\n|t:|1698690591\n|switch|p2b: Hoopa|Hoopa-Unbound|100\/100|[from] U-turn\n|move|p1b: Landorus|Rock Slide|p2b: Hoopa|[spread] p2a,p2b\n|-damage|p2a: Cresselia|92\/100\n|-damage|p2b: Hoopa|86\/100\n|\n|upkeep\n|turn|3\n|\n|t:|1698690612\n|-terastallize|p2b: Hoopa|Poison\n|move|p1a: Grimmsnarl|Light Screen|p1a: Grimmsnarl\n|-sidestart|p1: 911wasascandal|move: Light Screen\n|move|p2b: Hoopa|Calm Mind|p2b: Hoopa\n|-boost|p2b: Hoopa|spa|1\n|-boost|p2b: Hoopa|spd|1\n|move|p2a: Cresselia|Lunar Blessing|p2a: Cresselia|[spread] p2a,p2b\n|-heal|p2a: Cresselia|100\/100\n|-heal|p2b: Hoopa|100\/100\n|move|p1b: Landorus|Rock Slide|p2a: Cresselia|[spread] p2a\n|-miss|p1b: Landorus|p2b: Hoopa\n|-damage|p2a: Cresselia|91\/100\n|\n|upkeep\n|turn|4\n|inactive|911wasascandal has 120 seconds left.\n|inactive|Buxhoo has 120 seconds left.\n|\n|t:|1698690658\n|switch|p1b: Chien-Pao|Chien-Pao|100\/100\n|-ability|p1b: Chien-Pao|Sword of Ruin\n|move|p2a: Cresselia|Helping Hand|p2b: Hoopa\n|-singleturn|p2b: Hoopa|Helping Hand|[of] p2a: Cresselia\n|move|p1a: Grimmsnarl|Parting Shot|p2b: Hoopa\n|-unboost|p2b: Hoopa|atk|1\n|-unboost|p2b: Hoopa|spa|1\n|\n|t:|1698690668\n|switch|p1a: Rillaboom|Rillaboom, F|100\/100|[from] Parting Shot\n|-fieldstart|move: Grassy Terrain|[from] ability: Grassy Surge|[of] p1a: Rillaboom\n|move|p2b: Hoopa|Gunk Shot|p1a: Rillaboom\n|-supereffective|p1a: Rillaboom\n|-damage|p1a: Rillaboom|0 fnt\n|faint|p1a: Rillaboom\n|\n|upkeep\n|\n|t:|1698690684\n|switch|p1a: Grimmsnarl|Grimmsnarl, M|77\/100\n|turn|5\n|inactive|Buxhoo has 120 seconds left.\n|\n|t:|1698690724\n|move|p1a: Grimmsnarl|Fake Out|p2b: Hoopa\n|-damage|p2b: Hoopa|87\/100\n|cant|p2b: Hoopa|flinch\n|move|p2a: Cresselia|Moonblast|p1a: Grimmsnarl\n|-supereffective|p1a: Grimmsnarl\n|-damage|p1a: Grimmsnarl|59\/100\n|move|p1b: Chien-Pao|Icicle Crash|p2b: Hoopa\n|-damage|p2b: Hoopa|24\/100\n|-enditem|p2b: Hoopa|Sitrus Berry|[eat]\n|-heal|p2b: Hoopa|49\/100|[from] item: Sitrus Berry\n|-damage|p1b: Chien-Pao|91\/100|[from] item: Life Orb\n|\n|-heal|p2b: Hoopa|55\/100|[from] Grassy Terrain\n|-heal|p1a: Grimmsnarl|65\/100|[from] Grassy Terrain\n|-heal|p1b: Chien-Pao|97\/100|[from] Grassy Terrain\n|-fieldend|move: Trick Room\n|upkeep\n|turn|6\n|inactive|Buxhoo has 120 seconds left.\n|inactive|911wasascandal has 120 seconds left.\n|inactive|Buxhoo has 90 seconds left.\n|inactive|911wasascandal has 90 seconds left.\n|\n|t:|1698690773\n|switch|p2b: Dondozo|Dondozo, F|100\/100\n|move|p1a: Grimmsnarl|Parting Shot|p2b: Dondozo\n|-unboost|p2b: Dondozo|atk|1\n|-unboost|p2b: Dondozo|spa|1\n|inactive|911wasascandal has 90 seconds left.\n|\n|t:|1698690779\n|switch|p1a: Landorus|Landorus-Therian, M|100\/100|[from] Parting Shot\n|-ability|p1a: Landorus|Intimidate|boost\n|-unboost|p2a: Cresselia|atk|1\n|-unboost|p2b: Dondozo|atk|1\n|move|p1b: Chien-Pao|Icicle Crash|p2b: Dondozo\n|-resisted|p2b: Dondozo\n|-damage|p2b: Dondozo|83\/100\n|-damage|p1b: Chien-Pao|87\/100|[from] item: Life Orb\n|move|p2a: Cresselia|Trick Room|p2a: Cresselia\n|-fieldstart|move: Trick Room|[of] p2a: Cresselia\n|\n|-heal|p2b: Dondozo|89\/100|[from] Grassy Terrain\n|-heal|p2b: Dondozo|95\/100|[from] item: Leftovers\n|-heal|p1b: Chien-Pao|93\/100|[from] Grassy Terrain\n|upkeep\n|turn|7\n|inactive|911wasascandal has 90 seconds left.\n|inactive|Buxhoo has 90 seconds left.\n|\n|t:|1698690809\n|switch|p2b: Landorus|Landorus-Therian, M|80\/100\n|-ability|p2b: Landorus|Intimidate|boost\n|-unboost|p1a: Landorus|atk|1\n|-unboost|p1b: Chien-Pao|atk|1\n|move|p2a: Cresselia|Moonblast|p1b: Chien-Pao\n|-supereffective|p1b: Chien-Pao\n|-damage|p1b: Chien-Pao|55\/100\n|move|p1a: Landorus|U-turn|p2a: Cresselia\n|-supereffective|p2a: Cresselia\n|-damage|p2a: Cresselia|62\/100\n|inactive|911wasascandal has 90 seconds left.\n|\n|t:|1698690819\n|switch|p1a: Grimmsnarl|Grimmsnarl, M|65\/100|[from] U-turn\n|move|p1b: Chien-Pao|Crunch|p2a: Cresselia\n|-supereffective|p2a: Cresselia\n|-damage|p2a: Cresselia|8\/100\n|-unboost|p2a: Cresselia|def|1\n|-damage|p1b: Chien-Pao|45\/100|[from] item: Life Orb\n|\n|-heal|p1a: Grimmsnarl|71\/100|[from] Grassy Terrain\n|-heal|p1b: Chien-Pao|51\/100|[from] Grassy Terrain\n|upkeep\n|turn|8\n|inactive|911wasascandal has 90 seconds left.\n|\n|t:|1698690844\n|switch|p2b: Hoopa|Hoopa-Unbound, tera:Poison|55\/100\n|move|p1a: Grimmsnarl|Fake Out|p2b: Hoopa\n|-damage|p2b: Hoopa|41\/100\n|move|p1b: Chien-Pao|Ice Shard|p2a: Cresselia\n|-damage|p2a: Cresselia|0 fnt\n|faint|p2a: Cresselia\n|-damage|p1b: Chien-Pao|41\/100|[from] item: Life Orb\n|\n|-heal|p2b: Hoopa|47\/100|[from] Grassy Terrain\n|-heal|p1a: Grimmsnarl|77\/100|[from] Grassy Terrain\n|-heal|p1b: Chien-Pao|47\/100|[from] Grassy Terrain\n|-fieldend|move: Grassy Terrain\n|upkeep\n|\n|t:|1698690851\n|switch|p2a: Amoonguss|Amoonguss, F|100\/100\n|turn|9\n|inactive|Buxhoo has 120 seconds left.\n|\n|t:|1698690873\n|move|p1a: Grimmsnarl|Parting Shot|p2b: Hoopa\n|-unboost|p2b: Hoopa|atk|1\n|-unboost|p2b: Hoopa|spa|1\n|\n|t:|1698690877\n|switch|p1a: Landorus|Landorus-Therian, M|100\/100|[from] Parting Shot\n|-ability|p1a: Landorus|Intimidate|boost\n|-unboost|p2a: Amoonguss|atk|1\n|-unboost|p2b: Hoopa|atk|1\n|move|p2a: Amoonguss|Pollen Puff|p2b: Hoopa\n|-heal|p2b: Hoopa|97\/100\n|move|p2b: Hoopa|Gunk Shot|p1a: Landorus|[miss]\n|-miss|p2b: Hoopa|p1a: Landorus\n|move|p1b: Chien-Pao|Icicle Crash|p2a: Amoonguss\n|-supereffective|p2a: Amoonguss\n|-damage|p2a: Amoonguss|0 fnt\n|faint|p2a: Amoonguss\n|-damage|p1b: Chien-Pao|37\/100|[from] item: Life Orb\n|\n|-sideend|p1: 911wasascandal|Reflect\n|upkeep\n|inactive|Buxhoo has 120 seconds left.\n|\n|t:|1698690892\n|switch|p2a: Flutter Mane|Flutter Mane|100\/100\n|turn|10\n|inactive|911wasascandal has 120 seconds left.\n|inactive|Buxhoo has 120 seconds left.\n|inactive|911wasascandal has 90 seconds left.\n|\n|t:|1698690953\n|switch|p1b: Gholdengo|Gholdengo|100\/100\n|move|p2b: Hoopa|Gunk Shot|p1b: Gholdengo\n|-immune|p1b: Gholdengo\n|move|p2a: Flutter Mane|Dazzling Gleam|p1a: Landorus|[spread] p1a,p1b\n|-resisted|p1b: Gholdengo\n|-damage|p1a: Landorus|63\/100\n|-damage|p1b: Gholdengo|84\/100\n|move|p1a: Landorus|U-turn|p2a: Flutter Mane\n|-resisted|p2a: Flutter Mane\n|-damage|p2a: Flutter Mane|92\/100\n|\n|t:|1698690963\n|switch|p1a: Chi-Yu|Chi-Yu|100\/100|[from] U-turn\n|-ability|p1a: Chi-Yu|Beads of Ruin\n|\n|-sideend|p1: 911wasascandal|move: Light Screen\n|-fieldend|move: Trick Room\n|upkeep\n|turn|11\n|\n|t:|1698690991\n|switch|p2b: Dondozo|Dondozo, F|95\/100\n|move|p1b: Gholdengo|Trick|p2a: Flutter Mane\n|-activate|p1b: Gholdengo|move: Trick|[of] p2a: Flutter Mane\n|-item|p2a: Flutter Mane|Choice Scarf|[from] move: Trick\n|-item|p1b: Gholdengo|Choice Specs|[from] move: Trick\n|move|p2a: Flutter Mane|Dazzling Gleam|p1a: Chi-Yu|[spread] p1a,p1b\n|-resisted|p1b: Gholdengo\n|-damage|p1a: Chi-Yu|67\/100\n|-damage|p1b: Gholdengo|61\/100\n|move|p1a: Chi-Yu|Light Screen|p1a: Chi-Yu\n|-sidestart|p1: 911wasascandal|move: Light Screen\n|\n|-heal|p2b: Dondozo|100\/100|[from] item: Leftovers\n|upkeep\n|turn|12\n|inactive|911wasascandal has 90 seconds left.\n|\n|t:|1698691007\n|move|p2a: Flutter Mane|Dazzling Gleam|p1b: Gholdengo|[spread] p1a,p1b\n|-resisted|p1b: Gholdengo\n|-damage|p1a: Chi-Yu|44\/100\n|-damage|p1b: Gholdengo|48\/100\n|move|p1a: Chi-Yu|Reflect|p1a: Chi-Yu\n|-sidestart|p1: 911wasascandal|Reflect\n|move|p1b: Gholdengo|Nasty Plot|p1b: Gholdengo\n|-boost|p1b: Gholdengo|spa|2\n|move|p2b: Dondozo|Earthquake|p1b: Gholdengo|[spread] p2a,p1a,p1b\n|-supereffective|p1a: Chi-Yu\n|-supereffective|p1b: Gholdengo\n|-damage|p2a: Flutter Mane|69\/100\n|-damage|p1a: Chi-Yu|3\/100\n|-damage|p1b: Gholdengo|21\/100\n|\n|upkeep\n|turn|13\n|inactive|911wasascandal has 90 seconds left.\n|c|\u2606911wasascandal|im an idiot\n|\n|t:|1698691044\n|switch|p1b: Landorus|Landorus-Therian, M|63\/100\n|-ability|p1b: Landorus|Intimidate|boost\n|-unboost|p2a: Flutter Mane|atk|1\n|-unboost|p2b: Dondozo|atk|1\n|move|p2a: Flutter Mane|Dazzling Gleam|p1b: Landorus|[spread] p1a,p1b\n|-damage|p1a: Chi-Yu|0 fnt\n|-damage|p1b: Landorus|30\/100\n|faint|p1a: Chi-Yu\n|move|p2b: Dondozo|Liquidation|p1b: Landorus\n|-supereffective|p1b: Landorus\n|-damage|p1b: Landorus|0 fnt\n|faint|p1b: Landorus\n|\n|upkeep\n|c|\u2606911wasascandal|i didnt know it was possible for one to throw this badly\n|c|\u2606Buxhoo|unfortunate\n|\n|t:|1698691067\n|switch|p1a: Grimmsnarl|Grimmsnarl, M|77\/100\n|switch|p1b: Chien-Pao|Chien-Pao|37\/100\n|-ability|p1b: Chien-Pao|Sword of Ruin\n|turn|14\n|c|\u2606911wasascandal|i did not predict that flutter mane already had a choice item\n|inactive|911wasascandal has 60 seconds left.\n|\n|t:|1698691117\n|move|p1a: Grimmsnarl|Fake Out|p2a: Flutter Mane\n|-immune|p2a: Flutter Mane\n|move|p2a: Flutter Mane|Dazzling Gleam|p1a: Grimmsnarl|[spread] p1a,p1b\n|-supereffective|p1a: Grimmsnarl\n|-supereffective|p1b: Chien-Pao\n|-damage|p1a: Grimmsnarl|47\/100\n|-damage|p1b: Chien-Pao|0 fnt\n|faint|p1b: Chien-Pao\n|move|p2b: Dondozo|Liquidation|p1a: Grimmsnarl\n|-damage|p1a: Grimmsnarl|30\/100\n|\n|upkeep\n|c|\u2606911wasascandal|i am throwing omg\n|c|\u2606911wasascandal|why did iu use that\n|\n|t:|1698691129\n|switch|p1b: Gholdengo|Gholdengo|21\/100\n|turn|15\n|\n|t:|1698691152\n|move|p1a: Grimmsnarl|Parting Shot|p2a: Flutter Mane\n|-unboost|p2a: Flutter Mane|atk|1\n|-unboost|p2a: Flutter Mane|spa|1\n|move|p2a: Flutter Mane|Dazzling Gleam|p1b: Gholdengo|[spread] p1a,p1b\n|-supereffective|p1a: Grimmsnarl\n|-resisted|p1b: Gholdengo\n|-damage|p1a: Grimmsnarl|9\/100\n|-damage|p1b: Gholdengo|15\/100\n|move|p1b: Gholdengo|Make It Rain|p2b: Dondozo|[spread] p2a,p2b\n|-supereffective|p2a: Flutter Mane\n|-resisted|p2b: Dondozo\n|-damage|p2a: Flutter Mane|0 fnt\n|-damage|p2b: Dondozo|65\/100\n|-unboost|p1b: Gholdengo|spa|1\n|faint|p2a: Flutter Mane\n|-end|p2a: Flutter Mane|Protosynthesis|[silent]\n|move|p2b: Dondozo|Earthquake|p1a: Grimmsnarl|[spread] p1a,p1b\n|-supereffective|p1b: Gholdengo\n|-damage|p1a: Grimmsnarl|0 fnt\n|-damage|p1b: Gholdengo|0 fnt\n|faint|p1a: Grimmsnarl\n|faint|p1b: Gholdengo\n|\n|win|Buxhoo\n|raw|911wasascandal's rating: 1124 &rarr; <strong>1096<\/strong><br \/>(-28 for losing)\n|raw|Buxhoo's rating: 1087 &rarr; <strong>1117<\/strong><br \/>(+30 for winning)\n|l|\u2606911wasascandal\n","uploadtime":1698691174,"views":12,"p1id":"911wasascandal","p2id":"buxhoo","formatid":"gen9doublesou","rating":1096,"private":0,"password":""}