{"id":"gen9doublesou-1991784975","p1":"Im dumb srly","p2":"mexicanpasta","format":"[Gen 9] Doubles OU","log":"|j|\u2606Im dumb srly\n|j|\u2606mexicanpasta\n|inactive|Battle timer is ON: inactive players will automatically lose when time's up.\n|t:|1700116827\n|gametype|doubles\n|player|p1|Im dumb srly|cheryl|\n|player|p2|mexicanpasta|parasollady|\n|teamsize|p1|6\n|teamsize|p2|6\n|gen|9\n|tier|[Gen 9] Doubles OU\n|rated|Tournament battle\n|rule|Species Clause: Limit one of each Pok\u00e9mon\n|rule|OHKO Clause: OHKO moves are banned\n|rule|Evasion Moves Clause: Evasion moves are banned\n|rule|Gravity Sleep Clause: The combination of sleep-inducing moves with imperfect accuracy and Gravity or Gigantamax Orbeetle are banned\n|rule|Endless Battle Clause: Forcing endless battles is banned\n|rule|HP Percentage Mod: HP is shown in percentages\n|clearpoke\n|poke|p1|Luxray, F|\n|poke|p1|Dragonite, M|\n|poke|p1|Cacnea, M|\n|poke|p1|Hoppip, M|\n|poke|p1|Persian, M|\n|poke|p1|Duskull, F|\n|poke|p2|Silicobra, M|\n|poke|p2|Volcarona, M|\n|poke|p2|Gastrodon, M|\n|poke|p2|Geodude-Alola, F|\n|poke|p2|Lokix, F|\n|poke|p2|Impidimp, M|\n|teampreview\n|j|*Lady Monita \u2746\n|inactive|mexicanpasta also wants the timer to be on.\n|\n|t:|1700116839\n|start\n|switch|p1a: Duskull|Duskull, F, shiny|100\/100\n|switch|p1b: Cacnea|Cacnea, M|100\/100\n|switch|p2a: Geodude|Geodude-Alola, F|100\/100\n|switch|p2b: Gastrodon|Gastrodon, M|100\/100\n|turn|1\n|\n|t:|1700116855\n|move|p2b: Gastrodon|Protect|p2b: Gastrodon\n|-singleturn|p2b: Gastrodon|Protect\n|move|p1b: Cacnea|Drain Punch|p2a: Geodude\n|-supereffective|p2a: Geodude\n|-damage|p2a: Geodude|64\/100\n|move|p1a: Duskull|Fling|p2b: Gastrodon\n|-activate|p2b: Gastrodon|move: Protect\n|-enditem|p1a: Duskull|Eviolite|[from] move: Fling\n|move|p2a: Geodude|Explosion|p1b: Cacnea|[spread] p1b\n|-activate|p2b: Gastrodon|move: Protect\n|-immune|p1a: Duskull\n|-damage|p1b: Cacnea|0 fnt\n|faint|p2a: Geodude\n|faint|p1b: Cacnea\n|\n|upkeep\n|\n|t:|1700116866\n|switch|p1b: Hoppip|Hoppip, M, shiny|100\/100\n|switch|p2a: Lokix|Lokix, F|100\/100\n|turn|2\n|\n|t:|1700116874\n|move|p2a: Lokix|Sucker Punch||[still]\n|-fail|p2a: Lokix\n|move|p1b: Hoppip|Sleep Powder|p2b: Gastrodon\n|-status|p2b: Gastrodon|slp|[from] move: Sleep Powder\n|cant|p2b: Gastrodon|slp\n|move|p1a: Duskull|Will-O-Wisp|p2a: Lokix\n|-status|p2a: Lokix|brn\n|\n|-damage|p2a: Lokix|94\/100 brn|[from] brn\n|upkeep\n|turn|3\n|j| pogchimp970314\n|\n|t:|1700116896\n|switch|p2b: Impidimp|Impidimp, M|100\/100\n|move|p2a: Lokix|Leech Life|p1b: Hoppip\n|-damage|p1b: Hoppip|15\/100\n|-heal|p2a: Lokix|100\/100 brn|[from] drain|[of] p1b: Hoppip\n|-damage|p2a: Lokix|91\/100 brn|[from] item: Life Orb\n|move|p1b: Hoppip|Leech Seed|p2b: Impidimp\n|-start|p2b: Impidimp|move: Leech Seed\n|move|p1a: Duskull|Thief|p2b: Impidimp\n|-resisted|p2b: Impidimp\n|-damage|p2b: Impidimp|96\/100\n|-enditem|p2b: Impidimp|Light Clay|[silent]|[from] move: Thief|[of] p1a: Duskull\n|-item|p1a: Duskull|Light Clay|[from] move: Thief|[of] p2b: Impidimp\n|\n|-damage|p2b: Impidimp|84\/100|[from] Leech Seed|[of] p1b: Hoppip\n|-heal|p1b: Hoppip|32\/100|[silent]\n|-damage|p2a: Lokix|85\/100 brn|[from] brn\n|upkeep\n|turn|4\n|\n|t:|1700116914\n|move|p2b: Impidimp|Reflect|p2b: Impidimp\n|-sidestart|p2: mexicanpasta|Reflect\n|move|p2a: Lokix|Leech Life|p1b: Hoppip\n|-damage|p1b: Hoppip|0 fnt\n|-heal|p2a: Lokix|97\/100 brn|[from] drain|[of] p1b: Hoppip\n|faint|p1b: Hoppip\n|-damage|p2a: Lokix|87\/100 brn|[from] item: Life Orb\n|move|p1a: Duskull|Fling|p2a: Lokix\n|-resisted|p2a: Lokix\n|-damage|p2a: Lokix|85\/100 brn\n|-enditem|p1a: Duskull|Light Clay|[from] move: Fling\n|\n|-damage|p2a: Lokix|79\/100 brn|[from] brn\n|upkeep\n|c| pogchimp970314|why would u use fling eviolite\n|\n|t:|1700116923\n|switch|p1b: Persian|Persian, M, shiny|100\/100\n|turn|5\n|c| pogchimp970314|instead of just not having an eviolite\n|c|\u2606Im dumb srly|Steal others item\n|\n|t:|1700116945\n|move|p1b: Persian|Fake Out|p2a: Lokix\n|-damage|p2a: Lokix|49\/100 brn\n|-damage|p1b: Persian|91\/100|[from] item: Life Orb\n|move|p2b: Impidimp|Thunder Wave|p1b: Persian\n|-status|p1b: Persian|par\n|cant|p2a: Lokix|flinch\n|move|p1a: Duskull|Thief|p2a: Lokix\n|-resisted|p2a: Lokix\n|-crit|p2a: Lokix\n|-damage|p2a: Lokix|41\/100 brn\n|-enditem|p2a: Lokix|Life Orb|[silent]|[from] move: Thief|[of] p1a: Duskull\n|-item|p1a: Duskull|Life Orb|[from] move: Thief|[of] p2a: Lokix\n|-damage|p1a: Duskull|91\/100|[from] item: Life Orb\n|\n|-damage|p2b: Impidimp|72\/100|[from] Leech Seed|[of] p1b: Persian\n|-heal|p1b: Persian|100\/100 par|[silent]\n|-damage|p2a: Lokix|35\/100 brn|[from] brn\n|upkeep\n|turn|6\n|c| pogchimp970314|huh\n|\n|t:|1700116961\n|move|p2a: Lokix|Axe Kick|p1b: Persian|[miss]\n|-miss|p2a: Lokix|p1b: Persian\n|-damage|p2a: Lokix|0 fnt|[from] highjumpkick\n|faint|p2a: Lokix\n|move|p2b: Impidimp|Dazzling Gleam|p1b: Persian|[spread] p1a,p1b\n|-damage|p1a: Duskull|72\/100\n|-damage|p1b: Persian|83\/100 par\n|move|p1b: Persian|Aerial Ace|p2b: Impidimp\n|-damage|p2b: Impidimp|14\/100\n|-damage|p1b: Persian|73\/100 par|[from] item: Life Orb\n|move|p1a: Duskull|Fling|p2b: Impidimp\n|-resisted|p2b: Impidimp\n|-damage|p2b: Impidimp|12\/100\n|-enditem|p1a: Duskull|Life Orb|[from] move: Fling\n|\n|-damage|p2b: Impidimp|0 fnt|[from] Leech Seed|[of] p1b: Persian\n|-heal|p1b: Persian|83\/100 par|[silent]\n|faint|p2b: Impidimp\n|upkeep\n|c| pogchimp970314|seems like extremely budget knock off\n|\n|t:|1700116971\n|switch|p2a: Silicobra|Silicobra, M|100\/100\n|switch|p2b: Gastrodon|Gastrodon, M|100\/100 slp\n|turn|7\n|\n|t:|1700116990\n|move|p1b: Persian|Knock Off|p2b: Gastrodon\n|-damage|p2b: Gastrodon|78\/100 slp\n|-enditem|p2b: Gastrodon|Leftovers|[from] move: Knock Off|[of] p1b: Persian\n|-damage|p1b: Persian|74\/100 par|[from] item: Life Orb\n|cant|p2b: Gastrodon|slp\n|move|p2a: Silicobra|Earthquake|p1b: Persian|[spread] p2b,p1b\n|-immune|p1a: Duskull|[from] ability: Levitate\n|-damage|p2b: Gastrodon|61\/100 slp\n|-damage|p1b: Persian|36\/100 par\n|move|p1a: Duskull|Thief|p2a: Silicobra\n|-damage|p2a: Silicobra|96\/100\n|-weather|Sandstorm|[from] ability: Sand Spit|[of] p2a: Silicobra\n|-enditem|p2a: Silicobra|Eviolite|[silent]|[from] move: Thief|[of] p1a: Duskull\n|-item|p1a: Duskull|Eviolite|[from] move: Thief|[of] p2a: Silicobra\n|\n|-weather|Sandstorm|[upkeep]\n|-damage|p1b: Persian|30\/100 par|[from] Sandstorm\n|-damage|p1a: Duskull|66\/100|[from] Sandstorm\n|upkeep\n|turn|8\n|\n|t:|1700117009\n|move|p1b: Persian|Body Slam|p2b: Gastrodon\n|-damage|p2b: Gastrodon|27\/100 slp\n|-damage|p1b: Persian|20\/100 par|[from] item: Life Orb\n|cant|p2b: Gastrodon|slp\n|move|p2a: Silicobra|Earthquake|p1b: Persian|[spread] p2b,p1b\n|-immune|p1a: Duskull|[from] ability: Levitate\n|-damage|p2b: Gastrodon|8\/100 slp\n|-damage|p1b: Persian|0 fnt\n|faint|p1b: Persian\n|move|p1a: Duskull|Will-O-Wisp|p2a: Silicobra\n|-status|p2a: Silicobra|brn\n|\n|-weather|Sandstorm|[upkeep]\n|-damage|p1a: Duskull|60\/100|[from] Sandstorm\n|-damage|p2a: Silicobra|90\/100 brn|[from] brn\n|-sideend|p2: mexicanpasta|Reflect\n|upkeep\n|\n|t:|1700117023\n|switch|p1b: Luxray|Luxray, F, shiny|100\/100\n|turn|9\n|\n|t:|1700117042\n|-terastallize|p1b: Luxray|Water\n|move|p1b: Luxray|Tera Blast|p2b: Gastrodon|[anim] Tera Blast Water\n|-activate|p2b: Gastrodon|ability: Storm Drain\n|-ability|p2b: Gastrodon|Storm Drain|boost\n|-boost|p2b: Gastrodon|spa|1\n|-curestatus|p2b: Gastrodon|slp|[msg]\n|move|p2b: Gastrodon|Recover|p2b: Gastrodon\n|-heal|p2b: Gastrodon|58\/100\n|move|p2a: Silicobra|Rock Slide|p1a: Duskull|[spread] p1a,p1b\n|-damage|p1a: Duskull|55\/100\n|-damage|p1b: Luxray|92\/100\n|move|p1a: Duskull|Thief|p2b: Gastrodon\n|-damage|p2b: Gastrodon|51\/100\n|\n|-weather|Sandstorm|[upkeep]\n|-damage|p1b: Luxray|86\/100|[from] Sandstorm\n|-damage|p1a: Duskull|49\/100|[from] Sandstorm\n|-damage|p2a: Silicobra|84\/100 brn|[from] brn\n|upkeep\n|turn|10\n|c|\u2606mexicanpasta|what even is going on anymore\n|\n|t:|1700117066\n|move|p1b: Luxray|Play Rough|p2b: Gastrodon\n|-damage|p2b: Gastrodon|28\/100\n|-unboost|p2b: Gastrodon|atk|1\n|move|p2b: Gastrodon|Recover|p2b: Gastrodon\n|-heal|p2b: Gastrodon|78\/100\n|move|p2a: Silicobra|Glare|p1b: Luxray\n|-status|p1b: Luxray|par\n|move|p1a: Duskull|Memento|p2b: Gastrodon\n|-unboost|p2b: Gastrodon|atk|2\n|-unboost|p2b: Gastrodon|spa|2\n|faint|p1a: Duskull\n|\n|-weather|Sandstorm|[upkeep]\n|-damage|p1b: Luxray|80\/100 par|[from] Sandstorm\n|-damage|p2a: Silicobra|78\/100 brn|[from] brn\n|upkeep\n|\n|t:|1700117069\n|switch|p1a: Dragonite|Dragonite, M, shiny|100\/100\n|turn|11\n|j| kanishk0612d\n|\n|t:|1700117093\n|move|p1a: Dragonite|Dragon Claw|p2b: Gastrodon\n|-damage|p2b: Gastrodon|0 fnt\n|faint|p2b: Gastrodon\n|move|p1b: Luxray|Play Rough|p2a: Silicobra\n|-damage|p2a: Silicobra|45\/100 brn\n|move|p2a: Silicobra|Glare|p1a: Dragonite\n|-status|p1a: Dragonite|par\n|\n|-weather|none\n|-damage|p2a: Silicobra|39\/100 brn|[from] brn\n|upkeep\n|\n|t:|1700117099\n|switch|p2b: Volcarona|Volcarona, M|100\/100\n|turn|12\n|\n|t:|1700117108\n|-terastallize|p2b: Volcarona|Steel\n|move|p2b: Volcarona|Quiver Dance|p2b: Volcarona\n|-boost|p2b: Volcarona|spa|1\n|-boost|p2b: Volcarona|spd|1\n|-boost|p2b: Volcarona|spe|1\n|cant|p1b: Luxray|par\n|move|p1a: Dragonite|Dragon Claw|p2b: Volcarona\n|-resisted|p2b: Volcarona\n|-damage|p2b: Volcarona|41\/100\n|move|p2a: Silicobra|Rock Slide|p1b: Luxray|[spread] p1a,p1b\n|-supereffective|p1a: Dragonite\n|-damage|p1a: Dragonite|95\/100 par\n|-damage|p1b: Luxray|71\/100 par\n|\n|-damage|p2a: Silicobra|33\/100 brn|[from] brn\n|upkeep\n|turn|13\n|\n|t:|1700117129\n|move|p2b: Volcarona|Giga Drain|p1b: Luxray\n|-supereffective|p1b: Luxray\n|-damage|p1b: Luxray|0 fnt\n|-heal|p2b: Volcarona|76\/100|[from] drain|[of] p1b: Luxray\n|faint|p1b: Luxray\n|move|p1a: Dragonite|Dragon Claw|p2b: Volcarona\n|-resisted|p2b: Volcarona\n|-damage|p2b: Volcarona|19\/100\n|move|p2a: Silicobra|Rock Slide|p1a: Dragonite\n|-supereffective|p1a: Dragonite\n|-damage|p1a: Dragonite|80\/100 par\n|\n|-damage|p2a: Silicobra|27\/100 brn|[from] brn\n|upkeep\n|turn|14\n|\n|t:|1700117143\n|move|p2b: Volcarona|Bug Buzz|p1a: Dragonite\n|-resisted|p1a: Dragonite\n|-crit|p1a: Dragonite\n|-damage|p1a: Dragonite|32\/100 par\n|move|p1a: Dragonite|Dragon Claw|p2b: Volcarona\n|-resisted|p2b: Volcarona\n|-damage|p2b: Volcarona|0 fnt\n|faint|p2b: Volcarona\n|move|p2a: Silicobra|Rock Slide|p1a: Dragonite\n|-supereffective|p1a: Dragonite\n|-damage|p1a: Dragonite|16\/100 par\n|\n|-damage|p2a: Silicobra|21\/100 brn|[from] brn\n|upkeep\n|turn|15\n|c|\u2606mexicanpasta|full paras take the wheel\n|c| pogchimp970314|25% chance of loss\n|\n|t:|1700117158\n|move|p1a: Dragonite|Dragon Claw|p2a: Silicobra\n|-damage|p2a: Silicobra|0 fnt\n|-weather|Sandstorm|[from] ability: Sand Spit|[of] p2a: Silicobra\n|faint|p2a: Silicobra\n|\n|win|Im dumb srly\n|n|\u2606Im dumb srly|imdumbsrly\n|n|\u2606mexicanpasta|mexicanpasta\n|n|*Lady Monita \u2746|ladymonita\n|n| pogchimp970314|pogchimp970314\n|n| kanishk0612d|kanishk0612d\n","uploadtime":1700117159,"views":6,"p1id":"imdumbsrly","p2id":"mexicanpasta","formatid":"gen9doublesou","rating":0,"private":0,"password":""}