{"id":"gen9doublesou-1994438129","p1":"Swisky Dhar","p2":"C0SuMa","format":"[Gen 9] Doubles OU","log":"|j|\u2606Swisky Dhar\n|j|\u2606C0SuMa\n|t:|1700443939\n|gametype|doubles\n|player|p1|Swisky Dhar|giovanni|1266\n|player|p2|C0SuMa|caitlin|1417\n|teamsize|p1|6\n|teamsize|p2|6\n|gen|9\n|tier|[Gen 9] Doubles OU\n|rated|\n|rule|Species Clause: Limit one of each Pok\u00e9mon\n|rule|OHKO Clause: OHKO moves are banned\n|rule|Evasion Moves Clause: Evasion moves are banned\n|rule|Gravity Sleep Clause: The combination of sleep-inducing moves with imperfect accuracy and Gravity or Gigantamax Orbeetle are banned\n|rule|Endless Battle Clause: Forcing endless battles is banned\n|rule|HP Percentage Mod: HP is shown in percentages\n|clearpoke\n|poke|p1|Muk-Alola, M|\n|poke|p1|Kingambit, F|\n|poke|p1|Ninetales-Alola, M|\n|poke|p1|Scizor, M|\n|poke|p1|Politoed, M|\n|poke|p1|Arboliva, M|\n|poke|p2|Ninetales-Alola, F|\n|poke|p2|Flutter Mane|\n|poke|p2|Iron Bundle|\n|poke|p2|Ogerpon-Hearthflame, F|\n|poke|p2|Iron Hands|\n|poke|p2|Cresselia, F|\n|teampreview\n|\n|t:|1700443954\n|start\n|switch|p1a: :smile:|Ninetales-Alola, M|100\/100\n|switch|p1b: Mukkington III|Muk-Alola, M|100\/100\n|switch|p2a: Iron Bundle|Iron Bundle|100\/100\n|switch|p2b: Ogerpon|Ogerpon-Hearthflame, F|100\/100\n|-ability|p2b: Ogerpon|Mold Breaker\n|-weather|Snow|[from] ability: Snow Warning|[of] p1a: :smile:\n|turn|1\n|\n|t:|1700443973\n|move|p2b: Ogerpon|Spiky Shield|p2b: Ogerpon\n|-singleturn|p2b: Ogerpon|move: Protect\n|move|p2a: Iron Bundle|Aurora Veil|p2a: Iron Bundle\n|-sidestart|p2: C0SuMa|move: Aurora Veil\n|move|p1a: :smile:|Aurora Veil|p1a: :smile:\n|-sidestart|p1: Swisky Dhar|move: Aurora Veil\n|move|p1b: Mukkington III|Poison Jab|p2b: Ogerpon\n|-activate|p2b: Ogerpon|move: Protect\n|-damage|p1b: Mukkington III|88\/100|[from] Spiky Shield|[of] p2b: Ogerpon\n|\n|-weather|Snow|[upkeep]\n|upkeep\n|turn|2\n|\n|t:|1700444017\n|switch|p2b: Iron Hands|Iron Hands|100\/100\n|switch|p1a: Mukkington II|Politoed, M|100\/100\n|move|p2a: Iron Bundle|Blizzard|p1b: Mukkington III|[spread] p1a,p1b\n|-resisted|p1a: Mukkington II\n|-damage|p1a: Mukkington II|90\/100\n|-damage|p1b: Mukkington III|60\/100\n|move|p1b: Mukkington III|Poison Jab|p2b: Iron Hands\n|-damage|p2b: Iron Hands|85\/100\n|-status|p2b: Iron Hands|psn\n|\n|-weather|Snow|[upkeep]\n|-damage|p2b: Iron Hands|73\/100 psn|[from] psn\n|upkeep\n|turn|3\n|\n|t:|1700444048\n|-end|p2a: Iron Bundle|Quark Drive|[silent]\n|switch|p2a: Cresselia|Cresselia, F|100\/100\n|switch|p1a: :smile:|Ninetales-Alola, M|100\/100\n|move|p1b: Mukkington III|Thunder Punch|p2a: Cresselia\n|-crit|p2a: Cresselia\n|-damage|p2a: Cresselia|80\/100\n|move|p2b: Iron Hands|Swords Dance|p2b: Iron Hands\n|-boost|p2b: Iron Hands|atk|2\n|\n|-weather|Snow|[upkeep]\n|-damage|p2b: Iron Hands|60\/100 psn|[from] psn\n|upkeep\n|turn|4\n|\n|t:|1700444070\n|move|p1a: :smile:|Encore|p2b: Iron Hands\n|-start|p2b: Iron Hands|Encore\n|move|p2a: Cresselia|Lunar Blessing|p2a: Cresselia|[spread] p2a,p2b\n|-heal|p2a: Cresselia|100\/100\n|-heal|p2b: Iron Hands|85\/100 psn\n|-curestatus|p2b: Iron Hands|psn|[msg]\n|move|p2b: Iron Hands|Swords Dance|p2b: Iron Hands\n|-boost|p2b: Iron Hands|atk|2\n|move|p1b: Mukkington III|Knock Off|p2a: Cresselia\n|-supereffective|p2a: Cresselia\n|-damage|p2a: Cresselia|61\/100\n|-enditem|p2a: Cresselia|Mental Herb|[from] move: Knock Off|[of] p1b: Mukkington III\n|\n|-weather|Snow|[upkeep]\n|upkeep\n|turn|5\n|\n|t:|1700444095\n|switch|p1b: Dead Weight|Scizor, M, shiny|100\/100\n|move|p1a: :smile:|Moonblast|p2b: Iron Hands\n|-supereffective|p2b: Iron Hands\n|-damage|p2b: Iron Hands|41\/100\n|-enditem|p2b: Iron Hands|Sitrus Berry|[eat]\n|-heal|p2b: Iron Hands|66\/100|[from] item: Sitrus Berry\n|move|p2a: Cresselia|Icy Wind|p1b: Dead Weight|[spread] p1a,p1b\n|-resisted|p1a: :smile:\n|-resisted|p1b: Dead Weight\n|-damage|p1a: :smile:|97\/100\n|-damage|p1b: Dead Weight|98\/100\n|-unboost|p1a: :smile:|spe|1\n|-unboost|p1b: Dead Weight|spe|1\n|move|p2b: Iron Hands|Swords Dance|p2b: Iron Hands\n|-boost|p2b: Iron Hands|atk|2\n|\n|-weather|none\n|-sideend|p1: Swisky Dhar|move: Aurora Veil\n|upkeep\n|turn|6\n|\n|t:|1700444134\n|move|p1a: :smile:|Moonblast|p2b: Iron Hands\n|-supereffective|p2b: Iron Hands\n|-damage|p2b: Iron Hands|19\/100\n|move|p1b: Dead Weight|Bug Bite|p2a: Cresselia\n|-supereffective|p2a: Cresselia\n|-damage|p2a: Cresselia|21\/100\n|move|p2b: Iron Hands|Swords Dance|p2b: Iron Hands\n|-boost|p2b: Iron Hands|atk|0\n|move|p2a: Cresselia|Trick Room|p2a: Cresselia\n|-fieldstart|move: Trick Room|[of] p2a: Cresselia\n|\n|-end|p2b: Iron Hands|Encore\n|upkeep\n|turn|7\n|\n|t:|1700444171\n|move|p2a: Cresselia|Ally Switch|p2a: Cresselia\n|swap|p2a: Cresselia|1|[from] move: Ally Switch\n|move|p1b: Dead Weight|Bullet Punch|p2b: Cresselia\n|-damage|p2b: Cresselia|8\/100\n|move|p2a: Iron Hands|Drain Punch|p1a: :smile:\n|-damage|p1a: :smile:|0 fnt\n|-heal|p2a: Iron Hands|46\/100|[from] drain|[of] p1a: :smile:\n|faint|p1a: :smile:\n|\n|upkeep\n|inactive|Battle timer is ON: inactive players will automatically lose when time's up. (requested by C0SuMa)\n|\n|t:|1700444211\n|switch|p1a: Musashi|Kingambit, F|100\/100\n|turn|8\n|\n|t:|1700444231\n|-terastallize|p1b: Dead Weight|Ground\n|move|p1a: Musashi|Protect|p1a: Musashi\n|-singleturn|p1a: Musashi|Protect\n|move|p2a: Iron Hands|Drain Punch|p1a: Musashi\n|-activate|p1a: Musashi|move: Protect\n|move|p1b: Dead Weight|Tera Blast|p2a: Iron Hands|[anim] Tera Blast Ground\n|-supereffective|p2a: Iron Hands\n|-damage|p2a: Iron Hands|12\/100\n|move|p2b: Cresselia|Lunar Blessing|p2b: Cresselia|[spread] p2a,p2b\n|-heal|p2a: Iron Hands|37\/100\n|-heal|p2b: Cresselia|33\/100\n|\n|-sideend|p2: C0SuMa|move: Aurora Veil\n|upkeep\n|turn|9\n|inactive|Swisky Dhar has 120 seconds left.\n|inactive|Swisky Dhar has 90 seconds left.\n|\n|t:|1700444313\n|switch|p1a: Mukkington III|Muk-Alola, M|60\/100\n|move|p1b: Dead Weight|Bullet Punch|p2b: Cresselia\n|-damage|p2b: Cresselia|15\/100\n|move|p2a: Iron Hands|Drain Punch|p1a: Mukkington III\n|-damage|p1a: Mukkington III|0 fnt\n|-heal|p2a: Iron Hands|58\/100|[from] drain|[of] p1a: Mukkington III\n|faint|p1a: Mukkington III\n|move|p2b: Cresselia|Lunar Blessing|p2b: Cresselia|[spread] p2a,p2b\n|-heal|p2a: Iron Hands|83\/100\n|-heal|p2b: Cresselia|40\/100\n|\n|upkeep\n|-message|Swisky Dhar forfeited.\n|\n|win|C0SuMa\n|raw|Swisky Dhar's rating: 1266 &rarr; <strong>1251<\/strong><br \/>(-15 for losing)\n|raw|C0SuMa's rating: 1417 &rarr; <strong>1429<\/strong><br \/>(+12 for winning)\n|l|\u2606Swisky Dhar\n|c|\u2606C0SuMa|gg\n","uploadtime":1700444332,"views":3,"p1id":"swiskydhar","p2id":"c0suma","formatid":"gen9doublesou","rating":1251,"private":0,"password":""}