{"id":"gen9doublesou-1969308665","p1":"wingwingy55","p2":"xiewenzhe","format":"[Gen 9] Doubles OU","log":"|j|\u2606wingwingy55\n|j|\u2606xiewenzhe\n|t:|1697512377\n|gametype|doubles\n|player|p1|wingwingy55|preschooler|1137\n|player|p2|xiewenzhe|265|1308\n|teamsize|p1|6\n|teamsize|p2|6\n|gen|9\n|tier|[Gen 9] Doubles OU\n|rated|\n|rule|Species Clause: Limit one of each Pok\u00e9mon\n|rule|OHKO Clause: OHKO moves are banned\n|rule|Evasion Moves Clause: Evasion moves are banned\n|rule|Gravity Sleep Clause: The combination of sleep-inducing moves with imperfect accuracy and Gravity or Gigantamax Orbeetle are banned\n|rule|Endless Battle Clause: Forcing endless battles is banned\n|rule|HP Percentage Mod: HP is shown in percentages\n|clearpoke\n|poke|p1|Dragapult, M|\n|poke|p1|Chi-Yu|\n|poke|p1|Ogerpon, F|\n|poke|p1|Dipplin, F|\n|poke|p1|Maushold|\n|poke|p1|Braviary-Hisui, M|\n|poke|p2|Ogerpon-Hearthflame, F|\n|poke|p2|Rillaboom, M|\n|poke|p2|Sinistcha|\n|poke|p2|Flutter Mane|\n|poke|p2|Landorus-Therian, M|\n|poke|p2|Chi-Yu|\n|teampreview\n|inactive|Battle timer is ON: inactive players will automatically lose when time's up. (requested by wingwingy55)\n|\n|t:|1697512425\n|start\n|switch|p1a: Ogerpon|Ogerpon, F|100\/100\n|switch|p1b: Chi-Yu|Chi-Yu|100\/100\n|switch|p2a: Rillaboom|Rillaboom, M|100\/100\n|switch|p2b: Ogerpon|Ogerpon-Hearthflame, F|100\/100\n|-ability|p2b: Ogerpon|Mold Breaker\n|-ability|p1b: Chi-Yu|Beads of Ruin\n|-fieldstart|move: Grassy Terrain|[from] ability: Grassy Surge|[of] p2a: Rillaboom\n|turn|1\n|\n|t:|1697512442\n|-terastallize|p1a: Ogerpon|Grass\n|detailschange|p1a: Ogerpon|Ogerpon-Teal-Tera, F, tera:Grass\n|-ability|p1a: Ogerpon|Embody Aspect (Teal)|boost\n|-boost|p1a: Ogerpon|spe|1\n|move|p2a: Rillaboom|Fake Out|p1b: Chi-Yu\n|-damage|p1b: Chi-Yu|81\/100\n|move|p1a: Ogerpon|Stomping Tantrum|p2b: Ogerpon\n|-damage|p2b: Ogerpon|65\/100\n|move|p2b: Ogerpon|Ivy Cudgel|p1b: Chi-Yu\n|-resisted|p1b: Chi-Yu\n|-crit|p1b: Chi-Yu\n|-damage|p1b: Chi-Yu|13\/100\n|cant|p1b: Chi-Yu|flinch\n|\n|-heal|p2b: Ogerpon|71\/100|[from] Grassy Terrain\n|-heal|p1b: Chi-Yu|20\/100|[from] Grassy Terrain\n|upkeep\n|turn|2\n|\n|t:|1697512463\n|move|p1a: Ogerpon|U-turn|p2b: Ogerpon\n|-crit|p2b: Ogerpon\n|-damage|p2b: Ogerpon|21\/100\n|\n|t:|1697512471\n|switch|p1a: Dipplin|Dipplin, F|100\/100|[from] U-turn\n|-ability|p1a: Dipplin|Supersweet Syrup\n|-ability|p1a: Dipplin|Supersweet Syrup|boost\n|-unboost|p2a: Rillaboom|evasion|1\n|-unboost|p2b: Ogerpon|evasion|1\n|move|p2b: Ogerpon|Ivy Cudgel|p1a: Dipplin\n|-damage|p1a: Dipplin|69\/100\n|move|p1b: Chi-Yu|Overheat|p2a: Rillaboom\n|-supereffective|p2a: Rillaboom\n|-damage|p2a: Rillaboom|0 fnt\n|-unboost|p1b: Chi-Yu|spa|2\n|faint|p2a: Rillaboom\n|\n|-heal|p2b: Ogerpon|27\/100|[from] Grassy Terrain\n|-heal|p1b: Chi-Yu|26\/100|[from] Grassy Terrain\n|-heal|p1a: Dipplin|75\/100|[from] Grassy Terrain\n|upkeep\n|\n|t:|1697512489\n|switch|p2a: Flutter Mane|Flutter Mane|100\/100\n|turn|3\n|\n|t:|1697512499\n|move|p2a: Flutter Mane|Dazzling Gleam|p1a: Dipplin|[spread] p1a,p1b\n|-supereffective|p1a: Dipplin\n|-damage|p1a: Dipplin|14\/100\n|-damage|p1b: Chi-Yu|0 fnt\n|faint|p1b: Chi-Yu\n|-damage|p2a: Flutter Mane|91\/100|[from] item: Life Orb\n|move|p2b: Ogerpon|Ivy Cudgel|p1a: Dipplin\n|-damage|p1a: Dipplin|0 fnt\n|faint|p1a: Dipplin\n|\n|-heal|p2a: Flutter Mane|97\/100|[from] Grassy Terrain\n|-heal|p2b: Ogerpon|33\/100|[from] Grassy Terrain\n|upkeep\n|\n|t:|1697512506\n|switch|p1b: Ogerpon|Ogerpon-Teal-Tera, F, tera:Grass|100\/100\n|switch|p1a: Maushold|Maushold|100\/100\n|-ability|p1b: Ogerpon|Embody Aspect (Teal)|boost\n|-boost|p1b: Ogerpon|spe|1\n|turn|4\n|\n|t:|1697512528\n|move|p2a: Flutter Mane|Protect|p2a: Flutter Mane\n|-singleturn|p2a: Flutter Mane|Protect\n|move|p2b: Ogerpon|Spiky Shield|p2b: Ogerpon\n|-singleturn|p2b: Ogerpon|move: Protect\n|move|p1a: Maushold|Follow Me|p1a: Maushold\n|-singleturn|p1a: Maushold|move: Follow Me\n|move|p1b: Ogerpon|Ivy Cudgel|p2a: Flutter Mane\n|-activate|p2a: Flutter Mane|move: Protect\n|\n|-heal|p2a: Flutter Mane|100\/100|[from] Grassy Terrain\n|-heal|p2b: Ogerpon|39\/100|[from] Grassy Terrain\n|upkeep\n|turn|5\n|l|\u2606wingwingy55\n|inactive|wingwingy55 disconnected and has a minute to reconnect!\n|player|p1|\n|inactive|xiewenzhe has 120 seconds left.\n|\n|t:|1697512560\n|switch|p2b: Landorus|Landorus-Therian, M|100\/100\n|-ability|p2b: Landorus|Intimidate|boost\n|-unboost|p1a: Maushold|atk|1\n|-unboost|p1b: Ogerpon|atk|1\n|move|p1a: Maushold|Follow Me|p1a: Maushold\n|-singleturn|p1a: Maushold|move: Follow Me\n|move|p1b: Ogerpon|Ivy Cudgel|p2a: Flutter Mane\n|-damage|p2a: Flutter Mane|0 fnt\n|faint|p2a: Flutter Mane\n|-end|p2a: Flutter Mane|Protosynthesis|[silent]\n|\n|-fieldend|move: Grassy Terrain\n|upkeep\n|inactive|xiewenzhe has 120 seconds left.\n|j|\u2606wingwingy55\n|inactive|wingwingy55 reconnected.\n|player|p1|wingwingy55|preschooler\n|\n|t:|1697512578\n|switch|p2a: Sinistcha|Sinistcha|100\/100\n|turn|6\n|\n|t:|1697512601\n|move|p1a: Maushold|Follow Me|p1a: Maushold\n|-singleturn|p1a: Maushold|move: Follow Me\n|move|p1b: Ogerpon|U-turn|p2a: Sinistcha\n|-damage|p2a: Sinistcha|89\/100\n|\n|t:|1697512608\n|switch|p1b: Braviary|Braviary-Hisui, M|100\/100|[from] U-turn\n|move|p2b: Landorus|Stealth Rock|p1a: Maushold\n|-sidestart|p1: wingwingy55|move: Stealth Rock\n|move|p2a: Sinistcha|Matcha Gotcha|p1a: Maushold|[spread] p1a,p1b\n|-resisted|p1b: Braviary\n|-damage|p1a: Maushold|73\/100\n|-heal|p2a: Sinistcha|100\/100|[from] drain|[of] p1a: Maushold\n|-damage|p1b: Braviary|89\/100\n|\n|upkeep\n|turn|7\n|\n|t:|1697512629\n|move|p1a: Maushold|Population Bomb|p2b: Landorus\n|-damage|p2b: Landorus|97\/100\n|-damage|p1a: Maushold|56\/100|[from] item: Rocky Helmet|[of] p2b: Landorus\n|-damage|p2b: Landorus|95\/100\n|-damage|p1a: Maushold|40\/100|[from] item: Rocky Helmet|[of] p2b: Landorus\n|-enditem|p1a: Maushold|Sitrus Berry|[eat]\n|-heal|p1a: Maushold|65\/100|[from] item: Sitrus Berry\n|-damage|p2b: Landorus|92\/100\n|-damage|p1a: Maushold|48\/100|[from] item: Rocky Helmet|[of] p2b: Landorus\n|-damage|p2b: Landorus|90\/100\n|-damage|p1a: Maushold|32\/100|[from] item: Rocky Helmet|[of] p2b: Landorus\n|-hitcount|p2b: Landorus|4\n|move|p2b: Landorus|U-turn|p1b: Braviary\n|-damage|p1b: Braviary|70\/100\n|\n|t:|1697512644\n|switch|p2b: Chi-Yu|Chi-Yu|100\/100|[from] U-turn\n|-ability|p2b: Chi-Yu|Beads of Ruin\n|move|p1b: Braviary|Heat Wave|p2a: Sinistcha|[spread] p2a,p2b\n|-supereffective|p2a: Sinistcha\n|-resisted|p2b: Chi-Yu\n|-damage|p2a: Sinistcha|29\/100\n|-damage|p2b: Chi-Yu|76\/100\n|move|p2a: Sinistcha|Matcha Gotcha|p1a: Maushold|[spread] p1a,p1b\n|-resisted|p1b: Braviary\n|-damage|p1a: Maushold|0 fnt\n|-heal|p2a: Sinistcha|44\/100|[from] drain|[of] p1a: Maushold\n|-damage|p1b: Braviary|57\/100\n|-heal|p2a: Sinistcha|51\/100|[from] drain|[of] p1b: Braviary\n|-status|p1b: Braviary|brn\n|faint|p1a: Maushold\n|\n|-damage|p1b: Braviary|51\/100 brn|[from] brn\n|upkeep\n|\n|t:|1697512657\n|switch|p1a: Ogerpon|Ogerpon-Teal-Tera, F, tera:Grass|100\/100\n|-damage|p1a: Ogerpon|88\/100|[from] Stealth Rock\n|-ability|p1a: Ogerpon|Embody Aspect (Teal)|boost\n|-boost|p1a: Ogerpon|spe|1\n|turn|8\n|\n|t:|1697512669\n|move|p1a: Ogerpon|Stomping Tantrum|p2b: Chi-Yu\n|-supereffective|p2b: Chi-Yu\n|-damage|p2b: Chi-Yu|0 fnt\n|faint|p2b: Chi-Yu\n|move|p1b: Braviary|Air Slash|p2a: Sinistcha\n|-supereffective|p2a: Sinistcha\n|-damage|p2a: Sinistcha|0 fnt\n|faint|p2a: Sinistcha\n|\n|-heal|p1a: Ogerpon|94\/100|[from] item: Leftovers\n|-damage|p1b: Braviary|44\/100 brn|[from] brn\n|upkeep\n|\n|t:|1697512676\n|switch|p2b: Landorus|Landorus-Therian, M|90\/100\n|switch|p2a: Ogerpon|Ogerpon-Hearthflame, F|39\/100\n|-ability|p2a: Ogerpon|Mold Breaker\n|-ability|p2b: Landorus|Intimidate|boost\n|-unboost|p1a: Ogerpon|atk|1\n|-unboost|p1b: Braviary|atk|1\n|turn|9\n|\n|t:|1697512703\n|-terastallize|p2a: Ogerpon|Fire\n|detailschange|p2a: Ogerpon|Ogerpon-Hearthflame-Tera, F, tera:Fire\n|-ability|p2a: Ogerpon|Embody Aspect (Hearthflame)|boost\n|-boost|p2a: Ogerpon|atk|1\n|move|p1a: Ogerpon|Ivy Cudgel|p2b: Landorus\n|-damage|p2b: Landorus|51\/100\n|move|p2a: Ogerpon|Ivy Cudgel|p1a: Ogerpon\n|-supereffective|p1a: Ogerpon\n|-damage|p1a: Ogerpon|0 fnt\n|faint|p1a: Ogerpon\n|move|p2b: Landorus|U-turn|p1b: Braviary\n|-damage|p1b: Braviary|18\/100 brn\n|move|p1b: Braviary|Air Slash|p2a: Ogerpon\n|-damage|p2a: Ogerpon|2\/100\n|\n|-damage|p1b: Braviary|11\/100 brn|[from] brn\n|upkeep\n|\n|t:|1697512706\n|switch|p1a: Dragapult|Dragapult, M, shiny|100\/100\n|-damage|p1a: Dragapult|88\/100|[from] Stealth Rock\n|turn|10\n|\n|t:|1697512717\n|move|p2a: Ogerpon|Spiky Shield|p2a: Ogerpon\n|-singleturn|p2a: Ogerpon|move: Protect\n|move|p1a: Dragapult|Dragon Darts|p2b: Landorus\n|-damage|p2b: Landorus|33\/100\n|-anim|p1a: Dragapult|Dragon Darts|p2b: Landorus\n|-damage|p2b: Landorus|16\/100\n|move|p2b: Landorus|Earthquake|p1a: Dragapult|[spread] p1a\n|-activate|p2a: Ogerpon|move: Protect\n|-immune|p1b: Braviary\n|-crit|p1a: Dragapult\n|-damage|p1a: Dragapult|25\/100\n|move|p1b: Braviary|Esper Wing|p2b: Landorus\n|-crit|p2b: Landorus\n|-damage|p2b: Landorus|0 fnt\n|-boost|p1b: Braviary|spe|1\n|faint|p2b: Landorus\n|\n|-damage|p1b: Braviary|5\/100 brn|[from] brn\n|upkeep\n|turn|11\n|-message|xiewenzhe forfeited.\n|\n|win|wingwingy55\n|raw|wingwingy55's rating: 1137 &rarr; <strong>1173<\/strong><br \/>(+36 for winning)\n|raw|xiewenzhe's rating: 1308 &rarr; <strong>1279<\/strong><br \/>(-29 for losing)\n|l|\u2606xiewenzhe\n","uploadtime":1697512737,"views":15,"p1id":"wingwingy55","p2id":"xiewenzhe","formatid":"gen9doublesou","rating":1173,"private":0,"password":""}