{"id":"gen9doublesou-1971730110","p1":"ZippleZapple","p2":"Soobrem","format":"[Gen 9] Doubles OU","log":"|j|\u2606ZippleZapple\n|j|\u2606Soobrem\n|t:|1697765751\n|gametype|doubles\n|player|p1|ZippleZapple|harlequin|1226\n|player|p2|Soobrem|pokemaniac|1329\n|teamsize|p1|6\n|teamsize|p2|6\n|gen|9\n|tier|[Gen 9] Doubles OU\n|rated|\n|rule|Species Clause: Limit one of each Pok\u00e9mon\n|rule|OHKO Clause: OHKO moves are banned\n|rule|Evasion Moves Clause: Evasion moves are banned\n|rule|Gravity Sleep Clause: The combination of sleep-inducing moves with imperfect accuracy and Gravity or Gigantamax Orbeetle are banned\n|rule|Endless Battle Clause: Forcing endless battles is banned\n|rule|HP Percentage Mod: HP is shown in percentages\n|clearpoke\n|poke|p1|Grimmsnarl, M|\n|poke|p1|Great Tusk|\n|poke|p1|Chandelure, M|\n|poke|p1|Torkoal, M|\n|poke|p1|Ogerpon-Hearthflame, F|\n|poke|p1|Ribombee, F|\n|poke|p2|Gastrodon, M|\n|poke|p2|Tyranitar, M|\n|poke|p2|Tinkaton, F|\n|poke|p2|Dragonite, F|\n|poke|p2|Heatran, M|\n|poke|p2|Landorus-Therian, M|\n|teampreview\n|inactive|Battle timer is ON: inactive players will automatically lose when time's up. (requested by Soobrem)\n|\n|t:|1697765781\n|start\n|switch|p1a: Grimmsnarl|Grimmsnarl, M|100\/100\n|switch|p1b: Great Tusk|Great Tusk|100\/100\n|switch|p2a: Tyranitar|Tyranitar, M|100\/100\n|switch|p2b: Tinkaton|Tinkaton, F|100\/100\n|-ability|p2b: Tinkaton|Mold Breaker\n|-weather|Sandstorm|[from] ability: Sand Stream|[of] p2a: Tyranitar\n|turn|1\n|\n|t:|1697765797\n|move|p2b: Tinkaton|Fake Out|p1b: Great Tusk\n|-damage|p1b: Great Tusk|94\/100\n|move|p1a: Grimmsnarl|Parting Shot|p2b: Tinkaton\n|-unboost|p2b: Tinkaton|atk|1\n|-unboost|p2b: Tinkaton|spa|1\n|\n|t:|1697765801\n|switch|p1a: Torkoal|Torkoal, M|100\/100|[from] Parting Shot\n|-weather|SunnyDay|[from] ability: Drought|[of] p1a: Torkoal\n|-activate|p1b: Great Tusk|ability: Protosynthesis\n|-start|p1b: Great Tusk|protosynthesisatk\n|cant|p1b: Great Tusk|flinch\n|move|p2a: Tyranitar|Iron Head|p1a: Torkoal\n|-resisted|p1a: Torkoal\n|-damage|p1a: Torkoal|88\/100\n|\n|-weather|SunnyDay|[upkeep]\n|upkeep\n|turn|2\n|\n|t:|1697765818\n|switch|p2b: Heatran|Heatran, M|100\/100\n|-item|p2b: Heatran|Air Balloon\n|switch|p2a: Landorus|Landorus-Therian, M|100\/100\n|-ability|p2a: Landorus|Intimidate|boost\n|-unboost|p1a: Torkoal|atk|1\n|-unboost|p1b: Great Tusk|atk|1\n|move|p1b: Great Tusk|Close Combat|p2a: Landorus\n|-resisted|p2a: Landorus\n|-damage|p2a: Landorus|68\/100\n|-unboost|p1b: Great Tusk|def|1\n|-unboost|p1b: Great Tusk|spd|1\n|move|p1a: Torkoal|Stealth Rock|p2a: Landorus\n|-sidestart|p2: Soobrem|move: Stealth Rock\n|\n|-weather|SunnyDay|[upkeep]\n|upkeep\n|turn|3\n|inactive|Soobrem has 120 seconds left.\n|\n|t:|1697765850\n|move|p1a: Torkoal|Helping Hand|p1b: Great Tusk\n|-singleturn|p1b: Great Tusk|Helping Hand|[of] p1a: Torkoal\n|move|p2a: Landorus|Stomping Tantrum|p1a: Torkoal\n|-supereffective|p1a: Torkoal\n|-damage|p1a: Torkoal|30\/100\n|move|p1b: Great Tusk|Ice Spinner|p2a: Landorus\n|-supereffective|p2a: Landorus\n|-damage|p2a: Landorus|0 fnt\n|faint|p2a: Landorus\n|move|p2b: Heatran|Heat Wave|p1a: Torkoal|[spread] p1a,p1b\n|-resisted|p1a: Torkoal\n|-damage|p1a: Torkoal|0 fnt\n|-damage|p1b: Great Tusk|8\/100\n|faint|p1a: Torkoal\n|\n|-weather|SunnyDay|[upkeep]\n|upkeep\n|\n|t:|1697765868\n|switch|p2a: Dragonite|Dragonite, F|100\/100\n|switch|p1a: Chandelure|Chandelure, M|100\/100\n|-damage|p2a: Dragonite|76\/100|[from] Stealth Rock\n|turn|4\n|\n|t:|1697765875\n|-terastallize|p1a: Chandelure|Fighting\n|move|p2a: Dragonite|Extreme Speed|p1b: Great Tusk\n|-damage|p1b: Great Tusk|0 fnt\n|faint|p1b: Great Tusk\n|-end|p1b: Great Tusk|Protosynthesis|[silent]\n|move|p1a: Chandelure|Tera Blast|p2b: Heatran|[anim] Tera Blast Fighting\n|-supereffective|p2b: Heatran\n|-damage|p2b: Heatran|21\/100\n|-enditem|p2b: Heatran|Air Balloon\n|move|p2b: Heatran|Dragon Pulse|p1a: Chandelure\n|-damage|p1a: Chandelure|55\/100\n|\n|-weather|SunnyDay|[upkeep]\n|upkeep\n|\n|t:|1697765883\n|switch|p1b: Grimmsnarl|Grimmsnarl, M|100\/100\n|turn|5\n|\n|t:|1697765894\n|move|p2a: Dragonite|Extreme Speed|p1a: Chandelure\n|-damage|p1a: Chandelure|10\/100\n|move|p1b: Grimmsnarl|Parting Shot|p2a: Dragonite\n|-unboost|p2a: Dragonite|atk|1\n|-unboost|p2a: Dragonite|spa|1\n|\n|t:|1697765901\n|switch|p1b: Ribombee|Ribombee, F|100\/100|[from] Parting Shot\n|move|p1a: Chandelure|Tera Blast|p2b: Heatran|[anim] Tera Blast Fighting\n|-supereffective|p2b: Heatran\n|-damage|p2b: Heatran|0 fnt\n|faint|p2b: Heatran\n|\n|-weather|SunnyDay|[upkeep]\n|upkeep\n|\n|t:|1697765908\n|switch|p2b: Tyranitar|Tyranitar, M|100\/100\n|-damage|p2b: Tyranitar|88\/100|[from] Stealth Rock\n|-weather|Sandstorm|[from] ability: Sand Stream|[of] p2b: Tyranitar\n|turn|6\n|inactive|Soobrem has 120 seconds left.\n|\n|t:|1697765948\n|move|p2a: Dragonite|Extreme Speed|p1a: Chandelure\n|-damage|p1a: Chandelure|0 fnt\n|faint|p1a: Chandelure\n|move|p1b: Ribombee|Dazzling Gleam|p2a: Dragonite|[spread] p2a,p2b\n|-supereffective|p2a: Dragonite\n|-supereffective|p2b: Tyranitar\n|-damage|p2a: Dragonite|28\/100\n|-damage|p2b: Tyranitar|62\/100\n|-enditem|p2a: Dragonite|Weakness Policy\n|-boost|p2a: Dragonite|atk|2|[from] item: Weakness Policy\n|-boost|p2a: Dragonite|spa|2|[from] item: Weakness Policy\n|move|p2b: Tyranitar|Iron Head|p1b: Ribombee\n|-supereffective|p1b: Ribombee\n|-enditem|p1b: Ribombee|Focus Sash\n|-damage|p1b: Ribombee|1\/100\n|\n|-weather|Sandstorm|[upkeep]\n|-damage|p1b: Ribombee|0 fnt|[from] Sandstorm\n|-damage|p2a: Dragonite|22\/100|[from] Sandstorm\n|faint|p1b: Ribombee\n|upkeep\n|\n|t:|1697765955\n|switch|p1b: Ogerpon|Ogerpon-Hearthflame, F|100\/100\n|switch|p1a: Grimmsnarl|Grimmsnarl, M|100\/100\n|-ability|p1b: Ogerpon|Mold Breaker\n|turn|7\n|\n|t:|1697765968\n|move|p2a: Dragonite|Extreme Speed|p1b: Ogerpon\n|-crit|p1b: Ogerpon\n|-damage|p1b: Ogerpon|13\/100\n|move|p1a: Grimmsnarl|Parting Shot|p2a: Dragonite\n|-unboost|p2a: Dragonite|atk|1\n|-unboost|p2a: Dragonite|spa|1\n|move|p1b: Ogerpon|Horn Leech|p2b: Tyranitar\n|-supereffective|p2b: Tyranitar\n|-damage|p2b: Tyranitar|0 fnt\n|-heal|p1b: Ogerpon|54\/100|[from] drain|[of] p2b: Tyranitar\n|faint|p2b: Tyranitar\n|\n|-weather|Sandstorm|[upkeep]\n|-damage|p1b: Ogerpon|48\/100|[from] Sandstorm\n|-damage|p2a: Dragonite|16\/100|[from] Sandstorm\n|-damage|p1a: Grimmsnarl|94\/100|[from] Sandstorm\n|-heal|p1a: Grimmsnarl|100\/100|[from] item: Leftovers\n|upkeep\n|\n|t:|1697765979\n|switch|p2b: Tinkaton|Tinkaton, F|100\/100\n|-damage|p2b: Tinkaton|94\/100|[from] Stealth Rock\n|-ability|p2b: Tinkaton|Mold Breaker\n|turn|8\n|\n|t:|1697765994\n|move|p1b: Ogerpon|Spiky Shield|p1b: Ogerpon\n|-singleturn|p1b: Ogerpon|move: Protect\n|move|p2b: Tinkaton|Fake Out|p1b: Ogerpon\n|-activate|p1b: Ogerpon|move: Protect\n|-damage|p2b: Tinkaton|82\/100|[from] Spiky Shield|[of] p1b: Ogerpon\n|move|p2a: Dragonite|Extreme Speed|p1b: Ogerpon\n|-activate|p1b: Ogerpon|move: Protect\n|-damage|p2a: Dragonite|4\/100|[from] Spiky Shield|[of] p1b: Ogerpon\n|move|p1a: Grimmsnarl|Parting Shot|p2b: Tinkaton\n|-unboost|p2b: Tinkaton|atk|1\n|-unboost|p2b: Tinkaton|spa|1\n|\n|-weather|Sandstorm|[upkeep]\n|-damage|p1b: Ogerpon|42\/100|[from] Sandstorm\n|-damage|p2a: Dragonite|0 fnt|[from] Sandstorm\n|-damage|p1a: Grimmsnarl|94\/100|[from] Sandstorm\n|faint|p2a: Dragonite\n|-heal|p1a: Grimmsnarl|100\/100|[from] item: Leftovers\n|upkeep\n|\n|t:|1697765998\n|switch|p2a: Gastrodon|Gastrodon, M|100\/100\n|-damage|p2a: Gastrodon|94\/100|[from] Stealth Rock\n|turn|9\n|\n|t:|1697766011\n|move|p1a: Grimmsnarl|Parting Shot|p2b: Tinkaton\n|-unboost|p2b: Tinkaton|atk|1\n|-unboost|p2b: Tinkaton|spa|1\n|move|p1b: Ogerpon|Horn Leech|p2a: Gastrodon\n|-supereffective|p2a: Gastrodon\n|-damage|p2a: Gastrodon|0 fnt\n|-heal|p1b: Ogerpon|100\/100|[from] drain|[of] p2a: Gastrodon\n|faint|p2a: Gastrodon\n|move|p2b: Tinkaton|Gigaton Hammer|p1a: Grimmsnarl\n|-supereffective|p1a: Grimmsnarl\n|-damage|p1a: Grimmsnarl|53\/100\n|\n|-weather|Sandstorm|[upkeep]\n|-damage|p1b: Ogerpon|95\/100|[from] Sandstorm\n|-damage|p1a: Grimmsnarl|47\/100|[from] Sandstorm\n|-heal|p1a: Grimmsnarl|53\/100|[from] item: Leftovers\n|upkeep\n|turn|10\n|-message|Soobrem forfeited.\n|\n|win|ZippleZapple\n|raw|ZippleZapple's rating: 1226 &rarr; <strong>1258<\/strong><br \/>(+32 for winning)\n|raw|Soobrem's rating: 1329 &rarr; <strong>1303<\/strong><br \/>(-26 for losing)\n|l|\u2606Soobrem\n","uploadtime":1697766027,"views":9,"p1id":"zipplezapple","p2id":"soobrem","formatid":"gen9doublesou","rating":1258,"private":0,"password":""}