{"id":"gen9doublesou-1968406684","p1":"mx555","p2":"lonelyzombi3","format":"[Gen 9] Doubles OU","log":"|html|<div class=\"broadcast-blue\"><strong>[Gen 9] Doubles OU is currently suspecting Basculegion & Flutter Mane! For information on how to participate check out the <a href=\"https:\/\/www.smogon.com\/forums\/threads\/np-sv-dou-stage-8-double-trouble.3729153\/\">suspect thread<\/a>.<\/strong><\/div>\n|j|\u2606mx555\n|j|\u2606lonelyzombi3\n|t:|1697415207\n|gametype|doubles\n|player|p1|mx555|hilda|1598\n|player|p2|lonelyzombi3|unknown|1662\n|teamsize|p1|6\n|teamsize|p2|6\n|gen|9\n|tier|[Gen 9] Doubles OU\n|rated|\n|rule|Species Clause: Limit one of each Pok\u00e9mon\n|rule|OHKO Clause: OHKO moves are banned\n|rule|Evasion Moves Clause: Evasion moves are banned\n|rule|Gravity Sleep Clause: The combination of sleep-inducing moves with imperfect accuracy and Gravity or Gigantamax Orbeetle are banned\n|rule|Endless Battle Clause: Forcing endless battles is banned\n|rule|HP Percentage Mod: HP is shown in percentages\n|clearpoke\n|poke|p1|Armarouge, M|\n|poke|p1|Indeedee-F, F|\n|poke|p1|Torkoal, M|\n|poke|p1|Iron Hands|\n|poke|p1|Ursaluna, M|\n|poke|p1|Oranguru, F|\n|poke|p2|Grimmsnarl, M|\n|poke|p2|Arcanine-Hisui, F|\n|poke|p2|Rillaboom, F|\n|poke|p2|Volcarona, F|\n|poke|p2|Dragapult, F|\n|poke|p2|Amoonguss, F|\n|teampreview\n|\n|t:|1697415237\n|start\n|switch|p1a: Armarouge|Armarouge, M|100\/100\n|switch|p1b: Indeedee|Indeedee-F, F|100\/100\n|switch|p2a: Arcanine|Arcanine-Hisui, F|100\/100\n|switch|p2b: Grimmsnarl|Grimmsnarl, M|100\/100\n|-ability|p2a: Arcanine|Intimidate|boost\n|-unboost|p1a: Armarouge|atk|1\n|-unboost|p1b: Indeedee|atk|1\n|-fieldstart|move: Psychic Terrain|[from] ability: Psychic Surge|[of] p1b: Indeedee\n|turn|1\n|\n|t:|1697415255\n|move|p1b: Indeedee|Follow Me|p1b: Indeedee\n|-singleturn|p1b: Indeedee|move: Follow Me\n|move|p2b: Grimmsnarl|Light Screen|p2b: Grimmsnarl\n|-sidestart|p2: lonelyzombi3|move: Light Screen\n|move|p2a: Arcanine|Rock Slide|p1b: Indeedee|[spread] p1a,p1b\n|-supereffective|p1a: Armarouge\n|-damage|p1a: Armarouge|55\/100\n|-damage|p1b: Indeedee|76\/100\n|-enditem|p1a: Armarouge|Weakness Policy\n|-boost|p1a: Armarouge|atk|2|[from] item: Weakness Policy\n|-boost|p1a: Armarouge|spa|2|[from] item: Weakness Policy\n|-enditem|p1b: Indeedee|Eject Button\n|\n|t:|1697415269\n|switch|p1b: Ursaluna|Ursaluna, M|100\/100\n|move|p1a: Armarouge|Trick Room|p1a: Armarouge\n|-fieldstart|move: Trick Room|[of] p1a: Armarouge\n|\n|-status|p1b: Ursaluna|brn|[from] item: Flame Orb\n|upkeep\n|turn|2\n|j| hoiymenomimnn 4v6\n|inactive|Battle timer is ON: inactive players will automatically lose when time's up. (requested by mx555)\n|inactive|lonelyzombi3 has 120 seconds left.\n|l|\u2606mx555\n|inactive|mx555 disconnected and has a minute to reconnect!\n|player|p1|\n|inactive|lonelyzombi3 has 90 seconds left.\n|\n|t:|1697415362\n|move|p2a: Arcanine|Protect|p2a: Arcanine\n|-singleturn|p2a: Arcanine|Protect\n|move|p2b: Grimmsnarl|Reflect|p2b: Grimmsnarl\n|-sidestart|p2: lonelyzombi3|Reflect\n|move|p1b: Ursaluna|Facade|p2b: Grimmsnarl\n|-damage|p2b: Grimmsnarl|27\/100\n|move|p1a: Armarouge|Expanding Force|p2a: Arcanine|[spread] \n|-activate|p2a: Arcanine|move: Protect\n|-immune|p2b: Grimmsnarl\n|\n|-damage|p1b: Ursaluna|94\/100 brn|[from] brn\n|upkeep\n|turn|3\n|j|\u2606mx555\n|inactive|mx555 reconnected and has 150 seconds left.\n|player|p1|mx555|hilda\n|\n|t:|1697415379\n|switch|p2a: Rillaboom|Rillaboom, F|100\/100\n|-fieldstart|move: Grassy Terrain|[from] ability: Grassy Surge|[of] p2a: Rillaboom\n|move|p2b: Grimmsnarl|Parting Shot|p1b: Ursaluna\n|-unboost|p1b: Ursaluna|atk|1\n|-unboost|p1b: Ursaluna|spa|1\n|\n|t:|1697415386\n|switch|p2b: Arcanine|Arcanine-Hisui, F|100\/100|[from] Parting Shot\n|-ability|p2b: Arcanine|Intimidate|boost\n|-unboost|p1a: Armarouge|atk|1\n|-unboost|p1b: Ursaluna|atk|1\n|move|p1b: Ursaluna|Facade|p2b: Arcanine\n|-resisted|p2b: Arcanine\n|-damage|p2b: Arcanine|78\/100\n|move|p1a: Armarouge|Expanding Force|p2a: Rillaboom\n|-damage|p2a: Rillaboom|46\/100\n|\n|-heal|p1b: Ursaluna|100\/100 brn|[from] Grassy Terrain\n|-heal|p1a: Armarouge|61\/100|[from] Grassy Terrain\n|-heal|p2a: Rillaboom|52\/100|[from] Grassy Terrain\n|-heal|p2b: Arcanine|84\/100|[from] Grassy Terrain\n|-damage|p1b: Ursaluna|94\/100 brn|[from] brn\n|upkeep\n|turn|4\n|inactive|lonelyzombi3 has 120 seconds left.\n|\n|t:|1697415419\n|switch|p1b: Indeedee|Indeedee-F, F|76\/100\n|-fieldstart|move: Psychic Terrain|[from] ability: Psychic Surge|[of] p1b: Indeedee\n|switch|p2a: Amoonguss|Amoonguss, F|100\/100\n|move|p1a: Armarouge|Expanding Force|p2b: Arcanine|[spread] p2a,p2b\n|-supereffective|p2a: Amoonguss\n|-damage|p2a: Amoonguss|0 fnt\n|-damage|p2b: Arcanine|6\/100\n|-enditem|p2b: Arcanine|Mago Berry|[eat]\n|-heal|p2b: Arcanine|39\/100|[from] item: Mago Berry\n|faint|p2a: Amoonguss\n|move|p2b: Arcanine|Stealth Rock|p1a: Armarouge\n|-sidestart|p1: mx555|move: Stealth Rock\n|\n|upkeep\n|inactive|lonelyzombi3 has 120 seconds left.\n|c| hoiymenomimnn 4v6|wow imagine if u didnt proc weakness policy\n|c| hoiymenomimnn 4v6|lol\n|\n|t:|1697415447\n|switch|p2a: Rillaboom|Rillaboom, F|52\/100\n|-fieldstart|move: Grassy Terrain|[from] ability: Grassy Surge|[of] p2a: Rillaboom\n|turn|5\n|inactive|lonelyzombi3 has 120 seconds left.\n|\n|t:|1697415463\n|switch|p1b: Iron Hands|Iron Hands|100\/100\n|-damage|p1b: Iron Hands|94\/100|[from] Stealth Rock\n|move|p1a: Armarouge|Protect|p1a: Armarouge\n|-singleturn|p1a: Armarouge|Protect\n|move|p2a: Rillaboom|Fake Out|p1a: Armarouge\n|-activate|p1a: Armarouge|move: Protect\n|move|p2b: Arcanine|Rock Slide|p1b: Iron Hands|[spread] p1b\n|-activate|p1a: Armarouge|move: Protect\n|-resisted|p1b: Iron Hands\n|-damage|p1b: Iron Hands|85\/100\n|\n|-heal|p1b: Iron Hands|92\/100|[from] Grassy Terrain\n|-heal|p1a: Armarouge|67\/100|[from] Grassy Terrain\n|-heal|p2a: Rillaboom|58\/100|[from] Grassy Terrain\n|-heal|p2b: Arcanine|45\/100|[from] Grassy Terrain\n|-fieldend|move: Trick Room\n|upkeep\n|turn|6\n|\n|t:|1697415481\n|move|p1b: Iron Hands|Fake Out|p2b: Arcanine\n|-resisted|p2b: Arcanine\n|-damage|p2b: Arcanine|39\/100\n|cant|p2b: Arcanine|flinch\n|move|p2a: Rillaboom|High Horsepower|p1a: Armarouge\n|-supereffective|p1a: Armarouge\n|-damage|p1a: Armarouge|6\/100\n|move|p1a: Armarouge|Trick Room|p1a: Armarouge\n|-fieldstart|move: Trick Room|[of] p1a: Armarouge\n|\n|-heal|p1b: Iron Hands|98\/100|[from] Grassy Terrain\n|-heal|p1a: Armarouge|13\/100|[from] Grassy Terrain\n|-heal|p2a: Rillaboom|64\/100|[from] Grassy Terrain\n|-heal|p2b: Arcanine|45\/100|[from] Grassy Terrain\n|upkeep\n|turn|7\n|c| hoiymenomimnn 4v6|rip\n|\n|t:|1697415496\n|switch|p2a: Grimmsnarl|Grimmsnarl, M|27\/100\n|move|p1a: Armarouge|Protect|p1a: Armarouge\n|-singleturn|p1a: Armarouge|Protect\n|move|p2b: Arcanine|Protect|p2b: Arcanine\n|-singleturn|p2b: Arcanine|Protect\n|move|p1b: Iron Hands|Close Combat|p2a: Grimmsnarl\n|-damage|p2a: Grimmsnarl|0 fnt\n|-unboost|p1b: Iron Hands|def|1\n|-unboost|p1b: Iron Hands|spd|1\n|-enditem|p1b: Iron Hands|Eject Pack\n|faint|p2a: Grimmsnarl\n|\n|t:|1697415509\n|-end|p1b: Iron Hands|Quark Drive|[silent]\n|switch|p1b: Ursaluna|Ursaluna, M|94\/100 brn\n|-damage|p1b: Ursaluna|88\/100 brn|[from] Stealth Rock\n|\n|-heal|p1b: Ursaluna|94\/100 brn|[from] Grassy Terrain\n|-heal|p1a: Armarouge|19\/100|[from] Grassy Terrain\n|-heal|p2b: Arcanine|51\/100|[from] Grassy Terrain\n|-damage|p1b: Ursaluna|88\/100 brn|[from] brn\n|upkeep\n|c| hoiymenomimnn 4v6|why tect arma?\n|-message|lonelyzombi3 forfeited.\n|\n|win|mx555\n|raw|mx555's rating: 1598 &rarr; <strong>1622<\/strong><br \/>(+24 for winning)\n|raw|lonelyzombi3's rating: 1662 &rarr; <strong>1638<\/strong><br \/>(-24 for losing)\n|l|\u2606lonelyzombi3\n|c|\u2606mx555|gg\n|c| hoiymenomimnn 4v6|o he has espeed\n","uploadtime":1697415534,"views":28,"p1id":"mx555","p2id":"lonelyzombi3","formatid":"gen9doublesou","rating":1622,"private":0,"password":""}