{"id":"gen9doublesou-1987979810","p1":"Hanako9500","p2":"wangerang","format":"[Gen 9] Doubles OU","log":"|j|\u2606Hanako9500\n|j|\u2606wangerang\n|t:|1699655451\n|gametype|doubles\n|player|p1|Hanako9500|265|1067\n|player|p2|wangerang|170|1180\n|teamsize|p1|6\n|teamsize|p2|6\n|gen|9\n|tier|[Gen 9] Doubles OU\n|rated|\n|rule|Species Clause: Limit one of each Pok\u00e9mon\n|rule|OHKO Clause: OHKO moves are banned\n|rule|Evasion Moves Clause: Evasion moves are banned\n|rule|Gravity Sleep Clause: The combination of sleep-inducing moves with imperfect accuracy and Gravity or Gigantamax Orbeetle are banned\n|rule|Endless Battle Clause: Forcing endless battles is banned\n|rule|HP Percentage Mod: HP is shown in percentages\n|clearpoke\n|poke|p1|Toxicroak, M|\n|poke|p1|Basculegion-F, F|\n|poke|p1|Sinistcha|\n|poke|p1|Pelipper, F|\n|poke|p1|Tyranitar, M|\n|poke|p1|Rotom-Heat|\n|poke|p2|Torkoal, F|\n|poke|p2|Scovillain, M|\n|poke|p2|Sinistcha-Masterpiece|\n|poke|p2|Corviknight, M|\n|poke|p2|Grimmsnarl, M|\n|poke|p2|Dragonite, M|\n|teampreview\n|\n|t:|1699655466\n|start\n|switch|p1a: Pelipper|Pelipper, F|100\/100\n|switch|p1b: Basculegion|Basculegion-F, F|100\/100\n|switch|p2a: Torkoal|Torkoal, F|100\/100\n|switch|p2b: Scovillain|Scovillain, M|100\/100\n|-weather|RainDance|[from] ability: Drizzle|[of] p1a: Pelipper\n|-weather|SunnyDay|[from] ability: Drought|[of] p2a: Torkoal\n|turn|1\n|\n|t:|1699655484\n|move|p1b: Basculegion|Protect|p1b: Basculegion\n|-singleturn|p1b: Basculegion|Protect\n|move|p2b: Scovillain|Solar Beam||[still]\n|-prepare|p2b: Scovillain|Solar Beam\n|-anim|p2b: Scovillain|Solar Beam|p1b: Basculegion\n|-activate|p1b: Basculegion|move: Protect\n|move|p1a: Pelipper|U-turn|p2b: Scovillain\n|-damage|p2b: Scovillain|85\/100\n|\n|t:|1699655490\n|switch|p1a: Tyranitar|Tyranitar, M|100\/100|[from] U-turn\n|-ability|p1a: Tyranitar|Unnerve\n|move|p2a: Torkoal|Stealth Rock|p1a: Tyranitar\n|-sidestart|p1: Hanako9500|move: Stealth Rock\n|\n|-weather|SunnyDay|[upkeep]\n|upkeep\n|turn|2\n|\n|t:|1699655504\n|switch|p1b: Pelipper|Pelipper, F|100\/100\n|-damage|p1b: Pelipper|75\/100|[from] Stealth Rock\n|-weather|RainDance|[from] ability: Drizzle|[of] p1b: Pelipper\n|switch|p2a: Corviknight|Corviknight, M|100\/100\n|-ability|p2a: Corviknight|Pressure\n|move|p2b: Scovillain|Solar Beam||[still]\n|-prepare|p2b: Scovillain|Solar Beam\n|move|p1a: Tyranitar|Knock Off|p2b: Scovillain\n|-damage|p2b: Scovillain|2\/100\n|-enditem|p2b: Scovillain|Choice Specs|[from] move: Knock Off|[of] p1a: Tyranitar\n|\n|-weather|RainDance|[upkeep]\n|upkeep\n|turn|3\n|\n|t:|1699655519\n|switch|p2a: Torkoal|Torkoal, F|100\/100\n|-weather|SunnyDay|[from] ability: Drought|[of] p2a: Torkoal\n|move|p2b: Scovillain|Solar Beam|p1a: Tyranitar|[from]lockedmove\n|-supereffective|p1a: Tyranitar\n|-damage|p1a: Tyranitar|12\/100\n|move|p1b: Pelipper|U-turn|p2b: Scovillain\n|-damage|p2b: Scovillain|0 fnt\n|faint|p2b: Scovillain\n|\n|t:|1699655532\n|switch|p1b: Sinistcha|Sinistcha|100\/100|[from] U-turn\n|-damage|p1b: Sinistcha|88\/100|[from] Stealth Rock\n|-heal|p1a: Tyranitar|37\/100|[from] ability: Hospitality|[of] p1b: Sinistcha\n|move|p1a: Tyranitar|Rock Slide|p2a: Torkoal\n|-supereffective|p2a: Torkoal\n|-damage|p2a: Torkoal|46\/100\n|\n|-weather|SunnyDay|[upkeep]\n|-heal|p1b: Sinistcha|94\/100|[from] item: Leftovers\n|-heal|p1a: Tyranitar|43\/100|[from] item: Leftovers\n|upkeep\n|inactive|Battle timer is ON: inactive players will automatically lose when time's up. (requested by Hanako9500)\n|\n|t:|1699655544\n|switch|p2b: Sinistcha|Sinistcha-Masterpiece|100\/100\n|-heal|p2a: Torkoal|71\/100|[from] ability: Hospitality|[of] p2b: Sinistcha\n|turn|4\n|\n|t:|1699655569\n|switch|p2a: Corviknight|Corviknight, M|100\/100\n|-ability|p2a: Corviknight|Pressure\n|move|p1b: Sinistcha|Rage Powder|p1b: Sinistcha\n|-singleturn|p1b: Sinistcha|move: Rage Powder\n|move|p2b: Sinistcha|Matcha Gotcha|p1a: Tyranitar|[spread] p1a,p1b\n|-supereffective|p1a: Tyranitar\n|-crit|p1a: Tyranitar\n|-resisted|p1b: Sinistcha\n|-damage|p1a: Tyranitar|0 fnt\n|-damage|p1b: Sinistcha|80\/100\n|-status|p1b: Sinistcha|brn\n|faint|p1a: Tyranitar\n|\n|-weather|SunnyDay|[upkeep]\n|-heal|p1b: Sinistcha|86\/100 brn|[from] item: Leftovers\n|-damage|p1b: Sinistcha|80\/100 brn|[from] brn\n|upkeep\n|\n|t:|1699655577\n|switch|p1a: Pelipper|Pelipper, F|75\/100\n|-damage|p1a: Pelipper|50\/100|[from] Stealth Rock\n|-weather|RainDance|[from] ability: Drizzle|[of] p1a: Pelipper\n|turn|5\n|\n|t:|1699655602\n|switch|p2a: Torkoal|Torkoal, F|71\/100\n|-weather|SunnyDay|[from] ability: Drought|[of] p2a: Torkoal\n|move|p1b: Sinistcha|Protect|p1b: Sinistcha\n|-singleturn|p1b: Sinistcha|Protect\n|move|p2b: Sinistcha|Shadow Ball|p1b: Sinistcha\n|-activate|p1b: Sinistcha|move: Protect\n|move|p1a: Pelipper|U-turn|p2b: Sinistcha\n|-damage|p2b: Sinistcha|92\/100\n|\n|t:|1699655614\n|switch|p1a: Rotom|Rotom-Heat|100\/100|[from] U-turn\n|-damage|p1a: Rotom|76\/100|[from] Stealth Rock\n|\n|-weather|SunnyDay|[upkeep]\n|-heal|p1b: Sinistcha|86\/100 brn|[from] item: Leftovers\n|-damage|p1b: Sinistcha|80\/100 brn|[from] brn\n|upkeep\n|turn|6\n|\n|t:|1699655638\n|switch|p1b: Toxicroak|Toxicroak, M|100\/100\n|-damage|p1b: Toxicroak|94\/100|[from] Stealth Rock\n|move|p1a: Rotom|Nasty Plot|p1a: Rotom\n|-boost|p1a: Rotom|spa|2\n|move|p2b: Sinistcha|Shadow Ball|p1b: Toxicroak\n|-damage|p1b: Toxicroak|28\/100\n|move|p2a: Torkoal|Sludge Bomb|p1a: Rotom\n|-damage|p1a: Rotom|50\/100\n|\n|-weather|SunnyDay|[upkeep]\n|-damage|p1b: Toxicroak|15\/100|[from] ability: Dry Skin|[of] p1b: Toxicroak\n|upkeep\n|turn|7\n|\n|t:|1699655667\n|move|p1b: Toxicroak|Drain Punch|p2a: Torkoal\n|-damage|p2a: Torkoal|33\/100\n|-heal|p1b: Toxicroak|37\/100|[from] drain|[of] p2a: Torkoal\n|-damage|p1b: Toxicroak|27\/100|[from] item: Life Orb\n|move|p1a: Rotom|Overheat|p2b: Sinistcha\n|-supereffective|p2b: Sinistcha\n|-damage|p2b: Sinistcha|0 fnt\n|-unboost|p1a: Rotom|spa|2\n|faint|p2b: Sinistcha\n|move|p2a: Torkoal|Sludge Bomb|p1a: Rotom\n|-damage|p1a: Rotom|24\/100\n|\n|-weather|SunnyDay|[upkeep]\n|-damage|p1b: Toxicroak|14\/100|[from] ability: Dry Skin|[of] p1b: Toxicroak\n|upkeep\n|inactive|wangerang has 120 seconds left.\n|\n|t:|1699655686\n|switch|p2b: Grimmsnarl|Grimmsnarl, M|100\/100\n|turn|8\n|\n|t:|1699655707\n|switch|p1a: Sinistcha|Sinistcha|80\/100 brn\n|-damage|p1a: Sinistcha|68\/100 brn|[from] Stealth Rock\n|-heal|p1b: Toxicroak|39\/100|[from] ability: Hospitality|[of] p1a: Sinistcha\n|-terastallize|p1b: Toxicroak|Ground\n|move|p1b: Toxicroak|Drain Punch|p2a: Torkoal\n|-damage|p2a: Torkoal|0 fnt\n|-heal|p1b: Toxicroak|58\/100|[from] drain|[of] p2a: Torkoal\n|faint|p2a: Torkoal\n|-damage|p1b: Toxicroak|48\/100|[from] item: Life Orb\n|move|p2b: Grimmsnarl|Spirit Break|p1b: Toxicroak\n|-damage|p1b: Toxicroak|2\/100\n|-unboost|p1b: Toxicroak|spa|1\n|\n|-weather|SunnyDay|[upkeep]\n|-damage|p1b: Toxicroak|0 fnt|[from] ability: Dry Skin|[of] p1b: Toxicroak\n|faint|p1b: Toxicroak\n|-heal|p1a: Sinistcha|74\/100 brn|[from] item: Leftovers\n|-damage|p1a: Sinistcha|68\/100 brn|[from] brn\n|upkeep\n|\n|t:|1699655732\n|switch|p1b: Pelipper|Pelipper, F|50\/100\n|switch|p2a: Dragonite|Dragonite, M|100\/100\n|-damage|p1b: Pelipper|25\/100|[from] Stealth Rock\n|-weather|RainDance|[from] ability: Drizzle|[of] p1b: Pelipper\n|turn|9\n|\n|t:|1699655750\n|move|p1a: Sinistcha|Protect|p1a: Sinistcha\n|-singleturn|p1a: Sinistcha|Protect\n|move|p2b: Grimmsnarl|Parting Shot|p1b: Pelipper\n|-unboost|p1b: Pelipper|atk|1\n|-unboost|p1b: Pelipper|spa|1\n|\n|t:|1699655755\n|switch|p2b: Corviknight|Corviknight, M|100\/100|[from] Parting Shot\n|-ability|p2b: Corviknight|Pressure\n|move|p2a: Dragonite|Ice Spinner|p1a: Sinistcha\n|-activate|p1a: Sinistcha|move: Protect\n|move|p1b: Pelipper|U-turn|p2a: Dragonite\n|-resisted|p2a: Dragonite\n|-damage|p2a: Dragonite|99\/100\n|\n|t:|1699655764\n|switch|p1b: Basculegion|Basculegion-F, F|100\/100|[from] U-turn\n|-damage|p1b: Basculegion|88\/100|[from] Stealth Rock\n|\n|-weather|RainDance|[upkeep]\n|-heal|p1a: Sinistcha|74\/100 brn|[from] item: Leftovers\n|-damage|p1a: Sinistcha|68\/100 brn|[from] brn\n|upkeep\n|turn|10\n|\n|t:|1699655793\n|move|p1b: Basculegion|Ice Beam|p2a: Dragonite\n|-supereffective|p2a: Dragonite\n|-damage|p2a: Dragonite|0 fnt\n|faint|p2a: Dragonite\n|move|p1a: Sinistcha|Matcha Gotcha|p2b: Corviknight\n|-resisted|p2b: Corviknight\n|-damage|p2b: Corviknight|92\/100\n|-heal|p1a: Sinistcha|73\/100 brn|[from] drain|[of] p2b: Corviknight\n|move|p2b: Corviknight|Brave Bird|p1b: Basculegion\n|-damage|p1b: Basculegion|42\/100\n|-damage|p2b: Corviknight|78\/100|[from] Recoil\n|\n|-weather|RainDance|[upkeep]\n|-heal|p1a: Sinistcha|79\/100 brn|[from] item: Leftovers\n|-heal|p2b: Corviknight|84\/100|[from] item: Leftovers\n|-damage|p1a: Sinistcha|73\/100 brn|[from] brn\n|upkeep\n|inactive|wangerang has 120 seconds left.\n|\n|t:|1699655805\n|switch|p2a: Grimmsnarl|Grimmsnarl, M|100\/100\n|turn|11\n|\n|t:|1699655815\n|move|p1a: Sinistcha|Protect|p1a: Sinistcha\n|-singleturn|p1a: Sinistcha|Protect\n|move|p2a: Grimmsnarl|Parting Shot|p1b: Basculegion\n|-unboost|p1b: Basculegion|atk|1\n|-unboost|p1b: Basculegion|spa|1\n|move|p1b: Basculegion|Surf|p2a: Grimmsnarl|[spread] p2a,p2b\n|-activate|p1a: Sinistcha|move: Protect\n|-damage|p2a: Grimmsnarl|78\/100\n|-damage|p2b: Corviknight|51\/100\n|move|p2b: Corviknight|Brave Bird|p1b: Basculegion\n|-damage|p1b: Basculegion|0 fnt\n|faint|p1b: Basculegion\n|-damage|p2b: Corviknight|38\/100|[from] Recoil\n|\n|-weather|RainDance|[upkeep]\n|-heal|p1a: Sinistcha|79\/100 brn|[from] item: Leftovers\n|-heal|p2b: Corviknight|44\/100|[from] item: Leftovers\n|-damage|p1a: Sinistcha|73\/100 brn|[from] brn\n|upkeep\n|\n|t:|1699655826\n|switch|p1b: Rotom|Rotom-Heat|24\/100\n|-damage|p1b: Rotom|0 fnt|[from] Stealth Rock\n|faint|p1b: Rotom\n|\n|t:|1699655830\n|switch|p1b: Pelipper|Pelipper, F|25\/100\n|-damage|p1b: Pelipper|0 fnt|[from] Stealth Rock\n|faint|p1b: Pelipper\n|turn|12\n|-message|Hanako9500 forfeited.\n|\n|win|wangerang\n|raw|Hanako9500's rating: 1067 &rarr; <strong>1053<\/strong><br \/>(-14 for losing)\n|raw|wangerang's rating: 1180 &rarr; <strong>1197<\/strong><br \/>(+17 for winning)\n|l|\u2606Hanako9500\n","uploadtime":1699655859,"views":15,"p1id":"hanako9500","p2id":"wangerang","formatid":"gen9doublesou","rating":1053,"private":0,"password":""}