{"id":"gen9doublesou-1982377082","p1":"crackerjacker989","p2":"sleepcooling","format":"[Gen 9] Doubles OU","log":"|j|\u2606crackerjacker989\n|j|\u2606sleepcooling\n|t:|1699006591\n|gametype|doubles\n|player|p1|crackerjacker989|ghetsis|1078\n|player|p2|sleepcooling|gloria|1206\n|teamsize|p1|6\n|teamsize|p2|6\n|gen|9\n|tier|[Gen 9] Doubles OU\n|rated|\n|rule|Species Clause: Limit one of each Pok\u00e9mon\n|rule|OHKO Clause: OHKO moves are banned\n|rule|Evasion Moves Clause: Evasion moves are banned\n|rule|Gravity Sleep Clause: The combination of sleep-inducing moves with imperfect accuracy and Gravity or Gigantamax Orbeetle are banned\n|rule|Endless Battle Clause: Forcing endless battles is banned\n|rule|HP Percentage Mod: HP is shown in percentages\n|clearpoke\n|poke|p1|Jirachi|\n|poke|p1|Manaphy|\n|poke|p1|Gardevoir, F|\n|poke|p1|Clefairy, F|\n|poke|p1|Cyclizar, F|\n|poke|p1|Garchomp, M|\n|poke|p2|Flutter Mane|\n|poke|p2|Ogerpon-Wellspring, F|\n|poke|p2|Pelipper, M|\n|poke|p2|Ludicolo, F|\n|poke|p2|Volcanion|\n|poke|p2|Amoonguss, M|\n|teampreview\n|inactive|Battle timer is ON: inactive players will automatically lose when time's up. (requested by crackerjacker989)\n|c|\u2606crackerjacker989|ok\n|\n|t:|1699006607\n|start\n|switch|p1a: Bike|Cyclizar, F|100\/100\n|switch|p1b: Moon|Clefairy, F|100\/100\n|switch|p2a: Pelipper|Pelipper, M|100\/100\n|switch|p2b: Ludicolo|Ludicolo, F|100\/100\n|-weather|RainDance|[from] ability: Drizzle|[of] p2a: Pelipper\n|turn|1\n|c|\u2606crackerjacker989|lets get battling\n|c|\u2606crackerjacker989|swift swim ludicolo plus drizzle pelper nice\n|inactive|crackerjacker989 has 120 seconds left.\n|\n|t:|1699006643\n|move|p1b: Moon|Protect|p1b: Moon\n|-singleturn|p1b: Moon|Protect\n|move|p2b: Ludicolo|Fake Out|p1a: Bike\n|-damage|p1a: Bike|96\/100\n|cant|p1a: Bike|flinch\n|move|p2a: Pelipper|U-turn|p2b: Ludicolo\n|-supereffective|p2b: Ludicolo\n|-damage|p2b: Ludicolo|74\/100\n|-enditem|p2b: Ludicolo|Weakness Policy\n|-boost|p2b: Ludicolo|atk|2|[from] item: Weakness Policy\n|-boost|p2b: Ludicolo|spa|2|[from] item: Weakness Policy\n|\n|t:|1699006659\n|switch|p2a: Ogerpon|Ogerpon-Wellspring, F|100\/100|[from] U-turn\n|\n|-weather|RainDance|[upkeep]\n|-heal|p1a: Bike|100\/100|[from] item: Leftovers\n|upkeep\n|turn|2\n|c|\u2606crackerjacker989|omg thats  a strat\n|\n|t:|1699006671\n|move|p2b: Ludicolo|Surf|p1a: Bike|[spread] p1a,p1b\n|-immune|p2a: Ogerpon|[from] ability: Water Absorb\n|-resisted|p1a: Bike\n|-damage|p1a: Bike|50\/100\n|-damage|p1b: Moon|29\/100\n|move|p2a: Ogerpon|Ivy Cudgel|p1a: Bike\n|-resisted|p1a: Bike\n|-damage|p1a: Bike|12\/100\n|move|p1a: Bike|Shed Tail|p1a: Bike\n|-fail|p1a: Bike|move: Shed Tail|[weak]\n|move|p1b: Moon|Encore|p2b: Ludicolo\n|-start|p2b: Ludicolo|Encore\n|\n|-weather|RainDance|[upkeep]\n|-heal|p1a: Bike|19\/100|[from] item: Leftovers\n|upkeep\n|turn|3\n|c|\u2606crackerjacker989|gg, my whole strat ded\n|\n|t:|1699006694\n|move|p2b: Ludicolo|Surf|p1b: Moon|[spread] p1a,p1b\n|-immune|p2a: Ogerpon|[from] ability: Water Absorb\n|-resisted|p1a: Bike\n|-damage|p1a: Bike|0 fnt\n|-damage|p1b: Moon|0 fnt\n|faint|p1a: Bike\n|faint|p1b: Moon\n|move|p2a: Ogerpon|Ivy Cudgel|p1: Bike|[notarget]\n|-fail|p2a: Ogerpon\n|\n|-weather|RainDance|[upkeep]\n|upkeep\n|\n|t:|1699006709\n|switch|p1a: Glow|Manaphy|100\/100\n|switch|p1b: Shark|Garchomp, M|100\/100\n|turn|4\n|\n|t:|1699006718\n|move|p2a: Ogerpon|Follow Me|p2a: Ogerpon\n|-singleturn|p2a: Ogerpon|move: Follow Me\n|move|p2b: Ludicolo|Surf|p1b: Shark|[spread] p1a,p1b\n|-immune|p2a: Ogerpon|[from] ability: Water Absorb\n|-resisted|p1a: Glow\n|-damage|p1a: Glow|66\/100\n|-damage|p1b: Shark|0 fnt\n|faint|p1b: Shark\n|move|p1a: Glow|Tail Glow|p1a: Glow\n|-boost|p1a: Glow|spa|3\n|\n|-weather|RainDance|[upkeep]\n|-heal|p1a: Glow|72\/100|[from] item: Leftovers\n|upkeep\n|\n|t:|1699006731\n|switch|p1b: Cosmic|Jirachi|100\/100\n|turn|5\n|\n|t:|1699006738\n|move|p2b: Ludicolo|Surf|p1b: Cosmic|[spread] p1a,p1b\n|-immune|p2a: Ogerpon|[from] ability: Water Absorb\n|-resisted|p1a: Glow\n|-damage|p1a: Glow|36\/100\n|-damage|p1b: Cosmic|8\/100\n|move|p2a: Ogerpon|Wood Hammer|p1a: Glow\n|-supereffective|p1a: Glow\n|-damage|p1a: Glow|0 fnt\n|faint|p1a: Glow\n|-damage|p2a: Ogerpon|86\/100|[from] Recoil\n|move|p1b: Cosmic|Cosmic Power|p1b: Cosmic\n|-boost|p1b: Cosmic|def|1\n|-boost|p1b: Cosmic|spd|1\n|\n|-weather|RainDance|[upkeep]\n|-heal|p1b: Cosmic|15\/100|[from] item: Leftovers\n|-end|p2b: Ludicolo|Encore\n|upkeep\n|c|\u2606crackerjacker989|dammit, i lose\n|\n|t:|1699006755\n|switch|p1a: Special|Gardevoir, F|100\/100\n|turn|6\n|c|\u2606sleepcooling|gg\n|\n|t:|1699006769\n|-terastallize|p2b: Ludicolo|Water\n|move|p2b: Ludicolo|Surf|p1a: Special|[spread] p1a,p1b\n|-heal|p2a: Ogerpon|100\/100|[from] ability: Water Absorb|[of] p2b: Ludicolo\n|-damage|p1a: Special|0 fnt\n|-damage|p1b: Cosmic|0 fnt\n|faint|p1a: Special\n|faint|p1b: Cosmic\n|\n|win|sleepcooling\n|raw|crackerjacker989's rating: 1078 &rarr; <strong>1064<\/strong><br \/>(-14 for losing)\n|raw|sleepcooling's rating: 1206 &rarr; <strong>1222<\/strong><br \/>(+16 for winning)\n|c|\u2606crackerjacker989|gg\n|c|\u2606crackerjacker989|i got trashed\n|l|\u2606crackerjacker989\n|c|\u2606sleepcooling|glhf\n|c|\u2606sleepcooling|my whole sre\n","uploadtime":1699007045,"views":24,"p1id":"crackerjacker989","p2id":"sleepcooling","formatid":"gen9doublesou","rating":1064,"private":0,"password":""}