{"id":"gen9doublesou-1975345534","p1":"SXD2002","p2":"afjo","format":"[Gen 9] Doubles OU","log":"|j|\u2606SXD2002\n|j|\u2606afjo\n|t:|1698181802\n|gametype|doubles\n|player|p1|SXD2002|silver-masters|1056\n|player|p2|afjo|169|1020\n|teamsize|p1|6\n|teamsize|p2|6\n|gen|9\n|tier|[Gen 9] Doubles OU\n|rated|\n|rule|Species Clause: Limit one of each Pok\u00e9mon\n|rule|OHKO Clause: OHKO moves are banned\n|rule|Evasion Moves Clause: Evasion moves are banned\n|rule|Gravity Sleep Clause: The combination of sleep-inducing moves with imperfect accuracy and Gravity or Gigantamax Orbeetle are banned\n|rule|Endless Battle Clause: Forcing endless battles is banned\n|rule|HP Percentage Mod: HP is shown in percentages\n|clearpoke\n|poke|p1|Lurantis, F|\n|poke|p1|Murkrow, F|\n|poke|p1|Grimmsnarl, M|\n|poke|p1|Clefairy, F|\n|poke|p1|Talonflame, F|\n|poke|p1|Espeon, M|\n|poke|p2|Torterra, F|\n|poke|p2|Amoonguss, M|\n|poke|p2|Gholdengo|\n|poke|p2|Iron Valiant|\n|poke|p2|Glimmora, F|\n|poke|p2|Basculegion-F, F|\n|teampreview\n|inactive|Battle timer is ON: inactive players will automatically lose when time's up. (requested by SXD2002)\n|\n|t:|1698181828\n|start\n|switch|p1a: Murkrow|Murkrow, F|100\/100\n|switch|p1b: Lurantis|Lurantis, F|100\/100\n|switch|p2a: Gholdengo|Gholdengo|100\/100\n|switch|p2b: Amoonguss|Amoonguss, M|100\/100\n|turn|1\n|inactive|afjo has 120 seconds left.\n|\n|t:|1698181859\n|move|p1b: Lurantis|Protect|p1b: Lurantis\n|-singleturn|p1b: Lurantis|Protect\n|move|p2b: Amoonguss|Rage Powder|p2b: Amoonguss\n|-singleturn|p2b: Amoonguss|move: Rage Powder\n|move|p2a: Gholdengo|Nasty Plot|p2a: Gholdengo\n|-boost|p2a: Gholdengo|spa|2\n|move|p1a: Murkrow|Snarl|p2b: Amoonguss|[spread] p2a,p2b\n|-supereffective|p2a: Gholdengo\n|-damage|p2a: Gholdengo|70\/100\n|-damage|p2b: Amoonguss|93\/100\n|-unboost|p2a: Gholdengo|spa|1\n|-unboost|p2b: Amoonguss|spa|1\n|\n|upkeep\n|turn|2\n|\n|t:|1698181882\n|-terastallize|p1b: Lurantis|Steel\n|move|p2a: Gholdengo|Dazzling Gleam|p1a: Murkrow|[spread] p1a,p1b\n|-supereffective|p1a: Murkrow\n|-resisted|p1b: Lurantis\n|-damage|p1a: Murkrow|35\/100\n|-damage|p1b: Lurantis|88\/100\n|move|p1a: Murkrow|Snarl|p2b: Amoonguss|[spread] p2a,p2b\n|-supereffective|p2a: Gholdengo\n|-damage|p2a: Gholdengo|39\/100\n|-damage|p2b: Amoonguss|85\/100\n|-unboost|p2a: Gholdengo|spa|1\n|-unboost|p2b: Amoonguss|spa|1\n|move|p1b: Lurantis|Leaf Storm|p2a: Gholdengo\n|-resisted|p2a: Gholdengo\n|-damage|p2a: Gholdengo|16\/100\n|-boost|p1b: Lurantis|spa|2\n|move|p2b: Amoonguss|Pollen Puff|p2a: Gholdengo\n|-heal|p2a: Gholdengo|66\/100\n|\n|-heal|p1b: Lurantis|94\/100|[from] item: Leftovers\n|upkeep\n|turn|3\n|inactive|afjo has 120 seconds left.\n|\n|t:|1698181940\n|switch|p2a: Torterra|Torterra, F|100\/100\n|move|p2b: Amoonguss|Rage Powder|p2b: Amoonguss\n|-singleturn|p2b: Amoonguss|move: Rage Powder\n|move|p1a: Murkrow|Snarl|p2b: Amoonguss|[spread] p2a,p2b\n|-damage|p2a: Torterra|87\/100\n|-damage|p2b: Amoonguss|77\/100\n|-unboost|p2a: Torterra|spa|1\n|-unboost|p2b: Amoonguss|spa|1\n|move|p1b: Lurantis|Leaf Storm|p2b: Amoonguss\n|-resisted|p2b: Amoonguss\n|-damage|p2b: Amoonguss|64\/100\n|-boost|p1b: Lurantis|spa|2\n|\n|-heal|p1b: Lurantis|99\/100|[from] item: Leftovers\n|upkeep\n|turn|4\n|inactive|afjo has 90 seconds left.\n|\n|t:|1698181974\n|move|p1a: Murkrow|Screech|p1b: Lurantis\n|-boost|p1b: Lurantis|def|2\n|move|p2a: Torterra|Rock Slide|p1b: Lurantis|[spread] p1a,p1b\n|-supereffective|p1a: Murkrow\n|-resisted|p1b: Lurantis\n|-damage|p1a: Murkrow|0 fnt\n|-damage|p1b: Lurantis|95\/100\n|faint|p1a: Murkrow\n|move|p1b: Lurantis|Superpower|p2a: Torterra\n|-damage|p2a: Torterra|63\/100\n|-boost|p1b: Lurantis|atk|1\n|-boost|p1b: Lurantis|def|1\n|move|p2b: Amoonguss|Spore|p1b: Lurantis\n|-status|p1b: Lurantis|slp|[from] move: Spore\n|\n|-heal|p1b: Lurantis|100\/100 slp|[from] item: Leftovers\n|upkeep\n|inactive|SXD2002 has 120 seconds left.\n|\n|t:|1698181992\n|switch|p1a: Talonflame|Talonflame, F|100\/100\n|turn|5\n|\n|t:|1698182002\n|switch|p2b: Basculegion|Basculegion-F, F|100\/100\n|move|p1a: Talonflame|Defog|p1b: Lurantis\n|-boost|p1b: Lurantis|evasion|1\n|move|p2a: Torterra|Rock Slide|p1b: Lurantis|[spread] p1a\n|-miss|p2a: Torterra|p1b: Lurantis\n|-supereffective|p1a: Talonflame\n|-damage|p1a: Talonflame|0 fnt\n|faint|p1a: Talonflame\n|cant|p1b: Lurantis|slp\n|\n|upkeep\n|\n|t:|1698182012\n|switch|p1a: Grimmsnarl|Grimmsnarl, M|100\/100\n|turn|6\n|inactive|afjo has 120 seconds left.\n|\n|t:|1698182064\n|-terastallize|p2b: Basculegion|Water\n|move|p1a: Grimmsnarl|Scary Face|p1b: Lurantis\n|-boost|p1b: Lurantis|spe|2\n|-curestatus|p1b: Lurantis|slp|[msg]\n|move|p1b: Lurantis|Leaf Storm|p2b: Basculegion\n|-supereffective|p2b: Basculegion\n|-damage|p2b: Basculegion|0 fnt\n|-boost|p1b: Lurantis|spa|2\n|faint|p2b: Basculegion\n|move|p2a: Torterra|Shell Smash|p2a: Torterra\n|-unboost|p2a: Torterra|def|1\n|-unboost|p2a: Torterra|spd|1\n|-boost|p2a: Torterra|atk|2\n|-boost|p2a: Torterra|spa|2\n|-boost|p2a: Torterra|spe|2\n|\n|upkeep\n|inactive|afjo has 90 seconds left.\n|\n|t:|1698182080\n|switch|p2b: Amoonguss|Amoonguss, M|97\/100\n|turn|7\n|\n|t:|1698182095\n|move|p1b: Lurantis|Protect|p1b: Lurantis\n|-singleturn|p1b: Lurantis|Protect\n|move|p2a: Torterra|Earthquake|p1b: Lurantis|[spread] p2b,p1a\n|-activate|p1b: Lurantis|move: Protect\n|-damage|p2b: Amoonguss|19\/100\n|-damage|p1a: Grimmsnarl|15\/100\n|move|p1a: Grimmsnarl|Dazzling Gleam|p2a: Torterra|[spread] p2a,p2b\n|-resisted|p2b: Amoonguss\n|-damage|p2a: Torterra|32\/100\n|-damage|p2b: Amoonguss|12\/100\n|move|p2b: Amoonguss|Pollen Puff|p1a: Grimmsnarl\n|-damage|p1a: Grimmsnarl|1\/100\n|\n|-heal|p1a: Grimmsnarl|7\/100|[from] item: Leftovers\n|upkeep\n|turn|8\n|\n|t:|1698182117\n|move|p2b: Amoonguss|Rage Powder|p2b: Amoonguss\n|-singleturn|p2b: Amoonguss|move: Rage Powder\n|move|p1a: Grimmsnarl|Scary Face|p2b: Amoonguss\n|-unboost|p2b: Amoonguss|spe|2\n|move|p2a: Torterra|Earthquake|p1b: Lurantis|[spread] p2b,p1a,p1b\n|-supereffective|p1b: Lurantis\n|-damage|p2b: Amoonguss|0 fnt\n|-damage|p1a: Grimmsnarl|0 fnt\n|-damage|p1b: Lurantis|27\/100\n|faint|p2b: Amoonguss\n|faint|p1a: Grimmsnarl\n|move|p1b: Lurantis|Superpower|p2a: Torterra\n|-damage|p2a: Torterra|0 fnt\n|-boost|p1b: Lurantis|atk|1\n|-boost|p1b: Lurantis|def|1\n|faint|p2a: Torterra\n|\n|-heal|p1b: Lurantis|33\/100|[from] item: Leftovers\n|upkeep\n|inactive|afjo has 120 seconds left.\n|\n|t:|1698182140\n|switch|p1a: Clefairy|Clefairy, F|100\/100\n|switch|p2a: Iron Valiant|Iron Valiant|100\/100\n|switch|p2b: Gholdengo|Gholdengo|66\/100\n|-enditem|p2a: Iron Valiant|Booster Energy\n|-activate|p2a: Iron Valiant|ability: Quark Drive|[fromitem]\n|-start|p2a: Iron Valiant|quarkdriveatk\n|turn|9\n|inactive|afjo has 120 seconds left.\n|\n|t:|1698182157\n|move|p1b: Lurantis|Protect|p1b: Lurantis\n|-singleturn|p1b: Lurantis|Protect\n|move|p2a: Iron Valiant|Close Combat|p1b: Lurantis\n|-activate|p1b: Lurantis|move: Protect\n|move|p2b: Gholdengo|Nasty Plot|p2b: Gholdengo\n|-boost|p2b: Gholdengo|spa|2\n|move|p1a: Clefairy|Life Dew||[still]|[spread] p1a,p1b\n|-fail|p1a: Clefairy|heal\n|-heal|p1b: Lurantis|58\/100\n|\n|-heal|p1b: Lurantis|64\/100|[from] item: Leftovers\n|upkeep\n|turn|10\n|\n|t:|1698182175\n|move|p1a: Clefairy|Follow Me|p1a: Clefairy\n|-singleturn|p1a: Clefairy|move: Follow Me\n|move|p2a: Iron Valiant|Close Combat|p1a: Clefairy\n|-resisted|p1a: Clefairy\n|-damage|p1a: Clefairy|45\/100\n|-unboost|p2a: Iron Valiant|def|1\n|-unboost|p2a: Iron Valiant|spd|1\n|move|p2b: Gholdengo|Shadow Ball|p1a: Clefairy\n|-damage|p1a: Clefairy|0 fnt\n|faint|p1a: Clefairy\n|move|p1b: Lurantis|Leaf Storm|p2b: Gholdengo\n|-resisted|p2b: Gholdengo\n|-damage|p2b: Gholdengo|0 fnt\n|faint|p2b: Gholdengo\n|\n|-heal|p1b: Lurantis|70\/100|[from] item: Leftovers\n|upkeep\n|inactive|SXD2002 has 120 seconds left.\n|inactive|SXD2002 has 90 seconds left.\n|\n|t:|1698182243\n|switch|p2b: Glimmora|Glimmora, F|100\/100\n|switch|p1a: Espeon|Espeon, M|100\/100\n|turn|11\n|\n|t:|1698182270\n|move|p1b: Lurantis|Protect|p1b: Lurantis\n|-singleturn|p1b: Lurantis|Protect\n|move|p1a: Espeon|Psych Up|p1b: Lurantis\n|-copyboost|p1a: Espeon|p1b: Lurantis|[from] move: Psych Up\n|move|p2a: Iron Valiant|Close Combat|p1b: Lurantis\n|-activate|p1b: Lurantis|move: Protect\n|move|p2b: Glimmora|Earth Power|p1a: Espeon|[miss]\n|-miss|p2b: Glimmora|p1a: Espeon\n|\n|-heal|p1b: Lurantis|77\/100|[from] item: Leftovers\n|upkeep\n|turn|12\n|inactive|SXD2002 has 120 seconds left.\n|-message|afjo forfeited.\n|\n|win|SXD2002\n|raw|SXD2002's rating: 1056 &rarr; <strong>1084<\/strong><br \/>(+28 for winning)\n|raw|afjo's rating: 1020 &rarr; <strong>1008<\/strong><br \/>(-12 for losing)\n|l|\u2606afjo\n","uploadtime":1698182285,"views":14,"p1id":"sxd2002","p2id":"afjo","formatid":"gen9doublesou","rating":1008,"private":0,"password":""}