{"id":"gen9doublesou-1970770067","p1":"nobodyhatesthis","p2":"atemoiae","format":"[Gen 9] Doubles OU","log":"|j|\u2606nobodyhatesthis\n|j|\u2606atemoiae\n|t:|1697665473\n|gametype|doubles\n|player|p1|nobodyhatesthis|102|1077\n|player|p2|atemoiae|psychic|1084\n|teamsize|p1|6\n|teamsize|p2|6\n|gen|9\n|tier|[Gen 9] Doubles OU\n|rated|\n|rule|Species Clause: Limit one of each Pok\u00e9mon\n|rule|OHKO Clause: OHKO moves are banned\n|rule|Evasion Moves Clause: Evasion moves are banned\n|rule|Gravity Sleep Clause: The combination of sleep-inducing moves with imperfect accuracy and Gravity or Gigantamax Orbeetle are banned\n|rule|Endless Battle Clause: Forcing endless battles is banned\n|rule|HP Percentage Mod: HP is shown in percentages\n|clearpoke\n|poke|p1|Ogerpon-Cornerstone, F|\n|poke|p1|Clefable, M|\n|poke|p1|Farigiraf, M|\n|poke|p1|Tornadus, M|\n|poke|p1|Sinistcha|\n|poke|p1|Flutter Mane|\n|poke|p2|Meloetta|\n|poke|p2|Oricorio, M|\n|poke|p2|Kommo-o, M|\n|poke|p2|Arboliva, F|\n|poke|p2|Torkoal, F|\n|poke|p2|Walking Wake|\n|teampreview\n|inactive|Battle timer is ON: inactive players will automatically lose when time's up. (requested by atemoiae)\n|\n|t:|1697665486\n|start\n|switch|p1a: Ogerpon|Ogerpon-Cornerstone, F|100\/100\n|switch|p1b: Clefable|Clefable, M|100\/100\n|switch|p2a: Gulf Money|Kommo-o, M|100\/100\n|switch|p2b: alzeitun|Arboliva, F|100\/100\n|turn|1\n|\n|t:|1697665511\n|-terastallize|p2a: Gulf Money|Steel\n|move|p1b: Clefable|Follow Me|p1b: Clefable\n|-singleturn|p1b: Clefable|move: Follow Me\n|move|p1a: Ogerpon|Focus Energy|p1a: Ogerpon\n|-start|p1a: Ogerpon|move: Focus Energy\n|move|p2a: Gulf Money|Clangorous Soul|p2a: Gulf Money\n|-boost|p2a: Gulf Money|atk|1\n|-boost|p2a: Gulf Money|def|1\n|-boost|p2a: Gulf Money|spa|1\n|-boost|p2a: Gulf Money|spd|1\n|-boost|p2a: Gulf Money|spe|1\n|-damage|p2a: Gulf Money|68\/100\n|move|p2b: alzeitun|Strength Sap|p1b: Clefable\n|-unboost|p1b: Clefable|atk|1\n|\n|upkeep\n|turn|2\n|inactive|nobodyhatesthis has 120 seconds left.\n|\n|t:|1697665558\n|move|p1b: Clefable|Follow Me|p1b: Clefable\n|-singleturn|p1b: Clefable|move: Follow Me\n|move|p1a: Ogerpon|Swords Dance|p1a: Ogerpon\n|-boost|p1a: Ogerpon|atk|2\n|move|p2a: Gulf Money|Clangorous Soul|p2a: Gulf Money\n|-boost|p2a: Gulf Money|atk|1\n|-boost|p2a: Gulf Money|def|1\n|-boost|p2a: Gulf Money|spa|1\n|-boost|p2a: Gulf Money|spd|1\n|-boost|p2a: Gulf Money|spe|1\n|-damage|p2a: Gulf Money|35\/100\n|-enditem|p2a: Gulf Money|Sitrus Berry|[eat]\n|-heal|p2a: Gulf Money|60\/100|[from] item: Sitrus Berry\n|move|p2b: alzeitun|Pollen Puff|p1b: Clefable\n|-resisted|p1b: Clefable\n|-damage|p1b: Clefable|90\/100\n|\n|upkeep\n|turn|3\n|inactive|nobodyhatesthis has 120 seconds left.\n|\n|t:|1697665587\n|move|p1b: Clefable|Follow Me|p1b: Clefable\n|-singleturn|p1b: Clefable|move: Follow Me\n|move|p2a: Gulf Money|Earthquake|p1b: Clefable|[spread] p2b,p1a,p1b\n|-resisted|p2b: alzeitun\n|-damage|p2b: alzeitun|86\/100\n|-damage|p1a: Ogerpon|52\/100\n|-damage|p1b: Clefable|59\/100\n|move|p1a: Ogerpon|Trailblaze|p2a: Gulf Money\n|-resisted|p2a: Gulf Money\n|-damage|p2a: Gulf Money|48\/100\n|-boost|p1a: Ogerpon|spe|1\n|move|p2b: alzeitun|Pollen Puff|p1b: Clefable\n|-resisted|p1b: Clefable\n|-damage|p1b: Clefable|49\/100\n|\n|upkeep\n|turn|4\n|inactive|nobodyhatesthis has 120 seconds left.\n|\n|t:|1697665617\n|-terastallize|p1a: Ogerpon|Rock\n|detailschange|p1a: Ogerpon|Ogerpon-Cornerstone-Tera, F, tera:Rock\n|-ability|p1a: Ogerpon|Embody Aspect (Cornerstone)|boost\n|-boost|p1a: Ogerpon|def|1\n|move|p1b: Clefable|Follow Me|p1b: Clefable\n|-singleturn|p1b: Clefable|move: Follow Me\n|move|p1a: Ogerpon|Ivy Cudgel|p2a: Gulf Money\n|-resisted|p2a: Gulf Money\n|-crit|p2a: Gulf Money\n|-damage|p2a: Gulf Money|0 fnt\n|faint|p2a: Gulf Money\n|move|p2b: alzeitun|Pollen Puff|p1b: Clefable\n|-resisted|p1b: Clefable\n|-damage|p1b: Clefable|40\/100\n|\n|upkeep\n|\n|t:|1697665641\n|switch|p2a: river2see|Walking Wake|100\/100\n|turn|5\n|\n|t:|1697665651\n|switch|p2b: \u0634\u0645\u0633 \u062c\u062f\u064a\u062f\u0629|Torkoal, F|100\/100\n|-weather|SunnyDay|[from] ability: Drought|[of] p2b: \u0634\u0645\u0633 \u062c\u062f\u064a\u062f\u0629\n|-activate|p2a: river2see|ability: Protosynthesis\n|-start|p2a: river2see|protosynthesisspe\n|move|p1b: Clefable|Follow Me|p1b: Clefable\n|-singleturn|p1b: Clefable|move: Follow Me\n|move|p1a: Ogerpon|Trailblaze|p2a: river2see\n|-damage|p2a: river2see|42\/100\n|-boost|p1a: Ogerpon|spe|1\n|move|p2a: river2see|Hydro Steam|p1b: Clefable\n|-damage|p1b: Clefable|0 fnt\n|faint|p1b: Clefable\n|\n|-weather|SunnyDay|[upkeep]\n|upkeep\n|\n|t:|1697665661\n|switch|p1b: Sinistcha|Sinistcha|100\/100\n|-heal|p1a: Ogerpon|77\/100|[from] ability: Hospitality|[of] p1b: Sinistcha\n|turn|6\n|\n|t:|1697665684\n|move|p1a: Ogerpon|Trailblaze|p2a: river2see\n|-crit|p2a: river2see\n|-damage|p2a: river2see|0 fnt\n|-boost|p1a: Ogerpon|spe|1\n|faint|p2a: river2see\n|-end|p2a: river2see|Protosynthesis|[silent]\n|move|p1b: Sinistcha|Nasty Plot|p1b: Sinistcha\n|-boost|p1b: Sinistcha|spa|2\n|move|p2b: \u0634\u0645\u0633 \u062c\u062f\u064a\u062f\u0629|Eruption|p1a: Ogerpon|[spread] p1a,p1b\n|-resisted|p1a: Ogerpon\n|-supereffective|p1b: Sinistcha\n|-damage|p1a: Ogerpon|46\/100\n|-damage|p1b: Sinistcha|0 fnt\n|faint|p1b: Sinistcha\n|\n|-weather|SunnyDay|[upkeep]\n|upkeep\n|\n|t:|1697665697\n|switch|p2a: alzeitun|Arboliva, F|86\/100\n|switch|p1b: Farigiraf|Farigiraf, M|100\/100\n|turn|7\n|\n|t:|1697665714\n|move|p1b: Farigiraf|Ally Switch|p1b: Farigiraf\n|swap|p1b: Farigiraf|0|[from] move: Ally Switch\n|move|p1b: Ogerpon|Ivy Cudgel|p2b: \u0634\u0645\u0633 \u062c\u062f\u064a\u062f\u0629\n|-supereffective|p2b: \u0634\u0645\u0633 \u062c\u062f\u064a\u062f\u0629\n|-crit|p2b: \u0634\u0645\u0633 \u062c\u062f\u064a\u062f\u0629\n|-damage|p2b: \u0634\u0645\u0633 \u062c\u062f\u064a\u062f\u0629|0 fnt\n|faint|p2b: \u0634\u0645\u0633 \u062c\u062f\u064a\u062f\u0629\n|move|p2a: alzeitun|Strength Sap|p1a: Farigiraf\n|-unboost|p1a: Farigiraf|atk|1\n|-heal|p2a: alzeitun|100\/100\n|\n|-weather|SunnyDay|[upkeep]\n|upkeep\n|\n|t:|1697665723\n|switch|p2b: UmmmmKulthummmm|Meloetta|100\/100\n|turn|8\n|-message|atemoiae forfeited.\n|\n|win|nobodyhatesthis\n|raw|nobodyhatesthis's rating: 1077 &rarr; <strong>1106<\/strong><br \/>(+29 for winning)\n|raw|atemoiae's rating: 1084 &rarr; <strong>1061<\/strong><br \/>(-23 for losing)\n|l|\u2606atemoiae\n","uploadtime":1697665730,"views":17,"p1id":"nobodyhatesthis","p2id":"atemoiae","formatid":"gen9doublesou","rating":1061,"private":0,"password":""}