{"id":"gen9doublesou-1984801387","p1":"redpkmntrainer14","p2":"jj caA","format":"[Gen 9] Doubles OU","log":"|j|\u2606redpkmntrainer14\n|j|\u2606jj caA\n|t:|1699300138\n|gametype|doubles\n|player|p1|redpkmntrainer14|guitarist|1527\n|player|p2|jj caA|266|1415\n|teamsize|p1|6\n|teamsize|p2|6\n|gen|9\n|tier|[Gen 9] Doubles OU\n|rated|\n|rule|Species Clause: Limit one of each Pok\u00e9mon\n|rule|OHKO Clause: OHKO moves are banned\n|rule|Evasion Moves Clause: Evasion moves are banned\n|rule|Gravity Sleep Clause: The combination of sleep-inducing moves with imperfect accuracy and Gravity or Gigantamax Orbeetle are banned\n|rule|Endless Battle Clause: Forcing endless battles is banned\n|rule|HP Percentage Mod: HP is shown in percentages\n|clearpoke\n|poke|p1|Articuno-Galar|\n|poke|p1|Bruxish, F|\n|poke|p1|Scizor, F|\n|poke|p1|Pelipper, M|\n|poke|p1|Chien-Pao|\n|poke|p1|Sneasler, M|\n|poke|p2|Baxcalibur, M|\n|poke|p2|Iron Hands|\n|poke|p2|Flutter Mane|\n|poke|p2|Gyarados, M|\n|poke|p2|Cresselia, F|\n|poke|p2|Volcarona, M|\n|teampreview\n|\n|t:|1699300154\n|start\n|switch|p1a: bigchill|Pelipper, M, shiny|100\/100\n|switch|p1b: kingvamp|Scizor, F, shiny|100\/100\n|switch|p2a: Iron Hands|Iron Hands, shiny|100\/100\n|switch|p2b: Volcarona|Volcarona, M|100\/100\n|-weather|RainDance|[from] ability: Drizzle|[of] p1a: bigchill\n|turn|1\n|\n|t:|1699300195\n|-terastallize|p2b: Volcarona|Water\n|move|p2b: Volcarona|Quiver Dance|p2b: Volcarona\n|-boost|p2b: Volcarona|spa|1\n|-boost|p2b: Volcarona|spd|1\n|-boost|p2b: Volcarona|spe|1\n|move|p1b: kingvamp|Close Combat|p2a: Iron Hands\n|-damage|p2a: Iron Hands|63\/100\n|-unboost|p1b: kingvamp|def|1\n|-unboost|p1b: kingvamp|spd|1\n|-damage|p1b: kingvamp|91\/100|[from] item: Life Orb\n|move|p1a: bigchill|Hurricane|p2b: Volcarona\n|-damage|p2b: Volcarona|66\/100\n|move|p2a: Iron Hands|Wild Charge|p1a: bigchill\n|-supereffective|p1a: bigchill\n|-damage|p1a: bigchill|0 fnt\n|faint|p1a: bigchill\n|-damage|p2a: Iron Hands|51\/100|[from] Recoil\n|\n|-weather|RainDance|[upkeep]\n|-heal|p2b: Volcarona|72\/100|[from] item: Leftovers\n|upkeep\n|inactive|Battle timer is ON: inactive players will automatically lose when time's up. (requested by jj caA)\n|inactive|redpkmntrainer14 has 120 seconds left.\n|\n|t:|1699300226\n|switch|p1a: homixide meechie|Sneasler, M|100\/100\n|turn|2\n|\n|t:|1699300234\n|-end|p2a: Iron Hands|Quark Drive|[silent]\n|switch|p2a: Gyarados|Gyarados, M|100\/100\n|-ability|p2a: Gyarados|Intimidate|boost\n|-unboost|p1a: homixide meechie|atk|1\n|-unboost|p1b: kingvamp|atk|1\n|move|p1a: homixide meechie|Fake Out|p2b: Volcarona\n|-damage|p2b: Volcarona|51\/100\n|-damage|p1a: homixide meechie|91\/100|[from] item: Life Orb\n|cant|p2b: Volcarona|flinch\n|move|p1b: kingvamp|X-Scissor|p2b: Volcarona\n|-damage|p2b: Volcarona|0 fnt\n|faint|p2b: Volcarona\n|-damage|p1b: kingvamp|81\/100|[from] item: Life Orb\n|\n|-weather|RainDance|[upkeep]\n|upkeep\n|\n|t:|1699300248\n|switch|p2b: Flutter Mane|Flutter Mane|100\/100\n|turn|3\n|inactive|redpkmntrainer14 has 120 seconds left.\n|\n|t:|1699300293\n|move|p1b: kingvamp|Bullet Punch|p2b: Flutter Mane\n|-supereffective|p2b: Flutter Mane\n|-damage|p2b: Flutter Mane|0 fnt\n|faint|p2b: Flutter Mane\n|-end|p2b: Flutter Mane|Protosynthesis|[silent]\n|-damage|p1b: kingvamp|71\/100|[from] item: Life Orb\n|move|p1a: homixide meechie|Dire Claw|p2a: Gyarados\n|-damage|p2a: Gyarados|48\/100\n|-status|p2a: Gyarados|psn\n|-enditem|p2a: Gyarados|Sitrus Berry|[eat]\n|-heal|p2a: Gyarados|73\/100 psn|[from] item: Sitrus Berry\n|-damage|p1a: homixide meechie|81\/100|[from] item: Life Orb\n|move|p2a: Gyarados|Waterfall|p1b: kingvamp\n|-damage|p1b: kingvamp|0 fnt\n|faint|p1b: kingvamp\n|\n|-weather|RainDance|[upkeep]\n|-damage|p2a: Gyarados|61\/100 psn|[from] psn\n|upkeep\n|\n|t:|1699300303\n|switch|p2b: Iron Hands|Iron Hands, shiny|51\/100\n|switch|p1b: jetray|Articuno-Galar|100\/100\n|turn|4\n|\n|t:|1699300324\n|move|p1b: jetray|Protect|p1b: jetray\n|-singleturn|p1b: jetray|Protect\n|move|p2b: Iron Hands|Fake Out|p1a: homixide meechie\n|-crit|p1a: homixide meechie\n|-damage|p1a: homixide meechie|42\/100\n|cant|p1a: homixide meechie|flinch\n|move|p2a: Gyarados|Waterfall|p1a: homixide meechie\n|-damage|p1a: homixide meechie|0 fnt\n|faint|p1a: homixide meechie\n|\n|-weather|RainDance|[upkeep]\n|-damage|p2a: Gyarados|48\/100 psn|[from] psn\n|upkeep\n|\n|t:|1699300337\n|switch|p1a: ken carson|Chien-Pao|100\/100\n|-ability|p1a: ken carson|Sword of Ruin\n|turn|5\n|\n|t:|1699300345\n|switch|p2a: Cresselia|Cresselia, F|100\/100\n|-end|p2b: Iron Hands|Quark Drive|[silent]\n|switch|p2b: Baxcalibur|Baxcalibur, M, shiny|100\/100\n|move|p1a: ken carson|Ice Spinner|p2a: Cresselia\n|-damage|p2a: Cresselia|61\/100\n|-damage|p1a: ken carson|84\/100|[from] item: Rocky Helmet|[of] p2a: Cresselia\n|move|p1b: jetray|Freezing Glare|p2b: Baxcalibur\n|-damage|p2b: Baxcalibur|40\/100\n|-damage|p1b: jetray|91\/100|[from] item: Life Orb\n|\n|-weather|RainDance|[upkeep]\n|upkeep\n|turn|6\n|\n|t:|1699300367\n|move|p1b: jetray|Protect|p1b: jetray\n|-singleturn|p1b: jetray|Protect\n|move|p2a: Cresselia|Ally Switch|p2a: Cresselia\n|swap|p2a: Cresselia|1|[from] move: Ally Switch\n|move|p1a: ken carson|Sacred Sword|p2b: Cresselia\n|-resisted|p2b: Cresselia\n|-damage|p2b: Cresselia|47\/100\n|-damage|p1a: ken carson|67\/100|[from] item: Rocky Helmet|[of] p2b: Cresselia\n|move|p2a: Baxcalibur|Scale Shot|p1a: ken carson\n|-damage|p1a: ken carson|48\/100\n|-damage|p1a: ken carson|27\/100\n|-damage|p1a: ken carson|9\/100\n|-damage|p1a: ken carson|0 fnt\n|faint|p1a: ken carson\n|-hitcount|p1: ken carson|4\n|-unboost|p2a: Baxcalibur|def|1\n|-boost|p2a: Baxcalibur|spe|1\n|\n|-weather|RainDance|[upkeep]\n|upkeep\n|\n|t:|1699300378\n|switch|p1a: ripjaws|Bruxish, F|100\/100\n|turn|7\n|\n|t:|1699300396\n|move|p2b: Cresselia|Helping Hand|p2a: Baxcalibur\n|-singleturn|p2a: Baxcalibur|Helping Hand|[of] p2b: Cresselia\n|move|p1a: ripjaws|Aqua Jet|p2a: Baxcalibur\n|-resisted|p2a: Baxcalibur\n|-damage|p2a: Baxcalibur|12\/100\n|-damage|p1a: ripjaws|91\/100|[from] item: Life Orb\n|move|p2a: Baxcalibur|Glaive Rush|p1b: jetray\n|-crit|p1b: jetray\n|-damage|p1b: jetray|0 fnt\n|-singlemove|p2a: Baxcalibur|Glaive Rush|[silent]\n|faint|p1b: jetray\n|\n|-weather|RainDance|[upkeep]\n|upkeep\n|turn|8\n|\n|t:|1699300412\n|move|p2a: Baxcalibur|Ice Shard||[still]\n|cant|p1a: ripjaws|ability: Dazzling|Ice Shard|[of] p2a: Baxcalibur\n|move|p1a: ripjaws|Aqua Jet|p2a: Baxcalibur\n|-resisted|p2a: Baxcalibur\n|-damage|p2a: Baxcalibur|0 fnt\n|faint|p2a: Baxcalibur\n|-damage|p1a: ripjaws|81\/100|[from] item: Life Orb\n|move|p2b: Cresselia|Lunar Blessing|p2b: Cresselia\n|-heal|p2b: Cresselia|72\/100\n|\n|-weather|none\n|upkeep\n|\n|t:|1699300419\n|switch|p2a: Iron Hands|Iron Hands, shiny|51\/100\n|turn|9\n|\n|t:|1699300427\n|move|p2b: Cresselia|Ally Switch|p2b: Cresselia\n|swap|p2b: Cresselia|0|[from] move: Ally Switch\n|move|p1a: ripjaws|Psychic Fangs|p2a: Cresselia\n|-resisted|p2a: Cresselia\n|-damage|p2a: Cresselia|55\/100\n|-damage|p1a: ripjaws|64\/100|[from] item: Rocky Helmet|[of] p2a: Cresselia\n|-damage|p1a: ripjaws|55\/100|[from] item: Life Orb\n|move|p2b: Iron Hands|Wild Charge|p1a: ripjaws\n|-supereffective|p1a: ripjaws\n|-damage|p1a: ripjaws|0 fnt\n|faint|p1a: ripjaws\n|-damage|p2b: Iron Hands|43\/100|[from] Recoil\n|\n|win|jj caA\n|raw|redpkmntrainer14's rating: 1527 &rarr; <strong>1501<\/strong><br \/>(-26 for losing)\n|raw|jj caA's rating: 1415 &rarr; <strong>1441<\/strong><br \/>(+26 for winning)\n|l|\u2606redpkmntrainer14\n","uploadtime":1699300443,"views":16,"p1id":"redpkmntrainer14","p2id":"jjcaa","formatid":"gen9doublesou","rating":1441,"private":0,"password":""}