{"id":"gen9doublesou-2000266263","p1":"Guy Oh","p2":"Cryptic_Brawler","format":"[Gen 9] Doubles OU","log":"|j|\u203dGuy Oh\n|j|\u203dCryptic_Brawler\n|t:|1701179348\n|gametype|doubles\n|player|p1|Guy Oh|boarder|\n|player|p2|Cryptic_Brawler|ghetsis-gen5bw|\n|teamsize|p1|6\n|teamsize|p2|6\n|gen|9\n|tier|[Gen 9] Doubles OU\n|rule|Species Clause: Limit one of each Pok\u00e9mon\n|rule|OHKO Clause: OHKO moves are banned\n|rule|Evasion Moves Clause: Evasion moves are banned\n|rule|Gravity Sleep Clause: The combination of sleep-inducing moves with imperfect accuracy and Gravity or Gigantamax Orbeetle are banned\n|rule|Endless Battle Clause: Forcing endless battles is banned\n|rule|HP Percentage Mod: HP is shown in percentages\n|clearpoke\n|poke|p1|Cresselia, F|\n|poke|p1|Diancie|\n|poke|p1|Ursaluna, M|\n|poke|p1|Amoonguss, F|\n|poke|p1|Kommo-o, F|\n|poke|p1|Scizor, M|\n|poke|p2|Dudunsparce-*, F|\n|poke|p2|Flamigo, F|\n|poke|p2|Maushold-Four|\n|poke|p2|Iron Leaves|\n|poke|p2|Basculegion-F, F|\n|poke|p2|Politoed, F|\n|teampreview\n|\n|t:|1701179355\n|start\n|switch|p1a: Diancie|Diancie|100\/100\n|switch|p1b: Ursaluna|Ursaluna, M|100\/100\n|switch|p2a: Dudunsparce|Dudunsparce, F|100\/100\n|switch|p2b: Maushold|Maushold-Four|100\/100\n|turn|1\n|\n|t:|1701179371\n|move|p2b: Maushold|Beat Up|p2a: Dudunsparce\n|-damage|p2a: Dudunsparce|99\/100\n|-ability|p2a: Dudunsparce|Rattled|boost\n|-boost|p2a: Dudunsparce|spe|1\n|-damage|p2a: Dudunsparce|97\/100\n|-ability|p2a: Dudunsparce|Rattled|boost\n|-boost|p2a: Dudunsparce|spe|1\n|-damage|p2a: Dudunsparce|95\/100\n|-ability|p2a: Dudunsparce|Rattled|boost\n|-boost|p2a: Dudunsparce|spe|1\n|-damage|p2a: Dudunsparce|93\/100\n|-ability|p2a: Dudunsparce|Rattled|boost\n|-boost|p2a: Dudunsparce|spe|1\n|-damage|p2a: Dudunsparce|91\/100\n|-ability|p2a: Dudunsparce|Rattled|boost\n|-boost|p2a: Dudunsparce|spe|1\n|-damage|p2a: Dudunsparce|89\/100\n|-ability|p2a: Dudunsparce|Rattled|boost\n|-boost|p2a: Dudunsparce|spe|1\n|-hitcount|p2a: Dudunsparce|6\n|move|p2a: Dudunsparce|Stored Power|p1a: Diancie\n|-damage|p1a: Diancie|75\/100\n|move|p1b: Ursaluna|Swords Dance|p1b: Ursaluna\n|-boost|p1b: Ursaluna|atk|2\n|move|p1a: Diancie|Trick Room|p1a: Diancie\n|-fieldstart|move: Trick Room|[of] p1a: Diancie\n|\n|-status|p1b: Ursaluna|brn|[from] item: Flame Orb\n|upkeep\n|turn|2\n|\n|t:|1701179418\n|-terastallize|p2a: Dudunsparce|Ghost\n|move|p1a: Diancie|Body Press|p2a: Dudunsparce\n|-immune|p2a: Dudunsparce\n|move|p1b: Ursaluna|Facade|p2a: Dudunsparce\n|-immune|p2a: Dudunsparce\n|move|p2b: Maushold|Encore|p1b: Ursaluna\n|-start|p1b: Ursaluna|Encore\n|move|p2a: Dudunsparce|Stored Power|p1b: Ursaluna\n|-damage|p1b: Ursaluna|62\/100 brn\n|\n|-damage|p1b: Ursaluna|56\/100 brn|[from] brn\n|upkeep\n|turn|3\n|\n|t:|1701179438\n|move|p1a: Diancie|Body Press|p2b: Maushold\n|-supereffective|p2b: Maushold\n|-damage|p2b: Maushold|33\/100\n|move|p1b: Ursaluna|Facade|p2b: Maushold\n|-damage|p2b: Maushold|0 fnt\n|faint|p2b: Maushold\n|move|p2a: Dudunsparce|Ice Beam|p1b: Ursaluna\n|-supereffective|p1b: Ursaluna\n|-damage|p1b: Ursaluna|7\/100 brn\n|\n|-damage|p1b: Ursaluna|1\/100 brn|[from] brn\n|upkeep\n|\n|t:|1701179451\n|switch|p2b: Basculegion|Basculegion-F, F|100\/100\n|turn|4\n|\n|t:|1701179481\n|switch|p1b: Amoonguss|Amoonguss, F|100\/100\n|move|p2b: Basculegion|Aqua Jet|p1b: Amoonguss\n|-resisted|p1b: Amoonguss\n|-damage|p1b: Amoonguss|90\/100\n|move|p1a: Diancie|Diamond Storm|p2a: Dudunsparce|[spread] p2a,p2b\n|-damage|p2a: Dudunsparce|64\/100\n|-damage|p2b: Basculegion|69\/100\n|-boost|p1a: Diancie|def|2\n|move|p2a: Dudunsparce|Ice Beam|p1a: Diancie\n|-damage|p1a: Diancie|59\/100\n|\n|-heal|p1b: Amoonguss|96\/100|[from] item: Black Sludge\n|upkeep\n|turn|5\n|\n|t:|1701179498\n|switch|p2b: Politoed|Politoed, F|100\/100\n|-weather|RainDance|[from] ability: Drizzle|[of] p2b: Politoed\n|switch|p2a: Flamigo|Flamigo, F|100\/100\n|-copyboost|p2a: Flamigo|p2b: Politoed|[from] ability: Costar\n|move|p1b: Amoonguss|Spore|p2a: Flamigo\n|-status|p2a: Flamigo|slp|[from] move: Spore\n|move|p1a: Diancie|Diamond Storm|p2b: Politoed|[spread] p2a,p2b\n|-damage|p2a: Flamigo|62\/100 slp\n|-damage|p2b: Politoed|62\/100\n|-boost|p1a: Diancie|def|2\n|\n|-weather|RainDance|[upkeep]\n|-heal|p1b: Amoonguss|100\/100|[from] item: Black Sludge\n|-fieldend|move: Trick Room\n|upkeep\n|turn|6\n|\n|t:|1701179524\n|cant|p2a: Flamigo|slp\n|move|p2b: Politoed|Earth Power|p1a: Diancie\n|-supereffective|p1a: Diancie\n|-damage|p1a: Diancie|28\/100\n|move|p1b: Amoonguss|Pollen Puff|p1a: Diancie\n|-heal|p1a: Diancie|78\/100\n|move|p1a: Diancie|Trick Room|p1a: Diancie\n|-fieldstart|move: Trick Room|[of] p1a: Diancie\n|\n|-weather|RainDance|[upkeep]\n|upkeep\n|turn|7\n|\n|t:|1701179545\n|move|p1b: Amoonguss|Rage Powder|p1b: Amoonguss\n|-singleturn|p1b: Amoonguss|move: Rage Powder\n|move|p1a: Diancie|Diamond Storm|p2b: Politoed|[spread] p2a\n|-miss|p1a: Diancie|p2b: Politoed\n|-damage|p2a: Flamigo|22\/100 slp\n|move|p2b: Politoed|Earth Power|p1b: Amoonguss\n|-damage|p1b: Amoonguss|82\/100\n|cant|p2a: Flamigo|slp\n|\n|-weather|RainDance|[upkeep]\n|-heal|p1b: Amoonguss|88\/100|[from] item: Black Sludge\n|upkeep\n|turn|8\n|\n|t:|1701179559\n|switch|p2a: Dudunsparce|Dudunsparce, F, tera:Ghost|64\/100\n|move|p1b: Amoonguss|Rage Powder|p1b: Amoonguss\n|-singleturn|p1b: Amoonguss|move: Rage Powder\n|move|p1a: Diancie|Diamond Storm|p2a: Dudunsparce|[spread] p2b\n|-miss|p1a: Diancie|p2a: Dudunsparce\n|-damage|p2b: Politoed|26\/100\n|-boost|p1a: Diancie|def|2\n|move|p2b: Politoed|Earth Power|p1b: Amoonguss\n|-damage|p1b: Amoonguss|67\/100\n|\n|-weather|RainDance|[upkeep]\n|-heal|p1b: Amoonguss|73\/100|[from] item: Black Sludge\n|upkeep\n|turn|9\n|\n|t:|1701179586\n|move|p1b: Amoonguss|Pollen Puff|p2b: Politoed\n|-damage|p2b: Politoed|9\/100\n|move|p1a: Diancie|Diamond Storm|p2b: Politoed|[spread] p2a,p2b\n|-damage|p2a: Dudunsparce|38\/100\n|-damage|p2b: Politoed|0 fnt\n|faint|p2b: Politoed\n|move|p2a: Dudunsparce|Ice Beam|p1b: Amoonguss\n|-supereffective|p1b: Amoonguss\n|-damage|p1b: Amoonguss|27\/100\n|\n|-weather|RainDance|[upkeep]\n|-heal|p1b: Amoonguss|34\/100|[from] item: Black Sludge\n|upkeep\n|\n|t:|1701179601\n|switch|p2b: Flamigo|Flamigo, F|22\/100 slp\n|-copyboost|p2b: Flamigo|p2a: Dudunsparce|[from] ability: Costar\n|turn|10\n|\n|t:|1701179615\n|move|p1b: Amoonguss|Protect|p1b: Amoonguss\n|-singleturn|p1b: Amoonguss|Protect\n|move|p1a: Diancie|Diamond Storm|p2a: Dudunsparce|[spread] p2a,p2b\n|-damage|p2a: Dudunsparce|13\/100\n|-damage|p2b: Flamigo|0 fnt\n|faint|p2b: Flamigo\n|move|p2a: Dudunsparce|Ice Beam|p1b: Amoonguss\n|-activate|p1b: Amoonguss|move: Protect\n|\n|-weather|RainDance|[upkeep]\n|-heal|p1b: Amoonguss|40\/100|[from] item: Black Sludge\n|-fieldend|move: Trick Room\n|upkeep\n|\n|t:|1701179621\n|switch|p2b: Iron Leaves|Iron Leaves|100\/100\n|-enditem|p2b: Iron Leaves|Booster Energy\n|-activate|p2b: Iron Leaves|ability: Quark Drive|[fromitem]\n|-start|p2b: Iron Leaves|quarkdriveatk\n|turn|11\n|\n|t:|1701179658\n|move|p1b: Amoonguss|Rage Powder|p1b: Amoonguss\n|-singleturn|p1b: Amoonguss|move: Rage Powder\n|move|p2b: Iron Leaves|Leaf Blade|p1a: Diancie\n|-supereffective|p1a: Diancie\n|-damage|p1a: Diancie|52\/100\n|move|p2a: Dudunsparce|Ice Beam|p1b: Amoonguss\n|-supereffective|p1b: Amoonguss\n|-damage|p1b: Amoonguss|0 fnt\n|faint|p1b: Amoonguss\n|move|p1a: Diancie|Trick Room|p1a: Diancie\n|-fieldstart|move: Trick Room|[of] p1a: Diancie\n|\n|-weather|RainDance|[upkeep]\n|upkeep\n|\n|t:|1701179671\n|switch|p1b: Ursaluna|Ursaluna, M|1\/100 brn\n|turn|12\n|\n|t:|1701179682\n|move|p1a: Diancie|Diamond Storm|p2a: Dudunsparce|[spread] p2b\n|-miss|p1a: Diancie|p2a: Dudunsparce\n|-damage|p2b: Iron Leaves|69\/100\n|move|p2a: Dudunsparce|Ice Beam|p1b: Ursaluna\n|-supereffective|p1b: Ursaluna\n|-damage|p1b: Ursaluna|0 fnt\n|faint|p1b: Ursaluna\n|move|p2b: Iron Leaves|Leaf Blade|p1a: Diancie\n|-supereffective|p1a: Diancie\n|-damage|p1a: Diancie|29\/100\n|\n|-weather|none\n|upkeep\n|\n|t:|1701179727\n|switch|p1b: Scizor|Scizor, M|100\/100\n|turn|13\n|\n|t:|1701179741\n|move|p1a: Diancie|Protect|p1a: Diancie\n|-singleturn|p1a: Diancie|Protect\n|move|p1b: Scizor|Bullet Punch|p2a: Dudunsparce\n|-damage|p2a: Dudunsparce|0 fnt\n|faint|p2a: Dudunsparce\n|move|p2b: Iron Leaves|Leaf Blade|p1a: Diancie\n|-activate|p1a: Diancie|move: Protect\n|\n|upkeep\n|\n|t:|1701179744\n|switch|p2a: Basculegion|Basculegion-F, F|69\/100\n|turn|14\n|\n|t:|1701179766\n|move|p1b: Scizor|Bullet Punch|p2a: Basculegion\n|-resisted|p2a: Basculegion\n|-damage|p2a: Basculegion|49\/100\n|move|p1a: Diancie|Diamond Storm|p2a: Basculegion|[spread] p2a,p2b\n|-damage|p2a: Basculegion|15\/100\n|-damage|p2b: Iron Leaves|36\/100\n|move|p2a: Basculegion|Last Respects|p1b: Scizor\n|-damage|p1b: Scizor|0 fnt\n|faint|p1b: Scizor\n|move|p2b: Iron Leaves|Leaf Blade|p1a: Diancie\n|-supereffective|p1a: Diancie\n|-damage|p1a: Diancie|1\/100\n|\n|upkeep\n|\n|t:|1701179782\n|switch|p1b: Kommo-o|Kommo-o, F|100\/100\n|turn|15\n|\n|t:|1701179803\n|move|p1a: Diancie|Protect|p1a: Diancie\n|-singleturn|p1a: Diancie|Protect\n|move|p2a: Basculegion|Last Respects|p1b: Kommo-o\n|-damage|p1b: Kommo-o|0 fnt\n|faint|p1b: Kommo-o\n|move|p2b: Iron Leaves|Psyblade|p1a: Diancie\n|-activate|p1a: Diancie|move: Protect\n|\n|-fieldend|move: Trick Room\n|upkeep\n|\n|t:|1701179813\n|switch|p1b: Cresselia|Cresselia, F|100\/100\n|turn|16\n|\n|t:|1701179830\n|-terastallize|p1b: Cresselia|Poison\n|move|p2b: Iron Leaves|Leaf Blade|p1a: Diancie\n|-supereffective|p1a: Diancie\n|-damage|p1a: Diancie|0 fnt\n|faint|p1a: Diancie\n|move|p2a: Basculegion|Last Respects|p1b: Cresselia\n|-damage|p1b: Cresselia|0 fnt\n|faint|p1b: Cresselia\n|\n|win|Cryptic_Brawler\n","uploadtime":1701179853,"views":13,"p1id":"guyoh","p2id":"crypticbrawler","formatid":"gen9doublesou","rating":0,"private":0,"password":""}