{"id":"gen9doublesou-1976292107","p1":"SXD2002","p2":"ch0deing","format":"[Gen 9] Doubles OU","log":"|j|\u2606SXD2002\n|j|\u2606ch0deing\n|t:|1698283043\n|gametype|doubles\n|player|p1|SXD2002|silver-masters|1063\n|player|p2|ch0deing|supernerd|1087\n|teamsize|p1|6\n|teamsize|p2|6\n|gen|9\n|tier|[Gen 9] Doubles OU\n|rated|\n|rule|Species Clause: Limit one of each Pok\u00e9mon\n|rule|OHKO Clause: OHKO moves are banned\n|rule|Evasion Moves Clause: Evasion moves are banned\n|rule|Gravity Sleep Clause: The combination of sleep-inducing moves with imperfect accuracy and Gravity or Gigantamax Orbeetle are banned\n|rule|Endless Battle Clause: Forcing endless battles is banned\n|rule|HP Percentage Mod: HP is shown in percentages\n|clearpoke\n|poke|p1|Lurantis, F|\n|poke|p1|Murkrow, M|\n|poke|p1|Grimmsnarl, M|\n|poke|p1|Clefairy, F|\n|poke|p1|Talonflame, F|\n|poke|p1|Espeon, F|\n|poke|p2|Dragonite, M|\n|poke|p2|Goodra, F|\n|poke|p2|Heatran, M|\n|poke|p2|Ogerpon-Wellspring, F|\n|poke|p2|Gliscor, F|\n|poke|p2|Tornadus, M|\n|teampreview\n|inactive|Battle timer is ON: inactive players will automatically lose when time's up. (requested by ch0deing)\n|\n|t:|1698283049\n|start\n|switch|p1a: Murkrow|Murkrow, M|100\/100\n|switch|p1b: Lurantis|Lurantis, F|100\/100\n|switch|p2a: Goodra|Goodra, F|100\/100\n|switch|p2b: Tornadus|Tornadus, M|100\/100\n|turn|1\n|\n|t:|1698283068\n|-terastallize|p1b: Lurantis|Steel\n|move|p2b: Tornadus|Tailwind|p2b: Tornadus\n|-sidestart|p2: ch0deing|move: Tailwind\n|move|p1a: Murkrow|Feather Dance|p1b: Lurantis\n|-boost|p1b: Lurantis|atk|2\n|move|p2a: Goodra|Thunderbolt|p1a: Murkrow\n|-supereffective|p1a: Murkrow\n|-damage|p1a: Murkrow|45\/100\n|move|p1b: Lurantis|Superpower|p2a: Goodra\n|-damage|p2a: Goodra|24\/100\n|-boost|p1b: Lurantis|atk|1\n|-boost|p1b: Lurantis|def|1\n|\n|-heal|p2a: Goodra|30\/100|[from] item: Leftovers\n|upkeep\n|turn|2\n|\n|t:|1698283087\n|switch|p2b: Heatran|Heatran, M|100\/100\n|move|p1a: Murkrow|Screech|p1b: Lurantis\n|-boost|p1b: Lurantis|def|2\n|move|p2a: Goodra|Thunderbolt|p1a: Murkrow\n|-supereffective|p1a: Murkrow\n|-damage|p1a: Murkrow|0 fnt\n|faint|p1a: Murkrow\n|move|p1b: Lurantis|Superpower|p2a: Goodra\n|-damage|p2a: Goodra|0 fnt\n|-boost|p1b: Lurantis|atk|1\n|-boost|p1b: Lurantis|def|1\n|faint|p2a: Goodra\n|\n|upkeep\n|\n|t:|1698283102\n|switch|p2a: Dragonite|Dragonite, M|100\/100\n|switch|p1a: Grimmsnarl|Grimmsnarl, M|100\/100\n|turn|3\n|\n|t:|1698283111\n|-terastallize|p2a: Dragonite|Normal\n|move|p1a: Grimmsnarl|Fake Tears|p1b: Lurantis\n|-boost|p1b: Lurantis|spd|2\n|move|p2a: Dragonite|Dragon Dance|p2a: Dragonite\n|-boost|p2a: Dragonite|atk|1\n|-boost|p2a: Dragonite|spe|1\n|move|p2b: Heatran|Magma Storm|p1b: Lurantis|[miss]\n|-miss|p2b: Heatran|p1b: Lurantis\n|move|p1b: Lurantis|Superpower|p2b: Heatran\n|-supereffective|p2b: Heatran\n|-damage|p2b: Heatran|0 fnt\n|-boost|p1b: Lurantis|atk|1\n|-boost|p1b: Lurantis|def|1\n|faint|p2b: Heatran\n|\n|upkeep\n|\n|t:|1698283126\n|switch|p2b: Tornadus|Tornadus, M|100\/100\n|turn|4\n|\n|t:|1698283137\n|move|p1a: Grimmsnarl|Fake Tears|p1b: Lurantis\n|-boost|p1b: Lurantis|spd|2\n|move|p2a: Dragonite|Thunder Punch|p1b: Lurantis\n|-damage|p1b: Lurantis|86\/100\n|move|p2b: Tornadus|Bleakwind Storm|p1a: Grimmsnarl|[spread] p1a,p1b\n|-resisted|p1b: Lurantis\n|-damage|p1a: Grimmsnarl|67\/100\n|-damage|p1b: Lurantis|80\/100\n|move|p1b: Lurantis|Superpower|p2a: Dragonite\n|-supereffective|p2a: Dragonite\n|-damage|p2a: Dragonite|0 fnt\n|-boost|p1b: Lurantis|atk|1\n|-boost|p1b: Lurantis|def|1\n|faint|p2a: Dragonite\n|\n|-heal|p1a: Grimmsnarl|73\/100|[from] item: Leftovers\n|-heal|p1b: Lurantis|86\/100|[from] item: Leftovers\n|-sideend|p2: ch0deing|move: Tailwind\n|upkeep\n|\n|t:|1698283154\n|switch|p2a: Gliscor|Gliscor, F|100\/100\n|turn|5\n|\n|t:|1698283166\n|move|p2b: Tornadus|Tailwind|p2b: Tornadus\n|-sidestart|p2: ch0deing|move: Tailwind\n|move|p1a: Grimmsnarl|Scary Face|p1b: Lurantis\n|-boost|p1b: Lurantis|spe|2\n|move|p2a: Gliscor|Knock Off|p1b: Lurantis\n|-damage|p1b: Lurantis|78\/100\n|-enditem|p1b: Lurantis|Leftovers|[from] move: Knock Off|[of] p2a: Gliscor\n|move|p1b: Lurantis|Superpower|p2a: Gliscor\n|-resisted|p2a: Gliscor\n|-damage|p2a: Gliscor|44\/100\n|\n|-heal|p1a: Grimmsnarl|79\/100|[from] item: Leftovers\n|-status|p2a: Gliscor|tox|[from] item: Toxic Orb\n|upkeep\n|turn|6\n|\n|t:|1698283190\n|move|p1a: Grimmsnarl|Scary Face|p1b: Lurantis\n|-boost|p1b: Lurantis|spe|2\n|move|p2b: Tornadus|Dark Pulse|p1b: Lurantis\n|-damage|p1b: Lurantis|72\/100\n|move|p2a: Gliscor|Facade|p1b: Lurantis\n|-resisted|p1b: Lurantis\n|-damage|p1b: Lurantis|66\/100\n|move|p1b: Lurantis|Superpower|p2a: Gliscor\n|-resisted|p2a: Gliscor\n|-damage|p2a: Gliscor|0 fnt\n|faint|p2a: Gliscor\n|\n|-heal|p1a: Grimmsnarl|85\/100|[from] item: Leftovers\n|upkeep\n|\n|t:|1698283194\n|switch|p2a: Ogerpon|Ogerpon-Wellspring, F|100\/100\n|turn|7\n|\n|t:|1698283207\n|move|p1a: Grimmsnarl|Scary Face|p1b: Lurantis\n|-boost|p1b: Lurantis|spe|2\n|move|p2b: Tornadus|Air Slash|p1a: Grimmsnarl\n|-damage|p1a: Grimmsnarl|53\/100\n|move|p2a: Ogerpon|Ivy Cudgel|p1b: Lurantis\n|-damage|p1b: Lurantis|49\/100\n|move|p1b: Lurantis|Leech Life|p2a: Ogerpon\n|-supereffective|p2a: Ogerpon\n|-damage|p2a: Ogerpon|0 fnt\n|-heal|p1b: Lurantis|93\/100|[from] drain|[of] p2a: Ogerpon\n|faint|p2a: Ogerpon\n|\n|-heal|p1a: Grimmsnarl|59\/100|[from] item: Leftovers\n|upkeep\n|turn|8\n|-message|ch0deing forfeited.\n|\n|win|SXD2002\n|raw|SXD2002's rating: 1063 &rarr; <strong>1096<\/strong><br \/>(+33 for winning)\n|raw|ch0deing's rating: 1087 &rarr; <strong>1062<\/strong><br \/>(-25 for losing)\n|l|\u2606ch0deing\n","uploadtime":1698283224,"views":9,"p1id":"sxd2002","p2id":"ch0deing","formatid":"gen9doublesou","rating":1062,"private":0,"password":""}