{"id":"gen9doublesou-1990053721","p1":"Dear_Redf","p2":"carambolo","format":"[Gen 9] Doubles OU","log":"|j|\u2606Dear_Redf\n|j|\u2606carambolo\n|t:|1699919543\n|gametype|doubles\n|player|p1|Dear_Redf|veteran|\n|player|p2|carambolo|2|\n|teamsize|p1|6\n|teamsize|p2|6\n|gen|9\n|tier|[Gen 9] Doubles OU\n|rule|Species Clause: Limit one of each Pok\u00e9mon\n|rule|OHKO Clause: OHKO moves are banned\n|rule|Evasion Moves Clause: Evasion moves are banned\n|rule|Gravity Sleep Clause: The combination of sleep-inducing moves with imperfect accuracy and Gravity or Gigantamax Orbeetle are banned\n|rule|Endless Battle Clause: Forcing endless battles is banned\n|rule|HP Percentage Mod: HP is shown in percentages\n|clearpoke\n|poke|p1|Salamence, M|\n|poke|p1|Iron Hands|\n|poke|p1|Flutter Mane|\n|poke|p1|Kingambit, M|\n|poke|p1|Amoonguss, M|\n|poke|p1|Cresselia, F|\n|poke|p2|Spiritomb, M|\n|poke|p2|Gastrodon, M|\n|poke|p2|Kingambit, M|\n|poke|p2|Hatterene, F|\n|poke|p2|Armarouge, F|\n|poke|p2|Kommo-o, F|\n|teampreview\n|c|\u2606Dear_Redf|Ya es la buena xd\n|c|\u2606carambolo|Chupo y no escupo\n|inactive|Battle timer is ON: inactive players will automatically lose when time's up. (requested by Dear_Redf)\n|\n|t:|1699919586\n|start\n|switch|p1a: !!MANOS\u00a1\u00a1|Iron Hands|100\/100\n|switch|p1b: Wanda|Flutter Mane|100\/100\n|switch|p2a: Spektro|Spiritomb, M|100\/100\n|switch|p2b: Gre\u00f1as|Hatterene, F|100\/100\n|-ability|p2a: Spektro|Pressure\n|-enditem|p1b: Wanda|Booster Energy\n|-activate|p1b: Wanda|ability: Protosynthesis|[fromitem]\n|-start|p1b: Wanda|protosynthesisspe\n|turn|1\n|inactive|carambolo has 270 seconds left.\n|\n|t:|1699919617\n|move|p1a: !!MANOS\u00a1\u00a1|Fake Out|p2b: Gre\u00f1as\n|-damage|p2b: Gre\u00f1as|82\/100\n|move|p1b: Wanda|Dazzling Gleam|p2b: Gre\u00f1as|[spread] p2a,p2b\n|-supereffective|p2a: Spektro\n|-damage|p2a: Spektro|37\/100\n|-damage|p2b: Gre\u00f1as|47\/100\n|move|p2b: Gre\u00f1as|Dazzling Gleam|p1b: Wanda|[spread] p1a,p1b\n|-supereffective|p1a: !!MANOS\u00a1\u00a1\n|-damage|p1a: !!MANOS\u00a1\u00a1|70\/100\n|-damage|p1b: Wanda|68\/100\n|move|p2a: Spektro|Trick Room|p2a: Spektro\n|-fieldstart|move: Trick Room|[of] p2a: Spektro\n|\n|-heal|p2a: Spektro|43\/100|[from] item: Leftovers\n|upkeep\n|turn|2\n|inactive|carambolo has 270 seconds left.\n|inactive|Dear_Redf has 270 seconds left.\n|\n|t:|1699919650\n|-end|p1a: !!MANOS\u00a1\u00a1|Quark Drive|[silent]\n|switch|p1a: SUS|Amoonguss, M|100\/100\n|move|p2b: Gre\u00f1as|Psychic|p1b: Wanda\n|-damage|p1b: Wanda|14\/100\n|-unboost|p1b: Wanda|spd|1\n|move|p2a: Spektro|Will-O-Wisp|p1a: SUS\n|-status|p1a: SUS|brn\n|move|p1b: Wanda|Dazzling Gleam|p2a: Spektro|[spread] p2a,p2b\n|-supereffective|p2a: Spektro\n|-damage|p2a: Spektro|0 fnt\n|-damage|p2b: Gre\u00f1as|14\/100\n|faint|p2a: Spektro\n|\n|-damage|p1a: SUS|94\/100 brn|[from] brn\n|upkeep\n|inactive|carambolo has 270 seconds left.\n|\n|t:|1699919667\n|switch|p2a: Braza|Armarouge, F|100\/100\n|turn|3\n|inactive|Dear_Redf has 270 seconds left.\n|c|\u2606carambolo|Vale vrga, se nos va el internet a los dos\n|c|\u2606Dear_Redf|xd\n|\n|t:|1699919720\n|move|p1b: Wanda|Protect|p1b: Wanda\n|-singleturn|p1b: Wanda|Protect\n|move|p1a: SUS|Spore|p2a: Braza\n|-status|p2a: Braza|slp|[from] move: Spore\n|move|p2b: Gre\u00f1as|Psychic|p1a: SUS\n|-supereffective|p1a: SUS\n|-damage|p1a: SUS|6\/100 brn\n|-enditem|p1a: SUS|Sitrus Berry|[eat]\n|-heal|p1a: SUS|31\/100 brn|[from] item: Sitrus Berry\n|cant|p2a: Braza|slp\n|\n|-damage|p1a: SUS|25\/100 brn|[from] brn\n|upkeep\n|turn|4\n|inactive|Dear_Redf has 270 seconds left.\n|\n|t:|1699919735\n|move|p1a: SUS|Pollen Puff|p2b: Gre\u00f1as\n|-damage|p2b: Gre\u00f1as|0 fnt\n|faint|p2b: Gre\u00f1as\n|cant|p2a: Braza|slp\n|move|p1b: Wanda|Shadow Ball|p2a: Braza\n|-supereffective|p2a: Braza\n|-damage|p2a: Braza|10\/100 slp\n|\n|-damage|p1a: SUS|19\/100 brn|[from] brn\n|upkeep\n|\n|t:|1699919747\n|switch|p2b: Kommo-o|Kommo-o, F|100\/100\n|turn|5\n|\n|t:|1699919760\n|switch|p1a: Anya|Salamence, M|100\/100\n|-ability|p1a: Anya|Intimidate|boost\n|-unboost|p2a: Braza|atk|1\n|-unboost|p2b: Kommo-o|atk|1\n|cant|p2a: Braza|slp\n|move|p2b: Kommo-o|Iron Head|p1b: Wanda\n|-supereffective|p1b: Wanda\n|-damage|p1b: Wanda|0 fnt\n|faint|p1b: Wanda\n|-end|p1b: Wanda|Protosynthesis|[silent]\n|\n|-fieldend|move: Trick Room\n|upkeep\n|\n|t:|1699919774\n|switch|p1b: !!MANOS\u00a1\u00a1|Iron Hands|70\/100\n|turn|6\n|\n|t:|1699919792\n|switch|p2b: Bigotes|Kingambit, M|100\/100\n|move|p1a: Anya|Dual Wingbeat|p2a: Braza\n|-damage|p2a: Braza|0 fnt\n|faint|p2a: Braza\n|-hitcount|p2: Braza|1\n|move|p1b: !!MANOS\u00a1\u00a1|Drain Punch|p2b: Bigotes\n|-supereffective|p2b: Bigotes\n|-damage|p2b: Bigotes|0 fnt\n|-heal|p1b: !!MANOS\u00a1\u00a1|100\/100|[from] drain|[of] p2b: Bigotes\n|faint|p2b: Bigotes\n|\n|upkeep\n|\n|t:|1699919804\n|switch|p2a: Trujo|Gastrodon, M|100\/100\n|switch|p2b: Kommo-o|Kommo-o, F|100\/100\n|turn|7\n|c|\u2606Dear_Redf|Nice\n|\n|t:|1699919824\n|move|p1a: Anya|Dual Wingbeat|p2a: Trujo\n|-damage|p2a: Trujo|63\/100\n|-damage|p2a: Trujo|29\/100\n|-hitcount|p2a: Trujo|2\n|move|p2b: Kommo-o|Dragon Claw|p1a: Anya\n|-supereffective|p1a: Anya\n|-damage|p1a: Anya|0 fnt\n|faint|p1a: Anya\n|move|p1b: !!MANOS\u00a1\u00a1|Drain Punch|p2b: Kommo-o\n|-damage|p2b: Kommo-o|59\/100\n|move|p2a: Trujo|Earth Power|p1b: !!MANOS\u00a1\u00a1\n|-supereffective|p1b: !!MANOS\u00a1\u00a1\n|-damage|p1b: !!MANOS\u00a1\u00a1|58\/100\n|-heal|p2a: Trujo|35\/100|[from] item: Shell Bell|[of] p1b: !!MANOS\u00a1\u00a1\n|\n|upkeep\n|\n|t:|1699919840\n|switch|p1a: SUS|Amoonguss, M|52\/100 brn\n|turn|8\n|\n|t:|1699919849\n|move|p2b: Kommo-o|Drain Punch|p1b: !!MANOS\u00a1\u00a1\n|-damage|p1b: !!MANOS\u00a1\u00a1|33\/100\n|-heal|p2b: Kommo-o|79\/100|[from] drain|[of] p1b: !!MANOS\u00a1\u00a1\n|move|p1b: !!MANOS\u00a1\u00a1|Drain Punch|p2a: Trujo\n|-damage|p2a: Trujo|0 fnt\n|-heal|p1b: !!MANOS\u00a1\u00a1|48\/100|[from] drain|[of] p2a: Trujo\n|faint|p2a: Trujo\n|move|p1a: SUS|Pollen Puff|p1b: !!MANOS\u00a1\u00a1\n|-heal|p1b: !!MANOS\u00a1\u00a1|98\/100\n|\n|-damage|p1a: SUS|46\/100 brn|[from] brn\n|upkeep\n|turn|9\n|\n|t:|1699919878\n|switch|p1a: Moonlight|Cresselia, F|100\/100\n|move|p2b: Kommo-o|Clangorous Soul|p2b: Kommo-o\n|-boost|p2b: Kommo-o|atk|1\n|-boost|p2b: Kommo-o|def|1\n|-boost|p2b: Kommo-o|spa|1\n|-boost|p2b: Kommo-o|spd|1\n|-boost|p2b: Kommo-o|spe|1\n|-damage|p2b: Kommo-o|46\/100\n|-enditem|p2b: Kommo-o|Sitrus Berry|[eat]\n|-heal|p2b: Kommo-o|70\/100|[from] item: Sitrus Berry\n|move|p1b: !!MANOS\u00a1\u00a1|Drain Punch|p2b: Kommo-o\n|-damage|p2b: Kommo-o|44\/100\n|-heal|p1b: !!MANOS\u00a1\u00a1|100\/100|[from] drain|[of] p2b: Kommo-o\n|\n|upkeep\n|turn|10\n|inactive|carambolo has 270 seconds left.\n|\n|t:|1699919909\n|move|p1a: Moonlight|Ally Switch|p1a: Moonlight\n|swap|p1a: Moonlight|1|[from] move: Ally Switch\n|move|p2b: Kommo-o|Drain Punch|p1b: Moonlight\n|-resisted|p1b: Moonlight\n|-damage|p1b: Moonlight|82\/100\n|-heal|p2b: Kommo-o|59\/100|[from] drain|[of] p1b: Moonlight\n|move|p1a: !!MANOS\u00a1\u00a1|Drain Punch|p2b: Kommo-o\n|-damage|p2b: Kommo-o|31\/100\n|\n|upkeep\n|turn|11\n|\n|t:|1699919926\n|move|p1b: Moonlight|Helping Hand|p1a: !!MANOS\u00a1\u00a1\n|-singleturn|p1a: !!MANOS\u00a1\u00a1|Helping Hand|[of] p1b: Moonlight\n|move|p2b: Kommo-o|Drain Punch|p1a: !!MANOS\u00a1\u00a1\n|-damage|p1a: !!MANOS\u00a1\u00a1|56\/100\n|-heal|p2b: Kommo-o|65\/100|[from] drain|[of] p1a: !!MANOS\u00a1\u00a1\n|move|p1a: !!MANOS\u00a1\u00a1|Earthquake|p2b: Kommo-o|[spread] p2b\n|-immune|p1b: Moonlight|[from] ability: Levitate\n|-damage|p2b: Kommo-o|40\/100\n|\n|upkeep\n|turn|12\n|\n|t:|1699919940\n|move|p1b: Moonlight|Helping Hand|p1a: !!MANOS\u00a1\u00a1\n|-singleturn|p1a: !!MANOS\u00a1\u00a1|Helping Hand|[of] p1b: Moonlight\n|move|p2b: Kommo-o|Drain Punch|p1b: Moonlight\n|-resisted|p1b: Moonlight\n|-damage|p1b: Moonlight|63\/100\n|-heal|p2b: Kommo-o|54\/100|[from] drain|[of] p1b: Moonlight\n|move|p1a: !!MANOS\u00a1\u00a1|Drain Punch|p2b: Kommo-o\n|-damage|p2b: Kommo-o|17\/100\n|-heal|p1a: !!MANOS\u00a1\u00a1|68\/100|[from] drain|[of] p2b: Kommo-o\n|\n|upkeep\n|turn|13\n|\n|t:|1699919954\n|move|p1b: Moonlight|Ally Switch|p1b: Moonlight\n|swap|p1b: Moonlight|0|[from] move: Ally Switch\n|move|p2b: Kommo-o|Drain Punch|p1a: Moonlight\n|-resisted|p1a: Moonlight\n|-damage|p1a: Moonlight|45\/100\n|-heal|p2b: Kommo-o|31\/100|[from] drain|[of] p1a: Moonlight\n|move|p1b: !!MANOS\u00a1\u00a1|Drain Punch|p2b: Kommo-o\n|-crit|p2b: Kommo-o\n|-damage|p2b: Kommo-o|0 fnt\n|-heal|p1b: !!MANOS\u00a1\u00a1|78\/100|[from] drain|[of] p2b: Kommo-o\n|faint|p2b: Kommo-o\n|\n|win|Dear_Redf\n|l|\u2606carambolo\n|c|\u2606Dear_Redf|Buen juego\n","uploadtime":1699919977,"views":9,"p1id":"dearredf","p2id":"carambolo","formatid":"gen9doublesou","rating":0,"private":0,"password":""}