{"id":"gen9doublesou-1969483690","p1":"Leblades123","p2":"ghostly spectrum","format":"[Gen 9] Doubles OU","log":"|j|\u2606Leblades123\n|j|\u2606ghostly spectrum\n|t:|1697538132\n|gametype|doubles\n|player|p1|Leblades123|scientist-gen4|1133\n|player|p2|ghostly spectrum|caitlin|1125\n|teamsize|p1|6\n|teamsize|p2|6\n|gen|9\n|tier|[Gen 9] Doubles OU\n|rated|\n|rule|Species Clause: Limit one of each Pok\u00e9mon\n|rule|OHKO Clause: OHKO moves are banned\n|rule|Evasion Moves Clause: Evasion moves are banned\n|rule|Gravity Sleep Clause: The combination of sleep-inducing moves with imperfect accuracy and Gravity or Gigantamax Orbeetle are banned\n|rule|Endless Battle Clause: Forcing endless battles is banned\n|rule|HP Percentage Mod: HP is shown in percentages\n|clearpoke\n|poke|p1|Snorlax, M|\n|poke|p1|Clefairy, M|\n|poke|p1|Empoleon, M|\n|poke|p1|Moltres-Galar|\n|poke|p1|Rillaboom, F|\n|poke|p1|Infernape, F|\n|poke|p2|Politoed, M|\n|poke|p2|Basculegion, M|\n|poke|p2|Regieleki|\n|poke|p2|Zapdos|\n|poke|p2|Gastrodon, F|\n|poke|p2|Ludicolo, M|\n|teampreview\n|inactive|Battle timer is ON: inactive players will automatically lose when time's up. (requested by ghostly spectrum)\n|\n|t:|1697538154\n|start\n|switch|p1a: Clefairy|Clefairy, M, shiny|100\/100\n|switch|p1b: Rillaboom|Rillaboom, F|100\/100\n|switch|p2a: Politoed|Politoed, M|100\/100\n|switch|p2b: Gastrodon|Gastrodon, F|100\/100\n|-fieldstart|move: Grassy Terrain|[from] ability: Grassy Surge|[of] p1b: Rillaboom\n|-enditem|p1b: Rillaboom|Grassy Seed\n|-boost|p1b: Rillaboom|def|1|[from] item: Grassy Seed\n|-weather|RainDance|[from] ability: Drizzle|[of] p2a: Politoed\n|turn|1\n|\n|t:|1697538171\n|switch|p2a: Zapdos|Zapdos|100\/100\n|move|p2b: Gastrodon|Protect|p2b: Gastrodon\n|-singleturn|p2b: Gastrodon|Protect\n|move|p1b: Rillaboom|Fake Out|p2b: Gastrodon\n|-activate|p2b: Gastrodon|move: Protect\n|move|p1a: Clefairy|Light Screen|p1a: Clefairy\n|-sidestart|p1: Leblades123|move: Light Screen\n|\n|-weather|RainDance|[upkeep]\n|upkeep\n|turn|2\n|\n|t:|1697538192\n|move|p2b: Gastrodon|Protect|p2b: Gastrodon\n|-singleturn|p2b: Gastrodon|Protect\n|move|p1b: Rillaboom|Grassy Glide|p2b: Gastrodon\n|-activate|p2b: Gastrodon|move: Protect\n|move|p2a: Zapdos|Hurricane|p1b: Rillaboom\n|-supereffective|p1b: Rillaboom\n|-damage|p1b: Rillaboom|51\/100\n|move|p1a: Clefairy|Cosmic Power|p1a: Clefairy\n|-boost|p1a: Clefairy|def|1\n|-boost|p1a: Clefairy|spd|1\n|\n|-weather|RainDance|[upkeep]\n|-heal|p1b: Rillaboom|58\/100|[from] Grassy Terrain\n|upkeep\n|turn|3\n|\n|t:|1697538205\n|switch|p2b: Ludicolo|Ludicolo, M|100\/100\n|move|p1b: Rillaboom|Grassy Glide|p2b: Ludicolo\n|-damage|p2b: Ludicolo|48\/100\n|move|p2a: Zapdos|Hurricane|p1b: Rillaboom\n|-supereffective|p1b: Rillaboom\n|-damage|p1b: Rillaboom|2\/100\n|-start|p1b: Rillaboom|confusion\n|move|p1a: Clefairy|Cosmic Power|p1a: Clefairy\n|-boost|p1a: Clefairy|def|1\n|-boost|p1a: Clefairy|spd|1\n|\n|-weather|RainDance|[upkeep]\n|-heal|p2b: Ludicolo|54\/100|[from] Grassy Terrain\n|-heal|p2b: Ludicolo|60\/100|[from] item: Leftovers\n|-heal|p1b: Rillaboom|8\/100|[from] Grassy Terrain\n|upkeep\n|turn|4\n|\n|t:|1697538228\n|move|p2b: Ludicolo|Protect|p2b: Ludicolo\n|-singleturn|p2b: Ludicolo|Protect\n|move|p2a: Zapdos|Hurricane|p1b: Rillaboom\n|-supereffective|p1b: Rillaboom\n|-damage|p1b: Rillaboom|0 fnt\n|faint|p1b: Rillaboom\n|move|p1a: Clefairy|Cosmic Power|p1a: Clefairy\n|-boost|p1a: Clefairy|def|1\n|-boost|p1a: Clefairy|spd|1\n|\n|-weather|RainDance|[upkeep]\n|-heal|p2b: Ludicolo|66\/100|[from] Grassy Terrain\n|-heal|p2b: Ludicolo|73\/100|[from] item: Leftovers\n|upkeep\n|\n|t:|1697538240\n|switch|p1b: Moltres|Moltres-Galar|100\/100\n|turn|5\n|\n|t:|1697538253\n|move|p2b: Ludicolo|Surf|p1a: Clefairy|[spread] p2a,p1a,p1b\n|-damage|p2a: Zapdos|55\/100\n|-damage|p1a: Clefairy|91\/100\n|-damage|p1b: Moltres|84\/100\n|move|p2a: Zapdos|Thunder Wave|p1a: Clefairy|[miss]\n|-miss|p2a: Zapdos|p1a: Clefairy\n|move|p1b: Moltres|Hurricane|p2b: Ludicolo\n|-supereffective|p2b: Ludicolo\n|-damage|p2b: Ludicolo|0 fnt\n|faint|p2b: Ludicolo\n|move|p1a: Clefairy|Cosmic Power|p1a: Clefairy\n|-boost|p1a: Clefairy|def|1\n|-boost|p1a: Clefairy|spd|1\n|\n|-weather|RainDance|[upkeep]\n|-heal|p1a: Clefairy|97\/100|[from] Grassy Terrain\n|-sideend|p1: Leblades123|move: Light Screen\n|-fieldend|move: Grassy Terrain\n|upkeep\n|\n|t:|1697538269\n|switch|p2b: Basculegion|Basculegion, M|100\/100\n|turn|6\n|\n|t:|1697538276\n|move|p2b: Basculegion|Wave Crash|p1b: Moltres\n|-damage|p1b: Moltres|12\/100\n|-damage|p2b: Basculegion|77\/100|[from] Recoil\n|-ability|p1b: Moltres|Berserk|boost\n|-boost|p1b: Moltres|spa|1\n|-damage|p2b: Basculegion|67\/100|[from] item: Life Orb\n|move|p2a: Zapdos|Thunderbolt|p1b: Moltres\n|-supereffective|p1b: Moltres\n|-damage|p1b: Moltres|0 fnt\n|faint|p1b: Moltres\n|move|p1a: Clefairy|Reflect|p1a: Clefairy\n|-sidestart|p1: Leblades123|Reflect\n|\n|-weather|RainDance|[upkeep]\n|upkeep\n|\n|t:|1697538291\n|switch|p1b: Empoleon|Empoleon, M|100\/100\n|turn|7\n|\n|t:|1697538303\n|move|p2b: Basculegion|Flip Turn|p1b: Empoleon\n|-resisted|p1b: Empoleon\n|-damage|p1b: Empoleon|84\/100\n|-damage|p2b: Basculegion|57\/100|[from] item: Life Orb\n|\n|t:|1697538307\n|switch|p2b: Politoed|Politoed, M|100\/100|[from] Flip Turn\n|move|p2a: Zapdos|Thunderbolt|p1b: Empoleon\n|-supereffective|p1b: Empoleon\n|-crit|p1b: Empoleon\n|-damage|p1b: Empoleon|30\/100\n|move|p1b: Empoleon|Flash Cannon|p2a: Zapdos\n|-resisted|p2a: Zapdos\n|-damage|p2a: Zapdos|35\/100\n|move|p1a: Clefairy|Light Screen|p1a: Clefairy\n|-sidestart|p1: Leblades123|move: Light Screen\n|\n|-weather|RainDance|[upkeep]\n|upkeep\n|turn|8\n|\n|t:|1697538329\n|move|p1b: Empoleon|Vacuum Wave|p2a: Zapdos\n|-resisted|p2a: Zapdos\n|-damage|p2a: Zapdos|29\/100\n|move|p2a: Zapdos|Thunderbolt|p1b: Empoleon\n|-supereffective|p1b: Empoleon\n|-damage|p1b: Empoleon|9\/100\n|move|p2b: Politoed|Haze|p2b: Politoed\n|-clearallboost\n|move|p1a: Clefairy|Stored Power|p2a: Zapdos\n|-damage|p2a: Zapdos|26\/100\n|\n|-weather|none\n|upkeep\n|turn|9\n|\n|t:|1697538348\n|move|p1b: Empoleon|Vacuum Wave|p2a: Zapdos\n|-resisted|p2a: Zapdos\n|-damage|p2a: Zapdos|19\/100\n|move|p2a: Zapdos|Roost|p2a: Zapdos\n|-heal|p2a: Zapdos|69\/100\n|-singleturn|p2a: Zapdos|move: Roost\n|move|p2b: Politoed|Surf|p1a: Clefairy|[spread] p2a,p1a,p1b\n|-resisted|p1b: Empoleon\n|-damage|p2a: Zapdos|47\/100\n|-damage|p1a: Clefairy|84\/100\n|-damage|p1b: Empoleon|5\/100\n|move|p1a: Clefairy|Stored Power|p2a: Zapdos\n|-damage|p2a: Zapdos|43\/100\n|\n|upkeep\n|turn|10\n|\n|t:|1697538367\n|move|p2a: Zapdos|Roost|p2a: Zapdos\n|-heal|p2a: Zapdos|93\/100\n|-singleturn|p2a: Zapdos|move: Roost\n|move|p2b: Politoed|Icy Wind|p1b: Empoleon|[spread] p1a,p1b\n|-resisted|p1b: Empoleon\n|-damage|p1a: Clefairy|78\/100\n|-damage|p1b: Empoleon|4\/100\n|-unboost|p1a: Clefairy|spe|1\n|-unboost|p1b: Empoleon|spe|1\n|-ability|p1b: Empoleon|Competitive|boost\n|-boost|p1b: Empoleon|spa|2\n|move|p1b: Empoleon|Blizzard|p2b: Politoed|[spread] p2a,p2b\n|-resisted|p2b: Politoed\n|-damage|p2a: Zapdos|40\/100\n|-damage|p2b: Politoed|78\/100\n|move|p1a: Clefairy|Cosmic Power|p1a: Clefairy\n|-boost|p1a: Clefairy|def|1\n|-boost|p1a: Clefairy|spd|1\n|\n|-sideend|p1: Leblades123|Reflect\n|upkeep\n|turn|11\n|\n|t:|1697538396\n|move|p2a: Zapdos|Thunderbolt|p1b: Empoleon\n|-supereffective|p1b: Empoleon\n|-damage|p1b: Empoleon|0 fnt\n|faint|p1b: Empoleon\n|move|p2b: Politoed|Haze|p2b: Politoed\n|-clearallboost\n|move|p1a: Clefairy|Cosmic Power|p1a: Clefairy\n|-boost|p1a: Clefairy|def|1\n|-boost|p1a: Clefairy|spd|1\n|\n|-sideend|p1: Leblades123|move: Light Screen\n|upkeep\n|\n|t:|1697538402\n|switch|p1b: Snorlax|Snorlax, M|100\/100\n|turn|12\n|\n|t:|1697538419\n|move|p2a: Zapdos|Roost|p2a: Zapdos\n|-heal|p2a: Zapdos|90\/100\n|-singleturn|p2a: Zapdos|move: Roost\n|move|p2b: Politoed|Haze|p2b: Politoed\n|-clearallboost\n|move|p1a: Clefairy|Light Screen|p1a: Clefairy\n|-sidestart|p1: Leblades123|move: Light Screen\n|move|p1b: Snorlax|Curse|p1b: Snorlax\n|-unboost|p1b: Snorlax|spe|1\n|-boost|p1b: Snorlax|atk|1\n|-boost|p1b: Snorlax|def|1\n|\n|upkeep\n|turn|13\n|inactive|Leblades123 has 120 seconds left.\n|\n|t:|1697538450\n|move|p2a: Zapdos|Thunder Wave|p1a: Clefairy|[miss]\n|-miss|p2a: Zapdos|p1a: Clefairy\n|move|p2b: Politoed|Haze|p2b: Politoed\n|-clearallboost\n|move|p1a: Clefairy|Cosmic Power|p1a: Clefairy\n|-boost|p1a: Clefairy|def|1\n|-boost|p1a: Clefairy|spd|1\n|move|p1b: Snorlax|Body Slam|p2b: Politoed\n|-damage|p2b: Politoed|41\/100\n|\n|upkeep\n|turn|14\n|\n|t:|1697538464\n|switch|p2b: Basculegion|Basculegion, M|57\/100\n|move|p2a: Zapdos|Thunder Wave|p1a: Clefairy\n|-status|p1a: Clefairy|par\n|move|p1b: Snorlax|Body Slam|p2b: Basculegion\n|-immune|p2b: Basculegion\n|move|p1a: Clefairy|Cosmic Power|p1a: Clefairy\n|-boost|p1a: Clefairy|def|1\n|-boost|p1a: Clefairy|spd|1\n|\n|upkeep\n|turn|15\n|\n|t:|1697538480\n|move|p2a: Zapdos|Thunder Wave|p1b: Snorlax\n|-status|p1b: Snorlax|par\n|move|p2b: Basculegion|Flip Turn|p1a: Clefairy\n|-damage|p1a: Clefairy|62\/100 par\n|-damage|p2b: Basculegion|47\/100|[from] item: Life Orb\n|\n|t:|1697538491\n|switch|p2b: Gastrodon|Gastrodon, F|100\/100|[from] Flip Turn\n|move|p1a: Clefairy|Cosmic Power|p1a: Clefairy\n|-boost|p1a: Clefairy|def|1\n|-boost|p1a: Clefairy|spd|1\n|cant|p1b: Snorlax|par\n|\n|upkeep\n|turn|16\n|inactive|Leblades123 has 120 seconds left.\n|inactive|Leblades123 has 90 seconds left.\n|inactive|Leblades123 has 60 seconds left.\n|inactive|Leblades123 has 30 seconds left.\n|inactive|Leblades123 has 20 seconds left.\n|inactive|Leblades123 has 15 seconds left.\n|inactive|Leblades123 has 10 seconds left.\n|inactive|Leblades123 has 5 seconds left.\n|-message|Leblades123 lost due to inactivity.\n|\n|win|ghostly spectrum\n|raw|Leblades123's rating: 1133 &rarr; <strong>1107<\/strong><br \/>(-26 for losing)\n|raw|ghostly spectrum's rating: 1125 &rarr; <strong>1151<\/strong><br \/>(+26 for winning)\n","uploadtime":1697538673,"views":20,"p1id":"leblades123","p2id":"ghostlyspectrum","formatid":"gen9doublesou","rating":1107,"private":0,"password":""}