{"id":"gen9doublesou-1974239807","p1":"ThillywabbiT","p2":"OsitoGuapo15","format":"[Gen 9] Doubles OU","log":"|j|\u2606ThillywabbiT\n|j|\u2606OsitoGuapo15\n|t:|1698071159\n|gametype|doubles\n|player|p1|ThillywabbiT|darach-caitlin|1233\n|player|p2|OsitoGuapo15|acetrainer-gen4dp|1335\n|teamsize|p1|6\n|teamsize|p2|6\n|gen|9\n|tier|[Gen 9] Doubles OU\n|rated|\n|rule|Species Clause: Limit one of each Pok\u00e9mon\n|rule|OHKO Clause: OHKO moves are banned\n|rule|Evasion Moves Clause: Evasion moves are banned\n|rule|Gravity Sleep Clause: The combination of sleep-inducing moves with imperfect accuracy and Gravity or Gigantamax Orbeetle are banned\n|rule|Endless Battle Clause: Forcing endless battles is banned\n|rule|HP Percentage Mod: HP is shown in percentages\n|clearpoke\n|poke|p1|Clefairy, F|\n|poke|p1|Iron Moth|\n|poke|p1|Meowscarada, M|\n|poke|p1|Golduck, M|\n|poke|p1|Enamorus, F|\n|poke|p1|Electrode|\n|poke|p2|Hatterene, F|\n|poke|p2|Sableye, M|\n|poke|p2|Torkoal, M|\n|poke|p2|Sinistcha-Masterpiece|\n|poke|p2|Arboliva, F|\n|poke|p2|Lilligant-Hisui, F|\n|teampreview\n|\n|t:|1698071182\n|start\n|switch|p1a: Electrode|Electrode|100\/100\n|switch|p1b: Meowscarada|Meowscarada, M|100\/100\n|switch|p2a: Hatterene|Hatterene, F|100\/100\n|switch|p2b: Sableye|Sableye, M|100\/100\n|turn|1\n|\n|t:|1698071202\n|move|p2b: Sableye|Quash|p1a: Electrode\n|-activate|p1a: Electrode|move: Quash\n|move|p1b: Meowscarada|Trick|p2a: Hatterene\n|-start|p1b: Meowscarada|typechange|Psychic|[from] ability: Protean\n|-activate|p1b: Meowscarada|move: Trick|[of] p2a: Hatterene\n|-item|p2a: Hatterene|Choice Band|[from] move: Trick\n|-item|p1b: Meowscarada|Covert Cloak|[from] move: Trick\n|move|p2a: Hatterene|Dazzling Gleam|p1b: Meowscarada|[spread] p1a,p1b\n|-damage|p1a: Electrode|45\/100\n|-damage|p1b: Meowscarada|47\/100\n|move|p1a: Electrode|Taunt|p2b: Sableye\n|-start|p2b: Sableye|move: Taunt\n|\n|upkeep\n|turn|2\n|\n|t:|1698071229\n|move|p1a: Electrode|Screech|p2b: Sableye\n|-unboost|p2b: Sableye|def|2\n|move|p1b: Meowscarada|Knock Off|p2b: Sableye\n|-damage|p2b: Sableye|14\/100\n|-enditem|p2b: Sableye|Focus Sash|[from] move: Knock Off|[of] p1b: Meowscarada\n|move|p2b: Sableye|Knock Off|p1a: Electrode\n|-damage|p1a: Electrode|0 fnt\n|-damage|p2b: Sableye|0 fnt|[from] ability: Aftermath|[of] p1a: Electrode\n|faint|p1a: Electrode\n|faint|p2b: Sableye\n|move|p2a: Hatterene|Dazzling Gleam|p1b: Meowscarada\n|-damage|p1b: Meowscarada|0 fnt\n|faint|p1b: Meowscarada\n|\n|upkeep\n|\n|t:|1698071257\n|switch|p1a: Clefairy|Clefairy, F|100\/100\n|switch|p1b: Iron Moth|Iron Moth|100\/100\n|switch|p2b: Torkoal|Torkoal, M|100\/100\n|-weather|SunnyDay|[from] ability: Drought|[of] p2b: Torkoal\n|-enditem|p1b: Iron Moth|Booster Energy\n|-activate|p1b: Iron Moth|ability: Quark Drive|[fromitem]\n|-start|p1b: Iron Moth|quarkdrivespa\n|turn|3\n|\n|t:|1698071292\n|-terastallize|p1a: Clefairy|Steel\n|move|p1a: Clefairy|Helping Hand|p1b: Iron Moth\n|-singleturn|p1b: Iron Moth|Helping Hand|[of] p1a: Clefairy\n|move|p2b: Torkoal|Protect|p2b: Torkoal\n|-singleturn|p2b: Torkoal|Protect\n|move|p1b: Iron Moth|Sludge Wave|p2b: Torkoal|[spread] p2a\n|-activate|p2b: Torkoal|move: Protect\n|-immune|p1a: Clefairy\n|-supereffective|p2a: Hatterene\n|-damage|p2a: Hatterene|0 fnt\n|faint|p2a: Hatterene\n|\n|-weather|SunnyDay|[upkeep]\n|upkeep\n|inactive|Battle timer is ON: inactive players will automatically lose when time's up. (requested by ThillywabbiT)\n|\n|t:|1698071314\n|switch|p2a: Lilligant|Lilligant-Hisui, F|100\/100\n|turn|4\n|\n|t:|1698071329\n|switch|p1a: Golduck|Golduck, M|100\/100\n|-ability|p1a: Golduck|Cloud Nine\n|move|p2a: Lilligant|After You|p2b: Torkoal\n|-activate|p2b: Torkoal|move: After You\n|move|p2b: Torkoal|Earth Power|p1b: Iron Moth\n|-supereffective|p1b: Iron Moth\n|-damage|p1b: Iron Moth|0 fnt\n|faint|p1b: Iron Moth\n|-end|p1b: Iron Moth|Quark Drive|[silent]\n|\n|-weather|SunnyDay|[upkeep]\n|upkeep\n|\n|t:|1698071341\n|switch|p1b: Clefairy|Clefairy, F, tera:Steel|100\/100\n|turn|5\n|\n|t:|1698071352\n|switch|p1b: Enamorus|Enamorus, F|100\/100\n|move|p2b: Torkoal|Helping Hand|p2a: Lilligant\n|-singleturn|p2a: Lilligant|Helping Hand|[of] p2b: Torkoal\n|move|p2a: Lilligant|Leaf Blade|p1b: Enamorus\n|-resisted|p1b: Enamorus\n|-damage|p1b: Enamorus|66\/100\n|move|p1a: Golduck|Hydro Pump|p2b: Torkoal\n|-supereffective|p2b: Torkoal\n|-damage|p2b: Torkoal|0 fnt\n|faint|p2b: Torkoal\n|\n|-weather|SunnyDay|[upkeep]\n|upkeep\n|\n|t:|1698071367\n|switch|p2b: Arboliva|Arboliva, F|100\/100\n|turn|6\n|\n|t:|1698071388\n|switch|p1a: Clefairy|Clefairy, F, tera:Steel|100\/100\n|move|p2b: Arboliva|Protect|p2b: Arboliva\n|-singleturn|p2b: Arboliva|Protect\n|move|p2a: Lilligant|Leaf Blade|p1a: Clefairy\n|-resisted|p1a: Clefairy\n|-damage|p1a: Clefairy|81\/100\n|move|p1b: Enamorus|Draining Kiss|p2a: Lilligant\n|-supereffective|p2a: Lilligant\n|-damage|p2a: Lilligant|24\/100\n|-heal|p1b: Enamorus|100\/100|[from] drain|[of] p2a: Lilligant\n|\n|-weather|SunnyDay|[upkeep]\n|upkeep\n|turn|7\n|inactive|OsitoGuapo15 has 120 seconds left.\n|\n|t:|1698071425\n|switch|p1a: Golduck|Golduck, M|100\/100\n|-ability|p1a: Golduck|Cloud Nine\n|-terastallize|p2b: Arboliva|Fire\n|move|p2a: Lilligant|After You|p2b: Arboliva\n|-activate|p2b: Arboliva|move: After You\n|move|p2b: Arboliva|Tera Blast|p1a: Golduck|[anim] Tera Blast Fire\n|-resisted|p1a: Golduck\n|-damage|p1a: Golduck|73\/100\n|move|p1b: Enamorus|Draining Kiss|p2a: Lilligant\n|-supereffective|p2a: Lilligant\n|-damage|p2a: Lilligant|0 fnt\n|faint|p2a: Lilligant\n|\n|-weather|SunnyDay|[upkeep]\n|upkeep\n|\n|t:|1698071441\n|switch|p2a: Sinistcha|Sinistcha-Masterpiece|100\/100\n|turn|8\n|inactive|OsitoGuapo15 has 120 seconds left.\n|\n|t:|1698071454\n|move|p2b: Arboliva|Protect|p2b: Arboliva\n|-singleturn|p2b: Arboliva|Protect\n|move|p1b: Enamorus|Fly||[still]\n|-prepare|p1b: Enamorus|Fly\n|move|p1a: Golduck|Hydro Pump|p2b: Arboliva\n|-activate|p2b: Arboliva|move: Protect\n|move|p2a: Sinistcha|Trick Room|p2a: Sinistcha\n|-fieldstart|move: Trick Room|[of] p2a: Sinistcha\n|\n|-weather|SunnyDay|[upkeep]\n|upkeep\n|turn|9\n|\n|t:|1698071473\n|move|p2b: Arboliva|Energy Ball|p1a: Golduck\n|-supereffective|p1a: Golduck\n|-damage|p1a: Golduck|0 fnt\n|faint|p1a: Golduck\n|move|p2a: Sinistcha|Matcha Gotcha|p1b: Enamorus|[miss]\n|-miss|p2a: Sinistcha|p1b: Enamorus\n|move|p1b: Enamorus|Fly|p2a: Sinistcha|[from]lockedmove\n|-supereffective|p2a: Sinistcha\n|-damage|p2a: Sinistcha|26\/100\n|-damage|p1b: Enamorus|84\/100|[from] item: Rocky Helmet|[of] p2a: Sinistcha\n|\n|-weather|SunnyDay|[upkeep]\n|upkeep\n|\n|t:|1698071483\n|switch|p1a: Clefairy|Clefairy, F, tera:Steel|81\/100\n|turn|10\n|\n|t:|1698071496\n|move|p1a: Clefairy|Helping Hand|p1b: Enamorus\n|-singleturn|p1b: Enamorus|Helping Hand|[of] p1a: Clefairy\n|move|p2b: Arboliva|Tera Blast|p1a: Clefairy|[anim] Tera Blast Fire\n|-supereffective|p1a: Clefairy\n|-damage|p1a: Clefairy|0 fnt\n|faint|p1a: Clefairy\n|move|p2a: Sinistcha|Matcha Gotcha|p1b: Enamorus\n|-resisted|p1b: Enamorus\n|-damage|p1b: Enamorus|65\/100\n|-heal|p2a: Sinistcha|34\/100|[from] drain|[of] p1b: Enamorus\n|move|p1b: Enamorus|Earth Power|p2b: Arboliva\n|-supereffective|p2b: Arboliva\n|-damage|p2b: Arboliva|27\/100\n|\n|-weather|none\n|upkeep\n|turn|11\n|\n|t:|1698071522\n|move|p2b: Arboliva|Hyper Voice|p1b: Enamorus\n|-damage|p1b: Enamorus|20\/100\n|move|p2a: Sinistcha|Matcha Gotcha|p1b: Enamorus\n|-resisted|p1b: Enamorus\n|-damage|p1b: Enamorus|0 fnt\n|-heal|p2a: Sinistcha|43\/100|[from] drain|[of] p1b: Enamorus\n|faint|p1b: Enamorus\n|\n|win|OsitoGuapo15\n|raw|ThillywabbiT's rating: 1233 &rarr; <strong>1215<\/strong><br \/>(-18 for losing)\n|raw|OsitoGuapo15's rating: 1335 &rarr; <strong>1349<\/strong><br \/>(+14 for winning)\n|l|\u2606ThillywabbiT\n|c|\u2606OsitoGuapo15|Ggs\n","uploadtime":1698071538,"views":19,"p1id":"thillywabbit","p2id":"ositoguapo15","formatid":"gen9doublesou","rating":1215,"private":0,"password":""}