{"id":"gen9doublesou-1992228828","p1":"EL145898","p2":"tonyZ14","format":"[Gen 9] Doubles OU","log":"|j|\u2606EL145898\n|j|\u2606tonyZ14\n|t:|1700165769\n|gametype|doubles\n|player|p1|EL145898|265|1233\n|player|p2|tonyZ14|supernerd|1371\n|teamsize|p1|6\n|teamsize|p2|6\n|gen|9\n|tier|[Gen 9] Doubles OU\n|rated|\n|rule|Species Clause: Limit one of each Pok\u00e9mon\n|rule|OHKO Clause: OHKO moves are banned\n|rule|Evasion Moves Clause: Evasion moves are banned\n|rule|Gravity Sleep Clause: The combination of sleep-inducing moves with imperfect accuracy and Gravity or Gigantamax Orbeetle are banned\n|rule|Endless Battle Clause: Forcing endless battles is banned\n|rule|HP Percentage Mod: HP is shown in percentages\n|clearpoke\n|poke|p1|Meowscarada, M|\n|poke|p1|Krookodile, M|\n|poke|p1|Kingambit, F|\n|poke|p1|Armarouge, M|\n|poke|p1|Indeedee-F, F|\n|poke|p1|Iron Bundle|\n|poke|p2|Thundurus, M|\n|poke|p2|Sneasler, F|\n|poke|p2|Gastrodon, F|\n|poke|p2|Walking Wake|\n|poke|p2|Kingambit, M|\n|poke|p2|Infernape, F|\n|teampreview\n|\n|t:|1700165801\n|start\n|switch|p1a: Meowscarada|Meowscarada, M|100\/100\n|switch|p1b: Krookodile|Krookodile, M|100\/100\n|switch|p2a: Sneasler|Sneasler, F|100\/100\n|switch|p2b: Thundurus|Thundurus, M|100\/100\n|turn|1\n|inactive|Battle timer is ON: inactive players will automatically lose when time's up. (requested by EL145898)\n|\n|t:|1700165818\n|switch|p1a: Kingambit|Kingambit, F|100\/100\n|switch|p1b: Indeedee|Indeedee-F, F|100\/100\n|-fieldstart|move: Psychic Terrain|[from] ability: Psychic Surge|[of] p1b: Indeedee\n|move|p2b: Thundurus|Swagger|p1a: Kingambit\n|-activate|p1a: Kingambit|move: Psychic Terrain\n|move|p2a: Sneasler|Close Combat|p1b: Indeedee\n|-damage|p1b: Indeedee|0 fnt\n|-unboost|p2a: Sneasler|def|1\n|-unboost|p2a: Sneasler|spd|1\n|faint|p1b: Indeedee\n|\n|upkeep\n|\n|t:|1700165824\n|switch|p1b: Iron Bundle|Iron Bundle|100\/100\n|turn|2\n|\n|t:|1700165837\n|switch|p1a: Armarouge|Armarouge, M|100\/100\n|move|p2b: Thundurus|Swagger|p1b: Iron Bundle\n|-activate|p1b: Iron Bundle|move: Psychic Terrain\n|move|p1b: Iron Bundle|Flip Turn|p1a: Armarouge\n|-supereffective|p1a: Armarouge\n|-damage|p1a: Armarouge|65\/100\n|-ability|p1a: Armarouge|Weak Armor|boost\n|-unboost|p1a: Armarouge|def|1\n|-boost|p1a: Armarouge|spe|2\n|-enditem|p2a: Sneasler|Mirror Herb\n|-boost|p2a: Sneasler|spe|2|[from] item: Mirror Herb\n|-enditem|p1a: Armarouge|Weakness Policy\n|-boost|p1a: Armarouge|atk|2|[from] item: Weakness Policy\n|-boost|p1a: Armarouge|spa|2|[from] item: Weakness Policy\n|\n|t:|1700165851\n|-end|p1b: Iron Bundle|Quark Drive|[silent]\n|switch|p1b: Kingambit|Kingambit, F|100\/100|[from] Flip Turn\n|move|p2a: Sneasler|Close Combat|p1a: Armarouge\n|-resisted|p1a: Armarouge\n|-damage|p1a: Armarouge|9\/100\n|-unboost|p2a: Sneasler|def|1\n|-unboost|p2a: Sneasler|spd|1\n|-ability|p1a: Armarouge|Weak Armor|boost\n|-unboost|p1a: Armarouge|def|1\n|-boost|p1a: Armarouge|spe|2\n|\n|upkeep\n|turn|3\n|\n|t:|1700165866\n|move|p1b: Kingambit|Sucker Punch|p2a: Sneasler\n|-activate|p2a: Sneasler|move: Psychic Terrain\n|move|p2a: Sneasler|Close Combat|p1b: Kingambit\n|-supereffective|p1b: Kingambit\n|-damage|p1b: Kingambit|0 fnt\n|-unboost|p2a: Sneasler|def|1\n|-unboost|p2a: Sneasler|spd|1\n|faint|p1b: Kingambit\n|move|p1a: Armarouge|Expanding Force|p2a: Sneasler|[spread] p2a,p2b\n|-supereffective|p2a: Sneasler\n|-damage|p2a: Sneasler|0 fnt\n|-damage|p2b: Thundurus|0 fnt\n|faint|p2a: Sneasler\n|faint|p2b: Thundurus\n|\n|upkeep\n|\n|t:|1700165884\n|switch|p2a: Walking Wake|Walking Wake|100\/100\n|switch|p2b: Gastrodon|Gastrodon, F|100\/100\n|switch|p1b: Iron Bundle|Iron Bundle|100\/100\n|-enditem|p2a: Walking Wake|Booster Energy\n|-activate|p2a: Walking Wake|ability: Protosynthesis|[fromitem]\n|-start|p2a: Walking Wake|protosynthesisspa\n|turn|4\n|\n|t:|1700165895\n|move|p1a: Armarouge|Expanding Force|p2a: Walking Wake|[spread] p2a,p2b\n|-damage|p2a: Walking Wake|0 fnt\n|-damage|p2b: Gastrodon|22\/100\n|faint|p2a: Walking Wake\n|-end|p2a: Walking Wake|Protosynthesis|[silent]\n|move|p1b: Iron Bundle|Freeze-Dry|p2b: Gastrodon\n|-supereffective|p2b: Gastrodon\n|-damage|p2b: Gastrodon|0 fnt\n|faint|p2b: Gastrodon\n|\n|upkeep\n|\n|t:|1700165901\n|switch|p2a: Infernape|Infernape, F|100\/100\n|switch|p2b: Kingambit|Kingambit, M|100\/100\n|turn|5\n|\n|t:|1700165919\n|-terastallize|p2a: Infernape|Fairy\n|move|p1a: Armarouge|Heat Wave|p2a: Infernape|[spread] p2a,p2b\n|-crit|p2a: Infernape\n|-supereffective|p2b: Kingambit\n|-damage|p2a: Infernape|13\/100\n|-damage|p2b: Kingambit|0 fnt\n|faint|p2b: Kingambit\n|move|p1b: Iron Bundle|Hydro Pump|p2a: Infernape\n|-damage|p2a: Infernape|0 fnt\n|faint|p2a: Infernape\n|\n|win|EL145898\n|raw|EL145898's rating: 1233 &rarr; <strong>1267<\/strong><br \/>(+34 for winning)\n|raw|tonyZ14's rating: 1371 &rarr; <strong>1343<\/strong><br \/>(-28 for losing)\n|l|\u2606tonyZ14\n","uploadtime":1700165928,"views":8,"p1id":"el145898","p2id":"tonyz14","formatid":"gen9doublesou","rating":1267,"private":0,"password":""}