{"id":"gen9doublesou-1992527158","p1":"vegetasfeet","p2":"WaveVerano","format":"[Gen 9] Doubles OU","log":"|j|\u2606vegetasfeet\n|j|\u2606WaveVerano\n|t:|1700199861\n|gametype|doubles\n|player|p1|vegetasfeet|brycen|1167\n|player|p2|WaveVerano|policeman-gen4|1025\n|teamsize|p1|6\n|teamsize|p2|6\n|gen|9\n|tier|[Gen 9] Doubles OU\n|rated|\n|rule|Species Clause: Limit one of each Pok\u00e9mon\n|rule|OHKO Clause: OHKO moves are banned\n|rule|Evasion Moves Clause: Evasion moves are banned\n|rule|Gravity Sleep Clause: The combination of sleep-inducing moves with imperfect accuracy and Gravity or Gigantamax Orbeetle are banned\n|rule|Endless Battle Clause: Forcing endless battles is banned\n|rule|HP Percentage Mod: HP is shown in percentages\n|clearpoke\n|poke|p1|Rillaboom, F|\n|poke|p1|Pelipper, F|\n|poke|p1|Tornadus, M|\n|poke|p1|Flutter Mane|\n|poke|p1|Iron Bundle|\n|poke|p1|Goodra-Hisui, M|\n|poke|p2|Corviknight, M|\n|poke|p2|Arcanine-Hisui, M|\n|poke|p2|Floatzel, F|\n|poke|p2|Goodra-Hisui, M|\n|poke|p2|Gastrodon, M|\n|poke|p2|Haxorus, M|\n|teampreview\n|inactive|Battle timer is ON: inactive players will automatically lose when time's up. (requested by vegetasfeet)\n|inactive|WaveVerano has 120 seconds left.\n|\n|t:|1700199902\n|start\n|switch|p1a: Pelipper|Pelipper, F, shiny|100\/100\n|switch|p1b: Rillaboom|Rillaboom, F, shiny|100\/100\n|switch|p2a: Haxorus|Haxorus, M|100\/100\n|switch|p2b: Gastrodon|Gastrodon, M|100\/100\n|-ability|p2a: Haxorus|Mold Breaker\n|-fieldstart|move: Grassy Terrain|[from] ability: Grassy Surge|[of] p1b: Rillaboom\n|-weather|RainDance|[from] ability: Drizzle|[of] p1a: Pelipper\n|turn|1\n|inactive|vegetasfeet has 120 seconds left.\n|inactive|WaveVerano has 120 seconds left.\n|\n|t:|1700199936\n|move|p2a: Haxorus|First Impression|p1b: Rillaboom\n|-supereffective|p1b: Rillaboom\n|-damage|p1b: Rillaboom|43\/100\n|move|p1b: Rillaboom|Grassy Glide|p2b: Gastrodon\n|-supereffective|p2b: Gastrodon\n|-damage|p2b: Gastrodon|0 fnt\n|faint|p2b: Gastrodon\n|move|p1a: Pelipper|Knock Off|p2a: Haxorus\n|-damage|p2a: Haxorus|88\/100\n|-enditem|p2a: Haxorus|Assault Vest|[from] move: Knock Off|[of] p1a: Pelipper\n|\n|-weather|RainDance|[upkeep]\n|-heal|p2a: Haxorus|94\/100|[from] Grassy Terrain\n|-heal|p1b: Rillaboom|49\/100|[from] Grassy Terrain\n|upkeep\n|inactive|WaveVerano has 120 seconds left.\n|\n|t:|1700199953\n|switch|p2b: Arcanine|Arcanine-Hisui, M|100\/100\n|-ability|p2b: Arcanine|Intimidate|boost\n|-unboost|p1a: Pelipper|atk|1\n|-unboost|p1b: Rillaboom|atk|1\n|turn|2\n|\n|t:|1700199974\n|switch|p1b: James Murray|Goodra-Hisui, M, shiny|100\/100\n|-terastallize|p2b: Arcanine|Rock\n|move|p2b: Arcanine|Rock Slide|p1a: Pelipper|[spread] \n|-miss|p2b: Arcanine|p1a: Pelipper\n|-miss|p2b: Arcanine|p1b: James Murray\n|move|p2a: Haxorus|Dragon Claw|p1b: James Murray\n|-damage|p1b: James Murray|55\/100\n|move|p1a: Pelipper|Surf|p2b: Arcanine|[spread] p1b,p2a,p2b\n|-resisted|p1b: James Murray\n|-resisted|p2a: Haxorus\n|-supereffective|p2b: Arcanine\n|-crit|p2b: Arcanine\n|-damage|p1b: James Murray|42\/100\n|-damage|p2a: Haxorus|71\/100\n|-damage|p2b: Arcanine|0 fnt\n|faint|p2b: Arcanine\n|\n|-weather|RainDance|[upkeep]\n|-heal|p2a: Haxorus|77\/100|[from] Grassy Terrain\n|-heal|p1b: James Murray|48\/100|[from] Grassy Terrain\n|upkeep\n|inactive|WaveVerano has 120 seconds left.\n|\n|t:|1700200000\n|switch|p2b: Corviknight|Corviknight, M|100\/100\n|-ability|p2b: Corviknight|Pressure\n|turn|3\n|inactive|WaveVerano has 120 seconds left.\n|inactive|vegetasfeet has 120 seconds left.\n|\n|t:|1700200031\n|switch|p1a: Tornadus|Tornadus, M, shiny|100\/100\n|move|p2a: Haxorus|Dragon Claw|p1b: James Murray\n|-damage|p1b: James Murray|0 fnt\n|faint|p1b: James Murray\n|move|p2b: Corviknight|Brave Bird|p1a: Tornadus\n|-damage|p1a: Tornadus|57\/100\n|-damage|p2b: Corviknight|86\/100|[from] Recoil\n|\n|-weather|RainDance|[upkeep]\n|-heal|p2a: Haxorus|83\/100|[from] Grassy Terrain\n|upkeep\n|inactive|vegetasfeet has 120 seconds left.\n|\n|t:|1700200042\n|switch|p1b: Iron Bundle|Iron Bundle, shiny|100\/100\n|-enditem|p1b: Iron Bundle|Booster Energy\n|-activate|p1b: Iron Bundle|ability: Quark Drive|[fromitem]\n|-start|p1b: Iron Bundle|quarkdrivespe\n|turn|4\n|inactive|vegetasfeet has 120 seconds left.\n|\n|t:|1700200063\n|move|p1a: Tornadus|Tailwind|p1a: Tornadus\n|-sidestart|p1: vegetasfeet|move: Tailwind\n|move|p1b: Iron Bundle|Ice Beam|p2a: Haxorus\n|-supereffective|p2a: Haxorus\n|-damage|p2a: Haxorus|0 fnt\n|faint|p2a: Haxorus\n|move|p2b: Corviknight|Brave Bird|p1a: Tornadus\n|-damage|p1a: Tornadus|9\/100\n|-damage|p2b: Corviknight|71\/100|[from] Recoil\n|\n|-weather|RainDance|[upkeep]\n|upkeep\n|\n|t:|1700200076\n|switch|p2a: Goodra|Goodra-Hisui, M|100\/100\n|turn|5\n|\n|t:|1700200086\n|move|p1a: Tornadus|Taunt|p2a: Goodra\n|-start|p2a: Goodra|move: Taunt\n|move|p1b: Iron Bundle|Icy Wind|p2a: Goodra|[spread] p2a,p2b\n|-crit|p2b: Corviknight\n|-damage|p2a: Goodra|91\/100\n|-damage|p2b: Corviknight|41\/100\n|-unboost|p2a: Goodra|spe|1\n|-unboost|p2b: Corviknight|spe|1\n|move|p2a: Goodra|Flash Cannon|p1b: Iron Bundle\n|-damage|p1b: Iron Bundle|53\/100\n|move|p2b: Corviknight|Brave Bird|p1a: Tornadus\n|-damage|p1a: Tornadus|0 fnt\n|faint|p1a: Tornadus\n|-damage|p2b: Corviknight|38\/100|[from] Recoil\n|\n|-weather|RainDance|[upkeep]\n|-heal|p1b: Iron Bundle|59\/100|[from] Grassy Terrain\n|-heal|p2a: Goodra|97\/100|[from] Grassy Terrain\n|-heal|p2a: Goodra|100\/100|[from] item: Leftovers\n|-fieldend|move: Grassy Terrain\n|upkeep\n|\n|t:|1700200105\n|switch|p1a: Rillaboom|Rillaboom, F, shiny|49\/100\n|-fieldstart|move: Grassy Terrain|[from] ability: Grassy Surge|[of] p1a: Rillaboom\n|turn|6\n|\n|t:|1700200123\n|move|p1b: Iron Bundle|Ice Beam|p2b: Corviknight\n|-damage|p2b: Corviknight|0 fnt\n|faint|p2b: Corviknight\n|move|p1a: Rillaboom|Brick Break|p2a: Goodra\n|-supereffective|p2a: Goodra\n|-damage|p2a: Goodra|53\/100\n|-ability|p2a: Goodra|Gooey\n|-unboost|p1a: Rillaboom|spe|1\n|move|p2a: Goodra|Flash Cannon|p1b: Iron Bundle\n|-damage|p1b: Iron Bundle|8\/100\n|\n|-weather|RainDance|[upkeep]\n|-heal|p1b: Iron Bundle|14\/100|[from] Grassy Terrain\n|-heal|p1a: Rillaboom|55\/100|[from] Grassy Terrain\n|-heal|p2a: Goodra|59\/100|[from] Grassy Terrain\n|-heal|p2a: Goodra|65\/100|[from] item: Leftovers\n|upkeep\n|inactive|WaveVerano has 120 seconds left.\n|\n|t:|1700200144\n|switch|p2b: Floatzel|Floatzel, F|100\/100\n|turn|7\n|\n|t:|1700200153\n|move|p2b: Floatzel|Aqua Jet|p1b: Iron Bundle\n|-resisted|p1b: Iron Bundle\n|-damage|p1b: Iron Bundle|2\/100\n|move|p1a: Rillaboom|Grassy Glide|p2b: Floatzel\n|-supereffective|p2b: Floatzel\n|-damage|p2b: Floatzel|0 fnt\n|faint|p2b: Floatzel\n|move|p1b: Iron Bundle|Freeze-Dry|p2a: Goodra\n|-damage|p2a: Goodra|47\/100\n|-status|p2a: Goodra|frz\n|cant|p2a: Goodra|frz\n|\n|-weather|RainDance|[upkeep]\n|-heal|p1b: Iron Bundle|9\/100|[from] Grassy Terrain\n|-heal|p1a: Rillaboom|61\/100|[from] Grassy Terrain\n|-heal|p2a: Goodra|53\/100 frz|[from] Grassy Terrain\n|-heal|p2a: Goodra|59\/100 frz|[from] item: Leftovers\n|-end|p2a: Goodra|move: Taunt\n|-sideend|p1: vegetasfeet|move: Tailwind\n|upkeep\n|turn|8\n|\n|t:|1700200179\n|move|p1b: Iron Bundle|Ice Beam|p2a: Goodra\n|-damage|p2a: Goodra|39\/100 frz\n|move|p1a: Rillaboom|Brick Break|p2a: Goodra\n|-supereffective|p2a: Goodra\n|-damage|p2a: Goodra|0 fnt\n|-ability|p2a: Goodra|Gooey\n|-unboost|p1a: Rillaboom|spe|1\n|faint|p2a: Goodra\n|\n|win|vegetasfeet\n|raw|vegetasfeet's rating: 1167 &rarr; <strong>1182<\/strong><br \/>(+15 for winning)\n|raw|WaveVerano's rating: 1025 &rarr; <strong>1017<\/strong><br \/>(-8 for losing)\n","uploadtime":1700200184,"views":10,"p1id":"vegetasfeet","p2id":"waveverano","formatid":"gen9doublesou","rating":1017,"private":0,"password":""}