{"id":"gen9doublesou-1992238552","p1":"MatheusHetero","p2":"iugiugiuyg","format":"[Gen 9] Doubles OU","log":"|j|\u2606MatheusHetero\n|j|\u2606iugiugiuyg\n|t:|1700166629\n|gametype|doubles\n|player|p1|MatheusHetero|sage|1095\n|player|p2|iugiugiuyg|266|1103\n|teamsize|p1|6\n|teamsize|p2|6\n|gen|9\n|tier|[Gen 9] Doubles OU\n|rated|\n|rule|Species Clause: Limit one of each Pok\u00e9mon\n|rule|OHKO Clause: OHKO moves are banned\n|rule|Evasion Moves Clause: Evasion moves are banned\n|rule|Gravity Sleep Clause: The combination of sleep-inducing moves with imperfect accuracy and Gravity or Gigantamax Orbeetle are banned\n|rule|Endless Battle Clause: Forcing endless battles is banned\n|rule|HP Percentage Mod: HP is shown in percentages\n|clearpoke\n|poke|p1|Slaking, M|\n|poke|p1|Glimmora, F|\n|poke|p1|Sylveon, M|\n|poke|p1|Espathra, F|\n|poke|p1|Greninja-*, M|\n|poke|p1|Espeon, F|\n|poke|p2|Ninetales, M|\n|poke|p2|Dragapult, M|\n|poke|p2|Rillaboom, F|\n|poke|p2|Gastrodon, F|\n|poke|p2|Kingambit, F|\n|poke|p2|Cresselia, F|\n|teampreview\n|inactive|Battle timer is ON: inactive players will automatically lose when time's up. (requested by MatheusHetero)\n|\n|t:|1700166638\n|start\n|switch|p1a: Glimmora|Glimmora, F, shiny|100\/100\n|switch|p1b: Greninja|Greninja, M|100\/100\n|switch|p2a: Rillaboom|Rillaboom, F|100\/100\n|switch|p2b: Cresselia|Cresselia, F|100\/100\n|-fieldstart|move: Grassy Terrain|[from] ability: Grassy Surge|[of] p2a: Rillaboom\n|turn|1\n|\n|t:|1700166656\n|move|p1b: Greninja|Ice Beam|p2a: Rillaboom\n|-supereffective|p2a: Rillaboom\n|-damage|p2a: Rillaboom|55\/100\n|move|p2a: Rillaboom|Wood Hammer|p1b: Greninja\n|-supereffective|p1b: Greninja\n|-damage|p1b: Greninja|0 fnt\n|faint|p1b: Greninja\n|-damage|p2a: Rillaboom|27\/100|[from] Recoil\n|move|p1a: Glimmora|Stealth Rock|p2a: Rillaboom\n|-sidestart|p2: iugiugiuyg|move: Stealth Rock\n|move|p2b: Cresselia|Calm Mind|p2b: Cresselia\n|-boost|p2b: Cresselia|spa|1\n|-boost|p2b: Cresselia|spd|1\n|\n|-heal|p2a: Rillaboom|33\/100|[from] Grassy Terrain\n|upkeep\n|\n|t:|1700166670\n|switch|p1b: Espathra|Espathra, F, shiny|100\/100\n|turn|2\n|\n|t:|1700166694\n|move|p1b: Espathra|Protect|p1b: Espathra\n|-singleturn|p1b: Espathra|Protect\n|move|p2a: Rillaboom|U-turn|p1b: Espathra\n|-activate|p1b: Espathra|move: Protect\n|move|p1a: Glimmora|Mortal Spin|p2b: Cresselia|[spread] p2a,p2b\n|-supereffective|p2a: Rillaboom\n|-crit|p2b: Cresselia\n|-damage|p2a: Rillaboom|22\/100\n|-damage|p2b: Cresselia|96\/100\n|-status|p2a: Rillaboom|psn\n|-status|p2b: Cresselia|psn\n|move|p2b: Cresselia|Trick Room|p2b: Cresselia\n|-fieldstart|move: Trick Room|[of] p2b: Cresselia\n|\n|-heal|p2b: Cresselia|100\/100 psn|[from] item: Leftovers\n|-heal|p2a: Rillaboom|28\/100 psn|[from] Grassy Terrain\n|-damage|p2b: Cresselia|88\/100 psn|[from] psn\n|-damage|p2a: Rillaboom|16\/100 psn|[from] psn\n|-ability|p1b: Espathra|Speed Boost|boost\n|-boost|p1b: Espathra|spe|1\n|upkeep\n|turn|3\n|inactive|MatheusHetero has 120 seconds left.\n|\n|t:|1700166732\n|move|p2b: Cresselia|Lunar Blessing|p2b: Cresselia|[spread] p2a,p2b\n|-heal|p2a: Rillaboom|41\/100 psn\n|-curestatus|p2a: Rillaboom|psn|[msg]\n|-heal|p2b: Cresselia|100\/100 psn\n|-curestatus|p2b: Cresselia|psn|[msg]\n|move|p1a: Glimmora|Power Gem|p2b: Cresselia\n|-damage|p2b: Cresselia|85\/100\n|move|p2a: Rillaboom|U-turn|p1b: Espathra\n|-supereffective|p1b: Espathra\n|-damage|p1b: Espathra|26\/100\n|-enditem|p1b: Espathra|Sitrus Berry|[eat]\n|-heal|p1b: Espathra|51\/100|[from] item: Sitrus Berry\n|\n|t:|1700166747\n|switch|p2a: Dragapult|Dragapult, M|100\/100|[from] U-turn\n|-damage|p2a: Dragapult|88\/100|[from] Stealth Rock\n|move|p1b: Espathra|Lumina Crash|p2a: Dragapult\n|-damage|p2a: Dragapult|44\/100\n|\n|-heal|p2b: Cresselia|91\/100|[from] item: Leftovers\n|-heal|p2a: Dragapult|50\/100|[from] Grassy Terrain\n|-heal|p1b: Espathra|57\/100|[from] Grassy Terrain\n|-ability|p1b: Espathra|Speed Boost|boost\n|-boost|p1b: Espathra|spe|1\n|upkeep\n|turn|4\n|\n|t:|1700166763\n|move|p1b: Espathra|Protect|p1b: Espathra\n|-singleturn|p1b: Espathra|Protect\n|move|p2b: Cresselia|Lunar Blessing|p2b: Cresselia|[spread] p2a,p2b\n|-heal|p2a: Dragapult|75\/100\n|-heal|p2b: Cresselia|100\/100\n|move|p1a: Glimmora|Mortal Spin|p2b: Cresselia|[spread] p2a,p2b\n|-resisted|p2a: Dragapult\n|-damage|p2a: Dragapult|71\/100\n|-damage|p2b: Cresselia|97\/100\n|-status|p2a: Dragapult|psn\n|-status|p2b: Cresselia|psn\n|move|p2a: Dragapult|U-turn|p1b: Espathra\n|-activate|p1b: Espathra|move: Protect\n|\n|-heal|p2b: Cresselia|100\/100 psn|[from] item: Leftovers\n|-heal|p2a: Dragapult|77\/100 psn|[from] Grassy Terrain\n|-heal|p1b: Espathra|63\/100|[from] Grassy Terrain\n|-damage|p2b: Cresselia|88\/100 psn|[from] psn\n|-damage|p2a: Dragapult|65\/100 psn|[from] psn\n|-ability|p1b: Espathra|Speed Boost|boost\n|-boost|p1b: Espathra|spe|1\n|upkeep\n|turn|5\n|\n|t:|1700166786\n|move|p2b: Cresselia|Lunar Blessing|p2b: Cresselia|[spread] p2a,p2b\n|-heal|p2a: Dragapult|90\/100 psn\n|-curestatus|p2a: Dragapult|psn|[msg]\n|-heal|p2b: Cresselia|100\/100 psn\n|-curestatus|p2b: Cresselia|psn|[msg]\n|move|p1a: Glimmora|Mortal Spin|p2a: Dragapult|[spread] p2a,p2b\n|-resisted|p2a: Dragapult\n|-damage|p2a: Dragapult|87\/100\n|-damage|p2b: Cresselia|97\/100\n|-status|p2a: Dragapult|psn\n|-status|p2b: Cresselia|psn\n|move|p2a: Dragapult|U-turn|p1b: Espathra\n|-supereffective|p1b: Espathra\n|-damage|p1b: Espathra|0 fnt\n|faint|p1b: Espathra\n|-damage|p2a: Dragapult|77\/100 psn|[from] item: Life Orb\n|inactive|iugiugiuyg has 120 seconds left.\n|\n|t:|1700166811\n|switch|p2a: Kingambit|Kingambit, F|100\/100|[from] U-turn\n|-damage|p2a: Kingambit|94\/100|[from] Stealth Rock\n|-item|p2a: Kingambit|Air Balloon\n|\n|-heal|p2b: Cresselia|100\/100 psn|[from] item: Leftovers\n|-damage|p2b: Cresselia|88\/100 psn|[from] psn\n|-fieldend|move: Grassy Terrain\n|upkeep\n|\n|t:|1700166820\n|switch|p1b: Espeon|Espeon, F, shiny|100\/100\n|turn|6\n|\n|t:|1700166839\n|switch|p1a: Slaking|Slaking, M, shiny|100\/100\n|-terastallize|p1b: Espeon|Normal\n|move|p2a: Kingambit|Kowtow Cleave|p1b: Espeon\n|-damage|p1b: Espeon|26\/100\n|move|p2b: Cresselia|Lunar Blessing|p2b: Cresselia|[spread] p2a,p2b\n|-heal|p2a: Kingambit|100\/100\n|-heal|p2b: Cresselia|100\/100 psn\n|-curestatus|p2b: Cresselia|psn|[msg]\n|move|p1b: Espeon|Skill Swap|p1a: Slaking\n|-activate|p1b: Espeon|move: Skill Swap|||[of] p1a: Slaking\n|\n|-fieldend|move: Trick Room\n|upkeep\n|turn|7\n|\n|t:|1700166864\n|cant|p1b: Espeon|ability: Truant\n|move|p1a: Slaking|Drain Punch|p2a: Kingambit\n|-supereffective|p2a: Kingambit\n|-damage|p2a: Kingambit|0 fnt\n|-enditem|p2a: Kingambit|Air Balloon\n|faint|p2a: Kingambit\n|move|p2b: Cresselia|Dazzling Gleam|p1b: Espeon|[spread] p1a,p1b\n|-damage|p1a: Slaking|78\/100\n|-damage|p1b: Espeon|0 fnt\n|faint|p1b: Espeon\n|\n|upkeep\n|\n|t:|1700166876\n|switch|p1b: Sylveon|Sylveon, M, shiny|100\/100\n|switch|p2a: Rillaboom|Rillaboom, F|41\/100\n|-damage|p2a: Rillaboom|29\/100|[from] Stealth Rock\n|-fieldstart|move: Grassy Terrain|[from] ability: Grassy Surge|[of] p2a: Rillaboom\n|turn|8\n|\n|t:|1700166890\n|move|p1a: Slaking|Drain Punch|p2a: Rillaboom\n|-damage|p2a: Rillaboom|0 fnt\n|-heal|p1a: Slaking|88\/100|[from] drain|[of] p2a: Rillaboom\n|faint|p2a: Rillaboom\n|move|p2b: Cresselia|Calm Mind|p2b: Cresselia\n|-boost|p2b: Cresselia|spa|1\n|-boost|p2b: Cresselia|spd|1\n|move|p1b: Sylveon|Draining Kiss|p2b: Cresselia\n|-damage|p2b: Cresselia|89\/100\n|-damage|p1b: Sylveon|91\/100|[from] item: Life Orb\n|\n|-heal|p1a: Slaking|94\/100|[from] Grassy Terrain\n|-heal|p2b: Cresselia|95\/100|[from] item: Leftovers\n|-heal|p1b: Sylveon|97\/100|[from] Grassy Terrain\n|upkeep\n|\n|t:|1700166911\n|switch|p2a: Dragapult|Dragapult, M|77\/100 psn\n|-damage|p2a: Dragapult|65\/100 psn|[from] Stealth Rock\n|turn|9\n|\n|t:|1700166926\n|move|p2a: Dragapult|Night Shade|p1b: Sylveon\n|-damage|p1b: Sylveon|66\/100\n|-damage|p2a: Dragapult|55\/100 psn|[from] item: Life Orb\n|move|p1a: Slaking|Shadow Claw|p2a: Dragapult\n|-supereffective|p2a: Dragapult\n|-damage|p2a: Dragapult|0 fnt\n|faint|p2a: Dragapult\n|move|p2b: Cresselia|Dazzling Gleam|p1b: Sylveon|[spread] p1a,p1b\n|-damage|p1a: Slaking|68\/100\n|-damage|p1b: Sylveon|47\/100\n|move|p1b: Sylveon|Draining Kiss|p2b: Cresselia\n|-damage|p2b: Cresselia|84\/100\n|-heal|p1b: Sylveon|57\/100|[from] drain|[of] p2b: Cresselia\n|-damage|p1b: Sylveon|47\/100|[from] item: Life Orb\n|\n|-heal|p1a: Slaking|74\/100|[from] Grassy Terrain\n|-heal|p2b: Cresselia|90\/100|[from] item: Leftovers\n|-heal|p1b: Sylveon|53\/100|[from] Grassy Terrain\n|upkeep\n|\n|t:|1700166945\n|switch|p2a: Gastrodon|Gastrodon, F|100\/100\n|-damage|p2a: Gastrodon|94\/100|[from] Stealth Rock\n|turn|10\n|\n|t:|1700166959\n|-terastallize|p2b: Cresselia|Fairy\n|move|p1a: Slaking|Outrage|p2b: Cresselia\n|-immune|p2b: Cresselia\n|move|p2b: Cresselia|Dazzling Gleam|p1a: Slaking|[spread] p1a,p1b\n|-damage|p1a: Slaking|36\/100\n|-damage|p1b: Sylveon|24\/100\n|move|p1b: Sylveon|Draining Kiss|p2a: Gastrodon\n|-damage|p2a: Gastrodon|64\/100\n|-heal|p1b: Sylveon|54\/100|[from] drain|[of] p2a: Gastrodon\n|-damage|p1b: Sylveon|44\/100|[from] item: Life Orb\n|move|p2a: Gastrodon|Acid Armor|p2a: Gastrodon\n|-boost|p2a: Gastrodon|def|2\n|\n|-heal|p1a: Slaking|42\/100|[from] Grassy Terrain\n|-heal|p2b: Cresselia|96\/100|[from] item: Leftovers\n|-heal|p1b: Sylveon|50\/100|[from] Grassy Terrain\n|-heal|p2a: Gastrodon|70\/100|[from] Grassy Terrain\n|upkeep\n|turn|11\n|\n|t:|1700166985\n|move|p1a: Slaking|Gunk Shot|p2b: Cresselia|[miss]\n|-miss|p1a: Slaking|p2b: Cresselia\n|move|p2b: Cresselia|Dazzling Gleam|p1b: Sylveon|[spread] p1a,p1b\n|-damage|p1a: Slaking|1\/100\n|-damage|p1b: Sylveon|19\/100\n|move|p1b: Sylveon|Psych Up|p2b: Cresselia\n|-copyboost|p1b: Sylveon|p2b: Cresselia|[from] move: Psych Up\n|move|p2a: Gastrodon|Ice Beam|p1b: Sylveon\n|-damage|p1b: Sylveon|12\/100\n|\n|-heal|p1a: Slaking|7\/100|[from] Grassy Terrain\n|-heal|p2b: Cresselia|100\/100|[from] item: Leftovers\n|-heal|p1b: Sylveon|18\/100|[from] Grassy Terrain\n|-heal|p2a: Gastrodon|76\/100|[from] Grassy Terrain\n|upkeep\n|turn|12\n|\n|t:|1700167001\n|move|p1a: Slaking|Gunk Shot|p2b: Cresselia\n|-supereffective|p2b: Cresselia\n|-damage|p2b: Cresselia|37\/100\n|-status|p2b: Cresselia|psn\n|move|p2b: Cresselia|Dazzling Gleam|p1a: Slaking|[spread] p1a,p1b\n|-damage|p1a: Slaking|0 fnt\n|-damage|p1b: Sylveon|4\/100\n|faint|p1a: Slaking\n|move|p1b: Sylveon|Stored Power|p2a: Gastrodon\n|-damage|p2a: Gastrodon|0 fnt\n|faint|p2a: Gastrodon\n|-damage|p1b: Sylveon|0 fnt|[from] item: Life Orb\n|faint|p1b: Sylveon\n|\n|-heal|p2b: Cresselia|44\/100 psn|[from] item: Leftovers\n|-damage|p2b: Cresselia|31\/100 psn|[from] psn\n|-fieldend|move: Grassy Terrain\n|upkeep\n|\n|t:|1700167016\n|switch|p1b: Glimmora|Glimmora, F, shiny|100\/100\n|switch|p2a: Ninetales|Ninetales, M|100\/100\n|-damage|p2a: Ninetales|76\/100|[from] Stealth Rock\n|-weather|SunnyDay|[from] ability: Drought|[of] p2a: Ninetales\n|turn|13\n|\n|t:|1700167031\n|move|p2a: Ninetales|Heat Wave|p1b: Glimmora|[miss]\n|-miss|p2a: Ninetales|p1b: Glimmora\n|move|p1b: Glimmora|Earth Power|p2a: Ninetales\n|-supereffective|p2a: Ninetales\n|-crit|p2a: Ninetales\n|-damage|p2a: Ninetales|0 fnt\n|faint|p2a: Ninetales\n|move|p2b: Cresselia|Lunar Blessing|p2b: Cresselia\n|-heal|p2b: Cresselia|56\/100 psn\n|-curestatus|p2b: Cresselia|psn|[msg]\n|\n|-weather|SunnyDay|[upkeep]\n|-heal|p2b: Cresselia|63\/100|[from] item: Leftovers\n|upkeep\n|turn|14\n|\n|t:|1700167055\n|move|p1b: Glimmora|Power Gem|p2b: Cresselia\n|-damage|p2b: Cresselia|49\/100\n|move|p2b: Cresselia|Lunar Blessing|p2b: Cresselia\n|-heal|p2b: Cresselia|74\/100\n|\n|-weather|SunnyDay|[upkeep]\n|-heal|p2b: Cresselia|80\/100|[from] item: Leftovers\n|upkeep\n|turn|15\n|\n|t:|1700167067\n|move|p1b: Glimmora|Power Gem|p2b: Cresselia\n|-damage|p2b: Cresselia|67\/100\n|move|p2b: Cresselia|Dazzling Gleam|p1b: Glimmora\n|-resisted|p1b: Glimmora\n|-damage|p1b: Glimmora|62\/100\n|\n|-weather|SunnyDay|[upkeep]\n|-heal|p2b: Cresselia|74\/100|[from] item: Leftovers\n|upkeep\n|turn|16\n|\n|t:|1700167080\n|move|p1b: Glimmora|Mortal Spin|p2b: Cresselia\n|-supereffective|p2b: Cresselia\n|-damage|p2b: Cresselia|65\/100\n|-status|p2b: Cresselia|psn\n|move|p2b: Cresselia|Dazzling Gleam|p1b: Glimmora\n|-resisted|p1b: Glimmora\n|-damage|p1b: Glimmora|29\/100\n|-enditem|p1b: Glimmora|Sitrus Berry|[eat]\n|-heal|p1b: Glimmora|54\/100|[from] item: Sitrus Berry\n|\n|-weather|SunnyDay|[upkeep]\n|-heal|p2b: Cresselia|71\/100 psn|[from] item: Leftovers\n|-damage|p2b: Cresselia|59\/100 psn|[from] psn\n|upkeep\n|turn|17\n|\n|t:|1700167091\n|move|p1b: Glimmora|Power Gem|p2b: Cresselia\n|-crit|p2b: Cresselia\n|-damage|p2b: Cresselia|19\/100 psn\n|move|p2b: Cresselia|Lunar Blessing|p2b: Cresselia\n|-heal|p2b: Cresselia|44\/100 psn\n|-curestatus|p2b: Cresselia|psn|[msg]\n|\n|-weather|none\n|-heal|p2b: Cresselia|50\/100|[from] item: Leftovers\n|upkeep\n|turn|18\n|\n|t:|1700167099\n|move|p1b: Glimmora|Mortal Spin|p2b: Cresselia\n|-supereffective|p2b: Cresselia\n|-damage|p2b: Cresselia|41\/100\n|-status|p2b: Cresselia|psn\n|move|p2b: Cresselia|Dazzling Gleam|p1b: Glimmora\n|-resisted|p1b: Glimmora\n|-damage|p1b: Glimmora|19\/100\n|\n|-heal|p2b: Cresselia|47\/100 psn|[from] item: Leftovers\n|-damage|p2b: Cresselia|35\/100 psn|[from] psn\n|upkeep\n|turn|19\n|\n|t:|1700167109\n|move|p1b: Glimmora|Power Gem|p2b: Cresselia\n|-crit|p2b: Cresselia\n|-damage|p2b: Cresselia|0 fnt\n|faint|p2b: Cresselia\n|\n|win|MatheusHetero\n|raw|MatheusHetero's rating: 1095 &rarr; <strong>1121<\/strong><br \/>(+26 for winning)\n|raw|iugiugiuyg's rating: 1103 &rarr; <strong>1077<\/strong><br \/>(-26 for losing)\n|l|\u2606iugiugiuyg\n","uploadtime":1700167119,"views":18,"p1id":"matheushetero","p2id":"iugiugiuyg","formatid":"gen9doublesou","rating":1077,"private":0,"password":""}