{"id":"gen9doublesou-1968294703","p1":"Penguin Stylez","p2":"TEHD0G","format":"[Gen 9] Doubles OU","log":"|html|<div class=\"broadcast-blue\"><strong>[Gen 9] Doubles OU is currently suspecting Basculegion & Flutter Mane! For information on how to participate check out the <a href=\"https:\/\/www.smogon.com\/forums\/threads\/np-sv-dou-stage-8-double-trouble.3729153\/\">suspect thread<\/a>.<\/strong><\/div>\n|j|\u2606Penguin Stylez\n|j|\u2606TEHD0G\n|inactive|Battle timer is ON: inactive players will automatically lose when time's up.\n|t:|1697403279\n|gametype|doubles\n|player|p1|Penguin Stylez|101|\n|player|p2|TEHD0G|2|\n|teamsize|p1|6\n|teamsize|p2|6\n|gen|9\n|tier|[Gen 9] Doubles OU\n|rated|Tournament battle\n|rule|Species Clause: Limit one of each Pok\u00e9mon\n|rule|OHKO Clause: OHKO moves are banned\n|rule|Evasion Moves Clause: Evasion moves are banned\n|rule|Gravity Sleep Clause: The combination of sleep-inducing moves with imperfect accuracy and Gravity or Gigantamax Orbeetle are banned\n|rule|Endless Battle Clause: Forcing endless battles is banned\n|rule|HP Percentage Mod: HP is shown in percentages\n|clearpoke\n|poke|p1|Snorlax, M|\n|poke|p1|Sinistcha|\n|poke|p1|Landorus-Therian, M|\n|poke|p1|Clefairy, M|\n|poke|p1|Kommo-o, M|\n|poke|p1|Iron Hands|\n|poke|p2|Rillaboom, F|\n|poke|p2|Gholdengo|\n|poke|p2|Palafin, F|\n|poke|p2|Pelipper, M|\n|poke|p2|Landorus, M|\n|poke|p2|Iron Hands|\n|teampreview\n|j|*Lady Monita \u263d\n|\n|t:|1697403289\n|start\n|switch|p1a: Snorlax|Snorlax, M, shiny|100\/100\n|switch|p1b: Clefairy|Clefairy, M|100\/100\n|switch|p2a: Palafin|Palafin, F|100\/100\n|switch|p2b: Pelipper|Pelipper, M|100\/100\n|-weather|RainDance|[from] ability: Drizzle|[of] p2b: Pelipper\n|turn|1\n|inactive|TEHD0G has 120 seconds left.\n|\n|t:|1697403328\n|switch|p2b: Iron Hands|Iron Hands|100\/100\n|move|p1b: Clefairy|Follow Me|p1b: Clefairy\n|-singleturn|p1b: Clefairy|move: Follow Me\n|move|p2a: Palafin|Flip Turn|p1b: Clefairy\n|-damage|p1b: Clefairy|40\/100\n|\n|t:|1697403348\n|detailschange|p2a: Palafin|Palafin-Hero, F\n|switch|p2a: Rillaboom|Rillaboom, F|100\/100|[from] Flip Turn\n|-fieldstart|move: Grassy Terrain|[from] ability: Grassy Surge|[of] p2a: Rillaboom\n|move|p1a: Snorlax|Belly Drum|p1a: Snorlax\n|-damage|p1a: Snorlax|50\/100\n|-setboost|p1a: Snorlax|atk|6|[from] move: Belly Drum\n|-enditem|p1a: Snorlax|Sitrus Berry|[eat]\n|-heal|p1a: Snorlax|75\/100|[from] item: Sitrus Berry\n|\n|-weather|RainDance|[upkeep]\n|-heal|p1b: Clefairy|46\/100|[from] Grassy Terrain\n|-heal|p1a: Snorlax|82\/100|[from] Grassy Terrain\n|upkeep\n|turn|2\n|inactive|TEHD0G has 120 seconds left.\n|\n|t:|1697403365\n|move|p2b: Iron Hands|Fake Out|p1a: Snorlax\n|-damage|p1a: Snorlax|75\/100\n|move|p1b: Clefairy|Follow Me|p1b: Clefairy\n|-singleturn|p1b: Clefairy|move: Follow Me\n|move|p2a: Rillaboom|Wood Hammer|p1b: Clefairy\n|-damage|p1b: Clefairy|0 fnt\n|faint|p1b: Clefairy\n|-damage|p2a: Rillaboom|88\/100|[from] Recoil\n|cant|p1a: Snorlax|flinch\n|\n|-weather|RainDance|[upkeep]\n|-heal|p2a: Rillaboom|94\/100|[from] Grassy Terrain\n|-heal|p1a: Snorlax|81\/100|[from] Grassy Terrain\n|upkeep\n|\n|t:|1697403372\n|switch|p1b: Sinistcha|Sinistcha|100\/100\n|-heal|p1a: Snorlax|100\/100|[from] ability: Hospitality|[of] p1b: Sinistcha\n|turn|3\n|\n|t:|1697403380\n|move|p1a: Snorlax|Protect|p1a: Snorlax\n|-singleturn|p1a: Snorlax|Protect\n|move|p2a: Rillaboom|Taunt|p1b: Sinistcha\n|-start|p1b: Sinistcha|move: Taunt\n|-enditem|p1b: Sinistcha|Mental Herb\n|-end|p1b: Sinistcha|move: Taunt\n|move|p2b: Iron Hands|Drain Punch|p1a: Snorlax\n|-activate|p1a: Snorlax|move: Protect\n|move|p1b: Sinistcha|Trick Room|p1b: Sinistcha\n|-fieldstart|move: Trick Room|[of] p1b: Sinistcha\n|\n|-weather|RainDance|[upkeep]\n|-heal|p2a: Rillaboom|99\/100|[from] Grassy Terrain\n|upkeep\n|turn|4\n|\n|t:|1697403399\n|move|p1a: Snorlax|High Horsepower|p2b: Iron Hands\n|-supereffective|p2b: Iron Hands\n|-damage|p2b: Iron Hands|0 fnt\n|faint|p2b: Iron Hands\n|-end|p2b: Iron Hands|Quark Drive|[silent]\n|move|p1b: Sinistcha|Strength Sap|p2a: Rillaboom\n|-unboost|p2a: Rillaboom|atk|1\n|move|p2a: Rillaboom|Wood Hammer|p1a: Snorlax\n|-damage|p1a: Snorlax|68\/100\n|-damage|p2a: Rillaboom|86\/100|[from] Recoil\n|\n|-weather|RainDance|[upkeep]\n|-heal|p1a: Snorlax|74\/100|[from] Grassy Terrain\n|-heal|p2a: Rillaboom|92\/100|[from] Grassy Terrain\n|upkeep\n|\n|t:|1697403410\n|switch|p2b: Palafin|Palafin-Hero, F|100\/100\n|-activate|p2b: Palafin|ability: Zero to Hero\n|turn|5\n|-message|TEHD0G forfeited.\n|\n|win|Penguin Stylez\n|n|\u2606Penguin Stylez|penguinstylez\n|n|\u2606TEHD0G|tehd0g\n|n|*Lady Monita \u263d|ladymonita\n|l|*Lady Monita \u263d\n|l|\u2606TEHD0G\n","uploadtime":1697403424,"views":8,"p1id":"penguinstylez","p2id":"tehd0g","formatid":"gen9doublesou","rating":0,"private":0,"password":""}