{"id":"gen9doublesou-1978607357","p1":"aldogoom","p2":"zenwasu","format":"[Gen 9] Doubles OU","log":"|j|\u2606aldogoom\n|j|\u2606zenwasu\n|t:|1698565587\n|gametype|doubles\n|player|p1|aldogoom|medium|\n|player|p2|zenwasu|102|\n|teamsize|p1|6\n|teamsize|p2|6\n|gen|9\n|tier|[Gen 9] Doubles OU\n|rule|Species Clause: Limit one of each Pok\u00e9mon\n|rule|OHKO Clause: OHKO moves are banned\n|rule|Evasion Moves Clause: Evasion moves are banned\n|rule|Gravity Sleep Clause: The combination of sleep-inducing moves with imperfect accuracy and Gravity or Gigantamax Orbeetle are banned\n|rule|Endless Battle Clause: Forcing endless battles is banned\n|rule|HP Percentage Mod: HP is shown in percentages\n|clearpoke\n|poke|p1|Alomomola, F|\n|poke|p1|Iron Valiant|\n|poke|p1|Zoroark-Hisui, F|\n|poke|p1|Clodsire, M|\n|poke|p1|Corviknight, F|\n|poke|p1|Meowscarada, M|\n|poke|p2|Amoonguss, M|\n|poke|p2|Ceruledge, M|\n|poke|p2|Rotom-Wash|\n|poke|p2|Iron Moth|\n|poke|p2|Grimmsnarl, M|\n|poke|p2|Dondozo, F|\n|teampreview\n|inactive|Battle timer is ON: inactive players will automatically lose when time's up. (requested by aldogoom)\n|\n|t:|1698565616\n|start\n|switch|p1a: Hugs|Alomomola, F|100\/100\n|switch|p1b: Gordito|Clodsire, M|100\/100\n|switch|p2a: Grimmsnarl|Grimmsnarl, M|100\/100\n|switch|p2b: Rotom|Rotom-Wash|100\/100\n|turn|1\n|\n|t:|1698565636\n|move|p1b: Gordito|Protect|p1b: Gordito\n|-singleturn|p1b: Gordito|Protect\n|move|p2a: Grimmsnarl|Taunt|p1b: Gordito\n|-activate|p1b: Gordito|move: Protect\n|move|p2b: Rotom|Volt Switch|p1a: Hugs\n|-supereffective|p1a: Hugs\n|-damage|p1a: Hugs|51\/100\n|\n|t:|1698565651\n|switch|p2b: Dondozo|Dondozo, F|100\/100|[from] Volt Switch\n|move|p1a: Hugs|Whirlpool|p2a: Grimmsnarl\n|-damage|p2a: Grimmsnarl|95\/100\n|-activate|p2a: Grimmsnarl|move: Whirlpool|[of] p1a: Hugs\n|\n|-damage|p2a: Grimmsnarl|78\/100|[from] move: Whirlpool|[partiallytrapped]\n|upkeep\n|turn|2\n|\n|t:|1698565661\n|move|p2a: Grimmsnarl|Taunt|p1b: Gordito\n|-start|p1b: Gordito|move: Taunt\n|move|p1b: Gordito|Bitter Malice|p2b: Dondozo\n|-damage|p2b: Dondozo|68\/100\n|-unboost|p2b: Dondozo|atk|1\n|move|p1a: Hugs|Wish|p1a: Hugs\n|move|p2b: Dondozo|Curse|p2b: Dondozo\n|-unboost|p2b: Dondozo|spe|1\n|-boost|p2b: Dondozo|atk|1\n|-boost|p2b: Dondozo|def|1\n|\n|-heal|p2b: Dondozo|75\/100|[from] item: Leftovers\n|-damage|p2a: Grimmsnarl|62\/100|[from] move: Whirlpool|[partiallytrapped]\n|upkeep\n|turn|3\n|inactive|aldogoom has 270 seconds left.\n|\n|t:|1698565692\n|switch|p1b: Fierro Pariente|Corviknight, F|100\/100\n|move|p1a: Hugs|Protect|p1a: Hugs\n|-singleturn|p1a: Hugs|Protect\n|move|p2a: Grimmsnarl|Spirit Break|p1b: Fierro Pariente\n|-resisted|p1b: Fierro Pariente\n|-damage|p1b: Fierro Pariente|85\/100\n|-ability|p1b: Fierro Pariente|Mirror Armor\n|-unboost|p2a: Grimmsnarl|spa|1\n|move|p2b: Dondozo|Liquidation|p1b: Fierro Pariente\n|-damage|p1b: Fierro Pariente|53\/100\n|-ability|p1b: Fierro Pariente|Mirror Armor\n|-unboost|p2b: Dondozo|def|1\n|\n|-heal|p1a: Hugs|100\/100|[from] move: Wish|[wisher] Hugs\n|-heal|p2b: Dondozo|81\/100|[from] item: Leftovers\n|-damage|p2a: Grimmsnarl|45\/100|[from] move: Whirlpool|[partiallytrapped]\n|upkeep\n|turn|4\n|\n|t:|1698565722\n|switch|p2b: Rotom|Rotom-Wash|100\/100\n|move|p2a: Grimmsnarl|Taunt|p1a: Hugs\n|-start|p1a: Hugs|move: Taunt\n|move|p1b: Fierro Pariente|Reflect|p1b: Fierro Pariente\n|-sidestart|p1: aldogoom|Reflect\n|move|p1a: Hugs|Whirlpool|p2b: Rotom\n|-resisted|p2b: Rotom\n|-damage|p2b: Rotom|99\/100\n|-activate|p2b: Rotom|move: Whirlpool|[of] p1a: Hugs\n|\n|-damage|p2b: Rotom|82\/100|[from] move: Whirlpool|[partiallytrapped]\n|-damage|p2a: Grimmsnarl|29\/100|[from] move: Whirlpool|[partiallytrapped]\n|upkeep\n|turn|5\n|inactive|aldogoom has 270 seconds left.\n|\n|t:|1698565755\n|move|p2a: Grimmsnarl|Thunder Wave|p1b: Fierro Pariente\n|-status|p1b: Fierro Pariente|par\n|move|p2b: Rotom|Volt Switch|p1b: Fierro Pariente\n|-supereffective|p1b: Fierro Pariente\n|-damage|p1b: Fierro Pariente|0 fnt\n|faint|p1b: Fierro Pariente\n|\n|t:|1698565763\n|switch|p2b: Amoonguss|Amoonguss, M|100\/100|[from] Volt Switch\n|move|p1a: Hugs|Whirlpool|p2a: Grimmsnarl|[miss]\n|-miss|p1a: Hugs|p2a: Grimmsnarl\n|\n|-end|p2a: Grimmsnarl|Whirlpool|[partiallytrapped]\n|upkeep\n|inactive|aldogoom has 270 seconds left.\n|\n|t:|1698565777\n|switch|p1b: Sailor Moon|Iron Valiant|100\/100\n|turn|6\n|\n|t:|1698565806\n|switch|p2a: Iron Moth|Iron Moth|100\/100\n|-enditem|p2a: Iron Moth|Booster Energy\n|-activate|p2a: Iron Moth|ability: Quark Drive|[fromitem]\n|-start|p2a: Iron Moth|quarkdrivespa\n|move|p2b: Amoonguss|Rage Powder|p2b: Amoonguss\n|-singleturn|p2b: Amoonguss|move: Rage Powder\n|move|p1b: Sailor Moon|Psycho Cut|p2b: Amoonguss\n|-supereffective|p2b: Amoonguss\n|-damage|p2b: Amoonguss|57\/100\n|-damage|p1b: Sailor Moon|91\/100|[from] item: Life Orb\n|move|p1a: Hugs|Whirlpool|p2b: Amoonguss\n|-resisted|p2b: Amoonguss\n|-crit|p2b: Amoonguss\n|-damage|p2b: Amoonguss|53\/100\n|-activate|p2b: Amoonguss|move: Whirlpool|[of] p1a: Hugs\n|\n|-heal|p2b: Amoonguss|59\/100|[from] item: Black Sludge\n|-damage|p2b: Amoonguss|42\/100|[from] move: Whirlpool|[partiallytrapped]\n|-end|p1a: Hugs|move: Taunt\n|upkeep\n|turn|7\n|inactive|zenwasu has 270 seconds left.\n|\n|t:|1698565842\n|move|p2b: Amoonguss|Protect|p2b: Amoonguss\n|-singleturn|p2b: Amoonguss|Protect\n|move|p1b: Sailor Moon|Psycho Cut|p2a: Iron Moth\n|-supereffective|p2a: Iron Moth\n|-damage|p2a: Iron Moth|9\/100\n|-damage|p1b: Sailor Moon|81\/100|[from] item: Life Orb\n|move|p2a: Iron Moth|Dazzling Gleam|p1b: Sailor Moon|[spread] p1a,p1b\n|-supereffective|p1b: Sailor Moon\n|-damage|p1a: Hugs|76\/100\n|-damage|p1b: Sailor Moon|0 fnt\n|faint|p1b: Sailor Moon\n|-end|p1b: Sailor Moon|Quark Drive|[silent]\n|move|p1a: Hugs|Whirlpool|p2a: Iron Moth\n|-supereffective|p2a: Iron Moth\n|-damage|p2a: Iron Moth|0 fnt\n|faint|p2a: Iron Moth\n|-end|p2a: Iron Moth|Quark Drive|[silent]\n|\n|-heal|p2b: Amoonguss|49\/100|[from] item: Black Sludge\n|-damage|p2b: Amoonguss|32\/100|[from] move: Whirlpool|[partiallytrapped]\n|upkeep\n|\n|t:|1698565865\n|switch|p1b: Gordito|Clodsire, M|100\/100\n|switch|p2a: Rotom|Rotom-Wash|82\/100\n|turn|8\n|\n|t:|1698565893\n|move|p1b: Gordito|Bitter Malice|p2b: Amoonguss\n|-damage|p2b: Amoonguss|0 fnt\n|faint|p2b: Amoonguss\n|move|p2a: Rotom|Volt Switch|p1a: Hugs\n|-supereffective|p1a: Hugs\n|-damage|p1a: Hugs|21\/100\n|inactive|zenwasu has 270 seconds left.\n|\n|t:|1698565904\n|switch|p2a: Ceruledge|Ceruledge, M|100\/100|[from] Volt Switch\n|move|p1a: Hugs|Wish|p1a: Hugs\n|\n|upkeep\n|inactive|zenwasu has 270 seconds left.\n|\n|t:|1698565911\n|switch|p2b: Rotom|Rotom-Wash|82\/100\n|turn|9\n|\n|t:|1698565925\n|-terastallize|p2a: Ceruledge|Grass\n|move|p1b: Gordito|Protect|p1b: Gordito\n|-singleturn|p1b: Gordito|Protect\n|move|p1a: Hugs|Protect|p1a: Hugs\n|-singleturn|p1a: Hugs|Protect\n|move|p2b: Rotom|Volt Switch|p1b: Gordito\n|-activate|p1b: Gordito|move: Protect\n|move|p2a: Ceruledge|Bitter Blade|p1a: Hugs\n|-activate|p1a: Hugs|move: Protect\n|\n|-heal|p1a: Hugs|71\/100|[from] move: Wish|[wisher] Hugs\n|upkeep\n|turn|10\n|\n|t:|1698565951\n|switch|p1b: Gordito|Clodsire, M|100\/100\n|-terastallize|p1a: Hugs|Dragon\n|move|p2b: Rotom|Discharge|p1b: Gordito|[spread] p2a,p1a\n|-immune|p1b: Gordito\n|-resisted|p2a: Ceruledge\n|-resisted|p1a: Hugs\n|-damage|p2a: Ceruledge|86\/100\n|-damage|p1a: Hugs|61\/100\n|move|p2a: Ceruledge|Shadow Claw|p1a: Hugs\n|-damage|p1a: Hugs|40\/100\n|move|p1a: Hugs|Wish|p1a: Hugs\n|\n|upkeep\n|turn|11\n|\n|t:|1698565973\n|move|p1a: Hugs|Protect|p1a: Hugs\n|-singleturn|p1a: Hugs|Protect\n|move|p2b: Rotom|Shadow Ball|p1b: Gordito\n|-damage|p1b: Gordito|80\/100\n|move|p2a: Ceruledge|Shadow Claw|p1a: Hugs\n|-activate|p1a: Hugs|move: Protect\n|move|p1b: Gordito|Toxic|p2b: Rotom\n|-status|p2b: Rotom|tox\n|\n|-heal|p1a: Hugs|90\/100|[from] move: Wish|[wisher] Hugs\n|-damage|p2b: Rotom|76\/100 tox|[from] psn\n|-sideend|p1: aldogoom|Reflect\n|upkeep\n|turn|12\n|\n|t:|1698565997\n|switch|p2b: Grimmsnarl|Grimmsnarl, M|29\/100\n|switch|p2a: Dondozo|Dondozo, F|81\/100\n|move|p1a: Hugs|Wish|p1a: Hugs\n|move|p1b: Gordito|Toxic|p2a: Dondozo\n|-status|p2a: Dondozo|tox\n|\n|-heal|p2a: Dondozo|87\/100 tox|[from] item: Leftovers\n|-damage|p2a: Dondozo|81\/100 tox|[from] psn\n|upkeep\n|turn|13\n|inactive|zenwasu has 270 seconds left.\n|\n|t:|1698566035\n|switch|p1b: Dark Magician|Meowscarada, M, shiny|100\/100\n|move|p2b: Grimmsnarl|Taunt|p1b: Dark Magician\n|-hint|Since gen 7, Dark is immune to Prankster moves.\n|-immune|p1b: Dark Magician\n|move|p1a: Hugs|Whirlpool|p2a: Dondozo\n|-resisted|p2a: Dondozo\n|-damage|p2a: Dondozo|78\/100 tox\n|-activate|p2a: Dondozo|move: Whirlpool|[of] p1a: Hugs\n|move|p2a: Dondozo|Crunch|p1b: Dark Magician\n|-resisted|p1b: Dark Magician\n|-damage|p1b: Dark Magician|86\/100\n|\n|-heal|p1a: Hugs|100\/100|[from] move: Wish|[wisher] Hugs\n|-heal|p2a: Dondozo|84\/100 tox|[from] item: Leftovers\n|-damage|p2a: Dondozo|72\/100 tox|[from] psn\n|-damage|p2a: Dondozo|55\/100 tox|[from] move: Whirlpool|[partiallytrapped]\n|upkeep\n|turn|14\n|\n|t:|1698566054\n|move|p1b: Dark Magician|Flower Trick|p2a: Dondozo\n|-start|p1b: Dark Magician|typechange|Grass|[from] ability: Protean\n|-supereffective|p2a: Dondozo\n|-crit|p2a: Dondozo\n|-damage|p2a: Dondozo|6\/100 tox\n|move|p1a: Hugs|Whirlpool|p2b: Grimmsnarl|[miss]\n|-miss|p1a: Hugs|p2b: Grimmsnarl\n|move|p2b: Grimmsnarl|Spirit Break|p1b: Dark Magician\n|-crit|p1b: Dark Magician\n|-damage|p1b: Dark Magician|30\/100\n|-unboost|p1b: Dark Magician|spa|1\n|move|p2a: Dondozo|Order Up|p1a: Hugs\n|-supereffective|p1a: Hugs\n|-damage|p1a: Hugs|65\/100\n|\n|-heal|p2a: Dondozo|12\/100 tox|[from] item: Leftovers\n|-damage|p2a: Dondozo|0 fnt|[from] psn\n|faint|p2a: Dondozo\n|upkeep\n|inactive|zenwasu has 270 seconds left.\n|\n|t:|1698566070\n|switch|p2a: Ceruledge|Ceruledge, M, tera:Grass|86\/100\n|turn|15\n|inactive|aldogoom has 270 seconds left.\n|\n|t:|1698566112\n|move|p1b: Dark Magician|Sucker Punch|p2b: Grimmsnarl\n|-resisted|p2b: Grimmsnarl\n|-damage|p2b: Grimmsnarl|23\/100\n|move|p2a: Ceruledge|Bitter Blade|p1b: Dark Magician\n|-supereffective|p1b: Dark Magician\n|-damage|p1b: Dark Magician|0 fnt\n|-heal|p2a: Ceruledge|100\/100|[from] drain|[of] p1b: Dark Magician\n|faint|p1b: Dark Magician\n|move|p1a: Hugs|Wish|p1a: Hugs\n|move|p2b: Grimmsnarl|Spirit Break|p1a: Hugs\n|-supereffective|p1a: Hugs\n|-damage|p1a: Hugs|11\/100\n|-unboost|p1a: Hugs|spa|1\n|\n|upkeep\n|\n|t:|1698566126\n|switch|p1b: Gordito|Clodsire, M|100\/100\n|turn|16\n|\n|t:|1698566143\n|move|p1b: Gordito|Protect|p1b: Gordito\n|-singleturn|p1b: Gordito|Protect\n|move|p1a: Hugs|Protect|p1a: Hugs\n|-singleturn|p1a: Hugs|Protect\n|move|p2a: Ceruledge|Shadow Sneak|p1a: Hugs\n|-activate|p1a: Hugs|move: Protect\n|move|p2b: Grimmsnarl|Taunt|p1b: Gordito\n|-activate|p1b: Gordito|move: Protect\n|\n|-heal|p1a: Hugs|61\/100|[from] move: Wish|[wisher] Hugs\n|upkeep\n|turn|17\n|\n|t:|1698566173\n|move|p2b: Grimmsnarl|Taunt|p1b: Gordito\n|-start|p1b: Gordito|move: Taunt\n|move|p1b: Gordito|Bitter Malice|p2a: Ceruledge\n|-damage|p2a: Ceruledge|65\/100\n|-unboost|p2a: Ceruledge|atk|1\n|move|p2a: Ceruledge|Bitter Blade|p1b: Gordito\n|-damage|p1b: Gordito|43\/100\n|-heal|p2a: Ceruledge|91\/100|[from] drain|[of] p1b: Gordito\n|replace|p1b: Danny Phantom|Zoroark-Hisui, F, shiny\n|-end|p1b: Danny Phantom|Illusion\n|move|p1a: Hugs|Whirlpool|p2b: Grimmsnarl\n|-damage|p2b: Grimmsnarl|18\/100\n|-activate|p2b: Grimmsnarl|move: Whirlpool|[of] p1a: Hugs\n|\n|-damage|p2b: Grimmsnarl|2\/100|[from] move: Whirlpool|[partiallytrapped]\n|upkeep\n|turn|18\n|inactive|aldogoom has 270 seconds left.\n|inactive|zenwasu has 270 seconds left.\n|\n|t:|1698566218\n|switch|p2a: Rotom|Rotom-Wash|76\/100 tox\n|move|p1a: Hugs|Protect|p1a: Hugs\n|-singleturn|p1a: Hugs|Protect\n|move|p1b: Danny Phantom|Bitter Malice|p2a: Rotom\n|-damage|p2a: Rotom|51\/100 tox\n|-unboost|p2a: Rotom|atk|1\n|move|p2b: Grimmsnarl|Spirit Break|p1a: Hugs\n|-activate|p1a: Hugs|move: Protect\n|\n|-damage|p2a: Rotom|45\/100 tox|[from] psn\n|-damage|p2b: Grimmsnarl|0 fnt|[from] move: Whirlpool|[partiallytrapped]\n|faint|p2b: Grimmsnarl\n|upkeep\n|\n|t:|1698566225\n|switch|p2b: Ceruledge|Ceruledge, M, tera:Grass|91\/100\n|turn|19\n|inactive|zenwasu has 270 seconds left.\n|\n|t:|1698566249\n|move|p1b: Danny Phantom|Hex|p2a: Rotom\n|-damage|p2a: Rotom|3\/100 tox\n|move|p2a: Rotom|Volt Switch|p1b: Danny Phantom\n|-damage|p1b: Danny Phantom|0 fnt\n|faint|p1b: Danny Phantom\n|move|p2b: Ceruledge|Close Combat|p1a: Hugs\n|-damage|p1a: Hugs|29\/100\n|-unboost|p2b: Ceruledge|def|1\n|-unboost|p2b: Ceruledge|spd|1\n|move|p1a: Hugs|Wish|p1a: Hugs\n|\n|-damage|p2a: Rotom|0 fnt|[from] psn\n|faint|p2a: Rotom\n|upkeep\n|\n|t:|1698566260\n|switch|p1b: Gordito|Clodsire, M|80\/100\n|turn|20\n|\n|t:|1698566274\n|move|p1a: Hugs|Protect|p1a: Hugs\n|-singleturn|p1a: Hugs|Protect\n|move|p2b: Ceruledge|Close Combat|p1a: Hugs\n|-activate|p1a: Hugs|move: Protect\n|move|p1b: Gordito|Yawn|p2b: Ceruledge\n|-start|p2b: Ceruledge|move: Yawn|[of] p1b: Gordito\n|\n|-heal|p1a: Hugs|79\/100|[from] move: Wish|[wisher] Hugs\n|upkeep\n|turn|21\n|\n|t:|1698566293\n|move|p2b: Ceruledge|Bitter Blade|p1b: Gordito\n|-damage|p1b: Gordito|44\/100\n|-heal|p2b: Ceruledge|100\/100|[from] drain|[of] p1b: Gordito\n|-enditem|p1b: Gordito|Sitrus Berry|[eat]\n|-heal|p1b: Gordito|69\/100|[from] item: Sitrus Berry\n|move|p1a: Hugs|Whirlpool|p2b: Ceruledge\n|-resisted|p2b: Ceruledge\n|-damage|p2b: Ceruledge|97\/100\n|-activate|p2b: Ceruledge|move: Whirlpool|[of] p1a: Hugs\n|move|p1b: Gordito|Recover|p1b: Gordito\n|-heal|p1b: Gordito|100\/100\n|\n|-damage|p2b: Ceruledge|81\/100|[from] move: Whirlpool|[partiallytrapped]\n|-end|p2b: Ceruledge|move: Yawn|[silent]\n|-status|p2b: Ceruledge|slp\n|upkeep\n|turn|22\n|c|\u2606zenwasu|gg\n|\n|t:|1698566312\n|cant|p2b: Ceruledge|slp\n|move|p1a: Hugs|Wish|p1a: Hugs\n|move|p1b: Gordito|Toxic||[still]\n|-fail|p1b: Gordito\n|\n|-damage|p2b: Ceruledge|64\/100 slp|[from] move: Whirlpool|[partiallytrapped]\n|upkeep\n|turn|23\n|\n|t:|1698566325\n|cant|p2b: Ceruledge|slp\n|move|p1a: Hugs|Whirlpool|p2b: Ceruledge|[miss]\n|-miss|p1a: Hugs|p2b: Ceruledge\n|move|p1b: Gordito|Recover||[still]\n|-fail|p1b: Gordito|heal\n|\n|-heal|p1a: Hugs|100\/100|[from] move: Wish|[wisher] Hugs\n|-damage|p2b: Ceruledge|47\/100 slp|[from] move: Whirlpool|[partiallytrapped]\n|upkeep\n|turn|24\n|\n|t:|1698566335\n|-curestatus|p2b: Ceruledge|slp|[msg]\n|move|p2b: Ceruledge|Bitter Blade|p1b: Gordito\n|-damage|p1b: Gordito|66\/100\n|-heal|p2b: Ceruledge|70\/100|[from] drain|[of] p1b: Gordito\n|move|p1a: Hugs|Wish|p1a: Hugs\n|move|p1b: Gordito|Toxic|p2b: Ceruledge\n|-status|p2b: Ceruledge|tox\n|\n|-damage|p2b: Ceruledge|64\/100 tox|[from] psn\n|-damage|p2b: Ceruledge|47\/100 tox|[from] move: Whirlpool|[partiallytrapped]\n|upkeep\n|turn|25\n|\n|t:|1698566349\n|move|p2b: Ceruledge|Bitter Blade|p1b: Gordito\n|-damage|p1b: Gordito|29\/100\n|-heal|p2b: Ceruledge|72\/100 tox|[from] drain|[of] p1b: Gordito\n|move|p1a: Hugs|Whirlpool|p2b: Ceruledge\n|-resisted|p2b: Ceruledge\n|-damage|p2b: Ceruledge|69\/100 tox\n|move|p1b: Gordito|Recover|p1b: Gordito\n|-heal|p1b: Gordito|79\/100\n|\n|-damage|p2b: Ceruledge|56\/100 tox|[from] psn\n|-end|p2b: Ceruledge|Whirlpool|[partiallytrapped]\n|upkeep\n|turn|26\n|\n|t:|1698566360\n|move|p2b: Ceruledge|Bitter Blade|p1b: Gordito\n|-damage|p1b: Gordito|40\/100\n|-heal|p2b: Ceruledge|82\/100 tox|[from] drain|[of] p1b: Gordito\n|move|p1a: Hugs|Whirlpool|p2b: Ceruledge\n|-resisted|p2b: Ceruledge\n|-damage|p2b: Ceruledge|79\/100 tox\n|-activate|p2b: Ceruledge|move: Whirlpool|[of] p1a: Hugs\n|move|p1b: Gordito|Recover|p1b: Gordito\n|-heal|p1b: Gordito|90\/100\n|\n|-damage|p2b: Ceruledge|60\/100 tox|[from] psn\n|-damage|p2b: Ceruledge|43\/100 tox|[from] move: Whirlpool|[partiallytrapped]\n|upkeep\n|turn|27\n|\n|t:|1698566376\n|move|p2b: Ceruledge|Bitter Blade|p1b: Gordito\n|-damage|p1b: Gordito|57\/100\n|-heal|p2b: Ceruledge|65\/100 tox|[from] drain|[of] p1b: Gordito\n|move|p1a: Hugs|Whirlpool|p2b: Ceruledge|[miss]\n|-miss|p1a: Hugs|p2b: Ceruledge\n|move|p1b: Gordito|Recover|p1b: Gordito\n|-heal|p1b: Gordito|100\/100\n|\n|-damage|p2b: Ceruledge|40\/100 tox|[from] psn\n|-damage|p2b: Ceruledge|24\/100 tox|[from] move: Whirlpool|[partiallytrapped]\n|upkeep\n|turn|28\n|\n|t:|1698566391\n|move|p2b: Ceruledge|Bitter Blade|p1b: Gordito\n|-damage|p1b: Gordito|65\/100\n|-heal|p2b: Ceruledge|47\/100 tox|[from] drain|[of] p1b: Gordito\n|move|p1a: Hugs|Whirlpool|p2b: Ceruledge\n|-resisted|p2b: Ceruledge\n|-damage|p2b: Ceruledge|44\/100 tox\n|move|p1b: Gordito|Recover|p1b: Gordito\n|-heal|p1b: Gordito|100\/100\n|\n|-damage|p2b: Ceruledge|13\/100 tox|[from] psn\n|-damage|p2b: Ceruledge|0 fnt|[from] move: Whirlpool|[partiallytrapped]\n|faint|p2b: Ceruledge\n|\n|win|aldogoom\n|upkeep\n|l|\u2606zenwasu\n|l|\u2606aldogoom\n|j|\u2606aldogoom\n|player|p1|aldogoom|medium\n","uploadtime":1698566428,"views":14,"p1id":"aldogoom","p2id":"zenwasu","formatid":"gen9doublesou","rating":0,"private":0,"password":""}