{"id":"gen9doublesou-1993205977","p1":"glasses15","p2":"dorrie_","format":"[Gen 9] Doubles OU","log":"|j|\u2606glasses15\n|j|\u2606dorrie_\n|t:|1700277919\n|gametype|doubles\n|player|p1|glasses15|scientistf|1292\n|player|p2|dorrie_|blue|1494\n|teamsize|p1|6\n|teamsize|p2|6\n|gen|9\n|tier|[Gen 9] Doubles OU\n|rated|\n|rule|Species Clause: Limit one of each Pok\u00e9mon\n|rule|OHKO Clause: OHKO moves are banned\n|rule|Evasion Moves Clause: Evasion moves are banned\n|rule|Gravity Sleep Clause: The combination of sleep-inducing moves with imperfect accuracy and Gravity or Gigantamax Orbeetle are banned\n|rule|Endless Battle Clause: Forcing endless battles is banned\n|rule|HP Percentage Mod: HP is shown in percentages\n|clearpoke\n|poke|p1|Sableye, M|\n|poke|p1|Flapple, F|\n|poke|p1|Maushold|\n|poke|p1|Lycanroc-Dusk, F|\n|poke|p1|Farigiraf, F|\n|poke|p1|Heracross, M|\n|poke|p2|Roaring Moon|\n|poke|p2|Weezing, F|\n|poke|p2|Landorus-Therian, M|\n|poke|p2|Ogerpon-Wellspring, F|\n|poke|p2|Ting-Lu|\n|poke|p2|Iron Hands|\n|teampreview\n|inactive|Battle timer is ON: inactive players will automatically lose when time's up. (requested by glasses15)\n|c|\u2606glasses15|glhf\n|\n|t:|1700277931\n|start\n|switch|p1a: Sableye|Sableye, M|100\/100\n|switch|p1b: Maushold|Maushold|100\/100\n|switch|p2a: Weezing|Weezing, F|100\/100\n|switch|p2b: Roaring Moon|Roaring Moon|100\/100\n|-ability|p2a: Weezing|Neutralizing Gas\n|turn|1\n|\n|t:|1700277945\n|move|p2b: Roaring Moon|Scale Shot|p1a: Sableye|[miss]\n|-miss|p2b: Roaring Moon|p1a: Sableye\n|move|p1b: Maushold|Population Bomb|p2b: Roaring Moon\n|-damage|p2b: Roaring Moon|84\/100\n|-damage|p2b: Roaring Moon|67\/100\n|-damage|p2b: Roaring Moon|53\/100\n|-damage|p2b: Roaring Moon|38\/100\n|-damage|p2b: Roaring Moon|23\/100\n|-damage|p2b: Roaring Moon|8\/100\n|-damage|p2b: Roaring Moon|0 fnt\n|faint|p2b: Roaring Moon\n|-end|p2b: Roaring Moon|Protosynthesis|[silent]\n|-hitcount|p2: Roaring Moon|7\n|move|p2a: Weezing|Sludge Bomb|p1a: Sableye\n|-resisted|p1a: Sableye\n|-damage|p1a: Sableye|77\/100\n|move|p1a: Sableye|Gravity|p1a: Sableye\n|-fieldstart|move: Gravity\n|\n|upkeep\n|\n|t:|1700277973\n|switch|p2b: Iron Hands|Iron Hands|100\/100\n|turn|2\n|\n|t:|1700277982\n|switch|p1a: Farigiraf|Farigiraf, F|100\/100\n|move|p1b: Maushold|Population Bomb|p2a: Weezing\n|-damage|p2a: Weezing|92\/100\n|-crit|p2a: Weezing\n|-damage|p2a: Weezing|79\/100\n|-damage|p2a: Weezing|70\/100\n|-damage|p2a: Weezing|61\/100\n|-damage|p2a: Weezing|52\/100\n|-damage|p2a: Weezing|43\/100\n|-enditem|p2a: Weezing|Sitrus Berry|[eat]\n|-heal|p2a: Weezing|68\/100|[from] item: Sitrus Berry\n|-damage|p2a: Weezing|59\/100\n|-damage|p2a: Weezing|49\/100\n|-damage|p2a: Weezing|39\/100\n|-damage|p2a: Weezing|31\/100\n|-hitcount|p2a: Weezing|10\n|move|p2a: Weezing|Sludge Bomb|p1b: Maushold\n|-damage|p1b: Maushold|60\/100\n|-status|p1b: Maushold|psn\n|move|p2b: Iron Hands|Drain Punch|p1b: Maushold\n|-supereffective|p1b: Maushold\n|-damage|p1b: Maushold|0 fnt\n|faint|p1b: Maushold\n|\n|upkeep\n|\n|t:|1700277999\n|switch|p1b: Heracross|Heracross, M|100\/100\n|turn|3\n|\n|t:|1700278016\n|move|p1b: Heracross|High Horsepower|p2a: Weezing\n|-supereffective|p2a: Weezing\n|-damage|p2a: Weezing|0 fnt\n|faint|p2a: Weezing\n|-end|p2a: Weezing|ability: Neutralizing Gas\n|move|p1a: Farigiraf|Psychic|p2b: Iron Hands\n|-supereffective|p2b: Iron Hands\n|-crit|p2b: Iron Hands\n|-damage|p2b: Iron Hands|18\/100\n|move|p2b: Iron Hands|Drain Punch|p1a: Farigiraf\n|-damage|p1a: Farigiraf|53\/100\n|-heal|p2b: Iron Hands|39\/100|[from] drain|[of] p1a: Farigiraf\n|\n|-status|p1b: Heracross|brn|[from] item: Flame Orb\n|upkeep\n|\n|t:|1700278033\n|switch|p2a: Landorus|Landorus-Therian, M|100\/100\n|-ability|p2a: Landorus|Intimidate|boost\n|-unboost|p1a: Farigiraf|atk|1\n|-unboost|p1b: Heracross|atk|1\n|turn|4\n|\n|t:|1700278044\n|-end|p2b: Iron Hands|Quark Drive|[silent]\n|switch|p2b: Ting-Lu|Ting-Lu|100\/100\n|-ability|p2b: Ting-Lu|Vessel of Ruin\n|-terastallize|p2a: Landorus|Flying\n|move|p2a: Landorus|Tera Blast|p1b: Heracross|[anim] Tera Blast Flying\n|-supereffective|p1b: Heracross\n|-damage|p1b: Heracross|0 fnt\n|faint|p1b: Heracross\n|move|p1a: Farigiraf|Trick Room|p1a: Farigiraf\n|-fieldstart|move: Trick Room|[of] p1a: Farigiraf\n|\n|upkeep\n|\n|t:|1700278055\n|switch|p1b: Flapple|Flapple, F|100\/100\n|turn|5\n|\n|t:|1700278066\n|move|p2b: Ting-Lu|Body Press|p1a: Farigiraf\n|-damage|p1a: Farigiraf|25\/100\n|-enditem|p1a: Farigiraf|Sitrus Berry|[eat]\n|-heal|p1a: Farigiraf|50\/100|[from] item: Sitrus Berry\n|move|p1a: Farigiraf|Psychic|p2a: Landorus\n|-damage|p2a: Landorus|59\/100\n|move|p1b: Flapple|Grav Apple|p2b: Ting-Lu\n|-supereffective|p2b: Ting-Lu\n|-damage|p2b: Ting-Lu|35\/100\n|-unboost|p2b: Ting-Lu|def|1\n|move|p2a: Landorus|Tera Blast|p1b: Flapple|[anim] Tera Blast Flying\n|-supereffective|p1b: Flapple\n|-damage|p1b: Flapple|0 fnt\n|faint|p1b: Flapple\n|\n|-heal|p2b: Ting-Lu|41\/100|[from] item: Leftovers\n|-fieldend|move: Gravity\n|upkeep\n|\n|t:|1700278068\n|switch|p1b: Lycanroc|Lycanroc-Dusk, F|100\/100\n|turn|6\n|\n|t:|1700278079\n|move|p2b: Ting-Lu|Body Press|p1b: Lycanroc\n|-supereffective|p1b: Lycanroc\n|-damage|p1b: Lycanroc|37\/100\n|move|p1a: Farigiraf|Psychic|p2a: Landorus\n|-damage|p2a: Landorus|13\/100\n|move|p1b: Lycanroc|Stone Edge|p2b: Ting-Lu\n|-resisted|p2b: Ting-Lu\n|-damage|p2b: Ting-Lu|25\/100\n|move|p2a: Landorus|Tera Blast|p1a: Farigiraf|[anim] Tera Blast Flying\n|-damage|p1a: Farigiraf|0 fnt\n|faint|p1a: Farigiraf\n|\n|-heal|p2b: Ting-Lu|32\/100|[from] item: Leftovers\n|upkeep\n|\n|t:|1700278086\n|switch|p1a: Sableye|Sableye, M|77\/100\n|turn|7\n|\n|t:|1700278097\n|move|p1a: Sableye|Disable|p2b: Ting-Lu\n|-hint|Since gen 7, Dark is immune to Prankster moves.\n|-immune|p2b: Ting-Lu\n|move|p2b: Ting-Lu|Body Press|p1b: Lycanroc\n|-supereffective|p1b: Lycanroc\n|-damage|p1b: Lycanroc|0 fnt\n|faint|p1b: Lycanroc\n|move|p2a: Landorus|Tera Blast|p1a: Sableye|[anim] Tera Blast Flying\n|-damage|p1a: Sableye|14\/100\n|\n|-heal|p2b: Ting-Lu|38\/100|[from] item: Leftovers\n|upkeep\n|turn|8\n|-message|glasses15 forfeited.\n|\n|win|dorrie_\n|raw|glasses15's rating: 1292 &rarr; <strong>1280<\/strong><br \/>(-12 for losing)\n|raw|dorrie_'s rating: 1494 &rarr; <strong>1504<\/strong><br \/>(+10 for winning)\n","uploadtime":1700278109,"views":34,"p1id":"glasses15","p2id":"dorrie","formatid":"gen9doublesou","rating":1280,"private":0,"password":""}