{"id":"gen9doublesou-1993357205","p1":"Davus10","p2":"trialteam98","format":"[Gen 9] Doubles OU","log":"|j|\u2606Davus10\n|j|\u2606trialteam98\n|inactive|Battle timer is ON: inactive players will automatically lose when time's up.\n|t:|1700305181\n|gametype|doubles\n|player|p1|Davus10|266|\n|player|p2|trialteam98|lady-gen4|\n|teamsize|p1|6\n|teamsize|p2|6\n|gen|9\n|tier|[Gen 9] Doubles OU\n|rated|Tournament battle\n|rule|Species Clause: Limit one of each Pok\u00e9mon\n|rule|OHKO Clause: OHKO moves are banned\n|rule|Evasion Moves Clause: Evasion moves are banned\n|rule|Gravity Sleep Clause: The combination of sleep-inducing moves with imperfect accuracy and Gravity or Gigantamax Orbeetle are banned\n|rule|Endless Battle Clause: Forcing endless battles is banned\n|rule|HP Percentage Mod: HP is shown in percentages\n|clearpoke\n|poke|p1|Armarouge, M|\n|poke|p1|Amoonguss, F|\n|poke|p1|Hatterene, F|\n|poke|p1|Torkoal, M|\n|poke|p1|Iron Hands|\n|poke|p1|Indeedee-F, F|\n|poke|p2|Armarouge, F|\n|poke|p2|Ceruledge, M|\n|poke|p2|Iron Valiant|\n|poke|p2|Indeedee-F, F|\n|poke|p2|Torkoal, F|\n|poke|p2|Roaring Moon|\n|teampreview\n|j|*Lady Monita \u2746\n|\n|t:|1700305204\n|start\n|switch|p1a: Torkoal|Torkoal, M|100\/100\n|switch|p1b: Indeedee|Indeedee-F, F|100\/100\n|switch|p2a: Torkoal|Torkoal, F|100\/100\n|switch|p2b: Roaring Moon|Roaring Moon|100\/100\n|-fieldstart|move: Psychic Terrain|[from] ability: Psychic Surge|[of] p1b: Indeedee\n|-enditem|p1b: Indeedee|Psychic Seed\n|-boost|p1b: Indeedee|spd|1|[from] item: Psychic Seed\n|-weather|SunnyDay|[from] ability: Drought|[of] p2a: Torkoal\n|-activate|p2b: Roaring Moon|ability: Protosynthesis\n|-start|p2b: Roaring Moon|protosynthesisatk\n|turn|1\n|\n|t:|1700305223\n|move|p1b: Indeedee|Follow Me|p1b: Indeedee\n|-singleturn|p1b: Indeedee|move: Follow Me\n|move|p2b: Roaring Moon|Crunch|p1b: Indeedee\n|-supereffective|p1b: Indeedee\n|-damage|p1b: Indeedee|0 fnt\n|faint|p1b: Indeedee\n|-damage|p2b: Roaring Moon|91\/100|[from] item: Life Orb\n|move|p2a: Torkoal|Shell Smash|p2a: Torkoal\n|-unboost|p2a: Torkoal|def|1\n|-unboost|p2a: Torkoal|spd|1\n|-boost|p2a: Torkoal|atk|2\n|-boost|p2a: Torkoal|spa|2\n|-boost|p2a: Torkoal|spe|2\n|move|p1a: Torkoal|Earth Power|p2a: Torkoal\n|-supereffective|p2a: Torkoal\n|-damage|p2a: Torkoal|0 fnt\n|faint|p2a: Torkoal\n|\n|-weather|SunnyDay|[upkeep]\n|upkeep\n|\n|t:|1700305241\n|switch|p1b: Hatterene|Hatterene, F|100\/100\n|switch|p2a: Indeedee|Indeedee-F, F|100\/100\n|turn|2\n|\n|t:|1700305249\n|switch|p1a: Amoonguss|Amoonguss, F|100\/100\n|move|p2a: Indeedee|Follow Me|p2a: Indeedee\n|-singleturn|p2a: Indeedee|move: Follow Me\n|move|p2b: Roaring Moon|Iron Head|p1b: Hatterene\n|-supereffective|p1b: Hatterene\n|-damage|p1b: Hatterene|0 fnt\n|faint|p1b: Hatterene\n|-damage|p2b: Roaring Moon|81\/100|[from] item: Life Orb\n|\n|-weather|SunnyDay|[upkeep]\n|upkeep\n|\n|t:|1700305257\n|switch|p1b: Iron Hands|Iron Hands|100\/100\n|turn|3\n|\n|t:|1700305275\n|move|p1b: Iron Hands|Fake Out|p2a: Indeedee\n|-activate|p2a: Indeedee|move: Psychic Terrain\n|move|p2b: Roaring Moon|Iron Head|p1b: Iron Hands\n|-resisted|p1b: Iron Hands\n|-damage|p1b: Iron Hands|82\/100\n|-damage|p2b: Roaring Moon|71\/100|[from] item: Life Orb\n|move|p2a: Indeedee|Psychic|p1a: Amoonguss\n|-supereffective|p1a: Amoonguss\n|-crit|p1a: Amoonguss\n|-damage|p1a: Amoonguss|0 fnt\n|faint|p1a: Amoonguss\n|\n|-weather|SunnyDay|[upkeep]\n|upkeep\n|\n|t:|1700305284\n|switch|p1a: Armarouge|Armarouge, M|100\/100\n|turn|4\n|\n|t:|1700305299\n|-terastallize|p1a: Armarouge|Grass\n|move|p2b: Roaring Moon|Earthquake|p1a: Armarouge|[spread] p2a,p1a,p1b\n|-resisted|p1a: Armarouge\n|-supereffective|p1b: Iron Hands\n|-damage|p2a: Indeedee|14\/100\n|-damage|p1a: Armarouge|76\/100\n|-damage|p1b: Iron Hands|5\/100\n|-damage|p2b: Roaring Moon|61\/100|[from] item: Life Orb\n|move|p2a: Indeedee|Psychic|p1b: Iron Hands\n|-supereffective|p1b: Iron Hands\n|-damage|p1b: Iron Hands|0 fnt\n|faint|p1b: Iron Hands\n|-end|p1b: Iron Hands|Quark Drive|[silent]\n|move|p1a: Armarouge|Aura Sphere|p2b: Roaring Moon\n|-supereffective|p2b: Roaring Moon\n|-crit|p2b: Roaring Moon\n|-damage|p2b: Roaring Moon|0 fnt\n|faint|p2b: Roaring Moon\n|-end|p2b: Roaring Moon|Protosynthesis|[silent]\n|\n|-weather|SunnyDay|[upkeep]\n|upkeep\n|\n|t:|1700305313\n|switch|p2b: Iron Valiant|Iron Valiant|100\/100\n|switch|p1b: Torkoal|Torkoal, M|100\/100\n|turn|5\n|c|\u2606Davus10|gg\n|\n|t:|1700305325\n|move|p2b: Iron Valiant|Psycho Cut|p1b: Torkoal\n|-crit|p1b: Torkoal\n|-damage|p1b: Torkoal|58\/100\n|-damage|p2b: Iron Valiant|91\/100|[from] item: Life Orb\n|move|p2a: Indeedee|Psychic|p1a: Armarouge\n|-damage|p1a: Armarouge|21\/100\n|move|p1a: Armarouge|Expanding Force|p2b: Iron Valiant|[spread] p2a,p2b\n|-resisted|p2a: Indeedee\n|-supereffective|p2b: Iron Valiant\n|-damage|p2a: Indeedee|0 fnt\n|-damage|p2b: Iron Valiant|0 fnt\n|faint|p2a: Indeedee\n|faint|p2b: Iron Valiant\n|-end|p2b: Iron Valiant|Quark Drive|[silent]\n|move|p1b: Torkoal|Heat Wave|p2: Indeedee|[notarget]\n|-fail|p1b: Torkoal\n|\n|-weather|SunnyDay|[upkeep]\n|-fieldend|move: Psychic Terrain\n|upkeep\n|-message|Davus10 forfeited.\n|\n|win|trialteam98\n|n|\u2606Davus10|davus10\n|n|\u2606trialteam98|trialteam98\n|n|*Lady Monita \u2746|ladymonita\n|l|*Lady Monita \u2746\n|l|\u2606Davus10\n","uploadtime":1700305341,"views":13,"p1id":"davus10","p2id":"trialteam98","formatid":"gen9doublesou","rating":0,"private":0,"password":""}