{"id":"gen9doublesou-1977494338","p1":"tom-bomb117","p2":"Makarfran","format":"[Gen 9] Doubles OU","log":"|j|\u2606tom-bomb117\n|j|\u2606Makarfran\n|t:|1698421846\n|gametype|doubles\n|player|p1|tom-bomb117|266|1052\n|player|p2|Makarfran|collector|1000\n|teamsize|p1|6\n|teamsize|p2|6\n|gen|9\n|tier|[Gen 9] Doubles OU\n|rated|\n|rule|Species Clause: Limit one of each Pok\u00e9mon\n|rule|OHKO Clause: OHKO moves are banned\n|rule|Evasion Moves Clause: Evasion moves are banned\n|rule|Gravity Sleep Clause: The combination of sleep-inducing moves with imperfect accuracy and Gravity or Gigantamax Orbeetle are banned\n|rule|Endless Battle Clause: Forcing endless battles is banned\n|rule|HP Percentage Mod: HP is shown in percentages\n|clearpoke\n|poke|p1|Ninetales-Alola, M|\n|poke|p1|Sandslash-Alola, M|\n|poke|p1|Mamoswine, F|\n|poke|p1|Cloyster, M|\n|poke|p1|Glaceon, M|\n|poke|p1|Abomasnow, M|\n|poke|p2|Oricorio-Sensu, F|\n|poke|p2|Volcarona, M|\n|poke|p2|Flamigo, F|\n|poke|p2|Grimmsnarl, M|\n|poke|p2|Amoonguss, M|\n|poke|p2|Dragonite, M|\n|teampreview\n|\n|t:|1698421854\n|start\n|switch|p1a: Ninetales|Ninetales-Alola, M|100\/100\n|switch|p1b: Abomasnow|Abomasnow, M|100\/100\n|switch|p2a: Oricorio|Oricorio-Sensu, F|100\/100\n|switch|p2b: Volcarona|Volcarona, M|100\/100\n|-weather|Snow|[from] ability: Snow Warning|[of] p1b: Abomasnow\n|turn|1\n|\n|t:|1698421891\n|move|p1a: Ninetales|Aurora Veil|p1a: Ninetales\n|-sidestart|p1: tom-bomb117|move: Aurora Veil\n|move|p2b: Volcarona|Quiver Dance|p2b: Volcarona\n|-boost|p2b: Volcarona|spa|1\n|-boost|p2b: Volcarona|spd|1\n|-boost|p2b: Volcarona|spe|1\n|-activate|p2a: Oricorio|ability: Dancer\n|move|p2a: Oricorio|Quiver Dance|p2a: Oricorio|[from]ability: Dancer\n|-boost|p2a: Oricorio|spa|1\n|-boost|p2a: Oricorio|spd|1\n|-boost|p2a: Oricorio|spe|1\n|move|p2a: Oricorio|Agility|p2a: Oricorio\n|-boost|p2a: Oricorio|spe|2\n|move|p1b: Abomasnow|Water Pulse|p2b: Volcarona\n|-supereffective|p2b: Volcarona\n|-damage|p2b: Volcarona|77\/100\n|\n|-weather|Snow|[upkeep]\n|upkeep\n|turn|2\n|\n|t:|1698421923\n|move|p2a: Oricorio|Revelation Dance|p1a: Ninetales\n|-damage|p1a: Ninetales|51\/100\n|move|p2b: Volcarona|Quiver Dance|p2b: Volcarona\n|-boost|p2b: Volcarona|spa|1\n|-boost|p2b: Volcarona|spd|1\n|-boost|p2b: Volcarona|spe|1\n|-activate|p2a: Oricorio|ability: Dancer\n|move|p2a: Oricorio|Quiver Dance|p2a: Oricorio|[from]ability: Dancer\n|-boost|p2a: Oricorio|spa|1\n|-boost|p2a: Oricorio|spd|1\n|-boost|p2a: Oricorio|spe|1\n|move|p1a: Ninetales|Encore|p2a: Oricorio\n|-start|p2a: Oricorio|Encore\n|move|p1b: Abomasnow|Leech Seed|p2b: Volcarona\n|-start|p2b: Volcarona|move: Leech Seed\n|\n|-weather|Snow|[upkeep]\n|-damage|p2b: Volcarona|64\/100|[from] Leech Seed|[of] p1b: Abomasnow\n|upkeep\n|turn|3\n|\n|t:|1698421950\n|-terastallize|p1b: Abomasnow|Ghost\n|move|p2a: Oricorio|Revelation Dance|p1a: Ninetales\n|-damage|p1a: Ninetales|0 fnt\n|faint|p1a: Ninetales\n|move|p2b: Volcarona|Fiery Dance|p1b: Abomasnow\n|-damage|p1b: Abomasnow|17\/100\n|-damage|p2b: Volcarona|55\/100|[from] item: Life Orb\n|-activate|p2a: Oricorio|ability: Dancer\n|move|p2a: Oricorio|Fiery Dance|p1b: Abomasnow|[from]ability: Dancer\n|-damage|p1b: Abomasnow|0 fnt\n|faint|p1b: Abomasnow\n|\n|-weather|Snow|[upkeep]\n|upkeep\n|\n|t:|1698421970\n|switch|p1a: Mamoswine|Mamoswine, F|100\/100\n|switch|p1b: Cloyster|Cloyster, M|100\/100\n|turn|4\n|\n|t:|1698421983\n|move|p2a: Oricorio|Revelation Dance|p1b: Cloyster\n|-enditem|p1b: Cloyster|Focus Sash\n|-damage|p1b: Cloyster|1\/100\n|move|p2b: Volcarona|Fiery Dance|p1a: Mamoswine\n|-supereffective|p1a: Mamoswine\n|-damage|p1a: Mamoswine|0 fnt\n|faint|p1a: Mamoswine\n|-damage|p2b: Volcarona|45\/100|[from] item: Life Orb\n|-activate|p2a: Oricorio|ability: Dancer\n|move|p2a: Oricorio|Fiery Dance|p1b: Cloyster|[from]ability: Dancer\n|-damage|p1b: Cloyster|0 fnt\n|-boost|p2a: Oricorio|spa|1\n|faint|p1b: Cloyster\n|\n|-weather|Snow|[upkeep]\n|upkeep\n|\n|t:|1698421995\n|switch|p1b: Sandslash|Sandslash-Alola, M|100\/100\n|switch|p1a: Glaceon|Glaceon, M|100\/100\n|turn|5\n|\n|t:|1698422012\n|move|p2a: Oricorio|Revelation Dance|p1a: Glaceon\n|-damage|p1a: Glaceon|13\/100\n|move|p2b: Volcarona|Fiery Dance|p1b: Sandslash\n|-supereffective|p1b: Sandslash\n|-damage|p1b: Sandslash|0 fnt\n|-boost|p2b: Volcarona|spa|1\n|faint|p1b: Sandslash\n|-damage|p2b: Volcarona|35\/100|[from] item: Life Orb\n|-activate|p2a: Oricorio|ability: Dancer\n|move|p2a: Oricorio|Fiery Dance|p1a: Glaceon|[from]ability: Dancer\n|-supereffective|p1a: Glaceon\n|-damage|p1a: Glaceon|0 fnt\n|faint|p1a: Glaceon\n|\n|win|Makarfran\n|raw|tom-bomb117's rating: 1052 &rarr; <strong>1032<\/strong><br \/>(-20 for losing)\n|raw|Makarfran's rating: 1000 &rarr; <strong>1046<\/strong><br \/>(+46 for winning)\n|l|\u2606tom-bomb117\n","uploadtime":1698422037,"views":24,"p1id":"tombomb117","p2id":"makarfran","formatid":"gen9doublesou","rating":1032,"private":0,"password":""}