{"id":"gen9doublesou-1993750752","p1":"Onanonapia","p2":"Virtus","format":"[Gen 9] Doubles OU","log":"|j|\u2606Onanonapia\n|j|\u2606Virtus\n|t:|1700352864\n|gametype|doubles\n|player|p1|Onanonapia|dragontamer|1057\n|player|p2|Virtus|1|1000\n|teamsize|p1|6\n|teamsize|p2|6\n|gen|9\n|tier|[Gen 9] Doubles OU\n|rated|\n|rule|Species Clause: Limit one of each Pok\u00e9mon\n|rule|OHKO Clause: OHKO moves are banned\n|rule|Evasion Moves Clause: Evasion moves are banned\n|rule|Gravity Sleep Clause: The combination of sleep-inducing moves with imperfect accuracy and Gravity or Gigantamax Orbeetle are banned\n|rule|Endless Battle Clause: Forcing endless battles is banned\n|rule|HP Percentage Mod: HP is shown in percentages\n|clearpoke\n|poke|p1|Golem-Alola, F|\n|poke|p1|Rabsca, F|\n|poke|p1|Dondozo, M|\n|poke|p1|Iron Hands|\n|poke|p1|Sinistcha|\n|poke|p1|Pawmot, F|\n|poke|p2|Pikachu, M|\n|poke|p2|Amoonguss, F|\n|poke|p2|Charizard, M|\n|poke|p2|Tyranitar, F|\n|poke|p2|Chi-Yu|\n|poke|p2|Landorus-Therian, M|\n|teampreview\n|\n|t:|1700352876\n|start\n|switch|p1a: Golem|Golem-Alola, F, shiny|100\/100\n|switch|p1b: Rabsca|Rabsca, F, shiny|100\/100\n|switch|p2a: Joy|Amoonguss, F|100\/100\n|switch|p2b: Moha479|Landorus-Therian, M|100\/100\n|-ability|p2b: Moha479|Intimidate|boost\n|-unboost|p1a: Golem|atk|1\n|-unboost|p1b: Rabsca|atk|1\n|turn|1\n|inactive|Battle timer is ON: inactive players will automatically lose when time's up. (requested by Onanonapia)\n|\n|t:|1700352902\n|switch|p1a: Iron Hands|Iron Hands, shiny|100\/100\n|-enditem|p1a: Iron Hands|Booster Energy\n|-activate|p1a: Iron Hands|ability: Quark Drive|[fromitem]\n|-start|p1a: Iron Hands|quarkdriveatk\n|-terastallize|p1b: Rabsca|Dark\n|move|p2a: Joy|Protect|p2a: Joy\n|-singleturn|p2a: Joy|Protect\n|move|p2b: Moha479|Earthquake|p1a: Iron Hands|[spread] p1a,p1b\n|-activate|p2a: Joy|move: Protect\n|-supereffective|p1a: Iron Hands\n|-damage|p1a: Iron Hands|19\/100\n|-damage|p1b: Rabsca|14\/100\n|move|p1b: Rabsca|Psychic|p2a: Joy\n|-activate|p2a: Joy|move: Protect\n|\n|upkeep\n|turn|2\n|inactive|Virtus has 120 seconds left.\n|\n|t:|1700352934\n|switch|p2a: Caul Strife|Charizard, M|100\/100\n|move|p1a: Iron Hands|Fake Out|p2b: Moha479\n|-damage|p2b: Moha479|80\/100\n|cant|p2b: Moha479|flinch\n|move|p1b: Rabsca|Psychic|p2a: Caul Strife\n|-damage|p2a: Caul Strife|35\/100\n|\n|upkeep\n|turn|3\n|\n|t:|1700352950\n|move|p2a: Caul Strife|Endure|p2a: Caul Strife\n|-singleturn|p2a: Caul Strife|move: Endure\n|move|p1b: Rabsca|Protect|p1b: Rabsca\n|-singleturn|p1b: Rabsca|Protect\n|move|p2b: Moha479|Earthquake|p1b: Rabsca|[spread] p1a\n|-activate|p1b: Rabsca|move: Protect\n|-immune|p2a: Caul Strife\n|-supereffective|p1a: Iron Hands\n|-damage|p1a: Iron Hands|0 fnt\n|faint|p1a: Iron Hands\n|-end|p1a: Iron Hands|Quark Drive|[silent]\n|\n|upkeep\n|\n|t:|1700352964\n|switch|p1a: Dondozo|Dondozo, M|100\/100\n|turn|4\n|\n|t:|1700352978\n|switch|p2a: Joy|Amoonguss, F|100\/100\n|move|p2b: Moha479|Earthquake|p1a: Dondozo|[spread] p2a,p1a,p1b\n|-damage|p2a: Joy|32\/100\n|-damage|p1a: Dondozo|72\/100\n|-damage|p1b: Rabsca|0 fnt\n|faint|p1b: Rabsca\n|move|p1a: Dondozo|Soak|p2b: Moha479\n|-start|p2b: Moha479|typechange|Water\n|\n|-heal|p1a: Dondozo|78\/100|[from] item: Leftovers\n|-heal|p2a: Joy|38\/100|[from] item: Leftovers\n|upkeep\n|\n|t:|1700352994\n|switch|p1b: Pawmot|Pawmot, F, shiny|100\/100\n|turn|5\n|\n|t:|1700353004\n|switch|p2a: Caul Strife|Charizard, M|35\/100\n|move|p1a: Dondozo|Protect|p1a: Dondozo\n|-singleturn|p1a: Dondozo|Protect\n|move|p1b: Pawmot|Ice Punch|p2a: Caul Strife\n|-damage|p2a: Caul Strife|0 fnt\n|faint|p2a: Caul Strife\n|move|p2b: Moha479|Earthquake|p1a: Dondozo|[spread] p1b\n|-activate|p1a: Dondozo|move: Protect\n|-supereffective|p1b: Pawmot\n|-damage|p1b: Pawmot|0 fnt\n|faint|p1b: Pawmot\n|\n|-heal|p1a: Dondozo|85\/100|[from] item: Leftovers\n|upkeep\n|inactive|Onanonapia has 120 seconds left.\n|\n|t:|1700353042\n|switch|p1b: Golem|Golem-Alola, F, shiny|100\/100\n|switch|p2a: Shane|Pikachu, M|100\/100\n|turn|6\n|\n|t:|1700353054\n|-terastallize|p2b: Moha479|Ground\n|move|p2a: Shane|Protect|p2a: Shane\n|-singleturn|p2a: Shane|Protect\n|move|p2b: Moha479|Earthquake|p1a: Dondozo|[spread] p1a,p1b\n|-activate|p2a: Shane|move: Protect\n|-supereffective|p1b: Golem\n|-damage|p1a: Dondozo|57\/100\n|-damage|p1b: Golem|0 fnt\n|faint|p1b: Golem\n|move|p1a: Dondozo|Yawn|p2a: Shane\n|-activate|p2a: Shane|move: Protect\n|\n|-heal|p1a: Dondozo|63\/100|[from] item: Leftovers\n|upkeep\n|\n|t:|1700353069\n|switch|p1b: Sinistcha|Sinistcha, shiny|100\/100\n|-heal|p1a: Dondozo|88\/100|[from] ability: Hospitality|[of] p1b: Sinistcha\n|turn|7\n|\n|t:|1700353082\n|switch|p2b: Joy|Amoonguss, F|71\/100\n|move|p2a: Shane|Volt Tackle|p1a: Dondozo\n|-supereffective|p1a: Dondozo\n|-damage|p1a: Dondozo|18\/100\n|-damage|p2a: Shane|45\/100|[from] Recoil\n|move|p1b: Sinistcha|Matcha Gotcha|p2a: Shane|[spread] p2b\n|-miss|p1b: Sinistcha|p2a: Shane\n|-resisted|p2b: Joy\n|-damage|p2b: Joy|66\/100\n|move|p1a: Dondozo|Yawn|p2a: Shane\n|-start|p2a: Shane|move: Yawn|[of] p1a: Dondozo\n|\n|-heal|p1a: Dondozo|24\/100|[from] item: Leftovers\n|-heal|p2b: Joy|73\/100|[from] item: Leftovers\n|upkeep\n|turn|8\n|inactive|Virtus has 120 seconds left.\n|\n|t:|1700353114\n|move|p1a: Dondozo|Protect|p1a: Dondozo\n|-singleturn|p1a: Dondozo|Protect\n|move|p2a: Shane|Nuzzle|p1b: Sinistcha\n|-resisted|p1b: Sinistcha\n|-damage|p1b: Sinistcha|94\/100\n|-status|p1b: Sinistcha|par\n|move|p1b: Sinistcha|Nasty Plot|p1b: Sinistcha\n|-boost|p1b: Sinistcha|spa|2\n|move|p2b: Joy|Toxic|p2a: Shane\n|-status|p2a: Shane|tox\n|\n|-heal|p1a: Dondozo|30\/100|[from] item: Leftovers\n|-heal|p2b: Joy|79\/100|[from] item: Leftovers\n|-damage|p2a: Shane|39\/100 tox|[from] psn\n|-end|p2a: Shane|move: Yawn|[silent]\n|upkeep\n|turn|9\n|\n|t:|1700353136\n|move|p2b: Joy|Rage Powder|p2b: Joy\n|-singleturn|p2b: Joy|move: Rage Powder\n|move|p2a: Shane|Volt Tackle|p1a: Dondozo\n|-supereffective|p1a: Dondozo\n|-damage|p1a: Dondozo|0 fnt\n|faint|p1a: Dondozo\n|-damage|p2a: Shane|15\/100 tox|[from] Recoil\n|move|p1b: Sinistcha|Matcha Gotcha|p2a: Shane|[spread] p2a,p2b\n|-resisted|p2b: Joy\n|-damage|p2a: Shane|0 fnt\n|-heal|p1b: Sinistcha|99\/100 par|[from] drain|[of] p2a: Shane\n|-damage|p2b: Joy|69\/100\n|-heal|p1b: Sinistcha|100\/100 par|[from] drain|[of] p2b: Joy\n|faint|p2a: Shane\n|\n|-heal|p2b: Joy|75\/100|[from] item: Leftovers\n|upkeep\n|inactive|Virtus has 120 seconds left.\n|\n|t:|1700353152\n|switch|p2a: Flamekid0420|Chi-Yu|100\/100\n|-ability|p2a: Flamekid0420|Beads of Ruin\n|turn|10\n|\n|t:|1700353169\n|move|p2b: Joy|Rage Powder|p2b: Joy\n|-singleturn|p2b: Joy|move: Rage Powder\n|move|p2a: Flamekid0420|Overheat|p1b: Sinistcha|[miss]\n|-miss|p2a: Flamekid0420|p1b: Sinistcha\n|move|p1b: Sinistcha|Matcha Gotcha|p2a: Flamekid0420|[spread] p2a,p2b\n|-resisted|p2a: Flamekid0420\n|-resisted|p2b: Joy\n|-damage|p2a: Flamekid0420|65\/100\n|-damage|p2b: Joy|62\/100\n|-status|p2b: Joy|brn\n|\n|-heal|p2b: Joy|68\/100 brn|[from] item: Leftovers\n|-damage|p2b: Joy|62\/100 brn|[from] brn\n|upkeep\n|turn|11\n|\n|t:|1700353186\n|cant|p1b: Sinistcha|par\n|move|p2b: Joy|Rage Powder|p2b: Joy\n|-singleturn|p2b: Joy|move: Rage Powder\n|move|p2a: Flamekid0420|Overheat|p1b: Sinistcha\n|-supereffective|p1b: Sinistcha\n|-damage|p1b: Sinistcha|0 fnt\n|-unboost|p2a: Flamekid0420|spa|2\n|faint|p1b: Sinistcha\n|\n|win|Virtus\n|raw|Onanonapia's rating: 1057 &rarr; <strong>1035<\/strong><br \/>(-22 for losing)\n|raw|Virtus's rating: 1000 &rarr; <strong>1047<\/strong><br \/>(+47 for winning)\n|l|\u2606Onanonapia\n","uploadtime":1700353200,"views":31,"p1id":"onanonapia","p2id":"virtus","formatid":"gen9doublesou","rating":1035,"private":0,"password":""}