{"id":"gen9doublesou-1988944779","p1":"WaffleMan80","p2":"Happypottile","format":"[Gen 9] Doubles OU","log":"|j|\u2606WaffleMan80\n|j|\u2606Happypottile\n|t:|1699792361\n|gametype|doubles\n|player|p1|WaffleMan80|ghetsis|1082\n|player|p2|Happypottile|ash-sinnoh|1010\n|teamsize|p1|6\n|teamsize|p2|6\n|gen|9\n|tier|[Gen 9] Doubles OU\n|rated|\n|rule|Species Clause: Limit one of each Pok\u00e9mon\n|rule|OHKO Clause: OHKO moves are banned\n|rule|Evasion Moves Clause: Evasion moves are banned\n|rule|Gravity Sleep Clause: The combination of sleep-inducing moves with imperfect accuracy and Gravity or Gigantamax Orbeetle are banned\n|rule|Endless Battle Clause: Forcing endless battles is banned\n|rule|HP Percentage Mod: HP is shown in percentages\n|clearpoke\n|poke|p1|Iron Hands|\n|poke|p1|Tornadus, M|\n|poke|p1|Chien-Pao|\n|poke|p1|Farigiraf, F|\n|poke|p1|Dachsbun, F|\n|poke|p1|Salazzle, F|\n|poke|p2|Ogerpon-Hearthflame, F|\n|poke|p2|Rillaboom, M|\n|poke|p2|Heatran, F|\n|poke|p2|Ursaluna, M|\n|poke|p2|Kleavor, M|\n|poke|p2|Chien-Pao|\n|teampreview\n|inactive|Battle timer is ON: inactive players will automatically lose when time's up. (requested by Happypottile)\n|inactive|WaffleMan80 has 120 seconds left.\n|\n|t:|1699792406\n|start\n|switch|p1a: Farigiraf|Farigiraf, F|100\/100\n|switch|p1b: dog|Dachsbun, F|100\/100\n|switch|p2a: Heatran|Heatran, F|100\/100\n|switch|p2b: Ursaluna|Ursaluna, M|100\/100\n|-item|p2a: Heatran|Air Balloon\n|turn|1\n|inactive|Happypottile has 120 seconds left.\n|\n|t:|1699792452\n|move|p1b: dog|Body Press|p2b: Ursaluna\n|-supereffective|p2b: Ursaluna\n|-damage|p2b: Ursaluna|71\/100\n|move|p2b: Ursaluna|Trailblaze|p1b: dog\n|-crit|p1b: dog\n|-damage|p1b: dog|77\/100\n|-boost|p2b: Ursaluna|spe|1\n|move|p2a: Heatran|Will-O-Wisp|p2b: Ursaluna\n|-status|p2b: Ursaluna|brn\n|move|p1a: Farigiraf|Hyper Voice|p2a: Heatran|[spread] p2a,p2b\n|-resisted|p2a: Heatran\n|-damage|p2a: Heatran|89\/100\n|-damage|p2b: Ursaluna|55\/100 brn\n|-enditem|p2a: Heatran|Air Balloon\n|\n|-heal|p1b: dog|83\/100|[from] item: Leftovers\n|-damage|p2b: Ursaluna|49\/100 brn|[from] brn\n|upkeep\n|turn|2\n|inactive|Happypottile has 120 seconds left.\n|inactive|WaffleMan80 has 120 seconds left.\n|\n|t:|1699792488\n|switch|p2a: Kleavor|Kleavor, M|100\/100\n|-terastallize|p2b: Ursaluna|Ghost\n|move|p2b: Ursaluna|Drain Punch|p1a: Farigiraf\n|-damage|p1a: Farigiraf|62\/100\n|-heal|p2b: Ursaluna|70\/100 brn|[from] drain|[of] p1a: Farigiraf\n|move|p1b: dog|Body Press|p2b: Ursaluna\n|-immune|p2b: Ursaluna\n|move|p1a: Farigiraf|High Horsepower|p2a: Kleavor\n|-damage|p2a: Kleavor|71\/100\n|\n|-heal|p1b: dog|89\/100|[from] item: Leftovers\n|-damage|p2b: Ursaluna|64\/100 brn|[from] brn\n|upkeep\n|turn|3\n|inactive|WaffleMan80 has 120 seconds left.\n|inactive|Happypottile has 120 seconds left.\n|j| RoyalUsed\n|\n|t:|1699792519\n|move|p2b: Ursaluna|Facade|p1a: Farigiraf\n|-damage|p1a: Farigiraf|0 fnt\n|faint|p1a: Farigiraf\n|move|p2a: Kleavor|Stone Axe|p1b: dog\n|-damage|p1b: dog|49\/100\n|-sidestart|p1: WaffleMan80|move: Stealth Rock\n|move|p1b: dog|Dazzling Gleam|p2b: Ursaluna|[spread] p2a,p2b\n|-damage|p2a: Kleavor|47\/100\n|-damage|p2b: Ursaluna|52\/100 brn\n|\n|-heal|p1b: dog|55\/100|[from] item: Leftovers\n|-damage|p2b: Ursaluna|46\/100 brn|[from] brn\n|upkeep\n|\n|t:|1699792533\n|switch|p1a: el gato|Chien-Pao|100\/100\n|-damage|p1a: el gato|76\/100|[from] Stealth Rock\n|-ability|p1a: el gato|Sword of Ruin\n|turn|4\n|c|\u2606Happypottile|Yup I am doomed\n|\n|t:|1699792545\n|move|p1a: el gato|Crunch|p2b: Ursaluna\n|-supereffective|p2b: Ursaluna\n|-damage|p2b: Ursaluna|0 fnt\n|faint|p2b: Ursaluna\n|move|p2a: Kleavor|Tailwind|p2a: Kleavor\n|-sidestart|p2: Happypottile|move: Tailwind\n|move|p1b: dog|Wish|p1b: dog\n|\n|-heal|p1b: dog|61\/100|[from] item: Leftovers\n|upkeep\n|\n|t:|1699792556\n|switch|p2b: Chien-Pao|Chien-Pao|100\/100\n|-ability|p2b: Chien-Pao|Sword of Ruin\n|turn|5\n|\n|t:|1699792567\n|move|p2b: Chien-Pao|Protect|p2b: Chien-Pao\n|-singleturn|p2b: Chien-Pao|Protect\n|move|p1a: el gato|Protect|p1a: el gato\n|-singleturn|p1a: el gato|Protect\n|move|p2a: Kleavor|Stone Axe|p1a: el gato\n|-activate|p1a: el gato|move: Protect\n|move|p1b: dog|Body Press|p2b: Chien-Pao\n|-activate|p2b: Chien-Pao|move: Protect\n|\n|-heal|p1b: dog|100\/100|[from] move: Wish|[wisher] dog\n|upkeep\n|turn|6\n|n| RoyalUsed|royalused\n|\n|t:|1699792588\n|switch|p1a: Brian Hands|Iron Hands, shiny|100\/100\n|-damage|p1a: Brian Hands|94\/100|[from] Stealth Rock\n|move|p2b: Chien-Pao|Icicle Crash|p1b: dog\n|-damage|p1b: dog|27\/100\n|-damage|p2b: Chien-Pao|91\/100|[from] item: Life Orb\n|move|p2a: Kleavor|Stone Axe|p1a: Brian Hands\n|-resisted|p1a: Brian Hands\n|-damage|p1a: Brian Hands|76\/100\n|cant|p1b: dog|flinch\n|\n|-heal|p1b: dog|33\/100|[from] item: Leftovers\n|upkeep\n|turn|7\n|\n|t:|1699792607\n|move|p2a: Kleavor|Protect|p2a: Kleavor\n|-singleturn|p2a: Kleavor|Protect\n|move|p1a: Brian Hands|Fake Out|p2b: Chien-Pao\n|-damage|p2b: Chien-Pao|66\/100\n|cant|p2b: Chien-Pao|flinch\n|move|p1b: dog|Body Press|p2b: Chien-Pao\n|-supereffective|p2b: Chien-Pao\n|-damage|p2b: Chien-Pao|0 fnt\n|faint|p2b: Chien-Pao\n|\n|-heal|p1b: dog|39\/100|[from] item: Leftovers\n|-sideend|p2: Happypottile|move: Tailwind\n|upkeep\n|\n|t:|1699792614\n|switch|p2b: Heatran|Heatran, F|89\/100\n|turn|8\n|c|\u2606Happypottile|Why did I gave this type of moveset to heatran\u2026\n|\n|t:|1699792641\n|move|p2a: Kleavor|Tailwind|p2a: Kleavor\n|-sidestart|p2: Happypottile|move: Tailwind\n|move|p2b: Heatran|Earth Power|p1a: Brian Hands\n|-supereffective|p1a: Brian Hands\n|-damage|p1a: Brian Hands|36\/100\n|move|p1b: dog|Wish|p1b: dog\n|move|p1a: Brian Hands|Drain Punch|p2a: Kleavor\n|-damage|p2a: Kleavor|0 fnt\n|-heal|p1a: Brian Hands|52\/100|[from] drain|[of] p2a: Kleavor\n|faint|p2a: Kleavor\n|\n|-heal|p1b: dog|45\/100|[from] item: Leftovers\n|upkeep\n|c|\u2606Happypottile|I mean why did I give..\n|\n|t:|1699792653\n|switch|p2a: Ogerpon|Ogerpon-Hearthflame, F|100\/100\n|-ability|p2a: Ogerpon|Mold Breaker\n|turn|9\n|inactive|WaffleMan80 has 120 seconds left.\n|\n|t:|1699792687\n|switch|p2b: Rillaboom|Rillaboom, M|100\/100\n|-fieldstart|move: Grassy Terrain|[from] ability: Grassy Surge|[of] p2b: Rillaboom\n|-enditem|p2b: Rillaboom|Grassy Seed\n|-boost|p2b: Rillaboom|def|1|[from] item: Grassy Seed\n|switch|p1b: Salazzle|Salazzle, F, shiny|100\/100\n|move|p2a: Ogerpon|Spiky Shield|p2a: Ogerpon\n|-singleturn|p2a: Ogerpon|move: Protect\n|move|p1a: Brian Hands|Drain Punch|p2b: Rillaboom\n|-damage|p2b: Rillaboom|74\/100\n|-heal|p1a: Brian Hands|62\/100|[from] drain|[of] p2b: Rillaboom\n|\n|-heal|p2b: Rillaboom|80\/100|[from] Grassy Terrain\n|-heal|p1a: Brian Hands|68\/100|[from] Grassy Terrain\n|upkeep\n|turn|10\n|inactive|WaffleMan80 has 120 seconds left.\n|\n|t:|1699792720\n|move|p2b: Rillaboom|Fake Out|p1b: Salazzle\n|-damage|p1b: Salazzle|78\/100\n|cant|p1b: Salazzle|flinch\n|move|p2a: Ogerpon|Ivy Cudgel|p1a: Brian Hands\n|-damage|p1a: Brian Hands|37\/100\n|move|p1a: Brian Hands|Drain Punch|p2a: Ogerpon\n|-damage|p2a: Ogerpon|57\/100\n|-heal|p1a: Brian Hands|52\/100|[from] drain|[of] p2a: Ogerpon\n|\n|-heal|p2a: Ogerpon|63\/100|[from] Grassy Terrain\n|-heal|p2b: Rillaboom|87\/100|[from] Grassy Terrain\n|-heal|p1b: Salazzle|84\/100|[from] Grassy Terrain\n|-heal|p1a: Brian Hands|58\/100|[from] Grassy Terrain\n|upkeep\n|turn|11\n|inactive|WaffleMan80 has 120 seconds left.\n|\n|t:|1699792750\n|-end|p1a: Brian Hands|Quark Drive|[silent]\n|switch|p1a: mono fly|Tornadus, M, shiny|100\/100\n|-damage|p1a: mono fly|76\/100|[from] Stealth Rock\n|move|p2a: Ogerpon|Grassy Glide|p1a: mono fly\n|-resisted|p1a: mono fly\n|-damage|p1a: mono fly|55\/100\n|move|p2b: Rillaboom|Acrobatics|p1b: Salazzle\n|-damage|p1b: Salazzle|12\/100\n|move|p1b: Salazzle|Flamethrower|p2b: Rillaboom\n|-supereffective|p2b: Rillaboom\n|-damage|p2b: Rillaboom|1\/100\n|\n|-heal|p2a: Ogerpon|69\/100|[from] Grassy Terrain\n|-heal|p2b: Rillaboom|8\/100|[from] Grassy Terrain\n|-heal|p1b: Salazzle|18\/100|[from] Grassy Terrain\n|-sideend|p2: Happypottile|move: Tailwind\n|upkeep\n|turn|12\n|inactive|WaffleMan80 has 120 seconds left.\n|\n|t:|1699792782\n|switch|p1b: dog|Dachsbun, F|45\/100\n|-damage|p1b: dog|32\/100|[from] Stealth Rock\n|move|p2a: Ogerpon|Spiky Shield|p2a: Ogerpon\n|-singleturn|p2a: Ogerpon|move: Protect\n|move|p2b: Rillaboom|Grassy Glide|p1b: dog\n|-damage|p1b: dog|2\/100\n|move|p1a: mono fly|Bleakwind Storm|p2b: Rillaboom|[spread] \n|-activate|p2a: Ogerpon|move: Protect\n|-miss|p1a: mono fly|p2b: Rillaboom\n|\n|-heal|p2a: Ogerpon|75\/100|[from] Grassy Terrain\n|-heal|p1b: dog|8\/100|[from] Grassy Terrain\n|-heal|p1b: dog|14\/100|[from] item: Leftovers\n|-heal|p2b: Rillaboom|14\/100|[from] Grassy Terrain\n|upkeep\n|turn|13\n|inactive|WaffleMan80 has 120 seconds left.\n|\n|t:|1699792803\n|move|p2a: Ogerpon|Grassy Glide|p1a: mono fly\n|-resisted|p1a: mono fly\n|-damage|p1a: mono fly|34\/100\n|move|p1a: mono fly|Tailwind|p1a: mono fly\n|-sidestart|p1: WaffleMan80|move: Tailwind\n|move|p2b: Rillaboom|Grassy Glide|p1b: dog\n|-damage|p1b: dog|0 fnt\n|faint|p1b: dog\n|\n|-heal|p2a: Ogerpon|81\/100|[from] Grassy Terrain\n|-heal|p2b: Rillaboom|20\/100|[from] Grassy Terrain\n|-fieldend|move: Grassy Terrain\n|upkeep\n|c|\u2606Happypottile|Gg I lose\n|\n|t:|1699792817\n|switch|p1b: el gato|Chien-Pao|76\/100\n|-damage|p1b: el gato|51\/100|[from] Stealth Rock\n|-ability|p1b: el gato|Sword of Ruin\n|turn|14\n|inactive|WaffleMan80 has 120 seconds left.\n|\n|t:|1699792833\n|switch|p2b: Heatran|Heatran, F|89\/100\n|move|p1a: mono fly|Protect|p1a: mono fly\n|-singleturn|p1a: mono fly|Protect\n|move|p2a: Ogerpon|Spiky Shield|p2a: Ogerpon\n|-singleturn|p2a: Ogerpon|move: Protect\n|move|p1b: el gato|Ice Spinner|p2b: Heatran\n|-resisted|p2b: Heatran\n|-damage|p2b: Heatran|78\/100\n|\n|upkeep\n|turn|15\n|inactive|WaffleMan80 has 120 seconds left.\n|\n|t:|1699792866\n|switch|p2b: Rillaboom|Rillaboom, M|20\/100\n|-fieldstart|move: Grassy Terrain|[from] ability: Grassy Surge|[of] p2b: Rillaboom\n|move|p1b: el gato|Protect|p1b: el gato\n|-singleturn|p1b: el gato|Protect\n|move|p1a: mono fly|Taunt|p2a: Ogerpon\n|-start|p2a: Ogerpon|move: Taunt\n|move|p2a: Ogerpon|Grassy Glide|p1b: el gato\n|-activate|p1b: el gato|move: Protect\n|\n|-heal|p1b: el gato|57\/100|[from] Grassy Terrain\n|-heal|p2a: Ogerpon|87\/100|[from] Grassy Terrain\n|-heal|p2b: Rillaboom|26\/100|[from] Grassy Terrain\n|upkeep\n|turn|16\n|l| RoyalUsed\n|inactive|WaffleMan80 has 120 seconds left.\n|\n|t:|1699792899\n|-terastallize|p1b: el gato|Poison\n|move|p2b: Rillaboom|Fake Out|p1b: el gato\n|-crit|p1b: el gato\n|-damage|p1b: el gato|32\/100\n|move|p2a: Ogerpon|Grassy Glide|p1b: el gato\n|-resisted|p1b: el gato\n|-damage|p1b: el gato|8\/100\n|cant|p1b: el gato|flinch\n|move|p1a: mono fly|Bleakwind Storm|p2b: Rillaboom|[spread] p2a,p2b\n|-supereffective|p2a: Ogerpon\n|-supereffective|p2b: Rillaboom\n|-damage|p2a: Ogerpon|28\/100\n|-damage|p2b: Rillaboom|0 fnt\n|faint|p2b: Rillaboom\n|\n|-heal|p1b: el gato|14\/100|[from] Grassy Terrain\n|-heal|p2a: Ogerpon|34\/100|[from] Grassy Terrain\n|-sideend|p1: WaffleMan80|move: Tailwind\n|upkeep\n|\n|t:|1699792902\n|switch|p2b: Heatran|Heatran, F|78\/100\n|turn|17\n|inactive|WaffleMan80 has 120 seconds left.\n|\n|t:|1699792931\n|switch|p1b: Salazzle|Salazzle, F, shiny|18\/100\n|move|p1a: mono fly|Tailwind|p1a: mono fly\n|-sidestart|p1: WaffleMan80|move: Tailwind\n|move|p2a: Ogerpon|Ivy Cudgel|p1a: mono fly\n|-damage|p1a: mono fly|0 fnt\n|faint|p1a: mono fly\n|move|p2b: Heatran|Magma Storm|p1b: Salazzle\n|-resisted|p1b: Salazzle\n|-damage|p1b: Salazzle|0 fnt\n|faint|p1b: Salazzle\n|\n|-heal|p2a: Ogerpon|40\/100|[from] Grassy Terrain\n|-heal|p2b: Heatran|84\/100|[from] Grassy Terrain\n|-end|p2a: Ogerpon|move: Taunt\n|upkeep\n|\n|t:|1699792946\n|switch|p1b: Brian Hands|Iron Hands, shiny|58\/100\n|switch|p1a: el gato|Chien-Pao, tera:Poison|14\/100\n|-damage|p1a: el gato|2\/100|[from] Stealth Rock\n|-ability|p1a: el gato|Sword of Ruin\n|-damage|p1b: Brian Hands|52\/100|[from] Stealth Rock\n|turn|18\n|inactive|WaffleMan80 has 120 seconds left.\n|\n|t:|1699792974\n|move|p2a: Ogerpon|Spiky Shield|p2a: Ogerpon\n|-singleturn|p2a: Ogerpon|move: Protect\n|move|p1b: Brian Hands|Fake Out|p2b: Heatran\n|-resisted|p2b: Heatran\n|-damage|p2b: Heatran|75\/100\n|move|p1a: el gato|Ice Spinner|p2a: Ogerpon\n|-activate|p2a: Ogerpon|move: Protect\n|-damage|p1a: el gato|0 fnt|[from] Spiky Shield|[of] p2a: Ogerpon\n|faint|p1a: el gato\n|cant|p2b: Heatran|flinch\n|\n|-heal|p2a: Ogerpon|46\/100|[from] Grassy Terrain\n|-heal|p1b: Brian Hands|58\/100|[from] Grassy Terrain\n|-heal|p2b: Heatran|81\/100|[from] Grassy Terrain\n|upkeep\n|turn|19\n|c|\u2606WaffleMan80|good call\n|inactive|WaffleMan80 has 120 seconds left.\n|\n|t:|1699792994\n|move|p2a: Ogerpon|Ivy Cudgel|p1b: Brian Hands\n|-damage|p1b: Brian Hands|27\/100\n|move|p1b: Brian Hands|Drain Punch|p2b: Heatran\n|-supereffective|p2b: Heatran\n|-damage|p2b: Heatran|2\/100\n|-heal|p1b: Brian Hands|55\/100|[from] drain|[of] p2b: Heatran\n|move|p2b: Heatran|Earth Power|p1b: Brian Hands\n|-supereffective|p1b: Brian Hands\n|-damage|p1b: Brian Hands|14\/100\n|\n|-heal|p2a: Ogerpon|52\/100|[from] Grassy Terrain\n|-heal|p1b: Brian Hands|20\/100|[from] Grassy Terrain\n|-heal|p2b: Heatran|8\/100|[from] Grassy Terrain\n|-fieldend|move: Grassy Terrain\n|upkeep\n|turn|20\n|\n|t:|1699793018\n|move|p2a: Ogerpon|Spiky Shield|p2a: Ogerpon\n|-singleturn|p2a: Ogerpon|move: Protect\n|move|p2b: Heatran|Protect|p2b: Heatran\n|-singleturn|p2b: Heatran|Protect\n|move|p1b: Brian Hands|Drain Punch|p2a: Ogerpon\n|-activate|p2a: Ogerpon|move: Protect\n|-damage|p1b: Brian Hands|8\/100|[from] Spiky Shield|[of] p2a: Ogerpon\n|\n|-sideend|p1: WaffleMan80|move: Tailwind\n|upkeep\n|turn|21\n|c|\u2606WaffleMan80|haha wtf\n|\n|t:|1699793032\n|move|p2a: Ogerpon|Ivy Cudgel|p1b: Brian Hands\n|-damage|p1b: Brian Hands|0 fnt\n|faint|p1b: Brian Hands\n|-end|p1b: Brian Hands|Quark Drive|[silent]\n|\n|win|Happypottile\n|raw|WaffleMan80's rating: 1082 &rarr; <strong>1055<\/strong><br \/>(-27 for losing)\n|raw|Happypottile's rating: 1010 &rarr; <strong>1056<\/strong><br \/>(+46 for winning)\n|c|\u2606WaffleMan80|gg\n|l|\u2606WaffleMan80\n|c|\u2606Happypottile|Gg\n","uploadtime":1699793052,"views":10,"p1id":"waffleman80","p2id":"happypottile","formatid":"gen9doublesou","rating":1055,"private":0,"password":""}