{"id":"gen9doublesou-1984737712","p1":"Ditto32","p2":"DanWolfang","format":"[Gen 9] Doubles OU","log":"|j|\u2606Ditto32\n|j|\u2606DanWolfang\n|t:|1699294964\n|gametype|doubles\n|player|p1|Ditto32|ingo|1047\n|player|p2|DanWolfang|169|1025\n|teamsize|p1|6\n|teamsize|p2|4\n|gen|9\n|tier|[Gen 9] Doubles OU\n|rated|\n|rule|Species Clause: Limit one of each Pok\u00e9mon\n|rule|OHKO Clause: OHKO moves are banned\n|rule|Evasion Moves Clause: Evasion moves are banned\n|rule|Gravity Sleep Clause: The combination of sleep-inducing moves with imperfect accuracy and Gravity or Gigantamax Orbeetle are banned\n|rule|Endless Battle Clause: Forcing endless battles is banned\n|rule|HP Percentage Mod: HP is shown in percentages\n|clearpoke\n|poke|p1|Kingambit, M|\n|poke|p1|Ceruledge, M|\n|poke|p1|Eelektross, M|\n|poke|p1|Rillaboom, M|\n|poke|p1|Clefairy, M|\n|poke|p1|Armarouge, F|\n|poke|p2|Regidrago|\n|poke|p2|Pawmot, M|\n|poke|p2|Stonjourner, M|\n|poke|p2|Sinistcha-Masterpiece|\n|teampreview\n|\n|t:|1699294973\n|start\n|switch|p1a: Sage|Armarouge, F|100\/100\n|switch|p1b: Koco|Clefairy, M, shiny|100\/100\n|switch|p2a: Regidrago|Regidrago|100\/100\n|switch|p2b: Pawmot|Pawmot, M|100\/100\n|turn|1\n|\n|t:|1699294986\n|-terastallize|p2a: Regidrago|Dragon\n|move|p2b: Pawmot|Fake Out|p1a: Sage\n|-damage|p1a: Sage|91\/100\n|move|p1b: Koco|Follow Me|p1b: Koco\n|-singleturn|p1b: Koco|move: Follow Me\n|move|p2a: Regidrago|Dragon Energy|p1b: Koco|[spread] p1a\n|-immune|p1b: Koco\n|-damage|p1a: Sage|8\/100\n|cant|p1a: Sage|flinch\n|\n|upkeep\n|turn|2\n|\n|t:|1699295008\n|switch|p2a: Stonjourner|Stonjourner, M|100\/100\n|move|p1b: Koco|Follow Me|p1b: Koco\n|-singleturn|p1b: Koco|move: Follow Me\n|move|p2b: Pawmot|Thunder Punch|p1b: Koco\n|-damage|p1b: Koco|31\/100\n|move|p1a: Sage|Trick Room|p1a: Sage\n|-fieldstart|move: Trick Room|[of] p1a: Sage\n|\n|upkeep\n|turn|3\n|\n|t:|1699295026\n|move|p1b: Koco|Ice Beam|p2a: Stonjourner\n|-damage|p2a: Stonjourner|65\/100\n|move|p2a: Stonjourner|Body Press|p1a: Sage\n|-resisted|p1a: Sage\n|-damage|p1a: Sage|0 fnt\n|faint|p1a: Sage\n|move|p2b: Pawmot|Thunder Punch|p1b: Koco\n|-damage|p1b: Koco|0 fnt\n|faint|p1b: Koco\n|\n|upkeep\n|\n|t:|1699295033\n|switch|p1b: Wyvern|Eelektross, M|100\/100\n|switch|p1a: Giganto|Rillaboom, M, shiny|100\/100\n|-fieldstart|move: Grassy Terrain|[from] ability: Grassy Surge|[of] p1a: Giganto\n|turn|4\n|\n|t:|1699295047\n|move|p1a: Giganto|Grassy Glide|p2a: Stonjourner\n|-supereffective|p2a: Stonjourner\n|-damage|p2a: Stonjourner|26\/100\n|move|p1b: Wyvern|Coil|p1b: Wyvern\n|-boost|p1b: Wyvern|atk|1\n|-boost|p1b: Wyvern|def|1\n|-boost|p1b: Wyvern|accuracy|1\n|move|p2a: Stonjourner|Heat Crash|p1a: Giganto\n|-supereffective|p1a: Giganto\n|-damage|p1a: Giganto|31\/100\n|-damage|p2a: Stonjourner|9\/100|[from] item: Rocky Helmet|[of] p1a: Giganto\n|move|p2b: Pawmot|Ice Punch|p1a: Giganto\n|-supereffective|p1a: Giganto\n|-damage|p1a: Giganto|0 fnt\n|faint|p1a: Giganto\n|\n|-heal|p2a: Stonjourner|15\/100|[from] Grassy Terrain\n|upkeep\n|\n|t:|1699295063\n|switch|p1a: Knight|Ceruledge, M, shiny|100\/100\n|turn|5\n|\n|t:|1699295097\n|switch|p2b: Sinistcha|Sinistcha-Masterpiece|100\/100\n|-heal|p2a: Stonjourner|40\/100|[from] ability: Hospitality|[of] p2b: Sinistcha\n|move|p1b: Wyvern|Coil|p1b: Wyvern\n|-boost|p1b: Wyvern|atk|1\n|-boost|p1b: Wyvern|def|1\n|-boost|p1b: Wyvern|accuracy|1\n|move|p2a: Stonjourner|Body Press|p1b: Wyvern\n|-damage|p1b: Wyvern|83\/100\n|move|p1a: Knight|Will-O-Wisp|p2a: Stonjourner\n|-status|p2a: Stonjourner|brn\n|\n|-heal|p1b: Wyvern|89\/100|[from] item: Leftovers\n|-heal|p2a: Stonjourner|47\/100 brn|[from] Grassy Terrain\n|-damage|p2a: Stonjourner|40\/100 brn|[from] brn\n|upkeep\n|turn|6\n|\n|t:|1699295129\n|move|p1b: Wyvern|Coil|p1b: Wyvern\n|-boost|p1b: Wyvern|atk|1\n|-boost|p1b: Wyvern|def|1\n|-boost|p1b: Wyvern|accuracy|1\n|move|p2a: Stonjourner|Heavy Slam|p1b: Wyvern\n|-resisted|p1b: Wyvern\n|-damage|p1b: Wyvern|86\/100\n|move|p2b: Sinistcha|Strength Sap|p1b: Wyvern\n|-unboost|p1b: Wyvern|atk|1\n|move|p1a: Knight|Bitter Blade|p2b: Sinistcha\n|-supereffective|p2b: Sinistcha\n|-damage|p2b: Sinistcha|39\/100\n|\n|-heal|p1b: Wyvern|92\/100|[from] item: Leftovers\n|-heal|p2a: Stonjourner|47\/100 brn|[from] Grassy Terrain\n|-heal|p2b: Sinistcha|45\/100|[from] Grassy Terrain\n|-damage|p2a: Stonjourner|40\/100 brn|[from] brn\n|-fieldend|move: Trick Room\n|upkeep\n|turn|7\n|\n|t:|1699295155\n|switch|p2a: Regidrago|Regidrago, tera:Dragon|100\/100\n|move|p1a: Knight|Bitter Blade|p2b: Sinistcha\n|-supereffective|p2b: Sinistcha\n|-damage|p2b: Sinistcha|0 fnt\n|faint|p2b: Sinistcha\n|move|p1b: Wyvern|Coil|p1b: Wyvern\n|-boost|p1b: Wyvern|atk|1\n|-boost|p1b: Wyvern|def|1\n|-boost|p1b: Wyvern|accuracy|1\n|\n|-heal|p1b: Wyvern|98\/100|[from] item: Leftovers\n|upkeep\n|\n|t:|1699295172\n|switch|p2b: Stonjourner|Stonjourner, M|40\/100 brn\n|turn|8\n|\n|t:|1699295183\n|move|p1a: Knight|Shadow Claw|p2a: Regidrago\n|-damage|p2a: Regidrago|66\/100\n|move|p2a: Regidrago|Dragon Energy|p1b: Wyvern|[spread] p1a,p1b\n|-damage|p1a: Knight|0 fnt\n|-damage|p1b: Wyvern|7\/100\n|faint|p1a: Knight\n|move|p2b: Stonjourner|Body Press|p1b: Wyvern\n|-damage|p1b: Wyvern|1\/100\n|move|p1b: Wyvern|Drain Punch|p2a: Regidrago\n|-damage|p2a: Regidrago|2\/100\n|-heal|p1b: Wyvern|52\/100|[from] drain|[of] p2a: Regidrago\n|-enditem|p2a: Regidrago|Aguav Berry|[eat]\n|-heal|p2a: Regidrago|36\/100|[from] item: Aguav Berry\n|\n|-heal|p2a: Regidrago|42\/100|[from] Grassy Terrain\n|-heal|p2b: Stonjourner|47\/100 brn|[from] Grassy Terrain\n|-heal|p1b: Wyvern|59\/100|[from] item: Leftovers\n|-damage|p2b: Stonjourner|40\/100 brn|[from] brn\n|-fieldend|move: Grassy Terrain\n|upkeep\n|\n|t:|1699295191\n|switch|p1a: Supreme|Kingambit, M, shiny|100\/100\n|-activate|p1a: Supreme|ability: Supreme Overlord\n|-start|p1a: Supreme|fallen4|[silent]\n|turn|9\n|\n|t:|1699295215\n|-terastallize|p1a: Supreme|Flying\n|move|p2a: Regidrago|Rest|p2a: Regidrago\n|-status|p2a: Regidrago|slp|[from] move: Rest\n|-heal|p2a: Regidrago|100\/100 slp|[silent]\n|move|p2b: Stonjourner|Stone Edge|p1b: Wyvern\n|-damage|p1b: Wyvern|51\/100\n|move|p1b: Wyvern|Drain Punch|p2a: Regidrago\n|-damage|p2a: Regidrago|32\/100 slp\n|-heal|p1b: Wyvern|100\/100|[from] drain|[of] p2a: Regidrago\n|move|p1a: Supreme|Kowtow Cleave|p2a: Regidrago\n|-damage|p2a: Regidrago|0 fnt\n|faint|p2a: Regidrago\n|\n|-damage|p2b: Stonjourner|34\/100 brn|[from] brn\n|upkeep\n|\n|t:|1699295231\n|switch|p2a: Pawmot|Pawmot, M|100\/100\n|turn|10\n|\n|t:|1699295241\n|-singleturn|p2a: Pawmot|move: Focus Punch\n|move|p2b: Stonjourner|Heavy Slam|p1b: Wyvern\n|-resisted|p1b: Wyvern\n|-damage|p1b: Wyvern|98\/100\n|move|p1b: Wyvern|Drain Punch|p2b: Stonjourner\n|-supereffective|p2b: Stonjourner\n|-crit|p2b: Stonjourner\n|-damage|p2b: Stonjourner|0 fnt\n|-heal|p1b: Wyvern|100\/100|[from] drain|[of] p2b: Stonjourner\n|faint|p2b: Stonjourner\n|move|p1a: Supreme|Kowtow Cleave|p2a: Pawmot\n|-resisted|p2a: Pawmot\n|-damage|p2a: Pawmot|48\/100\n|cant|p2a: Pawmot|Focus Punch|Focus Punch\n|\n|upkeep\n|turn|11\n|-message|DanWolfang forfeited.\n|\n|win|Ditto32\n|raw|Ditto32's rating: 1047 &rarr; <strong>1078<\/strong><br \/>(+31 for winning)\n|raw|DanWolfang's rating: 1025 &rarr; <strong>1012<\/strong><br \/>(-13 for losing)\n|l|\u2606DanWolfang\n|c|\u2606Ditto32|LOL\n","uploadtime":1699295263,"views":10,"p1id":"ditto32","p2id":"danwolfang","formatid":"gen9doublesou","rating":1012,"private":0,"password":""}