{"id":"gen9doublesou-1986180711","p1":"L00t00wii","p2":"Xenophoresis","format":"[Gen 9] Doubles OU","log":"|j|\u2606L00t00wii\n|j|\u2606Xenophoresis\n|t:|1699457603\n|gametype|doubles\n|player|p1|L00t00wii|lillie|1211\n|player|p2|Xenophoresis|1|1183\n|teamsize|p1|6\n|teamsize|p2|6\n|gen|9\n|tier|[Gen 9] Doubles OU\n|rated|\n|rule|Species Clause: Limit one of each Pok\u00e9mon\n|rule|OHKO Clause: OHKO moves are banned\n|rule|Evasion Moves Clause: Evasion moves are banned\n|rule|Gravity Sleep Clause: The combination of sleep-inducing moves with imperfect accuracy and Gravity or Gigantamax Orbeetle are banned\n|rule|Endless Battle Clause: Forcing endless battles is banned\n|rule|HP Percentage Mod: HP is shown in percentages\n|clearpoke\n|poke|p1|Diancie|\n|poke|p1|Persian-Alola, M|\n|poke|p1|Avalugg, F|\n|poke|p1|Abomasnow, F|\n|poke|p1|Ting-Lu|\n|poke|p1|Hatterene, F|\n|poke|p2|Regieleki|\n|poke|p2|Murkrow, F|\n|poke|p2|Espathra, F|\n|poke|p2|Sylveon, M|\n|poke|p2|Indeedee-F, F|\n|poke|p2|Flutter Mane|\n|teampreview\n|\n|t:|1699457642\n|start\n|switch|p1a: Abomasnow|Abomasnow, F|100\/100\n|switch|p1b: Ting-Lu|Ting-Lu|100\/100\n|switch|p2a: Regieleki|Regieleki|100\/100\n|switch|p2b: Indeedee|Indeedee-F, F|100\/100\n|-fieldstart|move: Psychic Terrain|[from] ability: Psychic Surge|[of] p2b: Indeedee\n|-weather|Snow|[from] ability: Snow Warning|[of] p1a: Abomasnow\n|-ability|p1b: Ting-Lu|Vessel of Ruin\n|turn|1\n|\n|t:|1699457663\n|move|p2a: Regieleki|Volt Switch|p1a: Abomasnow\n|-resisted|p1a: Abomasnow\n|-damage|p1a: Abomasnow|89\/100\n|\n|t:|1699457667\n|switch|p2a: Sylveon|Sylveon, M|100\/100|[from] Volt Switch\n|move|p2b: Indeedee|Imprison|p2b: Indeedee\n|-start|p2b: Indeedee|move: Imprison\n|move|p1a: Abomasnow|Aurora Veil|p1a: Abomasnow\n|-sidestart|p1: L00t00wii|move: Aurora Veil\n|move|p1b: Ting-Lu|Stealth Rock|p2a: Sylveon\n|-sidestart|p2: Xenophoresis|move: Stealth Rock\n|\n|-weather|Snow|[upkeep]\n|upkeep\n|turn|2\n|\n|t:|1699457685\n|move|p2a: Sylveon|Hyper Voice|p1b: Ting-Lu|[spread] p1a,p1b\n|-supereffective|p1b: Ting-Lu\n|-damage|p1a: Abomasnow|74\/100\n|-damage|p1b: Ting-Lu|68\/100\n|-enditem|p2a: Sylveon|Throat Spray\n|-boost|p2a: Sylveon|spa|1|[from] item: Throat Spray\n|move|p2b: Indeedee|Psychic|p1a: Abomasnow\n|-damage|p1a: Abomasnow|59\/100\n|move|p1a: Abomasnow|Leech Seed|p2b: Indeedee\n|-start|p2b: Indeedee|move: Leech Seed\n|move|p1b: Ting-Lu|Snarl|p2a: Sylveon|[spread] p2a,p2b\n|-resisted|p2a: Sylveon\n|-supereffective|p2b: Indeedee\n|-damage|p2a: Sylveon|97\/100\n|-damage|p2b: Indeedee|82\/100\n|-unboost|p2a: Sylveon|spa|1\n|-unboost|p2b: Indeedee|spa|1\n|\n|-weather|Snow|[upkeep]\n|-damage|p2b: Indeedee|70\/100|[from] Leech Seed|[of] p1a: Abomasnow\n|-heal|p1a: Abomasnow|70\/100|[silent]\n|upkeep\n|turn|3\n|\n|t:|1699457703\n|move|p2b: Indeedee|Follow Me|p2b: Indeedee\n|-singleturn|p2b: Indeedee|move: Follow Me\n|move|p2a: Sylveon|Hyper Voice|p1a: Abomasnow|[spread] p1a,p1b\n|-crit|p1a: Abomasnow\n|-supereffective|p1b: Ting-Lu\n|-damage|p1a: Abomasnow|40\/100\n|-damage|p1b: Ting-Lu|36\/100\n|move|p1a: Abomasnow|Leech Seed||[still]\n|-fail|p1a: Abomasnow\n|move|p1b: Ting-Lu|Snarl|p2b: Indeedee|[spread] p2a\n|-miss|p1b: Ting-Lu|p2b: Indeedee\n|-resisted|p2a: Sylveon\n|-damage|p2a: Sylveon|94\/100\n|-unboost|p2a: Sylveon|spa|1\n|\n|-weather|Snow|[upkeep]\n|-damage|p2b: Indeedee|57\/100|[from] Leech Seed|[of] p1a: Abomasnow\n|-heal|p1a: Abomasnow|51\/100|[silent]\n|upkeep\n|turn|4\n|\n|t:|1699457722\n|move|p2b: Indeedee|Follow Me|p2b: Indeedee\n|-singleturn|p2b: Indeedee|move: Follow Me\n|move|p2a: Sylveon|Hyper Voice|p1a: Abomasnow|[spread] p1a,p1b\n|-supereffective|p1b: Ting-Lu\n|-damage|p1a: Abomasnow|41\/100\n|-damage|p1b: Ting-Lu|14\/100\n|move|p1a: Abomasnow|Blizzard|p2a: Sylveon|[spread] p2a,p2b\n|-damage|p2a: Sylveon|77\/100\n|-damage|p2b: Indeedee|40\/100\n|move|p1b: Ting-Lu|Snarl|p2a: Sylveon|[spread] p2a,p2b\n|-resisted|p2a: Sylveon\n|-crit|p2a: Sylveon\n|-supereffective|p2b: Indeedee\n|-damage|p2a: Sylveon|72\/100\n|-damage|p2b: Indeedee|22\/100\n|-unboost|p2a: Sylveon|spa|1\n|-unboost|p2b: Indeedee|spa|1\n|\n|-weather|Snow|[upkeep]\n|-damage|p2b: Indeedee|9\/100|[from] Leech Seed|[of] p1a: Abomasnow\n|-heal|p1a: Abomasnow|52\/100|[silent]\n|upkeep\n|turn|5\n|\n|t:|1699457749\n|switch|p2b: Murkrow|Murkrow, F|100\/100\n|-damage|p2b: Murkrow|75\/100|[from] Stealth Rock\n|move|p2a: Sylveon|Hyper Voice|p1a: Abomasnow|[spread] p1a,p1b\n|-supereffective|p1b: Ting-Lu\n|-damage|p1a: Abomasnow|45\/100\n|-damage|p1b: Ting-Lu|0 fnt\n|faint|p1b: Ting-Lu\n|move|p1a: Abomasnow|Blizzard|p2b: Murkrow|[spread] p2a,p2b\n|-supereffective|p2b: Murkrow\n|-damage|p2a: Sylveon|49\/100\n|-damage|p2b: Murkrow|16\/100\n|\n|-weather|none\n|upkeep\n|\n|t:|1699457762\n|switch|p1b: Diancie|Diancie, shiny|100\/100\n|turn|6\n|\n|t:|1699457775\n|move|p2b: Murkrow|Haze|p2b: Murkrow\n|-clearallboost\n|move|p2a: Sylveon|Hyper Voice|p1b: Diancie|[spread] p1a,p1b\n|-damage|p1a: Abomasnow|26\/100\n|-damage|p1b: Diancie|84\/100\n|move|p1a: Abomasnow|Leech Seed|p2a: Sylveon\n|-start|p2a: Sylveon|move: Leech Seed\n|move|p1b: Diancie|Diamond Storm|p2b: Murkrow|[spread] p2a,p2b\n|-supereffective|p2b: Murkrow\n|-damage|p2a: Sylveon|12\/100\n|-damage|p2b: Murkrow|0 fnt\n|-boost|p1b: Diancie|def|2\n|faint|p2b: Murkrow\n|\n|-damage|p2a: Sylveon|0 fnt|[from] Leech Seed|[of] p1a: Abomasnow\n|-heal|p1a: Abomasnow|36\/100|[silent]\n|faint|p2a: Sylveon\n|upkeep\n|\n|t:|1699457809\n|switch|p2a: Espathra|Espathra, F|100\/100\n|switch|p2b: Flutter Mane|Flutter Mane|100\/100\n|-damage|p2b: Flutter Mane|88\/100|[from] Stealth Rock\n|-damage|p2a: Espathra|88\/100|[from] Stealth Rock\n|-enditem|p2b: Flutter Mane|Booster Energy\n|-activate|p2b: Flutter Mane|ability: Protosynthesis|[fromitem]\n|-start|p2b: Flutter Mane|protosynthesisspe\n|turn|7\n|\n|t:|1699457824\n|switch|p1a: Persian|Persian-Alola, M|100\/100\n|move|p2b: Flutter Mane|Shadow Ball|p1a: Persian\n|-resisted|p1a: Persian\n|-damage|p1a: Persian|80\/100\n|move|p2a: Espathra|Calm Mind|p2a: Espathra\n|-boost|p2a: Espathra|spa|1\n|-boost|p2a: Espathra|spd|1\n|move|p1b: Diancie|Diamond Storm|p2a: Espathra|[spread] p2a,p2b\n|-damage|p2a: Espathra|59\/100\n|-damage|p2b: Flutter Mane|43\/100\n|\n|-heal|p1a: Persian|86\/100|[from] item: Leftovers\n|-ability|p2a: Espathra|Speed Boost|boost\n|-boost|p2a: Espathra|spe|1\n|upkeep\n|turn|8\n|\n|t:|1699457850\n|move|p2a: Espathra|Protect|p2a: Espathra\n|-singleturn|p2a: Espathra|Protect\n|move|p2b: Flutter Mane|Draining Kiss|p1a: Persian\n|-supereffective|p1a: Persian\n|-crit|p1a: Persian\n|-damage|p1a: Persian|0 fnt\n|-heal|p2b: Flutter Mane|100\/100|[from] drain|[of] p1a: Persian\n|faint|p1a: Persian\n|move|p1b: Diancie|Diamond Storm|p2b: Flutter Mane|[spread] p2b\n|-activate|p2a: Espathra|move: Protect\n|-damage|p2b: Flutter Mane|53\/100\n|-boost|p1b: Diancie|def|2\n|\n|-sideend|p1: L00t00wii|move: Aurora Veil\n|-fieldend|move: Psychic Terrain\n|-ability|p2a: Espathra|Speed Boost|boost\n|-boost|p2a: Espathra|spe|1\n|upkeep\n|\n|t:|1699457855\n|switch|p1a: Abomasnow|Abomasnow, F|36\/100\n|-weather|Snow|[from] ability: Snow Warning|[of] p1a: Abomasnow\n|turn|9\n|\n|t:|1699457869\n|-end|p2b: Flutter Mane|Protosynthesis|[silent]\n|switch|p2b: Indeedee|Indeedee-F, F|9\/100\n|-damage|p2b: Indeedee|0 fnt|[from] Stealth Rock\n|faint|p2b: Indeedee\n|move|p2a: Espathra|Baton Pass|p2a: Espathra\n|\n|t:|1699457874\n|switch|p2a: Flutter Mane|Flutter Mane|53\/100|[from] Baton Pass\n|-damage|p2a: Flutter Mane|40\/100|[from] Stealth Rock\n|move|p1a: Abomasnow|Aurora Veil|p1a: Abomasnow\n|-sidestart|p1: L00t00wii|move: Aurora Veil\n|move|p1b: Diancie|Diamond Storm|p2a: Flutter Mane\n|-damage|p2a: Flutter Mane|0 fnt\n|-boost|p1b: Diancie|def|2\n|faint|p2a: Flutter Mane\n|-end|p2a: Flutter Mane|Protosynthesis|[silent]\n|\n|-weather|Snow|[upkeep]\n|upkeep\n|l|\u2606Xenophoresis\n|player|p2|\n|c|\u2606L00t00wii|Pfffff\n|inactive|Battle timer is ON: inactive players will automatically lose when time's up. (requested by L00t00wii)\n|c|\u2606L00t00wii|Got angy\n|inactive|Xenophoresis has 30 seconds to reconnect!\n|inactive|Xenophoresis has 20 seconds to reconnect!\n|inactive|Xenophoresis has 15 seconds to reconnect!\n|inactive|Xenophoresis has 10 seconds to reconnect!\n|inactive|Xenophoresis has 5 seconds to reconnect!\n|-message|Xenophoresis lost due to inactivity.\n|\n|win|L00t00wii\n|raw|L00t00wii's rating: 1211 &rarr; <strong>1234<\/strong><br \/>(+23 for winning)\n|raw|Xenophoresis's rating: 1183 &rarr; <strong>1160<\/strong><br \/>(-23 for losing)\n","uploadtime":1699457961,"views":11,"p1id":"l00t00wii","p2id":"xenophoresis","formatid":"gen9doublesou","rating":1160,"private":0,"password":""}