{"id":"gen9doublesou-1985626756","p1":"cooltrocity","p2":"Toucanton","format":"[Gen 9] Doubles OU","log":"|j|\u2606cooltrocity\n|j|\u2606Toucanton\n|t:|1699390253\n|gametype|doubles\n|player|p1|cooltrocity|skierf|1116\n|player|p2|Toucanton|battlegirl-gen4|1112\n|teamsize|p1|6\n|teamsize|p2|6\n|gen|9\n|tier|[Gen 9] Doubles OU\n|rated|\n|rule|Species Clause: Limit one of each Pok\u00e9mon\n|rule|OHKO Clause: OHKO moves are banned\n|rule|Evasion Moves Clause: Evasion moves are banned\n|rule|Gravity Sleep Clause: The combination of sleep-inducing moves with imperfect accuracy and Gravity or Gigantamax Orbeetle are banned\n|rule|Endless Battle Clause: Forcing endless battles is banned\n|rule|HP Percentage Mod: HP is shown in percentages\n|clearpoke\n|poke|p1|Kingambit, F|\n|poke|p1|Meowscarada, M|\n|poke|p1|Scyther, F|\n|poke|p1|Basculegion-F, F|\n|poke|p1|Ursaluna-Bloodmoon, M|\n|poke|p1|Heatran, F|\n|poke|p2|Snorlax, M|\n|poke|p2|Sinistcha|\n|poke|p2|Landorus-Therian, M|\n|poke|p2|Iron Hands|\n|poke|p2|Clefairy, F|\n|poke|p2|Kommo-o, M|\n|teampreview\n|\n|t:|1699390266\n|start\n|switch|p1a: Heatran|Heatran, F|100\/100\n|switch|p1b: Scyther|Scyther, F|100\/100\n|switch|p2a: Kommo-o|Kommo-o, M|100\/100\n|switch|p2b: Landorus|Landorus-Therian, M|100\/100\n|-ability|p2b: Landorus|Intimidate|boost\n|-unboost|p1a: Heatran|atk|1\n|-unboost|p1b: Scyther|atk|1\n|turn|1\n|\n|t:|1699390289\n|move|p2b: Landorus|Rock Slide|p1a: Heatran|[spread] p1a,p1b\n|-supereffective|p1b: Scyther\n|-damage|p1a: Heatran|82\/100\n|-damage|p1b: Scyther|14\/100\n|move|p1b: Scyther|Swords Dance|p1b: Scyther\n|-boost|p1b: Scyther|atk|2\n|move|p2a: Kommo-o|Clangorous Soul|p2a: Kommo-o\n|-boost|p2a: Kommo-o|atk|1\n|-boost|p2a: Kommo-o|def|1\n|-boost|p2a: Kommo-o|spa|1\n|-boost|p2a: Kommo-o|spd|1\n|-boost|p2a: Kommo-o|spe|1\n|-damage|p2a: Kommo-o|68\/100\n|-enditem|p2a: Kommo-o|Throat Spray\n|-boost|p2a: Kommo-o|spa|1|[from] item: Throat Spray\n|move|p1a: Heatran|Dragon Pulse|p2a: Kommo-o\n|-supereffective|p2a: Kommo-o\n|-damage|p2a: Kommo-o|26\/100\n|\n|-heal|p1a: Heatran|88\/100|[from] item: Leftovers\n|upkeep\n|turn|2\n|\n|t:|1699390334\n|switch|p2b: Sinistcha|Sinistcha|100\/100\n|-heal|p2a: Kommo-o|50\/100|[from] ability: Hospitality|[of] p2b: Sinistcha\n|switch|p1a: Basculegion|Basculegion-F, F|100\/100\n|move|p2a: Kommo-o|Protect|p2a: Kommo-o\n|-singleturn|p2a: Kommo-o|Protect\n|move|p1b: Scyther|Dual Wingbeat|p2a: Kommo-o\n|-activate|p2a: Kommo-o|move: Protect\n|\n|upkeep\n|turn|3\n|\n|t:|1699390351\n|move|p2b: Sinistcha|Rage Powder|p2b: Sinistcha\n|-singleturn|p2b: Sinistcha|move: Rage Powder\n|move|p2a: Kommo-o|Clanging Scales|p1b: Scyther|[spread] p1a,p1b\n|-damage|p1a: Basculegion|41\/100\n|-damage|p1b: Scyther|0 fnt\n|faint|p1b: Scyther\n|-unboost|p2a: Kommo-o|def|1\n|move|p1a: Basculegion|Blizzard|p2b: Sinistcha|[spread] p2b\n|-miss|p1a: Basculegion|p2a: Kommo-o\n|-supereffective|p2b: Sinistcha\n|-damage|p2b: Sinistcha|68\/100\n|\n|upkeep\n|\n|t:|1699390365\n|switch|p1b: Heatran|Heatran, F|88\/100\n|turn|4\n|\n|t:|1699390395\n|switch|p2b: Landorus|Landorus-Therian, M|100\/100\n|-ability|p2b: Landorus|Intimidate|boost\n|-unboost|p1a: Basculegion|atk|1\n|-unboost|p1b: Heatran|atk|1\n|move|p2a: Kommo-o|Protect|p2a: Kommo-o\n|-singleturn|p2a: Kommo-o|Protect\n|move|p1a: Basculegion|Blizzard|p2a: Kommo-o|[spread] p2b\n|-activate|p2a: Kommo-o|move: Protect\n|-supereffective|p2b: Landorus\n|-damage|p2b: Landorus|0 fnt\n|faint|p2b: Landorus\n|move|p1b: Heatran|Magma Storm|p2a: Kommo-o\n|-activate|p2a: Kommo-o|move: Protect\n|\n|-heal|p1b: Heatran|94\/100|[from] item: Leftovers\n|upkeep\n|\n|t:|1699390412\n|switch|p2b: Sinistcha|Sinistcha|68\/100\n|-heal|p2a: Kommo-o|75\/100|[from] ability: Hospitality|[of] p2b: Sinistcha\n|turn|5\n|\n|t:|1699390424\n|move|p2a: Kommo-o|Clanging Scales|p1b: Heatran|[spread] p1a,p1b\n|-resisted|p1b: Heatran\n|-damage|p1a: Basculegion|0 fnt\n|-damage|p1b: Heatran|61\/100\n|faint|p1a: Basculegion\n|-unboost|p2a: Kommo-o|def|1\n|move|p1b: Heatran|Magma Storm|p2a: Kommo-o\n|-resisted|p2a: Kommo-o\n|-damage|p2a: Kommo-o|54\/100\n|-activate|p2a: Kommo-o|move: Magma Storm|[of] p1b: Heatran\n|move|p2b: Sinistcha|Strength Sap|p1b: Heatran\n|-unboost|p1b: Heatran|atk|1\n|-heal|p2b: Sinistcha|99\/100\n|\n|-heal|p1b: Heatran|67\/100|[from] item: Leftovers\n|-damage|p2a: Kommo-o|42\/100|[from] move: Magma Storm|[partiallytrapped]\n|upkeep\n|\n|t:|1699390442\n|switch|p1a: Kingambit|Kingambit, F|100\/100\n|-activate|p1a: Kingambit|ability: Supreme Overlord\n|-start|p1a: Kingambit|fallen2|[silent]\n|turn|6\n|\n|t:|1699390465\n|switch|p2b: Clefairy|Clefairy, F, shiny|100\/100\n|-terastallize|p1a: Kingambit|Fairy\n|move|p2a: Kommo-o|Protect|p2a: Kommo-o\n|-singleturn|p2a: Kommo-o|Protect\n|move|p1b: Heatran|Magma Storm|p2b: Clefairy\n|-damage|p2b: Clefairy|54\/100\n|-activate|p2b: Clefairy|move: Magma Storm|[of] p1b: Heatran\n|move|p1a: Kingambit|Kowtow Cleave|p2a: Kommo-o\n|-activate|p2a: Kommo-o|move: Protect\n|\n|-heal|p1b: Heatran|74\/100|[from] item: Leftovers\n|-damage|p2a: Kommo-o|29\/100|[from] move: Magma Storm|[partiallytrapped]\n|-damage|p2b: Clefairy|42\/100|[from] move: Magma Storm|[partiallytrapped]\n|upkeep\n|turn|7\n|\n|t:|1699390499\n|move|p2b: Clefairy|Follow Me|p2b: Clefairy\n|-singleturn|p2b: Clefairy|move: Follow Me\n|move|p2a: Kommo-o|Clanging Scales|p1b: Heatran|[spread] p1b\n|-immune|p1a: Kingambit\n|-resisted|p1b: Heatran\n|-damage|p1b: Heatran|40\/100\n|-unboost|p2a: Kommo-o|def|1\n|move|p1b: Heatran|Flash Cannon|p2b: Clefairy\n|-supereffective|p2b: Clefairy\n|-damage|p2b: Clefairy|0 fnt\n|faint|p2b: Clefairy\n|move|p1a: Kingambit|Kowtow Cleave|p2a: Kommo-o\n|-resisted|p2a: Kommo-o\n|-crit|p2a: Kommo-o\n|-damage|p2a: Kommo-o|0 fnt\n|faint|p2a: Kommo-o\n|\n|-heal|p1b: Heatran|47\/100|[from] item: Leftovers\n|upkeep\n|\n|t:|1699390519\n|switch|p2a: Iron Hands|Iron Hands|100\/100\n|switch|p2b: Snorlax|Snorlax, M|100\/100\n|turn|8\n|\n|t:|1699390549\n|switch|p1b: Ursaluna|Ursaluna-Bloodmoon, M|100\/100\n|move|p2a: Iron Hands|Heavy Slam|p1a: Kingambit\n|-supereffective|p1a: Kingambit\n|-damage|p1a: Kingambit|55\/100\n|move|p1a: Kingambit|Kowtow Cleave|p2b: Snorlax\n|-damage|p2b: Snorlax|58\/100\n|move|p2b: Snorlax|Belly Drum|p2b: Snorlax\n|-damage|p2b: Snorlax|8\/100\n|-setboost|p2b: Snorlax|atk|6|[from] move: Belly Drum\n|-enditem|p2b: Snorlax|Sitrus Berry|[eat]\n|-heal|p2b: Snorlax|33\/100|[from] item: Sitrus Berry\n|\n|-heal|p1a: Kingambit|61\/100|[from] item: Leftovers\n|upkeep\n|turn|9\n|\n|t:|1699390573\n|-end|p2a: Iron Hands|Quark Drive|[silent]\n|switch|p2a: Sinistcha|Sinistcha|99\/100\n|-heal|p2b: Snorlax|58\/100|[from] ability: Hospitality|[of] p2a: Sinistcha\n|move|p2b: Snorlax|Protect|p2b: Snorlax\n|-singleturn|p2b: Snorlax|Protect\n|move|p1b: Ursaluna|Earth Power|p2b: Snorlax\n|-activate|p2b: Snorlax|move: Protect\n|move|p1a: Kingambit|Kowtow Cleave|p2b: Snorlax\n|-activate|p2b: Snorlax|move: Protect\n|\n|-heal|p1a: Kingambit|67\/100|[from] item: Leftovers\n|upkeep\n|turn|10\n|inactive|Battle timer is ON: inactive players will automatically lose when time's up. (requested by cooltrocity)\n|\n|t:|1699390594\n|-terastallize|p2b: Snorlax|Water\n|move|p2a: Sinistcha|Strength Sap|p1a: Kingambit\n|-unboost|p1a: Kingambit|atk|1\n|-heal|p2a: Sinistcha|100\/100\n|move|p1b: Ursaluna|Blood Moon|p2b: Snorlax\n|-damage|p2b: Snorlax|4\/100\n|move|p1a: Kingambit|Kowtow Cleave|p2b: Snorlax\n|-damage|p2b: Snorlax|0 fnt\n|faint|p2b: Snorlax\n|\n|-heal|p1a: Kingambit|74\/100|[from] item: Leftovers\n|upkeep\n|\n|t:|1699390609\n|switch|p2b: Iron Hands|Iron Hands|100\/100\n|turn|11\n|\n|t:|1699390620\n|move|p2b: Iron Hands|Fake Out|p1a: Kingambit\n|-damage|p1a: Kingambit|62\/100\n|move|p2a: Sinistcha|Strength Sap|p1b: Ursaluna\n|-unboost|p1b: Ursaluna|atk|1\n|move|p1b: Ursaluna|Earth Power|p2b: Iron Hands\n|-supereffective|p2b: Iron Hands\n|-damage|p2b: Iron Hands|50\/100\n|cant|p1a: Kingambit|flinch\n|\n|-heal|p1a: Kingambit|69\/100|[from] item: Leftovers\n|upkeep\n|turn|12\n|\n|t:|1699390642\n|move|p2a: Sinistcha|Rage Powder|p2a: Sinistcha\n|-singleturn|p2a: Sinistcha|move: Rage Powder\n|move|p2b: Iron Hands|Drain Punch|p1b: Ursaluna\n|-supereffective|p1b: Ursaluna\n|-damage|p1b: Ursaluna|42\/100\n|-heal|p2b: Iron Hands|78\/100|[from] drain|[of] p1b: Ursaluna\n|move|p1b: Ursaluna|Blood Moon|p2a: Sinistcha\n|-damage|p2a: Sinistcha|29\/100\n|move|p1a: Kingambit|Kowtow Cleave|p2a: Sinistcha\n|-supereffective|p2a: Sinistcha\n|-damage|p2a: Sinistcha|0 fnt\n|faint|p2a: Sinistcha\n|\n|-heal|p1b: Ursaluna|48\/100|[from] item: Leftovers\n|-heal|p1a: Kingambit|75\/100|[from] item: Leftovers\n|upkeep\n|turn|13\n|\n|t:|1699390665\n|move|p2b: Iron Hands|Drain Punch|p1b: Ursaluna\n|-supereffective|p1b: Ursaluna\n|-damage|p1b: Ursaluna|0 fnt\n|-heal|p2b: Iron Hands|100\/100|[from] drain|[of] p1b: Ursaluna\n|faint|p1b: Ursaluna\n|move|p1a: Kingambit|Kowtow Cleave|p2b: Iron Hands\n|-resisted|p2b: Iron Hands\n|-damage|p2b: Iron Hands|87\/100\n|\n|-heal|p1a: Kingambit|81\/100|[from] item: Leftovers\n|upkeep\n|inactive|cooltrocity has 120 seconds left.\n|\n|t:|1699390682\n|switch|p1b: Meowscarada|Meowscarada, M|100\/100\n|turn|14\n|\n|t:|1699390698\n|move|p1b: Meowscarada|Flower Trick|p2b: Iron Hands\n|-crit|p2b: Iron Hands\n|-damage|p2b: Iron Hands|54\/100\n|move|p2b: Iron Hands|Drain Punch|p1b: Meowscarada\n|-supereffective|p1b: Meowscarada\n|-damage|p1b: Meowscarada|0 fnt\n|-heal|p2b: Iron Hands|86\/100|[from] drain|[of] p1b: Meowscarada\n|faint|p1b: Meowscarada\n|move|p1a: Kingambit|Air Slash|p2b: Iron Hands\n|-crit|p2b: Iron Hands\n|-damage|p2b: Iron Hands|76\/100\n|\n|-heal|p1a: Kingambit|87\/100|[from] item: Leftovers\n|upkeep\n|\n|t:|1699390711\n|switch|p1b: Heatran|Heatran, F|47\/100\n|turn|15\n|\n|t:|1699390726\n|move|p1b: Heatran|Magma Storm|p2b: Iron Hands\n|-damage|p2b: Iron Hands|46\/100\n|-activate|p2b: Iron Hands|move: Magma Storm|[of] p1b: Heatran\n|move|p2b: Iron Hands|Drain Punch|p1b: Heatran\n|-supereffective|p1b: Heatran\n|-damage|p1b: Heatran|0 fnt\n|-heal|p2b: Iron Hands|66\/100|[from] drain|[of] p1b: Heatran\n|faint|p1b: Heatran\n|move|p1a: Kingambit|Swords Dance|p1a: Kingambit\n|-boost|p1a: Kingambit|atk|2\n|\n|-heal|p1a: Kingambit|93\/100|[from] item: Leftovers\n|-end|p2b: Iron Hands|Magma Storm|[partiallytrapped]|[silent]\n|upkeep\n|turn|16\n|\n|t:|1699390742\n|move|p2b: Iron Hands|Heavy Slam|p1a: Kingambit\n|-supereffective|p1a: Kingambit\n|-damage|p1a: Kingambit|51\/100\n|move|p1a: Kingambit|Kowtow Cleave|p2b: Iron Hands\n|-resisted|p2b: Iron Hands\n|-damage|p2b: Iron Hands|33\/100\n|\n|-heal|p1a: Kingambit|57\/100|[from] item: Leftovers\n|upkeep\n|turn|17\n|\n|t:|1699390755\n|move|p2b: Iron Hands|Heavy Slam|p1a: Kingambit\n|-supereffective|p1a: Kingambit\n|-damage|p1a: Kingambit|9\/100\n|move|p1a: Kingambit|Kowtow Cleave|p2b: Iron Hands\n|-resisted|p2b: Iron Hands\n|-damage|p2b: Iron Hands|4\/100\n|\n|-heal|p1a: Kingambit|16\/100|[from] item: Leftovers\n|upkeep\n|turn|18\n|\n|t:|1699390769\n|move|p2b: Iron Hands|Heavy Slam|p1a: Kingambit\n|-supereffective|p1a: Kingambit\n|-damage|p1a: Kingambit|0 fnt\n|faint|p1a: Kingambit\n|-end|p1a: Kingambit|fallen2|[silent]\n|\n|win|Toucanton\n|raw|cooltrocity's rating: 1116 &rarr; <strong>1091<\/strong><br \/>(-25 for losing)\n|raw|Toucanton's rating: 1112 &rarr; <strong>1137<\/strong><br \/>(+25 for winning)\n|c|\u2606cooltrocity|Gg\n|l|\u2606cooltrocity\n","uploadtime":1699391071,"views":9,"p1id":"cooltrocity","p2id":"toucanton","formatid":"gen9doublesou","rating":1091,"private":0,"password":""}