{"id":"gen9doublesou-1985570411","p1":"ItsMonon","p2":"MymLuis11","format":"[Gen 9] Doubles OU","log":"|j|\u2606ItsMonon\n|j|\u2606MymLuis11\n|t:|1699385487\n|gametype|doubles\n|player|p1|ItsMonon|pokekid|1282\n|player|p2|MymLuis11|169|1408\n|teamsize|p1|6\n|teamsize|p2|6\n|gen|9\n|tier|[Gen 9] Doubles OU\n|rated|\n|rule|Species Clause: Limit one of each Pok\u00e9mon\n|rule|OHKO Clause: OHKO moves are banned\n|rule|Evasion Moves Clause: Evasion moves are banned\n|rule|Gravity Sleep Clause: The combination of sleep-inducing moves with imperfect accuracy and Gravity or Gigantamax Orbeetle are banned\n|rule|Endless Battle Clause: Forcing endless battles is banned\n|rule|HP Percentage Mod: HP is shown in percentages\n|clearpoke\n|poke|p1|Chandelure, F|\n|poke|p1|Great Tusk|\n|poke|p1|Arcanine-Hisui, M|\n|poke|p1|Amoonguss, F|\n|poke|p1|Corviknight, M|\n|poke|p1|Palafin, F|\n|poke|p2|Moltres-Galar|\n|poke|p2|Meowscarada, M|\n|poke|p2|Garchomp, M|\n|poke|p2|Chien-Pao|\n|poke|p2|Murkrow, M|\n|poke|p2|Cinderace, M|\n|teampreview\n|inactive|Battle timer is ON: inactive players will automatically lose when time's up. (requested by MymLuis11)\n|\n|t:|1699385497\n|start\n|switch|p1a: Palafin|Palafin, F|100\/100\n|switch|p1b: Chandelure|Chandelure, F|100\/100\n|switch|p2a: Garchomp|Garchomp, M, shiny|100\/100\n|switch|p2b: Murkrow|Murkrow, M|100\/100\n|turn|1\n|\n|t:|1699385512\n|switch|p1b: Great Tusk|Great Tusk|100\/100\n|move|p2b: Murkrow|Tailwind|p2b: Murkrow\n|-sidestart|p2: MymLuis11|move: Tailwind\n|move|p2a: Garchomp|Earthquake|p1b: Great Tusk|[spread] p1a,p1b\n|-immune|p2b: Murkrow\n|-crit|p1b: Great Tusk\n|-damage|p1a: Palafin|46\/100\n|-damage|p1b: Great Tusk|64\/100\n|move|p1a: Palafin|Ice Punch|p2a: Garchomp\n|-supereffective|p2a: Garchomp\n|-damage|p2a: Garchomp|0 fnt\n|-damage|p1a: Palafin|33\/100|[from] ability: Rough Skin|[of] p2a: Garchomp\n|faint|p2a: Garchomp\n|\n|upkeep\n|\n|t:|1699385520\n|switch|p2a: Moltres|Moltres-Galar, shiny|100\/100\n|turn|2\n|\n|t:|1699385539\n|detailschange|p1a: Palafin|Palafin-Hero, F\n|switch|p1a: Arcanine|Arcanine-Hisui, M|100\/100\n|-ability|p1a: Arcanine|Intimidate|boost\n|-unboost|p2a: Moltres|atk|1\n|-unboost|p2b: Murkrow|atk|1\n|-terastallize|p1b: Great Tusk|Fairy\n|move|p2b: Murkrow|Foul Play|p1b: Great Tusk\n|-resisted|p1b: Great Tusk\n|-damage|p1b: Great Tusk|50\/100\n|move|p2a: Moltres|Fiery Wrath|p1a: Arcanine|[spread] p1a,p1b\n|-resisted|p1b: Great Tusk\n|-damage|p1a: Arcanine|60\/100\n|-damage|p1b: Great Tusk|25\/100\n|move|p1b: Great Tusk|Play Rough|p2b: Murkrow\n|-supereffective|p2b: Murkrow\n|-damage|p2b: Murkrow|0 fnt\n|faint|p2b: Murkrow\n|\n|upkeep\n|\n|t:|1699385549\n|switch|p2b: Cinderace|Cinderace, M|100\/100\n|turn|3\n|\n|t:|1699385560\n|move|p2b: Cinderace|High Jump Kick|p1a: Arcanine\n|-start|p2b: Cinderace|typechange|Fighting|[from] ability: Libero\n|-supereffective|p1a: Arcanine\n|-damage|p1a: Arcanine|0 fnt\n|faint|p1a: Arcanine\n|move|p2a: Moltres|Fiery Wrath|p1b: Great Tusk\n|-resisted|p1b: Great Tusk\n|-damage|p1b: Great Tusk|0 fnt\n|faint|p1b: Great Tusk\n|-end|p1b: Great Tusk|Protosynthesis|[silent]\n|\n|upkeep\n|\n|t:|1699385576\n|switch|p1a: Corviknight|Corviknight, M|100\/100\n|switch|p1b: Palafin|Palafin-Hero, F|33\/100\n|-activate|p1b: Palafin|ability: Zero to Hero\n|turn|4\n|\n|t:|1699385587\n|move|p2b: Cinderace|Pyro Ball|p1a: Corviknight\n|-supereffective|p1a: Corviknight\n|-damage|p1a: Corviknight|57\/100\n|move|p2a: Moltres|Fiery Wrath|p1b: Palafin|[spread] p1a,p1b\n|-damage|p1a: Corviknight|23\/100\n|-damage|p1b: Palafin|0 fnt\n|faint|p1b: Palafin\n|move|p1a: Corviknight|Brave Bird|p2b: Cinderace\n|-supereffective|p2b: Cinderace\n|-damage|p2b: Cinderace|0 fnt\n|faint|p2b: Cinderace\n|-damage|p1a: Corviknight|0 fnt|[from] Recoil\n|faint|p1a: Corviknight\n|\n|-sideend|p2: MymLuis11|move: Tailwind\n|upkeep\n|\n|t:|1699385602\n|switch|p2b: Meowscarada|Meowscarada, M|100\/100\n|switch|p1b: Chandelure|Chandelure, F|100\/100\n|switch|p1a: Amoonguss|Amoonguss, F|100\/100\n|turn|5\n|\n|t:|1699385616\n|move|p2b: Meowscarada|Knock Off|p1b: Chandelure\n|-start|p2b: Meowscarada|typechange|Dark|[from] ability: Protean\n|-supereffective|p1b: Chandelure\n|-damage|p1b: Chandelure|0 fnt\n|-enditem|p1b: Chandelure|Choice Specs|[from] move: Knock Off|[of] p2b: Meowscarada\n|faint|p1b: Chandelure\n|-damage|p2b: Meowscarada|91\/100|[from] item: Life Orb\n|move|p2a: Moltres|Air Slash|p1a: Amoonguss\n|-supereffective|p1a: Amoonguss\n|-damage|p1a: Amoonguss|54\/100\n|move|p1a: Amoonguss|Spore|p2b: Meowscarada\n|-status|p2b: Meowscarada|slp|[from] move: Spore\n|\n|-heal|p1a: Amoonguss|60\/100|[from] item: Leftovers\n|upkeep\n|turn|6\n|-message|ItsMonon forfeited.\n|\n|win|MymLuis11\n|raw|ItsMonon's rating: 1282 &rarr; <strong>1266<\/strong><br \/>(-16 for losing)\n|raw|MymLuis11's rating: 1408 &rarr; <strong>1421<\/strong><br \/>(+13 for winning)\n|l|\u2606ItsMonon\n","uploadtime":1699385636,"views":10,"p1id":"itsmonon","p2id":"mymluis11","formatid":"gen9doublesou","rating":1266,"private":0,"password":""}