{"id":"gen9doublesou-1990917412","p1":"Im dumb srly","p2":"KrazyKrookodile13","format":"[Gen 9] Doubles OU","log":"|j|\u2606Im dumb srly\n|j|\u2606KrazyKrookodile13\n|inactive|Battle timer is ON: inactive players will automatically lose when time's up.\n|t:|1700014923\n|gametype|doubles\n|player|p1|Im dumb srly|cheryl|\n|player|p2|KrazyKrookodile13|roughneck|\n|teamsize|p1|6\n|teamsize|p2|6\n|gen|9\n|tier|[Gen 9] Doubles OU\n|rated|Tournament battle\n|rule|Species Clause: Limit one of each Pok\u00e9mon\n|rule|OHKO Clause: OHKO moves are banned\n|rule|Evasion Moves Clause: Evasion moves are banned\n|rule|Gravity Sleep Clause: The combination of sleep-inducing moves with imperfect accuracy and Gravity or Gigantamax Orbeetle are banned\n|rule|Endless Battle Clause: Forcing endless battles is banned\n|rule|HP Percentage Mod: HP is shown in percentages\n|clearpoke\n|poke|p1|Crabominable, F|\n|poke|p1|Palossand, M|\n|poke|p1|Swalot, M|\n|poke|p1|Basculegion-F, F|\n|poke|p1|Hariyama, F|\n|poke|p1|Frogadier, F|\n|poke|p2|Ribombee, F|\n|poke|p2|Greedent, F|\n|poke|p2|Zweilous, M|\n|poke|p2|Poliwhirl, F|\n|poke|p2|Pelipper, M|\n|poke|p2|Snorlax, M|\n|teampreview\n|j|*Lady Monita \u2746\n|j| xdTactician\n|c|\u2606KrazyKrookodile13|gl hf\n|c| xdTactician|hf\n|c|\u2606Im dumb srly|Hf\n|\n|t:|1700014940\n|start\n|switch|p1a: Frogadier|Frogadier, F|100\/100\n|switch|p1b: Swalot|Swalot, M, shiny|100\/100\n|switch|p2a: Ribombee|Ribombee, F|100\/100\n|switch|p2b: Pelipper|Pelipper, M|100\/100\n|-weather|RainDance|[from] ability: Drizzle|[of] p2b: Pelipper\n|turn|1\n|\n|t:|1700014960\n|move|p2a: Ribombee|Light Screen|p2a: Ribombee\n|-sidestart|p2: KrazyKrookodile13|move: Light Screen\n|move|p1a: Frogadier|Spikes|p2b: Pelipper\n|-start|p1a: Frogadier|typechange|Ground|[from] ability: Protean\n|-sidestart|p2: KrazyKrookodile13|Spikes\n|move|p2b: Pelipper|Tailwind|p2b: Pelipper\n|-sidestart|p2: KrazyKrookodile13|move: Tailwind\n|move|p1b: Swalot|Thunder Wave|p2b: Pelipper\n|-status|p2b: Pelipper|par\n|\n|-weather|RainDance|[upkeep]\n|upkeep\n|turn|2\n|j| Maxecuter Executor\n|\n|t:|1700014979\n|move|p2a: Ribombee|Sticky Web|p1a: Frogadier\n|-sidestart|p1: Im dumb srly|move: Sticky Web\n|move|p1a: Frogadier|Spikes|p2b: Pelipper\n|-sidestart|p2: KrazyKrookodile13|Spikes\n|cant|p2b: Pelipper|par\n|move|p1b: Swalot|Knock Off|p2b: Pelipper\n|-damage|p2b: Pelipper|82\/100 par\n|-enditem|p2b: Pelipper|Damp Rock|[from] move: Knock Off|[of] p1b: Swalot\n|\n|-weather|RainDance|[upkeep]\n|upkeep\n|turn|3\n|\n|t:|1700014992\n|move|p2a: Ribombee|Reflect|p2a: Ribombee\n|-sidestart|p2: KrazyKrookodile13|Reflect\n|move|p1a: Frogadier|Spikes|p2b: Pelipper\n|-sidestart|p2: KrazyKrookodile13|Spikes\n|move|p2b: Pelipper|U-turn|p1a: Frogadier\n|-damage|p1a: Frogadier|78\/100\n|\n|t:|1700015008\n|switch|p2b: Poliwhirl|Poliwhirl, F|100\/100|[from] U-turn\n|-damage|p2b: Poliwhirl|76\/100|[from] Spikes\n|move|p1b: Swalot|Thunder Wave|p2a: Ribombee\n|-status|p2a: Ribombee|par\n|\n|-weather|RainDance|[upkeep]\n|upkeep\n|turn|4\n|\n|t:|1700015029\n|move|p2b: Poliwhirl|Belly Drum|p2b: Poliwhirl\n|-damage|p2b: Poliwhirl|26\/100\n|-setboost|p2b: Poliwhirl|atk|6|[from] move: Belly Drum\n|move|p2a: Ribombee|Pollen Puff|p2b: Poliwhirl\n|-heal|p2b: Poliwhirl|76\/100\n|move|p1a: Frogadier|Ice Beam|p2a: Ribombee\n|-damage|p2a: Ribombee|78\/100 par\n|move|p1b: Swalot|Thunder Wave|p2b: Poliwhirl\n|-status|p2b: Poliwhirl|par\n|\n|-weather|RainDance|[upkeep]\n|-sideend|p2: KrazyKrookodile13|move: Tailwind\n|upkeep\n|turn|5\n|inactive|KrazyKrookodile13 has 120 seconds left.\n|\n|t:|1700015065\n|move|p1a: Frogadier|Ice Beam|p2b: Poliwhirl\n|-resisted|p2b: Poliwhirl\n|-damage|p2b: Poliwhirl|65\/100 par\n|cant|p2b: Poliwhirl|par\n|cant|p2a: Ribombee|par\n|move|p1b: Swalot|Knock Off|p2b: Poliwhirl\n|-damage|p2b: Poliwhirl|51\/100 par\n|-enditem|p2b: Poliwhirl|Eviolite|[from] move: Knock Off|[of] p1b: Swalot\n|\n|-weather|RainDance|[upkeep]\n|upkeep\n|turn|6\n|\n|t:|1700015081\n|move|p1a: Frogadier|Ice Beam|p2b: Poliwhirl\n|-resisted|p2b: Poliwhirl\n|-damage|p2b: Poliwhirl|36\/100 par\n|cant|p2b: Poliwhirl|par\n|move|p2a: Ribombee|Pollen Puff|p2b: Poliwhirl\n|-heal|p2b: Poliwhirl|86\/100 par\n|move|p1b: Swalot|Poison Jab|p2b: Poliwhirl\n|-damage|p2b: Poliwhirl|59\/100 par\n|\n|-weather|RainDance|[upkeep]\n|upkeep\n|turn|7\n|l| Maxecuter Executor\n|\n|t:|1700015104\n|move|p1a: Frogadier|Ice Beam|p2b: Poliwhirl\n|-resisted|p2b: Poliwhirl\n|-damage|p2b: Poliwhirl|44\/100 par\n|move|p2b: Poliwhirl|Liquidation|p1b: Swalot\n|-damage|p1b: Swalot|0 fnt\n|faint|p1b: Swalot\n|move|p2a: Ribombee|Pollen Puff|p2b: Poliwhirl\n|-heal|p2b: Poliwhirl|94\/100 par\n|\n|-weather|RainDance|[upkeep]\n|upkeep\n|\n|t:|1700015120\n|switch|p1b: Basculegion|Basculegion-F, F, shiny|100\/100\n|-activate|p1b: Basculegion|move: Sticky Web\n|-unboost|p1b: Basculegion|spe|1\n|turn|8\n|j| poketough\n|l| poketough\n|inactive|KrazyKrookodile13 has 120 seconds left.\n|\n|t:|1700015154\n|move|p1b: Basculegion|Hex|p2b: Poliwhirl\n|-damage|p2b: Poliwhirl|9\/100 par\n|move|p1a: Frogadier|Ice Beam|p2b: Poliwhirl\n|-resisted|p2b: Poliwhirl\n|-crit|p2b: Poliwhirl\n|-damage|p2b: Poliwhirl|0 fnt\n|faint|p2b: Poliwhirl\n|cant|p2a: Ribombee|par\n|\n|-weather|none\n|-sideend|p2: KrazyKrookodile13|move: Light Screen\n|upkeep\n|inactive|KrazyKrookodile13 has 120 seconds left.\n|\n|t:|1700015177\n|switch|p2b: Greedent|Greedent, F|100\/100\n|-damage|p2b: Greedent|75\/100|[from] Spikes\n|turn|9\n|inactive|KrazyKrookodile13 has 120 seconds left.\n|j| Lush Eagles\n|\n|t:|1700015213\n|move|p1a: Frogadier|Hydro Pump|p2b: Greedent\n|-damage|p2b: Greedent|48\/100\n|-enditem|p2b: Greedent|Sitrus Berry|[eat]\n|-heal|p2b: Greedent|73\/100|[from] item: Sitrus Berry\n|move|p1b: Basculegion|Hex|p2a: Ribombee\n|-damage|p2a: Ribombee|0 fnt\n|faint|p2a: Ribombee\n|move|p2b: Greedent|Belly Drum|p2b: Greedent\n|-damage|p2b: Greedent|23\/100\n|-setboost|p2b: Greedent|atk|6|[from] move: Belly Drum\n|\n|upkeep\n|inactive|KrazyKrookodile13 has 90 seconds left.\n|c|\u2606Im dumb srly|Too much belly drum\n|\n|t:|1700015245\n|switch|p2a: Zweilous|Zweilous, M|100\/100\n|-damage|p2a: Zweilous|75\/100|[from] Spikes\n|turn|10\n|inactive|KrazyKrookodile13 has 90 seconds left.\n|\n|t:|1700015259\n|switch|p1b: Hariyama|Hariyama, F, shiny|100\/100\n|-activate|p1b: Hariyama|move: Sticky Web\n|-unboost|p1b: Hariyama|spe|1\n|move|p1a: Frogadier|Hydro Pump|p2b: Greedent\n|-damage|p2b: Greedent|0 fnt\n|faint|p2b: Greedent\n|move|p2a: Zweilous|Crunch|p1b: Hariyama\n|-resisted|p1b: Hariyama\n|-damage|p1b: Hariyama|58\/100\n|-unboost|p1b: Hariyama|def|1\n|\n|-sideend|p2: KrazyKrookodile13|Reflect\n|upkeep\n|inactive|KrazyKrookodile13 has 60 seconds left.\n|\n|t:|1700015291\n|switch|p2b: Snorlax|Snorlax, M|100\/100\n|-damage|p2b: Snorlax|76\/100|[from] Spikes\n|turn|11\n|c|\u2606Im dumb srly|That snorlax gonna have belly drum as well ain\u2019t it\n|c| xdTactician|lmao\n|c| xdTactician|this is crazy\n|c| xdTactician|awesome\n|inactive|KrazyKrookodile13 has 60 seconds left.\n|\n|t:|1700015328\n|-terastallize|p2b: Snorlax|Ghost\n|move|p1a: Frogadier|Hydro Pump|p2b: Snorlax\n|-damage|p2b: Snorlax|56\/100\n|move|p2b: Snorlax|Belly Drum|p2b: Snorlax\n|-damage|p2b: Snorlax|7\/100\n|-setboost|p2b: Snorlax|atk|6|[from] move: Belly Drum\n|-enditem|p2b: Snorlax|Sitrus Berry|[eat]\n|-heal|p2b: Snorlax|32\/100|[from] item: Sitrus Berry\n|move|p2a: Zweilous|Crunch|p1b: Hariyama\n|-resisted|p1b: Hariyama\n|-damage|p1b: Hariyama|0 fnt\n|faint|p1b: Hariyama\n|\n|upkeep\n|c|\u2606Im dumb srly|Knew it\n|\n|t:|1700015341\n|switch|p1b: Palossand|Palossand, M, shiny|100\/100\n|-activate|p1b: Palossand|move: Sticky Web\n|-unboost|p1b: Palossand|spe|1\n|turn|12\n|c| xdTactician|just need trick room\n|c|\u2606KrazyKrookodile13|i was close to running salac beery\n|inactive|KrazyKrookodile13 has 60 seconds left.\n|c|\u2606Im dumb srly|All my mons are slow so the sticky webs don\u2019t have much impact\n|\n|t:|1700015389\n|move|p1a: Frogadier|Hydro Pump|p2b: Snorlax\n|-damage|p2b: Snorlax|11\/100\n|move|p2b: Snorlax|Trailblaze|p1b: Palossand\n|-supereffective|p1b: Palossand\n|-damage|p1b: Palossand|0 fnt\n|-boost|p2b: Snorlax|spe|1\n|faint|p1b: Palossand\n|move|p2a: Zweilous|Crunch|p1a: Frogadier\n|-damage|p1a: Frogadier|0 fnt\n|faint|p1a: Frogadier\n|\n|upkeep\n|c| xdTactician|frogadier living to see it all\n|c|\u2606Im dumb srly|Scary\n|\n|t:|1700015399\n|switch|p1a: Basculegion|Basculegion-F, F, shiny|100\/100\n|switch|p1b: Small Legs|Crabominable, F, shiny|100\/100\n|-activate|p1a: Basculegion|move: Sticky Web\n|-unboost|p1a: Basculegion|spe|1\n|-activate|p1b: Small Legs|move: Sticky Web\n|-unboost|p1b: Small Legs|spe|1\n|turn|13\n|c| xdTactician|trailblaze jeez\n|inactive|KrazyKrookodile13 has 60 seconds left.\n|c| xdTactician|looks real bad rn\n|c|\u2606Im dumb srly|I think I lose\n|c| xdTactician|unless\n|c|\u2606KrazyKrookodile13|theres one thing rn\n|inactive|Im dumb srly has 120 seconds left.\n|c| xdTactician|oh yeah this is bas F\n|j| Malutar\n|\n|t:|1700015445\n|-terastallize|p1b: Small Legs|Flying\n|move|p2b: Snorlax|Body Slam|p1b: Small Legs\n|-damage|p1b: Small Legs|0 fnt\n|faint|p1b: Small Legs\n|move|p1a: Basculegion|Ice Beam|p2b: Snorlax\n|-damage|p2b: Snorlax|0 fnt\n|faint|p2b: Snorlax\n|move|p2a: Zweilous|Crunch|p1a: Basculegion\n|-supereffective|p1a: Basculegion\n|-damage|p1a: Basculegion|0 fnt\n|faint|p1a: Basculegion\n|\n|win|KrazyKrookodile13\n|n|\u2606Im dumb srly|imdumbsrly\n|n|\u2606KrazyKrookodile13|krazykrookodile13\n|n|*Lady Monita \u2746|ladymonita\n|n| xdTactician|xdtactician\n|n| Lush Eagles|lusheagles\n|n| Malutar|malutar\n","uploadtime":1700015446,"views":13,"p1id":"imdumbsrly","p2id":"krazykrookodile13","formatid":"gen9doublesou","rating":0,"private":0,"password":""}