{"id":"gen9doublesou-1985896660","p1":"RLisanidiot","p2":"Tacobalde","format":"[Gen 9] Doubles OU","log":"|j|\u2606RLisanidiot\n|j|\u2606Tacobalde\n|t:|1699419105\n|gametype|doubles\n|player|p1|RLisanidiot|unknownf|1335\n|player|p2|Tacobalde|juggler|1394\n|teamsize|p1|6\n|teamsize|p2|6\n|gen|9\n|tier|[Gen 9] Doubles OU\n|rated|\n|rule|Species Clause: Limit one of each Pok\u00e9mon\n|rule|OHKO Clause: OHKO moves are banned\n|rule|Evasion Moves Clause: Evasion moves are banned\n|rule|Gravity Sleep Clause: The combination of sleep-inducing moves with imperfect accuracy and Gravity or Gigantamax Orbeetle are banned\n|rule|Endless Battle Clause: Forcing endless battles is banned\n|rule|HP Percentage Mod: HP is shown in percentages\n|clearpoke\n|poke|p1|Ninetales-Alola, F|\n|poke|p1|Chien-Pao|\n|poke|p1|Flutter Mane|\n|poke|p1|Tornadus, M|\n|poke|p1|Pachirisu, M|\n|poke|p1|Rillaboom, M|\n|poke|p2|Gholdengo|\n|poke|p2|Amoonguss, F|\n|poke|p2|Iron Moth|\n|poke|p2|Palafin, M|\n|poke|p2|Tornadus, M|\n|poke|p2|Dragapult, M|\n|teampreview\n|inactive|Battle timer is ON: inactive players will automatically lose when time's up. (requested by RLisanidiot)\n|inactive|Tacobalde also wants the timer to be on.\n|\n|t:|1699419116\n|start\n|switch|p1a: Chien-Pao|Chien-Pao|100\/100\n|switch|p1b: Tornadus|Tornadus, M|100\/100\n|switch|p2a: Palafin|Palafin, M|100\/100\n|switch|p2b: Gholdengo|Gholdengo|100\/100\n|-ability|p1a: Chien-Pao|Sword of Ruin\n|turn|1\n|\n|t:|1699419134\n|move|p2b: Gholdengo|Protect|p2b: Gholdengo\n|-singleturn|p2b: Gholdengo|Protect\n|move|p1a: Chien-Pao|Sucker Punch||[still]\n|-fail|p1a: Chien-Pao\n|move|p1b: Tornadus|Bleakwind Storm|p2b: Gholdengo|[spread] p2a\n|-activate|p2b: Gholdengo|move: Protect\n|-damage|p2a: Palafin|60\/100\n|-unboost|p2a: Palafin|spe|1\n|move|p2a: Palafin|Flip Turn|p1a: Chien-Pao\n|-damage|p1a: Chien-Pao|65\/100\n|\n|t:|1699419151\n|detailschange|p2a: Palafin|Palafin-Hero, M\n|switch|p2a: Tornadus|Tornadus, M|100\/100|[from] Flip Turn\n|\n|upkeep\n|turn|2\n|\n|t:|1699419174\n|move|p2a: Tornadus|Tailwind|p2a: Tornadus\n|-sidestart|p2: Tacobalde|move: Tailwind\n|move|p1a: Chien-Pao|Sucker Punch||[still]\n|-fail|p1a: Chien-Pao\n|move|p1b: Tornadus|Taunt|p2a: Tornadus\n|-start|p2a: Tornadus|move: Taunt\n|move|p2b: Gholdengo|Nasty Plot|p2b: Gholdengo\n|-boost|p2b: Gholdengo|spa|2\n|\n|upkeep\n|turn|3\n|\n|t:|1699419193\n|-terastallize|p2b: Gholdengo|Steel\n|move|p1b: Tornadus|Tailwind|p1b: Tornadus\n|-sidestart|p1: RLisanidiot|move: Tailwind\n|move|p2a: Tornadus|Icy Wind|p1a: Chien-Pao|[spread] \n|-miss|p2a: Tornadus|p1a: Chien-Pao\n|-miss|p2a: Tornadus|p1b: Tornadus\n|move|p1a: Chien-Pao|Ice Spinner|p2a: Tornadus\n|-supereffective|p2a: Tornadus\n|-enditem|p2a: Tornadus|Focus Sash\n|-damage|p2a: Tornadus|1\/100\n|move|p2b: Gholdengo|Make It Rain|p1a: Chien-Pao|[spread] p1a,p1b\n|-supereffective|p1a: Chien-Pao\n|-damage|p1a: Chien-Pao|0 fnt\n|-damage|p1b: Tornadus|0 fnt\n|-unboost|p2b: Gholdengo|spa|1\n|faint|p1a: Chien-Pao\n|faint|p1b: Tornadus\n|-damage|p2b: Gholdengo|91\/100|[from] item: Life Orb\n|\n|upkeep\n|\n|t:|1699419208\n|switch|p1a: Ninetales|Ninetales-Alola, F, shiny|100\/100\n|switch|p1b: Flutter Mane|Flutter Mane|100\/100\n|-weather|Snow|[from] ability: Snow Warning|[of] p1a: Ninetales\n|turn|4\n|\n|t:|1699419231\n|-terastallize|p1b: Flutter Mane|Ghost\n|move|p1b: Flutter Mane|Shadow Ball|p2b: Gholdengo\n|-crit|p2b: Gholdengo\n|-damage|p2b: Gholdengo|0 fnt\n|faint|p2b: Gholdengo\n|move|p2a: Tornadus|Icy Wind|p1a: Ninetales|[spread] p1a,p1b\n|-resisted|p1a: Ninetales\n|-damage|p1a: Ninetales|94\/100\n|-damage|p1b: Flutter Mane|85\/100\n|-unboost|p1a: Ninetales|spe|1\n|-unboost|p1b: Flutter Mane|spe|1\n|move|p1a: Ninetales|Aurora Veil|p1a: Ninetales\n|-sidestart|p1: RLisanidiot|move: Aurora Veil\n|\n|-weather|Snow|[upkeep]\n|upkeep\n|inactive|Tacobalde has 120 seconds left.\n|\n|t:|1699419249\n|switch|p2b: Iron Moth|Iron Moth|100\/100\n|turn|5\n|\n|t:|1699419264\n|move|p2a: Tornadus|Bleakwind Storm|p1b: Flutter Mane|[spread] p1a,p1b\n|-damage|p1a: Ninetales|69\/100\n|-damage|p1b: Flutter Mane|58\/100\n|-unboost|p1a: Ninetales|spe|1\n|move|p2b: Iron Moth|Sludge Wave|p1b: Flutter Mane|[spread] p2a,p1a,p1b\n|-supereffective|p1a: Ninetales\n|-resisted|p1b: Flutter Mane\n|-damage|p2a: Tornadus|0 fnt\n|-damage|p1a: Ninetales|0 fnt\n|-damage|p1b: Flutter Mane|38\/100\n|-status|p1b: Flutter Mane|psn\n|faint|p2a: Tornadus\n|faint|p1a: Ninetales\n|-damage|p2b: Iron Moth|91\/100|[from] item: Life Orb\n|move|p1b: Flutter Mane|Shadow Ball|p2b: Iron Moth\n|-damage|p2b: Iron Moth|0 fnt\n|faint|p2b: Iron Moth\n|-end|p2b: Iron Moth|Quark Drive|[silent]\n|\n|-weather|Snow|[upkeep]\n|-damage|p1b: Flutter Mane|26\/100 psn|[from] psn\n|-sideend|p2: Tacobalde|move: Tailwind\n|upkeep\n|\n|t:|1699419290\n|switch|p2a: Palafin|Palafin-Hero, M|60\/100\n|switch|p1a: Pachirisu|Pachirisu, M|100\/100\n|switch|p2b: Amoonguss|Amoonguss, F|100\/100\n|-activate|p2a: Palafin|ability: Zero to Hero\n|turn|6\n|\n|t:|1699419309\n|move|p1a: Pachirisu|Follow Me|p1a: Pachirisu\n|-singleturn|p1a: Pachirisu|move: Follow Me\n|move|p2a: Palafin|Jet Punch|p1a: Pachirisu\n|-damage|p1a: Pachirisu|58\/100\n|move|p1b: Flutter Mane|Shadow Ball|p2b: Amoonguss\n|-damage|p2b: Amoonguss|37\/100\n|-unboost|p2b: Amoonguss|spd|1\n|move|p2b: Amoonguss|Spore|p1a: Pachirisu\n|-status|p1a: Pachirisu|slp|[from] move: Spore\n|\n|-weather|Snow|[upkeep]\n|-damage|p1b: Flutter Mane|14\/100 psn|[from] psn\n|-sideend|p1: RLisanidiot|move: Tailwind\n|upkeep\n|turn|7\n|\n|t:|1699419332\n|-end|p1b: Flutter Mane|Protosynthesis|[silent]\n|switch|p1b: Rillaboom|Rillaboom, M|100\/100\n|-fieldstart|move: Grassy Terrain|[from] ability: Grassy Surge|[of] p1b: Rillaboom\n|cant|p1a: Pachirisu|slp\n|move|p2a: Palafin|Jet Punch|p1b: Rillaboom\n|-resisted|p1b: Rillaboom\n|-damage|p1b: Rillaboom|81\/100\n|move|p2b: Amoonguss|Pollen Puff|p2a: Palafin\n|-heal|p2a: Palafin|100\/100\n|\n|-weather|Snow|[upkeep]\n|-heal|p1a: Pachirisu|64\/100 slp|[from] Grassy Terrain\n|-heal|p1b: Rillaboom|87\/100|[from] Grassy Terrain\n|-heal|p2b: Amoonguss|44\/100|[from] Grassy Terrain\n|upkeep\n|turn|8\n|inactive|Tacobalde has 120 seconds left.\n|\n|t:|1699419362\n|switch|p2a: Dragapult|Dragapult, M|100\/100\n|-curestatus|p1a: Pachirisu|slp|[msg]\n|move|p1a: Pachirisu|Nuzzle|p2b: Amoonguss\n|-resisted|p2b: Amoonguss\n|-damage|p2b: Amoonguss|42\/100\n|-status|p2b: Amoonguss|par\n|-damage|p1a: Pachirisu|47\/100|[from] item: Rocky Helmet|[of] p2b: Amoonguss\n|-enditem|p1a: Pachirisu|Sitrus Berry|[eat]\n|-heal|p1a: Pachirisu|72\/100|[from] item: Sitrus Berry\n|move|p1b: Rillaboom|Wood Hammer|p2a: Dragapult\n|-resisted|p2a: Dragapult\n|-damage|p2a: Dragapult|11\/100\n|-damage|p1b: Rillaboom|64\/100|[from] Recoil\n|move|p2b: Amoonguss|Pollen Puff|p1b: Rillaboom\n|-supereffective|p1b: Rillaboom\n|-damage|p1b: Rillaboom|35\/100\n|\n|-weather|none\n|-heal|p2a: Dragapult|17\/100|[from] Grassy Terrain\n|-heal|p1a: Pachirisu|79\/100|[from] Grassy Terrain\n|-heal|p1b: Rillaboom|42\/100|[from] Grassy Terrain\n|-heal|p2b: Amoonguss|48\/100 par|[from] Grassy Terrain\n|upkeep\n|turn|9\n|inactive|Tacobalde has 120 seconds left.\n|\n|t:|1699419406\n|move|p1a: Pachirisu|Follow Me|p1a: Pachirisu\n|-singleturn|p1a: Pachirisu|move: Follow Me\n|move|p2a: Dragapult|Dragon Darts|p1a: Pachirisu\n|-damage|p1a: Pachirisu|61\/100\n|-anim|p2a: Dragapult|Dragon Darts|p1a: Pachirisu\n|-damage|p1a: Pachirisu|41\/100\n|move|p1b: Rillaboom|Wood Hammer|p2a: Dragapult\n|-resisted|p2a: Dragapult\n|-damage|p2a: Dragapult|0 fnt\n|faint|p2a: Dragapult\n|-damage|p1b: Rillaboom|37\/100|[from] Recoil\n|move|p2b: Amoonguss|Pollen Puff|p1a: Pachirisu\n|-damage|p1a: Pachirisu|29\/100\n|\n|-heal|p1a: Pachirisu|35\/100|[from] Grassy Terrain\n|-heal|p1b: Rillaboom|44\/100|[from] Grassy Terrain\n|-heal|p2b: Amoonguss|54\/100 par|[from] Grassy Terrain\n|upkeep\n|\n|t:|1699419417\n|switch|p2a: Palafin|Palafin-Hero, M|100\/100\n|turn|10\n|inactive|Tacobalde has 120 seconds left.\n|\n|t:|1699419439\n|move|p1a: Pachirisu|Follow Me|p1a: Pachirisu\n|-singleturn|p1a: Pachirisu|move: Follow Me\n|move|p2a: Palafin|Jet Punch|p1a: Pachirisu\n|-damage|p1a: Pachirisu|0 fnt\n|faint|p1a: Pachirisu\n|move|p1b: Rillaboom|Wood Hammer|p2a: Palafin\n|-supereffective|p2a: Palafin\n|-crit|p2a: Palafin\n|-damage|p2a: Palafin|0 fnt\n|faint|p2a: Palafin\n|-damage|p1b: Rillaboom|14\/100|[from] Recoil\n|move|p2b: Amoonguss|Pollen Puff|p1b: Rillaboom\n|-supereffective|p1b: Rillaboom\n|-damage|p1b: Rillaboom|0 fnt\n|faint|p1b: Rillaboom\n|\n|-heal|p2b: Amoonguss|60\/100 par|[from] Grassy Terrain\n|upkeep\n|\n|t:|1699419454\n|switch|p1a: Flutter Mane|Flutter Mane, tera:Ghost|14\/100 psn\n|turn|11\n|\n|t:|1699419459\n|move|p2b: Amoonguss|Protect|p2b: Amoonguss\n|-singleturn|p2b: Amoonguss|Protect\n|move|p1a: Flutter Mane|Shadow Ball|p2b: Amoonguss\n|-activate|p2b: Amoonguss|move: Protect\n|\n|-heal|p1a: Flutter Mane|20\/100 psn|[from] Grassy Terrain\n|-heal|p2b: Amoonguss|66\/100 par|[from] Grassy Terrain\n|-damage|p1a: Flutter Mane|7\/100 psn|[from] psn\n|-sideend|p1: RLisanidiot|move: Aurora Veil\n|-fieldend|move: Grassy Terrain\n|upkeep\n|turn|12\n|\n|t:|1699419474\n|move|p2b: Amoonguss|Protect||[still]\n|-fail|p2b: Amoonguss\n|move|p1a: Flutter Mane|Shadow Ball|p2b: Amoonguss\n|-damage|p2b: Amoonguss|0 fnt\n|faint|p2b: Amoonguss\n|\n|win|RLisanidiot\n|raw|RLisanidiot's rating: 1335 &rarr; <strong>1358<\/strong><br \/>(+23 for winning)\n|raw|Tacobalde's rating: 1394 &rarr; <strong>1371<\/strong><br \/>(-23 for losing)\n|l|\u2606Tacobalde\n","uploadtime":1699419487,"views":14,"p1id":"rlisanidiot","p2id":"tacobalde","formatid":"gen9doublesou","rating":1358,"private":0,"password":""}