{"id":"gen9doublesou-1983546214","p1":"Jackmim","p2":"Tired Of Paradox","format":"[Gen 9] Doubles OU","log":"|j|\u2606Jackmim\n|j|\u2606Tired Of Paradox\n|t:|1699141903\n|gametype|doubles\n|player|p1|Jackmim|teamrocket|1145\n|player|p2|Tired Of Paradox|birdkeeper-gen4dp|1062\n|teamsize|p1|6\n|teamsize|p2|6\n|gen|9\n|tier|[Gen 9] Doubles OU\n|rated|\n|rule|Species Clause: Limit one of each Pok\u00e9mon\n|rule|OHKO Clause: OHKO moves are banned\n|rule|Evasion Moves Clause: Evasion moves are banned\n|rule|Gravity Sleep Clause: The combination of sleep-inducing moves with imperfect accuracy and Gravity or Gigantamax Orbeetle are banned\n|rule|Endless Battle Clause: Forcing endless battles is banned\n|rule|HP Percentage Mod: HP is shown in percentages\n|clearpoke\n|poke|p1|Greninja-*, M|\n|poke|p1|Infernape, F|\n|poke|p1|Drowzee, F|\n|poke|p1|Mightyena, M|\n|poke|p1|Meloetta|\n|poke|p1|Jirachi|\n|poke|p2|Blissey, F|\n|poke|p2|Poliwhirl, M|\n|poke|p2|Muk, M|\n|poke|p2|Ludicolo, M|\n|poke|p2|Sableye, M|\n|poke|p2|Florges, F|\n|teampreview\n|\n|t:|1699141924\n|start\n|switch|p1a: Celadon|Greninja, M, shiny|100\/100\n|switch|p1b: Domino|Infernape, F, shiny|100\/100\n|switch|p2a: Blissey|Blissey, F|100\/100\n|switch|p2b: Ludicolo|Ludicolo, M|100\/100\n|turn|1\n|\n|t:|1699141938\n|move|p2b: Ludicolo|Hydro Pump|p1b: Domino\n|-supereffective|p1b: Domino\n|-damage|p1b: Domino|0 fnt\n|faint|p1b: Domino\n|move|p1a: Celadon|Water Pledge|p2b: Ludicolo\n|-start|p1a: Celadon|typechange|Water|[from] ability: Protean\n|-resisted|p2b: Ludicolo\n|-damage|p2b: Ludicolo|87\/100\n|-damage|p1a: Celadon|91\/100|[from] item: Life Orb\n|move|p2a: Blissey|Stealth Rock|p1a: Celadon\n|-sidestart|p1: Jackmim|move: Stealth Rock\n|\n|upkeep\n|\n|t:|1699141949\n|switch|p1b: Cassidy|Drowzee, F, shiny|100\/100\n|-damage|p1b: Cassidy|88\/100|[from] Stealth Rock\n|turn|2\n|\n|t:|1699141969\n|switch|p2b: Sableye|Sableye, M|100\/100\n|move|p1a: Celadon|Ice Beam|p2b: Sableye\n|-damage|p2b: Sableye|45\/100\n|-enditem|p2b: Sableye|Sitrus Berry|[eat]\n|-heal|p2b: Sableye|69\/100|[from] item: Sitrus Berry\n|-damage|p1a: Celadon|81\/100|[from] item: Life Orb\n|move|p2a: Blissey|Calm Mind|p2a: Blissey\n|-boost|p2a: Blissey|spa|1\n|-boost|p2a: Blissey|spd|1\n|move|p1b: Cassidy|Role Play|p2b: Sableye\n|-endability|p1b: Cassidy|Insomnia|[from] move: Role Play\n|-ability|p1b: Cassidy|Prankster|[from] move: Role Play|[of] p2b: Sableye\n|\n|upkeep\n|turn|3\n|inactive|Battle timer is ON: inactive players will automatically lose when time's up. (requested by Tired Of Paradox)\n|\n|t:|1699142000\n|move|p2b: Sableye|Metronome|p2b: Sableye\n|move|p2b: Sableye|Rapid Spin|p1a: Celadon|[from]move: Metronome\n|-damage|p1a: Celadon|67\/100\n|-boost|p2b: Sableye|spe|1\n|move|p1b: Cassidy|Metronome|p1b: Cassidy\n|move|p1b: Cassidy|Ice Fang|p2b: Sableye|[from]move: Metronome\n|-hint|Since gen 7, Dark is immune to Prankster moves.\n|-immune|p2b: Sableye\n|move|p1a: Celadon|Dark Pulse|p2b: Sableye\n|-damage|p2b: Sableye|19\/100\n|-damage|p1a: Celadon|57\/100|[from] item: Life Orb\n|move|p2a: Blissey|Metronome|p2a: Blissey\n|move|p2a: Blissey|Gunk Shot|p1b: Cassidy|[from]move: Metronome\n|-damage|p1b: Cassidy|81\/100\n|-status|p1b: Cassidy|psn\n|\n|-damage|p1b: Cassidy|68\/100 psn|[from] psn\n|upkeep\n|turn|4\n|\n|t:|1699142028\n|move|p2b: Sableye|Metronome|p2b: Sableye\n|move|p2b: Sableye|Shift Gear|p2b: Sableye|[from]move: Metronome\n|-boost|p2b: Sableye|spe|2\n|-boost|p2b: Sableye|atk|1\n|move|p1b: Cassidy|Metronome|p1b: Cassidy\n|move|p1b: Cassidy|Night Slash|p2a: Blissey|[from]move: Metronome\n|-damage|p2a: Blissey|87\/100\n|move|p1a: Celadon|Ice Beam|p2b: Sableye\n|-damage|p2b: Sableye|0 fnt\n|faint|p2b: Sableye\n|-damage|p1a: Celadon|47\/100|[from] item: Life Orb\n|move|p2a: Blissey|Metronome|p2a: Blissey\n|move|p2a: Blissey|Present|p1a: Celadon|[from]move: Metronome\n|-damage|p1a: Celadon|42\/100\n|\n|-heal|p2a: Blissey|93\/100|[from] item: Leftovers\n|-damage|p1b: Cassidy|56\/100 psn|[from] psn\n|upkeep\n|inactive|Tired Of Paradox has 120 seconds left.\n|\n|t:|1699142045\n|switch|p2b: Ludicolo|Ludicolo, M|87\/100\n|turn|5\n|\n|t:|1699142051\n|move|p1b: Cassidy|Metronome|p1b: Cassidy\n|move|p1b: Cassidy|Misty Explosion|p2a: Blissey|[from]move: Metronome|[spread] p1a,p2a,p2b\n|-damage|p1a: Celadon|30\/100\n|-damage|p2a: Blissey|92\/100\n|-damage|p2b: Ludicolo|78\/100\n|faint|p1b: Cassidy\n|move|p2b: Ludicolo|Metronome|p2b: Ludicolo\n|move|p2b: Ludicolo|Magical Leaf|p1a: Celadon|[from]move: Metronome\n|-supereffective|p1a: Celadon\n|-damage|p1a: Celadon|0 fnt\n|faint|p1a: Celadon\n|move|p2a: Blissey|Metronome|p2a: Blissey\n|move|p2a: Blissey|Stone Axe|p1: Celadon|[from]move: Metronome|[notarget]\n|-fail|p2a: Blissey\n|\n|-heal|p2a: Blissey|98\/100|[from] item: Leftovers\n|upkeep\n|\n|t:|1699142071\n|switch|p1a: Butch|Mightyena, M, shiny|100\/100\n|switch|p1b: Namba|Meloetta|100\/100\n|-damage|p1b: Namba|88\/100|[from] Stealth Rock\n|-damage|p1a: Butch|88\/100|[from] Stealth Rock\n|turn|6\n|\n|t:|1699142089\n|move|p2b: Ludicolo|Metronome|p2b: Ludicolo\n|move|p2b: Ludicolo|Strength Sap|p1a: Butch|[from]move: Metronome\n|-unboost|p1a: Butch|atk|1\n|-heal|p2b: Ludicolo|100\/100\n|move|p1b: Namba|Calm Mind|p1b: Namba\n|-boost|p1b: Namba|spa|1\n|-boost|p1b: Namba|spd|1\n|move|p1a: Butch|Substitute|p1a: Butch\n|-start|p1a: Butch|Substitute\n|-damage|p1a: Butch|63\/100\n|move|p2a: Blissey|Metronome|p2a: Blissey\n|move|p2a: Blissey|Stomp|p1b: Namba|[from]move: Metronome\n|-damage|p1b: Namba|82\/100\n|\n|-heal|p2a: Blissey|100\/100|[from] item: Leftovers\n|upkeep\n|turn|7\n|\n|t:|1699142107\n|move|p2b: Ludicolo|Metronome|p2b: Ludicolo\n|move|p2b: Ludicolo|Spit Up||[from]move: Metronome|[still]\n|-fail|p2b: Ludicolo\n|move|p1b: Namba|Relic Song|p2b: Ludicolo|[spread] p2a,p2b\n|-crit|p2b: Ludicolo\n|-damage|p2a: Blissey|90\/100\n|-damage|p2b: Ludicolo|27\/100\n|-status|p2b: Ludicolo|slp|[from] move: Relic Song\n|-formechange|p1b: Namba|Meloetta-Pirouette|[msg]\n|-enditem|p1b: Namba|Throat Spray\n|-boost|p1b: Namba|spa|1|[from] item: Throat Spray\n|move|p1a: Butch|Howl|p1a: Butch|[spread] p1a,p1b\n|-boost|p1a: Butch|atk|1\n|-boost|p1b: Namba|atk|1\n|move|p2a: Blissey|Metronome|p2a: Blissey\n|move|p2a: Blissey|Liquidation|p1a: Butch|[from]move: Metronome\n|-activate|p1a: Butch|move: Substitute|[damage]\n|\n|-activate|p2a: Blissey|ability: Healer\n|-curestatus|p2b: Ludicolo|slp|[msg]\n|-heal|p2a: Blissey|96\/100|[from] item: Leftovers\n|upkeep\n|turn|8\n|\n|t:|1699142133\n|move|p2b: Ludicolo|Metronome|p2b: Ludicolo\n|move|p2b: Ludicolo|Whirlwind|p1a: Butch|[from]move: Metronome\n|drag|p1a: LPK-0385|Jirachi|100\/100\n|-damage|p1a: LPK-0385|94\/100|[from] Stealth Rock\n|move|p1b: Namba|Relic Song|p2a: Blissey|[spread] p2a,p2b\n|-damage|p2a: Blissey|86\/100\n|-damage|p2b: Ludicolo|0 fnt\n|-status|p2a: Blissey|slp|[from] move: Relic Song\n|faint|p2b: Ludicolo\n|-formechange|p1b: Namba|Meloetta|[msg]\n|cant|p2a: Blissey|slp\n|\n|-heal|p2a: Blissey|92\/100 slp|[from] item: Leftovers\n|upkeep\n|\n|t:|1699142145\n|switch|p2b: Poliwhirl|Poliwhirl, M|100\/100\n|turn|9\n|\n|t:|1699142165\n|move|p1a: LPK-0385|Meteor Mash|p2b: Poliwhirl\n|-resisted|p2b: Poliwhirl\n|-damage|p2b: Poliwhirl|77\/100\n|-boost|p1a: LPK-0385|atk|1\n|move|p2b: Poliwhirl|Metronome|p2b: Poliwhirl\n|move|p2b: Poliwhirl|Slack Off|p2b: Poliwhirl|[from]move: Metronome\n|-heal|p2b: Poliwhirl|100\/100\n|move|p1b: Namba|Relic Song|p2b: Poliwhirl|[spread] p2a,p2b\n|-crit|p2a: Blissey\n|-damage|p2a: Blissey|58\/100 slp\n|-damage|p2b: Poliwhirl|17\/100\n|-formechange|p1b: Namba|Meloetta-Pirouette|[msg]\n|cant|p2a: Blissey|slp\n|\n|-heal|p2a: Blissey|64\/100 slp|[from] item: Leftovers\n|upkeep\n|turn|10\n|\n|t:|1699142185\n|move|p1b: Namba|Relic Song|p2b: Poliwhirl|[spread] p2a,p2b\n|-damage|p2a: Blissey|54\/100 slp\n|-damage|p2b: Poliwhirl|0 fnt\n|faint|p2b: Poliwhirl\n|-formechange|p1b: Namba|Meloetta|[msg]\n|move|p1a: LPK-0385|Drain Punch|p2a: Blissey\n|-supereffective|p2a: Blissey\n|-damage|p2a: Blissey|0 fnt\n|-heal|p1a: LPK-0385|100\/100|[from] drain|[of] p2a: Blissey\n|faint|p2a: Blissey\n|\n|upkeep\n|\n|t:|1699142188\n|switch|p2b: Florges|Florges, F|100\/100\n|switch|p2a: Muk|Muk, M|100\/100\n|turn|11\n|\n|t:|1699142205\n|move|p1a: LPK-0385|Meteor Mash|p2b: Florges\n|-supereffective|p2b: Florges\n|-damage|p2b: Florges|0 fnt\n|faint|p2b: Florges\n|move|p1b: Namba|Relic Song|p2a: Muk\n|-damage|p2a: Muk|35\/100\n|-status|p2a: Muk|slp|[from] move: Relic Song\n|-formechange|p1b: Namba|Meloetta-Pirouette|[msg]\n|cant|p2a: Muk|slp\n|\n|-heal|p2a: Muk|41\/100 slp|[from] item: Black Sludge\n|upkeep\n|turn|12\n|-message|Tired Of Paradox forfeited.\n|\n|win|Jackmim\n|raw|Jackmim's rating: 1145 &rarr; <strong>1164<\/strong><br \/>(+19 for winning)\n|raw|Tired Of Paradox's rating: 1062 &rarr; <strong>1047<\/strong><br \/>(-15 for losing)\n|l|\u2606Tired Of Paradox\n","uploadtime":1699142224,"views":21,"p1id":"jackmim","p2id":"tiredofparadox","formatid":"gen9doublesou","rating":1047,"private":0,"password":""}