{"id":"gen9doublesou-1982533042","p1":"auxabois","p2":"Ranger112","format":"[Gen 9] Doubles OU","log":"|j|\u2606auxabois\n|j|\u2606Ranger112\n|inactive|Battle timer is ON: inactive players will automatically lose when time's up.\n|t:|1699023394\n|gametype|doubles\n|player|p1|auxabois|102|\n|player|p2|Ranger112|102|\n|teamsize|p1|6\n|teamsize|p2|6\n|gen|9\n|tier|[Gen 9] Doubles OU\n|rated|Tournament battle\n|rule|Species Clause: Limit one of each Pok\u00e9mon\n|rule|OHKO Clause: OHKO moves are banned\n|rule|Evasion Moves Clause: Evasion moves are banned\n|rule|Gravity Sleep Clause: The combination of sleep-inducing moves with imperfect accuracy and Gravity or Gigantamax Orbeetle are banned\n|rule|Endless Battle Clause: Forcing endless battles is banned\n|rule|HP Percentage Mod: HP is shown in percentages\n|clearpoke\n|poke|p1|Skeledirge, F|\n|poke|p1|Baxcalibur, M|\n|poke|p1|Grookey, F|\n|poke|p1|Axew, F|\n|poke|p1|Wooper-Paldea, F|\n|poke|p1|Magnemite|\n|poke|p2|Phantump, M|\n|poke|p2|Diglett-Alola, F|\n|poke|p2|Piloswine, M|\n|poke|p2|Gholdengo|\n|poke|p2|Psyduck, M|\n|poke|p2|Chimchar, F|\n|teampreview\n|j|*Lady Monita \u263d\n|\n|t:|1699023407\n|start\n|switch|p1a: Wooper|Wooper-Paldea, F|100\/100\n|switch|p1b: Grookey|Grookey, F|100\/100\n|switch|p2a: Chimchar|Chimchar, F|100\/100\n|switch|p2b: Psyduck|Psyduck, M|100\/100\n|-fieldstart|move: Grassy Terrain|[from] ability: Grassy Surge|[of] p1b: Grookey\n|turn|1\n|\n|t:|1699023422\n|move|p2b: Psyduck|Helping Hand|p2a: Chimchar\n|-singleturn|p2a: Chimchar|Helping Hand|[of] p2b: Psyduck\n|move|p1b: Grookey|Protect|p1b: Grookey\n|-singleturn|p1b: Grookey|Protect\n|move|p2a: Chimchar|Fake Out|p1a: Wooper\n|-damage|p1a: Wooper|90\/100\n|cant|p1a: Wooper|flinch\n|\n|-heal|p1a: Wooper|96\/100|[from] Grassy Terrain\n|upkeep\n|turn|2\n|\n|t:|1699023436\n|move|p1b: Grookey|Grassy Glide|p2b: Psyduck\n|-supereffective|p2b: Psyduck\n|-damage|p2b: Psyduck|0 fnt\n|faint|p2b: Psyduck\n|move|p2a: Chimchar|U-turn|p1b: Grookey\n|-supereffective|p1b: Grookey\n|-damage|p1b: Grookey|56\/100\n|\n|t:|1699023445\n|switch|p2a: Diglett|Diglett-Alola, F|100\/100|[from] U-turn\n|move|p1a: Wooper|Toxic Spikes|p2a: Diglett\n|-sidestart|p2: Ranger112|move: Toxic Spikes\n|\n|-heal|p1b: Grookey|62\/100|[from] Grassy Terrain\n|-heal|p1a: Wooper|100\/100|[from] Grassy Terrain\n|upkeep\n|j| kiddage456js\n|\n|t:|1699023454\n|switch|p2b: Gholdengo|Gholdengo|100\/100\n|turn|3\n|\n|t:|1699023461\n|move|p1b: Grookey|Grassy Glide|p2a: Diglett\n|-damage|p2a: Diglett|40\/100\n|move|p2a: Diglett|Bulldoze|p1b: Grookey|[spread] p2b,p1a,p1b\n|-supereffective|p2b: Gholdengo\n|-supereffective|p1a: Wooper\n|-resisted|p1b: Grookey\n|-damage|p2b: Gholdengo|92\/100\n|-damage|p1a: Wooper|92\/100\n|-damage|p1b: Grookey|58\/100\n|-unboost|p2b: Gholdengo|spe|1\n|-unboost|p1a: Wooper|spe|1\n|-unboost|p1b: Grookey|spe|1\n|move|p2b: Gholdengo|Nasty Plot|p2b: Gholdengo\n|-boost|p2b: Gholdengo|spa|2\n|move|p1a: Wooper|Toxic Spikes|p2a: Diglett\n|-sidestart|p2: Ranger112|move: Toxic Spikes\n|\n|-heal|p2a: Diglett|46\/100|[from] Grassy Terrain\n|-heal|p2b: Gholdengo|98\/100|[from] Grassy Terrain\n|-heal|p1b: Grookey|64\/100|[from] Grassy Terrain\n|-heal|p1a: Wooper|98\/100|[from] Grassy Terrain\n|upkeep\n|turn|4\n|\n|t:|1699023481\n|switch|p1a: Magnemite|Magnemite|100\/100\n|move|p2a: Diglett|Protect|p2a: Diglett\n|-singleturn|p2a: Diglett|Protect\n|move|p1b: Grookey|Grassy Glide|p2a: Diglett\n|-activate|p2a: Diglett|move: Protect\n|move|p2b: Gholdengo|Make It Rain|p1a: Magnemite|[spread] p1a,p1b\n|-resisted|p1a: Magnemite\n|-damage|p1a: Magnemite|30\/100\n|-damage|p1b: Grookey|0 fnt\n|-unboost|p2b: Gholdengo|spa|1\n|faint|p1b: Grookey\n|-damage|p2b: Gholdengo|88\/100|[from] item: Life Orb\n|\n|-heal|p2a: Diglett|52\/100|[from] Grassy Terrain\n|-heal|p2b: Gholdengo|94\/100|[from] Grassy Terrain\n|-heal|p1a: Magnemite|36\/100|[from] Grassy Terrain\n|upkeep\n|l| kiddage456js\n|\n|t:|1699023493\n|switch|p1b: Skeledirge|Skeledirge, F|100\/100\n|turn|5\n|\n|t:|1699023508\n|-terastallize|p1b: Skeledirge|Water\n|move|p2b: Gholdengo|Protect|p2b: Gholdengo\n|-singleturn|p2b: Gholdengo|Protect\n|move|p1a: Magnemite|Protect|p1a: Magnemite\n|-singleturn|p1a: Magnemite|Protect\n|move|p2a: Diglett|Memento|p1b: Skeledirge\n|-unboost|p1b: Skeledirge|atk|2\n|-unboost|p1b: Skeledirge|spa|2\n|faint|p2a: Diglett\n|move|p1b: Skeledirge|Torch Song|p2b: Gholdengo\n|-activate|p2b: Gholdengo|move: Protect\n|\n|-heal|p2b: Gholdengo|100\/100|[from] Grassy Terrain\n|-heal|p1a: Magnemite|42\/100|[from] Grassy Terrain\n|-fieldend|move: Grassy Terrain\n|upkeep\n|\n|t:|1699023523\n|switch|p2a: Chimchar|Chimchar, F|100\/100\n|-status|p2a: Chimchar|tox\n|turn|6\n|\n|t:|1699023534\n|switch|p1b: Wooper|Wooper-Paldea, F|98\/100\n|move|p2a: Chimchar|Fake Out|p1b: Wooper\n|-damage|p1b: Wooper|91\/100\n|move|p2b: Gholdengo|Nasty Plot|p2b: Gholdengo\n|-boost|p2b: Gholdengo|spa|2\n|move|p1a: Magnemite|Discharge|p2a: Chimchar|[spread] p2a,p2b\n|-immune|p1b: Wooper\n|-damage|p2a: Chimchar|60\/100 tox\n|-damage|p2b: Gholdengo|83\/100\n|\n|-damage|p2a: Chimchar|54\/100 tox|[from] psn\n|upkeep\n|turn|7\n|\n|t:|1699023553\n|move|p1a: Magnemite|Protect|p1a: Magnemite\n|-singleturn|p1a: Magnemite|Protect\n|move|p2a: Chimchar|Knock Off|p1b: Wooper\n|-damage|p1b: Wooper|72\/100\n|-enditem|p1b: Wooper|Eviolite|[from] move: Knock Off|[of] p2a: Chimchar\n|move|p2b: Gholdengo|Make It Rain|p1b: Wooper|[spread] p1b\n|-activate|p1a: Magnemite|move: Protect\n|-damage|p1b: Wooper|0 fnt\n|-unboost|p2b: Gholdengo|spa|1\n|faint|p1b: Wooper\n|-damage|p2b: Gholdengo|73\/100|[from] item: Life Orb\n|\n|-damage|p2a: Chimchar|41\/100 tox|[from] psn\n|upkeep\n|\n|t:|1699023562\n|switch|p1b: Skeledirge|Skeledirge, F, tera:Water|100\/100\n|turn|8\n|\n|t:|1699023577\n|-terastallize|p2b: Gholdengo|Water\n|move|p1a: Magnemite|Protect|p1a: Magnemite\n|-singleturn|p1a: Magnemite|Protect\n|move|p1b: Skeledirge|Torch Song|p2b: Gholdengo\n|-resisted|p2b: Gholdengo\n|-damage|p2b: Gholdengo|59\/100\n|-boost|p1b: Skeledirge|spa|1\n|move|p2a: Chimchar|U-turn|p1a: Magnemite\n|-activate|p1a: Magnemite|move: Protect\n|move|p2b: Gholdengo|Make It Rain|p1a: Magnemite|[spread] p1b\n|-activate|p1a: Magnemite|move: Protect\n|-resisted|p1b: Skeledirge\n|-damage|p1b: Skeledirge|70\/100\n|-unboost|p2b: Gholdengo|spa|1\n|-damage|p2b: Gholdengo|49\/100|[from] item: Life Orb\n|\n|-damage|p2a: Chimchar|23\/100 tox|[from] psn\n|upkeep\n|turn|9\n|j| ishikusan\n|\n|t:|1699023601\n|move|p1b: Skeledirge|Protect|p1b: Skeledirge\n|-singleturn|p1b: Skeledirge|Protect\n|move|p2b: Gholdengo|Protect|p2b: Gholdengo\n|-singleturn|p2b: Gholdengo|Protect\n|move|p2a: Chimchar|U-turn|p1b: Skeledirge\n|-activate|p1b: Skeledirge|move: Protect\n|move|p1a: Magnemite|Discharge|p2b: Gholdengo|[spread] p2a\n|-activate|p1b: Skeledirge|move: Protect\n|-activate|p2b: Gholdengo|move: Protect\n|-damage|p2a: Chimchar|0 fnt\n|faint|p2a: Chimchar\n|\n|upkeep\n|j| vbggbh\n|\n|t:|1699023616\n|switch|p2a: Piloswine|Piloswine, M|100\/100\n|-status|p2a: Piloswine|tox\n|turn|10\n|\n|t:|1699023623\n|move|p1b: Skeledirge|Hex|p2b: Gholdengo\n|-damage|p2b: Gholdengo|13\/100\n|move|p2b: Gholdengo|Make It Rain|p1b: Skeledirge|[spread] p1a,p1b\n|-resisted|p1a: Magnemite\n|-resisted|p1b: Skeledirge\n|-damage|p1a: Magnemite|0 fnt\n|-damage|p1b: Skeledirge|37\/100\n|-unboost|p2b: Gholdengo|spa|1\n|-enditem|p1b: Skeledirge|Sitrus Berry|[eat]\n|-heal|p1b: Skeledirge|62\/100|[from] item: Sitrus Berry\n|faint|p1a: Magnemite\n|-damage|p2b: Gholdengo|3\/100|[from] item: Life Orb\n|move|p2a: Piloswine|Trailblaze|p1b: Skeledirge\n|-supereffective|p1b: Skeledirge\n|-damage|p1b: Skeledirge|36\/100\n|-boost|p2a: Piloswine|spe|1\n|-damage|p2a: Piloswine|91\/100 tox|[from] item: Life Orb\n|\n|-damage|p2a: Piloswine|84\/100 tox|[from] psn\n|upkeep\n|\n|t:|1699023642\n|switch|p1a: Baxcalibur|Baxcalibur, M|100\/100\n|turn|11\n|\n|t:|1699023647\n|switch|p1b: Axew|Axew, F|100\/100\n|-ability|p1b: Axew|Mold Breaker\n|move|p2b: Gholdengo|Protect|p2b: Gholdengo\n|-singleturn|p2b: Gholdengo|Protect\n|move|p1a: Baxcalibur|Ice Shard|p2b: Gholdengo\n|-activate|p2b: Gholdengo|move: Protect\n|move|p2a: Piloswine|Earthquake|p1a: Baxcalibur|[spread] p1a,p1b\n|-activate|p2b: Gholdengo|move: Protect\n|-damage|p1a: Baxcalibur|57\/100\n|-damage|p1b: Axew|1\/100\n|-damage|p2a: Piloswine|75\/100 tox|[from] item: Life Orb\n|\n|-damage|p2a: Piloswine|62\/100 tox|[from] psn\n|upkeep\n|turn|12\n|l| vbggbh\n|\n|t:|1699023672\n|move|p1b: Axew|First Impression|p2a: Piloswine\n|-damage|p2a: Piloswine|38\/100 tox\n|move|p1a: Baxcalibur|Ice Shard|p2b: Gholdengo\n|-resisted|p2b: Gholdengo\n|-damage|p2b: Gholdengo|0 fnt\n|faint|p2b: Gholdengo\n|move|p2a: Piloswine|Ice Shard|p1b: Axew\n|-supereffective|p1b: Axew\n|-crit|p1b: Axew\n|-damage|p1b: Axew|0 fnt\n|faint|p1b: Axew\n|-damage|p2a: Piloswine|28\/100 tox|[from] item: Life Orb\n|\n|-damage|p2a: Piloswine|9\/100 tox|[from] psn\n|upkeep\n|c|\u2606Ranger112|gg\n|c|\u2606auxabois|gg\n|\n|t:|1699023685\n|switch|p1b: Skeledirge|Skeledirge, F, tera:Water|36\/100\n|switch|p2b: Phantump|Phantump, M|100\/100\n|-status|p2b: Phantump|tox\n|turn|13\n|\n|t:|1699023693\n|move|p1a: Baxcalibur|Icicle Spear|p2b: Phantump\n|-supereffective|p2b: Phantump\n|-damage|p2b: Phantump|32\/100 tox\n|-supereffective|p2b: Phantump\n|-damage|p2b: Phantump|0 fnt\n|faint|p2b: Phantump\n|-hitcount|p2: Phantump|2\n|move|p2a: Piloswine|Earthquake|p1a: Baxcalibur|[spread] p1a,p1b\n|-damage|p1a: Baxcalibur|17\/100\n|-damage|p1b: Skeledirge|8\/100\n|-damage|p2a: Piloswine|0 fnt|[from] item: Life Orb\n|faint|p2a: Piloswine\n|\n|win|auxabois\n|n|\u2606auxabois|auxabois\n|n|\u2606Ranger112|ranger112\n|n|*Lady Monita \u263d|ladymonita\n|n| ishikusan|ishikusan\n","uploadtime":1699023696,"views":14,"p1id":"auxabois","p2id":"ranger112","formatid":"gen9doublesou","rating":0,"private":0,"password":""}