{"id":"gen9doublesou-1984382843","p1":"Jackmim","p2":"shdhdj","format":"[Gen 9] Doubles OU","log":"|j|\u2606Jackmim\n|j|\u2606shdhdj\n|t:|1699253509\n|gametype|doubles\n|player|p1|Jackmim|ryme|1082\n|player|p2|shdhdj|lucas|1154\n|teamsize|p1|6\n|teamsize|p2|6\n|gen|9\n|tier|[Gen 9] Doubles OU\n|rated|\n|rule|Species Clause: Limit one of each Pok\u00e9mon\n|rule|OHKO Clause: OHKO moves are banned\n|rule|Evasion Moves Clause: Evasion moves are banned\n|rule|Gravity Sleep Clause: The combination of sleep-inducing moves with imperfect accuracy and Gravity or Gigantamax Orbeetle are banned\n|rule|Endless Battle Clause: Forcing endless battles is banned\n|rule|HP Percentage Mod: HP is shown in percentages\n|clearpoke\n|poke|p1|Gastly, M|\n|poke|p1|Abomasnow, F|\n|poke|p1|Haunter, M|\n|poke|p1|Greavard, M|\n|poke|p1|Oricorio-Sensu, F|\n|poke|p1|Mew|\n|poke|p2|Flutter Mane|\n|poke|p2|Tornadus, M|\n|poke|p2|Iron Hands|\n|poke|p2|Ogerpon-Hearthflame, F|\n|poke|p2|Landorus-Therian, M|\n|poke|p2|Rillaboom, F|\n|teampreview\n|inactive|Battle timer is ON: inactive players will automatically lose when time's up. (requested by shdhdj)\n|inactive|shdhdj has 120 seconds left.\n|\n|t:|1699253540\n|start\n|switch|p1a: Eenie...|Gastly, M, shiny|100\/100\n|switch|p1b: Onna-Yuki|Abomasnow, F, shiny|100\/100\n|switch|p2a: Tornadus|Tornadus, M|100\/100\n|switch|p2b: Ogerpon|Ogerpon-Hearthflame, F|100\/100\n|-ability|p2b: Ogerpon|Mold Breaker\n|turn|1\n|\n|t:|1699253554\n|-terastallize|p2b: Ogerpon|Fire\n|detailschange|p2b: Ogerpon|Ogerpon-Hearthflame-Tera, F, tera:Fire\n|-ability|p2b: Ogerpon|Embody Aspect (Hearthflame)|boost\n|-boost|p2b: Ogerpon|atk|1\n|move|p2a: Tornadus|Tailwind|p2a: Tornadus\n|-sidestart|p2: shdhdj|move: Tailwind\n|move|p2b: Ogerpon|Ivy Cudgel|p1b: Onna-Yuki\n|-supereffective|p1b: Onna-Yuki\n|-crit|p1b: Onna-Yuki\n|-damage|p1b: Onna-Yuki|0 fnt\n|faint|p1b: Onna-Yuki\n|move|p1a: Eenie...|Perish Song|p1a: Eenie...\n|-start|p1a: Eenie...|perish3|[silent]\n|-start|p2a: Tornadus|perish3|[silent]\n|-start|p2b: Ogerpon|perish3|[silent]\n|-fieldactivate|move: Perish Song\n|\n|-start|p2b: Ogerpon|perish3\n|-start|p2a: Tornadus|perish3\n|-start|p1a: Eenie...|perish3\n|upkeep\n|\n|t:|1699253570\n|switch|p1b: Meanie...|Haunter, M, shiny|100\/100\n|turn|2\n|\n|t:|1699253586\n|move|p2b: Ogerpon|Ivy Cudgel|p1a: Eenie...\n|-damage|p1a: Eenie...|0 fnt\n|faint|p1a: Eenie...\n|move|p2a: Tornadus|Bleakwind Storm|p1b: Meanie...|[miss]\n|-miss|p2a: Tornadus|p1b: Meanie...\n|move|p1b: Meanie...|Toxic Spikes|p2b: Ogerpon\n|-sidestart|p2: shdhdj|move: Toxic Spikes\n|\n|-start|p2b: Ogerpon|perish2\n|-start|p2a: Tornadus|perish2\n|upkeep\n|\n|t:|1699253597\n|switch|p1a: Mo!|Greavard, M, shiny|100\/100\n|turn|3\n|\n|t:|1699253608\n|move|p2b: Ogerpon|Ivy Cudgel|p1b: Meanie...\n|-damage|p1b: Meanie...|0 fnt\n|faint|p1b: Meanie...\n|move|p2a: Tornadus|Icy Wind|p1a: Mo!\n|-damage|p1a: Mo!|80\/100\n|-unboost|p1a: Mo!|spe|1\n|move|p1a: Mo!|Phantom Force||[still]\n|-prepare|p1a: Mo!|Phantom Force\n|\n|-start|p2b: Ogerpon|perish1\n|-start|p2a: Tornadus|perish1\n|upkeep\n|\n|t:|1699253624\n|switch|p1b: Gengar-Sensu|Oricorio-Sensu, F, shiny|100\/100\n|turn|4\n|\n|t:|1699253639\n|switch|p2a: Landorus|Landorus-Therian, M|100\/100\n|-ability|p2a: Landorus|Intimidate|boost\n|-unboost|p1a: Mo!|atk|1\n|-unboost|p1b: Gengar-Sensu|atk|1\n|move|p2b: Ogerpon|Ivy Cudgel|p1b: Gengar-Sensu\n|-damage|p1b: Gengar-Sensu|0 fnt\n|faint|p1b: Gengar-Sensu\n|move|p1a: Mo!|Phantom Force|p2b: Ogerpon|[from]lockedmove\n|-damage|p2b: Ogerpon|77\/100\n|\n|-start|p2b: Ogerpon|perish0\n|-sideend|p2: shdhdj|move: Tailwind\n|upkeep\n|faint|p2b: Ogerpon\n|inactive|shdhdj has 120 seconds left.\n|\n|t:|1699253670\n|switch|p2b: Tornadus|Tornadus, M|100\/100\n|switch|p1b: Giratina-Mew|Mew, shiny|100\/100\n|turn|5\n|\n|t:|1699253695\n|move|p2b: Tornadus|Tailwind|p2b: Tornadus\n|-sidestart|p2: shdhdj|move: Tailwind\n|move|p2a: Landorus|U-turn|p1b: Giratina-Mew\n|-supereffective|p1b: Giratina-Mew\n|-damage|p1b: Giratina-Mew|59\/100\n|inactive|shdhdj has 120 seconds left.\n|\n|t:|1699253710\n|switch|p2a: Flutter Mane|Flutter Mane|100\/100|[from] U-turn\n|-status|p2a: Flutter Mane|psn\n|-enditem|p2a: Flutter Mane|Booster Energy\n|-activate|p2a: Flutter Mane|ability: Protosynthesis|[fromitem]\n|-start|p2a: Flutter Mane|protosynthesisspa\n|move|p1b: Giratina-Mew|Transform|p2a: Flutter Mane\n|-transform|p1b: Giratina-Mew|p2a: Flutter Mane\n|move|p1a: Mo!|Phantom Force||[still]\n|-prepare|p1a: Mo!|Phantom Force\n|\n|-damage|p2a: Flutter Mane|88\/100 psn|[from] psn\n|upkeep\n|turn|6\n|inactive|shdhdj has 120 seconds left.\n|\n|t:|1699253739\n|move|p1b: Giratina-Mew|Protect|p1b: Giratina-Mew\n|-singleturn|p1b: Giratina-Mew|Protect\n|move|p2a: Flutter Mane|Shadow Ball|p1b: Giratina-Mew\n|-activate|p1b: Giratina-Mew|move: Protect\n|move|p2b: Tornadus|Icy Wind|p1b: Giratina-Mew|[spread] \n|-miss|p2b: Tornadus|p1a: Mo!\n|-activate|p1b: Giratina-Mew|move: Protect\n|move|p1a: Mo!|Phantom Force|p2a: Flutter Mane|[from]lockedmove\n|-supereffective|p2a: Flutter Mane\n|-damage|p2a: Flutter Mane|19\/100 psn\n|\n|-damage|p2a: Flutter Mane|7\/100 psn|[from] psn\n|upkeep\n|turn|7\n|inactive|shdhdj has 120 seconds left.\n|\n|t:|1699253766\n|move|p1a: Mo!|Ally Switch|p1a: Mo!\n|swap|p1a: Mo!|1|[from] move: Ally Switch\n|move|p2a: Flutter Mane|Shadow Ball|p1b: Mo!\n|-supereffective|p1b: Mo!\n|-damage|p1b: Mo!|0 fnt\n|faint|p1b: Mo!\n|move|p2b: Tornadus|Bleakwind Storm|p1a: Giratina-Mew\n|-damage|p1a: Giratina-Mew|29\/100\n|move|p1a: Giratina-Mew|Shadow Ball|p2b: Tornadus\n|-damage|p2b: Tornadus|55\/100\n|\n|-damage|p2a: Flutter Mane|0 fnt|[from] psn\n|faint|p2a: Flutter Mane\n|-end|p2a: Flutter Mane|Protosynthesis|[silent]\n|upkeep\n|\n|t:|1699253786\n|switch|p2a: Rillaboom|Rillaboom, F|100\/100\n|-status|p2a: Rillaboom|psn\n|-fieldstart|move: Grassy Terrain|[from] ability: Grassy Surge|[of] p2a: Rillaboom\n|turn|8\n|inactive|shdhdj has 120 seconds left.\n|\n|t:|1699253804\n|move|p1a: Giratina-Mew|Protect|p1a: Giratina-Mew\n|-singleturn|p1a: Giratina-Mew|Protect\n|move|p2b: Tornadus|Icy Wind|p1a: Giratina-Mew\n|-activate|p1a: Giratina-Mew|move: Protect\n|move|p2a: Rillaboom|Knock Off|p1a: Giratina-Mew\n|-activate|p1a: Giratina-Mew|move: Protect\n|\n|-heal|p1a: Giratina-Mew|35\/100|[from] Grassy Terrain\n|-damage|p2a: Rillaboom|88\/100 psn|[from] psn\n|-sideend|p2: shdhdj|move: Tailwind\n|upkeep\n|turn|9\n|\n|t:|1699253822\n|move|p2b: Tornadus|Protect|p2b: Tornadus\n|-singleturn|p2b: Tornadus|Protect\n|move|p1a: Giratina-Mew|Shadow Ball|p2a: Rillaboom\n|-damage|p2a: Rillaboom|54\/100 psn\n|-unboost|p2a: Rillaboom|spd|1\n|move|p2a: Rillaboom|Knock Off|p1a: Giratina-Mew\n|-damage|p1a: Giratina-Mew|0 fnt\n|-enditem|p1a: Giratina-Mew|Kasib Berry|[from] move: Knock Off|[of] p2a: Rillaboom\n|faint|p1a: Giratina-Mew\n|-end|p1a: Giratina-Mew|Protosynthesis|[silent]\n|\n|win|shdhdj\n|raw|Jackmim's rating: 1082 &rarr; <strong>1064<\/strong><br \/>(-18 for losing)\n|raw|shdhdj's rating: 1154 &rarr; <strong>1174<\/strong><br \/>(+20 for winning)\n|l|\u2606Jackmim\n","uploadtime":1699253843,"views":7,"p1id":"jackmim","p2id":"shdhdj","formatid":"gen9doublesou","rating":1064,"private":0,"password":""}