{"id":"gen9doublesou-1998337571","p1":"mikeyuwu","p2":"TRise10","format":"[Gen 9] Doubles OU","log":"|j|\u2606mikeyuwu\n|j|\u2606TRise10\n|t:|1700931057\n|gametype|doubles\n|player|p1|mikeyuwu|psychic-gen4|1330\n|player|p2|TRise10|lucas|1259\n|teamsize|p1|6\n|teamsize|p2|6\n|gen|9\n|tier|[Gen 9] Doubles OU\n|rated|\n|rule|Species Clause: Limit one of each Pok\u00e9mon\n|rule|OHKO Clause: OHKO moves are banned\n|rule|Evasion Moves Clause: Evasion moves are banned\n|rule|Gravity Sleep Clause: The combination of sleep-inducing moves with imperfect accuracy and Gravity or Gigantamax Orbeetle are banned\n|rule|Endless Battle Clause: Forcing endless battles is banned\n|rule|HP Percentage Mod: HP is shown in percentages\n|clearpoke\n|poke|p1|Garchomp, M|\n|poke|p1|Tyranitar, F|\n|poke|p1|Vaporeon, F|\n|poke|p1|Toxicroak, M|\n|poke|p1|Pelipper, F|\n|poke|p1|Abomasnow, M|\n|poke|p2|Amoonguss, M|\n|poke|p2|Landorus-Therian, M|\n|poke|p2|Grimmsnarl, M|\n|poke|p2|Weezing-Galar, M|\n|poke|p2|Dragonite, F|\n|poke|p2|Glimmora, F|\n|teampreview\n|inactive|Battle timer is ON: inactive players will automatically lose when time's up. (requested by TRise10)\n|\n|t:|1700931076\n|start\n|switch|p1a: OTLHPM|Toxicroak, M|100\/100\n|switch|p1b: Harmacy|Vaporeon, F|100\/100\n|switch|p2a: Grimmsnarl|Grimmsnarl, M|100\/100\n|switch|p2b: Weezing|Weezing-Galar, M|100\/100\n|-ability|p2b: Weezing|Neutralizing Gas\n|turn|1\n|\n|t:|1700931095\n|switch|p1b: Extra Spicy|Garchomp, M|100\/100\n|move|p1a: OTLHPM|Earthquake|p2b: Weezing|[spread] p1b,p2a,p2b\n|-supereffective|p2b: Weezing\n|-damage|p1b: Extra Spicy|86\/100\n|-damage|p2a: Grimmsnarl|76\/100\n|-damage|p2b: Weezing|60\/100\n|move|p2a: Grimmsnarl|Light Screen|p2a: Grimmsnarl\n|-sidestart|p2: TRise10|move: Light Screen\n|move|p2b: Weezing|Dazzling Gleam|p1a: OTLHPM|[spread] p1a,p1b\n|-supereffective|p1b: Extra Spicy\n|-damage|p1a: OTLHPM|77\/100\n|-damage|p1b: Extra Spicy|54\/100\n|\n|-heal|p1a: OTLHPM|84\/100|[from] item: Black Sludge\n|-heal|p2b: Weezing|66\/100|[from] item: Leftovers\n|upkeep\n|turn|2\n|\n|t:|1700931116\n|move|p2b: Weezing|Protect|p2b: Weezing\n|-singleturn|p2b: Weezing|Protect\n|move|p1b: Extra Spicy|Brick Break|p2a: Grimmsnarl\n|-sideend|p2: TRise10|move: Light Screen\n|-damage|p2a: Grimmsnarl|57\/100\n|move|p1a: OTLHPM|Poison Jab|p2a: Grimmsnarl\n|-supereffective|p2a: Grimmsnarl\n|-damage|p2a: Grimmsnarl|0 fnt\n|faint|p2a: Grimmsnarl\n|\n|-heal|p1a: OTLHPM|90\/100|[from] item: Black Sludge\n|-heal|p2b: Weezing|72\/100|[from] item: Leftovers\n|upkeep\n|inactive|TRise10 has 120 seconds left.\n|\n|t:|1700931149\n|switch|p2a: Landorus|Landorus-Therian, M|100\/100\n|turn|3\n|\n|t:|1700931164\n|switch|p1a: Weather War|Pelipper, F|100\/100\n|-end|p2b: Weezing|ability: Neutralizing Gas\n|-ability|p2a: Landorus|Intimidate|boost\n|-unboost|p1a: Weather War|atk|1\n|-unboost|p1b: Extra Spicy|atk|1\n|-weather|RainDance|[from] ability: Drizzle|[of] p1a: Weather War\n|switch|p2b: Glimmora|Glimmora, F|100\/100\n|-item|p2b: Glimmora|Air Balloon\n|move|p2a: Landorus|Stealth Rock|p1b: Extra Spicy\n|-sidestart|p1: mikeyuwu|move: Stealth Rock\n|move|p1b: Extra Spicy|Earthquake|p2b: Glimmora|[spread] \n|-immune|p1a: Weather War\n|-immune|p2a: Landorus\n|-immune|p2b: Glimmora\n|\n|-weather|RainDance|[upkeep]\n|upkeep\n|turn|4\n|\n|t:|1700931178\n|switch|p1b: Harmacy|Vaporeon, F|100\/100\n|-damage|p1b: Harmacy|88\/100|[from] Stealth Rock\n|switch|p1a: OTLHPM|Toxicroak, M|90\/100\n|-damage|p1a: OTLHPM|84\/100|[from] Stealth Rock\n|-terastallize|p2a: Landorus|Psychic\n|move|p2b: Glimmora|Spiky Shield|p2b: Glimmora\n|-singleturn|p2b: Glimmora|move: Protect\n|move|p2a: Landorus|Nasty Plot|p2a: Landorus\n|-boost|p2a: Landorus|spa|2\n|\n|-weather|RainDance|[upkeep]\n|-heal|p1a: OTLHPM|96\/100|[from] ability: Dry Skin\n|-heal|p1a: OTLHPM|100\/100|[from] item: Black Sludge\n|-heal|p1b: Harmacy|94\/100|[from] item: Leftovers\n|upkeep\n|turn|5\n|\n|t:|1700931205\n|switch|p2b: Amoonguss|Amoonguss, M|100\/100\n|switch|p1a: ThcrThnSnkr|Tyranitar, F|100\/100\n|-damage|p1a: ThcrThnSnkr|88\/100|[from] Stealth Rock\n|-weather|Sandstorm|[from] ability: Sand Stream|[of] p1a: ThcrThnSnkr\n|move|p2a: Landorus|Sandsear Storm|p1a: ThcrThnSnkr|[spread] \n|-miss|p2a: Landorus|p1a: ThcrThnSnkr\n|-miss|p2a: Landorus|p1b: Harmacy\n|move|p1b: Harmacy|Icy Wind|p2b: Amoonguss|[spread] p2a,p2b\n|-supereffective|p2b: Amoonguss\n|-damage|p2a: Landorus|86\/100\n|-damage|p2b: Amoonguss|84\/100\n|-unboost|p2a: Landorus|spe|1\n|-unboost|p2b: Amoonguss|spe|1\n|\n|-weather|Sandstorm|[upkeep]\n|-damage|p2a: Landorus|80\/100|[from] Sandstorm\n|-damage|p1b: Harmacy|88\/100|[from] Sandstorm\n|-damage|p2b: Amoonguss|78\/100|[from] Sandstorm\n|-heal|p2a: Landorus|86\/100|[from] item: Leftovers\n|-heal|p1b: Harmacy|94\/100|[from] item: Leftovers\n|-heal|p2b: Amoonguss|84\/100|[from] item: Black Sludge\n|upkeep\n|turn|6\n|c|\u2606mikeyuwu|Special lando t? O -o\n|\n|t:|1700931230\n|switch|p2a: Glimmora|Glimmora, F|100\/100\n|-item|p2a: Glimmora|Air Balloon\n|move|p1a: ThcrThnSnkr|Knock Off|p2a: Glimmora\n|-damage|p2a: Glimmora|56\/100\n|-activate|p2a: Glimmora|ability: Toxic Debris\n|-sidestart|p1: mikeyuwu|move: Toxic Spikes\n|-enditem|p2a: Glimmora|Air Balloon\n|move|p1b: Harmacy|Icy Wind|p2b: Amoonguss|[spread] p2a,p2b\n|-supereffective|p2b: Amoonguss\n|-crit|p2b: Amoonguss\n|-damage|p2a: Glimmora|49\/100\n|-damage|p2b: Amoonguss|57\/100\n|-unboost|p2a: Glimmora|spe|1\n|-unboost|p2b: Amoonguss|spe|1\n|move|p2b: Amoonguss|Spore|p1b: Harmacy\n|-status|p1b: Harmacy|slp|[from] move: Spore\n|\n|-weather|Sandstorm|[upkeep]\n|-damage|p1b: Harmacy|88\/100 slp|[from] Sandstorm\n|-damage|p2b: Amoonguss|50\/100|[from] Sandstorm\n|-heal|p1b: Harmacy|94\/100 slp|[from] item: Leftovers\n|-heal|p2b: Amoonguss|57\/100|[from] item: Black Sludge\n|upkeep\n|turn|7\n|\n|t:|1700931250\n|switch|p1a: Weather War|Pelipper, F|100\/100\n|-weather|RainDance|[from] ability: Drizzle|[of] p1a: Weather War\n|move|p2a: Glimmora|Spikes|p1a: Weather War\n|-sidestart|p1: mikeyuwu|Spikes\n|cant|p1b: Harmacy|slp\n|move|p2b: Amoonguss|Giga Drain|p1b: Harmacy\n|-supereffective|p1b: Harmacy\n|-damage|p1b: Harmacy|58\/100 slp\n|-heal|p2b: Amoonguss|79\/100|[from] drain|[of] p1b: Harmacy\n|\n|-weather|RainDance|[upkeep]\n|-activate|p1b: Harmacy|ability: Hydration\n|-curestatus|p1b: Harmacy|slp|[msg]\n|-heal|p1b: Harmacy|64\/100|[from] item: Leftovers\n|-heal|p2b: Amoonguss|86\/100|[from] item: Black Sludge\n|upkeep\n|turn|8\n|\n|t:|1700931266\n|move|p2a: Glimmora|Spiky Shield|p2a: Glimmora\n|-singleturn|p2a: Glimmora|move: Protect\n|move|p1a: Weather War|Hurricane|p2b: Amoonguss\n|-supereffective|p2b: Amoonguss\n|-damage|p2b: Amoonguss|28\/100\n|move|p1b: Harmacy|Weather Ball|p2a: Glimmora\n|-activate|p2a: Glimmora|move: Protect\n|move|p2b: Amoonguss|Spore|p1b: Harmacy\n|-status|p1b: Harmacy|slp|[from] move: Spore\n|\n|-weather|RainDance|[upkeep]\n|-activate|p1b: Harmacy|ability: Hydration\n|-curestatus|p1b: Harmacy|slp|[msg]\n|-heal|p1b: Harmacy|70\/100|[from] item: Leftovers\n|-heal|p2b: Amoonguss|35\/100|[from] item: Black Sludge\n|upkeep\n|turn|9\n|\n|t:|1700931284\n|switch|p2a: Weezing|Weezing-Galar, M|72\/100\n|-ability|p2a: Weezing|Neutralizing Gas\n|switch|p2b: Dragonite|Dragonite, F|100\/100\n|move|p1a: Weather War|Hurricane|p2b: Dragonite\n|-damage|p2b: Dragonite|65\/100\n|-start|p2b: Dragonite|confusion\n|move|p1b: Harmacy|Weather Ball|p2a: Weezing\n|-damage|p2a: Weezing|22\/100\n|\n|-weather|RainDance|[upkeep]\n|-heal|p1b: Harmacy|76\/100|[from] item: Leftovers\n|-heal|p2a: Weezing|28\/100|[from] item: Leftovers\n|upkeep\n|turn|10\n|\n|t:|1700931296\n|-activate|p2b: Dragonite|confusion\n|move|p2b: Dragonite|Dragon Dance|p2b: Dragonite\n|-boost|p2b: Dragonite|atk|1\n|-boost|p2b: Dragonite|spe|1\n|move|p1a: Weather War|Blizzard|p2b: Dragonite|[spread] p2a,p2b\n|-supereffective|p2b: Dragonite\n|-damage|p2a: Weezing|12\/100\n|-damage|p2b: Dragonite|0 fnt\n|faint|p2b: Dragonite\n|move|p1b: Harmacy|Copycat|p1b: Harmacy\n|move|p1b: Harmacy|Blizzard|p2a: Weezing|[from]move: Copycat\n|-damage|p2a: Weezing|0 fnt\n|faint|p2a: Weezing\n|-end|p2a: Weezing|ability: Neutralizing Gas\n|\n|-weather|RainDance|[upkeep]\n|-heal|p1b: Harmacy|82\/100|[from] item: Leftovers\n|upkeep\n|\n|t:|1700931315\n|switch|p2b: Landorus|Landorus-Therian, M, tera:Psychic|86\/100\n|switch|p2a: Amoonguss|Amoonguss, M|35\/100\n|-ability|p2b: Landorus|Intimidate|boost\n|-unboost|p1a: Weather War|atk|1\n|-unboost|p1b: Harmacy|atk|1\n|turn|11\n|\n|t:|1700931330\n|switch|p2a: Glimmora|Glimmora, F|49\/100\n|move|p2b: Landorus|Nasty Plot|p2b: Landorus\n|-boost|p2b: Landorus|spa|2\n|move|p1a: Weather War|Hurricane|p2a: Glimmora\n|-resisted|p2a: Glimmora\n|-damage|p2a: Glimmora|30\/100\n|move|p1b: Harmacy|Icy Wind|p2a: Glimmora|[spread] p2a,p2b\n|-damage|p2a: Glimmora|19\/100\n|-damage|p2b: Landorus|72\/100\n|-unboost|p2a: Glimmora|spe|1\n|-unboost|p2b: Landorus|spe|1\n|\n|-weather|none\n|-heal|p2b: Landorus|78\/100|[from] item: Leftovers\n|-heal|p1b: Harmacy|88\/100|[from] item: Leftovers\n|upkeep\n|turn|12\n|\n|t:|1700931343\n|switch|p1a: OTLHPM|Toxicroak, M|100\/100\n|-damage|p1a: OTLHPM|94\/100|[from] Stealth Rock\n|-sideend|p1: mikeyuwu|move: Toxic Spikes|[of] p1a: OTLHPM\n|-damage|p1a: OTLHPM|82\/100|[from] Spikes\n|move|p2b: Landorus|Psychic|p1a: OTLHPM\n|-supereffective|p1a: OTLHPM\n|-damage|p1a: OTLHPM|0 fnt\n|faint|p1a: OTLHPM\n|move|p2a: Glimmora|Spikes|p1b: Harmacy\n|-sidestart|p1: mikeyuwu|Spikes\n|move|p1b: Harmacy|Icy Wind|p2a: Glimmora|[spread] p2a,p2b\n|-damage|p2a: Glimmora|6\/100\n|-damage|p2b: Landorus|66\/100\n|-unboost|p2a: Glimmora|spe|1\n|-unboost|p2b: Landorus|spe|1\n|\n|-heal|p1b: Harmacy|94\/100|[from] item: Leftovers\n|-heal|p2b: Landorus|72\/100|[from] item: Leftovers\n|upkeep\n|\n|t:|1700931352\n|switch|p1a: ThcrThnSnkr|Tyranitar, F|88\/100\n|-damage|p1a: ThcrThnSnkr|76\/100|[from] Stealth Rock\n|-damage|p1a: ThcrThnSnkr|59\/100|[from] Spikes\n|-weather|Sandstorm|[from] ability: Sand Stream|[of] p1a: ThcrThnSnkr\n|turn|13\n|\n|t:|1700931361\n|switch|p2b: Amoonguss|Amoonguss, M|68\/100\n|move|p2a: Glimmora|Spiky Shield|p2a: Glimmora\n|-singleturn|p2a: Glimmora|move: Protect\n|move|p1a: ThcrThnSnkr|Knock Off|p2b: Amoonguss\n|-damage|p2b: Amoonguss|25\/100\n|-enditem|p2b: Amoonguss|Black Sludge|[from] move: Knock Off|[of] p1a: ThcrThnSnkr\n|move|p1b: Harmacy|Weather Ball|p2a: Glimmora\n|-activate|p2a: Glimmora|move: Protect\n|\n|-weather|Sandstorm|[upkeep]\n|-damage|p1b: Harmacy|88\/100|[from] Sandstorm\n|-damage|p2b: Amoonguss|19\/100|[from] Sandstorm\n|-heal|p1b: Harmacy|94\/100|[from] item: Leftovers\n|upkeep\n|turn|14\n|\n|t:|1700931371\n|move|p1a: ThcrThnSnkr|Rock Slide|p2a: Glimmora|[spread] p2a,p2b\n|-damage|p2a: Glimmora|0 fnt\n|-damage|p2b: Amoonguss|0 fnt\n|-activate|p2a: Glimmora|ability: Toxic Debris\n|-sidestart|p1: mikeyuwu|move: Toxic Spikes\n|faint|p2a: Glimmora\n|faint|p2b: Amoonguss\n|move|p1b: Harmacy|Copycat|p1b: Harmacy\n|move|p1b: Harmacy|Rock Slide|p2: Glimmora|[from]move: Copycat|[notarget]\n|-fail|p1b: Harmacy\n|\n|-weather|Sandstorm|[upkeep]\n|-damage|p1b: Harmacy|88\/100|[from] Sandstorm\n|-heal|p1b: Harmacy|94\/100|[from] item: Leftovers\n|upkeep\n|\n|t:|1700931376\n|switch|p2b: Landorus|Landorus-Therian, M, tera:Psychic|72\/100\n|-ability|p2b: Landorus|Intimidate|boost\n|-unboost|p1a: ThcrThnSnkr|atk|1\n|-unboost|p1b: Harmacy|atk|1\n|turn|15\n|\n|t:|1700931382\n|move|p2b: Landorus|Nasty Plot|p2b: Landorus\n|-boost|p2b: Landorus|spa|2\n|move|p1a: ThcrThnSnkr|Knock Off|p2b: Landorus\n|-supereffective|p2b: Landorus\n|-damage|p2b: Landorus|10\/100\n|-enditem|p2b: Landorus|Leftovers|[from] move: Knock Off|[of] p1a: ThcrThnSnkr\n|move|p1b: Harmacy|Copycat|p1b: Harmacy\n|move|p1b: Harmacy|Knock Off|p2b: Landorus|[from]move: Copycat\n|-supereffective|p2b: Landorus\n|-damage|p2b: Landorus|0 fnt\n|faint|p2b: Landorus\n|\n|win|mikeyuwu\n|raw|mikeyuwu's rating: 1330 &rarr; <strong>1346<\/strong><br \/>(+16 for winning)\n|raw|TRise10's rating: 1259 &rarr; <strong>1239<\/strong><br \/>(-20 for losing)\n|l|\u2606TRise10\n|c|\u2606mikeyuwu|Gg\n","uploadtime":1700931399,"views":7,"p1id":"mikeyuwu","p2id":"trise10","formatid":"gen9doublesou","rating":1239,"private":0,"password":""}