{"id":"gen9doublesou-1971006414","p1":"Thehombre","p2":"wefbiuwefb","format":"[Gen 9] Doubles OU","log":"|j|\u2606Thehombre\n|j|\u2606wefbiuwefb\n|t:|1697691487\n|gametype|doubles\n|player|p1|Thehombre|169|1071\n|player|p2|wefbiuwefb|169|1000\n|teamsize|p1|6\n|teamsize|p2|6\n|gen|9\n|tier|[Gen 9] Doubles OU\n|rated|\n|rule|Species Clause: Limit one of each Pok\u00e9mon\n|rule|OHKO Clause: OHKO moves are banned\n|rule|Evasion Moves Clause: Evasion moves are banned\n|rule|Gravity Sleep Clause: The combination of sleep-inducing moves with imperfect accuracy and Gravity or Gigantamax Orbeetle are banned\n|rule|Endless Battle Clause: Forcing endless battles is banned\n|rule|HP Percentage Mod: HP is shown in percentages\n|clearpoke\n|poke|p1|Fezandipiti, M|\n|poke|p1|Overqwil, M|\n|poke|p1|Munkidori, M|\n|poke|p1|Landorus, M|\n|poke|p1|Corviknight, M|\n|poke|p1|Muk-Alola, F|\n|poke|p2|Ogerpon-Wellspring, F|\n|poke|p2|Tornadus, M|\n|poke|p2|Dudunsparce-*, M|\n|poke|p2|Maushold|\n|poke|p2|Armarouge, M|\n|poke|p2|Torkoal, F|\n|teampreview\n|\n|t:|1697691498\n|start\n|switch|p1a: Fezandipiti|Fezandipiti, M|100\/100\n|switch|p1b: Overqwil|Overqwil, M|100\/100\n|switch|p2a: Ogerpon|Ogerpon-Wellspring, F|100\/100\n|switch|p2b: Tornadus|Tornadus, M|100\/100\n|turn|1\n|\n|t:|1697691510\n|move|p2a: Ogerpon|Spiky Shield|p2a: Ogerpon\n|-singleturn|p2a: Ogerpon|move: Protect\n|move|p2b: Tornadus|Tailwind|p2b: Tornadus\n|-sidestart|p2: wefbiuwefb|move: Tailwind\n|move|p1a: Fezandipiti|Icy Wind|p2b: Tornadus|[spread] p2b\n|-activate|p2a: Ogerpon|move: Protect\n|-supereffective|p2b: Tornadus\n|-damage|p2b: Tornadus|72\/100\n|-unboost|p2b: Tornadus|spe|1\n|-status|p2b: Tornadus|tox|[from] ability: Toxic Chain|[of] p1a: Fezandipiti\n|move|p1b: Overqwil|Acupressure|p1a: Fezandipiti\n|-boost|p1a: Fezandipiti|def|2\n|\n|-damage|p2b: Tornadus|66\/100 tox|[from] psn\n|upkeep\n|turn|2\n|\n|t:|1697691526\n|move|p2a: Ogerpon|U-turn|p1b: Overqwil\n|-damage|p1b: Overqwil|67\/100\n|-status|p2a: Ogerpon|psn|[from] ability: Poison Point|[of] p1b: Overqwil\n|inactive|Battle timer is ON: inactive players will automatically lose when time's up. (requested by Thehombre)\n|\n|t:|1697691532\n|switch|p2a: Dudunsparce|Dudunsparce-Three-Segment, M|100\/100|[from] U-turn\n|move|p2b: Tornadus|U-turn|p1b: Overqwil\n|-damage|p1b: Overqwil|46\/100\n|\n|t:|1697691534\n|switch|p2b: Maushold|Maushold|100\/100|[from] U-turn\n|move|p1a: Fezandipiti|Icy Wind|p2a: Dudunsparce|[spread] p2a,p2b\n|-damage|p2a: Dudunsparce|93\/100\n|-damage|p2b: Maushold|85\/100\n|-unboost|p2a: Dudunsparce|spe|1\n|-unboost|p2b: Maushold|spe|1\n|-status|p2a: Dudunsparce|tox|[from] ability: Toxic Chain|[of] p1a: Fezandipiti\n|move|p1b: Overqwil|Acupressure|p1a: Fezandipiti\n|-boost|p1a: Fezandipiti|spa|2\n|\n|-damage|p2a: Dudunsparce|87\/100 tox|[from] psn\n|upkeep\n|turn|3\n|\n|t:|1697691550\n|-terastallize|p2a: Dudunsparce|Psychic\n|move|p2b: Maushold|Beat Up|p2a: Dudunsparce\n|-supereffective|p2a: Dudunsparce\n|-damage|p2a: Dudunsparce|83\/100 tox\n|-ability|p2a: Dudunsparce|Rattled|boost\n|-boost|p2a: Dudunsparce|spe|1\n|-enditem|p2a: Dudunsparce|Weakness Policy\n|-boost|p2a: Dudunsparce|atk|2|[from] item: Weakness Policy\n|-boost|p2a: Dudunsparce|spa|2|[from] item: Weakness Policy\n|-supereffective|p2a: Dudunsparce\n|-damage|p2a: Dudunsparce|79\/100 tox\n|-ability|p2a: Dudunsparce|Rattled|boost\n|-boost|p2a: Dudunsparce|spe|1\n|-supereffective|p2a: Dudunsparce\n|-damage|p2a: Dudunsparce|75\/100 tox\n|-ability|p2a: Dudunsparce|Rattled|boost\n|-boost|p2a: Dudunsparce|spe|1\n|-hitcount|p2a: Dudunsparce|3\n|move|p2a: Dudunsparce|Stored Power|p1b: Overqwil\n|-immune|p1b: Overqwil\n|move|p1a: Fezandipiti|Icy Wind|p2a: Dudunsparce|[spread] p2a,p2b\n|-damage|p2a: Dudunsparce|62\/100 tox\n|-damage|p2b: Maushold|57\/100\n|-unboost|p2a: Dudunsparce|spe|1\n|-unboost|p2b: Maushold|spe|1\n|move|p1b: Overqwil|Acupressure|p1a: Fezandipiti\n|-boost|p1a: Fezandipiti|evasion|2\n|\n|-damage|p2a: Dudunsparce|50\/100 tox|[from] psn\n|upkeep\n|turn|4\n|\n|t:|1697691563\n|move|p2b: Maushold|Follow Me|p2b: Maushold\n|-singleturn|p2b: Maushold|move: Follow Me\n|move|p2a: Dudunsparce|Stored Power|p1b: Overqwil\n|-immune|p1b: Overqwil\n|move|p1a: Fezandipiti|Dazzling Gleam|p2a: Dudunsparce|[spread] p2a,p2b\n|-damage|p2a: Dudunsparce|19\/100 tox\n|-damage|p2b: Maushold|0 fnt\n|faint|p2b: Maushold\n|move|p1b: Overqwil|Barb Barrage|p2a: Dudunsparce\n|-damage|p2a: Dudunsparce|0 fnt\n|faint|p2a: Dudunsparce\n|\n|-sideend|p2: wefbiuwefb|move: Tailwind\n|upkeep\n|\n|t:|1697691571\n|switch|p2b: Torkoal|Torkoal, F|100\/100\n|switch|p2a: Armarouge|Armarouge, M|100\/100\n|turn|5\n|-message|wefbiuwefb forfeited.\n|\n|win|Thehombre\n|raw|Thehombre's rating: 1071 &rarr; <strong>1094<\/strong><br \/>(+23 for winning)\n|raw|wefbiuwefb's rating: 1000 &rarr; <strong>1000<\/strong><br \/>(+0 for losing)\n|l|\u2606wefbiuwefb\n","uploadtime":1697691584,"views":17,"p1id":"thehombre","p2id":"wefbiuwefb","formatid":"gen9doublesou","rating":1000,"private":0,"password":""}