{"id":"gen9doublesou-1974597148","p1":"KingKRoolIsKool","p2":"JackSilver777","format":"[Gen 9] Doubles OU","log":"|j|\u2606KingKRoolIsKool\n|j|\u2606JackSilver777\n|t:|1698101002\n|gametype|doubles\n|player|p1|KingKRoolIsKool|2|1164\n|player|p2|JackSilver777|rosa|1092\n|teamsize|p1|6\n|teamsize|p2|6\n|gen|9\n|tier|[Gen 9] Doubles OU\n|rated|\n|rule|Species Clause: Limit one of each Pok\u00e9mon\n|rule|OHKO Clause: OHKO moves are banned\n|rule|Evasion Moves Clause: Evasion moves are banned\n|rule|Gravity Sleep Clause: The combination of sleep-inducing moves with imperfect accuracy and Gravity or Gigantamax Orbeetle are banned\n|rule|Endless Battle Clause: Forcing endless battles is banned\n|rule|HP Percentage Mod: HP is shown in percentages\n|clearpoke\n|poke|p1|Flapple, M|\n|poke|p1|Appletun, F|\n|poke|p1|Dipplin, F|\n|poke|p1|Applin, M|\n|poke|p1|Ursaluna, F|\n|poke|p1|Ursaring, F|\n|poke|p2|Goodra-Hisui, F|\n|poke|p2|Cinderace, F|\n|poke|p2|Amoonguss, F|\n|poke|p2|Tornadus, M|\n|poke|p2|Sandslash-Alola, F|\n|poke|p2|Ninetales-Alola, M|\n|teampreview\n|\n|t:|1698101012\n|start\n|switch|p1a: Crispy|Appletun, F, shiny|100\/100\n|switch|p1b: UH BARE|Ursaring, F, shiny|100\/100\n|switch|p2a: Ninetales|Ninetales-Alola, M|100\/100\n|switch|p2b: Amoonguss|Amoonguss, F|100\/100\n|-ability|p1b: UH BARE|Unnerve\n|-weather|Snow|[from] ability: Snow Warning|[of] p2a: Ninetales\n|turn|1\n|inactive|Battle timer is ON: inactive players will automatically lose when time's up. (requested by KingKRoolIsKool)\n|\n|t:|1698101037\n|move|p2a: Ninetales|Aurora Veil|p2a: Ninetales\n|-sidestart|p2: JackSilver777|move: Aurora Veil\n|move|p1b: UH BARE|Yawn|p2a: Ninetales\n|-start|p2a: Ninetales|move: Yawn|[of] p1b: UH BARE\n|move|p1a: Crispy|Light Screen|p1a: Crispy\n|-sidestart|p1: KingKRoolIsKool|move: Light Screen\n|move|p2b: Amoonguss|Sludge Bomb|p1a: Crispy\n|-supereffective|p1a: Crispy\n|-damage|p1a: Crispy|69\/100\n|-status|p1a: Crispy|psn\n|\n|-weather|Snow|[upkeep]\n|-damage|p1a: Crispy|57\/100 psn|[from] psn\n|upkeep\n|turn|2\n|inactive|KingKRoolIsKool has 120 seconds left.\n|\n|t:|1698101070\n|switch|p2a: Sandslash|Sandslash-Alola, F|100\/100\n|move|p1b: UH BARE|Yawn|p2b: Amoonguss\n|-start|p2b: Amoonguss|move: Yawn|[of] p1b: UH BARE\n|move|p1a: Crispy|Reflect|p1a: Crispy\n|-sidestart|p1: KingKRoolIsKool|Reflect\n|move|p2b: Amoonguss|Sludge Bomb|p1b: UH BARE\n|-damage|p1b: UH BARE|89\/100\n|\n|-weather|Snow|[upkeep]\n|-damage|p1a: Crispy|44\/100 psn|[from] psn\n|upkeep\n|turn|3\n|inactive|JackSilver777 has 120 seconds left.\n|\n|t:|1698101121\n|-singleturn|p2a: Sandslash|move: Focus Punch\n|move|p2b: Amoonguss|Rage Powder|p2b: Amoonguss\n|-singleturn|p2b: Amoonguss|move: Rage Powder\n|move|p1b: UH BARE|Fury Swipes|p2b: Amoonguss\n|-damage|p2b: Amoonguss|95\/100\n|-damage|p2b: Amoonguss|90\/100\n|-status|p1b: UH BARE|par|[from] ability: Effect Spore|[of] p2b: Amoonguss\n|-hitcount|p2b: Amoonguss|2\n|move|p1a: Crispy|Apple Acid|p2b: Amoonguss\n|-resisted|p2b: Amoonguss\n|-damage|p2b: Amoonguss|87\/100\n|-unboost|p2b: Amoonguss|spd|1\n|move|p2a: Sandslash|Focus Punch|p1b: UH BARE\n|-supereffective|p1b: UH BARE\n|-damage|p1b: UH BARE|50\/100 par\n|\n|-weather|Snow|[upkeep]\n|-heal|p2b: Amoonguss|93\/100|[from] item: Leftovers\n|-damage|p1a: Crispy|32\/100 psn|[from] psn\n|-end|p2b: Amoonguss|move: Yawn|[silent]\n|-status|p2b: Amoonguss|slp\n|upkeep\n|turn|4\n|inactive|JackSilver777 has 120 seconds left.\n|inactive|JackSilver777 has 90 seconds left.\n|\n|t:|1698101171\n|move|p2a: Sandslash|Icicle Crash|p1a: Crispy\n|-supereffective|p1a: Crispy\n|-damage|p1a: Crispy|0 fnt\n|faint|p1a: Crispy\n|cant|p2b: Amoonguss|slp\n|move|p1b: UH BARE|Yawn|p2a: Sandslash\n|-start|p2a: Sandslash|move: Yawn|[of] p1b: UH BARE\n|\n|-weather|Snow|[upkeep]\n|-heal|p2b: Amoonguss|99\/100 slp|[from] item: Leftovers\n|upkeep\n|inactive|KingKRoolIsKool has 120 seconds left.\n|\n|t:|1698101185\n|switch|p1a: Wormy|Flapple, M, shiny|100\/100\n|turn|5\n|\n|t:|1698101196\n|switch|p2a: Tornadus|Tornadus, M|100\/100\n|switch|p2b: Goodra|Goodra-Hisui, F|100\/100\n|move|p1a: Wormy|Grav Apple|p2a: Tornadus\n|-resisted|p2a: Tornadus\n|-damage|p2a: Tornadus|82\/100\n|-unboost|p2a: Tornadus|def|1\n|move|p1b: UH BARE|Fury Swipes|p2a: Tornadus|[miss]\n|-miss|p1b: UH BARE|p2a: Tornadus\n|\n|-weather|none\n|-heal|p2a: Tornadus|88\/100|[from] item: Leftovers\n|-sideend|p2: JackSilver777|move: Aurora Veil\n|upkeep\n|turn|6\n|inactive|JackSilver777 has 120 seconds left.\n|\n|t:|1698101225\n|move|p2a: Tornadus|Tailwind|p2a: Tornadus\n|-sidestart|p2: JackSilver777|move: Tailwind\n|move|p2b: Goodra|Blizzard|p1a: Wormy|[spread] p1a,p1b\n|-supereffective|p1a: Wormy\n|-crit|p1a: Wormy\n|-damage|p1a: Wormy|0 fnt\n|-damage|p1b: UH BARE|39\/100 par\n|faint|p1a: Wormy\n|move|p1b: UH BARE|Fury Swipes|p2a: Tornadus\n|-damage|p2a: Tornadus|76\/100\n|-damage|p2a: Tornadus|63\/100\n|-hitcount|p2a: Tornadus|2\n|\n|-heal|p2a: Tornadus|69\/100|[from] item: Leftovers\n|upkeep\n|\n|t:|1698101236\n|switch|p1a: Also Bear|Ursaluna, F, shiny|100\/100\n|turn|7\n|inactive|JackSilver777 has 120 seconds left.\n|-activate|p1a: Also Bear|item: Quick Claw\n|\n|t:|1698101257\n|move|p1b: UH BARE|Protect|p1b: UH BARE\n|-singleturn|p1b: UH BARE|Protect\n|move|p1a: Also Bear|Metronome|p1a: Also Bear\n|move|p1a: Also Bear|Glare|p2b: Goodra|[from]move: Metronome\n|-status|p2b: Goodra|par\n|move|p2a: Tornadus|Icy Wind|p1a: Also Bear|[spread] p1a\n|-activate|p1b: UH BARE|move: Protect\n|-supereffective|p1a: Also Bear\n|-damage|p1a: Also Bear|85\/100\n|-unboost|p1a: Also Bear|spe|1\n|move|p2b: Goodra|Dragon Tail|p1b: UH BARE\n|-activate|p1b: UH BARE|move: Protect\n|\n|-heal|p2a: Tornadus|75\/100|[from] item: Leftovers\n|upkeep\n|turn|8\n|inactive|JackSilver777 has 120 seconds left.\n|\n|t:|1698101288\n|move|p2a: Tornadus|Bleakwind Storm|p1a: Also Bear|[spread] p1b\n|-miss|p2a: Tornadus|p1a: Also Bear\n|-damage|p1b: UH BARE|27\/100 par\n|move|p2b: Goodra|Blizzard|p1a: Also Bear|[spread] p1a,p1b\n|-supereffective|p1a: Also Bear\n|-damage|p1a: Also Bear|48\/100\n|-damage|p1b: UH BARE|16\/100 par\n|move|p1b: UH BARE|Yawn|p2a: Tornadus\n|-start|p2a: Tornadus|move: Yawn|[of] p1b: UH BARE\n|move|p1a: Also Bear|Roar|p2b: Goodra\n|drag|p2b: Ninetales|Ninetales-Alola, M|100\/100\n|-weather|Snow|[from] ability: Snow Warning|[of] p2b: Ninetales\n|\n|-weather|Snow|[upkeep]\n|-heal|p2a: Tornadus|81\/100|[from] item: Leftovers\n|-sideend|p1: KingKRoolIsKool|move: Light Screen\n|upkeep\n|turn|9\n|inactive|JackSilver777 has 120 seconds left.\n|\n|t:|1698101311\n|switch|p2a: Amoonguss|Amoonguss, F|99\/100 slp\n|move|p2b: Ninetales|Aurora Veil|p2b: Ninetales\n|-sidestart|p2: JackSilver777|move: Aurora Veil\n|move|p1a: Also Bear|Metronome|p1a: Also Bear\n|move|p1a: Also Bear|Magical Leaf|p2a: Amoonguss|[from]move: Metronome\n|-resisted|p2a: Amoonguss\n|-damage|p2a: Amoonguss|98\/100 slp\n|cant|p1b: UH BARE|par\n|\n|-weather|Snow|[upkeep]\n|-heal|p2a: Amoonguss|100\/100 slp|[from] item: Leftovers\n|-sideend|p1: KingKRoolIsKool|Reflect\n|-sideend|p2: JackSilver777|move: Tailwind\n|upkeep\n|turn|10\n|inactive|JackSilver777 has 120 seconds left.\n|\n|t:|1698101344\n|move|p2b: Ninetales|Dazzling Gleam|p1b: UH BARE|[spread] p1a,p1b\n|-damage|p1a: Also Bear|22\/100\n|-damage|p1b: UH BARE|0 fnt\n|faint|p1b: UH BARE\n|-damage|p2b: Ninetales|91\/100|[from] item: Life Orb\n|move|p1a: Also Bear|Metronome|p1a: Also Bear\n|move|p1a: Also Bear|Fly||[from]move: Metronome|[still]\n|-prepare|p1a: Also Bear|Fly\n|cant|p2a: Amoonguss|slp\n|\n|-weather|Snow|[upkeep]\n|upkeep\n|\n|t:|1698101355\n|switch|p1b: Greenie|Applin, M, shiny|100\/100\n|turn|11\n|\n|t:|1698101377\n|-terastallize|p1b: Greenie|Fire\n|move|p2b: Ninetales|Ice Beam|p1b: Greenie\n|-resisted|p1b: Greenie\n|-damage|p1b: Greenie|49\/100\n|-damage|p2b: Ninetales|81\/100|[from] item: Life Orb\n|move|p1a: Also Bear|Fly|p2b: Ninetales|[from]lockedmove\n|-damage|p2b: Ninetales|58\/100\n|-curestatus|p2a: Amoonguss|slp|[msg]\n|move|p2a: Amoonguss|Sludge Bomb|p1a: Also Bear\n|-immune|p1a: Also Bear|[from] ability: Bulletproof\n|move|p1b: Greenie|Tera Blast|p2b: Ninetales|[anim] Tera Blast Fire\n|-supereffective|p2b: Ninetales\n|-damage|p2b: Ninetales|18\/100\n|-damage|p1b: Greenie|39\/100|[from] item: Life Orb\n|\n|-weather|Snow|[upkeep]\n|upkeep\n|turn|12\n|\n|t:|1698101400\n|switch|p2b: Sandslash|Sandslash-Alola, F|100\/100\n|move|p2a: Amoonguss|Rage Powder|p2a: Amoonguss\n|-singleturn|p2a: Amoonguss|move: Rage Powder\n|move|p1a: Also Bear|Metronome|p1a: Also Bear\n|move|p1a: Also Bear|Acid|p2b: Sandslash|[from]move: Metronome|[spread] p2a\n|-immune|p2b: Sandslash\n|-damage|p2a: Amoonguss|99\/100\n|move|p1b: Greenie|Tera Blast|p2a: Amoonguss|[anim] Tera Blast Fire\n|-supereffective|p2a: Amoonguss\n|-damage|p2a: Amoonguss|63\/100\n|-damage|p1b: Greenie|29\/100|[from] item: Life Orb\n|\n|-weather|none\n|-heal|p2a: Amoonguss|69\/100|[from] item: Leftovers\n|upkeep\n|turn|13\n|\n|t:|1698101424\n|move|p2a: Amoonguss|Rage Powder|p2a: Amoonguss\n|-singleturn|p2a: Amoonguss|move: Rage Powder\n|move|p2b: Sandslash|Icicle Crash|p1a: Also Bear\n|-supereffective|p1a: Also Bear\n|-damage|p1a: Also Bear|0 fnt\n|faint|p1a: Also Bear\n|move|p1b: Greenie|Tera Blast|p2a: Amoonguss|[anim] Tera Blast Fire\n|-supereffective|p2a: Amoonguss\n|-crit|p2a: Amoonguss\n|-damage|p2a: Amoonguss|0 fnt\n|faint|p2a: Amoonguss\n|-damage|p1b: Greenie|19\/100|[from] item: Life Orb\n|\n|-sideend|p2: JackSilver777|move: Aurora Veil\n|upkeep\n|\n|t:|1698101438\n|switch|p1a: Stooble|Dipplin, F|100\/100\n|switch|p2a: Ninetales|Ninetales-Alola, M|18\/100\n|-weather|Snow|[from] ability: Snow Warning|[of] p2a: Ninetales\n|-ability|p1a: Stooble|Supersweet Syrup\n|-ability|p1a: Stooble|Supersweet Syrup|boost\n|-unboost|p2a: Ninetales|evasion|1\n|-unboost|p2b: Sandslash|evasion|1\n|turn|14\n|\n|t:|1698101455\n|move|p2b: Sandslash|Icicle Crash|p1a: Stooble\n|-supereffective|p1a: Stooble\n|-damage|p1a: Stooble|24\/100\n|move|p2a: Ninetales|Aurora Veil|p2a: Ninetales\n|-sidestart|p2: JackSilver777|move: Aurora Veil\n|cant|p1a: Stooble|flinch\n|move|p1b: Greenie|Tera Blast|p2a: Ninetales|[anim] Tera Blast Fire\n|-supereffective|p2a: Ninetales\n|-damage|p2a: Ninetales|0 fnt\n|faint|p2a: Ninetales\n|-damage|p1b: Greenie|9\/100|[from] item: Life Orb\n|\n|-weather|Snow|[upkeep]\n|upkeep\n|\n|t:|1698101470\n|switch|p2a: Tornadus|Tornadus, M|81\/100\n|turn|15\n|\n|t:|1698101482\n|move|p2a: Tornadus|Tailwind|p2a: Tornadus\n|-sidestart|p2: JackSilver777|move: Tailwind\n|move|p2b: Sandslash|Icicle Crash|p1a: Stooble\n|-supereffective|p1a: Stooble\n|-damage|p1a: Stooble|0 fnt\n|faint|p1a: Stooble\n|move|p1b: Greenie|Tera Blast|p2b: Sandslash|[anim] Tera Blast Fire\n|-supereffective|p2b: Sandslash\n|-damage|p2b: Sandslash|46\/100\n|-damage|p1b: Greenie|0 fnt|[from] item: Life Orb\n|faint|p1b: Greenie\n|\n|win|JackSilver777\n|raw|KingKRoolIsKool's rating: 1164 &rarr; <strong>1134<\/strong><br \/>(-30 for losing)\n|raw|JackSilver777's rating: 1092 &rarr; <strong>1124<\/strong><br \/>(+32 for winning)\n|l|\u2606KingKRoolIsKool\n","uploadtime":1698101499,"views":13,"p1id":"kingkrooliskool","p2id":"jacksilver777","formatid":"gen9doublesou","rating":1124,"private":0,"password":""}