{"id":"gen9doublesou-1975659000","p1":"Tusssk","p2":"oceanofmemes","format":"[Gen 9] Doubles OU","log":"|j|\u2606Tusssk\n|j|\u2606oceanofmemes\n|t:|1698220766\n|gametype|doubles\n|player|p1|Tusssk|beauty-gen4dp|1302\n|player|p2|oceanofmemes|fisherman|1222\n|teamsize|p1|6\n|teamsize|p2|6\n|gen|9\n|tier|[Gen 9] Doubles OU\n|rated|\n|rule|Species Clause: Limit one of each Pok\u00e9mon\n|rule|OHKO Clause: OHKO moves are banned\n|rule|Evasion Moves Clause: Evasion moves are banned\n|rule|Gravity Sleep Clause: The combination of sleep-inducing moves with imperfect accuracy and Gravity or Gigantamax Orbeetle are banned\n|rule|Endless Battle Clause: Forcing endless battles is banned\n|rule|HP Percentage Mod: HP is shown in percentages\n|clearpoke\n|poke|p1|Ursaluna, F|\n|poke|p1|Sableye, M|\n|poke|p1|Sinistcha|\n|poke|p1|Tornadus, M|\n|poke|p1|Kommo-o, M|\n|poke|p1|Gardevoir, M|\n|poke|p2|Scyther, F|\n|poke|p2|Tyranitar, F|\n|poke|p2|Ursaluna, F|\n|poke|p2|Decidueye-Hisui, F|\n|poke|p2|Toxtricity-Low-Key, F|\n|poke|p2|Typhlosion-Hisui, M|\n|teampreview\n|inactive|Battle timer is ON: inactive players will automatically lose when time's up. (requested by Tusssk)\n|\n|t:|1698220797\n|start\n|switch|p1a: Sableye|Sableye, M|100\/100\n|switch|p1b: Tornadus|Tornadus, M|100\/100\n|switch|p2a: rawrr|Tyranitar, F, shiny|100\/100\n|switch|p2b: big boy himself|Scyther, F|100\/100\n|-weather|Sandstorm|[from] ability: Sand Stream|[of] p2a: rawrr\n|turn|1\n|\n|t:|1698220826\n|move|p1b: Tornadus|Tailwind|p1b: Tornadus\n|-sidestart|p1: Tusssk|move: Tailwind\n|move|p1a: Sableye|Will-O-Wisp|p2a: rawrr\n|-hint|Since gen 7, Dark is immune to Prankster moves.\n|-immune|p2a: rawrr\n|move|p2b: big boy himself|Tailwind|p2b: big boy himself\n|-sidestart|p2: oceanofmemes|move: Tailwind\n|move|p2a: rawrr|Rock Slide|p1b: Tornadus|[spread] p1a,p1b\n|-supereffective|p1b: Tornadus\n|-damage|p1a: Sableye|53\/100\n|-damage|p1b: Tornadus|0 fnt\n|faint|p1b: Tornadus\n|\n|-weather|Sandstorm|[upkeep]\n|-damage|p2b: big boy himself|94\/100|[from] Sandstorm\n|-damage|p1a: Sableye|47\/100|[from] Sandstorm\n|-enditem|p1a: Sableye|Sitrus Berry|[eat]\n|-heal|p1a: Sableye|72\/100|[from] item: Sitrus Berry\n|upkeep\n|inactive|Tusssk has 120 seconds left.\n|\n|t:|1698220846\n|switch|p1b: Ursaluna|Ursaluna, F|100\/100\n|turn|2\n|\n|t:|1698220874\n|-terastallize|p2b: big boy himself|Fighting\n|move|p1a: Sableye|Will-O-Wisp|p2b: big boy himself\n|-status|p2b: big boy himself|brn\n|move|p2b: big boy himself|Close Combat|p1b: Ursaluna\n|-supereffective|p1b: Ursaluna\n|-damage|p1b: Ursaluna|59\/100\n|-unboost|p2b: big boy himself|def|1\n|-unboost|p2b: big boy himself|spd|1\n|move|p2a: rawrr|Knock Off|p1a: Sableye\n|-damage|p1a: Sableye|18\/100\n|move|p1b: Ursaluna|Drain Punch|p2a: rawrr\n|-supereffective|p2a: rawrr\n|-damage|p2a: rawrr|6\/100\n|-heal|p1b: Ursaluna|99\/100|[from] drain|[of] p2a: rawrr\n|\n|-weather|Sandstorm|[upkeep]\n|-damage|p2b: big boy himself|88\/100 brn|[from] Sandstorm\n|-damage|p1a: Sableye|12\/100|[from] Sandstorm\n|-damage|p2b: big boy himself|82\/100 brn|[from] brn\n|upkeep\n|turn|3\n|c|\u2606oceanofmemes|!weak ursaluna\n|c| oceanofmemes|\/raw <div class=\"infobox\">Ursaluna (ignoring abilities):<br \/><span class=\"message-effect-weak\">Weaknesses<\/span>: Fighting, Grass, Ice, Water<br \/><span class=\"message-effect-resist\">Resistances<\/span>: Poison, Rock<br \/><span class=\"message-effect-immune\">Immunities<\/span>: Electric, Ghost, Sandstorm damage<\/div>\n|inactive|Tusssk has 120 seconds left.\n|inactive|oceanofmemes has 120 seconds left.\n|\n|t:|1698220927\n|move|p1a: Sableye|Recover|p1a: Sableye\n|-heal|p1a: Sableye|62\/100\n|move|p2b: big boy himself|Close Combat|p1b: Ursaluna\n|-supereffective|p1b: Ursaluna\n|-damage|p1b: Ursaluna|58\/100\n|-unboost|p2b: big boy himself|def|1\n|-unboost|p2b: big boy himself|spd|1\n|move|p2a: rawrr|Ice Punch|p1b: Ursaluna\n|-supereffective|p1b: Ursaluna\n|-damage|p1b: Ursaluna|18\/100\n|move|p1b: Ursaluna|Heavy Slam|p2a: rawrr\n|-supereffective|p2a: rawrr\n|-damage|p2a: rawrr|0 fnt\n|faint|p2a: rawrr\n|\n|-weather|Sandstorm|[upkeep]\n|-damage|p2b: big boy himself|76\/100 brn|[from] Sandstorm\n|-damage|p1a: Sableye|56\/100|[from] Sandstorm\n|-damage|p2b: big boy himself|70\/100 brn|[from] brn\n|upkeep\n|inactive|oceanofmemes has 90 seconds left.\n|\n|t:|1698220957\n|switch|p2a: dem legs!!|Decidueye-Hisui, F, shiny|100\/100\n|turn|4\n|inactive|oceanofmemes has 90 seconds left.\n|c|\u2606oceanofmemes|!weak sableye\n|c| oceanofmemes|\/raw <div class=\"infobox\">Sableye (ignoring abilities):<br \/><span class=\"message-effect-weak\">Weaknesses<\/span>: Fairy<br \/><span class=\"message-effect-resist\">Resistances<\/span>: Poison<br \/><span class=\"message-effect-immune\">Immunities<\/span>: Fighting, Normal, Psychic, Prankster, Trapping<\/div>\n|\n|t:|1698220990\n|switch|p1a: Sinistcha|Sinistcha, shiny|100\/100\n|-heal|p1b: Ursaluna|43\/100|[from] ability: Hospitality|[of] p1a: Sinistcha\n|-terastallize|p1b: Ursaluna|Poison\n|move|p2b: big boy himself|Dual Wingbeat|p1a: Sinistcha|[miss]\n|-miss|p2b: big boy himself|p1a: Sinistcha\n|move|p2a: dem legs!!|Leaf Blade|p1b: Ursaluna\n|-resisted|p1b: Ursaluna\n|-damage|p1b: Ursaluna|31\/100\n|move|p1b: Ursaluna|Drain Punch|p2b: big boy himself\n|-damage|p2b: big boy himself|13\/100 brn\n|-heal|p1b: Ursaluna|48\/100|[from] drain|[of] p2b: big boy himself\n|\n|-weather|Sandstorm|[upkeep]\n|-damage|p2b: big boy himself|7\/100 brn|[from] Sandstorm\n|-damage|p1a: Sinistcha|94\/100|[from] Sandstorm\n|-damage|p2a: dem legs!!|94\/100|[from] Sandstorm\n|-damage|p1b: Ursaluna|42\/100|[from] Sandstorm\n|-heal|p1a: Sinistcha|100\/100|[from] item: Leftovers\n|-damage|p2b: big boy himself|0 fnt|[from] brn\n|faint|p2b: big boy himself\n|-sideend|p2: oceanofmemes|move: Tailwind\n|-sideend|p1: Tusssk|move: Tailwind\n|upkeep\n|\n|t:|1698221003\n|switch|p2b: weed smoker|Typhlosion-Hisui, M|100\/100\n|-item|p1a: Sinistcha|Leftovers|[from] ability: Frisk|[of] p2b: weed smoker|[identify]\n|-item|p1b: Ursaluna|Assault Vest|[from] ability: Frisk|[of] p2b: weed smoker|[identify]\n|turn|5\n|\n|t:|1698221027\n|switch|p2a: feddy fazbore|Ursaluna, F, shiny|100\/100\n|move|p2b: weed smoker|Shadow Ball|p1a: Sinistcha\n|-supereffective|p1a: Sinistcha\n|-damage|p1a: Sinistcha|0 fnt\n|faint|p1a: Sinistcha\n|move|p1b: Ursaluna|Earthquake|p2b: weed smoker|[spread] p2a,p2b\n|-supereffective|p2b: weed smoker\n|-damage|p2a: feddy fazbore|66\/100\n|-damage|p2b: weed smoker|0 fnt\n|faint|p2b: weed smoker\n|\n|-weather|none\n|-status|p2a: feddy fazbore|brn|[from] item: Flame Orb\n|upkeep\n|inactive|oceanofmemes has 90 seconds left.\n|\n|t:|1698221046\n|switch|p2b: hatsune miku|Toxtricity-Low-Key, F, shiny|100\/100\n|switch|p1a: Gardevoir|Gardevoir, M|100\/100\n|turn|6\n|\n|t:|1698221068\n|move|p1a: Gardevoir|Dazzling Gleam|p2a: feddy fazbore|[spread] p2a,p2b\n|-resisted|p2b: hatsune miku\n|-damage|p2a: feddy fazbore|39\/100 brn\n|-damage|p2b: hatsune miku|81\/100\n|-damage|p1a: Gardevoir|91\/100|[from] item: Life Orb\n|move|p2b: hatsune miku|Sludge Bomb|p1a: Gardevoir\n|-supereffective|p1a: Gardevoir\n|-damage|p1a: Gardevoir|20\/100\n|move|p2a: feddy fazbore|Headlong Rush|p1b: Ursaluna\n|-supereffective|p1b: Ursaluna\n|-damage|p1b: Ursaluna|0 fnt\n|-unboost|p2a: feddy fazbore|def|1\n|-unboost|p2a: feddy fazbore|spd|1\n|faint|p1b: Ursaluna\n|\n|-damage|p2a: feddy fazbore|33\/100 brn|[from] brn\n|upkeep\n|inactive|Tusssk has 120 seconds left.\n|\n|t:|1698221092\n|switch|p1b: Kommo-o|Kommo-o, M|100\/100\n|turn|7\n|inactive|oceanofmemes has 120 seconds left.\n|\n|t:|1698221107\n|move|p1b: Kommo-o|Clangorous Soul|p1b: Kommo-o\n|-boost|p1b: Kommo-o|atk|1\n|-boost|p1b: Kommo-o|def|1\n|-boost|p1b: Kommo-o|spa|1\n|-boost|p1b: Kommo-o|spd|1\n|-boost|p1b: Kommo-o|spe|1\n|-damage|p1b: Kommo-o|68\/100\n|move|p1a: Gardevoir|Heal Pulse|p1b: Kommo-o\n|-heal|p1b: Kommo-o|100\/100\n|move|p2b: hatsune miku|Hyper Voice|p1a: Gardevoir|[spread] p1a,p1b\n|-damage|p1a: Gardevoir|0 fnt\n|-damage|p1b: Kommo-o|77\/100\n|faint|p1a: Gardevoir\n|-enditem|p2b: hatsune miku|Throat Spray\n|-boost|p2b: hatsune miku|spa|1|[from] item: Throat Spray\n|move|p2a: feddy fazbore|Drain Punch|p1b: Kommo-o\n|-damage|p1b: Kommo-o|49\/100\n|-heal|p2a: feddy fazbore|42\/100 brn|[from] drain|[of] p1b: Kommo-o\n|\n|-damage|p2a: feddy fazbore|36\/100 brn|[from] brn\n|upkeep\n|inactive|Tusssk has 120 seconds left.\n|\n|t:|1698221128\n|switch|p1a: Sableye|Sableye, M|56\/100\n|turn|8\n|inactive|oceanofmemes has 120 seconds left.\n|\n|t:|1698221162\n|move|p1a: Sableye|Recover|p1a: Sableye\n|-heal|p1a: Sableye|100\/100\n|move|p1b: Kommo-o|Drain Punch|p2a: feddy fazbore\n|-supereffective|p2a: feddy fazbore\n|-damage|p2a: feddy fazbore|0 fnt\n|-heal|p1b: Kommo-o|78\/100|[from] drain|[of] p2a: feddy fazbore\n|faint|p2a: feddy fazbore\n|move|p2b: hatsune miku|Overdrive|p1b: Kommo-o|[spread] p1a,p1b\n|-resisted|p1b: Kommo-o\n|-damage|p1a: Sableye|39\/100\n|-damage|p1b: Kommo-o|55\/100\n|\n|upkeep\n|\n|t:|1698221173\n|switch|p2a: dem legs!!|Decidueye-Hisui, F, shiny|94\/100\n|turn|9\n|inactive|oceanofmemes has 120 seconds left.\n|\n|t:|1698221196\n|move|p1a: Sableye|Will-O-Wisp|p2a: dem legs!!\n|-status|p2a: dem legs!!|brn\n|move|p1b: Kommo-o|Drain Punch|p2a: dem legs!!\n|-damage|p2a: dem legs!!|27\/100 brn\n|-heal|p1b: Kommo-o|99\/100|[from] drain|[of] p2a: dem legs!!\n|move|p2b: hatsune miku|Overdrive|p1a: Sableye|[spread] p1a,p1b\n|-resisted|p1b: Kommo-o\n|-damage|p1a: Sableye|0 fnt\n|-damage|p1b: Kommo-o|76\/100\n|faint|p1a: Sableye\n|move|p2a: dem legs!!|Leaf Blade|p1b: Kommo-o\n|-resisted|p1b: Kommo-o\n|-damage|p1b: Kommo-o|71\/100\n|\n|-damage|p2a: dem legs!!|21\/100 brn|[from] brn\n|upkeep\n|-enditem|p2a: dem legs!!|Aguav Berry|[eat]\n|-heal|p2a: dem legs!!|54\/100 brn|[from] item: Aguav Berry\n|turn|10\n|\n|t:|1698221219\n|move|p1b: Kommo-o|Dragon Claw|p2b: hatsune miku\n|-damage|p2b: hatsune miku|0 fnt\n|faint|p2b: hatsune miku\n|move|p2a: dem legs!!|Triple Arrows|p1b: Kommo-o\n|-damage|p1b: Kommo-o|60\/100\n|\n|-damage|p2a: dem legs!!|48\/100 brn|[from] brn\n|upkeep\n|turn|11\n|\n|t:|1698221231\n|move|p1b: Kommo-o|Drain Punch|p2a: dem legs!!\n|-damage|p2a: dem legs!!|0 fnt\n|-heal|p1b: Kommo-o|92\/100|[from] drain|[of] p2a: dem legs!!\n|faint|p2a: dem legs!!\n|\n|win|Tusssk\n|raw|Tusssk's rating: 1302 &rarr; <strong>1317<\/strong><br \/>(+15 for winning)\n|raw|oceanofmemes's rating: 1222 &rarr; <strong>1203<\/strong><br \/>(-19 for losing)\n","uploadtime":1698221237,"views":19,"p1id":"tusssk","p2id":"oceanofmemes","formatid":"gen9doublesou","rating":1203,"private":0,"password":""}