{"id":"gen9doublesou-1994654369","p1":"DMartz64","p2":"Todaisal","format":"[Gen 9] Doubles OU","log":"|j|\u203dDMartz64\n|j|\u2606Todaisal\n|t:|1700476149\n|gametype|doubles\n|player|p1|DMartz64|brock|1305\n|player|p2|Todaisal|265|1283\n|teamsize|p1|6\n|teamsize|p2|6\n|gen|9\n|tier|[Gen 9] Doubles OU\n|rated|\n|rule|Species Clause: Limit one of each Pok\u00e9mon\n|rule|OHKO Clause: OHKO moves are banned\n|rule|Evasion Moves Clause: Evasion moves are banned\n|rule|Gravity Sleep Clause: The combination of sleep-inducing moves with imperfect accuracy and Gravity or Gigantamax Orbeetle are banned\n|rule|Endless Battle Clause: Forcing endless battles is banned\n|rule|HP Percentage Mod: HP is shown in percentages\n|clearpoke\n|poke|p1|Garganacl, M|\n|poke|p1|Kleavor, M|\n|poke|p1|Tyranitar, M|\n|poke|p1|Arcanine-Hisui, F|\n|poke|p1|Coalossal, M|\n|poke|p1|Glimmora, F|\n|poke|p2|Oricorio-Pom-Pom, M|\n|poke|p2|Volcarona, F|\n|poke|p2|Sinistcha|\n|poke|p2|Lilligant-Hisui, F|\n|poke|p2|Krookodile, F|\n|poke|p2|Ninetales, F|\n|teampreview\n|inactive|Battle timer is ON: inactive players will automatically lose when time's up. (requested by DMartz64)\n|\n|t:|1700476173\n|start\n|switch|p1a: Glimmora|Glimmora, F|100\/100\n|switch|p1b: Kleavor|Kleavor, M|100\/100\n|switch|p2a: Krookodile|Krookodile, F|100\/100\n|switch|p2b: Volcarona|Volcarona, F|100\/100\n|-ability|p2a: Krookodile|Intimidate|boost\n|-unboost|p1a: Glimmora|atk|1\n|-unboost|p1b: Kleavor|atk|1\n|turn|1\n|\n|t:|1700476194\n|switch|p2b: Lilligant|Lilligant-Hisui, F|100\/100\n|move|p1b: Kleavor|Stone Axe|p2b: Lilligant\n|-resisted|p2b: Lilligant\n|-damage|p2b: Lilligant|74\/100\n|-sidestart|p2: Todaisal|move: Stealth Rock\n|move|p1a: Glimmora|Energy Ball|p2a: Krookodile\n|-supereffective|p2a: Krookodile\n|-damage|p2a: Krookodile|42\/100\n|move|p2a: Krookodile|Earthquake|p1a: Glimmora|[spread] p2b,p1a,p1b\n|-resisted|p2b: Lilligant\n|-supereffective|p1a: Glimmora\n|-damage|p2b: Lilligant|44\/100\n|-enditem|p1a: Glimmora|Focus Sash\n|-damage|p1a: Glimmora|1\/100\n|-damage|p1b: Kleavor|52\/100\n|-activate|p1a: Glimmora|ability: Toxic Debris\n|-sidestart|p2: Todaisal|move: Toxic Spikes\n|\n|upkeep\n|turn|2\n|\n|t:|1700476217\n|move|p1b: Kleavor|Stone Axe|p2b: Lilligant\n|-resisted|p2b: Lilligant\n|-damage|p2b: Lilligant|17\/100\n|move|p2b: Lilligant|Ice Spinner|p1b: Kleavor\n|-damage|p1b: Kleavor|13\/100\n|-damage|p2b: Lilligant|7\/100|[from] item: Life Orb\n|move|p1a: Glimmora|Energy Ball|p2a: Krookodile\n|-supereffective|p2a: Krookodile\n|-damage|p2a: Krookodile|0 fnt\n|faint|p2a: Krookodile\n|\n|upkeep\n|inactive|Todaisal has 120 seconds left.\n|\n|t:|1700476265\n|switch|p2a: Ninetales|Ninetales, F|100\/100\n|-damage|p2a: Ninetales|76\/100|[from] Stealth Rock\n|-status|p2a: Ninetales|psn\n|-weather|SunnyDay|[from] ability: Drought|[of] p2a: Ninetales\n|turn|3\n|\n|t:|1700476273\n|move|p2b: Lilligant|Ice Spinner|p1b: Kleavor\n|-damage|p1b: Kleavor|0 fnt\n|faint|p1b: Kleavor\n|-damage|p2b: Lilligant|0 fnt|[from] item: Life Orb\n|faint|p2b: Lilligant\n|move|p1a: Glimmora|Mortal Spin|p2a: Ninetales\n|-damage|p2a: Ninetales|70\/100 psn\n|move|p2a: Ninetales|Heat Wave|p1a: Glimmora\n|-resisted|p1a: Glimmora\n|-damage|p1a: Glimmora|0 fnt\n|faint|p1a: Glimmora\n|\n|-weather|SunnyDay|[upkeep]\n|-damage|p2a: Ninetales|57\/100 psn|[from] psn\n|upkeep\n|inactive|Todaisal has 120 seconds left.\n|inactive|Todaisal has 90 seconds left.\n|\n|t:|1700476333\n|switch|p2b: Oricorio|Oricorio-Pom-Pom, M|100\/100\n|switch|p1a: Coalossal|Coalossal, M|100\/100\n|switch|p1b: Tyranitar|Tyranitar, M|100\/100\n|-damage|p2b: Oricorio|76\/100|[from] Stealth Rock\n|-weather|Sandstorm|[from] ability: Sand Stream|[of] p1b: Tyranitar\n|turn|4\n|\n|t:|1700476349\n|switch|p2a: Sinistcha|Sinistcha|100\/100\n|-damage|p2a: Sinistcha|88\/100|[from] Stealth Rock\n|-status|p2a: Sinistcha|psn\n|-heal|p2b: Oricorio|100\/100|[from] ability: Hospitality|[of] p2a: Sinistcha\n|move|p2b: Oricorio|Protect|p2b: Oricorio\n|-singleturn|p2b: Oricorio|Protect\n|move|p1a: Coalossal|Power Gem|p2b: Oricorio\n|-activate|p2b: Oricorio|move: Protect\n|move|p1b: Tyranitar|Rock Slide|p2a: Sinistcha|[spread] p2a\n|-activate|p2b: Oricorio|move: Protect\n|-damage|p2a: Sinistcha|56\/100 psn\n|\n|-weather|Sandstorm|[upkeep]\n|-damage|p2b: Oricorio|94\/100|[from] Sandstorm\n|-damage|p2a: Sinistcha|50\/100 psn|[from] Sandstorm\n|-heal|p2b: Oricorio|100\/100|[from] item: Leftovers\n|-damage|p2a: Sinistcha|37\/100 psn|[from] psn\n|upkeep\n|turn|5\n|inactive|Todaisal has 120 seconds left.\n|\n|t:|1700476375\n|move|p2b: Oricorio|Quiver Dance|p2b: Oricorio\n|-boost|p2b: Oricorio|spa|1\n|-boost|p2b: Oricorio|spd|1\n|-boost|p2b: Oricorio|spe|1\n|move|p2a: Sinistcha|Scald|p1a: Coalossal\n|-supereffective|p1a: Coalossal\n|-damage|p1a: Coalossal|52\/100\n|-ability|p1a: Coalossal|Steam Engine|boost\n|-boost|p1a: Coalossal|spe|6\n|-enditem|p1a: Coalossal|Absorb Bulb\n|-boost|p1a: Coalossal|spa|1|[from] item: Absorb Bulb\n|move|p1a: Coalossal|Heat Wave|p2a: Sinistcha|[spread] \n|-miss|p1a: Coalossal|p2a: Sinistcha\n|-miss|p1a: Coalossal|p2b: Oricorio\n|move|p1b: Tyranitar|Rock Slide|p2a: Sinistcha|[spread] p2a,p2b\n|-supereffective|p2b: Oricorio\n|-damage|p2a: Sinistcha|9\/100 psn\n|-damage|p2b: Oricorio|28\/100\n|\n|-weather|Sandstorm|[upkeep]\n|-damage|p2b: Oricorio|21\/100|[from] Sandstorm\n|-damage|p2a: Sinistcha|3\/100 psn|[from] Sandstorm\n|-heal|p2b: Oricorio|28\/100|[from] item: Leftovers\n|-damage|p2a: Sinistcha|0 fnt|[from] psn\n|faint|p2a: Sinistcha\n|upkeep\n|inactive|Todaisal has 120 seconds left.\n|c|\u2606Todaisal|gg\n|-message|Todaisal forfeited.\n|\n|win|DMartz64\n|raw|DMartz64's rating: 1305 &rarr; <strong>1324<\/strong><br \/>(+19 for winning)\n|raw|Todaisal's rating: 1283 &rarr; <strong>1260<\/strong><br \/>(-23 for losing)\n|l|\u2606Todaisal\n","uploadtime":1700476438,"views":6,"p1id":"dmartz64","p2id":"todaisal","formatid":"gen9doublesou","rating":1260,"private":0,"password":""}