{"id":"gen9doublesou-1986823263","p1":"Ill Will the 1st","p2":"joekerr17","format":"[Gen 9] Doubles OU","log":"|j|\u2606Ill Will the 1st\n|j|\u2606joekerr17\n|t:|1699530446\n|gametype|doubles\n|player|p1|Ill Will the 1st|hooligans|1369\n|player|p2|joekerr17|265|1385\n|teamsize|p1|6\n|teamsize|p2|6\n|gen|9\n|tier|[Gen 9] Doubles OU\n|rated|\n|rule|Species Clause: Limit one of each Pok\u00e9mon\n|rule|OHKO Clause: OHKO moves are banned\n|rule|Evasion Moves Clause: Evasion moves are banned\n|rule|Gravity Sleep Clause: The combination of sleep-inducing moves with imperfect accuracy and Gravity or Gigantamax Orbeetle are banned\n|rule|Endless Battle Clause: Forcing endless battles is banned\n|rule|HP Percentage Mod: HP is shown in percentages\n|clearpoke\n|poke|p1|Chien-Pao|\n|poke|p1|Iron Hands|\n|poke|p1|Flutter Mane|\n|poke|p1|Amoonguss, M|\n|poke|p1|Dragapult, M|\n|poke|p1|Ursaluna-Bloodmoon, M|\n|poke|p2|Charizard, F|\n|poke|p2|Milotic, M|\n|poke|p2|Sinistcha|\n|poke|p2|Rillaboom, M|\n|poke|p2|Kommo-o, M|\n|poke|p2|Arcanine-Hisui, F|\n|teampreview\n|inactive|Battle timer is ON: inactive players will automatically lose when time's up. (requested by joekerr17)\n|\n|t:|1699530463\n|start\n|switch|p1a: Dragapult|Dragapult, M|100\/100\n|switch|p1b: Iron Hands|Iron Hands|100\/100\n|switch|p2a: Rillaboom|Rillaboom, M|100\/100\n|switch|p2b: Charizard|Charizard, F|100\/100\n|-fieldstart|move: Grassy Terrain|[from] ability: Grassy Surge|[of] p2a: Rillaboom\n|-enditem|p2b: Charizard|Grassy Seed\n|-boost|p2b: Charizard|def|1|[from] item: Grassy Seed\n|turn|1\n|\n|t:|1699530479\n|move|p2a: Rillaboom|Fake Out|p1b: Iron Hands\n|-damage|p1b: Iron Hands|92\/100\n|cant|p1b: Iron Hands|flinch\n|move|p1a: Dragapult|U-turn|p2a: Rillaboom\n|-supereffective|p2a: Rillaboom\n|-damage|p2a: Rillaboom|59\/100\n|\n|t:|1699530487\n|switch|p1a: Ursaluna|Ursaluna-Bloodmoon, M|100\/100|[from] U-turn\n|move|p2b: Charizard|Belly Drum|p2b: Charizard\n|-damage|p2b: Charizard|51\/100\n|-setboost|p2b: Charizard|atk|6|[from] move: Belly Drum\n|\n|-heal|p2a: Rillaboom|66\/100|[from] Grassy Terrain\n|-heal|p1b: Iron Hands|98\/100|[from] Grassy Terrain\n|upkeep\n|turn|2\n|\n|t:|1699530501\n|move|p1a: Ursaluna|Protect|p1a: Ursaluna\n|-singleturn|p1a: Ursaluna|Protect\n|move|p2b: Charizard|Acrobatics|p1b: Iron Hands\n|-damage|p1b: Iron Hands|0 fnt\n|faint|p1b: Iron Hands\n|-end|p1b: Iron Hands|Quark Drive|[silent]\n|move|p2a: Rillaboom|Wood Hammer|p1a: Ursaluna\n|-activate|p1a: Ursaluna|move: Protect\n|\n|-heal|p2a: Rillaboom|72\/100|[from] Grassy Terrain\n|upkeep\n|\n|t:|1699530515\n|switch|p1b: Flutter Mane|Flutter Mane|100\/100\n|turn|3\n|\n|t:|1699530530\n|switch|p1a: Amoonguss|Amoonguss, M|100\/100\n|move|p2b: Charizard|Protect|p2b: Charizard\n|-singleturn|p2b: Charizard|Protect\n|move|p1b: Flutter Mane|Shadow Ball|p2b: Charizard\n|-activate|p2b: Charizard|move: Protect\n|move|p2a: Rillaboom|Wood Hammer|p1a: Amoonguss\n|-resisted|p1a: Amoonguss\n|-damage|p1a: Amoonguss|87\/100\n|-damage|p2a: Rillaboom|67\/100|[from] Recoil\n|\n|-heal|p2a: Rillaboom|73\/100|[from] Grassy Terrain\n|-heal|p1a: Amoonguss|93\/100|[from] Grassy Terrain\n|upkeep\n|turn|4\n|\n|t:|1699530555\n|-terastallize|p2b: Charizard|Grass\n|move|p1a: Amoonguss|Protect|p1a: Amoonguss\n|-singleturn|p1a: Amoonguss|Protect\n|move|p1b: Flutter Mane|Shadow Ball|p2b: Charizard\n|-damage|p2b: Charizard|0 fnt\n|faint|p2b: Charizard\n|move|p2a: Rillaboom|U-turn|p1b: Flutter Mane\n|-resisted|p1b: Flutter Mane\n|-crit|p1b: Flutter Mane\n|-damage|p1b: Flutter Mane|87\/100\n|\n|t:|1699530564\n|switch|p2a: Sinistcha|Sinistcha|100\/100|[from] U-turn\n|\n|-heal|p1b: Flutter Mane|93\/100|[from] Grassy Terrain\n|-heal|p1a: Amoonguss|99\/100|[from] Grassy Terrain\n|upkeep\n|\n|t:|1699530576\n|switch|p2b: Arcanine|Arcanine-Hisui, F|100\/100\n|turn|5\n|\n|t:|1699530592\n|switch|p2a: Rillaboom|Rillaboom, M|73\/100\n|switch|p1a: Dragapult|Dragapult, M|100\/100\n|move|p1b: Flutter Mane|Shadow Ball|p2a: Rillaboom\n|-damage|p2a: Rillaboom|33\/100\n|move|p2b: Arcanine|Head Smash|p1b: Flutter Mane\n|-damage|p1b: Flutter Mane|0 fnt\n|faint|p1b: Flutter Mane\n|-end|p1b: Flutter Mane|Protosynthesis|[silent]\n|\n|-heal|p2a: Rillaboom|39\/100|[from] Grassy Terrain\n|-fieldend|move: Grassy Terrain\n|upkeep\n|\n|t:|1699530610\n|switch|p1b: Chien-Pao|Chien-Pao|100\/100\n|-ability|p1b: Chien-Pao|Sword of Ruin\n|turn|6\n|\n|t:|1699530622\n|move|p1b: Chien-Pao|Protect|p1b: Chien-Pao\n|-singleturn|p1b: Chien-Pao|Protect\n|move|p2a: Rillaboom|Fake Out|p1b: Chien-Pao\n|-activate|p1b: Chien-Pao|move: Protect\n|move|p1a: Dragapult|U-turn|p2a: Rillaboom\n|-supereffective|p2a: Rillaboom\n|-damage|p2a: Rillaboom|0 fnt\n|faint|p2a: Rillaboom\n|\n|t:|1699530639\n|switch|p1a: Ursaluna|Ursaluna-Bloodmoon, M|100\/100|[from] U-turn\n|move|p2b: Arcanine|Head Smash|p1b: Chien-Pao\n|-activate|p1b: Chien-Pao|move: Protect\n|\n|upkeep\n|\n|t:|1699530647\n|switch|p2a: Milotic|Milotic, M|100\/100\n|turn|7\n|\n|t:|1699530670\n|switch|p1b: Amoonguss|Amoonguss, M|100\/100\n|switch|p2b: Sinistcha|Sinistcha|100\/100\n|move|p2a: Milotic|Scald|p1a: Ursaluna\n|-supereffective|p1a: Ursaluna\n|-damage|p1a: Ursaluna|42\/100\n|-status|p1a: Ursaluna|brn\n|move|p1a: Ursaluna|Earth Power|p2b: Sinistcha\n|-resisted|p2b: Sinistcha\n|-damage|p2b: Sinistcha|77\/100\n|\n|-damage|p1a: Ursaluna|36\/100 brn|[from] brn\n|upkeep\n|turn|8\n|inactive|Ill Will the 1st has 120 seconds left.\n|\n|t:|1699530709\n|move|p2a: Milotic|Icy Wind|p1b: Amoonguss|[spread] p1a,p1b\n|-supereffective|p1a: Ursaluna\n|-supereffective|p1b: Amoonguss\n|-damage|p1a: Ursaluna|14\/100 brn\n|-damage|p1b: Amoonguss|82\/100\n|-unboost|p1a: Ursaluna|spe|1\n|-unboost|p1b: Amoonguss|spe|1\n|move|p2b: Sinistcha|Matcha Gotcha|p1b: Amoonguss|[spread] p1a,p1b\n|-supereffective|p1a: Ursaluna\n|-resisted|p1b: Amoonguss\n|-damage|p1a: Ursaluna|0 fnt\n|-heal|p2b: Sinistcha|85\/100|[from] drain|[of] p1a: Ursaluna\n|-damage|p1b: Amoonguss|76\/100\n|-heal|p2b: Sinistcha|89\/100|[from] drain|[of] p1b: Amoonguss\n|-status|p1b: Amoonguss|brn\n|faint|p1a: Ursaluna\n|move|p1b: Amoonguss|Pollen Puff|p1: Ursaluna|[notarget]\n|-fail|p1b: Amoonguss\n|\n|-damage|p1b: Amoonguss|70\/100 brn|[from] brn\n|upkeep\n|\n|t:|1699530728\n|switch|p1a: Chien-Pao|Chien-Pao|100\/100\n|-ability|p1a: Chien-Pao|Sword of Ruin\n|turn|9\n|inactive|Ill Will the 1st has 120 seconds left.\n|\n|t:|1699530746\n|switch|p2b: Arcanine|Arcanine-Hisui, F|100\/100\n|move|p1b: Amoonguss|Rage Powder|p1b: Amoonguss\n|-singleturn|p1b: Amoonguss|move: Rage Powder\n|move|p1a: Chien-Pao|Sacred Sword|p2b: Arcanine\n|-supereffective|p2b: Arcanine\n|-damage|p2b: Arcanine|0 fnt\n|faint|p2b: Arcanine\n|move|p2a: Milotic|Scald|p1b: Amoonguss\n|-resisted|p1b: Amoonguss\n|-crit|p1b: Amoonguss\n|-damage|p1b: Amoonguss|50\/100 brn\n|\n|-damage|p1b: Amoonguss|44\/100 brn|[from] brn\n|upkeep\n|\n|t:|1699530753\n|switch|p2b: Kommo-o|Kommo-o, M|100\/100\n|turn|10\n|inactive|Ill Will the 1st has 120 seconds left.\n|\n|t:|1699530796\n|move|p1a: Chien-Pao|Ice Spinner|p2b: Kommo-o\n|-supereffective|p2b: Kommo-o\n|-damage|p2b: Kommo-o|0 fnt\n|faint|p2b: Kommo-o\n|move|p2a: Milotic|Scald|p1a: Chien-Pao\n|-damage|p1a: Chien-Pao|47\/100\n|move|p1b: Amoonguss|Spore|p2a: Milotic\n|-status|p2a: Milotic|slp|[from] move: Spore\n|\n|-damage|p1b: Amoonguss|38\/100 brn|[from] brn\n|upkeep\n|\n|t:|1699530803\n|switch|p2b: Sinistcha|Sinistcha|89\/100\n|turn|11\n|inactive|Ill Will the 1st has 120 seconds left.\n|\n|t:|1699530820\n|move|p1a: Chien-Pao|Ice Spinner|p2b: Sinistcha\n|-supereffective|p2b: Sinistcha\n|-damage|p2b: Sinistcha|0 fnt\n|faint|p2b: Sinistcha\n|cant|p2a: Milotic|slp\n|move|p1b: Amoonguss|Pollen Puff|p1a: Chien-Pao\n|-heal|p1a: Chien-Pao|97\/100\n|\n|-damage|p1b: Amoonguss|32\/100 brn|[from] brn\n|upkeep\n|turn|12\n|-message|joekerr17 forfeited.\n|\n|win|Ill Will the 1st\n|raw|Ill Will the 1st's rating: 1369 &rarr; <strong>1390<\/strong><br \/>(+21 for winning)\n|raw|joekerr17's rating: 1385 &rarr; <strong>1364<\/strong><br \/>(-21 for losing)\n|l|\u2606joekerr17\n|l|\u2606Ill Will the 1st\n|j|\u2606Ill Will the 1st\n|player|p1|Ill Will the 1st|hooligans\n","uploadtime":1699532114,"views":29,"p1id":"illwillthe1st","p2id":"joekerr17","formatid":"gen9doublesou","rating":1364,"private":0,"password":""}