{"id":"gen9doublesou-1983816895","p1":"RLisanidiot","p2":"Adri97","format":"[Gen 9] Doubles OU","log":"|j|\u2606RLisanidiot\n|j|\u2606Adri97\n|t:|1699186511\n|gametype|doubles\n|player|p1|RLisanidiot|cynthia-masters|1230\n|player|p2|Adri97|1|1248\n|teamsize|p1|6\n|teamsize|p2|6\n|gen|9\n|tier|[Gen 9] Doubles OU\n|rated|\n|rule|Species Clause: Limit one of each Pok\u00e9mon\n|rule|OHKO Clause: OHKO moves are banned\n|rule|Evasion Moves Clause: Evasion moves are banned\n|rule|Gravity Sleep Clause: The combination of sleep-inducing moves with imperfect accuracy and Gravity or Gigantamax Orbeetle are banned\n|rule|Endless Battle Clause: Forcing endless battles is banned\n|rule|HP Percentage Mod: HP is shown in percentages\n|clearpoke\n|poke|p1|Ninetales-Alola, F|\n|poke|p1|Chien-Pao|\n|poke|p1|Flutter Mane|\n|poke|p1|Tornadus, M|\n|poke|p1|Pachirisu, M|\n|poke|p1|Rillaboom, M|\n|poke|p2|Kleavor, M|\n|poke|p2|Gliscor, F|\n|poke|p2|Typhlosion-Hisui, F|\n|poke|p2|Milotic, F|\n|poke|p2|Hydreigon, M|\n|poke|p2|Iron Hands|\n|teampreview\n|inactive|Battle timer is ON: inactive players will automatically lose when time's up. (requested by RLisanidiot)\n|\n|t:|1699186534\n|start\n|switch|p1a: Ninetales|Ninetales-Alola, F, shiny|100\/100\n|switch|p1b: Chien-Pao|Chien-Pao|100\/100\n|switch|p2a: Gliscor|Gliscor, F|100\/100\n|switch|p2b: Typhlosion|Typhlosion-Hisui, F|100\/100\n|-weather|Snow|[from] ability: Snow Warning|[of] p1a: Ninetales\n|-ability|p1b: Chien-Pao|Sword of Ruin\n|-item|p1a: Ninetales|Light Clay|[from] ability: Frisk|[of] p2b: Typhlosion|[identify]\n|-item|p1b: Chien-Pao|Assault Vest|[from] ability: Frisk|[of] p2b: Typhlosion|[identify]\n|turn|1\n|\n|t:|1699186551\n|switch|p2a: Milotic|Milotic, F|100\/100\n|move|p1b: Chien-Pao|Sucker Punch|p2b: Typhlosion\n|-supereffective|p2b: Typhlosion\n|-damage|p2b: Typhlosion|0 fnt\n|faint|p2b: Typhlosion\n|move|p1a: Ninetales|Aurora Veil|p1a: Ninetales\n|-sidestart|p1: RLisanidiot|move: Aurora Veil\n|\n|-weather|Snow|[upkeep]\n|upkeep\n|\n|t:|1699186559\n|switch|p2b: Iron Hands|Iron Hands|100\/100\n|turn|2\n|\n|t:|1699186571\n|switch|p1b: Rillaboom|Rillaboom, M|100\/100\n|-fieldstart|move: Grassy Terrain|[from] ability: Grassy Surge|[of] p1b: Rillaboom\n|move|p1a: Ninetales|Confuse Ray|p2b: Iron Hands\n|-start|p2b: Iron Hands|confusion\n|move|p2a: Milotic|Scald|p1a: Ninetales\n|-damage|p1a: Ninetales|83\/100\n|-activate|p2b: Iron Hands|confusion\n|-damage|p2b: Iron Hands|91\/100|[from] confusion\n|\n|-weather|Snow|[upkeep]\n|-heal|p1a: Ninetales|89\/100|[from] Grassy Terrain\n|-heal|p2b: Iron Hands|97\/100|[from] Grassy Terrain\n|upkeep\n|turn|3\n|\n|t:|1699186590\n|move|p1a: Ninetales|Icy Wind|p2a: Milotic|[spread] p2a,p2b\n|-resisted|p2a: Milotic\n|-damage|p2a: Milotic|97\/100\n|-damage|p2b: Iron Hands|91\/100\n|-unboost|p2a: Milotic|spe|1\n|-ability|p2a: Milotic|Competitive|boost\n|-boost|p2a: Milotic|spa|2\n|-unboost|p2b: Iron Hands|spe|1\n|move|p1b: Rillaboom|U-turn|p2a: Milotic\n|-damage|p2a: Milotic|57\/100\n|\n|t:|1699186602\n|switch|p1b: Tornadus|Tornadus, M|100\/100|[from] U-turn\n|move|p2a: Milotic|Icy Wind|p1a: Ninetales|[spread] p1a,p1b\n|-resisted|p1a: Ninetales\n|-supereffective|p1b: Tornadus\n|-damage|p1a: Ninetales|84\/100\n|-damage|p1b: Tornadus|75\/100\n|-unboost|p1a: Ninetales|spe|1\n|-unboost|p1b: Tornadus|spe|1\n|-activate|p2b: Iron Hands|confusion\n|move|p2b: Iron Hands|Ice Punch|p1b: Tornadus\n|-supereffective|p1b: Tornadus\n|-damage|p1b: Tornadus|39\/100\n|\n|-weather|Snow|[upkeep]\n|-heal|p1a: Ninetales|90\/100|[from] Grassy Terrain\n|-heal|p2a: Milotic|63\/100|[from] Grassy Terrain\n|-heal|p2a: Milotic|69\/100|[from] item: Leftovers\n|-heal|p2b: Iron Hands|97\/100|[from] Grassy Terrain\n|upkeep\n|turn|4\n|\n|t:|1699186628\n|move|p1a: Ninetales|Confuse Ray|p2a: Milotic\n|-start|p2a: Milotic|confusion\n|move|p1b: Tornadus|Bleakwind Storm|p2b: Iron Hands|[spread] p2a,p2b\n|-damage|p2a: Milotic|53\/100\n|-damage|p2b: Iron Hands|83\/100\n|-unboost|p2a: Milotic|spe|1\n|-ability|p2a: Milotic|Competitive|boost\n|-boost|p2a: Milotic|spa|2\n|-activate|p2b: Iron Hands|confusion\n|-damage|p2b: Iron Hands|72\/100|[from] confusion\n|-activate|p2a: Milotic|confusion\n|-damage|p2a: Milotic|48\/100|[from] confusion\n|\n|-weather|Snow|[upkeep]\n|-heal|p1a: Ninetales|96\/100|[from] Grassy Terrain\n|-heal|p2b: Iron Hands|78\/100|[from] Grassy Terrain\n|-heal|p2a: Milotic|55\/100|[from] Grassy Terrain\n|-heal|p2a: Milotic|61\/100|[from] item: Leftovers\n|upkeep\n|turn|5\n|\n|t:|1699186647\n|move|p1a: Ninetales|Helping Hand|p1b: Tornadus\n|-singleturn|p1b: Tornadus|Helping Hand|[of] p1a: Ninetales\n|move|p1b: Tornadus|Bleakwind Storm|p2a: Milotic|[spread] p2a,p2b\n|-damage|p2a: Milotic|37\/100\n|-damage|p2b: Iron Hands|56\/100\n|-unboost|p2b: Iron Hands|spe|1\n|-activate|p2a: Milotic|confusion\n|move|p2a: Milotic|Icy Wind|p1a: Ninetales|[spread] p1a,p1b\n|-resisted|p1a: Ninetales\n|-supereffective|p1b: Tornadus\n|-damage|p1a: Ninetales|87\/100\n|-damage|p1b: Tornadus|4\/100\n|-unboost|p1a: Ninetales|spe|1\n|-unboost|p1b: Tornadus|spe|1\n|-activate|p2b: Iron Hands|confusion\n|move|p2b: Iron Hands|Ice Punch|p1b: Tornadus\n|-supereffective|p1b: Tornadus\n|-damage|p1b: Tornadus|0 fnt\n|faint|p1b: Tornadus\n|\n|-weather|none\n|-heal|p1a: Ninetales|93\/100|[from] Grassy Terrain\n|-heal|p2a: Milotic|43\/100|[from] Grassy Terrain\n|-heal|p2a: Milotic|49\/100|[from] item: Leftovers\n|-heal|p2b: Iron Hands|62\/100|[from] Grassy Terrain\n|upkeep\n|\n|t:|1699186661\n|switch|p1b: Rillaboom|Rillaboom, M|100\/100\n|turn|6\n|\n|t:|1699186674\n|move|p1a: Ninetales|Helping Hand|p1b: Rillaboom\n|-singleturn|p1b: Rillaboom|Helping Hand|[of] p1a: Ninetales\n|-end|p2a: Milotic|confusion\n|move|p2a: Milotic|Helping Hand|p2b: Iron Hands\n|-singleturn|p2b: Iron Hands|Helping Hand|[of] p2a: Milotic\n|move|p1b: Rillaboom|Wood Hammer|p2a: Milotic\n|-supereffective|p2a: Milotic\n|-damage|p2a: Milotic|0 fnt\n|faint|p2a: Milotic\n|-damage|p1b: Rillaboom|85\/100|[from] Recoil\n|-end|p2b: Iron Hands|confusion\n|move|p2b: Iron Hands|Ice Punch|p1b: Rillaboom\n|-supereffective|p1b: Rillaboom\n|-crit|p1b: Rillaboom\n|-damage|p1b: Rillaboom|0 fnt\n|faint|p1b: Rillaboom\n|\n|-heal|p1a: Ninetales|99\/100|[from] Grassy Terrain\n|-heal|p2b: Iron Hands|68\/100|[from] Grassy Terrain\n|-fieldend|move: Grassy Terrain\n|upkeep\n|\n|t:|1699186694\n|switch|p1b: Flutter Mane|Flutter Mane|100\/100\n|switch|p2a: Kleavor|Kleavor, M|100\/100\n|turn|7\n|\n|t:|1699186708\n|move|p1a: Ninetales|Helping Hand|p1b: Flutter Mane\n|-singleturn|p1b: Flutter Mane|Helping Hand|[of] p1a: Ninetales\n|move|p2a: Kleavor|Stone Axe|p1a: Ninetales\n|-supereffective|p1a: Ninetales\n|-damage|p1a: Ninetales|18\/100\n|-sidestart|p1: RLisanidiot|move: Stealth Rock\n|move|p1b: Flutter Mane|Dazzling Gleam|p2a: Kleavor|[spread] p2a,p2b\n|-supereffective|p2b: Iron Hands\n|-damage|p2a: Kleavor|0 fnt\n|-damage|p2b: Iron Hands|6\/100\n|faint|p2a: Kleavor\n|move|p2b: Iron Hands|Wild Charge|p1b: Flutter Mane\n|-damage|p1b: Flutter Mane|31\/100\n|-damage|p2b: Iron Hands|0 fnt|[from] Recoil\n|faint|p2b: Iron Hands\n|-end|p2b: Iron Hands|Quark Drive|[silent]\n|\n|upkeep\n|\n|t:|1699186722\n|switch|p2a: Gliscor|Gliscor, F|100\/100\n|switch|p2b: Hydreigon|Hydreigon, M|100\/100\n|turn|8\n|\n|t:|1699186736\n|move|p1a: Ninetales|Helping Hand|p1b: Flutter Mane\n|-singleturn|p1b: Flutter Mane|Helping Hand|[of] p1a: Ninetales\n|move|p1b: Flutter Mane|Dazzling Gleam|p2b: Hydreigon|[spread] p2a,p2b\n|-crit|p2a: Gliscor\n|-supereffective|p2b: Hydreigon\n|-damage|p2a: Gliscor|0 fnt\n|-damage|p2b: Hydreigon|0 fnt\n|faint|p2a: Gliscor\n|faint|p2b: Hydreigon\n|\n|win|RLisanidiot\n|raw|RLisanidiot's rating: 1230 &rarr; <strong>1256<\/strong><br \/>(+26 for winning)\n|raw|Adri97's rating: 1248 &rarr; <strong>1222<\/strong><br \/>(-26 for losing)\n|l|\u2606Adri97\n","uploadtime":1699186778,"views":12,"p1id":"rlisanidiot","p2id":"adri97","formatid":"gen9doublesou","rating":1222,"private":0,"password":""}