{"id":"gen9doublesou-1992705152","p1":"AshKetchupForever","p2":"Frazzle99","format":"[Gen 9] Doubles OU","log":"|j|\u2606AshKetchupForever\n|j|\u2606Frazzle99\n|t:|1700227322\n|gametype|doubles\n|player|p1|AshKetchupForever|101|1000\n|player|p2|Frazzle99|ghetsis|1044\n|teamsize|p1|6\n|teamsize|p2|6\n|gen|9\n|tier|[Gen 9] Doubles OU\n|rated|\n|rule|Species Clause: Limit one of each Pok\u00e9mon\n|rule|OHKO Clause: OHKO moves are banned\n|rule|Evasion Moves Clause: Evasion moves are banned\n|rule|Gravity Sleep Clause: The combination of sleep-inducing moves with imperfect accuracy and Gravity or Gigantamax Orbeetle are banned\n|rule|Endless Battle Clause: Forcing endless battles is banned\n|rule|HP Percentage Mod: HP is shown in percentages\n|clearpoke\n|poke|p1|Grimmsnarl, M|\n|poke|p1|Grafaiai, M|\n|poke|p1|Chi-Yu|\n|poke|p1|Chien-Pao|\n|poke|p1|Golem, F|\n|poke|p1|Espathra, F|\n|poke|p2|Iron Hands|\n|poke|p2|Farigiraf, M|\n|poke|p2|Enamorus-Therian, F|\n|poke|p2|Amoonguss, F|\n|poke|p2|Torkoal, F|\n|poke|p2|Diancie|\n|teampreview\n|inactive|Battle timer is ON: inactive players will automatically lose when time's up. (requested by AshKetchupForever)\n|\n|t:|1700227340\n|start\n|switch|p1a: Golem|Golem, F|100\/100\n|switch|p1b: Espathra|Espathra, F|100\/100\n|switch|p2a: Farigiraf|Farigiraf, M|100\/100\n|switch|p2b: Amoonguss|Amoonguss, F|100\/100\n|turn|1\n|\n|t:|1700227353\n|move|p1b: Espathra|Substitute|p1b: Espathra\n|-start|p1b: Espathra|Substitute\n|-damage|p1b: Espathra|75\/100\n|move|p1a: Golem|Stealth Rock|p2a: Farigiraf\n|-sidestart|p2: Frazzle99|move: Stealth Rock\n|move|p2b: Amoonguss|Spore||[still]\n|-fail|p2b: Amoonguss\n|move|p2a: Farigiraf|Trick Room|p2a: Farigiraf\n|-fieldstart|move: Trick Room|[of] p2a: Farigiraf\n|\n|-ability|p1b: Espathra|Speed Boost|boost\n|-boost|p1b: Espathra|spe|1\n|upkeep\n|turn|2\n|\n|t:|1700227373\n|switch|p2b: Enamorus|Enamorus-Therian, F|100\/100\n|-damage|p2b: Enamorus|75\/100|[from] Stealth Rock\n|move|p2a: Farigiraf|Protect|p2a: Farigiraf\n|-singleturn|p2a: Farigiraf|Protect\n|move|p1b: Espathra|Protect|p1b: Espathra\n|-singleturn|p1b: Espathra|Protect\n|move|p1a: Golem|Explosion|p2a: Farigiraf|[spread] p2b\n|-activate|p1b: Espathra|move: Protect\n|-activate|p2a: Farigiraf|move: Protect\n|-damage|p2b: Enamorus|11\/100\n|faint|p1a: Golem\n|\n|-ability|p1b: Espathra|Speed Boost|boost\n|-boost|p1b: Espathra|spe|1\n|upkeep\n|inactive|AshKetchupForever has 120 seconds left.\n|\n|t:|1700227396\n|switch|p1a: Grafaiai|Grafaiai, M|100\/100\n|turn|3\n|\n|t:|1700227411\n|move|p2a: Farigiraf|Helping Hand|p2b: Enamorus\n|-singleturn|p2b: Enamorus|Helping Hand|[of] p2a: Farigiraf\n|move|p1a: Grafaiai|Encore||[still]\n|cant|p2a: Farigiraf|ability: Armor Tail|Encore|[of] p1a: Grafaiai\n|move|p2b: Enamorus|Dazzling Gleam|p1b: Espathra|[spread] p1a,p1b\n|-end|p1b: Espathra|Substitute\n|-resisted|p1a: Grafaiai\n|-damage|p1a: Grafaiai|80\/100\n|move|p1b: Espathra|Calm Mind|p1b: Espathra\n|-boost|p1b: Espathra|spa|1\n|-boost|p1b: Espathra|spd|1\n|\n|-ability|p1b: Espathra|Speed Boost|boost\n|-boost|p1b: Espathra|spe|1\n|upkeep\n|turn|4\n|inactive|Frazzle99 has 120 seconds left.\n|\n|t:|1700227451\n|move|p2a: Farigiraf|Helping Hand|p2b: Enamorus\n|-singleturn|p2b: Enamorus|Helping Hand|[of] p2a: Farigiraf\n|move|p1b: Espathra|Protect|p1b: Espathra\n|-singleturn|p1b: Espathra|Protect\n|move|p1a: Grafaiai|Taunt||[still]\n|cant|p2a: Farigiraf|ability: Armor Tail|Taunt|[of] p1a: Grafaiai\n|move|p2b: Enamorus|Dazzling Gleam|p1a: Grafaiai|[spread] p1a\n|-activate|p1b: Espathra|move: Protect\n|-resisted|p1a: Grafaiai\n|-damage|p1a: Grafaiai|61\/100\n|\n|-ability|p1b: Espathra|Speed Boost|boost\n|-boost|p1b: Espathra|spe|1\n|upkeep\n|turn|5\n|inactive|Frazzle99 has 120 seconds left.\n|\n|t:|1700227471\n|move|p2a: Farigiraf|Helping Hand|p2b: Enamorus\n|-singleturn|p2b: Enamorus|Helping Hand|[of] p2a: Farigiraf\n|move|p1a: Grafaiai|Toxic||[still]\n|cant|p2a: Farigiraf|ability: Armor Tail|Toxic|[of] p1a: Grafaiai\n|move|p2b: Enamorus|Dazzling Gleam|p1b: Espathra|[spread] p1a,p1b\n|-resisted|p1a: Grafaiai\n|-damage|p1a: Grafaiai|42\/100\n|-damage|p1b: Espathra|33\/100\n|move|p1b: Espathra|Substitute|p1b: Espathra\n|-start|p1b: Espathra|Substitute\n|-damage|p1b: Espathra|8\/100\n|-enditem|p1b: Espathra|Starf Berry|[eat]\n|-boost|p1b: Espathra|spd|2|[from] item: Starf Berry\n|\n|-fieldend|move: Trick Room\n|-ability|p1b: Espathra|Speed Boost|boost\n|-boost|p1b: Espathra|spe|1\n|upkeep\n|turn|6\n|\n|t:|1700227497\n|switch|p1a: Grimmsnarl|Grimmsnarl, M|100\/100\n|switch|p2b: Amoonguss|Amoonguss, F|100\/100\n|-damage|p2b: Amoonguss|88\/100|[from] Stealth Rock\n|move|p1b: Espathra|Dazzling Gleam|p2a: Farigiraf|[spread] p2a,p2b\n|-resisted|p2b: Amoonguss\n|-damage|p2a: Farigiraf|76\/100\n|-damage|p2b: Amoonguss|76\/100\n|move|p2a: Farigiraf|Trick Room|p2a: Farigiraf\n|-fieldstart|move: Trick Room|[of] p2a: Farigiraf\n|\n|-ability|p1b: Espathra|Speed Boost|boost\n|-boost|p1b: Espathra|spe|1\n|upkeep\n|turn|7\n|\n|t:|1700227520\n|move|p2a: Farigiraf|Protect|p2a: Farigiraf\n|-singleturn|p2a: Farigiraf|Protect\n|move|p1a: Grimmsnarl|Light Screen|p1a: Grimmsnarl\n|-sidestart|p1: AshKetchupForever|move: Light Screen\n|move|p2b: Amoonguss|Spore|p1a: Grimmsnarl\n|-status|p1a: Grimmsnarl|slp|[from] move: Spore\n|move|p1b: Espathra|Calm Mind|p1b: Espathra\n|-boost|p1b: Espathra|spa|1\n|-boost|p1b: Espathra|spd|1\n|\n|upkeep\n|turn|8\n|\n|t:|1700227544\n|switch|p2a: Enamorus|Enamorus-Therian, F|11\/100\n|-damage|p2a: Enamorus|0 fnt|[from] Stealth Rock\n|faint|p2a: Enamorus\n|move|p1b: Espathra|Protect|p1b: Espathra\n|-singleturn|p1b: Espathra|Protect\n|cant|p1a: Grimmsnarl|slp\n|move|p2b: Amoonguss|Pollen Puff|p2: Enamorus|[notarget]\n|-fail|p2b: Amoonguss\n|\n|upkeep\n|\n|t:|1700227555\n|switch|p2a: Torkoal|Torkoal, F|100\/100\n|-damage|p2a: Torkoal|76\/100|[from] Stealth Rock\n|turn|9\n|\n|t:|1700227583\n|cant|p1a: Grimmsnarl|slp\n|move|p2a: Torkoal|Eruption|p1b: Espathra|[spread] p1a,p1b\n|-activate|p1b: Espathra|move: Substitute|[damage]\n|-crit|p1a: Grimmsnarl\n|-damage|p1a: Grimmsnarl|61\/100 slp\n|move|p2b: Amoonguss|Clear Smog|p1b: Espathra\n|-activate|p1b: Espathra|move: Substitute|[damage]\n|move|p1b: Espathra|Dazzling Gleam|p2b: Amoonguss|[spread] p2a,p2b\n|-resisted|p2a: Torkoal\n|-resisted|p2b: Amoonguss\n|-damage|p2a: Torkoal|52\/100\n|-damage|p2b: Amoonguss|61\/100\n|\n|-heal|p2a: Torkoal|58\/100|[from] item: Leftovers\n|upkeep\n|turn|10\n|\n|t:|1700227610\n|move|p1b: Espathra|Protect|p1b: Espathra\n|-singleturn|p1b: Espathra|Protect\n|-curestatus|p1a: Grimmsnarl|slp|[msg]\n|move|p1a: Grimmsnarl|Parting Shot|p2a: Torkoal\n|-fail|p2a: Torkoal|unboost|[from] ability: White Smoke|[of] p2a: Torkoal\n|move|p2a: Torkoal|Eruption|p1a: Grimmsnarl|[spread] p1a\n|-activate|p1b: Espathra|move: Protect\n|-damage|p1a: Grimmsnarl|50\/100\n|move|p2b: Amoonguss|Clear Smog|p1b: Espathra\n|-activate|p1b: Espathra|move: Protect\n|\n|-heal|p2a: Torkoal|64\/100|[from] item: Leftovers\n|-fieldend|move: Trick Room\n|upkeep\n|turn|11\n|inactive|Frazzle99 has 120 seconds left.\n|\n|t:|1700227644\n|switch|p2a: Diancie|Diancie|100\/100\n|-damage|p2a: Diancie|88\/100|[from] Stealth Rock\n|move|p1a: Grimmsnarl|Reflect|p1a: Grimmsnarl\n|-sidestart|p1: AshKetchupForever|Reflect\n|move|p1b: Espathra|Dazzling Gleam|p2a: Diancie|[spread] p2a,p2b\n|-resisted|p2b: Amoonguss\n|-damage|p2a: Diancie|61\/100\n|-damage|p2b: Amoonguss|47\/100\n|move|p2b: Amoonguss|Pollen Puff|p2a: Diancie\n|-heal|p2a: Diancie|100\/100\n|\n|upkeep\n|turn|12\n|\n|t:|1700227667\n|move|p1b: Espathra|Protect|p1b: Espathra\n|-singleturn|p1b: Espathra|Protect\n|move|p1a: Grimmsnarl|Parting Shot|p2a: Diancie\n|-fail|p2a: Diancie|unboost|[from] ability: Clear Body|[of] p2a: Diancie\n|move|p2b: Amoonguss|Toxic|p1a: Grimmsnarl\n|-status|p1a: Grimmsnarl|tox\n|move|p2a: Diancie|Trick Room|p2a: Diancie\n|-fieldstart|move: Trick Room|[of] p2a: Diancie\n|\n|-damage|p1a: Grimmsnarl|44\/100 tox|[from] psn\n|upkeep\n|turn|13\n|inactive|AshKetchupForever has 120 seconds left.\n|c|\u2606AshKetchupForever|DUDE SHOW SOME DIGNITY\n|inactive|AshKetchupForever has 90 seconds left.\n|c|\u2606AshKetchupForever|and STOP SPAMMING TRICK RoOM\n|c|\u2606Frazzle99|I am\n|\n|t:|1700227754\n|switch|p2b: Iron Hands|Iron Hands|100\/100\n|-damage|p2b: Iron Hands|94\/100|[from] Stealth Rock\n|-enditem|p2b: Iron Hands|Booster Energy\n|-activate|p2b: Iron Hands|ability: Quark Drive|[fromitem]\n|-start|p2b: Iron Hands|quarkdriveatk\n|move|p1a: Grimmsnarl|Parting Shot|p2b: Iron Hands\n|-unboost|p2b: Iron Hands|atk|1\n|-unboost|p2b: Iron Hands|spa|1\n|c|\u2606Frazzle99|No\n|inactive|AshKetchupForever has 60 seconds left.\n|\n|t:|1700227766\n|switch|p1a: Grafaiai|Grafaiai, M|42\/100|[from] Parting Shot\n|move|p2a: Diancie|Diamond Storm|p1a: Grafaiai|[spread] p1b\n|-miss|p2a: Diancie|p1a: Grafaiai\n|-crit|p1b: Espathra\n|-end|p1b: Espathra|Substitute\n|move|p1b: Espathra|Dazzling Gleam|p2a: Diancie|[spread] p2a,p2b\n|-supereffective|p2b: Iron Hands\n|-damage|p2a: Diancie|71\/100\n|-damage|p2b: Iron Hands|28\/100\n|\n|upkeep\n|turn|14\n|\n|t:|1700227793\n|move|p1b: Espathra|Protect|p1b: Espathra\n|-singleturn|p1b: Espathra|Protect\n|move|p2b: Iron Hands|Fake Out|p1a: Grafaiai\n|-damage|p1a: Grafaiai|31\/100\n|cant|p1a: Grafaiai|flinch\n|move|p2a: Diancie|Diamond Storm|p1a: Grafaiai|[spread] p1a\n|-activate|p1b: Espathra|move: Protect\n|-crit|p1a: Grafaiai\n|-damage|p1a: Grafaiai|0 fnt\n|-boost|p2a: Diancie|def|2\n|faint|p1a: Grafaiai\n|\n|-sideend|p1: AshKetchupForever|move: Light Screen\n|upkeep\n|\n|t:|1700227810\n|switch|p1a: Grimmsnarl|Grimmsnarl, M|44\/100 tox\n|turn|15\n|\n|t:|1700227827\n|move|p1a: Grimmsnarl|Light Screen|p1a: Grimmsnarl\n|-sidestart|p1: AshKetchupForever|move: Light Screen\n|move|p2a: Diancie|Diamond Storm|p1a: Grimmsnarl|[spread] p1a,p1b\n|-damage|p1a: Grimmsnarl|19\/100 tox\n|-damage|p1b: Espathra|0 fnt\n|faint|p1b: Espathra\n|move|p2b: Iron Hands|Body Press|p1a: Grimmsnarl\n|-damage|p1a: Grimmsnarl|0 fnt\n|faint|p1a: Grimmsnarl\n|\n|upkeep\n|\n|t:|1700227839\n|switch|p1a: Chi-Yu|Chi-Yu|100\/100\n|switch|p1b: Chien-Pao|Chien-Pao|100\/100\n|-ability|p1b: Chien-Pao|Sword of Ruin\n|-ability|p1a: Chi-Yu|Beads of Ruin\n|turn|16\n|inactive|AshKetchupForever has 90 seconds left.\n|\n|t:|1700227861\n|move|p2a: Diancie|Diamond Storm|p1b: Chien-Pao|[spread] p1a,p1b\n|-supereffective|p1a: Chi-Yu\n|-supereffective|p1b: Chien-Pao\n|-damage|p1a: Chi-Yu|16\/100\n|-damage|p1b: Chien-Pao|52\/100\n|-boost|p2a: Diancie|def|2\n|move|p2b: Iron Hands|Drain Punch|p1a: Chi-Yu\n|-supereffective|p1a: Chi-Yu\n|-damage|p1a: Chi-Yu|0 fnt\n|-heal|p2b: Iron Hands|32\/100|[from] drain|[of] p1a: Chi-Yu\n|faint|p1a: Chi-Yu\n|move|p1b: Chien-Pao|Sacred Sword|p2b: Iron Hands\n|-damage|p2b: Iron Hands|0 fnt\n|faint|p2b: Iron Hands\n|-end|p2b: Iron Hands|Quark Drive|[silent]\n|\n|-fieldend|move: Trick Room\n|upkeep\n|\n|t:|1700227881\n|switch|p2b: Farigiraf|Farigiraf, M|76\/100\n|-damage|p2b: Farigiraf|64\/100|[from] Stealth Rock\n|turn|17\n|\n|t:|1700227892\n|-terastallize|p1b: Chien-Pao|Dark\n|move|p1b: Chien-Pao|Sacred Sword|p2b: Farigiraf\n|-damage|p2b: Farigiraf|16\/100\n|move|p2a: Diancie|Diamond Storm|p1b: Chien-Pao\n|-damage|p1b: Chien-Pao|18\/100\n|move|p2b: Farigiraf|Trick Room|p2b: Farigiraf\n|-fieldstart|move: Trick Room|[of] p2b: Farigiraf\n|\n|upkeep\n|turn|18\n|inactive|Frazzle99 has 120 seconds left.\n|c|\u2606AshKetchupForever|trick room your ass\n|c|\u2606AshKetchupForever|NOOB\n|\n|t:|1700227934\n|move|p2a: Diancie|Helping Hand|p2b: Farigiraf\n|-singleturn|p2b: Farigiraf|Helping Hand|[of] p2a: Diancie\n|move|p2b: Farigiraf|Bulldoze|p1b: Chien-Pao|[spread] p2a,p1b\n|-supereffective|p2a: Diancie\n|-damage|p2a: Diancie|59\/100\n|-damage|p1b: Chien-Pao|4\/100\n|-unboost|p1b: Chien-Pao|spe|1\n|move|p1b: Chien-Pao|Sacred Sword|p2b: Farigiraf\n|-damage|p2b: Farigiraf|0 fnt\n|faint|p2b: Farigiraf\n|\n|-sideend|p1: AshKetchupForever|Reflect\n|upkeep\n|\n|t:|1700227952\n|switch|p2b: Torkoal|Torkoal, F|64\/100\n|-damage|p2b: Torkoal|39\/100|[from] Stealth Rock\n|turn|19\n|inactive|Frazzle99 has 120 seconds left.\n|\n|t:|1700227968\n|move|p2b: Torkoal|Eruption|p1b: Chien-Pao\n|-damage|p1b: Chien-Pao|0 fnt\n|faint|p1b: Chien-Pao\n|\n|win|Frazzle99\n|raw|AshKetchupForever's rating: 1000 &rarr; <strong>1000<\/strong><br \/>(+0 for losing)\n|raw|Frazzle99's rating: 1044 &rarr; <strong>1073<\/strong><br \/>(+29 for winning)\n|l|\u2606AshKetchupForever\n","uploadtime":1700227982,"views":6,"p1id":"ashketchupforever","p2id":"frazzle99","formatid":"gen9doublesou","rating":1000,"private":0,"password":""}