{"id":"gen9doublesou-1971995947","p1":"SpiderOmar","p2":"serfer123451","format":"[Gen 9] Doubles OU","log":"|j|\u2606SpiderOmar\n|j|\u2606serfer123451\n|t:|1697802791\n|gametype|doubles\n|player|p1|SpiderOmar|riley|\n|player|p2|serfer123451|101|\n|teamsize|p1|6\n|teamsize|p2|6\n|gen|9\n|tier|[Gen 9] Doubles OU\n|rule|Species Clause: Limit one of each Pok\u00e9mon\n|rule|OHKO Clause: OHKO moves are banned\n|rule|Evasion Moves Clause: Evasion moves are banned\n|rule|Gravity Sleep Clause: The combination of sleep-inducing moves with imperfect accuracy and Gravity or Gigantamax Orbeetle are banned\n|rule|Endless Battle Clause: Forcing endless battles is banned\n|rule|HP Percentage Mod: HP is shown in percentages\n|clearpoke\n|poke|p1|Okidogi, M|\n|poke|p1|Flutter Mane|\n|poke|p1|Ogerpon-Hearthflame, F|\n|poke|p1|Ursaluna-Bloodmoon, M|\n|poke|p1|Amoonguss, F|\n|poke|p1|Torkoal, M|\n|poke|p2|Rillaboom, F|\n|poke|p2|Ogerpon-Hearthflame, F|\n|poke|p2|Chien-Pao|\n|poke|p2|Dragonite, F|\n|poke|p2|Flutter Mane|\n|poke|p2|Kleavor, F|\n|teampreview\n|\n|t:|1697802805\n|start\n|switch|p1a: Flutter Mane|Flutter Mane|100\/100\n|switch|p1b: Torkoal|Torkoal, M|100\/100\n|switch|p2a: Rillaboom|Rillaboom, F|100\/100\n|switch|p2b: Kleavor|Kleavor, F|100\/100\n|-fieldstart|move: Grassy Terrain|[from] ability: Grassy Surge|[of] p2a: Rillaboom\n|-weather|SunnyDay|[from] ability: Drought|[of] p1b: Torkoal\n|-activate|p1a: Flutter Mane|ability: Protosynthesis\n|-start|p1a: Flutter Mane|protosynthesisspe\n|turn|1\n|\n|t:|1697802837\n|switch|p1b: Okidogi|Okidogi, M|100\/100\n|move|p2a: Rillaboom|Fake Out|p1b: Okidogi\n|-damage|p1b: Okidogi|88\/100\n|move|p2b: Kleavor|Stone Axe|p1b: Okidogi\n|-resisted|p1b: Okidogi\n|-damage|p1b: Okidogi|66\/100\n|-sidestart|p1: SpiderOmar|move: Stealth Rock\n|move|p1a: Flutter Mane|Trick Room|p1a: Flutter Mane\n|-fieldstart|move: Trick Room|[of] p1a: Flutter Mane\n|\n|-weather|SunnyDay|[upkeep]\n|-heal|p1b: Okidogi|72\/100|[from] Grassy Terrain\n|upkeep\n|turn|2\n|\n|t:|1697802861\n|switch|p2a: Dragonite|Dragonite, F|100\/100\n|-end|p1a: Flutter Mane|Protosynthesis|[silent]\n|switch|p1a: Amoonguss|Amoonguss, F|100\/100\n|-damage|p1a: Amoonguss|88\/100|[from] Stealth Rock\n|move|p1b: Okidogi|Gunk Shot|p2a: Dragonite\n|-damage|p2a: Dragonite|34\/100\n|move|p2b: Kleavor|Stone Axe|p1a: Amoonguss|[miss]\n|-miss|p2b: Kleavor|p1a: Amoonguss\n|\n|-weather|SunnyDay|[upkeep]\n|-heal|p1a: Amoonguss|94\/100|[from] Grassy Terrain\n|-heal|p1b: Okidogi|78\/100|[from] Grassy Terrain\n|upkeep\n|turn|3\n|\n|t:|1697802904\n|switch|p2a: Ogerpon|Ogerpon-Hearthflame, F|100\/100\n|-ability|p2a: Ogerpon|Mold Breaker\n|switch|p2b: Flutter Mane|Flutter Mane|100\/100\n|-activate|p2b: Flutter Mane|ability: Protosynthesis\n|-start|p2b: Flutter Mane|protosynthesisspe\n|move|p1a: Amoonguss|Spore|p2b: Flutter Mane\n|-status|p2b: Flutter Mane|slp|[from] move: Spore\n|move|p1b: Okidogi|Knock Off|p2a: Ogerpon\n|-damage|p2a: Ogerpon|73\/100\n|\n|-weather|SunnyDay|[upkeep]\n|-heal|p1a: Amoonguss|99\/100|[from] Grassy Terrain\n|-heal|p1b: Okidogi|84\/100|[from] Grassy Terrain\n|-heal|p2a: Ogerpon|79\/100|[from] Grassy Terrain\n|upkeep\n|turn|4\n|c|\u2606serfer123451|1st turn wake up\n|c|\u2606SpiderOmar|0 turns moment\n|\n|t:|1697802988\n|move|p1a: Amoonguss|Pollen Puff|p1b: Okidogi\n|-heal|p1b: Okidogi|100\/100\n|move|p1b: Okidogi|Gunk Shot|p2a: Ogerpon\n|-supereffective|p2a: Ogerpon\n|-damage|p2a: Ogerpon|0 fnt\n|faint|p2a: Ogerpon\n|cant|p2b: Flutter Mane|slp\n|\n|-weather|SunnyDay|[upkeep]\n|-heal|p1a: Amoonguss|100\/100|[from] Grassy Terrain\n|upkeep\n|\n|t:|1697803009\n|switch|p2a: Rillaboom|Rillaboom, F|100\/100\n|turn|5\n|\n|t:|1697803034\n|move|p2a: Rillaboom|Fake Out|p1b: Okidogi\n|-damage|p1b: Okidogi|88\/100\n|move|p1a: Amoonguss|Pollen Puff|p2a: Rillaboom\n|-supereffective|p2a: Rillaboom\n|-damage|p2a: Rillaboom|77\/100\n|cant|p1b: Okidogi|flinch\n|cant|p2b: Flutter Mane|slp\n|\n|-weather|none\n|-end|p2b: Flutter Mane|Protosynthesis\n|-heal|p1b: Okidogi|94\/100|[from] Grassy Terrain\n|-heal|p2a: Rillaboom|83\/100|[from] Grassy Terrain\n|-fieldend|move: Trick Room\n|-fieldend|move: Grassy Terrain\n|upkeep\n|turn|6\n|\n|t:|1697803055\n|switch|p2a: Kleavor|Kleavor, F|100\/100\n|switch|p1a: Flutter Mane|Flutter Mane|100\/100\n|-damage|p1a: Flutter Mane|88\/100|[from] Stealth Rock\n|cant|p2b: Flutter Mane|slp\n|move|p1b: Okidogi|Gunk Shot|p2b: Flutter Mane\n|-damage|p2b: Flutter Mane|0 fnt\n|faint|p2b: Flutter Mane\n|-end|p2b: Flutter Mane|Protosynthesis|[silent]\n|\n|upkeep\n|c|\u2606SpiderOmar|3 turn sleep is very sad\n|\n|t:|1697803080\n|switch|p2b: Chien-Pao|Chien-Pao|100\/100\n|-ability|p2b: Chien-Pao|Sword of Ruin\n|turn|7\n|\n|t:|1697803090\n|move|p2b: Chien-Pao|Protect|p2b: Chien-Pao\n|-singleturn|p2b: Chien-Pao|Protect\n|move|p2a: Kleavor|X-Scissor|p1a: Flutter Mane\n|-resisted|p1a: Flutter Mane\n|-damage|p1a: Flutter Mane|56\/100\n|move|p1b: Okidogi|Drain Punch|p2b: Chien-Pao\n|-activate|p2b: Chien-Pao|move: Protect\n|move|p1a: Flutter Mane|Trick Room|p1a: Flutter Mane\n|-fieldstart|move: Trick Room|[of] p1a: Flutter Mane\n|\n|upkeep\n|turn|8\n|\n|t:|1697803149\n|-end|p1a: Flutter Mane|Protosynthesis|[silent]\n|switch|p1a: Ursaluna|Ursaluna-Bloodmoon, M|100\/100\n|-damage|p1a: Ursaluna|94\/100|[from] Stealth Rock\n|switch|p2b: Dragonite|Dragonite, F|34\/100\n|move|p1b: Okidogi|Drain Punch|p2b: Dragonite\n|-resisted|p2b: Dragonite\n|-damage|p2b: Dragonite|14\/100\n|-heal|p1b: Okidogi|100\/100|[from] drain|[of] p2b: Dragonite\n|move|p2a: Kleavor|X-Scissor|p1b: Okidogi\n|-resisted|p1b: Okidogi\n|-damage|p1b: Okidogi|89\/100\n|\n|upkeep\n|turn|9\n|c|\u2606serfer123451|Very very* sad;-;\n|\n|t:|1697803182\n|switch|p2a: Rillaboom|Rillaboom, F|83\/100\n|-fieldstart|move: Grassy Terrain|[from] ability: Grassy Surge|[of] p2a: Rillaboom\n|move|p1a: Ursaluna|Tera Blast|p2b: Dragonite\n|-damage|p2b: Dragonite|0 fnt\n|faint|p2b: Dragonite\n|move|p1b: Okidogi|Drain Punch|p2a: Rillaboom\n|-damage|p2a: Rillaboom|44\/100\n|-heal|p1b: Okidogi|100\/100|[from] drain|[of] p2a: Rillaboom\n|\n|-heal|p1a: Ursaluna|100\/100|[from] Grassy Terrain\n|-heal|p2a: Rillaboom|50\/100|[from] Grassy Terrain\n|upkeep\n|\n|t:|1697803194\n|switch|p2b: Chien-Pao|Chien-Pao|100\/100\n|-ability|p2b: Chien-Pao|Sword of Ruin\n|turn|10\n|\n|t:|1697803241\n|move|p2a: Rillaboom|Fake Out|p1b: Okidogi\n|-damage|p1b: Okidogi|84\/100\n|move|p1a: Ursaluna|Blood Moon|p2b: Chien-Pao\n|-enditem|p2b: Chien-Pao|Focus Sash\n|-damage|p2b: Chien-Pao|1\/100\n|cant|p1b: Okidogi|flinch\n|move|p2b: Chien-Pao|Icicle Crash|p1a: Ursaluna\n|-supereffective|p1a: Ursaluna\n|-damage|p1a: Ursaluna|27\/100\n|-enditem|p1a: Ursaluna|Sitrus Berry|[eat]\n|-heal|p1a: Ursaluna|52\/100|[from] item: Sitrus Berry\n|\n|-heal|p1a: Ursaluna|58\/100|[from] Grassy Terrain\n|-heal|p1b: Okidogi|90\/100|[from] Grassy Terrain\n|-heal|p2a: Rillaboom|56\/100|[from] Grassy Terrain\n|-heal|p2b: Chien-Pao|7\/100|[from] Grassy Terrain\n|upkeep\n|turn|11\n|\n|t:|1697803264\n|move|p2b: Chien-Pao|Protect|p2b: Chien-Pao\n|-singleturn|p2b: Chien-Pao|Protect\n|move|p2a: Rillaboom|Grassy Glide|p1a: Ursaluna\n|-supereffective|p1a: Ursaluna\n|-damage|p1a: Ursaluna|0 fnt\n|faint|p1a: Ursaluna\n|move|p1b: Okidogi|Gunk Shot|p2a: Rillaboom\n|-supereffective|p2a: Rillaboom\n|-damage|p2a: Rillaboom|0 fnt\n|faint|p2a: Rillaboom\n|\n|-heal|p1b: Okidogi|96\/100|[from] Grassy Terrain\n|-heal|p2b: Chien-Pao|13\/100|[from] Grassy Terrain\n|-fieldend|move: Trick Room\n|upkeep\n|\n|t:|1697803300\n|switch|p2a: Kleavor|Kleavor, F|100\/100\n|switch|p1a: Flutter Mane|Flutter Mane|56\/100\n|-damage|p1a: Flutter Mane|44\/100|[from] Stealth Rock\n|-enditem|p1a: Flutter Mane|Sitrus Berry|[eat]\n|-heal|p1a: Flutter Mane|69\/100|[from] item: Sitrus Berry\n|turn|12\n|\n|t:|1697803323\n|move|p2a: Kleavor|Stone Axe|p1a: Flutter Mane\n|-damage|p1a: Flutter Mane|0 fnt\n|faint|p1a: Flutter Mane\n|-end|p1a: Flutter Mane|Protosynthesis|[silent]\n|move|p2b: Chien-Pao|Sacred Sword|p1b: Okidogi\n|-resisted|p1b: Okidogi\n|-damage|p1b: Okidogi|79\/100\n|move|p1b: Okidogi|Drain Punch|p2b: Chien-Pao\n|-supereffective|p2b: Chien-Pao\n|-damage|p2b: Chien-Pao|0 fnt\n|-heal|p1b: Okidogi|84\/100|[from] drain|[of] p2b: Chien-Pao\n|faint|p2b: Chien-Pao\n|\n|-heal|p1b: Okidogi|90\/100|[from] Grassy Terrain\n|upkeep\n|c|\u2606serfer123451|Ggs wp\n|\n|t:|1697803337\n|switch|p1a: Ogerpon|Ogerpon-Hearthflame, F|100\/100\n|-damage|p1a: Ogerpon|76\/100|[from] Stealth Rock\n|-ability|p1a: Ogerpon|Mold Breaker\n|turn|13\n|c|\u2606SpiderOmar|ggs\n|\n|t:|1697803347\n|move|p2a: Kleavor|Stone Axe|p1a: Ogerpon|[miss]\n|-miss|p2a: Kleavor|p1a: Ogerpon\n|move|p1a: Ogerpon|Ivy Cudgel|p2a: Kleavor\n|-damage|p2a: Kleavor|34\/100\n|move|p1b: Okidogi|Drain Punch|p2a: Kleavor\n|-damage|p2a: Kleavor|0 fnt\n|-heal|p1b: Okidogi|100\/100|[from] drain|[of] p2a: Kleavor\n|faint|p2a: Kleavor\n|\n|win|SpiderOmar\n","uploadtime":1697803357,"views":16,"p1id":"spideromar","p2id":"serfer123451","formatid":"gen9doublesou","rating":0,"private":0,"password":""}