{"id":"gen9doublesou-1991785908","p1":"ShibaTrouble","p2":"comden","format":"[Gen 9] Doubles OU","log":"|j|\u2606ShibaTrouble\n|j|\u2606comden\n|t:|1700117002\n|gametype|doubles\n|player|p1|ShibaTrouble|crasherwake|1000\n|player|p2|comden|265|1055\n|teamsize|p1|6\n|teamsize|p2|6\n|gen|9\n|tier|[Gen 9] Doubles OU\n|rated|\n|rule|Species Clause: Limit one of each Pok\u00e9mon\n|rule|OHKO Clause: OHKO moves are banned\n|rule|Evasion Moves Clause: Evasion moves are banned\n|rule|Gravity Sleep Clause: The combination of sleep-inducing moves with imperfect accuracy and Gravity or Gigantamax Orbeetle are banned\n|rule|Endless Battle Clause: Forcing endless battles is banned\n|rule|HP Percentage Mod: HP is shown in percentages\n|clearpoke\n|poke|p1|Hatterene, F|\n|poke|p1|Indeedee-F, F|\n|poke|p1|Sableye, F|\n|poke|p1|Krookodile, F|\n|poke|p1|Flamigo, M|\n|poke|p1|Meowscarada, M|\n|poke|p2|Rotom-Wash|\n|poke|p2|Glimmora, M|\n|poke|p2|Kommo-o, M|\n|poke|p2|Dragapult, M|\n|poke|p2|Clefairy, M|\n|poke|p2|Flareon, F|\n|teampreview\n|inactive|Battle timer is ON: inactive players will automatically lose when time's up. (requested by comden)\n|\n|t:|1700117011\n|start\n|switch|p1a: Meowscarada|Meowscarada, M|100\/100\n|switch|p1b: Krookodile|Krookodile, F|100\/100\n|switch|p2a: Glimmora|Glimmora, M|100\/100\n|switch|p2b: Rotom|Rotom-Wash|100\/100\n|turn|1\n|inactive|comden has 120 seconds left.\n|\n|t:|1700117047\n|-terastallize|p1b: Krookodile|Rock\n|-terastallize|p2a: Glimmora|Flying\n|move|p1a: Meowscarada|Flower Trick|p1b: Krookodile\n|-supereffective|p1b: Krookodile\n|-crit|p1b: Krookodile\n|-damage|p1b: Krookodile|7\/100\n|-setboost|p1b: Krookodile|atk|6|[from] ability: Anger Point\n|-enditem|p1b: Krookodile|Salac Berry|[eat]\n|-boost|p1b: Krookodile|spe|1|[from] item: Salac Berry\n|move|p1b: Krookodile|Rock Slide|p2b: Rotom|[spread] p2a,p2b\n|-supereffective|p2a: Glimmora\n|-damage|p2a: Glimmora|0 fnt\n|-damage|p2b: Rotom|0 fnt\n|-activate|p2a: Glimmora|ability: Toxic Debris\n|-sidestart|p1: ShibaTrouble|move: Toxic Spikes\n|faint|p2a: Glimmora\n|faint|p2b: Rotom\n|\n|upkeep\n|\n|t:|1700117069\n|switch|p2b: Clefairy|Clefairy, M|100\/100\n|switch|p2a: Dragapult|Dragapult, M|100\/100\n|turn|2\n|inactive|comden has 120 seconds left.\n|\n|t:|1700117098\n|move|p2b: Clefairy|Protect|p2b: Clefairy\n|-singleturn|p2b: Clefairy|Protect\n|move|p1a: Meowscarada|Ally Switch|p1a: Meowscarada\n|swap|p1a: Meowscarada|1|[from] move: Ally Switch\n|move|p2a: Dragapult|Quick Attack|p1b: Meowscarada\n|-crit|p1b: Meowscarada\n|-damage|p1b: Meowscarada|72\/100\n|-enditem|p1b: Meowscarada|Eject Button\n|\n|t:|1700117106\n|switch|p1b: Flamigo|Flamigo, M|100\/100\n|-copyboost|p1b: Flamigo|p1a: Krookodile|[from] ability: Costar\n|move|p1a: Krookodile|Rock Slide|p2a: Dragapult|[spread] \n|-activate|p2b: Clefairy|move: Protect\n|-miss|p1a: Krookodile|p2a: Dragapult\n|\n|upkeep\n|turn|3\n|inactive|comden has 120 seconds left.\n|\n|t:|1700117143\n|move|p1b: Flamigo|Feint|p2b: Clefairy\n|-damage|p2b: Clefairy|67\/100\n|move|p2b: Clefairy|Follow Me|p2b: Clefairy\n|-singleturn|p2b: Clefairy|move: Follow Me\n|move|p2a: Dragapult|Quick Attack|p1a: Krookodile\n|-resisted|p1a: Krookodile\n|-damage|p1a: Krookodile|0 fnt\n|faint|p1a: Krookodile\n|\n|upkeep\n|\n|t:|1700117147\n|switch|p1a: Sableye|Sableye, F|100\/100\n|-status|p1a: Sableye|psn\n|turn|4\n|inactive|comden has 120 seconds left.\n|\n|t:|1700117165\n|switch|p2a: Flareon|Flareon, F|100\/100\n|move|p2b: Clefairy|Protect|p2b: Clefairy\n|-singleturn|p2b: Clefairy|Protect\n|move|p1a: Sableye|Skill Swap|p1b: Flamigo\n|-activate|p1a: Sableye|move: Skill Swap|||[of] p1b: Flamigo\n|-copyboost|p1a: Sableye|p1b: Flamigo|[from] ability: Costar\n|move|p1b: Flamigo|Close Combat|p2b: Clefairy\n|-activate|p2b: Clefairy|move: Protect\n|\n|-damage|p1a: Sableye|88\/100 psn|[from] psn\n|upkeep\n|turn|5\n|inactive|comden has 120 seconds left.\n|\n|t:|1700117194\n|move|p2b: Clefairy|Follow Me|p2b: Clefairy\n|-singleturn|p2b: Clefairy|move: Follow Me\n|move|p1a: Sableye|Sucker Punch||[still]\n|-fail|p1a: Sableye\n|move|p1b: Flamigo|Close Combat|p2b: Clefairy\n|-resisted|p2b: Clefairy\n|-damage|p2b: Clefairy|0 fnt\n|-unboost|p1b: Flamigo|def|1\n|-unboost|p1b: Flamigo|spd|1\n|faint|p2b: Clefairy\n|move|p2a: Flareon|Flare Blitz|p1b: Flamigo\n|-enditem|p1b: Flamigo|Focus Sash\n|-damage|p1b: Flamigo|1\/100\n|-damage|p2a: Flareon|64\/100|[from] Recoil\n|\n|-damage|p1a: Sableye|75\/100 psn|[from] psn\n|upkeep\n|\n|t:|1700117213\n|switch|p2b: Kommo-o|Kommo-o, M|100\/100\n|turn|6\n|inactive|comden has 120 seconds left.\n|\n|t:|1700117240\n|move|p2a: Flareon|Quick Attack|p1b: Flamigo\n|-damage|p1b: Flamigo|0 fnt\n|faint|p1b: Flamigo\n|move|p1a: Sableye|Sucker Punch||[still]\n|-fail|p1a: Sableye\n|move|p2b: Kommo-o|Outrage|p1a: Sableye\n|-damage|p1a: Sableye|0 fnt\n|faint|p1a: Sableye\n|\n|upkeep\n|\n|t:|1700117258\n|switch|p1b: Meowscarada|Meowscarada, M|72\/100\n|switch|p1a: Hatterene|Hatterene, F|100\/100\n|-status|p1b: Meowscarada|psn\n|-status|p1a: Hatterene|psn\n|turn|7\n|inactive|comden has 120 seconds left.\n|\n|t:|1700117278\n|move|p1b: Meowscarada|Protect|p1b: Meowscarada\n|-singleturn|p1b: Meowscarada|Protect\n|move|p2a: Flareon|Flare Blitz|p1b: Meowscarada\n|-activate|p1b: Meowscarada|move: Protect\n|move|p2b: Kommo-o|Outrage|p1a: Hatterene|[from]lockedmove\n|-immune|p1a: Hatterene\n|move|p1a: Hatterene|Dazzling Gleam|p2b: Kommo-o|[spread] p2a,p2b\n|-resisted|p2a: Flareon\n|-supereffective|p2b: Kommo-o\n|-crit|p2b: Kommo-o\n|-damage|p2a: Flareon|45\/100\n|-damage|p2b: Kommo-o|0 fnt\n|faint|p2b: Kommo-o\n|\n|-damage|p1b: Meowscarada|59\/100 psn|[from] psn\n|-damage|p1a: Hatterene|88\/100 psn|[from] psn\n|upkeep\n|\n|t:|1700117293\n|switch|p2b: Dragapult|Dragapult, M|100\/100\n|turn|8\n|inactive|comden has 120 seconds left.\n|\n|t:|1700117309\n|move|p1b: Meowscarada|Ally Switch|p1b: Meowscarada\n|swap|p1b: Meowscarada|0|[from] move: Ally Switch\n|move|p2b: Dragapult|Shadow Ball|p1a: Meowscarada\n|-resisted|p1a: Meowscarada\n|-damage|p1a: Meowscarada|43\/100 psn\n|move|p2a: Flareon|Flare Blitz|p1b: Hatterene\n|-damage|p1b: Hatterene|12\/100 psn\n|-damage|p2a: Flareon|15\/100|[from] Recoil\n|move|p1b: Hatterene|Dazzling Gleam|p2b: Dragapult|[spread] p2a,p2b\n|-resisted|p2a: Flareon\n|-supereffective|p2b: Dragapult\n|-damage|p2a: Flareon|0 fnt\n|-damage|p2b: Dragapult|11\/100\n|faint|p2a: Flareon\n|\n|-damage|p1a: Meowscarada|31\/100 psn|[from] psn\n|-damage|p1b: Hatterene|0 fnt|[from] psn\n|faint|p1b: Hatterene\n|upkeep\n|\n|t:|1700117311\n|switch|p1b: Indeedee|Indeedee-F, F|100\/100\n|-status|p1b: Indeedee|psn\n|-fieldstart|move: Psychic Terrain|[from] ability: Psychic Surge|[of] p1b: Indeedee\n|turn|9\n|\n|t:|1700117325\n|move|p2b: Dragapult|Shadow Ball|p1b: Indeedee\n|-immune|p1b: Indeedee\n|move|p1a: Meowscarada|Flower Trick|p2b: Dragapult\n|-resisted|p2b: Dragapult\n|-crit|p2b: Dragapult\n|-damage|p2b: Dragapult|0 fnt\n|faint|p2b: Dragapult\n|\n|win|ShibaTrouble\n|raw|ShibaTrouble's rating: 1000 &rarr; <strong>1046<\/strong><br \/>(+46 for winning)\n|raw|comden's rating: 1055 &rarr; <strong>1034<\/strong><br \/>(-21 for losing)\n","uploadtime":1700117332,"views":26,"p1id":"shibatrouble","p2id":"comden","formatid":"gen9doublesou","rating":1034,"private":0,"password":""}