{"id":"gen9doublesou-1972130312","p1":"DratiniKing10","p2":"herc20066","format":"[Gen 9] Doubles OU","log":"|j|\u2606DratiniKing10\n|j|\u2606herc20066\n|t:|1697815322\n|gametype|doubles\n|player|p1|DratiniKing10|lucas|1052\n|player|p2|herc20066|serena-masters3|1082\n|teamsize|p1|6\n|teamsize|p2|6\n|gen|9\n|tier|[Gen 9] Doubles OU\n|rated|\n|rule|Species Clause: Limit one of each Pok\u00e9mon\n|rule|OHKO Clause: OHKO moves are banned\n|rule|Evasion Moves Clause: Evasion moves are banned\n|rule|Gravity Sleep Clause: The combination of sleep-inducing moves with imperfect accuracy and Gravity or Gigantamax Orbeetle are banned\n|rule|Endless Battle Clause: Forcing endless battles is banned\n|rule|HP Percentage Mod: HP is shown in percentages\n|clearpoke\n|poke|p1|Ting-Lu|\n|poke|p1|Arcanine, M|\n|poke|p1|Kingambit, M|\n|poke|p1|Tornadus, M|\n|poke|p1|Sneasler, M|\n|poke|p1|Ogerpon-Wellspring, F|\n|poke|p2|Chesnaught, M|\n|poke|p2|Trevenant, M|\n|poke|p2|Ogerpon-Cornerstone, F|\n|poke|p2|Torkoal, M|\n|poke|p2|Rillaboom, M|\n|poke|p2|Okidogi, M|\n|teampreview\n|\n|t:|1697815337\n|start\n|switch|p1a: Miles|Tornadus, M|100\/100\n|switch|p1b: Tavi|Sneasler, M|100\/100\n|switch|p2a: Chesnaught|Chesnaught, M, shiny|100\/100\n|switch|p2b: Trevenant|Trevenant, M, shiny|100\/100\n|turn|1\n|\n|t:|1697815356\n|-terastallize|p2a: Chesnaught|Rock\n|move|p1a: Miles|Tailwind|p1a: Miles\n|-sidestart|p1: DratiniKing10|move: Tailwind\n|move|p1b: Tavi|Dire Claw|p2b: Trevenant\n|-damage|p2b: Trevenant|51\/100\n|-status|p2b: Trevenant|psn\n|move|p2a: Chesnaught|Belly Drum|p2a: Chesnaught\n|-damage|p2a: Chesnaught|50\/100\n|-setboost|p2a: Chesnaught|atk|6|[from] move: Belly Drum\n|move|p2b: Trevenant|Skill Swap|p2a: Chesnaught\n|-activate|p2b: Trevenant|move: Skill Swap|||[of] p2a: Chesnaught\n|\n|-damage|p2b: Trevenant|39\/100 psn|[from] psn\n|upkeep\n|turn|2\n|\n|t:|1697815378\n|move|p2a: Chesnaught|Endure|p2a: Chesnaught\n|-singleturn|p2a: Chesnaught|move: Endure\n|move|p1a: Miles|Rain Dance|p1a: Miles\n|-weather|RainDance\n|move|p1b: Tavi|Close Combat|p2a: Chesnaught\n|-supereffective|p2a: Chesnaught\n|-activate|p2a: Chesnaught|move: Endure\n|-damage|p2a: Chesnaught|1\/100\n|-unboost|p1b: Tavi|def|1\n|-unboost|p1b: Tavi|spd|1\n|move|p2b: Trevenant|Sunny Day|p2b: Trevenant\n|-weather|SunnyDay\n|\n|-weather|SunnyDay|[upkeep]\n|-damage|p2b: Trevenant|27\/100 psn|[from] psn\n|upkeep\n|turn|3\n|-enditem|p2a: Chesnaught|Custap Berry|[eat]\n|-activate|p2a: Chesnaught|item: Custap Berry|[consumed]\n|\n|t:|1697815397\n|move|p1a: Miles|Rain Dance|p1a: Miles\n|-weather|RainDance\n|move|p2a: Chesnaught|Rock Slide|p1a: Miles|[spread] p1a,p1b\n|-supereffective|p1a: Miles\n|-resisted|p1b: Tavi\n|-damage|p1a: Miles|0 fnt\n|-enditem|p1b: Tavi|Focus Sash\n|-damage|p1b: Tavi|1\/100\n|faint|p1a: Miles\n|cant|p1b: Tavi|flinch\n|move|p2b: Trevenant|Sunny Day|p2b: Trevenant\n|-weather|SunnyDay\n|\n|-weather|SunnyDay|[upkeep]\n|-damage|p2b: Trevenant|14\/100 psn|[from] psn\n|-item|p2a: Chesnaught|Custap Berry|[from] ability: Harvest\n|upkeep\n|\n|t:|1697815416\n|switch|p1a: &IHaveAnAxe|Kingambit, M, shiny|100\/100\n|turn|4\n|-enditem|p2a: Chesnaught|Custap Berry|[eat]\n|-activate|p2a: Chesnaught|item: Custap Berry|[consumed]\n|\n|t:|1697815447\n|move|p2b: Trevenant|Ally Switch|p2b: Trevenant\n|swap|p2b: Trevenant|0|[from] move: Ally Switch\n|move|p2b: Chesnaught|Reversal|p1a: &IHaveAnAxe\n|-supereffective|p1a: &IHaveAnAxe\n|-damage|p1a: &IHaveAnAxe|0 fnt\n|faint|p1a: &IHaveAnAxe\n|move|p1b: Tavi|Dire Claw|p2a: Trevenant\n|-damage|p2a: Trevenant|0 fnt\n|faint|p2a: Trevenant\n|\n|-weather|SunnyDay|[upkeep]\n|-sideend|p1: DratiniKing10|move: Tailwind\n|-item|p2b: Chesnaught|Custap Berry|[from] ability: Harvest\n|upkeep\n|\n|t:|1697815466\n|switch|p2a: Ogerpon|Ogerpon-Cornerstone, F|100\/100\n|switch|p1a: Julica|Ogerpon-Wellspring, F|100\/100\n|turn|5\n|-enditem|p2b: Chesnaught|Custap Berry|[eat]\n|-activate|p2b: Chesnaught|item: Custap Berry|[consumed]\n|\n|t:|1697815489\n|-terastallize|p1a: Julica|Water\n|detailschange|p1a: Julica|Ogerpon-Wellspring-Tera, F, tera:Water\n|-ability|p1a: Julica|Embody Aspect (Wellspring)|boost\n|-boost|p1a: Julica|spd|1\n|move|p2a: Ogerpon|Follow Me|p2a: Ogerpon\n|-singleturn|p2a: Ogerpon|move: Follow Me\n|move|p2b: Chesnaught|Rock Slide|p1a: Julica|[spread] p1a,p1b\n|-resisted|p1b: Tavi\n|-damage|p1a: Julica|0 fnt\n|-damage|p1b: Tavi|0 fnt\n|faint|p1a: Julica\n|faint|p1b: Tavi\n|\n|-weather|SunnyDay|[upkeep]\n|-item|p2b: Chesnaught|Custap Berry|[from] ability: Harvest\n|upkeep\n|\n|t:|1697815503\n|switch|p1b: MooseCraft|Ting-Lu|100\/100\n|switch|p1a: Zach|Arcanine, M, shiny|100\/100\n|-ability|p1a: Zach|Intimidate|boost\n|-unboost|p2a: Ogerpon|atk|1\n|-unboost|p2b: Chesnaught|atk|1\n|-ability|p1b: MooseCraft|Vessel of Ruin\n|turn|6\n|-enditem|p2b: Chesnaught|Custap Berry|[eat]\n|-activate|p2b: Chesnaught|item: Custap Berry|[consumed]\n|\n|t:|1697815514\n|move|p1b: MooseCraft|Protect|p1b: MooseCraft\n|-singleturn|p1b: MooseCraft|Protect\n|move|p2a: Ogerpon|Follow Me|p2a: Ogerpon\n|-singleturn|p2a: Ogerpon|move: Follow Me\n|move|p2b: Chesnaught|Reversal|p1b: MooseCraft\n|-activate|p1b: MooseCraft|move: Protect\n|move|p1a: Zach|Will-O-Wisp|p2a: Ogerpon\n|-status|p2a: Ogerpon|brn\n|\n|-weather|SunnyDay|[upkeep]\n|-damage|p2a: Ogerpon|95\/100 brn|[from] brn\n|-item|p2b: Chesnaught|Custap Berry|[from] ability: Harvest\n|upkeep\n|turn|7\n|-enditem|p2b: Chesnaught|Custap Berry|[eat]\n|-activate|p2b: Chesnaught|item: Custap Berry|[consumed]\n|\n|t:|1697815532\n|move|p2a: Ogerpon|Follow Me|p2a: Ogerpon\n|-singleturn|p2a: Ogerpon|move: Follow Me\n|move|p1a: Zach|Extreme Speed|p2a: Ogerpon\n|-resisted|p2a: Ogerpon\n|-damage|p2a: Ogerpon|81\/100 brn\n|move|p2b: Chesnaught|Reversal|p1b: MooseCraft\n|-supereffective|p1b: MooseCraft\n|-damage|p1b: MooseCraft|0 fnt\n|faint|p1b: MooseCraft\n|\n|-weather|none\n|-damage|p2a: Ogerpon|75\/100 brn|[from] brn\n|-item|p2b: Chesnaught|Custap Berry|[from] ability: Harvest\n|upkeep\n|turn|8\n|-enditem|p2b: Chesnaught|Custap Berry|[eat]\n|-activate|p2b: Chesnaught|item: Custap Berry|[consumed]\n|\n|t:|1697815545\n|move|p2a: Ogerpon|Follow Me|p2a: Ogerpon\n|-singleturn|p2a: Ogerpon|move: Follow Me\n|move|p1a: Zach|Extreme Speed|p2a: Ogerpon\n|-resisted|p2a: Ogerpon\n|-damage|p2a: Ogerpon|62\/100 brn\n|move|p2b: Chesnaught|Rock Slide|p1a: Zach\n|-supereffective|p1a: Zach\n|-damage|p1a: Zach|0 fnt\n|faint|p1a: Zach\n|\n|win|herc20066\n|raw|DratiniKing10's rating: 1052 &rarr; <strong>1036<\/strong><br \/>(-16 for losing)\n|raw|herc20066's rating: 1082 &rarr; <strong>1107<\/strong><br \/>(+25 for winning)\n|l|\u2606herc20066\n","uploadtime":1697815556,"views":14,"p1id":"dratiniking10","p2id":"herc20066","formatid":"gen9doublesou","rating":1036,"private":0,"password":""}