{"id":"gen9doublesou-1998530019","p1":"Madsnake","p2":"Profesor Turo","format":"[Gen 9] Doubles OU","log":"|j|\u2606Madsnake\n|j|\u2606Profesor Turo\n|t:|1700952790\n|gametype|doubles\n|player|p1|Madsnake|169|1463\n|player|p2|Profesor Turo|turo-ai|1322\n|teamsize|p1|6\n|teamsize|p2|6\n|gen|9\n|tier|[Gen 9] Doubles OU\n|rated|\n|rule|Species Clause: Limit one of each Pok\u00e9mon\n|rule|OHKO Clause: OHKO moves are banned\n|rule|Evasion Moves Clause: Evasion moves are banned\n|rule|Gravity Sleep Clause: The combination of sleep-inducing moves with imperfect accuracy and Gravity or Gigantamax Orbeetle are banned\n|rule|Endless Battle Clause: Forcing endless battles is banned\n|rule|HP Percentage Mod: HP is shown in percentages\n|clearpoke\n|poke|p1|Walking Wake|\n|poke|p1|Chi-Yu|\n|poke|p1|Chandelure, F|\n|poke|p1|Ninetales, F|\n|poke|p1|Scovillain, M|\n|poke|p1|Torkoal, F|\n|poke|p2|Indeedee-F, F|\n|poke|p2|Slowpoke, M|\n|poke|p2|Iron Hands|\n|poke|p2|Armarouge, M|\n|poke|p2|Regidrago|\n|poke|p2|Ursaluna-Bloodmoon, M|\n|teampreview\n|inactive|Battle timer is ON: inactive players will automatically lose when time's up. (requested by Profesor Turo)\n|\n|t:|1700952809\n|start\n|switch|p1a: Chi-Yu|Chi-Yu|100\/100\n|switch|p1b: Chandelure|Chandelure, F|100\/100\n|switch|p2a: Slowpoke|Slowpoke, M|100\/100\n|switch|p2b: Iron Hands|Iron Hands|100\/100\n|-ability|p1a: Chi-Yu|Beads of Ruin\n|turn|1\n|\n|t:|1700952826\n|-terastallize|p1a: Chi-Yu|Ghost\n|move|p2b: Iron Hands|Fake Out|p1a: Chi-Yu\n|-immune|p1a: Chi-Yu\n|move|p1a: Chi-Yu|Lava Plume|p2a: Slowpoke|[spread] p2a,p2b\n|-start|p1b: Chandelure|ability: Flash Fire\n|-resisted|p2a: Slowpoke\n|-damage|p2a: Slowpoke|85\/100\n|-damage|p2b: Iron Hands|68\/100\n|-status|p2a: Slowpoke|brn\n|move|p1b: Chandelure|Heat Wave|p2b: Iron Hands|[spread] \n|-miss|p1b: Chandelure|p2a: Slowpoke\n|-miss|p1b: Chandelure|p2b: Iron Hands\n|move|p2a: Slowpoke|Trick Room|p2a: Slowpoke\n|-fieldstart|move: Trick Room|[of] p2a: Slowpoke\n|\n|-damage|p2a: Slowpoke|78\/100 brn|[from] brn\n|upkeep\n|turn|2\n|\n|t:|1700952847\n|move|p2a: Slowpoke|Bulldoze|p1a: Chi-Yu|[spread] p2b,p1a,p1b\n|-supereffective|p2b: Iron Hands\n|-supereffective|p1b: Chandelure\n|-damage|p2b: Iron Hands|64\/100\n|-damage|p1a: Chi-Yu|96\/100\n|-damage|p1b: Chandelure|92\/100\n|-unboost|p2b: Iron Hands|spe|1\n|-unboost|p1a: Chi-Yu|spe|1\n|-unboost|p1b: Chandelure|spe|1\n|-enditem|p2b: Iron Hands|Weakness Policy\n|-boost|p2b: Iron Hands|atk|2|[from] item: Weakness Policy\n|-boost|p2b: Iron Hands|spa|2|[from] item: Weakness Policy\n|move|p2b: Iron Hands|Thunder Punch|p1a: Chi-Yu\n|-damage|p1a: Chi-Yu|0 fnt\n|faint|p1a: Chi-Yu\n|move|p1b: Chandelure|Heat Wave|p2a: Slowpoke|[spread] p2a,p2b\n|-resisted|p2a: Slowpoke\n|-damage|p2a: Slowpoke|56\/100 brn\n|-damage|p2b: Iron Hands|15\/100\n|\n|-damage|p2a: Slowpoke|50\/100 brn|[from] brn\n|upkeep\n|inactive|Madsnake has 120 seconds left.\n|\n|t:|1700952864\n|switch|p1a: Torkoal|Torkoal, F|100\/100\n|-weather|SunnyDay|[from] ability: Drought|[of] p1a: Torkoal\n|turn|3\n|\n|t:|1700952872\n|move|p1a: Torkoal|Protect|p1a: Torkoal\n|-singleturn|p1a: Torkoal|Protect\n|move|p2a: Slowpoke|Slack Off|p2a: Slowpoke\n|-heal|p2a: Slowpoke|99\/100 brn\n|move|p2b: Iron Hands|Drain Punch|p1a: Torkoal\n|-activate|p1a: Torkoal|move: Protect\n|move|p1b: Chandelure|Heat Wave|p2b: Iron Hands|[spread] p2a,p2b\n|-resisted|p2a: Slowpoke\n|-damage|p2a: Slowpoke|65\/100 brn\n|-damage|p2b: Iron Hands|0 fnt\n|faint|p2b: Iron Hands\n|-end|p2b: Iron Hands|Quark Drive|[silent]\n|\n|-weather|SunnyDay|[upkeep]\n|-damage|p2a: Slowpoke|59\/100 brn|[from] brn\n|upkeep\n|\n|t:|1700952879\n|switch|p2b: Ursaluna|Ursaluna-Bloodmoon, M|100\/100\n|turn|4\n|\n|t:|1700952895\n|move|p2a: Slowpoke|Slack Off|p2a: Slowpoke\n|-heal|p2a: Slowpoke|100\/100 brn\n|move|p1a: Torkoal|Eruption|p2b: Ursaluna|[spread] p2a,p2b\n|-resisted|p2a: Slowpoke\n|-crit|p2a: Slowpoke\n|-damage|p2a: Slowpoke|60\/100 brn\n|-damage|p2b: Ursaluna|35\/100\n|move|p2b: Ursaluna|Hyper Voice|p1a: Torkoal|[spread] p1a,p1b\n|-damage|p1a: Torkoal|45\/100\n|-damage|p1b: Chandelure|31\/100\n|-enditem|p1a: Torkoal|Sitrus Berry|[eat]\n|-heal|p1a: Torkoal|70\/100|[from] item: Sitrus Berry\n|-enditem|p2b: Ursaluna|Throat Spray\n|-boost|p2b: Ursaluna|spa|1|[from] item: Throat Spray\n|move|p1b: Chandelure|Heat Wave|p2a: Slowpoke|[spread] p2a,p2b\n|-resisted|p2a: Slowpoke\n|-damage|p2a: Slowpoke|26\/100 brn\n|-damage|p2b: Ursaluna|0 fnt\n|faint|p2b: Ursaluna\n|\n|-weather|SunnyDay|[upkeep]\n|-damage|p2a: Slowpoke|20\/100 brn|[from] brn\n|upkeep\n|\n|t:|1700952915\n|switch|p2b: Armarouge|Armarouge, M|100\/100\n|turn|5\n|\n|t:|1700952925\n|switch|p2a: Indeedee|Indeedee-F, F|100\/100\n|-fieldstart|move: Psychic Terrain|[from] ability: Psychic Surge|[of] p2a: Indeedee\n|-enditem|p2a: Indeedee|Psychic Seed\n|-boost|p2a: Indeedee|spd|1|[from] item: Psychic Seed\n|move|p1a: Torkoal|Protect|p1a: Torkoal\n|-singleturn|p1a: Torkoal|Protect\n|move|p2b: Armarouge|Expanding Force|p1b: Chandelure|[spread] p1b\n|-activate|p1a: Torkoal|move: Protect\n|-damage|p1b: Chandelure|0 fnt\n|faint|p1b: Chandelure\n|\n|-weather|SunnyDay|[upkeep]\n|-fieldend|move: Trick Room\n|upkeep\n|\n|t:|1700952944\n|switch|p1b: Walking Wake|Walking Wake|100\/100\n|-activate|p1b: Walking Wake|ability: Protosynthesis\n|-start|p1b: Walking Wake|protosynthesisspa\n|turn|6\n|\n|t:|1700952961\n|move|p1b: Walking Wake|Hydro Steam|p2b: Armarouge\n|-supereffective|p2b: Armarouge\n|-crit|p2b: Armarouge\n|-enditem|p2b: Armarouge|Focus Sash\n|-damage|p2b: Armarouge|1\/100\n|move|p2b: Armarouge|Expanding Force|p1b: Walking Wake|[spread] p1a,p1b\n|-damage|p1a: Torkoal|0 fnt\n|-damage|p1b: Walking Wake|10\/100\n|faint|p1a: Torkoal\n|move|p2a: Indeedee|Trick Room|p2a: Indeedee\n|-fieldstart|move: Trick Room|[of] p2a: Indeedee\n|\n|-weather|SunnyDay|[upkeep]\n|upkeep\n|\n|t:|1700952977\n|switch|p1a: Ninetales|Ninetales, F|100\/100\n|turn|7\n|\n|t:|1700952986\n|move|p1b: Walking Wake|Protect|p1b: Walking Wake\n|-singleturn|p1b: Walking Wake|Protect\n|move|p2b: Armarouge|Expanding Force|p1a: Ninetales|[spread] p1a\n|-activate|p1b: Walking Wake|move: Protect\n|-damage|p1a: Ninetales|52\/100\n|move|p2a: Indeedee|Dazzling Gleam|p1b: Walking Wake|[spread] p1a\n|-activate|p1b: Walking Wake|move: Protect\n|-resisted|p1a: Ninetales\n|-damage|p1a: Ninetales|46\/100\n|move|p1a: Ninetales|Heat Wave|p2a: Indeedee|[spread] p2a\n|-start|p2b: Armarouge|ability: Flash Fire\n|-damage|p2a: Indeedee|71\/100\n|\n|-weather|none\n|-end|p1b: Walking Wake|Protosynthesis\n|upkeep\n|-enditem|p1b: Walking Wake|Booster Energy\n|-activate|p1b: Walking Wake|ability: Protosynthesis|[fromitem]\n|-start|p1b: Walking Wake|protosynthesisspa\n|turn|8\n|\n|t:|1700953012\n|move|p2a: Indeedee|Follow Me|p2a: Indeedee\n|-singleturn|p2a: Indeedee|move: Follow Me\n|move|p2b: Armarouge|Expanding Force|p1b: Walking Wake|[spread] p1a,p1b\n|-damage|p1a: Ninetales|0 fnt\n|-damage|p1b: Walking Wake|0 fnt\n|faint|p1a: Ninetales\n|faint|p1b: Walking Wake\n|-end|p1b: Walking Wake|Protosynthesis|[silent]\n|\n|upkeep\n|inactive|Madsnake has 120 seconds left.\n|-message|Madsnake forfeited.\n|\n|win|Profesor Turo\n|raw|Madsnake's rating: 1463 &rarr; <strong>1435<\/strong><br \/>(-28 for losing)\n|raw|Profesor Turo's rating: 1322 &rarr; <strong>1350<\/strong><br \/>(+28 for winning)\n|l|\u2606Madsnake\n","uploadtime":1700953039,"views":7,"p1id":"madsnake","p2id":"profesorturo","formatid":"gen9doublesou","rating":1350,"private":0,"password":""}