{"id":"gen9doublesou-1975427301","p1":"hayniu","p2":"DJ Luckas","format":"[Gen 9] Doubles OU","log":"|j|\u2606hayniu\n|j|\u2606DJ Luckas\n|t:|1698190139\n|gametype|doubles\n|player|p1|hayniu|266|1533\n|player|p2|DJ Luckas|2|1617\n|teamsize|p1|6\n|teamsize|p2|6\n|gen|9\n|tier|[Gen 9] Doubles OU\n|rated|\n|rule|Species Clause: Limit one of each Pok\u00e9mon\n|rule|OHKO Clause: OHKO moves are banned\n|rule|Evasion Moves Clause: Evasion moves are banned\n|rule|Gravity Sleep Clause: The combination of sleep-inducing moves with imperfect accuracy and Gravity or Gigantamax Orbeetle are banned\n|rule|Endless Battle Clause: Forcing endless battles is banned\n|rule|HP Percentage Mod: HP is shown in percentages\n|clearpoke\n|poke|p1|Shiftry, M|\n|poke|p1|Tornadus, M|\n|poke|p1|Torkoal, M|\n|poke|p1|Indeedee-F, F|\n|poke|p1|Ursaluna-Bloodmoon, M|\n|poke|p1|Chi-Yu|\n|poke|p2|Gholdengo|\n|poke|p2|Sneasler, F|\n|poke|p2|Slowking-Galar, M|\n|poke|p2|Arcanine-Hisui, M|\n|poke|p2|Lycanroc-Dusk, M|\n|poke|p2|Meowscarada, M|\n|teampreview\n|inactive|Battle timer is ON: inactive players will automatically lose when time's up. (requested by DJ Luckas)\n|\n|t:|1698190160\n|start\n|switch|p1a: Shiftry|Shiftry, M, shiny|100\/100\n|switch|p1b: Tornadus|Tornadus, M|100\/100\n|switch|p2a: Gholdengo|Gholdengo|100\/100\n|switch|p2b: Arcanine|Arcanine-Hisui, M|100\/100\n|turn|1\n|\n|t:|1698190178\n|move|p1b: Tornadus|Tailwind|p1b: Tornadus\n|-sidestart|p1: hayniu|move: Tailwind\n|-ability|p1a: Shiftry|Wind Rider|boost\n|-boost|p1a: Shiftry|atk|1\n|move|p1a: Shiftry|Knock Off|p2a: Gholdengo\n|-supereffective|p2a: Gholdengo\n|-damage|p2a: Gholdengo|0 fnt\n|-enditem|p2a: Gholdengo|Choice Specs|[from] move: Knock Off|[of] p1a: Shiftry\n|faint|p2a: Gholdengo\n|move|p2b: Arcanine|Rock Slide|p1a: Shiftry|[spread] p1a,p1b\n|-supereffective|p1b: Tornadus\n|-damage|p1a: Shiftry|59\/100\n|-damage|p1b: Tornadus|8\/100\n|\n|upkeep\n|\n|t:|1698190194\n|switch|p2a: Sneasler|Sneasler, F|100\/100\n|turn|2\n|\n|t:|1698190203\n|switch|p1b: Indeedee|Indeedee-F, F|100\/100\n|-fieldstart|move: Psychic Terrain|[from] ability: Psychic Surge|[of] p1b: Indeedee\n|move|p2a: Sneasler|Fake Out|p1a: Shiftry\n|-activate|p1a: Shiftry|move: Psychic Terrain\n|move|p1a: Shiftry|Solar Blade||[still]\n|-prepare|p1a: Shiftry|Solar Blade\n|-enditem|p1a: Shiftry|Power Herb\n|-anim|p1a: Shiftry|Solar Blade|p2b: Arcanine\n|-damage|p2b: Arcanine|0 fnt\n|faint|p2b: Arcanine\n|\n|upkeep\n|\n|t:|1698190214\n|switch|p2b: Lycanroc|Lycanroc-Dusk, M|100\/100\n|turn|3\n|\n|t:|1698190225\n|switch|p2b: Meowscarada|Meowscarada, M|100\/100\n|move|p1a: Shiftry|Knock Off|p2b: Meowscarada\n|-resisted|p2b: Meowscarada\n|-damage|p2b: Meowscarada|51\/100\n|-enditem|p2b: Meowscarada|Choice Band|[from] move: Knock Off|[of] p1a: Shiftry\n|move|p2a: Sneasler|Dire Claw|p1a: Shiftry\n|-supereffective|p1a: Shiftry\n|-damage|p1a: Shiftry|0 fnt\n|faint|p1a: Shiftry\n|move|p1b: Indeedee|Trick Room|p1b: Indeedee\n|-fieldstart|move: Trick Room|[of] p1b: Indeedee\n|\n|upkeep\n|\n|t:|1698190235\n|switch|p1a: Torkoal|Torkoal, M|100\/100\n|-weather|SunnyDay|[from] ability: Drought|[of] p1a: Torkoal\n|turn|4\n|\n|t:|1698190253\n|move|p1a: Torkoal|Eruption|p2b: Meowscarada|[spread] p2a,p2b\n|-supereffective|p2b: Meowscarada\n|-damage|p2a: Sneasler|10\/100\n|-damage|p2b: Meowscarada|0 fnt\n|faint|p2b: Meowscarada\n|move|p1b: Indeedee|Psychic|p2a: Sneasler\n|-supereffective|p2a: Sneasler\n|-damage|p2a: Sneasler|0 fnt\n|faint|p2a: Sneasler\n|\n|-weather|SunnyDay|[upkeep]\n|-sideend|p1: hayniu|move: Tailwind\n|upkeep\n|\n|t:|1698190258\n|switch|p2a: Slowking|Slowking-Galar, M|100\/100\n|switch|p2b: Lycanroc|Lycanroc-Dusk, M|100\/100\n|-clearboost|p2b: Lycanroc|[from] ability: Curious Medicine|[of] p2a: Slowking\n|turn|5\n|inactive|hayniu has 120 seconds left.\n|\n|t:|1698190294\n|move|p1a: Torkoal|Yawn|p2a: Slowking\n|-start|p2a: Slowking|move: Yawn|[of] p1a: Torkoal\n|move|p2a: Slowking|Snarl|p1a: Torkoal|[spread] p1a,p1b\n|-supereffective|p1b: Indeedee\n|-damage|p1a: Torkoal|86\/100\n|-damage|p1b: Indeedee|84\/100\n|-unboost|p1a: Torkoal|spa|1\n|-unboost|p1b: Indeedee|spa|1\n|move|p1b: Indeedee|Psychic|p2b: Lycanroc\n|-crit|p2b: Lycanroc\n|-damage|p2b: Lycanroc|0 fnt\n|faint|p2b: Lycanroc\n|\n|-weather|SunnyDay|[upkeep]\n|upkeep\n|turn|6\n|\n|t:|1698190317\n|switch|p1b: Ursaluna|Ursaluna-Bloodmoon, M|100\/100\n|move|p1a: Torkoal|Earth Power|p2a: Slowking\n|-supereffective|p2a: Slowking\n|-damage|p2a: Slowking|89\/100\n|move|p2a: Slowking|Snarl|p1a: Torkoal|[spread] p1a,p1b\n|-damage|p1a: Torkoal|71\/100\n|-damage|p1b: Ursaluna|88\/100\n|-unboost|p1a: Torkoal|spa|1\n|-unboost|p1b: Ursaluna|spa|1\n|\n|-weather|SunnyDay|[upkeep]\n|-end|p2a: Slowking|move: Yawn|[silent]\n|-status|p2a: Slowking|slp\n|-fieldend|move: Psychic Terrain\n|upkeep\n|turn|7\n|\n|t:|1698190330\n|switch|p1a: Chi-Yu|Chi-Yu|100\/100\n|-ability|p1a: Chi-Yu|Beads of Ruin\n|cant|p2a: Slowking|slp\n|move|p1b: Ursaluna|Earth Power|p2a: Slowking\n|-supereffective|p2a: Slowking\n|-damage|p2a: Slowking|43\/100 slp\n|-damage|p1b: Ursaluna|78\/100|[from] item: Life Orb\n|\n|-weather|SunnyDay|[upkeep]\n|-fieldend|move: Trick Room\n|upkeep\n|turn|8\n|-message|DJ Luckas forfeited.\n|\n|win|hayniu\n|raw|hayniu's rating: 1533 &rarr; <strong>1558<\/strong><br \/>(+25 for winning)\n|raw|DJ Luckas's rating: 1617 &rarr; <strong>1592<\/strong><br \/>(-25 for losing)\n|l|\u2606DJ Luckas\n","uploadtime":1698190349,"views":16,"p1id":"hayniu","p2id":"djluckas","formatid":"gen9doublesou","rating":1558,"private":0,"password":""}