{"id":"gen9doublesou-1982082385","p1":"YoBuddyTheBaker","p2":"The Cheesen One","format":"[Gen 9] Doubles OU","log":"|j|\u2606YoBuddyTheBaker\n|j|\u2606The Cheesen One\n|t:|1698966047\n|gametype|doubles\n|player|p1|YoBuddyTheBaker|baker|\n|player|p2|The Cheesen One|lucas|\n|teamsize|p1|6\n|teamsize|p2|6\n|gen|9\n|tier|[Gen 9] Doubles OU\n|rule|Species Clause: Limit one of each Pok\u00e9mon\n|rule|OHKO Clause: OHKO moves are banned\n|rule|Evasion Moves Clause: Evasion moves are banned\n|rule|Gravity Sleep Clause: The combination of sleep-inducing moves with imperfect accuracy and Gravity or Gigantamax Orbeetle are banned\n|rule|Endless Battle Clause: Forcing endless battles is banned\n|rule|HP Percentage Mod: HP is shown in percentages\n|clearpoke\n|poke|p1|Ninetales-Alola, F|\n|poke|p1|Ogerpon-Wellspring, F|\n|poke|p1|Heatran, F|\n|poke|p1|Baxcalibur, M|\n|poke|p1|Flutter Mane|\n|poke|p1|Iron Hands|\n|poke|p2|Gholdengo|\n|poke|p2|Sinistcha|\n|poke|p2|Arcanine-Hisui, M|\n|poke|p2|Grimmsnarl, M|\n|poke|p2|Rillaboom, M|\n|poke|p2|Iron Hands|\n|teampreview\n|c|\u2606YoBuddyTheBaker|gl\n|c|\u2606The Cheesen One|gl\n|j| theyummybagel\n|j| Polar Fist\n|l| Polar Fist\n|\n|t:|1698966137\n|start\n|switch|p1a: Ninetales|Ninetales-Alola, F|100\/100\n|switch|p1b: Ogerpon|Ogerpon-Wellspring, F|100\/100\n|switch|p2a: Iron Hands|Iron Hands|100\/100\n|switch|p2b: Grimmsnarl|Grimmsnarl, M|100\/100\n|-weather|Snow|[from] ability: Snow Warning|[of] p1a: Ninetales\n|turn|1\n|j| exotic64\n|j| AIRedzone\n|\n|t:|1698966210\n|move|p2b: Grimmsnarl|Reflect|p2b: Grimmsnarl\n|-sidestart|p2: The Cheesen One|Reflect\n|move|p1a: Ninetales|Aurora Veil|p1a: Ninetales\n|-sidestart|p1: YoBuddyTheBaker|move: Aurora Veil\n|move|p1b: Ogerpon|Ivy Cudgel|p2b: Grimmsnarl\n|-damage|p2b: Grimmsnarl|62\/100\n|move|p2a: Iron Hands|Thunder Punch|p1b: Ogerpon\n|-damage|p1b: Ogerpon|75\/100\n|\n|-weather|Snow|[upkeep]\n|upkeep\n|turn|2\n|j| Lunarr\n|j|+ryo yamada2001\n|j|+zoe\n|j| VGCLTE ITZY\n|j| Jello1231\n|j|+zee\n|j|+Yoda2798\n|j| NinjaSnapple\n|j|+Mizuhime\n|j| Heerv\n|j| luisin\n|l| luisin\n|j| RelicanthPrimal<><\n|j| Murphy Lawden\n|j| luisin\n|\n|t:|1698966353\n|switch|p1a: Heatran|Heatran, F|100\/100\n|-end|p2a: Iron Hands|Quark Drive|[silent]\n|switch|p2a: Gholdengo|Gholdengo|100\/100\n|move|p2b: Grimmsnarl|Parting Shot|p1b: Ogerpon\n|-unboost|p1b: Ogerpon|atk|1\n|-unboost|p1b: Ogerpon|spa|1\n|\n|t:|1698966360\n|switch|p2b: Iron Hands|Iron Hands|100\/100|[from] Parting Shot\n|move|p1b: Ogerpon|Ivy Cudgel|p2b: Iron Hands\n|-crit|p2b: Iron Hands\n|-damage|p2b: Iron Hands|45\/100\n|-enditem|p2b: Iron Hands|Sitrus Berry|[eat]\n|-heal|p2b: Iron Hands|70\/100|[from] item: Sitrus Berry\n|\n|-weather|Snow|[upkeep]\n|upkeep\n|turn|3\n|j| ratpacker\n|l| Murphy Lawden\n|j| Aldrich\n|l| AIRedzone\n|\n|t:|1698966461\n|switch|p1b: Iron Hands|Iron Hands|100\/100\n|switch|p2a: Rillaboom|Rillaboom, M|100\/100\n|-fieldstart|move: Grassy Terrain|[from] ability: Grassy Surge|[of] p2a: Rillaboom\n|-terastallize|p2b: Iron Hands|Fire\n|move|p1a: Heatran|Will-O-Wisp|p2b: Iron Hands|[miss]\n|-miss|p1a: Heatran|p2b: Iron Hands\n|move|p2b: Iron Hands|Swords Dance|p2b: Iron Hands\n|-boost|p2b: Iron Hands|atk|2\n|\n|-weather|Snow|[upkeep]\n|-heal|p2b: Iron Hands|76\/100|[from] Grassy Terrain\n|upkeep\n|turn|4\n|j| AIRedzone\n|l| luisin\n|j| Toxinalpaca\n|l|+Mizuhime\n|l| Aldrich\n|\n|t:|1698966591\n|switch|p1a: Ninetales|Ninetales-Alola, F|100\/100\n|move|p2a: Rillaboom|Fake Out|p1a: Ninetales\n|-damage|p1a: Ninetales|94\/100\n|move|p1b: Iron Hands|Fake Out|p2b: Iron Hands\n|-damage|p2b: Iron Hands|70\/100\n|cant|p2b: Iron Hands|flinch\n|\n|-weather|Snow|[upkeep]\n|-heal|p1a: Ninetales|99\/100|[from] Grassy Terrain\n|-heal|p2b: Iron Hands|76\/100|[from] Grassy Terrain\n|upkeep\n|turn|5\n|l| Toxinalpaca\n|j| Aldrich\n|j| Murphy Lawden\n|j| Tenzai\n|\n|t:|1698966619\n|switch|p2a: Arcanine|Arcanine-Hisui, M|100\/100\n|-ability|p2a: Arcanine|Intimidate|boost\n|-unboost|p1a: Ninetales|atk|1\n|-unboost|p1b: Iron Hands|atk|1\n|-end|p1b: Iron Hands|Quark Drive|[silent]\n|switch|p1b: Baxcalibur|Baxcalibur, M|100\/100\n|-end|p2b: Iron Hands|Quark Drive|[silent]\n|switch|p2b: Gholdengo|Gholdengo|100\/100\n|move|p1a: Ninetales|Encore|p2b: Gholdengo\n|-immune|p2b: Gholdengo|[from] ability: Good as Gold\n|\n|-weather|none\n|-heal|p1a: Ninetales|100\/100|[from] Grassy Terrain\n|upkeep\n|turn|6\n|j| BurntSkywalker\n|l| exotic64\n|l| AIRedzone\n|j| Lemurro\n|j| Smudge\n|j| luisin\n|l| luisin\n|l| NinjaSnapple\n|j| NinjaSnapple\n|l| ratpacker\n|j| Toxinalpaca\n|l| Toxinalpaca\n|j| AIRedzone\n|\n|t:|1698966810\n|switch|p1a: Iron Hands|Iron Hands|100\/100\n|-terastallize|p1b: Baxcalibur|Poison\n|move|p2a: Arcanine|Snarl|p1a: Iron Hands|[spread] p1a,p1b\n|-resisted|p1a: Iron Hands\n|-damage|p1a: Iron Hands|99\/100\n|-damage|p1b: Baxcalibur|95\/100\n|-unboost|p1a: Iron Hands|spa|1\n|-unboost|p1b: Baxcalibur|spa|1\n|move|p1b: Baxcalibur|Swords Dance|p1b: Baxcalibur\n|-boost|p1b: Baxcalibur|atk|2\n|move|p2b: Gholdengo|Nasty Plot|p2b: Gholdengo\n|-boost|p2b: Gholdengo|spa|2\n|\n|-heal|p1b: Baxcalibur|100\/100|[from] Grassy Terrain\n|-heal|p1a: Iron Hands|100\/100|[from] Grassy Terrain\n|upkeep\n|turn|7\n|j| Iygviy\n|\n|t:|1698966894\n|switch|p2a: Grimmsnarl|Grimmsnarl, M|62\/100\n|move|p1a: Iron Hands|Fake Out|p2a: Grimmsnarl\n|-damage|p2a: Grimmsnarl|53\/100\n|move|p1b: Baxcalibur|Scale Shot|p2a: Grimmsnarl\n|-immune|p2a: Grimmsnarl\n|move|p2b: Gholdengo|Nasty Plot|p2b: Gholdengo\n|-boost|p2b: Gholdengo|spa|2\n|\n|-heal|p2a: Grimmsnarl|59\/100|[from] Grassy Terrain\n|-fieldend|move: Grassy Terrain\n|upkeep\n|turn|8\n|l| AIRedzone\n|\n|t:|1698966968\n|move|p2a: Grimmsnarl|Parting Shot|p1a: Iron Hands\n|-unboost|p1a: Iron Hands|atk|1\n|-unboost|p1a: Iron Hands|spa|1\n|\n|t:|1698966971\n|switch|p2a: Arcanine|Arcanine-Hisui, M|100\/100|[from] Parting Shot\n|-ability|p2a: Arcanine|Intimidate|boost\n|-unboost|p1a: Iron Hands|atk|1\n|-unboost|p1b: Baxcalibur|atk|1\n|move|p1b: Baxcalibur|Icicle Spear|p2a: Arcanine\n|-resisted|p2a: Arcanine\n|-damage|p2a: Arcanine|93\/100\n|-resisted|p2a: Arcanine\n|-damage|p2a: Arcanine|85\/100\n|-resisted|p2a: Arcanine\n|-crit|p2a: Arcanine\n|-damage|p2a: Arcanine|69\/100\n|-resisted|p2a: Arcanine\n|-damage|p2a: Arcanine|61\/100\n|-resisted|p2a: Arcanine\n|-damage|p2a: Arcanine|53\/100\n|-hitcount|p2a: Arcanine|5\n|move|p2b: Gholdengo|Shadow Ball|p1b: Baxcalibur\n|-damage|p1b: Baxcalibur|23\/100\n|move|p1a: Iron Hands|Wild Charge|p2b: Gholdengo\n|-damage|p2b: Gholdengo|85\/100\n|-damage|p1a: Iron Hands|97\/100|[from] Recoil\n|\n|-heal|p2b: Gholdengo|91\/100|[from] item: Leftovers\n|-sideend|p2: The Cheesen One|Reflect\n|-sideend|p1: YoBuddyTheBaker|move: Aurora Veil\n|upkeep\n|turn|9\n|j| LaPollaQueTeApoya\n|\n|t:|1698967034\n|-end|p1a: Iron Hands|Quark Drive|[silent]\n|switch|p1a: Heatran|Heatran, F|100\/100\n|move|p2a: Arcanine|Rock Slide|p1b: Baxcalibur|[spread] p1a,p1b\n|-damage|p1a: Heatran|81\/100\n|-damage|p1b: Baxcalibur|0 fnt\n|faint|p1b: Baxcalibur\n|move|p2b: Gholdengo|Shadow Ball|p1a: Heatran\n|-damage|p1a: Heatran|0 fnt\n|faint|p1a: Heatran\n|\n|-heal|p2b: Gholdengo|97\/100|[from] item: Leftovers\n|upkeep\n|l|+zoe\n|l| theyummybagel\n|l| NinjaSnapple\n|\n|t:|1698967114\n|switch|p1b: Ogerpon|Ogerpon-Wellspring, F|75\/100\n|switch|p1a: Flutter Mane|Flutter Mane|100\/100\n|turn|10\n|j| Kuroiwa\n|\n|t:|1698967127\n|switch|p2a: Grimmsnarl|Grimmsnarl, M|59\/100\n|move|p2b: Gholdengo|Protect|p2b: Gholdengo\n|-singleturn|p2b: Gholdengo|Protect\n|move|p1a: Flutter Mane|Shadow Ball|p2b: Gholdengo\n|-activate|p2b: Gholdengo|move: Protect\n|move|p1b: Ogerpon|Ivy Cudgel|p2a: Grimmsnarl\n|-damage|p2a: Grimmsnarl|10\/100\n|\n|-heal|p2b: Gholdengo|100\/100|[from] item: Leftovers\n|upkeep\n|turn|11\n|j| AIRedzone\n|l| AIRedzone\n|j| AIRedzone\n|\n|t:|1698967217\n|switch|p2b: Rillaboom|Rillaboom, M|100\/100\n|-fieldstart|move: Grassy Terrain|[from] ability: Grassy Surge|[of] p2b: Rillaboom\n|move|p2a: Grimmsnarl|Parting Shot|p1a: Flutter Mane\n|-unboost|p1a: Flutter Mane|atk|1\n|-unboost|p1a: Flutter Mane|spa|1\n|j| Anna's songbird\n|j| sunk or swam\n|\n|t:|1698967244\n|switch|p2a: Arcanine|Arcanine-Hisui, M|53\/100|[from] Parting Shot\n|-ability|p2a: Arcanine|Intimidate|boost\n|-unboost|p1a: Flutter Mane|atk|1\n|-unboost|p1b: Ogerpon|atk|1\n|move|p1a: Flutter Mane|Shadow Ball|p2b: Rillaboom\n|-damage|p2b: Rillaboom|73\/100\n|move|p1b: Ogerpon|Ivy Cudgel|p2b: Rillaboom\n|-resisted|p2b: Rillaboom\n|-damage|p2b: Rillaboom|55\/100\n|\n|-heal|p2a: Arcanine|59\/100|[from] Grassy Terrain\n|-heal|p1b: Ogerpon|81\/100|[from] Grassy Terrain\n|-heal|p2b: Rillaboom|62\/100|[from] Grassy Terrain\n|upkeep\n|turn|12\n|j| Charmdi\n|\n|t:|1698967283\n|-end|p1a: Flutter Mane|Protosynthesis|[silent]\n|switch|p1a: Iron Hands|Iron Hands|97\/100\n|switch|p2a: Sinistcha|Sinistcha|100\/100\n|-heal|p2b: Rillaboom|87\/100|[from] ability: Hospitality|[of] p2a: Sinistcha\n|move|p1b: Ogerpon|Spiky Shield|p1b: Ogerpon\n|-singleturn|p1b: Ogerpon|move: Protect\n|move|p2b: Rillaboom|Wood Hammer|p1a: Iron Hands\n|-damage|p1a: Iron Hands|45\/100\n|-damage|p2b: Rillaboom|66\/100|[from] Recoil\n|\n|-heal|p1b: Ogerpon|87\/100|[from] Grassy Terrain\n|-heal|p2b: Rillaboom|72\/100|[from] Grassy Terrain\n|-heal|p1a: Iron Hands|51\/100|[from] Grassy Terrain\n|upkeep\n|turn|13\n|\n|t:|1698967319\n|switch|p1b: Ninetales|Ninetales-Alola, F|100\/100\n|-weather|Snow|[from] ability: Snow Warning|[of] p1b: Ninetales\n|move|p2b: Rillaboom|Wood Hammer|p1a: Iron Hands\n|-damage|p1a: Iron Hands|0 fnt\n|faint|p1a: Iron Hands\n|-end|p1a: Iron Hands|Quark Drive|[silent]\n|-damage|p2b: Rillaboom|52\/100|[from] Recoil\n|move|p2a: Sinistcha|Life Dew||[still]|[spread] p2a,p2b\n|-fail|p2a: Sinistcha|heal\n|-heal|p2b: Rillaboom|77\/100\n|\n|-weather|Snow|[upkeep]\n|-heal|p2b: Rillaboom|83\/100|[from] Grassy Terrain\n|upkeep\n|\n|t:|1698967331\n|switch|p1a: Flutter Mane|Flutter Mane|100\/100\n|turn|14\n|\n|t:|1698967352\n|switch|p2b: Iron Hands|Iron Hands, tera:Fire|76\/100\n|switch|p2a: Arcanine|Arcanine-Hisui, M|59\/100\n|-ability|p2a: Arcanine|Intimidate|boost\n|-unboost|p1a: Flutter Mane|atk|1\n|-unboost|p1b: Ninetales|atk|1\n|move|p1a: Flutter Mane|Shadow Ball|p2a: Arcanine\n|-damage|p2a: Arcanine|1\/100\n|-enditem|p2a: Arcanine|Sitrus Berry|[eat]\n|-heal|p2a: Arcanine|26\/100|[from] item: Sitrus Berry\n|move|p1b: Ninetales|Aurora Veil|p1b: Ninetales\n|-sidestart|p1: YoBuddyTheBaker|move: Aurora Veil\n|\n|-weather|Snow|[upkeep]\n|-heal|p2a: Arcanine|32\/100|[from] Grassy Terrain\n|-heal|p2b: Iron Hands|83\/100|[from] Grassy Terrain\n|upkeep\n|turn|15\n|\n|t:|1698967382\n|switch|p1b: Ogerpon|Ogerpon-Wellspring, F|87\/100\n|move|p1a: Flutter Mane|Shadow Ball|p2a: Arcanine\n|-damage|p2a: Arcanine|0 fnt\n|faint|p2a: Arcanine\n|move|p2b: Iron Hands|Swords Dance|p2b: Iron Hands\n|-boost|p2b: Iron Hands|atk|2\n|\n|-weather|Snow|[upkeep]\n|-heal|p1b: Ogerpon|93\/100|[from] Grassy Terrain\n|-heal|p2b: Iron Hands|89\/100|[from] Grassy Terrain\n|-fieldend|move: Grassy Terrain\n|upkeep\n|\n|t:|1698967403\n|switch|p2a: Grimmsnarl|Grimmsnarl, M|10\/100\n|turn|16\n|l|+Yoda2798\n|\n|t:|1698967427\n|move|p2a: Grimmsnarl|Reflect|p2a: Grimmsnarl\n|-sidestart|p2: The Cheesen One|Reflect\n|move|p1a: Flutter Mane|Shadow Ball|p2b: Iron Hands\n|-damage|p2b: Iron Hands|44\/100\n|move|p1b: Ogerpon|Ivy Cudgel|p2b: Iron Hands\n|-supereffective|p2b: Iron Hands\n|-crit|p2b: Iron Hands\n|-damage|p2b: Iron Hands|0 fnt\n|faint|p2b: Iron Hands\n|-end|p2b: Iron Hands|Quark Drive|[silent]\n|\n|-weather|Snow|[upkeep]\n|upkeep\n|\n|t:|1698967443\n|switch|p2b: Rillaboom|Rillaboom, M|83\/100\n|-fieldstart|move: Grassy Terrain|[from] ability: Grassy Surge|[of] p2b: Rillaboom\n|turn|17\n|\n|t:|1698967490\n|-end|p1a: Flutter Mane|Protosynthesis|[silent]\n|switch|p1a: Ninetales|Ninetales-Alola, F|100\/100\n|move|p2a: Grimmsnarl|Light Screen|p2a: Grimmsnarl\n|-sidestart|p2: The Cheesen One|move: Light Screen\n|move|p1b: Ogerpon|Ivy Cudgel|p2a: Grimmsnarl\n|-damage|p2a: Grimmsnarl|0 fnt\n|faint|p2a: Grimmsnarl\n|move|p2b: Rillaboom|Wood Hammer|p1b: Ogerpon\n|-damage|p1b: Ogerpon|41\/100\n|-damage|p2b: Rillaboom|68\/100|[from] Recoil\n|\n|-weather|none\n|-heal|p1b: Ogerpon|47\/100|[from] Grassy Terrain\n|-heal|p2b: Rillaboom|74\/100|[from] Grassy Terrain\n|upkeep\n|\n|t:|1698967499\n|switch|p2a: Gholdengo|Gholdengo|100\/100\n|turn|18\n|\n|t:|1698967533\n|move|p1b: Ogerpon|Spiky Shield|p1b: Ogerpon\n|-singleturn|p1b: Ogerpon|move: Protect\n|move|p1a: Ninetales|Icy Wind|p2a: Gholdengo|[spread] p2a,p2b\n|-resisted|p2a: Gholdengo\n|-supereffective|p2b: Rillaboom\n|-damage|p2a: Gholdengo|98\/100\n|-damage|p2b: Rillaboom|64\/100\n|-unboost|p2a: Gholdengo|spe|1\n|-unboost|p2b: Rillaboom|spe|1\n|move|p2a: Gholdengo|Make It Rain|p1a: Ninetales|[spread] p1a\n|-activate|p1b: Ogerpon|move: Protect\n|-supereffective|p1a: Ninetales\n|-damage|p1a: Ninetales|0 fnt\n|-unboost|p2a: Gholdengo|spa|1\n|faint|p1a: Ninetales\n|move|p2b: Rillaboom|Wood Hammer|p1b: Ogerpon\n|-activate|p1b: Ogerpon|move: Protect\n|-damage|p2b: Rillaboom|52\/100|[from] Spiky Shield|[of] p1b: Ogerpon\n|\n|-heal|p1b: Ogerpon|53\/100|[from] Grassy Terrain\n|-heal|p2a: Gholdengo|100\/100|[from] Grassy Terrain\n|-heal|p2b: Rillaboom|58\/100|[from] Grassy Terrain\n|upkeep\n|\n|t:|1698967551\n|switch|p1a: Flutter Mane|Flutter Mane|100\/100\n|turn|19\n|l| Aldrich\n|\n|t:|1698967584\n|move|p1a: Flutter Mane|Shadow Ball|p2b: Rillaboom\n|-damage|p2b: Rillaboom|31\/100\n|move|p1b: Ogerpon|Ivy Cudgel|p2b: Rillaboom\n|-resisted|p2b: Rillaboom\n|-damage|p2b: Rillaboom|12\/100\n|move|p2a: Gholdengo|Make It Rain|p1a: Flutter Mane|[spread] p1a,p1b\n|-supereffective|p1a: Flutter Mane\n|-resisted|p1b: Ogerpon\n|-damage|p1a: Flutter Mane|62\/100\n|-damage|p1b: Ogerpon|43\/100\n|-unboost|p2a: Gholdengo|spa|1\n|move|p2b: Rillaboom|Wood Hammer|p1a: Flutter Mane\n|-damage|p1a: Flutter Mane|0 fnt\n|faint|p1a: Flutter Mane\n|-end|p1a: Flutter Mane|Protosynthesis|[silent]\n|-damage|p2b: Rillaboom|0 fnt|[from] Recoil\n|faint|p2b: Rillaboom\n|\n|-heal|p1b: Ogerpon|50\/100|[from] Grassy Terrain\n|upkeep\n|\n|t:|1698967590\n|switch|p2b: Sinistcha|Sinistcha|100\/100\n|turn|20\n|\n|t:|1698967594\n|move|p1b: Ogerpon|Ivy Cudgel|p2a: Gholdengo\n|-damage|p2a: Gholdengo|65\/100\n|move|p2b: Sinistcha|Matcha Gotcha|p1b: Ogerpon\n|-damage|p1b: Ogerpon|23\/100\n|-status|p1b: Ogerpon|brn\n|move|p2a: Gholdengo|Nasty Plot|p2a: Gholdengo\n|-boost|p2a: Gholdengo|spa|2\n|\n|-heal|p1b: Ogerpon|29\/100 brn|[from] Grassy Terrain\n|-heal|p2a: Gholdengo|71\/100|[from] Grassy Terrain\n|-heal|p2a: Gholdengo|77\/100|[from] item: Leftovers\n|-damage|p1b: Ogerpon|23\/100 brn|[from] brn\n|upkeep\n|turn|21\n|\n|t:|1698967599\n|move|p1b: Ogerpon|Ivy Cudgel|p2a: Gholdengo\n|-damage|p2a: Gholdengo|60\/100\n|move|p2b: Sinistcha|Matcha Gotcha|p1b: Ogerpon\n|-damage|p1b: Ogerpon|0 fnt\n|faint|p1b: Ogerpon\n|\n|win|The Cheesen One\n|c|\u2606YoBuddyTheBaker|gg\n|c|\u2606The Cheesen One|gg\n|l|+ryo yamada2001\n","uploadtime":1698967606,"views":185,"p1id":"yobuddythebaker","p2id":"thecheesenone","formatid":"gen9doublesou","rating":0,"private":0,"password":""}