{"id":"gen9doublesou-1979195586","p1":"Fragments","p2":"inertialinitiative","format":"[Gen 9] Doubles OU","log":"|j|\u2606Fragments\n|j|\u2606inertialinitiative\n|inactive|Battle timer is ON: inactive players will automatically lose when time's up.\n|t:|1698649079\n|gametype|doubles\n|player|p1|Fragments|#omplxisolgaleos|\n|player|p2|inertialinitiative|pokemonranger-gen4|\n|teamsize|p1|6\n|teamsize|p2|6\n|gen|9\n|tier|[Gen 9] Doubles OU\n|rated|Tournament battle\n|rule|Species Clause: Limit one of each Pok\u00e9mon\n|rule|OHKO Clause: OHKO moves are banned\n|rule|Evasion Moves Clause: Evasion moves are banned\n|rule|Gravity Sleep Clause: The combination of sleep-inducing moves with imperfect accuracy and Gravity or Gigantamax Orbeetle are banned\n|rule|Endless Battle Clause: Forcing endless battles is banned\n|rule|HP Percentage Mod: HP is shown in percentages\n|clearpoke\n|poke|p1|Chien-Pao|\n|poke|p1|Dragonite, F|\n|poke|p1|Flutter Mane|\n|poke|p1|Chi-Yu|\n|poke|p1|Tornadus, M|\n|poke|p1|Landorus, M|\n|poke|p2|Farigiraf, F|\n|poke|p2|Ursaluna-Bloodmoon, M|\n|poke|p2|Cresselia, F|\n|poke|p2|Brute Bonnet|\n|poke|p2|Torkoal, F|\n|poke|p2|Hatterene, F|\n|teampreview\n|j|*Lady Monita \u263d\n|c|\u2606inertialinitiative|hf\n|j| AtlasFlame18\n|j| ImLookingForDaddy\n|c|\u2606Fragments|u2\n|inactive|Fragments has 120 seconds left.\n|inactive|inertialinitiative has 120 seconds left.\n|inactive|Fragments has 90 seconds left.\n|\n|t:|1698649142\n|start\n|switch|p1a: Chi-Yu|Chi-Yu|100\/100\n|switch|p1b: Flutter Mane|Flutter Mane|100\/100\n|switch|p2a: Cresselia|Cresselia, F|100\/100\n|switch|p2b: Ursaluna|Ursaluna-Bloodmoon, M|100\/100\n|-ability|p1a: Chi-Yu|Beads of Ruin\n|turn|1\n|\n|t:|1698649159\n|move|p2a: Cresselia|Protect|p2a: Cresselia\n|-singleturn|p2a: Cresselia|Protect\n|move|p1a: Chi-Yu|Dark Pulse|p2a: Cresselia\n|-activate|p2a: Cresselia|move: Protect\n|move|p1b: Flutter Mane|Shadow Ball|p2a: Cresselia\n|-activate|p2a: Cresselia|move: Protect\n|move|p2b: Ursaluna|Blood Moon|p1a: Chi-Yu\n|-damage|p1a: Chi-Yu|0 fnt\n|faint|p1a: Chi-Yu\n|-damage|p2b: Ursaluna|90\/100|[from] item: Life Orb\n|\n|upkeep\n|\n|t:|1698649169\n|switch|p1a: Chien-Pao|Chien-Pao|100\/100\n|-ability|p1a: Chien-Pao|Sword of Ruin\n|turn|2\n|\n|t:|1698649183\n|move|p2b: Ursaluna|Protect|p2b: Ursaluna\n|-singleturn|p2b: Ursaluna|Protect\n|move|p1a: Chien-Pao|Ice Spinner|p2b: Ursaluna\n|-activate|p2b: Ursaluna|move: Protect\n|move|p1b: Flutter Mane|Shadow Ball|p2a: Cresselia\n|-supereffective|p2a: Cresselia\n|-damage|p2a: Cresselia|41\/100\n|move|p2a: Cresselia|Trick Room|p2a: Cresselia\n|-fieldstart|move: Trick Room|[of] p2a: Cresselia\n|\n|upkeep\n|turn|3\n|\n|t:|1698649209\n|switch|p2a: Torkoal|Torkoal, F|100\/100\n|-weather|SunnyDay|[from] ability: Drought|[of] p2a: Torkoal\n|-activate|p1b: Flutter Mane|ability: Protosynthesis\n|-start|p1b: Flutter Mane|protosynthesisspa\n|move|p1a: Chien-Pao|Protect|p1a: Chien-Pao\n|-singleturn|p1a: Chien-Pao|Protect\n|move|p2b: Ursaluna|Blood Moon|p1a: Chien-Pao\n|-activate|p1a: Chien-Pao|move: Protect\n|move|p1b: Flutter Mane|Shadow Ball|p2a: Torkoal\n|-damage|p2a: Torkoal|0 fnt\n|faint|p2a: Torkoal\n|\n|-weather|SunnyDay|[upkeep]\n|upkeep\n|\n|t:|1698649217\n|switch|p2a: Brute Bonnet|Brute Bonnet|100\/100\n|-activate|p2a: Brute Bonnet|ability: Protosynthesis\n|-start|p2a: Brute Bonnet|protosynthesisatk\n|turn|4\n|inactive|inertialinitiative has 120 seconds left.\n|\n|t:|1698649248\n|-end|p1b: Flutter Mane|Protosynthesis|[silent]\n|switch|p1b: Tornadus|Tornadus, M|100\/100\n|move|p2b: Ursaluna|Hyper Voice|p1a: Chien-Pao|[spread] p1a,p1b\n|-damage|p1a: Chien-Pao|14\/100\n|-damage|p1b: Tornadus|48\/100\n|-damage|p2b: Ursaluna|80\/100|[from] item: Life Orb\n|move|p2a: Brute Bonnet|Bullet Seed|p1a: Chien-Pao\n|-damage|p1a: Chien-Pao|0 fnt\n|faint|p1a: Chien-Pao\n|-hitcount|p1: Chien-Pao|1\n|\n|-weather|SunnyDay|[upkeep]\n|upkeep\n|\n|t:|1698649261\n|switch|p1a: Landorus|Landorus, M|100\/100\n|turn|5\n|\n|t:|1698649267\n|move|p1b: Tornadus|Protect|p1b: Tornadus\n|-singleturn|p1b: Tornadus|Protect\n|move|p1a: Landorus|Protect|p1a: Landorus\n|-singleturn|p1a: Landorus|Protect\n|move|p2b: Ursaluna|Hyper Voice|p1b: Tornadus|[spread] \n|-activate|p1a: Landorus|move: Protect\n|-activate|p1b: Tornadus|move: Protect\n|move|p2a: Brute Bonnet|Bullet Seed|p1a: Landorus\n|-activate|p1a: Landorus|move: Protect\n|\n|-weather|SunnyDay|[upkeep]\n|upkeep\n|turn|6\n|\n|t:|1698649277\n|move|p1b: Tornadus|Protect||[still]\n|-fail|p1b: Tornadus\n|move|p1a: Landorus|Protect|p1a: Landorus\n|-singleturn|p1a: Landorus|Protect\n|move|p2b: Ursaluna|Hyper Voice|p1a: Landorus|[spread] p1b\n|-activate|p1a: Landorus|move: Protect\n|-damage|p1b: Tornadus|0 fnt\n|faint|p1b: Tornadus\n|-damage|p2b: Ursaluna|70\/100|[from] item: Life Orb\n|move|p2a: Brute Bonnet|Bullet Seed|p1a: Landorus\n|-activate|p1a: Landorus|move: Protect\n|\n|-weather|SunnyDay|[upkeep]\n|-fieldend|move: Trick Room\n|upkeep\n|\n|t:|1698649286\n|switch|p1b: Flutter Mane|Flutter Mane|100\/100\n|-activate|p1b: Flutter Mane|ability: Protosynthesis\n|-start|p1b: Flutter Mane|protosynthesisspa\n|turn|7\n|\n|t:|1698649295\n|move|p2a: Brute Bonnet|Sucker Punch|p1b: Flutter Mane\n|-damage|p1b: Flutter Mane|12\/100\n|move|p1b: Flutter Mane|Moonblast|p2b: Ursaluna\n|-damage|p2b: Ursaluna|0 fnt\n|faint|p2b: Ursaluna\n|move|p1a: Landorus|Sludge Bomb|p2a: Brute Bonnet\n|-supereffective|p2a: Brute Bonnet\n|-damage|p2a: Brute Bonnet|23\/100\n|\n|-weather|SunnyDay|[upkeep]\n|upkeep\n|\n|t:|1698649304\n|switch|p2b: Hatterene|Hatterene, F|100\/100\n|turn|8\n|\n|t:|1698649308\n|move|p2a: Brute Bonnet|Sucker Punch|p1b: Flutter Mane\n|-damage|p1b: Flutter Mane|0 fnt\n|faint|p1b: Flutter Mane\n|-end|p1b: Flutter Mane|Protosynthesis|[silent]\n|move|p1a: Landorus|Sludge Bomb|p2b: Hatterene\n|-supereffective|p2b: Hatterene\n|-enditem|p2b: Hatterene|Kebia Berry|[eat]\n|-enditem|p2b: Hatterene|Kebia Berry|[weaken]\n|-damage|p2b: Hatterene|51\/100\n|move|p2b: Hatterene|Trick Room|p2b: Hatterene\n|-fieldstart|move: Trick Room|[of] p2b: Hatterene\n|\n|-weather|SunnyDay|[upkeep]\n|upkeep\n|\n|t:|1698649311\n|switch|p1b: Dragonite|Dragonite, F|100\/100\n|turn|9\n|\n|t:|1698649331\n|switch|p2b: Farigiraf|Farigiraf, F|100\/100\n|-terastallize|p1b: Dragonite|Normal\n|move|p1b: Dragonite|Extreme Speed||[still]\n|cant|p2b: Farigiraf|ability: Armor Tail|Extreme Speed|[of] p1b: Dragonite\n|move|p2a: Brute Bonnet|Bullet Seed|p1a: Landorus\n|-damage|p1a: Landorus|77\/100\n|-damage|p1a: Landorus|55\/100\n|-damage|p1a: Landorus|33\/100\n|-damage|p1a: Landorus|10\/100\n|-hitcount|p1a: Landorus|4\n|move|p1a: Landorus|Sludge Bomb|p2b: Farigiraf\n|-damage|p2b: Farigiraf|53\/100\n|\n|-weather|SunnyDay|[upkeep]\n|upkeep\n|turn|10\n|\n|t:|1698649344\n|move|p1a: Landorus|Protect|p1a: Landorus\n|-singleturn|p1a: Landorus|Protect\n|move|p1b: Dragonite|Extreme Speed||[still]\n|cant|p2b: Farigiraf|ability: Armor Tail|Extreme Speed|[of] p1b: Dragonite\n|move|p2a: Brute Bonnet|Close Combat|p1b: Dragonite\n|-supereffective|p1b: Dragonite\n|-damage|p1b: Dragonite|0 fnt\n|-unboost|p2a: Brute Bonnet|def|1\n|-unboost|p2a: Brute Bonnet|spd|1\n|faint|p1b: Dragonite\n|move|p2b: Farigiraf|Hyper Voice|p1a: Landorus\n|-activate|p1a: Landorus|move: Protect\n|\n|-weather|none\n|-end|p2a: Brute Bonnet|Protosynthesis\n|upkeep\n|turn|11\n|j| swear word knower\n|c|\u2606Fragments|gg\n|c|\u2606inertialinitiative|gg\n|\n|t:|1698649357\n|move|p1a: Landorus|Protect|p1a: Landorus\n|-singleturn|p1a: Landorus|Protect\n|move|p2a: Brute Bonnet|Bullet Seed|p1a: Landorus\n|-activate|p1a: Landorus|move: Protect\n|move|p2b: Farigiraf|Hyper Voice|p1a: Landorus\n|-activate|p1a: Landorus|move: Protect\n|\n|upkeep\n|turn|12\n|\n|t:|1698649361\n|move|p1a: Landorus|Protect||[still]\n|-fail|p1a: Landorus\n|move|p2a: Brute Bonnet|Close Combat|p1a: Landorus\n|-resisted|p1a: Landorus\n|-damage|p1a: Landorus|0 fnt\n|-unboost|p2a: Brute Bonnet|def|1\n|-unboost|p2a: Brute Bonnet|spd|1\n|faint|p1a: Landorus\n|\n|win|inertialinitiative\n|n|\u2606Fragments|fragments\n|n|\u2606inertialinitiative|inertialinitiative\n|n|*Lady Monita \u263d|ladymonita\n|n| AtlasFlame18|atlasflame18\n|n| ImLookingForDaddy|imlookingfordaddy\n|n| swear word knower|swearwordknower\n","uploadtime":1698649362,"views":30,"p1id":"fragments","p2id":"inertialinitiative","formatid":"gen9doublesou","rating":0,"private":0,"password":""}