{"id":"gen9doublesou-1994668384","p1":"45g32","p2":"TJ799","format":"[Gen 9] Doubles OU","log":"|j|\u260645g32\n|j|\u2606TJ799\n|inactive|Battle timer is ON: inactive players will automatically lose when time's up.\n|t:|1700478340\n|gametype|doubles\n|player|p1|45g32|karen|\n|player|p2|TJ799|170|\n|teamsize|p1|6\n|teamsize|p2|6\n|gen|9\n|tier|[Gen 9] Doubles OU\n|rated|Tournament battle\n|rule|Species Clause: Limit one of each Pok\u00e9mon\n|rule|OHKO Clause: OHKO moves are banned\n|rule|Evasion Moves Clause: Evasion moves are banned\n|rule|Gravity Sleep Clause: The combination of sleep-inducing moves with imperfect accuracy and Gravity or Gigantamax Orbeetle are banned\n|rule|Endless Battle Clause: Forcing endless battles is banned\n|rule|HP Percentage Mod: HP is shown in percentages\n|clearpoke\n|poke|p1|Shroodle, M|\n|poke|p1|Breloom, M|\n|poke|p1|Gurdurr, M|\n|poke|p1|Fidough, M|\n|poke|p1|Crabominable, M|\n|poke|p1|Sandygast, F|\n|poke|p2|Hydreigon, F|\n|poke|p2|Grookey, M|\n|poke|p2|Greavard, F|\n|poke|p2|Silicobra, F|\n|poke|p2|Dragonite, F|\n|poke|p2|Stantler, M|\n|teampreview\n|j|*Lady Monita \u2746\n|c|\u2606TJ799|gl\n|c|\u260645g32|gl\n|\n|t:|1700478349\n|start\n|switch|p1a: Breloom|Breloom, M, shiny|100\/100\n|switch|p1b: Shroodle|Shroodle, M|100\/100\n|switch|p2a: Silicobra|Silicobra, F|100\/100\n|switch|p2b: Stantler|Stantler, M|100\/100\n|-ability|p2b: Stantler|Intimidate|boost\n|-unboost|p1a: Breloom|atk|1\n|-unboost|p1b: Shroodle|atk|1\n|turn|1\n|\n|t:|1700478362\n|move|p1b: Shroodle|Toxic|p1a: Breloom\n|-status|p1a: Breloom|tox\n|move|p2b: Stantler|Thunder Wave||[still]\n|-fail|p2b: Stantler\n|move|p1a: Breloom|Spore|p2b: Stantler\n|-status|p2b: Stantler|slp|[from] move: Spore\n|move|p2a: Silicobra|Stealth Rock|p1b: Shroodle\n|-sidestart|p1: 45g32|move: Stealth Rock\n|\n|upkeep\n|turn|2\n|\n|t:|1700478378\n|move|p1b: Shroodle|Toxic|p2a: Silicobra\n|-status|p2a: Silicobra|tox\n|cant|p2b: Stantler|slp\n|move|p1a: Breloom|Seed Bomb|p2a: Silicobra\n|-supereffective|p2a: Silicobra\n|-damage|p2a: Silicobra|45\/100 tox\n|-weather|Sandstorm|[from] ability: Sand Spit|[of] p2a: Silicobra\n|move|p2a: Silicobra|Drill Run|p1b: Shroodle\n|-supereffective|p1b: Shroodle\n|-damage|p1b: Shroodle|0 fnt\n|faint|p1b: Shroodle\n|\n|-weather|Sandstorm|[upkeep]\n|-damage|p2b: Stantler|95\/100 slp|[from] Sandstorm\n|-damage|p1a: Breloom|94\/100 tox|[from] Sandstorm\n|-heal|p2b: Stantler|100\/100 slp|[from] item: Leftovers\n|-heal|p1a: Breloom|100\/100 tox|[from] item: Leftovers\n|-damage|p2a: Silicobra|39\/100 tox|[from] psn\n|upkeep\n|j| darthdecidui\n|\n|t:|1700478391\n|switch|p1b: Sandygast|Sandygast, F|100\/100\n|-damage|p1b: Sandygast|94\/100|[from] Stealth Rock\n|turn|3\n|\n|t:|1700478405\n|cant|p2b: Stantler|slp\n|move|p1a: Breloom|Close Combat|p2b: Stantler\n|-supereffective|p2b: Stantler\n|-damage|p2b: Stantler|0 fnt\n|-unboost|p1a: Breloom|def|1\n|-unboost|p1a: Breloom|spd|1\n|faint|p2b: Stantler\n|move|p2a: Silicobra|Drill Run|p1b: Sandygast\n|-damage|p1b: Sandygast|59\/100\n|move|p1b: Sandygast|Poltergeist|p2a: Silicobra\n|-activate|p2a: Silicobra|move: Poltergeist|Eviolite\n|-damage|p2a: Silicobra|7\/100 tox\n|\n|-weather|Sandstorm|[upkeep]\n|-damage|p1a: Breloom|94\/100 tox|[from] Sandstorm\n|-heal|p1a: Breloom|100\/100 tox|[from] item: Leftovers\n|-damage|p2a: Silicobra|0 fnt|[from] psn\n|faint|p2a: Silicobra\n|upkeep\n|inactive|TJ799 has 120 seconds left.\n|\n|t:|1700478445\n|switch|p2b: Hydreigon|Hydreigon, F|100\/100\n|switch|p2a: Grookey|Grookey, M|100\/100\n|-fieldstart|move: Grassy Terrain|[from] ability: Grassy Surge|[of] p2a: Grookey\n|turn|4\n|\n|t:|1700478458\n|switch|p1a: Fidough|Fidough, M|100\/100\n|-damage|p1a: Fidough|88\/100|[from] Stealth Rock\n|move|p2a: Grookey|Fake Out|p1a: Fidough\n|-damage|p1a: Fidough|81\/100\n|move|p2b: Hydreigon|Dark Pulse|p1b: Sandygast\n|-supereffective|p1b: Sandygast\n|-damage|p1b: Sandygast|0 fnt\n|faint|p1b: Sandygast\n|\n|-weather|Sandstorm|[upkeep]\n|-damage|p2b: Hydreigon|94\/100|[from] Sandstorm\n|-damage|p1a: Fidough|75\/100|[from] Sandstorm\n|-damage|p2a: Grookey|95\/100|[from] Sandstorm\n|-heal|p1a: Fidough|81\/100|[from] Grassy Terrain\n|-heal|p2a: Grookey|100\/100|[from] Grassy Terrain\n|-heal|p1a: Fidough|87\/100|[from] item: Leftovers\n|upkeep\n|\n|t:|1700478467\n|switch|p1b: Gurdurr|Gurdurr, M|100\/100\n|-damage|p1b: Gurdurr|94\/100|[from] Stealth Rock\n|turn|5\n|\n|t:|1700478480\n|switch|p2b: Greavard|Greavard, F|100\/100\n|move|p2a: Grookey|Leech Seed|p1b: Gurdurr\n|-start|p1b: Gurdurr|move: Leech Seed\n|move|p1a: Fidough|Howl|p1a: Fidough|[spread] p1a,p1b\n|-boost|p1a: Fidough|atk|1\n|-boost|p1b: Gurdurr|atk|1\n|move|p1b: Gurdurr|Bulk Up|p1b: Gurdurr\n|-boost|p1b: Gurdurr|atk|1\n|-boost|p1b: Gurdurr|def|1\n|\n|-weather|Sandstorm|[upkeep]\n|-damage|p2a: Grookey|95\/100|[from] Sandstorm\n|-damage|p1a: Fidough|81\/100|[from] Sandstorm\n|-damage|p1b: Gurdurr|88\/100|[from] Sandstorm\n|-damage|p2b: Greavard|95\/100|[from] Sandstorm\n|-heal|p2a: Grookey|100\/100|[from] Grassy Terrain\n|-heal|p1a: Fidough|87\/100|[from] Grassy Terrain\n|-heal|p1a: Fidough|93\/100|[from] item: Leftovers\n|-heal|p1b: Gurdurr|94\/100|[from] Grassy Terrain\n|-heal|p2b: Greavard|100\/100|[from] Grassy Terrain\n|-damage|p1b: Gurdurr|82\/100|[from] Leech Seed|[of] p2a: Grookey\n|upkeep\n|turn|6\n|j| just4fun123\n|inactive|TJ799 has 120 seconds left.\n|\n|t:|1700478511\n|move|p1a: Fidough|Body Slam|p2a: Grookey\n|-damage|p2a: Grookey|85\/100\n|move|p2a: Grookey|Leech Seed|p1a: Fidough\n|-start|p1a: Fidough|move: Leech Seed\n|move|p1b: Gurdurr|Stone Edge|p2b: Greavard\n|-damage|p2b: Greavard|20\/100\n|move|p2b: Greavard|Poltergeist|p1a: Fidough\n|-activate|p1a: Fidough|move: Poltergeist|Leftovers\n|-damage|p1a: Fidough|52\/100\n|\n|-weather|none\n|-heal|p2a: Grookey|91\/100|[from] Grassy Terrain\n|-heal|p1a: Fidough|58\/100|[from] Grassy Terrain\n|-heal|p1a: Fidough|65\/100|[from] item: Leftovers\n|-heal|p1b: Gurdurr|88\/100|[from] Grassy Terrain\n|-heal|p2b: Greavard|26\/100|[from] Grassy Terrain\n|-damage|p1a: Fidough|52\/100|[from] Leech Seed|[of] p2a: Grookey\n|-heal|p2a: Grookey|100\/100|[silent]\n|-damage|p1b: Gurdurr|76\/100|[from] Leech Seed|[of] p2a: Grookey\n|upkeep\n|turn|7\n|inactive|TJ799 has 120 seconds left.\n|\n|t:|1700478537\n|move|p2a: Grookey|Grassy Glide|p1b: Gurdurr\n|-damage|p1b: Gurdurr|68\/100\n|move|p2b: Greavard|Shadow Sneak|p1b: Gurdurr\n|-damage|p1b: Gurdurr|62\/100\n|move|p1a: Fidough|Mud Shot|p2b: Greavard\n|-damage|p2b: Greavard|20\/100\n|-unboost|p2b: Greavard|spe|1\n|move|p1b: Gurdurr|Ice Punch|p2a: Grookey\n|-supereffective|p2a: Grookey\n|-damage|p2a: Grookey|1\/100\n|-status|p2a: Grookey|frz\n|\n|-heal|p1a: Fidough|58\/100|[from] Grassy Terrain\n|-heal|p2a: Grookey|7\/100 frz|[from] Grassy Terrain\n|-heal|p1a: Fidough|65\/100|[from] item: Leftovers\n|-heal|p1b: Gurdurr|68\/100|[from] Grassy Terrain\n|-heal|p2b: Greavard|26\/100|[from] Grassy Terrain\n|-damage|p1a: Fidough|52\/100|[from] Leech Seed|[of] p2a: Grookey\n|-heal|p2a: Grookey|18\/100 frz|[silent]\n|-damage|p1b: Gurdurr|56\/100|[from] Leech Seed|[of] p2a: Grookey\n|-heal|p2a: Grookey|33\/100 frz|[silent]\n|upkeep\n|turn|8\n|inactive|TJ799 has 120 seconds left.\n|\n|t:|1700478563\n|cant|p2a: Grookey|frz\n|move|p2b: Greavard|Shadow Sneak|p1b: Gurdurr\n|-damage|p1b: Gurdurr|49\/100\n|move|p1a: Fidough|Howl|p1a: Fidough|[spread] p1a,p1b\n|-boost|p1a: Fidough|atk|1\n|-boost|p1b: Gurdurr|atk|1\n|move|p1b: Gurdurr|Ice Punch|p2b: Greavard\n|-damage|p2b: Greavard|0 fnt\n|faint|p2b: Greavard\n|\n|-heal|p1a: Fidough|58\/100|[from] Grassy Terrain\n|-heal|p2a: Grookey|39\/100 frz|[from] Grassy Terrain\n|-heal|p1a: Fidough|65\/100|[from] item: Leftovers\n|-heal|p1b: Gurdurr|56\/100|[from] Grassy Terrain\n|-damage|p1a: Fidough|52\/100|[from] Leech Seed|[of] p2a: Grookey\n|-heal|p2a: Grookey|50\/100 frz|[silent]\n|-damage|p1b: Gurdurr|43\/100|[from] Leech Seed|[of] p2a: Grookey\n|-heal|p2a: Grookey|66\/100 frz|[silent]\n|-fieldend|move: Grassy Terrain\n|upkeep\n|inactive|TJ799 has 120 seconds left.\n|\n|t:|1700478584\n|switch|p2b: Hydreigon|Hydreigon, F|94\/100\n|turn|9\n|inactive|TJ799 has 120 seconds left.\n|\n|t:|1700478602\n|-terastallize|p2b: Hydreigon|Steel\n|move|p1b: Gurdurr|Mach Punch|p2b: Hydreigon\n|-supereffective|p2b: Hydreigon\n|-damage|p2b: Hydreigon|0 fnt\n|faint|p2b: Hydreigon\n|-curestatus|p2a: Grookey|frz|[msg]\n|move|p2a: Grookey|Grassy Glide|p1a: Fidough\n|-damage|p1a: Fidough|37\/100\n|move|p1a: Fidough|Body Slam|p2a: Grookey\n|-crit|p2a: Grookey\n|-damage|p2a: Grookey|34\/100\n|\n|-heal|p1a: Fidough|43\/100|[from] item: Leftovers\n|-damage|p1a: Fidough|31\/100|[from] Leech Seed|[of] p2a: Grookey\n|-heal|p2a: Grookey|45\/100|[silent]\n|-damage|p1b: Gurdurr|31\/100|[from] Leech Seed|[of] p2a: Grookey\n|-heal|p2a: Grookey|60\/100|[silent]\n|upkeep\n|\n|t:|1700478618\n|switch|p2b: Dragonite|Dragonite, F|100\/100\n|turn|10\n|inactive|TJ799 has 120 seconds left.\n|\n|t:|1700478634\n|move|p2b: Dragonite|Dragon Dance|p2b: Dragonite\n|-boost|p2b: Dragonite|atk|1\n|-boost|p2b: Dragonite|spe|1\n|move|p1a: Fidough|Body Slam|p2b: Dragonite\n|-damage|p2b: Dragonite|88\/100\n|-status|p2b: Dragonite|par\n|move|p2a: Grookey|Grassy Glide|p1b: Gurdurr\n|-damage|p1b: Gurdurr|25\/100\n|move|p1b: Gurdurr|Ice Punch|p2b: Dragonite\n|-supereffective|p2b: Dragonite\n|-damage|p2b: Dragonite|0 fnt\n|faint|p2b: Dragonite\n|\n|-heal|p1a: Fidough|37\/100|[from] item: Leftovers\n|-damage|p1a: Fidough|25\/100|[from] Leech Seed|[of] p2a: Grookey\n|-heal|p2a: Grookey|71\/100|[silent]\n|-damage|p1b: Gurdurr|12\/100|[from] Leech Seed|[of] p2a: Grookey\n|-heal|p2a: Grookey|86\/100|[silent]\n|upkeep\n|turn|11\n|c|\u2606TJ799|gg\n|c|\u2606TJ799|wp\n|c|\u260645g32|gg\n|c|\u260645g32|you 2\n|\n|t:|1700478653\n|move|p2a: Grookey|Grassy Glide|p1b: Gurdurr\n|-damage|p1b: Gurdurr|6\/100\n|move|p1a: Fidough|Body Slam|p2a: Grookey\n|-damage|p2a: Grookey|67\/100\n|-status|p2a: Grookey|par\n|move|p1b: Gurdurr|Ice Punch|p2a: Grookey\n|-supereffective|p2a: Grookey\n|-damage|p2a: Grookey|0 fnt\n|faint|p2a: Grookey\n|\n|win|45g32\n|n|\u260645g32|45g32\n|n|\u2606TJ799|tj799\n|n|*Lady Monita \u2746|ladymonita\n|n| darthdecidui|darthdecidui\n|n| just4fun123|just4fun123\n","uploadtime":1700478654,"views":19,"p1id":"45g32","p2id":"tj799","formatid":"gen9doublesou","rating":0,"private":0,"password":""}