{"id":"gen9doublesou-1979267193","p1":"Zadom123","p2":"Devrick Mundle","format":"[Gen 9] Doubles OU","log":"|j|\u203dZadom123\n|j|\u2606Devrick Mundle\n|t:|1698663664\n|gametype|doubles\n|player|p1|Zadom123|benga|1059\n|player|p2|Devrick Mundle|170|1145\n|teamsize|p1|6\n|teamsize|p2|6\n|gen|9\n|tier|[Gen 9] Doubles OU\n|rated|\n|rule|Species Clause: Limit one of each Pok\u00e9mon\n|rule|OHKO Clause: OHKO moves are banned\n|rule|Evasion Moves Clause: Evasion moves are banned\n|rule|Gravity Sleep Clause: The combination of sleep-inducing moves with imperfect accuracy and Gravity or Gigantamax Orbeetle are banned\n|rule|Endless Battle Clause: Forcing endless battles is banned\n|rule|HP Percentage Mod: HP is shown in percentages\n|clearpoke\n|poke|p1|Amoonguss, M|\n|poke|p1|Torkoal, M|\n|poke|p1|Cresselia, F|\n|poke|p1|Scream Tail|\n|poke|p1|Ursaluna, M|\n|poke|p1|Volcanion|\n|poke|p2|Farigiraf, F|\n|poke|p2|Amoonguss, F|\n|poke|p2|Dragapult, F|\n|poke|p2|Rillaboom, M|\n|poke|p2|Heatran, M|\n|poke|p2|Chien-Pao|\n|teampreview\n|inactive|Battle timer is ON: inactive players will automatically lose when time's up. (requested by Zadom123)\n|n|\u203dZadom123|zadom123\n|inactive|Zadom123 has 120 seconds left.\n|\n|t:|1698663703\n|start\n|switch|p1a: Amoonguss|Amoonguss, M|100\/100\n|switch|p1b: Volcanion|Volcanion|100\/100\n|switch|p2a: Farigiraf|Farigiraf, F, shiny|100\/100\n|switch|p2b: Dragapult|Dragapult, F|100\/100\n|turn|1\n|\n|t:|1698663730\n|move|p2b: Dragapult|Dragon Darts|p1a: Amoonguss\n|-damage|p1a: Amoonguss|75\/100\n|-anim|p2b: Dragapult|Dragon Darts|p1b: Volcanion\n|-damage|p1b: Volcanion|80\/100\n|move|p1b: Volcanion|Steam Eruption|p2b: Dragapult\n|-resisted|p2b: Dragapult\n|-damage|p2b: Dragapult|53\/100\n|-status|p2b: Dragapult|brn\n|move|p2a: Farigiraf|Psychic|p1a: Amoonguss\n|-supereffective|p1a: Amoonguss\n|-damage|p1a: Amoonguss|1\/100\n|move|p1a: Amoonguss|Spore||[still]\n|-fail|p1a: Amoonguss\n|\n|-heal|p1a: Amoonguss|8\/100|[from] item: Leftovers\n|-damage|p2b: Dragapult|47\/100 brn|[from] brn\n|upkeep\n|turn|2\n|\n|t:|1698663757\n|switch|p1a: Scream Tail|Scream Tail|100\/100\n|-enditem|p1a: Scream Tail|Booster Energy\n|-activate|p1a: Scream Tail|ability: Protosynthesis|[fromitem]\n|-start|p1a: Scream Tail|protosynthesisspd\n|move|p2b: Dragapult|Dragon Darts|p1b: Volcanion\n|-damage|p1b: Volcanion|69\/100\n|-anim|p2b: Dragapult|Dragon Darts|p1b: Volcanion\n|-damage|p1b: Volcanion|58\/100\n|move|p1b: Volcanion|Steam Eruption|p2b: Dragapult\n|-resisted|p2b: Dragapult\n|-damage|p2b: Dragapult|0 fnt\n|faint|p2b: Dragapult\n|move|p2a: Farigiraf|Psychic|p1b: Volcanion\n|-damage|p1b: Volcanion|19\/100\n|\n|upkeep\n|inactive|Devrick Mundle has 120 seconds left.\n|\n|t:|1698663786\n|switch|p2b: Amoonguss|Amoonguss, F|100\/100\n|turn|3\n|\n|t:|1698663805\n|switch|p1b: Amoonguss|Amoonguss, M|8\/100\n|move|p2b: Amoonguss|Rage Powder|p2b: Amoonguss\n|-singleturn|p2b: Amoonguss|move: Rage Powder\n|move|p2a: Farigiraf|Psychic|p1b: Amoonguss\n|-supereffective|p1b: Amoonguss\n|-damage|p1b: Amoonguss|0 fnt\n|faint|p1b: Amoonguss\n|move|p1a: Scream Tail|Trick Room|p1a: Scream Tail\n|-fieldstart|move: Trick Room|[of] p1a: Scream Tail\n|\n|upkeep\n|\n|t:|1698663813\n|switch|p1b: Ursaluna|Ursaluna, M, shiny|100\/100\n|turn|4\n|\n|t:|1698663827\n|move|p1b: Ursaluna|Protect|p1b: Ursaluna\n|-singleturn|p1b: Ursaluna|Protect\n|move|p2b: Amoonguss|Spore|p1b: Ursaluna\n|-activate|p1b: Ursaluna|move: Protect\n|move|p1a: Scream Tail|Disable|p2b: Amoonguss\n|-start|p2b: Amoonguss|Disable|Spore\n|move|p2a: Farigiraf|Trick Room|p2a: Farigiraf\n|-fieldend|move: Trick Room\n|\n|-status|p1b: Ursaluna|brn|[from] item: Flame Orb\n|upkeep\n|turn|5\n|inactive|Devrick Mundle has 120 seconds left.\n|\n|t:|1698663864\n|-end|p1a: Scream Tail|Protosynthesis|[silent]\n|switch|p1a: Cresselia|Cresselia, F|100\/100\n|switch|p2a: Heatran|Heatran, M|100\/100\n|-item|p2a: Heatran|Air Balloon\n|switch|p2b: Rillaboom|Rillaboom, M|100\/100\n|-fieldstart|move: Grassy Terrain|[from] ability: Grassy Surge|[of] p2b: Rillaboom\n|-enditem|p2b: Rillaboom|Grassy Seed\n|-boost|p2b: Rillaboom|def|1|[from] item: Grassy Seed\n|move|p1b: Ursaluna|Earthquake|p2b: Rillaboom|[spread] p2b\n|-immune|p1a: Cresselia|[from] ability: Levitate\n|-immune|p2a: Heatran\n|-resisted|p2b: Rillaboom\n|-damage|p2b: Rillaboom|90\/100\n|\n|-heal|p2b: Rillaboom|96\/100|[from] Grassy Terrain\n|-damage|p1b: Ursaluna|94\/100 brn|[from] brn\n|upkeep\n|turn|6\n|inactive|Devrick Mundle has 120 seconds left.\n|\n|t:|1698663897\n|switch|p2a: Farigiraf|Farigiraf, F, shiny|100\/100\n|move|p1b: Ursaluna|Protect|p1b: Ursaluna\n|-singleturn|p1b: Ursaluna|Protect\n|move|p2b: Rillaboom|Fake Out|p1a: Cresselia\n|-crit|p1a: Cresselia\n|-damage|p1a: Cresselia|84\/100\n|cant|p1a: Cresselia|flinch\n|\n|-heal|p2b: Rillaboom|100\/100|[from] Grassy Terrain\n|-heal|p1b: Ursaluna|100\/100 brn|[from] Grassy Terrain\n|-damage|p1b: Ursaluna|94\/100 brn|[from] brn\n|upkeep\n|turn|7\n|inactive|Devrick Mundle has 120 seconds left.\n|\n|t:|1698663919\n|-terastallize|p1b: Ursaluna|Grass\n|move|p2b: Rillaboom|Wood Hammer|p1b: Ursaluna\n|-resisted|p1b: Ursaluna\n|-damage|p1b: Ursaluna|65\/100 brn\n|-damage|p2b: Rillaboom|89\/100|[from] Recoil\n|move|p2a: Farigiraf|Imprison|p2a: Farigiraf\n|-start|p2a: Farigiraf|move: Imprison\n|move|p1b: Ursaluna|Facade|p2a: Farigiraf\n|-damage|p2a: Farigiraf|0 fnt\n|faint|p2a: Farigiraf\n|move|p1a: Cresselia|Trick Room|p1a: Cresselia\n|-fieldstart|move: Trick Room|[of] p1a: Cresselia\n|\n|-heal|p1b: Ursaluna|71\/100 brn|[from] Grassy Terrain\n|-heal|p2b: Rillaboom|96\/100|[from] Grassy Terrain\n|-damage|p1b: Ursaluna|65\/100 brn|[from] brn\n|upkeep\n|inactive|Devrick Mundle has 120 seconds left.\n|\n|t:|1698663933\n|switch|p2a: Amoonguss|Amoonguss, F|100\/100\n|turn|8\n|\n|t:|1698663946\n|move|p2a: Amoonguss|Spore|p1a: Cresselia\n|-status|p1a: Cresselia|slp|[from] move: Spore\n|move|p1b: Ursaluna|Facade|p2a: Amoonguss\n|-damage|p2a: Amoonguss|0 fnt\n|faint|p2a: Amoonguss\n|move|p2b: Rillaboom|Acrobatics|p1b: Ursaluna\n|-supereffective|p1b: Ursaluna\n|-damage|p1b: Ursaluna|11\/100 brn\n|cant|p1a: Cresselia|slp\n|\n|-heal|p1b: Ursaluna|18\/100 brn|[from] Grassy Terrain\n|-heal|p2b: Rillaboom|100\/100|[from] Grassy Terrain\n|-damage|p1b: Ursaluna|11\/100 brn|[from] brn\n|upkeep\n|\n|t:|1698663960\n|switch|p2a: Chien-Pao|Chien-Pao|100\/100\n|-ability|p2a: Chien-Pao|Sword of Ruin\n|turn|9\n|\n|t:|1698663971\n|move|p2a: Chien-Pao|Sucker Punch|p1b: Ursaluna\n|-damage|p1b: Ursaluna|0 fnt\n|faint|p1b: Ursaluna\n|move|p2b: Rillaboom|Wood Hammer|p1a: Cresselia\n|-damage|p1a: Cresselia|3\/100 slp\n|-damage|p2b: Rillaboom|75\/100|[from] Recoil\n|cant|p1a: Cresselia|slp\n|\n|-heal|p2b: Rillaboom|81\/100|[from] Grassy Terrain\n|-fieldend|move: Grassy Terrain\n|upkeep\n|\n|t:|1698663981\n|switch|p1b: Torkoal|Torkoal, M|100\/100\n|-weather|SunnyDay|[from] ability: Drought|[of] p1b: Torkoal\n|turn|10\n|\n|t:|1698663995\n|switch|p2b: Heatran|Heatran, M|100\/100\n|-item|p2b: Heatran|Air Balloon\n|move|p2a: Chien-Pao|Sucker Punch|p1b: Torkoal\n|-damage|p1b: Torkoal|50\/100\n|move|p1b: Torkoal|Eruption|p2a: Chien-Pao|[spread] p2a\n|-start|p2b: Heatran|ability: Flash Fire\n|-supereffective|p2a: Chien-Pao\n|-enditem|p2a: Chien-Pao|Focus Sash\n|-damage|p2a: Chien-Pao|1\/100\n|-curestatus|p1a: Cresselia|slp|[msg]\n|move|p1a: Cresselia|Lunar Blessing|p1a: Cresselia|[spread] p1a,p1b\n|-heal|p1a: Cresselia|28\/100\n|-heal|p1b: Torkoal|75\/100\n|\n|-weather|SunnyDay|[upkeep]\n|-heal|p1b: Torkoal|81\/100|[from] item: Leftovers\n|upkeep\n|turn|11\n|inactive|Zadom123 has 120 seconds left.\n|\n|t:|1698664026\n|move|p2a: Chien-Pao|Sucker Punch|p1b: Torkoal\n|-damage|p1b: Torkoal|33\/100\n|move|p1b: Torkoal|Eruption|p2b: Heatran|[spread] p2a\n|-immune|p2b: Heatran|[from] ability: Flash Fire\n|-supereffective|p2a: Chien-Pao\n|-damage|p2a: Chien-Pao|0 fnt\n|faint|p2a: Chien-Pao\n|move|p2b: Heatran|Earth Power|p1b: Torkoal\n|-supereffective|p1b: Torkoal\n|-damage|p1b: Torkoal|0 fnt\n|faint|p1b: Torkoal\n|move|p1a: Cresselia|Moonblast|p2b: Heatran\n|-resisted|p2b: Heatran\n|-damage|p2b: Heatran|97\/100\n|-unboost|p2b: Heatran|spa|1\n|-enditem|p2b: Heatran|Air Balloon\n|\n|-weather|SunnyDay|[upkeep]\n|-fieldend|move: Trick Room\n|upkeep\n|\n|t:|1698664043\n|switch|p2a: Rillaboom|Rillaboom, M|81\/100\n|switch|p1b: Scream Tail|Scream Tail|100\/100\n|-activate|p1b: Scream Tail|ability: Protosynthesis\n|-start|p1b: Scream Tail|protosynthesisspd\n|-fieldstart|move: Grassy Terrain|[from] ability: Grassy Surge|[of] p2a: Rillaboom\n|turn|12\n|\n|t:|1698664056\n|move|p2a: Rillaboom|Fake Out|p1b: Scream Tail\n|-damage|p1b: Scream Tail|91\/100\n|cant|p1b: Scream Tail|flinch\n|move|p1a: Cresselia|Lunar Blessing|p1a: Cresselia|[spread] p1a,p1b\n|-heal|p1a: Cresselia|52\/100\n|-heal|p1b: Scream Tail|100\/100\n|move|p2b: Heatran|Flash Cannon|p1b: Scream Tail\n|-supereffective|p1b: Scream Tail\n|-damage|p1b: Scream Tail|68\/100\n|\n|-weather|SunnyDay|[upkeep]\n|-heal|p1b: Scream Tail|74\/100|[from] Grassy Terrain\n|-heal|p2b: Heatran|100\/100|[from] Grassy Terrain\n|-heal|p2a: Rillaboom|87\/100|[from] Grassy Terrain\n|upkeep\n|turn|13\n|\n|t:|1698664074\n|move|p1b: Scream Tail|Perish Song|p1b: Scream Tail\n|-start|p1a: Cresselia|perish3|[silent]\n|-start|p1b: Scream Tail|perish3|[silent]\n|-start|p2a: Rillaboom|perish3|[silent]\n|-start|p2b: Heatran|perish3|[silent]\n|-fieldactivate|move: Perish Song\n|move|p1a: Cresselia|Lunar Blessing|p1a: Cresselia|[spread] p1a,p1b\n|-heal|p1a: Cresselia|77\/100\n|-heal|p1b: Scream Tail|99\/100\n|move|p2b: Heatran|Flash Cannon|p1b: Scream Tail\n|-supereffective|p1b: Scream Tail\n|-damage|p1b: Scream Tail|67\/100\n|move|p2a: Rillaboom|Wood Hammer|p1b: Scream Tail\n|-damage|p1b: Scream Tail|12\/100\n|-damage|p2a: Rillaboom|71\/100|[from] Recoil\n|\n|-weather|SunnyDay|[upkeep]\n|-heal|p1b: Scream Tail|18\/100|[from] Grassy Terrain\n|-heal|p2a: Rillaboom|77\/100|[from] Grassy Terrain\n|-start|p1b: Scream Tail|perish3\n|-start|p1a: Cresselia|perish3\n|-start|p2b: Heatran|perish3\n|-start|p2a: Rillaboom|perish3\n|upkeep\n|turn|14\n|\n|t:|1698664095\n|move|p2a: Rillaboom|Grassy Glide|p1b: Scream Tail\n|-damage|p1b: Scream Tail|0 fnt\n|faint|p1b: Scream Tail\n|-end|p1b: Scream Tail|Protosynthesis|[silent]\n|move|p1a: Cresselia|Lunar Blessing|p1a: Cresselia\n|-heal|p1a: Cresselia|100\/100\n|move|p2b: Heatran|Flash Cannon|p1a: Cresselia\n|-damage|p1a: Cresselia|82\/100\n|\n|-weather|none\n|-heal|p2a: Rillaboom|83\/100|[from] Grassy Terrain\n|-start|p1a: Cresselia|perish2\n|-start|p2b: Heatran|perish2\n|-start|p2a: Rillaboom|perish2\n|upkeep\n|\n|t:|1698664108\n|switch|p1b: Volcanion|Volcanion|19\/100\n|turn|15\n|\n|t:|1698664117\n|move|p2a: Rillaboom|Grassy Glide|p1b: Volcanion\n|-damage|p1b: Volcanion|0 fnt\n|faint|p1b: Volcanion\n|move|p1a: Cresselia|Lunar Blessing|p1a: Cresselia\n|-heal|p1a: Cresselia|100\/100\n|move|p2b: Heatran|Earth Power|p1a: Cresselia\n|-immune|p1a: Cresselia|[from] ability: Levitate\n|\n|-heal|p2a: Rillaboom|89\/100|[from] Grassy Terrain\n|-start|p1a: Cresselia|perish1\n|-start|p2b: Heatran|perish1\n|-start|p2a: Rillaboom|perish1\n|upkeep\n|turn|16\n|\n|t:|1698664137\n|-terastallize|p2a: Rillaboom|Grass\n|move|p2b: Heatran|Heat Wave|p1a: Cresselia\n|-damage|p1a: Cresselia|68\/100\n|move|p2a: Rillaboom|Wood Hammer|p1a: Cresselia\n|-damage|p1a: Cresselia|0 fnt\n|faint|p1a: Cresselia\n|-damage|p2a: Rillaboom|68\/100|[from] Recoil\n|\n|win|Devrick Mundle\n|raw|Zadom123's rating: 1059 &rarr; <strong>1045<\/strong><br \/>(-14 for losing)\n|raw|Devrick Mundle's rating: 1145 &rarr; <strong>1164<\/strong><br \/>(+19 for winning)\n|l|\u203dZadom123\n","uploadtime":1698664392,"views":21,"p1id":"zadom123","p2id":"devrickmundle","formatid":"gen9doublesou","rating":1045,"private":0,"password":""}