{"id":"gen9doublesou-1991281384","p1":"JBUG0617","p2":"Kelp5854","format":"[Gen 9] Doubles OU","log":"|j|\u2606JBUG0617\n|j|\u2606Kelp5854\n|t:|1700063969\n|gametype|doubles\n|player|p1|JBUG0617|grimsley|1325\n|player|p2|Kelp5854|brawly|1432\n|teamsize|p1|6\n|teamsize|p2|6\n|gen|9\n|tier|[Gen 9] Doubles OU\n|rated|\n|rule|Species Clause: Limit one of each Pok\u00e9mon\n|rule|OHKO Clause: OHKO moves are banned\n|rule|Evasion Moves Clause: Evasion moves are banned\n|rule|Gravity Sleep Clause: The combination of sleep-inducing moves with imperfect accuracy and Gravity or Gigantamax Orbeetle are banned\n|rule|Endless Battle Clause: Forcing endless battles is banned\n|rule|HP Percentage Mod: HP is shown in percentages\n|clearpoke\n|poke|p1|Ninetales-Alola, F|\n|poke|p1|Tornadus, M|\n|poke|p1|Ogerpon-Hearthflame, F|\n|poke|p1|Iron Hands|\n|poke|p1|Sliggoo-Hisui, M|\n|poke|p1|Basculegion-F, F|\n|poke|p2|Thundurus, M|\n|poke|p2|Dragonite, F|\n|poke|p2|Empoleon, M|\n|poke|p2|Ceruledge, F|\n|poke|p2|Toxapex, M|\n|poke|p2|Shaymin-Sky|\n|teampreview\n|inactive|Battle timer is ON: inactive players will automatically lose when time's up. (requested by JBUG0617)\n|\n|t:|1700063999\n|start\n|switch|p1a: Iron Hands|Iron Hands|100\/100\n|switch|p1b: Tornadus|Tornadus, M|100\/100\n|switch|p2a: Thundurus|Thundurus, M|100\/100\n|switch|p2b: Toxapex|Toxapex, M|100\/100\n|turn|1\n|inactive|Kelp5854 has 120 seconds left.\n|\n|t:|1700064030\n|move|p2a: Thundurus|Protect|p2a: Thundurus\n|-singleturn|p2a: Thundurus|Protect\n|move|p1a: Iron Hands|Fake Out|p2a: Thundurus\n|-activate|p2a: Thundurus|move: Protect\n|move|p1b: Tornadus|Taunt|p2a: Thundurus\n|-activate|p2a: Thundurus|move: Protect\n|move|p2b: Toxapex|Toxic Spikes|p1b: Tornadus\n|-sidestart|p1: JBUG0617|move: Toxic Spikes\n|\n|upkeep\n|turn|2\n|\n|t:|1700064056\n|move|p2b: Toxapex|Baneful Bunker|p2b: Toxapex\n|-singleturn|p2b: Toxapex|move: Protect\n|move|p1b: Tornadus|Taunt|p2a: Thundurus\n|-start|p2a: Thundurus|move: Taunt\n|move|p2a: Thundurus|Wildbolt Storm|p1a: Iron Hands|[spread] \n|-miss|p2a: Thundurus|p1a: Iron Hands\n|-miss|p2a: Thundurus|p1b: Tornadus\n|move|p1a: Iron Hands|Volt Switch|p2a: Thundurus\n|-damage|p2a: Thundurus|83\/100\n|inactive|JBUG0617 has 120 seconds left.\n|\n|t:|1700064077\n|-end|p1a: Iron Hands|Quark Drive|[silent]\n|switch|p1a: Sliggoo|Sliggoo-Hisui, M|100\/100|[from] Volt Switch\n|\n|upkeep\n|turn|3\n|inactive|JBUG0617 has 120 seconds left.\n|\n|t:|1700064111\n|move|p1b: Tornadus|Taunt|p2b: Toxapex\n|-start|p2b: Toxapex|move: Taunt\n|move|p2a: Thundurus|Wildbolt Storm|p1a: Sliggoo|[spread] p1a,p1b\n|-resisted|p1a: Sliggoo\n|-supereffective|p1b: Tornadus\n|-damage|p1a: Sliggoo|92\/100\n|-damage|p1b: Tornadus|34\/100\n|-status|p1b: Tornadus|par\n|move|p2b: Toxapex|Icy Wind|p1b: Tornadus|[spread] p1a,p1b\n|-supereffective|p1b: Tornadus\n|-damage|p1a: Sliggoo|88\/100\n|-damage|p1b: Tornadus|17\/100 par\n|-unboost|p1a: Sliggoo|spe|1\n|-unboost|p1b: Tornadus|spe|1\n|move|p1a: Sliggoo|Curse|p1a: Sliggoo\n|-unboost|p1a: Sliggoo|spe|1\n|-boost|p1a: Sliggoo|atk|1\n|-boost|p1a: Sliggoo|def|1\n|\n|-heal|p1b: Tornadus|23\/100 par|[from] item: Leftovers\n|upkeep\n|turn|4\n|inactive|JBUG0617 has 120 seconds left.\n|inactive|Kelp5854 has 120 seconds left.\n|\n|t:|1700064142\n|switch|p2b: Ceruledge|Ceruledge, F|100\/100\n|move|p1b: Tornadus|Tailwind|p1b: Tornadus\n|-sidestart|p1: JBUG0617|move: Tailwind\n|move|p2a: Thundurus|Wildbolt Storm|p1a: Sliggoo|[spread] p1a,p1b\n|-resisted|p1a: Sliggoo\n|-supereffective|p1b: Tornadus\n|-damage|p1a: Sliggoo|79\/100\n|-damage|p1b: Tornadus|0 fnt\n|-status|p1a: Sliggoo|par\n|faint|p1b: Tornadus\n|cant|p1a: Sliggoo|par\n|\n|-end|p2a: Thundurus|move: Taunt\n|upkeep\n|\n|t:|1700064160\n|switch|p1b: Basculegion|Basculegion-F, F|100\/100\n|-status|p1b: Basculegion|psn\n|turn|5\n|\n|t:|1700064182\n|-terastallize|p2b: Ceruledge|Normal\n|move|p1b: Basculegion|Shadow Ball|p2b: Ceruledge\n|-immune|p2b: Ceruledge\n|move|p2a: Thundurus|Wildbolt Storm|p1a: Sliggoo|[spread] p1a\n|-miss|p2a: Thundurus|p1b: Basculegion\n|-resisted|p1a: Sliggoo\n|-damage|p1a: Sliggoo|70\/100 par\n|move|p2b: Ceruledge|Bitter Blade|p1a: Sliggoo\n|-damage|p1a: Sliggoo|44\/100 par\n|-ability|p1a: Sliggoo|Gooey\n|-unboost|p2b: Ceruledge|spe|1\n|move|p1a: Sliggoo|Curse|p1a: Sliggoo\n|-unboost|p1a: Sliggoo|spe|1\n|-boost|p1a: Sliggoo|atk|1\n|-boost|p1a: Sliggoo|def|1\n|\n|-damage|p1b: Basculegion|88\/100 psn|[from] psn\n|upkeep\n|turn|6\n|c|\u2606JBUG0617|normal ceruledge\n|c|\u2606JBUG0617|bruh\n|\n|t:|1700064207\n|move|p2b: Ceruledge|Protect|p2b: Ceruledge\n|-singleturn|p2b: Ceruledge|Protect\n|move|p1b: Basculegion|Shadow Ball|p2a: Thundurus\n|-damage|p2a: Thundurus|0 fnt\n|faint|p2a: Thundurus\n|move|p1a: Sliggoo|Life Dew|p1a: Sliggoo|[spread] p1a,p1b\n|-heal|p1a: Sliggoo|69\/100 par\n|-heal|p1b: Basculegion|100\/100 psn\n|\n|-damage|p1b: Basculegion|88\/100 psn|[from] psn\n|upkeep\n|c|\u2606Kelp5854|yep\n|inactive|Kelp5854 has 120 seconds left.\n|c|\u2606JBUG0617|definitely wasnt expecting grass\n|\n|t:|1700064245\n|switch|p2a: Shaymin|Shaymin-Sky|100\/100\n|turn|7\n|inactive|Kelp5854 has 120 seconds left.\n|\n|t:|1700064264\n|move|p1b: Basculegion|Shadow Ball|p2a: Shaymin\n|-damage|p2a: Shaymin|17\/100\n|move|p2a: Shaymin|Leech Seed|p1a: Sliggoo\n|-start|p1a: Sliggoo|move: Leech Seed\n|move|p2b: Ceruledge|Poltergeist|p1b: Basculegion\n|-activate|p1b: Basculegion|move: Poltergeist|Choice Specs\n|-supereffective|p1b: Basculegion\n|-damage|p1b: Basculegion|0 fnt\n|faint|p1b: Basculegion\n|move|p1a: Sliggoo|Gyro Ball|p2b: Ceruledge\n|-damage|p2b: Ceruledge|0 fnt\n|faint|p2b: Ceruledge\n|\n|-damage|p1a: Sliggoo|56\/100 par|[from] Leech Seed|[of] p2a: Shaymin\n|-heal|p2a: Shaymin|29\/100|[silent]\n|-sideend|p1: JBUG0617|move: Tailwind\n|upkeep\n|inactive|Kelp5854 has 120 seconds left.\n|\n|t:|1700064293\n|switch|p2b: Empoleon|Empoleon, M|100\/100\n|switch|p1b: Ninetales|Ninetales-Alola, F|100\/100\n|-status|p1b: Ninetales|psn\n|-weather|Snow|[from] ability: Snow Warning|[of] p1b: Ninetales\n|turn|8\n|inactive|Kelp5854 has 120 seconds left.\n|\n|t:|1700064328\n|move|p2a: Shaymin|Psychic|p1a: Sliggoo\n|-resisted|p1a: Sliggoo\n|-damage|p1a: Sliggoo|49\/100 par\n|move|p1b: Ninetales|Aurora Veil|p1b: Ninetales\n|-sidestart|p1: JBUG0617|move: Aurora Veil\n|move|p2b: Empoleon|Yawn||[still]\n|-fail|p2b: Empoleon\n|cant|p1a: Sliggoo|par\n|\n|-weather|Snow|[upkeep]\n|-damage|p1a: Sliggoo|36\/100 par|[from] Leech Seed|[of] p2a: Shaymin\n|-heal|p2a: Shaymin|40\/100|[silent]\n|-damage|p1b: Ninetales|88\/100 psn|[from] psn\n|upkeep\n|turn|9\n|inactive|Kelp5854 has 120 seconds left.\n|\n|t:|1700064355\n|move|p2a: Shaymin|Giga Drain|p1a: Sliggoo\n|-resisted|p1a: Sliggoo\n|-damage|p1a: Sliggoo|33\/100 par\n|-heal|p2a: Shaymin|42\/100|[from] drain|[of] p1a: Sliggoo\n|move|p1b: Ninetales|Blizzard|p2a: Shaymin|[spread] p2a,p2b\n|-supereffective|p2a: Shaymin\n|-resisted|p2b: Empoleon\n|-damage|p2a: Shaymin|0 fnt\n|-damage|p2b: Empoleon|93\/100\n|faint|p2a: Shaymin\n|move|p2b: Empoleon|Flash Cannon|p1b: Ninetales\n|-supereffective|p1b: Ninetales\n|-damage|p1b: Ninetales|0 fnt\n|faint|p1b: Ninetales\n|move|p1a: Sliggoo|Life Dew|p1a: Sliggoo\n|-heal|p1a: Sliggoo|58\/100 par\n|\n|-weather|Snow|[upkeep]\n|-heal|p2b: Empoleon|99\/100|[from] item: Leftovers\n|upkeep\n|inactive|Kelp5854 has 120 seconds left.\n|\n|t:|1700064376\n|switch|p2a: Dragonite|Dragonite, F, shiny|100\/100\n|switch|p1b: Iron Hands|Iron Hands|100\/100\n|-status|p1b: Iron Hands|psn\n|turn|10\n|inactive|Kelp5854 has 120 seconds left.\n|\n|t:|1700064394\n|switch|p2a: Toxapex|Toxapex, M|100\/100\n|move|p1b: Iron Hands|Fake Out|p2a: Toxapex\n|-damage|p2a: Toxapex|88\/100\n|move|p2b: Empoleon|Yawn||[still]\n|-fail|p2b: Empoleon\n|move|p1a: Sliggoo|Gyro Ball|p2a: Toxapex\n|-resisted|p2a: Toxapex\n|-crit|p2a: Toxapex\n|-damage|p2a: Toxapex|44\/100\n|\n|-weather|Snow|[upkeep]\n|-heal|p2b: Empoleon|100\/100|[from] item: Leftovers\n|-heal|p2a: Toxapex|50\/100|[from] item: Leftovers\n|-damage|p1a: Sliggoo|45\/100 par|[from] Leech Seed|[of] p2a: Toxapex\n|-heal|p2a: Toxapex|63\/100|[silent]\n|-damage|p1b: Iron Hands|88\/100 psn|[from] psn\n|upkeep\n|turn|11\n|inactive|Kelp5854 has 120 seconds left.\n|\n|t:|1700064419\n|move|p2b: Empoleon|Protect|p2b: Empoleon\n|-singleturn|p2b: Empoleon|Protect\n|move|p2a: Toxapex|Baneful Bunker|p2a: Toxapex\n|-singleturn|p2a: Toxapex|move: Protect\n|move|p1b: Iron Hands|Close Combat|p2b: Empoleon\n|-activate|p2b: Empoleon|move: Protect\n|move|p1a: Sliggoo|Life Dew|p1a: Sliggoo|[spread] p1a,p1b\n|-heal|p1a: Sliggoo|70\/100 par\n|-heal|p1b: Iron Hands|100\/100 psn\n|\n|-weather|Snow|[upkeep]\n|-heal|p2a: Toxapex|70\/100|[from] item: Leftovers\n|-damage|p1a: Sliggoo|58\/100 par|[from] Leech Seed|[of] p2a: Toxapex\n|-heal|p2a: Toxapex|83\/100|[silent]\n|-damage|p1b: Iron Hands|88\/100 psn|[from] psn\n|upkeep\n|turn|12\n|inactive|Kelp5854 has 120 seconds left.\n|\n|t:|1700064452\n|switch|p2b: Dragonite|Dragonite, F, shiny|100\/100\n|move|p1b: Iron Hands|Thunder Punch|p2a: Toxapex\n|-supereffective|p2a: Toxapex\n|-damage|p2a: Toxapex|7\/100\n|move|p2a: Toxapex|Icy Wind|p1a: Sliggoo|[spread] p1a,p1b\n|-damage|p1a: Sliggoo|55\/100 par\n|-damage|p1b: Iron Hands|85\/100 psn\n|-unboost|p1a: Sliggoo|spe|1\n|-unboost|p1b: Iron Hands|spe|1\n|move|p1a: Sliggoo|Life Dew|p1a: Sliggoo|[spread] p1a,p1b\n|-heal|p1a: Sliggoo|80\/100 par\n|-heal|p1b: Iron Hands|100\/100 psn\n|\n|-weather|none\n|-heal|p2a: Toxapex|13\/100|[from] item: Leftovers\n|-damage|p1a: Sliggoo|67\/100 par|[from] Leech Seed|[of] p2a: Toxapex\n|-heal|p2a: Toxapex|26\/100|[silent]\n|-damage|p1b: Iron Hands|88\/100 psn|[from] psn\n|upkeep\n|turn|13\n|\n|t:|1700064472\n|move|p2a: Toxapex|Baneful Bunker|p2a: Toxapex\n|-singleturn|p2a: Toxapex|move: Protect\n|move|p2b: Dragonite|Earthquake|p1b: Iron Hands|[spread] p1a,p1b\n|-activate|p2a: Toxapex|move: Protect\n|-supereffective|p1a: Sliggoo\n|-supereffective|p1b: Iron Hands\n|-damage|p1a: Sliggoo|48\/100 par\n|-damage|p1b: Iron Hands|55\/100 psn\n|-damage|p2b: Dragonite|91\/100|[from] item: Life Orb\n|move|p1b: Iron Hands|Thunder Punch|p2b: Dragonite\n|-damage|p2b: Dragonite|43\/100\n|move|p1a: Sliggoo|Life Dew|p1a: Sliggoo|[spread] p1a,p1b\n|-heal|p1a: Sliggoo|73\/100 par\n|-heal|p1b: Iron Hands|80\/100 psn\n|\n|-heal|p2a: Toxapex|33\/100|[from] item: Leftovers\n|-damage|p1a: Sliggoo|61\/100 par|[from] Leech Seed|[of] p2a: Toxapex\n|-heal|p2a: Toxapex|46\/100|[silent]\n|-damage|p1b: Iron Hands|67\/100 psn|[from] psn\n|upkeep\n|turn|14\n|c|\u2606JBUG0617|life dew\n|inactive|Kelp5854 has 120 seconds left.\n|\n|t:|1700064505\n|move|p2b: Dragonite|Ice Spinner|p1a: Sliggoo\n|-damage|p1a: Sliggoo|51\/100 par\n|-ability|p1a: Sliggoo|Gooey\n|-unboost|p2b: Dragonite|spe|1\n|-damage|p2b: Dragonite|33\/100|[from] item: Life Orb\n|move|p2a: Toxapex|Sludge Bomb|p1b: Iron Hands\n|-damage|p1b: Iron Hands|57\/100 psn\n|move|p1b: Iron Hands|Thunder Punch|p2a: Toxapex\n|-supereffective|p2a: Toxapex\n|-damage|p2a: Toxapex|0 fnt\n|faint|p2a: Toxapex\n|move|p1a: Sliggoo|Life Dew|p1a: Sliggoo|[spread] p1a,p1b\n|-heal|p1a: Sliggoo|76\/100 par\n|-heal|p1b: Iron Hands|82\/100 psn\n|\n|-damage|p1b: Iron Hands|69\/100 psn|[from] psn\n|upkeep\n|inactive|Kelp5854 has 120 seconds left.\n|\n|t:|1700064522\n|switch|p2a: Empoleon|Empoleon, M|100\/100\n|turn|15\n|inactive|Kelp5854 has 120 seconds left.\n|\n|t:|1700064545\n|move|p2b: Dragonite|Waterfall|p1b: Iron Hands\n|-damage|p1b: Iron Hands|51\/100 psn\n|-damage|p2b: Dragonite|24\/100|[from] item: Life Orb\n|move|p2a: Empoleon|Yawn||[still]\n|-fail|p2a: Empoleon\n|move|p1b: Iron Hands|Thunder Punch|p2b: Dragonite\n|-crit|p2b: Dragonite\n|-damage|p2b: Dragonite|0 fnt\n|faint|p2b: Dragonite\n|cant|p1a: Sliggoo|par\n|\n|-damage|p1a: Sliggoo|63\/100 par|[from] Leech Seed|[of] p2a: Empoleon\n|-damage|p1b: Iron Hands|39\/100 psn|[from] psn\n|-sideend|p1: JBUG0617|move: Aurora Veil\n|upkeep\n|turn|16\n|c|\u2606JBUG0617|who are you yawning?\n|\n|t:|1700064568\n|move|p2a: Empoleon|Flash Cannon|p1b: Iron Hands\n|-resisted|p1b: Iron Hands\n|-damage|p1b: Iron Hands|28\/100 psn\n|move|p1b: Iron Hands|Close Combat|p2a: Empoleon\n|-supereffective|p2a: Empoleon\n|-damage|p2a: Empoleon|0 fnt\n|-unboost|p1b: Iron Hands|def|1\n|-unboost|p1b: Iron Hands|spd|1\n|faint|p2a: Empoleon\n|\n|win|JBUG0617\n|raw|JBUG0617's rating: 1325 &rarr; <strong>1351<\/strong><br \/>(+26 for winning)\n|raw|Kelp5854's rating: 1432 &rarr; <strong>1406<\/strong><br \/>(-26 for losing)\n|l|\u2606Kelp5854\n","uploadtime":1700064608,"views":18,"p1id":"jbug0617","p2id":"kelp5854","formatid":"gen9doublesou","rating":1351,"private":0,"password":""}