{"id":"gen9doublesou-1988059820","p1":"sidoc","p2":"12123434a","format":"[Gen 9] Doubles OU","log":"|j|\u2606sidoc\n|j|\u260612123434a\n|t:|1699664614\n|gametype|doubles\n|player|p1|sidoc|li|1477\n|player|p2|12123434a|twins-gen4dp|1426\n|teamsize|p1|6\n|teamsize|p2|6\n|gen|9\n|tier|[Gen 9] Doubles OU\n|rated|\n|rule|Species Clause: Limit one of each Pok\u00e9mon\n|rule|OHKO Clause: OHKO moves are banned\n|rule|Evasion Moves Clause: Evasion moves are banned\n|rule|Gravity Sleep Clause: The combination of sleep-inducing moves with imperfect accuracy and Gravity or Gigantamax Orbeetle are banned\n|rule|Endless Battle Clause: Forcing endless battles is banned\n|rule|HP Percentage Mod: HP is shown in percentages\n|clearpoke\n|poke|p1|Chien-Pao|\n|poke|p1|Rillaboom, F|\n|poke|p1|Arcanine-Hisui, F|\n|poke|p1|Cresselia, F|\n|poke|p1|Gholdengo|\n|poke|p1|Ursaluna-Bloodmoon, M|\n|poke|p2|Ogerpon-Hearthflame, F|\n|poke|p2|Chien-Pao|\n|poke|p2|Ting-Lu|\n|poke|p2|Grimmsnarl, M|\n|poke|p2|Iron Hands|\n|poke|p2|Hatterene, F|\n|teampreview\n|inactive|Battle timer is ON: inactive players will automatically lose when time's up. (requested by 12123434a)\n|\n|t:|1699664643\n|start\n|switch|p1a: Chien-Pao|Chien-Pao|100\/100\n|switch|p1b: Arcanine|Arcanine-Hisui, F|100\/100\n|switch|p2a: Ogerpon|Ogerpon-Hearthflame, F|100\/100\n|switch|p2b: Grimmsnarl|Grimmsnarl, M|100\/100\n|-ability|p1a: Chien-Pao|Sword of Ruin\n|-ability|p1b: Arcanine|Intimidate|boost\n|-unboost|p2a: Ogerpon|atk|1\n|-unboost|p2b: Grimmsnarl|atk|1\n|-ability|p2a: Ogerpon|Mold Breaker\n|turn|1\n|\n|t:|1699664661\n|move|p2b: Grimmsnarl|Reflect|p2b: Grimmsnarl\n|-sidestart|p2: 12123434a|Reflect\n|move|p1a: Chien-Pao|Crunch|p2a: Ogerpon\n|-damage|p2a: Ogerpon|62\/100\n|move|p1b: Arcanine|Rock Slide|p2b: Grimmsnarl|[spread] p2a,p2b\n|-supereffective|p2a: Ogerpon\n|-damage|p2a: Ogerpon|0 fnt\n|-damage|p2b: Grimmsnarl|55\/100\n|faint|p2a: Ogerpon\n|\n|upkeep\n|\n|t:|1699664671\n|switch|p2a: Iron Hands|Iron Hands|100\/100\n|turn|2\n|\n|t:|1699664679\n|switch|p1b: Rillaboom|Rillaboom, F|100\/100\n|-fieldstart|move: Grassy Terrain|[from] ability: Grassy Surge|[of] p1b: Rillaboom\n|move|p2b: Grimmsnarl|Parting Shot|p1b: Rillaboom\n|-unboost|p1b: Rillaboom|atk|1\n|-unboost|p1b: Rillaboom|spa|1\n|\n|t:|1699664686\n|switch|p2b: Hatterene|Hatterene, F|100\/100|[from] Parting Shot\n|move|p1a: Chien-Pao|Brick Break|p2b: Hatterene\n|-sideend|p2: 12123434a|Reflect\n|-resisted|p2b: Hatterene\n|-damage|p2b: Hatterene|94\/100\n|move|p2a: Iron Hands|Drain Punch|p1a: Chien-Pao\n|-supereffective|p1a: Chien-Pao\n|-enditem|p1a: Chien-Pao|Focus Sash\n|-damage|p1a: Chien-Pao|1\/100\n|\n|-heal|p1a: Chien-Pao|7\/100|[from] Grassy Terrain\n|-heal|p2b: Hatterene|99\/100|[from] Grassy Terrain\n|-heal|p2b: Hatterene|100\/100|[from] item: Leftovers\n|upkeep\n|turn|3\n|\n|t:|1699664709\n|switch|p1a: Gholdengo|Gholdengo|100\/100\n|move|p1b: Rillaboom|Fake Out|p2b: Hatterene\n|-damage|p2b: Hatterene|93\/100\n|move|p2a: Iron Hands|Drain Punch|p1a: Gholdengo\n|-immune|p1a: Gholdengo\n|cant|p2b: Hatterene|flinch\n|\n|-heal|p2b: Hatterene|99\/100|[from] Grassy Terrain\n|-heal|p2b: Hatterene|100\/100|[from] item: Leftovers\n|upkeep\n|turn|4\n|\n|t:|1699664723\n|switch|p2b: Ting-Lu|Ting-Lu|100\/100\n|-ability|p2b: Ting-Lu|Vessel of Ruin\n|move|p1a: Gholdengo|Make It Rain|p2a: Iron Hands|[spread] p2a,p2b\n|-resisted|p2a: Iron Hands\n|-damage|p2a: Iron Hands|89\/100\n|-damage|p2b: Ting-Lu|82\/100\n|-unboost|p1a: Gholdengo|spa|1\n|move|p1b: Rillaboom|Stomping Tantrum|p2a: Iron Hands\n|-supereffective|p2a: Iron Hands\n|-damage|p2a: Iron Hands|66\/100\n|move|p2a: Iron Hands|Wild Charge|p1a: Gholdengo\n|-damage|p1a: Gholdengo|40\/100\n|-damage|p2a: Iron Hands|57\/100|[from] Recoil\n|\n|-heal|p1a: Gholdengo|46\/100|[from] Grassy Terrain\n|-heal|p2a: Iron Hands|63\/100|[from] Grassy Terrain\n|-heal|p2b: Ting-Lu|88\/100|[from] Grassy Terrain\n|upkeep\n|turn|5\n|\n|t:|1699664744\n|switch|p1a: Cresselia|Cresselia, F|100\/100\n|move|p1b: Rillaboom|U-turn|p2b: Ting-Lu\n|-supereffective|p2b: Ting-Lu\n|-damage|p2b: Ting-Lu|70\/100\n|\n|t:|1699664748\n|switch|p1b: Arcanine|Arcanine-Hisui, F|100\/100|[from] U-turn\n|-ability|p1b: Arcanine|Intimidate|boost\n|-unboost|p2a: Iron Hands|atk|1\n|-unboost|p2b: Ting-Lu|atk|1\n|move|p2a: Iron Hands|Drain Punch|p1b: Arcanine\n|-supereffective|p1b: Arcanine\n|-damage|p1b: Arcanine|31\/100\n|-heal|p2a: Iron Hands|86\/100|[from] drain|[of] p1b: Arcanine\n|move|p2b: Ting-Lu|Throat Chop|p1a: Cresselia\n|-supereffective|p1a: Cresselia\n|-damage|p1a: Cresselia|63\/100\n|-start|p1a: Cresselia|Throat Chop|[silent]\n|\n|-heal|p1b: Arcanine|37\/100|[from] Grassy Terrain\n|-heal|p1a: Cresselia|69\/100|[from] item: Leftovers\n|-heal|p2a: Iron Hands|92\/100|[from] Grassy Terrain\n|-heal|p2b: Ting-Lu|76\/100|[from] Grassy Terrain\n|upkeep\n|turn|6\n|\n|t:|1699664772\n|switch|p1b: Gholdengo|Gholdengo|46\/100\n|move|p1a: Cresselia|Icy Wind|p2b: Ting-Lu|[spread] p2a,p2b\n|-supereffective|p2b: Ting-Lu\n|-crit|p2b: Ting-Lu\n|-damage|p2a: Iron Hands|88\/100\n|-damage|p2b: Ting-Lu|67\/100\n|-unboost|p2a: Iron Hands|spe|1\n|-unboost|p2b: Ting-Lu|spe|1\n|move|p2a: Iron Hands|Drain Punch|p1b: Gholdengo\n|-immune|p1b: Gholdengo\n|move|p2b: Ting-Lu|Throat Chop|p1a: Cresselia\n|-supereffective|p1a: Cresselia\n|-damage|p1a: Cresselia|29\/100\n|\n|-heal|p1b: Gholdengo|52\/100|[from] Grassy Terrain\n|-heal|p1a: Cresselia|35\/100|[from] item: Leftovers\n|-heal|p2a: Iron Hands|94\/100|[from] Grassy Terrain\n|-heal|p2b: Ting-Lu|74\/100|[from] Grassy Terrain\n|-end|p1a: Cresselia|Throat Chop|[silent]\n|-fieldend|move: Grassy Terrain\n|upkeep\n|turn|7\n|\n|t:|1699664781\n|move|p1a: Cresselia|Ally Switch|p1a: Cresselia\n|swap|p1a: Cresselia|1|[from] move: Ally Switch\n|move|p1a: Gholdengo|Psychic|p2a: Iron Hands\n|-supereffective|p2a: Iron Hands\n|-damage|p2a: Iron Hands|68\/100\n|move|p2a: Iron Hands|Wild Charge|p1b: Cresselia\n|-damage|p1b: Cresselia|8\/100\n|-damage|p2a: Iron Hands|62\/100|[from] Recoil\n|move|p2b: Ting-Lu|Throat Chop|p1a: Gholdengo\n|-supereffective|p1a: Gholdengo\n|-crit|p1a: Gholdengo\n|-damage|p1a: Gholdengo|0 fnt\n|faint|p1a: Gholdengo\n|\n|-heal|p1b: Cresselia|14\/100|[from] item: Leftovers\n|upkeep\n|\n|t:|1699664796\n|switch|p1a: Arcanine|Arcanine-Hisui, F|37\/100\n|-ability|p1a: Arcanine|Intimidate|boost\n|-unboost|p2a: Iron Hands|atk|1\n|-unboost|p2b: Ting-Lu|atk|1\n|turn|8\n|\n|t:|1699664808\n|move|p1a: Arcanine|Iron Head|p2a: Iron Hands\n|-resisted|p2a: Iron Hands\n|-damage|p2a: Iron Hands|49\/100\n|move|p1b: Cresselia|Lunar Blessing|p1b: Cresselia|[spread] p1a,p1b\n|-heal|p1a: Arcanine|62\/100\n|-heal|p1b: Cresselia|39\/100\n|move|p2a: Iron Hands|Drain Punch|p1a: Arcanine\n|-supereffective|p1a: Arcanine\n|-damage|p1a: Arcanine|7\/100\n|-heal|p2a: Iron Hands|67\/100|[from] drain|[of] p1a: Arcanine\n|move|p2b: Ting-Lu|Throat Chop|p1b: Cresselia\n|-supereffective|p1b: Cresselia\n|-damage|p1b: Cresselia|9\/100\n|-start|p1b: Cresselia|Throat Chop|[silent]\n|\n|-heal|p1b: Cresselia|15\/100|[from] item: Leftovers\n|upkeep\n|turn|9\n|inactive|12123434a has 120 seconds left.\n|\n|t:|1699664851\n|switch|p1a: Rillaboom|Rillaboom, F|100\/100\n|-fieldstart|move: Grassy Terrain|[from] ability: Grassy Surge|[of] p1a: Rillaboom\n|move|p1b: Cresselia|Lunar Blessing|p1b: Cresselia|[spread] p1a,p1b\n|-heal|p1b: Cresselia|40\/100\n|move|p2a: Iron Hands|Wild Charge|p1b: Cresselia\n|-damage|p1b: Cresselia|20\/100\n|-damage|p2a: Iron Hands|63\/100|[from] Recoil\n|move|p2b: Ting-Lu|Heavy Slam|p1b: Cresselia\n|-damage|p1b: Cresselia|7\/100\n|\n|-heal|p1b: Cresselia|13\/100|[from] item: Leftovers\n|-heal|p2a: Iron Hands|69\/100|[from] Grassy Terrain\n|-heal|p2b: Ting-Lu|80\/100|[from] Grassy Terrain\n|-end|p1b: Cresselia|Throat Chop|[silent]\n|upkeep\n|turn|10\n|inactive|12123434a has 120 seconds left.\n|\n|t:|1699664874\n|switch|p2b: Hatterene|Hatterene, F|100\/100\n|move|p1a: Rillaboom|Fake Out|p2b: Hatterene\n|-damage|p2b: Hatterene|90\/100\n|move|p1b: Cresselia|Lunar Blessing|p1b: Cresselia|[spread] p1a,p1b\n|-heal|p1b: Cresselia|38\/100\n|move|p2a: Iron Hands|Drain Punch|p1a: Rillaboom\n|-damage|p1a: Rillaboom|77\/100\n|-heal|p2a: Iron Hands|77\/100|[from] drain|[of] p1a: Rillaboom\n|-damage|p2a: Iron Hands|60\/100|[from] item: Rocky Helmet|[of] p1a: Rillaboom\n|\n|-heal|p1a: Rillaboom|83\/100|[from] Grassy Terrain\n|-heal|p1b: Cresselia|44\/100|[from] item: Leftovers\n|-heal|p2b: Hatterene|96\/100|[from] Grassy Terrain\n|-heal|p2b: Hatterene|100\/100|[from] item: Leftovers\n|-heal|p2a: Iron Hands|66\/100|[from] Grassy Terrain\n|upkeep\n|turn|11\n|\n|t:|1699664891\n|-end|p2a: Iron Hands|Quark Drive|[silent]\n|switch|p2a: Grimmsnarl|Grimmsnarl, M|55\/100\n|move|p1a: Rillaboom|Stomping Tantrum|p2a: Grimmsnarl\n|-damage|p2a: Grimmsnarl|21\/100\n|move|p1b: Cresselia|Lunar Blessing|p1b: Cresselia|[spread] p1a,p1b\n|-heal|p1a: Rillaboom|100\/100\n|-heal|p1b: Cresselia|69\/100\n|move|p2b: Hatterene|Nuzzle|p1a: Rillaboom\n|-resisted|p1a: Rillaboom\n|-damage|p1a: Rillaboom|98\/100\n|-status|p1a: Rillaboom|par\n|-damage|p2b: Hatterene|84\/100|[from] item: Rocky Helmet|[of] p1a: Rillaboom\n|\n|-heal|p1b: Cresselia|75\/100|[from] item: Leftovers\n|-heal|p2a: Grimmsnarl|27\/100|[from] Grassy Terrain\n|-heal|p1a: Rillaboom|100\/100 par|[from] Grassy Terrain\n|-heal|p2b: Hatterene|90\/100|[from] Grassy Terrain\n|-heal|p2b: Hatterene|96\/100|[from] item: Leftovers\n|upkeep\n|turn|12\n|\n|t:|1699664905\n|move|p2a: Grimmsnarl|Reflect|p2a: Grimmsnarl\n|-sidestart|p2: 12123434a|Reflect\n|move|p1a: Rillaboom|Grassy Glide|p2b: Hatterene\n|-damage|p2b: Hatterene|77\/100\n|move|p1b: Cresselia|Icy Wind|p2b: Hatterene|[spread] p2a,p2b\n|-damage|p2a: Grimmsnarl|20\/100\n|-damage|p2b: Hatterene|69\/100\n|-unboost|p2a: Grimmsnarl|spe|1\n|-unboost|p2b: Hatterene|spe|1\n|move|p2b: Hatterene|Calm Mind|p2b: Hatterene\n|-boost|p2b: Hatterene|spa|1\n|-boost|p2b: Hatterene|spd|1\n|\n|-heal|p1b: Cresselia|81\/100|[from] item: Leftovers\n|-heal|p2a: Grimmsnarl|26\/100|[from] Grassy Terrain\n|-heal|p2b: Hatterene|75\/100|[from] Grassy Terrain\n|-heal|p2b: Hatterene|81\/100|[from] item: Leftovers\n|upkeep\n|turn|13\n|\n|t:|1699664925\n|move|p2a: Grimmsnarl|Parting Shot|p1a: Rillaboom\n|-unboost|p1a: Rillaboom|atk|1\n|-unboost|p1a: Rillaboom|spa|1\n|\n|t:|1699664930\n|switch|p2a: Iron Hands|Iron Hands|66\/100|[from] Parting Shot\n|move|p1b: Cresselia|Thunder Wave|p2b: Hatterene\n|move|p2b: Hatterene|Thunder Wave|p1b: Cresselia|[from]ability: Magic Bounce|[miss]\n|-miss|p2b: Hatterene|p1b: Cresselia\n|move|p1a: Rillaboom|U-turn|p2b: Hatterene\n|-damage|p2b: Hatterene|72\/100\n|\n|t:|1699664935\n|switch|p1a: Ursaluna|Ursaluna-Bloodmoon, M|100\/100|[from] U-turn\n|move|p2b: Hatterene|Nuzzle|p1b: Cresselia\n|-damage|p1b: Cresselia|78\/100\n|-status|p1b: Cresselia|par\n|\n|-heal|p2a: Iron Hands|73\/100|[from] Grassy Terrain\n|-heal|p1b: Cresselia|85\/100 par|[from] item: Leftovers\n|-heal|p2b: Hatterene|78\/100|[from] Grassy Terrain\n|-heal|p2b: Hatterene|84\/100|[from] item: Leftovers\n|-fieldend|move: Grassy Terrain\n|upkeep\n|turn|14\n|\n|t:|1699664950\n|move|p1a: Ursaluna|Protect|p1a: Ursaluna\n|-singleturn|p1a: Ursaluna|Protect\n|move|p2a: Iron Hands|Fake Out|p1b: Cresselia\n|-damage|p1b: Cresselia|73\/100 par\n|cant|p1b: Cresselia|flinch\n|move|p2b: Hatterene|Psychic|p1a: Ursaluna\n|-activate|p1a: Ursaluna|move: Protect\n|\n|-heal|p1b: Cresselia|80\/100 par|[from] item: Leftovers\n|-heal|p2b: Hatterene|90\/100|[from] item: Leftovers\n|upkeep\n|turn|15\n|\n|t:|1699664964\n|move|p1b: Cresselia|Ally Switch|p1b: Cresselia\n|swap|p1b: Cresselia|0|[from] move: Ally Switch\n|move|p1b: Ursaluna|Earth Power|p2a: Iron Hands\n|-supereffective|p2a: Iron Hands\n|-damage|p2a: Iron Hands|3\/100\n|move|p2a: Iron Hands|Drain Punch|p1a: Cresselia\n|-resisted|p1a: Cresselia\n|-damage|p1a: Cresselia|65\/100 par\n|-heal|p2a: Iron Hands|9\/100|[from] drain|[of] p1a: Cresselia\n|move|p2b: Hatterene|Psychic|p1a: Cresselia\n|-resisted|p1a: Cresselia\n|-damage|p1a: Cresselia|51\/100 par\n|\n|-heal|p1a: Cresselia|57\/100 par|[from] item: Leftovers\n|-heal|p2b: Hatterene|96\/100|[from] item: Leftovers\n|upkeep\n|turn|16\n|\n|t:|1699664983\n|-end|p2a: Iron Hands|Quark Drive|[silent]\n|switch|p2a: Ting-Lu|Ting-Lu|80\/100\n|-ability|p2a: Ting-Lu|Vessel of Ruin\n|move|p1b: Ursaluna|Earth Power|p2a: Ting-Lu\n|-damage|p2a: Ting-Lu|57\/100\n|-unboost|p2a: Ting-Lu|spd|1\n|move|p1a: Cresselia|Thunder Wave|p2b: Hatterene\n|move|p2b: Hatterene|Thunder Wave|p1a: Cresselia|[from]ability: Magic Bounce\n|-fail|p1a: Cresselia|par\n|move|p2b: Hatterene|Calm Mind|p2b: Hatterene\n|-boost|p2b: Hatterene|spa|1\n|-boost|p2b: Hatterene|spd|1\n|\n|-heal|p1a: Cresselia|63\/100 par|[from] item: Leftovers\n|-heal|p2b: Hatterene|100\/100|[from] item: Leftovers\n|upkeep\n|turn|17\n|\n|t:|1699664995\n|move|p1b: Ursaluna|Blood Moon|p2b: Hatterene\n|-damage|p2b: Hatterene|69\/100\n|move|p2a: Ting-Lu|Throat Chop|p1a: Cresselia\n|-supereffective|p1a: Cresselia\n|-damage|p1a: Cresselia|2\/100 par\n|-start|p1a: Cresselia|Throat Chop|[silent]\n|move|p1a: Cresselia|Icy Wind|p2a: Ting-Lu|[spread] p2a,p2b\n|-supereffective|p2a: Ting-Lu\n|-damage|p2a: Ting-Lu|47\/100\n|-damage|p2b: Hatterene|66\/100\n|-unboost|p2a: Ting-Lu|spe|1\n|-unboost|p2b: Hatterene|spe|1\n|move|p2b: Hatterene|Psychic|p1b: Ursaluna\n|-damage|p1b: Ursaluna|36\/100\n|\n|-heal|p1b: Ursaluna|42\/100|[from] item: Leftovers\n|-heal|p1a: Cresselia|8\/100 par|[from] item: Leftovers\n|-heal|p2b: Hatterene|72\/100|[from] item: Leftovers\n|upkeep\n|turn|18\n|-message|sidoc forfeited.\n|\n|win|12123434a\n|raw|sidoc's rating: 1477 &rarr; <strong>1454<\/strong><br \/>(-23 for losing)\n|raw|12123434a's rating: 1426 &rarr; <strong>1449<\/strong><br \/>(+23 for winning)\n|l|\u2606sidoc\n","uploadtime":1699665016,"views":15,"p1id":"sidoc","p2id":"12123434a","formatid":"gen9doublesou","rating":1449,"private":0,"password":""}