{"id":"gen9doublesou-1977528818","p1":"HaZZaLaDDa","p2":"NeonSpatula","format":"[Gen 9] Doubles OU","log":"|j|\u2606HaZZaLaDDa\n|j|\u2606NeonSpatula\n|t:|1698424739\n|gametype|doubles\n|player|p1|HaZZaLaDDa|policeman-gen4|1000\n|player|p2|NeonSpatula|bugcatcher-gen4dp|1050\n|teamsize|p1|6\n|teamsize|p2|4\n|gen|9\n|tier|[Gen 9] Doubles OU\n|rated|\n|rule|Species Clause: Limit one of each Pok\u00e9mon\n|rule|OHKO Clause: OHKO moves are banned\n|rule|Evasion Moves Clause: Evasion moves are banned\n|rule|Gravity Sleep Clause: The combination of sleep-inducing moves with imperfect accuracy and Gravity or Gigantamax Orbeetle are banned\n|rule|Endless Battle Clause: Forcing endless battles is banned\n|rule|HP Percentage Mod: HP is shown in percentages\n|clearpoke\n|poke|p1|Gliscor, F|\n|poke|p1|Forretress, F|\n|poke|p1|Cresselia, F|\n|poke|p1|Snorlax, F|\n|poke|p1|Dusclops, F|\n|poke|p1|Dragonite, M|\n|poke|p2|Polteageist|\n|poke|p2|Indeedee-F, F|\n|poke|p2|Flamigo, F|\n|poke|p2|Cresselia, F|\n|teampreview\n|\n|t:|1698424748\n|start\n|switch|p1a: Dusclops|Dusclops, F|100\/100\n|switch|p1b: Forretress|Forretress, F|100\/100\n|switch|p2a: Polteageist|Polteageist|100\/100\n|switch|p2b: Indeedee|Indeedee-F, F|100\/100\n|-fieldstart|move: Psychic Terrain|[from] ability: Psychic Surge|[of] p2b: Indeedee\n|-item|p2a: Polteageist|White Herb|[from] ability: Frisk|[of] p1a: Dusclops|[identify]\n|-item|p2b: Indeedee|Terrain Extender|[from] ability: Frisk|[of] p1a: Dusclops|[identify]\n|turn|1\n|\n|t:|1698424774\n|move|p2b: Indeedee|Follow Me|p2b: Indeedee\n|-singleturn|p2b: Indeedee|move: Follow Me\n|move|p2a: Polteageist|Shell Smash|p2a: Polteageist\n|-unboost|p2a: Polteageist|def|1\n|-unboost|p2a: Polteageist|spd|1\n|-boost|p2a: Polteageist|atk|2\n|-boost|p2a: Polteageist|spa|2\n|-boost|p2a: Polteageist|spe|2\n|-enditem|p2a: Polteageist|White Herb\n|-clearnegativeboost|p2a: Polteageist|[silent]\n|move|p1a: Dusclops|Will-O-Wisp|p2b: Indeedee\n|-status|p2b: Indeedee|brn\n|move|p1b: Forretress|Toxic Spikes|p2b: Indeedee\n|-sidestart|p2: NeonSpatula|move: Toxic Spikes\n|\n|-damage|p2b: Indeedee|94\/100 brn|[from] brn\n|upkeep\n|turn|2\n|\n|t:|1698424798\n|move|p2b: Indeedee|Follow Me|p2b: Indeedee\n|-singleturn|p2b: Indeedee|move: Follow Me\n|move|p2a: Polteageist|Stored Power|p1a: Dusclops\n|-damage|p1a: Dusclops|30\/100\n|move|p1b: Forretress|Stealth Rock|p2b: Indeedee\n|-sidestart|p2: NeonSpatula|move: Stealth Rock\n|move|p1a: Dusclops|Trick Room|p1a: Dusclops\n|-fieldstart|move: Trick Room|[of] p1a: Dusclops\n|\n|-damage|p2b: Indeedee|88\/100 brn|[from] brn\n|upkeep\n|turn|3\n|\n|t:|1698424821\n|move|p2b: Indeedee|Follow Me|p2b: Indeedee\n|-singleturn|p2b: Indeedee|move: Follow Me\n|move|p1b: Forretress|Gyro Ball|p2b: Indeedee\n|-damage|p2b: Indeedee|34\/100 brn\n|move|p1a: Dusclops|Will-O-Wisp|p2b: Indeedee\n|-fail|p2b: Indeedee|brn\n|move|p2a: Polteageist|Stored Power|p1a: Dusclops\n|-damage|p1a: Dusclops|0 fnt\n|faint|p1a: Dusclops\n|\n|-damage|p2b: Indeedee|28\/100 brn|[from] brn\n|upkeep\n|\n|t:|1698424842\n|switch|p1a: Snorlax|Snorlax, F|100\/100\n|turn|4\n|\n|t:|1698424857\n|move|p2b: Indeedee|Follow Me|p2b: Indeedee\n|-singleturn|p2b: Indeedee|move: Follow Me\n|move|p1b: Forretress|Gyro Ball|p2b: Indeedee\n|-damage|p2b: Indeedee|0 fnt\n|faint|p2b: Indeedee\n|move|p1a: Snorlax|Gunk Shot|p2a: Polteageist\n|-resisted|p2a: Polteageist\n|-damage|p2a: Polteageist|62\/100\n|move|p2a: Polteageist|Stored Power|p1a: Snorlax\n|-damage|p1a: Snorlax|18\/100\n|-enditem|p1a: Snorlax|Sitrus Berry|[eat]\n|-heal|p1a: Snorlax|43\/100|[from] item: Sitrus Berry\n|\n|upkeep\n|\n|t:|1698424869\n|switch|p2b: Flamigo|Flamigo, F|100\/100\n|-damage|p2b: Flamigo|88\/100|[from] Stealth Rock\n|-copyboost|p2b: Flamigo|p2a: Polteageist|[from] ability: Costar\n|turn|5\n|\n|t:|1698424900\n|move|p1b: Forretress|Gyro Ball|p2a: Polteageist\n|-damage|p2a: Polteageist|0 fnt\n|faint|p2a: Polteageist\n|move|p1a: Snorlax|Body Slam|p2b: Flamigo\n|-damage|p2b: Flamigo|13\/100\n|move|p2b: Flamigo|Close Combat|p1b: Forretress\n|-damage|p1b: Forretress|21\/100\n|-unboost|p2b: Flamigo|def|1\n|-unboost|p2b: Flamigo|spd|1\n|-damage|p2b: Flamigo|0 fnt|[from] item: Rocky Helmet|[of] p1b: Forretress\n|faint|p2b: Flamigo\n|\n|upkeep\n|-message|NeonSpatula forfeited.\n|\n|win|HaZZaLaDDa\n|raw|HaZZaLaDDa's rating: 1000 &rarr; <strong>1046<\/strong><br \/>(+46 for winning)\n|raw|NeonSpatula's rating: 1050 &rarr; <strong>1030<\/strong><br \/>(-20 for losing)\n|l|\u2606NeonSpatula\n","uploadtime":1698424919,"views":34,"p1id":"hazzaladda","p2id":"neonspatula","formatid":"gen9doublesou","rating":1030,"private":0,"password":""}