{"id":"gen9doublesou-1994226724","p1":"Harchitkamal","p2":"King-Wing_gamer","format":"[Gen 9] Doubles OU","log":"|j|\u2606Harchitkamal\n|j|\u2606King-Wing_gamer\n|t:|1700420996\n|gametype|doubles\n|player|p1|Harchitkamal|266|1121\n|player|p2|King-Wing_gamer|rosa|1107\n|teamsize|p1|6\n|teamsize|p2|6\n|gen|9\n|tier|[Gen 9] Doubles OU\n|rated|\n|rule|Species Clause: Limit one of each Pok\u00e9mon\n|rule|OHKO Clause: OHKO moves are banned\n|rule|Evasion Moves Clause: Evasion moves are banned\n|rule|Gravity Sleep Clause: The combination of sleep-inducing moves with imperfect accuracy and Gravity or Gigantamax Orbeetle are banned\n|rule|Endless Battle Clause: Forcing endless battles is banned\n|rule|HP Percentage Mod: HP is shown in percentages\n|clearpoke\n|poke|p1|Garganacl, M|\n|poke|p1|Goodra-Hisui, M|\n|poke|p1|Slowbro, M|\n|poke|p1|Grimmsnarl, M|\n|poke|p1|Hippowdon, F|\n|poke|p1|Garchomp, M|\n|poke|p2|Gengar, F|\n|poke|p2|Mimikyu, F|\n|poke|p2|Decidueye-Hisui, M|\n|poke|p2|Samurott-Hisui, F|\n|poke|p2|Torkoal, M|\n|poke|p2|Tinkaton, F|\n|teampreview\n|inactive|Battle timer is ON: inactive players will automatically lose when time's up. (requested by King-Wing_gamer)\n|\n|t:|1700421010\n|start\n|switch|p1a: Hippowdon|Hippowdon, F|100\/100\n|switch|p1b: Garchomp|Garchomp, M|100\/100\n|switch|p2a: Gengar|Gengar, F, shiny|100\/100\n|switch|p2b: Mimikyu|Mimikyu, F|100\/100\n|-weather|Sandstorm|[from] ability: Sand Stream|[of] p1a: Hippowdon\n|turn|1\n|\n|t:|1700421039\n|move|p1b: Garchomp|Spikes|p2a: Gengar\n|-sidestart|p2: King-Wing_gamer|Spikes\n|move|p2a: Gengar|Toxic|p1a: Hippowdon\n|-status|p1a: Hippowdon|tox\n|move|p2b: Mimikyu|Trick|p1b: Garchomp|[miss]\n|-miss|p2b: Mimikyu|p1b: Garchomp\n|move|p1a: Hippowdon|Stealth Rock|p2b: Mimikyu\n|-sidestart|p2: King-Wing_gamer|move: Stealth Rock\n|\n|-weather|Sandstorm|[upkeep]\n|-damage|p2a: Gengar|94\/100|[from] Sandstorm\n|-damage|p2b: Mimikyu|95\/100|[from] Sandstorm\n|-damage|p1a: Hippowdon|94\/100 tox|[from] psn\n|-status|p2b: Mimikyu|brn|[from] item: Flame Orb\n|upkeep\n|turn|2\n|\n|t:|1700421059\n|move|p2a: Gengar|Curse|p1b: Garchomp\n|-start|p1b: Garchomp|Curse|[of] p2a: Gengar\n|-damage|p2a: Gengar|44\/100\n|move|p2b: Mimikyu|Trick|p1b: Garchomp\n|-activate|p2b: Mimikyu|move: Trick|[of] p1b: Garchomp\n|-item|p1b: Garchomp|Flame Orb|[from] move: Trick\n|-item|p2b: Mimikyu|Bright Powder|[from] move: Trick\n|move|p1b: Garchomp|Dragon Tail|p2b: Mimikyu\n|-immune|p2b: Mimikyu\n|move|p1a: Hippowdon|Whirlwind|p2a: Gengar\n|drag|p2a: Decidueye|Decidueye-Hisui, M|100\/100\n|-damage|p2a: Decidueye|88\/100|[from] Spikes\n|-damage|p2a: Decidueye|82\/100|[from] Stealth Rock\n|\n|-weather|Sandstorm|[upkeep]\n|-damage|p2b: Mimikyu|89\/100 brn|[from] Sandstorm\n|-damage|p2a: Decidueye|76\/100|[from] Sandstorm\n|-heal|p2a: Decidueye|82\/100|[from] item: Leftovers\n|-damage|p1a: Hippowdon|82\/100 tox|[from] psn\n|-damage|p2b: Mimikyu|83\/100 brn|[from] brn\n|-damage|p1b: Garchomp|76\/100|[from] Curse\n|-status|p1b: Garchomp|brn|[from] item: Flame Orb\n|upkeep\n|turn|3\n|inactive|Harchitkamal has 120 seconds left.\n|\n|t:|1700421109\n|switch|p1b: Goodra|Goodra-Hisui, M|100\/100\n|move|p2b: Mimikyu|Hex|p1b: Goodra\n|-damage|p1b: Goodra|90\/100\n|move|p2a: Decidueye|Tailwind|p2a: Decidueye\n|-sidestart|p2: King-Wing_gamer|move: Tailwind\n|move|p1a: Hippowdon|Whirlwind|p2a: Decidueye\n|drag|p2a: Gengar|Gengar, F, shiny|44\/100\n|-damage|p2a: Gengar|32\/100|[from] Spikes\n|-damage|p2a: Gengar|20\/100|[from] Stealth Rock\n|-enditem|p2a: Gengar|Aguav Berry|[eat]\n|-heal|p2a: Gengar|53\/100|[from] item: Aguav Berry\n|\n|-weather|Sandstorm|[upkeep]\n|-damage|p2a: Gengar|47\/100|[from] Sandstorm\n|-damage|p2b: Mimikyu|77\/100 brn|[from] Sandstorm\n|-damage|p1a: Hippowdon|63\/100 tox|[from] psn\n|-damage|p2b: Mimikyu|71\/100 brn|[from] brn\n|upkeep\n|turn|4\n|inactive|Harchitkamal has 120 seconds left.\n|inactive|King-Wing_gamer has 120 seconds left.\n|inactive|Harchitkamal has 90 seconds left.\n|\n|t:|1700421152\n|move|p2a: Gengar|Curse|p1b: Goodra\n|-start|p1b: Goodra|Curse|[of] p2a: Gengar\n|-damage|p2a: Gengar|0 fnt\n|faint|p2a: Gengar\n|move|p2b: Mimikyu|Hex|p1a: Hippowdon\n|-damage|p1a: Hippowdon|23\/100 tox\n|move|p1b: Goodra|Iron Head|p2b: Mimikyu\n|-activate|p2b: Mimikyu|ability: Disguise\n|-damage|p2b: Mimikyu|71\/100 brn\n|detailschange|p2b: Mimikyu|Mimikyu-Busted, F\n|-damage|p2b: Mimikyu|58\/100 brn|[from] pokemon: Mimikyu-Busted\n|move|p1a: Hippowdon|Whirlwind|p2b: Mimikyu\n|drag|p2b: Torkoal|Torkoal, M|100\/100\n|-damage|p2b: Torkoal|88\/100|[from] Spikes\n|-damage|p2b: Torkoal|63\/100|[from] Stealth Rock\n|-weather|SunnyDay|[from] ability: Drought|[of] p2b: Torkoal\n|\n|-weather|SunnyDay|[upkeep]\n|-heal|p2b: Torkoal|69\/100|[from] item: Leftovers\n|-damage|p1a: Hippowdon|0 fnt|[from] psn\n|faint|p1a: Hippowdon\n|-damage|p1b: Goodra|65\/100|[from] Curse\n|upkeep\n|inactive|Harchitkamal has 90 seconds left.\n|inactive|King-Wing_gamer has 120 seconds left.\n|\n|t:|1700421182\n|switch|p2a: Decidueye|Decidueye-Hisui, M|82\/100\n|switch|p1a: Slowbro|Slowbro, M|100\/100\n|-damage|p2a: Decidueye|70\/100|[from] Spikes\n|-damage|p2a: Decidueye|64\/100|[from] Stealth Rock\n|turn|5\n|inactive|Harchitkamal has 90 seconds left.\n|\n|t:|1700421211\n|switch|p1b: Garchomp|Garchomp, M|76\/100 brn\n|move|p2a: Decidueye|Leaf Blade|p1a: Slowbro\n|-supereffective|p1a: Slowbro\n|-damage|p1a: Slowbro|50\/100\n|move|p2b: Torkoal|Eruption|p1a: Slowbro|[spread] p1a,p1b\n|-resisted|p1a: Slowbro\n|-resisted|p1b: Garchomp\n|-damage|p1a: Slowbro|26\/100\n|-damage|p1b: Garchomp|50\/100 brn\n|move|p1a: Slowbro|Trick Room|p1a: Slowbro\n|-fieldstart|move: Trick Room|[of] p1a: Slowbro\n|\n|-weather|SunnyDay|[upkeep]\n|-heal|p2b: Torkoal|75\/100|[from] item: Leftovers\n|-heal|p2a: Decidueye|70\/100|[from] item: Leftovers\n|-damage|p1b: Garchomp|44\/100 brn|[from] brn\n|upkeep\n|turn|6\n|inactive|Harchitkamal has 90 seconds left.\n|\n|t:|1700421244\n|move|p1b: Garchomp|Protect|p1b: Garchomp\n|-singleturn|p1b: Garchomp|Protect\n|move|p1a: Slowbro|Scald|p2b: Torkoal\n|-supereffective|p2b: Torkoal\n|-damage|p2b: Torkoal|36\/100\n|move|p2b: Torkoal|Solar Beam||[still]\n|-prepare|p2b: Torkoal|Solar Beam\n|-anim|p2b: Torkoal|Solar Beam|p1b: Garchomp\n|-activate|p1b: Garchomp|move: Protect\n|move|p2a: Decidueye|U-turn|p1a: Slowbro\n|-supereffective|p1a: Slowbro\n|-damage|p1a: Slowbro|0 fnt\n|faint|p1a: Slowbro\n|inactive|King-Wing_gamer has 120 seconds left.\n|\n|t:|1700421264\n|switch|p2a: Mimikyu|Mimikyu-Busted, F|58\/100 brn|[from] U-turn\n|-damage|p2a: Mimikyu|46\/100 brn|[from] Spikes\n|-damage|p2a: Mimikyu|34\/100 brn|[from] Stealth Rock\n|\n|-weather|SunnyDay|[upkeep]\n|-heal|p2b: Torkoal|42\/100|[from] item: Leftovers\n|-damage|p1b: Garchomp|38\/100 brn|[from] brn\n|-damage|p2a: Mimikyu|28\/100 brn|[from] brn\n|-sideend|p2: King-Wing_gamer|move: Tailwind\n|upkeep\n|\n|t:|1700421276\n|switch|p1a: Garganacl|Garganacl, M|100\/100\n|turn|7\n|inactive|Harchitkamal has 90 seconds left.\n|\n|t:|1700421294\n|move|p2b: Torkoal|Solar Beam||[still]\n|-prepare|p2b: Torkoal|Solar Beam\n|-anim|p2b: Torkoal|Solar Beam|p1b: Garchomp\n|-damage|p1b: Garchomp|0 fnt\n|faint|p1b: Garchomp\n|move|p1a: Garganacl|Salt Cure|p2a: Mimikyu\n|-damage|p2a: Mimikyu|4\/100 brn\n|-start|p2a: Mimikyu|Salt Cure\n|move|p2a: Mimikyu|Destiny Bond|p2a: Mimikyu\n|-singlemove|p2a: Mimikyu|Destiny Bond\n|\n|-weather|SunnyDay|[upkeep]\n|-heal|p2b: Torkoal|48\/100|[from] item: Leftovers\n|-damage|p2a: Mimikyu|0 fnt|[from] brn\n|faint|p2a: Mimikyu\n|upkeep\n|\n|t:|1700421315\n|switch|p2a: Decidueye|Decidueye-Hisui, M|70\/100\n|switch|p1b: Grimmsnarl|Grimmsnarl, M|100\/100\n|-damage|p2a: Decidueye|58\/100|[from] Spikes\n|-damage|p2a: Decidueye|52\/100|[from] Stealth Rock\n|turn|8\n|inactive|Harchitkamal has 120 seconds left.\n|\n|t:|1700421333\n|move|p1b: Grimmsnarl|Reflect|p1b: Grimmsnarl\n|-sidestart|p1: Harchitkamal|Reflect\n|move|p2b: Torkoal|Eruption|p1a: Garganacl|[spread] p1a,p1b\n|-resisted|p1a: Garganacl\n|-damage|p1a: Garganacl|90\/100\n|-damage|p1b: Grimmsnarl|73\/100\n|move|p1a: Garganacl|Salt Cure|p2b: Torkoal\n|-supereffective|p2b: Torkoal\n|-damage|p2b: Torkoal|28\/100\n|-start|p2b: Torkoal|Salt Cure\n|move|p2a: Decidueye|Triple Arrows|p1a: Garganacl\n|-supereffective|p1a: Garganacl\n|-crit|p1a: Garganacl\n|-damage|p1a: Garganacl|2\/100\n|-unboost|p1a: Garganacl|def|1\n|\n|-weather|none\n|-heal|p2b: Torkoal|34\/100|[from] item: Leftovers\n|-heal|p1a: Garganacl|9\/100|[from] item: Leftovers\n|-heal|p2a: Decidueye|58\/100|[from] item: Leftovers\n|-damage|p2b: Torkoal|21\/100|[from] Salt Cure\n|upkeep\n|turn|9\n|inactive|Harchitkamal has 120 seconds left.\n|\n|t:|1700421374\n|move|p1a: Garganacl|Protect|p1a: Garganacl\n|-singleturn|p1a: Garganacl|Protect\n|move|p1b: Grimmsnarl|Light Screen|p1b: Grimmsnarl\n|-sidestart|p1: Harchitkamal|move: Light Screen\n|move|p2b: Torkoal|Eruption|p1b: Grimmsnarl|[spread] p1b\n|-activate|p1a: Garganacl|move: Protect\n|-damage|p1b: Grimmsnarl|68\/100\n|move|p2a: Decidueye|Triple Arrows|p1b: Grimmsnarl\n|-damage|p1b: Grimmsnarl|36\/100\n|-unboost|p1b: Grimmsnarl|def|1\n|\n|-heal|p2b: Torkoal|27\/100|[from] item: Leftovers\n|-heal|p1a: Garganacl|15\/100|[from] item: Leftovers\n|-heal|p2a: Decidueye|64\/100|[from] item: Leftovers\n|-damage|p2b: Torkoal|15\/100|[from] Salt Cure\n|-fieldend|move: Trick Room\n|upkeep\n|turn|10\n|\n|t:|1700421402\n|move|p1b: Grimmsnarl|Thunder Wave|p2a: Decidueye\n|-status|p2a: Decidueye|par\n|move|p2a: Decidueye|Triple Arrows|p1b: Grimmsnarl\n|-damage|p1b: Grimmsnarl|0 fnt\n|faint|p1b: Grimmsnarl\n|move|p1a: Garganacl|Salt Cure|p2a: Decidueye\n|-resisted|p2a: Decidueye\n|-damage|p2a: Decidueye|55\/100 par\n|-start|p2a: Decidueye|Salt Cure\n|move|p2b: Torkoal|Eruption|p1a: Garganacl\n|-resisted|p1a: Garganacl\n|-damage|p1a: Garganacl|13\/100\n|\n|-heal|p2a: Decidueye|61\/100 par|[from] item: Leftovers\n|-heal|p1a: Garganacl|19\/100|[from] item: Leftovers\n|-heal|p2b: Torkoal|21\/100|[from] item: Leftovers\n|-damage|p2a: Decidueye|49\/100 par|[from] Salt Cure\n|-damage|p2b: Torkoal|8\/100|[from] Salt Cure\n|upkeep\n|inactive|Harchitkamal has 90 seconds left.\n|\n|t:|1700421421\n|switch|p1b: Goodra|Goodra-Hisui, M|65\/100\n|turn|11\n|\n|t:|1700421436\n|move|p1a: Garganacl|Protect|p1a: Garganacl\n|-singleturn|p1a: Garganacl|Protect\n|move|p1b: Goodra|Fire Blast|p2a: Decidueye\n|-supereffective|p2a: Decidueye\n|-damage|p2a: Decidueye|0 fnt\n|faint|p2a: Decidueye\n|move|p2b: Torkoal|Solar Beam||[still]\n|-prepare|p2b: Torkoal|Solar Beam\n|\n|-heal|p1a: Garganacl|25\/100|[from] item: Leftovers\n|-heal|p2b: Torkoal|14\/100|[from] item: Leftovers\n|-damage|p2b: Torkoal|2\/100|[from] Salt Cure\n|upkeep\n|\n|t:|1700421446\n|switch|p2a: Samurott|Samurott-Hisui, F, shiny|100\/100\n|-damage|p2a: Samurott|88\/100|[from] Spikes\n|-damage|p2a: Samurott|76\/100|[from] Stealth Rock\n|turn|12\n|inactive|Harchitkamal has 120 seconds left.\n|\n|t:|1700421468\n|move|p2a: Samurott|Sacred Sword|p1b: Goodra\n|-supereffective|p1b: Goodra\n|-damage|p1b: Goodra|0 fnt\n|faint|p1b: Goodra\n|-damage|p2a: Samurott|66\/100|[from] item: Life Orb\n|move|p1a: Garganacl|Salt Cure|p2a: Samurott\n|-damage|p2a: Samurott|47\/100\n|-start|p2a: Samurott|Salt Cure\n|move|p2b: Torkoal|Solar Beam|p1a: Garganacl|[from]lockedmove\n|-supereffective|p1a: Garganacl\n|-damage|p1a: Garganacl|0 fnt\n|faint|p1a: Garganacl\n|\n|win|King-Wing_gamer\n|raw|Harchitkamal's rating: 1121 &rarr; <strong>1095<\/strong><br \/>(-26 for losing)\n|raw|King-Wing_gamer's rating: 1107 &rarr; <strong>1133<\/strong><br \/>(+26 for winning)\n|l|\u2606Harchitkamal\n","uploadtime":1700422870,"views":3,"p1id":"harchitkamal","p2id":"kingwinggamer","formatid":"gen9doublesou","rating":1095,"private":0,"password":""}