{"id":"gen9doublesou-1981377633","p1":"zeref203","p2":"aFadab","format":"[Gen 9] Doubles OU","log":"|j|\u2606zeref203\n|j|\u2606aFadab\n|t:|1698889214\n|gametype|doubles\n|player|p1|zeref203|102|1187\n|player|p2|aFadab|flint|1108\n|teamsize|p1|6\n|teamsize|p2|6\n|gen|9\n|tier|[Gen 9] Doubles OU\n|rated|\n|rule|Species Clause: Limit one of each Pok\u00e9mon\n|rule|OHKO Clause: OHKO moves are banned\n|rule|Evasion Moves Clause: Evasion moves are banned\n|rule|Gravity Sleep Clause: The combination of sleep-inducing moves with imperfect accuracy and Gravity or Gigantamax Orbeetle are banned\n|rule|Endless Battle Clause: Forcing endless battles is banned\n|rule|HP Percentage Mod: HP is shown in percentages\n|clearpoke\n|poke|p1|Great Tusk|\n|poke|p1|Ninetales, M|\n|poke|p1|Sableye, M|\n|poke|p1|Flutter Mane|\n|poke|p1|Goodra-Hisui, M|\n|poke|p1|Arboliva, F|\n|poke|p2|Maushold-Four|\n|poke|p2|Gholdengo|\n|poke|p2|Iron Bundle|\n|poke|p2|Uxie|\n|poke|p2|Toxtricity, M|\n|poke|p2|Amoonguss, F|\n|teampreview\n|inactive|Battle timer is ON: inactive players will automatically lose when time's up. (requested by zeref203)\n|inactive|aFadab also wants the timer to be on.\n|\n|t:|1698889225\n|start\n|switch|p1a: Benimaru|Ninetales, M|100\/100\n|switch|p1b: Milim|Flutter Mane|100\/100\n|switch|p2a: Gholdengo|Gholdengo|100\/100\n|switch|p2b: Uxie|Uxie|100\/100\n|-weather|SunnyDay|[from] ability: Drought|[of] p1a: Benimaru\n|-activate|p1b: Milim|ability: Protosynthesis\n|-start|p1b: Milim|protosynthesisspe\n|turn|1\n|\n|t:|1698889250\n|move|p1b: Milim|Imprison|p1b: Milim\n|-start|p1b: Milim|move: Imprison\n|move|p1a: Benimaru|Heat Wave|p2b: Uxie|[spread] p2a,p2b\n|-supereffective|p2a: Gholdengo\n|-damage|p2a: Gholdengo|23\/100\n|-damage|p2b: Uxie|69\/100\n|move|p2b: Uxie|Knock Off|p1b: Milim\n|-damage|p1b: Milim|65\/100\n|-enditem|p1b: Milim|Wise Glasses|[from] move: Knock Off|[of] p2b: Uxie\n|move|p2a: Gholdengo|Make It Rain|p1a: Benimaru|[spread] p1a,p1b\n|-resisted|p1a: Benimaru\n|-supereffective|p1b: Milim\n|-damage|p1a: Benimaru|58\/100\n|-damage|p1b: Milim|0 fnt\n|-unboost|p2a: Gholdengo|spa|1\n|faint|p1b: Milim\n|-end|p1b: Milim|Protosynthesis|[silent]\n|-damage|p2a: Gholdengo|13\/100|[from] item: Life Orb\n|\n|-weather|SunnyDay|[upkeep]\n|upkeep\n|\n|t:|1698889274\n|switch|p1b: Diablo|Sableye, M, shiny|100\/100\n|turn|2\n|\n|t:|1698889292\n|move|p1b: Diablo|Taunt|p2b: Uxie\n|-start|p2b: Uxie|move: Taunt\n|move|p1a: Benimaru|Heat Wave|p2b: Uxie|[spread] p2a,p2b\n|-supereffective|p2a: Gholdengo\n|-damage|p2a: Gholdengo|0 fnt\n|-damage|p2b: Uxie|37\/100\n|faint|p2a: Gholdengo\n|cant|p2b: Uxie|move: Taunt|Yawn\n|\n|-weather|SunnyDay|[upkeep]\n|upkeep\n|\n|t:|1698889306\n|switch|p2a: Maushold|Maushold-Four|100\/100\n|turn|3\n|\n|t:|1698889321\n|move|p1b: Diablo|Will-O-Wisp|p2a: Maushold|[miss]\n|-miss|p1b: Diablo|p2a: Maushold\n|move|p1a: Benimaru|Heat Wave|p2a: Maushold|[spread] p2a,p2b\n|-damage|p2a: Maushold|58\/100\n|-damage|p2b: Uxie|6\/100\n|move|p2a: Maushold|Super Fang|p1a: Benimaru\n|-damage|p1a: Benimaru|29\/100\n|move|p2b: Uxie|Knock Off|p1a: Benimaru\n|-damage|p1a: Benimaru|1\/100\n|-enditem|p1a: Benimaru|Heat Rock|[from] move: Knock Off|[of] p2b: Uxie\n|\n|-weather|SunnyDay|[upkeep]\n|upkeep\n|turn|4\n|\n|t:|1698889342\n|move|p1a: Benimaru|Heat Wave|p2a: Maushold|[spread] p2a\n|-miss|p1a: Benimaru|p2b: Uxie\n|-damage|p2a: Maushold|9\/100\n|move|p2a: Maushold|Population Bomb|p1a: Benimaru\n|-damage|p1a: Benimaru|0 fnt\n|faint|p1a: Benimaru\n|-hitcount|p1: Benimaru|1\n|move|p2b: Uxie|Knock Off|p1b: Diablo\n|-damage|p1b: Diablo|74\/100\n|-enditem|p1b: Diablo|Leftovers|[from] move: Knock Off|[of] p2b: Uxie\n|move|p1b: Diablo|Foul Play|p2a: Maushold\n|-crit|p2a: Maushold\n|-damage|p2a: Maushold|0 fnt\n|-damage|p1b: Diablo|58\/100|[from] item: Rocky Helmet|[of] p2a: Maushold\n|faint|p2a: Maushold\n|\n|-weather|SunnyDay|[upkeep]\n|-end|p2b: Uxie|move: Taunt\n|upkeep\n|inactive|aFadab has 120 seconds left.\n|\n|t:|1698889372\n|switch|p1a: Geld|Great Tusk|100\/100\n|switch|p2a: Toxtricity|Toxtricity, M, shiny|100\/100\n|-activate|p1a: Geld|ability: Protosynthesis\n|-start|p1a: Geld|protosynthesisatk\n|turn|5\n|\n|t:|1698889385\n|-terastallize|p2a: Toxtricity|Flying\n|move|p2a: Toxtricity|Shift Gear|p2a: Toxtricity\n|-boost|p2a: Toxtricity|spe|2\n|-boost|p2a: Toxtricity|atk|1\n|move|p1a: Geld|Close Combat|p2a: Toxtricity\n|-resisted|p2a: Toxtricity\n|-damage|p2a: Toxtricity|32\/100\n|-unboost|p1a: Geld|def|1\n|-unboost|p1a: Geld|spd|1\n|-enditem|p1a: Geld|Eject Pack\n|\n|t:|1698889398\n|-end|p1a: Geld|Protosynthesis|[silent]\n|switch|p1a: Shion|Arboliva, F|100\/100\n|move|p2b: Uxie|Yawn|p1a: Shion\n|-start|p1a: Shion|move: Yawn|[of] p2b: Uxie\n|move|p1b: Diablo|Foul Play|p2b: Uxie\n|-supereffective|p2b: Uxie\n|-damage|p2b: Uxie|0 fnt\n|faint|p2b: Uxie\n|\n|-weather|SunnyDay|[upkeep]\n|upkeep\n|\n|t:|1698889412\n|switch|p2b: Amoonguss|Amoonguss, F|100\/100\n|turn|6\n|\n|t:|1698889426\n|move|p1b: Diablo|Encore|p2a: Toxtricity\n|-start|p2a: Toxtricity|Encore\n|move|p2a: Toxtricity|Shift Gear|p2a: Toxtricity\n|-boost|p2a: Toxtricity|spe|2\n|-boost|p2a: Toxtricity|atk|1\n|move|p1a: Shion|Pollen Puff|p2b: Amoonguss\n|-crit|p2b: Amoonguss\n|-damage|p2b: Amoonguss|65\/100\n|move|p2b: Amoonguss|Pollen Puff|p2a: Toxtricity\n|-heal|p2a: Toxtricity|82\/100\n|\n|-weather|SunnyDay|[upkeep]\n|-end|p1a: Shion|move: Yawn|[silent]\n|-status|p1a: Shion|slp\n|upkeep\n|turn|7\n|\n|t:|1698889449\n|switch|p1a: RIimiru|Goodra-Hisui, M|100\/100\n|move|p2a: Toxtricity|Shift Gear|p2a: Toxtricity\n|-boost|p2a: Toxtricity|spe|2\n|-boost|p2a: Toxtricity|atk|1\n|move|p1b: Diablo|Foul Play|p2a: Toxtricity\n|-damage|p2a: Toxtricity|0 fnt\n|faint|p2a: Toxtricity\n|move|p2b: Amoonguss|Spore|p1b: Diablo\n|-status|p1b: Diablo|slp|[from] move: Spore\n|\n|-weather|SunnyDay|[upkeep]\n|upkeep\n|inactive|aFadab has 120 seconds left.\n|\n|t:|1698889465\n|switch|p2a: Iron Bundle|Iron Bundle, shiny|100\/100\n|turn|8\n|\n|t:|1698889483\n|cant|p1b: Diablo|slp\n|move|p2a: Iron Bundle|Hydro Pump|p1b: Diablo\n|-damage|p1b: Diablo|28\/100 slp\n|move|p1a: RIimiru|Thunder Punch|p2a: Iron Bundle\n|-supereffective|p2a: Iron Bundle\n|-damage|p2a: Iron Bundle|38\/100\n|move|p2b: Amoonguss|Spore|p1a: RIimiru\n|-ability|p1a: RIimiru|Sap Sipper|boost\n|-boost|p1a: RIimiru|atk|1\n|\n|-weather|none\n|upkeep\n|turn|9\n|inactive|aFadab has 120 seconds left.\n|-message|aFadab forfeited.\n|\n|win|zeref203\n|raw|zeref203's rating: 1187 &rarr; <strong>1206<\/strong><br \/>(+19 for winning)\n|raw|aFadab's rating: 1108 &rarr; <strong>1089<\/strong><br \/>(-19 for losing)\n|l|\u2606aFadab\n","uploadtime":1698889531,"views":30,"p1id":"zeref203","p2id":"afadab","formatid":"gen9doublesou","rating":1089,"private":0,"password":""}