{"id":"gen9doublesou-1984782164","p1":"gbutters19","p2":"A301i","format":"[Gen 9] Doubles OU","log":"|j|\u2606gbutters19\n|j|\u2606A301i\n|t:|1699298565\n|gametype|doubles\n|player|p1|gbutters19|chef|\n|player|p2|A301i|266|\n|teamsize|p1|6\n|teamsize|p2|6\n|gen|9\n|tier|[Gen 9] Doubles OU\n|rule|Species Clause: Limit one of each Pok\u00e9mon\n|rule|OHKO Clause: OHKO moves are banned\n|rule|Evasion Moves Clause: Evasion moves are banned\n|rule|Gravity Sleep Clause: The combination of sleep-inducing moves with imperfect accuracy and Gravity or Gigantamax Orbeetle are banned\n|rule|Endless Battle Clause: Forcing endless battles is banned\n|rule|HP Percentage Mod: HP is shown in percentages\n|clearpoke\n|poke|p1|Dusclops, M|\n|poke|p1|Iron Hands|\n|poke|p1|Cresselia, F|\n|poke|p1|Landorus-Therian, M|\n|poke|p1|Sylveon, F|\n|poke|p1|Snorlax, F|\n|poke|p2|Clefairy, M|\n|poke|p2|Chi-Yu|\n|poke|p2|Roaring Moon|\n|poke|p2|Rotom-Wash|\n|poke|p2|Kingambit, M|\n|poke|p2|Calyrex|\n|teampreview\n|j| ff4fan\n|c|\u2606gbutters19|hey!\n|c|\u2606gbutters19|glhf\n|c| ff4fan|gl you 2\n|c|\u2606A301i|Good luck!\n|\n|t:|1699298606\n|start\n|switch|p1a: Iron Hands|Iron Hands, shiny|100\/100\n|switch|p1b: Cresselia|Cresselia, F|100\/100\n|switch|p2a: Roaring Moon|Roaring Moon, shiny|100\/100\n|switch|p2b: Calyrex|Calyrex|100\/100\n|-ability|p2b: Calyrex|Unnerve\n|-enditem|p2a: Roaring Moon|Booster Energy\n|-activate|p2a: Roaring Moon|ability: Protosynthesis|[fromitem]\n|-start|p2a: Roaring Moon|protosynthesisspe\n|turn|1\n|\n|t:|1699298643\n|switch|p1b: Landorus|Landorus-Therian, M, shiny|100\/100\n|-ability|p1b: Landorus|Intimidate|boost\n|-unboost|p2a: Roaring Moon|atk|1\n|-unboost|p2b: Calyrex|atk|1\n|move|p1a: Iron Hands|Fake Out|p2a: Roaring Moon\n|-damage|p2a: Roaring Moon|78\/100\n|cant|p2a: Roaring Moon|flinch\n|move|p2b: Calyrex|Psychic|p1a: Iron Hands\n|-supereffective|p1a: Iron Hands\n|-damage|p1a: Iron Hands|75\/100\n|\n|upkeep\n|turn|2\n|\n|t:|1699298663\n|-terastallize|p2a: Roaring Moon|Flying\n|move|p2a: Roaring Moon|Acrobatics|p1a: Iron Hands\n|-damage|p1a: Iron Hands|49\/100\n|move|p1b: Landorus|U-turn|p2b: Calyrex\n|-supereffective|p2b: Calyrex\n|-damage|p2b: Calyrex|0 fnt\n|faint|p2b: Calyrex\n|\n|t:|1699298673\n|switch|p1b: Dusclops|Dusclops, M, shiny|100\/100|[from] U-turn\n|move|p1a: Iron Hands|Drain Punch|p2a: Roaring Moon\n|-resisted|p2a: Roaring Moon\n|-damage|p2a: Roaring Moon|50\/100\n|-heal|p1a: Iron Hands|60\/100|[from] drain|[of] p2a: Roaring Moon\n|\n|upkeep\n|\n|t:|1699298682\n|switch|p2b: Chi-Yu|Chi-Yu|100\/100\n|-ability|p2b: Chi-Yu|Beads of Ruin\n|turn|3\n|\n|t:|1699298744\n|-end|p1a: Iron Hands|Quark Drive|[silent]\n|switch|p1a: Landorus|Landorus-Therian, M, shiny|100\/100\n|-ability|p1a: Landorus|Intimidate|boost\n|-unboost|p2a: Roaring Moon|atk|1\n|-unboost|p2b: Chi-Yu|atk|1\n|move|p2a: Roaring Moon|Knock Off|p1b: Dusclops\n|-supereffective|p1b: Dusclops\n|-damage|p1b: Dusclops|63\/100\n|-enditem|p1b: Dusclops|Eviolite|[from] move: Knock Off|[of] p2a: Roaring Moon\n|move|p2b: Chi-Yu|Heat Wave|p1b: Dusclops|[spread] p1b\n|-miss|p2b: Chi-Yu|p1a: Landorus\n|-damage|p1b: Dusclops|4\/100\n|-damage|p2b: Chi-Yu|91\/100|[from] item: Life Orb\n|move|p1b: Dusclops|Trick Room|p1b: Dusclops\n|-fieldstart|move: Trick Room|[of] p1b: Dusclops\n|\n|upkeep\n|turn|4\n|c| ff4fan|daaaaamn\n|\n|t:|1699298771\n|switch|p2b: Clefairy|Clefairy, M, shiny|100\/100\n|switch|p1a: Snorlax|Snorlax, F|100\/100\n|-end|p2a: Roaring Moon|Protosynthesis|[silent]\n|switch|p2a: Rotom|Rotom-Wash, shiny|100\/100\n|move|p1b: Dusclops|Pain Split|p2b: Clefairy\n|-sethp|p2b: Clefairy|52\/100|[from] move: Pain Split|[silent]\n|-sethp|p1b: Dusclops|65\/100|[from] move: Pain Split\n|\n|upkeep\n|turn|5\n|\n|t:|1699298804\n|move|p2b: Clefairy|Helping Hand|p2a: Rotom\n|-singleturn|p2a: Rotom|Helping Hand|[of] p2b: Clefairy\n|move|p1b: Dusclops|Pain Split|p2a: Rotom\n|-sethp|p2a: Rotom|74\/100|[from] move: Pain Split|[silent]\n|-sethp|p1b: Dusclops|99\/100|[from] move: Pain Split\n|move|p1a: Snorlax|Belly Drum|p1a: Snorlax\n|-damage|p1a: Snorlax|50\/100\n|-setboost|p1a: Snorlax|atk|6|[from] move: Belly Drum\n|-enditem|p1a: Snorlax|Sitrus Berry|[eat]\n|-heal|p1a: Snorlax|75\/100|[from] item: Sitrus Berry\n|move|p2a: Rotom|Thunderbolt|p1b: Dusclops\n|-damage|p1b: Dusclops|34\/100\n|\n|upkeep\n|turn|6\n|\n|t:|1699298824\n|move|p2b: Clefairy|Helping Hand|p2a: Rotom\n|-singleturn|p2a: Rotom|Helping Hand|[of] p2b: Clefairy\n|move|p1b: Dusclops|Pain Split|p2a: Rotom\n|-sethp|p2a: Rotom|50\/100|[from] move: Pain Split|[silent]\n|-sethp|p1b: Dusclops|67\/100|[from] move: Pain Split\n|-enditem|p2a: Rotom|Sitrus Berry|[eat]\n|-heal|p2a: Rotom|75\/100|[from] item: Sitrus Berry\n|move|p1a: Snorlax|Facade|p2b: Clefairy\n|-damage|p2b: Clefairy|0 fnt\n|faint|p2b: Clefairy\n|move|p2a: Rotom|Hydro Pump|p1a: Snorlax\n|-damage|p1a: Snorlax|21\/100\n|\n|upkeep\n|\n|t:|1699298839\n|switch|p2b: Kingambit|Kingambit, M, shiny|100\/100\n|-item|p2b: Kingambit|Air Balloon\n|turn|7\n|\n|t:|1699298862\n|switch|p1b: Iron Hands|Iron Hands, shiny|60\/100\n|move|p1a: Snorlax|Protect|p1a: Snorlax\n|-singleturn|p1a: Snorlax|Protect\n|move|p2b: Kingambit|Kowtow Cleave|p1b: Iron Hands\n|-resisted|p1b: Iron Hands\n|-damage|p1b: Iron Hands|42\/100\n|move|p2a: Rotom|Foul Play|p1a: Snorlax\n|-activate|p1a: Snorlax|move: Protect\n|\n|-fieldend|move: Trick Room\n|upkeep\n|turn|8\n|\n|t:|1699298899\n|switch|p2b: Roaring Moon|Roaring Moon, shiny, tera:Flying|50\/100\n|move|p1b: Iron Hands|Fake Out|p2a: Rotom\n|-damage|p2a: Rotom|59\/100\n|cant|p2a: Rotom|flinch\n|move|p1a: Snorlax|Facade|p2a: Rotom\n|-damage|p2a: Rotom|0 fnt\n|faint|p2a: Rotom\n|\n|upkeep\n|\n|t:|1699298918\n|switch|p2a: Chi-Yu|Chi-Yu|91\/100\n|-ability|p2a: Chi-Yu|Beads of Ruin\n|turn|9\n|\n|t:|1699298942\n|-terastallize|p1b: Iron Hands|Water\n|move|p2b: Roaring Moon|Tailwind|p2b: Roaring Moon\n|-sidestart|p2: A301i|move: Tailwind\n|move|p2a: Chi-Yu|Heat Wave|p1b: Iron Hands|[spread] p1a,p1b\n|-resisted|p1b: Iron Hands\n|-damage|p1a: Snorlax|0 fnt\n|-damage|p1b: Iron Hands|25\/100\n|faint|p1a: Snorlax\n|-damage|p2a: Chi-Yu|81\/100|[from] item: Life Orb\n|move|p1b: Iron Hands|Drain Punch|p2a: Chi-Yu\n|-supereffective|p2a: Chi-Yu\n|-damage|p2a: Chi-Yu|0 fnt\n|-heal|p1b: Iron Hands|46\/100|[from] drain|[of] p2a: Chi-Yu\n|faint|p2a: Chi-Yu\n|\n|upkeep\n|\n|t:|1699298965\n|switch|p2a: Kingambit|Kingambit, M, shiny|100\/100\n|switch|p1a: Cresselia|Cresselia, F|100\/100\n|-item|p2a: Kingambit|Air Balloon\n|turn|10\n|\n|t:|1699298976\n|move|p2a: Kingambit|Sucker Punch|p1b: Iron Hands\n|-damage|p1b: Iron Hands|16\/100\n|move|p2b: Roaring Moon|Knock Off|p1a: Cresselia\n|-supereffective|p1a: Cresselia\n|-damage|p1a: Cresselia|47\/100\n|-enditem|p1a: Cresselia|Mental Herb|[from] move: Knock Off|[of] p2b: Roaring Moon\n|move|p1a: Cresselia|Lunar Blessing|p1a: Cresselia|[spread] p1a,p1b\n|-heal|p1a: Cresselia|72\/100\n|-heal|p1b: Iron Hands|41\/100\n|move|p1b: Iron Hands|Drain Punch|p2a: Kingambit\n|-supereffective|p2a: Kingambit\n|-damage|p2a: Kingambit|0 fnt\n|-heal|p1b: Iron Hands|78\/100|[from] drain|[of] p2a: Kingambit\n|-enditem|p2a: Kingambit|Air Balloon\n|faint|p2a: Kingambit\n|\n|upkeep\n|turn|11\n|\n|t:|1699299007\n|move|p2b: Roaring Moon|Acrobatics|p1b: Iron Hands\n|-damage|p1b: Iron Hands|38\/100\n|move|p1a: Cresselia|Lunar Blessing|p1a: Cresselia|[spread] p1a,p1b\n|-heal|p1a: Cresselia|97\/100\n|-heal|p1b: Iron Hands|62\/100\n|move|p1b: Iron Hands|Thunder Punch|p2b: Roaring Moon\n|-supereffective|p2b: Roaring Moon\n|-crit|p2b: Roaring Moon\n|-damage|p2b: Roaring Moon|0 fnt\n|faint|p2b: Roaring Moon\n|-end|p2b: Roaring Moon|Protosynthesis|[silent]\n|\n|win|gbutters19\n|c|\u2606gbutters19|gg\n|c| ff4fan|gg you guys\n|c|\u2606A301i|GG I had nothing for Iron Hands\n|c|\u2606gbutters19|yeah iron hands is an asshole tbh\n|c| ff4fan|cant believe dus lops lived lol\n|c|\u2606gbutters19|can't believe dusclops was pu lol\n","uploadtime":1699299071,"views":28,"p1id":"gbutters19","p2id":"a301i","formatid":"gen9doublesou","rating":0,"private":0,"password":""}