{"id":"gen9doublesou-1980573196","p1":"lobonatoca","p2":"UY QUE RICO PAPI","format":"[Gen 9] Doubles OU","log":"|j|\u2606lobonatoca\n|j|\u2606UY QUE RICO PAPI\n|t:|1698798858\n|gametype|doubles\n|player|p1|lobonatoca|102|1316\n|player|p2|UY QUE RICO PAPI|1|1320\n|teamsize|p1|6\n|teamsize|p2|6\n|gen|9\n|tier|[Gen 9] Doubles OU\n|rated|\n|rule|Species Clause: Limit one of each Pok\u00e9mon\n|rule|OHKO Clause: OHKO moves are banned\n|rule|Evasion Moves Clause: Evasion moves are banned\n|rule|Gravity Sleep Clause: The combination of sleep-inducing moves with imperfect accuracy and Gravity or Gigantamax Orbeetle are banned\n|rule|Endless Battle Clause: Forcing endless battles is banned\n|rule|HP Percentage Mod: HP is shown in percentages\n|clearpoke\n|poke|p1|Armarouge, F|\n|poke|p1|Farigiraf, F|\n|poke|p1|Ursaluna, F|\n|poke|p1|Pawmot, F|\n|poke|p1|Roaring Moon|\n|poke|p1|Maushold|\n|poke|p2|Bronzong|\n|poke|p2|Weavile, M|\n|poke|p2|Hatterene, F|\n|poke|p2|Ursaluna, F|\n|poke|p2|Trevenant, F|\n|poke|p2|Orthworm, F|\n|teampreview\n|inactive|Battle timer is ON: inactive players will automatically lose when time's up. (requested by lobonatoca)\n|\n|t:|1698798874\n|start\n|switch|p1a: Roaring Moon|Roaring Moon|100\/100\n|switch|p1b: Pawmot|Pawmot, F|100\/100\n|switch|p2a: Bronzong|Bronzong|100\/100\n|switch|p2b: Weavile|Weavile, M|100\/100\n|-enditem|p1a: Roaring Moon|Booster Energy\n|-activate|p1a: Roaring Moon|ability: Protosynthesis|[fromitem]\n|-start|p1a: Roaring Moon|protosynthesisatk\n|turn|1\n|\n|t:|1698798894\n|move|p2b: Weavile|Fake Out|p1b: Pawmot\n|-damage|p1b: Pawmot|79\/100\n|cant|p1b: Pawmot|flinch\n|move|p1a: Roaring Moon|Knock Off|p2a: Bronzong\n|-supereffective|p2a: Bronzong\n|-enditem|p2a: Bronzong|Focus Sash\n|-damage|p2a: Bronzong|1\/100\n|move|p2a: Bronzong|Trick Room|p2a: Bronzong\n|-fieldstart|move: Trick Room|[of] p2a: Bronzong\n|\n|upkeep\n|turn|2\n|\n|t:|1698798916\n|move|p2b: Weavile|Ice Shard|p1a: Roaring Moon\n|-supereffective|p1a: Roaring Moon\n|-damage|p1a: Roaring Moon|48\/100\n|move|p2a: Bronzong|Stealth Rock|p1b: Pawmot\n|-sidestart|p1: lobonatoca|move: Stealth Rock\n|move|p1a: Roaring Moon|Dragon Claw|p2a: Bronzong\n|-resisted|p2a: Bronzong\n|-damage|p2a: Bronzong|0 fnt\n|faint|p2a: Bronzong\n|move|p1b: Pawmot|Close Combat|p2b: Weavile\n|-supereffective|p2b: Weavile\n|-enditem|p2b: Weavile|Focus Sash\n|-damage|p2b: Weavile|1\/100\n|-unboost|p1b: Pawmot|def|1\n|-unboost|p1b: Pawmot|spd|1\n|-enditem|p1b: Pawmot|Focus Sash|[silent]|[from] ability: Pickpocket|[of] p1b: Pawmot\n|-item|p2b: Weavile|Focus Sash|[from] ability: Pickpocket|[of] p1b: Pawmot\n|\n|upkeep\n|\n|t:|1698798932\n|switch|p2a: Ursaluna|Ursaluna, F|100\/100\n|turn|3\n|\n|t:|1698798957\n|-terastallize|p2a: Ursaluna|Ground\n|move|p2b: Weavile|Helping Hand|p2a: Ursaluna\n|-singleturn|p2a: Ursaluna|Helping Hand|[of] p2b: Weavile\n|move|p2a: Ursaluna|Earthquake|p1b: Pawmot|[spread] p2b,p1a,p1b\n|-supereffective|p1b: Pawmot\n|-damage|p2b: Weavile|0 fnt\n|-damage|p1a: Roaring Moon|0 fnt\n|-damage|p1b: Pawmot|0 fnt\n|faint|p2b: Weavile\n|faint|p1a: Roaring Moon\n|-end|p1a: Roaring Moon|Protosynthesis|[silent]\n|faint|p1b: Pawmot\n|\n|-status|p2a: Ursaluna|brn|[from] item: Flame Orb\n|upkeep\n|\n|t:|1698798978\n|switch|p1a: Farigiraf|Farigiraf, F|100\/100\n|switch|p1b: Ursaluna|Ursaluna, F|100\/100\n|switch|p2b: Orthworm|Orthworm, F|100\/100\n|-damage|p1b: Ursaluna|94\/100|[from] Stealth Rock\n|-damage|p1a: Farigiraf|88\/100|[from] Stealth Rock\n|turn|4\n|\n|t:|1698798990\n|move|p2b: Orthworm|Helping Hand|p2a: Ursaluna\n|-singleturn|p2a: Ursaluna|Helping Hand|[of] p2b: Orthworm\n|move|p1b: Ursaluna|Protect|p1b: Ursaluna\n|-singleturn|p1b: Ursaluna|Protect\n|move|p2a: Ursaluna|Earthquake|p1b: Ursaluna|[spread] p1a\n|-activate|p1b: Ursaluna|move: Protect\n|-immune|p2b: Orthworm|[from] ability: Earth Eater\n|-damage|p1a: Farigiraf|0 fnt\n|faint|p1a: Farigiraf\n|\n|-damage|p2a: Ursaluna|94\/100 brn|[from] brn\n|-status|p1b: Ursaluna|brn|[from] item: Flame Orb\n|upkeep\n|\n|t:|1698799003\n|switch|p1a: Maushold|Maushold|100\/100\n|-damage|p1a: Maushold|88\/100|[from] Stealth Rock\n|turn|5\n|\n|t:|1698799022\n|-terastallize|p1a: Maushold|Grass\n|move|p2a: Ursaluna|Protect|p2a: Ursaluna\n|-singleturn|p2a: Ursaluna|Protect\n|move|p2b: Orthworm|Shed Tail|p2b: Orthworm\n|-start|p2b: Orthworm|Substitute|[from] move: Shed Tail\n|-damage|p2b: Orthworm|50\/100\n|-enditem|p2b: Orthworm|Sitrus Berry|[eat]\n|-heal|p2b: Orthworm|75\/100|[from] item: Sitrus Berry\n|\n|t:|1698799030\n|switch|p2b: Trevenant|Trevenant, F|100\/100|[from] Shed Tail\n|move|p1b: Ursaluna|Facade|p2a: Ursaluna\n|-activate|p2a: Ursaluna|move: Protect\n|move|p1a: Maushold|Tidy Up|p1a: Maushold\n|-end|p2b: Trevenant|Substitute\n|-sideend|p1: lobonatoca|Stealth Rock\n|-activate|p1a: Maushold|move: Tidy Up\n|-boost|p1a: Maushold|atk|1\n|-boost|p1a: Maushold|spe|1\n|\n|-damage|p2a: Ursaluna|88\/100 brn|[from] brn\n|-damage|p1b: Ursaluna|88\/100 brn|[from] brn\n|-fieldend|move: Trick Room\n|upkeep\n|turn|6\n|\n|t:|1698799057\n|switch|p1b: Armarouge|Armarouge, F|100\/100\n|switch|p2a: Orthworm|Orthworm, F|75\/100\n|move|p1a: Maushold|Bullet Seed|p2a: Orthworm\n|-resisted|p2a: Orthworm\n|-damage|p2a: Orthworm|68\/100\n|-resisted|p2a: Orthworm\n|-damage|p2a: Orthworm|61\/100\n|-hitcount|p2a: Orthworm|2\n|move|p2b: Trevenant|Trick Room|p2b: Trevenant\n|-fieldstart|move: Trick Room|[of] p2b: Trevenant\n|\n|upkeep\n|turn|7\n|\n|t:|1698799085\n|move|p2b: Trevenant|Destiny Bond|p2b: Trevenant\n|-singlemove|p2b: Trevenant|Destiny Bond\n|move|p2a: Orthworm|Shed Tail|p2a: Orthworm\n|-start|p2a: Orthworm|Substitute|[from] move: Shed Tail\n|-damage|p2a: Orthworm|11\/100\n|\n|t:|1698799092\n|switch|p2a: Ursaluna|Ursaluna, F, tera:Ground|88\/100 brn|[from] Shed Tail\n|move|p1b: Armarouge|Trick|p2b: Trevenant\n|-activate|p1b: Armarouge|move: Trick|[of] p2b: Trevenant\n|-item|p2b: Trevenant|Choice Scarf|[from] move: Trick\n|-item|p1b: Armarouge|Sitrus Berry|[from] move: Trick\n|move|p1a: Maushold|Population Bomb|p2a: Ursaluna\n|-activate|p2a: Ursaluna|move: Substitute|[damage]\n|-end|p2a: Ursaluna|Substitute\n|-damage|p2a: Ursaluna|75\/100 brn\n|-damage|p2a: Ursaluna|64\/100 brn\n|-damage|p2a: Ursaluna|53\/100 brn\n|-damage|p2a: Ursaluna|42\/100 brn\n|-damage|p2a: Ursaluna|29\/100 brn\n|-damage|p2a: Ursaluna|18\/100 brn\n|-damage|p2a: Ursaluna|6\/100 brn\n|-damage|p2a: Ursaluna|0 fnt\n|faint|p2a: Ursaluna\n|-hitcount|p2: Ursaluna|10\n|\n|upkeep\n|inactive|UY QUE RICO PAPI has 120 seconds left.\n|\n|t:|1698799113\n|switch|p2a: Hatterene|Hatterene, F|100\/100\n|turn|8\n|inactive|UY QUE RICO PAPI has 120 seconds left.\n|\n|t:|1698799132\n|move|p2b: Trevenant|Ally Switch|p2b: Trevenant\n|swap|p2b: Trevenant|0|[from] move: Ally Switch\n|move|p2b: Hatterene|Dark Pulse|p1b: Armarouge\n|-supereffective|p1b: Armarouge\n|-damage|p1b: Armarouge|11\/100\n|-enditem|p1b: Armarouge|Sitrus Berry|[eat]\n|-heal|p1b: Armarouge|36\/100|[from] item: Sitrus Berry\n|cant|p1b: Armarouge|flinch\n|move|p1a: Maushold|Population Bomb|p2a: Trevenant\n|-immune|p2a: Trevenant\n|\n|upkeep\n|turn|9\n|\n|t:|1698799156\n|switch|p2a: Orthworm|Orthworm, F|11\/100\n|move|p2b: Hatterene|Psychic|p1a: Maushold\n|-damage|p1a: Maushold|10\/100\n|move|p1b: Armarouge|Heat Wave|p2b: Hatterene|[spread] p2a,p2b\n|-supereffective|p2a: Orthworm\n|-damage|p2a: Orthworm|0 fnt\n|-damage|p2b: Hatterene|66\/100\n|faint|p2a: Orthworm\n|move|p1a: Maushold|Population Bomb|p2b: Hatterene\n|-damage|p2b: Hatterene|49\/100\n|-damage|p2b: Hatterene|30\/100\n|-damage|p2b: Hatterene|12\/100\n|-damage|p2b: Hatterene|0 fnt\n|faint|p2b: Hatterene\n|-hitcount|p2: Hatterene|4\n|\n|upkeep\n|inactive|UY QUE RICO PAPI has 120 seconds left.\n|-message|UY QUE RICO PAPI forfeited.\n|\n|win|lobonatoca\n|raw|lobonatoca's rating: 1316 &rarr; <strong>1336<\/strong><br \/>(+20 for winning)\n|raw|UY QUE RICO PAPI's rating: 1320 &rarr; <strong>1300<\/strong><br \/>(-20 for losing)\n|l|\u2606UY QUE RICO PAPI\n","uploadtime":1698799179,"views":29,"p1id":"lobonatoca","p2id":"uyquericopapi","formatid":"gen9doublesou","rating":1300,"private":0,"password":""}