{"id":"gen9doublesou-1983043122","p1":"Anemo Ace","p2":"Metal Jester","format":"[Gen 9] Doubles OU","log":"|j|\u2606Anemo Ace\n|j|\u2606Metal Jester\n|t:|1699074405\n|gametype|doubles\n|player|p1|Anemo Ace|hilbert-wonderlauncher|1228\n|player|p2|Metal Jester|ingo|1242\n|teamsize|p1|6\n|teamsize|p2|6\n|gen|9\n|tier|[Gen 9] Doubles OU\n|rated|\n|rule|Species Clause: Limit one of each Pok\u00e9mon\n|rule|OHKO Clause: OHKO moves are banned\n|rule|Evasion Moves Clause: Evasion moves are banned\n|rule|Gravity Sleep Clause: The combination of sleep-inducing moves with imperfect accuracy and Gravity or Gigantamax Orbeetle are banned\n|rule|Endless Battle Clause: Forcing endless battles is banned\n|rule|HP Percentage Mod: HP is shown in percentages\n|clearpoke\n|poke|p1|Iron Treads|\n|poke|p1|Arboliva, F|\n|poke|p1|Florges-White, F|\n|poke|p1|Armarouge, M|\n|poke|p1|Walking Wake|\n|poke|p1|Sneasler, F|\n|poke|p2|Scizor, M|\n|poke|p2|Scyther, M|\n|poke|p2|Kleavor, M|\n|poke|p2|Volcarona, F|\n|poke|p2|Vivillon-Fancy, F|\n|poke|p2|Great Tusk|\n|teampreview\n|inactive|Battle timer is ON: inactive players will automatically lose when time's up. (requested by Metal Jester)\n|\n|t:|1699074418\n|start\n|switch|p1a: Arboliva|Arboliva, F|100\/100\n|switch|p1b: P.O.W|Iron Treads|100\/100\n|switch|p2a: Scyther|Scyther, M|100\/100\n|switch|p2b: Vivillon|Vivillon-Fancy, F|100\/100\n|turn|1\n|\n|t:|1699074436\n|switch|p1a: Florges|Florges-White, F|100\/100\n|move|p2a: Scyther|Tailwind|p2a: Scyther\n|-sidestart|p2: Metal Jester|move: Tailwind\n|move|p2b: Vivillon|Sleep Powder|p1b: P.O.W\n|-status|p1b: P.O.W|slp|[from] move: Sleep Powder\n|cant|p1b: P.O.W|slp\n|\n|upkeep\n|turn|2\n|\n|t:|1699074450\n|move|p2a: Scyther|Close Combat|p1b: P.O.W\n|-supereffective|p1b: P.O.W\n|-damage|p1b: P.O.W|47\/100 slp\n|-unboost|p2a: Scyther|def|1\n|-unboost|p2a: Scyther|spd|1\n|move|p2b: Vivillon|Sleep Powder|p1a: Florges\n|-status|p1a: Florges|slp|[from] move: Sleep Powder\n|-curestatus|p1b: P.O.W|slp|[msg]\n|move|p1b: P.O.W|Rock Slide|p2a: Scyther|[spread] p2a,p2b\n|-supereffective|p2a: Scyther\n|-supereffective|p2b: Vivillon\n|-damage|p2a: Scyther|0 fnt\n|-damage|p2b: Vivillon|0 fnt\n|faint|p2a: Scyther\n|faint|p2b: Vivillon\n|cant|p1a: Florges|slp\n|\n|upkeep\n|inactive|Metal Jester has 120 seconds left.\n|\n|t:|1699074477\n|switch|p2a: Great Tusk|Great Tusk|100\/100\n|switch|p2b: Volcarona|Volcarona, F, shiny|100\/100\n|-enditem|p2a: Great Tusk|Booster Energy\n|-activate|p2a: Great Tusk|ability: Protosynthesis|[fromitem]\n|-start|p2a: Great Tusk|protosynthesisatk\n|turn|3\n|inactive|Anemo Ace has 120 seconds left.\n|\n|t:|1699074517\n|-end|p1b: P.O.W|Quark Drive|[silent]\n|switch|p1b: Arboliva|Arboliva, F|100\/100\n|move|p2b: Volcarona|Quiver Dance|p2b: Volcarona\n|-boost|p2b: Volcarona|spa|1\n|-boost|p2b: Volcarona|spd|1\n|-boost|p2b: Volcarona|spe|1\n|move|p2a: Great Tusk|Headlong Rush|p1b: Arboliva\n|-resisted|p1b: Arboliva\n|-damage|p1b: Arboliva|61\/100\n|-unboost|p2a: Great Tusk|def|1\n|-unboost|p2a: Great Tusk|spd|1\n|-fieldstart|move: Grassy Terrain|[from] ability: Seed Sower|[of] p1b: Arboliva\n|cant|p1a: Florges|slp\n|\n|-heal|p1b: Arboliva|67\/100|[from] Grassy Terrain\n|upkeep\n|turn|4\n|\n|t:|1699074539\n|move|p2b: Volcarona|Fiery Dance|p1a: Florges\n|-damage|p1a: Florges|57\/100 slp\n|move|p2a: Great Tusk|Close Combat|p1b: Arboliva\n|-supereffective|p1b: Arboliva\n|-damage|p1b: Arboliva|0 fnt\n|-unboost|p2a: Great Tusk|def|1\n|-unboost|p2a: Great Tusk|spd|1\n|faint|p1b: Arboliva\n|cant|p1a: Florges|slp\n|\n|-heal|p1a: Florges|63\/100 slp|[from] Grassy Terrain\n|-sideend|p2: Metal Jester|move: Tailwind\n|upkeep\n|inactive|Anemo Ace has 120 seconds left.\n|inactive|Anemo Ace has 90 seconds left.\n|\n|t:|1699074594\n|switch|p1b: P.O.W|Iron Treads|47\/100\n|turn|5\n|inactive|Anemo Ace has 90 seconds left.\n|\n|t:|1699074605\n|-end|p2a: Great Tusk|Protosynthesis|[silent]\n|switch|p2a: Scizor|Scizor, M|100\/100\n|-terastallize|p1b: P.O.W|Psychic\n|move|p2b: Volcarona|Fiery Dance|p1b: P.O.W\n|-damage|p1b: P.O.W|0 fnt\n|-boost|p2b: Volcarona|spa|1\n|faint|p1b: P.O.W\n|-end|p1b: P.O.W|Quark Drive|[silent]\n|-curestatus|p1a: Florges|slp|[msg]\n|move|p1a: Florges|Pollen Puff|p1: P.O.W|[notarget]\n|-fail|p1a: Florges\n|\n|-heal|p1a: Florges|69\/100|[from] Grassy Terrain\n|upkeep\n|inactive|Anemo Ace has 90 seconds left.\n|\n|t:|1699074616\n|switch|p1b: Sneasler|Sneasler, F|100\/100\n|turn|6\n|\n|t:|1699074630\n|move|p2a: Scizor|Bullet Punch|p1a: Florges\n|-supereffective|p1a: Florges\n|-damage|p1a: Florges|0 fnt\n|faint|p1a: Florges\n|-damage|p2a: Scizor|91\/100|[from] item: Life Orb\n|move|p2b: Volcarona|Fiery Dance|p1b: Sneasler\n|-damage|p1b: Sneasler|0 fnt\n|-boost|p2b: Volcarona|spa|1\n|faint|p1b: Sneasler\n|\n|-heal|p2a: Scizor|97\/100|[from] Grassy Terrain\n|upkeep\n|inactive|Anemo Ace has 90 seconds left.\n|\n|t:|1699074650\n|switch|p1b: Weak Hero|Armarouge, M|100\/100\n|switch|p1a: Walking Wake|Walking Wake|100\/100\n|-item|p1b: Weak Hero|Air Balloon\n|turn|7\n|\n|t:|1699074666\n|-terastallize|p2b: Volcarona|Steel\n|move|p2b: Volcarona|Bug Buzz|p1b: Weak Hero\n|-damage|p1b: Weak Hero|0 fnt\n|-enditem|p1b: Weak Hero|Air Balloon\n|faint|p1b: Weak Hero\n|move|p1a: Walking Wake|Hydro Steam|p2b: Volcarona\n|-crit|p2b: Volcarona\n|-damage|p2b: Volcarona|19\/100\n|-damage|p1a: Walking Wake|91\/100|[from] item: Life Orb\n|move|p2a: Scizor|Dual Wingbeat|p1a: Walking Wake\n|-damage|p1a: Walking Wake|58\/100\n|-damage|p1a: Walking Wake|25\/100\n|-hitcount|p1a: Walking Wake|2\n|-damage|p2a: Scizor|87\/100|[from] item: Life Orb\n|\n|-heal|p2b: Volcarona|25\/100|[from] Grassy Terrain\n|-heal|p1a: Walking Wake|31\/100|[from] Grassy Terrain\n|-heal|p2a: Scizor|93\/100|[from] Grassy Terrain\n|-fieldend|move: Grassy Terrain\n|upkeep\n|turn|8\n|c|\u2606Anemo Ace|gg\n|\n|t:|1699074683\n|move|p2a: Scizor|Bullet Punch|p1a: Walking Wake\n|-resisted|p1a: Walking Wake\n|-damage|p1a: Walking Wake|7\/100\n|-damage|p2a: Scizor|83\/100|[from] item: Life Orb\n|move|p2b: Volcarona|Giga Drain|p1a: Walking Wake\n|-damage|p1a: Walking Wake|0 fnt\n|-heal|p2b: Volcarona|28\/100|[from] drain|[of] p1a: Walking Wake\n|faint|p1a: Walking Wake\n|-end|p1a: Walking Wake|Protosynthesis|[silent]\n|\n|win|Metal Jester\n|raw|Anemo Ace's rating: 1228 &rarr; <strong>1204<\/strong><br \/>(-24 for losing)\n|raw|Metal Jester's rating: 1242 &rarr; <strong>1266<\/strong><br \/>(+24 for winning)\n|l|\u2606Anemo Ace\n","uploadtime":1699074694,"views":22,"p1id":"anemoace","p2id":"metaljester","formatid":"gen9doublesou","rating":1204,"private":0,"password":""}