{"id":"gen9doublesou-1983957679","p1":"Kelp5854","p2":"12123434a","format":"[Gen 9] Doubles OU","log":"|j|\u2606Kelp5854\n|j|\u260612123434a\n|t:|1699204084\n|gametype|doubles\n|player|p1|Kelp5854|brawly|1381\n|player|p2|12123434a|twins-gen4dp|1475\n|teamsize|p1|6\n|teamsize|p2|6\n|gen|9\n|tier|[Gen 9] Doubles OU\n|rated|\n|rule|Species Clause: Limit one of each Pok\u00e9mon\n|rule|OHKO Clause: OHKO moves are banned\n|rule|Evasion Moves Clause: Evasion moves are banned\n|rule|Gravity Sleep Clause: The combination of sleep-inducing moves with imperfect accuracy and Gravity or Gigantamax Orbeetle are banned\n|rule|Endless Battle Clause: Forcing endless battles is banned\n|rule|HP Percentage Mod: HP is shown in percentages\n|clearpoke\n|poke|p1|Iron Hands|\n|poke|p1|Dragonite, F|\n|poke|p1|Volcanion|\n|poke|p1|Dragapult, M|\n|poke|p1|Enamorus, F|\n|poke|p1|Baxcalibur, M|\n|poke|p2|Ogerpon-Hearthflame, F|\n|poke|p2|Chien-Pao|\n|poke|p2|Ting-Lu|\n|poke|p2|Grimmsnarl, M|\n|poke|p2|Iron Hands|\n|poke|p2|Hatterene, F|\n|teampreview\n|inactive|Battle timer is ON: inactive players will automatically lose when time's up. (requested by 12123434a)\n|\n|t:|1699204103\n|start\n|switch|p1a: Baxcalibur|Baxcalibur, M|100\/100\n|switch|p1b: Enamorus|Enamorus, F|100\/100\n|switch|p2a: Ogerpon|Ogerpon-Hearthflame, F|100\/100\n|switch|p2b: Grimmsnarl|Grimmsnarl, M|100\/100\n|-ability|p2a: Ogerpon|Mold Breaker\n|turn|1\n|inactive|Kelp5854 has 120 seconds left.\n|\n|t:|1699204144\n|-terastallize|p1a: Baxcalibur|Poison\n|move|p2b: Grimmsnarl|Reflect|p2b: Grimmsnarl\n|-sidestart|p2: 12123434a|Reflect\n|move|p1b: Enamorus|Tailwind|p1b: Enamorus\n|-sidestart|p1: Kelp5854|move: Tailwind\n|move|p1a: Baxcalibur|Swords Dance|p1a: Baxcalibur\n|-boost|p1a: Baxcalibur|atk|2\n|move|p2a: Ogerpon|Ivy Cudgel|p1b: Enamorus\n|-enditem|p1b: Enamorus|Focus Sash\n|-damage|p1b: Enamorus|1\/100\n|\n|upkeep\n|turn|2\n|inactive|Kelp5854 has 120 seconds left.\n|\n|t:|1699204169\n|move|p1b: Enamorus|Protect|p1b: Enamorus\n|-singleturn|p1b: Enamorus|Protect\n|move|p2a: Ogerpon|Spiky Shield|p2a: Ogerpon\n|-singleturn|p2a: Ogerpon|move: Protect\n|move|p2b: Grimmsnarl|Light Screen|p2b: Grimmsnarl\n|-sidestart|p2: 12123434a|move: Light Screen\n|move|p1a: Baxcalibur|Icicle Spear|p2a: Ogerpon\n|-activate|p2a: Ogerpon|move: Protect\n|\n|upkeep\n|turn|3\n|inactive|Kelp5854 has 120 seconds left.\n|inactive|12123434a has 120 seconds left.\n|\n|t:|1699204200\n|move|p2b: Grimmsnarl|Parting Shot|p1a: Baxcalibur\n|-unboost|p1a: Baxcalibur|atk|1\n|-unboost|p1a: Baxcalibur|spa|1\n|\n|t:|1699204205\n|switch|p2b: Ting-Lu|Ting-Lu|100\/100|[from] Parting Shot\n|-ability|p2b: Ting-Lu|Vessel of Ruin\n|move|p1b: Enamorus|Earth Power|p2b: Ting-Lu\n|-damage|p2b: Ting-Lu|93\/100\n|move|p1a: Baxcalibur|Icicle Spear|p2a: Ogerpon\n|-damage|p2a: Ogerpon|85\/100\n|-damage|p2a: Ogerpon|71\/100\n|-damage|p2a: Ogerpon|57\/100\n|-damage|p2a: Ogerpon|43\/100\n|-hitcount|p2a: Ogerpon|4\n|move|p2a: Ogerpon|Horn Leech|p1b: Enamorus\n|-resisted|p1b: Enamorus\n|-crit|p1b: Enamorus\n|-damage|p1b: Enamorus|0 fnt\n|-heal|p2a: Ogerpon|43\/100|[from] drain|[of] p1b: Enamorus\n|faint|p1b: Enamorus\n|\n|upkeep\n|inactive|Kelp5854 has 120 seconds left.\n|\n|t:|1699204228\n|switch|p1b: Iron Hands|Iron Hands|100\/100\n|-enditem|p1b: Iron Hands|Booster Energy\n|-activate|p1b: Iron Hands|ability: Quark Drive|[fromitem]\n|-start|p1b: Iron Hands|quarkdriveatk\n|turn|4\n|inactive|Kelp5854 has 120 seconds left.\n|\n|t:|1699204244\n|move|p1a: Baxcalibur|Protect|p1a: Baxcalibur\n|-singleturn|p1a: Baxcalibur|Protect\n|move|p2a: Ogerpon|Spiky Shield|p2a: Ogerpon\n|-singleturn|p2a: Ogerpon|move: Protect\n|move|p1b: Iron Hands|Close Combat|p2b: Ting-Lu\n|-supereffective|p2b: Ting-Lu\n|-damage|p2b: Ting-Lu|22\/100\n|-unboost|p1b: Iron Hands|def|1\n|-unboost|p1b: Iron Hands|spd|1\n|move|p2b: Ting-Lu|Stomping Tantrum|p1a: Baxcalibur\n|-activate|p1a: Baxcalibur|move: Protect\n|\n|-sideend|p1: Kelp5854|move: Tailwind\n|upkeep\n|turn|5\n|inactive|Kelp5854 has 120 seconds left.\n|\n|t:|1699204275\n|move|p2a: Ogerpon|Ivy Cudgel|p1b: Iron Hands\n|-crit|p1b: Iron Hands\n|-damage|p1b: Iron Hands|11\/100\n|move|p1a: Baxcalibur|Icicle Spear|p2b: Ting-Lu\n|-supereffective|p2b: Ting-Lu\n|-damage|p2b: Ting-Lu|8\/100\n|-supereffective|p2b: Ting-Lu\n|-damage|p2b: Ting-Lu|0 fnt\n|faint|p2b: Ting-Lu\n|-hitcount|p2: Ting-Lu|2\n|move|p1b: Iron Hands|Close Combat|p2a: Ogerpon\n|-damage|p2a: Ogerpon|0 fnt\n|-unboost|p1b: Iron Hands|def|1\n|-unboost|p1b: Iron Hands|spd|1\n|faint|p2a: Ogerpon\n|\n|upkeep\n|inactive|12123434a has 120 seconds left.\n|\n|t:|1699204292\n|switch|p2a: Iron Hands|Iron Hands|100\/100\n|switch|p2b: Grimmsnarl|Grimmsnarl, M|100\/100\n|turn|6\n|\n|t:|1699204303\n|move|p1a: Baxcalibur|Protect|p1a: Baxcalibur\n|-singleturn|p1a: Baxcalibur|Protect\n|move|p2a: Iron Hands|Fake Out|p1a: Baxcalibur\n|-activate|p1a: Baxcalibur|move: Protect\n|move|p2b: Grimmsnarl|Spirit Break|p1b: Iron Hands\n|-supereffective|p1b: Iron Hands\n|-crit|p1b: Iron Hands\n|-damage|p1b: Iron Hands|0 fnt\n|faint|p1b: Iron Hands\n|-end|p1b: Iron Hands|Quark Drive|[silent]\n|\n|upkeep\n|inactive|Kelp5854 has 120 seconds left.\n|\n|t:|1699204334\n|switch|p1b: Volcanion|Volcanion|100\/100\n|turn|7\n|inactive|Kelp5854 has 120 seconds left.\n|\n|t:|1699204351\n|move|p2b: Grimmsnarl|Parting Shot|p1a: Baxcalibur\n|-unboost|p1a: Baxcalibur|atk|1\n|-unboost|p1a: Baxcalibur|spa|1\n|\n|t:|1699204354\n|switch|p2b: Hatterene|Hatterene, F|100\/100|[from] Parting Shot\n|move|p1b: Volcanion|Steam Eruption|p2a: Iron Hands\n|-damage|p2a: Iron Hands|74\/100\n|move|p1a: Baxcalibur|Icicle Spear|p2a: Iron Hands\n|-damage|p2a: Iron Hands|68\/100\n|-damage|p2a: Iron Hands|63\/100\n|-damage|p2a: Iron Hands|57\/100\n|-damage|p2a: Iron Hands|51\/100\n|-damage|p2a: Iron Hands|46\/100\n|-hitcount|p2a: Iron Hands|5\n|move|p2a: Iron Hands|Wild Charge|p1b: Volcanion\n|-supereffective|p1b: Volcanion\n|-damage|p1b: Volcanion|0 fnt\n|faint|p1b: Volcanion\n|-damage|p2a: Iron Hands|32\/100|[from] Recoil\n|\n|upkeep\n|inactive|Kelp5854 has 120 seconds left.\n|\n|t:|1699204379\n|switch|p1b: Dragonite|Dragonite, F, shiny|100\/100\n|turn|8\n|\n|t:|1699204385\n|move|p1a: Baxcalibur|Protect|p1a: Baxcalibur\n|-singleturn|p1a: Baxcalibur|Protect\n|move|p1b: Dragonite|Earthquake|p2a: Iron Hands|[spread] p2a,p2b\n|-activate|p1a: Baxcalibur|move: Protect\n|-supereffective|p2a: Iron Hands\n|-crit|p2a: Iron Hands\n|-damage|p2a: Iron Hands|0 fnt\n|-damage|p2b: Hatterene|87\/100\n|faint|p2a: Iron Hands\n|-end|p2a: Iron Hands|Quark Drive|[silent]\n|move|p2b: Hatterene|Nuzzle|p1a: Baxcalibur\n|-activate|p1a: Baxcalibur|move: Protect\n|\n|-heal|p2b: Hatterene|93\/100|[from] item: Leftovers\n|-sideend|p2: 12123434a|Reflect\n|upkeep\n|\n|t:|1699204392\n|switch|p2a: Grimmsnarl|Grimmsnarl, M|100\/100\n|turn|9\n|\n|t:|1699204414\n|move|p2a: Grimmsnarl|Reflect|p2a: Grimmsnarl\n|-sidestart|p2: 12123434a|Reflect\n|move|p1b: Dragonite|Ice Spinner|p2a: Grimmsnarl\n|-damage|p2a: Grimmsnarl|77\/100\n|move|p1a: Baxcalibur|Icicle Spear|p2a: Grimmsnarl\n|-damage|p2a: Grimmsnarl|66\/100\n|-damage|p2a: Grimmsnarl|56\/100\n|-damage|p2a: Grimmsnarl|46\/100\n|-damage|p2a: Grimmsnarl|35\/100\n|-damage|p2a: Grimmsnarl|24\/100\n|-hitcount|p2a: Grimmsnarl|5\n|move|p2b: Hatterene|Nuzzle|p1a: Baxcalibur\n|-damage|p1a: Baxcalibur|98\/100\n|-status|p1a: Baxcalibur|par\n|\n|-heal|p2b: Hatterene|99\/100|[from] item: Leftovers\n|-sideend|p2: 12123434a|move: Light Screen\n|upkeep\n|turn|10\n|inactive|12123434a has 120 seconds left.\n|\n|t:|1699204464\n|move|p1a: Baxcalibur|Protect|p1a: Baxcalibur\n|-singleturn|p1a: Baxcalibur|Protect\n|move|p2a: Grimmsnarl|Light Screen|p2a: Grimmsnarl\n|-sidestart|p2: 12123434a|move: Light Screen\n|move|p1b: Dragonite|Earthquake|p2a: Grimmsnarl|[spread] p2a,p2b\n|-activate|p1a: Baxcalibur|move: Protect\n|-damage|p2a: Grimmsnarl|3\/100\n|-damage|p2b: Hatterene|84\/100\n|move|p2b: Hatterene|Nuzzle|p1b: Dragonite\n|-damage|p1b: Dragonite|98\/100\n|-status|p1b: Dragonite|par\n|\n|-heal|p2b: Hatterene|89\/100|[from] item: Leftovers\n|upkeep\n|turn|11\n|inactive|12123434a has 120 seconds left.\n|\n|t:|1699204490\n|move|p1b: Dragonite|Extreme Speed|p2a: Grimmsnarl\n|-damage|p2a: Grimmsnarl|0 fnt\n|faint|p2a: Grimmsnarl\n|move|p2b: Hatterene|Calm Mind|p2b: Hatterene\n|-boost|p2b: Hatterene|spa|1\n|-boost|p2b: Hatterene|spd|1\n|move|p1a: Baxcalibur|Swords Dance|p1a: Baxcalibur\n|-boost|p1a: Baxcalibur|atk|2\n|\n|-heal|p2b: Hatterene|95\/100|[from] item: Leftovers\n|upkeep\n|\n|t:|1699204499\n|switch|p2a: Chien-Pao|Chien-Pao|100\/100\n|-ability|p2a: Chien-Pao|Sword of Ruin\n|turn|12\n|\n|t:|1699204519\n|move|p1b: Dragonite|Extreme Speed|p2a: Chien-Pao\n|-damage|p2a: Chien-Pao|73\/100\n|move|p2a: Chien-Pao|Ice Spinner|p1b: Dragonite\n|-supereffective|p1b: Dragonite\n|-damage|p1b: Dragonite|0 fnt\n|faint|p1b: Dragonite\n|move|p2b: Hatterene|Psychic|p1a: Baxcalibur\n|-supereffective|p1a: Baxcalibur\n|-damage|p1a: Baxcalibur|8\/100 par\n|move|p1a: Baxcalibur|Icicle Spear|p2b: Hatterene\n|-damage|p2b: Hatterene|76\/100\n|-damage|p2b: Hatterene|58\/100\n|-damage|p2b: Hatterene|41\/100\n|-damage|p2b: Hatterene|22\/100\n|-hitcount|p2b: Hatterene|4\n|\n|-heal|p2b: Hatterene|28\/100|[from] item: Leftovers\n|upkeep\n|inactive|Kelp5854 has 120 seconds left.\n|\n|t:|1699204535\n|switch|p1b: Dragapult|Dragapult, M|100\/100\n|turn|13\n|inactive|Kelp5854 has 120 seconds left.\n|\n|t:|1699204562\n|move|p1a: Baxcalibur|Protect|p1a: Baxcalibur\n|-singleturn|p1a: Baxcalibur|Protect\n|move|p2a: Chien-Pao|Sucker Punch|p1b: Dragapult\n|-supereffective|p1b: Dragapult\n|-damage|p1b: Dragapult|0 fnt\n|faint|p1b: Dragapult\n|move|p2b: Hatterene|Psychic|p1a: Baxcalibur\n|-activate|p1a: Baxcalibur|move: Protect\n|\n|-heal|p2b: Hatterene|34\/100|[from] item: Leftovers\n|upkeep\n|turn|14\n|\n|t:|1699204576\n|move|p2a: Chien-Pao|Sucker Punch|p1a: Baxcalibur\n|-damage|p1a: Baxcalibur|0 fnt\n|faint|p1a: Baxcalibur\n|\n|win|12123434a\n|raw|Kelp5854's rating: 1381 &rarr; <strong>1366<\/strong><br \/>(-15 for losing)\n|raw|12123434a's rating: 1475 &rarr; <strong>1490<\/strong><br \/>(+15 for winning)\n|l|\u2606Kelp5854\n","uploadtime":1699204586,"views":7,"p1id":"kelp5854","p2id":"12123434a","formatid":"gen9doublesou","rating":1366,"private":0,"password":""}