{"id":"gen9doublesou-1977053404","p1":"Kevin Dickey12","p2":"UwU_Kingz","format":"[Gen 9] Doubles OU","log":"|j|\u2606Kevin Dickey12\n|j|\u2606UwU_Kingz\n|t:|1698366288\n|gametype|doubles\n|player|p1|Kevin Dickey12|nate|\n|player|p2|UwU_Kingz|2|\n|teamsize|p1|6\n|teamsize|p2|6\n|gen|9\n|tier|[Gen 9] Doubles OU\n|rule|Species Clause: Limit one of each Pok\u00e9mon\n|rule|OHKO Clause: OHKO moves are banned\n|rule|Evasion Moves Clause: Evasion moves are banned\n|rule|Gravity Sleep Clause: The combination of sleep-inducing moves with imperfect accuracy and Gravity or Gigantamax Orbeetle are banned\n|rule|Endless Battle Clause: Forcing endless battles is banned\n|rule|HP Percentage Mod: HP is shown in percentages\n|clearpoke\n|poke|p1|Walking Wake|\n|poke|p1|Maushold-Four|\n|poke|p1|Hippowdon, F|\n|poke|p1|Bronzong|\n|poke|p1|Ninetales, M|\n|poke|p1|Enamorus, F|\n|poke|p2|Landorus, M|\n|poke|p2|Mesprit|\n|poke|p2|Hatterene, F|\n|poke|p2|Iron Hands|\n|poke|p2|Samurott-Hisui, F|\n|poke|p2|Arcanine-Hisui, F|\n|teampreview\n|\n|t:|1698366304\n|start\n|switch|p1a: UwU Bell|Bronzong, shiny|100\/100\n|switch|p1b: UwU UwU Likes You|Hippowdon, F|100\/100\n|switch|p2a: Mesprit|Mesprit|100\/100\n|switch|p2b: Fluffy|Arcanine-Hisui, F, shiny|100\/100\n|turn|1\n|\n|t:|1698366360\n|move|p2b: Fluffy|Head Smash|p1a: UwU Bell|[miss]\n|-miss|p2b: Fluffy|p1a: UwU Bell\n|move|p2a: Mesprit|Ice Beam|p1b: UwU UwU Likes You\n|-supereffective|p1b: UwU UwU Likes You\n|-damage|p1b: UwU UwU Likes You|25\/100\n|-status|p1b: UwU UwU Likes You|frz\n|-enditem|p1b: UwU UwU Likes You|Sitrus Berry|[eat]\n|-heal|p1b: UwU UwU Likes You|50\/100 frz|[from] item: Sitrus Berry\n|cant|p1b: UwU UwU Likes You|frz\n|move|p1a: UwU Bell|Reflect|p1a: UwU Bell\n|-sidestart|p1: Kevin Dickey12|Reflect\n|\n|upkeep\n|turn|2\n|\n|t:|1698366385\n|move|p2b: Fluffy|Head Smash|p1a: UwU Bell\n|-resisted|p1a: UwU Bell\n|-damage|p1a: UwU Bell|75\/100\n|-damage|p2b: Fluffy|91\/100|[from] item: Life Orb\n|move|p2a: Mesprit|Ice Beam|p1b: UwU UwU Likes You\n|-supereffective|p1b: UwU UwU Likes You\n|-damage|p1b: UwU UwU Likes You|0 fnt\n|faint|p1b: UwU UwU Likes You\n|move|p1a: UwU Bell|Light Screen|p1a: UwU Bell\n|-sidestart|p1: Kevin Dickey12|move: Light Screen\n|\n|upkeep\n|\n|t:|1698366403\n|switch|p1b: UwU Wake|Walking Wake|100\/100\n|turn|3\n|\n|t:|1698366427\n|move|p1b: UwU Wake|Hydro Steam|p2b: Fluffy\n|-supereffective|p2b: Fluffy\n|-damage|p2b: Fluffy|0 fnt\n|faint|p2b: Fluffy\n|move|p2a: Mesprit|Dazzling Gleam|p1a: UwU Bell|[spread] p1a,p1b\n|-resisted|p1a: UwU Bell\n|-supereffective|p1b: UwU Wake\n|-damage|p1a: UwU Bell|70\/100\n|-damage|p1b: UwU Wake|77\/100\n|move|p1a: UwU Bell|Flash Cannon|p2a: Mesprit\n|-damage|p2a: Mesprit|79\/100\n|\n|upkeep\n|\n|t:|1698366447\n|switch|p2b: Iron Hands|Iron Hands|100\/100\n|turn|4\n|\n|t:|1698366464\n|move|p1b: UwU Wake|Dragon Pulse|p2b: Iron Hands\n|-damage|p2b: Iron Hands|74\/100\n|move|p2a: Mesprit|Ice Beam|p1b: UwU Wake\n|-damage|p1b: UwU Wake|62\/100\n|-status|p1b: UwU Wake|frz\n|move|p2b: Iron Hands|Earthquake|p1a: UwU Bell|[spread] p1b\n|-immune|p2a: Mesprit|[from] ability: Levitate\n|-immune|p1a: UwU Bell|[from] ability: Levitate\n|-damage|p1b: UwU Wake|40\/100 frz\n|move|p1a: UwU Bell|Psychic|p2b: Iron Hands\n|-supereffective|p2b: Iron Hands\n|-damage|p2b: Iron Hands|43\/100\n|-unboost|p2b: Iron Hands|spd|1\n|\n|upkeep\n|turn|5\n|\n|t:|1698366507\n|-curestatus|p1b: UwU Wake|frz|[from] move: Hydro Steam\n|move|p1b: UwU Wake|Hydro Steam|p2b: Iron Hands\n|-damage|p2b: Iron Hands|3\/100\n|move|p2a: Mesprit|Psychic|p1b: UwU Wake\n|-damage|p1b: UwU Wake|18\/100\n|move|p2b: Iron Hands|Fire Punch|p1a: UwU Bell\n|-supereffective|p1a: UwU Bell\n|-damage|p1a: UwU Bell|39\/100\n|move|p1a: UwU Bell|Psychic|p2b: Iron Hands\n|-supereffective|p2b: Iron Hands\n|-damage|p2b: Iron Hands|0 fnt\n|faint|p2b: Iron Hands\n|-end|p2b: Iron Hands|Quark Drive|[silent]\n|\n|upkeep\n|\n|t:|1698366527\n|switch|p2b: Landorus|Landorus, M|100\/100\n|turn|6\n|j| GoDDanteX\n|\n|t:|1698366567\n|-terastallize|p2b: Landorus|Ice\n|move|p1b: UwU Wake|Hydro Steam|p2b: Landorus\n|-damage|p2b: Landorus|50\/100\n|move|p2b: Landorus|Earth Power|p1b: UwU Wake\n|-damage|p1b: UwU Wake|0 fnt\n|faint|p1b: UwU Wake\n|-end|p1b: UwU Wake|Protosynthesis|[silent]\n|move|p2a: Mesprit|Shadow Ball|p1a: UwU Bell\n|-supereffective|p1a: UwU Bell\n|-damage|p1a: UwU Bell|6\/100\n|-unboost|p1a: UwU Bell|spd|1\n|move|p1a: UwU Bell|Psychic|p2b: Landorus\n|-crit|p2b: Landorus\n|-damage|p2b: Landorus|0 fnt\n|faint|p2b: Landorus\n|\n|upkeep\n|j| Redzone92\n|\n|t:|1698366588\n|switch|p1b: Pink Genie UwU|Enamorus, F, shiny|100\/100\n|switch|p2b: Samurott|Samurott-Hisui, F, shiny|100\/100\n|turn|7\n|\n|t:|1698366615\n|move|p1b: Pink Genie UwU|Dazzling Gleam|p2b: Samurott|[spread] p2a,p2b\n|-supereffective|p2b: Samurott\n|-damage|p2a: Mesprit|39\/100\n|-enditem|p2b: Samurott|Focus Sash\n|-damage|p2b: Samurott|1\/100\n|-damage|p1b: Pink Genie UwU|91\/100|[from] item: Life Orb\n|move|p2b: Samurott|Aqua Cutter|p1b: Pink Genie UwU\n|-damage|p1b: Pink Genie UwU|31\/100\n|move|p2a: Mesprit|Shadow Ball|p1a: UwU Bell\n|-supereffective|p1a: UwU Bell\n|-damage|p1a: UwU Bell|0 fnt\n|faint|p1a: UwU Bell\n|\n|upkeep\n|\n|t:|1698366635\n|switch|p1a: A Happy UwU|Maushold-Four, shiny|100\/100\n|turn|8\n|\n|t:|1698366645\n|move|p1a: A Happy UwU|Follow Me|p1a: A Happy UwU\n|-singleturn|p1a: A Happy UwU|move: Follow Me\n|move|p1b: Pink Genie UwU|Dazzling Gleam|p2a: Mesprit|[spread] p2a,p2b\n|-supereffective|p2b: Samurott\n|-damage|p2a: Mesprit|0 fnt\n|-damage|p2b: Samurott|0 fnt\n|faint|p2a: Mesprit\n|faint|p2b: Samurott\n|-damage|p1b: Pink Genie UwU|21\/100|[from] item: Life Orb\n|\n|-sideend|p1: Kevin Dickey12|Reflect\n|upkeep\n|\n|t:|1698366657\n|switch|p2b: Hatterene|Hatterene, F|100\/100\n|turn|9\n|\n|t:|1698366664\n|switch|p1b: Here comes the UwU|Ninetales, M, shiny|100\/100\n|-weather|SunnyDay|[from] ability: Drought|[of] p1b: Here comes the UwU\n|move|p1a: A Happy UwU|Follow Me|p1a: A Happy UwU\n|-singleturn|p1a: A Happy UwU|move: Follow Me\n|move|p2b: Hatterene|Dazzling Gleam|p1b: Here comes the UwU|[spread] p1a,p1b\n|-resisted|p1b: Here comes the UwU\n|-damage|p1a: A Happy UwU|74\/100\n|-damage|p1b: Here comes the UwU|89\/100\n|\n|-weather|SunnyDay|[upkeep]\n|-sideend|p1: Kevin Dickey12|move: Light Screen\n|upkeep\n|turn|10\n|\n|t:|1698366685\n|-terastallize|p1b: Here comes the UwU|Fire\n|move|p1a: A Happy UwU|Helping Hand|p1b: Here comes the UwU\n|-singleturn|p1b: Here comes the UwU|Helping Hand|[of] p1a: A Happy UwU\n|move|p1b: Here comes the UwU|Heat Wave|p2b: Hatterene\n|-crit|p2b: Hatterene\n|-damage|p2b: Hatterene|0 fnt\n|faint|p2b: Hatterene\n|\n|win|Kevin Dickey12\n","uploadtime":1698366698,"views":21,"p1id":"kevindickey12","p2id":"uwukingz","formatid":"gen9doublesou","rating":0,"private":0,"password":""}