{"id":"gen9doublesou-1995515021","p1":"Salmona","p2":"BBOBRULESALL","format":"[Gen 9] Doubles OU","log":"|j|\u2606Salmona\n|j|\u2606BBOBRULESALL\n|t:|1700578855\n|gametype|doubles\n|player|p1|Salmona|colress|1125\n|player|p2|BBOBRULESALL|wallace|1172\n|teamsize|p1|6\n|teamsize|p2|6\n|gen|9\n|tier|[Gen 9] Doubles OU\n|rated|\n|rule|Species Clause: Limit one of each Pok\u00e9mon\n|rule|OHKO Clause: OHKO moves are banned\n|rule|Evasion Moves Clause: Evasion moves are banned\n|rule|Gravity Sleep Clause: The combination of sleep-inducing moves with imperfect accuracy and Gravity or Gigantamax Orbeetle are banned\n|rule|Endless Battle Clause: Forcing endless battles is banned\n|rule|HP Percentage Mod: HP is shown in percentages\n|clearpoke\n|poke|p1|Rillaboom, F|\n|poke|p1|Ogerpon-Wellspring, F|\n|poke|p1|Amoonguss, F|\n|poke|p1|Walking Wake|\n|poke|p1|Glimmora, M|\n|poke|p1|Samurott-Hisui, F|\n|poke|p2|Qwilfish-Hisui, F|\n|poke|p2|Masquerain, F|\n|poke|p2|Cresselia, F|\n|poke|p2|Flutter Mane|\n|poke|p2|Dondozo, M|\n|poke|p2|Regieleki|\n|teampreview\n|inactive|Battle timer is ON: inactive players will automatically lose when time's up. (requested by BBOBRULESALL)\n|\n|t:|1700578882\n|start\n|switch|p1a: Rillaboom|Rillaboom, F, shiny|100\/100\n|switch|p1b: Greta|Glimmora, M|100\/100\n|switch|p2a: Masquerain|Masquerain, F|100\/100\n|switch|p2b: Qwilfish|Qwilfish-Hisui, F|100\/100\n|-fieldstart|move: Grassy Terrain|[from] ability: Grassy Surge|[of] p1a: Rillaboom\n|-enditem|p1a: Rillaboom|Grassy Seed\n|-boost|p1a: Rillaboom|def|1|[from] item: Grassy Seed\n|-ability|p2a: Masquerain|Intimidate|boost\n|-unboost|p1a: Rillaboom|atk|1\n|-unboost|p1b: Greta|atk|1\n|-ability|p2b: Qwilfish|Intimidate|boost\n|-unboost|p1a: Rillaboom|atk|1\n|-unboost|p1b: Greta|atk|1\n|turn|1\n|inactive|BBOBRULESALL has 120 seconds left.\n|inactive|BBOBRULESALL has 90 seconds left.\n|\n|t:|1700578947\n|switch|p2a: Cresselia|Cresselia, F|100\/100\n|move|p1a: Rillaboom|U-turn|p2b: Qwilfish\n|-damage|p2b: Qwilfish|92\/100\n|\n|t:|1700578960\n|switch|p1a: Samurott|Samurott-Hisui, F|100\/100|[from] U-turn\n|move|p1b: Greta|Earth Power|p2b: Qwilfish\n|-supereffective|p2b: Qwilfish\n|-damage|p2b: Qwilfish|47\/100\n|move|p2b: Qwilfish|Barb Barrage|p1a: Samurott\n|-damage|p1a: Samurott|75\/100\n|-status|p1a: Samurott|psn\n|\n|-heal|p1a: Samurott|81\/100 psn|[from] Grassy Terrain\n|-heal|p2b: Qwilfish|53\/100|[from] Grassy Terrain\n|-damage|p1a: Samurott|69\/100 psn|[from] psn\n|upkeep\n|turn|2\n|inactive|BBOBRULESALL has 90 seconds left.\n|\n|t:|1700578999\n|-terastallize|p2a: Cresselia|Electric\n|move|p1a: Samurott|Ceaseless Edge|p2a: Cresselia\n|-damage|p2a: Cresselia|71\/100\n|-sidestart|p2: BBOBRULESALL|Spikes\n|move|p1b: Greta|Earth Power|p2b: Qwilfish\n|-supereffective|p2b: Qwilfish\n|-damage|p2b: Qwilfish|12\/100\n|move|p2a: Cresselia|Calm Mind|p2a: Cresselia\n|-boost|p2a: Cresselia|spa|1\n|-boost|p2a: Cresselia|spd|1\n|move|p2b: Qwilfish|Barb Barrage|p1a: Samurott\n|-damage|p1a: Samurott|16\/100 psn\n|\n|-heal|p1a: Samurott|23\/100 psn|[from] Grassy Terrain\n|-heal|p2b: Qwilfish|18\/100|[from] Grassy Terrain\n|-heal|p2a: Cresselia|77\/100|[from] item: Leftovers\n|-damage|p1a: Samurott|10\/100 psn|[from] psn\n|upkeep\n|turn|3\n|inactive|BBOBRULESALL has 90 seconds left.\n|\n|t:|1700579016\n|move|p1a: Samurott|Protect|p1a: Samurott\n|-singleturn|p1a: Samurott|Protect\n|move|p1b: Greta|Toxic|p2a: Cresselia\n|-status|p2a: Cresselia|tox\n|move|p2b: Qwilfish|Toxic Spikes|p1b: Greta\n|-sidestart|p1: Salmona|move: Toxic Spikes\n|move|p2a: Cresselia|Thunderbolt|p1b: Greta\n|-damage|p1b: Greta|33\/100\n|\n|-heal|p1a: Samurott|16\/100 psn|[from] Grassy Terrain\n|-heal|p1b: Greta|39\/100|[from] Grassy Terrain\n|-heal|p2b: Qwilfish|24\/100|[from] Grassy Terrain\n|-heal|p2a: Cresselia|83\/100 tox|[from] item: Leftovers\n|-damage|p1a: Samurott|4\/100 psn|[from] psn\n|-damage|p2a: Cresselia|77\/100 tox|[from] psn\n|upkeep\n|turn|4\n|\n|t:|1700579029\n|switch|p1a: Amoonguss|Amoonguss, F|100\/100\n|-sideend|p1: Salmona|move: Toxic Spikes|[of] p1a: Amoonguss\n|move|p1b: Greta|Earth Power|p2a: Cresselia\n|-immune|p2a: Cresselia|[from] ability: Levitate\n|move|p2b: Qwilfish|Toxic Spikes|p1a: Amoonguss\n|-sidestart|p1: Salmona|move: Toxic Spikes\n|move|p2a: Cresselia|Thunderbolt|p1b: Greta\n|-damage|p1b: Greta|0 fnt\n|faint|p1b: Greta\n|\n|-heal|p2b: Qwilfish|30\/100|[from] Grassy Terrain\n|-heal|p2a: Cresselia|83\/100 tox|[from] item: Leftovers\n|-damage|p2a: Cresselia|71\/100 tox|[from] psn\n|upkeep\n|\n|t:|1700579038\n|switch|p1b: Rillaboom|Rillaboom, F, shiny|100\/100\n|-status|p1b: Rillaboom|psn\n|turn|5\n|\n|t:|1700579053\n|-terastallize|p1a: Amoonguss|Ground\n|move|p1b: Rillaboom|Grassy Glide|p2b: Qwilfish\n|-resisted|p2b: Qwilfish\n|-damage|p2b: Qwilfish|18\/100\n|move|p2a: Cresselia|Icy Wind|p1b: Rillaboom|[spread] p1a,p1b\n|-supereffective|p1a: Amoonguss\n|-supereffective|p1b: Rillaboom\n|-damage|p1a: Amoonguss|71\/100\n|-damage|p1b: Rillaboom|61\/100 psn\n|-unboost|p1a: Amoonguss|spe|1\n|-unboost|p1b: Rillaboom|spe|1\n|move|p2b: Qwilfish|Icy Wind|p1b: Rillaboom|[spread] p1a,p1b\n|-supereffective|p1a: Amoonguss\n|-supereffective|p1b: Rillaboom\n|-damage|p1a: Amoonguss|61\/100\n|-damage|p1b: Rillaboom|47\/100 psn\n|-unboost|p1a: Amoonguss|spe|1\n|-unboost|p1b: Rillaboom|spe|1\n|move|p1a: Amoonguss|Tera Blast|p2a: Cresselia|[anim] Tera Blast Ground\n|-immune|p2a: Cresselia|[from] ability: Levitate\n|\n|-heal|p2b: Qwilfish|24\/100|[from] Grassy Terrain\n|-heal|p2a: Cresselia|77\/100 tox|[from] item: Leftovers\n|-heal|p1b: Rillaboom|53\/100 psn|[from] Grassy Terrain\n|-heal|p1a: Amoonguss|67\/100|[from] Grassy Terrain\n|-damage|p2a: Cresselia|59\/100 tox|[from] psn\n|-damage|p1b: Rillaboom|40\/100 psn|[from] psn\n|-fieldend|move: Grassy Terrain\n|upkeep\n|turn|6\n|\n|t:|1700579067\n|move|p1b: Rillaboom|Protect|p1b: Rillaboom\n|-singleturn|p1b: Rillaboom|Protect\n|move|p2b: Qwilfish|Icy Wind|p1b: Rillaboom|[spread] p1a\n|-activate|p1b: Rillaboom|move: Protect\n|-supereffective|p1a: Amoonguss\n|-damage|p1a: Amoonguss|56\/100\n|-unboost|p1a: Amoonguss|spe|1\n|move|p2a: Cresselia|Icy Wind|p1a: Amoonguss|[spread] p1a\n|-activate|p1b: Rillaboom|move: Protect\n|-supereffective|p1a: Amoonguss\n|-damage|p1a: Amoonguss|23\/100\n|-unboost|p1a: Amoonguss|spe|1\n|-enditem|p1a: Amoonguss|Iapapa Berry|[eat]\n|-heal|p1a: Amoonguss|57\/100|[from] item: Iapapa Berry\n|move|p1a: Amoonguss|Tera Blast|p2b: Qwilfish|[anim] Tera Blast Ground\n|-supereffective|p2b: Qwilfish\n|-damage|p2b: Qwilfish|0 fnt\n|faint|p2b: Qwilfish\n|\n|-heal|p2a: Cresselia|65\/100 tox|[from] item: Leftovers\n|-damage|p2a: Cresselia|41\/100 tox|[from] psn\n|-damage|p1b: Rillaboom|28\/100 psn|[from] psn\n|upkeep\n|\n|t:|1700579087\n|switch|p2b: Masquerain|Masquerain, F|100\/100\n|-ability|p2b: Masquerain|Intimidate|boost\n|-unboost|p1a: Amoonguss|atk|1\n|-unboost|p1b: Rillaboom|atk|1\n|turn|7\n|\n|t:|1700579104\n|move|p2b: Masquerain|Icy Wind|p1a: Amoonguss|[spread] p1a,p1b\n|-supereffective|p1a: Amoonguss\n|-supereffective|p1b: Rillaboom\n|-damage|p1a: Amoonguss|26\/100\n|-damage|p1b: Rillaboom|0 fnt\n|-unboost|p1a: Amoonguss|spe|1\n|faint|p1b: Rillaboom\n|-damage|p2b: Masquerain|91\/100|[from] item: Life Orb\n|move|p2a: Cresselia|Icy Wind|p1a: Amoonguss\n|-supereffective|p1a: Amoonguss\n|-damage|p1a: Amoonguss|0 fnt\n|faint|p1a: Amoonguss\n|\n|-heal|p2a: Cresselia|47\/100 tox|[from] item: Leftovers\n|-damage|p2a: Cresselia|16\/100 tox|[from] psn\n|upkeep\n|\n|t:|1700579118\n|switch|p1b: Ogerpon|Ogerpon-Wellspring, F|100\/100\n|switch|p1a: Walking Wake|Walking Wake|100\/100\n|-status|p1b: Ogerpon|psn\n|-status|p1a: Walking Wake|psn\n|-enditem|p1a: Walking Wake|Booster Energy\n|-activate|p1a: Walking Wake|ability: Protosynthesis|[fromitem]\n|-start|p1a: Walking Wake|protosynthesisspa\n|turn|8\n|\n|t:|1700579136\n|move|p1b: Ogerpon|Leech Seed|p2b: Masquerain\n|-start|p2b: Masquerain|move: Leech Seed\n|move|p1a: Walking Wake|Flamethrower|p2a: Cresselia\n|-damage|p2a: Cresselia|0 fnt\n|faint|p2a: Cresselia\n|move|p2b: Masquerain|Tailwind|p2b: Masquerain\n|-sidestart|p2: BBOBRULESALL|move: Tailwind\n|\n|-damage|p2b: Masquerain|78\/100|[from] Leech Seed|[of] p1b: Ogerpon\n|-damage|p1b: Ogerpon|88\/100 psn|[from] psn\n|-damage|p1a: Walking Wake|88\/100 psn|[from] psn\n|upkeep\n|\n|t:|1700579144\n|switch|p2a: Regieleki|Regieleki|100\/100\n|turn|9\n|\n|t:|1700579158\n|move|p2a: Regieleki|Electroweb|p1a: Walking Wake|[spread] p1a,p1b\n|-damage|p1a: Walking Wake|59\/100 psn\n|-damage|p1b: Ogerpon|64\/100 psn\n|-unboost|p1a: Walking Wake|spe|1\n|-unboost|p1b: Ogerpon|spe|1\n|move|p2b: Masquerain|Bug Buzz|p1b: Ogerpon\n|-supereffective|p1b: Ogerpon\n|-damage|p1b: Ogerpon|0 fnt\n|faint|p1b: Ogerpon\n|-damage|p2b: Masquerain|68\/100|[from] item: Life Orb\n|move|p1a: Walking Wake|Dragon Tail|p2a: Regieleki\n|-damage|p2a: Regieleki|59\/100\n|drag|p2a: Flutter Mane|Flutter Mane|100\/100\n|-damage|p2a: Flutter Mane|88\/100|[from] Spikes\n|-enditem|p2a: Flutter Mane|Booster Energy\n|-activate|p2a: Flutter Mane|ability: Protosynthesis|[fromitem]\n|-start|p2a: Flutter Mane|protosynthesisspa\n|\n|-damage|p1a: Walking Wake|46\/100 psn|[from] psn\n|upkeep\n|\n|t:|1700579166\n|switch|p1b: Samurott|Samurott-Hisui, F|4\/100 psn\n|turn|10\n|-message|Salmona forfeited.\n|\n|win|BBOBRULESALL\n|raw|Salmona's rating: 1125 &rarr; <strong>1103<\/strong><br \/>(-22 for losing)\n|raw|BBOBRULESALL's rating: 1172 &rarr; <strong>1194<\/strong><br \/>(+22 for winning)\n|l|\u2606Salmona\n","uploadtime":1700579184,"views":9,"p1id":"salmona","p2id":"bbobrulesall","formatid":"gen9doublesou","rating":1103,"private":0,"password":""}