{"id":"gen9doublesou-1985478692","p1":"jazzcabbage2000","p2":"Ggjkj","format":"[Gen 9] Doubles OU","log":"|j|\u2606jazzcabbage2000\n|j|\u2606Ggjkj\n|t:|1699378012\n|gametype|doubles\n|player|p1|jazzcabbage2000|caitlin|1165\n|player|p2|Ggjkj|169|1044\n|teamsize|p1|6\n|teamsize|p2|6\n|gen|9\n|tier|[Gen 9] Doubles OU\n|rated|\n|rule|Species Clause: Limit one of each Pok\u00e9mon\n|rule|OHKO Clause: OHKO moves are banned\n|rule|Evasion Moves Clause: Evasion moves are banned\n|rule|Gravity Sleep Clause: The combination of sleep-inducing moves with imperfect accuracy and Gravity or Gigantamax Orbeetle are banned\n|rule|Endless Battle Clause: Forcing endless battles is banned\n|rule|HP Percentage Mod: HP is shown in percentages\n|clearpoke\n|poke|p1|Lucario, M|\n|poke|p1|Tornadus-Therian, M|\n|poke|p1|Sneasler, M|\n|poke|p1|Weezing-Galar, M|\n|poke|p1|Cresselia, F|\n|poke|p1|Flutter Mane|\n|poke|p2|Ursaluna, F|\n|poke|p2|Oranguru, M|\n|poke|p2|Tornadus, M|\n|poke|p2|Sableye, M|\n|poke|p2|Dragonite, F|\n|poke|p2|Manaphy|\n|teampreview\n|\n|t:|1699378024\n|start\n|switch|p1a: Lucario|Lucario, M|100\/100\n|switch|p1b: Tornadus|Tornadus-Therian, M|100\/100\n|switch|p2a: Sableye|Sableye, M|100\/100\n|switch|p2b: Dragonite|Dragonite, F|100\/100\n|turn|1\n|\n|t:|1699378046\n|-terastallize|p1a: Lucario|Ghost\n|move|p1a: Lucario|Bullet Punch|p2b: Dragonite\n|-damage|p2b: Dragonite|92\/100\n|move|p2a: Sableye|Mean Look|p1b: Tornadus\n|-activate|p1b: Tornadus|trapped\n|move|p1b: Tornadus|Fling|p1a: Lucario\n|-supereffective|p1a: Lucario\n|-damage|p1a: Lucario|92\/100\n|-boost|p1a: Lucario|spe|1|[from] item: Salac Berry\n|-ability|p1a: Lucario|Justified|boost\n|-boost|p1a: Lucario|atk|1\n|-enditem|p1a: Lucario|Weakness Policy\n|-boost|p1a: Lucario|atk|2|[from] item: Weakness Policy\n|-boost|p1a: Lucario|spa|2|[from] item: Weakness Policy\n|-enditem|p1b: Tornadus|Salac Berry|[from] move: Fling\n|move|p2b: Dragonite|Encore|p1b: Tornadus\n|-start|p1b: Tornadus|Encore\n|\n|upkeep\n|turn|2\n|\n|t:|1699378082\n|move|p1a: Lucario|Detect|p1a: Lucario\n|-singleturn|p1a: Lucario|Protect\n|move|p2a: Sableye|Disable|p1b: Tornadus\n|-start|p1b: Tornadus|Disable|Fling\n|cant|p1b: Tornadus|Disable|Fling\n|move|p2b: Dragonite|Encore|p1a: Lucario\n|-activate|p1a: Lucario|move: Protect\n|\n|upkeep\n|turn|3\n|\n|t:|1699378105\n|move|p1a: Lucario|Bullet Punch|p2b: Dragonite\n|-damage|p2b: Dragonite|48\/100\n|move|p2a: Sableye|Encore|p1a: Lucario\n|-start|p1a: Lucario|Encore\n|-activate|p1b: Tornadus|move: Struggle\n|move|p1b: Tornadus|Struggle|p2b: Dragonite\n|-damage|p2b: Dragonite|35\/100\n|-damage|p1b: Tornadus|75\/100|[from] recoil\n|move|p2b: Dragonite|Dragon Dance|p2b: Dragonite\n|-boost|p2b: Dragonite|atk|1\n|-boost|p2b: Dragonite|spe|1\n|\n|upkeep\n|turn|4\n|\n|t:|1699378132\n|move|p2b: Dragonite|Extreme Speed|p1b: Tornadus\n|-damage|p1b: Tornadus|11\/100\n|move|p1a: Lucario|Bullet Punch|p2b: Dragonite\n|-damage|p2b: Dragonite|0 fnt\n|faint|p2b: Dragonite\n|move|p2a: Sableye|Disable|p1a: Lucario\n|-start|p1a: Lucario|Disable|Bullet Punch\n|-activate|p1b: Tornadus|move: Struggle\n|move|p1b: Tornadus|Struggle|p2a: Sableye\n|-damage|p2a: Sableye|86\/100\n|-damage|p1b: Tornadus|0 fnt|[from] recoil\n|faint|p1b: Tornadus\n|\n|upkeep\n|\n|t:|1699378152\n|switch|p1b: Flutter Mane|Flutter Mane|100\/100\n|switch|p2b: Oranguru|Oranguru, M|100\/100\n|-enditem|p1b: Flutter Mane|Booster Energy\n|-activate|p1b: Flutter Mane|ability: Protosynthesis|[fromitem]\n|-start|p1b: Flutter Mane|protosynthesisspe\n|turn|5\n|\n|t:|1699378174\n|move|p2a: Sableye|Skill Swap|p2b: Oranguru\n|-activate|p2a: Sableye|move: Skill Swap|||[of] p2b: Oranguru\n|move|p2b: Oranguru|Substitute|p2b: Oranguru\n|-start|p2b: Oranguru|Substitute\n|-damage|p2b: Oranguru|76\/100\n|move|p1b: Flutter Mane|Moonblast|p2a: Sableye\n|-supereffective|p2a: Sableye\n|-damage|p2a: Sableye|0 fnt\n|faint|p2a: Sableye\n|-activate|p1a: Lucario|move: Struggle\n|move|p1a: Lucario|Struggle|p2b: Oranguru\n|-end|p2b: Oranguru|Substitute\n|-damage|p1a: Lucario|67\/100|[from] recoil\n|\n|upkeep\n|\n|t:|1699378184\n|switch|p2a: Ursaluna|Ursaluna, F|100\/100\n|turn|6\n|\n|t:|1699378209\n|move|p2b: Oranguru|After You|p2a: Ursaluna\n|-activate|p2a: Ursaluna|move: After You\n|move|p2a: Ursaluna|Roar|p1b: Flutter Mane\n|-end|p1b: Flutter Mane|Protosynthesis|[silent]\n|drag|p1b: Sneasler|Sneasler, M|100\/100\n|-activate|p1a: Lucario|move: Struggle\n|move|p1a: Lucario|Struggle|p2b: Oranguru\n|-damage|p2b: Oranguru|33\/100\n|-damage|p1a: Lucario|42\/100|[from] recoil\n|\n|-end|p1a: Lucario|Encore\n|-status|p2a: Ursaluna|brn|[from] item: Flame Orb\n|upkeep\n|turn|7\n|\n|t:|1699378244\n|move|p2b: Oranguru|Protect|p2b: Oranguru\n|-singleturn|p2b: Oranguru|Protect\n|move|p1b: Sneasler|Fake Out|p2b: Oranguru\n|-activate|p2b: Oranguru|move: Protect\n|move|p1a: Lucario|Drain Punch|p2a: Ursaluna\n|-supereffective|p2a: Ursaluna\n|-damage|p2a: Ursaluna|0 fnt\n|-heal|p1a: Lucario|100\/100|[from] drain|[of] p2a: Ursaluna\n|faint|p2a: Ursaluna\n|\n|upkeep\n|-message|Ggjkj forfeited.\n|\n|win|jazzcabbage2000\n|raw|jazzcabbage2000's rating: 1165 &rarr; <strong>1182<\/strong><br \/>(+17 for winning)\n|raw|Ggjkj's rating: 1044 &rarr; <strong>1033<\/strong><br \/>(-11 for losing)\n|l|\u2606Ggjkj\n","uploadtime":1699378266,"views":8,"p1id":"jazzcabbage2000","p2id":"ggjkj","formatid":"gen9doublesou","rating":1033,"private":0,"password":""}