{"id":"gen9doublesou-1987689417","p1":"dweebballs99","p2":"pikeryer","format":"[Gen 9] Doubles OU","log":"|j|\u2606dweebballs99\n|j|\u2606pikeryer\n|t:|1699627902\n|gametype|doubles\n|player|p1|dweebballs99|sabrina|1492\n|player|p2|pikeryer|dawn|1479\n|teamsize|p1|6\n|teamsize|p2|6\n|gen|9\n|tier|[Gen 9] Doubles OU\n|rated|\n|rule|Species Clause: Limit one of each Pok\u00e9mon\n|rule|OHKO Clause: OHKO moves are banned\n|rule|Evasion Moves Clause: Evasion moves are banned\n|rule|Gravity Sleep Clause: The combination of sleep-inducing moves with imperfect accuracy and Gravity or Gigantamax Orbeetle are banned\n|rule|Endless Battle Clause: Forcing endless battles is banned\n|rule|HP Percentage Mod: HP is shown in percentages\n|clearpoke\n|poke|p1|Flutter Mane|\n|poke|p1|Kingambit, M|\n|poke|p1|Ogerpon-Hearthflame, F|\n|poke|p1|Gliscor, M|\n|poke|p1|Manaphy|\n|poke|p1|Zapdos|\n|poke|p2|Ninetales-Alola, F|\n|poke|p2|Arcanine-Hisui, M|\n|poke|p2|Iron Hands|\n|poke|p2|Flutter Mane|\n|poke|p2|Landorus, M|\n|poke|p2|Amoonguss, F|\n|teampreview\n|inactive|Battle timer is ON: inactive players will automatically lose when time's up. (requested by dweebballs99)\n|\n|t:|1699627931\n|start\n|switch|p1a: Zapdos|Zapdos|100\/100\n|switch|p1b: Manaphy|Manaphy|100\/100\n|switch|p2a: Ninetales|Ninetales-Alola, F|100\/100\n|switch|p2b: Arcanine|Arcanine-Hisui, M, shiny|100\/100\n|-weather|Snow|[from] ability: Snow Warning|[of] p2a: Ninetales\n|-ability|p1a: Zapdos|Pressure\n|-ability|p2b: Arcanine|Intimidate|boost\n|-unboost|p1a: Zapdos|atk|1\n|-unboost|p1b: Manaphy|atk|1\n|turn|1\n|\n|t:|1699627951\n|-terastallize|p2b: Arcanine|Grass\n|move|p2a: Ninetales|Aurora Veil|p2a: Ninetales\n|-sidestart|p2: pikeryer|move: Aurora Veil\n|move|p1a: Zapdos|Thunder Wave|p2b: Arcanine\n|-status|p2b: Arcanine|par\n|move|p1b: Manaphy|Scald|p2b: Arcanine\n|-resisted|p2b: Arcanine\n|-damage|p2b: Arcanine|86\/100 par\n|move|p2b: Arcanine|Rock Slide|p1b: Manaphy|[spread] p1a,p1b\n|-supereffective|p1a: Zapdos\n|-damage|p1a: Zapdos|0 fnt\n|-damage|p1b: Manaphy|59\/100\n|faint|p1a: Zapdos\n|\n|-weather|Snow|[upkeep]\n|-heal|p1b: Manaphy|65\/100|[from] item: Leftovers\n|upkeep\n|inactive|dweebballs99 has 120 seconds left.\n|\n|t:|1699627967\n|switch|p1a: Ogerpon|Ogerpon-Hearthflame, F|100\/100\n|-ability|p1a: Ogerpon|Mold Breaker\n|turn|2\n|inactive|pikeryer has 120 seconds left.\n|\n|t:|1699628012\n|switch|p2b: Iron Hands|Iron Hands|100\/100\n|-terastallize|p1a: Ogerpon|Fire\n|detailschange|p1a: Ogerpon|Ogerpon-Hearthflame-Tera, F, tera:Fire\n|-ability|p1a: Ogerpon|Embody Aspect (Hearthflame)|boost\n|-boost|p1a: Ogerpon|atk|1\n|move|p1a: Ogerpon|Ivy Cudgel|p2b: Iron Hands\n|-damage|p2b: Iron Hands|54\/100\n|move|p2a: Ninetales|Blizzard|p1b: Manaphy|[spread] p1a,p1b\n|-resisted|p1a: Ogerpon\n|-resisted|p1b: Manaphy\n|-damage|p1a: Ogerpon|84\/100\n|-damage|p1b: Manaphy|49\/100\n|move|p1b: Manaphy|Scald|p2a: Ninetales\n|-damage|p2a: Ninetales|67\/100\n|\n|-weather|Snow|[upkeep]\n|-heal|p1b: Manaphy|55\/100|[from] item: Leftovers\n|upkeep\n|turn|3\n|inactive|pikeryer has 120 seconds left.\n|\n|t:|1699628048\n|switch|p2a: Arcanine|Arcanine-Hisui, M, shiny, tera:Grass|86\/100 par\n|-ability|p2a: Arcanine|Intimidate|boost\n|-unboost|p1a: Ogerpon|atk|1\n|-unboost|p1b: Manaphy|atk|1\n|move|p1a: Ogerpon|Ivy Cudgel|p2a: Arcanine\n|-supereffective|p2a: Arcanine\n|-damage|p2a: Arcanine|0 fnt\n|faint|p2a: Arcanine\n|move|p1b: Manaphy|Heart Swap|p2b: Iron Hands\n|-swapboost|p1b: Manaphy|p2b: Iron Hands|[from] move: Heart Swap\n|move|p2b: Iron Hands|Wild Charge|p1a: Ogerpon\n|-damage|p1a: Ogerpon|45\/100\n|-damage|p2b: Iron Hands|47\/100|[from] Recoil\n|\n|-weather|Snow|[upkeep]\n|-heal|p1b: Manaphy|61\/100|[from] item: Leftovers\n|upkeep\n|inactive|pikeryer has 90 seconds left.\n|\n|t:|1699628074\n|switch|p2a: Flutter Mane|Flutter Mane|100\/100\n|-enditem|p2a: Flutter Mane|Booster Energy\n|-activate|p2a: Flutter Mane|ability: Protosynthesis|[fromitem]\n|-start|p2a: Flutter Mane|protosynthesisspa\n|turn|4\n|inactive|pikeryer has 90 seconds left.\n|\n|t:|1699628094\n|-end|p2b: Iron Hands|Quark Drive|[silent]\n|switch|p2b: Amoonguss|Amoonguss, F|100\/100\n|move|p1a: Ogerpon|Spiky Shield|p1a: Ogerpon\n|-singleturn|p1a: Ogerpon|move: Protect\n|move|p2a: Flutter Mane|Shadow Ball|p1a: Ogerpon\n|-activate|p1a: Ogerpon|move: Protect\n|move|p1b: Manaphy|Scald|p2a: Flutter Mane\n|-damage|p2a: Flutter Mane|72\/100\n|\n|-weather|Snow|[upkeep]\n|-heal|p1b: Manaphy|68\/100|[from] item: Leftovers\n|upkeep\n|turn|5\n|\n|t:|1699628111\n|switch|p1a: Gliscor|Gliscor, M|100\/100\n|move|p2a: Flutter Mane|Shadow Ball|p1a: Gliscor\n|-damage|p1a: Gliscor|19\/100\n|move|p1b: Manaphy|Tail Glow|p1b: Manaphy\n|-boost|p1b: Manaphy|spa|3\n|move|p2b: Amoonguss|Spore|p1b: Manaphy\n|-status|p1b: Manaphy|slp|[from] move: Spore\n|\n|-weather|none\n|-heal|p1b: Manaphy|74\/100 slp|[from] item: Leftovers\n|-status|p1a: Gliscor|tox|[from] item: Toxic Orb\n|upkeep\n|turn|6\n|inactive|pikeryer has 120 seconds left.\n|\n|t:|1699628137\n|move|p1a: Gliscor|Protect|p1a: Gliscor\n|-singleturn|p1a: Gliscor|Protect\n|move|p2a: Flutter Mane|Dazzling Gleam|p1b: Manaphy|[spread] p1b\n|-activate|p1a: Gliscor|move: Protect\n|-damage|p1b: Manaphy|31\/100 slp\n|cant|p1b: Manaphy|slp\n|move|p2b: Amoonguss|Pollen Puff|p2a: Flutter Mane\n|-heal|p2a: Flutter Mane|100\/100\n|\n|-heal|p1b: Manaphy|37\/100 slp|[from] item: Leftovers\n|-heal|p1a: Gliscor|31\/100 tox|[from] ability: Poison Heal\n|upkeep\n|turn|7\n|inactive|pikeryer has 120 seconds left.\n|\n|t:|1699628163\n|switch|p2b: Iron Hands|Iron Hands|47\/100\n|move|p2a: Flutter Mane|Dazzling Gleam|p1b: Manaphy|[spread] p1a,p1b\n|-damage|p1a: Gliscor|0 fnt\n|-damage|p1b: Manaphy|0 fnt\n|faint|p1a: Gliscor\n|faint|p1b: Manaphy\n|\n|upkeep\n|\n|t:|1699628176\n|switch|p1b: Flutter Mane|Flutter Mane|100\/100\n|switch|p1a: Kingambit|Kingambit, M|100\/100\n|-enditem|p1b: Flutter Mane|Booster Energy\n|-activate|p1b: Flutter Mane|ability: Protosynthesis|[fromitem]\n|-start|p1b: Flutter Mane|protosynthesisspe\n|turn|8\n|inactive|pikeryer has 120 seconds left.\n|\n|t:|1699628189\n|move|p2b: Iron Hands|Fake Out|p1a: Kingambit\n|-resisted|p1a: Kingambit\n|-damage|p1a: Kingambit|95\/100\n|cant|p1a: Kingambit|flinch\n|move|p1b: Flutter Mane|Moonblast|p2b: Iron Hands\n|-supereffective|p2b: Iron Hands\n|-crit|p2b: Iron Hands\n|-damage|p2b: Iron Hands|0 fnt\n|faint|p2b: Iron Hands\n|-end|p2b: Iron Hands|Quark Drive|[silent]\n|move|p2a: Flutter Mane|Shadow Ball|p1b: Flutter Mane\n|-supereffective|p1b: Flutter Mane\n|-damage|p1b: Flutter Mane|0 fnt\n|faint|p1b: Flutter Mane\n|-end|p1b: Flutter Mane|Protosynthesis|[silent]\n|\n|-sideend|p2: pikeryer|move: Aurora Veil\n|upkeep\n|\n|t:|1699628205\n|switch|p1b: Ogerpon|Ogerpon-Hearthflame-Tera, F, tera:Fire|45\/100\n|switch|p2b: Amoonguss|Amoonguss, F|100\/100\n|-ability|p1b: Ogerpon|Embody Aspect (Hearthflame)|boost\n|-boost|p1b: Ogerpon|atk|1\n|turn|9\n|\n|t:|1699628231\n|move|p2a: Flutter Mane|Shadow Ball|p1b: Ogerpon\n|-damage|p1b: Ogerpon|0 fnt\n|faint|p1b: Ogerpon\n|move|p1a: Kingambit|Iron Head|p2a: Flutter Mane\n|-supereffective|p2a: Flutter Mane\n|-damage|p2a: Flutter Mane|0 fnt\n|faint|p2a: Flutter Mane\n|-end|p2a: Flutter Mane|Protosynthesis|[silent]\n|-damage|p1a: Kingambit|85\/100|[from] item: Life Orb\n|move|p2b: Amoonguss|Spore|p1a: Kingambit\n|-status|p1a: Kingambit|slp|[from] move: Spore\n|\n|upkeep\n|inactive|pikeryer has 120 seconds left.\n|\n|t:|1699628244\n|switch|p2a: Landorus|Landorus, M|100\/100\n|turn|10\n|\n|t:|1699628262\n|switch|p2b: Ninetales|Ninetales-Alola, F|67\/100\n|-weather|Snow|[from] ability: Snow Warning|[of] p2b: Ninetales\n|cant|p1a: Kingambit|slp\n|move|p2a: Landorus|Sandsear Storm|p1a: Kingambit\n|-supereffective|p1a: Kingambit\n|-damage|p1a: Kingambit|0 fnt\n|faint|p1a: Kingambit\n|\n|win|pikeryer\n|raw|dweebballs99's rating: 1492 &rarr; <strong>1471<\/strong><br \/>(-21 for losing)\n|raw|pikeryer's rating: 1479 &rarr; <strong>1500<\/strong><br \/>(+21 for winning)\n|l|\u2606dweebballs99\n","uploadtime":1699628287,"views":10,"p1id":"dweebballs99","p2id":"pikeryer","formatid":"gen9doublesou","rating":1471,"private":0,"password":""}