{"id":"gen9doublesou-1969837797","p1":"knockknockitsyou","p2":"samsitoconpan","format":"[Gen 9] Doubles OU","log":"|j|\u2606knockknockitsyou\n|j|\u2606samsitoconpan\n|t:|1697569220\n|gametype|doubles\n|player|p1|knockknockitsyou|gambler|1110\n|player|p2|samsitoconpan|marshal|1186\n|teamsize|p1|6\n|teamsize|p2|6\n|gen|9\n|tier|[Gen 9] Doubles OU\n|rated|\n|rule|Species Clause: Limit one of each Pok\u00e9mon\n|rule|OHKO Clause: OHKO moves are banned\n|rule|Evasion Moves Clause: Evasion moves are banned\n|rule|Gravity Sleep Clause: The combination of sleep-inducing moves with imperfect accuracy and Gravity or Gigantamax Orbeetle are banned\n|rule|Endless Battle Clause: Forcing endless battles is banned\n|rule|HP Percentage Mod: HP is shown in percentages\n|clearpoke\n|poke|p1|Crabominable, M|\n|poke|p1|Beartic, M|\n|poke|p1|Ninetales-Alola, M|\n|poke|p1|Abomasnow, M|\n|poke|p1|Mamoswine, F|\n|poke|p1|Baxcalibur, F|\n|poke|p2|Munkidori, M|\n|poke|p2|Clefairy, F|\n|poke|p2|Heatran, M|\n|poke|p2|Conkeldurr, F|\n|poke|p2|Ogerpon-Wellspring, F|\n|poke|p2|Regieleki|\n|teampreview\n|\n|t:|1697569236\n|start\n|switch|p1a: Niney|Ninetales-Alola, M|100\/100\n|switch|p1b: Crabby|Crabominable, M|100\/100\n|switch|p2a: Regieleki|Regieleki, shiny|100\/100\n|switch|p2b: Munkidori|Munkidori, M|100\/100\n|-weather|Snow|[from] ability: Snow Warning|[of] p1a: Niney\n|turn|1\n|\n|t:|1697569261\n|move|p2a: Regieleki|Thunderbolt|p1a: Niney\n|-damage|p1a: Niney|49\/100\n|move|p2b: Munkidori|Sludge Bomb|p1a: Niney\n|-supereffective|p1a: Niney\n|-damage|p1a: Niney|0 fnt\n|faint|p1a: Niney\n|move|p1b: Crabby|Earthquake|p2b: Munkidori|[spread] p2a,p2b\n|-supereffective|p2a: Regieleki\n|-supereffective|p2b: Munkidori\n|-damage|p2a: Regieleki|0 fnt\n|-damage|p2b: Munkidori|24\/100\n|faint|p2a: Regieleki\n|\n|-weather|Snow|[upkeep]\n|upkeep\n|\n|t:|1697569282\n|switch|p2a: Ogerpon|Ogerpon-Wellspring, F|100\/100\n|switch|p1a: Beary|Beartic, M|100\/100\n|turn|2\n|\n|t:|1697569322\n|switch|p2b: Clefairy|Clefairy, F|100\/100\n|move|p2a: Ogerpon|Ivy Cudgel|p1b: Crabby\n|-damage|p1b: Crabby|55\/100\n|move|p1a: Beary|Frost Breath|p1b: Crabby\n|-resisted|p1b: Crabby\n|-crit|p1b: Crabby\n|-damage|p1b: Crabby|48\/100\n|-setboost|p1b: Crabby|atk|6|[from] ability: Anger Point\n|move|p1b: Crabby|Rock Slide|p2b: Clefairy|[spread] p2a,p2b\n|-damage|p2a: Ogerpon|18\/100\n|-damage|p2b: Clefairy|23\/100\n|\n|-weather|Snow|[upkeep]\n|upkeep\n|turn|3\n|\n|t:|1697569360\n|move|p2b: Clefairy|Follow Me|p2b: Clefairy\n|-singleturn|p2b: Clefairy|move: Follow Me\n|move|p2a: Ogerpon|Ivy Cudgel|p1b: Crabby\n|-damage|p1b: Crabby|10\/100\n|move|p1a: Beary|Icicle Crash|p2b: Clefairy\n|-damage|p2b: Clefairy|0 fnt\n|faint|p2b: Clefairy\n|move|p1b: Crabby|Drain Punch|p1a: Beary\n|-supereffective|p1a: Beary\n|-damage|p1a: Beary|0 fnt\n|-heal|p1b: Crabby|56\/100|[from] drain|[of] p1a: Beary\n|faint|p1a: Beary\n|\n|-weather|Snow|[upkeep]\n|upkeep\n|\n|t:|1697569373\n|switch|p1a: Mammy|Mamoswine, F|100\/100\n|switch|p2b: Conkeldurr|Conkeldurr, F|100\/100\n|turn|4\n|\n|t:|1697569391\n|-terastallize|p1b: Crabby|Fighting\n|move|p1a: Mammy|Ice Shard|p2a: Ogerpon\n|-damage|p2a: Ogerpon|0 fnt\n|faint|p2a: Ogerpon\n|move|p2b: Conkeldurr|Drain Punch|p1b: Crabby\n|-damage|p1b: Crabby|0 fnt\n|faint|p1b: Crabby\n|-damage|p2b: Conkeldurr|91\/100|[from] item: Life Orb\n|\n|-weather|Snow|[upkeep]\n|upkeep\n|\n|t:|1697569408\n|switch|p2a: Munkidori|Munkidori, M|24\/100\n|switch|p1b: Baxxy|Baxcalibur, F|100\/100\n|turn|5\n|\n|t:|1697569436\n|move|p1a: Mammy|Ice Shard|p2a: Munkidori\n|-damage|p2a: Munkidori|0 fnt\n|faint|p2a: Munkidori\n|move|p1b: Baxxy|Substitute|p1b: Baxxy\n|-start|p1b: Baxxy|Substitute\n|-damage|p1b: Baxxy|76\/100\n|move|p2b: Conkeldurr|Drain Punch|p1b: Baxxy\n|-supereffective|p1b: Baxxy\n|-end|p1b: Baxxy|Substitute\n|-heal|p2b: Conkeldurr|100\/100|[from] drain|[of] p1b: Baxxy\n|-damage|p2b: Conkeldurr|91\/100|[from] item: Life Orb\n|\n|-weather|Snow|[upkeep]\n|-heal|p1b: Baxxy|82\/100|[from] ability: Ice Body\n|upkeep\n|\n|t:|1697569441\n|switch|p2a: Heatran|Heatran, M|100\/100\n|-item|p2a: Heatran|Air Balloon\n|turn|6\n|\n|t:|1697569478\n|move|p1b: Baxxy|Icicle Spear|p2b: Conkeldurr\n|-crit|p2b: Conkeldurr\n|-damage|p2b: Conkeldurr|73\/100\n|-damage|p2b: Conkeldurr|63\/100\n|-crit|p2b: Conkeldurr\n|-damage|p2b: Conkeldurr|46\/100\n|-damage|p2b: Conkeldurr|36\/100\n|-hitcount|p2b: Conkeldurr|4\n|move|p1a: Mammy|Rock Slide|p2b: Conkeldurr|[spread] p2a,p2b\n|-resisted|p2b: Conkeldurr\n|-damage|p2a: Heatran|85\/100\n|-damage|p2b: Conkeldurr|28\/100\n|-enditem|p2a: Heatran|Air Balloon\n|move|p2a: Heatran|Flash Cannon|p1a: Mammy\n|-supereffective|p1a: Mammy\n|-damage|p1a: Mammy|0 fnt\n|faint|p1a: Mammy\n|move|p2b: Conkeldurr|Drain Punch|p1b: Baxxy\n|-supereffective|p1b: Baxxy\n|-damage|p1b: Baxxy|0 fnt\n|-heal|p2b: Conkeldurr|69\/100|[from] drain|[of] p1b: Baxxy\n|faint|p1b: Baxxy\n|-damage|p2b: Conkeldurr|59\/100|[from] item: Life Orb\n|\n|-weather|Snow|[upkeep]\n|upkeep\n|\n|t:|1697569493\n|switch|p1b: Abomy|Abomasnow, M|100\/100\n|turn|7\n|\n|t:|1697569502\n|move|p2a: Heatran|Magma Storm|p1b: Abomy\n|-supereffective|p1b: Abomy\n|-damage|p1b: Abomy|0 fnt\n|faint|p1b: Abomy\n|\n|win|samsitoconpan\n|raw|knockknockitsyou's rating: 1110 &rarr; <strong>1090<\/strong><br \/>(-20 for losing)\n|raw|samsitoconpan's rating: 1186 &rarr; <strong>1206<\/strong><br \/>(+20 for winning)\n|c|\u2606knockknockitsyou|gg\n|c|\u2606samsitoconpan|gg\n|l|\u2606knockknockitsyou\n","uploadtime":1697569510,"views":10,"p1id":"knockknockitsyou","p2id":"samsitoconpan","formatid":"gen9doublesou","rating":1090,"private":0,"password":""}