{"id":"gen9doublesou-1983918063","p1":"Wisdom1472","p2":"Massssssaaaaa","format":"[Gen 9] Doubles OU","log":"|j|\u2606Wisdom1472\n|j|\u2606Massssssaaaaa\n|t:|1699199823\n|gametype|doubles\n|player|p1|Wisdom1472|swimmer|1141\n|player|p2|Massssssaaaaa|1|1077\n|teamsize|p1|6\n|teamsize|p2|6\n|gen|9\n|tier|[Gen 9] Doubles OU\n|rated|\n|rule|Species Clause: Limit one of each Pok\u00e9mon\n|rule|OHKO Clause: OHKO moves are banned\n|rule|Evasion Moves Clause: Evasion moves are banned\n|rule|Gravity Sleep Clause: The combination of sleep-inducing moves with imperfect accuracy and Gravity or Gigantamax Orbeetle are banned\n|rule|Endless Battle Clause: Forcing endless battles is banned\n|rule|HP Percentage Mod: HP is shown in percentages\n|clearpoke\n|poke|p1|Glimmora, M|\n|poke|p1|Sinistcha|\n|poke|p1|Ursaluna-Bloodmoon, M|\n|poke|p1|Okidogi, M|\n|poke|p1|Flutter Mane|\n|poke|p1|Kommo-o, M|\n|poke|p2|Milotic, M|\n|poke|p2|Oricorio-Pom-Pom, F|\n|poke|p2|Volcarona, M|\n|poke|p2|Farigiraf, F|\n|poke|p2|Sinistcha-Masterpiece|\n|poke|p2|Enamorus, F|\n|teampreview\n|j| GhastlyPixie\n|inactive|Battle timer is ON: inactive players will automatically lose when time's up. (requested by Massssssaaaaa)\n|\n|t:|1699199856\n|start\n|switch|p1a: Glimmora|Glimmora, M|100\/100\n|switch|p1b: Ursaluna|Ursaluna-Bloodmoon, M|100\/100\n|switch|p2a: Volcarona|Volcarona, M|100\/100\n|switch|p2b: Oricorio|Oricorio-Pom-Pom, F|100\/100\n|-item|p1a: Glimmora|Air Balloon\n|turn|1\n|\n|t:|1699199876\n|move|p2a: Volcarona|Fiery Dance|p1b: Ursaluna\n|-damage|p1b: Ursaluna|48\/100\n|-boost|p2a: Volcarona|spa|1\n|-activate|p2b: Oricorio|ability: Dancer\n|move|p2b: Oricorio|Fiery Dance|p1b: Ursaluna|[from]ability: Dancer\n|-damage|p1b: Ursaluna|29\/100\n|-boost|p2b: Oricorio|spa|1\n|move|p2b: Oricorio|Dual Wingbeat|p1b: Ursaluna\n|-damage|p1b: Ursaluna|19\/100\n|-damage|p1b: Ursaluna|8\/100\n|-hitcount|p1b: Ursaluna|2\n|move|p1a: Glimmora|Power Gem|p2a: Volcarona\n|-supereffective|p2a: Volcarona\n|-damage|p2a: Volcarona|0 fnt\n|faint|p2a: Volcarona\n|move|p1b: Ursaluna|Hyper Voice|p2b: Oricorio\n|-damage|p2b: Oricorio|12\/100\n|-enditem|p1b: Ursaluna|Throat Spray\n|-boost|p1b: Ursaluna|spa|1|[from] item: Throat Spray\n|\n|upkeep\n|inactive|Massssssaaaaa has 120 seconds left.\n|\n|t:|1699199897\n|switch|p2a: Milotic|Milotic, M|100\/100\n|turn|2\n|\n|t:|1699199911\n|move|p1b: Ursaluna|Vacuum Wave|p2b: Oricorio\n|-resisted|p2b: Oricorio\n|-damage|p2b: Oricorio|0 fnt\n|faint|p2b: Oricorio\n|move|p2a: Milotic|Dragon Dance|p2a: Milotic\n|-boost|p2a: Milotic|atk|1\n|-boost|p2a: Milotic|spe|1\n|move|p1a: Glimmora|Stealth Rock|p2a: Milotic\n|-sidestart|p2: Massssssaaaaa|move: Stealth Rock\n|\n|upkeep\n|\n|t:|1699199919\n|switch|p2b: Farigiraf|Farigiraf, F|100\/100\n|-damage|p2b: Farigiraf|88\/100|[from] Stealth Rock\n|turn|3\n|\n|t:|1699199938\n|switch|p1a: Sinistcha|Sinistcha|100\/100\n|-heal|p1b: Ursaluna|33\/100|[from] ability: Hospitality|[of] p1a: Sinistcha\n|move|p1b: Ursaluna|Vacuum Wave|p2a: Milotic\n|-damage|p2a: Milotic|87\/100\n|move|p2a: Milotic|Icy Wind|p1b: Ursaluna|[spread] p1a,p1b\n|-supereffective|p1a: Sinistcha\n|-supereffective|p1b: Ursaluna\n|-damage|p1a: Sinistcha|80\/100\n|-damage|p1b: Ursaluna|13\/100\n|-unboost|p1a: Sinistcha|spe|1\n|-unboost|p1b: Ursaluna|spe|1\n|move|p2b: Farigiraf|Trick Room|p2b: Farigiraf\n|-fieldstart|move: Trick Room|[of] p2b: Farigiraf\n|\n|-heal|p1a: Sinistcha|86\/100|[from] item: Leftovers\n|-heal|p2a: Milotic|93\/100|[from] item: Leftovers\n|upkeep\n|turn|4\n|\n|t:|1699199957\n|switch|p2b: Enamorus|Enamorus, F|100\/100\n|-damage|p2b: Enamorus|76\/100|[from] Stealth Rock\n|-terastallize|p1b: Ursaluna|Normal\n|-terastallize|p2a: Milotic|Steel\n|move|p1b: Ursaluna|Hyper Voice|p2b: Enamorus|[spread] p2a,p2b\n|-resisted|p2a: Milotic\n|-damage|p2a: Milotic|71\/100\n|-damage|p2b: Enamorus|0 fnt\n|faint|p2b: Enamorus\n|move|p1a: Sinistcha|Life Dew|p1a: Sinistcha|[spread] p1a,p1b\n|-heal|p1a: Sinistcha|100\/100\n|-heal|p1b: Ursaluna|38\/100\n|move|p2a: Milotic|Dragon Dance|p2a: Milotic\n|-boost|p2a: Milotic|atk|1\n|-boost|p2a: Milotic|spe|1\n|\n|-heal|p2a: Milotic|77\/100|[from] item: Leftovers\n|upkeep\n|\n|t:|1699199975\n|switch|p2b: Sinistcha|Sinistcha-Masterpiece|100\/100\n|-heal|p2a: Milotic|100\/100|[from] ability: Hospitality|[of] p2b: Sinistcha\n|turn|5\n|\n|t:|1699199994\n|move|p1b: Ursaluna|Earth Power|p2a: Milotic\n|-supereffective|p2a: Milotic\n|-damage|p2a: Milotic|15\/100\n|move|p1a: Sinistcha|Life Dew||[still]|[spread] p1a,p1b\n|-fail|p1a: Sinistcha|heal\n|-heal|p1b: Ursaluna|63\/100\n|move|p2b: Sinistcha|Matcha Gotcha|p1a: Sinistcha|[spread] p1a,p1b\n|-resisted|p1a: Sinistcha\n|-damage|p1a: Sinistcha|85\/100\n|-damage|p1b: Ursaluna|36\/100\n|move|p2a: Milotic|Waterfall|p1b: Ursaluna\n|-damage|p1b: Ursaluna|12\/100\n|\n|-heal|p1a: Sinistcha|92\/100|[from] item: Leftovers\n|-heal|p2a: Milotic|21\/100|[from] item: Leftovers\n|upkeep\n|turn|6\n|inactive|Wisdom1472 has 120 seconds left.\n|l|\u2606Massssssaaaaa\n|inactive|Massssssaaaaa disconnected and has a minute to reconnect!\n|player|p2|\n|inactive|Massssssaaaaa has 30 seconds to reconnect!\n|inactive|Massssssaaaaa has 20 seconds to reconnect!\n|inactive|Massssssaaaaa has 15 seconds to reconnect!\n|inactive|Massssssaaaaa has 10 seconds to reconnect!\n|inactive|Massssssaaaaa has 5 seconds to reconnect!\n|-message|Massssssaaaaa lost due to inactivity.\n|\n|win|Wisdom1472\n|raw|Wisdom1472's rating: 1141 &rarr; <strong>1161<\/strong><br \/>(+20 for winning)\n|raw|Massssssaaaaa's rating: 1077 &rarr; <strong>1059<\/strong><br \/>(-18 for losing)\n","uploadtime":1699200089,"views":8,"p1id":"wisdom1472","p2id":"massssssaaaaa","formatid":"gen9doublesou","rating":1059,"private":0,"password":""}