{"id":"gen9doublesou-1970780409","p1":"Zygarde12","p2":"Inkubone","format":"[Gen 9] Doubles OU","log":"|j|\u2606Zygarde12\n|j|\u2606Inkubone\n|inactive|Battle timer is ON: inactive players will automatically lose when time's up.\n|t:|1697666466\n|gametype|doubles\n|player|p1|Zygarde12|preschooler|\n|player|p2|Inkubone|yellow|\n|teamsize|p1|6\n|teamsize|p2|6\n|gen|9\n|tier|[Gen 9] Doubles OU\n|rated|Tournament battle\n|rule|Species Clause: Limit one of each Pok\u00e9mon\n|rule|OHKO Clause: OHKO moves are banned\n|rule|Evasion Moves Clause: Evasion moves are banned\n|rule|Gravity Sleep Clause: The combination of sleep-inducing moves with imperfect accuracy and Gravity or Gigantamax Orbeetle are banned\n|rule|Endless Battle Clause: Forcing endless battles is banned\n|rule|HP Percentage Mod: HP is shown in percentages\n|clearpoke\n|poke|p1|Chien-Pao|\n|poke|p1|Dragonite, F|\n|poke|p1|Chi-Yu|\n|poke|p1|Flutter Mane|\n|poke|p1|Tornadus, M|\n|poke|p1|Ogerpon-Hearthflame, F|\n|poke|p2|Ninetales, F|\n|poke|p2|Torkoal, M|\n|poke|p2|Lilligant-Hisui, F|\n|poke|p2|Walking Wake|\n|poke|p2|Arboliva, F|\n|poke|p2|Oranguru, M|\n|teampreview\n|j|*Lady Monita \u263d\n|c|\u2606Inkubone|Hello good luck have fun\n|c|\u2606Zygarde12|u2\n|inactive|Zygarde12 has 120 seconds left.\n|\n|t:|1697666513\n|start\n|switch|p1a: Tornadus|Tornadus, M|100\/100\n|switch|p1b: Chi-Yu|Chi-Yu|100\/100\n|switch|p2a: Lael|Ninetales, F|100\/100\n|switch|p2b: Hydroraptor|Walking Wake|100\/100\n|-ability|p1b: Chi-Yu|Beads of Ruin\n|-weather|SunnyDay|[from] ability: Drought|[of] p2a: Lael\n|-activate|p2b: Hydroraptor|ability: Protosynthesis\n|-start|p2b: Hydroraptor|protosynthesisspa\n|turn|1\n|\n|t:|1697666539\n|move|p2b: Hydroraptor|Protect|p2b: Hydroraptor\n|-singleturn|p2b: Hydroraptor|Protect\n|move|p1a: Tornadus|Tailwind|p1a: Tornadus\n|-sidestart|p1: Zygarde12|move: Tailwind\n|move|p1b: Chi-Yu|Dark Pulse|p2b: Hydroraptor\n|-activate|p2b: Hydroraptor|move: Protect\n|move|p2a: Lael|Weather Ball|p1a: Tornadus\n|-enditem|p1a: Tornadus|Focus Sash\n|-damage|p1a: Tornadus|1\/100\n|\n|-weather|SunnyDay|[upkeep]\n|upkeep\n|turn|2\n|\n|t:|1697666561\n|switch|p1a: Dragonite|Dragonite, F|100\/100\n|move|p1b: Chi-Yu|Dark Pulse|p2b: Hydroraptor\n|-damage|p2b: Hydroraptor|32\/100\n|move|p2b: Hydroraptor|Hydro Steam|p1b: Chi-Yu\n|-supereffective|p1b: Chi-Yu\n|-damage|p1b: Chi-Yu|0 fnt\n|faint|p1b: Chi-Yu\n|move|p2a: Lael|Weather Ball|p1a: Dragonite\n|-resisted|p1a: Dragonite\n|-damage|p1a: Dragonite|73\/100\n|\n|-weather|SunnyDay|[upkeep]\n|upkeep\n|\n|t:|1697666569\n|switch|p1b: Chien-Pao|Chien-Pao|100\/100\n|-ability|p1b: Chien-Pao|Sword of Ruin\n|turn|3\n|\n|t:|1697666584\n|move|p2b: Hydroraptor|Protect|p2b: Hydroraptor\n|-singleturn|p2b: Hydroraptor|Protect\n|move|p1b: Chien-Pao|Ice Spinner|p2b: Hydroraptor\n|-activate|p2b: Hydroraptor|move: Protect\n|move|p1a: Dragonite|Dragon Claw|p2a: Lael\n|-damage|p2a: Lael|0 fnt\n|faint|p2a: Lael\n|\n|-weather|SunnyDay|[upkeep]\n|upkeep\n|\n|t:|1697666600\n|switch|p2a: Nikka|Torkoal, M|100\/100\n|turn|4\n|\n|t:|1697666616\n|-end|p2b: Hydroraptor|Protosynthesis|[silent]\n|switch|p2b: Oranguru|Oranguru, M|100\/100\n|move|p1b: Chien-Pao|Ice Spinner|p2b: Oranguru\n|-damage|p2b: Oranguru|40\/100\n|move|p1a: Dragonite|Dragon Claw|p2a: Nikka\n|-damage|p2a: Nikka|32\/100\n|move|p2a: Nikka|Heat Wave|p1b: Chien-Pao|[spread] p1a,p1b\n|-resisted|p1a: Dragonite\n|-supereffective|p1b: Chien-Pao\n|-damage|p1a: Dragonite|51\/100\n|-enditem|p1b: Chien-Pao|Focus Sash\n|-damage|p1b: Chien-Pao|1\/100\n|-status|p1b: Chien-Pao|brn\n|\n|-weather|SunnyDay|[upkeep]\n|-damage|p1b: Chien-Pao|0 fnt|[from] brn\n|faint|p1b: Chien-Pao\n|-sideend|p1: Zygarde12|move: Tailwind\n|upkeep\n|c|\u2606Zygarde12|bruh\n|\n|t:|1697666630\n|switch|p1b: Ogerpon|Ogerpon-Hearthflame, F|100\/100\n|-ability|p1b: Ogerpon|Mold Breaker\n|turn|5\n|\n|t:|1697666655\n|switch|p2b: Hydroraptor|Walking Wake|32\/100\n|-activate|p2b: Hydroraptor|ability: Protosynthesis\n|-start|p2b: Hydroraptor|protosynthesisspa\n|switch|p2a: Holy|Arboliva, F|100\/100\n|move|p1b: Ogerpon|Ivy Cudgel|p2b: Hydroraptor\n|-resisted|p2b: Hydroraptor\n|-damage|p2b: Hydroraptor|6\/100\n|move|p1a: Dragonite|Dragon Claw|p2a: Holy\n|-damage|p2a: Holy|24\/100\n|-fieldstart|move: Grassy Terrain|[from] ability: Seed Sower|[of] p2a: Holy\n|\n|-weather|none\n|-end|p2b: Hydroraptor|Protosynthesis\n|-heal|p2b: Hydroraptor|13\/100|[from] Grassy Terrain\n|-heal|p2a: Holy|30\/100|[from] Grassy Terrain\n|-heal|p2a: Holy|37\/100|[from] item: Leftovers\n|upkeep\n|turn|6\n|inactive|Zygarde12 has 120 seconds left.\n|inactive|Inkubone has 120 seconds left.\n|\n|t:|1697666704\n|switch|p2a: Nikka|Torkoal, M|32\/100\n|-weather|SunnyDay|[from] ability: Drought|[of] p2a: Nikka\n|-activate|p2b: Hydroraptor|ability: Protosynthesis\n|-start|p2b: Hydroraptor|protosynthesisspa\n|move|p2b: Hydroraptor|Protect|p2b: Hydroraptor\n|-singleturn|p2b: Hydroraptor|Protect\n|move|p1b: Ogerpon|Ivy Cudgel|p2b: Hydroraptor\n|-activate|p2b: Hydroraptor|move: Protect\n|move|p1a: Dragonite|Dragon Claw|p2a: Nikka\n|-damage|p2a: Nikka|0 fnt\n|faint|p2a: Nikka\n|\n|-weather|SunnyDay|[upkeep]\n|-heal|p2b: Hydroraptor|19\/100|[from] Grassy Terrain\n|upkeep\n|j| Troutinspace\n|inactive|Inkubone has 90 seconds left.\n|\n|t:|1697666735\n|switch|p2a: Lillia|Lilligant-Hisui, F|100\/100\n|turn|7\n|inactive|Zygarde12 has 120 seconds left.\n|inactive|Inkubone has 90 seconds left.\n|\n|t:|1697666770\n|switch|p1a: Tornadus|Tornadus, M|1\/100\n|move|p1b: Ogerpon|Follow Me|p1b: Ogerpon\n|-singleturn|p1b: Ogerpon|move: Follow Me\n|move|p2a: Lillia|Close Combat|p1b: Ogerpon\n|-damage|p1b: Ogerpon|20\/100\n|-unboost|p2a: Lillia|def|1\n|-unboost|p2a: Lillia|spd|1\n|move|p2b: Hydroraptor|Draco Meteor|p1b: Ogerpon\n|-damage|p1b: Ogerpon|0 fnt\n|-unboost|p2b: Hydroraptor|spa|2\n|-enditem|p2b: Hydroraptor|Eject Pack\n|faint|p1b: Ogerpon\n|\n|t:|1697666779\n|-end|p2b: Hydroraptor|Protosynthesis|[silent]\n|switch|p2b: Oranguru|Oranguru, M|40\/100\n|\n|-weather|SunnyDay|[upkeep]\n|-heal|p2b: Oranguru|46\/100|[from] Grassy Terrain\n|upkeep\n|\n|t:|1697666787\n|switch|p1b: Flutter Mane|Flutter Mane|100\/100\n|-activate|p1b: Flutter Mane|ability: Protosynthesis\n|-start|p1b: Flutter Mane|protosynthesisspe\n|turn|8\n|\n|t:|1697666807\n|-terastallize|p1b: Flutter Mane|Fairy\n|move|p1a: Tornadus|Tailwind|p1a: Tornadus\n|-sidestart|p1: Zygarde12|move: Tailwind\n|move|p1b: Flutter Mane|Dazzling Gleam|p2b: Oranguru|[spread] p2a,p2b\n|-supereffective|p2a: Lillia\n|-enditem|p2a: Lillia|Focus Sash\n|-activate|p2b: Oranguru|ability: Symbiosis|Expert Belt|[of] p2a: Lillia\n|-damage|p2a: Lillia|1\/100\n|-damage|p2b: Oranguru|0 fnt\n|faint|p2b: Oranguru\n|move|p2a: Lillia|Solar Blade||[still]\n|-prepare|p2a: Lillia|Solar Blade\n|-anim|p2a: Lillia|Solar Blade|p1b: Flutter Mane\n|-damage|p1b: Flutter Mane|0 fnt\n|faint|p1b: Flutter Mane\n|-end|p1b: Flutter Mane|Protosynthesis|[silent]\n|\n|-weather|SunnyDay|[upkeep]\n|-heal|p2a: Lillia|7\/100|[from] Grassy Terrain\n|upkeep\n|inactive|Inkubone has 120 seconds left.\n|\n|t:|1697666824\n|switch|p1b: Dragonite|Dragonite, F|51\/100\n|switch|p2b: Holy|Arboliva, F|37\/100\n|turn|9\n|inactive|Inkubone has 120 seconds left.\n|\n|t:|1697666849\n|-terastallize|p2b: Holy|Fire\n|move|p1b: Dragonite|Extreme Speed|p2a: Lillia\n|-damage|p2a: Lillia|0 fnt\n|faint|p2a: Lillia\n|move|p1a: Tornadus|Bleakwind Storm|p2b: Holy|[miss]\n|-miss|p1a: Tornadus|p2b: Holy\n|move|p2b: Holy|Strength Sap|p1b: Dragonite\n|-unboost|p1b: Dragonite|atk|1\n|-heal|p2b: Holy|100\/100\n|\n|-weather|SunnyDay|[upkeep]\n|-fieldend|move: Grassy Terrain\n|upkeep\n|\n|t:|1697666857\n|switch|p2a: Hydroraptor|Walking Wake|19\/100\n|-activate|p2a: Hydroraptor|ability: Protosynthesis\n|-start|p2a: Hydroraptor|protosynthesisspa\n|turn|10\n|\n|t:|1697666873\n|move|p2a: Hydroraptor|Protect|p2a: Hydroraptor\n|-singleturn|p2a: Hydroraptor|Protect\n|move|p1b: Dragonite|Extreme Speed|p2b: Holy\n|-damage|p2b: Holy|67\/100\n|-fieldstart|move: Grassy Terrain|[from] ability: Seed Sower|[of] p2b: Holy\n|move|p1a: Tornadus|Taunt|p2b: Holy\n|-start|p2b: Holy|move: Taunt\n|move|p2b: Holy|Weather Ball|p1a: Tornadus\n|-crit|p1a: Tornadus\n|-damage|p1a: Tornadus|0 fnt\n|faint|p1a: Tornadus\n|\n|-weather|SunnyDay|[upkeep]\n|-heal|p2a: Hydroraptor|25\/100|[from] Grassy Terrain\n|-heal|p2b: Holy|74\/100|[from] Grassy Terrain\n|-heal|p2b: Holy|80\/100|[from] item: Leftovers\n|upkeep\n|turn|11\n|\n|t:|1697666889\n|move|p1b: Dragonite|Extreme Speed|p2a: Hydroraptor\n|-damage|p2a: Hydroraptor|0 fnt\n|faint|p2a: Hydroraptor\n|-end|p2a: Hydroraptor|Protosynthesis|[silent]\n|move|p2b: Holy|Giga Drain|p1b: Dragonite\n|-resisted|p1b: Dragonite\n|-damage|p1b: Dragonite|39\/100\n|-heal|p2b: Holy|86\/100|[from] drain|[of] p1b: Dragonite\n|\n|-weather|SunnyDay|[upkeep]\n|-heal|p2b: Holy|92\/100|[from] Grassy Terrain\n|-heal|p2b: Holy|98\/100|[from] item: Leftovers\n|-sideend|p1: Zygarde12|move: Tailwind\n|upkeep\n|turn|12\n|\n|t:|1697666906\n|move|p1b: Dragonite|Extreme Speed|p2b: Holy\n|-damage|p2b: Holy|65\/100\n|move|p2b: Holy|Weather Ball|p1b: Dragonite\n|-resisted|p1b: Dragonite\n|-damage|p1b: Dragonite|0 fnt\n|faint|p1b: Dragonite\n|\n|win|Inkubone\n|n|\u2606Zygarde12|zygarde12\n|n|\u2606Inkubone|inkubone\n|n|*Lady Monita \u263d|ladymonita\n|n| Troutinspace|troutinspace\n|l|*Lady Monita \u263d\n|l|\u2606Zygarde12\n|c|\u2606Inkubone|Gg\n","uploadtime":1697666920,"views":15,"p1id":"zygarde12","p2id":"inkubone","formatid":"gen9doublesou","rating":0,"private":0,"password":""}