{"id":"gen9doublesou-1973056520","p1":"Arcticblast","p2":"Sunrose","format":"[Gen 9] Doubles OU","log":"|j|\u2606Arcticblast\n|j|\u2606Sunrose\n|t:|1697922906\n|gametype|doubles\n|player|p1|Arcticblast|will|\n|player|p2|Sunrose|morty|\n|teamsize|p1|6\n|teamsize|p2|6\n|gen|9\n|tier|[Gen 9] Doubles OU\n|rule|Species Clause: Limit one of each Pok\u00e9mon\n|rule|OHKO Clause: OHKO moves are banned\n|rule|Evasion Moves Clause: Evasion moves are banned\n|rule|Gravity Sleep Clause: The combination of sleep-inducing moves with imperfect accuracy and Gravity or Gigantamax Orbeetle are banned\n|rule|Endless Battle Clause: Forcing endless battles is banned\n|rule|HP Percentage Mod: HP is shown in percentages\n|clearpoke\n|poke|p1|Sinistcha|\n|poke|p1|Tornadus, M|\n|poke|p1|Okidogi, M|\n|poke|p1|Flutter Mane|\n|poke|p1|Landorus-Therian, M|\n|poke|p1|Volcanion|\n|poke|p2|Rillaboom, F|\n|poke|p2|Diancie|\n|poke|p2|Farigiraf, F|\n|poke|p2|Ursaluna-Bloodmoon, M|\n|poke|p2|Ogerpon-Wellspring, F|\n|poke|p2|Gholdengo|\n|teampreview\n|c|\u2606Sunrose|Hf\n|c|\u2606Arcticblast|you too!\n|c|\u2606Arcticblast|cool if I link the game in doucord?\n|c|\u2606Sunrose|Yeah\n|j| Iceberg77\n|j| theyummybagel\n|j| Gweninja\n|\n|t:|1697923135\n|start\n|switch|p1a: Flutter Mane|Flutter Mane|100\/100\n|switch|p1b: Landorus|Landorus-Therian, M|100\/100\n|switch|p2a: Diancie|Diancie|100\/100\n|switch|p2b: Rillaboom|Rillaboom, F|100\/100\n|-ability|p1b: Landorus|Intimidate|boost\n|-fail|p2a: Diancie|unboost|[from] ability: Clear Body|[of] p2a: Diancie\n|-unboost|p2b: Rillaboom|atk|1\n|-fieldstart|move: Grassy Terrain|[from] ability: Grassy Surge|[of] p2b: Rillaboom\n|-enditem|p2a: Diancie|Grassy Seed\n|-boost|p2a: Diancie|def|1|[from] item: Grassy Seed\n|turn|1\n|j| Smudge\n|j| Jello1231\n|\n|t:|1697923168\n|switch|p1b: Sinistcha|Sinistcha|100\/100\n|move|p2b: Rillaboom|Fake Out|p1b: Sinistcha\n|-immune|p1b: Sinistcha\n|move|p1a: Flutter Mane|Moonblast|p2a: Diancie\n|-damage|p2a: Diancie|50\/100\n|move|p2a: Diancie|Trick Room|p2a: Diancie\n|-fieldstart|move: Trick Room|[of] p2a: Diancie\n|\n|-heal|p2a: Diancie|56\/100|[from] Grassy Terrain\n|upkeep\n|turn|2\n|j| Eragon11145\n|\n|t:|1697923200\n|-end|p1a: Flutter Mane|Protosynthesis|[silent]\n|switch|p1a: Landorus|Landorus-Therian, M|100\/100\n|-ability|p1a: Landorus|Intimidate|boost\n|-fail|p2a: Diancie|unboost|[from] ability: Clear Body|[of] p2a: Diancie\n|-unboost|p2b: Rillaboom|atk|1\n|move|p2a: Diancie|Protect|p2a: Diancie\n|-singleturn|p2a: Diancie|Protect\n|move|p2b: Rillaboom|Wood Hammer|p1a: Landorus\n|-damage|p1a: Landorus|50\/100\n|-damage|p2b: Rillaboom|87\/100|[from] Recoil\n|move|p1b: Sinistcha|Trick Room|p1b: Sinistcha\n|-fieldend|move: Trick Room\n|\n|-heal|p2b: Rillaboom|93\/100|[from] Grassy Terrain\n|-heal|p2a: Diancie|62\/100|[from] Grassy Terrain\n|upkeep\n|turn|3\n|j|+daawesomedude1 (\n|l| Eragon11145\n|j|%Yellow Paint\n|\n|t:|1697923267\n|move|p1a: Landorus|U-turn|p2a: Diancie\n|-resisted|p2a: Diancie\n|-damage|p2a: Diancie|55\/100\n|\n|t:|1697923274\n|switch|p1a: Okidogi|Okidogi, M|100\/100|[from] U-turn\n|move|p2b: Rillaboom|Wood Hammer|p1a: Okidogi\n|-resisted|p1a: Okidogi\n|-damage|p1a: Okidogi|83\/100\n|-damage|p2b: Rillaboom|87\/100|[from] Recoil\n|move|p1b: Sinistcha|Matcha Gotcha|p2b: Rillaboom|[spread] p2a,p2b\n|-supereffective|p2a: Diancie\n|-resisted|p2b: Rillaboom\n|-damage|p2a: Diancie|13\/100\n|-damage|p2b: Rillaboom|75\/100\n|-status|p2b: Rillaboom|brn\n|move|p2a: Diancie|Trick Room|p2a: Diancie\n|-fieldstart|move: Trick Room|[of] p2a: Diancie\n|\n|-heal|p2a: Diancie|19\/100|[from] Grassy Terrain\n|-heal|p2b: Rillaboom|82\/100 brn|[from] Grassy Terrain\n|-heal|p1a: Okidogi|89\/100|[from] Grassy Terrain\n|-damage|p2b: Rillaboom|75\/100 brn|[from] brn\n|upkeep\n|turn|4\n|\n|t:|1697923326\n|move|p2a: Diancie|Diamond Storm|p1b: Sinistcha|[spread] p1a,p1b\n|-resisted|p1a: Okidogi\n|-damage|p1a: Okidogi|77\/100\n|-damage|p1b: Sinistcha|75\/100\n|move|p2b: Rillaboom|U-turn|p1b: Sinistcha\n|-damage|p1b: Sinistcha|70\/100\n|\n|t:|1697923331\n|switch|p2b: Ogerpon|Ogerpon-Wellspring, F|100\/100|[from] U-turn\n|move|p1a: Okidogi|Close Combat|p2a: Diancie\n|-damage|p2a: Diancie|0 fnt\n|-unboost|p1a: Okidogi|def|1\n|-unboost|p1a: Okidogi|spd|1\n|faint|p2a: Diancie\n|move|p1b: Sinistcha|Trick Room|p1b: Sinistcha\n|-fieldend|move: Trick Room\n|\n|-heal|p1a: Okidogi|83\/100|[from] Grassy Terrain\n|-heal|p1b: Sinistcha|76\/100|[from] Grassy Terrain\n|upkeep\n|l| Smudge\n|\n|t:|1697923350\n|switch|p2a: Farigiraf|Farigiraf, F|100\/100\n|turn|5\n|\n|t:|1697923356\n|switch|p1a: Volcanion|Volcanion|100\/100\n|move|p2b: Ogerpon|Encore|p1b: Sinistcha\n|-start|p1b: Sinistcha|Encore\n|move|p1b: Sinistcha|Trick Room|p1b: Sinistcha\n|-fieldstart|move: Trick Room|[of] p1b: Sinistcha\n|move|p2a: Farigiraf|Psyshock|p1a: Volcanion\n|-damage|p1a: Volcanion|75\/100\n|\n|-heal|p1b: Sinistcha|82\/100|[from] Grassy Terrain\n|-heal|p1a: Volcanion|81\/100|[from] Grassy Terrain\n|-fieldend|move: Grassy Terrain\n|upkeep\n|turn|6\n|\n|t:|1697923406\n|switch|p1b: Tornadus|Tornadus, M|100\/100\n|move|p2a: Farigiraf|Psyshock|p1b: Tornadus\n|-damage|p1b: Tornadus|52\/100\n|move|p1a: Volcanion|Heat Wave|p2a: Farigiraf|[spread] p2a,p2b\n|-damage|p2a: Farigiraf|56\/100\n|-damage|p2b: Ogerpon|63\/100\n|-status|p2b: Ogerpon|brn\n|move|p2b: Ogerpon|Horn Leech|p1a: Volcanion\n|-damage|p1a: Volcanion|62\/100\n|-heal|p2b: Ogerpon|73\/100 brn|[from] drain|[of] p1a: Volcanion\n|\n|-damage|p2b: Ogerpon|67\/100 brn|[from] brn\n|upkeep\n|turn|7\n|c|\u2606Arcticblast|sorry for all the burns\n|c|%Yellow Paint|matcha gotcha op\n|\n|t:|1697923439\n|switch|p2b: Ursaluna|Ursaluna-Bloodmoon, M|100\/100\n|switch|p1b: Sinistcha|Sinistcha|82\/100\n|-heal|p1a: Volcanion|86\/100|[from] ability: Hospitality|[of] p1b: Sinistcha\n|move|p2a: Farigiraf|Psyshock|p1b: Sinistcha\n|-damage|p1b: Sinistcha|56\/100\n|move|p1a: Volcanion|Steam Eruption|p2a: Farigiraf\n|-damage|p2a: Farigiraf|0 fnt\n|faint|p2a: Farigiraf\n|\n|upkeep\n|c|\u2606Arcticblast|I mean that one was Heat Wave\n|\n|t:|1697923466\n|switch|p2a: Gholdengo|Gholdengo|100\/100\n|turn|8\n|l|+daawesomedude1 (\n|j| qrChar\n|\n|t:|1697923565\n|-terastallize|p2a: Gholdengo|Water\n|move|p2b: Ursaluna|Earth Power|p1a: Volcanion\n|-supereffective|p1a: Volcanion\n|-damage|p1a: Volcanion|15\/100\n|-unboost|p1a: Volcanion|spd|1\n|move|p1b: Sinistcha|Matcha Gotcha|p2b: Ursaluna|[spread] p2a,p2b\n|-supereffective|p2a: Gholdengo\n|-supereffective|p2b: Ursaluna\n|-damage|p2a: Gholdengo|57\/100\n|-heal|p1b: Sinistcha|80\/100|[from] drain|[of] p2a: Gholdengo\n|-damage|p2b: Ursaluna|67\/100\n|-heal|p1b: Sinistcha|99\/100|[from] drain|[of] p2b: Ursaluna\n|-status|p2b: Ursaluna|brn\n|move|p2a: Gholdengo|Shadow Ball|p1a: Volcanion\n|-damage|p1a: Volcanion|0 fnt\n|faint|p1a: Volcanion\n|\n|-damage|p2b: Ursaluna|60\/100 brn|[from] brn\n|upkeep\n|l| Gweninja\n|j| Toxinalpaca\n|\n|t:|1697923588\n|switch|p1a: Tornadus|Tornadus, M|52\/100\n|turn|9\n|c|%Yellow Paint|guts blood moon\n|l| Toxinalpaca\n|j| kaori\n|\n|t:|1697923631\n|move|p1a: Tornadus|Protect|p1a: Tornadus\n|-singleturn|p1a: Tornadus|Protect\n|move|p2b: Ursaluna|Hyper Voice|p1a: Tornadus|[spread] p1b\n|-activate|p1a: Tornadus|move: Protect\n|-damage|p1b: Sinistcha|62\/100\n|move|p1b: Sinistcha|Matcha Gotcha|p2a: Gholdengo|[spread] p2a,p2b\n|-supereffective|p2a: Gholdengo\n|-supereffective|p2b: Ursaluna\n|-damage|p2a: Gholdengo|11\/100\n|-heal|p1b: Sinistcha|88\/100|[from] drain|[of] p2a: Gholdengo\n|-damage|p2b: Ursaluna|25\/100 brn\n|-heal|p1b: Sinistcha|100\/100|[from] drain|[of] p2b: Ursaluna\n|-enditem|p2a: Gholdengo|Sitrus Berry|[eat]\n|-heal|p2a: Gholdengo|35\/100|[from] item: Sitrus Berry\n|move|p2a: Gholdengo|Nasty Plot|p2a: Gholdengo\n|-boost|p2a: Gholdengo|spa|2\n|\n|-damage|p2b: Ursaluna|18\/100 brn|[from] brn\n|-fieldend|move: Trick Room\n|upkeep\n|turn|10\n|j| Toxinalpaca\n|\n|t:|1697923655\n|move|p2a: Gholdengo|Protect|p2a: Gholdengo\n|-singleturn|p2a: Gholdengo|Protect\n|move|p1a: Tornadus|Tailwind|p1a: Tornadus\n|-sidestart|p1: Arcticblast|move: Tailwind\n|move|p1b: Sinistcha|Matcha Gotcha|p2b: Ursaluna|[spread] \n|-activate|p2a: Gholdengo|move: Protect\n|-miss|p1b: Sinistcha|p2b: Ursaluna\n|move|p2b: Ursaluna|Blood Moon|p1b: Sinistcha\n|-damage|p1b: Sinistcha|28\/100\n|-enditem|p1b: Sinistcha|Sitrus Berry|[eat]\n|-heal|p1b: Sinistcha|53\/100|[from] item: Sitrus Berry\n|\n|-damage|p2b: Ursaluna|12\/100 brn|[from] brn\n|upkeep\n|turn|11\n|\n|t:|1697923673\n|move|p1a: Tornadus|Bleakwind Storm|p2a: Gholdengo|[spread] p2a,p2b\n|-damage|p2a: Gholdengo|0 fnt\n|-damage|p2b: Ursaluna|0 fnt\n|faint|p2a: Gholdengo\n|faint|p2b: Ursaluna\n|move|p1b: Sinistcha|Matcha Gotcha|p2: Gholdengo|[notarget]\n|-fail|p1b: Sinistcha\n|\n|upkeep\n|-message|Sunrose forfeited.\n|\n|win|Arcticblast\n|c|\u2606Sunrose|Gg\n|c|\u2606Arcticblast|gg\n|l| Iceberg77\n|l| Toxinalpaca\n|l|\u2606Sunrose\n|l|%Yellow Paint\n|l| kaori\n|j| Eragon11145\n|l| Eragon11145\n|j| Nido-Rus\n|l| Nido-Rus\n|l| Jello1231\n|j|+daawesomedude1 (\n|l|+daawesomedude1 (\n","uploadtime":1697923682,"views":41,"p1id":"arcticblast","p2id":"sunrose","formatid":"gen9doublesou","rating":0,"private":0,"password":""}