{"id":"gen9doublesou-1975474040","p1":"Devrick Mundle","p2":"Rickyflames1","format":"[Gen 9] Doubles OU","log":"|j|\u2606Devrick Mundle\n|j|\u2606Rickyflames1\n|t:|1698195198\n|gametype|doubles\n|player|p1|Devrick Mundle|169|\n|player|p2|Rickyflames1|169|\n|teamsize|p1|6\n|teamsize|p2|6\n|gen|9\n|tier|[Gen 9] Doubles OU\n|rule|Species Clause: Limit one of each Pok\u00e9mon\n|rule|OHKO Clause: OHKO moves are banned\n|rule|Evasion Moves Clause: Evasion moves are banned\n|rule|Gravity Sleep Clause: The combination of sleep-inducing moves with imperfect accuracy and Gravity or Gigantamax Orbeetle are banned\n|rule|Endless Battle Clause: Forcing endless battles is banned\n|rule|HP Percentage Mod: HP is shown in percentages\n|clearpoke\n|poke|p1|Barraskewda, F|\n|poke|p1|Tornadus, M|\n|poke|p1|Ludicolo, M|\n|poke|p1|Pelipper, F|\n|poke|p1|Overqwil, F|\n|poke|p1|Rotom-Wash|\n|poke|p2|Slaking, M|\n|poke|p2|Grafaiai, M|\n|poke|p2|Torkoal, M|\n|poke|p2|Oranguru, M|\n|poke|p2|Gliscor, F|\n|poke|p2|Dragapult, F|\n|teampreview\n|inactive|Battle timer is ON: inactive players will automatically lose when time's up. (requested by Devrick Mundle)\n|\n|t:|1698195229\n|start\n|switch|p1a: Tornadus|Tornadus, M|100\/100\n|switch|p1b: Ludicolo|Ludicolo, M, shiny|100\/100\n|switch|p2a: Slaking|Slaking, M, shiny|100\/100\n|switch|p2b: Grafaiai|Grafaiai, M|100\/100\n|turn|1\n|inactive|Rickyflames1 has 270 seconds left.\n|\n|t:|1698195262\n|move|p1b: Ludicolo|Fake Out|p2a: Slaking\n|-damage|p2a: Slaking|96\/100\n|move|p1a: Tornadus|Rain Dance|p1a: Tornadus\n|-weather|RainDance\n|move|p2b: Grafaiai|Doodle|p1b: Ludicolo\n|-endability|p2a: Slaking|Truant|[from] move: Doodle\n|-ability|p2a: Slaking|Swift Swim|[from] move: Doodle\n|-endability|p2b: Grafaiai|Prankster|[from] move: Doodle\n|-ability|p2b: Grafaiai|Swift Swim|[from] move: Doodle\n|cant|p2a: Slaking|flinch\n|\n|-weather|RainDance|[upkeep]\n|upkeep\n|turn|2\n|\n|t:|1698195285\n|move|p1a: Tornadus|Tailwind|p1a: Tornadus\n|-sidestart|p1: Devrick Mundle|move: Tailwind\n|move|p1b: Ludicolo|Hydro Pump|p2a: Slaking\n|-damage|p2a: Slaking|40\/100\n|move|p2b: Grafaiai|Encore||[still]\n|-fail|p2b: Grafaiai\n|move|p2a: Slaking|Bulk Up|p2a: Slaking\n|-boost|p2a: Slaking|atk|1\n|-boost|p2a: Slaking|def|1\n|\n|-weather|RainDance|[upkeep]\n|upkeep\n|turn|3\n|inactive|Rickyflames1 has 270 seconds left.\n|\n|t:|1698195326\n|switch|p2b: Torkoal|Torkoal, M|100\/100\n|-weather|SunnyDay|[from] ability: Drought|[of] p2b: Torkoal\n|move|p1a: Tornadus|Bleakwind Storm|p2b: Torkoal|[spread] p2b\n|-miss|p1a: Tornadus|p2a: Slaking\n|-damage|p2b: Torkoal|45\/100\n|move|p1b: Ludicolo|Hydro Pump|p2a: Slaking\n|-damage|p2a: Slaking|23\/100\n|move|p2a: Slaking|Slack Off|p2a: Slaking\n|-heal|p2a: Slaking|73\/100\n|\n|-weather|SunnyDay|[upkeep]\n|upkeep\n|turn|4\n|inactive|Rickyflames1 has 270 seconds left.\n|\n|t:|1698195363\n|switch|p2b: Grafaiai|Grafaiai, M|100\/100\n|move|p1a: Tornadus|Rain Dance|p1a: Tornadus\n|-weather|RainDance\n|move|p1b: Ludicolo|Hydro Pump|p2a: Slaking\n|-damage|p2a: Slaking|18\/100\n|move|p2a: Slaking|Slack Off|p2a: Slaking\n|-heal|p2a: Slaking|68\/100\n|\n|-weather|RainDance|[upkeep]\n|upkeep\n|turn|5\n|inactive|Rickyflames1 has 270 seconds left.\n|\n|t:|1698195386\n|switch|p2b: Torkoal|Torkoal, M|45\/100\n|-weather|SunnyDay|[from] ability: Drought|[of] p2b: Torkoal\n|move|p1a: Tornadus|Taunt|p2a: Slaking\n|-start|p2a: Slaking|move: Taunt\n|move|p1b: Ludicolo|Hydro Pump|p2a: Slaking\n|-damage|p2a: Slaking|49\/100\n|move|p2a: Slaking|Shadow Claw|p1b: Ludicolo\n|-damage|p1b: Ludicolo|43\/100\n|\n|-weather|SunnyDay|[upkeep]\n|-sideend|p1: Devrick Mundle|move: Tailwind\n|upkeep\n|turn|6\n|inactive|Rickyflames1 has 270 seconds left.\n|inactive|Rickyflames1 has 240 seconds left.\n|\n|t:|1698195430\n|move|p1a: Tornadus|Rain Dance|p1a: Tornadus\n|-weather|RainDance\n|move|p1b: Ludicolo|Leaf Storm|p2a: Slaking\n|-damage|p2a: Slaking|7\/100\n|-unboost|p1b: Ludicolo|spa|2\n|move|p2a: Slaking|Shadow Claw|p1b: Ludicolo\n|-damage|p1b: Ludicolo|0 fnt\n|faint|p1b: Ludicolo\n|move|p2b: Torkoal|Solar Beam||[still]\n|-prepare|p2b: Torkoal|Solar Beam\n|\n|-weather|RainDance|[upkeep]\n|upkeep\n|\n|t:|1698195439\n|switch|p1b: Barraskewda|Barraskewda, F|100\/100\n|turn|7\n|\n|t:|1698195457\n|move|p1b: Barraskewda|Liquidation|p2a: Slaking\n|-damage|p2a: Slaking|0 fnt\n|faint|p2a: Slaking\n|move|p1a: Tornadus|Bleakwind Storm|p2b: Torkoal\n|-damage|p2b: Torkoal|0 fnt\n|faint|p2b: Torkoal\n|\n|-weather|RainDance|[upkeep]\n|upkeep\n|inactive|Rickyflames1 has 240 seconds left.\n|\n|t:|1698195481\n|switch|p2a: Dragapult|Dragapult, F, shiny|100\/100\n|switch|p2b: Grafaiai|Grafaiai, M|100\/100\n|turn|8\n|inactive|Rickyflames1 has 240 seconds left.\n|\n|t:|1698195523\n|move|p1a: Tornadus|Tailwind|p1a: Tornadus\n|-sidestart|p1: Devrick Mundle|move: Tailwind\n|move|p2b: Grafaiai|Swagger|p1b: Barraskewda|[miss]\n|-miss|p2b: Grafaiai|p1b: Barraskewda\n|move|p1b: Barraskewda|Liquidation|p2b: Grafaiai\n|-damage|p2b: Grafaiai|0 fnt\n|faint|p2b: Grafaiai\n|move|p2a: Dragapult|Dragon Darts|p1b: Barraskewda\n|-damage|p1b: Barraskewda|52\/100\n|-anim|p2a: Dragapult|Dragon Darts|p1a: Tornadus\n|-damage|p1a: Tornadus|67\/100\n|\n|-weather|RainDance|[upkeep]\n|upkeep\n|inactive|Rickyflames1 has 210 seconds left.\n|\n|t:|1698195543\n|switch|p2b: Oranguru|Oranguru, M|100\/100\n|turn|9\n|\n|t:|1698195567\n|move|p1a: Tornadus|Taunt|p2b: Oranguru\n|-start|p2b: Oranguru|move: Taunt\n|move|p1b: Barraskewda|Liquidation|p2b: Oranguru\n|-damage|p2b: Oranguru|0 fnt\n|faint|p2b: Oranguru\n|move|p2a: Dragapult|Dragon Darts|p1a: Tornadus\n|-damage|p1a: Tornadus|36\/100\n|-anim|p2a: Dragapult|Dragon Darts|p1b: Barraskewda\n|-damage|p1b: Barraskewda|0 fnt\n|faint|p1b: Barraskewda\n|\n|-weather|RainDance|[upkeep]\n|upkeep\n|\n|t:|1698195583\n|switch|p1b: Rotom|Rotom-Wash|100\/100\n|switch|p2b: Gliscor|Gliscor, F, shiny|100\/100\n|turn|10\n|inactive|Rickyflames1 has 240 seconds left.\n|\n|t:|1698195609\n|move|p1a: Tornadus|Bleakwind Storm|p2b: Gliscor|[spread] p2a,p2b\n|-damage|p2a: Dragapult|47\/100\n|-damage|p2b: Gliscor|48\/100\n|move|p2a: Dragapult|Dragon Darts|p1a: Tornadus\n|-damage|p1a: Tornadus|5\/100\n|-anim|p2a: Dragapult|Dragon Darts|p1b: Rotom\n|-damage|p1b: Rotom|76\/100\n|move|p1b: Rotom|Will-O-Wisp|p2a: Dragapult|[miss]\n|-miss|p1b: Rotom|p2a: Dragapult\n|move|p2b: Gliscor|Agility|p2b: Gliscor\n|-boost|p2b: Gliscor|spe|2\n|\n|-weather|none\n|-heal|p1b: Rotom|83\/100|[from] item: Leftovers\n|-status|p2b: Gliscor|tox|[from] item: Toxic Orb\n|upkeep\n|turn|11\n|inactive|Rickyflames1 has 240 seconds left.\n|inactive|Devrick Mundle has 270 seconds left.\n|inactive|Rickyflames1 has 210 seconds left.\n|\n|t:|1698195658\n|move|p1a: Tornadus|Taunt|p2b: Gliscor\n|-start|p2b: Gliscor|move: Taunt\n|move|p2b: Gliscor|Facade|p1b: Rotom\n|-damage|p1b: Rotom|34\/100\n|move|p2a: Dragapult|Dragon Darts|p1a: Tornadus\n|-damage|p1a: Tornadus|0 fnt\n|-anim|p2a: Dragapult|Dragon Darts|p1b: Rotom\n|-damage|p1b: Rotom|8\/100\n|faint|p1a: Tornadus\n|move|p1b: Rotom|Will-O-Wisp|p2a: Dragapult\n|-status|p2a: Dragapult|brn\n|\n|-heal|p1b: Rotom|14\/100|[from] item: Leftovers\n|-heal|p2b: Gliscor|60\/100 tox|[from] ability: Poison Heal\n|-damage|p2a: Dragapult|41\/100 brn|[from] brn\n|-sideend|p1: Devrick Mundle|move: Tailwind\n|upkeep\n|\n|t:|1698195669\n|switch|p1a: Pelipper|Pelipper, F|100\/100\n|-weather|RainDance|[from] ability: Drizzle|[of] p1a: Pelipper\n|turn|12\n|inactive|Devrick Mundle has 270 seconds left.\n|inactive|Rickyflames1 has 210 seconds left.\n|\n|t:|1698195698\n|-terastallize|p2b: Gliscor|Steel\n|move|p2b: Gliscor|Facade|p1a: Pelipper\n|-damage|p1a: Pelipper|52\/100\n|move|p2a: Dragapult|Dragon Darts|p1a: Pelipper\n|-damage|p1a: Pelipper|40\/100\n|-anim|p2a: Dragapult|Dragon Darts|p1b: Rotom\n|-damage|p1b: Rotom|1\/100\n|move|p1b: Rotom|Hydro Pump|p2b: Gliscor\n|-damage|p2b: Gliscor|0 fnt\n|faint|p2b: Gliscor\n|move|p1a: Pelipper|Tailwind|p1a: Pelipper\n|-sidestart|p1: Devrick Mundle|move: Tailwind\n|\n|-weather|RainDance|[upkeep]\n|-heal|p1b: Rotom|8\/100|[from] item: Leftovers\n|-damage|p2a: Dragapult|35\/100 brn|[from] brn\n|upkeep\n|turn|13\n|\n|t:|1698195720\n|move|p2a: Dragapult|Dragon Darts|p1b: Rotom\n|-damage|p1b: Rotom|0 fnt\n|-anim|p2a: Dragapult|Dragon Darts|p1a: Pelipper\n|-damage|p1a: Pelipper|27\/100\n|faint|p1b: Rotom\n|move|p1a: Pelipper|Hurricane|p2a: Dragapult\n|-damage|p2a: Dragapult|0 fnt\n|faint|p2a: Dragapult\n|\n|win|Devrick Mundle\n|c|\u2606Devrick Mundle|Rematch?\n|l|\u2606Rickyflames1\n","uploadtime":1698195777,"views":25,"p1id":"devrickmundle","p2id":"rickyflames1","formatid":"gen9doublesou","rating":0,"private":0,"password":""}