{"id":"gen9doublesou-1969379171","p1":"mikeyuwu","p2":"squallo","format":"[Gen 9] Doubles OU","log":"|j|\u2606mikeyuwu\n|j|\u203dsquallo\n|t:|1697522399\n|gametype|doubles\n|player|p1|mikeyuwu|psychic-gen4|1235\n|player|p2|squallo|bugcatcher-gen4dp|1269\n|teamsize|p1|6\n|teamsize|p2|6\n|gen|9\n|tier|[Gen 9] Doubles OU\n|rated|\n|rule|Species Clause: Limit one of each Pok\u00e9mon\n|rule|OHKO Clause: OHKO moves are banned\n|rule|Evasion Moves Clause: Evasion moves are banned\n|rule|Gravity Sleep Clause: The combination of sleep-inducing moves with imperfect accuracy and Gravity or Gigantamax Orbeetle are banned\n|rule|Endless Battle Clause: Forcing endless battles is banned\n|rule|HP Percentage Mod: HP is shown in percentages\n|clearpoke\n|poke|p1|Garchomp, M|\n|poke|p1|Tyranitar, F|\n|poke|p1|Vaporeon, F|\n|poke|p1|Toxicroak, M|\n|poke|p1|Pelipper, F|\n|poke|p1|Abomasnow, M|\n|poke|p2|Sableye, M|\n|poke|p2|Milotic, F|\n|poke|p2|Garchomp, M|\n|poke|p2|Moltres|\n|poke|p2|Ditto|\n|poke|p2|Sudowoodo, M|\n|teampreview\n|\n|t:|1697522410\n|start\n|switch|p1a: OTLHPM|Toxicroak, M|100\/100\n|switch|p1b: Harmacy|Vaporeon, F|100\/100\n|switch|p2a: Ditto|Ditto, shiny|100\/100\n|switch|p2b: Sableye|Sableye, M, shiny|100\/100\n|-transform|p2a: Ditto|p1b: Harmacy|[from] ability: Imposter\n|turn|1\n|\n|t:|1697522430\n|switch|p1a: ThcrThnSnkr|Tyranitar, F|100\/100\n|-weather|Sandstorm|[from] ability: Sand Stream|[of] p1a: ThcrThnSnkr\n|move|p2b: Sableye|Reflect|p2b: Sableye\n|-sidestart|p2: squallo|Reflect\n|move|p2a: Ditto|Icy Wind|p1b: Harmacy|[spread] p1a,p1b\n|-resisted|p1b: Harmacy\n|-damage|p1a: ThcrThnSnkr|97\/100\n|-damage|p1b: Harmacy|97\/100\n|-unboost|p1a: ThcrThnSnkr|spe|1\n|-unboost|p1b: Harmacy|spe|1\n|move|p1b: Harmacy|Icy Wind|p2a: Ditto|[spread] p2b\n|-miss|p1b: Harmacy|p2a: Ditto\n|-damage|p2b: Sableye|86\/100\n|-unboost|p2b: Sableye|spe|1\n|\n|-weather|Sandstorm|[upkeep]\n|-damage|p2a: Ditto|94\/100|[from] Sandstorm\n|-damage|p1b: Harmacy|91\/100|[from] Sandstorm\n|-damage|p2b: Sableye|80\/100|[from] Sandstorm\n|-heal|p1b: Harmacy|97\/100|[from] item: Leftovers\n|upkeep\n|turn|2\n|\n|t:|1697522450\n|switch|p2a: Milotic|Milotic, F, shiny|100\/100\n|move|p2b: Sableye|Light Screen|p2b: Sableye\n|-sidestart|p2: squallo|move: Light Screen\n|move|p1a: ThcrThnSnkr|Thunderbolt|p2a: Milotic\n|-supereffective|p2a: Milotic\n|-damage|p2a: Milotic|77\/100\n|move|p1b: Harmacy|Copycat|p1b: Harmacy\n|move|p1b: Harmacy|Thunderbolt|p2a: Milotic|[from]move: Copycat\n|-supereffective|p2a: Milotic\n|-damage|p2a: Milotic|55\/100\n|\n|-weather|Sandstorm|[upkeep]\n|-damage|p2a: Milotic|49\/100|[from] Sandstorm\n|-damage|p1b: Harmacy|91\/100|[from] Sandstorm\n|-damage|p2b: Sableye|74\/100|[from] Sandstorm\n|-heal|p2a: Milotic|55\/100|[from] item: Leftovers\n|-heal|p1b: Harmacy|97\/100|[from] item: Leftovers\n|upkeep\n|turn|3\n|\n|t:|1697522488\n|switch|p1b: Extra Spicy|Garchomp, M|100\/100\n|move|p2b: Sableye|Taunt|p1b: Extra Spicy\n|-start|p1b: Extra Spicy|move: Taunt\n|move|p2a: Milotic|Life Dew|p2a: Milotic|[spread] p2a,p2b\n|-heal|p2a: Milotic|80\/100\n|-heal|p2b: Sableye|99\/100\n|move|p1a: ThcrThnSnkr|Knock Off|p2a: Milotic\n|-damage|p2a: Milotic|60\/100\n|-enditem|p2a: Milotic|Leftovers|[from] move: Knock Off|[of] p1a: ThcrThnSnkr\n|\n|-weather|Sandstorm|[upkeep]\n|-damage|p2a: Milotic|54\/100|[from] Sandstorm\n|-damage|p2b: Sableye|93\/100|[from] Sandstorm\n|upkeep\n|turn|4\n|\n|t:|1697522512\n|move|p2b: Sableye|Will-O-Wisp|p1b: Extra Spicy\n|-status|p1b: Extra Spicy|brn\n|move|p1b: Extra Spicy|Brick Break|p2a: Milotic\n|-sideend|p2: squallo|Reflect\n|-sideend|p2: squallo|move: Light Screen\n|-damage|p2a: Milotic|45\/100\n|move|p2a: Milotic|Icy Wind|p1b: Extra Spicy|[spread] p1a,p1b\n|-supereffective|p1b: Extra Spicy\n|-damage|p1a: ThcrThnSnkr|94\/100\n|-damage|p1b: Extra Spicy|65\/100 brn\n|-unboost|p1a: ThcrThnSnkr|spe|1\n|-unboost|p1b: Extra Spicy|spe|1\n|move|p1a: ThcrThnSnkr|Thunderbolt|p2a: Milotic\n|-supereffective|p2a: Milotic\n|-damage|p2a: Milotic|14\/100\n|\n|-weather|Sandstorm|[upkeep]\n|-damage|p2a: Milotic|8\/100|[from] Sandstorm\n|-damage|p2b: Sableye|87\/100|[from] Sandstorm\n|-damage|p1b: Extra Spicy|59\/100 brn|[from] brn\n|upkeep\n|turn|5\n|\n|t:|1697522547\n|switch|p1b: Harmacy|Vaporeon, F|97\/100\n|-terastallize|p2a: Milotic|Dragon\n|move|p2b: Sableye|Reflect|p2b: Sableye\n|-sidestart|p2: squallo|Reflect\n|move|p2a: Milotic|Life Dew|p2a: Milotic|[spread] p2a,p2b\n|-heal|p2a: Milotic|33\/100\n|-heal|p2b: Sableye|100\/100\n|move|p1a: ThcrThnSnkr|Rock Slide|p2b: Sableye|[spread] p2a,p2b\n|-damage|p2a: Milotic|21\/100\n|-damage|p2b: Sableye|84\/100\n|\n|-weather|none\n|-heal|p1b: Harmacy|100\/100|[from] item: Leftovers\n|upkeep\n|turn|6\n|\n|t:|1697522573\n|switch|p1a: Cold Shoulder|Abomasnow, M, shiny|100\/100\n|-weather|Snow|[from] ability: Snow Warning|[of] p1a: Cold Shoulder\n|move|p2b: Sableye|Light Screen|p2b: Sableye\n|-sidestart|p2: squallo|move: Light Screen\n|move|p2a: Milotic|Life Dew|p2a: Milotic|[spread] p2a,p2b\n|-heal|p2a: Milotic|46\/100\n|-heal|p2b: Sableye|100\/100\n|move|p1b: Harmacy|Weather Ball|p2a: Milotic\n|-supereffective|p2a: Milotic\n|-damage|p2a: Milotic|23\/100\n|\n|-weather|Snow|[upkeep]\n|upkeep\n|turn|7\n|\n|t:|1697522608\n|switch|p2a: Ditto|Ditto, shiny|94\/100\n|-transform|p2a: Ditto|p1b: Harmacy|[from] ability: Imposter\n|move|p2b: Sableye|Will-O-Wisp|p1a: Cold Shoulder\n|-status|p1a: Cold Shoulder|brn\n|move|p1a: Cold Shoulder|Blizzard|p2b: Sableye|[spread] p2a,p2b\n|-resisted|p2a: Ditto\n|-crit|p2b: Sableye\n|-damage|p2a: Ditto|82\/100\n|-damage|p2b: Sableye|31\/100\n|move|p1b: Harmacy|Copycat|p1b: Harmacy\n|move|p1b: Harmacy|Blizzard|p2a: Ditto|[from]move: Copycat|[spread] p2a,p2b\n|-resisted|p2a: Ditto\n|-damage|p2a: Ditto|74\/100\n|-damage|p2b: Sableye|11\/100\n|\n|-weather|Snow|[upkeep]\n|-damage|p1a: Cold Shoulder|94\/100 brn|[from] brn\n|upkeep\n|turn|8\n|\n|t:|1697522639\n|switch|p1b: OTLHPM|Toxicroak, M|100\/100\n|switch|p2b: Sudowoodo|Sudowoodo, M|100\/100\n|move|p2a: Ditto|Wish|p2a: Ditto\n|move|p1a: Cold Shoulder|Blizzard|p2b: Sudowoodo|[spread] p2a,p2b\n|-resisted|p2a: Ditto\n|-damage|p2a: Ditto|62\/100\n|-damage|p2b: Sudowoodo|79\/100\n|\n|-weather|Snow|[upkeep]\n|-damage|p1a: Cold Shoulder|88\/100 brn|[from] brn\n|upkeep\n|turn|9\n|\n|t:|1697522660\n|switch|p2a: Milotic|Milotic, F, shiny, tera:Dragon|23\/100\n|switch|p1a: Extra Spicy|Garchomp, M|59\/100 brn\n|move|p1b: OTLHPM|Drain Punch|p2b: Sudowoodo\n|-supereffective|p2b: Sudowoodo\n|-damage|p2b: Sudowoodo|33\/100\n|move|p2b: Sudowoodo|Head Smash|p1a: Extra Spicy\n|-resisted|p1a: Extra Spicy\n|-damage|p1a: Extra Spicy|36\/100 brn\n|-damage|p2b: Sudowoodo|21\/100|[from] ability: Rough Skin|[of] p1a: Extra Spicy\n|-damage|p2b: Sudowoodo|4\/100|[from] item: Rocky Helmet|[of] p1a: Extra Spicy\n|\n|-weather|Snow|[upkeep]\n|-heal|p2a: Milotic|61\/100|[from] move: Wish|[wisher] Ditto\n|-damage|p1a: Extra Spicy|30\/100 brn|[from] brn\n|upkeep\n|turn|10\n|\n|t:|1697522693\n|move|p1a: Extra Spicy|Brick Break|p2a: Milotic\n|-sideend|p2: squallo|Reflect\n|-sideend|p2: squallo|move: Light Screen\n|-damage|p2a: Milotic|53\/100\n|move|p1b: OTLHPM|Poison Jab|p2a: Milotic\n|-damage|p2a: Milotic|25\/100\n|move|p2a: Milotic|Icy Wind|p1b: OTLHPM|[spread] p1a,p1b\n|-supereffective|p1a: Extra Spicy\n|-damage|p1a: Extra Spicy|0 fnt\n|-damage|p1b: OTLHPM|88\/100\n|-unboost|p1b: OTLHPM|spe|1\n|faint|p1a: Extra Spicy\n|move|p2b: Sudowoodo|Head Smash|p1b: OTLHPM\n|-resisted|p1b: OTLHPM\n|-damage|p1b: OTLHPM|38\/100\n|\n|-weather|none\n|-heal|p1b: OTLHPM|44\/100|[from] item: Black Sludge\n|upkeep\n|\n|t:|1697522706\n|switch|p1a: ThcrThnSnkr|Tyranitar, F|94\/100\n|-weather|Sandstorm|[from] ability: Sand Stream|[of] p1a: ThcrThnSnkr\n|turn|11\n|\n|t:|1697522720\n|move|p2a: Milotic|Life Dew|p2a: Milotic|[spread] p2a,p2b\n|-heal|p2a: Milotic|50\/100\n|-heal|p2b: Sudowoodo|30\/100\n|move|p1a: ThcrThnSnkr|Rock Slide|p2b: Sudowoodo|[spread] p2b\n|-miss|p1a: ThcrThnSnkr|p2a: Milotic\n|-damage|p2b: Sudowoodo|10\/100\n|move|p1b: OTLHPM|Poison Jab|p2a: Milotic\n|-damage|p2a: Milotic|19\/100\n|-status|p2a: Milotic|psn\n|cant|p2b: Sudowoodo|flinch\n|\n|-weather|Sandstorm|[upkeep]\n|-damage|p2a: Milotic|13\/100 psn|[from] Sandstorm\n|-damage|p1b: OTLHPM|38\/100|[from] Sandstorm\n|-heal|p1b: OTLHPM|44\/100|[from] item: Black Sludge\n|-damage|p2a: Milotic|1\/100 psn|[from] psn\n|upkeep\n|turn|12\n|\n|t:|1697522740\n|switch|p1a: Weather War|Pelipper, F|100\/100\n|-weather|RainDance|[from] ability: Drizzle|[of] p1a: Weather War\n|move|p2a: Milotic|Icy Wind|p1b: OTLHPM|[spread] p1a,p1b\n|-damage|p1a: Weather War|86\/100\n|-damage|p1b: OTLHPM|32\/100\n|-unboost|p1a: Weather War|spe|1\n|-unboost|p1b: OTLHPM|spe|1\n|move|p1b: OTLHPM|Earthquake|p2b: Sudowoodo|[spread] p2a,p2b\n|-immune|p1a: Weather War\n|-supereffective|p2b: Sudowoodo\n|-damage|p2a: Milotic|0 fnt\n|-damage|p2b: Sudowoodo|0 fnt\n|faint|p2a: Milotic\n|faint|p2b: Sudowoodo\n|\n|-weather|RainDance|[upkeep]\n|-heal|p1b: OTLHPM|44\/100|[from] ability: Dry Skin\n|-heal|p1b: OTLHPM|51\/100|[from] item: Black Sludge\n|upkeep\n|\n|t:|1697522762\n|switch|p2a: Sableye|Sableye, M, shiny|11\/100\n|switch|p2b: Garchomp|Garchomp, M, shiny|100\/100\n|turn|13\n|\n|t:|1697522780\n|switch|p1b: Cold Shoulder|Abomasnow, M, shiny|88\/100 brn\n|-weather|Snow|[from] ability: Snow Warning|[of] p1b: Cold Shoulder\n|move|p2a: Sableye|Reflect|p2a: Sableye\n|-sidestart|p2: squallo|Reflect\n|move|p2b: Garchomp|Stealth Rock|p1a: Weather War\n|-sidestart|p1: mikeyuwu|move: Stealth Rock\n|move|p1a: Weather War|Blizzard|p2b: Garchomp|[spread] p2a,p2b\n|-supereffective|p2b: Garchomp\n|-damage|p2a: Sableye|0 fnt\n|-damage|p2b: Garchomp|21\/100\n|faint|p2a: Sableye\n|\n|-weather|Snow|[upkeep]\n|-damage|p1b: Cold Shoulder|82\/100 brn|[from] brn\n|upkeep\n|\n|t:|1697522792\n|switch|p2a: Moltres|Moltres|100\/100\n|turn|14\n|\n|t:|1697522801\n|switch|p2b: Ditto|Ditto, shiny|62\/100\n|-transform|p2b: Ditto|p1a: Weather War|[from] ability: Imposter\n|-weather|RainDance|[from] ability: Drizzle|[of] p2b: Ditto\n|switch|p1a: ThcrThnSnkr|Tyranitar, F|94\/100\n|-damage|p1a: ThcrThnSnkr|82\/100|[from] Stealth Rock\n|-weather|Sandstorm|[from] ability: Sand Stream|[of] p1a: ThcrThnSnkr\n|-terastallize|p1b: Cold Shoulder|Water\n|move|p2a: Moltres|Tailwind|p2a: Moltres\n|-sidestart|p2: squallo|move: Tailwind\n|move|p1b: Cold Shoulder|Weather Ball|p2a: Moltres\n|-supereffective|p2a: Moltres\n|-damage|p2a: Moltres|0 fnt\n|faint|p2a: Moltres\n|\n|-weather|Sandstorm|[upkeep]\n|-damage|p2b: Ditto|56\/100|[from] Sandstorm\n|-damage|p1b: Cold Shoulder|76\/100 brn|[from] Sandstorm\n|-damage|p1b: Cold Shoulder|70\/100 brn|[from] brn\n|upkeep\n|\n|t:|1697522823\n|switch|p2a: Garchomp|Garchomp, M, shiny|21\/100\n|turn|15\n|\n|t:|1697522838\n|switch|p1a: Harmacy|Vaporeon, F|100\/100\n|-damage|p1a: Harmacy|88\/100|[from] Stealth Rock\n|move|p2a: Garchomp|Swords Dance|p2a: Garchomp\n|-boost|p2a: Garchomp|atk|2\n|move|p2b: Ditto|Chilling Water|p1a: Harmacy\n|-resisted|p1a: Harmacy\n|-damage|p1a: Harmacy|82\/100\n|-unboost|p1a: Harmacy|atk|1\n|move|p1b: Cold Shoulder|Blizzard|p2b: Ditto|[spread] p2a\n|-miss|p1b: Cold Shoulder|p2b: Ditto\n|-supereffective|p2a: Garchomp\n|-damage|p2a: Garchomp|0 fnt\n|faint|p2a: Garchomp\n|\n|-weather|Sandstorm|[upkeep]\n|-damage|p2b: Ditto|50\/100|[from] Sandstorm\n|-damage|p1b: Cold Shoulder|64\/100 brn|[from] Sandstorm\n|-damage|p1a: Harmacy|76\/100|[from] Sandstorm\n|-heal|p1a: Harmacy|82\/100|[from] item: Leftovers\n|-damage|p1b: Cold Shoulder|58\/100 brn|[from] brn\n|upkeep\n|turn|16\n|-message|squallo forfeited.\n|\n|win|mikeyuwu\n|raw|mikeyuwu's rating: 1250 &rarr; <strong>1276<\/strong><br \/>(+26 for winning)\n|raw|squallo's rating: 1269 &rarr; <strong>1243<\/strong><br \/>(-26 for losing)\n|l|\u203dsquallo\n","uploadtime":1697522864,"views":27,"p1id":"mikeyuwu","p2id":"squallo","formatid":"gen9doublesou","rating":1243,"private":0,"password":""}