{"id":"gen9doublesou-1998247620","p1":"Gasgar4","p2":"spcplayzz","format":"[Gen 9] Doubles OU","log":"|j|\u2606Gasgar4\n|j|\u2606spcplayzz\n|t:|1700919444\n|gametype|doubles\n|player|p1|Gasgar4|ghetsis|1690\n|player|p2|spcplayzz|fantina|1558\n|teamsize|p1|6\n|teamsize|p2|6\n|gen|9\n|tier|[Gen 9] Doubles OU\n|rated|\n|rule|Species Clause: Limit one of each Pok\u00e9mon\n|rule|OHKO Clause: OHKO moves are banned\n|rule|Evasion Moves Clause: Evasion moves are banned\n|rule|Gravity Sleep Clause: The combination of sleep-inducing moves with imperfect accuracy and Gravity or Gigantamax Orbeetle are banned\n|rule|Endless Battle Clause: Forcing endless battles is banned\n|rule|HP Percentage Mod: HP is shown in percentages\n|clearpoke\n|poke|p1|Dragonite, M|\n|poke|p1|Rillaboom, M|\n|poke|p1|Ursaluna-Bloodmoon, M|\n|poke|p1|Chien-Pao|\n|poke|p1|Landorus, M|\n|poke|p1|Dragapult, M|\n|poke|p2|Glimmora, M|\n|poke|p2|Dragonite, F|\n|poke|p2|Chien-Pao|\n|poke|p2|Ogerpon-Hearthflame, F|\n|poke|p2|Tornadus, M|\n|poke|p2|Flutter Mane|\n|teampreview\n|inactive|Battle timer is ON: inactive players will automatically lose when time's up. (requested by spcplayzz)\n|inactive|Gasgar4 also wants the timer to be on.\n|inactive|Gasgar4 has 120 seconds left.\n|inactive|spcplayzz has 120 seconds left.\n|inactive|spcplayzz has 90 seconds left.\n|\n|t:|1700919524\n|start\n|switch|p1a: Ursaluna|Ursaluna-Bloodmoon, M|100\/100\n|switch|p1b: Landorus|Landorus, M|100\/100\n|switch|p2a: Glimmora|Glimmora, M|100\/100\n|switch|p2b: Chien-Pao|Chien-Pao|100\/100\n|-ability|p2b: Chien-Pao|Sword of Ruin\n|turn|1\n|\n|t:|1700919547\n|-terastallize|p1b: Landorus|Ghost\n|move|p1a: Ursaluna|Vacuum Wave|p2a: Glimmora\n|-damage|p2a: Glimmora|79\/100\n|move|p2b: Chien-Pao|Ice Spinner|p1b: Landorus\n|-damage|p1b: Landorus|43\/100\n|move|p1b: Landorus|Earth Power|p2a: Glimmora\n|-supereffective|p2a: Glimmora\n|-damage|p2a: Glimmora|0 fnt\n|faint|p2a: Glimmora\n|\n|upkeep\n|\n|t:|1700919560\n|switch|p2a: Ogerpon|Ogerpon-Hearthflame, F|100\/100\n|-ability|p2a: Ogerpon|Mold Breaker\n|turn|2\n|\n|t:|1700919566\n|move|p1b: Landorus|Protect|p1b: Landorus\n|-singleturn|p1b: Landorus|Protect\n|move|p1a: Ursaluna|Vacuum Wave|p2b: Chien-Pao\n|-supereffective|p2b: Chien-Pao\n|-damage|p2b: Chien-Pao|1\/100\n|move|p2b: Chien-Pao|Ice Spinner|p1b: Landorus\n|-activate|p1b: Landorus|move: Protect\n|move|p2a: Ogerpon|Horn Leech|p1a: Ursaluna\n|-supereffective|p1a: Ursaluna\n|-damage|p1a: Ursaluna|26\/100\n|\n|upkeep\n|turn|3\n|\n|t:|1700919583\n|switch|p1b: Chien-Pao|Chien-Pao|100\/100\n|-ability|p1b: Chien-Pao|Sword of Ruin\n|move|p2b: Chien-Pao|Sucker Punch|p1a: Ursaluna\n|-damage|p1a: Ursaluna|0 fnt\n|faint|p1a: Ursaluna\n|move|p2a: Ogerpon|Ivy Cudgel|p1b: Chien-Pao|[anim] Ivy Cudgel Fire\n|-supereffective|p1b: Chien-Pao\n|-enditem|p1b: Chien-Pao|Focus Sash\n|-damage|p1b: Chien-Pao|1\/100\n|\n|upkeep\n|\n|t:|1700919596\n|switch|p1a: Dragonite|Dragonite, M|100\/100\n|turn|4\n|\n|t:|1700919607\n|move|p2b: Chien-Pao|Protect|p2b: Chien-Pao\n|-singleturn|p2b: Chien-Pao|Protect\n|move|p1b: Chien-Pao|Protect|p1b: Chien-Pao\n|-singleturn|p1b: Chien-Pao|Protect\n|move|p1a: Dragonite|Extreme Speed|p2b: Chien-Pao\n|-activate|p2b: Chien-Pao|move: Protect\n|move|p2a: Ogerpon|Ivy Cudgel|p1b: Chien-Pao|[anim] Ivy Cudgel Fire\n|-activate|p1b: Chien-Pao|move: Protect\n|\n|upkeep\n|turn|5\n|\n|t:|1700919637\n|switch|p2b: Flutter Mane|Flutter Mane|100\/100\n|move|p1a: Dragonite|Extreme Speed|p2b: Flutter Mane\n|-immune|p2b: Flutter Mane\n|move|p1b: Chien-Pao|Ice Spinner|p2b: Flutter Mane\n|-damage|p2b: Flutter Mane|0 fnt\n|faint|p2b: Flutter Mane\n|-end|p2b: Flutter Mane|Protosynthesis|[silent]\n|move|p2a: Ogerpon|Ivy Cudgel|p1b: Chien-Pao|[anim] Ivy Cudgel Fire\n|-supereffective|p1b: Chien-Pao\n|-crit|p1b: Chien-Pao\n|-damage|p1b: Chien-Pao|0 fnt\n|faint|p1b: Chien-Pao\n|\n|upkeep\n|\n|t:|1700919659\n|switch|p2b: Tornadus|Tornadus, M|100\/100\n|switch|p1b: Dragapult|Dragapult, M|100\/100\n|turn|6\n|\n|t:|1700919669\n|move|p1a: Dragonite|Extreme Speed|p2a: Ogerpon\n|-damage|p2a: Ogerpon|44\/100\n|move|p2b: Tornadus|Tailwind|p2b: Tornadus\n|-sidestart|p2: spcplayzz|move: Tailwind\n|move|p2a: Ogerpon|Swords Dance|p2a: Ogerpon\n|-boost|p2a: Ogerpon|atk|2\n|move|p1b: Dragapult|Dragon Darts|p2a: Ogerpon\n|-damage|p2a: Ogerpon|0 fnt\n|-anim|p1b: Dragapult|Dragon Darts|p2b: Tornadus\n|-damage|p2b: Tornadus|65\/100\n|faint|p2a: Ogerpon\n|\n|upkeep\n|\n|t:|1700919680\n|switch|p2a: Chien-Pao|Chien-Pao|1\/100\n|-ability|p2a: Chien-Pao|Sword of Ruin\n|turn|7\n|\n|t:|1700919687\n|move|p2a: Chien-Pao|Protect|p2a: Chien-Pao\n|-singleturn|p2a: Chien-Pao|Protect\n|move|p1a: Dragonite|Extreme Speed|p2b: Tornadus\n|-damage|p2b: Tornadus|10\/100\n|move|p2b: Tornadus|Bleakwind Storm|p1b: Dragapult|[spread] p1a\n|-miss|p2b: Tornadus|p1b: Dragapult\n|-damage|p1a: Dragonite|75\/100\n|move|p1b: Dragapult|Dragon Darts|p2b: Tornadus\n|-damage|p2b: Tornadus|0 fnt\n|faint|p2b: Tornadus\n|\n|upkeep\n|\n|t:|1700919699\n|switch|p2b: Dragonite|Dragonite, F|100\/100\n|turn|8\n|\n|t:|1700919708\n|-terastallize|p2b: Dragonite|Normal\n|move|p2b: Dragonite|Extreme Speed|p1a: Dragonite\n|-damage|p1a: Dragonite|0 fnt\n|faint|p1a: Dragonite\n|move|p2a: Chien-Pao|Ice Spinner|p1b: Dragapult\n|-supereffective|p1b: Dragapult\n|-crit|p1b: Dragapult\n|-damage|p1b: Dragapult|0 fnt\n|faint|p1b: Dragapult\n|\n|upkeep\n|\n|t:|1700919716\n|switch|p1b: Landorus|Landorus, M, tera:Ghost|43\/100\n|switch|p1a: Rillaboom|Rillaboom, M|100\/100\n|-fieldstart|move: Grassy Terrain|[from] ability: Grassy Surge|[of] p1a: Rillaboom\n|turn|9\n|\n|t:|1700919734\n|move|p2a: Chien-Pao|Protect|p2a: Chien-Pao\n|-singleturn|p2a: Chien-Pao|Protect\n|move|p2b: Dragonite|Extreme Speed|p1a: Rillaboom\n|-damage|p1a: Rillaboom|22\/100\n|move|p1b: Landorus|Earth Power|p2b: Dragonite\n|-damage|p2b: Dragonite|37\/100\n|move|p1a: Rillaboom|Wood Hammer|p2b: Dragonite\n|-damage|p2b: Dragonite|0 fnt\n|faint|p2b: Dragonite\n|-damage|p1a: Rillaboom|11\/100|[from] Recoil\n|\n|-heal|p2a: Chien-Pao|7\/100|[from] Grassy Terrain\n|-heal|p1b: Landorus|49\/100|[from] Grassy Terrain\n|-heal|p1a: Rillaboom|17\/100|[from] Grassy Terrain\n|-sideend|p2: spcplayzz|move: Tailwind\n|upkeep\n|turn|10\n|\n|t:|1700919751\n|move|p2a: Chien-Pao|Sucker Punch|p1b: Landorus\n|-supereffective|p1b: Landorus\n|-damage|p1b: Landorus|0 fnt\n|faint|p1b: Landorus\n|move|p1a: Rillaboom|Grassy Glide|p2a: Chien-Pao\n|-damage|p2a: Chien-Pao|0 fnt\n|faint|p2a: Chien-Pao\n|\n|win|Gasgar4\n|raw|Gasgar4's rating: 1690 &rarr; <strong>1703<\/strong><br \/>(+13 for winning)\n|raw|spcplayzz's rating: 1558 &rarr; <strong>1545<\/strong><br \/>(-13 for losing)\n|l|\u2606spcplayzz\n","uploadtime":1700919769,"views":11,"p1id":"gasgar4","p2id":"spcplayzz","formatid":"gen9doublesou","rating":1545,"private":0,"password":""}