{"id":"gen9doublesou-1990880459","p1":"sortilum","p2":"Growls25","format":"[Gen 9] Doubles OU","log":"|j|\u2606sortilum\n|j|\u2606Growls25\n|t:|1700010777\n|gametype|doubles\n|player|p1|sortilum|265|1040\n|player|p2|Growls25|elesa|1000\n|teamsize|p1|6\n|teamsize|p2|6\n|gen|9\n|tier|[Gen 9] Doubles OU\n|rated|\n|rule|Species Clause: Limit one of each Pok\u00e9mon\n|rule|OHKO Clause: OHKO moves are banned\n|rule|Evasion Moves Clause: Evasion moves are banned\n|rule|Gravity Sleep Clause: The combination of sleep-inducing moves with imperfect accuracy and Gravity or Gigantamax Orbeetle are banned\n|rule|Endless Battle Clause: Forcing endless battles is banned\n|rule|HP Percentage Mod: HP is shown in percentages\n|clearpoke\n|poke|p1|Chimecho, M|\n|poke|p1|Rotom-Heat|\n|poke|p1|Slowking-Galar, F|\n|poke|p1|Iron Valiant|\n|poke|p1|Blissey, F|\n|poke|p1|Wyrdeer, M|\n|poke|p2|Jumpluff, F|\n|poke|p2|Gliscor, F|\n|poke|p2|Hawlucha, M|\n|poke|p2|Gyarados, F|\n|poke|p2|Delibird, M|\n|poke|p2|Drifblim, M|\n|teampreview\n|\n|t:|1700010782\n|start\n|switch|p1a: CyberTrans|Iron Valiant|100\/100\n|switch|p1b: Rotom|Rotom-Heat|100\/100\n|switch|p2a: Fairy|Jumpluff, F|100\/100\n|switch|p2b: Banshee|Drifblim, M|100\/100\n|turn|1\n|\n|t:|1700010789\n|move|p1a: CyberTrans|Trick|p2b: Banshee\n|-activate|p1a: CyberTrans|move: Trick|[of] p2b: Banshee\n|-item|p2b: Banshee|Choice Scarf|[from] move: Trick\n|-item|p1a: CyberTrans|Flame Orb|[from] move: Trick\n|move|p1b: Rotom|Trick|p2a: Fairy\n|-activate|p1b: Rotom|move: Trick|[of] p2a: Fairy\n|-item|p2a: Fairy|Choice Scarf|[from] move: Trick\n|-item|p1b: Rotom|Big Root|[from] move: Trick\n|move|p2a: Fairy|Substitute|p2a: Fairy\n|-start|p2a: Fairy|Substitute\n|-damage|p2a: Fairy|76\/100\n|move|p2b: Banshee|Stockpile|p2b: Banshee\n|-start|p2b: Banshee|stockpile1\n|-boost|p2b: Banshee|def|1\n|-boost|p2b: Banshee|spd|1\n|\n|-status|p1a: CyberTrans|brn|[from] item: Flame Orb\n|upkeep\n|turn|2\n|\n|t:|1700010823\n|switch|p2a: Santa Claus|Delibird, M|100\/100\n|-end|p1a: CyberTrans|Quark Drive|[silent]\n|switch|p1a: Wyrdeer|Wyrdeer, M|100\/100\n|-ability|p1a: Wyrdeer|Intimidate|boost\n|-unboost|p2a: Santa Claus|atk|1\n|-unboost|p2b: Banshee|atk|1\n|switch|p2b: Griffin|Hawlucha, M|100\/100\n|-ability|p2b: Griffin|Mold Breaker\n|move|p1b: Rotom|Volt Switch|p2a: Santa Claus\n|-supereffective|p2a: Santa Claus\n|-damage|p2a: Santa Claus|0 fnt\n|faint|p2a: Santa Claus\n|\n|t:|1700010835\n|switch|p1b: Slowking|Slowking-Galar, F|100\/100|[from] Volt Switch\n|\n|upkeep\n|\n|t:|1700010841\n|switch|p2a: Fairy|Jumpluff, F|76\/100\n|turn|3\n|\n|t:|1700010854\n|-terastallize|p2b: Griffin|Rock\n|move|p2a: Fairy|Leech Seed|p1b: Slowking\n|-start|p1b: Slowking|move: Leech Seed\n|move|p1a: Wyrdeer|Psyshield Bash|p2b: Griffin\n|-damage|p2b: Griffin|66\/100\n|-boost|p1a: Wyrdeer|def|1\n|move|p2b: Griffin|Rock Slide|p1a: Wyrdeer|[spread] p1a\n|-miss|p2b: Griffin|p1b: Slowking\n|-damage|p1a: Wyrdeer|74\/100\n|move|p1b: Slowking|Trick|p2b: Griffin\n|-activate|p1b: Slowking|move: Trick|[of] p2b: Griffin\n|-item|p2b: Griffin|Choice Scarf|[from] move: Trick\n|-item|p1b: Slowking|Choice Band|[from] move: Trick\n|\n|-damage|p1b: Slowking|88\/100|[from] Leech Seed|[of] p2a: Fairy\n|-heal|p2a: Fairy|87\/100|[silent]\n|upkeep\n|turn|4\n|\n|t:|1700010872\n|move|p2b: Griffin|Rock Slide|p1b: Slowking|[spread] p1a,p1b\n|-crit|p1a: Wyrdeer\n|-damage|p1a: Wyrdeer|35\/100\n|-damage|p1b: Slowking|70\/100\n|move|p2a: Fairy|Leech Seed|p1a: Wyrdeer\n|-start|p1a: Wyrdeer|move: Leech Seed\n|cant|p1a: Wyrdeer|flinch\n|cant|p1b: Slowking|flinch\n|\n|-damage|p1a: Wyrdeer|22\/100|[from] Leech Seed|[of] p2a: Fairy\n|-heal|p2a: Fairy|99\/100|[silent]\n|-damage|p1b: Slowking|57\/100|[from] Leech Seed|[of] p2a: Fairy\n|-heal|p2a: Fairy|100\/100|[silent]\n|upkeep\n|turn|5\n|\n|t:|1700010890\n|switch|p1a: CyberTrans|Iron Valiant|100\/100 brn\n|move|p2b: Griffin|Rock Slide|p1b: Slowking|[spread] p1a,p1b\n|-resisted|p1a: CyberTrans\n|-damage|p1a: CyberTrans|87\/100 brn\n|-damage|p1b: Slowking|36\/100\n|move|p2a: Fairy|Leech Seed||[still]\n|-fail|p2a: Fairy\n|cant|p1b: Slowking|flinch\n|\n|-damage|p1b: Slowking|24\/100|[from] Leech Seed|[of] p2a: Fairy\n|-damage|p1a: CyberTrans|81\/100 brn|[from] brn\n|upkeep\n|turn|6\n|\n|t:|1700010910\n|switch|p1b: Rotom|Rotom-Heat|100\/100\n|move|p2b: Griffin|Rock Slide|p1b: Rotom|[spread] p1a\n|-miss|p2b: Griffin|p1b: Rotom\n|-resisted|p1a: CyberTrans\n|-damage|p1a: CyberTrans|67\/100 brn\n|move|p2a: Fairy|Leech Seed|p1a: CyberTrans\n|-start|p1a: CyberTrans|move: Leech Seed\n|move|p1a: CyberTrans|Disable|p2a: Fairy\n|-start|p2a: Fairy|Disable|Leech Seed\n|\n|-damage|p1a: CyberTrans|55\/100 brn|[from] Leech Seed|[of] p2a: Fairy\n|-damage|p1a: CyberTrans|49\/100 brn|[from] brn\n|upkeep\n|turn|7\n|\n|t:|1700010930\n|switch|p2a: Banshee|Drifblim, M|100\/100\n|move|p2b: Griffin|Rock Slide|p1a: CyberTrans|[spread] p1a,p1b\n|-resisted|p1a: CyberTrans\n|-supereffective|p1b: Rotom\n|-damage|p1a: CyberTrans|34\/100 brn\n|-damage|p1b: Rotom|37\/100\n|move|p1a: CyberTrans|Disable|p2b: Griffin\n|-start|p2b: Griffin|Disable|Rock Slide\n|move|p1b: Rotom|Volt Switch|p2b: Griffin\n|-damage|p2b: Griffin|17\/100\n|\n|t:|1700010948\n|switch|p1b: Slowking|Slowking-Galar, F|57\/100|[from] Volt Switch\n|\n|-damage|p1a: CyberTrans|22\/100 brn|[from] Leech Seed|[of] p2a: Banshee\n|-damage|p1a: CyberTrans|15\/100 brn|[from] brn\n|upkeep\n|turn|8\n|c|\u2606Growls25|the meme team\n|\n|t:|1700010975\n|switch|p2b: Fairy|Jumpluff, F|100\/100\n|-end|p1a: CyberTrans|Quark Drive|[silent]\n|switch|p1a: Rotom|Rotom-Heat|37\/100\n|move|p2a: Banshee|Stored Power|p1a: Rotom\n|-damage|p1a: Rotom|32\/100\n|move|p1b: Slowking|Toxic|p2a: Banshee\n|-status|p2a: Banshee|tox\n|\n|-damage|p2a: Banshee|94\/100 tox|[from] psn\n|upkeep\n|turn|9\n|c|\u2606sortilum|ya its pretty memey\n|\n|t:|1700011012\n|move|p2b: Fairy|Leech Seed|p1b: Slowking\n|-start|p1b: Slowking|move: Leech Seed\n|move|p1a: Rotom|Volt Switch|p2a: Banshee\n|-supereffective|p2a: Banshee\n|-damage|p2a: Banshee|31\/100 tox\n|\n|t:|1700011016\n|switch|p1a: CyberTrans|Iron Valiant|15\/100 brn|[from] Volt Switch\n|move|p2a: Banshee|Stored Power|p1a: CyberTrans\n|-supereffective|p1a: CyberTrans\n|-damage|p1a: CyberTrans|4\/100 brn\n|move|p1b: Slowking|Toxic|p2b: Fairy\n|-status|p2b: Fairy|tox\n|\n|-damage|p1b: Slowking|45\/100|[from] Leech Seed|[of] p2b: Fairy\n|-damage|p2b: Fairy|94\/100 tox|[from] psn\n|-damage|p2a: Banshee|19\/100 tox|[from] psn\n|-damage|p1a: CyberTrans|0 fnt|[from] brn\n|faint|p1a: CyberTrans\n|-end|p1a: CyberTrans|Quark Drive|[silent]\n|upkeep\n|\n|t:|1700011031\n|switch|p1a: Rotom|Rotom-Heat|32\/100\n|turn|10\n|\n|t:|1700011037\n|switch|p1b: Serene|Blissey, F|100\/100\n|move|p2b: Fairy|Leech Seed|p1a: Rotom\n|-start|p1a: Rotom|move: Leech Seed\n|move|p1a: Rotom|Volt Switch|p2b: Fairy\n|-damage|p2b: Fairy|71\/100 tox\n|\n|t:|1700011068\n|switch|p1a: Slowking|Slowking-Galar, F|78\/100|[from] Volt Switch\n|move|p2a: Banshee|Stored Power|p1b: Serene\n|-damage|p1b: Serene|99\/100\n|\n|-damage|p2b: Fairy|59\/100 tox|[from] psn\n|-damage|p2a: Banshee|0 fnt|[from] psn\n|faint|p2a: Banshee\n|upkeep\n|\n|t:|1700011081\n|switch|p2a: Vampire|Gliscor, F|100\/100\n|turn|11\n|\n|t:|1700011108\n|move|p2b: Fairy|Leech Seed|p1b: Serene\n|-start|p1b: Serene|move: Leech Seed\n|move|p1b: Serene|Trick|p2a: Vampire\n|-activate|p1b: Serene|move: Trick|[of] p2a: Vampire\n|-item|p2a: Vampire|Choice Scarf|[from] move: Trick\n|-item|p1b: Serene|Life Orb|[from] move: Trick\n|move|p2a: Vampire|Swords Dance|p2a: Vampire\n|-boost|p2a: Vampire|atk|2\n|move|p1a: Slowking|Eerie Spell|p2b: Fairy\n|-damage|p2b: Fairy|37\/100 tox\n|-activate|p2b: Fairy|move: Eerie Spell|Leech Seed|3\n|\n|-damage|p1b: Serene|87\/100|[from] Leech Seed|[of] p2b: Fairy\n|-heal|p2b: Fairy|60\/100 tox|[silent]\n|-damage|p2b: Fairy|41\/100 tox|[from] psn\n|upkeep\n|turn|12\n|\n|t:|1700011127\n|switch|p2a: Griffin|Hawlucha, M, tera:Rock|17\/100\n|-ability|p2a: Griffin|Mold Breaker\n|switch|p1b: Rotom|Rotom-Heat|32\/100\n|move|p2b: Fairy|Leech Seed|p1a: Slowking\n|-start|p1a: Slowking|move: Leech Seed\n|move|p1a: Slowking|Eerie Spell|p2b: Fairy\n|-damage|p2b: Fairy|21\/100 tox\n|-activate|p2b: Fairy|move: Eerie Spell|Leech Seed|3\n|\n|-damage|p1a: Slowking|66\/100|[from] Leech Seed|[of] p2b: Fairy\n|-heal|p2b: Fairy|32\/100 tox|[silent]\n|-damage|p2b: Fairy|7\/100 tox|[from] psn\n|upkeep\n|turn|13\n|\n|t:|1700011148\n|move|p2a: Griffin|Rock Slide|p1a: Slowking|[spread] p1a,p1b\n|-supereffective|p1b: Rotom\n|-damage|p1a: Slowking|45\/100\n|-damage|p1b: Rotom|0 fnt\n|faint|p1b: Rotom\n|move|p2b: Fairy|Leech Seed||[still]\n|-fail|p2b: Fairy\n|move|p1a: Slowking|Eerie Spell|p2a: Griffin\n|-damage|p2a: Griffin|0 fnt\n|faint|p2a: Griffin\n|\n|-damage|p1a: Slowking|32\/100|[from] Leech Seed|[of] p2b: Fairy\n|-heal|p2b: Fairy|19\/100 tox|[silent]\n|-damage|p2b: Fairy|0 fnt|[from] psn\n|faint|p2b: Fairy\n|upkeep\n|\n|t:|1700011161\n|switch|p2a: Vampire|Gliscor, F|100\/100\n|switch|p1b: Wyrdeer|Wyrdeer, M|22\/100\n|switch|p2b: Lochness Monster|Gyarados, F|100\/100\n|-ability|p1b: Wyrdeer|Intimidate|boost\n|-fail|p2a: Vampire|unboost|Attack|[from] ability: Hyper Cutter|[of] p2a: Vampire\n|-unboost|p2b: Lochness Monster|atk|1\n|turn|14\n|\n|t:|1700011178\n|switch|p1a: Serene|Blissey, F|87\/100\n|move|p2a: Vampire|Earthquake|p1b: Wyrdeer|[spread] p1a,p1b\n|-immune|p2b: Lochness Monster\n|-damage|p1a: Serene|22\/100\n|-damage|p1b: Wyrdeer|0 fnt\n|faint|p1b: Wyrdeer\n|move|p2b: Lochness Monster|Dragon Dance|p2b: Lochness Monster\n|-boost|p2b: Lochness Monster|atk|1\n|-boost|p2b: Lochness Monster|spe|1\n|\n|upkeep\n|\n|t:|1700011184\n|switch|p1b: Slowking|Slowking-Galar, F|65\/100\n|turn|15\n|\n|t:|1700011191\n|move|p2a: Vampire|Earthquake|p1b: Slowking|[spread] p1a,p1b\n|-immune|p2b: Lochness Monster\n|-supereffective|p1b: Slowking\n|-damage|p1a: Serene|0 fnt\n|-damage|p1b: Slowking|13\/100\n|faint|p1a: Serene\n|move|p2b: Lochness Monster|Dragon Dance|p2b: Lochness Monster\n|-boost|p2b: Lochness Monster|atk|1\n|-boost|p2b: Lochness Monster|spe|1\n|move|p1b: Slowking|Toxic|p2b: Lochness Monster\n|-status|p2b: Lochness Monster|tox\n|\n|-damage|p2b: Lochness Monster|94\/100 tox|[from] psn\n|upkeep\n|\n|t:|1700011197\n|switch|p1a: Windy|Chimecho, M|100\/100\n|turn|16\n|\n|t:|1700011207\n|-terastallize|p1a: Windy|Electric\n|move|p2b: Lochness Monster|Crunch|p1a: Windy\n|-damage|p1a: Windy|55\/100\n|-damage|p2b: Lochness Monster|84\/100 tox|[from] item: Life Orb\n|move|p2a: Vampire|Earthquake|p1a: Windy|[spread] p1b\n|-immune|p2b: Lochness Monster\n|-immune|p1a: Windy|[from] ability: Levitate\n|-supereffective|p1b: Slowking\n|-damage|p1b: Slowking|0 fnt\n|faint|p1b: Slowking\n|move|p1a: Windy|Cosmic Power|p1a: Windy\n|-boost|p1a: Windy|def|1\n|-boost|p1a: Windy|spd|1\n|\n|-damage|p2b: Lochness Monster|72\/100 tox|[from] psn\n|upkeep\n|turn|17\n|\n|t:|1700011225\n|move|p2b: Lochness Monster|Aqua Tail|p1a: Windy\n|-damage|p1a: Windy|0 fnt\n|faint|p1a: Windy\n|-damage|p2b: Lochness Monster|62\/100 tox|[from] item: Life Orb\n|\n|win|Growls25\n|raw|sortilum's rating: 1040 &rarr; <strong>1022<\/strong><br \/>(-18 for losing)\n|raw|Growls25's rating: 1000 &rarr; <strong>1045<\/strong><br \/>(+45 for winning)\n|l|\u2606sortilum\n","uploadtime":1700011244,"views":15,"p1id":"sortilum","p2id":"growls25","formatid":"gen9doublesou","rating":1022,"private":0,"password":""}