{"id":"gen9doublesou-1979638147","p1":"Sadboi_killua","p2":"gonegeb","format":"[Gen 9] Doubles OU","log":"|j|\u2606Sadboi_killua\n|j|\u2606gonegeb\n|t:|1698698845\n|gametype|doubles\n|player|p1|Sadboi_killua|clay|\n|player|p2|gonegeb|alain|\n|teamsize|p1|6\n|teamsize|p2|6\n|gen|9\n|tier|[Gen 9] Doubles OU\n|rule|Species Clause: Limit one of each Pok\u00e9mon\n|rule|OHKO Clause: OHKO moves are banned\n|rule|Evasion Moves Clause: Evasion moves are banned\n|rule|Gravity Sleep Clause: The combination of sleep-inducing moves with imperfect accuracy and Gravity or Gigantamax Orbeetle are banned\n|rule|Endless Battle Clause: Forcing endless battles is banned\n|rule|HP Percentage Mod: HP is shown in percentages\n|clearpoke\n|poke|p1|Amoonguss, F|\n|poke|p1|Kleavor, M|\n|poke|p1|Hatterene, F|\n|poke|p1|Murkrow, F|\n|poke|p1|Iron Moth|\n|poke|p1|Gyarados, F|\n|poke|p2|Lucario, M|\n|poke|p2|Umbreon, M|\n|poke|p2|Arcanine, F|\n|poke|p2|Corviknight, M|\n|poke|p2|Ceruledge, M|\n|poke|p2|Fezandipiti, M|\n|teampreview\n|\n|t:|1698698871\n|start\n|switch|p1a: Kleavor|Kleavor, M|100\/100\n|switch|p1b: Murkrow|Murkrow, F|100\/100\n|switch|p2a: Anubis|Lucario, M, shiny|100\/100\n|switch|p2b: Tourmaline|Fezandipiti, M|100\/100\n|turn|1\n|\n|t:|1698698886\n|move|p2a: Anubis|Protect|p2a: Anubis\n|-singleturn|p2a: Anubis|Protect\n|move|p1b: Murkrow|Tailwind|p1b: Murkrow\n|-sidestart|p1: Sadboi_killua|move: Tailwind\n|move|p1a: Kleavor|Stone Axe|p2b: Tourmaline\n|-damage|p2b: Tourmaline|21\/100\n|-sidestart|p2: gonegeb|move: Stealth Rock\n|-enditem|p2b: Tourmaline|Sitrus Berry|[eat]\n|-heal|p2b: Tourmaline|46\/100|[from] item: Sitrus Berry\n|move|p2b: Tourmaline|Tailwind|p2b: Tourmaline\n|-sidestart|p2: gonegeb|move: Tailwind\n|\n|upkeep\n|turn|2\n|\n|t:|1698698928\n|switch|p2b: Kyanite|Corviknight, M|100\/100\n|-damage|p2b: Kyanite|88\/100|[from] Stealth Rock\n|-ability|p2b: Kyanite|Pressure\n|switch|p2a: Pryna|Arcanine, F, shiny|100\/100\n|-damage|p2a: Pryna|75\/100|[from] Stealth Rock\n|-ability|p2a: Pryna|Intimidate|boost\n|-unboost|p1a: Kleavor|atk|1\n|-unboost|p1b: Murkrow|atk|1\n|move|p1b: Murkrow|Protect|p1b: Murkrow\n|-singleturn|p1b: Murkrow|Protect\n|move|p1a: Kleavor|U-turn|p2b: Kyanite\n|-resisted|p2b: Kyanite\n|-damage|p2b: Kyanite|82\/100\n|-damage|p1a: Kleavor|84\/100|[from] item: Rocky Helmet|[of] p2b: Kyanite\n|\n|t:|1698698946\n|switch|p1a: Iron Moth|Iron Moth|100\/100|[from] U-turn\n|-enditem|p1a: Iron Moth|Booster Energy\n|-activate|p1a: Iron Moth|ability: Quark Drive|[fromitem]\n|-start|p1a: Iron Moth|quarkdrivespa\n|\n|upkeep\n|turn|3\n|\n|t:|1698698998\n|switch|p2b: Obsidian|Ceruledge, M, shiny|100\/100\n|-damage|p2b: Obsidian|76\/100|[from] Stealth Rock\n|move|p1a: Iron Moth|Sludge Wave|p2b: Obsidian|[spread] p1b,p2a,p2b\n|-resisted|p2b: Obsidian\n|-enditem|p1b: Murkrow|Focus Sash\n|-damage|p1b: Murkrow|1\/100\n|-damage|p2a: Pryna|23\/100\n|-damage|p2b: Obsidian|59\/100\n|-enditem|p2a: Pryna|Sitrus Berry|[eat]\n|-heal|p2a: Pryna|48\/100|[from] item: Sitrus Berry\n|move|p1b: Murkrow|Foul Play|p2b: Obsidian\n|-supereffective|p2b: Obsidian\n|-damage|p2b: Obsidian|0 fnt\n|faint|p2b: Obsidian\n|move|p2a: Pryna|Flare Blitz|p1a: Iron Moth\n|-resisted|p1a: Iron Moth\n|-damage|p1a: Iron Moth|61\/100\n|-damage|p2a: Pryna|38\/100|[from] Recoil\n|\n|upkeep\n|\n|t:|1698699024\n|switch|p2b: Anubis|Lucario, M, shiny|100\/100\n|-damage|p2b: Anubis|98\/100|[from] Stealth Rock\n|turn|4\n|\n|t:|1698699056\n|move|p1b: Murkrow|Protect|p1b: Murkrow\n|-singleturn|p1b: Murkrow|Protect\n|move|p2b: Anubis|Protect|p2b: Anubis\n|-singleturn|p2b: Anubis|Protect\n|move|p2a: Pryna|Extreme Speed|p1a: Iron Moth\n|-damage|p1a: Iron Moth|24\/100\n|move|p1a: Iron Moth|Heat Wave|p2a: Pryna|[spread] \n|-activate|p2b: Anubis|move: Protect\n|-miss|p1a: Iron Moth|p2a: Pryna\n|\n|-sideend|p1: Sadboi_killua|move: Tailwind\n|-sideend|p2: gonegeb|move: Tailwind\n|upkeep\n|turn|5\n|\n|t:|1698699103\n|-end|p1a: Iron Moth|Quark Drive|[silent]\n|switch|p1a: Kleavor|Kleavor, M|84\/100\n|switch|p1b: Gyarados|Gyarados, F|100\/100\n|-ability|p1b: Gyarados|Intimidate|boost\n|-unboost|p2a: Pryna|atk|1\n|-unboost|p2b: Anubis|atk|1\n|move|p2b: Anubis|Extreme Speed|p1a: Kleavor\n|-resisted|p1a: Kleavor\n|-damage|p1a: Kleavor|75\/100\n|move|p2a: Pryna|Extreme Speed|p1b: Gyarados\n|-crit|p1b: Gyarados\n|-damage|p1b: Gyarados|61\/100\n|\n|upkeep\n|turn|6\n|\n|t:|1698699147\n|switch|p2b: Kyanite|Corviknight, M|82\/100\n|-damage|p2b: Kyanite|70\/100|[from] Stealth Rock\n|-ability|p2b: Kyanite|Pressure\n|switch|p2a: Umbra|Umbreon, M, shiny|100\/100\n|-damage|p2a: Umbra|88\/100|[from] Stealth Rock\n|move|p1b: Gyarados|Waterfall|p2a: Umbra\n|-damage|p2a: Umbra|49\/100\n|move|p1a: Kleavor|Close Combat|p2b: Kyanite\n|-damage|p2b: Kyanite|34\/100\n|-unboost|p1a: Kleavor|def|1\n|-unboost|p1a: Kleavor|spd|1\n|-damage|p1a: Kleavor|58\/100|[from] item: Rocky Helmet|[of] p2b: Kyanite\n|\n|-heal|p2a: Umbra|55\/100|[from] item: Leftovers\n|upkeep\n|turn|7\n|\n|t:|1698699184\n|move|p2a: Umbra|Protect|p2a: Umbra\n|-singleturn|p2a: Umbra|Protect\n|move|p1b: Gyarados|Dragon Dance|p1b: Gyarados\n|-boost|p1b: Gyarados|atk|1\n|-boost|p1b: Gyarados|spe|1\n|move|p1a: Kleavor|U-turn|p2a: Umbra\n|-activate|p2a: Umbra|move: Protect\n|move|p2b: Kyanite|Roost|p2b: Kyanite\n|-heal|p2b: Kyanite|84\/100\n|-singleturn|p2b: Kyanite|move: Roost\n|\n|-heal|p2a: Umbra|61\/100|[from] item: Leftovers\n|upkeep\n|turn|8\n|\n|t:|1698699211\n|-terastallize|p1b: Gyarados|Ground\n|move|p1b: Gyarados|Earthquake|p2a: Umbra|[spread] p1a,p2a\n|-immune|p2b: Kyanite\n|-damage|p1a: Kleavor|0 fnt\n|-damage|p2a: Umbra|16\/100\n|faint|p1a: Kleavor\n|move|p2b: Kyanite|Iron Defense|p2b: Kyanite\n|-boost|p2b: Kyanite|def|2\n|move|p2a: Umbra|Foul Play|p1b: Gyarados\n|-damage|p1b: Gyarados|0 fnt\n|faint|p1b: Gyarados\n|\n|-heal|p2a: Umbra|22\/100|[from] item: Leftovers\n|upkeep\n|\n|t:|1698699237\n|switch|p1b: Murkrow|Murkrow, F|1\/100\n|switch|p1a: Iron Moth|Iron Moth|24\/100\n|turn|9\n|l|\u2606Sadboi_killua\n|player|p1|\n|\n|t:|1698699548\n|move|p1b: Murkrow|Protect|p1b: Murkrow\n|-singleturn|p1b: Murkrow|Protect\n|move|p2a: Umbra|Protect|p2a: Umbra\n|-singleturn|p2a: Umbra|Protect\n|move|p1a: Iron Moth|Heat Wave|p2b: Kyanite|[spread] p2b\n|-activate|p2a: Umbra|move: Protect\n|-supereffective|p2b: Kyanite\n|-damage|p2b: Kyanite|26\/100\n|move|p2b: Kyanite|Body Press|p1a: Iron Moth\n|-resisted|p1a: Iron Moth\n|-damage|p1a: Iron Moth|0 fnt\n|faint|p1a: Iron Moth\n|-end|p1a: Iron Moth|Quark Drive|[silent]\n|\n|-heal|p2a: Umbra|28\/100|[from] item: Leftovers\n|upkeep\n|j|\u2606Sadboi_killua\n|player|p1|Sadboi_killua|clay\n|\n|t:|1698699792\n|switch|p1a: Amoonguss|Amoonguss, F|100\/100\n|turn|10\n|\n|t:|1698699812\n|move|p1b: Murkrow|Foul Play|p2a: Umbra\n|-resisted|p2a: Umbra\n|-damage|p2a: Umbra|21\/100\n|move|p2b: Kyanite|Roost|p2b: Kyanite\n|-heal|p2b: Kyanite|76\/100\n|-singleturn|p2b: Kyanite|move: Roost\n|move|p2a: Umbra|Wish|p2a: Umbra\n|move|p1a: Amoonguss|Spore|p2b: Kyanite\n|-status|p2b: Kyanite|slp|[from] move: Spore\n|\n|-heal|p2a: Umbra|27\/100|[from] item: Leftovers\n|upkeep\n|turn|11\n|\n|t:|1698699838\n|switch|p1b: Hatterene|Hatterene, F|100\/100\n|move|p2a: Umbra|Protect|p2a: Umbra\n|-singleturn|p2a: Umbra|Protect\n|cant|p2b: Kyanite|slp\n|move|p1a: Amoonguss|Leaf Storm|p2a: Umbra\n|-activate|p2a: Umbra|move: Protect\n|\n|-heal|p2a: Umbra|77\/100|[from] move: Wish|[wisher] Umbra\n|-heal|p2a: Umbra|83\/100|[from] item: Leftovers\n|upkeep\n|turn|12\n|\n|t:|1698699859\n|move|p1a: Amoonguss|Rage Powder|p1a: Amoonguss\n|-singleturn|p1a: Amoonguss|move: Rage Powder\n|cant|p2b: Kyanite|slp\n|move|p2a: Umbra|Wish|p2a: Umbra\n|move|p1b: Hatterene|Dazzling Gleam|p2a: Umbra|[spread] p2a,p2b\n|-supereffective|p2a: Umbra\n|-resisted|p2b: Kyanite\n|-damage|p2a: Umbra|35\/100\n|-damage|p2b: Kyanite|60\/100 slp\n|-damage|p1b: Hatterene|91\/100|[from] item: Life Orb\n|\n|-heal|p2a: Umbra|41\/100|[from] item: Leftovers\n|upkeep\n|turn|13\n|\n|t:|1698699890\n|move|p2a: Umbra|Protect|p2a: Umbra\n|-singleturn|p2a: Umbra|Protect\n|move|p1a: Amoonguss|Rage Powder|p1a: Amoonguss\n|-singleturn|p1a: Amoonguss|move: Rage Powder\n|cant|p2b: Kyanite|slp\n|move|p1b: Hatterene|Dazzling Gleam|p2b: Kyanite|[spread] p2b\n|-activate|p2a: Umbra|move: Protect\n|-resisted|p2b: Kyanite\n|-crit|p2b: Kyanite\n|-damage|p2b: Kyanite|37\/100 slp\n|-damage|p1b: Hatterene|81\/100|[from] item: Life Orb\n|\n|-heal|p2a: Umbra|91\/100|[from] move: Wish|[wisher] Umbra\n|-heal|p2a: Umbra|97\/100|[from] item: Leftovers\n|upkeep\n|turn|14\n|l|\u2606Sadboi_killua\n|player|p1|\n|\n|t:|1698700212\n|-curestatus|p2b: Kyanite|slp|[msg]\n|move|p2b: Kyanite|Roost|p2b: Kyanite\n|-heal|p2b: Kyanite|87\/100\n|-singleturn|p2b: Kyanite|move: Roost\n|move|p2a: Umbra|Wish|p2a: Umbra\n|move|p1a: Amoonguss|Leaf Storm|p2b: Kyanite\n|-resisted|p2b: Kyanite\n|-damage|p2b: Kyanite|74\/100\n|-unboost|p1a: Amoonguss|spa|2\n|move|p1b: Hatterene|Dazzling Gleam|p2b: Kyanite|[spread] p2a,p2b\n|-supereffective|p2a: Umbra\n|-crit|p2a: Umbra\n|-resisted|p2b: Kyanite\n|-damage|p2a: Umbra|27\/100\n|-damage|p2b: Kyanite|58\/100\n|-damage|p1b: Hatterene|71\/100|[from] item: Life Orb\n|\n|-heal|p2a: Umbra|33\/100|[from] item: Leftovers\n|upkeep\n|turn|15\n|j|\u2606Sadboi_killua\n|player|p1|Sadboi_killua|clay\n|\n|t:|1698700256\n|move|p2a: Umbra|Protect|p2a: Umbra\n|-singleturn|p2a: Umbra|Protect\n|move|p2b: Kyanite|Roost|p2b: Kyanite\n|-heal|p2b: Kyanite|100\/100\n|-singleturn|p2b: Kyanite|move: Roost\n|move|p1a: Amoonguss|Spore|p2b: Kyanite\n|-status|p2b: Kyanite|slp|[from] move: Spore\n|move|p1b: Hatterene|Dazzling Gleam|p2a: Umbra|[spread] p2b\n|-activate|p2a: Umbra|move: Protect\n|-resisted|p2b: Kyanite\n|-damage|p2b: Kyanite|85\/100 slp\n|-damage|p1b: Hatterene|62\/100|[from] item: Life Orb\n|\n|-heal|p2a: Umbra|83\/100|[from] move: Wish|[wisher] Umbra\n|-heal|p2a: Umbra|90\/100|[from] item: Leftovers\n|upkeep\n|turn|16\n|l|\u2606Sadboi_killua\n|player|p1|\n|\n|t:|1698700293\n|cant|p2b: Kyanite|slp\n|move|p2a: Umbra|Wish|p2a: Umbra\n|move|p1a: Amoonguss|Leaf Storm|p2b: Kyanite\n|-resisted|p2b: Kyanite\n|-crit|p2b: Kyanite\n|-damage|p2b: Kyanite|74\/100 slp\n|-unboost|p1a: Amoonguss|spa|2\n|move|p1b: Hatterene|Dazzling Gleam|p2b: Kyanite|[spread] p2a,p2b\n|-supereffective|p2a: Umbra\n|-resisted|p2b: Kyanite\n|-damage|p2a: Umbra|40\/100\n|-damage|p2b: Kyanite|59\/100 slp\n|-damage|p1b: Hatterene|52\/100|[from] item: Life Orb\n|\n|-heal|p2a: Umbra|46\/100|[from] item: Leftovers\n|upkeep\n|turn|17\n|j|\u2606Sadboi_killua\n|player|p1|Sadboi_killua|clay\n|\n|t:|1698700344\n|move|p2a: Umbra|Protect|p2a: Umbra\n|-singleturn|p2a: Umbra|Protect\n|cant|p2b: Kyanite|slp\n|move|p1a: Amoonguss|Pollen Puff|p1b: Hatterene\n|-heal|p1b: Hatterene|100\/100\n|move|p1b: Hatterene|Dazzling Gleam|p2b: Kyanite|[spread] p2b\n|-activate|p2a: Umbra|move: Protect\n|-resisted|p2b: Kyanite\n|-damage|p2b: Kyanite|43\/100 slp\n|-damage|p1b: Hatterene|91\/100|[from] item: Life Orb\n|\n|-heal|p2a: Umbra|96\/100|[from] move: Wish|[wisher] Umbra\n|-heal|p2a: Umbra|100\/100|[from] item: Leftovers\n|upkeep\n|turn|18\n|\n|t:|1698700366\n|-curestatus|p2b: Kyanite|slp|[msg]\n|move|p2b: Kyanite|Roost|p2b: Kyanite\n|-heal|p2b: Kyanite|93\/100\n|-singleturn|p2b: Kyanite|move: Roost\n|move|p2a: Umbra|Wish|p2a: Umbra\n|move|p1a: Amoonguss|Pollen Puff|p1b: Hatterene\n|-heal|p1b: Hatterene|100\/100\n|move|p1b: Hatterene|Dazzling Gleam|p2b: Kyanite|[spread] p2a,p2b\n|-supereffective|p2a: Umbra\n|-resisted|p2b: Kyanite\n|-damage|p2a: Umbra|48\/100\n|-damage|p2b: Kyanite|79\/100\n|-damage|p1b: Hatterene|91\/100|[from] item: Life Orb\n|\n|-heal|p2a: Umbra|55\/100|[from] item: Leftovers\n|upkeep\n|turn|19\n|\n|t:|1698700427\n|move|p2a: Umbra|Protect|p2a: Umbra\n|-singleturn|p2a: Umbra|Protect\n|move|p2b: Kyanite|Light Screen|p2b: Kyanite\n|-sidestart|p2: gonegeb|move: Light Screen\n|move|p1a: Amoonguss|Spore|p2b: Kyanite\n|-status|p2b: Kyanite|slp|[from] move: Spore\n|move|p1b: Hatterene|Psychic|p2b: Kyanite\n|-resisted|p2b: Kyanite\n|-damage|p2b: Kyanite|63\/100 slp\n|-damage|p1b: Hatterene|81\/100|[from] item: Life Orb\n|\n|-heal|p2a: Umbra|100\/100|[from] move: Wish|[wisher] Umbra\n|upkeep\n|turn|20\n|\n|t:|1698700503\n|cant|p2b: Kyanite|slp\n|move|p2a: Umbra|Wish|p2a: Umbra\n|move|p1a: Amoonguss|Leaf Storm|p2b: Kyanite\n|-resisted|p2b: Kyanite\n|-damage|p2b: Kyanite|62\/100 slp\n|-unboost|p1a: Amoonguss|spa|2\n|move|p1b: Hatterene|Dazzling Gleam|p2a: Umbra|[spread] p2a,p2b\n|-supereffective|p2a: Umbra\n|-resisted|p2b: Kyanite\n|-crit|p2b: Kyanite\n|-damage|p2a: Umbra|70\/100\n|-damage|p2b: Kyanite|38\/100 slp\n|-damage|p1b: Hatterene|71\/100|[from] item: Life Orb\n|\n|-heal|p2a: Umbra|76\/100|[from] item: Leftovers\n|upkeep\n|turn|21\n|\n|t:|1698700532\n|cant|p2b: Kyanite|slp\n|move|p2a: Umbra|Wish||[still]\n|-fail|p2a: Umbra\n|move|p1a: Amoonguss|Pollen Puff|p1b: Hatterene\n|-heal|p1b: Hatterene|100\/100\n|move|p1b: Hatterene|Psychic|p2b: Kyanite\n|-resisted|p2b: Kyanite\n|-damage|p2b: Kyanite|23\/100 slp\n|-damage|p1b: Hatterene|91\/100|[from] item: Life Orb\n|\n|-heal|p2a: Umbra|100\/100|[from] move: Wish|[wisher] Umbra\n|upkeep\n|turn|22\n|l|\u2606Sadboi_killua\n|player|p1|\n|j|\u2606Sadboi_killua\n|player|p1|Sadboi_killua|clay\n|-message|Sadboi_killua forfeited.\n|\n|win|gonegeb\n|l|\u2606Sadboi_killua\n","uploadtime":1698700654,"views":20,"p1id":"sadboikillua","p2id":"gonegeb","formatid":"gen9doublesou","rating":0,"private":0,"password":""}