{"id":"gen9doublesou-1996492415","p1":"NighthawkL06","p2":"jhvdgdhfmgj","format":"[Gen 9] Doubles OU","log":"|j|\u2606NighthawkL06\n|j|\u2606jhvdgdhfmgj\n|t:|1700687290\n|gametype|doubles\n|player|p1|NighthawkL06|2|1030\n|player|p2|jhvdgdhfmgj|169|1000\n|teamsize|p1|6\n|teamsize|p2|6\n|gen|9\n|tier|[Gen 9] Doubles OU\n|rated|\n|rule|Species Clause: Limit one of each Pok\u00e9mon\n|rule|OHKO Clause: OHKO moves are banned\n|rule|Evasion Moves Clause: Evasion moves are banned\n|rule|Gravity Sleep Clause: The combination of sleep-inducing moves with imperfect accuracy and Gravity or Gigantamax Orbeetle are banned\n|rule|Endless Battle Clause: Forcing endless battles is banned\n|rule|HP Percentage Mod: HP is shown in percentages\n|clearpoke\n|poke|p1|Enamorus, F|\n|poke|p1|Grimmsnarl, M|\n|poke|p1|Thundurus, M|\n|poke|p1|Sinistcha-Masterpiece|\n|poke|p1|Kommo-o, M|\n|poke|p1|Clefairy, M|\n|poke|p2|Ursaluna-Bloodmoon, M|\n|poke|p2|Pelipper, F|\n|poke|p2|Slowking-Galar, F|\n|poke|p2|Basculegion-F, F|\n|poke|p2|Jolteon, F|\n|poke|p2|Dragonite, M|\n|teampreview\n|\n|t:|1700687319\n|start\n|switch|p1a: Enamorus|Enamorus, F|100\/100\n|switch|p1b: Grimmsnarl|Grimmsnarl, M|100\/100\n|switch|p2a: Pelipper|Pelipper, F|100\/100\n|switch|p2b: Jolteon|Jolteon, F|100\/100\n|-item|p2b: Jolteon|Air Balloon\n|-weather|RainDance|[from] ability: Drizzle|[of] p2a: Pelipper\n|turn|1\n|\n|t:|1700687333\n|-terastallize|p1a: Enamorus|Steel\n|move|p1b: Grimmsnarl|Fake Tears|p1a: Enamorus\n|-boost|p1a: Enamorus|spd|2\n|move|p2b: Jolteon|Thunder|p1a: Enamorus\n|-damage|p1a: Enamorus|67\/100\n|-status|p1a: Enamorus|par\n|move|p2a: Pelipper|Hurricane|p1b: Grimmsnarl\n|-damage|p1b: Grimmsnarl|61\/100\n|move|p1a: Enamorus|Superpower|p2b: Jolteon\n|-damage|p2b: Jolteon|46\/100\n|-boost|p1a: Enamorus|atk|1\n|-boost|p1a: Enamorus|def|1\n|-enditem|p2b: Jolteon|Air Balloon\n|\n|-weather|RainDance|[upkeep]\n|-heal|p1a: Enamorus|73\/100 par|[from] item: Leftovers\n|upkeep\n|turn|2\n|\n|t:|1700687365\n|move|p1b: Grimmsnarl|Fake Tears|p1a: Enamorus\n|-boost|p1a: Enamorus|spd|2\n|move|p2b: Jolteon|Thunder|p1b: Grimmsnarl\n|-damage|p1b: Grimmsnarl|17\/100\n|move|p2a: Pelipper|U-turn|p1b: Grimmsnarl\n|-damage|p1b: Grimmsnarl|6\/100\n|\n|t:|1700687373\n|switch|p2a: Basculegion|Basculegion-F, F|100\/100|[from] U-turn\n|cant|p1a: Enamorus|par\n|\n|-weather|RainDance|[upkeep]\n|-heal|p1a: Enamorus|79\/100 par|[from] item: Leftovers\n|upkeep\n|turn|3\n|\n|t:|1700687393\n|move|p1a: Enamorus|Protect|p1a: Enamorus\n|-singleturn|p1a: Enamorus|Protect\n|move|p1b: Grimmsnarl|Reflect|p1b: Grimmsnarl\n|-sidestart|p1: NighthawkL06|Reflect\n|move|p2a: Basculegion|Double-Edge|p1a: Enamorus\n|-activate|p1a: Enamorus|move: Protect\n|move|p2b: Jolteon|Volt Switch|p1b: Grimmsnarl\n|-damage|p1b: Grimmsnarl|0 fnt\n|faint|p1b: Grimmsnarl\n|\n|t:|1700687401\n|switch|p2b: Dragonite|Dragonite, M|100\/100|[from] Volt Switch\n|\n|-weather|RainDance|[upkeep]\n|-heal|p1a: Enamorus|86\/100 par|[from] item: Leftovers\n|upkeep\n|\n|t:|1700687409\n|switch|p1b: Clefairy|Clefairy, M|100\/100\n|turn|4\n|\n|t:|1700687423\n|switch|p2a: Jolteon|Jolteon, F|46\/100\n|move|p1b: Clefairy|Follow Me|p1b: Clefairy\n|-singleturn|p1b: Clefairy|move: Follow Me\n|move|p2b: Dragonite|Rock Slide|p1b: Clefairy|[spread] p1a,p1b\n|-resisted|p1a: Enamorus\n|-damage|p1a: Enamorus|82\/100 par\n|-damage|p1b: Clefairy|87\/100\n|move|p1a: Enamorus|Superpower|p2b: Dragonite\n|-resisted|p2b: Dragonite\n|-damage|p2b: Dragonite|79\/100\n|-boost|p1a: Enamorus|atk|1\n|-boost|p1a: Enamorus|def|1\n|\n|-weather|RainDance|[upkeep]\n|-heal|p1a: Enamorus|89\/100 par|[from] item: Leftovers\n|upkeep\n|turn|5\n|\n|t:|1700687443\n|move|p2b: Dragonite|Rock Slide|p1a: Enamorus|[spread] p1a,p1b\n|-resisted|p1a: Enamorus\n|-damage|p1a: Enamorus|86\/100 par\n|-damage|p1b: Clefairy|73\/100\n|move|p1a: Enamorus|Superpower|p2a: Jolteon\n|-damage|p2a: Jolteon|0 fnt\n|-boost|p1a: Enamorus|atk|1\n|-boost|p1a: Enamorus|def|1\n|faint|p2a: Jolteon\n|move|p1b: Clefairy|Icy Wind|p2b: Dragonite\n|-supereffective|p2b: Dragonite\n|-damage|p2b: Dragonite|47\/100\n|-unboost|p2b: Dragonite|spe|1\n|\n|-weather|RainDance|[upkeep]\n|-heal|p1a: Enamorus|93\/100 par|[from] item: Leftovers\n|upkeep\n|\n|t:|1700687455\n|switch|p2a: Slowking|Slowking-Galar, F|100\/100\n|turn|6\n|\n|t:|1700687465\n|move|p1b: Clefairy|Follow Me|p1b: Clefairy\n|-singleturn|p1b: Clefairy|move: Follow Me\n|move|p2b: Dragonite|Rock Slide|p1a: Enamorus|[spread] p1a,p1b\n|-resisted|p1a: Enamorus\n|-crit|p1a: Enamorus\n|-damage|p1a: Enamorus|82\/100 par\n|-damage|p1b: Clefairy|60\/100\n|move|p1a: Enamorus|Superpower|p2b: Dragonite\n|-resisted|p2b: Dragonite\n|-damage|p2b: Dragonite|7\/100\n|-boost|p1a: Enamorus|atk|1\n|-boost|p1a: Enamorus|def|1\n|move|p2a: Slowking|Trick Room|p2a: Slowking\n|-fieldstart|move: Trick Room|[of] p2a: Slowking\n|-enditem|p2a: Slowking|Room Service\n|-unboost|p2a: Slowking|spe|1|[from] item: Room Service\n|\n|-weather|RainDance|[upkeep]\n|-heal|p1a: Enamorus|88\/100 par|[from] item: Leftovers\n|upkeep\n|turn|7\n|\n|t:|1700687490\n|move|p1a: Enamorus|Protect|p1a: Enamorus\n|-singleturn|p1a: Enamorus|Protect\n|move|p2a: Slowking|Eerie Spell|p1a: Enamorus\n|-activate|p1a: Enamorus|move: Protect\n|move|p1b: Clefairy|Icy Wind|p2b: Dragonite|[spread] p2a,p2b\n|-supereffective|p2b: Dragonite\n|-damage|p2a: Slowking|96\/100\n|-damage|p2b: Dragonite|0 fnt\n|-unboost|p2a: Slowking|spe|1\n|faint|p2b: Dragonite\n|\n|-weather|RainDance|[upkeep]\n|-heal|p1a: Enamorus|95\/100 par|[from] item: Leftovers\n|upkeep\n|\n|t:|1700687501\n|switch|p2b: Ursaluna|Ursaluna-Bloodmoon, M|100\/100\n|turn|8\n|\n|t:|1700687523\n|move|p1b: Clefairy|Follow Me|p1b: Clefairy\n|-singleturn|p1b: Clefairy|move: Follow Me\n|move|p2a: Slowking|Eerie Spell|p1b: Clefairy\n|-damage|p1b: Clefairy|38\/100\n|-activate|p1b: Clefairy|move: Eerie Spell|Follow Me|3\n|move|p2b: Ursaluna|Earth Power|p1b: Clefairy\n|-damage|p1b: Clefairy|0 fnt\n|faint|p1b: Clefairy\n|move|p1a: Enamorus|Superpower|p2b: Ursaluna\n|-supereffective|p2b: Ursaluna\n|-damage|p2b: Ursaluna|0 fnt\n|-boost|p1a: Enamorus|atk|1\n|-boost|p1a: Enamorus|def|1\n|faint|p2b: Ursaluna\n|\n|-weather|none\n|-heal|p1a: Enamorus|100\/100 par|[from] item: Leftovers\n|upkeep\n|\n|t:|1700687543\n|switch|p1b: Thundurus|Thundurus, M|100\/100\n|switch|p2b: Pelipper|Pelipper, F|100\/100\n|-weather|RainDance|[from] ability: Drizzle|[of] p2b: Pelipper\n|turn|9\n|\n|t:|1700687560\n|move|p1a: Enamorus|Protect|p1a: Enamorus\n|-singleturn|p1a: Enamorus|Protect\n|move|p2a: Slowking|Eerie Spell|p1a: Enamorus\n|-activate|p1a: Enamorus|move: Protect\n|move|p2b: Pelipper|Tailwind|p2b: Pelipper\n|-sidestart|p2: jhvdgdhfmgj|move: Tailwind\n|move|p1b: Thundurus|Volt Switch|p2b: Pelipper\n|-supereffective|p2b: Pelipper\n|-damage|p2b: Pelipper|0 fnt\n|faint|p2b: Pelipper\n|\n|t:|1700687571\n|switch|p1b: Kommo-o|Kommo-o, M|100\/100|[from] Volt Switch\n|\n|-weather|RainDance|[upkeep]\n|upkeep\n|\n|t:|1700687576\n|switch|p2b: Basculegion|Basculegion-F, F|100\/100\n|turn|10\n|\n|t:|1700687588\n|move|p2a: Slowking|Eerie Spell|p1a: Enamorus\n|-resisted|p1a: Enamorus\n|-damage|p1a: Enamorus|94\/100 par\n|-activate|p1a: Enamorus|move: Eerie Spell|Protect|3\n|cant|p1a: Enamorus|par\n|move|p1b: Kommo-o|Clangorous Soul|p1b: Kommo-o\n|-boost|p1b: Kommo-o|atk|1\n|-boost|p1b: Kommo-o|def|1\n|-boost|p1b: Kommo-o|spa|1\n|-boost|p1b: Kommo-o|spd|1\n|-boost|p1b: Kommo-o|spe|1\n|-damage|p1b: Kommo-o|68\/100\n|-enditem|p1b: Kommo-o|Throat Spray\n|-boost|p1b: Kommo-o|spa|1|[from] item: Throat Spray\n|move|p2b: Basculegion|Last Respects|p1b: Kommo-o\n|-damage|p1b: Kommo-o|6\/100\n|-damage|p2b: Basculegion|91\/100|[from] item: Life Orb\n|\n|-weather|RainDance|[upkeep]\n|-heal|p1a: Enamorus|99\/100 par|[from] item: Leftovers\n|-sideend|p1: NighthawkL06|Reflect\n|-fieldend|move: Trick Room\n|upkeep\n|turn|11\n|\n|t:|1700687618\n|move|p2b: Basculegion|Wave Crash|p1a: Enamorus\n|-damage|p1a: Enamorus|71\/100 par\n|-damage|p2b: Basculegion|82\/100|[from] Recoil\n|-damage|p2b: Basculegion|72\/100|[from] item: Life Orb\n|move|p1b: Kommo-o|Clanging Scales|p2b: Basculegion|[spread] p2a,p2b\n|-damage|p2a: Slowking|39\/100\n|-damage|p2b: Basculegion|0 fnt\n|faint|p2b: Basculegion\n|-unboost|p1b: Kommo-o|def|1\n|move|p1a: Enamorus|Tera Blast|p2a: Slowking|[anim] Tera Blast Steel\n|-damage|p2a: Slowking|0 fnt\n|faint|p2a: Slowking\n|\n|win|NighthawkL06\n|raw|NighthawkL06's rating: 1030 &rarr; <strong>1062<\/strong><br \/>(+32 for winning)\n|raw|jhvdgdhfmgj's rating: 1000 &rarr; <strong>1000<\/strong><br \/>(+0 for losing)\n|l|\u2606jhvdgdhfmgj\n","uploadtime":1700687635,"views":2,"p1id":"nighthawkl06","p2id":"jhvdgdhfmgj","formatid":"gen9doublesou","rating":1000,"private":0,"password":""}