{"id":"gen9doublesou-1971986729","p1":"Aomidori.ex","p2":"Sargenbob","format":"[Gen 9] Doubles OU","log":"|j|\u2606Aomidori.ex\n|j|\u2606Sargenbob\n|t:|1697801652\n|gametype|doubles\n|player|p1|Aomidori.ex|265|1165\n|player|p2|Sargenbob|red|1189\n|teamsize|p1|6\n|teamsize|p2|6\n|gen|9\n|tier|[Gen 9] Doubles OU\n|rated|\n|rule|Species Clause: Limit one of each Pok\u00e9mon\n|rule|OHKO Clause: OHKO moves are banned\n|rule|Evasion Moves Clause: Evasion moves are banned\n|rule|Gravity Sleep Clause: The combination of sleep-inducing moves with imperfect accuracy and Gravity or Gigantamax Orbeetle are banned\n|rule|Endless Battle Clause: Forcing endless battles is banned\n|rule|HP Percentage Mod: HP is shown in percentages\n|clearpoke\n|poke|p1|Chi-Yu|\n|poke|p1|Dusclops, F|\n|poke|p1|Glastrier|\n|poke|p1|Landorus-Therian, M|\n|poke|p1|Dragonite, M|\n|poke|p1|Ogerpon-Wellspring, F|\n|poke|p2|Oranguru, M|\n|poke|p2|Torkoal, F|\n|poke|p2|Amoonguss, F|\n|poke|p2|Garganacl, M|\n|poke|p2|Toxapex, F|\n|poke|p2|Gothitelle, F|\n|teampreview\n|inactive|Battle timer is ON: inactive players will automatically lose when time's up. (requested by Aomidori.ex)\n|\n|t:|1697801662\n|start\n|switch|p1a: Chi-Yu|Chi-Yu|100\/100\n|switch|p1b: Ogerpon|Ogerpon-Wellspring, F|100\/100\n|switch|p2a: Donkey Kong|Oranguru, M, shiny|100\/100\n|switch|p2b: Rafael|Torkoal, F, shiny|100\/100\n|-ability|p1a: Chi-Yu|Beads of Ruin\n|-weather|SunnyDay|[from] ability: Drought|[of] p2b: Rafael\n|turn|1\n|\n|t:|1697801679\n|move|p1b: Ogerpon|Spiky Shield|p1b: Ogerpon\n|-singleturn|p1b: Ogerpon|move: Protect\n|move|p1a: Chi-Yu|Protect|p1a: Chi-Yu\n|-singleturn|p1a: Chi-Yu|Protect\n|move|p2b: Rafael|Protect|p2b: Rafael\n|-singleturn|p2b: Rafael|Protect\n|move|p2a: Donkey Kong|Trick Room|p2a: Donkey Kong\n|-fieldstart|move: Trick Room|[of] p2a: Donkey Kong\n|\n|-weather|SunnyDay|[upkeep]\n|upkeep\n|turn|2\n|inactive|Aomidori.ex has 120 seconds left.\n|inactive|Aomidori.ex has 90 seconds left.\n|\n|t:|1697801741\n|move|p2b: Rafael|Eruption|p1a: Chi-Yu|[spread] p1a,p1b\n|-resisted|p1a: Chi-Yu\n|-damage|p1a: Chi-Yu|54\/100\n|-damage|p1b: Ogerpon|0 fnt\n|faint|p1b: Ogerpon\n|move|p2a: Donkey Kong|Instruct|p2b: Rafael\n|-singleturn|p2b: Rafael|move: Instruct|[of] p2a: Donkey Kong\n|move|p2b: Rafael|Eruption|p1a: Chi-Yu\n|-resisted|p1a: Chi-Yu\n|-damage|p1a: Chi-Yu|0 fnt\n|faint|p1a: Chi-Yu\n|\n|-weather|SunnyDay|[upkeep]\n|upkeep\n|inactive|Aomidori.ex has 90 seconds left.\n|\n|t:|1697801764\n|switch|p1a: Dusclops|Dusclops, F|100\/100\n|switch|p1b: Glastrier|Glastrier|100\/100\n|-item|p2a: Donkey Kong|Mental Herb|[from] ability: Frisk|[of] p1a: Dusclops|[identify]\n|-item|p2b: Rafael|Charcoal|[from] ability: Frisk|[of] p1a: Dusclops|[identify]\n|turn|3\n|inactive|Aomidori.ex has 90 seconds left.\n|\n|t:|1697801792\n|move|p1b: Glastrier|Icicle Crash|p2a: Donkey Kong\n|-damage|p2a: Donkey Kong|51\/100\n|move|p2b: Rafael|Eruption|p1a: Dusclops|[spread] p1a,p1b\n|-supereffective|p1b: Glastrier\n|-damage|p1a: Dusclops|55\/100\n|-damage|p1b: Glastrier|0 fnt\n|faint|p1b: Glastrier\n|cant|p2a: Donkey Kong|flinch\n|move|p1a: Dusclops|Trick Room|p1a: Dusclops\n|-fieldend|move: Trick Room\n|\n|-weather|SunnyDay|[upkeep]\n|upkeep\n|\n|t:|1697801810\n|switch|p1b: Landorus|Landorus-Therian, M|100\/100\n|-ability|p1b: Landorus|Intimidate|boost\n|-unboost|p2a: Donkey Kong|atk|1\n|-unboost|p2b: Rafael|atk|1\n|turn|4\n|inactive|Aomidori.ex has 60 seconds left.\n|\n|t:|1697801840\n|move|p2b: Rafael|Protect|p2b: Rafael\n|-singleturn|p2b: Rafael|Protect\n|move|p1b: Landorus|Earthquake|p2a: Donkey Kong|[spread] p1a,p2a\n|-activate|p2b: Rafael|move: Protect\n|-damage|p1a: Dusclops|26\/100\n|-damage|p2a: Donkey Kong|16\/100\n|move|p2a: Donkey Kong|Trick Room|p2a: Donkey Kong\n|-fieldstart|move: Trick Room|[of] p2a: Donkey Kong\n|move|p1a: Dusclops|Trick Room|p1a: Dusclops\n|-fieldend|move: Trick Room\n|\n|-weather|SunnyDay|[upkeep]\n|upkeep\n|turn|5\n|\n|t:|1697801860\n|switch|p2b: Stronghold|Garganacl, M|100\/100\n|move|p1a: Dusclops|Helping Hand|p1b: Landorus\n|-singleturn|p1b: Landorus|Helping Hand|[of] p1a: Dusclops\n|move|p2a: Donkey Kong|Protect|p2a: Donkey Kong\n|-singleturn|p2a: Donkey Kong|Protect\n|move|p1b: Landorus|Earthquake|p2b: Stronghold|[spread] p1a,p2b\n|-activate|p2a: Donkey Kong|move: Protect\n|-supereffective|p2b: Stronghold\n|-damage|p1a: Dusclops|0 fnt\n|-damage|p2b: Stronghold|23\/100\n|faint|p1a: Dusclops\n|\n|-weather|none\n|-heal|p2b: Stronghold|29\/100|[from] item: Leftovers\n|upkeep\n|\n|t:|1697801874\n|switch|p1a: Dragonite|Dragonite, M|100\/100\n|turn|6\n|inactive|Aomidori.ex has 90 seconds left.\n|\n|t:|1697801888\n|move|p1b: Landorus|Earthquake|p2b: Stronghold|[spread] p2a,p2b\n|-immune|p1a: Dragonite\n|-supereffective|p2b: Stronghold\n|-damage|p2a: Donkey Kong|0 fnt\n|-damage|p2b: Stronghold|0 fnt\n|faint|p2a: Donkey Kong\n|faint|p2b: Stronghold\n|move|p1a: Dragonite|Low Kick|p2: Donkey Kong|[notarget]\n|-fail|p1a: Dragonite\n|\n|upkeep\n|\n|t:|1697801893\n|switch|p2a: Goth waifu|Gothitelle, F, shiny|100\/100\n|switch|p2b: Rafael|Torkoal, F, shiny|100\/100\n|-weather|SunnyDay|[from] ability: Drought|[of] p2b: Rafael\n|turn|7\n|inactive|Aomidori.ex has 90 seconds left.\n|\n|t:|1697801927\n|move|p2b: Rafael|Protect|p2b: Rafael\n|-singleturn|p2b: Rafael|Protect\n|move|p1a: Dragonite|Extreme Speed|p2b: Rafael\n|-activate|p2b: Rafael|move: Protect\n|move|p1b: Landorus|Earthquake|p2b: Rafael|[spread] p2a\n|-activate|p2b: Rafael|move: Protect\n|-immune|p1a: Dragonite\n|-damage|p2a: Goth waifu|59\/100\n|move|p2a: Goth waifu|Trick Room|p2a: Goth waifu\n|-fieldstart|move: Trick Room|[of] p2a: Goth waifu\n|\n|-weather|SunnyDay|[upkeep]\n|upkeep\n|turn|8\n|inactive|Aomidori.ex has 90 seconds left.\n|\n|t:|1697801961\n|-terastallize|p1a: Dragonite|Normal\n|move|p1a: Dragonite|Extreme Speed|p2b: Rafael\n|-damage|p2b: Rafael|63\/100\n|move|p2b: Rafael|Eruption|p1b: Landorus|[spread] p1a,p1b\n|-crit|p1a: Dragonite\n|-damage|p1a: Dragonite|62\/100\n|-damage|p1b: Landorus|50\/100\n|move|p2a: Goth waifu|Psychic|p1b: Landorus\n|-damage|p1b: Landorus|22\/100\n|move|p1b: Landorus|Earthquake|p2a: Goth waifu|[spread] p1a,p2a,p2b\n|-supereffective|p2b: Rafael\n|-damage|p1a: Dragonite|20\/100\n|-damage|p2a: Goth waifu|17\/100\n|-damage|p2b: Rafael|3\/100\n|-enditem|p2a: Goth waifu|Wiki Berry|[eat]\n|-heal|p2a: Goth waifu|50\/100|[from] item: Wiki Berry\n|\n|-weather|SunnyDay|[upkeep]\n|upkeep\n|turn|9\n|inactive|Aomidori.ex has 90 seconds left.\n|\n|t:|1697801992\n|move|p1a: Dragonite|Extreme Speed|p2b: Rafael\n|-damage|p2b: Rafael|0 fnt\n|faint|p2b: Rafael\n|move|p2a: Goth waifu|Heal Pulse|p2: Rafael|[notarget]\n|-fail|p2a: Goth waifu\n|move|p1b: Landorus|Rock Slide|p2a: Goth waifu\n|-damage|p2a: Goth waifu|22\/100\n|\n|-weather|SunnyDay|[upkeep]\n|upkeep\n|\n|t:|1697801997\n|switch|p2b: Toad|Amoonguss, F, shiny|100\/100\n|turn|10\n|inactive|Aomidori.ex has 90 seconds left.\n|\n|t:|1697802021\n|move|p2b: Toad|Spore|p1a: Dragonite\n|-status|p1a: Dragonite|slp|[from] move: Spore\n|move|p2a: Goth waifu|Psychic|p1b: Landorus\n|-damage|p1b: Landorus|0 fnt\n|faint|p1b: Landorus\n|cant|p1a: Dragonite|slp\n|\n|-weather|SunnyDay|[upkeep]\n|upkeep\n|turn|11\n|-message|Aomidori.ex forfeited.\n|\n|win|Sargenbob\n|raw|Aomidori.ex's rating: 1165 &rarr; <strong>1142<\/strong><br \/>(-23 for losing)\n|raw|Sargenbob's rating: 1189 &rarr; <strong>1212<\/strong><br \/>(+23 for winning)\n|l|\u2606Aomidori.ex\n","uploadtime":1697802035,"views":14,"p1id":"aomidoriex","p2id":"sargenbob","formatid":"gen9doublesou","rating":1142,"private":0,"password":""}