{"id":"gen9doublesou-1973119089","p1":"AntonyJ0666","p2":"Jackmim","format":"[Gen 9] Doubles OU","log":"|j|\u2606AntonyJ0666\n|j|\u2606Jackmim\n|t:|1697929734\n|gametype|doubles\n|player|p1|AntonyJ0666|cynthia|1166\n|player|p2|Jackmim|grusha|1124\n|teamsize|p1|6\n|teamsize|p2|6\n|gen|9\n|tier|[Gen 9] Doubles OU\n|rated|\n|rule|Species Clause: Limit one of each Pok\u00e9mon\n|rule|OHKO Clause: OHKO moves are banned\n|rule|Evasion Moves Clause: Evasion moves are banned\n|rule|Gravity Sleep Clause: The combination of sleep-inducing moves with imperfect accuracy and Gravity or Gigantamax Orbeetle are banned\n|rule|Endless Battle Clause: Forcing endless battles is banned\n|rule|HP Percentage Mod: HP is shown in percentages\n|clearpoke\n|poke|p1|Sylveon, F|\n|poke|p1|Oranguru, F|\n|poke|p1|Torkoal, F|\n|poke|p1|Ursaluna, F|\n|poke|p1|Heatran, M|\n|poke|p1|Goodra-Hisui, F|\n|poke|p2|Froslass, F|\n|poke|p2|Articuno|\n|poke|p2|Abomasnow, M|\n|poke|p2|Chien-Pao|\n|poke|p2|Iron Bundle|\n|poke|p2|Baxcalibur, F|\n|teampreview\n|inactive|Battle timer is ON: inactive players will automatically lose when time's up. (requested by AntonyJ0666)\n|inactive|AntonyJ0666 has 120 seconds left.\n|inactive|Jackmim has 120 seconds left.\n|\n|t:|1697929776\n|start\n|switch|p1a: Oranguru|Oranguru, F|100\/100\n|switch|p1b: Torkoal|Torkoal, F|100\/100\n|switch|p2a: Vanilla|Froslass, F, shiny|100\/100\n|switch|p2b: Aisunomi|Baxcalibur, F, shiny|100\/100\n|-weather|SunnyDay|[from] ability: Drought|[of] p1b: Torkoal\n|turn|1\n|inactive|AntonyJ0666 has 120 seconds left.\n|\n|t:|1697929812\n|switch|p2a: Ice Scream Truk|Abomasnow, M, shiny|100\/100\n|-weather|Snow|[from] ability: Snow Warning|[of] p2a: Ice Scream Truk\n|switch|p1b: Sylveon|Sylveon, F|100\/100\n|move|p1a: Oranguru|Protect|p1a: Oranguru\n|-singleturn|p1a: Oranguru|Protect\n|move|p2b: Aisunomi|Dragon Dance|p2b: Aisunomi\n|-boost|p2b: Aisunomi|atk|1\n|-boost|p2b: Aisunomi|spe|1\n|\n|-weather|Snow|[upkeep]\n|upkeep\n|turn|2\n|\n|t:|1697929836\n|move|p1b: Sylveon|Protect|p1b: Sylveon\n|-singleturn|p1b: Sylveon|Protect\n|move|p2a: Ice Scream Truk|Ice Shard|p1b: Sylveon\n|-activate|p1b: Sylveon|move: Protect\n|move|p2b: Aisunomi|Icicle Spear|p1b: Sylveon\n|-activate|p1b: Sylveon|move: Protect\n|move|p1a: Oranguru|Trick Room|p1a: Oranguru\n|-fieldstart|move: Trick Room|[of] p1a: Oranguru\n|\n|-weather|Snow|[upkeep]\n|upkeep\n|turn|3\n|inactive|AntonyJ0666 has 120 seconds left.\n|\n|t:|1697929874\n|switch|p1a: Torkoal|Torkoal, F|100\/100\n|-weather|SunnyDay|[from] ability: Drought|[of] p1a: Torkoal\n|move|p2a: Ice Scream Truk|Blizzard|p1b: Sylveon|[spread] p1a\n|-miss|p2a: Ice Scream Truk|p1b: Sylveon\n|-resisted|p1a: Torkoal\n|-damage|p1a: Torkoal|77\/100\n|move|p1b: Sylveon|Calm Mind|p1b: Sylveon\n|-boost|p1b: Sylveon|spa|1\n|-boost|p1b: Sylveon|spd|1\n|move|p2b: Aisunomi|Icicle Spear|p1b: Sylveon\n|-damage|p1b: Sylveon|81\/100\n|-crit|p1b: Sylveon\n|-damage|p1b: Sylveon|48\/100\n|-damage|p1b: Sylveon|26\/100\n|-damage|p1b: Sylveon|6\/100\n|-hitcount|p1b: Sylveon|4\n|\n|-weather|SunnyDay|[upkeep]\n|-heal|p1b: Sylveon|12\/100|[from] item: Leftovers\n|upkeep\n|turn|4\n|inactive|AntonyJ0666 has 120 seconds left.\n|\n|t:|1697929898\n|move|p1b: Sylveon|Protect|p1b: Sylveon\n|-singleturn|p1b: Sylveon|Protect\n|move|p2a: Ice Scream Truk|Ice Shard|p1b: Sylveon\n|-activate|p1b: Sylveon|move: Protect\n|move|p1a: Torkoal|Lava Plume|p2a: Ice Scream Truk|[spread] p2a,p2b\n|-activate|p1b: Sylveon|move: Protect\n|-supereffective|p2a: Ice Scream Truk\n|-damage|p2a: Ice Scream Truk|0 fnt\n|-damage|p2b: Aisunomi|74\/100\n|-ability|p2b: Aisunomi|Thermal Exchange|boost\n|-boost|p2b: Aisunomi|atk|1\n|faint|p2a: Ice Scream Truk\n|move|p2b: Aisunomi|Stomping Tantrum|p1a: Torkoal\n|-supereffective|p1a: Torkoal\n|-damage|p1a: Torkoal|10\/100\n|\n|-weather|SunnyDay|[upkeep]\n|-heal|p1b: Sylveon|18\/100|[from] item: Leftovers\n|upkeep\n|inactive|Jackmim has 120 seconds left.\n|\n|t:|1697929922\n|switch|p2a: \u949f\u859b\u9ad8|Chien-Pao|100\/100\n|-ability|p2a: \u949f\u859b\u9ad8|Sword of Ruin\n|turn|5\n|\n|t:|1697929935\n|move|p1b: Sylveon|Protect|p1b: Sylveon\n|-singleturn|p1b: Sylveon|Protect\n|move|p2a: \u949f\u859b\u9ad8|Sucker Punch|p1a: Torkoal\n|-damage|p1a: Torkoal|0 fnt\n|faint|p1a: Torkoal\n|move|p2b: Aisunomi|Icicle Spear|p1b: Sylveon\n|-activate|p1b: Sylveon|move: Protect\n|\n|-weather|SunnyDay|[upkeep]\n|-heal|p1b: Sylveon|24\/100|[from] item: Leftovers\n|upkeep\n|\n|t:|1697929944\n|switch|p1a: Oranguru|Oranguru, F|100\/100\n|turn|6\n|\n|t:|1697929966\n|move|p1a: Oranguru|Protect|p1a: Oranguru\n|-singleturn|p1a: Oranguru|Protect\n|move|p1b: Sylveon|Hyper Voice|p2b: Aisunomi|[spread] p2a,p2b\n|-supereffective|p2a: \u949f\u859b\u9ad8\n|-supereffective|p2b: Aisunomi\n|-enditem|p2a: \u949f\u859b\u9ad8|Focus Sash\n|-damage|p2a: \u949f\u859b\u9ad8|1\/100\n|-damage|p2b: Aisunomi|0 fnt\n|faint|p2b: Aisunomi\n|move|p2a: \u949f\u859b\u9ad8|Ice Spinner|p1b: Sylveon\n|-damage|p1b: Sylveon|0 fnt\n|faint|p1b: Sylveon\n|\n|-weather|SunnyDay|[upkeep]\n|-fieldend|move: Trick Room\n|upkeep\n|\n|t:|1697929989\n|switch|p2b: Ice Mon|Iron Bundle, shiny|100\/100\n|switch|p1b: Heatran|Heatran, M|100\/100\n|-enditem|p2b: Ice Mon|Booster Energy\n|-activate|p2b: Ice Mon|ability: Quark Drive|[fromitem]\n|-start|p2b: Ice Mon|quarkdrivespe\n|turn|7\n|\n|t:|1697930015\n|-terastallize|p1a: Oranguru|Water\n|move|p2b: Ice Mon|Whirlpool|p1a: Oranguru|[miss]\n|-miss|p2b: Ice Mon|p1a: Oranguru\n|move|p2a: \u949f\u859b\u9ad8|Sacred Sword|p1a: Oranguru\n|-damage|p1a: Oranguru|60\/100\n|move|p1b: Heatran|Heat Wave|p2a: \u949f\u859b\u9ad8|[spread] p2a,p2b\n|-supereffective|p2a: \u949f\u859b\u9ad8\n|-damage|p2a: \u949f\u859b\u9ad8|0 fnt\n|-damage|p2b: Ice Mon|0 fnt\n|faint|p2a: \u949f\u859b\u9ad8\n|faint|p2b: Ice Mon\n|-end|p2b: Ice Mon|Quark Drive|[silent]\n|-damage|p1b: Heatran|91\/100|[from] item: Life Orb\n|move|p1a: Oranguru|Trick Room|p1a: Oranguru\n|-fieldstart|move: Trick Room|[of] p1a: Oranguru\n|\n|-weather|SunnyDay|[upkeep]\n|upkeep\n|\n|t:|1697930031\n|switch|p2a: Vanilla|Froslass, F, shiny|100\/100\n|switch|p2b: H\u00e4agen-Dazs|Articuno, shiny|100\/100\n|turn|8\n|\n|t:|1697930045\n|-terastallize|p2b: H\u00e4agen-Dazs|Water\n|move|p1a: Oranguru|Foul Play|p2a: Vanilla\n|-supereffective|p2a: Vanilla\n|-damage|p2a: Vanilla|61\/100\n|move|p1b: Heatran|Heat Wave|p2b: H\u00e4agen-Dazs|[spread] p2a,p2b\n|-supereffective|p2a: Vanilla\n|-resisted|p2b: H\u00e4agen-Dazs\n|-damage|p2a: Vanilla|0 fnt\n|-damage|p2b: H\u00e4agen-Dazs|72\/100\n|faint|p2a: Vanilla\n|-damage|p1b: Heatran|81\/100|[from] item: Life Orb\n|move|p2b: H\u00e4agen-Dazs|Tera Blast|p1b: Heatran|[anim] Tera Blast Water\n|-supereffective|p1b: Heatran\n|-damage|p1b: Heatran|50\/100\n|\n|-weather|SunnyDay|[upkeep]\n|upkeep\n|turn|9\n|\n|t:|1697930068\n|move|p1a: Oranguru|Instruct|p1b: Heatran\n|-singleturn|p1b: Heatran|move: Instruct|[of] p1a: Oranguru\n|move|p1b: Heatran|Heat Wave|p2b: H\u00e4agen-Dazs\n|-resisted|p2b: H\u00e4agen-Dazs\n|-damage|p2b: H\u00e4agen-Dazs|33\/100\n|-damage|p1b: Heatran|40\/100|[from] item: Life Orb\n|move|p1b: Heatran|Earth Power|p2b: H\u00e4agen-Dazs|[miss]\n|-miss|p1b: Heatran|p2b: H\u00e4agen-Dazs\n|move|p2b: H\u00e4agen-Dazs|Freeze-Dry|p1a: Oranguru\n|-supereffective|p1a: Oranguru\n|-damage|p1a: Oranguru|23\/100\n|\n|-weather|SunnyDay|[upkeep]\n|upkeep\n|turn|10\n|\n|t:|1697930084\n|move|p1a: Oranguru|Instruct|p1b: Heatran\n|-singleturn|p1b: Heatran|move: Instruct|[of] p1a: Oranguru\n|move|p1b: Heatran|Earth Power|p2b: H\u00e4agen-Dazs\n|-damage|p2b: H\u00e4agen-Dazs|0 fnt\n|faint|p2b: H\u00e4agen-Dazs\n|-damage|p1b: Heatran|30\/100|[from] item: Life Orb\n|\n|win|AntonyJ0666\n|raw|AntonyJ0666's rating: 1166 &rarr; <strong>1188<\/strong><br \/>(+22 for winning)\n|raw|Jackmim's rating: 1124 &rarr; <strong>1102<\/strong><br \/>(-22 for losing)\n|l|\u2606Jackmim\n","uploadtime":1697930097,"views":13,"p1id":"antonyj0666","p2id":"jackmim","formatid":"gen9doublesou","rating":1102,"private":0,"password":""}