{"id":"gen9doublesou-1988496467","p1":"Robluz","p2":"Celebir","format":"[Gen 9] Doubles OU","log":"|j|\u2606Robluz\n|j|\u2606Celebir\n|t:|1699729191\n|gametype|doubles\n|player|p1|Robluz|266|1228\n|player|p2|Celebir|clerkf|1223\n|teamsize|p1|6\n|teamsize|p2|6\n|gen|9\n|tier|[Gen 9] Doubles OU\n|rated|\n|rule|Species Clause: Limit one of each Pok\u00e9mon\n|rule|OHKO Clause: OHKO moves are banned\n|rule|Evasion Moves Clause: Evasion moves are banned\n|rule|Gravity Sleep Clause: The combination of sleep-inducing moves with imperfect accuracy and Gravity or Gigantamax Orbeetle are banned\n|rule|Endless Battle Clause: Forcing endless battles is banned\n|rule|HP Percentage Mod: HP is shown in percentages\n|clearpoke\n|poke|p1|Ninetales-Alola, F|\n|poke|p1|Sneasler, M|\n|poke|p1|Mamoswine, F|\n|poke|p1|Landorus-Therian, M|\n|poke|p1|Zapdos|\n|poke|p1|Vikavolt, F|\n|poke|p2|Appletun, F|\n|poke|p2|Cresselia, F|\n|poke|p2|Ursaluna-Bloodmoon, M|\n|poke|p2|Landorus-Therian, M|\n|poke|p2|Iron Bundle|\n|poke|p2|Ogerpon-Hearthflame, F|\n|teampreview\n|\n|t:|1699729217\n|start\n|switch|p1a: Ninetales|Ninetales-Alola, F|100\/100\n|switch|p1b: Sneasler|Sneasler, M|100\/100\n|switch|p2a: Iron Bundle|Iron Bundle|100\/100\n|switch|p2b: Landorus|Landorus-Therian, M|100\/100\n|-weather|Snow|[from] ability: Snow Warning|[of] p1a: Ninetales\n|-ability|p2b: Landorus|Intimidate|boost\n|-unboost|p1a: Ninetales|atk|1\n|-unboost|p1b: Sneasler|atk|1\n|-enditem|p2a: Iron Bundle|Booster Energy\n|-activate|p2a: Iron Bundle|ability: Quark Drive|[fromitem]\n|-start|p2a: Iron Bundle|quarkdrivespe\n|turn|1\n|\n|t:|1699729243\n|switch|p1b: Landorus|Landorus-Therian, M|100\/100\n|-ability|p1b: Landorus|Intimidate|boost\n|-unboost|p2a: Iron Bundle|atk|1\n|-unboost|p2b: Landorus|atk|1\n|move|p2a: Iron Bundle|Icy Wind|p1a: Ninetales|[spread] p1a,p1b\n|-resisted|p1a: Ninetales\n|-supereffective|p1b: Landorus\n|-crit|p1b: Landorus\n|-damage|p1a: Ninetales|93\/100\n|-damage|p1b: Landorus|0 fnt\n|-unboost|p1a: Ninetales|spe|1\n|faint|p1b: Landorus\n|move|p1a: Ninetales|Aurora Veil|p1a: Ninetales\n|-sidestart|p1: Robluz|move: Aurora Veil\n|move|p2b: Landorus|Rock Slide|p1a: Ninetales\n|-supereffective|p1a: Ninetales\n|-damage|p1a: Ninetales|63\/100\n|\n|-weather|Snow|[upkeep]\n|upkeep\n|\n|t:|1699729260\n|switch|p1b: Sneasler|Sneasler, M|100\/100\n|turn|2\n|\n|t:|1699729276\n|-terastallize|p1b: Sneasler|Flying\n|move|p1a: Ninetales|Ice Shard|p1b: Sneasler\n|-supereffective|p1b: Sneasler\n|-damage|p1b: Sneasler|89\/100\n|-enditem|p1b: Sneasler|Weakness Policy\n|-boost|p1b: Sneasler|atk|2|[from] item: Weakness Policy\n|-boost|p1b: Sneasler|spa|2|[from] item: Weakness Policy\n|move|p2a: Iron Bundle|Icy Wind|p1b: Sneasler|[spread] p1a,p1b\n|-resisted|p1a: Ninetales\n|-supereffective|p1b: Sneasler\n|-damage|p1a: Ninetales|57\/100\n|-damage|p1b: Sneasler|62\/100\n|-unboost|p1a: Ninetales|spe|1\n|-unboost|p1b: Sneasler|spe|1\n|move|p1b: Sneasler|Acrobatics|p2b: Landorus\n|-damage|p2b: Landorus|0 fnt\n|faint|p2b: Landorus\n|\n|-weather|Snow|[upkeep]\n|upkeep\n|\n|t:|1699729308\n|switch|p2b: Cresselia|Cresselia, F, shiny|100\/100\n|turn|3\n|\n|t:|1699729318\n|switch|p1a: Vikavolt|Vikavolt, F|100\/100\n|move|p2a: Iron Bundle|Freeze-Dry|p1b: Sneasler\n|-supereffective|p1b: Sneasler\n|-damage|p1b: Sneasler|14\/100\n|move|p1b: Sneasler|Close Combat|p2a: Iron Bundle\n|-supereffective|p2a: Iron Bundle\n|-damage|p2a: Iron Bundle|0 fnt\n|-unboost|p1b: Sneasler|def|1\n|-unboost|p1b: Sneasler|spd|1\n|faint|p2a: Iron Bundle\n|-end|p2a: Iron Bundle|Quark Drive|[silent]\n|move|p2b: Cresselia|Dazzling Gleam|p1b: Sneasler|[spread] p1a,p1b\n|-damage|p1a: Vikavolt|91\/100\n|-damage|p1b: Sneasler|1\/100\n|\n|-weather|Snow|[upkeep]\n|upkeep\n|\n|t:|1699729336\n|switch|p2a: Ogerpon|Ogerpon-Hearthflame, F|100\/100\n|-ability|p2a: Ogerpon|Mold Breaker\n|turn|4\n|\n|t:|1699729345\n|move|p2a: Ogerpon|Spiky Shield|p2a: Ogerpon\n|-singleturn|p2a: Ogerpon|move: Protect\n|move|p1b: Sneasler|Acrobatics|p2a: Ogerpon\n|-activate|p2a: Ogerpon|move: Protect\n|-damage|p1b: Sneasler|0 fnt|[from] Spiky Shield|[of] p2a: Ogerpon\n|faint|p1b: Sneasler\n|move|p2b: Cresselia|Dazzling Gleam|p1a: Vikavolt\n|-damage|p1a: Vikavolt|79\/100\n|move|p1a: Vikavolt|Bug Buzz|p2b: Cresselia\n|-supereffective|p2b: Cresselia\n|-damage|p2b: Cresselia|18\/100\n|\n|-weather|Snow|[upkeep]\n|-heal|p2b: Cresselia|24\/100|[from] item: Leftovers\n|upkeep\n|\n|t:|1699729369\n|switch|p1b: Zapdos|Zapdos, shiny|100\/100\n|turn|5\n|\n|t:|1699729381\n|switch|p1a: Mamoswine|Mamoswine, F|100\/100\n|move|p1b: Zapdos|Weather Ball|p2a: Ogerpon\n|-damage|p2a: Ogerpon|66\/100\n|-damage|p1b: Zapdos|91\/100|[from] item: Life Orb\n|move|p2a: Ogerpon|Ivy Cudgel|p1a: Mamoswine\n|-supereffective|p1a: Mamoswine\n|-damage|p1a: Mamoswine|58\/100\n|move|p2b: Cresselia|Lunar Blessing|p2b: Cresselia|[spread] p2a,p2b\n|-heal|p2a: Ogerpon|91\/100\n|-heal|p2b: Cresselia|49\/100\n|\n|-weather|none\n|-heal|p2b: Cresselia|55\/100|[from] item: Leftovers\n|-heal|p1a: Mamoswine|64\/100|[from] item: Leftovers\n|upkeep\n|turn|6\n|\n|t:|1699729405\n|move|p1b: Zapdos|Heat Wave|p2b: Cresselia|[spread] p2a,p2b\n|-damage|p2a: Ogerpon|66\/100\n|-damage|p2b: Cresselia|36\/100\n|-damage|p1b: Zapdos|81\/100|[from] item: Life Orb\n|move|p2a: Ogerpon|Horn Leech|p1a: Mamoswine\n|-supereffective|p1a: Mamoswine\n|-damage|p1a: Mamoswine|19\/100\n|-heal|p2a: Ogerpon|93\/100|[from] drain|[of] p1a: Mamoswine\n|move|p2b: Cresselia|Dazzling Gleam|p1a: Mamoswine|[spread] p1a,p1b\n|-damage|p1a: Mamoswine|9\/100\n|-damage|p1b: Zapdos|73\/100\n|move|p1a: Mamoswine|Icicle Crash|p2a: Ogerpon\n|-damage|p2a: Ogerpon|36\/100\n|\n|-heal|p2b: Cresselia|42\/100|[from] item: Leftovers\n|-heal|p1a: Mamoswine|15\/100|[from] item: Leftovers\n|upkeep\n|turn|7\n|\n|t:|1699729423\n|move|p1a: Mamoswine|Protect|p1a: Mamoswine\n|-singleturn|p1a: Mamoswine|Protect\n|move|p1b: Zapdos|Heat Wave|p2a: Ogerpon|[spread] p2a,p2b\n|-damage|p2a: Ogerpon|12\/100\n|-damage|p2b: Cresselia|27\/100\n|-damage|p1b: Zapdos|63\/100|[from] item: Life Orb\n|move|p2a: Ogerpon|Horn Leech|p1a: Mamoswine\n|-activate|p1a: Mamoswine|move: Protect\n|move|p2b: Cresselia|Lunar Blessing|p2b: Cresselia|[spread] p2a,p2b\n|-heal|p2a: Ogerpon|37\/100\n|-heal|p2b: Cresselia|52\/100\n|\n|-heal|p2b: Cresselia|58\/100|[from] item: Leftovers\n|-heal|p1a: Mamoswine|21\/100|[from] item: Leftovers\n|upkeep\n|turn|8\n|\n|t:|1699729445\n|move|p1b: Zapdos|Tailwind|p1b: Zapdos\n|-sidestart|p1: Robluz|move: Tailwind\n|move|p1a: Mamoswine|Icicle Crash|p2a: Ogerpon\n|-damage|p2a: Ogerpon|0 fnt\n|faint|p2a: Ogerpon\n|move|p2b: Cresselia|Lunar Blessing|p2b: Cresselia\n|-heal|p2b: Cresselia|83\/100\n|\n|-heal|p1a: Mamoswine|28\/100|[from] item: Leftovers\n|-heal|p2b: Cresselia|89\/100|[from] item: Leftovers\n|-sideend|p1: Robluz|move: Aurora Veil\n|upkeep\n|\n|t:|1699729459\n|switch|p2a: Ursaluna|Ursaluna-Bloodmoon, M|100\/100\n|turn|9\n|\n|t:|1699729469\n|switch|p1b: Ninetales|Ninetales-Alola, F|57\/100\n|-weather|Snow|[from] ability: Snow Warning|[of] p1b: Ninetales\n|move|p1a: Mamoswine|Icicle Crash|p2a: Ursaluna\n|-supereffective|p2a: Ursaluna\n|-damage|p2a: Ursaluna|54\/100\n|move|p2b: Cresselia|Lunar Blessing|p2b: Cresselia|[spread] p2a,p2b\n|-heal|p2a: Ursaluna|79\/100\n|-heal|p2b: Cresselia|100\/100\n|cant|p2a: Ursaluna|flinch\n|\n|-weather|Snow|[upkeep]\n|-heal|p1a: Mamoswine|34\/100|[from] item: Leftovers\n|-heal|p2a: Ursaluna|85\/100|[from] item: Leftovers\n|upkeep\n|turn|10\n|\n|t:|1699729498\n|move|p1b: Ninetales|Aurora Veil|p1b: Ninetales\n|-sidestart|p1: Robluz|move: Aurora Veil\n|move|p1a: Mamoswine|Icicle Crash|p2a: Ursaluna\n|-supereffective|p2a: Ursaluna\n|-damage|p2a: Ursaluna|36\/100\n|move|p2b: Cresselia|Lunar Blessing|p2b: Cresselia|[spread] p2a,p2b\n|-heal|p2a: Ursaluna|60\/100\n|move|p2a: Ursaluna|Calm Mind|p2a: Ursaluna\n|-boost|p2a: Ursaluna|spa|1\n|-boost|p2a: Ursaluna|spd|1\n|\n|-weather|Snow|[upkeep]\n|-heal|p1a: Mamoswine|40\/100|[from] item: Leftovers\n|-heal|p2a: Ursaluna|67\/100|[from] item: Leftovers\n|upkeep\n|turn|11\n|\n|t:|1699729512\n|switch|p1b: Zapdos|Zapdos, shiny|63\/100\n|move|p1a: Mamoswine|Icicle Crash|p2a: Ursaluna\n|-supereffective|p2a: Ursaluna\n|-damage|p2a: Ursaluna|17\/100\n|move|p2a: Ursaluna|Blood Moon|p1a: Mamoswine\n|-damage|p1a: Mamoswine|0 fnt\n|faint|p1a: Mamoswine\n|move|p2b: Cresselia|Trick Room|p2b: Cresselia\n|-fieldstart|move: Trick Room|[of] p2b: Cresselia\n|\n|-weather|Snow|[upkeep]\n|-heal|p2a: Ursaluna|23\/100|[from] item: Leftovers\n|-sideend|p1: Robluz|move: Tailwind\n|upkeep\n|\n|t:|1699729523\n|switch|p1a: Vikavolt|Vikavolt, F|79\/100\n|turn|12\n|\n|t:|1699729544\n|move|p2a: Ursaluna|Protect|p2a: Ursaluna\n|-singleturn|p2a: Ursaluna|Protect\n|move|p1a: Vikavolt|Bug Buzz|p2b: Cresselia\n|-supereffective|p2b: Cresselia\n|-damage|p2b: Cresselia|7\/100\n|move|p2b: Cresselia|Dazzling Gleam|p1b: Zapdos|[spread] p1a,p1b\n|-damage|p1a: Vikavolt|70\/100\n|-damage|p1b: Zapdos|55\/100\n|move|p1b: Zapdos|Weather Ball|p2a: Ursaluna\n|-activate|p2a: Ursaluna|move: Protect\n|\n|-weather|Snow|[upkeep]\n|-heal|p2a: Ursaluna|29\/100|[from] item: Leftovers\n|-heal|p2b: Cresselia|13\/100|[from] item: Leftovers\n|upkeep\n|turn|13\n|\n|t:|1699729563\n|move|p1a: Vikavolt|Bug Buzz|p2b: Cresselia\n|-supereffective|p2b: Cresselia\n|-damage|p2b: Cresselia|0 fnt\n|faint|p2b: Cresselia\n|move|p2a: Ursaluna|Blood Moon|p1a: Vikavolt\n|-damage|p1a: Vikavolt|0 fnt\n|faint|p1a: Vikavolt\n|move|p1b: Zapdos|Weather Ball|p2a: Ursaluna\n|-supereffective|p2a: Ursaluna\n|-damage|p2a: Ursaluna|0 fnt\n|faint|p2a: Ursaluna\n|-damage|p1b: Zapdos|45\/100|[from] item: Life Orb\n|\n|-weather|none\n|upkeep\n|\n|t:|1699729576\n|switch|p1a: Ninetales|Ninetales-Alola, F|57\/100\n|switch|p2b: Appletun|Appletun, F|100\/100\n|-weather|Snow|[from] ability: Snow Warning|[of] p1a: Ninetales\n|turn|14\n|\n|t:|1699729592\n|-terastallize|p2b: Appletun|Steel\n|move|p2b: Appletun|Apple Acid|p1b: Zapdos\n|-resisted|p1b: Zapdos\n|-damage|p1b: Zapdos|35\/100\n|-unboost|p1b: Zapdos|spd|1\n|move|p1b: Zapdos|Weather Ball|p2b: Appletun\n|-resisted|p2b: Appletun\n|-damage|p2b: Appletun|93\/100\n|-damage|p1b: Zapdos|25\/100|[from] item: Life Orb\n|move|p1a: Ninetales|Foul Play|p2b: Appletun\n|-damage|p2b: Appletun|78\/100\n|\n|-weather|Snow|[upkeep]\n|upkeep\n|turn|15\n|\n|t:|1699729613\n|move|p1a: Ninetales|Helping Hand|p1b: Zapdos\n|-singleturn|p1b: Zapdos|Helping Hand|[of] p1a: Ninetales\n|move|p2b: Appletun|Apple Acid|p1b: Zapdos\n|-resisted|p1b: Zapdos\n|-damage|p1b: Zapdos|9\/100\n|-unboost|p1b: Zapdos|spd|1\n|move|p1b: Zapdos|Heat Wave|p2b: Appletun\n|-supereffective|p2b: Appletun\n|-damage|p2b: Appletun|34\/100\n|-enditem|p2b: Appletun|Sitrus Berry|[eat]\n|-heal|p2b: Appletun|59\/100|[from] item: Sitrus Berry\n|-damage|p1b: Zapdos|0 fnt|[from] item: Life Orb\n|faint|p1b: Zapdos\n|\n|-weather|Snow|[upkeep]\n|-fieldend|move: Trick Room\n|upkeep\n|turn|16\n|\n|t:|1699729635\n|move|p1a: Ninetales|Foul Play|p2b: Appletun\n|-damage|p2b: Appletun|43\/100\n|move|p2b: Appletun|Giga Drain|p1a: Ninetales\n|-damage|p1a: Ninetales|42\/100\n|-heal|p2b: Appletun|50\/100|[from] drain|[of] p1a: Ninetales\n|\n|-weather|Snow|[upkeep]\n|upkeep\n|turn|17\n|\n|t:|1699729645\n|move|p1a: Ninetales|Foul Play|p2b: Appletun\n|-damage|p2b: Appletun|35\/100\n|move|p2b: Appletun|Giga Drain|p1a: Ninetales\n|-damage|p1a: Ninetales|25\/100\n|-heal|p2b: Appletun|41\/100|[from] drain|[of] p1a: Ninetales\n|\n|-weather|Snow|[upkeep]\n|-sideend|p1: Robluz|move: Aurora Veil\n|upkeep\n|turn|18\n|\n|t:|1699729658\n|move|p1a: Ninetales|Aurora Veil|p1a: Ninetales\n|-sidestart|p1: Robluz|move: Aurora Veil\n|move|p2b: Appletun|Apple Acid|p1a: Ninetales\n|-damage|p1a: Ninetales|6\/100\n|-unboost|p1a: Ninetales|spd|1\n|\n|-weather|none\n|upkeep\n|turn|19\n|\n|t:|1699729670\n|move|p1a: Ninetales|Foul Play|p2b: Appletun\n|-crit|p2b: Appletun\n|-damage|p2b: Appletun|19\/100\n|move|p2b: Appletun|Giga Drain|p1a: Ninetales\n|-damage|p1a: Ninetales|0 fnt\n|-heal|p2b: Appletun|21\/100|[from] drain|[of] p1a: Ninetales\n|faint|p1a: Ninetales\n|\n|win|Celebir\n|raw|Robluz's rating: 1228 &rarr; <strong>1203<\/strong><br \/>(-25 for losing)\n|raw|Celebir's rating: 1223 &rarr; <strong>1248<\/strong><br \/>(+25 for winning)\n","uploadtime":1699729679,"views":26,"p1id":"robluz","p2id":"celebir","formatid":"gen9doublesou","rating":1203,"private":0,"password":""}