{"id":"gen9doublesou-1979635333","p1":"abi558","p2":"RokuBlue","format":"[Gen 9] Doubles OU","log":"|j|\u2606abi558\n|j|\u2606RokuBlue\n|t:|1698698606\n|gametype|doubles\n|player|p1|abi558|2|1121\n|player|p2|RokuBlue|266|1175\n|teamsize|p1|6\n|teamsize|p2|6\n|gen|9\n|tier|[Gen 9] Doubles OU\n|rated|\n|rule|Species Clause: Limit one of each Pok\u00e9mon\n|rule|OHKO Clause: OHKO moves are banned\n|rule|Evasion Moves Clause: Evasion moves are banned\n|rule|Gravity Sleep Clause: The combination of sleep-inducing moves with imperfect accuracy and Gravity or Gigantamax Orbeetle are banned\n|rule|Endless Battle Clause: Forcing endless battles is banned\n|rule|HP Percentage Mod: HP is shown in percentages\n|clearpoke\n|poke|p1|Staraptor, F|\n|poke|p1|Gliscor, M|\n|poke|p1|Dipplin, F|\n|poke|p1|Ribombee, F|\n|poke|p1|Sylveon, M|\n|poke|p1|Landorus-Therian, M|\n|poke|p2|Iron Hands|\n|poke|p2|Sinistcha|\n|poke|p2|Clefairy, F|\n|poke|p2|Ninetales-Alola, F|\n|poke|p2|Baxcalibur, M|\n|poke|p2|Ogerpon-Hearthflame, F|\n|teampreview\n|\n|t:|1698698613\n|start\n|switch|p1a: Tooth Fairy|Ribombee, F, shiny|100\/100\n|switch|p1b: Sylvester|Sylveon, M, shiny|100\/100\n|switch|p2a: Ninetales|Ninetales-Alola, F, shiny|100\/100\n|switch|p2b: Clefairy|Clefairy, F|100\/100\n|-weather|Snow|[from] ability: Snow Warning|[of] p2a: Ninetales\n|turn|1\n|\n|t:|1698698673\n|move|p1a: Tooth Fairy|Quiver Dance|p1a: Tooth Fairy\n|-boost|p1a: Tooth Fairy|spa|1\n|-boost|p1a: Tooth Fairy|spd|1\n|-boost|p1a: Tooth Fairy|spe|1\n|move|p2a: Ninetales|Aurora Veil|p2a: Ninetales\n|-sidestart|p2: RokuBlue|move: Aurora Veil\n|move|p1b: Sylvester|Psych Up|p1a: Tooth Fairy\n|-copyboost|p1b: Sylvester|p1a: Tooth Fairy|[from] move: Psych Up\n|move|p2b: Clefairy|Icy Wind|p1b: Sylvester|[spread] p1a,p1b\n|-damage|p1a: Tooth Fairy|94\/100\n|-damage|p1b: Sylvester|97\/100\n|-unboost|p1b: Sylvester|spe|1\n|\n|-weather|Snow|[upkeep]\n|upkeep\n|turn|2\n|\n|t:|1698698713\n|switch|p2b: Iron Hands|Iron Hands|100\/100\n|move|p1a: Tooth Fairy|Quiver Dance|p1a: Tooth Fairy\n|-boost|p1a: Tooth Fairy|spa|1\n|-boost|p1a: Tooth Fairy|spd|1\n|-boost|p1a: Tooth Fairy|spe|1\n|move|p2a: Ninetales|Blizzard|p1b: Sylvester|[spread] p1a,p1b\n|-damage|p1a: Tooth Fairy|66\/100\n|-damage|p1b: Sylvester|79\/100\n|move|p1b: Sylvester|Hyper Voice|p2b: Iron Hands|[spread] p2a,p2b\n|-supereffective|p2b: Iron Hands\n|-damage|p2a: Ninetales|65\/100\n|-damage|p2b: Iron Hands|56\/100\n|\n|-weather|Snow|[upkeep]\n|-heal|p2a: Ninetales|72\/100|[from] item: Leftovers\n|upkeep\n|turn|3\n|\n|t:|1698698733\n|-terastallize|p1a: Tooth Fairy|Fairy\n|move|p2b: Iron Hands|Fake Out|p1b: Sylvester\n|-damage|p1b: Sylvester|63\/100\n|move|p1a: Tooth Fairy|Draining Kiss|p2b: Iron Hands\n|-supereffective|p2b: Iron Hands\n|-damage|p2b: Iron Hands|3\/100\n|-heal|p1a: Tooth Fairy|100\/100|[from] drain|[of] p2b: Iron Hands\n|move|p2a: Ninetales|Blizzard|p1b: Sylvester|[spread] p1a,p1b\n|-damage|p1a: Tooth Fairy|74\/100\n|-damage|p1b: Sylvester|47\/100\n|cant|p1b: Sylvester|flinch\n|\n|-weather|Snow|[upkeep]\n|-heal|p2a: Ninetales|78\/100|[from] item: Leftovers\n|upkeep\n|turn|4\n|\n|t:|1698698769\n|move|p1a: Tooth Fairy|Pollen Puff|p1b: Sylvester\n|-heal|p1b: Sylvester|97\/100\n|move|p2a: Ninetales|Blizzard|p1b: Sylvester|[spread] p1a,p1b\n|-damage|p1a: Tooth Fairy|47\/100\n|-damage|p1b: Sylvester|80\/100\n|move|p1b: Sylvester|Psych Up|p1a: Tooth Fairy\n|-copyboost|p1b: Sylvester|p1a: Tooth Fairy|[from] move: Psych Up\n|move|p2b: Iron Hands|Volt Switch|p1a: Tooth Fairy\n|-damage|p1a: Tooth Fairy|36\/100\n|\n|t:|1698698780\n|-end|p2b: Iron Hands|Quark Drive|[silent]\n|switch|p2b: Sinistcha|Sinistcha|100\/100|[from] Volt Switch\n|-heal|p2a: Ninetales|100\/100|[from] ability: Hospitality|[of] p2b: Sinistcha\n|\n|-weather|Snow|[upkeep]\n|upkeep\n|turn|5\n|\n|t:|1698698793\n|move|p1a: Tooth Fairy|Draining Kiss|p2b: Sinistcha\n|-damage|p2b: Sinistcha|53\/100\n|-heal|p1a: Tooth Fairy|80\/100|[from] drain|[of] p2b: Sinistcha\n|move|p1b: Sylvester|Hyper Voice|p2a: Ninetales|[spread] p2a,p2b\n|-damage|p2a: Ninetales|57\/100\n|-damage|p2b: Sinistcha|0 fnt\n|faint|p2b: Sinistcha\n|move|p2a: Ninetales|Blizzard|p1a: Tooth Fairy|[spread] p1a,p1b\n|-damage|p1a: Tooth Fairy|55\/100\n|-damage|p1b: Sylvester|67\/100\n|\n|-weather|none\n|-heal|p2a: Ninetales|63\/100|[from] item: Leftovers\n|-sideend|p2: RokuBlue|move: Aurora Veil\n|upkeep\n|\n|t:|1698698810\n|switch|p2b: Ogerpon|Ogerpon-Hearthflame, F|100\/100\n|-ability|p2b: Ogerpon|Mold Breaker\n|turn|6\n|\n|t:|1698698823\n|-terastallize|p2b: Ogerpon|Fire\n|detailschange|p2b: Ogerpon|Ogerpon-Hearthflame-Tera, F, tera:Fire\n|-ability|p2b: Ogerpon|Embody Aspect (Hearthflame)|boost\n|-boost|p2b: Ogerpon|atk|1\n|move|p2a: Ninetales|Helping Hand|p2b: Ogerpon\n|-singleturn|p2b: Ogerpon|Helping Hand|[of] p2a: Ninetales\n|move|p1a: Tooth Fairy|Pollen Puff|p2b: Ogerpon\n|-resisted|p2b: Ogerpon\n|-crit|p2b: Ogerpon\n|-damage|p2b: Ogerpon|38\/100\n|move|p1b: Sylvester|Psyshock|p2b: Ogerpon\n|-damage|p2b: Ogerpon|0 fnt\n|faint|p2b: Ogerpon\n|\n|-heal|p2a: Ninetales|69\/100|[from] item: Leftovers\n|upkeep\n|-message|RokuBlue forfeited.\n|\n|win|abi558\n|raw|abi558's rating: 1121 &rarr; <strong>1150<\/strong><br \/>(+29 for winning)\n|raw|RokuBlue's rating: 1175 &rarr; <strong>1146<\/strong><br \/>(-29 for losing)\n|l|\u2606RokuBlue\n","uploadtime":1698698845,"views":16,"p1id":"abi558","p2id":"rokublue","formatid":"gen9doublesou","rating":1146,"private":0,"password":""}