{"id":"gen9doublesou-1988386973","p1":"jojoeatsyuh","p2":"Hfhdyfyff","format":"[Gen 9] Doubles OU","log":"|j|\u2606jojoeatsyuh\n|j|\u2606Hfhdyfyff\n|t:|1699717161\n|gametype|doubles\n|player|p1|jojoeatsyuh|fantina|1000\n|player|p2|Hfhdyfyff|1|1000\n|teamsize|p1|6\n|teamsize|p2|3\n|gen|9\n|tier|[Gen 9] Doubles OU\n|rated|\n|rule|Species Clause: Limit one of each Pok\u00e9mon\n|rule|OHKO Clause: OHKO moves are banned\n|rule|Evasion Moves Clause: Evasion moves are banned\n|rule|Gravity Sleep Clause: The combination of sleep-inducing moves with imperfect accuracy and Gravity or Gigantamax Orbeetle are banned\n|rule|Endless Battle Clause: Forcing endless battles is banned\n|rule|HP Percentage Mod: HP is shown in percentages\n|clearpoke\n|poke|p1|Samurott-Hisui, F|\n|poke|p1|Sneasler, M|\n|poke|p1|Diancie|\n|poke|p1|Cresselia, F|\n|poke|p1|Dragonite, F|\n|poke|p1|Iron Hands|\n|poke|p2|Oricorio-Pom-Pom, M|\n|poke|p2|Volcarona, M|\n|poke|p2|Maushold|\n|teampreview\n|\n|t:|1699717171\n|start\n|switch|p1a: Samurott|Samurott-Hisui, F, shiny|100\/100\n|switch|p1b: Cresselia|Cresselia, F|100\/100\n|switch|p2a: Oricorio|Oricorio-Pom-Pom, M, shiny|100\/100\n|switch|p2b: Volcarona|Volcarona, M, shiny|100\/100\n|turn|1\n|\n|t:|1699717188\n|move|p2a: Oricorio|Protect|p2a: Oricorio\n|-singleturn|p2a: Oricorio|Protect\n|move|p2b: Volcarona|Quiver Dance|p2b: Volcarona\n|-boost|p2b: Volcarona|spa|1\n|-boost|p2b: Volcarona|spd|1\n|-boost|p2b: Volcarona|spe|1\n|-activate|p2a: Oricorio|ability: Dancer\n|move|p2a: Oricorio|Quiver Dance|p2a: Oricorio|[from]ability: Dancer\n|-boost|p2a: Oricorio|spa|1\n|-boost|p2a: Oricorio|spd|1\n|-boost|p2a: Oricorio|spe|1\n|move|p1a: Samurott|Aqua Cutter|p2b: Volcarona\n|-supereffective|p2b: Volcarona\n|-enditem|p2b: Volcarona|Focus Sash\n|-damage|p2b: Volcarona|1\/100\n|move|p1b: Cresselia|Light Screen|p1b: Cresselia\n|-sidestart|p1: jojoeatsyuh|move: Light Screen\n|\n|upkeep\n|turn|2\n|\n|t:|1699717223\n|move|p1a: Samurott|Sucker Punch||[still]\n|-fail|p1a: Samurott\n|move|p2b: Volcarona|Quiver Dance|p2b: Volcarona\n|-boost|p2b: Volcarona|spa|1\n|-boost|p2b: Volcarona|spd|1\n|-boost|p2b: Volcarona|spe|1\n|-activate|p2a: Oricorio|ability: Dancer\n|move|p2a: Oricorio|Quiver Dance|p2a: Oricorio|[from]ability: Dancer\n|-boost|p2a: Oricorio|spa|1\n|-boost|p2a: Oricorio|spd|1\n|-boost|p2a: Oricorio|spe|1\n|move|p2a: Oricorio|Revelation Dance|p1a: Samurott\n|-supereffective|p1a: Samurott\n|-damage|p1a: Samurott|24\/100\n|move|p1b: Cresselia|Lunar Blessing|p1b: Cresselia|[spread] p1a,p1b\n|-heal|p1a: Samurott|49\/100\n|\n|upkeep\n|turn|3\n|\n|t:|1699717249\n|move|p2a: Oricorio|Protect|p2a: Oricorio\n|-singleturn|p2a: Oricorio|Protect\n|move|p1a: Samurott|Sucker Punch||[still]\n|-fail|p1a: Samurott\n|move|p2b: Volcarona|Quiver Dance|p2b: Volcarona\n|-boost|p2b: Volcarona|spa|1\n|-boost|p2b: Volcarona|spd|1\n|-boost|p2b: Volcarona|spe|1\n|-activate|p2a: Oricorio|ability: Dancer\n|move|p2a: Oricorio|Quiver Dance|p2a: Oricorio|[from]ability: Dancer\n|-boost|p2a: Oricorio|spa|1\n|-boost|p2a: Oricorio|spd|1\n|-boost|p2a: Oricorio|spe|1\n|move|p1b: Cresselia|Lunar Blessing|p1b: Cresselia|[spread] p1a,p1b\n|-heal|p1a: Samurott|74\/100\n|\n|upkeep\n|turn|4\n|\n|t:|1699717269\n|move|p1b: Cresselia|Ally Switch|p1b: Cresselia\n|swap|p1b: Cresselia|0|[from] move: Ally Switch\n|move|p2b: Volcarona|Quiver Dance|p2b: Volcarona\n|-boost|p2b: Volcarona|spa|1\n|-boost|p2b: Volcarona|spd|1\n|-boost|p2b: Volcarona|spe|1\n|-activate|p2a: Oricorio|ability: Dancer\n|move|p2a: Oricorio|Quiver Dance|p2a: Oricorio|[from]ability: Dancer\n|-boost|p2a: Oricorio|spa|1\n|-boost|p2a: Oricorio|spd|1\n|-boost|p2a: Oricorio|spe|1\n|move|p2a: Oricorio|Revelation Dance|p1a: Cresselia\n|-damage|p1a: Cresselia|57\/100\n|move|p1b: Samurott|Aqua Cutter|p2b: Volcarona\n|-supereffective|p2b: Volcarona\n|-crit|p2b: Volcarona\n|-damage|p2b: Volcarona|0 fnt\n|faint|p2b: Volcarona\n|\n|upkeep\n|\n|t:|1699717288\n|switch|p2b: Maushold|Maushold, shiny|100\/100\n|turn|5\n|\n|t:|1699717305\n|move|p2b: Maushold|Follow Me|p2b: Maushold\n|-singleturn|p2b: Maushold|move: Follow Me\n|move|p1b: Samurott|Sucker Punch||[still]\n|-fail|p1b: Samurott\n|move|p2a: Oricorio|Revelation Dance|p1b: Samurott\n|-supereffective|p1b: Samurott\n|-damage|p1b: Samurott|0 fnt\n|faint|p1b: Samurott\n|move|p1a: Cresselia|Lunar Blessing|p1a: Cresselia\n|-heal|p1a: Cresselia|82\/100\n|\n|-sideend|p1: jojoeatsyuh|move: Light Screen\n|upkeep\n|\n|t:|1699717326\n|switch|p1b: Iron Hands|Iron Hands|100\/100\n|-enditem|p1b: Iron Hands|Booster Energy\n|-activate|p1b: Iron Hands|ability: Quark Drive|[fromitem]\n|-start|p1b: Iron Hands|quarkdriveatk\n|turn|6\n|\n|t:|1699717336\n|move|p1b: Iron Hands|Fake Out|p2a: Oricorio\n|-damage|p2a: Oricorio|76\/100\n|move|p2b: Maushold|Follow Me|p2b: Maushold\n|-singleturn|p2b: Maushold|move: Follow Me\n|cant|p2a: Oricorio|flinch\n|move|p1a: Cresselia|Lunar Blessing|p1a: Cresselia|[spread] p1a,p1b\n|-heal|p1a: Cresselia|100\/100\n|\n|-heal|p2a: Oricorio|83\/100|[from] item: Leftovers\n|upkeep\n|turn|7\n|\n|t:|1699717354\n|move|p1a: Cresselia|Ally Switch|p1a: Cresselia\n|swap|p1a: Cresselia|1|[from] move: Ally Switch\n|move|p2a: Oricorio|Quiver Dance|p2a: Oricorio\n|-boost|p2a: Oricorio|spa|1\n|-boost|p2a: Oricorio|spd|1\n|-boost|p2a: Oricorio|spe|1\n|move|p2b: Maushold|Encore|p1b: Cresselia\n|-start|p1b: Cresselia|Encore\n|move|p1a: Iron Hands|Thunder Punch|p2a: Oricorio\n|-damage|p2a: Oricorio|12\/100\n|\n|-heal|p2a: Oricorio|18\/100|[from] item: Leftovers\n|upkeep\n|turn|8\n|\n|t:|1699717382\n|move|p2b: Maushold|Follow Me|p2b: Maushold\n|-singleturn|p2b: Maushold|move: Follow Me\n|move|p1b: Cresselia|Ally Switch|p1b: Cresselia\n|swap|p1b: Cresselia|0|[from] move: Ally Switch\n|move|p2a: Oricorio|Revelation Dance|p1a: Cresselia\n|-damage|p1a: Cresselia|33\/100\n|move|p1b: Iron Hands|Drain Punch|p2b: Maushold\n|-supereffective|p2b: Maushold\n|-damage|p2b: Maushold|0 fnt\n|faint|p2b: Maushold\n|\n|-heal|p2a: Oricorio|25\/100|[from] item: Leftovers\n|upkeep\n|turn|9\n|\n|t:|1699717399\n|move|p1a: Cresselia|Ally Switch||[still]\n|-fail|p1a: Cresselia\n|move|p2a: Oricorio|Revelation Dance|p1a: Cresselia\n|-damage|p1a: Cresselia|0 fnt\n|faint|p1a: Cresselia\n|move|p1b: Iron Hands|Thunder Punch|p2a: Oricorio\n|-damage|p2a: Oricorio|0 fnt\n|faint|p2a: Oricorio\n|\n|win|jojoeatsyuh\n|raw|jojoeatsyuh's rating: 1000 &rarr; <strong>1040<\/strong><br \/>(+40 for winning)\n|raw|Hfhdyfyff's rating: 1000 &rarr; <strong>1000<\/strong><br \/>(+0 for losing)\n","uploadtime":1699717416,"views":8,"p1id":"jojoeatsyuh","p2id":"hfhdyfyff","formatid":"gen9doublesou","rating":1000,"private":0,"password":""}