{"id":"gen9doublesou-1996042705","p1":"Jackmim","p2":"Magboo1176","format":"[Gen 9] Doubles OU","log":"|j|\u2606Jackmim\n|j|\u2606Magboo1176\n|t:|1700634193\n|gametype|doubles\n|player|p1|Jackmim|teamrocket|1091\n|player|p2|Magboo1176|ethan|1067\n|teamsize|p1|6\n|teamsize|p2|6\n|gen|9\n|tier|[Gen 9] Doubles OU\n|rated|\n|rule|Species Clause: Limit one of each Pok\u00e9mon\n|rule|OHKO Clause: OHKO moves are banned\n|rule|Evasion Moves Clause: Evasion moves are banned\n|rule|Gravity Sleep Clause: The combination of sleep-inducing moves with imperfect accuracy and Gravity or Gigantamax Orbeetle are banned\n|rule|Endless Battle Clause: Forcing endless battles is banned\n|rule|HP Percentage Mod: HP is shown in percentages\n|clearpoke\n|poke|p1|Inteleon, F|\n|poke|p1|Palafin, M|\n|poke|p1|Pelipper, F|\n|poke|p1|Overqwil, M|\n|poke|p1|Lumineon, F|\n|poke|p1|Gastrodon, F|\n|poke|p2|Sneasler, M|\n|poke|p2|Rillaboom, M|\n|poke|p2|Flutter Mane|\n|poke|p2|Murkrow, M|\n|poke|p2|Indeedee-F, F|\n|poke|p2|Ursaluna, F|\n|teampreview\n|\n|t:|1700634200\n|start\n|switch|p1a: Lady Nagant|Inteleon, F, shiny|100\/100\n|switch|p1b: Crowned Hero|Palafin, M, shiny|100\/100\n|switch|p2a: Sneasler|Sneasler, M, shiny|100\/100\n|switch|p2b: Rillaboom|Rillaboom, M|100\/100\n|-fieldstart|move: Grassy Terrain|[from] ability: Grassy Surge|[of] p2b: Rillaboom\n|-enditem|p2a: Sneasler|Grassy Seed\n|-boost|p2a: Sneasler|def|1|[from] item: Grassy Seed\n|turn|1\n|\n|t:|1700634217\n|move|p2b: Rillaboom|Fake Out|p1a: Lady Nagant\n|-enditem|p2b: Rillaboom|Normal Gem|[from] gem\n|-damage|p1a: Lady Nagant|68\/100\n|move|p2a: Sneasler|Acrobatics|p1a: Lady Nagant\n|-damage|p1a: Lady Nagant|0 fnt\n|faint|p1a: Lady Nagant\n|move|p1b: Crowned Hero|Flip Turn|p2a: Sneasler\n|-damage|p2a: Sneasler|75\/100\n|\n|t:|1700634226\n|detailschange|p1b: Crowned Hero|Palafin-Hero, M, shiny\n|switch|p1b: Pilot Hero|Pelipper, F, shiny|100\/100|[from] Flip Turn\n|\n|-heal|p2a: Sneasler|81\/100|[from] Grassy Terrain\n|upkeep\n|\n|t:|1700634231\n|switch|p1a: Spiked Supervisor|Overqwil, M, shiny|100\/100\n|turn|2\n|c|\u2606Magboo1176|??? no drizzle?\n|c|\u2606Jackmim|I forgot to turn on the faucet...\n|\n|t:|1700634258\n|-terastallize|p2a: Sneasler|Flying\n|move|p2b: Rillaboom|Grassy Glide|p1b: Pilot Hero\n|-damage|p1b: Pilot Hero|63\/100\n|move|p2a: Sneasler|Acrobatics|p1b: Pilot Hero\n|-damage|p1b: Pilot Hero|1\/100\n|move|p1a: Spiked Supervisor|Toxic|p2b: Rillaboom\n|-status|p2b: Rillaboom|tox\n|move|p1b: Pilot Hero|Rain Dance|p1b: Pilot Hero\n|-weather|RainDance\n|\n|-weather|RainDance|[upkeep]\n|-heal|p1b: Pilot Hero|7\/100|[from] ability: Rain Dish\n|-damage|p2b: Rillaboom|94\/100 tox|[from] psn\n|upkeep\n|turn|3\n|c|\u2606Jackmim|Got a drunk pilot here....\n|c|\u2606Magboo1176|ah\n|c|\u2606Magboo1176|names make sense lol\n|\n|t:|1700634292\n|move|p2b: Rillaboom|Grassy Glide|p1b: Pilot Hero\n|-damage|p1b: Pilot Hero|0 fnt\n|faint|p1b: Pilot Hero\n|move|p2a: Sneasler|Close Combat|p1a: Spiked Supervisor\n|-damage|p1a: Spiked Supervisor|24\/100\n|-unboost|p2a: Sneasler|def|1\n|-unboost|p2a: Sneasler|spd|1\n|-damage|p2a: Sneasler|64\/100|[from] item: Rocky Helmet|[of] p1a: Spiked Supervisor\n|move|p1a: Spiked Supervisor|Crunch|p2a: Sneasler\n|-damage|p2a: Sneasler|0 fnt\n|faint|p2a: Sneasler\n|\n|-weather|RainDance|[upkeep]\n|-heal|p1a: Spiked Supervisor|30\/100|[from] Grassy Terrain\n|-heal|p2b: Rillaboom|100\/100 tox|[from] Grassy Terrain\n|-damage|p2b: Rillaboom|88\/100 tox|[from] psn\n|upkeep\n|c|\u2606Jackmim|ROFL\n|\n|t:|1700634331\n|switch|p2a: Murkrow|Murkrow, M|100\/100\n|switch|p1b: Crowned Hero|Palafin-Hero, M, shiny|100\/100\n|-activate|p1b: Crowned Hero|ability: Zero to Hero\n|turn|4\n|\n|t:|1700634350\n|move|p2b: Rillaboom|Grassy Glide|p1b: Crowned Hero\n|-supereffective|p1b: Crowned Hero\n|-damage|p1b: Crowned Hero|31\/100\n|move|p2a: Murkrow|Sunny Day|p2a: Murkrow\n|-weather|SunnyDay\n|move|p1b: Crowned Hero|Ice Punch|p2b: Rillaboom\n|-supereffective|p2b: Rillaboom\n|-damage|p2b: Rillaboom|17\/100 tox\n|move|p1a: Spiked Supervisor|Liquidation|p2a: Murkrow\n|-damage|p2a: Murkrow|80\/100\n|\n|-weather|SunnyDay|[upkeep]\n|-heal|p1b: Crowned Hero|37\/100|[from] Grassy Terrain\n|-heal|p2b: Rillaboom|23\/100 tox|[from] Grassy Terrain\n|-heal|p1a: Spiked Supervisor|36\/100|[from] Grassy Terrain\n|-damage|p2b: Rillaboom|4\/100 tox|[from] psn\n|upkeep\n|turn|5\n|\n|t:|1700634383\n|switch|p1b: Mer-Heroine|Lumineon, F, shiny|100\/100\n|switch|p2b: Indeedee|Indeedee-F, F|100\/100\n|-fieldstart|move: Psychic Terrain|[from] ability: Psychic Surge|[of] p2b: Indeedee\n|move|p2a: Murkrow|Tailwind|p2a: Murkrow\n|-sidestart|p2: Magboo1176|move: Tailwind\n|move|p1a: Spiked Supervisor|Toxic|p2a: Murkrow\n|-status|p2a: Murkrow|tox\n|\n|-weather|SunnyDay|[upkeep]\n|-damage|p2a: Murkrow|74\/100 tox|[from] psn\n|upkeep\n|turn|6\n|\n|t:|1700634401\n|switch|p2b: Flutter Mane|Flutter Mane|100\/100\n|-activate|p2b: Flutter Mane|ability: Protosynthesis\n|-start|p2b: Flutter Mane|protosynthesisspe\n|move|p2a: Murkrow|Thunder Wave|p1b: Mer-Heroine\n|-activate|p1b: Mer-Heroine|move: Psychic Terrain\n|move|p1b: Mer-Heroine|Aqua Ring|p1b: Mer-Heroine\n|-start|p1b: Mer-Heroine|Aqua Ring\n|move|p1a: Spiked Supervisor|Crunch|p2b: Flutter Mane\n|-crit|p2b: Flutter Mane\n|-damage|p2b: Flutter Mane|0 fnt\n|faint|p2b: Flutter Mane\n|-end|p2b: Flutter Mane|Protosynthesis|[silent]\n|\n|-weather|SunnyDay|[upkeep]\n|-damage|p2a: Murkrow|61\/100 tox|[from] psn\n|upkeep\n|\n|t:|1700634413\n|switch|p2b: Rillaboom|Rillaboom, M|4\/100 tox\n|-fieldstart|move: Grassy Terrain|[from] ability: Grassy Surge|[of] p2b: Rillaboom\n|turn|7\n|\n|t:|1700634424\n|move|p2b: Rillaboom|Grassy Glide|p1b: Mer-Heroine\n|-supereffective|p1b: Mer-Heroine\n|-damage|p1b: Mer-Heroine|0 fnt\n|faint|p1b: Mer-Heroine\n|move|p2a: Murkrow|Thunder Wave|p1a: Spiked Supervisor\n|-hint|Since gen 7, Dark is immune to Prankster moves.\n|-immune|p1a: Spiked Supervisor\n|move|p1a: Spiked Supervisor|Spikes|p2a: Murkrow\n|-sidestart|p2: Magboo1176|Spikes\n|\n|-weather|SunnyDay|[upkeep]\n|-heal|p2b: Rillaboom|10\/100 tox|[from] Grassy Terrain\n|-heal|p1a: Spiked Supervisor|42\/100|[from] Grassy Terrain\n|-damage|p2b: Rillaboom|4\/100 tox|[from] psn\n|-damage|p2a: Murkrow|43\/100 tox|[from] psn\n|upkeep\n|\n|t:|1700634442\n|switch|p1b: Crowned Hero|Palafin-Hero, M, shiny|37\/100\n|turn|8\n|\n|t:|1700634463\n|switch|p1b: Escargot|Gastrodon, F, shiny|100\/100\n|move|p2b: Rillaboom|Grassy Glide|p1b: Escargot\n|-supereffective|p1b: Escargot\n|-damage|p1b: Escargot|0 fnt\n|faint|p1b: Escargot\n|move|p2a: Murkrow|Thunder Wave|p1a: Spiked Supervisor\n|-hint|Since gen 7, Dark is immune to Prankster moves.\n|-immune|p1a: Spiked Supervisor\n|move|p1a: Spiked Supervisor|Liquidation|p2b: Rillaboom\n|-resisted|p2b: Rillaboom\n|-damage|p2b: Rillaboom|0 fnt\n|faint|p2b: Rillaboom\n|\n|-weather|none\n|-heal|p1a: Spiked Supervisor|48\/100|[from] Grassy Terrain\n|-damage|p2a: Murkrow|18\/100 tox|[from] psn\n|-sideend|p2: Magboo1176|move: Tailwind\n|upkeep\n|\n|t:|1700634510\n|switch|p2b: Ursaluna|Ursaluna, F|100\/100\n|switch|p1b: Crowned Hero|Palafin-Hero, M, shiny|37\/100\n|-damage|p2b: Ursaluna|88\/100|[from] Spikes\n|turn|9\n|\n|t:|1700634531\n|move|p2a: Murkrow|Thunder Wave|p1b: Crowned Hero\n|-status|p1b: Crowned Hero|par\n|move|p1a: Spiked Supervisor|Crunch|p2b: Ursaluna\n|-damage|p2b: Ursaluna|58\/100\n|move|p1b: Crowned Hero|Wave Crash|p2b: Ursaluna\n|-supereffective|p2b: Ursaluna\n|-damage|p2b: Ursaluna|0 fnt\n|faint|p2b: Ursaluna\n|-damage|p1b: Crowned Hero|12\/100 par|[from] Recoil\n|\n|-heal|p1a: Spiked Supervisor|55\/100|[from] Grassy Terrain\n|-heal|p1b: Crowned Hero|18\/100 par|[from] Grassy Terrain\n|-damage|p2a: Murkrow|0 fnt|[from] psn\n|faint|p2a: Murkrow\n|upkeep\n|\n|t:|1700634556\n|switch|p2b: Indeedee|Indeedee-F, F|100\/100\n|-damage|p2b: Indeedee|88\/100|[from] Spikes\n|-fieldstart|move: Psychic Terrain|[from] ability: Psychic Surge|[of] p2b: Indeedee\n|turn|10\n|\n|t:|1700634567\n|-terastallize|p1a: Spiked Supervisor|Dark\n|move|p1a: Spiked Supervisor|Crunch|p2b: Indeedee\n|-supereffective|p2b: Indeedee\n|-damage|p2b: Indeedee|0 fnt\n|faint|p2b: Indeedee\n|\n|win|Jackmim\n|raw|Jackmim's rating: 1091 &rarr; <strong>1116<\/strong><br \/>(+25 for winning)\n|raw|Magboo1176's rating: 1067 &rarr; <strong>1048<\/strong><br \/>(-19 for losing)\n|l|\u2606Magboo1176\n|c|\u2606Jackmim|gg\n","uploadtime":1700634576,"views":6,"p1id":"jackmim","p2id":"magboo1176","formatid":"gen9doublesou","rating":1048,"private":0,"password":""}