{"id":"gen9doublesou-1998576670","p1":"Pikablaster","p2":"ByronPlayer","format":"[Gen 9] Doubles OU","log":"|j|\u2606Pikablaster\n|j|\u2606ByronPlayer\n|t:|1700958443\n|gametype|doubles\n|player|p1|Pikablaster|2|1375\n|player|p2|ByronPlayer|101|1278\n|teamsize|p1|6\n|teamsize|p2|6\n|gen|9\n|tier|[Gen 9] Doubles OU\n|rated|\n|rule|Species Clause: Limit one of each Pok\u00e9mon\n|rule|OHKO Clause: OHKO moves are banned\n|rule|Evasion Moves Clause: Evasion moves are banned\n|rule|Gravity Sleep Clause: The combination of sleep-inducing moves with imperfect accuracy and Gravity or Gigantamax Orbeetle are banned\n|rule|Endless Battle Clause: Forcing endless battles is banned\n|rule|HP Percentage Mod: HP is shown in percentages\n|clearpoke\n|poke|p1|Armarouge, F|\n|poke|p1|Indeedee-F, F|\n|poke|p1|Diancie|\n|poke|p1|Glastrier|\n|poke|p1|Dunsparce, M|\n|poke|p1|Torkoal, M|\n|poke|p2|Ludicolo, F|\n|poke|p2|Politoed, F|\n|poke|p2|Overqwil, M|\n|poke|p2|Pelipper, F|\n|poke|p2|Barraskewda, F|\n|poke|p2|Klefki, F|\n|teampreview\n|inactive|Battle timer is ON: inactive players will automatically lose when time's up. (requested by Pikablaster)\n|inactive|ByronPlayer has 120 seconds left.\n|inactive|ByronPlayer has 90 seconds left.\n|l|\u2606Pikablaster\n|inactive|Pikablaster disconnected and has a minute to reconnect!\n|player|p1|\n|\n|t:|1700958513\n|start\n|switch|p1a: Indeedee|Indeedee-F, F, shiny|100\/100\n|switch|p1b: Dunsparce|Dunsparce, M, shiny|100\/100\n|switch|p2a: Barraskewda|Barraskewda, F|100\/100\n|switch|p2b: Klefki|Klefki, F|100\/100\n|-fieldstart|move: Psychic Terrain|[from] ability: Psychic Surge|[of] p1a: Indeedee\n|turn|1\n|j|\u2606Pikablaster\n|inactive|Pikablaster reconnected and has 150 seconds left.\n|player|p1|Pikablaster|2\n|\n|t:|1700958535\n|switch|p1a: Glastrier|Glastrier|100\/100\n|-terastallize|p2a: Barraskewda|Water\n|move|p2b: Klefki|Rain Dance|p2b: Klefki\n|-weather|RainDance\n|move|p2a: Barraskewda|Liquidation|p1a: Glastrier\n|-damage|p1a: Glastrier|0 fnt\n|faint|p1a: Glastrier\n|move|p1b: Dunsparce|Coil|p1b: Dunsparce\n|-boost|p1b: Dunsparce|atk|1\n|-boost|p1b: Dunsparce|def|1\n|-boost|p1b: Dunsparce|accuracy|1\n|\n|-weather|RainDance|[upkeep]\n|upkeep\n|inactive|Pikablaster has 120 seconds left.\n|\n|t:|1700958564\n|switch|p1a: Indeedee|Indeedee-F, F, shiny|100\/100\n|turn|2\n|\n|t:|1700958578\n|move|p2b: Klefki|Spikes|p1a: Indeedee\n|-sidestart|p1: Pikablaster|Spikes\n|move|p2a: Barraskewda|Liquidation|p1a: Indeedee\n|-damage|p1a: Indeedee|0 fnt\n|faint|p1a: Indeedee\n|move|p1b: Dunsparce|Body Slam|p2a: Barraskewda\n|-damage|p2a: Barraskewda|4\/100\n|\n|-weather|RainDance|[upkeep]\n|upkeep\n|inactive|Pikablaster has 120 seconds left.\n|\n|t:|1700958591\n|switch|p1a: Torkoal|Torkoal, M, shiny|100\/100\n|-damage|p1a: Torkoal|88\/100|[from] Spikes\n|-weather|SunnyDay|[from] ability: Drought|[of] p1a: Torkoal\n|turn|3\n|\n|t:|1700958604\n|switch|p2b: Politoed|Politoed, F|100\/100\n|-weather|RainDance|[from] ability: Drizzle|[of] p2b: Politoed\n|move|p1a: Torkoal|Protect|p1a: Torkoal\n|-singleturn|p1a: Torkoal|Protect\n|move|p2a: Barraskewda|Liquidation|p1a: Torkoal\n|-activate|p1a: Torkoal|move: Protect\n|move|p1b: Dunsparce|Rock Slide|p2a: Barraskewda|[spread] p2a,p2b\n|-damage|p2a: Barraskewda|0 fnt\n|-damage|p2b: Politoed|72\/100\n|faint|p2a: Barraskewda\n|-enditem|p2b: Politoed|Eject Button\n|\n|t:|1700958608\n|switch|p2b: Klefki|Klefki, F|100\/100\n|\n|-weather|RainDance|[upkeep]\n|upkeep\n|\n|t:|1700958615\n|switch|p2a: Pelipper|Pelipper, F, shiny|100\/100\n|turn|4\n|\n|t:|1700958632\n|switch|p1a: Armarouge|Armarouge, F, shiny|100\/100\n|-damage|p1a: Armarouge|88\/100|[from] Spikes\n|move|p2b: Klefki|Light Screen|p2b: Klefki\n|-sidestart|p2: ByronPlayer|move: Light Screen\n|move|p2a: Pelipper|Surf|p1a: Armarouge|[spread] p2b,p1a,p1b\n|-supereffective|p1a: Armarouge\n|-damage|p2b: Klefki|62\/100\n|-damage|p1a: Armarouge|0 fnt\n|-damage|p1b: Dunsparce|61\/100\n|faint|p1a: Armarouge\n|move|p1b: Dunsparce|Coil|p1b: Dunsparce\n|-boost|p1b: Dunsparce|atk|1\n|-boost|p1b: Dunsparce|def|1\n|-boost|p1b: Dunsparce|accuracy|1\n|\n|-weather|RainDance|[upkeep]\n|upkeep\n|\n|t:|1700958648\n|switch|p1a: Torkoal|Torkoal, M, shiny|88\/100\n|-damage|p1a: Torkoal|76\/100|[from] Spikes\n|-weather|SunnyDay|[from] ability: Drought|[of] p1a: Torkoal\n|turn|5\n|\n|t:|1700958664\n|move|p2b: Klefki|Rain Dance|p2b: Klefki\n|-weather|RainDance\n|move|p2a: Pelipper|Surf|p1b: Dunsparce|[spread] p2b,p1a,p1b\n|-supereffective|p1a: Torkoal\n|-damage|p2b: Klefki|26\/100\n|-damage|p1a: Torkoal|0 fnt\n|-damage|p1b: Dunsparce|26\/100\n|faint|p1a: Torkoal\n|move|p1b: Dunsparce|Coil|p1b: Dunsparce\n|-boost|p1b: Dunsparce|atk|1\n|-boost|p1b: Dunsparce|def|1\n|-boost|p1b: Dunsparce|accuracy|1\n|\n|-weather|RainDance|[upkeep]\n|upkeep\n|\n|t:|1700958674\n|switch|p1a: Diancie|Diancie, shiny|100\/100\n|-damage|p1a: Diancie|88\/100|[from] Spikes\n|turn|6\n|\n|t:|1700958690\n|-terastallize|p1a: Diancie|Grass\n|move|p1b: Dunsparce|Protect|p1b: Dunsparce\n|-singleturn|p1b: Dunsparce|Protect\n|move|p2b: Klefki|Reflect|p2b: Klefki\n|-sidestart|p2: ByronPlayer|Reflect\n|move|p2a: Pelipper|Surf|p1b: Dunsparce|[spread] p2b,p1a\n|-activate|p1b: Dunsparce|move: Protect\n|-resisted|p1a: Diancie\n|-damage|p2b: Klefki|0 fnt\n|-damage|p1a: Diancie|70\/100\n|faint|p2b: Klefki\n|move|p1a: Diancie|Trick Room|p1a: Diancie\n|-fieldstart|move: Trick Room|[of] p1a: Diancie\n|\n|-weather|RainDance|[upkeep]\n|upkeep\n|\n|t:|1700958694\n|switch|p2b: Overqwil|Overqwil, M, shiny|100\/100\n|turn|7\n|\n|t:|1700958710\n|move|p1b: Dunsparce|Rock Slide|p2b: Overqwil|[spread] p2a,p2b\n|-supereffective|p2a: Pelipper\n|-damage|p2a: Pelipper|49\/100\n|-damage|p2b: Overqwil|75\/100\n|move|p1a: Diancie|Diamond Storm|p2a: Pelipper|[spread] p2a,p2b\n|-supereffective|p2a: Pelipper\n|-damage|p2a: Pelipper|13\/100\n|-damage|p2b: Overqwil|56\/100\n|-boost|p1a: Diancie|def|2\n|cant|p2a: Pelipper|flinch\n|cant|p2b: Overqwil|flinch\n|\n|-weather|RainDance|[upkeep]\n|upkeep\n|turn|8\n|\n|t:|1700958730\n|move|p1b: Dunsparce|Rock Slide|p2a: Pelipper|[spread] p2a,p2b\n|-supereffective|p2a: Pelipper\n|-damage|p2a: Pelipper|0 fnt\n|-damage|p2b: Overqwil|28\/100\n|faint|p2a: Pelipper\n|move|p1a: Diancie|Diamond Storm|p2b: Overqwil\n|-damage|p2b: Overqwil|2\/100\n|-boost|p1a: Diancie|def|2\n|cant|p2b: Overqwil|flinch\n|\n|-weather|RainDance|[upkeep]\n|-fieldend|move: Psychic Terrain\n|upkeep\n|\n|t:|1700958733\n|switch|p2a: Politoed|Politoed, F|72\/100\n|turn|9\n|\n|t:|1700958747\n|move|p1b: Dunsparce|Rock Slide|p2b: Overqwil|[spread] p2a,p2b\n|-damage|p2a: Politoed|39\/100\n|-damage|p2b: Overqwil|0 fnt\n|faint|p2b: Overqwil\n|move|p1a: Diancie|Diamond Storm|p2a: Politoed\n|-damage|p2a: Politoed|5\/100\n|-boost|p1a: Diancie|def|2\n|cant|p2a: Politoed|flinch\n|\n|-weather|none\n|upkeep\n|\n|t:|1700958759\n|switch|p2b: Ludicolo|Ludicolo, F, shiny|100\/100\n|turn|10\n|c|\u2606Pikablaster|Lol\n|\n|t:|1700958768\n|move|p1b: Dunsparce|Rock Slide|p2a: Politoed|[spread] p2a,p2b\n|-damage|p2a: Politoed|0 fnt\n|-damage|p2b: Ludicolo|67\/100\n|faint|p2a: Politoed\n|move|p1a: Diancie|Body Press|p2b: Ludicolo\n|-damage|p2b: Ludicolo|0 fnt\n|faint|p2b: Ludicolo\n|\n|win|Pikablaster\n|raw|Pikablaster's rating: 1375 &rarr; <strong>1390<\/strong><br \/>(+15 for winning)\n|raw|ByronPlayer's rating: 1278 &rarr; <strong>1260<\/strong><br \/>(-18 for losing)\n|l|\u2606ByronPlayer\n","uploadtime":1700958779,"views":11,"p1id":"pikablaster","p2id":"byronplayer","formatid":"gen9doublesou","rating":1260,"private":0,"password":""}