{"id":"gen9doublesou-1970634874","p1":"Gorefield979","p2":"SXD2002","format":"[Gen 9] Doubles OU","log":"|j|\u2606Gorefield979\n|j|\u2606SXD2002\n|t:|1697654103\n|gametype|doubles\n|player|p1|Gorefield979|swimmerf-gen4dp|1136\n|player|p2|SXD2002|silver-masters|1073\n|teamsize|p1|6\n|teamsize|p2|4\n|gen|9\n|tier|[Gen 9] Doubles OU\n|rated|\n|rule|Species Clause: Limit one of each Pok\u00e9mon\n|rule|OHKO Clause: OHKO moves are banned\n|rule|Evasion Moves Clause: Evasion moves are banned\n|rule|Gravity Sleep Clause: The combination of sleep-inducing moves with imperfect accuracy and Gravity or Gigantamax Orbeetle are banned\n|rule|Endless Battle Clause: Forcing endless battles is banned\n|rule|HP Percentage Mod: HP is shown in percentages\n|clearpoke\n|poke|p1|Sylveon, F|\n|poke|p1|Goodra-Hisui, F|\n|poke|p1|Gliscor, M|\n|poke|p1|Ogerpon-Wellspring, F|\n|poke|p1|Dragonite, F|\n|poke|p1|Amoonguss, M|\n|poke|p2|Lurantis, F|\n|poke|p2|Murkrow, F|\n|poke|p2|Grimmsnarl, M|\n|poke|p2|Clefairy, M|\n|teampreview\n|inactive|Battle timer is ON: inactive players will automatically lose when time's up. (requested by SXD2002)\n|\n|t:|1697654123\n|start\n|switch|p1a: Ogerpon|Ogerpon-Wellspring, F|100\/100\n|switch|p1b: Goodra|Goodra-Hisui, F|100\/100\n|switch|p2a: Grimmsnarl|Grimmsnarl, M|100\/100\n|switch|p2b: Lurantis|Lurantis, F|100\/100\n|turn|1\n|\n|t:|1697654151\n|move|p2a: Grimmsnarl|Scary Face|p2b: Lurantis\n|-boost|p2b: Lurantis|spe|2\n|move|p1a: Ogerpon|Taunt|p2a: Grimmsnarl\n|-start|p2a: Grimmsnarl|move: Taunt\n|move|p2b: Lurantis|Superpower|p1b: Goodra\n|-supereffective|p1b: Goodra\n|-damage|p1b: Goodra|63\/100\n|-boost|p2b: Lurantis|atk|1\n|-boost|p2b: Lurantis|def|1\n|move|p1b: Goodra|Iron Head|p2a: Grimmsnarl\n|-supereffective|p2a: Grimmsnarl\n|-damage|p2a: Grimmsnarl|43\/100\n|\n|-heal|p1b: Goodra|69\/100|[from] item: Leftovers\n|-heal|p2a: Grimmsnarl|49\/100|[from] item: Leftovers\n|upkeep\n|turn|2\n|inactive|Gorefield979 has 120 seconds left.\n|\n|t:|1697654188\n|switch|p2a: Murkrow|Murkrow, F|100\/100\n|move|p1a: Ogerpon|Spiky Shield|p1a: Ogerpon\n|-singleturn|p1a: Ogerpon|move: Protect\n|move|p2b: Lurantis|Superpower|p1b: Goodra\n|-supereffective|p1b: Goodra\n|-damage|p1b: Goodra|8\/100\n|-boost|p2b: Lurantis|atk|1\n|-boost|p2b: Lurantis|def|1\n|move|p1b: Goodra|Surf|p2a: Murkrow|[spread] p2a,p2b\n|-activate|p1a: Ogerpon|move: Protect\n|-resisted|p2b: Lurantis\n|-damage|p2a: Murkrow|87\/100\n|-damage|p2b: Lurantis|94\/100\n|\n|-heal|p2b: Lurantis|100\/100|[from] item: Leftovers\n|-heal|p1b: Goodra|14\/100|[from] item: Leftovers\n|upkeep\n|turn|3\n|inactive|Gorefield979 has 120 seconds left.\n|\n|t:|1697654226\n|move|p2a: Murkrow|Screech|p2b: Lurantis\n|-boost|p2b: Lurantis|def|2\n|move|p1a: Ogerpon|Taunt|p2a: Murkrow\n|-start|p2a: Murkrow|move: Taunt\n|move|p2b: Lurantis|Superpower|p1a: Ogerpon\n|-damage|p1a: Ogerpon|27\/100\n|-boost|p2b: Lurantis|atk|1\n|-boost|p2b: Lurantis|def|1\n|move|p1b: Goodra|Iron Head|p2b: Lurantis\n|-damage|p2b: Lurantis|93\/100\n|\n|-heal|p2b: Lurantis|99\/100|[from] item: Leftovers\n|-heal|p1b: Goodra|20\/100|[from] item: Leftovers\n|upkeep\n|turn|4\n|inactive|Gorefield979 has 120 seconds left.\n|\n|t:|1697654247\n|switch|p2a: Grimmsnarl|Grimmsnarl, M|49\/100\n|move|p1a: Ogerpon|Spiky Shield|p1a: Ogerpon\n|-singleturn|p1a: Ogerpon|move: Protect\n|move|p2b: Lurantis|Leaf Storm|p1a: Ogerpon\n|-activate|p1a: Ogerpon|move: Protect\n|move|p1b: Goodra|Acid Spray|p2b: Lurantis\n|-supereffective|p2b: Lurantis\n|-damage|p2b: Lurantis|83\/100\n|-boost|p2b: Lurantis|spd|2\n|\n|-heal|p2b: Lurantis|89\/100|[from] item: Leftovers\n|-heal|p2a: Grimmsnarl|55\/100|[from] item: Leftovers\n|-heal|p1b: Goodra|26\/100|[from] item: Leftovers\n|upkeep\n|turn|5\n|inactive|Gorefield979 has 120 seconds left.\n|\n|t:|1697654271\n|move|p2a: Grimmsnarl|Fake Tears|p2b: Lurantis\n|-boost|p2b: Lurantis|spd|2\n|move|p1a: Ogerpon|Taunt|p2a: Grimmsnarl\n|-start|p2a: Grimmsnarl|move: Taunt\n|move|p2b: Lurantis|Leaf Storm|p1a: Ogerpon\n|-damage|p1a: Ogerpon|0 fnt\n|-boost|p2b: Lurantis|spa|2\n|faint|p1a: Ogerpon\n|move|p1b: Goodra|Iron Head|p2b: Lurantis\n|-damage|p2b: Lurantis|82\/100\n|\n|-heal|p2b: Lurantis|88\/100|[from] item: Leftovers\n|-heal|p2a: Grimmsnarl|61\/100|[from] item: Leftovers\n|-heal|p1b: Goodra|32\/100|[from] item: Leftovers\n|upkeep\n|inactive|Gorefield979 has 120 seconds left.\n|\n|t:|1697654285\n|switch|p1a: Amoonguss|Amoonguss, M|100\/100\n|turn|6\n|-message|Gorefield979 forfeited.\n|\n|win|SXD2002\n|raw|Gorefield979's rating: 1136 &rarr; <strong>1107<\/strong><br \/>(-29 for losing)\n|raw|SXD2002's rating: 1073 &rarr; <strong>1107<\/strong><br \/>(+34 for winning)\n|l|\u2606Gorefield979\n","uploadtime":1697654295,"views":6,"p1id":"gorefield979","p2id":"sxd2002","formatid":"gen9doublesou","rating":1107,"private":0,"password":""}