{"id":"gen9doublesou-1976300674","p1":"Kongojongo","p2":"Macroboom","format":"[Gen 9] Doubles OU","log":"|j|\u2606Kongojongo\n|j|\u2606Macroboom\n|t:|1698283987\n|gametype|doubles\n|player|p1|Kongojongo|harlequin|1118\n|player|p2|Macroboom|2|1101\n|teamsize|p1|6\n|teamsize|p2|6\n|gen|9\n|tier|[Gen 9] Doubles OU\n|rated|\n|rule|Species Clause: Limit one of each Pok\u00e9mon\n|rule|OHKO Clause: OHKO moves are banned\n|rule|Evasion Moves Clause: Evasion moves are banned\n|rule|Gravity Sleep Clause: The combination of sleep-inducing moves with imperfect accuracy and Gravity or Gigantamax Orbeetle are banned\n|rule|Endless Battle Clause: Forcing endless battles is banned\n|rule|HP Percentage Mod: HP is shown in percentages\n|clearpoke\n|poke|p1|Ogerpon-Hearthflame, F|\n|poke|p1|Ursaluna-Bloodmoon, M|\n|poke|p1|Cramorant, M|\n|poke|p1|Gastrodon-East, M|\n|poke|p1|Iron Hands|\n|poke|p1|Toxapex, F|\n|poke|p2|Torkoal, M|\n|poke|p2|Iron Moth|\n|poke|p2|Maushold|\n|poke|p2|Walking Wake|\n|poke|p2|Scizor, M|\n|poke|p2|Zapdos|\n|teampreview\n|\n|t:|1698284003\n|start\n|switch|p1a: >:(|Ogerpon-Hearthflame, F|100\/100\n|switch|p1b: Har har har har|Ursaluna-Bloodmoon, M|100\/100\n|switch|p2a: Torkoal|Torkoal, M|100\/100\n|switch|p2b: Zapdos|Zapdos|100\/100\n|-ability|p1a: >:(|Mold Breaker\n|-ability|p2b: Zapdos|Pressure\n|-weather|SunnyDay|[from] ability: Drought|[of] p2a: Torkoal\n|turn|1\n|\n|t:|1698284023\n|move|p1a: >:(|Swords Dance|p1a: >:(\n|-boost|p1a: >:(|atk|2\n|move|p2b: Zapdos|Tailwind|p2b: Zapdos\n|-sidestart|p2: Macroboom|move: Tailwind\n|move|p1b: Har har har har|Earth Power|p2a: Torkoal\n|-supereffective|p2a: Torkoal\n|-damage|p2a: Torkoal|0 fnt\n|faint|p2a: Torkoal\n|\n|-weather|SunnyDay|[upkeep]\n|upkeep\n|\n|t:|1698284042\n|switch|p2a: Iron Moth|Iron Moth|100\/100\n|-enditem|p2a: Iron Moth|Booster Energy\n|-activate|p2a: Iron Moth|ability: Quark Drive|[fromitem]\n|-start|p2a: Iron Moth|quarkdrivespa\n|turn|2\n|\n|t:|1698284060\n|switch|p2b: Scizor|Scizor, M|100\/100\n|-terastallize|p1a: >:(|Fire\n|detailschange|p1a: >:(|Ogerpon-Hearthflame-Tera, F, tera:Fire\n|-ability|p1a: >:(|Embody Aspect (Hearthflame)|boost\n|-boost|p1a: >:(|atk|1\n|move|p2a: Iron Moth|Sludge Wave|p1a: >:(|[spread] p1a,p1b\n|-immune|p2b: Scizor\n|-resisted|p1b: Har har har har\n|-damage|p1a: >:(|42\/100\n|-damage|p1b: Har har har har|75\/100\n|move|p1a: >:(|Ivy Cudgel|p2b: Scizor\n|-supereffective|p2b: Scizor\n|-damage|p2b: Scizor|0 fnt\n|faint|p2b: Scizor\n|move|p1b: Har har har har|Earth Power|p2a: Iron Moth\n|-supereffective|p2a: Iron Moth\n|-damage|p2a: Iron Moth|0 fnt\n|faint|p2a: Iron Moth\n|-end|p2a: Iron Moth|Quark Drive|[silent]\n|\n|-weather|SunnyDay|[upkeep]\n|upkeep\n|\n|t:|1698284081\n|switch|p2a: Maushold|Maushold|100\/100\n|switch|p2b: Walking Wake|Walking Wake|100\/100\n|-activate|p2b: Walking Wake|ability: Protosynthesis\n|-start|p2b: Walking Wake|protosynthesisspa\n|turn|3\n|\n|t:|1698284102\n|move|p2a: Maushold|Tidy Up|p2a: Maushold\n|-boost|p2a: Maushold|atk|1\n|-boost|p2a: Maushold|spe|1\n|move|p2b: Walking Wake|Hydro Steam|p1b: Har har har har\n|-supereffective|p1b: Har har har har\n|-damage|p1b: Har har har har|0 fnt\n|faint|p1b: Har har har har\n|move|p1a: >:(|Horn Leech|p2b: Walking Wake\n|-damage|p2b: Walking Wake|33\/100\n|-heal|p1a: >:(|81\/100|[from] drain|[of] p2b: Walking Wake\n|\n|-weather|SunnyDay|[upkeep]\n|upkeep\n|\n|t:|1698284116\n|switch|p1b: Slappems|Iron Hands|100\/100\n|-enditem|p1b: Slappems|Booster Energy\n|-activate|p1b: Slappems|ability: Quark Drive|[fromitem]\n|-start|p1b: Slappems|quarkdriveatk\n|turn|4\n|\n|t:|1698284130\n|move|p1b: Slappems|Fake Out|p2b: Walking Wake\n|-crit|p2b: Walking Wake\n|-damage|p2b: Walking Wake|10\/100\n|move|p2a: Maushold|Population Bomb|p1b: Slappems\n|-damage|p1b: Slappems|94\/100\n|-damage|p1b: Slappems|88\/100\n|-crit|p1b: Slappems\n|-damage|p1b: Slappems|79\/100\n|-damage|p1b: Slappems|73\/100\n|-damage|p1b: Slappems|68\/100\n|-hitcount|p1b: Slappems|5\n|cant|p2b: Walking Wake|flinch\n|move|p1a: >:(|Ivy Cudgel|p2a: Maushold\n|-damage|p2a: Maushold|0 fnt\n|faint|p2a: Maushold\n|\n|-weather|SunnyDay|[upkeep]\n|-sideend|p2: Macroboom|move: Tailwind\n|upkeep\n|\n|t:|1698284146\n|switch|p2a: Zapdos|Zapdos|100\/100\n|-ability|p2a: Zapdos|Pressure\n|turn|5\n|\n|t:|1698284155\n|move|p2b: Walking Wake|Protect|p2b: Walking Wake\n|-singleturn|p2b: Walking Wake|Protect\n|move|p1a: >:(|Ivy Cudgel|p2a: Zapdos\n|-damage|p2a: Zapdos|0 fnt\n|faint|p2a: Zapdos\n|move|p1b: Slappems|Wild Charge|p2b: Walking Wake\n|-activate|p2b: Walking Wake|move: Protect\n|\n|-weather|none\n|-end|p2b: Walking Wake|Protosynthesis\n|upkeep\n|-enditem|p2b: Walking Wake|Booster Energy\n|-activate|p2b: Walking Wake|ability: Protosynthesis|[fromitem]\n|-start|p2b: Walking Wake|protosynthesisspa\n|turn|6\n|\n|t:|1698284172\n|move|p2b: Walking Wake|Hydro Steam|p1a: >:(\n|-supereffective|p1a: >:(\n|-damage|p1a: >:(|0 fnt\n|faint|p1a: >:(\n|move|p1b: Slappems|Heavy Slam|p2b: Walking Wake\n|-resisted|p2b: Walking Wake\n|-damage|p2b: Walking Wake|0 fnt\n|faint|p2b: Walking Wake\n|-end|p2b: Walking Wake|Protosynthesis|[silent]\n|\n|win|Kongojongo\n|raw|Kongojongo's rating: 1118 &rarr; <strong>1142<\/strong><br \/>(+24 for winning)\n|raw|Macroboom's rating: 1101 &rarr; <strong>1077<\/strong><br \/>(-24 for losing)\n|c|\u2606Kongojongo|gg\n|c|\u2606Macroboom|gg\n|l|\u2606Macroboom\n","uploadtime":1698284188,"views":13,"p1id":"kongojongo","p2id":"macroboom","formatid":"gen9doublesou","rating":1077,"private":0,"password":""}