{"id":"gen9doublesou-1983546824","p1":"Nerongo","p2":"andergamert","format":"[Gen 9] Doubles OU","log":"|j|\u2606Nerongo\n|j|\u2606andergamert\n|t:|1699141969\n|gametype|doubles\n|player|p1|Nerongo|unknown|1189\n|player|p2|andergamert|169|1078\n|teamsize|p1|6\n|teamsize|p2|6\n|gen|9\n|tier|[Gen 9] Doubles OU\n|rated|\n|rule|Species Clause: Limit one of each Pok\u00e9mon\n|rule|OHKO Clause: OHKO moves are banned\n|rule|Evasion Moves Clause: Evasion moves are banned\n|rule|Gravity Sleep Clause: The combination of sleep-inducing moves with imperfect accuracy and Gravity or Gigantamax Orbeetle are banned\n|rule|Endless Battle Clause: Forcing endless battles is banned\n|rule|HP Percentage Mod: HP is shown in percentages\n|clearpoke\n|poke|p1|Bellibolt, F|\n|poke|p1|Iron Hands|\n|poke|p1|Breloom, M|\n|poke|p1|Masquerain, M|\n|poke|p1|Dondozo, M|\n|poke|p1|Samurott-Hisui, M|\n|poke|p2|Sinistcha|\n|poke|p2|Ursaluna, M|\n|poke|p2|Slowking-Galar, M|\n|poke|p2|Kommo-o, F|\n|poke|p2|Shiftry, F|\n|poke|p2|Tinkaton, F|\n|teampreview\n|\n|t:|1699141975\n|start\n|switch|p1a: B\u00fa te asusto|Masquerain, M|100\/100\n|switch|p1b: Luis|Breloom, M|100\/100\n|switch|p2a: Shiftry|Shiftry, F|100\/100\n|switch|p2b: Tinkaton|Tinkaton, F|100\/100\n|-ability|p1a: B\u00fa te asusto|Intimidate|boost\n|-unboost|p2a: Shiftry|atk|1\n|-unboost|p2b: Tinkaton|atk|1\n|-ability|p2b: Tinkaton|Mold Breaker\n|turn|1\n|\n|t:|1699141990\n|move|p2b: Tinkaton|Fake Out|p1a: B\u00fa te asusto\n|-damage|p1a: B\u00fa te asusto|87\/100\n|move|p1b: Luis|Mach Punch|p2a: Shiftry\n|-supereffective|p2a: Shiftry\n|-damage|p2a: Shiftry|3\/100\n|cant|p1a: B\u00fa te asusto|flinch\n|move|p2a: Shiftry|Tailwind|p2a: Shiftry\n|-sidestart|p2: andergamert|move: Tailwind\n|-ability|p2a: Shiftry|Wind Rider|boost\n|-boost|p2a: Shiftry|atk|1\n|\n|upkeep\n|turn|2\n|\n|t:|1699142018\n|switch|p2a: Sinistcha|Sinistcha|100\/100\n|move|p2b: Tinkaton|Gigaton Hammer|p1a: B\u00fa te asusto\n|-damage|p1a: B\u00fa te asusto|5\/100\n|move|p1a: B\u00fa te asusto|Sticky Web|p2a: Sinistcha\n|-sidestart|p2: andergamert|move: Sticky Web\n|move|p1b: Luis|Bullet Seed|p2a: Sinistcha\n|-resisted|p2a: Sinistcha\n|-damage|p2a: Sinistcha|94\/100\n|-resisted|p2a: Sinistcha\n|-damage|p2a: Sinistcha|88\/100\n|-resisted|p2a: Sinistcha\n|-damage|p2a: Sinistcha|82\/100\n|-hitcount|p2a: Sinistcha|3\n|\n|upkeep\n|turn|3\n|\n|t:|1699142044\n|move|p1b: Luis|Mach Punch|p2b: Tinkaton\n|-damage|p2b: Tinkaton|64\/100\n|move|p2b: Tinkaton|Knock Off|p1b: Luis\n|-resisted|p1b: Luis\n|-damage|p1b: Luis|88\/100\n|-enditem|p1b: Luis|Focus Sash|[from] move: Knock Off|[of] p2b: Tinkaton\n|move|p2a: Sinistcha|Matcha Gotcha|p1b: Luis|[spread] p1a\n|-miss|p2a: Sinistcha|p1b: Luis\n|-resisted|p1a: B\u00fa te asusto\n|-damage|p1a: B\u00fa te asusto|0 fnt\n|-heal|p2a: Sinistcha|84\/100|[from] drain|[of] p1a: B\u00fa te asusto\n|faint|p1a: B\u00fa te asusto\n|\n|upkeep\n|\n|t:|1699142058\n|switch|p1a: 3 de ferrotripa|Iron Hands|100\/100\n|turn|4\n|\n|t:|1699142070\n|move|p2b: Tinkaton|Knock Off|p1a: 3 de ferrotripa\n|-resisted|p1a: 3 de ferrotripa\n|-damage|p1a: 3 de ferrotripa|95\/100\n|-enditem|p1a: 3 de ferrotripa|Assault Vest|[from] move: Knock Off|[of] p2b: Tinkaton\n|move|p2a: Sinistcha|Matcha Gotcha|p1a: 3 de ferrotripa|[spread] p1a,p1b\n|-resisted|p1b: Luis\n|-damage|p1a: 3 de ferrotripa|71\/100\n|-heal|p2a: Sinistcha|100\/100|[from] drain|[of] p1a: 3 de ferrotripa\n|-damage|p1b: Luis|65\/100\n|move|p1b: Luis|Spore|p2b: Tinkaton\n|-status|p2b: Tinkaton|slp|[from] move: Spore\n|move|p1a: 3 de ferrotripa|Ice Punch|p2a: Sinistcha\n|-supereffective|p2a: Sinistcha\n|-damage|p2a: Sinistcha|60\/100\n|\n|-sideend|p2: andergamert|move: Tailwind\n|upkeep\n|turn|5\n|\n|t:|1699142091\n|move|p1b: Luis|Swords Dance|p1b: Luis\n|-boost|p1b: Luis|atk|2\n|cant|p2b: Tinkaton|slp\n|move|p1a: 3 de ferrotripa|Ice Punch|p2a: Sinistcha\n|-supereffective|p2a: Sinistcha\n|-damage|p2a: Sinistcha|22\/100\n|-status|p2a: Sinistcha|frz\n|cant|p2a: Sinistcha|frz\n|\n|upkeep\n|turn|6\n|-message|andergamert forfeited.\n|\n|win|Nerongo\n|raw|Nerongo's rating: 1189 &rarr; <strong>1206<\/strong><br \/>(+17 for winning)\n|raw|andergamert's rating: 1078 &rarr; <strong>1063<\/strong><br \/>(-15 for losing)\n|l|\u2606andergamert\n|c|\u2606Nerongo|lmaoo\n","uploadtime":1699142105,"views":18,"p1id":"nerongo","p2id":"andergamert","formatid":"gen9doublesou","rating":1063,"private":0,"password":""}