{"id":"gen9doublesou-1969985735","p1":"SXD2002","p2":"bananaFINALBOSS","format":"[Gen 9] Doubles OU","log":"|j|\u2606SXD2002\n|j|\u2606bananaFINALBOSS\n|t:|1697582253\n|gametype|doubles\n|player|p1|SXD2002|silver-masters|1058\n|player|p2|bananaFINALBOSS|169|1120\n|teamsize|p1|4\n|teamsize|p2|6\n|gen|9\n|tier|[Gen 9] Doubles OU\n|rated|\n|rule|Species Clause: Limit one of each Pok\u00e9mon\n|rule|OHKO Clause: OHKO moves are banned\n|rule|Evasion Moves Clause: Evasion moves are banned\n|rule|Gravity Sleep Clause: The combination of sleep-inducing moves with imperfect accuracy and Gravity or Gigantamax Orbeetle are banned\n|rule|Endless Battle Clause: Forcing endless battles is banned\n|rule|HP Percentage Mod: HP is shown in percentages\n|clearpoke\n|poke|p1|Lurantis, F|\n|poke|p1|Murkrow, F|\n|poke|p1|Grimmsnarl, M|\n|poke|p1|Clefairy, F|\n|poke|p2|Hydreigon, M|\n|poke|p2|Garchomp, F|\n|poke|p2|Amoonguss, M|\n|poke|p2|Scizor, F|\n|poke|p2|Gardevoir, M|\n|poke|p2|Palafin, M|\n|teampreview\n|inactive|Battle timer is ON: inactive players will automatically lose when time's up. (requested by SXD2002)\n|\n|t:|1697582268\n|start\n|switch|p1a: Grimmsnarl|Grimmsnarl, M|100\/100\n|switch|p1b: Lurantis|Lurantis, F|100\/100\n|switch|p2a: LandShark|Garchomp, F|100\/100\n|switch|p2b: BATMAN|Palafin, M|100\/100\n|turn|1\n|\n|t:|1697582282\n|move|p1b: Lurantis|Protect|p1b: Lurantis\n|-singleturn|p1b: Lurantis|Protect\n|move|p1a: Grimmsnarl|Scary Face|p1b: Lurantis\n|-activate|p1b: Lurantis|move: Protect\n|move|p2b: BATMAN|Ice Punch|p1b: Lurantis\n|-activate|p1b: Lurantis|move: Protect\n|move|p2a: LandShark|Fire Blast|p1b: Lurantis\n|-activate|p1b: Lurantis|move: Protect\n|\n|upkeep\n|turn|2\n|\n|t:|1697582294\n|-terastallize|p1b: Lurantis|Steel\n|move|p1a: Grimmsnarl|Fake Tears|p1b: Lurantis\n|-boost|p1b: Lurantis|spd|2\n|move|p2b: BATMAN|Ice Punch|p1b: Lurantis\n|-resisted|p1b: Lurantis\n|-damage|p1b: Lurantis|91\/100\n|move|p2a: LandShark|Fire Blast|p1b: Lurantis\n|-supereffective|p1b: Lurantis\n|-damage|p1b: Lurantis|76\/100\n|move|p1b: Lurantis|Leaf Storm|p2b: BATMAN\n|-supereffective|p2b: BATMAN\n|-damage|p2b: BATMAN|0 fnt\n|-boost|p1b: Lurantis|spa|2\n|faint|p2b: BATMAN\n|\n|-heal|p1b: Lurantis|82\/100|[from] item: Leftovers\n|upkeep\n|\n|t:|1697582310\n|switch|p2b: Amoonguss|Amoonguss, M, shiny|100\/100\n|turn|3\n|\n|t:|1697582324\n|switch|p2a: IronMan|Scizor, F|100\/100\n|move|p1a: Grimmsnarl|Fake Tears|p1b: Lurantis\n|-boost|p1b: Lurantis|spd|2\n|move|p1b: Lurantis|Leaf Storm|p2a: IronMan\n|-resisted|p2a: IronMan\n|-damage|p2a: IronMan|80\/100\n|-boost|p1b: Lurantis|spa|2\n|move|p2b: Amoonguss|Spore|p1a: Grimmsnarl\n|-status|p1a: Grimmsnarl|slp|[from] move: Spore\n|\n|-heal|p1b: Lurantis|88\/100|[from] item: Leftovers\n|upkeep\n|turn|4\n|\n|t:|1697582352\n|cant|p1a: Grimmsnarl|slp\n|move|p2a: IronMan|Knock Off|p1b: Lurantis\n|-damage|p1b: Lurantis|56\/100\n|-enditem|p1b: Lurantis|Leftovers|[from] move: Knock Off|[of] p2a: IronMan\n|move|p1b: Lurantis|Superpower|p2a: IronMan\n|-damage|p2a: IronMan|57\/100\n|-boost|p1b: Lurantis|atk|1\n|-boost|p1b: Lurantis|def|1\n|move|p2b: Amoonguss|Spore|p1a: Grimmsnarl\n|-fail|p1a: Grimmsnarl|slp\n|\n|upkeep\n|turn|5\n|\n|t:|1697582371\n|switch|p2b: Hydra|Hydreigon, M|100\/100\n|move|p1b: Lurantis|Protect|p1b: Lurantis\n|-singleturn|p1b: Lurantis|Protect\n|cant|p1a: Grimmsnarl|slp\n|move|p2a: IronMan|Swords Dance|p2a: IronMan\n|-boost|p2a: IronMan|atk|2\n|\n|upkeep\n|turn|6\n|\n|t:|1697582386\n|move|p2b: Hydra|Protect|p2b: Hydra\n|-singleturn|p2b: Hydra|Protect\n|-curestatus|p1a: Grimmsnarl|slp|[msg]\n|move|p1a: Grimmsnarl|Scary Face|p1b: Lurantis\n|-boost|p1b: Lurantis|spe|2\n|move|p1b: Lurantis|Superpower|p2a: IronMan\n|-damage|p2a: IronMan|19\/100\n|-boost|p1b: Lurantis|atk|1\n|-boost|p1b: Lurantis|def|1\n|-enditem|p2a: IronMan|Sitrus Berry|[eat]\n|-heal|p2a: IronMan|44\/100|[from] item: Sitrus Berry\n|move|p2a: IronMan|Knock Off|p1b: Lurantis\n|-damage|p1b: Lurantis|32\/100\n|\n|upkeep\n|turn|7\n|\n|t:|1697582412\n|switch|p2b: Amoonguss|Amoonguss, M, shiny|100\/100\n|move|p2a: IronMan|Bullet Punch|p1b: Lurantis\n|-resisted|p1b: Lurantis\n|-damage|p1b: Lurantis|17\/100\n|move|p1a: Grimmsnarl|Scary Face|p1b: Lurantis\n|-boost|p1b: Lurantis|spe|2\n|move|p1b: Lurantis|Superpower|p2b: Amoonguss\n|-resisted|p2b: Amoonguss\n|-damage|p2b: Amoonguss|77\/100\n|-boost|p1b: Lurantis|atk|1\n|-boost|p1b: Lurantis|def|1\n|\n|-heal|p2b: Amoonguss|83\/100|[from] item: Black Sludge\n|upkeep\n|turn|8\n|\n|t:|1697582437\n|move|p2a: IronMan|Bullet Punch|p1b: Lurantis\n|-resisted|p1b: Lurantis\n|-damage|p1b: Lurantis|5\/100\n|move|p1a: Grimmsnarl|Parting Shot|p1b: Lurantis\n|-boost|p1b: Lurantis|atk|1\n|-boost|p1b: Lurantis|spa|1\n|\n|t:|1697582443\n|switch|p1a: Clefairy|Clefairy, F|100\/100|[from] Parting Shot\n|move|p1b: Lurantis|Superpower|p2a: IronMan\n|-damage|p2a: IronMan|0 fnt\n|-boost|p1b: Lurantis|atk|1\n|-boost|p1b: Lurantis|def|1\n|faint|p2a: IronMan\n|move|p2b: Amoonguss|Spore|p1a: Clefairy\n|-status|p1a: Clefairy|slp|[from] move: Spore\n|\n|-heal|p2b: Amoonguss|90\/100|[from] item: Black Sludge\n|upkeep\n|\n|t:|1697582455\n|switch|p2a: Hydra|Hydreigon, M|100\/100\n|turn|9\n|inactive|SXD2002 has 120 seconds left.\n|\n|t:|1697582487\n|move|p2b: Amoonguss|Protect|p2b: Amoonguss\n|-singleturn|p2b: Amoonguss|Protect\n|move|p1b: Lurantis|Superpower|p2a: Hydra\n|-supereffective|p2a: Hydra\n|-damage|p2a: Hydra|0 fnt\n|-boost|p1b: Lurantis|atk|1\n|-boost|p1b: Lurantis|def|1\n|faint|p2a: Hydra\n|cant|p1a: Clefairy|slp\n|\n|-heal|p2b: Amoonguss|96\/100|[from] item: Black Sludge\n|upkeep\n|\n|t:|1697582494\n|switch|p2a: DownBad|Gardevoir, M, shiny|100\/100\n|-ability|p2a: DownBad|Friend Guard|[from] ability: Trace|[of] p1a: Clefairy\n|turn|10\n|\n|t:|1697582500\n|move|p1b: Lurantis|Protect|p1b: Lurantis\n|-singleturn|p1b: Lurantis|Protect\n|move|p2a: DownBad|Protect|p2a: DownBad\n|-singleturn|p2a: DownBad|Protect\n|cant|p1a: Clefairy|slp\n|move|p2b: Amoonguss|Giga Drain|p1b: Lurantis\n|-activate|p1b: Lurantis|move: Protect\n|\n|-heal|p2b: Amoonguss|100\/100|[from] item: Black Sludge\n|upkeep\n|turn|11\n|\n|t:|1697582518\n|switch|p2a: LandShark|Garchomp, F|100\/100\n|cant|p1a: Clefairy|slp\n|move|p1b: Lurantis|Leaf Storm|p2a: LandShark\n|-damage|p2a: LandShark|0 fnt\n|-boost|p1b: Lurantis|spa|1\n|faint|p2a: LandShark\n|move|p2b: Amoonguss|Giga Drain|p1b: Lurantis\n|-resisted|p1b: Lurantis\n|-damage|p1b: Lurantis|3\/100\n|\n|upkeep\n|\n|t:|1697582528\n|switch|p2a: DownBad|Gardevoir, M, shiny|100\/100\n|-ability|p2a: DownBad|Friend Guard|[from] ability: Trace|[of] p1a: Clefairy\n|turn|12\n|\n|t:|1697582541\n|move|p1b: Lurantis|Protect|p1b: Lurantis\n|-singleturn|p1b: Lurantis|Protect\n|move|p2a: DownBad|Psyshock|p1a: Clefairy\n|-damage|p1a: Clefairy|57\/100 slp\n|-curestatus|p1a: Clefairy|slp|[msg]\n|move|p1a: Clefairy|Life Dew|p1a: Clefairy|[spread] p1a,p1b\n|-heal|p1a: Clefairy|82\/100\n|-heal|p1b: Lurantis|28\/100\n|move|p2b: Amoonguss|Giga Drain|p1b: Lurantis\n|-activate|p1b: Lurantis|move: Protect\n|\n|upkeep\n|turn|13\n|\n|t:|1697582563\n|move|p1b: Lurantis|Pollen Puff|p2b: Amoonguss\n|-damage|p2b: Amoonguss|58\/100\n|move|p2a: DownBad|Thunderbolt|p1b: Lurantis\n|-damage|p1b: Lurantis|22\/100\n|move|p1a: Clefairy|Life Dew|p1a: Clefairy|[spread] p1a,p1b\n|-heal|p1a: Clefairy|100\/100\n|-heal|p1b: Lurantis|47\/100\n|move|p2b: Amoonguss|Giga Drain|p1b: Lurantis\n|-resisted|p1b: Lurantis\n|-damage|p1b: Lurantis|45\/100\n|-heal|p2b: Amoonguss|59\/100|[from] drain|[of] p1b: Lurantis\n|\n|-heal|p2b: Amoonguss|65\/100|[from] item: Black Sludge\n|upkeep\n|turn|14\n|\n|t:|1697582585\n|move|p1a: Clefairy|Follow Me|p1a: Clefairy\n|-singleturn|p1a: Clefairy|move: Follow Me\n|move|p1b: Lurantis|Leaf Storm|p2a: DownBad\n|-enditem|p2a: DownBad|Focus Sash\n|-damage|p2a: DownBad|1\/100\n|move|p2a: DownBad|Psyshock|p1a: Clefairy\n|-damage|p1a: Clefairy|49\/100\n|move|p2b: Amoonguss|Spore|p1a: Clefairy\n|-status|p1a: Clefairy|slp|[from] move: Spore\n|\n|-heal|p2b: Amoonguss|71\/100|[from] item: Black Sludge\n|upkeep\n|turn|15\n|inactive|SXD2002 has 120 seconds left.\n|\n|t:|1697582621\n|move|p1b: Lurantis|Superpower|p2a: DownBad\n|-resisted|p2a: DownBad\n|-damage|p2a: DownBad|0 fnt\n|-boost|p1b: Lurantis|def|1\n|faint|p2a: DownBad\n|cant|p1a: Clefairy|slp\n|move|p2b: Amoonguss|Giga Drain|p1b: Lurantis\n|-resisted|p1b: Lurantis\n|-damage|p1b: Lurantis|43\/100\n|-heal|p2b: Amoonguss|72\/100|[from] drain|[of] p1b: Lurantis\n|\n|-heal|p2b: Amoonguss|79\/100|[from] item: Black Sludge\n|upkeep\n|turn|16\n|\n|t:|1697582630\n|move|p1b: Lurantis|Pollen Puff|p2b: Amoonguss\n|-damage|p2b: Amoonguss|19\/100\n|-curestatus|p1a: Clefairy|slp|[msg]\n|move|p1a: Clefairy|Life Dew|p1a: Clefairy|[spread] p1a,p1b\n|-heal|p1a: Clefairy|74\/100\n|-heal|p1b: Lurantis|68\/100\n|move|p2b: Amoonguss|Giga Drain|p1b: Lurantis\n|-resisted|p1b: Lurantis\n|-damage|p1b: Lurantis|65\/100\n|-heal|p2b: Amoonguss|19\/100|[from] drain|[of] p1b: Lurantis\n|\n|-heal|p2b: Amoonguss|26\/100|[from] item: Black Sludge\n|upkeep\n|turn|17\n|c|\u2606SXD2002|gg\n|-message|bananaFINALBOSS forfeited.\n|\n|win|SXD2002\n|raw|SXD2002's rating: 1058 &rarr; <strong>1095<\/strong><br \/>(+37 for winning)\n|raw|bananaFINALBOSS's rating: 1120 &rarr; <strong>1091<\/strong><br \/>(-29 for losing)\n|l|\u2606bananaFINALBOSS\n","uploadtime":1697582655,"views":17,"p1id":"sxd2002","p2id":"bananafinalboss","formatid":"gen9doublesou","rating":1091,"private":0,"password":""}