{"id":"gen9doublesou-1999664738","p1":"bugbufordcheckers2","p2":"Shelf1446","format":"[Gen 9] Doubles OU","log":"|j|\u2606bugbufordcheckers2\n|j|\u2606Shelf1446\n|t:|1701105866\n|gametype|doubles\n|player|p1|bugbufordcheckers2|pokemonranger-gen4|1137\n|player|p2|Shelf1446|170|1176\n|teamsize|p1|6\n|teamsize|p2|6\n|gen|9\n|tier|[Gen 9] Doubles OU\n|rated|\n|rule|Species Clause: Limit one of each Pok\u00e9mon\n|rule|OHKO Clause: OHKO moves are banned\n|rule|Evasion Moves Clause: Evasion moves are banned\n|rule|Gravity Sleep Clause: The combination of sleep-inducing moves with imperfect accuracy and Gravity or Gigantamax Orbeetle are banned\n|rule|Endless Battle Clause: Forcing endless battles is banned\n|rule|HP Percentage Mod: HP is shown in percentages\n|clearpoke\n|poke|p1|Farigiraf, M|\n|poke|p1|Landorus, M|\n|poke|p1|Tyranitar, F|\n|poke|p1|Lycanroc, F|\n|poke|p1|Heatran, F|\n|poke|p1|Houndstone, F|\n|poke|p2|Flutter Mane|\n|poke|p2|Landorus-Therian, M|\n|poke|p2|Garganacl, M|\n|poke|p2|Ninetales-Alola, F|\n|poke|p2|Sinistcha-Masterpiece|\n|poke|p2|Clefairy, F|\n|teampreview\n|inactive|Battle timer is ON: inactive players will automatically lose when time's up. (requested by Shelf1446)\n|c|\u2606Shelf1446|Have fun\n|\n|t:|1701105890\n|start\n|switch|p1a: Landorus|Landorus, M|100\/100\n|switch|p1b: Heatran|Heatran, F|100\/100\n|switch|p2a: Landorus|Landorus-Therian, M|100\/100\n|switch|p2b: Garganacl|Garganacl, M|100\/100\n|-ability|p2a: Landorus|Intimidate|boost\n|-unboost|p1a: Landorus|atk|1\n|-unboost|p1b: Heatran|atk|1\n|turn|1\n|\n|t:|1701105907\n|move|p1b: Heatran|Protect|p1b: Heatran\n|-singleturn|p1b: Heatran|Protect\n|move|p2a: Landorus|U-turn|p1b: Heatran\n|-activate|p1b: Heatran|move: Protect\n|move|p1a: Landorus|Sandsear Storm|p2a: Landorus|[spread] \n|-immune|p2a: Landorus\n|-miss|p1a: Landorus|p2b: Garganacl\n|move|p2b: Garganacl|Salt Cure|p1a: Landorus\n|-damage|p1a: Landorus|79\/100\n|-start|p1a: Landorus|Salt Cure\n|\n|-damage|p1a: Landorus|67\/100|[from] Salt Cure\n|upkeep\n|turn|2\n|\n|t:|1701105934\n|move|p2a: Landorus|U-turn|p1a: Landorus\n|-resisted|p1a: Landorus\n|-damage|p1a: Landorus|53\/100\n|\n|t:|1701105937\n|switch|p2a: Clefairy|Clefairy, F|100\/100|[from] U-turn\n|move|p1a: Landorus|Sandsear Storm|p2b: Garganacl|[spread] p2a,p2b\n|-supereffective|p2b: Garganacl\n|-damage|p2a: Clefairy|55\/100\n|-damage|p2b: Garganacl|19\/100\n|move|p1b: Heatran|Earth Power|p2b: Garganacl\n|-supereffective|p2b: Garganacl\n|-damage|p2b: Garganacl|0 fnt\n|faint|p2b: Garganacl\n|\n|-damage|p1a: Landorus|40\/100|[from] Salt Cure\n|upkeep\n|inactive|Shelf1446 has 120 seconds left.\n|\n|t:|1701105957\n|switch|p2b: Ninetales|Ninetales-Alola, F|100\/100\n|-weather|Snow|[from] ability: Snow Warning|[of] p2b: Ninetales\n|turn|3\n|\n|t:|1701105966\n|switch|p1a: Tyranitar|Tyranitar, F, shiny|100\/100\n|-weather|Sandstorm|[from] ability: Sand Stream|[of] p1a: Tyranitar\n|move|p2a: Clefairy|Follow Me|p2a: Clefairy\n|-singleturn|p2a: Clefairy|move: Follow Me\n|move|p2b: Ninetales|Aurora Veil||[still]\n|-fail|p2b: Ninetales\n|move|p1b: Heatran|Heat Wave|p2a: Clefairy|[spread] p2b\n|-miss|p1b: Heatran|p2a: Clefairy\n|-supereffective|p2b: Ninetales\n|-damage|p2b: Ninetales|42\/100\n|\n|-weather|Sandstorm|[upkeep]\n|-damage|p2b: Ninetales|36\/100|[from] Sandstorm\n|-damage|p2a: Clefairy|49\/100|[from] Sandstorm\n|upkeep\n|turn|4\n|\n|t:|1701105989\n|switch|p2b: Landorus|Landorus-Therian, M|100\/100\n|-ability|p2b: Landorus|Intimidate|boost\n|-unboost|p1a: Tyranitar|atk|1\n|-unboost|p1b: Heatran|atk|1\n|move|p1b: Heatran|Heat Wave|p2b: Landorus|[spread] p2a,p2b\n|-damage|p2a: Clefairy|19\/100\n|-damage|p2b: Landorus|62\/100\n|move|p1a: Tyranitar|Ice Punch|p2b: Landorus\n|-supereffective|p2b: Landorus\n|-damage|p2b: Landorus|6\/100\n|move|p2a: Clefairy|Life Dew|p2a: Clefairy|[spread] p2a,p2b\n|-heal|p2a: Clefairy|44\/100\n|-heal|p2b: Landorus|31\/100\n|\n|-weather|Sandstorm|[upkeep]\n|-damage|p2a: Clefairy|38\/100|[from] Sandstorm\n|upkeep\n|turn|5\n|inactive|Shelf1446 has 120 seconds left.\n|\n|t:|1701106026\n|switch|p1a: Landorus|Landorus, M|40\/100\n|move|p2a: Clefairy|Helping Hand|p2b: Landorus\n|-singleturn|p2b: Landorus|Helping Hand|[of] p2a: Clefairy\n|move|p2b: Landorus|U-turn|p1a: Landorus\n|-resisted|p1a: Landorus\n|-damage|p1a: Landorus|16\/100\n|\n|t:|1701106035\n|switch|p2b: Sinistcha|Sinistcha-Masterpiece|100\/100|[from] U-turn\n|-heal|p2a: Clefairy|63\/100|[from] ability: Hospitality|[of] p2b: Sinistcha\n|move|p1b: Heatran|Heat Wave|p2b: Sinistcha|[spread] p2a,p2b\n|-supereffective|p2b: Sinistcha\n|-damage|p2a: Clefairy|36\/100\n|-damage|p2b: Sinistcha|25\/100\n|-enditem|p2b: Sinistcha|Sitrus Berry|[eat]\n|-heal|p2b: Sinistcha|50\/100|[from] item: Sitrus Berry\n|\n|-weather|Sandstorm|[upkeep]\n|-damage|p2b: Sinistcha|44\/100|[from] Sandstorm\n|-damage|p2a: Clefairy|30\/100|[from] Sandstorm\n|upkeep\n|turn|6\n|c|\u2606Shelf1446|Good game\n|-message|Shelf1446 forfeited.\n|\n|win|bugbufordcheckers2\n|raw|bugbufordcheckers2's rating: 1137 &rarr; <strong>1165<\/strong><br \/>(+28 for winning)\n|raw|Shelf1446's rating: 1176 &rarr; <strong>1148<\/strong><br \/>(-28 for losing)\n|l|\u2606Shelf1446\n|c|\u2606bugbufordcheckers2|Gg\n","uploadtime":1701106095,"views":24,"p1id":"bugbufordcheckers2","p2id":"shelf1446","formatid":"gen9doublesou","rating":1148,"private":0,"password":""}