{"id":"gen9doublesou-1972725300","p1":"acroboyx","p2":"Rexluser","format":"[Gen 9] Doubles OU","log":"|j|\u2606acroboyx\n|j|\u2606Rexluser\n|t:|1697885185\n|gametype|doubles\n|player|p1|acroboyx|candice|1308\n|player|p2|Rexluser|2|1234\n|teamsize|p1|6\n|teamsize|p2|6\n|gen|9\n|tier|[Gen 9] Doubles OU\n|rated|\n|rule|Species Clause: Limit one of each Pok\u00e9mon\n|rule|OHKO Clause: OHKO moves are banned\n|rule|Evasion Moves Clause: Evasion moves are banned\n|rule|Gravity Sleep Clause: The combination of sleep-inducing moves with imperfect accuracy and Gravity or Gigantamax Orbeetle are banned\n|rule|Endless Battle Clause: Forcing endless battles is banned\n|rule|HP Percentage Mod: HP is shown in percentages\n|clearpoke\n|poke|p1|Appletun, M|\n|poke|p1|Grafaiai, F|\n|poke|p1|Slaking, M|\n|poke|p1|Luxray, F|\n|poke|p1|Gholdengo|\n|poke|p1|Ceruledge, M|\n|poke|p2|Chien-Pao|\n|poke|p2|Basculegion-F, F|\n|poke|p2|Goodra-Hisui, F|\n|poke|p2|Iron Hands|\n|poke|p2|Ogerpon-Hearthflame, F|\n|poke|p2|Tornadus, M|\n|teampreview\n|inactive|Battle timer is ON: inactive players will automatically lose when time's up. (requested by acroboyx)\n|\n|t:|1697885223\n|start\n|switch|p1a: Fido dido|Gholdengo, shiny|100\/100\n|switch|p1b: Espadita|Ceruledge, M, shiny|100\/100\n|switch|p2a: Tornadus|Tornadus, M|100\/100\n|switch|p2b: Chien-Pao|Chien-Pao|100\/100\n|-ability|p2b: Chien-Pao|Sword of Ruin\n|turn|1\n|\n|t:|1697885240\n|move|p2a: Tornadus|Tailwind|p2a: Tornadus\n|-sidestart|p2: Rexluser|move: Tailwind\n|move|p2b: Chien-Pao|Lash Out|p1b: Espadita\n|-supereffective|p1b: Espadita\n|-enditem|p1b: Espadita|Focus Sash\n|-damage|p1b: Espadita|1\/100\n|move|p1b: Espadita|Bitter Blade|p2b: Chien-Pao\n|-supereffective|p2b: Chien-Pao\n|-damage|p2b: Chien-Pao|0 fnt\n|-heal|p1b: Espadita|53\/100|[from] drain|[of] p2b: Chien-Pao\n|faint|p2b: Chien-Pao\n|move|p1a: Fido dido|Make It Rain|p2a: Tornadus\n|-enditem|p2a: Tornadus|Focus Sash\n|-damage|p2a: Tornadus|1\/100\n|-unboost|p1a: Fido dido|spa|1\n|\n|upkeep\n|inactive|Rexluser has 120 seconds left.\n|\n|t:|1697885261\n|switch|p2b: Iron Hands|Iron Hands|100\/100\n|turn|2\n|\n|t:|1697885275\n|switch|p1a: Princesa|Luxray, F, shiny|100\/100\n|move|p1b: Espadita|Shadow Sneak|p2a: Tornadus\n|-damage|p2a: Tornadus|0 fnt\n|faint|p2a: Tornadus\n|move|p2b: Iron Hands|Stomping Tantrum|p1b: Espadita\n|-supereffective|p1b: Espadita\n|-damage|p1b: Espadita|0 fnt\n|faint|p1b: Espadita\n|\n|-status|p1a: Princesa|brn|[from] item: Flame Orb\n|upkeep\n|\n|t:|1697885290\n|switch|p2a: Ogerpon|Ogerpon-Hearthflame, F|100\/100\n|switch|p1b: Steve Jobs|Appletun, M, shiny|100\/100\n|-ability|p2a: Ogerpon|Mold Breaker\n|turn|3\n|\n|t:|1697885307\n|-terastallize|p2a: Ogerpon|Fire\n|detailschange|p2a: Ogerpon|Ogerpon-Hearthflame-Tera, F, tera:Fire\n|-ability|p2a: Ogerpon|Embody Aspect (Hearthflame)|boost\n|-boost|p2a: Ogerpon|atk|1\n|move|p2a: Ogerpon|Ivy Cudgel|p1b: Steve Jobs\n|-crit|p1b: Steve Jobs\n|-damage|p1b: Steve Jobs|5\/100\n|move|p2b: Iron Hands|Stomping Tantrum|p1a: Princesa\n|-supereffective|p1a: Princesa\n|-damage|p1a: Princesa|35\/100 brn\n|move|p1a: Princesa|Trailblaze|p2b: Iron Hands\n|-damage|p2b: Iron Hands|87\/100\n|-boost|p1a: Princesa|spe|1\n|move|p1b: Steve Jobs|Leech Seed|p2b: Iron Hands\n|-start|p2b: Iron Hands|move: Leech Seed\n|\n|-heal|p1b: Steve Jobs|11\/100|[from] item: Leftovers\n|-damage|p2b: Iron Hands|75\/100|[from] Leech Seed|[of] p1b: Steve Jobs\n|-heal|p1b: Steve Jobs|25\/100|[silent]\n|-damage|p1a: Princesa|29\/100 brn|[from] brn\n|upkeep\n|turn|4\n|\n|t:|1697885327\n|move|p2a: Ogerpon|Ivy Cudgel|p1b: Steve Jobs\n|-damage|p1b: Steve Jobs|0 fnt\n|faint|p1b: Steve Jobs\n|move|p1a: Princesa|Facade|p2a: Ogerpon\n|-damage|p2a: Ogerpon|28\/100\n|move|p2b: Iron Hands|Stomping Tantrum|p1a: Princesa\n|-supereffective|p1a: Princesa\n|-damage|p1a: Princesa|0 fnt\n|faint|p1a: Princesa\n|\n|-sideend|p2: Rexluser|move: Tailwind\n|upkeep\n|inactive|acroboyx has 120 seconds left.\n|\n|t:|1697885355\n|switch|p1a: King Kong|Slaking, M, shiny|100\/100\n|switch|p1b: Monkey d luffy|Grafaiai, F, shiny|100\/100\n|turn|5\n|\n|t:|1697885372\n|move|p1a: King Kong|Protect|p1a: King Kong\n|-singleturn|p1a: King Kong|Protect\n|move|p1b: Monkey d luffy|Gunk Shot|p2a: Ogerpon|[miss]\n|-miss|p1b: Monkey d luffy|p2a: Ogerpon\n|move|p2a: Ogerpon|Ivy Cudgel|p1b: Monkey d luffy\n|-damage|p1b: Monkey d luffy|0 fnt\n|faint|p1b: Monkey d luffy\n|move|p2b: Iron Hands|Drain Punch|p1a: King Kong\n|-activate|p1a: King Kong|move: Protect\n|\n|upkeep\n|\n|t:|1697885382\n|switch|p1b: Fido dido|Gholdengo, shiny|100\/100\n|turn|6\n|-message|acroboyx forfeited.\n|\n|win|Rexluser\n|raw|acroboyx's rating: 1308 &rarr; <strong>1284<\/strong><br \/>(-24 for losing)\n|raw|Rexluser's rating: 1234 &rarr; <strong>1264<\/strong><br \/>(+30 for winning)\n|l|\u2606acroboyx\n","uploadtime":1697885387,"views":21,"p1id":"acroboyx","p2id":"rexluser","formatid":"gen9doublesou","rating":1264,"private":0,"password":""}