{"id":"gen9doublesou-1975535400","p1":"SXD2002","p2":"snomsicals","format":"[Gen 9] Doubles OU","log":"|j|\u2606SXD2002\n|j|\u2606snomsicals\n|t:|1698201950\n|gametype|doubles\n|player|p1|SXD2002|silver-masters|1083\n|player|p2|snomsicals|265|1164\n|teamsize|p1|6\n|teamsize|p2|6\n|gen|9\n|tier|[Gen 9] Doubles OU\n|rated|\n|rule|Species Clause: Limit one of each Pok\u00e9mon\n|rule|OHKO Clause: OHKO moves are banned\n|rule|Evasion Moves Clause: Evasion moves are banned\n|rule|Gravity Sleep Clause: The combination of sleep-inducing moves with imperfect accuracy and Gravity or Gigantamax Orbeetle are banned\n|rule|Endless Battle Clause: Forcing endless battles is banned\n|rule|HP Percentage Mod: HP is shown in percentages\n|clearpoke\n|poke|p1|Lurantis, M|\n|poke|p1|Murkrow, F|\n|poke|p1|Grimmsnarl, M|\n|poke|p1|Clefairy, F|\n|poke|p1|Talonflame, M|\n|poke|p1|Espeon, F|\n|poke|p2|Farigiraf, M|\n|poke|p2|Grimmsnarl, M|\n|poke|p2|Amoonguss, M|\n|poke|p2|Cresselia, F|\n|poke|p2|Diancie|\n|poke|p2|Kingambit, F|\n|teampreview\n|inactive|Battle timer is ON: inactive players will automatically lose when time's up. (requested by SXD2002)\n|\n|t:|1698201957\n|start\n|switch|p1a: Murkrow|Murkrow, F|100\/100\n|switch|p1b: Lurantis|Lurantis, M|100\/100\n|switch|p2a: Farigiraf|Farigiraf, M|100\/100\n|switch|p2b: Amoonguss|Amoonguss, M|100\/100\n|turn|1\n|\n|t:|1698201966\n|move|p1b: Lurantis|Protect|p1b: Lurantis\n|-singleturn|p1b: Lurantis|Protect\n|move|p2b: Amoonguss|Rage Powder|p2b: Amoonguss\n|-singleturn|p2b: Amoonguss|move: Rage Powder\n|move|p1a: Murkrow|Snarl|p2a: Farigiraf|[spread] p2a,p2b\n|-supereffective|p2a: Farigiraf\n|-damage|p2a: Farigiraf|73\/100\n|-damage|p2b: Amoonguss|89\/100\n|-unboost|p2a: Farigiraf|spa|1\n|-unboost|p2b: Amoonguss|spa|1\n|move|p2a: Farigiraf|Trick Room|p2a: Farigiraf\n|-fieldstart|move: Trick Room|[of] p2a: Farigiraf\n|\n|-heal|p2b: Amoonguss|95\/100|[from] item: Black Sludge\n|-heal|p2a: Farigiraf|79\/100|[from] item: Leftovers\n|upkeep\n|turn|2\n|\n|t:|1698201993\n|-terastallize|p1b: Lurantis|Steel\n|move|p1a: Murkrow|Feather Dance|p1b: Lurantis\n|-boost|p1b: Lurantis|atk|2\n|move|p2b: Amoonguss|Spore|p1a: Murkrow\n|-status|p1a: Murkrow|slp|[from] move: Spore\n|move|p1b: Lurantis|Superpower|p2a: Farigiraf\n|-damage|p2a: Farigiraf|18\/100\n|-boost|p1b: Lurantis|atk|1\n|-boost|p1b: Lurantis|def|1\n|move|p2a: Farigiraf|Dazzling Gleam|p1a: Murkrow|[spread] p1a,p1b\n|-supereffective|p1a: Murkrow\n|-resisted|p1b: Lurantis\n|-damage|p1a: Murkrow|79\/100 slp\n|-damage|p1b: Lurantis|96\/100\n|\n|-heal|p2b: Amoonguss|100\/100|[from] item: Black Sludge\n|-heal|p2a: Farigiraf|24\/100|[from] item: Leftovers\n|-heal|p1b: Lurantis|100\/100|[from] item: Leftovers\n|upkeep\n|turn|3\n|\n|t:|1698202011\n|cant|p1a: Murkrow|slp\n|move|p2b: Amoonguss|Spore|p1b: Lurantis\n|-status|p1b: Lurantis|slp|[from] move: Spore\n|cant|p1b: Lurantis|slp\n|move|p2a: Farigiraf|Dazzling Gleam|p1b: Lurantis|[spread] p1a,p1b\n|-supereffective|p1a: Murkrow\n|-resisted|p1b: Lurantis\n|-damage|p1a: Murkrow|55\/100 slp\n|-damage|p1b: Lurantis|95\/100 slp\n|\n|-heal|p2a: Farigiraf|30\/100|[from] item: Leftovers\n|-heal|p1b: Lurantis|100\/100 slp|[from] item: Leftovers\n|upkeep\n|turn|4\n|\n|t:|1698202032\n|switch|p2b: Kingambit|Kingambit, F|100\/100\n|switch|p2a: Cresselia|Cresselia, F|100\/100\n|cant|p1b: Lurantis|slp\n|cant|p1a: Murkrow|slp\n|\n|upkeep\n|turn|5\n|\n|t:|1698202053\n|-terastallize|p2b: Kingambit|Dark\n|move|p2a: Cresselia|Helping Hand|p2b: Kingambit\n|-singleturn|p2b: Kingambit|Helping Hand|[of] p2a: Cresselia\n|-curestatus|p1a: Murkrow|slp|[msg]\n|move|p1a: Murkrow|Screech|p1b: Lurantis\n|-boost|p1b: Lurantis|def|2\n|move|p2b: Kingambit|Kowtow Cleave|p1b: Lurantis\n|-damage|p1b: Lurantis|31\/100 slp\n|cant|p1b: Lurantis|slp\n|\n|-heal|p1b: Lurantis|37\/100 slp|[from] item: Leftovers\n|-fieldend|move: Trick Room\n|upkeep\n|turn|6\n|\n|t:|1698202079\n|move|p2a: Cresselia|Helping Hand|p2b: Kingambit\n|-singleturn|p2b: Kingambit|Helping Hand|[of] p2a: Cresselia\n|-curestatus|p1b: Lurantis|slp|[msg]\n|move|p1b: Lurantis|Protect|p1b: Lurantis\n|-singleturn|p1b: Lurantis|Protect\n|move|p1a: Murkrow|Thunder Wave|p2a: Cresselia|[miss]\n|-miss|p1a: Murkrow|p2a: Cresselia\n|move|p2b: Kingambit|Kowtow Cleave|p1b: Lurantis\n|-activate|p1b: Lurantis|move: Protect\n|\n|-heal|p1b: Lurantis|43\/100|[from] item: Leftovers\n|upkeep\n|turn|7\n|\n|t:|1698202095\n|move|p1a: Murkrow|Screech|p1b: Lurantis\n|-boost|p1b: Lurantis|def|2\n|move|p1b: Lurantis|Leech Life|p2b: Kingambit\n|-supereffective|p2b: Kingambit\n|-damage|p2b: Kingambit|29\/100\n|-heal|p1b: Lurantis|85\/100|[from] drain|[of] p2b: Kingambit\n|move|p2b: Kingambit|Kowtow Cleave|p1b: Lurantis\n|-damage|p1b: Lurantis|54\/100\n|move|p2a: Cresselia|Trick Room|p2a: Cresselia\n|-fieldstart|move: Trick Room|[of] p2a: Cresselia\n|\n|-heal|p1b: Lurantis|60\/100|[from] item: Leftovers\n|upkeep\n|turn|8\n|\n|t:|1698202111\n|move|p2a: Cresselia|Helping Hand|p2b: Kingambit\n|-singleturn|p2b: Kingambit|Helping Hand|[of] p2a: Cresselia\n|move|p1b: Lurantis|Protect|p1b: Lurantis\n|-singleturn|p1b: Lurantis|Protect\n|move|p1a: Murkrow|Thunder Wave|p2a: Cresselia\n|-status|p2a: Cresselia|par\n|move|p2b: Kingambit|Kowtow Cleave|p1b: Lurantis\n|-activate|p1b: Lurantis|move: Protect\n|\n|-heal|p1b: Lurantis|66\/100|[from] item: Leftovers\n|upkeep\n|turn|9\n|\n|t:|1698202135\n|cant|p2a: Cresselia|par\n|move|p1a: Murkrow|Screech|p1b: Lurantis\n|-boost|p1b: Lurantis|def|1\n|move|p2b: Kingambit|Kowtow Cleave|p1b: Lurantis\n|-damage|p1b: Lurantis|39\/100\n|move|p1b: Lurantis|Leech Life|p2b: Kingambit\n|-supereffective|p2b: Kingambit\n|-damage|p2b: Kingambit|0 fnt\n|-heal|p1b: Lurantis|56\/100|[from] drain|[of] p2b: Kingambit\n|faint|p2b: Kingambit\n|-end|p2b: Kingambit|fallenundefined|[silent]\n|\n|-heal|p1b: Lurantis|62\/100|[from] item: Leftovers\n|upkeep\n|\n|t:|1698202146\n|switch|p2b: Amoonguss|Amoonguss, M|100\/100\n|turn|10\n|\n|t:|1698202168\n|move|p1a: Murkrow|Thunder Wave|p2b: Amoonguss\n|-status|p2b: Amoonguss|par\n|move|p2b: Amoonguss|Spore|p1b: Lurantis\n|-status|p1b: Lurantis|slp|[from] move: Spore\n|move|p2a: Cresselia|Moonlight|p2a: Cresselia\n|-fail|p2a: Cresselia|heal\n|cant|p1b: Lurantis|slp\n|\n|-heal|p1b: Lurantis|68\/100 slp|[from] item: Leftovers\n|upkeep\n|turn|11\n|\n|t:|1698202182\n|cant|p2a: Cresselia|par\n|cant|p1b: Lurantis|slp\n|move|p2b: Amoonguss|Sludge Bomb|p1a: Murkrow\n|-damage|p1a: Murkrow|26\/100\n|-status|p1a: Murkrow|psn\n|move|p1a: Murkrow|Snarl|p2b: Amoonguss|[spread] p2a,p2b\n|-supereffective|p2a: Cresselia\n|-damage|p2a: Cresselia|88\/100 par\n|-damage|p2b: Amoonguss|88\/100 par\n|-unboost|p2a: Cresselia|spa|1\n|-unboost|p2b: Amoonguss|spa|1\n|\n|-heal|p2b: Amoonguss|94\/100 par|[from] item: Black Sludge\n|-heal|p2a: Cresselia|94\/100 par|[from] item: Leftovers\n|-heal|p1b: Lurantis|74\/100 slp|[from] item: Leftovers\n|-damage|p1a: Murkrow|13\/100 psn|[from] psn\n|-fieldend|move: Trick Room\n|upkeep\n|turn|12\n|\n|t:|1698202202\n|move|p1a: Murkrow|Feather Dance|p1b: Lurantis\n|-boost|p1b: Lurantis|atk|2\n|cant|p1b: Lurantis|slp\n|move|p2b: Amoonguss|Sludge Bomb|p1a: Murkrow\n|-damage|p1a: Murkrow|0 fnt\n|faint|p1a: Murkrow\n|move|p2a: Cresselia|Trick Room|p2a: Cresselia\n|-fieldstart|move: Trick Room|[of] p2a: Cresselia\n|\n|-heal|p2b: Amoonguss|100\/100 par|[from] item: Black Sludge\n|-heal|p2a: Cresselia|100\/100 par|[from] item: Leftovers\n|-heal|p1b: Lurantis|80\/100 slp|[from] item: Leftovers\n|upkeep\n|\n|t:|1698202214\n|switch|p1a: Grimmsnarl|Grimmsnarl, M|100\/100\n|turn|13\n|\n|t:|1698202223\n|move|p1a: Grimmsnarl|Fake Tears|p1b: Lurantis\n|-boost|p1b: Lurantis|spd|2\n|move|p2b: Amoonguss|Sludge Bomb|p1a: Grimmsnarl\n|-supereffective|p1a: Grimmsnarl\n|-damage|p1a: Grimmsnarl|58\/100\n|move|p2a: Cresselia|Psychic|p1b: Lurantis\n|-resisted|p1b: Lurantis\n|-damage|p1b: Lurantis|77\/100 slp\n|-curestatus|p1b: Lurantis|slp|[msg]\n|move|p1b: Lurantis|Leech Life|p2b: Amoonguss\n|-damage|p2b: Amoonguss|33\/100 par\n|-heal|p1b: Lurantis|100\/100|[from] drain|[of] p2b: Amoonguss\n|\n|-heal|p2b: Amoonguss|39\/100 par|[from] item: Black Sludge\n|-heal|p1a: Grimmsnarl|64\/100|[from] item: Leftovers\n|upkeep\n|turn|14\n|\n|t:|1698202238\n|move|p2a: Cresselia|Helping Hand|p2b: Amoonguss\n|-singleturn|p2b: Amoonguss|Helping Hand|[of] p2a: Cresselia\n|move|p1a: Grimmsnarl|Fake Tears|p1b: Lurantis\n|-boost|p1b: Lurantis|spd|2\n|move|p2b: Amoonguss|Sludge Bomb|p1a: Grimmsnarl\n|-supereffective|p1a: Grimmsnarl\n|-damage|p1a: Grimmsnarl|11\/100\n|move|p1b: Lurantis|Leech Life|p2b: Amoonguss\n|-crit|p2b: Amoonguss\n|-damage|p2b: Amoonguss|0 fnt\n|faint|p2b: Amoonguss\n|\n|-heal|p1a: Grimmsnarl|17\/100|[from] item: Leftovers\n|upkeep\n|-message|snomsicals forfeited.\n|\n|win|SXD2002\n|raw|SXD2002's rating: 1083 &rarr; <strong>1117<\/strong><br \/>(+34 for winning)\n|raw|snomsicals's rating: 1164 &rarr; <strong>1133<\/strong><br \/>(-31 for losing)\n|l|\u2606snomsicals\n","uploadtime":1698202250,"views":14,"p1id":"sxd2002","p2id":"snomsicals","formatid":"gen9doublesou","rating":1117,"private":0,"password":""}