{"id":"gen9doublesou-1993703765","p1":"Destrt","p2":"CoreSolis","format":"[Gen 9] Doubles OU","log":"|j|\u2606Destrt\n|j|\u2606CoreSolis\n|t:|1700347425\n|gametype|doubles\n|player|p1|Destrt|drayden|1074\n|player|p2|CoreSolis|pokemonrangerf|1176\n|teamsize|p1|6\n|teamsize|p2|6\n|gen|9\n|tier|[Gen 9] Doubles OU\n|rated|\n|rule|Species Clause: Limit one of each Pok\u00e9mon\n|rule|OHKO Clause: OHKO moves are banned\n|rule|Evasion Moves Clause: Evasion moves are banned\n|rule|Gravity Sleep Clause: The combination of sleep-inducing moves with imperfect accuracy and Gravity or Gigantamax Orbeetle are banned\n|rule|Endless Battle Clause: Forcing endless battles is banned\n|rule|HP Percentage Mod: HP is shown in percentages\n|clearpoke\n|poke|p1|Kleavor, F|\n|poke|p1|Kommo-o, F|\n|poke|p1|Wyrdeer, M|\n|poke|p1|Azumarill, F|\n|poke|p1|Lurantis, M|\n|poke|p1|Gholdengo|\n|poke|p2|Zoroark-Hisui, M|\n|poke|p2|Sinistcha-Masterpiece|\n|poke|p2|Enamorus, F|\n|poke|p2|Tornadus, M|\n|poke|p2|Volcarona, F|\n|poke|p2|Ogerpon-Hearthflame, F|\n|teampreview\n|inactive|Battle timer is ON: inactive players will automatically lose when time's up. (requested by Destrt)\n|c|\u2606CoreSolis|glhf\n|\n|t:|1700347439\n|start\n|switch|p1a: Kommo-o|Kommo-o, F|100\/100\n|switch|p1b: Azumarill|Azumarill, F|100\/100\n|switch|p2a: Tornadus|Tornadus, M|100\/100\n|switch|p2b: Volcarona|Volcarona, F|100\/100\n|turn|1\n|\n|t:|1700347461\n|move|p2a: Tornadus|Tailwind|p2a: Tornadus\n|-sidestart|p2: CoreSolis|move: Tailwind\n|move|p2b: Volcarona|Hyper Voice|p1a: Kommo-o|[spread] p1a,p1b\n|-damage|p1a: Kommo-o|66\/100\n|-damage|p1b: Azumarill|65\/100\n|move|p1a: Kommo-o|Clangorous Soul|p1a: Kommo-o\n|-boost|p1a: Kommo-o|atk|1\n|-boost|p1a: Kommo-o|def|1\n|-boost|p1a: Kommo-o|spa|1\n|-boost|p1a: Kommo-o|spd|1\n|-boost|p1a: Kommo-o|spe|1\n|-damage|p1a: Kommo-o|33\/100\n|-enditem|p1a: Kommo-o|Throat Spray\n|-boost|p1a: Kommo-o|spa|1|[from] item: Throat Spray\n|move|p1b: Azumarill|Liquidation|p2b: Volcarona\n|-damage|p2b: Volcarona|0 fnt\n|replace|p2b: Zoroark|Zoroark-Hisui, M, shiny\n|-end|p2b: Zoroark|Illusion\n|faint|p2b: Zoroark\n|\n|upkeep\n|\n|t:|1700347475\n|switch|p2b: Ogerpon|Ogerpon-Hearthflame, F|100\/100\n|-ability|p2b: Ogerpon|Mold Breaker\n|turn|2\n|\n|t:|1700347497\n|move|p2a: Tornadus|Bleakwind Storm|p1a: Kommo-o|[spread] p1a,p1b\n|-supereffective|p1a: Kommo-o\n|-damage|p1a: Kommo-o|0 fnt\n|-damage|p1b: Azumarill|20\/100\n|faint|p1a: Kommo-o\n|move|p2b: Ogerpon|Ivy Cudgel|p1b: Azumarill|[anim] Ivy Cudgel Fire\n|-resisted|p1b: Azumarill\n|-damage|p1b: Azumarill|0 fnt\n|faint|p1b: Azumarill\n|\n|upkeep\n|\n|t:|1700347508\n|switch|p1a: Kleavor|Kleavor, F|100\/100\n|switch|p1b: Wyrdeer|Wyrdeer, M|100\/100\n|-ability|p1b: Wyrdeer|Intimidate|boost\n|-unboost|p2a: Tornadus|atk|1\n|-unboost|p2b: Ogerpon|atk|1\n|turn|3\n|\n|t:|1700347525\n|-terastallize|p1a: Kleavor|Water\n|move|p2a: Tornadus|Taunt|p1b: Wyrdeer\n|-start|p1b: Wyrdeer|move: Taunt\n|move|p2b: Ogerpon|Knock Off|p1b: Wyrdeer\n|-supereffective|p1b: Wyrdeer\n|-crit|p1b: Wyrdeer\n|-damage|p1b: Wyrdeer|0 fnt\n|-enditem|p1b: Wyrdeer|Leftovers|[from] move: Knock Off|[of] p2b: Ogerpon\n|faint|p1b: Wyrdeer\n|move|p1a: Kleavor|Stone Axe|p2b: Ogerpon\n|-supereffective|p2b: Ogerpon\n|-damage|p2b: Ogerpon|0 fnt\n|-sidestart|p2: CoreSolis|move: Stealth Rock\n|faint|p2b: Ogerpon\n|\n|upkeep\n|\n|t:|1700347540\n|switch|p2b: Sinistcha|Sinistcha-Masterpiece, shiny|100\/100\n|switch|p1b: Gholdengo|Gholdengo|100\/100\n|-damage|p2b: Sinistcha|88\/100|[from] Stealth Rock\n|turn|4\n|\n|t:|1700347560\n|-terastallize|p2b: Sinistcha|Water\n|move|p2a: Tornadus|Protect|p2a: Tornadus\n|-singleturn|p2a: Tornadus|Protect\n|move|p2b: Sinistcha|Matcha Gotcha|p1a: Kleavor|[spread] p1b\n|-miss|p2b: Sinistcha|p1a: Kleavor\n|-resisted|p1b: Gholdengo\n|-damage|p1b: Gholdengo|80\/100\n|-heal|p2b: Sinistcha|97\/100|[from] drain|[of] p1b: Gholdengo\n|-status|p1b: Gholdengo|brn\n|move|p1b: Gholdengo|Power Gem|p2a: Tornadus\n|-activate|p2a: Tornadus|move: Protect\n|move|p1a: Kleavor|X-Scissor|p2b: Sinistcha\n|-damage|p2b: Sinistcha|36\/100\n|\n|-heal|p2b: Sinistcha|42\/100|[from] item: Leftovers\n|-damage|p1b: Gholdengo|74\/100 brn|[from] brn\n|-sideend|p2: CoreSolis|move: Tailwind\n|upkeep\n|turn|5\n|\n|t:|1700347585\n|switch|p1a: Lurantis|Lurantis, M|100\/100\n|move|p2a: Tornadus|Tailwind|p2a: Tornadus\n|-sidestart|p2: CoreSolis|move: Tailwind\n|move|p2b: Sinistcha|Shadow Ball|p1b: Gholdengo\n|-supereffective|p1b: Gholdengo\n|-damage|p1b: Gholdengo|0 fnt\n|faint|p1b: Gholdengo\n|\n|-heal|p2b: Sinistcha|48\/100|[from] item: Leftovers\n|upkeep\n|inactive|Destrt has 120 seconds left.\n|\n|t:|1700347597\n|switch|p1b: Kleavor|Kleavor, F, tera:Water|100\/100\n|turn|6\n|\n|t:|1700347617\n|move|p2a: Tornadus|Protect|p2a: Tornadus\n|-singleturn|p2a: Tornadus|Protect\n|move|p2b: Sinistcha|Matcha Gotcha|p1b: Kleavor|[spread] p1a\n|-miss|p2b: Sinistcha|p1b: Kleavor\n|-resisted|p1a: Lurantis\n|-damage|p1a: Lurantis|83\/100\n|-heal|p2b: Sinistcha|57\/100|[from] drain|[of] p1a: Lurantis\n|move|p1b: Kleavor|Stone Axe|p2a: Tornadus\n|-activate|p2a: Tornadus|move: Protect\n|move|p1a: Lurantis|Leaf Storm|p2b: Sinistcha|[miss]\n|-miss|p1a: Lurantis|p2b: Sinistcha\n|\n|-heal|p2b: Sinistcha|63\/100|[from] item: Leftovers\n|upkeep\n|turn|7\n|\n|t:|1700347638\n|move|p2a: Tornadus|Bleakwind Storm|p1a: Lurantis|[spread] p1a,p1b\n|-supereffective|p1a: Lurantis\n|-damage|p1a: Lurantis|0 fnt\n|-damage|p1b: Kleavor|68\/100\n|faint|p1a: Lurantis\n|move|p2b: Sinistcha|Matcha Gotcha|p1b: Kleavor\n|-supereffective|p1b: Kleavor\n|-damage|p1b: Kleavor|0 fnt\n|-heal|p2b: Sinistcha|97\/100|[from] drain|[of] p1b: Kleavor\n|faint|p1b: Kleavor\n|\n|win|CoreSolis\n|raw|Destrt's rating: 1074 &rarr; <strong>1059<\/strong><br \/>(-15 for losing)\n|raw|CoreSolis's rating: 1176 &rarr; <strong>1194<\/strong><br \/>(+18 for winning)\n|c|\u2606CoreSolis|gg\n|l|\u2606Destrt\n","uploadtime":1700347649,"views":13,"p1id":"destrt","p2id":"coresolis","formatid":"gen9doublesou","rating":1059,"private":0,"password":""}