{"id":"gen9doublesou-1980504030","p1":"uhdfhadfdaf","p2":"FailuresOfGabe","format":"[Gen 9] Doubles OU","log":"|j|\u2606uhdfhadfdaf\n|j|\u2606FailuresOfGabe\n|t:|1698791324\n|gametype|doubles\n|player|p1|uhdfhadfdaf|cynthia-gen4|1176\n|player|p2|FailuresOfGabe|1|1154\n|teamsize|p1|6\n|teamsize|p2|6\n|gen|9\n|tier|[Gen 9] Doubles OU\n|rated|\n|rule|Species Clause: Limit one of each Pok\u00e9mon\n|rule|OHKO Clause: OHKO moves are banned\n|rule|Evasion Moves Clause: Evasion moves are banned\n|rule|Gravity Sleep Clause: The combination of sleep-inducing moves with imperfect accuracy and Gravity or Gigantamax Orbeetle are banned\n|rule|Endless Battle Clause: Forcing endless battles is banned\n|rule|HP Percentage Mod: HP is shown in percentages\n|clearpoke\n|poke|p1|Torterra, M|\n|poke|p1|Golduck, M|\n|poke|p1|Sinistcha-Masterpiece|\n|poke|p1|Sableye, M|\n|poke|p1|Diancie|\n|poke|p1|Corviknight, M|\n|poke|p2|Roaring Moon|\n|poke|p2|Torkoal, M|\n|poke|p2|Flutter Mane|\n|poke|p2|Armarouge, M|\n|poke|p2|Dragonite, M|\n|poke|p2|Garganacl, F|\n|teampreview\n|\n|t:|1698791333\n|start\n|switch|p1a: TOILET WRECKA|Torterra, M|100\/100\n|switch|p1b: 0gerpon|Golduck, M|100\/100\n|switch|p2a: Roaring Moon|Roaring Moon|100\/100\n|switch|p2b: Torkoal|Torkoal, M|100\/100\n|-ability|p1b: 0gerpon|Cloud Nine\n|-weather|SunnyDay|[from] ability: Drought|[of] p2b: Torkoal\n|turn|1\n|inactive|Battle timer is ON: inactive players will automatically lose when time's up. (requested by uhdfhadfdaf)\n|\n|t:|1698791358\n|move|p1b: 0gerpon|Simple Beam|p1a: TOILET WRECKA\n|-endability|p1a: TOILET WRECKA|Shell Armor|[from] move: Simple Beam\n|-ability|p1a: TOILET WRECKA|Simple|[from] move: Simple Beam\n|move|p2a: Roaring Moon|Tailwind|p2a: Roaring Moon\n|-sidestart|p2: FailuresOfGabe|move: Tailwind\n|move|p1a: TOILET WRECKA|Shell Smash|p1a: TOILET WRECKA\n|-unboost|p1a: TOILET WRECKA|def|2\n|-unboost|p1a: TOILET WRECKA|spd|2\n|-boost|p1a: TOILET WRECKA|atk|4\n|-boost|p1a: TOILET WRECKA|spa|4\n|-boost|p1a: TOILET WRECKA|spe|4\n|-enditem|p1a: TOILET WRECKA|White Herb\n|-clearnegativeboost|p1a: TOILET WRECKA|[silent]\n|move|p2b: Torkoal|Eruption|p1a: TOILET WRECKA|[spread] p1a,p1b\n|-supereffective|p1a: TOILET WRECKA\n|-resisted|p1b: 0gerpon\n|-damage|p1a: TOILET WRECKA|23\/100\n|-damage|p1b: 0gerpon|81\/100\n|\n|-weather|SunnyDay|[upkeep]\n|upkeep\n|turn|2\n|inactive|uhdfhadfdaf has 120 seconds left.\n|inactive|FailuresOfGabe has 120 seconds left.\n|\n|t:|1698791397\n|switch|p1b: RAHHHHHHHHHHHHHHHH|Sinistcha-Masterpiece|100\/100\n|-heal|p1a: TOILET WRECKA|48\/100|[from] ability: Hospitality|[of] p1b: RAHHHHHHHHHHHHHHHH\n|-terastallize|p1a: TOILET WRECKA|Steel\n|move|p1a: TOILET WRECKA|Earthquake|p2b: Torkoal|[spread] p1b,p2a,p2b\n|-resisted|p1b: RAHHHHHHHHHHHHHHHH\n|-supereffective|p2b: Torkoal\n|-damage|p1b: RAHHHHHHHHHHHHHHHH|38\/100\n|-damage|p2a: Roaring Moon|0 fnt\n|-damage|p2b: Torkoal|0 fnt\n|faint|p2a: Roaring Moon\n|-end|p2a: Roaring Moon|Protosynthesis|[silent]\n|faint|p2b: Torkoal\n|\n|-weather|SunnyDay|[upkeep]\n|upkeep\n|\n|t:|1698791418\n|switch|p2a: Flutter Mane|Flutter Mane|100\/100\n|switch|p2b: Dragonite|Dragonite, M|100\/100\n|-activate|p2a: Flutter Mane|ability: Protosynthesis\n|-start|p2a: Flutter Mane|protosynthesisspa\n|turn|3\n|inactive|FailuresOfGabe has 120 seconds left.\n|\n|t:|1698791441\n|move|p1b: RAHHHHHHHHHHHHHHHH|Rage Powder|p1b: RAHHHHHHHHHHHHHHHH\n|-singleturn|p1b: RAHHHHHHHHHHHHHHHH|move: Rage Powder\n|move|p2a: Flutter Mane|Shadow Ball|p1b: RAHHHHHHHHHHHHHHHH\n|-supereffective|p1b: RAHHHHHHHHHHHHHHHH\n|-damage|p1b: RAHHHHHHHHHHHHHHHH|0 fnt\n|faint|p1b: RAHHHHHHHHHHHHHHHH\n|move|p1a: TOILET WRECKA|Rock Slide|p2b: Dragonite|[spread] p2a,p2b\n|-supereffective|p2b: Dragonite\n|-damage|p2a: Flutter Mane|0 fnt\n|-damage|p2b: Dragonite|48\/100\n|faint|p2a: Flutter Mane\n|-end|p2a: Flutter Mane|Protosynthesis|[silent]\n|move|p2b: Dragonite|Dragon Dance|p2b: Dragonite\n|-boost|p2b: Dragonite|atk|1\n|-boost|p2b: Dragonite|spe|1\n|\n|-weather|SunnyDay|[upkeep]\n|upkeep\n|inactive|FailuresOfGabe has 120 seconds left.\n|\n|t:|1698791455\n|switch|p2a: Armarouge|Armarouge, M|100\/100\n|switch|p1b: Devious|Sableye, M, shiny|100\/100\n|turn|4\n|inactive|FailuresOfGabe has 120 seconds left.\n|\n|t:|1698791489\n|move|p1b: Devious|Encore|p2b: Dragonite\n|-start|p2b: Dragonite|Encore\n|move|p2b: Dragonite|Dragon Dance|p2b: Dragonite\n|-boost|p2b: Dragonite|atk|1\n|-boost|p2b: Dragonite|spe|1\n|move|p1a: TOILET WRECKA|Rock Slide|p2b: Dragonite|[spread] p2a,p2b\n|-supereffective|p2a: Armarouge\n|-supereffective|p2b: Dragonite\n|-damage|p2a: Armarouge|5\/100\n|-damage|p2b: Dragonite|0 fnt\n|-ability|p2a: Armarouge|Weak Armor|boost\n|-unboost|p2a: Armarouge|def|1\n|-boost|p2a: Armarouge|spe|2\n|faint|p2b: Dragonite\n|move|p2a: Armarouge|Calm Mind|p2a: Armarouge\n|-boost|p2a: Armarouge|spa|1\n|-boost|p2a: Armarouge|spd|1\n|\n|-weather|SunnyDay|[upkeep]\n|-heal|p2a: Armarouge|11\/100|[from] item: Leftovers\n|-sideend|p2: FailuresOfGabe|move: Tailwind\n|upkeep\n|\n|t:|1698791502\n|switch|p2b: Garganacl|Garganacl, F|100\/100\n|turn|5\n|\n|t:|1698791512\n|move|p1b: Devious|Shadow Sneak|p2a: Armarouge\n|-supereffective|p2a: Armarouge\n|-damage|p2a: Armarouge|0 fnt\n|faint|p2a: Armarouge\n|move|p1a: TOILET WRECKA|Wood Hammer|p2b: Garganacl\n|-supereffective|p2b: Garganacl\n|-damage|p2b: Garganacl|0 fnt\n|-damage|p1a: TOILET WRECKA|31\/100|[from] item: Rocky Helmet|[of] p2b: Garganacl\n|faint|p2b: Garganacl\n|-damage|p1a: TOILET WRECKA|0 fnt|[from] Recoil\n|faint|p1a: TOILET WRECKA\n|\n|win|uhdfhadfdaf\n|raw|uhdfhadfdaf's rating: 1176 &rarr; <strong>1199<\/strong><br \/>(+23 for winning)\n|raw|FailuresOfGabe's rating: 1154 &rarr; <strong>1131<\/strong><br \/>(-23 for losing)\n|c|\u2606FailuresOfGabe|gg\n|c|\u2606uhdfhadfdaf|g\n|l|\u2606FailuresOfGabe\n|c|\u2606uhdfhadfdaf|g\n","uploadtime":1698791527,"views":15,"p1id":"uhdfhadfdaf","p2id":"failuresofgabe","formatid":"gen9doublesou","rating":1131,"private":0,"password":""}