{"id":"gen9doublesou-1973021183","p1":"Thehombre","p2":"fund gruh","format":"[Gen 9] Doubles OU","log":"|j|\u2606Thehombre\n|j|\u2606fund gruh\n|t:|1697919222\n|gametype|doubles\n|player|p1|Thehombre|266|1080\n|player|p2|fund gruh|2|1116\n|teamsize|p1|6\n|teamsize|p2|6\n|gen|9\n|tier|[Gen 9] Doubles OU\n|rated|\n|rule|Species Clause: Limit one of each Pok\u00e9mon\n|rule|OHKO Clause: OHKO moves are banned\n|rule|Evasion Moves Clause: Evasion moves are banned\n|rule|Gravity Sleep Clause: The combination of sleep-inducing moves with imperfect accuracy and Gravity or Gigantamax Orbeetle are banned\n|rule|Endless Battle Clause: Forcing endless battles is banned\n|rule|HP Percentage Mod: HP is shown in percentages\n|clearpoke\n|poke|p1|Fezandipiti, M|\n|poke|p1|Overqwil, M|\n|poke|p1|Munkidori, M|\n|poke|p1|Landorus, M|\n|poke|p1|Corviknight, F|\n|poke|p1|Muk-Alola, M|\n|poke|p2|Ceruledge, M|\n|poke|p2|Chien-Pao|\n|poke|p2|Ogerpon-Wellspring, F|\n|poke|p2|Gholdengo|\n|poke|p2|Toxicroak, F|\n|poke|p2|Flutter Mane|\n|teampreview\n|inactive|Battle timer is ON: inactive players will automatically lose when time's up. (requested by fund gruh)\n|\n|t:|1697919228\n|start\n|switch|p1a: Fezandipiti|Fezandipiti, M|100\/100\n|switch|p1b: Overqwil|Overqwil, M|100\/100\n|switch|p2a: Toxicroak|Toxicroak, F|100\/100\n|switch|p2b: Flutter Mane|Flutter Mane|100\/100\n|turn|1\n|\n|t:|1697919240\n|move|p2a: Toxicroak|Fake Out|p1b: Overqwil\n|-damage|p1b: Overqwil|86\/100\n|move|p2b: Flutter Mane|Shadow Ball|p1a: Fezandipiti\n|-damage|p1a: Fezandipiti|64\/100\n|move|p1a: Fezandipiti|Icy Wind|p2a: Toxicroak|[spread] p2a,p2b\n|-damage|p2a: Toxicroak|86\/100\n|-damage|p2b: Flutter Mane|90\/100\n|-unboost|p2a: Toxicroak|spe|1\n|-unboost|p2b: Flutter Mane|spe|1\n|-status|p2b: Flutter Mane|tox|[from] ability: Toxic Chain|[of] p1a: Fezandipiti\n|cant|p1b: Overqwil|flinch\n|\n|-heal|p1a: Fezandipiti|70\/100|[from] item: Leftovers\n|-damage|p2b: Flutter Mane|84\/100 tox|[from] psn\n|upkeep\n|turn|2\n|\n|t:|1697919257\n|move|p1a: Fezandipiti|Heat Wave|p2a: Toxicroak|[spread] p2a\n|-miss|p1a: Fezandipiti|p2b: Flutter Mane\n|-damage|p2a: Toxicroak|61\/100\n|move|p1b: Overqwil|Barb Barrage|p2b: Flutter Mane\n|-damage|p2b: Flutter Mane|0 fnt\n|faint|p2b: Flutter Mane\n|-end|p2b: Flutter Mane|Protosynthesis|[silent]\n|move|p2a: Toxicroak|Knock Off|p1b: Overqwil\n|-resisted|p1b: Overqwil\n|-damage|p1b: Overqwil|74\/100\n|\n|-heal|p1a: Fezandipiti|76\/100|[from] item: Leftovers\n|upkeep\n|\n|t:|1697919275\n|switch|p2b: Gholdengo|Gholdengo|100\/100\n|turn|3\n|\n|t:|1697919284\n|move|p1a: Fezandipiti|Beat Up|p2b: Gholdengo\n|-supereffective|p2b: Gholdengo\n|-damage|p2b: Gholdengo|94\/100\n|-supereffective|p2b: Gholdengo\n|-damage|p2b: Gholdengo|85\/100\n|-supereffective|p2b: Gholdengo\n|-damage|p2b: Gholdengo|78\/100\n|-supereffective|p2b: Gholdengo\n|-damage|p2b: Gholdengo|69\/100\n|-supereffective|p2b: Gholdengo\n|-crit|p2b: Gholdengo\n|-damage|p2b: Gholdengo|59\/100\n|-supereffective|p2b: Gholdengo\n|-damage|p2b: Gholdengo|51\/100\n|-hitcount|p2b: Gholdengo|6\n|move|p1b: Overqwil|Crunch|p2b: Gholdengo\n|-supereffective|p2b: Gholdengo\n|-damage|p2b: Gholdengo|0 fnt\n|faint|p2b: Gholdengo\n|move|p2a: Toxicroak|Drain Punch|p1b: Overqwil\n|-damage|p1b: Overqwil|34\/100\n|-heal|p2a: Toxicroak|82\/100|[from] drain|[of] p1b: Overqwil\n|\n|-heal|p1a: Fezandipiti|82\/100|[from] item: Leftovers\n|upkeep\n|\n|t:|1697919300\n|switch|p2b: Chien-Pao|Chien-Pao|100\/100\n|-ability|p2b: Chien-Pao|Sword of Ruin\n|turn|4\n|\n|t:|1697919314\n|move|p2b: Chien-Pao|Icy Wind|p1a: Fezandipiti|[spread] p1b\n|-miss|p2b: Chien-Pao|p1a: Fezandipiti\n|-damage|p1b: Overqwil|15\/100\n|-unboost|p1b: Overqwil|spe|1\n|move|p1a: Fezandipiti|Beat Up|p2b: Chien-Pao\n|-resisted|p2b: Chien-Pao\n|-damage|p2b: Chien-Pao|98\/100\n|-resisted|p2b: Chien-Pao\n|-damage|p2b: Chien-Pao|96\/100\n|-status|p2b: Chien-Pao|tox|[from] ability: Toxic Chain|[of] p1a: Fezandipiti\n|-resisted|p2b: Chien-Pao\n|-damage|p2b: Chien-Pao|94\/100 tox\n|-resisted|p2b: Chien-Pao\n|-damage|p2b: Chien-Pao|92\/100 tox\n|-resisted|p2b: Chien-Pao\n|-damage|p2b: Chien-Pao|90\/100 tox\n|-resisted|p2b: Chien-Pao\n|-damage|p2b: Chien-Pao|88\/100 tox\n|-hitcount|p2b: Chien-Pao|6\n|move|p2a: Toxicroak|Drain Punch|p1b: Overqwil\n|-damage|p1b: Overqwil|0 fnt\n|-heal|p2a: Toxicroak|89\/100|[from] drain|[of] p1b: Overqwil\n|faint|p1b: Overqwil\n|\n|-heal|p1a: Fezandipiti|88\/100|[from] item: Leftovers\n|-damage|p2b: Chien-Pao|82\/100 tox|[from] psn\n|upkeep\n|\n|t:|1697919335\n|switch|p1b: Munkidori|Munkidori, M|100\/100\n|turn|5\n|\n|t:|1697919348\n|move|p2b: Chien-Pao|Icy Wind|p1b: Munkidori|[spread] p1a,p1b\n|-damage|p1a: Fezandipiti|77\/100\n|-damage|p1b: Munkidori|85\/100\n|-unboost|p1a: Fezandipiti|spe|1\n|-unboost|p1b: Munkidori|spe|1\n|move|p1b: Munkidori|Sludge Wave|p2a: Toxicroak|[spread] p1a,p2a,p2b\n|-resisted|p2a: Toxicroak\n|-damage|p1a: Fezandipiti|39\/100\n|-damage|p2a: Toxicroak|53\/100\n|-damage|p2b: Chien-Pao|32\/100 tox\n|move|p1a: Fezandipiti|Icy Wind|p2a: Toxicroak|[spread] p2a,p2b\n|-resisted|p2b: Chien-Pao\n|-damage|p2a: Toxicroak|37\/100\n|-damage|p2b: Chien-Pao|27\/100 tox\n|-unboost|p2a: Toxicroak|spe|1\n|-unboost|p2b: Chien-Pao|spe|1\n|move|p2a: Toxicroak|Knock Off|p1b: Munkidori\n|-supereffective|p1b: Munkidori\n|-damage|p1b: Munkidori|0 fnt\n|-enditem|p1b: Munkidori|Poison Barb|[from] move: Knock Off|[of] p2a: Toxicroak\n|faint|p1b: Munkidori\n|\n|-heal|p1a: Fezandipiti|45\/100|[from] item: Leftovers\n|-damage|p2b: Chien-Pao|15\/100 tox|[from] psn\n|upkeep\n|\n|t:|1697919366\n|switch|p1b: Landorus|Landorus, M|100\/100\n|turn|6\n|\n|t:|1697919375\n|switch|p1a: Muk|Muk-Alola, M|100\/100\n|move|p1b: Landorus|Earth Power|p2b: Chien-Pao\n|-crit|p2b: Chien-Pao\n|-damage|p2b: Chien-Pao|0 fnt\n|faint|p2b: Chien-Pao\n|move|p2a: Toxicroak|Drain Punch|p1a: Muk\n|-damage|p1a: Muk|65\/100\n|-heal|p2a: Toxicroak|61\/100|[from] drain|[of] p1a: Muk\n|\n|-heal|p1a: Muk|71\/100|[from] item: Leftovers\n|upkeep\n|\n|t:|1697919382\n|switch|p2b: Ogerpon|Ogerpon-Wellspring, F|100\/100\n|turn|7\n|\n|t:|1697919392\n|move|p2b: Ogerpon|Ivy Cudgel|p1b: Landorus\n|-supereffective|p1b: Landorus\n|-damage|p1b: Landorus|0 fnt\n|faint|p1b: Landorus\n|move|p2a: Toxicroak|Drain Punch|p1a: Muk\n|-damage|p1a: Muk|33\/100\n|-heal|p2a: Toxicroak|86\/100|[from] drain|[of] p1a: Muk\n|move|p1a: Muk|Poison Jab|p2b: Ogerpon\n|-supereffective|p2b: Ogerpon\n|-damage|p2b: Ogerpon|0 fnt\n|faint|p2b: Ogerpon\n|\n|-heal|p1a: Muk|39\/100|[from] item: Leftovers\n|upkeep\n|\n|t:|1697919402\n|switch|p2b: Ceruledge|Ceruledge, M, shiny|100\/100\n|switch|p1b: Corviknight|Corviknight, F|100\/100\n|turn|8\n|\n|t:|1697919414\n|move|p2b: Ceruledge|Bitter Blade|p1b: Corviknight\n|-supereffective|p1b: Corviknight\n|-damage|p1b: Corviknight|17\/100\n|move|p1b: Corviknight|Drill Peck|p2a: Toxicroak\n|-supereffective|p2a: Toxicroak\n|-damage|p2a: Toxicroak|0 fnt\n|faint|p2a: Toxicroak\n|move|p1a: Muk|Crunch|p2b: Ceruledge\n|-supereffective|p2b: Ceruledge\n|-enditem|p2b: Ceruledge|Focus Sash\n|-damage|p2b: Ceruledge|1\/100\n|-ability|p2b: Ceruledge|Weak Armor|boost\n|-unboost|p2b: Ceruledge|def|1\n|-boost|p2b: Ceruledge|spe|2\n|\n|-heal|p1b: Corviknight|23\/100|[from] item: Leftovers\n|-heal|p1a: Muk|45\/100|[from] item: Leftovers\n|upkeep\n|turn|9\n|\n|t:|1697919428\n|move|p2b: Ceruledge|Bitter Blade|p1b: Corviknight\n|-supereffective|p1b: Corviknight\n|-damage|p1b: Corviknight|0 fnt\n|-heal|p2b: Ceruledge|14\/100|[from] drain|[of] p1b: Corviknight\n|faint|p1b: Corviknight\n|move|p1a: Muk|Crunch|p2b: Ceruledge\n|-supereffective|p2b: Ceruledge\n|-damage|p2b: Ceruledge|0 fnt\n|faint|p2b: Ceruledge\n|\n|win|Thehombre\n|raw|Thehombre's rating: 1080 &rarr; <strong>1111<\/strong><br \/>(+31 for winning)\n|raw|fund gruh's rating: 1116 &rarr; <strong>1088<\/strong><br \/>(-28 for losing)\n","uploadtime":1697919433,"views":20,"p1id":"thehombre","p2id":"fundgruh","formatid":"gen9doublesou","rating":1088,"private":0,"password":""}