{"id":"gen9doublesou-1994318544","p1":"Forzarismo","p2":"PlanetDarkrai","format":"[Gen 9] Doubles OU","log":"|j|\u2606Forzarismo\n|j|\u2606PlanetDarkrai\n|t:|1700430566\n|gametype|doubles\n|player|p1|Forzarismo|veteran|1312\n|player|p2|PlanetDarkrai|grimsley|1386\n|teamsize|p1|6\n|teamsize|p2|6\n|gen|9\n|tier|[Gen 9] Doubles OU\n|rated|\n|rule|Species Clause: Limit one of each Pok\u00e9mon\n|rule|OHKO Clause: OHKO moves are banned\n|rule|Evasion Moves Clause: Evasion moves are banned\n|rule|Gravity Sleep Clause: The combination of sleep-inducing moves with imperfect accuracy and Gravity or Gigantamax Orbeetle are banned\n|rule|Endless Battle Clause: Forcing endless battles is banned\n|rule|HP Percentage Mod: HP is shown in percentages\n|clearpoke\n|poke|p1|Pincurchin, M|\n|poke|p1|Iron Leaves|\n|poke|p1|Iron Bundle|\n|poke|p1|Iron Moth|\n|poke|p1|Iron Hands|\n|poke|p1|Iron Valiant|\n|poke|p2|Walking Wake|\n|poke|p2|Flutter Mane|\n|poke|p2|Volcanion|\n|poke|p2|Landorus-Therian, M|\n|poke|p2|Dragonite, F|\n|poke|p2|Ninetales, M|\n|teampreview\n|inactive|Battle timer is ON: inactive players will automatically lose when time's up. (requested by PlanetDarkrai)\n|\n|t:|1700430581\n|start\n|switch|p1a: Pincurchin|Pincurchin, M|100\/100\n|switch|p1b: Iron Valiant|Iron Valiant|100\/100\n|switch|p2a: Landorus|Landorus-Therian, M|100\/100\n|switch|p2b: Flutter Mane|Flutter Mane|100\/100\n|-ability|p2a: Landorus|Intimidate|boost\n|-unboost|p1a: Pincurchin|atk|1\n|-unboost|p1b: Iron Valiant|atk|1\n|-fieldstart|move: Electric Terrain|[from] ability: Electric Surge|[of] p1a: Pincurchin\n|-activate|p1b: Iron Valiant|ability: Quark Drive\n|-start|p1b: Iron Valiant|quarkdrivespe\n|turn|1\n|inactive|Forzarismo has 120 seconds left.\n|\n|t:|1700430628\n|-end|p1b: Iron Valiant|Quark Drive|[silent]\n|switch|p1b: Iron Leaves|Iron Leaves|100\/100\n|-activate|p1b: Iron Leaves|ability: Quark Drive\n|-start|p1b: Iron Leaves|quarkdriveatk\n|move|p2a: Landorus|Earthquake|p1b: Iron Leaves|[spread] p2b,p1a,p1b\n|-supereffective|p1a: Pincurchin\n|-resisted|p1b: Iron Leaves\n|-damage|p2b: Flutter Mane|15\/100\n|-damage|p1a: Pincurchin|0 fnt\n|-damage|p1b: Iron Leaves|77\/100\n|faint|p1a: Pincurchin\n|move|p2b: Flutter Mane|Icy Wind|p1b: Iron Leaves\n|-supereffective|p1b: Iron Leaves\n|-damage|p1b: Iron Leaves|22\/100\n|-unboost|p1b: Iron Leaves|spe|1\n|-damage|p2b: Flutter Mane|5\/100|[from] item: Life Orb\n|\n|upkeep\n|\n|t:|1700430639\n|switch|p1a: Iron Bundle|Iron Bundle|100\/100\n|-activate|p1a: Iron Bundle|ability: Quark Drive\n|-start|p1a: Iron Bundle|quarkdrivespe\n|turn|2\n|inactive|Forzarismo has 120 seconds left.\n|\n|t:|1700430658\n|switch|p2a: Ninetales|Ninetales, M|100\/100\n|-weather|SunnyDay|[from] ability: Drought|[of] p2a: Ninetales\n|-activate|p2b: Flutter Mane|ability: Protosynthesis\n|-start|p2b: Flutter Mane|protosynthesisspe\n|move|p1a: Iron Bundle|Freeze-Dry|p2a: Ninetales\n|-resisted|p2a: Ninetales\n|-damage|p2a: Ninetales|68\/100\n|move|p2b: Flutter Mane|Icy Wind|p1a: Iron Bundle|[spread] p1b\n|-miss|p2b: Flutter Mane|p1a: Iron Bundle\n|-supereffective|p1b: Iron Leaves\n|-damage|p1b: Iron Leaves|0 fnt\n|faint|p1b: Iron Leaves\n|-end|p1b: Iron Leaves|Quark Drive|[silent]\n|-damage|p2b: Flutter Mane|0 fnt|[from] item: Life Orb\n|faint|p2b: Flutter Mane\n|-end|p2b: Flutter Mane|Protosynthesis|[silent]\n|\n|-weather|SunnyDay|[upkeep]\n|upkeep\n|\n|t:|1700430674\n|switch|p2b: Volcanion|Volcanion|100\/100\n|switch|p1b: Iron Hands|Iron Hands|100\/100\n|-activate|p1b: Iron Hands|ability: Quark Drive\n|-start|p1b: Iron Hands|quarkdriveatk\n|turn|3\n|\n|t:|1700430697\n|move|p2b: Volcanion|Protect|p2b: Volcanion\n|-singleturn|p2b: Volcanion|Protect\n|move|p1b: Iron Hands|Fake Out|p2a: Ninetales\n|-damage|p2a: Ninetales|26\/100\n|-damage|p1b: Iron Hands|91\/100|[from] item: Life Orb\n|move|p1a: Iron Bundle|Freeze-Dry|p2b: Volcanion\n|-activate|p2b: Volcanion|move: Protect\n|cant|p2a: Ninetales|flinch\n|\n|-weather|SunnyDay|[upkeep]\n|upkeep\n|turn|4\n|\n|t:|1700430708\n|-end|p1a: Iron Bundle|Quark Drive|[silent]\n|switch|p1a: Iron Moth|Iron Moth|100\/100\n|-activate|p1a: Iron Moth|ability: Quark Drive\n|-start|p1a: Iron Moth|quarkdrivespa\n|move|p2a: Ninetales|Helping Hand|p2b: Volcanion\n|-singleturn|p2b: Volcanion|Helping Hand|[of] p2a: Ninetales\n|move|p2b: Volcanion|Heat Wave|p1b: Iron Hands|[spread] p1a,p1b\n|-resisted|p1a: Iron Moth\n|-damage|p1a: Iron Moth|69\/100\n|-damage|p1b: Iron Hands|12\/100\n|move|p1b: Iron Hands|Wild Charge|p2b: Volcanion\n|-supereffective|p2b: Volcanion\n|-damage|p2b: Volcanion|0 fnt\n|faint|p2b: Volcanion\n|-damage|p1b: Iron Hands|0 fnt|[from] Recoil\n|faint|p1b: Iron Hands\n|-end|p1b: Iron Hands|Quark Drive|[silent]\n|\n|-weather|SunnyDay|[upkeep]\n|upkeep\n|\n|t:|1700430732\n|switch|p2b: Dragonite|Dragonite, F|100\/100\n|switch|p1b: Iron Bundle|Iron Bundle|100\/100\n|-activate|p1b: Iron Bundle|ability: Quark Drive\n|-start|p1b: Iron Bundle|quarkdrivespe\n|turn|5\n|\n|t:|1700430750\n|-terastallize|p1b: Iron Bundle|Ice\n|-terastallize|p2b: Dragonite|Steel\n|move|p1b: Iron Bundle|Freeze-Dry|p2b: Dragonite\n|-resisted|p2b: Dragonite\n|-damage|p2b: Dragonite|84\/100\n|-enditem|p2b: Dragonite|Red Card|[of] p1b: Iron Bundle\n|-end|p1b: Iron Bundle|Quark Drive|[silent]\n|drag|p1b: Iron Valiant|Iron Valiant|100\/100\n|-activate|p1b: Iron Valiant|ability: Quark Drive\n|-start|p1b: Iron Valiant|quarkdrivespe\n|move|p1a: Iron Moth|Fiery Dance|p2a: Ninetales\n|-resisted|p2a: Ninetales\n|-damage|p2a: Ninetales|0 fnt\n|-boost|p1a: Iron Moth|spa|1\n|faint|p2a: Ninetales\n|move|p2b: Dragonite|Earthquake|p1b: Iron Valiant|[spread] p1a,p1b\n|-supereffective|p1a: Iron Moth\n|-damage|p1a: Iron Moth|0 fnt\n|-damage|p1b: Iron Valiant|65\/100\n|faint|p1a: Iron Moth\n|-end|p1a: Iron Moth|Quark Drive|[silent]\n|\n|-weather|SunnyDay|[upkeep]\n|upkeep\n|\n|t:|1700430772\n|switch|p1a: Iron Bundle|Iron Bundle, tera:Ice|100\/100\n|switch|p2a: Walking Wake|Walking Wake|100\/100\n|-activate|p1a: Iron Bundle|ability: Quark Drive\n|-start|p1a: Iron Bundle|quarkdrivespe\n|-activate|p2a: Walking Wake|ability: Protosynthesis\n|-start|p2a: Walking Wake|protosynthesisspa\n|turn|6\n|\n|t:|1700430788\n|move|p1a: Iron Bundle|Freeze-Dry|p2a: Walking Wake\n|-supereffective|p2a: Walking Wake\n|-damage|p2a: Walking Wake|0 fnt\n|faint|p2a: Walking Wake\n|-end|p2a: Walking Wake|Protosynthesis|[silent]\n|move|p1b: Iron Valiant|Drain Punch|p2b: Dragonite\n|-supereffective|p2b: Dragonite\n|-crit|p2b: Dragonite\n|-damage|p2b: Dragonite|0 fnt\n|-heal|p1b: Iron Valiant|100\/100|[from] drain|[of] p2b: Dragonite\n|faint|p2b: Dragonite\n|\n|-weather|SunnyDay|[upkeep]\n|upkeep\n|\n|t:|1700430796\n|switch|p2b: Landorus|Landorus-Therian, M|100\/100\n|-ability|p2b: Landorus|Intimidate|boost\n|-unboost|p1a: Iron Bundle|atk|1\n|-unboost|p1b: Iron Valiant|atk|1\n|turn|7\n|\n|t:|1700430810\n|move|p1a: Iron Bundle|Freeze-Dry|p2b: Landorus\n|-supereffective|p2b: Landorus\n|-damage|p2b: Landorus|0 fnt\n|faint|p2b: Landorus\n|\n|win|Forzarismo\n|raw|Forzarismo's rating: 1312 &rarr; <strong>1336<\/strong><br \/>(+24 for winning)\n|raw|PlanetDarkrai's rating: 1386 &rarr; <strong>1362<\/strong><br \/>(-24 for losing)\n|l|\u2606PlanetDarkrai\n","uploadtime":1700430830,"views":3,"p1id":"forzarismo","p2id":"planetdarkrai","formatid":"gen9doublesou","rating":1336,"private":0,"password":""}