{"id":"gen9doublesou-1970918594","p1":"RLisanidiot","p2":"Swisky Dhar","format":"[Gen 9] Doubles OU","log":"|j|\u2606RLisanidiot\n|j|\u2606Swisky Dhar\n|t:|1697680715\n|gametype|doubles\n|player|p1|RLisanidiot|unknownf|1215\n|player|p2|Swisky Dhar|roxanne|1154\n|teamsize|p1|6\n|teamsize|p2|6\n|gen|9\n|tier|[Gen 9] Doubles OU\n|rated|\n|rule|Species Clause: Limit one of each Pok\u00e9mon\n|rule|OHKO Clause: OHKO moves are banned\n|rule|Evasion Moves Clause: Evasion moves are banned\n|rule|Gravity Sleep Clause: The combination of sleep-inducing moves with imperfect accuracy and Gravity or Gigantamax Orbeetle are banned\n|rule|Endless Battle Clause: Forcing endless battles is banned\n|rule|HP Percentage Mod: HP is shown in percentages\n|clearpoke\n|poke|p1|Ninetales-Alola, F|\n|poke|p1|Chien-Pao|\n|poke|p1|Flutter Mane|\n|poke|p1|Tornadus, M|\n|poke|p1|Pachirisu, F|\n|poke|p1|Rillaboom, M|\n|poke|p2|Sinistcha|\n|poke|p2|Arcanine-Hisui, F|\n|poke|p2|Iron Hands|\n|poke|p2|Jirachi|\n|poke|p2|Okidogi, M|\n|poke|p2|Dragonite, M|\n|teampreview\n|inactive|Battle timer is ON: inactive players will automatically lose when time's up. (requested by RLisanidiot)\n|inactive|Swisky Dhar has 120 seconds left.\n|\n|t:|1697680748\n|start\n|switch|p1a: Tornadus|Tornadus, M|100\/100\n|switch|p1b: Ninetales|Ninetales-Alola, F, shiny|100\/100\n|switch|p2a: IV Rusty|Arcanine-Hisui, F, shiny|100\/100\n|switch|p2b: Griddy Master|Iron Hands|100\/100\n|-weather|Snow|[from] ability: Snow Warning|[of] p1b: Ninetales\n|turn|1\n|\n|t:|1697680769\n|move|p2b: Griddy Master|Fake Out|p1b: Ninetales\n|-damage|p1b: Ninetales|87\/100\n|cant|p1b: Ninetales|flinch\n|move|p2a: IV Rusty|Flare Blitz|p1b: Ninetales\n|-supereffective|p1b: Ninetales\n|-damage|p1b: Ninetales|0 fnt\n|faint|p1b: Ninetales\n|move|p1a: Tornadus|Bleakwind Storm|p2b: Griddy Master|[spread] p2b\n|-miss|p1a: Tornadus|p2a: IV Rusty\n|-damage|p2b: Griddy Master|81\/100\n|\n|-weather|Snow|[upkeep]\n|upkeep\n|\n|t:|1697680779\n|switch|p1b: Rillaboom|Rillaboom, M|100\/100\n|-fieldstart|move: Grassy Terrain|[from] ability: Grassy Surge|[of] p1b: Rillaboom\n|turn|2\n|\n|t:|1697680787\n|-terastallize|p1b: Rillaboom|Grass\n|move|p1a: Tornadus|Tailwind|p1a: Tornadus\n|-sidestart|p1: RLisanidiot|move: Tailwind\n|move|p1b: Rillaboom|Wood Hammer|p2a: IV Rusty\n|-damage|p2a: IV Rusty|0 fnt\n|faint|p2a: IV Rusty\n|-damage|p1b: Rillaboom|73\/100|[from] Recoil\n|move|p2b: Griddy Master|Ice Punch|p1a: Tornadus\n|-supereffective|p1a: Tornadus\n|-damage|p1a: Tornadus|46\/100\n|\n|-weather|Snow|[upkeep]\n|-heal|p1b: Rillaboom|79\/100|[from] Grassy Terrain\n|-heal|p2b: Griddy Master|87\/100|[from] Grassy Terrain\n|upkeep\n|\n|t:|1697680805\n|switch|p2a: Bella|Dragonite, M|100\/100\n|turn|3\n|\n|t:|1697680822\n|move|p1a: Tornadus|Bleakwind Storm|p2b: Griddy Master|[spread] p2a,p2b\n|-damage|p2a: Bella|74\/100\n|-damage|p2b: Griddy Master|68\/100\n|-unboost|p2a: Bella|spe|1\n|move|p1b: Rillaboom|Wood Hammer|p2b: Griddy Master\n|-damage|p2b: Griddy Master|0 fnt\n|faint|p2b: Griddy Master\n|-end|p2b: Griddy Master|Quark Drive|[silent]\n|-damage|p1b: Rillaboom|51\/100|[from] Recoil\n|move|p2a: Bella|Rock Slide|p1a: Tornadus|[spread] p1a,p1b\n|-supereffective|p1a: Tornadus\n|-damage|p1a: Tornadus|5\/100\n|-damage|p1b: Rillaboom|32\/100\n|\n|-weather|Snow|[upkeep]\n|-heal|p1b: Rillaboom|38\/100|[from] Grassy Terrain\n|-heal|p2a: Bella|80\/100|[from] item: Leftovers\n|upkeep\n|\n|t:|1697680841\n|switch|p2b: Egotdatdoginem|Okidogi, M|100\/100\n|turn|4\n|\n|t:|1697680852\n|move|p1a: Tornadus|Bleakwind Storm|p2b: Egotdatdoginem|[spread] p2a\n|-miss|p1a: Tornadus|p2b: Egotdatdoginem\n|-damage|p2a: Bella|54\/100\n|move|p1b: Rillaboom|Wood Hammer|p2b: Egotdatdoginem\n|-resisted|p2b: Egotdatdoginem\n|-damage|p2b: Egotdatdoginem|28\/100\n|-damage|p1b: Rillaboom|20\/100|[from] Recoil\n|move|p2b: Egotdatdoginem|Poison Jab|p1b: Rillaboom\n|-supereffective|p1b: Rillaboom\n|-damage|p1b: Rillaboom|0 fnt\n|faint|p1b: Rillaboom\n|move|p2a: Bella|Rock Slide|p1a: Tornadus\n|-supereffective|p1a: Tornadus\n|-damage|p1a: Tornadus|0 fnt\n|faint|p1a: Tornadus\n|\n|-weather|Snow|[upkeep]\n|-heal|p2b: Egotdatdoginem|34\/100|[from] Grassy Terrain\n|-heal|p2b: Egotdatdoginem|40\/100|[from] item: Leftovers\n|-heal|p2a: Bella|61\/100|[from] item: Leftovers\n|upkeep\n|\n|t:|1697680865\n|switch|p1a: Flutter Mane|Flutter Mane|100\/100\n|switch|p1b: Pachirisu|Pachirisu, F|100\/100\n|turn|5\n|\n|t:|1697680879\n|-terastallize|p2a: Bella|Rock\n|move|p2b: Egotdatdoginem|Protect|p2b: Egotdatdoginem\n|-singleturn|p2b: Egotdatdoginem|Protect\n|move|p1b: Pachirisu|Follow Me|p1b: Pachirisu\n|-singleturn|p1b: Pachirisu|move: Follow Me\n|move|p1a: Flutter Mane|Dazzling Gleam|p2b: Egotdatdoginem|[spread] p2a\n|-activate|p2b: Egotdatdoginem|move: Protect\n|-damage|p2a: Bella|22\/100\n|move|p2a: Bella|Rock Slide|p1b: Pachirisu|[spread] p1a,p1b\n|-damage|p1a: Flutter Mane|22\/100\n|-damage|p1b: Pachirisu|60\/100\n|\n|-weather|none\n|-heal|p1a: Flutter Mane|28\/100|[from] Grassy Terrain\n|-heal|p1b: Pachirisu|67\/100|[from] Grassy Terrain\n|-heal|p2b: Egotdatdoginem|46\/100|[from] Grassy Terrain\n|-heal|p2b: Egotdatdoginem|52\/100|[from] item: Leftovers\n|-heal|p2a: Bella|28\/100|[from] Grassy Terrain\n|-heal|p2a: Bella|35\/100|[from] item: Leftovers\n|-sideend|p1: RLisanidiot|move: Tailwind\n|upkeep\n|turn|6\n|inactive|Swisky Dhar has 120 seconds left.\n|\n|t:|1697680912\n|move|p1b: Pachirisu|Follow Me|p1b: Pachirisu\n|-singleturn|p1b: Pachirisu|move: Follow Me\n|move|p1a: Flutter Mane|Dazzling Gleam|p2a: Bella|[spread] p2a,p2b\n|-damage|p2a: Bella|0 fnt\n|-damage|p2b: Egotdatdoginem|0 fnt\n|faint|p2a: Bella\n|faint|p2b: Egotdatdoginem\n|\n|-heal|p1a: Flutter Mane|34\/100|[from] Grassy Terrain\n|-heal|p1b: Pachirisu|73\/100|[from] Grassy Terrain\n|-fieldend|move: Grassy Terrain\n|upkeep\n|inactive|Swisky Dhar has 120 seconds left.\n|\n|t:|1697680921\n|switch|p2a: Jiraiya|Jirachi|100\/100\n|switch|p2b: SHE TOOK THE KIDS|Sinistcha|100\/100\n|turn|7\n|\n|t:|1697680931\n|-end|p1a: Flutter Mane|Protosynthesis|[silent]\n|switch|p1a: Chien-Pao|Chien-Pao|100\/100\n|-ability|p1a: Chien-Pao|Sword of Ruin\n|move|p2a: Jiraiya|Life Dew||[still]|[still]|[spread] \n|-fail|p2a: Jiraiya|heal\n|-fail|p2b: SHE TOOK THE KIDS|heal\n|move|p1b: Pachirisu|Nuzzle|p2a: Jiraiya\n|-damage|p2a: Jiraiya|95\/100\n|-status|p2a: Jiraiya|par\n|move|p2b: SHE TOOK THE KIDS|Matcha Gotcha|p1a: Chien-Pao|[spread] p1a,p1b\n|-damage|p1a: Chien-Pao|67\/100\n|-damage|p1b: Pachirisu|27\/100\n|-enditem|p1b: Pachirisu|Sitrus Berry|[eat]\n|-heal|p1b: Pachirisu|52\/100|[from] item: Sitrus Berry\n|-damage|p2b: SHE TOOK THE KIDS|91\/100|[from] item: Life Orb\n|\n|-heal|p2a: Jiraiya|100\/100 par|[from] item: Leftovers\n|upkeep\n|turn|8\n|\n|t:|1697680958\n|move|p2b: SHE TOOK THE KIDS|Protect|p2b: SHE TOOK THE KIDS\n|-singleturn|p2b: SHE TOOK THE KIDS|Protect\n|move|p1b: Pachirisu|Follow Me|p1b: Pachirisu\n|-singleturn|p1b: Pachirisu|move: Follow Me\n|move|p1a: Chien-Pao|Ice Spinner|p2b: SHE TOOK THE KIDS\n|-activate|p2b: SHE TOOK THE KIDS|move: Protect\n|move|p2a: Jiraiya|Aura Sphere|p1b: Pachirisu\n|-damage|p1b: Pachirisu|23\/100\n|\n|upkeep\n|turn|9\n|\n|t:|1697680981\n|move|p1b: Pachirisu|Follow Me|p1b: Pachirisu\n|-singleturn|p1b: Pachirisu|move: Follow Me\n|move|p1a: Chien-Pao|Ice Spinner|p2b: SHE TOOK THE KIDS\n|-supereffective|p2b: SHE TOOK THE KIDS\n|-damage|p2b: SHE TOOK THE KIDS|0 fnt\n|faint|p2b: SHE TOOK THE KIDS\n|cant|p2a: Jiraiya|par\n|\n|upkeep\n|turn|10\n|-message|Swisky Dhar forfeited.\n|\n|win|RLisanidiot\n|raw|RLisanidiot's rating: 1215 &rarr; <strong>1236<\/strong><br \/>(+21 for winning)\n|raw|Swisky Dhar's rating: 1154 &rarr; <strong>1133<\/strong><br \/>(-21 for losing)\n|l|\u2606Swisky Dhar\n","uploadtime":1697681009,"views":23,"p1id":"rlisanidiot","p2id":"swiskydhar","formatid":"gen9doublesou","rating":1133,"private":0,"password":""}