{"id":"gen9doublesou-1996201652","p1":"Comic Acme","p2":"mikeyuwu","format":"[Gen 9] Doubles OU","log":"|j|\u2606Comic Acme\n|j|\u2606mikeyuwu\n|t:|1700658501\n|gametype|doubles\n|player|p1|Comic Acme|2|1468\n|player|p2|mikeyuwu|psychic-gen4|1324\n|teamsize|p1|6\n|teamsize|p2|6\n|gen|9\n|tier|[Gen 9] Doubles OU\n|rated|\n|rule|Species Clause: Limit one of each Pok\u00e9mon\n|rule|OHKO Clause: OHKO moves are banned\n|rule|Evasion Moves Clause: Evasion moves are banned\n|rule|Gravity Sleep Clause: The combination of sleep-inducing moves with imperfect accuracy and Gravity or Gigantamax Orbeetle are banned\n|rule|Endless Battle Clause: Forcing endless battles is banned\n|rule|HP Percentage Mod: HP is shown in percentages\n|clearpoke\n|poke|p1|Armarouge, F|\n|poke|p1|Indeedee-F, F|\n|poke|p1|Walking Wake|\n|poke|p1|Arcanine, M|\n|poke|p1|Iron Hands|\n|poke|p1|Torkoal, M|\n|poke|p2|Garchomp, M|\n|poke|p2|Tyranitar, F|\n|poke|p2|Vaporeon, F|\n|poke|p2|Toxicroak, M|\n|poke|p2|Pelipper, F|\n|poke|p2|Abomasnow, M|\n|teampreview\n|\n|t:|1700658513\n|start\n|switch|p1a: Armarouge|Armarouge, F|100\/100\n|switch|p1b: Torkoal|Torkoal, M|100\/100\n|switch|p2a: OTLHPM|Toxicroak, M|100\/100\n|switch|p2b: Harmacy|Vaporeon, F|100\/100\n|-weather|SunnyDay|[from] ability: Drought|[of] p1b: Torkoal\n|turn|1\n|\n|t:|1700658528\n|switch|p2a: Weather War|Pelipper, F|100\/100\n|-weather|RainDance|[from] ability: Drizzle|[of] p2a: Weather War\n|switch|p1b: Indeedee|Indeedee-F, F|100\/100\n|-fieldstart|move: Psychic Terrain|[from] ability: Psychic Surge|[of] p1b: Indeedee\n|move|p2b: Harmacy|Weather Ball|p1a: Armarouge\n|-supereffective|p1a: Armarouge\n|-damage|p1a: Armarouge|0 fnt\n|faint|p1a: Armarouge\n|\n|-weather|RainDance|[upkeep]\n|upkeep\n|\n|t:|1700658545\n|switch|p1a: Arcanine|Arcanine, M|100\/100\n|-ability|p1a: Arcanine|Intimidate|boost\n|-unboost|p2a: Weather War|atk|1\n|-unboost|p2b: Harmacy|atk|1\n|turn|2\n|\n|t:|1700658553\n|switch|p1b: Torkoal|Torkoal, M|100\/100\n|-weather|SunnyDay|[from] ability: Drought|[of] p1b: Torkoal\n|switch|p2a: Extra Spicy|Garchomp, M|100\/100\n|move|p1a: Arcanine|Wild Charge|p2a: Extra Spicy\n|-immune|p2a: Extra Spicy\n|move|p2b: Harmacy|Weather Ball|p1a: Arcanine\n|-resisted|p1a: Arcanine\n|-damage|p1a: Arcanine|89\/100\n|\n|-weather|SunnyDay|[upkeep]\n|upkeep\n|turn|3\n|\n|t:|1700658567\n|switch|p2a: ThcrThnSnkr|Tyranitar, F|100\/100\n|-weather|Sandstorm|[from] ability: Sand Stream|[of] p2a: ThcrThnSnkr\n|switch|p1b: Walking Wake|Walking Wake|100\/100\n|move|p1a: Arcanine|Wild Charge|p2b: Harmacy\n|-supereffective|p2b: Harmacy\n|-damage|p2b: Harmacy|55\/100\n|-damage|p1a: Arcanine|75\/100|[from] Recoil\n|move|p2b: Harmacy|Weather Ball|p1b: Walking Wake\n|-damage|p1b: Walking Wake|75\/100\n|\n|-weather|Sandstorm|[upkeep]\n|-damage|p1b: Walking Wake|69\/100|[from] Sandstorm\n|-damage|p1a: Arcanine|69\/100|[from] Sandstorm\n|-damage|p2b: Harmacy|49\/100|[from] Sandstorm\n|-heal|p2b: Harmacy|55\/100|[from] item: Leftovers\n|upkeep\n|turn|4\n|\n|t:|1700658586\n|switch|p2a: OTLHPM|Toxicroak, M|100\/100\n|switch|p2b: Extra Spicy|Garchomp, M|100\/100\n|move|p1b: Walking Wake|Draco Meteor|p2b: Extra Spicy\n|-supereffective|p2b: Extra Spicy\n|-damage|p2b: Extra Spicy|0 fnt\n|-unboost|p1b: Walking Wake|spa|2\n|faint|p2b: Extra Spicy\n|move|p1a: Arcanine|Close Combat|p2a: OTLHPM\n|-resisted|p2a: OTLHPM\n|-damage|p2a: OTLHPM|72\/100\n|-unboost|p1a: Arcanine|def|1\n|-unboost|p1a: Arcanine|spd|1\n|\n|-weather|Sandstorm|[upkeep]\n|-damage|p1b: Walking Wake|63\/100|[from] Sandstorm\n|-damage|p1a: Arcanine|63\/100|[from] Sandstorm\n|-damage|p2a: OTLHPM|66\/100|[from] Sandstorm\n|-heal|p2a: OTLHPM|72\/100|[from] item: Black Sludge\n|upkeep\n|\n|t:|1700658599\n|switch|p2b: Cold Shoulder|Abomasnow, M, shiny|100\/100\n|-weather|Snow|[from] ability: Snow Warning|[of] p2b: Cold Shoulder\n|turn|5\n|\n|t:|1700658610\n|-end|p1b: Walking Wake|Protosynthesis|[silent]\n|switch|p1b: Torkoal|Torkoal, M|100\/100\n|-weather|SunnyDay|[from] ability: Drought|[of] p1b: Torkoal\n|switch|p2b: Weather War|Pelipper, F|100\/100\n|-weather|RainDance|[from] ability: Drizzle|[of] p2b: Weather War\n|move|p1a: Arcanine|Flare Blitz|p2b: Weather War\n|-resisted|p2b: Weather War\n|-damage|p2b: Weather War|89\/100\n|-damage|p1a: Arcanine|60\/100|[from] Recoil\n|move|p2a: OTLHPM|Earthquake|p1b: Torkoal|[spread] p1a,p1b\n|-immune|p2b: Weather War\n|-supereffective|p1a: Arcanine\n|-supereffective|p1b: Torkoal\n|-damage|p1a: Arcanine|0 fnt\n|-damage|p1b: Torkoal|64\/100\n|faint|p1a: Arcanine\n|\n|-weather|RainDance|[upkeep]\n|-heal|p2a: OTLHPM|84\/100|[from] ability: Dry Skin\n|-heal|p2a: OTLHPM|91\/100|[from] item: Black Sludge\n|-fieldend|move: Psychic Terrain\n|upkeep\n|\n|t:|1700658635\n|switch|p1a: Iron Hands|Iron Hands|100\/100\n|turn|6\n|\n|t:|1700658652\n|switch|p1b: Walking Wake|Walking Wake|63\/100\n|move|p2a: OTLHPM|Earthquake|p1b: Walking Wake|[spread] p1a,p1b\n|-immune|p2b: Weather War\n|-supereffective|p1a: Iron Hands\n|-damage|p1a: Iron Hands|72\/100\n|-damage|p1b: Walking Wake|36\/100\n|move|p2b: Weather War|Chilling Water|p1a: Iron Hands\n|-damage|p1a: Iron Hands|52\/100\n|-unboost|p1a: Iron Hands|atk|1\n|move|p1a: Iron Hands|Heavy Slam|p2a: OTLHPM\n|-damage|p2a: OTLHPM|52\/100\n|\n|-weather|RainDance|[upkeep]\n|-heal|p2a: OTLHPM|64\/100|[from] ability: Dry Skin\n|-heal|p2a: OTLHPM|70\/100|[from] item: Black Sludge\n|-heal|p1a: Iron Hands|58\/100|[from] item: Leftovers\n|upkeep\n|turn|7\n|\n|t:|1700658674\n|move|p1b: Walking Wake|Flamethrower|p2a: OTLHPM\n|-damage|p2a: OTLHPM|37\/100\n|move|p2a: OTLHPM|Earthquake|p1b: Walking Wake|[spread] p1a,p1b\n|-immune|p2b: Weather War\n|-supereffective|p1a: Iron Hands\n|-damage|p1a: Iron Hands|29\/100\n|-damage|p1b: Walking Wake|11\/100\n|move|p2b: Weather War|Chilling Water|p1a: Iron Hands\n|-damage|p1a: Iron Hands|9\/100\n|-unboost|p1a: Iron Hands|atk|1\n|move|p1a: Iron Hands|Thunder Punch|p2b: Weather War\n|-supereffective|p2b: Weather War\n|-damage|p2b: Weather War|28\/100\n|\n|-weather|RainDance|[upkeep]\n|-heal|p2a: OTLHPM|50\/100|[from] ability: Dry Skin\n|-heal|p2a: OTLHPM|56\/100|[from] item: Black Sludge\n|-heal|p1a: Iron Hands|15\/100|[from] item: Leftovers\n|upkeep\n|turn|8\n|\n|t:|1700658696\n|-end|p1b: Walking Wake|Protosynthesis|[silent]\n|switch|p1b: Torkoal|Torkoal, M|64\/100\n|-weather|SunnyDay|[from] ability: Drought|[of] p1b: Torkoal\n|move|p2a: OTLHPM|Earthquake|p1a: Iron Hands|[spread] p1a,p1b\n|-immune|p2b: Weather War\n|-supereffective|p1a: Iron Hands\n|-supereffective|p1b: Torkoal\n|-damage|p1a: Iron Hands|0 fnt\n|-damage|p1b: Torkoal|28\/100\n|faint|p1a: Iron Hands\n|-end|p1a: Iron Hands|Quark Drive|[silent]\n|move|p2b: Weather War|Chilling Water|p1b: Torkoal\n|-supereffective|p1b: Torkoal\n|-damage|p1b: Torkoal|11\/100\n|-unboost|p1b: Torkoal|atk|1\n|\n|-weather|SunnyDay|[upkeep]\n|-damage|p2a: OTLHPM|44\/100|[from] ability: Dry Skin|[of] p2a: OTLHPM\n|-heal|p2a: OTLHPM|50\/100|[from] item: Black Sludge\n|upkeep\n|\n|t:|1700658714\n|switch|p1a: Walking Wake|Walking Wake|11\/100\n|-activate|p1a: Walking Wake|ability: Protosynthesis\n|-start|p1a: Walking Wake|protosynthesisspe\n|turn|9\n|\n|t:|1700658730\n|switch|p2a: ThcrThnSnkr|Tyranitar, F|100\/100\n|-weather|Sandstorm|[from] ability: Sand Stream|[of] p2a: ThcrThnSnkr\n|-end|p1a: Walking Wake|Protosynthesis\n|switch|p2b: Harmacy|Vaporeon, F|55\/100\n|move|p1a: Walking Wake|Draco Meteor|p2a: ThcrThnSnkr\n|-damage|p2a: ThcrThnSnkr|70\/100\n|-unboost|p1a: Walking Wake|spa|2\n|move|p1b: Torkoal|Solar Beam||[still]\n|-prepare|p1b: Torkoal|Solar Beam\n|\n|-weather|Sandstorm|[upkeep]\n|-damage|p1a: Walking Wake|5\/100|[from] Sandstorm\n|-damage|p2b: Harmacy|49\/100|[from] Sandstorm\n|-damage|p1b: Torkoal|5\/100|[from] Sandstorm\n|-heal|p2b: Harmacy|55\/100|[from] item: Leftovers\n|upkeep\n|turn|10\n|-message|Comic Acme forfeited.\n|\n|win|mikeyuwu\n|raw|Comic Acme's rating: 1468 &rarr; <strong>1440<\/strong><br \/>(-28 for losing)\n|raw|mikeyuwu's rating: 1324 &rarr; <strong>1352<\/strong><br \/>(+28 for winning)\n|l|\u2606Comic Acme\n","uploadtime":1700658757,"views":1,"p1id":"comicacme","p2id":"mikeyuwu","formatid":"gen9doublesou","rating":1352,"private":0,"password":""}