{"id":"gen9doublesou-1997211753","p1":"TitansTestTeam3T","p2":"BurntSkywalker","format":"[Gen 9] Doubles OU","log":"|j|\u2606TitansTestTeam3T\n|j|\u2606BurntSkywalker\n|t:|1700776084\n|gametype|doubles\n|player|p1|TitansTestTeam3T|supernerd|1486\n|player|p2|BurntSkywalker|clair|1706\n|teamsize|p1|6\n|teamsize|p2|6\n|gen|9\n|tier|[Gen 9] Doubles OU\n|rated|\n|rule|Species Clause: Limit one of each Pok\u00e9mon\n|rule|OHKO Clause: OHKO moves are banned\n|rule|Evasion Moves Clause: Evasion moves are banned\n|rule|Gravity Sleep Clause: The combination of sleep-inducing moves with imperfect accuracy and Gravity or Gigantamax Orbeetle are banned\n|rule|Endless Battle Clause: Forcing endless battles is banned\n|rule|HP Percentage Mod: HP is shown in percentages\n|clearpoke\n|poke|p1|Sableye, F|\n|poke|p1|Landorus-Therian, M|\n|poke|p1|Iron Hands|\n|poke|p1|Scizor, M|\n|poke|p1|Flutter Mane|\n|poke|p1|Sinistcha-Masterpiece|\n|poke|p2|Basculegion-F, F|\n|poke|p2|Flutter Mane|\n|poke|p2|Sinistcha|\n|poke|p2|Iron Hands|\n|poke|p2|Heatran, F|\n|poke|p2|Ursaluna-Bloodmoon, M|\n|teampreview\n|inactive|Battle timer is ON: inactive players will automatically lose when time's up. (requested by BurntSkywalker)\n|inactive|TitansTestTeam3T also wants the timer to be on.\n|c|\u2606TitansTestTeam3T|Have fun\n|c|\u2606BurntSkywalker|hf\n|\n|t:|1700776105\n|start\n|switch|p1a: Sableye|Sableye, F|100\/100\n|switch|p1b: Landorus|Landorus-Therian, M|100\/100\n|switch|p2a: Basculegion|Basculegion-F, F|100\/100\n|switch|p2b: Heatran|Heatran, F|100\/100\n|-ability|p1b: Landorus|Intimidate|boost\n|-unboost|p2a: Basculegion|atk|1\n|-unboost|p2b: Heatran|atk|1\n|turn|1\n|\n|t:|1700776124\n|-terastallize|p2b: Heatran|Grass\n|move|p1a: Sableye|Reflect|p1a: Sableye\n|-sidestart|p1: TitansTestTeam3T|Reflect\n|move|p1b: Landorus|U-turn|p2b: Heatran\n|-supereffective|p2b: Heatran\n|-damage|p2b: Heatran|55\/100\n|\n|t:|1700776134\n|switch|p1b: Iron Hands|Iron Hands|100\/100|[from] U-turn\n|move|p2a: Basculegion|Flip Turn|p1a: Sableye\n|-damage|p1a: Sableye|80\/100\n|\n|t:|1700776140\n|switch|p2a: Sinistcha|Sinistcha|100\/100|[from] Flip Turn\n|-heal|p2b: Heatran|80\/100|[from] ability: Hospitality|[of] p2a: Sinistcha\n|move|p2b: Heatran|Heat Wave|p1a: Sableye|[spread] p1b\n|-miss|p2b: Heatran|p1a: Sableye\n|-crit|p1b: Iron Hands\n|-damage|p1b: Iron Hands|67\/100\n|\n|-heal|p2b: Heatran|86\/100|[from] item: Leftovers\n|upkeep\n|turn|2\n|\n|t:|1700776160\n|move|p1a: Sableye|Light Screen|p1a: Sableye\n|-sidestart|p1: TitansTestTeam3T|move: Light Screen\n|move|p2b: Heatran|Will-O-Wisp|p1b: Iron Hands\n|-status|p1b: Iron Hands|brn\n|move|p2a: Sinistcha|Matcha Gotcha|p1a: Sableye|[spread] p1b\n|-miss|p2a: Sinistcha|p1a: Sableye\n|-damage|p1b: Iron Hands|59\/100 brn\n|move|p1b: Iron Hands|Ice Punch|p2b: Heatran\n|-supereffective|p2b: Heatran\n|-damage|p2b: Heatran|59\/100\n|\n|-heal|p2b: Heatran|66\/100|[from] item: Leftovers\n|-damage|p1b: Iron Hands|53\/100 brn|[from] brn\n|upkeep\n|turn|3\n|inactive|BurntSkywalker has 120 seconds left.\n|\n|t:|1700776191\n|switch|p2a: Flutter Mane|Flutter Mane|100\/100\n|move|p1a: Sableye|Disable||[still]\n|-fail|p1a: Sableye\n|move|p2b: Heatran|Heat Wave|p1a: Sableye|[spread] p1a,p1b\n|-damage|p1a: Sableye|50\/100\n|-damage|p1b: Iron Hands|39\/100 brn\n|move|p1b: Iron Hands|Ice Punch|p2b: Heatran\n|-supereffective|p2b: Heatran\n|-damage|p2b: Heatran|39\/100\n|\n|-heal|p2b: Heatran|45\/100|[from] item: Leftovers\n|-damage|p1b: Iron Hands|33\/100 brn|[from] brn\n|upkeep\n|turn|4\n|\n|t:|1700776218\n|move|p1a: Sableye|Disable|p2b: Heatran\n|-start|p2b: Heatran|Disable|Heat Wave\n|move|p2a: Flutter Mane|Dazzling Gleam|p1b: Iron Hands|[spread] p1a,p1b\n|-supereffective|p1a: Sableye\n|-supereffective|p1b: Iron Hands\n|-damage|p1a: Sableye|0 fnt\n|-damage|p1b: Iron Hands|5\/100 brn\n|faint|p1a: Sableye\n|cant|p2b: Heatran|Disable|Heat Wave\n|move|p1b: Iron Hands|Wild Charge|p2a: Flutter Mane\n|-damage|p2a: Flutter Mane|55\/100\n|-damage|p1b: Iron Hands|0 fnt|[from] Recoil\n|faint|p1b: Iron Hands\n|-end|p1b: Iron Hands|Quark Drive|[silent]\n|\n|-heal|p2b: Heatran|51\/100|[from] item: Leftovers\n|upkeep\n|inactive|TitansTestTeam3T has 120 seconds left.\n|\n|t:|1700776246\n|switch|p1a: Scizor|Scizor, M|100\/100\n|switch|p1b: Sinistcha|Sinistcha-Masterpiece|100\/100\n|turn|5\n|inactive|TitansTestTeam3T has 120 seconds left.\n|\n|t:|1700776258\n|-end|p2a: Flutter Mane|Protosynthesis|[silent]\n|switch|p2a: Sinistcha|Sinistcha|100\/100\n|-heal|p2b: Heatran|76\/100|[from] ability: Hospitality|[of] p2a: Sinistcha\n|-terastallize|p1b: Sinistcha|Normal\n|move|p2b: Heatran|Will-O-Wisp|p1a: Scizor|[miss]\n|-miss|p2b: Heatran|p1a: Scizor\n|move|p1b: Sinistcha|Shadow Ball|p2a: Sinistcha\n|-supereffective|p2a: Sinistcha\n|-damage|p2a: Sinistcha|38\/100\n|-enditem|p2a: Sinistcha|Sitrus Berry|[eat]\n|-heal|p2a: Sinistcha|63\/100|[from] item: Sitrus Berry\n|move|p1a: Scizor|U-turn|p2b: Heatran\n|-supereffective|p2b: Heatran\n|-damage|p2b: Heatran|0 fnt\n|faint|p2b: Heatran\n|inactive|TitansTestTeam3T has 120 seconds left.\n|\n|t:|1700776288\n|switch|p1a: Flutter Mane|Flutter Mane|100\/100|[from] U-turn\n|\n|upkeep\n|\n|t:|1700776294\n|switch|p2b: Basculegion|Basculegion-F, F|100\/100\n|turn|6\n|\n|t:|1700776303\n|move|p2b: Basculegion|Flip Turn|p1a: Flutter Mane\n|-damage|p1a: Flutter Mane|70\/100\n|\n|t:|1700776308\n|switch|p2b: Ursaluna|Ursaluna-Bloodmoon, M|100\/100|[from] Flip Turn\n|move|p1a: Flutter Mane|Shadow Ball|p2b: Ursaluna\n|-immune|p2b: Ursaluna\n|move|p1b: Sinistcha|Calm Mind|p1b: Sinistcha\n|-boost|p1b: Sinistcha|spa|1\n|-boost|p1b: Sinistcha|spd|1\n|move|p2a: Sinistcha|Matcha Gotcha|p1b: Sinistcha|[spread] p1a,p1b\n|-damage|p1a: Flutter Mane|55\/100\n|-heal|p2a: Sinistcha|69\/100|[from] drain|[of] p1a: Flutter Mane\n|-damage|p1b: Sinistcha|91\/100\n|-heal|p2a: Sinistcha|74\/100|[from] drain|[of] p1b: Sinistcha\n|-status|p1a: Flutter Mane|brn\n|-status|p1b: Sinistcha|brn\n|\n|-heal|p1b: Sinistcha|97\/100 brn|[from] item: Leftovers\n|-damage|p1a: Flutter Mane|49\/100 brn|[from] brn\n|-damage|p1b: Sinistcha|91\/100 brn|[from] brn\n|upkeep\n|turn|7\n|\n|t:|1700776332\n|-end|p1a: Flutter Mane|Protosynthesis|[silent]\n|switch|p1a: Scizor|Scizor, M|100\/100\n|move|p1b: Sinistcha|Matcha Gotcha|p2b: Ursaluna|[spread] p2a\n|-miss|p1b: Sinistcha|p2b: Ursaluna\n|-resisted|p2a: Sinistcha\n|-damage|p2a: Sinistcha|57\/100\n|-heal|p1b: Sinistcha|99\/100 brn|[from] drain|[of] p2a: Sinistcha\n|move|p2a: Sinistcha|Matcha Gotcha|p1b: Sinistcha|[spread] p1a,p1b\n|-resisted|p1a: Scizor\n|-damage|p1a: Scizor|96\/100\n|-heal|p2a: Sinistcha|59\/100|[from] drain|[of] p1a: Scizor\n|-damage|p1b: Sinistcha|90\/100 brn\n|-heal|p2a: Sinistcha|65\/100|[from] drain|[of] p1b: Sinistcha\n|-status|p1a: Scizor|brn\n|move|p2b: Ursaluna|Blood Moon|p1b: Sinistcha\n|-damage|p1b: Sinistcha|57\/100 brn\n|\n|-heal|p1b: Sinistcha|63\/100 brn|[from] item: Leftovers\n|-damage|p1b: Sinistcha|57\/100 brn|[from] brn\n|-damage|p1a: Scizor|89\/100 brn|[from] brn\n|upkeep\n|turn|8\n|inactive|BurntSkywalker has 120 seconds left.\n|\n|t:|1700776366\n|move|p1b: Sinistcha|Matcha Gotcha|p2a: Sinistcha|[spread] p2a,p2b\n|-resisted|p2a: Sinistcha\n|-supereffective|p2b: Ursaluna\n|-damage|p2a: Sinistcha|47\/100\n|-heal|p1b: Sinistcha|65\/100 brn|[from] drain|[of] p2a: Sinistcha\n|-damage|p2b: Ursaluna|45\/100\n|-heal|p1b: Sinistcha|99\/100 brn|[from] drain|[of] p2b: Ursaluna\n|-status|p2a: Sinistcha|brn\n|move|p1a: Scizor|U-turn|p2a: Sinistcha\n|-damage|p2a: Sinistcha|22\/100 brn\n|inactive|TitansTestTeam3T has 120 seconds left.\n|\n|t:|1700776379\n|switch|p1a: Landorus|Landorus-Therian, M|100\/100|[from] U-turn\n|-ability|p1a: Landorus|Intimidate|boost\n|-unboost|p2a: Sinistcha|atk|1\n|-unboost|p2b: Ursaluna|atk|1\n|move|p2b: Ursaluna|Hyper Voice|p1b: Sinistcha|[spread] p1a,p1b\n|-damage|p1a: Landorus|66\/100\n|-damage|p1b: Sinistcha|83\/100 brn\n|move|p2a: Sinistcha|Trick Room|p2a: Sinistcha\n|-fieldstart|move: Trick Room|[of] p2a: Sinistcha\n|\n|-heal|p1b: Sinistcha|89\/100 brn|[from] item: Leftovers\n|-damage|p1b: Sinistcha|83\/100 brn|[from] brn\n|-damage|p2a: Sinistcha|16\/100 brn|[from] brn\n|-sideend|p1: TitansTestTeam3T|Reflect\n|upkeep\n|turn|9\n|inactive|TitansTestTeam3T has 120 seconds left.\n|inactive|TitansTestTeam3T has 90 seconds left.\n|\n|t:|1700776436\n|move|p2a: Sinistcha|Protect|p2a: Sinistcha\n|-singleturn|p2a: Sinistcha|Protect\n|move|p2b: Ursaluna|Blood Moon|p1a: Landorus\n|-damage|p1a: Landorus|0 fnt\n|faint|p1a: Landorus\n|move|p1b: Sinistcha|Matcha Gotcha|p2b: Ursaluna|[spread] p2b\n|-activate|p2a: Sinistcha|move: Protect\n|-supereffective|p2b: Ursaluna\n|-damage|p2b: Ursaluna|0 fnt\n|-heal|p1b: Sinistcha|100\/100 brn|[from] drain|[of] p2b: Ursaluna\n|faint|p2b: Ursaluna\n|\n|-damage|p1b: Sinistcha|94\/100 brn|[from] brn\n|-damage|p2a: Sinistcha|10\/100 brn|[from] brn\n|-sideend|p1: TitansTestTeam3T|move: Light Screen\n|upkeep\n|\n|t:|1700776456\n|switch|p2b: Iron Hands|Iron Hands|100\/100\n|switch|p1a: Scizor|Scizor, M|89\/100 brn\n|turn|10\n|inactive|TitansTestTeam3T has 120 seconds left.\n|\n|t:|1700776480\n|move|p1a: Scizor|Bullet Punch|p2a: Sinistcha\n|-damage|p2a: Sinistcha|0 fnt\n|faint|p2a: Sinistcha\n|move|p2b: Iron Hands|Drain Punch|p1b: Sinistcha\n|-supereffective|p1b: Sinistcha\n|-damage|p1b: Sinistcha|2\/100 brn\n|move|p1b: Sinistcha|Matcha Gotcha|p2b: Iron Hands\n|-damage|p2b: Iron Hands|69\/100\n|-heal|p1b: Sinistcha|24\/100 brn|[from] drain|[of] p2b: Iron Hands\n|\n|-heal|p1b: Sinistcha|30\/100 brn|[from] item: Leftovers\n|-damage|p1a: Scizor|83\/100 brn|[from] brn\n|-damage|p1b: Sinistcha|24\/100 brn|[from] brn\n|upkeep\n|\n|t:|1700776487\n|switch|p2a: Basculegion|Basculegion-F, F|100\/100\n|turn|11\n|c|\u2606TitansTestTeam3T|Good game\n|-message|TitansTestTeam3T forfeited.\n|\n|win|BurntSkywalker\n|raw|TitansTestTeam3T's rating: 1486 &rarr; <strong>1477<\/strong><br \/>(-9 for losing)\n|raw|BurntSkywalker's rating: 1706 &rarr; <strong>1715<\/strong><br \/>(+9 for winning)\n|c|\u2606BurntSkywalker|gg\n","uploadtime":1700776525,"views":19,"p1id":"titanstestteam3t","p2id":"burntskywalker","formatid":"gen9doublesou","rating":1477,"private":0,"password":""}