{"id":"gen9doublesou-1999174305","p1":"3anna","p2":"Cactuscoolish","format":"[Gen 9] Doubles OU","log":"|j|\u26063anna\n|j|\u2606Cactuscoolish\n|t:|1701041451\n|gametype|doubles\n|player|p1|3anna|marley|1408\n|player|p2|Cactuscoolish|fisherman|1520\n|teamsize|p1|6\n|teamsize|p2|6\n|gen|9\n|tier|[Gen 9] Doubles OU\n|rated|\n|rule|Species Clause: Limit one of each Pok\u00e9mon\n|rule|OHKO Clause: OHKO moves are banned\n|rule|Evasion Moves Clause: Evasion moves are banned\n|rule|Gravity Sleep Clause: The combination of sleep-inducing moves with imperfect accuracy and Gravity or Gigantamax Orbeetle are banned\n|rule|Endless Battle Clause: Forcing endless battles is banned\n|rule|HP Percentage Mod: HP is shown in percentages\n|clearpoke\n|poke|p1|Manaphy|\n|poke|p1|Pelipper, F|\n|poke|p1|Oranguru, M|\n|poke|p1|Cresselia, F|\n|poke|p1|Rillaboom, F|\n|poke|p1|Ogerpon-Wellspring, F|\n|poke|p2|Dragapult, M|\n|poke|p2|Sinistcha|\n|poke|p2|Enamorus, F|\n|poke|p2|Garganacl, F|\n|poke|p2|Iron Bundle|\n|poke|p2|Arcanine-Hisui, M|\n|teampreview\n|\n|t:|1701041463\n|start\n|switch|p1a: Manaphy|Manaphy|100\/100\n|switch|p1b: Oranguru|Oranguru, M|100\/100\n|switch|p2a: Enamorus|Enamorus, F|100\/100\n|switch|p2b: Garganacl|Garganacl, F|100\/100\n|turn|1\n|\n|t:|1701041473\n|move|p1a: Manaphy|Tail Glow|p1a: Manaphy\n|-boost|p1a: Manaphy|spa|3\n|move|p2a: Enamorus|Substitute|p2a: Enamorus\n|-start|p2a: Enamorus|Substitute\n|-damage|p2a: Enamorus|75\/100\n|move|p1b: Oranguru|Instruct|p1a: Manaphy\n|-singleturn|p1a: Manaphy|move: Instruct|[of] p1b: Oranguru\n|move|p1a: Manaphy|Tail Glow|p1a: Manaphy\n|-boost|p1a: Manaphy|spa|3\n|move|p2b: Garganacl|Salt Cure|p1a: Manaphy\n|-damage|p1a: Manaphy|86\/100\n|-start|p1a: Manaphy|Salt Cure\n|\n|-heal|p1a: Manaphy|92\/100|[from] item: Leftovers\n|-heal|p2a: Enamorus|82\/100|[from] item: Leftovers\n|-damage|p1a: Manaphy|67\/100|[from] Salt Cure\n|upkeep\n|turn|2\n|inactive|Battle timer is ON: inactive players will automatically lose when time's up. (requested by 3anna)\n|\n|t:|1701041492\n|move|p1a: Manaphy|Surf|p2a: Enamorus|[spread] p2a,p2b\n|-activate|p1b: Oranguru|ability: Telepathy\n|-crit|p2a: Enamorus\n|-end|p2a: Enamorus|Substitute\n|-supereffective|p2b: Garganacl\n|-damage|p2b: Garganacl|0 fnt\n|faint|p2b: Garganacl\n|move|p2a: Enamorus|Superpower|p1a: Manaphy\n|-damage|p1a: Manaphy|31\/100\n|-boost|p2a: Enamorus|atk|1\n|-boost|p2a: Enamorus|def|1\n|move|p1b: Oranguru|Instruct|p1a: Manaphy\n|-singleturn|p1a: Manaphy|move: Instruct|[of] p1b: Oranguru\n|move|p1a: Manaphy|Surf|p2a: Enamorus|[spread] p2a\n|-activate|p1b: Oranguru|ability: Telepathy\n|-damage|p2a: Enamorus|0 fnt\n|faint|p2a: Enamorus\n|\n|-heal|p1a: Manaphy|37\/100|[from] item: Leftovers\n|-damage|p1a: Manaphy|12\/100|[from] Salt Cure\n|upkeep\n|\n|t:|1701041504\n|switch|p2a: Iron Bundle|Iron Bundle|100\/100\n|switch|p2b: Dragapult|Dragapult, M|100\/100\n|turn|3\n|\n|t:|1701041520\n|switch|p1a: Cresselia|Cresselia, F|100\/100\n|move|p2b: Dragapult|Dragon Dance|p2b: Dragapult\n|-boost|p2b: Dragapult|atk|1\n|-boost|p2b: Dragapult|spe|1\n|move|p2a: Iron Bundle|Freeze-Dry|p1a: Cresselia\n|-damage|p1a: Cresselia|84\/100\n|-status|p1a: Cresselia|frz\n|move|p1b: Oranguru|Yawn|p2b: Dragapult\n|-start|p2b: Dragapult|move: Yawn|[of] p1b: Oranguru\n|\n|-heal|p1a: Cresselia|90\/100 frz|[from] item: Leftovers\n|upkeep\n|turn|4\n|\n|t:|1701041539\n|-end|p2a: Iron Bundle|Quark Drive|[silent]\n|switch|p2a: Sinistcha|Sinistcha|100\/100\n|move|p1b: Oranguru|Protect|p1b: Oranguru\n|-singleturn|p1b: Oranguru|Protect\n|move|p2b: Dragapult|Dragon Dance|p2b: Dragapult\n|-boost|p2b: Dragapult|atk|1\n|-boost|p2b: Dragapult|spe|1\n|cant|p1a: Cresselia|frz\n|\n|-heal|p1a: Cresselia|96\/100 frz|[from] item: Leftovers\n|-end|p2b: Dragapult|move: Yawn|[silent]\n|-status|p2b: Dragapult|slp\n|upkeep\n|turn|5\n|\n|t:|1701041552\n|switch|p1a: Ogerpon|Ogerpon-Wellspring, F|100\/100\n|move|p2a: Sinistcha|Rage Powder|p2a: Sinistcha\n|-singleturn|p2a: Sinistcha|move: Rage Powder\n|cant|p2b: Dragapult|slp\n|move|p1b: Oranguru|Yawn|p2a: Sinistcha\n|-start|p2a: Sinistcha|move: Yawn|[of] p1b: Oranguru\n|\n|upkeep\n|turn|6\n|\n|t:|1701041568\n|switch|p2a: Arcanine|Arcanine-Hisui, M|100\/100\n|-ability|p2a: Arcanine|Intimidate|boost\n|-unboost|p1a: Ogerpon|atk|1\n|-unboost|p1b: Oranguru|atk|1\n|cant|p2b: Dragapult|slp\n|move|p1a: Ogerpon|Play Rough|p2b: Dragapult\n|-supereffective|p2b: Dragapult\n|-damage|p2b: Dragapult|40\/100 slp\n|move|p1b: Oranguru|Instruct|p1a: Ogerpon\n|-singleturn|p1a: Ogerpon|move: Instruct|[of] p1b: Oranguru\n|move|p1a: Ogerpon|Play Rough|p2b: Dragapult\n|-supereffective|p2b: Dragapult\n|-damage|p2b: Dragapult|0 fnt\n|faint|p2b: Dragapult\n|\n|upkeep\n|\n|t:|1701041579\n|switch|p2b: Iron Bundle|Iron Bundle|100\/100\n|turn|7\n|\n|t:|1701041593\n|switch|p1a: Cresselia|Cresselia, F|96\/100 frz\n|move|p2b: Iron Bundle|Freeze-Dry|p1a: Cresselia\n|-damage|p1a: Cresselia|78\/100 frz\n|move|p2a: Arcanine|Snarl|p1a: Cresselia|[spread] p1a,p1b\n|-supereffective|p1a: Cresselia\n|-supereffective|p1b: Oranguru\n|-damage|p1a: Cresselia|70\/100 frz\n|-damage|p1b: Oranguru|91\/100\n|-unboost|p1a: Cresselia|spa|1\n|-unboost|p1b: Oranguru|spa|1\n|move|p1b: Oranguru|Yawn|p2a: Arcanine\n|-start|p2a: Arcanine|move: Yawn|[of] p1b: Oranguru\n|\n|-heal|p1a: Cresselia|76\/100 frz|[from] item: Leftovers\n|-heal|p1b: Oranguru|97\/100|[from] item: Leftovers\n|upkeep\n|turn|8\n|\n|t:|1701041602\n|switch|p2a: Sinistcha|Sinistcha|100\/100\n|move|p2b: Iron Bundle|Hydro Pump|p1a: Cresselia\n|-damage|p1a: Cresselia|50\/100 frz\n|cant|p1a: Cresselia|frz\n|move|p1b: Oranguru|Instruct||[still]\n|-fail|p1b: Oranguru\n|\n|-heal|p1a: Cresselia|56\/100 frz|[from] item: Leftovers\n|-heal|p1b: Oranguru|100\/100|[from] item: Leftovers\n|upkeep\n|turn|9\n|\n|t:|1701041617\n|move|p2b: Iron Bundle|Hydro Pump|p1a: Cresselia\n|-damage|p1a: Cresselia|29\/100 frz\n|cant|p1a: Cresselia|frz\n|move|p2a: Sinistcha|Matcha Gotcha|p1b: Oranguru|[spread] p1a,p1b\n|-damage|p1a: Cresselia|17\/100 frz\n|-damage|p1b: Oranguru|86\/100\n|-curestatus|p1a: Cresselia|frz|[msg]\n|move|p1b: Oranguru|Yawn|p2a: Sinistcha\n|-start|p2a: Sinistcha|move: Yawn|[of] p1b: Oranguru\n|\n|-heal|p1a: Cresselia|23\/100|[from] item: Leftovers\n|-heal|p1b: Oranguru|92\/100|[from] item: Leftovers\n|upkeep\n|turn|10\n|\n|t:|1701041646\n|switch|p2a: Arcanine|Arcanine-Hisui, M|100\/100\n|-ability|p2a: Arcanine|Intimidate|boost\n|-unboost|p1a: Cresselia|atk|1\n|-unboost|p1b: Oranguru|atk|1\n|move|p2b: Iron Bundle|Freeze-Dry|p1a: Cresselia\n|-damage|p1a: Cresselia|7\/100\n|-status|p1a: Cresselia|frz\n|cant|p1a: Cresselia|frz\n|move|p1b: Oranguru|Instruct||[still]\n|-fail|p1b: Oranguru\n|\n|-heal|p1a: Cresselia|13\/100 frz|[from] item: Leftovers\n|-heal|p1b: Oranguru|99\/100|[from] item: Leftovers\n|upkeep\n|turn|11\n|c|\u26063anna|BRUH\n|c|\u26063anna|jesus fucking christ\n|\n|t:|1701041665\n|move|p2b: Iron Bundle|Hydro Pump|p1b: Oranguru\n|-damage|p1b: Oranguru|68\/100\n|move|p2a: Arcanine|Snarl|p1a: Cresselia|[spread] p1a,p1b\n|-supereffective|p1a: Cresselia\n|-supereffective|p1b: Oranguru\n|-damage|p1a: Cresselia|5\/100 frz\n|-damage|p1b: Oranguru|59\/100\n|-unboost|p1a: Cresselia|spa|1\n|-unboost|p1b: Oranguru|spa|1\n|cant|p1a: Cresselia|frz\n|move|p1b: Oranguru|Yawn|p2b: Iron Bundle\n|-start|p2b: Iron Bundle|move: Yawn|[of] p1b: Oranguru\n|\n|-heal|p1a: Cresselia|11\/100 frz|[from] item: Leftovers\n|-heal|p1b: Oranguru|65\/100|[from] item: Leftovers\n|upkeep\n|turn|12\n|\n|t:|1701041684\n|-end|p2b: Iron Bundle|Quark Drive|[silent]\n|switch|p2b: Sinistcha|Sinistcha|100\/100\n|move|p2a: Arcanine|Flare Blitz|p1b: Oranguru\n|-damage|p1b: Oranguru|9\/100\n|-damage|p2a: Arcanine|79\/100|[from] Recoil\n|-curestatus|p1a: Cresselia|frz|[msg]\n|move|p1a: Cresselia|Lunar Blessing|p1a: Cresselia|[spread] p1a,p1b\n|-heal|p1a: Cresselia|36\/100\n|-heal|p1b: Oranguru|34\/100\n|move|p1b: Oranguru|Yawn|p2a: Arcanine\n|-start|p2a: Arcanine|move: Yawn|[of] p1b: Oranguru\n|\n|-heal|p1a: Cresselia|42\/100|[from] item: Leftovers\n|-heal|p1b: Oranguru|40\/100|[from] item: Leftovers\n|upkeep\n|turn|13\n|\n|t:|1701041711\n|move|p2a: Arcanine|Flare Blitz|p1b: Oranguru\n|-damage|p1b: Oranguru|0 fnt\n|faint|p1b: Oranguru\n|-damage|p2a: Arcanine|64\/100|[from] Recoil\n|move|p1a: Cresselia|Lunar Blessing|p1a: Cresselia\n|-heal|p1a: Cresselia|67\/100\n|move|p2b: Sinistcha|Matcha Gotcha|p1a: Cresselia\n|-damage|p1a: Cresselia|51\/100\n|-status|p1a: Cresselia|brn\n|\n|-heal|p1a: Cresselia|57\/100 brn|[from] item: Leftovers\n|-damage|p1a: Cresselia|51\/100 brn|[from] brn\n|-end|p2a: Arcanine|move: Yawn|[silent]\n|-status|p2a: Arcanine|slp\n|upkeep\n|\n|t:|1701041724\n|switch|p1b: Ogerpon|Ogerpon-Wellspring, F|100\/100\n|turn|14\n|\n|t:|1701041738\n|switch|p1a: Rillaboom|Rillaboom, F|100\/100\n|-fieldstart|move: Grassy Terrain|[from] ability: Grassy Surge|[of] p1a: Rillaboom\n|switch|p2b: Iron Bundle|Iron Bundle|100\/100\n|-terastallize|p2a: Arcanine|Grass\n|move|p1b: Ogerpon|Horn Leech|p2a: Arcanine\n|-resisted|p2a: Arcanine\n|-damage|p2a: Arcanine|30\/100 slp\n|-enditem|p2a: Arcanine|Sitrus Berry|[eat]\n|-heal|p2a: Arcanine|55\/100 slp|[from] item: Sitrus Berry\n|cant|p2a: Arcanine|slp\n|\n|-heal|p2a: Arcanine|61\/100 slp|[from] Grassy Terrain\n|upkeep\n|turn|15\n|inactive|3anna has 120 seconds left.\n|\n|t:|1701041768\n|switch|p2a: Sinistcha|Sinistcha|100\/100\n|-terastallize|p1a: Rillaboom|Grass\n|move|p2b: Iron Bundle|Protect|p2b: Iron Bundle\n|-singleturn|p2b: Iron Bundle|Protect\n|move|p1a: Rillaboom|Grassy Glide|p2b: Iron Bundle\n|-activate|p2b: Iron Bundle|move: Protect\n|move|p1b: Ogerpon|Ivy Cudgel|p2b: Iron Bundle|[anim] Ivy Cudgel Water\n|-activate|p2b: Iron Bundle|move: Protect\n|\n|upkeep\n|turn|16\n|\n|t:|1701041786\n|move|p1a: Rillaboom|Grassy Glide|p2b: Iron Bundle\n|-supereffective|p2b: Iron Bundle\n|-enditem|p2b: Iron Bundle|Focus Sash\n|-damage|p2b: Iron Bundle|1\/100\n|move|p2b: Iron Bundle|Freeze-Dry|p1b: Ogerpon\n|-supereffective|p1b: Ogerpon\n|-damage|p1b: Ogerpon|0 fnt\n|faint|p1b: Ogerpon\n|move|p2a: Sinistcha|Matcha Gotcha|p1a: Rillaboom\n|-resisted|p1a: Rillaboom\n|-damage|p1a: Rillaboom|82\/100\n|\n|-heal|p2b: Iron Bundle|7\/100|[from] Grassy Terrain\n|-heal|p1a: Rillaboom|88\/100|[from] Grassy Terrain\n|upkeep\n|\n|t:|1701041798\n|switch|p1b: Pelipper|Pelipper, F|100\/100\n|-weather|RainDance|[from] ability: Drizzle|[of] p1b: Pelipper\n|turn|17\n|\n|t:|1701041804\n|move|p2b: Iron Bundle|Protect|p2b: Iron Bundle\n|-singleturn|p2b: Iron Bundle|Protect\n|move|p1a: Rillaboom|Grassy Glide|p2b: Iron Bundle\n|-activate|p2b: Iron Bundle|move: Protect\n|move|p2a: Sinistcha|Matcha Gotcha|p1b: Pelipper|[spread] p1a,p1b\n|-resisted|p1a: Rillaboom\n|-crit|p1a: Rillaboom\n|-damage|p1a: Rillaboom|69\/100\n|-damage|p1b: Pelipper|59\/100\n|move|p1b: Pelipper|Hurricane|p2a: Sinistcha\n|-supereffective|p2a: Sinistcha\n|-damage|p2a: Sinistcha|0 fnt\n|faint|p2a: Sinistcha\n|\n|-weather|RainDance|[upkeep]\n|-heal|p2b: Iron Bundle|13\/100|[from] Grassy Terrain\n|-heal|p1a: Rillaboom|75\/100|[from] Grassy Terrain\n|upkeep\n|\n|t:|1701041817\n|switch|p2a: Arcanine|Arcanine-Hisui, M, tera:Grass|61\/100 slp\n|-ability|p2a: Arcanine|Intimidate|boost\n|-unboost|p1a: Rillaboom|atk|1\n|-unboost|p1b: Pelipper|atk|1\n|turn|18\n|\n|t:|1701041830\n|move|p2b: Iron Bundle|Protect||[still]\n|-fail|p2b: Iron Bundle\n|cant|p2a: Arcanine|slp\n|move|p1a: Rillaboom|Grassy Glide|p2b: Iron Bundle\n|-supereffective|p2b: Iron Bundle\n|-damage|p2b: Iron Bundle|0 fnt\n|faint|p2b: Iron Bundle\n|-end|p2b: Iron Bundle|Quark Drive|[silent]\n|move|p1b: Pelipper|Hurricane|p2a: Arcanine\n|-supereffective|p2a: Arcanine\n|-damage|p2a: Arcanine|0 fnt\n|faint|p2a: Arcanine\n|\n|win|3anna\n|raw|3anna's rating: 1408 &rarr; <strong>1434<\/strong><br \/>(+26 for winning)\n|raw|Cactuscoolish's rating: 1520 &rarr; <strong>1494<\/strong><br \/>(-26 for losing)\n","uploadtime":1701041663,"views":5,"p1id":"3anna","p2id":"cactuscoolish","formatid":"gen9doublesou","rating":1434,"private":0,"password":""}