{"id":"gen9doublesou-1980893298","p1":"RadicalKoala","p2":"Musst","format":"[Gen 9] Doubles OU","log":"|j|\u2606RadicalKoala\n|j|\u2606Musst\n|t:|1698846626\n|gametype|doubles\n|player|p1|RadicalKoala|pokemaniac|1459\n|player|p2|Musst|169|1359\n|teamsize|p1|6\n|teamsize|p2|6\n|gen|9\n|tier|[Gen 9] Doubles OU\n|rated|\n|rule|Species Clause: Limit one of each Pok\u00e9mon\n|rule|OHKO Clause: OHKO moves are banned\n|rule|Evasion Moves Clause: Evasion moves are banned\n|rule|Gravity Sleep Clause: The combination of sleep-inducing moves with imperfect accuracy and Gravity or Gigantamax Orbeetle are banned\n|rule|Endless Battle Clause: Forcing endless battles is banned\n|rule|HP Percentage Mod: HP is shown in percentages\n|clearpoke\n|poke|p1|Sinistcha|\n|poke|p1|Ursaluna-Bloodmoon, M|\n|poke|p1|Flutter Mane|\n|poke|p1|Rillaboom, F|\n|poke|p1|Chien-Pao|\n|poke|p1|Ogerpon-Hearthflame, F|\n|poke|p2|Torkoal, M|\n|poke|p2|Walking Wake|\n|poke|p2|Basculegion-F, F|\n|poke|p2|Sinistcha|\n|poke|p2|Flutter Mane|\n|poke|p2|Goodra-Hisui, F|\n|teampreview\n|inactive|Battle timer is ON: inactive players will automatically lose when time's up. (requested by Musst)\n|\n|t:|1698846642\n|start\n|switch|p1a: Ursaluna|Ursaluna-Bloodmoon, M|100\/100\n|switch|p1b: Flutter Mane|Flutter Mane|100\/100\n|switch|p2a: Torkoal|Torkoal, M|100\/100\n|switch|p2b: Walking Wake|Walking Wake|100\/100\n|-weather|SunnyDay|[from] ability: Drought|[of] p2a: Torkoal\n|-activate|p1b: Flutter Mane|ability: Protosynthesis\n|-start|p1b: Flutter Mane|protosynthesisspe\n|-activate|p2b: Walking Wake|ability: Protosynthesis\n|-start|p2b: Walking Wake|protosynthesisspa\n|turn|1\n|\n|t:|1698846658\n|-terastallize|p2b: Walking Wake|Fairy\n|move|p1b: Flutter Mane|Dazzling Gleam|p2b: Walking Wake|[spread] p2a,p2b\n|-resisted|p2a: Torkoal\n|-damage|p2a: Torkoal|80\/100\n|-damage|p2b: Walking Wake|42\/100\n|move|p2b: Walking Wake|Hydro Steam|p1b: Flutter Mane\n|-damage|p1b: Flutter Mane|0 fnt\n|faint|p1b: Flutter Mane\n|-end|p1b: Flutter Mane|Protosynthesis|[silent]\n|-damage|p2b: Walking Wake|32\/100|[from] item: Life Orb\n|move|p1a: Ursaluna|Blood Moon|p2a: Torkoal\n|-damage|p2a: Torkoal|2\/100\n|move|p2a: Torkoal|Solar Beam||[still]\n|-prepare|p2a: Torkoal|Solar Beam\n|-anim|p2a: Torkoal|Solar Beam|p1a: Ursaluna\n|-supereffective|p1a: Ursaluna\n|-damage|p1a: Ursaluna|17\/100\n|\n|-weather|SunnyDay|[upkeep]\n|-heal|p1a: Ursaluna|23\/100|[from] item: Leftovers\n|upkeep\n|\n|t:|1698846672\n|switch|p1b: Rillaboom|Rillaboom, F|100\/100\n|-fieldstart|move: Grassy Terrain|[from] ability: Grassy Surge|[of] p1b: Rillaboom\n|turn|2\n|\n|t:|1698846683\n|switch|p2a: Sinistcha|Sinistcha|100\/100\n|-heal|p2b: Walking Wake|57\/100|[from] ability: Hospitality|[of] p2a: Sinistcha\n|move|p1a: Ursaluna|Protect|p1a: Ursaluna\n|-singleturn|p1a: Ursaluna|Protect\n|move|p1b: Rillaboom|Grassy Glide|p2b: Walking Wake\n|-damage|p2b: Walking Wake|1\/100\n|move|p2b: Walking Wake|Flamethrower|p1b: Rillaboom\n|-supereffective|p1b: Rillaboom\n|-damage|p1b: Rillaboom|0 fnt\n|faint|p1b: Rillaboom\n|-damage|p2b: Walking Wake|0 fnt|[from] item: Life Orb\n|faint|p2b: Walking Wake\n|-end|p2b: Walking Wake|Protosynthesis|[silent]\n|\n|-weather|SunnyDay|[upkeep]\n|-heal|p1a: Ursaluna|29\/100|[from] Grassy Terrain\n|-heal|p1a: Ursaluna|35\/100|[from] item: Leftovers\n|upkeep\n|\n|t:|1698846707\n|switch|p2b: Flutter Mane|Flutter Mane|100\/100\n|switch|p1b: Sinistcha|Sinistcha|100\/100\n|-activate|p2b: Flutter Mane|ability: Protosynthesis\n|-start|p2b: Flutter Mane|protosynthesisspe\n|-heal|p1a: Ursaluna|60\/100|[from] ability: Hospitality|[of] p1b: Sinistcha\n|turn|3\n|\n|t:|1698846721\n|move|p2b: Flutter Mane|Shadow Ball|p1b: Sinistcha\n|-supereffective|p1b: Sinistcha\n|-damage|p1b: Sinistcha|0 fnt\n|faint|p1b: Sinistcha\n|move|p2a: Sinistcha|Matcha Gotcha|p1a: Ursaluna\n|-supereffective|p1a: Ursaluna\n|-damage|p1a: Ursaluna|0 fnt\n|faint|p1a: Ursaluna\n|\n|-weather|SunnyDay|[upkeep]\n|upkeep\n|\n|t:|1698846725\n|switch|p1b: Ogerpon|Ogerpon-Hearthflame, F|100\/100\n|switch|p1a: Chien-Pao|Chien-Pao|100\/100\n|-ability|p1a: Chien-Pao|Sword of Ruin\n|-ability|p1b: Ogerpon|Mold Breaker\n|turn|4\n|\n|t:|1698846754\n|-end|p2b: Flutter Mane|Protosynthesis|[silent]\n|switch|p2b: Torkoal|Torkoal, M|2\/100\n|-terastallize|p1b: Ogerpon|Fire\n|detailschange|p1b: Ogerpon|Ogerpon-Hearthflame-Tera, F, tera:Fire\n|-ability|p1b: Ogerpon|Embody Aspect (Hearthflame)|boost\n|-boost|p1b: Ogerpon|atk|1\n|move|p1a: Chien-Pao|Icicle Crash|p2a: Sinistcha\n|-supereffective|p2a: Sinistcha\n|-damage|p2a: Sinistcha|0 fnt\n|faint|p2a: Sinistcha\n|-damage|p1a: Chien-Pao|91\/100|[from] item: Life Orb\n|move|p1b: Ogerpon|Ivy Cudgel|p2b: Torkoal\n|-resisted|p2b: Torkoal\n|-damage|p2b: Torkoal|0 fnt\n|faint|p2b: Torkoal\n|\n|-weather|SunnyDay|[upkeep]\n|-heal|p1a: Chien-Pao|97\/100|[from] Grassy Terrain\n|upkeep\n|inactive|Musst has 120 seconds left.\n|\n|t:|1698846776\n|switch|p2a: Basculegion|Basculegion-F, F|100\/100\n|switch|p2b: Flutter Mane|Flutter Mane|100\/100\n|-activate|p2b: Flutter Mane|ability: Protosynthesis\n|-start|p2b: Flutter Mane|protosynthesisspe\n|turn|5\n|\n|t:|1698846782\n|move|p1a: Chien-Pao|Sucker Punch|p2a: Basculegion\n|-supereffective|p2a: Basculegion\n|-crit|p2a: Basculegion\n|-damage|p2a: Basculegion|0 fnt\n|faint|p2a: Basculegion\n|-damage|p1a: Chien-Pao|87\/100|[from] item: Life Orb\n|move|p2b: Flutter Mane|Dazzling Gleam|p1a: Chien-Pao|[spread] p1a,p1b\n|-supereffective|p1a: Chien-Pao\n|-resisted|p1b: Ogerpon\n|-damage|p1a: Chien-Pao|0 fnt\n|-damage|p1b: Ogerpon|74\/100\n|faint|p1a: Chien-Pao\n|move|p1b: Ogerpon|Ivy Cudgel|p2b: Flutter Mane\n|-damage|p2b: Flutter Mane|0 fnt\n|faint|p2b: Flutter Mane\n|-end|p2b: Flutter Mane|Protosynthesis|[silent]\n|\n|-weather|none\n|-heal|p1b: Ogerpon|80\/100|[from] Grassy Terrain\n|upkeep\n|\n|t:|1698846795\n|switch|p2a: Goodra|Goodra-Hisui, F|100\/100\n|turn|6\n|\n|t:|1698846802\n|move|p1b: Ogerpon|Protect|p1b: Ogerpon\n|-singleturn|p1b: Ogerpon|Protect\n|move|p2a: Goodra|Dragon Claw|p1b: Ogerpon\n|-activate|p1b: Ogerpon|move: Protect\n|\n|-heal|p1b: Ogerpon|86\/100|[from] Grassy Terrain\n|-fieldend|move: Grassy Terrain\n|upkeep\n|turn|7\n|\n|t:|1698846807\n|move|p1b: Ogerpon|Swords Dance|p1b: Ogerpon\n|-boost|p1b: Ogerpon|atk|2\n|move|p2a: Goodra|Dragon Claw|p1b: Ogerpon\n|-damage|p1b: Ogerpon|34\/100\n|\n|upkeep\n|turn|8\n|\n|t:|1698846814\n|move|p1b: Ogerpon|Ivy Cudgel|p2a: Goodra\n|-crit|p2a: Goodra\n|-damage|p2a: Goodra|0 fnt\n|faint|p2a: Goodra\n|\n|win|RadicalKoala\n|raw|RadicalKoala's rating: 1459 &rarr; <strong>1473<\/strong><br \/>(+14 for winning)\n|raw|Musst's rating: 1359 &rarr; <strong>1345<\/strong><br \/>(-14 for losing)\n|l|\u2606Musst\n|c|\u2606RadicalKoala|gg\n","uploadtime":1698846823,"views":19,"p1id":"radicalkoala","p2id":"musst","formatid":"gen9doublesou","rating":1345,"private":0,"password":""}