{"id":"gen9doublesou-1993758707","p1":"Vengeful Hannya","p2":"Phoenixlex","format":"[Gen 9] Doubles OU","log":"|j|\u2606Vengeful Hannya\n|j|\u2606Phoenixlex\n|t:|1700353814\n|gametype|doubles\n|player|p1|Vengeful Hannya|veteran-gen4|1454\n|player|p2|Phoenixlex|blue|1452\n|teamsize|p1|6\n|teamsize|p2|6\n|gen|9\n|tier|[Gen 9] Doubles OU\n|rated|\n|rule|Species Clause: Limit one of each Pok\u00e9mon\n|rule|OHKO Clause: OHKO moves are banned\n|rule|Evasion Moves Clause: Evasion moves are banned\n|rule|Gravity Sleep Clause: The combination of sleep-inducing moves with imperfect accuracy and Gravity or Gigantamax Orbeetle are banned\n|rule|Endless Battle Clause: Forcing endless battles is banned\n|rule|HP Percentage Mod: HP is shown in percentages\n|clearpoke\n|poke|p1|Empoleon, F|\n|poke|p1|Ogerpon-Wellspring, F|\n|poke|p1|Pelipper, F|\n|poke|p1|Flutter Mane|\n|poke|p1|Iron Hands|\n|poke|p1|Goodra-Hisui, F|\n|poke|p2|Cresselia, F|\n|poke|p2|Indeedee-F, F|\n|poke|p2|Armarouge, F|\n|poke|p2|Iron Hands|\n|poke|p2|Ursaluna-Bloodmoon, M|\n|poke|p2|Volcanion|\n|teampreview\n|inactive|Battle timer is ON: inactive players will automatically lose when time's up. (requested by Phoenixlex)\n|\n|t:|1700353841\n|start\n|switch|p1a: Nukekubi|Flutter Mane|100\/100\n|switch|p1b: Shussebora|Goodra-Hisui, F|100\/100\n|switch|p2a: Indeedee|Indeedee-F, F|100\/100\n|switch|p2b: Iron Hands|Iron Hands|100\/100\n|-fieldstart|move: Psychic Terrain|[from] ability: Psychic Surge|[of] p2a: Indeedee\n|-enditem|p2b: Iron Hands|Booster Energy\n|-activate|p2b: Iron Hands|ability: Quark Drive|[fromitem]\n|-start|p2b: Iron Hands|quarkdriveatk\n|turn|1\n|\n|t:|1700353855\n|move|p2b: Iron Hands|Protect|p2b: Iron Hands\n|-singleturn|p2b: Iron Hands|Protect\n|move|p1a: Nukekubi|Imprison|p1a: Nukekubi\n|-start|p1a: Nukekubi|move: Imprison\n|move|p1b: Shussebora|Curse|p1b: Shussebora\n|-unboost|p1b: Shussebora|spe|1\n|-boost|p1b: Shussebora|atk|1\n|-boost|p1b: Shussebora|def|1\n|cant|p2a: Indeedee|move: Imprison|Trick Room\n|\n|upkeep\n|turn|2\n|\n|t:|1700353875\n|-terastallize|p1a: Nukekubi|Fairy\n|move|p2a: Indeedee|Follow Me|p2a: Indeedee\n|-singleturn|p2a: Indeedee|move: Follow Me\n|move|p1a: Nukekubi|Dazzling Gleam|p2b: Iron Hands|[spread] p2a,p2b\n|-supereffective|p2b: Iron Hands\n|-damage|p2a: Indeedee|73\/100\n|-damage|p2b: Iron Hands|25\/100\n|move|p2b: Iron Hands|Thunder Punch|p1a: Nukekubi\n|-enditem|p1a: Nukekubi|Focus Sash\n|-damage|p1a: Nukekubi|1\/100\n|move|p1b: Shussebora|Life Dew||[still]|[spread] p1a,p1b\n|-heal|p1a: Nukekubi|26\/100\n|-fail|p1b: Shussebora|heal\n|\n|upkeep\n|turn|3\n|\n|t:|1700353885\n|move|p2b: Iron Hands|Protect|p2b: Iron Hands\n|-singleturn|p2b: Iron Hands|Protect\n|move|p1a: Nukekubi|Dazzling Gleam|p2b: Iron Hands|[spread] p2a\n|-activate|p2b: Iron Hands|move: Protect\n|-damage|p2a: Indeedee|40\/100\n|move|p2a: Indeedee|Psychic|p1a: Nukekubi\n|-damage|p1a: Nukekubi|0 fnt\n|faint|p1a: Nukekubi\n|-end|p1a: Nukekubi|Protosynthesis|[silent]\n|move|p1b: Shussebora|Heavy Slam|p2a: Indeedee\n|-damage|p2a: Indeedee|0 fnt\n|faint|p2a: Indeedee\n|\n|upkeep\n|\n|t:|1700353899\n|switch|p1a: Elisabeth|Empoleon, F|100\/100\n|switch|p2a: Cresselia|Cresselia, F|100\/100\n|turn|4\n|\n|t:|1700353913\n|move|p1a: Elisabeth|Surf|p2b: Iron Hands|[spread] p1b,p2a,p2b\n|-resisted|p1b: Shussebora\n|-damage|p1b: Shussebora|90\/100\n|-damage|p2a: Cresselia|82\/100\n|-damage|p2b: Iron Hands|0 fnt\n|faint|p2b: Iron Hands\n|-end|p2b: Iron Hands|Quark Drive|[silent]\n|move|p1b: Shussebora|Curse|p1b: Shussebora\n|-unboost|p1b: Shussebora|spe|1\n|-boost|p1b: Shussebora|atk|1\n|-boost|p1b: Shussebora|def|1\n|move|p2a: Cresselia|Trick Room|p2a: Cresselia\n|-fieldstart|move: Trick Room|[of] p2a: Cresselia\n|\n|-heal|p1b: Shussebora|96\/100|[from] item: Leftovers\n|upkeep\n|\n|t:|1700353939\n|switch|p2b: Ursaluna|Ursaluna-Bloodmoon, M|100\/100\n|turn|5\n|\n|t:|1700353953\n|switch|p1a: Tybee|Pelipper, F|100\/100\n|-weather|RainDance|[from] ability: Drizzle|[of] p1a: Tybee\n|move|p1b: Shussebora|Body Press|p2b: Ursaluna\n|-supereffective|p2b: Ursaluna\n|-damage|p2b: Ursaluna|34\/100\n|move|p2b: Ursaluna|Earth Power|p1b: Shussebora\n|-supereffective|p1b: Shussebora\n|-damage|p1b: Shussebora|9\/100\n|-unboost|p1b: Shussebora|spd|1\n|-damage|p2b: Ursaluna|24\/100|[from] item: Life Orb\n|move|p2a: Cresselia|Thunderbolt|p1a: Tybee\n|-supereffective|p1a: Tybee\n|-damage|p1a: Tybee|6\/100\n|-status|p1a: Tybee|par\n|\n|-weather|RainDance|[upkeep]\n|-heal|p1b: Shussebora|15\/100|[from] item: Leftovers\n|upkeep\n|turn|6\n|\n|t:|1700353979\n|switch|p1a: Shogun|Iron Hands|100\/100\n|-enditem|p1a: Shogun|Booster Energy\n|-activate|p1a: Shogun|ability: Quark Drive|[fromitem]\n|-start|p1a: Shogun|quarkdriveatk\n|move|p2b: Ursaluna|Protect|p2b: Ursaluna\n|-singleturn|p2b: Ursaluna|Protect\n|move|p1b: Shussebora|Body Press|p2b: Ursaluna\n|-activate|p2b: Ursaluna|move: Protect\n|move|p2a: Cresselia|Lunar Blessing|p2a: Cresselia|[spread] p2a,p2b\n|-heal|p2a: Cresselia|100\/100\n|-heal|p2b: Ursaluna|48\/100\n|\n|-weather|RainDance|[upkeep]\n|-heal|p1b: Shussebora|21\/100|[from] item: Leftovers\n|upkeep\n|turn|7\n|\n|t:|1700354002\n|move|p2b: Ursaluna|Protect||[still]\n|-fail|p2b: Ursaluna\n|move|p1b: Shussebora|Life Dew||[still]|[spread] p1a,p1b\n|-fail|p1a: Shogun|heal\n|-heal|p1b: Shussebora|46\/100\n|move|p1a: Shogun|Drain Punch|p2b: Ursaluna\n|-supereffective|p2b: Ursaluna\n|-damage|p2b: Ursaluna|0 fnt\n|faint|p2b: Ursaluna\n|move|p2a: Cresselia|Trick Room|p2a: Cresselia\n|-fieldend|move: Trick Room\n|\n|-weather|RainDance|[upkeep]\n|-heal|p1b: Shussebora|52\/100|[from] item: Leftovers\n|upkeep\n|\n|t:|1700354006\n|switch|p2b: Volcanion|Volcanion|100\/100\n|turn|8\n|\n|t:|1700354012\n|-terastallize|p2b: Volcanion|Water\n|move|p1a: Shogun|Wild Charge|p2b: Volcanion\n|-supereffective|p2b: Volcanion\n|-damage|p2b: Volcanion|10\/100\n|-damage|p1a: Shogun|84\/100|[from] Recoil\n|move|p2b: Volcanion|Steam Eruption|p1b: Shussebora\n|-resisted|p1b: Shussebora\n|-damage|p1b: Shussebora|0 fnt\n|faint|p1b: Shussebora\n|move|p2a: Cresselia|Trick Room|p2a: Cresselia\n|-fieldstart|move: Trick Room|[of] p2a: Cresselia\n|\n|-weather|RainDance|[upkeep]\n|-heal|p2b: Volcanion|16\/100|[from] item: Leftovers\n|-fieldend|move: Psychic Terrain\n|upkeep\n|\n|t:|1700354024\n|switch|p1b: Elisabeth|Empoleon, F|100\/100\n|turn|9\n|\n|t:|1700354032\n|move|p2b: Volcanion|Steam Eruption|p1a: Shogun\n|-damage|p1a: Shogun|0 fnt\n|faint|p1a: Shogun\n|-end|p1a: Shogun|Quark Drive|[silent]\n|move|p1b: Elisabeth|Flash Cannon|p2a: Cresselia\n|-damage|p2a: Cresselia|80\/100\n|move|p2a: Cresselia|Lunar Blessing|p2a: Cresselia|[spread] p2a,p2b\n|-heal|p2a: Cresselia|100\/100\n|-heal|p2b: Volcanion|41\/100\n|\n|-weather|RainDance|[upkeep]\n|-heal|p2b: Volcanion|47\/100|[from] item: Leftovers\n|upkeep\n|\n|t:|1700354041\n|switch|p1a: Hannya|Ogerpon-Wellspring, F|100\/100\n|turn|10\n|\n|t:|1700354060\n|move|p2b: Volcanion|Taunt|p1a: Hannya\n|-start|p1a: Hannya|move: Taunt\n|move|p1b: Elisabeth|Flash Cannon|p2a: Cresselia\n|-damage|p2a: Cresselia|78\/100\n|move|p2a: Cresselia|Lunar Blessing|p2a: Cresselia|[spread] p2a,p2b\n|-heal|p2a: Cresselia|100\/100\n|-heal|p2b: Volcanion|72\/100\n|move|p1a: Hannya|Ivy Cudgel|p2b: Volcanion|[anim] Ivy Cudgel Water\n|-heal|p2b: Volcanion|97\/100|[from] ability: Water Absorb|[of] p1a: Hannya\n|\n|-weather|RainDance|[upkeep]\n|-heal|p2b: Volcanion|100\/100|[from] item: Leftovers\n|upkeep\n|turn|11\n|inactive|Phoenixlex has 120 seconds left.\n|\n|t:|1700354093\n|move|p2b: Volcanion|Steam Eruption|p1b: Elisabeth\n|-resisted|p1b: Elisabeth\n|-damage|p1b: Elisabeth|62\/100\n|-status|p1b: Elisabeth|brn\n|move|p1b: Elisabeth|Ice Beam|p2b: Volcanion\n|-resisted|p2b: Volcanion\n|-damage|p2b: Volcanion|85\/100\n|move|p2a: Cresselia|Thunderbolt|p1b: Elisabeth\n|-supereffective|p1b: Elisabeth\n|-damage|p1b: Elisabeth|43\/100 brn\n|move|p1a: Hannya|Horn Leech|p2b: Volcanion\n|-supereffective|p2b: Volcanion\n|-damage|p2b: Volcanion|10\/100\n|\n|-weather|RainDance|[upkeep]\n|-heal|p2b: Volcanion|16\/100|[from] item: Leftovers\n|-damage|p1b: Elisabeth|37\/100 brn|[from] brn\n|upkeep\n|turn|12\n|\n|t:|1700354112\n|move|p2b: Volcanion|Protect|p2b: Volcanion\n|-singleturn|p2b: Volcanion|Protect\n|move|p1b: Elisabeth|Flash Cannon|p2a: Cresselia\n|-damage|p2a: Cresselia|77\/100\n|move|p2a: Cresselia|Thunderbolt|p1b: Elisabeth\n|-supereffective|p1b: Elisabeth\n|-crit|p1b: Elisabeth\n|-damage|p1b: Elisabeth|6\/100 brn\n|move|p1a: Hannya|Horn Leech|p2b: Volcanion\n|-activate|p2b: Volcanion|move: Protect\n|\n|-weather|none\n|-heal|p2b: Volcanion|22\/100|[from] item: Leftovers\n|-damage|p1b: Elisabeth|0 fnt|[from] brn\n|faint|p1b: Elisabeth\n|-end|p1a: Hannya|move: Taunt\n|-fieldend|move: Trick Room\n|upkeep\n|\n|t:|1700354114\n|switch|p1b: Tybee|Pelipper, F|6\/100 par\n|-weather|RainDance|[from] ability: Drizzle|[of] p1b: Tybee\n|turn|13\n|\n|t:|1700354123\n|switch|p2b: Armarouge|Armarouge, F|100\/100\n|move|p1a: Hannya|Horn Leech|p2b: Armarouge\n|-resisted|p2b: Armarouge\n|-damage|p2b: Armarouge|79\/100\n|move|p1b: Tybee|Tailwind|p1b: Tybee\n|-sidestart|p1: Vengeful Hannya|move: Tailwind\n|move|p2a: Cresselia|Trick Room|p2a: Cresselia\n|-fieldstart|move: Trick Room|[of] p2a: Cresselia\n|-enditem|p2b: Armarouge|Room Service\n|-unboost|p2b: Armarouge|spe|1|[from] item: Room Service\n|\n|-weather|RainDance|[upkeep]\n|upkeep\n|turn|14\n|\n|t:|1700354138\n|move|p1b: Tybee|Wide Guard|p1b: Tybee\n|-singleturn|p1b: Tybee|Wide Guard\n|move|p2b: Armarouge|Expanding Force|p1a: Hannya\n|-damage|p1a: Hannya|57\/100\n|move|p2a: Cresselia|Thunderbolt|p1b: Tybee\n|-supereffective|p1b: Tybee\n|-damage|p1b: Tybee|0 fnt\n|faint|p1b: Tybee\n|move|p1a: Hannya|Ivy Cudgel|p2b: Armarouge|[anim] Ivy Cudgel Water\n|-supereffective|p2b: Armarouge\n|-damage|p2b: Armarouge|0 fnt\n|faint|p2b: Armarouge\n|\n|-weather|RainDance|[upkeep]\n|upkeep\n|\n|t:|1700354145\n|switch|p2b: Volcanion|Volcanion, tera:Water|22\/100\n|turn|15\n|\n|t:|1700354154\n|move|p2b: Volcanion|Protect|p2b: Volcanion\n|-singleturn|p2b: Volcanion|Protect\n|move|p2a: Cresselia|Psychic|p1a: Hannya\n|-damage|p1a: Hannya|30\/100\n|move|p1a: Hannya|Horn Leech|p2b: Volcanion\n|-activate|p2b: Volcanion|move: Protect\n|\n|-weather|RainDance|[upkeep]\n|-heal|p2b: Volcanion|28\/100|[from] item: Leftovers\n|upkeep\n|turn|16\n|\n|t:|1700354162\n|move|p2b: Volcanion|Heat Wave|p1a: Hannya\n|-damage|p1a: Hannya|2\/100\n|move|p2a: Cresselia|Psychic|p1a: Hannya\n|-damage|p1a: Hannya|0 fnt\n|faint|p1a: Hannya\n|\n|win|Phoenixlex\n|raw|Vengeful Hannya's rating: 1454 &rarr; <strong>1434<\/strong><br \/>(-20 for losing)\n|raw|Phoenixlex's rating: 1452 &rarr; <strong>1472<\/strong><br \/>(+20 for winning)\n|l|\u2606Vengeful Hannya\n","uploadtime":1700354177,"views":22,"p1id":"vengefulhannya","p2id":"phoenixlex","formatid":"gen9doublesou","rating":1434,"private":0,"password":""}