{"id":"gen9doublesou-1971883629","p1":"GTRSoLNeo","p2":"skullatech","format":"[Gen 9] Doubles OU","log":"|j|\u2606GTRSoLNeo\n|j|\u2606skullatech\n|t:|1697786625\n|gametype|doubles\n|player|p1|GTRSoLNeo|rocketgrunt|\n|player|p2|skullatech|bellelba|\n|teamsize|p1|6\n|teamsize|p2|6\n|gen|9\n|tier|[Gen 9] Doubles OU\n|rule|Species Clause: Limit one of each Pok\u00e9mon\n|rule|OHKO Clause: OHKO moves are banned\n|rule|Evasion Moves Clause: Evasion moves are banned\n|rule|Gravity Sleep Clause: The combination of sleep-inducing moves with imperfect accuracy and Gravity or Gigantamax Orbeetle are banned\n|rule|Endless Battle Clause: Forcing endless battles is banned\n|rule|HP Percentage Mod: HP is shown in percentages\n|clearpoke\n|poke|p1|Bisharp, F|\n|poke|p1|Eelektross, M|\n|poke|p1|Slowbro, M|\n|poke|p1|Clodsire, F|\n|poke|p1|Chandelure, M|\n|poke|p1|Drifblim, F|\n|poke|p2|Gholdengo|\n|poke|p2|Clefable, F|\n|poke|p2|Palafin, M|\n|poke|p2|Leavanny, F|\n|poke|p2|Scizor, M|\n|poke|p2|Gliscor, M|\n|teampreview\n|\n|t:|1697786634\n|start\n|switch|p1a: Topeka|Drifblim, F|100\/100\n|switch|p1b: Doncamatic|Eelektross, M|100\/100\n|switch|p2a: Kill|Clefable, F, shiny|100\/100\n|switch|p2b: Neos|Palafin, M|100\/100\n|turn|1\n|\n|t:|1697786647\n|move|p2b: Neos|Flip Turn|p1b: Doncamatic\n|-damage|p1b: Doncamatic|68\/100\n|-damage|p2b: Neos|91\/100|[from] item: Life Orb\n|\n|t:|1697786653\n|detailschange|p2b: Neos|Palafin-Hero, M\n|switch|p2b: Toxsick|Gliscor, M|100\/100|[from] Flip Turn\n|move|p1a: Topeka|Tailwind|p1a: Topeka\n|-sidestart|p1: GTRSoLNeo|move: Tailwind\n|move|p1b: Doncamatic|Volt Switch|p2b: Toxsick\n|-immune|p2b: Toxsick\n|move|p2a: Kill|Cosmic Power|p2a: Kill\n|-boost|p2a: Kill|def|1\n|-boost|p2a: Kill|spd|1\n|\n|-heal|p1b: Doncamatic|74\/100|[from] item: Leftovers\n|-status|p2b: Toxsick|tox|[from] item: Toxic Orb\n|upkeep\n|turn|2\n|\n|t:|1697786668\n|switch|p1b: Charger|Chandelure, M, shiny|100\/100\n|move|p1a: Topeka|Phantom Force||[still]\n|-prepare|p1a: Topeka|Phantom Force\n|move|p2b: Toxsick|Toxic|p1b: Charger\n|-status|p1b: Charger|tox\n|move|p2a: Kill|Cosmic Power|p2a: Kill\n|-boost|p2a: Kill|def|1\n|-boost|p2a: Kill|spd|1\n|\n|-damage|p1b: Charger|94\/100 tox|[from] psn\n|upkeep\n|turn|3\n|\n|t:|1697786690\n|switch|p1b: Coconut Ranger|Bisharp, F|100\/100\n|move|p1a: Topeka|Phantom Force|p2b: Toxsick|[from]lockedmove\n|-damage|p2b: Toxsick|81\/100 tox\n|move|p2b: Toxsick|Crabhammer|p1b: Coconut Ranger\n|-damage|p1b: Coconut Ranger|64\/100\n|move|p2a: Kill|Cosmic Power|p2a: Kill\n|-boost|p2a: Kill|def|1\n|-boost|p2a: Kill|spd|1\n|\n|-heal|p2b: Toxsick|93\/100 tox|[from] ability: Poison Heal\n|upkeep\n|turn|4\n|\n|t:|1697786709\n|move|p1b: Coconut Ranger|Sucker Punch||[still]\n|-fail|p1b: Coconut Ranger\n|move|p1a: Topeka|Phantom Force||[still]\n|-prepare|p1a: Topeka|Phantom Force\n|move|p2b: Toxsick|Stealth Rock|p1b: Coconut Ranger\n|-sidestart|p1: GTRSoLNeo|move: Stealth Rock\n|move|p2a: Kill|Cosmic Power|p2a: Kill\n|-boost|p2a: Kill|def|1\n|-boost|p2a: Kill|spd|1\n|\n|-heal|p2b: Toxsick|100\/100 tox|[from] ability: Poison Heal\n|-sideend|p1: GTRSoLNeo|move: Tailwind\n|upkeep\n|turn|5\n|\n|t:|1697786721\n|move|p1b: Coconut Ranger|Swords Dance|p1b: Coconut Ranger\n|-boost|p1b: Coconut Ranger|atk|2\n|move|p1a: Topeka|Phantom Force|p2a: Kill|[from]lockedmove\n|-damage|p2a: Kill|91\/100\n|move|p2b: Toxsick|Earthquake|p1b: Coconut Ranger|[spread] p2a,p1b\n|-immune|p1a: Topeka\n|-supereffective|p1b: Coconut Ranger\n|-damage|p2a: Kill|80\/100\n|-damage|p1b: Coconut Ranger|0 fnt\n|faint|p1b: Coconut Ranger\n|move|p2a: Kill|Cosmic Power|p2a: Kill\n|-boost|p2a: Kill|def|1\n|-boost|p2a: Kill|spd|1\n|\n|-heal|p2a: Kill|86\/100|[from] item: Leftovers\n|upkeep\n|\n|t:|1697786729\n|switch|p1b: The Bomb|Clodsire, F|100\/100\n|-damage|p1b: The Bomb|94\/100|[from] Stealth Rock\n|turn|6\n|\n|t:|1697786744\n|move|p1a: Topeka|Tailwind|p1a: Topeka\n|-sidestart|p1: GTRSoLNeo|move: Tailwind\n|move|p2b: Toxsick|Crabhammer|p1b: The Bomb\n|-supereffective|p1b: The Bomb\n|-damage|p1b: The Bomb|25\/100\n|move|p2a: Kill|Stored Power|p1b: The Bomb\n|-supereffective|p1b: The Bomb\n|-damage|p1b: The Bomb|0 fnt\n|faint|p1b: The Bomb\n|\n|-heal|p2a: Kill|92\/100|[from] item: Leftovers\n|upkeep\n|\n|t:|1697786755\n|switch|p1b: Sleepyhead|Slowbro, M|100\/100\n|-damage|p1b: Sleepyhead|88\/100|[from] Stealth Rock\n|turn|7\n|\n|t:|1697786768\n|move|p1a: Topeka|Phantom Force||[still]\n|-prepare|p1a: Topeka|Phantom Force\n|move|p2b: Toxsick|Toxic|p1b: Sleepyhead\n|-status|p1b: Sleepyhead|tox\n|move|p1b: Sleepyhead|Iron Defense|p1b: Sleepyhead\n|-boost|p1b: Sleepyhead|def|2\n|move|p2a: Kill|Cosmic Power|p2a: Kill\n|-boost|p2a: Kill|def|1\n|-boost|p2a: Kill|spd|1\n|\n|-heal|p2a: Kill|98\/100|[from] item: Leftovers\n|-damage|p1b: Sleepyhead|82\/100 tox|[from] psn\n|upkeep\n|turn|8\n|\n|t:|1697786786\n|move|p1a: Topeka|Phantom Force|p2a: Kill|[from]lockedmove\n|-damage|p2a: Kill|92\/100\n|move|p2b: Toxsick|Crabhammer|p1a: Topeka\n|-damage|p1a: Topeka|69\/100\n|move|p1b: Sleepyhead|Liquidation|p2b: Toxsick\n|-supereffective|p2b: Toxsick\n|-damage|p2b: Toxsick|66\/100 tox\n|move|p2a: Kill|Stored Power|p1a: Topeka\n|-damage|p1a: Topeka|18\/100\n|\n|-heal|p2a: Kill|98\/100|[from] item: Leftovers\n|-heal|p2b: Toxsick|78\/100 tox|[from] ability: Poison Heal\n|-damage|p1b: Sleepyhead|70\/100 tox|[from] psn\n|upkeep\n|turn|9\n|\n|t:|1697786810\n|switch|p2b: Mama bug|Leavanny, F, shiny|100\/100\n|move|p2a: Kill|Follow Me|p2a: Kill\n|-singleturn|p2a: Kill|move: Follow Me\n|move|p1a: Topeka|Strength Sap|p2a: Kill\n|-unboost|p2a: Kill|atk|1\n|-heal|p1a: Topeka|50\/100\n|move|p1b: Sleepyhead|Iron Defense|p1b: Sleepyhead\n|-boost|p1b: Sleepyhead|def|2\n|\n|-heal|p2a: Kill|100\/100|[from] item: Leftovers\n|-damage|p1b: Sleepyhead|52\/100 tox|[from] psn\n|-sideend|p1: GTRSoLNeo|move: Tailwind\n|upkeep\n|turn|10\n|\n|t:|1697786833\n|move|p2a: Kill|Follow Me|p2a: Kill\n|-singleturn|p2a: Kill|move: Follow Me\n|move|p2b: Mama bug|Knock Off|p1a: Topeka\n|-supereffective|p1a: Topeka\n|-damage|p1a: Topeka|0 fnt\n|-enditem|p1a: Topeka|Psychic Seed|[from] move: Knock Off|[of] p2b: Mama bug\n|faint|p1a: Topeka\n|move|p1b: Sleepyhead|Slack Off|p1b: Sleepyhead\n|-heal|p1b: Sleepyhead|100\/100 tox\n|\n|-damage|p1b: Sleepyhead|76\/100 tox|[from] psn\n|upkeep\n|\n|t:|1697786840\n|switch|p1a: Charger|Chandelure, M, shiny|94\/100 tox\n|-damage|p1a: Charger|69\/100 tox|[from] Stealth Rock\n|turn|11\n|\n|t:|1697786848\n|move|p2a: Kill|Follow Me|p2a: Kill\n|-singleturn|p2a: Kill|move: Follow Me\n|move|p1a: Charger|Flamethrower|p2a: Kill\n|-damage|p2a: Kill|89\/100\n|move|p2b: Mama bug|Knock Off|p1a: Charger\n|-supereffective|p1a: Charger\n|-enditem|p1a: Charger|Colbur Berry|[eat]\n|-enditem|p1a: Charger|Colbur Berry|[weaken]\n|-damage|p1a: Charger|0 fnt\n|faint|p1a: Charger\n|move|p1b: Sleepyhead|Psyshock|p2a: Kill\n|-damage|p2a: Kill|82\/100\n|\n|-heal|p2a: Kill|88\/100|[from] item: Leftovers\n|-damage|p1b: Sleepyhead|46\/100 tox|[from] psn\n|upkeep\n|\n|t:|1697786861\n|switch|p1a: Doncamatic|Eelektross, M|74\/100\n|-damage|p1a: Doncamatic|62\/100|[from] Stealth Rock\n|turn|12\n|\n|t:|1697786868\n|move|p2a: Kill|Follow Me|p2a: Kill\n|-singleturn|p2a: Kill|move: Follow Me\n|move|p2b: Mama bug|Knock Off|p1b: Sleepyhead\n|-supereffective|p1b: Sleepyhead\n|-crit|p1b: Sleepyhead\n|-damage|p1b: Sleepyhead|0 fnt\n|-enditem|p1b: Sleepyhead|Kasib Berry|[from] move: Knock Off|[of] p2b: Mama bug\n|faint|p1b: Sleepyhead\n|move|p1a: Doncamatic|Coil|p1a: Doncamatic\n|-boost|p1a: Doncamatic|atk|1\n|-boost|p1a: Doncamatic|def|1\n|-boost|p1a: Doncamatic|accuracy|1\n|\n|-heal|p2a: Kill|94\/100|[from] item: Leftovers\n|-heal|p1a: Doncamatic|68\/100|[from] item: Leftovers\n|upkeep\n|turn|13\n|\n|t:|1697786882\n|move|p2b: Mama bug|Knock Off|p1a: Doncamatic\n|-damage|p1a: Doncamatic|32\/100\n|-enditem|p1a: Doncamatic|Leftovers|[from] move: Knock Off|[of] p2b: Mama bug\n|move|p2a: Kill|Stored Power|p1a: Doncamatic\n|-damage|p1a: Doncamatic|0 fnt\n|faint|p1a: Doncamatic\n|\n|win|skullatech\n|l|\u2606GTRSoLNeo\n","uploadtime":1697786892,"views":23,"p1id":"gtrsolneo","p2id":"skullatech","formatid":"gen9doublesou","rating":0,"private":0,"password":""}