{"id":"gen9doublesou-1974705754","p1":"Thehombre","p2":"le big fishe","format":"[Gen 9] Doubles OU","log":"|j|\u2606Thehombre\n|j|\u2606le big fishe\n|t:|1698112465\n|gametype|doubles\n|player|p1|Thehombre|265|1081\n|player|p2|le big fishe|170|1112\n|teamsize|p1|6\n|teamsize|p2|6\n|gen|9\n|tier|[Gen 9] Doubles OU\n|rated|\n|rule|Species Clause: Limit one of each Pok\u00e9mon\n|rule|OHKO Clause: OHKO moves are banned\n|rule|Evasion Moves Clause: Evasion moves are banned\n|rule|Gravity Sleep Clause: The combination of sleep-inducing moves with imperfect accuracy and Gravity or Gigantamax Orbeetle are banned\n|rule|Endless Battle Clause: Forcing endless battles is banned\n|rule|HP Percentage Mod: HP is shown in percentages\n|clearpoke\n|poke|p1|Fezandipiti, M|\n|poke|p1|Ninetales-Alola, F|\n|poke|p1|Infernape, F|\n|poke|p1|Umbreon, F|\n|poke|p1|Maushold-Four|\n|poke|p1|Great Tusk|\n|poke|p2|Jirachi|\n|poke|p2|Shaymin-Sky|\n|poke|p2|Grimmsnarl, M|\n|poke|p2|Pachirisu, F|\n|poke|p2|Ribombee, F|\n|poke|p2|Iron Bundle|\n|teampreview\n|inactive|Battle timer is ON: inactive players will automatically lose when time's up. (requested by Thehombre)\n|\n|t:|1698112479\n|start\n|switch|p1a: Fezandipiti|Fezandipiti, M|100\/100\n|switch|p1b: Ninetales|Ninetales-Alola, F|100\/100\n|switch|p2a: Ribombee|Ribombee, F|100\/100\n|switch|p2b: Pachirisu|Pachirisu, F|100\/100\n|-weather|Snow|[from] ability: Snow Warning|[of] p1b: Ninetales\n|turn|1\n|\n|t:|1698112499\n|move|p2a: Ribombee|Sticky Web|p1a: Fezandipiti\n|-sidestart|p1: Thehombre|move: Sticky Web\n|move|p1b: Ninetales|Aurora Veil|p1b: Ninetales\n|-sidestart|p1: Thehombre|move: Aurora Veil\n|move|p1a: Fezandipiti|Icy Wind|p2a: Ribombee|[spread] p2a,p2b\n|-damage|p2a: Ribombee|90\/100\n|-damage|p2b: Pachirisu|93\/100\n|-unboost|p2b: Pachirisu|spe|1\n|move|p2b: Pachirisu|Nuzzle|p1a: Fezandipiti\n|-crit|p1a: Fezandipiti\n|-damage|p1a: Fezandipiti|93\/100\n|-status|p1a: Fezandipiti|par\n|\n|-weather|Snow|[upkeep]\n|-heal|p1a: Fezandipiti|99\/100 par|[from] item: Leftovers\n|upkeep\n|turn|2\n|inactive|le big fishe has 120 seconds left.\n|\n|t:|1698112532\n|move|p2a: Ribombee|Tailwind|p2a: Ribombee\n|-sidestart|p2: le big fishe|move: Tailwind\n|move|p2b: Pachirisu|Encore|p1b: Ninetales\n|-start|p1b: Ninetales|Encore\n|move|p1b: Ninetales|Aurora Veil||[still]\n|-fail|p1b: Ninetales\n|cant|p1a: Fezandipiti|par\n|\n|-weather|Snow|[upkeep]\n|-heal|p1a: Fezandipiti|100\/100 par|[from] item: Leftovers\n|upkeep\n|turn|3\n|\n|t:|1698112551\n|switch|p2b: Jirachi|Jirachi|100\/100\n|switch|p1b: Infernape|Infernape, F|100\/100\n|-activate|p1b: Infernape|move: Sticky Web\n|-unboost|p1b: Infernape|spe|1\n|move|p2a: Ribombee|Stun Spore|p1b: Infernape\n|-status|p1b: Infernape|par\n|move|p1a: Fezandipiti|Icy Wind|p2b: Jirachi|[spread] p2a,p2b\n|-resisted|p2b: Jirachi\n|-damage|p2a: Ribombee|80\/100\n|-damage|p2b: Jirachi|97\/100\n|-unboost|p2b: Jirachi|spe|1\n|\n|-weather|Snow|[upkeep]\n|-heal|p2b: Jirachi|100\/100|[from] item: Leftovers\n|upkeep\n|turn|4\n|\n|t:|1698112579\n|switch|p2a: Shaymin|Shaymin-Sky|100\/100\n|move|p2b: Jirachi|Iron Head|p1a: Fezandipiti\n|-supereffective|p1a: Fezandipiti\n|-damage|p1a: Fezandipiti|30\/100 par\n|move|p1a: Fezandipiti|Icy Wind|p2a: Shaymin|[spread] p2a,p2b\n|-supereffective|p2a: Shaymin\n|-resisted|p2b: Jirachi\n|-crit|p2b: Jirachi\n|-damage|p2a: Shaymin|64\/100\n|-damage|p2b: Jirachi|96\/100\n|-unboost|p2a: Shaymin|spe|1\n|-unboost|p2b: Jirachi|spe|1\n|move|p1b: Infernape|Flamethrower|p2b: Jirachi\n|-supereffective|p2b: Jirachi\n|-damage|p2b: Jirachi|28\/100\n|\n|-weather|Snow|[upkeep]\n|-heal|p2a: Shaymin|70\/100|[from] item: Leftovers\n|-heal|p2b: Jirachi|34\/100|[from] item: Leftovers\n|-heal|p1a: Fezandipiti|36\/100 par|[from] item: Leftovers\n|upkeep\n|turn|5\n|\n|t:|1698112602\n|move|p2a: Shaymin|Air Slash|p1b: Infernape\n|-supereffective|p1b: Infernape\n|-damage|p1b: Infernape|28\/100 par\n|move|p2b: Jirachi|Iron Head|p1a: Fezandipiti\n|-supereffective|p1a: Fezandipiti\n|-damage|p1a: Fezandipiti|0 fnt\n|faint|p1a: Fezandipiti\n|cant|p1b: Infernape|flinch\n|\n|-weather|none\n|-heal|p2a: Shaymin|76\/100|[from] item: Leftovers\n|-heal|p2b: Jirachi|40\/100|[from] item: Leftovers\n|-heal|p1b: Infernape|34\/100 par|[from] item: Leftovers\n|-sideend|p2: le big fishe|move: Tailwind\n|upkeep\n|\n|t:|1698112612\n|switch|p1a: Ninetales|Ninetales-Alola, F|100\/100\n|-activate|p1a: Ninetales|move: Sticky Web\n|-unboost|p1a: Ninetales|spe|1\n|-weather|Snow|[from] ability: Snow Warning|[of] p1a: Ninetales\n|turn|6\n|\n|t:|1698112623\n|move|p2a: Shaymin|Air Slash|p1b: Infernape\n|-supereffective|p1b: Infernape\n|-damage|p1b: Infernape|0 fnt\n|faint|p1b: Infernape\n|move|p1a: Ninetales|Blizzard|p2a: Shaymin|[spread] p2a,p2b\n|-supereffective|p2a: Shaymin\n|-resisted|p2b: Jirachi\n|-damage|p2a: Shaymin|0 fnt\n|-damage|p2b: Jirachi|25\/100\n|faint|p2a: Shaymin\n|move|p2b: Jirachi|Thunder Wave|p1a: Ninetales\n|-status|p1a: Ninetales|par\n|\n|-weather|Snow|[upkeep]\n|-heal|p2b: Jirachi|32\/100|[from] item: Leftovers\n|upkeep\n|\n|t:|1698112641\n|switch|p2a: Grimmsnarl|Grimmsnarl, M|100\/100\n|switch|p1b: Maushold|Maushold-Four|100\/100\n|-activate|p1b: Maushold|move: Sticky Web\n|-unboost|p1b: Maushold|spe|1\n|turn|7\n|\n|t:|1698112650\n|switch|p2b: Ribombee|Ribombee, F|80\/100\n|move|p2a: Grimmsnarl|Thunder Wave|p1b: Maushold\n|-status|p1b: Maushold|par\n|move|p1b: Maushold|Population Bomb|p2b: Ribombee\n|-damage|p2b: Ribombee|60\/100\n|-crit|p2b: Ribombee\n|-damage|p2b: Ribombee|29\/100\n|-hitcount|p2b: Ribombee|2\n|cant|p1a: Ninetales|par\n|\n|-weather|Snow|[upkeep]\n|upkeep\n|turn|8\n|\n|t:|1698112672\n|switch|p2a: Jirachi|Jirachi|32\/100\n|move|p2b: Ribombee|Tailwind|p2b: Ribombee\n|-sidestart|p2: le big fishe|move: Tailwind\n|move|p1b: Maushold|Population Bomb|p2a: Jirachi\n|-resisted|p2a: Jirachi\n|-damage|p2a: Jirachi|25\/100\n|-resisted|p2a: Jirachi\n|-damage|p2a: Jirachi|18\/100\n|-hitcount|p2a: Jirachi|2\n|cant|p1a: Ninetales|par\n|\n|-weather|Snow|[upkeep]\n|-heal|p2a: Jirachi|24\/100|[from] item: Leftovers\n|-sideend|p1: Thehombre|move: Aurora Veil\n|upkeep\n|turn|9\n|c|\u2606Thehombre|Full para team nice\n|\n|t:|1698112692\n|switch|p1a: Great Tusk|Great Tusk|100\/100\n|-activate|p1a: Great Tusk|move: Sticky Web\n|-unboost|p1a: Great Tusk|spe|1\n|move|p2b: Ribombee|Moonblast|p1b: Maushold\n|-damage|p1b: Maushold|51\/100 par\n|-unboost|p1b: Maushold|spa|1\n|move|p2a: Jirachi|Life Dew|p2a: Jirachi|[spread] p2a,p2b\n|-heal|p2a: Jirachi|49\/100\n|-heal|p2b: Ribombee|54\/100\n|move|p1b: Maushold|Population Bomb|p2a: Jirachi\n|-resisted|p2a: Jirachi\n|-damage|p2a: Jirachi|42\/100\n|-resisted|p2a: Jirachi\n|-damage|p2a: Jirachi|36\/100\n|-resisted|p2a: Jirachi\n|-damage|p2a: Jirachi|30\/100\n|-resisted|p2a: Jirachi\n|-damage|p2a: Jirachi|23\/100\n|-resisted|p2a: Jirachi\n|-damage|p2a: Jirachi|16\/100\n|-hitcount|p2a: Jirachi|5\n|\n|-weather|Snow|[upkeep]\n|-heal|p2a: Jirachi|22\/100|[from] item: Leftovers\n|upkeep\n|turn|10\n|\n|t:|1698112713\n|move|p1a: Great Tusk|Protect|p1a: Great Tusk\n|-singleturn|p1a: Great Tusk|Protect\n|move|p2b: Ribombee|Moonblast|p1a: Great Tusk\n|-activate|p1a: Great Tusk|move: Protect\n|move|p2a: Jirachi|Iron Head|p1b: Maushold\n|-damage|p1b: Maushold|0 fnt\n|faint|p1b: Maushold\n|\n|-weather|none\n|-heal|p2a: Jirachi|28\/100|[from] item: Leftovers\n|upkeep\n|\n|t:|1698112721\n|switch|p1b: Umbreon|Umbreon, F|100\/100\n|-activate|p1b: Umbreon|move: Sticky Web\n|-unboost|p1b: Umbreon|spe|1\n|turn|11\n|\n|t:|1698112746\n|-terastallize|p2a: Jirachi|Dragon\n|move|p2b: Ribombee|Moonblast|p1a: Great Tusk\n|-supereffective|p1a: Great Tusk\n|-damage|p1a: Great Tusk|16\/100\n|move|p2a: Jirachi|Life Dew|p2a: Jirachi|[spread] p2a,p2b\n|-heal|p2a: Jirachi|53\/100\n|-heal|p2b: Ribombee|79\/100\n|move|p1a: Great Tusk|Stomping Tantrum|p2a: Jirachi\n|-damage|p2a: Jirachi|11\/100\n|move|p1b: Umbreon|Calm Mind|p1b: Umbreon\n|-boost|p1b: Umbreon|spa|1\n|-boost|p1b: Umbreon|spd|1\n|\n|-heal|p2a: Jirachi|18\/100|[from] item: Leftovers\n|-heal|p1a: Great Tusk|22\/100|[from] item: Leftovers\n|-sideend|p2: le big fishe|move: Tailwind\n|upkeep\n|turn|12\n|\n|t:|1698112764\n|move|p1a: Great Tusk|Protect|p1a: Great Tusk\n|-singleturn|p1a: Great Tusk|Protect\n|move|p2b: Ribombee|Stun Spore|p1b: Umbreon\n|-status|p1b: Umbreon|par\n|-activate|p1b: Umbreon|ability: Synchronize\n|-status|p2b: Ribombee|par\n|move|p2a: Jirachi|Iron Head|p1a: Great Tusk\n|-activate|p1a: Great Tusk|move: Protect\n|move|p1b: Umbreon|Foul Play|p2a: Jirachi\n|-damage|p2a: Jirachi|0 fnt\n|faint|p2a: Jirachi\n|\n|-heal|p1a: Great Tusk|29\/100|[from] item: Leftovers\n|upkeep\n|\n|t:|1698112780\n|switch|p2a: Iron Bundle|Iron Bundle|100\/100\n|-enditem|p2a: Iron Bundle|Booster Energy\n|-activate|p2a: Iron Bundle|ability: Quark Drive|[fromitem]\n|-start|p2a: Iron Bundle|quarkdrivespe\n|turn|13\n|\n|t:|1698112791\n|-end|p1a: Great Tusk|Protosynthesis|[silent]\n|switch|p1a: Ninetales|Ninetales-Alola, F|100\/100 par\n|-activate|p1a: Ninetales|move: Sticky Web\n|-unboost|p1a: Ninetales|spe|1\n|-weather|Snow|[from] ability: Snow Warning|[of] p1a: Ninetales\n|move|p2a: Iron Bundle|Icy Wind|p1b: Umbreon|[spread] p1a,p1b\n|-resisted|p1a: Ninetales\n|-damage|p1a: Ninetales|88\/100 par\n|-damage|p1b: Umbreon|92\/100 par\n|-unboost|p1a: Ninetales|spe|1\n|-unboost|p1b: Umbreon|spe|1\n|move|p2b: Ribombee|Moonblast|p1b: Umbreon\n|-supereffective|p1b: Umbreon\n|-damage|p1b: Umbreon|65\/100 par\n|-unboost|p1b: Umbreon|spa|1\n|move|p1b: Umbreon|Calm Mind|p1b: Umbreon\n|-boost|p1b: Umbreon|spa|1\n|-boost|p1b: Umbreon|spd|1\n|\n|-weather|Snow|[upkeep]\n|-heal|p1b: Umbreon|72\/100 par|[from] item: Leftovers\n|upkeep\n|turn|14\n|\n|t:|1698112812\n|move|p2a: Iron Bundle|Hydro Pump|p1b: Umbreon|[miss]\n|-miss|p2a: Iron Bundle|p1b: Umbreon\n|move|p2b: Ribombee|Moonblast|p1b: Umbreon\n|-supereffective|p1b: Umbreon\n|-damage|p1b: Umbreon|50\/100 par\n|move|p1a: Ninetales|Aurora Veil|p1a: Ninetales\n|-sidestart|p1: Thehombre|move: Aurora Veil\n|move|p1b: Umbreon|Calm Mind|p1b: Umbreon\n|-boost|p1b: Umbreon|spa|1\n|-boost|p1b: Umbreon|spd|1\n|\n|-weather|Snow|[upkeep]\n|-heal|p1b: Umbreon|56\/100 par|[from] item: Leftovers\n|upkeep\n|turn|15\n|-message|le big fishe forfeited.\n|\n|win|Thehombre\n|raw|Thehombre's rating: 1081 &rarr; <strong>1111<\/strong><br \/>(+30 for winning)\n|raw|le big fishe's rating: 1112 &rarr; <strong>1085<\/strong><br \/>(-27 for losing)\n|l|\u2606le big fishe\n","uploadtime":1698112829,"views":11,"p1id":"thehombre","p2id":"lebigfishe","formatid":"gen9doublesou","rating":1085,"private":0,"password":""}