{"id":"gen9doublesou-1993526403","p1":"Reinwatr","p2":"L1am000","format":"[Gen 9] Doubles OU","log":"|j|\u2606Reinwatr\n|j|\u2606L1am000\n|t:|1700328125\n|gametype|doubles\n|player|p1|Reinwatr|elesa|1105\n|player|p2|L1am000|170|1164\n|teamsize|p1|6\n|teamsize|p2|6\n|gen|9\n|tier|[Gen 9] Doubles OU\n|rated|\n|rule|Species Clause: Limit one of each Pok\u00e9mon\n|rule|OHKO Clause: OHKO moves are banned\n|rule|Evasion Moves Clause: Evasion moves are banned\n|rule|Gravity Sleep Clause: The combination of sleep-inducing moves with imperfect accuracy and Gravity or Gigantamax Orbeetle are banned\n|rule|Endless Battle Clause: Forcing endless battles is banned\n|rule|HP Percentage Mod: HP is shown in percentages\n|clearpoke\n|poke|p1|Snorlax, F|\n|poke|p1|Sinistcha|\n|poke|p1|Iron Hands|\n|poke|p1|Landorus-Therian, M|\n|poke|p1|Clefairy, M|\n|poke|p1|Kommo-o, M|\n|poke|p2|Torkoal, M|\n|poke|p2|Moltres|\n|poke|p2|Walking Wake|\n|poke|p2|Typhlosion-Hisui, M|\n|poke|p2|Stonjourner, F|\n|poke|p2|Umbreon, M|\n|teampreview\n|inactive|Battle timer is ON: inactive players will automatically lose when time's up. (requested by Reinwatr)\n|\n|t:|1700328153\n|start\n|switch|p1a: Snorlax|Snorlax, F|100\/100\n|switch|p1b: Sinistcha|Sinistcha|100\/100\n|switch|p2a: Typhlosion|Typhlosion-Hisui, M|100\/100\n|switch|p2b: Torkoal|Torkoal, M|100\/100\n|-weather|SunnyDay|[from] ability: Drought|[of] p2b: Torkoal\n|turn|1\n|\n|t:|1700328169\n|switch|p2b: Stonjourner|Stonjourner, F|100\/100\n|-terastallize|p2a: Typhlosion|Fire\n|-terastallize|p1b: Sinistcha|Fire\n|move|p2a: Typhlosion|Eruption|p1a: Snorlax|[spread] p1a,p1b\n|-resisted|p1b: Sinistcha\n|-damage|p1a: Snorlax|57\/100\n|-damage|p1b: Sinistcha|16\/100\n|move|p1a: Snorlax|Belly Drum|p1a: Snorlax\n|-damage|p1a: Snorlax|7\/100\n|-setboost|p1a: Snorlax|atk|6|[from] move: Belly Drum\n|-enditem|p1a: Snorlax|Sitrus Berry|[eat]\n|-heal|p1a: Snorlax|32\/100|[from] item: Sitrus Berry\n|move|p1b: Sinistcha|Trick Room|p1b: Sinistcha\n|-fieldstart|move: Trick Room|[of] p1b: Sinistcha\n|\n|-weather|SunnyDay|[upkeep]\n|upkeep\n|turn|2\n|\n|t:|1700328191\n|move|p1a: Snorlax|High Horsepower|p2a: Typhlosion\n|-supereffective|p2a: Typhlosion\n|-damage|p2a: Typhlosion|0 fnt\n|faint|p2a: Typhlosion\n|move|p1b: Sinistcha|Matcha Gotcha|p2b: Stonjourner\n|-supereffective|p2b: Stonjourner\n|-damage|p2b: Stonjourner|0 fnt\n|-heal|p1b: Sinistcha|70\/100|[from] drain|[of] p2b: Stonjourner\n|faint|p2b: Stonjourner\n|\n|-weather|SunnyDay|[upkeep]\n|upkeep\n|\n|t:|1700328200\n|switch|p2b: Umbreon|Umbreon, M|100\/100\n|switch|p2a: Torkoal|Torkoal, M|100\/100\n|turn|3\n|\n|t:|1700328211\n|move|p1b: Sinistcha|Rage Powder|p1b: Sinistcha\n|-singleturn|p1b: Sinistcha|move: Rage Powder\n|move|p2a: Torkoal|Earth Power|p1b: Sinistcha\n|-supereffective|p1b: Sinistcha\n|-damage|p1b: Sinistcha|24\/100\n|move|p1a: Snorlax|High Horsepower|p2a: Torkoal\n|-supereffective|p2a: Torkoal\n|-damage|p2a: Torkoal|0 fnt\n|faint|p2a: Torkoal\n|move|p2b: Umbreon|Snarl|p1a: Snorlax|[spread] p1a,p1b\n|-damage|p1a: Snorlax|27\/100\n|-damage|p1b: Sinistcha|13\/100\n|-unboost|p1a: Snorlax|spa|1\n|-unboost|p1b: Sinistcha|spa|1\n|\n|-weather|SunnyDay|[upkeep]\n|upkeep\n|\n|t:|1700328222\n|switch|p2a: Moltres|Moltres|100\/100\n|turn|4\n|\n|t:|1700328236\n|switch|p1b: Clefairy|Clefairy, M|100\/100\n|move|p1a: Snorlax|Body Slam|p2a: Moltres\n|-damage|p2a: Moltres|0 fnt\n|-damage|p1a: Snorlax|10\/100|[from] item: Rocky Helmet|[of] p2a: Moltres\n|-status|p1a: Snorlax|brn|[from] ability: Flame Body|[of] p2a: Moltres\n|faint|p2a: Moltres\n|move|p2b: Umbreon|Snarl|p1b: Clefairy|[spread] p1a,p1b\n|-resisted|p1b: Clefairy\n|-damage|p1a: Snorlax|5\/100 brn\n|-damage|p1b: Clefairy|97\/100\n|-unboost|p1a: Snorlax|spa|1\n|-unboost|p1b: Clefairy|spa|1\n|\n|-weather|SunnyDay|[upkeep]\n|-damage|p1a: Snorlax|0 fnt|[from] brn\n|faint|p1a: Snorlax\n|upkeep\n|\n|t:|1700328250\n|switch|p1a: Kommo-o|Kommo-o, M|100\/100\n|switch|p2a: Walking Wake|Walking Wake|100\/100\n|-activate|p2a: Walking Wake|ability: Protosynthesis\n|-start|p2a: Walking Wake|protosynthesisspa\n|turn|5\n|\n|t:|1700328259\n|move|p1b: Clefairy|Follow Me|p1b: Clefairy\n|-singleturn|p1b: Clefairy|move: Follow Me\n|move|p2b: Umbreon|Calm Mind|p2b: Umbreon\n|-boost|p2b: Umbreon|spa|1\n|-boost|p2b: Umbreon|spd|1\n|move|p1a: Kommo-o|Clangorous Soul|p1a: Kommo-o\n|-boost|p1a: Kommo-o|atk|1\n|-boost|p1a: Kommo-o|def|1\n|-boost|p1a: Kommo-o|spa|1\n|-boost|p1a: Kommo-o|spd|1\n|-boost|p1a: Kommo-o|spe|1\n|-damage|p1a: Kommo-o|68\/100\n|-enditem|p1a: Kommo-o|Throat Spray\n|-boost|p1a: Kommo-o|spa|1|[from] item: Throat Spray\n|move|p2a: Walking Wake|Dragon Pulse|p1b: Clefairy\n|-immune|p1b: Clefairy\n|\n|-weather|SunnyDay|[upkeep]\n|-fieldend|move: Trick Room\n|upkeep\n|turn|6\n|\n|t:|1700328278\n|switch|p1b: Sinistcha|Sinistcha, tera:Fire|13\/100\n|-heal|p1a: Kommo-o|93\/100|[from] ability: Hospitality|[of] p1b: Sinistcha\n|move|p1a: Kommo-o|Clanging Scales|p2b: Umbreon|[spread] p2a,p2b\n|-supereffective|p2a: Walking Wake\n|-damage|p2a: Walking Wake|0 fnt\n|-damage|p2b: Umbreon|67\/100\n|faint|p2a: Walking Wake\n|-end|p2a: Walking Wake|Protosynthesis|[silent]\n|-unboost|p1a: Kommo-o|def|1\n|move|p2b: Umbreon|Snarl|p1b: Sinistcha|[spread] p1b\n|-immune|p1a: Kommo-o|[from] ability: Soundproof\n|-damage|p1b: Sinistcha|0 fnt\n|faint|p1b: Sinistcha\n|\n|-weather|SunnyDay|[upkeep]\n|-heal|p2b: Umbreon|73\/100|[from] item: Leftovers\n|upkeep\n|\n|t:|1700328297\n|switch|p1b: Iron Hands|Iron Hands|100\/100\n|turn|7\n|\n|t:|1700328303\n|move|p1a: Kommo-o|Clanging Scales|p2b: Umbreon\n|-damage|p2b: Umbreon|24\/100\n|-unboost|p1a: Kommo-o|def|1\n|move|p2b: Umbreon|Wish|p2b: Umbreon\n|move|p1b: Iron Hands|Drain Punch|p2b: Umbreon\n|-supereffective|p2b: Umbreon\n|-damage|p2b: Umbreon|0 fnt\n|faint|p2b: Umbreon\n|\n|win|Reinwatr\n|raw|Reinwatr's rating: 1105 &rarr; <strong>1134<\/strong><br \/>(+29 for winning)\n|raw|L1am000's rating: 1164 &rarr; <strong>1135<\/strong><br \/>(-29 for losing)\n|l|\u2606L1am000\n|c|\u2606Reinwatr|gg\n","uploadtime":1700328339,"views":12,"p1id":"reinwatr","p2id":"l1am000","formatid":"gen9doublesou","rating":1134,"private":0,"password":""}