{"id":"gen9doublesou-1987257323","p1":"Winnirue","p2":"quesitoooo","format":"[Gen 9] Doubles OU","log":"|j|\u2606Winnirue\n|j|\u2606quesitoooo\n|t:|1699570170\n|gametype|doubles\n|player|p1|Winnirue|mars|1191\n|player|p2|quesitoooo|alec-anime|1099\n|teamsize|p1|6\n|teamsize|p2|6\n|gen|9\n|tier|[Gen 9] Doubles OU\n|rated|\n|rule|Species Clause: Limit one of each Pok\u00e9mon\n|rule|OHKO Clause: OHKO moves are banned\n|rule|Evasion Moves Clause: Evasion moves are banned\n|rule|Gravity Sleep Clause: The combination of sleep-inducing moves with imperfect accuracy and Gravity or Gigantamax Orbeetle are banned\n|rule|Endless Battle Clause: Forcing endless battles is banned\n|rule|HP Percentage Mod: HP is shown in percentages\n|clearpoke\n|poke|p1|Kommo-o, F|\n|poke|p1|Sinistcha-Masterpiece|\n|poke|p1|Landorus-Therian, M|\n|poke|p1|Clefairy, F|\n|poke|p1|Maushold|\n|poke|p1|Iron Hands|\n|poke|p2|Azumarill, M|\n|poke|p2|Amoonguss, F|\n|poke|p2|Chien-Pao|\n|poke|p2|Dragonite, M|\n|poke|p2|Flutter Mane|\n|poke|p2|Grimmsnarl, M|\n|teampreview\n|\n|t:|1699570188\n|start\n|switch|p1a: Kommo-o|Kommo-o, F|100\/100\n|switch|p1b: Landorus|Landorus-Therian, M|100\/100\n|switch|p2a: Flutter Mane|Flutter Mane|100\/100\n|switch|p2b: Amoonguss|Amoonguss, F|100\/100\n|-ability|p1b: Landorus|Intimidate|boost\n|-unboost|p2a: Flutter Mane|atk|1\n|-unboost|p2b: Amoonguss|atk|1\n|-enditem|p2a: Flutter Mane|Booster Energy\n|-activate|p2a: Flutter Mane|ability: Protosynthesis|[fromitem]\n|-start|p2a: Flutter Mane|protosynthesisspe\n|turn|1\n|inactive|Battle timer is ON: inactive players will automatically lose when time's up. (requested by quesitoooo)\n|\n|t:|1699570210\n|-terastallize|p1a: Kommo-o|Steel\n|move|p2b: Amoonguss|Rage Powder|p2b: Amoonguss\n|-singleturn|p2b: Amoonguss|move: Rage Powder\n|move|p2a: Flutter Mane|Dazzling Gleam|p1a: Kommo-o|[spread] p1a,p1b\n|-resisted|p1a: Kommo-o\n|-damage|p1a: Kommo-o|83\/100\n|-damage|p1b: Landorus|59\/100\n|move|p1b: Landorus|U-turn|p2b: Amoonguss\n|-damage|p2b: Amoonguss|71\/100\n|\n|t:|1699570219\n|switch|p1b: Iron Hands|Iron Hands|100\/100|[from] U-turn\n|move|p1a: Kommo-o|Clangorous Soul|p1a: Kommo-o\n|-boost|p1a: Kommo-o|atk|1\n|-boost|p1a: Kommo-o|def|1\n|-boost|p1a: Kommo-o|spa|1\n|-boost|p1a: Kommo-o|spd|1\n|-boost|p1a: Kommo-o|spe|1\n|-damage|p1a: Kommo-o|50\/100\n|-enditem|p1a: Kommo-o|Throat Spray\n|-boost|p1a: Kommo-o|spa|1|[from] item: Throat Spray\n|\n|-heal|p2b: Amoonguss|77\/100|[from] item: Black Sludge\n|upkeep\n|turn|2\n|\n|t:|1699570238\n|-end|p1b: Iron Hands|Quark Drive|[silent]\n|switch|p1b: Sinistcha|Sinistcha-Masterpiece, shiny|100\/100\n|-heal|p1a: Kommo-o|75\/100|[from] ability: Hospitality|[of] p1b: Sinistcha\n|move|p2a: Flutter Mane|Protect|p2a: Flutter Mane\n|-singleturn|p2a: Flutter Mane|Protect\n|move|p1a: Kommo-o|Flash Cannon|p2a: Flutter Mane\n|-activate|p2a: Flutter Mane|move: Protect\n|move|p2b: Amoonguss|Spore|p1a: Kommo-o\n|-status|p1a: Kommo-o|slp|[from] move: Spore\n|\n|-heal|p2b: Amoonguss|83\/100|[from] item: Black Sludge\n|upkeep\n|turn|3\n|\n|t:|1699570266\n|switch|p2b: Chien-Pao|Chien-Pao|100\/100\n|-ability|p2b: Chien-Pao|Sword of Ruin\n|move|p2a: Flutter Mane|Shadow Ball|p1b: Sinistcha\n|-supereffective|p1b: Sinistcha\n|-damage|p1b: Sinistcha|28\/100\n|-unboost|p1b: Sinistcha|spd|1\n|cant|p1a: Kommo-o|slp\n|move|p1b: Sinistcha|Matcha Gotcha|p2a: Flutter Mane|[spread] p2a,p2b\n|-damage|p2a: Flutter Mane|77\/100\n|-heal|p1b: Sinistcha|36\/100|[from] drain|[of] p2a: Flutter Mane\n|-damage|p2b: Chien-Pao|62\/100\n|-heal|p1b: Sinistcha|53\/100|[from] drain|[of] p2b: Chien-Pao\n|-status|p2a: Flutter Mane|brn\n|\n|-damage|p2a: Flutter Mane|71\/100 brn|[from] brn\n|upkeep\n|turn|4\n|inactive|Winnirue has 120 seconds left.\n|\n|t:|1699570302\n|switch|p1b: Landorus|Landorus-Therian, M|59\/100\n|-ability|p1b: Landorus|Intimidate|boost\n|-unboost|p2a: Flutter Mane|atk|1\n|-unboost|p2b: Chien-Pao|atk|1\n|move|p2a: Flutter Mane|Dazzling Gleam|p1b: Landorus|[spread] p1a,p1b\n|-resisted|p1a: Kommo-o\n|-damage|p1a: Kommo-o|65\/100 slp\n|-damage|p1b: Landorus|20\/100\n|move|p2b: Chien-Pao|Sacred Sword|p1a: Kommo-o\n|-supereffective|p1a: Kommo-o\n|-damage|p1a: Kommo-o|20\/100 slp\n|-curestatus|p1a: Kommo-o|slp|[msg]\n|move|p1a: Kommo-o|Flash Cannon|p2a: Flutter Mane\n|-supereffective|p2a: Flutter Mane\n|-damage|p2a: Flutter Mane|0 fnt\n|faint|p2a: Flutter Mane\n|-end|p2a: Flutter Mane|Protosynthesis|[silent]\n|\n|upkeep\n|inactive|quesitoooo has 120 seconds left.\n|\n|t:|1699570319\n|switch|p2a: Grimmsnarl|Grimmsnarl, M|100\/100\n|turn|5\n|\n|t:|1699570333\n|switch|p1b: Sinistcha|Sinistcha-Masterpiece, shiny|53\/100\n|-heal|p1a: Kommo-o|45\/100|[from] ability: Hospitality|[of] p1b: Sinistcha\n|move|p2a: Grimmsnarl|Fake Out|p1a: Kommo-o\n|-resisted|p1a: Kommo-o\n|-damage|p1a: Kommo-o|40\/100\n|move|p2b: Chien-Pao|Ice Spinner|p1b: Sinistcha\n|-supereffective|p1b: Sinistcha\n|-damage|p1b: Sinistcha|0 fnt\n|faint|p1b: Sinistcha\n|cant|p1a: Kommo-o|flinch\n|\n|upkeep\n|\n|t:|1699570345\n|switch|p1b: Iron Hands|Iron Hands|100\/100\n|turn|6\n|\n|t:|1699570359\n|switch|p2b: Dragonite|Dragonite, M|100\/100\n|move|p1b: Iron Hands|Fake Out|p2a: Grimmsnarl\n|-damage|p2a: Grimmsnarl|80\/100\n|cant|p2a: Grimmsnarl|flinch\n|move|p1a: Kommo-o|Flash Cannon|p2b: Dragonite\n|-damage|p2b: Dragonite|28\/100\n|\n|upkeep\n|turn|7\n|inactive|quesitoooo has 120 seconds left.\n|\n|t:|1699570411\n|switch|p2b: Azumarill|Azumarill, M|100\/100\n|move|p2a: Grimmsnarl|Light Screen|p2a: Grimmsnarl\n|-sidestart|p2: quesitoooo|move: Light Screen\n|move|p1a: Kommo-o|Flash Cannon|p2a: Grimmsnarl\n|-supereffective|p2a: Grimmsnarl\n|-damage|p2a: Grimmsnarl|7\/100\n|move|p1b: Iron Hands|Wild Charge|p2b: Azumarill\n|-supereffective|p2b: Azumarill\n|-damage|p2b: Azumarill|0 fnt\n|faint|p2b: Azumarill\n|-damage|p1b: Iron Hands|78\/100|[from] Recoil\n|\n|upkeep\n|\n|t:|1699570425\n|switch|p2b: Chien-Pao|Chien-Pao|62\/100\n|-ability|p2b: Chien-Pao|Sword of Ruin\n|turn|8\n|\n|t:|1699570449\n|move|p2a: Grimmsnarl|Reflect|p2a: Grimmsnarl\n|-sidestart|p2: quesitoooo|Reflect\n|move|p2b: Chien-Pao|Ice Spinner|p1b: Iron Hands\n|-damage|p1b: Iron Hands|38\/100\n|move|p1a: Kommo-o|Flash Cannon|p2b: Chien-Pao\n|-supereffective|p2b: Chien-Pao\n|-damage|p2b: Chien-Pao|0 fnt\n|faint|p2b: Chien-Pao\n|move|p1b: Iron Hands|Heavy Slam|p2a: Grimmsnarl\n|-supereffective|p2a: Grimmsnarl\n|-damage|p2a: Grimmsnarl|0 fnt\n|faint|p2a: Grimmsnarl\n|\n|upkeep\n|\n|t:|1699570464\n|switch|p2b: Dragonite|Dragonite, M|28\/100\n|switch|p2a: Amoonguss|Amoonguss, F|100\/100\n|turn|9\n|inactive|quesitoooo has 120 seconds left.\n|\n|t:|1699570499\n|-terastallize|p2b: Dragonite|Normal\n|move|p2b: Dragonite|Extreme Speed|p1a: Kommo-o\n|-resisted|p1a: Kommo-o\n|-damage|p1a: Kommo-o|20\/100\n|move|p2a: Amoonguss|Rage Powder|p2a: Amoonguss\n|-singleturn|p2a: Amoonguss|move: Rage Powder\n|move|p1a: Kommo-o|Clanging Scales|p2a: Amoonguss|[spread] p2a,p2b\n|-damage|p2a: Amoonguss|67\/100\n|-damage|p2b: Dragonite|0 fnt\n|faint|p2b: Dragonite\n|-unboost|p1a: Kommo-o|def|1\n|move|p1b: Iron Hands|Heavy Slam|p2a: Amoonguss\n|-damage|p2a: Amoonguss|36\/100\n|\n|-heal|p2a: Amoonguss|42\/100|[from] item: Black Sludge\n|upkeep\n|turn|10\n|inactive|quesitoooo has 120 seconds left.\n|-message|quesitoooo forfeited.\n|\n|win|Winnirue\n|raw|Winnirue's rating: 1191 &rarr; <strong>1210<\/strong><br \/>(+19 for winning)\n|raw|quesitoooo's rating: 1099 &rarr; <strong>1081<\/strong><br \/>(-18 for losing)\n|l|\u2606quesitoooo\n","uploadtime":1699570542,"views":10,"p1id":"winnirue","p2id":"quesitoooo","formatid":"gen9doublesou","rating":1081,"private":0,"password":""}