{"id":"gen9doublesou-1981998605","p1":"Artmis03","p2":"Zadom123","format":"[Gen 9] Doubles OU","log":"|j|\u2606Artmis03\n|j|\u2606Zadom123\n|t:|1698958326\n|gametype|doubles\n|player|p1|Artmis03|richboy|1130\n|player|p2|Zadom123|benga|1170\n|teamsize|p1|6\n|teamsize|p2|6\n|gen|9\n|tier|[Gen 9] Doubles OU\n|rated|\n|rule|Species Clause: Limit one of each Pok\u00e9mon\n|rule|OHKO Clause: OHKO moves are banned\n|rule|Evasion Moves Clause: Evasion moves are banned\n|rule|Gravity Sleep Clause: The combination of sleep-inducing moves with imperfect accuracy and Gravity or Gigantamax Orbeetle are banned\n|rule|Endless Battle Clause: Forcing endless battles is banned\n|rule|HP Percentage Mod: HP is shown in percentages\n|clearpoke\n|poke|p1|Sinistcha|\n|poke|p1|Grimmsnarl, M|\n|poke|p1|Cresselia, F|\n|poke|p1|Masquerain, M|\n|poke|p1|Alomomola, M|\n|poke|p1|Diancie|\n|poke|p2|Glimmora, F|\n|poke|p2|Wo-Chien|\n|poke|p2|Arcanine-Hisui, F|\n|poke|p2|Sinistcha-Masterpiece|\n|poke|p2|Flutter Mane|\n|poke|p2|Palafin, F|\n|teampreview\n|inactive|Battle timer is ON: inactive players will automatically lose when time's up. (requested by Zadom123)\n|c|\u2606Artmis03|gl hf\n|\n|t:|1698958349\n|start\n|switch|p1a: Grimmsnarl|Grimmsnarl, M|100\/100\n|switch|p1b: Alomomola|Alomomola, M|100\/100\n|switch|p2a: Glimmora|Glimmora, F|100\/100\n|switch|p2b: Arcanine|Arcanine-Hisui, F|100\/100\n|-ability|p2b: Arcanine|Intimidate|boost\n|-unboost|p1a: Grimmsnarl|atk|1\n|-unboost|p1b: Alomomola|atk|1\n|turn|1\n|c|\u2606Zadom123|u2\n|c|\u2606Zadom123|is this actually a stall mirror?\n|c|\u2606Artmis03|maby\n|inactive|Zadom123 has 120 seconds left.\n|\n|t:|1698958379\n|switch|p2b: Palafin|Palafin, F|100\/100\n|move|p1a: Grimmsnarl|Reflect|p1a: Grimmsnarl\n|-sidestart|p1: Artmis03|Reflect\n|move|p2a: Glimmora|Mortal Spin|p1a: Grimmsnarl|[spread] p1a,p1b\n|-supereffective|p1a: Grimmsnarl\n|-damage|p1a: Grimmsnarl|94\/100\n|-damage|p1b: Alomomola|98\/100\n|-status|p1a: Grimmsnarl|psn\n|-status|p1b: Alomomola|psn\n|move|p1b: Alomomola|Calm Mind|p1b: Alomomola\n|-boost|p1b: Alomomola|spa|1\n|-boost|p1b: Alomomola|spd|1\n|\n|-heal|p1b: Alomomola|100\/100 psn|[from] item: Leftovers\n|-damage|p1b: Alomomola|88\/100 psn|[from] psn\n|-damage|p1a: Grimmsnarl|82\/100 psn|[from] psn\n|upkeep\n|turn|2\n|c|\u2606Zadom123|sounds like were both on stall\n|c|\u2606Zadom123|welp\n|c|\u2606Artmis03|i just made this team\n|c|\u2606Artmis03|lol\n|c|\u2606Zadom123|oh\n|c|\u2606Zadom123|it looks very stally\n|inactive|Artmis03 has 120 seconds left.\n|c|\u2606Artmis03|i do think so\n|\n|t:|1698958430\n|move|p1a: Grimmsnarl|Parting Shot|p2b: Palafin\n|-unboost|p2b: Palafin|atk|1\n|-unboost|p2b: Palafin|spa|1\n|\n|t:|1698958433\n|switch|p1a: Masquerain|Masquerain, M|100\/100|[from] Parting Shot\n|-ability|p1a: Masquerain|Intimidate|boost\n|-unboost|p2a: Glimmora|atk|1\n|-unboost|p2b: Palafin|atk|1\n|move|p2b: Palafin|Haze|p2b: Palafin\n|-clearallboost\n|move|p2a: Glimmora|Spikes|p1a: Masquerain\n|-sidestart|p1: Artmis03|Spikes\n|move|p1b: Alomomola|Aqua Ring|p1b: Alomomola\n|-start|p1b: Alomomola|Aqua Ring\n|\n|-heal|p1b: Alomomola|94\/100 psn|[from] item: Leftovers\n|-heal|p1b: Alomomola|100\/100 psn|[from] Aqua Ring\n|-damage|p1b: Alomomola|88\/100 psn|[from] psn\n|upkeep\n|turn|3\n|inactive|Artmis03 has 120 seconds left.\n|\n|t:|1698958460\n|-terastallize|p2a: Glimmora|Steel\n|move|p2b: Palafin|Flip Turn|p1a: Masquerain\n|-damage|p1a: Masquerain|67\/100\n|\n|t:|1698958466\n|detailschange|p2b: Palafin|Palafin-Hero, F\n|switch|p2b: Sinistcha|Sinistcha-Masterpiece|100\/100|[from] Flip Turn\n|move|p1a: Masquerain|Sticky Web|p2b: Sinistcha\n|-sidestart|p2: Zadom123|move: Sticky Web\n|move|p2a: Glimmora|Mortal Spin|p1a: Masquerain|[spread] p1a,p1b\n|-damage|p1a: Masquerain|62\/100\n|-damage|p1b: Alomomola|86\/100 psn\n|-status|p1a: Masquerain|psn\n|-sideend|p2: Zadom123|Sticky Web|[from] move: Mortal Spin|[of] p2a: Glimmora\n|move|p1b: Alomomola|Baton Pass|p1b: Alomomola\n|inactive|Artmis03 has 120 seconds left.\n|\n|t:|1698958477\n|switch|p1b: Cresselia|Cresselia, F|100\/100|[from] Baton Pass\n|\n|-damage|p1a: Masquerain|50\/100 psn|[from] psn\n|upkeep\n|turn|4\n|\n|t:|1698958493\n|move|p1a: Masquerain|U-turn|p2b: Sinistcha\n|-damage|p2b: Sinistcha|80\/100\n|\n|t:|1698958496\n|switch|p1a: Alomomola|Alomomola, M|86\/100 psn|[from] U-turn\n|-damage|p1a: Alomomola|74\/100 psn|[from] Spikes\n|move|p2a: Glimmora|Mortal Spin|p1b: Cresselia|[spread] p1a,p1b\n|-damage|p1a: Alomomola|71\/100 psn\n|-damage|p1b: Cresselia|98\/100\n|-status|p1b: Cresselia|psn\n|move|p1b: Cresselia|Lunar Blessing|p1b: Cresselia|[spread] p1a,p1b\n|-heal|p1a: Alomomola|96\/100 psn\n|-curestatus|p1a: Alomomola|psn|[msg]\n|-heal|p1b: Cresselia|100\/100 psn\n|-curestatus|p1b: Cresselia|psn|[msg]\n|move|p2b: Sinistcha|Matcha Gotcha|p1a: Alomomola|[spread] p1a,p1b\n|-supereffective|p1a: Alomomola\n|-damage|p1a: Alomomola|39\/100\n|-heal|p2b: Sinistcha|100\/100|[from] drain|[of] p1a: Alomomola\n|-damage|p1b: Cresselia|89\/100\n|\n|-heal|p1b: Cresselia|96\/100|[from] item: Leftovers\n|-heal|p1a: Alomomola|45\/100|[from] item: Leftovers\n|-heal|p1b: Cresselia|100\/100|[from] Aqua Ring\n|upkeep\n|turn|5\n|\n|t:|1698958521\n|move|p1b: Cresselia|Ally Switch|p1b: Cresselia\n|swap|p1b: Cresselia|0|[from] move: Ally Switch\n|move|p2a: Glimmora|Spikes|p1a: Cresselia\n|-sidestart|p1: Artmis03|Spikes\n|move|p2b: Sinistcha|Matcha Gotcha|p1b: Alomomola|[spread] p1a,p1b\n|-supereffective|p1b: Alomomola\n|-damage|p1a: Cresselia|89\/100\n|-damage|p1b: Alomomola|0 fnt\n|-status|p1a: Cresselia|brn\n|faint|p1b: Alomomola\n|\n|-heal|p1a: Cresselia|95\/100 brn|[from] item: Leftovers\n|-heal|p1a: Cresselia|100\/100 brn|[from] Aqua Ring\n|-damage|p1a: Cresselia|94\/100 brn|[from] brn\n|upkeep\n|c|\u2606Artmis03|i didnt know it hit both\n|inactive|Artmis03 has 120 seconds left.\n|c|\u2606Zadom123|oh sry\n|c|\u2606Artmis03|good 2 know\n|c|\u2606Zadom123|yea it does\n|\n|t:|1698958549\n|switch|p1b: Masquerain|Masquerain, M|50\/100 psn\n|-ability|p1b: Masquerain|Intimidate|boost\n|-unboost|p2a: Glimmora|atk|1\n|-unboost|p2b: Sinistcha|atk|1\n|turn|6\n|\n|t:|1698958563\n|move|p1b: Masquerain|U-turn|p2b: Sinistcha\n|-damage|p2b: Sinistcha|80\/100\n|\n|t:|1698958566\n|switch|p1b: Grimmsnarl|Grimmsnarl, M|82\/100 psn|[from] U-turn\n|-damage|p1b: Grimmsnarl|65\/100 psn|[from] Spikes\n|move|p2a: Glimmora|Dazzling Gleam|p1a: Cresselia|[spread] p1a,p1b\n|-supereffective|p1b: Grimmsnarl\n|-damage|p1a: Cresselia|86\/100 brn\n|-damage|p1b: Grimmsnarl|41\/100 psn\n|move|p1a: Cresselia|Lunar Blessing|p1a: Cresselia|[spread] p1a,p1b\n|-heal|p1a: Cresselia|100\/100 brn\n|-curestatus|p1a: Cresselia|brn|[msg]\n|-heal|p1b: Grimmsnarl|66\/100 psn\n|-curestatus|p1b: Grimmsnarl|psn|[msg]\n|move|p2b: Sinistcha|Matcha Gotcha|p1b: Grimmsnarl|[spread] p1a,p1b\n|-damage|p1a: Cresselia|89\/100\n|-heal|p2b: Sinistcha|89\/100|[from] drain|[of] p1a: Cresselia\n|-damage|p1b: Grimmsnarl|48\/100\n|-heal|p2b: Sinistcha|100\/100|[from] drain|[of] p1b: Grimmsnarl\n|\n|-heal|p1a: Cresselia|96\/100|[from] item: Leftovers\n|-heal|p1a: Cresselia|100\/100|[from] Aqua Ring\n|upkeep\n|turn|7\n|\n|t:|1698958589\n|move|p1b: Grimmsnarl|Light Screen|p1b: Grimmsnarl\n|-sidestart|p1: Artmis03|move: Light Screen\n|move|p2a: Glimmora|Dazzling Gleam|p1a: Cresselia|[spread] p1a,p1b\n|-supereffective|p1b: Grimmsnarl\n|-damage|p1a: Cresselia|95\/100\n|-damage|p1b: Grimmsnarl|31\/100\n|move|p1a: Cresselia|Icy Wind|p2b: Sinistcha|[spread] p2a,p2b\n|-resisted|p2a: Glimmora\n|-supereffective|p2b: Sinistcha\n|-damage|p2a: Glimmora|97\/100\n|-damage|p2b: Sinistcha|86\/100\n|-unboost|p2a: Glimmora|spe|1\n|-unboost|p2b: Sinistcha|spe|1\n|move|p2b: Sinistcha|Matcha Gotcha|p1a: Cresselia|[spread] p1a,p1b\n|-damage|p1a: Cresselia|87\/100\n|-heal|p2b: Sinistcha|92\/100|[from] drain|[of] p1a: Cresselia\n|-damage|p1b: Grimmsnarl|20\/100\n|-heal|p2b: Sinistcha|99\/100|[from] drain|[of] p1b: Grimmsnarl\n|-status|p1a: Cresselia|brn\n|\n|-heal|p1a: Cresselia|93\/100 brn|[from] item: Leftovers\n|-heal|p2a: Glimmora|100\/100|[from] item: Leftovers\n|-heal|p2b: Sinistcha|100\/100|[from] item: Leftovers\n|-heal|p1a: Cresselia|99\/100 brn|[from] Aqua Ring\n|-damage|p1a: Cresselia|93\/100 brn|[from] brn\n|upkeep\n|turn|8\n|\n|t:|1698958613\n|move|p1a: Cresselia|Lunar Blessing|p1a: Cresselia|[spread] p1a,p1b\n|-heal|p1a: Cresselia|100\/100 brn\n|-curestatus|p1a: Cresselia|brn|[msg]\n|-heal|p1b: Grimmsnarl|45\/100\n|move|p1b: Grimmsnarl|Chilling Water|p2a: Glimmora\n|-damage|p2a: Glimmora|90\/100\n|-unboost|p2a: Glimmora|atk|1\n|move|p2a: Glimmora|Dazzling Gleam|p1a: Cresselia|[spread] p1a,p1b\n|-crit|p1a: Cresselia\n|-supereffective|p1b: Grimmsnarl\n|-damage|p1a: Cresselia|87\/100\n|-damage|p1b: Grimmsnarl|28\/100\n|move|p2b: Sinistcha|Matcha Gotcha|p1b: Grimmsnarl|[spread] p1a,p1b\n|-damage|p1a: Cresselia|79\/100\n|-damage|p1b: Grimmsnarl|15\/100\n|\n|-heal|p1a: Cresselia|85\/100|[from] item: Leftovers\n|-heal|p2a: Glimmora|96\/100|[from] item: Leftovers\n|-heal|p1a: Cresselia|91\/100|[from] Aqua Ring\n|-sideend|p1: Artmis03|Reflect\n|upkeep\n|turn|9\n|\n|t:|1698958632\n|move|p1b: Grimmsnarl|Reflect|p1b: Grimmsnarl\n|-sidestart|p1: Artmis03|Reflect\n|move|p1a: Cresselia|Icy Wind|p2a: Glimmora|[spread] p2a,p2b\n|-resisted|p2a: Glimmora\n|-supereffective|p2b: Sinistcha\n|-damage|p2a: Glimmora|93\/100\n|-damage|p2b: Sinistcha|84\/100\n|-unboost|p2a: Glimmora|spe|1\n|-unboost|p2b: Sinistcha|spe|1\n|move|p2a: Glimmora|Dazzling Gleam|p1a: Cresselia|[spread] p1a,p1b\n|-supereffective|p1b: Grimmsnarl\n|-damage|p1a: Cresselia|85\/100\n|-damage|p1b: Grimmsnarl|0 fnt\n|faint|p1b: Grimmsnarl\n|move|p2b: Sinistcha|Matcha Gotcha|p1a: Cresselia\n|-damage|p1a: Cresselia|74\/100\n|-heal|p2b: Sinistcha|93\/100|[from] drain|[of] p1a: Cresselia\n|\n|-heal|p1a: Cresselia|80\/100|[from] item: Leftovers\n|-heal|p2a: Glimmora|99\/100|[from] item: Leftovers\n|-heal|p2b: Sinistcha|99\/100|[from] item: Leftovers\n|-heal|p1a: Cresselia|86\/100|[from] Aqua Ring\n|upkeep\n|\n|t:|1698958643\n|switch|p1b: Diancie|Diancie|100\/100\n|-damage|p1b: Diancie|84\/100|[from] Spikes\n|turn|10\n|\n|t:|1698958663\n|move|p1a: Cresselia|Icy Wind|p2a: Glimmora|[spread] p2a,p2b\n|-resisted|p2a: Glimmora\n|-supereffective|p2b: Sinistcha\n|-damage|p2a: Glimmora|95\/100\n|-damage|p2b: Sinistcha|84\/100\n|-unboost|p2a: Glimmora|spe|1\n|-unboost|p2b: Sinistcha|spe|1\n|move|p1b: Diancie|Earth Power|p2a: Glimmora\n|-supereffective|p2a: Glimmora\n|-damage|p2a: Glimmora|49\/100\n|move|p2a: Glimmora|Spikes|p1b: Diancie\n|-sidestart|p1: Artmis03|Spikes\n|move|p2b: Sinistcha|Matcha Gotcha|p1a: Cresselia|[spread] p1a,p1b\n|-supereffective|p1b: Diancie\n|-damage|p1a: Cresselia|78\/100\n|-heal|p2b: Sinistcha|90\/100|[from] drain|[of] p1a: Cresselia\n|-damage|p1b: Diancie|59\/100\n|-heal|p2b: Sinistcha|100\/100|[from] drain|[of] p1b: Diancie\n|\n|-heal|p1a: Cresselia|85\/100|[from] item: Leftovers\n|-heal|p1b: Diancie|65\/100|[from] item: Leftovers\n|-heal|p2a: Glimmora|55\/100|[from] item: Leftovers\n|-heal|p1a: Cresselia|91\/100|[from] Aqua Ring\n|upkeep\n|turn|11\n|inactive|Zadom123 has 120 seconds left.\n|\n|t:|1698958700\n|move|p2a: Glimmora|Spiky Shield|p2a: Glimmora\n|-singleturn|p2a: Glimmora|move: Protect\n|move|p1a: Cresselia|Lunar Blessing|p1a: Cresselia|[spread] p1a,p1b\n|-heal|p1a: Cresselia|100\/100\n|-heal|p1b: Diancie|90\/100\n|move|p1b: Diancie|Earth Power|p2a: Glimmora\n|-activate|p2a: Glimmora|move: Protect\n|move|p2b: Sinistcha|Matcha Gotcha|p1a: Cresselia|[spread] p1a,p1b\n|-supereffective|p1b: Diancie\n|-damage|p1a: Cresselia|92\/100\n|-damage|p1b: Diancie|66\/100\n|\n|-heal|p1a: Cresselia|98\/100|[from] item: Leftovers\n|-heal|p1b: Diancie|72\/100|[from] item: Leftovers\n|-heal|p2a: Glimmora|62\/100|[from] item: Leftovers\n|-heal|p1a: Cresselia|100\/100|[from] Aqua Ring\n|upkeep\n|turn|12\n|inactive|Zadom123 has 120 seconds left.\n|\n|t:|1698958736\n|switch|p2a: Wo-Chien|Wo-Chien|100\/100\n|-ability|p2a: Wo-Chien|Tablets of Ruin\n|move|p1a: Cresselia|Icy Wind|p2b: Sinistcha|[spread] p2a,p2b\n|-supereffective|p2a: Wo-Chien\n|-supereffective|p2b: Sinistcha\n|-damage|p2a: Wo-Chien|89\/100\n|-damage|p2b: Sinistcha|86\/100\n|-unboost|p2a: Wo-Chien|spe|1\n|-unboost|p2b: Sinistcha|spe|1\n|move|p1b: Diancie|Dazzling Gleam|p2b: Sinistcha|[spread] p2a,p2b\n|-supereffective|p2a: Wo-Chien\n|-damage|p2a: Wo-Chien|49\/100\n|-damage|p2b: Sinistcha|58\/100\n|move|p2b: Sinistcha|Matcha Gotcha|p1a: Cresselia|[spread] p1a,p1b\n|-supereffective|p1b: Diancie\n|-damage|p1a: Cresselia|92\/100\n|-heal|p2b: Sinistcha|65\/100|[from] drain|[of] p1a: Cresselia\n|-damage|p1b: Diancie|50\/100\n|-heal|p2b: Sinistcha|77\/100|[from] drain|[of] p1b: Diancie\n|\n|-heal|p1a: Cresselia|98\/100|[from] item: Leftovers\n|-heal|p1b: Diancie|56\/100|[from] item: Leftovers\n|-heal|p2b: Sinistcha|83\/100|[from] item: Leftovers\n|-heal|p1a: Cresselia|100\/100|[from] Aqua Ring\n|upkeep\n|turn|13\n|inactive|Zadom123 has 120 seconds left.\n|\n|t:|1698958761\n|switch|p2b: Palafin|Palafin-Hero, F|100\/100\n|-activate|p2b: Palafin|ability: Zero to Hero\n|move|p1a: Cresselia|Lunar Blessing|p1a: Cresselia|[spread] p1a,p1b\n|-heal|p1b: Diancie|81\/100\n|move|p1b: Diancie|Dazzling Gleam|p2b: Palafin|[spread] p2a,p2b\n|-supereffective|p2a: Wo-Chien\n|-damage|p2a: Wo-Chien|12\/100\n|-damage|p2b: Palafin|70\/100\n|move|p2a: Wo-Chien|Giga Drain|p1b: Diancie\n|-supereffective|p1b: Diancie\n|-damage|p1b: Diancie|58\/100\n|-heal|p2a: Wo-Chien|24\/100|[from] drain|[of] p1b: Diancie\n|\n|-heal|p1b: Diancie|65\/100|[from] item: Leftovers\n|upkeep\n|turn|14\n|inactive|Zadom123 has 120 seconds left.\n|\n|t:|1698958781\n|switch|p1b: Masquerain|Masquerain, M|50\/100 psn\n|-ability|p1b: Masquerain|Intimidate|boost\n|-unboost|p2a: Wo-Chien|atk|1\n|-unboost|p2b: Palafin|atk|1\n|switch|p2a: Sinistcha|Sinistcha-Masterpiece|83\/100\n|-heal|p2b: Palafin|95\/100|[from] ability: Hospitality|[of] p2a: Sinistcha\n|move|p2b: Palafin|Wave Crash|p1b: Masquerain\n|-damage|p1b: Masquerain|0 fnt\n|faint|p1b: Masquerain\n|-damage|p2b: Palafin|81\/100|[from] Recoil\n|move|p1a: Cresselia|Icy Wind|p2b: Palafin|[spread] p2a,p2b\n|-supereffective|p2a: Sinistcha\n|-resisted|p2b: Palafin\n|-damage|p2a: Sinistcha|67\/100\n|-damage|p2b: Palafin|77\/100\n|-unboost|p2a: Sinistcha|spe|1\n|-unboost|p2b: Palafin|spe|1\n|\n|-heal|p2a: Sinistcha|73\/100|[from] item: Leftovers\n|-sideend|p1: Artmis03|move: Light Screen\n|upkeep\n|\n|t:|1698958794\n|switch|p1b: Diancie|Diancie|65\/100\n|-damage|p1b: Diancie|40\/100|[from] Spikes\n|turn|15\n|\n|t:|1698958805\n|move|p1a: Cresselia|Ally Switch|p1a: Cresselia\n|swap|p1a: Cresselia|1|[from] move: Ally Switch\n|move|p2b: Palafin|Wave Crash|p1b: Cresselia\n|-damage|p1b: Cresselia|72\/100\n|-damage|p2b: Palafin|65\/100|[from] Recoil\n|move|p1a: Diancie|Diamond Storm|p2b: Palafin|[spread] p2a,p2b\n|-damage|p2a: Sinistcha|50\/100\n|-damage|p2b: Palafin|40\/100\n|-boost|p1a: Diancie|def|2\n|move|p2a: Sinistcha|Matcha Gotcha|p1a: Diancie|[spread] p1b\n|-miss|p2a: Sinistcha|p1a: Diancie\n|-damage|p1b: Cresselia|59\/100\n|-heal|p2a: Sinistcha|60\/100|[from] drain|[of] p1b: Cresselia\n|\n|-heal|p1b: Cresselia|65\/100|[from] item: Leftovers\n|-heal|p1a: Diancie|46\/100|[from] item: Leftovers\n|-heal|p2a: Sinistcha|66\/100|[from] item: Leftovers\n|-heal|p1b: Cresselia|71\/100|[from] Aqua Ring\n|upkeep\n|turn|16\n|\n|t:|1698958829\n|switch|p2a: Arcanine|Arcanine-Hisui, F|100\/100\n|-ability|p2a: Arcanine|Intimidate|boost\n|-fail|p1a: Diancie|unboost|[from] ability: Clear Body|[of] p1a: Diancie\n|-unboost|p1b: Cresselia|atk|1\n|move|p2b: Palafin|Protect|p2b: Palafin\n|-singleturn|p2b: Palafin|Protect\n|move|p1b: Cresselia|Lunar Blessing|p1b: Cresselia|[spread] p1a,p1b\n|-heal|p1a: Diancie|71\/100\n|-heal|p1b: Cresselia|96\/100\n|move|p1a: Diancie|Diamond Storm|p2b: Palafin|[spread] p2a\n|-activate|p2b: Palafin|move: Protect\n|-supereffective|p2a: Arcanine\n|-damage|p2a: Arcanine|59\/100\n|-boost|p1a: Diancie|def|2\n|\n|-heal|p1b: Cresselia|100\/100|[from] item: Leftovers\n|-heal|p1a: Diancie|77\/100|[from] item: Leftovers\n|-sideend|p1: Artmis03|Reflect\n|upkeep\n|turn|17\n|\n|t:|1698958852\n|move|p1b: Cresselia|Icy Wind|p2b: Palafin|[spread] p2a,p2b\n|-resisted|p2a: Arcanine\n|-resisted|p2b: Palafin\n|-damage|p2a: Arcanine|55\/100\n|-damage|p2b: Palafin|36\/100\n|-unboost|p2a: Arcanine|spe|1\n|-unboost|p2b: Palafin|spe|1\n|move|p2b: Palafin|Flip Turn|p1a: Diancie\n|-supereffective|p1a: Diancie\n|-damage|p1a: Diancie|61\/100\n|\n|t:|1698958864\n|switch|p2b: Glimmora|Glimmora, F, tera:Steel|62\/100|[from] Flip Turn\n|move|p1a: Diancie|Diamond Storm|p2a: Arcanine|[spread] p2a,p2b\n|-supereffective|p2a: Arcanine\n|-resisted|p2b: Glimmora\n|-damage|p2a: Arcanine|10\/100\n|-damage|p2b: Glimmora|50\/100\n|-activate|p2b: Glimmora|ability: Toxic Debris\n|-sidestart|p1: Artmis03|move: Toxic Spikes\n|-enditem|p2a: Arcanine|Sitrus Berry|[eat]\n|-heal|p2a: Arcanine|35\/100|[from] item: Sitrus Berry\n|move|p2a: Arcanine|Roar|p1a: Diancie\n|drag|p1a: Sinistcha|Sinistcha|100\/100\n|\n|-heal|p2b: Glimmora|56\/100|[from] item: Leftovers\n|upkeep\n|turn|18\n|\n|t:|1698958889\n|move|p2b: Glimmora|Mortal Spin|p1b: Cresselia|[spread] p1a,p1b\n|-damage|p1a: Sinistcha|98\/100\n|-damage|p1b: Cresselia|98\/100\n|-status|p1a: Sinistcha|psn\n|-status|p1b: Cresselia|psn\n|move|p1b: Cresselia|Icy Wind|p2a: Arcanine|[spread] p2a,p2b\n|-resisted|p2a: Arcanine\n|-resisted|p2b: Glimmora\n|-damage|p2a: Arcanine|31\/100\n|-damage|p2b: Glimmora|52\/100\n|-unboost|p2a: Arcanine|spe|1\n|-unboost|p2b: Glimmora|spe|1\n|move|p1a: Sinistcha|Calm Mind|p1a: Sinistcha\n|-boost|p1a: Sinistcha|spa|1\n|-boost|p1a: Sinistcha|spd|1\n|move|p2a: Arcanine|Flare Blitz|p1a: Sinistcha\n|-supereffective|p1a: Sinistcha\n|-damage|p1a: Sinistcha|35\/100 psn\n|-damage|p2a: Arcanine|10\/100|[from] Recoil\n|\n|-heal|p1b: Cresselia|100\/100 psn|[from] item: Leftovers\n|-heal|p2b: Glimmora|59\/100|[from] item: Leftovers\n|-damage|p1b: Cresselia|88\/100 psn|[from] psn\n|-damage|p1a: Sinistcha|23\/100 psn|[from] psn\n|upkeep\n|turn|19\n|\n|t:|1698958915\n|move|p1b: Cresselia|Icy Wind|p2b: Glimmora|[spread] p2b\n|-miss|p1b: Cresselia|p2a: Arcanine\n|-resisted|p2b: Glimmora\n|-damage|p2b: Glimmora|55\/100\n|-unboost|p2b: Glimmora|spe|1\n|move|p1a: Sinistcha|Matcha Gotcha|p2a: Arcanine|[spread] p2a,p2b\n|-resisted|p2b: Glimmora\n|-damage|p2a: Arcanine|0 fnt\n|-heal|p1a: Sinistcha|27\/100 psn|[from] drain|[of] p2a: Arcanine\n|-damage|p2b: Glimmora|38\/100\n|-heal|p1a: Sinistcha|35\/100 psn|[from] drain|[of] p2b: Glimmora\n|-status|p2b: Glimmora|brn\n|faint|p2a: Arcanine\n|move|p2b: Glimmora|Dazzling Gleam|p1b: Cresselia|[spread] p1a,p1b\n|-damage|p1a: Sinistcha|20\/100 psn\n|-damage|p1b: Cresselia|80\/100 psn\n|\n|-heal|p1b: Cresselia|86\/100 psn|[from] item: Leftovers\n|-heal|p2b: Glimmora|44\/100 brn|[from] item: Leftovers\n|-heal|p1b: Cresselia|92\/100 psn|[from] Aqua Ring\n|-damage|p1b: Cresselia|80\/100 psn|[from] psn\n|-damage|p1a: Sinistcha|8\/100 psn|[from] psn\n|-damage|p2b: Glimmora|38\/100 brn|[from] brn\n|upkeep\n|inactive|Zadom123 has 120 seconds left.\n|\n|t:|1698958938\n|switch|p2a: Flutter Mane|Flutter Mane|100\/100\n|-enditem|p2a: Flutter Mane|Booster Energy\n|-activate|p2a: Flutter Mane|ability: Protosynthesis|[fromitem]\n|-start|p2a: Flutter Mane|protosynthesisspa\n|turn|20\n|\n|t:|1698958950\n|move|p2b: Glimmora|Spiky Shield|p2b: Glimmora\n|-singleturn|p2b: Glimmora|move: Protect\n|move|p2a: Flutter Mane|Dazzling Gleam|p1a: Sinistcha|[spread] p1a,p1b\n|-damage|p1a: Sinistcha|0 fnt\n|-damage|p1b: Cresselia|59\/100 psn\n|faint|p1a: Sinistcha\n|move|p1b: Cresselia|Icy Wind|p2a: Flutter Mane|[spread] p2a\n|-activate|p2b: Glimmora|move: Protect\n|-damage|p2a: Flutter Mane|93\/100\n|-unboost|p2a: Flutter Mane|spe|1\n|\n|-heal|p1b: Cresselia|65\/100 psn|[from] item: Leftovers\n|-heal|p2b: Glimmora|44\/100 brn|[from] item: Leftovers\n|-heal|p1b: Cresselia|71\/100 psn|[from] Aqua Ring\n|-damage|p1b: Cresselia|59\/100 psn|[from] psn\n|-damage|p2b: Glimmora|38\/100 brn|[from] brn\n|upkeep\n|\n|t:|1698958955\n|switch|p1a: Diancie|Diancie|61\/100\n|-damage|p1a: Diancie|36\/100|[from] Spikes\n|-status|p1a: Diancie|psn\n|turn|21\n|\n|t:|1698958979\n|switch|p2b: Wo-Chien|Wo-Chien|24\/100\n|-ability|p2b: Wo-Chien|Tablets of Ruin\n|move|p2a: Flutter Mane|Perish Song|p2a: Flutter Mane\n|-start|p1a: Diancie|perish3|[silent]\n|-start|p1b: Cresselia|perish3|[silent]\n|-start|p2a: Flutter Mane|perish3|[silent]\n|-start|p2b: Wo-Chien|perish3|[silent]\n|-fieldactivate|move: Perish Song\n|move|p1b: Cresselia|Lunar Blessing|p1b: Cresselia|[spread] p1a,p1b\n|-heal|p1a: Diancie|61\/100 psn\n|-curestatus|p1a: Diancie|psn|[msg]\n|-heal|p1b: Cresselia|84\/100 psn\n|-curestatus|p1b: Cresselia|psn|[msg]\n|move|p1a: Diancie|Flash Cannon|p2a: Flutter Mane\n|-supereffective|p2a: Flutter Mane\n|-damage|p2a: Flutter Mane|45\/100\n|\n|-heal|p1b: Cresselia|90\/100|[from] item: Leftovers\n|-heal|p1a: Diancie|67\/100|[from] item: Leftovers\n|-heal|p1b: Cresselia|96\/100|[from] Aqua Ring\n|-start|p2a: Flutter Mane|perish3\n|-start|p1b: Cresselia|perish3\n|-start|p2b: Wo-Chien|perish3\n|-start|p1a: Diancie|perish3\n|upkeep\n|turn|22\n|c|\u2606Artmis03|gg\n|c|\u2606Zadom123|gg\n|inactive|Zadom123 has 120 seconds left.\n|\n|t:|1698959009\n|move|p1b: Cresselia|Ally Switch|p1b: Cresselia\n|swap|p1b: Cresselia|0|[from] move: Ally Switch\n|move|p2a: Flutter Mane|Pain Split|p1b: Diancie\n|-sethp|p1b: Diancie|52\/100|[from] move: Pain Split|[silent]\n|-sethp|p2a: Flutter Mane|62\/100|[from] move: Pain Split\n|move|p2b: Wo-Chien|Giga Drain|p1a: Cresselia\n|-damage|p1a: Cresselia|86\/100\n|-heal|p2b: Wo-Chien|32\/100|[from] drain|[of] p1a: Cresselia\n|move|p1b: Diancie|Flash Cannon|p2a: Flutter Mane\n|-supereffective|p2a: Flutter Mane\n|-damage|p2a: Flutter Mane|14\/100\n|\n|-heal|p1a: Cresselia|92\/100|[from] item: Leftovers\n|-heal|p1b: Diancie|58\/100|[from] item: Leftovers\n|-heal|p1a: Cresselia|98\/100|[from] Aqua Ring\n|-start|p2a: Flutter Mane|perish2\n|-start|p1a: Cresselia|perish2\n|-start|p2b: Wo-Chien|perish2\n|-start|p1b: Diancie|perish2\n|upkeep\n|turn|23\n|\n|t:|1698959032\n|move|p2a: Flutter Mane|Pain Split|p1a: Cresselia\n|-sethp|p1a: Cresselia|53\/100|[from] move: Pain Split|[silent]\n|-sethp|p2a: Flutter Mane|93\/100|[from] move: Pain Split\n|move|p1a: Cresselia|Lunar Blessing|p1a: Cresselia|[spread] p1a,p1b\n|-heal|p1a: Cresselia|78\/100\n|-heal|p1b: Diancie|83\/100\n|move|p2b: Wo-Chien|Giga Drain|p1b: Diancie\n|-supereffective|p1b: Diancie\n|-damage|p1b: Diancie|47\/100\n|-heal|p2b: Wo-Chien|51\/100|[from] drain|[of] p1b: Diancie\n|move|p1b: Diancie|Dazzling Gleam|p2b: Wo-Chien|[spread] p2a,p2b\n|-supereffective|p2b: Wo-Chien\n|-damage|p2a: Flutter Mane|64\/100\n|-damage|p2b: Wo-Chien|14\/100\n|\n|-heal|p1a: Cresselia|84\/100|[from] item: Leftovers\n|-heal|p1b: Diancie|53\/100|[from] item: Leftovers\n|-heal|p1a: Cresselia|90\/100|[from] Aqua Ring\n|-start|p2a: Flutter Mane|perish1\n|-start|p1a: Cresselia|perish1\n|-start|p2b: Wo-Chien|perish1\n|-start|p1b: Diancie|perish1\n|upkeep\n|turn|24\n|\n|t:|1698959059\n|move|p2a: Flutter Mane|Dazzling Gleam|p1b: Diancie|[spread] p1a,p1b\n|-damage|p1a: Cresselia|67\/100\n|-damage|p1b: Diancie|18\/100\n|move|p1a: Cresselia|Icy Wind|p2a: Flutter Mane|[spread] p2a,p2b\n|-supereffective|p2b: Wo-Chien\n|-damage|p2a: Flutter Mane|56\/100\n|-damage|p2b: Wo-Chien|3\/100\n|-unboost|p2a: Flutter Mane|spe|1\n|-unboost|p2b: Wo-Chien|spe|1\n|move|p1b: Diancie|Flash Cannon|p2a: Flutter Mane\n|-supereffective|p2a: Flutter Mane\n|-damage|p2a: Flutter Mane|2\/100\n|move|p2b: Wo-Chien|Giga Drain|p1b: Diancie\n|-supereffective|p1b: Diancie\n|-damage|p1b: Diancie|0 fnt\n|-heal|p2b: Wo-Chien|12\/100|[from] drain|[of] p1b: Diancie\n|faint|p1b: Diancie\n|\n|-heal|p1a: Cresselia|73\/100|[from] item: Leftovers\n|-heal|p1a: Cresselia|79\/100|[from] Aqua Ring\n|-start|p1a: Cresselia|perish0\n|-start|p2a: Flutter Mane|perish0\n|-start|p2b: Wo-Chien|perish0\n|upkeep\n|faint|p1a: Cresselia\n|faint|p2a: Flutter Mane\n|-end|p2a: Flutter Mane|Protosynthesis|[silent]\n|faint|p2b: Wo-Chien\n|\n|win|Zadom123\n|raw|Artmis03's rating: 1130 &rarr; <strong>1108<\/strong><br \/>(-22 for losing)\n|raw|Zadom123's rating: 1170 &rarr; <strong>1192<\/strong><br \/>(+22 for winning)\n|l|\u2606Artmis03\n","uploadtime":1698959070,"views":20,"p1id":"artmis03","p2id":"zadom123","formatid":"gen9doublesou","rating":1108,"private":0,"password":""}