{"id":"gen9doublesou-1982429619","p1":"kbrdmshing","p2":"sdmiiu","format":"[Gen 9] Doubles OU","log":"|j|\u2606kbrdmshing\n|j|\u2606sdmiiu\n|t:|1699013697\n|gametype|doubles\n|player|p1|kbrdmshing|101|1089\n|player|p2|sdmiiu|red|1265\n|teamsize|p1|6\n|teamsize|p2|6\n|gen|9\n|tier|[Gen 9] Doubles OU\n|rated|\n|rule|Species Clause: Limit one of each Pok\u00e9mon\n|rule|OHKO Clause: OHKO moves are banned\n|rule|Evasion Moves Clause: Evasion moves are banned\n|rule|Gravity Sleep Clause: The combination of sleep-inducing moves with imperfect accuracy and Gravity or Gigantamax Orbeetle are banned\n|rule|Endless Battle Clause: Forcing endless battles is banned\n|rule|HP Percentage Mod: HP is shown in percentages\n|clearpoke\n|poke|p1|Cyclizar, M|\n|poke|p1|Slowking, F|\n|poke|p1|Toxapex, M|\n|poke|p1|Wo-Chien|\n|poke|p1|Ting-Lu|\n|poke|p1|Chansey, F|\n|poke|p2|Talonflame, F|\n|poke|p2|Scizor, M|\n|poke|p2|Hydreigon, F|\n|poke|p2|Gengar, M|\n|poke|p2|Jolteon, F|\n|poke|p2|Gallade, M|\n|teampreview\n|inactive|Battle timer is ON: inactive players will automatically lose when time's up. (requested by sdmiiu)\n|inactive|kbrdmshing has 120 seconds left.\n|\n|t:|1699013732\n|start\n|switch|p1a: The Cycle|Cyclizar, M|100\/100\n|switch|p1b: The Snail|Wo-Chien|100\/100\n|switch|p2a: Jolteon|Jolteon, F|100\/100\n|switch|p2b: Gallade|Gallade, M|100\/100\n|-ability|p1b: The Snail|Tablets of Ruin\n|turn|1\n|inactive|kbrdmshing has 120 seconds left.\n|inactive|kbrdmshing has 90 seconds left.\n|\n|t:|1699013793\n|move|p1b: The Snail|Protect|p1b: The Snail\n|-singleturn|p1b: The Snail|Protect\n|move|p2b: Gallade|Sacred Sword|p1b: The Snail\n|-activate|p1b: The Snail|move: Protect\n|move|p2a: Jolteon|Thunderbolt|p1b: The Snail\n|-activate|p1b: The Snail|move: Protect\n|move|p1a: The Cycle|Shed Tail|p1a: The Cycle\n|-start|p1a: The Cycle|Substitute|[from] move: Shed Tail\n|-damage|p1a: The Cycle|50\/100\n|inactive|kbrdmshing has 90 seconds left.\n|\n|t:|1699013809\n|switch|p1a: The Pex|Toxapex, M|100\/100|[from] Shed Tail\n|\n|upkeep\n|turn|2\n|inactive|kbrdmshing has 90 seconds left.\n|inactive|kbrdmshing has 60 seconds left.\n|\n|t:|1699013870\n|-terastallize|p2b: Gallade|Fighting\n|-terastallize|p1b: The Snail|Ghost\n|move|p2b: Gallade|Sacred Sword|p1b: The Snail\n|-immune|p1b: The Snail\n|move|p2a: Jolteon|Thunderbolt|p1a: The Pex\n|-supereffective|p1a: The Pex\n|-end|p1a: The Pex|Substitute\n|move|p1b: The Snail|Substitute|p1b: The Snail\n|-start|p1b: The Snail|Substitute\n|-damage|p1b: The Snail|76\/100\n|move|p1a: The Pex|Stockpile|p1a: The Pex\n|-start|p1a: The Pex|stockpile1\n|-boost|p1a: The Pex|def|1\n|-boost|p1a: The Pex|spd|1\n|\n|-heal|p1b: The Snail|82\/100|[from] item: Leftovers\n|upkeep\n|turn|3\n|inactive|kbrdmshing has 60 seconds left.\n|\n|t:|1699013897\n|move|p2b: Gallade|Sacred Sword|p1a: The Pex\n|-resisted|p1a: The Pex\n|-damage|p1a: The Pex|77\/100\n|move|p2a: Jolteon|Thunderbolt|p1a: The Pex\n|-supereffective|p1a: The Pex\n|-damage|p1a: The Pex|20\/100\n|move|p1b: The Snail|Leech Seed|p2a: Jolteon\n|-start|p2a: Jolteon|move: Leech Seed\n|move|p1a: The Pex|Stockpile|p1a: The Pex\n|-start|p1a: The Pex|stockpile2\n|-boost|p1a: The Pex|def|1\n|-boost|p1a: The Pex|spd|1\n|\n|-heal|p1b: The Snail|88\/100|[from] item: Leftovers\n|-heal|p1a: The Pex|26\/100|[from] item: Leftovers\n|-damage|p2a: Jolteon|88\/100|[from] Leech Seed|[of] p1b: The Snail\n|-heal|p1b: The Snail|97\/100|[silent]\n|upkeep\n|turn|4\n|inactive|kbrdmshing has 60 seconds left.\n|inactive|kbrdmshing has 30 seconds left.\n|inactive|kbrdmshing has 20 seconds left.\n|inactive|kbrdmshing has 15 seconds left.\n|\n|t:|1699013955\n|switch|p1a: The Rock|Ting-Lu|100\/100\n|-ability|p1a: The Rock|Vessel of Ruin\n|move|p2b: Gallade|Sacred Sword|p1a: The Rock\n|-supereffective|p1a: The Rock\n|-damage|p1a: The Rock|41\/100\n|move|p2a: Jolteon|Thunderbolt|p1a: The Rock\n|-immune|p1a: The Rock\n|move|p1b: The Snail|Leech Seed|p2b: Gallade|[miss]\n|-miss|p1b: The Snail|p2b: Gallade\n|\n|-heal|p1b: The Snail|100\/100|[from] item: Leftovers\n|-heal|p1a: The Rock|48\/100|[from] item: Leftovers\n|-damage|p2a: Jolteon|76\/100|[from] Leech Seed|[of] p1b: The Snail\n|upkeep\n|turn|5\n|inactive|kbrdmshing has 30 seconds left.\n|inactive|kbrdmshing has 20 seconds left.\n|inactive|kbrdmshing has 15 seconds left.\n|\n|t:|1699013980\n|move|p1a: The Rock|Protect|p1a: The Rock\n|-singleturn|p1a: The Rock|Protect\n|move|p2b: Gallade|Sacred Sword|p1a: The Rock\n|-activate|p1a: The Rock|move: Protect\n|move|p2a: Jolteon|Thunderbolt|p1b: The Snail\n|-end|p1b: The Snail|Substitute\n|move|p1b: The Snail|Leech Seed|p2b: Gallade\n|-start|p2b: Gallade|move: Leech Seed\n|\n|-heal|p1a: The Rock|54\/100|[from] item: Leftovers\n|-damage|p2b: Gallade|88\/100|[from] Leech Seed|[of] p1b: The Snail\n|-damage|p2a: Jolteon|64\/100|[from] Leech Seed|[of] p1b: The Snail\n|upkeep\n|turn|6\n|inactive|kbrdmshing has 30 seconds left.\n|inactive|kbrdmshing has 20 seconds left.\n|inactive|kbrdmshing has 15 seconds left.\n|inactive|kbrdmshing has 10 seconds left.\n|\n|t:|1699014012\n|switch|p1a: The Pex|Toxapex, M|59\/100\n|move|p2b: Gallade|Sacred Sword|p1a: The Pex\n|-resisted|p1a: The Pex\n|-damage|p1a: The Pex|36\/100\n|move|p2a: Jolteon|Thunderbolt|p1b: The Snail\n|-damage|p1b: The Snail|63\/100\n|move|p1b: The Snail|Substitute|p1b: The Snail\n|-start|p1b: The Snail|Substitute\n|-damage|p1b: The Snail|38\/100\n|\n|-heal|p1b: The Snail|45\/100|[from] item: Leftovers\n|-heal|p1a: The Pex|43\/100|[from] item: Leftovers\n|-damage|p2b: Gallade|76\/100|[from] Leech Seed|[of] p1b: The Snail\n|-heal|p1b: The Snail|54\/100|[silent]\n|-damage|p2a: Jolteon|52\/100|[from] Leech Seed|[of] p1b: The Snail\n|-heal|p1b: The Snail|63\/100|[silent]\n|upkeep\n|turn|7\n|inactive|kbrdmshing has 30 seconds left.\n|inactive|kbrdmshing has 20 seconds left.\n|inactive|kbrdmshing has 15 seconds left.\n|inactive|kbrdmshing has 10 seconds left.\n|\n|t:|1699014040\n|switch|p1a: The King|Slowking, F|100\/100\n|move|p1b: The Snail|Protect|p1b: The Snail\n|-singleturn|p1b: The Snail|Protect\n|move|p2b: Gallade|Sacred Sword|p1a: The King\n|-resisted|p1a: The King\n|-damage|p1a: The King|68\/100\n|move|p2a: Jolteon|Thunderbolt|p1a: The King\n|-supereffective|p1a: The King\n|-damage|p1a: The King|0 fnt\n|faint|p1a: The King\n|\n|-heal|p1b: The Snail|69\/100|[from] item: Leftovers\n|-damage|p2b: Gallade|64\/100|[from] Leech Seed|[of] p1b: The Snail\n|-heal|p1b: The Snail|78\/100|[silent]\n|-damage|p2a: Jolteon|40\/100|[from] Leech Seed|[of] p1b: The Snail\n|-heal|p1b: The Snail|87\/100|[silent]\n|upkeep\n|inactive|kbrdmshing has 15 seconds left this turn.\n|inactive|kbrdmshing has 10 seconds left.\n|\n|t:|1699014049\n|switch|p1a: The Cycle|Cyclizar, M|84\/100\n|turn|8\n|inactive|kbrdmshing has 30 seconds left.\n|inactive|kbrdmshing has 20 seconds left.\n|\n|t:|1699014065\n|move|p2b: Gallade|Sacred Sword|p1a: The Cycle\n|-supereffective|p1a: The Cycle\n|-damage|p1a: The Cycle|0 fnt\n|faint|p1a: The Cycle\n|move|p2a: Jolteon|Thunderbolt|p1b: The Snail\n|-end|p1b: The Snail|Substitute\n|move|p1b: The Snail|Knock Off|p2a: Jolteon\n|-damage|p2a: Jolteon|0 fnt\n|-enditem|p2a: Jolteon|Choice Specs|[from] move: Knock Off|[of] p1b: The Snail\n|faint|p2a: Jolteon\n|\n|-heal|p1b: The Snail|93\/100|[from] item: Leftovers\n|-damage|p2b: Gallade|52\/100|[from] Leech Seed|[of] p1b: The Snail\n|-heal|p1b: The Snail|100\/100|[silent]\n|upkeep\n|inactive|kbrdmshing has 30 seconds left.\n|\n|t:|1699014081\n|switch|p2a: Gengar|Gengar, M|100\/100\n|switch|p1a: The Pex|Toxapex, M|76\/100\n|turn|9\n|inactive|kbrdmshing has 30 seconds left.\n|\n|t:|1699014109\n|switch|p2b: Hydreigon|Hydreigon, F|100\/100\n|move|p2a: Gengar|Protect|p2a: Gengar\n|-singleturn|p2a: Gengar|Protect\n|move|p1b: The Snail|Leech Seed|p2a: Gengar\n|-activate|p2a: Gengar|move: Protect\n|move|p1a: The Pex|Recover|p1a: The Pex\n|-heal|p1a: The Pex|100\/100\n|\n|upkeep\n|turn|10\n|inactive|kbrdmshing has 30 seconds left.\n|\n|t:|1699014139\n|switch|p1b: The Egg|Chansey, F|100\/100\n|move|p2a: Gengar|Shadow Ball|p1a: The Pex\n|-damage|p1a: The Pex|68\/100\n|move|p2b: Hydreigon|Dark Pulse|p1a: The Pex\n|-damage|p1a: The Pex|39\/100\n|move|p1a: The Pex|Stockpile|p1a: The Pex\n|-start|p1a: The Pex|stockpile1\n|-boost|p1a: The Pex|def|1\n|-boost|p1a: The Pex|spd|1\n|\n|-heal|p1a: The Pex|45\/100|[from] item: Leftovers\n|upkeep\n|turn|11\n|inactive|kbrdmshing has 30 seconds left.\n|\n|t:|1699014173\n|switch|p2a: Gallade|Gallade, M, tera:Fighting|52\/100\n|switch|p2b: Scizor|Scizor, M|100\/100\n|move|p1b: The Egg|Life Dew||[still]|[spread] p1a,p1b\n|-heal|p1a: The Pex|70\/100\n|-fail|p1b: The Egg|heal\n|move|p1a: The Pex|Recover|p1a: The Pex\n|-heal|p1a: The Pex|100\/100\n|\n|upkeep\n|turn|12\n|inactive|kbrdmshing has 30 seconds left.\n|\n|t:|1699014203\n|switch|p1b: The Snail|Wo-Chien, tera:Ghost|100\/100\n|-ability|p1b: The Snail|Tablets of Ruin\n|move|p2a: Gallade|Psycho Cut|p1a: The Pex\n|-supereffective|p1a: The Pex\n|-damage|p1a: The Pex|64\/100\n|move|p2b: Scizor|Close Combat|p1b: The Snail\n|-immune|p1b: The Snail\n|move|p1a: The Pex|Stockpile|p1a: The Pex\n|-start|p1a: The Pex|stockpile2\n|-boost|p1a: The Pex|def|1\n|-boost|p1a: The Pex|spd|1\n|\n|-heal|p1a: The Pex|71\/100|[from] item: Leftovers\n|upkeep\n|turn|13\n|inactive|kbrdmshing has 30 seconds left.\n|\n|t:|1699014232\n|move|p2b: Scizor|Bullet Punch|p1a: The Pex\n|-resisted|p1a: The Pex\n|-damage|p1a: The Pex|66\/100\n|move|p2a: Gallade|Psycho Cut|p1a: The Pex\n|-supereffective|p1a: The Pex\n|-damage|p1a: The Pex|36\/100\n|move|p1b: The Snail|Leech Seed|p2b: Scizor\n|-start|p2b: Scizor|move: Leech Seed\n|move|p1a: The Pex|Recover|p1a: The Pex\n|-heal|p1a: The Pex|86\/100\n|\n|-heal|p1a: The Pex|92\/100|[from] item: Leftovers\n|-damage|p2b: Scizor|88\/100|[from] Leech Seed|[of] p1b: The Snail\n|upkeep\n|turn|14\n|\n|t:|1699014251\n|switch|p2a: Gengar|Gengar, M|100\/100\n|switch|p2b: Hydreigon|Hydreigon, F|100\/100\n|move|p1b: The Snail|Leech Seed|p2a: Gengar\n|-start|p2a: Gengar|move: Leech Seed\n|move|p1a: The Pex|Stockpile|p1a: The Pex\n|-start|p1a: The Pex|stockpile3\n|-boost|p1a: The Pex|def|1\n|-boost|p1a: The Pex|spd|1\n|\n|-heal|p1a: The Pex|99\/100|[from] item: Leftovers\n|-damage|p2a: Gengar|88\/100|[from] Leech Seed|[of] p1b: The Snail\n|upkeep\n|turn|15\n|\n|t:|1699014273\n|move|p1b: The Snail|Protect|p1b: The Snail\n|-singleturn|p1b: The Snail|Protect\n|move|p2a: Gengar|Shadow Ball|p1b: The Snail\n|-activate|p1b: The Snail|move: Protect\n|move|p2b: Hydreigon|Dark Pulse|p1b: The Snail\n|-activate|p1b: The Snail|move: Protect\n|move|p1a: The Pex|Toxic|p2a: Gengar\n|-immune|p2a: Gengar\n|\n|-heal|p1a: The Pex|100\/100|[from] item: Leftovers\n|-damage|p2a: Gengar|76\/100|[from] Leech Seed|[of] p1b: The Snail\n|upkeep\n|turn|16\n|inactive|kbrdmshing has 60 seconds left.\n|\n|t:|1699014297\n|switch|p1b: The Rock|Ting-Lu|54\/100\n|-ability|p1b: The Rock|Vessel of Ruin\n|move|p2a: Gengar|Shadow Ball|p1a: The Pex\n|-damage|p1a: The Pex|92\/100\n|move|p2b: Hydreigon|Nasty Plot|p2b: Hydreigon\n|-boost|p2b: Hydreigon|spa|2\n|move|p1a: The Pex|Toxic|p2b: Hydreigon\n|-status|p2b: Hydreigon|tox\n|\n|-heal|p1b: The Rock|60\/100|[from] item: Leftovers\n|-heal|p1a: The Pex|98\/100|[from] item: Leftovers\n|-damage|p2a: Gengar|64\/100|[from] Leech Seed|[of] p1b: The Rock\n|-heal|p1b: The Rock|66\/100|[silent]\n|-damage|p2b: Hydreigon|94\/100 tox|[from] psn\n|upkeep\n|turn|17\n|inactive|kbrdmshing has 60 seconds left.\n|\n|t:|1699014328\n|move|p2a: Gengar|Destiny Bond|p2a: Gengar\n|-singlemove|p2a: Gengar|Destiny Bond\n|move|p2b: Hydreigon|Nasty Plot|p2b: Hydreigon\n|-boost|p2b: Hydreigon|spa|2\n|move|p1a: The Pex|Toxic|p2b: Hydreigon\n|-fail|p2b: Hydreigon|tox\n|move|p1b: The Rock|Whirlwind|p2b: Hydreigon\n|drag|p2b: Scizor|Scizor, M|88\/100\n|\n|-heal|p1b: The Rock|72\/100|[from] item: Leftovers\n|-heal|p1a: The Pex|100\/100|[from] item: Leftovers\n|-damage|p2a: Gengar|51\/100|[from] Leech Seed|[of] p1b: The Rock\n|-heal|p1b: The Rock|79\/100|[silent]\n|upkeep\n|turn|18\n|inactive|kbrdmshing has 60 seconds left.\n|inactive|sdmiiu has 120 seconds left.\n|inactive|kbrdmshing has 30 seconds left.\n|inactive|kbrdmshing has 20 seconds left.\n|inactive|kbrdmshing has 15 seconds left.\n|\n|t:|1699014379\n|switch|p2a: Hydreigon|Hydreigon, F|94\/100 tox\n|move|p2b: Scizor|Swords Dance|p2b: Scizor\n|-boost|p2b: Scizor|atk|2\n|move|p1a: The Pex|Toxic|p2b: Scizor\n|-immune|p2b: Scizor\n|move|p1b: The Rock|Whirlwind|p2b: Scizor\n|drag|p2b: Gallade|Gallade, M, tera:Fighting|52\/100\n|\n|-heal|p1b: The Rock|85\/100|[from] item: Leftovers\n|-damage|p2a: Hydreigon|88\/100 tox|[from] psn\n|upkeep\n|turn|19\n|inactive|kbrdmshing has 30 seconds left.\n|inactive|kbrdmshing has 20 seconds left.\n|\n|t:|1699014400\n|switch|p1b: The Snail|Wo-Chien, tera:Ghost|100\/100\n|-ability|p1b: The Snail|Tablets of Ruin\n|move|p2b: Gallade|Sacred Sword|p1b: The Snail\n|-immune|p1b: The Snail\n|move|p2a: Hydreigon|Draco Meteor|p1b: The Snail\n|-damage|p1b: The Snail|51\/100\n|-unboost|p2a: Hydreigon|spa|2\n|move|p1a: The Pex|Toxic|p2b: Gallade\n|-status|p2b: Gallade|tox\n|\n|-heal|p1b: The Snail|57\/100|[from] item: Leftovers\n|-damage|p2b: Gallade|45\/100 tox|[from] psn\n|-damage|p2a: Hydreigon|76\/100 tox|[from] psn\n|upkeep\n|turn|20\n|inactive|kbrdmshing has 30 seconds left.\n|inactive|kbrdmshing has 20 seconds left.\n|\n|t:|1699014432\n|switch|p2b: Talonflame|Talonflame, F|100\/100\n|switch|p2a: Scizor|Scizor, M|88\/100\n|move|p1b: The Snail|Protect|p1b: The Snail\n|-singleturn|p1b: The Snail|Protect\n|move|p1a: The Pex|Toxic|p2a: Scizor\n|-immune|p2a: Scizor\n|\n|-heal|p1b: The Snail|64\/100|[from] item: Leftovers\n|upkeep\n|turn|21\n|inactive|kbrdmshing has 30 seconds left.\n|inactive|kbrdmshing has 20 seconds left.\n|\n|t:|1699014464\n|move|p2b: Talonflame|Brave Bird|p1b: The Snail\n|-damage|p1b: The Snail|39\/100\n|-damage|p2b: Talonflame|90\/100|[from] Recoil\n|move|p2a: Scizor|Swords Dance|p2a: Scizor\n|-boost|p2a: Scizor|atk|2\n|move|p1b: The Snail|Leech Seed|p2a: Scizor\n|-start|p2a: Scizor|move: Leech Seed\n|move|p1a: The Pex|Toxic|p2b: Talonflame\n|-status|p2b: Talonflame|tox\n|\n|-heal|p1b: The Snail|45\/100|[from] item: Leftovers\n|-damage|p2a: Scizor|75\/100|[from] Leech Seed|[of] p1b: The Snail\n|-heal|p1b: The Snail|57\/100|[silent]\n|-damage|p2b: Talonflame|84\/100 tox|[from] psn\n|upkeep\n|turn|22\n|inactive|kbrdmshing has 30 seconds left.\n|inactive|kbrdmshing has 20 seconds left.\n|inactive|kbrdmshing has 15 seconds left.\n|inactive|kbrdmshing has 10 seconds left.\n|inactive|kbrdmshing has 5 seconds left.\n|\n|t:|1699014505\n|move|p1b: The Snail|Protect|p1b: The Snail\n|-singleturn|p1b: The Snail|Protect\n|move|p2b: Talonflame|Brave Bird|p1b: The Snail\n|-activate|p1b: The Snail|move: Protect\n|move|p2a: Scizor|Swords Dance|p2a: Scizor\n|-boost|p2a: Scizor|atk|2\n|move|p1a: The Pex|Toxic|p2a: Scizor\n|-immune|p2a: Scizor\n|\n|-heal|p1b: The Snail|63\/100|[from] item: Leftovers\n|-damage|p2a: Scizor|63\/100|[from] Leech Seed|[of] p1b: The Snail\n|-heal|p1b: The Snail|75\/100|[silent]\n|-damage|p2b: Talonflame|72\/100 tox|[from] psn\n|upkeep\n|turn|23\n|inactive|kbrdmshing has 30 seconds left this turn.\n|inactive|kbrdmshing has 20 seconds left.\n|inactive|kbrdmshing has 15 seconds left.\n|inactive|kbrdmshing has 10 seconds left.\n|inactive|kbrdmshing has 5 seconds left.\n|\n|t:|1699014531\n|move|p2b: Talonflame|Brave Bird|p1b: The Snail\n|-damage|p1b: The Snail|49\/100\n|-damage|p2b: Talonflame|62\/100 tox|[from] Recoil\n|move|p2a: Scizor|Swords Dance|p2a: Scizor\n|-boost|p2a: Scizor|atk|2\n|move|p1b: The Snail|Substitute|p1b: The Snail\n|-start|p1b: The Snail|Substitute\n|-damage|p1b: The Snail|25\/100\n|move|p1a: The Pex|Toxic|p2b: Talonflame\n|-fail|p2b: Talonflame|tox\n|\n|-heal|p1b: The Snail|31\/100|[from] item: Leftovers\n|-damage|p2a: Scizor|50\/100|[from] Leech Seed|[of] p1b: The Snail\n|-heal|p1b: The Snail|42\/100|[silent]\n|-damage|p2b: Talonflame|44\/100 tox|[from] psn\n|upkeep\n|turn|24\n|inactive|kbrdmshing has 30 seconds left this turn.\n|inactive|kbrdmshing has 20 seconds left.\n|inactive|kbrdmshing has 15 seconds left.\n|\n|t:|1699014552\n|move|p2a: Scizor|Bullet Punch|p1a: The Pex\n|-resisted|p1a: The Pex\n|-damage|p1a: The Pex|84\/100\n|move|p2b: Talonflame|Brave Bird|p1a: The Pex\n|-damage|p1a: The Pex|74\/100\n|-damage|p2b: Talonflame|40\/100 tox|[from] Recoil\n|move|p1b: The Snail|Leech Seed|p2b: Talonflame\n|-start|p2b: Talonflame|move: Leech Seed\n|move|p1a: The Pex|Recover|p1a: The Pex\n|-heal|p1a: The Pex|100\/100\n|\n|-heal|p1b: The Snail|48\/100|[from] item: Leftovers\n|-damage|p2b: Talonflame|28\/100 tox|[from] Leech Seed|[of] p1b: The Snail\n|-heal|p1b: The Snail|58\/100|[silent]\n|-damage|p2a: Scizor|38\/100|[from] Leech Seed|[of] p1b: The Snail\n|-heal|p1b: The Snail|70\/100|[silent]\n|-damage|p2b: Talonflame|4\/100 tox|[from] psn\n|upkeep\n|turn|25\n|inactive|kbrdmshing has 30 seconds left.\n|inactive|kbrdmshing has 20 seconds left.\n|\n|t:|1699014575\n|move|p1b: The Snail|Protect|p1b: The Snail\n|-singleturn|p1b: The Snail|Protect\n|move|p2a: Scizor|Bullet Punch|p1b: The Snail\n|-activate|p1b: The Snail|move: Protect\n|move|p2b: Talonflame|Brave Bird|p1b: The Snail\n|-activate|p1b: The Snail|move: Protect\n|move|p1a: The Pex|Toxic|p2b: Talonflame\n|-fail|p2b: Talonflame|tox\n|\n|-heal|p1b: The Snail|76\/100|[from] item: Leftovers\n|-damage|p2b: Talonflame|0 fnt|[from] Leech Seed|[of] p1b: The Snail\n|-heal|p1b: The Snail|78\/100|[silent]\n|faint|p2b: Talonflame\n|-damage|p2a: Scizor|25\/100|[from] Leech Seed|[of] p1b: The Snail\n|-heal|p1b: The Snail|90\/100|[silent]\n|upkeep\n|inactive|kbrdmshing has 25 seconds left this turn.\n|inactive|sdmiiu has 120 seconds left.\n|\n|t:|1699014596\n|switch|p2b: Hydreigon|Hydreigon, F|76\/100 tox\n|turn|26\n|\n|t:|1699014616\n|move|p2b: Hydreigon|Draco Meteor|p1a: The Pex\n|-damage|p1a: The Pex|78\/100\n|-unboost|p2b: Hydreigon|spa|2\n|move|p2a: Scizor|Close Combat|p1a: The Pex\n|-resisted|p1a: The Pex\n|-damage|p1a: The Pex|61\/100\n|-unboost|p2a: Scizor|def|1\n|-unboost|p2a: Scizor|spd|1\n|move|p1b: The Snail|Leech Seed|p2b: Hydreigon\n|-start|p2b: Hydreigon|move: Leech Seed\n|move|p1a: The Pex|Stockpile||[still]\n|-fail|p1a: The Pex\n|\n|-heal|p1b: The Snail|96\/100|[from] item: Leftovers\n|-heal|p1a: The Pex|67\/100|[from] item: Leftovers\n|-damage|p2b: Hydreigon|64\/100 tox|[from] Leech Seed|[of] p1b: The Snail\n|-heal|p1b: The Snail|100\/100|[silent]\n|-damage|p2a: Scizor|13\/100|[from] Leech Seed|[of] p1b: The Snail\n|-damage|p2b: Hydreigon|58\/100 tox|[from] psn\n|upkeep\n|turn|27\n|\n|t:|1699014644\n|move|p1b: The Snail|Protect|p1b: The Snail\n|-singleturn|p1b: The Snail|Protect\n|move|p2a: Scizor|Bullet Punch|p1b: The Snail\n|-activate|p1b: The Snail|move: Protect\n|move|p2b: Hydreigon|Dark Pulse|p1b: The Snail\n|-activate|p1b: The Snail|move: Protect\n|move|p1a: The Pex|Recover|p1a: The Pex\n|-heal|p1a: The Pex|100\/100\n|\n|-damage|p2b: Hydreigon|45\/100 tox|[from] Leech Seed|[of] p1b: The Snail\n|-damage|p2a: Scizor|0 fnt|[from] Leech Seed|[of] p1b: The Snail\n|faint|p2a: Scizor\n|-damage|p2b: Hydreigon|33\/100 tox|[from] psn\n|upkeep\n|inactive|sdmiiu has 120 seconds left.\n|\n|t:|1699014662\n|switch|p2a: Gengar|Gengar, M|51\/100\n|turn|28\n|inactive|kbrdmshing has 60 seconds left.\n|c|\u2606sdmiiu|you hav ethe control\n|inactive|sdmiiu has 120 seconds left.\n|c|\u2606sdmiiu|you are so good and i can not do anything\n|-message|sdmiiu forfeited.\n|\n|win|kbrdmshing\n|raw|kbrdmshing's rating: 1089 &rarr; <strong>1128<\/strong><br \/>(+39 for winning)\n|raw|sdmiiu's rating: 1265 &rarr; <strong>1228<\/strong><br \/>(-37 for losing)\n|l|\u2606sdmiiu\n","uploadtime":1699014727,"views":18,"p1id":"kbrdmshing","p2id":"sdmiiu","formatid":"gen9doublesou","rating":1128,"private":0,"password":""}