{"id":"gen9doublesou-1972778968","p1":"Flinchhaxisgreat","p2":"csgoAFK","format":"[Gen 9] Doubles OU","log":"|j|\u2606Flinchhaxisgreat\n|j|\u2606csgoAFK\n|inactive|Battle timer is ON: inactive players will automatically lose when time's up.\n|t:|1697893842\n|gametype|doubles\n|player|p1|Flinchhaxisgreat|ethan-pokeathlon|\n|player|p2|csgoAFK|265|\n|teamsize|p1|6\n|teamsize|p2|6\n|gen|9\n|tier|[Gen 9] Doubles OU\n|rated|Tournament battle\n|rule|Species Clause: Limit one of each Pok\u00e9mon\n|rule|OHKO Clause: OHKO moves are banned\n|rule|Evasion Moves Clause: Evasion moves are banned\n|rule|Gravity Sleep Clause: The combination of sleep-inducing moves with imperfect accuracy and Gravity or Gigantamax Orbeetle are banned\n|rule|Endless Battle Clause: Forcing endless battles is banned\n|rule|HP Percentage Mod: HP is shown in percentages\n|clearpoke\n|poke|p1|Cetitan, F|\n|poke|p1|Lilligant, F|\n|poke|p1|Grumpig, F|\n|poke|p1|Slowbro, M|\n|poke|p1|Camerupt, M|\n|poke|p1|Infernape, M|\n|poke|p2|Gothorita, F|\n|poke|p2|Salamence, F|\n|poke|p2|Flabe\u0301be\u0301, F|\n|poke|p2|Amoonguss, F|\n|poke|p2|Goodra-Hisui, F|\n|poke|p2|Conkeldurr, M|\n|teampreview\n|j|*Lady Monita \u263d\n|c|\u2606csgoAFK|hf\n|\n|t:|1697893855\n|start\n|switch|p1a: Camerupt|Camerupt, M|100\/100\n|switch|p1b: Slowbro|Slowbro, M|100\/100\n|switch|p2a: Gothorita|Gothorita, F|100\/100\n|switch|p2b: Conkeldurr|Conkeldurr, M|100\/100\n|turn|1\n|c|\u2606Flinchhaxisgreat|u2\n|\n|t:|1697893870\n|switch|p2b: Goodra|Goodra-Hisui, F|100\/100\n|move|p1a: Camerupt|Protect|p1a: Camerupt\n|-singleturn|p1a: Camerupt|Protect\n|move|p2a: Gothorita|Psychic|p1a: Camerupt\n|-activate|p1a: Camerupt|move: Protect\n|move|p1b: Slowbro|Trick Room|p1b: Slowbro\n|-fieldstart|move: Trick Room|[of] p1b: Slowbro\n|\n|upkeep\n|turn|2\n|\n|t:|1697893881\n|-terastallize|p1a: Camerupt|Fire\n|move|p2b: Goodra|Protect|p2b: Goodra\n|-singleturn|p2b: Goodra|Protect\n|move|p1b: Slowbro|Sunny Day|p1b: Slowbro\n|-weather|SunnyDay\n|move|p1a: Camerupt|Eruption|p2a: Gothorita|[spread] p2a\n|-activate|p2b: Goodra|move: Protect\n|-damage|p2a: Gothorita|26\/100\n|move|p2a: Gothorita|Psychic|p1a: Camerupt\n|-damage|p1a: Camerupt|72\/100\n|\n|-weather|SunnyDay|[upkeep]\n|upkeep\n|turn|3\n|\n|t:|1697893895\n|move|p2a: Gothorita|Protect|p2a: Gothorita\n|-singleturn|p2a: Gothorita|Protect\n|move|p1b: Slowbro|Psychic|p2b: Goodra\n|-resisted|p2b: Goodra\n|-damage|p2b: Goodra|91\/100\n|move|p1a: Camerupt|Eruption|p2b: Goodra|[spread] p2b\n|-activate|p2a: Gothorita|move: Protect\n|-damage|p2b: Goodra|25\/100\n|move|p2b: Goodra|Body Press|p1a: Camerupt\n|-damage|p1a: Camerupt|39\/100\n|\n|-weather|SunnyDay|[upkeep]\n|-heal|p2b: Goodra|32\/100|[from] item: Leftovers\n|upkeep\n|turn|4\n|\n|t:|1697893909\n|move|p1b: Slowbro|Psychic|p2a: Gothorita\n|-resisted|p2a: Gothorita\n|-damage|p2a: Gothorita|17\/100\n|move|p1a: Camerupt|Flamethrower|p2b: Goodra\n|-damage|p2b: Goodra|0 fnt\n|faint|p2b: Goodra\n|move|p2a: Gothorita|Psychic|p1a: Camerupt\n|-damage|p1a: Camerupt|9\/100\n|\n|-weather|SunnyDay|[upkeep]\n|upkeep\n|\n|t:|1697893913\n|switch|p2b: Conkeldurr|Conkeldurr, M|100\/100\n|turn|5\n|\n|t:|1697893924\n|move|p2b: Conkeldurr|Mach Punch|p1a: Camerupt\n|-damage|p1a: Camerupt|0 fnt\n|faint|p1a: Camerupt\n|move|p1b: Slowbro|Psychic|p2b: Conkeldurr\n|-supereffective|p2b: Conkeldurr\n|-damage|p2b: Conkeldurr|28\/100\n|move|p2a: Gothorita|Thunder Wave|p1b: Slowbro\n|-status|p1b: Slowbro|par\n|\n|-weather|SunnyDay|[upkeep]\n|-fieldend|move: Trick Room\n|-status|p2b: Conkeldurr|brn|[from] item: Flame Orb\n|upkeep\n|\n|t:|1697893937\n|switch|p1a: Infernape|Infernape, M|100\/100\n|turn|6\n|\n|t:|1697893949\n|move|p1a: Infernape|Fake Out|p2a: Gothorita\n|-crit|p2a: Gothorita\n|-damage|p2a: Gothorita|5\/100\n|cant|p2a: Gothorita|flinch\n|move|p2b: Conkeldurr|Drain Punch|p1a: Infernape\n|-damage|p1a: Infernape|9\/100\n|-heal|p2b: Conkeldurr|67\/100 brn|[from] drain|[of] p1a: Infernape\n|move|p1b: Slowbro|Psychic|p2b: Conkeldurr\n|-supereffective|p2b: Conkeldurr\n|-damage|p2b: Conkeldurr|0 fnt\n|faint|p2b: Conkeldurr\n|\n|-weather|none\n|upkeep\n|\n|t:|1697893961\n|switch|p2b: Flabe\u0301be\u0301|Flabe\u0301be\u0301, F|100\/100\n|turn|7\n|\n|t:|1697893970\n|move|p2a: Gothorita|Protect|p2a: Gothorita\n|-singleturn|p2a: Gothorita|Protect\n|move|p1a: Infernape|Knock Off|p2a: Gothorita\n|-activate|p2a: Gothorita|move: Protect\n|move|p2b: Flabe\u0301be\u0301|Moonblast|p1a: Infernape\n|-damage|p1a: Infernape|0 fnt\n|faint|p1a: Infernape\n|move|p1b: Slowbro|Trick Room|p1b: Slowbro\n|-fieldstart|move: Trick Room|[of] p1b: Slowbro\n|\n|upkeep\n|\n|t:|1697893975\n|switch|p1a: Cetitan|Cetitan, F|100\/100\n|turn|8\n|\n|t:|1697893982\n|cant|p1b: Slowbro|par\n|move|p2b: Flabe\u0301be\u0301|Moonblast|p1a: Cetitan\n|-damage|p1a: Cetitan|70\/100\n|move|p1a: Cetitan|Belly Drum|p1a: Cetitan\n|-damage|p1a: Cetitan|20\/100\n|-setboost|p1a: Cetitan|atk|6|[from] move: Belly Drum\n|-enditem|p1a: Cetitan|Sitrus Berry|[eat]\n|-heal|p1a: Cetitan|45\/100|[from] item: Sitrus Berry\n|move|p2a: Gothorita|Thunder Wave|p1a: Cetitan\n|-status|p1a: Cetitan|par\n|\n|upkeep\n|turn|9\n|\n|t:|1697893994\n|move|p2a: Gothorita|Protect|p2a: Gothorita\n|-singleturn|p2a: Gothorita|Protect\n|move|p1a: Cetitan|Ice Shard|p2b: Flabe\u0301be\u0301\n|-damage|p2b: Flabe\u0301be\u0301|0 fnt\n|faint|p2b: Flabe\u0301be\u0301\n|move|p1b: Slowbro|Psychic|p2a: Gothorita\n|-activate|p2a: Gothorita|move: Protect\n|\n|upkeep\n|\n|t:|1697894000\n|switch|p2b: Amoonguss|Amoonguss, F|100\/100\n|turn|10\n|j| Oscarx90\n|\n|t:|1697894009\n|-terastallize|p2b: Amoonguss|Water\n|move|p1a: Cetitan|Ice Shard|p2b: Amoonguss\n|-resisted|p2b: Amoonguss\n|-damage|p2b: Amoonguss|66\/100\n|move|p1b: Slowbro|Psychic|p2a: Gothorita\n|-resisted|p2a: Gothorita\n|-damage|p2a: Gothorita|0 fnt\n|faint|p2a: Gothorita\n|move|p2b: Amoonguss|Clear Smog|p1a: Cetitan\n|-damage|p1a: Cetitan|33\/100 par\n|-clearboost|p1a: Cetitan\n|\n|upkeep\n|\n|t:|1697894012\n|switch|p2a: Salamence|Salamence, F|100\/100\n|-ability|p2a: Salamence|Intimidate|boost\n|-unboost|p1a: Cetitan|atk|1\n|-unboost|p1b: Slowbro|atk|1\n|turn|11\n|\n|t:|1697894017\n|move|p2b: Amoonguss|Rage Powder|p2b: Amoonguss\n|-singleturn|p2b: Amoonguss|move: Rage Powder\n|move|p1a: Cetitan|Ice Shard|p2b: Amoonguss\n|-resisted|p2b: Amoonguss\n|-damage|p2b: Amoonguss|60\/100\n|move|p1b: Slowbro|Psychic|p2b: Amoonguss\n|-damage|p2b: Amoonguss|36\/100\n|-unboost|p2b: Amoonguss|spd|1\n|-enditem|p2b: Amoonguss|Sitrus Berry|[eat]\n|-heal|p2b: Amoonguss|60\/100|[from] item: Sitrus Berry\n|move|p2a: Salamence|Dragon Dance|p2a: Salamence\n|-boost|p2a: Salamence|atk|1\n|-boost|p2a: Salamence|spe|1\n|\n|-fieldend|move: Trick Room\n|upkeep\n|turn|12\n|\n|t:|1697894036\n|move|p2b: Amoonguss|Rage Powder|p2b: Amoonguss\n|-singleturn|p2b: Amoonguss|move: Rage Powder\n|cant|p1a: Cetitan|par\n|move|p2a: Salamence|Iron Head|p1a: Cetitan\n|-supereffective|p1a: Cetitan\n|-damage|p1a: Cetitan|0 fnt\n|faint|p1a: Cetitan\n|-damage|p2a: Salamence|91\/100|[from] item: Life Orb\n|cant|p1b: Slowbro|par\n|\n|upkeep\n|\n|t:|1697894045\n|switch|p1a: Grumpig|Grumpig, F|100\/100\n|turn|13\n|\n|t:|1697894061\n|move|p2a: Salamence|Crunch|p1a: Grumpig\n|-supereffective|p1a: Grumpig\n|-crit|p1a: Grumpig\n|-damage|p1a: Grumpig|0 fnt\n|faint|p1a: Grumpig\n|-damage|p2a: Salamence|81\/100|[from] item: Life Orb\n|move|p2b: Amoonguss|Pollen Puff|p1b: Slowbro\n|-supereffective|p1b: Slowbro\n|-damage|p1b: Slowbro|59\/100 par\n|move|p1b: Slowbro|Trick Room|p1b: Slowbro\n|-fieldstart|move: Trick Room|[of] p1b: Slowbro\n|\n|-heal|p1b: Slowbro|65\/100 par|[from] item: Leftovers\n|upkeep\n|l| Oscarx90\n|\n|t:|1697894079\n|switch|p1a: Lilligant|Lilligant, F|100\/100\n|turn|14\n|\n|t:|1697894093\n|move|p2b: Amoonguss|Rage Powder|p2b: Amoonguss\n|-singleturn|p2b: Amoonguss|move: Rage Powder\n|move|p1b: Slowbro|Psychic|p2b: Amoonguss\n|-damage|p2b: Amoonguss|19\/100\n|move|p1a: Lilligant|Sleep Powder|p2a: Salamence\n|-status|p2a: Salamence|slp|[from] move: Sleep Powder\n|cant|p2a: Salamence|slp\n|\n|-heal|p1b: Slowbro|72\/100 par|[from] item: Leftovers\n|upkeep\n|turn|15\n|\n|t:|1697894107\n|cant|p1b: Slowbro|par\n|move|p2b: Amoonguss|Pollen Puff|p1a: Lilligant\n|-supereffective|p1a: Lilligant\n|-damage|p1a: Lilligant|59\/100\n|move|p1a: Lilligant|Energy Ball|p2b: Amoonguss\n|-supereffective|p2b: Amoonguss\n|-damage|p2b: Amoonguss|0 fnt\n|faint|p2b: Amoonguss\n|-curestatus|p2a: Salamence|slp|[msg]\n|move|p2a: Salamence|Dragon Claw|p1a: Lilligant\n|-damage|p1a: Lilligant|0 fnt\n|faint|p1a: Lilligant\n|-damage|p2a: Salamence|71\/100|[from] item: Life Orb\n|\n|-heal|p1b: Slowbro|78\/100 par|[from] item: Leftovers\n|upkeep\n|turn|16\n|c|\u2606Flinchhaxisgreat|not this\n|\n|t:|1697894117\n|move|p1b: Slowbro|Psychic|p2a: Salamence\n|-damage|p2a: Salamence|33\/100\n|move|p2a: Salamence|Crunch|p1b: Slowbro\n|-supereffective|p1b: Slowbro\n|-damage|p1b: Slowbro|5\/100 par\n|-damage|p2a: Salamence|23\/100|[from] item: Life Orb\n|\n|-heal|p1b: Slowbro|11\/100 par|[from] item: Leftovers\n|upkeep\n|turn|17\n|c|\u2606csgoAFK|so\n|j| Blonking\n|c|\u2606csgoAFK|it comes to this lol\n|c|\u2606Flinchhaxisgreat|all comes down to para..\n|\n|t:|1697894133\n|move|p1b: Slowbro|Psychic|p2a: Salamence\n|-damage|p2a: Salamence|0 fnt\n|faint|p2a: Salamence\n|\n|win|Flinchhaxisgreat\n|n|\u2606Flinchhaxisgreat|flinchhaxisgreat\n|n|\u2606csgoAFK|csgoafk\n|n|*Lady Monita \u263d|ladymonita\n|n| Blonking|blonking\n","uploadtime":1697894135,"views":8,"p1id":"flinchhaxisgreat","p2id":"csgoafk","formatid":"gen9doublesou","rating":0,"private":0,"password":""}