{"id":"gen9doublesou-1976766602","p1":"Warre_beans","p2":"toaduniversity9","format":"[Gen 9] Doubles OU","log":"|j|\u2606Warre_beans\n|j|\u2606toaduniversity9\n|t:|1698339692\n|gametype|doubles\n|player|p1|Warre_beans|galacticgrunt|1111\n|player|p2|toaduniversity9|266|1171\n|teamsize|p1|6\n|teamsize|p2|6\n|gen|9\n|tier|[Gen 9] Doubles OU\n|rated|\n|rule|Species Clause: Limit one of each Pok\u00e9mon\n|rule|OHKO Clause: OHKO moves are banned\n|rule|Evasion Moves Clause: Evasion moves are banned\n|rule|Gravity Sleep Clause: The combination of sleep-inducing moves with imperfect accuracy and Gravity or Gigantamax Orbeetle are banned\n|rule|Endless Battle Clause: Forcing endless battles is banned\n|rule|HP Percentage Mod: HP is shown in percentages\n|clearpoke\n|poke|p1|Fezandipiti, M|\n|poke|p1|Enamorus, F|\n|poke|p1|Mew|\n|poke|p1|Great Tusk|\n|poke|p1|Arcanine-Hisui, F|\n|poke|p1|Goodra-Hisui, M|\n|poke|p2|Cresselia, F|\n|poke|p2|Crabominable, F|\n|poke|p2|Mudsdale, M|\n|poke|p2|Ampharos, F|\n|poke|p2|Farigiraf, M|\n|poke|p2|Diancie|\n|teampreview\n|inactive|Battle timer is ON: inactive players will automatically lose when time's up. (requested by Warre_beans)\n|\n|t:|1698339701\n|start\n|switch|p1a: Manticore|Enamorus, F|100\/100\n|switch|p1b: Copies|Mew|100\/100\n|switch|p2a: Cresselia|Cresselia, F|100\/100\n|switch|p2b: Mudsdale|Mudsdale, M|100\/100\n|turn|1\n|\n|t:|1698339717\n|move|p1a: Manticore|Superpower|p2b: Mudsdale\n|-damage|p2b: Mudsdale|67\/100\n|-boost|p1a: Manticore|atk|1\n|-boost|p1a: Manticore|def|1\n|-ability|p2b: Mudsdale|Stamina|boost\n|-boost|p2b: Mudsdale|def|1\n|move|p1b: Copies|Imprison|p1b: Copies\n|-start|p1b: Copies|move: Imprison\n|move|p2b: Mudsdale|Heavy Slam|p1a: Manticore\n|-supereffective|p1a: Manticore\n|-damage|p1a: Manticore|2\/100\n|move|p2a: Cresselia|Trick Room|p2a: Cresselia\n|-fieldstart|move: Trick Room|[of] p2a: Cresselia\n|\n|-heal|p2b: Mudsdale|73\/100|[from] item: Leftovers\n|-heal|p1a: Manticore|8\/100|[from] item: Leftovers\n|upkeep\n|turn|2\n|\n|t:|1698339739\n|move|p2b: Mudsdale|Heavy Slam|p1a: Manticore\n|-supereffective|p1a: Manticore\n|-damage|p1a: Manticore|0 fnt\n|faint|p1a: Manticore\n|move|p2a: Cresselia|Moonblast|p1b: Copies\n|-damage|p1b: Copies|78\/100\n|move|p1b: Copies|Transform|p2a: Cresselia\n|-transform|p1b: Copies|p2a: Cresselia\n|\n|-heal|p2b: Mudsdale|79\/100|[from] item: Leftovers\n|-heal|p1b: Copies|84\/100|[from] item: Leftovers\n|upkeep\n|inactive|Warre_beans has 120 seconds left.\n|\n|t:|1698339755\n|switch|p1a: S-nail|Goodra-Hisui, M|100\/100\n|turn|3\n|\n|t:|1698339768\n|move|p1a: S-nail|Protect|p1a: S-nail\n|-singleturn|p1a: S-nail|Protect\n|move|p2b: Mudsdale|Earthquake|p1b: Copies|[spread] \n|-activate|p1a: S-nail|move: Protect\n|-immune|p2a: Cresselia|[from] ability: Levitate\n|-immune|p1b: Copies|[from] ability: Levitate\n|move|p1b: Copies|Moonblast|p2b: Mudsdale\n|-damage|p2b: Mudsdale|55\/100\n|-ability|p2b: Mudsdale|Stamina|boost\n|-boost|p2b: Mudsdale|def|1\n|-activate|p2a: Cresselia|move: Struggle\n|move|p2a: Cresselia|Struggle|p1a: S-nail\n|-activate|p1a: S-nail|move: Protect\n|\n|-heal|p2b: Mudsdale|61\/100|[from] item: Leftovers\n|-heal|p1b: Copies|90\/100|[from] item: Leftovers\n|upkeep\n|turn|4\n|inactive|Warre_beans has 120 seconds left.\n|\n|t:|1698339803\n|move|p2b: Mudsdale|Earthquake|p1b: Copies|[spread] p1a\n|-immune|p2a: Cresselia|[from] ability: Levitate\n|-immune|p1b: Copies|[from] ability: Levitate\n|-supereffective|p1a: S-nail\n|-damage|p1a: S-nail|25\/100\n|move|p1b: Copies|Moonblast|p2b: Mudsdale\n|-damage|p2b: Mudsdale|39\/100\n|-ability|p2b: Mudsdale|Stamina|boost\n|-boost|p2b: Mudsdale|def|1\n|-activate|p2a: Cresselia|move: Struggle\n|move|p2a: Cresselia|Struggle|p1b: Copies\n|-damage|p1b: Copies|85\/100\n|-damage|p2a: Cresselia|75\/100|[from] recoil\n|move|p1a: S-nail|Counter|p2b: Mudsdale\n|-damage|p2b: Mudsdale|0 fnt\n|faint|p2b: Mudsdale\n|\n|-heal|p1a: S-nail|31\/100|[from] item: Leftovers\n|-heal|p1b: Copies|91\/100|[from] item: Leftovers\n|-heal|p2a: Cresselia|82\/100|[from] item: Leftovers\n|upkeep\n|inactive|toaduniversity9 has 120 seconds left.\n|\n|t:|1698339828\n|switch|p2b: Farigiraf|Farigiraf, M|100\/100\n|turn|5\n|\n|t:|1698339852\n|switch|p2a: Ampharos|Ampharos, F|100\/100\n|move|p1a: S-nail|Protect|p1a: S-nail\n|-singleturn|p1a: S-nail|Protect\n|move|p2b: Farigiraf|Wish|p2b: Farigiraf\n|move|p1b: Copies|Moonblast|p2b: Farigiraf\n|-damage|p2b: Farigiraf|82\/100\n|-unboost|p2b: Farigiraf|spa|1\n|\n|-heal|p2b: Farigiraf|88\/100|[from] item: Leftovers\n|-heal|p1a: S-nail|37\/100|[from] item: Leftovers\n|-heal|p1b: Copies|97\/100|[from] item: Leftovers\n|-fieldend|move: Trick Room\n|upkeep\n|turn|6\n|inactive|toaduniversity9 has 120 seconds left.\n|\n|t:|1698339885\n|move|p2b: Farigiraf|Ally Switch|p2b: Farigiraf\n|swap|p2b: Farigiraf|0|[from] move: Ally Switch\n|move|p1b: Copies|Moonblast|p2a: Farigiraf\n|-damage|p2a: Farigiraf|70\/100\n|-unboost|p2a: Farigiraf|spa|1\n|move|p1a: S-nail|Life Dew|p1a: S-nail|[spread] p1a,p1b\n|-heal|p1a: S-nail|62\/100\n|-heal|p1b: Copies|100\/100\n|move|p2b: Ampharos|Dazzling Gleam|p1b: Copies|[spread] p1a,p1b\n|-damage|p1a: S-nail|51\/100\n|-damage|p1b: Copies|85\/100\n|\n|-heal|p1b: Copies|92\/100|[from] item: Leftovers\n|-heal|p1a: S-nail|57\/100|[from] item: Leftovers\n|-heal|p2a: Farigiraf|76\/100|[from] item: Leftovers\n|upkeep\n|turn|7\n|\n|t:|1698339910\n|switch|p2a: Crabominable|Crabominable, F|100\/100\n|move|p1b: Copies|Moonblast|p2b: Ampharos\n|-damage|p2b: Ampharos|76\/100\n|-unboost|p2b: Ampharos|spa|1\n|move|p2b: Ampharos|Focus Blast|p1a: S-nail\n|-supereffective|p1a: S-nail\n|-damage|p1a: S-nail|27\/100\n|move|p1a: S-nail|Dragon Tail|p2b: Ampharos\n|-damage|p2b: Ampharos|53\/100\n|drag|p2b: Diancie|Diancie|100\/100\n|\n|-heal|p1b: Copies|98\/100|[from] item: Leftovers\n|-heal|p1a: S-nail|33\/100|[from] item: Leftovers\n|upkeep\n|turn|8\n|\n|t:|1698339937\n|move|p1a: S-nail|Protect|p1a: S-nail\n|-singleturn|p1a: S-nail|Protect\n|move|p1b: Copies|Psyshock|p2b: Diancie\n|-damage|p2b: Diancie|75\/100\n|move|p2b: Diancie|Power Gem|p1b: Copies\n|-damage|p1b: Copies|70\/100\n|move|p2a: Crabominable|Ice Hammer|p1b: Copies\n|-damage|p1b: Copies|11\/100\n|-unboost|p2a: Crabominable|spe|1\n|\n|-heal|p1b: Copies|17\/100|[from] item: Leftovers\n|-heal|p1a: S-nail|39\/100|[from] item: Leftovers\n|-heal|p2b: Diancie|81\/100|[from] item: Leftovers\n|upkeep\n|turn|9\n|\n|t:|1698339956\n|move|p1b: Copies|Moonlight|p1b: Copies\n|-heal|p1b: Copies|67\/100\n|move|p1a: S-nail|Life Dew|p1a: S-nail|[spread] p1a,p1b\n|-heal|p1a: S-nail|64\/100\n|-heal|p1b: Copies|92\/100\n|move|p2b: Diancie|Power Gem|p1b: Copies\n|-damage|p1b: Copies|64\/100\n|move|p2a: Crabominable|Ice Hammer|p1a: S-nail\n|-damage|p1a: S-nail|0 fnt\n|-unboost|p2a: Crabominable|spe|1\n|-ability|p1a: S-nail|Gooey\n|-unboost|p2a: Crabominable|spe|1\n|faint|p1a: S-nail\n|\n|-heal|p1b: Copies|70\/100|[from] item: Leftovers\n|-heal|p2b: Diancie|87\/100|[from] item: Leftovers\n|upkeep\n|inactive|Warre_beans has 120 seconds left.\n|\n|t:|1698339977\n|switch|p1a: No gold|Arcanine-Hisui, F|100\/100\n|turn|10\n|\n|t:|1698339988\n|move|p1a: No gold|Flare Blitz|p2a: Crabominable\n|-supereffective|p2a: Crabominable\n|-damage|p2a: Crabominable|0 fnt\n|faint|p2a: Crabominable\n|move|p1b: Copies|Psyshock|p2b: Diancie\n|-damage|p2b: Diancie|64\/100\n|move|p2b: Diancie|Earth Power|p1a: No gold\n|-supereffective|p1a: No gold\n|-damage|p1a: No gold|7\/100\n|\n|-heal|p1b: Copies|76\/100|[from] item: Leftovers\n|-heal|p2b: Diancie|70\/100|[from] item: Leftovers\n|upkeep\n|\n|t:|1698340005\n|switch|p2a: Farigiraf|Farigiraf, M|76\/100\n|turn|11\n|\n|t:|1698340020\n|move|p2a: Farigiraf|Ally Switch|p2a: Farigiraf\n|swap|p2a: Farigiraf|1|[from] move: Ally Switch\n|move|p1a: No gold|Flare Blitz|p2a: Diancie\n|-resisted|p2a: Diancie\n|-damage|p2a: Diancie|49\/100\n|move|p1b: Copies|Psyshock|p2a: Diancie\n|-damage|p2a: Diancie|25\/100\n|move|p2a: Diancie|Earth Power|p1a: No gold\n|-supereffective|p1a: No gold\n|-damage|p1a: No gold|0 fnt\n|faint|p1a: No gold\n|\n|-heal|p1b: Copies|82\/100|[from] item: Leftovers\n|-heal|p2b: Farigiraf|82\/100|[from] item: Leftovers\n|-heal|p2a: Diancie|31\/100|[from] item: Leftovers\n|upkeep\n|\n|t:|1698340039\n|switch|p1a: Cold|Fezandipiti, M|100\/100\n|turn|12\n|inactive|toaduniversity9 has 120 seconds left.\n|\n|t:|1698340084\n|move|p1a: Cold|Icy Wind|p2b: Farigiraf|[spread] p2a,p2b\n|-damage|p2a: Diancie|25\/100\n|-damage|p2b: Farigiraf|77\/100\n|-unboost|p2b: Farigiraf|spe|1\n|-status|p2a: Diancie|tox|[from] ability: Toxic Chain|[of] p1a: Cold\n|move|p1b: Copies|Psyshock|p2b: Farigiraf\n|-resisted|p2b: Farigiraf\n|-damage|p2b: Farigiraf|60\/100\n|move|p2a: Diancie|Earth Power|p1a: Cold\n|-supereffective|p1a: Cold\n|-damage|p1a: Cold|54\/100\n|move|p2b: Farigiraf|Wish|p2b: Farigiraf\n|\n|-heal|p1a: Cold|60\/100|[from] item: Black Sludge\n|-heal|p1b: Copies|88\/100|[from] item: Leftovers\n|-heal|p2a: Diancie|31\/100 tox|[from] item: Leftovers\n|-heal|p2b: Farigiraf|66\/100|[from] item: Leftovers\n|-damage|p2a: Diancie|25\/100 tox|[from] psn\n|upkeep\n|turn|13\n|\n|t:|1698340111\n|move|p2b: Farigiraf|Ally Switch|p2b: Farigiraf\n|swap|p2b: Farigiraf|0|[from] move: Ally Switch\n|move|p1a: Cold|Substitute|p1a: Cold\n|-start|p1a: Cold|Substitute\n|-damage|p1a: Cold|35\/100\n|move|p1b: Copies|Psyshock|p2a: Farigiraf\n|-resisted|p2a: Farigiraf\n|-damage|p2a: Farigiraf|51\/100\n|move|p2b: Diancie|Earth Power|p1a: Cold\n|-supereffective|p1a: Cold\n|-end|p1a: Cold|Substitute\n|\n|-heal|p2b: Diancie|98\/100 tox|[from] move: Wish|[wisher] Farigiraf\n|-heal|p1a: Cold|41\/100|[from] item: Black Sludge\n|-heal|p1b: Copies|95\/100|[from] item: Leftovers\n|-heal|p2b: Diancie|100\/100 tox|[from] item: Leftovers\n|-heal|p2a: Farigiraf|57\/100|[from] item: Leftovers\n|-damage|p2b: Diancie|89\/100 tox|[from] psn\n|upkeep\n|turn|14\n|\n|t:|1698340134\n|move|p1a: Cold|Roost|p1a: Cold\n|-heal|p1a: Cold|92\/100\n|-singleturn|p1a: Cold|move: Roost\n|move|p2b: Diancie|Earth Power|p1a: Cold\n|-supereffective|p1a: Cold\n|-damage|p1a: Cold|47\/100\n|move|p2a: Farigiraf|Wish|p2a: Farigiraf\n|move|p1b: Copies|Trick Room|p1b: Copies\n|-fieldstart|move: Trick Room|[of] p1b: Copies\n|\n|-heal|p2a: Farigiraf|64\/100|[from] item: Leftovers\n|-heal|p2b: Diancie|95\/100 tox|[from] item: Leftovers\n|-heal|p1b: Copies|100\/100|[from] item: Leftovers\n|-heal|p1a: Cold|53\/100|[from] item: Black Sludge\n|-damage|p2b: Diancie|77\/100 tox|[from] psn\n|upkeep\n|turn|15\n|\n|t:|1698340157\n|switch|p2a: Cresselia|Cresselia, F|82\/100\n|switch|p2b: Ampharos|Ampharos, F|53\/100\n|switch|p1a: Stormy|Great Tusk|100\/100\n|move|p1b: Copies|Trick Room|p1b: Copies\n|-fieldend|move: Trick Room\n|\n|-heal|p2a: Cresselia|100\/100|[from] move: Wish|[wisher] Farigiraf\n|-heal|p2b: Ampharos|60\/100|[from] item: Leftovers\n|upkeep\n|turn|16\n|\n|t:|1698340184\n|switch|p2b: Farigiraf|Farigiraf, M|64\/100\n|move|p1a: Stormy|Earthquake|p2a: Cresselia|[spread] p2b\n|-immune|p1b: Copies|[from] ability: Levitate\n|-immune|p2a: Cresselia|[from] ability: Levitate\n|-damage|p2b: Farigiraf|20\/100\n|-activate|p2a: Cresselia|move: Struggle\n|move|p2a: Cresselia|Struggle|p1b: Copies\n|-damage|p1b: Copies|95\/100\n|-damage|p2a: Cresselia|75\/100|[from] recoil\n|move|p1b: Copies|Trick Room|p1b: Copies\n|-fieldstart|move: Trick Room|[of] p1b: Copies\n|\n|-heal|p2b: Farigiraf|26\/100|[from] item: Leftovers\n|-heal|p1b: Copies|100\/100|[from] item: Leftovers\n|-heal|p2a: Cresselia|82\/100|[from] item: Leftovers\n|upkeep\n|turn|17\n|\n|t:|1698340204\n|move|p2b: Farigiraf|Ally Switch|p2b: Farigiraf\n|swap|p2b: Farigiraf|0|[from] move: Ally Switch\n|-activate|p2b: Cresselia|move: Struggle\n|move|p2b: Cresselia|Struggle|p1b: Copies\n|-damage|p1b: Copies|95\/100\n|-damage|p2b: Cresselia|57\/100|[from] recoil\n|move|p1a: Stormy|Earthquake|p2b: Cresselia|[spread] p2a\n|-immune|p1b: Copies|[from] ability: Levitate\n|-immune|p2b: Cresselia|[from] ability: Levitate\n|-damage|p2a: Farigiraf|0 fnt\n|faint|p2a: Farigiraf\n|move|p1b: Copies|Trick Room|p1b: Copies\n|-fieldend|move: Trick Room\n|\n|-heal|p1b: Copies|100\/100|[from] item: Leftovers\n|-heal|p2b: Cresselia|63\/100|[from] item: Leftovers\n|upkeep\n|\n|t:|1698340217\n|switch|p2a: Diancie|Diancie|77\/100 tox\n|turn|18\n|\n|t:|1698340230\n|move|p1a: Stormy|Earthquake|p2b: Cresselia|[spread] p2a\n|-immune|p1b: Copies|[from] ability: Levitate\n|-immune|p2b: Cresselia|[from] ability: Levitate\n|-supereffective|p2a: Diancie\n|-damage|p2a: Diancie|5\/100 tox\n|-activate|p2b: Cresselia|move: Struggle\n|move|p2b: Cresselia|Struggle|p1b: Copies\n|-damage|p1b: Copies|95\/100\n|-damage|p2b: Cresselia|38\/100|[from] recoil\n|move|p2a: Diancie|Earth Power|p1a: Stormy\n|-damage|p1a: Stormy|63\/100\n|move|p1b: Copies|Trick Room|p1b: Copies\n|-fieldstart|move: Trick Room|[of] p1b: Copies\n|\n|-heal|p2a: Diancie|11\/100 tox|[from] item: Leftovers\n|-heal|p2b: Cresselia|44\/100|[from] item: Leftovers\n|-heal|p1b: Copies|100\/100|[from] item: Leftovers\n|-damage|p2a: Diancie|5\/100 tox|[from] psn\n|upkeep\n|turn|19\n|inactive|Warre_beans has 120 seconds left.\n|\n|t:|1698340276\n|switch|p2b: Ampharos|Ampharos, F|60\/100\n|move|p2a: Diancie|Earth Power|p1a: Stormy\n|-damage|p1a: Stormy|26\/100\n|move|p1b: Copies|Moonlight|p1b: Copies\n|-fail|p1b: Copies|heal\n|move|p1a: Stormy|Earthquake|p2a: Diancie|[spread] p2a,p2b\n|-immune|p1b: Copies|[from] ability: Levitate\n|-supereffective|p2a: Diancie\n|-supereffective|p2b: Ampharos\n|-damage|p2a: Diancie|0 fnt\n|-damage|p2b: Ampharos|0 fnt\n|faint|p2a: Diancie\n|faint|p2b: Ampharos\n|\n|upkeep\n|\n|t:|1698340290\n|switch|p2b: Cresselia|Cresselia, F|44\/100\n|turn|20\n|-message|toaduniversity9 forfeited.\n|\n|win|Warre_beans\n|raw|Warre_beans's rating: 1111 &rarr; <strong>1140<\/strong><br \/>(+29 for winning)\n|raw|toaduniversity9's rating: 1171 &rarr; <strong>1142<\/strong><br \/>(-29 for losing)\n|l|\u2606toaduniversity9\n","uploadtime":1698340310,"views":19,"p1id":"warrebeans","p2id":"toaduniversity9","formatid":"gen9doublesou","rating":1140,"private":0,"password":""}