{"id":"gen9doublesou-1996967419","p1":"Fourthmatch","p2":"hcff","format":"[Gen 9] Doubles OU","log":"|j|\u2606Fourthmatch\n|j|\u2606hcff\n|t:|1700750681\n|gametype|doubles\n|player|p1|Fourthmatch|dawn|\n|player|p2|hcff|ingo|\n|teamsize|p1|6\n|teamsize|p2|6\n|gen|9\n|tier|[Gen 9] Doubles OU\n|rule|Species Clause: Limit one of each Pok\u00e9mon\n|rule|OHKO Clause: OHKO moves are banned\n|rule|Evasion Moves Clause: Evasion moves are banned\n|rule|Gravity Sleep Clause: The combination of sleep-inducing moves with imperfect accuracy and Gravity or Gigantamax Orbeetle are banned\n|rule|Endless Battle Clause: Forcing endless battles is banned\n|rule|HP Percentage Mod: HP is shown in percentages\n|clearpoke\n|poke|p1|Sylveon, F|\n|poke|p1|Indeedee-F, F|\n|poke|p1|Amoonguss, F|\n|poke|p1|Glastrier|\n|poke|p1|Ursaluna, F|\n|poke|p1|Hatterene, F|\n|poke|p2|Regidrago|\n|poke|p2|Regieleki|\n|poke|p2|Murkrow, F|\n|poke|p2|Grimmsnarl, M|\n|poke|p2|Chi-Yu|\n|poke|p2|Chien-Pao|\n|teampreview\n|inactive|Battle timer is ON: inactive players will automatically lose when time's up. (requested by hcff)\n|c|\u2606hcff|FUCK IT'S TROOM\n|\n|t:|1700750705\n|start\n|switch|p1a: Ms. Deeds|Indeedee-F, F|100\/100\n|switch|p1b: Susus Amogus|Amoonguss, F|100\/100\n|switch|p2a: Grimmsnarl|Grimmsnarl, M|100\/100\n|switch|p2b: Chien-Pao|Chien-Pao|100\/100\n|-ability|p2b: Chien-Pao|Sword of Ruin\n|-fieldstart|move: Psychic Terrain|[from] ability: Psychic Surge|[of] p1a: Ms. Deeds\n|turn|1\n|\n|t:|1700750725\n|move|p1b: Susus Amogus|Rage Powder|p1b: Susus Amogus\n|-singleturn|p1b: Susus Amogus|move: Rage Powder\n|move|p2a: Grimmsnarl|Light Screen|p2a: Grimmsnarl\n|-sidestart|p2: hcff|move: Light Screen\n|move|p2b: Chien-Pao|Psychic Fangs|p1b: Susus Amogus\n|-supereffective|p1b: Susus Amogus\n|-damage|p1b: Susus Amogus|0 fnt\n|faint|p1b: Susus Amogus\n|move|p1a: Ms. Deeds|Trick Room|p1a: Ms. Deeds\n|-fieldstart|move: Trick Room|[of] p1a: Ms. Deeds\n|\n|upkeep\n|j| RandomSkillSwapp\n|\n|t:|1700750738\n|switch|p1b: Nova|Sylveon, F|100\/100\n|turn|2\n|inactive|hcff has 270 seconds left.\n|\n|t:|1700750779\n|switch|p2a: Regidrago|Regidrago|100\/100\n|-terastallize|p1b: Nova|Fairy\n|move|p1a: Ms. Deeds|Helping Hand|p1b: Nova\n|-singleturn|p1b: Nova|Helping Hand|[of] p1a: Ms. Deeds\n|move|p1b: Nova|Hyper Voice|p2b: Chien-Pao|[spread] p2a,p2b\n|-supereffective|p2a: Regidrago\n|-supereffective|p2b: Chien-Pao\n|-damage|p2a: Regidrago|0 fnt\n|-damage|p2b: Chien-Pao|0 fnt\n|faint|p2a: Regidrago\n|faint|p2b: Chien-Pao\n|\n|upkeep\n|c| RandomSkillSwapp|feels like y'all are playing two different formats\n|c|\u2606hcff|Yeah I'm only good at singles\n|c| RandomSkillSwapp|fourth playing vgc and hcff playing doubles ou\n|inactive|hcff has 240 seconds left.\n|c|\u2606hcff|Like how am I supposed to be dealing with trick room\n|c|\u2606Fourthmatch|this isnt fucking vgc.\n|\n|t:|1700750825\n|switch|p2a: Chi-Yu|Chi-Yu|100\/100\n|switch|p2b: Regieleki|Regieleki|100\/100\n|-ability|p2a: Chi-Yu|Beads of Ruin\n|turn|3\n|inactive|hcff has 240 seconds left.\n|c|\u2606Fourthmatch|what do you take of me?\n|c|\u2606hcff|Regieleki I am so sorry\n|c| RandomSkillSwapp|your team makes it look that way\n|c|\u2606hcff|Please forgive me\n|c| RandomSkillSwapp|indeedee, amoonguss and ursaluna\n|\n|t:|1700750854\n|-terastallize|p2a: Chi-Yu|Fire\n|move|p1a: Ms. Deeds|Helping Hand|p1b: Nova\n|-singleturn|p1b: Nova|Helping Hand|[of] p1a: Ms. Deeds\n|move|p1b: Nova|Hyper Voice|p2b: Regieleki|[spread] p2a,p2b\n|-resisted|p2a: Chi-Yu\n|-crit|p2b: Regieleki\n|-damage|p2a: Chi-Yu|53\/100\n|-damage|p2b: Regieleki|0 fnt\n|faint|p2b: Regieleki\n|move|p2a: Chi-Yu|Heat Wave|p1b: Nova|[spread] p1a,p1b\n|-crit|p1b: Nova\n|-damage|p1a: Ms. Deeds|53\/100\n|-damage|p1b: Nova|35\/100\n|\n|upkeep\n|c|\u2606hcff|The babey noooooo\n|inactive|hcff has 210 seconds left.\n|\n|t:|1700750873\n|switch|p2b: Grimmsnarl|Grimmsnarl, M|100\/100\n|turn|4\n|\n|t:|1700750882\n|move|p1a: Ms. Deeds|Helping Hand|p1b: Nova\n|-singleturn|p1b: Nova|Helping Hand|[of] p1a: Ms. Deeds\n|move|p2b: Grimmsnarl|Reflect|p2b: Grimmsnarl\n|-sidestart|p2: hcff|Reflect\n|move|p1b: Nova|Hyper Voice|p2b: Grimmsnarl|[spread] p2a,p2b\n|-resisted|p2a: Chi-Yu\n|-supereffective|p2b: Grimmsnarl\n|-damage|p2a: Chi-Yu|8\/100\n|-damage|p2b: Grimmsnarl|0 fnt\n|faint|p2b: Grimmsnarl\n|move|p2a: Chi-Yu|Heat Wave|p1a: Ms. Deeds|[spread] p1a,p1b\n|-damage|p1a: Ms. Deeds|7\/100\n|-damage|p1b: Nova|0 fnt\n|faint|p1b: Nova\n|\n|upkeep\n|\n|t:|1700750897\n|switch|p1b: Bayoneta|Hatterene, F|100\/100\n|switch|p2b: Murkrow|Murkrow, F|100\/100\n|turn|5\n|inactive|hcff has 270 seconds left.\n|\n|t:|1700750923\n|move|p1a: Ms. Deeds|Helping Hand|p1b: Bayoneta\n|-singleturn|p1b: Bayoneta|Helping Hand|[of] p1a: Ms. Deeds\n|move|p2b: Murkrow|Tailwind|p2b: Murkrow\n|-sidestart|p2: hcff|move: Tailwind\n|move|p1b: Bayoneta|Dazzling Gleam|p2a: Chi-Yu|[spread] p2a,p2b\n|-resisted|p2a: Chi-Yu\n|-supereffective|p2b: Murkrow\n|-damage|p2a: Chi-Yu|0 fnt\n|-damage|p2b: Murkrow|0 fnt\n|faint|p2a: Chi-Yu\n|faint|p2b: Murkrow\n|\n|win|Fourthmatch\n|c| RandomSkillSwapp|nice\n|c|\u2606hcff|Yeah I expected this result\n|c| RandomSkillSwapp|let's see singles now\n","uploadtime":1700750949,"views":13,"p1id":"fourthmatch","p2id":"hcff","formatid":"gen9doublesou","rating":0,"private":0,"password":""}