{"id":"gen9doublesou-1980007278","p1":"Use Guard Specs","p2":"hpl12345","format":"[Gen 9] Doubles OU","log":"|j|\u2606Use Guard Specs\n|j|\u2606hpl12345\n|inactive|Battle timer is ON: inactive players will automatically lose when time's up.\n|t:|1698745603\n|gametype|doubles\n|player|p1|Use Guard Specs|scientist-gen4dp|\n|player|p2|hpl12345|102|\n|teamsize|p1|2\n|teamsize|p2|2\n|gen|9\n|tier|[Gen 9] Doubles OU\n|rated|Tournament battle\n|rule|Species Clause: Limit one of each Pok\u00e9mon\n|rule|OHKO Clause: OHKO moves are banned\n|rule|Evasion Moves Clause: Evasion moves are banned\n|rule|Gravity Sleep Clause: The combination of sleep-inducing moves with imperfect accuracy and Gravity or Gigantamax Orbeetle are banned\n|rule|Endless Battle Clause: Forcing endless battles is banned\n|rule|HP Percentage Mod: HP is shown in percentages\n|clearpoke\n|poke|p1|Krokorok, F|\n|poke|p1|Gligar, F|\n|poke|p2|Murkrow, F|\n|poke|p2|Braixen, F|\n|teampreview\n|j|*Lady Monita \u263d\n|\n|t:|1698745614\n|start\n|switch|p1a: Krokorok|Krokorok, F|100\/100\n|switch|p1b: Gligar|Gligar, F|100\/100\n|switch|p2a: Murkrow|Murkrow, F|100\/100\n|switch|p2b: Braixen|Braixen, F|100\/100\n|-ability|p1a: Krokorok|Intimidate|boost\n|-unboost|p2a: Murkrow|atk|1\n|-unboost|p2b: Braixen|atk|1\n|turn|1\n|j| sjjjjjjj\n|\n|t:|1698745632\n|move|p2b: Braixen|Protect|p2b: Braixen\n|-singleturn|p2b: Braixen|Protect\n|move|p2a: Murkrow|Brave Bird|p1a: Krokorok\n|-damage|p1a: Krokorok|67\/100\n|-damage|p2a: Murkrow|89\/100|[from] Recoil\n|move|p1b: Gligar|Tailwind|p1b: Gligar\n|-sidestart|p1: Use Guard Specs|move: Tailwind\n|move|p1a: Krokorok|Earthquake|p2b: Braixen|[spread] \n|-activate|p2b: Braixen|move: Protect\n|-immune|p1b: Gligar\n|-immune|p2a: Murkrow\n|\n|upkeep\n|turn|2\n|c| sjjjjjjj|go brixen\n|\n|t:|1698745653\n|-terastallize|p2b: Braixen|Grass\n|move|p1b: Gligar|Toxic|p2a: Murkrow\n|-status|p2a: Murkrow|tox\n|move|p1a: Krokorok|Earthquake|p2b: Braixen|[spread] p2b\n|-immune|p1b: Gligar\n|-immune|p2a: Murkrow\n|-resisted|p2b: Braixen\n|-damage|p2b: Braixen|85\/100\n|move|p2a: Murkrow|Brave Bird|p1a: Krokorok\n|-damage|p1a: Krokorok|38\/100\n|-damage|p2a: Murkrow|80\/100 tox|[from] Recoil\n|move|p2b: Braixen|Grass Knot|p1a: Krokorok\n|-supereffective|p1a: Krokorok\n|-damage|p1a: Krokorok|0 fnt\n|faint|p1a: Krokorok\n|\n|-damage|p2a: Murkrow|73\/100 tox|[from] psn\n|upkeep\n|turn|3\n|\n|t:|1698745678\n|move|p2b: Braixen|Protect|p2b: Braixen\n|-singleturn|p2b: Braixen|Protect\n|move|p1b: Gligar|Toxic|p2b: Braixen\n|-activate|p2b: Braixen|move: Protect\n|move|p2a: Murkrow|Brave Bird|p1b: Gligar\n|-damage|p1b: Gligar|90\/100\n|-damage|p2a: Murkrow|70\/100 tox|[from] Recoil\n|\n|-damage|p2a: Murkrow|57\/100 tox|[from] psn\n|upkeep\n|turn|4\n|inactive|hpl12345 has 120 seconds left.\n|\n|t:|1698745714\n|move|p1b: Gligar|Toxic|p2b: Braixen\n|-status|p2b: Braixen|tox\n|move|p2a: Murkrow|Brave Bird|p1b: Gligar\n|-damage|p1b: Gligar|77\/100\n|-damage|p2a: Murkrow|53\/100 tox|[from] Recoil\n|move|p2b: Braixen|Psychic|p1b: Gligar\n|-damage|p1b: Gligar|51\/100\n|\n|-damage|p2a: Murkrow|34\/100 tox|[from] psn\n|-damage|p2b: Braixen|78\/100 tox|[from] psn\n|-sideend|p1: Use Guard Specs|move: Tailwind\n|upkeep\n|turn|5\n|\n|t:|1698745728\n|move|p1b: Gligar|Protect|p1b: Gligar\n|-singleturn|p1b: Gligar|Protect\n|move|p2a: Murkrow|Brave Bird|p1b: Gligar\n|-activate|p1b: Gligar|move: Protect\n|move|p2b: Braixen|Grass Knot|p1b: Gligar\n|-activate|p1b: Gligar|move: Protect\n|\n|-damage|p2a: Murkrow|10\/100 tox|[from] psn\n|-damage|p2b: Braixen|66\/100 tox|[from] psn\n|upkeep\n|turn|6\n|\n|t:|1698745741\n|move|p2a: Murkrow|Brave Bird|p1b: Gligar\n|-damage|p1b: Gligar|40\/100\n|-damage|p2a: Murkrow|6\/100 tox|[from] Recoil\n|move|p1b: Gligar|Knock Off|p2b: Braixen\n|-damage|p2b: Braixen|46\/100 tox\n|-enditem|p2b: Braixen|Eviolite|[from] move: Knock Off|[of] p1b: Gligar\n|move|p2b: Braixen|Grass Knot|p1b: Gligar\n|-damage|p1b: Gligar|5\/100\n|-item|p2b: Braixen|Eviolite|[from] ability: Magician|[of] p1b: Gligar\n|\n|-damage|p2a: Murkrow|0 fnt|[from] psn\n|faint|p2a: Murkrow\n|-damage|p2b: Braixen|28\/100 tox|[from] psn\n|upkeep\n|turn|7\n|\n|t:|1698745758\n|move|p1b: Gligar|Protect|p1b: Gligar\n|-singleturn|p1b: Gligar|Protect\n|move|p2b: Braixen|Psychic|p1b: Gligar\n|-activate|p1b: Gligar|move: Protect\n|\n|-damage|p2b: Braixen|3\/100 tox|[from] psn\n|upkeep\n|turn|8\n|c|\u2606hpl12345|gg\n|\n|t:|1698745769\n|move|p1b: Gligar|Knock Off|p2b: Braixen\n|-damage|p2b: Braixen|0 fnt\n|-enditem|p2b: Braixen|Eviolite|[from] move: Knock Off|[of] p1b: Gligar\n|faint|p2b: Braixen\n|\n|win|Use Guard Specs\n|n|\u2606Use Guard Specs|useguardspecs\n|n|\u2606hpl12345|hpl12345\n|n|*Lady Monita \u263d|ladymonita\n|n| sjjjjjjj|sjjjjjjj\n","uploadtime":1698745770,"views":22,"p1id":"useguardspecs","p2id":"hpl12345","formatid":"gen9doublesou","rating":0,"private":0,"password":""}