{"id":"gen9doublesou-1980639220","p1":"Deriverse","p2":"Kittyredheart","format":"[Gen 9] Doubles OU","log":"|j|\u2606Deriverse\n|j|\u2606Kittyredheart\n|t:|1698806376\n|gametype|doubles\n|player|p1|Deriverse|roxanne|1455\n|player|p2|Kittyredheart|elesa|1471\n|teamsize|p1|6\n|teamsize|p2|6\n|gen|9\n|tier|[Gen 9] Doubles OU\n|rated|\n|rule|Species Clause: Limit one of each Pok\u00e9mon\n|rule|OHKO Clause: OHKO moves are banned\n|rule|Evasion Moves Clause: Evasion moves are banned\n|rule|Gravity Sleep Clause: The combination of sleep-inducing moves with imperfect accuracy and Gravity or Gigantamax Orbeetle are banned\n|rule|Endless Battle Clause: Forcing endless battles is banned\n|rule|HP Percentage Mod: HP is shown in percentages\n|clearpoke\n|poke|p1|Iron Hands|\n|poke|p1|Amoonguss, F|\n|poke|p1|Iron Bundle|\n|poke|p1|Probopass, M|\n|poke|p1|Shaymin-Sky|\n|poke|p1|Gyarados, F|\n|poke|p2|Milotic, F|\n|poke|p2|Grimmsnarl, M|\n|poke|p2|Jirachi|\n|poke|p2|Espathra, M|\n|poke|p2|Landorus-Therian, M|\n|poke|p2|Chien-Pao|\n|teampreview\n|inactive|Battle timer is ON: inactive players will automatically lose when time's up. (requested by Kittyredheart)\n|l|\u2606Kittyredheart\n|inactive|Kittyredheart disconnected and has a minute to reconnect!\n|player|p2|\n|inactive|Deriverse has 120 seconds left.\n|j|\u2606Kittyredheart\n|inactive|Kittyredheart reconnected.\n|player|p2|Kittyredheart|elesa\n|\n|t:|1698806421\n|start\n|switch|p1a: Iron Hands|Iron Hands|100\/100\n|switch|p1b: Probopass|Probopass, M|100\/100\n|switch|p2a: Chicky Wicky|Grimmsnarl, M, shiny|100\/100\n|switch|p2b: Iron Fangs|Chien-Pao|100\/100\n|-ability|p2b: Iron Fangs|Sword of Ruin\n|-item|p1b: Probopass|Air Balloon\n|turn|1\n|l|\u2606Kittyredheart\n|inactive|Kittyredheart disconnected and has a minute to reconnect!\n|player|p2|\n|j|\u2606Kittyredheart\n|inactive|Kittyredheart reconnected and has 140 seconds left.\n|player|p2|Kittyredheart|elesa\n|inactive|Deriverse has 120 seconds left.\n|inactive|Kittyredheart has 120 seconds left.\n|l|\u2606Kittyredheart\n|inactive|Kittyredheart disconnected and has a minute to reconnect!\n|player|p2|\n|j|\u2606Kittyredheart\n|inactive|Kittyredheart reconnected.\n|player|p2|Kittyredheart|elesa\n|\n|t:|1698806478\n|switch|p2b: Cloud Terra|Landorus-Therian, M|100\/100\n|-ability|p2b: Cloud Terra|Intimidate|boost\n|-unboost|p1a: Iron Hands|atk|1\n|-unboost|p1b: Probopass|atk|1\n|move|p2a: Chicky Wicky|Fake Out|p1b: Probopass\n|-resisted|p1b: Probopass\n|-damage|p1b: Probopass|99\/100\n|-enditem|p1b: Probopass|Air Balloon\n|move|p1a: Iron Hands|Drain Punch|p2b: Cloud Terra\n|-resisted|p2b: Cloud Terra\n|-damage|p2b: Cloud Terra|83\/100\n|-enditem|p2b: Cloud Terra|Eject Button\n|inactive|Kittyredheart has 120 seconds left.\n|\n|t:|1698806494\n|switch|p2b: Iron Fangs|Chien-Pao|100\/100\n|-ability|p2b: Iron Fangs|Sword of Ruin\n|cant|p1b: Probopass|flinch\n|\n|upkeep\n|turn|2\n|inactive|Deriverse has 120 seconds left.\n|\n|t:|1698806502\n|-terastallize|p2b: Iron Fangs|Fairy\n|move|p2a: Chicky Wicky|Parting Shot|p1a: Iron Hands\n|-unboost|p1a: Iron Hands|atk|1\n|-unboost|p1a: Iron Hands|spa|1\n|\n|t:|1698806507\n|switch|p2a: Cloud Terra|Landorus-Therian, M|83\/100|[from] Parting Shot\n|-ability|p2a: Cloud Terra|Intimidate|boost\n|-unboost|p1a: Iron Hands|atk|1\n|-unboost|p1b: Probopass|atk|1\n|move|p2b: Iron Fangs|Sacred Sword|p1b: Probopass\n|-supereffective|p1b: Probopass\n|-damage|p1b: Probopass|0 fnt\n|faint|p1b: Probopass\n|move|p1a: Iron Hands|Swords Dance|p1a: Iron Hands\n|-boost|p1a: Iron Hands|atk|2\n|\n|upkeep\n|inactive|Deriverse has 120 seconds left.\n|\n|t:|1698806525\n|switch|p1b: Shaymin|Shaymin-Sky|100\/100\n|turn|3\n|\n|t:|1698806544\n|switch|p2b: Wig Snatcher|Espathra, M|100\/100\n|switch|p2a: Chicky Wicky|Grimmsnarl, M, shiny|100\/100\n|move|p1b: Shaymin|Protect|p1b: Shaymin\n|-singleturn|p1b: Shaymin|Protect\n|move|p1a: Iron Hands|Wild Charge|p2b: Wig Snatcher\n|-damage|p2b: Wig Snatcher|43\/100\n|-damage|p1a: Iron Hands|91\/100|[from] Recoil\n|\n|-heal|p1a: Iron Hands|97\/100|[from] item: Leftovers\n|upkeep\n|turn|4\n|\n|t:|1698806573\n|move|p2b: Wig Snatcher|Protect|p2b: Wig Snatcher\n|-singleturn|p2b: Wig Snatcher|Protect\n|move|p2a: Chicky Wicky|Trick|p1b: Shaymin\n|-activate|p2a: Chicky Wicky|move: Trick|[of] p1b: Shaymin\n|-item|p1b: Shaymin|Lagging Tail|[from] move: Trick\n|-item|p2a: Chicky Wicky|Quick Claw|[from] move: Trick\n|move|p1b: Shaymin|Substitute|p1b: Shaymin\n|-start|p1b: Shaymin|Substitute\n|-damage|p1b: Shaymin|76\/100\n|move|p1a: Iron Hands|Swords Dance|p1a: Iron Hands\n|-boost|p1a: Iron Hands|atk|2\n|\n|-heal|p1a: Iron Hands|100\/100|[from] item: Leftovers\n|-ability|p2b: Wig Snatcher|Speed Boost|boost\n|-boost|p2b: Wig Snatcher|spe|1\n|upkeep\n|turn|5\n|\n|t:|1698806595\n|move|p2a: Chicky Wicky|Parting Shot|p1a: Iron Hands\n|-unboost|p1a: Iron Hands|atk|1\n|-unboost|p1a: Iron Hands|spa|1\n|\n|t:|1698806598\n|switch|p2a: Cloud Terra|Landorus-Therian, M|83\/100|[from] Parting Shot\n|-ability|p2a: Cloud Terra|Intimidate|boost\n|-unboost|p1a: Iron Hands|atk|1\n|-immune|p1b: Shaymin\n|move|p2b: Wig Snatcher|Lumina Crash|p1a: Iron Hands\n|-supereffective|p1a: Iron Hands\n|-damage|p1a: Iron Hands|27\/100\n|-unboost|p1a: Iron Hands|spd|2\n|move|p1a: Iron Hands|Drain Punch|p2b: Wig Snatcher\n|-resisted|p2b: Wig Snatcher\n|-damage|p2b: Wig Snatcher|19\/100\n|-heal|p1a: Iron Hands|35\/100|[from] drain|[of] p2b: Wig Snatcher\n|move|p1b: Shaymin|Air Slash|p2b: Wig Snatcher\n|-damage|p2b: Wig Snatcher|0 fnt\n|faint|p2b: Wig Snatcher\n|\n|-heal|p1a: Iron Hands|41\/100|[from] item: Leftovers\n|upkeep\n|inactive|Kittyredheart has 120 seconds left.\n|\n|t:|1698806626\n|switch|p2b: Iron Wish|Jirachi|100\/100\n|turn|6\n|\n|t:|1698806632\n|switch|p2a: Chicky Wicky|Grimmsnarl, M, shiny|100\/100\n|-end|p1a: Iron Hands|Quark Drive|[silent]\n|switch|p1a: Gyarados|Gyarados, F|100\/100\n|-ability|p1a: Gyarados|Intimidate|boost\n|-unboost|p2a: Chicky Wicky|atk|1\n|-unboost|p2b: Iron Wish|atk|1\n|move|p2b: Iron Wish|Cosmic Power|p2b: Iron Wish\n|-boost|p2b: Iron Wish|def|1\n|-boost|p2b: Iron Wish|spd|1\n|move|p1b: Shaymin|Seed Flare|p2a: Chicky Wicky\n|-damage|p2a: Chicky Wicky|44\/100\n|-unboost|p2a: Chicky Wicky|spd|2\n|\n|upkeep\n|turn|7\n|\n|t:|1698806655\n|move|p2a: Chicky Wicky|Parting Shot|p1a: Gyarados\n|-unboost|p1a: Gyarados|atk|1\n|-unboost|p1a: Gyarados|spa|1\n|\n|t:|1698806658\n|switch|p2a: Cloud Terra|Landorus-Therian, M|83\/100|[from] Parting Shot\n|-ability|p2a: Cloud Terra|Intimidate|boost\n|-unboost|p1a: Gyarados|atk|1\n|-immune|p1b: Shaymin\n|move|p1a: Gyarados|Dragon Dance|p1a: Gyarados\n|-boost|p1a: Gyarados|atk|1\n|-boost|p1a: Gyarados|spe|1\n|move|p2b: Iron Wish|Cosmic Power|p2b: Iron Wish\n|-boost|p2b: Iron Wish|def|1\n|-boost|p2b: Iron Wish|spd|1\n|move|p1b: Shaymin|Air Slash|p2a: Cloud Terra\n|-damage|p2a: Cloud Terra|36\/100\n|\n|upkeep\n|turn|8\n|\n|t:|1698806678\n|switch|p2a: Chicky Wicky|Grimmsnarl, M, shiny|44\/100\n|move|p1a: Gyarados|Dragon Dance|p1a: Gyarados\n|-boost|p1a: Gyarados|atk|1\n|-boost|p1a: Gyarados|spe|1\n|move|p2b: Iron Wish|Fire Punch|p1a: Gyarados\n|-resisted|p1a: Gyarados\n|-damage|p1a: Gyarados|93\/100\n|-status|p1a: Gyarados|brn\n|-enditem|p1a: Gyarados|Lum Berry|[eat]\n|-curestatus|p1a: Gyarados|brn|[msg]\n|move|p1b: Shaymin|Seed Flare|p2b: Iron Wish\n|-resisted|p2b: Iron Wish\n|-damage|p2b: Iron Wish|91\/100\n|-unboost|p2b: Iron Wish|spd|2\n|\n|-heal|p2b: Iron Wish|97\/100|[from] item: Leftovers\n|upkeep\n|turn|9\n|\n|t:|1698806705\n|move|p1a: Gyarados|Protect|p1a: Gyarados\n|-singleturn|p1a: Gyarados|Protect\n|move|p2a: Chicky Wicky|Fake Out|p1a: Gyarados\n|-activate|p1a: Gyarados|move: Protect\n|move|p2b: Iron Wish|Cosmic Power|p2b: Iron Wish\n|-boost|p2b: Iron Wish|def|1\n|-boost|p2b: Iron Wish|spd|1\n|move|p1b: Shaymin|Seed Flare|p2b: Iron Wish\n|-resisted|p2b: Iron Wish\n|-damage|p2b: Iron Wish|83\/100\n|-unboost|p2b: Iron Wish|spd|2\n|\n|-heal|p2b: Iron Wish|89\/100|[from] item: Leftovers\n|upkeep\n|turn|10\n|-activate|p2a: Chicky Wicky|item: Quick Claw\n|\n|t:|1698806734\n|switch|p1a: Amoonguss|Amoonguss, F|100\/100\n|move|p2a: Chicky Wicky|Light Screen|p2a: Chicky Wicky\n|-sidestart|p2: Kittyredheart|move: Light Screen\n|move|p2b: Iron Wish|Cosmic Power|p2b: Iron Wish\n|-boost|p2b: Iron Wish|def|1\n|-boost|p2b: Iron Wish|spd|1\n|move|p1b: Shaymin|Air Slash|p2a: Chicky Wicky\n|-damage|p2a: Chicky Wicky|19\/100\n|\n|-heal|p2b: Iron Wish|95\/100|[from] item: Leftovers\n|upkeep\n|turn|11\n|\n|t:|1698806755\n|move|p2a: Chicky Wicky|Trick|p1a: Amoonguss\n|-activate|p2a: Chicky Wicky|move: Trick|[of] p1a: Amoonguss\n|-item|p1a: Amoonguss|Quick Claw|[from] move: Trick\n|-item|p2a: Chicky Wicky|Leftovers|[from] move: Trick\n|move|p2b: Iron Wish|Cosmic Power|p2b: Iron Wish\n|-boost|p2b: Iron Wish|def|1\n|-boost|p2b: Iron Wish|spd|1\n|move|p1a: Amoonguss|Spore|p2b: Iron Wish\n|-status|p2b: Iron Wish|slp|[from] move: Spore\n|move|p1b: Shaymin|Seed Flare|p2b: Iron Wish\n|-resisted|p2b: Iron Wish\n|-damage|p2b: Iron Wish|85\/100 slp\n|\n|-heal|p2b: Iron Wish|91\/100 slp|[from] item: Leftovers\n|-heal|p2a: Chicky Wicky|25\/100|[from] item: Leftovers\n|upkeep\n|turn|12\n|\n|t:|1698806780\n|move|p2a: Chicky Wicky|Parting Shot|p1a: Amoonguss\n|-unboost|p1a: Amoonguss|atk|1\n|-unboost|p1a: Amoonguss|spa|1\n|\n|t:|1698806786\n|switch|p2a: Iron Fangs|Chien-Pao, tera:Fairy|100\/100|[from] Parting Shot\n|-ability|p2a: Iron Fangs|Sword of Ruin\n|cant|p2b: Iron Wish|slp\n|move|p1a: Amoonguss|Pollen Puff|p2a: Iron Fangs\n|-resisted|p2a: Iron Fangs\n|-damage|p2a: Iron Fangs|95\/100\n|move|p1b: Shaymin|Seed Flare|p2b: Iron Wish\n|-resisted|p2b: Iron Wish\n|-damage|p2b: Iron Wish|81\/100 slp\n|-unboost|p2b: Iron Wish|spd|2\n|\n|-heal|p2b: Iron Wish|88\/100 slp|[from] item: Leftovers\n|upkeep\n|turn|13\n|\n|t:|1698806808\n|switch|p1a: Gyarados|Gyarados, F|93\/100\n|-ability|p1a: Gyarados|Intimidate|boost\n|-unboost|p2a: Iron Fangs|atk|1\n|-unboost|p2b: Iron Wish|atk|1\n|move|p2a: Iron Fangs|Ice Spinner|p1a: Gyarados\n|-damage|p1a: Gyarados|15\/100\n|-curestatus|p2b: Iron Wish|slp|[msg]\n|move|p2b: Iron Wish|Cosmic Power|p2b: Iron Wish\n|-boost|p2b: Iron Wish|def|1\n|-boost|p2b: Iron Wish|spd|1\n|move|p1b: Shaymin|Air Slash|p2b: Iron Wish\n|-resisted|p2b: Iron Wish\n|-damage|p2b: Iron Wish|79\/100\n|\n|-heal|p2b: Iron Wish|85\/100|[from] item: Leftovers\n|upkeep\n|turn|14\n|\n|t:|1698806830\n|move|p2a: Iron Fangs|Ice Spinner|p1b: Shaymin\n|-supereffective|p1b: Shaymin\n|-end|p1b: Shaymin|Substitute\n|move|p1a: Gyarados|Waterfall|p2a: Iron Fangs\n|-damage|p2a: Iron Fangs|39\/100\n|move|p2b: Iron Wish|Cosmic Power|p2b: Iron Wish\n|-boost|p2b: Iron Wish|def|0\n|-boost|p2b: Iron Wish|spd|1\n|move|p1b: Shaymin|Seed Flare|p2b: Iron Wish\n|-resisted|p2b: Iron Wish\n|-damage|p2b: Iron Wish|75\/100\n|-unboost|p2b: Iron Wish|spd|2\n|\n|-heal|p2b: Iron Wish|81\/100|[from] item: Leftovers\n|-sideend|p2: Kittyredheart|move: Light Screen\n|upkeep\n|turn|15\n|\n|t:|1698806854\n|switch|p2a: Cloud Terra|Landorus-Therian, M|36\/100\n|-ability|p2a: Cloud Terra|Intimidate|boost\n|-unboost|p1a: Gyarados|atk|1\n|-unboost|p1b: Shaymin|atk|1\n|move|p1b: Shaymin|Protect|p1b: Shaymin\n|-singleturn|p1b: Shaymin|Protect\n|move|p1a: Gyarados|Waterfall|p2a: Cloud Terra\n|-supereffective|p2a: Cloud Terra\n|-damage|p2a: Cloud Terra|0 fnt\n|faint|p2a: Cloud Terra\n|move|p2b: Iron Wish|Stored Power|p1b: Shaymin\n|-activate|p1b: Shaymin|move: Protect\n|\n|-heal|p2b: Iron Wish|88\/100|[from] item: Leftovers\n|upkeep\n|\n|t:|1698806866\n|switch|p2a: Iron Fangs|Chien-Pao, tera:Fairy|39\/100\n|-ability|p2a: Iron Fangs|Sword of Ruin\n|turn|16\n|\n|t:|1698806880\n|switch|p1b: Iron Hands|Iron Hands|41\/100\n|move|p2a: Iron Fangs|Ice Spinner|p1b: Iron Hands\n|-damage|p1b: Iron Hands|0 fnt\n|faint|p1b: Iron Hands\n|-end|p1b: Iron Hands|Quark Drive|[silent]\n|move|p1a: Gyarados|Waterfall|p2a: Iron Fangs\n|-crit|p2a: Iron Fangs\n|-damage|p2a: Iron Fangs|0 fnt\n|faint|p2a: Iron Fangs\n|move|p2b: Iron Wish|Cosmic Power|p2b: Iron Wish\n|-boost|p2b: Iron Wish|def|0\n|-boost|p2b: Iron Wish|spd|1\n|\n|-heal|p2b: Iron Wish|94\/100|[from] item: Leftovers\n|upkeep\n|\n|t:|1698806897\n|switch|p2a: Chicky Wicky|Grimmsnarl, M, shiny|25\/100\n|switch|p1b: Amoonguss|Amoonguss, F|100\/100\n|turn|17\n|\n|t:|1698806916\n|move|p2a: Chicky Wicky|Fake Out|p1b: Amoonguss\n|-damage|p1b: Amoonguss|91\/100\n|move|p1a: Gyarados|Dragon Dance|p1a: Gyarados\n|-boost|p1a: Gyarados|atk|1\n|-boost|p1a: Gyarados|spe|1\n|move|p2b: Iron Wish|Cosmic Power|p2b: Iron Wish\n|-boost|p2b: Iron Wish|def|0\n|-boost|p2b: Iron Wish|spd|1\n|cant|p1b: Amoonguss|flinch\n|\n|-heal|p2b: Iron Wish|99\/100|[from] item: Leftovers\n|-heal|p2a: Chicky Wicky|32\/100|[from] item: Leftovers\n|upkeep\n|turn|18\n|\n|t:|1698806942\n|-terastallize|p1b: Amoonguss|Steel\n|move|p2a: Chicky Wicky|Parting Shot|p1a: Gyarados\n|-unboost|p1a: Gyarados|atk|1\n|-unboost|p1a: Gyarados|spa|1\n|\n|t:|1698806946\n|switch|p2a: Majestic Aqua|Milotic, F|100\/100|[from] Parting Shot\n|move|p1a: Gyarados|Waterfall|p2b: Iron Wish\n|-damage|p2b: Iron Wish|93\/100\n|move|p2b: Iron Wish|Stored Power|p1a: Gyarados\n|-damage|p1a: Gyarados|0 fnt\n|faint|p1a: Gyarados\n|move|p1b: Amoonguss|Spore|p2b: Iron Wish\n|-status|p2b: Iron Wish|slp|[from] move: Spore\n|\n|-heal|p2b: Iron Wish|99\/100 slp|[from] item: Leftovers\n|upkeep\n|\n|t:|1698806964\n|switch|p1a: Shaymin|Shaymin-Sky|76\/100\n|turn|19\n|\n|t:|1698806979\n|cant|p2b: Iron Wish|slp\n|move|p2a: Majestic Aqua|Hypnosis|p1a: Shaymin\n|-status|p1a: Shaymin|slp|[from] move: Hypnosis\n|move|p1b: Amoonguss|Pollen Puff|p1a: Shaymin\n|-heal|p1a: Shaymin|100\/100 slp\n|cant|p1a: Shaymin|slp\n|\n|-heal|p2b: Iron Wish|100\/100 slp|[from] item: Leftovers\n|upkeep\n|turn|20\n|\n|t:|1698806995\n|-curestatus|p2b: Iron Wish|slp|[msg]\n|move|p2b: Iron Wish|Cosmic Power|p2b: Iron Wish\n|-boost|p2b: Iron Wish|def|0\n|-boost|p2b: Iron Wish|spd|1\n|move|p2a: Majestic Aqua|Coil|p2a: Majestic Aqua\n|-boost|p2a: Majestic Aqua|atk|1\n|-boost|p2a: Majestic Aqua|def|1\n|-boost|p2a: Majestic Aqua|accuracy|1\n|move|p1b: Amoonguss|Spore|p2a: Majestic Aqua\n|-status|p2a: Majestic Aqua|slp|[from] move: Spore\n|-enditem|p2a: Majestic Aqua|Chesto Berry|[eat]\n|-curestatus|p2a: Majestic Aqua|slp|[msg]\n|cant|p1a: Shaymin|slp\n|\n|upkeep\n|turn|21\n|\n|t:|1698807019\n|-curestatus|p1a: Shaymin|slp|[msg]\n|move|p1a: Shaymin|Protect|p1a: Shaymin\n|-singleturn|p1a: Shaymin|Protect\n|move|p2b: Iron Wish|Stored Power|p1a: Shaymin\n|-activate|p1a: Shaymin|move: Protect\n|move|p2a: Majestic Aqua|Hypnosis|p1b: Amoonguss\n|-status|p1b: Amoonguss|slp|[from] move: Hypnosis\n|cant|p1b: Amoonguss|slp\n|\n|upkeep\n|turn|22\n|\n|t:|1698807035\n|move|p2b: Iron Wish|Cosmic Power|p2b: Iron Wish\n|-boost|p2b: Iron Wish|def|0\n|-boost|p2b: Iron Wish|spd|1\n|move|p2a: Majestic Aqua|Hypnosis|p1a: Shaymin\n|-status|p1a: Shaymin|slp|[from] move: Hypnosis\n|-curestatus|p1b: Amoonguss|slp|[msg]\n|move|p1b: Amoonguss|Spore|p2a: Majestic Aqua\n|-status|p2a: Majestic Aqua|slp|[from] move: Spore\n|cant|p1a: Shaymin|slp\n|\n|upkeep\n|turn|23\n|\n|t:|1698807053\n|move|p2b: Iron Wish|Stored Power|p1a: Shaymin\n|-damage|p1a: Shaymin|9\/100 slp\n|cant|p2a: Majestic Aqua|slp\n|move|p1b: Amoonguss|Spore|p2b: Iron Wish\n|-status|p2b: Iron Wish|slp|[from] move: Spore\n|cant|p1a: Shaymin|slp\n|\n|upkeep\n|turn|24\n|\n|t:|1698807068\n|cant|p2b: Iron Wish|slp\n|cant|p2a: Majestic Aqua|slp\n|move|p1b: Amoonguss|Energy Ball|p2a: Majestic Aqua\n|-supereffective|p2a: Majestic Aqua\n|-damage|p2a: Majestic Aqua|68\/100 slp\n|-curestatus|p1a: Shaymin|slp|[msg]\n|move|p1a: Shaymin|Seed Flare|p2a: Majestic Aqua|[miss]\n|-miss|p1a: Shaymin|p2a: Majestic Aqua\n|\n|upkeep\n|turn|25\n|-activate|p1b: Amoonguss|item: Quick Claw\n|\n|t:|1698807090\n|move|p1b: Amoonguss|Pollen Puff|p1a: Shaymin\n|-heal|p1a: Shaymin|59\/100\n|cant|p2b: Iron Wish|slp\n|-curestatus|p2a: Majestic Aqua|slp|[msg]\n|move|p2a: Majestic Aqua|Hypnosis|p1b: Amoonguss|[miss]\n|-miss|p2a: Majestic Aqua|p1b: Amoonguss\n|move|p1a: Shaymin|Seed Flare|p2a: Majestic Aqua\n|-supereffective|p2a: Majestic Aqua\n|-damage|p2a: Majestic Aqua|0 fnt\n|faint|p2a: Majestic Aqua\n|\n|upkeep\n|\n|t:|1698807103\n|switch|p2a: Chicky Wicky|Grimmsnarl, M, shiny|32\/100\n|turn|26\n|\n|t:|1698807122\n|move|p1a: Shaymin|Protect|p1a: Shaymin\n|-singleturn|p1a: Shaymin|Protect\n|move|p2a: Chicky Wicky|Fake Out|p1b: Amoonguss\n|-resisted|p1b: Amoonguss\n|-damage|p1b: Amoonguss|86\/100\n|-curestatus|p2b: Iron Wish|slp|[msg]\n|move|p2b: Iron Wish|Stored Power|p1a: Shaymin\n|-activate|p1a: Shaymin|move: Protect\n|cant|p1b: Amoonguss|flinch\n|\n|-heal|p2a: Chicky Wicky|38\/100|[from] item: Leftovers\n|upkeep\n|turn|27\n|\n|t:|1698807140\n|move|p1b: Amoonguss|Rage Powder|p1b: Amoonguss\n|-singleturn|p1b: Amoonguss|move: Rage Powder\n|move|p2a: Chicky Wicky|Parting Shot|p1b: Amoonguss\n|-unboost|p1b: Amoonguss|atk|1\n|-unboost|p1b: Amoonguss|spa|1\n|move|p2b: Iron Wish|Stored Power|p1b: Amoonguss\n|-resisted|p1b: Amoonguss\n|-damage|p1b: Amoonguss|60\/100\n|move|p1a: Shaymin|Air Slash|p2a: Chicky Wicky\n|-damage|p2a: Chicky Wicky|3\/100\n|\n|-heal|p2a: Chicky Wicky|9\/100|[from] item: Leftovers\n|upkeep\n|turn|28\n|-activate|p1b: Amoonguss|item: Quick Claw\n|\n|t:|1698807161\n|move|p1b: Amoonguss|Rage Powder|p1b: Amoonguss\n|-singleturn|p1b: Amoonguss|move: Rage Powder\n|move|p2a: Chicky Wicky|Light Screen|p2a: Chicky Wicky\n|-sidestart|p2: Kittyredheart|move: Light Screen\n|move|p2b: Iron Wish|Cosmic Power|p2b: Iron Wish\n|-boost|p2b: Iron Wish|def|0\n|-boost|p2b: Iron Wish|spd|1\n|move|p1a: Shaymin|Air Slash|p2a: Chicky Wicky\n|-damage|p2a: Chicky Wicky|0 fnt\n|faint|p2a: Chicky Wicky\n|\n|upkeep\n|turn|29\n|-activate|p1b: Amoonguss|item: Quick Claw\n|\n|t:|1698807184\n|move|p1a: Shaymin|Protect|p1a: Shaymin\n|-singleturn|p1a: Shaymin|Protect\n|move|p1b: Amoonguss|Spore|p2b: Iron Wish\n|-status|p2b: Iron Wish|slp|[from] move: Spore\n|cant|p2b: Iron Wish|slp\n|\n|upkeep\n|turn|30\n|\n|t:|1698807200\n|cant|p2b: Iron Wish|slp\n|move|p1b: Amoonguss|Pollen Puff|p1a: Shaymin\n|-heal|p1a: Shaymin|100\/100\n|move|p1a: Shaymin|Air Slash|p2b: Iron Wish\n|-resisted|p2b: Iron Wish\n|-damage|p2b: Iron Wish|98\/100 slp\n|\n|-heal|p2b: Iron Wish|100\/100 slp|[from] item: Leftovers\n|upkeep\n|turn|31\n|\n|t:|1698807229\n|switch|p1a: Iron Bundle|Iron Bundle|100\/100\n|move|p1b: Amoonguss|Rage Powder|p1b: Amoonguss\n|-singleturn|p1b: Amoonguss|move: Rage Powder\n|cant|p2b: Iron Wish|slp\n|\n|upkeep\n|turn|32\n|inactive|Deriverse has 120 seconds left.\n|\n|t:|1698807267\n|move|p1b: Amoonguss|Rage Powder|p1b: Amoonguss\n|-singleturn|p1b: Amoonguss|move: Rage Powder\n|move|p1a: Iron Bundle|Encore|p2b: Iron Wish\n|-start|p2b: Iron Wish|Encore\n|-curestatus|p2b: Iron Wish|slp|[msg]\n|move|p2b: Iron Wish|Cosmic Power|p2b: Iron Wish\n|-boost|p2b: Iron Wish|def|0\n|-boost|p2b: Iron Wish|spd|1\n|\n|-sideend|p2: Kittyredheart|move: Light Screen\n|upkeep\n|turn|33\n|inactive|Deriverse has 120 seconds left.\n|\n|t:|1698807288\n|switch|p1b: Shaymin|Shaymin-Sky|100\/100\n|move|p1a: Iron Bundle|Freeze-Dry|p2b: Iron Wish\n|-resisted|p2b: Iron Wish\n|-damage|p2b: Iron Wish|97\/100\n|move|p2b: Iron Wish|Cosmic Power|p2b: Iron Wish\n|-boost|p2b: Iron Wish|def|0\n|-boost|p2b: Iron Wish|spd|1\n|\n|-heal|p2b: Iron Wish|100\/100|[from] item: Leftovers\n|upkeep\n|turn|34\n|\n|t:|1698807299\n|switch|p1b: Amoonguss|Amoonguss, F, tera:Steel|93\/100\n|move|p1a: Iron Bundle|Freeze-Dry|p2b: Iron Wish\n|-resisted|p2b: Iron Wish\n|-damage|p2b: Iron Wish|97\/100\n|move|p2b: Iron Wish|Cosmic Power|p2b: Iron Wish\n|-boost|p2b: Iron Wish|def|0\n|-boost|p2b: Iron Wish|spd|0\n|\n|-heal|p2b: Iron Wish|100\/100|[from] item: Leftovers\n|-end|p2b: Iron Wish|Encore\n|upkeep\n|turn|35\n|inactive|Deriverse has 120 seconds left.\n|\n|t:|1698807348\n|move|p1a: Iron Bundle|Encore|p2b: Iron Wish\n|-start|p2b: Iron Wish|Encore\n|move|p2b: Iron Wish|Cosmic Power|p2b: Iron Wish\n|-boost|p2b: Iron Wish|def|0\n|-boost|p2b: Iron Wish|spd|0\n|move|p1b: Amoonguss|Energy Ball|p2b: Iron Wish\n|-resisted|p2b: Iron Wish\n|-damage|p2b: Iron Wish|98\/100\n|\n|-heal|p2b: Iron Wish|100\/100|[from] item: Leftovers\n|upkeep\n|turn|36\n|inactive|Deriverse has 120 seconds left.\n|\n|t:|1698807361\n|move|p1a: Iron Bundle|Freeze-Dry|p2b: Iron Wish\n|-resisted|p2b: Iron Wish\n|-damage|p2b: Iron Wish|97\/100\n|move|p2b: Iron Wish|Cosmic Power|p2b: Iron Wish\n|-boost|p2b: Iron Wish|def|0\n|-boost|p2b: Iron Wish|spd|0\n|move|p1b: Amoonguss|Energy Ball|p2b: Iron Wish\n|-resisted|p2b: Iron Wish\n|-damage|p2b: Iron Wish|94\/100\n|\n|-heal|p2b: Iron Wish|100\/100|[from] item: Leftovers\n|upkeep\n|turn|37\n|\n|t:|1698807370\n|move|p1a: Iron Bundle|Freeze-Dry|p2b: Iron Wish\n|-resisted|p2b: Iron Wish\n|-crit|p2b: Iron Wish\n|-damage|p2b: Iron Wish|81\/100\n|move|p2b: Iron Wish|Cosmic Power|p2b: Iron Wish\n|-boost|p2b: Iron Wish|def|0\n|-boost|p2b: Iron Wish|spd|0\n|move|p1b: Amoonguss|Pollen Puff|p2b: Iron Wish\n|-crit|p2b: Iron Wish\n|-damage|p2b: Iron Wish|61\/100\n|\n|-heal|p2b: Iron Wish|68\/100|[from] item: Leftovers\n|-end|p2b: Iron Wish|Encore\n|upkeep\n|turn|38\n|-activate|p1b: Amoonguss|item: Quick Claw\n|\n|t:|1698807385\n|move|p1b: Amoonguss|Pollen Puff|p2b: Iron Wish\n|-damage|p2b: Iron Wish|64\/100\n|move|p1a: Iron Bundle|Encore|p2b: Iron Wish\n|-start|p2b: Iron Wish|Encore\n|move|p2b: Iron Wish|Cosmic Power|p2b: Iron Wish\n|-boost|p2b: Iron Wish|def|0\n|-boost|p2b: Iron Wish|spd|0\n|\n|-heal|p2b: Iron Wish|70\/100|[from] item: Leftovers\n|upkeep\n|turn|39\n|\n|t:|1698807396\n|move|p1a: Iron Bundle|Freeze-Dry|p2b: Iron Wish\n|-resisted|p2b: Iron Wish\n|-damage|p2b: Iron Wish|67\/100\n|-status|p2b: Iron Wish|frz\n|cant|p2b: Iron Wish|frz\n|move|p1b: Amoonguss|Pollen Puff|p2b: Iron Wish\n|-damage|p2b: Iron Wish|63\/100 frz\n|\n|-heal|p2b: Iron Wish|69\/100 frz|[from] item: Leftovers\n|upkeep\n|turn|40\n|\n|t:|1698807410\n|move|p1a: Iron Bundle|Hydro Pump|p2b: Iron Wish\n|-damage|p2b: Iron Wish|59\/100 frz\n|cant|p2b: Iron Wish|frz\n|move|p1b: Amoonguss|Pollen Puff|p2b: Iron Wish\n|-damage|p2b: Iron Wish|56\/100 frz\n|\n|-heal|p2b: Iron Wish|62\/100 frz|[from] item: Leftovers\n|-end|p2b: Iron Wish|Encore\n|upkeep\n|turn|41\n|\n|t:|1698807428\n|move|p1a: Iron Bundle|Encore|p2b: Iron Wish\n|-start|p2b: Iron Wish|Encore\n|cant|p2b: Iron Wish|frz\n|move|p1b: Amoonguss|Pollen Puff|p2b: Iron Wish\n|-damage|p2b: Iron Wish|58\/100 frz\n|\n|-heal|p2b: Iron Wish|64\/100 frz|[from] item: Leftovers\n|upkeep\n|turn|42\n|-activate|p1b: Amoonguss|item: Quick Claw\n|\n|t:|1698807440\n|move|p1b: Amoonguss|Pollen Puff|p2b: Iron Wish\n|-damage|p2b: Iron Wish|61\/100 frz\n|move|p1a: Iron Bundle|Hydro Pump|p2b: Iron Wish|[miss]\n|-miss|p1a: Iron Bundle|p2b: Iron Wish\n|-curestatus|p2b: Iron Wish|frz|[msg]\n|move|p2b: Iron Wish|Cosmic Power|p2b: Iron Wish\n|-boost|p2b: Iron Wish|def|0\n|-boost|p2b: Iron Wish|spd|0\n|\n|-heal|p2b: Iron Wish|67\/100|[from] item: Leftovers\n|upkeep\n|turn|43\n|\n|t:|1698807457\n|move|p1a: Iron Bundle|Freeze-Dry|p2b: Iron Wish\n|-resisted|p2b: Iron Wish\n|-damage|p2b: Iron Wish|64\/100\n|move|p2b: Iron Wish|Cosmic Power|p2b: Iron Wish\n|-boost|p2b: Iron Wish|def|0\n|-boost|p2b: Iron Wish|spd|0\n|move|p1b: Amoonguss|Pollen Puff|p2b: Iron Wish\n|-damage|p2b: Iron Wish|60\/100\n|\n|-heal|p2b: Iron Wish|66\/100|[from] item: Leftovers\n|-end|p2b: Iron Wish|Encore\n|upkeep\n|turn|44\n|\n|t:|1698807477\n|switch|p1b: Shaymin|Shaymin-Sky|100\/100\n|move|p1a: Iron Bundle|Encore|p2b: Iron Wish\n|-start|p2b: Iron Wish|Encore\n|move|p2b: Iron Wish|Cosmic Power|p2b: Iron Wish\n|-boost|p2b: Iron Wish|def|0\n|-boost|p2b: Iron Wish|spd|0\n|\n|-heal|p2b: Iron Wish|72\/100|[from] item: Leftovers\n|upkeep\n|turn|45\n|\n|t:|1698807488\n|move|p1a: Iron Bundle|Freeze-Dry|p2b: Iron Wish\n|-resisted|p2b: Iron Wish\n|-crit|p2b: Iron Wish\n|-damage|p2b: Iron Wish|53\/100\n|move|p2b: Iron Wish|Cosmic Power|p2b: Iron Wish\n|-boost|p2b: Iron Wish|def|0\n|-boost|p2b: Iron Wish|spd|0\n|move|p1b: Shaymin|Air Slash|p2b: Iron Wish\n|-resisted|p2b: Iron Wish\n|-damage|p2b: Iron Wish|50\/100\n|\n|-heal|p2b: Iron Wish|56\/100|[from] item: Leftovers\n|upkeep\n|turn|46\n|\n|t:|1698807502\n|move|p1a: Iron Bundle|Freeze-Dry|p2b: Iron Wish\n|-resisted|p2b: Iron Wish\n|-damage|p2b: Iron Wish|52\/100\n|move|p2b: Iron Wish|Cosmic Power|p2b: Iron Wish\n|-boost|p2b: Iron Wish|def|0\n|-boost|p2b: Iron Wish|spd|0\n|move|p1b: Shaymin|Air Slash|p2b: Iron Wish|[miss]\n|-miss|p1b: Shaymin|p2b: Iron Wish\n|\n|-heal|p2b: Iron Wish|59\/100|[from] item: Leftovers\n|-end|p2b: Iron Wish|Encore\n|upkeep\n|turn|47\n|\n|t:|1698807516\n|move|p1a: Iron Bundle|Encore|p2b: Iron Wish\n|-start|p2b: Iron Wish|Encore\n|move|p2b: Iron Wish|Cosmic Power|p2b: Iron Wish\n|-boost|p2b: Iron Wish|def|0\n|-boost|p2b: Iron Wish|spd|0\n|move|p1b: Shaymin|Air Slash|p2b: Iron Wish\n|-resisted|p2b: Iron Wish\n|-damage|p2b: Iron Wish|55\/100\n|\n|-heal|p2b: Iron Wish|61\/100|[from] item: Leftovers\n|upkeep\n|turn|48\n|\n|t:|1698807535\n|move|p1a: Iron Bundle|Hydro Pump|p2b: Iron Wish\n|-damage|p2b: Iron Wish|51\/100\n|move|p2b: Iron Wish|Cosmic Power|p2b: Iron Wish\n|-boost|p2b: Iron Wish|def|0\n|-boost|p2b: Iron Wish|spd|0\n|move|p1b: Shaymin|Air Slash|p2b: Iron Wish\n|-resisted|p2b: Iron Wish\n|-damage|p2b: Iron Wish|47\/100\n|\n|-heal|p2b: Iron Wish|53\/100|[from] item: Leftovers\n|upkeep\n|turn|49\n|\n|t:|1698807551\n|move|p1a: Iron Bundle|Hydro Pump|p2b: Iron Wish\n|-damage|p2b: Iron Wish|43\/100\n|move|p2b: Iron Wish|Cosmic Power|p2b: Iron Wish\n|-boost|p2b: Iron Wish|def|0\n|-boost|p2b: Iron Wish|spd|0\n|move|p1b: Shaymin|Air Slash|p2b: Iron Wish\n|-resisted|p2b: Iron Wish\n|-damage|p2b: Iron Wish|39\/100\n|\n|-heal|p2b: Iron Wish|45\/100|[from] item: Leftovers\n|-end|p2b: Iron Wish|Encore\n|upkeep\n|turn|50\n|\n|t:|1698807566\n|switch|p1b: Amoonguss|Amoonguss, F, tera:Steel|100\/100\n|move|p1a: Iron Bundle|Encore|p2b: Iron Wish\n|-start|p2b: Iron Wish|Encore\n|move|p2b: Iron Wish|Cosmic Power|p2b: Iron Wish\n|-boost|p2b: Iron Wish|def|0\n|-boost|p2b: Iron Wish|spd|0\n|\n|-heal|p2b: Iron Wish|51\/100|[from] item: Leftovers\n|upkeep\n|turn|51\n|-activate|p1b: Amoonguss|item: Quick Claw\n|\n|t:|1698807578\n|move|p1b: Amoonguss|Pollen Puff|p2b: Iron Wish\n|-damage|p2b: Iron Wish|48\/100\n|move|p1a: Iron Bundle|Freeze-Dry|p2b: Iron Wish\n|-resisted|p2b: Iron Wish\n|-damage|p2b: Iron Wish|45\/100\n|move|p2b: Iron Wish|Cosmic Power|p2b: Iron Wish\n|-boost|p2b: Iron Wish|def|0\n|-boost|p2b: Iron Wish|spd|0\n|\n|-heal|p2b: Iron Wish|51\/100|[from] item: Leftovers\n|upkeep\n|turn|52\n|\n|t:|1698807595\n|move|p1a: Iron Bundle|Hydro Pump|p2b: Iron Wish\n|-damage|p2b: Iron Wish|40\/100\n|move|p2b: Iron Wish|Cosmic Power|p2b: Iron Wish\n|-boost|p2b: Iron Wish|def|0\n|-boost|p2b: Iron Wish|spd|0\n|move|p1b: Amoonguss|Pollen Puff|p2b: Iron Wish\n|-damage|p2b: Iron Wish|37\/100\n|\n|-heal|p2b: Iron Wish|43\/100|[from] item: Leftovers\n|-end|p2b: Iron Wish|Encore\n|upkeep\n|turn|53\n|\n|t:|1698807613\n|move|p1a: Iron Bundle|Encore|p2b: Iron Wish\n|-start|p2b: Iron Wish|Encore\n|move|p2b: Iron Wish|Cosmic Power|p2b: Iron Wish\n|-boost|p2b: Iron Wish|def|0\n|-boost|p2b: Iron Wish|spd|0\n|move|p1b: Amoonguss|Pollen Puff|p2b: Iron Wish\n|-damage|p2b: Iron Wish|40\/100\n|\n|-heal|p2b: Iron Wish|46\/100|[from] item: Leftovers\n|upkeep\n|turn|54\n|\n|t:|1698807634\n|move|p1a: Iron Bundle|Hydro Pump|p2b: Iron Wish\n|-crit|p2b: Iron Wish\n|-damage|p2b: Iron Wish|0 fnt\n|faint|p2b: Iron Wish\n|\n|win|Deriverse\n|raw|Deriverse's rating: 1455 &rarr; <strong>1476<\/strong><br \/>(+21 for winning)\n|raw|Kittyredheart's rating: 1471 &rarr; <strong>1450<\/strong><br \/>(-21 for losing)\n|l|\u2606Kittyredheart\n","uploadtime":1698807645,"views":18,"p1id":"deriverse","p2id":"kittyredheart","formatid":"gen9doublesou","rating":1450,"private":0,"password":""}