{"id":"gen9doublesou-1983279270","p1":"Omarnyte","p2":"Leblades123","format":"[Gen 9] Doubles OU","log":"|j|\u2606Omarnyte\n|j|\u2606Leblades123\n|t:|1699113550\n|gametype|doubles\n|player|p1|Omarnyte|102|1222\n|player|p2|Leblades123|hiker-gen4|1220\n|teamsize|p1|6\n|teamsize|p2|6\n|gen|9\n|tier|[Gen 9] Doubles OU\n|rated|\n|rule|Species Clause: Limit one of each Pok\u00e9mon\n|rule|OHKO Clause: OHKO moves are banned\n|rule|Evasion Moves Clause: Evasion moves are banned\n|rule|Gravity Sleep Clause: The combination of sleep-inducing moves with imperfect accuracy and Gravity or Gigantamax Orbeetle are banned\n|rule|Endless Battle Clause: Forcing endless battles is banned\n|rule|HP Percentage Mod: HP is shown in percentages\n|clearpoke\n|poke|p1|Tyranitar, M|\n|poke|p1|Palossand, M|\n|poke|p1|Sandy Shocks|\n|poke|p1|Cacturne, M|\n|poke|p1|Clodsire, M|\n|poke|p1|Orthworm, F|\n|poke|p2|Empoleon, F|\n|poke|p2|Dragonite, F|\n|poke|p2|Weezing-Galar, F|\n|poke|p2|Kleavor, M|\n|poke|p2|Typhlosion-Hisui, M|\n|poke|p2|Rillaboom, M|\n|teampreview\n|\n|t:|1699113575\n|start\n|switch|p1a: Orthworm|Orthworm, F, shiny|100\/100\n|switch|p1b: Palossand|Palossand, M, shiny|100\/100\n|switch|p2a: Typhlosion|Typhlosion-Hisui, M|100\/100\n|switch|p2b: Rillaboom|Rillaboom, M|100\/100\n|-fieldstart|move: Grassy Terrain|[from] ability: Grassy Surge|[of] p2b: Rillaboom\n|-enditem|p2b: Rillaboom|Grassy Seed\n|-boost|p2b: Rillaboom|def|1|[from] item: Grassy Seed\n|turn|1\n|inactive|Battle timer is ON: inactive players will automatically lose when time's up. (requested by Leblades123)\n|\n|t:|1699113595\n|switch|p1b: Tyranitar|Tyranitar, M|100\/100\n|-weather|Sandstorm|[from] ability: Sand Stream|[of] p1b: Tyranitar\n|-terastallize|p2a: Typhlosion|Fairy\n|move|p2b: Rillaboom|Fake Out|p1a: Orthworm\n|-resisted|p1a: Orthworm\n|-damage|p1a: Orthworm|96\/100\n|move|p2a: Typhlosion|Will-O-Wisp|p1b: Tyranitar\n|-status|p1b: Tyranitar|brn\n|cant|p1a: Orthworm|flinch\n|\n|-weather|Sandstorm|[upkeep]\n|-damage|p2a: Typhlosion|95\/100|[from] Sandstorm\n|-damage|p2b: Rillaboom|94\/100|[from] Sandstorm\n|-heal|p2a: Typhlosion|100\/100|[from] Grassy Terrain\n|-heal|p2b: Rillaboom|100\/100|[from] Grassy Terrain\n|-heal|p1a: Orthworm|100\/100|[from] Grassy Terrain\n|-damage|p1b: Tyranitar|94\/100 brn|[from] brn\n|upkeep\n|turn|2\n|\n|t:|1699113623\n|move|p2a: Typhlosion|Tera Blast|p1b: Tyranitar|[anim] Tera Blast Fairy\n|-supereffective|p1b: Tyranitar\n|-damage|p1b: Tyranitar|46\/100 brn\n|-enditem|p1b: Tyranitar|Eject Button\n|-damage|p2a: Typhlosion|91\/100|[from] item: Life Orb\n|inactive|Omarnyte has 120 seconds left.\n|\n|t:|1699113644\n|switch|p1b: Clodsire|Clodsire, M, shiny|100\/100\n|move|p2b: Rillaboom|Drum Beating|p1a: Orthworm\n|-resisted|p1a: Orthworm\n|-damage|p1a: Orthworm|85\/100\n|-unboost|p1a: Orthworm|spe|1\n|move|p1a: Orthworm|Iron Tail|p2a: Typhlosion\n|-supereffective|p2a: Typhlosion\n|-damage|p2a: Typhlosion|11\/100\n|\n|-weather|Sandstorm|[upkeep]\n|-damage|p2a: Typhlosion|5\/100|[from] Sandstorm\n|-damage|p2b: Rillaboom|94\/100|[from] Sandstorm\n|-heal|p2a: Typhlosion|11\/100|[from] Grassy Terrain\n|-heal|p2b: Rillaboom|100\/100|[from] Grassy Terrain\n|-heal|p1a: Orthworm|91\/100|[from] Grassy Terrain\n|-heal|p1a: Orthworm|98\/100|[from] item: Leftovers\n|upkeep\n|turn|3\n|inactive|Leblades123 has 120 seconds left.\n|\n|t:|1699113682\n|switch|p2a: Empoleon|Empoleon, F|100\/100\n|switch|p1a: Tyranitar|Tyranitar, M|46\/100 brn\n|move|p2b: Rillaboom|High Horsepower|p1b: Clodsire\n|-supereffective|p1b: Clodsire\n|-damage|p1b: Clodsire|20\/100\n|move|p1b: Clodsire|Curse|p1b: Clodsire\n|-unboost|p1b: Clodsire|spe|1\n|-boost|p1b: Clodsire|atk|1\n|-boost|p1b: Clodsire|def|1\n|\n|-weather|Sandstorm|[upkeep]\n|-damage|p2b: Rillaboom|94\/100|[from] Sandstorm\n|-heal|p2b: Rillaboom|100\/100|[from] Grassy Terrain\n|-heal|p1a: Tyranitar|52\/100 brn|[from] Grassy Terrain\n|-heal|p1b: Clodsire|26\/100|[from] Grassy Terrain\n|-heal|p1b: Clodsire|32\/100|[from] item: Leftovers\n|-damage|p1a: Tyranitar|46\/100 brn|[from] brn\n|upkeep\n|turn|4\n|inactive|Leblades123 has 120 seconds left.\n|inactive|Omarnyte has 120 seconds left.\n|inactive|Omarnyte has 90 seconds left.\n|\n|t:|1699113772\n|move|p2b: Rillaboom|High Horsepower|p1b: Clodsire\n|-supereffective|p1b: Clodsire\n|-crit|p1b: Clodsire\n|-damage|p1b: Clodsire|0 fnt\n|faint|p1b: Clodsire\n|move|p1a: Tyranitar|Mud-Slap|p2b: Rillaboom\n|-resisted|p2b: Rillaboom\n|-damage|p2b: Rillaboom|98\/100\n|-unboost|p2b: Rillaboom|accuracy|1\n|move|p2a: Empoleon|Flash Cannon|p1a: Tyranitar\n|-supereffective|p1a: Tyranitar\n|-damage|p1a: Tyranitar|13\/100 brn\n|\n|-weather|Sandstorm|[upkeep]\n|-damage|p2b: Rillaboom|92\/100|[from] Sandstorm\n|-heal|p2b: Rillaboom|98\/100|[from] Grassy Terrain\n|-heal|p1a: Tyranitar|19\/100 brn|[from] Grassy Terrain\n|-damage|p1a: Tyranitar|13\/100 brn|[from] brn\n|upkeep\n|\n|t:|1699113779\n|switch|p1b: Cacturne|Cacturne, M, shiny|100\/100\n|turn|5\n|\n|t:|1699113798\n|move|p2b: Rillaboom|Grassy Glide|p1a: Tyranitar\n|-supereffective|p1a: Tyranitar\n|-damage|p1a: Tyranitar|0 fnt\n|faint|p1a: Tyranitar\n|move|p2a: Empoleon|Blizzard|p1b: Cacturne\n|-supereffective|p1b: Cacturne\n|-damage|p1b: Cacturne|0 fnt\n|faint|p1b: Cacturne\n|\n|-weather|none\n|-heal|p2b: Rillaboom|100\/100|[from] Grassy Terrain\n|-fieldend|move: Grassy Terrain\n|upkeep\n|\n|t:|1699113820\n|switch|p1a: Sandy Shocks|Sandy Shocks, shiny|100\/100\n|switch|p1b: Orthworm|Orthworm, F, shiny|98\/100\n|-enditem|p1a: Sandy Shocks|Booster Energy\n|-activate|p1a: Sandy Shocks|ability: Protosynthesis|[fromitem]\n|-start|p1a: Sandy Shocks|protosynthesisspe\n|turn|6\n|inactive|Omarnyte has 90 seconds left.\n|inactive|Omarnyte has 60 seconds left.\n|\n|t:|1699113857\n|switch|p2a: Kleavor|Kleavor, M|100\/100\n|move|p1a: Sandy Shocks|Reflect|p1a: Sandy Shocks\n|-sidestart|p1: Omarnyte|Reflect\n|move|p2b: Rillaboom|High Horsepower|p1a: Sandy Shocks\n|-supereffective|p1a: Sandy Shocks\n|-damage|p1a: Sandy Shocks|51\/100\n|move|p1b: Orthworm|Coil|p1b: Orthworm\n|-boost|p1b: Orthworm|atk|1\n|-boost|p1b: Orthworm|def|1\n|-boost|p1b: Orthworm|accuracy|1\n|\n|-heal|p1b: Orthworm|100\/100|[from] item: Leftovers\n|upkeep\n|turn|7\n|\n|t:|1699113879\n|move|p1a: Sandy Shocks|Light Screen|p1a: Sandy Shocks\n|-sidestart|p1: Omarnyte|move: Light Screen\n|move|p2a: Kleavor|Stone Axe|p1b: Orthworm\n|-resisted|p1b: Orthworm\n|-damage|p1b: Orthworm|91\/100\n|-sidestart|p1: Omarnyte|move: Stealth Rock\n|move|p2b: Rillaboom|High Horsepower|p1a: Sandy Shocks\n|-supereffective|p1a: Sandy Shocks\n|-damage|p1a: Sandy Shocks|2\/100\n|move|p1b: Orthworm|Coil|p1b: Orthworm\n|-boost|p1b: Orthworm|atk|1\n|-boost|p1b: Orthworm|def|1\n|-boost|p1b: Orthworm|accuracy|1\n|\n|-heal|p1b: Orthworm|97\/100|[from] item: Leftovers\n|upkeep\n|turn|8\n|inactive|Omarnyte has 90 seconds left.\n|\n|t:|1699113902\n|move|p1a: Sandy Shocks|Earth Power|p2a: Kleavor\n|-damage|p2a: Kleavor|32\/100\n|move|p2a: Kleavor|Stone Axe|p1a: Sandy Shocks|[miss]\n|-miss|p2a: Kleavor|p1a: Sandy Shocks\n|move|p2b: Rillaboom|Drum Beating|p1b: Orthworm|[miss]\n|-miss|p2b: Rillaboom|p1b: Orthworm\n|move|p1b: Orthworm|Coil|p1b: Orthworm\n|-boost|p1b: Orthworm|atk|1\n|-boost|p1b: Orthworm|def|1\n|-boost|p1b: Orthworm|accuracy|1\n|\n|-heal|p1b: Orthworm|100\/100|[from] item: Leftovers\n|upkeep\n|turn|9\n|\n|t:|1699113916\n|move|p1a: Sandy Shocks|Earth Power|p2a: Kleavor\n|-damage|p2a: Kleavor|0 fnt\n|faint|p2a: Kleavor\n|move|p2b: Rillaboom|Drum Beating|p1a: Sandy Shocks\n|-supereffective|p1a: Sandy Shocks\n|-damage|p1a: Sandy Shocks|0 fnt\n|faint|p1a: Sandy Shocks\n|-end|p1a: Sandy Shocks|Protosynthesis|[silent]\n|move|p1b: Orthworm|Coil|p1b: Orthworm\n|-boost|p1b: Orthworm|atk|1\n|-boost|p1b: Orthworm|def|1\n|-boost|p1b: Orthworm|accuracy|1\n|\n|upkeep\n|\n|t:|1699113935\n|switch|p1a: Palossand|Palossand, M, shiny|100\/100\n|switch|p2a: Typhlosion|Typhlosion-Hisui, M, tera:Fairy|11\/100\n|-damage|p1a: Palossand|94\/100|[from] Stealth Rock\n|turn|10\n|\n|t:|1699113961\n|switch|p2b: Louise|Dragonite, F|100\/100\n|move|p2a: Typhlosion|Will-O-Wisp|p1b: Orthworm\n|-status|p1b: Orthworm|brn\n|move|p1b: Orthworm|Coil|p1b: Orthworm\n|-boost|p1b: Orthworm|atk|1\n|-boost|p1b: Orthworm|def|1\n|-boost|p1b: Orthworm|accuracy|1\n|move|p1a: Palossand|Earth Power|p2a: Typhlosion\n|-damage|p2a: Typhlosion|0 fnt\n|faint|p2a: Typhlosion\n|\n|-damage|p1b: Orthworm|94\/100 brn|[from] brn\n|-sideend|p1: Omarnyte|Reflect\n|upkeep\n|\n|t:|1699113967\n|switch|p2a: Weezing|Weezing-Galar, F|100\/100\n|-fieldstart|move: Misty Terrain|[from] ability: Misty Surge|[of] p2a: Weezing\n|turn|11\n|inactive|Omarnyte has 120 seconds left.\n|\n|t:|1699114003\n|move|p2b: Louise|Dragon Dance|p2b: Louise\n|-boost|p2b: Louise|atk|1\n|-boost|p2b: Louise|spe|1\n|move|p1b: Orthworm|Iron Tail|p2a: Weezing\n|-supereffective|p2a: Weezing\n|-damage|p2a: Weezing|9\/100\n|-unboost|p2a: Weezing|def|1\n|move|p2a: Weezing|Clear Smog|p1b: Orthworm\n|-immune|p1b: Orthworm\n|move|p1a: Palossand|Stockpile|p1a: Palossand\n|-start|p1a: Palossand|stockpile1\n|-boost|p1a: Palossand|def|1\n|-boost|p1a: Palossand|spd|1\n|\n|-heal|p1b: Orthworm|100\/100 brn|[from] item: Leftovers\n|-heal|p2a: Weezing|15\/100|[from] item: Leftovers\n|-damage|p1b: Orthworm|94\/100 brn|[from] brn\n|-sideend|p1: Omarnyte|move: Light Screen\n|upkeep\n|turn|12\n|c|\u2606Omarnyte|what\n|inactive|Omarnyte has 120 seconds left.\n|\n|t:|1699114025\n|move|p2b: Louise|Dragon Dance|p2b: Louise\n|-boost|p2b: Louise|atk|1\n|-boost|p2b: Louise|spe|1\n|move|p1b: Orthworm|Iron Tail|p2b: Louise\n|-damage|p2b: Louise|76\/100\n|move|p2a: Weezing|Pain Split|p1b: Orthworm\n|-sethp|p1b: Orthworm|55\/100 brn|[from] move: Pain Split|[silent]\n|-sethp|p2a: Weezing|56\/100|[from] move: Pain Split\n|move|p1a: Palossand|Stockpile|p1a: Palossand\n|-start|p1a: Palossand|stockpile2\n|-boost|p1a: Palossand|def|1\n|-boost|p1a: Palossand|spd|1\n|\n|-heal|p1b: Orthworm|61\/100 brn|[from] item: Leftovers\n|-heal|p2a: Weezing|62\/100|[from] item: Leftovers\n|-damage|p1b: Orthworm|55\/100 brn|[from] brn\n|upkeep\n|turn|13\n|\n|t:|1699114050\n|-terastallize|p1a: Palossand|Steel\n|move|p2b: Louise|Scale Shot|p1b: Orthworm\n|-resisted|p1b: Orthworm\n|-damage|p1b: Orthworm|53\/100 brn\n|-resisted|p1b: Orthworm\n|-damage|p1b: Orthworm|52\/100 brn\n|-resisted|p1b: Orthworm\n|-damage|p1b: Orthworm|51\/100 brn\n|-resisted|p1b: Orthworm\n|-damage|p1b: Orthworm|50\/100 brn\n|-resisted|p1b: Orthworm\n|-damage|p1b: Orthworm|49\/100 brn\n|-hitcount|p1b: Orthworm|5\n|-unboost|p2b: Louise|def|1\n|-boost|p2b: Louise|spe|1\n|move|p1b: Orthworm|Iron Tail|p2b: Louise\n|-damage|p2b: Louise|0 fnt\n|faint|p2b: Louise\n|move|p2a: Weezing|Strange Steam|p1a: Palossand\n|-resisted|p1a: Palossand\n|-damage|p1a: Palossand|86\/100\n|move|p1a: Palossand|Earth Power|p1b: Orthworm\n|-heal|p1b: Orthworm|74\/100 brn|[from] ability: Earth Eater|[of] p1a: Palossand\n|\n|-heal|p1b: Orthworm|80\/100 brn|[from] item: Leftovers\n|-heal|p2a: Weezing|68\/100|[from] item: Leftovers\n|-damage|p1b: Orthworm|74\/100 brn|[from] brn\n|upkeep\n|\n|t:|1699114062\n|switch|p2b: Empoleon|Empoleon, F|100\/100\n|turn|14\n|inactive|Omarnyte has 120 seconds left.\n|inactive|Omarnyte has 90 seconds left.\n|\n|t:|1699114138\n|move|p1b: Orthworm|Iron Tail|p2a: Weezing\n|-supereffective|p2a: Weezing\n|-damage|p2a: Weezing|0 fnt\n|faint|p2a: Weezing\n|move|p2b: Empoleon|Hydro Pump|p1b: Orthworm\n|-crit|p1b: Orthworm\n|-damage|p1b: Orthworm|0 fnt\n|faint|p1b: Orthworm\n|move|p1a: Palossand|Earth Power|p2b: Empoleon\n|-supereffective|p2b: Empoleon\n|-damage|p2b: Empoleon|48\/100\n|-unboost|p2b: Empoleon|spd|1\n|-ability|p2b: Empoleon|Competitive|boost\n|-boost|p2b: Empoleon|spa|2\n|\n|upkeep\n|\n|t:|1699114150\n|switch|p2a: Rillaboom|Rillaboom, M|100\/100\n|-fieldstart|move: Grassy Terrain|[from] ability: Grassy Surge|[of] p2a: Rillaboom\n|turn|15\n|\n|t:|1699114164\n|move|p2a: Rillaboom|Fake Out|p1a: Palossand\n|-resisted|p1a: Palossand\n|-crit|p1a: Palossand\n|-damage|p1a: Palossand|77\/100\n|move|p2b: Empoleon|Hydro Pump|p1a: Palossand|[miss]\n|-miss|p2b: Empoleon|p1a: Palossand\n|cant|p1a: Palossand|flinch\n|\n|-heal|p2b: Empoleon|55\/100|[from] Grassy Terrain\n|-heal|p1a: Palossand|83\/100|[from] Grassy Terrain\n|upkeep\n|turn|16\n|\n|t:|1699114182\n|move|p2a: Rillaboom|High Horsepower|p1a: Palossand\n|-supereffective|p1a: Palossand\n|-damage|p1a: Palossand|52\/100\n|move|p2b: Empoleon|Hydro Pump|p1a: Palossand\n|-damage|p1a: Palossand|0 fnt\n|faint|p1a: Palossand\n|\n|win|Leblades123\n|raw|Omarnyte's rating: 1222 &rarr; <strong>1197<\/strong><br \/>(-25 for losing)\n|raw|Leblades123's rating: 1220 &rarr; <strong>1245<\/strong><br \/>(+25 for winning)\n|c|\u2606Leblades123|Orthworm almost got me gg\n|l|\u2606Omarnyte\n","uploadtime":1699114219,"views":12,"p1id":"omarnyte","p2id":"leblades123","formatid":"gen9doublesou","rating":1197,"private":0,"password":""}