{"id":"gen9doublesou-1976152223","p1":"SXD2002","p2":"Scoovile","format":"[Gen 9] Doubles OU","log":"|j|\u2606SXD2002\n|j|\u2606Scoovile\n|t:|1698268320\n|gametype|doubles\n|player|p1|SXD2002|silver-masters|1042\n|player|p2|Scoovile|surfer|1000\n|teamsize|p1|6\n|teamsize|p2|6\n|gen|9\n|tier|[Gen 9] Doubles OU\n|rated|\n|rule|Species Clause: Limit one of each Pok\u00e9mon\n|rule|OHKO Clause: OHKO moves are banned\n|rule|Evasion Moves Clause: Evasion moves are banned\n|rule|Gravity Sleep Clause: The combination of sleep-inducing moves with imperfect accuracy and Gravity or Gigantamax Orbeetle are banned\n|rule|Endless Battle Clause: Forcing endless battles is banned\n|rule|HP Percentage Mod: HP is shown in percentages\n|clearpoke\n|poke|p1|Lurantis, M|\n|poke|p1|Murkrow, F|\n|poke|p1|Grimmsnarl, M|\n|poke|p1|Clefairy, F|\n|poke|p1|Talonflame, M|\n|poke|p1|Espeon, M|\n|poke|p2|Torkoal, F|\n|poke|p2|Chi-Yu|\n|poke|p2|Walking Wake|\n|poke|p2|Ogerpon-Hearthflame, F|\n|poke|p2|Arcanine-Hisui, F|\n|poke|p2|Ribombee, M|\n|teampreview\n|inactive|Battle timer is ON: inactive players will automatically lose when time's up. (requested by Scoovile)\n|inactive|SXD2002 has 120 seconds left.\n|\n|t:|1698268354\n|start\n|switch|p1a: Murkrow|Murkrow, F|100\/100\n|switch|p1b: Lurantis|Lurantis, M|100\/100\n|switch|p2a: Bombee\u2618\ufe0e|Ribombee, M|100\/100\n|switch|p2b: Torqe\u26a1\ufe0e|Torkoal, F|100\/100\n|-weather|SunnyDay|[from] ability: Drought|[of] p2b: Torqe\u26a1\ufe0e\n|turn|1\n|\n|t:|1698268362\n|move|p1b: Lurantis|Protect|p1b: Lurantis\n|-singleturn|p1b: Lurantis|Protect\n|move|p2a: Bombee\u2618\ufe0e|Sticky Web|p1a: Murkrow\n|-sidestart|p1: SXD2002|move: Sticky Web\n|move|p1a: Murkrow|Snarl|p2a: Bombee\u2618\ufe0e|[spread] p2a,p2b\n|-resisted|p2a: Bombee\u2618\ufe0e\n|-damage|p2a: Bombee\u2618\ufe0e|89\/100\n|-damage|p2b: Torqe\u26a1\ufe0e|84\/100\n|-unboost|p2a: Bombee\u2618\ufe0e|spa|1\n|-unboost|p2b: Torqe\u26a1\ufe0e|spa|1\n|move|p2b: Torqe\u26a1\ufe0e|Stealth Rock|p1a: Murkrow\n|-sidestart|p1: SXD2002|move: Stealth Rock\n|\n|-weather|SunnyDay|[upkeep]\n|upkeep\n|turn|2\n|\n|t:|1698268380\n|-terastallize|p1b: Lurantis|Steel\n|move|p2a: Bombee\u2618\ufe0e|Dazzling Gleam|p1a: Murkrow|[spread] p1a,p1b\n|-supereffective|p1a: Murkrow\n|-resisted|p1b: Lurantis\n|-damage|p1a: Murkrow|72\/100\n|-damage|p1b: Lurantis|94\/100\n|move|p1a: Murkrow|Snarl|p2a: Bombee\u2618\ufe0e|[spread] p2a,p2b\n|-resisted|p2a: Bombee\u2618\ufe0e\n|-crit|p2a: Bombee\u2618\ufe0e\n|-crit|p2b: Torqe\u26a1\ufe0e\n|-damage|p2a: Bombee\u2618\ufe0e|72\/100\n|-damage|p2b: Torqe\u26a1\ufe0e|61\/100\n|-unboost|p2a: Bombee\u2618\ufe0e|spa|1\n|-unboost|p2b: Torqe\u26a1\ufe0e|spa|1\n|move|p1b: Lurantis|Superpower|p2b: Torqe\u26a1\ufe0e\n|-damage|p2b: Torqe\u26a1\ufe0e|44\/100\n|-boost|p1b: Lurantis|atk|1\n|-boost|p1b: Lurantis|def|1\n|move|p2b: Torqe\u26a1\ufe0e|Weather Ball|p1b: Lurantis\n|-supereffective|p1b: Lurantis\n|-damage|p1b: Lurantis|60\/100\n|\n|-weather|SunnyDay|[upkeep]\n|-heal|p1b: Lurantis|66\/100|[from] item: Leftovers\n|upkeep\n|turn|3\n|\n|t:|1698268404\n|switch|p2b: Chiton\u2301|Chi-Yu|100\/100\n|-ability|p2b: Chiton\u2301|Beads of Ruin\n|move|p2a: Bombee\u2618\ufe0e|Stun Spore|p1b: Lurantis|[miss]\n|-miss|p2a: Bombee\u2618\ufe0e|p1b: Lurantis\n|move|p1a: Murkrow|Snarl|p2b: Chiton\u2301|[spread] p2a,p2b\n|-resisted|p2a: Bombee\u2618\ufe0e\n|-resisted|p2b: Chiton\u2301\n|-damage|p2a: Bombee\u2618\ufe0e|58\/100\n|-damage|p2b: Chiton\u2301|93\/100\n|-unboost|p2a: Bombee\u2618\ufe0e|spa|1\n|-unboost|p2b: Chiton\u2301|spa|1\n|move|p1b: Lurantis|Superpower|p2b: Chiton\u2301\n|-supereffective|p2b: Chiton\u2301\n|-damage|p2b: Chiton\u2301|0 fnt\n|-boost|p1b: Lurantis|atk|1\n|-boost|p1b: Lurantis|def|1\n|faint|p2b: Chiton\u2301\n|\n|-weather|SunnyDay|[upkeep]\n|-heal|p1b: Lurantis|72\/100|[from] item: Leftovers\n|upkeep\n|inactive|Scoovile has 120 seconds left.\n|\n|t:|1698268420\n|switch|p2b: Kaynein\u2726|Arcanine-Hisui, F|100\/100\n|turn|4\n|\n|t:|1698268431\n|move|p1b: Lurantis|Protect|p1b: Lurantis\n|-singleturn|p1b: Lurantis|Protect\n|move|p1a: Murkrow|Feather Dance|p2b: Kaynein\u2726\n|-unboost|p2b: Kaynein\u2726|atk|2\n|move|p2a: Bombee\u2618\ufe0e|Dazzling Gleam|p1a: Murkrow|[spread] p1a\n|-activate|p1b: Lurantis|move: Protect\n|-supereffective|p1a: Murkrow\n|-damage|p1a: Murkrow|57\/100\n|move|p2b: Kaynein\u2726|Flare Blitz|p1b: Lurantis\n|-activate|p1b: Lurantis|move: Protect\n|\n|-weather|SunnyDay|[upkeep]\n|-heal|p1b: Lurantis|78\/100|[from] item: Leftovers\n|upkeep\n|turn|5\n|-message|Scoovile forfeited.\n|\n|win|SXD2002\n|raw|SXD2002's rating: 1042 &rarr; <strong>1072<\/strong><br \/>(+30 for winning)\n|raw|Scoovile's rating: 1000 &rarr; <strong>1000<\/strong><br \/>(+0 for losing)\n|l|\u2606Scoovile\n","uploadtime":1698268443,"views":24,"p1id":"sxd2002","p2id":"scoovile","formatid":"gen9doublesou","rating":1000,"private":0,"password":""}