{"id":"gen9doublesou-1987177322","p1":"curioradio","p2":"Coppercape","format":"[Gen 9] Doubles OU","log":"|j|\u2606curioradio\n|j|\u2606Coppercape\n|t:|1699562598\n|gametype|doubles\n|player|p1|curioradio|ingo|1121\n|player|p2|Coppercape|pokemonbreeder|1128\n|teamsize|p1|6\n|teamsize|p2|6\n|gen|9\n|tier|[Gen 9] Doubles OU\n|rated|\n|rule|Species Clause: Limit one of each Pok\u00e9mon\n|rule|OHKO Clause: OHKO moves are banned\n|rule|Evasion Moves Clause: Evasion moves are banned\n|rule|Gravity Sleep Clause: The combination of sleep-inducing moves with imperfect accuracy and Gravity or Gigantamax Orbeetle are banned\n|rule|Endless Battle Clause: Forcing endless battles is banned\n|rule|HP Percentage Mod: HP is shown in percentages\n|clearpoke\n|poke|p1|Ogerpon-Wellspring, F|\n|poke|p1|Ninetales-Alola, M|\n|poke|p1|Zoroark-Hisui, M|\n|poke|p1|Gliscor, F|\n|poke|p1|Eelektross, M|\n|poke|p1|Kommo-o, F|\n|poke|p2|Landorus-Therian, M|\n|poke|p2|Tauros-Paldea-Blaze, M|\n|poke|p2|Altaria, F|\n|poke|p2|Sinistcha-Masterpiece|\n|poke|p2|Flutter Mane|\n|poke|p2|Ogerpon-Wellspring, F|\n|teampreview\n|\n|t:|1699562610\n|start\n|switch|p1a: Ogerpon|Ogerpon-Wellspring, F|100\/100\n|switch|p1b: Ninetales|Ninetales-Alola, M|100\/100\n|switch|p2a: Landorus|Landorus-Therian, M|100\/100\n|switch|p2b: Altaria|Altaria, F|100\/100\n|-weather|Snow|[from] ability: Snow Warning|[of] p1b: Ninetales\n|-ability|p2a: Landorus|Intimidate|boost\n|-unboost|p1a: Ogerpon|atk|1\n|-unboost|p1b: Ninetales|atk|1\n|-ability|p2b: Altaria|Cloud Nine\n|turn|1\n|\n|t:|1699562636\n|move|p1a: Ogerpon|Leech Seed|p2b: Altaria\n|-start|p2b: Altaria|move: Leech Seed\n|move|p1b: Ninetales|Calm Mind|p1b: Ninetales\n|-boost|p1b: Ninetales|spa|1\n|-boost|p1b: Ninetales|spd|1\n|move|p2a: Landorus|Stomping Tantrum|p1b: Ninetales\n|-damage|p1b: Ninetales|57\/100\n|move|p2b: Altaria|Will-O-Wisp|p1a: Ogerpon\n|-status|p1a: Ogerpon|brn\n|\n|-weather|Snow|[upkeep]\n|-damage|p2b: Altaria|88\/100|[from] Leech Seed|[of] p1a: Ogerpon\n|-damage|p1a: Ogerpon|94\/100 brn|[from] brn\n|upkeep\n|turn|2\n|\n|t:|1699562655\n|move|p1a: Ogerpon|Ivy Cudgel|p2a: Landorus\n|-supereffective|p2a: Landorus\n|-damage|p2a: Landorus|70\/100\n|move|p1b: Ninetales|Calm Mind|p1b: Ninetales\n|-boost|p1b: Ninetales|spa|1\n|-boost|p1b: Ninetales|spd|1\n|move|p2a: Landorus|Stomping Tantrum|p1b: Ninetales\n|-damage|p1b: Ninetales|10\/100\n|move|p2b: Altaria|Tailwind|p2b: Altaria\n|-sidestart|p2: Coppercape|move: Tailwind\n|\n|-weather|Snow|[upkeep]\n|-damage|p2b: Altaria|76\/100|[from] Leech Seed|[of] p1a: Ogerpon\n|-heal|p1a: Ogerpon|100\/100 brn|[silent]\n|-damage|p1a: Ogerpon|94\/100 brn|[from] brn\n|upkeep\n|turn|3\n|\n|t:|1699562682\n|switch|p2b: Ogerpon|Ogerpon-Wellspring, F|100\/100\n|move|p2a: Landorus|Stomping Tantrum|p1b: Ninetales\n|-damage|p1b: Ninetales|0 fnt\n|faint|p1b: Ninetales\n|move|p1a: Ogerpon|Leech Seed|p2a: Landorus\n|-start|p2a: Landorus|move: Leech Seed\n|\n|-weather|Snow|[upkeep]\n|-damage|p2a: Landorus|57\/100|[from] Leech Seed|[of] p1a: Ogerpon\n|-heal|p1a: Ogerpon|100\/100 brn|[silent]\n|-damage|p1a: Ogerpon|94\/100 brn|[from] brn\n|upkeep\n|\n|t:|1699562710\n|switch|p1b: Gliscor|Gliscor, F|100\/100\n|turn|4\n|\n|t:|1699562726\n|switch|p2a: Altaria|Altaria, F|76\/100\n|-ability|p2a: Altaria|Cloud Nine\n|move|p1a: Ogerpon|Spiky Shield|p1a: Ogerpon\n|-singleturn|p1a: Ogerpon|move: Protect\n|move|p2b: Ogerpon|Ivy Cudgel|p1b: Gliscor\n|-supereffective|p1b: Gliscor\n|-damage|p1b: Gliscor|25\/100\n|move|p1b: Gliscor|Substitute|p1b: Gliscor\n|-fail|p1b: Gliscor|move: Substitute|[weak]\n|\n|-weather|Snow|[upkeep]\n|-damage|p1a: Ogerpon|88\/100 brn|[from] brn\n|-status|p1b: Gliscor|tox|[from] item: Toxic Orb\n|upkeep\n|turn|5\n|inactive|Battle timer is ON: inactive players will automatically lose when time's up. (requested by curioradio)\n|\n|t:|1699562784\n|switch|p2a: Flutter Mane|Flutter Mane|100\/100\n|-enditem|p2a: Flutter Mane|Booster Energy\n|-activate|p2a: Flutter Mane|ability: Protosynthesis|[fromitem]\n|-start|p2a: Flutter Mane|protosynthesisspe\n|move|p1a: Ogerpon|Follow Me|p1a: Ogerpon\n|-singleturn|p1a: Ogerpon|move: Follow Me\n|move|p2b: Ogerpon|U-turn|p1a: Ogerpon\n|-supereffective|p1a: Ogerpon\n|-damage|p1a: Ogerpon|25\/100 brn\n|\n|t:|1699562799\n|switch|p2b: Tauros|Tauros-Paldea-Blaze, M|100\/100|[from] U-turn\n|move|p1b: Gliscor|Substitute|p1b: Gliscor\n|-fail|p1b: Gliscor|move: Substitute|[weak]\n|\n|-weather|none\n|-heal|p1b: Gliscor|38\/100 tox|[from] ability: Poison Heal\n|-damage|p1a: Ogerpon|19\/100 brn|[from] brn\n|-sideend|p2: Coppercape|move: Tailwind\n|upkeep\n|turn|6\n|\n|t:|1699562826\n|switch|p2b: Altaria|Altaria, F|76\/100\n|-ability|p2b: Altaria|Cloud Nine\n|move|p1b: Gliscor|Protect|p1b: Gliscor\n|-singleturn|p1b: Gliscor|Protect\n|move|p2a: Flutter Mane|Dazzling Gleam|p1b: Gliscor|[spread] p1a\n|-activate|p1b: Gliscor|move: Protect\n|-damage|p1a: Ogerpon|0 fnt\n|faint|p1a: Ogerpon\n|\n|-heal|p1b: Gliscor|50\/100 tox|[from] ability: Poison Heal\n|upkeep\n|\n|t:|1699562842\n|switch|p1a: Kommo-o|Kommo-o, F|100\/100\n|turn|7\n|\n|t:|1699562852\n|move|p2a: Flutter Mane|Moonblast|p1a: Kommo-o\n|-damage|p1a: Kommo-o|16\/100\n|replace|p1a: Zoroark|Zoroark-Hisui, M\n|-end|p1a: Zoroark|Illusion\n|move|p1a: Zoroark|Shadow Ball|p2a: Flutter Mane\n|-supereffective|p2a: Flutter Mane\n|-damage|p2a: Flutter Mane|29\/100\n|move|p1b: Gliscor|Toxic|p2b: Altaria\n|-status|p2b: Altaria|tox\n|move|p2b: Altaria|Tailwind|p2b: Altaria\n|-sidestart|p2: Coppercape|move: Tailwind\n|\n|-damage|p2b: Altaria|69\/100 tox|[from] psn\n|-heal|p1b: Gliscor|63\/100 tox|[from] ability: Poison Heal\n|upkeep\n|turn|8\n|\n|t:|1699562877\n|switch|p2b: Sinistcha|Sinistcha-Masterpiece|100\/100\n|-heal|p2a: Flutter Mane|54\/100|[from] ability: Hospitality|[of] p2b: Sinistcha\n|move|p2a: Flutter Mane|Dazzling Gleam|p1b: Gliscor|[spread] p1a,p1b\n|-damage|p1a: Zoroark|0 fnt\n|-damage|p1b: Gliscor|32\/100 tox\n|faint|p1a: Zoroark\n|move|p1b: Gliscor|Substitute|p1b: Gliscor\n|-start|p1b: Gliscor|Substitute\n|-damage|p1b: Gliscor|7\/100 tox\n|\n|-heal|p1b: Gliscor|19\/100 tox|[from] ability: Poison Heal\n|upkeep\n|\n|t:|1699562890\n|switch|p1a: Eelektross|Eelektross, M|100\/100\n|turn|9\n|\n|t:|1699562907\n|move|p1b: Gliscor|Protect|p1b: Gliscor\n|-singleturn|p1b: Gliscor|Protect\n|move|p2a: Flutter Mane|Dazzling Gleam|p1b: Gliscor|[spread] p1a\n|-activate|p1b: Gliscor|move: Protect\n|-damage|p1a: Eelektross|82\/100\n|move|p2b: Sinistcha|Matcha Gotcha|p1b: Gliscor|[spread] \n|-activate|p1b: Gliscor|move: Protect\n|-miss|p2b: Sinistcha|p1a: Eelektross\n|move|p1a: Eelektross|Thunder Wave|p2a: Flutter Mane\n|-status|p2a: Flutter Mane|par\n|\n|-heal|p1a: Eelektross|88\/100|[from] item: Leftovers\n|-heal|p1b: Gliscor|32\/100 tox|[from] ability: Poison Heal\n|upkeep\n|turn|10\n|\n|t:|1699562928\n|move|p2a: Flutter Mane|Dazzling Gleam|p1b: Gliscor|[spread] p1a,p1b\n|-end|p1b: Gliscor|Substitute\n|-damage|p1a: Eelektross|68\/100\n|move|p2b: Sinistcha|Matcha Gotcha|p1b: Gliscor|[spread] p1a,p1b\n|-damage|p1a: Eelektross|48\/100\n|-damage|p1b: Gliscor|3\/100 tox\n|move|p1b: Gliscor|Toxic|p2b: Sinistcha\n|-status|p2b: Sinistcha|tox\n|move|p1a: Eelektross|Hex|p2a: Flutter Mane\n|-supereffective|p2a: Flutter Mane\n|-crit|p2a: Flutter Mane\n|-damage|p2a: Flutter Mane|0 fnt\n|faint|p2a: Flutter Mane\n|-end|p2a: Flutter Mane|Protosynthesis|[silent]\n|\n|-heal|p1a: Eelektross|54\/100|[from] item: Leftovers\n|-damage|p2b: Sinistcha|94\/100 tox|[from] psn\n|-heal|p1b: Gliscor|15\/100 tox|[from] ability: Poison Heal\n|-sideend|p2: Coppercape|move: Tailwind\n|upkeep\n|inactive|Coppercape has 120 seconds left.\n|\n|t:|1699562955\n|switch|p2a: Landorus|Landorus-Therian, M|57\/100\n|-ability|p2a: Landorus|Intimidate|boost\n|-unboost|p1a: Eelektross|atk|1\n|-unboost|p1b: Gliscor|atk|1\n|turn|11\n|\n|t:|1699562968\n|move|p1b: Gliscor|Protect|p1b: Gliscor\n|-singleturn|p1b: Gliscor|Protect\n|move|p1a: Eelektross|Protect|p1a: Eelektross\n|-singleturn|p1a: Eelektross|Protect\n|move|p2a: Landorus|U-turn|p1b: Gliscor\n|-activate|p1b: Gliscor|move: Protect\n|move|p2b: Sinistcha|Stun Spore|p1a: Eelektross\n|-activate|p1a: Eelektross|move: Protect\n|\n|-heal|p1a: Eelektross|60\/100|[from] item: Leftovers\n|-heal|p1b: Gliscor|28\/100 tox|[from] ability: Poison Heal\n|-damage|p2b: Sinistcha|82\/100 tox|[from] psn\n|upkeep\n|turn|12\n|\n|t:|1699562995\n|move|p1b: Gliscor|Toxic|p2a: Landorus\n|-status|p2a: Landorus|tox\n|move|p2a: Landorus|U-turn|p1b: Gliscor\n|-resisted|p1b: Gliscor\n|-damage|p1b: Gliscor|19\/100 tox\n|\n|t:|1699563001\n|switch|p2a: Altaria|Altaria, F|69\/100 tox|[from] U-turn\n|-ability|p2a: Altaria|Cloud Nine\n|move|p2b: Sinistcha|Life Dew|p2b: Sinistcha|[spread] p2a,p2b\n|-heal|p2a: Altaria|95\/100 tox\n|-heal|p2b: Sinistcha|100\/100 tox\n|move|p1a: Eelektross|Hex|p2b: Sinistcha\n|-supereffective|p2b: Sinistcha\n|-damage|p2b: Sinistcha|32\/100 tox\n|-enditem|p2b: Sinistcha|Eject Button\n|inactive|Coppercape has 120 seconds left.\n|\n|t:|1699563029\n|switch|p2b: Tauros|Tauros-Paldea-Blaze, M|100\/100\n|\n|-heal|p1a: Eelektross|66\/100|[from] item: Leftovers\n|-heal|p1b: Gliscor|32\/100 tox|[from] ability: Poison Heal\n|-damage|p2a: Altaria|88\/100 tox|[from] psn\n|upkeep\n|turn|13\n|\n|t:|1699563047\n|move|p1b: Gliscor|Protect|p1b: Gliscor\n|-singleturn|p1b: Gliscor|Protect\n|move|p2b: Tauros|Flare Blitz|p1a: Eelektross\n|-damage|p1a: Eelektross|4\/100\n|-damage|p2b: Tauros|74\/100|[from] Recoil\n|move|p2a: Altaria|Tailwind|p2a: Altaria\n|-sidestart|p2: Coppercape|move: Tailwind\n|move|p1a: Eelektross|Discharge|p2b: Tauros|[spread] p2a,p2b\n|-activate|p1b: Gliscor|move: Protect\n|-damage|p2a: Altaria|75\/100 tox\n|-damage|p2b: Tauros|40\/100\n|\n|-heal|p1a: Eelektross|10\/100|[from] item: Leftovers\n|-damage|p2a: Altaria|62\/100 tox|[from] psn\n|-heal|p1b: Gliscor|44\/100 tox|[from] ability: Poison Heal\n|upkeep\n|turn|14\n|inactive|Coppercape has 120 seconds left.\n|\n|t:|1699563078\n|switch|p2a: Sinistcha|Sinistcha-Masterpiece|32\/100 tox\n|-heal|p2b: Tauros|65\/100|[from] ability: Hospitality|[of] p2a: Sinistcha\n|move|p1a: Eelektross|Protect|p1a: Eelektross\n|-singleturn|p1a: Eelektross|Protect\n|move|p2b: Tauros|Close Combat|p1a: Eelektross\n|-activate|p1a: Eelektross|move: Protect\n|move|p1b: Gliscor|Substitute|p1b: Gliscor\n|-start|p1b: Gliscor|Substitute\n|-damage|p1b: Gliscor|19\/100 tox\n|\n|-heal|p1a: Eelektross|17\/100|[from] item: Leftovers\n|-damage|p2a: Sinistcha|26\/100 tox|[from] psn\n|-heal|p1b: Gliscor|32\/100 tox|[from] ability: Poison Heal\n|upkeep\n|turn|15\n|\n|t:|1699563106\n|move|p1b: Gliscor|Protect|p1b: Gliscor\n|-singleturn|p1b: Gliscor|Protect\n|move|p2b: Tauros|Close Combat|p1a: Eelektross\n|-damage|p1a: Eelektross|0 fnt\n|-unboost|p2b: Tauros|def|1\n|-unboost|p2b: Tauros|spd|1\n|faint|p1a: Eelektross\n|move|p2a: Sinistcha|Matcha Gotcha|p1b: Gliscor\n|-activate|p1b: Gliscor|move: Protect\n|\n|-damage|p2a: Sinistcha|14\/100 tox|[from] psn\n|-heal|p1b: Gliscor|44\/100 tox|[from] ability: Poison Heal\n|upkeep\n|inactive|curioradio has 120 seconds left.\n|\n|t:|1699563120\n|switch|p1a: Kommo-o|Kommo-o, F|100\/100\n|turn|16\n|\n|t:|1699563135\n|move|p2b: Tauros|Flare Blitz|p1b: Gliscor\n|-end|p1b: Gliscor|Substitute\n|-damage|p2b: Tauros|55\/100|[from] Recoil|[of] p1b: Gliscor\n|move|p2a: Sinistcha|Stun Spore|p1a: Kommo-o\n|-status|p1a: Kommo-o|par\n|move|p1b: Gliscor|Toxic|p2b: Tauros\n|-status|p2b: Tauros|tox\n|move|p1a: Kommo-o|Clangorous Soul|p1a: Kommo-o\n|-boost|p1a: Kommo-o|atk|1\n|-boost|p1a: Kommo-o|def|1\n|-boost|p1a: Kommo-o|spa|1\n|-boost|p1a: Kommo-o|spd|1\n|-boost|p1a: Kommo-o|spe|1\n|-damage|p1a: Kommo-o|68\/100 par\n|-enditem|p1a: Kommo-o|Throat Spray\n|-boost|p1a: Kommo-o|spa|1|[from] item: Throat Spray\n|\n|-damage|p2b: Tauros|49\/100 tox|[from] psn\n|-damage|p2a: Sinistcha|0 fnt|[from] psn\n|faint|p2a: Sinistcha\n|-heal|p1b: Gliscor|56\/100 tox|[from] ability: Poison Heal\n|-sideend|p2: Coppercape|move: Tailwind\n|upkeep\n|inactive|Coppercape has 120 seconds left.\n|\n|t:|1699563166\n|switch|p2a: Landorus|Landorus-Therian, M|57\/100 tox\n|-ability|p2a: Landorus|Intimidate|boost\n|-unboost|p1a: Kommo-o|atk|1\n|-unboost|p1b: Gliscor|atk|1\n|turn|17\n|inactive|Coppercape has 120 seconds left.\n|\n|t:|1699563185\n|-terastallize|p1a: Kommo-o|Dragon\n|move|p1b: Gliscor|Protect|p1b: Gliscor\n|-singleturn|p1b: Gliscor|Protect\n|move|p2b: Tauros|Close Combat|p1a: Kommo-o\n|-damage|p1a: Kommo-o|33\/100 par\n|-unboost|p2b: Tauros|def|1\n|-unboost|p2b: Tauros|spd|1\n|move|p1a: Kommo-o|Clanging Scales|p2b: Tauros|[spread] p2a,p2b\n|-damage|p2a: Landorus|0 fnt\n|-damage|p2b: Tauros|0 fnt\n|faint|p2a: Landorus\n|faint|p2b: Tauros\n|-unboost|p1a: Kommo-o|def|1\n|\n|-heal|p1b: Gliscor|69\/100 tox|[from] ability: Poison Heal\n|upkeep\n|inactive|Coppercape has 120 seconds left.\n|\n|t:|1699563204\n|switch|p2b: Ogerpon|Ogerpon-Wellspring, F|100\/100\n|switch|p2a: Altaria|Altaria, F|62\/100 tox\n|-ability|p2a: Altaria|Cloud Nine\n|turn|18\n|inactive|Coppercape has 120 seconds left.\n|inactive|Coppercape has 90 seconds left.\n|\n|t:|1699563261\n|move|p2b: Ogerpon|U-turn|p1a: Kommo-o\n|-damage|p1a: Kommo-o|8\/100 par\n|move|p1b: Gliscor|Substitute|p1b: Gliscor\n|-start|p1b: Gliscor|Substitute\n|-damage|p1b: Gliscor|44\/100 tox\n|move|p1a: Kommo-o|Clanging Scales|p2a: Altaria|[spread] p2a,p2b\n|-supereffective|p2a: Altaria\n|-damage|p2a: Altaria|0 fnt\n|-damage|p2b: Ogerpon|0 fnt\n|faint|p2a: Altaria\n|faint|p2b: Ogerpon\n|\n|win|curioradio\n|raw|curioradio's rating: 1121 &rarr; <strong>1147<\/strong><br \/>(+26 for winning)\n|raw|Coppercape's rating: 1128 &rarr; <strong>1102<\/strong><br \/>(-26 for losing)\n|l|\u2606Coppercape\n","uploadtime":1699563283,"views":32,"p1id":"curioradio","p2id":"coppercape","formatid":"gen9doublesou","rating":1102,"private":0,"password":""}