{"id":"gen9doublesou-1973719144","p1":"zwu.kei","p2":"zwu.mei","format":"[Gen 9] Doubles OU","log":"|j|\u2606zwu.kei\n|j|\u2606zwu.mei\n|t:|1698006566\n|gametype|doubles\n|player|p1|zwu.kei|shadowtriad|\n|player|p2|zwu.mei|dawn|\n|teamsize|p1|6\n|teamsize|p2|6\n|gen|9\n|tier|[Gen 9] Doubles OU\n|rule|Species Clause: Limit one of each Pok\u00e9mon\n|rule|OHKO Clause: OHKO moves are banned\n|rule|Evasion Moves Clause: Evasion moves are banned\n|rule|Gravity Sleep Clause: The combination of sleep-inducing moves with imperfect accuracy and Gravity or Gigantamax Orbeetle are banned\n|rule|Endless Battle Clause: Forcing endless battles is banned\n|rule|HP Percentage Mod: HP is shown in percentages\n|clearpoke\n|poke|p1|Kingambit, F|\n|poke|p1|Meowscarada, F|\n|poke|p1|Skeledirge, F|\n|poke|p1|Hatterene, F|\n|poke|p1|Quaquaval, M|\n|poke|p1|Espathra, F|\n|poke|p2|Amoonguss, M|\n|poke|p2|Walking Wake|\n|poke|p2|Basculegion-F, F|\n|poke|p2|Pelipper, M|\n|poke|p2|Landorus-Therian, M|\n|poke|p2|Ursaluna, F|\n|teampreview\n|c|\u2606zwu.kei|team wasnt the issue ngl\n|c|\u2606zwu.kei|i just played horribly\n|\n|t:|1698006595\n|start\n|switch|p1a: Quaquaval|Quaquaval, M|100\/100\n|switch|p1b: Espathra|Espathra, F|100\/100\n|switch|p2a: Amoonguss|Amoonguss, M|100\/100\n|switch|p2b: Landorus|Landorus-Therian, M|100\/100\n|-ability|p2b: Landorus|Intimidate|boost\n|-unboost|p1a: Quaquaval|atk|1\n|-unboost|p1b: Espathra|atk|1\n|turn|1\n|\n|t:|1698006619\n|switch|p1b: Hatterene|Hatterene, F|100\/100\n|move|p1a: Quaquaval|Swords Dance|p1a: Quaquaval\n|-boost|p1a: Quaquaval|atk|2\n|move|p2b: Landorus|U-turn|p1b: Hatterene\n|-damage|p1b: Hatterene|70\/100\n|\n|t:|1698006628\n|switch|p2b: Ursaluna|Ursaluna, F|100\/100|[from] U-turn\n|move|p2a: Amoonguss|Toxic|p1b: Hatterene\n|move|p1b: Hatterene|Toxic|p2a: Amoonguss|[from]ability: Magic Bounce\n|-immune|p2a: Amoonguss\n|\n|-heal|p1b: Hatterene|76\/100|[from] item: Leftovers\n|-status|p2b: Ursaluna|brn|[from] item: Flame Orb\n|upkeep\n|turn|2\n|\n|t:|1698006676\n|switch|p1b: Skeledirge|Skeledirge, F|100\/100\n|-terastallize|p1a: Quaquaval|Flying\n|-terastallize|p2b: Ursaluna|Ghost\n|move|p1a: Quaquaval|Swords Dance|p1a: Quaquaval\n|-boost|p1a: Quaquaval|atk|2\n|move|p2b: Ursaluna|Trailblaze|p1a: Quaquaval\n|-resisted|p1a: Quaquaval\n|-damage|p1a: Quaquaval|81\/100\n|-boost|p2b: Ursaluna|spe|1\n|move|p2a: Amoonguss|Pollen Puff|p2b: Ursaluna\n|-immune|p2b: Ursaluna\n|\n|-damage|p2b: Ursaluna|94\/100 brn|[from] brn\n|upkeep\n|turn|3\n|\n|t:|1698006719\n|switch|p2a: Pelipper|Pelipper, M|100\/100\n|-weather|RainDance|[from] ability: Drizzle|[of] p2a: Pelipper\n|move|p1a: Quaquaval|Aqua Step|p2b: Ursaluna\n|-damage|p2b: Ursaluna|0 fnt\n|-boost|p1a: Quaquaval|spe|1\n|faint|p2b: Ursaluna\n|-ability|p1a: Quaquaval|Moxie|boost\n|-boost|p1a: Quaquaval|atk|1\n|move|p1b: Skeledirge|Night Shade|p2a: Pelipper\n|-damage|p2a: Pelipper|70\/100\n|\n|-weather|RainDance|[upkeep]\n|upkeep\n|\n|t:|1698006758\n|switch|p2b: Landorus|Landorus-Therian, M|100\/100\n|-ability|p2b: Landorus|Intimidate|boost\n|-unboost|p1a: Quaquaval|atk|1\n|-unboost|p1b: Skeledirge|atk|1\n|turn|4\n|c|\u2606zwu.mei|any day now\n|\n|t:|1698007082\n|switch|p2b: Amoonguss|Amoonguss, M|100\/100\n|switch|p2a: Walking Wake|Walking Wake|100\/100\n|move|p1a: Quaquaval|Aqua Step|p2b: Amoonguss\n|-resisted|p2b: Amoonguss\n|-damage|p2b: Amoonguss|24\/100\n|-boost|p1a: Quaquaval|spe|1\n|-damage|p1a: Quaquaval|65\/100|[from] item: Rocky Helmet|[of] p2b: Amoonguss\n|move|p1b: Skeledirge|Torch Song|p2a: Walking Wake\n|-resisted|p2a: Walking Wake\n|-damage|p2a: Walking Wake|95\/100\n|-boost|p1b: Skeledirge|spa|1\n|\n|-weather|RainDance|[upkeep]\n|upkeep\n|turn|5\n|\n|t:|1698007202\n|switch|p2b: Pelipper|Pelipper, M|70\/100\n|move|p1a: Quaquaval|Aqua Step|p2b: Pelipper\n|-resisted|p2b: Pelipper\n|-damage|p2b: Pelipper|12\/100\n|-boost|p1a: Quaquaval|spe|1\n|-enditem|p2b: Pelipper|Wiki Berry|[eat]\n|-heal|p2b: Pelipper|45\/100|[from] item: Wiki Berry\n|move|p2a: Walking Wake|Surf|p1b: Skeledirge|[spread] p2b,p1a,p1b\n|-resisted|p2b: Pelipper\n|-supereffective|p1b: Skeledirge\n|-crit|p1b: Skeledirge\n|-damage|p2b: Pelipper|7\/100\n|-damage|p1a: Quaquaval|0 fnt\n|-damage|p1b: Skeledirge|0 fnt\n|faint|p1a: Quaquaval\n|faint|p1b: Skeledirge\n|\n|-weather|RainDance|[upkeep]\n|upkeep\n|\n|t:|1698007232\n|switch|p1a: Espathra|Espathra, F|100\/100\n|switch|p1b: Meowscarada|Meowscarada, F|100\/100\n|turn|6\n|\n|t:|1698007253\n|-end|p2a: Walking Wake|Protosynthesis|[silent]\n|switch|p2a: Amoonguss|Amoonguss, M|58\/100\n|move|p1b: Meowscarada|Flower Trick|p2a: Amoonguss\n|-start|p1b: Meowscarada|typechange|Grass|[from] ability: Protean\n|-resisted|p2a: Amoonguss\n|-crit|p2a: Amoonguss\n|-damage|p2a: Amoonguss|39\/100\n|move|p1a: Espathra|Substitute|p1a: Espathra\n|-start|p1a: Espathra|Substitute\n|-damage|p1a: Espathra|76\/100\n|move|p2b: Pelipper|Tailwind|p2b: Pelipper\n|-sidestart|p2: zwu.mei|move: Tailwind\n|\n|-weather|RainDance|[upkeep]\n|-heal|p1a: Espathra|82\/100|[from] item: Leftovers\n|-ability|p1a: Espathra|Speed Boost|boost\n|-boost|p1a: Espathra|spe|1\n|upkeep\n|turn|7\n|\n|t:|1698007336\n|move|p1b: Meowscarada|Flower Trick|p2b: Pelipper\n|-crit|p2b: Pelipper\n|-damage|p2b: Pelipper|0 fnt\n|faint|p2b: Pelipper\n|move|p1a: Espathra|Calm Mind|p1a: Espathra\n|-boost|p1a: Espathra|spa|1\n|-boost|p1a: Espathra|spd|1\n|move|p2a: Amoonguss|Clear Smog|p1a: Espathra\n|-activate|p1a: Espathra|move: Substitute|[damage]\n|\n|-weather|none\n|-heal|p1a: Espathra|88\/100|[from] item: Leftovers\n|-ability|p1a: Espathra|Speed Boost|boost\n|-boost|p1a: Espathra|spe|1\n|upkeep\n|c|\u2606zwu.mei|oops\n|\n|t:|1698007425\n|switch|p2b: Walking Wake|Walking Wake|95\/100\n|turn|8\n|\n|t:|1698007445\n|move|p2b: Walking Wake|Hurricane|p1b: Meowscarada|[miss]\n|-miss|p2b: Walking Wake|p1b: Meowscarada\n|move|p1a: Espathra|Calm Mind|p1a: Espathra\n|-boost|p1a: Espathra|spa|1\n|-boost|p1a: Espathra|spd|1\n|move|p1b: Meowscarada|Flower Trick|p2b: Walking Wake\n|-crit|p2b: Walking Wake\n|-damage|p2b: Walking Wake|11\/100\n|move|p2a: Amoonguss|Pollen Puff|p2b: Walking Wake\n|-heal|p2b: Walking Wake|60\/100\n|\n|-heal|p1a: Espathra|94\/100|[from] item: Leftovers\n|-ability|p1a: Espathra|Speed Boost|boost\n|-boost|p1a: Espathra|spe|1\n|upkeep\n|turn|9\n|c|\u2606zwu.mei|gg\n|\n|t:|1698007469\n|move|p2b: Walking Wake|Hurricane|p1b: Meowscarada\n|-supereffective|p1b: Meowscarada\n|-damage|p1b: Meowscarada|0 fnt\n|faint|p1b: Meowscarada\n|move|p1a: Espathra|Stored Power|p2b: Walking Wake\n|-damage|p2b: Walking Wake|0 fnt\n|faint|p2b: Walking Wake\n|-end|p2b: Walking Wake|Protosynthesis|[silent]\n|move|p2a: Amoonguss|Pollen Puff|p2: Walking Wake|[notarget]\n|-fail|p2a: Amoonguss\n|\n|-heal|p1a: Espathra|99\/100|[from] item: Leftovers\n|-sideend|p2: zwu.mei|move: Tailwind\n|-ability|p1a: Espathra|Speed Boost|boost\n|-boost|p1a: Espathra|spe|1\n|upkeep\n|c|\u2606zwu.kei|gg\n|\n|t:|1698007493\n|switch|p1b: Kingambit|Kingambit, F|100\/100\n|switch|p2b: Basculegion|Basculegion-F, F, shiny|100\/100\n|-activate|p1b: Kingambit|ability: Supreme Overlord\n|-start|p1b: Kingambit|fallen3|[silent]\n|turn|10\n|\n|t:|1698007563\n|move|p1b: Kingambit|Sucker Punch|p2b: Basculegion\n|-supereffective|p2b: Basculegion\n|-damage|p2b: Basculegion|0 fnt\n|faint|p2b: Basculegion\n|move|p1a: Espathra|Dazzling Gleam|p2a: Amoonguss\n|-resisted|p2a: Amoonguss\n|-damage|p2a: Amoonguss|20\/100\n|move|p2a: Amoonguss|Clear Smog|p1a: Espathra\n|-end|p1a: Espathra|Substitute\n|\n|-heal|p1a: Espathra|100\/100|[from] item: Leftovers\n|-ability|p1a: Espathra|Speed Boost|boost\n|-boost|p1a: Espathra|spe|1\n|upkeep\n|-message|zwu.mei forfeited.\n|\n|win|zwu.kei\n|l|\u2606zwu.mei\n","uploadtime":1698007578,"views":8,"p1id":"zwukei","p2id":"zwumei","formatid":"gen9doublesou","rating":0,"private":0,"password":""}