{"id":"gen9doublesou-1993254558","p1":"Joshywashy0610","p2":"Sumlax","format":"[Gen 9] Doubles OU","log":"|j|\u2606Joshywashy0610\n|j|\u2606Sumlax\n|t:|1700284932\n|gametype|doubles\n|player|p1|Joshywashy0610|170|1384\n|player|p2|Sumlax|hilda-wonderlauncher|1404\n|teamsize|p1|6\n|teamsize|p2|6\n|gen|9\n|tier|[Gen 9] Doubles OU\n|rated|\n|rule|Species Clause: Limit one of each Pok\u00e9mon\n|rule|OHKO Clause: OHKO moves are banned\n|rule|Evasion Moves Clause: Evasion moves are banned\n|rule|Gravity Sleep Clause: The combination of sleep-inducing moves with imperfect accuracy and Gravity or Gigantamax Orbeetle are banned\n|rule|Endless Battle Clause: Forcing endless battles is banned\n|rule|HP Percentage Mod: HP is shown in percentages\n|clearpoke\n|poke|p1|Landorus-Therian, M|\n|poke|p1|Torkoal, F|\n|poke|p1|Ogerpon-Hearthflame, F|\n|poke|p1|Tornadus, M|\n|poke|p1|Chien-Pao|\n|poke|p1|Flutter Mane|\n|poke|p2|Kommo-o, M|\n|poke|p2|Glimmora, F|\n|poke|p2|Ninetales-Alola, F|\n|poke|p2|Rillaboom, F|\n|poke|p2|Milotic, M|\n|poke|p2|Umbreon, F|\n|teampreview\n|inactive|Battle timer is ON: inactive players will automatically lose when time's up. (requested by Joshywashy0610)\n|\n|t:|1700284964\n|start\n|switch|p1a: Tornadus|Tornadus, M|100\/100\n|switch|p1b: Ogerpon|Ogerpon-Hearthflame, F|100\/100\n|switch|p2a: Milotic|Milotic, M|100\/100\n|switch|p2b: Ninetales|Ninetales-Alola, F|100\/100\n|-ability|p1b: Ogerpon|Mold Breaker\n|-weather|Snow|[from] ability: Snow Warning|[of] p2b: Ninetales\n|turn|1\n|inactive|Sumlax has 120 seconds left.\n|\n|t:|1700285002\n|switch|p1b: Chien-Pao|Chien-Pao|100\/100\n|-ability|p1b: Chien-Pao|Sword of Ruin\n|switch|p2b: Glimmora|Glimmora, F|100\/100\n|move|p2a: Milotic|Protect|p2a: Milotic\n|-singleturn|p2a: Milotic|Protect\n|move|p1a: Tornadus|Taunt|p2b: Glimmora\n|-start|p2b: Glimmora|move: Taunt\n|\n|-weather|Snow|[upkeep]\n|upkeep\n|turn|2\n|\n|t:|1700285022\n|move|p1a: Tornadus|Tailwind|p1a: Tornadus\n|-sidestart|p1: Joshywashy0610|move: Tailwind\n|move|p1b: Chien-Pao|Sacred Sword|p2b: Glimmora\n|-damage|p2b: Glimmora|37\/100\n|-activate|p2b: Glimmora|ability: Toxic Debris\n|-sidestart|p1: Joshywashy0610|move: Toxic Spikes\n|-damage|p1b: Chien-Pao|91\/100|[from] item: Life Orb\n|move|p2b: Glimmora|Power Gem|p1b: Chien-Pao\n|-supereffective|p1b: Chien-Pao\n|-damage|p1b: Chien-Pao|0 fnt\n|faint|p1b: Chien-Pao\n|move|p2a: Milotic|Dragon Tail|p1a: Tornadus|[miss]\n|-miss|p2a: Milotic|p1a: Tornadus\n|\n|-weather|Snow|[upkeep]\n|upkeep\n|inactive|Joshywashy0610 has 120 seconds left.\n|\n|t:|1700285039\n|switch|p1b: Landorus|Landorus-Therian, M|100\/100\n|-ability|p1b: Landorus|Intimidate|boost\n|-unboost|p2a: Milotic|atk|1\n|-ability|p2a: Milotic|Competitive|boost\n|-boost|p2a: Milotic|spa|2\n|-unboost|p2b: Glimmora|atk|1\n|turn|3\n|\n|t:|1700285058\n|switch|p2b: Umbreon|Umbreon, F|100\/100\n|move|p1a: Tornadus|Bleakwind Storm|p2b: Umbreon|[spread] p2a,p2b\n|-damage|p2a: Milotic|81\/100\n|-damage|p2b: Umbreon|82\/100\n|-unboost|p2b: Umbreon|spe|1\n|move|p1b: Landorus|Stomping Tantrum|p2b: Umbreon\n|-damage|p2b: Umbreon|46\/100\n|move|p2a: Milotic|Scald|p1b: Landorus\n|-supereffective|p1b: Landorus\n|-damage|p1b: Landorus|17\/100\n|\n|-weather|Snow|[upkeep]\n|-heal|p2a: Milotic|87\/100|[from] item: Leftovers\n|-heal|p2b: Umbreon|52\/100|[from] item: Leftovers\n|upkeep\n|turn|4\n|\n|t:|1700285079\n|switch|p2b: Glimmora|Glimmora, F|37\/100\n|move|p1a: Tornadus|Taunt|p2b: Glimmora\n|-start|p2b: Glimmora|move: Taunt\n|move|p1b: Landorus|U-turn|p2b: Glimmora\n|-resisted|p2b: Glimmora\n|-damage|p2b: Glimmora|20\/100\n|-activate|p2b: Glimmora|ability: Toxic Debris\n|-sidestart|p1: Joshywashy0610|move: Toxic Spikes\n|\n|t:|1700285100\n|switch|p1b: Torkoal|Torkoal, F|100\/100|[from] U-turn\n|-status|p1b: Torkoal|tox\n|-weather|SunnyDay|[from] ability: Drought|[of] p1b: Torkoal\n|move|p2a: Milotic|Scald|p1b: Torkoal\n|-supereffective|p1b: Torkoal\n|-damage|p1b: Torkoal|23\/100 tox\n|-enditem|p1b: Torkoal|Eject Button\n|inactive|Joshywashy0610 has 120 seconds left.\n|\n|t:|1700285113\n|switch|p1b: Ogerpon|Ogerpon-Hearthflame, F|100\/100\n|-status|p1b: Ogerpon|tox\n|-ability|p1b: Ogerpon|Mold Breaker\n|\n|-weather|SunnyDay|[upkeep]\n|-heal|p2a: Milotic|93\/100|[from] item: Leftovers\n|-damage|p1b: Ogerpon|95\/100 tox|[from] psn\n|upkeep\n|turn|5\n|\n|t:|1700285137\n|move|p2a: Milotic|Protect|p2a: Milotic\n|-singleturn|p2a: Milotic|Protect\n|move|p1a: Tornadus|Bleakwind Storm|p2a: Milotic|[spread] p2b\n|-activate|p2a: Milotic|move: Protect\n|-resisted|p2b: Glimmora\n|-damage|p2b: Glimmora|0 fnt\n|faint|p2b: Glimmora\n|move|p1b: Ogerpon|Horn Leech|p2a: Milotic\n|-activate|p2a: Milotic|move: Protect\n|\n|-weather|SunnyDay|[upkeep]\n|-heal|p2a: Milotic|99\/100|[from] item: Leftovers\n|-damage|p1b: Ogerpon|83\/100 tox|[from] psn\n|-sideend|p1: Joshywashy0610|move: Tailwind\n|upkeep\n|\n|t:|1700285155\n|switch|p2b: Umbreon|Umbreon, F|52\/100\n|turn|6\n|\n|t:|1700285166\n|-terastallize|p1b: Ogerpon|Fire\n|detailschange|p1b: Ogerpon|Ogerpon-Hearthflame-Tera, F, tera:Fire\n|-ability|p1b: Ogerpon|Embody Aspect (Hearthflame)|boost\n|-boost|p1b: Ogerpon|atk|1\n|-terastallize|p2a: Milotic|Dragon\n|move|p1a: Tornadus|Bleakwind Storm|p2a: Milotic|[spread] p2a,p2b\n|-damage|p2a: Milotic|78\/100\n|-damage|p2b: Umbreon|34\/100\n|move|p1b: Ogerpon|Horn Leech|p2a: Milotic\n|-resisted|p2a: Milotic\n|-damage|p2a: Milotic|44\/100\n|-heal|p1b: Ogerpon|100\/100 tox|[from] drain|[of] p2a: Milotic\n|move|p2a: Milotic|Scald|p1b: Ogerpon\n|-supereffective|p1b: Ogerpon\n|-damage|p1b: Ogerpon|32\/100 tox\n|move|p2b: Umbreon|Yawn|p1a: Tornadus\n|-start|p1a: Tornadus|move: Yawn|[of] p2b: Umbreon\n|\n|-weather|SunnyDay|[upkeep]\n|-heal|p2a: Milotic|50\/100|[from] item: Leftovers\n|-heal|p2b: Umbreon|40\/100|[from] item: Leftovers\n|-damage|p1b: Ogerpon|14\/100 tox|[from] psn\n|upkeep\n|turn|7\n|\n|t:|1700285188\n|move|p2a: Milotic|Protect|p2a: Milotic\n|-singleturn|p2a: Milotic|Protect\n|move|p1a: Tornadus|Bleakwind Storm|p2a: Milotic|[spread] p2b\n|-activate|p2a: Milotic|move: Protect\n|-damage|p2b: Umbreon|19\/100\n|-unboost|p2b: Umbreon|spe|1\n|move|p1b: Ogerpon|Horn Leech|p2b: Umbreon\n|-crit|p2b: Umbreon\n|-damage|p2b: Umbreon|0 fnt\n|-heal|p1b: Ogerpon|26\/100 tox|[from] drain|[of] p2b: Umbreon\n|faint|p2b: Umbreon\n|\n|-weather|SunnyDay|[upkeep]\n|-heal|p2a: Milotic|56\/100|[from] item: Leftovers\n|-damage|p1b: Ogerpon|2\/100 tox|[from] psn\n|-end|p1a: Tornadus|move: Yawn|[silent]\n|-status|p1a: Tornadus|slp\n|upkeep\n|\n|t:|1700285203\n|switch|p2b: Rillaboom|Rillaboom, F|100\/100\n|-fieldstart|move: Grassy Terrain|[from] ability: Grassy Surge|[of] p2b: Rillaboom\n|turn|8\n|\n|t:|1700285225\n|cant|p1a: Tornadus|slp\n|move|p1b: Ogerpon|Spiky Shield|p1b: Ogerpon\n|-singleturn|p1b: Ogerpon|move: Protect\n|move|p2b: Rillaboom|Fake Out|p1b: Ogerpon\n|-activate|p1b: Ogerpon|move: Protect\n|-damage|p2b: Rillaboom|88\/100|[from] Spiky Shield|[of] p1b: Ogerpon\n|move|p2a: Milotic|Scald|p1a: Tornadus\n|-damage|p1a: Tornadus|62\/100 slp\n|\n|-weather|none\n|-heal|p1b: Ogerpon|8\/100 tox|[from] Grassy Terrain\n|-heal|p2b: Rillaboom|94\/100|[from] Grassy Terrain\n|-heal|p2a: Milotic|62\/100|[from] Grassy Terrain\n|-heal|p2a: Milotic|68\/100|[from] item: Leftovers\n|-damage|p1b: Ogerpon|0 fnt|[from] psn\n|faint|p1b: Ogerpon\n|upkeep\n|\n|t:|1700285235\n|switch|p1b: Flutter Mane|Flutter Mane|100\/100\n|-status|p1b: Flutter Mane|tox\n|-enditem|p1b: Flutter Mane|Booster Energy\n|-activate|p1b: Flutter Mane|ability: Protosynthesis|[fromitem]\n|-start|p1b: Flutter Mane|protosynthesisspe\n|turn|9\n|\n|t:|1700285253\n|move|p2a: Milotic|Protect|p2a: Milotic\n|-singleturn|p2a: Milotic|Protect\n|cant|p1a: Tornadus|slp\n|move|p2b: Rillaboom|Grassy Glide|p1b: Flutter Mane\n|-damage|p1b: Flutter Mane|49\/100 tox\n|move|p1b: Flutter Mane|Dazzling Gleam|p2a: Milotic|[spread] p2b\n|-activate|p2a: Milotic|move: Protect\n|-damage|p2b: Rillaboom|75\/100\n|\n|-heal|p1b: Flutter Mane|55\/100 tox|[from] Grassy Terrain\n|-heal|p2b: Rillaboom|81\/100|[from] Grassy Terrain\n|-heal|p2a: Milotic|74\/100|[from] Grassy Terrain\n|-heal|p2a: Milotic|80\/100|[from] item: Leftovers\n|-damage|p1b: Flutter Mane|49\/100 tox|[from] psn\n|upkeep\n|turn|10\n|\n|t:|1700285272\n|move|p2b: Rillaboom|Grassy Glide|p1b: Flutter Mane\n|-damage|p1b: Flutter Mane|0 fnt\n|faint|p1b: Flutter Mane\n|-end|p1b: Flutter Mane|Protosynthesis|[silent]\n|-curestatus|p1a: Tornadus|slp|[msg]\n|move|p1a: Tornadus|Bleakwind Storm|p2b: Rillaboom|[spread] p2a,p2b\n|-supereffective|p2b: Rillaboom\n|-damage|p2a: Milotic|60\/100\n|-damage|p2b: Rillaboom|20\/100\n|-unboost|p2a: Milotic|spe|1\n|-ability|p2a: Milotic|Competitive|boost\n|-boost|p2a: Milotic|spa|2\n|move|p2a: Milotic|Scald|p1a: Tornadus\n|-damage|p1a: Tornadus|0 fnt\n|faint|p1a: Tornadus\n|\n|-heal|p2b: Rillaboom|26\/100|[from] Grassy Terrain\n|-heal|p2a: Milotic|66\/100|[from] Grassy Terrain\n|-heal|p2a: Milotic|72\/100|[from] item: Leftovers\n|upkeep\n|\n|t:|1700285277\n|switch|p1b: Torkoal|Torkoal, F|23\/100 tox\n|switch|p1a: Landorus|Landorus-Therian, M|17\/100\n|-ability|p1a: Landorus|Intimidate|boost\n|-unboost|p2a: Milotic|atk|1\n|-ability|p2a: Milotic|Competitive|boost\n|-boost|p2a: Milotic|spa|2\n|-unboost|p2b: Rillaboom|atk|1\n|-weather|SunnyDay|[from] ability: Drought|[of] p1b: Torkoal\n|turn|11\n|-message|Joshywashy0610 forfeited.\n|\n|win|Sumlax\n|raw|Joshywashy0610's rating: 1384 &rarr; <strong>1365<\/strong><br \/>(-19 for losing)\n|raw|Sumlax's rating: 1404 &rarr; <strong>1423<\/strong><br \/>(+19 for winning)\n|l|\u2606Joshywashy0610\n|c|\u2606Sumlax|gg\n","uploadtime":1700285287,"views":5,"p1id":"joshywashy0610","p2id":"sumlax","formatid":"gen9doublesou","rating":1365,"private":0,"password":""}