{"id":"gen9doublesou-1973453815","p1":"eskittienyan2911","p2":"cobaya fighter","format":"[Gen 9] Doubles OU","log":"|j|\u2606eskittienyan2911\n|j|\u2606cobaya fighter\n|inactive|Battle timer is ON: inactive players will automatically lose when time's up.\n|t:|1697978055\n|gametype|doubles\n|player|p1|eskittienyan2911|grimsley|\n|player|p2|cobaya fighter|101|\n|teamsize|p1|6\n|teamsize|p2|6\n|gen|9\n|tier|[Gen 9] Doubles OU\n|rated|Tournament battle\n|rule|Species Clause: Limit one of each Pok\u00e9mon\n|rule|OHKO Clause: OHKO moves are banned\n|rule|Evasion Moves Clause: Evasion moves are banned\n|rule|Gravity Sleep Clause: The combination of sleep-inducing moves with imperfect accuracy and Gravity or Gigantamax Orbeetle are banned\n|rule|Endless Battle Clause: Forcing endless battles is banned\n|rule|HP Percentage Mod: HP is shown in percentages\n|clearpoke\n|poke|p1|Marill, F|\n|poke|p1|Litleo, F|\n|poke|p1|Yanma, M|\n|poke|p1|Flabe\u0301be\u0301, F|\n|poke|p1|Braixen, M|\n|poke|p1|Corviknight, M|\n|poke|p2|Gholdengo|\n|poke|p2|Tarountula, M|\n|poke|p2|Gurdurr, M|\n|poke|p2|Infernape, M|\n|poke|p2|Igglybuff, M|\n|poke|p2|Piplup, M|\n|teampreview\n|j|*Lady Monita \u263d\n|c|\u2606eskittienyan2911|Glhf\n|\n|t:|1697978069\n|start\n|switch|p1a: Yanma|Yanma, M, shiny|100\/100\n|switch|p1b: Litleo|Litleo, F|100\/100\n|switch|p2a: Tarountula|Tarountula, M|100\/100\n|switch|p2b: Infernape|Infernape, M|100\/100\n|turn|1\n|\n|t:|1697978084\n|move|p1a: Yanma|Protect|p1a: Yanma\n|-singleturn|p1a: Yanma|Protect\n|move|p2b: Infernape|Fake Out|p1b: Litleo\n|-damage|p1b: Litleo|68\/100\n|-damage|p2b: Infernape|91\/100|[from] item: Life Orb\n|cant|p1b: Litleo|flinch\n|move|p2a: Tarountula|Sticky Web|p1a: Yanma\n|-sidestart|p1: eskittienyan2911|move: Sticky Web\n|\n|-ability|p1a: Yanma|Speed Boost|boost\n|-boost|p1a: Yanma|spe|1\n|upkeep\n|turn|2\n|\n|t:|1697978105\n|-terastallize|p1a: Yanma|Ghost\n|move|p2b: Infernape|Mach Punch|p1b: Litleo\n|-supereffective|p1b: Litleo\n|-damage|p1b: Litleo|0 fnt\n|faint|p1b: Litleo\n|-damage|p2b: Infernape|81\/100|[from] item: Life Orb\n|move|p1a: Yanma|Shadow Ball|p2a: Tarountula\n|-damage|p2a: Tarountula|25\/100\n|move|p2a: Tarountula|Knock Off|p1a: Yanma\n|-supereffective|p1a: Yanma\n|-damage|p1a: Yanma|10\/100\n|-enditem|p1a: Yanma|Focus Sash|[from] move: Knock Off|[of] p2a: Tarountula\n|\n|-ability|p1a: Yanma|Speed Boost|boost\n|-boost|p1a: Yanma|spe|1\n|upkeep\n|inactive|eskittienyan2911 has 120 seconds left.\n|\n|t:|1697978124\n|switch|p1b: Marill|Marill, F|100\/100\n|-activate|p1b: Marill|move: Sticky Web\n|-unboost|p1b: Marill|spe|1\n|turn|3\n|\n|t:|1697978136\n|switch|p2b: Igglybuff|Igglybuff, M|100\/100\n|move|p1b: Marill|Aqua Jet|p2b: Igglybuff\n|-damage|p2b: Igglybuff|43\/100\n|move|p2a: Tarountula|Sucker Punch|p1a: Yanma\n|-supereffective|p1a: Yanma\n|-damage|p1a: Yanma|0 fnt\n|faint|p1a: Yanma\n|\n|upkeep\n|\n|t:|1697978146\n|switch|p1a: Corviknight|Corviknight, M|100\/100\n|-ability|p1a: Corviknight|Pressure\n|turn|4\n|\n|t:|1697978160\n|move|p1b: Marill|Aqua Jet|p2b: Igglybuff\n|-damage|p2b: Igglybuff|0 fnt\n|faint|p2b: Igglybuff\n|move|p1a: Corviknight|Bulk Up|p1a: Corviknight\n|-boost|p1a: Corviknight|atk|1\n|-boost|p1a: Corviknight|def|1\n|move|p2a: Tarountula|Lunge|p1b: Marill\n|-resisted|p1b: Marill\n|-damage|p1b: Marill|81\/100\n|-unboost|p1b: Marill|atk|1\n|\n|upkeep\n|j| CoffeeDonkey\n|l| CoffeeDonkey\n|\n|t:|1697978176\n|switch|p2b: Gurdurr|Gurdurr, M|100\/100\n|turn|5\n|\n|t:|1697978188\n|move|p1b: Marill|Aqua Jet|p2a: Tarountula\n|-damage|p2a: Tarountula|0 fnt\n|faint|p2a: Tarountula\n|move|p1a: Corviknight|Bulk Up|p1a: Corviknight\n|-boost|p1a: Corviknight|atk|1\n|-boost|p1a: Corviknight|def|1\n|move|p2b: Gurdurr|Fire Punch|p1a: Corviknight\n|-supereffective|p1a: Corviknight\n|-damage|p1a: Corviknight|77\/100\n|\n|-heal|p1a: Corviknight|83\/100|[from] item: Leftovers\n|upkeep\n|\n|t:|1697978198\n|switch|p2a: Gholdengo|Gholdengo|100\/100\n|turn|6\n|\n|t:|1697978213\n|-terastallize|p2a: Gholdengo|Flying\n|move|p2a: Gholdengo|Nasty Plot|p2a: Gholdengo\n|-boost|p2a: Gholdengo|spa|2\n|move|p1a: Corviknight|Brave Bird|p2b: Gurdurr\n|-supereffective|p2b: Gurdurr\n|-damage|p2b: Gurdurr|0 fnt\n|faint|p2b: Gurdurr\n|-damage|p1a: Corviknight|52\/100|[from] Recoil\n|move|p1b: Marill|Knock Off|p2a: Gholdengo\n|-damage|p2a: Gholdengo|83\/100\n|-enditem|p2a: Gholdengo|Focus Sash|[from] move: Knock Off|[of] p1b: Marill\n|\n|-heal|p1a: Corviknight|59\/100|[from] item: Leftovers\n|upkeep\n|\n|t:|1697978226\n|switch|p2b: Infernape|Infernape, M|81\/100\n|turn|7\n|\n|t:|1697978235\n|move|p2b: Infernape|Fake Out|p1a: Corviknight\n|-resisted|p1a: Corviknight\n|-damage|p1a: Corviknight|56\/100\n|-damage|p2b: Infernape|71\/100|[from] item: Life Orb\n|move|p1b: Marill|Aqua Jet|p2b: Infernape\n|-supereffective|p2b: Infernape\n|-damage|p2b: Infernape|32\/100\n|move|p2a: Gholdengo|Shadow Ball|p1a: Corviknight\n|-damage|p1a: Corviknight|0 fnt\n|faint|p1a: Corviknight\n|\n|upkeep\n|\n|t:|1697978249\n|switch|p1a: Braixen|Braixen, M, shiny|100\/100\n|-activate|p1a: Braixen|move: Sticky Web\n|-unboost|p1a: Braixen|spe|1\n|turn|8\n|\n|t:|1697978256\n|switch|p2b: Piplup|Piplup, M|100\/100\n|move|p2a: Gholdengo|Make It Rain|p1a: Braixen|[spread] p1a,p1b\n|-resisted|p1a: Braixen\n|-damage|p1a: Braixen|22\/100\n|-damage|p1b: Marill|0 fnt\n|-unboost|p2a: Gholdengo|spa|1\n|-enditem|p1a: Braixen|Aguav Berry|[eat]\n|-heal|p1a: Braixen|55\/100|[from] item: Aguav Berry\n|faint|p1b: Marill\n|move|p1a: Braixen|Psychic|p2b: Piplup\n|-damage|p2b: Piplup|58\/100\n|-item|p1a: Braixen|Leftovers|[from] ability: Magician|[of] p2b: Piplup\n|\n|-heal|p1a: Braixen|61\/100|[from] item: Leftovers\n|upkeep\n|\n|t:|1697978272\n|switch|p1b: Flabe\u0301be\u0301|Flabe\u0301be\u0301, F|100\/100\n|-activate|p1b: Flabe\u0301be\u0301|move: Sticky Web\n|-unboost|p1b: Flabe\u0301be\u0301|spe|1\n|turn|9\n|\n|t:|1697978285\n|move|p2a: Gholdengo|Make It Rain|p1b: Flabe\u0301be\u0301|[spread] p1a,p1b\n|-resisted|p1a: Braixen\n|-supereffective|p1b: Flabe\u0301be\u0301\n|-damage|p1a: Braixen|10\/100\n|-damage|p1b: Flabe\u0301be\u0301|0 fnt\n|-unboost|p2a: Gholdengo|spa|1\n|faint|p1b: Flabe\u0301be\u0301\n|move|p1a: Braixen|Flamethrower|p2a: Gholdengo\n|-crit|p2a: Gholdengo\n|-damage|p2a: Gholdengo|22\/100\n|move|p2b: Piplup|Hydro Pump|p1a: Braixen\n|-supereffective|p1a: Braixen\n|-damage|p1a: Braixen|0 fnt\n|faint|p1a: Braixen\n|\n|win|cobaya fighter\n|n|\u2606eskittienyan2911|eskittienyan2911\n|n|\u2606cobaya fighter|cobayafighter\n|n|*Lady Monita \u263d|ladymonita\n","uploadtime":1697978286,"views":13,"p1id":"eskittienyan2911","p2id":"cobayafighter","formatid":"gen9doublesou","rating":0,"private":0,"password":""}