{"id":"gen9doublesou-1970611936","p1":"The real piva","p2":"jorgesalvaje xd","format":"[Gen 9] Doubles OU","log":"|j|\u2606The real piva\n|j|\u2606jorgesalvaje xd\n|t:|1697652355\n|gametype|doubles\n|player|p1|The real piva|n|1068\n|player|p2|jorgesalvaje xd|hilbert-wonderlauncher|1037\n|teamsize|p1|6\n|teamsize|p2|6\n|gen|9\n|tier|[Gen 9] Doubles OU\n|rated|\n|rule|Species Clause: Limit one of each Pok\u00e9mon\n|rule|OHKO Clause: OHKO moves are banned\n|rule|Evasion Moves Clause: Evasion moves are banned\n|rule|Gravity Sleep Clause: The combination of sleep-inducing moves with imperfect accuracy and Gravity or Gigantamax Orbeetle are banned\n|rule|Endless Battle Clause: Forcing endless battles is banned\n|rule|HP Percentage Mod: HP is shown in percentages\n|clearpoke\n|poke|p1|Goodra-Hisui, F|\n|poke|p1|Infernape, F|\n|poke|p1|Gardevoir, M|\n|poke|p1|Iron Jugulis|\n|poke|p1|Gastrodon-East, M|\n|poke|p1|Voltorb-Hisui|\n|poke|p2|Brute Bonnet|\n|poke|p2|Leafeon, F|\n|poke|p2|Ninetales, M|\n|poke|p2|Walking Wake|\n|poke|p2|Lilligant, F|\n|poke|p2|Ogerpon-Hearthflame, F|\n|teampreview\n|inactive|Battle timer is ON: inactive players will automatically lose when time's up. (requested by jorgesalvaje xd)\n|\n|t:|1697652367\n|start\n|switch|p1a: Madara|Infernape, F|100\/100\n|switch|p1b: Zoro|Iron Jugulis|100\/100\n|switch|p2a: Walking Wake|Walking Wake|100\/100\n|switch|p2b: Lilligant|Lilligant, F|100\/100\n|-enditem|p1b: Zoro|Booster Energy\n|-activate|p1b: Zoro|ability: Quark Drive|[fromitem]\n|-start|p1b: Zoro|quarkdrivespa\n|turn|1\n|\n|t:|1697652381\n|move|p2a: Walking Wake|Sunny Day|p2a: Walking Wake\n|-weather|SunnyDay\n|-activate|p2a: Walking Wake|ability: Protosynthesis\n|-start|p2a: Walking Wake|protosynthesisspa\n|move|p2b: Lilligant|Growth|p2b: Lilligant\n|-boost|p2b: Lilligant|atk|2\n|-boost|p2b: Lilligant|spa|2\n|move|p1b: Zoro|Air Slash|p2b: Lilligant\n|-supereffective|p2b: Lilligant\n|-enditem|p2b: Lilligant|Focus Sash\n|-damage|p2b: Lilligant|1\/100\n|move|p1a: Madara|U-turn|p2a: Walking Wake\n|-damage|p2a: Walking Wake|79\/100\n|\n|t:|1697652394\n|switch|p1a: Minato|Voltorb-Hisui|100\/100|[from] U-turn\n|\n|-weather|SunnyDay|[upkeep]\n|upkeep\n|turn|2\n|\n|t:|1697652421\n|move|p2b: Lilligant|Pollen Puff|p1a: Minato\n|-supereffective|p1a: Minato\n|-damage|p1a: Minato|0 fnt\n|faint|p1a: Minato\n|move|p2a: Walking Wake|Hydro Steam|p1b: Zoro\n|-damage|p1b: Zoro|0 fnt\n|faint|p1b: Zoro\n|-end|p1b: Zoro|Quark Drive|[silent]\n|-damage|p2a: Walking Wake|69\/100|[from] item: Life Orb\n|\n|-weather|SunnyDay|[upkeep]\n|upkeep\n|\n|t:|1697652442\n|switch|p1b: Sirio|Goodra-Hisui, F, shiny|100\/100\n|switch|p1a: CC|Gardevoir, M|100\/100\n|turn|3\n|\n|t:|1697652468\n|-terastallize|p2b: Lilligant|Ground\n|move|p2b: Lilligant|Tera Blast|p1b: Sirio|[anim] Tera Blast Ground\n|-supereffective|p1b: Sirio\n|-damage|p1b: Sirio|8\/100\n|move|p2a: Walking Wake|Hydro Steam|p1a: CC\n|-damage|p1a: CC|0 fnt\n|faint|p1a: CC\n|-damage|p2a: Walking Wake|59\/100|[from] item: Life Orb\n|move|p1b: Sirio|Outrage|p2a: Walking Wake\n|-supereffective|p2a: Walking Wake\n|-damage|p2a: Walking Wake|0 fnt\n|faint|p2a: Walking Wake\n|-end|p2a: Walking Wake|Protosynthesis|[silent]\n|\n|-weather|SunnyDay|[upkeep]\n|upkeep\n|\n|t:|1697652483\n|switch|p2a: Leafeon|Leafeon, F|100\/100\n|switch|p1a: Gastrodon|Gastrodon-East, M|100\/100\n|turn|4\n|\n|t:|1697652492\n|-terastallize|p1a: Gastrodon|Poison\n|move|p2b: Lilligant|Tera Blast|p1b: Sirio|[anim] Tera Blast Ground\n|-supereffective|p1b: Sirio\n|-damage|p1b: Sirio|0 fnt\n|faint|p1b: Sirio\n|move|p2a: Leafeon|Solar Blade||[still]\n|-prepare|p2a: Leafeon|Solar Blade\n|-anim|p2a: Leafeon|Solar Blade|p1a: Gastrodon\n|-resisted|p1a: Gastrodon\n|-damage|p1a: Gastrodon|68\/100\n|move|p1a: Gastrodon|Sludge Bomb|p2a: Leafeon\n|-supereffective|p2a: Leafeon\n|-damage|p2a: Leafeon|17\/100\n|\n|-weather|SunnyDay|[upkeep]\n|upkeep\n|\n|t:|1697652506\n|switch|p1b: Madara|Infernape, F|100\/100\n|turn|5\n|\n|t:|1697652516\n|move|p2b: Lilligant|Tera Blast|p1a: Gastrodon|[anim] Tera Blast Ground\n|-supereffective|p1a: Gastrodon\n|-damage|p1a: Gastrodon|0 fnt\n|faint|p1a: Gastrodon\n|move|p2a: Leafeon|Aerial Ace|p1b: Madara\n|-supereffective|p1b: Madara\n|-damage|p1b: Madara|49\/100\n|move|p1b: Madara|Close Combat|p2a: Leafeon\n|-damage|p2a: Leafeon|0 fnt\n|-unboost|p1b: Madara|def|1\n|-unboost|p1b: Madara|spd|1\n|faint|p2a: Leafeon\n|-heal|p1b: Madara|51\/100|[from] item: Shell Bell|[of] p2: Leafeon\n|\n|-weather|none\n|upkeep\n|\n|t:|1697652525\n|switch|p2a: Ninetales|Ninetales, M|100\/100\n|-weather|SunnyDay|[from] ability: Drought|[of] p2a: Ninetales\n|turn|6\n|n|!The real piva|therealpiva\n|inactive|The real piva has 120 seconds left.\n|-message|The real piva forfeited.\n|\n|win|jorgesalvaje xd\n|raw|The real piva's rating: 1068 &rarr; <strong>1046<\/strong><br \/>(-22 for losing)\n|raw|jorgesalvaje xd's rating: 1037 &rarr; <strong>1075<\/strong><br \/>(+38 for winning)\n|l|!The real piva\n","uploadtime":1697652538,"views":13,"p1id":"therealpiva","p2id":"jorgesalvajexd","formatid":"gen9doublesou","rating":1046,"private":0,"password":""}