{"id":"gen9doublesou-1984936044","p1":"razregent\/j","p2":"lonelydumbass","format":"[Gen 9] Doubles OU","log":"|j|\u2606razregent\/j\n|j|\u2606lonelydumbass\n|t:|1699312496\n|gametype|doubles\n|player|p1|razregent\/j|169|1354\n|player|p2|lonelydumbass|guitarist-gen4|1284\n|teamsize|p1|6\n|teamsize|p2|6\n|gen|9\n|tier|[Gen 9] Doubles OU\n|rated|\n|rule|Species Clause: Limit one of each Pok\u00e9mon\n|rule|OHKO Clause: OHKO moves are banned\n|rule|Evasion Moves Clause: Evasion moves are banned\n|rule|Gravity Sleep Clause: The combination of sleep-inducing moves with imperfect accuracy and Gravity or Gigantamax Orbeetle are banned\n|rule|Endless Battle Clause: Forcing endless battles is banned\n|rule|HP Percentage Mod: HP is shown in percentages\n|clearpoke\n|poke|p1|Chien-Pao|\n|poke|p1|Iron Hands|\n|poke|p1|Kingambit, M|\n|poke|p1|Roaring Moon|\n|poke|p1|Conkeldurr, M|\n|poke|p1|Ogerpon-Hearthflame, F|\n|poke|p2|Ursaluna-Bloodmoon, M|\n|poke|p2|Cresselia, F|\n|poke|p2|Slowking-Galar, M|\n|poke|p2|Amoonguss, M|\n|poke|p2|Kingambit, M|\n|poke|p2|Flutter Mane|\n|teampreview\n|\n|t:|1699312541\n|start\n|switch|p1a: Conkeldurr|Conkeldurr, M|100\/100\n|switch|p1b: Iron Hands|Iron Hands|100\/100\n|switch|p2a: Amoonguss|Amoonguss, M|100\/100\n|switch|p2b: What does he do?|Slowking-Galar, M|100\/100\n|turn|1\n|\n|t:|1699312552\n|move|p1a: Conkeldurr|Protect|p1a: Conkeldurr\n|-singleturn|p1a: Conkeldurr|Protect\n|move|p1b: Iron Hands|Fake Out|p2b: What does he do?\n|-damage|p2b: What does he do?|85\/100\n|move|p2a: Amoonguss|Spore|p1b: Iron Hands\n|-status|p1b: Iron Hands|slp|[from] move: Spore\n|cant|p2b: What does he do?|flinch\n|\n|-status|p1a: Conkeldurr|brn|[from] item: Flame Orb\n|upkeep\n|turn|2\n|\n|t:|1699312592\n|cant|p1b: Iron Hands|slp\n|move|p1a: Conkeldurr|Facade|p2b: What does he do?\n|-damage|p2b: What does he do?|8\/100\n|move|p2a: Amoonguss|Leaf Storm|p1a: Conkeldurr\n|-damage|p1a: Conkeldurr|52\/100 brn\n|-unboost|p2a: Amoonguss|spa|2\n|move|p2b: What does he do?|Trick Room|p2b: What does he do?\n|-fieldstart|move: Trick Room|[of] p2b: What does he do?\n|\n|-damage|p1a: Conkeldurr|46\/100 brn|[from] brn\n|upkeep\n|turn|3\n|\n|t:|1699312611\n|switch|p2a: Revenge Killer #5|Kingambit, M|100\/100\n|-end|p1b: Iron Hands|Quark Drive|[silent]\n|switch|p1b: Chien-Pao|Chien-Pao|100\/100\n|-ability|p1b: Chien-Pao|Sword of Ruin\n|move|p1a: Conkeldurr|Mach Punch|p2b: What does he do?\n|-resisted|p2b: What does he do?\n|-damage|p2b: What does he do?|0 fnt\n|faint|p2b: What does he do?\n|\n|-damage|p1a: Conkeldurr|40\/100 brn|[from] brn\n|upkeep\n|\n|t:|1699312625\n|switch|p2b: Amoonguss|Amoonguss, M|100\/100\n|turn|4\n|\n|t:|1699312689\n|-end|p2a: Revenge Killer #5|fallenundefined|[silent]\n|switch|p2a: Healbot #1|Cresselia, F|100\/100\n|move|p1a: Conkeldurr|Mach Punch|p2a: Healbot #1\n|-resisted|p2a: Healbot #1\n|-damage|p2a: Healbot #1|84\/100\n|move|p2b: Amoonguss|Leaf Storm|p1a: Conkeldurr\n|-damage|p1a: Conkeldurr|0 fnt\n|-unboost|p2b: Amoonguss|spa|2\n|faint|p1a: Conkeldurr\n|move|p1b: Chien-Pao|Ice Spinner|p2b: Amoonguss\n|-supereffective|p2b: Amoonguss\n|-damage|p2b: Amoonguss|5\/100\n|\n|-heal|p2b: Amoonguss|11\/100|[from] item: Leftovers\n|-heal|p2a: Healbot #1|90\/100|[from] item: Leftovers\n|upkeep\n|\n|t:|1699312692\n|switch|p1a: Kingambit|Kingambit, M|100\/100\n|-activate|p1a: Kingambit|ability: Supreme Overlord\n|-start|p1a: Kingambit|fallen1|[silent]\n|turn|5\n|\n|t:|1699312710\n|move|p2a: Healbot #1|Ally Switch|p2a: Healbot #1\n|swap|p2a: Healbot #1|1|[from] move: Ally Switch\n|move|p2a: Amoonguss|Spore|p1a: Kingambit\n|-status|p1a: Kingambit|slp|[from] move: Spore\n|cant|p1a: Kingambit|slp\n|move|p1b: Chien-Pao|Ice Spinner|p2b: Healbot #1\n|-damage|p2b: Healbot #1|58\/100\n|\n|-heal|p2a: Amoonguss|17\/100|[from] item: Leftovers\n|-heal|p2b: Healbot #1|64\/100|[from] item: Leftovers\n|upkeep\n|turn|6\n|\n|t:|1699312727\n|switch|p2b: Revenge Killer #5|Kingambit, M|100\/100\n|-activate|p2b: Revenge Killer #5|ability: Supreme Overlord\n|-start|p2b: Revenge Killer #5|fallen1|[silent]\n|move|p2a: Amoonguss|Spore|p1b: Chien-Pao\n|-status|p1b: Chien-Pao|slp|[from] move: Spore\n|-curestatus|p1a: Kingambit|slp|[msg]\n|move|p1a: Kingambit|Kowtow Cleave|p2a: Amoonguss\n|-damage|p2a: Amoonguss|0 fnt\n|faint|p2a: Amoonguss\n|-damage|p1a: Kingambit|91\/100|[from] item: Life Orb\n|cant|p1b: Chien-Pao|slp\n|\n|-fieldend|move: Trick Room\n|upkeep\n|\n|t:|1699312734\n|switch|p2a: Healbot #1|Cresselia, F|64\/100\n|turn|7\n|\n|t:|1699312747\n|-terastallize|p2a: Healbot #1|Steel\n|-curestatus|p1b: Chien-Pao|slp|[msg]\n|move|p1b: Chien-Pao|Ice Spinner|p2a: Healbot #1\n|-resisted|p2a: Healbot #1\n|-damage|p2a: Healbot #1|46\/100\n|move|p1a: Kingambit|Kowtow Cleave|p2b: Revenge Killer #5\n|-resisted|p2b: Revenge Killer #5\n|-damage|p2b: Revenge Killer #5|63\/100\n|-damage|p1a: Kingambit|81\/100|[from] item: Life Orb\n|move|p2b: Revenge Killer #5|Swords Dance|p2b: Revenge Killer #5\n|-boost|p2b: Revenge Killer #5|atk|2\n|move|p2a: Healbot #1|Trick Room|p2a: Healbot #1\n|-fieldstart|move: Trick Room|[of] p2a: Healbot #1\n|\n|-heal|p2a: Healbot #1|52\/100|[from] item: Leftovers\n|upkeep\n|turn|8\n|\n|t:|1699312764\n|move|p2b: Revenge Killer #5|Kowtow Cleave|p1a: Kingambit\n|-resisted|p1a: Kingambit\n|-damage|p1a: Kingambit|24\/100\n|move|p1a: Kingambit|Brick Break|p2a: Healbot #1\n|-supereffective|p2a: Healbot #1\n|-damage|p2a: Healbot #1|0 fnt\n|faint|p2a: Healbot #1\n|-damage|p1a: Kingambit|14\/100|[from] item: Life Orb\n|move|p1b: Chien-Pao|Ice Spinner|p2b: Revenge Killer #5\n|-resisted|p2b: Revenge Killer #5\n|-damage|p2b: Revenge Killer #5|43\/100\n|\n|upkeep\n|\n|t:|1699312769\n|switch|p2a: 4TurnsInTrickRoom|Ursaluna-Bloodmoon, M|100\/100\n|turn|9\n|\n|t:|1699312784\n|move|p1a: Kingambit|Sucker Punch||[still]\n|-fail|p1a: Kingambit\n|move|p2a: 4TurnsInTrickRoom|Calm Mind|p2a: 4TurnsInTrickRoom\n|-boost|p2a: 4TurnsInTrickRoom|spa|1\n|-boost|p2a: 4TurnsInTrickRoom|spd|1\n|move|p2b: Revenge Killer #5|Iron Head|p1b: Chien-Pao\n|-supereffective|p1b: Chien-Pao\n|-damage|p1b: Chien-Pao|0 fnt\n|faint|p1b: Chien-Pao\n|\n|upkeep\n|\n|t:|1699312786\n|switch|p1b: Iron Hands|Iron Hands|100\/100 slp\n|turn|10\n|\n|t:|1699312806\n|-curestatus|p1b: Iron Hands|slp|[msg]\n|move|p1b: Iron Hands|Fake Out|p2b: Revenge Killer #5\n|-resisted|p2b: Revenge Killer #5\n|-damage|p2b: Revenge Killer #5|37\/100\n|cant|p2b: Revenge Killer #5|flinch\n|move|p2a: 4TurnsInTrickRoom|Earth Power|p1b: Iron Hands\n|-supereffective|p1b: Iron Hands\n|-damage|p1b: Iron Hands|27\/100\n|move|p1a: Kingambit|Brick Break|p2a: 4TurnsInTrickRoom\n|-supereffective|p2a: 4TurnsInTrickRoom\n|-damage|p2a: 4TurnsInTrickRoom|51\/100\n|-damage|p1a: Kingambit|4\/100|[from] item: Life Orb\n|\n|-heal|p2a: 4TurnsInTrickRoom|57\/100|[from] item: Leftovers\n|upkeep\n|turn|11\n|\n|t:|1699312842\n|move|p1a: Kingambit|Sucker Punch|p2a: 4TurnsInTrickRoom\n|-damage|p2a: 4TurnsInTrickRoom|23\/100\n|-damage|p1a: Kingambit|0 fnt|[from] item: Life Orb\n|faint|p1a: Kingambit\n|-end|p1a: Kingambit|fallen1|[silent]\n|move|p2a: 4TurnsInTrickRoom|Earth Power|p1b: Iron Hands\n|-supereffective|p1b: Iron Hands\n|-damage|p1b: Iron Hands|0 fnt\n|faint|p1b: Iron Hands\n|-end|p1b: Iron Hands|Quark Drive|[silent]\n|move|p2b: Revenge Killer #5|Kowtow Cleave|p1: Kingambit|[notarget]\n|-fail|p2b: Revenge Killer #5\n|\n|-heal|p2a: 4TurnsInTrickRoom|29\/100|[from] item: Leftovers\n|-fieldend|move: Trick Room\n|upkeep\n|\n|t:|1699312846\n|switch|p1a: Roaring Moon|Roaring Moon|100\/100\n|switch|p1b: Ogerpon|Ogerpon-Hearthflame, F|100\/100\n|-ability|p1b: Ogerpon|Mold Breaker\n|-enditem|p1a: Roaring Moon|Booster Energy\n|-activate|p1a: Roaring Moon|ability: Protosynthesis|[fromitem]\n|-start|p1a: Roaring Moon|protosynthesisatk\n|turn|12\n|\n|t:|1699312861\n|-terastallize|p1b: Ogerpon|Fire\n|detailschange|p1b: Ogerpon|Ogerpon-Hearthflame-Tera, F, tera:Fire\n|-ability|p1b: Ogerpon|Embody Aspect (Hearthflame)|boost\n|-boost|p1b: Ogerpon|atk|1\n|move|p2a: 4TurnsInTrickRoom|Protect|p2a: 4TurnsInTrickRoom\n|-singleturn|p2a: 4TurnsInTrickRoom|Protect\n|move|p2b: Revenge Killer #5|Sucker Punch|p1b: Ogerpon\n|-damage|p1b: Ogerpon|0 fnt\n|faint|p1b: Ogerpon\n|move|p1a: Roaring Moon|Acrobatics|p2a: 4TurnsInTrickRoom\n|-activate|p2a: 4TurnsInTrickRoom|move: Protect\n|\n|-heal|p2a: 4TurnsInTrickRoom|35\/100|[from] item: Leftovers\n|upkeep\n|turn|13\n|c|\u2606razregent\/j|gg\n|-message|razregent\/j forfeited.\n|\n|win|lonelydumbass\n|raw|razregent&#x2f;j's rating: 1354 &rarr; <strong>1330<\/strong><br \/>(-24 for losing)\n|raw|lonelydumbass's rating: 1284 &rarr; <strong>1314<\/strong><br \/>(+30 for winning)\n|l|\u2606razregent\/j\n|c|\u2606lonelydumbass|gg\n","uploadtime":1699312910,"views":8,"p1id":"razregentj","p2id":"lonelydumbass","formatid":"gen9doublesou","rating":1314,"private":0,"password":""}