{"id":"gen9doublesou-1976843844","p1":"sdmiiu","p2":"mikeyuwu","format":"[Gen 9] Doubles OU","log":"|j|\u2606sdmiiu\n|j|\u2606mikeyuwu\n|t:|1698345876\n|gametype|doubles\n|player|p1|sdmiiu|red|1251\n|player|p2|mikeyuwu|psychic-gen4|1208\n|teamsize|p1|6\n|teamsize|p2|6\n|gen|9\n|tier|[Gen 9] Doubles OU\n|rated|\n|rule|Species Clause: Limit one of each Pok\u00e9mon\n|rule|OHKO Clause: OHKO moves are banned\n|rule|Evasion Moves Clause: Evasion moves are banned\n|rule|Gravity Sleep Clause: The combination of sleep-inducing moves with imperfect accuracy and Gravity or Gigantamax Orbeetle are banned\n|rule|Endless Battle Clause: Forcing endless battles is banned\n|rule|HP Percentage Mod: HP is shown in percentages\n|clearpoke\n|poke|p1|Ursaluna, M|\n|poke|p1|Talonflame, F|\n|poke|p1|Hydreigon, F|\n|poke|p1|Scizor, M|\n|poke|p1|Gengar, F|\n|poke|p1|Gardevoir, F|\n|poke|p2|Garchomp, M|\n|poke|p2|Tyranitar, F|\n|poke|p2|Vaporeon, F|\n|poke|p2|Toxicroak, M|\n|poke|p2|Pelipper, F|\n|poke|p2|Abomasnow, M|\n|teampreview\n|inactive|Battle timer is ON: inactive players will automatically lose when time's up. (requested by sdmiiu)\n|\n|t:|1698345898\n|start\n|switch|p1a: Gardevoir|Gardevoir, F|100\/100\n|switch|p1b: Gengar|Gengar, F|100\/100\n|switch|p2a: OTLHPM|Toxicroak, M|100\/100\n|switch|p2b: Harmacy|Vaporeon, F|100\/100\n|turn|1\n|\n|t:|1698345909\n|switch|p2a: ThcrThnSnkr|Tyranitar, F|100\/100\n|-weather|Sandstorm|[from] ability: Sand Stream|[of] p2a: ThcrThnSnkr\n|move|p1b: Gengar|Nasty Plot|p1b: Gengar\n|-boost|p1b: Gengar|spa|2\n|move|p1a: Gardevoir|Calm Mind|p1a: Gardevoir\n|-boost|p1a: Gardevoir|spa|1\n|-boost|p1a: Gardevoir|spd|1\n|move|p2b: Harmacy|Icy Wind|p1a: Gardevoir|[spread] p1a,p1b\n|-crit|p1b: Gengar\n|-damage|p1a: Gardevoir|94\/100\n|-damage|p1b: Gengar|76\/100\n|-unboost|p1a: Gardevoir|spe|1\n|-unboost|p1b: Gengar|spe|1\n|-start|p2b: Harmacy|Disable|Icy Wind|[from] ability: Cursed Body|[of] p1b: Gengar\n|\n|-weather|Sandstorm|[upkeep]\n|-damage|p1b: Gengar|69\/100|[from] Sandstorm\n|-damage|p2b: Harmacy|94\/100|[from] Sandstorm\n|-damage|p1a: Gardevoir|88\/100|[from] Sandstorm\n|-heal|p2b: Harmacy|100\/100|[from] item: Leftovers\n|upkeep\n|turn|2\n|\n|t:|1698345934\n|move|p1b: Gengar|Destiny Bond|p1b: Gengar\n|-singlemove|p1b: Gengar|Destiny Bond\n|move|p2a: ThcrThnSnkr|Knock Off|p1b: Gengar\n|-supereffective|p1b: Gengar\n|-damage|p1b: Gengar|0 fnt\n|-enditem|p1b: Gengar|Focus Sash|[from] move: Knock Off|[of] p2a: ThcrThnSnkr\n|faint|p1b: Gengar\n|-activate|p1b: Gengar|move: Destiny Bond\n|faint|p2a: ThcrThnSnkr\n|move|p2b: Harmacy|Copycat|p2b: Harmacy\n|move|p2b: Harmacy|Knock Off|p1a: Gardevoir|[from]move: Copycat\n|-damage|p1a: Gardevoir|66\/100\n|-enditem|p1a: Gardevoir|Wiki Berry|[from] move: Knock Off|[of] p2b: Harmacy\n|move|p1a: Gardevoir|Dazzling Gleam|p2b: Harmacy\n|-damage|p2b: Harmacy|45\/100\n|\n|-weather|Sandstorm|[upkeep]\n|-damage|p2b: Harmacy|39\/100|[from] Sandstorm\n|-damage|p1a: Gardevoir|60\/100|[from] Sandstorm\n|-heal|p2b: Harmacy|45\/100|[from] item: Leftovers\n|upkeep\n|\n|t:|1698345957\n|switch|p1b: Talonflame|Talonflame, F|100\/100\n|switch|p2a: Extra Spicy|Garchomp, M|100\/100\n|turn|3\n|\n|t:|1698345962\n|move|p1b: Talonflame|Tailwind|p1b: Talonflame\n|-sidestart|p1: sdmiiu|move: Tailwind\n|move|p1a: Gardevoir|Dazzling Gleam|p2b: Harmacy|[spread] p2a,p2b\n|-supereffective|p2a: Extra Spicy\n|-damage|p2a: Extra Spicy|3\/100\n|-damage|p2b: Harmacy|9\/100\n|move|p2a: Extra Spicy|Poison Jab|p1a: Gardevoir\n|-supereffective|p1a: Gardevoir\n|-damage|p1a: Gardevoir|0 fnt\n|faint|p1a: Gardevoir\n|move|p2b: Harmacy|Weather Ball|p1b: Talonflame\n|-supereffective|p1b: Talonflame\n|-damage|p1b: Talonflame|0 fnt\n|faint|p1b: Talonflame\n|\n|-weather|Sandstorm|[upkeep]\n|-damage|p2b: Harmacy|3\/100|[from] Sandstorm\n|-heal|p2b: Harmacy|9\/100|[from] item: Leftovers\n|upkeep\n|\n|t:|1698345983\n|switch|p1b: Hydreigon|Hydreigon, F|100\/100\n|switch|p1a: Scizor|Scizor, M|100\/100\n|turn|4\n|\n|t:|1698345995\n|switch|p2a: Weather War|Pelipper, F|100\/100\n|-weather|RainDance|[from] ability: Drizzle|[of] p2a: Weather War\n|move|p1a: Scizor|Bullet Punch|p2a: Weather War\n|-resisted|p2a: Weather War\n|-damage|p2a: Weather War|87\/100\n|move|p1b: Hydreigon|Dark Pulse|p2b: Harmacy\n|-damage|p2b: Harmacy|0 fnt\n|faint|p2b: Harmacy\n|\n|-weather|RainDance|[upkeep]\n|upkeep\n|\n|t:|1698346004\n|switch|p2b: Cold Shoulder|Abomasnow, M, shiny|100\/100\n|-weather|Snow|[from] ability: Snow Warning|[of] p2b: Cold Shoulder\n|turn|5\n|\n|t:|1698346017\n|-terastallize|p2b: Cold Shoulder|Water\n|move|p1b: Hydreigon|Nasty Plot|p1b: Hydreigon\n|-boost|p1b: Hydreigon|spa|2\n|move|p1a: Scizor|U-turn|p2b: Cold Shoulder\n|-damage|p2b: Cold Shoulder|64\/100\n|\n|t:|1698346023\n|switch|p1a: Ursaluna|Ursaluna, M|100\/100|[from] U-turn\n|move|p2a: Weather War|Blizzard|p1a: Ursaluna|[spread] p1a,p1b\n|-supereffective|p1a: Ursaluna\n|-supereffective|p1b: Hydreigon\n|-damage|p1a: Ursaluna|71\/100\n|-damage|p1b: Hydreigon|59\/100\n|move|p2b: Cold Shoulder|Blizzard|p1a: Ursaluna|[spread] p1a,p1b\n|-supereffective|p1a: Ursaluna\n|-supereffective|p1b: Hydreigon\n|-damage|p1a: Ursaluna|18\/100\n|-damage|p1b: Hydreigon|0 fnt\n|faint|p1b: Hydreigon\n|\n|-weather|Snow|[upkeep]\n|-status|p1a: Ursaluna|brn|[from] item: Flame Orb\n|upkeep\n|\n|t:|1698346035\n|switch|p1b: Scizor|Scizor, M|100\/100\n|turn|6\n|\n|t:|1698346047\n|move|p1b: Scizor|Swords Dance|p1b: Scizor\n|-boost|p1b: Scizor|atk|2\n|move|p1a: Ursaluna|Facade|p2b: Cold Shoulder\n|-damage|p2b: Cold Shoulder|0 fnt\n|faint|p2b: Cold Shoulder\n|move|p2a: Weather War|Blizzard|p1b: Scizor|[spread] p1a,p1b\n|-supereffective|p1a: Ursaluna\n|-resisted|p1b: Scizor\n|-damage|p1a: Ursaluna|0 fnt\n|-damage|p1b: Scizor|89\/100\n|faint|p1a: Ursaluna\n|\n|-weather|Snow|[upkeep]\n|-sideend|p1: sdmiiu|move: Tailwind\n|upkeep\n|\n|t:|1698346055\n|switch|p2b: Extra Spicy|Garchomp, M|3\/100\n|turn|7\n|\n|t:|1698346070\n|move|p1b: Scizor|Bullet Punch|p2b: Extra Spicy\n|-damage|p2b: Extra Spicy|0 fnt\n|-damage|p1b: Scizor|76\/100|[from] ability: Rough Skin|[of] p2b: Extra Spicy\n|-damage|p1b: Scizor|60\/100|[from] item: Rocky Helmet|[of] p2b: Extra Spicy\n|faint|p2b: Extra Spicy\n|move|p2a: Weather War|Soak|p1b: Scizor\n|-start|p1b: Scizor|typechange|Water\n|\n|-weather|Snow|[upkeep]\n|upkeep\n|\n|t:|1698346078\n|switch|p2b: OTLHPM|Toxicroak, M|100\/100\n|turn|8\n|\n|t:|1698346098\n|move|p2b: OTLHPM|Poison Jab|p1b: Scizor\n|-damage|p1b: Scizor|21\/100\n|-status|p1b: Scizor|psn\n|move|p2a: Weather War|Hurricane|p1b: Scizor\n|-damage|p1b: Scizor|0 fnt\n|faint|p1b: Scizor\n|\n|win|mikeyuwu\n|raw|sdmiiu's rating: 1251 &rarr; <strong>1223<\/strong><br \/>(-28 for losing)\n|raw|mikeyuwu's rating: 1208 &rarr; <strong>1236<\/strong><br \/>(+28 for winning)\n|c|\u2606mikeyuwu|Gg\n|l|\u2606sdmiiu\n","uploadtime":1698346134,"views":13,"p1id":"sdmiiu","p2id":"mikeyuwu","formatid":"gen9doublesou","rating":1223,"private":0,"password":""}