{"id":"gen9doublesou-1983801975","p1":"Trampocat","p2":"tigertomd","format":"[Gen 9] Doubles OU","log":"|j|\u2606Trampocat\n|j|\u2606tigertomd\n|inactive|Battle timer is ON: inactive players will automatically lose when time's up.\n|t:|1699183827\n|gametype|doubles\n|player|p1|Trampocat|psychic-gen4|\n|player|p2|tigertomd|ghetsis|\n|teamsize|p1|6\n|teamsize|p2|6\n|gen|9\n|tier|[Gen 9] Doubles OU\n|rated|Tournament battle\n|rule|Species Clause: Limit one of each Pok\u00e9mon\n|rule|OHKO Clause: OHKO moves are banned\n|rule|Evasion Moves Clause: Evasion moves are banned\n|rule|Gravity Sleep Clause: The combination of sleep-inducing moves with imperfect accuracy and Gravity or Gigantamax Orbeetle are banned\n|rule|Endless Battle Clause: Forcing endless battles is banned\n|rule|HP Percentage Mod: HP is shown in percentages\n|clearpoke\n|poke|p1|Pawmot, F|\n|poke|p1|Brambleghast, F|\n|poke|p1|Gastrodon, F|\n|poke|p1|Floette, F|\n|poke|p1|Noivern, F|\n|poke|p1|Toxtricity, M|\n|poke|p2|Ambipom, F|\n|poke|p2|Maushold|\n|poke|p2|Wugtrio, F|\n|poke|p2|Lokix, F|\n|poke|p2|Sandslash-Alola, F|\n|poke|p2|Hariyama, M|\n|teampreview\n|j|*Lady Monita \u263d\n|\n|t:|1699183842\n|start\n|switch|p1a: Gastrodon|Gastrodon, F|100\/100\n|switch|p1b: Floette|Floette, F|100\/100\n|switch|p2a: Ambipom|Ambipom, F|100\/100\n|switch|p2b: Sandslash|Sandslash-Alola, F|100\/100\n|turn|1\n|j| eskittienyan2911\n|\n|t:|1699183860\n|move|p1b: Floette|Protect|p1b: Floette\n|-singleturn|p1b: Floette|Protect\n|move|p2a: Ambipom|Fake Out|p1a: Gastrodon\n|-enditem|p2a: Ambipom|Normal Gem|[from] gem\n|-damage|p1a: Gastrodon|61\/100\n|move|p2b: Sandslash|Swords Dance|p2b: Sandslash\n|-boost|p2b: Sandslash|atk|2\n|cant|p1a: Gastrodon|flinch\n|\n|upkeep\n|turn|2\n|\n|t:|1699183875\n|move|p2a: Ambipom|Trailblaze|p1a: Gastrodon\n|-supereffective|p1a: Gastrodon\n|-damage|p1a: Gastrodon|0 fnt\n|-boost|p2a: Ambipom|spe|1\n|faint|p1a: Gastrodon\n|move|p2b: Sandslash|Iron Head|p1b: Floette\n|-supereffective|p1b: Floette\n|-damage|p1b: Floette|0 fnt\n|faint|p1b: Floette\n|-damage|p2b: Sandslash|91\/100|[from] item: Life Orb\n|\n|upkeep\n|\n|t:|1699183889\n|switch|p1b: Toxtricity|Toxtricity, M|100\/100\n|switch|p1a: Pawmot|Pawmot, F|100\/100\n|turn|3\n|inactive|tigertomd has 120 seconds left.\n|\n|t:|1699183920\n|-terastallize|p1b: Toxtricity|Normal\n|move|p1a: Pawmot|Fake Out|p2b: Sandslash\n|-resisted|p2b: Sandslash\n|-damage|p2b: Sandslash|81\/100\n|-damage|p1a: Pawmot|91\/100|[from] item: Life Orb\n|move|p2a: Ambipom|Covet|p1a: Pawmot\n|-damage|p1a: Pawmot|25\/100\n|-item|p2a: Ambipom|Life Orb|[from] move: Covet|[of] p1a: Pawmot\n|-damage|p2a: Ambipom|91\/100|[from] item: Life Orb\n|cant|p2b: Sandslash|flinch\n|move|p1b: Toxtricity|Boomburst|p2b: Sandslash|[spread] p1a,p2a,p2b\n|-resisted|p2b: Sandslash\n|-damage|p1a: Pawmot|0 fnt\n|-damage|p2a: Ambipom|0 fnt\n|-damage|p2b: Sandslash|20\/100\n|faint|p1a: Pawmot\n|faint|p2a: Ambipom\n|-enditem|p1b: Toxtricity|Throat Spray\n|-boost|p1b: Toxtricity|spa|1|[from] item: Throat Spray\n|\n|upkeep\n|inactive|tigertomd has 120 seconds left.\n|\n|t:|1699183946\n|switch|p2a: Lokix|Lokix, F|100\/100\n|switch|p1a: Brambleghast|Brambleghast, F|100\/100\n|turn|4\n|\n|t:|1699183963\n|move|p1a: Brambleghast|Protect|p1a: Brambleghast\n|-singleturn|p1a: Brambleghast|Protect\n|move|p2a: Lokix|First Impression|p1b: Toxtricity\n|-damage|p1b: Toxtricity|17\/100\n|-damage|p2a: Lokix|91\/100|[from] item: Life Orb\n|move|p2b: Sandslash|Ice Shard|p1a: Brambleghast\n|-activate|p1a: Brambleghast|move: Protect\n|move|p1b: Toxtricity|Boomburst|p2b: Sandslash|[spread] p2a,p2b\n|-activate|p1a: Brambleghast|move: Protect\n|-resisted|p2b: Sandslash\n|-damage|p2a: Lokix|0 fnt\n|-damage|p2b: Sandslash|0 fnt\n|faint|p2a: Lokix\n|faint|p2b: Sandslash\n|\n|upkeep\n|\n|t:|1699183973\n|switch|p2a: Wugtrio|Wugtrio, F|100\/100\n|switch|p2b: Hariyama|Hariyama, M|100\/100\n|turn|5\n|\n|t:|1699183991\n|move|p2b: Hariyama|Fake Out|p1b: Toxtricity\n|-damage|p1b: Toxtricity|0 fnt\n|faint|p1b: Toxtricity\n|move|p2a: Wugtrio|Throat Chop|p1a: Brambleghast\n|-supereffective|p1a: Brambleghast\n|-damage|p1a: Brambleghast|22\/100\n|-start|p1a: Brambleghast|Throat Chop|[silent]\n|move|p1a: Brambleghast|Power Whip|p2a: Wugtrio\n|-supereffective|p2a: Wugtrio\n|-enditem|p2a: Wugtrio|Focus Sash\n|-damage|p2a: Wugtrio|1\/100\n|-ability|p2a: Wugtrio|Gooey\n|-unboost|p1a: Brambleghast|spe|1\n|\n|-heal|p1a: Brambleghast|28\/100|[from] item: Leftovers\n|-status|p2b: Hariyama|brn|[from] item: Flame Orb\n|upkeep\n|\n|t:|1699184005\n|switch|p1b: Noivern|Noivern, F|100\/100\n|turn|6\n|\n|t:|1699184032\n|-terastallize|p2b: Hariyama|Steel\n|move|p1b: Noivern|Heat Wave|p2b: Hariyama|[spread] p2a,p2b\n|-resisted|p2a: Wugtrio\n|-supereffective|p2b: Hariyama\n|-damage|p2a: Wugtrio|0 fnt\n|-damage|p2b: Hariyama|42\/100 brn\n|faint|p2a: Wugtrio\n|move|p1a: Brambleghast|Pain Split|p2b: Hariyama\n|-sethp|p2b: Hariyama|30\/100 brn|[from] move: Pain Split|[silent]\n|-sethp|p1a: Brambleghast|46\/100|[from] move: Pain Split\n|move|p2b: Hariyama|Knock Off|p1b: Noivern\n|-damage|p1b: Noivern|36\/100\n|-enditem|p1b: Noivern|Choice Specs|[from] move: Knock Off|[of] p2b: Hariyama\n|\n|-heal|p1a: Brambleghast|52\/100|[from] item: Leftovers\n|-damage|p2b: Hariyama|24\/100 brn|[from] brn\n|-end|p1a: Brambleghast|Throat Chop|[silent]\n|upkeep\n|inactive|tigertomd has 120 seconds left.\n|\n|t:|1699184046\n|switch|p2a: Maushold|Maushold|100\/100\n|turn|7\n|\n|t:|1699184071\n|move|p1b: Noivern|Heat Wave|p2a: Maushold|[spread] p2a,p2b\n|-supereffective|p2b: Hariyama\n|-damage|p2a: Maushold|72\/100\n|-damage|p2b: Hariyama|0 fnt\n|-status|p2a: Maushold|brn\n|faint|p2b: Hariyama\n|move|p2a: Maushold|Population Bomb|p1b: Noivern\n|-damage|p1b: Noivern|31\/100\n|-damage|p1b: Noivern|26\/100\n|-damage|p1b: Noivern|21\/100\n|-damage|p1b: Noivern|16\/100\n|-damage|p1b: Noivern|11\/100\n|-damage|p1b: Noivern|6\/100\n|-damage|p1b: Noivern|1\/100\n|-damage|p1b: Noivern|0 fnt\n|faint|p1b: Noivern\n|-hitcount|p1: Noivern|8\n|move|p1a: Brambleghast|Power Whip|p2a: Maushold\n|-damage|p2a: Maushold|0 fnt\n|faint|p2a: Maushold\n|\n|win|Trampocat\n|n|\u2606Trampocat|trampocat\n|n|\u2606tigertomd|tigertomd\n|n|*Lady Monita \u263d|ladymonita\n|n| eskittienyan2911|eskittienyan2911\n","uploadtime":1699184072,"views":17,"p1id":"trampocat","p2id":"tigertomd","formatid":"gen9doublesou","rating":0,"private":0,"password":""}