{"id":"gen9doublesou-2000010194","p1":"Floraroma_","p2":"RLisanidiot","format":"[Gen 9] Doubles OU","log":"|j|\u2606Floraroma_\n|j|\u2606RLisanidiot\n|t:|1701140788\n|gametype|doubles\n|player|p1|Floraroma_|marlon|1175\n|player|p2|RLisanidiot|unknownf|1289\n|teamsize|p1|6\n|teamsize|p2|6\n|gen|9\n|tier|[Gen 9] Doubles OU\n|rated|\n|rule|Species Clause: Limit one of each Pok\u00e9mon\n|rule|OHKO Clause: OHKO moves are banned\n|rule|Evasion Moves Clause: Evasion moves are banned\n|rule|Gravity Sleep Clause: The combination of sleep-inducing moves with imperfect accuracy and Gravity or Gigantamax Orbeetle are banned\n|rule|Endless Battle Clause: Forcing endless battles is banned\n|rule|HP Percentage Mod: HP is shown in percentages\n|clearpoke\n|poke|p1|Kingambit, M|\n|poke|p1|Glimmora, F|\n|poke|p1|Sinistcha|\n|poke|p1|Kommo-o, M|\n|poke|p1|Maushold-Four|\n|poke|p1|Garganacl, F|\n|poke|p2|Ninetales-Alola, F|\n|poke|p2|Chien-Pao|\n|poke|p2|Flutter Mane|\n|poke|p2|Tornadus, M|\n|poke|p2|Pachirisu, M|\n|poke|p2|Landorus-Therian, M|\n|teampreview\n|inactive|Battle timer is ON: inactive players will automatically lose when time's up. (requested by RLisanidiot)\n|\n|t:|1701140798\n|start\n|switch|p1a: Glimmora|Glimmora, F|100\/100\n|switch|p1b: Garganacl|Garganacl, F|100\/100\n|switch|p2a: Tornadus|Tornadus, M|100\/100\n|switch|p2b: Landorus|Landorus-Therian, M, shiny|100\/100\n|-ability|p2b: Landorus|Intimidate|boost\n|-unboost|p1a: Glimmora|atk|1\n|-unboost|p1b: Garganacl|atk|1\n|turn|1\n|\n|t:|1701140813\n|move|p2a: Tornadus|Rain Dance|p2a: Tornadus\n|-weather|RainDance\n|move|p2b: Landorus|Sandsear Storm|p1b: Garganacl|[spread] p1a,p1b\n|-supereffective|p1a: Glimmora\n|-supereffective|p1b: Garganacl\n|-damage|p1a: Glimmora|0 fnt\n|-damage|p1b: Garganacl|40\/100\n|faint|p1a: Glimmora\n|move|p1b: Garganacl|Iron Defense|p1b: Garganacl\n|-boost|p1b: Garganacl|def|2\n|\n|-weather|RainDance|[upkeep]\n|-heal|p1b: Garganacl|46\/100|[from] item: Leftovers\n|upkeep\n|\n|t:|1701140822\n|switch|p1a: Sinistcha|Sinistcha, shiny|100\/100\n|-heal|p1b: Garganacl|71\/100|[from] ability: Hospitality|[of] p1a: Sinistcha\n|turn|2\n|\n|t:|1701140833\n|move|p2b: Landorus|Sandsear Storm|p1b: Garganacl|[spread] p1a,p1b\n|-resisted|p1a: Sinistcha\n|-supereffective|p1b: Garganacl\n|-damage|p1a: Sinistcha|81\/100\n|-damage|p1b: Garganacl|11\/100\n|move|p2a: Tornadus|Bleakwind Storm|p1b: Garganacl|[spread] p1a,p1b\n|-supereffective|p1a: Sinistcha\n|-resisted|p1b: Garganacl\n|-damage|p1a: Sinistcha|8\/100\n|-damage|p1b: Garganacl|0 fnt\n|-unboost|p1a: Sinistcha|spe|1\n|faint|p1b: Garganacl\n|move|p1a: Sinistcha|Matcha Gotcha|p2b: Landorus|[spread] p2b\n|-miss|p1a: Sinistcha|p2a: Tornadus\n|-damage|p2b: Landorus|71\/100\n|-heal|p1a: Sinistcha|23\/100|[from] drain|[of] p2b: Landorus\n|-status|p2b: Landorus|brn\n|\n|-weather|RainDance|[upkeep]\n|-damage|p2b: Landorus|65\/100 brn|[from] brn\n|upkeep\n|\n|t:|1701140847\n|switch|p1b: Maushold|Maushold-Four|100\/100\n|turn|3\n|\n|t:|1701140867\n|switch|p1a: Kommo-o|Kommo-o, M|100\/100\n|move|p2b: Landorus|Sandsear Storm|p1b: Maushold|[spread] p1a,p1b\n|-damage|p1a: Kommo-o|60\/100\n|-damage|p1b: Maushold|60\/100\n|move|p1b: Maushold|Population Bomb|p2b: Landorus\n|-damage|p2b: Landorus|55\/100 brn\n|-damage|p2b: Landorus|45\/100 brn\n|-damage|p2b: Landorus|36\/100 brn\n|-damage|p2b: Landorus|26\/100 brn\n|-damage|p2b: Landorus|17\/100 brn\n|-damage|p2b: Landorus|8\/100 brn\n|-crit|p2b: Landorus\n|-damage|p2b: Landorus|0 fnt\n|faint|p2b: Landorus\n|-hitcount|p2: Landorus|7\n|move|p2a: Tornadus|Bleakwind Storm|p1a: Kommo-o|[spread] p1a,p1b\n|-supereffective|p1a: Kommo-o\n|-damage|p1a: Kommo-o|0 fnt\n|-damage|p1b: Maushold|23\/100\n|faint|p1a: Kommo-o\n|\n|-weather|RainDance|[upkeep]\n|upkeep\n|\n|t:|1701140889\n|switch|p1a: Sinistcha|Sinistcha, shiny|23\/100\n|switch|p2b: Chien-Pao|Chien-Pao|100\/100\n|-ability|p2b: Chien-Pao|Sword of Ruin\n|-heal|p1b: Maushold|48\/100|[from] ability: Hospitality|[of] p1a: Sinistcha\n|turn|4\n|c|\u2606Floraroma_|this is so funny\n|\n|t:|1701140909\n|switch|p2b: Flutter Mane|Flutter Mane|100\/100\n|move|p1a: Sinistcha|Rage Powder|p1a: Sinistcha\n|-singleturn|p1a: Sinistcha|move: Rage Powder\n|move|p2a: Tornadus|Tailwind|p2a: Tornadus\n|-sidestart|p2: RLisanidiot|move: Tailwind\n|move|p1b: Maushold|Population Bomb|p2b: Flutter Mane\n|-immune|p2b: Flutter Mane\n|\n|-weather|RainDance|[upkeep]\n|upkeep\n|turn|5\n|\n|t:|1701140921\n|move|p1a: Sinistcha|Rage Powder|p1a: Sinistcha\n|-singleturn|p1a: Sinistcha|move: Rage Powder\n|move|p2b: Flutter Mane|Dazzling Gleam|p1b: Maushold|[spread] p1a,p1b\n|-damage|p1a: Sinistcha|0 fnt\n|-damage|p1b: Maushold|0 fnt\n|faint|p1a: Sinistcha\n|faint|p1b: Maushold\n|move|p2a: Tornadus|Bleakwind Storm|p1: Sinistcha|[notarget]\n|-fail|p2a: Tornadus\n|\n|-weather|none\n|upkeep\n|\n|t:|1701140932\n|switch|p1a: Kingambit|Kingambit, M|100\/100\n|-activate|p1a: Kingambit|ability: Supreme Overlord\n|-start|p1a: Kingambit|fallen5|[silent]\n|turn|6\n|\n|t:|1701140941\n|-terastallize|p1a: Kingambit|Fairy\n|move|p2b: Flutter Mane|Dazzling Gleam|p1a: Kingambit\n|-damage|p1a: Kingambit|42\/100\n|move|p2a: Tornadus|Bleakwind Storm|p1a: Kingambit\n|-damage|p1a: Kingambit|1\/100\n|move|p1a: Kingambit|Kowtow Cleave|p2a: Tornadus\n|-damage|p2a: Tornadus|23\/100\n|\n|-heal|p1a: Kingambit|7\/100|[from] item: Leftovers\n|upkeep\n|turn|7\n|-message|Floraroma_ forfeited.\n|\n|win|RLisanidiot\n|raw|Floraroma_'s rating: 1175 &rarr; <strong>1158<\/strong><br \/>(-17 for losing)\n|raw|RLisanidiot's rating: 1289 &rarr; <strong>1306<\/strong><br \/>(+17 for winning)\n|l|\u2606Floraroma_\n","uploadtime":1701140958,"views":10,"p1id":"floraroma","p2id":"rlisanidiot","formatid":"gen9doublesou","rating":1158,"private":0,"password":""}