{"id":"gen9doublesou-1976835284","p1":"paolo.sorrentino","p2":"sirglizzi","format":"[Gen 9] Doubles OU","log":"|j|\u2606paolo.sorrentino\n|j|\u2606sirglizzi\n|t:|1698345172\n|gametype|doubles\n|player|p1|paolo.sorrentino|dragontamer|1330\n|player|p2|sirglizzi|266|1250\n|teamsize|p1|6\n|teamsize|p2|6\n|gen|9\n|tier|[Gen 9] Doubles OU\n|rated|\n|rule|Species Clause: Limit one of each Pok\u00e9mon\n|rule|OHKO Clause: OHKO moves are banned\n|rule|Evasion Moves Clause: Evasion moves are banned\n|rule|Gravity Sleep Clause: The combination of sleep-inducing moves with imperfect accuracy and Gravity or Gigantamax Orbeetle are banned\n|rule|Endless Battle Clause: Forcing endless battles is banned\n|rule|HP Percentage Mod: HP is shown in percentages\n|clearpoke\n|poke|p1|Okidogi, M|\n|poke|p1|Ninetales-Alola, F|\n|poke|p1|Heatran, F|\n|poke|p1|Ursaluna-Bloodmoon, M|\n|poke|p1|Grimmsnarl, M|\n|poke|p1|Iron Bundle|\n|poke|p2|Torkoal, M|\n|poke|p2|Lilligant, F|\n|poke|p2|Illumise, F|\n|poke|p2|Garchomp, F|\n|poke|p2|Arcanine, M|\n|poke|p2|Volcarona, M|\n|teampreview\n|\n|t:|1698345196\n|start\n|switch|p1a: Grimmsnarl|Grimmsnarl, M|100\/100\n|switch|p1b: Okidogi|Okidogi, M|100\/100\n|switch|p2a: Torkoal|Torkoal, M|100\/100\n|switch|p2b: Lilligant|Lilligant, F|100\/100\n|-weather|SunnyDay|[from] ability: Drought|[of] p2a: Torkoal\n|turn|1\n|\n|t:|1698345217\n|move|p2a: Torkoal|Protect|p2a: Torkoal\n|-singleturn|p2a: Torkoal|Protect\n|move|p1a: Grimmsnarl|Parting Shot|p2a: Torkoal\n|-activate|p2a: Torkoal|move: Protect\n|move|p2b: Lilligant|Solar Beam||[still]\n|-prepare|p2b: Lilligant|Solar Beam\n|-anim|p2b: Lilligant|Solar Beam|p1a: Grimmsnarl\n|-damage|p1a: Grimmsnarl|15\/100\n|-damage|p2b: Lilligant|91\/100|[from] item: Life Orb\n|move|p1b: Okidogi|Poison Jab|p2b: Lilligant\n|-supereffective|p2b: Lilligant\n|-damage|p2b: Lilligant|0 fnt\n|faint|p2b: Lilligant\n|\n|-weather|SunnyDay|[upkeep]\n|-heal|p1a: Grimmsnarl|21\/100|[from] item: Leftovers\n|upkeep\n|\n|t:|1698345234\n|switch|p2b: Garchomp|Garchomp, F|100\/100\n|turn|2\n|\n|t:|1698345245\n|-terastallize|p2a: Torkoal|Flying\n|move|p1a: Grimmsnarl|Parting Shot|p2a: Torkoal\n|-unboost|p2a: Torkoal|atk|1\n|-unboost|p2a: Torkoal|spa|1\n|\n|t:|1698345273\n|switch|p1a: Ursaluna|Ursaluna-Bloodmoon, M|100\/100|[from] Parting Shot\n|move|p2b: Garchomp|Earthquake|p1a: Ursaluna|[spread] p1a,p1b\n|-immune|p2a: Torkoal\n|-supereffective|p1b: Okidogi\n|-damage|p1a: Ursaluna|59\/100\n|-damage|p1b: Okidogi|0 fnt\n|faint|p1b: Okidogi\n|move|p2a: Torkoal|Heat Wave|p1a: Ursaluna\n|-damage|p1a: Ursaluna|35\/100\n|\n|-weather|SunnyDay|[upkeep]\n|upkeep\n|\n|t:|1698345292\n|switch|p1b: Iron Bundle|Iron Bundle|100\/100\n|-enditem|p1b: Iron Bundle|Booster Energy\n|-activate|p1b: Iron Bundle|ability: Quark Drive|[fromitem]\n|-start|p1b: Iron Bundle|quarkdrivespa\n|turn|3\n|\n|t:|1698345308\n|switch|p2b: Volcarona|Volcarona, M|100\/100\n|switch|p1a: Ninetales|Ninetales-Alola, F|100\/100\n|-weather|Snow|[from] ability: Snow Warning|[of] p1a: Ninetales\n|switch|p2a: Illumise|Illumise, F|100\/100\n|move|p1b: Iron Bundle|Blizzard|p2b: Volcarona|[spread] p2a,p2b\n|-resisted|p2b: Volcarona\n|-damage|p2a: Illumise|48\/100\n|-damage|p2b: Volcarona|83\/100\n|\n|-weather|Snow|[upkeep]\n|-heal|p2b: Volcarona|89\/100|[from] item: Leftovers\n|-heal|p2a: Illumise|54\/100|[from] item: Leftovers\n|upkeep\n|turn|4\n|\n|t:|1698345328\n|switch|p1a: Heatran|Heatran, F|100\/100\n|move|p2a: Illumise|Sunny Day|p2a: Illumise\n|-weather|SunnyDay\n|move|p1b: Iron Bundle|Blizzard|p2a: Illumise|[spread] \n|-miss|p1b: Iron Bundle|p2a: Illumise\n|-miss|p1b: Iron Bundle|p2b: Volcarona\n|move|p2b: Volcarona|Heat Wave|p1b: Iron Bundle|[spread] p1b\n|-start|p1a: Heatran|ability: Flash Fire\n|-crit|p1b: Iron Bundle\n|-damage|p1b: Iron Bundle|0 fnt\n|faint|p1b: Iron Bundle\n|-end|p1b: Iron Bundle|Quark Drive|[silent]\n|\n|-weather|SunnyDay|[upkeep]\n|-heal|p2b: Volcarona|95\/100|[from] item: Leftovers\n|-heal|p2a: Illumise|60\/100|[from] item: Leftovers\n|upkeep\n|\n|t:|1698345339\n|switch|p1b: Grimmsnarl|Grimmsnarl, M|21\/100\n|turn|5\n|\n|t:|1698345353\n|switch|p2a: Garchomp|Garchomp, F|100\/100\n|move|p1b: Grimmsnarl|Parting Shot|p2b: Volcarona\n|-unboost|p2b: Volcarona|atk|1\n|-unboost|p2b: Volcarona|spa|1\n|inactive|Battle timer is ON: inactive players will automatically lose when time's up. (requested by sirglizzi)\n|\n|t:|1698345384\n|switch|p1b: Ursaluna|Ursaluna-Bloodmoon, M|35\/100|[from] Parting Shot\n|move|p2b: Volcarona|Heat Wave|p1a: Heatran|[spread] p1b\n|-immune|p1a: Heatran|[from] ability: Flash Fire\n|-damage|p1b: Ursaluna|9\/100\n|move|p1a: Heatran|Heat Wave|p2a: Garchomp|[spread] p2a,p2b\n|-resisted|p2a: Garchomp\n|-crit|p2b: Volcarona\n|-damage|p2a: Garchomp|53\/100\n|-damage|p2b: Volcarona|0 fnt\n|faint|p2b: Volcarona\n|\n|-weather|SunnyDay|[upkeep]\n|upkeep\n|\n|t:|1698345404\n|switch|p2b: Arcanine|Arcanine, M|100\/100\n|-ability|p2b: Arcanine|Intimidate|boost\n|-unboost|p1a: Heatran|atk|1\n|-unboost|p1b: Ursaluna|atk|1\n|turn|6\n|\n|t:|1698345417\n|-end|p1a: Heatran|ability: Flash Fire|[silent]\n|switch|p1a: Ninetales|Ninetales-Alola, F|100\/100\n|-weather|Snow|[from] ability: Snow Warning|[of] p1a: Ninetales\n|move|p2a: Garchomp|Dragon Claw|p1b: Ursaluna\n|-crit|p1b: Ursaluna\n|-damage|p1b: Ursaluna|0 fnt\n|faint|p1b: Ursaluna\n|move|p2b: Arcanine|Close Combat|p1a: Ninetales\n|-damage|p1a: Ninetales|52\/100\n|-unboost|p2b: Arcanine|def|1\n|-unboost|p2b: Arcanine|spd|1\n|-damage|p2b: Arcanine|91\/100|[from] item: Life Orb\n|\n|-weather|Snow|[upkeep]\n|-heal|p1a: Ninetales|58\/100|[from] item: Leftovers\n|upkeep\n|\n|t:|1698345439\n|switch|p1b: Grimmsnarl|Grimmsnarl, M|21\/100\n|turn|7\n|\n|t:|1698345450\n|switch|p2a: Torkoal|Torkoal, M, tera:Flying|100\/100\n|-weather|SunnyDay|[from] ability: Drought|[of] p2a: Torkoal\n|move|p1b: Grimmsnarl|Parting Shot|p2b: Arcanine\n|-unboost|p2b: Arcanine|atk|1\n|-unboost|p2b: Arcanine|spa|1\n|\n|t:|1698345458\n|switch|p1b: Heatran|Heatran, F|100\/100|[from] Parting Shot\n|move|p1a: Ninetales|Blizzard|p2b: Arcanine|[spread] p2a,p2b\n|-supereffective|p2a: Torkoal\n|-resisted|p2b: Arcanine\n|-damage|p2a: Torkoal|13\/100\n|-damage|p2b: Arcanine|62\/100\n|move|p2b: Arcanine|Flare Blitz|p1a: Ninetales\n|-supereffective|p1a: Ninetales\n|-damage|p1a: Ninetales|0 fnt\n|faint|p1a: Ninetales\n|-damage|p2b: Arcanine|45\/100|[from] Recoil\n|-damage|p2b: Arcanine|35\/100|[from] item: Life Orb\n|\n|-weather|SunnyDay|[upkeep]\n|upkeep\n|\n|t:|1698345473\n|switch|p1a: Grimmsnarl|Grimmsnarl, M|21\/100\n|turn|8\n|\n|t:|1698345488\n|move|p2a: Torkoal|Protect|p2a: Torkoal\n|-singleturn|p2a: Torkoal|Protect\n|move|p2b: Arcanine|Extreme Speed|p1a: Grimmsnarl\n|-damage|p1a: Grimmsnarl|0 fnt\n|faint|p1a: Grimmsnarl\n|-damage|p2b: Arcanine|25\/100|[from] item: Life Orb\n|move|p1b: Heatran|Heat Wave|p2b: Arcanine|[spread] p2b\n|-activate|p2a: Torkoal|move: Protect\n|-resisted|p2b: Arcanine\n|-damage|p2b: Arcanine|0 fnt\n|faint|p2b: Arcanine\n|\n|-weather|SunnyDay|[upkeep]\n|upkeep\n|\n|t:|1698345502\n|switch|p2b: Garchomp|Garchomp, F|53\/100\n|turn|9\n|\n|t:|1698345510\n|-terastallize|p1b: Heatran|Ground\n|move|p2b: Garchomp|Earthquake|p1b: Heatran|[spread] p1b\n|-immune|p2a: Torkoal\n|-damage|p1b: Heatran|50\/100\n|move|p1b: Heatran|Heat Wave|p2a: Torkoal|[spread] p2a,p2b\n|-resisted|p2b: Garchomp\n|-damage|p2a: Torkoal|0 fnt\n|-damage|p2b: Garchomp|17\/100\n|faint|p2a: Torkoal\n|\n|-weather|SunnyDay|[upkeep]\n|-heal|p1b: Heatran|56\/100|[from] item: Leftovers\n|upkeep\n|\n|t:|1698345521\n|switch|p2a: Illumise|Illumise, F|60\/100\n|turn|10\n|\n|t:|1698345527\n|move|p2b: Garchomp|Earthquake|p1b: Heatran|[spread] p2a,p1b\n|-resisted|p2a: Illumise\n|-damage|p2a: Illumise|19\/100\n|-damage|p1b: Heatran|4\/100\n|move|p1b: Heatran|Heat Wave|p2a: Illumise|[spread] p2a,p2b\n|-supereffective|p2a: Illumise\n|-resisted|p2b: Garchomp\n|-damage|p2a: Illumise|0 fnt\n|-damage|p2b: Garchomp|0 fnt\n|faint|p2a: Illumise\n|faint|p2b: Garchomp\n|\n|win|paolo.sorrentino\n|raw|paolo.sorrentino's rating: 1330 &rarr; <strong>1345<\/strong><br \/>(+15 for winning)\n|raw|sirglizzi's rating: 1250 &rarr; <strong>1231<\/strong><br \/>(-19 for losing)\n|l|\u2606sirglizzi\n|c|\u2606paolo.sorrentino|gg!\n","uploadtime":1698345571,"views":12,"p1id":"paolosorrentino","p2id":"sirglizzi","formatid":"gen9doublesou","rating":1231,"private":0,"password":""}