{"id":"gen9doublesou-1974759339","p1":"SXD2002","p2":"quakevoid","format":"[Gen 9] Doubles OU","log":"|j|\u2606SXD2002\n|j|\u2606quakevoid\n|t:|1698118657\n|gametype|doubles\n|player|p1|SXD2002|silver-masters|1087\n|player|p2|quakevoid|169|1099\n|teamsize|p1|6\n|teamsize|p2|6\n|gen|9\n|tier|[Gen 9] Doubles OU\n|rated|\n|rule|Species Clause: Limit one of each Pok\u00e9mon\n|rule|OHKO Clause: OHKO moves are banned\n|rule|Evasion Moves Clause: Evasion moves are banned\n|rule|Gravity Sleep Clause: The combination of sleep-inducing moves with imperfect accuracy and Gravity or Gigantamax Orbeetle are banned\n|rule|Endless Battle Clause: Forcing endless battles is banned\n|rule|HP Percentage Mod: HP is shown in percentages\n|clearpoke\n|poke|p1|Lurantis, F|\n|poke|p1|Murkrow, F|\n|poke|p1|Grimmsnarl, M|\n|poke|p1|Clefairy, M|\n|poke|p1|Talonflame, M|\n|poke|p1|Espeon, F|\n|poke|p2|Basculegion-F, F|\n|poke|p2|Pelipper, F|\n|poke|p2|Politoed, M|\n|poke|p2|Ogerpon-Wellspring, F|\n|poke|p2|Gholdengo|\n|poke|p2|Ursaluna-Bloodmoon, M|\n|teampreview\n|inactive|Battle timer is ON: inactive players will automatically lose when time's up. (requested by SXD2002)\n|inactive|quakevoid has 120 seconds left.\n|\n|t:|1698118692\n|start\n|switch|p1a: Grimmsnarl|Grimmsnarl, M|100\/100\n|switch|p1b: Lurantis|Lurantis, F|100\/100\n|switch|p2a: Basculegion|Basculegion-F, F|100\/100\n|switch|p2b: Pelipper|Pelipper, F|100\/100\n|-weather|RainDance|[from] ability: Drizzle|[of] p2b: Pelipper\n|turn|1\n|\n|t:|1698118710\n|-terastallize|p1b: Lurantis|Steel\n|move|p1a: Grimmsnarl|Fake Tears|p1b: Lurantis\n|-boost|p1b: Lurantis|spd|2\n|move|p2a: Basculegion|Ice Beam|p1b: Lurantis\n|-resisted|p1b: Lurantis\n|-damage|p1b: Lurantis|94\/100\n|-damage|p2a: Basculegion|91\/100|[from] item: Life Orb\n|move|p2b: Pelipper|Gunk Shot|p1a: Grimmsnarl\n|-supereffective|p1a: Grimmsnarl\n|-damage|p1a: Grimmsnarl|59\/100\n|move|p1b: Lurantis|Leaf Storm|p2a: Basculegion\n|-supereffective|p2a: Basculegion\n|-damage|p2a: Basculegion|22\/100\n|-boost|p1b: Lurantis|spa|2\n|\n|-weather|RainDance|[upkeep]\n|-heal|p1a: Grimmsnarl|65\/100|[from] item: Leftovers\n|-heal|p1b: Lurantis|99\/100|[from] item: Leftovers\n|upkeep\n|turn|2\n|\n|t:|1698118740\n|move|p1a: Grimmsnarl|Fake Tears|p1b: Lurantis\n|-boost|p1b: Lurantis|spd|2\n|move|p2a: Basculegion|Icy Wind|p1b: Lurantis|[spread] p1a,p1b\n|-resisted|p1b: Lurantis\n|-damage|p1a: Grimmsnarl|51\/100\n|-damage|p1b: Lurantis|98\/100\n|-unboost|p1a: Grimmsnarl|spe|1\n|-boost|p1b: Lurantis|spe|1\n|-damage|p2a: Basculegion|12\/100|[from] item: Life Orb\n|move|p1b: Lurantis|Leaf Storm|p2a: Basculegion\n|-supereffective|p2a: Basculegion\n|-crit|p2a: Basculegion\n|-damage|p2a: Basculegion|0 fnt\n|-boost|p1b: Lurantis|spa|2\n|faint|p2a: Basculegion\n|move|p2b: Pelipper|Gunk Shot|p1a: Grimmsnarl\n|-supereffective|p1a: Grimmsnarl\n|-damage|p1a: Grimmsnarl|10\/100\n|-status|p1a: Grimmsnarl|psn\n|\n|-weather|RainDance|[upkeep]\n|-heal|p1b: Lurantis|100\/100|[from] item: Leftovers\n|-heal|p1a: Grimmsnarl|16\/100 psn|[from] item: Leftovers\n|-damage|p1a: Grimmsnarl|4\/100 psn|[from] psn\n|upkeep\n|inactive|quakevoid has 120 seconds left.\n|\n|t:|1698118771\n|switch|p2a: Gholdengo|Gholdengo|100\/100\n|turn|3\n|inactive|quakevoid has 120 seconds left.\n|\n|t:|1698118777\n|move|p1a: Grimmsnarl|Fake Tears|p1b: Lurantis\n|-boost|p1b: Lurantis|spd|2\n|move|p2a: Gholdengo|Nasty Plot|p2a: Gholdengo\n|-boost|p2a: Gholdengo|spa|2\n|move|p1b: Lurantis|Leaf Storm|p2b: Pelipper\n|-damage|p2b: Pelipper|0 fnt\n|-boost|p1b: Lurantis|spa|2\n|faint|p2b: Pelipper\n|\n|-weather|RainDance|[upkeep]\n|-heal|p1a: Grimmsnarl|10\/100 psn|[from] item: Leftovers\n|-damage|p1a: Grimmsnarl|0 fnt|[from] psn\n|faint|p1a: Grimmsnarl\n|upkeep\n|\n|t:|1698118793\n|switch|p2b: Ogerpon|Ogerpon-Wellspring, F|100\/100\n|switch|p1a: Murkrow|Murkrow, F|100\/100\n|turn|4\n|\n|t:|1698118812\n|move|p1b: Lurantis|Protect|p1b: Lurantis\n|-singleturn|p1b: Lurantis|Protect\n|move|p1a: Murkrow|Thunder Wave|p2b: Ogerpon\n|-status|p2b: Ogerpon|par\n|move|p2a: Gholdengo|Make It Rain|p1b: Lurantis|[spread] p1a\n|-activate|p1b: Lurantis|move: Protect\n|-damage|p1a: Murkrow|20\/100\n|-unboost|p2a: Gholdengo|spa|1\n|cant|p2b: Ogerpon|par\n|\n|-weather|RainDance|[upkeep]\n|upkeep\n|turn|5\n|\n|t:|1698118841\n|-terastallize|p2a: Gholdengo|Steel\n|move|p1a: Murkrow|Screech|p1b: Lurantis\n|-boost|p1b: Lurantis|def|2\n|move|p2a: Gholdengo|Make It Rain|p1b: Lurantis|[spread] p1a,p1b\n|-resisted|p1b: Lurantis\n|-damage|p1a: Murkrow|0 fnt\n|-damage|p1b: Lurantis|90\/100\n|-unboost|p2a: Gholdengo|spa|1\n|faint|p1a: Murkrow\n|move|p1b: Lurantis|Superpower|p2b: Ogerpon\n|-damage|p2b: Ogerpon|62\/100 par\n|-boost|p1b: Lurantis|atk|1\n|-boost|p1b: Lurantis|def|1\n|move|p2b: Ogerpon|Brick Break|p1b: Lurantis\n|-supereffective|p1b: Lurantis\n|-damage|p1b: Lurantis|63\/100\n|\n|-weather|none\n|-heal|p1b: Lurantis|69\/100|[from] item: Leftovers\n|upkeep\n|\n|t:|1698118859\n|switch|p1a: Talonflame|Talonflame, M|100\/100\n|turn|6\n|\n|t:|1698118873\n|move|p1a: Talonflame|Tailwind|p1a: Talonflame\n|-sidestart|p1: SXD2002|move: Tailwind\n|move|p1b: Lurantis|Superpower|p2a: Gholdengo\n|-supereffective|p2a: Gholdengo\n|-damage|p2a: Gholdengo|0 fnt\n|-boost|p1b: Lurantis|atk|1\n|-boost|p1b: Lurantis|def|1\n|faint|p2a: Gholdengo\n|cant|p2b: Ogerpon|par\n|\n|-heal|p1b: Lurantis|75\/100|[from] item: Leftovers\n|upkeep\n|\n|t:|1698118884\n|switch|p2a: Politoed|Politoed, M|100\/100\n|-weather|RainDance|[from] ability: Drizzle|[of] p2a: Politoed\n|turn|7\n|\n|t:|1698118893\n|move|p1a: Talonflame|Defog|p1b: Lurantis\n|-boost|p1b: Lurantis|evasion|1\n|move|p1b: Lurantis|Leech Life|p2b: Ogerpon\n|-supereffective|p2b: Ogerpon\n|-damage|p2b: Ogerpon|0 fnt\n|-heal|p1b: Lurantis|100\/100|[from] drain|[of] p2b: Ogerpon\n|faint|p2b: Ogerpon\n|move|p2a: Politoed|Ice Beam|p1a: Talonflame\n|-damage|p1a: Talonflame|77\/100\n|\n|-weather|RainDance|[upkeep]\n|upkeep\n|\n|t:|1698118905\n|switch|p2b: Ursaluna|Ursaluna-Bloodmoon, M|100\/100\n|turn|8\n|\n|t:|1698118922\n|move|p1a: Talonflame|Defog|p1b: Lurantis\n|-boost|p1b: Lurantis|evasion|1\n|move|p1b: Lurantis|Superpower|p2b: Ursaluna\n|-supereffective|p2b: Ursaluna\n|-damage|p2b: Ursaluna|28\/100\n|-boost|p1b: Lurantis|atk|1\n|-boost|p1b: Lurantis|def|1\n|move|p2a: Politoed|Tera Blast|p1a: Talonflame\n|-damage|p1a: Talonflame|56\/100\n|move|p2b: Ursaluna|Earth Power|p1b: Lurantis\n|-supereffective|p1b: Lurantis\n|-damage|p1b: Lurantis|73\/100\n|-damage|p2b: Ursaluna|18\/100|[from] item: Life Orb\n|\n|-weather|RainDance|[upkeep]\n|-heal|p1b: Lurantis|79\/100|[from] item: Leftovers\n|upkeep\n|turn|9\n|-message|quakevoid forfeited.\n|\n|win|SXD2002\n|raw|SXD2002's rating: 1087 &rarr; <strong>1115<\/strong><br \/>(+28 for winning)\n|raw|quakevoid's rating: 1099 &rarr; <strong>1073<\/strong><br \/>(-26 for losing)\n|l|\u2606quakevoid\n","uploadtime":1698118939,"views":20,"p1id":"sxd2002","p2id":"quakevoid","formatid":"gen9doublesou","rating":1073,"private":0,"password":""}