{"id":"gen9doublesou-1974789724","p1":"Trandinh6x","p2":"Carterc2429","format":"[Gen 9] Doubles OU","log":"|j|\u2606Trandinh6x\n|j|\u2606Carterc2429\n|t:|1698124805\n|gametype|doubles\n|player|p1|Trandinh6x|cynthia|1433\n|player|p2|Carterc2429|flannery-gen6|1342\n|teamsize|p1|6\n|teamsize|p2|6\n|gen|9\n|tier|[Gen 9] Doubles OU\n|rated|\n|rule|Species Clause: Limit one of each Pok\u00e9mon\n|rule|OHKO Clause: OHKO moves are banned\n|rule|Evasion Moves Clause: Evasion moves are banned\n|rule|Gravity Sleep Clause: The combination of sleep-inducing moves with imperfect accuracy and Gravity or Gigantamax Orbeetle are banned\n|rule|Endless Battle Clause: Forcing endless battles is banned\n|rule|HP Percentage Mod: HP is shown in percentages\n|clearpoke\n|poke|p1|Sinistcha-Masterpiece|\n|poke|p1|Rillaboom, M|\n|poke|p1|Palafin, M|\n|poke|p1|Landorus-Therian, M|\n|poke|p1|Arcanine, M|\n|poke|p1|Gholdengo|\n|poke|p2|Goodra-Hisui, F|\n|poke|p2|Cresselia, F|\n|poke|p2|Torkoal, M|\n|poke|p2|Iron Hands|\n|poke|p2|Farigiraf, F|\n|poke|p2|Grimmsnarl, M|\n|teampreview\n|\n|t:|1698124837\n|start\n|switch|p1a: Rillaboom|Rillaboom, M|100\/100\n|switch|p1b: Gholdengo|Gholdengo|100\/100\n|switch|p2a: Farigiraf|Farigiraf, F|100\/100\n|switch|p2b: Grimmsnarl|Grimmsnarl, M|100\/100\n|-fieldstart|move: Grassy Terrain|[from] ability: Grassy Surge|[of] p1a: Rillaboom\n|turn|1\n|\n|t:|1698124849\n|move|p1b: Gholdengo|Nasty Plot|p1b: Gholdengo\n|-boost|p1b: Gholdengo|spa|2\n|move|p1a: Rillaboom|U-turn|p2a: Farigiraf\n|-supereffective|p2a: Farigiraf\n|-damage|p2a: Farigiraf|58\/100\n|\n|t:|1698124863\n|switch|p1a: Sinistcha|Sinistcha-Masterpiece|100\/100|[from] U-turn\n|move|p2b: Grimmsnarl|Lash Out|p1b: Gholdengo\n|-supereffective|p1b: Gholdengo\n|-damage|p1b: Gholdengo|16\/100\n|move|p2a: Farigiraf|Trick Room|p2a: Farigiraf\n|-fieldstart|move: Trick Room|[of] p2a: Farigiraf\n|\n|-heal|p2a: Farigiraf|64\/100|[from] Grassy Terrain\n|-heal|p1b: Gholdengo|22\/100|[from] Grassy Terrain\n|upkeep\n|turn|2\n|\n|t:|1698124895\n|move|p1a: Sinistcha|Rage Powder|p1a: Sinistcha\n|-singleturn|p1a: Sinistcha|move: Rage Powder\n|move|p2a: Farigiraf|Shadow Ball|p1a: Sinistcha\n|-supereffective|p1a: Sinistcha\n|-damage|p1a: Sinistcha|41\/100\n|-unboost|p1a: Sinistcha|spd|1\n|move|p2b: Grimmsnarl|Lash Out|p1a: Sinistcha\n|-supereffective|p1a: Sinistcha\n|-damage|p1a: Sinistcha|0 fnt\n|faint|p1a: Sinistcha\n|move|p1b: Gholdengo|Make It Rain|p2a: Farigiraf|[spread] p2a,p2b\n|-supereffective|p2b: Grimmsnarl\n|-damage|p2a: Farigiraf|0 fnt\n|-damage|p2b: Grimmsnarl|0 fnt\n|-unboost|p1b: Gholdengo|spa|1\n|faint|p2a: Farigiraf\n|faint|p2b: Grimmsnarl\n|-damage|p1b: Gholdengo|12\/100|[from] item: Life Orb\n|\n|-heal|p1b: Gholdengo|18\/100|[from] Grassy Terrain\n|upkeep\n|\n|t:|1698124912\n|switch|p2a: Goodra|Goodra-Hisui, F|100\/100\n|switch|p2b: Torkoal|Torkoal, M|100\/100\n|switch|p1a: Rillaboom|Rillaboom, M|100\/100\n|-weather|SunnyDay|[from] ability: Drought|[of] p2b: Torkoal\n|turn|3\n|\n|t:|1698124927\n|-terastallize|p2a: Goodra|Fire\n|move|p1a: Rillaboom|Fake Out|p2b: Torkoal\n|-damage|p2b: Torkoal|90\/100\n|cant|p2b: Torkoal|flinch\n|move|p2a: Goodra|Fire Blast|p1a: Rillaboom|[miss]\n|-miss|p2a: Goodra|p1a: Rillaboom\n|move|p1b: Gholdengo|Shadow Ball|p2a: Goodra\n|-damage|p2a: Goodra|46\/100\n|-unboost|p2a: Goodra|spd|1\n|-damage|p1b: Gholdengo|8\/100|[from] item: Life Orb\n|\n|-weather|SunnyDay|[upkeep]\n|-heal|p2b: Torkoal|96\/100|[from] Grassy Terrain\n|-heal|p2a: Goodra|52\/100|[from] Grassy Terrain\n|-heal|p1b: Gholdengo|14\/100|[from] Grassy Terrain\n|upkeep\n|turn|4\n|\n|t:|1698124959\n|switch|p1a: Landorus|Landorus-Therian, M|100\/100\n|-ability|p1a: Landorus|Intimidate|boost\n|-unboost|p2a: Goodra|atk|1\n|-unboost|p2b: Torkoal|atk|1\n|move|p1b: Gholdengo|Protect|p1b: Gholdengo\n|-singleturn|p1b: Gholdengo|Protect\n|move|p2b: Torkoal|Eruption|p1a: Landorus|[spread] p1a\n|-activate|p1b: Gholdengo|move: Protect\n|-damage|p1a: Landorus|63\/100\n|move|p2a: Goodra|Fire Blast|p1a: Landorus\n|-damage|p1a: Landorus|0 fnt\n|faint|p1a: Landorus\n|\n|-weather|SunnyDay|[upkeep]\n|-heal|p2b: Torkoal|100\/100|[from] Grassy Terrain\n|-heal|p2a: Goodra|58\/100|[from] Grassy Terrain\n|-heal|p1b: Gholdengo|20\/100|[from] Grassy Terrain\n|upkeep\n|\n|t:|1698124975\n|switch|p1a: Rillaboom|Rillaboom, M|100\/100\n|turn|5\n|\n|t:|1698124984\n|switch|p2b: Cresselia|Cresselia, F|100\/100\n|switch|p1b: Palafin|Palafin, M|100\/100\n|move|p1a: Rillaboom|Fake Out|p2b: Cresselia\n|-damage|p2b: Cresselia|90\/100\n|move|p2a: Goodra|Fire Blast|p1b: Palafin\n|-resisted|p1b: Palafin\n|-damage|p1b: Palafin|28\/100\n|\n|-weather|SunnyDay|[upkeep]\n|-heal|p2a: Goodra|64\/100|[from] Grassy Terrain\n|-heal|p1b: Palafin|34\/100|[from] Grassy Terrain\n|-fieldend|move: Trick Room\n|-fieldend|move: Grassy Terrain\n|upkeep\n|turn|6\n|\n|t:|1698124996\n|detailschange|p1b: Palafin|Palafin-Hero, M\n|switch|p1b: Gholdengo|Gholdengo|20\/100\n|move|p1a: Rillaboom|U-turn|p2b: Cresselia\n|-supereffective|p2b: Cresselia\n|-damage|p2b: Cresselia|52\/100\n|\n|t:|1698125004\n|switch|p1a: Arcanine|Arcanine, M|100\/100|[from] U-turn\n|-ability|p1a: Arcanine|Intimidate|boost\n|-unboost|p2a: Goodra|atk|1\n|-unboost|p2b: Cresselia|atk|1\n|move|p2a: Goodra|Fire Blast|p1a: Arcanine|[miss]\n|-miss|p2a: Goodra|p1a: Arcanine\n|move|p2b: Cresselia|Trick Room|p2b: Cresselia\n|-fieldstart|move: Trick Room|[of] p2b: Cresselia\n|\n|-weather|SunnyDay|[upkeep]\n|upkeep\n|turn|7\n|\n|t:|1698125022\n|move|p1b: Gholdengo|Protect|p1b: Gholdengo\n|-singleturn|p1b: Gholdengo|Protect\n|move|p2a: Goodra|Fire Blast|p1b: Gholdengo\n|-activate|p1b: Gholdengo|move: Protect\n|move|p2b: Cresselia|Psychic|p1a: Arcanine\n|-damage|p1a: Arcanine|78\/100\n|move|p1a: Arcanine|Flare Blitz|p2b: Cresselia\n|-damage|p2b: Cresselia|3\/100\n|-enditem|p2b: Cresselia|Sitrus Berry|[eat]\n|-heal|p2b: Cresselia|28\/100|[from] item: Sitrus Berry\n|-damage|p1a: Arcanine|59\/100|[from] Recoil\n|\n|-weather|none\n|upkeep\n|turn|8\n|\n|t:|1698125045\n|move|p2a: Goodra|Fire Blast|p1b: Gholdengo\n|-supereffective|p1b: Gholdengo\n|-crit|p1b: Gholdengo\n|-damage|p1b: Gholdengo|0 fnt\n|faint|p1b: Gholdengo\n|move|p2b: Cresselia|Lunar Blessing|p2b: Cresselia|[spread] p2a,p2b\n|-heal|p2a: Goodra|89\/100\n|-heal|p2b: Cresselia|53\/100\n|move|p1a: Arcanine|Will-O-Wisp|p2b: Cresselia\n|-status|p2b: Cresselia|brn\n|\n|-damage|p2b: Cresselia|47\/100 brn|[from] brn\n|upkeep\n|\n|t:|1698125061\n|switch|p1b: Rillaboom|Rillaboom, M|100\/100\n|-fieldstart|move: Grassy Terrain|[from] ability: Grassy Surge|[of] p1b: Rillaboom\n|turn|9\n|\n|t:|1698125071\n|move|p1b: Rillaboom|Fake Out|p2a: Goodra\n|-damage|p2a: Goodra|74\/100\n|cant|p2a: Goodra|flinch\n|move|p2b: Cresselia|Lunar Blessing|p2b: Cresselia|[spread] p2a,p2b\n|-heal|p2a: Goodra|99\/100\n|-heal|p2b: Cresselia|72\/100 brn\n|-curestatus|p2b: Cresselia|brn|[msg]\n|move|p1a: Arcanine|Flare Blitz|p2b: Cresselia\n|-crit|p2b: Cresselia\n|-damage|p2b: Cresselia|20\/100\n|-damage|p1a: Arcanine|39\/100|[from] Recoil\n|-enditem|p1a: Arcanine|Sitrus Berry|[eat]\n|-heal|p1a: Arcanine|64\/100|[from] item: Sitrus Berry\n|\n|-heal|p2a: Goodra|100\/100|[from] Grassy Terrain\n|-heal|p1a: Arcanine|70\/100|[from] Grassy Terrain\n|upkeep\n|turn|10\n|\n|t:|1698125089\n|move|p2a: Goodra|Fire Blast|p1b: Rillaboom\n|-supereffective|p1b: Rillaboom\n|-damage|p1b: Rillaboom|0 fnt\n|faint|p1b: Rillaboom\n|move|p2b: Cresselia|Lunar Blessing|p2b: Cresselia|[spread] p2a,p2b\n|-heal|p2b: Cresselia|45\/100\n|move|p1a: Arcanine|Flare Blitz|p2b: Cresselia\n|-damage|p2b: Cresselia|15\/100\n|-damage|p1a: Arcanine|58\/100|[from] Recoil\n|\n|-heal|p1a: Arcanine|64\/100|[from] Grassy Terrain\n|-fieldend|move: Trick Room\n|upkeep\n|\n|t:|1698125100\n|switch|p1b: Palafin|Palafin-Hero, M|34\/100\n|-activate|p1b: Palafin|ability: Zero to Hero\n|turn|11\n|\n|t:|1698125114\n|switch|p2a: Torkoal|Torkoal, M|100\/100\n|-weather|SunnyDay|[from] ability: Drought|[of] p2a: Torkoal\n|-terastallize|p1b: Palafin|Water\n|move|p1b: Palafin|Wave Crash|p2a: Torkoal\n|-supereffective|p2a: Torkoal\n|-damage|p2a: Torkoal|7\/100\n|-damage|p1b: Palafin|8\/100|[from] Recoil\n|move|p1a: Arcanine|Flare Blitz|p2b: Cresselia\n|-damage|p2b: Cresselia|0 fnt\n|faint|p2b: Cresselia\n|-damage|p1a: Arcanine|59\/100|[from] Recoil\n|\n|-weather|SunnyDay|[upkeep]\n|-heal|p1b: Palafin|14\/100|[from] Grassy Terrain\n|-heal|p1a: Arcanine|65\/100|[from] Grassy Terrain\n|-heal|p2a: Torkoal|13\/100|[from] Grassy Terrain\n|upkeep\n|\n|t:|1698125117\n|switch|p2b: Iron Hands|Iron Hands|100\/100\n|turn|12\n|\n|t:|1698125132\n|move|p1b: Palafin|Jet Punch|p2a: Torkoal\n|-supereffective|p2a: Torkoal\n|-damage|p2a: Torkoal|0 fnt\n|faint|p2a: Torkoal\n|move|p1a: Arcanine|Flare Blitz|p2b: Iron Hands\n|-damage|p2b: Iron Hands|56\/100\n|-damage|p1a: Arcanine|45\/100|[from] Recoil\n|move|p2b: Iron Hands|Drain Punch|p1a: Arcanine\n|-damage|p1a: Arcanine|1\/100\n|-heal|p2b: Iron Hands|72\/100|[from] drain|[of] p1a: Arcanine\n|\n|-weather|SunnyDay|[upkeep]\n|-heal|p1b: Palafin|21\/100|[from] Grassy Terrain\n|-heal|p1a: Arcanine|7\/100|[from] Grassy Terrain\n|-heal|p2b: Iron Hands|78\/100|[from] Grassy Terrain\n|upkeep\n|\n|t:|1698125136\n|switch|p2a: Goodra|Goodra-Hisui, F, tera:Fire|100\/100\n|turn|13\n|\n|t:|1698125153\n|move|p1b: Palafin|Protect|p1b: Palafin\n|-singleturn|p1b: Palafin|Protect\n|move|p1a: Arcanine|Will-O-Wisp|p2b: Iron Hands\n|-status|p2b: Iron Hands|brn\n|move|p2a: Goodra|Flash Cannon|p1a: Arcanine\n|-resisted|p1a: Arcanine\n|-damage|p1a: Arcanine|0 fnt\n|faint|p1a: Arcanine\n|move|p2b: Iron Hands|Drain Punch|p1b: Palafin\n|-activate|p1b: Palafin|move: Protect\n|\n|-weather|SunnyDay|[upkeep]\n|-heal|p1b: Palafin|27\/100|[from] Grassy Terrain\n|-heal|p2b: Iron Hands|84\/100 brn|[from] Grassy Terrain\n|-damage|p2b: Iron Hands|78\/100 brn|[from] brn\n|-fieldend|move: Grassy Terrain\n|upkeep\n|turn|14\n|c|\u2606Carterc2429|Gg\n|-message|Trandinh6x forfeited.\n|\n|win|Carterc2429\n|raw|Trandinh6x's rating: 1433 &rarr; <strong>1408<\/strong><br \/>(-25 for losing)\n|raw|Carterc2429's rating: 1342 &rarr; <strong>1367<\/strong><br \/>(+25 for winning)\n|l|\u2606Trandinh6x\n","uploadtime":1698125173,"views":36,"p1id":"trandinh6x","p2id":"carterc2429","formatid":"gen9doublesou","rating":1367,"private":0,"password":""}