{"id":"gen9doublesou-1976364078","p1":"PsykidStar","p2":"fangame10","format":"[Gen 9] Doubles OU","log":"|j|\u2606PsykidStar\n|j|\u2606fangame10\n|t:|1698291589\n|gametype|doubles\n|player|p1|PsykidStar|pokemonbreeder-gen4|1705\n|player|p2|fangame10|red|1867\n|teamsize|p1|6\n|teamsize|p2|6\n|gen|9\n|tier|[Gen 9] Doubles OU\n|rated|\n|rule|Species Clause: Limit one of each Pok\u00e9mon\n|rule|OHKO Clause: OHKO moves are banned\n|rule|Evasion Moves Clause: Evasion moves are banned\n|rule|Gravity Sleep Clause: The combination of sleep-inducing moves with imperfect accuracy and Gravity or Gigantamax Orbeetle are banned\n|rule|Endless Battle Clause: Forcing endless battles is banned\n|rule|HP Percentage Mod: HP is shown in percentages\n|clearpoke\n|poke|p1|Dragonite, M|\n|poke|p1|Tyranitar, M|\n|poke|p1|Hydreigon, M|\n|poke|p1|Goodra-Hisui, F|\n|poke|p1|Dragapult, M|\n|poke|p1|Baxcalibur, M|\n|poke|p2|Iron Bundle|\n|poke|p2|Abomasnow, M|\n|poke|p2|Chi-Yu|\n|poke|p2|Ursaluna, M|\n|poke|p2|Kommo-o, M|\n|poke|p2|Cresselia, F|\n|teampreview\n|inactive|Battle timer is ON: inactive players will automatically lose when time's up. (requested by fangame10)\n|inactive|PsykidStar also wants the timer to be on.\n|inactive|fangame10 has 120 seconds left.\n|\n|t:|1698291625\n|start\n|switch|p1a: Baxcalibur|Baxcalibur, M|100\/100\n|switch|p1b: Tyranitar|Tyranitar, M|100\/100\n|switch|p2a: Chi-Yu|Chi-Yu|100\/100\n|switch|p2b: Kommo-o|Kommo-o, M, shiny|100\/100\n|-ability|p2a: Chi-Yu|Beads of Ruin\n|-weather|Sandstorm|[from] ability: Sand Stream|[of] p1b: Tyranitar\n|turn|1\n|\n|t:|1698291651\n|switch|p2b: Predator Drone|Cresselia, F|100\/100\n|switch|p2a: Ursaluna|Ursaluna, M, shiny|100\/100\n|-terastallize|p1a: Baxcalibur|Fire\n|move|p1a: Baxcalibur|Scale Shot|p2b: Predator Drone|[miss]\n|-miss|p1a: Baxcalibur|p2b: Predator Drone\n|move|p1b: Tyranitar|Rock Slide|p2b: Predator Drone|[spread] p2a,p2b\n|-resisted|p2a: Ursaluna\n|-damage|p2a: Ursaluna|88\/100\n|-damage|p2b: Predator Drone|81\/100\n|\n|-weather|Sandstorm|[upkeep]\n|-damage|p1a: Baxcalibur|94\/100|[from] Sandstorm\n|-damage|p2b: Predator Drone|75\/100|[from] Sandstorm\n|-status|p2a: Ursaluna|brn|[from] item: Flame Orb\n|upkeep\n|turn|2\n|\n|t:|1698291665\n|move|p2a: Ursaluna|Protect|p2a: Ursaluna\n|-singleturn|p2a: Ursaluna|Protect\n|move|p1a: Baxcalibur|Icicle Spear|p2a: Ursaluna\n|-activate|p2a: Ursaluna|move: Protect\n|move|p1b: Tyranitar|Knock Off|p2b: Predator Drone\n|-supereffective|p2b: Predator Drone\n|-damage|p2b: Predator Drone|10\/100\n|-enditem|p2b: Predator Drone|Mental Herb|[from] move: Knock Off|[of] p1b: Tyranitar\n|move|p2b: Predator Drone|Trick Room|p2b: Predator Drone\n|-fieldstart|move: Trick Room|[of] p2b: Predator Drone\n|\n|-weather|Sandstorm|[upkeep]\n|-damage|p2b: Predator Drone|4\/100|[from] Sandstorm\n|-damage|p1a: Baxcalibur|88\/100|[from] Sandstorm\n|-damage|p2a: Ursaluna|82\/100 brn|[from] brn\n|upkeep\n|turn|3\n|\n|t:|1698291673\n|move|p2a: Ursaluna|Earthquake|p1b: Tyranitar|[spread] p1a,p1b\n|-immune|p2b: Predator Drone|[from] ability: Levitate\n|-supereffective|p1a: Baxcalibur\n|-supereffective|p1b: Tyranitar\n|-damage|p1a: Baxcalibur|0 fnt\n|-damage|p1b: Tyranitar|0 fnt\n|faint|p1a: Baxcalibur\n|faint|p1b: Tyranitar\n|move|p2b: Predator Drone|Lunar Blessing|p2b: Predator Drone|[spread] p2a,p2b\n|-heal|p2a: Ursaluna|100\/100 brn\n|-curestatus|p2a: Ursaluna|brn|[msg]\n|-heal|p2b: Predator Drone|29\/100\n|\n|-weather|Sandstorm|[upkeep]\n|-damage|p2b: Predator Drone|23\/100|[from] Sandstorm\n|-status|p2a: Ursaluna|brn|[from] item: Flame Orb\n|upkeep\n|\n|t:|1698291678\n|switch|p1b: Dragonite|Dragonite, M|100\/100\n|switch|p1a: Hydreigon|Hydreigon, M|100\/100\n|turn|4\n|\n|t:|1698291694\n|switch|p2b: Abomasnow|Abomasnow, M, shiny|100\/100\n|-weather|Snow|[from] ability: Snow Warning|[of] p2b: Abomasnow\n|move|p2a: Ursaluna|Facade|p1a: Hydreigon\n|-damage|p1a: Hydreigon|0 fnt\n|faint|p1a: Hydreigon\n|move|p1b: Dragonite|Ice Beam|p2a: Ursaluna\n|-supereffective|p2a: Ursaluna\n|-damage|p2a: Ursaluna|57\/100 brn\n|\n|-weather|Snow|[upkeep]\n|-damage|p2a: Ursaluna|51\/100 brn|[from] brn\n|upkeep\n|\n|t:|1698291702\n|switch|p1a: Dragapult|Dragapult, M|100\/100\n|turn|5\n|\n|t:|1698291708\n|move|p2a: Ursaluna|Facade|p1b: Dragonite\n|-damage|p1b: Dragonite|36\/100\n|move|p2b: Abomasnow|Blizzard|p1b: Dragonite|[spread] p1a,p1b\n|-supereffective|p1a: Dragapult\n|-supereffective|p1b: Dragonite\n|-crit|p1b: Dragonite\n|-damage|p1a: Dragapult|12\/100\n|-damage|p1b: Dragonite|0 fnt\n|faint|p1b: Dragonite\n|move|p1a: Dragapult|Flamethrower|p2b: Abomasnow\n|-supereffective|p2b: Abomasnow\n|-damage|p2b: Abomasnow|0 fnt\n|faint|p2b: Abomasnow\n|\n|-weather|Snow|[upkeep]\n|-damage|p2a: Ursaluna|45\/100 brn|[from] brn\n|upkeep\n|\n|t:|1698291715\n|switch|p2b: Kommo-o|Kommo-o, M, shiny|100\/100\n|switch|p1b: Goodra|Goodra-Hisui, F|100\/100\n|turn|6\n|inactive|fangame10 has 120 seconds left.\n|\n|t:|1698291746\n|switch|p2b: Predator Drone|Cresselia, F|23\/100\n|move|p2a: Ursaluna|Earthquake|p1b: Goodra|[spread] p1a,p1b\n|-immune|p2b: Predator Drone|[from] ability: Levitate\n|-supereffective|p1b: Goodra\n|-damage|p1a: Dragapult|0 fnt\n|-damage|p1b: Goodra|4\/100\n|faint|p1a: Dragapult\n|move|p1b: Goodra|Body Press|p2a: Ursaluna\n|-supereffective|p2a: Ursaluna\n|-damage|p2a: Ursaluna|5\/100 brn\n|\n|-weather|Snow|[upkeep]\n|-heal|p1b: Goodra|11\/100|[from] item: Leftovers\n|-damage|p2a: Ursaluna|0 fnt|[from] brn\n|faint|p2a: Ursaluna\n|-fieldend|move: Trick Room\n|upkeep\n|\n|t:|1698291749\n|switch|p2a: Kommo-o|Kommo-o, M, shiny|100\/100\n|turn|7\n|\n|t:|1698291755\n|move|p2a: Kommo-o|Drain Punch|p1b: Goodra\n|-supereffective|p1b: Goodra\n|-damage|p1b: Goodra|0 fnt\n|faint|p1b: Goodra\n|\n|win|fangame10\n|raw|PsykidStar's rating: 1705 &rarr; <strong>1694<\/strong><br \/>(-11 for losing)\n|raw|fangame10's rating: 1867 &rarr; <strong>1878<\/strong><br \/>(+11 for winning)\n|c|\u2606PsykidStar|GG\n|c|\u2606fangame10|gg\n|l|\u2606PsykidStar\n|l|\u2606fangame10\n","uploadtime":1698291774,"views":18,"p1id":"psykidstar","p2id":"fangame10","formatid":"gen9doublesou","rating":1694,"private":0,"password":""}