{"id":"gen9doublesou-1968090316","p1":"VikrThe","p2":"coco falante","format":"[Gen 9] Doubles OU","log":"|html|<div class=\"broadcast-blue\"><strong>[Gen 9] Doubles OU is currently suspecting Basculegion & Flutter Mane! For information on how to participate check out the <a href=\"https:\/\/www.smogon.com\/forums\/threads\/np-sv-dou-stage-8-double-trouble.3729153\/\">suspect thread<\/a>.<\/strong><\/div>\n|j|\u2606VikrThe\n|j|\u2606coco falante\n|t:|1697383297\n|gametype|doubles\n|player|p1|VikrThe|2|1184\n|player|p2|coco falante|veteran|1211\n|teamsize|p1|6\n|teamsize|p2|6\n|gen|9\n|tier|[Gen 9] Doubles OU\n|rated|\n|rule|Species Clause: Limit one of each Pok\u00e9mon\n|rule|OHKO Clause: OHKO moves are banned\n|rule|Evasion Moves Clause: Evasion moves are banned\n|rule|Gravity Sleep Clause: The combination of sleep-inducing moves with imperfect accuracy and Gravity or Gigantamax Orbeetle are banned\n|rule|Endless Battle Clause: Forcing endless battles is banned\n|rule|HP Percentage Mod: HP is shown in percentages\n|clearpoke\n|poke|p1|Landorus-Therian, M|\n|poke|p1|Ninetales-Alola, M|\n|poke|p1|Sinistcha-Masterpiece|\n|poke|p1|Amoonguss, M|\n|poke|p1|Tornadus, M|\n|poke|p1|Moltres-Galar|\n|poke|p2|Skeledirge, F|\n|poke|p2|Stantler, M|\n|poke|p2|Clefairy, M|\n|poke|p2|Pachirisu, F|\n|poke|p2|Pikachu, F|\n|poke|p2|Kilowattrel, F|\n|teampreview\n|\n|t:|1697383308\n|start\n|switch|p1a: Landorus|Landorus-Therian, M|100\/100\n|switch|p1b: Ninetales|Ninetales-Alola, M|100\/100\n|switch|p2a: Stantler|Stantler, M|100\/100\n|switch|p2b: Kilowattrel|Kilowattrel, F|100\/100\n|-ability|p2a: Stantler|Intimidate|boost\n|-unboost|p1a: Landorus|atk|1\n|-unboost|p1b: Ninetales|atk|1\n|-weather|Snow|[from] ability: Snow Warning|[of] p1b: Ninetales\n|-ability|p1a: Landorus|Intimidate|boost\n|-unboost|p2a: Stantler|atk|1\n|-unboost|p2b: Kilowattrel|atk|1\n|-ability|p2b: Kilowattrel|Competitive|boost\n|-boost|p2b: Kilowattrel|spa|2\n|-enditem|p2b: Kilowattrel|Adrenaline Orb\n|-boost|p2b: Kilowattrel|spe|1|[from] item: Adrenaline Orb\n|turn|1\n|\n|t:|1697383347\n|-terastallize|p2b: Kilowattrel|Dragon\n|move|p2b: Kilowattrel|Weather Ball|p1a: Landorus\n|-supereffective|p1a: Landorus\n|-damage|p1a: Landorus|0 fnt\n|faint|p1a: Landorus\n|move|p2a: Stantler|Skill Swap|p1b: Ninetales\n|-activate|p2a: Stantler|move: Skill Swap|Snow Warning|Intimidate|[of] p1b: Ninetales\n|-ability|p1b: Ninetales|Intimidate|boost\n|-unboost|p2a: Stantler|atk|1\n|-unboost|p2b: Kilowattrel|atk|1\n|-ability|p2b: Kilowattrel|Competitive|boost\n|-boost|p2b: Kilowattrel|spa|2\n|move|p1b: Ninetales|Aurora Veil|p1b: Ninetales\n|-sidestart|p1: VikrThe|move: Aurora Veil\n|\n|-weather|Snow|[upkeep]\n|upkeep\n|\n|t:|1697383366\n|switch|p1a: Moltres|Moltres-Galar|100\/100\n|turn|2\n|\n|t:|1697383383\n|switch|p2a: Pachirisu|Pachirisu, F|100\/100\n|move|p2b: Kilowattrel|Discharge|p1b: Ninetales|[spread] p1a,p1b\n|-immune|p2a: Pachirisu|[from] ability: Volt Absorb\n|-supereffective|p1a: Moltres\n|-damage|p1a: Moltres|3\/100\n|-damage|p1b: Ninetales|45\/100\n|-status|p1a: Moltres|par\n|-ability|p1a: Moltres|Berserk|boost\n|-boost|p1a: Moltres|spa|1\n|move|p1b: Ninetales|Blizzard|p2b: Kilowattrel|[spread] p2a,p2b\n|-supereffective|p2b: Kilowattrel\n|-damage|p2a: Pachirisu|72\/100\n|-damage|p2b: Kilowattrel|17\/100\n|move|p1a: Moltres|Fiery Wrath|p2a: Pachirisu|[spread] p2a,p2b\n|-damage|p2a: Pachirisu|22\/100\n|-damage|p2b: Kilowattrel|0 fnt\n|-enditem|p2a: Pachirisu|Sitrus Berry|[eat]\n|-heal|p2a: Pachirisu|47\/100|[from] item: Sitrus Berry\n|faint|p2b: Kilowattrel\n|\n|-weather|Snow|[upkeep]\n|upkeep\n|\n|t:|1697383405\n|switch|p2b: Skeledirge|Skeledirge, F|100\/100\n|turn|3\n|\n|t:|1697383413\n|move|p2a: Pachirisu|Follow Me|p2a: Pachirisu\n|-singleturn|p2a: Pachirisu|move: Follow Me\n|move|p1b: Ninetales|Blizzard|p2b: Skeledirge|[spread] p2a,p2b\n|-resisted|p2b: Skeledirge\n|-damage|p2a: Pachirisu|18\/100\n|-damage|p2b: Skeledirge|87\/100\n|cant|p1a: Moltres|par\n|move|p2b: Skeledirge|Hyper Voice|p1a: Moltres|[spread] p1a,p1b\n|-damage|p1a: Moltres|0 fnt\n|-damage|p1b: Ninetales|28\/100\n|faint|p1a: Moltres\n|-enditem|p2b: Skeledirge|Throat Spray\n|-boost|p2b: Skeledirge|spa|1|[from] item: Throat Spray\n|\n|-weather|Snow|[upkeep]\n|upkeep\n|\n|t:|1697383426\n|switch|p1a: Tornadus|Tornadus, M|100\/100\n|turn|4\n|\n|t:|1697383439\n|move|p2a: Pachirisu|Helping Hand|p2b: Skeledirge\n|-singleturn|p2b: Skeledirge|Helping Hand|[of] p2a: Pachirisu\n|move|p1a: Tornadus|Taunt|p2a: Pachirisu\n|-start|p2a: Pachirisu|move: Taunt\n|move|p1b: Ninetales|Blizzard|p2a: Pachirisu|[spread] p2a,p2b\n|-resisted|p2b: Skeledirge\n|-damage|p2a: Pachirisu|0 fnt\n|-damage|p2b: Skeledirge|73\/100\n|faint|p2a: Pachirisu\n|move|p2b: Skeledirge|Torch Song|p1a: Tornadus\n|-damage|p1a: Tornadus|19\/100\n|-boost|p2b: Skeledirge|spa|1\n|\n|-weather|Snow|[upkeep]\n|upkeep\n|\n|t:|1697383453\n|switch|p2a: Pikachu|Pikachu, F|100\/100\n|turn|5\n|\n|t:|1697383462\n|move|p2a: Pikachu|Fake Out|p1b: Ninetales\n|-crit|p1b: Ninetales\n|-damage|p1b: Ninetales|11\/100\n|move|p1a: Tornadus|Bleakwind Storm|p2a: Pikachu|[spread] p2a,p2b\n|-resisted|p2a: Pikachu\n|-damage|p2a: Pikachu|45\/100\n|-damage|p2b: Skeledirge|37\/100\n|cant|p1b: Ninetales|flinch\n|move|p2b: Skeledirge|Hyper Voice|p1b: Ninetales|[spread] p1a,p1b\n|-damage|p1a: Tornadus|0 fnt\n|-damage|p1b: Ninetales|0 fnt\n|faint|p1a: Tornadus\n|faint|p1b: Ninetales\n|\n|-weather|none\n|upkeep\n|\n|t:|1697383471\n|switch|p1a: Sinistcha|Sinistcha-Masterpiece|100\/100\n|switch|p1b: Amoonguss|Amoonguss, M|100\/100\n|turn|6\n|\n|t:|1697383497\n|move|p1b: Amoonguss|Rage Powder|p1b: Amoonguss\n|-singleturn|p1b: Amoonguss|move: Rage Powder\n|move|p2a: Pikachu|Nuzzle|p1b: Amoonguss\n|-resisted|p1b: Amoonguss\n|-damage|p1b: Amoonguss|97\/100\n|-status|p1b: Amoonguss|par\n|move|p1a: Sinistcha|Scald|p2b: Skeledirge\n|-supereffective|p2b: Skeledirge\n|-damage|p2b: Skeledirge|0 fnt\n|faint|p2b: Skeledirge\n|\n|upkeep\n|\n|t:|1697383513\n|switch|p2b: Clefairy|Clefairy, M|100\/100\n|turn|7\n|\n|t:|1697383527\n|move|p2a: Pikachu|Nuzzle|p1a: Sinistcha\n|-resisted|p1a: Sinistcha\n|-damage|p1a: Sinistcha|99\/100\n|-status|p1a: Sinistcha|par\n|move|p2b: Clefairy|Heal Pulse|p2a: Pikachu\n|-heal|p2a: Pikachu|95\/100\n|cant|p1a: Sinistcha|par\n|move|p1b: Amoonguss|Spore|p2b: Clefairy\n|-status|p2b: Clefairy|slp|[from] move: Spore\n|\n|upkeep\n|turn|8\n|\n|t:|1697383549\n|cant|p2b: Clefairy|slp\n|move|p2a: Pikachu|Thunderbolt|p1a: Sinistcha\n|-resisted|p1a: Sinistcha\n|-damage|p1a: Sinistcha|79\/100 par\n|cant|p1a: Sinistcha|par\n|move|p1b: Amoonguss|Pollen Puff|p2a: Pikachu\n|-damage|p2a: Pikachu|55\/100\n|\n|-sideend|p1: VikrThe|move: Aurora Veil\n|upkeep\n|turn|9\n|\n|t:|1697383568\n|move|p2a: Pikachu|Surf|p1b: Amoonguss|[spread] p2b,p1a,p1b\n|-resisted|p1a: Sinistcha\n|-resisted|p1b: Amoonguss\n|-damage|p2b: Clefairy|86\/100 slp\n|-damage|p1a: Sinistcha|64\/100 par\n|-damage|p1b: Amoonguss|89\/100 par\n|-curestatus|p2b: Clefairy|slp|[msg]\n|move|p2b: Clefairy|Life Dew|p2b: Clefairy|[spread] p2a,p2b\n|-heal|p2a: Pikachu|80\/100\n|-heal|p2b: Clefairy|100\/100\n|cant|p1a: Sinistcha|par\n|move|p1b: Amoonguss|Pollen Puff|p2a: Pikachu\n|-damage|p2a: Pikachu|42\/100\n|\n|upkeep\n|turn|10\n|\n|t:|1697383593\n|switch|p2a: Stantler|Stantler, M|100\/100\n|-ability|p2a: Stantler|Intimidate|boost\n|-unboost|p1a: Sinistcha|atk|1\n|-unboost|p1b: Amoonguss|atk|1\n|move|p2b: Clefairy|Heal Pulse|p2a: Stantler\n|-fail|p2a: Stantler|heal\n|cant|p1a: Sinistcha|par\n|cant|p1b: Amoonguss|par\n|\n|upkeep\n|turn|11\n|\n|t:|1697383610\n|move|p2b: Clefairy|Helping Hand|p2a: Stantler\n|-singleturn|p2a: Stantler|Helping Hand|[of] p2b: Clefairy\n|move|p2a: Stantler|Extrasensory|p1b: Amoonguss\n|-supereffective|p1b: Amoonguss\n|-damage|p1b: Amoonguss|49\/100 par\n|-enditem|p1b: Amoonguss|Sitrus Berry|[eat]\n|-heal|p1b: Amoonguss|73\/100 par|[from] item: Sitrus Berry\n|cant|p1a: Sinistcha|par\n|move|p1b: Amoonguss|Spore|p2b: Clefairy\n|-status|p2b: Clefairy|slp|[from] move: Spore\n|\n|upkeep\n|turn|12\n|\n|t:|1697383639\n|switch|p2b: Pikachu|Pikachu, F|42\/100\n|-terastallize|p1b: Amoonguss|Grass\n|move|p1b: Amoonguss|Protect|p1b: Amoonguss\n|-singleturn|p1b: Amoonguss|Protect\n|move|p2a: Stantler|Extrasensory|p1b: Amoonguss\n|-activate|p1b: Amoonguss|move: Protect\n|cant|p1a: Sinistcha|par\n|\n|upkeep\n|turn|13\n|\n|t:|1697383657\n|move|p2b: Pikachu|Fake Out|p1b: Amoonguss\n|-damage|p1b: Amoonguss|62\/100 par\n|move|p2a: Stantler|Extrasensory|p1b: Amoonguss\n|-damage|p1b: Amoonguss|47\/100 par\n|move|p1a: Sinistcha|Matcha Gotcha|p2b: Pikachu|[spread] p2a,p2b\n|-damage|p2a: Stantler|61\/100\n|-heal|p1a: Sinistcha|81\/100 par|[from] drain|[of] p2a: Stantler\n|-damage|p2b: Pikachu|0 fnt\n|-heal|p1a: Sinistcha|93\/100 par|[from] drain|[of] p2b: Pikachu\n|faint|p2b: Pikachu\n|cant|p1b: Amoonguss|flinch\n|\n|upkeep\n|\n|t:|1697383669\n|switch|p2b: Clefairy|Clefairy, M|100\/100 slp\n|turn|14\n|\n|t:|1697383682\n|move|p2a: Stantler|Extrasensory|p1a: Sinistcha\n|-damage|p1a: Sinistcha|70\/100 par\n|cant|p2b: Clefairy|slp\n|cant|p1a: Sinistcha|flinch\n|move|p1b: Amoonguss|Pollen Puff|p2a: Stantler\n|-damage|p2a: Stantler|38\/100\n|\n|upkeep\n|turn|15\n|\n|t:|1697383738\n|move|p2a: Stantler|Extrasensory|p1a: Sinistcha\n|-damage|p1a: Sinistcha|47\/100 par\n|-enditem|p1a: Sinistcha|Sitrus Berry|[eat]\n|-heal|p1a: Sinistcha|72\/100 par|[from] item: Sitrus Berry\n|-curestatus|p2b: Clefairy|slp|[msg]\n|move|p2b: Clefairy|Heal Pulse|p2a: Stantler\n|-heal|p2a: Stantler|88\/100\n|move|p1a: Sinistcha|Matcha Gotcha|p2b: Clefairy|[spread] p2a,p2b\n|-damage|p2a: Stantler|58\/100\n|-heal|p1a: Sinistcha|85\/100 par|[from] drain|[of] p2a: Stantler\n|-damage|p2b: Clefairy|86\/100\n|-heal|p1a: Sinistcha|92\/100 par|[from] drain|[of] p2b: Clefairy\n|-status|p2a: Stantler|brn\n|cant|p1b: Amoonguss|par\n|\n|-damage|p2a: Stantler|52\/100 brn|[from] brn\n|upkeep\n|turn|16\n|\n|t:|1697383764\n|move|p2a: Stantler|Extrasensory|p1a: Sinistcha\n|-damage|p1a: Sinistcha|68\/100 par\n|move|p2b: Clefairy|Heal Pulse|p2a: Stantler\n|-heal|p2a: Stantler|100\/100 brn\n|cant|p1a: Sinistcha|par\n|move|p1b: Amoonguss|Spore|p2b: Clefairy\n|-status|p2b: Clefairy|slp|[from] move: Spore\n|\n|-damage|p2a: Stantler|95\/100 brn|[from] brn\n|upkeep\n|turn|17\n|\n|t:|1697383781\n|move|p1b: Amoonguss|Protect|p1b: Amoonguss\n|-singleturn|p1b: Amoonguss|Protect\n|move|p2a: Stantler|Extrasensory|p1a: Sinistcha\n|-damage|p1a: Sinistcha|43\/100 par\n|cant|p2b: Clefairy|slp\n|move|p1a: Sinistcha|Matcha Gotcha|p2b: Clefairy|[spread] p2b\n|-miss|p1a: Sinistcha|p2a: Stantler\n|-damage|p2b: Clefairy|70\/100 slp\n|-heal|p1a: Sinistcha|50\/100 par|[from] drain|[of] p2b: Clefairy\n|\n|-damage|p2a: Stantler|89\/100 brn|[from] brn\n|upkeep\n|turn|18\n|\n|t:|1697383796\n|move|p1b: Amoonguss|Rage Powder|p1b: Amoonguss\n|-singleturn|p1b: Amoonguss|move: Rage Powder\n|move|p2a: Stantler|Extrasensory|p1b: Amoonguss\n|-damage|p1b: Amoonguss|33\/100 par\n|cant|p2b: Clefairy|slp\n|move|p1a: Sinistcha|Matcha Gotcha|p2b: Clefairy|[spread] p2a\n|-miss|p1a: Sinistcha|p2b: Clefairy\n|-damage|p2a: Stantler|56\/100 brn\n|-heal|p1a: Sinistcha|64\/100 par|[from] drain|[of] p2a: Stantler\n|\n|-damage|p2a: Stantler|50\/100 brn|[from] brn\n|upkeep\n|turn|19\n|\n|t:|1697383818\n|move|p2a: Stantler|Extrasensory|p1a: Sinistcha\n|-damage|p1a: Sinistcha|38\/100 par\n|cant|p2b: Clefairy|slp\n|move|p1a: Sinistcha|Matcha Gotcha|p2a: Stantler|[spread] p2a,p2b\n|-crit|p2b: Clefairy\n|-damage|p2a: Stantler|18\/100 brn\n|-heal|p1a: Sinistcha|52\/100 par|[from] drain|[of] p2a: Stantler\n|-damage|p2b: Clefairy|46\/100 slp\n|-heal|p1a: Sinistcha|64\/100 par|[from] drain|[of] p2b: Clefairy\n|cant|p1b: Amoonguss|par\n|\n|-damage|p2a: Stantler|12\/100 brn|[from] brn\n|upkeep\n|turn|20\n|\n|t:|1697383836\n|cant|p1b: Amoonguss|par\n|move|p2a: Stantler|Extrasensory|p1a: Sinistcha\n|-crit|p1a: Sinistcha\n|-damage|p1a: Sinistcha|24\/100 par\n|-curestatus|p2b: Clefairy|slp|[msg]\n|move|p2b: Clefairy|Heal Pulse|p2a: Stantler\n|-heal|p2a: Stantler|62\/100 brn\n|move|p1a: Sinistcha|Matcha Gotcha|p2b: Clefairy|[spread] p2a,p2b\n|-damage|p2a: Stantler|31\/100 brn\n|-heal|p1a: Sinistcha|37\/100 par|[from] drain|[of] p2a: Stantler\n|-damage|p2b: Clefairy|32\/100\n|-heal|p1a: Sinistcha|44\/100 par|[from] drain|[of] p2b: Clefairy\n|-status|p2b: Clefairy|brn\n|\n|-damage|p2a: Stantler|25\/100 brn|[from] brn\n|-damage|p2b: Clefairy|26\/100 brn|[from] brn\n|upkeep\n|turn|21\n|\n|t:|1697383857\n|move|p1b: Amoonguss|Rage Powder|p1b: Amoonguss\n|-singleturn|p1b: Amoonguss|move: Rage Powder\n|move|p2a: Stantler|Extrasensory|p1b: Amoonguss\n|-damage|p1b: Amoonguss|19\/100 par\n|move|p2b: Clefairy|Life Dew|p2b: Clefairy|[spread] p2a,p2b\n|-heal|p2a: Stantler|50\/100 brn\n|-heal|p2b: Clefairy|51\/100 brn\n|move|p1a: Sinistcha|Matcha Gotcha|p2a: Stantler|[spread] p2a,p2b\n|-crit|p2a: Stantler\n|-damage|p2a: Stantler|2\/100 brn\n|-heal|p1a: Sinistcha|64\/100 par|[from] drain|[of] p2a: Stantler\n|-damage|p2b: Clefairy|35\/100 brn\n|-heal|p1a: Sinistcha|72\/100 par|[from] drain|[of] p2b: Clefairy\n|\n|-damage|p2a: Stantler|0 fnt|[from] brn\n|faint|p2a: Stantler\n|-damage|p2b: Clefairy|29\/100 brn|[from] brn\n|upkeep\n|turn|22\n|-message|coco falante forfeited.\n|\n|win|VikrThe\n|raw|VikrThe's rating: 1184 &rarr; <strong>1211<\/strong><br \/>(+27 for winning)\n|raw|coco falante's rating: 1211 &rarr; <strong>1184<\/strong><br \/>(-27 for losing)\n|l|\u2606coco falante\n","uploadtime":1697383886,"views":23,"p1id":"vikrthe","p2id":"cocofalante","formatid":"gen9doublesou","rating":1184,"private":0,"password":""}