{"id":"gen9doublesou-1999281476","p1":"Coolphantomlink","p2":"L1rycal","format":"[Gen 9] Doubles OU","log":"|j|\u2606Coolphantomlink\n|j|\u2606L1rycal\n|inactive|Battle timer is ON: inactive players will automatically lose when time's up.\n|t:|1701054603\n|gametype|doubles\n|player|p1|Coolphantomlink|colress|\n|player|p2|L1rycal|169|\n|teamsize|p1|6\n|teamsize|p2|6\n|gen|9\n|tier|[Gen 9] Doubles OU\n|rated|Tournament battle\n|rule|Species Clause: Limit one of each Pok\u00e9mon\n|rule|OHKO Clause: OHKO moves are banned\n|rule|Evasion Moves Clause: Evasion moves are banned\n|rule|Gravity Sleep Clause: The combination of sleep-inducing moves with imperfect accuracy and Gravity or Gigantamax Orbeetle are banned\n|rule|Endless Battle Clause: Forcing endless battles is banned\n|rule|HP Percentage Mod: HP is shown in percentages\n|clearpoke\n|poke|p1|Dragonite, M|\n|poke|p1|Froslass, F|\n|poke|p1|Breloom, F|\n|poke|p1|Chesnaught, F|\n|poke|p1|Gengar, F|\n|poke|p1|Floatzel, M|\n|poke|p2|Amoonguss, M|\n|poke|p2|Quagsire, M|\n|poke|p2|Grumpig, M|\n|poke|p2|Lilligant, F|\n|poke|p2|Vikavolt, F|\n|poke|p2|Staraptor, M|\n|teampreview\n|j|*Lady Monita \u2746\n|c|\u2606L1rycal|glhf\n|\n|t:|1701054617\n|start\n|switch|p1a: Dragonite|Dragonite, M|100\/100\n|switch|p1b: Froslass|Froslass, F|100\/100\n|switch|p2a: Staraptor|Staraptor, M|100\/100\n|switch|p2b: Grumpig|Grumpig, M|100\/100\n|-ability|p2a: Staraptor|Intimidate|boost\n|-fail|p1a: Dragonite|unboost|Attack|[from] ability: Inner Focus|[of] p1a: Dragonite\n|-unboost|p1b: Froslass|atk|1\n|turn|1\n|\n|t:|1701054646\n|move|p1b: Froslass|Reflect|p1b: Froslass\n|-sidestart|p1: Coolphantomlink|Reflect\n|move|p2a: Staraptor|Brave Bird|p1b: Froslass\n|-damage|p1b: Froslass|46\/100\n|-damage|p2a: Staraptor|81\/100|[from] Recoil\n|move|p1a: Dragonite|Dragon Dance|p1a: Dragonite\n|-boost|p1a: Dragonite|atk|1\n|-boost|p1a: Dragonite|spe|1\n|move|p2b: Grumpig|Reflect|p2b: Grumpig\n|-sidestart|p2: L1rycal|Reflect\n|\n|upkeep\n|turn|2\n|\n|t:|1701054668\n|move|p1a: Dragonite|Dragon Dance|p1a: Dragonite\n|-boost|p1a: Dragonite|atk|1\n|-boost|p1a: Dragonite|spe|1\n|move|p1b: Froslass|Thunder Wave|p2a: Staraptor\n|-status|p2a: Staraptor|par\n|move|p2b: Grumpig|Psychic|p1a: Dragonite\n|-damage|p1a: Dragonite|59\/100\n|cant|p2a: Staraptor|par\n|\n|upkeep\n|turn|3\n|\n|t:|1701054689\n|-terastallize|p1a: Dragonite|Normal\n|move|p1b: Froslass|Helping Hand|p1a: Dragonite\n|-singleturn|p1a: Dragonite|Helping Hand|[of] p1b: Froslass\n|move|p2a: Staraptor|Protect|p2a: Staraptor\n|-singleturn|p2a: Staraptor|Protect\n|move|p1a: Dragonite|Extreme Speed|p2a: Staraptor\n|-activate|p2a: Staraptor|move: Protect\n|move|p2b: Grumpig|Psychic|p1a: Dragonite\n|-damage|p1a: Dragonite|17\/100\n|\n|upkeep\n|turn|4\n|\n|t:|1701054711\n|move|p1b: Froslass|Helping Hand|p1a: Dragonite\n|-singleturn|p1a: Dragonite|Helping Hand|[of] p1b: Froslass\n|move|p1a: Dragonite|Extreme Speed|p2a: Staraptor\n|-damage|p2a: Staraptor|0 fnt\n|faint|p2a: Staraptor\n|-damage|p1a: Dragonite|7\/100|[from] item: Life Orb\n|move|p2b: Grumpig|Psychic|p1a: Dragonite\n|-damage|p1a: Dragonite|0 fnt\n|faint|p1a: Dragonite\n|\n|upkeep\n|j|^HEAVY-DUTY B0OTY\n|\n|t:|1701054733\n|switch|p2a: Quagsire|Quagsire, M|100\/100\n|switch|p1a: Gengar|Gengar, F|100\/100\n|turn|5\n|\n|t:|1701054753\n|switch|p2b: Amoonguss|Amoonguss, M|100\/100\n|move|p1a: Gengar|Will-O-Wisp|p2a: Quagsire\n|-status|p2a: Quagsire|brn\n|move|p1b: Froslass|Thunder Wave|p2b: Amoonguss\n|-status|p2b: Amoonguss|par\n|move|p2a: Quagsire|Bulldoze|p1a: Gengar|[spread] p2b,p1a,p1b\n|-supereffective|p1a: Gengar\n|-damage|p2b: Amoonguss|95\/100 par\n|-damage|p1a: Gengar|81\/100\n|-damage|p1b: Froslass|40\/100\n|-unboost|p2b: Amoonguss|spe|1\n|-unboost|p1a: Gengar|spe|1\n|-unboost|p1b: Froslass|spe|1\n|\n|-heal|p1a: Gengar|87\/100|[from] item: Leftovers\n|-heal|p2b: Amoonguss|100\/100 par|[from] item: Black Sludge\n|-damage|p2a: Quagsire|94\/100 brn|[from] brn\n|upkeep\n|turn|6\n|inactive|Coolphantomlink has 120 seconds left.\n|\n|t:|1701054784\n|move|p1b: Froslass|Helping Hand|p1a: Gengar\n|-singleturn|p1a: Gengar|Helping Hand|[of] p1b: Froslass\n|move|p1a: Gengar|Hex|p2a: Quagsire\n|-damage|p2a: Quagsire|0 fnt\n|faint|p2a: Quagsire\n|move|p2b: Amoonguss|Giga Drain|p1b: Froslass\n|-crit|p1b: Froslass\n|-damage|p1b: Froslass|0 fnt\n|faint|p1b: Froslass\n|\n|-heal|p1a: Gengar|93\/100|[from] item: Leftovers\n|upkeep\n|inactive|Coolphantomlink has 120 seconds left.\n|\n|t:|1701054818\n|switch|p1b: Chesnaught|Chesnaught, F|100\/100\n|switch|p2a: Grumpig|Grumpig, M|100\/100\n|turn|7\n|\n|t:|1701054829\n|move|p1b: Chesnaught|Spiky Shield|p1b: Chesnaught\n|-singleturn|p1b: Chesnaught|move: Protect\n|move|p2b: Amoonguss|Protect|p2b: Amoonguss\n|-singleturn|p2b: Amoonguss|Protect\n|move|p1a: Gengar|Hex|p2b: Amoonguss\n|-activate|p2b: Amoonguss|move: Protect\n|move|p2a: Grumpig|Psychic|p1a: Gengar\n|-supereffective|p1a: Gengar\n|-damage|p1a: Gengar|0 fnt\n|faint|p1a: Gengar\n|\n|upkeep\n|\n|t:|1701054843\n|switch|p1a: Floatzel|Floatzel, M|100\/100\n|turn|8\n|inactive|Coolphantomlink has 120 seconds left.\n|\n|t:|1701054874\n|move|p1a: Floatzel|Ice Spinner|p2b: Amoonguss\n|-supereffective|p2b: Amoonguss\n|-damage|p2b: Amoonguss|62\/100 par\n|move|p2a: Grumpig|Psychic|p1b: Chesnaught\n|-supereffective|p1b: Chesnaught\n|-damage|p1b: Chesnaught|4\/100\n|move|p1b: Chesnaught|Wood Hammer|p2a: Grumpig\n|-damage|p2a: Grumpig|0 fnt\n|faint|p2a: Grumpig\n|-damage|p1b: Chesnaught|0 fnt|[from] Recoil\n|faint|p1b: Chesnaught\n|cant|p2b: Amoonguss|par\n|\n|-heal|p2b: Amoonguss|68\/100 par|[from] item: Black Sludge\n|-sideend|p2: L1rycal|Reflect\n|-sideend|p1: Coolphantomlink|Reflect\n|upkeep\n|\n|t:|1701054892\n|switch|p2a: Lilligant|Lilligant, F|100\/100\n|switch|p1b: Breloom|Breloom, F|100\/100\n|turn|9\n|\n|t:|1701054914\n|move|p1a: Floatzel|Ice Spinner|p2a: Lilligant\n|-supereffective|p2a: Lilligant\n|-damage|p2a: Lilligant|30\/100\n|move|p1b: Breloom|Swords Dance|p1b: Breloom\n|-boost|p1b: Breloom|atk|2\n|move|p2a: Lilligant|Giga Drain|p1a: Floatzel\n|-supereffective|p1a: Floatzel\n|-damage|p1a: Floatzel|0 fnt\n|-heal|p2a: Lilligant|75\/100|[from] drain|[of] p1a: Floatzel\n|faint|p1a: Floatzel\n|cant|p2b: Amoonguss|par\n|\n|-heal|p2a: Lilligant|82\/100|[from] item: Leftovers\n|-heal|p2b: Amoonguss|74\/100 par|[from] item: Black Sludge\n|upkeep\n|turn|10\n|\n|t:|1701054936\n|move|p1b: Breloom|Mach Punch|p2a: Lilligant\n|-damage|p2a: Lilligant|0 fnt\n|faint|p2a: Lilligant\n|move|p2b: Amoonguss|Sludge Bomb|p1b: Breloom\n|-supereffective|p1b: Breloom\n|-enditem|p1b: Breloom|Focus Sash\n|-damage|p1b: Breloom|1\/100\n|\n|-heal|p2b: Amoonguss|81\/100 par|[from] item: Black Sludge\n|upkeep\n|\n|t:|1701054945\n|switch|p2a: Vikavolt|Vikavolt, F|100\/100\n|turn|11\n|\n|t:|1701054957\n|move|p1b: Breloom|Spore|p2a: Vikavolt\n|-status|p2a: Vikavolt|slp|[from] move: Spore\n|cant|p2a: Vikavolt|slp\n|move|p2b: Amoonguss|Sludge Bomb|p1b: Breloom\n|-supereffective|p1b: Breloom\n|-damage|p1b: Breloom|0 fnt\n|faint|p1b: Breloom\n|\n|win|L1rycal\n|n|\u2606Coolphantomlink|coolphantomlink\n|n|\u2606L1rycal|l1rycal\n|n|*Lady Monita \u2746|ladymonita\n|n| HEAVY-DUTY B0OTY|heavydutyb0oty\n","uploadtime":1701054959,"views":6,"p1id":"coolphantomlink","p2id":"l1rycal","formatid":"gen9doublesou","rating":0,"private":0,"password":""}