{"id":"gen9doublesou-1995454594","p1":"AlendMain","p2":"Kiky14","format":"[Gen 9] Doubles OU","log":"|j|\u2606AlendMain\n|j|\u2606Kiky14\n|t:|1700572699\n|gametype|doubles\n|player|p1|AlendMain|170|1362\n|player|p2|Kiky14|hilda-wonderlauncher|1476\n|teamsize|p1|6\n|teamsize|p2|6\n|gen|9\n|tier|[Gen 9] Doubles OU\n|rated|\n|rule|Species Clause: Limit one of each Pok\u00e9mon\n|rule|OHKO Clause: OHKO moves are banned\n|rule|Evasion Moves Clause: Evasion moves are banned\n|rule|Gravity Sleep Clause: The combination of sleep-inducing moves with imperfect accuracy and Gravity or Gigantamax Orbeetle are banned\n|rule|Endless Battle Clause: Forcing endless battles is banned\n|rule|HP Percentage Mod: HP is shown in percentages\n|clearpoke\n|poke|p1|Ogerpon-Hearthflame, F|\n|poke|p1|Glimmora, M|\n|poke|p1|Samurott-Hisui, F|\n|poke|p1|Cresselia, F|\n|poke|p1|Goodra-Hisui, F|\n|poke|p1|Flutter Mane|\n|poke|p2|Sinistcha|\n|poke|p2|Moltres-Galar|\n|poke|p2|Arcanine-Hisui, F|\n|poke|p2|Ogerpon-Wellspring, F|\n|poke|p2|Klefki, F|\n|poke|p2|Okidogi, M|\n|teampreview\n|\n|t:|1700572725\n|start\n|switch|p1a: Samurott|Samurott-Hisui, F|100\/100\n|switch|p1b: Glimmora|Glimmora, M|100\/100\n|switch|p2a: Ogerpon|Ogerpon-Wellspring, F|100\/100\n|switch|p2b: Klefki|Klefki, F|100\/100\n|-item|p1b: Glimmora|Air Balloon\n|turn|1\n|inactive|Battle timer is ON: inactive players will automatically lose when time's up. (requested by AlendMain)\n|\n|t:|1700572748\n|move|p1b: Glimmora|Spiky Shield|p1b: Glimmora\n|-singleturn|p1b: Glimmora|move: Protect\n|move|p1a: Samurott|Ceaseless Edge|p2a: Ogerpon\n|-damage|p2a: Ogerpon|51\/100\n|-sidestart|p2: Kiky14|Spikes\n|move|p2a: Ogerpon|Ivy Cudgel|p1b: Glimmora|[anim] Ivy Cudgel Water\n|-activate|p1b: Glimmora|move: Protect\n|move|p2b: Klefki|Dazzling Gleam|p1a: Samurott|[spread] p1a\n|-activate|p1b: Glimmora|move: Protect\n|-supereffective|p1a: Samurott\n|-damage|p1a: Samurott|52\/100\n|\n|upkeep\n|turn|2\n|\n|t:|1700572768\n|-terastallize|p1b: Glimmora|Dark\n|move|p1a: Samurott|Ceaseless Edge|p2a: Ogerpon\n|-damage|p2a: Ogerpon|7\/100\n|-sidestart|p2: Kiky14|Spikes\n|move|p2a: Ogerpon|Ivy Cudgel|p1b: Glimmora|[anim] Ivy Cudgel Water\n|-damage|p1b: Glimmora|48\/100\n|-activate|p1b: Glimmora|ability: Toxic Debris\n|-sidestart|p2: Kiky14|move: Toxic Spikes\n|-enditem|p1b: Glimmora|Air Balloon\n|move|p1b: Glimmora|Stealth Rock|p2a: Ogerpon\n|-sidestart|p2: Kiky14|move: Stealth Rock\n|move|p2b: Klefki|Dazzling Gleam|p1b: Glimmora|[spread] p1a,p1b\n|-supereffective|p1a: Samurott\n|-supereffective|p1b: Glimmora\n|-damage|p1a: Samurott|5\/100\n|-damage|p1b: Glimmora|23\/100\n|\n|upkeep\n|turn|3\n|\n|t:|1700572792\n|move|p2a: Ogerpon|Spiky Shield|p2a: Ogerpon\n|-singleturn|p2a: Ogerpon|move: Protect\n|move|p1a: Samurott|Ceaseless Edge|p2b: Klefki\n|-resisted|p2b: Klefki\n|-crit|p2b: Klefki\n|-damage|p2b: Klefki|67\/100\n|-sidestart|p2: Kiky14|Spikes\n|move|p1b: Glimmora|Mortal Spin|p2a: Ogerpon|[spread] \n|-activate|p2a: Ogerpon|move: Protect\n|-damage|p1b: Glimmora|10\/100|[from] Spiky Shield|[of] p2a: Ogerpon\n|-immune|p2b: Klefki\n|move|p2b: Klefki|Dazzling Gleam|p1b: Glimmora|[spread] p1a,p1b\n|-supereffective|p1a: Samurott\n|-supereffective|p1b: Glimmora\n|-damage|p1a: Samurott|0 fnt\n|-damage|p1b: Glimmora|0 fnt\n|faint|p1a: Samurott\n|faint|p1b: Glimmora\n|\n|upkeep\n|\n|t:|1700572802\n|switch|p1a: Flutter Mane|Flutter Mane|100\/100\n|switch|p1b: Goodra|Goodra-Hisui, F|100\/100\n|turn|4\n|\n|t:|1700572821\n|move|p2b: Klefki|Thunder Wave|p1a: Flutter Mane\n|-status|p1a: Flutter Mane|par\n|move|p2a: Ogerpon|Ivy Cudgel|p1a: Flutter Mane|[anim] Ivy Cudgel Water\n|-damage|p1a: Flutter Mane|9\/100 par\n|move|p1a: Flutter Mane|Dazzling Gleam|p2b: Klefki|[spread] p2a,p2b\n|-resisted|p2b: Klefki\n|-damage|p2a: Ogerpon|0 fnt\n|-damage|p2b: Klefki|50\/100\n|faint|p2a: Ogerpon\n|move|p1b: Goodra|Shelter|p1b: Goodra\n|-boost|p1b: Goodra|def|2\n|\n|upkeep\n|\n|t:|1700572835\n|switch|p2a: Okidogi|Okidogi, M|100\/100\n|-damage|p2a: Okidogi|75\/100|[from] Spikes\n|-sideend|p2: Kiky14|move: Toxic Spikes|[of] p2a: Okidogi\n|-damage|p2a: Okidogi|69\/100|[from] Stealth Rock\n|turn|5\n|\n|t:|1700572850\n|move|p2b: Klefki|Thunder Wave|p1b: Goodra\n|-status|p1b: Goodra|par\n|move|p1a: Flutter Mane|Dazzling Gleam|p2a: Okidogi|[spread] p2a,p2b\n|-resisted|p2b: Klefki\n|-damage|p2a: Okidogi|38\/100\n|-damage|p2b: Klefki|31\/100\n|move|p2a: Okidogi|Knock Off|p1a: Flutter Mane\n|-damage|p1a: Flutter Mane|0 fnt\n|-enditem|p1a: Flutter Mane|Choice Scarf|[from] move: Knock Off|[of] p2a: Okidogi\n|faint|p1a: Flutter Mane\n|-end|p1a: Flutter Mane|Protosynthesis|[silent]\n|-damage|p2a: Okidogi|28\/100|[from] item: Life Orb\n|move|p1b: Goodra|Muddy Water|p2a: Okidogi|[spread] p2a,p2b\n|-damage|p2a: Okidogi|14\/100\n|-damage|p2b: Klefki|14\/100\n|\n|upkeep\n|\n|t:|1700572867\n|switch|p1a: Cresselia|Cresselia, F|100\/100\n|turn|6\n|\n|t:|1700572875\n|move|p2b: Klefki|Light Screen|p2b: Klefki\n|-sidestart|p2: Kiky14|move: Light Screen\n|move|p1a: Cresselia|Lunar Blessing|p1a: Cresselia|[spread] p1a,p1b\n|-curestatus|p1b: Goodra|par|[msg]\n|move|p2a: Okidogi|Drain Punch|p1b: Goodra\n|-supereffective|p1b: Goodra\n|-damage|p1b: Goodra|55\/100\n|-heal|p2a: Okidogi|36\/100|[from] drain|[of] p1b: Goodra\n|-damage|p2a: Okidogi|26\/100|[from] item: Life Orb\n|move|p1b: Goodra|Muddy Water|p2b: Klefki|[spread] p2a,p2b\n|-damage|p2a: Okidogi|15\/100\n|-damage|p2b: Klefki|1\/100\n|\n|-heal|p1b: Goodra|61\/100|[from] item: Leftovers\n|upkeep\n|turn|7\n|\n|t:|1700572898\n|move|p2b: Klefki|Thunder Wave|p1b: Goodra\n|-status|p1b: Goodra|par\n|move|p1a: Cresselia|Lunar Blessing|p1a: Cresselia|[spread] p1a,p1b\n|-heal|p1b: Goodra|86\/100 par\n|-curestatus|p1b: Goodra|par|[msg]\n|move|p2a: Okidogi|Knock Off|p1a: Cresselia\n|-supereffective|p1a: Cresselia\n|-damage|p1a: Cresselia|56\/100\n|-enditem|p1a: Cresselia|Leftovers|[from] move: Knock Off|[of] p2a: Okidogi\n|-damage|p2a: Okidogi|5\/100|[from] item: Life Orb\n|move|p1b: Goodra|Muddy Water|p2b: Klefki|[spread] p2b\n|-miss|p1b: Goodra|p2a: Okidogi\n|-damage|p2b: Klefki|0 fnt\n|faint|p2b: Klefki\n|\n|-heal|p1b: Goodra|93\/100|[from] item: Leftovers\n|upkeep\n|\n|t:|1700572910\n|switch|p2b: Moltres|Moltres-Galar|100\/100\n|-damage|p2b: Moltres|75\/100|[from] Stealth Rock\n|turn|8\n|\n|t:|1700572925\n|-terastallize|p2b: Moltres|Dark\n|move|p2b: Moltres|Fiery Wrath|p1b: Goodra|[spread] p1a,p1b\n|-supereffective|p1a: Cresselia\n|-damage|p1a: Cresselia|14\/100\n|-damage|p1b: Goodra|75\/100\n|move|p1a: Cresselia|Ice Beam|p2b: Moltres\n|-damage|p2b: Moltres|68\/100\n|move|p2a: Okidogi|Drain Punch|p1b: Goodra\n|-supereffective|p1b: Goodra\n|-damage|p1b: Goodra|30\/100\n|-heal|p2a: Okidogi|27\/100|[from] drain|[of] p1b: Goodra\n|-damage|p2a: Okidogi|17\/100|[from] item: Life Orb\n|move|p1b: Goodra|Muddy Water|p2a: Okidogi|[spread] p2a,p2b\n|-damage|p2a: Okidogi|7\/100\n|-damage|p2b: Moltres|61\/100\n|-unboost|p2b: Moltres|accuracy|1\n|\n|-heal|p1b: Goodra|36\/100|[from] item: Leftovers\n|upkeep\n|turn|9\n|\n|t:|1700572947\n|move|p2b: Moltres|Fiery Wrath|p1a: Cresselia|[spread] p1a\n|-miss|p2b: Moltres|p1b: Goodra\n|-supereffective|p1a: Cresselia\n|-damage|p1a: Cresselia|0 fnt\n|faint|p1a: Cresselia\n|move|p2a: Okidogi|Drain Punch|p1b: Goodra\n|-supereffective|p1b: Goodra\n|-damage|p1b: Goodra|0 fnt\n|-heal|p2a: Okidogi|24\/100|[from] drain|[of] p1b: Goodra\n|faint|p1b: Goodra\n|-damage|p2a: Okidogi|14\/100|[from] item: Life Orb\n|\n|upkeep\n|\n|t:|1700572952\n|switch|p1b: Ogerpon|Ogerpon-Hearthflame, F|100\/100\n|-ability|p1b: Ogerpon|Mold Breaker\n|turn|10\n|\n|t:|1700572975\n|move|p1b: Ogerpon|Ivy Cudgel|p2a: Okidogi|[anim] Ivy Cudgel Fire\n|-damage|p2a: Okidogi|0 fnt\n|faint|p2a: Okidogi\n|move|p2b: Moltres|Agility|p2b: Moltres\n|-boost|p2b: Moltres|spe|2\n|\n|upkeep\n|\n|t:|1700572982\n|switch|p2a: Arcanine|Arcanine-Hisui, F|100\/100\n|-damage|p2a: Arcanine|76\/100|[from] Spikes\n|-damage|p2a: Arcanine|51\/100|[from] Stealth Rock\n|-ability|p2a: Arcanine|Intimidate|boost\n|-unboost|p1b: Ogerpon|atk|1\n|turn|11\n|\n|t:|1700573008\n|move|p2b: Moltres|Fiery Wrath|p1b: Ogerpon|[miss]\n|-miss|p2b: Moltres|p1b: Ogerpon\n|move|p1b: Ogerpon|Horn Leech|p2a: Arcanine\n|-crit|p2a: Arcanine\n|-damage|p2a: Arcanine|0 fnt\n|faint|p2a: Arcanine\n|\n|upkeep\n|\n|t:|1700573015\n|switch|p2a: Sinistcha|Sinistcha|100\/100\n|-damage|p2a: Sinistcha|76\/100|[from] Spikes\n|-damage|p2a: Sinistcha|63\/100|[from] Stealth Rock\n|-heal|p2b: Moltres|86\/100|[from] ability: Hospitality|[of] p2a: Sinistcha\n|turn|12\n|\n|t:|1700573024\n|move|p2b: Moltres|Fiery Wrath|p1b: Ogerpon\n|-damage|p1b: Ogerpon|41\/100\n|move|p1b: Ogerpon|Ivy Cudgel|p2a: Sinistcha|[anim] Ivy Cudgel Fire\n|-supereffective|p2a: Sinistcha\n|-crit|p2a: Sinistcha\n|-damage|p2a: Sinistcha|0 fnt\n|faint|p2a: Sinistcha\n|\n|upkeep\n|turn|13\n|\n|t:|1700573033\n|move|p2b: Moltres|Fiery Wrath|p1b: Ogerpon\n|-damage|p1b: Ogerpon|0 fnt\n|faint|p1b: Ogerpon\n|\n|win|Kiky14\n|raw|AlendMain's rating: 1362 &rarr; <strong>1348<\/strong><br \/>(-14 for losing)\n|raw|Kiky14's rating: 1476 &rarr; <strong>1490<\/strong><br \/>(+14 for winning)\n|l|\u2606AlendMain\n","uploadtime":1700573047,"views":5,"p1id":"alendmain","p2id":"kiky14","formatid":"gen9doublesou","rating":1348,"private":0,"password":""}