{"id":"gen9doublesou-1983282363","p1":"Freddy1243","p2":"PhelesClown","format":"[Gen 9] Doubles OU","log":"|j|\u2606Freddy1243\n|j|\u2606PhelesClown\n|t:|1699113870\n|gametype|doubles\n|player|p1|Freddy1243|102|1035\n|player|p2|PhelesClown|harlequin|1116\n|teamsize|p1|6\n|teamsize|p2|6\n|gen|9\n|tier|[Gen 9] Doubles OU\n|rated|\n|rule|Species Clause: Limit one of each Pok\u00e9mon\n|rule|OHKO Clause: OHKO moves are banned\n|rule|Evasion Moves Clause: Evasion moves are banned\n|rule|Gravity Sleep Clause: The combination of sleep-inducing moves with imperfect accuracy and Gravity or Gigantamax Orbeetle are banned\n|rule|Endless Battle Clause: Forcing endless battles is banned\n|rule|HP Percentage Mod: HP is shown in percentages\n|clearpoke\n|poke|p1|Volcarona, F|\n|poke|p1|Oricorio-Pom-Pom, M|\n|poke|p1|Amoonguss, F|\n|poke|p1|Garchomp, M|\n|poke|p1|Baxcalibur, M|\n|poke|p1|Sylveon, M|\n|poke|p2|Arboliva, F|\n|poke|p2|Ambipom, F|\n|poke|p2|Typhlosion-Hisui, F|\n|poke|p2|Mandibuzz, F|\n|poke|p2|Sneasler, F|\n|poke|p2|Slowbro, F|\n|teampreview\n|inactive|Battle timer is ON: inactive players will automatically lose when time's up. (requested by PhelesClown)\n|\n|t:|1699113875\n|start\n|switch|p1a: Volcarona|Volcarona, F|100\/100\n|switch|p1b: Oricorio|Oricorio-Pom-Pom, M|100\/100\n|switch|p2a: Sneasler|Sneasler, F, shiny|100\/100\n|switch|p2b: Slowbro|Slowbro, F|100\/100\n|turn|1\n|\n|t:|1699113888\n|move|p2a: Sneasler|Fake Out|p1a: Volcarona\n|-damage|p1a: Volcarona|80\/100\n|-status|p1a: Volcarona|psn|[from] ability: Poison Touch|[of] p2a: Sneasler\n|cant|p1a: Volcarona|flinch\n|move|p1b: Oricorio|Quiver Dance|p1b: Oricorio\n|-boost|p1b: Oricorio|spa|1\n|-boost|p1b: Oricorio|spd|1\n|-boost|p1b: Oricorio|spe|1\n|move|p2b: Slowbro|Scald|p1a: Volcarona\n|-supereffective|p1a: Volcarona\n|-damage|p1a: Volcarona|18\/100 psn\n|\n|-damage|p1a: Volcarona|6\/100 psn|[from] psn\n|upkeep\n|turn|2\n|inactive|Freddy1243 has 120 seconds left.\n|\n|t:|1699113919\n|-terastallize|p1b: Oricorio|Flying\n|move|p1b: Oricorio|Hurricane|p2a: Sneasler\n|-supereffective|p2a: Sneasler\n|-damage|p2a: Sneasler|0 fnt\n|faint|p2a: Sneasler\n|move|p1a: Volcarona|Giga Drain|p2b: Slowbro\n|-supereffective|p2b: Slowbro\n|-damage|p2b: Slowbro|64\/100\n|-heal|p1a: Volcarona|29\/100 psn|[from] drain|[of] p2b: Slowbro\n|move|p2b: Slowbro|Ice Beam|p1b: Oricorio\n|-supereffective|p1b: Oricorio\n|-damage|p1b: Oricorio|64\/100\n|-status|p1b: Oricorio|frz\n|\n|-damage|p1a: Volcarona|17\/100 psn|[from] psn\n|upkeep\n|\n|t:|1699113933\n|switch|p2a: Ambipom|Ambipom, F, shiny|100\/100\n|turn|3\n|\n|t:|1699113949\n|move|p2a: Ambipom|Fake Out|p1a: Volcarona\n|-damage|p1a: Volcarona|0 fnt\n|-status|p2a: Ambipom|brn|[from] ability: Flame Body|[of] p1a: Volcarona\n|faint|p1a: Volcarona\n|cant|p1b: Oricorio|frz\n|move|p2b: Slowbro|Ice Beam|p1b: Oricorio\n|-supereffective|p1b: Oricorio\n|-damage|p1b: Oricorio|26\/100 frz\n|\n|-damage|p2a: Ambipom|94\/100 brn|[from] brn\n|upkeep\n|\n|t:|1699113964\n|switch|p1a: Garchomp|Garchomp, M|100\/100\n|turn|4\n|\n|t:|1699113978\n|move|p1a: Garchomp|Protect|p1a: Garchomp\n|-singleturn|p1a: Garchomp|Protect\n|cant|p1b: Oricorio|frz\n|move|p2a: Ambipom|Acrobatics|p1b: Oricorio\n|-damage|p1b: Oricorio|10\/100 frz\n|-enditem|p1b: Oricorio|Wiki Berry|[eat]\n|-heal|p1b: Oricorio|43\/100 frz|[from] item: Wiki Berry\n|move|p2b: Slowbro|Ice Beam|p1a: Garchomp\n|-activate|p1a: Garchomp|move: Protect\n|\n|-damage|p2a: Ambipom|88\/100 brn|[from] brn\n|upkeep\n|turn|5\n|\n|t:|1699114005\n|cant|p1b: Oricorio|frz\n|move|p2a: Ambipom|Knock Off|p1b: Oricorio\n|-damage|p1b: Oricorio|31\/100 frz\n|move|p1a: Garchomp|Earthquake|p2b: Slowbro|[spread] p2a,p2b\n|-immune|p1b: Oricorio\n|-damage|p2a: Ambipom|23\/100 brn\n|-damage|p2b: Slowbro|42\/100\n|-enditem|p2a: Ambipom|Figy Berry|[eat]\n|-heal|p2a: Ambipom|56\/100 brn|[from] item: Figy Berry\n|move|p2b: Slowbro|Ice Beam|p1a: Garchomp\n|-supereffective|p1a: Garchomp\n|-damage|p1a: Garchomp|6\/100\n|\n|-damage|p2a: Ambipom|50\/100 brn|[from] brn\n|upkeep\n|turn|6\n|\n|t:|1699114033\n|cant|p1b: Oricorio|frz\n|move|p2a: Ambipom|Acrobatics|p1b: Oricorio\n|-damage|p1b: Oricorio|12\/100 frz\n|move|p1a: Garchomp|Earthquake|p2a: Ambipom|[spread] p2a,p2b\n|-immune|p1b: Oricorio\n|-damage|p2a: Ambipom|0 fnt\n|-damage|p2b: Slowbro|20\/100\n|faint|p2a: Ambipom\n|move|p2b: Slowbro|Ice Beam|p1a: Garchomp\n|-supereffective|p1a: Garchomp\n|-damage|p1a: Garchomp|0 fnt\n|faint|p1a: Garchomp\n|\n|upkeep\n|\n|t:|1699114055\n|switch|p2a: Mandibuzz|Mandibuzz, F|100\/100\n|switch|p1a: Amoonguss|Amoonguss, F|100\/100\n|turn|7\n|\n|t:|1699114073\n|switch|p2b: Arboliva|Arboliva, F|100\/100\n|cant|p1b: Oricorio|frz\n|move|p2a: Mandibuzz|Foul Play|p1b: Oricorio\n|-damage|p1b: Oricorio|0 fnt\n|faint|p1b: Oricorio\n|move|p1a: Amoonguss|Pollen Puff|p2a: Mandibuzz\n|-damage|p2a: Mandibuzz|89\/100\n|\n|upkeep\n|\n|t:|1699114087\n|switch|p1b: Sylveon|Sylveon, M|100\/100\n|turn|8\n|\n|t:|1699114110\n|-terastallize|p2b: Arboliva|Steel\n|move|p1b: Sylveon|Protect|p1b: Sylveon\n|-singleturn|p1b: Sylveon|Protect\n|move|p2a: Mandibuzz|Toxic|p1b: Sylveon\n|-activate|p1b: Sylveon|move: Protect\n|move|p2b: Arboliva|Leech Seed|p1b: Sylveon\n|-activate|p1b: Sylveon|move: Protect\n|move|p1a: Amoonguss|Spore|p2a: Mandibuzz\n|-status|p2a: Mandibuzz|slp|[from] move: Spore\n|\n|upkeep\n|turn|9\n|\n|t:|1699114135\n|cant|p2a: Mandibuzz|slp\n|move|p1b: Sylveon|Moonblast|p2a: Mandibuzz\n|-supereffective|p2a: Mandibuzz\n|-damage|p2a: Mandibuzz|44\/100 slp\n|move|p2b: Arboliva|Leech Seed|p1b: Sylveon\n|-start|p1b: Sylveon|move: Leech Seed\n|move|p1a: Amoonguss|Pollen Puff|p2b: Arboliva\n|-resisted|p2b: Arboliva\n|-damage|p2b: Arboliva|95\/100\n|-fieldstart|move: Grassy Terrain|[from] ability: Seed Sower|[of] p2b: Arboliva\n|\n|-heal|p2b: Arboliva|100\/100|[from] Grassy Terrain\n|-damage|p1b: Sylveon|88\/100|[from] Leech Seed|[of] p2b: Arboliva\n|upkeep\n|turn|10\n|\n|t:|1699114161\n|switch|p2a: Slowbro|Slowbro, F|53\/100\n|move|p2b: Arboliva|Protect|p2b: Arboliva\n|-singleturn|p2b: Arboliva|Protect\n|move|p1b: Sylveon|Moonblast|p2a: Slowbro\n|-damage|p2a: Slowbro|28\/100\n|move|p1a: Amoonguss|Spore|p2b: Arboliva\n|-activate|p2b: Arboliva|move: Protect\n|\n|-heal|p1b: Sylveon|94\/100|[from] Grassy Terrain\n|-heal|p1b: Sylveon|99\/100|[from] item: Leftovers\n|-heal|p2a: Slowbro|34\/100|[from] Grassy Terrain\n|-damage|p1b: Sylveon|88\/100|[from] Leech Seed|[of] p2b: Arboliva\n|upkeep\n|turn|11\n|\n|t:|1699114187\n|switch|p2b: Mandibuzz|Mandibuzz, F|44\/100 slp\n|move|p1b: Sylveon|Protect|p1b: Sylveon\n|-singleturn|p1b: Sylveon|Protect\n|move|p2a: Slowbro|Ice Beam|p1a: Amoonguss\n|-supereffective|p1a: Amoonguss\n|-damage|p1a: Amoonguss|67\/100\n|-status|p1a: Amoonguss|frz\n|-curestatus|p1a: Amoonguss|frz|[msg]\n|move|p1a: Amoonguss|Pollen Puff|p2a: Slowbro\n|-supereffective|p2a: Slowbro\n|-damage|p2a: Slowbro|9\/100\n|\n|-heal|p1b: Sylveon|94\/100|[from] Grassy Terrain\n|-heal|p1b: Sylveon|99\/100|[from] item: Leftovers\n|-heal|p2a: Slowbro|15\/100|[from] Grassy Terrain\n|-heal|p1a: Amoonguss|73\/100|[from] Grassy Terrain\n|-damage|p1b: Sylveon|88\/100|[from] Leech Seed|[of] p2b: Mandibuzz\n|-heal|p2b: Mandibuzz|56\/100 slp|[silent]\n|upkeep\n|turn|12\n|inactive|PhelesClown has 120 seconds left.\n|\n|t:|1699114236\n|cant|p2b: Mandibuzz|slp\n|move|p1b: Sylveon|Moonblast|p2b: Mandibuzz\n|-supereffective|p2b: Mandibuzz\n|-damage|p2b: Mandibuzz|16\/100 slp\n|-unboost|p2b: Mandibuzz|spa|1\n|move|p2a: Slowbro|Ice Beam|p1a: Amoonguss\n|-supereffective|p1a: Amoonguss\n|-damage|p1a: Amoonguss|36\/100\n|move|p1a: Amoonguss|Pollen Puff|p2a: Slowbro\n|-supereffective|p2a: Slowbro\n|-damage|p2a: Slowbro|0 fnt\n|faint|p2a: Slowbro\n|\n|-heal|p1b: Sylveon|94\/100|[from] Grassy Terrain\n|-heal|p1b: Sylveon|99\/100|[from] item: Leftovers\n|-heal|p1a: Amoonguss|42\/100|[from] Grassy Terrain\n|-damage|p1b: Sylveon|87\/100|[from] Leech Seed|[of] p2b: Mandibuzz\n|-heal|p2b: Mandibuzz|27\/100 slp|[silent]\n|upkeep\n|inactive|PhelesClown has 90 seconds left.\n|\n|t:|1699114265\n|switch|p2a: Typhlosion|Typhlosion-Hisui, F, shiny|100\/100\n|turn|13\n|inactive|PhelesClown has 90 seconds left.\n|\n|t:|1699114292\n|move|p1a: Amoonguss|Protect|p1a: Amoonguss\n|-singleturn|p1a: Amoonguss|Protect\n|move|p2a: Typhlosion|Fire Blast|p1a: Amoonguss\n|-activate|p1a: Amoonguss|move: Protect\n|cant|p2b: Mandibuzz|slp\n|move|p1b: Sylveon|Swift|p2b: Mandibuzz|[spread] p2a,p2b\n|-resisted|p2a: Typhlosion\n|-supereffective|p2b: Mandibuzz\n|-damage|p2a: Typhlosion|93\/100\n|-damage|p2b: Mandibuzz|1\/100 slp\n|\n|-heal|p2a: Typhlosion|99\/100|[from] Grassy Terrain\n|-heal|p1b: Sylveon|93\/100|[from] Grassy Terrain\n|-heal|p1b: Sylveon|99\/100|[from] item: Leftovers\n|-heal|p1a: Amoonguss|48\/100|[from] Grassy Terrain\n|-damage|p1b: Sylveon|87\/100|[from] Leech Seed|[of] p2b: Mandibuzz\n|-heal|p2b: Mandibuzz|13\/100 slp|[silent]\n|-fieldend|move: Grassy Terrain\n|upkeep\n|turn|14\n|\n|t:|1699114315\n|switch|p2b: Arboliva|Arboliva, F, tera:Steel|100\/100\n|move|p1a: Amoonguss|Protect|p1a: Amoonguss\n|-singleturn|p1a: Amoonguss|Protect\n|move|p2a: Typhlosion|Fire Blast|p1a: Amoonguss\n|-activate|p1a: Amoonguss|move: Protect\n|move|p1b: Sylveon|Moonblast|p2b: Arboliva\n|-resisted|p2b: Arboliva\n|-damage|p2b: Arboliva|88\/100\n|-fieldstart|move: Grassy Terrain|[from] ability: Seed Sower|[of] p2b: Arboliva\n|\n|-heal|p2a: Typhlosion|100\/100|[from] Grassy Terrain\n|-heal|p1b: Sylveon|93\/100|[from] Grassy Terrain\n|-heal|p1b: Sylveon|99\/100|[from] item: Leftovers\n|-heal|p2b: Arboliva|94\/100|[from] Grassy Terrain\n|-heal|p2b: Arboliva|99\/100|[from] item: Leftovers\n|-heal|p1a: Amoonguss|55\/100|[from] Grassy Terrain\n|-damage|p1b: Sylveon|87\/100|[from] Leech Seed|[of] p2b: Arboliva\n|-heal|p2b: Arboliva|100\/100|[silent]\n|upkeep\n|turn|15\n|inactive|Freddy1243 has 120 seconds left.\n|inactive|PhelesClown has 90 seconds left.\n|\n|t:|1699114357\n|switch|p1a: Baxcalibur|Baxcalibur, M|100\/100\n|move|p1b: Sylveon|Protect|p1b: Sylveon\n|-singleturn|p1b: Sylveon|Protect\n|move|p2a: Typhlosion|Fire Blast|p1a: Baxcalibur\n|-damage|p1a: Baxcalibur|63\/100\n|-ability|p1a: Baxcalibur|Thermal Exchange|boost\n|-boost|p1a: Baxcalibur|atk|1\n|move|p2b: Arboliva|Light Screen|p2b: Arboliva\n|-sidestart|p2: PhelesClown|move: Light Screen\n|\n|-heal|p1a: Baxcalibur|69\/100|[from] Grassy Terrain\n|-heal|p1b: Sylveon|93\/100|[from] Grassy Terrain\n|-heal|p1b: Sylveon|99\/100|[from] item: Leftovers\n|-damage|p1b: Sylveon|87\/100|[from] Leech Seed|[of] p2b: Arboliva\n|upkeep\n|turn|16\n|inactive|PhelesClown has 90 seconds left.\n|inactive|Freddy1243 has 120 seconds left.\n|\n|t:|1699114391\n|move|p2a: Typhlosion|Will-O-Wisp|p1a: Baxcalibur\n|-immune|p1a: Baxcalibur|[from] ability: Thermal Exchange\n|move|p1a: Baxcalibur|Earthquake|p2a: Typhlosion|[spread] p1b,p2a,p2b\n|-supereffective|p2a: Typhlosion\n|-supereffective|p2b: Arboliva\n|-damage|p1b: Sylveon|59\/100\n|-damage|p2a: Typhlosion|39\/100\n|-damage|p2b: Arboliva|53\/100\n|move|p1b: Sylveon|Calm Mind|p1b: Sylveon\n|-boost|p1b: Sylveon|spa|1\n|-boost|p1b: Sylveon|spd|1\n|move|p2b: Arboliva|Leech Seed|p1a: Baxcalibur\n|-start|p1a: Baxcalibur|move: Leech Seed\n|\n|-heal|p2a: Typhlosion|45\/100|[from] Grassy Terrain\n|-heal|p1a: Baxcalibur|76\/100|[from] Grassy Terrain\n|-heal|p1b: Sylveon|65\/100|[from] Grassy Terrain\n|-heal|p1b: Sylveon|71\/100|[from] item: Leftovers\n|-heal|p2b: Arboliva|59\/100|[from] Grassy Terrain\n|-heal|p2b: Arboliva|65\/100|[from] item: Leftovers\n|-damage|p1a: Baxcalibur|63\/100|[from] Leech Seed|[of] p2b: Arboliva\n|-heal|p2b: Arboliva|80\/100|[silent]\n|-damage|p1b: Sylveon|58\/100|[from] Leech Seed|[of] p2b: Arboliva\n|-heal|p2b: Arboliva|94\/100|[silent]\n|upkeep\n|turn|17\n|inactive|PhelesClown has 90 seconds left.\n|inactive|Freddy1243 has 120 seconds left.\n|\n|t:|1699114415\n|move|p2a: Typhlosion|Protect|p2a: Typhlosion\n|-singleturn|p2a: Typhlosion|Protect\n|move|p1b: Sylveon|Protect|p1b: Sylveon\n|-singleturn|p1b: Sylveon|Protect\n|move|p1a: Baxcalibur|Earthquake|p2b: Arboliva|[spread] p2b\n|-activate|p1b: Sylveon|move: Protect\n|-activate|p2a: Typhlosion|move: Protect\n|-supereffective|p2b: Arboliva\n|-damage|p2b: Arboliva|45\/100\n|move|p2b: Arboliva|Reflect|p2b: Arboliva\n|-sidestart|p2: PhelesClown|Reflect\n|\n|-heal|p2a: Typhlosion|51\/100|[from] Grassy Terrain\n|-heal|p1a: Baxcalibur|69\/100|[from] Grassy Terrain\n|-heal|p1b: Sylveon|64\/100|[from] Grassy Terrain\n|-heal|p1b: Sylveon|71\/100|[from] item: Leftovers\n|-heal|p2b: Arboliva|51\/100|[from] Grassy Terrain\n|-heal|p2b: Arboliva|57\/100|[from] item: Leftovers\n|-damage|p1a: Baxcalibur|57\/100|[from] Leech Seed|[of] p2b: Arboliva\n|-heal|p2b: Arboliva|72\/100|[silent]\n|-damage|p1b: Sylveon|58\/100|[from] Leech Seed|[of] p2b: Arboliva\n|-heal|p2b: Arboliva|85\/100|[silent]\n|upkeep\n|turn|18\n|inactive|PhelesClown has 90 seconds left.\n|inactive|PhelesClown has 60 seconds left.\n|\n|t:|1699114470\n|move|p2b: Arboliva|Protect|p2b: Arboliva\n|-singleturn|p2b: Arboliva|Protect\n|move|p2a: Typhlosion|Shadow Ball|p1a: Baxcalibur\n|-damage|p1a: Baxcalibur|29\/100\n|move|p1a: Baxcalibur|Earthquake|p2a: Typhlosion|[spread] p1b,p2a\n|-activate|p2b: Arboliva|move: Protect\n|-supereffective|p2a: Typhlosion\n|-damage|p1b: Sylveon|34\/100\n|-damage|p2a: Typhlosion|13\/100\n|move|p1b: Sylveon|Swift|p2a: Typhlosion|[spread] p2a\n|-activate|p2b: Arboliva|move: Protect\n|-resisted|p2a: Typhlosion\n|-damage|p2a: Typhlosion|6\/100\n|\n|-heal|p2a: Typhlosion|12\/100|[from] Grassy Terrain\n|-heal|p1a: Baxcalibur|35\/100|[from] Grassy Terrain\n|-heal|p1b: Sylveon|40\/100|[from] Grassy Terrain\n|-heal|p1b: Sylveon|46\/100|[from] item: Leftovers\n|-heal|p2b: Arboliva|92\/100|[from] Grassy Terrain\n|-heal|p2b: Arboliva|98\/100|[from] item: Leftovers\n|-damage|p1a: Baxcalibur|23\/100|[from] Leech Seed|[of] p2b: Arboliva\n|-heal|p2b: Arboliva|100\/100|[silent]\n|-damage|p1b: Sylveon|33\/100|[from] Leech Seed|[of] p2b: Arboliva\n|-fieldend|move: Grassy Terrain\n|upkeep\n|turn|19\n|inactive|PhelesClown has 60 seconds left.\n|\n|t:|1699114507\n|move|p2a: Typhlosion|Protect|p2a: Typhlosion\n|-singleturn|p2a: Typhlosion|Protect\n|move|p1b: Sylveon|Protect|p1b: Sylveon\n|-singleturn|p1b: Sylveon|Protect\n|move|p1a: Baxcalibur|Earthquake|p2a: Typhlosion|[spread] p2b\n|-activate|p1b: Sylveon|move: Protect\n|-activate|p2a: Typhlosion|move: Protect\n|-supereffective|p2b: Arboliva\n|-damage|p2b: Arboliva|33\/100\n|-fieldstart|move: Grassy Terrain|[from] ability: Seed Sower|[of] p2b: Arboliva\n|move|p2b: Arboliva|Light Screen||[still]\n|-fail|p2b: Arboliva\n|\n|-heal|p2a: Typhlosion|18\/100|[from] Grassy Terrain\n|-heal|p1a: Baxcalibur|29\/100|[from] Grassy Terrain\n|-heal|p1b: Sylveon|40\/100|[from] Grassy Terrain\n|-heal|p1b: Sylveon|46\/100|[from] item: Leftovers\n|-heal|p2b: Arboliva|39\/100|[from] Grassy Terrain\n|-heal|p2b: Arboliva|45\/100|[from] item: Leftovers\n|-damage|p1a: Baxcalibur|17\/100|[from] Leech Seed|[of] p2b: Arboliva\n|-heal|p2b: Arboliva|60\/100|[silent]\n|-damage|p1b: Sylveon|33\/100|[from] Leech Seed|[of] p2b: Arboliva\n|-heal|p2b: Arboliva|74\/100|[silent]\n|-sideend|p2: PhelesClown|move: Light Screen\n|upkeep\n|turn|20\n|inactive|PhelesClown has 60 seconds left.\n|\n|t:|1699114539\n|move|p2b: Arboliva|Protect|p2b: Arboliva\n|-singleturn|p2b: Arboliva|Protect\n|move|p2a: Typhlosion|Shadow Ball|p1a: Baxcalibur\n|-damage|p1a: Baxcalibur|0 fnt\n|faint|p1a: Baxcalibur\n|move|p1b: Sylveon|Moonblast|p2b: Arboliva\n|-activate|p2b: Arboliva|move: Protect\n|\n|-heal|p2a: Typhlosion|24\/100|[from] Grassy Terrain\n|-heal|p1b: Sylveon|39\/100|[from] Grassy Terrain\n|-heal|p1b: Sylveon|45\/100|[from] item: Leftovers\n|-heal|p2b: Arboliva|80\/100|[from] Grassy Terrain\n|-heal|p2b: Arboliva|86\/100|[from] item: Leftovers\n|-damage|p1b: Sylveon|33\/100|[from] Leech Seed|[of] p2b: Arboliva\n|-heal|p2b: Arboliva|99\/100|[silent]\n|upkeep\n|inactive|Freddy1243 has 120 seconds left.\n|c|\u2606Freddy1243|I hope you die little nerd\n|\n|t:|1699114555\n|switch|p1a: Amoonguss|Amoonguss, F|55\/100\n|turn|21\n|\n|t:|1699114571\n|move|p2a: Typhlosion|Protect|p2a: Typhlosion\n|-singleturn|p2a: Typhlosion|Protect\n|move|p1a: Amoonguss|Protect|p1a: Amoonguss\n|-singleturn|p1a: Amoonguss|Protect\n|move|p1b: Sylveon|Swift|p2a: Typhlosion|[spread] p2b\n|-activate|p2a: Typhlosion|move: Protect\n|-resisted|p2b: Arboliva\n|-damage|p2b: Arboliva|89\/100\n|move|p2b: Arboliva|Light Screen|p2b: Arboliva\n|-sidestart|p2: PhelesClown|move: Light Screen\n|\n|-heal|p2a: Typhlosion|30\/100|[from] Grassy Terrain\n|-heal|p1b: Sylveon|39\/100|[from] Grassy Terrain\n|-heal|p1b: Sylveon|45\/100|[from] item: Leftovers\n|-heal|p2b: Arboliva|95\/100|[from] Grassy Terrain\n|-heal|p2b: Arboliva|100\/100|[from] item: Leftovers\n|-heal|p1a: Amoonguss|61\/100|[from] Grassy Terrain\n|-damage|p1b: Sylveon|33\/100|[from] Leech Seed|[of] p2b: Arboliva\n|-sideend|p2: PhelesClown|Reflect\n|upkeep\n|turn|22\n|inactive|PhelesClown has 90 seconds left.\n|c|\u2606PhelesClown|gg nerd\n|-message|Freddy1243 forfeited.\n|\n|win|PhelesClown\n|raw|Freddy1243's rating: 1035 &rarr; <strong>1023<\/strong><br \/>(-12 for losing)\n|raw|PhelesClown's rating: 1116 &rarr; <strong>1135<\/strong><br \/>(+19 for winning)\n","uploadtime":1699114554,"views":10,"p1id":"freddy1243","p2id":"phelesclown","formatid":"gen9doublesou","rating":1023,"private":0,"password":""}