{"id":"gen9doublesou-1968534121","p1":"Cgmode3002","p2":"hoiymenomimnn 4v6","format":"[Gen 9] Doubles OU","log":"|j|\u2606Cgmode3002\n|j|\u2606hoiymenomimnn 4v6\n|t:|1697429612\n|gametype|doubles\n|player|p1|Cgmode3002|dancer|1324\n|player|p2|hoiymenomimnn 4v6|policeman-gen4|1598\n|teamsize|p1|6\n|teamsize|p2|6\n|gen|9\n|tier|[Gen 9] Doubles OU\n|rated|\n|rule|Species Clause: Limit one of each Pok\u00e9mon\n|rule|OHKO Clause: OHKO moves are banned\n|rule|Evasion Moves Clause: Evasion moves are banned\n|rule|Gravity Sleep Clause: The combination of sleep-inducing moves with imperfect accuracy and Gravity or Gigantamax Orbeetle are banned\n|rule|Endless Battle Clause: Forcing endless battles is banned\n|rule|HP Percentage Mod: HP is shown in percentages\n|clearpoke\n|poke|p1|Tyranitar, F|\n|poke|p1|Klefki, F|\n|poke|p1|Copperajah, F|\n|poke|p1|Perrserker, M|\n|poke|p1|Houndstone, F|\n|poke|p1|Scizor, F|\n|poke|p2|Diancie|\n|poke|p2|Torkoal, L98, M|\n|poke|p2|Armarouge, M|\n|poke|p2|Indeedee-F, F|\n|poke|p2|Sinistcha|\n|poke|p2|Regidrago|\n|teampreview\n|c|\u2606Cgmode3002|gg wp\n|c|\u2606hoiymenomimnn 4v6|the steel gym leader\n|c|\u2606hoiymenomimnn 4v6|i gotta beat u to get 1600!!\n|c|\u2606Cgmode3002|yuo lol\n|c|\u2606Cgmode3002|oh wow\n|c|\u2606Cgmode3002|mow im scared\n|\n|t:|1697429647\n|start\n|switch|p1a: Tyranitar|Tyranitar, F|100\/100\n|switch|p1b: Klefki|Klefki, F|100\/100\n|switch|p2a: ScrnPuls|Indeedee-F, F|100\/100\n|switch|p2b: Shadow Ball|Sinistcha|100\/100\n|-fieldstart|move: Psychic Terrain|[from] ability: Psychic Surge|[of] p2a: ScrnPuls\n|-weather|Sandstorm|[from] ability: Sand Stream|[of] p1a: Tyranitar\n|turn|1\n|c|\u2606Cgmode3002|i meant to say glhf not gg wp btw lol\n|c|\u2606hoiymenomimnn 4v6|o dw lol\n|\n|t:|1697429677\n|move|p2a: ScrnPuls|Follow Me|p2a: ScrnPuls\n|-singleturn|p2a: ScrnPuls|move: Follow Me\n|move|p1b: Klefki|Spikes|p2b: Shadow Ball\n|-sidestart|p2: hoiymenomimnn 4v6|Spikes\n|move|p1a: Tyranitar|Stealth Rock|p2a: ScrnPuls\n|-sidestart|p2: hoiymenomimnn 4v6|move: Stealth Rock\n|move|p2b: Shadow Ball|Trick Room|p2b: Shadow Ball\n|-fieldstart|move: Trick Room|[of] p2b: Shadow Ball\n|\n|-weather|Sandstorm|[upkeep]\n|-damage|p2b: Shadow Ball|94\/100|[from] Sandstorm\n|-damage|p2a: ScrnPuls|94\/100|[from] Sandstorm\n|upkeep\n|turn|2\n|c|\u2606hoiymenomimnn 4v6|i didnt even notice lmao\n|c|\u2606hoiymenomimnn 4v6|UGH\n|c|\u2606hoiymenomimnn 4v6|A HAZARDS PLAYER\n|c|\u2606Cgmode3002|Im sorry\n|\n|t:|1697429712\n|switch|p2a: Solar Beam|Torkoal, L98, M|100\/100\n|-damage|p2a: Solar Beam|88\/100|[from] Spikes\n|-damage|p2a: Solar Beam|63\/100|[from] Stealth Rock\n|-weather|SunnyDay|[from] ability: Drought|[of] p2a: Solar Beam\n|move|p1b: Klefki|Spikes|p2a: Solar Beam\n|-sidestart|p2: hoiymenomimnn 4v6|Spikes\n|move|p1a: Tyranitar|Snarl|p2a: Solar Beam|[spread] p2a,p2b\n|-supereffective|p2b: Shadow Ball\n|-damage|p2a: Solar Beam|45\/100\n|-damage|p2b: Shadow Ball|60\/100\n|-unboost|p2a: Solar Beam|spa|1\n|-unboost|p2b: Shadow Ball|spa|1\n|move|p2b: Shadow Ball|Matcha Gotcha|p1b: Klefki|[spread] p1a\n|-miss|p2b: Shadow Ball|p1b: Klefki\n|-supereffective|p1a: Tyranitar\n|-damage|p1a: Tyranitar|82\/100\n|-heal|p2b: Shadow Ball|70\/100|[from] drain|[of] p1a: Tyranitar\n|\n|-weather|SunnyDay|[upkeep]\n|-heal|p1a: Tyranitar|88\/100|[from] item: Leftovers\n|upkeep\n|turn|3\n|c|\u2606hoiymenomimnn 4v6|...\n|\n|t:|1697429783\n|switch|p2b: ScrnPuls|Indeedee-F, F|94\/100\n|-damage|p2b: ScrnPuls|78\/100|[from] Spikes\n|-damage|p2b: ScrnPuls|65\/100|[from] Stealth Rock\n|move|p1b: Klefki|Light Screen|p1b: Klefki\n|-sidestart|p1: Cgmode3002|move: Light Screen\n|move|p2a: Solar Beam|Solar Beam||[still]\n|-prepare|p2a: Solar Beam|Solar Beam\n|-anim|p2a: Solar Beam|Solar Beam|p1a: Tyranitar\n|-supereffective|p1a: Tyranitar\n|-damage|p1a: Tyranitar|70\/100\n|move|p1a: Tyranitar|Snarl|p2b: ScrnPuls|[spread] p2a,p2b\n|-supereffective|p2b: ScrnPuls\n|-damage|p2a: Solar Beam|26\/100\n|-damage|p2b: ScrnPuls|44\/100\n|-unboost|p2a: Solar Beam|spa|1\n|-unboost|p2b: ScrnPuls|spa|1\n|-enditem|p2b: ScrnPuls|Eject Button\n|c|\u2606hoiymenomimnn 4v6|PLS STOP\n|\n|t:|1697429804\n|switch|p2b: Shadow Ball|Sinistcha|70\/100\n|-damage|p2b: Shadow Ball|54\/100|[from] Spikes\n|-damage|p2b: Shadow Ball|42\/100|[from] Stealth Rock\n|-heal|p2a: Solar Beam|51\/100|[from] ability: Hospitality|[of] p2b: Shadow Ball\n|-enditem|p2b: Shadow Ball|Sitrus Berry|[eat]\n|-heal|p2b: Shadow Ball|66\/100|[from] item: Sitrus Berry\n|\n|-weather|SunnyDay|[upkeep]\n|-heal|p1a: Tyranitar|76\/100|[from] item: Leftovers\n|upkeep\n|turn|4\n|\n|t:|1697429824\n|move|p1b: Klefki|Misty Terrain|p1b: Klefki\n|-fieldstart|move: Misty Terrain\n|move|p2a: Solar Beam|Heat Wave|p1b: Klefki|[spread] p1a,p1b\n|-resisted|p1a: Tyranitar\n|-supereffective|p1b: Klefki\n|-damage|p1a: Tyranitar|71\/100\n|-damage|p1b: Klefki|55\/100\n|move|p2b: Shadow Ball|Matcha Gotcha|p1a: Tyranitar|[spread] p1a,p1b\n|-supereffective|p1a: Tyranitar\n|-resisted|p1b: Klefki\n|-damage|p1a: Tyranitar|50\/100\n|-heal|p2b: Shadow Ball|79\/100|[from] drain|[of] p1a: Tyranitar\n|-damage|p1b: Klefki|46\/100\n|-heal|p2b: Shadow Ball|83\/100|[from] drain|[of] p1b: Klefki\n|move|p1a: Tyranitar|Dragon Tail|p2b: Shadow Ball\n|-damage|p2b: Shadow Ball|77\/100\n|drag|p2b: stlgrsfig Db Ally|Armarouge, M|100\/100\n|-damage|p2b: stlgrsfig Db Ally|84\/100|[from] Spikes\n|-damage|p2b: stlgrsfig Db Ally|59\/100|[from] Stealth Rock\n|\n|-weather|SunnyDay|[upkeep]\n|-heal|p1a: Tyranitar|56\/100|[from] item: Leftovers\n|upkeep\n|turn|5\n|\n|t:|1697429875\n|move|p2a: Solar Beam|Solar Beam||[still]\n|-prepare|p2a: Solar Beam|Solar Beam\n|-anim|p2a: Solar Beam|Solar Beam|p1a: Tyranitar\n|-supereffective|p1a: Tyranitar\n|-damage|p1a: Tyranitar|43\/100\n|move|p2b: stlgrsfig Db Ally|Armor Cannon|p1b: Klefki\n|-supereffective|p1b: Klefki\n|-damage|p1b: Klefki|0 fnt\n|-unboost|p2b: stlgrsfig Db Ally|def|1\n|-unboost|p2b: stlgrsfig Db Ally|spd|1\n|faint|p1b: Klefki\n|-damage|p2b: stlgrsfig Db Ally|49\/100|[from] item: Life Orb\n|move|p1a: Tyranitar|Dragon Tail|p2b: stlgrsfig Db Ally\n|-damage|p2b: stlgrsfig Db Ally|38\/100\n|drag|p2b: Fake Tears|Diancie|100\/100\n|-damage|p2b: Fake Tears|84\/100|[from] Spikes\n|-damage|p2b: Fake Tears|72\/100|[from] Stealth Rock\n|\n|-weather|SunnyDay|[upkeep]\n|-heal|p1a: Tyranitar|49\/100|[from] item: Leftovers\n|-fieldend|move: Trick Room\n|upkeep\n|\n|t:|1697429895\n|switch|p1b: Houndstone|Houndstone, F|100\/100\n|turn|6\n|\n|t:|1697429942\n|switch|p2a: Shadow Ball|Sinistcha|77\/100\n|-damage|p2a: Shadow Ball|60\/100|[from] Spikes\n|-damage|p2a: Shadow Ball|48\/100|[from] Stealth Rock\n|-heal|p2b: Fake Tears|97\/100|[from] ability: Hospitality|[of] p2a: Shadow Ball\n|move|p1a: Tyranitar|Protect|p1a: Tyranitar\n|-singleturn|p1a: Tyranitar|Protect\n|move|p1b: Houndstone|Howl|p1b: Houndstone|[spread] p1a,p1b\n|-boost|p1a: Tyranitar|atk|1\n|-boost|p1b: Houndstone|atk|1\n|move|p2b: Fake Tears|Play Rough|p1a: Tyranitar\n|-activate|p1a: Tyranitar|move: Protect\n|\n|-weather|none\n|-heal|p1a: Tyranitar|55\/100|[from] item: Leftovers\n|upkeep\n|turn|7\n|\n|t:|1697429979\n|move|p1b: Houndstone|Ally Switch|p1b: Houndstone\n|swap|p1b: Houndstone|0|[from] move: Ally Switch\n|move|p2b: Fake Tears|Play Rough|p1a: Houndstone\n|-damage|p1a: Houndstone|50\/100\n|move|p1b: Tyranitar|Dragon Tail|p2a: Shadow Ball\n|-damage|p2a: Shadow Ball|37\/100\n|drag|p2a: ScrnPuls|Indeedee-F, F|44\/100\n|-damage|p2a: ScrnPuls|28\/100|[from] Spikes\n|-damage|p2a: ScrnPuls|15\/100|[from] Stealth Rock\n|-fieldstart|move: Psychic Terrain|[from] ability: Psychic Surge|[of] p2a: ScrnPuls\n|\n|-heal|p1b: Tyranitar|61\/100|[from] item: Leftovers\n|-sideend|p1: Cgmode3002|move: Light Screen\n|upkeep\n|turn|8\n|c|\u2606hoiymenomimnn 4v6|...\n|\n|t:|1697430004\n|move|p2a: ScrnPuls|Follow Me|p2a: ScrnPuls\n|-singleturn|p2a: ScrnPuls|move: Follow Me\n|move|p1a: Houndstone|Howl|p1a: Houndstone|[spread] p1a,p1b\n|-boost|p1a: Houndstone|atk|1\n|-boost|p1b: Tyranitar|atk|1\n|move|p1b: Tyranitar|Dragon Tail|p2a: ScrnPuls\n|-damage|p2a: ScrnPuls|0 fnt\n|faint|p2a: ScrnPuls\n|move|p2b: Fake Tears|Trick Room|p2b: Fake Tears\n|-fieldstart|move: Trick Room|[of] p2b: Fake Tears\n|\n|-heal|p1b: Tyranitar|67\/100|[from] item: Leftovers\n|upkeep\n|c|\u2606hoiymenomimnn 4v6|sir this is\n|c|\u2606hoiymenomimnn 4v6|the most annoying game of my life\n|\n|t:|1697430021\n|switch|p2a: Regidrago|Regidrago|100\/100\n|-damage|p2a: Regidrago|84\/100|[from] Spikes\n|-damage|p2a: Regidrago|72\/100|[from] Stealth Rock\n|turn|9\n|c|\u2606Cgmode3002|im so sorry\n|c|\u2606hoiymenomimnn 4v6|hey wait\n|\n|t:|1697430047\n|switch|p1a: Copperajah|Copperajah, F|100\/100\n|move|p2b: Fake Tears|Play Rough|p1b: Tyranitar\n|-supereffective|p1b: Tyranitar\n|-damage|p1b: Tyranitar|0 fnt\n|faint|p1b: Tyranitar\n|move|p2a: Regidrago|Dragon Energy|p1a: Copperajah\n|-resisted|p1a: Copperajah\n|-damage|p1a: Copperajah|47\/100\n|\n|upkeep\n|c|\u2606hoiymenomimnn 4v6|ur not even the steel gym leader >:(\n|\n|t:|1697430056\n|switch|p1b: Scizor|Scizor, F|100\/100\n|turn|10\n|c|\u2606Cgmode3002|im afriad not\n|\n|t:|1697430075\n|-terastallize|p1a: Copperajah|Fairy\n|-terastallize|p2b: Fake Tears|Grass\n|move|p1b: Scizor|Bullet Punch|p2b: Fake Tears\n|-activate|p2b: Fake Tears|move: Psychic Terrain\n|move|p1a: Copperajah|Play Rough|p2a: Regidrago\n|-supereffective|p2a: Regidrago\n|-damage|p2a: Regidrago|0 fnt\n|faint|p2a: Regidrago\n|move|p2b: Fake Tears|Diamond Storm|p1a: Copperajah|[spread] p1a,p1b\n|-damage|p1a: Copperajah|17\/100\n|-damage|p1b: Scizor|66\/100\n|\n|upkeep\n|c|\u2606hoiymenomimnn 4v6|lol\n|\n|t:|1697430086\n|switch|p2a: Solar Beam|Torkoal, L98, M|51\/100\n|-damage|p2a: Solar Beam|34\/100|[from] Spikes\n|-damage|p2a: Solar Beam|9\/100|[from] Stealth Rock\n|-weather|SunnyDay|[from] ability: Drought|[of] p2a: Solar Beam\n|turn|11\n|c|\u2606hoiymenomimnn 4v6|i forgot too tbh\n|\n|t:|1697430106\n|switch|p1a: Houndstone|Houndstone, F|50\/100\n|move|p1b: Scizor|Bullet Punch|p2a: Solar Beam\n|-activate|p2a: Solar Beam|move: Psychic Terrain\n|move|p2a: Solar Beam|Heat Wave|p1b: Scizor|[spread] p1a,p1b\n|-supereffective|p1b: Scizor\n|-damage|p1a: Houndstone|0 fnt\n|-damage|p1b: Scizor|0 fnt\n|faint|p1a: Houndstone\n|faint|p1b: Scizor\n|move|p2b: Fake Tears|Diamond Storm|p1: Houndstone|[notarget]\n|-fail|p2b: Fake Tears\n|\n|-weather|SunnyDay|[upkeep]\n|-fieldend|move: Psychic Terrain\n|upkeep\n|\n|t:|1697430110\n|switch|p1b: Copperajah|Copperajah, F, tera:Fairy|17\/100\n|switch|p1a: Perrserker|Perrserker, M|100\/100\n|turn|12\n|c|\u2606hoiymenomimnn 4v6|..........\n|c|\u2606hoiymenomimnn 4v6|sir\n|c|\u2606hoiymenomimnn 4v6|the second time\n|c|\u2606Cgmode3002|i'm so dumb\n|c|\u2606hoiymenomimnn 4v6|is inexcusable lol\n|c|\u2606Cgmode3002|i wasnt. paying attention lol\n|c|\u2606hoiymenomimnn 4v6|i understand its late lol\n|c|\u2606hoiymenomimnn 4v6|12 am\n|\n|t:|1697430153\n|move|p1a: Perrserker|Fake Out|p2a: Solar Beam\n|-damage|p2a: Solar Beam|2\/100\n|cant|p2a: Solar Beam|flinch\n|move|p1b: Copperajah|Iron Head|p2b: Fake Tears\n|-damage|p2b: Fake Tears|11\/100\n|move|p2b: Fake Tears|Diamond Storm|p1a: Perrserker|[spread] p1a,p1b\n|-resisted|p1a: Perrserker\n|-damage|p1a: Perrserker|84\/100\n|-damage|p1b: Copperajah|0 fnt\n|faint|p1b: Copperajah\n|\n|-weather|SunnyDay|[upkeep]\n|-fieldend|move: Trick Room\n|upkeep\n|turn|13\n|c|\u2606Cgmode3002|gg wp\n|c|\u2606hoiymenomimnn 4v6|gg\n|c|\u2606hoiymenomimnn 4v6|that was tough\n|\n|t:|1697430171\n|move|p1a: Perrserker|Iron Head|p2a: Solar Beam\n|-resisted|p2a: Solar Beam\n|-crit|p2a: Solar Beam\n|-damage|p2a: Solar Beam|0 fnt\n|faint|p2a: Solar Beam\n|move|p2b: Fake Tears|Diamond Storm|p1a: Perrserker\n|-resisted|p1a: Perrserker\n|-damage|p1a: Perrserker|62\/100\n|\n|-weather|SunnyDay|[upkeep]\n|upkeep\n|c|\u2606hoiymenomimnn 4v6|wait\n|c|\u2606Cgmode3002|i really though ti was gonna win too\n|c|\u2606hoiymenomimnn 4v6|is armarouge just dead\n|c|\u2606hoiymenomimnn 4v6|lol\n|\n|t:|1697430204\n|switch|p2a: Shadow Ball|Sinistcha|37\/100\n|-damage|p2a: Shadow Ball|21\/100|[from] Spikes\n|-damage|p2a: Shadow Ball|9\/100|[from] Stealth Rock\n|-heal|p2b: Fake Tears|36\/100|[from] ability: Hospitality|[of] p2a: Shadow Ball\n|turn|14\n|c|\u2606Cgmode3002|just goes to show how fast the tables can turn\n|c|\u2606hoiymenomimnn 4v6|hold on i might lose this\n|c|\u2606Cgmode3002|maybe but its real slim\n|c|\u2606hoiymenomimnn 4v6|ARMAROUGE IS DEAD HOLY SHIT\n|c|\u2606Cgmode3002|you may still win\n|\n|t:|1697430321\n|move|p2a: Shadow Ball|Rage Powder|p2a: Shadow Ball\n|-singleturn|p2a: Shadow Ball|move: Rage Powder\n|move|p1a: Perrserker|Iron Head|p2a: Shadow Ball\n|-damage|p2a: Shadow Ball|0 fnt\n|faint|p2a: Shadow Ball\n|move|p2b: Fake Tears|Trick Room|p2b: Fake Tears\n|-fieldstart|move: Trick Room|[of] p2b: Fake Tears\n|\n|-weather|SunnyDay|[upkeep]\n|upkeep\n|\n|t:|1697430327\n|switch|p2a: stlgrsfig Db Ally|Armarouge, M|38\/100\n|-damage|p2a: stlgrsfig Db Ally|21\/100|[from] Spikes\n|-damage|p2a: stlgrsfig Db Ally|0 fnt|[from] Stealth Rock\n|faint|p2a: stlgrsfig Db Ally\n|turn|15\n|c|\u2606hoiymenomimnn 4v6|NOOOOOO\n|c|\u2606hoiymenomimnn 4v6|PLS\n|c|\u2606hoiymenomimnn 4v6|PLS LET ME WIN\n|c|\u2606hoiymenomimnn 4v6|IM SORRY\n|c|\u2606hoiymenomimnn 4v6|IM SORRY FOR NOT PLAYING BODY PRESS DIANCIE\n|c|\u2606hoiymenomimnn 4v6|FML\n|c|\u2606Cgmode3002|no problem\n|c|\u2606Cgmode3002|il just forfeit to save time ok\n|c|\u2606hoiymenomimnn 4v6|o thx!\n|c|\u2606hoiymenomimnn 4v6|thx very much!\n|c|\u2606Cgmode3002|i'll\n|c|\u2606hoiymenomimnn 4v6|i shoulda paid more attention to how much the hazards did\n|c|\u2606Cgmode3002|no problem had fun playing with u gg wp\n|c|\u2606hoiymenomimnn 4v6|thx ggwp\n|c|\u2606hoiymenomimnn 4v6|o its \/forfeit\n|c|\u2606hoiymenomimnn 4v6|lol\n|c|\u2606Cgmode3002|lmfaoooo\n|c|\u2606Cgmode3002|i suck at spelling\n|-message|Cgmode3002 forfeited.\n|\n|win|hoiymenomimnn 4v6\n|raw|Cgmode3002's rating: 1324 &rarr; <strong>1317<\/strong><br \/>(-7 for losing)\n|raw|hoiymenomimnn 4v6's rating: 1598 &rarr; <strong>1605<\/strong><br \/>(+7 for winning)\n|l|\u2606Cgmode3002\n|c|\u2606hoiymenomimnn 4v6|lmao\n","uploadtime":1697430449,"views":25,"p1id":"cgmode3002","p2id":"hoiymenomimnn4v6","formatid":"gen9doublesou","rating":1317,"private":0,"password":""}