{"id":"gen9doublesou-1976894446","p1":"Zelorkwad","p2":"abi558","format":"[Gen 9] Doubles OU","log":"|j|\u2606Zelorkwad\n|j|\u2606abi558\n|t:|1698350191\n|gametype|doubles\n|player|p1|Zelorkwad|169|1169\n|player|p2|abi558|2|1228\n|teamsize|p1|6\n|teamsize|p2|6\n|gen|9\n|tier|[Gen 9] Doubles OU\n|rated|\n|rule|Species Clause: Limit one of each Pok\u00e9mon\n|rule|OHKO Clause: OHKO moves are banned\n|rule|Evasion Moves Clause: Evasion moves are banned\n|rule|Gravity Sleep Clause: The combination of sleep-inducing moves with imperfect accuracy and Gravity or Gigantamax Orbeetle are banned\n|rule|Endless Battle Clause: Forcing endless battles is banned\n|rule|HP Percentage Mod: HP is shown in percentages\n|clearpoke\n|poke|p1|Eelektross, M|\n|poke|p1|Flutter Mane|\n|poke|p1|Torkoal, F|\n|poke|p1|Scream Tail|\n|poke|p1|Krookodile, F|\n|poke|p1|Masquerain, F|\n|poke|p2|Infernape, M|\n|poke|p2|Milotic, F|\n|poke|p2|Rillaboom, F|\n|poke|p2|Tinkaton, F|\n|poke|p2|Toxtricity, M|\n|poke|p2|Espathra, F|\n|teampreview\n|\n|t:|1698350224\n|start\n|switch|p1a: Scream Tail|Scream Tail|100\/100\n|switch|p1b: Krookodile|Krookodile, F|100\/100\n|switch|p2a: Donkey Kong|Rillaboom, F, shiny|100\/100\n|switch|p2b: Emo girl|Espathra, F, shiny|100\/100\n|-fieldstart|move: Grassy Terrain|[from] ability: Grassy Surge|[of] p2a: Donkey Kong\n|-ability|p1b: Krookodile|Intimidate|boost\n|-unboost|p2a: Donkey Kong|atk|1\n|-unboost|p2b: Emo girl|atk|1\n|turn|1\n|\n|t:|1698350239\n|switch|p1b: Torkoal|Torkoal, F|100\/100\n|-weather|SunnyDay|[from] ability: Drought|[of] p1b: Torkoal\n|-activate|p1a: Scream Tail|ability: Protosynthesis\n|-start|p1a: Scream Tail|protosynthesisspe\n|move|p2a: Donkey Kong|Fake Out|p1a: Scream Tail\n|-damage|p1a: Scream Tail|92\/100\n|cant|p1a: Scream Tail|flinch\n|move|p2b: Emo girl|Dazzling Gleam|p1a: Scream Tail|[spread] p1a,p1b\n|-resisted|p1b: Torkoal\n|-damage|p1a: Scream Tail|78\/100\n|-damage|p1b: Torkoal|89\/100\n|\n|-weather|SunnyDay|[upkeep]\n|-heal|p1a: Scream Tail|84\/100|[from] Grassy Terrain\n|-heal|p1b: Torkoal|95\/100|[from] Grassy Terrain\n|-ability|p2b: Emo girl|Speed Boost|boost\n|-boost|p2b: Emo girl|spe|1\n|upkeep\n|turn|2\n|\n|t:|1698350274\n|move|p1a: Scream Tail|Reflect|p1a: Scream Tail\n|-sidestart|p1: Zelorkwad|Reflect\n|move|p2b: Emo girl|Lumina Crash|p1b: Torkoal\n|-damage|p1b: Torkoal|48\/100\n|-unboost|p1b: Torkoal|spd|2\n|-enditem|p1b: Torkoal|Eject Pack\n|\n|t:|1698350284\n|switch|p1b: Krookodile|Krookodile, F|100\/100\n|-ability|p1b: Krookodile|Intimidate|boost\n|-unboost|p2a: Donkey Kong|atk|1\n|-unboost|p2b: Emo girl|atk|1\n|move|p2a: Donkey Kong|U-turn|p1a: Scream Tail\n|-damage|p1a: Scream Tail|77\/100\n|\n|t:|1698350300\n|switch|p2a: Power|Tinkaton, F, shiny|100\/100|[from] U-turn\n|-ability|p2a: Power|Mold Breaker\n|\n|-weather|SunnyDay|[upkeep]\n|-heal|p1a: Scream Tail|83\/100|[from] Grassy Terrain\n|-ability|p2b: Emo girl|Speed Boost|boost\n|-boost|p2b: Emo girl|spe|1\n|upkeep\n|turn|3\n|\n|t:|1698350318\n|-end|p1a: Scream Tail|Protosynthesis|[silent]\n|switch|p1a: Torkoal|Torkoal, F|48\/100\n|move|p2a: Power|Fake Out|p1b: Krookodile\n|-damage|p1b: Krookodile|96\/100\n|move|p2b: Emo girl|Energy Ball|p1b: Krookodile\n|-supereffective|p1b: Krookodile\n|-damage|p1b: Krookodile|1\/100\n|move|p1b: Krookodile|Knock Off|p2b: Emo girl\n|-supereffective|p2b: Emo girl\n|-enditem|p2b: Emo girl|Focus Sash\n|-damage|p2b: Emo girl|1\/100\n|\n|-weather|SunnyDay|[upkeep]\n|-heal|p2b: Emo girl|7\/100|[from] Grassy Terrain\n|-heal|p1b: Krookodile|7\/100|[from] Grassy Terrain\n|-heal|p1a: Torkoal|54\/100|[from] Grassy Terrain\n|-ability|p2b: Emo girl|Speed Boost|boost\n|-boost|p2b: Emo girl|spe|1\n|upkeep\n|turn|4\n|\n|t:|1698350344\n|switch|p1b: Scream Tail|Scream Tail|83\/100\n|-activate|p1b: Scream Tail|ability: Protosynthesis\n|-start|p1b: Scream Tail|protosynthesisspe\n|move|p2b: Emo girl|Dazzling Gleam|p1a: Torkoal|[spread] p1a,p1b\n|-resisted|p1a: Torkoal\n|-damage|p1a: Torkoal|42\/100\n|-damage|p1b: Scream Tail|70\/100\n|move|p2a: Power|Stone Edge|p1a: Torkoal\n|-supereffective|p1a: Torkoal\n|-damage|p1a: Torkoal|17\/100\n|move|p1a: Torkoal|Overheat|p2a: Power\n|-supereffective|p2a: Power\n|-damage|p2a: Power|0 fnt\n|-unboost|p1a: Torkoal|spa|2\n|faint|p2a: Power\n|\n|-weather|SunnyDay|[upkeep]\n|-heal|p2b: Emo girl|13\/100|[from] Grassy Terrain\n|-heal|p1b: Scream Tail|76\/100|[from] Grassy Terrain\n|-heal|p1a: Torkoal|23\/100|[from] Grassy Terrain\n|-ability|p2b: Emo girl|Speed Boost|boost\n|-boost|p2b: Emo girl|spe|1\n|upkeep\n|\n|t:|1698350377\n|switch|p2a: Donkey Kong|Rillaboom, F, shiny|100\/100\n|turn|5\n|inactive|Battle timer is ON: inactive players will automatically lose when time's up. (requested by Zelorkwad)\n|\n|t:|1698350385\n|move|p2a: Donkey Kong|Fake Out|p1b: Scream Tail\n|-damage|p1b: Scream Tail|67\/100\n|move|p2b: Emo girl|Lumina Crash|p1a: Torkoal\n|-damage|p1a: Torkoal|0 fnt\n|faint|p1a: Torkoal\n|cant|p1b: Scream Tail|flinch\n|\n|-weather|none\n|-end|p1b: Scream Tail|Protosynthesis\n|-heal|p2b: Emo girl|19\/100|[from] Grassy Terrain\n|-heal|p1b: Scream Tail|74\/100|[from] Grassy Terrain\n|-fieldend|move: Grassy Terrain\n|-ability|p2b: Emo girl|Speed Boost|boost\n|-boost|p2b: Emo girl|spe|1\n|upkeep\n|\n|t:|1698350395\n|switch|p1a: Eelektross|Eelektross, M|100\/100\n|turn|6\n|\n|t:|1698350404\n|switch|p2b: Catfish|Milotic, F, shiny|100\/100\n|switch|p2a: Punk|Toxtricity, M, shiny|100\/100\n|move|p1b: Scream Tail|Light Screen|p1b: Scream Tail\n|-sidestart|p1: Zelorkwad|move: Light Screen\n|move|p1a: Eelektross|Wild Charge|p2b: Catfish\n|-supereffective|p2b: Catfish\n|-damage|p2b: Catfish|44\/100\n|-damage|p1a: Eelektross|86\/100|[from] Recoil\n|\n|-heal|p2b: Catfish|50\/100|[from] item: Leftovers\n|upkeep\n|turn|7\n|inactive|abi558 has 120 seconds left.\n|\n|t:|1698350460\n|move|p1b: Scream Tail|Trick|p2b: Catfish\n|-activate|p1b: Scream Tail|move: Trick|[of] p2b: Catfish\n|-item|p2b: Catfish|Light Clay|[from] move: Trick\n|-item|p1b: Scream Tail|Leftovers|[from] move: Trick\n|move|p2b: Catfish|Attract|p1a: Eelektross\n|-start|p1a: Eelektross|Attract\n|move|p2a: Punk|Shift Gear|p2a: Punk\n|-boost|p2a: Punk|spe|2\n|-boost|p2a: Punk|atk|1\n|-activate|p1a: Eelektross|move: Attract|[of] p2b: Catfish\n|cant|p1a: Eelektross|Attract\n|\n|-heal|p1b: Scream Tail|80\/100|[from] item: Leftovers\n|upkeep\n|turn|8\n|\n|t:|1698350481\n|-end|p1b: Scream Tail|Protosynthesis|[silent]\n|switch|p1b: Krookodile|Krookodile, F|7\/100\n|-ability|p1b: Krookodile|Intimidate|boost\n|-unboost|p2a: Punk|atk|1\n|-unboost|p2b: Catfish|atk|1\n|-ability|p2b: Catfish|Competitive|boost\n|-boost|p2b: Catfish|spa|2\n|move|p2a: Punk|Sludge Bomb|p1a: Eelektross\n|-damage|p1a: Eelektross|56\/100\n|-status|p1a: Eelektross|psn\n|move|p2b: Catfish|Scald|p1a: Eelektross\n|-damage|p1a: Eelektross|17\/100 psn\n|-enditem|p1a: Eelektross|Wiki Berry|[eat]\n|-heal|p1a: Eelektross|50\/100 psn|[from] item: Wiki Berry\n|-activate|p1a: Eelektross|move: Attract|[of] p2b: Catfish\n|cant|p1a: Eelektross|Attract\n|\n|-damage|p1a: Eelektross|37\/100 psn|[from] psn\n|upkeep\n|turn|9\n|inactive|abi558 has 120 seconds left.\n|\n|t:|1698350513\n|-terastallize|p2a: Punk|Flying\n|move|p2a: Punk|Sludge Bomb|p1b: Krookodile\n|-resisted|p1b: Krookodile\n|-damage|p1b: Krookodile|0 fnt\n|faint|p1b: Krookodile\n|move|p2b: Catfish|Recover|p2b: Catfish\n|-heal|p2b: Catfish|100\/100\n|-activate|p1a: Eelektross|move: Attract|[of] p2b: Catfish\n|cant|p1a: Eelektross|Attract\n|\n|-damage|p1a: Eelektross|25\/100 psn|[from] psn\n|-sideend|p1: Zelorkwad|Reflect\n|upkeep\n|-message|Zelorkwad forfeited.\n|\n|win|abi558\n|raw|Zelorkwad's rating: 1169 &rarr; <strong>1148<\/strong><br \/>(-21 for losing)\n|raw|abi558's rating: 1228 &rarr; <strong>1249<\/strong><br \/>(+21 for winning)\n|l|\u2606Zelorkwad\n","uploadtime":1698350529,"views":17,"p1id":"zelorkwad","p2id":"abi558","formatid":"gen9doublesou","rating":1148,"private":0,"password":""}