{"id":"gen9doublesou-1974651670","p1":"LolBalls2","p2":"harrison4","format":"[Gen 9] Doubles OU","log":"|j|\u2606LolBalls2\n|j|\u2606harrison4\n|t:|1698106745\n|gametype|doubles\n|player|p1|LolBalls2|266|\n|player|p2|harrison4|palmer|\n|teamsize|p1|6\n|teamsize|p2|6\n|gen|9\n|tier|[Gen 9] Doubles OU\n|rule|Species Clause: Limit one of each Pok\u00e9mon\n|rule|OHKO Clause: OHKO moves are banned\n|rule|Evasion Moves Clause: Evasion moves are banned\n|rule|Gravity Sleep Clause: The combination of sleep-inducing moves with imperfect accuracy and Gravity or Gigantamax Orbeetle are banned\n|rule|Endless Battle Clause: Forcing endless battles is banned\n|rule|HP Percentage Mod: HP is shown in percentages\n|clearpoke\n|poke|p1|Kricketune, F|\n|poke|p1|Muk-Alola, M|\n|poke|p1|Persian, F|\n|poke|p1|Falinks|\n|poke|p1|Thwackey, M|\n|poke|p1|Brambleghast, M|\n|poke|p2|Inteleon, F|\n|poke|p2|Sneasel, M|\n|poke|p2|Delphox, F|\n|poke|p2|Naclstack, F|\n|poke|p2|Mudsdale, F|\n|poke|p2|Decidueye, M|\n|teampreview\n|c|\u2606LolBalls2|Gl hf x2!\n|c|\u2606harrison4|glhf2!\n|c|\u2606LolBalls2|Horse and salt man immovable walls\n|l|\u2606LolBalls2\n|player|p1|\n|\n|t:|1698106801\n|start\n|switch|p1a: Cougar|Persian, F, shiny|100\/100\n|switch|p1b: Rocketman|Falinks, shiny|100\/100\n|switch|p2a: Lil Shit|Sneasel, M|100\/100\n|switch|p2b: Bojack|Mudsdale, F|100\/100\n|turn|1\n|j|\u2606LolBalls2\n|player|p1|LolBalls2|266\n|\n|t:|1698106869\n|move|p2a: Lil Shit|Fake Out|p1b: Rocketman\n|-damage|p1b: Rocketman|91\/100\n|move|p1a: Cougar|Icy Wind|p2a: Lil Shit|[spread] p2a,p2b\n|-resisted|p2a: Lil Shit\n|-supereffective|p2b: Bojack\n|-damage|p2a: Lil Shit|93\/100\n|-damage|p2b: Bojack|89\/100\n|-unboost|p2a: Lil Shit|spe|1\n|-unboost|p2b: Bojack|spe|1\n|-ability|p2b: Bojack|Stamina|boost\n|-boost|p2b: Bojack|def|1\n|cant|p1b: Rocketman|flinch\n|move|p2b: Bojack|High Horsepower|p1a: Cougar\n|-enditem|p1a: Cougar|Focus Sash\n|-damage|p1a: Cougar|1\/100\n|\n|upkeep\n|turn|2\n|\n|t:|1698106926\n|move|p1a: Cougar|Seed Bomb|p2b: Bojack\n|-supereffective|p2b: Bojack\n|-damage|p2b: Bojack|69\/100\n|-ability|p2b: Bojack|Stamina|boost\n|-boost|p2b: Bojack|def|1\n|move|p1b: Rocketman|Close Combat|p2a: Lil Shit\n|-supereffective|p2a: Lil Shit\n|-damage|p2a: Lil Shit|0 fnt\n|-unboost|p1b: Rocketman|def|1\n|-unboost|p1b: Rocketman|spd|1\n|faint|p2a: Lil Shit\n|-damage|p1b: Rocketman|81\/100|[from] item: Life Orb\n|move|p2b: Bojack|Rock Slide|p1a: Cougar|[spread] p1a,p1b\n|-resisted|p1b: Rocketman\n|-damage|p1a: Cougar|0 fnt\n|-damage|p1b: Rocketman|59\/100\n|faint|p1a: Cougar\n|\n|upkeep\n|\n|t:|1698106953\n|switch|p1a: Mr. Poop|Brambleghast, M|100\/100\n|switch|p2a: Delphox|Delphox, F|100\/100\n|turn|3\n|\n|t:|1698106975\n|move|p2a: Delphox|Heat Wave|p1b: Rocketman|[spread] p1a,p1b\n|-supereffective|p1a: Mr. Poop\n|-crit|p1b: Rocketman\n|-damage|p1a: Mr. Poop|0 fnt\n|-damage|p1b: Rocketman|0 fnt\n|faint|p1a: Mr. Poop\n|faint|p1b: Rocketman\n|-damage|p2a: Delphox|91\/100|[from] item: Life Orb\n|move|p2b: Bojack|High Horsepower|p1: Mr. Poop|[notarget]\n|-fail|p2b: Bojack\n|\n|upkeep\n|\n|t:|1698106996\n|switch|p1a: Monkey|Thwackey, M|100\/100\n|switch|p1b: DOOALEEP|Kricketune, F, shiny|100\/100\n|-fieldstart|move: Grassy Terrain|[from] ability: Grassy Surge|[of] p1a: Monkey\n|turn|4\n|\n|t:|1698107007\n|switch|p2b: Dr. Hoo|Decidueye, M|100\/100\n|move|p2a: Delphox|Protect|p2a: Delphox\n|-singleturn|p2a: Delphox|Protect\n|move|p1a: Monkey|Fake Out|p2a: Delphox\n|-activate|p2a: Delphox|move: Protect\n|move|p1b: DOOALEEP|Pounce|p2a: Delphox\n|-activate|p2a: Delphox|move: Protect\n|\n|-heal|p2a: Delphox|97\/100|[from] Grassy Terrain\n|upkeep\n|turn|5\n|\n|t:|1698107020\n|move|p1a: Monkey|Grassy Glide|p2a: Delphox\n|-resisted|p2a: Delphox\n|-damage|p2a: Delphox|73\/100\n|move|p2a: Delphox|Heat Wave|p1b: DOOALEEP|[spread] p1a,p1b\n|-supereffective|p1a: Monkey\n|-supereffective|p1b: DOOALEEP\n|-damage|p1a: Monkey|0 fnt\n|-damage|p1b: DOOALEEP|0 fnt\n|faint|p1a: Monkey\n|faint|p1b: DOOALEEP\n|-damage|p2a: Delphox|64\/100|[from] item: Life Orb\n|move|p2b: Dr. Hoo|Tailwind|p2b: Dr. Hoo\n|-sidestart|p2: harrison4|move: Tailwind\n|\n|-heal|p2a: Delphox|70\/100|[from] Grassy Terrain\n|upkeep\n|\n|t:|1698107024\n|switch|p1b: Reclyclops|Muk-Alola, M|100\/100\n|turn|6\n|c|\u2606LolBalls2|My jungle has been incinerated\n|\n|t:|1698107060\n|-terastallize|p2a: Delphox|Fire\n|move|p2a: Delphox|Heat Wave|p1b: Reclyclops\n|-damage|p1b: Reclyclops|34\/100\n|-enditem|p1b: Reclyclops|Sitrus Berry|[eat]\n|-heal|p1b: Reclyclops|59\/100|[from] item: Sitrus Berry\n|-damage|p2a: Delphox|60\/100|[from] item: Life Orb\n|move|p2b: Dr. Hoo|Shadow Ball|p1b: Reclyclops\n|-resisted|p1b: Reclyclops\n|-damage|p1b: Reclyclops|48\/100\n|move|p1b: Reclyclops|Acid Armor|p1b: Reclyclops\n|-boost|p1b: Reclyclops|def|2\n|\n|-heal|p2a: Delphox|66\/100|[from] Grassy Terrain\n|-heal|p1b: Reclyclops|54\/100|[from] Grassy Terrain\n|upkeep\n|turn|7\n|\n|t:|1698107082\n|move|p2a: Delphox|Heat Wave|p1b: Reclyclops\n|-damage|p1b: Reclyclops|0 fnt\n|faint|p1b: Reclyclops\n|-damage|p2a: Delphox|56\/100|[from] item: Life Orb\n|\n|win|harrison4\n|c|\u2606LolBalls2|Gg! Wp\n|c|\u2606harrison4|ggs!\n|c|\u2606LolBalls2|fox big scary\n|l|\u2606LolBalls2\n|c|\u2606harrison4|ive learned\n|c|\u2606harrison4|just shut up a click heat wave\n|c|\u2606harrison4|for the replay homies\n","uploadtime":1698107090,"views":22,"p1id":"lolballs2","p2id":"harrison4","formatid":"gen9doublesou","rating":0,"private":0,"password":""}