{"id":"gen9doublesou-1980015199","p1":"Soymir","p2":"FrogGangg","format":"[Gen 9] Doubles OU","log":"|j|\u2606Soymir\n|j|\u2606FrogGangg\n|t:|1698746817\n|gametype|doubles\n|player|p1|Soymir|102|1052\n|player|p2|FrogGangg|n|1176\n|teamsize|p1|6\n|teamsize|p2|6\n|gen|9\n|tier|[Gen 9] Doubles OU\n|rated|\n|rule|Species Clause: Limit one of each Pok\u00e9mon\n|rule|OHKO Clause: OHKO moves are banned\n|rule|Evasion Moves Clause: Evasion moves are banned\n|rule|Gravity Sleep Clause: The combination of sleep-inducing moves with imperfect accuracy and Gravity or Gigantamax Orbeetle are banned\n|rule|Endless Battle Clause: Forcing endless battles is banned\n|rule|HP Percentage Mod: HP is shown in percentages\n|clearpoke\n|poke|p1|Dugtrio, M|\n|poke|p1|Muk-Alola, M|\n|poke|p1|Scream Tail|\n|poke|p1|Landorus-Therian, M|\n|poke|p1|Clefable, F|\n|poke|p1|Garganacl, M|\n|poke|p2|Greninja-*, M|\n|poke|p2|Politoed, F|\n|poke|p2|Poliwrath, F|\n|poke|p2|Bellibolt, F|\n|poke|p2|Toxicroak, M|\n|poke|p2|Clefairy, F|\n|teampreview\n|\n|t:|1698746826\n|start\n|switch|p1a: Dugtrio|Dugtrio, M, shiny|100\/100\n|switch|p1b: Scream Tail|Scream Tail|100\/100\n|switch|p2a: Greninja|Greninja, M|100\/100\n|switch|p2b: Politoed|Politoed, F|100\/100\n|-weather|RainDance|[from] ability: Drizzle|[of] p2b: Politoed\n|turn|1\n|\n|t:|1698746863\n|move|p2a: Greninja|Protect|p2a: Greninja\n|-singleturn|p2a: Greninja|Protect\n|move|p1a: Dugtrio|Substitute|p1a: Dugtrio\n|-start|p1a: Dugtrio|Substitute\n|-damage|p1a: Dugtrio|76\/100\n|move|p1b: Scream Tail|Noble Roar|p2b: Politoed\n|-unboost|p2b: Politoed|atk|1\n|-unboost|p2b: Politoed|spa|1\n|move|p2b: Politoed|Weather Ball|p1a: Dugtrio\n|-supereffective|p1a: Dugtrio\n|-end|p1a: Dugtrio|Substitute\n|\n|-weather|RainDance|[upkeep]\n|upkeep\n|turn|2\n|\n|t:|1698746885\n|move|p1a: Dugtrio|Protect|p1a: Dugtrio\n|-singleturn|p1a: Dugtrio|Protect\n|move|p2a: Greninja|Water Shuriken|p1a: Dugtrio\n|-activate|p1a: Dugtrio|move: Protect\n|move|p1b: Scream Tail|Noble Roar|p2b: Politoed\n|-unboost|p2b: Politoed|atk|1\n|-unboost|p2b: Politoed|spa|1\n|move|p2b: Politoed|Weather Ball|p1b: Scream Tail\n|-damage|p1b: Scream Tail|85\/100\n|\n|-weather|RainDance|[upkeep]\n|upkeep\n|turn|3\n|\n|t:|1698746913\n|-end|p1b: Scream Tail|Protosynthesis|[silent]\n|switch|p1b: Muk|Muk-Alola, M|100\/100\n|move|p2a: Greninja|Water Shuriken|p1a: Dugtrio\n|-supereffective|p1a: Dugtrio\n|-damage|p1a: Dugtrio|44\/100\n|-supereffective|p1a: Dugtrio\n|-damage|p1a: Dugtrio|11\/100\n|-supereffective|p1a: Dugtrio\n|-damage|p1a: Dugtrio|0 fnt\n|faint|p1a: Dugtrio\n|-ability|p1b: Muk|Arena Trap|[from] ability: Power of Alchemy|[of] p1a: Dugtrio\n|-ability|p2a: Greninja|Battle Bond|boost\n|-boost|p2a: Greninja|atk|1\n|-boost|p2a: Greninja|spa|1\n|-boost|p2a: Greninja|spe|1\n|-activate|p2a: Greninja|ability: Battle Bond\n|-hitcount|p1: Dugtrio|3\n|move|p2b: Politoed|Weather Ball|p1b: Muk\n|-damage|p1b: Muk|79\/100\n|\n|-weather|RainDance|[upkeep]\n|upkeep\n|\n|t:|1698746960\n|switch|p1a: Scream Tail|Scream Tail|85\/100\n|turn|4\n|\n|t:|1698746984\n|-terastallize|p2a: Greninja|Water\n|move|p1b: Muk|Protect|p1b: Muk\n|-singleturn|p1b: Muk|Protect\n|move|p2a: Greninja|Water Shuriken|p1a: Scream Tail\n|-damage|p1a: Scream Tail|74\/100\n|-damage|p1a: Scream Tail|62\/100\n|-damage|p1a: Scream Tail|51\/100\n|-damage|p1a: Scream Tail|39\/100\n|-damage|p1a: Scream Tail|27\/100\n|-hitcount|p1a: Scream Tail|5\n|move|p1a: Scream Tail|Noble Roar|p2a: Greninja\n|-unboost|p2a: Greninja|atk|1\n|-unboost|p2a: Greninja|spa|1\n|move|p2b: Politoed|Earth Power|p1b: Muk\n|-activate|p1b: Muk|move: Protect\n|\n|-weather|RainDance|[upkeep]\n|upkeep\n|turn|5\n|\n|t:|1698747019\n|-end|p1a: Scream Tail|Protosynthesis|[silent]\n|switch|p1a: Clefable|Clefable, F|100\/100\n|move|p2a: Greninja|Water Shuriken|p1a: Clefable\n|-damage|p1a: Clefable|90\/100\n|-damage|p1a: Clefable|78\/100\n|-damage|p1a: Clefable|67\/100\n|-damage|p1a: Clefable|55\/100\n|-damage|p1a: Clefable|43\/100\n|-hitcount|p1a: Clefable|5\n|move|p2b: Politoed|Earth Power|p1b: Muk\n|-supereffective|p1b: Muk\n|-damage|p1b: Muk|63\/100\n|move|p1b: Muk|Acid Armor|p1b: Muk\n|-boost|p1b: Muk|def|2\n|\n|-weather|RainDance|[upkeep]\n|-status|p1a: Clefable|brn|[from] item: Flame Orb\n|upkeep\n|turn|6\n|\n|t:|1698747057\n|move|p1a: Clefable|Protect|p1a: Clefable\n|-singleturn|p1a: Clefable|Protect\n|move|p2a: Greninja|Water Shuriken|p1b: Muk\n|-damage|p1b: Muk|54\/100\n|-damage|p1b: Muk|45\/100\n|-damage|p1b: Muk|36\/100\n|-damage|p1b: Muk|27\/100\n|-hitcount|p1b: Muk|4\n|move|p2b: Politoed|Weather Ball|p1a: Clefable\n|-activate|p1a: Clefable|move: Protect\n|move|p1b: Muk|Knock Off|p2a: Greninja\n|-damage|p2a: Greninja|63\/100\n|-enditem|p2a: Greninja|Loaded Dice|[from] move: Knock Off|[of] p1b: Muk\n|\n|-weather|RainDance|[upkeep]\n|upkeep\n|turn|7\n|\n|t:|1698747076\n|move|p1a: Clefable|Follow Me|p1a: Clefable\n|-singleturn|p1a: Clefable|move: Follow Me\n|move|p2a: Greninja|Water Shuriken|p1a: Clefable\n|-damage|p1a: Clefable|32\/100 brn\n|-damage|p1a: Clefable|21\/100 brn\n|-damage|p1a: Clefable|10\/100 brn\n|-damage|p1a: Clefable|0 fnt\n|faint|p1a: Clefable\n|-hitcount|p1: Clefable|4\n|move|p2b: Politoed|Weather Ball|p1b: Muk\n|-damage|p1b: Muk|7\/100\n|move|p1b: Muk|Rest|p1b: Muk\n|-status|p1b: Muk|slp|[from] move: Rest\n|-heal|p1b: Muk|100\/100 slp|[silent]\n|-enditem|p1b: Muk|Chesto Berry|[eat]\n|-curestatus|p1b: Muk|slp|[msg]\n|\n|-weather|RainDance|[upkeep]\n|upkeep\n|\n|t:|1698747096\n|switch|p1a: Garganacl|Garganacl, M|100\/100\n|turn|8\n|\n|t:|1698747116\n|move|p1b: Muk|Protect|p1b: Muk\n|-singleturn|p1b: Muk|Protect\n|move|p2a: Greninja|Water Shuriken|p1b: Muk\n|-activate|p1b: Muk|move: Protect\n|move|p2b: Politoed|Weather Ball|p1a: Garganacl\n|-supereffective|p1a: Garganacl\n|-damage|p1a: Garganacl|54\/100\n|move|p1a: Garganacl|Salt Cure|p2b: Politoed\n|-damage|p2b: Politoed|87\/100\n|-start|p2b: Politoed|Salt Cure\n|\n|-weather|none\n|-heal|p1a: Garganacl|61\/100|[from] item: Leftovers\n|-damage|p2b: Politoed|63\/100|[from] Salt Cure\n|upkeep\n|turn|9\n|\n|t:|1698747138\n|move|p2a: Greninja|Water Shuriken|p1b: Muk\n|-damage|p1b: Muk|95\/100\n|-damage|p1b: Muk|88\/100\n|-damage|p1b: Muk|82\/100\n|-hitcount|p1b: Muk|3\n|move|p2b: Politoed|Earth Power|p1a: Garganacl\n|-supereffective|p1a: Garganacl\n|-damage|p1a: Garganacl|42\/100\n|-unboost|p1a: Garganacl|spd|1\n|move|p1b: Muk|Acid Armor|p1b: Muk\n|-boost|p1b: Muk|def|2\n|move|p1a: Garganacl|Recover|p1a: Garganacl\n|-heal|p1a: Garganacl|92\/100\n|\n|-heal|p1a: Garganacl|99\/100|[from] item: Leftovers\n|-damage|p2b: Politoed|38\/100|[from] Salt Cure\n|upkeep\n|turn|10\n|\n|t:|1698747160\n|move|p1b: Muk|Protect|p1b: Muk\n|-singleturn|p1b: Muk|Protect\n|move|p2a: Greninja|Water Shuriken|p1a: Garganacl\n|-supereffective|p1a: Garganacl\n|-damage|p1a: Garganacl|79\/100\n|-supereffective|p1a: Garganacl\n|-damage|p1a: Garganacl|58\/100\n|-supereffective|p1a: Garganacl\n|-damage|p1a: Garganacl|36\/100\n|-supereffective|p1a: Garganacl\n|-damage|p1a: Garganacl|14\/100\n|-hitcount|p1a: Garganacl|4\n|move|p2b: Politoed|Earth Power|p1b: Muk\n|-activate|p1b: Muk|move: Protect\n|move|p1a: Garganacl|Salt Cure|p2a: Greninja\n|-damage|p2a: Greninja|47\/100\n|-start|p2a: Greninja|Salt Cure\n|\n|-heal|p1a: Garganacl|21\/100|[from] item: Leftovers\n|-damage|p2a: Greninja|22\/100|[from] Salt Cure\n|-damage|p2b: Politoed|13\/100|[from] Salt Cure\n|upkeep\n|turn|11\n|\n|t:|1698747188\n|switch|p1a: Scream Tail|Scream Tail|27\/100\n|move|p2a: Greninja|Water Shuriken|p1a: Scream Tail\n|-damage|p1a: Scream Tail|22\/100\n|-damage|p1a: Scream Tail|16\/100\n|-damage|p1a: Scream Tail|11\/100\n|-damage|p1a: Scream Tail|6\/100\n|-damage|p1a: Scream Tail|1\/100\n|-hitcount|p1a: Scream Tail|5\n|move|p2b: Politoed|Earth Power|p1b: Muk\n|-supereffective|p1b: Muk\n|-damage|p1b: Muk|65\/100\n|move|p1b: Muk|Acid Armor|p1b: Muk\n|-boost|p1b: Muk|def|2\n|\n|-damage|p2a: Greninja|0 fnt|[from] Salt Cure\n|faint|p2a: Greninja\n|-damage|p2b: Politoed|0 fnt|[from] Salt Cure\n|faint|p2b: Politoed\n|upkeep\n|\n|t:|1698747218\n|switch|p2a: Toxicroak|Toxicroak, M|100\/100\n|switch|p2b: Clefairy|Clefairy, F|100\/100\n|turn|12\n|\n|t:|1698747235\n|move|p2b: Clefairy|Helping Hand|p2a: Toxicroak\n|-singleturn|p2a: Toxicroak|Helping Hand|[of] p2b: Clefairy\n|move|p1a: Scream Tail|Noble Roar|p2a: Toxicroak\n|-unboost|p2a: Toxicroak|atk|1\n|-unboost|p2a: Toxicroak|spa|1\n|move|p2a: Toxicroak|Close Combat|p1b: Muk\n|-damage|p1b: Muk|57\/100\n|-unboost|p2a: Toxicroak|def|1\n|-unboost|p2a: Toxicroak|spd|1\n|move|p1b: Muk|Knock Off|p2a: Toxicroak\n|-resisted|p2a: Toxicroak\n|-damage|p2a: Toxicroak|79\/100\n|-enditem|p2a: Toxicroak|Aguav Berry|[from] move: Knock Off|[of] p1b: Muk\n|\n|upkeep\n|turn|13\n|inactive|Battle timer is ON: inactive players will automatically lose when time's up. (requested by FrogGangg)\n|\n|t:|1698747262\n|move|p2b: Clefairy|Protect|p2b: Clefairy\n|-singleturn|p2b: Clefairy|Protect\n|move|p2a: Toxicroak|Sucker Punch||[still]\n|-fail|p2a: Toxicroak\n|move|p1a: Scream Tail|Noble Roar|p2a: Toxicroak\n|-unboost|p2a: Toxicroak|atk|1\n|-unboost|p2a: Toxicroak|spa|1\n|move|p1b: Muk|Rest|p1b: Muk\n|-status|p1b: Muk|slp|[from] move: Rest\n|-heal|p1b: Muk|100\/100 slp|[silent]\n|\n|upkeep\n|turn|14\n|\n|t:|1698747279\n|move|p2b: Clefairy|Helping Hand|p2a: Toxicroak\n|-singleturn|p2a: Toxicroak|Helping Hand|[of] p2b: Clefairy\n|move|p1a: Scream Tail|Noble Roar|p2a: Toxicroak\n|-unboost|p2a: Toxicroak|atk|1\n|-unboost|p2a: Toxicroak|spa|1\n|move|p2a: Toxicroak|Shadow Ball|p1a: Scream Tail\n|-supereffective|p1a: Scream Tail\n|-damage|p1a: Scream Tail|0 fnt\n|faint|p1a: Scream Tail\n|-end|p1a: Scream Tail|Protosynthesis|[silent]\n|cant|p1b: Muk|slp\n|\n|upkeep\n|\n|t:|1698747290\n|switch|p1a: Landorus|Landorus-Therian, M|100\/100\n|-ability|p1a: Landorus|Intimidate|boost\n|-unboost|p2a: Toxicroak|atk|1\n|-unboost|p2b: Clefairy|atk|1\n|turn|15\n|\n|t:|1698747301\n|move|p2b: Clefairy|Protect|p2b: Clefairy\n|-singleturn|p2b: Clefairy|Protect\n|move|p1a: Landorus|Stomping Tantrum|p2a: Toxicroak\n|-supereffective|p2a: Toxicroak\n|-damage|p2a: Toxicroak|0 fnt\n|faint|p2a: Toxicroak\n|cant|p1b: Muk|slp\n|\n|upkeep\n|\n|t:|1698747309\n|switch|p2a: Poliwrath|Poliwrath, F|100\/100\n|turn|16\n|\n|t:|1698747324\n|move|p2b: Clefairy|Helping Hand|p2a: Poliwrath\n|-singleturn|p2a: Poliwrath|Helping Hand|[of] p2b: Clefairy\n|move|p1a: Landorus|Protect|p1a: Landorus\n|-singleturn|p1a: Landorus|Protect\n|move|p2a: Poliwrath|Drain Punch|p1b: Muk\n|-damage|p1b: Muk|92\/100 slp\n|-curestatus|p1b: Muk|slp|[msg]\n|move|p1b: Muk|Knock Off|p2a: Poliwrath\n|-resisted|p2a: Poliwrath\n|-damage|p2a: Poliwrath|88\/100\n|-enditem|p2a: Poliwrath|Assault Vest|[from] move: Knock Off|[of] p1b: Muk\n|\n|upkeep\n|turn|17\n|\n|t:|1698747351\n|switch|p1a: Garganacl|Garganacl, M|21\/100\n|move|p2b: Clefairy|Helping Hand|p2a: Poliwrath\n|-singleturn|p2a: Poliwrath|Helping Hand|[of] p2b: Clefairy\n|move|p2a: Poliwrath|Tera Blast|p1b: Muk\n|-damage|p1b: Muk|78\/100\n|move|p1b: Muk|Knock Off|p2b: Clefairy\n|-resisted|p2b: Clefairy\n|-damage|p2b: Clefairy|82\/100\n|-enditem|p2b: Clefairy|Eviolite|[from] move: Knock Off|[of] p1b: Muk\n|\n|-heal|p1a: Garganacl|27\/100|[from] item: Leftovers\n|upkeep\n|turn|18\n|\n|t:|1698747368\n|move|p1b: Muk|Protect|p1b: Muk\n|-singleturn|p1b: Muk|Protect\n|move|p2b: Clefairy|Protect|p2b: Clefairy\n|-singleturn|p2b: Clefairy|Protect\n|move|p2a: Poliwrath|Drain Punch|p1a: Garganacl\n|-supereffective|p1a: Garganacl\n|-damage|p1a: Garganacl|0 fnt\n|-heal|p2a: Poliwrath|100\/100|[from] drain|[of] p1a: Garganacl\n|faint|p1a: Garganacl\n|\n|upkeep\n|\n|t:|1698747378\n|switch|p1a: Landorus|Landorus-Therian, M|100\/100\n|-ability|p1a: Landorus|Intimidate|boost\n|-unboost|p2a: Poliwrath|atk|1\n|-unboost|p2b: Clefairy|atk|1\n|turn|19\n|\n|t:|1698747391\n|move|p2b: Clefairy|Helping Hand|p2a: Poliwrath\n|-singleturn|p2a: Poliwrath|Helping Hand|[of] p2b: Clefairy\n|move|p1a: Landorus|Stomping Tantrum|p2a: Poliwrath\n|-damage|p2a: Poliwrath|73\/100\n|move|p2a: Poliwrath|Poison Jab|p1b: Muk\n|-resisted|p1b: Muk\n|-damage|p1b: Muk|75\/100\n|move|p1b: Muk|Knock Off|p2a: Poliwrath\n|-resisted|p2a: Poliwrath\n|-damage|p2a: Poliwrath|66\/100\n|\n|upkeep\n|turn|20\n|\n|t:|1698747408\n|move|p2b: Clefairy|Helping Hand|p2a: Poliwrath\n|-singleturn|p2a: Poliwrath|Helping Hand|[of] p2b: Clefairy\n|move|p1a: Landorus|Stomping Tantrum|p2a: Poliwrath\n|-damage|p2a: Poliwrath|37\/100\n|move|p2a: Poliwrath|Poison Jab|p1b: Muk\n|-resisted|p1b: Muk\n|-damage|p1b: Muk|73\/100\n|move|p1b: Muk|Knock Off|p2a: Poliwrath\n|-resisted|p2a: Poliwrath\n|-damage|p2a: Poliwrath|30\/100\n|\n|upkeep\n|turn|21\n|\n|t:|1698747423\n|move|p2b: Clefairy|Helping Hand|p2a: Poliwrath\n|-singleturn|p2a: Poliwrath|Helping Hand|[of] p2b: Clefairy\n|move|p1b: Muk|Protect|p1b: Muk\n|-singleturn|p1b: Muk|Protect\n|move|p1a: Landorus|Stomping Tantrum|p2a: Poliwrath\n|-damage|p2a: Poliwrath|0 fnt\n|faint|p2a: Poliwrath\n|\n|upkeep\n|\n|t:|1698747428\n|switch|p2a: Bellibolt|Bellibolt, F|100\/100\n|turn|22\n|\n|t:|1698747436\n|move|p2b: Clefairy|Helping Hand|p2a: Bellibolt\n|-singleturn|p2a: Bellibolt|Helping Hand|[of] p2b: Clefairy\n|move|p1a: Landorus|Stomping Tantrum|p2a: Bellibolt\n|-supereffective|p2a: Bellibolt\n|-damage|p2a: Bellibolt|48\/100\n|-status|p1a: Landorus|par|[from] ability: Static|[of] p2a: Bellibolt\n|move|p1b: Muk|Knock Off|p2a: Bellibolt\n|-damage|p2a: Bellibolt|25\/100\n|-status|p1b: Muk|par|[from] ability: Static|[of] p2a: Bellibolt\n|-enditem|p2a: Bellibolt|Life Orb|[from] move: Knock Off|[of] p1b: Muk\n|move|p2a: Bellibolt|Muddy Water|p1b: Muk|[spread] p1b\n|-miss|p2a: Bellibolt|p1a: Landorus\n|-damage|p1b: Muk|53\/100 par\n|\n|upkeep\n|turn|23\n|\n|t:|1698747456\n|cant|p1a: Landorus|par\n|move|p2a: Bellibolt|Muddy Water|p1a: Landorus|[spread] p1a\n|-miss|p2a: Bellibolt|p1b: Muk\n|-supereffective|p1a: Landorus\n|-damage|p1a: Landorus|55\/100 par\n|-unboost|p1a: Landorus|accuracy|1\n|move|p2b: Clefairy|Heal Pulse|p2a: Bellibolt\n|-heal|p2a: Bellibolt|75\/100\n|move|p1b: Muk|Knock Off|p2b: Clefairy\n|-resisted|p2b: Clefairy\n|-damage|p2b: Clefairy|66\/100\n|\n|upkeep\n|turn|24\n|\n|t:|1698747475\n|move|p2b: Clefairy|Helping Hand|p2a: Bellibolt\n|-singleturn|p2a: Bellibolt|Helping Hand|[of] p2b: Clefairy\n|move|p1a: Landorus|Stomping Tantrum|p2a: Bellibolt\n|-supereffective|p2a: Bellibolt\n|-damage|p2a: Bellibolt|0 fnt\n|faint|p2a: Bellibolt\n|cant|p1b: Muk|par\n|\n|upkeep\n|turn|25\n|-message|FrogGangg forfeited.\n|\n|win|Soymir\n|raw|Soymir's rating: 1052 &rarr; <strong>1095<\/strong><br \/>(+43 for winning)\n|raw|FrogGangg's rating: 1176 &rarr; <strong>1142<\/strong><br \/>(-34 for losing)\n|l|\u2606FrogGangg\n","uploadtime":1698747492,"views":19,"p1id":"soymir","p2id":"froggangg","formatid":"gen9doublesou","rating":1095,"private":0,"password":""}