{"id":"gen9doublesou-1995144519","p1":"dropthemike","p2":"Growls25","format":"[Gen 9] Doubles OU","log":"|j|\u2606dropthemike\n|j|\u2606Growls25\n|t:|1700527535\n|gametype|doubles\n|player|p1|dropthemike|roxie|1046\n|player|p2|Growls25|elesa|1000\n|teamsize|p1|6\n|teamsize|p2|6\n|gen|9\n|tier|[Gen 9] Doubles OU\n|rated|\n|rule|Species Clause: Limit one of each Pok\u00e9mon\n|rule|OHKO Clause: OHKO moves are banned\n|rule|Evasion Moves Clause: Evasion moves are banned\n|rule|Gravity Sleep Clause: The combination of sleep-inducing moves with imperfect accuracy and Gravity or Gigantamax Orbeetle are banned\n|rule|Endless Battle Clause: Forcing endless battles is banned\n|rule|HP Percentage Mod: HP is shown in percentages\n|clearpoke\n|poke|p1|Skeledirge, F|\n|poke|p1|Diancie|\n|poke|p1|Noivern, F|\n|poke|p1|Regieleki|\n|poke|p1|Samurott, M|\n|poke|p1|Chesnaught, F|\n|poke|p2|Venomoth, F|\n|poke|p2|Ariados, F|\n|poke|p2|Vikavolt, M|\n|poke|p2|Heracross, M|\n|poke|p2|Lokix, M|\n|poke|p2|Vespiquen, F|\n|teampreview\n|\n|t:|1700527542\n|start\n|switch|p1a: Skeledirge|Skeledirge, F|100\/100\n|switch|p1b: Chesnaught|Chesnaught, F|100\/100\n|switch|p2a: Gypsy|Venomoth, F|100\/100\n|switch|p2b: The Queen|Vespiquen, F|100\/100\n|-ability|p2b: The Queen|Unnerve\n|turn|1\n|\n|t:|1700527556\n|move|p2a: Gypsy|Quiver Dance|p2a: Gypsy\n|-boost|p2a: Gypsy|spa|1\n|-boost|p2a: Gypsy|spd|1\n|-boost|p2a: Gypsy|spe|1\n|move|p1a: Skeledirge|Fire Pledge|p2b: The Queen\n|-waiting|p1a: Skeledirge|p1b: Chesnaught\n|move|p1b: Chesnaught|Grass Pledge|p2b: The Queen|[from]move: Fire Pledge\n|-combine\n|-supereffective|p2b: The Queen\n|-damage|p2b: The Queen|50\/100\n|-sidestart|p2: Growls25|Fire Pledge\n|move|p2b: The Queen|Air Slash|p1b: Chesnaught\n|-supereffective|p1b: Chesnaught\n|-enditem|p1b: Chesnaught|Focus Sash\n|-damage|p1b: Chesnaught|1\/100\n|\n|-damage|p2a: Gypsy|88\/100|[from] Fire Pledge\n|-damage|p2b: The Queen|38\/100|[from] Fire Pledge\n|upkeep\n|turn|2\n|\n|t:|1700527583\n|-terastallize|p2a: Gypsy|Grass\n|move|p1b: Chesnaught|Spiky Shield|p1b: Chesnaught\n|-singleturn|p1b: Chesnaught|move: Protect\n|move|p2a: Gypsy|Quiver Dance|p2a: Gypsy\n|-boost|p2a: Gypsy|spa|1\n|-boost|p2a: Gypsy|spd|1\n|-boost|p2a: Gypsy|spe|1\n|move|p1a: Skeledirge|Torch Song|p2a: Gypsy\n|-supereffective|p2a: Gypsy\n|-damage|p2a: Gypsy|30\/100\n|-boost|p1a: Skeledirge|spa|1\n|move|p2b: The Queen|Air Slash|p1b: Chesnaught\n|-activate|p1b: Chesnaught|move: Protect\n|\n|-damage|p2a: Gypsy|17\/100|[from] Fire Pledge\n|-damage|p2b: The Queen|25\/100|[from] Fire Pledge\n|upkeep\n|turn|3\n|\n|t:|1700527610\n|move|p1b: Chesnaught|Spiky Shield||[still]\n|-fail|p1b: Chesnaught\n|move|p2a: Gypsy|Giga Drain|p1a: Skeledirge\n|-resisted|p1a: Skeledirge\n|-damage|p1a: Skeledirge|31\/100\n|-heal|p2a: Gypsy|83\/100|[from] drain|[of] p1a: Skeledirge\n|move|p1a: Skeledirge|Torch Song|p2a: Gypsy\n|-supereffective|p2a: Gypsy\n|-damage|p2a: Gypsy|0 fnt\n|-boost|p1a: Skeledirge|spa|1\n|faint|p2a: Gypsy\n|move|p2b: The Queen|Air Slash|p1b: Chesnaught\n|-supereffective|p1b: Chesnaught\n|-damage|p1b: Chesnaught|0 fnt\n|faint|p1b: Chesnaught\n|\n|-damage|p2b: The Queen|13\/100|[from] Fire Pledge\n|upkeep\n|\n|t:|1700527630\n|switch|p2a: Rosie|Ariados, F|100\/100\n|switch|p1b: Samurott|Samurott, M|100\/100\n|turn|4\n|\n|t:|1700527649\n|move|p2a: Rosie|Sucker Punch|p1a: Skeledirge\n|-supereffective|p1a: Skeledirge\n|-damage|p1a: Skeledirge|0 fnt\n|faint|p1a: Skeledirge\n|move|p1b: Samurott|Water Pledge|p2a: Rosie\n|-damage|p2a: Rosie|49\/100\n|move|p2b: The Queen|Pollen Puff|p1b: Samurott\n|-damage|p1b: Samurott|48\/100\n|\n|-damage|p2a: Rosie|37\/100|[from] Fire Pledge\n|-damage|p2b: The Queen|1\/100|[from] Fire Pledge\n|-sideend|p2: Growls25|Fire Pledge\n|upkeep\n|\n|t:|1700527666\n|switch|p1a: Diancie|Diancie|100\/100\n|turn|5\n|\n|t:|1700527676\n|move|p2a: Rosie|Sucker Punch||[still]\n|-fail|p2a: Rosie\n|move|p1a: Diancie|Calm Mind|p1a: Diancie\n|-boost|p1a: Diancie|spa|1\n|-boost|p1a: Diancie|spd|1\n|move|p1b: Samurott|Rain Dance|p1b: Samurott\n|-weather|RainDance\n|move|p2b: The Queen|Sludge Bomb|p1a: Diancie\n|-damage|p1a: Diancie|88\/100\n|\n|-weather|RainDance|[upkeep]\n|-heal|p1a: Diancie|94\/100|[from] item: Leftovers\n|upkeep\n|turn|6\n|\n|t:|1700527691\n|switch|p1b: Noivern|Noivern, F|100\/100\n|move|p2a: Rosie|Sucker Punch||[still]\n|-fail|p2a: Rosie\n|move|p1a: Diancie|Diamond Storm|p2b: The Queen|[spread] p2a,p2b\n|-supereffective|p2a: Rosie\n|-supereffective|p2b: The Queen\n|-damage|p2a: Rosie|0 fnt\n|-damage|p2b: The Queen|0 fnt\n|faint|p2a: Rosie\n|faint|p2b: The Queen\n|\n|-weather|RainDance|[upkeep]\n|-heal|p1a: Diancie|99\/100|[from] item: Leftovers\n|upkeep\n|\n|t:|1700527703\n|switch|p2a: Francis|Vikavolt, M|100\/100\n|switch|p2b: Dim|Heracross, M|100\/100\n|turn|7\n|\n|t:|1700527715\n|move|p1b: Noivern|Hurricane|p2a: Francis\n|-damage|p2a: Francis|42\/100\n|move|p2b: Dim|Rock Slide|p1b: Noivern|[spread] p1a,p1b\n|-supereffective|p1b: Noivern\n|-damage|p1a: Diancie|84\/100\n|-damage|p1b: Noivern|54\/100\n|cant|p1a: Diancie|flinch\n|move|p2a: Francis|Flash Cannon|p1a: Diancie\n|-supereffective|p1a: Diancie\n|-damage|p1a: Diancie|0 fnt\n|faint|p1a: Diancie\n|-damage|p2a: Francis|32\/100|[from] item: Life Orb\n|\n|-weather|RainDance|[upkeep]\n|-heal|p1b: Noivern|60\/100|[from] item: Leftovers\n|upkeep\n|\n|t:|1700527732\n|switch|p1a: Samurott|Samurott, M|48\/100\n|turn|8\n|\n|t:|1700527752\n|move|p1b: Noivern|Hurricane|p2b: Dim\n|-supereffective|p2b: Dim\n|-damage|p2b: Dim|0 fnt\n|faint|p2b: Dim\n|move|p1a: Samurott|Water Pulse|p2a: Francis\n|-damage|p2a: Francis|0 fnt\n|faint|p2a: Francis\n|\n|-weather|RainDance|[upkeep]\n|-heal|p1b: Noivern|66\/100|[from] item: Leftovers\n|upkeep\n|\n|t:|1700527759\n|switch|p2b: Hopper|Lokix, M|100\/100\n|turn|9\n|\n|t:|1700527775\n|move|p1b: Noivern|Hurricane|p2b: Hopper\n|-supereffective|p2b: Hopper\n|-enditem|p2b: Hopper|Focus Sash\n|-damage|p2b: Hopper|1\/100\n|move|p2b: Hopper|Swords Dance|p2b: Hopper\n|-boost|p2b: Hopper|atk|2\n|move|p1a: Samurott|Water Pledge|p2b: Hopper\n|-damage|p2b: Hopper|0 fnt\n|faint|p2b: Hopper\n|\n|win|dropthemike\n|raw|dropthemike's rating: 1046 &rarr; <strong>1075<\/strong><br \/>(+29 for winning)\n|raw|Growls25's rating: 1000 &rarr; <strong>1000<\/strong><br \/>(+0 for losing)\n|l|\u2606Growls25\n|c|\u2606dropthemike|ggwp\n","uploadtime":1700527792,"views":9,"p1id":"dropthemike","p2id":"growls25","formatid":"gen9doublesou","rating":1000,"private":0,"password":""}