{"id":"gen9doublesou-1969069146","p1":"fj109","p2":"Reginapkm","format":"[Gen 9] Doubles OU","log":"|j|\u2606fj109\n|j|\u2606Reginapkm\n|t:|1697487343\n|gametype|doubles\n|player|p1|fj109|ethan|1053\n|player|p2|Reginapkm|266|1182\n|teamsize|p1|6\n|teamsize|p2|6\n|gen|9\n|tier|[Gen 9] Doubles OU\n|rated|\n|rule|Species Clause: Limit one of each Pok\u00e9mon\n|rule|OHKO Clause: OHKO moves are banned\n|rule|Evasion Moves Clause: Evasion moves are banned\n|rule|Gravity Sleep Clause: The combination of sleep-inducing moves with imperfect accuracy and Gravity or Gigantamax Orbeetle are banned\n|rule|Endless Battle Clause: Forcing endless battles is banned\n|rule|HP Percentage Mod: HP is shown in percentages\n|clearpoke\n|poke|p1|Typhlosion-Hisui, F|\n|poke|p1|Torkoal, M|\n|poke|p1|Lilligant-Hisui, F|\n|poke|p1|Roaring Moon|\n|poke|p1|Sandy Shocks|\n|poke|p1|Gliscor, F|\n|poke|p2|Chesnaught, F|\n|poke|p2|Kilowattrel, M|\n|poke|p2|Mimikyu, M|\n|poke|p2|Illumise, F|\n|poke|p2|Krookodile, M|\n|poke|p2|Dragapult, M|\n|teampreview\n|inactive|Battle timer is ON: inactive players will automatically lose when time's up. (requested by Reginapkm)\n|\n|t:|1697487362\n|start\n|switch|p1a: Torkoal|Torkoal, M|100\/100\n|switch|p1b: Typhlosion|Typhlosion-Hisui, F|100\/100\n|switch|p2a: Krookodile|Krookodile, M|100\/100\n|switch|p2b: Illumise|Illumise, F|100\/100\n|-weather|SunnyDay|[from] ability: Drought|[of] p1a: Torkoal\n|turn|1\n|\n|t:|1697487392\n|switch|p1a: Gliscor|Gliscor, F|100\/100\n|move|p2b: Illumise|Tailwind|p2b: Illumise\n|-sidestart|p2: Reginapkm|move: Tailwind\n|move|p2a: Krookodile|Earthquake|p1b: Typhlosion|[spread] p2b,p1b\n|-immune|p1a: Gliscor\n|-resisted|p2b: Illumise\n|-supereffective|p1b: Typhlosion\n|-damage|p2b: Illumise|75\/100\n|-damage|p1b: Typhlosion|0 fnt\n|faint|p1b: Typhlosion\n|-ability|p2a: Krookodile|Moxie|boost\n|-boost|p2a: Krookodile|atk|1\n|\n|-weather|SunnyDay|[upkeep]\n|-heal|p2b: Illumise|81\/100|[from] item: Leftovers\n|-status|p1a: Gliscor|tox|[from] item: Toxic Orb\n|upkeep\n|inactive|fj109 has 120 seconds left.\n|\n|t:|1697487415\n|switch|p1b: Roaring Moon|Roaring Moon|100\/100\n|-activate|p1b: Roaring Moon|ability: Protosynthesis\n|-start|p1b: Roaring Moon|protosynthesisatk\n|turn|2\n|inactive|fj109 has 120 seconds left.\n|\n|t:|1697487432\n|move|p2b: Illumise|Charm|p1a: Gliscor\n|-unboost|p1a: Gliscor|atk|2\n|move|p2a: Krookodile|Earthquake|p1a: Gliscor|[spread] p2b,p1b\n|-immune|p1a: Gliscor\n|-resisted|p2b: Illumise\n|-damage|p2b: Illumise|43\/100\n|-damage|p1b: Roaring Moon|22\/100\n|move|p1b: Roaring Moon|Dragon Dance|p1b: Roaring Moon\n|-boost|p1b: Roaring Moon|atk|1\n|-boost|p1b: Roaring Moon|spe|1\n|move|p1a: Gliscor|Fire Fang|p2b: Illumise\n|-supereffective|p2b: Illumise\n|-damage|p2b: Illumise|7\/100\n|\n|-weather|SunnyDay|[upkeep]\n|-heal|p2b: Illumise|13\/100|[from] item: Leftovers\n|upkeep\n|turn|3\n|\n|t:|1697487457\n|move|p2b: Illumise|Charm|p1a: Gliscor\n|-unboost|p1a: Gliscor|atk|2\n|move|p1b: Roaring Moon|Dragon Claw|p2a: Krookodile\n|-damage|p2a: Krookodile|9\/100\n|move|p2a: Krookodile|Crunch|p1b: Roaring Moon\n|-resisted|p1b: Roaring Moon\n|-damage|p1b: Roaring Moon|0 fnt\n|faint|p1b: Roaring Moon\n|-end|p1b: Roaring Moon|Protosynthesis|[silent]\n|-ability|p2a: Krookodile|Moxie|boost\n|-boost|p2a: Krookodile|atk|1\n|move|p1a: Gliscor|High Horsepower|p2a: Krookodile\n|-damage|p2a: Krookodile|0 fnt\n|faint|p2a: Krookodile\n|\n|-weather|SunnyDay|[upkeep]\n|-heal|p2b: Illumise|19\/100|[from] item: Leftovers\n|upkeep\n|\n|t:|1697487475\n|switch|p1b: Sandy Shocks|Sandy Shocks|100\/100\n|switch|p2a: Chesnaught|Chesnaught, F|100\/100\n|-activate|p1b: Sandy Shocks|ability: Protosynthesis\n|-start|p1b: Sandy Shocks|protosynthesisspa\n|turn|4\n|\n|t:|1697487495\n|-terastallize|p2a: Chesnaught|Ground\n|-terastallize|p1b: Sandy Shocks|Flying\n|move|p2b: Illumise|Light Screen|p2b: Illumise\n|-sidestart|p2: Reginapkm|move: Light Screen\n|move|p2a: Chesnaught|Belly Drum|p2a: Chesnaught\n|-damage|p2a: Chesnaught|51\/100\n|-setboost|p2a: Chesnaught|atk|6|[from] move: Belly Drum\n|move|p1b: Sandy Shocks|Tera Blast|p2a: Chesnaught|[anim] Tera Blast Flying\n|-damage|p2a: Chesnaught|12\/100\n|move|p1a: Gliscor|Fire Fang|p2b: Illumise|[miss]\n|-miss|p1a: Gliscor|p2b: Illumise\n|\n|-weather|SunnyDay|[upkeep]\n|-heal|p2b: Illumise|25\/100|[from] item: Leftovers\n|-sideend|p2: Reginapkm|move: Tailwind\n|upkeep\n|turn|5\n|\n|t:|1697487520\n|move|p2b: Illumise|Tailwind|p2b: Illumise\n|-sidestart|p2: Reginapkm|move: Tailwind\n|move|p2a: Chesnaught|Drain Punch|p1b: Sandy Shocks\n|-resisted|p1b: Sandy Shocks\n|-damage|p1b: Sandy Shocks|19\/100\n|-heal|p2a: Chesnaught|48\/100|[from] drain|[of] p1b: Sandy Shocks\n|-damage|p2a: Chesnaught|38\/100|[from] item: Life Orb\n|move|p1b: Sandy Shocks|Tera Blast|p2a: Chesnaught|[anim] Tera Blast Flying\n|-damage|p2a: Chesnaught|4\/100\n|move|p1a: Gliscor|High Horsepower|p2a: Chesnaught\n|-damage|p2a: Chesnaught|0 fnt\n|faint|p2a: Chesnaught\n|\n|-weather|SunnyDay|[upkeep]\n|-heal|p2b: Illumise|31\/100|[from] item: Leftovers\n|upkeep\n|inactive|Reginapkm has 120 seconds left.\n|\n|t:|1697487547\n|switch|p2a: Dragapult|Dragapult, M|100\/100\n|turn|6\n|\n|t:|1697487557\n|move|p2b: Illumise|Encore|p1a: Gliscor\n|-start|p1a: Gliscor|Encore\n|move|p2a: Dragapult|Dragon Darts|p1b: Sandy Shocks\n|-damage|p1b: Sandy Shocks|0 fnt\n|-anim|p2a: Dragapult|Dragon Darts|p1a: Gliscor\n|-damage|p1a: Gliscor|83\/100 tox\n|faint|p1b: Sandy Shocks\n|-end|p1b: Sandy Shocks|Protosynthesis|[silent]\n|move|p1a: Gliscor|High Horsepower|p2a: Dragapult\n|-damage|p2a: Dragapult|83\/100\n|\n|-weather|SunnyDay|[upkeep]\n|-heal|p2b: Illumise|37\/100|[from] item: Leftovers\n|-heal|p1a: Gliscor|95\/100 tox|[from] ability: Poison Heal\n|upkeep\n|\n|t:|1697487575\n|switch|p1b: Lilligant|Lilligant-Hisui, F|100\/100\n|turn|7\n|\n|t:|1697487586\n|move|p2b: Illumise|Charm|p1a: Gliscor\n|-unboost|p1a: Gliscor|atk|2\n|move|p2a: Dragapult|Dragon Darts|p1b: Lilligant\n|-damage|p1b: Lilligant|65\/100\n|-anim|p2a: Dragapult|Dragon Darts|p1a: Gliscor\n|-damage|p1a: Gliscor|79\/100 tox\n|move|p1b: Lilligant|Ice Spinner|p2a: Dragapult\n|-supereffective|p2a: Dragapult\n|-damage|p2a: Dragapult|0 fnt\n|faint|p2a: Dragapult\n|-damage|p1b: Lilligant|55\/100|[from] item: Life Orb\n|move|p1a: Gliscor|High Horsepower|p2b: Illumise\n|-resisted|p2b: Illumise\n|-damage|p2b: Illumise|31\/100\n|\n|-weather|SunnyDay|[upkeep]\n|-heal|p2b: Illumise|37\/100|[from] item: Leftovers\n|-heal|p1a: Gliscor|91\/100 tox|[from] ability: Poison Heal\n|upkeep\n|\n|t:|1697487608\n|switch|p2a: Kilowattrel|Kilowattrel, M|100\/100\n|turn|8\n|\n|t:|1697487633\n|switch|p1a: Torkoal|Torkoal, M|100\/100\n|move|p2b: Illumise|Charm|p1a: Torkoal\n|-unboost|p1a: Torkoal|atk|2\n|move|p2a: Kilowattrel|Air Slash|p1b: Lilligant\n|-supereffective|p1b: Lilligant\n|-damage|p1b: Lilligant|0 fnt\n|faint|p1b: Lilligant\n|\n|-weather|none\n|-heal|p2b: Illumise|43\/100|[from] item: Leftovers\n|-sideend|p2: Reginapkm|move: Light Screen\n|-sideend|p2: Reginapkm|move: Tailwind\n|upkeep\n|inactive|fj109 has 120 seconds left.\n|\n|t:|1697487644\n|switch|p1b: Gliscor|Gliscor, F|91\/100 tox\n|turn|9\n|\n|t:|1697487654\n|move|p1b: Gliscor|Protect|p1b: Gliscor\n|-singleturn|p1b: Gliscor|Protect\n|move|p2b: Illumise|Charm|p1b: Gliscor\n|-activate|p1b: Gliscor|move: Protect\n|move|p2a: Kilowattrel|Air Slash|p1a: Torkoal\n|-damage|p1a: Torkoal|65\/100\n|cant|p1a: Torkoal|flinch\n|\n|-heal|p2b: Illumise|49\/100|[from] item: Leftovers\n|-heal|p1b: Gliscor|100\/100 tox|[from] ability: Poison Heal\n|upkeep\n|turn|10\n|\n|t:|1697487672\n|move|p2b: Illumise|Charm|p1b: Gliscor\n|-unboost|p1b: Gliscor|atk|2\n|move|p2a: Kilowattrel|Thunder Wave|p1a: Torkoal\n|-status|p1a: Torkoal|par\n|move|p1b: Gliscor|Knock Off|p2a: Kilowattrel\n|-damage|p2a: Kilowattrel|77\/100\n|-enditem|p2a: Kilowattrel|Wide Lens|[from] move: Knock Off|[of] p1b: Gliscor\n|move|p1a: Torkoal|Lava Plume|p2b: Illumise|[spread] p1b,p2a,p2b\n|-supereffective|p2b: Illumise\n|-damage|p1b: Gliscor|78\/100 tox\n|-damage|p2a: Kilowattrel|52\/100\n|-damage|p2b: Illumise|18\/100\n|-status|p2b: Illumise|brn\n|\n|-heal|p2b: Illumise|24\/100 brn|[from] item: Leftovers\n|-heal|p1b: Gliscor|91\/100 tox|[from] ability: Poison Heal\n|-damage|p2b: Illumise|18\/100 brn|[from] brn\n|upkeep\n|turn|11\n|inactive|fj109 has 120 seconds left.\n|\n|t:|1697487705\n|move|p2b: Illumise|Charm|p1b: Gliscor\n|-unboost|p1b: Gliscor|atk|2\n|move|p2a: Kilowattrel|Air Slash|p1a: Torkoal\n|-damage|p1a: Torkoal|33\/100 par\n|move|p1b: Gliscor|Fire Fang|p2a: Kilowattrel\n|-damage|p2a: Kilowattrel|41\/100\n|move|p1a: Torkoal|Lava Plume|p2a: Kilowattrel|[spread] p1b,p2a,p2b\n|-supereffective|p2b: Illumise\n|-damage|p1b: Gliscor|68\/100 tox\n|-damage|p2a: Kilowattrel|18\/100\n|-damage|p2b: Illumise|0 fnt\n|faint|p2b: Illumise\n|\n|-heal|p1b: Gliscor|80\/100 tox|[from] ability: Poison Heal\n|upkeep\n|inactive|Reginapkm has 120 seconds left.\n|\n|t:|1697487720\n|switch|p2b: Mimikyu|Mimikyu, M|100\/100\n|turn|12\n|\n|t:|1697487730\n|move|p2a: Kilowattrel|Air Slash|p1a: Torkoal\n|-damage|p1a: Torkoal|2\/100 par\n|move|p2b: Mimikyu|Bulk Up|p2b: Mimikyu\n|-boost|p2b: Mimikyu|atk|1\n|-boost|p2b: Mimikyu|def|1\n|move|p1b: Gliscor|Fire Fang|p2a: Kilowattrel\n|-damage|p2a: Kilowattrel|7\/100\n|move|p1a: Torkoal|Will-O-Wisp|p2b: Mimikyu\n|-status|p2b: Mimikyu|brn\n|\n|-heal|p1b: Gliscor|92\/100 tox|[from] ability: Poison Heal\n|-damage|p2b: Mimikyu|95\/100 brn|[from] brn\n|upkeep\n|turn|13\n|\n|t:|1697487750\n|move|p2a: Kilowattrel|Air Slash|p1a: Torkoal|[miss]\n|-miss|p2a: Kilowattrel|p1a: Torkoal\n|move|p2b: Mimikyu|Bulk Up|p2b: Mimikyu\n|-boost|p2b: Mimikyu|atk|1\n|-boost|p2b: Mimikyu|def|1\n|move|p1b: Gliscor|Fire Fang|p2a: Kilowattrel\n|-damage|p2a: Kilowattrel|0 fnt\n|faint|p2a: Kilowattrel\n|move|p1a: Torkoal|Lava Plume|p2b: Mimikyu|[spread] p1b,p2b\n|-damage|p1b: Gliscor|69\/100 tox\n|-activate|p2b: Mimikyu|ability: Disguise\n|-damage|p2b: Mimikyu|95\/100 brn\n|detailschange|p2b: Mimikyu|Mimikyu-Busted, M\n|-damage|p2b: Mimikyu|82\/100 brn|[from] pokemon: Mimikyu-Busted\n|\n|-heal|p1b: Gliscor|81\/100 tox|[from] ability: Poison Heal\n|-damage|p2b: Mimikyu|76\/100 brn|[from] brn\n|upkeep\n|turn|14\n|\n|t:|1697487773\n|move|p1b: Gliscor|Protect|p1b: Gliscor\n|-singleturn|p1b: Gliscor|Protect\n|move|p2b: Mimikyu|Drain Punch|p1a: Torkoal\n|-crit|p1a: Torkoal\n|-damage|p1a: Torkoal|0 fnt\n|-heal|p2b: Mimikyu|77\/100 brn|[from] drain|[of] p1a: Torkoal\n|faint|p1a: Torkoal\n|\n|-heal|p1b: Gliscor|94\/100 tox|[from] ability: Poison Heal\n|-damage|p2b: Mimikyu|71\/100 brn|[from] brn\n|upkeep\n|turn|15\n|\n|t:|1697487786\n|move|p2b: Mimikyu|Bulk Up|p2b: Mimikyu\n|-boost|p2b: Mimikyu|atk|1\n|-boost|p2b: Mimikyu|def|1\n|move|p1b: Gliscor|High Horsepower|p2b: Mimikyu\n|-damage|p2b: Mimikyu|63\/100 brn\n|\n|-heal|p1b: Gliscor|100\/100 tox|[from] ability: Poison Heal\n|-damage|p2b: Mimikyu|57\/100 brn|[from] brn\n|upkeep\n|turn|16\n|\n|t:|1697487795\n|move|p2b: Mimikyu|Bulk Up|p2b: Mimikyu\n|-boost|p2b: Mimikyu|atk|1\n|-boost|p2b: Mimikyu|def|1\n|move|p1b: Gliscor|Fire Fang|p2b: Mimikyu\n|-damage|p2b: Mimikyu|54\/100 brn\n|\n|-damage|p2b: Mimikyu|48\/100 brn|[from] brn\n|upkeep\n|turn|17\n|\n|t:|1697487806\n|move|p2b: Mimikyu|Drain Punch|p1b: Gliscor\n|-resisted|p1b: Gliscor\n|-damage|p1b: Gliscor|90\/100 tox\n|-heal|p2b: Mimikyu|54\/100 brn|[from] drain|[of] p1b: Gliscor\n|move|p1b: Gliscor|Knock Off|p2b: Mimikyu\n|-damage|p2b: Mimikyu|50\/100 brn\n|-enditem|p2b: Mimikyu|Red Card|[from] move: Knock Off|[of] p1b: Gliscor\n|\n|-heal|p1b: Gliscor|100\/100 tox|[from] ability: Poison Heal\n|-damage|p2b: Mimikyu|44\/100 brn|[from] brn\n|upkeep\n|turn|18\n|\n|t:|1697487817\n|move|p1b: Gliscor|Protect|p1b: Gliscor\n|-singleturn|p1b: Gliscor|Protect\n|move|p2b: Mimikyu|Bulk Up|p2b: Mimikyu\n|-boost|p2b: Mimikyu|atk|1\n|-boost|p2b: Mimikyu|def|1\n|\n|-damage|p2b: Mimikyu|38\/100 brn|[from] brn\n|upkeep\n|turn|19\n|\n|t:|1697487827\n|move|p2b: Mimikyu|Shadow Claw|p1b: Gliscor\n|-damage|p1b: Gliscor|68\/100 tox\n|move|p1b: Gliscor|High Horsepower|p2b: Mimikyu\n|-damage|p2b: Mimikyu|31\/100 brn\n|\n|-heal|p1b: Gliscor|81\/100 tox|[from] ability: Poison Heal\n|-damage|p2b: Mimikyu|25\/100 brn|[from] brn\n|upkeep\n|turn|20\n|\n|t:|1697487837\n|move|p2b: Mimikyu|Bulk Up|p2b: Mimikyu\n|-boost|p2b: Mimikyu|atk|1\n|-boost|p2b: Mimikyu|def|1\n|move|p1b: Gliscor|High Horsepower|p2b: Mimikyu\n|-damage|p2b: Mimikyu|21\/100 brn\n|\n|-heal|p1b: Gliscor|93\/100 tox|[from] ability: Poison Heal\n|-damage|p2b: Mimikyu|15\/100 brn|[from] brn\n|upkeep\n|turn|21\n|\n|t:|1697487847\n|move|p2b: Mimikyu|Drain Punch|p1b: Gliscor\n|-resisted|p1b: Gliscor\n|-damage|p1b: Gliscor|79\/100 tox\n|-heal|p2b: Mimikyu|23\/100 brn|[from] drain|[of] p1b: Gliscor\n|move|p1b: Gliscor|High Horsepower|p2b: Mimikyu\n|-damage|p2b: Mimikyu|18\/100 brn\n|\n|-heal|p1b: Gliscor|91\/100 tox|[from] ability: Poison Heal\n|-damage|p2b: Mimikyu|12\/100 brn|[from] brn\n|upkeep\n|turn|22\n|\n|t:|1697487859\n|move|p1b: Gliscor|Protect|p1b: Gliscor\n|-singleturn|p1b: Gliscor|Protect\n|move|p2b: Mimikyu|Shadow Claw|p1b: Gliscor\n|-activate|p1b: Gliscor|move: Protect\n|\n|-heal|p1b: Gliscor|100\/100 tox|[from] ability: Poison Heal\n|-damage|p2b: Mimikyu|6\/100 brn|[from] brn\n|upkeep\n|turn|23\n|\n|t:|1697487869\n|move|p2b: Mimikyu|Drain Punch|p1b: Gliscor\n|-resisted|p1b: Gliscor\n|-damage|p1b: Gliscor|87\/100 tox\n|-heal|p2b: Mimikyu|14\/100 brn|[from] drain|[of] p1b: Gliscor\n|move|p1b: Gliscor|High Horsepower|p2b: Mimikyu\n|-damage|p2b: Mimikyu|10\/100 brn\n|\n|-heal|p1b: Gliscor|99\/100 tox|[from] ability: Poison Heal\n|-damage|p2b: Mimikyu|4\/100 brn|[from] brn\n|upkeep\n|turn|24\n|\n|t:|1697487881\n|move|p1b: Gliscor|Protect|p1b: Gliscor\n|-singleturn|p1b: Gliscor|Protect\n|move|p2b: Mimikyu|Shadow Claw|p1b: Gliscor\n|-activate|p1b: Gliscor|move: Protect\n|\n|-heal|p1b: Gliscor|100\/100 tox|[from] ability: Poison Heal\n|-damage|p2b: Mimikyu|0 fnt|[from] brn\n|faint|p2b: Mimikyu\n|\n|win|fj109\n|upkeep\n|raw|fj109's rating: 1053 &rarr; <strong>1096<\/strong><br \/>(+43 for winning)\n|raw|Reginapkm's rating: 1182 &rarr; <strong>1148<\/strong><br \/>(-34 for losing)\n|l|\u2606Reginapkm\n","uploadtime":1697487893,"views":7,"p1id":"fj109","p2id":"reginapkm","formatid":"gen9doublesou","rating":1096,"private":0,"password":""}