{"id":"gen9doublesou-1994462820","p1":"hahaha1337","p2":"UY QUE RICO PAPI","format":"[Gen 9] Doubles OU","log":"|j|\u2606hahaha1337\n|j|\u2606UY QUE RICO PAPI\n|t:|1700446756\n|gametype|doubles\n|player|p1|hahaha1337|bugsy|1330\n|player|p2|UY QUE RICO PAPI|2|1280\n|teamsize|p1|6\n|teamsize|p2|6\n|gen|9\n|tier|[Gen 9] Doubles OU\n|rated|\n|rule|Species Clause: Limit one of each Pok\u00e9mon\n|rule|OHKO Clause: OHKO moves are banned\n|rule|Evasion Moves Clause: Evasion moves are banned\n|rule|Gravity Sleep Clause: The combination of sleep-inducing moves with imperfect accuracy and Gravity or Gigantamax Orbeetle are banned\n|rule|Endless Battle Clause: Forcing endless battles is banned\n|rule|HP Percentage Mod: HP is shown in percentages\n|clearpoke\n|poke|p1|Grimmsnarl, M|\n|poke|p1|Clefable, F|\n|poke|p1|Rillaboom, M|\n|poke|p1|Hatterene, F|\n|poke|p1|Ninetales-Alola, F|\n|poke|p1|Dondozo, F|\n|poke|p2|Sinistcha|\n|poke|p2|Sableye, M|\n|poke|p2|Garganacl, F|\n|poke|p2|Ting-Lu|\n|poke|p2|Cresselia, F|\n|poke|p2|Scream Tail|\n|teampreview\n|inactive|Battle timer is ON: inactive players will automatically lose when time's up. (requested by hahaha1337)\n|\n|t:|1700446788\n|start\n|switch|p1a: Grimmsnarl|Grimmsnarl, M, shiny|100\/100\n|switch|p1b: Dondozo|Dondozo, F, shiny|100\/100\n|switch|p2a: Sableye|Sableye, M|100\/100\n|switch|p2b: Scream Tail|Scream Tail|100\/100\n|turn|1\n|\n|t:|1700446805\n|move|p2a: Sableye|Reflect|p2a: Sableye\n|-sidestart|p2: UY QUE RICO PAPI|Reflect\n|move|p2b: Scream Tail|Stealth Rock|p1a: Grimmsnarl\n|-sidestart|p1: hahaha1337|move: Stealth Rock\n|move|p1a: Grimmsnarl|Spirit Break|p2a: Sableye\n|-supereffective|p2a: Sableye\n|-damage|p2a: Sableye|17\/100\n|-unboost|p2a: Sableye|spa|1\n|move|p1b: Dondozo|Liquidation|p2a: Sableye\n|-damage|p2a: Sableye|0 fnt\n|faint|p2a: Sableye\n|\n|upkeep\n|\n|t:|1700446824\n|switch|p2a: Cresselia|Cresselia, F|100\/100\n|turn|2\n|\n|t:|1700446829\n|move|p1a: Grimmsnarl|Light Screen|p1a: Grimmsnarl\n|-sidestart|p1: hahaha1337|move: Light Screen\n|move|p2b: Scream Tail|Amnesia|p2b: Scream Tail\n|-boost|p2b: Scream Tail|spd|2\n|move|p2a: Cresselia|Light Screen|p2a: Cresselia\n|-sidestart|p2: UY QUE RICO PAPI|move: Light Screen\n|move|p1b: Dondozo|Curse|p1b: Dondozo\n|-unboost|p1b: Dondozo|spe|1\n|-boost|p1b: Dondozo|atk|1\n|-boost|p1b: Dondozo|def|1\n|\n|upkeep\n|turn|3\n|inactive|UY QUE RICO PAPI has 120 seconds left.\n|\n|t:|1700446859\n|move|p2b: Scream Tail|Baton Pass|p2b: Scream Tail\n|inactive|UY QUE RICO PAPI has 120 seconds left.\n|\n|t:|1700446866\n|-end|p2b: Scream Tail|Protosynthesis|[silent]\n|switch|p2b: Ting-Lu|Ting-Lu|100\/100|[from] Baton Pass\n|-ability|p2b: Ting-Lu|Vessel of Ruin\n|move|p2a: Cresselia|Sunny Day|p2a: Cresselia\n|-weather|SunnyDay\n|move|p1a: Grimmsnarl|Spirit Break|p2b: Ting-Lu\n|-supereffective|p2b: Ting-Lu\n|-damage|p2b: Ting-Lu|79\/100\n|-unboost|p2b: Ting-Lu|spa|1\n|move|p1b: Dondozo|Liquidation|p2b: Ting-Lu\n|-supereffective|p2b: Ting-Lu\n|-damage|p2b: Ting-Lu|65\/100\n|\n|-weather|SunnyDay|[upkeep]\n|-heal|p2b: Ting-Lu|71\/100|[from] item: Leftovers\n|upkeep\n|turn|4\n|\n|t:|1700446890\n|move|p1a: Grimmsnarl|Reflect|p1a: Grimmsnarl\n|-sidestart|p1: hahaha1337|Reflect\n|move|p2a: Cresselia|Lunar Blessing|p2a: Cresselia|[spread] p2a,p2b\n|-heal|p2b: Ting-Lu|96\/100\n|move|p2b: Ting-Lu|Spikes|p1a: Grimmsnarl\n|-sidestart|p1: hahaha1337|Spikes\n|move|p1b: Dondozo|Curse|p1b: Dondozo\n|-unboost|p1b: Dondozo|spe|1\n|-boost|p1b: Dondozo|atk|1\n|-boost|p1b: Dondozo|def|1\n|\n|-weather|SunnyDay|[upkeep]\n|-heal|p2b: Ting-Lu|100\/100|[from] item: Leftovers\n|upkeep\n|turn|5\n|\n|t:|1700446904\n|move|p2a: Cresselia|Ally Switch|p2a: Cresselia\n|swap|p2a: Cresselia|1|[from] move: Ally Switch\n|move|p1a: Grimmsnarl|Parting Shot|p2b: Cresselia\n|-unboost|p2b: Cresselia|atk|1\n|-unboost|p2b: Cresselia|spa|1\n|\n|t:|1700446907\n|switch|p1a: Hatterene|Hatterene, F, shiny|100\/100|[from] Parting Shot\n|-damage|p1a: Hatterene|88\/100|[from] Stealth Rock\n|-damage|p1a: Hatterene|76\/100|[from] Spikes\n|move|p1b: Dondozo|Liquidation|p2b: Cresselia\n|-damage|p2b: Cresselia|87\/100\n|move|p2a: Ting-Lu|Whirlwind|p1b: Dondozo\n|drag|p1b: Rillaboom|Rillaboom, M, shiny|100\/100\n|-damage|p1b: Rillaboom|88\/100|[from] Stealth Rock\n|-damage|p1b: Rillaboom|76\/100|[from] Spikes\n|-fieldstart|move: Grassy Terrain|[from] ability: Grassy Surge|[of] p1b: Rillaboom\n|-enditem|p1b: Rillaboom|Grassy Seed\n|-boost|p1b: Rillaboom|def|1|[from] item: Grassy Seed\n|\n|-weather|SunnyDay|[upkeep]\n|-heal|p1b: Rillaboom|82\/100|[from] Grassy Terrain\n|-heal|p1a: Hatterene|82\/100|[from] Grassy Terrain\n|upkeep\n|turn|6\n|\n|t:|1700446933\n|switch|p2b: Scream Tail|Scream Tail|100\/100\n|-activate|p2b: Scream Tail|ability: Protosynthesis\n|-start|p2b: Scream Tail|protosynthesisdef\n|switch|p2a: Sinistcha|Sinistcha|100\/100\n|move|p1b: Rillaboom|Swords Dance|p1b: Rillaboom\n|-boost|p1b: Rillaboom|atk|2\n|move|p1a: Hatterene|Trick Room|p1a: Hatterene\n|-fieldstart|move: Trick Room|[of] p1a: Hatterene\n|\n|-weather|SunnyDay|[upkeep]\n|-heal|p1a: Hatterene|88\/100|[from] Grassy Terrain\n|-heal|p1b: Rillaboom|88\/100|[from] Grassy Terrain\n|-sideend|p2: UY QUE RICO PAPI|move: Light Screen\n|upkeep\n|turn|7\n|\n|t:|1700446964\n|move|p1a: Hatterene|Mystical Fire|p2a: Sinistcha\n|-supereffective|p2a: Sinistcha\n|-damage|p2a: Sinistcha|0 fnt\n|faint|p2a: Sinistcha\n|move|p1b: Rillaboom|Acrobatics|p2b: Scream Tail\n|-damage|p2b: Scream Tail|76\/100\n|move|p2b: Scream Tail|Perish Song|p2b: Scream Tail\n|-start|p1a: Hatterene|perish3|[silent]\n|-start|p1b: Rillaboom|perish3|[silent]\n|-start|p2b: Scream Tail|perish3|[silent]\n|-fieldactivate|move: Perish Song\n|\n|-weather|none\n|-end|p2b: Scream Tail|Protosynthesis\n|-heal|p1a: Hatterene|94\/100|[from] Grassy Terrain\n|-heal|p1b: Rillaboom|94\/100|[from] Grassy Terrain\n|-heal|p2b: Scream Tail|83\/100|[from] Grassy Terrain\n|-start|p1a: Hatterene|perish3\n|-start|p1b: Rillaboom|perish3\n|-start|p2b: Scream Tail|perish3\n|upkeep\n|inactive|UY QUE RICO PAPI has 120 seconds left.\n|\n|t:|1700446983\n|switch|p2a: Cresselia|Cresselia, F|87\/100\n|turn|8\n|\n|t:|1700446993\n|move|p1b: Rillaboom|Grassy Glide|p2b: Scream Tail\n|-damage|p2b: Scream Tail|54\/100\n|move|p1a: Hatterene|Dazzling Gleam|p2a: Cresselia|[spread] p2a,p2b\n|-damage|p2a: Cresselia|62\/100\n|-damage|p2b: Scream Tail|30\/100\n|-enditem|p2b: Scream Tail|Sitrus Berry|[eat]\n|-heal|p2b: Scream Tail|55\/100|[from] item: Sitrus Berry\n|move|p2a: Cresselia|Light Screen|p2a: Cresselia\n|-sidestart|p2: UY QUE RICO PAPI|move: Light Screen\n|move|p2b: Scream Tail|Amnesia|p2b: Scream Tail\n|-boost|p2b: Scream Tail|spd|2\n|\n|-heal|p1a: Hatterene|99\/100|[from] Grassy Terrain\n|-heal|p1b: Rillaboom|100\/100|[from] Grassy Terrain\n|-heal|p2b: Scream Tail|61\/100|[from] Grassy Terrain\n|-start|p1a: Hatterene|perish2\n|-start|p1b: Rillaboom|perish2\n|-start|p2b: Scream Tail|perish2\n|-sideend|p2: UY QUE RICO PAPI|Reflect\n|upkeep\n|turn|9\n|inactive|UY QUE RICO PAPI has 120 seconds left.\n|\n|t:|1700447026\n|-end|p2b: Scream Tail|Protosynthesis|[silent]\n|switch|p2b: Ting-Lu|Ting-Lu|100\/100\n|-ability|p2b: Ting-Lu|Vessel of Ruin\n|move|p1b: Rillaboom|Grassy Glide|p2b: Ting-Lu\n|-supereffective|p2b: Ting-Lu\n|-damage|p2b: Ting-Lu|31\/100\n|move|p1a: Hatterene|Dazzling Gleam|p2b: Ting-Lu|[spread] p2a,p2b\n|-supereffective|p2b: Ting-Lu\n|-damage|p2a: Cresselia|50\/100\n|-damage|p2b: Ting-Lu|1\/100\n|move|p2a: Cresselia|Lunar Blessing|p2a: Cresselia|[spread] p2a,p2b\n|-heal|p2a: Cresselia|75\/100\n|-heal|p2b: Ting-Lu|26\/100\n|\n|-heal|p1a: Hatterene|100\/100|[from] Grassy Terrain\n|-heal|p2b: Ting-Lu|32\/100|[from] Grassy Terrain\n|-heal|p2b: Ting-Lu|38\/100|[from] item: Leftovers\n|-start|p1a: Hatterene|perish1\n|-start|p1b: Rillaboom|perish1\n|-sideend|p1: hahaha1337|move: Light Screen\n|-fieldend|move: Grassy Terrain\n|upkeep\n|turn|10\n|\n|t:|1700447048\n|switch|p1a: Grimmsnarl|Grimmsnarl, M, shiny|100\/100\n|-damage|p1a: Grimmsnarl|88\/100|[from] Stealth Rock\n|-damage|p1a: Grimmsnarl|76\/100|[from] Spikes\n|switch|p1b: Dondozo|Dondozo, F, shiny|100\/100\n|-damage|p1b: Dondozo|88\/100|[from] Stealth Rock\n|-damage|p1b: Dondozo|76\/100|[from] Spikes\n|move|p2b: Ting-Lu|Protect|p2b: Ting-Lu\n|-singleturn|p2b: Ting-Lu|Protect\n|move|p2a: Cresselia|Lunar Blessing|p2a: Cresselia|[spread] p2a,p2b\n|-heal|p2a: Cresselia|99\/100\n|-heal|p2b: Ting-Lu|63\/100\n|\n|-heal|p1b: Dondozo|82\/100|[from] item: Leftovers\n|-heal|p2b: Ting-Lu|69\/100|[from] item: Leftovers\n|-fieldend|move: Trick Room\n|upkeep\n|turn|11\n|\n|t:|1700447078\n|switch|p2a: Scream Tail|Scream Tail|61\/100\n|-terastallize|p2b: Ting-Lu|Poison\n|move|p1a: Grimmsnarl|Spirit Break|p2b: Ting-Lu\n|-resisted|p2b: Ting-Lu\n|-damage|p2b: Ting-Lu|61\/100\n|-unboost|p2b: Ting-Lu|spa|1\n|move|p2b: Ting-Lu|Spikes|p1a: Grimmsnarl\n|-sidestart|p1: hahaha1337|Spikes\n|move|p1b: Dondozo|Liquidation|p2b: Ting-Lu\n|-damage|p2b: Ting-Lu|44\/100\n|\n|-heal|p2b: Ting-Lu|50\/100|[from] item: Leftovers\n|-heal|p1b: Dondozo|88\/100|[from] item: Leftovers\n|-sideend|p1: hahaha1337|Reflect\n|upkeep\n|turn|12\n|inactive|hahaha1337 has 120 seconds left.\n|\n|t:|1700447112\n|move|p1a: Grimmsnarl|Light Screen|p1a: Grimmsnarl\n|-sidestart|p1: hahaha1337|move: Light Screen\n|move|p2a: Scream Tail|Perish Song|p2a: Scream Tail\n|-start|p1a: Grimmsnarl|perish3|[silent]\n|-start|p1b: Dondozo|perish3|[silent]\n|-start|p2a: Scream Tail|perish3|[silent]\n|-start|p2b: Ting-Lu|perish3|[silent]\n|-fieldactivate|move: Perish Song\n|move|p2b: Ting-Lu|Mean Look|p1b: Dondozo\n|-activate|p1b: Dondozo|trapped\n|move|p1b: Dondozo|Curse|p1b: Dondozo\n|-unboost|p1b: Dondozo|spe|1\n|-boost|p1b: Dondozo|atk|1\n|-boost|p1b: Dondozo|def|1\n|\n|-heal|p2b: Ting-Lu|57\/100|[from] item: Leftovers\n|-heal|p1b: Dondozo|94\/100|[from] item: Leftovers\n|-start|p2a: Scream Tail|perish3\n|-start|p1a: Grimmsnarl|perish3\n|-start|p2b: Ting-Lu|perish3\n|-start|p1b: Dondozo|perish3\n|-sideend|p2: UY QUE RICO PAPI|move: Light Screen\n|upkeep\n|turn|13\n|\n|t:|1700447139\n|-end|p2a: Scream Tail|Protosynthesis|[silent]\n|switch|p2a: Cresselia|Cresselia, F|99\/100\n|move|p2b: Ting-Lu|Protect|p2b: Ting-Lu\n|-singleturn|p2b: Ting-Lu|Protect\n|move|p1a: Grimmsnarl|Spirit Break|p2b: Ting-Lu\n|-activate|p2b: Ting-Lu|move: Protect\n|move|p1b: Dondozo|Liquidation|p2b: Ting-Lu\n|-activate|p2b: Ting-Lu|move: Protect\n|\n|-heal|p2b: Ting-Lu|63\/100|[from] item: Leftovers\n|-heal|p1b: Dondozo|99\/100|[from] item: Leftovers\n|-start|p1a: Grimmsnarl|perish2\n|-start|p2b: Ting-Lu|perish2\n|-start|p1b: Dondozo|perish2\n|upkeep\n|turn|14\n|inactive|UY QUE RICO PAPI has 120 seconds left.\n|\n|t:|1700447183\n|move|p2a: Cresselia|Lunar Blessing|p2a: Cresselia|[spread] p2a,p2b\n|-heal|p2a: Cresselia|100\/100\n|-heal|p2b: Ting-Lu|88\/100\n|move|p1a: Grimmsnarl|Spirit Break|p2a: Cresselia\n|-damage|p2a: Cresselia|79\/100\n|-unboost|p2a: Cresselia|spa|1\n|move|p2b: Ting-Lu|Spikes|p1b: Dondozo\n|-sidestart|p1: hahaha1337|Spikes\n|move|p1b: Dondozo|Liquidation|p2a: Cresselia\n|-damage|p2a: Cresselia|50\/100\n|\n|-heal|p2b: Ting-Lu|94\/100|[from] item: Leftovers\n|-heal|p1b: Dondozo|100\/100|[from] item: Leftovers\n|-start|p1a: Grimmsnarl|perish1\n|-start|p2b: Ting-Lu|perish1\n|-start|p1b: Dondozo|perish1\n|upkeep\n|turn|15\n|inactive|UY QUE RICO PAPI has 120 seconds left.\n|\n|t:|1700447204\n|switch|p2b: Scream Tail|Scream Tail|61\/100\n|move|p1a: Grimmsnarl|Parting Shot|p2b: Scream Tail\n|-unboost|p2b: Scream Tail|atk|1\n|-unboost|p2b: Scream Tail|spa|1\n|\n|t:|1700447207\n|switch|p1a: Hatterene|Hatterene, F, shiny|100\/100|[from] Parting Shot\n|-damage|p1a: Hatterene|88\/100|[from] Stealth Rock\n|-damage|p1a: Hatterene|64\/100|[from] Spikes\n|move|p2a: Cresselia|Lunar Blessing|p2a: Cresselia|[spread] p2a,p2b\n|-heal|p2a: Cresselia|75\/100\n|-heal|p2b: Scream Tail|86\/100\n|move|p1b: Dondozo|Liquidation|p2a: Cresselia\n|-damage|p2a: Cresselia|42\/100\n|\n|-start|p1b: Dondozo|perish0\n|faint|p1b: Dondozo\n|upkeep\n|\n|t:|1700447209\n|switch|p1b: Rillaboom|Rillaboom, M, shiny|100\/100\n|-damage|p1b: Rillaboom|88\/100|[from] Stealth Rock\n|-damage|p1b: Rillaboom|63\/100|[from] Spikes\n|-fieldstart|move: Grassy Terrain|[from] ability: Grassy Surge|[of] p1b: Rillaboom\n|turn|16\n|\n|t:|1700447231\n|move|p1b: Rillaboom|Grassy Glide|p2a: Cresselia\n|-damage|p2a: Cresselia|20\/100\n|move|p2b: Scream Tail|Perish Song|p2b: Scream Tail\n|-start|p1a: Hatterene|perish3|[silent]\n|-start|p1b: Rillaboom|perish3|[silent]\n|-start|p2a: Cresselia|perish3|[silent]\n|-start|p2b: Scream Tail|perish3|[silent]\n|-fieldactivate|move: Perish Song\n|move|p2a: Cresselia|Lunar Blessing|p2a: Cresselia|[spread] p2a,p2b\n|-heal|p2a: Cresselia|45\/100\n|-heal|p2b: Scream Tail|100\/100\n|move|p1a: Hatterene|Calm Mind|p1a: Hatterene\n|-boost|p1a: Hatterene|spa|1\n|-boost|p1a: Hatterene|spd|1\n|\n|-heal|p1b: Rillaboom|69\/100|[from] Grassy Terrain\n|-heal|p1a: Hatterene|70\/100|[from] Grassy Terrain\n|-start|p2b: Scream Tail|perish3\n|-start|p2a: Cresselia|perish3\n|-start|p1b: Rillaboom|perish3\n|-start|p1a: Hatterene|perish3\n|upkeep\n|turn|17\n|\n|t:|1700447258\n|move|p1b: Rillaboom|Grassy Glide|p2a: Cresselia\n|-damage|p2a: Cresselia|25\/100\n|move|p2b: Scream Tail|Amnesia|p2b: Scream Tail\n|-boost|p2b: Scream Tail|spd|2\n|move|p2a: Cresselia|Lunar Blessing|p2a: Cresselia|[spread] p2a,p2b\n|-heal|p2a: Cresselia|50\/100\n|move|p1a: Hatterene|Dazzling Gleam|p2b: Scream Tail|[spread] p2a,p2b\n|-damage|p2a: Cresselia|17\/100\n|-damage|p2b: Scream Tail|81\/100\n|\n|-heal|p2b: Scream Tail|87\/100|[from] Grassy Terrain\n|-heal|p1b: Rillaboom|75\/100|[from] Grassy Terrain\n|-heal|p1a: Hatterene|75\/100|[from] Grassy Terrain\n|-start|p2b: Scream Tail|perish2\n|-start|p1b: Rillaboom|perish2\n|-start|p2a: Cresselia|perish2\n|-start|p1a: Hatterene|perish2\n|upkeep\n|turn|18\n|inactive|UY QUE RICO PAPI has 120 seconds left.\n|\n|t:|1700447290\n|move|p1b: Rillaboom|Grassy Glide|p2a: Cresselia\n|-damage|p2a: Cresselia|0 fnt\n|faint|p2a: Cresselia\n|move|p2b: Scream Tail|Amnesia|p2b: Scream Tail\n|-boost|p2b: Scream Tail|spd|2\n|move|p1a: Hatterene|Dazzling Gleam|p2b: Scream Tail\n|-damage|p2b: Scream Tail|71\/100\n|\n|-heal|p2b: Scream Tail|77\/100|[from] Grassy Terrain\n|-heal|p1b: Rillaboom|82\/100|[from] Grassy Terrain\n|-heal|p1a: Hatterene|81\/100|[from] Grassy Terrain\n|-start|p2b: Scream Tail|perish1\n|-start|p1b: Rillaboom|perish1\n|-start|p1a: Hatterene|perish1\n|upkeep\n|inactive|UY QUE RICO PAPI has 120 seconds left.\n|\n|t:|1700447305\n|switch|p2a: Garganacl|Garganacl, F|100\/100\n|turn|19\n|\n|t:|1700447310\n|-end|p2b: Scream Tail|Protosynthesis|[silent]\n|switch|p2b: Ting-Lu|Ting-Lu, tera:Poison|94\/100\n|-ability|p2b: Ting-Lu|Vessel of Ruin\n|switch|p1b: Ninetales|Ninetales-Alola, F, shiny|100\/100\n|-damage|p1b: Ninetales|76\/100|[from] Stealth Rock\n|-damage|p1b: Ninetales|51\/100|[from] Spikes\n|-weather|Snow|[from] ability: Snow Warning|[of] p1b: Ninetales\n|switch|p1a: Grimmsnarl|Grimmsnarl, M, shiny|76\/100\n|-damage|p1a: Grimmsnarl|63\/100|[from] Stealth Rock\n|-damage|p1a: Grimmsnarl|38\/100|[from] Spikes\n|move|p2a: Garganacl|Curse|p2a: Garganacl\n|-unboost|p2a: Garganacl|spe|1\n|-boost|p2a: Garganacl|atk|1\n|-boost|p2a: Garganacl|def|1\n|\n|-weather|Snow|[upkeep]\n|-heal|p1b: Ninetales|57\/100|[from] Grassy Terrain\n|-heal|p1a: Grimmsnarl|44\/100|[from] Grassy Terrain\n|-heal|p2b: Ting-Lu|99\/100|[from] Grassy Terrain\n|-heal|p2b: Ting-Lu|100\/100|[from] item: Leftovers\n|-sideend|p1: hahaha1337|move: Light Screen\n|upkeep\n|turn|20\n|inactive|UY QUE RICO PAPI has 120 seconds left.\n|\n|t:|1700447344\n|move|p1a: Grimmsnarl|Reflect|p1a: Grimmsnarl\n|-sidestart|p1: hahaha1337|Reflect\n|move|p1b: Ninetales|Aurora Veil|p1b: Ninetales\n|-sidestart|p1: hahaha1337|move: Aurora Veil\n|move|p2a: Garganacl|Curse|p2a: Garganacl\n|-unboost|p2a: Garganacl|spe|1\n|-boost|p2a: Garganacl|atk|1\n|-boost|p2a: Garganacl|def|1\n|move|p2b: Ting-Lu|Whirlwind|p1b: Ninetales\n|drag|p1b: Clefable|Clefable, F, shiny|100\/100\n|-damage|p1b: Clefable|88\/100|[from] Stealth Rock\n|-damage|p1b: Clefable|63\/100|[from] Spikes\n|\n|-weather|Snow|[upkeep]\n|-heal|p1b: Clefable|69\/100|[from] Grassy Terrain\n|-heal|p1a: Grimmsnarl|50\/100|[from] Grassy Terrain\n|-heal|p1b: Clefable|75\/100|[from] item: Leftovers\n|-fieldend|move: Grassy Terrain\n|upkeep\n|turn|21\n|-message|hahaha1337 forfeited.\n|\n|win|UY QUE RICO PAPI\n|raw|hahaha1337's rating: 1330 &rarr; <strong>1307<\/strong><br \/>(-23 for losing)\n|raw|UY QUE RICO PAPI's rating: 1280 &rarr; <strong>1309<\/strong><br \/>(+29 for winning)\n|l|\u2606hahaha1337\n","uploadtime":1700447385,"views":11,"p1id":"hahaha1337","p2id":"uyquericopapi","formatid":"gen9doublesou","rating":1307,"private":0,"password":""}