{"id":"gen9doublesou-1992456491","p1":"json.f","p2":"mikeyuwu","format":"[Gen 9] Doubles OU","log":"|j|\u2606json.f\n|j|\u2606mikeyuwu\n|t:|1700189805\n|gametype|doubles\n|player|p1|json.f|guitarist-gen4|1186\n|player|p2|mikeyuwu|psychic-gen4|1211\n|teamsize|p1|6\n|teamsize|p2|6\n|gen|9\n|tier|[Gen 9] Doubles OU\n|rated|\n|rule|Species Clause: Limit one of each Pok\u00e9mon\n|rule|OHKO Clause: OHKO moves are banned\n|rule|Evasion Moves Clause: Evasion moves are banned\n|rule|Gravity Sleep Clause: The combination of sleep-inducing moves with imperfect accuracy and Gravity or Gigantamax Orbeetle are banned\n|rule|Endless Battle Clause: Forcing endless battles is banned\n|rule|HP Percentage Mod: HP is shown in percentages\n|clearpoke\n|poke|p1|Torkoal, F|\n|poke|p1|Rillaboom, F|\n|poke|p1|Tornadus, M|\n|poke|p1|Flutter Mane|\n|poke|p1|Heatran, F|\n|poke|p1|Amoonguss, M|\n|poke|p2|Garchomp, M|\n|poke|p2|Tyranitar, F|\n|poke|p2|Vaporeon, F|\n|poke|p2|Toxicroak, M|\n|poke|p2|Pelipper, F|\n|poke|p2|Abomasnow, M|\n|teampreview\n|\n|t:|1700189830\n|start\n|switch|p1a: Torkoal|Torkoal, F|100\/100\n|switch|p1b: Flutter Mane|Flutter Mane|100\/100\n|switch|p2a: OTLHPM|Toxicroak, M|100\/100\n|switch|p2b: Harmacy|Vaporeon, F|100\/100\n|-weather|SunnyDay|[from] ability: Drought|[of] p1a: Torkoal\n|-activate|p1b: Flutter Mane|ability: Protosynthesis\n|-start|p1b: Flutter Mane|protosynthesisspa\n|turn|1\n|inactive|Battle timer is ON: inactive players will automatically lose when time's up. (requested by json.f)\n|inactive|json.f has 120 seconds left.\n|\n|t:|1700189867\n|switch|p2b: Weather War|Pelipper, F|100\/100\n|-weather|RainDance|[from] ability: Drizzle|[of] p2b: Weather War\n|-end|p1b: Flutter Mane|Protosynthesis\n|switch|p1a: Amoonguss|Amoonguss, M|100\/100\n|move|p1b: Flutter Mane|Dazzling Gleam|p2b: Weather War|[spread] p2a,p2b\n|-damage|p2a: OTLHPM|46\/100\n|-damage|p2b: Weather War|34\/100\n|move|p2a: OTLHPM|Poison Jab|p1b: Flutter Mane\n|-damage|p1b: Flutter Mane|31\/100\n|\n|-weather|RainDance|[upkeep]\n|-heal|p2a: OTLHPM|58\/100|[from] ability: Dry Skin\n|-heal|p2a: OTLHPM|65\/100|[from] item: Black Sludge\n|upkeep\n|turn|2\n|\n|t:|1700189890\n|move|p1a: Amoonguss|Rage Powder|p1a: Amoonguss\n|-singleturn|p1a: Amoonguss|move: Rage Powder\n|move|p1b: Flutter Mane|Dazzling Gleam|p2b: Weather War|[spread] p2a,p2b\n|-damage|p2a: OTLHPM|7\/100\n|-damage|p2b: Weather War|0 fnt\n|faint|p2b: Weather War\n|move|p2a: OTLHPM|Earthquake|p1b: Flutter Mane|[spread] p1a,p1b\n|-damage|p1a: Amoonguss|73\/100\n|-damage|p1b: Flutter Mane|0 fnt\n|faint|p1b: Flutter Mane\n|-end|p1b: Flutter Mane|Protosynthesis|[silent]\n|\n|-weather|RainDance|[upkeep]\n|-heal|p2a: OTLHPM|19\/100|[from] ability: Dry Skin\n|-heal|p2a: OTLHPM|25\/100|[from] item: Black Sludge\n|upkeep\n|\n|t:|1700189908\n|switch|p1b: Tornadus|Tornadus, M|100\/100\n|switch|p2b: Cold Shoulder|Abomasnow, M, shiny|100\/100\n|-weather|Snow|[from] ability: Snow Warning|[of] p2b: Cold Shoulder\n|turn|3\n|\n|t:|1700189924\n|switch|p2a: Harmacy|Vaporeon, F|100\/100\n|move|p1b: Tornadus|Bleakwind Storm|p2a: Harmacy|[spread] p2a,p2b\n|-supereffective|p2b: Cold Shoulder\n|-damage|p2a: Harmacy|71\/100\n|-damage|p2b: Cold Shoulder|8\/100\n|move|p2b: Cold Shoulder|Blizzard|p1a: Amoonguss|[spread] p1a,p1b\n|-supereffective|p1a: Amoonguss\n|-supereffective|p1b: Tornadus\n|-damage|p1a: Amoonguss|37\/100\n|-damage|p1b: Tornadus|24\/100\n|-enditem|p1a: Amoonguss|Sitrus Berry|[eat]\n|-heal|p1a: Amoonguss|62\/100|[from] item: Sitrus Berry\n|move|p1a: Amoonguss|Spore|p2a: Harmacy\n|-status|p2a: Harmacy|slp|[from] move: Spore\n|\n|-weather|Snow|[upkeep]\n|-heal|p2a: Harmacy|77\/100 slp|[from] item: Leftovers\n|upkeep\n|turn|4\n|inactive|json.f has 120 seconds left.\n|\n|t:|1700189958\n|switch|p2a: ThcrThnSnkr|Tyranitar, F|100\/100\n|-weather|Sandstorm|[from] ability: Sand Stream|[of] p2a: ThcrThnSnkr\n|switch|p1a: Rillaboom|Rillaboom, F|100\/100\n|-fieldstart|move: Grassy Terrain|[from] ability: Grassy Surge|[of] p1a: Rillaboom\n|move|p1b: Tornadus|Bleakwind Storm|p2b: Cold Shoulder|[spread] p2a,p2b\n|-resisted|p2a: ThcrThnSnkr\n|-supereffective|p2b: Cold Shoulder\n|-damage|p2a: ThcrThnSnkr|95\/100\n|-damage|p2b: Cold Shoulder|0 fnt\n|faint|p2b: Cold Shoulder\n|\n|-weather|Sandstorm|[upkeep]\n|-damage|p1b: Tornadus|18\/100|[from] Sandstorm\n|-damage|p1a: Rillaboom|94\/100|[from] Sandstorm\n|-heal|p1a: Rillaboom|100\/100|[from] Grassy Terrain\n|-heal|p2a: ThcrThnSnkr|100\/100|[from] Grassy Terrain\n|upkeep\n|\n|t:|1700189971\n|switch|p2b: Extra Spicy|Garchomp, M|100\/100\n|turn|5\n|\n|t:|1700189999\n|switch|p2a: OTLHPM|Toxicroak, M|25\/100\n|move|p1a: Rillaboom|Fake Out|p2b: Extra Spicy\n|-damage|p2b: Extra Spicy|93\/100\n|-damage|p1a: Rillaboom|88\/100|[from] ability: Rough Skin|[of] p2b: Extra Spicy\n|-damage|p1a: Rillaboom|72\/100|[from] item: Rocky Helmet|[of] p2b: Extra Spicy\n|move|p1b: Tornadus|Tailwind|p1b: Tornadus\n|-sidestart|p1: json.f|move: Tailwind\n|cant|p2b: Extra Spicy|flinch\n|\n|-weather|Sandstorm|[upkeep]\n|-damage|p1b: Tornadus|12\/100|[from] Sandstorm\n|-damage|p1a: Rillaboom|65\/100|[from] Sandstorm\n|-damage|p2a: OTLHPM|19\/100|[from] Sandstorm\n|-heal|p1a: Rillaboom|72\/100|[from] Grassy Terrain\n|-heal|p2b: Extra Spicy|99\/100|[from] Grassy Terrain\n|-heal|p2a: OTLHPM|25\/100|[from] Grassy Terrain\n|-heal|p2a: OTLHPM|32\/100|[from] item: Black Sludge\n|upkeep\n|turn|6\n|inactive|json.f has 120 seconds left.\n|\n|t:|1700190039\n|switch|p1b: Torkoal|Torkoal, F|100\/100\n|-weather|SunnyDay|[from] ability: Drought|[of] p1b: Torkoal\n|move|p1a: Rillaboom|Wood Hammer|p2b: Extra Spicy\n|-damage|p2b: Extra Spicy|52\/100\n|-damage|p1a: Rillaboom|59\/100|[from] ability: Rough Skin|[of] p2b: Extra Spicy\n|-damage|p1a: Rillaboom|43\/100|[from] item: Rocky Helmet|[of] p2b: Extra Spicy\n|-damage|p1a: Rillaboom|27\/100|[from] Recoil\n|move|p2b: Extra Spicy|Poison Jab|p1a: Rillaboom\n|-supereffective|p1a: Rillaboom\n|-damage|p1a: Rillaboom|0 fnt\n|faint|p1a: Rillaboom\n|move|p2a: OTLHPM|Poison Jab|p1b: Torkoal\n|-damage|p1b: Torkoal|70\/100\n|\n|-weather|SunnyDay|[upkeep]\n|-damage|p2a: OTLHPM|19\/100|[from] ability: Dry Skin|[of] p2a: OTLHPM\n|-heal|p2b: Extra Spicy|59\/100|[from] Grassy Terrain\n|-heal|p2a: OTLHPM|25\/100|[from] Grassy Terrain\n|-heal|p2a: OTLHPM|32\/100|[from] item: Black Sludge\n|-heal|p1b: Torkoal|76\/100|[from] Grassy Terrain\n|upkeep\n|\n|t:|1700190066\n|switch|p1a: Amoonguss|Amoonguss, M|62\/100\n|turn|7\n|\n|t:|1700190076\n|switch|p2a: ThcrThnSnkr|Tyranitar, F|100\/100\n|-weather|Sandstorm|[from] ability: Sand Stream|[of] p2a: ThcrThnSnkr\n|move|p2b: Extra Spicy|Poison Jab|p1b: Torkoal\n|-damage|p1b: Torkoal|57\/100\n|-status|p1b: Torkoal|psn\n|move|p1a: Amoonguss|Spore|p2b: Extra Spicy\n|-status|p2b: Extra Spicy|slp|[from] move: Spore\n|move|p1b: Torkoal|Eruption|p2b: Extra Spicy|[spread] p2a,p2b\n|-resisted|p2a: ThcrThnSnkr\n|-resisted|p2b: Extra Spicy\n|-damage|p2a: ThcrThnSnkr|96\/100\n|-damage|p2b: Extra Spicy|44\/100 slp\n|\n|-weather|Sandstorm|[upkeep]\n|-damage|p1a: Amoonguss|56\/100|[from] Sandstorm\n|-damage|p1b: Torkoal|51\/100 psn|[from] Sandstorm\n|-heal|p2b: Extra Spicy|50\/100 slp|[from] Grassy Terrain\n|-heal|p1a: Amoonguss|62\/100|[from] Grassy Terrain\n|-heal|p2a: ThcrThnSnkr|100\/100|[from] Grassy Terrain\n|-heal|p1b: Torkoal|57\/100 psn|[from] Grassy Terrain\n|-damage|p1b: Torkoal|45\/100 psn|[from] psn\n|upkeep\n|turn|8\n|inactive|json.f has 120 seconds left.\n|\n|t:|1700190110\n|switch|p1b: Heatran|Heatran, F|100\/100\n|cant|p2b: Extra Spicy|slp\n|move|p1a: Amoonguss|Spore|p2a: ThcrThnSnkr\n|-status|p2a: ThcrThnSnkr|slp|[from] move: Spore\n|cant|p2a: ThcrThnSnkr|slp\n|\n|-weather|Sandstorm|[upkeep]\n|-damage|p1a: Amoonguss|56\/100|[from] Sandstorm\n|-heal|p2b: Extra Spicy|57\/100 slp|[from] Grassy Terrain\n|-heal|p1a: Amoonguss|62\/100|[from] Grassy Terrain\n|-sideend|p1: json.f|move: Tailwind\n|-fieldend|move: Grassy Terrain\n|upkeep\n|turn|9\n|inactive|json.f has 120 seconds left.\n|\n|t:|1700190145\n|switch|p1a: Torkoal|Torkoal, F|45\/100 psn\n|-weather|SunnyDay|[from] ability: Drought|[of] p1a: Torkoal\n|cant|p2b: Extra Spicy|slp\n|move|p1b: Heatran|Heat Wave|p2a: ThcrThnSnkr|[spread] p2a\n|-miss|p1b: Heatran|p2b: Extra Spicy\n|-resisted|p2a: ThcrThnSnkr\n|-damage|p2a: ThcrThnSnkr|89\/100 slp\n|cant|p2a: ThcrThnSnkr|slp\n|\n|-weather|SunnyDay|[upkeep]\n|-damage|p1a: Torkoal|32\/100 psn|[from] psn\n|upkeep\n|turn|10\n|inactive|json.f has 120 seconds left.\n|\n|t:|1700190170\n|switch|p2a: Harmacy|Vaporeon, F|77\/100 slp\n|-curestatus|p2b: Extra Spicy|slp|[msg]\n|move|p2b: Extra Spicy|Earthquake|p1a: Torkoal|[spread] p2a,p1a,p1b\n|-supereffective|p1a: Torkoal\n|-supereffective|p1b: Heatran\n|-damage|p2a: Harmacy|54\/100 slp\n|-damage|p1a: Torkoal|0 fnt\n|-damage|p1b: Heatran|0 fnt\n|faint|p1a: Torkoal\n|faint|p1b: Heatran\n|\n|-weather|SunnyDay|[upkeep]\n|-heal|p2a: Harmacy|60\/100 slp|[from] item: Leftovers\n|upkeep\n|\n|t:|1700190184\n|switch|p1b: Tornadus|Tornadus, M|12\/100\n|switch|p1a: Amoonguss|Amoonguss, M|62\/100\n|turn|11\n|inactive|json.f has 120 seconds left.\n|\n|t:|1700190195\n|move|p1a: Amoonguss|Rage Powder|p1a: Amoonguss\n|-singleturn|p1a: Amoonguss|move: Rage Powder\n|move|p1b: Tornadus|Bleakwind Storm|p2b: Extra Spicy|[spread] p2b\n|-miss|p1b: Tornadus|p2a: Harmacy\n|-damage|p2b: Extra Spicy|24\/100\n|move|p2b: Extra Spicy|Poison Jab|p1a: Amoonguss\n|-damage|p1a: Amoonguss|35\/100\n|-status|p2b: Extra Spicy|psn|[from] ability: Effect Spore|[of] p1a: Amoonguss\n|cant|p2a: Harmacy|slp\n|\n|-weather|SunnyDay|[upkeep]\n|-heal|p2a: Harmacy|66\/100 slp|[from] item: Leftovers\n|-damage|p2b: Extra Spicy|11\/100 psn|[from] psn\n|upkeep\n|turn|12\n|\n|t:|1700190219\n|-terastallize|p1b: Tornadus|Flying\n|-terastallize|p2a: Harmacy|Steel\n|move|p1a: Amoonguss|Rage Powder|p1a: Amoonguss\n|-singleturn|p1a: Amoonguss|move: Rage Powder\n|move|p1b: Tornadus|Bleakwind Storm|p2a: Harmacy|[spread] p2a,p2b\n|-resisted|p2a: Harmacy\n|-damage|p2a: Harmacy|48\/100 slp\n|-damage|p2b: Extra Spicy|0 fnt\n|faint|p2b: Extra Spicy\n|-curestatus|p2a: Harmacy|slp|[msg]\n|move|p2a: Harmacy|Weather Ball|p1a: Amoonguss\n|-supereffective|p1a: Amoonguss\n|-damage|p1a: Amoonguss|0 fnt\n|faint|p1a: Amoonguss\n|\n|-weather|SunnyDay|[upkeep]\n|-heal|p2a: Harmacy|54\/100|[from] item: Leftovers\n|upkeep\n|\n|t:|1700190233\n|switch|p2b: ThcrThnSnkr|Tyranitar, F|89\/100 slp\n|-weather|Sandstorm|[from] ability: Sand Stream|[of] p2b: ThcrThnSnkr\n|turn|13\n|c|\u2606mikeyuwu|Gg\n|-message|json.f forfeited.\n|\n|win|mikeyuwu\n|raw|json.f's rating: 1186 &rarr; <strong>1163<\/strong><br \/>(-23 for losing)\n|raw|mikeyuwu's rating: 1211 &rarr; <strong>1234<\/strong><br \/>(+23 for winning)\n|l|\u2606json.f\n","uploadtime":1700190253,"views":9,"p1id":"jsonf","p2id":"mikeyuwu","formatid":"gen9doublesou","rating":1163,"private":0,"password":""}