{"id":"gen9doublesou-1996355573","p1":"cotesmcgotes","p2":"PsykidStar","format":"[Gen 9] Doubles OU","log":"|j|\u2606cotesmcgotes\n|j|\u2606PsykidStar\n|t:|1700674175\n|gametype|doubles\n|player|p1|cotesmcgotes|flannery|1292\n|player|p2|PsykidStar|pokemonbreeder-gen4|1355\n|teamsize|p1|6\n|teamsize|p2|6\n|gen|9\n|tier|[Gen 9] Doubles OU\n|rated|\n|rule|Species Clause: Limit one of each Pok\u00e9mon\n|rule|OHKO Clause: OHKO moves are banned\n|rule|Evasion Moves Clause: Evasion moves are banned\n|rule|Gravity Sleep Clause: The combination of sleep-inducing moves with imperfect accuracy and Gravity or Gigantamax Orbeetle are banned\n|rule|Endless Battle Clause: Forcing endless battles is banned\n|rule|HP Percentage Mod: HP is shown in percentages\n|clearpoke\n|poke|p1|Cresselia, F|\n|poke|p1|Tornadus, M|\n|poke|p1|Overqwil, M|\n|poke|p1|Breloom, F|\n|poke|p1|Walking Wake|\n|poke|p1|Ogerpon-Hearthflame, F|\n|poke|p2|Skeledirge, M|\n|poke|p2|Farigiraf, F|\n|poke|p2|Tinkaton, F|\n|poke|p2|Baxcalibur, M|\n|poke|p2|Goodra-Hisui, F|\n|poke|p2|Gliscor, M|\n|teampreview\n|inactive|Battle timer is ON: inactive players will automatically lose when time's up. (requested by cotesmcgotes)\n|inactive|PsykidStar has 120 seconds left.\n|inactive|PsykidStar has 90 seconds left.\n|\n|t:|1700674252\n|start\n|switch|p1a: Overqwil|Overqwil, M|100\/100\n|switch|p1b: Breloom|Breloom, F|100\/100\n|switch|p2a: Farigiraf|Farigiraf, F|100\/100\n|switch|p2b: Skeledirge|Skeledirge, M|100\/100\n|turn|1\n|inactive|PsykidStar has 120 seconds left.\n|\n|t:|1700674308\n|-terastallize|p2a: Farigiraf|Fairy\n|move|p1a: Overqwil|Crunch|p2a: Farigiraf\n|-resisted|p2a: Farigiraf\n|-damage|p2a: Farigiraf|78\/100\n|move|p1b: Breloom|Spore|p2b: Skeledirge\n|-status|p2b: Skeledirge|slp|[from] move: Spore\n|cant|p2b: Skeledirge|slp\n|move|p2a: Farigiraf|Dazzling Gleam|p1a: Overqwil|[spread] p1a,p1b\n|-supereffective|p1b: Breloom\n|-damage|p1a: Overqwil|52\/100\n|-damage|p1b: Breloom|0 fnt\n|faint|p1b: Breloom\n|\n|-heal|p1a: Overqwil|58\/100|[from] item: Black Sludge\n|upkeep\n|\n|t:|1700674327\n|switch|p1b: Cresselia|Cresselia, F, shiny|100\/100\n|turn|2\n|inactive|PsykidStar has 120 seconds left.\n|inactive|PsykidStar has 90 seconds left.\n|\n|t:|1700674370\n|-terastallize|p1b: Cresselia|Electric\n|move|p1a: Overqwil|Acupressure|p1b: Cresselia\n|-boost|p1b: Cresselia|spd|2\n|move|p1b: Cresselia|Calm Mind|p1b: Cresselia\n|-boost|p1b: Cresselia|spa|1\n|-boost|p1b: Cresselia|spd|1\n|cant|p2b: Skeledirge|slp\n|move|p2a: Farigiraf|Dazzling Gleam|p1a: Overqwil|[spread] p1a,p1b\n|-damage|p1a: Overqwil|12\/100\n|-damage|p1b: Cresselia|93\/100\n|\n|-heal|p1a: Overqwil|18\/100|[from] item: Black Sludge\n|-heal|p1b: Cresselia|99\/100|[from] item: Leftovers\n|upkeep\n|turn|3\n|\n|t:|1700674391\n|move|p1a: Overqwil|Acupressure|p1b: Cresselia\n|-boost|p1b: Cresselia|spe|2\n|move|p1b: Cresselia|Stored Power|p2a: Farigiraf\n|-damage|p2a: Farigiraf|0 fnt\n|faint|p2a: Farigiraf\n|-curestatus|p2b: Skeledirge|slp|[msg]\n|move|p2b: Skeledirge|Snarl|p1a: Overqwil|[spread] p1a,p1b\n|-resisted|p1a: Overqwil\n|-damage|p1a: Overqwil|7\/100\n|-damage|p1b: Cresselia|89\/100\n|-unboost|p1a: Overqwil|spa|1\n|-unboost|p1b: Cresselia|spa|1\n|-enditem|p2b: Skeledirge|Throat Spray\n|-boost|p2b: Skeledirge|spa|1|[from] item: Throat Spray\n|\n|-heal|p1b: Cresselia|95\/100|[from] item: Leftovers\n|-heal|p1a: Overqwil|13\/100|[from] item: Black Sludge\n|upkeep\n|inactive|PsykidStar has 90 seconds left.\n|\n|t:|1700674411\n|switch|p2a: Tinkaton|Tinkaton, F|100\/100\n|turn|4\n|\n|t:|1700674419\n|move|p2a: Tinkaton|Fake Out|p1a: Overqwil\n|-damage|p1a: Overqwil|0 fnt\n|faint|p1a: Overqwil\n|move|p1b: Cresselia|Calm Mind|p1b: Cresselia\n|-boost|p1b: Cresselia|spa|1\n|-boost|p1b: Cresselia|spd|1\n|move|p2b: Skeledirge|Snarl|p1b: Cresselia|[miss]\n|-miss|p2b: Skeledirge|p1b: Cresselia\n|\n|-heal|p1b: Cresselia|100\/100|[from] item: Leftovers\n|upkeep\n|\n|t:|1700674433\n|switch|p1a: Ogerpon|Ogerpon-Hearthflame, F|100\/100\n|-ability|p1a: Ogerpon|Mold Breaker\n|turn|5\n|inactive|PsykidStar has 120 seconds left.\n|\n|t:|1700674453\n|move|p1b: Cresselia|Stored Power|p2b: Skeledirge\n|-crit|p2b: Skeledirge\n|-damage|p2b: Skeledirge|9\/100\n|move|p1a: Ogerpon|Ivy Cudgel|p2a: Tinkaton|[anim] Ivy Cudgel Fire\n|-supereffective|p2a: Tinkaton\n|-damage|p2a: Tinkaton|0 fnt\n|faint|p2a: Tinkaton\n|move|p2b: Skeledirge|Earth Power|p1a: Ogerpon\n|-damage|p1a: Ogerpon|51\/100\n|\n|upkeep\n|inactive|PsykidStar has 120 seconds left.\n|-message|PsykidStar forfeited.\n|\n|win|cotesmcgotes\n|raw|cotesmcgotes's rating: 1292 &rarr; <strong>1321<\/strong><br \/>(+29 for winning)\n|raw|PsykidStar's rating: 1355 &rarr; <strong>1331<\/strong><br \/>(-24 for losing)\n|l|\u2606PsykidStar\n","uploadtime":1700674475,"views":6,"p1id":"cotesmcgotes","p2id":"psykidstar","formatid":"gen9doublesou","rating":1321,"private":0,"password":""}