{"id":"gen9doublesou-2000246526","p1":"micromomo","p2":"kulozuzyo1","format":"[Gen 9] Doubles OU","log":"|j|\u2606micromomo\n|j|\u2606kulozuzyo1\n|t:|1701177112\n|gametype|doubles\n|player|p1|micromomo|red|1453\n|player|p2|kulozuzyo1|steven|1543\n|teamsize|p1|6\n|teamsize|p2|6\n|gen|9\n|tier|[Gen 9] Doubles OU\n|rated|\n|rule|Species Clause: Limit one of each Pok\u00e9mon\n|rule|OHKO Clause: OHKO moves are banned\n|rule|Evasion Moves Clause: Evasion moves are banned\n|rule|Gravity Sleep Clause: The combination of sleep-inducing moves with imperfect accuracy and Gravity or Gigantamax Orbeetle are banned\n|rule|Endless Battle Clause: Forcing endless battles is banned\n|rule|HP Percentage Mod: HP is shown in percentages\n|clearpoke\n|poke|p1|Azumarill, F|\n|poke|p1|Farigiraf, F|\n|poke|p1|Iron Hands|\n|poke|p1|Heatran, M|\n|poke|p1|Amoonguss, F|\n|poke|p1|Kingambit, M|\n|poke|p2|Wo-Chien|\n|poke|p2|Hatterene, F|\n|poke|p2|Sinistcha-Masterpiece|\n|poke|p2|Glimmora, M|\n|poke|p2|Heatran, M|\n|poke|p2|Landorus-Therian, M|\n|teampreview\n|\n|t:|1701177126\n|start\n|switch|p1a: exegguter(:|Farigiraf, F|100\/100\n|switch|p1b: totally charizard|Heatran, M|100\/100\n|switch|p2a: Wo-Chien|Wo-Chien|100\/100\n|switch|p2b: Landorus|Landorus-Therian, M|100\/100\n|-ability|p2b: Landorus|Intimidate|boost\n|-unboost|p1a: exegguter(:|atk|1\n|-unboost|p1b: totally charizard|atk|1\n|-item|p1b: totally charizard|Air Balloon\n|-ability|p2a: Wo-Chien|Tablets of Ruin\n|turn|1\n|j| skonk\n|c| skonk|hello there chaps\n|c| skonk|lets all have fun\n|c|\u2606micromomo|thx mate you too\n|\n|t:|1701177159\n|-terastallize|p2a: Wo-Chien|Poison\n|-terastallize|p1a: exegguter(:|Grass\n|move|p2b: Landorus|Rock Slide|p1a: exegguter(:|[spread] p1b\n|-miss|p2b: Landorus|p1a: exegguter(:\n|-damage|p1b: totally charizard|88\/100\n|-enditem|p1b: totally charizard|Air Balloon\n|cant|p1b: totally charizard|flinch\n|move|p2a: Wo-Chien|Leech Seed|p1b: totally charizard\n|-start|p1b: totally charizard|move: Leech Seed\n|move|p1a: exegguter(:|Trick Room|p1a: exegguter(:\n|-fieldstart|move: Trick Room|[of] p1a: exegguter(:\n|\n|-damage|p1b: totally charizard|75\/100|[from] Leech Seed|[of] p2a: Wo-Chien\n|upkeep\n|turn|2\n|\n|t:|1701177194\n|switch|p1b: bassicly parasect|Amoonguss, F|100\/100\n|move|p1a: exegguter(:|Psychic|p2a: Wo-Chien\n|-supereffective|p2a: Wo-Chien\n|-damage|p2a: Wo-Chien|60\/100\n|move|p2a: Wo-Chien|Knock Off|p1a: exegguter(:\n|-damage|p1a: exegguter(:|75\/100\n|-enditem|p1a: exegguter(:|Aguav Berry|[from] move: Knock Off|[of] p2a: Wo-Chien\n|move|p2b: Landorus|Stomping Tantrum|p1b: bassicly parasect\n|-damage|p1b: bassicly parasect|66\/100\n|\n|-heal|p1b: bassicly parasect|72\/100|[from] item: Leftovers\n|-heal|p2a: Wo-Chien|66\/100|[from] item: Leftovers\n|upkeep\n|turn|3\n|\n|t:|1701177211\n|switch|p2a: Hatterene|Hatterene, F|100\/100\n|switch|p2b: Sinistcha|Sinistcha-Masterpiece|100\/100\n|move|p1b: bassicly parasect|Spore|p2b: Sinistcha\n|-immune|p2b: Sinistcha\n|move|p1a: exegguter(:|Hyper Voice|p2b: Sinistcha|[spread] p2a\n|-immune|p2b: Sinistcha\n|-damage|p2a: Hatterene|67\/100\n|\n|-heal|p1b: bassicly parasect|78\/100|[from] item: Leftovers\n|upkeep\n|turn|4\n|\n|t:|1701177236\n|move|p1b: bassicly parasect|Protect|p1b: bassicly parasect\n|-singleturn|p1b: bassicly parasect|Protect\n|move|p2a: Hatterene|Psyshock|p1b: bassicly parasect\n|-activate|p1b: bassicly parasect|move: Protect\n|move|p1a: exegguter(:|Energy Ball|p2a: Hatterene\n|-damage|p2a: Hatterene|26\/100\n|move|p2b: Sinistcha|Shadow Ball|p1b: bassicly parasect\n|-activate|p1b: bassicly parasect|move: Protect\n|\n|-heal|p1b: bassicly parasect|85\/100|[from] item: Leftovers\n|upkeep\n|turn|5\n|\n|t:|1701177262\n|switch|p1b: golem????|Kingambit, M|100\/100\n|move|p2a: Hatterene|Psyshock|p1a: exegguter(:\n|-damage|p1a: exegguter(:|36\/100\n|move|p1a: exegguter(:|Energy Ball|p2a: Hatterene\n|-damage|p2a: Hatterene|0 fnt\n|faint|p2a: Hatterene\n|move|p2b: Sinistcha|Shadow Ball|p1a: exegguter(:\n|-damage|p1a: exegguter(:|0 fnt\n|faint|p1a: exegguter(:\n|\n|-fieldend|move: Trick Room\n|upkeep\n|\n|t:|1701177280\n|switch|p1a: bassicly parasect|Amoonguss, F|85\/100\n|switch|p2a: Landorus|Landorus-Therian, M|100\/100\n|-ability|p2a: Landorus|Intimidate|boost\n|-unboost|p1a: bassicly parasect|atk|1\n|-unboost|p1b: golem????|atk|1\n|-ability|p1b: golem????|Defiant|boost\n|-boost|p1b: golem????|atk|2\n|turn|6\n|\n|t:|1701177292\n|move|p2a: Landorus|Brick Break|p1b: golem????\n|-supereffective|p1b: golem????\n|-damage|p1b: golem????|15\/100\n|move|p2b: Sinistcha|Shadow Ball|p1b: golem????\n|-resisted|p1b: golem????\n|-damage|p1b: golem????|0 fnt\n|faint|p1b: golem????\n|move|p1a: bassicly parasect|Spore|p2a: Landorus\n|-status|p2a: Landorus|slp|[from] move: Spore\n|\n|-heal|p1a: bassicly parasect|91\/100|[from] item: Leftovers\n|upkeep\n|\n|t:|1701177303\n|switch|p1b: totally charizard|Heatran, M|75\/100\n|turn|7\n|\n|t:|1701177320\n|cant|p2a: Landorus|slp\n|move|p1b: totally charizard|Heat Wave|p2a: Landorus|[spread] p2a\n|-miss|p1b: totally charizard|p2b: Sinistcha\n|-damage|p2a: Landorus|69\/100 slp\n|move|p2b: Sinistcha|Shadow Ball|p1b: totally charizard\n|-damage|p1b: totally charizard|37\/100\n|-unboost|p1b: totally charizard|spd|1\n|move|p1a: bassicly parasect|Sludge Bomb|p2a: Landorus\n|-resisted|p2a: Landorus\n|-damage|p2a: Landorus|53\/100 slp\n|\n|-heal|p1a: bassicly parasect|97\/100|[from] item: Leftovers\n|upkeep\n|turn|8\n|c| skonk|ooof\n|\n|t:|1701177340\n|move|p1b: totally charizard|Protect|p1b: totally charizard\n|-singleturn|p1b: totally charizard|Protect\n|cant|p2a: Landorus|slp\n|move|p2b: Sinistcha|Shadow Ball|p1b: totally charizard\n|-activate|p1b: totally charizard|move: Protect\n|move|p1a: bassicly parasect|Energy Ball|p2a: Landorus\n|-damage|p2a: Landorus|23\/100 slp\n|\n|-heal|p1a: bassicly parasect|100\/100|[from] item: Leftovers\n|upkeep\n|turn|9\n|\n|t:|1701177360\n|switch|p1b: machoke...|Iron Hands|100\/100\n|-enditem|p1b: machoke...|Booster Energy\n|-activate|p1b: machoke...|ability: Quark Drive|[fromitem]\n|-start|p1b: machoke...|quarkdriveatk\n|-curestatus|p2a: Landorus|slp|[msg]\n|move|p2a: Landorus|Stomping Tantrum|p1b: machoke...\n|-supereffective|p1b: machoke...\n|-damage|p1b: machoke...|1\/100\n|move|p2b: Sinistcha|Shadow Ball|p1b: machoke...\n|-damage|p1b: machoke...|0 fnt\n|faint|p1b: machoke...\n|-end|p1b: machoke...|Quark Drive|[silent]\n|move|p1a: bassicly parasect|Energy Ball|p2a: Landorus\n|-damage|p2a: Landorus|0 fnt\n|faint|p2a: Landorus\n|\n|upkeep\n|c| skonk|gosh\n|c|\u2606micromomo|nooo machoke\n|\n|t:|1701177377\n|switch|p2a: Heatran|Heatran, M|100\/100\n|switch|p1b: totally charizard|Heatran, M|37\/100\n|turn|10\n|\n|t:|1701177387\n|move|p1b: totally charizard|Flash Cannon|p2b: Sinistcha\n|-damage|p2b: Sinistcha|51\/100\n|move|p2b: Sinistcha|Shadow Ball|p1b: totally charizard\n|-damage|p1b: totally charizard|0 fnt\n|faint|p1b: totally charizard\n|move|p2a: Heatran|Earth Power|p1a: bassicly parasect\n|-damage|p1a: bassicly parasect|76\/100\n|move|p1a: bassicly parasect|Spore|p2a: Heatran\n|-status|p2a: Heatran|slp|[from] move: Spore\n|\n|-heal|p1a: bassicly parasect|82\/100|[from] item: Leftovers\n|upkeep\n|\n|t:|1701177399\n|switch|p1b: pikachu!|Azumarill, F, shiny|100\/100\n|turn|11\n|\n|t:|1701177413\n|move|p2b: Sinistcha|Matcha Gotcha|p1a: bassicly parasect|[spread] p1a,p1b\n|-resisted|p1a: bassicly parasect\n|-supereffective|p1b: pikachu!\n|-damage|p1a: bassicly parasect|75\/100\n|-heal|p2b: Sinistcha|55\/100|[from] drain|[of] p1a: bassicly parasect\n|-damage|p1b: pikachu!|31\/100\n|-heal|p2b: Sinistcha|92\/100|[from] drain|[of] p1b: pikachu!\n|-enditem|p1b: pikachu!|Sitrus Berry|[eat]\n|-heal|p1b: pikachu!|56\/100|[from] item: Sitrus Berry\n|cant|p2a: Heatran|slp\n|move|p1b: pikachu!|Aqua Tail|p2a: Heatran\n|-supereffective|p2a: Heatran\n|-damage|p2a: Heatran|28\/100 slp\n|move|p1a: bassicly parasect|Sludge Bomb|p2b: Sinistcha\n|-damage|p2b: Sinistcha|51\/100\n|-status|p2b: Sinistcha|psn\n|\n|-heal|p1a: bassicly parasect|81\/100|[from] item: Leftovers\n|-damage|p2b: Sinistcha|39\/100 psn|[from] psn\n|upkeep\n|turn|12\n|\n|t:|1701177435\n|move|p1b: pikachu!|Aqua Jet|p2a: Heatran\n|-supereffective|p2a: Heatran\n|-damage|p2a: Heatran|0 fnt\n|faint|p2a: Heatran\n|move|p2b: Sinistcha|Matcha Gotcha|p1b: pikachu!|[spread] p1a,p1b\n|-resisted|p1a: bassicly parasect\n|-supereffective|p1b: pikachu!\n|-damage|p1a: bassicly parasect|74\/100\n|-heal|p2b: Sinistcha|43\/100 psn|[from] drain|[of] p1a: bassicly parasect\n|-damage|p1b: pikachu!|0 fnt\n|-heal|p2b: Sinistcha|72\/100 psn|[from] drain|[of] p1b: pikachu!\n|-status|p1a: bassicly parasect|brn\n|faint|p1b: pikachu!\n|move|p1a: bassicly parasect|Sludge Bomb|p2b: Sinistcha\n|-damage|p2b: Sinistcha|28\/100 psn\n|\n|-heal|p1a: bassicly parasect|80\/100 brn|[from] item: Leftovers\n|-damage|p2b: Sinistcha|15\/100 psn|[from] psn\n|-damage|p1a: bassicly parasect|74\/100 brn|[from] brn\n|upkeep\n|\n|t:|1701177457\n|switch|p2a: Wo-Chien|Wo-Chien, tera:Poison|66\/100\n|-ability|p2a: Wo-Chien|Tablets of Ruin\n|turn|13\n|\n|t:|1701177467\n|move|p1a: bassicly parasect|Protect|p1a: bassicly parasect\n|-singleturn|p1a: bassicly parasect|Protect\n|move|p2b: Sinistcha|Strength Sap|p2a: Wo-Chien\n|-unboost|p2a: Wo-Chien|atk|1\n|-heal|p2b: Sinistcha|75\/100 psn\n|move|p2a: Wo-Chien|Knock Off|p1a: bassicly parasect\n|-activate|p1a: bassicly parasect|move: Protect\n|\n|-heal|p2a: Wo-Chien|72\/100|[from] item: Leftovers\n|-heal|p1a: bassicly parasect|80\/100 brn|[from] item: Leftovers\n|-damage|p2b: Sinistcha|63\/100 psn|[from] psn\n|-damage|p1a: bassicly parasect|74\/100 brn|[from] brn\n|upkeep\n|turn|14\n|c| skonk|gg gents\n|c| skonk|i had fun\n|l| skonk\n|c|\u2606micromomo|gg dude\n|\n|t:|1701177486\n|move|p2b: Sinistcha|Shadow Ball|p1a: bassicly parasect\n|-damage|p1a: bassicly parasect|36\/100 brn\n|move|p2a: Wo-Chien|Knock Off|p1a: bassicly parasect\n|-damage|p1a: bassicly parasect|15\/100 brn\n|-enditem|p1a: bassicly parasect|Leftovers|[from] move: Knock Off|[of] p2a: Wo-Chien\n|move|p1a: bassicly parasect|Sludge Bomb|p2b: Sinistcha\n|-damage|p2b: Sinistcha|22\/100 psn\n|\n|-heal|p2a: Wo-Chien|78\/100|[from] item: Leftovers\n|-damage|p2b: Sinistcha|10\/100 psn|[from] psn\n|-damage|p1a: bassicly parasect|9\/100 brn|[from] brn\n|upkeep\n|turn|15\n|\n|t:|1701177505\n|move|p2a: Wo-Chien|Pollen Puff|p2b: Sinistcha\n|-heal|p2b: Sinistcha|60\/100 psn\n|move|p2b: Sinistcha|Shadow Ball|p1a: bassicly parasect\n|-damage|p1a: bassicly parasect|0 fnt\n|faint|p1a: bassicly parasect\n|\n|win|kulozuzyo1\n|raw|micromomo's rating: 1453 &rarr; <strong>1438<\/strong><br \/>(-15 for losing)\n|raw|kulozuzyo1's rating: 1543 &rarr; <strong>1558<\/strong><br \/>(+15 for winning)\n|l|\u2606micromomo\n|c|\u2606kulozuzyo1|Gg\n","uploadtime":1701177571,"views":16,"p1id":"micromomo","p2id":"kulozuzyo1","formatid":"gen9doublesou","rating":1438,"private":0,"password":""}