{"id":"gen9doublesou-1984162890","p1":"fabianclaros","p2":"DreamyFleur","format":"[Gen 9] Doubles OU","log":"|j|\u2606fabianclaros\n|j|\u2606DreamyFleur\n|inactive|Battle timer is ON: inactive players will automatically lose when time's up.\n|t:|1699225283\n|gametype|doubles\n|player|p1|fabianclaros|volkner|\n|player|p2|DreamyFleur|tulip|\n|teamsize|p1|6\n|teamsize|p2|6\n|gen|9\n|tier|[Gen 9] Doubles OU\n|rated|Tournament battle\n|rule|Species Clause: Limit one of each Pok\u00e9mon\n|rule|OHKO Clause: OHKO moves are banned\n|rule|Evasion Moves Clause: Evasion moves are banned\n|rule|Gravity Sleep Clause: The combination of sleep-inducing moves with imperfect accuracy and Gravity or Gigantamax Orbeetle are banned\n|rule|Endless Battle Clause: Forcing endless battles is banned\n|rule|HP Percentage Mod: HP is shown in percentages\n|clearpoke\n|poke|p1|Litwick, M|\n|poke|p1|Misdreavus, F|\n|poke|p1|Swinub, M|\n|poke|p1|Pawmot, M|\n|poke|p1|Hydreigon, F|\n|poke|p1|Croagunk, M|\n|poke|p2|Cinderace, F|\n|poke|p2|Buizel, F|\n|poke|p2|Phanpy, F|\n|poke|p2|Amoonguss, F|\n|poke|p2|Piplup, M|\n|poke|p2|Sprigatito, M|\n|teampreview\n|j|*Lady Monita \u263d\n|inactive|DreamyFleur also wants the timer to be on.\n|j| Nitrobinet\n|\n|t:|1699225307\n|start\n|switch|p1a: Croagunk|Croagunk, M|100\/100\n|switch|p1b: Swinub|Swinub, M, shiny|100\/100\n|switch|p2a: Cinderace|Cinderace, F, shiny|100\/100\n|switch|p2b: Buizel|Buizel, F, shiny|100\/100\n|turn|1\n|\n|t:|1699225320\n|move|p1a: Croagunk|Fake Out|p2a: Cinderace\n|-damage|p2a: Cinderace|86\/100\n|-status|p2a: Cinderace|psn|[from] ability: Poison Touch|[of] p1a: Croagunk\n|cant|p2a: Cinderace|flinch\n|move|p2b: Buizel|Waterfall|p1a: Croagunk\n|-damage|p1a: Croagunk|57\/100\n|move|p1b: Swinub|Stealth Rock|p2a: Cinderace\n|-sidestart|p2: DreamyFleur|move: Stealth Rock\n|\n|-heal|p2a: Cinderace|92\/100 psn|[from] item: Leftovers\n|-damage|p2a: Cinderace|80\/100 psn|[from] psn\n|upkeep\n|turn|2\n|\n|t:|1699225334\n|move|p2a: Cinderace|Pyro Ball|p1b: Swinub\n|-supereffective|p1b: Swinub\n|-crit|p1b: Swinub\n|-damage|p1b: Swinub|29\/100\n|move|p2b: Buizel|Waterfall|p1a: Croagunk\n|-damage|p1a: Croagunk|8\/100\n|move|p1b: Swinub|Stealth Rock||[still]\n|-fail|p1b: Swinub\n|move|p1a: Croagunk|Knock Off|p2b: Buizel\n|-damage|p2b: Buizel|56\/100\n|-enditem|p2b: Buizel|Eviolite|[from] move: Knock Off|[of] p1a: Croagunk\n|\n|-heal|p2a: Cinderace|86\/100 psn|[from] item: Leftovers\n|-damage|p2a: Cinderace|74\/100 psn|[from] psn\n|upkeep\n|turn|3\n|\n|t:|1699225342\n|move|p1b: Swinub|Protect|p1b: Swinub\n|-singleturn|p1b: Swinub|Protect\n|move|p2b: Buizel|Aqua Jet|p1a: Croagunk\n|-damage|p1a: Croagunk|0 fnt\n|faint|p1a: Croagunk\n|move|p2a: Cinderace|Iron Head|p1b: Swinub\n|-start|p2a: Cinderace|typechange|Steel|[from] ability: Libero\n|-activate|p1b: Swinub|move: Protect\n|\n|-heal|p2a: Cinderace|80\/100 psn|[from] item: Leftovers\n|-damage|p2a: Cinderace|67\/100 psn|[from] psn\n|upkeep\n|\n|t:|1699225352\n|switch|p1a: Litwick|Litwick, M|100\/100\n|turn|4\n|\n|t:|1699225358\n|move|p2a: Cinderace|Iron Head|p1b: Swinub\n|-supereffective|p1b: Swinub\n|-damage|p1b: Swinub|0 fnt\n|faint|p1b: Swinub\n|move|p2b: Buizel|Waterfall|p1a: Litwick\n|-supereffective|p1a: Litwick\n|-damage|p1a: Litwick|29\/100\n|cant|p1a: Litwick|flinch\n|\n|-heal|p2a: Cinderace|73\/100 psn|[from] item: Leftovers\n|-damage|p2a: Cinderace|61\/100 psn|[from] psn\n|upkeep\n|\n|t:|1699225366\n|switch|p1b: Pawmot|Pawmot, M, shiny|100\/100\n|turn|5\n|\n|t:|1699225380\n|move|p1b: Pawmot|Fake Out|p2b: Buizel\n|-damage|p2b: Buizel|19\/100\n|cant|p2b: Buizel|flinch\n|move|p2a: Cinderace|Pyro Ball|p1b: Pawmot\n|-damage|p1b: Pawmot|41\/100\n|move|p1a: Litwick|Heat Wave|p2b: Buizel|[spread] p2a,p2b\n|-supereffective|p2a: Cinderace\n|-resisted|p2b: Buizel\n|-damage|p2a: Cinderace|0 fnt\n|-damage|p2b: Buizel|0 fnt\n|faint|p2a: Cinderace\n|faint|p2b: Buizel\n|\n|upkeep\n|\n|t:|1699225390\n|switch|p2a: Phanpy|Phanpy, F, shiny|100\/100\n|switch|p2b: Sprigatito|Sprigatito, M, shiny|100\/100\n|-damage|p2b: Sprigatito|88\/100|[from] Stealth Rock\n|-damage|p2a: Phanpy|94\/100|[from] Stealth Rock\n|turn|6\n|\n|t:|1699225400\n|switch|p1b: Misdreavus|Misdreavus, F|100\/100\n|move|p2b: Sprigatito|Sucker Punch|p1a: Litwick\n|-start|p2b: Sprigatito|typechange|Dark|[from] ability: Protean\n|-supereffective|p1a: Litwick\n|-damage|p1a: Litwick|0 fnt\n|faint|p1a: Litwick\n|move|p2a: Phanpy|Earthquake|p1b: Misdreavus|[spread] p2b\n|-immune|p1b: Misdreavus|[from] ability: Levitate\n|-damage|p2b: Sprigatito|56\/100\n|\n|upkeep\n|\n|t:|1699225417\n|switch|p1a: Pawmot|Pawmot, M, shiny|41\/100\n|turn|7\n|\n|t:|1699225426\n|move|p1a: Pawmot|Revival Blessing|p1a: Pawmot\n|-enditem|p1a: Pawmot|Leppa Berry|[eat]\n|-activate|p1a: Pawmot|item: Leppa Berry|Revival Blessing|[consumed]\n|\n|t:|1699225429\n|-heal|p1: Croagunk|50\/100|[from] move: Revival Blessing\n|move|p1b: Misdreavus|Icy Wind|p2b: Sprigatito|[spread] p2a,p2b\n|-supereffective|p2a: Phanpy\n|-damage|p2a: Phanpy|68\/100\n|-damage|p2b: Sprigatito|39\/100\n|-unboost|p2a: Phanpy|spe|1\n|-unboost|p2b: Sprigatito|spe|1\n|move|p2b: Sprigatito|Play Rough|p1a: Pawmot\n|-supereffective|p1a: Pawmot\n|-damage|p1a: Pawmot|0 fnt\n|faint|p1a: Pawmot\n|move|p2a: Phanpy|Knock Off|p1b: Misdreavus\n|-supereffective|p1b: Misdreavus\n|-damage|p1b: Misdreavus|41\/100\n|-enditem|p1b: Misdreavus|Eviolite|[from] move: Knock Off|[of] p2a: Phanpy\n|\n|upkeep\n|\n|t:|1699225436\n|switch|p1a: Croagunk|Croagunk, M|50\/100\n|turn|8\n|\n|t:|1699225442\n|move|p1a: Croagunk|Fake Out|p2a: Phanpy\n|-damage|p2a: Phanpy|61\/100\n|move|p2b: Sprigatito|Sucker Punch|p1b: Misdreavus\n|-supereffective|p1b: Misdreavus\n|-damage|p1b: Misdreavus|0 fnt\n|faint|p1b: Misdreavus\n|cant|p2a: Phanpy|flinch\n|\n|upkeep\n|\n|t:|1699225446\n|switch|p1b: Hydreigon|Hydreigon, F, shiny|100\/100\n|turn|9\n|\n|t:|1699225456\n|move|p1b: Hydreigon|Dragon Pulse|p2a: Phanpy\n|-damage|p2a: Phanpy|0 fnt\n|faint|p2a: Phanpy\n|move|p1a: Croagunk|Drain Punch|p2b: Sprigatito\n|-supereffective|p2b: Sprigatito\n|-damage|p2b: Sprigatito|0 fnt\n|-heal|p1a: Croagunk|69\/100|[from] drain|[of] p2b: Sprigatito\n|faint|p2b: Sprigatito\n|\n|upkeep\n|\n|t:|1699225460\n|switch|p2b: Piplup|Piplup, M, shiny|100\/100\n|switch|p2a: Amoonguss|Amoonguss, F, shiny|100\/100\n|-damage|p2b: Piplup|88\/100|[from] Stealth Rock\n|-damage|p2a: Amoonguss|88\/100|[from] Stealth Rock\n|turn|10\n|\n|t:|1699225479\n|-terastallize|p1b: Hydreigon|Steel\n|move|p1b: Hydreigon|Dragon Pulse|p2a: Amoonguss\n|-damage|p2a: Amoonguss|40\/100\n|-enditem|p2a: Amoonguss|Sitrus Berry|[eat]\n|-heal|p2a: Amoonguss|65\/100|[from] item: Sitrus Berry\n|move|p1a: Croagunk|Knock Off|p2a: Amoonguss\n|-damage|p2a: Amoonguss|52\/100\n|move|p2b: Piplup|Ice Beam|p1b: Hydreigon\n|-resisted|p1b: Hydreigon\n|-damage|p1b: Hydreigon|93\/100\n|-status|p1b: Hydreigon|frz\n|move|p2a: Amoonguss|Spore||[still]\n|-fail|p2a: Amoonguss\n|\n|upkeep\n|turn|11\n|\n|t:|1699225493\n|-curestatus|p1b: Hydreigon|frz|[msg]\n|move|p1b: Hydreigon|Dragon Pulse|p2a: Amoonguss\n|-damage|p2a: Amoonguss|0 fnt\n|faint|p2a: Amoonguss\n|move|p1a: Croagunk|Knock Off|p2b: Piplup\n|-damage|p2b: Piplup|59\/100\n|-enditem|p2b: Piplup|Eviolite|[from] move: Knock Off|[of] p1a: Croagunk\n|move|p2b: Piplup|Hydro Pump|p1a: Croagunk\n|-damage|p1a: Croagunk|31\/100\n|\n|upkeep\n|turn|12\n|-message|DreamyFleur forfeited.\n|\n|win|fabianclaros\n|n|\u2606fabianclaros|fabianclaros\n|n|\u2606DreamyFleur|dreamyfleur\n|n|*Lady Monita \u263d|ladymonita\n|n| Nitrobinet|nitrobinet\n","uploadtime":1699225502,"views":8,"p1id":"fabianclaros","p2id":"dreamyfleur","formatid":"gen9doublesou","rating":0,"private":0,"password":""}