{"id":"gen9doublesou-1975122187","p1":"jvoucut","p2":"SXD2002","format":"[Gen 9] Doubles OU","log":"|j|\u2606jvoucut\n|j|\u2606SXD2002\n|t:|1698163606\n|gametype|doubles\n|player|p1|jvoucut|ghetsis|1045\n|player|p2|SXD2002|silver-masters|1032\n|teamsize|p1|6\n|teamsize|p2|6\n|gen|9\n|tier|[Gen 9] Doubles OU\n|rated|\n|rule|Species Clause: Limit one of each Pok\u00e9mon\n|rule|OHKO Clause: OHKO moves are banned\n|rule|Evasion Moves Clause: Evasion moves are banned\n|rule|Gravity Sleep Clause: The combination of sleep-inducing moves with imperfect accuracy and Gravity or Gigantamax Orbeetle are banned\n|rule|Endless Battle Clause: Forcing endless battles is banned\n|rule|HP Percentage Mod: HP is shown in percentages\n|clearpoke\n|poke|p1|Roaring Moon|\n|poke|p1|Amoonguss, F|\n|poke|p1|Gholdengo|\n|poke|p1|Kingambit, F|\n|poke|p1|Heatran, M|\n|poke|p1|Indeedee-F, F|\n|poke|p2|Lurantis, M|\n|poke|p2|Murkrow, M|\n|poke|p2|Grimmsnarl, M|\n|poke|p2|Clefairy, F|\n|poke|p2|Talonflame, M|\n|poke|p2|Espeon, F|\n|teampreview\n|inactive|Battle timer is ON: inactive players will automatically lose when time's up. (requested by jvoucut)\n|inactive|SXD2002 has 120 seconds left.\n|\n|t:|1698163664\n|start\n|switch|p1a: Indeedee|Indeedee-F, F, shiny|100\/100\n|switch|p1b: Amoonguss|Amoonguss, F, shiny|100\/100\n|switch|p2a: Grimmsnarl|Grimmsnarl, M|100\/100\n|switch|p2b: Lurantis|Lurantis, M|100\/100\n|turn|1\n|\n|t:|1698163684\n|-terastallize|p2b: Lurantis|Steel\n|move|p2a: Grimmsnarl|Fake Tears|p2b: Lurantis\n|-boost|p2b: Lurantis|spd|2\n|move|p1b: Amoonguss|Clear Smog|p2a: Grimmsnarl\n|-supereffective|p2a: Grimmsnarl\n|-damage|p2a: Grimmsnarl|77\/100\n|-clearboost|p2a: Grimmsnarl\n|move|p2b: Lurantis|Superpower|p1a: Indeedee\n|-damage|p1a: Indeedee|72\/100\n|-boost|p2b: Lurantis|atk|1\n|-boost|p2b: Lurantis|def|1\n|move|p1a: Indeedee|Trick Room|p1a: Indeedee\n|-fieldstart|move: Trick Room|[of] p1a: Indeedee\n|\n|-heal|p2a: Grimmsnarl|83\/100|[from] item: Leftovers\n|-heal|p1a: Indeedee|78\/100|[from] item: Leftovers\n|upkeep\n|turn|2\n|\n|t:|1698163708\n|move|p2a: Grimmsnarl|Fake Tears|p2b: Lurantis\n|-boost|p2b: Lurantis|spd|2\n|move|p2b: Lurantis|Superpower|p1a: Indeedee\n|-damage|p1a: Indeedee|34\/100\n|-boost|p2b: Lurantis|atk|1\n|-boost|p2b: Lurantis|def|1\n|move|p1b: Amoonguss|Spore|p2b: Lurantis\n|-status|p2b: Lurantis|slp|[from] move: Spore\n|move|p1a: Indeedee|Calm Mind|p1a: Indeedee\n|-boost|p1a: Indeedee|spa|1\n|-boost|p1a: Indeedee|spd|1\n|\n|-heal|p2a: Grimmsnarl|89\/100|[from] item: Leftovers\n|-heal|p1a: Indeedee|40\/100|[from] item: Leftovers\n|upkeep\n|turn|3\n|\n|t:|1698163726\n|move|p2a: Grimmsnarl|Fake Tears|p2b: Lurantis\n|-boost|p2b: Lurantis|spd|2\n|cant|p2b: Lurantis|slp\n|move|p1b: Amoonguss|Spore|p2a: Grimmsnarl\n|-status|p2a: Grimmsnarl|slp|[from] move: Spore\n|move|p1a: Indeedee|Baton Pass|p1a: Indeedee\n|\n|t:|1698163734\n|switch|p1a: Heatran|Heatran, M, shiny|100\/100|[from] Baton Pass\n|\n|-heal|p2a: Grimmsnarl|95\/100 slp|[from] item: Leftovers\n|upkeep\n|turn|4\n|\n|t:|1698163750\n|switch|p2a: Murkrow|Murkrow, M|100\/100\n|cant|p2b: Lurantis|slp\n|move|p1b: Amoonguss|Clear Smog|p2a: Murkrow\n|-damage|p2a: Murkrow|87\/100\n|-clearboost|p2a: Murkrow\n|move|p1a: Heatran|Flamethrower|p2b: Lurantis\n|-supereffective|p2b: Lurantis\n|-damage|p2b: Lurantis|60\/100 slp\n|-damage|p1a: Heatran|90\/100|[from] item: Life Orb\n|\n|-heal|p2b: Lurantis|66\/100 slp|[from] item: Leftovers\n|upkeep\n|turn|5\n|\n|t:|1698163767\n|-curestatus|p2b: Lurantis|slp|[msg]\n|move|p2b: Lurantis|Protect|p2b: Lurantis\n|-singleturn|p2b: Lurantis|Protect\n|move|p1b: Amoonguss|Rage Powder|p1b: Amoonguss\n|-singleturn|p1b: Amoonguss|move: Rage Powder\n|move|p2a: Murkrow|Thunder Wave|p1b: Amoonguss\n|-status|p1b: Amoonguss|par\n|move|p1a: Heatran|Flamethrower|p2b: Lurantis\n|-activate|p2b: Lurantis|move: Protect\n|\n|-heal|p2b: Lurantis|72\/100|[from] item: Leftovers\n|-fieldend|move: Trick Room\n|upkeep\n|turn|6\n|\n|t:|1698163788\n|cant|p1b: Amoonguss|par\n|move|p2a: Murkrow|Snarl|p1b: Amoonguss|[spread] p1a,p1b\n|-crit|p1b: Amoonguss\n|-damage|p1a: Heatran|82\/100\n|-damage|p1b: Amoonguss|84\/100 par\n|-unboost|p1a: Heatran|spa|1\n|-unboost|p1b: Amoonguss|spa|1\n|move|p1a: Heatran|Flamethrower|p2b: Lurantis\n|-supereffective|p2b: Lurantis\n|-damage|p2b: Lurantis|47\/100\n|-damage|p1a: Heatran|72\/100|[from] item: Life Orb\n|move|p2b: Lurantis|Superpower|p1a: Heatran\n|-supereffective|p1a: Heatran\n|-damage|p1a: Heatran|0 fnt\n|-boost|p2b: Lurantis|atk|1\n|-boost|p2b: Lurantis|def|1\n|faint|p1a: Heatran\n|\n|-heal|p2b: Lurantis|53\/100|[from] item: Leftovers\n|-heal|p1b: Amoonguss|90\/100 par|[from] item: Leftovers\n|upkeep\n|inactive|jvoucut has 120 seconds left.\n|\n|t:|1698163821\n|switch|p1a: Roaring Moon|Roaring Moon, shiny|100\/100\n|turn|7\n|\n|t:|1698163833\n|cant|p1b: Amoonguss|par\n|move|p2a: Murkrow|Feather Dance|p2b: Lurantis\n|-boost|p2b: Lurantis|atk|2\n|move|p1a: Roaring Moon|Brick Break|p2b: Lurantis\n|-supereffective|p2b: Lurantis\n|-damage|p2b: Lurantis|24\/100\n|move|p2b: Lurantis|Leech Life|p1a: Roaring Moon\n|-supereffective|p1a: Roaring Moon\n|-damage|p1a: Roaring Moon|0 fnt\n|-heal|p2b: Lurantis|77\/100|[from] drain|[of] p1a: Roaring Moon\n|faint|p1a: Roaring Moon\n|-end|p1a: Roaring Moon|Protosynthesis|[silent]\n|\n|-heal|p2b: Lurantis|84\/100|[from] item: Leftovers\n|-heal|p1b: Amoonguss|96\/100 par|[from] item: Leftovers\n|upkeep\n|-message|jvoucut forfeited.\n|\n|win|SXD2002\n|raw|jvoucut's rating: 1045 &rarr; <strong>1028<\/strong><br \/>(-17 for losing)\n|raw|SXD2002's rating: 1032 &rarr; <strong>1069<\/strong><br \/>(+37 for winning)\n|l|\u2606jvoucut\n","uploadtime":1698163859,"views":9,"p1id":"jvoucut","p2id":"sxd2002","formatid":"gen9doublesou","rating":1028,"private":0,"password":""}