{"id":"gen9doublesou-1980562304","p1":"C0SuMa","p2":"PoliteGhost","format":"[Gen 9] Doubles OU","log":"|j|\u2606C0SuMa\n|j|\u2606PoliteGhost\n|t:|1698797637\n|gametype|doubles\n|player|p1|C0SuMa|caitlin|1393\n|player|p2|PoliteGhost|giovanni|1326\n|teamsize|p1|6\n|teamsize|p2|6\n|gen|9\n|tier|[Gen 9] Doubles OU\n|rated|\n|rule|Species Clause: Limit one of each Pok\u00e9mon\n|rule|OHKO Clause: OHKO moves are banned\n|rule|Evasion Moves Clause: Evasion moves are banned\n|rule|Gravity Sleep Clause: The combination of sleep-inducing moves with imperfect accuracy and Gravity or Gigantamax Orbeetle are banned\n|rule|Endless Battle Clause: Forcing endless battles is banned\n|rule|HP Percentage Mod: HP is shown in percentages\n|clearpoke\n|poke|p1|Ninetales-Alola, F|\n|poke|p1|Flutter Mane|\n|poke|p1|Iron Bundle|\n|poke|p1|Tornadus, M|\n|poke|p1|Iron Hands|\n|poke|p1|Cresselia, F|\n|poke|p2|Amoonguss, F|\n|poke|p2|Iron Hands|\n|poke|p2|Landorus-Therian, M|\n|poke|p2|Flutter Mane|\n|poke|p2|Chien-Pao|\n|poke|p2|Heatran, F|\n|teampreview\n|inactive|Battle timer is ON: inactive players will automatically lose when time's up. (requested by PoliteGhost)\n|\n|t:|1698797651\n|start\n|switch|p1a: Iron Bundle|Iron Bundle|100\/100\n|switch|p1b: Cresselia|Cresselia, F|100\/100\n|switch|p2a: Landorus|Landorus-Therian, M|100\/100\n|switch|p2b: Flutter Mane|Flutter Mane|100\/100\n|-ability|p2a: Landorus|Intimidate|boost\n|-unboost|p1a: Iron Bundle|atk|1\n|-unboost|p1b: Cresselia|atk|1\n|-enditem|p2b: Flutter Mane|Booster Energy\n|-activate|p2b: Flutter Mane|ability: Protosynthesis|[fromitem]\n|-start|p2b: Flutter Mane|protosynthesisspe\n|turn|1\n|\n|t:|1698797670\n|move|p1a: Iron Bundle|Protect|p1a: Iron Bundle\n|-singleturn|p1a: Iron Bundle|Protect\n|move|p2b: Flutter Mane|Shadow Ball|p1b: Cresselia\n|-supereffective|p1b: Cresselia\n|-damage|p1b: Cresselia|46\/100\n|move|p2a: Landorus|U-turn|p1b: Cresselia\n|-supereffective|p1b: Cresselia\n|-damage|p1b: Cresselia|14\/100\n|\n|t:|1698797678\n|switch|p2a: Iron Hands|Iron Hands|100\/100|[from] U-turn\n|move|p1b: Cresselia|Icy Wind|p2b: Flutter Mane|[spread] p2a,p2b\n|-damage|p2a: Iron Hands|96\/100\n|-damage|p2b: Flutter Mane|92\/100\n|-unboost|p2a: Iron Hands|spe|1\n|-unboost|p2b: Flutter Mane|spe|1\n|\n|upkeep\n|turn|2\n|inactive|C0SuMa has 120 seconds left.\n|\n|t:|1698797730\n|-end|p1a: Iron Bundle|Quark Drive|[silent]\n|switch|p1a: Flutter Mane|Flutter Mane|100\/100\n|move|p2b: Flutter Mane|Shadow Ball|p1b: Cresselia\n|-supereffective|p1b: Cresselia\n|-damage|p1b: Cresselia|0 fnt\n|faint|p1b: Cresselia\n|move|p2a: Iron Hands|Drain Punch|p1a: Flutter Mane\n|-immune|p1a: Flutter Mane\n|\n|upkeep\n|\n|t:|1698797740\n|switch|p1b: Iron Bundle|Iron Bundle|100\/100\n|turn|3\n|\n|t:|1698797757\n|-end|p1a: Flutter Mane|Protosynthesis|[silent]\n|switch|p1a: Ninetales|Ninetales-Alola, F|100\/100\n|-weather|Snow|[from] ability: Snow Warning|[of] p1a: Ninetales\n|move|p1b: Iron Bundle|Aurora Veil|p1b: Iron Bundle\n|-sidestart|p1: C0SuMa|move: Aurora Veil\n|move|p2b: Flutter Mane|Shadow Ball|p1a: Ninetales\n|-damage|p1a: Ninetales|69\/100\n|-unboost|p1a: Ninetales|spd|1\n|move|p2a: Iron Hands|Wild Charge|p1b: Iron Bundle\n|-supereffective|p1b: Iron Bundle\n|-crit|p1b: Iron Bundle\n|-damage|p1b: Iron Bundle|0 fnt\n|faint|p1b: Iron Bundle\n|-end|p1b: Iron Bundle|Quark Drive|[silent]\n|-damage|p2a: Iron Hands|83\/100|[from] Recoil\n|\n|-weather|Snow|[upkeep]\n|upkeep\n|\n|t:|1698797774\n|switch|p1b: Tornadus|Tornadus, M|100\/100\n|turn|4\n|\n|t:|1698797793\n|move|p2b: Flutter Mane|Protect|p2b: Flutter Mane\n|-singleturn|p2b: Flutter Mane|Protect\n|move|p1b: Tornadus|Tailwind|p1b: Tornadus\n|-sidestart|p1: C0SuMa|move: Tailwind\n|move|p1a: Ninetales|Blizzard|p2b: Flutter Mane|[spread] p2a\n|-activate|p2b: Flutter Mane|move: Protect\n|-damage|p2a: Iron Hands|68\/100\n|-status|p2a: Iron Hands|frz\n|cant|p2a: Iron Hands|frz\n|\n|-weather|Snow|[upkeep]\n|upkeep\n|turn|5\n|\n|t:|1698797811\n|move|p1b: Tornadus|Bleakwind Storm|p2b: Flutter Mane|[spread] p2a,p2b\n|-damage|p2a: Iron Hands|45\/100 frz\n|-damage|p2b: Flutter Mane|52\/100\n|-unboost|p2b: Flutter Mane|spe|1\n|move|p1a: Ninetales|Blizzard|p2a: Iron Hands|[spread] p2a,p2b\n|-damage|p2a: Iron Hands|29\/100 frz\n|-damage|p2b: Flutter Mane|23\/100\n|move|p2b: Flutter Mane|Moonblast|p1b: Tornadus\n|-damage|p1b: Tornadus|54\/100\n|cant|p2a: Iron Hands|frz\n|\n|-weather|Snow|[upkeep]\n|upkeep\n|turn|6\n|\n|t:|1698797835\n|-end|p2b: Flutter Mane|Protosynthesis|[silent]\n|switch|p2b: Heatran|Heatran, F|100\/100\n|move|p1b: Tornadus|Bleakwind Storm|p2a: Iron Hands|[spread] p2a,p2b\n|-resisted|p2b: Heatran\n|-damage|p2a: Iron Hands|6\/100 frz\n|-damage|p2b: Heatran|82\/100\n|-unboost|p2a: Iron Hands|spe|1\n|move|p1a: Ninetales|Blizzard|p2b: Heatran|[spread] p2a,p2b\n|-resisted|p2b: Heatran\n|-damage|p2a: Iron Hands|0 fnt\n|-damage|p2b: Heatran|74\/100\n|faint|p2a: Iron Hands\n|-end|p2a: Iron Hands|Quark Drive|[silent]\n|\n|-weather|Snow|[upkeep]\n|-heal|p2b: Heatran|81\/100|[from] item: Leftovers\n|upkeep\n|inactive|PoliteGhost has 120 seconds left.\n|\n|t:|1698797851\n|switch|p2a: Landorus|Landorus-Therian, M|100\/100\n|-ability|p2a: Landorus|Intimidate|boost\n|-unboost|p1a: Ninetales|atk|1\n|-unboost|p1b: Tornadus|atk|1\n|turn|7\n|\n|t:|1698797867\n|move|p1b: Tornadus|Bleakwind Storm|p2b: Heatran|[spread] p2a,p2b\n|-resisted|p2b: Heatran\n|-damage|p2a: Landorus|55\/100\n|-damage|p2b: Heatran|61\/100\n|-unboost|p2a: Landorus|spe|1\n|move|p1a: Ninetales|Blizzard|p2a: Landorus|[spread] p2a,p2b\n|-supereffective|p2a: Landorus\n|-resisted|p2b: Heatran\n|-damage|p2a: Landorus|0 fnt\n|-damage|p2b: Heatran|54\/100\n|faint|p2a: Landorus\n|move|p2b: Heatran|Heat Wave|p1a: Ninetales|[spread] p1a\n|-miss|p2b: Heatran|p1b: Tornadus\n|-supereffective|p1a: Ninetales\n|-damage|p1a: Ninetales|0 fnt\n|faint|p1a: Ninetales\n|\n|-weather|Snow|[upkeep]\n|-heal|p2b: Heatran|61\/100|[from] item: Leftovers\n|-sideend|p1: C0SuMa|move: Tailwind\n|upkeep\n|\n|t:|1698797888\n|switch|p1a: Iron Hands|Iron Hands|100\/100\n|switch|p2a: Chien-Pao|Chien-Pao|100\/100\n|-ability|p2a: Chien-Pao|Sword of Ruin\n|turn|8\n|inactive|C0SuMa has 120 seconds left.\n|\n|t:|1698797933\n|-terastallize|p2b: Heatran|Grass\n|move|p1a: Iron Hands|Fake Out|p2a: Chien-Pao\n|-damage|p2a: Chien-Pao|87\/100\n|move|p1b: Tornadus|Tailwind|p1b: Tornadus\n|-sidestart|p1: C0SuMa|move: Tailwind\n|cant|p2a: Chien-Pao|flinch\n|move|p2b: Heatran|Earth Power|p1a: Iron Hands\n|-supereffective|p1a: Iron Hands\n|-damage|p1a: Iron Hands|64\/100\n|\n|-weather|Snow|[upkeep]\n|-heal|p2b: Heatran|67\/100|[from] item: Leftovers\n|upkeep\n|turn|9\n|inactive|C0SuMa has 120 seconds left.\n|\n|t:|1698797951\n|move|p1b: Tornadus|Bleakwind Storm|p2b: Heatran|[spread] p2a\n|-miss|p1b: Tornadus|p2b: Heatran\n|-damage|p2a: Chien-Pao|28\/100\n|-unboost|p2a: Chien-Pao|spe|1\n|move|p1a: Iron Hands|Drain Punch|p2b: Heatran\n|-damage|p2b: Heatran|17\/100\n|-heal|p1a: Iron Hands|80\/100|[from] drain|[of] p2b: Heatran\n|move|p2a: Chien-Pao|Icicle Crash|p1b: Tornadus\n|-supereffective|p1b: Tornadus\n|-damage|p1b: Tornadus|0 fnt\n|faint|p1b: Tornadus\n|move|p2b: Heatran|Earth Power|p1a: Iron Hands\n|-supereffective|p1a: Iron Hands\n|-damage|p1a: Iron Hands|44\/100\n|-enditem|p1a: Iron Hands|Sitrus Berry|[eat]\n|-heal|p1a: Iron Hands|69\/100|[from] item: Sitrus Berry\n|\n|-weather|Snow|[upkeep]\n|-heal|p2b: Heatran|23\/100|[from] item: Leftovers\n|upkeep\n|inactive|C0SuMa has 120 seconds left.\n|\n|t:|1698797969\n|switch|p1b: Flutter Mane|Flutter Mane|100\/100\n|turn|10\n|inactive|C0SuMa has 120 seconds left.\n|\n|t:|1698797994\n|-terastallize|p1b: Flutter Mane|Fairy\n|move|p2b: Heatran|Protect|p2b: Heatran\n|-singleturn|p2b: Heatran|Protect\n|move|p2a: Chien-Pao|Sucker Punch|p1b: Flutter Mane\n|-resisted|p1b: Flutter Mane\n|-damage|p1b: Flutter Mane|65\/100\n|move|p1b: Flutter Mane|Dazzling Gleam|p2a: Chien-Pao|[spread] p2a\n|-activate|p2b: Heatran|move: Protect\n|-supereffective|p2a: Chien-Pao\n|-damage|p2a: Chien-Pao|0 fnt\n|faint|p2a: Chien-Pao\n|-damage|p1b: Flutter Mane|55\/100|[from] item: Life Orb\n|move|p1a: Iron Hands|Swords Dance|p1a: Iron Hands\n|-boost|p1a: Iron Hands|atk|2\n|\n|-weather|none\n|-heal|p2b: Heatran|29\/100|[from] item: Leftovers\n|-sideend|p1: C0SuMa|move: Aurora Veil\n|upkeep\n|inactive|PoliteGhost has 120 seconds left.\n|\n|t:|1698798015\n|switch|p2a: Amoonguss|Amoonguss, F|100\/100\n|turn|11\n|inactive|C0SuMa has 120 seconds left.\n|\n|t:|1698798044\n|move|p1b: Flutter Mane|Dazzling Gleam|p2b: Heatran|[spread] p2a,p2b\n|-resisted|p2a: Amoonguss\n|-damage|p2a: Amoonguss|81\/100\n|-damage|p2b: Heatran|0 fnt\n|faint|p2b: Heatran\n|-damage|p1b: Flutter Mane|46\/100|[from] item: Life Orb\n|move|p1a: Iron Hands|Swords Dance|p1a: Iron Hands\n|-boost|p1a: Iron Hands|atk|2\n|move|p2a: Amoonguss|Spore|p1a: Iron Hands\n|-status|p1a: Iron Hands|slp|[from] move: Spore\n|\n|-sideend|p1: C0SuMa|move: Tailwind\n|upkeep\n|\n|t:|1698798047\n|switch|p2b: Flutter Mane|Flutter Mane|23\/100\n|turn|12\n|\n|t:|1698798064\n|move|p2b: Flutter Mane|Protect|p2b: Flutter Mane\n|-singleturn|p2b: Flutter Mane|Protect\n|move|p1b: Flutter Mane|Dazzling Gleam|p2a: Amoonguss|[spread] p2a\n|-activate|p2b: Flutter Mane|move: Protect\n|-resisted|p2a: Amoonguss\n|-damage|p2a: Amoonguss|61\/100\n|-damage|p1b: Flutter Mane|36\/100|[from] item: Life Orb\n|cant|p1a: Iron Hands|slp\n|move|p2a: Amoonguss|Pollen Puff|p2b: Flutter Mane\n|-activate|p2b: Flutter Mane|move: Protect\n|\n|upkeep\n|turn|13\n|\n|t:|1698798090\n|move|p2b: Flutter Mane|Moonblast|p1a: Iron Hands\n|-supereffective|p1a: Iron Hands\n|-crit|p1a: Iron Hands\n|-damage|p1a: Iron Hands|0 fnt\n|faint|p1a: Iron Hands\n|-end|p1a: Iron Hands|Quark Drive|[silent]\n|move|p1b: Flutter Mane|Dazzling Gleam|p2a: Amoonguss|[spread] p2a,p2b\n|-resisted|p2a: Amoonguss\n|-damage|p2a: Amoonguss|42\/100\n|-damage|p2b: Flutter Mane|0 fnt\n|faint|p2b: Flutter Mane\n|-end|p2b: Flutter Mane|Protosynthesis|[silent]\n|-damage|p1b: Flutter Mane|26\/100|[from] item: Life Orb\n|move|p2a: Amoonguss|Pollen Puff|p2: Flutter Mane|[notarget]\n|-fail|p2a: Amoonguss\n|\n|upkeep\n|turn|14\n|\n|t:|1698798107\n|move|p1b: Flutter Mane|Shadow Ball|p2a: Amoonguss\n|-damage|p2a: Amoonguss|0 fnt\n|faint|p2a: Amoonguss\n|-damage|p1b: Flutter Mane|16\/100|[from] item: Life Orb\n|\n|win|C0SuMa\n|raw|C0SuMa's rating: 1393 &rarr; <strong>1409<\/strong><br \/>(+16 for winning)\n|raw|PoliteGhost's rating: 1326 &rarr; <strong>1310<\/strong><br \/>(-16 for losing)\n|c|\u2606C0SuMa|wow gg\n|c|\u2606C0SuMa|that was close\n|l|\u2606PoliteGhost\n","uploadtime":1698798122,"views":18,"p1id":"c0suma","p2id":"politeghost","formatid":"gen9doublesou","rating":1310,"private":0,"password":""}