{"id":"gen9doublesou-1973730155","p1":"mikeyuwu","p2":"Undala","format":"[Gen 9] Doubles OU","log":"|j|\u2606mikeyuwu\n|j|\u2606Undala\n|t:|1698007661\n|gametype|doubles\n|player|p1|mikeyuwu|psychic-gen4|1215\n|player|p2|Undala|2|1157\n|teamsize|p1|6\n|teamsize|p2|6\n|gen|9\n|tier|[Gen 9] Doubles OU\n|rated|\n|rule|Species Clause: Limit one of each Pok\u00e9mon\n|rule|OHKO Clause: OHKO moves are banned\n|rule|Evasion Moves Clause: Evasion moves are banned\n|rule|Gravity Sleep Clause: The combination of sleep-inducing moves with imperfect accuracy and Gravity or Gigantamax Orbeetle are banned\n|rule|Endless Battle Clause: Forcing endless battles is banned\n|rule|HP Percentage Mod: HP is shown in percentages\n|clearpoke\n|poke|p1|Garchomp, M|\n|poke|p1|Tyranitar, F|\n|poke|p1|Vaporeon, F|\n|poke|p1|Toxicroak, M|\n|poke|p1|Pelipper, F|\n|poke|p1|Abomasnow, M|\n|poke|p2|Flutter Mane|\n|poke|p2|Torkoal, M|\n|poke|p2|Toxapex, F|\n|poke|p2|Regidrago|\n|poke|p2|Talonflame, M|\n|poke|p2|Indeedee-F, F|\n|teampreview\n|\n|t:|1698007670\n|start\n|switch|p1a: OTLHPM|Toxicroak, M|100\/100\n|switch|p1b: Harmacy|Vaporeon, F|100\/100\n|switch|p2a: Master Oogway|Torkoal, M|100\/100\n|switch|p2b: Flutter Mane|Flutter Mane|100\/100\n|-weather|SunnyDay|[from] ability: Drought|[of] p2a: Master Oogway\n|-activate|p2b: Flutter Mane|ability: Protosynthesis\n|-start|p2b: Flutter Mane|protosynthesisspa\n|turn|1\n|inactive|Battle timer is ON: inactive players will automatically lose when time's up. (requested by Undala)\n|\n|t:|1698007689\n|switch|p1b: Weather War|Pelipper, F|100\/100\n|-weather|RainDance|[from] ability: Drizzle|[of] p1b: Weather War\n|-end|p2b: Flutter Mane|Protosynthesis\n|move|p2b: Flutter Mane|Thunderbolt|p1b: Weather War\n|-supereffective|p1b: Weather War\n|-damage|p1b: Weather War|0 fnt\n|faint|p1b: Weather War\n|-damage|p2b: Flutter Mane|91\/100|[from] item: Life Orb\n|move|p1a: OTLHPM|Poison Jab|p2b: Flutter Mane\n|-damage|p2b: Flutter Mane|3\/100\n|move|p2a: Master Oogway|Earth Power|p1a: OTLHPM\n|-supereffective|p1a: OTLHPM\n|-damage|p1a: OTLHPM|47\/100\n|\n|-weather|RainDance|[upkeep]\n|-heal|p1a: OTLHPM|60\/100|[from] ability: Dry Skin\n|-heal|p1a: OTLHPM|66\/100|[from] item: Black Sludge\n|upkeep\n|\n|t:|1698007706\n|switch|p1b: Harmacy|Vaporeon, F|100\/100\n|turn|2\n|\n|t:|1698007719\n|switch|p2a: Toxapex|Toxapex, F|100\/100\n|move|p2b: Flutter Mane|Thunderbolt|p1b: Harmacy\n|-supereffective|p1b: Harmacy\n|-damage|p1b: Harmacy|38\/100\n|-damage|p2b: Flutter Mane|0 fnt|[from] item: Life Orb\n|faint|p2b: Flutter Mane\n|-end|p2b: Flutter Mane|Protosynthesis|[silent]\n|move|p1a: OTLHPM|Poison Jab|p2a: Toxapex\n|-resisted|p2a: Toxapex\n|-damage|p2a: Toxapex|86\/100\n|move|p1b: Harmacy|Weather Ball|p2a: Toxapex\n|-resisted|p2a: Toxapex\n|-damage|p2a: Toxapex|64\/100\n|\n|-weather|RainDance|[upkeep]\n|-heal|p1a: OTLHPM|78\/100|[from] ability: Dry Skin\n|-heal|p1a: OTLHPM|84\/100|[from] item: Black Sludge\n|-heal|p1b: Harmacy|44\/100|[from] item: Leftovers\n|-heal|p2a: Toxapex|70\/100|[from] item: Black Sludge\n|upkeep\n|\n|t:|1698007739\n|switch|p2b: Talonflame|Talonflame, M|100\/100\n|turn|3\n|\n|t:|1698007749\n|switch|p1a: Extra Spicy|Garchomp, M|100\/100\n|move|p2b: Talonflame|Tailwind|p2b: Talonflame\n|-sidestart|p2: Undala|move: Tailwind\n|move|p2a: Toxapex|Poison Jab|p1b: Harmacy\n|-damage|p1b: Harmacy|27\/100\n|-status|p1b: Harmacy|psn\n|move|p1b: Harmacy|Wish|p1b: Harmacy\n|\n|-weather|RainDance|[upkeep]\n|-heal|p2a: Toxapex|76\/100|[from] item: Black Sludge\n|-activate|p1b: Harmacy|ability: Hydration\n|-curestatus|p1b: Harmacy|psn|[msg]\n|-heal|p1b: Harmacy|34\/100|[from] item: Leftovers\n|upkeep\n|turn|4\n|\n|t:|1698007778\n|move|p2b: Talonflame|U-turn|p1b: Harmacy\n|-damage|p1b: Harmacy|21\/100\n|\n|t:|1698007781\n|switch|p2b: Indeedee|Indeedee-F, F|100\/100|[from] U-turn\n|move|p1a: Extra Spicy|Liquidation|p2b: Indeedee\n|-damage|p2b: Indeedee|64\/100\n|move|p2a: Toxapex|Liquidation|p1a: Extra Spicy\n|-damage|p1a: Extra Spicy|75\/100\n|-damage|p2a: Toxapex|64\/100|[from] ability: Rough Skin|[of] p1a: Extra Spicy\n|-damage|p2a: Toxapex|48\/100|[from] item: Rocky Helmet|[of] p1a: Extra Spicy\n|move|p1b: Harmacy|Icy Wind|p2a: Toxapex|[spread] p2a,p2b\n|-resisted|p2a: Toxapex\n|-damage|p2a: Toxapex|44\/100\n|-damage|p2b: Indeedee|55\/100\n|-unboost|p2a: Toxapex|spe|1\n|-unboost|p2b: Indeedee|spe|1\n|\n|-weather|RainDance|[upkeep]\n|-heal|p1b: Harmacy|71\/100|[from] move: Wish|[wisher] Harmacy\n|-heal|p2b: Indeedee|61\/100|[from] item: Leftovers\n|-heal|p1b: Harmacy|77\/100|[from] item: Leftovers\n|-heal|p2a: Toxapex|50\/100|[from] item: Black Sludge\n|upkeep\n|turn|5\n|\n|t:|1698007798\n|move|p2b: Indeedee|Helping Hand|p2a: Toxapex\n|-singleturn|p2a: Toxapex|Helping Hand|[of] p2b: Indeedee\n|move|p1a: Extra Spicy|Earthquake|p2b: Indeedee|[spread] p1b,p2a,p2b\n|-supereffective|p2a: Toxapex\n|-damage|p1b: Harmacy|55\/100\n|-damage|p2a: Toxapex|0 fnt\n|-damage|p2b: Indeedee|29\/100\n|faint|p2a: Toxapex\n|move|p1b: Harmacy|Icy Wind|p2b: Indeedee\n|-damage|p2b: Indeedee|16\/100\n|-unboost|p2b: Indeedee|spe|1\n|\n|-weather|none\n|-heal|p2b: Indeedee|22\/100|[from] item: Leftovers\n|-heal|p1b: Harmacy|61\/100|[from] item: Leftovers\n|upkeep\n|\n|t:|1698007805\n|switch|p2a: Regidrago|Regidrago|100\/100\n|turn|6\n|\n|t:|1698007813\n|-terastallize|p1a: Extra Spicy|Steel\n|move|p2b: Indeedee|Helping Hand|p2a: Regidrago\n|-singleturn|p2a: Regidrago|Helping Hand|[of] p2b: Indeedee\n|move|p2a: Regidrago|Dragon Energy|p1a: Extra Spicy|[spread] p1a,p1b\n|-resisted|p1a: Extra Spicy\n|-damage|p1a: Extra Spicy|23\/100\n|-damage|p1b: Harmacy|0 fnt\n|faint|p1b: Harmacy\n|move|p1a: Extra Spicy|Poison Jab|p2a: Regidrago\n|-damage|p2a: Regidrago|77\/100\n|\n|-heal|p2b: Indeedee|28\/100|[from] item: Leftovers\n|-sideend|p2: Undala|move: Tailwind\n|upkeep\n|\n|t:|1698007821\n|switch|p1b: ThcrThnSnkr|Tyranitar, F|100\/100\n|-weather|Sandstorm|[from] ability: Sand Stream|[of] p1b: ThcrThnSnkr\n|turn|7\n|\n|t:|1698007829\n|move|p2b: Indeedee|Follow Me|p2b: Indeedee\n|-singleturn|p2b: Indeedee|move: Follow Me\n|move|p1a: Extra Spicy|Poison Jab|p2b: Indeedee\n|-damage|p2b: Indeedee|4\/100\n|move|p2a: Regidrago|Dragon Energy|p1a: Extra Spicy|[spread] p1a,p1b\n|-resisted|p1a: Extra Spicy\n|-damage|p1a: Extra Spicy|0 fnt\n|-damage|p1b: ThcrThnSnkr|84\/100\n|faint|p1a: Extra Spicy\n|move|p1b: ThcrThnSnkr|Knock Off|p2b: Indeedee\n|-supereffective|p2b: Indeedee\n|-damage|p2b: Indeedee|0 fnt\n|-enditem|p2b: Indeedee|Leftovers|[from] move: Knock Off|[of] p1b: ThcrThnSnkr\n|faint|p2b: Indeedee\n|\n|-weather|Sandstorm|[upkeep]\n|-damage|p2a: Regidrago|71\/100|[from] Sandstorm\n|upkeep\n|\n|t:|1698007843\n|switch|p1a: OTLHPM|Toxicroak, M|84\/100\n|switch|p2b: Master Oogway|Torkoal, M|100\/100\n|-weather|SunnyDay|[from] ability: Drought|[of] p2b: Master Oogway\n|turn|8\n|\n|t:|1698007857\n|switch|p1b: Cold Shoulder|Abomasnow, M, shiny|100\/100\n|-weather|Snow|[from] ability: Snow Warning|[of] p1b: Cold Shoulder\n|move|p1a: OTLHPM|Earthquake|p2a: Regidrago|[spread] p1b,p2a,p2b\n|-resisted|p1b: Cold Shoulder\n|-supereffective|p2b: Master Oogway\n|-damage|p1b: Cold Shoulder|93\/100\n|-damage|p2a: Regidrago|46\/100\n|-damage|p2b: Master Oogway|66\/100\n|move|p2a: Regidrago|Dragon Energy|p1b: Cold Shoulder|[spread] p1a,p1b\n|-damage|p1a: OTLHPM|45\/100\n|-damage|p1b: Cold Shoulder|58\/100\n|move|p2b: Master Oogway|Solar Beam||[still]\n|-prepare|p2b: Master Oogway|Solar Beam\n|\n|-weather|Snow|[upkeep]\n|-heal|p1a: OTLHPM|51\/100|[from] item: Black Sludge\n|upkeep\n|turn|9\n|\n|t:|1698007871\n|move|p1a: OTLHPM|Poison Jab|p2a: Regidrago\n|-damage|p2a: Regidrago|4\/100\n|-status|p2a: Regidrago|psn\n|move|p2a: Regidrago|Dragon Energy|p1a: OTLHPM|[spread] p1a,p1b\n|-crit|p1a: OTLHPM\n|-damage|p1a: OTLHPM|46\/100\n|-damage|p1b: Cold Shoulder|55\/100\n|move|p1b: Cold Shoulder|Blizzard|p2a: Regidrago|[spread] p2a,p2b\n|-supereffective|p2a: Regidrago\n|-enditem|p2a: Regidrago|Yache Berry|[eat]\n|-enditem|p2a: Regidrago|Yache Berry|[weaken]\n|-resisted|p2b: Master Oogway\n|-damage|p2a: Regidrago|0 fnt\n|-damage|p2b: Master Oogway|49\/100\n|faint|p2a: Regidrago\n|move|p2b: Master Oogway|Solar Beam|p1b: Cold Shoulder|[from]lockedmove\n|-resisted|p1b: Cold Shoulder\n|-damage|p1b: Cold Shoulder|47\/100\n|\n|-weather|Snow|[upkeep]\n|-heal|p1a: OTLHPM|53\/100|[from] item: Black Sludge\n|upkeep\n|l|\u2606Undala\n|inactive|Undala disconnected and has a minute to reconnect!\n|player|p2|\n|inactive|Undala has 30 seconds to reconnect!\n|inactive|Undala has 20 seconds to reconnect!\n|inactive|Undala has 15 seconds to reconnect!\n|inactive|Undala has 10 seconds to reconnect!\n|inactive|Undala has 5 seconds to reconnect!\n|-message|Undala lost due to inactivity.\n|\n|win|mikeyuwu\n|raw|mikeyuwu's rating: 1215 &rarr; <strong>1236<\/strong><br \/>(+21 for winning)\n|raw|Undala's rating: 1157 &rarr; <strong>1136<\/strong><br \/>(-21 for losing)\n","uploadtime":1698007949,"views":13,"p1id":"mikeyuwu","p2id":"undala","formatid":"gen9doublesou","rating":1136,"private":0,"password":""}