{"id":"gen9doublesou-1972631640","p1":"wochien2","p2":"elpape","format":"[Gen 9] Doubles OU","log":"|j|\u2606wochien2\n|j|\u2606elpape\n|t:|1697867455\n|gametype|doubles\n|player|p1|wochien2|twins-gen4|1341\n|player|p2|elpape|dragontamer|1412\n|teamsize|p1|6\n|teamsize|p2|6\n|gen|9\n|tier|[Gen 9] Doubles OU\n|rated|\n|rule|Species Clause: Limit one of each Pok\u00e9mon\n|rule|OHKO Clause: OHKO moves are banned\n|rule|Evasion Moves Clause: Evasion moves are banned\n|rule|Gravity Sleep Clause: The combination of sleep-inducing moves with imperfect accuracy and Gravity or Gigantamax Orbeetle are banned\n|rule|Endless Battle Clause: Forcing endless battles is banned\n|rule|HP Percentage Mod: HP is shown in percentages\n|clearpoke\n|poke|p1|Enamorus, F|\n|poke|p1|Grimmsnarl, M|\n|poke|p1|Wo-Chien|\n|poke|p1|Milotic, F|\n|poke|p1|Torkoal, M|\n|poke|p1|Spectrier|\n|poke|p2|Ogerpon-Hearthflame, F|\n|poke|p2|Torkoal, M|\n|poke|p2|Mew|\n|poke|p2|Cresselia, F|\n|poke|p2|Rillaboom, M|\n|poke|p2|Clefable, F|\n|teampreview\n|inactive|Battle timer is ON: inactive players will automatically lose when time's up. (requested by elpape)\n|inactive|wochien2 also wants the timer to be on.\n|inactive|elpape has 120 seconds left.\n|\n|t:|1697867505\n|start\n|switch|p1a: Enamorus|Enamorus, F|100\/100\n|switch|p1b: Grimmsnarl|Grimmsnarl, M|100\/100\n|switch|p2a: Rillaboom|Rillaboom, M, shiny|100\/100\n|switch|p2b: Clefable|Clefable, F|100\/100\n|-fieldstart|move: Grassy Terrain|[from] ability: Grassy Surge|[of] p2a: Rillaboom\n|turn|1\n|\n|t:|1697867522\n|move|p1b: Grimmsnarl|Fake Out|p2b: Clefable\n|-damage|p2b: Clefable|90\/100\n|move|p1a: Enamorus|Springtide Storm|p2a: Rillaboom|[spread] p2a,p2b\n|-damage|p2a: Rillaboom|58\/100\n|-damage|p2b: Clefable|59\/100\n|-unboost|p2b: Clefable|atk|1\n|move|p2a: Rillaboom|Wood Hammer|p1b: Grimmsnarl\n|-damage|p1b: Grimmsnarl|4\/100\n|-damage|p2a: Rillaboom|24\/100|[from] Recoil\n|cant|p2b: Clefable|flinch\n|\n|-heal|p2a: Rillaboom|30\/100|[from] Grassy Terrain\n|-heal|p2b: Clefable|65\/100|[from] Grassy Terrain\n|-heal|p2b: Clefable|71\/100|[from] item: Leftovers\n|-heal|p1b: Grimmsnarl|10\/100|[from] Grassy Terrain\n|upkeep\n|turn|2\n|\n|t:|1697867547\n|switch|p2a: Torkoal|Torkoal, M|100\/100\n|-weather|SunnyDay|[from] ability: Drought|[of] p2a: Torkoal\n|move|p1b: Grimmsnarl|Scary Face|p1a: Enamorus\n|-boost|p1a: Enamorus|spe|2\n|move|p1a: Enamorus|Springtide Storm|p2b: Clefable|[spread] p2a,p2b\n|-resisted|p2a: Torkoal\n|-damage|p2a: Torkoal|76\/100\n|-damage|p2b: Clefable|40\/100\n|move|p2b: Clefable|Cosmic Power|p2b: Clefable\n|-boost|p2b: Clefable|def|1\n|-boost|p2b: Clefable|spd|1\n|\n|-weather|SunnyDay|[upkeep]\n|-heal|p2b: Clefable|46\/100|[from] Grassy Terrain\n|-heal|p2b: Clefable|52\/100|[from] item: Leftovers\n|-heal|p1b: Grimmsnarl|16\/100|[from] Grassy Terrain\n|-heal|p2a: Torkoal|82\/100|[from] Grassy Terrain\n|upkeep\n|turn|3\n|\n|t:|1697867570\n|-terastallize|p1a: Enamorus|Ground\n|move|p1b: Grimmsnarl|Scary Face|p2b: Clefable\n|-unboost|p2b: Clefable|spe|2\n|move|p1a: Enamorus|Earth Power|p2a: Torkoal\n|-supereffective|p2a: Torkoal\n|-damage|p2a: Torkoal|0 fnt\n|faint|p2a: Torkoal\n|move|p2b: Clefable|Moonlight|p2b: Clefable\n|-heal|p2b: Clefable|100\/100\n|\n|-weather|SunnyDay|[upkeep]\n|-heal|p1b: Grimmsnarl|22\/100|[from] Grassy Terrain\n|upkeep\n|inactive|elpape has 120 seconds left.\n|inactive|elpape has 90 seconds left.\n|\n|t:|1697867622\n|switch|p2a: Rillaboom|Rillaboom, M, shiny|30\/100\n|turn|4\n|\n|t:|1697867630\n|move|p1a: Enamorus|Protect|p1a: Enamorus\n|-singleturn|p1a: Enamorus|Protect\n|move|p2a: Rillaboom|Fake Out|p1a: Enamorus\n|-activate|p1a: Enamorus|move: Protect\n|move|p1b: Grimmsnarl|Parting Shot|p2b: Clefable\n|-unboost|p2b: Clefable|atk|1\n|-unboost|p2b: Clefable|spa|1\n|\n|t:|1697867638\n|switch|p1b: Spectrier|Spectrier|100\/100|[from] Parting Shot\n|move|p2b: Clefable|Cosmic Power|p2b: Clefable\n|-boost|p2b: Clefable|def|1\n|-boost|p2b: Clefable|spd|1\n|\n|-weather|SunnyDay|[upkeep]\n|-heal|p2a: Rillaboom|37\/100|[from] Grassy Terrain\n|upkeep\n|turn|5\n|inactive|elpape has 120 seconds left.\n|\n|t:|1697867676\n|move|p1a: Enamorus|Springtide Storm|p2a: Rillaboom|[spread] p2a,p2b\n|-damage|p2a: Rillaboom|0 fnt\n|-damage|p2b: Clefable|84\/100\n|faint|p2a: Rillaboom\n|move|p1b: Spectrier|Taunt|p2b: Clefable\n|-start|p2b: Clefable|move: Taunt\n|cant|p2b: Clefable|move: Taunt|Cosmic Power\n|\n|-weather|SunnyDay|[upkeep]\n|-heal|p2b: Clefable|91\/100|[from] Grassy Terrain\n|-heal|p2b: Clefable|97\/100|[from] item: Leftovers\n|upkeep\n|\n|t:|1697867689\n|switch|p2a: Ogerpon|Ogerpon-Hearthflame, F|100\/100\n|-ability|p2a: Ogerpon|Mold Breaker\n|turn|6\n|inactive|elpape has 120 seconds left.\n|\n|t:|1697867707\n|-terastallize|p2a: Ogerpon|Fire\n|detailschange|p2a: Ogerpon|Ogerpon-Hearthflame-Tera, F, tera:Fire\n|-ability|p2a: Ogerpon|Embody Aspect (Hearthflame)|boost\n|-boost|p2a: Ogerpon|atk|1\n|move|p2a: Ogerpon|Grassy Glide|p1a: Enamorus\n|-supereffective|p1a: Enamorus\n|-damage|p1a: Enamorus|0 fnt\n|faint|p1a: Enamorus\n|move|p1b: Spectrier|Hex|p2a: Ogerpon\n|-damage|p2a: Ogerpon|57\/100\n|move|p2b: Clefable|Stored Power|p1b: Spectrier\n|-damage|p1b: Spectrier|81\/100\n|\n|-weather|SunnyDay|[upkeep]\n|-heal|p1b: Spectrier|87\/100|[from] Grassy Terrain\n|-heal|p2a: Ogerpon|63\/100|[from] Grassy Terrain\n|-heal|p2b: Clefable|100\/100|[from] Grassy Terrain\n|upkeep\n|\n|t:|1697867721\n|switch|p1a: Grimmsnarl|Grimmsnarl, M|22\/100\n|turn|7\n|\n|t:|1697867734\n|switch|p2a: Cresselia|Cresselia, F|100\/100\n|move|p1a: Grimmsnarl|Thunder Wave|p2a: Cresselia\n|-status|p2a: Cresselia|par\n|move|p1b: Spectrier|Hex|p2a: Cresselia\n|-supereffective|p2a: Cresselia\n|-damage|p2a: Cresselia|8\/100 par\n|move|p2b: Clefable|Stored Power|p1b: Spectrier\n|-damage|p1b: Spectrier|69\/100\n|\n|-weather|SunnyDay|[upkeep]\n|-heal|p1b: Spectrier|75\/100|[from] Grassy Terrain\n|-heal|p1a: Grimmsnarl|28\/100|[from] Grassy Terrain\n|-heal|p2a: Cresselia|14\/100 par|[from] item: Leftovers\n|-end|p2b: Clefable|move: Taunt\n|upkeep\n|turn|8\n|\n|t:|1697867753\n|move|p1a: Grimmsnarl|Thunder Wave|p2b: Clefable\n|-status|p2b: Clefable|par\n|move|p1b: Spectrier|Hex|p2a: Cresselia\n|-supereffective|p2a: Cresselia\n|-damage|p2a: Cresselia|0 fnt\n|faint|p2a: Cresselia\n|-ability|p1b: Spectrier|Grim Neigh|boost\n|-boost|p1b: Spectrier|spa|1\n|move|p2b: Clefable|Cosmic Power|p2b: Clefable\n|-boost|p2b: Clefable|def|1\n|-boost|p2b: Clefable|spd|1\n|\n|-weather|SunnyDay|[upkeep]\n|-heal|p1b: Spectrier|81\/100|[from] Grassy Terrain\n|-heal|p1a: Grimmsnarl|34\/100|[from] Grassy Terrain\n|-fieldend|move: Grassy Terrain\n|upkeep\n|inactive|elpape has 120 seconds left.\n|\n|t:|1697867777\n|switch|p2a: Ogerpon|Ogerpon-Hearthflame-Tera, F, tera:Fire|63\/100\n|-ability|p2a: Ogerpon|Embody Aspect (Hearthflame)|boost\n|-boost|p2a: Ogerpon|atk|1\n|turn|9\n|inactive|elpape has 120 seconds left.\n|\n|t:|1697867832\n|move|p1a: Grimmsnarl|Thunder Wave|p2a: Ogerpon\n|-status|p2a: Ogerpon|par\n|move|p1b: Spectrier|Taunt|p2b: Clefable\n|-start|p2b: Clefable|move: Taunt\n|move|p2a: Ogerpon|Ivy Cudgel|p1b: Spectrier\n|-damage|p1b: Spectrier|0 fnt\n|faint|p1b: Spectrier\n|cant|p2b: Clefable|move: Taunt|Baton Pass\n|\n|-weather|none\n|upkeep\n|inactive|wochien2 has 120 seconds left.\n|\n|t:|1697867845\n|switch|p1b: Milotic|Milotic, F|100\/100\n|turn|10\n|inactive|elpape has 120 seconds left.\n|\n|t:|1697867869\n|move|p1a: Grimmsnarl|Parting Shot|p2a: Ogerpon\n|-unboost|p2a: Ogerpon|atk|1\n|-unboost|p2a: Ogerpon|spa|1\n|\n|t:|1697867880\n|switch|p1a: Wo-Chien|Wo-Chien|100\/100|[from] Parting Shot\n|-ability|p1a: Wo-Chien|Tablets of Ruin\n|move|p1b: Milotic|Scald|p2a: Ogerpon\n|-supereffective|p2a: Ogerpon\n|-damage|p2a: Ogerpon|0 fnt\n|faint|p2a: Ogerpon\n|move|p2b: Clefable|Stored Power|p1b: Milotic\n|-damage|p1b: Milotic|83\/100\n|\n|upkeep\n|\n|t:|1697867899\n|switch|p2a: Mew|Mew|100\/100\n|turn|11\n|inactive|elpape has 120 seconds left.\n|\n|t:|1697867905\n|move|p2a: Mew|Iron Defense|p2a: Mew\n|-boost|p2a: Mew|def|2\n|move|p1b: Milotic|Coil|p1b: Milotic\n|-boost|p1b: Milotic|atk|1\n|-boost|p1b: Milotic|def|1\n|-boost|p1b: Milotic|accuracy|1\n|move|p1a: Wo-Chien|Leech Seed|p2a: Mew\n|-start|p2a: Mew|move: Leech Seed\n|cant|p2b: Clefable|par\n|\n|-damage|p2a: Mew|88\/100|[from] Leech Seed|[of] p1a: Wo-Chien\n|-end|p2b: Clefable|move: Taunt\n|upkeep\n|turn|12\n|\n|t:|1697867928\n|move|p2a: Mew|Iron Defense|p2a: Mew\n|-boost|p2a: Mew|def|2\n|move|p1b: Milotic|Hypnosis|p2a: Mew\n|-status|p2a: Mew|slp|[from] move: Hypnosis\n|move|p1a: Wo-Chien|Leech Seed|p2b: Clefable\n|-start|p2b: Clefable|move: Leech Seed\n|move|p2b: Clefable|Cosmic Power|p2b: Clefable\n|-boost|p2b: Clefable|def|1\n|-boost|p2b: Clefable|spd|1\n|\n|-heal|p2a: Mew|94\/100 slp|[from] item: Leftovers\n|-damage|p2a: Mew|82\/100 slp|[from] Leech Seed|[of] p1a: Wo-Chien\n|upkeep\n|turn|13\n|\n|t:|1697867941\n|switch|p1b: Grimmsnarl|Grimmsnarl, M|34\/100\n|cant|p2a: Mew|slp\n|move|p1a: Wo-Chien|Pollen Puff|p1b: Grimmsnarl\n|-heal|p1b: Grimmsnarl|84\/100\n|move|p2b: Clefable|Stored Power|p1b: Grimmsnarl\n|-immune|p1b: Grimmsnarl\n|\n|-heal|p2a: Mew|88\/100 slp|[from] item: Leftovers\n|-damage|p2a: Mew|75\/100 slp|[from] Leech Seed|[of] p1a: Wo-Chien\n|upkeep\n|turn|14\n|\n|t:|1697867955\n|move|p1b: Grimmsnarl|Fake Out|p2b: Clefable\n|-damage|p2b: Clefable|98\/100 par\n|-curestatus|p2a: Mew|slp|[msg]\n|move|p2a: Mew|Body Press|p1b: Grimmsnarl\n|-damage|p1b: Grimmsnarl|11\/100\n|move|p1a: Wo-Chien|Pollen Puff|p2a: Mew\n|-supereffective|p2a: Mew\n|-damage|p2a: Mew|46\/100\n|cant|p2b: Clefable|flinch\n|\n|-heal|p2a: Mew|52\/100|[from] item: Leftovers\n|-heal|p2b: Clefable|100\/100 par|[from] item: Leftovers\n|-damage|p2a: Mew|39\/100|[from] Leech Seed|[of] p1a: Wo-Chien\n|upkeep\n|turn|15\n|\n|t:|1697867977\n|move|p1b: Grimmsnarl|Parting Shot|p2a: Mew\n|-unboost|p2a: Mew|atk|1\n|-unboost|p2a: Mew|spa|1\n|\n|t:|1697867980\n|switch|p1b: Milotic|Milotic, F|83\/100|[from] Parting Shot\n|move|p2a: Mew|Body Press|p1a: Wo-Chien\n|-supereffective|p1a: Wo-Chien\n|-damage|p1a: Wo-Chien|16\/100\n|move|p1a: Wo-Chien|Pollen Puff|p1b: Milotic\n|-heal|p1b: Milotic|100\/100\n|move|p2b: Clefable|Cosmic Power|p2b: Clefable\n|-boost|p2b: Clefable|def|1\n|-boost|p2b: Clefable|spd|1\n|\n|-heal|p2a: Mew|45\/100|[from] item: Leftovers\n|-heal|p1a: Wo-Chien|22\/100|[from] item: Leftovers\n|-damage|p2a: Mew|33\/100|[from] Leech Seed|[of] p1a: Wo-Chien\n|-heal|p1a: Wo-Chien|35\/100|[silent]\n|upkeep\n|turn|16\n|l|\u2606elpape\n|inactive|elpape disconnected and has a minute to reconnect!\n|player|p2|\n|inactive|elpape has 30 seconds to reconnect!\n|j|\u2606elpape\n|inactive|elpape reconnected and has 120 seconds left.\n|player|p2|elpape|dragontamer\n|\n|t:|1697868035\n|move|p1a: Wo-Chien|Protect|p1a: Wo-Chien\n|-singleturn|p1a: Wo-Chien|Protect\n|move|p2a: Mew|Body Press|p1a: Wo-Chien\n|-activate|p1a: Wo-Chien|move: Protect\n|move|p1b: Milotic|Coil|p1b: Milotic\n|-boost|p1b: Milotic|atk|1\n|-boost|p1b: Milotic|def|1\n|-boost|p1b: Milotic|accuracy|1\n|move|p2b: Clefable|Cosmic Power|p2b: Clefable\n|-boost|p2b: Clefable|def|1\n|-boost|p2b: Clefable|spd|1\n|\n|-heal|p2a: Mew|39\/100|[from] item: Leftovers\n|-heal|p1a: Wo-Chien|41\/100|[from] item: Leftovers\n|-damage|p2a: Mew|27\/100|[from] Leech Seed|[of] p1a: Wo-Chien\n|-heal|p1a: Wo-Chien|55\/100|[silent]\n|upkeep\n|turn|17\n|inactive|elpape has 120 seconds left.\n|\n|t:|1697868060\n|switch|p1a: Torkoal|Torkoal, M|100\/100\n|-weather|SunnyDay|[from] ability: Drought|[of] p1a: Torkoal\n|move|p2a: Mew|Body Press|p1a: Torkoal\n|-damage|p1a: Torkoal|58\/100\n|move|p1b: Milotic|Scald|p2a: Mew\n|-damage|p2a: Mew|11\/100\n|cant|p2b: Clefable|par\n|\n|-weather|SunnyDay|[upkeep]\n|-heal|p2a: Mew|17\/100|[from] item: Leftovers\n|-heal|p1a: Torkoal|64\/100|[from] item: Leftovers\n|-damage|p2a: Mew|5\/100|[from] Leech Seed|[of] p1a: Torkoal\n|-heal|p1a: Torkoal|79\/100|[silent]\n|upkeep\n|turn|18\n|inactive|elpape has 120 seconds left.\n|\n|t:|1697868111\n|move|p1a: Torkoal|Protect|p1a: Torkoal\n|-singleturn|p1a: Torkoal|Protect\n|move|p2a: Mew|Body Press|p1a: Torkoal\n|-activate|p1a: Torkoal|move: Protect\n|move|p1b: Milotic|Scald|p2b: Clefable\n|-damage|p2b: Clefable|95\/100 par\n|move|p2b: Clefable|Stored Power|p1a: Torkoal\n|-activate|p1a: Torkoal|move: Protect\n|\n|-weather|SunnyDay|[upkeep]\n|-heal|p2a: Mew|11\/100|[from] item: Leftovers\n|-heal|p1a: Torkoal|85\/100|[from] item: Leftovers\n|-heal|p2b: Clefable|100\/100 par|[from] item: Leftovers\n|-damage|p2a: Mew|0 fnt|[from] Leech Seed|[of] p1a: Torkoal\n|-heal|p1a: Torkoal|97\/100|[silent]\n|faint|p2a: Mew\n|upkeep\n|turn|19\n|inactive|elpape has 90 seconds left.\n|inactive|wochien2 has 120 seconds left.\n|inactive|elpape has 60 seconds left.\n|\n|t:|1697868173\n|switch|p1b: Grimmsnarl|Grimmsnarl, M|11\/100\n|switch|p1a: Wo-Chien|Wo-Chien|55\/100\n|-ability|p1a: Wo-Chien|Tablets of Ruin\n|move|p2b: Clefable|Stored Power|p1b: Grimmsnarl\n|-immune|p1b: Grimmsnarl\n|\n|-weather|SunnyDay|[upkeep]\n|-heal|p1a: Wo-Chien|61\/100|[from] item: Leftovers\n|upkeep\n|turn|20\n|\n|t:|1697868185\n|move|p1b: Grimmsnarl|Fake Out|p2b: Clefable\n|-damage|p2b: Clefable|98\/100 par\n|move|p1a: Wo-Chien|Pollen Puff|p1b: Grimmsnarl\n|-heal|p1b: Grimmsnarl|61\/100\n|cant|p2b: Clefable|flinch\n|\n|-weather|SunnyDay|[upkeep]\n|-heal|p1a: Wo-Chien|67\/100|[from] item: Leftovers\n|-heal|p2b: Clefable|100\/100 par|[from] item: Leftovers\n|upkeep\n|turn|21\n|\n|t:|1697868193\n|move|p1b: Grimmsnarl|Scary Face|p2b: Clefable\n|-unboost|p2b: Clefable|spe|2\n|move|p1a: Wo-Chien|Pollen Puff|p1b: Grimmsnarl\n|-heal|p1b: Grimmsnarl|100\/100\n|move|p2b: Clefable|Baton Pass||[still]\n|-fail|p2b: Clefable\n|\n|-weather|none\n|-heal|p1a: Wo-Chien|73\/100|[from] item: Leftovers\n|upkeep\n|turn|22\n|\n|t:|1697868199\n|move|p1b: Grimmsnarl|Scary Face|p2b: Clefable\n|-unboost|p2b: Clefable|spe|2\n|move|p1a: Wo-Chien|Pollen Puff|p1b: Grimmsnarl\n|-immune|p1b: Grimmsnarl\n|move|p2b: Clefable|Baton Pass||[still]\n|-fail|p2b: Clefable\n|\n|-heal|p1a: Wo-Chien|79\/100|[from] item: Leftovers\n|upkeep\n|turn|23\n|\n|t:|1697868207\n|move|p1a: Wo-Chien|Protect|p1a: Wo-Chien\n|-singleturn|p1a: Wo-Chien|Protect\n|move|p1b: Grimmsnarl|Fake Out||[still]\n|-hint|Fake Out only works on your first turn out.\n|-fail|p1b: Grimmsnarl\n|move|p2b: Clefable|Baton Pass||[still]\n|-fail|p2b: Clefable\n|\n|-heal|p1a: Wo-Chien|85\/100|[from] item: Leftovers\n|upkeep\n|turn|24\n|\n|t:|1697868210\n|move|p1a: Wo-Chien|Protect|p1a: Wo-Chien\n|-singleturn|p1a: Wo-Chien|Protect\n|move|p1b: Grimmsnarl|Fake Out||[still]\n|-hint|Fake Out only works on your first turn out.\n|-fail|p1b: Grimmsnarl\n|cant|p2b: Clefable|par\n|\n|-heal|p1a: Wo-Chien|91\/100|[from] item: Leftovers\n|upkeep\n|turn|25\n|\n|t:|1697868213\n|move|p1a: Wo-Chien|Protect||[still]\n|-fail|p1a: Wo-Chien\n|move|p1b: Grimmsnarl|Fake Out||[still]\n|-hint|Fake Out only works on your first turn out.\n|-fail|p1b: Grimmsnarl\n|cant|p2b: Clefable|par\n|\n|-heal|p1a: Wo-Chien|98\/100|[from] item: Leftovers\n|upkeep\n|turn|26\n|\n|t:|1697868216\n|move|p1a: Wo-Chien|Protect|p1a: Wo-Chien\n|-singleturn|p1a: Wo-Chien|Protect\n|move|p1b: Grimmsnarl|Fake Out||[still]\n|-hint|Fake Out only works on your first turn out.\n|-fail|p1b: Grimmsnarl\n|move|p2b: Clefable|Baton Pass||[still]\n|-fail|p2b: Clefable\n|\n|-heal|p1a: Wo-Chien|100\/100|[from] item: Leftovers\n|upkeep\n|turn|27\n|\n|t:|1697868219\n|move|p1a: Wo-Chien|Protect||[still]\n|-fail|p1a: Wo-Chien\n|move|p1b: Grimmsnarl|Fake Out||[still]\n|-hint|Fake Out only works on your first turn out.\n|-fail|p1b: Grimmsnarl\n|move|p2b: Clefable|Baton Pass||[still]\n|-fail|p2b: Clefable\n|\n|upkeep\n|turn|28\n|\n|t:|1697868228\n|move|p1a: Wo-Chien|Protect|p1a: Wo-Chien\n|-singleturn|p1a: Wo-Chien|Protect\n|move|p1b: Grimmsnarl|Fake Out||[still]\n|-hint|Fake Out only works on your first turn out.\n|-fail|p1b: Grimmsnarl\n|move|p2b: Clefable|Baton Pass||[still]\n|-fail|p2b: Clefable\n|\n|upkeep\n|turn|29\n|\n|t:|1697868235\n|move|p1a: Wo-Chien|Protect||[still]\n|-fail|p1a: Wo-Chien\n|move|p1b: Grimmsnarl|Fake Out||[still]\n|-hint|Fake Out only works on your first turn out.\n|-fail|p1b: Grimmsnarl\n|move|p2b: Clefable|Cosmic Power|p2b: Clefable\n|-boost|p2b: Clefable|def|0\n|-boost|p2b: Clefable|spd|0\n|\n|upkeep\n|turn|30\n|\n|t:|1697868242\n|move|p1a: Wo-Chien|Protect|p1a: Wo-Chien\n|-singleturn|p1a: Wo-Chien|Protect\n|move|p1b: Grimmsnarl|Fake Out||[still]\n|-hint|Fake Out only works on your first turn out.\n|-fail|p1b: Grimmsnarl\n|move|p2b: Clefable|Cosmic Power|p2b: Clefable\n|-boost|p2b: Clefable|def|0\n|-boost|p2b: Clefable|spd|0\n|\n|upkeep\n|turn|31\n|\n|t:|1697868251\n|move|p1a: Wo-Chien|Protect||[still]\n|-fail|p1a: Wo-Chien\n|move|p1b: Grimmsnarl|Fake Out||[still]\n|-hint|Fake Out only works on your first turn out.\n|-fail|p1b: Grimmsnarl\n|move|p2b: Clefable|Baton Pass||[still]\n|-fail|p2b: Clefable\n|\n|upkeep\n|turn|32\n|\n|t:|1697868261\n|move|p1b: Grimmsnarl|Fake Out||[still]\n|-hint|Fake Out only works on your first turn out.\n|-fail|p1b: Grimmsnarl\n|move|p1a: Wo-Chien|Leech Seed||[still]\n|-fail|p1a: Wo-Chien\n|move|p2b: Clefable|Baton Pass||[still]\n|-fail|p2b: Clefable\n|\n|upkeep\n|turn|33\n|\n|t:|1697868266\n|move|p1a: Wo-Chien|Protect|p1a: Wo-Chien\n|-singleturn|p1a: Wo-Chien|Protect\n|move|p1b: Grimmsnarl|Fake Out||[still]\n|-hint|Fake Out only works on your first turn out.\n|-fail|p1b: Grimmsnarl\n|cant|p2b: Clefable|par\n|\n|upkeep\n|turn|34\n|\n|t:|1697868276\n|move|p1a: Wo-Chien|Protect|p1a: Wo-Chien\n|-singleturn|p1a: Wo-Chien|Protect\n|move|p1b: Grimmsnarl|Fake Out||[still]\n|-hint|Fake Out only works on your first turn out.\n|-fail|p1b: Grimmsnarl\n|cant|p2b: Clefable|par\n|\n|upkeep\n|turn|35\n|\n|t:|1697868283\n|move|p1a: Wo-Chien|Protect|p1a: Wo-Chien\n|-singleturn|p1a: Wo-Chien|Protect\n|move|p1b: Grimmsnarl|Fake Out||[still]\n|-hint|Fake Out only works on your first turn out.\n|-fail|p1b: Grimmsnarl\n|cant|p2b: Clefable|par\n|\n|upkeep\n|turn|36\n|\n|t:|1697868298\n|move|p1b: Grimmsnarl|Thunder Wave|p2b: Clefable\n|-fail|p2b: Clefable|par\n|move|p1a: Wo-Chien|Foul Play|p2b: Clefable\n|-resisted|p2b: Clefable\n|-damage|p2b: Clefable|99\/100 par\n|cant|p2b: Clefable|par\n|\n|-heal|p2b: Clefable|100\/100 par|[from] item: Leftovers\n|upkeep\n|turn|37\n|\n|t:|1697868302\n|move|p1b: Grimmsnarl|Thunder Wave|p2b: Clefable\n|-fail|p2b: Clefable|par\n|move|p1a: Wo-Chien|Foul Play|p2b: Clefable\n|-resisted|p2b: Clefable\n|-damage|p2b: Clefable|99\/100 par\n|move|p2b: Clefable|Baton Pass||[still]\n|-fail|p2b: Clefable\n|\n|-heal|p2b: Clefable|100\/100 par|[from] item: Leftovers\n|upkeep\n|turn|38\n|\n|t:|1697868311\n|move|p1b: Grimmsnarl|Thunder Wave|p2b: Clefable\n|-fail|p2b: Clefable|par\n|move|p1a: Wo-Chien|Foul Play|p2b: Clefable\n|-resisted|p2b: Clefable\n|-damage|p2b: Clefable|99\/100 par\n|move|p2b: Clefable|Baton Pass||[still]\n|-fail|p2b: Clefable\n|\n|-heal|p2b: Clefable|100\/100 par|[from] item: Leftovers\n|upkeep\n|turn|39\n|\n|t:|1697868321\n|move|p1b: Grimmsnarl|Thunder Wave|p2b: Clefable\n|-fail|p2b: Clefable|par\n|move|p1a: Wo-Chien|Foul Play|p2b: Clefable\n|-resisted|p2b: Clefable\n|-damage|p2b: Clefable|99\/100 par\n|move|p2b: Clefable|Baton Pass||[still]\n|-fail|p2b: Clefable\n|\n|-heal|p2b: Clefable|100\/100 par|[from] item: Leftovers\n|upkeep\n|turn|40\n|\n|t:|1697868327\n|move|p1b: Grimmsnarl|Thunder Wave|p2b: Clefable|[miss]\n|-miss|p1b: Grimmsnarl|p2b: Clefable\n|move|p1a: Wo-Chien|Foul Play|p2b: Clefable\n|-resisted|p2b: Clefable\n|-damage|p2b: Clefable|99\/100 par\n|move|p2b: Clefable|Baton Pass||[still]\n|-fail|p2b: Clefable\n|\n|-heal|p2b: Clefable|100\/100 par|[from] item: Leftovers\n|upkeep\n|turn|41\n|\n|t:|1697868332\n|move|p1b: Grimmsnarl|Thunder Wave|p2b: Clefable\n|-fail|p2b: Clefable|par\n|move|p1a: Wo-Chien|Foul Play|p2b: Clefable\n|-resisted|p2b: Clefable\n|-damage|p2b: Clefable|99\/100 par\n|move|p2b: Clefable|Baton Pass||[still]\n|-fail|p2b: Clefable\n|\n|-heal|p2b: Clefable|100\/100 par|[from] item: Leftovers\n|upkeep\n|turn|42\n|c|\u2606elpape|Im gping to win brsh\n|\n|t:|1697868352\n|move|p1b: Grimmsnarl|Thunder Wave|p2b: Clefable\n|-fail|p2b: Clefable|par\n|move|p1a: Wo-Chien|Foul Play|p2b: Clefable\n|-resisted|p2b: Clefable\n|-damage|p2b: Clefable|99\/100 par\n|move|p2b: Clefable|Baton Pass||[still]\n|-fail|p2b: Clefable\n|\n|-heal|p2b: Clefable|100\/100 par|[from] item: Leftovers\n|upkeep\n|turn|43\n|\n|t:|1697868357\n|move|p1b: Grimmsnarl|Thunder Wave|p2b: Clefable|[miss]\n|-miss|p1b: Grimmsnarl|p2b: Clefable\n|move|p1a: Wo-Chien|Foul Play|p2b: Clefable\n|-resisted|p2b: Clefable\n|-damage|p2b: Clefable|99\/100 par\n|cant|p2b: Clefable|par\n|\n|-heal|p2b: Clefable|100\/100 par|[from] item: Leftovers\n|upkeep\n|turn|44\n|c|\u2606wochien2|Please stop being a weenie\n|inactive|elpape has 120 seconds left.\n|\n|t:|1697868416\n|move|p1b: Grimmsnarl|Thunder Wave|p2b: Clefable\n|-fail|p2b: Clefable|par\n|move|p1a: Wo-Chien|Foul Play|p2b: Clefable\n|-resisted|p2b: Clefable\n|-damage|p2b: Clefable|99\/100 par\n|move|p2b: Clefable|Baton Pass||[still]\n|-fail|p2b: Clefable\n|\n|-heal|p2b: Clefable|100\/100 par|[from] item: Leftovers\n|upkeep\n|turn|45\n|c|\u2606elpape|Im winning\n|c|\u2606elpape|You are whining and llsing\n|c|\u2606elpape|Losing\n|inactive|elpape has 90 seconds left.\n|\n|t:|1697868448\n|move|p1b: Grimmsnarl|Thunder Wave|p2b: Clefable\n|-fail|p2b: Clefable|par\n|move|p1a: Wo-Chien|Foul Play|p2b: Clefable\n|-resisted|p2b: Clefable\n|-damage|p2b: Clefable|99\/100 par\n|move|p2b: Clefable|Baton Pass||[still]\n|-fail|p2b: Clefable\n|\n|-heal|p2b: Clefable|100\/100 par|[from] item: Leftovers\n|upkeep\n|turn|46\n|c|\u2606wochien2|Okay bestie\n|\n|t:|1697868458\n|move|p1b: Grimmsnarl|Thunder Wave|p2b: Clefable\n|-fail|p2b: Clefable|par\n|move|p1a: Wo-Chien|Foul Play|p2b: Clefable\n|-resisted|p2b: Clefable\n|-damage|p2b: Clefable|99\/100 par\n|cant|p2b: Clefable|par\n|\n|-heal|p2b: Clefable|100\/100 par|[from] item: Leftovers\n|upkeep\n|turn|47\n|\n|t:|1697868467\n|move|p1b: Grimmsnarl|Thunder Wave|p2b: Clefable\n|-fail|p2b: Clefable|par\n|move|p1a: Wo-Chien|Foul Play|p2b: Clefable\n|-resisted|p2b: Clefable\n|-damage|p2b: Clefable|99\/100 par\n|move|p2b: Clefable|Baton Pass||[still]\n|-fail|p2b: Clefable\n|\n|-heal|p2b: Clefable|100\/100 par|[from] item: Leftovers\n|upkeep\n|turn|48\n|c|\u2606elpape|Ok\n|\n|t:|1697868479\n|move|p1b: Grimmsnarl|Thunder Wave|p2b: Clefable\n|-fail|p2b: Clefable|par\n|move|p1a: Wo-Chien|Foul Play|p2b: Clefable\n|-resisted|p2b: Clefable\n|-damage|p2b: Clefable|99\/100 par\n|move|p2b: Clefable|Baton Pass||[still]\n|-fail|p2b: Clefable\n|\n|-heal|p2b: Clefable|100\/100 par|[from] item: Leftovers\n|upkeep\n|turn|49\n|\n|t:|1697868492\n|move|p1b: Grimmsnarl|Thunder Wave|p2b: Clefable\n|-fail|p2b: Clefable|par\n|move|p1a: Wo-Chien|Foul Play|p2b: Clefable\n|-resisted|p2b: Clefable\n|-damage|p2b: Clefable|99\/100 par\n|move|p2b: Clefable|Baton Pass||[still]\n|-fail|p2b: Clefable\n|\n|-heal|p2b: Clefable|100\/100 par|[from] item: Leftovers\n|upkeep\n|turn|50\n|inactive|wochien2 has 120 seconds left.\n|\n|t:|1697868534\n|move|p1b: Grimmsnarl|Thunder Wave|p2b: Clefable\n|-fail|p2b: Clefable|par\n|move|p1a: Wo-Chien|Foul Play|p2b: Clefable\n|-resisted|p2b: Clefable\n|-damage|p2b: Clefable|99\/100 par\n|cant|p2b: Clefable|par\n|\n|-heal|p2b: Clefable|100\/100 par|[from] item: Leftovers\n|upkeep\n|turn|51\n|\n|t:|1697868549\n|move|p1b: Grimmsnarl|Thunder Wave|p2b: Clefable\n|-fail|p2b: Clefable|par\n|move|p1a: Wo-Chien|Foul Play|p2b: Clefable\n|-resisted|p2b: Clefable\n|-damage|p2b: Clefable|99\/100 par\n|move|p2b: Clefable|Baton Pass||[still]\n|-fail|p2b: Clefable\n|\n|-heal|p2b: Clefable|100\/100 par|[from] item: Leftovers\n|upkeep\n|turn|52\n|\n|t:|1697868557\n|move|p1b: Grimmsnarl|Thunder Wave|p2b: Clefable\n|-fail|p2b: Clefable|par\n|move|p1a: Wo-Chien|Foul Play|p2b: Clefable\n|-resisted|p2b: Clefable\n|-damage|p2b: Clefable|99\/100 par\n|move|p2b: Clefable|Baton Pass||[still]\n|-fail|p2b: Clefable\n|\n|-heal|p2b: Clefable|100\/100 par|[from] item: Leftovers\n|upkeep\n|turn|53\n|\n|t:|1697868562\n|switch|p1a: Torkoal|Torkoal, M|97\/100\n|-weather|SunnyDay|[from] ability: Drought|[of] p1a: Torkoal\n|switch|p1b: Milotic|Milotic, F|100\/100\n|move|p2b: Clefable|Baton Pass||[still]\n|-fail|p2b: Clefable\n|\n|-weather|SunnyDay|[upkeep]\n|-heal|p1a: Torkoal|100\/100|[from] item: Leftovers\n|upkeep\n|turn|54\n|\n|t:|1697868564\n|switch|p1b: Grimmsnarl|Grimmsnarl, M|100\/100\n|switch|p1a: Wo-Chien|Wo-Chien|100\/100\n|-ability|p1a: Wo-Chien|Tablets of Ruin\n|move|p2b: Clefable|Baton Pass||[still]\n|-fail|p2b: Clefable\n|\n|-weather|SunnyDay|[upkeep]\n|upkeep\n|turn|55\n|\n|t:|1697868585\n|move|p1b: Grimmsnarl|Thunder Wave|p2b: Clefable\n|-fail|p2b: Clefable|par\n|move|p1a: Wo-Chien|Leech Seed||[still]\n|-fail|p1a: Wo-Chien\n|move|p2b: Clefable|Baton Pass||[still]\n|-fail|p2b: Clefable\n|\n|-weather|SunnyDay|[upkeep]\n|upkeep\n|turn|56\n|\n|t:|1697868591\n|switch|p1a: Torkoal|Torkoal, M|100\/100\n|switch|p1b: Milotic|Milotic, F|100\/100\n|move|p2b: Clefable|Baton Pass||[still]\n|-fail|p2b: Clefable\n|\n|-weather|SunnyDay|[upkeep]\n|upkeep\n|turn|57\n|\n|t:|1697868598\n|switch|p1b: Grimmsnarl|Grimmsnarl, M|100\/100\n|switch|p1a: Wo-Chien|Wo-Chien|100\/100\n|-ability|p1a: Wo-Chien|Tablets of Ruin\n|move|p2b: Clefable|Cosmic Power|p2b: Clefable\n|-boost|p2b: Clefable|def|0\n|-boost|p2b: Clefable|spd|0\n|\n|-weather|none\n|upkeep\n|turn|58\n|\n|t:|1697868604\n|switch|p1a: Torkoal|Torkoal, M|100\/100\n|-weather|SunnyDay|[from] ability: Drought|[of] p1a: Torkoal\n|switch|p1b: Milotic|Milotic, F|100\/100\n|move|p2b: Clefable|Baton Pass||[still]\n|-fail|p2b: Clefable\n|\n|-weather|SunnyDay|[upkeep]\n|upkeep\n|turn|59\n|\n|t:|1697868608\n|switch|p1b: Grimmsnarl|Grimmsnarl, M|100\/100\n|switch|p1a: Wo-Chien|Wo-Chien|100\/100\n|-ability|p1a: Wo-Chien|Tablets of Ruin\n|move|p2b: Clefable|Baton Pass||[still]\n|-fail|p2b: Clefable\n|\n|-weather|SunnyDay|[upkeep]\n|upkeep\n|turn|60\n|\n|t:|1697868618\n|switch|p1a: Torkoal|Torkoal, M|100\/100\n|switch|p1b: Milotic|Milotic, F|100\/100\n|move|p2b: Clefable|Stored Power|p1a: Torkoal\n|-damage|p1a: Torkoal|45\/100\n|\n|-weather|SunnyDay|[upkeep]\n|-heal|p1a: Torkoal|51\/100|[from] item: Leftovers\n|upkeep\n|turn|61\n|\n|t:|1697868627\n|switch|p1b: Wo-Chien|Wo-Chien|100\/100\n|-ability|p1b: Wo-Chien|Tablets of Ruin\n|move|p1a: Torkoal|Protect|p1a: Torkoal\n|-singleturn|p1a: Torkoal|Protect\n|move|p2b: Clefable|Baton Pass||[still]\n|-fail|p2b: Clefable\n|\n|-weather|SunnyDay|[upkeep]\n|-heal|p1a: Torkoal|57\/100|[from] item: Leftovers\n|upkeep\n|turn|62\n|\n|t:|1697868639\n|move|p1b: Wo-Chien|Pollen Puff|p1a: Torkoal\n|-heal|p1a: Torkoal|100\/100\n|move|p1a: Torkoal|Eruption|p2b: Clefable\n|-damage|p2b: Clefable|83\/100 par\n|move|p2b: Clefable|Baton Pass||[still]\n|-fail|p2b: Clefable\n|\n|-weather|none\n|-heal|p2b: Clefable|89\/100 par|[from] item: Leftovers\n|upkeep\n|turn|63\n|\n|t:|1697868653\n|switch|p1a: Grimmsnarl|Grimmsnarl, M|100\/100\n|move|p1b: Wo-Chien|Leech Seed|p2b: Clefable|[miss]\n|-miss|p1b: Wo-Chien|p2b: Clefable\n|cant|p2b: Clefable|par\n|\n|-heal|p2b: Clefable|95\/100 par|[from] item: Leftovers\n|upkeep\n|turn|64\n|\n|t:|1697868675\n|switch|p1b: Torkoal|Torkoal, M|100\/100\n|-weather|SunnyDay|[from] ability: Drought|[of] p1b: Torkoal\n|move|p1a: Grimmsnarl|Scary Face|p2b: Clefable\n|-unboost|p2b: Clefable|spe|0\n|move|p2b: Clefable|Baton Pass||[still]\n|-fail|p2b: Clefable\n|\n|-weather|SunnyDay|[upkeep]\n|-heal|p2b: Clefable|100\/100 par|[from] item: Leftovers\n|upkeep\n|turn|65\n|\n|t:|1697868689\n|move|p1a: Grimmsnarl|Parting Shot|p2b: Clefable\n|-unboost|p2b: Clefable|atk|1\n|-unboost|p2b: Clefable|spa|1\n|\n|t:|1697868692\n|switch|p1a: Wo-Chien|Wo-Chien|100\/100|[from] Parting Shot\n|-ability|p1a: Wo-Chien|Tablets of Ruin\n|move|p1b: Torkoal|Eruption|p2b: Clefable\n|-damage|p2b: Clefable|85\/100 par\n|cant|p2b: Clefable|par\n|\n|-weather|SunnyDay|[upkeep]\n|-heal|p2b: Clefable|91\/100 par|[from] item: Leftovers\n|upkeep\n|turn|66\n|\n|t:|1697868705\n|move|p1a: Wo-Chien|Pollen Puff|p1b: Torkoal\n|-immune|p1b: Torkoal\n|move|p1b: Torkoal|Eruption|p2b: Clefable\n|-damage|p2b: Clefable|76\/100 par\n|move|p2b: Clefable|Baton Pass||[still]\n|-fail|p2b: Clefable\n|\n|-weather|SunnyDay|[upkeep]\n|-heal|p2b: Clefable|82\/100 par|[from] item: Leftovers\n|upkeep\n|turn|67\n|\n|t:|1697868731\n|move|p1b: Torkoal|Protect|p1b: Torkoal\n|-singleturn|p1b: Torkoal|Protect\n|move|p1a: Wo-Chien|Leech Seed||[still]\n|-fail|p1a: Wo-Chien\n|move|p2b: Clefable|Baton Pass||[still]\n|-fail|p2b: Clefable\n|\n|-weather|SunnyDay|[upkeep]\n|-heal|p2b: Clefable|88\/100 par|[from] item: Leftovers\n|upkeep\n|turn|68\n|inactive|wochien2 has 120 seconds left.\n|c|\u2606wochien2|Haha 69 funny number\n|\n|t:|1697868768\n|switch|p1b: Grimmsnarl|Grimmsnarl, M|100\/100\n|move|p1a: Wo-Chien|Leech Seed||[still]\n|-fail|p1a: Wo-Chien\n|move|p2b: Clefable|Baton Pass||[still]\n|-fail|p2b: Clefable\n|\n|-weather|none\n|-heal|p2b: Clefable|95\/100 par|[from] item: Leftovers\n|upkeep\n|turn|69\n|inactive|wochien2 has 120 seconds left.\n|\n|t:|1697868789\n|move|p1b: Grimmsnarl|Parting Shot|p2b: Clefable\n|-unboost|p2b: Clefable|atk|1\n|-unboost|p2b: Clefable|spa|1\n|\n|t:|1697868793\n|switch|p1b: Torkoal|Torkoal, M|100\/100|[from] Parting Shot\n|-weather|SunnyDay|[from] ability: Drought|[of] p1b: Torkoal\n|move|p1a: Wo-Chien|Foul Play|p2b: Clefable\n|-resisted|p2b: Clefable\n|-damage|p2b: Clefable|94\/100 par\n|move|p2b: Clefable|Baton Pass||[still]\n|-fail|p2b: Clefable\n|\n|-weather|SunnyDay|[upkeep]\n|-heal|p2b: Clefable|99\/100 par|[from] item: Leftovers\n|upkeep\n|turn|70\n|\n|t:|1697868810\n|move|p1a: Wo-Chien|Leech Seed||[still]\n|-fail|p1a: Wo-Chien\n|move|p1b: Torkoal|Eruption|p2b: Clefable\n|-damage|p2b: Clefable|84\/100 par\n|move|p2b: Clefable|Baton Pass||[still]\n|-fail|p2b: Clefable\n|\n|-weather|SunnyDay|[upkeep]\n|-heal|p2b: Clefable|90\/100 par|[from] item: Leftovers\n|upkeep\n|turn|71\n|\n|t:|1697868822\n|move|p1a: Wo-Chien|Leech Seed||[still]\n|-fail|p1a: Wo-Chien\n|move|p1b: Torkoal|Eruption|p2b: Clefable\n|-damage|p2b: Clefable|74\/100 par\n|move|p2b: Clefable|Cosmic Power|p2b: Clefable\n|-boost|p2b: Clefable|def|0\n|-boost|p2b: Clefable|spd|0\n|\n|-weather|SunnyDay|[upkeep]\n|-heal|p2b: Clefable|80\/100 par|[from] item: Leftovers\n|upkeep\n|turn|72\n|\n|t:|1697868851\n|switch|p1b: Grimmsnarl|Grimmsnarl, M|100\/100\n|move|p1a: Wo-Chien|Protect|p1a: Wo-Chien\n|-singleturn|p1a: Wo-Chien|Protect\n|move|p2b: Clefable|Stored Power|p1b: Grimmsnarl\n|-immune|p1b: Grimmsnarl\n|\n|-weather|SunnyDay|[upkeep]\n|-heal|p2b: Clefable|86\/100 par|[from] item: Leftovers\n|upkeep\n|turn|73\n|-message|elpape forfeited.\n|\n|win|wochien2\n|raw|wochien2's rating: 1341 &rarr; <strong>1364<\/strong><br \/>(+23 for winning)\n|raw|elpape's rating: 1391 &rarr; <strong>1368<\/strong><br \/>(-23 for losing)\n|c|\u2606wochien2|No GG get help\n","uploadtime":1697868875,"views":14,"p1id":"wochien2","p2id":"elpape","formatid":"gen9doublesou","rating":1364,"private":0,"password":""}