{"id":"gen9doublesou-1990561931","p1":"AlfrexFrostStaff","p2":"DarthNoxian","format":"[Gen 9] Doubles OU","log":"|j|\u2606AlfrexFrostStaff\n|j|\u2606DarthNoxian\n|t:|1699981615\n|gametype|doubles\n|player|p1|AlfrexFrostStaff|hilbert|1165\n|player|p2|DarthNoxian|volkner|1125\n|teamsize|p1|6\n|teamsize|p2|6\n|gen|9\n|tier|[Gen 9] Doubles OU\n|rated|\n|rule|Species Clause: Limit one of each Pok\u00e9mon\n|rule|OHKO Clause: OHKO moves are banned\n|rule|Evasion Moves Clause: Evasion moves are banned\n|rule|Gravity Sleep Clause: The combination of sleep-inducing moves with imperfect accuracy and Gravity or Gigantamax Orbeetle are banned\n|rule|Endless Battle Clause: Forcing endless battles is banned\n|rule|HP Percentage Mod: HP is shown in percentages\n|clearpoke\n|poke|p1|Baxcalibur, F|\n|poke|p1|Gliscor, F|\n|poke|p1|Slowking-Galar, F|\n|poke|p1|Ogerpon-Hearthflame, F|\n|poke|p1|Rillaboom, M|\n|poke|p1|Palafin, F|\n|poke|p2|Kommo-o, F|\n|poke|p2|Cresselia, F|\n|poke|p2|Volcarona, F|\n|poke|p2|Quaquaval, M|\n|poke|p2|Scizor, F|\n|poke|p2|Oricorio, M|\n|teampreview\n|inactive|Battle timer is ON: inactive players will automatically lose when time's up. (requested by AlfrexFrostStaff)\n|\n|t:|1699981628\n|start\n|switch|p1a: Palafin|Palafin, F|100\/100\n|switch|p1b: Rillaboom|Rillaboom, M|100\/100\n|switch|p2a: Volcarona|Volcarona, F|100\/100\n|switch|p2b: Oricorio|Oricorio, M|100\/100\n|-item|p2b: Oricorio|Air Balloon\n|-fieldstart|move: Grassy Terrain|[from] ability: Grassy Surge|[of] p1b: Rillaboom\n|turn|1\n|\n|t:|1699981643\n|move|p2b: Oricorio|Protect|p2b: Oricorio\n|-singleturn|p2b: Oricorio|Protect\n|move|p1b: Rillaboom|Fake Out|p2b: Oricorio\n|-activate|p2b: Oricorio|move: Protect\n|move|p1a: Palafin|Flip Turn|p2a: Volcarona\n|-supereffective|p2a: Volcarona\n|-damage|p2a: Volcarona|56\/100\n|\n|t:|1699981648\n|detailschange|p1a: Palafin|Palafin-Hero, F\n|switch|p1a: Gliscor|Gliscor, F|100\/100|[from] Flip Turn\n|move|p2a: Volcarona|Quiver Dance|p2a: Volcarona\n|-boost|p2a: Volcarona|spa|1\n|-boost|p2a: Volcarona|spd|1\n|-boost|p2a: Volcarona|spe|1\n|-activate|p2b: Oricorio|ability: Dancer\n|move|p2b: Oricorio|Quiver Dance|p2b: Oricorio|[from]ability: Dancer\n|-boost|p2b: Oricorio|spa|1\n|-boost|p2b: Oricorio|spd|1\n|-boost|p2b: Oricorio|spe|1\n|\n|-heal|p2a: Volcarona|62\/100|[from] Grassy Terrain\n|-heal|p2a: Volcarona|68\/100|[from] item: Leftovers\n|-status|p1a: Gliscor|tox|[from] item: Toxic Orb\n|upkeep\n|turn|2\n|inactive|DarthNoxian has 120 seconds left.\n|\n|t:|1699981689\n|switch|p1b: Slowking|Slowking-Galar, F|100\/100\n|move|p2b: Oricorio|Tailwind|p2b: Oricorio\n|-sidestart|p2: DarthNoxian|move: Tailwind\n|move|p2a: Volcarona|Fiery Dance|p1b: Slowking\n|-damage|p1b: Slowking|72\/100\n|-activate|p2b: Oricorio|ability: Dancer\n|move|p2b: Oricorio|Fiery Dance|p1b: Slowking|[from]ability: Dancer\n|-damage|p1b: Slowking|39\/100\n|-boost|p2b: Oricorio|spa|1\n|move|p1a: Gliscor|High Horsepower|p2a: Volcarona\n|-damage|p2a: Volcarona|21\/100\n|\n|-heal|p2a: Volcarona|27\/100|[from] Grassy Terrain\n|-heal|p2a: Volcarona|33\/100|[from] item: Leftovers\n|-heal|p1b: Slowking|45\/100|[from] Grassy Terrain\n|-heal|p1b: Slowking|51\/100|[from] item: Leftovers\n|upkeep\n|turn|3\n|inactive|DarthNoxian has 120 seconds left.\n|\n|t:|1699981732\n|switch|p1b: Palafin|Palafin-Hero, F|100\/100\n|-activate|p1b: Palafin|ability: Zero to Hero\n|move|p2b: Oricorio|Revelation Dance|p1b: Palafin\n|-resisted|p1b: Palafin\n|-damage|p1b: Palafin|54\/100\n|move|p2a: Volcarona|Quiver Dance|p2a: Volcarona\n|-boost|p2a: Volcarona|spa|1\n|-boost|p2a: Volcarona|spd|1\n|-boost|p2a: Volcarona|spe|1\n|-activate|p2b: Oricorio|ability: Dancer\n|move|p2b: Oricorio|Quiver Dance|p2b: Oricorio|[from]ability: Dancer\n|-boost|p2b: Oricorio|spa|1\n|-boost|p2b: Oricorio|spd|1\n|-boost|p2b: Oricorio|spe|1\n|move|p1a: Gliscor|High Horsepower|p2a: Volcarona\n|-damage|p2a: Volcarona|0 fnt\n|faint|p2a: Volcarona\n|\n|-heal|p1b: Palafin|60\/100|[from] Grassy Terrain\n|upkeep\n|inactive|DarthNoxian has 90 seconds left.\n|\n|t:|1699981756\n|switch|p2a: Quaquaval|Quaquaval, M|100\/100\n|turn|4\n|\n|t:|1699981770\n|switch|p1a: Rillaboom|Rillaboom, M|100\/100\n|-terastallize|p2b: Oricorio|Electric\n|move|p1b: Palafin|Jet Punch|p2b: Oricorio\n|-damage|p2b: Oricorio|49\/100\n|-enditem|p2b: Oricorio|Air Balloon\n|move|p2b: Oricorio|Revelation Dance|p1b: Palafin\n|-supereffective|p1b: Palafin\n|-damage|p1b: Palafin|0 fnt\n|faint|p1b: Palafin\n|move|p2a: Quaquaval|Ice Spinner|p1a: Rillaboom\n|-supereffective|p1a: Rillaboom\n|-damage|p1a: Rillaboom|60\/100\n|-fieldend|move: Grassy Terrain\n|\n|upkeep\n|\n|t:|1699981779\n|switch|p1b: Gliscor|Gliscor, F|100\/100 tox\n|turn|5\n|inactive|DarthNoxian has 120 seconds left.\n|\n|t:|1699981794\n|switch|p1a: Slowking|Slowking-Galar, F|84\/100\n|move|p2b: Oricorio|Protect|p2b: Oricorio\n|-singleturn|p2b: Oricorio|Protect\n|move|p2a: Quaquaval|Aqua Step|p1b: Gliscor\n|-supereffective|p1b: Gliscor\n|-damage|p1b: Gliscor|46\/100 tox\n|-boost|p2a: Quaquaval|spe|1\n|-activate|p2b: Oricorio|ability: Dancer\n|move|p2b: Oricorio|Aqua Step|p1b: Gliscor|[from]ability: Dancer\n|-supereffective|p1b: Gliscor\n|-damage|p1b: Gliscor|24\/100 tox\n|-boost|p2b: Oricorio|spe|1\n|move|p1b: Gliscor|High Horsepower|p2b: Oricorio\n|-activate|p2b: Oricorio|move: Protect\n|\n|-heal|p1a: Slowking|90\/100|[from] item: Leftovers\n|-heal|p1b: Gliscor|36\/100 tox|[from] ability: Poison Heal\n|-sideend|p2: DarthNoxian|move: Tailwind\n|upkeep\n|turn|6\n|inactive|DarthNoxian has 120 seconds left.\n|\n|t:|1699981826\n|switch|p1b: Rillaboom|Rillaboom, M|60\/100\n|-fieldstart|move: Grassy Terrain|[from] ability: Grassy Surge|[of] p1b: Rillaboom\n|move|p2b: Oricorio|Revelation Dance|p1a: Slowking\n|-damage|p1a: Slowking|35\/100\n|move|p2a: Quaquaval|Aqua Step|p1b: Rillaboom\n|-resisted|p1b: Rillaboom\n|-damage|p1b: Rillaboom|43\/100\n|-boost|p2a: Quaquaval|spe|1\n|-activate|p2b: Oricorio|ability: Dancer\n|move|p2b: Oricorio|Aqua Step|p1b: Rillaboom|[from]ability: Dancer\n|-resisted|p1b: Rillaboom\n|-damage|p1b: Rillaboom|36\/100\n|-boost|p2b: Oricorio|spe|1\n|move|p1a: Slowking|Future Sight|p2a: Quaquaval\n|-start|p1a: Slowking|move: Future Sight\n|\n|-heal|p2b: Oricorio|55\/100|[from] Grassy Terrain\n|-heal|p1b: Rillaboom|43\/100|[from] Grassy Terrain\n|-heal|p1a: Slowking|41\/100|[from] Grassy Terrain\n|-heal|p1a: Slowking|47\/100|[from] item: Leftovers\n|upkeep\n|turn|7\n|inactive|DarthNoxian has 120 seconds left.\n|\n|t:|1699981856\n|move|p2b: Oricorio|Protect|p2b: Oricorio\n|-singleturn|p2b: Oricorio|Protect\n|move|p1b: Rillaboom|Fake Out|p2b: Oricorio\n|-activate|p2b: Oricorio|move: Protect\n|move|p2a: Quaquaval|Ice Spinner|p1b: Rillaboom\n|-supereffective|p1b: Rillaboom\n|-crit|p1b: Rillaboom\n|-damage|p1b: Rillaboom|0 fnt\n|-fieldend|move: Grassy Terrain\n|faint|p1b: Rillaboom\n|-ability|p2a: Quaquaval|Moxie|boost\n|-boost|p2a: Quaquaval|atk|1\n|move|p1a: Slowking|Chilly Reception|p1a: Slowking\n|-weather|Snow\n|-message|AlfrexFrostStaff forfeited.\n|\n|win|DarthNoxian\n|raw|AlfrexFrostStaff's rating: 1165 &rarr; <strong>1137<\/strong><br \/>(-28 for losing)\n|raw|DarthNoxian's rating: 1125 &rarr; <strong>1153<\/strong><br \/>(+28 for winning)\n|l|\u2606AlfrexFrostStaff\n","uploadtime":1699981884,"views":12,"p1id":"alfrexfroststaff","p2id":"darthnoxian","formatid":"gen9doublesou","rating":1137,"private":0,"password":""}