{"id":"gen9doublesou-1979384964","p1":"RT-Bubblez","p2":"magicgril","format":"[Gen 9] Doubles OU","log":"|j|\u2606RT-Bubblez\n|j|\u2606magicgril\n|t:|1698678479\n|gametype|doubles\n|player|p1|RT-Bubblez|265|1353\n|player|p2|magicgril|rosa-masters|1306\n|teamsize|p1|6\n|teamsize|p2|6\n|gen|9\n|tier|[Gen 9] Doubles OU\n|rated|\n|rule|Species Clause: Limit one of each Pok\u00e9mon\n|rule|OHKO Clause: OHKO moves are banned\n|rule|Evasion Moves Clause: Evasion moves are banned\n|rule|Gravity Sleep Clause: The combination of sleep-inducing moves with imperfect accuracy and Gravity or Gigantamax Orbeetle are banned\n|rule|Endless Battle Clause: Forcing endless battles is banned\n|rule|HP Percentage Mod: HP is shown in percentages\n|clearpoke\n|poke|p1|Shiftry, F|\n|poke|p1|Enamorus, F|\n|poke|p1|Hoopa-Unbound|\n|poke|p1|Kingambit, F|\n|poke|p1|Chandelure, F|\n|poke|p1|Gholdengo|\n|poke|p2|Tornadus, M|\n|poke|p2|Chi-Yu|\n|poke|p2|Indeedee-F, F|\n|poke|p2|Armarouge, F|\n|poke|p2|Chien-Pao|\n|poke|p2|Ogerpon-Hearthflame, F|\n|teampreview\n|inactive|Battle timer is ON: inactive players will automatically lose when time's up. (requested by magicgril)\n|\n|t:|1698678516\n|start\n|switch|p1a: Shiftry|Shiftry, F|100\/100\n|switch|p1b: Gholdengo|Gholdengo|100\/100\n|switch|p2a: Chien-Pao|Chien-Pao|100\/100\n|switch|p2b: Ogerpon|Ogerpon-Hearthflame, F|100\/100\n|-ability|p2a: Chien-Pao|Sword of Ruin\n|-ability|p2b: Ogerpon|Mold Breaker\n|turn|1\n|\n|t:|1698678533\n|-terastallize|p2b: Ogerpon|Fire\n|detailschange|p2b: Ogerpon|Ogerpon-Hearthflame-Tera, F, tera:Fire\n|-ability|p2b: Ogerpon|Embody Aspect (Hearthflame)|boost\n|-boost|p2b: Ogerpon|atk|1\n|-terastallize|p1b: Gholdengo|Water\n|move|p2a: Chien-Pao|Ice Spinner|p1a: Shiftry\n|-supereffective|p1a: Shiftry\n|-enditem|p1a: Shiftry|Focus Sash\n|-damage|p1a: Shiftry|1\/100\n|move|p2b: Ogerpon|Ivy Cudgel|p1b: Gholdengo\n|-resisted|p1b: Gholdengo\n|-damage|p1b: Gholdengo|9\/100\n|move|p1a: Shiftry|Tailwind|p1a: Shiftry\n|-sidestart|p1: RT-Bubblez|move: Tailwind\n|-ability|p1a: Shiftry|Wind Rider|boost\n|-boost|p1a: Shiftry|atk|1\n|move|p1b: Gholdengo|Nasty Plot|p1b: Gholdengo\n|-boost|p1b: Gholdengo|spa|2\n|\n|upkeep\n|turn|2\n|\n|t:|1698678559\n|switch|p2b: Tornadus|Tornadus, M|100\/100\n|move|p1a: Shiftry|Leaf Blade|p2a: Chien-Pao\n|-damage|p2a: Chien-Pao|23\/100\n|move|p1b: Gholdengo|Make It Rain|p2b: Tornadus|[spread] p2a,p2b\n|-supereffective|p2a: Chien-Pao\n|-damage|p2a: Chien-Pao|0 fnt\n|-enditem|p2b: Tornadus|Focus Sash\n|-damage|p2b: Tornadus|1\/100\n|-unboost|p1b: Gholdengo|spa|1\n|faint|p2a: Chien-Pao\n|\n|upkeep\n|inactive|magicgril has 120 seconds left.\n|\n|t:|1698678574\n|switch|p2a: Ogerpon|Ogerpon-Hearthflame-Tera, F, tera:Fire|100\/100\n|-ability|p2a: Ogerpon|Embody Aspect (Hearthflame)|boost\n|-boost|p2a: Ogerpon|atk|1\n|turn|3\n|\n|t:|1698678588\n|move|p2b: Tornadus|Tailwind|p2b: Tornadus\n|-sidestart|p2: magicgril|move: Tailwind\n|move|p2a: Ogerpon|Ivy Cudgel|p1a: Shiftry\n|-supereffective|p1a: Shiftry\n|-damage|p1a: Shiftry|0 fnt\n|faint|p1a: Shiftry\n|move|p1b: Gholdengo|Make It Rain|p2b: Tornadus|[spread] p2a,p2b\n|-resisted|p2a: Ogerpon\n|-damage|p2a: Ogerpon|60\/100\n|-damage|p2b: Tornadus|0 fnt\n|-unboost|p1b: Gholdengo|spa|1\n|faint|p2b: Tornadus\n|\n|upkeep\n|\n|t:|1698678598\n|switch|p2b: Chi-Yu|Chi-Yu|100\/100\n|switch|p1a: Chandelure|Chandelure, F|100\/100\n|-ability|p2b: Chi-Yu|Beads of Ruin\n|turn|4\n|\n|t:|1698678609\n|move|p2a: Ogerpon|Horn Leech|p1b: Gholdengo\n|-supereffective|p1b: Gholdengo\n|-damage|p1b: Gholdengo|0 fnt\n|-heal|p2a: Ogerpon|65\/100|[from] drain|[of] p1b: Gholdengo\n|faint|p1b: Gholdengo\n|move|p2b: Chi-Yu|Dark Pulse|p1a: Chandelure\n|-supereffective|p1a: Chandelure\n|-damage|p1a: Chandelure|0 fnt\n|faint|p1a: Chandelure\n|-damage|p2b: Chi-Yu|91\/100|[from] item: Life Orb\n|\n|-sideend|p1: RT-Bubblez|move: Tailwind\n|upkeep\n|\n|t:|1698678624\n|switch|p1b: Enamorus|Enamorus, F|100\/100\n|switch|p1a: Hoopa|Hoopa-Unbound|100\/100\n|turn|5\n|\n|t:|1698678638\n|move|p2a: Ogerpon|Horn Leech|p1a: Hoopa\n|-damage|p1a: Hoopa|0 fnt\n|-heal|p2a: Ogerpon|100\/100|[from] drain|[of] p1a: Hoopa\n|faint|p1a: Hoopa\n|move|p2b: Chi-Yu|Heat Wave|p1b: Enamorus\n|-damage|p1b: Enamorus|3\/100\n|-damage|p2b: Chi-Yu|81\/100|[from] item: Life Orb\n|move|p1b: Enamorus|Tailwind|p1b: Enamorus\n|-sidestart|p1: RT-Bubblez|move: Tailwind\n|\n|upkeep\n|\n|t:|1698678646\n|switch|p1a: Kingambit|Kingambit, F|100\/100\n|-activate|p1a: Kingambit|ability: Supreme Overlord\n|-start|p1a: Kingambit|fallen4|[silent]\n|turn|6\n|-enditem|p1b: Enamorus|Custap Berry|[eat]\n|-activate|p1b: Enamorus|item: Custap Berry|[consumed]\n|\n|t:|1698678657\n|move|p1b: Enamorus|Misty Explosion|p2a: Ogerpon|[spread] p1a,p2a,p2b\n|-resisted|p2a: Ogerpon\n|-damage|p1a: Kingambit|50\/100\n|-damage|p2a: Ogerpon|73\/100\n|-damage|p2b: Chi-Yu|41\/100\n|faint|p1b: Enamorus\n|move|p2a: Ogerpon|Ivy Cudgel|p1a: Kingambit\n|-supereffective|p1a: Kingambit\n|-crit|p1a: Kingambit\n|-damage|p1a: Kingambit|0 fnt\n|faint|p1a: Kingambit\n|-end|p1a: Kingambit|fallen4|[silent]\n|\n|win|magicgril\n|raw|RT-Bubblez's rating: 1353 &rarr; <strong>1330<\/strong><br \/>(-23 for losing)\n|raw|magicgril's rating: 1306 &rarr; <strong>1329<\/strong><br \/>(+23 for winning)\n|l|\u2606RT-Bubblez\n","uploadtime":1698678669,"views":23,"p1id":"rtbubblez","p2id":"magicgril","formatid":"gen9doublesou","rating":1329,"private":0,"password":""}