{"id":"gen9doublesou-1997298999","p1":"MasterDane69","p2":"Martin80","format":"[Gen 9] Doubles OU","log":"|j|\u2606MasterDane69\n|j|\u2606Martin80\n|t:|1700786358\n|gametype|doubles\n|player|p1|MasterDane69|170|1194\n|player|p2|Martin80|steven|1167\n|teamsize|p1|6\n|teamsize|p2|6\n|gen|9\n|tier|[Gen 9] Doubles OU\n|rated|\n|rule|Species Clause: Limit one of each Pok\u00e9mon\n|rule|OHKO Clause: OHKO moves are banned\n|rule|Evasion Moves Clause: Evasion moves are banned\n|rule|Gravity Sleep Clause: The combination of sleep-inducing moves with imperfect accuracy and Gravity or Gigantamax Orbeetle are banned\n|rule|Endless Battle Clause: Forcing endless battles is banned\n|rule|HP Percentage Mod: HP is shown in percentages\n|clearpoke\n|poke|p1|Chansey, F|\n|poke|p1|Grimmsnarl, M|\n|poke|p1|Walking Wake|\n|poke|p1|Murkrow, M|\n|poke|p1|Clodsire, M|\n|poke|p1|Gholdengo|\n|poke|p2|Garganacl, F|\n|poke|p2|Tinkaton, F|\n|poke|p2|Lokix, F|\n|poke|p2|Quaquaval, F|\n|poke|p2|Arboliva, F|\n|poke|p2|Ceruledge, F|\n|teampreview\n|inactive|Battle timer is ON: inactive players will automatically lose when time's up. (requested by MasterDane69)\n|c|\u2606Martin80|wtf is this\n|c|\u2606Martin80|im scared\n|\n|t:|1700786378\n|start\n|switch|p1a: Chansey|Chansey, F|100\/100\n|switch|p1b: Grimmsnarl|Grimmsnarl, M|100\/100\n|switch|p2a: Tinkaton|Tinkaton, F, shiny|100\/100\n|switch|p2b: Bichota|Lokix, F, shiny|100\/100\n|turn|1\n|c|\u2606MasterDane69|scared of chansey?\n|c|\u2606Martin80|this team dont means nothing good for me\n|inactive|Martin80 has 120 seconds left.\n|\n|t:|1700786413\n|move|p1b: Grimmsnarl|Reflect|p1b: Grimmsnarl\n|-sidestart|p1: MasterDane69|Reflect\n|move|p2a: Tinkaton|Gigaton Hammer|p1b: Grimmsnarl\n|-supereffective|p1b: Grimmsnarl\n|-damage|p1b: Grimmsnarl|15\/100\n|move|p2b: Bichota|Knock Off|p1a: Chansey\n|-damage|p1a: Chansey|76\/100\n|-enditem|p1a: Chansey|Eviolite|[from] move: Knock Off|[of] p2b: Bichota\n|-damage|p2b: Bichota|91\/100|[from] item: Life Orb\n|move|p1a: Chansey|Icy Wind|p2b: Bichota|[spread] p2a,p2b\n|-resisted|p2a: Tinkaton\n|-damage|p2a: Tinkaton|98\/100\n|-damage|p2b: Bichota|82\/100\n|-unboost|p2a: Tinkaton|spe|1\n|-unboost|p2b: Bichota|spe|1\n|\n|-heal|p2a: Tinkaton|100\/100|[from] item: Leftovers\n|upkeep\n|turn|2\n|\n|t:|1700786440\n|move|p1b: Grimmsnarl|Parting Shot|p2a: Tinkaton\n|-unboost|p2a: Tinkaton|atk|1\n|-unboost|p2a: Tinkaton|spa|1\n|\n|t:|1700786444\n|switch|p1b: Clodsire|Clodsire, M|100\/100|[from] Parting Shot\n|move|p2a: Tinkaton|Skitter Smack|p1b: Clodsire\n|-resisted|p1b: Clodsire\n|-damage|p1b: Clodsire|97\/100\n|-unboost|p1b: Clodsire|spa|1\n|move|p2b: Bichota|U-turn|p1a: Chansey\n|-damage|p1a: Chansey|49\/100\n|-damage|p2b: Bichota|72\/100|[from] item: Life Orb\n|c|\u2606Martin80|LET IT DIE\n|\n|t:|1700786455\n|switch|p2b: Ceruledge|Ceruledge, F, shiny|100\/100|[from] U-turn\n|move|p1a: Chansey|Icy Wind|p2b: Ceruledge|[spread] p2a,p2b\n|-resisted|p2a: Tinkaton\n|-resisted|p2b: Ceruledge\n|-damage|p2a: Tinkaton|98\/100\n|-damage|p2b: Ceruledge|98\/100\n|-unboost|p2a: Tinkaton|spe|1\n|-unboost|p2b: Ceruledge|spe|1\n|\n|-heal|p2a: Tinkaton|100\/100|[from] item: Leftovers\n|-heal|p1b: Clodsire|100\/100|[from] item: Black Sludge\n|upkeep\n|turn|3\n|\n|t:|1700786473\n|move|p2b: Ceruledge|Swords Dance|p2b: Ceruledge\n|-boost|p2b: Ceruledge|atk|2\n|move|p2a: Tinkaton|Gigaton Hammer|p1a: Chansey\n|-damage|p1a: Chansey|26\/100\n|move|p1a: Chansey|Skill Swap|p2b: Ceruledge\n|-activate|p1a: Chansey|move: Skill Swap|Weak Armor|Natural Cure|[of] p2b: Ceruledge\n|move|p1b: Clodsire|Stealth Rock|p2a: Tinkaton\n|-sidestart|p2: Martin80|move: Stealth Rock\n|\n|upkeep\n|turn|4\n|\n|t:|1700786490\n|move|p2b: Ceruledge|Bitter Blade|p1a: Chansey\n|-damage|p1a: Chansey|0 fnt\n|-heal|p2b: Ceruledge|100\/100|[from] drain|[of] p1a: Chansey\n|faint|p1a: Chansey\n|move|p2a: Tinkaton|Skitter Smack|p1b: Clodsire\n|-resisted|p1b: Clodsire\n|-damage|p1b: Clodsire|97\/100\n|-unboost|p1b: Clodsire|spa|1\n|move|p1b: Clodsire|Chilling Water|p2b: Ceruledge\n|-supereffective|p2b: Ceruledge\n|-damage|p2b: Ceruledge|92\/100\n|-unboost|p2b: Ceruledge|atk|1\n|-enditem|p2b: Ceruledge|Weakness Policy\n|-boost|p2b: Ceruledge|atk|2|[from] item: Weakness Policy\n|-boost|p2b: Ceruledge|spa|2|[from] item: Weakness Policy\n|\n|-heal|p1b: Clodsire|100\/100|[from] item: Black Sludge\n|upkeep\n|c|\u2606Martin80|No more icy wind\n|\n|t:|1700786506\n|switch|p1a: Gholdengo|Gholdengo|100\/100\n|turn|5\n|c|\u2606Martin80|and no more speed fell\n|\n|t:|1700786524\n|move|p2a: Tinkaton|Helping Hand|p2b: Ceruledge\n|-singleturn|p2b: Ceruledge|Helping Hand|[of] p2a: Tinkaton\n|move|p1a: Gholdengo|Shadow Ball|p2b: Ceruledge\n|-supereffective|p2b: Ceruledge\n|-damage|p2b: Ceruledge|0 fnt\n|faint|p2b: Ceruledge\n|move|p1b: Clodsire|Chilling Water|p2a: Tinkaton\n|-damage|p2a: Tinkaton|97\/100\n|-unboost|p2a: Tinkaton|atk|1\n|\n|-heal|p2a: Tinkaton|100\/100|[from] item: Leftovers\n|upkeep\n|\n|t:|1700786536\n|switch|p2b: Jolyne|Quaquaval, F, shiny|100\/100\n|turn|6\n|\n|t:|1700786550\n|move|p2b: Jolyne|Rapid Spin|p1b: Clodsire\n|-damage|p1b: Clodsire|88\/100\n|-boost|p2b: Jolyne|spe|1\n|-sideend|p2: Martin80|Stealth Rock|[from] move: Rapid Spin|[of] p2b: Jolyne\n|move|p1a: Gholdengo|Shadow Ball|p2b: Jolyne\n|-damage|p2b: Jolyne|9\/100\n|move|p2a: Tinkaton|Skitter Smack|p1a: Gholdengo\n|-resisted|p1a: Gholdengo\n|-damage|p1a: Gholdengo|99\/100\n|-unboost|p1a: Gholdengo|spa|1\n|move|p1b: Clodsire|Chilling Water|p2a: Tinkaton\n|-damage|p2a: Tinkaton|97\/100\n|-unboost|p2a: Tinkaton|atk|1\n|\n|-heal|p2a: Tinkaton|100\/100|[from] item: Leftovers\n|-heal|p1b: Clodsire|95\/100|[from] item: Black Sludge\n|upkeep\n|turn|7\n|\n|t:|1700786577\n|switch|p2b: Bichota|Lokix, F, shiny|72\/100\n|move|p1a: Gholdengo|Shadow Ball|p2b: Bichota\n|-resisted|p2b: Bichota\n|-damage|p2b: Bichota|34\/100\n|-unboost|p2b: Bichota|spd|1\n|move|p2a: Tinkaton|Skitter Smack|p1a: Gholdengo\n|-resisted|p1a: Gholdengo\n|-damage|p1a: Gholdengo|98\/100\n|-unboost|p1a: Gholdengo|spa|1\n|move|p1b: Clodsire|Stealth Rock|p2b: Bichota\n|-sidestart|p2: Martin80|move: Stealth Rock\n|\n|-heal|p1b: Clodsire|100\/100|[from] item: Black Sludge\n|upkeep\n|turn|8\n|inactive|Martin80 has 120 seconds left.\n|\n|t:|1700786624\n|switch|p2b: Arboliva|Arboliva, F, shiny|100\/100\n|-damage|p2b: Arboliva|88\/100|[from] Stealth Rock\n|switch|p1a: Grimmsnarl|Grimmsnarl, M|15\/100\n|switch|p2a: Golemcita|Garganacl, F, shiny|100\/100\n|-damage|p2a: Golemcita|88\/100|[from] Stealth Rock\n|move|p1b: Clodsire|Sludge Bomb|p2b: Arboliva\n|-supereffective|p2b: Arboliva\n|-damage|p2b: Arboliva|76\/100\n|-fieldstart|move: Grassy Terrain|[from] ability: Seed Sower|[of] p2b: Arboliva\n|-enditem|p2b: Arboliva|Grassy Seed\n|-boost|p2b: Arboliva|def|1|[from] item: Grassy Seed\n|\n|-heal|p1a: Grimmsnarl|21\/100|[from] Grassy Terrain\n|-heal|p2b: Arboliva|82\/100|[from] Grassy Terrain\n|-heal|p2a: Golemcita|94\/100|[from] Grassy Terrain\n|-heal|p2a: Golemcita|100\/100|[from] item: Leftovers\n|-sideend|p1: MasterDane69|Reflect\n|upkeep\n|turn|9\n|inactive|Martin80 has 120 seconds left.\n|c|\u2606Martin80|noooooooo,not again\n|\n|t:|1700786651\n|move|p1a: Grimmsnarl|Reflect|p1a: Grimmsnarl\n|-sidestart|p1: MasterDane69|Reflect\n|move|p2b: Arboliva|Giga Drain|p1a: Grimmsnarl\n|-damage|p1a: Grimmsnarl|0 fnt\n|-heal|p2b: Arboliva|93\/100|[from] drain|[of] p1a: Grimmsnarl\n|faint|p1a: Grimmsnarl\n|move|p2a: Golemcita|Salt Cure|p1b: Clodsire\n|-resisted|p1b: Clodsire\n|-damage|p1b: Clodsire|95\/100\n|-start|p1b: Clodsire|Salt Cure\n|move|p1b: Clodsire|Toxic|p2a: Golemcita\n|-immune|p2a: Golemcita|[from] ability: Purifying Salt\n|\n|-heal|p2b: Arboliva|99\/100|[from] Grassy Terrain\n|-heal|p1b: Clodsire|100\/100|[from] Grassy Terrain\n|-damage|p1b: Clodsire|88\/100|[from] Salt Cure\n|upkeep\n|inactive|MasterDane69 has 120 seconds left.\n|\n|t:|1700786671\n|switch|p1a: Gholdengo|Gholdengo|98\/100\n|turn|10\n|\n|t:|1700786680\n|switch|p1b: Murkrow|Murkrow, M|100\/100\n|-terastallize|p1a: Gholdengo|Steel\n|move|p2a: Golemcita|Wide Guard|p2a: Golemcita\n|-singleturn|p2a: Golemcita|Wide Guard\n|move|p1a: Gholdengo|Make It Rain|p2b: Arboliva|[spread] \n|-activate|p2a: Golemcita|move: Wide Guard\n|-activate|p2b: Arboliva|move: Wide Guard\n|move|p2b: Arboliva|Leech Seed|p1b: Murkrow\n|-start|p1b: Murkrow|move: Leech Seed\n|\n|-heal|p1a: Gholdengo|100\/100|[from] Grassy Terrain\n|-heal|p2b: Arboliva|100\/100|[from] Grassy Terrain\n|-damage|p1b: Murkrow|88\/100|[from] Leech Seed|[of] p2b: Arboliva\n|upkeep\n|turn|11\n|c|\u2606Martin80|nuh uh\n|\n|t:|1700786702\n|switch|p1a: Walking Wake|Walking Wake|100\/100\n|-enditem|p1a: Walking Wake|Booster Energy\n|-activate|p1a: Walking Wake|ability: Protosynthesis|[fromitem]\n|-start|p1a: Walking Wake|protosynthesisspa\n|move|p2a: Golemcita|Wide Guard|p2a: Golemcita\n|-singleturn|p2a: Golemcita|Wide Guard\n|move|p1b: Murkrow|Tailwind|p1b: Murkrow\n|-sidestart|p1: MasterDane69|move: Tailwind\n|move|p2b: Arboliva|Dazzling Gleam|p1b: Murkrow|[spread] p1a,p1b\n|-supereffective|p1a: Walking Wake\n|-supereffective|p1b: Murkrow\n|-damage|p1a: Walking Wake|56\/100\n|-damage|p1b: Murkrow|57\/100\n|\n|-heal|p1a: Walking Wake|62\/100|[from] Grassy Terrain\n|-damage|p1b: Murkrow|44\/100|[from] Leech Seed|[of] p2b: Arboliva\n|upkeep\n|turn|12\n|c|\u2606MasterDane69|im faster now\n|c|\u2606Martin80|I DONT CARE\n|inactive|Martin80 has 120 seconds left.\n|\n|t:|1700786733\n|move|p1b: Murkrow|Thunder Wave|p2b: Arboliva\n|-status|p2b: Arboliva|par\n|move|p1a: Walking Wake|Flamethrower|p2b: Arboliva\n|-supereffective|p2b: Arboliva\n|-damage|p2b: Arboliva|35\/100 par\n|move|p2a: Golemcita|Salt Cure|p1a: Walking Wake\n|-damage|p1a: Walking Wake|52\/100\n|-start|p1a: Walking Wake|Salt Cure\n|move|p2b: Arboliva|Dazzling Gleam|p1a: Walking Wake|[spread] p1a,p1b\n|-supereffective|p1a: Walking Wake\n|-supereffective|p1b: Murkrow\n|-damage|p1a: Walking Wake|11\/100\n|-damage|p1b: Murkrow|16\/100\n|\n|-heal|p1a: Walking Wake|17\/100|[from] Grassy Terrain\n|-heal|p2b: Arboliva|42\/100 par|[from] Grassy Terrain\n|-damage|p1b: Murkrow|4\/100|[from] Leech Seed|[of] p2b: Arboliva\n|-heal|p2b: Arboliva|53\/100 par|[silent]\n|-damage|p1a: Walking Wake|0 fnt|[from] Salt Cure\n|faint|p1a: Walking Wake\n|-end|p1a: Walking Wake|Protosynthesis|[silent]\n|-fieldend|move: Grassy Terrain\n|upkeep\n|inactive|MasterDane69 has 120 seconds left.\n|\n|t:|1700786757\n|switch|p1a: Gholdengo|Gholdengo, tera:Steel|100\/100\n|turn|13\n|inactive|MasterDane69 has 120 seconds left.\n|\n|t:|1700786778\n|move|p2b: Arboliva|Protect|p2b: Arboliva\n|-singleturn|p2b: Arboliva|Protect\n|move|p2a: Golemcita|Wide Guard|p2a: Golemcita\n|-singleturn|p2a: Golemcita|Wide Guard\n|move|p1a: Gholdengo|Thunderbolt|p2a: Golemcita\n|-damage|p2a: Golemcita|64\/100\n|move|p1b: Murkrow|Foul Play|p2a: Golemcita\n|-damage|p2a: Golemcita|44\/100\n|\n|-heal|p2a: Golemcita|50\/100|[from] item: Leftovers\n|-damage|p1b: Murkrow|0 fnt|[from] Leech Seed|[of] p2b: Arboliva\n|-heal|p2b: Arboliva|56\/100 par|[silent]\n|faint|p1b: Murkrow\n|upkeep\n|inactive|MasterDane69 has 120 seconds left.\n|\n|t:|1700786790\n|switch|p1b: Clodsire|Clodsire, M|88\/100\n|turn|14\n|\n|t:|1700786799\n|move|p1a: Gholdengo|Thunderbolt|p2a: Golemcita\n|-damage|p2a: Golemcita|14\/100\n|move|p1b: Clodsire|Chilling Water|p2a: Golemcita\n|-supereffective|p2a: Golemcita\n|-damage|p2a: Golemcita|4\/100\n|-unboost|p2a: Golemcita|atk|1\n|move|p2a: Golemcita|Salt Cure|p1a: Gholdengo\n|-resisted|p1a: Gholdengo\n|-damage|p1a: Gholdengo|97\/100\n|-start|p1a: Gholdengo|Salt Cure\n|move|p2b: Arboliva|Leech Seed|p1b: Clodsire\n|-start|p1b: Clodsire|move: Leech Seed\n|\n|-heal|p1b: Clodsire|94\/100|[from] item: Black Sludge\n|-heal|p2a: Golemcita|10\/100|[from] item: Leftovers\n|-damage|p1b: Clodsire|82\/100|[from] Leech Seed|[of] p2b: Arboliva\n|-heal|p2b: Arboliva|72\/100 par|[silent]\n|-damage|p1a: Gholdengo|72\/100|[from] Salt Cure\n|-sideend|p1: MasterDane69|move: Tailwind\n|upkeep\n|turn|15\n|c|\u2606Martin80|LETS GOOOOOOOO\n|c|\u2606MasterDane69|IM LOCKED INTO THUNDERBOLT\n|c|\u2606MasterDane69|BECAUSE IM SPECS\n|c|\u2606MasterDane69|GG WP\n|-message|MasterDane69 forfeited.\n|\n|win|Martin80\n|raw|MasterDane69's rating: 1194 &rarr; <strong>1167<\/strong><br \/>(-27 for losing)\n|raw|Martin80's rating: 1167 &rarr; <strong>1194<\/strong><br \/>(+27 for winning)\n|l|\u2606MasterDane69\n","uploadtime":1700786828,"views":6,"p1id":"masterdane69","p2id":"martin80","formatid":"gen9doublesou","rating":1167,"private":0,"password":""}