{"id":"gen9doublesou-1971831915","p1":"balloongrapes","p2":"Thehombre","format":"[Gen 9] Doubles OU","log":"|j|\u2606balloongrapes\n|j|\u2606Thehombre\n|t:|1697778260\n|gametype|doubles\n|player|p1|balloongrapes|boarder|1225\n|player|p2|Thehombre|102|1043\n|teamsize|p1|6\n|teamsize|p2|6\n|gen|9\n|tier|[Gen 9] Doubles OU\n|rated|\n|rule|Species Clause: Limit one of each Pok\u00e9mon\n|rule|OHKO Clause: OHKO moves are banned\n|rule|Evasion Moves Clause: Evasion moves are banned\n|rule|Gravity Sleep Clause: The combination of sleep-inducing moves with imperfect accuracy and Gravity or Gigantamax Orbeetle are banned\n|rule|Endless Battle Clause: Forcing endless battles is banned\n|rule|HP Percentage Mod: HP is shown in percentages\n|clearpoke\n|poke|p1|Maushold-Four|\n|poke|p1|Roaring Moon|\n|poke|p1|Talonflame, M|\n|poke|p1|Ceruledge, M|\n|poke|p1|Rabsca, F|\n|poke|p1|Klefki, F|\n|poke|p2|Fezandipiti, M|\n|poke|p2|Overqwil, F|\n|poke|p2|Munkidori, M|\n|poke|p2|Landorus, M|\n|poke|p2|Corviknight, F|\n|poke|p2|Muk-Alola, M|\n|teampreview\n|inactive|Battle timer is ON: inactive players will automatically lose when time's up. (requested by balloongrapes)\n|inactive|balloongrapes has 120 seconds left.\n|inactive|balloongrapes has 90 seconds left.\n|\n|t:|1697778337\n|start\n|switch|p1a: Talonflame|Talonflame, M|100\/100\n|switch|p1b: Ceruledge|Ceruledge, M|100\/100\n|switch|p2a: Fezandipiti|Fezandipiti, M|100\/100\n|switch|p2b: Muk|Muk-Alola, M|100\/100\n|turn|1\n|inactive|balloongrapes has 120 seconds left.\n|\n|t:|1697778385\n|-terastallize|p1b: Ceruledge|Water\n|move|p1a: Talonflame|Tailwind|p1a: Talonflame\n|-sidestart|p1: balloongrapes|move: Tailwind\n|move|p1b: Ceruledge|Swords Dance|p1b: Ceruledge\n|-boost|p1b: Ceruledge|atk|2\n|move|p2a: Fezandipiti|Icy Wind|p1b: Ceruledge|[spread] p1a,p1b\n|-resisted|p1b: Ceruledge\n|-damage|p1a: Talonflame|89\/100\n|-damage|p1b: Ceruledge|95\/100\n|-unboost|p1a: Talonflame|spe|1\n|-unboost|p1b: Ceruledge|spe|1\n|-enditem|p1a: Talonflame|Red Card|[of] p2a: Fezandipiti\n|drag|p2a: Overqwil|Overqwil, F|100\/100\n|move|p2b: Muk|Curse|p2b: Muk\n|-unboost|p2b: Muk|spe|1\n|-boost|p2b: Muk|atk|1\n|-boost|p2b: Muk|def|1\n|\n|upkeep\n|turn|2\n|inactive|balloongrapes has 120 seconds left.\n|\n|t:|1697778408\n|move|p1a: Talonflame|Flamethrower|p1b: Ceruledge\n|-start|p1b: Ceruledge|ability: Flash Fire\n|move|p1b: Ceruledge|Bitter Blade|p2b: Muk\n|-damage|p2b: Muk|8\/100\n|-heal|p1b: Ceruledge|100\/100|[from] drain|[of] p2b: Muk\n|move|p2a: Overqwil|Barb Barrage|p1b: Ceruledge\n|-damage|p1b: Ceruledge|64\/100\n|move|p2b: Muk|Poison Jab|p1b: Ceruledge\n|-crit|p1b: Ceruledge\n|-damage|p1b: Ceruledge|0 fnt\n|faint|p1b: Ceruledge\n|\n|-heal|p2b: Muk|14\/100|[from] item: Leftovers\n|upkeep\n|\n|t:|1697778423\n|switch|p1b: Roaring Moon|Roaring Moon|100\/100\n|turn|3\n|\n|t:|1697778429\n|move|p1b: Roaring Moon|Earthquake|p2a: Overqwil|[spread] p2a,p2b\n|-immune|p1a: Talonflame\n|-supereffective|p2a: Overqwil\n|-supereffective|p2b: Muk\n|-damage|p2a: Overqwil|34\/100\n|-damage|p2b: Muk|0 fnt\n|faint|p2b: Muk\n|move|p1a: Talonflame|Sunny Day|p1a: Talonflame\n|-weather|SunnyDay\n|-activate|p1b: Roaring Moon|ability: Protosynthesis\n|-start|p1b: Roaring Moon|protosynthesisatk\n|move|p2a: Overqwil|Barb Barrage|p1b: Roaring Moon\n|-crit|p1b: Roaring Moon\n|-damage|p1b: Roaring Moon|48\/100\n|\n|-weather|SunnyDay|[upkeep]\n|upkeep\n|\n|t:|1697778439\n|switch|p2b: Landorus|Landorus, M|100\/100\n|turn|4\n|\n|t:|1697778448\n|move|p1b: Roaring Moon|Earthquake|p2b: Landorus|[spread] p2a\n|-immune|p1a: Talonflame\n|-immune|p2b: Landorus\n|-supereffective|p2a: Overqwil\n|-damage|p2a: Overqwil|0 fnt\n|faint|p2a: Overqwil\n|move|p1a: Talonflame|Air Slash|p2b: Landorus\n|-damage|p2b: Landorus|74\/100\n|cant|p2b: Landorus|flinch\n|\n|-weather|SunnyDay|[upkeep]\n|-heal|p2b: Landorus|80\/100|[from] item: Leftovers\n|-sideend|p1: balloongrapes|move: Tailwind\n|upkeep\n|\n|t:|1697778459\n|switch|p2a: Munkidori|Munkidori, M|100\/100\n|turn|5\n|\n|t:|1697778487\n|switch|p2a: Corviknight|Corviknight, F|100\/100\n|move|p1b: Roaring Moon|Earthquake|p2b: Landorus|[spread] \n|-immune|p1a: Talonflame\n|-immune|p2a: Corviknight\n|-immune|p2b: Landorus\n|move|p2b: Landorus|Earth Power|p1b: Roaring Moon\n|-damage|p1b: Roaring Moon|0 fnt\n|faint|p1b: Roaring Moon\n|-end|p1b: Roaring Moon|Protosynthesis|[silent]\n|move|p1a: Talonflame|Air Slash|p2a: Corviknight\n|-resisted|p2a: Corviknight\n|-damage|p2a: Corviknight|89\/100\n|\n|-weather|SunnyDay|[upkeep]\n|-heal|p2b: Landorus|86\/100|[from] item: Leftovers\n|-heal|p2a: Corviknight|95\/100|[from] item: Leftovers\n|upkeep\n|\n|t:|1697778494\n|switch|p1b: Rabsca|Rabsca, F|100\/100\n|turn|6\n|\n|t:|1697778512\n|move|p2b: Landorus|Sludge Bomb|p1b: Rabsca\n|-damage|p1b: Rabsca|61\/100\n|move|p2a: Corviknight|Drill Peck|p1b: Rabsca\n|-supereffective|p1b: Rabsca\n|-damage|p1b: Rabsca|0 fnt\n|faint|p1b: Rabsca\n|move|p1a: Talonflame|Flamethrower|p2a: Corviknight\n|-supereffective|p2a: Corviknight\n|-damage|p2a: Corviknight|7\/100\n|\n|-weather|SunnyDay|[upkeep]\n|-heal|p2b: Landorus|92\/100|[from] item: Leftovers\n|-heal|p2a: Corviknight|14\/100|[from] item: Leftovers\n|upkeep\n|\n|t:|1697778523\n|switch|p1b: Klefki|Klefki, F|100\/100\n|turn|7\n|\n|t:|1697778531\n|move|p1b: Klefki|Reflect|p1b: Klefki\n|-sidestart|p1: balloongrapes|Reflect\n|move|p2b: Landorus|Earth Power|p1b: Klefki\n|-supereffective|p1b: Klefki\n|-damage|p1b: Klefki|0 fnt\n|faint|p1b: Klefki\n|move|p2a: Corviknight|Drill Peck|p1a: Talonflame\n|-damage|p1a: Talonflame|63\/100\n|move|p1a: Talonflame|Flamethrower|p2a: Corviknight\n|-supereffective|p2a: Corviknight\n|-damage|p2a: Corviknight|0 fnt\n|faint|p2a: Corviknight\n|\n|-weather|none\n|-heal|p2b: Landorus|98\/100|[from] item: Leftovers\n|upkeep\n|\n|t:|1697778537\n|switch|p2a: Fezandipiti|Fezandipiti, M|100\/100\n|switch|p1b: Maushold|Maushold-Four|100\/100\n|turn|8\n|c|\u2606balloongrapes|gae gaym\n|\n|t:|1697778556\n|move|p1b: Maushold|Follow Me|p1b: Maushold\n|-singleturn|p1b: Maushold|move: Follow Me\n|move|p2b: Landorus|Earth Power|p1b: Maushold\n|-damage|p1b: Maushold|27\/100\n|move|p2a: Fezandipiti|Icy Wind|p1a: Talonflame|[spread] p1a,p1b\n|-damage|p1a: Talonflame|56\/100\n|-damage|p1b: Maushold|14\/100\n|-unboost|p1a: Talonflame|spe|1\n|-unboost|p1b: Maushold|spe|1\n|-status|p1a: Talonflame|tox|[from] ability: Toxic Chain|[of] p2a: Fezandipiti\n|-status|p1b: Maushold|tox|[from] ability: Toxic Chain|[of] p2a: Fezandipiti\n|move|p1a: Talonflame|Tailwind|p1a: Talonflame\n|-sidestart|p1: balloongrapes|move: Tailwind\n|\n|-heal|p2b: Landorus|100\/100|[from] item: Leftovers\n|-damage|p1b: Maushold|8\/100 tox|[from] psn\n|-damage|p1a: Talonflame|49\/100 tox|[from] psn\n|upkeep\n|turn|9\n|\n|t:|1697778579\n|move|p1b: Maushold|Encore|p2b: Landorus\n|-start|p2b: Landorus|Encore\n|move|p1a: Talonflame|Flamethrower|p2a: Fezandipiti\n|-damage|p2a: Fezandipiti|80\/100\n|move|p2b: Landorus|Earth Power|p1b: Maushold\n|-damage|p1b: Maushold|0 fnt\n|faint|p1b: Maushold\n|move|p2a: Fezandipiti|Icy Wind|p1a: Talonflame\n|-damage|p1a: Talonflame|35\/100 tox\n|-unboost|p1a: Talonflame|spe|1\n|\n|-heal|p2a: Fezandipiti|86\/100|[from] item: Leftovers\n|-damage|p1a: Talonflame|22\/100 tox|[from] psn\n|upkeep\n|turn|10\n|\n|t:|1697778589\n|move|p2b: Landorus|Earth Power|p1a: Talonflame\n|-immune|p1a: Talonflame\n|move|p2a: Fezandipiti|Dazzling Gleam|p1a: Talonflame\n|-resisted|p1a: Talonflame\n|-damage|p1a: Talonflame|5\/100 tox\n|move|p1a: Talonflame|Air Slash|p2a: Fezandipiti\n|-damage|p2a: Fezandipiti|67\/100\n|\n|-heal|p2a: Fezandipiti|73\/100|[from] item: Leftovers\n|-damage|p1a: Talonflame|0 fnt|[from] psn\n|faint|p1a: Talonflame\n|\n|win|Thehombre\n|upkeep\n|raw|balloongrapes's rating: 1225 &rarr; <strong>1188<\/strong><br \/>(-37 for losing)\n|raw|Thehombre's rating: 1043 &rarr; <strong>1093<\/strong><br \/>(+50 for winning)\n","uploadtime":1697778592,"views":12,"p1id":"balloongrapes","p2id":"thehombre","formatid":"gen9doublesou","rating":1093,"private":0,"password":""}