{"id":"gen9doublesou-1978795086","p1":"Messy fighter","p2":"Skiptrace","format":"[Gen 9] Doubles OU","log":"|j|\u2606Messy fighter\n|j|\u2606Skiptrace\n|t:|1698596144\n|gametype|doubles\n|player|p1|Messy fighter|swimmer-gen4dp|1425\n|player|p2|Skiptrace|2|1396\n|teamsize|p1|6\n|teamsize|p2|6\n|gen|9\n|tier|[Gen 9] Doubles OU\n|rated|\n|rule|Species Clause: Limit one of each Pok\u00e9mon\n|rule|OHKO Clause: OHKO moves are banned\n|rule|Evasion Moves Clause: Evasion moves are banned\n|rule|Gravity Sleep Clause: The combination of sleep-inducing moves with imperfect accuracy and Gravity or Gigantamax Orbeetle are banned\n|rule|Endless Battle Clause: Forcing endless battles is banned\n|rule|HP Percentage Mod: HP is shown in percentages\n|clearpoke\n|poke|p1|Basculegion-F, F|\n|poke|p1|Iron Hands|\n|poke|p1|Cresselia, F|\n|poke|p1|Ursaluna-Bloodmoon, M|\n|poke|p1|Roaring Moon|\n|poke|p1|Farigiraf, M|\n|poke|p2|Roaring Moon|\n|poke|p2|Heatran, M|\n|poke|p2|Chi-Yu|\n|poke|p2|Murkrow, F|\n|poke|p2|Iron Hands|\n|poke|p2|Ogerpon-Cornerstone, F|\n|teampreview\n|c|\u2606Messy fighter|Glhf\n|\n|t:|1698596164\n|start\n|switch|p1a: Ursaluna|Ursaluna-Bloodmoon, M|100\/100\n|switch|p1b: Cresselia|Cresselia, F|100\/100\n|switch|p2a: Murkrow|Murkrow, F|100\/100\n|switch|p2b: Heatran|Heatran, M|100\/100\n|turn|1\n|\n|t:|1698596177\n|move|p2a: Murkrow|Sunny Day|p2a: Murkrow\n|-weather|SunnyDay\n|move|p2b: Heatran|Magma Storm|p1a: Ursaluna\n|-damage|p1a: Ursaluna|19\/100\n|-activate|p1a: Ursaluna|move: Magma Storm|[of] p2b: Heatran\n|move|p1a: Ursaluna|Hyper Voice|p2b: Heatran|[spread] p2a,p2b\n|-crit|p2a: Murkrow\n|-resisted|p2b: Heatran\n|-damage|p2a: Murkrow|15\/100\n|-damage|p2b: Heatran|80\/100\n|-enditem|p1a: Ursaluna|Throat Spray\n|-boost|p1a: Ursaluna|spa|1|[from] item: Throat Spray\n|move|p1b: Cresselia|Trick Room|p1b: Cresselia\n|-fieldstart|move: Trick Room|[of] p1b: Cresselia\n|\n|-weather|SunnyDay|[upkeep]\n|-damage|p1a: Ursaluna|7\/100|[from] move: Magma Storm|[partiallytrapped]\n|upkeep\n|turn|2\n|\n|t:|1698596204\n|-terastallize|p2b: Heatran|Grass\n|move|p1b: Cresselia|Helping Hand|p1a: Ursaluna\n|-singleturn|p1a: Ursaluna|Helping Hand|[of] p1b: Cresselia\n|move|p1a: Ursaluna|Vacuum Wave|p2b: Heatran\n|-damage|p2b: Heatran|47\/100\n|move|p2a: Murkrow|Haze|p2a: Murkrow\n|-clearallboost\n|move|p2b: Heatran|Magma Storm|p1b: Cresselia\n|-damage|p1b: Cresselia|63\/100\n|-activate|p1b: Cresselia|move: Magma Storm|[of] p2b: Heatran\n|\n|-weather|SunnyDay|[upkeep]\n|-damage|p1a: Ursaluna|0 fnt|[from] move: Magma Storm|[partiallytrapped]\n|faint|p1a: Ursaluna\n|-damage|p1b: Cresselia|50\/100|[from] move: Magma Storm|[partiallytrapped]\n|upkeep\n|\n|t:|1698596229\n|switch|p1a: Iron Hands|Iron Hands|100\/100\n|-enditem|p1a: Iron Hands|Booster Energy\n|-activate|p1a: Iron Hands|ability: Quark Drive|[fromitem]\n|-start|p1a: Iron Hands|quarkdriveatk\n|turn|3\n|\n|t:|1698596241\n|move|p1a: Iron Hands|Ice Punch|p2b: Heatran\n|-supereffective|p2b: Heatran\n|-damage|p2b: Heatran|0 fnt\n|faint|p2b: Heatran\n|move|p1b: Cresselia|Lunar Blessing|p1b: Cresselia|[spread] p1a,p1b\n|-heal|p1b: Cresselia|75\/100\n|move|p2a: Murkrow|Foul Play|p1a: Iron Hands\n|-resisted|p1a: Iron Hands\n|-damage|p1a: Iron Hands|84\/100\n|\n|-weather|SunnyDay|[upkeep]\n|-end|p1b: Cresselia|Magma Storm|[partiallytrapped]|[silent]\n|upkeep\n|\n|t:|1698596250\n|switch|p2b: Iron Hands|Iron Hands|100\/100\n|turn|4\n|inactive|Battle timer is ON: inactive players will automatically lose when time's up. (requested by Messy fighter)\n|\n|t:|1698596280\n|switch|p1b: Farigiraf|Farigiraf, M|100\/100\n|move|p2b: Iron Hands|Fake Out||[still]\n|cant|p1b: Farigiraf|ability: Armor Tail|Fake Out|[of] p2b: Iron Hands\n|move|p1a: Iron Hands|Thunder Punch|p2a: Murkrow\n|-supereffective|p2a: Murkrow\n|-damage|p2a: Murkrow|0 fnt\n|faint|p2a: Murkrow\n|\n|-weather|SunnyDay|[upkeep]\n|upkeep\n|\n|t:|1698596291\n|switch|p2a: Ogerpon|Ogerpon-Cornerstone, F|100\/100\n|turn|5\n|\n|t:|1698596305\n|move|p2a: Ogerpon|Spiky Shield|p2a: Ogerpon\n|-singleturn|p2a: Ogerpon|move: Protect\n|move|p1b: Farigiraf|Ally Switch|p1b: Farigiraf\n|swap|p1b: Farigiraf|0|[from] move: Ally Switch\n|move|p1b: Iron Hands|Swords Dance|p1b: Iron Hands\n|-boost|p1b: Iron Hands|atk|2\n|move|p2b: Iron Hands|Drain Punch|p1a: Farigiraf\n|-damage|p1a: Farigiraf|41\/100\n|-damage|p2b: Iron Hands|91\/100|[from] item: Life Orb\n|\n|-weather|none\n|-heal|p1a: Farigiraf|47\/100|[from] item: Leftovers\n|-fieldend|move: Trick Room\n|upkeep\n|turn|6\n|\n|t:|1698596326\n|move|p2a: Ogerpon|Horn Leech|p1b: Iron Hands\n|-damage|p1b: Iron Hands|52\/100\n|move|p2b: Iron Hands|Drain Punch|p1b: Iron Hands\n|-damage|p1b: Iron Hands|16\/100\n|-heal|p2b: Iron Hands|100\/100|[from] drain|[of] p1b: Iron Hands\n|-damage|p2b: Iron Hands|91\/100|[from] item: Life Orb\n|move|p1b: Iron Hands|Drain Punch|p2a: Ogerpon\n|-supereffective|p2a: Ogerpon\n|-ability|p2a: Ogerpon|Sturdy\n|-damage|p2a: Ogerpon|1\/100\n|-heal|p1b: Iron Hands|45\/100|[from] drain|[of] p2a: Ogerpon\n|move|p1a: Farigiraf|Trick Room|p1a: Farigiraf\n|-fieldstart|move: Trick Room|[of] p1a: Farigiraf\n|\n|-heal|p1a: Farigiraf|53\/100|[from] item: Leftovers\n|upkeep\n|turn|7\n|inactive|Messy fighter has 120 seconds left.\n|\n|t:|1698596358\n|move|p2a: Ogerpon|Follow Me|p2a: Ogerpon\n|-singleturn|p2a: Ogerpon|move: Follow Me\n|move|p1b: Iron Hands|Drain Punch|p2a: Ogerpon\n|-supereffective|p2a: Ogerpon\n|-damage|p2a: Ogerpon|0 fnt\n|-heal|p1b: Iron Hands|45\/100|[from] drain|[of] p2a: Ogerpon\n|faint|p2a: Ogerpon\n|move|p1a: Farigiraf|Twin Beam|p2b: Iron Hands\n|-supereffective|p2b: Iron Hands\n|-damage|p2b: Iron Hands|62\/100\n|-supereffective|p2b: Iron Hands\n|-damage|p2b: Iron Hands|37\/100\n|-hitcount|p2b: Iron Hands|2\n|move|p2b: Iron Hands|Drain Punch|p1b: Iron Hands\n|-damage|p1b: Iron Hands|6\/100\n|-heal|p2b: Iron Hands|57\/100|[from] drain|[of] p1b: Iron Hands\n|-damage|p2b: Iron Hands|47\/100|[from] item: Life Orb\n|\n|-heal|p1a: Farigiraf|59\/100|[from] item: Leftovers\n|upkeep\n|\n|t:|1698596368\n|switch|p2a: Roaring Moon|Roaring Moon|100\/100\n|-enditem|p2a: Roaring Moon|Booster Energy\n|-activate|p2a: Roaring Moon|ability: Protosynthesis|[fromitem]\n|-start|p2a: Roaring Moon|protosynthesisatk\n|turn|8\n|\n|t:|1698596386\n|move|p1b: Iron Hands|Drain Punch|p2a: Roaring Moon\n|-supereffective|p2a: Roaring Moon\n|-damage|p2a: Roaring Moon|0 fnt\n|-heal|p1b: Iron Hands|41\/100|[from] drain|[of] p2a: Roaring Moon\n|faint|p2a: Roaring Moon\n|-end|p2a: Roaring Moon|Protosynthesis|[silent]\n|move|p1a: Farigiraf|Twin Beam|p2b: Iron Hands\n|-supereffective|p2b: Iron Hands\n|-damage|p2b: Iron Hands|22\/100\n|-supereffective|p2b: Iron Hands\n|-damage|p2b: Iron Hands|0 fnt\n|faint|p2b: Iron Hands\n|-end|p2b: Iron Hands|Quark Drive|[silent]\n|-hitcount|p2: Iron Hands|2\n|\n|-heal|p1a: Farigiraf|65\/100|[from] item: Leftovers\n|upkeep\n|\n|t:|1698596392\n|switch|p2b: Chi-Yu|Chi-Yu|100\/100\n|-ability|p2b: Chi-Yu|Beads of Ruin\n|turn|9\n|-message|Skiptrace forfeited.\n|\n|win|Messy fighter\n|raw|Messy fighter's rating: 1425 &rarr; <strong>1443<\/strong><br \/>(+18 for winning)\n|raw|Skiptrace's rating: 1396 &rarr; <strong>1378<\/strong><br \/>(-18 for losing)\n|l|\u2606Skiptrace\n|c|\u2606Messy fighter|Gg\n","uploadtime":1698596435,"views":20,"p1id":"messyfighter","p2id":"skiptrace","formatid":"gen9doublesou","rating":1378,"private":0,"password":""}