{"id":"gen9doublesou-1972171953","p1":"Rungy","p2":"miltonrxngell","format":"[Gen 9] Doubles OU","log":"|j|\u2606Rungy\n|j|\u2606miltonrxngell\n|t:|1697818656\n|gametype|doubles\n|player|p1|Rungy|gambler|1133\n|player|p2|miltonrxngell|dawn-gen4pt|1177\n|teamsize|p1|6\n|teamsize|p2|6\n|gen|9\n|tier|[Gen 9] Doubles OU\n|rated|\n|rule|Species Clause: Limit one of each Pok\u00e9mon\n|rule|OHKO Clause: OHKO moves are banned\n|rule|Evasion Moves Clause: Evasion moves are banned\n|rule|Gravity Sleep Clause: The combination of sleep-inducing moves with imperfect accuracy and Gravity or Gigantamax Orbeetle are banned\n|rule|Endless Battle Clause: Forcing endless battles is banned\n|rule|HP Percentage Mod: HP is shown in percentages\n|clearpoke\n|poke|p1|Grimmsnarl, M|\n|poke|p1|Farigiraf, M|\n|poke|p1|Gastrodon-East, F|\n|poke|p1|Sinistcha|\n|poke|p1|Arcanine, M|\n|poke|p1|Goodra-Hisui, M|\n|poke|p2|Ninetales-Alola, F|\n|poke|p2|Kilowattrel, M|\n|poke|p2|Leavanny, F|\n|poke|p2|Mamoswine, F|\n|poke|p2|Chandelure, M|\n|poke|p2|Milotic, F|\n|teampreview\n|c|\u2606Rungy|glhf!\n|\n|t:|1697818673\n|start\n|switch|p1a: Mr. Rothschild|Farigiraf, M|100\/100\n|switch|p1b: Goodra|Goodra-Hisui, M|100\/100\n|switch|p2a: Ninetales|Ninetales-Alola, F, shiny|100\/100\n|switch|p2b: Kilowattrel|Kilowattrel, M, shiny|100\/100\n|-weather|Snow|[from] ability: Snow Warning|[of] p2a: Ninetales\n|turn|1\n|\n|t:|1697818713\n|move|p2b: Kilowattrel|Tailwind|p2b: Kilowattrel\n|-sidestart|p2: miltonrxngell|move: Tailwind\n|-start|p2b: Kilowattrel|Charge|Tailwind|[from] ability: Wind Power\n|move|p2a: Ninetales|Aurora Veil|p2a: Ninetales\n|-sidestart|p2: miltonrxngell|move: Aurora Veil\n|move|p1b: Goodra|Iron Head|p2a: Ninetales\n|-supereffective|p2a: Ninetales\n|-damage|p2a: Ninetales|2\/100\n|move|p1a: Mr. Rothschild|Hyper Voice|p2a: Ninetales|[spread] p2a,p2b\n|-crit|p2a: Ninetales\n|-damage|p2a: Ninetales|0 fnt\n|-damage|p2b: Kilowattrel|65\/100\n|faint|p2a: Ninetales\n|-enditem|p1a: Mr. Rothschild|Throat Spray\n|-boost|p1a: Mr. Rothschild|spa|1|[from] item: Throat Spray\n|\n|-weather|Snow|[upkeep]\n|upkeep\n|\n|t:|1697818728\n|switch|p2a: Mamoswine|Mamoswine, F|100\/100\n|turn|2\n|\n|t:|1697818747\n|move|p2b: Kilowattrel|Electro Ball|p1b: Goodra\n|-resisted|p1b: Goodra\n|-damage|p1b: Goodra|59\/100\n|-end|p2b: Kilowattrel|Charge|[silent]\n|move|p2a: Mamoswine|Earthquake|p1b: Goodra|[spread] p1a,p1b\n|-immune|p2b: Kilowattrel\n|-supereffective|p1b: Goodra\n|-damage|p1a: Mr. Rothschild|52\/100\n|-damage|p1b: Goodra|0 fnt\n|faint|p1b: Goodra\n|move|p1a: Mr. Rothschild|Hyper Voice|p2a: Mamoswine|[spread] p2a,p2b\n|-damage|p2a: Mamoswine|71\/100\n|-damage|p2b: Kilowattrel|3\/100\n|\n|-weather|Snow|[upkeep]\n|upkeep\n|\n|t:|1697818758\n|switch|p1b: Kratom|Sinistcha|100\/100\n|-heal|p1a: Mr. Rothschild|77\/100|[from] ability: Hospitality|[of] p1b: Kratom\n|turn|3\n|\n|t:|1697818767\n|move|p2b: Kilowattrel|Hurricane|p1b: Kratom\n|-supereffective|p1b: Kratom\n|-damage|p1b: Kratom|0 fnt\n|faint|p1b: Kratom\n|move|p2a: Mamoswine|Icicle Crash|p1a: Mr. Rothschild\n|-damage|p1a: Mr. Rothschild|21\/100\n|move|p1a: Mr. Rothschild|Hyper Voice|p2a: Mamoswine|[spread] p2a,p2b\n|-damage|p2a: Mamoswine|43\/100\n|-damage|p2b: Kilowattrel|0 fnt\n|faint|p2b: Kilowattrel\n|\n|-weather|Snow|[upkeep]\n|upkeep\n|\n|t:|1697818782\n|switch|p2b: Chandelure|Chandelure, M, shiny|100\/100\n|switch|p1b: Grimey|Grimmsnarl, M|100\/100\n|turn|4\n|\n|t:|1697818796\n|switch|p1a: Fang|Arcanine, M|100\/100\n|move|p2b: Chandelure|Heat Wave|p1a: Fang|[spread] p1b\n|-start|p1a: Fang|ability: Flash Fire\n|-damage|p1b: Grimey|59\/100\n|move|p2a: Mamoswine|Iron Head|p1b: Grimey\n|-supereffective|p1b: Grimey\n|-damage|p1b: Grimey|0 fnt\n|faint|p1b: Grimey\n|\n|-weather|Snow|[upkeep]\n|-sideend|p2: miltonrxngell|move: Tailwind\n|upkeep\n|\n|t:|1697818809\n|switch|p1b: Mr. Rothschild|Farigiraf, M|21\/100\n|turn|5\n|\n|t:|1697818820\n|move|p1a: Fang|Flare Blitz|p2a: Mamoswine\n|-supereffective|p2a: Mamoswine\n|-damage|p2a: Mamoswine|1\/100\n|-status|p2a: Mamoswine|brn\n|-damage|p1a: Fang|85\/100|[from] Recoil\n|-heal|p1a: Fang|91\/100|[from] item: Shell Bell|[of] p2a: Mamoswine\n|move|p2b: Chandelure|Heat Wave|p1a: Fang|[spread] p1b\n|-immune|p1a: Fang|[from] ability: Flash Fire\n|-damage|p1b: Mr. Rothschild|0 fnt\n|faint|p1b: Mr. Rothschild\n|move|p2a: Mamoswine|Earthquake|p1a: Fang|[spread] p2b,p1a\n|-supereffective|p2b: Chandelure\n|-supereffective|p1a: Fang\n|-damage|p2b: Chandelure|66\/100\n|-damage|p1a: Fang|41\/100\n|\n|-weather|none\n|-heal|p2b: Chandelure|72\/100|[from] item: Leftovers\n|-damage|p2a: Mamoswine|0 fnt|[from] brn\n|faint|p2a: Mamoswine\n|upkeep\n|\n|t:|1697818837\n|switch|p2a: Milotic|Milotic, F, shiny|100\/100\n|switch|p1b: Khan|Gastrodon-East, F|100\/100\n|turn|6\n|\n|t:|1697818855\n|-terastallize|p1b: Khan|Fire\n|move|p1a: Fang|Psychic Fangs|p2b: Chandelure\n|-sideend|p2: miltonrxngell|move: Aurora Veil\n|-damage|p2b: Chandelure|31\/100\n|-heal|p1a: Fang|45\/100|[from] item: Shell Bell|[of] p2b: Chandelure\n|move|p2b: Chandelure|Energy Ball|p1b: Khan\n|-resisted|p1b: Khan\n|-damage|p1b: Khan|90\/100\n|-unboost|p1b: Khan|spd|1\n|move|p2a: Milotic|Icy Wind|p1b: Khan|[spread] p1a,p1b\n|-resisted|p1a: Fang\n|-resisted|p1b: Khan\n|-damage|p1a: Fang|39\/100\n|-damage|p1b: Khan|85\/100\n|-unboost|p1a: Fang|spe|1\n|-unboost|p1b: Khan|spe|1\n|move|p1b: Khan|Earth Power|p2b: Chandelure\n|-supereffective|p2b: Chandelure\n|-damage|p2b: Chandelure|0 fnt\n|faint|p2b: Chandelure\n|\n|-status|p2a: Milotic|brn|[from] item: Flame Orb\n|upkeep\n|\n|t:|1697818874\n|switch|p2b: Leavanny|Leavanny, F, shiny|100\/100\n|turn|7\n|c|\u2606Rungy|gg\n|\n|t:|1697818888\n|-terastallize|p2b: Leavanny|Water\n|move|p2b: Leavanny|Shadow Claw|p1a: Fang\n|-damage|p1a: Fang|14\/100\n|move|p1a: Fang|Wild Charge|p2a: Milotic\n|-supereffective|p2a: Milotic\n|-damage|p2a: Milotic|73\/100 brn\n|-damage|p1a: Fang|6\/100|[from] Recoil\n|-heal|p1a: Fang|10\/100|[from] item: Shell Bell|[of] p2a: Milotic\n|move|p2a: Milotic|Icy Wind|p1a: Fang|[spread] p1a,p1b\n|-resisted|p1a: Fang\n|-resisted|p1b: Khan\n|-damage|p1a: Fang|4\/100\n|-damage|p1b: Khan|81\/100\n|-unboost|p1a: Fang|spe|1\n|-unboost|p1b: Khan|spe|1\n|move|p1b: Khan|Ice Beam|p2b: Leavanny\n|-resisted|p2b: Leavanny\n|-damage|p2b: Leavanny|82\/100\n|-status|p2b: Leavanny|frz\n|\n|-damage|p2a: Milotic|67\/100 brn|[from] brn\n|upkeep\n|turn|8\n|\n|t:|1697818913\n|cant|p2b: Leavanny|frz\n|move|p2a: Milotic|Icy Wind|p1a: Fang|[spread] p1a,p1b\n|-resisted|p1a: Fang\n|-resisted|p1b: Khan\n|-damage|p1a: Fang|0 fnt\n|-damage|p1b: Khan|76\/100\n|-unboost|p1b: Khan|spe|1\n|faint|p1a: Fang\n|move|p1b: Khan|Sludge Bomb|p2b: Leavanny\n|-damage|p2b: Leavanny|44\/100 frz\n|\n|-damage|p2a: Milotic|61\/100 brn|[from] brn\n|upkeep\n|turn|9\n|\n|t:|1697818930\n|cant|p2b: Leavanny|frz\n|move|p2a: Milotic|Icy Wind|p1b: Khan\n|-resisted|p1b: Khan\n|-damage|p1b: Khan|71\/100\n|-unboost|p1b: Khan|spe|1\n|move|p1b: Khan|Sludge Bomb|p2b: Leavanny\n|-damage|p2b: Leavanny|8\/100 frz\n|\n|-damage|p2a: Milotic|55\/100 brn|[from] brn\n|upkeep\n|turn|10\n|\n|t:|1697818942\n|cant|p2b: Leavanny|frz\n|move|p2a: Milotic|Icy Wind|p1b: Khan\n|-resisted|p1b: Khan\n|-damage|p1b: Khan|65\/100\n|-unboost|p1b: Khan|spe|1\n|move|p1b: Khan|Sludge Bomb|p2b: Leavanny\n|-damage|p2b: Leavanny|0 fnt\n|faint|p2b: Leavanny\n|\n|-damage|p2a: Milotic|49\/100 brn|[from] brn\n|upkeep\n|turn|11\n|\n|t:|1697818954\n|move|p2a: Milotic|Icy Wind|p1b: Khan\n|-resisted|p1b: Khan\n|-damage|p1b: Khan|59\/100\n|-unboost|p1b: Khan|spe|1\n|move|p1b: Khan|Earth Power|p2a: Milotic\n|-damage|p2a: Milotic|17\/100 brn\n|\n|-damage|p2a: Milotic|11\/100 brn|[from] brn\n|upkeep\n|turn|12\n|\n|t:|1697818963\n|move|p2a: Milotic|Recover|p2a: Milotic\n|-heal|p2a: Milotic|61\/100 brn\n|move|p1b: Khan|Earth Power|p2a: Milotic\n|-damage|p2a: Milotic|32\/100 brn\n|\n|-damage|p2a: Milotic|26\/100 brn|[from] brn\n|upkeep\n|turn|13\n|\n|t:|1697818971\n|move|p2a: Milotic|Recover|p2a: Milotic\n|-heal|p2a: Milotic|76\/100 brn\n|move|p1b: Khan|Earth Power|p2a: Milotic\n|-crit|p2a: Milotic\n|-damage|p2a: Milotic|31\/100 brn\n|\n|-damage|p2a: Milotic|25\/100 brn|[from] brn\n|upkeep\n|turn|14\n|\n|t:|1697818979\n|move|p2a: Milotic|Recover|p2a: Milotic\n|-heal|p2a: Milotic|75\/100 brn\n|move|p1b: Khan|Earth Power|p2a: Milotic\n|-damage|p2a: Milotic|45\/100 brn\n|\n|-damage|p2a: Milotic|39\/100 brn|[from] brn\n|upkeep\n|turn|15\n|\n|t:|1697818987\n|move|p2a: Milotic|Icy Wind|p1b: Khan\n|-resisted|p1b: Khan\n|-damage|p1b: Khan|53\/100\n|move|p1b: Khan|Earth Power|p2a: Milotic\n|-damage|p2a: Milotic|11\/100 brn\n|\n|-damage|p2a: Milotic|5\/100 brn|[from] brn\n|upkeep\n|turn|16\n|-message|miltonrxngell forfeited.\n|\n|win|Rungy\n|raw|Rungy's rating: 1133 &rarr; <strong>1161<\/strong><br \/>(+28 for winning)\n|raw|miltonrxngell's rating: 1177 &rarr; <strong>1149<\/strong><br \/>(-28 for losing)\n|l|\u2606miltonrxngell\n","uploadtime":1697818998,"views":19,"p1id":"rungy","p2id":"miltonrxngell","formatid":"gen9doublesou","rating":1149,"private":0,"password":""}