{"id":"gen9doublesou-1984624760","p1":"MattCol","p2":"JAHGeo","format":"[Gen 9] Doubles OU","log":"|j|\u2606MattCol\n|j|\u2606JAHGeo\n|t:|1699285650\n|gametype|doubles\n|player|p1|MattCol|crasherwake|1137\n|player|p2|JAHGeo|linebacker|1165\n|teamsize|p1|6\n|teamsize|p2|6\n|gen|9\n|tier|[Gen 9] Doubles OU\n|rated|\n|rule|Species Clause: Limit one of each Pok\u00e9mon\n|rule|OHKO Clause: OHKO moves are banned\n|rule|Evasion Moves Clause: Evasion moves are banned\n|rule|Gravity Sleep Clause: The combination of sleep-inducing moves with imperfect accuracy and Gravity or Gigantamax Orbeetle are banned\n|rule|Endless Battle Clause: Forcing endless battles is banned\n|rule|HP Percentage Mod: HP is shown in percentages\n|clearpoke\n|poke|p1|Quaquaval, M|\n|poke|p1|Baxcalibur, F|\n|poke|p1|Cinderace, F|\n|poke|p1|Slowbro-Galar, M|\n|poke|p1|Zarude-Dada|\n|poke|p1|Ditto|\n|poke|p2|Snorlax, M|\n|poke|p2|Sinistcha|\n|poke|p2|Landorus-Therian, M|\n|poke|p2|Iron Hands|\n|poke|p2|Clefairy, M|\n|poke|p2|Kommo-o, M|\n|teampreview\n|inactive|Battle timer is ON: inactive players will automatically lose when time's up. (requested by JAHGeo)\n|\n|t:|1699285663\n|start\n|switch|p1a: Cinderace|Cinderace, F|100\/100\n|switch|p1b: Slowbro|Slowbro-Galar, M, shiny|100\/100\n|switch|p2a: Snorlax|Snorlax, M, shiny|100\/100\n|switch|p2b: Landorus|Landorus-Therian, M|100\/100\n|-ability|p2b: Landorus|Intimidate|boost\n|-unboost|p1a: Cinderace|atk|1\n|-unboost|p1b: Slowbro|atk|1\n|turn|1\n|\n|t:|1699285684\n|move|p2b: Landorus|Rock Slide|p1a: Cinderace|[spread] p1a,p1b\n|-supereffective|p1a: Cinderace\n|-damage|p1a: Cinderace|36\/100\n|-damage|p1b: Slowbro|82\/100\n|move|p1a: Cinderace|U-turn|p2a: Snorlax\n|-damage|p2a: Snorlax|89\/100\n|\n|t:|1699285693\n|switch|p1a: Ditto|Ditto|100\/100|[from] U-turn\n|-transform|p1a: Ditto|p2b: Landorus|[from] ability: Imposter\n|-ability|p1a: Ditto|Intimidate|boost\n|-unboost|p2a: Snorlax|atk|1\n|-unboost|p2b: Landorus|atk|1\n|move|p1b: Slowbro|Nasty Plot|p1b: Slowbro\n|-boost|p1b: Slowbro|spa|2\n|move|p2a: Snorlax|Belly Drum|p2a: Snorlax\n|-damage|p2a: Snorlax|39\/100\n|-setboost|p2a: Snorlax|atk|6|[from] move: Belly Drum\n|-enditem|p2a: Snorlax|Sitrus Berry|[eat]\n|-heal|p2a: Snorlax|64\/100|[from] item: Sitrus Berry\n|\n|upkeep\n|turn|2\n|\n|t:|1699285716\n|switch|p2b: Clefairy|Clefairy, M|100\/100\n|move|p2a: Snorlax|Protect|p2a: Snorlax\n|-singleturn|p2a: Snorlax|Protect\n|move|p1a: Ditto|U-turn|p2a: Snorlax\n|-activate|p2a: Snorlax|move: Protect\n|move|p1b: Slowbro|Psychic|p2a: Snorlax\n|-activate|p2a: Snorlax|move: Protect\n|\n|upkeep\n|turn|3\n|inactive|JAHGeo has 120 seconds left.\n|\n|t:|1699285757\n|move|p2b: Clefairy|Follow Me|p2b: Clefairy\n|-singleturn|p2b: Clefairy|move: Follow Me\n|move|p1a: Ditto|U-turn|p2b: Clefairy\n|-resisted|p2b: Clefairy\n|-damage|p2b: Clefairy|88\/100\n|\n|t:|1699285765\n|switch|p1a: Cinderace|Cinderace, F|36\/100|[from] U-turn\n|move|p2a: Snorlax|Facade|p1a: Cinderace\n|-damage|p1a: Cinderace|0 fnt\n|faint|p1a: Cinderace\n|move|p1b: Slowbro|Psychic|p2b: Clefairy\n|-damage|p2b: Clefairy|24\/100\n|\n|upkeep\n|\n|t:|1699285781\n|switch|p1a: Zarude|Zarude-Dada|100\/100\n|turn|4\n|\n|t:|1699285793\n|switch|p2b: Sinistcha|Sinistcha|100\/100\n|-heal|p2a: Snorlax|89\/100|[from] ability: Hospitality|[of] p2b: Sinistcha\n|move|p1a: Zarude|Knock Off|p2b: Sinistcha\n|-supereffective|p2b: Sinistcha\n|-damage|p2b: Sinistcha|20\/100\n|-enditem|p2b: Sinistcha|Mental Herb|[from] move: Knock Off|[of] p1a: Zarude\n|move|p2a: Snorlax|High Horsepower|p1b: Slowbro\n|-supereffective|p1b: Slowbro\n|-damage|p1b: Slowbro|0 fnt\n|faint|p1b: Slowbro\n|\n|upkeep\n|\n|t:|1699285807\n|switch|p1b: Ditto|Ditto|100\/100\n|-transform|p1b: Ditto|p2a: Snorlax|[from] ability: Imposter\n|turn|5\n|\n|t:|1699285826\n|move|p2a: Snorlax|Protect|p2a: Snorlax\n|-singleturn|p2a: Snorlax|Protect\n|move|p1a: Zarude|Knock Off|p2b: Sinistcha\n|-supereffective|p2b: Sinistcha\n|-damage|p2b: Sinistcha|0 fnt\n|faint|p2b: Sinistcha\n|move|p1b: Ditto|High Horsepower|p2a: Snorlax\n|-activate|p2a: Snorlax|move: Protect\n|\n|upkeep\n|inactive|JAHGeo has 120 seconds left.\n|l|\u2606JAHGeo\n|inactive|JAHGeo disconnected and has a minute to reconnect!\n|player|p2|\n|j|\u2606JAHGeo\n|inactive|JAHGeo reconnected and has 95 seconds left.\n|player|p2|JAHGeo|linebacker\n|inactive|JAHGeo has 90 seconds left.\n|\n|t:|1699285886\n|switch|p2b: Clefairy|Clefairy, M|24\/100\n|turn|6\n|inactive|JAHGeo has 90 seconds left.\n|\n|t:|1699285906\n|move|p2b: Clefairy|Protect|p2b: Clefairy\n|-singleturn|p2b: Clefairy|Protect\n|move|p1a: Zarude|Knock Off|p2b: Clefairy\n|-activate|p2b: Clefairy|move: Protect\n|move|p1b: Ditto|High Horsepower|p2a: Snorlax\n|-damage|p2a: Snorlax|24\/100\n|move|p2a: Snorlax|High Horsepower|p1b: Ditto\n|-damage|p1b: Ditto|0 fnt\n|faint|p1b: Ditto\n|\n|upkeep\n|\n|t:|1699285922\n|switch|p1b: Quaquaval|Quaquaval, M|100\/100\n|turn|7\n|c|\u2606MattCol|????\n|\n|t:|1699285937\n|move|p2a: Snorlax|Protect|p2a: Snorlax\n|-singleturn|p2a: Snorlax|Protect\n|move|p1a: Zarude|Encore|p2b: Clefairy\n|-start|p2b: Clefairy|Encore\n|move|p1b: Quaquaval|Aqua Step|p2a: Snorlax\n|-activate|p2a: Snorlax|move: Protect\n|move|p2b: Clefairy|Protect||[still]\n|-fail|p2b: Clefairy\n|\n|upkeep\n|turn|8\n|inactive|JAHGeo has 120 seconds left.\n|\n|t:|1699285965\n|move|p2b: Clefairy|Protect|p2b: Clefairy\n|-singleturn|p2b: Clefairy|Protect\n|move|p1a: Zarude|Encore|p2a: Snorlax\n|-start|p2a: Snorlax|Encore\n|move|p1b: Quaquaval|Bulk Up|p1b: Quaquaval\n|-boost|p1b: Quaquaval|atk|1\n|-boost|p1b: Quaquaval|def|1\n|move|p2a: Snorlax|Protect||[still]\n|-fail|p2a: Snorlax\n|\n|upkeep\n|turn|9\n|inactive|JAHGeo has 120 seconds left.\n|l|\u2606JAHGeo\n|inactive|JAHGeo disconnected and has a minute to reconnect!\n|player|p2|\n|\n|t:|1699285991\n|switch|p1a: Baxcalibur|Baxcalibur, F|100\/100\n|switch|p2b: Landorus|Landorus-Therian, M|100\/100\n|-ability|p2b: Landorus|Intimidate|boost\n|-unboost|p1a: Baxcalibur|atk|1\n|-unboost|p1b: Quaquaval|atk|1\n|move|p2a: Snorlax|Protect|p2a: Snorlax\n|-singleturn|p2a: Snorlax|Protect\n|move|p1b: Quaquaval|Aqua Step|p2a: Snorlax\n|-activate|p2a: Snorlax|move: Protect\n|\n|upkeep\n|turn|10\n|j|\u2606JAHGeo\n|inactive|JAHGeo reconnected and has 145 seconds left.\n|player|p2|JAHGeo|linebacker\n|inactive|JAHGeo has 120 seconds left.\n|l|\u2606JAHGeo\n|inactive|JAHGeo disconnected and has a minute to reconnect!\n|player|p2|\n|j|\u2606JAHGeo\n|inactive|JAHGeo reconnected and has 110 seconds left.\n|player|p2|JAHGeo|linebacker\n|\n|t:|1699286040\n|-terastallize|p2b: Landorus|Flying\n|-terastallize|p1a: Baxcalibur|Fairy\n|move|p2a: Snorlax|Protect||[still]\n|-fail|p2a: Snorlax\n|move|p2b: Landorus|Tera Blast|p1b: Quaquaval|[anim] Tera Blast Flying\n|-supereffective|p1b: Quaquaval\n|-damage|p1b: Quaquaval|1\/100\n|move|p1b: Quaquaval|Aqua Step|p2b: Landorus\n|-damage|p2b: Landorus|57\/100\n|-boost|p1b: Quaquaval|spe|1\n|move|p1a: Baxcalibur|Swords Dance|p1a: Baxcalibur\n|-boost|p1a: Baxcalibur|atk|2\n|\n|-heal|p1b: Quaquaval|8\/100|[from] item: Leftovers\n|-end|p2a: Snorlax|Encore\n|upkeep\n|turn|11\n|inactive|JAHGeo has 120 seconds left.\n|\n|t:|1699286069\n|move|p1b: Quaquaval|Aqua Step|p2a: Snorlax\n|-damage|p2a: Snorlax|0 fnt\n|-boost|p1b: Quaquaval|spe|1\n|faint|p2a: Snorlax\n|-ability|p1b: Quaquaval|Moxie|boost\n|-boost|p1b: Quaquaval|atk|1\n|move|p2b: Landorus|Tera Blast|p1b: Quaquaval|[anim] Tera Blast Flying\n|-supereffective|p1b: Quaquaval\n|-damage|p1b: Quaquaval|0 fnt\n|faint|p1b: Quaquaval\n|move|p1a: Baxcalibur|Icicle Spear|p2b: Landorus\n|-supereffective|p2b: Landorus\n|-damage|p2b: Landorus|1\/100\n|-supereffective|p2b: Landorus\n|-damage|p2b: Landorus|0 fnt\n|faint|p2b: Landorus\n|-hitcount|p2: Landorus|2\n|\n|upkeep\n|inactive|JAHGeo has 120 seconds left.\n|\n|t:|1699286089\n|switch|p1b: Zarude|Zarude-Dada|100\/100\n|switch|p2b: Clefairy|Clefairy, M|24\/100\n|switch|p2a: Kommo-o|Kommo-o, M|100\/100\n|turn|12\n|\n|t:|1699286099\n|move|p2b: Clefairy|Follow Me|p2b: Clefairy\n|-singleturn|p2b: Clefairy|move: Follow Me\n|move|p1b: Zarude|Knock Off|p2b: Clefairy\n|-resisted|p2b: Clefairy\n|-crit|p2b: Clefairy\n|-damage|p2b: Clefairy|0 fnt\n|-enditem|p2b: Clefairy|Eviolite|[from] move: Knock Off|[of] p1b: Zarude\n|faint|p2b: Clefairy\n|move|p1a: Baxcalibur|Icicle Spear|p2a: Kommo-o\n|-supereffective|p2a: Kommo-o\n|-damage|p2a: Kommo-o|56\/100\n|-supereffective|p2a: Kommo-o\n|-damage|p2a: Kommo-o|18\/100\n|-supereffective|p2a: Kommo-o\n|-damage|p2a: Kommo-o|0 fnt\n|faint|p2a: Kommo-o\n|-hitcount|p2: Kommo-o|3\n|\n|upkeep\n|\n|t:|1699286111\n|switch|p2a: Iron Hands|Iron Hands|100\/100\n|turn|13\n|\n|t:|1699286138\n|move|p2a: Iron Hands|Fake Out|p1a: Baxcalibur\n|-damage|p1a: Baxcalibur|86\/100\n|move|p1b: Zarude|Jungle Healing|p1b: Zarude|[spread] p1a,p1b\n|-heal|p1a: Baxcalibur|100\/100\n|cant|p1a: Baxcalibur|flinch\n|\n|upkeep\n|turn|14\n|\n|t:|1699286156\n|move|p1b: Zarude|Encore|p2a: Iron Hands\n|-start|p2a: Iron Hands|Encore\n|move|p1a: Baxcalibur|Swords Dance|p1a: Baxcalibur\n|-boost|p1a: Baxcalibur|atk|2\n|move|p2a: Iron Hands|Fake Out||[still]\n|-hint|Fake Out only works on your first turn out.\n|-fail|p2a: Iron Hands\n|\n|upkeep\n|turn|15\n|-message|JAHGeo forfeited.\n|\n|win|MattCol\n|raw|MattCol's rating: 1137 &rarr; <strong>1164<\/strong><br \/>(+27 for winning)\n|raw|JAHGeo's rating: 1165 &rarr; <strong>1138<\/strong><br \/>(-27 for losing)\n|l|\u2606JAHGeo\n","uploadtime":1699286170,"views":8,"p1id":"mattcol","p2id":"jahgeo","formatid":"gen9doublesou","rating":1138,"private":0,"password":""}