{"id":"gen9doublesou-1968068176","p1":"burkesayshi","p2":"GDAbotto","format":"[Gen 9] Doubles OU","log":"|html|<div class=\"broadcast-blue\"><strong>[Gen 9] Doubles OU is currently suspecting Basculegion & Flutter Mane! For information on how to participate check out the <a href=\"https:\/\/www.smogon.com\/forums\/threads\/np-sv-dou-stage-8-double-trouble.3729153\/\">suspect thread<\/a>.<\/strong><\/div>\n|j|\u2606burkesayshi\n|j|\u2606GDAbotto\n|t:|1697380937\n|gametype|doubles\n|player|p1|burkesayshi|169|\n|player|p2|GDAbotto|caitlin|\n|teamsize|p1|6\n|teamsize|p2|6\n|gen|9\n|tier|[Gen 9] Doubles OU\n|rule|Species Clause: Limit one of each Pok\u00e9mon\n|rule|OHKO Clause: OHKO moves are banned\n|rule|Evasion Moves Clause: Evasion moves are banned\n|rule|Gravity Sleep Clause: The combination of sleep-inducing moves with imperfect accuracy and Gravity or Gigantamax Orbeetle are banned\n|rule|Endless Battle Clause: Forcing endless battles is banned\n|rule|HP Percentage Mod: HP is shown in percentages\n|clearpoke\n|poke|p1|Scizor, F|\n|poke|p1|Ting-Lu|\n|poke|p1|Baxcalibur, M|\n|poke|p1|Volcarona, F|\n|poke|p1|Tyranitar, F|\n|poke|p1|Garchomp, F|\n|poke|p2|Diancie|\n|poke|p2|Iron Hands|\n|poke|p2|Pelipper, F|\n|poke|p2|Chandelure, M|\n|poke|p2|Samurott-Hisui, M|\n|poke|p2|Dragonite, F|\n|teampreview\n|\n|t:|1697380956\n|start\n|switch|p1a: Tyranitar|Tyranitar, F|100\/100\n|switch|p1b: Garchomp|Garchomp, F|100\/100\n|switch|p2a: would|Diancie|100\/100\n|switch|p2b: Not Falco|Pelipper, F|100\/100\n|-weather|RainDance|[from] ability: Drizzle|[of] p2b: Not Falco\n|-weather|Sandstorm|[from] ability: Sand Stream|[of] p1a: Tyranitar\n|turn|1\n|j| charizardisnice\n|\n|t:|1697380989\n|switch|p2a: shuck|Dragonite, F|100\/100\n|-terastallize|p1b: Garchomp|Poison\n|move|p2b: Not Falco|Hydro Pump|p1a: Tyranitar\n|-supereffective|p1a: Tyranitar\n|-damage|p1a: Tyranitar|59\/100\n|move|p1b: Garchomp|Poison Jab|p2a: shuck\n|-damage|p2a: shuck|77\/100\n|move|p1a: Tyranitar|Rock Slide|p2b: Not Falco|[spread] p2a\n|-miss|p1a: Tyranitar|p2b: Not Falco\n|-supereffective|p2a: shuck\n|-damage|p2a: shuck|26\/100\n|\n|-weather|Sandstorm|[upkeep]\n|-damage|p2b: Not Falco|94\/100|[from] Sandstorm\n|-damage|p2a: shuck|20\/100|[from] Sandstorm\n|upkeep\n|turn|2\n|\n|t:|1697381016\n|move|p2b: Not Falco|Hydro Pump|p1a: Tyranitar\n|-supereffective|p1a: Tyranitar\n|-damage|p1a: Tyranitar|20\/100\n|move|p1b: Garchomp|Dragon Claw|p2b: Not Falco\n|-damage|p2b: Not Falco|42\/100\n|move|p1a: Tyranitar|Rock Slide|p2b: Not Falco|[spread] p2a,p2b\n|-supereffective|p2a: shuck\n|-supereffective|p2b: Not Falco\n|-damage|p2a: shuck|0 fnt\n|-damage|p2b: Not Falco|0 fnt\n|faint|p2a: shuck\n|faint|p2b: Not Falco\n|\n|-weather|Sandstorm|[upkeep]\n|upkeep\n|\n|t:|1697381034\n|switch|p2b: Mr Hands|Iron Hands|100\/100\n|switch|p2a: lamp|Chandelure, M|100\/100\n|turn|3\n|\n|t:|1697381053\n|move|p2b: Mr Hands|Fake Out|p1a: Tyranitar\n|-resisted|p1a: Tyranitar\n|-damage|p1a: Tyranitar|14\/100\n|move|p1b: Garchomp|Earthquake|p2b: Mr Hands|[spread] p1a,p2a,p2b\n|-supereffective|p1a: Tyranitar\n|-supereffective|p2a: lamp\n|-supereffective|p2b: Mr Hands\n|-damage|p1a: Tyranitar|0 fnt\n|-damage|p2a: lamp|0 fnt\n|-damage|p2b: Mr Hands|34\/100\n|faint|p1a: Tyranitar\n|faint|p2a: lamp\n|\n|-weather|Sandstorm|[upkeep]\n|-damage|p2b: Mr Hands|27\/100|[from] Sandstorm\n|-heal|p2b: Mr Hands|34\/100|[from] item: Leftovers\n|upkeep\n|c| charizardisnice|chandelure equals shit\n|\n|t:|1697381069\n|switch|p2a: hell yeah|Samurott-Hisui, M|100\/100\n|switch|p1a: Scizor|Scizor, F|100\/100\n|turn|4\n|\n|t:|1697381089\n|move|p2a: hell yeah|Sucker Punch|p1b: Garchomp\n|-damage|p1b: Garchomp|69\/100\n|move|p1b: Garchomp|Earthquake|p2b: Mr Hands|[spread] p1a,p2a,p2b\n|-crit|p2a: hell yeah\n|-supereffective|p2b: Mr Hands\n|-damage|p1a: Scizor|52\/100\n|-enditem|p2a: hell yeah|Focus Sash\n|-damage|p2a: hell yeah|1\/100\n|-damage|p2b: Mr Hands|0 fnt\n|faint|p2b: Mr Hands\n|-end|p2b: Mr Hands|Quark Drive|[silent]\n|move|p1a: Scizor|U-turn|p2a: hell yeah\n|-supereffective|p2a: hell yeah\n|-damage|p2a: hell yeah|0 fnt\n|faint|p2a: hell yeah\n|\n|t:|1697381102\n|switch|p1a: Ting-Lu|Ting-Lu|100\/100|[from] U-turn\n|-ability|p1a: Ting-Lu|Vessel of Ruin\n|\n|-weather|Sandstorm|[upkeep]\n|upkeep\n|\n|t:|1697381109\n|switch|p2b: would|Diancie|100\/100\n|turn|5\n|\n|t:|1697381115\n|move|p1b: Garchomp|Poison Jab|p2b: would\n|-damage|p2b: would|55\/100\n|-status|p2b: would|psn\n|move|p1a: Ting-Lu|Stomping Tantrum|p2b: would\n|-supereffective|p2b: would\n|-damage|p2b: would|0 fnt\n|faint|p2b: would\n|\n|win|burkesayshi\n|l|\u2606GDAbotto\n|l| charizardisnice\n","uploadtime":1697381188,"views":21,"p1id":"burkesayshi","p2id":"gdabotto","formatid":"gen9doublesou","rating":0,"private":0,"password":""}