{"id":"gen9doublesou-1991453103","p1":"sikort","p2":"sirazurill","format":"[Gen 9] Doubles OU","log":"|j|\u2606sikort\n|j|\u2606sirazurill\n|t:|1700078388\n|gametype|doubles\n|player|p1|sikort|scientist|1425\n|player|p2|sirazurill|bugcatcher-gen4dp|1442\n|teamsize|p1|6\n|teamsize|p2|6\n|gen|9\n|tier|[Gen 9] Doubles OU\n|rated|\n|rule|Species Clause: Limit one of each Pok\u00e9mon\n|rule|OHKO Clause: OHKO moves are banned\n|rule|Evasion Moves Clause: Evasion moves are banned\n|rule|Gravity Sleep Clause: The combination of sleep-inducing moves with imperfect accuracy and Gravity or Gigantamax Orbeetle are banned\n|rule|Endless Battle Clause: Forcing endless battles is banned\n|rule|HP Percentage Mod: HP is shown in percentages\n|clearpoke\n|poke|p1|Tornadus, M|\n|poke|p1|Chi-Yu|\n|poke|p1|Flutter Mane|\n|poke|p1|Chien-Pao|\n|poke|p1|Rillaboom, M|\n|poke|p1|Milotic, F|\n|poke|p2|Kingambit, F|\n|poke|p2|Tornadus, M|\n|poke|p2|Flutter Mane|\n|poke|p2|Landorus-Therian, M|\n|poke|p2|Ogerpon-Wellspring, F|\n|poke|p2|Heatran, M|\n|teampreview\n|\n|t:|1700078418\n|start\n|switch|p1a: Tornadus|Tornadus, M, shiny|100\/100\n|switch|p1b: Milotic|Milotic, F, shiny|100\/100\n|switch|p2a: Tornadus|Tornadus, M|100\/100\n|switch|p2b: Oregon-Wellspring|Ogerpon-Wellspring, F|100\/100\n|turn|1\n|\n|t:|1700078446\n|move|p1a: Tornadus|Tailwind|p1a: Tornadus\n|-sidestart|p1: sikort|move: Tailwind\n|move|p2a: Tornadus|Tailwind|p2a: Tornadus\n|-sidestart|p2: sirazurill|move: Tailwind\n|move|p2b: Oregon-Wellspring|Ivy Cudgel|p1a: Tornadus|[anim] Ivy Cudgel Water\n|-damage|p1a: Tornadus|1\/100\n|move|p1b: Milotic|Icy Wind|p2b: Oregon-Wellspring|[spread] p2a,p2b\n|-supereffective|p2a: Tornadus\n|-damage|p2a: Tornadus|76\/100\n|-damage|p2b: Oregon-Wellspring|90\/100\n|-unboost|p2a: Tornadus|spe|1\n|-unboost|p2b: Oregon-Wellspring|spe|1\n|-enditem|p2a: Tornadus|Eject Button\n|\n|t:|1700078461\n|switch|p2a: Flutter Mane|Flutter Mane|100\/100\n|\n|-status|p1b: Milotic|brn|[from] item: Flame Orb\n|upkeep\n|turn|2\n|\n|t:|1700078475\n|move|p2a: Flutter Mane|Dazzling Gleam|p1a: Tornadus|[spread] p1a,p1b\n|-damage|p1a: Tornadus|0 fnt\n|-damage|p1b: Milotic|72\/100 brn\n|faint|p1a: Tornadus\n|move|p1b: Milotic|Icy Wind|p2a: Flutter Mane|[spread] p2a,p2b\n|-damage|p2a: Flutter Mane|90\/100\n|-damage|p2b: Oregon-Wellspring|80\/100\n|-unboost|p2a: Flutter Mane|spe|1\n|-unboost|p2b: Oregon-Wellspring|spe|1\n|move|p2b: Oregon-Wellspring|Wood Hammer|p1b: Milotic\n|-supereffective|p1b: Milotic\n|-damage|p1b: Milotic|0 fnt\n|faint|p1b: Milotic\n|-damage|p2b: Oregon-Wellspring|56\/100|[from] Recoil\n|\n|upkeep\n|\n|t:|1700078498\n|switch|p1a: Flutter Mane|Flutter Mane|100\/100\n|switch|p1b: Chi-Yu|Chi-Yu|100\/100\n|-ability|p1b: Chi-Yu|Beads of Ruin\n|-enditem|p1a: Flutter Mane|Booster Energy\n|-activate|p1a: Flutter Mane|ability: Protosynthesis|[fromitem]\n|-start|p1a: Flutter Mane|protosynthesisspa\n|turn|3\n|\n|t:|1700078515\n|-end|p2a: Flutter Mane|Protosynthesis|[silent]\n|switch|p2a: Heatran|Heatran, M|100\/100\n|switch|p2b: Kingambit|Kingambit, F|100\/100\n|move|p1a: Flutter Mane|Shadow Ball|p2b: Kingambit\n|-resisted|p2b: Kingambit\n|-damage|p2b: Kingambit|76\/100\n|move|p1b: Chi-Yu|Dark Pulse|p2a: Heatran\n|-damage|p2a: Heatran|19\/100\n|\n|-heal|p2a: Heatran|26\/100|[from] item: Leftovers\n|upkeep\n|turn|4\n|\n|t:|1700078535\n|move|p2b: Kingambit|Sucker Punch|p1a: Flutter Mane\n|-damage|p1a: Flutter Mane|8\/100\n|move|p1a: Flutter Mane|Shadow Ball|p2a: Heatran\n|-damage|p2a: Heatran|0 fnt\n|faint|p2a: Heatran\n|move|p1b: Chi-Yu|Dark Pulse|p2b: Kingambit\n|-resisted|p2b: Kingambit\n|-damage|p2b: Kingambit|49\/100\n|\n|-sideend|p1: sikort|move: Tailwind\n|-sideend|p2: sirazurill|move: Tailwind\n|upkeep\n|\n|t:|1700078545\n|switch|p2a: Tornadus|Tornadus, M|76\/100\n|turn|5\n|\n|t:|1700078553\n|-end|p1a: Flutter Mane|Protosynthesis|[silent]\n|switch|p1a: Rillaboom|Rillaboom, M, shiny|100\/100\n|-fieldstart|move: Grassy Terrain|[from] ability: Grassy Surge|[of] p1a: Rillaboom\n|switch|p1b: Chien-Pao|Chien-Pao|100\/100\n|-ability|p1b: Chien-Pao|Sword of Ruin\n|move|p2a: Tornadus|Tailwind|p2a: Tornadus\n|-sidestart|p2: sirazurill|move: Tailwind\n|move|p2b: Kingambit|Brick Break|p1b: Chien-Pao\n|-supereffective|p1b: Chien-Pao\n|-enditem|p1b: Chien-Pao|Focus Sash\n|-damage|p1b: Chien-Pao|1\/100\n|\n|-heal|p1b: Chien-Pao|7\/100|[from] Grassy Terrain\n|-heal|p2b: Kingambit|55\/100|[from] Grassy Terrain\n|upkeep\n|turn|6\n|\n|t:|1700078571\n|move|p2a: Tornadus|Protect|p2a: Tornadus\n|-singleturn|p2a: Tornadus|Protect\n|move|p1a: Rillaboom|Fake Out|p2b: Kingambit\n|-resisted|p2b: Kingambit\n|-damage|p2b: Kingambit|49\/100\n|move|p1b: Chien-Pao|Sucker Punch||[still]\n|-fail|p1b: Chien-Pao\n|cant|p2b: Kingambit|flinch\n|\n|-heal|p1b: Chien-Pao|13\/100|[from] Grassy Terrain\n|-heal|p2b: Kingambit|55\/100|[from] Grassy Terrain\n|upkeep\n|turn|7\n|\n|t:|1700078584\n|move|p2b: Kingambit|Sucker Punch|p1a: Rillaboom\n|-damage|p1a: Rillaboom|53\/100\n|move|p1a: Rillaboom|Grassy Glide|p2b: Kingambit\n|-resisted|p2b: Kingambit\n|-crit|p2b: Kingambit\n|-damage|p2b: Kingambit|30\/100\n|move|p2a: Tornadus|Bleakwind Storm|p1b: Chien-Pao|[spread] p1a\n|-miss|p2a: Tornadus|p1b: Chien-Pao\n|-supereffective|p1a: Rillaboom\n|-damage|p1a: Rillaboom|0 fnt\n|faint|p1a: Rillaboom\n|move|p1b: Chien-Pao|Sacred Sword|p2b: Kingambit\n|-supereffective|p2b: Kingambit\n|-crit|p2b: Kingambit\n|-damage|p2b: Kingambit|0 fnt\n|faint|p2b: Kingambit\n|-end|p2b: Kingambit|fallenundefined|[silent]\n|\n|-heal|p1b: Chien-Pao|19\/100|[from] Grassy Terrain\n|upkeep\n|\n|t:|1700078606\n|switch|p1a: Chi-Yu|Chi-Yu|100\/100\n|switch|p2b: Landorus|Landorus-Therian, M|100\/100\n|-ability|p2b: Landorus|Intimidate|boost\n|-unboost|p1a: Chi-Yu|atk|1\n|-unboost|p1b: Chien-Pao|atk|1\n|-ability|p1a: Chi-Yu|Beads of Ruin\n|turn|8\n|\n|t:|1700078625\n|-terastallize|p1a: Chi-Yu|Ghost\n|move|p1b: Chien-Pao|Sucker Punch|p2b: Landorus\n|-crit|p2b: Landorus\n|-damage|p2b: Landorus|20\/100\n|move|p2b: Landorus|Earthquake|p1a: Chi-Yu|[spread] p1a,p1b\n|-immune|p2a: Tornadus\n|-damage|p1a: Chi-Yu|22\/100\n|-damage|p1b: Chien-Pao|0 fnt\n|faint|p1b: Chien-Pao\n|move|p2a: Tornadus|Bleakwind Storm|p1a: Chi-Yu|[miss]\n|-miss|p2a: Tornadus|p1a: Chi-Yu\n|move|p1a: Chi-Yu|Heat Wave|p2b: Landorus|[spread] p2a,p2b\n|-damage|p2a: Tornadus|0 fnt\n|-damage|p2b: Landorus|0 fnt\n|faint|p2a: Tornadus\n|faint|p2b: Landorus\n|\n|-heal|p1a: Chi-Yu|28\/100|[from] Grassy Terrain\n|-sideend|p2: sirazurill|move: Tailwind\n|upkeep\n|\n|t:|1700078642\n|switch|p1b: Flutter Mane|Flutter Mane|8\/100\n|switch|p2b: Flutter Mane|Flutter Mane|90\/100\n|switch|p2a: Oregon-Wellspring|Ogerpon-Wellspring, F|56\/100\n|turn|9\n|\n|t:|1700078658\n|-terastallize|p2a: Oregon-Wellspring|Water\n|detailschange|p2a: Oregon-Wellspring|Ogerpon-Wellspring-Tera, F, tera:Water\n|-ability|p2a: Oregon-Wellspring|Embody Aspect (Wellspring)|boost\n|-boost|p2a: Oregon-Wellspring|spd|1\n|move|p2a: Oregon-Wellspring|Follow Me|p2a: Oregon-Wellspring\n|-singleturn|p2a: Oregon-Wellspring|move: Follow Me\n|move|p1b: Flutter Mane|Shadow Ball|p2a: Oregon-Wellspring\n|-damage|p2a: Oregon-Wellspring|13\/100\n|move|p2b: Flutter Mane|Dazzling Gleam|p1a: Chi-Yu|[spread] p1a,p1b\n|-damage|p1a: Chi-Yu|0 fnt\n|-damage|p1b: Flutter Mane|0 fnt\n|faint|p1a: Chi-Yu\n|faint|p1b: Flutter Mane\n|-end|p1b: Flutter Mane|Protosynthesis|[silent]\n|\n|win|sirazurill\n|raw|sikort's rating: 1425 &rarr; <strong>1406<\/strong><br \/>(-19 for losing)\n|raw|sirazurill's rating: 1442 &rarr; <strong>1461<\/strong><br \/>(+19 for winning)\n|l|\u2606sikort\n","uploadtime":1700078684,"views":8,"p1id":"sikort","p2id":"sirazurill","formatid":"gen9doublesou","rating":1406,"private":0,"password":""}