{"id":"gen9doublesou-1974590278","p1":"Terrence2011","p2":"Petir Gruffin","format":"[Gen 9] Doubles OU","log":"|j|\u2606Terrence2011\n|j|\u203dPetir Gruffin\n|t:|1698100308\n|gametype|doubles\n|player|p1|Terrence2011|bugcatcher-gen4dp|1174\n|player|p2|Petir Gruffin|winona|1133\n|teamsize|p1|6\n|teamsize|p2|6\n|gen|9\n|tier|[Gen 9] Doubles OU\n|rated|\n|rule|Species Clause: Limit one of each Pok\u00e9mon\n|rule|OHKO Clause: OHKO moves are banned\n|rule|Evasion Moves Clause: Evasion moves are banned\n|rule|Gravity Sleep Clause: The combination of sleep-inducing moves with imperfect accuracy and Gravity or Gigantamax Orbeetle are banned\n|rule|Endless Battle Clause: Forcing endless battles is banned\n|rule|HP Percentage Mod: HP is shown in percentages\n|clearpoke\n|poke|p1|Tyranitar, M|\n|poke|p1|Kleavor, M|\n|poke|p1|Amoonguss, M|\n|poke|p1|Iron Thorns|\n|poke|p1|Ursaluna-Bloodmoon, M|\n|poke|p1|Gholdengo|\n|poke|p2|Oricorio, M|\n|poke|p2|Volcarona, F|\n|poke|p2|Lilligant-Hisui, F|\n|poke|p2|Kommo-o, F|\n|poke|p2|Muk-Alola, M|\n|poke|p2|Clefairy, M|\n|teampreview\n|inactive|Battle timer is ON: inactive players will automatically lose when time's up. (requested by Petir Gruffin)\n|c|\u2606Terrence2011|Good\n|c|\u2606Terrence2011|good luck:)\n|\n|t:|1698100327\n|start\n|switch|p1a: Tyranitar|Tyranitar, M|100\/100\n|switch|p1b: Kleavor|Kleavor, M|100\/100\n|switch|p2a: Oricorio|Oricorio, M|100\/100\n|switch|p2b: Muk|Muk-Alola, M|100\/100\n|-weather|Sandstorm|[from] ability: Sand Stream|[of] p1a: Tyranitar\n|turn|1\n|\n|t:|1698100342\n|move|p1b: Kleavor|Stone Axe|p2a: Oricorio\n|-supereffective|p2a: Oricorio\n|-damage|p2a: Oricorio|0 fnt\n|-sidestart|p2: Petir Gruffin|move: Stealth Rock\n|faint|p2a: Oricorio\n|-ability|p2b: Muk|Dancer|[from] ability: Power of Alchemy|[of] p2a: Oricorio\n|move|p1a: Tyranitar|Ice Punch|p2b: Muk\n|-damage|p2b: Muk|77\/100\n|move|p2b: Muk|Substitute|p2b: Muk\n|-start|p2b: Muk|Substitute\n|-damage|p2b: Muk|52\/100\n|\n|-weather|Sandstorm|[upkeep]\n|-damage|p2b: Muk|46\/100|[from] Sandstorm\n|-heal|p2b: Muk|52\/100|[from] item: Leftovers\n|upkeep\n|\n|t:|1698100351\n|switch|p2a: Lilligant|Lilligant-Hisui, F|100\/100\n|-damage|p2a: Lilligant|94\/100|[from] Stealth Rock\n|turn|2\n|\n|t:|1698100368\n|move|p2a: Lilligant|Victory Dance|p2a: Lilligant\n|-boost|p2a: Lilligant|atk|1\n|-boost|p2a: Lilligant|def|1\n|-boost|p2a: Lilligant|spe|1\n|-activate|p2b: Muk|ability: Dancer\n|move|p2b: Muk|Victory Dance|p2b: Muk|[from]ability: Dancer\n|-boost|p2b: Muk|atk|1\n|-boost|p2b: Muk|def|1\n|-boost|p2b: Muk|spe|1\n|move|p1b: Kleavor|Brick Break|p2b: Muk\n|-activate|p2b: Muk|move: Substitute|[damage]\n|move|p2b: Muk|Drain Punch|p1a: Tyranitar\n|-supereffective|p1a: Tyranitar\n|-damage|p1a: Tyranitar|0 fnt\n|-heal|p2b: Muk|100\/100|[from] drain|[of] p1a: Tyranitar\n|faint|p1a: Tyranitar\n|\n|-weather|Sandstorm|[upkeep]\n|-damage|p2a: Lilligant|88\/100|[from] Sandstorm\n|-damage|p2b: Muk|94\/100|[from] Sandstorm\n|-heal|p2b: Muk|100\/100|[from] item: Leftovers\n|upkeep\n|inactive|Terrence2011 has 120 seconds left.\n|\n|t:|1698100388\n|switch|p1a: Gholdengo|Gholdengo|100\/100\n|turn|3\n|\n|t:|1698100395\n|move|p2a: Lilligant|Victory Dance|p2a: Lilligant\n|-boost|p2a: Lilligant|atk|1\n|-boost|p2a: Lilligant|def|1\n|-boost|p2a: Lilligant|spe|1\n|-activate|p2b: Muk|ability: Dancer\n|move|p2b: Muk|Victory Dance|p2b: Muk|[from]ability: Dancer\n|-boost|p2b: Muk|atk|1\n|-boost|p2b: Muk|def|1\n|-boost|p2b: Muk|spe|1\n|move|p1b: Kleavor|Brick Break|p2b: Muk\n|-activate|p2b: Muk|move: Substitute|[damage]\n|move|p1a: Gholdengo|Dazzling Gleam|p2b: Muk|[spread] p2a,p2b\n|-end|p2b: Muk|Substitute\n|-supereffective|p2a: Lilligant\n|-damage|p2a: Lilligant|17\/100\n|move|p2b: Muk|Knock Off|p1a: Gholdengo\n|-supereffective|p1a: Gholdengo\n|-damage|p1a: Gholdengo|0 fnt\n|-damage|p2b: Muk|84\/100|[from] item: Rocky Helmet|[of] p1a: Gholdengo\n|-enditem|p1a: Gholdengo|Rocky Helmet|[from] move: Knock Off|[of] p2b: Muk\n|faint|p1a: Gholdengo\n|\n|-weather|Sandstorm|[upkeep]\n|-damage|p2a: Lilligant|11\/100|[from] Sandstorm\n|-damage|p2b: Muk|78\/100|[from] Sandstorm\n|-heal|p2b: Muk|84\/100|[from] item: Leftovers\n|upkeep\n|\n|t:|1698100399\n|switch|p1a: Amoonguss|Amoonguss, M|100\/100\n|turn|4\n|\n|t:|1698100418\n|move|p2a: Lilligant|Acrobatics|p1a: Amoonguss\n|-supereffective|p1a: Amoonguss\n|-damage|p1a: Amoonguss|40\/100\n|move|p1b: Kleavor|Brick Break|p2a: Lilligant\n|-damage|p2a: Lilligant|0 fnt\n|faint|p2a: Lilligant\n|move|p2b: Muk|Substitute|p2b: Muk\n|-start|p2b: Muk|Substitute\n|-damage|p2b: Muk|59\/100\n|move|p1a: Amoonguss|Clear Smog|p2b: Muk\n|-resisted|p2b: Muk\n|-activate|p2b: Muk|move: Substitute|[damage]\n|\n|-weather|Sandstorm|[upkeep]\n|-damage|p2b: Muk|53\/100|[from] Sandstorm\n|-heal|p2b: Muk|59\/100|[from] item: Leftovers\n|upkeep\n|\n|t:|1698100431\n|switch|p2a: Volcarona|Volcarona, F|100\/100\n|-damage|p2a: Volcarona|51\/100|[from] Stealth Rock\n|turn|5\n|\n|t:|1698100448\n|move|p2a: Volcarona|Quiver Dance|p2a: Volcarona\n|-boost|p2a: Volcarona|spa|1\n|-boost|p2a: Volcarona|spd|1\n|-boost|p2a: Volcarona|spe|1\n|-activate|p2b: Muk|ability: Dancer\n|move|p2b: Muk|Quiver Dance|p2b: Muk|[from]ability: Dancer\n|-boost|p2b: Muk|spa|1\n|-boost|p2b: Muk|spd|1\n|-boost|p2b: Muk|spe|1\n|move|p2b: Muk|Poison Jab|p1a: Amoonguss\n|-damage|p1a: Amoonguss|0 fnt\n|faint|p1a: Amoonguss\n|move|p1b: Kleavor|Stone Axe|p2a: Volcarona\n|-supereffective|p2a: Volcarona\n|-damage|p2a: Volcarona|0 fnt\n|faint|p2a: Volcarona\n|\n|-weather|Sandstorm|[upkeep]\n|-damage|p2b: Muk|53\/100|[from] Sandstorm\n|-heal|p2b: Muk|59\/100|[from] item: Leftovers\n|upkeep\n|\n|t:|1698100467\n|switch|p2a: Clefairy|Clefairy, M|100\/100\n|switch|p1a: Iron Thorns|Iron Thorns|100\/100\n|-item|p1a: Iron Thorns|Air Balloon\n|-damage|p2a: Clefairy|88\/100|[from] Stealth Rock\n|turn|6\n|\n|t:|1698100481\n|move|p2b: Muk|Drain Punch|p1a: Iron Thorns\n|-supereffective|p1a: Iron Thorns\n|-damage|p1a: Iron Thorns|26\/100\n|-heal|p2b: Muk|90\/100|[from] drain|[of] p1a: Iron Thorns\n|-enditem|p1a: Iron Thorns|Air Balloon\n|move|p1b: Kleavor|Stone Axe|p2a: Clefairy\n|-damage|p2a: Clefairy|25\/100\n|move|p1a: Iron Thorns|Volt Switch|p2b: Muk\n|-activate|p2b: Muk|move: Substitute|[damage]\n|\n|t:|1698100492\n|-end|p1a: Iron Thorns|Quark Drive|[silent]\n|switch|p1a: Ursaluna|Ursaluna-Bloodmoon, M|100\/100|[from] Volt Switch\n|move|p2a: Clefairy|Life Dew|p2a: Clefairy|[spread] p2a,p2b\n|-heal|p2a: Clefairy|50\/100\n|-heal|p2b: Muk|100\/100\n|\n|-weather|Sandstorm|[upkeep]\n|-damage|p2b: Muk|94\/100|[from] Sandstorm\n|-damage|p2a: Clefairy|44\/100|[from] Sandstorm\n|-heal|p2b: Muk|100\/100|[from] item: Leftovers\n|upkeep\n|turn|7\n|\n|t:|1698100505\n|move|p2a: Clefairy|Follow Me|p2a: Clefairy\n|-singleturn|p2a: Clefairy|move: Follow Me\n|move|p2b: Muk|Knock Off|p1a: Ursaluna\n|-damage|p1a: Ursaluna|45\/100\n|-enditem|p1a: Ursaluna|Silk Scarf|[from] move: Knock Off|[of] p2b: Muk\n|move|p1b: Kleavor|Brick Break|p2a: Clefairy\n|-resisted|p2a: Clefairy\n|-damage|p2a: Clefairy|27\/100\n|move|p1a: Ursaluna|Blood Moon|p2a: Clefairy\n|-damage|p2a: Clefairy|0 fnt\n|faint|p2a: Clefairy\n|\n|-weather|Sandstorm|[upkeep]\n|-damage|p2b: Muk|94\/100|[from] Sandstorm\n|-heal|p2b: Muk|100\/100|[from] item: Leftovers\n|upkeep\n|\n|t:|1698100515\n|switch|p2a: Kommo-o|Kommo-o, F|100\/100\n|-damage|p2a: Kommo-o|94\/100|[from] Stealth Rock\n|turn|8\n|\n|t:|1698100526\n|move|p2b: Muk|Drain Punch|p1a: Ursaluna\n|-supereffective|p1a: Ursaluna\n|-damage|p1a: Ursaluna|0 fnt\n|faint|p1a: Ursaluna\n|move|p1b: Kleavor|Brick Break|p2b: Muk\n|-end|p2b: Muk|Substitute\n|move|p2a: Kommo-o|Clangorous Soul|p2a: Kommo-o\n|-boost|p2a: Kommo-o|atk|1\n|-boost|p2a: Kommo-o|def|1\n|-boost|p2a: Kommo-o|spa|1\n|-boost|p2a: Kommo-o|spd|1\n|-boost|p2a: Kommo-o|spe|1\n|-damage|p2a: Kommo-o|61\/100\n|-activate|p2b: Muk|ability: Dancer\n|move|p2b: Muk|Clangorous Soul|p2b: Muk|[from]ability: Dancer\n|-boost|p2b: Muk|atk|1\n|-boost|p2b: Muk|def|1\n|-boost|p2b: Muk|spa|1\n|-boost|p2b: Muk|spd|1\n|-boost|p2b: Muk|spe|1\n|-damage|p2b: Muk|68\/100\n|\n|-weather|none\n|-heal|p2a: Kommo-o|68\/100|[from] item: Leftovers\n|-heal|p2b: Muk|74\/100|[from] item: Leftovers\n|upkeep\n|\n|t:|1698100529\n|switch|p1a: Iron Thorns|Iron Thorns|26\/100\n|turn|9\n|c|\u2606Terrence2011|gg\n|\n|t:|1698100540\n|move|p2a: Kommo-o|Clanging Scales|p1b: Kleavor|[spread] p1a,p1b\n|-damage|p1a: Iron Thorns|0 fnt\n|-damage|p1b: Kleavor|39\/100\n|faint|p1a: Iron Thorns\n|-end|p1a: Iron Thorns|Quark Drive|[silent]\n|-unboost|p2a: Kommo-o|def|1\n|move|p2b: Muk|Drain Punch|p1b: Kleavor\n|-damage|p1b: Kleavor|0 fnt\n|-heal|p2b: Muk|87\/100|[from] drain|[of] p1b: Kleavor\n|faint|p1b: Kleavor\n|\n|win|Petir Gruffin\n|raw|Terrence2011's rating: 1174 &rarr; <strong>1146<\/strong><br \/>(-28 for losing)\n|raw|Petir Gruffin's rating: 1133 &rarr; <strong>1161<\/strong><br \/>(+28 for winning)\n|l|\u2606Terrence2011\n","uploadtime":1698100558,"views":8,"p1id":"terrence2011","p2id":"petirgruffin","formatid":"gen9doublesou","rating":1146,"private":0,"password":""}