{"id":"gen9doublesou-1971431991","p1":"hollyland","p2":"Schister","format":"[Gen 9] Doubles OU","log":"|j|\u2606hollyland\n|j|\u2606Schister\n|t:|1697738009\n|gametype|doubles\n|player|p1|hollyland|170|1457\n|player|p2|Schister|clair|1667\n|teamsize|p1|6\n|teamsize|p2|6\n|gen|9\n|tier|[Gen 9] Doubles OU\n|rated|\n|rule|Species Clause: Limit one of each Pok\u00e9mon\n|rule|OHKO Clause: OHKO moves are banned\n|rule|Evasion Moves Clause: Evasion moves are banned\n|rule|Gravity Sleep Clause: The combination of sleep-inducing moves with imperfect accuracy and Gravity or Gigantamax Orbeetle are banned\n|rule|Endless Battle Clause: Forcing endless battles is banned\n|rule|HP Percentage Mod: HP is shown in percentages\n|clearpoke\n|poke|p1|Mew|\n|poke|p1|Basculegion, M|\n|poke|p1|Decidueye, F|\n|poke|p1|Flutter Mane|\n|poke|p1|Squawkabilly-Blue, F|\n|poke|p1|Chi-Yu|\n|poke|p2|Weezing-Galar, F|\n|poke|p2|Ogerpon-Hearthflame, F|\n|poke|p2|Landorus-Therian, M|\n|poke|p2|Iron Hands|\n|poke|p2|Flutter Mane|\n|poke|p2|Roaring Moon|\n|teampreview\n|inactive|Battle timer is ON: inactive players will automatically lose when time's up. (requested by Schister)\n|\n|t:|1697738028\n|start\n|switch|p1a: Mew|Mew|100\/100\n|switch|p1b: Decidueye|Decidueye, F|100\/100\n|switch|p2a: Landorus|Landorus-Therian, M|100\/100\n|switch|p2b: Roaring Moon|Roaring Moon|100\/100\n|-ability|p2a: Landorus|Intimidate|boost\n|-unboost|p1a: Mew|atk|1\n|-unboost|p1b: Decidueye|atk|1\n|turn|1\n|\n|t:|1697738038\n|-terastallize|p2a: Landorus|Flying\n|move|p2a: Landorus|Tera Blast|p1b: Decidueye|[anim] Tera Blast Flying\n|-supereffective|p1b: Decidueye\n|-enditem|p1b: Decidueye|Focus Sash\n|-damage|p1b: Decidueye|1\/100\n|move|p2b: Roaring Moon|Knock Off|p1a: Mew\n|-supereffective|p1a: Mew\n|-damage|p1a: Mew|14\/100\n|-enditem|p1a: Mew|Covert Cloak|[from] move: Knock Off|[of] p2b: Roaring Moon\n|move|p1a: Mew|Water Pledge|p2a: Landorus\n|-waiting|p1a: Mew|p1b: Decidueye\n|move|p1b: Decidueye|Grass Pledge|p2a: Landorus|[from]move: Water Pledge\n|-combine\n|-resisted|p2a: Landorus\n|-damage|p2a: Landorus|36\/100\n|-sidestart|p2: Schister|Grass Pledge\n|\n|upkeep\n|turn|2\n|inactive|hollyland has 120 seconds left.\n|inactive|Schister has 120 seconds left.\n|\n|t:|1697738086\n|move|p1a: Mew|Will-O-Wisp|p2b: Roaring Moon\n|-status|p2b: Roaring Moon|brn\n|move|p1b: Decidueye|Shadow Ball|p2a: Landorus\n|-damage|p2a: Landorus|0 fnt\n|faint|p2a: Landorus\n|move|p2b: Roaring Moon|U-turn|p1b: Decidueye\n|-damage|p1b: Decidueye|0 fnt\n|faint|p1b: Decidueye\n|\n|t:|1697738099\n|-end|p2b: Roaring Moon|Protosynthesis|[silent]\n|switch|p2b: Weezing|Weezing-Galar, F|100\/100|[from] U-turn\n|-ability|p2b: Weezing|Neutralizing Gas\n|\n|upkeep\n|\n|t:|1697738114\n|switch|p2a: Iron Hands|Iron Hands|100\/100\n|switch|p1b: Chi-Yu|Chi-Yu|100\/100\n|turn|3\n|\n|t:|1697738127\n|switch|p1b: Flutter Mane|Flutter Mane|100\/100\n|move|p2a: Iron Hands|Fake Out|p1a: Mew\n|-damage|p1a: Mew|1\/100\n|cant|p1a: Mew|flinch\n|move|p2b: Weezing|Gunk Shot|p1b: Flutter Mane\n|-damage|p1b: Flutter Mane|18\/100\n|-status|p1b: Flutter Mane|psn\n|\n|-damage|p1b: Flutter Mane|6\/100 psn|[from] psn\n|upkeep\n|turn|4\n|inactive|hollyland has 120 seconds left.\n|\n|t:|1697738168\n|-end|p2a: Iron Hands|Quark Drive|[silent]\n|switch|p2a: Ogerpon|Ogerpon-Hearthflame, F|100\/100\n|move|p2b: Weezing|Protect|p2b: Weezing\n|-singleturn|p2b: Weezing|Protect\n|move|p1b: Flutter Mane|Moonblast|p2a: Ogerpon\n|-resisted|p2a: Ogerpon\n|-damage|p2a: Ogerpon|74\/100\n|-unboost|p2a: Ogerpon|spa|1\n|move|p1a: Mew|Will-O-Wisp|p2a: Ogerpon\n|-immune|p2a: Ogerpon\n|\n|-damage|p1b: Flutter Mane|0 fnt|[from] psn\n|faint|p1b: Flutter Mane\n|-end|p1b: Flutter Mane|Protosynthesis|[silent]\n|-sideend|p2: Schister|Grass Pledge\n|upkeep\n|\n|t:|1697738173\n|switch|p1b: Squawkabilly|Squawkabilly-Blue, F|100\/100\n|turn|5\n|\n|t:|1697738199\n|move|p1b: Squawkabilly|Final Gambit|p2b: Weezing\n|-damage|p2b: Weezing|0 fnt\n|faint|p1b: Squawkabilly\n|faint|p2b: Weezing\n|-end|p2b: Weezing|ability: Neutralizing Gas\n|-ability|p2a: Ogerpon|Mold Breaker\n|move|p2a: Ogerpon|Ivy Cudgel|p1a: Mew\n|-damage|p1a: Mew|0 fnt\n|faint|p1a: Mew\n|\n|upkeep\n|\n|t:|1697738217\n|switch|p1a: Chi-Yu|Chi-Yu|100\/100\n|switch|p1b: Basculegion|Basculegion, M|100\/100\n|switch|p2b: Roaring Moon|Roaring Moon|100\/100 brn\n|-ability|p1a: Chi-Yu|Beads of Ruin\n|turn|6\n|\n|t:|1697738245\n|move|p1a: Chi-Yu|Dark Pulse|p2b: Roaring Moon\n|-resisted|p2b: Roaring Moon\n|-damage|p2b: Roaring Moon|75\/100 brn\n|move|p1b: Basculegion|Last Respects|p2b: Roaring Moon\n|-resisted|p2b: Roaring Moon\n|-damage|p2b: Roaring Moon|0 fnt\n|faint|p2b: Roaring Moon\n|-end|p2b: Roaring Moon|Protosynthesis|[silent]\n|move|p2a: Ogerpon|Horn Leech|p1b: Basculegion\n|-supereffective|p1b: Basculegion\n|-damage|p1b: Basculegion|3\/100\n|-heal|p2a: Ogerpon|100\/100|[from] drain|[of] p1b: Basculegion\n|\n|upkeep\n|\n|t:|1697738260\n|switch|p2b: Flutter Mane|Flutter Mane|100\/100\n|-enditem|p2b: Flutter Mane|Booster Energy\n|-activate|p2b: Flutter Mane|ability: Protosynthesis|[fromitem]\n|-start|p2b: Flutter Mane|protosynthesisspa\n|turn|7\n|\n|t:|1697738276\n|move|p1a: Chi-Yu|Dark Pulse|p2a: Ogerpon\n|-damage|p2a: Ogerpon|40\/100\n|move|p1b: Basculegion|Last Respects|p2b: Flutter Mane\n|-supereffective|p2b: Flutter Mane\n|-damage|p2b: Flutter Mane|0 fnt\n|faint|p2b: Flutter Mane\n|-end|p2b: Flutter Mane|Protosynthesis|[silent]\n|cant|p2a: Ogerpon|flinch\n|\n|upkeep\n|n|!Schister|schister\n|\n|t:|1697738291\n|switch|p2b: Iron Hands|Iron Hands|100\/100\n|turn|8\n|inactive|hollyland has 120 seconds left.\n|\n|t:|1697738333\n|move|p2a: Ogerpon|Spiky Shield|p2a: Ogerpon\n|-singleturn|p2a: Ogerpon|move: Protect\n|move|p1a: Chi-Yu|Dark Pulse|p2a: Ogerpon\n|-activate|p2a: Ogerpon|move: Protect\n|move|p1b: Basculegion|Last Respects|p2b: Iron Hands\n|-crit|p2b: Iron Hands\n|-damage|p2b: Iron Hands|0 fnt\n|faint|p2b: Iron Hands\n|-end|p2b: Iron Hands|Quark Drive|[silent]\n|\n|upkeep\n|turn|9\n|-message|Schister forfeited.\n|\n|win|hollyland\n|raw|hollyland's rating: 1457 &rarr; <strong>1488<\/strong><br \/>(+31 for winning)\n|raw|Schister's rating: 1667 &rarr; <strong>1636<\/strong><br \/>(-31 for losing)\n","uploadtime":1697738289,"views":16,"p1id":"hollyland","p2id":"schister","formatid":"gen9doublesou","rating":1488,"private":0,"password":""}