{"id":"gen9doublesou-1980619197","p1":"Final_EXE","p2":"Light kitten","format":"[Gen 9] Doubles OU","log":"|j|\u2606Final_EXE\n|j|\u2606Light kitten\n|t:|1698804010\n|gametype|doubles\n|player|p1|Final_EXE|102|1156\n|player|p2|Light kitten|169|1089\n|teamsize|p1|6\n|teamsize|p2|6\n|gen|9\n|tier|[Gen 9] Doubles OU\n|rated|\n|rule|Species Clause: Limit one of each Pok\u00e9mon\n|rule|OHKO Clause: OHKO moves are banned\n|rule|Evasion Moves Clause: Evasion moves are banned\n|rule|Gravity Sleep Clause: The combination of sleep-inducing moves with imperfect accuracy and Gravity or Gigantamax Orbeetle are banned\n|rule|Endless Battle Clause: Forcing endless battles is banned\n|rule|HP Percentage Mod: HP is shown in percentages\n|clearpoke\n|poke|p1|Iron Hands|\n|poke|p1|Sinistcha-Masterpiece|\n|poke|p1|Clefairy, F|\n|poke|p1|Kommo-o, M|\n|poke|p1|Landorus-Therian, M|\n|poke|p1|Rillaboom, M|\n|poke|p2|Slowking-Galar, M|\n|poke|p2|Chien-Pao|\n|poke|p2|Spiritomb, F|\n|poke|p2|Vespiquen, F|\n|poke|p2|Cresselia, F|\n|poke|p2|Krookodile, M|\n|teampreview\n|\n|t:|1698804022\n|start\n|switch|p1a: Kommo-o|Kommo-o, M, shiny|100\/100\n|switch|p1b: Clefairy|Clefairy, F, shiny|100\/100\n|switch|p2a: Spiritomb|Spiritomb, F|100\/100\n|switch|p2b: Krookodile|Krookodile, M|100\/100\n|-ability|p2a: Spiritomb|Pressure\n|turn|1\n|\n|t:|1698804035\n|move|p2b: Krookodile|Swagger|p1b: Clefairy\n|-boost|p1b: Clefairy|atk|2\n|-enditem|p2b: Krookodile|Mirror Herb\n|-boost|p2b: Krookodile|atk|2|[from] item: Mirror Herb\n|-start|p1b: Clefairy|confusion\n|move|p1a: Kommo-o|Clangorous Soul|p1a: Kommo-o\n|-boost|p1a: Kommo-o|atk|1\n|-boost|p1a: Kommo-o|def|1\n|-boost|p1a: Kommo-o|spa|1\n|-boost|p1a: Kommo-o|spd|1\n|-boost|p1a: Kommo-o|spe|1\n|-damage|p1a: Kommo-o|68\/100\n|-enditem|p1a: Kommo-o|Throat Spray\n|-boost|p1a: Kommo-o|spa|1|[from] item: Throat Spray\n|move|p2a: Spiritomb|Burning Jealousy|p1a: Kommo-o|[spread] p1a,p1b\n|-resisted|p1a: Kommo-o\n|-crit|p1b: Clefairy\n|-damage|p1a: Kommo-o|64\/100\n|-damage|p1b: Clefairy|89\/100\n|-status|p1a: Kommo-o|brn\n|-status|p1b: Clefairy|brn\n|-activate|p1b: Clefairy|confusion\n|move|p1b: Clefairy|Heal Pulse|p1a: Kommo-o\n|-heal|p1a: Kommo-o|100\/100 brn\n|\n|-damage|p1a: Kommo-o|94\/100 brn|[from] brn\n|-damage|p1b: Clefairy|83\/100 brn|[from] brn\n|upkeep\n|turn|2\n|\n|t:|1698804073\n|move|p2a: Spiritomb|Protect|p2a: Spiritomb\n|-singleturn|p2a: Spiritomb|Protect\n|-end|p1b: Clefairy|confusion\n|move|p1b: Clefairy|Follow Me|p1b: Clefairy\n|-singleturn|p1b: Clefairy|move: Follow Me\n|move|p1a: Kommo-o|Clanging Scales|p2b: Krookodile|[spread] p2b\n|-activate|p2a: Spiritomb|move: Protect\n|-damage|p2b: Krookodile|9\/100\n|-unboost|p1a: Kommo-o|def|1\n|move|p2b: Krookodile|Earthquake|p1b: Clefairy|[spread] p1a,p1b\n|-activate|p2a: Spiritomb|move: Protect\n|-damage|p1a: Kommo-o|42\/100 brn\n|-damage|p1b: Clefairy|0 fnt\n|faint|p1b: Clefairy\n|-ability|p2b: Krookodile|Moxie|boost\n|-boost|p2b: Krookodile|atk|1\n|\n|-damage|p1a: Kommo-o|36\/100 brn|[from] brn\n|upkeep\n|\n|t:|1698804091\n|switch|p1b: Sinistcha|Sinistcha-Masterpiece, shiny|100\/100\n|-heal|p1a: Kommo-o|61\/100 brn|[from] ability: Hospitality|[of] p1b: Sinistcha\n|turn|3\n|\n|t:|1698804107\n|move|p1b: Sinistcha|Rage Powder|p1b: Sinistcha\n|-singleturn|p1b: Sinistcha|move: Rage Powder\n|move|p1a: Kommo-o|Clanging Scales|p2a: Spiritomb|[spread] p2a,p2b\n|-damage|p2a: Spiritomb|28\/100\n|-damage|p2b: Krookodile|0 fnt\n|faint|p2b: Krookodile\n|-unboost|p1a: Kommo-o|def|1\n|move|p2a: Spiritomb|Icy Wind|p1a: Kommo-o|[spread] p1a,p1b\n|-supereffective|p1a: Kommo-o\n|-supereffective|p1b: Sinistcha\n|-damage|p1a: Kommo-o|47\/100 brn\n|-damage|p1b: Sinistcha|80\/100\n|-unboost|p1a: Kommo-o|spe|1\n|-unboost|p1b: Sinistcha|spe|1\n|\n|-heal|p2a: Spiritomb|34\/100|[from] item: Leftovers\n|-damage|p1a: Kommo-o|41\/100 brn|[from] brn\n|upkeep\n|\n|t:|1698804122\n|switch|p2b: Vespiquen|Vespiquen, F|100\/100\n|-ability|p2b: Vespiquen|Pressure\n|turn|4\n|\n|t:|1698804132\n|switch|p1b: Landorus|Landorus-Therian, M|100\/100\n|-ability|p1b: Landorus|Intimidate|boost\n|-unboost|p2a: Spiritomb|atk|1\n|-unboost|p2b: Vespiquen|atk|1\n|move|p1a: Kommo-o|Clanging Scales|p2a: Spiritomb|[spread] p2a,p2b\n|-damage|p2a: Spiritomb|0 fnt\n|-damage|p2b: Vespiquen|53\/100\n|faint|p2a: Spiritomb\n|-unboost|p1a: Kommo-o|def|1\n|move|p2b: Vespiquen|Defend Order|p2b: Vespiquen\n|-boost|p2b: Vespiquen|def|1\n|-boost|p2b: Vespiquen|spd|1\n|\n|-heal|p2b: Vespiquen|59\/100|[from] item: Leftovers\n|-damage|p1a: Kommo-o|35\/100 brn|[from] brn\n|upkeep\n|\n|t:|1698804144\n|switch|p2a: Chien-Pao|Chien-Pao|100\/100\n|-ability|p2a: Chien-Pao|Sword of Ruin\n|turn|5\n|\n|t:|1698804160\n|switch|p1b: Sinistcha|Sinistcha-Masterpiece, shiny|80\/100\n|-heal|p1a: Kommo-o|60\/100 brn|[from] ability: Hospitality|[of] p1b: Sinistcha\n|-terastallize|p1a: Kommo-o|Steel\n|move|p2a: Chien-Pao|Ice Spinner|p1b: Sinistcha\n|-supereffective|p1b: Sinistcha\n|-damage|p1b: Sinistcha|3\/100\n|move|p1a: Kommo-o|Clanging Scales|p2b: Vespiquen|[spread] p2a,p2b\n|-crit|p2b: Vespiquen\n|-enditem|p2a: Chien-Pao|Focus Sash\n|-damage|p2a: Chien-Pao|1\/100\n|-damage|p2b: Vespiquen|0 fnt\n|faint|p2b: Vespiquen\n|-unboost|p1a: Kommo-o|def|1\n|\n|-damage|p1a: Kommo-o|53\/100 brn|[from] brn\n|upkeep\n|\n|t:|1698804176\n|switch|p2b: Cresselia|Cresselia, F|100\/100\n|turn|6\n|\n|t:|1698804217\n|switch|p1b: Landorus|Landorus-Therian, M|100\/100\n|-ability|p1b: Landorus|Intimidate|boost\n|-unboost|p2a: Chien-Pao|atk|1\n|-unboost|p2b: Cresselia|atk|1\n|move|p2a: Chien-Pao|Sacred Sword|p1a: Kommo-o\n|-supereffective|p1a: Kommo-o\n|-damage|p1a: Kommo-o|1\/100 brn\n|move|p1a: Kommo-o|Flash Cannon|p2b: Cresselia\n|-damage|p2b: Cresselia|51\/100\n|-unboost|p2b: Cresselia|spd|1\n|move|p2b: Cresselia|Lunar Blessing|p2b: Cresselia|[spread] p2a,p2b\n|-heal|p2a: Chien-Pao|26\/100\n|-heal|p2b: Cresselia|76\/100\n|\n|-heal|p2b: Cresselia|82\/100|[from] item: Leftovers\n|-damage|p1a: Kommo-o|0 fnt|[from] brn\n|faint|p1a: Kommo-o\n|upkeep\n|\n|t:|1698804234\n|switch|p1a: Iron Hands|Iron Hands|100\/100\n|turn|7\n|\n|t:|1698804243\n|move|p2a: Chien-Pao|Protect|p2a: Chien-Pao\n|-singleturn|p2a: Chien-Pao|Protect\n|move|p1a: Iron Hands|Fake Out|p2a: Chien-Pao\n|-activate|p2a: Chien-Pao|move: Protect\n|move|p1b: Landorus|U-turn|p2b: Cresselia\n|-supereffective|p2b: Cresselia\n|-damage|p2b: Cresselia|33\/100\n|\n|t:|1698804252\n|switch|p1b: Rillaboom|Rillaboom, M, shiny|100\/100|[from] U-turn\n|-fieldstart|move: Grassy Terrain|[from] ability: Grassy Surge|[of] p1b: Rillaboom\n|move|p2b: Cresselia|Calm Mind|p2b: Cresselia\n|-boost|p2b: Cresselia|spa|1\n|-boost|p2b: Cresselia|spd|1\n|\n|-heal|p2a: Chien-Pao|32\/100|[from] Grassy Terrain\n|-heal|p2b: Cresselia|39\/100|[from] item: Leftovers\n|upkeep\n|turn|8\n|\n|t:|1698804267\n|switch|p2a: Slowking|Slowking-Galar, M|100\/100\n|move|p1b: Rillaboom|Fake Out|p2b: Cresselia\n|-damage|p2b: Cresselia|32\/100\n|cant|p2b: Cresselia|flinch\n|move|p1a: Iron Hands|Drain Punch|p2a: Slowking\n|-resisted|p2a: Slowking\n|-damage|p2a: Slowking|88\/100\n|\n|-heal|p2b: Cresselia|38\/100|[from] item: Leftovers\n|-heal|p2a: Slowking|94\/100|[from] Grassy Terrain\n|-heal|p2a: Slowking|99\/100|[from] item: Leftovers\n|upkeep\n|turn|9\n|\n|t:|1698804287\n|move|p1b: Rillaboom|High Horsepower|p2a: Slowking\n|-supereffective|p2a: Slowking\n|-damage|p2a: Slowking|44\/100\n|move|p2b: Cresselia|Lunar Blessing|p2b: Cresselia|[spread] p2a,p2b\n|-heal|p2a: Slowking|69\/100\n|-heal|p2b: Cresselia|63\/100\n|move|p1a: Iron Hands|Belly Drum|p1a: Iron Hands\n|-damage|p1a: Iron Hands|50\/100\n|-setboost|p1a: Iron Hands|atk|6|[from] move: Belly Drum\n|-enditem|p1a: Iron Hands|Sitrus Berry|[eat]\n|-heal|p1a: Iron Hands|75\/100|[from] item: Sitrus Berry\n|move|p2a: Slowking|Flamethrower|p1b: Rillaboom\n|-supereffective|p1b: Rillaboom\n|-damage|p1b: Rillaboom|62\/100\n|\n|-heal|p1b: Rillaboom|68\/100|[from] Grassy Terrain\n|-heal|p2b: Cresselia|69\/100|[from] item: Leftovers\n|-heal|p1a: Iron Hands|82\/100|[from] Grassy Terrain\n|-heal|p2a: Slowking|75\/100|[from] Grassy Terrain\n|-heal|p2a: Slowking|81\/100|[from] item: Leftovers\n|upkeep\n|turn|10\n|\n|t:|1698804313\n|move|p1b: Rillaboom|Grassy Glide|p2b: Cresselia\n|-damage|p2b: Cresselia|47\/100\n|move|p2b: Cresselia|Stored Power|p1a: Iron Hands\n|-supereffective|p1a: Iron Hands\n|-damage|p1a: Iron Hands|41\/100\n|move|p1a: Iron Hands|Wild Charge|p2a: Slowking\n|-damage|p2a: Slowking|0 fnt\n|faint|p2a: Slowking\n|-damage|p1a: Iron Hands|25\/100|[from] Recoil\n|\n|-heal|p1b: Rillaboom|74\/100|[from] Grassy Terrain\n|-heal|p2b: Cresselia|53\/100|[from] item: Leftovers\n|-heal|p1a: Iron Hands|31\/100|[from] Grassy Terrain\n|upkeep\n|\n|t:|1698804322\n|switch|p2a: Chien-Pao|Chien-Pao|32\/100\n|-ability|p2a: Chien-Pao|Sword of Ruin\n|turn|11\n|\n|t:|1698804331\n|switch|p1b: Sinistcha|Sinistcha-Masterpiece, shiny|3\/100\n|-heal|p1a: Iron Hands|56\/100|[from] ability: Hospitality|[of] p1b: Sinistcha\n|move|p2a: Chien-Pao|Protect|p2a: Chien-Pao\n|-singleturn|p2a: Chien-Pao|Protect\n|move|p2b: Cresselia|Stored Power|p1a: Iron Hands\n|-supereffective|p1a: Iron Hands\n|-damage|p1a: Iron Hands|16\/100\n|move|p1a: Iron Hands|Drain Punch|p2a: Chien-Pao\n|-activate|p2a: Chien-Pao|move: Protect\n|\n|-heal|p2a: Chien-Pao|38\/100|[from] Grassy Terrain\n|-heal|p2b: Cresselia|60\/100|[from] item: Leftovers\n|-heal|p1b: Sinistcha|9\/100|[from] Grassy Terrain\n|-heal|p1a: Iron Hands|22\/100|[from] Grassy Terrain\n|-fieldend|move: Grassy Terrain\n|upkeep\n|turn|12\n|\n|t:|1698804356\n|move|p1b: Sinistcha|Rage Powder|p1b: Sinistcha\n|-singleturn|p1b: Sinistcha|move: Rage Powder\n|move|p2a: Chien-Pao|Ice Spinner|p1b: Sinistcha\n|-supereffective|p1b: Sinistcha\n|-damage|p1b: Sinistcha|0 fnt\n|faint|p1b: Sinistcha\n|move|p2b: Cresselia|Stored Power|p1a: Iron Hands\n|-supereffective|p1a: Iron Hands\n|-damage|p1a: Iron Hands|0 fnt\n|faint|p1a: Iron Hands\n|-end|p1a: Iron Hands|Quark Drive|[silent]\n|\n|-heal|p2b: Cresselia|66\/100|[from] item: Leftovers\n|upkeep\n|\n|t:|1698804367\n|switch|p1b: Landorus|Landorus-Therian, M|100\/100\n|switch|p1a: Rillaboom|Rillaboom, M, shiny|74\/100\n|-ability|p1b: Landorus|Intimidate|boost\n|-unboost|p2a: Chien-Pao|atk|1\n|-unboost|p2b: Cresselia|atk|1\n|-fieldstart|move: Grassy Terrain|[from] ability: Grassy Surge|[of] p1a: Rillaboom\n|turn|13\n|\n|t:|1698804383\n|move|p2a: Chien-Pao|Protect|p2a: Chien-Pao\n|-singleturn|p2a: Chien-Pao|Protect\n|move|p1a: Rillaboom|Fake Out|p2b: Cresselia\n|-damage|p2b: Cresselia|55\/100\n|move|p1b: Landorus|U-turn|p2b: Cresselia\n|-supereffective|p2b: Cresselia\n|-damage|p2b: Cresselia|7\/100\n|cant|p2b: Cresselia|flinch\n|\n|-heal|p2a: Chien-Pao|44\/100|[from] Grassy Terrain\n|-heal|p1a: Rillaboom|81\/100|[from] Grassy Terrain\n|-heal|p2b: Cresselia|13\/100|[from] item: Leftovers\n|upkeep\n|turn|14\n|\n|t:|1698804404\n|move|p2b: Cresselia|Ally Switch|p2b: Cresselia\n|swap|p2b: Cresselia|0|[from] move: Ally Switch\n|move|p1a: Rillaboom|Grassy Glide|p2b: Chien-Pao\n|-damage|p2b: Chien-Pao|4\/100\n|move|p1b: Landorus|U-turn|p2a: Cresselia\n|-supereffective|p2a: Cresselia\n|-damage|p2a: Cresselia|0 fnt\n|faint|p2a: Cresselia\n|move|p2b: Chien-Pao|Ice Spinner|p1b: Landorus\n|-supereffective|p1b: Landorus\n|-damage|p1b: Landorus|0 fnt\n|-fieldend|move: Grassy Terrain\n|faint|p1b: Landorus\n|\n|upkeep\n|turn|15\n|\n|t:|1698804421\n|move|p2b: Chien-Pao|Ice Spinner|p1a: Rillaboom\n|-supereffective|p1a: Rillaboom\n|-crit|p1a: Rillaboom\n|-damage|p1a: Rillaboom|0 fnt\n|faint|p1a: Rillaboom\n|\n|win|Light kitten\n|raw|Final_EXE's rating: 1156 &rarr; <strong>1126<\/strong><br \/>(-30 for losing)\n|raw|Light kitten's rating: 1089 &rarr; <strong>1121<\/strong><br \/>(+32 for winning)\n|c|\u2606Final_EXE|the crit is crazy\n|c|\u2606Final_EXE|ggntho\n|l|\u2606Final_EXE\n","uploadtime":1698804701,"views":15,"p1id":"finalexe","p2id":"lightkitten","formatid":"gen9doublesou","rating":1121,"private":0,"password":""}