{"id":"gen9doublesou-1995915807","p1":"testing4communism","p2":"Peaplayer45","format":"[Gen 9] Doubles OU","log":"|j|\u2606testing4communism\n|j|\u2606Peaplayer45\n|inactive|Battle timer is ON: inactive players will automatically lose when time's up.\n|t:|1700617018\n|gametype|doubles\n|player|p1|testing4communism|#dwcopiii|\n|player|p2|Peaplayer45|brock-masters|\n|teamsize|p1|6\n|teamsize|p2|6\n|gen|9\n|tier|[Gen 9] Doubles OU\n|rated|Tournament battle\n|rule|Species Clause: Limit one of each Pok\u00e9mon\n|rule|OHKO Clause: OHKO moves are banned\n|rule|Evasion Moves Clause: Evasion moves are banned\n|rule|Gravity Sleep Clause: The combination of sleep-inducing moves with imperfect accuracy and Gravity or Gigantamax Orbeetle are banned\n|rule|Endless Battle Clause: Forcing endless battles is banned\n|rule|HP Percentage Mod: HP is shown in percentages\n|clearpoke\n|poke|p1|Chansey, F|\n|poke|p1|Qwilfish-Hisui, M|\n|poke|p1|Clefairy, M|\n|poke|p1|Snorunt, F|\n|poke|p1|Magneton|\n|poke|p1|Primeape, M|\n|poke|p2|Espeon, M|\n|poke|p2|Oricorio-Pom-Pom, F|\n|poke|p2|Lilligant, F|\n|poke|p2|Volcarona, M|\n|poke|p2|Delphox, F|\n|poke|p2|Bruxish, M|\n|teampreview\n|inactive|testing4communism also wants the timer to be on.\n|\n|t:|1700617033\n|start\n|switch|p1a: Snorunt|Snorunt, F|100\/100\n|switch|p1b: Magneton|Magneton|100\/100\n|switch|p2a: Dance Dance Rev|Oricorio-Pom-Pom, F|100\/100\n|switch|p2b: Plant Dancer|Lilligant, F|100\/100\n|turn|1\n|\n|t:|1700617047\n|move|p2a: Dance Dance Rev|Quiver Dance|p2a: Dance Dance Rev\n|-boost|p2a: Dance Dance Rev|spa|1\n|-boost|p2a: Dance Dance Rev|spd|1\n|-boost|p2a: Dance Dance Rev|spe|1\n|move|p2b: Plant Dancer|Quiver Dance|p2b: Plant Dancer\n|-boost|p2b: Plant Dancer|spa|1\n|-boost|p2b: Plant Dancer|spd|1\n|-boost|p2b: Plant Dancer|spe|1\n|-activate|p2a: Dance Dance Rev|ability: Dancer\n|move|p2a: Dance Dance Rev|Quiver Dance|p2a: Dance Dance Rev|[from]ability: Dancer\n|-boost|p2a: Dance Dance Rev|spa|1\n|-boost|p2a: Dance Dance Rev|spd|1\n|-boost|p2a: Dance Dance Rev|spe|1\n|move|p1b: Magneton|Volt Switch|p2a: Dance Dance Rev\n|-damage|p2a: Dance Dance Rev|79\/100\n|\n|t:|1700617053\n|switch|p1b: Primeape|Primeape, M|100\/100|[from] Volt Switch\n|move|p1a: Snorunt|Frost Breath|p1b: Primeape\n|-crit|p1b: Primeape\n|-damage|p1b: Primeape|89\/100\n|-setboost|p1b: Primeape|atk|6|[from] ability: Anger Point\n|\n|-ability|p1a: Snorunt|Moody|boost\n|-boost|p1a: Snorunt|def|2\n|-unboost|p1a: Snorunt|spa|1\n|upkeep\n|turn|2\n|j|#Actuarily\n|l|#Actuarily\n|inactive|Peaplayer45 has 120 seconds left.\n|\n|t:|1700617083\n|switch|p1a: Clefairy|Clefairy, M|100\/100\n|-terastallize|p1b: Primeape|Ghost\n|move|p2a: Dance Dance Rev|Revelation Dance|p1b: Primeape\n|-damage|p1b: Primeape|60\/100\n|move|p2b: Plant Dancer|Pollen Puff|p1b: Primeape\n|-resisted|p1b: Primeape\n|-damage|p1b: Primeape|49\/100\n|-damage|p2b: Plant Dancer|91\/100|[from] item: Life Orb\n|move|p1b: Primeape|Rage Fist|p2a: Dance Dance Rev\n|-damage|p2a: Dance Dance Rev|0 fnt\n|faint|p2a: Dance Dance Rev\n|\n|upkeep\n|inactive|Peaplayer45 has 120 seconds left.\n|\n|t:|1700617105\n|switch|p2a: Dancy Moth|Volcarona, M|100\/100\n|turn|3\n|\n|t:|1700617114\n|move|p2b: Plant Dancer|Giga Drain|p1b: Primeape\n|-damage|p1b: Primeape|20\/100\n|-heal|p2b: Plant Dancer|100\/100|[from] drain|[of] p1b: Primeape\n|-damage|p2b: Plant Dancer|91\/100|[from] item: Life Orb\n|move|p2a: Dancy Moth|Quiver Dance|p2a: Dancy Moth\n|-boost|p2a: Dancy Moth|spa|1\n|-boost|p2a: Dancy Moth|spd|1\n|-boost|p2a: Dancy Moth|spe|1\n|move|p1b: Primeape|Rage Fist|p2a: Dancy Moth\n|-damage|p2a: Dancy Moth|0 fnt\n|faint|p2a: Dancy Moth\n|move|p1a: Clefairy|Life Dew||[still]|[spread] p1a,p1b\n|-fail|p1a: Clefairy|heal\n|-heal|p1b: Primeape|45\/100\n|\n|upkeep\n|inactive|Peaplayer45 has 120 seconds left.\n|\n|t:|1700617124\n|switch|p2a: Secret Agent Bruxs|Bruxish, M|100\/100\n|turn|4\n|\n|t:|1700617135\n|-terastallize|p2a: Secret Agent Bruxs|Water\n|move|p1a: Clefairy|Follow Me|p1a: Clefairy\n|-singleturn|p1a: Clefairy|move: Follow Me\n|move|p2a: Secret Agent Bruxs|Aqua Jet|p1a: Clefairy\n|-damage|p1a: Clefairy|71\/100\n|move|p2b: Plant Dancer|Quiver Dance|p2b: Plant Dancer\n|-boost|p2b: Plant Dancer|spa|1\n|-boost|p2b: Plant Dancer|spd|1\n|-boost|p2b: Plant Dancer|spe|1\n|move|p1b: Primeape|Drain Punch|p2b: Plant Dancer\n|-damage|p2b: Plant Dancer|0 fnt\n|-heal|p1b: Primeape|83\/100|[from] drain|[of] p2b: Plant Dancer\n|faint|p2b: Plant Dancer\n|\n|upkeep\n|\n|t:|1700617147\n|switch|p2b: The Witchy Fox|Delphox, F|100\/100\n|turn|5\n|\n|t:|1700617154\n|switch|p2a: Espeon|Espeon, M|100\/100\n|move|p2b: The Witchy Fox|Protect|p2b: The Witchy Fox\n|-singleturn|p2b: The Witchy Fox|Protect\n|move|p1a: Clefairy|Follow Me|p1a: Clefairy\n|-singleturn|p1a: Clefairy|move: Follow Me\n|move|p1b: Primeape|Rage Fist|p2a: Espeon\n|-supereffective|p2a: Espeon\n|-damage|p2a: Espeon|0 fnt\n|faint|p2a: Espeon\n|\n|upkeep\n|\n|t:|1700617162\n|switch|p2a: Secret Agent Bruxs|Bruxish, M, tera:Water|100\/100\n|turn|6\n|\n|t:|1700617170\n|move|p1a: Clefairy|Follow Me|p1a: Clefairy\n|-singleturn|p1a: Clefairy|move: Follow Me\n|move|p2b: The Witchy Fox|Dazzling Gleam|p1a: Clefairy|[spread] p1a,p1b\n|-damage|p1a: Clefairy|57\/100\n|-damage|p1b: Primeape|74\/100\n|move|p2a: Secret Agent Bruxs|Poison Fang|p1a: Clefairy\n|-supereffective|p1a: Clefairy\n|-damage|p1a: Clefairy|5\/100\n|-status|p1a: Clefairy|tox\n|move|p1b: Primeape|Drain Punch|p2a: Secret Agent Bruxs\n|-damage|p2a: Secret Agent Bruxs|0 fnt\n|-heal|p1b: Primeape|100\/100|[from] drain|[of] p2a: Secret Agent Bruxs\n|faint|p2a: Secret Agent Bruxs\n|\n|-damage|p1a: Clefairy|0 fnt|[from] psn\n|faint|p1a: Clefairy\n|upkeep\n|\n|t:|1700617179\n|switch|p1a: Chansey|Chansey, F|100\/100\n|turn|7\n|\n|t:|1700617183\n|move|p2b: The Witchy Fox|Protect|p2b: The Witchy Fox\n|-singleturn|p2b: The Witchy Fox|Protect\n|move|p1b: Primeape|Rage Fist|p2b: The Witchy Fox\n|-activate|p2b: The Witchy Fox|move: Protect\n|move|p1a: Chansey|Heal Pulse|p1b: Primeape\n|-fail|p1b: Primeape|heal\n|\n|upkeep\n|turn|8\n|\n|t:|1700617198\n|move|p2b: The Witchy Fox|Role Play|p1b: Primeape\n|-endability|p2b: The Witchy Fox|Magician|[from] move: Role Play\n|-ability|p2b: The Witchy Fox|Anger Point|[from] move: Role Play|[of] p1b: Primeape\n|move|p1b: Primeape|Rage Fist|p2b: The Witchy Fox\n|-supereffective|p2b: The Witchy Fox\n|-damage|p2b: The Witchy Fox|0 fnt\n|faint|p2b: The Witchy Fox\n|\n|win|testing4communism\n|n|\u2606testing4communism|testing4communism\n|n|\u2606Peaplayer45|peaplayer45\n|l|\u2606Peaplayer45\n|c|\u2606testing4communism|gg\n","uploadtime":1700617212,"views":4,"p1id":"testing4communism","p2id":"peaplayer45","formatid":"gen9doublesou","rating":0,"private":0,"password":""}