{"id":"gen9doublesou-1996730301","p1":"Trabaguana123","p2":"PoliteGhost","format":"[Gen 9] Doubles OU","log":"|j|\u2606Trabaguana123\n|j|\u2606PoliteGhost\n|t:|1700715724\n|gametype|doubles\n|player|p1|Trabaguana123|shadowtriad|1588\n|player|p2|PoliteGhost|giovanni|1457\n|teamsize|p1|6\n|teamsize|p2|6\n|gen|9\n|tier|[Gen 9] Doubles OU\n|rated|\n|rule|Species Clause: Limit one of each Pok\u00e9mon\n|rule|OHKO Clause: OHKO moves are banned\n|rule|Evasion Moves Clause: Evasion moves are banned\n|rule|Gravity Sleep Clause: The combination of sleep-inducing moves with imperfect accuracy and Gravity or Gigantamax Orbeetle are banned\n|rule|Endless Battle Clause: Forcing endless battles is banned\n|rule|HP Percentage Mod: HP is shown in percentages\n|clearpoke\n|poke|p1|Gholdengo|\n|poke|p1|Murkrow, F|\n|poke|p1|Flutter Mane|\n|poke|p1|Iron Hands|\n|poke|p1|Garchomp, F|\n|poke|p1|Chi-Yu|\n|poke|p2|Amoonguss, F|\n|poke|p2|Iron Hands|\n|poke|p2|Landorus-Therian, M|\n|poke|p2|Flutter Mane|\n|poke|p2|Iron Bundle|\n|poke|p2|Chi-Yu|\n|teampreview\n|inactive|Battle timer is ON: inactive players will automatically lose when time's up. (requested by Trabaguana123)\n|\n|t:|1700715737\n|start\n|switch|p1a: Chi-Yu|Chi-Yu|100\/100\n|switch|p1b: Murkrow|Murkrow, F|100\/100\n|switch|p2a: Iron Bundle|Iron Bundle|100\/100\n|switch|p2b: Landorus|Landorus-Therian, M|100\/100\n|-ability|p2b: Landorus|Intimidate|boost\n|-unboost|p1a: Chi-Yu|atk|1\n|-unboost|p1b: Murkrow|atk|1\n|-ability|p1a: Chi-Yu|Beads of Ruin\n|turn|1\n|\n|t:|1700715751\n|move|p1b: Murkrow|Tailwind|p1b: Murkrow\n|-sidestart|p1: Trabaguana123|move: Tailwind\n|move|p1a: Chi-Yu|Heat Wave|p2a: Iron Bundle|[spread] p2a,p2b\n|-enditem|p2a: Iron Bundle|Focus Sash\n|-damage|p2a: Iron Bundle|1\/100\n|-damage|p2b: Landorus|35\/100\n|-status|p2b: Landorus|brn\n|move|p2a: Iron Bundle|Freeze-Dry|p1b: Murkrow\n|-supereffective|p1b: Murkrow\n|-damage|p1b: Murkrow|2\/100\n|move|p2b: Landorus|Stomping Tantrum|p1a: Chi-Yu\n|-supereffective|p1a: Chi-Yu\n|-crit|p1a: Chi-Yu\n|-damage|p1a: Chi-Yu|12\/100\n|\n|-damage|p2b: Landorus|29\/100 brn|[from] brn\n|upkeep\n|turn|2\n|\n|t:|1700715774\n|switch|p2b: Iron Hands|Iron Hands|100\/100\n|move|p2a: Iron Bundle|Protect|p2a: Iron Bundle\n|-singleturn|p2a: Iron Bundle|Protect\n|move|p1a: Chi-Yu|Heat Wave|p2b: Iron Hands|[spread] p2b\n|-activate|p2a: Iron Bundle|move: Protect\n|-damage|p2b: Iron Hands|72\/100\n|-status|p2b: Iron Hands|brn\n|move|p1b: Murkrow|Icy Wind|p2a: Iron Bundle|[spread] p2b\n|-activate|p2a: Iron Bundle|move: Protect\n|-damage|p2b: Iron Hands|66\/100 brn\n|-unboost|p2b: Iron Hands|spe|1\n|\n|-damage|p2b: Iron Hands|60\/100 brn|[from] brn\n|upkeep\n|turn|3\n|\n|t:|1700715785\n|-end|p2a: Iron Bundle|Quark Drive|[silent]\n|switch|p2a: Chi-Yu|Chi-Yu|100\/100\n|-ability|p2a: Chi-Yu|Beads of Ruin\n|move|p1a: Chi-Yu|Heat Wave|p2b: Iron Hands|[spread] p2a,p2b\n|-resisted|p2a: Chi-Yu\n|-damage|p2a: Chi-Yu|75\/100\n|-damage|p2b: Iron Hands|29\/100 brn\n|move|p1b: Murkrow|Icy Wind|p2b: Iron Hands|[spread] p2a,p2b\n|-resisted|p2a: Chi-Yu\n|-crit|p2b: Iron Hands\n|-damage|p2a: Chi-Yu|71\/100\n|-damage|p2b: Iron Hands|19\/100 brn\n|-unboost|p2a: Chi-Yu|spe|1\n|-unboost|p2b: Iron Hands|spe|1\n|move|p2b: Iron Hands|Drain Punch|p1a: Chi-Yu\n|-supereffective|p1a: Chi-Yu\n|-damage|p1a: Chi-Yu|0 fnt\n|-heal|p2b: Iron Hands|22\/100 brn|[from] drain|[of] p1a: Chi-Yu\n|faint|p1a: Chi-Yu\n|\n|-damage|p2b: Iron Hands|16\/100 brn|[from] brn\n|upkeep\n|\n|t:|1700715801\n|switch|p1a: Garchomp|Garchomp, F|100\/100\n|turn|4\n|\n|t:|1700715821\n|move|p2a: Chi-Yu|Protect|p2a: Chi-Yu\n|-singleturn|p2a: Chi-Yu|Protect\n|move|p1a: Garchomp|Earthquake|p2b: Iron Hands|[spread] p2b\n|-activate|p2a: Chi-Yu|move: Protect\n|-immune|p1b: Murkrow\n|-supereffective|p2b: Iron Hands\n|-damage|p2b: Iron Hands|0 fnt\n|faint|p2b: Iron Hands\n|-end|p2b: Iron Hands|Quark Drive|[silent]\n|move|p1b: Murkrow|Icy Wind|p2a: Chi-Yu\n|-activate|p2a: Chi-Yu|move: Protect\n|\n|-sideend|p1: Trabaguana123|move: Tailwind\n|upkeep\n|\n|t:|1700715830\n|switch|p2b: Flutter Mane|Flutter Mane|100\/100\n|-enditem|p2b: Flutter Mane|Booster Energy\n|-activate|p2b: Flutter Mane|ability: Protosynthesis|[fromitem]\n|-start|p2b: Flutter Mane|protosynthesisspe\n|turn|5\n|\n|t:|1700715841\n|move|p1b: Murkrow|Tailwind|p1b: Murkrow\n|-sidestart|p1: Trabaguana123|move: Tailwind\n|move|p2b: Flutter Mane|Moonblast|p1a: Garchomp\n|-supereffective|p1a: Garchomp\n|-damage|p1a: Garchomp|0 fnt\n|faint|p1a: Garchomp\n|move|p2a: Chi-Yu|Heat Wave|p1b: Murkrow\n|-damage|p1b: Murkrow|0 fnt\n|faint|p1b: Murkrow\n|\n|upkeep\n|\n|t:|1700715852\n|switch|p1a: Flutter Mane|Flutter Mane|100\/100\n|switch|p1b: Gholdengo|Gholdengo|100\/100\n|turn|6\n|\n|t:|1700715872\n|-terastallize|p1b: Gholdengo|Water\n|move|p2a: Chi-Yu|Protect|p2a: Chi-Yu\n|-singleturn|p2a: Chi-Yu|Protect\n|move|p1a: Flutter Mane|Power Gem|p2a: Chi-Yu\n|-activate|p2a: Chi-Yu|move: Protect\n|move|p2b: Flutter Mane|Shadow Ball|p1b: Gholdengo\n|-damage|p1b: Gholdengo|34\/100\n|move|p1b: Gholdengo|Shadow Ball|p2b: Flutter Mane\n|-supereffective|p2b: Flutter Mane\n|-damage|p2b: Flutter Mane|0 fnt\n|faint|p2b: Flutter Mane\n|-end|p2b: Flutter Mane|Protosynthesis|[silent]\n|\n|-heal|p1b: Gholdengo|40\/100|[from] item: Leftovers\n|upkeep\n|\n|t:|1700715885\n|switch|p2b: Amoonguss|Amoonguss, F|100\/100\n|turn|7\n|\n|t:|1700715908\n|-terastallize|p2a: Chi-Yu|Dark\n|move|p1a: Flutter Mane|Dazzling Gleam|p2b: Amoonguss|[spread] p2a,p2b\n|-supereffective|p2a: Chi-Yu\n|-resisted|p2b: Amoonguss\n|-damage|p2a: Chi-Yu|0 fnt\n|-damage|p2b: Amoonguss|82\/100\n|faint|p2a: Chi-Yu\n|-damage|p1a: Flutter Mane|91\/100|[from] item: Life Orb\n|move|p1b: Gholdengo|Make It Rain|p2b: Amoonguss\n|-damage|p2b: Amoonguss|40\/100\n|-unboost|p1b: Gholdengo|spa|1\n|move|p2b: Amoonguss|Spore|p1a: Flutter Mane\n|-status|p1a: Flutter Mane|slp|[from] move: Spore\n|\n|-heal|p1b: Gholdengo|46\/100|[from] item: Leftovers\n|upkeep\n|\n|t:|1700715916\n|switch|p2a: Landorus|Landorus-Therian, M|29\/100 brn\n|-ability|p2a: Landorus|Intimidate|boost\n|-unboost|p1a: Flutter Mane|atk|1\n|-unboost|p1b: Gholdengo|atk|1\n|turn|8\n|\n|t:|1700715933\n|cant|p1a: Flutter Mane|slp\n|move|p1b: Gholdengo|Make It Rain|p2b: Amoonguss|[spread] p2a,p2b\n|-crit|p2a: Landorus\n|-damage|p2a: Landorus|0 fnt\n|-damage|p2b: Amoonguss|18\/100\n|-unboost|p1b: Gholdengo|spa|1\n|faint|p2a: Landorus\n|move|p2b: Amoonguss|Pollen Puff|p1b: Gholdengo\n|-crit|p1b: Gholdengo\n|-damage|p1b: Gholdengo|17\/100\n|\n|-heal|p1b: Gholdengo|23\/100|[from] item: Leftovers\n|-sideend|p1: Trabaguana123|move: Tailwind\n|upkeep\n|\n|t:|1700715940\n|switch|p2a: Iron Bundle|Iron Bundle|1\/100\n|turn|9\n|\n|t:|1700715952\n|move|p2b: Amoonguss|Rage Powder|p2b: Amoonguss\n|-singleturn|p2b: Amoonguss|move: Rage Powder\n|move|p2a: Iron Bundle|Freeze-Dry|p1b: Gholdengo\n|-supereffective|p1b: Gholdengo\n|-damage|p1b: Gholdengo|0 fnt\n|faint|p1b: Gholdengo\n|-curestatus|p1a: Flutter Mane|slp|[msg]\n|move|p1a: Flutter Mane|Dazzling Gleam|p2b: Amoonguss|[spread] p2a,p2b\n|-resisted|p2b: Amoonguss\n|-damage|p2a: Iron Bundle|0 fnt\n|-damage|p2b: Amoonguss|4\/100\n|faint|p2a: Iron Bundle\n|-end|p2a: Iron Bundle|Quark Drive|[silent]\n|-damage|p1a: Flutter Mane|81\/100|[from] item: Life Orb\n|\n|upkeep\n|\n|t:|1700715959\n|switch|p1b: Iron Hands|Iron Hands|100\/100\n|turn|10\n|\n|t:|1700715965\n|move|p1b: Iron Hands|Fake Out|p2b: Amoonguss\n|-damage|p2b: Amoonguss|0 fnt\n|-damage|p1b: Iron Hands|84\/100|[from] item: Rocky Helmet|[of] p2b: Amoonguss\n|faint|p2b: Amoonguss\n|\n|win|Trabaguana123\n|raw|Trabaguana123's rating: 1588 &rarr; <strong>1601<\/strong><br \/>(+13 for winning)\n|raw|PoliteGhost's rating: 1457 &rarr; <strong>1444<\/strong><br \/>(-13 for losing)\n|l|\u2606Trabaguana123\n","uploadtime":1700715974,"views":2,"p1id":"trabaguana123","p2id":"politeghost","formatid":"gen9doublesou","rating":1444,"private":0,"password":""}