{"id":"gen9doublesou-1976565078","p1":"deadlydirt","p2":"Propuma","format":"[Gen 9] Doubles OU","log":"|j|\u2606deadlydirt\n|j|\u2606Propuma\n|t:|1698322349\n|gametype|doubles\n|player|p1|deadlydirt|harlequin|1091\n|player|p2|Propuma|cynthia|1115\n|teamsize|p1|6\n|teamsize|p2|6\n|gen|9\n|tier|[Gen 9] Doubles OU\n|rated|\n|rule|Species Clause: Limit one of each Pok\u00e9mon\n|rule|OHKO Clause: OHKO moves are banned\n|rule|Evasion Moves Clause: Evasion moves are banned\n|rule|Gravity Sleep Clause: The combination of sleep-inducing moves with imperfect accuracy and Gravity or Gigantamax Orbeetle are banned\n|rule|Endless Battle Clause: Forcing endless battles is banned\n|rule|HP Percentage Mod: HP is shown in percentages\n|clearpoke\n|poke|p1|Floatzel, M|\n|poke|p1|Pelipper, F|\n|poke|p1|Gholdengo|\n|poke|p1|Dragonite, M|\n|poke|p1|Goodra-Hisui, F|\n|poke|p1|Kingambit, F|\n|poke|p2|Fezandipiti, M|\n|poke|p2|Kleavor, F|\n|poke|p2|Arboliva, M|\n|poke|p2|Shaymin-Sky|\n|poke|p2|Skeledirge, F|\n|poke|p2|Crawdaunt, M|\n|teampreview\n|inactive|Battle timer is ON: inactive players will automatically lose when time's up. (requested by Propuma)\n|\n|t:|1698322355\n|start\n|switch|p1a: Pelipper|Pelipper, F, shiny|100\/100\n|switch|p1b: Kingambit|Kingambit, F, shiny|100\/100\n|switch|p2a: Kleavor|Kleavor, F, shiny|100\/100\n|switch|p2b: Fezandipiti|Fezandipiti, M|100\/100\n|-weather|RainDance|[from] ability: Drizzle|[of] p1a: Pelipper\n|-ability|p1b: Kingambit|Pressure\n|turn|1\n|\n|t:|1698322368\n|move|p2b: Fezandipiti|Nasty Plot|p2b: Fezandipiti\n|-boost|p2b: Fezandipiti|spa|2\n|move|p2a: Kleavor|Stone Axe|p1a: Pelipper\n|-supereffective|p1a: Pelipper\n|-enditem|p1a: Pelipper|Focus Sash\n|-damage|p1a: Pelipper|1\/100\n|-sidestart|p1: deadlydirt|move: Stealth Rock\n|move|p1a: Pelipper|Tailwind|p1a: Pelipper\n|-sidestart|p1: deadlydirt|move: Tailwind\n|move|p1b: Kingambit|Stealth Rock|p2a: Kleavor\n|-sidestart|p2: Propuma|move: Stealth Rock\n|\n|-weather|RainDance|[upkeep]\n|upkeep\n|turn|2\n|\n|t:|1698322391\n|move|p2b: Fezandipiti|Nasty Plot|p2b: Fezandipiti\n|-boost|p2b: Fezandipiti|spa|2\n|move|p1a: Pelipper|Hydro Pump|p2a: Kleavor\n|-supereffective|p2a: Kleavor\n|-damage|p2a: Kleavor|0 fnt\n|faint|p2a: Kleavor\n|move|p1b: Kingambit|Iron Head|p2b: Fezandipiti\n|-supereffective|p2b: Fezandipiti\n|-damage|p2b: Fezandipiti|0 fnt\n|faint|p2b: Fezandipiti\n|\n|-weather|RainDance|[upkeep]\n|upkeep\n|\n|t:|1698322401\n|switch|p2b: Skeledirge|Skeledirge, F|100\/100\n|switch|p2a: Crawdaunt|Crawdaunt, M, shiny|100\/100\n|-damage|p2b: Skeledirge|76\/100|[from] Stealth Rock\n|-damage|p2a: Crawdaunt|88\/100|[from] Stealth Rock\n|turn|3\n|\n|t:|1698322413\n|move|p1a: Pelipper|Hydro Pump|p2b: Skeledirge|[miss]\n|-miss|p1a: Pelipper|p2b: Skeledirge\n|move|p1b: Kingambit|Iron Head|p2a: Crawdaunt\n|-resisted|p2a: Crawdaunt\n|-damage|p2a: Crawdaunt|64\/100\n|move|p2b: Skeledirge|Torch Song|p1a: Pelipper\n|-resisted|p1a: Pelipper\n|-damage|p1a: Pelipper|0 fnt\n|-boost|p2b: Skeledirge|spa|1\n|faint|p1a: Pelipper\n|-damage|p2b: Skeledirge|66\/100|[from] item: Life Orb\n|move|p2a: Crawdaunt|Knock Off|p1b: Kingambit\n|-resisted|p1b: Kingambit\n|-damage|p1b: Kingambit|65\/100\n|-enditem|p1b: Kingambit|Heavy-Duty Boots|[from] move: Knock Off|[of] p2a: Crawdaunt\n|-damage|p2a: Crawdaunt|54\/100|[from] item: Life Orb\n|\n|-weather|RainDance|[upkeep]\n|upkeep\n|\n|t:|1698322432\n|switch|p1a: Floatzel|Floatzel, M, shiny|100\/100\n|-damage|p1a: Floatzel|88\/100|[from] Stealth Rock\n|turn|4\n|\n|t:|1698322445\n|move|p1a: Floatzel|Wave Crash|p2b: Skeledirge\n|-supereffective|p2b: Skeledirge\n|-damage|p2b: Skeledirge|0 fnt\n|faint|p2b: Skeledirge\n|-damage|p1a: Floatzel|60\/100|[from] Recoil\n|move|p1b: Kingambit|Iron Head|p2a: Crawdaunt\n|-resisted|p2a: Crawdaunt\n|-damage|p2a: Crawdaunt|27\/100\n|move|p2a: Crawdaunt|Knock Off|p1a: Floatzel\n|-damage|p1a: Floatzel|0 fnt\n|-enditem|p1a: Floatzel|Choice Scarf|[from] move: Knock Off|[of] p2a: Crawdaunt\n|faint|p1a: Floatzel\n|-damage|p2a: Crawdaunt|17\/100|[from] item: Life Orb\n|\n|-weather|RainDance|[upkeep]\n|-sideend|p1: deadlydirt|move: Tailwind\n|upkeep\n|\n|t:|1698322464\n|switch|p1a: Gholdengo|Gholdengo, shiny|100\/100\n|switch|p2b: Shaymin|Shaymin-Sky|100\/100\n|-damage|p2b: Shaymin|75\/100|[from] Stealth Rock\n|-damage|p1a: Gholdengo|94\/100|[from] Stealth Rock\n|turn|5\n|\n|t:|1698322483\n|move|p2b: Shaymin|Tailwind|p2b: Shaymin\n|-sidestart|p2: Propuma|move: Tailwind\n|move|p2a: Crawdaunt|Knock Off|p1a: Gholdengo\n|-supereffective|p1a: Gholdengo\n|-damage|p1a: Gholdengo|0 fnt\n|-enditem|p1a: Gholdengo|Choice Specs|[from] move: Knock Off|[of] p2a: Crawdaunt\n|faint|p1a: Gholdengo\n|-damage|p2a: Crawdaunt|7\/100|[from] item: Life Orb\n|move|p1b: Kingambit|Kowtow Cleave|p2b: Shaymin\n|-damage|p2b: Shaymin|26\/100\n|\n|-weather|none\n|-heal|p2b: Shaymin|32\/100|[from] item: Leftovers\n|upkeep\n|\n|t:|1698322497\n|switch|p1a: Dragonite|Dragonite, M, shiny|100\/100\n|-damage|p1a: Dragonite|76\/100|[from] Stealth Rock\n|turn|6\n|\n|t:|1698322504\n|move|p1a: Dragonite|Extreme Speed|p2a: Crawdaunt\n|-damage|p2a: Crawdaunt|0 fnt\n|faint|p2a: Crawdaunt\n|move|p2b: Shaymin|Leech Seed|p1b: Kingambit\n|-start|p1b: Kingambit|move: Leech Seed\n|move|p1b: Kingambit|Kowtow Cleave|p2b: Shaymin\n|-damage|p2b: Shaymin|0 fnt\n|faint|p2b: Shaymin\n|\n|upkeep\n|\n|t:|1698322513\n|switch|p2b: Arboliva|Arboliva, M|100\/100\n|-damage|p2b: Arboliva|88\/100|[from] Stealth Rock\n|turn|7\n|\n|t:|1698322521\n|move|p2b: Arboliva|Strength Sap|p1b: Kingambit\n|-unboost|p1b: Kingambit|atk|1\n|-heal|p2b: Arboliva|100\/100\n|move|p1a: Dragonite|Dragon Dance|p1a: Dragonite\n|-boost|p1a: Dragonite|atk|1\n|-boost|p1a: Dragonite|spe|1\n|move|p1b: Kingambit|Iron Head|p2b: Arboliva\n|-damage|p2b: Arboliva|73\/100\n|-fieldstart|move: Grassy Terrain|[from] ability: Seed Sower|[of] p2b: Arboliva\n|\n|-heal|p2b: Arboliva|79\/100|[from] Grassy Terrain\n|-heal|p1b: Kingambit|72\/100|[from] Grassy Terrain\n|-damage|p1b: Kingambit|59\/100|[from] Leech Seed|[of] p2b: Arboliva\n|-heal|p2b: Arboliva|95\/100|[silent]\n|upkeep\n|turn|8\n|\n|t:|1698322540\n|-terastallize|p2b: Arboliva|Grass\n|move|p1a: Dragonite|Dragon Dance|p1a: Dragonite\n|-boost|p1a: Dragonite|atk|1\n|-boost|p1a: Dragonite|spe|1\n|move|p2b: Arboliva|Terrain Pulse|p1a: Dragonite\n|-resisted|p1a: Dragonite\n|-damage|p1a: Dragonite|54\/100\n|move|p1b: Kingambit|Kowtow Cleave|p2b: Arboliva\n|-damage|p2b: Arboliva|66\/100\n|\n|-heal|p2b: Arboliva|72\/100|[from] Grassy Terrain\n|-heal|p1b: Kingambit|65\/100|[from] Grassy Terrain\n|-damage|p1b: Kingambit|53\/100|[from] Leech Seed|[of] p2b: Arboliva\n|-heal|p2b: Arboliva|89\/100|[silent]\n|-sideend|p2: Propuma|move: Tailwind\n|upkeep\n|turn|9\n|\n|t:|1698322559\n|move|p1a: Dragonite|Dragon Dance|p1a: Dragonite\n|-boost|p1a: Dragonite|atk|1\n|-boost|p1a: Dragonite|spe|1\n|move|p1b: Kingambit|Iron Head|p2b: Arboliva\n|-damage|p2b: Arboliva|59\/100\n|cant|p2b: Arboliva|flinch\n|\n|-heal|p1b: Kingambit|59\/100|[from] Grassy Terrain\n|-heal|p2b: Arboliva|65\/100|[from] Grassy Terrain\n|-damage|p1b: Kingambit|47\/100|[from] Leech Seed|[of] p2b: Arboliva\n|-heal|p2b: Arboliva|82\/100|[silent]\n|upkeep\n|turn|10\n|\n|t:|1698322572\n|move|p1a: Dragonite|Dragon Dance|p1a: Dragonite\n|-boost|p1a: Dragonite|atk|1\n|-boost|p1a: Dragonite|spe|1\n|move|p1b: Kingambit|Iron Head|p2b: Arboliva\n|-damage|p2b: Arboliva|49\/100\n|cant|p2b: Arboliva|flinch\n|\n|-heal|p1b: Kingambit|53\/100|[from] Grassy Terrain\n|-heal|p2b: Arboliva|55\/100|[from] Grassy Terrain\n|-damage|p1b: Kingambit|41\/100|[from] Leech Seed|[of] p2b: Arboliva\n|-heal|p2b: Arboliva|72\/100|[silent]\n|upkeep\n|turn|11\n|\n|t:|1698322588\n|move|p1a: Dragonite|Dragon Dance|p1a: Dragonite\n|-boost|p1a: Dragonite|atk|1\n|-boost|p1a: Dragonite|spe|1\n|move|p1b: Kingambit|Iron Head|p2b: Arboliva\n|-damage|p2b: Arboliva|40\/100\n|cant|p2b: Arboliva|flinch\n|\n|-heal|p1b: Kingambit|47\/100|[from] Grassy Terrain\n|-heal|p2b: Arboliva|46\/100|[from] Grassy Terrain\n|-damage|p1b: Kingambit|35\/100|[from] Leech Seed|[of] p2b: Arboliva\n|-heal|p2b: Arboliva|63\/100|[silent]\n|-fieldend|move: Grassy Terrain\n|upkeep\n|turn|12\n|\n|t:|1698322603\n|move|p1a: Dragonite|Dragon Dance|p1a: Dragonite\n|-boost|p1a: Dragonite|atk|1\n|-boost|p1a: Dragonite|spe|1\n|move|p1b: Kingambit|Iron Head|p2b: Arboliva\n|-damage|p2b: Arboliva|32\/100\n|-fieldstart|move: Grassy Terrain|[from] ability: Seed Sower|[of] p2b: Arboliva\n|move|p2b: Arboliva|Strength Sap|p1b: Kingambit\n|-unboost|p1b: Kingambit|atk|1\n|-heal|p2b: Arboliva|100\/100\n|\n|-heal|p1b: Kingambit|41\/100|[from] Grassy Terrain\n|-damage|p1b: Kingambit|28\/100|[from] Leech Seed|[of] p2b: Arboliva\n|upkeep\n|turn|13\n|\n|t:|1698322626\n|move|p1b: Kingambit|Protect|p1b: Kingambit\n|-singleturn|p1b: Kingambit|Protect\n|move|p1a: Dragonite|Outrage|p2b: Arboliva\n|-damage|p2b: Arboliva|0 fnt\n|faint|p2b: Arboliva\n|\n|win|deadlydirt\n|raw|deadlydirt's rating: 1091 &rarr; <strong>1119<\/strong><br \/>(+28 for winning)\n|raw|Propuma's rating: 1115 &rarr; <strong>1088<\/strong><br \/>(-27 for losing)\n|l|\u2606Propuma\n|c|\u2606deadlydirt|Overkill\n","uploadtime":1698322641,"views":20,"p1id":"deadlydirt","p2id":"propuma","formatid":"gen9doublesou","rating":1088,"private":0,"password":""}