{"id":"gen9doublesou-1987024660","p1":"grayck","p2":"klimz","format":"[Gen 9] Doubles OU","log":"|j|\u2606grayck\n|j|\u2606klimz\n|t:|1699549940\n|gametype|doubles\n|player|p1|grayck|rocketgrunt|1152\n|player|p2|klimz|steven|1063\n|teamsize|p1|6\n|teamsize|p2|6\n|gen|9\n|tier|[Gen 9] Doubles OU\n|rated|\n|rule|Species Clause: Limit one of each Pok\u00e9mon\n|rule|OHKO Clause: OHKO moves are banned\n|rule|Evasion Moves Clause: Evasion moves are banned\n|rule|Gravity Sleep Clause: The combination of sleep-inducing moves with imperfect accuracy and Gravity or Gigantamax Orbeetle are banned\n|rule|Endless Battle Clause: Forcing endless battles is banned\n|rule|HP Percentage Mod: HP is shown in percentages\n|clearpoke\n|poke|p1|Politoed, F|\n|poke|p1|Beartic, M|\n|poke|p1|Raichu, F|\n|poke|p1|Ludicolo, F|\n|poke|p1|Basculegion-F, F|\n|poke|p1|Overqwil, M|\n|poke|p2|Ninetales-Alola, M|\n|poke|p2|Meowscarada, F|\n|poke|p2|Kommo-o, F|\n|poke|p2|Iron Hands|\n|poke|p2|Sinistcha|\n|poke|p2|Iron Bundle|\n|teampreview\n|\n|t:|1699549981\n|start\n|switch|p1a: Politoed|Politoed, F, shiny|100\/100\n|switch|p1b: Raichu|Raichu, F|100\/100\n|switch|p2a: zest|Meowscarada, F, shiny|100\/100\n|switch|p2b: Iron Bundle|Iron Bundle, shiny|100\/100\n|-weather|RainDance|[from] ability: Drizzle|[of] p1a: Politoed\n|turn|1\n|\n|t:|1699550011\n|move|p2a: zest|U-turn|p1a: Politoed\n|-start|p2a: zest|typechange|Bug|[from] ability: Protean\n|-damage|p1a: Politoed|67\/100\n|\n|t:|1699550016\n|switch|p2a: white trash|Ninetales-Alola, M|100\/100|[from] U-turn\n|-weather|Snow|[from] ability: Snow Warning|[of] p2a: white trash\n|move|p2b: Iron Bundle|Aurora Veil|p2b: Iron Bundle\n|-sidestart|p2: klimz|move: Aurora Veil\n|move|p1b: Raichu|Nasty Plot|p1b: Raichu\n|-boost|p1b: Raichu|spa|2\n|move|p1a: Politoed|Muddy Water|p2a: white trash|[spread] p2a,p2b\n|-resisted|p2b: Iron Bundle\n|-damage|p2a: white trash|80\/100\n|-damage|p2b: Iron Bundle|82\/100\n|-enditem|p2a: white trash|Eject Button\n|\n|t:|1699550048\n|switch|p2a: Good With Hands|Iron Hands, shiny|100\/100\n|\n|-weather|Snow|[upkeep]\n|upkeep\n|turn|2\n|\n|t:|1699550079\n|move|p2a: Good With Hands|Fake Out|p1b: Raichu\n|-damage|p1b: Raichu|68\/100\n|move|p2b: Iron Bundle|Icy Wind|p1a: Politoed|[spread] p1a,p1b\n|-resisted|p1a: Politoed\n|-damage|p1a: Politoed|58\/100\n|-damage|p1b: Raichu|34\/100\n|-unboost|p1a: Politoed|spe|1\n|-unboost|p1b: Raichu|spe|1\n|cant|p1b: Raichu|flinch\n|move|p1a: Politoed|Earth Power|p2b: Iron Bundle\n|-damage|p2b: Iron Bundle|48\/100\n|\n|-weather|Snow|[upkeep]\n|upkeep\n|turn|3\n|\n|t:|1699550117\n|move|p1a: Politoed|Helping Hand|p1b: Raichu\n|-singleturn|p1b: Raichu|Helping Hand|[of] p1a: Politoed\n|move|p2b: Iron Bundle|Blizzard|p1a: Politoed|[spread] p1a,p1b\n|-resisted|p1a: Politoed\n|-damage|p1a: Politoed|36\/100\n|-damage|p1b: Raichu|0 fnt\n|faint|p1b: Raichu\n|move|p2a: Good With Hands|Drain Punch|p1a: Politoed\n|-damage|p1a: Politoed|0 fnt\n|faint|p1a: Politoed\n|\n|-weather|Snow|[upkeep]\n|upkeep\n|\n|t:|1699550139\n|switch|p1b: Ludicolo|Ludicolo, F, shiny|100\/100\n|switch|p1a: Overqwil|Overqwil, M|100\/100\n|turn|4\n|\n|t:|1699550165\n|move|p2b: Iron Bundle|Icy Wind|p1a: Overqwil|[spread] p1a,p1b\n|-damage|p1a: Overqwil|59\/100\n|-damage|p1b: Ludicolo|73\/100\n|-unboost|p1a: Overqwil|spe|1\n|-unboost|p1b: Ludicolo|spe|1\n|move|p1a: Overqwil|Rain Dance|p1a: Overqwil\n|-weather|RainDance\n|move|p1b: Ludicolo|Giga Drain|p2b: Iron Bundle\n|-supereffective|p2b: Iron Bundle\n|-damage|p2b: Iron Bundle|0 fnt\n|-heal|p1b: Ludicolo|93\/100|[from] drain|[of] p2b: Iron Bundle\n|faint|p2b: Iron Bundle\n|-end|p2b: Iron Bundle|Quark Drive|[silent]\n|-damage|p1b: Ludicolo|83\/100|[from] item: Life Orb\n|move|p2a: Good With Hands|Belly Drum|p2a: Good With Hands\n|-damage|p2a: Good With Hands|51\/100\n|-setboost|p2a: Good With Hands|atk|6|[from] move: Belly Drum\n|\n|-weather|RainDance|[upkeep]\n|upkeep\n|\n|t:|1699550189\n|switch|p2b: Sin City|Sinistcha, shiny|100\/100\n|-heal|p2a: Good With Hands|75\/100|[from] ability: Hospitality|[of] p2b: Sin City\n|turn|5\n|\n|t:|1699550207\n|move|p1a: Overqwil|Shadow Ball|p2b: Sin City\n|-supereffective|p2b: Sin City\n|-damage|p2b: Sin City|58\/100\n|-damage|p1a: Overqwil|49\/100|[from] item: Life Orb\n|move|p1b: Ludicolo|Surf|p2a: Good With Hands|[spread] p1a,p2a,p2b\n|-resisted|p2b: Sin City\n|-damage|p1a: Overqwil|0 fnt\n|-damage|p2a: Good With Hands|43\/100\n|-damage|p2b: Sin City|33\/100\n|faint|p1a: Overqwil\n|-damage|p1b: Ludicolo|73\/100|[from] item: Life Orb\n|move|p2b: Sin City|Matcha Gotcha|p1b: Ludicolo\n|-damage|p1b: Ludicolo|23\/100\n|-heal|p2b: Sin City|55\/100|[from] drain|[of] p1b: Ludicolo\n|move|p2a: Good With Hands|Wild Charge|p1b: Ludicolo\n|-damage|p1b: Ludicolo|0 fnt\n|faint|p1b: Ludicolo\n|-damage|p2a: Good With Hands|40\/100|[from] Recoil\n|\n|-weather|RainDance|[upkeep]\n|upkeep\n|\n|t:|1699550227\n|switch|p1a: Basculegion|Basculegion-F, F|100\/100\n|switch|p1b: Beartic|Beartic, M, shiny|100\/100\n|turn|6\n|\n|t:|1699550247\n|move|p2b: Sin City|Rage Powder|p2b: Sin City\n|-singleturn|p2b: Sin City|move: Rage Powder\n|move|p1a: Basculegion|Last Respects|p2b: Sin City\n|-supereffective|p2b: Sin City\n|-damage|p2b: Sin City|0 fnt\n|faint|p2b: Sin City\n|-damage|p1a: Basculegion|91\/100|[from] item: Life Orb\n|move|p1b: Beartic|Shadow Claw|p2a: Good With Hands\n|-damage|p2a: Good With Hands|26\/100\n|-damage|p1b: Beartic|91\/100|[from] item: Life Orb\n|move|p2a: Good With Hands|Drain Punch|p1b: Beartic\n|-supereffective|p1b: Beartic\n|-damage|p1b: Beartic|0 fnt\n|-heal|p2a: Good With Hands|55\/100|[from] drain|[of] p1b: Beartic\n|faint|p1b: Beartic\n|\n|-weather|RainDance|[upkeep]\n|upkeep\n|\n|t:|1699550270\n|switch|p2b: zest|Meowscarada, F, shiny|100\/100\n|turn|7\n|\n|t:|1699550281\n|move|p2b: zest|Knock Off|p1a: Basculegion\n|-start|p2b: zest|typechange|Dark|[from] ability: Protean\n|-supereffective|p1a: Basculegion\n|-damage|p1a: Basculegion|0 fnt\n|-enditem|p1a: Basculegion|Life Orb|[from] move: Knock Off|[of] p2b: zest\n|faint|p1a: Basculegion\n|\n|win|klimz\n|raw|grayck's rating: 1152 &rarr; <strong>1121<\/strong><br \/>(-31 for losing)\n|raw|klimz's rating: 1063 &rarr; <strong>1101<\/strong><br \/>(+38 for winning)\n|l|\u2606grayck\n","uploadtime":1699550300,"views":51,"p1id":"grayck","p2id":"klimz","formatid":"gen9doublesou","rating":1101,"private":0,"password":""}