{"id":"gen9doublesou-1970370551","p1":"shikimotoskyy","p2":"AhanuYTaux","format":"[Gen 9] Doubles OU","log":"|j|\u2606shikimotoskyy\n|j|\u2606AhanuYTaux\n|t:|1697632892\n|gametype|doubles\n|player|p1|shikimotoskyy|skyla|1123\n|player|p2|AhanuYTaux|steven|1064\n|teamsize|p1|6\n|teamsize|p2|6\n|gen|9\n|tier|[Gen 9] Doubles OU\n|rated|\n|rule|Species Clause: Limit one of each Pok\u00e9mon\n|rule|OHKO Clause: OHKO moves are banned\n|rule|Evasion Moves Clause: Evasion moves are banned\n|rule|Gravity Sleep Clause: The combination of sleep-inducing moves with imperfect accuracy and Gravity or Gigantamax Orbeetle are banned\n|rule|Endless Battle Clause: Forcing endless battles is banned\n|rule|HP Percentage Mod: HP is shown in percentages\n|clearpoke\n|poke|p1|Clawitzer, F|\n|poke|p1|Ninetales-Alola, M|\n|poke|p1|Ogerpon-Cornerstone, F|\n|poke|p1|Indeedee-F, F|\n|poke|p1|Oricorio, F|\n|poke|p1|Goodra-Hisui, M|\n|poke|p2|Slaking, M|\n|poke|p2|Arbok, M|\n|poke|p2|Maushold|\n|poke|p2|Ariados, F|\n|poke|p2|Typhlosion-Hisui, M|\n|poke|p2|Dragonite, M|\n|teampreview\n|\n|t:|1697632901\n|start\n|switch|p1a: Ninetales|Ninetales-Alola, M|100\/100\n|switch|p1b: Ogerpon|Ogerpon-Cornerstone, F|100\/100\n|switch|p2a: Ariados|Ariados, F|100\/100\n|switch|p2b: Maushold|Maushold, shiny|100\/100\n|-weather|Snow|[from] ability: Snow Warning|[of] p1a: Ninetales\n|turn|1\n|\n|t:|1697632920\n|move|p1b: Ogerpon|Ivy Cudgel|p2b: Maushold\n|-crit|p2b: Maushold\n|-enditem|p2b: Maushold|Focus Sash\n|-damage|p2b: Maushold|1\/100\n|move|p2b: Maushold|After You|p2a: Ariados\n|-activate|p2a: Ariados|move: After You\n|move|p2a: Ariados|Sticky Web|p1b: Ogerpon\n|-sidestart|p1: shikimotoskyy|move: Sticky Web\n|move|p1a: Ninetales|Aurora Veil|p1a: Ninetales\n|-sidestart|p1: shikimotoskyy|move: Aurora Veil\n|\n|-weather|Snow|[upkeep]\n|upkeep\n|turn|2\n|\n|t:|1697632936\n|move|p1b: Ogerpon|Ivy Cudgel|p2a: Ariados\n|-supereffective|p2a: Ariados\n|-damage|p2a: Ariados|6\/100\n|move|p2b: Maushold|Encore|p1a: Ninetales\n|-start|p1a: Ninetales|Encore\n|move|p1a: Ninetales|Aurora Veil||[still]\n|-fail|p1a: Ninetales\n|move|p2a: Ariados|Toxic Spikes|p1a: Ninetales\n|-sidestart|p1: shikimotoskyy|move: Toxic Spikes\n|\n|-weather|Snow|[upkeep]\n|upkeep\n|turn|3\n|inactive|Battle timer is ON: inactive players will automatically lose when time's up. (requested by AhanuYTaux)\n|\n|t:|1697632968\n|move|p1b: Ogerpon|Ivy Cudgel|p2a: Ariados\n|-supereffective|p2a: Ariados\n|-damage|p2a: Ariados|0 fnt\n|faint|p2a: Ariados\n|move|p2b: Maushold|After You|p2: Ariados|[notarget]\n|-fail|p2b: Maushold\n|move|p1a: Ninetales|Aurora Veil||[still]\n|-fail|p1a: Ninetales\n|\n|-weather|Snow|[upkeep]\n|upkeep\n|\n|t:|1697632979\n|switch|p2a: Arbok|Arbok, M, shiny|100\/100\n|-ability|p2a: Arbok|Intimidate|boost\n|-unboost|p1a: Ninetales|atk|1\n|-unboost|p1b: Ogerpon|atk|1\n|turn|4\n|\n|t:|1697632992\n|switch|p1b: Oricorio|Oricorio, F, shiny|100\/100\n|switch|p2b: Slaking|Slaking, M|100\/100\n|switch|p1a: Goodra|Goodra-Hisui, M|100\/100\n|-activate|p1a: Goodra|move: Sticky Web\n|-unboost|p1a: Goodra|spe|1\n|move|p2a: Arbok|Gastro Acid|p2b: Slaking\n|-endability|p2b: Slaking\n|\n|-weather|Snow|[upkeep]\n|upkeep\n|turn|5\n|\n|t:|1697633020\n|move|p2a: Arbok|Gastro Acid|p1b: Oricorio\n|-endability|p1b: Oricorio\n|move|p1b: Oricorio|Defog|p2b: Slaking\n|-unboost|p2b: Slaking|evasion|1\n|-sideend|p1: shikimotoskyy|Toxic Spikes|[from] move: Defog|[of] p1b: Oricorio\n|-sideend|p1: shikimotoskyy|Sticky Web|[from] move: Defog|[of] p1b: Oricorio\n|move|p2b: Slaking|Bulk Up|p2b: Slaking\n|-boost|p2b: Slaking|atk|1\n|-boost|p2b: Slaking|def|1\n|-enditem|p1b: Oricorio|Mirror Herb\n|-boost|p1b: Oricorio|atk|1|[from] item: Mirror Herb\n|-boost|p1b: Oricorio|def|1|[from] item: Mirror Herb\n|move|p1a: Goodra|Heavy Slam|p2a: Arbok\n|-damage|p2a: Arbok|18\/100\n|\n|-weather|none\n|-sideend|p1: shikimotoskyy|move: Aurora Veil\n|upkeep\n|turn|6\n|\n|t:|1697633046\n|move|p2a: Arbok|Gastro Acid|p1a: Goodra\n|-endability|p1a: Goodra\n|move|p1b: Oricorio|Quiver Dance|p1b: Oricorio\n|-boost|p1b: Oricorio|spa|1\n|-boost|p1b: Oricorio|spd|1\n|-boost|p1b: Oricorio|spe|1\n|move|p2b: Slaking|Earthquake|p1a: Goodra|[spread] p2a,p1a\n|-immune|p1b: Oricorio\n|-supereffective|p2a: Arbok\n|-supereffective|p1a: Goodra\n|-damage|p2a: Arbok|0 fnt\n|-damage|p1a: Goodra|0 fnt\n|faint|p2a: Arbok\n|faint|p1a: Goodra\n|\n|upkeep\n|\n|t:|1697633060\n|switch|p2a: Maushold|Maushold, shiny|1\/100\n|switch|p1a: Indeedee|Indeedee-F, F|100\/100\n|-fieldstart|move: Psychic Terrain|[from] ability: Psychic Surge|[of] p1a: Indeedee\n|turn|7\n|\n|t:|1697633078\n|move|p2a: Maushold|Protect|p2a: Maushold\n|-singleturn|p2a: Maushold|Protect\n|move|p1b: Oricorio|Quiver Dance|p1b: Oricorio\n|-boost|p1b: Oricorio|spa|1\n|-boost|p1b: Oricorio|spd|1\n|-boost|p1b: Oricorio|spe|1\n|move|p2b: Slaking|Mega Kick|p1b: Oricorio|[miss]\n|-miss|p2b: Slaking|p1b: Oricorio\n|move|p1a: Indeedee|Drain Punch|p2b: Slaking\n|-supereffective|p2b: Slaking\n|-damage|p2b: Slaking|93\/100\n|\n|upkeep\n|turn|8\n|\n|t:|1697633104\n|-terastallize|p2b: Slaking|Ghost\n|move|p1b: Oricorio|Revelation Dance|p2b: Slaking\n|-damage|p2b: Slaking|51\/100\n|move|p2a: Maushold|Encore|p1a: Indeedee\n|-start|p1a: Indeedee|Encore\n|move|p2b: Slaking|Mega Kick|p1b: Oricorio|[miss]\n|-miss|p2b: Slaking|p1b: Oricorio\n|move|p1a: Indeedee|Drain Punch|p2b: Slaking\n|-immune|p2b: Slaking\n|\n|upkeep\n|turn|9\n|inactive|shikimotoskyy has 120 seconds left.\n|\n|t:|1697633154\n|move|p2a: Maushold|Protect|p2a: Maushold\n|-singleturn|p2a: Maushold|Protect\n|move|p1b: Oricorio|Quiver Dance|p1b: Oricorio\n|-boost|p1b: Oricorio|spa|1\n|-boost|p1b: Oricorio|spd|1\n|-boost|p1b: Oricorio|spe|1\n|move|p2b: Slaking|Mega Kick|p1b: Oricorio\n|-damage|p1b: Oricorio|0 fnt\n|faint|p1b: Oricorio\n|move|p1a: Indeedee|Drain Punch|p2a: Maushold\n|-activate|p2a: Maushold|move: Protect\n|\n|upkeep\n|\n|t:|1697633172\n|switch|p1b: Ogerpon|Ogerpon-Cornerstone, F|100\/100\n|turn|10\n|inactive|shikimotoskyy has 120 seconds left.\n|\n|t:|1697633188\n|move|p1b: Ogerpon|Ivy Cudgel|p2b: Slaking\n|-damage|p2b: Slaking|31\/100\n|move|p2a: Maushold|After You|p2b: Slaking\n|-activate|p2b: Slaking|move: After You\n|move|p2b: Slaking|Earthquake|p1a: Indeedee|[spread] p2a,p1a,p1b\n|-damage|p2a: Maushold|0 fnt\n|-damage|p1a: Indeedee|26\/100\n|-damage|p1b: Ogerpon|28\/100\n|faint|p2a: Maushold\n|move|p1a: Indeedee|Drain Punch|p2b: Slaking\n|-immune|p2b: Slaking\n|\n|-end|p1a: Indeedee|Encore\n|upkeep\n|\n|t:|1697633202\n|switch|p2a: Dragonite|Dragonite, M|100\/100\n|turn|11\n|inactive|shikimotoskyy has 120 seconds left.\n|\n|t:|1697633236\n|move|p2a: Dragonite|Extreme Speed|p1b: Ogerpon\n|-activate|p1b: Ogerpon|move: Psychic Terrain\n|move|p1b: Ogerpon|Ivy Cudgel|p2a: Dragonite\n|-supereffective|p2a: Dragonite\n|-crit|p2a: Dragonite\n|-damage|p2a: Dragonite|3\/100\n|move|p2b: Slaking|Slack Off|p2b: Slaking\n|-heal|p2b: Slaking|81\/100\n|move|p1a: Indeedee|Light Screen|p1a: Indeedee\n|-sidestart|p1: shikimotoskyy|move: Light Screen\n|\n|-fieldend|move: Psychic Terrain\n|upkeep\n|turn|12\n|inactive|shikimotoskyy has 120 seconds left.\n|\n|t:|1697633267\n|move|p1a: Indeedee|Follow Me|p1a: Indeedee\n|-singleturn|p1a: Indeedee|move: Follow Me\n|move|p2a: Dragonite|Extreme Speed|p1a: Indeedee\n|-damage|p1a: Indeedee|0 fnt\n|-damage|p2a: Dragonite|0 fnt|[from] item: Rocky Helmet|[of] p1a: Indeedee\n|faint|p1a: Indeedee\n|faint|p2a: Dragonite\n|move|p1b: Ogerpon|Ivy Cudgel|p2b: Slaking\n|-damage|p2b: Slaking|53\/100\n|move|p2b: Slaking|Earthquake|p1b: Ogerpon\n|-damage|p1b: Ogerpon|0 fnt\n|faint|p1b: Ogerpon\n|\n|upkeep\n|inactive|shikimotoskyy has 120 seconds left.\n|\n|t:|1697633282\n|switch|p1b: Ninetales|Ninetales-Alola, M|100\/100\n|switch|p1a: Clawitzer|Clawitzer, F|100\/100\n|switch|p2a: Typhlosion|Typhlosion-Hisui, M|100\/100\n|-weather|Snow|[from] ability: Snow Warning|[of] p1b: Ninetales\n|turn|13\n|c|\u2606AhanuYTaux|Either way, gg,\n|inactive|shikimotoskyy has 120 seconds left.\n|\n|t:|1697633320\n|move|p2a: Typhlosion|Eruption|p1b: Ninetales|[spread] p1a,p1b\n|-resisted|p1a: Clawitzer\n|-supereffective|p1b: Ninetales\n|-damage|p1a: Clawitzer|66\/100\n|-damage|p1b: Ninetales|0 fnt\n|faint|p1b: Ninetales\n|move|p2b: Slaking|Earthquake|p1a: Clawitzer|[spread] p2a,p1a\n|-supereffective|p2a: Typhlosion\n|-damage|p2a: Typhlosion|0 fnt\n|-damage|p1a: Clawitzer|9\/100\n|faint|p2a: Typhlosion\n|move|p1a: Clawitzer|Dragon Pulse|p2b: Slaking\n|-damage|p2b: Slaking|0 fnt\n|faint|p2b: Slaking\n|-damage|p1a: Clawitzer|0 fnt|[from] item: Life Orb\n|faint|p1a: Clawitzer\n|\n|win|shikimotoskyy\n|raw|shikimotoskyy's rating: 1123 &rarr; <strong>1144<\/strong><br \/>(+21 for winning)\n|raw|AhanuYTaux's rating: 1064 &rarr; <strong>1048<\/strong><br \/>(-16 for losing)\n|c|\u2606shikimotoskyy|damn\n|c|\u2606shikimotoskyy|an d a tie\n","uploadtime":1697633346,"views":14,"p1id":"shikimotoskyy","p2id":"ahanuytaux","formatid":"gen9doublesou","rating":1048,"private":0,"password":""}