{"id":"gen9doublesou-1987259006","p1":"Jroy12","p2":"Dead1","format":"[Gen 9] Doubles OU","log":"|j|\u2606Jroy12\n|j|\u2606Dead1\n|t:|1699570351\n|gametype|doubles\n|player|p1|Jroy12|1|1186\n|player|p2|Dead1|265|1294\n|teamsize|p1|6\n|teamsize|p2|6\n|gen|9\n|tier|[Gen 9] Doubles OU\n|rated|\n|rule|Species Clause: Limit one of each Pok\u00e9mon\n|rule|OHKO Clause: OHKO moves are banned\n|rule|Evasion Moves Clause: Evasion moves are banned\n|rule|Gravity Sleep Clause: The combination of sleep-inducing moves with imperfect accuracy and Gravity or Gigantamax Orbeetle are banned\n|rule|Endless Battle Clause: Forcing endless battles is banned\n|rule|HP Percentage Mod: HP is shown in percentages\n|clearpoke\n|poke|p1|Torkoal, F|\n|poke|p1|Tauros-Paldea-Blaze, M|\n|poke|p1|Mew|\n|poke|p1|Gliscor, F|\n|poke|p1|Regieleki|\n|poke|p1|Toxapex, M|\n|poke|p2|Chandelure, F|\n|poke|p2|Hatterene, F|\n|poke|p2|Gastrodon, F|\n|poke|p2|Gliscor, F|\n|poke|p2|Kingambit, M|\n|poke|p2|Amoonguss, M|\n|teampreview\n|inactive|Battle timer is ON: inactive players will automatically lose when time's up. (requested by Dead1)\n|\n|t:|1699570359\n|start\n|switch|p1a: Torkoal|Torkoal, F|100\/100\n|switch|p1b: Tauros|Tauros-Paldea-Blaze, M|100\/100\n|switch|p2a: Hatterene|Hatterene, F|100\/100\n|switch|p2b: Gastrodon|Gastrodon, F|100\/100\n|-ability|p1b: Tauros|Intimidate|boost\n|-unboost|p2a: Hatterene|atk|1\n|-unboost|p2b: Gastrodon|atk|1\n|-weather|SunnyDay|[from] ability: Drought|[of] p1a: Torkoal\n|turn|1\n|\n|t:|1699570373\n|move|p2b: Gastrodon|Protect|p2b: Gastrodon\n|-singleturn|p2b: Gastrodon|Protect\n|move|p1b: Tauros|Raging Bull|p2a: Hatterene\n|-damage|p2a: Hatterene|2\/100\n|move|p1a: Torkoal|Solar Beam||[still]\n|-prepare|p1a: Torkoal|Solar Beam\n|-anim|p1a: Torkoal|Solar Beam|p2b: Gastrodon\n|-activate|p2b: Gastrodon|move: Protect\n|move|p2a: Hatterene|Trick Room|p2a: Hatterene\n|-fieldstart|move: Trick Room|[of] p2a: Hatterene\n|\n|-weather|SunnyDay|[upkeep]\n|upkeep\n|turn|2\n|\n|t:|1699570387\n|-terastallize|p2b: Gastrodon|Fire\n|move|p2a: Hatterene|Mystical Fire|p1a: Torkoal\n|-resisted|p1a: Torkoal\n|-damage|p1a: Torkoal|81\/100\n|-unboost|p1a: Torkoal|spa|1\n|move|p1a: Torkoal|Solar Beam||[still]\n|-prepare|p1a: Torkoal|Solar Beam\n|-anim|p1a: Torkoal|Solar Beam|p2b: Gastrodon\n|-resisted|p2b: Gastrodon\n|-damage|p2b: Gastrodon|90\/100\n|move|p2b: Gastrodon|Earth Power|p1a: Torkoal\n|-supereffective|p1a: Torkoal\n|-damage|p1a: Torkoal|0 fnt\n|faint|p1a: Torkoal\n|move|p1b: Tauros|Raging Bull|p2a: Hatterene\n|-damage|p2a: Hatterene|0 fnt\n|faint|p2a: Hatterene\n|\n|-weather|SunnyDay|[upkeep]\n|-heal|p2b: Gastrodon|96\/100|[from] item: Leftovers\n|upkeep\n|inactive|Jroy12 has 120 seconds left.\n|\n|t:|1699570419\n|switch|p2a: Gliscor|Gliscor, F, shiny|100\/100\n|switch|p1a: Gliscor|Gliscor, F|100\/100\n|-enditem|p2a: Gliscor|Room Service\n|-unboost|p2a: Gliscor|spe|1|[from] item: Room Service\n|turn|3\n|\n|t:|1699570432\n|move|p2b: Gastrodon|Ice Beam|p1a: Gliscor\n|-supereffective|p1a: Gliscor\n|-damage|p1a: Gliscor|0 fnt\n|faint|p1a: Gliscor\n|move|p2a: Gliscor|Swords Dance|p2a: Gliscor\n|-boost|p2a: Gliscor|atk|2\n|move|p1b: Tauros|Raging Bull|p2a: Gliscor\n|-damage|p2a: Gliscor|3\/100\n|\n|-weather|SunnyDay|[upkeep]\n|-heal|p2b: Gastrodon|100\/100|[from] item: Leftovers\n|upkeep\n|\n|t:|1699570447\n|switch|p1a: Toxapex|Toxapex, M|100\/100\n|turn|4\n|\n|t:|1699570457\n|move|p2b: Gastrodon|Protect|p2b: Gastrodon\n|-singleturn|p2b: Gastrodon|Protect\n|move|p1a: Toxapex|Chilling Water|p2b: Gastrodon\n|-activate|p2b: Gastrodon|ability: Storm Drain\n|-activate|p2b: Gastrodon|move: Protect\n|move|p2a: Gliscor|Earthquake|p1b: Tauros|[spread] p1a,p1b\n|-activate|p2b: Gastrodon|move: Protect\n|-supereffective|p1a: Toxapex\n|-supereffective|p1b: Tauros\n|-damage|p1a: Toxapex|0 fnt\n|-damage|p1b: Tauros|0 fnt\n|faint|p1a: Toxapex\n|faint|p1b: Tauros\n|\n|-weather|SunnyDay|[upkeep]\n|upkeep\n|\n|t:|1699570471\n|switch|p1a: Mew|Mew|100\/100\n|switch|p1b: Regieleki|Regieleki|100\/100\n|turn|5\n|\n|t:|1699570488\n|-terastallize|p1b: Regieleki|Ice\n|move|p2b: Gastrodon|Protect|p2b: Gastrodon\n|-singleturn|p2b: Gastrodon|Protect\n|move|p2a: Gliscor|Earthquake|p1b: Regieleki|[spread] p1a,p1b\n|-activate|p2b: Gastrodon|move: Protect\n|-damage|p1a: Mew|49\/100\n|-damage|p1b: Regieleki|0 fnt\n|faint|p1b: Regieleki\n|move|p1a: Mew|Icy Wind|p2a: Gliscor|[spread] p2a\n|-activate|p2b: Gastrodon|move: Protect\n|-supereffective|p2a: Gliscor\n|-damage|p2a: Gliscor|0 fnt\n|faint|p2a: Gliscor\n|\n|-weather|none\n|-heal|p1a: Mew|55\/100|[from] item: Leftovers\n|-fieldend|move: Trick Room\n|upkeep\n|\n|t:|1699570501\n|switch|p2a: Kingambit|Kingambit, M, shiny|100\/100\n|turn|6\n|\n|t:|1699570513\n|move|p1a: Mew|Knock Off|p2b: Gastrodon\n|-damage|p2b: Gastrodon|73\/100\n|-enditem|p2b: Gastrodon|Leftovers|[from] move: Knock Off|[of] p1a: Mew\n|move|p2b: Gastrodon|Earth Power|p1a: Mew\n|-damage|p1a: Mew|22\/100\n|move|p2a: Kingambit|Kowtow Cleave|p1a: Mew\n|-supereffective|p1a: Mew\n|-damage|p1a: Mew|0 fnt\n|faint|p1a: Mew\n|\n|win|Dead1\n|raw|Jroy12's rating: 1186 &rarr; <strong>1169<\/strong><br \/>(-17 for losing)\n|raw|Dead1's rating: 1294 &rarr; <strong>1311<\/strong><br \/>(+17 for winning)\n|l|\u2606Jroy12\n","uploadtime":1699570524,"views":7,"p1id":"jroy12","p2id":"dead1","formatid":"gen9doublesou","rating":1169,"private":0,"password":""}