{"id":"gen9doublesou-1997270345","p1":"GunGalione","p2":"King-Wing_gamer","format":"[Gen 9] Doubles OU","log":"|j|\u2606GunGalione\n|j|\u2606King-Wing_gamer\n|t:|1700782816\n|gametype|doubles\n|player|p1|GunGalione|pokemonranger-gen4|1182\n|player|p2|King-Wing_gamer|rosa|1053\n|teamsize|p1|6\n|teamsize|p2|6\n|gen|9\n|tier|[Gen 9] Doubles OU\n|rated|\n|rule|Species Clause: Limit one of each Pok\u00e9mon\n|rule|OHKO Clause: OHKO moves are banned\n|rule|Evasion Moves Clause: Evasion moves are banned\n|rule|Gravity Sleep Clause: The combination of sleep-inducing moves with imperfect accuracy and Gravity or Gigantamax Orbeetle are banned\n|rule|Endless Battle Clause: Forcing endless battles is banned\n|rule|HP Percentage Mod: HP is shown in percentages\n|clearpoke\n|poke|p1|Vikavolt, M|\n|poke|p1|Oranguru, M|\n|poke|p1|Cresselia, F|\n|poke|p1|Ursaluna, F|\n|poke|p1|Lurantis, F|\n|poke|p1|Sinistcha|\n|poke|p2|Gengar, M|\n|poke|p2|Mimikyu, F|\n|poke|p2|Decidueye-Hisui, F|\n|poke|p2|Samurott-Hisui, F|\n|poke|p2|Torkoal, F|\n|poke|p2|Tinkaton, F|\n|teampreview\n|inactive|Battle timer is ON: inactive players will automatically lose when time's up. (requested by King-Wing_gamer)\n|\n|t:|1700782824\n|start\n|switch|p1a: Lurantis|Lurantis, F|100\/100\n|switch|p1b: Oranguru|Oranguru, M|100\/100\n|switch|p2a: Gengar|Gengar, M, shiny|100\/100\n|switch|p2b: Mimikyu|Mimikyu, F|100\/100\n|turn|1\n|\n|t:|1700782848\n|-terastallize|p1a: Lurantis|Water\n|move|p2a: Gengar|Toxic|p1b: Oranguru\n|-status|p1b: Oranguru|tox\n|move|p2b: Mimikyu|Trick|p1a: Lurantis\n|-activate|p2b: Mimikyu|move: Trick|[of] p1a: Lurantis\n|-item|p1a: Lurantis|Flame Orb|[from] move: Trick\n|-item|p2b: Mimikyu|Assault Vest|[from] move: Trick\n|move|p1a: Lurantis|Leaf Storm|p2b: Mimikyu\n|-activate|p2b: Mimikyu|ability: Disguise\n|-damage|p2b: Mimikyu|100\/100\n|-boost|p1a: Lurantis|spa|2\n|detailschange|p2b: Mimikyu|Mimikyu-Busted, F\n|-damage|p2b: Mimikyu|88\/100|[from] pokemon: Mimikyu-Busted\n|move|p1b: Oranguru|Trick Room|p1b: Oranguru\n|-fieldstart|move: Trick Room|[of] p1b: Oranguru\n|\n|-damage|p1b: Oranguru|94\/100 tox|[from] psn\n|-status|p1a: Lurantis|brn|[from] item: Flame Orb\n|upkeep\n|turn|2\n|inactive|King-Wing_gamer has 120 seconds left.\n|\n|t:|1700782886\n|switch|p2a: Torkoal|Torkoal, F|100\/100\n|-weather|SunnyDay|[from] ability: Drought|[of] p2a: Torkoal\n|move|p1a: Lurantis|Leaf Storm|p2b: Mimikyu\n|-damage|p2b: Mimikyu|0 fnt\n|-boost|p1a: Lurantis|spa|2\n|faint|p2b: Mimikyu\n|move|p1b: Oranguru|Instruct|p1a: Lurantis\n|-singleturn|p1a: Lurantis|move: Instruct|[of] p1b: Oranguru\n|move|p1a: Lurantis|Leaf Storm|p2a: Torkoal\n|-resisted|p2a: Torkoal\n|-damage|p2a: Torkoal|0 fnt\n|-boost|p1a: Lurantis|spa|2\n|faint|p2a: Torkoal\n|\n|-weather|SunnyDay|[upkeep]\n|-damage|p1b: Oranguru|82\/100 tox|[from] psn\n|-damage|p1a: Lurantis|94\/100 brn|[from] brn\n|upkeep\n|\n|t:|1700782913\n|switch|p2a: Samurott|Samurott-Hisui, F, shiny|100\/100\n|switch|p2b: Gengar|Gengar, M, shiny|100\/100\n|turn|3\n|\n|t:|1700782927\n|move|p1a: Lurantis|Leaf Storm|p2a: Samurott\n|-supereffective|p2a: Samurott\n|-damage|p2a: Samurott|0 fnt\n|faint|p2a: Samurott\n|move|p1b: Oranguru|Instruct|p1a: Lurantis\n|-singleturn|p1a: Lurantis|move: Instruct|[of] p1b: Oranguru\n|move|p1a: Lurantis|Leaf Storm|p2b: Gengar\n|-resisted|p2b: Gengar\n|-damage|p2b: Gengar|0 fnt\n|-start|p1a: Lurantis|Disable|Leaf Storm|[from] ability: Cursed Body|[of] p2b: Gengar\n|faint|p2b: Gengar\n|\n|-weather|SunnyDay|[upkeep]\n|-damage|p1b: Oranguru|63\/100 tox|[from] psn\n|-damage|p1a: Lurantis|88\/100 brn|[from] brn\n|upkeep\n|\n|t:|1700782941\n|switch|p2a: Decidueye|Decidueye-Hisui, F|100\/100\n|switch|p2b: Tinkaton|Tinkaton, F|100\/100\n|turn|4\n|inactive|King-Wing_gamer has 120 seconds left.\n|\n|t:|1700782959\n|move|p1a: Lurantis|Pollen Puff|p2a: Decidueye\n|-damage|p2a: Decidueye|0 fnt\n|faint|p2a: Decidueye\n|move|p1b: Oranguru|Instruct|p1a: Lurantis\n|-singleturn|p1a: Lurantis|move: Instruct|[of] p1b: Oranguru\n|move|p1a: Lurantis|Pollen Puff|p2b: Tinkaton\n|-resisted|p2b: Tinkaton\n|-damage|p2b: Tinkaton|76\/100\n|move|p2b: Tinkaton|Gigaton Hammer|p1b: Oranguru\n|-damage|p1b: Oranguru|13\/100 tox\n|\n|-weather|SunnyDay|[upkeep]\n|-damage|p1b: Oranguru|0 fnt|[from] psn\n|faint|p1b: Oranguru\n|-damage|p1a: Lurantis|82\/100 brn|[from] brn\n|upkeep\n|\n|t:|1700782972\n|switch|p1b: Ursaluna|Ursaluna, F, shiny|100\/100\n|turn|5\n|\n|t:|1700782977\n|switch|p1a: Vikavolt|Vikavolt, M, shiny|100\/100\n|move|p1b: Ursaluna|Earthquake|p2b: Tinkaton|[spread] p2b\n|-immune|p1a: Vikavolt|[from] ability: Levitate\n|-supereffective|p2b: Tinkaton\n|-damage|p2b: Tinkaton|0 fnt\n|faint|p2b: Tinkaton\n|\n|win|GunGalione\n|raw|GunGalione's rating: 1182 &rarr; <strong>1198<\/strong><br \/>(+16 for winning)\n|raw|King-Wing_gamer's rating: 1053 &rarr; <strong>1041<\/strong><br \/>(-12 for losing)\n|l|\u2606King-Wing_gamer\n","uploadtime":1700782987,"views":16,"p1id":"gungalione","p2id":"kingwinggamer","formatid":"gen9doublesou","rating":1041,"private":0,"password":""}