{"id":"gen9doublesou-1972504011","p1":"Dragoncracker","p2":"Akikirai","format":"[Gen 9] Doubles OU","log":"|j|\u2606Dragoncracker\n|j|\u2606Akikirai\n|t:|1697850366\n|gametype|doubles\n|player|p1|Dragoncracker|102|1046\n|player|p2|Akikirai|dawn|1126\n|teamsize|p1|6\n|teamsize|p2|6\n|gen|9\n|tier|[Gen 9] Doubles OU\n|rated|\n|rule|Species Clause: Limit one of each Pok\u00e9mon\n|rule|OHKO Clause: OHKO moves are banned\n|rule|Evasion Moves Clause: Evasion moves are banned\n|rule|Gravity Sleep Clause: The combination of sleep-inducing moves with imperfect accuracy and Gravity or Gigantamax Orbeetle are banned\n|rule|Endless Battle Clause: Forcing endless battles is banned\n|rule|HP Percentage Mod: HP is shown in percentages\n|clearpoke\n|poke|p1|Breloom, M|\n|poke|p1|Gengar, F|\n|poke|p1|Ninetales-Alola, M|\n|poke|p1|Umbreon, M|\n|poke|p1|Noctowl, F|\n|poke|p1|Politoed, M|\n|poke|p2|Mienshao, F|\n|poke|p2|Brambleghast, M|\n|poke|p2|Tornadus, M|\n|poke|p2|Flutter Mane|\n|poke|p2|Roaring Moon|\n|poke|p2|Chi-Yu|\n|teampreview\n|\n|t:|1697850380\n|start\n|switch|p1a: Breloom|Breloom, M|100\/100\n|switch|p1b: Ninetales|Ninetales-Alola, M|100\/100\n|switch|p2a: Mienshao|Mienshao, F|100\/100\n|switch|p2b: Tornadus|Tornadus, M|100\/100\n|turn|1\n|\n|t:|1697850403\n|move|p2a: Mienshao|Fake Out|p1b: Ninetales\n|-damage|p1b: Ninetales|81\/100\n|move|p2b: Tornadus|Tailwind|p2b: Tornadus\n|-sidestart|p2: Akikirai|move: Tailwind\n|cant|p1b: Ninetales|flinch\n|move|p1a: Breloom|Spore|p2b: Tornadus\n|-status|p2b: Tornadus|slp|[from] move: Spore\n|\n|upkeep\n|turn|2\n|\n|t:|1697850417\n|cant|p2b: Tornadus|slp\n|move|p2a: Mienshao|Close Combat|p1b: Ninetales\n|-damage|p1b: Ninetales|0 fnt\n|-unboost|p2a: Mienshao|def|1\n|-unboost|p2a: Mienshao|spd|1\n|-enditem|p2a: Mienshao|Eject Pack\n|faint|p1b: Ninetales\n|\n|t:|1697850428\n|switch|p2a: Chi-Yu|Chi-Yu|100\/100\n|-ability|p2a: Chi-Yu|Beads of Ruin\n|move|p1a: Breloom|Spore|p2a: Chi-Yu\n|-status|p2a: Chi-Yu|slp|[from] move: Spore\n|\n|upkeep\n|\n|t:|1697850443\n|switch|p1b: Noctowl|Noctowl, F|100\/100\n|turn|3\n|\n|t:|1697850457\n|cant|p2a: Chi-Yu|slp\n|cant|p2b: Tornadus|slp\n|move|p1b: Noctowl|Dream Eater|p2b: Tornadus\n|-damage|p2b: Tornadus|55\/100 slp\n|move|p1a: Breloom|Leech Seed|p2a: Chi-Yu\n|-start|p2a: Chi-Yu|move: Leech Seed\n|\n|-damage|p2a: Chi-Yu|88\/100 slp|[from] Leech Seed|[of] p1a: Breloom\n|upkeep\n|turn|4\n|\n|t:|1697850475\n|move|p1a: Breloom|Mach Punch|p2a: Chi-Yu\n|-supereffective|p2a: Chi-Yu\n|-damage|p2a: Chi-Yu|0 fnt\n|faint|p2a: Chi-Yu\n|cant|p2b: Tornadus|slp\n|move|p1b: Noctowl|Dream Eater|p2b: Tornadus\n|-damage|p2b: Tornadus|20\/100 slp\n|\n|-sideend|p2: Akikirai|move: Tailwind\n|upkeep\n|\n|t:|1697850489\n|switch|p2a: Mienshao|Mienshao, F|100\/100\n|turn|5\n|\n|t:|1697850499\n|move|p2a: Mienshao|Fake Out|p1b: Noctowl\n|-damage|p1b: Noctowl|77\/100\n|cant|p1b: Noctowl|flinch\n|-curestatus|p2b: Tornadus|slp|[msg]\n|move|p2b: Tornadus|Bleakwind Storm|p1a: Breloom|[spread] p1a,p1b\n|-supereffective|p1a: Breloom\n|-damage|p1a: Breloom|0 fnt\n|-damage|p1b: Noctowl|45\/100\n|faint|p1a: Breloom\n|\n|upkeep\n|\n|t:|1697850514\n|switch|p1a: Umbreon|Umbreon, M|100\/100\n|turn|6\n|\n|t:|1697850530\n|switch|p1b: Politoed|Politoed, M|100\/100\n|-weather|RainDance|[from] ability: Drizzle|[of] p1b: Politoed\n|-terastallize|p1a: Umbreon|Dark\n|move|p2b: Tornadus|Tailwind|p2b: Tornadus\n|-sidestart|p2: Akikirai|move: Tailwind\n|move|p2a: Mienshao|Close Combat|p1a: Umbreon\n|-supereffective|p1a: Umbreon\n|-damage|p1a: Umbreon|6\/100\n|-unboost|p2a: Mienshao|def|1\n|-unboost|p2a: Mienshao|spd|1\n|move|p1a: Umbreon|Dark Pulse|p2b: Tornadus\n|-damage|p2b: Tornadus|0 fnt\n|faint|p2b: Tornadus\n|\n|-weather|RainDance|[upkeep]\n|-heal|p1a: Umbreon|12\/100|[from] item: Leftovers\n|upkeep\n|\n|t:|1697850551\n|switch|p2b: Roaring Moon|Roaring Moon|100\/100\n|-enditem|p2b: Roaring Moon|Booster Energy\n|-activate|p2b: Roaring Moon|ability: Protosynthesis|[fromitem]\n|-start|p2b: Roaring Moon|protosynthesisatk\n|turn|7\n|\n|t:|1697850567\n|move|p2a: Mienshao|Close Combat|p1a: Umbreon\n|-supereffective|p1a: Umbreon\n|-damage|p1a: Umbreon|0 fnt\n|-unboost|p2a: Mienshao|def|1\n|-unboost|p2a: Mienshao|spd|1\n|faint|p1a: Umbreon\n|move|p2b: Roaring Moon|Knock Off|p1b: Politoed\n|-damage|p1b: Politoed|18\/100\n|-enditem|p1b: Politoed|Expert Belt|[from] move: Knock Off|[of] p2b: Roaring Moon\n|move|p1b: Politoed|Perish Song|p1b: Politoed\n|-start|p1b: Politoed|perish3|[silent]\n|-start|p2a: Mienshao|perish3|[silent]\n|-start|p2b: Roaring Moon|perish3|[silent]\n|-fieldactivate|move: Perish Song\n|\n|-weather|RainDance|[upkeep]\n|-start|p2a: Mienshao|perish3\n|-start|p2b: Roaring Moon|perish3\n|-start|p1b: Politoed|perish3\n|upkeep\n|\n|t:|1697850588\n|switch|p1a: Noctowl|Noctowl, F|45\/100\n|turn|8\n|\n|t:|1697850597\n|move|p2a: Mienshao|Close Combat|p1a: Noctowl\n|-damage|p1a: Noctowl|0 fnt\n|-unboost|p2a: Mienshao|def|1\n|-unboost|p2a: Mienshao|spd|1\n|faint|p1a: Noctowl\n|move|p2b: Roaring Moon|Knock Off|p1b: Politoed\n|-damage|p1b: Politoed|0 fnt\n|faint|p1b: Politoed\n|\n|-weather|RainDance|[upkeep]\n|-start|p2a: Mienshao|perish2\n|-start|p2b: Roaring Moon|perish2\n|upkeep\n|\n|t:|1697850611\n|switch|p1b: Gengar|Gengar, F|100\/100\n|turn|9\n|\n|t:|1697850622\n|switch|p2a: Flutter Mane|Flutter Mane|100\/100\n|move|p2b: Roaring Moon|Knock Off|p1b: Gengar\n|-supereffective|p1b: Gengar\n|-damage|p1b: Gengar|0 fnt\n|-start|p2b: Roaring Moon|Disable|Knock Off|[from] ability: Cursed Body|[of] p1b: Gengar\n|-enditem|p1b: Gengar|Choice Specs|[from] move: Knock Off|[of] p2b: Roaring Moon\n|faint|p1b: Gengar\n|\n|win|Akikirai\n|raw|Dragoncracker's rating: 1046 &rarr; <strong>1033<\/strong><br \/>(-13 for losing)\n|raw|Akikirai's rating: 1126 &rarr; <strong>1145<\/strong><br \/>(+19 for winning)\n","uploadtime":1697850636,"views":16,"p1id":"dragoncracker","p2id":"akikirai","formatid":"gen9doublesou","rating":1033,"private":0,"password":""}