{"id":"gen9doublesou-1990445845","p1":"Gilgarune","p2":"Tritone_Exists","format":"[Gen 9] Doubles OU","log":"|j|\u2606Gilgarune\n|j|\u2606Tritone_Exists\n|t:|1699971717\n|gametype|doubles\n|player|p1|Gilgarune|rood|1172\n|player|p2|Tritone_Exists|giovanni|1083\n|teamsize|p1|6\n|teamsize|p2|6\n|gen|9\n|tier|[Gen 9] Doubles OU\n|rated|\n|rule|Species Clause: Limit one of each Pok\u00e9mon\n|rule|OHKO Clause: OHKO moves are banned\n|rule|Evasion Moves Clause: Evasion moves are banned\n|rule|Gravity Sleep Clause: The combination of sleep-inducing moves with imperfect accuracy and Gravity or Gigantamax Orbeetle are banned\n|rule|Endless Battle Clause: Forcing endless battles is banned\n|rule|HP Percentage Mod: HP is shown in percentages\n|clearpoke\n|poke|p1|Manaphy|\n|poke|p1|Raichu, M|\n|poke|p1|Gastrodon, M|\n|poke|p1|Farigiraf, F|\n|poke|p1|Bronzong|\n|poke|p1|Heatran, F|\n|poke|p2|Empoleon, M|\n|poke|p2|Landorus-Therian, M|\n|poke|p2|Armarouge, F|\n|poke|p2|Ambipom, F|\n|poke|p2|Chi-Yu|\n|poke|p2|Indeedee-F, F|\n|teampreview\n|\n|t:|1699971729\n|start\n|switch|p1a: Raichu|Raichu, M|100\/100\n|switch|p1b: Heatran|Heatran, F|100\/100\n|switch|p2a: Ambipom|Ambipom, F|100\/100\n|switch|p2b: Armarouge|Armarouge, F|100\/100\n|-item|p1b: Heatran|Air Balloon\n|turn|1\n|\n|t:|1699971766\n|move|p1b: Heatran|Protect|p1b: Heatran\n|-singleturn|p1b: Heatran|Protect\n|move|p2a: Ambipom|Fake Out|p1b: Heatran\n|-activate|p1b: Heatran|move: Protect\n|move|p1a: Raichu|Discharge|p2a: Ambipom|[spread] p2a,p2b\n|-activate|p1b: Heatran|move: Protect\n|-damage|p2a: Ambipom|78\/100\n|-damage|p2b: Armarouge|83\/100\n|move|p2b: Armarouge|Flamethrower|p1a: Raichu\n|-damage|p1a: Raichu|50\/100\n|\n|-heal|p2b: Armarouge|89\/100|[from] item: Leftovers\n|upkeep\n|turn|2\n|\n|t:|1699971794\n|switch|p1b: Gastrodon|Gastrodon, M|100\/100\n|move|p1a: Raichu|Discharge|p2b: Armarouge|[spread] p2a,p2b\n|-immune|p1b: Gastrodon\n|-damage|p2a: Ambipom|53\/100\n|-damage|p2b: Armarouge|71\/100\n|-status|p2b: Armarouge|par\n|move|p2a: Ambipom|Chilling Water|p1b: Gastrodon\n|-ability|p1b: Gastrodon|Storm Drain|boost\n|-boost|p1b: Gastrodon|spa|1\n|move|p2b: Armarouge|Calm Mind|p2b: Armarouge\n|-boost|p2b: Armarouge|spa|1\n|-boost|p2b: Armarouge|spd|1\n|\n|-heal|p2b: Armarouge|77\/100 par|[from] item: Leftovers\n|upkeep\n|turn|3\n|\n|t:|1699971822\n|switch|p1a: Manaphy|Manaphy|100\/100\n|-terastallize|p2b: Armarouge|Grass\n|move|p2a: Ambipom|Aerial Ace|p1b: Gastrodon\n|-damage|p1b: Gastrodon|81\/100\n|-damage|p2a: Ambipom|37\/100|[from] item: Rocky Helmet|[of] p1b: Gastrodon\n|move|p1b: Gastrodon|Surf|p2a: Ambipom|[spread] p1a,p2a,p2b\n|-resisted|p1a: Manaphy\n|-resisted|p2b: Armarouge\n|-damage|p1a: Manaphy|83\/100\n|-damage|p2a: Ambipom|0 fnt\n|-damage|p2b: Armarouge|61\/100 par\n|faint|p2a: Ambipom\n|move|p2b: Armarouge|Energy Ball|p1b: Gastrodon\n|-supereffective|p1b: Gastrodon\n|-damage|p1b: Gastrodon|0 fnt\n|faint|p1b: Gastrodon\n|\n|-heal|p2b: Armarouge|67\/100 par|[from] item: Leftovers\n|upkeep\n|\n|t:|1699971842\n|switch|p2a: Empoleon|Empoleon, M, shiny|100\/100\n|switch|p1b: Heatran|Heatran, F|100\/100\n|-item|p1b: Heatran|Air Balloon\n|turn|4\n|\n|t:|1699971876\n|switch|p1a: Farigiraf|Farigiraf, F|100\/100\n|-terastallize|p1b: Heatran|Grass\n|move|p1b: Heatran|Iron Defense|p1b: Heatran\n|-boost|p1b: Heatran|def|2\n|move|p2a: Empoleon|Flash Cannon|p1b: Heatran\n|-damage|p1b: Heatran|73\/100\n|-unboost|p1b: Heatran|spd|1\n|-enditem|p1b: Heatran|Air Balloon\n|move|p2b: Armarouge|Energy Ball|p1a: Farigiraf\n|-ability|p1a: Farigiraf|Sap Sipper|boost\n|-boost|p1a: Farigiraf|atk|1\n|\n|-heal|p2b: Armarouge|73\/100 par|[from] item: Leftovers\n|upkeep\n|turn|5\n|\n|t:|1699971900\n|move|p1b: Heatran|Body Press|p2a: Empoleon\n|-supereffective|p2a: Empoleon\n|-damage|p2a: Empoleon|25\/100\n|move|p1a: Farigiraf|Skill Swap|p1b: Heatran\n|-activate|p1a: Farigiraf|move: Skill Swap|||[of] p1b: Heatran\n|move|p2a: Empoleon|Ice Beam|p1b: Heatran\n|-supereffective|p1b: Heatran\n|-damage|p1b: Heatran|18\/100\n|cant|p2b: Armarouge|par\n|\n|-heal|p2b: Armarouge|79\/100 par|[from] item: Leftovers\n|upkeep\n|turn|6\n|\n|t:|1699971917\n|move|p1b: Heatran|Lava Plume|p2b: Armarouge|[spread] p2a,p2b\n|-start|p1a: Farigiraf|ability: Flash Fire\n|-supereffective|p2b: Armarouge\n|-damage|p2a: Empoleon|0 fnt\n|-damage|p2b: Armarouge|40\/100 par\n|faint|p2a: Empoleon\n|move|p1a: Farigiraf|Calm Mind|p1a: Farigiraf\n|-boost|p1a: Farigiraf|spa|1\n|-boost|p1a: Farigiraf|spd|1\n|move|p2b: Armarouge|Flamethrower|p1a: Farigiraf\n|-immune|p1a: Farigiraf|[from] ability: Flash Fire\n|\n|-heal|p2b: Armarouge|46\/100 par|[from] item: Leftovers\n|upkeep\n|c|\u2606Tritone_Exists|you know what\n|c|\u2606Tritone_Exists|that is the god damn\n|c|\u2606Tritone_Exists|best team\n|c|\u2606Tritone_Exists|ive seen\n|c|\u2606Tritone_Exists|you deserve this win\n|-message|Tritone_Exists forfeited.\n|\n|win|Gilgarune\n|raw|Gilgarune's rating: 1172 &rarr; <strong>1191<\/strong><br \/>(+19 for winning)\n|raw|Tritone_Exists's rating: 1083 &rarr; <strong>1066<\/strong><br \/>(-17 for losing)\n|c|\u2606Gilgarune|bless you\n|l|\u2606Tritone_Exists\n|c|\u2606Gilgarune|Gg\n","uploadtime":1699972108,"views":11,"p1id":"gilgarune","p2id":"tritoneexists","formatid":"gen9doublesou","rating":1066,"private":0,"password":""}