{"id":"gen9doublesou-1993806093","p1":"Martin80","p2":"MetaRafa","format":"[Gen 9] Doubles OU","log":"|j|\u2606Martin80\n|j|\u2606MetaRafa\n|t:|1700359529\n|gametype|doubles\n|player|p1|Martin80|steven|1191\n|player|p2|MetaRafa|102|1097\n|teamsize|p1|6\n|teamsize|p2|6\n|gen|9\n|tier|[Gen 9] Doubles OU\n|rated|\n|rule|Species Clause: Limit one of each Pok\u00e9mon\n|rule|OHKO Clause: OHKO moves are banned\n|rule|Evasion Moves Clause: Evasion moves are banned\n|rule|Gravity Sleep Clause: The combination of sleep-inducing moves with imperfect accuracy and Gravity or Gigantamax Orbeetle are banned\n|rule|Endless Battle Clause: Forcing endless battles is banned\n|rule|HP Percentage Mod: HP is shown in percentages\n|clearpoke\n|poke|p1|Garganacl, F|\n|poke|p1|Tinkaton, F|\n|poke|p1|Lokix, F|\n|poke|p1|Quaquaval, F|\n|poke|p1|Arboliva, F|\n|poke|p1|Ceruledge, F|\n|poke|p2|Gholdengo|\n|poke|p2|Iron Bundle|\n|poke|p2|Iron Hands|\n|poke|p2|Amoonguss, F|\n|poke|p2|Arcanine, L50, F|\n|poke|p2|Roaring Moon|\n|teampreview\n|inactive|Battle timer is ON: inactive players will automatically lose when time's up. (requested by Martin80)\n|\n|t:|1700359564\n|start\n|switch|p1a: Tinkaton|Tinkaton, F, shiny|100\/100\n|switch|p1b: Ceruledge|Ceruledge, F, shiny|100\/100\n|switch|p2a: Gholdengo|Gholdengo|100\/100\n|switch|p2b: Iron Bundle|Iron Bundle|100\/100\n|-ability|p1a: Tinkaton|Mold Breaker\n|turn|1\n|c|\u2606Martin80|why your arcanine is level 50?\n|c|\u2606MetaRafa|Lo copie y pegue asi\n|\n|t:|1700359583\n|move|p1b: Ceruledge|Protect|p1b: Ceruledge\n|-singleturn|p1b: Ceruledge|Protect\n|move|p2a: Gholdengo|Protect|p2a: Gholdengo\n|-singleturn|p2a: Gholdengo|Protect\n|move|p2b: Iron Bundle|Hydro Pump|p1b: Ceruledge\n|-activate|p1b: Ceruledge|move: Protect\n|move|p1a: Tinkaton|Skitter Smack|p2a: Gholdengo\n|-activate|p2a: Gholdengo|move: Protect\n|\n|upkeep\n|turn|2\n|c|\u2606Martin80|hablas espa\u00f1ol eh\n|c|\u2606MetaRafa|no lo cambie pensando que no pasa nada\n|c|\u2606MetaRafa|jasfja\n|inactive|MetaRafa has 120 seconds left.\n|inactive|MetaRafa has 90 seconds left.\n|\n|t:|1700359647\n|move|p1b: Ceruledge|Endure||[still]\n|-fail|p1b: Ceruledge\n|move|p2b: Iron Bundle|Hydro Pump|p1b: Ceruledge|[miss]\n|-miss|p2b: Iron Bundle|p1b: Ceruledge\n|move|p1a: Tinkaton|Skitter Smack|p2a: Gholdengo\n|-resisted|p2a: Gholdengo\n|-damage|p2a: Gholdengo|97\/100\n|-unboost|p2a: Gholdengo|spa|1\n|move|p2a: Gholdengo|Shadow Ball|p1b: Ceruledge\n|-supereffective|p1b: Ceruledge\n|-damage|p1b: Ceruledge|19\/100\n|-enditem|p1b: Ceruledge|Weakness Policy\n|-boost|p1b: Ceruledge|atk|2|[from] item: Weakness Policy\n|-boost|p1b: Ceruledge|spa|2|[from] item: Weakness Policy\n|-damage|p2a: Gholdengo|87\/100|[from] item: Life Orb\n|\n|upkeep\n|turn|3\n|inactive|MetaRafa has 90 seconds left.\n|c|\u2606Martin80|porque endure fallo?\n|\n|t:|1700359687\n|move|p1b: Ceruledge|Protect|p1b: Ceruledge\n|-singleturn|p1b: Ceruledge|Protect\n|move|p2b: Iron Bundle|Hydro Pump|p1a: Tinkaton|[miss]\n|-miss|p2b: Iron Bundle|p1a: Tinkaton\n|move|p1a: Tinkaton|Skitter Smack|p2b: Iron Bundle\n|-damage|p2b: Iron Bundle|82\/100\n|-unboost|p2b: Iron Bundle|spa|1\n|move|p2a: Gholdengo|Make It Rain|p1b: Ceruledge|[spread] p1a\n|-activate|p1b: Ceruledge|move: Protect\n|-damage|p1a: Tinkaton|60\/100\n|-unboost|p2a: Gholdengo|spa|1\n|-damage|p2a: Gholdengo|77\/100|[from] item: Life Orb\n|\n|-heal|p1a: Tinkaton|66\/100|[from] item: Leftovers\n|upkeep\n|turn|4\n|c|\u2606MetaRafa|ni ide\n|c|\u2606MetaRafa|ni idea\n|inactive|MetaRafa has 90 seconds left.\n|inactive|MetaRafa has 60 seconds left.\n|\n|t:|1700359728\n|switch|p2a: Iron Hands|Iron Hands|100\/100\n|move|p2b: Iron Bundle|Hydro Pump|p1b: Ceruledge|[miss]\n|-miss|p2b: Iron Bundle|p1b: Ceruledge\n|move|p1a: Tinkaton|Skitter Smack|p2b: Iron Bundle\n|-damage|p2b: Iron Bundle|65\/100\n|-unboost|p2b: Iron Bundle|spa|1\n|move|p1b: Ceruledge|Bitter Blade|p2a: Iron Hands\n|-damage|p2a: Iron Hands|39\/100\n|-heal|p1b: Ceruledge|67\/100|[from] drain|[of] p2a: Iron Hands\n|\n|-heal|p1a: Tinkaton|73\/100|[from] item: Leftovers\n|upkeep\n|turn|5\n|inactive|MetaRafa has 60 seconds left.\n|\n|t:|1700359754\n|move|p1b: Ceruledge|Protect|p1b: Ceruledge\n|-singleturn|p1b: Ceruledge|Protect\n|move|p2a: Iron Hands|Fake Out|p1b: Ceruledge\n|-activate|p1b: Ceruledge|move: Protect\n|move|p2b: Iron Bundle|Hydro Pump|p1b: Ceruledge\n|-activate|p1b: Ceruledge|move: Protect\n|move|p1a: Tinkaton|Gigaton Hammer|p2b: Iron Bundle\n|-damage|p2b: Iron Bundle|4\/100\n|\n|-heal|p1a: Tinkaton|79\/100|[from] item: Leftovers\n|upkeep\n|turn|6\n|\n|t:|1700359778\n|move|p1b: Ceruledge|Shadow Sneak|p2b: Iron Bundle\n|-damage|p2b: Iron Bundle|0 fnt\n|faint|p2b: Iron Bundle\n|-end|p2b: Iron Bundle|Quark Drive|[silent]\n|move|p1a: Tinkaton|Skitter Smack|p2a: Iron Hands|[miss]\n|-miss|p1a: Tinkaton|p2a: Iron Hands\n|move|p2a: Iron Hands|Stomping Tantrum|p1b: Ceruledge\n|-supereffective|p1b: Ceruledge\n|-damage|p1b: Ceruledge|0 fnt\n|faint|p1b: Ceruledge\n|\n|-heal|p1a: Tinkaton|85\/100|[from] item: Leftovers\n|upkeep\n|inactive|MetaRafa has 90 seconds left.\n|\n|t:|1700359798\n|switch|p2b: Gholdengo|Gholdengo|77\/100\n|switch|p1b: Bichota|Lokix, F, shiny|100\/100\n|turn|7\n|inactive|MetaRafa has 90 seconds left.\n|\n|t:|1700359819\n|-terastallize|p2a: Iron Hands|Fire\n|move|p1a: Tinkaton|Gigaton Hammer|p2a: Iron Hands\n|-resisted|p2a: Iron Hands\n|-damage|p2a: Iron Hands|21\/100\n|move|p1b: Bichota|Knock Off|p2b: Gholdengo\n|-supereffective|p2b: Gholdengo\n|-damage|p2b: Gholdengo|0 fnt\n|-enditem|p2b: Gholdengo|Life Orb|[from] move: Knock Off|[of] p1b: Bichota\n|faint|p2b: Gholdengo\n|-damage|p1b: Bichota|91\/100|[from] item: Life Orb\n|move|p2a: Iron Hands|Drain Punch|p1b: Bichota\n|-damage|p1b: Bichota|26\/100\n|-heal|p2a: Iron Hands|42\/100|[from] drain|[of] p1b: Bichota\n|\n|-heal|p1a: Tinkaton|91\/100|[from] item: Leftovers\n|upkeep\n|inactive|MetaRafa has 90 seconds left.\n|\n|t:|1700359838\n|switch|p2b: Arcanine|Arcanine, L50, F|100\/100\n|-ability|p2b: Arcanine|Intimidate|boost\n|-unboost|p1a: Tinkaton|atk|1\n|-unboost|p1b: Bichota|atk|1\n|turn|8\n|\n|t:|1700359847\n|move|p1a: Tinkaton|Helping Hand|p1b: Bichota\n|-singleturn|p1b: Bichota|Helping Hand|[of] p1a: Tinkaton\n|move|p1b: Bichota|U-turn|p2a: Iron Hands\n|-resisted|p2a: Iron Hands\n|-damage|p2a: Iron Hands|16\/100\n|-damage|p1b: Bichota|16\/100|[from] item: Life Orb\n|\n|t:|1700359857\n|switch|p1b: Golemcita|Garganacl, F, shiny|100\/100|[from] U-turn\n|move|p2b: Arcanine|Flare Blitz|p1a: Tinkaton\n|-supereffective|p1a: Tinkaton\n|-damage|p1a: Tinkaton|64\/100\n|-damage|p2b: Arcanine|86\/100|[from] Recoil\n|move|p2a: Iron Hands|Drain Punch|p1b: Golemcita\n|-supereffective|p1b: Golemcita\n|-damage|p1b: Golemcita|44\/100\n|-heal|p2a: Iron Hands|41\/100|[from] drain|[of] p1b: Golemcita\n|\n|-heal|p1a: Tinkaton|70\/100|[from] item: Leftovers\n|-heal|p1b: Golemcita|50\/100|[from] item: Leftovers\n|upkeep\n|turn|9\n|inactive|MetaRafa has 120 seconds left.\n|\n|t:|1700359889\n|switch|p1a: Jolyne|Quaquaval, F, shiny|100\/100\n|-terastallize|p1b: Golemcita|Ghost\n|move|p2b: Arcanine|Will-O-Wisp|p1a: Jolyne\n|-status|p1a: Jolyne|brn\n|move|p2a: Iron Hands|Drain Punch|p1b: Golemcita\n|-immune|p1b: Golemcita\n|move|p1b: Golemcita|Iron Defense|p1b: Golemcita\n|-boost|p1b: Golemcita|def|2\n|\n|-heal|p1b: Golemcita|56\/100|[from] item: Leftovers\n|-damage|p1a: Jolyne|94\/100 brn|[from] brn\n|upkeep\n|turn|10\n|inactive|MetaRafa has 120 seconds left.\n|\n|t:|1700359915\n|move|p2b: Arcanine|Protect|p2b: Arcanine\n|-singleturn|p2b: Arcanine|Protect\n|move|p1a: Jolyne|Aqua Step|p2a: Iron Hands\n|-supereffective|p2a: Iron Hands\n|-damage|p2a: Iron Hands|15\/100\n|-boost|p1a: Jolyne|spe|1\n|move|p2a: Iron Hands|Wild Charge|p1a: Jolyne\n|-supereffective|p1a: Jolyne\n|-damage|p1a: Jolyne|0 fnt\n|faint|p1a: Jolyne\n|-damage|p2a: Iron Hands|0 fnt|[from] Recoil\n|faint|p2a: Iron Hands\n|-end|p2a: Iron Hands|Quark Drive|[silent]\n|move|p1b: Golemcita|Iron Defense|p1b: Golemcita\n|-boost|p1b: Golemcita|def|2\n|\n|-heal|p1b: Golemcita|62\/100|[from] item: Leftovers\n|upkeep\n|inactive|MetaRafa has 120 seconds left.\n|\n|t:|1700359932\n|switch|p1a: Bichota|Lokix, F, shiny|16\/100\n|switch|p2a: Roaring Moon|Roaring Moon|100\/100\n|-enditem|p2a: Roaring Moon|Booster Energy\n|-activate|p2a: Roaring Moon|ability: Protosynthesis|[fromitem]\n|-start|p2a: Roaring Moon|protosynthesisspe\n|turn|11\n|inactive|MetaRafa has 120 seconds left.\n|\n|t:|1700359953\n|move|p1a: Bichota|First Impression|p2a: Roaring Moon\n|-supereffective|p2a: Roaring Moon\n|-damage|p2a: Roaring Moon|0 fnt\n|faint|p2a: Roaring Moon\n|-end|p2a: Roaring Moon|Protosynthesis|[silent]\n|-damage|p1a: Bichota|6\/100|[from] item: Life Orb\n|move|p2b: Arcanine|Flare Blitz|p1a: Bichota\n|-supereffective|p1a: Bichota\n|-damage|p1a: Bichota|0 fnt\n|faint|p1a: Bichota\n|-damage|p2b: Arcanine|84\/100|[from] Recoil\n|move|p1b: Golemcita|Body Press|p2b: Arcanine\n|-damage|p2b: Arcanine|0 fnt\n|faint|p2b: Arcanine\n|\n|-heal|p1b: Golemcita|68\/100|[from] item: Leftovers\n|upkeep\n|c|\u2606MetaRafa|:o\n|c|\u2606MetaRafa|lo que pego el bicho\n|c|\u2606Martin80|!dt life orb\n|raw|<ul class=\"utilichart\"><li class=\"result\"><span class=\"col itemiconcol\"><psicon item=\"lifeorb\"><\/span> <span class=\"col namecol\"><a href=\"https:\/\/dex.pokemonshowdown.com\/items\/lifeorb\">Life Orb<\/a><\/span> <span class=\"col itemdesccol\">Holder's attacks do 1.3x damage, and it loses 1\/10 its max HP after the attack.<\/span> <\/li><li style=\"clear:both\"><\/li><\/ul>\n|raw|<font size=\"1\"><font color=\"#686868\">Gen:<\/font> 4&nbsp;|&ThickSpace;<font color=\"#686868\">Fling Base Power:<\/font> 30<\/font>\n\n|\n|t:|1700359982\n|switch|p1a: Tinkaton|Tinkaton, F, shiny|70\/100\n|switch|p2b: Amoonguss|Amoonguss, F|100\/100\n|-ability|p1a: Tinkaton|Mold Breaker\n|turn|12\n|c|\u2606MetaRafa|buena\n|\n|t:|1700359991\n|move|p1a: Tinkaton|Fake Out|p2b: Amoonguss\n|-damage|p2b: Amoonguss|93\/100\n|move|p1b: Golemcita|Iron Defense|p1b: Golemcita\n|-boost|p1b: Golemcita|def|2\n|cant|p2b: Amoonguss|flinch\n|\n|-heal|p1a: Tinkaton|76\/100|[from] item: Leftovers\n|-heal|p1b: Golemcita|75\/100|[from] item: Leftovers\n|upkeep\n|turn|13\n|\n|t:|1700360003\n|move|p1a: Tinkaton|Helping Hand|p1b: Golemcita\n|-singleturn|p1b: Golemcita|Helping Hand|[of] p1a: Tinkaton\n|move|p1b: Golemcita|Body Press|p2b: Amoonguss\n|-resisted|p2b: Amoonguss\n|-damage|p2b: Amoonguss|37\/100\n|-enditem|p2b: Amoonguss|Sitrus Berry|[eat]\n|-heal|p2b: Amoonguss|62\/100|[from] item: Sitrus Berry\n|move|p2b: Amoonguss|Clear Smog|p1b: Golemcita\n|-resisted|p1b: Golemcita\n|-damage|p1b: Golemcita|69\/100\n|-clearboost|p1b: Golemcita\n|\n|-heal|p1a: Tinkaton|82\/100|[from] item: Leftovers\n|-heal|p1b: Golemcita|75\/100|[from] item: Leftovers\n|upkeep\n|turn|14\n|\n|t:|1700360022\n|move|p1a: Tinkaton|Gigaton Hammer|p2b: Amoonguss\n|-crit|p2b: Amoonguss\n|-damage|p2b: Amoonguss|4\/100\n|move|p1b: Golemcita|Salt Cure|p2b: Amoonguss\n|-damage|p2b: Amoonguss|0 fnt\n|faint|p2b: Amoonguss\n|\n|win|Martin80\n|raw|Martin80's rating: 1191 &rarr; <strong>1209<\/strong><br \/>(+18 for winning)\n|raw|MetaRafa's rating: 1097 &rarr; <strong>1079<\/strong><br \/>(-18 for losing)\n|c|\u2606MetaRafa|gg\n|l|\u2606MetaRafa\n|c|\u2606Martin80|gg\n","uploadtime":1700360036,"views":5,"p1id":"martin80","p2id":"metarafa","formatid":"gen9doublesou","rating":1079,"private":0,"password":""}