{"id":"gen9doublesou-1998378433","p1":"MattCol","p2":"gonegeb","format":"[Gen 9] Doubles OU","log":"|j|\u2606MattCol\n|j|\u2606gonegeb\n|t:|1700935651\n|gametype|doubles\n|player|p1|MattCol|2|\n|player|p2|gonegeb|alain|\n|teamsize|p1|6\n|teamsize|p2|6\n|gen|9\n|tier|[Gen 9] Doubles OU\n|rule|Species Clause: Limit one of each Pok\u00e9mon\n|rule|OHKO Clause: OHKO moves are banned\n|rule|Evasion Moves Clause: Evasion moves are banned\n|rule|Gravity Sleep Clause: The combination of sleep-inducing moves with imperfect accuracy and Gravity or Gigantamax Orbeetle are banned\n|rule|Endless Battle Clause: Forcing endless battles is banned\n|rule|HP Percentage Mod: HP is shown in percentages\n|clearpoke\n|poke|p1|Maushold|\n|poke|p1|Lucario, M|\n|poke|p1|Ceruledge, F|\n|poke|p1|Arcanine, F|\n|poke|p1|Corviknight, F|\n|poke|p1|Umbreon, F|\n|poke|p2|Lucario, M|\n|poke|p2|Umbreon, M|\n|poke|p2|Arcanine, F|\n|poke|p2|Maushold|\n|poke|p2|Ceruledge, M|\n|poke|p2|Torkoal, M|\n|teampreview\n|c|\u2606gonegeb|you bastard\n|\n|t:|1700935686\n|start\n|switch|p1a: Maushold|Maushold|100\/100\n|switch|p1b: Arcanine|Arcanine, F|100\/100\n|switch|p2a: Ceruledge|Ceruledge, M, shiny|100\/100\n|switch|p2b: Maushold|Maushold|100\/100\n|-ability|p1b: Arcanine|Intimidate|boost\n|-unboost|p2a: Ceruledge|atk|1\n|-unboost|p2b: Maushold|atk|1\n|turn|1\n|\n|t:|1700935714\n|switch|p1b: Lucario|Lucario, M|100\/100\n|switch|p2a: Arcanine|Arcanine, F, shiny|100\/100\n|-ability|p2a: Arcanine|Intimidate|boost\n|-unboost|p1a: Maushold|atk|1\n|-unboost|p1b: Lucario|atk|1\n|move|p2b: Maushold|Follow Me|p2b: Maushold\n|-singleturn|p2b: Maushold|move: Follow Me\n|move|p1a: Maushold|Beat Up|p2b: Maushold\n|-damage|p2b: Maushold|98\/100\n|-damage|p2b: Maushold|95\/100\n|-damage|p2b: Maushold|92\/100\n|-damage|p2b: Maushold|89\/100\n|-crit|p2b: Maushold\n|-damage|p2b: Maushold|85\/100\n|-damage|p2b: Maushold|83\/100\n|-hitcount|p2b: Maushold|6\n|\n|upkeep\n|turn|2\n|c|\u2606MattCol|Lol\n|c|\u2606MattCol|Eat that beat up\n|c|\u2606gonegeb|you fool\n|\n|t:|1700935753\n|switch|p1b: Ceruledge|Ceruledge, F|100\/100\n|move|p2b: Maushold|Follow Me|p2b: Maushold\n|-singleturn|p2b: Maushold|move: Follow Me\n|move|p1a: Maushold|Encore|p2b: Maushold\n|-start|p2b: Maushold|Encore\n|move|p2a: Arcanine|Flare Blitz|p1a: Maushold\n|-damage|p1a: Maushold|42\/100\n|-enditem|p1a: Maushold|Sitrus Berry|[eat]\n|-heal|p1a: Maushold|66\/100|[from] item: Sitrus Berry\n|-heal|p1a: Maushold|99\/100|[from] ability: Cheek Pouch\n|-damage|p2a: Arcanine|83\/100|[from] Recoil\n|\n|upkeep\n|turn|3\n|\n|t:|1700935775\n|switch|p1a: Arcanine|Arcanine, F|100\/100\n|-ability|p1a: Arcanine|Intimidate|boost\n|-unboost|p2a: Arcanine|atk|1\n|-unboost|p2b: Maushold|atk|1\n|move|p2b: Maushold|Follow Me|p2b: Maushold\n|-singleturn|p2b: Maushold|move: Follow Me\n|move|p1b: Ceruledge|Bulk Up|p1b: Ceruledge\n|-boost|p1b: Ceruledge|atk|1\n|-boost|p1b: Ceruledge|def|1\n|move|p2a: Arcanine|Flare Blitz|p1a: Arcanine\n|-resisted|p1a: Arcanine\n|-damage|p1a: Arcanine|85\/100\n|-damage|p2a: Arcanine|78\/100|[from] Recoil\n|\n|upkeep\n|turn|4\n|\n|t:|1700935804\n|switch|p2b: Ceruledge|Ceruledge, M, shiny|100\/100\n|switch|p1a: Umbreon|Umbreon, F, shiny|100\/100\n|switch|p2a: Umbreon|Umbreon, M, shiny|100\/100\n|move|p1b: Ceruledge|Bulk Up|p1b: Ceruledge\n|-boost|p1b: Ceruledge|atk|1\n|-boost|p1b: Ceruledge|def|1\n|\n|upkeep\n|turn|5\n|c|\u2606gonegeb|lmao\n|\n|t:|1700935822\n|switch|p1a: Arcanine|Arcanine, F|85\/100\n|-ability|p1a: Arcanine|Intimidate|boost\n|-fail|p2a: Umbreon|unboost|Attack|[from] ability: Inner Focus|[of] p2a: Umbreon\n|-unboost|p2b: Ceruledge|atk|1\n|move|p2b: Ceruledge|Protect|p2b: Ceruledge\n|-singleturn|p2b: Ceruledge|Protect\n|move|p1b: Ceruledge|Shadow Sneak|p2b: Ceruledge\n|-activate|p2b: Ceruledge|move: Protect\n|move|p2a: Umbreon|Foul Play|p1b: Ceruledge\n|-supereffective|p1b: Ceruledge\n|-damage|p1b: Ceruledge|0 fnt\n|faint|p1b: Ceruledge\n|\n|upkeep\n|c|\u2606MattCol|Not the protect\n|\n|t:|1700935851\n|switch|p1b: Maushold|Maushold|99\/100\n|turn|6\n|c|\u2606gonegeb|we protecting the whole team baybeee\n|c|\u2606MattCol|Can\u2019t hide forever coward\n|\n|t:|1700935892\n|switch|p1a: Lucario|Lucario, M|100\/100\n|switch|p2b: Maushold|Maushold|83\/100\n|move|p1b: Maushold|Follow Me|p1b: Maushold\n|-singleturn|p1b: Maushold|move: Follow Me\n|move|p2a: Umbreon|Foul Play|p1b: Maushold\n|-damage|p1b: Maushold|68\/100\n|\n|upkeep\n|turn|7\n|\n|t:|1700935922\n|move|p2a: Umbreon|Protect|p2a: Umbreon\n|-singleturn|p2a: Umbreon|Protect\n|move|p1b: Maushold|Taunt|p2a: Umbreon\n|-activate|p2a: Umbreon|move: Protect\n|move|p2b: Maushold|Encore|p1b: Maushold\n|-start|p1b: Maushold|Encore\n|move|p1a: Lucario|Swords Dance|p1a: Lucario\n|-boost|p1a: Lucario|atk|2\n|\n|upkeep\n|turn|8\n|\n|t:|1700935947\n|switch|p2a: Ceruledge|Ceruledge, M, shiny|100\/100\n|move|p2b: Maushold|Encore|p1a: Lucario\n|-start|p1a: Lucario|Encore\n|move|p1b: Maushold|Taunt|p2b: Maushold\n|-start|p2b: Maushold|move: Taunt\n|move|p1a: Lucario|Swords Dance|p1a: Lucario\n|-boost|p1a: Lucario|atk|2\n|\n|upkeep\n|turn|9\n|\n|t:|1700935971\n|switch|p1b: Arcanine|Arcanine, F|85\/100\n|-ability|p1b: Arcanine|Intimidate|boost\n|-unboost|p2a: Ceruledge|atk|1\n|-unboost|p2b: Maushold|atk|1\n|switch|p2b: Torkoal|Torkoal, M, shiny|100\/100\n|-weather|SunnyDay|[from] ability: Drought|[of] p2b: Torkoal\n|-terastallize|p1a: Lucario|Normal\n|move|p1a: Lucario|Swords Dance|p1a: Lucario\n|-boost|p1a: Lucario|atk|2\n|move|p2a: Ceruledge|Bitter Blade|p1a: Lucario\n|-damage|p1a: Lucario|42\/100\n|\n|-weather|SunnyDay|[upkeep]\n|upkeep\n|turn|10\n|\n|t:|1700936018\n|switch|p1a: Maushold|Maushold|68\/100\n|move|p1b: Arcanine|Will-O-Wisp|p2b: Torkoal|[miss]\n|-miss|p1b: Arcanine|p2b: Torkoal\n|move|p2a: Ceruledge|Bitter Blade|p1a: Maushold\n|-damage|p1a: Maushold|22\/100\n|move|p2b: Torkoal|Lava Plume|p1a: Maushold|[spread] p1a,p1b\n|-start|p2a: Ceruledge|ability: Flash Fire\n|-resisted|p1b: Arcanine\n|-damage|p1a: Maushold|0 fnt\n|-damage|p1b: Arcanine|62\/100\n|faint|p1a: Maushold\n|\n|-weather|SunnyDay|[upkeep]\n|upkeep\n|\n|t:|1700936037\n|switch|p1a: Umbreon|Umbreon, F, shiny|100\/100\n|turn|11\n|c|\u2606gonegeb|you silly silly man\n|\n|t:|1700936061\n|switch|p2b: Maushold|Maushold|83\/100\n|-terastallize|p2a: Ceruledge|Water\n|move|p1b: Arcanine|Will-O-Wisp|p2b: Maushold\n|-status|p2b: Maushold|brn\n|move|p2a: Ceruledge|Bitter Blade|p1a: Umbreon\n|-damage|p1a: Umbreon|53\/100\n|move|p1a: Umbreon|Yawn|p2a: Ceruledge\n|-start|p2a: Ceruledge|move: Yawn|[of] p1a: Umbreon\n|\n|-weather|SunnyDay|[upkeep]\n|-heal|p1a: Umbreon|59\/100|[from] item: Leftovers\n|-damage|p2b: Maushold|77\/100 brn|[from] brn\n|upkeep\n|turn|12\n|\n|t:|1700936087\n|move|p1a: Umbreon|Protect|p1a: Umbreon\n|-singleturn|p1a: Umbreon|Protect\n|move|p2b: Maushold|Encore|p1a: Umbreon\n|-activate|p1a: Umbreon|move: Protect\n|move|p1b: Arcanine|Morning Sun|p1b: Arcanine\n|-heal|p1b: Arcanine|100\/100\n|move|p2a: Ceruledge|Bitter Blade|p1a: Umbreon\n|-activate|p1a: Umbreon|move: Protect\n|\n|-weather|SunnyDay|[upkeep]\n|-heal|p1a: Umbreon|65\/100|[from] item: Leftovers\n|-damage|p2b: Maushold|70\/100 brn|[from] brn\n|-end|p2a: Ceruledge|move: Yawn|[silent]\n|-status|p2a: Ceruledge|slp\n|upkeep\n|turn|13\n|\n|t:|1700936108\n|move|p2b: Maushold|Encore|p1a: Umbreon\n|-start|p1a: Umbreon|Encore\n|move|p1b: Arcanine|Flare Blitz|p2b: Maushold\n|-damage|p2b: Maushold|0 fnt\n|faint|p2b: Maushold\n|-damage|p1b: Arcanine|78\/100|[from] Recoil\n|cant|p2a: Ceruledge|slp\n|move|p1a: Umbreon|Protect||[still]\n|-fail|p1a: Umbreon\n|\n|-weather|none\n|-heal|p1a: Umbreon|72\/100|[from] item: Leftovers\n|upkeep\n|\n|t:|1700936119\n|switch|p2b: Torkoal|Torkoal, M, shiny|100\/100\n|-weather|SunnyDay|[from] ability: Drought|[of] p2b: Torkoal\n|turn|14\n|\n|t:|1700936132\n|switch|p1a: Corviknight|Corviknight, F|100\/100\n|move|p1b: Arcanine|Flare Blitz|p2b: Torkoal\n|-resisted|p2b: Torkoal\n|-damage|p2b: Torkoal|77\/100\n|-damage|p1b: Arcanine|71\/100|[from] Recoil\n|-curestatus|p2a: Ceruledge|slp|[msg]\n|move|p2a: Ceruledge|Bitter Blade|p1a: Corviknight\n|-supereffective|p1a: Corviknight\n|-damage|p1a: Corviknight|18\/100\n|-damage|p2a: Ceruledge|84\/100|[from] item: Rocky Helmet|[of] p1a: Corviknight\n|move|p2b: Torkoal|Lava Plume|p1b: Arcanine|[spread] p1a,p1b\n|-immune|p2a: Ceruledge|[from] ability: Flash Fire\n|-supereffective|p1a: Corviknight\n|-resisted|p1b: Arcanine\n|-damage|p1a: Corviknight|0 fnt\n|-damage|p1b: Arcanine|50\/100\n|faint|p1a: Corviknight\n|\n|-weather|SunnyDay|[upkeep]\n|upkeep\n|\n|t:|1700936156\n|switch|p1a: Umbreon|Umbreon, F, shiny|72\/100\n|turn|15\n|c|\u2606MattCol|Just can\u2019t beat the meta with my team I guess\n|\n|t:|1700936279\n|move|p1b: Arcanine|Morning Sun|p1b: Arcanine\n|-heal|p1b: Arcanine|100\/100\n|move|p2a: Ceruledge|Bitter Blade|p1a: Umbreon\n|-damage|p1a: Umbreon|30\/100\n|-heal|p2a: Ceruledge|100\/100|[from] drain|[of] p1a: Umbreon\n|move|p1a: Umbreon|Wish|p1a: Umbreon\n|move|p2b: Torkoal|Lava Plume|p1a: Umbreon|[spread] p1a,p1b\n|-immune|p2a: Ceruledge|[from] ability: Flash Fire\n|-resisted|p1b: Arcanine\n|-damage|p1a: Umbreon|12\/100\n|-damage|p1b: Arcanine|78\/100\n|\n|-weather|SunnyDay|[upkeep]\n|-heal|p1a: Umbreon|18\/100|[from] item: Leftovers\n|upkeep\n|turn|16\n|l|\u2606MattCol\n|player|p1|\n|c|\u2606gonegeb|yeah man your team fuckin SUCKS\n|c|\u2606gonegeb|psh\n|j|\u2606MattCol\n|player|p1|MattCol|2\n|c|\u2606gonegeb|who would ever use a team this non-meta pshh\n|l|\u2606MattCol\n|player|p1|\n|\n|t:|1700936574\n|switch|p1a: Lucario|Lucario, M, tera:Normal|42\/100\n|move|p1b: Arcanine|Flare Blitz|p2b: Torkoal\n|-resisted|p2b: Torkoal\n|-damage|p2b: Torkoal|52\/100\n|-damage|p1b: Arcanine|71\/100|[from] Recoil\n|move|p2a: Ceruledge|Bitter Blade|p1a: Lucario\n|-damage|p1a: Lucario|0 fnt\n|faint|p1a: Lucario\n|move|p2b: Torkoal|Earth Power|p1b: Arcanine\n|-supereffective|p1b: Arcanine\n|-damage|p1b: Arcanine|10\/100\n|-enditem|p1b: Arcanine|Aguav Berry|[eat]\n|-heal|p1b: Arcanine|43\/100|[from] item: Aguav Berry\n|\n|-weather|SunnyDay|[upkeep]\n|upkeep\n|j|\u2606MattCol\n|player|p1|MattCol|2\n|\n|t:|1700936679\n|switch|p1a: Umbreon|Umbreon, F, shiny|18\/100\n|turn|17\n|l|\u2606MattCol\n|player|p1|\n|j|\u2606MattCol\n|player|p1|MattCol|2\n|l|\u2606MattCol\n|player|p1|\n|j|\u2606MattCol\n|player|p1|MattCol|2\n|\n|t:|1700937054\n|move|p1b: Arcanine|Extreme Speed|p2a: Ceruledge\n|-damage|p2a: Ceruledge|75\/100\n|move|p2a: Ceruledge|Bitter Blade|p1a: Umbreon\n|-damage|p1a: Umbreon|0 fnt\n|-heal|p2a: Ceruledge|85\/100|[from] drain|[of] p1a: Umbreon\n|faint|p1a: Umbreon\n|move|p2b: Torkoal|Earth Power|p1b: Arcanine\n|-supereffective|p1b: Arcanine\n|-damage|p1b: Arcanine|0 fnt\n|faint|p1b: Arcanine\n|\n|win|gonegeb\n","uploadtime":1700937069,"views":0,"p1id":"mattcol","p2id":"gonegeb","formatid":"gen9doublesou","rating":0,"private":0,"password":""}