{"id":"gen9doublesou-1997257721","p1":"Exi0022","p2":"Shiritu","format":"[Gen 9] Doubles OU","log":"|j|\u2606Exi0022\n|j|\u2606Shiritu\n|inactive|Battle timer is ON: inactive players will automatically lose when time's up.\n|t:|1700781307\n|gametype|doubles\n|player|p1|Exi0022|n-masters2|\n|player|p2|Shiritu|ash-sinnoh|\n|teamsize|p1|6\n|teamsize|p2|6\n|gen|9\n|tier|[Gen 9] Doubles OU\n|rated|Tournament battle\n|rule|Species Clause: Limit one of each Pok\u00e9mon\n|rule|OHKO Clause: OHKO moves are banned\n|rule|Evasion Moves Clause: Evasion moves are banned\n|rule|Gravity Sleep Clause: The combination of sleep-inducing moves with imperfect accuracy and Gravity or Gigantamax Orbeetle are banned\n|rule|Endless Battle Clause: Forcing endless battles is banned\n|rule|HP Percentage Mod: HP is shown in percentages\n|clearpoke\n|poke|p1|Rillaboom, F|\n|poke|p1|Ursaluna, F|\n|poke|p1|Cresselia, F|\n|poke|p1|Volcanion|\n|poke|p1|Flutter Mane|\n|poke|p1|Kleavor, M|\n|poke|p2|Ninetales-Alola, M|\n|poke|p2|Baxcalibur, M|\n|poke|p2|Rillaboom, F|\n|poke|p2|Iron Hands|\n|poke|p2|Landorus-Therian, M|\n|poke|p2|Volcanion|\n|teampreview\n|c|\u2606Shiritu|glhf\n|j| RandomAnonimo123\n|j| Rene#9317\n|c|\u2606Exi0022|u 2\n|l| Rene#9317\n|\n|t:|1700781333\n|start\n|switch|p1a: Rillaboom|Rillaboom, F|100\/100\n|switch|p1b: Kleavor|Kleavor, M|100\/100\n|switch|p2a: Iron Hands|Iron Hands|100\/100\n|switch|p2b: Volcanion|Volcanion|100\/100\n|-fieldstart|move: Grassy Terrain|[from] ability: Grassy Surge|[of] p1a: Rillaboom\n|turn|1\n|j|+Samirsin\n|\n|t:|1700781356\n|-end|p2a: Iron Hands|Quark Drive|[silent]\n|switch|p2a: Landorus|Landorus-Therian, M|100\/100\n|-ability|p2a: Landorus|Intimidate|boost\n|-unboost|p1a: Rillaboom|atk|1\n|-unboost|p1b: Kleavor|atk|1\n|move|p2b: Volcanion|Protect|p2b: Volcanion\n|-singleturn|p2b: Volcanion|Protect\n|move|p1a: Rillaboom|Fake Out|p2b: Volcanion\n|-activate|p2b: Volcanion|move: Protect\n|move|p1b: Kleavor|Stone Axe|p2b: Volcanion\n|-activate|p2b: Volcanion|move: Protect\n|\n|upkeep\n|turn|2\n|l| RandomAnonimo123\n|l|+Samirsin\n|inactive|Exi0022 has 120 seconds left.\n|\n|t:|1700781412\n|switch|p1a: Cresselia|Cresselia, F|100\/100\n|switch|p2b: Iron Hands|Iron Hands|100\/100\n|move|p1b: Kleavor|Stone Axe|p2b: Iron Hands\n|-resisted|p2b: Iron Hands\n|-damage|p2b: Iron Hands|90\/100\n|-sidestart|p2: Shiritu|move: Stealth Rock\n|move|p2a: Landorus|U-turn|p1a: Cresselia\n|-supereffective|p1a: Cresselia\n|-crit|p1a: Cresselia\n|-damage|p1a: Cresselia|44\/100\n|inactive|Shiritu has 120 seconds left.\n|\n|t:|1700781423\n|switch|p2a: Ninetales|Ninetales-Alola, M|100\/100|[from] U-turn\n|-damage|p2a: Ninetales|76\/100|[from] Stealth Rock\n|-weather|Snow|[from] ability: Snow Warning|[of] p2a: Ninetales\n|\n|-weather|Snow|[upkeep]\n|-heal|p2a: Ninetales|82\/100|[from] Grassy Terrain\n|-heal|p2b: Iron Hands|96\/100|[from] Grassy Terrain\n|upkeep\n|turn|3\n|inactive|Exi0022 has 120 seconds left.\n|\n|t:|1700781439\n|move|p1b: Kleavor|Stone Axe|p2a: Ninetales\n|-supereffective|p2a: Ninetales\n|-damage|p2a: Ninetales|26\/100\n|move|p2a: Ninetales|Aurora Veil|p2a: Ninetales\n|-sidestart|p2: Shiritu|move: Aurora Veil\n|move|p2b: Iron Hands|Wild Charge|p1a: Cresselia\n|-damage|p1a: Cresselia|14\/100\n|-damage|p2b: Iron Hands|90\/100|[from] Recoil\n|move|p1a: Cresselia|Trick Room|p1a: Cresselia\n|-fieldstart|move: Trick Room|[of] p1a: Cresselia\n|\n|-weather|Snow|[upkeep]\n|-heal|p2b: Iron Hands|96\/100|[from] Grassy Terrain\n|-heal|p2a: Ninetales|32\/100|[from] Grassy Terrain\n|upkeep\n|turn|4\n|inactive|Exi0022 has 120 seconds left.\n|inactive|Exi0022 has 90 seconds left.\n|inactive|Exi0022 has 60 seconds left.\n|\n|t:|1700781536\n|move|p2b: Iron Hands|Wild Charge|p1a: Cresselia\n|-damage|p1a: Cresselia|0 fnt\n|faint|p1a: Cresselia\n|-damage|p2b: Iron Hands|93\/100|[from] Recoil\n|move|p2a: Ninetales|Moonblast|p1b: Kleavor\n|-damage|p1b: Kleavor|60\/100\n|-unboost|p1b: Kleavor|spa|1\n|move|p1b: Kleavor|Stone Axe|p2a: Ninetales\n|-supereffective|p2a: Ninetales\n|-damage|p2a: Ninetales|0 fnt\n|faint|p2a: Ninetales\n|\n|-weather|Snow|[upkeep]\n|-heal|p2b: Iron Hands|99\/100|[from] Grassy Terrain\n|-heal|p1b: Kleavor|66\/100|[from] Grassy Terrain\n|upkeep\n|inactive|Exi0022 has 60 seconds left.\n|\n|t:|1700781556\n|switch|p1a: Ursaluna|Ursaluna, F|100\/100\n|switch|p2a: Baxcalibur|Baxcalibur, M|100\/100\n|-damage|p2a: Baxcalibur|75\/100|[from] Stealth Rock\n|turn|5\n|\n|t:|1700781578\n|move|p1a: Ursaluna|Protect|p1a: Ursaluna\n|-singleturn|p1a: Ursaluna|Protect\n|move|p2a: Baxcalibur|Protect|p2a: Baxcalibur\n|-singleturn|p2a: Baxcalibur|Protect\n|move|p2b: Iron Hands|Drain Punch|p1a: Ursaluna\n|-activate|p1a: Ursaluna|move: Protect\n|move|p1b: Kleavor|Stone Axe|p2a: Baxcalibur\n|-activate|p2a: Baxcalibur|move: Protect\n|\n|-weather|Snow|[upkeep]\n|-heal|p2a: Baxcalibur|82\/100|[from] ability: Ice Body\n|-heal|p2b: Iron Hands|100\/100|[from] Grassy Terrain\n|-heal|p2a: Baxcalibur|88\/100|[from] Grassy Terrain\n|-heal|p1b: Kleavor|72\/100|[from] Grassy Terrain\n|-fieldend|move: Grassy Terrain\n|-status|p1a: Ursaluna|brn|[from] item: Flame Orb\n|upkeep\n|turn|6\n|\n|t:|1700781603\n|-end|p2b: Iron Hands|Quark Drive|[silent]\n|switch|p2b: Landorus|Landorus-Therian, M|100\/100\n|-damage|p2b: Landorus|88\/100|[from] Stealth Rock\n|-ability|p2b: Landorus|Intimidate|boost\n|-unboost|p1a: Ursaluna|atk|1\n|-unboost|p1b: Kleavor|atk|1\n|-terastallize|p1a: Ursaluna|Normal\n|move|p1a: Ursaluna|Facade|p2a: Baxcalibur\n|-damage|p2a: Baxcalibur|43\/100\n|move|p2a: Baxcalibur|Icicle Crash|p1a: Ursaluna\n|-damage|p1a: Ursaluna|58\/100 brn\n|move|p1b: Kleavor|Stone Axe|p2a: Baxcalibur\n|-supereffective|p2a: Baxcalibur\n|-damage|p2a: Baxcalibur|21\/100\n|\n|-weather|none\n|-damage|p1a: Ursaluna|52\/100 brn|[from] brn\n|upkeep\n|turn|7\n|inactive|Shiritu has 120 seconds left.\n|\n|t:|1700781649\n|move|p2a: Baxcalibur|Protect|p2a: Baxcalibur\n|-singleturn|p2a: Baxcalibur|Protect\n|move|p1a: Ursaluna|Facade|p2b: Landorus\n|-crit|p2b: Landorus\n|-damage|p2b: Landorus|0 fnt\n|faint|p2b: Landorus\n|move|p1b: Kleavor|Stone Axe|p2a: Baxcalibur\n|-activate|p2a: Baxcalibur|move: Protect\n|\n|-damage|p1a: Ursaluna|46\/100 brn|[from] brn\n|-fieldend|move: Trick Room\n|upkeep\n|c|\u2606Shiritu|Feo el crit\n|c|\u2606Shiritu|No se si aguantaba\n|c|\u2606Shiritu|Pero ahi ahi\n|inactive|Shiritu has 90 seconds left.\n|\n|t:|1700781682\n|switch|p2b: Volcanion|Volcanion|100\/100\n|turn|8\n|inactive|Exi0022 has 90 seconds left.\n|\n|t:|1700781694\n|move|p1b: Kleavor|Stone Axe|p2a: Baxcalibur\n|-supereffective|p2a: Baxcalibur\n|-damage|p2a: Baxcalibur|0 fnt\n|faint|p2a: Baxcalibur\n|move|p2b: Volcanion|Heat Wave|p1b: Kleavor|[spread] p1a,p1b\n|-damage|p1a: Ursaluna|16\/100 brn\n|-damage|p1b: Kleavor|7\/100\n|-status|p1b: Kleavor|brn\n|move|p1a: Ursaluna|Headlong Rush|p2b: Volcanion\n|-supereffective|p2b: Volcanion\n|-damage|p2b: Volcanion|24\/100\n|-unboost|p1a: Ursaluna|def|1\n|-unboost|p1a: Ursaluna|spd|1\n|\n|-damage|p1b: Kleavor|1\/100 brn|[from] brn\n|-damage|p1a: Ursaluna|10\/100 brn|[from] brn\n|upkeep\n|inactive|Shiritu has 90 seconds left.\n|\n|t:|1700781722\n|switch|p2a: Rillaboom|Rillaboom, F|100\/100\n|-damage|p2a: Rillaboom|88\/100|[from] Stealth Rock\n|-fieldstart|move: Grassy Terrain|[from] ability: Grassy Surge|[of] p2a: Rillaboom\n|turn|9\n|\n|t:|1700781741\n|move|p2a: Rillaboom|Grassy Glide|p1b: Kleavor\n|-damage|p1b: Kleavor|0 fnt\n|faint|p1b: Kleavor\n|move|p2b: Volcanion|Steam Eruption|p1a: Ursaluna\n|-damage|p1a: Ursaluna|0 fnt\n|faint|p1a: Ursaluna\n|\n|-heal|p2a: Rillaboom|94\/100|[from] Grassy Terrain\n|-heal|p2b: Volcanion|30\/100|[from] Grassy Terrain\n|upkeep\n|\n|t:|1700781759\n|switch|p1b: Flutter Mane|Flutter Mane|100\/100\n|switch|p1a: Rillaboom|Rillaboom, F|100\/100\n|turn|10\n|inactive|Shiritu has 120 seconds left.\n|\n|t:|1700781783\n|move|p1a: Rillaboom|Fake Out|p2a: Rillaboom\n|-damage|p2a: Rillaboom|85\/100\n|move|p1b: Flutter Mane|Shadow Ball|p2b: Volcanion\n|-damage|p2b: Volcanion|0 fnt\n|faint|p2b: Volcanion\n|cant|p2a: Rillaboom|flinch\n|\n|-heal|p2a: Rillaboom|91\/100|[from] Grassy Terrain\n|-sideend|p2: Shiritu|move: Aurora Veil\n|upkeep\n|\n|t:|1700781789\n|switch|p2b: Iron Hands|Iron Hands|100\/100\n|-damage|p2b: Iron Hands|94\/100|[from] Stealth Rock\n|turn|11\n|inactive|Exi0022 has 120 seconds left.\n|\n|t:|1700781803\n|move|p1b: Flutter Mane|Shadow Ball|p2a: Rillaboom\n|-damage|p2a: Rillaboom|52\/100\n|move|p2a: Rillaboom|Wood Hammer|p1b: Flutter Mane\n|-damage|p1b: Flutter Mane|0 fnt\n|faint|p1b: Flutter Mane\n|-end|p1b: Flutter Mane|Protosynthesis|[silent]\n|-damage|p2a: Rillaboom|26\/100|[from] Recoil\n|move|p1a: Rillaboom|Wood Hammer|p2b: Iron Hands\n|-damage|p2b: Iron Hands|37\/100\n|-damage|p1a: Rillaboom|77\/100|[from] Recoil\n|move|p2b: Iron Hands|Drain Punch|p1a: Rillaboom\n|-damage|p1a: Rillaboom|37\/100\n|-heal|p2b: Iron Hands|53\/100|[from] drain|[of] p1a: Rillaboom\n|\n|-heal|p2a: Rillaboom|32\/100|[from] Grassy Terrain\n|-heal|p1a: Rillaboom|43\/100|[from] Grassy Terrain\n|-heal|p2b: Iron Hands|59\/100|[from] Grassy Terrain\n|upkeep\n|inactive|Exi0022 has 120 seconds left.\n|\n|t:|1700781813\n|switch|p1b: Volcanion|Volcanion|100\/100\n|turn|12\n|inactive|Shiritu has 120 seconds left.\n|\n|t:|1700781847\n|-terastallize|p2b: Iron Hands|Fire\n|move|p2a: Rillaboom|U-turn|p1a: Rillaboom\n|-supereffective|p1a: Rillaboom\n|-damage|p1a: Rillaboom|0 fnt\n|faint|p1a: Rillaboom\n|move|p1b: Volcanion|Heat Wave|p2b: Iron Hands|[spread] p2a,p2b\n|-supereffective|p2a: Rillaboom\n|-crit|p2a: Rillaboom\n|-resisted|p2b: Iron Hands\n|-damage|p2a: Rillaboom|0 fnt\n|-damage|p2b: Iron Hands|48\/100\n|faint|p2a: Rillaboom\n|move|p2b: Iron Hands|Wild Charge|p1b: Volcanion\n|-supereffective|p1b: Volcanion\n|-damage|p1b: Volcanion|11\/100\n|-damage|p2b: Iron Hands|32\/100|[from] Recoil\n|\n|-heal|p1b: Volcanion|17\/100|[from] Grassy Terrain\n|-heal|p2b: Iron Hands|38\/100|[from] Grassy Terrain\n|upkeep\n|turn|13\n|c|\u2606Shiritu|gg\n|inactive|Shiritu has 120 seconds left.\n|inactive|Exi0022 has 120 seconds left.\n|c|\u2606Shiritu|No falles steam y ya ta hecho\n|\n|t:|1700781902\n|move|p1b: Volcanion|Steam Eruption|p2b: Iron Hands\n|-supereffective|p2b: Iron Hands\n|-damage|p2b: Iron Hands|0 fnt\n|faint|p2b: Iron Hands\n|-end|p2b: Iron Hands|Quark Drive|[silent]\n|\n|win|Exi0022\n|n|\u2606Exi0022|exi0022\n|n|\u2606Shiritu|shiritu\n","uploadtime":1700781903,"views":27,"p1id":"exi0022","p2id":"shiritu","formatid":"gen9doublesou","rating":0,"private":0,"password":""}