{"id":"gen9doublesou-1987814006","p1":"mikeyuwu","p2":"palkiafanboy69","format":"[Gen 9] Doubles OU","log":"|j|\u2606mikeyuwu\n|j|\u2606palkiafanboy69\n|t:|1699639278\n|gametype|doubles\n|player|p1|mikeyuwu|psychic-gen4|1257\n|player|p2|palkiafanboy69|pokemaniac|1227\n|teamsize|p1|6\n|teamsize|p2|6\n|gen|9\n|tier|[Gen 9] Doubles OU\n|rated|\n|rule|Species Clause: Limit one of each Pok\u00e9mon\n|rule|OHKO Clause: OHKO moves are banned\n|rule|Evasion Moves Clause: Evasion moves are banned\n|rule|Gravity Sleep Clause: The combination of sleep-inducing moves with imperfect accuracy and Gravity or Gigantamax Orbeetle are banned\n|rule|Endless Battle Clause: Forcing endless battles is banned\n|rule|HP Percentage Mod: HP is shown in percentages\n|clearpoke\n|poke|p1|Garchomp, M|\n|poke|p1|Tyranitar, F|\n|poke|p1|Vaporeon, F|\n|poke|p1|Toxicroak, M|\n|poke|p1|Pelipper, F|\n|poke|p1|Abomasnow, M|\n|poke|p2|Fezandipiti, M|\n|poke|p2|Tauros-Paldea-Aqua, M|\n|poke|p2|Sinistcha|\n|poke|p2|Ogerpon-Wellspring, F|\n|poke|p2|Walking Wake|\n|poke|p2|Hoopa-Unbound|\n|teampreview\n|inactive|Battle timer is ON: inactive players will automatically lose when time's up. (requested by palkiafanboy69)\n|\n|t:|1699639290\n|start\n|switch|p1a: OTLHPM|Toxicroak, M|100\/100\n|switch|p1b: Harmacy|Vaporeon, F|100\/100\n|switch|p2a: Tauros|Tauros-Paldea-Aqua, M|100\/100\n|switch|p2b: Walking Wake|Walking Wake|100\/100\n|-ability|p2a: Tauros|Intimidate|boost\n|-unboost|p1a: OTLHPM|atk|1\n|-unboost|p1b: Harmacy|atk|1\n|-enditem|p2b: Walking Wake|Booster Energy\n|-activate|p2b: Walking Wake|ability: Protosynthesis|[fromitem]\n|-start|p2b: Walking Wake|protosynthesisspa\n|turn|1\n|\n|t:|1699639302\n|switch|p2a: Sinistcha|Sinistcha|100\/100\n|switch|p1b: Weather War|Pelipper, F|100\/100\n|-weather|RainDance|[from] ability: Drizzle|[of] p1b: Weather War\n|move|p2b: Walking Wake|Draco Meteor|p1a: OTLHPM\n|-damage|p1a: OTLHPM|0 fnt\n|-unboost|p2b: Walking Wake|spa|2\n|faint|p1a: OTLHPM\n|\n|-weather|RainDance|[upkeep]\n|upkeep\n|\n|t:|1699639314\n|switch|p1a: ThcrThnSnkr|Tyranitar, F|100\/100\n|-weather|Sandstorm|[from] ability: Sand Stream|[of] p1a: ThcrThnSnkr\n|turn|2\n|\n|t:|1699639329\n|switch|p2a: Hoopa|Hoopa-Unbound|100\/100\n|move|p2b: Walking Wake|Hydro Steam|p1a: ThcrThnSnkr\n|-supereffective|p1a: ThcrThnSnkr\n|-damage|p1a: ThcrThnSnkr|84\/100\n|move|p1b: Weather War|Hurricane|p2a: Hoopa\n|-damage|p2a: Hoopa|82\/100\n|move|p1a: ThcrThnSnkr|Knock Off|p2a: Hoopa\n|-damage|p2a: Hoopa|23\/100\n|-enditem|p2a: Hoopa|Assault Vest|[from] move: Knock Off|[of] p1a: ThcrThnSnkr\n|\n|-weather|Sandstorm|[upkeep]\n|-damage|p2b: Walking Wake|94\/100|[from] Sandstorm\n|-damage|p2a: Hoopa|17\/100|[from] Sandstorm\n|-damage|p1b: Weather War|94\/100|[from] Sandstorm\n|upkeep\n|turn|3\n|\n|t:|1699639348\n|-end|p2b: Walking Wake|Protosynthesis|[silent]\n|switch|p2b: Sinistcha|Sinistcha|100\/100\n|-heal|p2a: Hoopa|42\/100|[from] ability: Hospitality|[of] p2b: Sinistcha\n|switch|p1a: Harmacy|Vaporeon, F|100\/100\n|move|p2a: Hoopa|Brick Break|p1a: Harmacy\n|-damage|p1a: Harmacy|78\/100\n|-item|p2a: Hoopa|Leftovers|[from] ability: Magician|[of] p1a: Harmacy\n|move|p1b: Weather War|Chilling Water|p2a: Hoopa\n|-damage|p2a: Hoopa|29\/100\n|-unboost|p2a: Hoopa|atk|1\n|\n|-weather|Sandstorm|[upkeep]\n|-damage|p2a: Hoopa|23\/100|[from] Sandstorm\n|-damage|p1b: Weather War|88\/100|[from] Sandstorm\n|-damage|p1a: Harmacy|72\/100|[from] Sandstorm\n|-damage|p2b: Sinistcha|94\/100|[from] Sandstorm\n|-heal|p2a: Hoopa|29\/100|[from] item: Leftovers\n|-heal|p2b: Sinistcha|100\/100|[from] item: Leftovers\n|upkeep\n|turn|4\n|\n|t:|1699639365\n|switch|p2a: Ogerpon|Ogerpon-Wellspring, F|100\/100\n|move|p1b: Weather War|Hurricane|p2b: Sinistcha\n|-supereffective|p2b: Sinistcha\n|-damage|p2b: Sinistcha|29\/100\n|move|p1a: Harmacy|Copycat|p1a: Harmacy\n|move|p1a: Harmacy|Hurricane|p2a: Ogerpon|[from]move: Copycat\n|-supereffective|p2a: Ogerpon\n|-damage|p2a: Ogerpon|44\/100\n|move|p2b: Sinistcha|Calm Mind|p2b: Sinistcha\n|-boost|p2b: Sinistcha|spa|1\n|-boost|p2b: Sinistcha|spd|1\n|\n|-weather|Sandstorm|[upkeep]\n|-damage|p2a: Ogerpon|38\/100|[from] Sandstorm\n|-damage|p1b: Weather War|82\/100|[from] Sandstorm\n|-damage|p1a: Harmacy|66\/100|[from] Sandstorm\n|-damage|p2b: Sinistcha|23\/100|[from] Sandstorm\n|-heal|p2b: Sinistcha|29\/100|[from] item: Leftovers\n|upkeep\n|turn|5\n|\n|t:|1699639381\n|switch|p1a: Extra Spicy|Garchomp, M|100\/100\n|move|p2a: Ogerpon|Spiky Shield|p2a: Ogerpon\n|-singleturn|p2a: Ogerpon|move: Protect\n|move|p1b: Weather War|Hurricane|p2b: Sinistcha\n|-supereffective|p2b: Sinistcha\n|-damage|p2b: Sinistcha|0 fnt\n|faint|p2b: Sinistcha\n|\n|-weather|Sandstorm|[upkeep]\n|-damage|p2a: Ogerpon|32\/100|[from] Sandstorm\n|-damage|p1b: Weather War|76\/100|[from] Sandstorm\n|upkeep\n|\n|t:|1699639389\n|switch|p2b: yiiiippppeeee|Fezandipiti, M|100\/100\n|turn|6\n|\n|t:|1699639396\n|move|p2a: Ogerpon|Ivy Cudgel|p1a: Extra Spicy\n|-damage|p1a: Extra Spicy|68\/100\n|move|p2b: yiiiippppeeee|Icy Wind|p1a: Extra Spicy|[spread] p1a,p1b\n|-supereffective|p1a: Extra Spicy\n|-damage|p1a: Extra Spicy|32\/100\n|-damage|p1b: Weather War|62\/100\n|-unboost|p1a: Extra Spicy|spe|1\n|-unboost|p1b: Weather War|spe|1\n|move|p1a: Extra Spicy|Earthquake|p2b: yiiiippppeeee|[spread] p2a,p2b\n|-immune|p1b: Weather War\n|-resisted|p2a: Ogerpon\n|-supereffective|p2b: yiiiippppeeee\n|-damage|p2a: Ogerpon|12\/100\n|-damage|p2b: yiiiippppeeee|32\/100\n|move|p1b: Weather War|Hurricane|p2a: Ogerpon|[miss]\n|-miss|p1b: Weather War|p2a: Ogerpon\n|\n|-weather|none\n|-heal|p2b: yiiiippppeeee|38\/100|[from] item: Leftovers\n|upkeep\n|turn|7\n|\n|t:|1699639416\n|switch|p1a: Cold Shoulder|Abomasnow, M, shiny|100\/100\n|-weather|Snow|[from] ability: Snow Warning|[of] p1a: Cold Shoulder\n|move|p2a: Ogerpon|Horn Leech|p1b: Weather War\n|-damage|p1b: Weather War|29\/100\n|-heal|p2a: Ogerpon|28\/100|[from] drain|[of] p1b: Weather War\n|move|p2b: yiiiippppeeee|Icy Wind|p1b: Weather War|[spread] p1a,p1b\n|-damage|p1a: Cold Shoulder|90\/100\n|-damage|p1b: Weather War|16\/100\n|-unboost|p1a: Cold Shoulder|spe|1\n|-unboost|p1b: Weather War|spe|1\n|move|p1b: Weather War|Blizzard|p2b: yiiiippppeeee|[spread] p2a,p2b\n|-damage|p2a: Ogerpon|8\/100\n|-damage|p2b: yiiiippppeeee|24\/100\n|\n|-weather|Snow|[upkeep]\n|-heal|p2b: yiiiippppeeee|30\/100|[from] item: Leftovers\n|upkeep\n|turn|8\n|\n|t:|1699639440\n|switch|p1b: Extra Spicy|Garchomp, M|32\/100\n|-terastallize|p1a: Cold Shoulder|Water\n|move|p2a: Ogerpon|Horn Leech|p1b: Extra Spicy\n|-damage|p1b: Extra Spicy|8\/100\n|-heal|p2a: Ogerpon|23\/100|[from] drain|[of] p1b: Extra Spicy\n|-damage|p2a: Ogerpon|10\/100|[from] ability: Rough Skin|[of] p1b: Extra Spicy\n|-damage|p2a: Ogerpon|0 fnt|[from] item: Rocky Helmet|[of] p1b: Extra Spicy\n|faint|p2a: Ogerpon\n|move|p2b: yiiiippppeeee|Icy Wind|p1a: Cold Shoulder|[spread] p1a,p1b\n|-resisted|p1a: Cold Shoulder\n|-supereffective|p1b: Extra Spicy\n|-damage|p1a: Cold Shoulder|84\/100\n|-damage|p1b: Extra Spicy|0 fnt\n|-unboost|p1a: Cold Shoulder|spe|1\n|-status|p1a: Cold Shoulder|tox|[from] ability: Toxic Chain|[of] p2b: yiiiippppeeee\n|faint|p1b: Extra Spicy\n|move|p1a: Cold Shoulder|Blizzard|p2b: yiiiippppeeee\n|-damage|p2b: yiiiippppeeee|0 fnt\n|faint|p2b: yiiiippppeeee\n|\n|-weather|Snow|[upkeep]\n|-damage|p1a: Cold Shoulder|78\/100 tox|[from] psn\n|upkeep\n|\n|t:|1699639458\n|switch|p2a: Tauros|Tauros-Paldea-Aqua, M|100\/100\n|switch|p2b: Hoopa|Hoopa-Unbound|29\/100\n|switch|p1b: Harmacy|Vaporeon, F|66\/100\n|-ability|p2a: Tauros|Intimidate|boost\n|-unboost|p1a: Cold Shoulder|atk|1\n|-unboost|p1b: Harmacy|atk|1\n|turn|9\n|\n|t:|1699639479\n|switch|p1a: Weather War|Pelipper, F|16\/100\n|-weather|RainDance|[from] ability: Drizzle|[of] p1a: Weather War\n|move|p2a: Tauros|Protect|p2a: Tauros\n|-singleturn|p2a: Tauros|Protect\n|move|p2b: Hoopa|Gunk Shot|p1a: Weather War\n|-damage|p1a: Weather War|0 fnt\n|faint|p1a: Weather War\n|move|p1b: Harmacy|Icy Wind|p2b: Hoopa|[spread] p2b\n|-activate|p2a: Tauros|move: Protect\n|-damage|p2b: Hoopa|21\/100\n|-unboost|p2b: Hoopa|spe|1\n|\n|-weather|RainDance|[upkeep]\n|-heal|p2b: Hoopa|27\/100|[from] item: Leftovers\n|upkeep\n|\n|t:|1699639492\n|switch|p1a: Cold Shoulder|Abomasnow, M, shiny, tera:Water|78\/100 tox\n|-weather|Snow|[from] ability: Snow Warning|[of] p1a: Cold Shoulder\n|turn|10\n|\n|t:|1699639510\n|move|p2a: Tauros|Close Combat|p1a: Cold Shoulder\n|-damage|p1a: Cold Shoulder|27\/100 tox\n|-unboost|p2a: Tauros|def|1\n|-unboost|p2a: Tauros|spd|1\n|move|p1a: Cold Shoulder|Giga Drain|p2a: Tauros\n|-supereffective|p2a: Tauros\n|-damage|p2a: Tauros|0 fnt\n|-heal|p1a: Cold Shoulder|68\/100 tox|[from] drain|[of] p2a: Tauros\n|faint|p2a: Tauros\n|move|p1b: Harmacy|Copycat|p1b: Harmacy\n|move|p1b: Harmacy|Giga Drain|p2b: Hoopa|[from]move: Copycat\n|-damage|p2b: Hoopa|13\/100\n|-heal|p1b: Harmacy|71\/100|[from] drain|[of] p2b: Hoopa\n|move|p2b: Hoopa|Hyperspace Fury|p1a: Cold Shoulder\n|-crit|p1a: Cold Shoulder\n|-damage|p1a: Cold Shoulder|0 fnt\n|-unboost|p2b: Hoopa|def|1\n|faint|p1a: Cold Shoulder\n|\n|-weather|Snow|[upkeep]\n|-heal|p2b: Hoopa|19\/100|[from] item: Leftovers\n|upkeep\n|\n|t:|1699639540\n|switch|p2a: Walking Wake|Walking Wake|94\/100\n|switch|p1a: ThcrThnSnkr|Tyranitar, F|84\/100\n|-weather|Sandstorm|[from] ability: Sand Stream|[of] p1a: ThcrThnSnkr\n|turn|11\n|\n|t:|1699639563\n|move|p2a: Walking Wake|Hydro Steam|p1a: ThcrThnSnkr\n|-supereffective|p1a: ThcrThnSnkr\n|-damage|p1a: ThcrThnSnkr|58\/100\n|move|p1a: ThcrThnSnkr|Rock Slide|p2b: Hoopa|[spread] p2a,p2b\n|-damage|p2a: Walking Wake|65\/100\n|-damage|p2b: Hoopa|0 fnt\n|faint|p2b: Hoopa\n|move|p1b: Harmacy|Copycat|p1b: Harmacy\n|move|p1b: Harmacy|Rock Slide|p2a: Walking Wake|[from]move: Copycat\n|-damage|p2a: Walking Wake|57\/100\n|\n|-weather|Sandstorm|[upkeep]\n|-damage|p2a: Walking Wake|50\/100|[from] Sandstorm\n|-damage|p1b: Harmacy|65\/100|[from] Sandstorm\n|upkeep\n|turn|12\n|\n|t:|1699639577\n|move|p2a: Walking Wake|Hydro Steam|p1a: ThcrThnSnkr\n|-supereffective|p1a: ThcrThnSnkr\n|-damage|p1a: ThcrThnSnkr|32\/100\n|move|p1a: ThcrThnSnkr|Knock Off|p2a: Walking Wake\n|-damage|p2a: Walking Wake|17\/100\n|move|p1b: Harmacy|Icy Wind|p2a: Walking Wake\n|-damage|p2a: Walking Wake|2\/100\n|-unboost|p2a: Walking Wake|spe|1\n|\n|-weather|Sandstorm|[upkeep]\n|-damage|p2a: Walking Wake|0 fnt|[from] Sandstorm\n|-damage|p1b: Harmacy|59\/100|[from] Sandstorm\n|faint|p2a: Walking Wake\n|-end|p2a: Walking Wake|Protosynthesis|[silent]\n|\n|win|mikeyuwu\n|upkeep\n|raw|mikeyuwu's rating: 1257 &rarr; <strong>1280<\/strong><br \/>(+23 for winning)\n|raw|palkiafanboy69's rating: 1227 &rarr; <strong>1204<\/strong><br \/>(-23 for losing)\n|l|\u2606palkiafanboy69\n","uploadtime":1699639706,"views":6,"p1id":"mikeyuwu","p2id":"palkiafanboy69","formatid":"gen9doublesou","rating":1204,"private":0,"password":""}