{"id":"gen9doublesou-1979700414","p1":"jetixs","p2":"UserGuest2171069","format":"[Gen 9] Doubles OU","log":"|j|\u2606jetixs\n|j|\u2606UserGuest2171069\n|t:|1698704533\n|gametype|doubles\n|player|p1|jetixs|169|1133\n|player|p2|UserGuest2171069|rancher|1027\n|teamsize|p1|6\n|teamsize|p2|6\n|gen|9\n|tier|[Gen 9] Doubles OU\n|rated|\n|rule|Species Clause: Limit one of each Pok\u00e9mon\n|rule|OHKO Clause: OHKO moves are banned\n|rule|Evasion Moves Clause: Evasion moves are banned\n|rule|Gravity Sleep Clause: The combination of sleep-inducing moves with imperfect accuracy and Gravity or Gigantamax Orbeetle are banned\n|rule|Endless Battle Clause: Forcing endless battles is banned\n|rule|HP Percentage Mod: HP is shown in percentages\n|clearpoke\n|poke|p1|Squawkabilly-Blue, M|\n|poke|p1|Armarouge, M|\n|poke|p1|Empoleon, M|\n|poke|p1|Gastrodon, F|\n|poke|p1|Flutter Mane|\n|poke|p1|Indeedee-F, F|\n|poke|p2|Gliscor, M|\n|poke|p2|Amoonguss, M|\n|poke|p2|Ogerpon-Hearthflame, F|\n|poke|p2|Flutter Mane|\n|poke|p2|Clefable, F|\n|poke|p2|Garganacl, M|\n|teampreview\n|inactive|Battle timer is ON: inactive players will automatically lose when time's up. (requested by UserGuest2171069)\n|\n|t:|1698704539\n|start\n|switch|p1a: Indeedee|Indeedee-F, F|100\/100\n|switch|p1b: Squawkabilly|Squawkabilly-Blue, M|100\/100\n|switch|p2a: Gliscor|Gliscor, M|100\/100\n|switch|p2b: Amoonguss|Amoonguss, M|100\/100\n|-ability|p1b: Squawkabilly|Intimidate|boost\n|-unboost|p2a: Gliscor|atk|1\n|-unboost|p2b: Amoonguss|atk|1\n|-fieldstart|move: Psychic Terrain|[from] ability: Psychic Surge|[of] p1a: Indeedee\n|turn|1\n|\n|t:|1698704564\n|move|p1b: Squawkabilly|Parting Shot|p2a: Gliscor\n|-unboost|p2a: Gliscor|atk|1\n|-unboost|p2a: Gliscor|spa|1\n|\n|t:|1698704571\n|switch|p1b: Empoleon|Empoleon, M|100\/100|[from] Parting Shot\n|move|p2a: Gliscor|Knock Off|p1b: Empoleon\n|-crit|p1b: Empoleon\n|-damage|p1b: Empoleon|72\/100\n|-enditem|p1b: Empoleon|Assault Vest|[from] move: Knock Off|[of] p2a: Gliscor\n|move|p2b: Amoonguss|Toxic|p2a: Gliscor\n|-status|p2a: Gliscor|tox\n|move|p1a: Indeedee|Trick Room|p1a: Indeedee\n|-fieldstart|move: Trick Room|[of] p1a: Indeedee\n|\n|upkeep\n|turn|2\n|\n|t:|1698704589\n|move|p1a: Indeedee|Follow Me|p1a: Indeedee\n|-singleturn|p1a: Indeedee|move: Follow Me\n|move|p2b: Amoonguss|Spore|p1a: Indeedee\n|-status|p1a: Indeedee|slp|[from] move: Spore\n|move|p1b: Empoleon|Ice Beam|p2a: Gliscor\n|-supereffective|p2a: Gliscor\n|-damage|p2a: Gliscor|0 fnt\n|faint|p2a: Gliscor\n|\n|upkeep\n|\n|t:|1698704599\n|switch|p2a: Clefable|Clefable, F|100\/100\n|turn|3\n|inactive|jetixs has 120 seconds left.\n|\n|t:|1698704633\n|cant|p1a: Indeedee|slp\n|move|p2b: Amoonguss|Spore|p1b: Empoleon\n|-status|p1b: Empoleon|slp|[from] move: Spore\n|move|p2a: Clefable|Cosmic Power|p2a: Clefable\n|-boost|p2a: Clefable|def|1\n|-boost|p2a: Clefable|spd|1\n|cant|p1b: Empoleon|slp\n|\n|upkeep\n|turn|4\n|\n|t:|1698704644\n|cant|p1a: Indeedee|slp\n|move|p2b: Amoonguss|Giga Drain|p1b: Empoleon\n|-damage|p1b: Empoleon|51\/100 slp\n|cant|p1b: Empoleon|slp\n|move|p2a: Clefable|Cosmic Power|p2a: Clefable\n|-boost|p2a: Clefable|def|1\n|-boost|p2a: Clefable|spd|1\n|\n|upkeep\n|turn|5\n|\n|t:|1698704655\n|switch|p1a: Gastrodon|Gastrodon, F|100\/100\n|move|p2b: Amoonguss|Sludge Bomb|p1a: Gastrodon\n|-resisted|p1a: Gastrodon\n|-damage|p1a: Gastrodon|88\/100\n|-curestatus|p1b: Empoleon|slp|[msg]\n|move|p1b: Empoleon|Surf|p2a: Clefable|[spread] p2a,p2b\n|-ability|p1a: Gastrodon|Storm Drain|boost\n|-boost|p1a: Gastrodon|spa|1\n|-resisted|p2b: Amoonguss\n|-damage|p2a: Clefable|90\/100\n|-damage|p2b: Amoonguss|91\/100\n|move|p2a: Clefable|Cosmic Power|p2a: Clefable\n|-boost|p2a: Clefable|def|1\n|-boost|p2a: Clefable|spd|1\n|\n|-heal|p2b: Amoonguss|98\/100|[from] item: Black Sludge\n|-heal|p1a: Gastrodon|94\/100|[from] item: Leftovers\n|-heal|p2a: Clefable|96\/100|[from] item: Leftovers\n|-fieldend|move: Trick Room\n|upkeep\n|turn|6\n|\n|t:|1698704674\n|-terastallize|p1a: Gastrodon|Poison\n|move|p2a: Clefable|Cosmic Power|p2a: Clefable\n|-boost|p2a: Clefable|def|1\n|-boost|p2a: Clefable|spd|1\n|move|p1b: Empoleon|Flash Cannon|p2a: Clefable\n|-supereffective|p2a: Clefable\n|-damage|p2a: Clefable|80\/100\n|move|p1a: Gastrodon|Sludge Bomb|p2a: Clefable\n|-supereffective|p2a: Clefable\n|-damage|p2a: Clefable|52\/100\n|move|p2b: Amoonguss|Spore|p1b: Empoleon\n|-status|p1b: Empoleon|slp|[from] move: Spore\n|\n|-heal|p2a: Clefable|58\/100|[from] item: Leftovers\n|-heal|p1a: Gastrodon|99\/100|[from] item: Leftovers\n|-heal|p2b: Amoonguss|100\/100|[from] item: Black Sludge\n|upkeep\n|turn|7\n|\n|t:|1698704693\n|switch|p1b: Indeedee|Indeedee-F, F|100\/100 slp\n|move|p2a: Clefable|Cosmic Power|p2a: Clefable\n|-boost|p2a: Clefable|def|1\n|-boost|p2a: Clefable|spd|1\n|move|p1a: Gastrodon|Sludge Bomb|p2a: Clefable\n|-supereffective|p2a: Clefable\n|-damage|p2a: Clefable|36\/100\n|-status|p2a: Clefable|psn\n|move|p2b: Amoonguss|Spore|p1a: Gastrodon\n|-status|p1a: Gastrodon|slp|[from] move: Spore\n|\n|-heal|p2a: Clefable|42\/100 psn|[from] item: Leftovers\n|-heal|p1a: Gastrodon|100\/100 slp|[from] item: Leftovers\n|upkeep\n|turn|8\n|\n|t:|1698704713\n|cant|p1b: Indeedee|slp\n|move|p2a: Clefable|Cosmic Power|p2a: Clefable\n|-boost|p2a: Clefable|def|1\n|-boost|p2a: Clefable|spd|1\n|cant|p1a: Gastrodon|slp\n|move|p2b: Amoonguss|Giga Drain|p1b: Indeedee\n|-damage|p1b: Indeedee|80\/100 slp\n|\n|-heal|p2a: Clefable|48\/100 psn|[from] item: Leftovers\n|-fieldend|move: Psychic Terrain\n|upkeep\n|turn|9\n|\n|t:|1698704726\n|-curestatus|p1b: Indeedee|slp|[msg]\n|move|p1b: Indeedee|Follow Me|p1b: Indeedee\n|-singleturn|p1b: Indeedee|move: Follow Me\n|move|p2a: Clefable|Moonlight|p2a: Clefable\n|-heal|p2a: Clefable|98\/100 psn\n|-curestatus|p1a: Gastrodon|slp|[msg]\n|move|p1a: Gastrodon|Sludge Bomb|p2a: Clefable\n|-supereffective|p2a: Clefable\n|-damage|p2a: Clefable|79\/100 psn\n|move|p2b: Amoonguss|Sludge Bomb|p1b: Indeedee\n|-damage|p1b: Indeedee|55\/100\n|-status|p1b: Indeedee|psn\n|\n|-heal|p2a: Clefable|85\/100 psn|[from] item: Leftovers\n|-damage|p1b: Indeedee|43\/100 psn|[from] psn\n|upkeep\n|turn|10\n|\n|t:|1698704750\n|move|p1b: Indeedee|Follow Me|p1b: Indeedee\n|-singleturn|p1b: Indeedee|move: Follow Me\n|move|p2a: Clefable|Stored Power|p1b: Indeedee\n|-resisted|p1b: Indeedee\n|-damage|p1b: Indeedee|16\/100 psn\n|move|p1a: Gastrodon|Sludge Bomb|p2a: Clefable\n|-supereffective|p2a: Clefable\n|-damage|p2a: Clefable|68\/100 psn\n|move|p2b: Amoonguss|Sludge Bomb|p1b: Indeedee\n|-damage|p1b: Indeedee|0 fnt\n|faint|p1b: Indeedee\n|\n|-heal|p2a: Clefable|74\/100 psn|[from] item: Leftovers\n|upkeep\n|inactive|jetixs has 120 seconds left.\n|\n|t:|1698704772\n|switch|p1b: Empoleon|Empoleon, M|51\/100 slp\n|turn|11\n|-message|jetixs forfeited.\n|\n|win|UserGuest2171069\n|raw|jetixs's rating: 1133 &rarr; <strong>1101<\/strong><br \/>(-32 for losing)\n|raw|UserGuest2171069's rating: 1027 &rarr; <strong>1074<\/strong><br \/>(+47 for winning)\n|l|\u2606jetixs\n","uploadtime":1698704781,"views":26,"p1id":"jetixs","p2id":"userguest2171069","formatid":"gen9doublesou","rating":1074,"private":0,"password":""}