{"id":"gen9doublesou-1996700483","p1":"brockpewtercitygym","p2":"MeleeAegis","format":"[Gen 9] Doubles OU","log":"|j|\u2606brockpewtercitygym\n|j|\u2606MeleeAegis\n|inactive|Battle timer is ON: inactive players will automatically lose when time's up.\n|t:|1700711492\n|gametype|doubles\n|player|p1|brockpewtercitygym|brock|\n|player|p2|MeleeAegis|colress|\n|teamsize|p1|6\n|teamsize|p2|6\n|gen|9\n|tier|[Gen 9] Doubles OU\n|rated|Tournament battle\n|rule|Species Clause: Limit one of each Pok\u00e9mon\n|rule|OHKO Clause: OHKO moves are banned\n|rule|Evasion Moves Clause: Evasion moves are banned\n|rule|Gravity Sleep Clause: The combination of sleep-inducing moves with imperfect accuracy and Gravity or Gigantamax Orbeetle are banned\n|rule|Endless Battle Clause: Forcing endless battles is banned\n|rule|HP Percentage Mod: HP is shown in percentages\n|clearpoke\n|poke|p1|Fraxure, M|\n|poke|p1|Phantump, F|\n|poke|p1|Bronzor|\n|poke|p1|Shroodle, M|\n|poke|p1|Sinistea|\n|poke|p1|Ducklett, M|\n|poke|p2|Qwilfish-Hisui, F|\n|poke|p2|Bisharp, M|\n|poke|p2|Tadbulb, F|\n|poke|p2|Spoink, M|\n|poke|p2|Gligar, M|\n|poke|p2|Chespin, M|\n|teampreview\n|j|*Lady Monita \u2746\n|inactive|MeleeAegis also wants the timer to be on.\n|j| Mareep Man 1215\n|j|^HEAVY-DUTY B0OTY\n|c|\u2606MeleeAegis|Good luck.\n|j| DabBuster184\n|inactive|brockpewtercitygym has 120 seconds left.\n|c|\u2606brockpewtercitygym|you too\n|\n|t:|1700711535\n|start\n|switch|p1a: Shroodle|Shroodle, M|100\/100\n|switch|p1b: Sinistea|Sinistea|100\/100\n|switch|p2a: Qwilfish|Qwilfish-Hisui, F|100\/100\n|switch|p2b: Tadbulb|Tadbulb, F|100\/100\n|turn|1\n|\n|t:|1700711550\n|move|p2a: Qwilfish|Crunch|p1b: Sinistea\n|-supereffective|p1b: Sinistea\n|-enditem|p1b: Sinistea|Focus Sash\n|-damage|p1b: Sinistea|1\/100\n|move|p1b: Sinistea|Shell Smash|p1b: Sinistea\n|-unboost|p1b: Sinistea|def|1\n|-unboost|p1b: Sinistea|spd|1\n|-boost|p1b: Sinistea|atk|2\n|-boost|p1b: Sinistea|spa|2\n|-boost|p1b: Sinistea|spe|2\n|move|p1a: Shroodle|Gunk Shot|p2b: Tadbulb|[miss]\n|-miss|p1a: Shroodle|p2b: Tadbulb\n|move|p2b: Tadbulb|Rain Dance|p2b: Tadbulb\n|-weather|RainDance\n|\n|-weather|RainDance|[upkeep]\n|upkeep\n|turn|2\n|inactive|MeleeAegis has 120 seconds left.\n|\n|t:|1700711581\n|move|p1a: Shroodle|Encore|p2b: Tadbulb\n|-start|p2b: Tadbulb|Encore\n|move|p2a: Qwilfish|Crunch|p1a: Shroodle\n|-damage|p1a: Shroodle|16\/100\n|-damage|p2a: Qwilfish|84\/100|[from] item: Rocky Helmet|[of] p1a: Shroodle\n|move|p1b: Sinistea|Shadow Ball|p2a: Qwilfish\n|-resisted|p2a: Qwilfish\n|-damage|p2a: Qwilfish|42\/100\n|move|p2b: Tadbulb|Rain Dance||[still]\n|-fail|p2b: Tadbulb\n|\n|-weather|RainDance|[upkeep]\n|upkeep\n|turn|3\n|inactive|MeleeAegis has 120 seconds left.\n|\n|t:|1700711612\n|move|p2a: Qwilfish|Crunch|p1a: Shroodle\n|-damage|p1a: Shroodle|0 fnt\n|-damage|p2a: Qwilfish|25\/100|[from] item: Rocky Helmet|[of] p1a: Shroodle\n|faint|p1a: Shroodle\n|move|p1b: Sinistea|Shadow Ball|p2a: Qwilfish\n|-resisted|p2a: Qwilfish\n|-damage|p2a: Qwilfish|0 fnt\n|faint|p2a: Qwilfish\n|move|p2b: Tadbulb|Rain Dance||[still]\n|-fail|p2b: Tadbulb\n|\n|-weather|RainDance|[upkeep]\n|upkeep\n|\n|t:|1700711629\n|switch|p2a: Chespin|Chespin, M|100\/100\n|switch|p1a: Phantump|Phantump, F|100\/100\n|turn|4\n|\n|t:|1700711655\n|-terastallize|p2a: Chespin|Ghost\n|move|p1b: Sinistea|Stored Power|p2a: Chespin\n|-damage|p2a: Chespin|2\/100\n|move|p2b: Tadbulb|Rain Dance||[still]\n|-fail|p2b: Tadbulb\n|move|p1a: Phantump|Leech Seed|p2b: Tadbulb\n|-start|p2b: Tadbulb|move: Leech Seed\n|move|p2a: Chespin|Curse|p1b: Sinistea\n|-start|p1b: Sinistea|Curse|[of] p2a: Chespin\n|-damage|p2a: Chespin|0 fnt\n|faint|p2a: Chespin\n|\n|-weather|RainDance|[upkeep]\n|-damage|p2b: Tadbulb|88\/100|[from] Leech Seed|[of] p1a: Phantump\n|-damage|p1b: Sinistea|0 fnt|[from] Curse\n|faint|p1b: Sinistea\n|-end|p2b: Tadbulb|Encore\n|upkeep\n|\n|t:|1700711683\n|switch|p1b: Bronzor|Bronzor|100\/100\n|switch|p2a: Bisharp|Bisharp, M|100\/100\n|turn|5\n|\n|t:|1700711703\n|move|p1a: Phantump|Protect|p1a: Phantump\n|-singleturn|p1a: Phantump|Protect\n|move|p2a: Bisharp|Lash Out|p1a: Phantump\n|-activate|p1a: Phantump|move: Protect\n|move|p2b: Tadbulb|Mud Shot|p1a: Phantump\n|-activate|p1a: Phantump|move: Protect\n|move|p1b: Bronzor|Trick Room|p1b: Bronzor\n|-fieldstart|move: Trick Room|[of] p1b: Bronzor\n|\n|-weather|none\n|-damage|p2b: Tadbulb|76\/100|[from] Leech Seed|[of] p1a: Phantump\n|upkeep\n|turn|6\n|\n|t:|1700711719\n|move|p1b: Bronzor|Confuse Ray|p2a: Bisharp\n|-start|p2a: Bisharp|confusion\n|move|p1a: Phantump|Will-O-Wisp|p2a: Bisharp\n|-status|p2a: Bisharp|brn\n|move|p2b: Tadbulb|Mud Shot|p1b: Bronzor\n|-immune|p1b: Bronzor|[from] ability: Levitate\n|-activate|p2a: Bisharp|confusion\n|-damage|p2a: Bisharp|86\/100 brn|[from] confusion\n|\n|-damage|p2b: Tadbulb|64\/100|[from] Leech Seed|[of] p1a: Phantump\n|-damage|p2a: Bisharp|80\/100 brn|[from] brn\n|upkeep\n|turn|7\n|\n|t:|1700711741\n|move|p1b: Bronzor|Rock Slide|p2b: Tadbulb|[spread] p2a,p2b\n|-resisted|p2a: Bisharp\n|-damage|p2a: Bisharp|76\/100 brn\n|-damage|p2b: Tadbulb|53\/100\n|move|p1a: Phantump|Leech Seed|p2a: Bisharp\n|-start|p2a: Bisharp|move: Leech Seed\n|move|p2b: Tadbulb|Muddy Water|p1b: Bronzor|[spread] p1a,p1b\n|-resisted|p1a: Phantump\n|-damage|p1a: Phantump|91\/100\n|-damage|p1b: Bronzor|88\/100\n|-unboost|p1b: Bronzor|accuracy|1\n|-activate|p2a: Bisharp|confusion\n|move|p2a: Bisharp|Lash Out|p1b: Bronzor\n|-supereffective|p1b: Bronzor\n|-damage|p1b: Bronzor|51\/100\n|\n|-damage|p2b: Tadbulb|40\/100|[from] Leech Seed|[of] p1a: Phantump\n|-heal|p1a: Phantump|100\/100|[silent]\n|-damage|p2a: Bisharp|64\/100 brn|[from] Leech Seed|[of] p1a: Phantump\n|-damage|p2a: Bisharp|58\/100 brn|[from] brn\n|upkeep\n|turn|8\n|\n|t:|1700711769\n|move|p1b: Bronzor|Rock Slide|p2a: Bisharp|[spread] p2a\n|-miss|p1b: Bronzor|p2b: Tadbulb\n|-resisted|p2a: Bisharp\n|-damage|p2a: Bisharp|53\/100 brn\n|move|p1a: Phantump|Will-O-Wisp|p2b: Tadbulb\n|-status|p2b: Tadbulb|brn\n|move|p2b: Tadbulb|Muddy Water|p1b: Bronzor|[spread] p1a,p1b\n|-resisted|p1a: Phantump\n|-damage|p1a: Phantump|92\/100\n|-damage|p1b: Bronzor|38\/100\n|-unboost|p1b: Bronzor|accuracy|1\n|-end|p2a: Bisharp|confusion\n|move|p2a: Bisharp|Poison Jab|p1a: Phantump\n|-damage|p1a: Phantump|58\/100\n|\n|-damage|p2b: Tadbulb|28\/100 brn|[from] Leech Seed|[of] p1a: Phantump\n|-heal|p1a: Phantump|72\/100|[silent]\n|-damage|p2a: Bisharp|41\/100 brn|[from] Leech Seed|[of] p1a: Phantump\n|-heal|p1a: Phantump|86\/100|[silent]\n|-damage|p2b: Tadbulb|22\/100 brn|[from] brn\n|-damage|p2a: Bisharp|35\/100 brn|[from] brn\n|upkeep\n|turn|9\n|inactive|MeleeAegis has 120 seconds left.\n|\n|t:|1700711801\n|move|p1b: Bronzor|Confuse Ray|p2a: Bisharp\n|-start|p2a: Bisharp|confusion\n|move|p1a: Phantump|Phantom Force||[still]\n|-prepare|p1a: Phantump|Phantom Force\n|move|p2b: Tadbulb|Muddy Water|p1b: Bronzor|[spread] p1b\n|-miss|p2b: Tadbulb|p1a: Phantump\n|-damage|p1b: Bronzor|25\/100\n|-activate|p2a: Bisharp|confusion\n|move|p2a: Bisharp|Poison Jab|p1a: Phantump|[miss]\n|-miss|p2a: Bisharp|p1a: Phantump\n|\n|-damage|p2b: Tadbulb|10\/100 brn|[from] Leech Seed|[of] p1a: Phantump\n|-heal|p1a: Phantump|99\/100|[silent]\n|-damage|p2a: Bisharp|23\/100 brn|[from] Leech Seed|[of] p1a: Phantump\n|-heal|p1a: Phantump|100\/100|[silent]\n|-damage|p2b: Tadbulb|4\/100 brn|[from] brn\n|-damage|p2a: Bisharp|17\/100 brn|[from] brn\n|-fieldend|move: Trick Room\n|upkeep\n|turn|10\n|c|^HEAVY-DUTY B0OTY|How do u still hit that ray\n|inactive|MeleeAegis has 120 seconds left.\n|c|^HEAVY-DUTY B0OTY|\ud83d\udc80\ud83d\udc80\ud83d\udc80\ud83d\udc80\n|c|\u2606brockpewtercitygym|idk\n|c|\u2606brockpewtercitygym|it was a 60% chance\n|\n|t:|1700711835\n|-activate|p2a: Bisharp|confusion\n|-damage|p2a: Bisharp|3\/100 brn|[from] confusion\n|move|p2b: Tadbulb|Muddy Water|p1a: Phantump|[spread] \n|-miss|p2b: Tadbulb|p1a: Phantump\n|-miss|p2b: Tadbulb|p1b: Bronzor\n|move|p1a: Phantump|Phantom Force|p2a: Bisharp|[from]lockedmove\n|-resisted|p2a: Bisharp\n|-damage|p2a: Bisharp|0 fnt\n|faint|p2a: Bisharp\n|move|p1b: Bronzor|Gyro Ball|p2b: Tadbulb|[miss]\n|-miss|p1b: Bronzor|p2b: Tadbulb\n|\n|-damage|p2b: Tadbulb|0 fnt|[from] Leech Seed|[of] p1a: Phantump\n|faint|p2b: Tadbulb\n|upkeep\n|\n|t:|1700711851\n|switch|p2a: Spoink|Spoink, M|100\/100\n|switch|p2b: Gligar|Gligar, M|100\/100\n|turn|11\n|c|^HEAVY-DUTY B0OTY|With 36%\n|inactive|MeleeAegis has 120 seconds left.\n|\n|t:|1700711878\n|move|p2b: Gligar|Acrobatics|p1a: Phantump\n|-supereffective|p1a: Phantump\n|-damage|p1a: Phantump|0 fnt\n|faint|p1a: Phantump\n|move|p2a: Spoink|Body Slam|p1b: Bronzor\n|-resisted|p1b: Bronzor\n|-damage|p1b: Bronzor|22\/100\n|-status|p1b: Bronzor|par\n|move|p1b: Bronzor|Confuse Ray|p2b: Gligar\n|-start|p2b: Gligar|confusion\n|\n|upkeep\n|\n|t:|1700711890\n|switch|p1a: Fraxure|Fraxure, M|100\/100\n|-ability|p1a: Fraxure|Mold Breaker\n|turn|12\n|c|^HEAVY-DUTY B0OTY|Insane luck\n|\n|t:|1700711903\n|move|p1a: Fraxure|First Impression|p2a: Spoink\n|-supereffective|p2a: Spoink\n|-crit|p2a: Spoink\n|-damage|p2a: Spoink|0 fnt\n|faint|p2a: Spoink\n|-activate|p2b: Gligar|confusion\n|move|p2b: Gligar|Acrobatics|p1a: Fraxure\n|-damage|p1a: Fraxure|53\/100\n|move|p1b: Bronzor|Trick Room|p1b: Bronzor\n|-fieldstart|move: Trick Room|[of] p1b: Bronzor\n|\n|upkeep\n|turn|13\n|c|\u2606MeleeAegis|Gg\n|c|\u2606brockpewtercitygym|gg\n|\n|t:|1700711925\n|move|p1b: Bronzor|Rock Slide|p2b: Gligar\n|-damage|p2b: Gligar|88\/100\n|move|p1a: Fraxure|Outrage|p2b: Gligar\n|-damage|p2b: Gligar|13\/100\n|-activate|p2b: Gligar|confusion\n|move|p2b: Gligar|Acrobatics|p1a: Fraxure\n|-damage|p1a: Fraxure|7\/100\n|\n|upkeep\n|turn|14\n|c|\u2606brockpewtercitygym|how do I keep hitting\n|c|\u2606brockpewtercitygym|I am getting so lucky\n|\n|t:|1700711942\n|move|p1b: Bronzor|Gyro Ball|p2b: Gligar|[miss]\n|-miss|p1b: Bronzor|p2b: Gligar\n|move|p1a: Fraxure|Outrage|p2b: Gligar|[from]lockedmove\n|-damage|p2b: Gligar|0 fnt\n|faint|p2b: Gligar\n|\n|win|brockpewtercitygym\n|n|\u2606brockpewtercitygym|brockpewtercitygym\n|n|\u2606MeleeAegis|meleeaegis\n|n|*Lady Monita \u2746|ladymonita\n|n| Mareep Man 1215|mareepman1215\n|n| HEAVY-DUTY B0OTY|heavydutyb0oty\n|n| DabBuster184|dabbuster184\n","uploadtime":1700711943,"views":9,"p1id":"brockpewtercitygym","p2id":"meleeaegis","formatid":"gen9doublesou","rating":0,"private":0,"password":""}