{"id":"gen9doublesou-1985730688","p1":"Joecheve13","p2":"FerssTheBoss","format":"[Gen 9] Doubles OU","log":"|j|\u2606Joecheve13\n|j|\u2606FerssTheBoss\n|t:|1699400192\n|gametype|doubles\n|player|p1|Joecheve13|pokemaniac|1523\n|player|p2|FerssTheBoss|volkner|1459\n|teamsize|p1|6\n|teamsize|p2|6\n|gen|9\n|tier|[Gen 9] Doubles OU\n|rated|\n|rule|Species Clause: Limit one of each Pok\u00e9mon\n|rule|OHKO Clause: OHKO moves are banned\n|rule|Evasion Moves Clause: Evasion moves are banned\n|rule|Gravity Sleep Clause: The combination of sleep-inducing moves with imperfect accuracy and Gravity or Gigantamax Orbeetle are banned\n|rule|Endless Battle Clause: Forcing endless battles is banned\n|rule|HP Percentage Mod: HP is shown in percentages\n|clearpoke\n|poke|p1|Pelipper, M|\n|poke|p1|Landorus, M|\n|poke|p1|Volcanion|\n|poke|p1|Tinkaton, F|\n|poke|p1|Grimmsnarl, M|\n|poke|p1|Dragonite, M|\n|poke|p2|Indeedee, M|\n|poke|p2|Vaporeon, M|\n|poke|p2|Hoopa-Unbound|\n|poke|p2|Amoonguss, M|\n|poke|p2|Pawmot, M|\n|poke|p2|Ceruledge, M|\n|teampreview\n|inactive|Battle timer is ON: inactive players will automatically lose when time's up. (requested by FerssTheBoss)\n|\n|t:|1699400234\n|start\n|switch|p1a: Landorus|Landorus, M|100\/100\n|switch|p1b: Pelipper|Pelipper, M|100\/100\n|switch|p2a: Amoonguss|Amoonguss, M|100\/100\n|switch|p2b: Pawmot|Pawmot, M, shiny|100\/100\n|-weather|RainDance|[from] ability: Drizzle|[of] p1b: Pelipper\n|turn|1\n|inactive|FerssTheBoss has 120 seconds left.\n|\n|t:|1699400280\n|-terastallize|p2a: Amoonguss|Water\n|move|p1a: Landorus|Protect|p1a: Landorus\n|-singleturn|p1a: Landorus|Protect\n|move|p1b: Pelipper|Protect|p1b: Pelipper\n|-singleturn|p1b: Pelipper|Protect\n|move|p2b: Pawmot|Fake Out|p1a: Landorus\n|-activate|p1a: Landorus|move: Protect\n|move|p2a: Amoonguss|Spore|p1a: Landorus\n|-activate|p1a: Landorus|move: Protect\n|\n|-weather|RainDance|[upkeep]\n|upkeep\n|turn|2\n|inactive|FerssTheBoss has 120 seconds left.\n|inactive|Joecheve13 has 120 seconds left.\n|\n|t:|1699400312\n|switch|p1b: Dragonite|Dragonite, M|100\/100\n|move|p2b: Pawmot|Nuzzle|p1b: Dragonite\n|-damage|p1b: Dragonite|96\/100\n|-status|p1b: Dragonite|par\n|move|p1a: Landorus|Stealth Rock|p2a: Amoonguss\n|-sidestart|p2: FerssTheBoss|move: Stealth Rock\n|move|p2a: Amoonguss|Spore|p1a: Landorus\n|-status|p1a: Landorus|slp|[from] move: Spore\n|\n|-weather|RainDance|[upkeep]\n|upkeep\n|turn|3\n|inactive|Joecheve13 has 120 seconds left.\n|\n|t:|1699400351\n|-terastallize|p1b: Dragonite|Normal\n|cant|p1b: Dragonite|par\n|move|p2b: Pawmot|Rock Tomb|p1a: Landorus\n|-damage|p1a: Landorus|80\/100 slp\n|-unboost|p1a: Landorus|spe|1\n|cant|p1a: Landorus|slp\n|move|p2a: Amoonguss|Giga Drain|p1a: Landorus\n|-damage|p1a: Landorus|47\/100 slp\n|\n|-weather|RainDance|[upkeep]\n|upkeep\n|turn|4\n|\n|t:|1699400366\n|switch|p2a: Indeedee|Indeedee, M|100\/100\n|-damage|p2a: Indeedee|88\/100|[from] Stealth Rock\n|-fieldstart|move: Psychic Terrain|[from] ability: Psychic Surge|[of] p2a: Indeedee\n|move|p1b: Dragonite|Extreme Speed|p2b: Pawmot\n|-activate|p2b: Pawmot|move: Psychic Terrain\n|move|p2b: Pawmot|Rock Tomb|p1a: Landorus\n|-damage|p1a: Landorus|24\/100 slp\n|-unboost|p1a: Landorus|spe|1\n|-curestatus|p1a: Landorus|slp|[msg]\n|move|p1a: Landorus|Sandsear Storm|p2b: Pawmot|[spread] p2a,p2b\n|-supereffective|p2b: Pawmot\n|-damage|p2a: Indeedee|12\/100\n|-enditem|p2b: Pawmot|Focus Sash\n|-damage|p2b: Pawmot|1\/100\n|\n|-weather|RainDance|[upkeep]\n|upkeep\n|turn|5\n|\n|t:|1699400391\n|move|p2b: Pawmot|Brick Break|p1b: Dragonite\n|-supereffective|p1b: Dragonite\n|-damage|p1b: Dragonite|30\/100 par\n|-enditem|p1b: Dragonite|Weakness Policy\n|-boost|p1b: Dragonite|atk|2|[from] item: Weakness Policy\n|-boost|p1b: Dragonite|spa|2|[from] item: Weakness Policy\n|move|p2a: Indeedee|Psychic|p1a: Landorus\n|-damage|p1a: Landorus|0 fnt\n|faint|p1a: Landorus\n|move|p1b: Dragonite|Ice Spinner|p2a: Indeedee\n|-damage|p2a: Indeedee|0 fnt\n|-fieldend|move: Psychic Terrain\n|faint|p2a: Indeedee\n|\n|-weather|none\n|upkeep\n|\n|t:|1699400411\n|switch|p1a: Tinkaton|Tinkaton, F|100\/100\n|switch|p2a: Ceruledge|Ceruledge, M|100\/100\n|-damage|p2a: Ceruledge|76\/100|[from] Stealth Rock\n|turn|6\n|\n|t:|1699400429\n|move|p1a: Tinkaton|Fake Out|p2b: Pawmot\n|-damage|p2b: Pawmot|0 fnt\n|faint|p2b: Pawmot\n|move|p2a: Ceruledge|Bitter Blade|p1b: Dragonite\n|-damage|p1b: Dragonite|0 fnt\n|-heal|p2a: Ceruledge|95\/100|[from] drain|[of] p1b: Dragonite\n|faint|p1b: Dragonite\n|\n|upkeep\n|\n|t:|1699400439\n|switch|p2b: Amoonguss|Amoonguss, M, tera:Water|100\/100\n|switch|p1b: Grimmsnarl|Grimmsnarl, M|100\/100\n|-damage|p2b: Amoonguss|88\/100|[from] Stealth Rock\n|turn|7\n|\n|t:|1699400459\n|move|p1b: Grimmsnarl|Swagger|p1a: Tinkaton\n|-boost|p1a: Tinkaton|atk|2\n|-immune|p1a: Tinkaton|confusion|[from] ability: Own Tempo\n|move|p2a: Ceruledge|Bitter Blade|p1a: Tinkaton\n|-supereffective|p1a: Tinkaton\n|-damage|p1a: Tinkaton|0 fnt\n|-heal|p2a: Ceruledge|100\/100|[from] drain|[of] p1a: Tinkaton\n|faint|p1a: Tinkaton\n|move|p2b: Amoonguss|Spore|p1b: Grimmsnarl\n|-status|p1b: Grimmsnarl|slp|[from] move: Spore\n|\n|upkeep\n|-message|Joecheve13 forfeited.\n|\n|win|FerssTheBoss\n|raw|Joecheve13's rating: 1544 &rarr; <strong>1519<\/strong><br \/>(-25 for losing)\n|raw|FerssTheBoss's rating: 1459 &rarr; <strong>1484<\/strong><br \/>(+25 for winning)\n|l|\u2606Joecheve13\n","uploadtime":1699400478,"views":9,"p1id":"joecheve13","p2id":"fersstheboss","formatid":"gen9doublesou","rating":1484,"private":0,"password":""}