{"id":"gen9doublesou-1987799262","p1":"pedrotic","p2":"Martin80","format":"[Gen 9] Doubles OU","log":"|j|\u2606pedrotic\n|j|\u2606Martin80\n|t:|1699637940\n|gametype|doubles\n|player|p1|pedrotic|wallace|1199\n|player|p2|Martin80|steven|1134\n|teamsize|p1|6\n|teamsize|p2|6\n|gen|9\n|tier|[Gen 9] Doubles OU\n|rated|\n|rule|Species Clause: Limit one of each Pok\u00e9mon\n|rule|OHKO Clause: OHKO moves are banned\n|rule|Evasion Moves Clause: Evasion moves are banned\n|rule|Gravity Sleep Clause: The combination of sleep-inducing moves with imperfect accuracy and Gravity or Gigantamax Orbeetle are banned\n|rule|Endless Battle Clause: Forcing endless battles is banned\n|rule|HP Percentage Mod: HP is shown in percentages\n|clearpoke\n|poke|p1|Palafin, M|\n|poke|p1|Cresselia, F|\n|poke|p1|Oricorio-Pom-Pom, M|\n|poke|p1|Sinistcha-Masterpiece|\n|poke|p1|Volcarona, M|\n|poke|p1|Sylveon, M|\n|poke|p2|Garganacl, F|\n|poke|p2|Tinkaton, F|\n|poke|p2|Lokix, F|\n|poke|p2|Quaquaval, F|\n|poke|p2|Arboliva, F|\n|poke|p2|Ceruledge, F|\n|teampreview\n|inactive|Battle timer is ON: inactive players will automatically lose when time's up. (requested by Martin80)\n|\n|t:|1699637964\n|start\n|switch|p1a: Palafin|Palafin, M, shiny|100\/100\n|switch|p1b: Volcarona|Volcarona, M|100\/100\n|switch|p2a: Tinkaton|Tinkaton, F, shiny|100\/100\n|switch|p2b: Ceruledge|Ceruledge, F, shiny|100\/100\n|-ability|p2a: Tinkaton|Mold Breaker\n|turn|1\n|\n|t:|1699637983\n|move|p2a: Tinkaton|Fake Out|p1a: Palafin\n|-damage|p1a: Palafin|89\/100\n|cant|p1a: Palafin|flinch\n|move|p1b: Volcarona|Quiver Dance|p1b: Volcarona\n|-boost|p1b: Volcarona|spa|1\n|-boost|p1b: Volcarona|spd|1\n|-boost|p1b: Volcarona|spe|1\n|move|p2b: Ceruledge|Swords Dance|p2b: Ceruledge\n|-boost|p2b: Ceruledge|atk|2\n|\n|upkeep\n|turn|2\n|\n|t:|1699638006\n|detailschange|p1a: Palafin|Palafin-Hero, M, shiny\n|switch|p1a: Oricorio|Oricorio-Pom-Pom, M|100\/100\n|move|p2a: Tinkaton|Helping Hand|p2b: Ceruledge\n|-singleturn|p2b: Ceruledge|Helping Hand|[of] p2a: Tinkaton\n|move|p2b: Ceruledge|Shadow Sneak|p1a: Oricorio\n|-damage|p1a: Oricorio|26\/100\n|move|p1b: Volcarona|Fiery Dance|p2b: Ceruledge\n|-resisted|p2b: Ceruledge\n|-damage|p2b: Ceruledge|68\/100\n|-boost|p1b: Volcarona|spa|1\n|-activate|p1a: Oricorio|ability: Dancer\n|move|p1a: Oricorio|Fiery Dance|p2b: Ceruledge|[from]ability: Dancer\n|-resisted|p2b: Ceruledge\n|-damage|p2b: Ceruledge|58\/100\n|\n|-heal|p1a: Oricorio|32\/100|[from] item: Leftovers\n|upkeep\n|turn|3\n|inactive|pedrotic has 120 seconds left.\n|\n|t:|1699638046\n|move|p2b: Ceruledge|Shadow Sneak|p1a: Oricorio\n|-damage|p1a: Oricorio|0 fnt\n|faint|p1a: Oricorio\n|move|p1b: Volcarona|Fiery Dance|p2a: Tinkaton\n|-supereffective|p2a: Tinkaton\n|-damage|p2a: Tinkaton|0 fnt\n|-boost|p1b: Volcarona|spa|1\n|faint|p2a: Tinkaton\n|\n|upkeep\n|\n|t:|1699638058\n|switch|p2a: Jolyne|Quaquaval, F, shiny|100\/100\n|switch|p1a: Palafin|Palafin-Hero, M, shiny|89\/100\n|-activate|p1a: Palafin|ability: Zero to Hero\n|turn|4\n|\n|t:|1699638079\n|-terastallize|p1a: Palafin|Water\n|-terastallize|p2b: Ceruledge|Grass\n|move|p1a: Palafin|Jet Punch|p2b: Ceruledge\n|-resisted|p2b: Ceruledge\n|-damage|p2b: Ceruledge|27\/100\n|-ability|p2b: Ceruledge|Weak Armor|boost\n|-unboost|p2b: Ceruledge|def|1\n|-boost|p2b: Ceruledge|spe|2\n|move|p2b: Ceruledge|Bitter Blade|p1b: Volcarona\n|-damage|p1b: Volcarona|0 fnt\n|-heal|p2b: Ceruledge|84\/100|[from] drain|[of] p1b: Volcarona\n|-status|p2b: Ceruledge|brn|[from] ability: Flame Body|[of] p1b: Volcarona\n|faint|p1b: Volcarona\n|move|p2a: Jolyne|Swords Dance|p2a: Jolyne\n|-boost|p2a: Jolyne|atk|2\n|\n|-damage|p2b: Ceruledge|78\/100 brn|[from] brn\n|upkeep\n|inactive|pedrotic has 120 seconds left.\n|\n|t:|1699638107\n|switch|p1b: Sylveon|Sylveon, M, shiny|100\/100\n|turn|5\n|\n|t:|1699638128\n|move|p1a: Palafin|Jet Punch|p2a: Jolyne\n|-resisted|p2a: Jolyne\n|-damage|p2a: Jolyne|64\/100\n|move|p2b: Ceruledge|Bitter Blade|p1b: Sylveon\n|-damage|p1b: Sylveon|48\/100\n|-heal|p2b: Ceruledge|100\/100 brn|[from] drain|[of] p1b: Sylveon\n|move|p2a: Jolyne|Aqua Step|p1b: Sylveon\n|-damage|p1b: Sylveon|0 fnt\n|-boost|p2a: Jolyne|spe|1\n|faint|p1b: Sylveon\n|-ability|p2a: Jolyne|Moxie|boost\n|-boost|p2a: Jolyne|atk|1\n|\n|-damage|p2b: Ceruledge|94\/100 brn|[from] brn\n|upkeep\n|inactive|pedrotic has 120 seconds left.\n|\n|t:|1699638156\n|switch|p1b: Sinistcha|Sinistcha-Masterpiece, shiny|100\/100\n|-heal|p1a: Palafin|100\/100|[from] ability: Hospitality|[of] p1b: Sinistcha\n|turn|6\n|inactive|pedrotic has 120 seconds left.\n|\n|t:|1699638180\n|switch|p1a: Cresselia|Cresselia, F|100\/100\n|move|p2b: Ceruledge|Bitter Blade|p1b: Sinistcha\n|-supereffective|p1b: Sinistcha\n|-damage|p1b: Sinistcha|0 fnt\n|-heal|p2b: Ceruledge|100\/100 brn|[from] drain|[of] p1b: Sinistcha\n|faint|p1b: Sinistcha\n|move|p2a: Jolyne|Aqua Step|p1a: Cresselia\n|-damage|p1a: Cresselia|25\/100\n|-boost|p2a: Jolyne|spe|1\n|-enditem|p1a: Cresselia|Sitrus Berry|[eat]\n|-heal|p1a: Cresselia|50\/100|[from] item: Sitrus Berry\n|\n|-damage|p2b: Ceruledge|94\/100 brn|[from] brn\n|upkeep\n|\n|t:|1699638198\n|switch|p1b: Palafin|Palafin-Hero, M, shiny, tera:Water|100\/100\n|turn|7\n|inactive|pedrotic has 120 seconds left.\n|\n|t:|1699638217\n|move|p2b: Ceruledge|Shadow Sneak|p1b: Palafin\n|-damage|p1b: Palafin|80\/100\n|move|p2a: Jolyne|Aqua Step|p1a: Cresselia\n|-damage|p1a: Cresselia|0 fnt\n|-boost|p2a: Jolyne|spe|1\n|faint|p1a: Cresselia\n|-ability|p2a: Jolyne|Moxie|boost\n|-boost|p2a: Jolyne|atk|1\n|move|p1b: Palafin|Zen Headbutt|p2b: Ceruledge\n|-damage|p2b: Ceruledge|23\/100 brn\n|-ability|p2b: Ceruledge|Weak Armor|boost\n|-unboost|p2b: Ceruledge|def|1\n|-boost|p2b: Ceruledge|spe|2\n|\n|-damage|p2b: Ceruledge|17\/100 brn|[from] brn\n|upkeep\n|turn|8\n|\n|t:|1699638242\n|move|p2b: Ceruledge|Bitter Blade|p1b: Palafin\n|-resisted|p1b: Palafin\n|-damage|p1b: Palafin|55\/100\n|-heal|p2b: Ceruledge|30\/100 brn|[from] drain|[of] p1b: Palafin\n|move|p2a: Jolyne|Close Combat|p1b: Palafin\n|-damage|p1b: Palafin|0 fnt\n|-unboost|p2a: Jolyne|def|1\n|-unboost|p2a: Jolyne|spd|1\n|faint|p1b: Palafin\n|\n|win|Martin80\n|raw|pedrotic's rating: 1199 &rarr; <strong>1169<\/strong><br \/>(-30 for losing)\n|raw|Martin80's rating: 1134 &rarr; <strong>1164<\/strong><br \/>(+30 for winning)\n","uploadtime":1699638254,"views":9,"p1id":"pedrotic","p2id":"martin80","formatid":"gen9doublesou","rating":1164,"private":0,"password":""}