{"id":"gen9doublesou-1968260437","p1":"Streetside","p2":"RealKirby22","format":"[Gen 9] Doubles OU","log":"|html|<div class=\"broadcast-blue\"><strong>[Gen 9] Doubles OU is currently suspecting Basculegion & Flutter Mane! For information on how to participate check out the <a href=\"https:\/\/www.smogon.com\/forums\/threads\/np-sv-dou-stage-8-double-trouble.3729153\/\">suspect thread<\/a>.<\/strong><\/div>\n|j|\u2606Streetside\n|j|\u2606RealKirby22\n|t:|1697399959\n|gametype|doubles\n|player|p1|Streetside|ghetsis|1095\n|player|p2|RealKirby22|brycen|1040\n|teamsize|p1|6\n|teamsize|p2|6\n|gen|9\n|tier|[Gen 9] Doubles OU\n|rated|\n|rule|Species Clause: Limit one of each Pok\u00e9mon\n|rule|OHKO Clause: OHKO moves are banned\n|rule|Evasion Moves Clause: Evasion moves are banned\n|rule|Gravity Sleep Clause: The combination of sleep-inducing moves with imperfect accuracy and Gravity or Gigantamax Orbeetle are banned\n|rule|Endless Battle Clause: Forcing endless battles is banned\n|rule|HP Percentage Mod: HP is shown in percentages\n|clearpoke\n|poke|p1|Ogerpon-Wellspring, F|\n|poke|p1|Iron Hands|\n|poke|p1|Amoonguss, M|\n|poke|p1|Fezandipiti, M|\n|poke|p1|Sinistcha|\n|poke|p1|Chien-Pao|\n|poke|p2|Clefable, F|\n|poke|p2|Muk-Alola, F|\n|poke|p2|Sinistcha|\n|poke|p2|Grimmsnarl, M|\n|poke|p2|Mew|\n|poke|p2|Clefairy, F|\n|teampreview\n|\n|t:|1697399997\n|start\n|switch|p1a: The Magician|Fezandipiti, M|100\/100\n|switch|p1b: The Fool|Ogerpon-Wellspring, F|100\/100\n|switch|p2a: Clefable|Clefable, F|100\/100\n|switch|p2b: Muk|Muk-Alola, F|100\/100\n|turn|1\n|\n|t:|1697400016\n|-terastallize|p1b: The Fool|Water\n|detailschange|p1b: The Fool|Ogerpon-Wellspring-Tera, F, tera:Water\n|-ability|p1b: The Fool|Embody Aspect (Wellspring)|boost\n|-boost|p1b: The Fool|spd|1\n|move|p1b: The Fool|Follow Me|p1b: The Fool\n|-singleturn|p1b: The Fool|move: Follow Me\n|move|p2a: Clefable|Healing Wish|p2a: Clefable\n|faint|p2a: Clefable\n|-ability|p2b: Muk|Unaware|[from] ability: Power of Alchemy|[of] p2a: Clefable\n|move|p1a: The Magician|Tailwind|p1a: The Magician\n|-sidestart|p1: Streetside|move: Tailwind\n|move|p2b: Muk|Curse|p2b: Muk\n|-unboost|p2b: Muk|spe|1\n|-boost|p2b: Muk|atk|1\n|-boost|p2b: Muk|def|1\n|\n|upkeep\n|\n|t:|1697400034\n|switch|p2a: Grimmsnarl|Grimmsnarl, M|100\/100\n|turn|2\n|\n|t:|1697400045\n|move|p2a: Grimmsnarl|Fake Out|p1b: The Fool\n|-crit|p1b: The Fool\n|-damage|p1b: The Fool|78\/100\n|cant|p1b: The Fool|flinch\n|move|p1a: The Magician|Poison Jab|p2a: Grimmsnarl\n|-supereffective|p2a: Grimmsnarl\n|-damage|p2a: Grimmsnarl|53\/100\n|move|p2b: Muk|Curse|p2b: Muk\n|-unboost|p2b: Muk|spe|1\n|-boost|p2b: Muk|atk|1\n|-boost|p2b: Muk|def|1\n|\n|upkeep\n|turn|3\n|\n|t:|1697400066\n|move|p2a: Grimmsnarl|Reflect|p2a: Grimmsnarl\n|-sidestart|p2: RealKirby22|Reflect\n|move|p1b: The Fool|Ivy Cudgel|p2b: Muk\n|-damage|p2b: Muk|78\/100\n|move|p1a: The Magician|Poison Jab|p2a: Grimmsnarl\n|-supereffective|p2a: Grimmsnarl\n|-damage|p2a: Grimmsnarl|18\/100\n|move|p2b: Muk|Toxic|p1b: The Fool\n|-status|p1b: The Fool|tox\n|\n|-heal|p2b: Muk|84\/100|[from] item: Leftovers\n|-damage|p1b: The Fool|72\/100 tox|[from] psn\n|upkeep\n|turn|4\n|\n|t:|1697400088\n|switch|p1b: The Chariot|Iron Hands|100\/100\n|move|p2b: Muk|Protect|p2b: Muk\n|-singleturn|p2b: Muk|Protect\n|move|p2a: Grimmsnarl|Parting Shot|p1a: The Magician\n|-unboost|p1a: The Magician|atk|1\n|-unboost|p1a: The Magician|spa|1\n|\n|t:|1697400099\n|switch|p2a: Clefairy|Clefairy, F|100\/100|[from] Parting Shot\n|move|p1a: The Magician|Poison Jab|p2a: Clefairy\n|-supereffective|p2a: Clefairy\n|-damage|p2a: Clefairy|73\/100\n|-status|p2a: Clefairy|psn\n|-damage|p1a: The Magician|84\/100|[from] item: Rocky Helmet|[of] p2a: Clefairy\n|\n|-heal|p1a: The Magician|90\/100|[from] item: Black Sludge\n|-heal|p2b: Muk|90\/100|[from] item: Leftovers\n|-damage|p2a: Clefairy|61\/100 psn|[from] psn\n|-sideend|p1: Streetside|move: Tailwind\n|upkeep\n|turn|5\n|\n|t:|1697400121\n|switch|p1a: The Emperor|Chien-Pao|100\/100\n|-ability|p1a: The Emperor|Sword of Ruin\n|move|p1b: The Chariot|Fake Out|p2b: Muk\n|-damage|p2b: Muk|85\/100\n|move|p2a: Clefairy|Life Dew|p2a: Clefairy|[spread] p2a,p2b\n|-heal|p2a: Clefairy|86\/100 psn\n|-heal|p2b: Muk|100\/100\n|cant|p2b: Muk|flinch\n|\n|-damage|p2a: Clefairy|73\/100 psn|[from] psn\n|upkeep\n|turn|6\n|\n|t:|1697400147\n|move|p1a: The Emperor|Ice Spinner|p2b: Muk\n|-damage|p2b: Muk|85\/100\n|-damage|p1a: The Emperor|91\/100|[from] item: Life Orb\n|move|p1b: The Chariot|Wild Charge|p2b: Muk\n|-damage|p2b: Muk|68\/100\n|-damage|p1b: The Chariot|97\/100|[from] Recoil\n|move|p2a: Clefairy|Icy Wind|p1b: The Chariot|[spread] p1a,p1b\n|-resisted|p1a: The Emperor\n|-damage|p1a: The Emperor|86\/100\n|-damage|p1b: The Chariot|93\/100\n|-unboost|p1a: The Emperor|spe|1\n|-unboost|p1b: The Chariot|spe|1\n|move|p2b: Muk|Curse|p2b: Muk\n|-unboost|p2b: Muk|spe|1\n|-boost|p2b: Muk|atk|1\n|-boost|p2b: Muk|def|1\n|\n|-heal|p2b: Muk|74\/100|[from] item: Leftovers\n|-damage|p2a: Clefairy|61\/100 psn|[from] psn\n|upkeep\n|turn|7\n|\n|t:|1697400171\n|switch|p1a: The Hunger|Amoonguss, M, shiny|100\/100\n|move|p2a: Clefairy|Life Dew|p2a: Clefairy|[spread] p2a,p2b\n|-heal|p2a: Clefairy|86\/100 psn\n|-heal|p2b: Muk|99\/100\n|move|p1b: The Chariot|Rock Slide|p2b: Muk|[spread] p2a,p2b\n|-crit|p2a: Clefairy\n|-damage|p2a: Clefairy|48\/100 psn\n|-damage|p2b: Muk|94\/100\n|move|p2b: Muk|Toxic|p1b: The Chariot\n|-status|p1b: The Chariot|tox\n|\n|-heal|p2b: Muk|99\/100|[from] item: Leftovers\n|-damage|p2a: Clefairy|36\/100 psn|[from] psn\n|-damage|p1b: The Chariot|87\/100 tox|[from] psn\n|upkeep\n|turn|8\n|\n|t:|1697400194\n|move|p2a: Clefairy|Follow Me|p2a: Clefairy\n|-singleturn|p2a: Clefairy|move: Follow Me\n|move|p1a: The Hunger|Rage Powder|p1a: The Hunger\n|-singleturn|p1a: The Hunger|move: Rage Powder\n|move|p1b: The Chariot|Rock Slide|p2a: Clefairy|[spread] p2a,p2b\n|-crit|p2a: Clefairy\n|-damage|p2a: Clefairy|0 fnt\n|-damage|p2b: Muk|96\/100\n|faint|p2a: Clefairy\n|move|p2b: Muk|Knock Off|p1a: The Hunger\n|-damage|p1a: The Hunger|7\/100\n|-enditem|p1a: The Hunger|Leftovers|[from] move: Knock Off|[of] p2b: Muk\n|\n|-heal|p2b: Muk|100\/100|[from] item: Leftovers\n|-damage|p1b: The Chariot|75\/100 tox|[from] psn\n|upkeep\n|\n|t:|1697400209\n|switch|p2a: Sinistcha|Sinistcha|100\/100\n|turn|9\n|\n|t:|1697400228\n|move|p1a: The Hunger|Protect|p1a: The Hunger\n|-singleturn|p1a: The Hunger|Protect\n|move|p1b: The Chariot|Rock Slide|p2a: Sinistcha|[spread] p2a,p2b\n|-damage|p2a: Sinistcha|87\/100\n|-damage|p2b: Muk|95\/100\n|cant|p2b: Muk|flinch\n|cant|p2a: Sinistcha|flinch\n|\n|-heal|p2b: Muk|100\/100|[from] item: Leftovers\n|-damage|p1b: The Chariot|56\/100 tox|[from] psn\n|upkeep\n|turn|10\n|\n|t:|1697400258\n|move|p1a: The Hunger|Pollen Puff|p1b: The Chariot\n|-heal|p1b: The Chariot|100\/100 tox\n|move|p1b: The Chariot|Rock Slide|p2b: Muk|[spread] p2b\n|-miss|p1b: The Chariot|p2a: Sinistcha\n|-damage|p2b: Muk|95\/100\n|move|p2b: Muk|Knock Off|p1a: The Hunger\n|-damage|p1a: The Hunger|0 fnt\n|faint|p1a: The Hunger\n|move|p2a: Sinistcha|Trick Room|p2a: Sinistcha\n|-fieldstart|move: Trick Room|[of] p2a: Sinistcha\n|\n|-heal|p2b: Muk|100\/100|[from] item: Leftovers\n|-damage|p1b: The Chariot|76\/100 tox|[from] psn\n|-sideend|p2: RealKirby22|Reflect\n|upkeep\n|\n|t:|1697400274\n|switch|p1a: The Magician|Fezandipiti, M|90\/100\n|turn|11\n|\n|t:|1697400292\n|-end|p1b: The Chariot|Quark Drive|[silent]\n|switch|p1b: The Emperor|Chien-Pao|86\/100\n|-ability|p1b: The Emperor|Sword of Ruin\n|switch|p2a: Grimmsnarl|Grimmsnarl, M|18\/100\n|-heal|p2a: Grimmsnarl|100\/100|[from] move: Healing Wish\n|move|p2b: Muk|Knock Off|p1a: The Magician\n|-resisted|p1a: The Magician\n|-damage|p1a: The Magician|23\/100\n|-enditem|p1a: The Magician|Black Sludge|[from] move: Knock Off|[of] p2b: Muk\n|move|p1a: The Magician|Dazzling Gleam|p2a: Grimmsnarl|[spread] p2a,p2b\n|-supereffective|p2a: Grimmsnarl\n|-damage|p2a: Grimmsnarl|71\/100\n|-damage|p2b: Muk|90\/100\n|\n|-heal|p2b: Muk|96\/100|[from] item: Leftovers\n|upkeep\n|turn|12\n|\n|t:|1697400317\n|switch|p1b: The Lovers|Sinistcha|100\/100\n|-heal|p1a: The Magician|48\/100|[from] ability: Hospitality|[of] p1b: The Lovers\n|move|p2a: Grimmsnarl|Fake Out|p1b: The Lovers\n|-immune|p1b: The Lovers\n|move|p2b: Muk|Knock Off|p1a: The Magician\n|-resisted|p1a: The Magician\n|-damage|p1a: The Magician|12\/100\n|move|p1a: The Magician|Poison Jab|p2a: Grimmsnarl\n|-supereffective|p2a: Grimmsnarl\n|-damage|p2a: Grimmsnarl|25\/100\n|\n|-heal|p2b: Muk|100\/100|[from] item: Leftovers\n|upkeep\n|turn|13\n|\n|t:|1697400335\n|move|p2a: Grimmsnarl|Light Screen|p2a: Grimmsnarl\n|-sidestart|p2: RealKirby22|move: Light Screen\n|move|p2b: Muk|Toxic|p1b: The Lovers\n|-status|p1b: The Lovers|tox\n|move|p1b: The Lovers|Life Dew||[still]|[spread] p1a,p1b\n|-heal|p1a: The Magician|37\/100\n|-fail|p1b: The Lovers|heal\n|move|p1a: The Magician|Poison Jab|p2a: Grimmsnarl\n|-supereffective|p2a: Grimmsnarl\n|-damage|p2a: Grimmsnarl|0 fnt\n|faint|p2a: Grimmsnarl\n|\n|-damage|p1b: The Lovers|94\/100 tox|[from] psn\n|upkeep\n|\n|t:|1697400349\n|switch|p2a: Mew|Mew|100\/100\n|turn|14\n|\n|t:|1697400364\n|move|p2a: Mew|Protect|p2a: Mew\n|-singleturn|p2a: Mew|Protect\n|move|p2b: Muk|Knock Off|p1b: The Lovers\n|-supereffective|p1b: The Lovers\n|-damage|p1b: The Lovers|0 fnt\n|-enditem|p1b: The Lovers|Shell Bell|[from] move: Knock Off|[of] p2b: Muk\n|faint|p1b: The Lovers\n|move|p1a: The Magician|Dazzling Gleam|p2a: Mew|[spread] p2b\n|-activate|p2a: Mew|move: Protect\n|-damage|p2b: Muk|93\/100\n|\n|-heal|p2b: Muk|99\/100|[from] item: Leftovers\n|-fieldend|move: Trick Room\n|upkeep\n|\n|t:|1697400381\n|switch|p1b: The Chariot|Iron Hands|76\/100 tox\n|turn|15\n|\n|t:|1697400394\n|move|p1b: The Chariot|Fake Out|p2b: Muk\n|-damage|p2b: Muk|93\/100\n|move|p2a: Mew|Transform|p2b: Muk\n|-transform|p2a: Mew|p2b: Muk\n|move|p1a: The Magician|Dazzling Gleam|p2a: Mew|[spread] p2a,p2b\n|-damage|p2a: Mew|93\/100\n|-damage|p2b: Muk|86\/100\n|cant|p2b: Muk|flinch\n|\n|-heal|p2b: Muk|92\/100|[from] item: Leftovers\n|-damage|p1b: The Chariot|70\/100 tox|[from] psn\n|upkeep\n|turn|16\n|\n|t:|1697400415\n|move|p1a: The Magician|Dazzling Gleam|p2b: Muk|[spread] p2a,p2b\n|-damage|p2a: Mew|86\/100\n|-damage|p2b: Muk|85\/100\n|move|p1b: The Chariot|Rock Slide|p2b: Muk|[spread] p2a,p2b\n|-crit|p2a: Mew\n|-damage|p2a: Mew|54\/100\n|-damage|p2b: Muk|76\/100\n|move|p2a: Mew|Knock Off|p1a: The Magician\n|-resisted|p1a: The Magician\n|-damage|p1a: The Magician|2\/100\n|move|p2b: Muk|Knock Off|p1a: The Magician\n|-resisted|p1a: The Magician\n|-damage|p1a: The Magician|0 fnt\n|faint|p1a: The Magician\n|\n|-heal|p2b: Muk|82\/100|[from] item: Leftovers\n|-damage|p1b: The Chariot|58\/100 tox|[from] psn\n|upkeep\n|\n|t:|1697400437\n|switch|p1a: The Emperor|Chien-Pao|86\/100\n|-ability|p1a: The Emperor|Sword of Ruin\n|turn|17\n|\n|t:|1697400447\n|move|p1a: The Emperor|Ice Spinner|p2a: Mew\n|-damage|p2a: Mew|26\/100\n|-damage|p1a: The Emperor|76\/100|[from] item: Life Orb\n|move|p1b: The Chariot|Rock Slide|p2b: Muk|[spread] p2a,p2b\n|-damage|p2a: Mew|15\/100\n|-damage|p2b: Muk|71\/100\n|move|p2a: Mew|Toxic|p1a: The Emperor\n|-status|p1a: The Emperor|tox\n|move|p2b: Muk|Knock Off|p1a: The Emperor\n|-resisted|p1a: The Emperor\n|-damage|p1a: The Emperor|14\/100 tox\n|-enditem|p1a: The Emperor|Life Orb|[from] move: Knock Off|[of] p2b: Muk\n|\n|-heal|p2b: Muk|77\/100|[from] item: Leftovers\n|-damage|p1a: The Emperor|8\/100 tox|[from] psn\n|-damage|p1b: The Chariot|40\/100 tox|[from] psn\n|upkeep\n|turn|18\n|\n|t:|1697400468\n|move|p2a: Mew|Protect|p2a: Mew\n|-singleturn|p2a: Mew|Protect\n|move|p2b: Muk|Protect|p2b: Muk\n|-singleturn|p2b: Muk|Protect\n|move|p1a: The Emperor|Ice Spinner|p2b: Muk\n|-activate|p2b: Muk|move: Protect\n|move|p1b: The Chariot|Rock Slide|p2b: Muk|[spread] \n|-activate|p2a: Mew|move: Protect\n|-activate|p2b: Muk|move: Protect\n|\n|-heal|p2b: Muk|83\/100|[from] item: Leftovers\n|-damage|p1a: The Emperor|0 fnt|[from] psn\n|faint|p1a: The Emperor\n|-damage|p1b: The Chariot|16\/100 tox|[from] psn\n|upkeep\n|\n|t:|1697400483\n|switch|p1a: The Fool|Ogerpon-Wellspring-Tera, F, tera:Water|72\/100 tox\n|-ability|p1a: The Fool|Embody Aspect (Wellspring)|boost\n|-boost|p1a: The Fool|spd|1\n|turn|19\n|\n|t:|1697400496\n|move|p1a: The Fool|Horn Leech|p2a: Mew\n|-resisted|p2a: Mew\n|-damage|p2a: Mew|8\/100\n|-heal|p1a: The Fool|77\/100 tox|[from] drain|[of] p2a: Mew\n|move|p1b: The Chariot|Drain Punch|p2a: Mew\n|-damage|p2a: Mew|0 fnt\n|-heal|p1b: The Chariot|19\/100 tox|[from] drain|[of] p2a: Mew\n|faint|p2a: Mew\n|move|p2b: Muk|Knock Off|p1a: The Fool\n|-damage|p1a: The Fool|2\/100 tox\n|\n|-heal|p2b: Muk|89\/100|[from] item: Leftovers\n|-damage|p1a: The Fool|0 fnt|[from] psn\n|faint|p1a: The Fool\n|-damage|p1b: The Chariot|0 fnt|[from] psn\n|faint|p1b: The Chariot\n|-end|p1b: The Chariot|Quark Drive|[silent]\n|\n|win|RealKirby22\n|upkeep\n|raw|Streetside's rating: 1095 &rarr; <strong>1067<\/strong><br \/>(-28 for losing)\n|raw|RealKirby22's rating: 1040 &rarr; <strong>1079<\/strong><br \/>(+39 for winning)\n|l|\u2606Streetside\n","uploadtime":1697400528,"views":12,"p1id":"streetside","p2id":"realkirby22","formatid":"gen9doublesou","rating":1067,"private":0,"password":""}