{"id":"gen9doublesou-1971764143","p1":"birdhate","p2":"MilkLadsForever","format":"[Gen 9] Doubles OU","log":"|j|\u2606birdhate\n|j|\u2606MilkLadsForever\n|t:|1697769486\n|gametype|doubles\n|player|p1|birdhate|roxie|1353\n|player|p2|MilkLadsForever|jasmine|1397\n|teamsize|p1|6\n|teamsize|p2|6\n|gen|9\n|tier|[Gen 9] Doubles OU\n|rated|\n|rule|Species Clause: Limit one of each Pok\u00e9mon\n|rule|OHKO Clause: OHKO moves are banned\n|rule|Evasion Moves Clause: Evasion moves are banned\n|rule|Gravity Sleep Clause: The combination of sleep-inducing moves with imperfect accuracy and Gravity or Gigantamax Orbeetle are banned\n|rule|Endless Battle Clause: Forcing endless battles is banned\n|rule|HP Percentage Mod: HP is shown in percentages\n|clearpoke\n|poke|p1|Ursaluna, M|\n|poke|p1|Bronzong|\n|poke|p1|Orthworm, M|\n|poke|p1|Gastrodon, F|\n|poke|p1|Diancie|\n|poke|p1|Enamorus-Therian, F|\n|poke|p2|Chien-Pao|\n|poke|p2|Ninetales-Alola, F|\n|poke|p2|Iron Bundle|\n|poke|p2|Roaring Moon|\n|poke|p2|Farigiraf, M|\n|poke|p2|Ogerpon-Wellspring, F|\n|teampreview\n|\n|t:|1697769495\n|start\n|switch|p1a: Ursaluna|Ursaluna, M|100\/100\n|switch|p1b: Bronzong|Bronzong|100\/100\n|switch|p2a: Roaring Moon|Roaring Moon|100\/100\n|switch|p2b: Farigiraf|Farigiraf, M|100\/100\n|-enditem|p2a: Roaring Moon|Booster Energy\n|-activate|p2a: Roaring Moon|ability: Protosynthesis|[fromitem]\n|-start|p2a: Roaring Moon|protosynthesisspe\n|turn|1\n|\n|t:|1697769512\n|move|p2a: Roaring Moon|Breaking Swipe|p1a: Ursaluna|[spread] p1a,p1b\n|-resisted|p1b: Bronzong\n|-damage|p1a: Ursaluna|83\/100\n|-damage|p1b: Bronzong|89\/100\n|-unboost|p1a: Ursaluna|atk|1\n|-unboost|p1b: Bronzong|atk|1\n|move|p2b: Farigiraf|Imprison|p2b: Farigiraf\n|-start|p2b: Farigiraf|move: Imprison\n|move|p1a: Ursaluna|Swords Dance|p1a: Ursaluna\n|-boost|p1a: Ursaluna|atk|2\n|cant|p1b: Bronzong|move: Imprison|Trick Room\n|\n|-status|p1a: Ursaluna|brn|[from] item: Flame Orb\n|upkeep\n|turn|2\n|\n|t:|1697769542\n|move|p2a: Roaring Moon|Knock Off|p1b: Bronzong\n|-supereffective|p1b: Bronzong\n|-damage|p1b: Bronzong|0 fnt\n|-enditem|p1b: Bronzong|Mental Herb|[from] move: Knock Off|[of] p2a: Roaring Moon\n|faint|p1b: Bronzong\n|move|p2b: Farigiraf|Psychic|p1a: Ursaluna\n|-crit|p1a: Ursaluna\n|-damage|p1a: Ursaluna|27\/100 brn\n|move|p1a: Ursaluna|Earthquake|p2a: Roaring Moon|[spread] p2a,p2b\n|-damage|p2a: Roaring Moon|0 fnt\n|-damage|p2b: Farigiraf|0 fnt\n|faint|p2a: Roaring Moon\n|-end|p2a: Roaring Moon|Protosynthesis|[silent]\n|faint|p2b: Farigiraf\n|\n|-damage|p1a: Ursaluna|21\/100 brn|[from] brn\n|upkeep\n|\n|t:|1697769558\n|switch|p2a: Iron Bundle|Iron Bundle|100\/100\n|switch|p2b: Ninetales|Ninetales-Alola, F|100\/100\n|switch|p1b: Diancie|Diancie|100\/100\n|-weather|Snow|[from] ability: Snow Warning|[of] p2b: Ninetales\n|turn|3\n|\n|t:|1697769577\n|switch|p1a: Orthworm|Orthworm, M|100\/100\n|move|p2a: Iron Bundle|Hydro Pump|p1b: Diancie\n|-supereffective|p1b: Diancie\n|-damage|p1b: Diancie|23\/100\n|-enditem|p1b: Diancie|Weakness Policy\n|-boost|p1b: Diancie|atk|2|[from] item: Weakness Policy\n|-boost|p1b: Diancie|spa|2|[from] item: Weakness Policy\n|move|p2b: Ninetales|Blizzard|p1b: Diancie|[spread] p1a,p1b\n|-resisted|p1a: Orthworm\n|-damage|p1a: Orthworm|75\/100\n|-damage|p1b: Diancie|0 fnt\n|faint|p1b: Diancie\n|\n|-weather|Snow|[upkeep]\n|upkeep\n|\n|t:|1697769593\n|switch|p1b: Gastrodon|Gastrodon, F|100\/100\n|turn|4\n|\n|t:|1697769613\n|switch|p2b: Ogerpon|Ogerpon-Wellspring, F|100\/100\n|move|p2a: Iron Bundle|Freeze-Dry|p1b: Gastrodon\n|-supereffective|p1b: Gastrodon\n|-damage|p1b: Gastrodon|19\/100\n|move|p1a: Orthworm|Iron Defense|p1a: Orthworm\n|-boost|p1a: Orthworm|def|2\n|move|p1b: Gastrodon|Muddy Water|p2b: Ogerpon|[spread] \n|-immune|p2b: Ogerpon|[from] ability: Water Absorb\n|-miss|p1b: Gastrodon|p2a: Iron Bundle\n|\n|-weather|Snow|[upkeep]\n|-heal|p1b: Gastrodon|25\/100|[from] item: Leftovers\n|upkeep\n|turn|5\n|inactive|Battle timer is ON: inactive players will automatically lose when time's up. (requested by MilkLadsForever)\n|\n|t:|1697769630\n|move|p1b: Gastrodon|Protect|p1b: Gastrodon\n|-singleturn|p1b: Gastrodon|Protect\n|move|p2a: Iron Bundle|Hydro Pump|p1b: Gastrodon\n|-activate|p1b: Gastrodon|ability: Storm Drain\n|-activate|p1b: Gastrodon|move: Protect\n|move|p2b: Ogerpon|Horn Leech|p1b: Gastrodon\n|-activate|p1b: Gastrodon|move: Protect\n|move|p1a: Orthworm|Body Press|p2a: Iron Bundle\n|-supereffective|p2a: Iron Bundle\n|-damage|p2a: Iron Bundle|5\/100\n|\n|-weather|Snow|[upkeep]\n|-heal|p1b: Gastrodon|31\/100|[from] item: Leftovers\n|upkeep\n|turn|6\n|\n|t:|1697769657\n|switch|p1b: Enamorus|Enamorus-Therian, F|100\/100\n|move|p2a: Iron Bundle|Blizzard|p1a: Orthworm|[spread] p1a,p1b\n|-resisted|p1a: Orthworm\n|-supereffective|p1b: Enamorus\n|-damage|p1a: Orthworm|45\/100\n|-damage|p1b: Enamorus|32\/100\n|-enditem|p1a: Orthworm|Sitrus Berry|[eat]\n|-heal|p1a: Orthworm|70\/100|[from] item: Sitrus Berry\n|move|p2b: Ogerpon|Horn Leech|p1b: Enamorus\n|-resisted|p1b: Enamorus\n|-damage|p1b: Enamorus|12\/100\n|move|p1a: Orthworm|Body Press|p2a: Iron Bundle\n|-supereffective|p2a: Iron Bundle\n|-damage|p2a: Iron Bundle|0 fnt\n|faint|p2a: Iron Bundle\n|-end|p2a: Iron Bundle|Quark Drive|[silent]\n|\n|-weather|Snow|[upkeep]\n|upkeep\n|\n|t:|1697769669\n|switch|p2a: Chef Pao|Chien-Pao|100\/100\n|-ability|p2a: Chef Pao|Sword of Ruin\n|turn|7\n|\n|t:|1697769678\n|move|p1b: Enamorus|Protect|p1b: Enamorus\n|-singleturn|p1b: Enamorus|Protect\n|move|p2b: Ogerpon|Follow Me|p2b: Ogerpon\n|-singleturn|p2b: Ogerpon|move: Follow Me\n|move|p2a: Chef Pao|Throat Chop|p1a: Orthworm\n|-damage|p1a: Orthworm|55\/100\n|-start|p1a: Orthworm|Throat Chop|[silent]\n|move|p1a: Orthworm|Body Press|p2b: Ogerpon\n|-damage|p2b: Ogerpon|0 fnt\n|faint|p2b: Ogerpon\n|\n|-weather|none\n|upkeep\n|\n|t:|1697769687\n|switch|p2b: Ninetales|Ninetales-Alola, F|100\/100\n|-weather|Snow|[from] ability: Snow Warning|[of] p2b: Ninetales\n|turn|8\n|\n|t:|1697769707\n|-terastallize|p2a: Chef Pao|Ghost\n|move|p2a: Chef Pao|Throat Chop|p1a: Orthworm\n|-damage|p1a: Orthworm|39\/100\n|move|p2b: Ninetales|Blizzard|p1b: Enamorus|[spread] p1a,p1b\n|-resisted|p1a: Orthworm\n|-supereffective|p1b: Enamorus\n|-damage|p1a: Orthworm|14\/100\n|-damage|p1b: Enamorus|0 fnt\n|faint|p1b: Enamorus\n|move|p1a: Orthworm|Body Press|p2a: Chef Pao\n|-immune|p2a: Chef Pao\n|\n|-weather|Snow|[upkeep]\n|-end|p1a: Orthworm|Throat Chop|[silent]\n|upkeep\n|\n|t:|1697769719\n|switch|p1b: Gastrodon|Gastrodon, F|31\/100\n|turn|9\n|\n|t:|1697769735\n|move|p2a: Chef Pao|Throat Chop|p1a: Orthworm\n|-damage|p1a: Orthworm|0 fnt\n|faint|p1a: Orthworm\n|move|p2b: Ninetales|Blizzard|p1b: Gastrodon\n|-damage|p1b: Gastrodon|3\/100\n|move|p1b: Gastrodon|Recover|p1b: Gastrodon\n|-heal|p1b: Gastrodon|53\/100\n|\n|-weather|Snow|[upkeep]\n|-heal|p1b: Gastrodon|59\/100|[from] item: Leftovers\n|upkeep\n|\n|t:|1697769744\n|switch|p1a: Ursaluna|Ursaluna, M|21\/100 brn\n|turn|10\n|\n|t:|1697769759\n|move|p2a: Chef Pao|Icicle Crash|p1a: Ursaluna|[miss]\n|-miss|p2a: Chef Pao|p1a: Ursaluna\n|move|p2b: Ninetales|Blizzard|p1a: Ursaluna|[spread] p1a,p1b\n|-supereffective|p1a: Ursaluna\n|-damage|p1a: Ursaluna|0 fnt\n|-damage|p1b: Gastrodon|37\/100\n|-status|p1b: Gastrodon|frz\n|faint|p1a: Ursaluna\n|cant|p1b: Gastrodon|frz\n|\n|-weather|Snow|[upkeep]\n|-heal|p1b: Gastrodon|43\/100 frz|[from] item: Leftovers\n|upkeep\n|turn|11\n|\n|t:|1697769770\n|move|p2a: Chef Pao|Throat Chop|p1b: Gastrodon\n|-damage|p1b: Gastrodon|0 fnt\n|faint|p1b: Gastrodon\n|\n|win|MilkLadsForever\n|raw|birdhate's rating: 1353 &rarr; <strong>1336<\/strong><br \/>(-17 for losing)\n|raw|MilkLadsForever's rating: 1397 &rarr; <strong>1414<\/strong><br \/>(+17 for winning)\n|c|\u2606MilkLadsForever|gg\n","uploadtime":1697769777,"views":6,"p1id":"birdhate","p2id":"milkladsforever","formatid":"gen9doublesou","rating":1336,"private":0,"password":""}