{"id":"gen9doublesou-1998272983","p1":"E4Everyone","p2":"lobatos","format":"[Gen 9] Doubles OU","log":"|j|\u2606E4Everyone\n|j|\u2606lobatos\n|inactive|Battle timer is ON: inactive players will automatically lose when time's up.\n|t:|1700923087\n|gametype|doubles\n|player|p1|E4Everyone|hugh|\n|player|p2|lobatos|gambler|\n|teamsize|p1|2\n|teamsize|p2|2\n|gen|9\n|tier|[Gen 9] Doubles OU\n|rated|Tournament battle\n|rule|Species Clause: Limit one of each Pok\u00e9mon\n|rule|OHKO Clause: OHKO moves are banned\n|rule|Evasion Moves Clause: Evasion moves are banned\n|rule|Gravity Sleep Clause: The combination of sleep-inducing moves with imperfect accuracy and Gravity or Gigantamax Orbeetle are banned\n|rule|Endless Battle Clause: Forcing endless battles is banned\n|rule|HP Percentage Mod: HP is shown in percentages\n|clearpoke\n|poke|p1|Pawniard, F|\n|poke|p1|Stantler, M|\n|poke|p2|Sprigatito, F|\n|poke|p2|Gligar, F|\n|teampreview\n|j|*Lady Monita \u2746\n|\n|t:|1700923098\n|start\n|switch|p1a: Pawniard|Pawniard, F|100\/100\n|switch|p1b: Stantler|Stantler, M|100\/100\n|switch|p2a: Sprigatito|Sprigatito, F|100\/100\n|switch|p2b: Gligar|Gligar, F|100\/100\n|-ability|p1b: Stantler|Intimidate|boost\n|-unboost|p2a: Sprigatito|atk|1\n|-fail|p2b: Gligar|unboost|Attack|[from] ability: Hyper Cutter|[of] p2b: Gligar\n|turn|1\n|j| koffingwoffing\n|\n|t:|1700923118\n|move|p2a: Sprigatito|Protect|p2a: Sprigatito\n|-singleturn|p2a: Sprigatito|Protect\n|move|p1a: Pawniard|Protect|p1a: Pawniard\n|-singleturn|p1a: Pawniard|Protect\n|move|p2b: Gligar|Earthquake|p1a: Pawniard|[spread] p1b\n|-activate|p2a: Sprigatito|move: Protect\n|-activate|p1a: Pawniard|move: Protect\n|-damage|p1b: Stantler|70\/100\n|move|p1b: Stantler|Reflect|p1b: Stantler\n|-sidestart|p1: E4Everyone|Reflect\n|\n|upkeep\n|turn|2\n|\n|t:|1700923143\n|-terastallize|p1a: Pawniard|Ghost\n|move|p2b: Gligar|Earthquake|p1b: Stantler|[spread] p2a,p1a,p1b\n|-resisted|p2a: Sprigatito\n|-damage|p2a: Sprigatito|83\/100\n|-damage|p1a: Pawniard|80\/100\n|-damage|p1b: Stantler|49\/100\n|move|p1b: Stantler|Lunge|p2a: Sprigatito\n|-supereffective|p2a: Sprigatito\n|-damage|p2a: Sprigatito|29\/100\n|-unboost|p2a: Sprigatito|atk|1\n|move|p2a: Sprigatito|Play Rough|p1a: Pawniard\n|-damage|p1a: Pawniard|73\/100\n|move|p1a: Pawniard|Swords Dance|p1a: Pawniard\n|-boost|p1a: Pawniard|atk|2\n|\n|upkeep\n|turn|3\n|\n|t:|1700923170\n|move|p2b: Gligar|Earthquake|p1b: Stantler|[spread] p2a,p1a,p1b\n|-resisted|p2a: Sprigatito\n|-crit|p1b: Stantler\n|-damage|p2a: Sprigatito|12\/100\n|-damage|p1a: Pawniard|55\/100\n|-damage|p1b: Stantler|0 fnt\n|faint|p1b: Stantler\n|move|p2a: Sprigatito|Play Rough|p1a: Pawniard|[miss]\n|-miss|p2a: Sprigatito|p1a: Pawniard\n|move|p1a: Pawniard|Night Slash|p2b: Gligar\n|-damage|p2b: Gligar|50\/100\n|\n|upkeep\n|turn|4\n|inactive|lobatos has 120 seconds left.\n|\n|t:|1700923202\n|move|p2a: Sprigatito|Protect|p2a: Sprigatito\n|-singleturn|p2a: Sprigatito|Protect\n|move|p1a: Pawniard|Protect|p1a: Pawniard\n|-singleturn|p1a: Pawniard|Protect\n|move|p2b: Gligar|Earthquake|p1a: Pawniard|[spread] \n|-activate|p2a: Sprigatito|move: Protect\n|-activate|p1a: Pawniard|move: Protect\n|\n|upkeep\n|turn|5\n|\n|t:|1700923222\n|move|p2b: Gligar|Crabhammer|p1a: Pawniard\n|-damage|p1a: Pawniard|37\/100\n|move|p2a: Sprigatito|Play Rough|p1a: Pawniard\n|-damage|p1a: Pawniard|30\/100\n|move|p1a: Pawniard|Night Slash|p2b: Gligar\n|-damage|p2b: Gligar|0 fnt\n|faint|p2b: Gligar\n|\n|-sideend|p1: E4Everyone|Reflect\n|upkeep\n|turn|6\n|\n|t:|1700923236\n|-terastallize|p2a: Sprigatito|Grass\n|move|p2a: Sprigatito|Petal Blizzard|p1a: Pawniard\n|-damage|p1a: Pawniard|0 fnt\n|faint|p1a: Pawniard\n|\n|win|lobatos\n|n|\u2606E4Everyone|e4everyone\n|n|\u2606lobatos|lobatos\n|n|*Lady Monita \u2746|ladymonita\n|n| koffingwoffing|koffingwoffing\n","uploadtime":1700923237,"views":5,"p1id":"e4everyone","p2id":"lobatos","formatid":"gen9doublesou","rating":0,"private":0,"password":""}