{"id":"gen9doublesou-1982673916","p1":"jjgoingmax","p2":"Vylara","format":"[Gen 9] Doubles OU","log":"|j|\u2606jjgoingmax\n|j|\u2606Vylara\n|t:|1699034725\n|gametype|doubles\n|player|p1|jjgoingmax|psychic|1127\n|player|p2|Vylara|irida|1055\n|teamsize|p1|6\n|teamsize|p2|6\n|gen|9\n|tier|[Gen 9] Doubles OU\n|rated|\n|rule|Species Clause: Limit one of each Pok\u00e9mon\n|rule|OHKO Clause: OHKO moves are banned\n|rule|Evasion Moves Clause: Evasion moves are banned\n|rule|Gravity Sleep Clause: The combination of sleep-inducing moves with imperfect accuracy and Gravity or Gigantamax Orbeetle are banned\n|rule|Endless Battle Clause: Forcing endless battles is banned\n|rule|HP Percentage Mod: HP is shown in percentages\n|clearpoke\n|poke|p1|Ariados, F|\n|poke|p1|Clefairy, M|\n|poke|p1|Pawmot, M|\n|poke|p1|Mimikyu, F|\n|poke|p1|Basculegion-F, F|\n|poke|p1|Murkrow, F|\n|poke|p2|Clodsire, M|\n|poke|p2|Gliscor, M|\n|poke|p2|Muk-Alola, F|\n|poke|p2|Mismagius, F|\n|poke|p2|Arcanine-Hisui, F|\n|poke|p2|Goodra-Hisui, F|\n|teampreview\n|c|\u2606Vylara|glhf!\n|\n|t:|1699034746\n|start\n|switch|p1a: Murkrow|Murkrow, F, shiny|100\/100\n|switch|p1b: Pawmot|Pawmot, M, shiny|100\/100\n|switch|p2a: Catherine|Mismagius, F|100\/100\n|switch|p2b: Tyrfing|Gliscor, M|100\/100\n|turn|1\n|\n|t:|1699034765\n|move|p1a: Murkrow|Torment|p2b: Tyrfing\n|-start|p2b: Tyrfing|Torment\n|move|p2a: Catherine|Dazzling Gleam|p1a: Murkrow|[spread] p1a,p1b\n|-supereffective|p1a: Murkrow\n|-supereffective|p1b: Pawmot\n|-damage|p1a: Murkrow|70\/100\n|-damage|p1b: Pawmot|30\/100\n|move|p1b: Pawmot|Nuzzle|p2a: Catherine\n|-damage|p2a: Catherine|80\/100\n|-status|p2a: Catherine|par\n|move|p2b: Tyrfing|Dual Wingbeat|p1b: Pawmot\n|-damage|p1b: Pawmot|0 fnt\n|faint|p1b: Pawmot\n|-hitcount|p1: Pawmot|1\n|\n|-status|p2b: Tyrfing|tox|[from] item: Toxic Orb\n|upkeep\n|\n|t:|1699034779\n|switch|p1b: Ariados|Ariados, F, shiny|100\/100\n|turn|2\n|\n|t:|1699034794\n|move|p2b: Tyrfing|High Horsepower|p1b: Ariados\n|-damage|p1b: Ariados|30\/100\n|move|p1a: Murkrow|Foul Play|p2b: Tyrfing\n|-damage|p2b: Tyrfing|63\/100 tox\n|move|p1b: Ariados|Focus Energy|p1b: Ariados\n|-start|p1b: Ariados|move: Focus Energy\n|move|p2a: Catherine|Dazzling Gleam|p1a: Murkrow|[spread] p1a,p1b\n|-supereffective|p1a: Murkrow\n|-resisted|p1b: Ariados\n|-damage|p1a: Murkrow|42\/100\n|-damage|p1b: Ariados|15\/100\n|\n|-heal|p2b: Tyrfing|76\/100 tox|[from] ability: Poison Heal\n|upkeep\n|turn|3\n|\n|t:|1699034815\n|move|p1a: Murkrow|Tailwind|p1a: Murkrow\n|-sidestart|p1: jjgoingmax|move: Tailwind\n|move|p1b: Ariados|Leech Life|p2a: Catherine\n|-resisted|p2a: Catherine\n|-crit|p2a: Catherine\n|-damage|p2a: Catherine|6\/100 par\n|-heal|p1b: Ariados|50\/100|[from] drain|[of] p2a: Catherine\n|move|p2b: Tyrfing|Dual Wingbeat|p1b: Ariados\n|-supereffective|p1b: Ariados\n|-damage|p1b: Ariados|0 fnt\n|faint|p1b: Ariados\n|-hitcount|p1: Ariados|1\n|move|p2a: Catherine|Draining Kiss|p1a: Murkrow\n|-supereffective|p1a: Murkrow\n|-damage|p1a: Murkrow|16\/100\n|-heal|p2a: Catherine|38\/100 par|[from] drain|[of] p1a: Murkrow\n|\n|-heal|p2b: Tyrfing|88\/100 tox|[from] ability: Poison Heal\n|upkeep\n|\n|t:|1699034827\n|switch|p1b: Clefairy|Clefairy, M|100\/100\n|turn|4\n|\n|t:|1699034849\n|switch|p2b: LeBeau|Muk-Alola, F|100\/100\n|move|p1a: Murkrow|Foul Play|p2b: LeBeau\n|-resisted|p2b: LeBeau\n|-crit|p2b: LeBeau\n|-damage|p2b: LeBeau|64\/100\n|move|p1b: Clefairy|Icy Wind|p2a: Catherine|[spread] p2a,p2b\n|-damage|p2a: Catherine|30\/100 par\n|-damage|p2b: LeBeau|59\/100\n|-unboost|p2a: Catherine|spe|1\n|-unboost|p2b: LeBeau|spe|1\n|move|p2a: Catherine|Memento|p1a: Murkrow\n|-unboost|p1a: Murkrow|atk|2\n|-unboost|p1a: Murkrow|spa|2\n|faint|p2a: Catherine\n|-ability|p2b: LeBeau|Levitate|[from] ability: Power of Alchemy|[of] p2a: Catherine\n|\n|upkeep\n|\n|t:|1699034866\n|switch|p2a: Shishifuu|Arcanine-Hisui, F|100\/100\n|turn|5\n|\n|t:|1699034889\n|move|p1a: Murkrow|Torment|p2a: Shishifuu\n|-start|p2a: Shishifuu|Torment\n|move|p2a: Shishifuu|Flame Charge|p1a: Murkrow\n|-damage|p1a: Murkrow|0 fnt\n|-boost|p2a: Shishifuu|spe|1\n|faint|p1a: Murkrow\n|move|p1b: Clefairy|Dazzling Gleam|p2b: LeBeau|[spread] p2a,p2b\n|-resisted|p2a: Shishifuu\n|-damage|p2a: Shishifuu|95\/100\n|-damage|p2b: LeBeau|48\/100\n|move|p2b: LeBeau|Gunk Shot|p1b: Clefairy\n|-supereffective|p1b: Clefairy\n|-damage|p1b: Clefairy|0 fnt\n|faint|p1b: Clefairy\n|\n|upkeep\n|\n|t:|1699034901\n|switch|p1a: Basculegion|Basculegion-F, F, shiny|100\/100\n|switch|p1b: Mimikyu|Mimikyu, F, shiny|100\/100\n|turn|6\n|\n|t:|1699034938\n|move|p1b: Mimikyu|Drain Punch|p2a: Shishifuu\n|-supereffective|p2a: Shishifuu\n|-damage|p2a: Shishifuu|43\/100\n|move|p2a: Shishifuu|Psychic Fangs|p1b: Mimikyu\n|-activate|p1b: Mimikyu|ability: Disguise\n|-damage|p1b: Mimikyu|100\/100\n|detailschange|p1b: Mimikyu|Mimikyu-Busted, F, shiny\n|-damage|p1b: Mimikyu|88\/100|[from] pokemon: Mimikyu-Busted\n|move|p1a: Basculegion|Last Respects|p2b: LeBeau\n|-resisted|p2b: LeBeau\n|-damage|p2b: LeBeau|0 fnt\n|faint|p2b: LeBeau\n|\n|-heal|p1b: Mimikyu|94\/100|[from] item: Leftovers\n|-sideend|p1: jjgoingmax|move: Tailwind\n|upkeep\n|\n|t:|1699034954\n|switch|p2b: Tyrfing|Gliscor, M|88\/100 tox\n|turn|7\n|\n|t:|1699034972\n|move|p2a: Shishifuu|Head Smash|p1b: Mimikyu\n|-damage|p1b: Mimikyu|0 fnt\n|faint|p1b: Mimikyu\n|move|p2b: Tyrfing|Dual Wingbeat|p1a: Basculegion\n|-damage|p1a: Basculegion|82\/100\n|-damage|p1a: Basculegion|64\/100\n|-hitcount|p1a: Basculegion|2\n|move|p1a: Basculegion|Last Respects|p2b: Tyrfing\n|-damage|p2b: Tyrfing|0 fnt\n|faint|p2b: Tyrfing\n|\n|upkeep\n|\n|t:|1699034985\n|switch|p2b: Shana|Goodra-Hisui, F|100\/100\n|turn|8\n|\n|t:|1699034995\n|move|p2a: Shishifuu|Psychic Fangs|p1a: Basculegion\n|-damage|p1a: Basculegion|34\/100\n|move|p1a: Basculegion|Last Respects|p2b: Shana\n|-damage|p2b: Shana|0 fnt\n|faint|p2b: Shana\n|\n|upkeep\n|\n|t:|1699035001\n|switch|p2b: Jim|Clodsire, M|100\/100\n|turn|9\n|-activate|p2b: Jim|item: Quick Claw\n|\n|t:|1699035006\n|move|p1a: Basculegion|Aqua Jet|p2a: Shishifuu\n|-supereffective|p2a: Shishifuu\n|-damage|p2a: Shishifuu|0 fnt\n|faint|p2a: Shishifuu\n|move|p2b: Jim|Curse|p2b: Jim\n|-unboost|p2b: Jim|spe|1\n|-boost|p2b: Jim|atk|1\n|-boost|p2b: Jim|def|1\n|\n|upkeep\n|turn|10\n|\n|t:|1699035017\n|move|p1a: Basculegion|Last Respects|p2b: Jim\n|-damage|p2b: Jim|0 fnt\n|faint|p2b: Jim\n|\n|win|jjgoingmax\n|raw|jjgoingmax's rating: 1127 &rarr; <strong>1147<\/strong><br \/>(+20 for winning)\n|raw|Vylara's rating: 1055 &rarr; <strong>1040<\/strong><br \/>(-15 for losing)\n|c|\u2606Vylara|gg\n|c|\u2606jjgoingmax|gg\n","uploadtime":1699035028,"views":21,"p1id":"jjgoingmax","p2id":"vylara","formatid":"gen9doublesou","rating":1040,"private":0,"password":""}