{"id":"gen9doublesou-1972051233","p1":"Liam Doria Vinck","p2":"lolIwatchYT","format":"[Gen 9] Doubles OU","log":"|j|\u2606Liam Doria Vinck\n|j|\u2606lolIwatchYT\n|t:|1697808626\n|gametype|doubles\n|player|p1|Liam Doria Vinck|will|1219\n|player|p2|lolIwatchYT|2|1304\n|teamsize|p1|6\n|teamsize|p2|6\n|gen|9\n|tier|[Gen 9] Doubles OU\n|rated|\n|rule|Species Clause: Limit one of each Pok\u00e9mon\n|rule|OHKO Clause: OHKO moves are banned\n|rule|Evasion Moves Clause: Evasion moves are banned\n|rule|Gravity Sleep Clause: The combination of sleep-inducing moves with imperfect accuracy and Gravity or Gigantamax Orbeetle are banned\n|rule|Endless Battle Clause: Forcing endless battles is banned\n|rule|HP Percentage Mod: HP is shown in percentages\n|clearpoke\n|poke|p1|Pikachu-Partner, M|\n|poke|p1|Pachirisu, F|\n|poke|p1|Ninetales-Alola, M|\n|poke|p1|Iron Bundle|\n|poke|p1|Pincurchin, F|\n|poke|p1|Iron Valiant|\n|poke|p2|Azumarill, M|\n|poke|p2|Arcanine-Hisui, F|\n|poke|p2|Typhlosion-Hisui, M|\n|poke|p2|Gastrodon, M|\n|poke|p2|Tornadus, M|\n|poke|p2|Klefki, F|\n|teampreview\n|\n|t:|1697808639\n|start\n|switch|p1a: Iron Bundle|Iron Bundle|100\/100\n|switch|p1b: Pincurchin|Pincurchin, F|100\/100\n|switch|p2a: Tornadus|Tornadus, M|100\/100\n|switch|p2b: Typhlosion|Typhlosion-Hisui, M|100\/100\n|-item|p1a: Iron Bundle|Light Clay|[from] ability: Frisk|[of] p2b: Typhlosion|[identify]\n|-item|p1b: Pincurchin|Terrain Extender|[from] ability: Frisk|[of] p2b: Typhlosion|[identify]\n|-fieldstart|move: Electric Terrain|[from] ability: Electric Surge|[of] p1b: Pincurchin\n|-activate|p1a: Iron Bundle|ability: Quark Drive\n|-start|p1a: Iron Bundle|quarkdrivespe\n|turn|1\n|inactive|Battle timer is ON: inactive players will automatically lose when time's up. (requested by lolIwatchYT)\n|\n|t:|1697808715\n|-terastallize|p1a: Iron Bundle|Water\n|move|p2a: Tornadus|Tailwind|p2a: Tornadus\n|-sidestart|p2: lolIwatchYT|move: Tailwind\n|move|p2b: Typhlosion|Eruption|p1b: Pincurchin|[spread] p1a,p1b\n|-resisted|p1a: Iron Bundle\n|-damage|p1a: Iron Bundle|46\/100\n|-damage|p1b: Pincurchin|24\/100\n|move|p1a: Iron Bundle|Chilling Water|p2b: Typhlosion\n|-supereffective|p2b: Typhlosion\n|-damage|p2b: Typhlosion|0 fnt\n|faint|p2b: Typhlosion\n|move|p1b: Pincurchin|Memento|p2a: Tornadus\n|-unboost|p2a: Tornadus|atk|2\n|-unboost|p2a: Tornadus|spa|2\n|faint|p1b: Pincurchin\n|\n|upkeep\n|\n|t:|1697808731\n|switch|p2b: Arcanine|Arcanine-Hisui, F|100\/100\n|switch|p1b: Iron Valiant|Iron Valiant|100\/100\n|-ability|p2b: Arcanine|Intimidate|boost\n|-unboost|p1a: Iron Bundle|atk|1\n|-unboost|p1b: Iron Valiant|atk|1\n|-item|p2b: Arcanine|Air Balloon\n|-activate|p1b: Iron Valiant|ability: Quark Drive\n|-start|p1b: Iron Valiant|quarkdrivespe\n|-enditem|p1b: Iron Valiant|Electric Seed\n|-boost|p1b: Iron Valiant|def|1|[from] item: Electric Seed\n|turn|2\n|\n|t:|1697808756\n|switch|p2a: Gastrodon|Gastrodon, M|100\/100\n|move|p2b: Arcanine|Protect|p2b: Arcanine\n|-singleturn|p2b: Arcanine|Protect\n|move|p1b: Iron Valiant|Wide Guard|p1b: Iron Valiant\n|-singleturn|p1b: Iron Valiant|Wide Guard\n|move|p1a: Iron Bundle|Chilling Water|p2a: Gastrodon\n|-activate|p2a: Gastrodon|ability: Storm Drain\n|-ability|p2a: Gastrodon|Storm Drain|boost\n|-boost|p2a: Gastrodon|spa|1\n|\n|upkeep\n|turn|3\n|\n|t:|1697808778\n|-end|p1b: Iron Valiant|Quark Drive|[silent]\n|switch|p1b: Ninetales|Ninetales-Alola, M|100\/100\n|-weather|Snow|[from] ability: Snow Warning|[of] p1b: Ninetales\n|move|p1a: Iron Bundle|Aurora Veil|p1a: Iron Bundle\n|-sidestart|p1: Liam Doria Vinck|move: Aurora Veil\n|move|p2b: Arcanine|Flare Blitz|p1b: Ninetales\n|-supereffective|p1b: Ninetales\n|-damage|p1b: Ninetales|42\/100\n|-damage|p2b: Arcanine|82\/100|[from] Recoil\n|move|p2a: Gastrodon|Earth Power|p1b: Ninetales\n|-damage|p1b: Ninetales|4\/100\n|\n|-weather|Snow|[upkeep]\n|upkeep\n|turn|4\n|\n|t:|1697808798\n|move|p2b: Arcanine|Head Smash|p1a: Iron Bundle\n|-damage|p1a: Iron Bundle|0 fnt\n|faint|p1a: Iron Bundle\n|-end|p1a: Iron Bundle|Quark Drive|[silent]\n|-damage|p2b: Arcanine|65\/100|[from] Recoil\n|move|p1b: Ninetales|Blizzard|p2a: Gastrodon|[spread] p2a,p2b\n|-resisted|p2b: Arcanine\n|-damage|p2a: Gastrodon|79\/100\n|-damage|p2b: Arcanine|52\/100\n|-enditem|p2b: Arcanine|Air Balloon\n|move|p2a: Gastrodon|Muddy Water|p1b: Ninetales\n|-damage|p1b: Ninetales|0 fnt\n|faint|p1b: Ninetales\n|\n|-weather|Snow|[upkeep]\n|-heal|p2a: Gastrodon|85\/100|[from] item: Leftovers\n|-sideend|p2: lolIwatchYT|move: Tailwind\n|upkeep\n|inactive|Liam Doria Vinck has 120 seconds left.\n|inactive|Liam Doria Vinck has 90 seconds left.\n|\n|t:|1697808875\n|switch|p1a: Pikachu|Pikachu-Partner, M|100\/100\n|switch|p1b: Iron Valiant|Iron Valiant|100\/100\n|-activate|p1b: Iron Valiant|ability: Quark Drive\n|-start|p1b: Iron Valiant|quarkdrivespe\n|turn|5\n|\n|t:|1697808891\n|move|p2b: Arcanine|Protect|p2b: Arcanine\n|-singleturn|p2b: Arcanine|Protect\n|move|p1a: Pikachu|Protect|p1a: Pikachu\n|-singleturn|p1a: Pikachu|Protect\n|move|p1b: Iron Valiant|Calm Mind|p1b: Iron Valiant\n|-boost|p1b: Iron Valiant|spa|1\n|-boost|p1b: Iron Valiant|spd|1\n|move|p2a: Gastrodon|Earth Power|p1a: Pikachu\n|-activate|p1a: Pikachu|move: Protect\n|\n|-weather|Snow|[upkeep]\n|-heal|p2a: Gastrodon|91\/100|[from] item: Leftovers\n|upkeep\n|turn|6\n|inactive|Liam Doria Vinck has 90 seconds left.\n|\n|t:|1697808926\n|switch|p1a: Pachirisu|Pachirisu, F|100\/100\n|-enditem|p1a: Pachirisu|Electric Seed\n|-boost|p1a: Pachirisu|def|1|[from] item: Electric Seed\n|move|p1b: Iron Valiant|Moonblast|p2a: Gastrodon\n|-damage|p2a: Gastrodon|29\/100\n|move|p2b: Arcanine|Flare Blitz|p1b: Iron Valiant\n|-damage|p1b: Iron Valiant|62\/100\n|-damage|p2b: Arcanine|41\/100|[from] Recoil\n|move|p2a: Gastrodon|Earth Power|p1b: Iron Valiant\n|-damage|p1b: Iron Valiant|16\/100\n|-unboost|p1b: Iron Valiant|spd|1\n|\n|-weather|Snow|[upkeep]\n|-heal|p2a: Gastrodon|35\/100|[from] item: Leftovers\n|upkeep\n|turn|7\n|inactive|Liam Doria Vinck has 90 seconds left.\n|\n|t:|1697808948\n|move|p1a: Pachirisu|Protect|p1a: Pachirisu\n|-singleturn|p1a: Pachirisu|Protect\n|move|p1b: Iron Valiant|Moonblast|p2a: Gastrodon\n|-damage|p2a: Gastrodon|0 fnt\n|faint|p2a: Gastrodon\n|move|p2b: Arcanine|Flare Blitz|p1b: Iron Valiant\n|-damage|p1b: Iron Valiant|0 fnt\n|faint|p1b: Iron Valiant\n|-end|p1b: Iron Valiant|Quark Drive|[silent]\n|-damage|p2b: Arcanine|37\/100|[from] Recoil\n|\n|-weather|Snow|[upkeep]\n|upkeep\n|\n|t:|1697808962\n|switch|p1b: Pikachu|Pikachu-Partner, M|100\/100\n|switch|p2a: Klefki|Klefki, F|100\/100\n|-item|p2a: Klefki|Air Balloon\n|turn|8\n|\n|t:|1697808976\n|move|p1a: Pachirisu|Follow Me|p1a: Pachirisu\n|-singleturn|p1a: Pachirisu|move: Follow Me\n|move|p2a: Klefki|Light Screen|p2a: Klefki\n|-sidestart|p2: lolIwatchYT|move: Light Screen\n|move|p2b: Arcanine|Flare Blitz|p1a: Pachirisu\n|-damage|p1a: Pachirisu|75\/100\n|-damage|p2b: Arcanine|30\/100|[from] Recoil\n|move|p1b: Pikachu|Discharge|p2b: Arcanine|[spread] p2a,p2b\n|-heal|p1a: Pachirisu|99\/100|[from] ability: Volt Absorb|[of] p1b: Pikachu\n|-damage|p2a: Klefki|65\/100\n|-damage|p2b: Arcanine|0 fnt\n|-enditem|p2a: Klefki|Air Balloon\n|faint|p2b: Arcanine\n|\n|-weather|Snow|[upkeep]\n|-fieldend|move: Electric Terrain\n|upkeep\n|\n|t:|1697808990\n|switch|p2b: Tornadus|Tornadus, M|100\/100\n|turn|9\n|inactive|Liam Doria Vinck has 120 seconds left.\n|\n|t:|1697809023\n|-terastallize|p2b: Tornadus|Ghost\n|move|p1b: Pikachu|Protect|p1b: Pikachu\n|-singleturn|p1b: Pikachu|Protect\n|move|p2b: Tornadus|Tailwind|p2b: Tornadus\n|-sidestart|p2: lolIwatchYT|move: Tailwind\n|move|p2a: Klefki|Dazzling Gleam|p1a: Pachirisu|[spread] p1a\n|-activate|p1b: Pikachu|move: Protect\n|-damage|p1a: Pachirisu|88\/100\n|move|p1a: Pachirisu|Electric Terrain|p1a: Pachirisu\n|-fieldstart|move: Electric Terrain\n|\n|-weather|Snow|[upkeep]\n|upkeep\n|turn|10\n|inactive|Liam Doria Vinck has 120 seconds left.\n|\n|t:|1697809046\n|move|p1a: Pachirisu|Follow Me|p1a: Pachirisu\n|-singleturn|p1a: Pachirisu|move: Follow Me\n|move|p2b: Tornadus|Taunt|p1a: Pachirisu\n|-start|p1a: Pachirisu|move: Taunt\n|move|p2a: Klefki|Dazzling Gleam|p1b: Pikachu|[spread] p1a,p1b\n|-damage|p1a: Pachirisu|73\/100\n|-damage|p1b: Pikachu|74\/100\n|move|p1b: Pikachu|Discharge|p2a: Klefki|[spread] p2a,p2b\n|-heal|p1a: Pachirisu|98\/100|[from] ability: Volt Absorb|[of] p1b: Pikachu\n|-damage|p2a: Klefki|29\/100\n|-damage|p2b: Tornadus|66\/100\n|\n|-weather|none\n|-sideend|p1: Liam Doria Vinck|move: Aurora Veil\n|upkeep\n|turn|11\n|\n|t:|1697809065\n|move|p2b: Tornadus|Bleakwind Storm|p1a: Pachirisu|[spread] p1a,p1b\n|-resisted|p1a: Pachirisu\n|-resisted|p1b: Pikachu\n|-damage|p1a: Pachirisu|77\/100\n|-damage|p1b: Pikachu|28\/100\n|move|p2a: Klefki|Dazzling Gleam|p1b: Pikachu|[spread] p1a,p1b\n|-damage|p1a: Pachirisu|58\/100\n|-damage|p1b: Pikachu|0 fnt\n|faint|p1b: Pikachu\n|move|p1a: Pachirisu|Discharge|p2b: Tornadus|[spread] p2a,p2b\n|-damage|p2a: Klefki|19\/100\n|-damage|p2b: Tornadus|55\/100\n|\n|upkeep\n|turn|12\n|c|\u2606Liam Doria Vinck|gg wp\n|c|\u2606lolIwatchYT|gg\n|-message|Liam Doria Vinck forfeited.\n|\n|win|lolIwatchYT\n|raw|Liam Doria Vinck's rating: 1219 &rarr; <strong>1200<\/strong><br \/>(-19 for losing)\n|raw|lolIwatchYT's rating: 1304 &rarr; <strong>1319<\/strong><br \/>(+15 for winning)\n|l|\u2606Liam Doria Vinck\n","uploadtime":1697809088,"views":10,"p1id":"liamdoriavinck","p2id":"loliwatchyt","formatid":"gen9doublesou","rating":1200,"private":0,"password":""}