{"id":"gen9doublesou-1972737942","p1":"oldmate220596","p2":"Pizolitto","format":"[Gen 9] Doubles OU","log":"|j|\u2606oldmate220596\n|j|\u2606Pizolitto\n|t:|1697887402\n|gametype|doubles\n|player|p1|oldmate220596|266|1101\n|player|p2|Pizolitto|brycenman|1106\n|teamsize|p1|6\n|teamsize|p2|6\n|gen|9\n|tier|[Gen 9] Doubles OU\n|rated|\n|rule|Species Clause: Limit one of each Pok\u00e9mon\n|rule|OHKO Clause: OHKO moves are banned\n|rule|Evasion Moves Clause: Evasion moves are banned\n|rule|Gravity Sleep Clause: The combination of sleep-inducing moves with imperfect accuracy and Gravity or Gigantamax Orbeetle are banned\n|rule|Endless Battle Clause: Forcing endless battles is banned\n|rule|HP Percentage Mod: HP is shown in percentages\n|clearpoke\n|poke|p1|Toxapex, M|\n|poke|p1|Clodsire, M|\n|poke|p1|Garganacl, F|\n|poke|p1|Corviknight, F|\n|poke|p1|Toedscruel, M|\n|poke|p1|Sinistcha-Masterpiece|\n|poke|p2|Arcanine, M|\n|poke|p2|Gothitelle, M|\n|poke|p2|Chansey, F|\n|poke|p2|Glimmora, F|\n|poke|p2|Ting-Lu|\n|poke|p2|Wo-Chien|\n|teampreview\n|\n|t:|1697887413\n|start\n|switch|p1a: Toxapex|Toxapex, M|100\/100\n|switch|p1b: Toedscruel|Toedscruel, M|100\/100\n|switch|p2a: Arcanine|Arcanine, M|100\/100\n|switch|p2b: Glimmora|Glimmora, F|100\/100\n|-ability|p2a: Arcanine|Intimidate|boost\n|-unboost|p1a: Toxapex|atk|1\n|-unboost|p1b: Toedscruel|atk|1\n|turn|1\n|\n|t:|1697887427\n|move|p2a: Arcanine|Protect|p2a: Arcanine\n|-singleturn|p2a: Arcanine|Protect\n|move|p2b: Glimmora|Toxic Spikes|p1a: Toxapex\n|-sidestart|p1: oldmate220596|move: Toxic Spikes\n|move|p1a: Toxapex|Toxic|p2b: Glimmora\n|-immune|p2b: Glimmora\n|move|p1b: Toedscruel|Leech Seed|p2a: Arcanine\n|-activate|p2a: Arcanine|move: Protect\n|\n|upkeep\n|turn|2\n|\n|t:|1697887449\n|move|p2b: Glimmora|Spiky Shield|p2b: Glimmora\n|-singleturn|p2b: Glimmora|move: Protect\n|move|p2a: Arcanine|Will-O-Wisp|p1b: Toedscruel\n|-status|p1b: Toedscruel|brn\n|move|p1a: Toxapex|Infestation|p2b: Glimmora\n|-activate|p2b: Glimmora|move: Protect\n|-damage|p1a: Toxapex|88\/100|[from] Spiky Shield|[of] p2b: Glimmora\n|move|p1b: Toedscruel|Leech Seed|p2b: Glimmora\n|-activate|p2b: Glimmora|move: Protect\n|\n|-heal|p1a: Toxapex|94\/100|[from] item: Black Sludge\n|-damage|p1b: Toedscruel|94\/100 brn|[from] brn\n|upkeep\n|turn|3\n|\n|t:|1697887467\n|move|p2b: Glimmora|Mortal Spin|p1b: Toedscruel|[spread] p1a,p1b\n|-resisted|p1a: Toxapex\n|-damage|p1a: Toxapex|93\/100\n|-damage|p1b: Toedscruel|89\/100 brn\n|move|p2a: Arcanine|Snarl|p1b: Toedscruel|[spread] p1a,p1b\n|-damage|p1a: Toxapex|85\/100\n|-damage|p1b: Toedscruel|83\/100 brn\n|-unboost|p1a: Toxapex|spa|1\n|-unboost|p1b: Toedscruel|spa|1\n|move|p1a: Toxapex|Infestation|p2b: Glimmora\n|-resisted|p2b: Glimmora\n|-damage|p2b: Glimmora|99\/100\n|-activate|p2b: Glimmora|move: Infestation|[of] p1a: Toxapex\n|move|p1b: Toedscruel|Leech Seed|p2b: Glimmora\n|-start|p2b: Glimmora|move: Leech Seed\n|\n|-heal|p1b: Toedscruel|89\/100 brn|[from] item: Leftovers\n|-heal|p1a: Toxapex|91\/100|[from] item: Black Sludge\n|-damage|p2b: Glimmora|87\/100|[from] Leech Seed|[of] p1b: Toedscruel\n|-heal|p1b: Toedscruel|100\/100 brn|[silent]\n|-damage|p1b: Toedscruel|94\/100 brn|[from] brn\n|-damage|p2b: Glimmora|75\/100|[from] move: Infestation|[partiallytrapped]\n|upkeep\n|turn|4\n|\n|t:|1697887491\n|move|p2b: Glimmora|Sludge Bomb|p1b: Toedscruel\n|-damage|p1b: Toedscruel|70\/100 brn\n|move|p2a: Arcanine|Flamethrower|p1b: Toedscruel\n|-supereffective|p1b: Toedscruel\n|-damage|p1b: Toedscruel|32\/100 brn\n|move|p1a: Toxapex|Toxic|p2a: Arcanine\n|-status|p2a: Arcanine|tox\n|move|p1b: Toedscruel|Leech Seed|p2a: Arcanine|[miss]\n|-miss|p1b: Toedscruel|p2a: Arcanine\n|\n|-heal|p1b: Toedscruel|38\/100 brn|[from] item: Leftovers\n|-heal|p1a: Toxapex|97\/100|[from] item: Black Sludge\n|-damage|p2b: Glimmora|62\/100|[from] Leech Seed|[of] p1b: Toedscruel\n|-heal|p1b: Toedscruel|50\/100 brn|[silent]\n|-damage|p2a: Arcanine|94\/100 tox|[from] psn\n|-damage|p1b: Toedscruel|44\/100 brn|[from] brn\n|-damage|p2b: Glimmora|50\/100|[from] move: Infestation|[partiallytrapped]\n|upkeep\n|turn|5\n|\n|t:|1697887519\n|move|p1b: Toedscruel|Protect|p1b: Toedscruel\n|-singleturn|p1b: Toedscruel|Protect\n|move|p2b: Glimmora|Mortal Spin|p1a: Toxapex|[spread] p1a\n|-activate|p1b: Toedscruel|move: Protect\n|-resisted|p1a: Toxapex\n|-damage|p1a: Toxapex|96\/100\n|-end|p2b: Glimmora|Leech Seed|[from] move: Mortal Spin|[of] p2b: Glimmora\n|-end|p2b: Glimmora|Infestation|[partiallytrapped]\n|move|p2a: Arcanine|Snarl|p1b: Toedscruel|[spread] p1a\n|-activate|p1b: Toedscruel|move: Protect\n|-damage|p1a: Toxapex|88\/100\n|-unboost|p1a: Toxapex|spa|1\n|move|p1a: Toxapex|Infestation|p2a: Arcanine\n|-resisted|p2a: Arcanine\n|-damage|p2a: Arcanine|94\/100 tox\n|-activate|p2a: Arcanine|move: Infestation|[of] p1a: Toxapex\n|\n|-heal|p1b: Toedscruel|50\/100 brn|[from] item: Leftovers\n|-heal|p1a: Toxapex|94\/100|[from] item: Black Sludge\n|-damage|p2a: Arcanine|81\/100 tox|[from] psn\n|-damage|p1b: Toedscruel|44\/100 brn|[from] brn\n|-damage|p2a: Arcanine|69\/100 tox|[from] move: Infestation|[partiallytrapped]\n|upkeep\n|turn|6\n|\n|t:|1697887557\n|switch|p2b: Ting-Lu|Ting-Lu|100\/100\n|-ability|p2b: Ting-Lu|Vessel of Ruin\n|move|p2a: Arcanine|Will-O-Wisp|p1a: Toxapex|[miss]\n|-miss|p2a: Arcanine|p1a: Toxapex\n|move|p1a: Toxapex|Infestation|p2b: Ting-Lu\n|-supereffective|p2b: Ting-Lu\n|-damage|p2b: Ting-Lu|99\/100\n|-activate|p2b: Ting-Lu|move: Infestation|[of] p1a: Toxapex\n|move|p1b: Toedscruel|Leech Seed|p2b: Ting-Lu\n|-start|p2b: Ting-Lu|move: Leech Seed\n|\n|-heal|p1b: Toedscruel|50\/100 brn|[from] item: Leftovers\n|-heal|p2b: Ting-Lu|100\/100|[from] item: Leftovers\n|-heal|p1a: Toxapex|100\/100|[from] item: Black Sludge\n|-damage|p2b: Ting-Lu|88\/100|[from] Leech Seed|[of] p1b: Toedscruel\n|-heal|p1b: Toedscruel|68\/100 brn|[silent]\n|-damage|p2a: Arcanine|50\/100 tox|[from] psn\n|-damage|p1b: Toedscruel|62\/100 brn|[from] brn\n|-damage|p2a: Arcanine|37\/100 tox|[from] move: Infestation|[partiallytrapped]\n|-damage|p2b: Ting-Lu|76\/100|[from] move: Infestation|[partiallytrapped]\n|upkeep\n|-enditem|p2a: Arcanine|Sitrus Berry|[eat]\n|-heal|p2a: Arcanine|62\/100 tox|[from] item: Sitrus Berry\n|turn|7\n|\n|t:|1697887584\n|move|p2a: Arcanine|Flamethrower|p1b: Toedscruel\n|-supereffective|p1b: Toedscruel\n|-damage|p1b: Toedscruel|35\/100 brn\n|move|p2b: Ting-Lu|Spikes|p1b: Toedscruel\n|-sidestart|p1: oldmate220596|Spikes\n|move|p1a: Toxapex|Toxic|p2b: Ting-Lu\n|-status|p2b: Ting-Lu|tox\n|move|p1b: Toedscruel|Leech Seed|p2a: Arcanine\n|-start|p2a: Arcanine|move: Leech Seed\n|\n|-heal|p1b: Toedscruel|41\/100 brn|[from] item: Leftovers\n|-heal|p2b: Ting-Lu|82\/100 tox|[from] item: Leftovers\n|-damage|p2a: Arcanine|50\/100 tox|[from] Leech Seed|[of] p1b: Toedscruel\n|-heal|p1b: Toedscruel|54\/100 brn|[silent]\n|-damage|p2b: Ting-Lu|69\/100 tox|[from] Leech Seed|[of] p1b: Toedscruel\n|-heal|p1b: Toedscruel|72\/100 brn|[silent]\n|-damage|p2a: Arcanine|25\/100 tox|[from] psn\n|-damage|p2b: Ting-Lu|63\/100 tox|[from] psn\n|-damage|p1b: Toedscruel|66\/100 brn|[from] brn\n|-damage|p2a: Arcanine|12\/100 tox|[from] move: Infestation|[partiallytrapped]\n|-damage|p2b: Ting-Lu|51\/100 tox|[from] move: Infestation|[partiallytrapped]\n|upkeep\n|turn|8\n|\n|t:|1697887611\n|move|p1a: Toxapex|Baneful Bunker|p1a: Toxapex\n|-singleturn|p1a: Toxapex|move: Protect\n|move|p2a: Arcanine|Flamethrower|p1b: Toedscruel\n|-supereffective|p1b: Toedscruel\n|-damage|p1b: Toedscruel|36\/100 brn\n|move|p1b: Toedscruel|Spikes|p2a: Arcanine\n|-sidestart|p2: Pizolitto|Spikes\n|move|p2b: Ting-Lu|Whirlwind|p1a: Toxapex\n|drag|p1a: Garganacl|Garganacl, F|100\/100\n|-damage|p1a: Garganacl|88\/100|[from] Spikes\n|\n|-heal|p1b: Toedscruel|42\/100 brn|[from] item: Leftovers\n|-heal|p2b: Ting-Lu|57\/100 tox|[from] item: Leftovers\n|-heal|p1a: Garganacl|94\/100|[from] item: Leftovers\n|-damage|p2a: Arcanine|0 fnt|[from] Leech Seed|[of] p1b: Toedscruel\n|-heal|p1b: Toedscruel|54\/100 brn|[silent]\n|faint|p2a: Arcanine\n|-damage|p2b: Ting-Lu|44\/100 tox|[from] Leech Seed|[of] p1b: Toedscruel\n|-heal|p1b: Toedscruel|72\/100 brn|[silent]\n|-damage|p2b: Ting-Lu|32\/100 tox|[from] psn\n|-damage|p1b: Toedscruel|66\/100 brn|[from] brn\n|-end|p2b: Ting-Lu|Infestation|[partiallytrapped]|[silent]\n|upkeep\n|\n|t:|1697887632\n|switch|p2a: Wo-Chien|Wo-Chien|100\/100\n|-damage|p2a: Wo-Chien|88\/100|[from] Spikes\n|-ability|p2a: Wo-Chien|Tablets of Ruin\n|turn|9\n|\n|t:|1697887643\n|switch|p1b: Toxapex|Toxapex, M|100\/100\n|-sideend|p1: oldmate220596|move: Toxic Spikes|[of] p1b: Toxapex\n|-damage|p1b: Toxapex|88\/100|[from] Spikes\n|move|p2a: Wo-Chien|Pollen Puff|p2b: Ting-Lu\n|-heal|p2b: Ting-Lu|82\/100 tox\n|move|p1a: Garganacl|Salt Cure|p2a: Wo-Chien\n|-damage|p2a: Wo-Chien|82\/100\n|-start|p2a: Wo-Chien|Salt Cure\n|move|p2b: Ting-Lu|Whirlwind|p1b: Toxapex\n|drag|p1b: Sinistcha|Sinistcha-Masterpiece|100\/100\n|-damage|p1b: Sinistcha|88\/100|[from] Spikes\n|-heal|p1a: Garganacl|100\/100|[from] ability: Hospitality|[of] p1b: Sinistcha\n|\n|-heal|p1b: Sinistcha|94\/100|[from] item: Leftovers\n|-heal|p2a: Wo-Chien|88\/100|[from] item: Leftovers\n|-heal|p2b: Ting-Lu|88\/100 tox|[from] item: Leftovers\n|-damage|p2b: Ting-Lu|76\/100 tox|[from] Leech Seed|[of] p1b: Sinistcha\n|-heal|p1b: Sinistcha|100\/100|[silent]\n|-damage|p2b: Ting-Lu|57\/100 tox|[from] psn\n|-damage|p2a: Wo-Chien|75\/100|[from] Salt Cure\n|upkeep\n|turn|10\n|\n|t:|1697887676\n|move|p2a: Wo-Chien|Leech Seed|p1a: Garganacl\n|-start|p1a: Garganacl|move: Leech Seed\n|move|p1b: Sinistcha|Matcha Gotcha|p2a: Wo-Chien|[spread] p2a,p2b\n|-resisted|p2a: Wo-Chien\n|-supereffective|p2b: Ting-Lu\n|-damage|p2a: Wo-Chien|68\/100\n|-damage|p2b: Ting-Lu|37\/100 tox\n|-status|p2a: Wo-Chien|brn\n|move|p2b: Ting-Lu|Stomping Tantrum|p1b: Sinistcha\n|-resisted|p1b: Sinistcha\n|-damage|p1b: Sinistcha|93\/100\n|move|p1a: Garganacl|Iron Defense|p1a: Garganacl\n|-boost|p1a: Garganacl|def|2\n|\n|-heal|p1b: Sinistcha|99\/100|[from] item: Leftovers\n|-heal|p2a: Wo-Chien|75\/100 brn|[from] item: Leftovers\n|-heal|p2b: Ting-Lu|43\/100 tox|[from] item: Leftovers\n|-damage|p2b: Ting-Lu|31\/100 tox|[from] Leech Seed|[of] p1b: Sinistcha\n|-heal|p1b: Sinistcha|100\/100|[silent]\n|-damage|p1a: Garganacl|88\/100|[from] Leech Seed|[of] p2a: Wo-Chien\n|-heal|p2a: Wo-Chien|88\/100 brn|[silent]\n|-damage|p2b: Ting-Lu|6\/100 tox|[from] psn\n|-damage|p2a: Wo-Chien|82\/100 brn|[from] brn\n|-damage|p2a: Wo-Chien|69\/100 brn|[from] Salt Cure\n|upkeep\n|turn|11\n|\n|t:|1697887704\n|switch|p2b: Glimmora|Glimmora, F|50\/100\n|-damage|p2b: Glimmora|37\/100|[from] Spikes\n|move|p2a: Wo-Chien|Pollen Puff|p2b: Glimmora\n|-heal|p2b: Glimmora|87\/100\n|move|p1b: Sinistcha|Strength Sap|p2a: Wo-Chien\n|-unboost|p2a: Wo-Chien|atk|1\n|move|p1a: Garganacl|Body Press|p2a: Wo-Chien\n|-supereffective|p2a: Wo-Chien\n|-damage|p2a: Wo-Chien|23\/100 brn\n|\n|-heal|p2a: Wo-Chien|29\/100 brn|[from] item: Leftovers\n|-heal|p1a: Garganacl|94\/100|[from] item: Leftovers\n|-damage|p1a: Garganacl|82\/100|[from] Leech Seed|[of] p2a: Wo-Chien\n|-heal|p2a: Wo-Chien|42\/100 brn|[silent]\n|-damage|p2a: Wo-Chien|36\/100 brn|[from] brn\n|-damage|p2a: Wo-Chien|24\/100 brn|[from] Salt Cure\n|upkeep\n|turn|12\n|\n|t:|1697887737\n|switch|p1b: Toedscruel|Toedscruel, M|66\/100 brn\n|-damage|p1b: Toedscruel|54\/100 brn|[from] Spikes\n|move|p2a: Wo-Chien|Protect|p2a: Wo-Chien\n|-singleturn|p2a: Wo-Chien|Protect\n|move|p2b: Glimmora|Mortal Spin|p1a: Garganacl|[spread] p1a,p1b\n|-resisted|p1a: Garganacl\n|-damage|p1a: Garganacl|81\/100\n|-damage|p1b: Toedscruel|49\/100 brn\n|-sideend|p2: Pizolitto|Spikes|[from] move: Mortal Spin|[of] p2b: Glimmora\n|move|p1a: Garganacl|Salt Cure|p2b: Glimmora\n|-damage|p2b: Glimmora|78\/100\n|-start|p2b: Glimmora|Salt Cure\n|-activate|p2b: Glimmora|ability: Toxic Debris\n|-sidestart|p1: oldmate220596|move: Toxic Spikes\n|\n|-heal|p1b: Toedscruel|55\/100 brn|[from] item: Leftovers\n|-heal|p2a: Wo-Chien|30\/100 brn|[from] item: Leftovers\n|-heal|p1a: Garganacl|88\/100|[from] item: Leftovers\n|-damage|p1a: Garganacl|75\/100|[from] Leech Seed|[of] p2a: Wo-Chien\n|-heal|p2a: Wo-Chien|44\/100 brn|[silent]\n|-damage|p1b: Toedscruel|49\/100 brn|[from] brn\n|-damage|p2a: Wo-Chien|37\/100 brn|[from] brn\n|-damage|p2b: Glimmora|65\/100|[from] Salt Cure\n|-damage|p2a: Wo-Chien|25\/100 brn|[from] Salt Cure\n|upkeep\n|turn|13\n|\n|t:|1697887774\n|switch|p2b: Ting-Lu|Ting-Lu|6\/100 tox\n|-ability|p2b: Ting-Lu|Vessel of Ruin\n|move|p2a: Wo-Chien|Pollen Puff|p2b: Ting-Lu\n|-heal|p2b: Ting-Lu|56\/100 tox\n|move|p1a: Garganacl|Salt Cure|p2a: Wo-Chien\n|-damage|p2a: Wo-Chien|18\/100 brn\n|move|p1b: Toedscruel|Leech Seed|p2b: Ting-Lu\n|-start|p2b: Ting-Lu|move: Leech Seed\n|\n|-heal|p1b: Toedscruel|55\/100 brn|[from] item: Leftovers\n|-heal|p2a: Wo-Chien|24\/100 brn|[from] item: Leftovers\n|-heal|p2b: Ting-Lu|62\/100 tox|[from] item: Leftovers\n|-heal|p1a: Garganacl|81\/100|[from] item: Leftovers\n|-damage|p2b: Ting-Lu|50\/100 tox|[from] Leech Seed|[of] p1b: Toedscruel\n|-heal|p1b: Toedscruel|73\/100 brn|[silent]\n|-damage|p1a: Garganacl|69\/100|[from] Leech Seed|[of] p2a: Wo-Chien\n|-heal|p2a: Wo-Chien|37\/100 brn|[silent]\n|-damage|p2b: Ting-Lu|44\/100 tox|[from] psn\n|-damage|p1b: Toedscruel|67\/100 brn|[from] brn\n|-damage|p2a: Wo-Chien|31\/100 brn|[from] brn\n|-damage|p2a: Wo-Chien|19\/100 brn|[from] Salt Cure\n|upkeep\n|turn|14\n|\n|t:|1697887804\n|move|p2a: Wo-Chien|Leech Seed|p1b: Toedscruel\n|-immune|p1b: Toedscruel\n|move|p1a: Garganacl|Salt Cure|p2b: Ting-Lu\n|-resisted|p2b: Ting-Lu\n|-damage|p2b: Ting-Lu|41\/100 tox\n|-start|p2b: Ting-Lu|Salt Cure\n|move|p1b: Toedscruel|Spikes|p2a: Wo-Chien\n|-sidestart|p2: Pizolitto|Spikes\n|move|p2b: Ting-Lu|Whirlwind|p1a: Garganacl\n|drag|p1a: Toxapex|Toxapex, M|100\/100\n|-damage|p1a: Toxapex|88\/100|[from] Spikes\n|-sideend|p1: oldmate220596|move: Toxic Spikes|[of] p1a: Toxapex\n|\n|-heal|p1b: Toedscruel|73\/100 brn|[from] item: Leftovers\n|-heal|p2a: Wo-Chien|25\/100 brn|[from] item: Leftovers\n|-heal|p2b: Ting-Lu|47\/100 tox|[from] item: Leftovers\n|-heal|p1a: Toxapex|94\/100|[from] item: Black Sludge\n|-damage|p2b: Ting-Lu|35\/100 tox|[from] Leech Seed|[of] p1b: Toedscruel\n|-heal|p1b: Toedscruel|90\/100 brn|[silent]\n|-damage|p2b: Ting-Lu|22\/100 tox|[from] psn\n|-damage|p1b: Toedscruel|84\/100 brn|[from] brn\n|-damage|p2a: Wo-Chien|19\/100 brn|[from] brn\n|-damage|p2a: Wo-Chien|6\/100 brn|[from] Salt Cure\n|-damage|p2b: Ting-Lu|10\/100 tox|[from] Salt Cure\n|upkeep\n|turn|15\n|\n|t:|1697887839\n|move|p2a: Wo-Chien|Pollen Puff|p2b: Ting-Lu\n|-heal|p2b: Ting-Lu|60\/100 tox\n|move|p1a: Toxapex|Infestation|p2a: Wo-Chien\n|-supereffective|p2a: Wo-Chien\n|-damage|p2a: Wo-Chien|0 fnt\n|faint|p2a: Wo-Chien\n|move|p1b: Toedscruel|Spikes|p2b: Ting-Lu\n|-sidestart|p2: Pizolitto|Spikes\n|move|p2b: Ting-Lu|Whirlwind|p1a: Toxapex\n|drag|p1a: Clodsire|Clodsire, M|100\/100\n|-damage|p1a: Clodsire|88\/100|[from] Spikes\n|\n|-heal|p1b: Toedscruel|90\/100 brn|[from] item: Leftovers\n|-heal|p2b: Ting-Lu|66\/100 tox|[from] item: Leftovers\n|-heal|p1a: Clodsire|94\/100|[from] item: Black Sludge\n|-damage|p2b: Ting-Lu|53\/100 tox|[from] Leech Seed|[of] p1b: Toedscruel\n|-heal|p1b: Toedscruel|100\/100 brn|[silent]\n|-damage|p2b: Ting-Lu|35\/100 tox|[from] psn\n|-damage|p1b: Toedscruel|94\/100 brn|[from] brn\n|-damage|p2b: Ting-Lu|22\/100 tox|[from] Salt Cure\n|upkeep\n|\n|t:|1697887869\n|switch|p2a: Glimmora|Glimmora, F|65\/100\n|-damage|p2a: Glimmora|49\/100|[from] Spikes\n|turn|16\n|\n|t:|1697887894\n|move|p2b: Ting-Lu|Protect|p2b: Ting-Lu\n|-singleturn|p2b: Ting-Lu|Protect\n|move|p2a: Glimmora|Toxic Spikes|p1b: Toedscruel\n|-sidestart|p1: oldmate220596|move: Toxic Spikes\n|move|p1a: Clodsire|Body Press|p2b: Ting-Lu\n|-activate|p2b: Ting-Lu|move: Protect\n|move|p1b: Toedscruel|Leech Seed|p2a: Glimmora\n|-start|p2a: Glimmora|move: Leech Seed\n|\n|-heal|p1b: Toedscruel|100\/100 brn|[from] item: Leftovers\n|-heal|p2b: Ting-Lu|29\/100 tox|[from] item: Leftovers\n|-heal|p1a: Clodsire|100\/100|[from] item: Black Sludge\n|-damage|p2a: Glimmora|36\/100|[from] Leech Seed|[of] p1b: Toedscruel\n|-damage|p2b: Ting-Lu|16\/100 tox|[from] Leech Seed|[of] p1b: Toedscruel\n|-damage|p2b: Ting-Lu|0 fnt|[from] psn\n|faint|p2b: Ting-Lu\n|-damage|p1b: Toedscruel|94\/100 brn|[from] brn\n|upkeep\n|\n|t:|1697887913\n|switch|p2b: Gothitelle|Gothitelle, M|100\/100\n|-damage|p2b: Gothitelle|84\/100|[from] Spikes\n|-item|p1a: Clodsire|Black Sludge|[from] ability: Frisk|[of] p2b: Gothitelle|[identify]\n|-item|p1b: Toedscruel|Leftovers|[from] ability: Frisk|[of] p2b: Gothitelle|[identify]\n|turn|17\n|-message|oldmate220596 forfeited.\n|\n|win|Pizolitto\n|raw|oldmate220596's rating: 1101 &rarr; <strong>1076<\/strong><br \/>(-25 for losing)\n|raw|Pizolitto's rating: 1106 &rarr; <strong>1131<\/strong><br \/>(+25 for winning)\n|l|\u2606oldmate220596\n","uploadtime":1697887946,"views":23,"p1id":"oldmate220596","p2id":"pizolitto","formatid":"gen9doublesou","rating":1076,"private":0,"password":""}