{"id":"gen9doublesou-1991166232","p1":"ranis_elh","p2":"Penter","format":"[Gen 9] Doubles OU","log":"|j|\u2606ranis_elh\n|j|\u2606Penter\n|inactive|Battle timer is ON: inactive players will automatically lose when time's up.\n|j|*Lady Monita \u2746\n|t:|1700052558\n|gametype|doubles\n|player|p1|ranis_elh|ghetsis|\n|player|p2|Penter|n|\n|teamsize|p1|6\n|teamsize|p2|6\n|gen|9\n|tier|[Gen 9] Doubles OU\n|rated|Tournament battle\n|rule|Species Clause: Limit one of each Pok\u00e9mon\n|rule|OHKO Clause: OHKO moves are banned\n|rule|Evasion Moves Clause: Evasion moves are banned\n|rule|Gravity Sleep Clause: The combination of sleep-inducing moves with imperfect accuracy and Gravity or Gigantamax Orbeetle are banned\n|rule|Endless Battle Clause: Forcing endless battles is banned\n|rule|HP Percentage Mod: HP is shown in percentages\n|rule|2 Ability Clause: Limit 2 of each ability\n|clearpoke\n|poke|p1|Ninetales-Alola, M|\n|poke|p1|Manaphy|\n|poke|p1|Pelipper, M|\n|poke|p1|Palafin, M|\n|poke|p1|Amoonguss, M|\n|poke|p1|Ogerpon-Hearthflame, F|\n|poke|p2|Rillaboom, F|\n|poke|p2|Ogerpon-Hearthflame, F|\n|poke|p2|Iron Hands|\n|poke|p2|Dragonite, M|\n|poke|p2|Flutter Mane|\n|poke|p2|Urshifu-*, M|\n|teampreview\n|inactive|ranis_elh also wants the timer to be on.\n|c|\u2606ranis_elh|hello\n|c|\u2606Penter|hf\n|inactive|Penter has 120 seconds left.\n|c|\u2606ranis_elh|good luck\n|\n|t:|1700052596\n|start\n|switch|p1a: Ninetales|Ninetales-Alola, M, shiny|100\/100\n|switch|p1b: Palafin|Palafin, M|100\/100\n|switch|p2a: Iron Hands|Iron Hands|100\/100\n|switch|p2b: Ogerpon|Ogerpon-Hearthflame, F|100\/100\n|-weather|Snow|[from] ability: Snow Warning|[of] p1a: Ninetales\n|turn|1\n|j| Giga\u32dbChandelure-\u2602\n|\n|t:|1700052619\n|detailschange|p1b: Palafin|Palafin-Hero, M\n|switch|p1b: Amoonguss|Amoonguss, M, shiny|100\/100\n|move|p1a: Ninetales|Dazzling Gleam|p2a: Iron Hands|[spread] p2a,p2b\n|-supereffective|p2a: Iron Hands\n|-resisted|p2b: Ogerpon\n|-damage|p2a: Iron Hands|58\/100\n|-damage|p2b: Ogerpon|88\/100\n|move|p2b: Ogerpon|Ivy Cudgel|p1a: Ninetales|[anim] Ivy Cudgel Fire\n|-supereffective|p1a: Ninetales\n|-damage|p1a: Ninetales|0 fnt\n|faint|p1a: Ninetales\n|move|p2a: Iron Hands|Swords Dance|p2a: Iron Hands\n|-boost|p2a: Iron Hands|atk|2\n|\n|-weather|Snow|[upkeep]\n|upkeep\n|inactive|ranis_elh has 120 seconds left.\n|\n|t:|1700052636\n|switch|p1a: Palafin|Palafin-Hero, M|100\/100\n|-activate|p1a: Palafin|ability: Zero to Hero\n|turn|2\n|\n|t:|1700052658\n|move|p2a: Iron Hands|Drain Punch|p1a: Palafin\n|-damage|p1a: Palafin|3\/100\n|-heal|p2a: Iron Hands|91\/100|[from] drain|[of] p1a: Palafin\n|move|p1a: Palafin|Wave Crash|p2b: Ogerpon\n|-damage|p2b: Ogerpon|0 fnt\n|faint|p2b: Ogerpon\n|-damage|p1a: Palafin|0 fnt|[from] Recoil\n|faint|p1a: Palafin\n|move|p1b: Amoonguss|Spore|p2a: Iron Hands\n|-status|p2a: Iron Hands|slp|[from] move: Spore\n|\n|-weather|Snow|[upkeep]\n|upkeep\n|\n|t:|1700052672\n|switch|p1a: Pelipper|Pelipper, M, shiny|100\/100\n|switch|p2b: Rillaboom|Rillaboom, F|100\/100\n|-fieldstart|move: Grassy Terrain|[from] ability: Grassy Surge|[of] p2b: Rillaboom\n|-weather|RainDance|[from] ability: Drizzle|[of] p1a: Pelipper\n|turn|3\n|inactive|ranis_elh has 120 seconds left.\n|\n|t:|1700052708\n|switch|p1a: Ogerpon|Ogerpon-Hearthflame, F|100\/100\n|-ability|p1a: Ogerpon|Mold Breaker\n|move|p2b: Rillaboom|Fake Out|p1a: Ogerpon\n|-damage|p1a: Ogerpon|81\/100\n|cant|p2a: Iron Hands|slp\n|move|p1b: Amoonguss|Clear Smog|p2b: Rillaboom\n|-supereffective|p2b: Rillaboom\n|-damage|p2b: Rillaboom|78\/100\n|-clearboost|p2b: Rillaboom\n|\n|-weather|RainDance|[upkeep]\n|-heal|p1a: Ogerpon|87\/100|[from] Grassy Terrain\n|-heal|p2b: Rillaboom|84\/100|[from] Grassy Terrain\n|-heal|p2a: Iron Hands|97\/100 slp|[from] Grassy Terrain\n|upkeep\n|turn|4\n|inactive|ranis_elh has 120 seconds left.\n|\n|t:|1700052732\n|cant|p2a: Iron Hands|slp\n|move|p1a: Ogerpon|Ivy Cudgel|p2b: Rillaboom|[anim] Ivy Cudgel Fire\n|-supereffective|p2b: Rillaboom\n|-damage|p2b: Rillaboom|24\/100\n|move|p2b: Rillaboom|U-turn|p1b: Amoonguss\n|-damage|p1b: Amoonguss|74\/100\n|-damage|p2b: Rillaboom|8\/100|[from] item: Rocky Helmet|[of] p1b: Amoonguss\n|\n|t:|1700052744\n|switch|p2b: Dragonite|Dragonite, M|100\/100|[from] U-turn\n|move|p1b: Amoonguss|Clear Smog|p2a: Iron Hands\n|-damage|p2a: Iron Hands|82\/100 slp\n|-clearboost|p2a: Iron Hands\n|\n|-weather|RainDance|[upkeep]\n|-heal|p1a: Ogerpon|93\/100|[from] Grassy Terrain\n|-heal|p2a: Iron Hands|88\/100 slp|[from] Grassy Terrain\n|-heal|p1b: Amoonguss|80\/100|[from] Grassy Terrain\n|upkeep\n|turn|5\n|\n|t:|1700052762\n|move|p2b: Dragonite|Extreme Speed|p1b: Amoonguss\n|-supereffective|p1b: Amoonguss\n|-damage|p1b: Amoonguss|0 fnt\n|-damage|p2b: Dragonite|84\/100|[from] item: Rocky Helmet|[of] p1b: Amoonguss\n|faint|p1b: Amoonguss\n|move|p1a: Ogerpon|Knock Off|p2a: Iron Hands\n|-resisted|p2a: Iron Hands\n|-damage|p2a: Iron Hands|76\/100 slp\n|-enditem|p2a: Iron Hands|Sitrus Berry|[from] move: Knock Off|[of] p1a: Ogerpon\n|cant|p2a: Iron Hands|slp\n|\n|-weather|RainDance|[upkeep]\n|-heal|p1a: Ogerpon|99\/100|[from] Grassy Terrain\n|-heal|p2a: Iron Hands|82\/100 slp|[from] Grassy Terrain\n|upkeep\n|inactive|ranis_elh has 120 seconds left.\n|\n|t:|1700052792\n|switch|p1b: Manaphy|Manaphy|100\/100\n|turn|6\n|\n|t:|1700052818\n|move|p2b: Dragonite|Extreme Speed|p1a: Ogerpon\n|-supereffective|p1a: Ogerpon\n|-damage|p1a: Ogerpon|0 fnt\n|faint|p1a: Ogerpon\n|move|p1b: Manaphy|Blizzard|p2b: Dragonite|[spread] p2a\n|-miss|p1b: Manaphy|p2b: Dragonite\n|-damage|p2a: Iron Hands|57\/100 slp\n|-curestatus|p2a: Iron Hands|slp|[msg]\n|move|p2a: Iron Hands|Swords Dance|p2a: Iron Hands\n|-boost|p2a: Iron Hands|atk|2\n|\n|-weather|RainDance|[upkeep]\n|-heal|p2a: Iron Hands|63\/100|[from] Grassy Terrain\n|upkeep\n|\n|t:|1700052831\n|switch|p1a: Pelipper|Pelipper, M, shiny|100\/100\n|turn|7\n|-message|ranis_elh forfeited.\n|\n|win|Penter\n|n|\u2606ranis_elh|raniselh\n|n|\u2606Penter|penter\n|n|*Lady Monita \u2746|ladymonita\n|n| Giga\u32dbChandelure-\u2602|gigachandelure\n","uploadtime":1700052835,"views":6,"p1id":"raniselh","p2id":"penter","formatid":"gen9doublesou","rating":0,"private":0,"password":""}