{"id":"gen9doublesou-1977064687","p1":"Deriverse","p2":"rgfxfcc","format":"[Gen 9] Doubles OU","log":"|j|\u2606Deriverse\n|j|\u2606rgfxfcc\n|t:|1698367568\n|gametype|doubles\n|player|p1|Deriverse|roxanne|1394\n|player|p2|rgfxfcc|camper|1357\n|teamsize|p1|6\n|teamsize|p2|6\n|gen|9\n|tier|[Gen 9] Doubles OU\n|rated|\n|rule|Species Clause: Limit one of each Pok\u00e9mon\n|rule|OHKO Clause: OHKO moves are banned\n|rule|Evasion Moves Clause: Evasion moves are banned\n|rule|Gravity Sleep Clause: The combination of sleep-inducing moves with imperfect accuracy and Gravity or Gigantamax Orbeetle are banned\n|rule|Endless Battle Clause: Forcing endless battles is banned\n|rule|HP Percentage Mod: HP is shown in percentages\n|clearpoke\n|poke|p1|Golem-Alola, M|\n|poke|p1|Probopass, M|\n|poke|p1|Farigiraf, F|\n|poke|p1|Amoonguss, F|\n|poke|p1|Iron Hands|\n|poke|p1|Kingambit, F|\n|poke|p2|Enamorus, F|\n|poke|p2|Thundurus, M|\n|poke|p2|Iron Hands|\n|poke|p2|Rillaboom, F|\n|poke|p2|Okidogi, M|\n|poke|p2|Sableye, M|\n|teampreview\n|inactive|Battle timer is ON: inactive players will automatically lose when time's up. (requested by Deriverse)\n|\n|t:|1698367587\n|start\n|switch|p1a: Probopass|Probopass, M, shiny|100\/100\n|switch|p1b: Amoonguss|Amoonguss, F|100\/100\n|switch|p2a: Enamorus|Enamorus, F|100\/100\n|switch|p2b: Thundurus|Thundurus, M|100\/100\n|-item|p1a: Probopass|Air Balloon\n|turn|1\n|inactive|rgfxfcc has 120 seconds left.\n|\n|t:|1698367618\n|-terastallize|p2a: Enamorus|Steel\n|move|p2b: Thundurus|Eerie Impulse|p2a: Enamorus\n|-boost|p2a: Enamorus|spa|2\n|move|p2a: Enamorus|Psychic|p1b: Amoonguss\n|-supereffective|p1b: Amoonguss\n|-damage|p1b: Amoonguss|13\/100\n|-unboost|p1b: Amoonguss|spd|1\n|move|p1a: Probopass|Power Gem|p2a: Enamorus\n|-resisted|p2a: Enamorus\n|-damage|p2a: Enamorus|84\/100\n|move|p1b: Amoonguss|Clear Smog|p2a: Enamorus\n|-immune|p2a: Enamorus\n|\n|-heal|p1b: Amoonguss|19\/100|[from] item: Leftovers\n|upkeep\n|turn|2\n|\n|t:|1698367642\n|switch|p1b: Farigiraf|Farigiraf, F|100\/100\n|move|p2b: Thundurus|Eerie Impulse||[still]\n|cant|p1b: Farigiraf|ability: Armor Tail|Eerie Impulse|[of] p2b: Thundurus\n|move|p2a: Enamorus|Psychic|p1b: Farigiraf\n|-resisted|p1b: Farigiraf\n|-damage|p1b: Farigiraf|68\/100\n|move|p1a: Probopass|Thunder Wave|p2a: Enamorus\n|-status|p2a: Enamorus|par\n|\n|-heal|p1b: Farigiraf|74\/100|[from] item: Leftovers\n|upkeep\n|turn|3\n|\n|t:|1698367671\n|move|p2b: Thundurus|Eerie Impulse|p2a: Enamorus\n|-boost|p2a: Enamorus|spa|2\n|move|p2a: Enamorus|Dazzling Gleam|p1b: Farigiraf|[spread] p1a,p1b\n|-resisted|p1a: Probopass\n|-crit|p1a: Probopass\n|-damage|p1a: Probopass|51\/100\n|-damage|p1b: Farigiraf|0 fnt\n|-enditem|p1a: Probopass|Air Balloon\n|faint|p1b: Farigiraf\n|move|p1a: Probopass|Power Gem|p2b: Thundurus\n|-supereffective|p2b: Thundurus\n|-damage|p2b: Thundurus|63\/100\n|\n|upkeep\n|inactive|Deriverse has 120 seconds left.\n|\n|t:|1698367692\n|switch|p1b: Golem|Golem-Alola, M|100\/100\n|-item|p1b: Golem|Air Balloon\n|turn|4\n|\n|t:|1698367706\n|move|p2b: Thundurus|Scary Face|p2a: Enamorus\n|-boost|p2a: Enamorus|spe|2\n|move|p2a: Enamorus|Dazzling Gleam|p1a: Probopass|[spread] p1a,p1b\n|-resisted|p1a: Probopass\n|-damage|p1a: Probopass|21\/100\n|-damage|p1b: Golem|0 fnt\n|-enditem|p1b: Golem|Air Balloon\n|faint|p1b: Golem\n|move|p1a: Probopass|Power Gem|p2b: Thundurus\n|-supereffective|p2b: Thundurus\n|-damage|p2b: Thundurus|26\/100\n|\n|upkeep\n|inactive|Deriverse has 120 seconds left.\n|\n|t:|1698367720\n|switch|p1b: Kingambit|Kingambit, F|100\/100\n|-activate|p1b: Kingambit|ability: Supreme Overlord\n|-start|p1b: Kingambit|fallen2|[silent]\n|turn|5\n|\n|t:|1698367736\n|-terastallize|p1b: Kingambit|Dark\n|move|p2b: Thundurus|Eerie Impulse|p1a: Probopass\n|-unboost|p1a: Probopass|spa|2\n|move|p1b: Kingambit|Sucker Punch|p2a: Enamorus\n|-damage|p2a: Enamorus|0 fnt\n|faint|p2a: Enamorus\n|move|p1a: Probopass|Stealth Rock|p2b: Thundurus\n|-sidestart|p2: rgfxfcc|move: Stealth Rock\n|\n|upkeep\n|\n|t:|1698367749\n|switch|p2a: Iron Hands|Iron Hands|100\/100\n|-damage|p2a: Iron Hands|94\/100|[from] Stealth Rock\n|turn|6\n|\n|t:|1698367766\n|-end|p1b: Kingambit|fallen2|[silent]\n|switch|p1b: Amoonguss|Amoonguss, F|52\/100\n|move|p2b: Thundurus|Thunder Wave|p1a: Probopass\n|-status|p1a: Probopass|par\n|move|p2a: Iron Hands|Close Combat|p1b: Amoonguss\n|-resisted|p1b: Amoonguss\n|-damage|p1b: Amoonguss|11\/100\n|-unboost|p2a: Iron Hands|def|1\n|-unboost|p2a: Iron Hands|spd|1\n|cant|p1a: Probopass|par\n|\n|-heal|p1b: Amoonguss|17\/100|[from] item: Leftovers\n|upkeep\n|turn|7\n|\n|t:|1698367784\n|switch|p1b: Iron Hands|Iron Hands|100\/100\n|move|p2b: Thundurus|Thunder Wave|p1b: Iron Hands\n|-immune|p1b: Iron Hands\n|move|p2a: Iron Hands|Close Combat|p1a: Probopass\n|-supereffective|p1a: Probopass\n|-damage|p1a: Probopass|0 fnt\n|-unboost|p2a: Iron Hands|def|1\n|-unboost|p2a: Iron Hands|spd|1\n|faint|p1a: Probopass\n|\n|upkeep\n|\n|t:|1698367800\n|switch|p1a: Amoonguss|Amoonguss, F|51\/100\n|turn|8\n|\n|t:|1698367817\n|-end|p2a: Iron Hands|Quark Drive|[silent]\n|switch|p2a: Sableye|Sableye, M|100\/100\n|-damage|p2a: Sableye|88\/100|[from] Stealth Rock\n|move|p2b: Thundurus|Thunder Wave|p1a: Amoonguss\n|-status|p1a: Amoonguss|par\n|move|p1b: Iron Hands|Drain Punch|p2a: Sableye\n|-immune|p2a: Sableye\n|move|p1a: Amoonguss|Spore|p2b: Thundurus\n|-status|p2b: Thundurus|slp|[from] move: Spore\n|\n|-heal|p1a: Amoonguss|57\/100 par|[from] item: Leftovers\n|upkeep\n|turn|9\n|\n|t:|1698367842\n|move|p1a: Amoonguss|Rage Powder|p1a: Amoonguss\n|-singleturn|p1a: Amoonguss|move: Rage Powder\n|cant|p2b: Thundurus|slp\n|move|p2a: Sableye|Will-O-Wisp||[still]\n|-fail|p2a: Sableye\n|move|p1b: Iron Hands|Swords Dance|p1b: Iron Hands\n|-boost|p1b: Iron Hands|atk|2\n|\n|-heal|p1a: Amoonguss|63\/100 par|[from] item: Leftovers\n|upkeep\n|turn|10\n|\n|t:|1698367860\n|move|p1a: Amoonguss|Rage Powder|p1a: Amoonguss\n|-singleturn|p1a: Amoonguss|move: Rage Powder\n|cant|p2b: Thundurus|slp\n|move|p2a: Sableye|Encore|p1a: Amoonguss\n|-start|p1a: Amoonguss|Encore\n|move|p1b: Iron Hands|Wild Charge|p2a: Sableye\n|-damage|p2a: Sableye|0 fnt\n|faint|p2a: Sableye\n|-damage|p1b: Iron Hands|87\/100|[from] Recoil\n|\n|-heal|p1b: Iron Hands|94\/100|[from] item: Leftovers\n|-heal|p1a: Amoonguss|69\/100 par|[from] item: Leftovers\n|upkeep\n|\n|t:|1698367870\n|switch|p2a: Rillaboom|Rillaboom, F|100\/100\n|-damage|p2a: Rillaboom|88\/100|[from] Stealth Rock\n|-fieldstart|move: Grassy Terrain|[from] ability: Grassy Surge|[of] p2a: Rillaboom\n|turn|11\n|\n|t:|1698367885\n|move|p2a: Rillaboom|Fake Out|p1b: Iron Hands\n|-damage|p1b: Iron Hands|85\/100\n|move|p1a: Amoonguss|Rage Powder|p1a: Amoonguss\n|-singleturn|p1a: Amoonguss|move: Rage Powder\n|-curestatus|p2b: Thundurus|slp|[msg]\n|move|p2b: Thundurus|Taunt|p1a: Amoonguss\n|-start|p1a: Amoonguss|move: Taunt\n|cant|p1b: Iron Hands|flinch\n|\n|-heal|p2a: Rillaboom|94\/100|[from] Grassy Terrain\n|-heal|p1b: Iron Hands|92\/100|[from] Grassy Terrain\n|-heal|p1b: Iron Hands|98\/100|[from] item: Leftovers\n|-heal|p1a: Amoonguss|76\/100 par|[from] Grassy Terrain\n|-heal|p1a: Amoonguss|82\/100 par|[from] item: Leftovers\n|upkeep\n|turn|12\n|\n|t:|1698367907\n|switch|p1a: Kingambit|Kingambit, F, tera:Dark|100\/100\n|-activate|p1a: Kingambit|ability: Supreme Overlord\n|-start|p1a: Kingambit|fallen3|[silent]\n|move|p2b: Thundurus|Taunt|p1b: Iron Hands\n|-start|p1b: Iron Hands|move: Taunt\n|move|p2a: Rillaboom|Wood Hammer|p1b: Iron Hands\n|-damage|p1b: Iron Hands|50\/100\n|-damage|p2a: Rillaboom|74\/100|[from] Recoil\n|move|p1b: Iron Hands|Drain Punch|p2a: Rillaboom\n|-damage|p2a: Rillaboom|0 fnt\n|-heal|p1b: Iron Hands|79\/100|[from] drain|[of] p2a: Rillaboom\n|faint|p2a: Rillaboom\n|\n|-heal|p1b: Iron Hands|85\/100|[from] Grassy Terrain\n|-heal|p1b: Iron Hands|92\/100|[from] item: Leftovers\n|upkeep\n|\n|t:|1698367922\n|switch|p2a: Iron Hands|Iron Hands|94\/100\n|-damage|p2a: Iron Hands|88\/100|[from] Stealth Rock\n|turn|13\n|\n|t:|1698367943\n|switch|p2b: Okidogi|Okidogi, M|100\/100\n|-damage|p2b: Okidogi|94\/100|[from] Stealth Rock\n|-end|p1a: Kingambit|fallen3|[silent]\n|switch|p1a: Amoonguss|Amoonguss, F|100\/100 par\n|move|p2a: Iron Hands|Close Combat|p1a: Amoonguss\n|-resisted|p1a: Amoonguss\n|-damage|p1a: Amoonguss|60\/100 par\n|-unboost|p2a: Iron Hands|def|1\n|-unboost|p2a: Iron Hands|spd|1\n|move|p1b: Iron Hands|Drain Punch|p2a: Iron Hands\n|-damage|p2a: Iron Hands|0 fnt\n|-heal|p1b: Iron Hands|100\/100|[from] drain|[of] p2a: Iron Hands\n|faint|p2a: Iron Hands\n|-end|p2a: Iron Hands|Quark Drive|[silent]\n|\n|-heal|p2b: Okidogi|100\/100|[from] Grassy Terrain\n|-heal|p1a: Amoonguss|66\/100 par|[from] Grassy Terrain\n|-heal|p1a: Amoonguss|72\/100 par|[from] item: Leftovers\n|upkeep\n|-message|rgfxfcc forfeited.\n|\n|win|Deriverse\n|raw|Deriverse's rating: 1394 &rarr; <strong>1412<\/strong><br \/>(+18 for winning)\n|raw|rgfxfcc's rating: 1357 &rarr; <strong>1339<\/strong><br \/>(-18 for losing)\n|l|\u2606rgfxfcc\n","uploadtime":1698367994,"views":12,"p1id":"deriverse","p2id":"rgfxfcc","formatid":"gen9doublesou","rating":1339,"private":0,"password":""}