{"id":"gen9doublesou-1977901876","p1":"Mystiskit","p2":"Joecheve13","format":"[Gen 9] Doubles OU","log":"|j|\u2606Mystiskit\n|j|\u2606Joecheve13\n|t:|1698463938\n|gametype|doubles\n|player|p1|Mystiskit|cynthia-masters|1378\n|player|p2|Joecheve13|psychic-gen4|1447\n|teamsize|p1|6\n|teamsize|p2|6\n|gen|9\n|tier|[Gen 9] Doubles OU\n|rated|\n|rule|Species Clause: Limit one of each Pok\u00e9mon\n|rule|OHKO Clause: OHKO moves are banned\n|rule|Evasion Moves Clause: Evasion moves are banned\n|rule|Gravity Sleep Clause: The combination of sleep-inducing moves with imperfect accuracy and Gravity or Gigantamax Orbeetle are banned\n|rule|Endless Battle Clause: Forcing endless battles is banned\n|rule|HP Percentage Mod: HP is shown in percentages\n|clearpoke\n|poke|p1|Decidueye-Hisui, M|\n|poke|p1|Cresselia, F|\n|poke|p1|Diancie|\n|poke|p1|Chien-Pao|\n|poke|p1|Flutter Mane|\n|poke|p1|Amoonguss, M|\n|poke|p2|Sinistcha|\n|poke|p2|Garganacl, M|\n|poke|p2|Fezandipiti, M|\n|poke|p2|Sneasler, F|\n|poke|p2|Glimmora, M|\n|poke|p2|Wo-Chien|\n|teampreview\n|inactive|Battle timer is ON: inactive players will automatically lose when time's up. (requested by Mystiskit)\n|inactive|Joecheve13 has 120 seconds left.\n|\n|t:|1698463982\n|start\n|switch|p1a: Cresselia|Cresselia, F, shiny|100\/100\n|switch|p1b: Flutter Mane|Flutter Mane|100\/100\n|switch|p2a: Fezandipiti|Fezandipiti, M|100\/100\n|switch|p2b: Sneasler|Sneasler, F|100\/100\n|-ability|p2b: Sneasler|Pressure\n|-enditem|p1b: Flutter Mane|Booster Energy\n|-activate|p1b: Flutter Mane|ability: Protosynthesis|[fromitem]\n|-start|p1b: Flutter Mane|protosynthesisspa\n|turn|1\n|\n|t:|1698464012\n|move|p2b: Sneasler|Fake Out|p1a: Cresselia\n|-crit|p1a: Cresselia\n|-damage|p1a: Cresselia|86\/100\n|move|p1b: Flutter Mane|Shadow Ball|p2a: Fezandipiti\n|-damage|p2a: Fezandipiti|56\/100\n|-unboost|p2a: Fezandipiti|spd|1\n|move|p2a: Fezandipiti|Taunt|p1a: Cresselia\n|-start|p1a: Cresselia|move: Taunt\n|cant|p1a: Cresselia|flinch\n|\n|-heal|p2a: Fezandipiti|62\/100|[from] item: Black Sludge\n|-heal|p1a: Cresselia|92\/100|[from] item: Leftovers\n|upkeep\n|turn|2\n|\n|t:|1698464032\n|move|p1b: Flutter Mane|Protect|p1b: Flutter Mane\n|-singleturn|p1b: Flutter Mane|Protect\n|move|p2a: Fezandipiti|Protect|p2a: Fezandipiti\n|-singleturn|p2a: Fezandipiti|Protect\n|move|p2b: Sneasler|Dire Claw|p1b: Flutter Mane\n|-activate|p1b: Flutter Mane|move: Protect\n|move|p1a: Cresselia|Psychic|p2b: Sneasler\n|-supereffective|p2b: Sneasler\n|-enditem|p2b: Sneasler|Focus Sash\n|-damage|p2b: Sneasler|1\/100\n|\n|-heal|p2a: Fezandipiti|68\/100|[from] item: Black Sludge\n|-heal|p1a: Cresselia|98\/100|[from] item: Leftovers\n|upkeep\n|turn|3\n|inactive|Joecheve13 has 120 seconds left.\n|\n|t:|1698464068\n|-end|p1b: Flutter Mane|Protosynthesis|[silent]\n|switch|p1b: Diancie|Diancie|100\/100\n|move|p2b: Sneasler|Protect|p2b: Sneasler\n|-singleturn|p2b: Sneasler|Protect\n|move|p2a: Fezandipiti|Tailwind|p2a: Fezandipiti\n|-sidestart|p2: Joecheve13|move: Tailwind\n|move|p1a: Cresselia|Psychic|p2b: Sneasler\n|-activate|p2b: Sneasler|move: Protect\n|\n|-heal|p2a: Fezandipiti|74\/100|[from] item: Black Sludge\n|-heal|p1a: Cresselia|100\/100|[from] item: Leftovers\n|-end|p1a: Cresselia|move: Taunt\n|upkeep\n|turn|4\n|inactive|Joecheve13 has 120 seconds left.\n|\n|t:|1698464113\n|move|p2b: Sneasler|Dire Claw|p1b: Diancie\n|-damage|p1b: Diancie|66\/100\n|-status|p1b: Diancie|psn\n|move|p2a: Fezandipiti|Taunt|p1a: Cresselia\n|-start|p1a: Cresselia|move: Taunt\n|move|p1a: Cresselia|Psychic|p2b: Sneasler\n|-supereffective|p2b: Sneasler\n|-damage|p2b: Sneasler|0 fnt\n|faint|p2b: Sneasler\n|move|p1b: Diancie|Trick Room|p1b: Diancie\n|-fieldstart|move: Trick Room|[of] p1b: Diancie\n|\n|-heal|p2a: Fezandipiti|80\/100|[from] item: Black Sludge\n|-damage|p1b: Diancie|53\/100 psn|[from] psn\n|upkeep\n|inactive|Joecheve13 has 90 seconds left.\n|\n|t:|1698464139\n|switch|p2b: Wo-Chien|Wo-Chien|100\/100\n|-ability|p2b: Wo-Chien|Tablets of Ruin\n|turn|5\n|inactive|Joecheve13 has 90 seconds left.\n|\n|t:|1698464154\n|move|p1b: Diancie|Protect|p1b: Diancie\n|-singleturn|p1b: Diancie|Protect\n|move|p1a: Cresselia|Psychic|p2a: Fezandipiti\n|-supereffective|p2a: Fezandipiti\n|-damage|p2a: Fezandipiti|20\/100\n|move|p2b: Wo-Chien|Leech Seed|p1b: Diancie\n|-activate|p1b: Diancie|move: Protect\n|move|p2a: Fezandipiti|Dazzling Gleam|p1a: Cresselia|[spread] p1a\n|-activate|p1b: Diancie|move: Protect\n|-damage|p1a: Cresselia|90\/100\n|-status|p1a: Cresselia|tox|[from] ability: Toxic Chain|[of] p2a: Fezandipiti\n|\n|-heal|p1a: Cresselia|96\/100 tox|[from] item: Leftovers\n|-heal|p2a: Fezandipiti|27\/100|[from] item: Black Sludge\n|-damage|p1b: Diancie|41\/100 psn|[from] psn\n|-damage|p1a: Cresselia|90\/100 tox|[from] psn\n|upkeep\n|turn|6\n|\n|t:|1698464177\n|switch|p1b: Amoonguss|Amoonguss, M|100\/100\n|move|p2a: Fezandipiti|Protect|p2a: Fezandipiti\n|-singleturn|p2a: Fezandipiti|Protect\n|move|p1a: Cresselia|Psychic|p2a: Fezandipiti\n|-activate|p2a: Fezandipiti|move: Protect\n|move|p2b: Wo-Chien|Leech Seed|p1b: Amoonguss\n|-immune|p1b: Amoonguss\n|\n|-heal|p1a: Cresselia|96\/100 tox|[from] item: Leftovers\n|-heal|p2a: Fezandipiti|33\/100|[from] item: Black Sludge\n|-damage|p1a: Cresselia|84\/100 tox|[from] psn\n|-end|p1a: Cresselia|move: Taunt\n|-sideend|p2: Joecheve13|move: Tailwind\n|upkeep\n|turn|7\n|inactive|Joecheve13 has 90 seconds left.\n|\n|t:|1698464221\n|switch|p1b: Diancie|Diancie|41\/100 psn\n|switch|p2a: Sinistcha|Sinistcha|100\/100\n|move|p2b: Wo-Chien|Leech Seed|p1a: Cresselia\n|-start|p1a: Cresselia|move: Leech Seed\n|move|p1a: Cresselia|Lunar Blessing|p1a: Cresselia|[spread] p1a,p1b\n|-heal|p1a: Cresselia|100\/100 tox\n|-curestatus|p1a: Cresselia|tox|[msg]\n|-heal|p1b: Diancie|66\/100 psn\n|-curestatus|p1b: Diancie|psn|[msg]\n|\n|-damage|p1a: Cresselia|88\/100|[from] Leech Seed|[of] p2b: Wo-Chien\n|upkeep\n|turn|8\n|inactive|Joecheve13 has 90 seconds left.\n|inactive|Joecheve13 has 60 seconds left.\n|\n|t:|1698464280\n|switch|p1a: Amoonguss|Amoonguss, M|100\/100\n|move|p2a: Sinistcha|Protect|p2a: Sinistcha\n|-singleturn|p2a: Sinistcha|Protect\n|move|p1b: Diancie|Diamond Storm|p2a: Sinistcha|[spread] p2b\n|-activate|p2a: Sinistcha|move: Protect\n|-damage|p2b: Wo-Chien|86\/100\n|-boost|p1b: Diancie|def|2\n|move|p2b: Wo-Chien|Ruination|p1a: Amoonguss\n|-damage|p1a: Amoonguss|50\/100\n|\n|-fieldend|move: Trick Room\n|upkeep\n|turn|9\n|inactive|Joecheve13 has 60 seconds left.\n|\n|t:|1698464311\n|move|p2a: Sinistcha|Matcha Gotcha|p1b: Diancie|[spread] p1a,p1b\n|-resisted|p1a: Amoonguss\n|-supereffective|p1b: Diancie\n|-damage|p1a: Amoonguss|44\/100\n|-damage|p1b: Diancie|24\/100\n|-enditem|p1b: Diancie|Weakness Policy\n|-boost|p1b: Diancie|atk|2|[from] item: Weakness Policy\n|-boost|p1b: Diancie|spa|2|[from] item: Weakness Policy\n|move|p2b: Wo-Chien|Leech Seed|p1b: Diancie\n|-start|p1b: Diancie|move: Leech Seed\n|move|p1b: Diancie|Diamond Storm|p2b: Wo-Chien|[spread] p2a,p2b\n|-damage|p2a: Sinistcha|47\/100\n|-damage|p2b: Wo-Chien|55\/100\n|move|p1a: Amoonguss|Pollen Puff|p2b: Wo-Chien\n|-supereffective|p2b: Wo-Chien\n|-crit|p2b: Wo-Chien\n|-damage|p2b: Wo-Chien|0 fnt\n|faint|p2b: Wo-Chien\n|\n|upkeep\n|inactive|Joecheve13 has 30 seconds left.\n|inactive|Joecheve13 has 20 seconds left.\n|\n|t:|1698464344\n|switch|p2b: Fezandipiti|Fezandipiti, M|33\/100\n|turn|10\n|\n|t:|1698464357\n|move|p2b: Fezandipiti|Protect|p2b: Fezandipiti\n|-singleturn|p2b: Fezandipiti|Protect\n|move|p2a: Sinistcha|Matcha Gotcha|p1a: Amoonguss|[spread] p1a,p1b\n|-resisted|p1a: Amoonguss\n|-supereffective|p1b: Diancie\n|-damage|p1a: Amoonguss|37\/100\n|-heal|p2a: Sinistcha|53\/100|[from] drain|[of] p1a: Amoonguss\n|-damage|p1b: Diancie|0 fnt\n|-heal|p2a: Sinistcha|65\/100|[from] drain|[of] p1b: Diancie\n|faint|p1b: Diancie\n|move|p1a: Amoonguss|Pollen Puff|p1: Diancie|[notarget]\n|-fail|p1a: Amoonguss\n|\n|-heal|p2b: Fezandipiti|39\/100|[from] item: Black Sludge\n|upkeep\n|\n|t:|1698464369\n|switch|p1b: Cresselia|Cresselia, F, shiny|88\/100\n|turn|11\n|inactive|Joecheve13 has 60 seconds left.\n|\n|t:|1698464381\n|switch|p1a: Chien-Pao|Chien-Pao|100\/100\n|-ability|p1a: Chien-Pao|Sword of Ruin\n|move|p2a: Sinistcha|Hex|p1b: Cresselia\n|-supereffective|p1b: Cresselia\n|-damage|p1b: Cresselia|44\/100\n|move|p2b: Fezandipiti|Dazzling Gleam|p1a: Chien-Pao|[spread] p1a,p1b\n|-supereffective|p1a: Chien-Pao\n|-damage|p1a: Chien-Pao|44\/100\n|-damage|p1b: Cresselia|32\/100\n|move|p1b: Cresselia|Psychic|p2b: Fezandipiti\n|-supereffective|p2b: Fezandipiti\n|-damage|p2b: Fezandipiti|0 fnt\n|faint|p2b: Fezandipiti\n|\n|-heal|p1b: Cresselia|38\/100|[from] item: Leftovers\n|upkeep\n|inactive|Joecheve13 has 60 seconds left.\n|\n|t:|1698464407\n|switch|p2b: Garganacl|Garganacl, M|100\/100\n|turn|12\n|inactive|Joecheve13 has 60 seconds left.\n|inactive|Joecheve13 has 30 seconds left.\n|inactive|Joecheve13 has 20 seconds left.\n|\n|t:|1698464454\n|-terastallize|p2b: Garganacl|Ghost\n|move|p2a: Sinistcha|Protect|p2a: Sinistcha\n|-singleturn|p2a: Sinistcha|Protect\n|move|p1b: Cresselia|Ally Switch|p1b: Cresselia\n|swap|p1b: Cresselia|0|[from] move: Ally Switch\n|move|p1b: Chien-Pao|Crunch|p2a: Sinistcha\n|-activate|p2a: Sinistcha|move: Protect\n|move|p2b: Garganacl|Salt Cure|p1b: Chien-Pao\n|-supereffective|p1b: Chien-Pao\n|-damage|p1b: Chien-Pao|0 fnt\n|faint|p1b: Chien-Pao\n|\n|-heal|p1a: Cresselia|44\/100|[from] item: Leftovers\n|upkeep\n|inactive|Joecheve13 has 25 seconds left this turn.\n|\n|t:|1698464471\n|switch|p1b: Amoonguss|Amoonguss, M|71\/100\n|turn|13\n|inactive|Joecheve13 has 30 seconds left.\n|\n|t:|1698464494\n|move|p2a: Sinistcha|Hex|p1a: Cresselia\n|-supereffective|p1a: Cresselia\n|-damage|p1a: Cresselia|0 fnt\n|faint|p1a: Cresselia\n|move|p2b: Garganacl|Salt Cure|p1b: Amoonguss\n|-damage|p1b: Amoonguss|58\/100\n|-start|p1b: Amoonguss|Salt Cure\n|move|p1b: Amoonguss|Pollen Puff|p2a: Sinistcha\n|-damage|p2a: Sinistcha|37\/100\n|\n|-damage|p1b: Amoonguss|46\/100|[from] Salt Cure\n|upkeep\n|\n|t:|1698464501\n|switch|p1a: Flutter Mane|Flutter Mane|100\/100\n|turn|14\n|\n|t:|1698464517\n|move|p2a: Sinistcha|Protect|p2a: Sinistcha\n|-singleturn|p2a: Sinistcha|Protect\n|move|p1b: Amoonguss|Rage Powder|p1b: Amoonguss\n|-singleturn|p1b: Amoonguss|move: Rage Powder\n|move|p1a: Flutter Mane|Shadow Ball|p2a: Sinistcha\n|-activate|p2a: Sinistcha|move: Protect\n|move|p2b: Garganacl|Salt Cure|p1b: Amoonguss\n|-damage|p1b: Amoonguss|33\/100\n|\n|-damage|p1b: Amoonguss|21\/100|[from] Salt Cure\n|upkeep\n|turn|15\n|inactive|Joecheve13 has 60 seconds left.\n|\n|t:|1698464537\n|move|p1b: Amoonguss|Rage Powder|p1b: Amoonguss\n|-singleturn|p1b: Amoonguss|move: Rage Powder\n|move|p1a: Flutter Mane|Shadow Ball|p2a: Sinistcha\n|-supereffective|p2a: Sinistcha\n|-damage|p2a: Sinistcha|0 fnt\n|faint|p2a: Sinistcha\n|move|p2b: Garganacl|Salt Cure|p1b: Amoonguss\n|-damage|p1b: Amoonguss|8\/100\n|\n|-damage|p1b: Amoonguss|0 fnt|[from] Salt Cure\n|faint|p1b: Amoonguss\n|upkeep\n|\n|t:|1698464548\n|switch|p2a: Glimmora|Glimmora, M|100\/100\n|switch|p1b: Decidueye|Decidueye-Hisui, M, shiny|100\/100\n|turn|16\n|inactive|Joecheve13 has 90 seconds left.\n|\n|t:|1698464575\n|-terastallize|p1a: Flutter Mane|Ghost\n|move|p2a: Glimmora|Spiky Shield|p2a: Glimmora\n|-singleturn|p2a: Glimmora|move: Protect\n|move|p1a: Flutter Mane|Shadow Ball|p2b: Garganacl\n|-supereffective|p2b: Garganacl\n|-damage|p2b: Garganacl|54\/100\n|move|p1b: Decidueye|Triple Arrows|p2b: Garganacl\n|-crit|p2b: Garganacl\n|-damage|p2b: Garganacl|16\/100\n|-unboost|p2b: Garganacl|def|1\n|cant|p2b: Garganacl|flinch\n|\n|-heal|p2b: Garganacl|22\/100|[from] item: Leftovers\n|upkeep\n|turn|17\n|inactive|Joecheve13 has 90 seconds left.\n|\n|t:|1698464603\n|move|p2b: Garganacl|Protect|p2b: Garganacl\n|-singleturn|p2b: Garganacl|Protect\n|move|p1a: Flutter Mane|Shadow Ball|p2a: Glimmora\n|-damage|p2a: Glimmora|17\/100\n|move|p2a: Glimmora|Power Gem|p1a: Flutter Mane\n|-damage|p1a: Flutter Mane|49\/100\n|move|p1b: Decidueye|Triple Arrows|p2b: Garganacl\n|-activate|p2b: Garganacl|move: Protect\n|\n|-heal|p2b: Garganacl|28\/100|[from] item: Leftovers\n|upkeep\n|turn|18\n|inactive|Joecheve13 has 90 seconds left.\n|\n|t:|1698464622\n|move|p1a: Flutter Mane|Dazzling Gleam|p2b: Garganacl|[spread] p2a,p2b\n|-resisted|p2a: Glimmora\n|-damage|p2a: Glimmora|0 fnt\n|-damage|p2b: Garganacl|4\/100\n|faint|p2a: Glimmora\n|move|p1b: Decidueye|Triple Arrows|p2b: Garganacl\n|-damage|p2b: Garganacl|0 fnt\n|faint|p2b: Garganacl\n|\n|win|Mystiskit\n|raw|Mystiskit's rating: 1378 &rarr; <strong>1402<\/strong><br \/>(+24 for winning)\n|raw|Joecheve13's rating: 1447 &rarr; <strong>1423<\/strong><br \/>(-24 for losing)\n|l|\u2606Joecheve13\n","uploadtime":1698464635,"views":23,"p1id":"mystiskit","p2id":"joecheve13","formatid":"gen9doublesou","rating":1402,"private":0,"password":""}