{"id":"gen9doublesou-1995920318","p1":"foodandnaps","p2":"aster1717","format":"[Gen 9] Doubles OU","log":"|j|\u2606foodandnaps\n|j|\u2606aster1717\n|t:|1700617533\n|gametype|doubles\n|player|p1|foodandnaps|266|1449\n|player|p2|aster1717|266|1536\n|teamsize|p1|6\n|teamsize|p2|6\n|gen|9\n|tier|[Gen 9] Doubles OU\n|rated|\n|rule|Species Clause: Limit one of each Pok\u00e9mon\n|rule|OHKO Clause: OHKO moves are banned\n|rule|Evasion Moves Clause: Evasion moves are banned\n|rule|Gravity Sleep Clause: The combination of sleep-inducing moves with imperfect accuracy and Gravity or Gigantamax Orbeetle are banned\n|rule|Endless Battle Clause: Forcing endless battles is banned\n|rule|HP Percentage Mod: HP is shown in percentages\n|clearpoke\n|poke|p1|Tornadus, M|\n|poke|p1|Baxcalibur, M|\n|poke|p1|Iron Bundle|\n|poke|p1|Ninetales-Alola, F|\n|poke|p1|Ursaluna-Bloodmoon, M|\n|poke|p1|Gholdengo|\n|poke|p2|Ogerpon-Hearthflame, F|\n|poke|p2|Fezandipiti, M|\n|poke|p2|Rillaboom, M|\n|poke|p2|Moltres|\n|poke|p2|Goodra-Hisui, M|\n|poke|p2|Diancie|\n|teampreview\n|inactive|Battle timer is ON: inactive players will automatically lose when time's up. (requested by foodandnaps)\n|inactive|aster1717 also wants the timer to be on.\n|\n|t:|1700617559\n|start\n|switch|p1a: Baxcalibur|Baxcalibur, M|100\/100\n|switch|p1b: Gholdengo|Gholdengo|100\/100\n|switch|p2a: Rillaboom|Rillaboom, M, shiny|100\/100\n|switch|p2b: Fezandipiti|Fezandipiti, M|100\/100\n|-fieldstart|move: Grassy Terrain|[from] ability: Grassy Surge|[of] p2a: Rillaboom\n|turn|1\n|inactive|foodandnaps has 120 seconds left.\n|\n|t:|1700617597\n|move|p2a: Rillaboom|Fake Out|p1a: Baxcalibur\n|-damage|p1a: Baxcalibur|84\/100\n|cant|p1a: Baxcalibur|flinch\n|move|p1b: Gholdengo|Nasty Plot|p1b: Gholdengo\n|-boost|p1b: Gholdengo|spa|2\n|move|p2b: Fezandipiti|Icy Wind|p1a: Baxcalibur|[spread] p1a,p1b\n|-resisted|p1b: Gholdengo\n|-damage|p1a: Baxcalibur|76\/100\n|-damage|p1b: Gholdengo|96\/100\n|-unboost|p1a: Baxcalibur|spe|1\n|-unboost|p1b: Gholdengo|spe|1\n|\n|-heal|p1a: Baxcalibur|82\/100|[from] Grassy Terrain\n|-heal|p1b: Gholdengo|100\/100|[from] Grassy Terrain\n|upkeep\n|turn|2\n|\n|t:|1700617619\n|move|p2b: Fezandipiti|Icy Wind|p1b: Gholdengo|[spread] p1a,p1b\n|-resisted|p1b: Gholdengo\n|-damage|p1a: Baxcalibur|75\/100\n|-damage|p1b: Gholdengo|96\/100\n|-unboost|p1a: Baxcalibur|spe|1\n|-unboost|p1b: Gholdengo|spe|1\n|move|p2a: Rillaboom|High Horsepower|p1b: Gholdengo\n|-supereffective|p1b: Gholdengo\n|-damage|p1b: Gholdengo|18\/100\n|move|p1a: Baxcalibur|Glaive Rush|p2a: Rillaboom\n|-damage|p2a: Rillaboom|31\/100\n|-singlemove|p1a: Baxcalibur|Glaive Rush|[silent]\n|move|p1b: Gholdengo|Make It Rain|p2a: Rillaboom|[spread] p2a,p2b\n|-supereffective|p2b: Fezandipiti\n|-damage|p2a: Rillaboom|0 fnt\n|-damage|p2b: Fezandipiti|0 fnt\n|-unboost|p1b: Gholdengo|spa|1\n|faint|p2a: Rillaboom\n|faint|p2b: Fezandipiti\n|\n|-heal|p1a: Baxcalibur|81\/100|[from] Grassy Terrain\n|-heal|p1b: Gholdengo|24\/100|[from] Grassy Terrain\n|upkeep\n|inactive|aster1717 has 120 seconds left.\n|\n|t:|1700617636\n|switch|p2b: Moltres|Moltres, shiny|100\/100\n|switch|p2a: Ogerpon|Ogerpon-Hearthflame, F|100\/100\n|-ability|p2a: Ogerpon|Mold Breaker\n|turn|3\n|\n|t:|1700617664\n|switch|p1b: Tornadus|Tornadus, M|100\/100\n|move|p1a: Baxcalibur|Ice Shard|p2b: Moltres\n|-damage|p2b: Moltres|80\/100\n|move|p2a: Ogerpon|Swords Dance|p2a: Ogerpon\n|-boost|p2a: Ogerpon|atk|2\n|move|p2b: Moltres|Heat Wave|p1a: Baxcalibur|[spread] p1a,p1b\n|-crit|p1b: Tornadus\n|-damage|p1a: Baxcalibur|49\/100\n|-damage|p1b: Tornadus|41\/100\n|-ability|p1a: Baxcalibur|Thermal Exchange|boost\n|-boost|p1a: Baxcalibur|atk|1\n|\n|-heal|p1a: Baxcalibur|55\/100|[from] Grassy Terrain\n|upkeep\n|turn|4\n|\n|t:|1700617686\n|-terastallize|p2a: Ogerpon|Fire\n|detailschange|p2a: Ogerpon|Ogerpon-Hearthflame-Tera, F, tera:Fire\n|-ability|p2a: Ogerpon|Embody Aspect (Hearthflame)|boost\n|-boost|p2a: Ogerpon|atk|1\n|move|p1b: Tornadus|Tailwind|p1b: Tornadus\n|-sidestart|p1: foodandnaps|move: Tailwind\n|move|p2a: Ogerpon|Horn Leech|p1a: Baxcalibur\n|-resisted|p1a: Baxcalibur\n|-crit|p1a: Baxcalibur\n|-damage|p1a: Baxcalibur|0 fnt\n|faint|p1a: Baxcalibur\n|move|p2b: Moltres|U-turn|p1b: Tornadus\n|-resisted|p1b: Tornadus\n|-damage|p1b: Tornadus|31\/100\n|\n|t:|1700617701\n|switch|p2b: Diancie|Diancie|100\/100|[from] U-turn\n|\n|upkeep\n|\n|t:|1700617723\n|switch|p1a: Iron Bundle|Iron Bundle|100\/100\n|-enditem|p1a: Iron Bundle|Booster Energy\n|-activate|p1a: Iron Bundle|ability: Quark Drive|[fromitem]\n|-start|p1a: Iron Bundle|quarkdrivespa\n|turn|5\n|\n|t:|1700617732\n|move|p2a: Ogerpon|Spiky Shield|p2a: Ogerpon\n|-singleturn|p2a: Ogerpon|move: Protect\n|move|p1a: Iron Bundle|Chilling Water|p2a: Ogerpon\n|-activate|p2a: Ogerpon|move: Protect\n|move|p1b: Tornadus|Bleakwind Storm|p2a: Ogerpon|[spread] p2b\n|-activate|p2a: Ogerpon|move: Protect\n|-resisted|p2b: Diancie\n|-damage|p2b: Diancie|86\/100\n|move|p2b: Diancie|Trick Room|p2b: Diancie\n|-fieldstart|move: Trick Room|[of] p2b: Diancie\n|\n|-heal|p2b: Diancie|92\/100|[from] Grassy Terrain\n|-heal|p2b: Diancie|99\/100|[from] item: Leftovers\n|-fieldend|move: Grassy Terrain\n|upkeep\n|turn|6\n|\n|t:|1700617751\n|move|p2b: Diancie|Stealth Rock|p1a: Iron Bundle\n|-sidestart|p1: foodandnaps|move: Stealth Rock\n|move|p2a: Ogerpon|Horn Leech|p1a: Iron Bundle\n|-supereffective|p1a: Iron Bundle\n|-damage|p1a: Iron Bundle|0 fnt\n|faint|p1a: Iron Bundle\n|-end|p1a: Iron Bundle|Quark Drive|[silent]\n|move|p1b: Tornadus|Bleakwind Storm|p2b: Diancie|[spread] p2b\n|-miss|p1b: Tornadus|p2a: Ogerpon\n|-resisted|p2b: Diancie\n|-damage|p2b: Diancie|83\/100\n|\n|-heal|p2b: Diancie|89\/100|[from] item: Leftovers\n|upkeep\n|\n|t:|1700617758\n|switch|p1a: Ursaluna|Ursaluna-Bloodmoon, M|100\/100\n|-damage|p1a: Ursaluna|94\/100|[from] Stealth Rock\n|turn|7\n|\n|t:|1700617765\n|-terastallize|p1a: Ursaluna|Normal\n|move|p2a: Ogerpon|Spiky Shield|p2a: Ogerpon\n|-singleturn|p2a: Ogerpon|move: Protect\n|move|p1a: Ursaluna|Blood Moon|p2a: Ogerpon\n|-activate|p2a: Ogerpon|move: Protect\n|move|p1b: Tornadus|Bleakwind Storm|p2a: Ogerpon|[spread] p2b\n|-activate|p2a: Ogerpon|move: Protect\n|-resisted|p2b: Diancie\n|-damage|p2b: Diancie|73\/100\n|move|p2b: Diancie|Trick Room|p2b: Diancie\n|-fieldend|move: Trick Room\n|\n|-heal|p2b: Diancie|79\/100|[from] item: Leftovers\n|-sideend|p1: foodandnaps|move: Tailwind\n|upkeep\n|turn|8\n|\n|t:|1700617780\n|move|p1b: Tornadus|Tailwind|p1b: Tornadus\n|-sidestart|p1: foodandnaps|move: Tailwind\n|move|p2a: Ogerpon|Ivy Cudgel|p1a: Ursaluna|[anim] Ivy Cudgel Fire\n|-damage|p1a: Ursaluna|0 fnt\n|faint|p1a: Ursaluna\n|move|p2b: Diancie|Diamond Storm|p1b: Tornadus\n|-supereffective|p1b: Tornadus\n|-damage|p1b: Tornadus|0 fnt\n|faint|p1b: Tornadus\n|\n|-heal|p2b: Diancie|85\/100|[from] item: Leftovers\n|upkeep\n|-message|foodandnaps forfeited.\n|\n|win|aster1717\n|raw|foodandnaps's rating: 1449 &rarr; <strong>1434<\/strong><br \/>(-15 for losing)\n|raw|aster1717's rating: 1536 &rarr; <strong>1551<\/strong><br \/>(+15 for winning)\n|l|\u2606foodandnaps\n","uploadtime":1700617804,"views":6,"p1id":"foodandnaps","p2id":"aster1717","formatid":"gen9doublesou","rating":1434,"private":0,"password":""}