{"id":"gen9doublesou-1989294015","p1":"Dirty olive","p2":"HaxxorCat","format":"[Gen 9] Doubles OU","log":"|j|\u2606Dirty olive\n|j|\u2606HaxxorCat\n|t:|1699832909\n|gametype|doubles\n|player|p1|Dirty olive|swimmerf-gen4dp|1051\n|player|p2|HaxxorCat|acerola|1002\n|teamsize|p1|6\n|teamsize|p2|6\n|gen|9\n|tier|[Gen 9] Doubles OU\n|rated|\n|rule|Species Clause: Limit one of each Pok\u00e9mon\n|rule|OHKO Clause: OHKO moves are banned\n|rule|Evasion Moves Clause: Evasion moves are banned\n|rule|Gravity Sleep Clause: The combination of sleep-inducing moves with imperfect accuracy and Gravity or Gigantamax Orbeetle are banned\n|rule|Endless Battle Clause: Forcing endless battles is banned\n|rule|HP Percentage Mod: HP is shown in percentages\n|clearpoke\n|poke|p1|Rillaboom, F|\n|poke|p1|Gholdengo|\n|poke|p1|Iron Hands|\n|poke|p1|Wo-Chien|\n|poke|p1|Indeedee-F, F|\n|poke|p1|Armarouge, M|\n|poke|p2|Sylveon, M|\n|poke|p2|Toxtricity-Low-Key, M|\n|poke|p2|Coalossal, M|\n|poke|p2|Chansey, F|\n|poke|p2|Glaceon, F|\n|poke|p2|Ninetales-Alola, F|\n|teampreview\n|inactive|Battle timer is ON: inactive players will automatically lose when time's up. (requested by HaxxorCat)\n|\n|t:|1699832937\n|start\n|switch|p1a: Damian Flinch|Rillaboom, F|100\/100\n|switch|p1b: Ella Price|Gholdengo|100\/100\n|switch|p2a: Coalossal|Coalossal, M, shiny|100\/100\n|switch|p2b: Chansey|Chansey, F, shiny|100\/100\n|-fieldstart|move: Grassy Terrain|[from] ability: Grassy Surge|[of] p1a: Damian Flinch\n|turn|1\n|\n|t:|1699832957\n|move|p1b: Ella Price|Protect|p1b: Ella Price\n|-singleturn|p1b: Ella Price|Protect\n|move|p1a: Damian Flinch|Drain Punch|p2a: Coalossal\n|-supereffective|p2a: Coalossal\n|-damage|p2a: Coalossal|56\/100\n|move|p2a: Coalossal|Earthquake|p1b: Ella Price|[spread] p2b,p1a\n|-activate|p1b: Ella Price|move: Protect\n|-resisted|p1a: Damian Flinch\n|-damage|p2b: Chansey|88\/100\n|-damage|p1a: Damian Flinch|92\/100\n|move|p2b: Chansey|Fire Punch|p2a: Coalossal\n|-resisted|p2a: Coalossal\n|-damage|p2a: Coalossal|55\/100\n|-ability|p2a: Coalossal|Steam Engine|boost\n|-boost|p2a: Coalossal|spe|6\n|\n|-heal|p2a: Coalossal|61\/100|[from] Grassy Terrain\n|-heal|p1a: Damian Flinch|98\/100|[from] Grassy Terrain\n|-heal|p2b: Chansey|94\/100|[from] Grassy Terrain\n|upkeep\n|turn|2\n|\n|t:|1699832977\n|switch|p1a: Nola Cefai-F|Indeedee-F, F|100\/100\n|-fieldstart|move: Psychic Terrain|[from] ability: Psychic Surge|[of] p1a: Nola Cefai-F\n|-enditem|p1a: Nola Cefai-F|Psychic Seed\n|-boost|p1a: Nola Cefai-F|spd|1|[from] item: Psychic Seed\n|switch|p1b: Armaraymond|Armarouge, M|100\/100\n|move|p2a: Coalossal|Earthquake|p1b: Armaraymond|[spread] p2b,p1a,p1b\n|-supereffective|p1b: Armaraymond\n|-damage|p2b: Chansey|71\/100\n|-damage|p1a: Nola Cefai-F|60\/100\n|-damage|p1b: Armaraymond|37\/100\n|move|p2b: Chansey|Heal Pulse|p2a: Coalossal\n|-heal|p2a: Coalossal|100\/100\n|\n|upkeep\n|turn|3\n|\n|t:|1699832999\n|move|p1b: Armaraymond|Protect|p1b: Armaraymond\n|-singleturn|p1b: Armaraymond|Protect\n|move|p2a: Coalossal|Earthquake|p1b: Armaraymond|[spread] p2b,p1a\n|-activate|p1b: Armaraymond|move: Protect\n|-damage|p2b: Chansey|47\/100\n|-damage|p1a: Nola Cefai-F|17\/100\n|move|p2b: Chansey|Heal Pulse|p2a: Coalossal\n|-fail|p2a: Coalossal|heal\n|move|p1a: Nola Cefai-F|Trick Room|p1a: Nola Cefai-F\n|-fieldstart|move: Trick Room|[of] p1a: Nola Cefai-F\n|\n|upkeep\n|turn|4\n|\n|t:|1699833014\n|move|p1a: Nola Cefai-F|Helping Hand|p1b: Armaraymond\n|-singleturn|p1b: Armaraymond|Helping Hand|[of] p1a: Nola Cefai-F\n|move|p2b: Chansey|Heal Pulse|p2a: Coalossal\n|-fail|p2a: Coalossal|heal\n|move|p1b: Armaraymond|Expanding Force|p2b: Chansey|[spread] p2a,p2b\n|-damage|p2a: Coalossal|0 fnt\n|-damage|p2b: Chansey|15\/100\n|faint|p2a: Coalossal\n|-damage|p1b: Armaraymond|28\/100|[from] item: Life Orb\n|\n|upkeep\n|\n|t:|1699833023\n|switch|p2a: Toxtricity|Toxtricity-Low-Key, M, shiny|100\/100\n|turn|5\n|\n|t:|1699833029\n|move|p1a: Nola Cefai-F|Follow Me|p1a: Nola Cefai-F\n|-singleturn|p1a: Nola Cefai-F|move: Follow Me\n|move|p2b: Chansey|Blizzard|p1b: Armaraymond|[spread] p1a,p1b\n|-resisted|p1b: Armaraymond\n|-damage|p1a: Nola Cefai-F|13\/100\n|-damage|p1b: Armaraymond|21\/100\n|-status|p1b: Armaraymond|frz\n|cant|p1b: Armaraymond|frz\n|move|p2a: Toxtricity|Boomburst|p1a: Nola Cefai-F|[spread] p2b,p1a,p1b\n|-damage|p2b: Chansey|3\/100\n|-damage|p1a: Nola Cefai-F|0 fnt\n|-damage|p1b: Armaraymond|0 fnt\n|faint|p1a: Nola Cefai-F\n|faint|p1b: Armaraymond\n|\n|upkeep\n|\n|t:|1699833044\n|switch|p1a: Ella Price|Gholdengo|100\/100\n|switch|p1b: Gary Wo|Wo-Chien|100\/100\n|-ability|p1b: Gary Wo|Tablets of Ruin\n|turn|6\n|\n|t:|1699833067\n|switch|p2b: Glaceon|Glaceon, F, shiny|100\/100\n|switch|p2a: Ninetales|Ninetales-Alola, F, shiny|100\/100\n|-weather|Snow|[from] ability: Snow Warning|[of] p2a: Ninetales\n|move|p1b: Gary Wo|Dark Pulse|p2a: Ninetales\n|-resisted|p2a: Ninetales\n|-damage|p2a: Ninetales|82\/100\n|move|p1a: Ella Price|Flash Cannon|p2a: Ninetales\n|-supereffective|p2a: Ninetales\n|-damage|p2a: Ninetales|0 fnt\n|faint|p2a: Ninetales\n|\n|-weather|Snow|[upkeep]\n|-fieldend|move: Psychic Terrain\n|upkeep\n|\n|t:|1699833072\n|switch|p2a: Sylveon|Sylveon, M, shiny|100\/100\n|turn|7\n|\n|t:|1699833097\n|move|p1b: Gary Wo|Dark Pulse|p2a: Sylveon\n|-resisted|p2a: Sylveon\n|-damage|p2a: Sylveon|87\/100\n|move|p1a: Ella Price|Flash Cannon|p2a: Sylveon\n|-supereffective|p2a: Sylveon\n|-damage|p2a: Sylveon|12\/100\n|move|p2a: Sylveon|Hyper Voice|p1b: Gary Wo|[spread] p1a,p1b\n|-resisted|p1a: Ella Price\n|-supereffective|p1b: Gary Wo\n|-damage|p1a: Ella Price|82\/100\n|-damage|p1b: Gary Wo|45\/100\n|move|p2b: Glaceon|Blizzard|p1a: Ella Price|[spread] p1a,p1b\n|-resisted|p1a: Ella Price\n|-supereffective|p1b: Gary Wo\n|-damage|p1a: Ella Price|57\/100\n|-damage|p1b: Gary Wo|0 fnt\n|faint|p1b: Gary Wo\n|\n|-weather|Snow|[upkeep]\n|-heal|p1a: Ella Price|63\/100|[from] item: Leftovers\n|-fieldend|move: Trick Room\n|upkeep\n|inactive|Dirty olive has 120 seconds left.\n|\n|t:|1699833111\n|switch|p1b: Damian Flinch|Rillaboom, F|98\/100\n|-fieldstart|move: Grassy Terrain|[from] ability: Grassy Surge|[of] p1b: Damian Flinch\n|turn|8\n|\n|t:|1699833119\n|move|p1b: Damian Flinch|Fake Out|p2a: Sylveon\n|-damage|p2a: Sylveon|0 fnt\n|faint|p2a: Sylveon\n|move|p2b: Glaceon|Blizzard|p1b: Damian Flinch|[spread] p1a,p1b\n|-resisted|p1a: Ella Price\n|-supereffective|p1b: Damian Flinch\n|-damage|p1a: Ella Price|38\/100\n|-damage|p1b: Damian Flinch|8\/100\n|move|p1a: Ella Price|Flash Cannon|p2b: Glaceon\n|-supereffective|p2b: Glaceon\n|-damage|p2b: Glaceon|0 fnt\n|faint|p2b: Glaceon\n|\n|-weather|Snow|[upkeep]\n|-heal|p1b: Damian Flinch|14\/100|[from] Grassy Terrain\n|-heal|p1a: Ella Price|44\/100|[from] Grassy Terrain\n|-heal|p1a: Ella Price|50\/100|[from] item: Leftovers\n|upkeep\n|\n|t:|1699833123\n|switch|p2b: Toxtricity|Toxtricity-Low-Key, M, shiny|100\/100\n|switch|p2a: Chansey|Chansey, F, shiny|3\/100\n|turn|9\n|\n|t:|1699833129\n|move|p2b: Toxtricity|Overdrive|p1b: Damian Flinch|[spread] p1a,p1b\n|-resisted|p1b: Damian Flinch\n|-damage|p1a: Ella Price|13\/100\n|-damage|p1b: Damian Flinch|0 fnt\n|faint|p1b: Damian Flinch\n|move|p1a: Ella Price|Recover|p1a: Ella Price\n|-heal|p1a: Ella Price|63\/100\n|move|p2a: Chansey|Heal Pulse|p2b: Toxtricity\n|-fail|p2b: Toxtricity|heal\n|\n|-weather|Snow|[upkeep]\n|-heal|p1a: Ella Price|69\/100|[from] Grassy Terrain\n|-heal|p1a: Ella Price|75\/100|[from] item: Leftovers\n|-heal|p2a: Chansey|9\/100|[from] Grassy Terrain\n|upkeep\n|\n|t:|1699833133\n|switch|p1b: Iron handfranchi|Iron Hands|100\/100\n|turn|10\n|\n|t:|1699833140\n|move|p2b: Toxtricity|Overdrive|p1b: Iron handfranchi|[spread] p1a,p1b\n|-resisted|p1b: Iron handfranchi\n|-damage|p1a: Ella Price|42\/100\n|-damage|p1b: Iron handfranchi|83\/100\n|move|p1a: Ella Price|Shadow Ball|p2b: Toxtricity\n|-damage|p2b: Toxtricity|33\/100\n|move|p2a: Chansey|Blizzard|p1a: Ella Price|[spread] p1a,p1b\n|-resisted|p1a: Ella Price\n|-damage|p1a: Ella Price|38\/100\n|-damage|p1b: Iron handfranchi|76\/100\n|move|p1b: Iron handfranchi|Swords Dance|p1b: Iron handfranchi\n|-boost|p1b: Iron handfranchi|atk|2\n|\n|-weather|none\n|-heal|p2b: Toxtricity|40\/100|[from] Grassy Terrain\n|-heal|p1a: Ella Price|44\/100|[from] Grassy Terrain\n|-heal|p1a: Ella Price|50\/100|[from] item: Leftovers\n|-heal|p1b: Iron handfranchi|82\/100|[from] Grassy Terrain\n|-heal|p2a: Chansey|15\/100|[from] Grassy Terrain\n|-heal|p1b: Iron handfranchi|88\/100|[from] item: Leftovers\n|upkeep\n|turn|11\n|\n|t:|1699833159\n|-terastallize|p2b: Toxtricity|Normal\n|move|p2b: Toxtricity|Overdrive|p1b: Iron handfranchi|[spread] p1a,p1b\n|-resisted|p1b: Iron handfranchi\n|-damage|p1a: Ella Price|12\/100\n|-damage|p1b: Iron handfranchi|70\/100\n|move|p1a: Ella Price|Shadow Ball|p2b: Toxtricity\n|-immune|p2b: Toxtricity\n|move|p2a: Chansey|Heal Pulse|p2b: Toxtricity\n|-heal|p2b: Toxtricity|90\/100\n|move|p1b: Iron handfranchi|Heavy Slam|p2b: Toxtricity\n|-damage|p2b: Toxtricity|0 fnt\n|faint|p2b: Toxtricity\n|\n|-heal|p1a: Ella Price|18\/100|[from] Grassy Terrain\n|-heal|p1a: Ella Price|25\/100|[from] item: Leftovers\n|-heal|p2a: Chansey|22\/100|[from] Grassy Terrain\n|-heal|p1b: Iron handfranchi|76\/100|[from] Grassy Terrain\n|-heal|p1b: Iron handfranchi|83\/100|[from] item: Leftovers\n|upkeep\n|turn|12\n|\n|t:|1699833175\n|move|p1a: Ella Price|Flash Cannon|p2a: Chansey\n|-damage|p2a: Chansey|9\/100\n|move|p2a: Chansey|Blizzard|p1b: Iron handfranchi|[spread] p1b\n|-miss|p2a: Chansey|p1a: Ella Price\n|-damage|p1b: Iron handfranchi|75\/100\n|-status|p1b: Iron handfranchi|frz\n|cant|p1b: Iron handfranchi|frz\n|\n|-heal|p1a: Ella Price|31\/100|[from] Grassy Terrain\n|-heal|p1a: Ella Price|37\/100|[from] item: Leftovers\n|-heal|p1b: Iron handfranchi|81\/100 frz|[from] Grassy Terrain\n|-heal|p2a: Chansey|15\/100|[from] Grassy Terrain\n|-heal|p1b: Iron handfranchi|87\/100 frz|[from] item: Leftovers\n|-fieldend|move: Grassy Terrain\n|upkeep\n|turn|13\n|\n|t:|1699833183\n|move|p1a: Ella Price|Flash Cannon|p2a: Chansey\n|-damage|p2a: Chansey|1\/100\n|move|p2a: Chansey|Blizzard|p1a: Ella Price|[spread] p1a,p1b\n|-resisted|p1a: Ella Price\n|-damage|p1a: Ella Price|33\/100\n|-damage|p1b: Iron handfranchi|80\/100 frz\n|cant|p1b: Iron handfranchi|frz\n|\n|-heal|p1a: Ella Price|39\/100|[from] item: Leftovers\n|-heal|p1b: Iron handfranchi|86\/100 frz|[from] item: Leftovers\n|upkeep\n|turn|14\n|\n|t:|1699833189\n|-terastallize|p1b: Iron handfranchi|Fire\n|move|p1a: Ella Price|Flash Cannon|p2a: Chansey\n|-damage|p2a: Chansey|0 fnt\n|faint|p2a: Chansey\n|\n|win|Dirty olive\n|raw|Dirty olive's rating: 1051 &rarr; <strong>1079<\/strong><br \/>(+28 for winning)\n|raw|HaxxorCat's rating: 1002 &rarr; <strong>1000<\/strong><br \/>(-2 for losing)\n|l|\u2606HaxxorCat\n","uploadtime":1699833199,"views":7,"p1id":"dirtyolive","p2id":"haxxorcat","formatid":"gen9doublesou","rating":1000,"private":0,"password":""}