{"id":"gen9doublesou-1981234950","p1":"dangledipipples","p2":"gn~hexatunes","format":"[Gen 9] Doubles OU","log":"|j|\u203ddangledipipples\n|j|\u2606gn~hexatunes\n|t:|1698874947\n|gametype|doubles\n|player|p1|dangledipipples|veteran|1454\n|player|p2|gn~hexatunes|psychic-gen4|1318\n|teamsize|p1|6\n|teamsize|p2|6\n|gen|9\n|tier|[Gen 9] Doubles OU\n|rated|\n|rule|Species Clause: Limit one of each Pok\u00e9mon\n|rule|OHKO Clause: OHKO moves are banned\n|rule|Evasion Moves Clause: Evasion moves are banned\n|rule|Gravity Sleep Clause: The combination of sleep-inducing moves with imperfect accuracy and Gravity or Gigantamax Orbeetle are banned\n|rule|Endless Battle Clause: Forcing endless battles is banned\n|rule|HP Percentage Mod: HP is shown in percentages\n|clearpoke\n|poke|p1|Poliwrath, F|\n|poke|p1|Pelipper, F|\n|poke|p1|Landorus-Therian, M|\n|poke|p1|Raichu, M|\n|poke|p1|Sinistcha-Masterpiece|\n|poke|p1|Kingambit, F|\n|poke|p2|Sinistcha|\n|poke|p2|Kommo-o, M|\n|poke|p2|Ninetales-Alola, M|\n|poke|p2|Hatterene, F|\n|poke|p2|Kingambit, F|\n|poke|p2|Great Tusk|\n|teampreview\n|c|\u2606gn~hexatunes|glhf!\n|\n|t:|1698874969\n|start\n|switch|p1a: Sinistcha|Sinistcha-Masterpiece|100\/100\n|switch|p1b: Poliwrath|Poliwrath, F|100\/100\n|switch|p2a: Ninetales|Ninetales-Alola, M|100\/100\n|switch|p2b: Kommo-o|Kommo-o, M|100\/100\n|-weather|Snow|[from] ability: Snow Warning|[of] p2a: Ninetales\n|turn|1\n|\n|t:|1698874985\n|move|p1b: Poliwrath|Protect|p1b: Poliwrath\n|-singleturn|p1b: Poliwrath|Protect\n|move|p2a: Ninetales|Freeze-Dry|p1b: Poliwrath\n|-activate|p1b: Poliwrath|move: Protect\n|move|p2b: Kommo-o|Clangorous Soul|p2b: Kommo-o\n|-boost|p2b: Kommo-o|atk|1\n|-boost|p2b: Kommo-o|def|1\n|-boost|p2b: Kommo-o|spa|1\n|-boost|p2b: Kommo-o|spd|1\n|-boost|p2b: Kommo-o|spe|1\n|-damage|p2b: Kommo-o|68\/100\n|-enditem|p2b: Kommo-o|Throat Spray\n|-boost|p2b: Kommo-o|spa|1|[from] item: Throat Spray\n|move|p1a: Sinistcha|Trick Room|p1a: Sinistcha\n|-fieldstart|move: Trick Room|[of] p1a: Sinistcha\n|\n|-weather|Snow|[upkeep]\n|upkeep\n|turn|2\n|\n|t:|1698875015\n|-terastallize|p1b: Poliwrath|Steel\n|move|p1a: Sinistcha|Rage Powder|p1a: Sinistcha\n|-singleturn|p1a: Sinistcha|move: Rage Powder\n|move|p1b: Poliwrath|Belly Drum|p1b: Poliwrath\n|-damage|p1b: Poliwrath|50\/100\n|-setboost|p1b: Poliwrath|atk|6|[from] move: Belly Drum\n|-enditem|p1b: Poliwrath|Sitrus Berry|[eat]\n|-heal|p1b: Poliwrath|75\/100|[from] item: Sitrus Berry\n|move|p2a: Ninetales|Freeze-Dry|p1a: Sinistcha\n|-supereffective|p1a: Sinistcha\n|-damage|p1a: Sinistcha|64\/100\n|move|p2b: Kommo-o|Boomburst|p1b: Poliwrath|[spread] p2a,p1b\n|-immune|p1a: Sinistcha\n|-resisted|p1b: Poliwrath\n|-damage|p2a: Ninetales|46\/100\n|-damage|p1b: Poliwrath|42\/100\n|\n|-weather|Snow|[upkeep]\n|upkeep\n|turn|3\n|\n|t:|1698875046\n|switch|p1a: Kingambit|Kingambit, F|100\/100\n|move|p1b: Poliwrath|Drain Punch|p2b: Kommo-o\n|-damage|p2b: Kommo-o|0 fnt\n|-heal|p1b: Poliwrath|69\/100|[from] drain|[of] p2b: Kommo-o\n|faint|p2b: Kommo-o\n|move|p2a: Ninetales|Aurora Veil|p2a: Ninetales\n|-sidestart|p2: gn~hexatunes|move: Aurora Veil\n|\n|-weather|Snow|[upkeep]\n|upkeep\n|\n|t:|1698875056\n|switch|p2b: Great Tusk|Great Tusk|100\/100\n|-enditem|p2b: Great Tusk|Booster Energy\n|-activate|p2b: Great Tusk|ability: Protosynthesis|[fromitem]\n|-start|p2b: Great Tusk|protosynthesisatk\n|turn|4\n|\n|t:|1698875069\n|switch|p2a: Kingambit|Kingambit, F|100\/100\n|-activate|p2a: Kingambit|ability: Supreme Overlord\n|-start|p2a: Kingambit|fallen1|[silent]\n|move|p1a: Kingambit|Iron Head|p2a: Kingambit\n|-resisted|p2a: Kingambit\n|-damage|p2a: Kingambit|89\/100\n|move|p1b: Poliwrath|Liquidation|p2b: Great Tusk\n|-supereffective|p2b: Great Tusk\n|-damage|p2b: Great Tusk|0 fnt\n|faint|p2b: Great Tusk\n|-end|p2b: Great Tusk|Protosynthesis|[silent]\n|\n|-weather|Snow|[upkeep]\n|-heal|p2a: Kingambit|96\/100|[from] item: Leftovers\n|upkeep\n|\n|t:|1698875078\n|switch|p2b: Sinistcha|Sinistcha|100\/100\n|-heal|p2a: Kingambit|100\/100|[from] ability: Hospitality|[of] p2b: Sinistcha\n|turn|5\n|\n|t:|1698875092\n|move|p2a: Kingambit|Sucker Punch|p1b: Poliwrath\n|-damage|p1b: Poliwrath|21\/100\n|move|p1a: Kingambit|Kowtow Cleave|p2b: Sinistcha\n|-supereffective|p2b: Sinistcha\n|-damage|p2b: Sinistcha|29\/100\n|move|p2b: Sinistcha|Strength Sap|p1b: Poliwrath\n|-unboost|p1b: Poliwrath|atk|1\n|-heal|p2b: Sinistcha|100\/100\n|move|p1b: Poliwrath|Drain Punch|p2a: Kingambit\n|-supereffective|p2a: Kingambit\n|-damage|p2a: Kingambit|0 fnt\n|-heal|p1b: Poliwrath|78\/100|[from] drain|[of] p2a: Kingambit\n|faint|p2a: Kingambit\n|-end|p2a: Kingambit|fallen1|[silent]\n|\n|-weather|none\n|-fieldend|move: Trick Room\n|upkeep\n|\n|t:|1698875102\n|switch|p2a: Hatterene|Hatterene, F|100\/100\n|turn|6\n|\n|t:|1698875122\n|-terastallize|p2a: Hatterene|Water\n|move|p1b: Poliwrath|Liquidation|p2a: Hatterene\n|-resisted|p2a: Hatterene\n|-damage|p2a: Hatterene|55\/100\n|-enditem|p2a: Hatterene|Kee Berry|[eat]\n|-boost|p2a: Hatterene|def|1|[from] item: Kee Berry\n|move|p2b: Sinistcha|Strength Sap|p1b: Poliwrath\n|-unboost|p1b: Poliwrath|atk|1\n|move|p2a: Hatterene|Calm Mind|p2a: Hatterene\n|-boost|p2a: Hatterene|spa|1\n|-boost|p2a: Hatterene|spd|1\n|move|p1a: Kingambit|Kowtow Cleave|p2b: Sinistcha\n|-supereffective|p2b: Sinistcha\n|-damage|p2b: Sinistcha|19\/100\n|\n|upkeep\n|turn|7\n|\n|t:|1698875141\n|move|p1a: Kingambit|Sucker Punch||[still]\n|-fail|p1a: Kingambit\n|move|p1b: Poliwrath|Drain Punch|p2a: Hatterene\n|-damage|p2a: Hatterene|2\/100\n|-heal|p1b: Poliwrath|100\/100|[from] drain|[of] p2a: Hatterene\n|move|p2b: Sinistcha|Life Dew|p2b: Sinistcha|[spread] p2a,p2b\n|-heal|p2a: Hatterene|28\/100\n|-heal|p2b: Sinistcha|44\/100\n|move|p2a: Hatterene|Stored Power|p1b: Poliwrath\n|-resisted|p1b: Poliwrath\n|-damage|p1b: Poliwrath|73\/100\n|\n|upkeep\n|turn|8\n|\n|t:|1698875160\n|move|p1b: Poliwrath|Drain Punch|p2a: Hatterene\n|-damage|p2a: Hatterene|0 fnt\n|-heal|p1b: Poliwrath|86\/100|[from] drain|[of] p2a: Hatterene\n|faint|p2a: Hatterene\n|move|p2b: Sinistcha|Matcha Gotcha|p1a: Kingambit|[spread] p1a,p1b\n|-resisted|p1a: Kingambit\n|-resisted|p1b: Poliwrath\n|-damage|p1a: Kingambit|85\/100\n|-heal|p2b: Sinistcha|53\/100|[from] drain|[of] p1a: Kingambit\n|-damage|p1b: Poliwrath|69\/100\n|-heal|p2b: Sinistcha|62\/100|[from] drain|[of] p1b: Poliwrath\n|move|p1a: Kingambit|Kowtow Cleave|p2b: Sinistcha\n|-supereffective|p2b: Sinistcha\n|-damage|p2b: Sinistcha|0 fnt\n|faint|p2b: Sinistcha\n|\n|upkeep\n|\n|t:|1698875163\n|switch|p2b: Ninetales|Ninetales-Alola, M|46\/100\n|-weather|Snow|[from] ability: Snow Warning|[of] p2b: Ninetales\n|turn|9\n|inactive|Battle timer is ON: inactive players will automatically lose when time's up. (requested by gn~hexatunes)\n|\n|t:|1698875179\n|switch|p1a: Pelipper|Pelipper, F|100\/100\n|-weather|RainDance|[from] ability: Drizzle|[of] p1a: Pelipper\n|move|p1b: Poliwrath|Drain Punch|p2b: Ninetales\n|-damage|p2b: Ninetales|0 fnt\n|-heal|p1b: Poliwrath|91\/100|[from] drain|[of] p2b: Ninetales\n|faint|p2b: Ninetales\n|\n|win|dangledipipples\n|raw|dangledipipples's rating: 1454 &rarr; <strong>1467<\/strong><br \/>(+13 for winning)\n|raw|gn~hexatunes's rating: 1318 &rarr; <strong>1305<\/strong><br \/>(-13 for losing)\n|l|\u2606gn~hexatunes\n","uploadtime":1698875193,"views":18,"p1id":"dangledipipples","p2id":"gnhexatunes","formatid":"gen9doublesou","rating":1305,"private":0,"password":""}