{"id":"gen9doublesou-1991042270","p1":"blazingk11","p2":"jordanious77","format":"[Gen 9] Doubles OU","log":"|j|\u2606blazingk11\n|j|\u2606jordanious77\n|t:|1700033258\n|gametype|doubles\n|player|p1|blazingk11|102|1270\n|player|p2|jordanious77|1|1324\n|teamsize|p1|6\n|teamsize|p2|6\n|gen|9\n|tier|[Gen 9] Doubles OU\n|rated|\n|rule|Species Clause: Limit one of each Pok\u00e9mon\n|rule|OHKO Clause: OHKO moves are banned\n|rule|Evasion Moves Clause: Evasion moves are banned\n|rule|Gravity Sleep Clause: The combination of sleep-inducing moves with imperfect accuracy and Gravity or Gigantamax Orbeetle are banned\n|rule|Endless Battle Clause: Forcing endless battles is banned\n|rule|HP Percentage Mod: HP is shown in percentages\n|clearpoke\n|poke|p1|Iron Jugulis|\n|poke|p1|Chi-Yu|\n|poke|p1|Talonflame, F|\n|poke|p1|Tauros-Paldea-Blaze, M|\n|poke|p1|Arcanine-Hisui, M|\n|poke|p1|Skeledirge, M|\n|poke|p2|Clodsire, F|\n|poke|p2|Vaporeon, M|\n|poke|p2|Ludicolo, F|\n|poke|p2|Rillaboom, M|\n|poke|p2|Chi-Yu|\n|poke|p2|Ursaluna-Bloodmoon, M|\n|teampreview\n|inactive|Battle timer is ON: inactive players will automatically lose when time's up. (requested by jordanious77)\n|\n|t:|1700033267\n|start\n|switch|p1a: Anti-Sun|Iron Jugulis|100\/100\n|switch|p1b: Chi-Yu|Chi-Yu|100\/100\n|switch|p2a: Ludicolo|Ludicolo, F|100\/100\n|switch|p2b: Vaporeon|Vaporeon, M|100\/100\n|-ability|p1b: Chi-Yu|Beads of Ruin\n|-enditem|p1a: Anti-Sun|Booster Energy\n|-activate|p1a: Anti-Sun|ability: Quark Drive|[fromitem]\n|-start|p1a: Anti-Sun|quarkdrivespe\n|turn|1\n|inactive|blazingk11 has 120 seconds left.\n|\n|t:|1700033305\n|move|p2a: Ludicolo|Fake Out|p1a: Anti-Sun\n|-damage|p1a: Anti-Sun|94\/100\n|cant|p1a: Anti-Sun|flinch\n|move|p1b: Chi-Yu|Overheat|p2a: Ludicolo\n|-damage|p2a: Ludicolo|21\/100\n|-unboost|p1b: Chi-Yu|spa|2\n|-enditem|p1b: Chi-Yu|Eject Pack\n|-enditem|p2a: Ludicolo|Aguav Berry|[eat]\n|-heal|p2a: Ludicolo|54\/100|[from] item: Aguav Berry\n|\n|t:|1700033321\n|switch|p1b: Skeledirge|Skeledirge, M|100\/100\n|move|p2b: Vaporeon|Calm Mind|p2b: Vaporeon\n|-boost|p2b: Vaporeon|spa|1\n|-boost|p2b: Vaporeon|spd|1\n|\n|upkeep\n|turn|2\n|inactive|blazingk11 has 120 seconds left.\n|\n|t:|1700033359\n|move|p1a: Anti-Sun|Sunny Day|p1a: Anti-Sun\n|-weather|SunnyDay\n|move|p2a: Ludicolo|Surf|p1a: Anti-Sun|[spread] p1a,p1b\n|-immune|p2b: Vaporeon|[from] ability: Water Absorb\n|-supereffective|p1b: Skeledirge\n|-damage|p1a: Anti-Sun|80\/100\n|-damage|p1b: Skeledirge|82\/100\n|move|p1b: Skeledirge|Torch Song|p2a: Ludicolo\n|-damage|p2a: Ludicolo|16\/100\n|-boost|p1b: Skeledirge|spa|1\n|move|p2b: Vaporeon|Calm Mind|p2b: Vaporeon\n|-boost|p2b: Vaporeon|spa|1\n|-boost|p2b: Vaporeon|spd|1\n|\n|-weather|SunnyDay|[upkeep]\n|-heal|p1b: Skeledirge|88\/100|[from] item: Leftovers\n|upkeep\n|turn|3\n|\n|t:|1700033381\n|move|p1a: Anti-Sun|Air Slash|p2a: Ludicolo\n|-supereffective|p2a: Ludicolo\n|-damage|p2a: Ludicolo|0 fnt\n|faint|p2a: Ludicolo\n|move|p1b: Skeledirge|Shadow Ball|p2b: Vaporeon\n|-damage|p2b: Vaporeon|71\/100\n|-unboost|p2b: Vaporeon|spd|1\n|move|p2b: Vaporeon|Scald|p1b: Skeledirge\n|-supereffective|p1b: Skeledirge\n|-damage|p1b: Skeledirge|59\/100\n|\n|-weather|SunnyDay|[upkeep]\n|-heal|p1b: Skeledirge|65\/100|[from] item: Leftovers\n|upkeep\n|\n|t:|1700033393\n|switch|p2a: Rillaboom|Rillaboom, M, shiny|100\/100\n|-fieldstart|move: Grassy Terrain|[from] ability: Grassy Surge|[of] p2a: Rillaboom\n|turn|4\n|inactive|blazingk11 has 120 seconds left.\n|\n|t:|1700033423\n|-terastallize|p2a: Rillaboom|Fighting\n|move|p1a: Anti-Sun|Air Slash|p2a: Rillaboom\n|-supereffective|p2a: Rillaboom\n|-damage|p2a: Rillaboom|51\/100\n|cant|p2a: Rillaboom|flinch\n|move|p1b: Skeledirge|Torch Song|p2a: Rillaboom\n|-damage|p2a: Rillaboom|0 fnt\n|-boost|p1b: Skeledirge|spa|1\n|faint|p2a: Rillaboom\n|move|p2b: Vaporeon|Calm Mind|p2b: Vaporeon\n|-boost|p2b: Vaporeon|spa|1\n|-boost|p2b: Vaporeon|spd|1\n|\n|-weather|SunnyDay|[upkeep]\n|-heal|p1b: Skeledirge|71\/100|[from] Grassy Terrain\n|-heal|p1b: Skeledirge|77\/100|[from] item: Leftovers\n|-heal|p2b: Vaporeon|78\/100|[from] Grassy Terrain\n|upkeep\n|inactive|jordanious77 has 120 seconds left.\n|\n|t:|1700033441\n|switch|p2a: Clodsire|Clodsire, F|100\/100\n|turn|5\n|inactive|blazingk11 has 120 seconds left.\n|c|\u2606blazingk11|that vaporeon gona.get a head ache with all those calm minds\n|\n|t:|1700033481\n|move|p1a: Anti-Sun|Air Slash|p2b: Vaporeon\n|-damage|p2b: Vaporeon|68\/100\n|move|p1b: Skeledirge|Earth Power|p2a: Clodsire\n|-supereffective|p2a: Clodsire\n|-damage|p2a: Clodsire|41\/100\n|cant|p2b: Vaporeon|flinch\n|move|p2a: Clodsire|Surf|p1a: Anti-Sun|[spread] p1a,p1b\n|-heal|p2b: Vaporeon|93\/100|[from] ability: Water Absorb|[of] p2a: Clodsire\n|-supereffective|p1b: Skeledirge\n|-crit|p1b: Skeledirge\n|-damage|p1a: Anti-Sun|75\/100\n|-damage|p1b: Skeledirge|67\/100\n|\n|-weather|SunnyDay|[upkeep]\n|-heal|p1b: Skeledirge|74\/100|[from] Grassy Terrain\n|-heal|p1b: Skeledirge|80\/100|[from] item: Leftovers\n|-heal|p2b: Vaporeon|99\/100|[from] Grassy Terrain\n|-heal|p2a: Clodsire|47\/100|[from] Grassy Terrain\n|-heal|p2a: Clodsire|53\/100|[from] item: Leftovers\n|upkeep\n|turn|6\n|inactive|blazingk11 has 120 seconds left.\n|\n|t:|1700033505\n|move|p1a: Anti-Sun|Dark Pulse|p2a: Clodsire\n|-damage|p2a: Clodsire|29\/100\n|move|p1b: Skeledirge|Earth Power|p2a: Clodsire\n|-supereffective|p2a: Clodsire\n|-damage|p2a: Clodsire|0 fnt\n|faint|p2a: Clodsire\n|move|p2b: Vaporeon|Calm Mind|p2b: Vaporeon\n|-boost|p2b: Vaporeon|spa|1\n|-boost|p2b: Vaporeon|spd|1\n|\n|-weather|none\n|-heal|p1b: Skeledirge|86\/100|[from] Grassy Terrain\n|-heal|p1b: Skeledirge|92\/100|[from] item: Leftovers\n|-heal|p2b: Vaporeon|100\/100|[from] Grassy Terrain\n|upkeep\n|\n|t:|1700033519\n|switch|p2a: Chi-Yu|Chi-Yu|100\/100\n|-ability|p2a: Chi-Yu|Beads of Ruin\n|turn|7\n|\n|t:|1700033536\n|-terastallize|p1b: Skeledirge|Dark\n|move|p1a: Anti-Sun|Sunny Day|p1a: Anti-Sun\n|-weather|SunnyDay\n|move|p2a: Chi-Yu|Dark Pulse|p1b: Skeledirge\n|-resisted|p1b: Skeledirge\n|-damage|p1b: Skeledirge|71\/100\n|move|p1b: Skeledirge|Earth Power|p2a: Chi-Yu\n|-supereffective|p2a: Chi-Yu\n|-damage|p2a: Chi-Yu|12\/100\n|move|p2b: Vaporeon|Acid Armor|p2b: Vaporeon\n|-boost|p2b: Vaporeon|def|2\n|\n|-weather|SunnyDay|[upkeep]\n|-heal|p2a: Chi-Yu|18\/100|[from] Grassy Terrain\n|-heal|p1b: Skeledirge|77\/100|[from] Grassy Terrain\n|-heal|p1b: Skeledirge|83\/100|[from] item: Leftovers\n|upkeep\n|turn|8\n|\n|t:|1700033563\n|switch|p2a: Ursaluna|Ursaluna-Bloodmoon, M|100\/100\n|move|p1a: Anti-Sun|Air Slash|p2a: Ursaluna\n|-damage|p2a: Ursaluna|80\/100\n|move|p1b: Skeledirge|Shadow Ball|p2b: Vaporeon\n|-damage|p2b: Vaporeon|60\/100\n|move|p2b: Vaporeon|Calm Mind|p2b: Vaporeon\n|-boost|p2b: Vaporeon|spa|1\n|-boost|p2b: Vaporeon|spd|1\n|\n|-weather|SunnyDay|[upkeep]\n|-heal|p1b: Skeledirge|89\/100|[from] Grassy Terrain\n|-heal|p1b: Skeledirge|95\/100|[from] item: Leftovers\n|-heal|p2b: Vaporeon|66\/100|[from] Grassy Terrain\n|-heal|p2a: Ursaluna|86\/100|[from] Grassy Terrain\n|-fieldend|move: Grassy Terrain\n|upkeep\n|turn|9\n|\n|t:|1700033597\n|move|p1a: Anti-Sun|Air Slash|p2a: Ursaluna\n|-damage|p2a: Ursaluna|64\/100\n|move|p1b: Skeledirge|Torch Song|p2a: Ursaluna\n|-crit|p2a: Ursaluna\n|-damage|p2a: Ursaluna|0 fnt\n|-boost|p1b: Skeledirge|spa|1\n|faint|p2a: Ursaluna\n|move|p2b: Vaporeon|Scald|p1b: Skeledirge\n|-damage|p1b: Skeledirge|80\/100\n|\n|-weather|SunnyDay|[upkeep]\n|-heal|p1b: Skeledirge|86\/100|[from] item: Leftovers\n|upkeep\n|-message|jordanious77 forfeited.\n|\n|win|blazingk11\n|raw|blazingk11's rating: 1270 &rarr; <strong>1299<\/strong><br \/>(+29 for winning)\n|raw|jordanious77's rating: 1324 &rarr; <strong>1301<\/strong><br \/>(-23 for losing)\n|l|\u2606jordanious77\n","uploadtime":1700033627,"views":13,"p1id":"blazingk11","p2id":"jordanious77","formatid":"gen9doublesou","rating":1299,"private":0,"password":""}