{"id":"gen9doublesou-1983939433","p1":"staraptor44","p2":"Raf","format":"[Gen 9] Doubles OU","log":"|j|\u2606staraptor44\n|j|\u2606Raf\n|t:|1699202145\n|gametype|doubles\n|player|p1|staraptor44|lucas|\n|player|p2|Raf|#scl3dynamos2|\n|teamsize|p1|6\n|teamsize|p2|6\n|gen|9\n|tier|[Gen 9] Doubles OU\n|rule|Species Clause: Limit one of each Pok\u00e9mon\n|rule|OHKO Clause: OHKO moves are banned\n|rule|Evasion Moves Clause: Evasion moves are banned\n|rule|Gravity Sleep Clause: The combination of sleep-inducing moves with imperfect accuracy and Gravity or Gigantamax Orbeetle are banned\n|rule|Endless Battle Clause: Forcing endless battles is banned\n|rule|HP Percentage Mod: HP is shown in percentages\n|clearpoke\n|poke|p1|Iron Hands|\n|poke|p1|Roaring Moon|\n|poke|p1|Amoonguss, M|\n|poke|p1|Landorus-Therian, M|\n|poke|p1|Flutter Mane|\n|poke|p1|Heatran, F|\n|poke|p2|Ninetales-Alola, F|\n|poke|p2|Roaring Moon|\n|poke|p2|Sinistcha|\n|poke|p2|Heatran, M|\n|poke|p2|Flutter Mane|\n|poke|p2|Iron Hands|\n|teampreview\n|inactive|Battle timer is ON: inactive players will automatically lose when time's up. (requested by Raf)\n|c|\u2606Raf|can u \/publicroom\n|c|\u2606staraptor44|\/log staraptor44 made this room public.\n|c|\u2606Raf|ty\n|inactive|staraptor44 has 270 seconds left.\n|inactive|Raf has 270 seconds left.\n|j|+Yoda2798\n|j| mishimono\n|c|\u2606Raf|hf\n|j| siras\n|inactive|Raf has 240 seconds left.\n|j| blfitcrofter\n|j| A HERO'S DESTINY\n|j| h4v\n|j| Ninja\n|j| exotic64\n|j| uwu kittycat\n|j| theyummybagel\n|j| LpZ IV\n|\n|t:|1699202230\n|start\n|switch|p1a: Heatran|Heatran, F|100\/100\n|switch|p1b: Iron Hands|Iron Hands|100\/100\n|switch|p2a: Ninetales|Ninetales-Alola, F|100\/100\n|switch|p2b: Iron Hands|Iron Hands|100\/100\n|-weather|Snow|[from] ability: Snow Warning|[of] p2a: Ninetales\n|turn|1\n|j| Jello1231\n|\n|t:|1699202244\n|move|p1b: Iron Hands|Fake Out|p2b: Iron Hands\n|-damage|p2b: Iron Hands|89\/100\n|cant|p2b: Iron Hands|flinch\n|move|p2a: Ninetales|Aurora Veil|p2a: Ninetales\n|-sidestart|p2: Raf|move: Aurora Veil\n|move|p1a: Heatran|Heat Wave|p2a: Ninetales|[spread] p2a,p2b\n|-supereffective|p2a: Ninetales\n|-damage|p2a: Ninetales|38\/100\n|-damage|p2b: Iron Hands|77\/100\n|\n|-weather|Snow|[upkeep]\n|upkeep\n|turn|2\n|j| Peter Pan GC\n|j| vuln bomb\n|j| Demantoid (\u2299\ufe4f\u2299\u273f)\n|inactive|staraptor44 has 270 seconds left.\n|inactive|Raf has 270 seconds left.\n|\n|t:|1699202278\n|move|p1a: Heatran|Protect|p1a: Heatran\n|-singleturn|p1a: Heatran|Protect\n|move|p2a: Ninetales|Encore|p1b: Iron Hands\n|-start|p1b: Iron Hands|Encore\n|move|p1b: Iron Hands|Fake Out||[still]\n|-hint|Fake Out only works on your first turn out.\n|-fail|p1b: Iron Hands\n|move|p2b: Iron Hands|Drain Punch|p1a: Heatran\n|-activate|p1a: Heatran|move: Protect\n|\n|-weather|Snow|[upkeep]\n|upkeep\n|turn|3\n|c| Demantoid (\u2299\ufe4f\u2299\u273f)|mish\n|inactive|staraptor44 has 270 seconds left.\n|j| Lunarr\n|c| mishimono|hey Demantoid\n|\n|t:|1699202309\n|switch|p2a: Roaring Moon|Roaring Moon|100\/100\n|-end|p1b: Iron Hands|Quark Drive|[silent]\n|switch|p1b: Flutter Mane|Flutter Mane|100\/100\n|-end|p2b: Iron Hands|Quark Drive|[silent]\n|switch|p2b: Heatran|Heatran, M|100\/100\n|-terastallize|p1a: Heatran|Fairy\n|move|p1a: Heatran|Heat Wave|p2a: Roaring Moon|[spread] p2a\n|-start|p2b: Heatran|ability: Flash Fire\n|-resisted|p2a: Roaring Moon\n|-damage|p2a: Roaring Moon|87\/100\n|\n|-weather|Snow|[upkeep]\n|upkeep\n|turn|4\n|c| Demantoid (\u2299\ufe4f\u2299\u273f)|hi mishimono\n|j| RelicanthPrimal<><\n|inactive|staraptor44 has 270 seconds left.\n|l| blfitcrofter\n|j| Feyette\n|inactive|Raf has 270 seconds left.\n|\n|t:|1699202353\n|-end|p1b: Flutter Mane|Protosynthesis|[silent]\n|switch|p1b: Iron Hands|Iron Hands|100\/100\n|-terastallize|p2b: Heatran|Fairy\n|move|p2a: Roaring Moon|Protect|p2a: Roaring Moon\n|-singleturn|p2a: Roaring Moon|Protect\n|move|p1a: Heatran|Earth Power|p2b: Heatran\n|-damage|p2b: Heatran|89\/100\n|move|p2b: Heatran|Heavy Slam|p1b: Iron Hands\n|-resisted|p1b: Iron Hands\n|-damage|p1b: Iron Hands|97\/100\n|\n|-weather|Snow|[upkeep]\n|upkeep\n|turn|5\n|j| Ash KetchumGamer\n|inactive|staraptor44 has 270 seconds left.\n|inactive|Raf has 270 seconds left.\n|j| AIRedzone\n|c| Ash KetchumGamer|vamo\n|inactive|Raf has 240 seconds left.\n|\n|t:|1699202400\n|-end|p2a: Roaring Moon|Protosynthesis|[silent]\n|switch|p2a: Flutter Mane|Flutter Mane|100\/100\n|move|p1a: Heatran|Flash Cannon|p2b: Heatran\n|-supereffective|p2b: Heatran\n|-damage|p2b: Heatran|53\/100\n|move|p2b: Heatran|Tera Blast|p1b: Iron Hands|[anim] Tera Blast Fairy\n|-supereffective|p1b: Iron Hands\n|-damage|p1b: Iron Hands|52\/100\n|move|p1b: Iron Hands|Drain Punch|p2a: Flutter Mane\n|-immune|p2a: Flutter Mane\n|\n|-weather|none\n|upkeep\n|turn|6\n|j| MADARAAAA\n|inactive|staraptor44 has 270 seconds left.\n|inactive|Raf has 240 seconds left.\n|j| Tenzai\n|\n|t:|1699202439\n|-end|p1b: Iron Hands|Quark Drive|[silent]\n|switch|p1b: Amoonguss|Amoonguss, M|100\/100\n|move|p2a: Flutter Mane|Psyshock|p1b: Amoonguss\n|-supereffective|p1b: Amoonguss\n|-damage|p1b: Amoonguss|46\/100\n|move|p1a: Heatran|Flash Cannon|p2a: Flutter Mane\n|-supereffective|p2a: Flutter Mane\n|-damage|p2a: Flutter Mane|42\/100\n|move|p2b: Heatran|Tera Blast|p1a: Heatran|[anim] Tera Blast Fairy\n|-damage|p1a: Heatran|65\/100\n|\n|upkeep\n|turn|7\n|j|+daawesomedude1 (\n|inactive|staraptor44 has 270 seconds left.\n|inactive|Raf has 240 seconds left.\n|c| Ash KetchumGamer|lido\n|\n|t:|1699202468\n|-end|p2a: Flutter Mane|Protosynthesis|[silent]\n|switch|p2a: Sinistcha|Sinistcha|100\/100\n|-heal|p2b: Heatran|78\/100|[from] ability: Hospitality|[of] p2a: Sinistcha\n|move|p1a: Heatran|Flash Cannon|p2a: Sinistcha\n|-damage|p2a: Sinistcha|72\/100\n|move|p2b: Heatran|Tera Blast|p1a: Heatran|[anim] Tera Blast Fairy\n|-damage|p1a: Heatran|28\/100\n|move|p1b: Amoonguss|Spore|p2b: Heatran\n|-status|p2b: Heatran|slp|[from] move: Spore\n|\n|upkeep\n|turn|8\n|j| sayyonara\n|inactive|staraptor44 has 270 seconds left.\n|inactive|Raf has 240 seconds left.\n|\n|t:|1699202506\n|switch|p1b: Roaring Moon|Roaring Moon|100\/100\n|-enditem|p1b: Roaring Moon|Booster Energy\n|-activate|p1b: Roaring Moon|ability: Protosynthesis|[fromitem]\n|-start|p1b: Roaring Moon|protosynthesisatk\n|cant|p2b: Heatran|slp\n|move|p1a: Heatran|Flash Cannon|p2b: Heatran\n|-supereffective|p2b: Heatran\n|-damage|p2b: Heatran|43\/100 slp\n|move|p2a: Sinistcha|Shadow Ball|p1a: Heatran\n|-damage|p1a: Heatran|1\/100\n|\n|-sideend|p2: Raf|move: Aurora Veil\n|upkeep\n|turn|9\n|j|+Actuarily\n|inactive|Raf has 240 seconds left.\n|l|+Actuarily\n|l| Feyette\n|inactive|Raf has 210 seconds left.\n|j| Feyette\n|j| Ally Switch Andy\n|inactive|Raf has 180 seconds left.\n|j| Lemurro\n|j| Heerv\n|inactive|Raf has 150 seconds left.\n|inactive|Raf has 120 seconds left.\n|\n|t:|1699202657\n|switch|p2a: Ninetales|Ninetales-Alola, F|38\/100\n|-weather|Snow|[from] ability: Snow Warning|[of] p2a: Ninetales\n|move|p1b: Roaring Moon|Dragon Dance|p1b: Roaring Moon\n|-boost|p1b: Roaring Moon|atk|1\n|-boost|p1b: Roaring Moon|spe|1\n|move|p1a: Heatran|Flash Cannon|p2b: Heatran\n|-supereffective|p2b: Heatran\n|-damage|p2b: Heatran|0 fnt\n|faint|p2b: Heatran\n|\n|-weather|Snow|[upkeep]\n|upkeep\n|inactive|Raf has 90 seconds left.\n|j| F3rrari450\n|\n|t:|1699202685\n|switch|p2b: Iron Hands|Iron Hands|77\/100\n|turn|10\n|inactive|Raf has 90 seconds left.\n|inactive|staraptor44 has 270 seconds left.\n|j|+Frixel\n|inactive|Raf has 60 seconds left.\n|\n|t:|1699202743\n|move|p1b: Roaring Moon|Protect|p1b: Roaring Moon\n|-singleturn|p1b: Roaring Moon|Protect\n|move|p2b: Iron Hands|Fake Out|p1b: Roaring Moon\n|-activate|p1b: Roaring Moon|move: Protect\n|move|p2a: Ninetales|Icy Wind|p1b: Roaring Moon|[spread] p1a\n|-activate|p1b: Roaring Moon|move: Protect\n|-damage|p1a: Heatran|0 fnt\n|faint|p1a: Heatran\n|\n|-weather|Snow|[upkeep]\n|upkeep\n|\n|t:|1699202752\n|switch|p1a: Flutter Mane|Flutter Mane|100\/100\n|turn|11\n|inactive|Raf has 60 seconds left.\n|j|@trace\n|\n|t:|1699202793\n|move|p1b: Roaring Moon|Acrobatics|p2b: Iron Hands\n|-crit|p2b: Iron Hands\n|-damage|p2b: Iron Hands|0 fnt\n|faint|p2b: Iron Hands\n|-end|p2b: Iron Hands|Quark Drive|[silent]\n|move|p1a: Flutter Mane|Dazzling Gleam|p2a: Ninetales\n|-damage|p2a: Ninetales|0 fnt\n|faint|p2a: Ninetales\n|\n|-weather|Snow|[upkeep]\n|upkeep\n|inactive|Raf has 30 seconds left.\n|\n|t:|1699202804\n|switch|p2a: Roaring Moon|Roaring Moon|87\/100\n|switch|p2b: Sinistcha|Sinistcha|72\/100\n|-heal|p2a: Roaring Moon|100\/100|[from] ability: Hospitality|[of] p2b: Sinistcha\n|turn|12\n|l| Feyette\n|\n|t:|1699202817\n|move|p1b: Roaring Moon|Acrobatics|p2a: Roaring Moon\n|-damage|p2a: Roaring Moon|0 fnt\n|faint|p2a: Roaring Moon\n|-end|p2a: Roaring Moon|Protosynthesis|[silent]\n|move|p1a: Flutter Mane|Dazzling Gleam|p2b: Sinistcha\n|-damage|p2b: Sinistcha|21\/100\n|-enditem|p2b: Sinistcha|Sitrus Berry|[eat]\n|-heal|p2b: Sinistcha|46\/100|[from] item: Sitrus Berry\n|move|p2b: Sinistcha|Trick Room|p2b: Sinistcha\n|-fieldstart|move: Trick Room|[of] p2b: Sinistcha\n|\n|-weather|Snow|[upkeep]\n|upkeep\n|\n|t:|1699202821\n|switch|p2a: Flutter Mane|Flutter Mane|42\/100\n|turn|13\n|inactive|Raf has 60 seconds left.\n|l| exotic64\n|j| exotic64\n|j| Toxinalpaca\n|\n|t:|1699202865\n|-end|p1a: Flutter Mane|Protosynthesis|[silent]\n|switch|p1a: Amoonguss|Amoonguss, M|79\/100\n|move|p1b: Roaring Moon|Protect|p1b: Roaring Moon\n|-singleturn|p1b: Roaring Moon|Protect\n|move|p2b: Sinistcha|Matcha Gotcha|p1b: Roaring Moon|[spread] p1a\n|-activate|p1b: Roaring Moon|move: Protect\n|-resisted|p1a: Amoonguss\n|-damage|p1a: Amoonguss|74\/100\n|-heal|p2b: Sinistcha|50\/100|[from] drain|[of] p1a: Amoonguss\n|move|p2a: Flutter Mane|Dazzling Gleam|p1b: Roaring Moon|[spread] p1a\n|-activate|p1b: Roaring Moon|move: Protect\n|-resisted|p1a: Amoonguss\n|-damage|p1a: Amoonguss|53\/100\n|\n|-weather|none\n|upkeep\n|turn|14\n|l| Toxinalpaca\n|inactive|Raf has 30 seconds left.\n|inactive|Raf has 20 seconds left.\n|inactive|Raf has 15 seconds left.\n|inactive|Raf has 10 seconds left.\n|inactive|Raf has 5 seconds left.\n|\n|t:|1699202921\n|move|p1a: Amoonguss|Spore|p2a: Flutter Mane\n|-status|p2a: Flutter Mane|slp|[from] move: Spore\n|move|p2b: Sinistcha|Matcha Gotcha|p1a: Amoonguss|[spread] p1a,p1b\n|-resisted|p1a: Amoonguss\n|-resisted|p1b: Roaring Moon\n|-crit|p1b: Roaring Moon\n|-damage|p1a: Amoonguss|48\/100\n|-heal|p2b: Sinistcha|53\/100|[from] drain|[of] p1a: Amoonguss\n|-damage|p1b: Roaring Moon|83\/100\n|-heal|p2b: Sinistcha|62\/100|[from] drain|[of] p1b: Roaring Moon\n|cant|p2a: Flutter Mane|slp\n|move|p1b: Roaring Moon|Knock Off|p2b: Sinistcha\n|-supereffective|p2b: Sinistcha\n|-damage|p2b: Sinistcha|0 fnt\n|faint|p2b: Sinistcha\n|\n|upkeep\n|turn|15\n|inactive|Raf has 30 seconds left this turn.\n|c|\u2606Raf|gg\n|l|+daawesomedude1 (\n|c|\u2606staraptor44|gg\n|l| exotic64\n|\n|t:|1699202936\n|move|p1a: Amoonguss|Pollen Puff|p2a: Flutter Mane\n|-resisted|p2a: Flutter Mane\n|-damage|p2a: Flutter Mane|38\/100 slp\n|-curestatus|p2a: Flutter Mane|slp|[msg]\n|move|p2a: Flutter Mane|Dazzling Gleam|p1b: Roaring Moon|[spread] p1a,p1b\n|-resisted|p1a: Amoonguss\n|-supereffective|p1b: Roaring Moon\n|-damage|p1a: Amoonguss|28\/100\n|-damage|p1b: Roaring Moon|0 fnt\n|faint|p1b: Roaring Moon\n|-end|p1b: Roaring Moon|Protosynthesis|[silent]\n|\n|upkeep\n|\n|t:|1699202943\n|switch|p1b: Iron Hands|Iron Hands|52\/100\n|turn|16\n|\n|t:|1699202953\n|move|p1a: Amoonguss|Spore|p2a: Flutter Mane\n|-status|p2a: Flutter Mane|slp|[from] move: Spore\n|move|p1b: Iron Hands|Wild Charge|p2a: Flutter Mane\n|-damage|p2a: Flutter Mane|0 fnt\n|faint|p2a: Flutter Mane\n|-end|p2a: Flutter Mane|Protosynthesis|[silent]\n|-damage|p1b: Iron Hands|46\/100|[from] Recoil\n|\n|win|staraptor44\n|l|\u2606Raf\n|j|\u2606Raf\n|player|p2|Raf|#scl3dynamos2\n|l| mishimono\n|l| sayyonara\n|l| Ninja\n|l| Ally Switch Andy\n|l| h4v\n|l| Tenzai\n|l| F3rrari450\n|l| Lemurro\n|l|\u2606staraptor44\n|j| h4v\n|l| h4v\n|l| vuln bomb\n","uploadtime":1699202959,"views":116,"p1id":"staraptor44","p2id":"raf","formatid":"gen9doublesou","rating":0,"private":0,"password":""}