{"id":"gen9doublesou-1982175013","p1":"Kerazs","p2":"tio axel","format":"[Gen 9] Doubles OU","log":"|j|\u2606Kerazs\n|j|\u2606tio axel\n|t:|1698975675\n|gametype|doubles\n|player|p1|Kerazs|169|1305\n|player|p2|tio axel|janine|1420\n|teamsize|p1|6\n|teamsize|p2|6\n|gen|9\n|tier|[Gen 9] Doubles OU\n|rated|\n|rule|Species Clause: Limit one of each Pok\u00e9mon\n|rule|OHKO Clause: OHKO moves are banned\n|rule|Evasion Moves Clause: Evasion moves are banned\n|rule|Gravity Sleep Clause: The combination of sleep-inducing moves with imperfect accuracy and Gravity or Gigantamax Orbeetle are banned\n|rule|Endless Battle Clause: Forcing endless battles is banned\n|rule|HP Percentage Mod: HP is shown in percentages\n|clearpoke\n|poke|p1|Landorus-Therian, M|\n|poke|p1|Gastrodon, M|\n|poke|p1|Gholdengo|\n|poke|p1|Tyranitar, M|\n|poke|p1|Kommo-o, M|\n|poke|p1|Ursaluna-Bloodmoon, M|\n|poke|p2|Roaring Moon|\n|poke|p2|Dragonite, M|\n|poke|p2|Rillaboom, M|\n|poke|p2|Victreebel, M|\n|poke|p2|Ninetales, M|\n|poke|p2|Garganacl, F|\n|teampreview\n|\n|t:|1698975703\n|start\n|switch|p1a: Tyranitar|Tyranitar, M|100\/100\n|switch|p1b: Gastrodon|Gastrodon, M|100\/100\n|switch|p2a: Dragonite|Dragonite, M|100\/100\n|switch|p2b: Rillaboom|Rillaboom, M|100\/100\n|-fieldstart|move: Grassy Terrain|[from] ability: Grassy Surge|[of] p2b: Rillaboom\n|-weather|Sandstorm|[from] ability: Sand Stream|[of] p1a: Tyranitar\n|turn|1\n|inactive|Battle timer is ON: inactive players will automatically lose when time's up. (requested by Kerazs)\n|\n|t:|1698975733\n|-terastallize|p1b: Gastrodon|Poison\n|move|p2b: Rillaboom|Fake Out|p1a: Tyranitar\n|-resisted|p1a: Tyranitar\n|-damage|p1a: Tyranitar|94\/100\n|move|p2a: Dragonite|Iron Head|p1a: Tyranitar\n|-supereffective|p1a: Tyranitar\n|-damage|p1a: Tyranitar|48\/100\n|cant|p1a: Tyranitar|flinch\n|move|p1b: Gastrodon|Sludge Bomb|p2b: Rillaboom\n|-supereffective|p2b: Rillaboom\n|-crit|p2b: Rillaboom\n|-damage|p2b: Rillaboom|0 fnt\n|faint|p2b: Rillaboom\n|\n|-weather|Sandstorm|[upkeep]\n|-damage|p2a: Dragonite|94\/100|[from] Sandstorm\n|-damage|p1b: Gastrodon|94\/100|[from] Sandstorm\n|-heal|p1a: Tyranitar|54\/100|[from] Grassy Terrain\n|-heal|p1b: Gastrodon|100\/100|[from] Grassy Terrain\n|upkeep\n|\n|t:|1698975752\n|switch|p2b: Ninetales|Ninetales, M|100\/100\n|-weather|SunnyDay|[from] ability: Drought|[of] p2b: Ninetales\n|turn|2\n|\n|t:|1698975766\n|move|p2b: Ninetales|Psyshock|p1b: Gastrodon\n|-supereffective|p1b: Gastrodon\n|-damage|p1b: Gastrodon|50\/100\n|move|p2a: Dragonite|Iron Head|p1a: Tyranitar\n|-supereffective|p1a: Tyranitar\n|-damage|p1a: Tyranitar|7\/100\n|move|p1a: Tyranitar|Surf|p2a: Dragonite|[spread] p2a,p2b\n|-ability|p1b: Gastrodon|Storm Drain|boost\n|-boost|p1b: Gastrodon|spa|1\n|-resisted|p2a: Dragonite\n|-supereffective|p2b: Ninetales\n|-damage|p2a: Dragonite|91\/100\n|-damage|p2b: Ninetales|87\/100\n|move|p1b: Gastrodon|Earth Power|p2b: Ninetales\n|-supereffective|p2b: Ninetales\n|-damage|p2b: Ninetales|10\/100\n|-unboost|p2b: Ninetales|spd|1\n|\n|-weather|SunnyDay|[upkeep]\n|-heal|p2b: Ninetales|16\/100|[from] Grassy Terrain\n|-heal|p1a: Tyranitar|13\/100|[from] Grassy Terrain\n|-heal|p1b: Gastrodon|56\/100|[from] Grassy Terrain\n|-heal|p1b: Gastrodon|62\/100|[from] item: Leftovers\n|upkeep\n|turn|3\n|inactive|Kerazs has 120 seconds left.\n|inactive|tio axel has 120 seconds left.\n|\n|t:|1698975807\n|switch|p1a: Landorus|Landorus-Therian, M|100\/100\n|-ability|p1a: Landorus|Intimidate|boost\n|-fail|p2a: Dragonite|unboost|Attack|[from] ability: Inner Focus|[of] p2a: Dragonite\n|-unboost|p2b: Ninetales|atk|1\n|move|p2b: Ninetales|Psyshock|p1b: Gastrodon\n|-supereffective|p1b: Gastrodon\n|-crit|p1b: Gastrodon\n|-damage|p1b: Gastrodon|0 fnt\n|faint|p1b: Gastrodon\n|move|p2a: Dragonite|Iron Head|p1a: Landorus\n|-damage|p1a: Landorus|63\/100\n|\n|-weather|SunnyDay|[upkeep]\n|-heal|p2b: Ninetales|22\/100|[from] Grassy Terrain\n|upkeep\n|\n|t:|1698975821\n|switch|p1b: Tyranitar|Tyranitar, M|13\/100\n|-weather|Sandstorm|[from] ability: Sand Stream|[of] p1b: Tyranitar\n|turn|4\n|\n|t:|1698975831\n|switch|p2b: Garganacl|Garganacl, F|100\/100\n|move|p1a: Landorus|Rock Slide|p2b: Garganacl|[spread] p2a,p2b\n|-supereffective|p2a: Dragonite\n|-damage|p2a: Dragonite|35\/100\n|-damage|p2b: Garganacl|85\/100\n|move|p2a: Dragonite|Ice Spinner|p1a: Landorus\n|-supereffective|p1a: Landorus\n|-damage|p1a: Landorus|0 fnt\n|-fieldend|move: Grassy Terrain\n|faint|p1a: Landorus\n|move|p1b: Tyranitar|Ice Beam|p2a: Dragonite\n|-supereffective|p2a: Dragonite\n|-damage|p2a: Dragonite|0 fnt\n|faint|p2a: Dragonite\n|\n|-weather|Sandstorm|[upkeep]\n|-heal|p2b: Garganacl|92\/100|[from] item: Leftovers\n|upkeep\n|\n|t:|1698975849\n|switch|p1a: Kommo-o|Kommo-o, M|100\/100\n|switch|p2a: Ninetales|Ninetales, M|22\/100\n|-weather|SunnyDay|[from] ability: Drought|[of] p2a: Ninetales\n|turn|5\n|inactive|tio axel has 120 seconds left.\n|\n|t:|1698975889\n|move|p2a: Ninetales|Solar Beam||[still]\n|-prepare|p2a: Ninetales|Solar Beam\n|-anim|p2a: Ninetales|Solar Beam|p1b: Tyranitar\n|-supereffective|p1b: Tyranitar\n|-damage|p1b: Tyranitar|0 fnt\n|faint|p1b: Tyranitar\n|move|p1a: Kommo-o|Iron Defense|p1a: Kommo-o\n|-boost|p1a: Kommo-o|def|2\n|move|p2b: Garganacl|Salt Cure|p1a: Kommo-o\n|-resisted|p1a: Kommo-o\n|-damage|p1a: Kommo-o|98\/100\n|-start|p1a: Kommo-o|Salt Cure\n|\n|-weather|SunnyDay|[upkeep]\n|-heal|p1a: Kommo-o|100\/100|[from] item: Leftovers\n|-heal|p2b: Garganacl|98\/100|[from] item: Leftovers\n|-damage|p1a: Kommo-o|88\/100|[from] Salt Cure\n|upkeep\n|\n|t:|1698975907\n|switch|p1b: Gholdengo|Gholdengo|100\/100\n|turn|6\n|\n|t:|1698975918\n|move|p1b: Gholdengo|Protect|p1b: Gholdengo\n|-singleturn|p1b: Gholdengo|Protect\n|move|p2b: Garganacl|Wide Guard|p2b: Garganacl\n|-singleturn|p2b: Garganacl|Wide Guard\n|move|p2a: Ninetales|Psyshock|p1a: Kommo-o\n|-supereffective|p1a: Kommo-o\n|-damage|p1a: Kommo-o|71\/100\n|move|p1a: Kommo-o|Body Press|p2a: Ninetales\n|-damage|p2a: Ninetales|0 fnt\n|faint|p2a: Ninetales\n|\n|-weather|SunnyDay|[upkeep]\n|-heal|p1a: Kommo-o|77\/100|[from] item: Leftovers\n|-heal|p2b: Garganacl|100\/100|[from] item: Leftovers\n|-damage|p1a: Kommo-o|65\/100|[from] Salt Cure\n|upkeep\n|\n|t:|1698975934\n|switch|p2a: Victreebel|Victreebel, M|100\/100\n|turn|7\n|\n|t:|1698975946\n|move|p2a: Victreebel|Weather Ball|p1b: Gholdengo\n|-supereffective|p1b: Gholdengo\n|-damage|p1b: Gholdengo|15\/100\n|move|p1a: Kommo-o|Body Press|p2b: Garganacl\n|-supereffective|p2b: Garganacl\n|-damage|p2b: Garganacl|17\/100\n|move|p1b: Gholdengo|Make It Rain|p2b: Garganacl|[spread] p2a,p2b\n|-supereffective|p2b: Garganacl\n|-enditem|p2a: Victreebel|Focus Sash\n|-damage|p2a: Victreebel|1\/100\n|-damage|p2b: Garganacl|0 fnt\n|-unboost|p1b: Gholdengo|spa|1\n|faint|p2b: Garganacl\n|-damage|p1b: Gholdengo|6\/100|[from] item: Life Orb\n|\n|-weather|SunnyDay|[upkeep]\n|-heal|p1a: Kommo-o|71\/100|[from] item: Leftovers\n|-damage|p1a: Kommo-o|59\/100|[from] Salt Cure\n|upkeep\n|\n|t:|1698975965\n|switch|p2b: Roaring Moon|Roaring Moon|100\/100\n|-activate|p2b: Roaring Moon|ability: Protosynthesis\n|-start|p2b: Roaring Moon|protosynthesisatk\n|turn|8\n|inactive|tio axel has 120 seconds left.\n|\n|t:|1698976014\n|move|p2a: Victreebel|Weather Ball|p1a: Kommo-o\n|-resisted|p1a: Kommo-o\n|-damage|p1a: Kommo-o|37\/100\n|move|p2b: Roaring Moon|Dragon Claw|p1a: Kommo-o\n|-supereffective|p1a: Kommo-o\n|-damage|p1a: Kommo-o|0 fnt\n|faint|p1a: Kommo-o\n|move|p1b: Gholdengo|Make It Rain|p2a: Victreebel|[spread] p2a,p2b\n|-damage|p2a: Victreebel|0 fnt\n|-damage|p2b: Roaring Moon|57\/100\n|-unboost|p1b: Gholdengo|spa|1\n|faint|p2a: Victreebel\n|-damage|p1b: Gholdengo|0 fnt|[from] item: Life Orb\n|faint|p1b: Gholdengo\n|\n|-weather|SunnyDay|[upkeep]\n|upkeep\n|\n|t:|1698976033\n|switch|p1a: Ursaluna|Ursaluna-Bloodmoon, M|100\/100\n|turn|9\n|inactive|tio axel has 120 seconds left.\n|c|\u2606Kerazs|Gg\n|\n|t:|1698976068\n|-terastallize|p2b: Roaring Moon|Steel\n|move|p2b: Roaring Moon|Crunch|p1a: Ursaluna\n|-damage|p1a: Ursaluna|60\/100\n|move|p1a: Ursaluna|Blood Moon|p2b: Roaring Moon\n|-resisted|p2b: Roaring Moon\n|-damage|p2b: Roaring Moon|8\/100\n|-damage|p1a: Ursaluna|50\/100|[from] item: Life Orb\n|\n|-weather|none\n|-end|p2b: Roaring Moon|Protosynthesis\n|upkeep\n|-enditem|p2b: Roaring Moon|Booster Energy\n|-activate|p2b: Roaring Moon|ability: Protosynthesis|[fromitem]\n|-start|p2b: Roaring Moon|protosynthesisatk\n|turn|10\n|inactive|tio axel has 120 seconds left.\n|\n|t:|1698976085\n|move|p2b: Roaring Moon|Iron Head|p1a: Ursaluna\n|-damage|p1a: Ursaluna|8\/100\n|move|p1a: Ursaluna|Earth Power|p2b: Roaring Moon\n|-supereffective|p2b: Roaring Moon\n|-damage|p2b: Roaring Moon|0 fnt\n|faint|p2b: Roaring Moon\n|-end|p2b: Roaring Moon|Protosynthesis|[silent]\n|-damage|p1a: Ursaluna|0 fnt|[from] item: Life Orb\n|faint|p1a: Ursaluna\n|\n|win|Kerazs\n|raw|Kerazs's rating: 1305 &rarr; <strong>1332<\/strong><br \/>(+27 for winning)\n|raw|tio axel's rating: 1434 &rarr; <strong>1407<\/strong><br \/>(-27 for losing)\n|c|\u2606tio axel|Gg\n|c|\u2606Kerazs|Gg\n|l|\u2606tio axel\n","uploadtime":1698976126,"views":21,"p1id":"kerazs","p2id":"tioaxel","formatid":"gen9doublesou","rating":1332,"private":0,"password":""}