{"id":"gen9doublesou-1984809730","p1":"DanWolfang","p2":"Rungy","format":"[Gen 9] Doubles OU","log":"|j|\u2606DanWolfang\n|j|\u2606Rungy\n|t:|1699300836\n|gametype|doubles\n|player|p1|DanWolfang|169|1145\n|player|p2|Rungy|gambler|1112\n|teamsize|p1|6\n|teamsize|p2|6\n|gen|9\n|tier|[Gen 9] Doubles OU\n|rated|\n|rule|Species Clause: Limit one of each Pok\u00e9mon\n|rule|OHKO Clause: OHKO moves are banned\n|rule|Evasion Moves Clause: Evasion moves are banned\n|rule|Gravity Sleep Clause: The combination of sleep-inducing moves with imperfect accuracy and Gravity or Gigantamax Orbeetle are banned\n|rule|Endless Battle Clause: Forcing endless battles is banned\n|rule|HP Percentage Mod: HP is shown in percentages\n|clearpoke\n|poke|p1|Regidrago|\n|poke|p1|Stonjourner, M|\n|poke|p1|Sinistcha-Masterpiece|\n|poke|p1|Tornadus, M|\n|poke|p1|Thundurus-Therian, M|\n|poke|p1|Bellibolt, M|\n|poke|p2|Weezing-Galar, M|\n|poke|p2|Pelipper, F|\n|poke|p2|Farigiraf, M|\n|poke|p2|Gastrodon-East, M|\n|poke|p2|Sinistcha|\n|poke|p2|Kilowattrel, M|\n|teampreview\n|c|\u2606Rungy|glhf!\n|\n|t:|1699300843\n|start\n|switch|p1a: Thundurus|Thundurus-Therian, M|100\/100\n|switch|p1b: Bellibolt|Bellibolt, M|100\/100\n|switch|p2a: Assmar|Weezing-Galar, M|100\/100\n|switch|p2b: LIPS INC|Pelipper, F|100\/100\n|-weather|RainDance|[from] ability: Drizzle|[of] p2b: LIPS INC\n|-fieldstart|move: Misty Terrain|[from] ability: Misty Surge|[of] p2a: Assmar\n|turn|1\n|\n|t:|1699300857\n|switch|p2a: Mr. Rothschild|Farigiraf, M|100\/100\n|-terastallize|p1a: Thundurus|Electric\n|move|p1a: Thundurus|Wildbolt Storm|p2a: Mr. Rothschild|[spread] p2a,p2b\n|-supereffective|p2b: LIPS INC\n|-damage|p2a: Mr. Rothschild|26\/100\n|-damage|p2b: LIPS INC|0 fnt\n|faint|p2b: LIPS INC\n|move|p1b: Bellibolt|Parabolic Charge|p2a: Mr. Rothschild|[spread] p2a\n|-immune|p1a: Thundurus|[from] ability: Volt Absorb\n|-damage|p2a: Mr. Rothschild|0 fnt\n|faint|p2a: Mr. Rothschild\n|\n|-weather|RainDance|[upkeep]\n|upkeep\n|\n|t:|1699300871\n|switch|p2a: Khan|Gastrodon-East, M|100\/100\n|switch|p2b: Kratom|Sinistcha|100\/100\n|turn|2\n|\n|t:|1699300885\n|move|p1a: Thundurus|Flash Cannon|p2b: Kratom\n|-damage|p2b: Kratom|56\/100\n|move|p2b: Kratom|Life Dew|p2b: Kratom|[spread] p2b\n|-ability|p2a: Khan|Storm Drain|boost\n|-boost|p2a: Khan|spa|1\n|-heal|p2b: Kratom|81\/100\n|move|p1b: Bellibolt|Weather Ball|p2a: Khan\n|-activate|p2a: Khan|ability: Storm Drain\n|-ability|p2a: Khan|Storm Drain|boost\n|-boost|p2a: Khan|spa|1\n|move|p2a: Khan|Earth Power|p1b: Bellibolt\n|-supereffective|p1b: Bellibolt\n|-damage|p1b: Bellibolt|0 fnt\n|faint|p1b: Bellibolt\n|\n|-weather|RainDance|[upkeep]\n|upkeep\n|\n|t:|1699300901\n|switch|p1b: Regidrago|Regidrago|100\/100\n|turn|3\n|\n|t:|1699300911\n|move|p1a: Thundurus|Flash Cannon|p2a: Khan\n|-resisted|p2a: Khan\n|-damage|p2a: Khan|90\/100\n|move|p2b: Kratom|Strength Sap|p1b: Regidrago\n|-unboost|p1b: Regidrago|atk|1\n|-heal|p2b: Kratom|100\/100\n|move|p1b: Regidrago|Dragon Energy|p2a: Khan|[spread] p2a,p2b\n|-damage|p2a: Khan|64\/100\n|-damage|p2b: Kratom|46\/100\n|move|p2a: Khan|Earth Power|p1a: Thundurus\n|-supereffective|p1a: Thundurus\n|-damage|p1a: Thundurus|0 fnt\n|faint|p1a: Thundurus\n|\n|-weather|RainDance|[upkeep]\n|upkeep\n|\n|t:|1699300929\n|switch|p1a: Tornadus|Tornadus, M|100\/100\n|turn|4\n|\n|t:|1699300935\n|switch|p1b: Stonjourner|Stonjourner, M|100\/100\n|move|p1a: Tornadus|Protect|p1a: Tornadus\n|-singleturn|p1a: Tornadus|Protect\n|move|p2b: Kratom|Life Dew|p2b: Kratom|[spread] p2b\n|-ability|p2a: Khan|Storm Drain|boost\n|-boost|p2a: Khan|spa|1\n|-heal|p2b: Kratom|72\/100\n|move|p2a: Khan|Ice Beam|p1b: Stonjourner\n|-damage|p1b: Stonjourner|0 fnt\n|faint|p1b: Stonjourner\n|\n|-weather|RainDance|[upkeep]\n|upkeep\n|\n|t:|1699300950\n|switch|p1b: Regidrago|Regidrago|100\/100\n|turn|5\n|\n|t:|1699300959\n|switch|p2b: Assmar|Weezing-Galar, M|100\/100\n|move|p1a: Tornadus|Tailwind|p1a: Tornadus\n|-sidestart|p1: DanWolfang|move: Tailwind\n|move|p1b: Regidrago|Dragon Energy|p2a: Khan|[spread] p2a\n|-immune|p2b: Assmar\n|-damage|p2a: Khan|37\/100\n|move|p2a: Khan|Ice Beam|p1b: Regidrago\n|-supereffective|p1b: Regidrago\n|-damage|p1b: Regidrago|0 fnt\n|faint|p1b: Regidrago\n|\n|-weather|none\n|upkeep\n|\n|t:|1699300971\n|switch|p1b: Sinistcha|Sinistcha-Masterpiece|100\/100\n|turn|6\n|\n|t:|1699300979\n|switch|p2b: Kratom|Sinistcha|72\/100\n|-heal|p2a: Khan|62\/100|[from] ability: Hospitality|[of] p2b: Kratom\n|-terastallize|p2a: Khan|Poison\n|move|p1a: Tornadus|Bleakwind Storm|p2b: Kratom|[spread] p2a,p2b\n|-supereffective|p2b: Kratom\n|-damage|p2a: Khan|39\/100\n|-damage|p2b: Kratom|0 fnt\n|faint|p2b: Kratom\n|move|p1b: Sinistcha|Matcha Gotcha|p2a: Khan\n|-resisted|p2a: Khan\n|-damage|p2a: Khan|29\/100\n|move|p2a: Khan|Ice Beam|p1b: Sinistcha\n|-supereffective|p1b: Sinistcha\n|-damage|p1b: Sinistcha|0 fnt\n|faint|p1b: Sinistcha\n|\n|upkeep\n|\n|t:|1699300994\n|switch|p2b: WATT??|Kilowattrel, M|100\/100\n|turn|7\n|\n|t:|1699300999\n|move|p1a: Tornadus|Bleakwind Storm|p2b: WATT??|[spread] p2a,p2b\n|-resisted|p2b: WATT??\n|-damage|p2a: Khan|3\/100\n|-damage|p2b: WATT??|65\/100\n|move|p2b: WATT??|Tailwind|p2b: WATT??\n|-sidestart|p2: Rungy|move: Tailwind\n|move|p2a: Khan|Ice Beam|p1a: Tornadus\n|-supereffective|p1a: Tornadus\n|-damage|p1a: Tornadus|0 fnt\n|faint|p1a: Tornadus\n|\n|win|Rungy\n|raw|DanWolfang's rating: 1145 &rarr; <strong>1118<\/strong><br \/>(-27 for losing)\n|raw|Rungy's rating: 1112 &rarr; <strong>1139<\/strong><br \/>(+27 for winning)\n|c|\u2606Rungy|gg\n|c|\u2606DanWolfang|gg\n","uploadtime":1699301011,"views":9,"p1id":"danwolfang","p2id":"rungy","formatid":"gen9doublesou","rating":1118,"private":0,"password":""}