{"id":"gen9doublesou-1988379451","p1":"Todaisal","p2":"Hokusaid","format":"[Gen 9] Doubles OU","log":"|j|\u2606Todaisal\n|j|\u2606Hokusaid\n|t:|1699716242\n|gametype|doubles\n|player|p1|Todaisal|101|1208\n|player|p2|Hokusaid|ghetsis-gen5bw|1343\n|teamsize|p1|6\n|teamsize|p2|6\n|gen|9\n|tier|[Gen 9] Doubles OU\n|rated|\n|rule|Species Clause: Limit one of each Pok\u00e9mon\n|rule|OHKO Clause: OHKO moves are banned\n|rule|Evasion Moves Clause: Evasion moves are banned\n|rule|Gravity Sleep Clause: The combination of sleep-inducing moves with imperfect accuracy and Gravity or Gigantamax Orbeetle are banned\n|rule|Endless Battle Clause: Forcing endless battles is banned\n|rule|HP Percentage Mod: HP is shown in percentages\n|clearpoke\n|poke|p1|Oricorio-Pom-Pom, F|\n|poke|p1|Volcarona, M|\n|poke|p1|Grimmsnarl, M|\n|poke|p1|Lilligant-Hisui, F|\n|poke|p1|Krookodile, M|\n|poke|p1|Ninetales, F|\n|poke|p2|Mudsdale, F|\n|poke|p2|Tornadus, M|\n|poke|p2|Lilligant-Hisui, F|\n|poke|p2|Torkoal, F|\n|poke|p2|Roaring Moon|\n|poke|p2|Iron Bundle|\n|teampreview\n|j| klaylton\n|inactive|Battle timer is ON: inactive players will automatically lose when time's up. (requested by Todaisal)\n|\n|t:|1699716271\n|start\n|switch|p1a: Oricorio|Oricorio-Pom-Pom, F|100\/100\n|switch|p1b: Grimmsnarl|Grimmsnarl, M|100\/100\n|switch|p2a: Lilligant|Lilligant-Hisui, F|100\/100\n|switch|p2b: Torkoal|Torkoal, F|100\/100\n|-weather|SunnyDay|[from] ability: Drought|[of] p2b: Torkoal\n|turn|1\n|\n|t:|1699716285\n|-terastallize|p2b: Torkoal|Fire\n|move|p1b: Grimmsnarl|Fake Out|p2a: Lilligant\n|-damage|p2a: Lilligant|85\/100\n|cant|p2a: Lilligant|flinch\n|move|p1a: Oricorio|Air Cutter|p2b: Torkoal|[spread] p2a,p2b\n|-supereffective|p2a: Lilligant\n|-damage|p2a: Lilligant|0 fnt\n|-damage|p2b: Torkoal|80\/100\n|faint|p2a: Lilligant\n|move|p2b: Torkoal|Eruption|p1b: Grimmsnarl|[spread] p1a,p1b\n|-damage|p1a: Oricorio|0 fnt\n|-damage|p1b: Grimmsnarl|0 fnt\n|faint|p1a: Oricorio\n|faint|p1b: Grimmsnarl\n|\n|-weather|SunnyDay|[upkeep]\n|upkeep\n|\n|t:|1699716306\n|switch|p2a: Roaring Moon|Roaring Moon|100\/100\n|switch|p1a: Krookodile|Krookodile, M|100\/100\n|switch|p1b: Lilligant|Lilligant-Hisui, F|100\/100\n|-activate|p2a: Roaring Moon|ability: Protosynthesis\n|-start|p2a: Roaring Moon|protosynthesisatk\n|-ability|p1a: Krookodile|Intimidate|boost\n|-unboost|p2a: Roaring Moon|atk|1\n|-unboost|p2b: Torkoal|atk|1\n|turn|2\n|inactive|Hokusaid has 120 seconds left.\n|\n|t:|1699716365\n|switch|p2b: Tornadus|Tornadus, M|100\/100\n|move|p1b: Lilligant|Close Combat|p2b: Tornadus\n|-resisted|p2b: Tornadus\n|-damage|p2b: Tornadus|66\/100\n|-unboost|p1b: Lilligant|def|1\n|-unboost|p1b: Lilligant|spd|1\n|-damage|p1b: Lilligant|91\/100|[from] item: Life Orb\n|move|p2a: Roaring Moon|Dragon Claw|p1a: Krookodile\n|-damage|p1a: Krookodile|19\/100\n|move|p1a: Krookodile|Rock Slide|p2b: Tornadus|[spread] p2a,p2b\n|-supereffective|p2b: Tornadus\n|-damage|p2a: Roaring Moon|79\/100\n|-damage|p2b: Tornadus|27\/100\n|\n|-weather|SunnyDay|[upkeep]\n|upkeep\n|turn|3\n|l| klaylton\n|\n|t:|1699716390\n|move|p2b: Tornadus|Tailwind|p2b: Tornadus\n|-sidestart|p2: Hokusaid|move: Tailwind\n|move|p1b: Lilligant|Ice Spinner|p2a: Roaring Moon\n|-supereffective|p2a: Roaring Moon\n|-damage|p2a: Roaring Moon|4\/100\n|-damage|p1b: Lilligant|81\/100|[from] item: Life Orb\n|move|p2a: Roaring Moon|Dragon Claw|p1a: Krookodile\n|-damage|p1a: Krookodile|0 fnt\n|faint|p1a: Krookodile\n|\n|-weather|SunnyDay|[upkeep]\n|upkeep\n|\n|t:|1699716406\n|switch|p1a: Volcarona|Volcarona, M|100\/100\n|turn|4\n|\n|t:|1699716418\n|move|p1b: Lilligant|Ice Spinner|p2b: Tornadus\n|-supereffective|p2b: Tornadus\n|-damage|p2b: Tornadus|0 fnt\n|faint|p2b: Tornadus\n|-damage|p1b: Lilligant|71\/100|[from] item: Life Orb\n|move|p2a: Roaring Moon|Dragon Claw|p1a: Volcarona\n|-damage|p1a: Volcarona|20\/100\n|move|p1a: Volcarona|Tailwind|p1a: Volcarona\n|-sidestart|p1: Todaisal|move: Tailwind\n|\n|-weather|SunnyDay|[upkeep]\n|upkeep\n|inactive|Hokusaid has 120 seconds left.\n|\n|t:|1699716444\n|switch|p2b: Iron Bundle|Iron Bundle|100\/100\n|-enditem|p2b: Iron Bundle|Booster Energy\n|-activate|p2b: Iron Bundle|ability: Quark Drive|[fromitem]\n|-start|p2b: Iron Bundle|quarkdrivespa\n|turn|5\n|inactive|Hokusaid has 120 seconds left.\n|\n|t:|1699716473\n|move|p1b: Lilligant|Close Combat|p2b: Iron Bundle\n|-supereffective|p2b: Iron Bundle\n|-damage|p2b: Iron Bundle|0 fnt\n|-unboost|p1b: Lilligant|def|1\n|-unboost|p1b: Lilligant|spd|1\n|faint|p2b: Iron Bundle\n|-end|p2b: Iron Bundle|Quark Drive|[silent]\n|-damage|p1b: Lilligant|61\/100|[from] item: Life Orb\n|move|p1a: Volcarona|Fiery Dance|p2a: Roaring Moon\n|-resisted|p2a: Roaring Moon\n|-damage|p2a: Roaring Moon|0 fnt\n|-boost|p1a: Volcarona|spa|1\n|faint|p2a: Roaring Moon\n|-end|p2a: Roaring Moon|Protosynthesis|[silent]\n|\n|-weather|none\n|upkeep\n|\n|t:|1699716488\n|switch|p2b: Torkoal|Torkoal, F, tera:Fire|80\/100\n|switch|p2a: Mudsdale|Mudsdale, F|100\/100\n|-weather|SunnyDay|[from] ability: Drought|[of] p2b: Torkoal\n|turn|6\n|inactive|Hokusaid has 120 seconds left.\n|inactive|Hokusaid has 90 seconds left.\n|\n|t:|1699716527\n|move|p1b: Lilligant|Close Combat|p2b: Torkoal\n|-crit|p2b: Torkoal\n|-damage|p2b: Torkoal|0 fnt\n|-unboost|p1b: Lilligant|def|1\n|-unboost|p1b: Lilligant|spd|1\n|faint|p2b: Torkoal\n|-damage|p1b: Lilligant|51\/100|[from] item: Life Orb\n|move|p1a: Volcarona|Will-O-Wisp|p2a: Mudsdale|[miss]\n|-miss|p1a: Volcarona|p2a: Mudsdale\n|move|p2a: Mudsdale|High Horsepower|p1b: Lilligant\n|-resisted|p1b: Lilligant\n|-damage|p1b: Lilligant|0 fnt\n|faint|p1b: Lilligant\n|\n|-weather|SunnyDay|[upkeep]\n|-sideend|p2: Hokusaid|move: Tailwind\n|upkeep\n|\n|t:|1699716541\n|switch|p1b: Ninetales|Ninetales, F|100\/100\n|turn|7\n|\n|t:|1699716550\n|move|p1a: Volcarona|Will-O-Wisp|p2a: Mudsdale\n|-status|p2a: Mudsdale|brn\n|move|p1b: Ninetales|Solar Beam||[still]\n|-prepare|p1b: Ninetales|Solar Beam\n|-anim|p1b: Ninetales|Solar Beam|p2a: Mudsdale\n|-supereffective|p2a: Mudsdale\n|-damage|p2a: Mudsdale|47\/100 brn\n|move|p2a: Mudsdale|Earthquake|p1b: Ninetales|[spread] p1a,p1b\n|-supereffective|p1b: Ninetales\n|-damage|p1a: Volcarona|0 fnt\n|-damage|p1b: Ninetales|48\/100\n|faint|p1a: Volcarona\n|\n|-weather|SunnyDay|[upkeep]\n|-damage|p2a: Mudsdale|41\/100 brn|[from] brn\n|-sideend|p1: Todaisal|move: Tailwind\n|upkeep\n|turn|8\n|\n|t:|1699716570\n|move|p1b: Ninetales|Solar Beam||[still]\n|-prepare|p1b: Ninetales|Solar Beam\n|-anim|p1b: Ninetales|Solar Beam|p2a: Mudsdale\n|-supereffective|p2a: Mudsdale\n|-damage|p2a: Mudsdale|0 fnt\n|faint|p2a: Mudsdale\n|\n|win|Todaisal\n|raw|Todaisal's rating: 1208 &rarr; <strong>1242<\/strong><br \/>(+34 for winning)\n|raw|Hokusaid's rating: 1343 &rarr; <strong>1316<\/strong><br \/>(-27 for losing)\n|l|\u2606Hokusaid\n","uploadtime":1699716583,"views":15,"p1id":"todaisal","p2id":"hokusaid","formatid":"gen9doublesou","rating":1242,"private":0,"password":""}