{"id":"gen9doublesou-1974979811","p1":"Jokulon","p2":"Phantamium","format":"[Gen 9] Doubles OU","log":"|j|\u2606Jokulon\n|j|\u2606Phantamium\n|t:|1698151724\n|gametype|doubles\n|player|p1|Jokulon|bede-masters|1140\n|player|p2|Phantamium|1|1096\n|teamsize|p1|6\n|teamsize|p2|6\n|gen|9\n|tier|[Gen 9] Doubles OU\n|rated|\n|rule|Species Clause: Limit one of each Pok\u00e9mon\n|rule|OHKO Clause: OHKO moves are banned\n|rule|Evasion Moves Clause: Evasion moves are banned\n|rule|Gravity Sleep Clause: The combination of sleep-inducing moves with imperfect accuracy and Gravity or Gigantamax Orbeetle are banned\n|rule|Endless Battle Clause: Forcing endless battles is banned\n|rule|HP Percentage Mod: HP is shown in percentages\n|clearpoke\n|poke|p1|Cresselia, F|\n|poke|p1|Indeedee-F, F|\n|poke|p1|Iron Hands|\n|poke|p1|Flutter Mane|\n|poke|p1|Ursaluna, F|\n|poke|p1|Volcanion|\n|poke|p2|Espeon, F|\n|poke|p2|Umbreon, M|\n|poke|p2|Tyranitar, F|\n|poke|p2|Gliscor, M|\n|poke|p2|Iron Thorns|\n|poke|p2|Landorus-Therian, M|\n|teampreview\n|\n|t:|1698151737\n|start\n|switch|p1a: Indeedee|Indeedee-F, F|100\/100\n|switch|p1b: Iron Hands|Iron Hands|100\/100\n|switch|p2a: Tyranitar|Tyranitar, F|100\/100\n|switch|p2b: Landorus|Landorus-Therian, M|100\/100\n|-ability|p2b: Landorus|Intimidate|boost\n|-unboost|p1a: Indeedee|atk|1\n|-unboost|p1b: Iron Hands|atk|1\n|-fieldstart|move: Psychic Terrain|[from] ability: Psychic Surge|[of] p1a: Indeedee\n|-weather|Sandstorm|[from] ability: Sand Stream|[of] p2a: Tyranitar\n|turn|1\n|\n|t:|1698151751\n|switch|p2b: Umbreon|Umbreon, M|100\/100\n|-terastallize|p2a: Tyranitar|Ghost\n|-terastallize|p1b: Iron Hands|Fairy\n|move|p2a: Tyranitar|Knock Off|p1a: Indeedee\n|-supereffective|p1a: Indeedee\n|-damage|p1a: Indeedee|0 fnt\n|-enditem|p1a: Indeedee|Safety Goggles|[from] move: Knock Off|[of] p2a: Tyranitar\n|faint|p1a: Indeedee\n|move|p1b: Iron Hands|Belly Drum|p1b: Iron Hands\n|-damage|p1b: Iron Hands|51\/100\n|-setboost|p1b: Iron Hands|atk|6|[from] move: Belly Drum\n|\n|-weather|Sandstorm|[upkeep]\n|-damage|p2b: Umbreon|94\/100|[from] Sandstorm\n|-damage|p2a: Tyranitar|94\/100|[from] Sandstorm\n|-damage|p1b: Iron Hands|45\/100|[from] Sandstorm\n|-enditem|p1b: Iron Hands|Sitrus Berry|[eat]\n|-heal|p1b: Iron Hands|69\/100|[from] item: Sitrus Berry\n|upkeep\n|\n|t:|1698151768\n|switch|p1a: Cresselia|Cresselia, F|100\/100\n|turn|2\n|\n|t:|1698151776\n|move|p2b: Umbreon|Foul Play|p1b: Iron Hands\n|-resisted|p1b: Iron Hands\n|-damage|p1b: Iron Hands|7\/100\n|move|p2a: Tyranitar|Knock Off|p1a: Cresselia\n|-supereffective|p1a: Cresselia\n|-damage|p1a: Cresselia|21\/100\n|-enditem|p1a: Cresselia|Safety Goggles|[from] move: Knock Off|[of] p2a: Tyranitar\n|move|p1b: Iron Hands|Drain Punch|p2b: Umbreon\n|-supereffective|p2b: Umbreon\n|-damage|p2b: Umbreon|0 fnt\n|-heal|p1b: Iron Hands|43\/100|[from] drain|[of] p2b: Umbreon\n|faint|p2b: Umbreon\n|move|p1a: Cresselia|Trick Room|p1a: Cresselia\n|-fieldstart|move: Trick Room|[of] p1a: Cresselia\n|\n|-weather|Sandstorm|[upkeep]\n|-damage|p1b: Iron Hands|37\/100|[from] Sandstorm\n|-damage|p2a: Tyranitar|88\/100|[from] Sandstorm\n|-damage|p1a: Cresselia|15\/100|[from] Sandstorm\n|upkeep\n|\n|t:|1698151787\n|switch|p2b: Iron Thorns|Iron Thorns|100\/100\n|turn|3\n|\n|t:|1698151832\n|move|p1b: Iron Hands|Thunder Punch|p2a: Tyranitar\n|-damage|p2a: Tyranitar|0 fnt\n|faint|p2a: Tyranitar\n|move|p1a: Cresselia|Lunar Blessing|p1a: Cresselia|[spread] p1a,p1b\n|-heal|p1a: Cresselia|40\/100\n|-heal|p1b: Iron Hands|62\/100\n|move|p2b: Iron Thorns|Wild Charge|p1b: Iron Hands\n|-crit|p1b: Iron Hands\n|-damage|p1b: Iron Hands|3\/100\n|-damage|p2b: Iron Thorns|82\/100|[from] Recoil\n|\n|-weather|Sandstorm|[upkeep]\n|-damage|p1b: Iron Hands|0 fnt|[from] Sandstorm\n|-damage|p1a: Cresselia|34\/100|[from] Sandstorm\n|faint|p1b: Iron Hands\n|-end|p1b: Iron Hands|Quark Drive|[silent]\n|upkeep\n|\n|t:|1698151854\n|switch|p1b: Ursaluna|Ursaluna, F|100\/100\n|switch|p2a: Gliscor|Gliscor, M|100\/100\n|turn|4\n|\n|t:|1698151888\n|-end|p2b: Iron Thorns|Quark Drive|[silent]\n|switch|p2b: Landorus|Landorus-Therian, M|100\/100\n|-ability|p2b: Landorus|Intimidate|boost\n|-unboost|p1a: Cresselia|atk|1\n|-unboost|p1b: Ursaluna|atk|1\n|move|p1a: Cresselia|Ally Switch|p1a: Cresselia\n|swap|p1a: Cresselia|1|[from] move: Ally Switch\n|move|p1a: Ursaluna|Headlong Rush|p2b: Landorus\n|-immune|p2b: Landorus\n|move|p2a: Gliscor|Earthquake|p1a: Ursaluna|[spread] p1a\n|-immune|p2b: Landorus\n|-immune|p1b: Cresselia|[from] ability: Levitate\n|-damage|p1a: Ursaluna|73\/100\n|\n|-weather|Sandstorm|[upkeep]\n|-damage|p1b: Cresselia|28\/100|[from] Sandstorm\n|-status|p1a: Ursaluna|brn|[from] item: Flame Orb\n|upkeep\n|turn|5\n|\n|t:|1698151974\n|move|p1a: Ursaluna|Facade|p2a: Gliscor\n|-damage|p2a: Gliscor|20\/100\n|move|p1b: Cresselia|Lunar Blessing|p1b: Cresselia|[spread] p1a,p1b\n|-heal|p1a: Ursaluna|98\/100 brn\n|-curestatus|p1a: Ursaluna|brn|[msg]\n|-heal|p1b: Cresselia|53\/100\n|move|p2b: Landorus|Taunt|p1b: Cresselia\n|-start|p1b: Cresselia|move: Taunt\n|move|p2a: Gliscor|Earthquake|p1a: Ursaluna|[spread] p1a\n|-immune|p2b: Landorus\n|-immune|p1b: Cresselia|[from] ability: Levitate\n|-damage|p1a: Ursaluna|74\/100\n|\n|-weather|none\n|-fieldend|move: Psychic Terrain\n|-status|p1a: Ursaluna|brn|[from] item: Flame Orb\n|upkeep\n|turn|6\n|\n|t:|1698151997\n|move|p1a: Ursaluna|Facade|p2a: Gliscor\n|-damage|p2a: Gliscor|0 fnt\n|faint|p2a: Gliscor\n|move|p1b: Cresselia|Moonblast|p2b: Landorus\n|-damage|p2b: Landorus|79\/100\n|move|p2b: Landorus|Earthquake|p1b: Cresselia|[spread] p1a\n|-immune|p1b: Cresselia|[from] ability: Levitate\n|-damage|p1a: Ursaluna|38\/100 brn\n|\n|-damage|p1a: Ursaluna|32\/100 brn|[from] brn\n|-fieldend|move: Trick Room\n|upkeep\n|\n|t:|1698152008\n|switch|p2a: Espeon|Espeon, F|100\/100\n|turn|7\n|\n|t:|1698152021\n|move|p2a: Espeon|Psychic|p1a: Ursaluna\n|-damage|p1a: Ursaluna|0 fnt\n|faint|p1a: Ursaluna\n|move|p2b: Landorus|Rock Slide|p1b: Cresselia\n|-damage|p1b: Cresselia|35\/100\n|cant|p1b: Cresselia|flinch\n|\n|upkeep\n|\n|t:|1698152028\n|switch|p1a: Flutter Mane|Flutter Mane|100\/100\n|turn|8\n|\n|t:|1698152039\n|move|p1a: Flutter Mane|Shadow Ball|p2a: Espeon\n|-supereffective|p2a: Espeon\n|-enditem|p2a: Espeon|Focus Sash\n|-damage|p2a: Espeon|1\/100\n|move|p2a: Espeon|Psychic|p1a: Flutter Mane\n|-damage|p1a: Flutter Mane|60\/100\n|move|p2b: Landorus|Earthquake|p1a: Flutter Mane|[spread] p2a,p1a\n|-immune|p1b: Cresselia|[from] ability: Levitate\n|-damage|p2a: Espeon|0 fnt\n|-damage|p1a: Flutter Mane|0 fnt\n|faint|p2a: Espeon\n|faint|p1a: Flutter Mane\n|-end|p1a: Flutter Mane|Protosynthesis|[silent]\n|move|p1b: Cresselia|Moonblast|p2b: Landorus\n|-damage|p2b: Landorus|58\/100\n|\n|-end|p1b: Cresselia|move: Taunt\n|upkeep\n|\n|t:|1698152055\n|switch|p1a: Volcanion|Volcanion|100\/100\n|switch|p2a: Iron Thorns|Iron Thorns|82\/100\n|turn|9\n|\n|t:|1698152068\n|move|p2b: Landorus|Rock Slide|p1b: Cresselia|[spread] p1b\n|-miss|p2b: Landorus|p1a: Volcanion\n|-damage|p1b: Cresselia|22\/100\n|move|p2a: Iron Thorns|Wild Charge|p1a: Volcanion\n|-supereffective|p1a: Volcanion\n|-damage|p1a: Volcanion|1\/100\n|-damage|p2a: Iron Thorns|59\/100|[from] Recoil\n|move|p1a: Volcanion|Steam Eruption|p2b: Landorus\n|-supereffective|p2b: Landorus\n|-damage|p2b: Landorus|0 fnt\n|faint|p2b: Landorus\n|cant|p1b: Cresselia|flinch\n|\n|upkeep\n|turn|10\n|\n|t:|1698152092\n|move|p1b: Cresselia|Ally Switch|p1b: Cresselia\n|swap|p1b: Cresselia|0|[from] move: Ally Switch\n|move|p2a: Iron Thorns|Wild Charge|p1a: Cresselia\n|-damage|p1a: Cresselia|0 fnt\n|faint|p1a: Cresselia\n|-damage|p2a: Iron Thorns|53\/100|[from] Recoil\n|move|p1b: Volcanion|Earth Power|p2a: Iron Thorns\n|-supereffective|p2a: Iron Thorns\n|-damage|p2a: Iron Thorns|0 fnt\n|faint|p2a: Iron Thorns\n|-end|p2a: Iron Thorns|Quark Drive|[silent]\n|\n|win|Jokulon\n|raw|Jokulon's rating: 1140 &rarr; <strong>1162<\/strong><br \/>(+22 for winning)\n|raw|Phantamium's rating: 1096 &rarr; <strong>1075<\/strong><br \/>(-21 for losing)\n|l|\u2606Phantamium\n|c|\u2606Jokulon|CLOSE ONE\n","uploadtime":1698152148,"views":20,"p1id":"jokulon","p2id":"phantamium","formatid":"gen9doublesou","rating":1075,"private":0,"password":""}