{"id":"gen9doublesou-1968989155","p1":"EvanIsHere","p2":"TheSavageShadow","format":"[Gen 9] Doubles OU","log":"|j|\u2606EvanIsHere\n|j|\u2606TheSavageShadow\n|t:|1697480897\n|gametype|doubles\n|player|p1|EvanIsHere|ingo|1080\n|player|p2|TheSavageShadow|veteran|1000\n|teamsize|p1|6\n|teamsize|p2|6\n|gen|9\n|tier|[Gen 9] Doubles OU\n|rated|\n|rule|Species Clause: Limit one of each Pok\u00e9mon\n|rule|OHKO Clause: OHKO moves are banned\n|rule|Evasion Moves Clause: Evasion moves are banned\n|rule|Gravity Sleep Clause: The combination of sleep-inducing moves with imperfect accuracy and Gravity or Gigantamax Orbeetle are banned\n|rule|Endless Battle Clause: Forcing endless battles is banned\n|rule|HP Percentage Mod: HP is shown in percentages\n|clearpoke\n|poke|p1|Iron Hands|\n|poke|p1|Meowscarada, F|\n|poke|p1|Flutter Mane|\n|poke|p1|Landorus-Therian, M|\n|poke|p1|Roaring Moon|\n|poke|p1|Cresselia, F|\n|poke|p2|Tyranitar, F|\n|poke|p2|Diancie|\n|poke|p2|Landorus, M|\n|poke|p2|Ursaluna-Bloodmoon, M|\n|poke|p2|Gholdengo|\n|poke|p2|Garchomp, F|\n|teampreview\n|inactive|Battle timer is ON: inactive players will automatically lose when time's up. (requested by EvanIsHere)\n|\n|t:|1697480910\n|start\n|switch|p1a: Trick|Meowscarada, F, shiny|100\/100\n|switch|p1b: Throwing Hands|Iron Hands|100\/100\n|switch|p2a: Tyranitar|Tyranitar, F|100\/100\n|switch|p2b: Garchomp|Garchomp, F|100\/100\n|-weather|Sandstorm|[from] ability: Sand Stream|[of] p2a: Tyranitar\n|turn|1\n|inactive|EvanIsHere has 120 seconds left.\n|\n|t:|1697480945\n|switch|p1a: Laundry|Landorus-Therian, M|100\/100\n|-ability|p1a: Laundry|Intimidate|boost\n|-unboost|p2a: Tyranitar|atk|1\n|-unboost|p2b: Garchomp|atk|1\n|move|p2b: Garchomp|Swords Dance|p2b: Garchomp\n|-boost|p2b: Garchomp|atk|2\n|move|p2a: Tyranitar|Heavy Slam|p1a: Laundry\n|-damage|p1a: Laundry|82\/100\n|move|p1b: Throwing Hands|Volt Switch|p2a: Tyranitar\n|-damage|p2a: Tyranitar|93\/100\n|inactive|EvanIsHere has 120 seconds left.\n|\n|t:|1697480959\n|-end|p1b: Throwing Hands|Quark Drive|[silent]\n|switch|p1b: Flutter Pain|Flutter Mane|100\/100|[from] Volt Switch\n|\n|-weather|Sandstorm|[upkeep]\n|-damage|p1b: Flutter Pain|95\/100|[from] Sandstorm\n|upkeep\n|turn|2\n|inactive|EvanIsHere has 120 seconds left.\n|\n|t:|1697480989\n|move|p1a: Laundry|U-turn|p2a: Tyranitar\n|-supereffective|p2a: Tyranitar\n|-damage|p2a: Tyranitar|41\/100\n|\n|t:|1697480993\n|switch|p1a: Throwing Hands|Iron Hands|100\/100|[from] U-turn\n|move|p1b: Flutter Pain|Icy Wind|p2a: Tyranitar|[spread] p2a,p2b\n|-supereffective|p2b: Garchomp\n|-damage|p2a: Tyranitar|25\/100\n|-damage|p2b: Garchomp|0 fnt\n|-unboost|p2a: Tyranitar|spe|1\n|faint|p2b: Garchomp\n|move|p2a: Tyranitar|Heavy Slam|p1b: Flutter Pain\n|-supereffective|p1b: Flutter Pain\n|-damage|p1b: Flutter Pain|0 fnt\n|faint|p1b: Flutter Pain\n|-end|p1b: Flutter Pain|Protosynthesis|[silent]\n|\n|-weather|Sandstorm|[upkeep]\n|-damage|p1a: Throwing Hands|94\/100|[from] Sandstorm\n|upkeep\n|\n|t:|1697481011\n|switch|p1b: Eclipse|Roaring Moon, shiny|100\/100\n|switch|p2b: Ursaluna|Ursaluna-Bloodmoon, M|100\/100\n|-enditem|p1b: Eclipse|Booster Energy\n|-activate|p1b: Eclipse|ability: Protosynthesis|[fromitem]\n|-start|p1b: Eclipse|protosynthesisatk\n|turn|3\n|inactive|EvanIsHere has 120 seconds left.\n|inactive|TheSavageShadow has 120 seconds left.\n|\n|t:|1697481059\n|-terastallize|p2a: Tyranitar|Steel\n|move|p1b: Eclipse|Acrobatics|p2a: Tyranitar\n|-resisted|p2a: Tyranitar\n|-damage|p2a: Tyranitar|3\/100\n|move|p2a: Tyranitar|Knock Off|p1a: Throwing Hands\n|-resisted|p1a: Throwing Hands\n|-damage|p1a: Throwing Hands|83\/100\n|-enditem|p1a: Throwing Hands|Assault Vest|[from] move: Knock Off|[of] p2a: Tyranitar\n|move|p2b: Ursaluna|Blood Moon|p1b: Eclipse\n|-damage|p1b: Eclipse|25\/100\n|move|p1a: Throwing Hands|Drain Punch|p2b: Ursaluna\n|-supereffective|p2b: Ursaluna\n|-damage|p2b: Ursaluna|44\/100\n|-heal|p1a: Throwing Hands|100\/100|[from] drain|[of] p2b: Ursaluna\n|\n|-weather|Sandstorm|[upkeep]\n|-damage|p1b: Eclipse|19\/100|[from] Sandstorm\n|-damage|p1a: Throwing Hands|94\/100|[from] Sandstorm\n|upkeep\n|turn|4\n|inactive|EvanIsHere has 120 seconds left.\n|inactive|TheSavageShadow has 120 seconds left.\n|\n|t:|1697481096\n|switch|p2a: Gholdengo|Gholdengo, shiny|100\/100\n|move|p1b: Eclipse|Knock Off|p2b: Ursaluna\n|-damage|p2b: Ursaluna|0 fnt\n|-enditem|p2b: Ursaluna|Zoom Lens|[from] move: Knock Off|[of] p1b: Eclipse\n|faint|p2b: Ursaluna\n|move|p1a: Throwing Hands|Wild Charge|p2a: Gholdengo\n|-damage|p2a: Gholdengo|65\/100\n|-damage|p1a: Throwing Hands|78\/100|[from] item: Rocky Helmet|[of] p2a: Gholdengo\n|-damage|p1a: Throwing Hands|71\/100|[from] Recoil\n|\n|-weather|Sandstorm|[upkeep]\n|-damage|p1b: Eclipse|13\/100|[from] Sandstorm\n|-damage|p1a: Throwing Hands|65\/100|[from] Sandstorm\n|upkeep\n|inactive|TheSavageShadow has 90 seconds left.\n|\n|t:|1697481116\n|switch|p2b: Diancie|Diancie, shiny|100\/100\n|turn|5\n|\n|t:|1697481137\n|move|p1b: Eclipse|Knock Off|p2a: Gholdengo\n|-supereffective|p2a: Gholdengo\n|-damage|p2a: Gholdengo|0 fnt\n|-damage|p1b: Eclipse|0 fnt|[from] item: Rocky Helmet|[of] p2a: Gholdengo\n|faint|p2a: Gholdengo\n|faint|p1b: Eclipse\n|-end|p1b: Eclipse|Protosynthesis|[silent]\n|move|p1a: Throwing Hands|Drain Punch|p2b: Diancie\n|-damage|p2b: Diancie|69\/100\n|-heal|p1a: Throwing Hands|74\/100|[from] drain|[of] p2b: Diancie\n|move|p2b: Diancie|Diamond Storm|p1a: Throwing Hands\n|-resisted|p1a: Throwing Hands\n|-damage|p1a: Throwing Hands|60\/100\n|-boost|p2b: Diancie|def|2\n|\n|-weather|Sandstorm|[upkeep]\n|-damage|p1a: Throwing Hands|53\/100|[from] Sandstorm\n|upkeep\n|\n|t:|1697481159\n|switch|p1b: Moon|Cresselia, F, shiny|100\/100\n|switch|p2a: Landorus|Landorus, M|100\/100\n|turn|6\n|inactive|TheSavageShadow has 120 seconds left.\n|\n|t:|1697481180\n|move|p2a: Landorus|Taunt|p1b: Moon\n|-start|p1b: Moon|move: Taunt\n|cant|p1b: Moon|move: Taunt|Lunar Blessing\n|move|p1a: Throwing Hands|Drain Punch|p2b: Diancie\n|-damage|p2b: Diancie|52\/100\n|-heal|p1a: Throwing Hands|59\/100|[from] drain|[of] p2b: Diancie\n|move|p2b: Diancie|Diamond Storm|p1a: Throwing Hands|[spread] p1a,p1b\n|-resisted|p1a: Throwing Hands\n|-damage|p1a: Throwing Hands|47\/100\n|-damage|p1b: Moon|73\/100\n|\n|-weather|Sandstorm|[upkeep]\n|-damage|p1b: Moon|67\/100|[from] Sandstorm\n|-damage|p1a: Throwing Hands|41\/100|[from] Sandstorm\n|-heal|p1b: Moon|73\/100|[from] item: Leftovers\n|upkeep\n|turn|7\n|inactive|TheSavageShadow has 120 seconds left.\n|\n|t:|1697481216\n|switch|p1b: Laundry|Landorus-Therian, M|82\/100\n|-ability|p1b: Laundry|Intimidate|boost\n|-unboost|p2a: Landorus|atk|1\n|-fail|p2b: Diancie|unboost|[from] ability: Clear Body|[of] p2b: Diancie\n|move|p2a: Landorus|Tera Blast|p1a: Throwing Hands\n|-damage|p1a: Throwing Hands|26\/100\n|move|p1a: Throwing Hands|Volt Switch|p2b: Diancie\n|-damage|p2b: Diancie|47\/100\n|inactive|EvanIsHere has 120 seconds left.\n|\n|t:|1697481244\n|-end|p1a: Throwing Hands|Quark Drive|[silent]\n|switch|p1a: Trick|Meowscarada, F, shiny|100\/100|[from] Volt Switch\n|move|p2b: Diancie|Dazzling Gleam|p1a: Trick|[spread] p1a,p1b\n|-supereffective|p1a: Trick\n|-damage|p1a: Trick|39\/100\n|-damage|p1b: Laundry|57\/100\n|\n|-weather|Sandstorm|[upkeep]\n|-damage|p1a: Trick|33\/100|[from] Sandstorm\n|upkeep\n|turn|8\n|inactive|TheSavageShadow has 120 seconds left.\n|\n|t:|1697481275\n|move|p1b: Laundry|U-turn|p2b: Diancie\n|-resisted|p2b: Diancie\n|-crit|p2b: Diancie\n|-damage|p2b: Diancie|30\/100\n|\n|t:|1697481284\n|switch|p1b: Throwing Hands|Iron Hands|26\/100|[from] U-turn\n|move|p1a: Trick|Leech Seed|p2a: Landorus\n|-start|p2a: Landorus|move: Leech Seed\n|move|p2a: Landorus|Taunt|p1a: Trick\n|-start|p1a: Trick|move: Taunt\n|move|p2b: Diancie|Draining Kiss|p1a: Trick\n|-supereffective|p1a: Trick\n|-damage|p1a: Trick|0 fnt\n|-heal|p2b: Diancie|54\/100|[from] drain|[of] p1a: Trick\n|faint|p1a: Trick\n|\n|-weather|none\n|upkeep\n|\n|t:|1697481290\n|switch|p1a: Laundry|Landorus-Therian, M|57\/100\n|-ability|p1a: Laundry|Intimidate|boost\n|-unboost|p2a: Landorus|atk|1\n|-fail|p2b: Diancie|unboost|[from] ability: Clear Body|[of] p2b: Diancie\n|turn|9\n|inactive|TheSavageShadow has 120 seconds left.\n|\n|t:|1697481315\n|move|p1a: Laundry|Stomping Tantrum|p2b: Diancie\n|-supereffective|p2b: Diancie\n|-damage|p2b: Diancie|18\/100\n|move|p2a: Landorus|Sandstorm|p2a: Landorus\n|-weather|Sandstorm\n|move|p1b: Throwing Hands|Drain Punch|p2a: Landorus\n|-resisted|p2a: Landorus\n|-damage|p2a: Landorus|81\/100\n|-heal|p1b: Throwing Hands|34\/100|[from] drain|[of] p2a: Landorus\n|move|p2b: Diancie|Dazzling Gleam|p1a: Laundry|[spread] p1a,p1b\n|-supereffective|p1b: Throwing Hands\n|-damage|p1a: Laundry|31\/100\n|-damage|p1b: Throwing Hands|1\/100\n|\n|-weather|Sandstorm|[upkeep]\n|-damage|p1b: Throwing Hands|0 fnt|[from] Sandstorm\n|faint|p1b: Throwing Hands\n|-end|p1b: Throwing Hands|Quark Drive|[silent]\n|-heal|p2a: Landorus|87\/100|[from] item: Leftovers\n|-damage|p2a: Landorus|75\/100|[from] Leech Seed|[of] p1a: Laundry\n|-heal|p1a: Laundry|46\/100|[silent]\n|upkeep\n|\n|t:|1697481320\n|switch|p1b: Moon|Cresselia, F, shiny|73\/100\n|turn|10\n|inactive|TheSavageShadow has 120 seconds left.\n|\n|t:|1697481353\n|move|p1b: Moon|Protect|p1b: Moon\n|-singleturn|p1b: Moon|Protect\n|move|p1a: Laundry|Stomping Tantrum|p2b: Diancie\n|-supereffective|p2b: Diancie\n|-damage|p2b: Diancie|0 fnt\n|faint|p2b: Diancie\n|move|p2a: Landorus|Taunt|p1a: Laundry\n|-start|p1a: Laundry|move: Taunt\n|\n|-weather|Sandstorm|[upkeep]\n|-damage|p1b: Moon|67\/100|[from] Sandstorm\n|-heal|p2a: Landorus|81\/100|[from] item: Leftovers\n|-heal|p1b: Moon|73\/100|[from] item: Leftovers\n|-damage|p2a: Landorus|68\/100|[from] Leech Seed|[of] p1a: Laundry\n|-heal|p1a: Laundry|61\/100|[silent]\n|upkeep\n|\n|t:|1697481370\n|switch|p2b: Tyranitar|Tyranitar, F, tera:Steel|3\/100\n|turn|11\n|inactive|TheSavageShadow has 120 seconds left.\n|\n|t:|1697481395\n|-terastallize|p1b: Moon|Fairy\n|move|p1a: Laundry|Stomping Tantrum|p2b: Tyranitar\n|-supereffective|p2b: Tyranitar\n|-damage|p2b: Tyranitar|0 fnt\n|faint|p2b: Tyranitar\n|move|p2a: Landorus|Taunt|p1b: Moon\n|-start|p1b: Moon|move: Taunt\n|move|p1b: Moon|Tera Blast|p2a: Landorus|[anim] Tera Blast Fairy\n|-damage|p2a: Landorus|44\/100\n|\n|-weather|Sandstorm|[upkeep]\n|-damage|p1b: Moon|67\/100|[from] Sandstorm\n|-heal|p2a: Landorus|50\/100|[from] item: Leftovers\n|-heal|p1b: Moon|73\/100|[from] item: Leftovers\n|-damage|p2a: Landorus|38\/100|[from] Leech Seed|[of] p1a: Laundry\n|-heal|p1a: Laundry|75\/100|[silent]\n|upkeep\n|turn|12\n|inactive|TheSavageShadow has 120 seconds left.\n|\n|t:|1697481420\n|move|p1a: Laundry|Stomping Tantrum|p2a: Landorus\n|-immune|p2a: Landorus\n|move|p2a: Landorus|Tera Blast|p1b: Moon\n|-damage|p1b: Moon|61\/100\n|move|p1b: Moon|Tera Blast|p2a: Landorus|[anim] Tera Blast Fairy\n|-damage|p2a: Landorus|14\/100\n|\n|-weather|Sandstorm|[upkeep]\n|-damage|p1b: Moon|55\/100|[from] Sandstorm\n|-heal|p2a: Landorus|20\/100|[from] item: Leftovers\n|-heal|p1b: Moon|61\/100|[from] item: Leftovers\n|-damage|p2a: Landorus|8\/100|[from] Leech Seed|[of] p1a: Laundry\n|-heal|p1a: Laundry|90\/100|[silent]\n|upkeep\n|turn|13\n|c|\u2606EvanIsHere|gg\n|\n|t:|1697481435\n|move|p2a: Landorus|Protect|p2a: Landorus\n|-singleturn|p2a: Landorus|Protect\n|move|p1a: Laundry|Stomping Tantrum|p2a: Landorus\n|-activate|p2a: Landorus|move: Protect\n|move|p1b: Moon|Tera Blast|p2a: Landorus|[anim] Tera Blast Fairy\n|-activate|p2a: Landorus|move: Protect\n|\n|-weather|none\n|-heal|p2a: Landorus|14\/100|[from] item: Leftovers\n|-heal|p1b: Moon|67\/100|[from] item: Leftovers\n|-damage|p2a: Landorus|1\/100|[from] Leech Seed|[of] p1a: Laundry\n|-heal|p1a: Laundry|100\/100|[silent]\n|-end|p1a: Laundry|move: Taunt\n|-end|p1b: Moon|move: Taunt\n|upkeep\n|turn|14\n|\n|t:|1697481463\n|move|p2a: Landorus|Protect||[still]\n|-fail|p2a: Landorus\n|move|p1a: Laundry|Stomping Tantrum|p2a: Landorus\n|-immune|p2a: Landorus\n|move|p1b: Moon|Tera Blast|p2a: Landorus|[anim] Tera Blast Fairy\n|-damage|p2a: Landorus|0 fnt\n|faint|p2a: Landorus\n|\n|win|EvanIsHere\n|raw|EvanIsHere's rating: 1080 &rarr; <strong>1102<\/strong><br \/>(+22 for winning)\n|raw|TheSavageShadow's rating: 1000 &rarr; <strong>1000<\/strong><br \/>(+0 for losing)\n|c|\u2606EvanIsHere|gg\n","uploadtime":1697481473,"views":8,"p1id":"evanishere","p2id":"thesavageshadow","formatid":"gen9doublesou","rating":1000,"private":0,"password":""}