{"id":"gen9doublesou-1995846852","p1":"dropthemike","p2":"VOLTA4304","format":"[Gen 9] Doubles OU","log":"|j|\u2606dropthemike\n|j|\u2606VOLTA4304\n|t:|1700609146\n|gametype|doubles\n|player|p1|dropthemike|roxie|1061\n|player|p2|VOLTA4304|170|1025\n|teamsize|p1|6\n|teamsize|p2|6\n|gen|9\n|tier|[Gen 9] Doubles OU\n|rated|\n|rule|Species Clause: Limit one of each Pok\u00e9mon\n|rule|OHKO Clause: OHKO moves are banned\n|rule|Evasion Moves Clause: Evasion moves are banned\n|rule|Gravity Sleep Clause: The combination of sleep-inducing moves with imperfect accuracy and Gravity or Gigantamax Orbeetle are banned\n|rule|Endless Battle Clause: Forcing endless battles is banned\n|rule|HP Percentage Mod: HP is shown in percentages\n|clearpoke\n|poke|p1|Skeledirge, M|\n|poke|p1|Diancie|\n|poke|p1|Noivern, F|\n|poke|p1|Regieleki|\n|poke|p1|Samurott, F|\n|poke|p1|Chesnaught, F|\n|poke|p2|Ninetales-Alola, F|\n|poke|p2|Spiritomb, M|\n|poke|p2|Luxray, F|\n|poke|p2|Iron Valiant|\n|poke|p2|Glimmora, F|\n|poke|p2|Gliscor, F|\n|teampreview\n|inactive|Battle timer is ON: inactive players will automatically lose when time's up. (requested by dropthemike)\n|inactive|VOLTA4304 has 120 seconds left.\n|\n|t:|1700609211\n|start\n|switch|p1a: Skeledirge|Skeledirge, M|100\/100\n|switch|p1b: Chesnaught|Chesnaught, F|100\/100\n|switch|p2a: Ninetales|Ninetales-Alola, F|100\/100\n|switch|p2b: Glimmora|Glimmora, F|100\/100\n|-weather|Snow|[from] ability: Snow Warning|[of] p2a: Ninetales\n|turn|1\n|\n|t:|1700609238\n|switch|p2a: Spiritomb|Spiritomb, M|100\/100\n|-ability|p2a: Spiritomb|Pressure\n|-terastallize|p2b: Glimmora|Rock\n|move|p2b: Glimmora|Stone Edge|p1a: Skeledirge\n|-supereffective|p1a: Skeledirge\n|-damage|p1a: Skeledirge|59\/100\n|move|p1a: Skeledirge|Fire Pledge|p2a: Spiritomb\n|-waiting|p1a: Skeledirge|p1b: Chesnaught\n|move|p1b: Chesnaught|Grass Pledge|p2a: Spiritomb|[from]move: Fire Pledge\n|-combine\n|-damage|p2a: Spiritomb|56\/100\n|-sidestart|p2: VOLTA4304|Fire Pledge\n|\n|-weather|Snow|[upkeep]\n|-damage|p2b: Glimmora|88\/100|[from] Fire Pledge\n|-damage|p2a: Spiritomb|43\/100|[from] Fire Pledge\n|upkeep\n|turn|2\n|\n|t:|1700609257\n|move|p2b: Glimmora|Stone Edge|p1a: Skeledirge\n|-supereffective|p1a: Skeledirge\n|-damage|p1a: Skeledirge|19\/100\n|move|p1a: Skeledirge|Torch Song|p2a: Spiritomb\n|-damage|p2a: Spiritomb|0 fnt\n|-boost|p1a: Skeledirge|spa|1\n|faint|p2a: Spiritomb\n|move|p1b: Chesnaught|Grass Pledge|p2b: Glimmora\n|-supereffective|p2b: Glimmora\n|-crit|p2b: Glimmora\n|-damage|p2b: Glimmora|14\/100\n|\n|-weather|Snow|[upkeep]\n|-damage|p2b: Glimmora|1\/100|[from] Fire Pledge\n|upkeep\n|\n|t:|1700609272\n|switch|p2a: Gliscor|Gliscor, F|100\/100\n|turn|3\n|\n|t:|1700609295\n|move|p2a: Gliscor|X-Scissor|p1b: Chesnaught\n|-damage|p1b: Chesnaught|87\/100\n|move|p2b: Glimmora|Flash Cannon|p1a: Skeledirge\n|-resisted|p1a: Skeledirge\n|-crit|p1a: Skeledirge\n|-damage|p1a: Skeledirge|0 fnt\n|faint|p1a: Skeledirge\n|move|p1b: Chesnaught|Iron Head|p2b: Glimmora\n|-supereffective|p2b: Glimmora\n|-damage|p2b: Glimmora|0 fnt\n|-damage|p1b: Chesnaught|70\/100|[from] item: Rocky Helmet|[of] p2b: Glimmora\n|-activate|p2b: Glimmora|ability: Toxic Debris\n|-sidestart|p1: dropthemike|move: Toxic Spikes\n|faint|p2b: Glimmora\n|\n|-weather|Snow|[upkeep]\n|-damage|p2a: Gliscor|88\/100|[from] Fire Pledge\n|-status|p2a: Gliscor|tox|[from] item: Toxic Orb\n|upkeep\n|\n|t:|1700609314\n|switch|p2b: Ninetales|Ninetales-Alola, F|100\/100\n|switch|p1a: Samurott|Samurott, F|100\/100\n|-status|p1a: Samurott|psn\n|turn|4\n|\n|t:|1700609326\n|move|p2b: Ninetales|Aurora Veil|p2b: Ninetales\n|-sidestart|p2: VOLTA4304|move: Aurora Veil\n|move|p2a: Gliscor|Poison Jab|p1b: Chesnaught\n|-supereffective|p1b: Chesnaught\n|-damage|p1b: Chesnaught|44\/100\n|move|p1a: Samurott|Water Pledge|p2a: Gliscor\n|-waiting|p1a: Samurott|p1b: Chesnaught\n|move|p1b: Chesnaught|Grass Pledge|p2a: Gliscor|[from]move: Water Pledge\n|-combine\n|-damage|p2a: Gliscor|46\/100 tox\n|-sidestart|p2: VOLTA4304|Grass Pledge\n|\n|-weather|Snow|[upkeep]\n|-damage|p2b: Ninetales|88\/100|[from] Fire Pledge\n|-damage|p2a: Gliscor|33\/100 tox|[from] Fire Pledge\n|-damage|p1a: Samurott|88\/100 psn|[from] psn\n|-heal|p2a: Gliscor|46\/100 tox|[from] ability: Poison Heal\n|-sideend|p2: VOLTA4304|Fire Pledge\n|upkeep\n|turn|5\n|\n|t:|1700609347\n|move|p1a: Samurott|Rain Dance|p1a: Samurott\n|-weather|RainDance\n|move|p1b: Chesnaught|Iron Head|p2b: Ninetales\n|-supereffective|p2b: Ninetales\n|-damage|p2b: Ninetales|0 fnt\n|faint|p2b: Ninetales\n|move|p2a: Gliscor|Poison Jab|p1b: Chesnaught\n|-supereffective|p1b: Chesnaught\n|-damage|p1b: Chesnaught|17\/100\n|-status|p1b: Chesnaught|psn\n|\n|-weather|RainDance|[upkeep]\n|-damage|p1a: Samurott|76\/100 psn|[from] psn\n|-damage|p1b: Chesnaught|4\/100 psn|[from] psn\n|-heal|p2a: Gliscor|58\/100 tox|[from] ability: Poison Heal\n|upkeep\n|\n|t:|1700609361\n|switch|p2b: Luxray|Luxray, F|100\/100\n|-ability|p2b: Luxray|Intimidate|boost\n|-unboost|p1a: Samurott|atk|1\n|-unboost|p1b: Chesnaught|atk|1\n|turn|6\n|\n|t:|1700609379\n|move|p1a: Samurott|Water Pulse|p2a: Gliscor\n|-supereffective|p2a: Gliscor\n|-damage|p2a: Gliscor|0 fnt\n|faint|p2a: Gliscor\n|move|p1b: Chesnaught|Iron Head|p2b: Luxray\n|-resisted|p2b: Luxray\n|-crit|p2b: Luxray\n|-damage|p2b: Luxray|84\/100\n|move|p2b: Luxray|Electric Terrain|p2b: Luxray\n|-fieldstart|move: Electric Terrain\n|\n|-weather|RainDance|[upkeep]\n|-damage|p1a: Samurott|63\/100 psn|[from] psn\n|-damage|p1b: Chesnaught|0 fnt|[from] psn\n|faint|p1b: Chesnaught\n|upkeep\n|\n|t:|1700609392\n|switch|p2a: Iron Valiant|Iron Valiant|100\/100\n|switch|p1b: Diancie|Diancie|100\/100\n|-status|p1b: Diancie|psn\n|-activate|p2a: Iron Valiant|ability: Quark Drive\n|-start|p2a: Iron Valiant|quarkdriveatk\n|turn|7\n|\n|t:|1700609416\n|move|p1b: Diancie|Substitute|p1b: Diancie\n|-start|p1b: Diancie|Substitute\n|-damage|p1b: Diancie|76\/100 psn\n|move|p1a: Samurott|Water Pledge|p2a: Iron Valiant\n|-damage|p2a: Iron Valiant|28\/100\n|move|p2a: Iron Valiant|Aura Sphere|p1b: Diancie\n|-end|p1b: Diancie|Substitute\n|move|p2b: Luxray|Volt Switch|p1a: Samurott\n|-supereffective|p1a: Samurott\n|-damage|p1a: Samurott|0 fnt\n|faint|p1a: Samurott\n|\n|-weather|RainDance|[upkeep]\n|-damage|p1b: Diancie|64\/100 psn|[from] psn\n|-sideend|p2: VOLTA4304|Grass Pledge\n|upkeep\n|\n|t:|1700609429\n|switch|p1a: Regieleki|Regieleki|100\/100\n|-status|p1a: Regieleki|psn\n|turn|8\n|\n|t:|1700609441\n|-terastallize|p1a: Regieleki|Electric\n|move|p1a: Regieleki|Thunderbolt|p2a: Iron Valiant\n|-damage|p2a: Iron Valiant|0 fnt\n|faint|p2a: Iron Valiant\n|-end|p2a: Iron Valiant|Quark Drive|[silent]\n|move|p1b: Diancie|Calm Mind|p1b: Diancie\n|-boost|p1b: Diancie|spa|1\n|-boost|p1b: Diancie|spd|1\n|move|p2b: Luxray|Psychic Fangs|p1a: Regieleki\n|-damage|p1a: Regieleki|53\/100 psn\n|\n|-weather|RainDance|[upkeep]\n|-damage|p1a: Regieleki|41\/100 psn|[from] psn\n|-damage|p1b: Diancie|51\/100 psn|[from] psn\n|-sideend|p2: VOLTA4304|move: Aurora Veil\n|upkeep\n|turn|9\n|\n|t:|1700609456\n|move|p1a: Regieleki|Thunderbolt|p2b: Luxray\n|-resisted|p2b: Luxray\n|-damage|p2b: Luxray|27\/100\n|move|p1b: Diancie|Calm Mind|p1b: Diancie\n|-boost|p1b: Diancie|spa|1\n|-boost|p1b: Diancie|spd|1\n|move|p2b: Luxray|Psychic Fangs|p1a: Regieleki\n|-damage|p1a: Regieleki|0 fnt\n|faint|p1a: Regieleki\n|\n|-weather|none\n|-damage|p1b: Diancie|39\/100 psn|[from] psn\n|upkeep\n|\n|t:|1700609466\n|switch|p1a: Noivern|Noivern, F|100\/100\n|turn|10\n|\n|t:|1700609474\n|move|p1a: Noivern|Draco Meteor|p2b: Luxray\n|-damage|p2b: Luxray|0 fnt\n|-unboost|p1a: Noivern|spa|2\n|faint|p2b: Luxray\n|\n|win|dropthemike\n|raw|dropthemike's rating: 1061 &rarr; <strong>1089<\/strong><br \/>(+28 for winning)\n|raw|VOLTA4304's rating: 1025 &rarr; <strong>1013<\/strong><br \/>(-12 for losing)\n|c|\u2606dropthemike|gg\n","uploadtime":1700609482,"views":3,"p1id":"dropthemike","p2id":"volta4304","formatid":"gen9doublesou","rating":1013,"private":0,"password":""}