{"id":"gen9doublesou-1971268348","p1":"dereman","p2":"Empyton","format":"[Gen 9] Doubles OU","log":"|j|\u2606dereman\n|j|\u2606Empyton\n|t:|1697725190\n|gametype|doubles\n|player|p1|dereman|acetrainercouple|1005\n|player|p2|Empyton|102|1041\n|teamsize|p1|6\n|teamsize|p2|6\n|gen|9\n|tier|[Gen 9] Doubles OU\n|rated|\n|rule|Species Clause: Limit one of each Pok\u00e9mon\n|rule|OHKO Clause: OHKO moves are banned\n|rule|Evasion Moves Clause: Evasion moves are banned\n|rule|Gravity Sleep Clause: The combination of sleep-inducing moves with imperfect accuracy and Gravity or Gigantamax Orbeetle are banned\n|rule|Endless Battle Clause: Forcing endless battles is banned\n|rule|HP Percentage Mod: HP is shown in percentages\n|clearpoke\n|poke|p1|Decidueye-Hisui, F|\n|poke|p1|Typhlosion-Hisui, M|\n|poke|p1|Ursaluna-Bloodmoon, M|\n|poke|p1|Samurott-Hisui, M|\n|poke|p1|Zoroark-Hisui, F|\n|poke|p1|Sneasler, M|\n|poke|p2|Amoonguss, M|\n|poke|p2|Chien-Pao|\n|poke|p2|Flutter Mane|\n|poke|p2|Pelipper, M|\n|poke|p2|Kilowattrel, M|\n|poke|p2|Dragonite, F|\n|teampreview\n|\n|t:|1697725215\n|start\n|switch|p1a: Sneasler|Sneasler, M, shiny|100\/100\n|switch|p1b: Samurott|Samurott-Hisui, M, shiny|100\/100\n|switch|p2a: Flutter Mane|Flutter Mane|100\/100\n|switch|p2b: Kilowattrel|Kilowattrel, M|100\/100\n|-enditem|p2a: Flutter Mane|Booster Energy\n|-activate|p2a: Flutter Mane|ability: Protosynthesis|[fromitem]\n|-start|p2a: Flutter Mane|protosynthesisspe\n|turn|1\n|\n|t:|1697725244\n|-end|p2a: Flutter Mane|Protosynthesis|[silent]\n|switch|p2a: Chien-Pao|Chien-Pao|100\/100\n|-ability|p2a: Chien-Pao|Sword of Ruin\n|move|p2b: Kilowattrel|Thunderbolt|p1b: Samurott\n|-damage|p1b: Samurott|31\/100\n|replace|p1b: Zoroark|Zoroark-Hisui, F, shiny\n|-end|p1b: Zoroark|Illusion\n|move|p1a: Sneasler|Dire Claw|p2b: Kilowattrel\n|-damage|p2b: Kilowattrel|22\/100\n|move|p1b: Zoroark|Shadow Ball|p2a: Chien-Pao\n|-resisted|p2a: Chien-Pao\n|-damage|p2a: Chien-Pao|75\/100\n|\n|-heal|p1b: Zoroark|37\/100|[from] item: Leftovers\n|upkeep\n|turn|2\n|\n|t:|1697725269\n|move|p2a: Chien-Pao|Sacred Sword|p1a: Sneasler\n|-resisted|p1a: Sneasler\n|-damage|p1a: Sneasler|78\/100\n|move|p2b: Kilowattrel|Tailwind|p2b: Kilowattrel\n|-sidestart|p2: Empyton|move: Tailwind\n|move|p1a: Sneasler|Low Kick|p2b: Kilowattrel\n|-resisted|p2b: Kilowattrel\n|-damage|p2b: Kilowattrel|0 fnt\n|faint|p2b: Kilowattrel\n|move|p1b: Zoroark|Phantom Force||[still]\n|-prepare|p1b: Zoroark|Phantom Force\n|\n|-heal|p1b: Zoroark|43\/100|[from] item: Leftovers\n|upkeep\n|\n|t:|1697725282\n|switch|p2b: Dragonite|Dragonite, F, shiny|100\/100\n|turn|3\n|\n|t:|1697725301\n|move|p2a: Chien-Pao|Crunch|p1b: Zoroark|[miss]\n|-miss|p2a: Chien-Pao|p1b: Zoroark\n|move|p2b: Dragonite|Dragon Claw|p1a: Sneasler\n|-damage|p1a: Sneasler|3\/100\n|move|p1a: Sneasler|Dire Claw|p2b: Dragonite\n|-crit|p2b: Dragonite\n|-damage|p2b: Dragonite|59\/100\n|move|p1b: Zoroark|Phantom Force|p2a: Chien-Pao|[from]lockedmove\n|-resisted|p2a: Chien-Pao\n|-damage|p2a: Chien-Pao|57\/100\n|\n|-heal|p1b: Zoroark|49\/100|[from] item: Leftovers\n|upkeep\n|turn|4\n|\n|t:|1697725333\n|move|p2b: Dragonite|Extreme Speed|p1a: Sneasler\n|-damage|p1a: Sneasler|0 fnt\n|faint|p1a: Sneasler\n|move|p2a: Chien-Pao|Crunch|p1b: Zoroark\n|-supereffective|p1b: Zoroark\n|-damage|p1b: Zoroark|0 fnt\n|faint|p1b: Zoroark\n|\n|upkeep\n|\n|t:|1697725349\n|switch|p1a: Ursaluna|Ursaluna-Bloodmoon, M|100\/100\n|switch|p1b: Samurott|Samurott-Hisui, M, shiny|100\/100\n|turn|5\n|\n|t:|1697725382\n|move|p2a: Chien-Pao|Icicle Crash|p1b: Samurott\n|-resisted|p1b: Samurott\n|-damage|p1b: Samurott|74\/100\n|move|p2b: Dragonite|Earthquake|p1b: Samurott|[spread] p2a,p1a,p1b\n|-damage|p2a: Chien-Pao|18\/100\n|-damage|p1a: Ursaluna|71\/100\n|-damage|p1b: Samurott|35\/100\n|move|p1b: Samurott|Blizzard|p2a: Chien-Pao|[spread] p2b\n|-miss|p1b: Samurott|p2a: Chien-Pao\n|-enditem|p1b: Samurott|Blunder Policy\n|-boost|p1b: Samurott|spe|2\n|-supereffective|p2b: Dragonite\n|-damage|p2b: Dragonite|0 fnt\n|faint|p2b: Dragonite\n|move|p1a: Ursaluna|Moonblast|p2a: Chien-Pao\n|-supereffective|p2a: Chien-Pao\n|-damage|p2a: Chien-Pao|0 fnt\n|faint|p2a: Chien-Pao\n|\n|-sideend|p2: Empyton|move: Tailwind\n|upkeep\n|\n|t:|1697725407\n|switch|p2a: Flutter Mane|Flutter Mane|100\/100\n|switch|p2b: Amoonguss|Amoonguss, M|100\/100\n|turn|6\n|\n|t:|1697725425\n|move|p1b: Samurott|Detect|p1b: Samurott\n|-singleturn|p1b: Samurott|Protect\n|move|p2a: Flutter Mane|Moonblast|p1a: Ursaluna\n|-damage|p1a: Ursaluna|0 fnt\n|faint|p1a: Ursaluna\n|move|p2b: Amoonguss|Spore|p1b: Samurott\n|-activate|p1b: Samurott|move: Protect\n|\n|upkeep\n|\n|t:|1697725440\n|switch|p1a: Typhlosion|Typhlosion-Hisui, M, shiny|100\/100\n|turn|7\n|\n|t:|1697725457\n|-terastallize|p1a: Typhlosion|Fire\n|move|p1b: Samurott|Blizzard|p2a: Flutter Mane|[spread] p2a\n|-miss|p1b: Samurott|p2b: Amoonguss\n|-damage|p2a: Flutter Mane|82\/100\n|move|p1a: Typhlosion|Eruption|p2a: Flutter Mane|[spread] p2a,p2b\n|-supereffective|p2b: Amoonguss\n|-damage|p2a: Flutter Mane|22\/100\n|-damage|p2b: Amoonguss|21\/100\n|move|p2a: Flutter Mane|Shadow Ball|p1a: Typhlosion\n|-damage|p1a: Typhlosion|53\/100\n|move|p2b: Amoonguss|Giga Drain|p1b: Samurott\n|-supereffective|p1b: Samurott\n|-damage|p1b: Samurott|0 fnt\n|-heal|p2b: Amoonguss|34\/100|[from] drain|[of] p1b: Samurott\n|faint|p1b: Samurott\n|\n|upkeep\n|\n|t:|1697725482\n|switch|p1b: Decidueye|Decidueye-Hisui, F, shiny|100\/100\n|turn|8\n|\n|t:|1697725494\n|switch|p2b: Pelipper|Pelipper, M|100\/100\n|-weather|RainDance|[from] ability: Drizzle|[of] p2b: Pelipper\n|move|p1a: Typhlosion|Eruption|p2b: Pelipper|[spread] p2a,p2b\n|-resisted|p2b: Pelipper\n|-damage|p2a: Flutter Mane|7\/100\n|-damage|p2b: Pelipper|90\/100\n|move|p2a: Flutter Mane|Moonblast|p1b: Decidueye\n|-supereffective|p1b: Decidueye\n|-damage|p1b: Decidueye|0 fnt\n|faint|p1b: Decidueye\n|\n|-weather|RainDance|[upkeep]\n|upkeep\n|turn|9\n|\n|t:|1697725524\n|move|p1a: Typhlosion|Eruption|p2a: Flutter Mane|[spread] p2a,p2b\n|-resisted|p2b: Pelipper\n|-damage|p2a: Flutter Mane|0 fnt\n|-damage|p2b: Pelipper|80\/100\n|faint|p2a: Flutter Mane\n|-end|p2a: Flutter Mane|Protosynthesis|[silent]\n|move|p2b: Pelipper|Hydro Pump|p1a: Typhlosion\n|-supereffective|p1a: Typhlosion\n|-damage|p1a: Typhlosion|0 fnt\n|faint|p1a: Typhlosion\n|\n|win|Empyton\n|raw|dereman's rating: 1005 &rarr; <strong>1000<\/strong><br \/>(-5 for losing)\n|raw|Empyton's rating: 1041 &rarr; <strong>1071<\/strong><br \/>(+30 for winning)\n|l|\u2606dereman\n","uploadtime":1697725549,"views":18,"p1id":"dereman","p2id":"empyton","formatid":"gen9doublesou","rating":1000,"private":0,"password":""}