{"id":"gen9doublesou-1972469330","p1":"andy1510","p2":"quiteaniceleaf","format":"[Gen 9] Doubles OU","log":"|j|\u2606andy1510\n|j|\u2606quiteaniceleaf\n|t:|1697846343\n|gametype|doubles\n|player|p1|andy1510|youngster-gen4dp|1507\n|player|p2|quiteaniceleaf|lucas|1370\n|teamsize|p1|6\n|teamsize|p2|6\n|gen|9\n|tier|[Gen 9] Doubles OU\n|rated|\n|rule|Species Clause: Limit one of each Pok\u00e9mon\n|rule|OHKO Clause: OHKO moves are banned\n|rule|Evasion Moves Clause: Evasion moves are banned\n|rule|Gravity Sleep Clause: The combination of sleep-inducing moves with imperfect accuracy and Gravity or Gigantamax Orbeetle are banned\n|rule|Endless Battle Clause: Forcing endless battles is banned\n|rule|HP Percentage Mod: HP is shown in percentages\n|clearpoke\n|poke|p1|Kingambit, F|\n|poke|p1|Zapdos-Galar|\n|poke|p1|Gothitelle, M|\n|poke|p1|Hatterene, F|\n|poke|p1|Spidops, M|\n|poke|p1|Wigglytuff, M|\n|poke|p2|Flutter Mane|\n|poke|p2|Chi-Yu|\n|poke|p2|Landorus-Therian, M|\n|poke|p2|Tinkaton, F|\n|poke|p2|Ogerpon-Wellspring, F|\n|poke|p2|Tornadus, M|\n|teampreview\n|inactive|Battle timer is ON: inactive players will automatically lose when time's up. (requested by andy1510)\n|\n|t:|1697846363\n|start\n|switch|p1a: Hatterene|Hatterene, F|100\/100\n|switch|p1b: Spidops|Spidops, M|100\/100\n|switch|p2a: Tinkaton|Tinkaton, F|100\/100\n|switch|p2b: Chi-Yu|Chi-Yu|100\/100\n|-ability|p2b: Chi-Yu|Beads of Ruin\n|-ability|p2a: Tinkaton|Mold Breaker\n|turn|1\n|\n|t:|1697846381\n|-terastallize|p1a: Hatterene|Water\n|move|p2b: Chi-Yu|Heat Wave|p1b: Spidops|[spread] p1a,p1b\n|-resisted|p1a: Hatterene\n|-supereffective|p1b: Spidops\n|-damage|p1a: Hatterene|65\/100\n|-enditem|p1b: Spidops|Focus Sash\n|-damage|p1b: Spidops|1\/100\n|-status|p1b: Spidops|brn\n|move|p2a: Tinkaton|Gigaton Hammer|p1a: Hatterene\n|-resisted|p1a: Hatterene\n|-damage|p1a: Hatterene|35\/100\n|move|p1a: Hatterene|Skill Swap|p2b: Chi-Yu\n|-activate|p1a: Hatterene|move: Skill Swap|Beads of Ruin|Magic Bounce|[of] p2b: Chi-Yu\n|-ability|p1a: Hatterene|Beads of Ruin\n|move|p1b: Spidops|Sticky Web|p2b: Chi-Yu\n|move|p2b: Chi-Yu|Sticky Web|p1b: Spidops|[from]ability: Magic Bounce\n|-sidestart|p1: andy1510|move: Sticky Web\n|\n|-damage|p1b: Spidops|0 fnt|[from] brn\n|faint|p1b: Spidops\n|upkeep\n|inactive|andy1510 has 120 seconds left.\n|\n|t:|1697846407\n|switch|p1b: Zapdos|Zapdos-Galar|100\/100\n|-activate|p1b: Zapdos|move: Sticky Web\n|-unboost|p1b: Zapdos|spe|1\n|-ability|p1b: Zapdos|Defiant|boost\n|-boost|p1b: Zapdos|atk|2\n|turn|2\n|\n|t:|1697846422\n|move|p1b: Zapdos|Protect|p1b: Zapdos\n|-singleturn|p1b: Zapdos|Protect\n|move|p2b: Chi-Yu|Heat Wave|p1b: Zapdos|[spread] p1a\n|-activate|p1b: Zapdos|move: Protect\n|-resisted|p1a: Hatterene\n|-damage|p1a: Hatterene|9\/100\n|move|p2a: Tinkaton|Knock Off|p1a: Hatterene\n|-damage|p1a: Hatterene|0 fnt\n|-enditem|p1a: Hatterene|Covert Cloak|[from] move: Knock Off|[of] p2a: Tinkaton\n|faint|p1a: Hatterene\n|\n|upkeep\n|inactive|andy1510 has 120 seconds left.\n|\n|t:|1697846442\n|switch|p1a: Wigglytuff|Wigglytuff, M|100\/100\n|-activate|p1a: Wigglytuff|move: Sticky Web\n|-unboost|p1a: Wigglytuff|spe|1\n|-ability|p1a: Wigglytuff|Competitive|boost\n|-boost|p1a: Wigglytuff|spa|2\n|turn|3\n|\n|t:|1697846452\n|move|p2b: Chi-Yu|Heat Wave|p1a: Wigglytuff|[spread] p1a,p1b\n|-damage|p1a: Wigglytuff|30\/100\n|-damage|p1b: Zapdos|49\/100\n|-status|p1a: Wigglytuff|brn\n|move|p2a: Tinkaton|Gigaton Hammer|p1a: Wigglytuff\n|-supereffective|p1a: Wigglytuff\n|-damage|p1a: Wigglytuff|0 fnt\n|faint|p1a: Wigglytuff\n|move|p1b: Zapdos|Close Combat|p2b: Chi-Yu\n|-supereffective|p2b: Chi-Yu\n|-damage|p2b: Chi-Yu|0 fnt\n|-unboost|p1b: Zapdos|def|1\n|-unboost|p1b: Zapdos|spd|1\n|faint|p2b: Chi-Yu\n|\n|upkeep\n|\n|t:|1697846471\n|switch|p2b: Flutter Mane|Flutter Mane|100\/100\n|switch|p1a: Gothitelle|Gothitelle, M|100\/100\n|-activate|p1a: Gothitelle|move: Sticky Web\n|-unboost|p1a: Gothitelle|spe|1\n|-ability|p1a: Gothitelle|Competitive|boost\n|-boost|p1a: Gothitelle|spa|2\n|-enditem|p2b: Flutter Mane|Booster Energy\n|-activate|p2b: Flutter Mane|ability: Protosynthesis|[fromitem]\n|-start|p2b: Flutter Mane|protosynthesisspe\n|turn|4\n|\n|t:|1697846483\n|switch|p1a: Kingambit|Kingambit, F|100\/100\n|-activate|p1a: Kingambit|move: Sticky Web\n|-unboost|p1a: Kingambit|spe|1\n|-ability|p1a: Kingambit|Defiant|boost\n|-boost|p1a: Kingambit|atk|2\n|move|p2b: Flutter Mane|Dazzling Gleam|p1b: Zapdos|[spread] p1a,p1b\n|-supereffective|p1b: Zapdos\n|-damage|p1a: Kingambit|67\/100\n|-damage|p1b: Zapdos|0 fnt\n|faint|p1b: Zapdos\n|move|p2a: Tinkaton|Knock Off|p1a: Kingambit\n|-resisted|p1a: Kingambit\n|-damage|p1a: Kingambit|57\/100\n|-enditem|p1a: Kingambit|Leftovers|[from] move: Knock Off|[of] p2a: Tinkaton\n|\n|upkeep\n|\n|t:|1697846486\n|switch|p1b: Gothitelle|Gothitelle, M|100\/100\n|-activate|p1b: Gothitelle|move: Sticky Web\n|-unboost|p1b: Gothitelle|spe|1\n|-ability|p1b: Gothitelle|Competitive|boost\n|-boost|p1b: Gothitelle|spa|2\n|turn|5\n|\n|t:|1697846513\n|move|p2b: Flutter Mane|Protect|p2b: Flutter Mane\n|-singleturn|p2b: Flutter Mane|Protect\n|move|p1a: Kingambit|Sucker Punch||[still]\n|-fail|p1a: Kingambit\n|move|p2a: Tinkaton|Knock Off|p1b: Gothitelle\n|-supereffective|p1b: Gothitelle\n|-damage|p1b: Gothitelle|43\/100\n|-enditem|p1b: Gothitelle|Mental Herb|[from] move: Knock Off|[of] p2a: Tinkaton\n|move|p1b: Gothitelle|Trick Room|p1b: Gothitelle\n|-fieldstart|move: Trick Room|[of] p1b: Gothitelle\n|\n|upkeep\n|turn|6\n|inactive|andy1510 has 120 seconds left.\n|inactive|quiteaniceleaf has 120 seconds left.\n|inactive|quiteaniceleaf has 90 seconds left.\n|\n|t:|1697846575\n|-terastallize|p2a: Tinkaton|Steel\n|move|p1a: Kingambit|Iron Head|p2b: Flutter Mane\n|-supereffective|p2b: Flutter Mane\n|-damage|p2b: Flutter Mane|0 fnt\n|faint|p2b: Flutter Mane\n|-end|p2b: Flutter Mane|Protosynthesis|[silent]\n|move|p1b: Gothitelle|Thunderbolt|p2a: Tinkaton\n|-damage|p2a: Tinkaton|68\/100\n|move|p2a: Tinkaton|Gigaton Hammer|p1a: Kingambit\n|-resisted|p1a: Kingambit\n|-damage|p1a: Kingambit|28\/100\n|\n|upkeep\n|inactive|quiteaniceleaf has 90 seconds left.\n|\n|t:|1697846600\n|switch|p2b: Tornadus|Tornadus, M|100\/100\n|turn|7\n|inactive|quiteaniceleaf has 90 seconds left.\n|\n|t:|1697846619\n|switch|p2a: Ogerpon|Ogerpon-Wellspring, F|100\/100\n|move|p1a: Kingambit|Protect|p1a: Kingambit\n|-singleturn|p1a: Kingambit|Protect\n|move|p1b: Gothitelle|Thunderbolt|p2a: Ogerpon\n|-damage|p2a: Ogerpon|50\/100\n|move|p2b: Tornadus|Foul Play|p1a: Kingambit\n|-activate|p1a: Kingambit|move: Protect\n|\n|upkeep\n|turn|8\n|\n|t:|1697846635\n|move|p2a: Ogerpon|Spiky Shield|p2a: Ogerpon\n|-singleturn|p2a: Ogerpon|move: Protect\n|move|p1a: Kingambit|Iron Head|p2b: Tornadus\n|-damage|p2b: Tornadus|0 fnt\n|faint|p2b: Tornadus\n|move|p1b: Gothitelle|Psychic|p2a: Ogerpon\n|-activate|p2a: Ogerpon|move: Protect\n|\n|upkeep\n|inactive|quiteaniceleaf has 90 seconds left.\n|\n|t:|1697846649\n|switch|p2b: Tinkaton|Tinkaton, F, tera:Steel|68\/100\n|-ability|p2b: Tinkaton|Mold Breaker\n|turn|9\n|\n|t:|1697846677\n|move|p2b: Tinkaton|Fake Out|p1a: Kingambit\n|-resisted|p1a: Kingambit\n|-damage|p1a: Kingambit|25\/100\n|cant|p1a: Kingambit|flinch\n|move|p1b: Gothitelle|Psychic|p2a: Ogerpon\n|-damage|p2a: Ogerpon|0 fnt\n|faint|p2a: Ogerpon\n|\n|-fieldend|move: Trick Room\n|upkeep\n|\n|t:|1697846689\n|switch|p2a: Landorus|Landorus-Therian, M|100\/100\n|-ability|p2a: Landorus|Intimidate|boost\n|-unboost|p1a: Kingambit|atk|1\n|-ability|p1a: Kingambit|Defiant|boost\n|-boost|p1a: Kingambit|atk|2\n|-unboost|p1b: Gothitelle|atk|1\n|-ability|p1b: Gothitelle|Competitive|boost\n|-boost|p1b: Gothitelle|spa|2\n|turn|10\n|\n|t:|1697846713\n|move|p2a: Landorus|Protect|p2a: Landorus\n|-singleturn|p2a: Landorus|Protect\n|move|p1a: Kingambit|Sucker Punch|p2b: Tinkaton\n|-damage|p2b: Tinkaton|0 fnt\n|faint|p2b: Tinkaton\n|move|p1b: Gothitelle|Psychic|p2a: Landorus\n|-activate|p2a: Landorus|move: Protect\n|\n|upkeep\n|turn|11\n|inactive|quiteaniceleaf has 120 seconds left.\n|-message|quiteaniceleaf forfeited.\n|\n|win|andy1510\n|raw|andy1510's rating: 1507 &rarr; <strong>1519<\/strong><br \/>(+12 for winning)\n|raw|quiteaniceleaf's rating: 1370 &rarr; <strong>1358<\/strong><br \/>(-12 for losing)\n|l|\u2606quiteaniceleaf\n","uploadtime":1697846736,"views":19,"p1id":"andy1510","p2id":"quiteaniceleaf","formatid":"gen9doublesou","rating":1358,"private":0,"password":""}