{"id":"gen9doublesou-1974455549","p1":"DingTest","p2":"JustNexus","format":"[Gen 9] Doubles OU","log":"|j|\u2606DingTest\n|j|\u2606JustNexus\n|t:|1698088424\n|gametype|doubles\n|player|p1|DingTest|dawn-gen4pt|1049\n|player|p2|JustNexus|shadowtriad|1158\n|teamsize|p1|6\n|teamsize|p2|6\n|gen|9\n|tier|[Gen 9] Doubles OU\n|rated|\n|rule|Species Clause: Limit one of each Pok\u00e9mon\n|rule|OHKO Clause: OHKO moves are banned\n|rule|Evasion Moves Clause: Evasion moves are banned\n|rule|Gravity Sleep Clause: The combination of sleep-inducing moves with imperfect accuracy and Gravity or Gigantamax Orbeetle are banned\n|rule|Endless Battle Clause: Forcing endless battles is banned\n|rule|HP Percentage Mod: HP is shown in percentages\n|clearpoke\n|poke|p1|Chien-Pao|\n|poke|p1|Tornadus, M|\n|poke|p1|Dragonite, F|\n|poke|p1|Chi-Yu|\n|poke|p1|Flutter Mane|\n|poke|p1|Landorus, M|\n|poke|p2|Garchomp, M|\n|poke|p2|Hydreigon, M|\n|poke|p2|Murkrow, M|\n|poke|p2|Azumarill, F|\n|poke|p2|Rotom-Heat|\n|poke|p2|Gliscor, M|\n|teampreview\n|inactive|Battle timer is ON: inactive players will automatically lose when time's up. (requested by DingTest)\n|inactive|DingTest has 120 seconds left.\n|\n|t:|1698088475\n|start\n|switch|p1a: Chi-Yu|Chi-Yu|100\/100\n|switch|p1b: Landorus|Landorus, M|100\/100\n|switch|p2a: Murkrow|Murkrow, M|100\/100\n|switch|p2b: Garchomp|Garchomp, M|100\/100\n|-ability|p1a: Chi-Yu|Beads of Ruin\n|turn|1\n|inactive|DingTest has 120 seconds left.\n|\n|t:|1698088510\n|switch|p1a: Tornadus|Tornadus, M|100\/100\n|move|p2a: Murkrow|Tailwind|p2a: Murkrow\n|-sidestart|p2: JustNexus|move: Tailwind\n|move|p2b: Garchomp|Swords Dance|p2b: Garchomp\n|-boost|p2b: Garchomp|atk|2\n|move|p1b: Landorus|Sludge Bomb|p2a: Murkrow\n|-damage|p2a: Murkrow|61\/100\n|\n|upkeep\n|turn|2\n|\n|t:|1698088531\n|move|p2a: Murkrow|Taunt|p1b: Landorus\n|-start|p1b: Landorus|move: Taunt\n|move|p1a: Tornadus|Tailwind|p1a: Tornadus\n|-sidestart|p1: DingTest|move: Tailwind\n|move|p2b: Garchomp|Dragon Claw|p1b: Landorus\n|-damage|p1b: Landorus|0 fnt\n|faint|p1b: Landorus\n|\n|upkeep\n|inactive|DingTest has 120 seconds left.\n|\n|t:|1698088543\n|switch|p1b: Chi-Yu|Chi-Yu|100\/100\n|-ability|p1b: Chi-Yu|Beads of Ruin\n|turn|3\n|\n|t:|1698088565\n|move|p1b: Chi-Yu|Dark Pulse|p2b: Garchomp\n|-damage|p2b: Garchomp|33\/100\n|move|p1a: Tornadus|Bleakwind Storm|p2b: Garchomp|[spread] p2a,p2b\n|-damage|p2a: Murkrow|19\/100\n|-damage|p2b: Garchomp|0 fnt\n|faint|p2b: Garchomp\n|move|p2a: Murkrow|Foul Play|p1a: Tornadus\n|-damage|p1a: Tornadus|56\/100\n|\n|upkeep\n|\n|t:|1698088575\n|switch|p2b: Rotom|Rotom-Heat, shiny|100\/100\n|turn|4\n|\n|t:|1698088584\n|move|p1b: Chi-Yu|Dark Pulse|p2b: Rotom\n|-damage|p2b: Rotom|30\/100\n|-enditem|p2b: Rotom|Sitrus Berry|[eat]\n|-heal|p2b: Rotom|55\/100|[from] item: Sitrus Berry\n|move|p1a: Tornadus|Bleakwind Storm|p2b: Rotom|[spread] p2a\n|-miss|p1a: Tornadus|p2b: Rotom\n|-damage|p2a: Murkrow|0 fnt\n|faint|p2a: Murkrow\n|cant|p2b: Rotom|flinch\n|\n|-sideend|p2: JustNexus|move: Tailwind\n|upkeep\n|\n|t:|1698088597\n|switch|p2a: Azumarill|Azumarill, F, shiny|100\/100\n|turn|5\n|\n|t:|1698088604\n|move|p2a: Azumarill|Aqua Jet|p1b: Chi-Yu\n|-supereffective|p1b: Chi-Yu\n|-damage|p1b: Chi-Yu|22\/100\n|move|p1b: Chi-Yu|Dark Pulse|p2a: Azumarill\n|-resisted|p2a: Azumarill\n|-damage|p2a: Azumarill|81\/100\n|move|p1a: Tornadus|Bleakwind Storm|p2a: Azumarill|[spread] p2a,p2b\n|-resisted|p2b: Rotom\n|-damage|p2a: Azumarill|48\/100\n|-damage|p2b: Rotom|22\/100\n|-unboost|p2a: Azumarill|spe|1\n|move|p2b: Rotom|Thunderbolt|p1a: Tornadus\n|-supereffective|p1a: Tornadus\n|-damage|p1a: Tornadus|0 fnt\n|faint|p1a: Tornadus\n|\n|-sideend|p1: DingTest|move: Tailwind\n|upkeep\n|\n|t:|1698088612\n|switch|p1a: Dragonite|Dragonite, F, shiny|100\/100\n|turn|6\n|\n|t:|1698088630\n|-terastallize|p1a: Dragonite|Normal\n|move|p1a: Dragonite|Extreme Speed|p2a: Azumarill\n|-damage|p2a: Azumarill|0 fnt\n|faint|p2a: Azumarill\n|move|p1b: Chi-Yu|Dark Pulse|p2b: Rotom\n|-damage|p2b: Rotom|0 fnt\n|faint|p2b: Rotom\n|\n|upkeep\n|\n|t:|1698088639\n|switch|p2b: Gliscor|Gliscor, M|100\/100\n|switch|p2a: Hydreigon|Hydreigon, M, shiny|100\/100\n|turn|7\n|\n|t:|1698088649\n|-terastallize|p2a: Hydreigon|Steel\n|move|p1a: Dragonite|Extreme Speed|p2a: Hydreigon\n|-resisted|p2a: Hydreigon\n|-damage|p2a: Hydreigon|63\/100\n|move|p1b: Chi-Yu|Dark Pulse|p2a: Hydreigon\n|-damage|p2a: Hydreigon|0 fnt\n|faint|p2a: Hydreigon\n|move|p2b: Gliscor|Acrobatics|p1b: Chi-Yu\n|-damage|p1b: Chi-Yu|0 fnt\n|faint|p1b: Chi-Yu\n|\n|-status|p2b: Gliscor|tox|[from] item: Toxic Orb\n|upkeep\n|\n|t:|1698088656\n|switch|p1b: Chien-Pao|Chien-Pao|100\/100\n|-ability|p1b: Chien-Pao|Sword of Ruin\n|turn|8\n|\n|t:|1698088664\n|move|p1a: Dragonite|Extreme Speed|p2b: Gliscor\n|-damage|p2b: Gliscor|9\/100 tox\n|move|p1b: Chien-Pao|Ice Spinner|p2b: Gliscor\n|-supereffective|p2b: Gliscor\n|-damage|p2b: Gliscor|0 fnt\n|faint|p2b: Gliscor\n|\n|win|DingTest\n|raw|DingTest's rating: 1049 &rarr; <strong>1092<\/strong><br \/>(+43 for winning)\n|raw|JustNexus's rating: 1158 &rarr; <strong>1125<\/strong><br \/>(-33 for losing)\n|l|\u2606JustNexus\n","uploadtime":1698088675,"views":15,"p1id":"dingtest","p2id":"justnexus","formatid":"gen9doublesou","rating":1092,"private":0,"password":""}