{"id":"gen9doublesou-1990210911","p1":"wideguardluver","p2":"Goat_Jedi","format":"[Gen 9] Doubles OU","log":"|j|\u2606wideguardluver\n|j|\u2606Goat_Jedi\n|t:|1699937972\n|gametype|doubles\n|player|p1|wideguardluver|argenta|1032\n|player|p2|Goat_Jedi|giovanni|1116\n|teamsize|p1|6\n|teamsize|p2|6\n|gen|9\n|tier|[Gen 9] Doubles OU\n|rated|\n|rule|Species Clause: Limit one of each Pok\u00e9mon\n|rule|OHKO Clause: OHKO moves are banned\n|rule|Evasion Moves Clause: Evasion moves are banned\n|rule|Gravity Sleep Clause: The combination of sleep-inducing moves with imperfect accuracy and Gravity or Gigantamax Orbeetle are banned\n|rule|Endless Battle Clause: Forcing endless battles is banned\n|rule|HP Percentage Mod: HP is shown in percentages\n|clearpoke\n|poke|p1|Greedent, M|\n|poke|p1|Hatterene, F|\n|poke|p1|Torkoal, M|\n|poke|p1|Ting-Lu|\n|poke|p1|Copperajah, M|\n|poke|p1|Slowking-Galar, F|\n|poke|p2|Gholdengo|\n|poke|p2|Zapdos-Galar|\n|poke|p2|Amoonguss, M|\n|poke|p2|Politoed, F|\n|poke|p2|Clodsire, M|\n|poke|p2|Mew|\n|teampreview\n|\n|t:|1699937986\n|start\n|switch|p1a: Hatterene|Hatterene, F|100\/100\n|switch|p1b: Ting-Lu|Ting-Lu|100\/100\n|switch|p2a: Rice|Politoed, F, shiny|100\/100\n|switch|p2b: Orange chicken|Clodsire, M|100\/100\n|-ability|p1b: Ting-Lu|Vessel of Ruin\n|turn|1\n|\n|t:|1699938034\n|move|p2a: Rice|Perish Song|p2a: Rice\n|-start|p1a: Hatterene|perish3|[silent]\n|-start|p1b: Ting-Lu|perish3|[silent]\n|-start|p2a: Rice|perish3|[silent]\n|-start|p2b: Orange chicken|perish3|[silent]\n|-fieldactivate|move: Perish Song\n|move|p1b: Ting-Lu|Stealth Rock|p2a: Rice\n|-sidestart|p2: Goat_Jedi|move: Stealth Rock\n|move|p2b: Orange chicken|Surf|p1b: Ting-Lu|[spread] p1a,p1b\n|-immune|p2a: Rice|[from] ability: Water Absorb\n|-supereffective|p1b: Ting-Lu\n|-damage|p1a: Hatterene|94\/100\n|-damage|p1b: Ting-Lu|91\/100\n|move|p1a: Hatterene|Trick Room|p1a: Hatterene\n|-fieldstart|move: Trick Room|[of] p1a: Hatterene\n|\n|-heal|p1a: Hatterene|99\/100|[from] item: Leftovers\n|-start|p2b: Orange chicken|perish3\n|-start|p1a: Hatterene|perish3\n|-start|p1b: Ting-Lu|perish3\n|-start|p2a: Rice|perish3\n|upkeep\n|turn|2\n|\n|t:|1699938056\n|switch|p1a: Slowking|Slowking-Galar, F|100\/100\n|switch|p1b: Torkoal|Torkoal, M|100\/100\n|-weather|SunnyDay|[from] ability: Drought|[of] p1b: Torkoal\n|move|p2a: Rice|Helping Hand|p2b: Orange chicken\n|-singleturn|p2b: Orange chicken|Helping Hand|[of] p2a: Rice\n|move|p2b: Orange chicken|Surf|p1a: Slowking|[spread] p1a,p1b\n|-immune|p2a: Rice|[from] ability: Water Absorb\n|-supereffective|p1b: Torkoal\n|-damage|p1a: Slowking|96\/100\n|-damage|p1b: Torkoal|89\/100\n|\n|-weather|SunnyDay|[upkeep]\n|-heal|p1a: Slowking|100\/100|[from] item: Black Sludge\n|-start|p2b: Orange chicken|perish2\n|-start|p2a: Rice|perish2\n|upkeep\n|turn|3\n|\n|t:|1699938075\n|move|p1b: Torkoal|Solar Beam||[still]\n|-prepare|p1b: Torkoal|Solar Beam\n|-anim|p1b: Torkoal|Solar Beam|p2a: Rice\n|-supereffective|p2a: Rice\n|-damage|p2a: Rice|40\/100\n|move|p2b: Orange chicken|Surf|p1b: Torkoal|[spread] p1a,p1b\n|-heal|p2a: Rice|65\/100|[from] ability: Water Absorb|[of] p2b: Orange chicken\n|-supereffective|p1b: Torkoal\n|-damage|p1a: Slowking|97\/100\n|-damage|p1b: Torkoal|81\/100\n|move|p1a: Slowking|Ice Beam|p2b: Orange chicken\n|-supereffective|p2b: Orange chicken\n|-damage|p2b: Orange chicken|69\/100\n|move|p2a: Rice|Surf|p1a: Slowking|[spread] p1a,p1b\n|-heal|p2b: Orange chicken|94\/100|[from] ability: Water Absorb|[of] p2a: Rice\n|-supereffective|p1b: Torkoal\n|-damage|p1a: Slowking|89\/100\n|-damage|p1b: Torkoal|63\/100\n|\n|-weather|SunnyDay|[upkeep]\n|-heal|p2b: Orange chicken|99\/100|[from] item: Leftovers\n|-heal|p1a: Slowking|95\/100|[from] item: Black Sludge\n|-start|p2b: Orange chicken|perish1\n|-start|p2a: Rice|perish1\n|upkeep\n|turn|4\n|\n|t:|1699938104\n|switch|p2b: Meth|Mew|100\/100\n|-damage|p2b: Meth|88\/100|[from] Stealth Rock\n|switch|p2a: Toad|Amoonguss, M|100\/100\n|-damage|p2a: Toad|88\/100|[from] Stealth Rock\n|move|p1b: Torkoal|Solar Beam||[still]\n|-prepare|p1b: Torkoal|Solar Beam\n|-anim|p1b: Torkoal|Solar Beam|p2a: Toad\n|-resisted|p2a: Toad\n|-damage|p2a: Toad|81\/100\n|move|p1a: Slowking|Ice Beam|p2b: Meth\n|-damage|p2b: Meth|68\/100\n|\n|-weather|SunnyDay|[upkeep]\n|-heal|p1a: Slowking|100\/100|[from] item: Black Sludge\n|-heal|p2a: Toad|87\/100|[from] item: Leftovers\n|upkeep\n|turn|5\n|\n|t:|1699938148\n|-terastallize|p2a: Toad|Water\n|move|p1b: Torkoal|Earth Power|p2b: Meth\n|-damage|p2b: Meth|47\/100\n|move|p1a: Slowking|Flamethrower|p2a: Toad\n|-resisted|p2a: Toad\n|-damage|p2a: Toad|74\/100\n|-status|p2a: Toad|brn\n|move|p2a: Toad|Spore|p1b: Torkoal\n|-status|p1b: Torkoal|slp|[from] move: Spore\n|move|p2b: Meth|Swords Dance|p2b: Meth\n|-boost|p2b: Meth|atk|2\n|\n|-weather|SunnyDay|[upkeep]\n|-heal|p2a: Toad|80\/100 brn|[from] item: Leftovers\n|-damage|p2a: Toad|74\/100 brn|[from] brn\n|-fieldend|move: Trick Room\n|upkeep\n|turn|6\n|\n|t:|1699938182\n|move|p2b: Meth|Baton Pass|p2b: Meth\n|\n|t:|1699938187\n|switch|p2b: The Turkey|Zapdos-Galar|100\/100|[from] Baton Pass\n|-damage|p2b: The Turkey|88\/100|[from] Stealth Rock\n|move|p2a: Toad|Pollen Puff|p2b: The Turkey\n|-heal|p2b: The Turkey|100\/100\n|cant|p1b: Torkoal|slp\n|move|p1a: Slowking|Trick Room|p1a: Slowking\n|-fieldstart|move: Trick Room|[of] p1a: Slowking\n|\n|-weather|none\n|-heal|p2a: Toad|80\/100 brn|[from] item: Leftovers\n|-damage|p2a: Toad|74\/100 brn|[from] brn\n|upkeep\n|turn|7\n|c|\u2606wideguardluver|What\n|c|\u2606wideguardluver|Did they allow baton pass finally?!\n|c|\u2606Goat_Jedi|YE\n|c|\u2606Goat_Jedi|ye\n|l|\u2606wideguardluver\n|player|p1|\n|j|\u2606wideguardluver\n|player|p1|wideguardluver|argenta\n|\n|t:|1699938262\n|switch|p2a: Rice|Politoed, F, shiny|65\/100\n|-damage|p2a: Rice|53\/100|[from] Stealth Rock\n|cant|p1b: Torkoal|slp\n|move|p1a: Slowking|Ice Beam|p2b: The Turkey\n|-supereffective|p2b: The Turkey\n|-damage|p2b: The Turkey|51\/100\n|move|p2b: The Turkey|Acrobatics|p1b: Torkoal\n|-damage|p1b: Torkoal|0 fnt\n|faint|p1b: Torkoal\n|\n|upkeep\n|c|\u2606wideguardluver|Came back\n|\n|t:|1699938268\n|switch|p1b: Copperajah|Copperajah, M|100\/100\n|turn|8\n|\n|t:|1699938296\n|move|p2b: The Turkey|Protect|p2b: The Turkey\n|-singleturn|p2b: The Turkey|Protect\n|move|p1a: Slowking|Ice Beam|p2b: The Turkey\n|-activate|p2b: The Turkey|move: Protect\n|move|p1b: Copperajah|Body Slam|p2a: Rice\n|-crit|p2a: Rice\n|-damage|p2a: Rice|0 fnt\n|faint|p2a: Rice\n|\n|upkeep\n|\n|t:|1699938306\n|switch|p2a: Toad|Amoonguss, M, tera:Water|74\/100 brn\n|-damage|p2a: Toad|61\/100 brn|[from] Stealth Rock\n|turn|9\n|\n|t:|1699938318\n|move|p2b: The Turkey|Protect|p2b: The Turkey\n|-singleturn|p2b: The Turkey|Protect\n|move|p1b: Copperajah|Body Slam|p2a: Toad\n|-damage|p2a: Toad|12\/100 brn\n|move|p1a: Slowking|Ice Beam|p2b: The Turkey\n|-activate|p2b: The Turkey|move: Protect\n|move|p2a: Toad|Spore|p1b: Copperajah\n|-status|p1b: Copperajah|slp|[from] move: Spore\n|\n|-heal|p2a: Toad|18\/100 brn|[from] item: Leftovers\n|-damage|p2a: Toad|12\/100 brn|[from] brn\n|upkeep\n|turn|10\n|\n|t:|1699938351\n|move|p1a: Slowking|Ice Beam|p2b: The Turkey\n|-supereffective|p2b: The Turkey\n|-damage|p2b: The Turkey|0 fnt\n|faint|p2b: The Turkey\n|cant|p1b: Copperajah|slp\n|move|p2a: Toad|Spore|p1a: Slowking\n|-status|p1a: Slowking|slp|[from] move: Spore\n|\n|-heal|p2a: Toad|18\/100 brn|[from] item: Leftovers\n|-damage|p2a: Toad|12\/100 brn|[from] brn\n|-fieldend|move: Trick Room\n|upkeep\n|\n|t:|1699938370\n|switch|p2b: Orange chicken|Clodsire, M|99\/100\n|-damage|p2b: Orange chicken|94\/100|[from] Stealth Rock\n|turn|11\n|c|\u2606wideguardluver|At least mirror coat can't bounce spore back cuz of the burn\n|l|\u2606Goat_Jedi\n|player|p2|\n|j|\u2606Goat_Jedi\n|player|p2|Goat_Jedi|giovanni\n|\n|t:|1699938425\n|move|p2a: Toad|Pollen Puff|p1a: Slowking\n|-damage|p1a: Slowking|86\/100 slp\n|-curestatus|p1b: Copperajah|slp|[msg]\n|move|p1b: Copperajah|Zen Headbutt|p2b: Orange chicken\n|-supereffective|p2b: Orange chicken\n|-damage|p2b: Orange chicken|3\/100\n|cant|p1a: Slowking|slp\n|move|p2b: Orange chicken|Earthquake|p1b: Copperajah|[spread] p2a,p1a,p1b\n|-supereffective|p1a: Slowking\n|-supereffective|p1b: Copperajah\n|-damage|p2a: Toad|0 fnt\n|-damage|p1a: Slowking|56\/100 slp\n|-damage|p1b: Copperajah|64\/100\n|faint|p2a: Toad\n|\n|-heal|p1a: Slowking|62\/100 slp|[from] item: Black Sludge\n|-heal|p2b: Orange chicken|9\/100|[from] item: Leftovers\n|upkeep\n|c|\u2606wideguardluver|Magic mirror*\n|\n|t:|1699938448\n|switch|p2a: Meth|Mew|47\/100\n|-damage|p2a: Meth|35\/100|[from] Stealth Rock\n|turn|12\n|\n|t:|1699938459\n|move|p2b: Orange chicken|Protect|p2b: Orange chicken\n|-singleturn|p2b: Orange chicken|Protect\n|move|p2a: Meth|Nasty Plot|p2a: Meth\n|-boost|p2a: Meth|spa|2\n|cant|p1a: Slowking|slp\n|move|p1b: Copperajah|Zen Headbutt|p2b: Orange chicken\n|-activate|p2b: Orange chicken|move: Protect\n|\n|-heal|p1a: Slowking|68\/100 slp|[from] item: Black Sludge\n|-heal|p2b: Orange chicken|15\/100|[from] item: Leftovers\n|upkeep\n|turn|13\n|\n|t:|1699938478\n|move|p2a: Meth|Baton Pass|p2a: Meth\n|\n|t:|1699938481\n|switch|p2a: Macaroni|Gholdengo|100\/100|[from] Baton Pass\n|-damage|p2a: Macaroni|94\/100|[from] Stealth Rock\n|move|p1b: Copperajah|Zen Headbutt|p2b: Orange chicken|[miss]\n|-miss|p1b: Copperajah|p2b: Orange chicken\n|move|p2b: Orange chicken|Recover|p2b: Orange chicken\n|-heal|p2b: Orange chicken|65\/100\n|cant|p1a: Slowking|slp\n|\n|-heal|p1a: Slowking|74\/100 slp|[from] item: Black Sludge\n|-heal|p2b: Orange chicken|72\/100|[from] item: Leftovers\n|upkeep\n|turn|14\n|\n|t:|1699938526\n|move|p2b: Orange chicken|Protect|p2b: Orange chicken\n|-singleturn|p2b: Orange chicken|Protect\n|move|p2a: Macaroni|Shadow Ball|p1b: Copperajah\n|-damage|p1b: Copperajah|0 fnt\n|faint|p1b: Copperajah\n|-damage|p2a: Macaroni|85\/100|[from] item: Life Orb\n|-curestatus|p1a: Slowking|slp|[msg]\n|move|p1a: Slowking|Flamethrower|p1: Copperajah|[notarget]\n|-fail|p1a: Slowking\n|\n|-heal|p1a: Slowking|80\/100|[from] item: Black Sludge\n|-heal|p2b: Orange chicken|78\/100|[from] item: Leftovers\n|upkeep\n|\n|t:|1699938539\n|switch|p1b: Hatterene|Hatterene, F|99\/100\n|turn|15\n|\n|t:|1699938552\n|move|p2a: Macaroni|Make It Rain|p1b: Hatterene|[spread] p1a,p1b\n|-crit|p1a: Slowking\n|-supereffective|p1b: Hatterene\n|-damage|p1a: Slowking|0 fnt\n|-damage|p1b: Hatterene|0 fnt\n|-unboost|p2a: Macaroni|spa|1\n|faint|p1a: Slowking\n|faint|p1b: Hatterene\n|-damage|p2a: Macaroni|75\/100|[from] item: Life Orb\n|move|p2b: Orange chicken|Surf|p2a: Macaroni\n|-damage|p2a: Macaroni|64\/100\n|\n|-heal|p2b: Orange chicken|84\/100|[from] item: Leftovers\n|upkeep\n|\n|t:|1699938561\n|switch|p1a: Ting-Lu|Ting-Lu|91\/100\n|switch|p1b: Greedent|Greedent, M|100\/100\n|-ability|p1a: Ting-Lu|Vessel of Ruin\n|turn|16\n|\n|t:|1699938574\n|move|p2a: Macaroni|Make It Rain|p1b: Greedent|[spread] p1a,p1b\n|-damage|p1a: Ting-Lu|34\/100\n|-damage|p1b: Greedent|24\/100\n|-unboost|p2a: Macaroni|spa|1\n|-enditem|p1b: Greedent|Aguav Berry|[eat]\n|-heal|p1b: Greedent|57\/100|[from] item: Aguav Berry\n|-heal|p1b: Greedent|91\/100|[from] ability: Cheek Pouch\n|-damage|p2a: Macaroni|55\/100|[from] item: Life Orb\n|move|p1a: Ting-Lu|Earthquake|p2a: Macaroni|[spread] p1b,p2a,p2b\n|-supereffective|p2a: Macaroni\n|-supereffective|p2b: Orange chicken\n|-damage|p1b: Greedent|61\/100\n|-damage|p2a: Macaroni|0 fnt\n|-damage|p2b: Orange chicken|22\/100\n|faint|p2a: Macaroni\n|move|p1b: Greedent|Knock Off|p2b: Orange chicken\n|-damage|p2b: Orange chicken|0 fnt\n|-enditem|p2b: Orange chicken|Leftovers|[from] move: Knock Off|[of] p1b: Greedent\n|faint|p2b: Orange chicken\n|\n|upkeep\n|c|\u2606Goat_Jedi|GG\n|\n|t:|1699938603\n|switch|p2b: Meth|Mew|35\/100\n|-damage|p2b: Meth|22\/100|[from] Stealth Rock\n|-enditem|p2b: Meth|Iapapa Berry|[eat]\n|-heal|p2b: Meth|55\/100|[from] item: Iapapa Berry\n|turn|17\n|c|\u2606wideguardluver|Gg\n|\n|t:|1699938615\n|move|p2b: Meth|Nasty Plot|p2b: Meth\n|-boost|p2b: Meth|spa|2\n|move|p1a: Ting-Lu|Throat Chop|p2b: Meth\n|-supereffective|p2b: Meth\n|-damage|p2b: Meth|0 fnt\n|faint|p2b: Meth\n|\n|win|wideguardluver\n|raw|wideguardluver's rating: 1032 &rarr; <strong>1076<\/strong><br \/>(+44 for winning)\n|raw|Goat_Jedi's rating: 1116 &rarr; <strong>1085<\/strong><br \/>(-31 for losing)\n|c|\u2606wideguardluver|Great team\n|l|\u2606wideguardluver\n|c|\u2606Goat_Jedi|ty\n","uploadtime":1699938671,"views":6,"p1id":"wideguardluver","p2id":"goatjedi","formatid":"gen9doublesou","rating":1076,"private":0,"password":""}