{"id":"gen9doublesou-1983931053","p1":"God_of_STANK!","p2":"VioletStargazer","format":"[Gen 9] Doubles OU","log":"|j|\u2606God_of_STANK!\n|j|\u2606VioletStargazer\n|t:|1699201255\n|gametype|doubles\n|player|p1|God_of_STANK!|caitlin|1426\n|player|p2|VioletStargazer|clair|1426\n|teamsize|p1|6\n|teamsize|p2|6\n|gen|9\n|tier|[Gen 9] Doubles OU\n|rated|\n|rule|Species Clause: Limit one of each Pok\u00e9mon\n|rule|OHKO Clause: OHKO moves are banned\n|rule|Evasion Moves Clause: Evasion moves are banned\n|rule|Gravity Sleep Clause: The combination of sleep-inducing moves with imperfect accuracy and Gravity or Gigantamax Orbeetle are banned\n|rule|Endless Battle Clause: Forcing endless battles is banned\n|rule|HP Percentage Mod: HP is shown in percentages\n|clearpoke\n|poke|p1|Iron Valiant|\n|poke|p1|Okidogi, M|\n|poke|p1|Cresselia, F|\n|poke|p1|Iron Hands|\n|poke|p1|Tornadus, M|\n|poke|p1|Volcanion|\n|poke|p2|Roaring Moon|\n|poke|p2|Flutter Mane|\n|poke|p2|Chien-Pao|\n|poke|p2|Ogerpon-Wellspring, F|\n|poke|p2|Heatran, F|\n|poke|p2|Tornadus, M|\n|teampreview\n|inactive|Battle timer is ON: inactive players will automatically lose when time's up. (requested by God_of_STANK!)\n|\n|t:|1699201271\n|start\n|switch|p1a: Iron Valiant|Iron Valiant|100\/100\n|switch|p1b: Iron Hands|Iron Hands|100\/100\n|switch|p2a: Flutter Mane|Flutter Mane|100\/100\n|switch|p2b: Heatran|Heatran, F|100\/100\n|turn|1\n|\n|t:|1699201292\n|move|p1b: Iron Hands|Protect|p1b: Iron Hands\n|-singleturn|p1b: Iron Hands|Protect\n|move|p2a: Flutter Mane|Moonblast|p1b: Iron Hands\n|-activate|p1b: Iron Hands|move: Protect\n|move|p1a: Iron Valiant|Light Screen|p1a: Iron Valiant\n|-sidestart|p1: God_of_STANK!|move: Light Screen\n|move|p2b: Heatran|Heat Wave|p1a: Iron Valiant|[spread] p1a\n|-activate|p1b: Iron Hands|move: Protect\n|-damage|p1a: Iron Valiant|77\/100\n|\n|upkeep\n|turn|2\n|\n|t:|1699201309\n|-end|p1b: Iron Hands|Quark Drive|[silent]\n|switch|p1b: Cresselia|Cresselia, F|100\/100\n|move|p2a: Flutter Mane|Moonblast|p1b: Cresselia\n|-damage|p1b: Cresselia|68\/100\n|-unboost|p1b: Cresselia|spa|1\n|move|p1a: Iron Valiant|Spirit Break|p2a: Flutter Mane\n|-damage|p2a: Flutter Mane|32\/100\n|-unboost|p2a: Flutter Mane|spa|1\n|move|p2b: Heatran|Heat Wave|p1b: Cresselia|[spread] p1b\n|-miss|p2b: Heatran|p1a: Iron Valiant\n|-damage|p1b: Cresselia|53\/100\n|\n|upkeep\n|turn|3\n|\n|t:|1699201335\n|-end|p2a: Flutter Mane|Protosynthesis|[silent]\n|switch|p2a: Ogerpon|Ogerpon-Wellspring, F|100\/100\n|move|p1a: Iron Valiant|Reflect|p1a: Iron Valiant\n|-sidestart|p1: God_of_STANK!|Reflect\n|move|p1b: Cresselia|Lunar Blessing|p1b: Cresselia|[spread] p1a,p1b\n|-heal|p1a: Iron Valiant|100\/100\n|-heal|p1b: Cresselia|78\/100\n|move|p2b: Heatran|Heat Wave|p1b: Cresselia|[spread] p1a,p1b\n|-damage|p1a: Iron Valiant|77\/100\n|-damage|p1b: Cresselia|65\/100\n|-status|p1b: Cresselia|brn\n|\n|-damage|p1b: Cresselia|59\/100 brn|[from] brn\n|upkeep\n|turn|4\n|\n|t:|1699201354\n|move|p1a: Iron Valiant|Spirit Break|p2b: Heatran\n|-resisted|p2b: Heatran\n|-damage|p2b: Heatran|93\/100\n|-unboost|p2b: Heatran|spa|1\n|move|p2a: Ogerpon|Ivy Cudgel|p1a: Iron Valiant\n|-damage|p1a: Iron Valiant|30\/100\n|move|p1b: Cresselia|Lunar Blessing|p1b: Cresselia|[spread] p1a,p1b\n|-heal|p1a: Iron Valiant|55\/100\n|-heal|p1b: Cresselia|84\/100 brn\n|-curestatus|p1b: Cresselia|brn|[msg]\n|move|p2b: Heatran|Heat Wave|p1a: Iron Valiant|[spread] p1a,p1b\n|-damage|p1a: Iron Valiant|40\/100\n|-damage|p1b: Cresselia|75\/100\n|\n|upkeep\n|turn|5\n|\n|t:|1699201373\n|switch|p2b: Chien-Pao|Chien-Pao|100\/100\n|-ability|p2b: Chien-Pao|Sword of Ruin\n|move|p1a: Iron Valiant|Spirit Break|p2a: Ogerpon\n|-damage|p2a: Ogerpon|52\/100\n|-unboost|p2a: Ogerpon|spa|1\n|move|p2a: Ogerpon|Ivy Cudgel|p1a: Iron Valiant\n|-crit|p1a: Iron Valiant\n|-damage|p1a: Iron Valiant|0 fnt\n|faint|p1a: Iron Valiant\n|-end|p1a: Iron Valiant|Quark Drive|[silent]\n|move|p1b: Cresselia|Lunar Blessing|p1b: Cresselia\n|-heal|p1b: Cresselia|99\/100\n|\n|upkeep\n|\n|t:|1699201382\n|switch|p1a: Iron Hands|Iron Hands|100\/100\n|turn|6\n|\n|t:|1699201401\n|-terastallize|p2b: Chien-Pao|Ghost\n|move|p2a: Ogerpon|Spiky Shield|p2a: Ogerpon\n|-singleturn|p2a: Ogerpon|move: Protect\n|move|p2b: Chien-Pao|Brick Break|p1a: Iron Hands\n|-sideend|p1: God_of_STANK!|Reflect\n|-sideend|p1: God_of_STANK!|move: Light Screen\n|-damage|p1a: Iron Hands|80\/100\n|move|p1a: Iron Hands|Belly Drum|p1a: Iron Hands\n|-damage|p1a: Iron Hands|30\/100\n|-setboost|p1a: Iron Hands|atk|6|[from] move: Belly Drum\n|-enditem|p1a: Iron Hands|Sitrus Berry|[eat]\n|-heal|p1a: Iron Hands|55\/100|[from] item: Sitrus Berry\n|move|p1b: Cresselia|Trick Room|p1b: Cresselia\n|-fieldstart|move: Trick Room|[of] p1b: Cresselia\n|\n|upkeep\n|turn|7\n|\n|t:|1699201427\n|move|p1b: Cresselia|Ally Switch|p1b: Cresselia\n|swap|p1b: Cresselia|0|[from] move: Ally Switch\n|move|p1b: Iron Hands|Drain Punch|p2a: Ogerpon\n|-damage|p2a: Ogerpon|0 fnt\n|-heal|p1b: Iron Hands|75\/100|[from] drain|[of] p2a: Ogerpon\n|faint|p2a: Ogerpon\n|move|p2b: Chien-Pao|Ice Spinner|p1a: Cresselia\n|-damage|p1a: Cresselia|64\/100\n|\n|upkeep\n|\n|t:|1699201437\n|switch|p2a: Tornadus|Tornadus, M|100\/100\n|turn|8\n|\n|t:|1699201443\n|move|p2a: Tornadus|Taunt|p1a: Cresselia\n|-start|p1a: Cresselia|move: Taunt\n|-enditem|p1a: Cresselia|Mental Herb\n|-end|p1a: Cresselia|move: Taunt\n|move|p1b: Iron Hands|Iron Head|p2b: Chien-Pao\n|-enditem|p2b: Chien-Pao|Focus Sash\n|-damage|p2b: Chien-Pao|1\/100\n|move|p1a: Cresselia|Lunar Blessing|p1a: Cresselia|[spread] p1a,p1b\n|-heal|p1a: Cresselia|89\/100\n|-heal|p1b: Iron Hands|99\/100\n|cant|p2b: Chien-Pao|flinch\n|\n|upkeep\n|turn|9\n|\n|t:|1699201464\n|move|p1a: Cresselia|Ally Switch|p1a: Cresselia\n|swap|p1a: Cresselia|1|[from] move: Ally Switch\n|move|p2a: Tornadus|Taunt|p1a: Iron Hands\n|-start|p1a: Iron Hands|move: Taunt\n|move|p2b: Chien-Pao|Ice Shard|p1b: Cresselia\n|-damage|p1b: Cresselia|73\/100\n|move|p1a: Iron Hands|Iron Head|p2a: Tornadus\n|-damage|p2a: Tornadus|0 fnt\n|-damage|p1a: Iron Hands|83\/100|[from] item: Rocky Helmet|[of] p2a: Tornadus\n|faint|p2a: Tornadus\n|\n|upkeep\n|\n|t:|1699201479\n|switch|p2a: Heatran|Heatran, F|93\/100\n|turn|10\n|\n|t:|1699201488\n|move|p2a: Heatran|Protect|p2a: Heatran\n|-singleturn|p2a: Heatran|Protect\n|move|p1a: Iron Hands|Drain Punch|p2a: Heatran\n|-activate|p2a: Heatran|move: Protect\n|move|p1b: Cresselia|Lunar Blessing|p1b: Cresselia|[spread] p1a,p1b\n|-heal|p1a: Iron Hands|100\/100\n|-heal|p1b: Cresselia|98\/100\n|move|p2b: Chien-Pao|Ice Spinner|p1b: Cresselia\n|-damage|p1b: Cresselia|65\/100\n|\n|-fieldend|move: Trick Room\n|upkeep\n|turn|11\n|\n|t:|1699201507\n|move|p1b: Cresselia|Ally Switch|p1b: Cresselia\n|swap|p1b: Cresselia|0|[from] move: Ally Switch\n|move|p2b: Chien-Pao|Ice Spinner|p1a: Cresselia\n|-damage|p1a: Cresselia|30\/100\n|move|p2a: Heatran|Earth Power|p1a: Cresselia\n|-immune|p1a: Cresselia|[from] ability: Levitate\n|move|p1b: Iron Hands|Drain Punch|p2a: Heatran\n|-supereffective|p2a: Heatran\n|-damage|p2a: Heatran|0 fnt\n|faint|p2a: Heatran\n|\n|-end|p1b: Iron Hands|move: Taunt\n|upkeep\n|\n|t:|1699201522\n|switch|p2a: Flutter Mane|Flutter Mane|32\/100\n|turn|12\n|\n|t:|1699201533\n|move|p1b: Iron Hands|Protect|p1b: Iron Hands\n|-singleturn|p1b: Iron Hands|Protect\n|move|p2b: Chien-Pao|Ice Spinner|p1a: Cresselia\n|-crit|p1a: Cresselia\n|-damage|p1a: Cresselia|0 fnt\n|faint|p1a: Cresselia\n|move|p2a: Flutter Mane|Dazzling Gleam|p1b: Iron Hands\n|-activate|p1b: Iron Hands|move: Protect\n|\n|upkeep\n|\n|t:|1699201538\n|switch|p1a: Tornadus|Tornadus, M|100\/100\n|turn|13\n|l|\u2606VioletStargazer\n|inactive|VioletStargazer disconnected and has a minute to reconnect!\n|player|p2|\n|\n|t:|1699201559\n|-terastallize|p1b: Iron Hands|Grass\n|move|p1a: Tornadus|Tailwind|p1a: Tornadus\n|-sidestart|p1: God_of_STANK!|move: Tailwind\n|move|p2b: Chien-Pao|Ice Spinner|p1a: Tornadus\n|-supereffective|p1a: Tornadus\n|-damage|p1a: Tornadus|0 fnt\n|faint|p1a: Tornadus\n|move|p2a: Flutter Mane|Dazzling Gleam|p1b: Iron Hands\n|-damage|p1b: Iron Hands|52\/100\n|move|p1b: Iron Hands|Iron Head|p2a: Flutter Mane\n|-supereffective|p2a: Flutter Mane\n|-damage|p2a: Flutter Mane|0 fnt\n|faint|p2a: Flutter Mane\n|-end|p2a: Flutter Mane|Protosynthesis|[silent]\n|\n|upkeep\n|inactive|VioletStargazer has 30 seconds to reconnect!\n|inactive|VioletStargazer has 20 seconds to reconnect!\n|inactive|VioletStargazer has 15 seconds to reconnect!\n|inactive|VioletStargazer has 10 seconds to reconnect!\n|inactive|VioletStargazer has 5 seconds to reconnect!\n|-message|VioletStargazer lost due to inactivity.\n|\n|win|God_of_STANK!\n|raw|God_of_STANK!'s rating: 1426 &rarr; <strong>1446<\/strong><br \/>(+20 for winning)\n|raw|VioletStargazer's rating: 1426 &rarr; <strong>1406<\/strong><br \/>(-20 for losing)\n","uploadtime":1699201623,"views":7,"p1id":"godofstank","p2id":"violetstargazer","formatid":"gen9doublesou","rating":1406,"private":0,"password":""}