{"id":"gen9doublesou-1968484559","p1":"squallo","p2":"ChowDonThis","format":"[Gen 9] Doubles OU","log":"|j|\u2606squallo\n|j|\u2606ChowDonThis\n|t:|1697423601\n|gametype|doubles\n|player|p1|squallo|bugcatcher-gen4dp|1280\n|player|p2|ChowDonThis|hilda|1382\n|teamsize|p1|6\n|teamsize|p2|6\n|gen|9\n|tier|[Gen 9] Doubles OU\n|rated|\n|rule|Species Clause: Limit one of each Pok\u00e9mon\n|rule|OHKO Clause: OHKO moves are banned\n|rule|Evasion Moves Clause: Evasion moves are banned\n|rule|Gravity Sleep Clause: The combination of sleep-inducing moves with imperfect accuracy and Gravity or Gigantamax Orbeetle are banned\n|rule|Endless Battle Clause: Forcing endless battles is banned\n|rule|HP Percentage Mod: HP is shown in percentages\n|clearpoke\n|poke|p1|Sableye, M|\n|poke|p1|Milotic, F|\n|poke|p1|Garchomp, M|\n|poke|p1|Espeon, F|\n|poke|p1|Tyranitar, M|\n|poke|p1|Moltres|\n|poke|p2|Ogerpon-Hearthflame, F|\n|poke|p2|Arcanine-Hisui, M|\n|poke|p2|Manaphy|\n|poke|p2|Pelipper, F|\n|poke|p2|Sinistcha|\n|poke|p2|Iron Bundle|\n|teampreview\n|inactive|Battle timer is ON: inactive players will automatically lose when time's up. (requested by squallo)\n|c|\u2606squallo|Im gonna matarte\n|n|\u203dsquallo|squallo\n|c|&|\/log squallo was locked from talking by Artemis. (\u2606squallo: Im gonna matarte)\n|c|&|\/raw <small>This action was done automatically. Want to learn more about the AI? <a href=\"https:\/\/www.smogon.com\/forums\/threads\/3570628\/#post-9056769\">Visit the information thread<\/a>.<\/small>\n|\n|t:|1697423634\n|start\n|switch|p1a: Moltres|Moltres|100\/100\n|switch|p1b: Sableye|Sableye, M, shiny|100\/100\n|switch|p2a: Manaphy|Manaphy|100\/100\n|switch|p2b: Pelipper|Pelipper, F|100\/100\n|-weather|RainDance|[from] ability: Drizzle|[of] p2b: Pelipper\n|turn|1\n|\n|t:|1697423647\n|switch|p1a: Tyranitar|Tyranitar, M, shiny|100\/100\n|-weather|Sandstorm|[from] ability: Sand Stream|[of] p1a: Tyranitar\n|move|p1b: Sableye|Taunt|p2a: Manaphy\n|-start|p2a: Manaphy|move: Taunt\n|-enditem|p2a: Manaphy|Mental Herb\n|-end|p2a: Manaphy|move: Taunt\n|move|p2a: Manaphy|Tail Glow|p2a: Manaphy\n|-boost|p2a: Manaphy|spa|3\n|move|p2b: Pelipper|Tailwind|p2b: Pelipper\n|-sidestart|p2: ChowDonThis|move: Tailwind\n|\n|-weather|Sandstorm|[upkeep]\n|-damage|p2a: Manaphy|94\/100|[from] Sandstorm\n|-damage|p2b: Pelipper|94\/100|[from] Sandstorm\n|-damage|p1b: Sableye|95\/100|[from] Sandstorm\n|upkeep\n|turn|2\n|\n|t:|1697423663\n|-terastallize|p2a: Manaphy|Fairy\n|move|p1b: Sableye|Light Screen|p1b: Sableye\n|-sidestart|p1: squallo|move: Light Screen\n|move|p2a: Manaphy|Dazzling Gleam|p1a: Tyranitar|[spread] p1a,p1b\n|-supereffective|p1a: Tyranitar\n|-supereffective|p1b: Sableye\n|-damage|p1a: Tyranitar|39\/100\n|-damage|p1b: Sableye|0 fnt\n|faint|p1b: Sableye\n|move|p2b: Pelipper|Hydro Pump|p1a: Tyranitar\n|-supereffective|p1a: Tyranitar\n|-damage|p1a: Tyranitar|0 fnt\n|faint|p1a: Tyranitar\n|\n|-weather|Sandstorm|[upkeep]\n|-damage|p2a: Manaphy|88\/100|[from] Sandstorm\n|-damage|p2b: Pelipper|88\/100|[from] Sandstorm\n|upkeep\n|\n|t:|1697423679\n|switch|p1a: Milotic|Milotic, F, shiny|100\/100\n|switch|p1b: Espeon|Espeon, F|100\/100\n|turn|3\n|\n|t:|1697423686\n|switch|p2b: Sinistcha|Sinistcha|100\/100\n|-heal|p2a: Manaphy|100\/100|[from] ability: Hospitality|[of] p2b: Sinistcha\n|move|p2a: Manaphy|Dazzling Gleam|p1a: Milotic|[spread] p1a,p1b\n|-damage|p1a: Milotic|69\/100\n|-damage|p1b: Espeon|40\/100\n|move|p1b: Espeon|Calm Mind|p1b: Espeon\n|-boost|p1b: Espeon|spa|1\n|-boost|p1b: Espeon|spd|1\n|move|p1a: Milotic|Haze|p1a: Milotic\n|-clearallboost\n|\n|-weather|Sandstorm|[upkeep]\n|-damage|p2a: Manaphy|94\/100|[from] Sandstorm\n|-damage|p1b: Espeon|34\/100|[from] Sandstorm\n|-damage|p2b: Sinistcha|94\/100|[from] Sandstorm\n|-damage|p1a: Milotic|62\/100|[from] Sandstorm\n|-heal|p1a: Milotic|69\/100|[from] item: Leftovers\n|upkeep\n|turn|4\n|\n|t:|1697423710\n|-terastallize|p1b: Espeon|Fairy\n|move|p2a: Manaphy|Dazzling Gleam|p1a: Milotic|[spread] p1a,p1b\n|-damage|p1a: Milotic|54\/100\n|-damage|p1b: Espeon|10\/100\n|-enditem|p1b: Espeon|Iapapa Berry|[eat]\n|-heal|p1b: Espeon|43\/100|[from] item: Iapapa Berry\n|move|p1b: Espeon|Calm Mind|p1b: Espeon\n|-boost|p1b: Espeon|spa|1\n|-boost|p1b: Espeon|spd|1\n|move|p2b: Sinistcha|Matcha Gotcha|p1b: Espeon|[spread] p1a,p1b\n|-supereffective|p1a: Milotic\n|-damage|p1a: Milotic|31\/100\n|-heal|p2b: Sinistcha|100\/100|[from] drain|[of] p1a: Milotic\n|-damage|p1b: Espeon|30\/100\n|-status|p1b: Espeon|brn\n|move|p1a: Milotic|Life Dew|p1a: Milotic|[spread] p1a,p1b\n|-heal|p1a: Milotic|56\/100\n|-heal|p1b: Espeon|55\/100 brn\n|\n|-weather|Sandstorm|[upkeep]\n|-damage|p2a: Manaphy|88\/100|[from] Sandstorm\n|-damage|p1b: Espeon|49\/100 brn|[from] Sandstorm\n|-damage|p2b: Sinistcha|94\/100|[from] Sandstorm\n|-damage|p1a: Milotic|50\/100|[from] Sandstorm\n|-heal|p1a: Milotic|56\/100|[from] item: Leftovers\n|-damage|p1b: Espeon|43\/100 brn|[from] brn\n|-sideend|p2: ChowDonThis|move: Tailwind\n|upkeep\n|turn|5\n|\n|t:|1697423727\n|move|p1b: Espeon|Calm Mind|p1b: Espeon\n|-boost|p1b: Espeon|spa|1\n|-boost|p1b: Espeon|spd|1\n|move|p2a: Manaphy|Tail Glow|p2a: Manaphy\n|-boost|p2a: Manaphy|spa|3\n|move|p1a: Milotic|Life Dew|p1a: Milotic|[spread] p1a,p1b\n|-heal|p1a: Milotic|81\/100\n|-heal|p1b: Espeon|68\/100 brn\n|move|p2b: Sinistcha|Matcha Gotcha|p1a: Milotic|[spread] p1a,p1b\n|-supereffective|p1a: Milotic\n|-damage|p1a: Milotic|57\/100\n|-heal|p2b: Sinistcha|100\/100|[from] drain|[of] p1a: Milotic\n|-damage|p1b: Espeon|58\/100 brn\n|\n|-weather|none\n|-heal|p1a: Milotic|63\/100|[from] item: Leftovers\n|-damage|p1b: Espeon|53\/100 brn|[from] brn\n|upkeep\n|turn|6\n|\n|t:|1697423748\n|switch|p2b: Pelipper|Pelipper, F|88\/100\n|-weather|RainDance|[from] ability: Drizzle|[of] p2b: Pelipper\n|move|p1b: Espeon|Calm Mind|p1b: Espeon\n|-boost|p1b: Espeon|spa|1\n|-boost|p1b: Espeon|spd|1\n|move|p2a: Manaphy|Surf|p1b: Espeon|[spread] p2b,p1a,p1b\n|-resisted|p2b: Pelipper\n|-resisted|p1a: Milotic\n|-damage|p2b: Pelipper|0 fnt\n|-damage|p1a: Milotic|35\/100\n|-damage|p1b: Espeon|11\/100 brn\n|faint|p2b: Pelipper\n|move|p1a: Milotic|Haze|p1a: Milotic\n|-clearallboost\n|\n|-weather|RainDance|[upkeep]\n|-heal|p1a: Milotic|41\/100|[from] item: Leftovers\n|-damage|p1b: Espeon|5\/100 brn|[from] brn\n|upkeep\n|\n|t:|1697423752\n|switch|p2b: Robot Santa|Iron Bundle|100\/100\n|turn|7\n|\n|t:|1697423763\n|move|p2b: Robot Santa|Freeze-Dry|p1a: Milotic\n|-supereffective|p1a: Milotic\n|-damage|p1a: Milotic|0 fnt\n|faint|p1a: Milotic\n|-damage|p2b: Robot Santa|91\/100|[from] item: Life Orb\n|move|p1b: Espeon|Calm Mind|p1b: Espeon\n|-boost|p1b: Espeon|spa|1\n|-boost|p1b: Espeon|spd|1\n|move|p2a: Manaphy|Dazzling Gleam|p1b: Espeon\n|-damage|p1b: Espeon|0 fnt\n|faint|p1b: Espeon\n|\n|-weather|RainDance|[upkeep]\n|upkeep\n|-message|squallo forfeited.\n|\n|win|ChowDonThis\n|raw|squallo's rating: 1280 &rarr; <strong>1262<\/strong><br \/>(-18 for losing)\n|raw|ChowDonThis's rating: 1382 &rarr; <strong>1396<\/strong><br \/>(+14 for winning)\n","uploadtime":1697423622,"views":7,"p1id":"squallo","p2id":"chowdonthis","formatid":"gen9doublesou","rating":1262,"private":0,"password":""}