{"id":"gen9doublesou-1984971991","p1":"YagoPose","p2":"SuperAndroid99","format":"[Gen 9] Doubles OU","log":"|j|\u2606YagoPose\n|j|\u2606SuperAndroid99\n|t:|1699316266\n|gametype|doubles\n|player|p1|YagoPose|170|1243\n|player|p2|SuperAndroid99|169|1211\n|teamsize|p1|6\n|teamsize|p2|6\n|gen|9\n|tier|[Gen 9] Doubles OU\n|rated|\n|rule|Species Clause: Limit one of each Pok\u00e9mon\n|rule|OHKO Clause: OHKO moves are banned\n|rule|Evasion Moves Clause: Evasion moves are banned\n|rule|Gravity Sleep Clause: The combination of sleep-inducing moves with imperfect accuracy and Gravity or Gigantamax Orbeetle are banned\n|rule|Endless Battle Clause: Forcing endless battles is banned\n|rule|HP Percentage Mod: HP is shown in percentages\n|clearpoke\n|poke|p1|Gliscor, F|\n|poke|p1|Gastrodon-East, M|\n|poke|p1|Cresselia, F|\n|poke|p1|Amoonguss, F|\n|poke|p1|Indeedee-F, F|\n|poke|p1|Ursaluna, M|\n|poke|p2|Bronzong|\n|poke|p2|Iron Hands|\n|poke|p2|Kingambit, F|\n|poke|p2|Skeledirge, F|\n|poke|p2|Flutter Mane|\n|poke|p2|Samurott-Hisui, F|\n|teampreview\n|inactive|Battle timer is ON: inactive players will automatically lose when time's up. (requested by YagoPose)\n|\n|t:|1699316297\n|start\n|switch|p1a: Gliscor|Gliscor, F|100\/100\n|switch|p1b: Amoonguss|Amoonguss, F|100\/100\n|switch|p2a: Samurott|Samurott-Hisui, F|100\/100\n|switch|p2b: Bronzong|Bronzong, shiny|100\/100\n|turn|1\n|\n|t:|1699316327\n|move|p2a: Samurott|Taunt|p1b: Amoonguss\n|-start|p1b: Amoonguss|move: Taunt\n|move|p1a: Gliscor|X-Scissor|p2a: Samurott\n|-supereffective|p2a: Samurott\n|-damage|p2a: Samurott|38\/100\n|cant|p1b: Amoonguss|move: Taunt|Spore\n|move|p2b: Bronzong|Trick Room|p2b: Bronzong\n|-fieldstart|move: Trick Room|[of] p2b: Bronzong\n|\n|-status|p1a: Gliscor|tox|[from] item: Toxic Orb\n|upkeep\n|turn|2\n|\n|t:|1699316351\n|move|p2b: Bronzong|Heavy Slam|p1a: Gliscor\n|-damage|p1a: Gliscor|74\/100 tox\n|move|p1b: Amoonguss|Foul Play|p2b: Bronzong\n|-supereffective|p2b: Bronzong\n|-crit|p2b: Bronzong\n|-damage|p2b: Bronzong|57\/100\n|move|p1a: Gliscor|X-Scissor|p2a: Samurott\n|-supereffective|p2a: Samurott\n|-damage|p2a: Samurott|0 fnt\n|faint|p2a: Samurott\n|\n|-heal|p1a: Gliscor|87\/100 tox|[from] ability: Poison Heal\n|upkeep\n|inactive|SuperAndroid99 has 120 seconds left.\n|\n|t:|1699316395\n|switch|p2a: Skeledirge|Skeledirge, F, shiny|100\/100\n|turn|3\n|\n|t:|1699316413\n|switch|p2b: Iron Hands|Iron Hands|100\/100\n|move|p1b: Amoonguss|Foul Play|p2a: Skeledirge\n|-supereffective|p2a: Skeledirge\n|-damage|p2a: Skeledirge|75\/100\n|move|p2a: Skeledirge|Torch Song|p1b: Amoonguss\n|-supereffective|p1b: Amoonguss\n|-damage|p1b: Amoonguss|50\/100\n|-boost|p2a: Skeledirge|spa|1\n|move|p1a: Gliscor|Bulldoze|p2a: Skeledirge|[spread] p1b,p2a,p2b\n|-supereffective|p2a: Skeledirge\n|-supereffective|p2b: Iron Hands\n|-damage|p1b: Amoonguss|34\/100\n|-damage|p2a: Skeledirge|43\/100\n|-damage|p2b: Iron Hands|73\/100\n|-unboost|p1b: Amoonguss|spe|1\n|-unboost|p2a: Skeledirge|spe|1\n|-unboost|p2b: Iron Hands|spe|1\n|\n|-heal|p1b: Amoonguss|40\/100|[from] item: Leftovers\n|-heal|p2a: Skeledirge|49\/100|[from] item: Leftovers\n|-heal|p1a: Gliscor|99\/100 tox|[from] ability: Poison Heal\n|-end|p1b: Amoonguss|move: Taunt\n|upkeep\n|turn|4\n|inactive|SuperAndroid99 has 120 seconds left.\n|\n|t:|1699316442\n|move|p2b: Iron Hands|Fake Out|p1a: Gliscor\n|-damage|p1a: Gliscor|87\/100 tox\n|move|p1b: Amoonguss|Spore|p2a: Skeledirge\n|-status|p2a: Skeledirge|slp|[from] move: Spore\n|cant|p2a: Skeledirge|slp\n|cant|p1a: Gliscor|flinch\n|\n|-heal|p1b: Amoonguss|46\/100|[from] item: Leftovers\n|-heal|p2a: Skeledirge|55\/100 slp|[from] item: Leftovers\n|-heal|p1a: Gliscor|99\/100 tox|[from] ability: Poison Heal\n|upkeep\n|turn|5\n|inactive|SuperAndroid99 has 120 seconds left.\n|\n|t:|1699316458\n|move|p1b: Amoonguss|Spore|p2b: Iron Hands\n|-status|p2b: Iron Hands|slp|[from] move: Spore\n|cant|p2b: Iron Hands|slp\n|cant|p2a: Skeledirge|slp\n|move|p1a: Gliscor|Psychic Fangs|p2b: Iron Hands\n|-supereffective|p2b: Iron Hands\n|-damage|p2b: Iron Hands|42\/100 slp\n|\n|-heal|p1b: Amoonguss|52\/100|[from] item: Leftovers\n|-heal|p2a: Skeledirge|61\/100 slp|[from] item: Leftovers\n|-heal|p1a: Gliscor|100\/100 tox|[from] ability: Poison Heal\n|-fieldend|move: Trick Room\n|upkeep\n|turn|6\n|\n|t:|1699316487\n|-terastallize|p1a: Gliscor|Normal\n|move|p1a: Gliscor|Facade|p2b: Iron Hands\n|-damage|p2b: Iron Hands|3\/100 slp\n|cant|p2a: Skeledirge|slp\n|-curestatus|p2b: Iron Hands|slp|[msg]\n|move|p2b: Iron Hands|Drain Punch|p1b: Amoonguss\n|-resisted|p1b: Amoonguss\n|-damage|p1b: Amoonguss|34\/100\n|-heal|p2b: Iron Hands|11\/100|[from] drain|[of] p1b: Amoonguss\n|move|p1b: Amoonguss|Foul Play|p2a: Skeledirge\n|-supereffective|p2a: Skeledirge\n|-damage|p2a: Skeledirge|38\/100 slp\n|\n|-heal|p2a: Skeledirge|44\/100 slp|[from] item: Leftovers\n|-heal|p1b: Amoonguss|41\/100|[from] item: Leftovers\n|upkeep\n|turn|7\n|\n|t:|1699316514\n|-end|p2b: Iron Hands|Quark Drive|[silent]\n|switch|p2b: Bronzong|Bronzong, shiny|57\/100\n|move|p1a: Gliscor|Bulldoze|p2b: Bronzong|[spread] p1b,p2a\n|-immune|p2b: Bronzong|[from] ability: Levitate\n|-supereffective|p2a: Skeledirge\n|-damage|p1b: Amoonguss|25\/100\n|-damage|p2a: Skeledirge|11\/100 slp\n|-unboost|p1b: Amoonguss|spe|1\n|-unboost|p2a: Skeledirge|spe|1\n|-curestatus|p2a: Skeledirge|slp|[msg]\n|move|p2a: Skeledirge|Torch Song|p1b: Amoonguss\n|-supereffective|p1b: Amoonguss\n|-crit|p1b: Amoonguss\n|-damage|p1b: Amoonguss|0 fnt\n|-boost|p2a: Skeledirge|spa|1\n|faint|p1b: Amoonguss\n|\n|-heal|p2a: Skeledirge|17\/100|[from] item: Leftovers\n|upkeep\n|inactive|YagoPose has 120 seconds left.\n|\n|t:|1699316543\n|switch|p1b: Indeedee|Indeedee-F, F|100\/100\n|-fieldstart|move: Psychic Terrain|[from] ability: Psychic Surge|[of] p1b: Indeedee\n|turn|8\n|\n|t:|1699316563\n|move|p1a: Gliscor|Facade|p2b: Bronzong\n|-resisted|p2b: Bronzong\n|-damage|p2b: Bronzong|35\/100\n|move|p1b: Indeedee|Calm Mind|p1b: Indeedee\n|-boost|p1b: Indeedee|spa|1\n|-boost|p1b: Indeedee|spd|1\n|move|p2a: Skeledirge|Slack Off|p2a: Skeledirge\n|-heal|p2a: Skeledirge|67\/100\n|move|p2b: Bronzong|Trick Room|p2b: Bronzong\n|-fieldstart|move: Trick Room|[of] p2b: Bronzong\n|\n|-heal|p2a: Skeledirge|73\/100|[from] item: Leftovers\n|upkeep\n|turn|9\n|inactive|SuperAndroid99 has 120 seconds left.\n|\n|t:|1699316618\n|move|p2a: Skeledirge|Torch Song|p1b: Indeedee\n|-damage|p1b: Indeedee|43\/100\n|-boost|p2a: Skeledirge|spa|1\n|move|p2b: Bronzong|Heavy Slam|p1b: Indeedee\n|-damage|p1b: Indeedee|0 fnt\n|faint|p1b: Indeedee\n|move|p1a: Gliscor|Facade|p2b: Bronzong\n|-resisted|p2b: Bronzong\n|-damage|p2b: Bronzong|14\/100\n|\n|-heal|p2a: Skeledirge|79\/100|[from] item: Leftovers\n|upkeep\n|inactive|YagoPose has 120 seconds left.\n|\n|t:|1699316635\n|switch|p1b: Gastrodon|Gastrodon-East, M|100\/100\n|turn|10\n|inactive|SuperAndroid99 has 120 seconds left.\n|\n|t:|1699316650\n|move|p2a: Skeledirge|Will-O-Wisp|p1b: Gastrodon|[miss]\n|-miss|p2a: Skeledirge|p1b: Gastrodon\n|move|p2b: Bronzong|Body Press|p1a: Gliscor\n|-supereffective|p1a: Gliscor\n|-damage|p1a: Gliscor|61\/100 tox\n|move|p1b: Gastrodon|Earth Power|p2a: Skeledirge\n|-supereffective|p2a: Skeledirge\n|-damage|p2a: Skeledirge|20\/100\n|move|p1a: Gliscor|Facade|p2b: Bronzong\n|-resisted|p2b: Bronzong\n|-damage|p2b: Bronzong|0 fnt\n|faint|p2b: Bronzong\n|\n|-heal|p2a: Skeledirge|26\/100|[from] item: Leftovers\n|-heal|p1a: Gliscor|74\/100 tox|[from] ability: Poison Heal\n|upkeep\n|\n|t:|1699316677\n|switch|p2b: Iron Hands|Iron Hands|11\/100\n|turn|11\n|\n|t:|1699316704\n|move|p2a: Skeledirge|Torch Song|p1a: Gliscor\n|-damage|p1a: Gliscor|0 fnt\n|-boost|p2a: Skeledirge|spa|1\n|faint|p1a: Gliscor\n|move|p2b: Iron Hands|Drain Punch|p1b: Gastrodon\n|-damage|p1b: Gastrodon|39\/100\n|-heal|p2b: Iron Hands|33\/100|[from] drain|[of] p1b: Gastrodon\n|move|p1b: Gastrodon|Surf|p2b: Iron Hands|[spread] p2a,p2b\n|-supereffective|p2a: Skeledirge\n|-damage|p2a: Skeledirge|0 fnt\n|-damage|p2b: Iron Hands|14\/100\n|faint|p2a: Skeledirge\n|\n|-heal|p1b: Gastrodon|45\/100|[from] item: Leftovers\n|upkeep\n|\n|t:|1699316727\n|switch|p2a: Kingambit|Kingambit, F, shiny|100\/100\n|switch|p1a: Ursaluna|Ursaluna, M|100\/100\n|-activate|p2a: Kingambit|ability: Supreme Overlord\n|-start|p2a: Kingambit|fallen3|[silent]\n|turn|12\n|inactive|SuperAndroid99 has 120 seconds left.\n|\n|t:|1699316748\n|move|p2a: Kingambit|Kowtow Cleave|p1b: Gastrodon\n|-damage|p1b: Gastrodon|0 fnt\n|faint|p1b: Gastrodon\n|-damage|p2a: Kingambit|91\/100|[from] item: Life Orb\n|move|p2b: Iron Hands|Drain Punch|p1a: Ursaluna\n|-supereffective|p1a: Ursaluna\n|-damage|p1a: Ursaluna|42\/100\n|-heal|p2b: Iron Hands|37\/100|[from] drain|[of] p1a: Ursaluna\n|move|p1a: Ursaluna|Drain Punch|p2a: Kingambit\n|-supereffective|p2a: Kingambit\n|-damage|p2a: Kingambit|1\/100\n|-heal|p1a: Ursaluna|87\/100|[from] drain|[of] p2a: Kingambit\n|\n|-fieldend|move: Trick Room\n|-fieldend|move: Psychic Terrain\n|-status|p1a: Ursaluna|brn|[from] item: Flame Orb\n|upkeep\n|\n|t:|1699316763\n|switch|p1b: Cresselia|Cresselia, F|100\/100\n|turn|13\n|\n|t:|1699316776\n|move|p1a: Ursaluna|Bulldoze|p2b: Iron Hands|[spread] p2a,p2b\n|-immune|p1b: Cresselia|[from] ability: Levitate\n|-supereffective|p2a: Kingambit\n|-supereffective|p2b: Iron Hands\n|-damage|p2a: Kingambit|0 fnt\n|-damage|p2b: Iron Hands|0 fnt\n|faint|p2a: Kingambit\n|-end|p2a: Kingambit|fallen3|[silent]\n|faint|p2b: Iron Hands\n|-end|p2b: Iron Hands|Quark Drive|[silent]\n|move|p1b: Cresselia|Trick Room|p1b: Cresselia\n|-fieldstart|move: Trick Room|[of] p1b: Cresselia\n|\n|-damage|p1a: Ursaluna|80\/100 brn|[from] brn\n|upkeep\n|\n|t:|1699316790\n|switch|p2a: Flutter Mane|Flutter Mane|100\/100\n|turn|14\n|\n|t:|1699316808\n|-terastallize|p2a: Flutter Mane|Fairy\n|move|p1a: Ursaluna|Bulldoze|p2a: Flutter Mane|[spread] p2a\n|-immune|p1b: Cresselia|[from] ability: Levitate\n|-damage|p2a: Flutter Mane|43\/100\n|-unboost|p2a: Flutter Mane|spe|1\n|move|p1b: Cresselia|Psychic|p2a: Flutter Mane\n|-crit|p2a: Flutter Mane\n|-damage|p2a: Flutter Mane|10\/100\n|move|p2a: Flutter Mane|Dazzling Gleam|p1b: Cresselia|[spread] p1a,p1b\n|-damage|p1a: Ursaluna|27\/100 brn\n|-damage|p1b: Cresselia|67\/100\n|\n|-heal|p1b: Cresselia|73\/100|[from] item: Leftovers\n|-damage|p1a: Ursaluna|21\/100 brn|[from] brn\n|upkeep\n|turn|15\n|\n|t:|1699316826\n|move|p1a: Ursaluna|Bulldoze|p2a: Flutter Mane|[spread] p2a\n|-immune|p1b: Cresselia|[from] ability: Levitate\n|-damage|p2a: Flutter Mane|0 fnt\n|faint|p2a: Flutter Mane\n|-end|p2a: Flutter Mane|Protosynthesis|[silent]\n|\n|win|YagoPose\n|raw|YagoPose's rating: 1243 &rarr; <strong>1266<\/strong><br \/>(+23 for winning)\n|raw|SuperAndroid99's rating: 1211 &rarr; <strong>1188<\/strong><br \/>(-23 for losing)\n","uploadtime":1699316834,"views":8,"p1id":"yagopose","p2id":"superandroid99","formatid":"gen9doublesou","rating":1188,"private":0,"password":""}