{"id":"gen9doublesou-1987664223","p1":"alimo","p2":"Hokusaid","format":"[Gen 9] Doubles OU","log":"|j|\u2606alimo\n|j|\u2606Hokusaid\n|t:|1699625453\n|gametype|doubles\n|player|p1|alimo|preschooler|1340\n|player|p2|Hokusaid|ghetsis-gen5bw|1316\n|teamsize|p1|6\n|teamsize|p2|6\n|gen|9\n|tier|[Gen 9] Doubles OU\n|rated|\n|rule|Species Clause: Limit one of each Pok\u00e9mon\n|rule|OHKO Clause: OHKO moves are banned\n|rule|Evasion Moves Clause: Evasion moves are banned\n|rule|Gravity Sleep Clause: The combination of sleep-inducing moves with imperfect accuracy and Gravity or Gigantamax Orbeetle are banned\n|rule|Endless Battle Clause: Forcing endless battles is banned\n|rule|HP Percentage Mod: HP is shown in percentages\n|clearpoke\n|poke|p1|Zoroark-Hisui, M|\n|poke|p1|Pelipper, M|\n|poke|p1|Thundurus-Therian, M|\n|poke|p1|Fezandipiti, M|\n|poke|p1|Ogerpon-Wellspring, F|\n|poke|p1|Ditto|\n|poke|p2|Mudsdale, F|\n|poke|p2|Tornadus, M|\n|poke|p2|Lilligant-Hisui, F|\n|poke|p2|Torkoal, F|\n|poke|p2|Roaring Moon|\n|poke|p2|Iron Bundle|\n|teampreview\n|\n|t:|1699625470\n|start\n|switch|p1a: Ogerpon|Ogerpon-Wellspring, F|100\/100\n|switch|p1b: Fezandipiti|Fezandipiti, M|100\/100\n|switch|p2a: Lilligant|Lilligant-Hisui, F|100\/100\n|switch|p2b: Torkoal|Torkoal, F|100\/100\n|-weather|SunnyDay|[from] ability: Drought|[of] p2b: Torkoal\n|turn|1\n|inactive|Battle timer is ON: inactive players will automatically lose when time's up. (requested by alimo)\n|\n|t:|1699625508\n|switch|p1b: Pelipper|Pelipper, M|100\/100\n|-weather|RainDance|[from] ability: Drizzle|[of] p1b: Pelipper\n|switch|p2b: Tornadus|Tornadus, M|100\/100\n|-terastallize|p2a: Lilligant|Electric\n|move|p1a: Ogerpon|Ivy Cudgel|p2b: Tornadus\n|-damage|p2b: Tornadus|17\/100\n|move|p2a: Lilligant|Tera Blast|p1a: Ogerpon|[anim] Tera Blast Electric\n|-damage|p1a: Ogerpon|46\/100\n|\n|-weather|RainDance|[upkeep]\n|upkeep\n|turn|2\n|inactive|Hokusaid has 120 seconds left.\n|\n|t:|1699625540\n|switch|p2b: Torkoal|Torkoal, F|100\/100\n|-weather|SunnyDay|[from] ability: Drought|[of] p2b: Torkoal\n|switch|p1b: Ditto|Ditto|100\/100\n|-transform|p1b: Ditto|p2a: Lilligant|[from] ability: Imposter\n|move|p2a: Lilligant|Tera Blast|p1a: Ogerpon|[anim] Tera Blast Electric\n|-damage|p1a: Ogerpon|0 fnt\n|faint|p1a: Ogerpon\n|\n|-weather|SunnyDay|[upkeep]\n|upkeep\n|\n|t:|1699625557\n|switch|p1a: Thundurus|Thundurus-Therian, M|100\/100\n|-start|p1b: Ditto|typechange|Grass\/Fighting|[silent]\n|turn|3\n|\n|t:|1699625580\n|move|p1a: Thundurus|Protect|p1a: Thundurus\n|-singleturn|p1a: Thundurus|Protect\n|move|p1b: Ditto|Close Combat|p2a: Lilligant\n|-damage|p2a: Lilligant|16\/100\n|-unboost|p1b: Ditto|def|1\n|-unboost|p1b: Ditto|spd|1\n|move|p2a: Lilligant|After You|p2b: Torkoal\n|-activate|p2b: Torkoal|move: After You\n|move|p2b: Torkoal|Eruption|p1a: Thundurus|[spread] p1b\n|-activate|p1a: Thundurus|move: Protect\n|-supereffective|p1b: Ditto\n|-damage|p1b: Ditto|0 fnt\n|faint|p1b: Ditto\n|\n|-weather|SunnyDay|[upkeep]\n|upkeep\n|\n|t:|1699625593\n|switch|p1b: Pelipper|Pelipper, M|100\/100\n|-weather|RainDance|[from] ability: Drizzle|[of] p1b: Pelipper\n|turn|4\n|\n|t:|1699625622\n|switch|p2b: Iron Bundle|Iron Bundle|100\/100\n|-enditem|p2b: Iron Bundle|Booster Energy\n|-activate|p2b: Iron Bundle|ability: Quark Drive|[fromitem]\n|-start|p2b: Iron Bundle|quarkdrivespa\n|move|p1a: Thundurus|Hyper Voice|p2a: Lilligant|[spread] p2a,p2b\n|-damage|p2a: Lilligant|0 fnt\n|-damage|p2b: Iron Bundle|57\/100\n|faint|p2a: Lilligant\n|move|p1b: Pelipper|Tailwind|p1b: Pelipper\n|-sidestart|p1: alimo|move: Tailwind\n|\n|-weather|RainDance|[upkeep]\n|upkeep\n|inactive|Hokusaid has 120 seconds left.\n|\n|t:|1699625634\n|switch|p2a: Tornadus|Tornadus, M|17\/100\n|turn|5\n|\n|t:|1699625647\n|switch|p1b: Fezandipiti|Fezandipiti, M|100\/100\n|move|p2b: Iron Bundle|Protect|p2b: Iron Bundle\n|-singleturn|p2b: Iron Bundle|Protect\n|move|p2a: Tornadus|Tailwind|p2a: Tornadus\n|-sidestart|p2: Hokusaid|move: Tailwind\n|move|p1a: Thundurus|Hyper Voice|p2a: Tornadus|[spread] p2a\n|-activate|p2b: Iron Bundle|move: Protect\n|-damage|p2a: Tornadus|0 fnt\n|faint|p2a: Tornadus\n|\n|-weather|RainDance|[upkeep]\n|upkeep\n|\n|t:|1699625668\n|switch|p2a: Mudsdale|Mudsdale, F|100\/100\n|turn|6\n|\n|t:|1699625680\n|switch|p1b: Thundurus|Thundurus-Therian, M|100\/100\n|move|p1a: Thundurus|Bitter Malice|p2b: Iron Bundle\n|-damage|p2b: Iron Bundle|8\/100\n|-unboost|p2b: Iron Bundle|atk|1\n|move|p2b: Iron Bundle|Ice Beam|p1a: Thundurus\n|-enditem|p1a: Thundurus|Focus Sash\n|-damage|p1a: Thundurus|1\/100\n|replace|p1a: Zoroark|Zoroark-Hisui, M\n|-end|p1a: Zoroark|Illusion\n|move|p2a: Mudsdale|High Horsepower|p1b: Thundurus\n|-immune|p1b: Thundurus\n|\n|-weather|RainDance|[upkeep]\n|upkeep\n|turn|7\n|inactive|Hokusaid has 120 seconds left.\n|\n|t:|1699625718\n|move|p2b: Iron Bundle|Protect|p2b: Iron Bundle\n|-singleturn|p2b: Iron Bundle|Protect\n|move|p1a: Zoroark|Hyper Voice|p2a: Mudsdale|[spread] p2a\n|-activate|p2b: Iron Bundle|move: Protect\n|-damage|p2a: Mudsdale|74\/100\n|move|p1b: Thundurus|Weather Ball|p2b: Iron Bundle\n|-activate|p2b: Iron Bundle|move: Protect\n|move|p2a: Mudsdale|Iron Head|p1a: Zoroark\n|-crit|p1a: Zoroark\n|-damage|p1a: Zoroark|0 fnt\n|faint|p1a: Zoroark\n|\n|-weather|RainDance|[upkeep]\n|-sideend|p1: alimo|move: Tailwind\n|upkeep\n|inactive|alimo has 120 seconds left.\n|\n|t:|1699625734\n|switch|p1a: Fezandipiti|Fezandipiti, M|100\/100\n|turn|8\n|\n|t:|1699625754\n|-terastallize|p1a: Fezandipiti|Dragon\n|move|p2b: Iron Bundle|Ice Beam|p1b: Thundurus\n|-supereffective|p1b: Thundurus\n|-damage|p1b: Thundurus|0 fnt\n|faint|p1b: Thundurus\n|move|p2a: Mudsdale|High Horsepower|p1a: Fezandipiti|[miss]\n|-miss|p2a: Mudsdale|p1a: Fezandipiti\n|move|p1a: Fezandipiti|Dazzling Gleam|p2b: Iron Bundle|[spread] p2a,p2b\n|-damage|p2a: Mudsdale|62\/100\n|-damage|p2b: Iron Bundle|0 fnt\n|-status|p2a: Mudsdale|tox|[from] ability: Toxic Chain|[of] p1a: Fezandipiti\n|faint|p2b: Iron Bundle\n|-end|p2b: Iron Bundle|Quark Drive|[silent]\n|\n|-weather|RainDance|[upkeep]\n|-damage|p2a: Mudsdale|56\/100 tox|[from] psn\n|-sideend|p2: Hokusaid|move: Tailwind\n|upkeep\n|inactive|alimo has 120 seconds left.\n|\n|t:|1699625786\n|switch|p1b: Pelipper|Pelipper, M|100\/100\n|switch|p2b: Torkoal|Torkoal, F|100\/100\n|-weather|SunnyDay|[from] ability: Drought|[of] p2b: Torkoal\n|turn|9\n|inactive|alimo has 120 seconds left.\n|\n|t:|1699625818\n|move|p1a: Fezandipiti|Venoshock|p2b: Torkoal\n|-damage|p2b: Torkoal|79\/100\n|move|p2a: Mudsdale|Iron Head|p1b: Pelipper\n|-resisted|p1b: Pelipper\n|-damage|p1b: Pelipper|86\/100\n|cant|p1b: Pelipper|flinch\n|move|p2b: Torkoal|Eruption|p1a: Fezandipiti|[spread] p1a,p1b\n|-resisted|p1a: Fezandipiti\n|-resisted|p1b: Pelipper\n|-damage|p1a: Fezandipiti|68\/100\n|-damage|p1b: Pelipper|25\/100\n|\n|-weather|SunnyDay|[upkeep]\n|-damage|p2a: Mudsdale|44\/100 tox|[from] psn\n|upkeep\n|turn|10\n|inactive|Hokusaid has 120 seconds left.\n|\n|t:|1699625855\n|move|p1a: Fezandipiti|Venoshock|p2b: Torkoal\n|-damage|p2b: Torkoal|56\/100\n|-status|p2b: Torkoal|tox|[from] ability: Toxic Chain|[of] p1a: Fezandipiti\n|move|p2a: Mudsdale|Close Combat|p1a: Fezandipiti\n|-damage|p1a: Fezandipiti|23\/100\n|-unboost|p2a: Mudsdale|def|1\n|-unboost|p2a: Mudsdale|spd|1\n|-enditem|p1a: Fezandipiti|Sitrus Berry|[eat]\n|-heal|p1a: Fezandipiti|48\/100|[from] item: Sitrus Berry\n|move|p1b: Pelipper|Tailwind|p1b: Pelipper\n|-sidestart|p1: alimo|move: Tailwind\n|move|p2b: Torkoal|Eruption|p1b: Pelipper|[spread] p1a,p1b\n|-resisted|p1a: Fezandipiti\n|-resisted|p1b: Pelipper\n|-damage|p1a: Fezandipiti|26\/100\n|-damage|p1b: Pelipper|0 fnt\n|faint|p1b: Pelipper\n|\n|-weather|SunnyDay|[upkeep]\n|-damage|p2a: Mudsdale|25\/100 tox|[from] psn\n|-damage|p2b: Torkoal|50\/100 tox|[from] psn\n|upkeep\n|turn|11\n|inactive|Hokusaid has 120 seconds left.\n|\n|t:|1699625880\n|move|p1a: Fezandipiti|Protect|p1a: Fezandipiti\n|-singleturn|p1a: Fezandipiti|Protect\n|move|p2a: Mudsdale|Close Combat|p1a: Fezandipiti\n|-activate|p1a: Fezandipiti|move: Protect\n|move|p2b: Torkoal|Eruption|p1a: Fezandipiti\n|-activate|p1a: Fezandipiti|move: Protect\n|\n|-weather|SunnyDay|[upkeep]\n|-damage|p2a: Mudsdale|1\/100 tox|[from] psn\n|-damage|p2b: Torkoal|38\/100 tox|[from] psn\n|upkeep\n|turn|12\n|\n|t:|1699625894\n|move|p1a: Fezandipiti|Dazzling Gleam|p2b: Torkoal|[spread] p2a,p2b\n|-resisted|p2b: Torkoal\n|-damage|p2a: Mudsdale|0 fnt\n|-damage|p2b: Torkoal|29\/100 tox\n|faint|p2a: Mudsdale\n|move|p2b: Torkoal|Eruption|p1a: Fezandipiti\n|-resisted|p1a: Fezandipiti\n|-damage|p1a: Fezandipiti|10\/100\n|\n|-weather|SunnyDay|[upkeep]\n|-damage|p2b: Torkoal|10\/100 tox|[from] psn\n|upkeep\n|\n|t:|1699625905\n|switch|p2a: Roaring Moon|Roaring Moon|100\/100\n|-activate|p2a: Roaring Moon|ability: Protosynthesis\n|-start|p2a: Roaring Moon|protosynthesisatk\n|turn|13\n|inactive|Hokusaid has 120 seconds left.\n|\n|t:|1699625944\n|move|p1a: Fezandipiti|Dazzling Gleam|p2a: Roaring Moon|[spread] p2a,p2b\n|-supereffective|p2a: Roaring Moon\n|-resisted|p2b: Torkoal\n|-damage|p2a: Roaring Moon|48\/100\n|-damage|p2b: Torkoal|0 fnt\n|faint|p2b: Torkoal\n|move|p2a: Roaring Moon|Dragon Claw|p1a: Fezandipiti\n|-supereffective|p1a: Fezandipiti\n|-damage|p1a: Fezandipiti|0 fnt\n|faint|p1a: Fezandipiti\n|\n|win|Hokusaid\n|raw|alimo's rating: 1340 &rarr; <strong>1319<\/strong><br \/>(-21 for losing)\n|raw|Hokusaid's rating: 1316 &rarr; <strong>1337<\/strong><br \/>(+21 for winning)\n|l|\u2606alimo\n|c|\u2606Hokusaid|gg\n","uploadtime":1699625990,"views":22,"p1id":"alimo","p2id":"hokusaid","formatid":"gen9doublesou","rating":1319,"private":0,"password":""}