{"id":"gen9doublesou-2000358996","p1":"Pratik2007","p2":"Spcplayzz","format":"[Gen 9] Doubles OU","log":"|j|\u2606Pratik2007\n|j|\u2606Spcplayzz\n|t:|1701188102\n|gametype|doubles\n|player|p1|Pratik2007|n|\n|player|p2|Spcplayzz|266|\n|teamsize|p1|6\n|teamsize|p2|6\n|gen|9\n|tier|[Gen 9] Doubles OU\n|rule|Species Clause: Limit one of each Pok\u00e9mon\n|rule|OHKO Clause: OHKO moves are banned\n|rule|Evasion Moves Clause: Evasion moves are banned\n|rule|Gravity Sleep Clause: The combination of sleep-inducing moves with imperfect accuracy and Gravity or Gigantamax Orbeetle are banned\n|rule|Endless Battle Clause: Forcing endless battles is banned\n|rule|HP Percentage Mod: HP is shown in percentages\n|clearpoke\n|poke|p1|Ogerpon-Wellspring, F|\n|poke|p1|Gholdengo|\n|poke|p1|Chien-Pao|\n|poke|p1|Iron Hands|\n|poke|p1|Dragonite, F|\n|poke|p1|Glimmora, M|\n|poke|p2|Cresselia, F|\n|poke|p2|Diancie|\n|poke|p2|Indeedee-F, F|\n|poke|p2|Armarouge, F|\n|poke|p2|Ursaluna, F|\n|poke|p2|Kingambit, M|\n|teampreview\n|inactive|Battle timer is ON: inactive players will automatically lose when time's up. (requested by Spcplayzz)\n|inactive|Spcplayzz has 270 seconds left.\n|inactive|Pratik2007 has 270 seconds left.\n|\n|t:|1701188151\n|start\n|switch|p1a: Ogerpon|Ogerpon-Wellspring, F|100\/100\n|switch|p1b: Glimmora|Glimmora, M|100\/100\n|switch|p2a: Cresselia|Cresselia, F|100\/100\n|switch|p2b: Indeedee|Indeedee-F, F|100\/100\n|-fieldstart|move: Psychic Terrain|[from] ability: Psychic Surge|[of] p2b: Indeedee\n|turn|1\n|\n|t:|1701188165\n|move|p1b: Glimmora|Stealth Rock|p2b: Indeedee\n|-sidestart|p2: Spcplayzz|move: Stealth Rock\n|move|p1a: Ogerpon|Ivy Cudgel|p2b: Indeedee|[anim] Ivy Cudgel Water\n|-damage|p2b: Indeedee|26\/100\n|move|p2b: Indeedee|Psychic|p1b: Glimmora\n|-supereffective|p1b: Glimmora\n|-enditem|p1b: Glimmora|Focus Sash\n|-damage|p1b: Glimmora|1\/100\n|move|p2a: Cresselia|Trick Room|p2a: Cresselia\n|-fieldstart|move: Trick Room|[of] p2a: Cresselia\n|\n|upkeep\n|turn|2\n|\n|t:|1701188187\n|move|p1a: Ogerpon|Spiky Shield|p1a: Ogerpon\n|-singleturn|p1a: Ogerpon|move: Protect\n|move|p1b: Glimmora|Spiky Shield|p1b: Glimmora\n|-singleturn|p1b: Glimmora|move: Protect\n|move|p2a: Cresselia|Moonblast|p1b: Glimmora\n|-activate|p1b: Glimmora|move: Protect\n|move|p2b: Indeedee|Psychic|p1a: Ogerpon\n|-activate|p1a: Ogerpon|move: Protect\n|\n|upkeep\n|turn|3\n|\n|t:|1701188201\n|switch|p1b: Gholdengo|Gholdengo|100\/100\n|move|p2b: Indeedee|Psychic|p1b: Gholdengo\n|-resisted|p1b: Gholdengo\n|-damage|p1b: Gholdengo|80\/100\n|move|p2a: Cresselia|Moonblast|p1a: Ogerpon\n|-damage|p1a: Ogerpon|86\/100\n|-unboost|p1a: Ogerpon|spa|1\n|move|p1a: Ogerpon|Ivy Cudgel|p2b: Indeedee|[anim] Ivy Cudgel Water\n|-crit|p2b: Indeedee\n|-damage|p2b: Indeedee|0 fnt\n|faint|p2b: Indeedee\n|\n|upkeep\n|\n|t:|1701188220\n|switch|p2b: Armarouge|Armarouge, F|100\/100\n|-damage|p2b: Armarouge|76\/100|[from] Stealth Rock\n|turn|4\n|\n|t:|1701188232\n|-terastallize|p2b: Armarouge|Grass\n|move|p2a: Cresselia|Helping Hand|p2b: Armarouge\n|-singleturn|p2b: Armarouge|Helping Hand|[of] p2a: Cresselia\n|move|p1a: Ogerpon|Spiky Shield|p1a: Ogerpon\n|-singleturn|p1a: Ogerpon|move: Protect\n|move|p1b: Gholdengo|Protect|p1b: Gholdengo\n|-singleturn|p1b: Gholdengo|Protect\n|move|p2b: Armarouge|Heat Wave|p1a: Ogerpon|[spread] \n|-activate|p1a: Ogerpon|move: Protect\n|-activate|p1b: Gholdengo|move: Protect\n|\n|upkeep\n|turn|5\n|\n|t:|1701188252\n|switch|p1a: Dragonite|Dragonite, F|100\/100\n|switch|p1b: Glimmora|Glimmora, M|1\/100\n|move|p2a: Cresselia|Helping Hand|p2b: Armarouge\n|-singleturn|p2b: Armarouge|Helping Hand|[of] p2a: Cresselia\n|move|p2b: Armarouge|Heat Wave|p1a: Dragonite|[spread] p1a,p1b\n|-resisted|p1a: Dragonite\n|-resisted|p1b: Glimmora\n|-damage|p1a: Dragonite|68\/100\n|-damage|p1b: Glimmora|0 fnt\n|faint|p1b: Glimmora\n|-damage|p2b: Armarouge|66\/100|[from] item: Life Orb\n|\n|-fieldend|move: Trick Room\n|-fieldend|move: Psychic Terrain\n|upkeep\n|\n|t:|1701188262\n|switch|p1b: Iron Hands|Iron Hands|100\/100\n|turn|6\n|\n|t:|1701188274\n|-terastallize|p1a: Dragonite|Normal\n|move|p2b: Armarouge|Protect|p2b: Armarouge\n|-singleturn|p2b: Armarouge|Protect\n|move|p1b: Iron Hands|Fake Out|p2a: Cresselia\n|-damage|p2a: Cresselia|92\/100\n|move|p1a: Dragonite|Extreme Speed|p2a: Cresselia\n|-damage|p2a: Cresselia|59\/100\n|move|p2a: Cresselia|Trick Room|p2a: Cresselia\n|-fieldstart|move: Trick Room|[of] p2a: Cresselia\n|\n|upkeep\n|turn|7\n|\n|t:|1701188292\n|-end|p1b: Iron Hands|Quark Drive|[silent]\n|switch|p1b: Chien-Pao|Chien-Pao|100\/100\n|-ability|p1b: Chien-Pao|Sword of Ruin\n|move|p1a: Dragonite|Extreme Speed|p2b: Armarouge\n|-damage|p2b: Armarouge|0 fnt\n|faint|p2b: Armarouge\n|move|p2a: Cresselia|Lunar Blessing|p2a: Cresselia\n|-heal|p2a: Cresselia|84\/100\n|\n|upkeep\n|\n|t:|1701188303\n|switch|p2b: Diancie|Diancie|100\/100\n|-damage|p2b: Diancie|88\/100|[from] Stealth Rock\n|turn|8\n|\n|t:|1701188321\n|switch|p1a: Iron Hands|Iron Hands|100\/100\n|move|p1b: Chien-Pao|Protect|p1b: Chien-Pao\n|-singleturn|p1b: Chien-Pao|Protect\n|move|p2b: Diancie|Diamond Storm|p1b: Chien-Pao|[spread] p1a\n|-activate|p1b: Chien-Pao|move: Protect\n|-resisted|p1a: Iron Hands\n|-damage|p1a: Iron Hands|89\/100\n|move|p2a: Cresselia|Moonblast|p1b: Chien-Pao\n|-activate|p1b: Chien-Pao|move: Protect\n|\n|upkeep\n|turn|9\n|\n|t:|1701188338\n|switch|p1b: Gholdengo|Gholdengo|80\/100\n|move|p1a: Iron Hands|Fake Out|p2b: Diancie\n|-resisted|p2b: Diancie\n|-damage|p2b: Diancie|84\/100\n|cant|p2b: Diancie|flinch\n|move|p2a: Cresselia|Moonblast|p1b: Gholdengo\n|-resisted|p1b: Gholdengo\n|-damage|p1b: Gholdengo|72\/100\n|\n|upkeep\n|turn|10\n|\n|t:|1701188352\n|move|p1a: Iron Hands|Heavy Slam|p2b: Diancie\n|-supereffective|p2b: Diancie\n|-damage|p2b: Diancie|0 fnt\n|faint|p2b: Diancie\n|move|p1b: Gholdengo|Shadow Ball|p2a: Cresselia\n|-supereffective|p2a: Cresselia\n|-damage|p2a: Cresselia|30\/100\n|move|p2a: Cresselia|Trick Room|p2a: Cresselia\n|-fieldend|move: Trick Room\n|\n|upkeep\n|\n|t:|1701188361\n|switch|p2b: Ursaluna|Ursaluna, F|100\/100\n|-damage|p2b: Ursaluna|94\/100|[from] Stealth Rock\n|turn|11\n|\n|t:|1701188374\n|switch|p2a: Kingambit|Kingambit, M|100\/100\n|-damage|p2a: Kingambit|94\/100|[from] Stealth Rock\n|-end|p1a: Iron Hands|Quark Drive|[silent]\n|switch|p1a: Dragonite|Dragonite, F, tera:Normal|68\/100\n|move|p2b: Ursaluna|Protect|p2b: Ursaluna\n|-singleturn|p2b: Ursaluna|Protect\n|move|p1b: Gholdengo|Shadow Ball|p2a: Kingambit\n|-resisted|p2a: Kingambit\n|-damage|p2a: Kingambit|74\/100\n|-unboost|p2a: Kingambit|spd|1\n|-ability|p2a: Kingambit|Defiant|boost\n|-boost|p2a: Kingambit|atk|2\n|\n|-status|p2b: Ursaluna|brn|[from] item: Flame Orb\n|upkeep\n|turn|12\n|c|\u2606Pratik2007|uhhh\n|\n|t:|1701188391\n|move|p1b: Gholdengo|Make It Rain|p2a: Kingambit|[spread] p2a,p2b\n|-resisted|p2a: Kingambit\n|-crit|p2a: Kingambit\n|-damage|p2a: Kingambit|27\/100\n|-damage|p2b: Ursaluna|58\/100 brn\n|-unboost|p1b: Gholdengo|spa|1\n|move|p1a: Dragonite|Stomping Tantrum|p2a: Kingambit\n|-supereffective|p2a: Kingambit\n|-damage|p2a: Kingambit|0 fnt\n|faint|p2a: Kingambit\n|move|p2b: Ursaluna|Facade|p1a: Dragonite\n|-damage|p1a: Dragonite|0 fnt\n|faint|p1a: Dragonite\n|\n|-damage|p2b: Ursaluna|51\/100 brn|[from] brn\n|upkeep\n|\n|t:|1701188408\n|switch|p1a: Chien-Pao|Chien-Pao|100\/100\n|switch|p2a: Cresselia|Cresselia, F|30\/100\n|-ability|p1a: Chien-Pao|Sword of Ruin\n|-damage|p2a: Cresselia|17\/100|[from] Stealth Rock\n|turn|13\n|\n|t:|1701188420\n|move|p2b: Ursaluna|Protect|p2b: Ursaluna\n|-singleturn|p2b: Ursaluna|Protect\n|move|p1a: Chien-Pao|Sacred Sword|p2b: Ursaluna\n|-activate|p2b: Ursaluna|move: Protect\n|move|p1b: Gholdengo|Shadow Ball|p2a: Cresselia\n|-supereffective|p2a: Cresselia\n|-damage|p2a: Cresselia|0 fnt\n|faint|p2a: Cresselia\n|\n|-damage|p2b: Ursaluna|45\/100 brn|[from] brn\n|upkeep\n|turn|14\n|c|\u2606Pratik2007|gg\n|c|\u2606Spcplayzz|gg\n|\n|t:|1701188431\n|move|p1a: Chien-Pao|Sacred Sword|p2b: Ursaluna\n|-supereffective|p2b: Ursaluna\n|-damage|p2b: Ursaluna|0 fnt\n|faint|p2b: Ursaluna\n|\n|win|Pratik2007\n","uploadtime":1701188442,"views":11,"p1id":"pratik2007","p2id":"spcplayzz","formatid":"gen9doublesou","rating":0,"private":0,"password":""}