{"id":"gen9doublesou-1979387192","p1":"OsitoGuapo15","p2":"Commander_Wolffy","format":"[Gen 9] Doubles OU","log":"|j|\u2606OsitoGuapo15\n|j|\u2606Commander_Wolffy\n|t:|1698678655\n|gametype|doubles\n|player|p1|OsitoGuapo15|acetrainer-gen4dp|1200\n|player|p2|Commander_Wolffy|1|1159\n|teamsize|p1|6\n|teamsize|p2|6\n|gen|9\n|tier|[Gen 9] Doubles OU\n|rated|\n|rule|Species Clause: Limit one of each Pok\u00e9mon\n|rule|OHKO Clause: OHKO moves are banned\n|rule|Evasion Moves Clause: Evasion moves are banned\n|rule|Gravity Sleep Clause: The combination of sleep-inducing moves with imperfect accuracy and Gravity or Gigantamax Orbeetle are banned\n|rule|Endless Battle Clause: Forcing endless battles is banned\n|rule|HP Percentage Mod: HP is shown in percentages\n|clearpoke\n|poke|p1|Hatterene, F|\n|poke|p1|Sableye, M|\n|poke|p1|Torkoal, M|\n|poke|p1|Sinistcha-Masterpiece|\n|poke|p1|Arboliva, M|\n|poke|p1|Lilligant-Hisui, F|\n|poke|p2|Krookodile, M|\n|poke|p2|Meowscarada, F|\n|poke|p2|Flamigo, F|\n|poke|p2|Sableye, M|\n|poke|p2|Glalie, F|\n|poke|p2|Medicham, F|\n|teampreview\n|inactive|Battle timer is ON: inactive players will automatically lose when time's up. (requested by Commander_Wolffy)\n|c|\u2606Commander_Wolffy|intersting team\n|c|\u2606Commander_Wolffy|glhf\n|inactive|Commander_Wolffy has 120 seconds left.\n|\n|t:|1698678689\n|start\n|switch|p1a: Sableye|Sableye, M|100\/100\n|switch|p1b: Hatterene|Hatterene, F|100\/100\n|switch|p2a: Meowscarada|Meowscarada, F|100\/100\n|switch|p2b: Krookodile|Krookodile, M|100\/100\n|-item|p2a: Meowscarada|Air Balloon\n|turn|1\n|c|\u2606OsitoGuapo15|Glhf thanks its pretty bad lol\n|\n|t:|1698678708\n|move|p1a: Sableye|Fake Out|p2b: Krookodile\n|-damage|p2b: Krookodile|92\/100\n|move|p2a: Meowscarada|Flower Trick|p2b: Krookodile\n|-supereffective|p2b: Krookodile\n|-crit|p2b: Krookodile\n|-damage|p2b: Krookodile|7\/100\n|-setboost|p2b: Krookodile|atk|6|[from] ability: Anger Point\n|-enditem|p2b: Krookodile|Salac Berry|[eat]\n|-boost|p2b: Krookodile|spe|1|[from] item: Salac Berry\n|cant|p2b: Krookodile|flinch\n|move|p1b: Hatterene|Dazzling Gleam|p2b: Krookodile|[spread] p2a,p2b\n|-supereffective|p2a: Meowscarada\n|-supereffective|p2b: Krookodile\n|-damage|p2a: Meowscarada|0 fnt\n|-damage|p2b: Krookodile|0 fnt\n|-enditem|p2a: Meowscarada|Air Balloon\n|faint|p2a: Meowscarada\n|faint|p2b: Krookodile\n|\n|upkeep\n|c|\u2606Commander_Wolffy|oof\n|c|\u2606Commander_Wolffy|thats probably game\n|inactive|Commander_Wolffy has 120 seconds left.\n|c|\u2606OsitoGuapo15|I dont think so\n|c|\u2606Commander_Wolffy|i forgot sableye has fake out\n|c|\u2606OsitoGuapo15|All good\n|\n|t:|1698678758\n|switch|p2a: Medicham|Medicham, F|100\/100\n|switch|p2b: Glalie|Glalie, F|100\/100\n|turn|2\n|\n|t:|1698678785\n|move|p2a: Medicham|Protect|p2a: Medicham\n|-singleturn|p2a: Medicham|Protect\n|move|p1a: Sableye|Quash|p2a: Medicham\n|-activate|p2a: Medicham|move: Protect\n|move|p2b: Glalie|Ice Spinner|p1b: Hatterene\n|-damage|p1b: Hatterene|67\/100\n|move|p1b: Hatterene|Dazzling Gleam|p2b: Glalie|[spread] p2b\n|-activate|p2a: Medicham|move: Protect\n|-damage|p2b: Glalie|48\/100\n|\n|upkeep\n|turn|3\n|\n|t:|1698678813\n|move|p2b: Glalie|Ice Spinner|p1b: Hatterene\n|-damage|p1b: Hatterene|37\/100\n|move|p2a: Medicham|Drain Punch|p1b: Hatterene\n|-resisted|p1b: Hatterene\n|-damage|p1b: Hatterene|23\/100\n|move|p1a: Sableye|Poltergeist|p2a: Medicham\n|-activate|p2a: Medicham|move: Poltergeist|Focus Sash\n|-supereffective|p2a: Medicham\n|-enditem|p2a: Medicham|Focus Sash\n|-damage|p2a: Medicham|1\/100\n|move|p1b: Hatterene|Trick Room|p1b: Hatterene\n|-fieldstart|move: Trick Room|[of] p1b: Hatterene\n|\n|upkeep\n|turn|4\n|inactive|Commander_Wolffy has 120 seconds left.\n|\n|t:|1698678832\n|move|p1a: Sableye|Quash|p2b: Glalie\n|-activate|p2b: Glalie|move: Quash\n|move|p1b: Hatterene|Trick Room|p1b: Hatterene\n|-fieldend|move: Trick Room\n|move|p2a: Medicham|Trick Room|p2a: Medicham\n|-fieldstart|move: Trick Room|[of] p2a: Medicham\n|move|p2b: Glalie|Ice Spinner|p1b: Hatterene\n|-damage|p1b: Hatterene|0 fnt\n|faint|p1b: Hatterene\n|\n|upkeep\n|c|\u2606Commander_Wolffy|lmao\n|\n|t:|1698678846\n|switch|p1b: Torkoal|Torkoal, M|100\/100\n|-weather|SunnyDay|[from] ability: Drought|[of] p1b: Torkoal\n|turn|5\n|c|\u2606Commander_Wolffy|ggs\n|\n|t:|1698678861\n|move|p2a: Medicham|Protect|p2a: Medicham\n|-singleturn|p2a: Medicham|Protect\n|move|p1a: Sableye|Quash|p2a: Medicham\n|-activate|p2a: Medicham|move: Protect\n|move|p1b: Torkoal|Heat Wave|p2a: Medicham|[spread] p2b\n|-activate|p2a: Medicham|move: Protect\n|-supereffective|p2b: Glalie\n|-damage|p2b: Glalie|0 fnt\n|faint|p2b: Glalie\n|\n|-weather|SunnyDay|[upkeep]\n|upkeep\n|\n|t:|1698678869\n|switch|p2b: Sableye|Sableye, M|100\/100\n|turn|6\n|\n|t:|1698678885\n|move|p2b: Sableye|Skill Swap|p2a: Medicham\n|-activate|p2b: Sableye|move: Skill Swap|||[of] p2a: Medicham\n|move|p1b: Torkoal|Heat Wave|p2b: Sableye|[spread] p2a,p2b\n|-damage|p2a: Medicham|0 fnt\n|-damage|p2b: Sableye|27\/100\n|faint|p2a: Medicham\n|move|p1a: Sableye|Poltergeist|p2b: Sableye\n|-activate|p2b: Sableye|move: Poltergeist|Heavy-Duty Boots\n|-damage|p2b: Sableye|0 fnt\n|faint|p2b: Sableye\n|\n|-weather|SunnyDay|[upkeep]\n|upkeep\n|-message|Commander_Wolffy forfeited.\n|\n|win|OsitoGuapo15\n|raw|OsitoGuapo15's rating: 1200 &rarr; <strong>1222<\/strong><br \/>(+22 for winning)\n|raw|Commander_Wolffy's rating: 1159 &rarr; <strong>1137<\/strong><br \/>(-22 for losing)\n|l|\u2606Commander_Wolffy\n|c|\u2606OsitoGuapo15|Gg\n","uploadtime":1698678901,"views":32,"p1id":"ositoguapo15","p2id":"commanderwolffy","formatid":"gen9doublesou","rating":1137,"private":0,"password":""}