{"id":"gen9doublesou-1995288123","p1":"RLisanidiot","p2":"altona","format":"[Gen 9] Doubles OU","log":"|j|\u2606RLisanidiot\n|j|\u2606altona\n|t:|1700547358\n|gametype|doubles\n|player|p1|RLisanidiot|unknownf|1366\n|player|p2|altona|elesa-gen5bw2|1170\n|teamsize|p1|6\n|teamsize|p2|6\n|gen|9\n|tier|[Gen 9] Doubles OU\n|rated|\n|rule|Species Clause: Limit one of each Pok\u00e9mon\n|rule|OHKO Clause: OHKO moves are banned\n|rule|Evasion Moves Clause: Evasion moves are banned\n|rule|Gravity Sleep Clause: The combination of sleep-inducing moves with imperfect accuracy and Gravity or Gigantamax Orbeetle are banned\n|rule|Endless Battle Clause: Forcing endless battles is banned\n|rule|HP Percentage Mod: HP is shown in percentages\n|clearpoke\n|poke|p1|Ninetales-Alola, F|\n|poke|p1|Chien-Pao|\n|poke|p1|Flutter Mane|\n|poke|p1|Tornadus, M|\n|poke|p1|Pachirisu, M|\n|poke|p1|Landorus-Therian, M|\n|poke|p2|Pelipper, M|\n|poke|p2|Gastrodon, F|\n|poke|p2|Arcanine-Hisui, M|\n|poke|p2|Murkrow, F|\n|poke|p2|Grimmsnarl, M|\n|poke|p2|Okidogi, M|\n|teampreview\n|inactive|Battle timer is ON: inactive players will automatically lose when time's up. (requested by RLisanidiot)\n|\n|t:|1700547374\n|start\n|switch|p1a: Flutter Mane|Flutter Mane|100\/100\n|switch|p1b: Tornadus|Tornadus, M|100\/100\n|switch|p2a: Gastrodon|Gastrodon, F|100\/100\n|switch|p2b: Pelipper|Pelipper, M|100\/100\n|-weather|RainDance|[from] ability: Drizzle|[of] p2b: Pelipper\n|turn|1\n|\n|t:|1700547383\n|-terastallize|p2b: Pelipper|Ground\n|move|p1a: Flutter Mane|Moonblast|p2a: Gastrodon\n|-damage|p2a: Gastrodon|49\/100\n|-unboost|p2a: Gastrodon|spa|1\n|move|p1b: Tornadus|Bleakwind Storm|p2b: Pelipper|[spread] p2a,p2b\n|-damage|p2a: Gastrodon|29\/100\n|-damage|p2b: Pelipper|56\/100\n|-unboost|p2a: Gastrodon|spe|1\n|move|p2b: Pelipper|Surf|p1a: Flutter Mane|[spread] p1a,p1b\n|-ability|p2a: Gastrodon|Storm Drain|boost\n|-boost|p2a: Gastrodon|spa|1\n|-damage|p1a: Flutter Mane|51\/100\n|-damage|p1b: Tornadus|52\/100\n|move|p2a: Gastrodon|Ice Beam|p1b: Tornadus\n|-supereffective|p1b: Tornadus\n|-damage|p1b: Tornadus|16\/100\n|\n|-weather|RainDance|[upkeep]\n|upkeep\n|turn|2\n|\n|t:|1700547403\n|move|p2a: Gastrodon|Protect|p2a: Gastrodon\n|-singleturn|p2a: Gastrodon|Protect\n|move|p1a: Flutter Mane|Moonblast|p2b: Pelipper\n|-damage|p2b: Pelipper|0 fnt\n|faint|p2b: Pelipper\n|move|p1b: Tornadus|Bleakwind Storm|p2a: Gastrodon\n|-activate|p2a: Gastrodon|move: Protect\n|\n|-weather|RainDance|[upkeep]\n|upkeep\n|inactive|altona has 120 seconds left.\n|\n|t:|1700547426\n|switch|p2b: Grimmsnarl|Grimmsnarl, M|100\/100\n|turn|3\n|\n|t:|1700547433\n|move|p2b: Grimmsnarl|Light Screen|p2b: Grimmsnarl\n|-sidestart|p2: altona|move: Light Screen\n|move|p1a: Flutter Mane|Moonblast|p2b: Grimmsnarl\n|-supereffective|p2b: Grimmsnarl\n|-damage|p2b: Grimmsnarl|20\/100\n|move|p1b: Tornadus|Bleakwind Storm|p2a: Gastrodon|[spread] p2a,p2b\n|-damage|p2a: Gastrodon|16\/100\n|-damage|p2b: Grimmsnarl|3\/100\n|-unboost|p2b: Grimmsnarl|spe|1\n|-enditem|p2a: Gastrodon|Wiki Berry|[eat]\n|-heal|p2a: Gastrodon|50\/100|[from] item: Wiki Berry\n|move|p2a: Gastrodon|Recover|p2a: Gastrodon\n|-heal|p2a: Gastrodon|99\/100\n|\n|-weather|RainDance|[upkeep]\n|upkeep\n|turn|4\n|\n|t:|1700547458\n|move|p2b: Grimmsnarl|Parting Shot|p1a: Flutter Mane\n|-unboost|p1a: Flutter Mane|atk|1\n|-unboost|p1a: Flutter Mane|spa|1\n|\n|t:|1700547461\n|switch|p2b: Murkrow|Murkrow, F|100\/100|[from] Parting Shot\n|move|p1a: Flutter Mane|Moonblast|p2a: Gastrodon\n|-damage|p2a: Gastrodon|77\/100\n|move|p1b: Tornadus|Bleakwind Storm|p2b: Murkrow|[spread] p2a,p2b\n|-crit|p2b: Murkrow\n|-damage|p2a: Gastrodon|64\/100\n|-damage|p2b: Murkrow|45\/100\n|-unboost|p2b: Murkrow|spe|1\n|move|p2a: Gastrodon|Ice Beam|p1b: Tornadus\n|-supereffective|p1b: Tornadus\n|-damage|p1b: Tornadus|0 fnt\n|faint|p1b: Tornadus\n|\n|-weather|RainDance|[upkeep]\n|upkeep\n|\n|t:|1700547471\n|switch|p1b: Ninetales|Ninetales-Alola, F, shiny|100\/100\n|-weather|Snow|[from] ability: Snow Warning|[of] p1b: Ninetales\n|turn|5\n|\n|t:|1700547482\n|-end|p1a: Flutter Mane|Protosynthesis|[silent]\n|switch|p1a: Pachirisu|Pachirisu, M|100\/100\n|move|p2b: Murkrow|Tailwind|p2b: Murkrow\n|-sidestart|p2: altona|move: Tailwind\n|move|p1b: Ninetales|Aurora Veil|p1b: Ninetales\n|-sidestart|p1: RLisanidiot|move: Aurora Veil\n|move|p2a: Gastrodon|Ice Beam|p1a: Pachirisu\n|-damage|p1a: Pachirisu|88\/100\n|\n|-weather|Snow|[upkeep]\n|upkeep\n|turn|6\n|\n|t:|1700547497\n|move|p2b: Murkrow|Haze|p2b: Murkrow\n|-clearallboost\n|move|p1b: Ninetales|Icy Wind|p2b: Murkrow|[spread] p2a,p2b\n|-supereffective|p2b: Murkrow\n|-damage|p2a: Gastrodon|59\/100\n|-damage|p2b: Murkrow|28\/100\n|-unboost|p2a: Gastrodon|spe|1\n|-unboost|p2b: Murkrow|spe|1\n|move|p1a: Pachirisu|U-turn|p2a: Gastrodon\n|-damage|p2a: Gastrodon|48\/100\n|\n|t:|1700547508\n|switch|p1a: Landorus|Landorus-Therian, M, shiny|100\/100|[from] U-turn\n|-ability|p1a: Landorus|Intimidate|boost\n|-unboost|p2a: Gastrodon|atk|1\n|-unboost|p2b: Murkrow|atk|1\n|move|p2a: Gastrodon|Earth Power|p1a: Landorus\n|-immune|p1a: Landorus\n|\n|-weather|Snow|[upkeep]\n|upkeep\n|turn|7\n|\n|t:|1700547525\n|move|p1b: Ninetales|Helping Hand|p1a: Landorus\n|-singleturn|p1a: Landorus|Helping Hand|[of] p1b: Ninetales\n|move|p2b: Murkrow|Protect|p2b: Murkrow\n|-singleturn|p2b: Murkrow|Protect\n|move|p1a: Landorus|Weather Ball|p2a: Gastrodon\n|-crit|p2a: Gastrodon\n|-damage|p2a: Gastrodon|1\/100\n|move|p2a: Gastrodon|Recover|p2a: Gastrodon\n|-heal|p2a: Gastrodon|51\/100\n|\n|-weather|Snow|[upkeep]\n|upkeep\n|turn|8\n|\n|t:|1700547544\n|switch|p1a: Flutter Mane|Flutter Mane|51\/100\n|move|p2b: Murkrow|Haze|p2b: Murkrow\n|-clearallboost\n|move|p1b: Ninetales|Icy Wind|p2b: Murkrow|[spread] p2a,p2b\n|-supereffective|p2b: Murkrow\n|-damage|p2a: Gastrodon|46\/100\n|-damage|p2b: Murkrow|12\/100\n|-unboost|p2a: Gastrodon|spe|1\n|-unboost|p2b: Murkrow|spe|1\n|move|p2a: Gastrodon|Ice Beam|p1a: Flutter Mane\n|-damage|p1a: Flutter Mane|39\/100\n|\n|-weather|Snow|[upkeep]\n|-sideend|p2: altona|move: Tailwind\n|upkeep\n|turn|9\n|\n|t:|1700547559\n|move|p2b: Murkrow|Protect|p2b: Murkrow\n|-singleturn|p2b: Murkrow|Protect\n|move|p1a: Flutter Mane|Moonblast|p2a: Gastrodon\n|-damage|p2a: Gastrodon|15\/100\n|-unboost|p2a: Gastrodon|spa|1\n|move|p1b: Ninetales|Icy Wind|p2a: Gastrodon|[spread] p2a\n|-activate|p2b: Murkrow|move: Protect\n|-damage|p2a: Gastrodon|10\/100\n|-unboost|p2a: Gastrodon|spe|1\n|move|p2a: Gastrodon|Recover|p2a: Gastrodon\n|-heal|p2a: Gastrodon|60\/100\n|\n|-weather|none\n|upkeep\n|turn|10\n|\n|t:|1700547578\n|move|p2a: Gastrodon|Protect|p2a: Gastrodon\n|-singleturn|p2a: Gastrodon|Protect\n|move|p2b: Murkrow|Haze|p2b: Murkrow\n|-clearallboost\n|move|p1a: Flutter Mane|Moonblast|p2a: Gastrodon\n|-activate|p2a: Gastrodon|move: Protect\n|move|p1b: Ninetales|Icy Wind|p2b: Murkrow|[spread] p2b\n|-activate|p2a: Gastrodon|move: Protect\n|-supereffective|p2b: Murkrow\n|-damage|p2b: Murkrow|0 fnt\n|faint|p2b: Murkrow\n|\n|-sideend|p2: altona|move: Light Screen\n|upkeep\n|\n|t:|1700547595\n|switch|p2b: Grimmsnarl|Grimmsnarl, M|3\/100\n|turn|11\n|\n|t:|1700547606\n|-end|p1a: Flutter Mane|Protosynthesis|[silent]\n|switch|p1a: Landorus|Landorus-Therian, M, shiny|100\/100\n|-ability|p1a: Landorus|Intimidate|boost\n|-unboost|p2a: Gastrodon|atk|1\n|-unboost|p2b: Grimmsnarl|atk|1\n|move|p2b: Grimmsnarl|Light Screen|p2b: Grimmsnarl\n|-sidestart|p2: altona|move: Light Screen\n|move|p1b: Ninetales|Icy Wind|p2b: Grimmsnarl|[spread] p2a,p2b\n|-damage|p2a: Gastrodon|55\/100\n|-damage|p2b: Grimmsnarl|0 fnt\n|-unboost|p2a: Gastrodon|spe|1\n|faint|p2b: Grimmsnarl\n|move|p2a: Gastrodon|Ice Beam|p1a: Landorus\n|-supereffective|p1a: Landorus\n|-damage|p1a: Landorus|44\/100\n|\n|upkeep\n|\n|t:|1700547620\n|switch|p2b: Okidogi|Okidogi, M|100\/100\n|turn|12\n|\n|t:|1700547632\n|move|p1b: Ninetales|Confuse Ray|p2b: Okidogi\n|-start|p2b: Okidogi|confusion\n|move|p1a: Landorus|U-turn|p2b: Okidogi\n|-resisted|p2b: Okidogi\n|-damage|p2b: Okidogi|96\/100\n|\n|t:|1700547638\n|switch|p1a: Flutter Mane|Flutter Mane|39\/100|[from] U-turn\n|-activate|p2b: Okidogi|confusion\n|move|p2b: Okidogi|Gunk Shot|p1b: Ninetales\n|-supereffective|p1b: Ninetales\n|-damage|p1b: Ninetales|0 fnt\n|faint|p1b: Ninetales\n|move|p2a: Gastrodon|Earth Power|p1a: Flutter Mane\n|-damage|p1a: Flutter Mane|17\/100\n|-unboost|p1a: Flutter Mane|spd|1\n|\n|-sideend|p1: RLisanidiot|move: Aurora Veil\n|upkeep\n|\n|t:|1700547648\n|switch|p1b: Landorus|Landorus-Therian, M, shiny|44\/100\n|-ability|p1b: Landorus|Intimidate|boost\n|-unboost|p2a: Gastrodon|atk|1\n|-unboost|p2b: Okidogi|atk|1\n|turn|13\n|\n|t:|1700547666\n|switch|p2b: Arcanine|Arcanine-Hisui, M|100\/100\n|move|p1a: Flutter Mane|Dazzling Gleam|p2a: Gastrodon|[spread] p2a,p2b\n|-resisted|p2b: Arcanine\n|-damage|p2a: Gastrodon|35\/100\n|-damage|p2b: Arcanine|82\/100\n|move|p1b: Landorus|Sandsear Storm|p2b: Arcanine|[spread] p2a,p2b\n|-supereffective|p2b: Arcanine\n|-damage|p2a: Gastrodon|20\/100\n|-damage|p2b: Arcanine|0 fnt\n|faint|p2b: Arcanine\n|move|p2a: Gastrodon|Recover|p2a: Gastrodon\n|-heal|p2a: Gastrodon|70\/100\n|\n|upkeep\n|\n|t:|1700547677\n|switch|p2b: Okidogi|Okidogi, M|96\/100\n|turn|14\n|\n|t:|1700547687\n|move|p1a: Flutter Mane|Dazzling Gleam|p2a: Gastrodon|[spread] p2a,p2b\n|-damage|p2a: Gastrodon|48\/100\n|-damage|p2b: Okidogi|58\/100\n|move|p1b: Landorus|Sandsear Storm|p2b: Okidogi|[spread] p2a\n|-miss|p1b: Landorus|p2b: Okidogi\n|-damage|p2a: Gastrodon|34\/100\n|move|p2b: Okidogi|Gunk Shot|p1a: Flutter Mane\n|-damage|p1a: Flutter Mane|0 fnt\n|faint|p1a: Flutter Mane\n|-end|p1a: Flutter Mane|Protosynthesis|[silent]\n|move|p2a: Gastrodon|Ice Beam|p1b: Landorus\n|-supereffective|p1b: Landorus\n|-damage|p1b: Landorus|0 fnt\n|faint|p1b: Landorus\n|\n|upkeep\n|\n|t:|1700547695\n|switch|p1a: Chien-Pao|Chien-Pao|100\/100\n|switch|p1b: Pachirisu|Pachirisu, M|88\/100\n|-ability|p1a: Chien-Pao|Sword of Ruin\n|turn|15\n|\n|t:|1700547708\n|-terastallize|p1a: Chien-Pao|Electric\n|move|p2a: Gastrodon|Protect|p2a: Gastrodon\n|-singleturn|p2a: Gastrodon|Protect\n|move|p1a: Chien-Pao|Tera Blast|p2b: Okidogi|[anim] Tera Blast Electric\n|-damage|p2b: Okidogi|11\/100\n|move|p2b: Okidogi|Gunk Shot|p1a: Chien-Pao|[miss]\n|-miss|p2b: Okidogi|p1a: Chien-Pao\n|move|p1b: Pachirisu|Super Fang|p2a: Gastrodon\n|-activate|p2a: Gastrodon|move: Protect\n|\n|upkeep\n|turn|16\n|\n|t:|1700547723\n|move|p1b: Pachirisu|Follow Me|p1b: Pachirisu\n|-singleturn|p1b: Pachirisu|move: Follow Me\n|move|p1a: Chien-Pao|Ice Spinner|p2a: Gastrodon\n|-damage|p2a: Gastrodon|0 fnt\n|faint|p2a: Gastrodon\n|move|p2b: Okidogi|Gunk Shot|p1b: Pachirisu\n|-damage|p1b: Pachirisu|0 fnt\n|faint|p1b: Pachirisu\n|\n|upkeep\n|turn|17\n|c|\u2606altona|gg\n|c|\u2606altona|nice game\n|\n|t:|1700547737\n|move|p1a: Chien-Pao|Tera Blast|p2b: Okidogi|[anim] Tera Blast Electric\n|-damage|p2b: Okidogi|0 fnt\n|faint|p2b: Okidogi\n|\n|win|RLisanidiot\n|raw|RLisanidiot's rating: 1366 &rarr; <strong>1376<\/strong><br \/>(+10 for winning)\n|raw|altona's rating: 1170 &rarr; <strong>1158<\/strong><br \/>(-12 for losing)\n|l|\u2606altona\n|c|\u2606RLisanidiot|Gg\n","uploadtime":1700547755,"views":9,"p1id":"rlisanidiot","p2id":"altona","formatid":"gen9doublesou","rating":1158,"private":0,"password":""}