{"id":"gen9doublesou-1998539060","p1":"BuggsMcFuckz","p2":"eBOTT","format":"[Gen 9] Doubles OU","log":"|j|\u2606BuggsMcFuckz\n|j|\u2606eBOTT\n|t:|1700953867\n|gametype|doubles\n|player|p1|BuggsMcFuckz|265|1374\n|player|p2|eBOTT|266|1398\n|teamsize|p1|6\n|teamsize|p2|6\n|gen|9\n|tier|[Gen 9] Doubles OU\n|rated|\n|rule|Species Clause: Limit one of each Pok\u00e9mon\n|rule|OHKO Clause: OHKO moves are banned\n|rule|Evasion Moves Clause: Evasion moves are banned\n|rule|Gravity Sleep Clause: The combination of sleep-inducing moves with imperfect accuracy and Gravity or Gigantamax Orbeetle are banned\n|rule|Endless Battle Clause: Forcing endless battles is banned\n|rule|HP Percentage Mod: HP is shown in percentages\n|clearpoke\n|poke|p1|Torkoal, M|\n|poke|p1|Armarouge, M|\n|poke|p1|Indeedee-F, F|\n|poke|p1|Oranguru, M|\n|poke|p1|Flamigo, M|\n|poke|p1|Iron Bundle|\n|poke|p2|Iron Hands|\n|poke|p2|Oranguru, M|\n|poke|p2|Kingambit, M|\n|poke|p2|Vikavolt, F|\n|poke|p2|Ursaluna, M|\n|poke|p2|Sinistcha-Masterpiece|\n|teampreview\n|inactive|Battle timer is ON: inactive players will automatically lose when time's up. (requested by BuggsMcFuckz)\n|\n|t:|1700953885\n|start\n|switch|p1a: Flamigo|Flamigo, M|100\/100\n|switch|p1b: Indeedee|Indeedee-F, F|100\/100\n|switch|p2a: Oranguru|Oranguru, M|100\/100\n|switch|p2b: Iron Hands|Iron Hands|100\/100\n|-copyboost|p1a: Flamigo|p1b: Indeedee|[from] ability: Costar\n|-fieldstart|move: Psychic Terrain|[from] ability: Psychic Surge|[of] p1b: Indeedee\n|-enditem|p2b: Iron Hands|Booster Energy\n|-activate|p2b: Iron Hands|ability: Quark Drive|[fromitem]\n|-start|p2b: Iron Hands|quarkdriveatk\n|turn|1\n|\n|t:|1700953894\n|-terastallize|p1a: Flamigo|Dark\n|move|p1b: Indeedee|Helping Hand|p1a: Flamigo\n|-singleturn|p1a: Flamigo|Helping Hand|[of] p1b: Indeedee\n|move|p1a: Flamigo|Throat Chop|p2a: Oranguru\n|-supereffective|p2a: Oranguru\n|-damage|p2a: Oranguru|0 fnt\n|faint|p2a: Oranguru\n|move|p2b: Iron Hands|Wild Charge|p1a: Flamigo\n|-damage|p1a: Flamigo|8\/100\n|-damage|p2b: Iron Hands|87\/100|[from] Recoil\n|\n|upkeep\n|\n|t:|1700953916\n|switch|p2a: Kingambit|Kingambit, M|100\/100\n|turn|2\n|inactive|BuggsMcFuckz has 120 seconds left.\n|\n|t:|1700953948\n|move|p1b: Indeedee|Follow Me|p1b: Indeedee\n|-singleturn|p1b: Indeedee|move: Follow Me\n|move|p1a: Flamigo|Close Combat|p2a: Kingambit\n|-supereffective|p2a: Kingambit\n|-damage|p2a: Kingambit|0 fnt\n|-unboost|p1a: Flamigo|def|1\n|-unboost|p1a: Flamigo|spd|1\n|faint|p2a: Kingambit\n|move|p2b: Iron Hands|Brick Break|p1b: Indeedee\n|-damage|p1b: Indeedee|45\/100\n|-enditem|p1b: Indeedee|Eject Button\n|inactive|BuggsMcFuckz has 120 seconds left.\n|\n|t:|1700953965\n|switch|p1b: Armarouge|Armarouge, M|100\/100\n|\n|upkeep\n|\n|t:|1700953977\n|switch|p2a: Vikavolt|Vikavolt, F|100\/100\n|turn|3\n|\n|t:|1700953991\n|move|p1b: Armarouge|Endure|p1b: Armarouge\n|-singleturn|p1b: Armarouge|move: Endure\n|move|p1a: Flamigo|Throat Chop|p1b: Armarouge\n|-supereffective|p1b: Armarouge\n|-activate|p1b: Armarouge|move: Endure\n|-damage|p1b: Armarouge|1\/100\n|-start|p1b: Armarouge|Throat Chop|[silent]\n|-ability|p1b: Armarouge|Weak Armor|boost\n|-unboost|p1b: Armarouge|def|1\n|-boost|p1b: Armarouge|spe|2\n|-enditem|p1b: Armarouge|Weakness Policy\n|-boost|p1b: Armarouge|atk|2|[from] item: Weakness Policy\n|-boost|p1b: Armarouge|spa|2|[from] item: Weakness Policy\n|move|p2b: Iron Hands|Brick Break|p1a: Flamigo\n|-supereffective|p1a: Flamigo\n|-damage|p1a: Flamigo|0 fnt\n|faint|p1a: Flamigo\n|move|p2a: Vikavolt|Volt Switch|p1b: Armarouge\n|-activate|p1b: Armarouge|move: Endure\n|-damage|p1b: Armarouge|1\/100\n|j| kirigayaxr\n|\n|t:|1700954010\n|switch|p2a: Ursaluna|Ursaluna, M|100\/100|[from] Volt Switch\n|\n|-status|p2a: Ursaluna|brn|[from] item: Flame Orb\n|upkeep\n|\n|t:|1700954016\n|switch|p1a: Indeedee|Indeedee-F, F|45\/100\n|turn|4\n|\n|t:|1700954024\n|move|p1a: Indeedee|Helping Hand|p1b: Armarouge\n|-singleturn|p1b: Armarouge|Helping Hand|[of] p1a: Indeedee\n|move|p2a: Ursaluna|Protect|p2a: Ursaluna\n|-singleturn|p2a: Ursaluna|Protect\n|move|p1b: Armarouge|Expanding Force|p2a: Ursaluna|[spread] p2b\n|-activate|p2a: Ursaluna|move: Protect\n|-supereffective|p2b: Iron Hands\n|-damage|p2b: Iron Hands|0 fnt\n|faint|p2b: Iron Hands\n|-end|p2b: Iron Hands|Quark Drive|[silent]\n|\n|-damage|p2a: Ursaluna|94\/100 brn|[from] brn\n|-end|p1b: Armarouge|Throat Chop|[silent]\n|upkeep\n|\n|t:|1700954027\n|switch|p2b: Vikavolt|Vikavolt, F|100\/100\n|turn|5\n|\n|t:|1700954038\n|move|p1a: Indeedee|Follow Me|p1a: Indeedee\n|-singleturn|p1a: Indeedee|move: Follow Me\n|move|p1b: Armarouge|Expanding Force|p2a: Ursaluna|[spread] p2a,p2b\n|-damage|p2a: Ursaluna|0 fnt\n|-damage|p2b: Vikavolt|0 fnt\n|faint|p2a: Ursaluna\n|faint|p2b: Vikavolt\n|\n|-fieldend|move: Psychic Terrain\n|upkeep\n|-message|eBOTT forfeited.\n|\n|win|BuggsMcFuckz\n|raw|BuggsMcFuckz's rating: 1374 &rarr; <strong>1395<\/strong><br \/>(+21 for winning)\n|raw|eBOTT's rating: 1398 &rarr; <strong>1377<\/strong><br \/>(-21 for losing)\n|l|\u2606eBOTT\n|l| kirigayaxr\n","uploadtime":1700954055,"views":8,"p1id":"buggsmcfuckz","p2id":"ebott","formatid":"gen9doublesou","rating":1377,"private":0,"password":""}