{"id":"gen9doublesou-1977497871","p1":"Jonathan53332","p2":"Linkmasterjr","format":"[Gen 9] Doubles OU","log":"|j|\u2606Jonathan53332\n|j|\u2606Linkmasterjr\n|t:|1698422141\n|gametype|doubles\n|player|p1|Jonathan53332|102|\n|player|p2|Linkmasterjr|hugh|\n|teamsize|p1|6\n|teamsize|p2|6\n|gen|9\n|tier|[Gen 9] Doubles OU\n|rule|Species Clause: Limit one of each Pok\u00e9mon\n|rule|OHKO Clause: OHKO moves are banned\n|rule|Evasion Moves Clause: Evasion moves are banned\n|rule|Gravity Sleep Clause: The combination of sleep-inducing moves with imperfect accuracy and Gravity or Gigantamax Orbeetle are banned\n|rule|Endless Battle Clause: Forcing endless battles is banned\n|rule|HP Percentage Mod: HP is shown in percentages\n|clearpoke\n|poke|p1|Dugtrio-Alola, F|\n|poke|p1|Kilowattrel, M|\n|poke|p1|Gholdengo|\n|poke|p1|Cinderace, M|\n|poke|p1|Rotom-Wash|\n|poke|p1|Grimmsnarl, M|\n|poke|p2|Vikavolt, M|\n|poke|p2|Chandelure, M|\n|poke|p2|Empoleon, F|\n|poke|p2|Great Tusk|\n|poke|p2|Rillaboom, M|\n|poke|p2|Murkrow, F|\n|teampreview\n|inactive|Battle timer is ON: inactive players will automatically lose when time's up. (requested by Linkmasterjr)\n|\n|t:|1698422175\n|start\n|switch|p1a: Grimmsnarl|Grimmsnarl, M|100\/100\n|switch|p1b: Cinderace|Cinderace, M|100\/100\n|switch|p2a: Murkrow|Murkrow, F|100\/100\n|switch|p2b: Chandelure|Chandelure, M|100\/100\n|turn|1\n|\n|t:|1698422196\n|-terastallize|p2a: Murkrow|Rock\n|move|p1b: Cinderace|Pyro Ball|p2a: Murkrow\n|-resisted|p2a: Murkrow\n|-damage|p2a: Murkrow|30\/100\n|-enditem|p2a: Murkrow|Eject Button\n|\n|t:|1698422206\n|switch|p2a: Empoleon|Empoleon, F|100\/100\n|move|p2b: Chandelure|Heat Wave|p1b: Cinderace|[spread] p1a,p1b\n|-resisted|p1b: Cinderace\n|-damage|p1a: Grimmsnarl|57\/100\n|-damage|p1b: Cinderace|71\/100\n|move|p1a: Grimmsnarl|Dark Pulse|p2b: Chandelure\n|-supereffective|p2b: Chandelure\n|-damage|p2b: Chandelure|9\/100\n|\n|upkeep\n|turn|2\n|\n|t:|1698422222\n|move|p1a: Grimmsnarl|Light Screen|p1a: Grimmsnarl\n|-sidestart|p1: Jonathan53332|move: Light Screen\n|move|p1b: Cinderace|U-turn|p2b: Chandelure\n|-start|p1b: Cinderace|typechange|Bug|[from] ability: Libero\n|-resisted|p2b: Chandelure\n|-damage|p2b: Chandelure|0 fnt\n|faint|p2b: Chandelure\n|\n|t:|1698422231\n|switch|p1b: Rotom|Rotom-Wash|100\/100|[from] U-turn\n|move|p2a: Empoleon|Flash Cannon|p1a: Grimmsnarl\n|-supereffective|p1a: Grimmsnarl\n|-damage|p1a: Grimmsnarl|0 fnt\n|faint|p1a: Grimmsnarl\n|\n|upkeep\n|\n|t:|1698422245\n|switch|p2b: Great Tusk|Great Tusk, shiny|100\/100\n|switch|p1a: Dugtrio|Dugtrio-Alola, F|100\/100\n|-enditem|p2b: Great Tusk|Booster Energy\n|-activate|p2b: Great Tusk|ability: Protosynthesis|[fromitem]\n|-start|p2b: Great Tusk|protosynthesisatk\n|turn|3\n|\n|t:|1698422258\n|move|p1a: Dugtrio|Earthquake|p2a: Empoleon|[spread] p2a,p2b\n|-immune|p1b: Rotom|[from] ability: Levitate\n|-supereffective|p2a: Empoleon\n|-damage|p2a: Empoleon|39\/100\n|-damage|p2b: Great Tusk|75\/100\n|move|p2b: Great Tusk|Brick Break|p1a: Dugtrio\n|-sideend|p1: Jonathan53332|move: Light Screen\n|-supereffective|p1a: Dugtrio\n|-enditem|p1a: Dugtrio|Focus Sash\n|-damage|p1a: Dugtrio|1\/100\n|-ability|p1a: Dugtrio|Tangling Hair\n|-unboost|p2b: Great Tusk|spe|1\n|move|p1b: Rotom|Hydro Pump|p2b: Great Tusk\n|-supereffective|p2b: Great Tusk\n|-damage|p2b: Great Tusk|0 fnt\n|faint|p2b: Great Tusk\n|-end|p2b: Great Tusk|Protosynthesis|[silent]\n|move|p2a: Empoleon|Grass Knot|p1b: Rotom\n|-supereffective|p1b: Rotom\n|-damage|p1b: Rotom|81\/100\n|\n|-heal|p1b: Rotom|88\/100|[from] item: Leftovers\n|upkeep\n|\n|t:|1698422273\n|switch|p2b: Rillaboom|Rillaboom, M|100\/100\n|-fieldstart|move: Grassy Terrain|[from] ability: Grassy Surge|[of] p2b: Rillaboom\n|turn|4\n|\n|t:|1698422294\n|move|p2b: Rillaboom|Grassy Glide|p1a: Dugtrio\n|-damage|p1a: Dugtrio|0 fnt\n|-ability|p1a: Dugtrio|Tangling Hair\n|-unboost|p2b: Rillaboom|spe|1\n|faint|p1a: Dugtrio\n|move|p1b: Rotom|Thunderbolt|p2a: Empoleon\n|-supereffective|p2a: Empoleon\n|-damage|p2a: Empoleon|0 fnt\n|faint|p2a: Empoleon\n|\n|-heal|p1b: Rotom|94\/100|[from] item: Leftovers\n|upkeep\n|\n|t:|1698422303\n|switch|p1a: Kilowattrel|Kilowattrel, M|100\/100\n|switch|p2a: Vikavolt|Vikavolt, M|100\/100\n|turn|5\n|\n|t:|1698422314\n|switch|p2b: Murkrow|Murkrow, F, tera:Rock|30\/100\n|move|p1a: Kilowattrel|Tailwind|p1a: Kilowattrel\n|-sidestart|p1: Jonathan53332|move: Tailwind\n|move|p1b: Rotom|Shadow Ball|p2a: Vikavolt\n|-damage|p2a: Vikavolt|73\/100\n|move|p2a: Vikavolt|Bug Buzz|p1b: Rotom\n|-damage|p1b: Rotom|0 fnt\n|faint|p1b: Rotom\n|\n|-heal|p2b: Murkrow|36\/100|[from] Grassy Terrain\n|upkeep\n|\n|t:|1698422320\n|switch|p1b: Cinderace|Cinderace, M|71\/100\n|turn|6\n|\n|t:|1698422338\n|move|p2b: Murkrow|Tailwind|p2b: Murkrow\n|-sidestart|p2: Linkmasterjr|move: Tailwind\n|move|p1a: Kilowattrel|Air Cutter|p2a: Vikavolt|[spread] p2a,p2b\n|-resisted|p2b: Murkrow\n|-damage|p2a: Vikavolt|47\/100\n|-damage|p2b: Murkrow|23\/100\n|move|p1b: Cinderace|Pyro Ball|p2a: Vikavolt\n|-supereffective|p2a: Vikavolt\n|-crit|p2a: Vikavolt\n|-damage|p2a: Vikavolt|0 fnt\n|faint|p2a: Vikavolt\n|\n|-heal|p1b: Cinderace|77\/100|[from] Grassy Terrain\n|-heal|p2b: Murkrow|29\/100|[from] Grassy Terrain\n|upkeep\n|\n|t:|1698422345\n|switch|p2a: Rillaboom|Rillaboom, M|100\/100\n|turn|7\n|\n|t:|1698422369\n|move|p2a: Rillaboom|Fake Out|p1b: Cinderace\n|-damage|p1b: Cinderace|54\/100\n|move|p1a: Kilowattrel|Air Cutter|p2b: Murkrow|[spread] p2a,p2b\n|-supereffective|p2a: Rillaboom\n|-resisted|p2b: Murkrow\n|-damage|p2a: Rillaboom|49\/100\n|-damage|p2b: Murkrow|15\/100\n|cant|p1b: Cinderace|flinch\n|move|p2b: Murkrow|Tera Blast|p1a: Kilowattrel|[anim] Tera Blast Rock\n|-supereffective|p1a: Kilowattrel\n|-damage|p1a: Kilowattrel|4\/100\n|\n|-heal|p1b: Cinderace|60\/100|[from] Grassy Terrain\n|-heal|p2a: Rillaboom|55\/100|[from] Grassy Terrain\n|-heal|p2b: Murkrow|21\/100|[from] Grassy Terrain\n|upkeep\n|turn|8\n|\n|t:|1698422387\n|move|p2b: Murkrow|Feather Dance|p1b: Cinderace\n|-unboost|p1b: Cinderace|atk|2\n|move|p1a: Kilowattrel|Endeavor|p2a: Rillaboom\n|-damage|p2a: Rillaboom|4\/100\n|move|p1b: Cinderace|Pyro Ball|p2a: Rillaboom\n|-supereffective|p2a: Rillaboom\n|-damage|p2a: Rillaboom|0 fnt\n|faint|p2a: Rillaboom\n|\n|-heal|p1b: Cinderace|66\/100|[from] Grassy Terrain\n|-heal|p2b: Murkrow|27\/100|[from] Grassy Terrain\n|-sideend|p1: Jonathan53332|move: Tailwind\n|upkeep\n|turn|9\n|\n|t:|1698422406\n|move|p2b: Murkrow|Tera Blast|p1b: Cinderace|[anim] Tera Blast Rock\n|-supereffective|p1b: Cinderace\n|-damage|p1b: Cinderace|0 fnt\n|faint|p1b: Cinderace\n|move|p1a: Kilowattrel|Endeavor|p2b: Murkrow\n|-damage|p2b: Murkrow|4\/100\n|\n|-heal|p2b: Murkrow|10\/100|[from] Grassy Terrain\n|-sideend|p2: Linkmasterjr|move: Tailwind\n|upkeep\n|\n|t:|1698422409\n|switch|p1b: Gholdengo|Gholdengo|100\/100\n|turn|10\n|\n|t:|1698422424\n|move|p1a: Kilowattrel|Air Cutter|p2b: Murkrow\n|-resisted|p2b: Murkrow\n|-crit|p2b: Murkrow\n|-damage|p2b: Murkrow|0 fnt\n|faint|p2b: Murkrow\n|\n|win|Jonathan53332\n","uploadtime":1698422427,"views":19,"p1id":"jonathan53332","p2id":"linkmasterjr","formatid":"gen9doublesou","rating":0,"private":0,"password":""}