{"id":"gen9doublesou-1982480335","p1":"JongoG","p2":"Korgoth0711","format":"[Gen 9] Doubles OU","log":"|j|\u2606JongoG\n|j|\u2606Korgoth0711\n|t:|1699018836\n|gametype|doubles\n|player|p1|JongoG|bodybuilder-gen9|1157\n|player|p2|Korgoth0711|guitarist-gen4|1197\n|teamsize|p1|6\n|teamsize|p2|6\n|gen|9\n|tier|[Gen 9] Doubles OU\n|rated|\n|rule|Species Clause: Limit one of each Pok\u00e9mon\n|rule|OHKO Clause: OHKO moves are banned\n|rule|Evasion Moves Clause: Evasion moves are banned\n|rule|Gravity Sleep Clause: The combination of sleep-inducing moves with imperfect accuracy and Gravity or Gigantamax Orbeetle are banned\n|rule|Endless Battle Clause: Forcing endless battles is banned\n|rule|HP Percentage Mod: HP is shown in percentages\n|clearpoke\n|poke|p1|Flutter Mane|\n|poke|p1|Gholdengo|\n|poke|p1|Chien-Pao|\n|poke|p1|Amoonguss, F|\n|poke|p1|Indeedee-F, F|\n|poke|p1|Dragonite, M|\n|poke|p2|Iron Hands|\n|poke|p2|Maushold-Four|\n|poke|p2|Lucario, F|\n|poke|p2|Dragonite, M|\n|poke|p2|Talonflame, F|\n|poke|p2|Iron Bundle|\n|teampreview\n|\n|t:|1699018860\n|start\n|switch|p1a: Dragonite|Dragonite, M|100\/100\n|switch|p1b: Indeedee|Indeedee-F, F|100\/100\n|switch|p2a: Maushold|Maushold-Four|100\/100\n|switch|p2b: Lucario|Lucario, F|100\/100\n|turn|1\n|\n|t:|1699018877\n|move|p1b: Indeedee|Fake Out|p2b: Lucario\n|-resisted|p2b: Lucario\n|-damage|p2b: Lucario|96\/100\n|move|p2a: Maushold|Beat Up|p2b: Lucario\n|-resisted|p2b: Lucario\n|-damage|p2b: Lucario|94\/100\n|-ability|p2b: Lucario|Justified|boost\n|-boost|p2b: Lucario|atk|1\n|-resisted|p2b: Lucario\n|-damage|p2b: Lucario|93\/100\n|-ability|p2b: Lucario|Justified|boost\n|-boost|p2b: Lucario|atk|1\n|-resisted|p2b: Lucario\n|-damage|p2b: Lucario|91\/100\n|-ability|p2b: Lucario|Justified|boost\n|-boost|p2b: Lucario|atk|1\n|-resisted|p2b: Lucario\n|-damage|p2b: Lucario|88\/100\n|-ability|p2b: Lucario|Justified|boost\n|-boost|p2b: Lucario|atk|1\n|-resisted|p2b: Lucario\n|-damage|p2b: Lucario|87\/100\n|-ability|p2b: Lucario|Justified|boost\n|-boost|p2b: Lucario|atk|1\n|-resisted|p2b: Lucario\n|-damage|p2b: Lucario|86\/100\n|-ability|p2b: Lucario|Justified|boost\n|-boost|p2b: Lucario|atk|1\n|-hitcount|p2b: Lucario|6\n|cant|p2b: Lucario|flinch\n|move|p1a: Dragonite|Tailwind|p1a: Dragonite\n|-sidestart|p1: JongoG|move: Tailwind\n|\n|upkeep\n|turn|2\n|\n|t:|1699018909\n|move|p1b: Indeedee|Helping Hand|p1a: Dragonite\n|-singleturn|p1a: Dragonite|Helping Hand|[of] p1b: Indeedee\n|move|p2a: Maushold|Follow Me|p2a: Maushold\n|-singleturn|p2a: Maushold|move: Follow Me\n|move|p1a: Dragonite|Air Slash|p2a: Maushold\n|-crit|p2a: Maushold\n|-damage|p2a: Maushold|9\/100\n|move|p2b: Lucario|Rock Slide|p1b: Indeedee|[spread] p1a,p1b\n|-supereffective|p1a: Dragonite\n|-damage|p1a: Dragonite|0 fnt\n|-damage|p1b: Indeedee|0 fnt\n|faint|p1a: Dragonite\n|faint|p1b: Indeedee\n|\n|upkeep\n|\n|t:|1699018929\n|switch|p1b: Amoonguss|Amoonguss, F|100\/100\n|switch|p1a: Flutter Mane|Flutter Mane|100\/100\n|-enditem|p1a: Flutter Mane|Booster Energy\n|-activate|p1a: Flutter Mane|ability: Protosynthesis|[fromitem]\n|-start|p1a: Flutter Mane|protosynthesisspe\n|turn|3\n|\n|t:|1699018941\n|-terastallize|p1a: Flutter Mane|Fairy\n|move|p1b: Amoonguss|Protect|p1b: Amoonguss\n|-singleturn|p1b: Amoonguss|Protect\n|move|p2b: Lucario|Bullet Punch|p1a: Flutter Mane\n|-supereffective|p1a: Flutter Mane\n|-damage|p1a: Flutter Mane|0 fnt\n|faint|p1a: Flutter Mane\n|-end|p1a: Flutter Mane|Protosynthesis|[silent]\n|move|p2a: Maushold|Taunt|p1b: Amoonguss\n|-activate|p1b: Amoonguss|move: Protect\n|\n|upkeep\n|\n|t:|1699018959\n|switch|p1a: Chien-Pao|Chien-Pao|100\/100\n|-ability|p1a: Chien-Pao|Sword of Ruin\n|turn|4\n|\n|t:|1699018987\n|move|p2b: Lucario|Bullet Punch|p1a: Chien-Pao\n|-supereffective|p1a: Chien-Pao\n|-damage|p1a: Chien-Pao|0 fnt\n|faint|p1a: Chien-Pao\n|move|p2a: Maushold|Taunt|p1b: Amoonguss\n|-start|p1b: Amoonguss|move: Taunt\n|cant|p1b: Amoonguss|move: Taunt|Spore\n|\n|-sideend|p1: JongoG|move: Tailwind\n|upkeep\n|\n|t:|1699018995\n|switch|p1a: Gholdengo|Gholdengo|100\/100\n|turn|5\n|\n|t:|1699019009\n|move|p2a: Maushold|Follow Me|p2a: Maushold\n|-singleturn|p2a: Maushold|move: Follow Me\n|move|p2b: Lucario|Crunch|p1a: Gholdengo\n|-supereffective|p1a: Gholdengo\n|-damage|p1a: Gholdengo|0 fnt\n|faint|p1a: Gholdengo\n|move|p1b: Amoonguss|Giga Drain|p2a: Maushold\n|-damage|p2a: Maushold|0 fnt\n|faint|p2a: Maushold\n|\n|upkeep\n|\n|t:|1699019019\n|switch|p2a: Talonflame|Talonflame, F|100\/100\n|turn|6\n|-message|JongoG forfeited.\n|\n|win|Korgoth0711\n|raw|JongoG's rating: 1157 &rarr; <strong>1135<\/strong><br \/>(-22 for losing)\n|raw|Korgoth0711's rating: 1197 &rarr; <strong>1219<\/strong><br \/>(+22 for winning)\n|l|\u2606JongoG\n","uploadtime":1699019043,"views":16,"p1id":"jongog","p2id":"korgoth0711","formatid":"gen9doublesou","rating":1135,"private":0,"password":""}