{"id":"gen9doublesou-1985772480","p1":"Critian Caceorte","p2":"fdjgfijhfd","format":"[Gen 9] Doubles OU","log":"|j|\u2606Critian Caceorte\n|j|\u2606fdjgfijhfd\n|t:|1699404565\n|gametype|doubles\n|player|p1|Critian Caceorte|hilda|1134\n|player|p2|fdjgfijhfd|266|1087\n|teamsize|p1|6\n|teamsize|p2|6\n|gen|9\n|tier|[Gen 9] Doubles OU\n|rated|\n|rule|Species Clause: Limit one of each Pok\u00e9mon\n|rule|OHKO Clause: OHKO moves are banned\n|rule|Evasion Moves Clause: Evasion moves are banned\n|rule|Gravity Sleep Clause: The combination of sleep-inducing moves with imperfect accuracy and Gravity or Gigantamax Orbeetle are banned\n|rule|Endless Battle Clause: Forcing endless battles is banned\n|rule|HP Percentage Mod: HP is shown in percentages\n|clearpoke\n|poke|p1|Indeedee-F, F|\n|poke|p1|Armarouge, F|\n|poke|p1|Gallade, M|\n|poke|p1|Espathra, F|\n|poke|p1|Oranguru, M|\n|poke|p1|Farigiraf, M|\n|poke|p2|Ambipom, F|\n|poke|p2|Amoonguss, F|\n|poke|p2|Gholdengo|\n|poke|p2|Armarouge, M|\n|poke|p2|Walking Wake|\n|poke|p2|Yanmega, F|\n|teampreview\n|\n|t:|1699404571\n|start\n|switch|p1a: Indeedee|Indeedee-F, F|100\/100\n|switch|p1b: Espathra|Espathra, F|100\/100\n|switch|p2a: Ambipom|Ambipom, F|100\/100\n|switch|p2b: Armarouge|Armarouge, M|100\/100\n|-fieldstart|move: Psychic Terrain|[from] ability: Psychic Surge|[of] p1a: Indeedee\n|turn|1\n|\n|t:|1699404604\n|move|p2a: Ambipom|Fake Out|p1b: Espathra\n|-activate|p1b: Espathra|move: Psychic Terrain\n|move|p1a: Indeedee|Follow Me|p1a: Indeedee\n|-singleturn|p1a: Indeedee|move: Follow Me\n|move|p1b: Espathra|Calm Mind|p1b: Espathra\n|-boost|p1b: Espathra|spa|1\n|-boost|p1b: Espathra|spd|1\n|move|p2b: Armarouge|Calm Mind|p2b: Armarouge\n|-boost|p2b: Armarouge|spa|1\n|-boost|p2b: Armarouge|spd|1\n|\n|-ability|p1b: Espathra|Speed Boost|boost\n|-boost|p1b: Espathra|spe|1\n|upkeep\n|turn|2\n|\n|t:|1699404629\n|move|p1b: Espathra|Protect|p1b: Espathra\n|-singleturn|p1b: Espathra|Protect\n|move|p2a: Ambipom|Last Resort|p1b: Espathra\n|-activate|p1b: Espathra|move: Protect\n|move|p1a: Indeedee|Psych Up|p1b: Espathra\n|-copyboost|p1a: Indeedee|p1b: Espathra|[from] move: Psych Up\n|move|p2b: Armarouge|Armor Cannon|p1b: Espathra\n|-activate|p1b: Espathra|move: Protect\n|\n|-ability|p1b: Espathra|Speed Boost|boost\n|-boost|p1b: Espathra|spe|1\n|upkeep\n|turn|3\n|\n|t:|1699404648\n|move|p1a: Indeedee|Follow Me|p1a: Indeedee\n|-singleturn|p1a: Indeedee|move: Follow Me\n|move|p1b: Espathra|Calm Mind|p1b: Espathra\n|-boost|p1b: Espathra|spa|1\n|-boost|p1b: Espathra|spd|1\n|move|p2a: Ambipom|Last Resort|p1a: Indeedee\n|-damage|p1a: Indeedee|22\/100\n|move|p2b: Armarouge|Armor Cannon|p1a: Indeedee\n|-damage|p1a: Indeedee|0 fnt\n|-unboost|p2b: Armarouge|def|1\n|-unboost|p2b: Armarouge|spd|1\n|faint|p1a: Indeedee\n|\n|-ability|p1b: Espathra|Speed Boost|boost\n|-boost|p1b: Espathra|spe|1\n|upkeep\n|\n|t:|1699404661\n|switch|p1a: Armarouge|Armarouge, F|100\/100\n|turn|4\n|\n|t:|1699404677\n|move|p1b: Espathra|Stored Power|p2a: Ambipom\n|-damage|p2a: Ambipom|0 fnt\n|faint|p2a: Ambipom\n|move|p2b: Armarouge|Expanding Force|p1a: Armarouge|[spread] p1a,p1b\n|-resisted|p1a: Armarouge\n|-resisted|p1b: Espathra\n|-damage|p1a: Armarouge|51\/100\n|-damage|p1b: Espathra|74\/100\n|move|p1a: Armarouge|Expanding Force|p2b: Armarouge\n|-resisted|p2b: Armarouge\n|-damage|p2b: Armarouge|55\/100\n|\n|-heal|p1b: Espathra|80\/100|[from] item: Leftovers\n|-ability|p1b: Espathra|Speed Boost|boost\n|-boost|p1b: Espathra|spe|1\n|upkeep\n|\n|t:|1699404692\n|switch|p2a: Gholdengo|Gholdengo|100\/100\n|turn|5\n|\n|t:|1699404702\n|-terastallize|p1a: Armarouge|Fire\n|move|p2b: Armarouge|Ally Switch|p2b: Armarouge\n|swap|p2b: Armarouge|0|[from] move: Ally Switch\n|move|p1b: Espathra|Stored Power|p2b: Gholdengo\n|-resisted|p2b: Gholdengo\n|-damage|p2b: Gholdengo|0 fnt\n|faint|p2b: Gholdengo\n|move|p1a: Armarouge|Armor Cannon|p2a: Armarouge\n|-start|p2a: Armarouge|ability: Flash Fire\n|\n|-heal|p1b: Espathra|86\/100|[from] item: Leftovers\n|-fieldend|move: Psychic Terrain\n|-ability|p1b: Espathra|Speed Boost|boost\n|-boost|p1b: Espathra|spe|1\n|upkeep\n|\n|t:|1699404717\n|switch|p2b: Amoonguss|Amoonguss, F|100\/100\n|turn|6\n|\n|t:|1699404727\n|move|p1b: Espathra|Stored Power|p2a: Armarouge\n|-resisted|p2a: Armarouge\n|-damage|p2a: Armarouge|0 fnt\n|faint|p2a: Armarouge\n|move|p1a: Armarouge|Armor Cannon|p2b: Amoonguss\n|-supereffective|p2b: Amoonguss\n|-damage|p2b: Amoonguss|0 fnt\n|-unboost|p1a: Armarouge|def|1\n|-unboost|p1a: Armarouge|spd|1\n|faint|p2b: Amoonguss\n|\n|-heal|p1b: Espathra|92\/100|[from] item: Leftovers\n|-ability|p1b: Espathra|Speed Boost|boost\n|-boost|p1b: Espathra|spe|1\n|upkeep\n|-message|fdjgfijhfd forfeited.\n|\n|win|Critian Caceorte\n|raw|Critian Caceorte's rating: 1134 &rarr; <strong>1156<\/strong><br \/>(+22 for winning)\n|raw|fdjgfijhfd's rating: 1087 &rarr; <strong>1067<\/strong><br \/>(-20 for losing)\n|l|\u2606fdjgfijhfd\n","uploadtime":1699404744,"views":8,"p1id":"critiancaceorte","p2id":"fdjgfijhfd","formatid":"gen9doublesou","rating":1067,"private":0,"password":""}