{"id":"gen9doublesou-1998541736","p1":"Korge123456","p2":"cotesmcgotes","format":"[Gen 9] Doubles OU","log":"|j|\u2606Korge123456\n|j|\u2606cotesmcgotes\n|t:|1700954179\n|gametype|doubles\n|player|p1|Korge123456|marlon|1306\n|player|p2|cotesmcgotes|flannery|1246\n|teamsize|p1|6\n|teamsize|p2|6\n|gen|9\n|tier|[Gen 9] Doubles OU\n|rated|\n|rule|Species Clause: Limit one of each Pok\u00e9mon\n|rule|OHKO Clause: OHKO moves are banned\n|rule|Evasion Moves Clause: Evasion moves are banned\n|rule|Gravity Sleep Clause: The combination of sleep-inducing moves with imperfect accuracy and Gravity or Gigantamax Orbeetle are banned\n|rule|Endless Battle Clause: Forcing endless battles is banned\n|rule|HP Percentage Mod: HP is shown in percentages\n|clearpoke\n|poke|p1|Ninetales, F|\n|poke|p1|Lilligant-Hisui, F|\n|poke|p1|Landorus-Therian, M|\n|poke|p1|Skeledirge, M|\n|poke|p1|Walking Wake|\n|poke|p1|Rotom-Wash|\n|poke|p2|Cresselia, F|\n|poke|p2|Overqwil, F|\n|poke|p2|Pelipper, M|\n|poke|p2|Barraskewda, M|\n|poke|p2|Gholdengo|\n|poke|p2|Decidueye-Hisui, M|\n|teampreview\n|\n|t:|1700954191\n|start\n|switch|p1a: Cvnty plant|Lilligant-Hisui, F, shiny|100\/100\n|switch|p1b: Rotom|Rotom-Wash, shiny|100\/100\n|switch|p2a: Pelipper|Pelipper, M|100\/100\n|switch|p2b: Gholdengo|Gholdengo|100\/100\n|-weather|RainDance|[from] ability: Drizzle|[of] p2a: Pelipper\n|turn|1\n|inactive|Battle timer is ON: inactive players will automatically lose when time's up. (requested by cotesmcgotes)\n|\n|t:|1700954216\n|switch|p1a: Walking Wake|Walking Wake|100\/100\n|switch|p2a: Decidueye|Decidueye-Hisui, M|100\/100\n|move|p2b: Gholdengo|Thunder|p1b: Rotom\n|-damage|p1b: Rotom|61\/100\n|move|p1b: Rotom|Volt Switch|p2a: Decidueye\n|-resisted|p2a: Decidueye\n|-damage|p2a: Decidueye|90\/100\n|\n|t:|1700954232\n|switch|p1b: Funtime foxy|Ninetales, F, shiny|100\/100|[from] Volt Switch\n|-weather|SunnyDay|[from] ability: Drought|[of] p1b: Funtime foxy\n|-activate|p1a: Walking Wake|ability: Protosynthesis\n|-start|p1a: Walking Wake|protosynthesisspe\n|\n|-weather|SunnyDay|[upkeep]\n|upkeep\n|turn|2\n|\n|t:|1700954247\n|switch|p2a: Pelipper|Pelipper, M|100\/100\n|-weather|RainDance|[from] ability: Drizzle|[of] p2a: Pelipper\n|-end|p1a: Walking Wake|Protosynthesis\n|move|p1a: Walking Wake|Flamethrower|p2b: Gholdengo\n|-supereffective|p2b: Gholdengo\n|-crit|p2b: Gholdengo\n|-damage|p2b: Gholdengo|34\/100\n|move|p1b: Funtime foxy|Overheat|p2a: Pelipper\n|-resisted|p2a: Pelipper\n|-damage|p2a: Pelipper|85\/100\n|-unboost|p1b: Funtime foxy|spa|2\n|move|p2b: Gholdengo|Thunder|p1a: Walking Wake\n|-damage|p1a: Walking Wake|50\/100\n|\n|-weather|RainDance|[upkeep]\n|upkeep\n|turn|3\n|inactive|Korge123456 has 120 seconds left.\n|\n|t:|1700954284\n|-end|p1a: Walking Wake|Protosynthesis|[silent]\n|switch|p1a: Rotom|Rotom-Wash, shiny|61\/100\n|switch|p1b: Orange cat|Landorus-Therian, M, shiny|100\/100\n|-ability|p1b: Orange cat|Intimidate|boost\n|-unboost|p2a: Pelipper|atk|1\n|-unboost|p2b: Gholdengo|atk|1\n|move|p2b: Gholdengo|Make It Rain|p1b: Orange cat|[spread] p1a,p1b\n|-resisted|p1a: Rotom\n|-damage|p1a: Rotom|49\/100\n|-damage|p1b: Orange cat|22\/100\n|-unboost|p2b: Gholdengo|spa|1\n|move|p2a: Pelipper|Tailwind|p2a: Pelipper\n|-sidestart|p2: cotesmcgotes|move: Tailwind\n|\n|-weather|RainDance|[upkeep]\n|-heal|p1a: Rotom|55\/100|[from] item: Leftovers\n|upkeep\n|turn|4\n|l|\u2606cotesmcgotes\n|inactive|cotesmcgotes disconnected and has a minute to reconnect!\n|player|p2|\n|j|\u2606cotesmcgotes\n|inactive|cotesmcgotes reconnected and has 145 seconds left.\n|player|p2|cotesmcgotes|flannery\n|inactive|Korge123456 has 120 seconds left.\n|inactive|cotesmcgotes has 120 seconds left.\n|\n|t:|1700954322\n|switch|p2b: Cresselia|Cresselia, F, shiny|100\/100\n|switch|p1b: Funtime foxy|Ninetales, F, shiny|100\/100\n|-weather|SunnyDay|[from] ability: Drought|[of] p1b: Funtime foxy\n|move|p1a: Rotom|Protect|p1a: Rotom\n|-singleturn|p1a: Rotom|Protect\n|move|p2a: Pelipper|Icy Wind|p1b: Funtime foxy|[spread] p1b\n|-activate|p1a: Rotom|move: Protect\n|-resisted|p1b: Funtime foxy\n|-damage|p1b: Funtime foxy|94\/100\n|-unboost|p1b: Funtime foxy|spe|1\n|\n|-weather|SunnyDay|[upkeep]\n|-heal|p1a: Rotom|61\/100|[from] item: Leftovers\n|upkeep\n|turn|5\n|inactive|Korge123456 has 120 seconds left.\n|\n|t:|1700954350\n|switch|p2a: Barraskewda|Barraskewda, M, shiny|100\/100\n|switch|p1b: Walking Wake|Walking Wake|50\/100\n|-activate|p1b: Walking Wake|ability: Protosynthesis\n|-start|p1b: Walking Wake|protosynthesisspe\n|-terastallize|p2b: Cresselia|Electric\n|move|p2b: Cresselia|Calm Mind|p2b: Cresselia\n|-boost|p2b: Cresselia|spa|1\n|-boost|p2b: Cresselia|spd|1\n|move|p1a: Rotom|Volt Switch|p2a: Barraskewda\n|-supereffective|p2a: Barraskewda\n|-damage|p2a: Barraskewda|0 fnt\n|faint|p2a: Barraskewda\n|inactive|Korge123456 has 120 seconds left.\n|\n|t:|1700954371\n|switch|p1a: Cvnty plant|Lilligant-Hisui, F, shiny|100\/100|[from] Volt Switch\n|\n|-weather|SunnyDay|[upkeep]\n|upkeep\n|inactive|cotesmcgotes has 120 seconds left.\n|\n|t:|1700954390\n|switch|p2a: Pelipper|Pelipper, M|85\/100\n|-weather|RainDance|[from] ability: Drizzle|[of] p2a: Pelipper\n|-end|p1b: Walking Wake|Protosynthesis\n|turn|6\n|inactive|cotesmcgotes has 120 seconds left.\n|\n|t:|1700954423\n|move|p2b: Cresselia|Calm Mind|p2b: Cresselia\n|-boost|p2b: Cresselia|spa|1\n|-boost|p2b: Cresselia|spd|1\n|move|p1b: Walking Wake|Draco Meteor|p2b: Cresselia\n|-damage|p2b: Cresselia|76\/100\n|-unboost|p1b: Walking Wake|spa|2\n|move|p2a: Pelipper|Icy Wind|p1a: Cvnty plant|[spread] p1a,p1b\n|-supereffective|p1a: Cvnty plant\n|-crit|p1b: Walking Wake\n|-damage|p1a: Cvnty plant|62\/100\n|-damage|p1b: Walking Wake|29\/100\n|-unboost|p1a: Cvnty plant|spe|1\n|-unboost|p1b: Walking Wake|spe|1\n|move|p1a: Cvnty plant|Ice Spinner|p2a: Pelipper\n|-damage|p2a: Pelipper|50\/100\n|-damage|p1a: Cvnty plant|52\/100|[from] item: Life Orb\n|\n|-weather|RainDance|[upkeep]\n|-heal|p2b: Cresselia|82\/100|[from] item: Leftovers\n|-sideend|p2: cotesmcgotes|move: Tailwind\n|upkeep\n|turn|7\n|inactive|cotesmcgotes has 120 seconds left.\n|\n|t:|1700954444\n|move|p1b: Walking Wake|Draco Meteor|p2b: Cresselia\n|-damage|p2b: Cresselia|69\/100\n|-unboost|p1b: Walking Wake|spa|2\n|move|p1a: Cvnty plant|Ice Spinner|p2a: Pelipper\n|-damage|p2a: Pelipper|16\/100\n|-damage|p1a: Cvnty plant|42\/100|[from] item: Life Orb\n|move|p2b: Cresselia|Stored Power|p1a: Cvnty plant\n|-supereffective|p1a: Cvnty plant\n|-damage|p1a: Cvnty plant|0 fnt\n|faint|p1a: Cvnty plant\n|move|p2a: Pelipper|Tailwind|p2a: Pelipper\n|-sidestart|p2: cotesmcgotes|move: Tailwind\n|\n|-weather|RainDance|[upkeep]\n|-heal|p2b: Cresselia|75\/100|[from] item: Leftovers\n|upkeep\n|l|\u2606Korge123456\n|inactive|Korge123456 disconnected and has a minute to reconnect!\n|player|p1|\n|inactive|Korge123456 has 30 seconds to reconnect!\n|inactive|Korge123456 has 20 seconds to reconnect!\n|j|\u2606Korge123456\n|inactive|Korge123456 reconnected and has 100 seconds left.\n|player|p1|Korge123456|marlon\n|\n|t:|1700954500\n|switch|p1a: Funtime foxy|Ninetales, F, shiny|94\/100\n|-weather|SunnyDay|[from] ability: Drought|[of] p1a: Funtime foxy\n|-activate|p1b: Walking Wake|ability: Protosynthesis\n|-start|p1b: Walking Wake|protosynthesisdef\n|turn|8\n|\n|t:|1700954529\n|-end|p1b: Walking Wake|Protosynthesis|[silent]\n|switch|p1b: Rotom|Rotom-Wash, shiny|61\/100\n|move|p2b: Cresselia|Stored Power|p1a: Funtime foxy\n|-damage|p1a: Funtime foxy|20\/100\n|move|p2a: Pelipper|Chilling Water|p1a: Funtime foxy\n|-supereffective|p1a: Funtime foxy\n|-damage|p1a: Funtime foxy|0 fnt\n|faint|p1a: Funtime foxy\n|\n|-weather|SunnyDay|[upkeep]\n|-heal|p2b: Cresselia|81\/100|[from] item: Leftovers\n|-heal|p1b: Rotom|67\/100|[from] item: Leftovers\n|upkeep\n|inactive|Korge123456 has 90 seconds left.\n|\n|t:|1700954546\n|switch|p1a: Walking Wake|Walking Wake|29\/100\n|-activate|p1a: Walking Wake|ability: Protosynthesis\n|-start|p1a: Walking Wake|protosynthesisspe\n|turn|9\n|\n|t:|1700954563\n|switch|p2a: Decidueye|Decidueye-Hisui, M|90\/100\n|move|p1a: Walking Wake|Hydro Steam|p2b: Cresselia\n|-damage|p2b: Cresselia|57\/100\n|move|p2b: Cresselia|Stored Power|p1a: Walking Wake\n|-damage|p1a: Walking Wake|0 fnt\n|faint|p1a: Walking Wake\n|-end|p1a: Walking Wake|Protosynthesis|[silent]\n|move|p1b: Rotom|Volt Switch|p2a: Decidueye\n|-resisted|p2a: Decidueye\n|-damage|p2a: Decidueye|80\/100\n|inactive|Korge123456 has 90 seconds left.\n|\n|t:|1700954579\n|switch|p1b: Dino|Skeledirge, M, shiny|100\/100|[from] Volt Switch\n|\n|-weather|SunnyDay|[upkeep]\n|-heal|p2b: Cresselia|64\/100|[from] item: Leftovers\n|upkeep\n|\n|t:|1700954590\n|switch|p1a: Rotom|Rotom-Wash, shiny|67\/100\n|turn|10\n|inactive|Korge123456 has 90 seconds left.\n|\n|t:|1700954611\n|switch|p2a: Pelipper|Pelipper, M|16\/100\n|-weather|RainDance|[from] ability: Drizzle|[of] p2a: Pelipper\n|-terastallize|p1a: Rotom|Electric\n|move|p1a: Rotom|Protect|p1a: Rotom\n|-singleturn|p1a: Rotom|Protect\n|move|p2b: Cresselia|Stored Power|p1b: Dino\n|-damage|p1b: Dino|67\/100\n|move|p1b: Dino|Substitute|p1b: Dino\n|-start|p1b: Dino|Substitute\n|-damage|p1b: Dino|42\/100\n|\n|-weather|RainDance|[upkeep]\n|-heal|p2b: Cresselia|70\/100|[from] item: Leftovers\n|-heal|p1a: Rotom|74\/100|[from] item: Leftovers\n|-sideend|p2: cotesmcgotes|move: Tailwind\n|upkeep\n|turn|11\n|inactive|Korge123456 has 90 seconds left.\n|inactive|cotesmcgotes has 120 seconds left.\n|\n|t:|1700954648\n|move|p1a: Rotom|Volt Switch|p2a: Pelipper\n|-supereffective|p2a: Pelipper\n|-damage|p2a: Pelipper|0 fnt\n|faint|p2a: Pelipper\n|\n|t:|1700954653\n|switch|p1a: Orange cat|Landorus-Therian, M, shiny|22\/100|[from] Volt Switch\n|-ability|p1a: Orange cat|Intimidate|boost\n|-unboost|p2b: Cresselia|atk|1\n|move|p2b: Cresselia|Stored Power|p1a: Orange cat\n|-damage|p1a: Orange cat|0 fnt\n|faint|p1a: Orange cat\n|move|p1b: Dino|Torch Song|p2b: Cresselia\n|-damage|p2b: Cresselia|60\/100\n|-boost|p1b: Dino|spa|1\n|\n|-weather|RainDance|[upkeep]\n|-heal|p2b: Cresselia|66\/100|[from] item: Leftovers\n|upkeep\n|\n|t:|1700954672\n|switch|p1a: Rotom|Rotom-Wash, shiny, tera:Electric|74\/100\n|switch|p2a: Overqwil|Overqwil, F|100\/100\n|turn|12\n|\n|t:|1700954681\n|move|p1a: Rotom|Protect|p1a: Rotom\n|-singleturn|p1a: Rotom|Protect\n|move|p2a: Overqwil|Acupressure|p2b: Cresselia\n|-boost|p2b: Cresselia|spd|2\n|move|p2b: Cresselia|Calm Mind|p2b: Cresselia\n|-boost|p2b: Cresselia|spa|1\n|-boost|p2b: Cresselia|spd|1\n|move|p1b: Dino|Slack Off|p1b: Dino\n|-heal|p1b: Dino|92\/100\n|\n|-weather|RainDance|[upkeep]\n|-heal|p1a: Rotom|80\/100|[from] item: Leftovers\n|-heal|p2b: Cresselia|72\/100|[from] item: Leftovers\n|upkeep\n|turn|13\n|\n|t:|1700954700\n|move|p1a: Rotom|Protect|p1a: Rotom\n|-singleturn|p1a: Rotom|Protect\n|move|p2a: Overqwil|Crunch|p1b: Dino\n|-supereffective|p1b: Dino\n|-end|p1b: Dino|Substitute\n|move|p2b: Cresselia|Stored Power|p1b: Dino\n|-damage|p1b: Dino|30\/100\n|move|p1b: Dino|Torch Song|p2b: Cresselia\n|-damage|p2b: Cresselia|58\/100\n|-boost|p1b: Dino|spa|1\n|\n|-weather|RainDance|[upkeep]\n|-heal|p1a: Rotom|86\/100|[from] item: Leftovers\n|-heal|p2b: Cresselia|64\/100|[from] item: Leftovers\n|upkeep\n|turn|14\n|\n|t:|1700954727\n|move|p2a: Overqwil|Crunch|p1b: Dino\n|-supereffective|p1b: Dino\n|-damage|p1b: Dino|0 fnt\n|faint|p1b: Dino\n|move|p1a: Rotom|Thunder Wave|p2b: Cresselia\n|-immune|p2b: Cresselia\n|move|p2b: Cresselia|Stored Power|p1a: Rotom\n|-damage|p1a: Rotom|0 fnt\n|faint|p1a: Rotom\n|\n|win|cotesmcgotes\n|raw|Korge123456's rating: 1306 &rarr; <strong>1283<\/strong><br \/>(-23 for losing)\n|raw|cotesmcgotes's rating: 1246 &rarr; <strong>1275<\/strong><br \/>(+29 for winning)\n|l|\u2606Korge123456\n","uploadtime":1700954739,"views":7,"p1id":"korge123456","p2id":"cotesmcgotes","formatid":"gen9doublesou","rating":1275,"private":0,"password":""}