{"id":"gen9doublesou-2000323657","p1":"melvinmoler","p2":"10zolt","format":"[Gen 9] Doubles OU","log":"|j|\u2606melvinmoler\n|j|\u260610zolt\n|t:|1701184967\n|gametype|doubles\n|player|p1|melvinmoler|pilot|1327\n|player|p2|10zolt|cilan|1226\n|teamsize|p1|6\n|teamsize|p2|6\n|gen|9\n|tier|[Gen 9] Doubles OU\n|rated|\n|rule|Species Clause: Limit one of each Pok\u00e9mon\n|rule|OHKO Clause: OHKO moves are banned\n|rule|Evasion Moves Clause: Evasion moves are banned\n|rule|Gravity Sleep Clause: The combination of sleep-inducing moves with imperfect accuracy and Gravity or Gigantamax Orbeetle are banned\n|rule|Endless Battle Clause: Forcing endless battles is banned\n|rule|HP Percentage Mod: HP is shown in percentages\n|clearpoke\n|poke|p1|Ursaluna-Bloodmoon, M|\n|poke|p1|Sableye, M|\n|poke|p1|Cresselia, F|\n|poke|p1|Espathra, F|\n|poke|p1|Palafin, M|\n|poke|p1|Stonjourner, M|\n|poke|p2|Snorlax, M|\n|poke|p2|Iron Hands|\n|poke|p2|Landorus-Therian, M|\n|poke|p2|Sinistcha|\n|poke|p2|Clefairy, M|\n|poke|p2|Kommo-o, M|\n|teampreview\n|inactive|Battle timer is ON: inactive players will automatically lose when time's up. (requested by melvinmoler)\n|\n|t:|1701184980\n|start\n|switch|p1a: Penny|Espathra, F|100\/100\n|switch|p1b: The Anti-rock|Sableye, M|100\/100\n|switch|p2a: Cartman|Snorlax, M, shiny|100\/100\n|switch|p2b: Fella|Clefairy, M, shiny|100\/100\n|turn|1\n|\n|t:|1701184997\n|move|p2b: Fella|Follow Me|p2b: Fella\n|-singleturn|p2b: Fella|move: Follow Me\n|move|p1b: The Anti-rock|Thunder Wave|p2b: Fella\n|-status|p2b: Fella|par\n|move|p1a: Penny|Calm Mind|p1a: Penny\n|-boost|p1a: Penny|spa|1\n|-boost|p1a: Penny|spd|1\n|move|p2a: Cartman|Belly Drum|p2a: Cartman\n|-damage|p2a: Cartman|50\/100\n|-setboost|p2a: Cartman|atk|6|[from] move: Belly Drum\n|-enditem|p2a: Cartman|Sitrus Berry|[eat]\n|-heal|p2a: Cartman|75\/100|[from] item: Sitrus Berry\n|\n|-ability|p1a: Penny|Speed Boost|boost\n|-boost|p1a: Penny|spe|1\n|upkeep\n|turn|2\n|\n|t:|1701185020\n|switch|p2b: Bounty|Sinistcha|100\/100\n|-heal|p2a: Cartman|100\/100|[from] ability: Hospitality|[of] p2b: Bounty\n|move|p2a: Cartman|Protect|p2a: Cartman\n|-singleturn|p2a: Cartman|Protect\n|move|p1b: The Anti-rock|Encore|p2a: Cartman\n|-activate|p2a: Cartman|move: Protect\n|move|p1a: Penny|Calm Mind|p1a: Penny\n|-boost|p1a: Penny|spa|1\n|-boost|p1a: Penny|spd|1\n|\n|-ability|p1a: Penny|Speed Boost|boost\n|-boost|p1a: Penny|spe|1\n|upkeep\n|turn|3\n|inactive|10zolt has 120 seconds left.\n|\n|t:|1701185055\n|move|p1a: Penny|Protect|p1a: Penny\n|-singleturn|p1a: Penny|Protect\n|move|p2b: Bounty|Rage Powder|p2b: Bounty\n|-singleturn|p2b: Bounty|move: Rage Powder\n|move|p1b: The Anti-rock|Will-O-Wisp|p2b: Bounty\n|-status|p2b: Bounty|brn\n|move|p2a: Cartman|High Horsepower|p1b: The Anti-rock\n|-damage|p1b: The Anti-rock|0 fnt\n|faint|p1b: The Anti-rock\n|\n|-damage|p2b: Bounty|94\/100 brn|[from] brn\n|-ability|p1a: Penny|Speed Boost|boost\n|-boost|p1a: Penny|spe|1\n|upkeep\n|\n|t:|1701185069\n|switch|p1b: Totally a duck|Cresselia, F|100\/100\n|turn|4\n|\n|t:|1701185082\n|move|p1b: Totally a duck|Ally Switch|p1b: Totally a duck\n|swap|p1b: Totally a duck|0|[from] move: Ally Switch\n|move|p1b: Penny|Baton Pass|p1b: Penny\n|\n|t:|1701185085\n|switch|p1b: Freddy Fazbear|Ursaluna-Bloodmoon, M|100\/100|[from] Baton Pass\n|move|p2a: Cartman|Facade|p1b: Freddy Fazbear\n|-damage|p1b: Freddy Fazbear|0 fnt\n|faint|p1b: Freddy Fazbear\n|move|p2b: Bounty|Trick Room|p2b: Bounty\n|-fieldstart|move: Trick Room|[of] p2b: Bounty\n|\n|-damage|p2b: Bounty|88\/100 brn|[from] brn\n|upkeep\n|\n|t:|1701185096\n|switch|p1b: Chadster|Palafin, M|100\/100\n|turn|5\n|\n|t:|1701185114\n|switch|p1a: Penny|Espathra, F|100\/100\n|detailschange|p1b: Chadster|Palafin-Hero, M\n|switch|p1b: Messi|Stonjourner, M|100\/100\n|move|p2a: Cartman|Facade|p1a: Penny\n|-damage|p1a: Penny|0 fnt\n|faint|p1a: Penny\n|move|p2b: Bounty|Matcha Gotcha|p1b: Messi\n|-supereffective|p1b: Messi\n|-damage|p1b: Messi|0 fnt\n|-heal|p2b: Bounty|100\/100 brn|[from] drain|[of] p1b: Messi\n|faint|p1b: Messi\n|\n|-damage|p2b: Bounty|94\/100 brn|[from] brn\n|upkeep\n|\n|t:|1701185130\n|switch|p1b: Totally a duck|Cresselia, F|100\/100\n|switch|p1a: Chadster|Palafin-Hero, M|100\/100\n|-activate|p1a: Chadster|ability: Zero to Hero\n|turn|6\n|\n|t:|1701185147\n|move|p2a: Cartman|Facade|p1b: Totally a duck\n|-damage|p1b: Totally a duck|0 fnt\n|faint|p1b: Totally a duck\n|move|p2b: Bounty|Matcha Gotcha|p1a: Chadster\n|-supereffective|p1a: Chadster\n|-damage|p1a: Chadster|22\/100\n|-heal|p2b: Bounty|100\/100 brn|[from] drain|[of] p1a: Chadster\n|move|p1a: Chadster|Close Combat|p2a: Cartman\n|-supereffective|p2a: Cartman\n|-damage|p2a: Cartman|10\/100\n|-unboost|p1a: Chadster|def|1\n|-unboost|p1a: Chadster|spd|1\n|\n|-damage|p2b: Bounty|94\/100 brn|[from] brn\n|upkeep\n|turn|7\n|c|\u2606melvinmoler|gg\n|\n|t:|1701185167\n|move|p1a: Chadster|Protect|p1a: Chadster\n|-singleturn|p1a: Chadster|Protect\n|move|p2b: Bounty|Rage Powder|p2b: Bounty\n|-singleturn|p2b: Bounty|move: Rage Powder\n|move|p2a: Cartman|Facade|p1a: Chadster\n|-activate|p1a: Chadster|move: Protect\n|\n|-damage|p2b: Bounty|88\/100 brn|[from] brn\n|upkeep\n|turn|8\n|\n|t:|1701185180\n|move|p2b: Bounty|Rage Powder|p2b: Bounty\n|-singleturn|p2b: Bounty|move: Rage Powder\n|move|p1a: Chadster|Jet Punch|p2b: Bounty\n|-resisted|p2b: Bounty\n|-damage|p2b: Bounty|73\/100 brn\n|move|p2a: Cartman|Facade|p1a: Chadster\n|-damage|p1a: Chadster|0 fnt\n|faint|p1a: Chadster\n|\n|win|10zolt\n|raw|melvinmoler's rating: 1327 &rarr; <strong>1301<\/strong><br \/>(-26 for losing)\n|raw|10zolt's rating: 1226 &rarr; <strong>1258<\/strong><br \/>(+32 for winning)\n|l|\u2606melvinmoler\n","uploadtime":1701185193,"views":13,"p1id":"melvinmoler","p2id":"10zolt","formatid":"gen9doublesou","rating":1258,"private":0,"password":""}