{"id":"gen9doublesou-1979472649","p1":"kenyJ","p2":"bib51","format":"[Gen 9] Doubles OU","log":"|j|\u2606kenyJ\n|j|\u2606bib51\n|inactive|Battle timer is ON: inactive players will automatically lose when time's up.\n|t:|1698685411\n|gametype|doubles\n|player|p1|kenyJ|alec-anime|\n|player|p2|bib51|maylene|\n|teamsize|p1|6\n|teamsize|p2|6\n|gen|9\n|tier|[Gen 9] Doubles OU\n|rated|Tournament battle\n|rule|Species Clause: Limit one of each Pok\u00e9mon\n|rule|OHKO Clause: OHKO moves are banned\n|rule|Evasion Moves Clause: Evasion moves are banned\n|rule|Gravity Sleep Clause: The combination of sleep-inducing moves with imperfect accuracy and Gravity or Gigantamax Orbeetle are banned\n|rule|Endless Battle Clause: Forcing endless battles is banned\n|rule|HP Percentage Mod: HP is shown in percentages\n|clearpoke\n|poke|p1|Gholdengo|\n|poke|p1|Tornadus, M|\n|poke|p1|Ogerpon-Wellspring, F|\n|poke|p1|Glimmora, F|\n|poke|p1|Chien-Pao|\n|poke|p1|Basculegion-F, F|\n|poke|p2|Roaring Moon|\n|poke|p2|Armarouge, F|\n|poke|p2|Indeedee-F, F|\n|poke|p2|Ogerpon-Wellspring, F|\n|poke|p2|Okidogi, M|\n|poke|p2|Diancie|\n|teampreview\n|inactive|kenyJ also wants the timer to be on.\n|inactive|bib51 also wants the timer to be on.\n|j| t3rryc\n|j| sheeble\n|inactive|kenyJ has 120 seconds left.\n|inactive|bib51 has 120 seconds left.\n|\n|t:|1698685467\n|start\n|switch|p1a: Chien-Pao|Chien-Pao|100\/100\n|switch|p1b: Glimmora|Glimmora, F|100\/100\n|switch|p2a: Roaring Moon|Roaring Moon|100\/100\n|switch|p2b: Okidogi|Okidogi, M|100\/100\n|-ability|p1a: Chien-Pao|Sword of Ruin\n|-enditem|p2a: Roaring Moon|Booster Energy\n|-activate|p2a: Roaring Moon|ability: Protosynthesis|[fromitem]\n|-start|p2a: Roaring Moon|protosynthesisspe\n|turn|1\n|\n|t:|1698685489\n|move|p2a: Roaring Moon|Protect|p2a: Roaring Moon\n|-singleturn|p2a: Roaring Moon|Protect\n|move|p1a: Chien-Pao|Protect|p1a: Chien-Pao\n|-singleturn|p1a: Chien-Pao|Protect\n|move|p1b: Glimmora|Stealth Rock|p2a: Roaring Moon\n|-sidestart|p2: bib51|move: Stealth Rock\n|move|p2b: Okidogi|Drain Punch|p1a: Chien-Pao\n|-activate|p1a: Chien-Pao|move: Protect\n|\n|upkeep\n|turn|2\n|inactive|kenyJ has 120 seconds left.\n|\n|t:|1698685525\n|switch|p1a: Tornadus|Tornadus, M|100\/100\n|move|p2a: Roaring Moon|Knock Off|p1a: Tornadus\n|-damage|p1a: Tornadus|40\/100\n|-enditem|p1a: Tornadus|Sitrus Berry|[from] move: Knock Off|[of] p2a: Roaring Moon\n|move|p1b: Glimmora|Sludge Bomb|p2a: Roaring Moon\n|-damage|p2a: Roaring Moon|54\/100\n|-status|p2a: Roaring Moon|psn\n|move|p2b: Okidogi|Drain Punch|p1a: Tornadus\n|-resisted|p1a: Tornadus\n|-damage|p1a: Tornadus|20\/100\n|\n|-damage|p2a: Roaring Moon|42\/100 psn|[from] psn\n|upkeep\n|turn|3\n|inactive|kenyJ has 120 seconds left.\n|\n|t:|1698685551\n|move|p1a: Tornadus|Tailwind|p1a: Tornadus\n|-sidestart|p1: kenyJ|move: Tailwind\n|move|p2a: Roaring Moon|Tailwind|p2a: Roaring Moon\n|-sidestart|p2: bib51|move: Tailwind\n|move|p1b: Glimmora|Sludge Bomb|p2a: Roaring Moon\n|-damage|p2a: Roaring Moon|0 fnt\n|faint|p2a: Roaring Moon\n|-end|p2a: Roaring Moon|Protosynthesis|[silent]\n|move|p2b: Okidogi|Bulk Up|p2b: Okidogi\n|-boost|p2b: Okidogi|atk|1\n|-boost|p2b: Okidogi|def|1\n|\n|upkeep\n|\n|t:|1698685567\n|switch|p2a: Diancie|Diancie|100\/100\n|-damage|p2a: Diancie|88\/100|[from] Stealth Rock\n|turn|4\n|j| blfitcrofter\n|\n|t:|1698685587\n|move|p1a: Tornadus|Taunt|p2a: Diancie\n|-start|p2a: Diancie|move: Taunt\n|move|p1b: Glimmora|Sludge Bomb|p2a: Diancie\n|-damage|p2a: Diancie|55\/100\n|move|p2b: Okidogi|Drain Punch|p1b: Glimmora\n|-damage|p1b: Glimmora|40\/100\n|-activate|p1b: Glimmora|ability: Toxic Debris\n|-sidestart|p2: bib51|move: Toxic Spikes\n|move|p2a: Diancie|Diamond Storm|p1b: Glimmora|[spread] p1a,p1b\n|-supereffective|p1a: Tornadus\n|-damage|p1a: Tornadus|0 fnt\n|-damage|p1b: Glimmora|2\/100\n|-boost|p2a: Diancie|def|2\n|-activate|p1b: Glimmora|ability: Toxic Debris\n|-sidestart|p2: bib51|move: Toxic Spikes\n|faint|p1a: Tornadus\n|\n|upkeep\n|inactive|kenyJ has 120 seconds left.\n|\n|t:|1698685614\n|switch|p1a: Gholdengo|Gholdengo|100\/100\n|turn|5\n|inactive|kenyJ has 120 seconds left.\n|\n|t:|1698685641\n|move|p1b: Glimmora|Sludge Bomb|p2a: Diancie\n|-damage|p2a: Diancie|20\/100\n|-status|p2a: Diancie|psn\n|move|p1a: Gholdengo|Nasty Plot|p1a: Gholdengo\n|-boost|p1a: Gholdengo|spa|2\n|move|p2b: Okidogi|Bulk Up|p2b: Okidogi\n|-boost|p2b: Okidogi|atk|1\n|-boost|p2b: Okidogi|def|1\n|move|p2a: Diancie|Diamond Storm|p1a: Gholdengo|[spread] p1a,p1b\n|-resisted|p1a: Gholdengo\n|-damage|p1a: Gholdengo|85\/100\n|-damage|p1b: Glimmora|0 fnt\n|faint|p1b: Glimmora\n|\n|-damage|p2a: Diancie|7\/100 psn|[from] psn\n|upkeep\n|inactive|kenyJ has 90 seconds left.\n|\n|t:|1698685670\n|switch|p1b: Basculegion|Basculegion-F, F|100\/100\n|turn|6\n|inactive|bib51 has 120 seconds left.\n|j| ChickenSquared\n|\n|t:|1698685708\n|move|p2b: Okidogi|Protect|p2b: Okidogi\n|-singleturn|p2b: Okidogi|Protect\n|move|p1b: Basculegion|Last Respects|p2b: Okidogi\n|-activate|p2b: Okidogi|move: Protect\n|move|p1a: Gholdengo|Shadow Ball|p2b: Okidogi\n|-activate|p2b: Okidogi|move: Protect\n|move|p2a: Diancie|Diamond Storm|p1a: Gholdengo|[spread] p1a,p1b\n|-resisted|p1a: Gholdengo\n|-damage|p1a: Gholdengo|71\/100\n|-damage|p1b: Basculegion|56\/100\n|-boost|p2a: Diancie|def|2\n|\n|-damage|p2a: Diancie|0 fnt|[from] psn\n|faint|p2a: Diancie\n|-sideend|p1: kenyJ|move: Tailwind\n|-sideend|p2: bib51|move: Tailwind\n|upkeep\n|inactive|bib51 has 90 seconds left.\n|\n|t:|1698685758\n|switch|p2a: Indeedee|Indeedee-F, F|100\/100\n|-damage|p2a: Indeedee|88\/100|[from] Stealth Rock\n|-status|p2a: Indeedee|tox\n|-fieldstart|move: Psychic Terrain|[from] ability: Psychic Surge|[of] p2a: Indeedee\n|-enditem|p2b: Okidogi|Psychic Seed\n|-boost|p2b: Okidogi|spd|1|[from] item: Psychic Seed\n|turn|7\n|inactive|bib51 has 90 seconds left.\n|inactive|kenyJ has 120 seconds left.\n|\n|t:|1698685795\n|switch|p1b: Chien-Pao|Chien-Pao|100\/100\n|-ability|p1b: Chien-Pao|Sword of Ruin\n|move|p1a: Gholdengo|Make It Rain|p2a: Indeedee|[spread] p2a,p2b\n|-damage|p2a: Indeedee|8\/100 tox\n|-damage|p2b: Okidogi|54\/100\n|-unboost|p1a: Gholdengo|spa|1\n|move|p2b: Okidogi|Gunk Shot|p1b: Chien-Pao\n|-damage|p1b: Chien-Pao|0 fnt\n|faint|p1b: Chien-Pao\n|move|p2a: Indeedee|Trick Room|p2a: Indeedee\n|-fieldstart|move: Trick Room|[of] p2a: Indeedee\n|\n|-damage|p2a: Indeedee|2\/100 tox|[from] psn\n|upkeep\n|l| blfitcrofter\n|inactive|kenyJ has 90 seconds left.\n|c| ChickenSquared|I <3 dog\n|inactive|kenyJ has 60 seconds left.\n|\n|t:|1698685854\n|switch|p1b: Ogerpon|Ogerpon-Wellspring, F|100\/100\n|turn|8\n|c| ChickenSquared|El perro is el mejor\n|c|\u2606bib51|woof\n|inactive|bib51 has 90 seconds left.\n|c| ChickenSquared|,  \u2018:|\n|inactive|bib51 has 60 seconds left.\n|\n|t:|1698685915\n|move|p1b: Ogerpon|Spiky Shield|p1b: Ogerpon\n|-singleturn|p1b: Ogerpon|move: Protect\n|move|p2a: Indeedee|Follow Me|p2a: Indeedee\n|-singleturn|p2a: Indeedee|move: Follow Me\n|move|p2b: Okidogi|Gunk Shot|p1b: Ogerpon\n|-activate|p1b: Ogerpon|move: Protect\n|move|p1a: Gholdengo|Shadow Ball|p2a: Indeedee\n|-immune|p2a: Indeedee\n|\n|-damage|p2a: Indeedee|0 fnt|[from] psn\n|faint|p2a: Indeedee\n|upkeep\n|inactive|bib51 has 60 seconds left.\n|\n|t:|1698685935\n|switch|p2a: Armarouge|Armarouge, F|100\/100\n|-damage|p2a: Armarouge|76\/100|[from] Stealth Rock\n|-status|p2a: Armarouge|tox\n|turn|9\n|inactive|kenyJ has 90 seconds left.\n|inactive|bib51 has 60 seconds left.\n|inactive|bib51 has 30 seconds left.\n|inactive|bib51 has 20 seconds left.\n|\n|t:|1698685993\n|-terastallize|p1a: Gholdengo|Dragon\n|move|p2a: Armarouge|Protect|p2a: Armarouge\n|-singleturn|p2a: Armarouge|Protect\n|move|p2b: Okidogi|Gunk Shot|p1b: Ogerpon\n|-supereffective|p1b: Ogerpon\n|-damage|p1b: Ogerpon|0 fnt\n|faint|p1b: Ogerpon\n|move|p1a: Gholdengo|Shadow Ball|p2a: Armarouge\n|-activate|p2a: Armarouge|move: Protect\n|\n|-damage|p2a: Armarouge|70\/100 tox|[from] psn\n|upkeep\n|inactive|bib51 has 25 seconds left this turn.\n|\n|t:|1698686002\n|switch|p1b: Basculegion|Basculegion-F, F|56\/100\n|turn|10\n|inactive|kenyJ has 90 seconds left.\n|\n|t:|1698686018\n|move|p1a: Gholdengo|Protect|p1a: Gholdengo\n|-singleturn|p1a: Gholdengo|Protect\n|move|p2b: Okidogi|Drain Punch|p1a: Gholdengo\n|-activate|p1a: Gholdengo|move: Protect\n|move|p2a: Armarouge|Expanding Force|p1b: Basculegion|[spread] p1b\n|-activate|p1a: Gholdengo|move: Protect\n|-damage|p1b: Basculegion|0 fnt\n|faint|p1b: Basculegion\n|-damage|p2a: Armarouge|60\/100 tox|[from] item: Life Orb\n|\n|-damage|p2a: Armarouge|48\/100 tox|[from] psn\n|upkeep\n|turn|11\n|\n|t:|1698686032\n|move|p1a: Gholdengo|Protect|p1a: Gholdengo\n|-singleturn|p1a: Gholdengo|Protect\n|move|p2b: Okidogi|Drain Punch|p1a: Gholdengo\n|-activate|p1a: Gholdengo|move: Protect\n|move|p2a: Armarouge|Expanding Force|p1a: Gholdengo\n|-activate|p1a: Gholdengo|move: Protect\n|\n|-damage|p2a: Armarouge|30\/100 tox|[from] psn\n|-fieldend|move: Trick Room\n|-fieldend|move: Psychic Terrain\n|upkeep\n|turn|12\n|inactive|kenyJ has 120 seconds left.\n|\n|t:|1698686059\n|move|p1a: Gholdengo|Make It Rain|p2a: Armarouge|[spread] p2a,p2b\n|-resisted|p2a: Armarouge\n|-damage|p2a: Armarouge|0 fnt\n|-damage|p2b: Okidogi|18\/100\n|-unboost|p1a: Gholdengo|spa|1\n|faint|p2a: Armarouge\n|move|p2b: Okidogi|Drain Punch|p1a: Gholdengo\n|-damage|p1a: Gholdengo|0 fnt\n|-heal|p2b: Okidogi|53\/100|[from] drain|[of] p1a: Gholdengo\n|faint|p1a: Gholdengo\n|\n|win|bib51\n|n|\u2606kenyJ|kenyj\n|n|\u2606bib51|bib51\n|n| t3rryc|t3rryc\n|n| sheeble|sheeble\n|n| ChickenSquared|chickensquared\n","uploadtime":1698686060,"views":17,"p1id":"kenyj","p2id":"bib51","formatid":"gen9doublesou","rating":0,"private":0,"password":""}