{"id":"gen9doublesou-1979641755","p1":"IdeaNoExist","p2":"SyIver1000","format":"[Gen 9] Doubles OU","log":"|j|\u2606IdeaNoExist\n|j|\u2606SyIver1000\n|t:|1698699157\n|gametype|doubles\n|player|p1|IdeaNoExist|plasmagrunt-gen5bw|1081\n|player|p2|SyIver1000|cynthia|1076\n|teamsize|p1|6\n|teamsize|p2|6\n|gen|9\n|tier|[Gen 9] Doubles OU\n|rated|\n|rule|Species Clause: Limit one of each Pok\u00e9mon\n|rule|OHKO Clause: OHKO moves are banned\n|rule|Evasion Moves Clause: Evasion moves are banned\n|rule|Gravity Sleep Clause: The combination of sleep-inducing moves with imperfect accuracy and Gravity or Gigantamax Orbeetle are banned\n|rule|Endless Battle Clause: Forcing endless battles is banned\n|rule|HP Percentage Mod: HP is shown in percentages\n|clearpoke\n|poke|p1|Sinistcha-Masterpiece|\n|poke|p1|Baxcalibur, F|\n|poke|p1|Ninetales-Alola, F|\n|poke|p1|Amoonguss, F|\n|poke|p1|Slaking, F|\n|poke|p1|Clefairy, F|\n|poke|p2|Torterra, F|\n|poke|p2|Ogerpon-Wellspring, F|\n|poke|p2|Farigiraf, M|\n|poke|p2|Glimmora, F|\n|poke|p2|Diancie|\n|poke|p2|Corviknight, F|\n|teampreview\n|\n|t:|1698699164\n|start\n|switch|p1a: Sinistcha|Sinistcha-Masterpiece|100\/100\n|switch|p1b: Amoonguss|Amoonguss, F|100\/100\n|switch|p2a: Torterra|Torterra, F|100\/100\n|switch|p2b: Corviknight|Corviknight, F|100\/100\n|turn|1\n|\n|t:|1698699181\n|move|p2a: Torterra|Shell Smash|p2a: Torterra\n|-unboost|p2a: Torterra|def|1\n|-unboost|p2a: Torterra|spd|1\n|-boost|p2a: Torterra|atk|2\n|-boost|p2a: Torterra|spa|2\n|-boost|p2a: Torterra|spe|2\n|move|p2b: Corviknight|Tailwind|p2b: Corviknight\n|-sidestart|p2: SyIver1000|move: Tailwind\n|move|p1b: Amoonguss|Spore|p2b: Corviknight\n|-status|p2b: Corviknight|slp|[from] move: Spore\n|-enditem|p2b: Corviknight|Lum Berry|[eat]\n|-curestatus|p2b: Corviknight|slp|[msg]\n|move|p1a: Sinistcha|Trick Room|p1a: Sinistcha\n|-fieldstart|move: Trick Room|[of] p1a: Sinistcha\n|\n|upkeep\n|turn|2\n|\n|t:|1698699201\n|switch|p1b: Clefairy|Clefairy, F|100\/100\n|switch|p1a: Baxcalibur|Baxcalibur, F|100\/100\n|move|p2b: Corviknight|Brave Bird|p1a: Baxcalibur\n|-damage|p1a: Baxcalibur|75\/100\n|-damage|p2b: Corviknight|91\/100|[from] Recoil\n|move|p2a: Torterra|Earthquake|p1b: Clefairy|[spread] p1a,p1b\n|-immune|p2b: Corviknight\n|-damage|p1a: Baxcalibur|28\/100\n|-damage|p1b: Clefairy|16\/100\n|-enditem|p1a: Baxcalibur|Sitrus Berry|[eat]\n|-heal|p1a: Baxcalibur|53\/100|[from] item: Sitrus Berry\n|\n|upkeep\n|turn|3\n|\n|t:|1698699225\n|switch|p1b: Sinistcha|Sinistcha-Masterpiece|100\/100\n|-heal|p1a: Baxcalibur|77\/100|[from] ability: Hospitality|[of] p1b: Sinistcha\n|move|p1a: Baxcalibur|Icicle Spear|p2a: Torterra\n|-supereffective|p2a: Torterra\n|-damage|p2a: Torterra|14\/100\n|-supereffective|p2a: Torterra\n|-damage|p2a: Torterra|0 fnt\n|faint|p2a: Torterra\n|-hitcount|p2: Torterra|2\n|move|p2b: Corviknight|Body Press|p1a: Baxcalibur\n|-supereffective|p1a: Baxcalibur\n|-damage|p1a: Baxcalibur|37\/100\n|\n|upkeep\n|\n|t:|1698699239\n|switch|p2a: Diancie|Diancie|100\/100\n|turn|4\n|\n|t:|1698699246\n|switch|p1a: Slaking|Slaking, F|100\/100\n|move|p1b: Sinistcha|Stun Spore|p2b: Corviknight\n|-status|p2b: Corviknight|par\n|move|p2b: Corviknight|Body Press|p1a: Slaking\n|-supereffective|p1a: Slaking\n|-damage|p1a: Slaking|70\/100\n|move|p2a: Diancie|Diamond Storm|p1b: Sinistcha|[spread] p1a\n|-miss|p2a: Diancie|p1b: Sinistcha\n|-damage|p1a: Slaking|50\/100\n|-boost|p2a: Diancie|def|2\n|\n|-sideend|p2: SyIver1000|move: Tailwind\n|upkeep\n|turn|5\n|\n|t:|1698699262\n|move|p2b: Corviknight|Body Press|p1a: Slaking\n|-supereffective|p1a: Slaking\n|-damage|p1a: Slaking|18\/100\n|move|p2a: Diancie|Body Press|p1a: Slaking\n|-supereffective|p1a: Slaking\n|-damage|p1a: Slaking|0 fnt\n|faint|p1a: Slaking\n|move|p1b: Sinistcha|Stun Spore|p2a: Diancie|[miss]\n|-miss|p1b: Sinistcha|p2a: Diancie\n|\n|-fieldend|move: Trick Room\n|upkeep\n|\n|t:|1698699270\n|switch|p1a: Ninetales|Ninetales-Alola, F|100\/100\n|-weather|Snow|[from] ability: Snow Warning|[of] p1a: Ninetales\n|turn|6\n|\n|t:|1698699280\n|move|p1a: Ninetales|Aurora Veil|p1a: Ninetales\n|-sidestart|p1: IdeaNoExist|move: Aurora Veil\n|move|p1b: Sinistcha|Stun Spore|p2a: Diancie\n|-status|p2a: Diancie|par\n|move|p2b: Corviknight|Brave Bird|p1b: Sinistcha\n|-supereffective|p1b: Sinistcha\n|-damage|p1b: Sinistcha|64\/100\n|-damage|p2b: Corviknight|81\/100 par|[from] Recoil\n|cant|p2a: Diancie|par\n|\n|-weather|Snow|[upkeep]\n|upkeep\n|turn|7\n|\n|t:|1698699299\n|move|p1a: Ninetales|Substitute|p1a: Ninetales\n|-start|p1a: Ninetales|Substitute\n|-damage|p1a: Ninetales|76\/100\n|move|p1b: Sinistcha|Matcha Gotcha|p2a: Diancie|[spread] p2a\n|-miss|p1b: Sinistcha|p2b: Corviknight\n|-supereffective|p2a: Diancie\n|-damage|p2a: Diancie|63\/100 par\n|-heal|p1b: Sinistcha|77\/100|[from] drain|[of] p2a: Diancie\n|move|p2b: Corviknight|Tailwind|p2b: Corviknight\n|-sidestart|p2: SyIver1000|move: Tailwind\n|move|p2a: Diancie|Diamond Storm|p1b: Sinistcha|[spread] p1a,p1b\n|-supereffective|p1a: Ninetales\n|-end|p1a: Ninetales|Substitute\n|-damage|p1b: Sinistcha|66\/100\n|-boost|p2a: Diancie|def|2\n|\n|-weather|Snow|[upkeep]\n|-heal|p2a: Diancie|69\/100 par|[from] item: Leftovers\n|upkeep\n|turn|8\n|\n|t:|1698699317\n|move|p1a: Ninetales|Substitute|p1a: Ninetales\n|-start|p1a: Ninetales|Substitute\n|-damage|p1a: Ninetales|51\/100\n|move|p1b: Sinistcha|Matcha Gotcha|p2a: Diancie|[spread] p2a,p2b\n|-supereffective|p2a: Diancie\n|-resisted|p2b: Corviknight\n|-damage|p2a: Diancie|32\/100 par\n|-heal|p1b: Sinistcha|79\/100|[from] drain|[of] p2a: Diancie\n|-damage|p2b: Corviknight|75\/100 par\n|-heal|p1b: Sinistcha|83\/100|[from] drain|[of] p2b: Corviknight\n|move|p2b: Corviknight|Brave Bird|p1b: Sinistcha\n|-supereffective|p1b: Sinistcha\n|-damage|p1b: Sinistcha|44\/100\n|-damage|p2b: Corviknight|64\/100 par|[from] Recoil\n|move|p2a: Diancie|Diamond Storm|p1a: Ninetales|[spread] p1a,p1b\n|-supereffective|p1a: Ninetales\n|-end|p1a: Ninetales|Substitute\n|-damage|p1b: Sinistcha|32\/100\n|-boost|p2a: Diancie|def|2\n|\n|-weather|Snow|[upkeep]\n|-heal|p2a: Diancie|38\/100 par|[from] item: Leftovers\n|upkeep\n|turn|9\n|\n|t:|1698699345\n|move|p1a: Ninetales|Substitute|p1a: Ninetales\n|-start|p1a: Ninetales|Substitute\n|-damage|p1a: Ninetales|26\/100\n|move|p1b: Sinistcha|Matcha Gotcha|p2b: Corviknight|[spread] p2a\n|-miss|p1b: Sinistcha|p2b: Corviknight\n|-supereffective|p2a: Diancie\n|-damage|p2a: Diancie|3\/100 par\n|-heal|p1b: Sinistcha|44\/100|[from] drain|[of] p2a: Diancie\n|move|p2b: Corviknight|Brave Bird|p1b: Sinistcha\n|-supereffective|p1b: Sinistcha\n|-damage|p1b: Sinistcha|9\/100\n|-damage|p2b: Corviknight|54\/100 par|[from] Recoil\n|cant|p2a: Diancie|par\n|\n|-weather|Snow|[upkeep]\n|-heal|p2a: Diancie|9\/100 par|[from] item: Leftovers\n|upkeep\n|turn|10\n|\n|t:|1698699365\n|move|p1a: Ninetales|Calm Mind|p1a: Ninetales\n|-boost|p1a: Ninetales|spa|1\n|-boost|p1a: Ninetales|spd|1\n|move|p1b: Sinistcha|Matcha Gotcha|p2b: Corviknight|[spread] p2a,p2b\n|-supereffective|p2a: Diancie\n|-resisted|p2b: Corviknight\n|-damage|p2a: Diancie|0 fnt\n|-heal|p1b: Sinistcha|12\/100|[from] drain|[of] p2a: Diancie\n|-damage|p2b: Corviknight|48\/100 par\n|-heal|p1b: Sinistcha|16\/100|[from] drain|[of] p2b: Corviknight\n|faint|p2a: Diancie\n|move|p2b: Corviknight|Brave Bird|p1b: Sinistcha\n|-supereffective|p1b: Sinistcha\n|-damage|p1b: Sinistcha|0 fnt\n|faint|p1b: Sinistcha\n|-damage|p2b: Corviknight|43\/100 par|[from] Recoil\n|\n|-weather|Snow|[upkeep]\n|-sideend|p2: SyIver1000|move: Tailwind\n|-sideend|p1: IdeaNoExist|move: Aurora Veil\n|upkeep\n|\n|t:|1698699385\n|switch|p1b: Amoonguss|Amoonguss, F|100\/100\n|switch|p2a: Glimmora|Glimmora, F|100\/100\n|turn|11\n|\n|t:|1698699395\n|move|p1b: Amoonguss|Rage Powder|p1b: Amoonguss\n|-singleturn|p1b: Amoonguss|move: Rage Powder\n|move|p1a: Ninetales|Aurora Veil|p1a: Ninetales\n|-sidestart|p1: IdeaNoExist|move: Aurora Veil\n|move|p2a: Glimmora|Sludge Wave|p1b: Amoonguss|[spread] p1a,p1b\n|-immune|p2b: Corviknight\n|-supereffective|p1a: Ninetales\n|-end|p1a: Ninetales|Substitute\n|-crit|p1b: Amoonguss\n|-damage|p1b: Amoonguss|72\/100\n|move|p2b: Corviknight|Tailwind|p2b: Corviknight\n|-sidestart|p2: SyIver1000|move: Tailwind\n|\n|-weather|Snow|[upkeep]\n|upkeep\n|turn|12\n|-message|IdeaNoExist forfeited.\n|\n|win|SyIver1000\n|raw|IdeaNoExist's rating: 1081 &rarr; <strong>1059<\/strong><br \/>(-22 for losing)\n|raw|SyIver1000's rating: 1076 &rarr; <strong>1105<\/strong><br \/>(+29 for winning)\n|l|\u2606IdeaNoExist\n","uploadtime":1698699412,"views":12,"p1id":"ideanoexist","p2id":"syiver1000","formatid":"gen9doublesou","rating":1059,"private":0,"password":""}