{"id":"gen9doublesou-1981367340","p1":"GarfieldSupremacy","p2":"ReligiousTweezer","format":"[Gen 9] Doubles OU","log":"|j|\u2606GarfieldSupremacy\n|j|\u2606ReligiousTweezer\n|t:|1698888155\n|gametype|doubles\n|player|p1|GarfieldSupremacy|unknown|1088\n|player|p2|ReligiousTweezer|medium|1097\n|teamsize|p1|6\n|teamsize|p2|6\n|gen|9\n|tier|[Gen 9] Doubles OU\n|rated|\n|rule|Species Clause: Limit one of each Pok\u00e9mon\n|rule|OHKO Clause: OHKO moves are banned\n|rule|Evasion Moves Clause: Evasion moves are banned\n|rule|Gravity Sleep Clause: The combination of sleep-inducing moves with imperfect accuracy and Gravity or Gigantamax Orbeetle are banned\n|rule|Endless Battle Clause: Forcing endless battles is banned\n|rule|HP Percentage Mod: HP is shown in percentages\n|clearpoke\n|poke|p1|Raichu, M|\n|poke|p1|Toxapex, M|\n|poke|p1|Pelipper, M|\n|poke|p1|Basculegion-F, F|\n|poke|p1|Palafin, F|\n|poke|p1|Meowscarada, F|\n|poke|p2|Umbreon, M|\n|poke|p2|Torterra, F|\n|poke|p2|Vikavolt, M|\n|poke|p2|Infernape, F|\n|poke|p2|Gholdengo|\n|poke|p2|Walking Wake|\n|teampreview\n|inactive|Battle timer is ON: inactive players will automatically lose when time's up. (requested by ReligiousTweezer)\n|\n|t:|1698888163\n|start\n|switch|p1a: Pelipper|Pelipper, M|100\/100\n|switch|p1b: Palafin|Palafin, F|100\/100\n|switch|p2a: Blue Moon|Umbreon, M, shiny|100\/100\n|switch|p2b: Sierra Mist|Vikavolt, M, shiny|100\/100\n|-weather|RainDance|[from] ability: Drizzle|[of] p1a: Pelipper\n|turn|1\n|\n|t:|1698888182\n|switch|p1a: Raichu|Raichu, M|100\/100\n|move|p1b: Palafin|Close Combat|p2a: Blue Moon\n|-supereffective|p2a: Blue Moon\n|-damage|p2a: Blue Moon|61\/100\n|-unboost|p1b: Palafin|def|1\n|-unboost|p1b: Palafin|spd|1\n|move|p2a: Blue Moon|Calm Mind|p2a: Blue Moon\n|-boost|p2a: Blue Moon|spa|1\n|-boost|p2a: Blue Moon|spd|1\n|move|p2b: Sierra Mist|Thunderbolt|p1a: Raichu\n|-ability|p1a: Raichu|Lightning Rod|boost\n|-boost|p1a: Raichu|spa|1\n|\n|-weather|RainDance|[upkeep]\n|upkeep\n|turn|2\n|\n|t:|1698888200\n|move|p1a: Raichu|Thunder|p2a: Blue Moon\n|-damage|p2a: Blue Moon|31\/100\n|move|p1b: Palafin|Flip Turn|p2a: Blue Moon\n|-damage|p2a: Blue Moon|8\/100\n|\n|t:|1698888208\n|detailschange|p1b: Palafin|Palafin-Hero, F\n|switch|p1b: Basculegion|Basculegion-F, F|100\/100|[from] Flip Turn\n|move|p2a: Blue Moon|Calm Mind|p2a: Blue Moon\n|-boost|p2a: Blue Moon|spa|1\n|-boost|p2a: Blue Moon|spd|1\n|move|p2b: Sierra Mist|Sticky Web|p1a: Raichu\n|-sidestart|p1: GarfieldSupremacy|move: Sticky Web\n|\n|-weather|RainDance|[upkeep]\n|upkeep\n|turn|3\n|\n|t:|1698888228\n|move|p1a: Raichu|Protect|p1a: Raichu\n|-singleturn|p1a: Raichu|Protect\n|move|p2a: Blue Moon|Protect|p2a: Blue Moon\n|-singleturn|p2a: Blue Moon|Protect\n|move|p1b: Basculegion|Surf|p2a: Blue Moon|[spread] p2b\n|-activate|p1a: Raichu|move: Protect\n|-activate|p2a: Blue Moon|move: Protect\n|-damage|p2b: Sierra Mist|9\/100\n|-enditem|p2b: Sierra Mist|Wiki Berry|[eat]\n|-heal|p2b: Sierra Mist|43\/100|[from] item: Wiki Berry\n|-damage|p1b: Basculegion|91\/100|[from] item: Life Orb\n|move|p2b: Sierra Mist|Thunderbolt|p1a: Raichu\n|-activate|p1a: Raichu|ability: Lightning Rod\n|-activate|p1a: Raichu|move: Protect\n|\n|-weather|RainDance|[upkeep]\n|upkeep\n|turn|4\n|inactive|ReligiousTweezer has 120 seconds left.\n|inactive|ReligiousTweezer has 90 seconds left.\n|c|\u2606ReligiousTweezer|Damn bruh i forgot lightning rod draws the electric moves to it\n|inactive|ReligiousTweezer has 60 seconds left.\n|\n|t:|1698888321\n|switch|p1a: Toxapex|Toxapex, M, shiny|100\/100\n|-activate|p1a: Toxapex|move: Sticky Web\n|-unboost|p1a: Toxapex|spe|1\n|switch|p2b: Super Tyranno|Walking Wake|100\/100\n|-enditem|p2b: Super Tyranno|Booster Energy\n|-activate|p2b: Super Tyranno|ability: Protosynthesis|[fromitem]\n|-start|p2b: Super Tyranno|protosynthesisspa\n|move|p1b: Basculegion|Surf|p2b: Super Tyranno|[spread] p1a,p2a,p2b\n|-resisted|p1a: Toxapex\n|-resisted|p2b: Super Tyranno\n|-damage|p1a: Toxapex|75\/100\n|-damage|p2a: Blue Moon|0 fnt\n|-damage|p2b: Super Tyranno|85\/100\n|faint|p2a: Blue Moon\n|-damage|p1b: Basculegion|81\/100|[from] item: Life Orb\n|\n|-weather|RainDance|[upkeep]\n|-heal|p1a: Toxapex|81\/100|[from] item: Black Sludge\n|upkeep\n|inactive|ReligiousTweezer has 60 seconds left.\n|\n|t:|1698888334\n|switch|p2a: Sierra Mist|Vikavolt, M, shiny|43\/100\n|turn|5\n|\n|t:|1698888343\n|move|p1b: Basculegion|Surf|p2a: Sierra Mist|[spread] p1a,p2a,p2b\n|-resisted|p1a: Toxapex\n|-crit|p2a: Sierra Mist\n|-resisted|p2b: Super Tyranno\n|-damage|p1a: Toxapex|57\/100\n|-damage|p2a: Sierra Mist|0 fnt\n|-damage|p2b: Super Tyranno|67\/100\n|faint|p2a: Sierra Mist\n|-damage|p1b: Basculegion|71\/100|[from] item: Life Orb\n|move|p2b: Super Tyranno|Draco Meteor|p1b: Basculegion\n|-damage|p1b: Basculegion|0 fnt\n|-unboost|p2b: Super Tyranno|spa|2\n|faint|p1b: Basculegion\n|move|p1a: Toxapex|Toxic|p2b: Super Tyranno\n|-status|p2b: Super Tyranno|tox\n|\n|-weather|RainDance|[upkeep]\n|-heal|p1a: Toxapex|63\/100|[from] item: Black Sludge\n|-damage|p2b: Super Tyranno|61\/100 tox|[from] psn\n|upkeep\n|inactive|ReligiousTweezer has 90 seconds left.\n|\n|t:|1698888369\n|switch|p1b: Palafin|Palafin-Hero, F|100\/100\n|switch|p2a: Cinna-Mon|Gholdengo|100\/100\n|-activate|p1b: Palafin|ability: Zero to Hero\n|turn|6\n|inactive|ReligiousTweezer has 90 seconds left.\n|\n|t:|1698888394\n|-end|p2b: Super Tyranno|Protosynthesis|[silent]\n|switch|p2b: Lion Turtle|Torterra, F, shiny|100\/100\n|move|p1b: Palafin|Flip Turn|p2a: Cinna-Mon\n|-damage|p2a: Cinna-Mon|41\/100\n|\n|t:|1698888406\n|switch|p1b: Meowscarada|Meowscarada, F|100\/100|[from] Flip Turn\n|-activate|p1b: Meowscarada|move: Sticky Web\n|-unboost|p1b: Meowscarada|spe|1\n|move|p2a: Cinna-Mon|Psychic|p1a: Toxapex\n|-supereffective|p1a: Toxapex\n|-damage|p1a: Toxapex|8\/100\n|move|p1a: Toxapex|Poison Jab|p2b: Lion Turtle\n|-damage|p2b: Lion Turtle|84\/100\n|\n|-weather|RainDance|[upkeep]\n|-heal|p1a: Toxapex|15\/100|[from] item: Black Sludge\n|upkeep\n|turn|7\n|inactive|ReligiousTweezer has 90 seconds left.\n|\n|t:|1698888442\n|move|p2a: Cinna-Mon|Protect|p2a: Cinna-Mon\n|-singleturn|p2a: Cinna-Mon|Protect\n|move|p1b: Meowscarada|Ally Switch|p1b: Meowscarada\n|-start|p1b: Meowscarada|typechange|Psychic|[from] ability: Protean\n|swap|p1b: Meowscarada|0|[from] move: Ally Switch\n|move|p2b: Lion Turtle|Shell Smash|p2b: Lion Turtle\n|-unboost|p2b: Lion Turtle|def|1\n|-unboost|p2b: Lion Turtle|spd|1\n|-boost|p2b: Lion Turtle|atk|2\n|-boost|p2b: Lion Turtle|spa|2\n|-boost|p2b: Lion Turtle|spe|2\n|move|p1b: Toxapex|Toxic|p2b: Lion Turtle\n|-status|p2b: Lion Turtle|tox\n|\n|-weather|RainDance|[upkeep]\n|-heal|p1b: Toxapex|21\/100|[from] item: Black Sludge\n|-damage|p2b: Lion Turtle|78\/100 tox|[from] psn\n|upkeep\n|turn|8\n|inactive|ReligiousTweezer has 90 seconds left.\n|\n|t:|1698888464\n|move|p1a: Meowscarada|Protect||[still]\n|-fail|p1a: Meowscarada\n|move|p1b: Toxapex|Baneful Bunker|p1b: Toxapex\n|-singleturn|p1b: Toxapex|move: Protect\n|move|p2b: Lion Turtle|Headlong Rush|p1b: Toxapex\n|-activate|p1b: Toxapex|move: Protect\n|move|p2a: Cinna-Mon|Shadow Ball|p1a: Meowscarada\n|-supereffective|p1a: Meowscarada\n|-enditem|p1a: Meowscarada|Focus Sash\n|-damage|p1a: Meowscarada|1\/100\n|\n|-weather|none\n|-heal|p1b: Toxapex|27\/100|[from] item: Black Sludge\n|-damage|p2b: Lion Turtle|66\/100 tox|[from] psn\n|upkeep\n|turn|9\n|\n|t:|1698888488\n|switch|p1a: Pelipper|Pelipper, M|100\/100\n|-weather|RainDance|[from] ability: Drizzle|[of] p1a: Pelipper\n|move|p2b: Lion Turtle|Bullet Seed|p1b: Toxapex\n|-damage|p1b: Toxapex|13\/100\n|-damage|p1b: Toxapex|0 fnt\n|faint|p1b: Toxapex\n|-hitcount|p1: Toxapex|2\n|move|p2a: Cinna-Mon|Shadow Ball|p1a: Pelipper\n|-damage|p1a: Pelipper|32\/100\n|\n|-weather|RainDance|[upkeep]\n|-damage|p2b: Lion Turtle|48\/100 tox|[from] psn\n|upkeep\n|\n|t:|1698888502\n|switch|p1b: Palafin|Palafin-Hero, F|100\/100\n|turn|10\n|inactive|ReligiousTweezer has 120 seconds left.\n|\n|t:|1698888521\n|-terastallize|p1b: Palafin|Fighting\n|move|p1b: Palafin|Close Combat|p2b: Lion Turtle\n|-damage|p2b: Lion Turtle|0 fnt\n|-unboost|p1b: Palafin|def|1\n|-unboost|p1b: Palafin|spd|1\n|faint|p2b: Lion Turtle\n|move|p2a: Cinna-Mon|Shadow Ball|p1a: Pelipper\n|-crit|p1a: Pelipper\n|-damage|p1a: Pelipper|0 fnt\n|faint|p1a: Pelipper\n|\n|-weather|RainDance|[upkeep]\n|upkeep\n|inactive|ReligiousTweezer has 120 seconds left.\n|\n|t:|1698888538\n|switch|p1a: Meowscarada|Meowscarada, F|1\/100\n|switch|p2b: MonkeyD.Luffy|Infernape, F, shiny|100\/100\n|-activate|p1a: Meowscarada|move: Sticky Web\n|-unboost|p1a: Meowscarada|spe|1\n|turn|11\n|\n|t:|1698888557\n|-terastallize|p2b: MonkeyD.Luffy|Flying\n|move|p1a: Meowscarada|Ally Switch|p1a: Meowscarada\n|-start|p1a: Meowscarada|typechange|Psychic|[from] ability: Protean\n|swap|p1a: Meowscarada|1|[from] move: Ally Switch\n|move|p1a: Palafin|Close Combat|p2b: MonkeyD.Luffy\n|-resisted|p2b: MonkeyD.Luffy\n|-damage|p2b: MonkeyD.Luffy|43\/100\n|-unboost|p1a: Palafin|def|1\n|-unboost|p1a: Palafin|spd|1\n|move|p2b: MonkeyD.Luffy|Tera Blast|p1b: Meowscarada|[anim] Tera Blast Flying\n|-damage|p1b: Meowscarada|0 fnt\n|faint|p1b: Meowscarada\n|move|p2a: Cinna-Mon|Psychic|p1a: Palafin\n|-supereffective|p1a: Palafin\n|-damage|p1a: Palafin|0 fnt\n|faint|p1a: Palafin\n|\n|-weather|RainDance|[upkeep]\n|upkeep\n|-message|GarfieldSupremacy forfeited.\n|\n|win|ReligiousTweezer\n|raw|GarfieldSupremacy's rating: 1088 &rarr; <strong>1065<\/strong><br \/>(-23 for losing)\n|raw|ReligiousTweezer's rating: 1097 &rarr; <strong>1122<\/strong><br \/>(+25 for winning)\n|l|\u2606GarfieldSupremacy\n","uploadtime":1698888582,"views":27,"p1id":"garfieldsupremacy","p2id":"religioustweezer","formatid":"gen9doublesou","rating":1065,"private":0,"password":""}