{"id":"gen9doublesou-1972313060","p1":"amaterasu0903","p2":"mikeyuwu","format":"[Gen 9] Doubles OU","log":"|j|\u2606amaterasu0903\n|j|\u2606mikeyuwu\n|t:|1697830440\n|gametype|doubles\n|player|p1|amaterasu0903|aaron|1151\n|player|p2|mikeyuwu|psychic-gen4|1205\n|teamsize|p1|6\n|teamsize|p2|6\n|gen|9\n|tier|[Gen 9] Doubles OU\n|rated|\n|rule|Species Clause: Limit one of each Pok\u00e9mon\n|rule|OHKO Clause: OHKO moves are banned\n|rule|Evasion Moves Clause: Evasion moves are banned\n|rule|Gravity Sleep Clause: The combination of sleep-inducing moves with imperfect accuracy and Gravity or Gigantamax Orbeetle are banned\n|rule|Endless Battle Clause: Forcing endless battles is banned\n|rule|HP Percentage Mod: HP is shown in percentages\n|clearpoke\n|poke|p1|Leafeon, F|\n|poke|p1|Ninetales, F|\n|poke|p1|Tropius, F|\n|poke|p1|Charizard, F|\n|poke|p1|Lumineon, F|\n|poke|p1|Roaring Moon|\n|poke|p2|Garchomp, M|\n|poke|p2|Tyranitar, F|\n|poke|p2|Vaporeon, F|\n|poke|p2|Toxicroak, M|\n|poke|p2|Pelipper, F|\n|poke|p2|Abomasnow, M|\n|teampreview\n|\n|t:|1697830466\n|start\n|switch|p1a: Hamano|Lumineon, F, shiny|100\/100\n|switch|p1b: Gouenji|Charizard, F|100\/100\n|switch|p2a: OTLHPM|Toxicroak, M|100\/100\n|switch|p2b: Harmacy|Vaporeon, F|100\/100\n|turn|1\n|\n|t:|1697830477\n|switch|p2a: ThcrThnSnkr|Tyranitar, F|100\/100\n|-weather|Sandstorm|[from] ability: Sand Stream|[of] p2a: ThcrThnSnkr\n|move|p1b: Gouenji|Air Slash|p2a: ThcrThnSnkr\n|-resisted|p2a: ThcrThnSnkr\n|-damage|p2a: ThcrThnSnkr|95\/100\n|move|p1a: Hamano|Tailwind|p1a: Hamano\n|-sidestart|p1: amaterasu0903|move: Tailwind\n|move|p2b: Harmacy|Weather Ball|p1b: Gouenji\n|-supereffective|p1b: Gouenji\n|-damage|p1b: Gouenji|0 fnt\n|faint|p1b: Gouenji\n|\n|-weather|Sandstorm|[upkeep]\n|-damage|p1a: Hamano|94\/100|[from] Sandstorm\n|-damage|p2b: Harmacy|94\/100|[from] Sandstorm\n|-heal|p1a: Hamano|100\/100|[from] item: Leftovers\n|-heal|p2b: Harmacy|100\/100|[from] item: Leftovers\n|upkeep\n|\n|t:|1697830494\n|switch|p1b: Nozaki|Ninetales, F|100\/100\n|-weather|SunnyDay|[from] ability: Drought|[of] p1b: Nozaki\n|turn|2\n|\n|t:|1697830511\n|switch|p1b: Haruna|Tropius, F, shiny|100\/100\n|switch|p2a: Weather War|Pelipper, F|100\/100\n|-weather|RainDance|[from] ability: Drizzle|[of] p2a: Weather War\n|move|p1a: Hamano|Flip Turn|p2a: Weather War\n|-resisted|p2a: Weather War\n|-damage|p2a: Weather War|92\/100\n|\n|t:|1697830520\n|switch|p1a: Nozaki|Ninetales, F|100\/100|[from] Flip Turn\n|-weather|SunnyDay|[from] ability: Drought|[of] p1a: Nozaki\n|move|p2b: Harmacy|Weather Ball|p1b: Haruna\n|-supereffective|p1b: Haruna\n|-damage|p1b: Haruna|54\/100\n|\n|-weather|SunnyDay|[upkeep]\n|upkeep\n|turn|3\n|\n|t:|1697830537\n|switch|p2b: ThcrThnSnkr|Tyranitar, F|95\/100\n|-weather|Sandstorm|[from] ability: Sand Stream|[of] p2b: ThcrThnSnkr\n|move|p1a: Nozaki|Disable||[still]\n|-fail|p1a: Nozaki\n|move|p1b: Haruna|Leech Seed|p2a: Weather War\n|-start|p2a: Weather War|move: Leech Seed\n|move|p2a: Weather War|Blizzard|p1b: Haruna|[spread] p1a,p1b\n|-resisted|p1a: Nozaki\n|-supereffective|p1b: Haruna\n|-damage|p1a: Nozaki|91\/100\n|-damage|p1b: Haruna|2\/100\n|-enditem|p1b: Haruna|Sitrus Berry|[eat]\n|-heal|p1b: Haruna|27\/100|[from] item: Sitrus Berry\n|\n|-weather|Sandstorm|[upkeep]\n|-damage|p1a: Nozaki|85\/100|[from] Sandstorm\n|-damage|p1b: Haruna|21\/100|[from] Sandstorm\n|-damage|p2a: Weather War|86\/100|[from] Sandstorm\n|-damage|p2a: Weather War|74\/100|[from] Leech Seed|[of] p1b: Haruna\n|-heal|p1b: Haruna|31\/100|[silent]\n|upkeep\n|turn|4\n|\n|t:|1697830563\n|switch|p1a: Morimura|Leafeon, F, shiny|100\/100\n|switch|p2a: OTLHPM|Toxicroak, M|100\/100\n|move|p1b: Haruna|Giga Drain|p2b: ThcrThnSnkr\n|-supereffective|p2b: ThcrThnSnkr\n|-damage|p2b: ThcrThnSnkr|82\/100\n|-heal|p1b: Haruna|37\/100|[from] drain|[of] p2b: ThcrThnSnkr\n|move|p2b: ThcrThnSnkr|Rock Slide|p1a: Morimura|[spread] p1a,p1b\n|-supereffective|p1b: Haruna\n|-damage|p1a: Morimura|78\/100\n|-damage|p1b: Haruna|0 fnt\n|faint|p1b: Haruna\n|\n|-weather|Sandstorm|[upkeep]\n|-damage|p1a: Morimura|72\/100|[from] Sandstorm\n|-damage|p2a: OTLHPM|94\/100|[from] Sandstorm\n|-heal|p2a: OTLHPM|100\/100|[from] item: Black Sludge\n|-sideend|p1: amaterasu0903|move: Tailwind\n|upkeep\n|\n|t:|1697830579\n|switch|p1b: Nozaki|Ninetales, F|85\/100\n|-weather|SunnyDay|[from] ability: Drought|[of] p1b: Nozaki\n|turn|5\n|\n|t:|1697830594\n|switch|p1b: Hamano|Lumineon, F, shiny|100\/100\n|switch|p2b: Weather War|Pelipper, F|74\/100\n|-weather|RainDance|[from] ability: Drizzle|[of] p2b: Weather War\n|move|p1a: Morimura|Swords Dance|p1a: Morimura\n|-boost|p1a: Morimura|atk|2\n|move|p2a: OTLHPM|Poison Jab|p1a: Morimura\n|-supereffective|p1a: Morimura\n|-damage|p1a: Morimura|0 fnt\n|faint|p1a: Morimura\n|\n|-weather|RainDance|[upkeep]\n|upkeep\n|-message|amaterasu0903 forfeited.\n|\n|win|mikeyuwu\n|raw|amaterasu0903's rating: 1151 &rarr; <strong>1130<\/strong><br \/>(-21 for losing)\n|raw|mikeyuwu's rating: 1205 &rarr; <strong>1226<\/strong><br \/>(+21 for winning)\n|l|\u2606amaterasu0903\n","uploadtime":1697830624,"views":15,"p1id":"amaterasu0903","p2id":"mikeyuwu","formatid":"gen9doublesou","rating":1130,"private":0,"password":""}