{"id":"gen9doublesou-1980214724","p1":"mikeyuwu","p2":"Zesty_Montoya","format":"[Gen 9] Doubles OU","log":"|j|\u2606mikeyuwu\n|j|\u2606Zesty_Montoya\n|t:|1698766891\n|gametype|doubles\n|player|p1|mikeyuwu|psychic-gen4|1380\n|player|p2|Zesty_Montoya|acetrainer-gen4dp|1331\n|teamsize|p1|6\n|teamsize|p2|6\n|gen|9\n|tier|[Gen 9] Doubles OU\n|rated|\n|rule|Species Clause: Limit one of each Pok\u00e9mon\n|rule|OHKO Clause: OHKO moves are banned\n|rule|Evasion Moves Clause: Evasion moves are banned\n|rule|Gravity Sleep Clause: The combination of sleep-inducing moves with imperfect accuracy and Gravity or Gigantamax Orbeetle are banned\n|rule|Endless Battle Clause: Forcing endless battles is banned\n|rule|HP Percentage Mod: HP is shown in percentages\n|clearpoke\n|poke|p1|Garchomp, M|\n|poke|p1|Tyranitar, F|\n|poke|p1|Vaporeon, F|\n|poke|p1|Toxicroak, M|\n|poke|p1|Pelipper, F|\n|poke|p1|Abomasnow, M|\n|poke|p2|Pelipper, M|\n|poke|p2|Crawdaunt, F|\n|poke|p2|Landorus-Therian, M|\n|poke|p2|Ludicolo, F|\n|poke|p2|Ogerpon-Hearthflame, F|\n|poke|p2|Cresselia, F|\n|teampreview\n|\n|t:|1698766898\n|start\n|switch|p1a: OTLHPM|Toxicroak, M|100\/100\n|switch|p1b: Cold Shoulder|Abomasnow, M, shiny|100\/100\n|switch|p2a: Cresselia|Cresselia, F|100\/100\n|switch|p2b: Landorus|Landorus-Therian, M|100\/100\n|-ability|p2b: Landorus|Intimidate|boost\n|-unboost|p1a: OTLHPM|atk|1\n|-unboost|p1b: Cold Shoulder|atk|1\n|-weather|Snow|[from] ability: Snow Warning|[of] p1b: Cold Shoulder\n|turn|1\n|\n|t:|1698766913\n|switch|p1a: Harmacy|Vaporeon, F|100\/100\n|move|p2b: Landorus|U-turn|p1b: Cold Shoulder\n|-supereffective|p1b: Cold Shoulder\n|-damage|p1b: Cold Shoulder|70\/100\n|\n|t:|1698766923\n|switch|p2b: Ogerpon|Ogerpon-Hearthflame, F|100\/100|[from] U-turn\n|-ability|p2b: Ogerpon|Mold Breaker\n|move|p2a: Cresselia|Psychic|p1a: Harmacy\n|-damage|p1a: Harmacy|82\/100\n|move|p1b: Cold Shoulder|Blizzard|p2a: Cresselia|[spread] p2a,p2b\n|-damage|p2a: Cresselia|85\/100\n|-damage|p2b: Ogerpon|66\/100\n|\n|-weather|Snow|[upkeep]\n|-heal|p2a: Cresselia|91\/100|[from] item: Leftovers\n|-heal|p1a: Harmacy|88\/100|[from] item: Leftovers\n|upkeep\n|turn|2\n|\n|t:|1698766947\n|switch|p1b: Extra Spicy|Garchomp, M|100\/100\n|switch|p1a: Weather War|Pelipper, F|100\/100\n|-weather|RainDance|[from] ability: Drizzle|[of] p1a: Weather War\n|move|p2b: Ogerpon|Ivy Cudgel|p1b: Extra Spicy\n|-resisted|p1b: Extra Spicy\n|-damage|p1b: Extra Spicy|91\/100\n|move|p2a: Cresselia|Lunar Blessing|p2a: Cresselia|[spread] p2a,p2b\n|-heal|p2a: Cresselia|100\/100\n|-heal|p2b: Ogerpon|91\/100\n|\n|-weather|RainDance|[upkeep]\n|upkeep\n|turn|3\n|\n|t:|1698767002\n|switch|p2b: Landorus|Landorus-Therian, M|100\/100\n|-ability|p2b: Landorus|Intimidate|boost\n|-unboost|p1a: Weather War|atk|1\n|-unboost|p1b: Extra Spicy|atk|1\n|move|p1b: Extra Spicy|Liquidation|p2a: Cresselia\n|-damage|p2a: Cresselia|82\/100\n|move|p2a: Cresselia|Thunder Wave|p1a: Weather War\n|-status|p1a: Weather War|par\n|move|p1a: Weather War|Hurricane|p2b: Landorus\n|-damage|p2b: Landorus|51\/100\n|\n|-weather|RainDance|[upkeep]\n|-heal|p2b: Landorus|57\/100|[from] item: Leftovers\n|-heal|p2a: Cresselia|88\/100|[from] item: Leftovers\n|upkeep\n|turn|4\n|\n|t:|1698767042\n|switch|p1b: Cold Shoulder|Abomasnow, M, shiny|70\/100\n|-weather|Snow|[from] ability: Snow Warning|[of] p1b: Cold Shoulder\n|move|p2a: Cresselia|Helping Hand|p2b: Landorus\n|-singleturn|p2b: Landorus|Helping Hand|[of] p2a: Cresselia\n|move|p2b: Landorus|Stone Edge|p1a: Weather War\n|-supereffective|p1a: Weather War\n|-damage|p1a: Weather War|18\/100 par\n|move|p1a: Weather War|Blizzard|p2b: Landorus|[spread] p2a,p2b\n|-crit|p2a: Cresselia\n|-supereffective|p2b: Landorus\n|-damage|p2a: Cresselia|76\/100\n|-damage|p2b: Landorus|0 fnt\n|faint|p2b: Landorus\n|\n|-weather|Snow|[upkeep]\n|-heal|p2a: Cresselia|82\/100|[from] item: Leftovers\n|upkeep\n|\n|t:|1698767060\n|switch|p2b: Ogerpon|Ogerpon-Hearthflame, F|91\/100\n|-ability|p2b: Ogerpon|Mold Breaker\n|turn|5\n|\n|t:|1698767072\n|switch|p1b: ThcrThnSnkr|Tyranitar, F|100\/100\n|-weather|Sandstorm|[from] ability: Sand Stream|[of] p1b: ThcrThnSnkr\n|switch|p1a: Extra Spicy|Garchomp, M|91\/100\n|move|p2b: Ogerpon|Ivy Cudgel|p1b: ThcrThnSnkr\n|-resisted|p1b: ThcrThnSnkr\n|-damage|p1b: ThcrThnSnkr|74\/100\n|move|p2a: Cresselia|Psychic|p1a: Extra Spicy\n|-damage|p1a: Extra Spicy|70\/100\n|\n|-weather|Sandstorm|[upkeep]\n|-damage|p2b: Ogerpon|85\/100|[from] Sandstorm\n|-damage|p2a: Cresselia|76\/100|[from] Sandstorm\n|-heal|p2a: Cresselia|82\/100|[from] item: Leftovers\n|upkeep\n|turn|6\n|\n|t:|1698767102\n|switch|p1b: Cold Shoulder|Abomasnow, M, shiny|70\/100\n|-weather|Snow|[from] ability: Snow Warning|[of] p1b: Cold Shoulder\n|move|p2a: Cresselia|Helping Hand|p2b: Ogerpon\n|-singleturn|p2b: Ogerpon|Helping Hand|[of] p2a: Cresselia\n|move|p2b: Ogerpon|Play Rough|p1a: Extra Spicy\n|-supereffective|p1a: Extra Spicy\n|-damage|p1a: Extra Spicy|9\/100\n|-damage|p2b: Ogerpon|73\/100|[from] ability: Rough Skin|[of] p1a: Extra Spicy\n|-damage|p2b: Ogerpon|56\/100|[from] item: Rocky Helmet|[of] p1a: Extra Spicy\n|move|p1a: Extra Spicy|Liquidation|p2b: Ogerpon\n|-damage|p2b: Ogerpon|21\/100\n|\n|-weather|Snow|[upkeep]\n|-heal|p2a: Cresselia|88\/100|[from] item: Leftovers\n|upkeep\n|turn|7\n|\n|t:|1698767124\n|switch|p1b: Harmacy|Vaporeon, F|88\/100\n|move|p2b: Ogerpon|Play Rough|p1a: Extra Spicy\n|-supereffective|p1a: Extra Spicy\n|-damage|p1a: Extra Spicy|0 fnt\n|-damage|p2b: Ogerpon|9\/100|[from] ability: Rough Skin|[of] p1a: Extra Spicy\n|-damage|p2b: Ogerpon|0 fnt|[from] item: Rocky Helmet|[of] p1a: Extra Spicy\n|faint|p1a: Extra Spicy\n|faint|p2b: Ogerpon\n|move|p2a: Cresselia|Lunar Blessing|p2a: Cresselia\n|-heal|p2a: Cresselia|100\/100\n|\n|-weather|Snow|[upkeep]\n|-heal|p1b: Harmacy|94\/100|[from] item: Leftovers\n|upkeep\n|\n|t:|1698767150\n|switch|p2b: Pelipper|Pelipper, M|100\/100\n|switch|p1a: OTLHPM|Toxicroak, M|100\/100\n|-weather|RainDance|[from] ability: Drizzle|[of] p2b: Pelipper\n|turn|8\n|\n|t:|1698767168\n|switch|p1a: ThcrThnSnkr|Tyranitar, F|74\/100\n|-weather|Sandstorm|[from] ability: Sand Stream|[of] p1a: ThcrThnSnkr\n|move|p2a: Cresselia|Psychic|p1a: ThcrThnSnkr\n|-immune|p1a: ThcrThnSnkr\n|move|p1b: Harmacy|Wish|p1b: Harmacy\n|move|p2b: Pelipper|Hurricane|p1b: Harmacy|[miss]\n|-miss|p2b: Pelipper|p1b: Harmacy\n|\n|-weather|Sandstorm|[upkeep]\n|-damage|p2a: Cresselia|94\/100|[from] Sandstorm\n|-damage|p1b: Harmacy|88\/100|[from] Sandstorm\n|-damage|p2b: Pelipper|94\/100|[from] Sandstorm\n|-heal|p2a: Cresselia|100\/100|[from] item: Leftovers\n|-heal|p1b: Harmacy|94\/100|[from] item: Leftovers\n|-heal|p2b: Pelipper|100\/100|[from] item: Leftovers\n|upkeep\n|turn|9\n|\n|t:|1698767206\n|switch|p1b: Weather War|Pelipper, F|18\/100 par\n|-weather|RainDance|[from] ability: Drizzle|[of] p1b: Weather War\n|switch|p2b: Ludicolo|Ludicolo, F|100\/100\n|move|p2a: Cresselia|Thunder Wave|p1a: ThcrThnSnkr\n|-status|p1a: ThcrThnSnkr|par\n|move|p1a: ThcrThnSnkr|Thunderbolt|p2b: Ludicolo\n|-damage|p2b: Ludicolo|79\/100\n|\n|-weather|RainDance|[upkeep]\n|-heal|p1b: Weather War|90\/100 par|[from] move: Wish|[wisher] Harmacy\n|upkeep\n|turn|10\n|\n|t:|1698767260\n|switch|p1a: OTLHPM|Toxicroak, M|100\/100\n|-terastallize|p2b: Ludicolo|Water\n|move|p2a: Cresselia|Helping Hand|p2b: Ludicolo\n|-singleturn|p2b: Ludicolo|Helping Hand|[of] p2a: Cresselia\n|move|p2b: Ludicolo|Blizzard|p1b: Weather War|[spread] \n|-miss|p2b: Ludicolo|p1a: OTLHPM\n|-miss|p2b: Ludicolo|p1b: Weather War\n|move|p1b: Weather War|Hurricane|p2b: Ludicolo\n|-damage|p2b: Ludicolo|42\/100\n|-start|p2b: Ludicolo|confusion\n|\n|-weather|RainDance|[upkeep]\n|upkeep\n|turn|11\n|\n|t:|1698767289\n|-terastallize|p1a: OTLHPM|Dark\n|-activate|p2b: Ludicolo|confusion\n|move|p2b: Ludicolo|Blizzard|p1a: OTLHPM|[spread] p1b\n|-miss|p2b: Ludicolo|p1a: OTLHPM\n|-damage|p1b: Weather War|37\/100 par\n|move|p2a: Cresselia|Thunder Wave|p1a: OTLHPM\n|-status|p1a: OTLHPM|par\n|cant|p1a: OTLHPM|par\n|move|p1b: Weather War|Hurricane|p2b: Ludicolo\n|-damage|p2b: Ludicolo|10\/100\n|\n|-weather|RainDance|[upkeep]\n|-damage|p1a: OTLHPM|88\/100 par|[from] item: Black Sludge\n|upkeep\n|turn|12\n|\n|t:|1698767308\n|-activate|p2b: Ludicolo|confusion\n|-damage|p2b: Ludicolo|3\/100|[from] confusion\n|move|p2a: Cresselia|Lunar Blessing|p2a: Cresselia|[spread] p2a,p2b\n|-heal|p2b: Ludicolo|28\/100\n|move|p1a: OTLHPM|Poison Jab|p2b: Ludicolo\n|-damage|p2b: Ludicolo|0 fnt\n|faint|p2b: Ludicolo\n|move|p1b: Weather War|Hurricane|p2a: Cresselia\n|-damage|p2a: Cresselia|84\/100\n|\n|-weather|RainDance|[upkeep]\n|-heal|p1a: OTLHPM|100\/100 par|[from] ability: Dry Skin\n|-heal|p2a: Cresselia|90\/100|[from] item: Leftovers\n|-damage|p1a: OTLHPM|88\/100 par|[from] item: Black Sludge\n|upkeep\n|\n|t:|1698767323\n|switch|p2b: Crawdaunt|Crawdaunt, F|100\/100\n|turn|13\n|\n|t:|1698767353\n|switch|p1b: Harmacy|Vaporeon, F|94\/100\n|move|p2a: Cresselia|Psychic|p1b: Harmacy\n|-damage|p1b: Harmacy|76\/100\n|move|p2b: Crawdaunt|X-Scissor|p1a: OTLHPM\n|-supereffective|p1a: OTLHPM\n|-damage|p1a: OTLHPM|0 fnt\n|faint|p1a: OTLHPM\n|\n|-weather|none\n|-heal|p2a: Cresselia|96\/100|[from] item: Leftovers\n|-heal|p1b: Harmacy|82\/100|[from] item: Leftovers\n|upkeep\n|\n|t:|1698767363\n|switch|p1a: Cold Shoulder|Abomasnow, M, shiny|70\/100\n|-weather|Snow|[from] ability: Snow Warning|[of] p1a: Cold Shoulder\n|turn|14\n|\n|t:|1698767372\n|switch|p2b: Pelipper|Pelipper, M|100\/100\n|-weather|RainDance|[from] ability: Drizzle|[of] p2b: Pelipper\n|move|p2a: Cresselia|Thunder Wave|p1b: Harmacy\n|-status|p1b: Harmacy|par\n|move|p1a: Cold Shoulder|Giga Drain|p2b: Pelipper\n|-damage|p2b: Pelipper|63\/100\n|-heal|p1a: Cold Shoulder|87\/100|[from] drain|[of] p2b: Pelipper\n|cant|p1b: Harmacy|par\n|\n|-weather|RainDance|[upkeep]\n|-heal|p2a: Cresselia|100\/100|[from] item: Leftovers\n|-heal|p2b: Pelipper|70\/100|[from] item: Leftovers\n|-activate|p1b: Harmacy|ability: Hydration\n|-curestatus|p1b: Harmacy|par|[msg]\n|-heal|p1b: Harmacy|88\/100|[from] item: Leftovers\n|upkeep\n|turn|15\n|\n|t:|1698767395\n|switch|p1a: ThcrThnSnkr|Tyranitar, F|74\/100 par\n|-weather|Sandstorm|[from] ability: Sand Stream|[of] p1a: ThcrThnSnkr\n|move|p2a: Cresselia|Lunar Blessing|p2a: Cresselia|[spread] p2a,p2b\n|-heal|p2b: Pelipper|95\/100\n|move|p1b: Harmacy|Icy Wind|p2b: Pelipper|[spread] p2a,p2b\n|-damage|p2a: Cresselia|95\/100\n|-damage|p2b: Pelipper|80\/100\n|-unboost|p2a: Cresselia|spe|1\n|-unboost|p2b: Pelipper|spe|1\n|move|p2b: Pelipper|Hurricane|p1a: ThcrThnSnkr\n|-resisted|p1a: ThcrThnSnkr\n|-damage|p1a: ThcrThnSnkr|67\/100 par\n|-start|p1a: ThcrThnSnkr|confusion\n|\n|-weather|Sandstorm|[upkeep]\n|-damage|p1b: Harmacy|82\/100|[from] Sandstorm\n|-damage|p2a: Cresselia|89\/100|[from] Sandstorm\n|-damage|p2b: Pelipper|74\/100|[from] Sandstorm\n|-heal|p1b: Harmacy|88\/100|[from] item: Leftovers\n|-heal|p2a: Cresselia|95\/100|[from] item: Leftovers\n|-heal|p2b: Pelipper|80\/100|[from] item: Leftovers\n|upkeep\n|turn|16\n|\n|t:|1698767421\n|move|p1b: Harmacy|Weather Ball|p2b: Pelipper\n|-supereffective|p2b: Pelipper\n|-damage|p2b: Pelipper|14\/100\n|move|p2a: Cresselia|Thunder Wave|p1b: Harmacy\n|-status|p1b: Harmacy|par\n|move|p2b: Pelipper|Hydro Pump|p1a: ThcrThnSnkr\n|-supereffective|p1a: ThcrThnSnkr\n|-damage|p1a: ThcrThnSnkr|33\/100 par\n|-activate|p1a: ThcrThnSnkr|confusion\n|-damage|p1a: ThcrThnSnkr|22\/100 par|[from] confusion\n|\n|-weather|Sandstorm|[upkeep]\n|-damage|p2a: Cresselia|89\/100|[from] Sandstorm\n|-damage|p2b: Pelipper|8\/100|[from] Sandstorm\n|-damage|p1b: Harmacy|82\/100 par|[from] Sandstorm\n|-heal|p2a: Cresselia|95\/100|[from] item: Leftovers\n|-heal|p2b: Pelipper|14\/100|[from] item: Leftovers\n|-heal|p1b: Harmacy|88\/100 par|[from] item: Leftovers\n|upkeep\n|turn|17\n|\n|t:|1698767457\n|switch|p2a: Crawdaunt|Crawdaunt, F|100\/100\n|move|p2b: Pelipper|Hydro Pump|p1a: ThcrThnSnkr\n|-supereffective|p1a: ThcrThnSnkr\n|-damage|p1a: ThcrThnSnkr|0 fnt\n|faint|p1a: ThcrThnSnkr\n|move|p1b: Harmacy|Weather Ball|p2b: Pelipper\n|-supereffective|p2b: Pelipper\n|-damage|p2b: Pelipper|0 fnt\n|faint|p2b: Pelipper\n|\n|-weather|Sandstorm|[upkeep]\n|-damage|p2a: Crawdaunt|94\/100|[from] Sandstorm\n|-damage|p1b: Harmacy|82\/100 par|[from] Sandstorm\n|-heal|p1b: Harmacy|88\/100 par|[from] item: Leftovers\n|upkeep\n|\n|t:|1698767470\n|switch|p1a: Cold Shoulder|Abomasnow, M, shiny|87\/100\n|switch|p2b: Cresselia|Cresselia, F|95\/100\n|-weather|Snow|[from] ability: Snow Warning|[of] p1a: Cold Shoulder\n|turn|18\n|\n|t:|1698767509\n|move|p2b: Cresselia|Thunder Wave|p1a: Cold Shoulder\n|-status|p1a: Cold Shoulder|par\n|move|p2a: Crawdaunt|Knock Off|p1a: Cold Shoulder\n|-damage|p1a: Cold Shoulder|22\/100 par\n|-enditem|p1a: Cold Shoulder|Wide Lens|[from] move: Knock Off|[of] p2a: Crawdaunt\n|move|p1a: Cold Shoulder|Giga Drain|p2a: Crawdaunt\n|-supereffective|p2a: Crawdaunt\n|-damage|p2a: Crawdaunt|8\/100\n|-heal|p1a: Cold Shoulder|63\/100 par|[from] drain|[of] p2a: Crawdaunt\n|move|p1b: Harmacy|Icy Wind|p2a: Crawdaunt|[spread] p2a,p2b\n|-resisted|p2a: Crawdaunt\n|-damage|p2a: Crawdaunt|0 fnt\n|-damage|p2b: Cresselia|90\/100\n|-unboost|p2b: Cresselia|spe|1\n|faint|p2a: Crawdaunt\n|\n|-weather|Snow|[upkeep]\n|-heal|p2b: Cresselia|96\/100|[from] item: Leftovers\n|-heal|p1b: Harmacy|94\/100 par|[from] item: Leftovers\n|upkeep\n|turn|19\n|c|\u2606mikeyuwu|Gg\n|-message|Zesty_Montoya forfeited.\n|\n|win|mikeyuwu\n|raw|mikeyuwu's rating: 1380 &rarr; <strong>1397<\/strong><br \/>(+17 for winning)\n|raw|Zesty_Montoya's rating: 1331 &rarr; <strong>1314<\/strong><br \/>(-17 for losing)\n|l|\u2606Zesty_Montoya\n","uploadtime":1698767535,"views":26,"p1id":"mikeyuwu","p2id":"zestymontoya","formatid":"gen9doublesou","rating":1314,"private":0,"password":""}