{"id":"gen9doublesou-1998858740","p1":"asas0529","p2":"buddhist ameba","format":"[Gen 9] Doubles OU","log":"|j|\u2606asas0529\n|j|\u2606buddhist ameba\n|t:|1701004369\n|gametype|doubles\n|player|p1|asas0529|cynthia-gen4|1407\n|player|p2|buddhist ameba|101|1674\n|teamsize|p1|6\n|teamsize|p2|6\n|gen|9\n|tier|[Gen 9] Doubles OU\n|rated|\n|rule|Species Clause: Limit one of each Pok\u00e9mon\n|rule|OHKO Clause: OHKO moves are banned\n|rule|Evasion Moves Clause: Evasion moves are banned\n|rule|Gravity Sleep Clause: The combination of sleep-inducing moves with imperfect accuracy and Gravity or Gigantamax Orbeetle are banned\n|rule|Endless Battle Clause: Forcing endless battles is banned\n|rule|HP Percentage Mod: HP is shown in percentages\n|clearpoke\n|poke|p1|Electrode|\n|poke|p1|Flutter Mane|\n|poke|p1|Chi-Yu|\n|poke|p1|Ogerpon-Wellspring, F|\n|poke|p1|Frosmoth, F|\n|poke|p1|Iron Hands|\n|poke|p2|Rillaboom, F|\n|poke|p2|Iron Bundle|\n|poke|p2|Chi-Yu|\n|poke|p2|Diancie|\n|poke|p2|Ninetales-Alola, F|\n|poke|p2|Heatran, F|\n|teampreview\n|inactive|Battle timer is ON: inactive players will automatically lose when time's up. (requested by buddhist ameba)\n|inactive|asas0529 also wants the timer to be on.\n|c|\u2606buddhist ameba|glhf\n|\n|t:|1701004390\n|start\n|switch|p1a: Electrode|Electrode|100\/100\n|switch|p1b: Ogerpon|Ogerpon-Wellspring, F|100\/100\n|switch|p2a: Iron Bundle|Iron Bundle|100\/100\n|switch|p2b: Rillaboom|Rillaboom, F|100\/100\n|-fieldstart|move: Grassy Terrain|[from] ability: Grassy Surge|[of] p2b: Rillaboom\n|-enditem|p2a: Iron Bundle|Booster Energy\n|-activate|p2a: Iron Bundle|ability: Quark Drive|[fromitem]\n|-start|p2a: Iron Bundle|quarkdrivespe\n|turn|1\n|\n|t:|1701004403\n|move|p1b: Ogerpon|Spiky Shield|p1b: Ogerpon\n|-singleturn|p1b: Ogerpon|move: Protect\n|move|p2b: Rillaboom|Fake Out|p1a: Electrode\n|-damage|p1a: Electrode|79\/100\n|move|p2a: Iron Bundle|Freeze-Dry|p1b: Ogerpon\n|-activate|p1b: Ogerpon|move: Protect\n|cant|p1a: Electrode|flinch\n|\n|-heal|p1a: Electrode|85\/100|[from] Grassy Terrain\n|upkeep\n|turn|2\n|\n|t:|1701004417\n|switch|p1b: Frosmoth|Frosmoth, F|100\/100\n|move|p2b: Rillaboom|Grassy Glide|p1a: Electrode\n|-damage|p1a: Electrode|28\/100\n|move|p2a: Iron Bundle|Freeze-Dry|p1b: Frosmoth\n|-resisted|p1b: Frosmoth\n|-damage|p1b: Frosmoth|90\/100\n|move|p1a: Electrode|Thunder Wave|p2a: Iron Bundle\n|-status|p2a: Iron Bundle|par\n|\n|-heal|p1a: Electrode|34\/100|[from] Grassy Terrain\n|-heal|p1b: Frosmoth|96\/100|[from] Grassy Terrain\n|upkeep\n|turn|3\n|inactive|buddhist ameba has 120 seconds left.\n|\n|t:|1701004448\n|move|p1a: Electrode|Protect|p1a: Electrode\n|-singleturn|p1a: Electrode|Protect\n|move|p2b: Rillaboom|Grassy Glide|p1a: Electrode\n|-activate|p1a: Electrode|move: Protect\n|move|p2a: Iron Bundle|Hydro Pump|p1b: Frosmoth\n|-damage|p1b: Frosmoth|64\/100\n|move|p1b: Frosmoth|Feather Dance|p2b: Rillaboom\n|-unboost|p2b: Rillaboom|atk|2\n|\n|-heal|p1a: Electrode|41\/100|[from] Grassy Terrain\n|-heal|p1b: Frosmoth|70\/100|[from] Grassy Terrain\n|upkeep\n|turn|4\n|inactive|asas0529 has 120 seconds left.\n|\n|t:|1701004481\n|switch|p1a: Chi-Yu|Chi-Yu|100\/100\n|-ability|p1a: Chi-Yu|Beads of Ruin\n|switch|p2b: Ninetales|Ninetales-Alola, F|100\/100\n|-weather|Snow|[from] ability: Snow Warning|[of] p2b: Ninetales\n|move|p2a: Iron Bundle|Protect|p2a: Iron Bundle\n|-singleturn|p2a: Iron Bundle|Protect\n|move|p1b: Frosmoth|Icy Wind|p2b: Ninetales|[spread] p2b\n|-activate|p2a: Iron Bundle|move: Protect\n|-resisted|p2b: Ninetales\n|-damage|p2b: Ninetales|86\/100\n|-unboost|p2b: Ninetales|spe|1\n|\n|-weather|Snow|[upkeep]\n|-heal|p2b: Ninetales|92\/100|[from] Grassy Terrain\n|-heal|p1b: Frosmoth|76\/100|[from] Grassy Terrain\n|upkeep\n|turn|5\n|inactive|asas0529 has 120 seconds left.\n|\n|t:|1701004507\n|-terastallize|p2b: Ninetales|Water\n|move|p1a: Chi-Yu|Flamethrower|p2b: Ninetales\n|-resisted|p2b: Ninetales\n|-damage|p2b: Ninetales|47\/100\n|-damage|p1a: Chi-Yu|91\/100|[from] item: Life Orb\n|move|p2a: Iron Bundle|Hydro Pump|p1a: Chi-Yu\n|-supereffective|p1a: Chi-Yu\n|-damage|p1a: Chi-Yu|0 fnt\n|faint|p1a: Chi-Yu\n|move|p2b: Ninetales|Aurora Veil|p2b: Ninetales\n|-sidestart|p2: buddhist ameba|move: Aurora Veil\n|move|p1b: Frosmoth|Tailwind|p1b: Frosmoth\n|-sidestart|p1: asas0529|move: Tailwind\n|\n|-weather|Snow|[upkeep]\n|-heal|p1b: Frosmoth|82\/100|[from] Grassy Terrain\n|-heal|p2b: Ninetales|53\/100|[from] Grassy Terrain\n|-fieldend|move: Grassy Terrain\n|upkeep\n|inactive|asas0529 has 120 seconds left.\n|\n|t:|1701004528\n|switch|p1a: Flutter Mane|Flutter Mane|100\/100\n|turn|6\n|inactive|asas0529 has 120 seconds left.\n|\n|t:|1701004542\n|-terastallize|p1a: Flutter Mane|Fairy\n|move|p1a: Flutter Mane|Dazzling Gleam|p2a: Iron Bundle|[spread] p2a,p2b\n|-damage|p2a: Iron Bundle|11\/100 par\n|-damage|p2b: Ninetales|0 fnt\n|faint|p2b: Ninetales\n|move|p1b: Frosmoth|Icy Wind|p2a: Iron Bundle\n|-resisted|p2a: Iron Bundle\n|-damage|p2a: Iron Bundle|2\/100 par\n|-unboost|p2a: Iron Bundle|spe|1\n|move|p2a: Iron Bundle|Icy Wind|p1b: Frosmoth|[spread] p1a,p1b\n|-resisted|p1b: Frosmoth\n|-damage|p1a: Flutter Mane|80\/100\n|-damage|p1b: Frosmoth|76\/100\n|-unboost|p1a: Flutter Mane|spe|1\n|-unboost|p1b: Frosmoth|spe|1\n|\n|-weather|Snow|[upkeep]\n|upkeep\n|\n|t:|1701004555\n|switch|p2b: Rillaboom|Rillaboom, F|100\/100\n|-fieldstart|move: Grassy Terrain|[from] ability: Grassy Surge|[of] p2b: Rillaboom\n|turn|7\n|\n|t:|1701004572\n|-end|p1a: Flutter Mane|Protosynthesis|[silent]\n|switch|p1a: Iron Hands|Iron Hands|100\/100\n|move|p2b: Rillaboom|Fake Out|p1a: Iron Hands\n|-damage|p1a: Iron Hands|92\/100\n|move|p1b: Frosmoth|Feather Dance|p2b: Rillaboom\n|-unboost|p2b: Rillaboom|atk|2\n|move|p2a: Iron Bundle|Icy Wind|p1a: Iron Hands|[spread] p1a,p1b\n|-resisted|p1b: Frosmoth\n|-damage|p1a: Iron Hands|79\/100\n|-damage|p1b: Frosmoth|70\/100\n|-unboost|p1a: Iron Hands|spe|1\n|-unboost|p1b: Frosmoth|spe|1\n|\n|-weather|Snow|[upkeep]\n|-heal|p2a: Iron Bundle|8\/100 par|[from] Grassy Terrain\n|-heal|p1b: Frosmoth|76\/100|[from] Grassy Terrain\n|-heal|p1a: Iron Hands|85\/100|[from] Grassy Terrain\n|upkeep\n|turn|8\n|\n|t:|1701004600\n|switch|p2b: Diancie|Diancie|100\/100\n|move|p2a: Iron Bundle|Hydro Pump|p1a: Iron Hands\n|-crit|p1a: Iron Hands\n|-damage|p1a: Iron Hands|35\/100\n|move|p1b: Frosmoth|Icy Wind|p2b: Diancie|[spread] p2a,p2b\n|-resisted|p2a: Iron Bundle\n|-damage|p2a: Iron Bundle|3\/100 par\n|-damage|p2b: Diancie|92\/100\n|-unboost|p2a: Iron Bundle|spe|1\n|move|p1a: Iron Hands|Ice Punch|p2b: Diancie\n|-damage|p2b: Diancie|76\/100\n|\n|-weather|none\n|-heal|p1b: Frosmoth|82\/100|[from] Grassy Terrain\n|-heal|p1a: Iron Hands|42\/100|[from] Grassy Terrain\n|-heal|p2a: Iron Bundle|9\/100 par|[from] Grassy Terrain\n|-heal|p2b: Diancie|82\/100|[from] Grassy Terrain\n|-sideend|p1: asas0529|move: Tailwind\n|upkeep\n|turn|9\n|\n|t:|1701004626\n|move|p2a: Iron Bundle|Protect|p2a: Iron Bundle\n|-singleturn|p2a: Iron Bundle|Protect\n|move|p1b: Frosmoth|Wide Guard|p1b: Frosmoth\n|-singleturn|p1b: Frosmoth|Wide Guard\n|move|p1a: Iron Hands|Drain Punch|p2b: Diancie\n|-damage|p2b: Diancie|59\/100\n|-heal|p1a: Iron Hands|49\/100|[from] drain|[of] p2b: Diancie\n|move|p2b: Diancie|Trick Room|p2b: Diancie\n|-fieldstart|move: Trick Room|[of] p2b: Diancie\n|\n|-heal|p1a: Iron Hands|55\/100|[from] Grassy Terrain\n|-heal|p1b: Frosmoth|88\/100|[from] Grassy Terrain\n|-heal|p2b: Diancie|65\/100|[from] Grassy Terrain\n|-heal|p2a: Iron Bundle|15\/100 par|[from] Grassy Terrain\n|upkeep\n|turn|10\n|inactive|buddhist ameba has 120 seconds left.\n|\n|t:|1701004657\n|move|p1b: Frosmoth|Wide Guard|p1b: Frosmoth\n|-singleturn|p1b: Frosmoth|Wide Guard\n|move|p1a: Iron Hands|Drain Punch|p2a: Iron Bundle\n|-supereffective|p2a: Iron Bundle\n|-damage|p2a: Iron Bundle|0 fnt\n|-heal|p1a: Iron Hands|59\/100|[from] drain|[of] p2a: Iron Bundle\n|faint|p2a: Iron Bundle\n|-end|p2a: Iron Bundle|Quark Drive|[silent]\n|move|p2b: Diancie|Play Rough|p1a: Iron Hands\n|-supereffective|p1a: Iron Hands\n|-damage|p1a: Iron Hands|3\/100\n|\n|-heal|p1a: Iron Hands|9\/100|[from] Grassy Terrain\n|-heal|p1b: Frosmoth|94\/100|[from] Grassy Terrain\n|-heal|p2b: Diancie|72\/100|[from] Grassy Terrain\n|upkeep\n|inactive|buddhist ameba has 120 seconds left.\n|\n|t:|1701004668\n|switch|p2a: Rillaboom|Rillaboom, F|100\/100\n|turn|11\n|\n|t:|1701004684\n|move|p2a: Rillaboom|Fake Out|p1a: Iron Hands\n|-damage|p1a: Iron Hands|1\/100\n|cant|p1a: Iron Hands|flinch\n|move|p1b: Frosmoth|Feather Dance|p2a: Rillaboom\n|-unboost|p2a: Rillaboom|atk|2\n|move|p2b: Diancie|Play Rough|p1b: Frosmoth\n|-damage|p1b: Frosmoth|51\/100\n|\n|-heal|p1a: Iron Hands|7\/100|[from] Grassy Terrain\n|-heal|p1b: Frosmoth|57\/100|[from] Grassy Terrain\n|-heal|p2b: Diancie|78\/100|[from] Grassy Terrain\n|-fieldend|move: Grassy Terrain\n|upkeep\n|turn|12\n|inactive|buddhist ameba has 120 seconds left.\n|\n|t:|1701004725\n|move|p1a: Iron Hands|Ice Punch|p2a: Rillaboom\n|-supereffective|p2a: Rillaboom\n|-damage|p2a: Rillaboom|62\/100\n|move|p1b: Frosmoth|Feather Dance|p2a: Rillaboom\n|-unboost|p2a: Rillaboom|atk|2\n|move|p2b: Diancie|Play Rough|p1a: Iron Hands\n|-supereffective|p1a: Iron Hands\n|-damage|p1a: Iron Hands|0 fnt\n|faint|p1a: Iron Hands\n|-end|p1a: Iron Hands|Quark Drive|[silent]\n|move|p2a: Rillaboom|Wood Hammer|p1b: Frosmoth\n|-resisted|p1b: Frosmoth\n|-damage|p1b: Frosmoth|46\/100\n|-enditem|p1b: Frosmoth|Sitrus Berry|[eat]\n|-heal|p1b: Frosmoth|71\/100|[from] item: Sitrus Berry\n|-damage|p2a: Rillaboom|59\/100|[from] Recoil\n|\n|-sideend|p2: buddhist ameba|move: Aurora Veil\n|upkeep\n|inactive|asas0529 has 120 seconds left.\n|\n|t:|1701004745\n|switch|p1a: Ogerpon|Ogerpon-Wellspring, F|100\/100\n|turn|13\n|\n|t:|1701004758\n|switch|p2a: Heatran|Heatran, F|100\/100\n|move|p2b: Diancie|Protect|p2b: Diancie\n|-singleturn|p2b: Diancie|Protect\n|move|p1a: Ogerpon|Spiky Shield|p1a: Ogerpon\n|-singleturn|p1a: Ogerpon|move: Protect\n|move|p1b: Frosmoth|Tailwind|p1b: Frosmoth\n|-sidestart|p1: asas0529|move: Tailwind\n|\n|-fieldend|move: Trick Room\n|upkeep\n|turn|14\n|\n|t:|1701004782\n|switch|p1b: Electrode|Electrode|41\/100\n|move|p1a: Ogerpon|Ivy Cudgel|p2b: Diancie|[anim] Ivy Cudgel Water\n|-supereffective|p2b: Diancie\n|-crit|p2b: Diancie\n|-damage|p2b: Diancie|0 fnt\n|faint|p2b: Diancie\n|move|p2a: Heatran|Heat Wave|p1b: Electrode|[spread] p1b\n|-miss|p2a: Heatran|p1a: Ogerpon\n|-damage|p1b: Electrode|0 fnt\n|faint|p1b: Electrode\n|\n|upkeep\n|\n|t:|1701004805\n|switch|p1b: Frosmoth|Frosmoth, F|71\/100\n|switch|p2b: Rillaboom|Rillaboom, F|59\/100\n|-fieldstart|move: Grassy Terrain|[from] ability: Grassy Surge|[of] p2b: Rillaboom\n|turn|15\n|\n|t:|1701004823\n|move|p1b: Frosmoth|Wide Guard|p1b: Frosmoth\n|-singleturn|p1b: Frosmoth|Wide Guard\n|move|p2b: Rillaboom|Fake Out|p1a: Ogerpon\n|-damage|p1a: Ogerpon|80\/100\n|cant|p1a: Ogerpon|flinch\n|move|p2a: Heatran|Heat Wave|p1b: Frosmoth|[spread] \n|-activate|p1a: Ogerpon|move: Wide Guard\n|-activate|p1b: Frosmoth|move: Wide Guard\n|\n|-heal|p1a: Ogerpon|86\/100|[from] Grassy Terrain\n|-heal|p1b: Frosmoth|77\/100|[from] Grassy Terrain\n|-heal|p2b: Rillaboom|65\/100|[from] Grassy Terrain\n|upkeep\n|turn|16\n|\n|t:|1701004842\n|move|p2a: Heatran|Protect|p2a: Heatran\n|-singleturn|p2a: Heatran|Protect\n|move|p1a: Ogerpon|Ivy Cudgel|p2a: Heatran|[anim] Ivy Cudgel Water\n|-activate|p2a: Heatran|move: Protect\n|move|p1b: Frosmoth|Feather Dance|p2b: Rillaboom\n|-unboost|p2b: Rillaboom|atk|2\n|move|p2b: Rillaboom|Wood Hammer|p1a: Ogerpon\n|-damage|p1a: Ogerpon|29\/100\n|-damage|p2b: Rillaboom|51\/100|[from] Recoil\n|\n|-heal|p1a: Ogerpon|35\/100|[from] Grassy Terrain\n|-heal|p1b: Frosmoth|83\/100|[from] Grassy Terrain\n|-heal|p2b: Rillaboom|57\/100|[from] Grassy Terrain\n|-sideend|p1: asas0529|move: Tailwind\n|upkeep\n|turn|17\n|\n|t:|1701004869\n|switch|p2a: Chi-Yu|Chi-Yu|100\/100\n|-ability|p2a: Chi-Yu|Beads of Ruin\n|move|p1a: Ogerpon|Ivy Cudgel|p2a: Chi-Yu|[anim] Ivy Cudgel Water\n|-supereffective|p2a: Chi-Yu\n|-damage|p2a: Chi-Yu|0 fnt\n|faint|p2a: Chi-Yu\n|move|p2b: Rillaboom|Wood Hammer|p1a: Ogerpon\n|-damage|p1a: Ogerpon|0 fnt\n|faint|p1a: Ogerpon\n|-damage|p2b: Rillaboom|49\/100|[from] Recoil\n|move|p1b: Frosmoth|Feather Dance|p2b: Rillaboom\n|-unboost|p2b: Rillaboom|atk|2\n|\n|-heal|p2b: Rillaboom|55\/100|[from] Grassy Terrain\n|-heal|p1b: Frosmoth|89\/100|[from] Grassy Terrain\n|upkeep\n|\n|t:|1701004888\n|switch|p1a: Flutter Mane|Flutter Mane, tera:Fairy|80\/100\n|switch|p2a: Heatran|Heatran, F|100\/100\n|turn|18\n|\n|t:|1701004896\n|move|p1b: Frosmoth|Wide Guard|p1b: Frosmoth\n|-singleturn|p1b: Frosmoth|Wide Guard\n|move|p1a: Flutter Mane|Shadow Ball|p2a: Heatran\n|-damage|p2a: Heatran|50\/100\n|-enditem|p2a: Heatran|Sitrus Berry|[eat]\n|-heal|p2a: Heatran|75\/100|[from] item: Sitrus Berry\n|move|p2b: Rillaboom|Wood Hammer|p1a: Flutter Mane\n|-damage|p1a: Flutter Mane|28\/100\n|-damage|p2b: Rillaboom|44\/100|[from] Recoil\n|move|p2a: Heatran|Flash Cannon|p1a: Flutter Mane\n|-supereffective|p1a: Flutter Mane\n|-crit|p1a: Flutter Mane\n|-damage|p1a: Flutter Mane|0 fnt\n|faint|p1a: Flutter Mane\n|-end|p1a: Flutter Mane|Protosynthesis|[silent]\n|\n|-heal|p2b: Rillaboom|50\/100|[from] Grassy Terrain\n|-heal|p2a: Heatran|81\/100|[from] Grassy Terrain\n|-heal|p1b: Frosmoth|95\/100|[from] Grassy Terrain\n|upkeep\n|turn|19\n|c|\u2606buddhist ameba|gg\n|-message|asas0529 forfeited.\n|\n|win|buddhist ameba\n|raw|asas0529's rating: 1407 &rarr; <strong>1400<\/strong><br \/>(-7 for losing)\n|raw|buddhist ameba's rating: 1674 &rarr; <strong>1681<\/strong><br \/>(+7 for winning)\n|l|\u2606asas0529\n","uploadtime":1701004921,"views":11,"p1id":"asas0529","p2id":"buddhistameba","formatid":"gen9doublesou","rating":1400,"private":0,"password":""}