{"id":"gen9doublesou-1981818457","p1":"Undead_Redhead","p2":"ampt56","format":"[Gen 9] Doubles OU","log":"|j|\u2606Undead_Redhead\n|j|\u2606ampt56\n|t:|1698943934\n|gametype|doubles\n|player|p1|Undead_Redhead|flannery|1117\n|player|p2|ampt56|266|1079\n|teamsize|p1|6\n|teamsize|p2|6\n|gen|9\n|tier|[Gen 9] Doubles OU\n|rated|\n|rule|Species Clause: Limit one of each Pok\u00e9mon\n|rule|OHKO Clause: OHKO moves are banned\n|rule|Evasion Moves Clause: Evasion moves are banned\n|rule|Gravity Sleep Clause: The combination of sleep-inducing moves with imperfect accuracy and Gravity or Gigantamax Orbeetle are banned\n|rule|Endless Battle Clause: Forcing endless battles is banned\n|rule|HP Percentage Mod: HP is shown in percentages\n|clearpoke\n|poke|p1|Rillaboom, M|\n|poke|p1|Torterra, M|\n|poke|p1|Lilligant, F|\n|poke|p1|Torkoal, M|\n|poke|p1|Breloom, F|\n|poke|p1|Amoonguss, M|\n|poke|p2|Gholdengo|\n|poke|p2|Tornadus, M|\n|poke|p2|Ogerpon-Wellspring, F|\n|poke|p2|Roaring Moon|\n|poke|p2|Iron Hands|\n|poke|p2|Heatran, M|\n|teampreview\n|\n|t:|1698943954\n|start\n|switch|p1a: Rillaboom|Rillaboom, M|100\/100\n|switch|p1b: Amoonguss|Amoonguss, M|100\/100\n|switch|p2a: Ogerpon|Ogerpon-Wellspring, F|100\/100\n|switch|p2b: Heatran|Heatran, M|100\/100\n|-fieldstart|move: Grassy Terrain|[from] ability: Grassy Surge|[of] p1a: Rillaboom\n|turn|1\n|\n|t:|1698943974\n|switch|p2a: Tornadus|Tornadus, M|100\/100\n|-terastallize|p2b: Heatran|Fire\n|move|p1a: Rillaboom|Fake Out|p2a: Tornadus\n|-damage|p2a: Tornadus|82\/100\n|move|p2b: Heatran|Heat Wave|p1a: Rillaboom|[spread] p1a,p1b\n|-supereffective|p1a: Rillaboom\n|-supereffective|p1b: Amoonguss\n|-damage|p1a: Rillaboom|24\/100\n|-damage|p1b: Amoonguss|31\/100\n|move|p1b: Amoonguss|Spore|p2b: Heatran\n|-status|p2b: Heatran|slp|[from] move: Spore\n|\n|-heal|p1a: Rillaboom|30\/100|[from] Grassy Terrain\n|-heal|p1b: Amoonguss|37\/100|[from] Grassy Terrain\n|-heal|p1b: Amoonguss|44\/100|[from] item: Black Sludge\n|upkeep\n|turn|2\n|\n|t:|1698944014\n|move|p1b: Amoonguss|Rage Powder|p1b: Amoonguss\n|-singleturn|p1b: Amoonguss|move: Rage Powder\n|move|p2a: Tornadus|U-turn|p1b: Amoonguss\n|-damage|p1b: Amoonguss|30\/100\n|\n|t:|1698944020\n|switch|p2a: Iron Hands|Iron Hands|100\/100|[from] U-turn\n|-enditem|p2a: Iron Hands|Booster Energy\n|-activate|p2a: Iron Hands|ability: Quark Drive|[fromitem]\n|-start|p2a: Iron Hands|quarkdriveatk\n|move|p1a: Rillaboom|Knock Off|p2a: Iron Hands\n|-resisted|p2a: Iron Hands\n|-damage|p2a: Iron Hands|95\/100\n|cant|p2b: Heatran|slp\n|\n|-heal|p1a: Rillaboom|36\/100|[from] Grassy Terrain\n|-heal|p2a: Iron Hands|100\/100|[from] Grassy Terrain\n|-heal|p1b: Amoonguss|36\/100|[from] Grassy Terrain\n|-heal|p1b: Amoonguss|43\/100|[from] item: Black Sludge\n|upkeep\n|turn|3\n|\n|t:|1698944040\n|move|p2a: Iron Hands|Fake Out|p1b: Amoonguss\n|-damage|p1b: Amoonguss|27\/100\n|cant|p1b: Amoonguss|flinch\n|move|p1a: Rillaboom|Grassy Glide|p2a: Iron Hands\n|-damage|p2a: Iron Hands|82\/100\n|-curestatus|p2b: Heatran|slp|[msg]\n|move|p2b: Heatran|Heat Wave|p1a: Rillaboom|[spread] p1a,p1b\n|-supereffective|p1a: Rillaboom\n|-supereffective|p1b: Amoonguss\n|-damage|p1a: Rillaboom|0 fnt\n|-damage|p1b: Amoonguss|0 fnt\n|faint|p1a: Rillaboom\n|faint|p1b: Amoonguss\n|\n|-heal|p2a: Iron Hands|88\/100|[from] Grassy Terrain\n|upkeep\n|\n|t:|1698944061\n|switch|p1a: Torterra|Torterra, M|100\/100\n|switch|p1b: Breloom|Breloom, F|100\/100\n|turn|4\n|\n|t:|1698944082\n|switch|p2b: Tornadus|Tornadus, M|82\/100\n|move|p1b: Breloom|Bullet Seed|p2a: Iron Hands\n|-damage|p2a: Iron Hands|75\/100\n|-damage|p2a: Iron Hands|61\/100\n|-damage|p2a: Iron Hands|48\/100\n|-damage|p2a: Iron Hands|36\/100\n|-hitcount|p2a: Iron Hands|4\n|move|p1a: Torterra|Shell Smash|p1a: Torterra\n|-unboost|p1a: Torterra|def|1\n|-unboost|p1a: Torterra|spd|1\n|-boost|p1a: Torterra|atk|2\n|-boost|p1a: Torterra|spa|2\n|-boost|p1a: Torterra|spe|2\n|-enditem|p1a: Torterra|White Herb\n|-clearnegativeboost|p1a: Torterra|[silent]\n|move|p2a: Iron Hands|Iron Head|p1b: Breloom\n|-damage|p1b: Breloom|42\/100\n|\n|-heal|p1b: Breloom|48\/100|[from] Grassy Terrain\n|-heal|p2a: Iron Hands|42\/100|[from] Grassy Terrain\n|upkeep\n|turn|5\n|\n|t:|1698944120\n|-end|p2a: Iron Hands|Quark Drive|[silent]\n|switch|p2a: Heatran|Heatran, M, tera:Fire|100\/100\n|move|p2b: Tornadus|Tailwind|p2b: Tornadus\n|-sidestart|p2: ampt56|move: Tailwind\n|move|p1a: Torterra|Stone Edge|p2b: Tornadus\n|-supereffective|p2b: Tornadus\n|-enditem|p2b: Tornadus|Charti Berry|[eat]\n|-enditem|p2b: Tornadus|Charti Berry|[weaken]\n|-damage|p2b: Tornadus|7\/100\n|move|p1b: Breloom|Bullet Seed|p2a: Heatran\n|-resisted|p2a: Heatran\n|-damage|p2a: Heatran|91\/100\n|-resisted|p2a: Heatran\n|-damage|p2a: Heatran|81\/100\n|-resisted|p2a: Heatran\n|-damage|p2a: Heatran|72\/100\n|-resisted|p2a: Heatran\n|-damage|p2a: Heatran|61\/100\n|-resisted|p2a: Heatran\n|-damage|p2a: Heatran|52\/100\n|-hitcount|p2a: Heatran|5\n|\n|-heal|p2a: Heatran|58\/100|[from] Grassy Terrain\n|-heal|p2a: Heatran|65\/100|[from] item: Leftovers\n|-heal|p1b: Breloom|55\/100|[from] Grassy Terrain\n|-fieldend|move: Grassy Terrain\n|upkeep\n|turn|6\n|\n|t:|1698944160\n|move|p1b: Breloom|Mach Punch|p2b: Tornadus\n|-resisted|p2b: Tornadus\n|-damage|p2b: Tornadus|0 fnt\n|faint|p2b: Tornadus\n|move|p1a: Torterra|Headlong Rush|p2a: Heatran\n|-supereffective|p2a: Heatran\n|-damage|p2a: Heatran|0 fnt\n|-unboost|p1a: Torterra|def|1\n|-unboost|p1a: Torterra|spd|1\n|faint|p2a: Heatran\n|\n|upkeep\n|\n|t:|1698944180\n|switch|p2b: Roaring Moon|Roaring Moon|100\/100\n|switch|p2a: Gholdengo|Gholdengo|100\/100\n|-enditem|p2b: Roaring Moon|Booster Energy\n|-activate|p2b: Roaring Moon|ability: Protosynthesis|[fromitem]\n|-start|p2b: Roaring Moon|protosynthesisatk\n|turn|7\n|\n|t:|1698944203\n|-terastallize|p1b: Breloom|Fighting\n|move|p1b: Breloom|Mach Punch|p2b: Roaring Moon\n|-supereffective|p2b: Roaring Moon\n|-damage|p2b: Roaring Moon|0 fnt\n|faint|p2b: Roaring Moon\n|-end|p2b: Roaring Moon|Protosynthesis|[silent]\n|move|p1a: Torterra|Headlong Rush|p2a: Gholdengo\n|-supereffective|p2a: Gholdengo\n|-damage|p2a: Gholdengo|0 fnt\n|-unboost|p1a: Torterra|def|1\n|-unboost|p1a: Torterra|spd|1\n|faint|p2a: Gholdengo\n|\n|upkeep\n|\n|t:|1698944215\n|switch|p2b: Ogerpon|Ogerpon-Wellspring, F|100\/100\n|switch|p2a: Iron Hands|Iron Hands|42\/100\n|turn|8\n|\n|t:|1698944232\n|move|p2b: Ogerpon|Ivy Cudgel|p1a: Torterra\n|-damage|p1a: Torterra|2\/100\n|move|p1a: Torterra|Wood Hammer|p2a: Iron Hands\n|-damage|p2a: Iron Hands|0 fnt\n|faint|p2a: Iron Hands\n|-end|p2a: Iron Hands|Quark Drive|[silent]\n|-damage|p1a: Torterra|0 fnt|[from] Recoil\n|faint|p1a: Torterra\n|move|p1b: Breloom|Aerial Ace|p2b: Ogerpon\n|-supereffective|p2b: Ogerpon\n|-crit|p2b: Ogerpon\n|-damage|p2b: Ogerpon|0 fnt\n|faint|p2b: Ogerpon\n|\n|win|Undead_Redhead\n|raw|Undead_Redhead's rating: 1117 &rarr; <strong>1139<\/strong><br \/>(+22 for winning)\n|raw|ampt56's rating: 1079 &rarr; <strong>1060<\/strong><br \/>(-19 for losing)\n|l|\u2606ampt56\n","uploadtime":1698944252,"views":24,"p1id":"undeadredhead","p2id":"ampt56","formatid":"gen9doublesou","rating":1060,"private":0,"password":""}