{"id":"gen9doublesou-1985437419","p1":"guru000","p2":"Kenn2409","format":"[Gen 9] Doubles OU","log":"|j|\u2606guru000\n|j|\u2606Kenn2409\n|inactive|Battle timer is ON: inactive players will automatically lose when time's up.\n|t:|1699374643\n|gametype|doubles\n|player|p1|guru000|169|\n|player|p2|Kenn2409|101|\n|teamsize|p1|6\n|teamsize|p2|6\n|gen|9\n|tier|[Gen 9] Doubles OU\n|rated|Tournament battle\n|rule|Species Clause: Limit one of each Pok\u00e9mon\n|rule|OHKO Clause: OHKO moves are banned\n|rule|Evasion Moves Clause: Evasion moves are banned\n|rule|Gravity Sleep Clause: The combination of sleep-inducing moves with imperfect accuracy and Gravity or Gigantamax Orbeetle are banned\n|rule|Endless Battle Clause: Forcing endless battles is banned\n|rule|HP Percentage Mod: HP is shown in percentages\n|clearpoke\n|poke|p1|Tinkatink, F|\n|poke|p1|Grimer-Alola, F|\n|poke|p1|Deerling, F|\n|poke|p1|Happiny, F|\n|poke|p1|Gligar, F|\n|poke|p1|Cubchoo, F|\n|poke|p2|Azurill, M|\n|poke|p2|Grookey, M|\n|poke|p2|Dratini, F|\n|poke|p2|Stunky, M|\n|poke|p2|Toxapex, F|\n|poke|p2|Yanma, F|\n|teampreview\n|j|*Lady Monita \u263d\n|j| SighofEnd\n|c| SighofEnd|glhf\n|inactive|guru000 has 120 seconds left.\n|inactive|guru000 has 90 seconds left.\n|inactive|guru000 has 60 seconds left.\n|inactive|guru000 has 30 seconds left.\n|inactive|guru000 has 20 seconds left.\n|inactive|guru000 has 15 seconds left.\n|\n|t:|1699374783\n|start\n|switch|p1a: Gligar|Gligar, F|100\/100\n|switch|p1b: Happiny|Happiny, F|100\/100\n|switch|p2a: Azurill|Azurill, M|100\/100\n|switch|p2b: Grookey|Grookey, M|100\/100\n|-fieldstart|move: Grassy Terrain|[from] ability: Grassy Surge|[of] p2b: Grookey\n|turn|1\n|inactive|guru000 has 90 seconds left.\n|\n|t:|1699374808\n|move|p2b: Grookey|Fake Out|p1b: Happiny\n|-damage|p1b: Happiny|88\/100\n|move|p1a: Gligar|Poison Jab|p2b: Grookey\n|-supereffective|p2b: Grookey\n|-damage|p2b: Grookey|42\/100\n|cant|p1b: Happiny|flinch\n|move|p2a: Azurill|Belly Drum|p2a: Azurill\n|-damage|p2a: Azurill|51\/100\n|-setboost|p2a: Azurill|atk|6|[from] move: Belly Drum\n|\n|-heal|p2b: Grookey|48\/100|[from] Grassy Terrain\n|-heal|p1b: Happiny|94\/100|[from] Grassy Terrain\n|-heal|p2a: Azurill|57\/100|[from] Grassy Terrain\n|upkeep\n|turn|2\n|j| mike-r11\n|\n|t:|1699374828\n|move|p2a: Azurill|Aqua Jet|p1a: Gligar\n|-supereffective|p1a: Gligar\n|-damage|p1a: Gligar|46\/100\n|move|p1a: Gligar|Poison Jab|p2a: Azurill\n|-supereffective|p2a: Azurill\n|-damage|p2a: Azurill|0 fnt\n|faint|p2a: Azurill\n|move|p2b: Grookey|Drain Punch|p1a: Gligar\n|-resisted|p1a: Gligar\n|-crit|p1a: Gligar\n|-damage|p1a: Gligar|38\/100\n|-heal|p2b: Grookey|53\/100|[from] drain|[of] p1a: Gligar\n|move|p1b: Happiny|Icy Wind|p2b: Grookey\n|-supereffective|p2b: Grookey\n|-damage|p2b: Grookey|39\/100\n|-unboost|p2b: Grookey|spe|1\n|\n|-heal|p2b: Grookey|46\/100|[from] Grassy Terrain\n|-heal|p1b: Happiny|99\/100|[from] Grassy Terrain\n|upkeep\n|c| SighofEnd|misclick?\n|inactive|Kenn2409 has 120 seconds left.\n|c|\u2606Kenn2409|yes haha\n|\n|t:|1699374874\n|switch|p2a: Toxapex|Toxapex, F|100\/100\n|turn|3\n|inactive|guru000 has 120 seconds left.\n|inactive|Kenn2409 has 90 seconds left.\n|inactive|guru000 has 90 seconds left.\n|\n|t:|1699374921\n|switch|p2b: Stunky|Stunky, M|100\/100\n|move|p1a: Gligar|Poison Jab|p2b: Stunky\n|-resisted|p2b: Stunky\n|-damage|p2b: Stunky|89\/100\n|move|p2a: Toxapex|Blizzard|p1a: Gligar|[spread] p1a,p1b\n|-supereffective|p1a: Gligar\n|-damage|p1a: Gligar|0 fnt\n|-damage|p1b: Happiny|88\/100\n|faint|p1a: Gligar\n|move|p1b: Happiny|Thunder Wave|p2a: Toxapex\n|-status|p2a: Toxapex|par\n|\n|-heal|p2b: Stunky|95\/100|[from] Grassy Terrain\n|-heal|p1b: Happiny|94\/100|[from] Grassy Terrain\n|upkeep\n|\n|t:|1699374933\n|switch|p1a: Tinkatink|Tinkatink, F|100\/100\n|turn|4\n|inactive|guru000 has 90 seconds left.\n|inactive|Kenn2409 has 90 seconds left.\n|\n|t:|1699374978\n|move|p2a: Toxapex|Baneful Bunker|p2a: Toxapex\n|-singleturn|p2a: Toxapex|move: Protect\n|move|p2b: Stunky|Poison Gas|p1a: Tinkatink|[spread] p1a,p1b\n|-immune|p1a: Tinkatink\n|-status|p1b: Happiny|psn\n|move|p1a: Tinkatink|Knock Off|p2b: Stunky\n|-resisted|p2b: Stunky\n|-damage|p2b: Stunky|82\/100\n|-enditem|p2b: Stunky|Eviolite|[from] move: Knock Off|[of] p1a: Tinkatink\n|move|p1b: Happiny|Icy Wind|p2b: Stunky|[spread] p2b\n|-activate|p2a: Toxapex|move: Protect\n|-damage|p2b: Stunky|76\/100\n|-unboost|p2b: Stunky|spe|1\n|\n|-heal|p2b: Stunky|82\/100|[from] Grassy Terrain\n|-heal|p1b: Happiny|99\/100 psn|[from] Grassy Terrain\n|-damage|p1b: Happiny|88\/100 psn|[from] psn\n|upkeep\n|turn|5\n|inactive|Kenn2409 has 90 seconds left.\n|inactive|Kenn2409 has 60 seconds left.\n|\n|t:|1699375036\n|move|p1a: Tinkatink|Stealth Rock|p2b: Stunky\n|-sidestart|p2: Kenn2409|move: Stealth Rock\n|move|p2b: Stunky|Shadow Claw|p1a: Tinkatink\n|-damage|p1a: Tinkatink|82\/100\n|move|p1b: Happiny|Icy Wind|p2b: Stunky|[spread] p2a,p2b\n|-resisted|p2a: Toxapex\n|-damage|p2a: Toxapex|99\/100 par\n|-damage|p2b: Stunky|77\/100\n|-unboost|p2a: Toxapex|spe|1\n|-unboost|p2b: Stunky|spe|1\n|move|p2a: Toxapex|Tera Blast|p1a: Tinkatink\n|-resisted|p1a: Tinkatink\n|-damage|p1a: Tinkatink|75\/100\n|\n|-heal|p1a: Tinkatink|81\/100|[from] Grassy Terrain\n|-heal|p1b: Happiny|94\/100 psn|[from] Grassy Terrain\n|-heal|p2b: Stunky|83\/100|[from] Grassy Terrain\n|-heal|p2a: Toxapex|100\/100 par|[from] Grassy Terrain\n|-damage|p1b: Happiny|82\/100 psn|[from] psn\n|-fieldend|move: Grassy Terrain\n|upkeep\n|turn|6\n|inactive|Kenn2409 has 60 seconds left.\n|\n|t:|1699375063\n|switch|p2b: Grookey|Grookey, M|46\/100\n|-damage|p2b: Grookey|33\/100|[from] Stealth Rock\n|-fieldstart|move: Grassy Terrain|[from] ability: Grassy Surge|[of] p2b: Grookey\n|move|p2a: Toxapex|Baneful Bunker|p2a: Toxapex\n|-singleturn|p2a: Toxapex|move: Protect\n|move|p1a: Tinkatink|Knock Off|p2a: Toxapex\n|-activate|p2a: Toxapex|move: Protect\n|move|p1b: Happiny|Hyper Voice|p2b: Grookey|[spread] p2b\n|-activate|p2a: Toxapex|move: Protect\n|-damage|p2b: Grookey|20\/100\n|\n|-heal|p2b: Grookey|26\/100|[from] Grassy Terrain\n|-heal|p1a: Tinkatink|87\/100|[from] Grassy Terrain\n|-heal|p1b: Happiny|88\/100 psn|[from] Grassy Terrain\n|-damage|p1b: Happiny|76\/100 psn|[from] psn\n|upkeep\n|turn|7\n|inactive|guru000 has 120 seconds left.\n|inactive|Kenn2409 has 60 seconds left.\n|\n|t:|1699375093\n|move|p2b: Grookey|Fake Out|p1a: Tinkatink\n|-resisted|p1a: Tinkatink\n|-damage|p1a: Tinkatink|82\/100\n|cant|p1a: Tinkatink|flinch\n|move|p1b: Happiny|Icy Wind|p2b: Grookey|[spread] p2a,p2b\n|-resisted|p2a: Toxapex\n|-supereffective|p2b: Grookey\n|-damage|p2a: Toxapex|99\/100 par\n|-damage|p2b: Grookey|15\/100\n|-unboost|p2a: Toxapex|spe|1\n|-unboost|p2b: Grookey|spe|1\n|cant|p2a: Toxapex|par\n|\n|-heal|p2b: Grookey|21\/100|[from] Grassy Terrain\n|-heal|p1a: Tinkatink|88\/100|[from] Grassy Terrain\n|-heal|p1b: Happiny|82\/100 psn|[from] Grassy Terrain\n|-heal|p2a: Toxapex|100\/100 par|[from] Grassy Terrain\n|-damage|p1b: Happiny|69\/100 psn|[from] psn\n|upkeep\n|turn|8\n|inactive|Kenn2409 has 60 seconds left.\n|\n|t:|1699375106\n|move|p2a: Toxapex|Baneful Bunker|p2a: Toxapex\n|-singleturn|p2a: Toxapex|move: Protect\n|move|p2b: Grookey|Drain Punch|p1b: Happiny\n|-supereffective|p1b: Happiny\n|-damage|p1b: Happiny|26\/100 psn\n|-heal|p2b: Grookey|52\/100|[from] drain|[of] p1b: Happiny\n|move|p1a: Tinkatink|Knock Off|p2b: Grookey\n|-damage|p2b: Grookey|21\/100\n|-enditem|p2b: Grookey|Eviolite|[from] move: Knock Off|[of] p1a: Tinkatink\n|move|p1b: Happiny|Icy Wind|p2b: Grookey|[spread] p2b\n|-activate|p2a: Toxapex|move: Protect\n|-supereffective|p2b: Grookey\n|-damage|p2b: Grookey|5\/100\n|-unboost|p2b: Grookey|spe|1\n|\n|-heal|p1a: Tinkatink|94\/100|[from] Grassy Terrain\n|-heal|p2b: Grookey|12\/100|[from] Grassy Terrain\n|-heal|p1b: Happiny|32\/100 psn|[from] Grassy Terrain\n|-damage|p1b: Happiny|20\/100 psn|[from] psn\n|upkeep\n|turn|9\n|inactive|Kenn2409 has 60 seconds left.\n|\n|t:|1699375133\n|move|p2b: Grookey|Grassy Glide|p1a: Tinkatink\n|-resisted|p1a: Tinkatink\n|-damage|p1a: Tinkatink|82\/100\n|move|p1a: Tinkatink|Knock Off|p2a: Toxapex\n|-damage|p2a: Toxapex|85\/100 par\n|-enditem|p2a: Toxapex|Leftovers|[from] move: Knock Off|[of] p1a: Tinkatink\n|move|p1b: Happiny|Icy Wind|p2a: Toxapex|[spread] p2a,p2b\n|-resisted|p2a: Toxapex\n|-supereffective|p2b: Grookey\n|-damage|p2a: Toxapex|84\/100 par\n|-damage|p2b: Grookey|0 fnt\n|-unboost|p2a: Toxapex|spe|1\n|faint|p2b: Grookey\n|move|p2a: Toxapex|Blizzard|p1a: Tinkatink|[spread] p1b\n|-miss|p2a: Toxapex|p1a: Tinkatink\n|-damage|p1b: Happiny|7\/100 psn\n|\n|-heal|p1a: Tinkatink|88\/100|[from] Grassy Terrain\n|-heal|p1b: Happiny|13\/100 psn|[from] Grassy Terrain\n|-heal|p2a: Toxapex|90\/100 par|[from] Grassy Terrain\n|-damage|p1b: Happiny|1\/100 psn|[from] psn\n|upkeep\n|inactive|Kenn2409 has 60 seconds left.\n|\n|t:|1699375163\n|switch|p2b: Dratini|Dratini, F|100\/100\n|-damage|p2b: Dratini|88\/100|[from] Stealth Rock\n|turn|10\n|inactive|Kenn2409 has 30 seconds left.\n|inactive|Kenn2409 has 20 seconds left.\n|inactive|Kenn2409 has 15 seconds left.\n|inactive|Kenn2409 has 10 seconds left.\n|\n|t:|1699375217\n|cant|p2a: Toxapex|par\n|move|p2b: Dratini|Extreme Speed|p1a: Tinkatink\n|-resisted|p1a: Tinkatink\n|-damage|p1a: Tinkatink|79\/100\n|move|p1a: Tinkatink|Ice Hammer|p2b: Dratini\n|-supereffective|p2b: Dratini\n|-damage|p2b: Dratini|32\/100\n|-unboost|p1a: Tinkatink|spe|1\n|move|p1b: Happiny|Shadow Ball|p2a: Toxapex\n|-damage|p2a: Toxapex|86\/100 par\n|\n|-heal|p2b: Dratini|38\/100|[from] Grassy Terrain\n|-heal|p1a: Tinkatink|85\/100|[from] Grassy Terrain\n|-heal|p1b: Happiny|7\/100 psn|[from] Grassy Terrain\n|-heal|p2a: Toxapex|92\/100 par|[from] Grassy Terrain\n|-damage|p1b: Happiny|0 fnt|[from] psn\n|faint|p1b: Happiny\n|-fieldend|move: Grassy Terrain\n|upkeep\n|inactive|Kenn2409 has 15 seconds left this turn.\n|\n|t:|1699375232\n|switch|p1b: Grimer|Grimer-Alola, F|100\/100\n|turn|11\n|inactive|Kenn2409 has 30 seconds left.\n|\n|t:|1699375244\n|move|p1b: Grimer|Protect|p1b: Grimer\n|-singleturn|p1b: Grimer|Protect\n|cant|p2a: Toxapex|par\n|move|p2b: Dratini|Giga Impact|p1b: Grimer\n|-activate|p1b: Grimer|move: Protect\n|move|p1a: Tinkatink|Ice Hammer|p2b: Dratini\n|-supereffective|p2b: Dratini\n|-damage|p2b: Dratini|0 fnt\n|-unboost|p1a: Tinkatink|spe|1\n|faint|p2b: Dratini\n|\n|upkeep\n|inactive|Kenn2409 has 30 seconds left.\n|\n|t:|1699375257\n|switch|p2b: Yanma|Yanma, F|100\/100\n|-damage|p2b: Yanma|51\/100|[from] Stealth Rock\n|turn|12\n|inactive|Kenn2409 has 30 seconds left.\n|l| SighofEnd\n|inactive|Kenn2409 has 20 seconds left.\n|inactive|Kenn2409 has 15 seconds left.\n|inactive|Kenn2409 has 10 seconds left.\n|\n|t:|1699375299\n|-terastallize|p2b: Yanma|Psychic\n|move|p2b: Yanma|Tera Blast|p1b: Grimer|[anim] Tera Blast Psychic\n|-immune|p1b: Grimer\n|move|p1b: Grimer|Rock Slide|p2a: Toxapex|[spread] p2a,p2b\n|-crit|p2a: Toxapex\n|-damage|p2a: Toxapex|74\/100 par\n|-damage|p2b: Yanma|12\/100\n|move|p1a: Tinkatink|Rock Slide|p2b: Yanma|[spread] p2a\n|-miss|p1a: Tinkatink|p2b: Yanma\n|-damage|p2a: Toxapex|65\/100 par\n|move|p2a: Toxapex|Sludge Bomb|p1b: Grimer\n|-resisted|p1b: Grimer\n|-damage|p1b: Grimer|84\/100\n|\n|-ability|p2b: Yanma|Speed Boost|boost\n|-boost|p2b: Yanma|spe|1\n|upkeep\n|turn|13\n|inactive|Kenn2409 has 30 seconds left.\n|\n|t:|1699375318\n|switch|p2b: Stunky|Stunky, M|83\/100\n|-damage|p2b: Stunky|70\/100|[from] Stealth Rock\n|move|p2a: Toxapex|Baneful Bunker|p2a: Toxapex\n|-singleturn|p2a: Toxapex|move: Protect\n|move|p1b: Grimer|Rock Slide|p2b: Stunky|[spread] p2b\n|-activate|p2a: Toxapex|move: Protect\n|-damage|p2b: Stunky|42\/100\n|move|p1a: Tinkatink|Knock Off|p2b: Stunky\n|-resisted|p2b: Stunky\n|-damage|p2b: Stunky|30\/100\n|\n|upkeep\n|turn|14\n|c|\u2606Kenn2409|this is most lost since the start haha\n|inactive|Kenn2409 has 30 seconds left.\n|inactive|Kenn2409 has 20 seconds left.\n|\n|t:|1699375348\n|move|p2b: Stunky|Shadow Claw|p1a: Tinkatink\n|-damage|p1a: Tinkatink|61\/100\n|move|p1b: Grimer|Rock Slide|p2a: Toxapex|[spread] p2a,p2b\n|-damage|p2a: Toxapex|54\/100 par\n|-damage|p2b: Stunky|2\/100\n|move|p1a: Tinkatink|Rock Slide|p2a: Toxapex|[spread] p2a,p2b\n|-damage|p2a: Toxapex|44\/100 par\n|-damage|p2b: Stunky|0 fnt\n|faint|p2b: Stunky\n|move|p2a: Toxapex|Blizzard|p1a: Tinkatink|[spread] p1a\n|-miss|p2a: Toxapex|p1b: Grimer\n|-resisted|p1a: Tinkatink\n|-damage|p1a: Tinkatink|51\/100\n|\n|upkeep\n|inactive|Kenn2409 has 25 seconds left this turn.\n|inactive|Kenn2409 has 20 seconds left.\n|\n|t:|1699375357\n|switch|p2b: Yanma|Yanma, F, tera:Psychic|12\/100\n|-damage|p2b: Yanma|0 fnt|[from] Stealth Rock\n|faint|p2b: Yanma\n|turn|15\n|j| cesar dios pokemon\n|-message|Kenn2409 forfeited.\n|\n|win|guru000\n|n|\u2606guru000|guru000\n|n|\u2606Kenn2409|kenn2409\n|n|*Lady Monita \u263d|ladymonita\n|n| mike-r11|miker11\n|n| cesar dios pokemon|cesardiospokemon\n","uploadtime":1699375364,"views":8,"p1id":"guru000","p2id":"kenn2409","formatid":"gen9doublesou","rating":0,"private":0,"password":""}