{"id":"gen9doublesou-1971266805","p1":"chegwin_yeet","p2":"tsarthefoollol","format":"[Gen 9] Doubles OU","log":"|j|\u2606chegwin_yeet\n|j|\u2606tsarthefoollol\n|t:|1697725062\n|gametype|doubles\n|player|p1|chegwin_yeet|giovanni|1135\n|player|p2|tsarthefoollol|caitlin|1082\n|teamsize|p1|6\n|teamsize|p2|6\n|gen|9\n|tier|[Gen 9] Doubles OU\n|rated|\n|rule|Species Clause: Limit one of each Pok\u00e9mon\n|rule|OHKO Clause: OHKO moves are banned\n|rule|Evasion Moves Clause: Evasion moves are banned\n|rule|Gravity Sleep Clause: The combination of sleep-inducing moves with imperfect accuracy and Gravity or Gigantamax Orbeetle are banned\n|rule|Endless Battle Clause: Forcing endless battles is banned\n|rule|HP Percentage Mod: HP is shown in percentages\n|clearpoke\n|poke|p1|Maushold-Four|\n|poke|p1|Hydreigon, M|\n|poke|p1|Gholdengo|\n|poke|p1|Armarouge, F|\n|poke|p1|Meowscarada, M|\n|poke|p1|Indeedee-F, F|\n|poke|p2|Chien-Pao|\n|poke|p2|Iron Hands|\n|poke|p2|Basculegion, M|\n|poke|p2|Fezandipiti, M|\n|poke|p2|Dipplin, F|\n|poke|p2|Garganacl, M|\n|teampreview\n|inactive|Battle timer is ON: inactive players will automatically lose when time's up. (requested by chegwin_yeet)\n|\n|t:|1697725087\n|start\n|switch|p1a: Maushold|Maushold-Four|100\/100\n|switch|p1b: Hydreigon|Hydreigon, M|100\/100\n|switch|p2a: Sticky|Dipplin, F|100\/100\n|switch|p2b: Saber|Chien-Pao|100\/100\n|-ability|p2b: Saber|Sword of Ruin\n|-ability|p2a: Sticky|Supersweet Syrup\n|-ability|p2a: Sticky|Supersweet Syrup|boost\n|-unboost|p1a: Maushold|evasion|1\n|-unboost|p1b: Hydreigon|evasion|1\n|turn|1\n|\n|t:|1697725111\n|move|p2b: Saber|Ice Spinner|p1b: Hydreigon\n|-supereffective|p1b: Hydreigon\n|-damage|p1b: Hydreigon|0 fnt\n|faint|p1b: Hydreigon\n|move|p1a: Maushold|Population Bomb|p2b: Saber\n|-damage|p2b: Saber|84\/100\n|-crit|p2b: Saber\n|-damage|p2b: Saber|61\/100\n|-damage|p2b: Saber|46\/100\n|-damage|p2b: Saber|31\/100\n|-damage|p2b: Saber|16\/100\n|-crit|p2b: Saber\n|-damage|p2b: Saber|0 fnt\n|faint|p2b: Saber\n|-hitcount|p2: Saber|6\n|move|p2a: Sticky|Syrup Bomb|p1a: Maushold\n|-damage|p1a: Maushold|71\/100\n|-start|p1a: Maushold|Syrup Bomb\n|\n|-unboost|p1a: Maushold|spe|1\n|upkeep\n|\n|t:|1697725132\n|switch|p2b: Slapahoe|Iron Hands|100\/100\n|switch|p1b: Armarouge|Armarouge, F|100\/100\n|turn|2\n|\n|t:|1697725160\n|switch|p2a: Garganacl|Garganacl, M|100\/100\n|move|p1b: Armarouge|Protect|p1b: Armarouge\n|-singleturn|p1b: Armarouge|Protect\n|move|p1a: Maushold|Encore||[still]\n|-fail|p1a: Maushold\n|move|p2b: Slapahoe|Drain Punch|p1a: Maushold\n|-supereffective|p1a: Maushold\n|-damage|p1a: Maushold|0 fnt\n|faint|p1a: Maushold\n|\n|upkeep\n|\n|t:|1697725169\n|switch|p1a: Indeedee|Indeedee-F, F|100\/100\n|-fieldstart|move: Psychic Terrain|[from] ability: Psychic Surge|[of] p1a: Indeedee\n|-enditem|p1a: Indeedee|Psychic Seed\n|-boost|p1a: Indeedee|spd|1|[from] item: Psychic Seed\n|turn|3\n|\n|t:|1697725184\n|-end|p2b: Slapahoe|Quark Drive|[silent]\n|switch|p2b: Sticky|Dipplin, F|100\/100\n|move|p1a: Indeedee|Helping Hand|p1b: Armarouge\n|-singleturn|p1b: Armarouge|Helping Hand|[of] p1a: Indeedee\n|move|p1b: Armarouge|Expanding Force|p2a: Garganacl|[spread] p2a,p2b\n|-damage|p2a: Garganacl|0 fnt\n|-damage|p2b: Sticky|9\/100\n|faint|p2a: Garganacl\n|-damage|p1b: Armarouge|90\/100|[from] item: Life Orb\n|\n|upkeep\n|\n|t:|1697725197\n|switch|p2a: Feesh|Basculegion, M|100\/100\n|-ability|p2a: Feesh|Mold Breaker\n|turn|4\n|\n|t:|1697725217\n|move|p1a: Indeedee|Follow Me|p1a: Indeedee\n|-singleturn|p1a: Indeedee|move: Follow Me\n|move|p2a: Feesh|Phantom Force||[still]\n|-prepare|p2a: Feesh|Phantom Force\n|move|p2b: Sticky|Recover|p2b: Sticky\n|-heal|p2b: Sticky|60\/100\n|move|p1b: Armarouge|Trick Room|p1b: Armarouge\n|-fieldstart|move: Trick Room|[of] p1b: Armarouge\n|\n|upkeep\n|turn|5\n|\n|t:|1697725238\n|move|p1a: Indeedee|Protect|p1a: Indeedee\n|-singleturn|p1a: Indeedee|Protect\n|move|p2b: Sticky|Pollen Puff|p1b: Armarouge\n|-damage|p1b: Armarouge|64\/100\n|move|p1b: Armarouge|Armor Cannon|p2b: Sticky\n|-crit|p2b: Sticky\n|-damage|p2b: Sticky|0 fnt\n|-unboost|p1b: Armarouge|def|1\n|-unboost|p1b: Armarouge|spd|1\n|faint|p2b: Sticky\n|-damage|p1b: Armarouge|54\/100|[from] item: Life Orb\n|move|p2a: Feesh|Phantom Force|p1a: Indeedee|[from]lockedmove\n|-immune|p1a: Indeedee\n|\n|upkeep\n|inactive|tsarthefoollol has 120 seconds left.\n|\n|t:|1697725261\n|switch|p2b: Slapahoe|Iron Hands|100\/100\n|turn|6\n|inactive|chegwin_yeet has 120 seconds left.\n|inactive|chegwin_yeet has 90 seconds left.\n|\n|t:|1697725322\n|move|p1a: Indeedee|Helping Hand|p1b: Armarouge\n|-singleturn|p1b: Armarouge|Helping Hand|[of] p1a: Indeedee\n|move|p2b: Slapahoe|Fake Out|p1a: Indeedee\n|-activate|p1a: Indeedee|move: Psychic Terrain\n|move|p1b: Armarouge|Expanding Force|p2b: Slapahoe|[spread] p2a,p2b\n|-supereffective|p2b: Slapahoe\n|-damage|p2a: Feesh|0 fnt\n|-damage|p2b: Slapahoe|0 fnt\n|faint|p2a: Feesh\n|faint|p2b: Slapahoe\n|-end|p2b: Slapahoe|Quark Drive|[silent]\n|-damage|p1b: Armarouge|44\/100|[from] item: Life Orb\n|\n|upkeep\n|\n|t:|1697725334\n|switch|p2a: Fezzy|Fezandipiti, M|100\/100\n|turn|7\n|-message|tsarthefoollol forfeited.\n|\n|win|chegwin_yeet\n|raw|chegwin_yeet's rating: 1135 &rarr; <strong>1156<\/strong><br \/>(+21 for winning)\n|raw|tsarthefoollol's rating: 1082 &rarr; <strong>1063<\/strong><br \/>(-19 for losing)\n|l|\u2606tsarthefoollol\n","uploadtime":1697725344,"views":16,"p1id":"chegwinyeet","p2id":"tsarthefoollol","formatid":"gen9doublesou","rating":1063,"private":0,"password":""}