{"id":"gen9doublesou-1982185378","p1":"loomiiss","p2":"Tractoryeet","format":"[Gen 9] Doubles OU","log":"|j|\u2606loomiiss\n|j|\u2606Tractoryeet\n|t:|1698976802\n|gametype|doubles\n|player|p1|loomiiss|elesa-masters2|1390\n|player|p2|Tractoryeet|karen|1321\n|teamsize|p1|6\n|teamsize|p2|6\n|gen|9\n|tier|[Gen 9] Doubles OU\n|rated|\n|rule|Species Clause: Limit one of each Pok\u00e9mon\n|rule|OHKO Clause: OHKO moves are banned\n|rule|Evasion Moves Clause: Evasion moves are banned\n|rule|Gravity Sleep Clause: The combination of sleep-inducing moves with imperfect accuracy and Gravity or Gigantamax Orbeetle are banned\n|rule|Endless Battle Clause: Forcing endless battles is banned\n|rule|HP Percentage Mod: HP is shown in percentages\n|clearpoke\n|poke|p1|Chien-Pao|\n|poke|p1|Flutter Mane|\n|poke|p1|Sneasler, F|\n|poke|p1|Iron Treads|\n|poke|p1|Iron Bundle|\n|poke|p1|Tornadus, M|\n|poke|p2|Klefki, M|\n|poke|p2|Kingambit, M|\n|poke|p2|Magnezone|\n|poke|p2|Perrserker, F|\n|poke|p2|Heatran, M|\n|poke|p2|Goodra-Hisui, M|\n|teampreview\n|inactive|Battle timer is ON: inactive players will automatically lose when time's up. (requested by loomiiss)\n|inactive|loomiiss has 120 seconds left.\n|inactive|Tractoryeet has 120 seconds left.\n|\n|t:|1698976852\n|start\n|switch|p1a: Tornadus|Tornadus, M|100\/100\n|switch|p1b: Sneasler|Sneasler, F|100\/100\n|switch|p2a: Klefki|Klefki, M|100\/100\n|switch|p2b: Heatran|Heatran, M|100\/100\n|turn|1\n|\n|t:|1698976864\n|move|p1a: Tornadus|Taunt|p2a: Klefki\n|-start|p2a: Klefki|move: Taunt\n|move|p1b: Sneasler|Close Combat|p2b: Heatran\n|-supereffective|p2b: Heatran\n|-damage|p2b: Heatran|0 fnt\n|-unboost|p1b: Sneasler|def|1\n|-unboost|p1b: Sneasler|spd|1\n|faint|p2b: Heatran\n|cant|p2a: Klefki|move: Taunt|Trick Room\n|\n|upkeep\n|c|\u2606Tractoryeet|Glhf\n|\n|t:|1698976875\n|switch|p2b: Perrserker|Perrserker, F|100\/100\n|turn|2\n|c|\u2606loomiiss|glhf\n|\n|t:|1698976886\n|switch|p2a: Magnezone|Magnezone|100\/100\n|-item|p2a: Magnezone|Air Balloon\n|move|p2b: Perrserker|Fake Out|p1b: Sneasler\n|-damage|p1b: Sneasler|64\/100\n|move|p1a: Tornadus|Tailwind|p1a: Tornadus\n|-sidestart|p1: loomiiss|move: Tailwind\n|cant|p1b: Sneasler|flinch\n|\n|upkeep\n|turn|3\n|\n|t:|1698976903\n|move|p1b: Sneasler|Close Combat|p2a: Magnezone\n|-supereffective|p2a: Magnezone\n|-damage|p2a: Magnezone|0 fnt\n|-unboost|p1b: Sneasler|def|1\n|-unboost|p1b: Sneasler|spd|1\n|-enditem|p2a: Magnezone|Air Balloon\n|faint|p2a: Magnezone\n|move|p1a: Tornadus|Heat Wave|p2b: Perrserker\n|-supereffective|p2b: Perrserker\n|-enditem|p2b: Perrserker|Focus Sash\n|-damage|p2b: Perrserker|1\/100\n|move|p2b: Perrserker|Iron Head|p1a: Tornadus\n|-damage|p1a: Tornadus|12\/100\n|\n|upkeep\n|\n|t:|1698976914\n|switch|p2a: Kingambit|Kingambit, M|100\/100\n|-activate|p2a: Kingambit|ability: Supreme Overlord\n|-start|p2a: Kingambit|fallen2|[silent]\n|turn|4\n|\n|t:|1698976923\n|switch|p1a: Iron Treads|Iron Treads|100\/100\n|switch|p2b: Goodra|Goodra-Hisui, M|100\/100\n|move|p2a: Kingambit|Sucker Punch||[still]\n|-fail|p2a: Kingambit\n|move|p1b: Sneasler|U-turn|p2b: Goodra\n|-resisted|p2b: Goodra\n|-damage|p2b: Goodra|91\/100\n|\n|t:|1698976930\n|switch|p1b: Tornadus|Tornadus, M|12\/100|[from] U-turn\n|\n|-heal|p2b: Goodra|97\/100|[from] item: Leftovers\n|upkeep\n|turn|5\n|\n|t:|1698976942\n|switch|p1b: Sneasler|Sneasler, F|64\/100\n|move|p1a: Iron Treads|Body Press|p2a: Kingambit\n|-supereffective|p2a: Kingambit\n|-damage|p2a: Kingambit|28\/100\n|move|p2a: Kingambit|Iron Head|p1b: Sneasler\n|-damage|p1b: Sneasler|0 fnt\n|faint|p1b: Sneasler\n|-damage|p2a: Kingambit|18\/100|[from] item: Life Orb\n|move|p2b: Goodra|Dragon Pulse|p1a: Iron Treads\n|-resisted|p1a: Iron Treads\n|-damage|p1a: Iron Treads|86\/100\n|\n|-heal|p2b: Goodra|100\/100|[from] item: Leftovers\n|-sideend|p1: loomiiss|move: Tailwind\n|upkeep\n|\n|t:|1698976949\n|switch|p1b: Tornadus|Tornadus, M|12\/100\n|turn|6\n|\n|t:|1698976954\n|move|p1b: Tornadus|Tailwind|p1b: Tornadus\n|-sidestart|p1: loomiiss|move: Tailwind\n|move|p2a: Kingambit|Sucker Punch|p1a: Iron Treads\n|-damage|p1a: Iron Treads|29\/100\n|-damage|p2a: Kingambit|8\/100|[from] item: Life Orb\n|move|p1a: Iron Treads|Earthquake|p2b: Goodra|[spread] p2a,p2b\n|-immune|p1b: Tornadus\n|-supereffective|p2a: Kingambit\n|-supereffective|p2b: Goodra\n|-damage|p2a: Kingambit|0 fnt\n|-damage|p2b: Goodra|54\/100\n|faint|p2a: Kingambit\n|-end|p2a: Kingambit|fallen2|[silent]\n|move|p2b: Goodra|Dragon Pulse|p1b: Tornadus\n|-damage|p1b: Tornadus|0 fnt\n|faint|p1b: Tornadus\n|\n|-heal|p2b: Goodra|60\/100|[from] item: Leftovers\n|upkeep\n|\n|t:|1698976961\n|switch|p1b: Chien-Pao|Chien-Pao|100\/100\n|switch|p2a: Klefki|Klefki, M|100\/100\n|-ability|p1b: Chien-Pao|Sword of Ruin\n|turn|7\n|\n|t:|1698976974\n|move|p1b: Chien-Pao|Sacred Sword|p2b: Goodra\n|-supereffective|p2b: Goodra\n|-damage|p2b: Goodra|0 fnt\n|faint|p2b: Goodra\n|-damage|p1b: Chien-Pao|91\/100|[from] item: Life Orb\n|move|p1a: Iron Treads|Body Press|p2a: Klefki\n|-damage|p2a: Klefki|68\/100\n|-enditem|p2a: Klefki|Eject Button\n|\n|t:|1698976988\n|switch|p2a: Perrserker|Perrserker, F|1\/100\n|\n|upkeep\n|c|\u2606loomiiss|wow\n|\n|t:|1698976990\n|switch|p2b: Klefki|Klefki, M|68\/100\n|turn|8\n|\n|t:|1698977007\n|move|p1b: Chien-Pao|Protect|p1b: Chien-Pao\n|-singleturn|p1b: Chien-Pao|Protect\n|move|p2a: Perrserker|Fake Out|p1b: Chien-Pao\n|-activate|p1b: Chien-Pao|move: Protect\n|move|p1a: Iron Treads|Earthquake|p2a: Perrserker|[spread] p2a,p2b\n|-activate|p1b: Chien-Pao|move: Protect\n|-supereffective|p2a: Perrserker\n|-supereffective|p2b: Klefki\n|-damage|p2a: Perrserker|0 fnt\n|-damage|p2b: Klefki|0 fnt\n|faint|p2a: Perrserker\n|faint|p2b: Klefki\n|\n|win|loomiiss\n|raw|loomiiss's rating: 1390 &rarr; <strong>1406<\/strong><br \/>(+16 for winning)\n|raw|Tractoryeet's rating: 1321 &rarr; <strong>1305<\/strong><br \/>(-16 for losing)\n|c|\u2606Tractoryeet|?\n|c|\u2606loomiiss|truly a masterclass\n|c|\u2606Tractoryeet|My question is how is prankster not working\n|c|\u2606loomiiss|im faster and im also prankster\n|c|\u2606Tractoryeet|No the last turn i used trick room and it didnt go off\n|c|\u2606Tractoryeet|The turn with my eject button\n|c|\u2606Tractoryeet|I used trick room\n|c|\u2606loomiiss|skill\n|c|\u2606loomiiss|issue\n|l|\u2606loomiiss\n","uploadtime":1698977219,"views":22,"p1id":"loomiiss","p2id":"tractoryeet","formatid":"gen9doublesou","rating":1305,"private":0,"password":""}