{"id":"gen9doublesou-1995174995","p1":"Xalvadore","p2":"z0gre","format":"[Gen 9] Doubles OU","log":"|j|\u2606Xalvadore\n|j|\u2606z0gre\n|t:|1700530986\n|gametype|doubles\n|player|p1|Xalvadore|marnie|1376\n|player|p2|z0gre|169|1445\n|teamsize|p1|6\n|teamsize|p2|6\n|gen|9\n|tier|[Gen 9] Doubles OU\n|rated|\n|rule|Species Clause: Limit one of each Pok\u00e9mon\n|rule|OHKO Clause: OHKO moves are banned\n|rule|Evasion Moves Clause: Evasion moves are banned\n|rule|Gravity Sleep Clause: The combination of sleep-inducing moves with imperfect accuracy and Gravity or Gigantamax Orbeetle are banned\n|rule|Endless Battle Clause: Forcing endless battles is banned\n|rule|HP Percentage Mod: HP is shown in percentages\n|clearpoke\n|poke|p1|Flutter Mane|\n|poke|p1|Kingambit, M|\n|poke|p1|Zapdos|\n|poke|p1|Ogerpon-Hearthflame, F|\n|poke|p1|Gastrodon, F|\n|poke|p1|Landorus-Therian, M|\n|poke|p2|Tyranitar, M|\n|poke|p2|Glimmora, F|\n|poke|p2|Diancie|\n|poke|p2|Garganacl, M|\n|poke|p2|Houndstone, F|\n|poke|p2|Ogerpon-Cornerstone, F|\n|teampreview\n|\n|t:|1700531001\n|start\n|switch|p1a: Gastrodon|Gastrodon, F|100\/100\n|switch|p1b: Landorus|Landorus-Therian, M|100\/100\n|switch|p2a: Diancie|Diancie, shiny|100\/100\n|switch|p2b: Garganacl|Garganacl, M, shiny|100\/100\n|-ability|p1b: Landorus|Intimidate|boost\n|-fail|p2a: Diancie|unboost|[from] ability: Clear Body|[of] p2a: Diancie\n|-unboost|p2b: Garganacl|atk|1\n|turn|1\n|\n|t:|1700531021\n|move|p1b: Landorus|Stomping Tantrum|p2b: Garganacl\n|-supereffective|p2b: Garganacl\n|-damage|p2b: Garganacl|45\/100\n|move|p2a: Diancie|Diamond Storm|p1a: Gastrodon|[spread] p1a,p1b\n|-resisted|p1a: Gastrodon\n|-damage|p1a: Gastrodon|89\/100\n|-damage|p1b: Landorus|71\/100\n|-boost|p2a: Diancie|def|2\n|move|p2b: Garganacl|Salt Cure|p1b: Landorus\n|-damage|p1b: Landorus|60\/100\n|-start|p1b: Landorus|Salt Cure\n|move|p1a: Gastrodon|Muddy Water|p2a: Diancie|[spread] p2b\n|-miss|p1a: Gastrodon|p2a: Diancie\n|-supereffective|p2b: Garganacl\n|-damage|p2b: Garganacl|9\/100\n|\n|-heal|p2b: Garganacl|15\/100|[from] item: Leftovers\n|-damage|p1b: Landorus|47\/100|[from] Salt Cure\n|upkeep\n|turn|2\n|\n|t:|1700531045\n|move|p1b: Landorus|Stomping Tantrum|p2b: Garganacl\n|-supereffective|p2b: Garganacl\n|-damage|p2b: Garganacl|0 fnt\n|faint|p2b: Garganacl\n|move|p2a: Diancie|Diamond Storm|p1a: Gastrodon|[spread] p1a,p1b\n|-resisted|p1a: Gastrodon\n|-crit|p1b: Landorus\n|-damage|p1a: Gastrodon|78\/100\n|-damage|p1b: Landorus|4\/100\n|move|p1a: Gastrodon|Earth Power|p2a: Diancie\n|-supereffective|p2a: Diancie\n|-damage|p2a: Diancie|58\/100\n|\n|-damage|p1b: Landorus|0 fnt|[from] Salt Cure\n|faint|p1b: Landorus\n|upkeep\n|\n|t:|1700531057\n|switch|p1b: Kingambit|Kingambit, M|100\/100\n|switch|p2b: Ogerpon|Ogerpon-Cornerstone, F|100\/100\n|turn|3\n|\n|t:|1700531070\n|switch|p1a: Zapdos|Zapdos|100\/100\n|move|p2b: Ogerpon|Horn Leech|p1a: Zapdos\n|-resisted|p1a: Zapdos\n|-damage|p1a: Zapdos|78\/100\n|move|p1b: Kingambit|Iron Head|p2a: Diancie\n|-supereffective|p2a: Diancie\n|-damage|p2a: Diancie|0 fnt\n|faint|p2a: Diancie\n|\n|-heal|p1a: Zapdos|84\/100|[from] item: Leftovers\n|upkeep\n|\n|t:|1700531085\n|switch|p2a: Glimmora|Glimmora, F, shiny|100\/100\n|turn|4\n|inactive|Battle timer is ON: inactive players will automatically lose when time's up. (requested by z0gre)\n|\n|t:|1700531097\n|-terastallize|p1b: Kingambit|Steel\n|move|p2b: Ogerpon|Ivy Cudgel|p1a: Zapdos|[anim] Ivy Cudgel Rock\n|-supereffective|p1a: Zapdos\n|-damage|p1a: Zapdos|0 fnt\n|faint|p1a: Zapdos\n|move|p2a: Glimmora|Earth Power|p1b: Kingambit\n|-supereffective|p1b: Kingambit\n|-damage|p1b: Kingambit|52\/100\n|-enditem|p1b: Kingambit|Weakness Policy\n|-boost|p1b: Kingambit|atk|2|[from] item: Weakness Policy\n|-boost|p1b: Kingambit|spa|2|[from] item: Weakness Policy\n|move|p1b: Kingambit|Iron Head|p2a: Glimmora\n|-supereffective|p2a: Glimmora\n|-enditem|p2a: Glimmora|Focus Sash\n|-damage|p2a: Glimmora|1\/100\n|-activate|p2a: Glimmora|ability: Toxic Debris\n|-sidestart|p1: Xalvadore|move: Toxic Spikes\n|\n|upkeep\n|\n|t:|1700531114\n|switch|p1a: Flutter Mane|Flutter Mane|100\/100\n|-status|p1a: Flutter Mane|psn\n|turn|5\n|\n|t:|1700531129\n|move|p2b: Ogerpon|Spiky Shield|p2b: Ogerpon\n|-singleturn|p2b: Ogerpon|move: Protect\n|move|p2a: Glimmora|Spiky Shield|p2a: Glimmora\n|-singleturn|p2a: Glimmora|move: Protect\n|move|p1a: Flutter Mane|Moonblast|p2a: Glimmora\n|-activate|p2a: Glimmora|move: Protect\n|move|p1b: Kingambit|Iron Head|p2b: Ogerpon\n|-activate|p2b: Ogerpon|move: Protect\n|-damage|p1b: Kingambit|40\/100|[from] Spiky Shield|[of] p2b: Ogerpon\n|\n|-damage|p1a: Flutter Mane|88\/100 psn|[from] psn\n|upkeep\n|turn|6\n|\n|t:|1700531153\n|switch|p2a: Tyranitar|Tyranitar, M, shiny|100\/100\n|-weather|Sandstorm|[from] ability: Sand Stream|[of] p2a: Tyranitar\n|move|p1a: Flutter Mane|Moonblast|p2a: Tyranitar\n|-supereffective|p2a: Tyranitar\n|-damage|p2a: Tyranitar|32\/100\n|-unboost|p2a: Tyranitar|spa|1\n|move|p2b: Ogerpon|Ivy Cudgel|p1a: Flutter Mane|[anim] Ivy Cudgel Rock\n|-damage|p1a: Flutter Mane|5\/100 psn\n|move|p1b: Kingambit|Iron Head|p2b: Ogerpon\n|-supereffective|p2b: Ogerpon\n|-ability|p2b: Ogerpon|Sturdy\n|-damage|p2b: Ogerpon|1\/100\n|\n|-weather|Sandstorm|[upkeep]\n|-damage|p1a: Flutter Mane|0 fnt|[from] Sandstorm\n|faint|p1a: Flutter Mane\n|-end|p1a: Flutter Mane|Protosynthesis|[silent]\n|upkeep\n|\n|t:|1700531176\n|switch|p1a: Ogerpon|Ogerpon-Hearthflame, F|100\/100\n|-status|p1a: Ogerpon|psn\n|-ability|p1a: Ogerpon|Mold Breaker\n|turn|7\n|\n|t:|1700531190\n|move|p2b: Ogerpon|Spiky Shield|p2b: Ogerpon\n|-singleturn|p2b: Ogerpon|move: Protect\n|move|p2a: Tyranitar|Protect|p2a: Tyranitar\n|-singleturn|p2a: Tyranitar|Protect\n|move|p1b: Kingambit|Sucker Punch||[still]\n|-fail|p1b: Kingambit\n|move|p1a: Ogerpon|Horn Leech|p2a: Tyranitar\n|-activate|p2a: Tyranitar|move: Protect\n|\n|-weather|Sandstorm|[upkeep]\n|-damage|p1a: Ogerpon|95\/100 psn|[from] Sandstorm\n|-damage|p1a: Ogerpon|82\/100 psn|[from] psn\n|upkeep\n|turn|8\n|\n|t:|1700531217\n|switch|p2b: Glimmora|Glimmora, F, shiny|1\/100\n|move|p1b: Kingambit|Sucker Punch||[still]\n|-fail|p1b: Kingambit\n|move|p1a: Ogerpon|Swords Dance|p1a: Ogerpon\n|-boost|p1a: Ogerpon|atk|2\n|move|p2a: Tyranitar|Knock Off|p1a: Ogerpon\n|-damage|p1a: Ogerpon|47\/100 psn\n|\n|-weather|Sandstorm|[upkeep]\n|-damage|p1a: Ogerpon|41\/100 psn|[from] Sandstorm\n|-damage|p1a: Ogerpon|29\/100 psn|[from] psn\n|upkeep\n|turn|9\n|\n|t:|1700531239\n|move|p2b: Glimmora|Spiky Shield|p2b: Glimmora\n|-singleturn|p2b: Glimmora|move: Protect\n|move|p1b: Kingambit|Protect|p1b: Kingambit\n|-singleturn|p1b: Kingambit|Protect\n|move|p2a: Tyranitar|Protect|p2a: Tyranitar\n|-singleturn|p2a: Tyranitar|Protect\n|move|p1a: Ogerpon|Horn Leech|p2a: Tyranitar\n|-activate|p2a: Tyranitar|move: Protect\n|\n|-weather|Sandstorm|[upkeep]\n|-damage|p1a: Ogerpon|23\/100 psn|[from] Sandstorm\n|-damage|p1a: Ogerpon|10\/100 psn|[from] psn\n|upkeep\n|turn|10\n|\n|t:|1700531261\n|move|p2a: Tyranitar|Protect||[still]\n|-fail|p2a: Tyranitar\n|move|p1a: Ogerpon|Horn Leech|p2a: Tyranitar\n|-supereffective|p2a: Tyranitar\n|-damage|p2a: Tyranitar|0 fnt\n|-heal|p1a: Ogerpon|32\/100 psn|[from] drain|[of] p2a: Tyranitar\n|faint|p2a: Tyranitar\n|move|p2b: Glimmora|Toxic Spikes|p1a: Ogerpon\n|-sidestart|p1: Xalvadore|move: Toxic Spikes\n|move|p1b: Kingambit|Iron Head|p2b: Glimmora\n|-supereffective|p2b: Glimmora\n|-damage|p2b: Glimmora|0 fnt\n|faint|p2b: Glimmora\n|\n|-weather|Sandstorm|[upkeep]\n|-damage|p1a: Ogerpon|26\/100 psn|[from] Sandstorm\n|-damage|p1a: Ogerpon|13\/100 psn|[from] psn\n|upkeep\n|\n|t:|1700531264\n|switch|p2b: Houndstone|Houndstone, F, shiny|100\/100\n|switch|p2a: Ogerpon|Ogerpon-Cornerstone, F|1\/100\n|turn|11\n|\n|t:|1700531292\n|move|p2b: Houndstone|Protect|p2b: Houndstone\n|-singleturn|p2b: Houndstone|Protect\n|move|p2a: Ogerpon|Spiky Shield|p2a: Ogerpon\n|-singleturn|p2a: Ogerpon|move: Protect\n|move|p1b: Kingambit|Sucker Punch||[still]\n|-fail|p1b: Kingambit\n|move|p1a: Ogerpon|Knock Off|p2a: Ogerpon\n|-activate|p2a: Ogerpon|move: Protect\n|-damage|p1a: Ogerpon|1\/100 psn|[from] Spiky Shield|[of] p2a: Ogerpon\n|\n|-weather|Sandstorm|[upkeep]\n|-damage|p1a: Ogerpon|0 fnt|[from] Sandstorm\n|faint|p1a: Ogerpon\n|upkeep\n|inactive|Xalvadore has 120 seconds left.\n|\n|t:|1700531304\n|switch|p1a: Gastrodon|Gastrodon, F|78\/100\n|-status|p1a: Gastrodon|tox\n|turn|12\n|\n|t:|1700531315\n|move|p1b: Kingambit|Sucker Punch|p2a: Ogerpon\n|-damage|p2a: Ogerpon|0 fnt\n|faint|p2a: Ogerpon\n|move|p2b: Houndstone|Will-O-Wisp|p1b: Kingambit\n|-status|p1b: Kingambit|brn\n|move|p1a: Gastrodon|Muddy Water|p2b: Houndstone\n|-damage|p2b: Houndstone|58\/100\n|\n|-weather|Sandstorm|[upkeep]\n|-damage|p1a: Gastrodon|72\/100 tox|[from] psn\n|-damage|p1b: Kingambit|34\/100 brn|[from] brn\n|upkeep\n|turn|13\n|\n|t:|1700531330\n|move|p2b: Houndstone|Protect|p2b: Houndstone\n|-singleturn|p2b: Houndstone|Protect\n|move|p1b: Kingambit|Sucker Punch||[still]\n|-fail|p1b: Kingambit\n|move|p1a: Gastrodon|Earth Power|p2b: Houndstone\n|-activate|p2b: Houndstone|move: Protect\n|\n|-weather|none\n|-damage|p1a: Gastrodon|60\/100 tox|[from] psn\n|-damage|p1b: Kingambit|28\/100 brn|[from] brn\n|upkeep\n|turn|14\n|\n|t:|1700531347\n|-terastallize|p2b: Houndstone|Ghost\n|move|p2b: Houndstone|Last Respects|p1b: Kingambit\n|-damage|p1b: Kingambit|0 fnt\n|faint|p1b: Kingambit\n|move|p1a: Gastrodon|Earth Power|p2b: Houndstone\n|-damage|p2b: Houndstone|17\/100\n|\n|-damage|p1a: Gastrodon|41\/100 tox|[from] psn\n|upkeep\n|-enditem|p1a: Gastrodon|Sitrus Berry|[eat]\n|-heal|p1a: Gastrodon|66\/100 tox|[from] item: Sitrus Berry\n|turn|15\n|c|\u2606z0gre|Gg\n|\n|t:|1700531359\n|move|p2b: Houndstone|Last Respects|p1a: Gastrodon\n|-damage|p1a: Gastrodon|0 fnt\n|faint|p1a: Gastrodon\n|\n|win|z0gre\n|raw|Xalvadore's rating: 1376 &rarr; <strong>1360<\/strong><br \/>(-16 for losing)\n|raw|z0gre's rating: 1445 &rarr; <strong>1461<\/strong><br \/>(+16 for winning)\n|c|\u2606Xalvadore|gg\n","uploadtime":1700531365,"views":3,"p1id":"xalvadore","p2id":"z0gre","formatid":"gen9doublesou","rating":1360,"private":0,"password":""}