{"id":"gen9doublesou-1977479514","p1":"NoProfan3","p2":"Rexluser","format":"[Gen 9] Doubles OU","log":"|j|\u2606NoProfan3\n|j|\u2606Rexluser\n|t:|1698420599\n|gametype|doubles\n|player|p1|NoProfan3|170|1319\n|player|p2|Rexluser|265|1350\n|teamsize|p1|6\n|teamsize|p2|6\n|gen|9\n|tier|[Gen 9] Doubles OU\n|rated|\n|rule|Species Clause: Limit one of each Pok\u00e9mon\n|rule|OHKO Clause: OHKO moves are banned\n|rule|Evasion Moves Clause: Evasion moves are banned\n|rule|Gravity Sleep Clause: The combination of sleep-inducing moves with imperfect accuracy and Gravity or Gigantamax Orbeetle are banned\n|rule|Endless Battle Clause: Forcing endless battles is banned\n|rule|HP Percentage Mod: HP is shown in percentages\n|clearpoke\n|poke|p1|Sinistcha-Masterpiece|\n|poke|p1|Chien-Pao|\n|poke|p1|Illumise, F|\n|poke|p1|Walking Wake|\n|poke|p1|Flutter Mane|\n|poke|p1|Heatran, F|\n|poke|p2|Chien-Pao|\n|poke|p2|Basculegion-F, F|\n|poke|p2|Goodra-Hisui, F|\n|poke|p2|Iron Hands|\n|poke|p2|Ogerpon-Hearthflame, F|\n|poke|p2|Tornadus, M|\n|teampreview\n|inactive|Battle timer is ON: inactive players will automatically lose when time's up. (requested by Rexluser)\n|\n|t:|1698420611\n|start\n|switch|p1a: Illumise|Illumise, F|100\/100\n|switch|p1b: Walking Wake|Walking Wake|100\/100\n|switch|p2a: Ogerpon|Ogerpon-Hearthflame, F|100\/100\n|switch|p2b: Tornadus|Tornadus, M|100\/100\n|-ability|p2a: Ogerpon|Mold Breaker\n|turn|1\n|\n|t:|1698420621\n|move|p2b: Tornadus|Tailwind|p2b: Tornadus\n|-sidestart|p2: Rexluser|move: Tailwind\n|move|p1a: Illumise|Sunny Day|p1a: Illumise\n|-weather|SunnyDay\n|-activate|p1b: Walking Wake|ability: Protosynthesis\n|-start|p1b: Walking Wake|protosynthesisspe\n|move|p2a: Ogerpon|Horn Leech|p1b: Walking Wake\n|-damage|p1b: Walking Wake|50\/100\n|move|p1b: Walking Wake|Hydro Steam|p2b: Tornadus\n|-damage|p2b: Tornadus|20\/100\n|\n|-weather|SunnyDay|[upkeep]\n|upkeep\n|turn|2\n|inactive|NoProfan3 has 120 seconds left.\n|\n|t:|1698420654\n|-end|p1b: Walking Wake|Protosynthesis|[silent]\n|switch|p1b: Heatran|Heatran, F|100\/100\n|move|p1a: Illumise|Fake Tears|p2a: Ogerpon\n|-unboost|p2a: Ogerpon|spd|2\n|move|p2b: Tornadus|Bleakwind Storm|p1a: Illumise|[spread] p1a,p1b\n|-supereffective|p1a: Illumise\n|-resisted|p1b: Heatran\n|-damage|p1a: Illumise|39\/100\n|-damage|p1b: Heatran|86\/100\n|move|p2a: Ogerpon|Horn Leech|p1b: Heatran\n|-resisted|p1b: Heatran\n|-damage|p1b: Heatran|76\/100\n|\n|-weather|SunnyDay|[upkeep]\n|upkeep\n|turn|3\n|\n|t:|1698420678\n|switch|p2a: Iron Hands|Iron Hands|100\/100\n|move|p1a: Illumise|Wish|p1a: Illumise\n|move|p2b: Tornadus|Bleakwind Storm|p1a: Illumise|[spread] p1a,p1b\n|-supereffective|p1a: Illumise\n|-resisted|p1b: Heatran\n|-damage|p1a: Illumise|0 fnt\n|-damage|p1b: Heatran|61\/100\n|-unboost|p1b: Heatran|spe|1\n|faint|p1a: Illumise\n|move|p1b: Heatran|Magma Storm|p2a: Iron Hands|[miss]\n|-miss|p1b: Heatran|p2a: Iron Hands\n|\n|-weather|SunnyDay|[upkeep]\n|upkeep\n|\n|t:|1698420690\n|switch|p1a: Walking Wake|Walking Wake|50\/100\n|-activate|p1a: Walking Wake|ability: Protosynthesis\n|-start|p1a: Walking Wake|protosynthesisspe\n|turn|4\n|\n|t:|1698420704\n|move|p2b: Tornadus|Protect|p2b: Tornadus\n|-singleturn|p2b: Tornadus|Protect\n|move|p1a: Walking Wake|Hydro Steam|p2b: Tornadus\n|-activate|p2b: Tornadus|move: Protect\n|move|p2a: Iron Hands|Wild Charge|p1a: Walking Wake\n|-damage|p1a: Walking Wake|0 fnt\n|faint|p1a: Walking Wake\n|-end|p1a: Walking Wake|Protosynthesis|[silent]\n|-damage|p2a: Iron Hands|92\/100|[from] Recoil\n|move|p1b: Heatran|Magma Storm|p2a: Iron Hands\n|-damage|p2a: Iron Hands|47\/100\n|-activate|p2a: Iron Hands|move: Magma Storm|[of] p1b: Heatran\n|\n|-weather|SunnyDay|[upkeep]\n|-damage|p2a: Iron Hands|34\/100|[from] move: Magma Storm|[partiallytrapped]\n|-sideend|p2: Rexluser|move: Tailwind\n|upkeep\n|\n|t:|1698420721\n|switch|p1a: Flutter Mane|Flutter Mane|100\/100\n|-activate|p1a: Flutter Mane|ability: Protosynthesis\n|-start|p1a: Flutter Mane|protosynthesisspe\n|turn|5\n|\n|t:|1698420732\n|move|p2b: Tornadus|Tailwind|p2b: Tornadus\n|-sidestart|p2: Rexluser|move: Tailwind\n|move|p1a: Flutter Mane|Dazzling Gleam|p2a: Iron Hands|[spread] p2a,p2b\n|-supereffective|p2a: Iron Hands\n|-damage|p2a: Iron Hands|0 fnt\n|-damage|p2b: Tornadus|0 fnt\n|faint|p2a: Iron Hands\n|-end|p2a: Iron Hands|Quark Drive|[silent]\n|faint|p2b: Tornadus\n|move|p1b: Heatran|Stealth Rock|p2: Iron Hands\n|-sidestart|p2: Rexluser|move: Stealth Rock\n|\n|-weather|SunnyDay|[upkeep]\n|upkeep\n|\n|t:|1698420753\n|switch|p2b: Goodra|Goodra-Hisui, F|100\/100\n|switch|p2a: Chien-Pao|Chien-Pao|100\/100\n|-damage|p2a: Chien-Pao|76\/100|[from] Stealth Rock\n|-ability|p2a: Chien-Pao|Sword of Ruin\n|-damage|p2b: Goodra|94\/100|[from] Stealth Rock\n|turn|6\n|\n|t:|1698420766\n|move|p2a: Chien-Pao|Sacred Sword|p1b: Heatran\n|-supereffective|p1b: Heatran\n|-damage|p1b: Heatran|0 fnt\n|faint|p1b: Heatran\n|move|p1a: Flutter Mane|Dazzling Gleam|p2a: Chien-Pao|[spread] p2a,p2b\n|-supereffective|p2a: Chien-Pao\n|-damage|p2a: Chien-Pao|0 fnt\n|-damage|p2b: Goodra|75\/100\n|faint|p2a: Chien-Pao\n|move|p2b: Goodra|Flash Cannon|p1a: Flutter Mane\n|-supereffective|p1a: Flutter Mane\n|-damage|p1a: Flutter Mane|40\/100\n|\n|-weather|SunnyDay|[upkeep]\n|-heal|p2b: Goodra|81\/100|[from] item: Leftovers\n|upkeep\n|\n|t:|1698420786\n|switch|p2a: Basculegion|Basculegion-F, F|100\/100\n|switch|p1b: Sinistcha|Sinistcha-Masterpiece|100\/100\n|-damage|p2a: Basculegion|88\/100|[from] Stealth Rock\n|-ability|p2a: Basculegion|Mold Breaker\n|-heal|p1a: Flutter Mane|65\/100|[from] ability: Hospitality|[of] p1b: Sinistcha\n|turn|7\n|\n|t:|1698420800\n|move|p1a: Flutter Mane|Shadow Ball|p2a: Basculegion\n|-supereffective|p2a: Basculegion\n|-damage|p2a: Basculegion|0 fnt\n|faint|p2a: Basculegion\n|move|p2b: Goodra|Flash Cannon|p1a: Flutter Mane\n|-supereffective|p1a: Flutter Mane\n|-damage|p1a: Flutter Mane|0 fnt\n|faint|p1a: Flutter Mane\n|-end|p1a: Flutter Mane|Protosynthesis|[silent]\n|move|p1b: Sinistcha|Life Dew||[still]\n|-fail|p1b: Sinistcha|heal\n|\n|-weather|SunnyDay|[upkeep]\n|-heal|p2b: Goodra|87\/100|[from] item: Leftovers\n|upkeep\n|\n|t:|1698420811\n|switch|p1a: Chien-Pao|Chien-Pao|100\/100\n|switch|p2a: Ogerpon|Ogerpon-Hearthflame, F|100\/100\n|-damage|p2a: Ogerpon|76\/100|[from] Stealth Rock\n|-ability|p2a: Ogerpon|Mold Breaker\n|-ability|p1a: Chien-Pao|Sword of Ruin\n|turn|8\n|\n|t:|1698420831\n|-terastallize|p2a: Ogerpon|Fire\n|detailschange|p2a: Ogerpon|Ogerpon-Hearthflame-Tera, F, tera:Fire\n|-ability|p2a: Ogerpon|Embody Aspect (Hearthflame)|boost\n|-boost|p2a: Ogerpon|atk|1\n|move|p2a: Ogerpon|Ivy Cudgel|p1a: Chien-Pao\n|-supereffective|p1a: Chien-Pao\n|-enditem|p1a: Chien-Pao|Focus Sash\n|-damage|p1a: Chien-Pao|1\/100\n|move|p1a: Chien-Pao|Ice Spinner|p2a: Ogerpon\n|-resisted|p2a: Ogerpon\n|-damage|p2a: Ogerpon|46\/100\n|move|p2b: Goodra|Flamethrower|p1b: Sinistcha\n|-supereffective|p1b: Sinistcha\n|-damage|p1b: Sinistcha|15\/100\n|move|p1b: Sinistcha|Shadow Ball|p2a: Ogerpon\n|-damage|p2a: Ogerpon|13\/100\n|-unboost|p2a: Ogerpon|spd|1\n|\n|-weather|none\n|-heal|p2b: Goodra|93\/100|[from] item: Leftovers\n|-sideend|p2: Rexluser|move: Tailwind\n|upkeep\n|turn|9\n|\n|t:|1698420852\n|move|p2a: Ogerpon|Spiky Shield|p2a: Ogerpon\n|-singleturn|p2a: Ogerpon|move: Protect\n|move|p1a: Chien-Pao|Sucker Punch||[still]\n|-fail|p1a: Chien-Pao\n|move|p1b: Sinistcha|Matcha Gotcha|p2a: Ogerpon|[spread] \n|-activate|p2a: Ogerpon|move: Protect\n|-ability|p2b: Goodra|Sap Sipper|boost\n|-boost|p2b: Goodra|atk|1\n|move|p2b: Goodra|Flamethrower|p1a: Chien-Pao\n|-supereffective|p1a: Chien-Pao\n|-damage|p1a: Chien-Pao|0 fnt\n|faint|p1a: Chien-Pao\n|\n|-heal|p2b: Goodra|99\/100|[from] item: Leftovers\n|upkeep\n|turn|10\n|\n|t:|1698420871\n|move|p2a: Ogerpon|Ivy Cudgel|p1b: Sinistcha\n|-supereffective|p1b: Sinistcha\n|-damage|p1b: Sinistcha|0 fnt\n|faint|p1b: Sinistcha\n|\n|win|Rexluser\n|raw|NoProfan3's rating: 1319 &rarr; <strong>1301<\/strong><br \/>(-18 for losing)\n|raw|Rexluser's rating: 1350 &rarr; <strong>1368<\/strong><br \/>(+18 for winning)\n|c|\u2606Rexluser|gg\n","uploadtime":1698420880,"views":23,"p1id":"noprofan3","p2id":"rexluser","formatid":"gen9doublesou","rating":1301,"private":0,"password":""}