{"id":"gen9doublesou-1972561492","p1":"TheDigiJester","p2":"tervy111","format":"[Gen 9] Doubles OU","log":"|j|\u2606TheDigiJester\n|j|\u2606tervy111\n|t:|1697857291\n|gametype|doubles\n|player|p1|TheDigiJester|unknown|1000\n|player|p2|tervy111|n|1118\n|teamsize|p1|6\n|teamsize|p2|6\n|gen|9\n|tier|[Gen 9] Doubles OU\n|rated|\n|rule|Species Clause: Limit one of each Pok\u00e9mon\n|rule|OHKO Clause: OHKO moves are banned\n|rule|Evasion Moves Clause: Evasion moves are banned\n|rule|Gravity Sleep Clause: The combination of sleep-inducing moves with imperfect accuracy and Gravity or Gigantamax Orbeetle are banned\n|rule|Endless Battle Clause: Forcing endless battles is banned\n|rule|HP Percentage Mod: HP is shown in percentages\n|clearpoke\n|poke|p1|Ninetales, M|\n|poke|p1|Flutter Mane|\n|poke|p1|Walking Wake|\n|poke|p1|Roaring Moon|\n|poke|p1|Sawsbuck, M|\n|poke|p1|Arcanine, M|\n|poke|p2|Gastrodon, F|\n|poke|p2|Muk-Alola, M|\n|poke|p2|Goodra-Hisui, F|\n|poke|p2|Weezing-Galar, M|\n|poke|p2|Dragonite, F|\n|poke|p2|Chien-Pao|\n|teampreview\n|\n|t:|1697857301\n|start\n|switch|p1a: Ninetales|Ninetales, M|100\/100\n|switch|p1b: Flutter Mane|Flutter Mane|100\/100\n|switch|p2a: Gastrodon|Gastrodon, F|100\/100\n|switch|p2b: Muk|Muk-Alola, M, shiny|100\/100\n|-weather|SunnyDay|[from] ability: Drought|[of] p1a: Ninetales\n|-activate|p1b: Flutter Mane|ability: Protosynthesis\n|-start|p1b: Flutter Mane|protosynthesisspe\n|turn|1\n|\n|t:|1697857325\n|-terastallize|p2a: Gastrodon|Fire\n|move|p1b: Flutter Mane|Protect|p1b: Flutter Mane\n|-singleturn|p1b: Flutter Mane|Protect\n|move|p1a: Ninetales|Solar Beam||[still]\n|-prepare|p1a: Ninetales|Solar Beam\n|-anim|p1a: Ninetales|Solar Beam|p2a: Gastrodon\n|-resisted|p2a: Gastrodon\n|-damage|p2a: Gastrodon|83\/100\n|move|p2b: Muk|Knock Off|p1b: Flutter Mane\n|-activate|p1b: Flutter Mane|move: Protect\n|move|p2a: Gastrodon|Earth Power|p1a: Ninetales\n|-supereffective|p1a: Ninetales\n|-damage|p1a: Ninetales|37\/100\n|\n|-weather|SunnyDay|[upkeep]\n|upkeep\n|turn|2\n|\n|t:|1697857373\n|move|p1b: Flutter Mane|Moonblast|p2b: Muk\n|-damage|p2b: Muk|47\/100\n|move|p1a: Ninetales|Fire Blast|p2b: Muk\n|-crit|p2b: Muk\n|-damage|p2b: Muk|0 fnt\n|faint|p2b: Muk\n|move|p2a: Gastrodon|Earth Power|p1a: Ninetales\n|-supereffective|p1a: Ninetales\n|-damage|p1a: Ninetales|0 fnt\n|faint|p1a: Ninetales\n|\n|-weather|SunnyDay|[upkeep]\n|upkeep\n|\n|t:|1697857401\n|switch|p1a: Roaring Moon|Roaring Moon|100\/100\n|switch|p2b: Weezing|Weezing-Galar, M|100\/100\n|-activate|p1a: Roaring Moon|ability: Protosynthesis\n|-start|p1a: Roaring Moon|protosynthesisatk\n|turn|3\n|\n|t:|1697857418\n|move|p1b: Flutter Mane|Protect|p1b: Flutter Mane\n|-singleturn|p1b: Flutter Mane|Protect\n|move|p1a: Roaring Moon|Iron Head|p2b: Weezing\n|-supereffective|p2b: Weezing\n|-damage|p2b: Weezing|24\/100\n|move|p2b: Weezing|Sludge Bomb|p1b: Flutter Mane\n|-activate|p1b: Flutter Mane|move: Protect\n|move|p2a: Gastrodon|Ice Beam|p1a: Roaring Moon\n|-supereffective|p1a: Roaring Moon\n|-damage|p1a: Roaring Moon|64\/100\n|\n|-weather|SunnyDay|[upkeep]\n|upkeep\n|turn|4\n|\n|t:|1697857438\n|move|p1b: Flutter Mane|Moonblast|p2a: Gastrodon\n|-resisted|p2a: Gastrodon\n|-damage|p2a: Gastrodon|55\/100\n|move|p1a: Roaring Moon|Iron Head|p2b: Weezing\n|-supereffective|p2b: Weezing\n|-damage|p2b: Weezing|0 fnt\n|faint|p2b: Weezing\n|move|p2a: Gastrodon|Ice Beam|p1a: Roaring Moon\n|-supereffective|p1a: Roaring Moon\n|-damage|p1a: Roaring Moon|25\/100\n|\n|-weather|SunnyDay|[upkeep]\n|upkeep\n|\n|t:|1697857451\n|switch|p2b: Goodra|Goodra-Hisui, F|100\/100\n|turn|5\n|\n|t:|1697857482\n|-terastallize|p1b: Flutter Mane|Fire\n|move|p1b: Flutter Mane|Mystical Fire|p2b: Goodra\n|-damage|p2b: Goodra|56\/100\n|move|p1a: Roaring Moon|Dragon Claw|p2b: Goodra\n|-damage|p2b: Goodra|7\/100\n|-ability|p2b: Goodra|Gooey\n|-fail|p1a: Roaring Moon|unboost|[from] item: Clear Amulet|[of] p1a: Roaring Moon\n|move|p2a: Gastrodon|Ice Beam|p1a: Roaring Moon\n|-supereffective|p1a: Roaring Moon\n|-damage|p1a: Roaring Moon|0 fnt\n|faint|p1a: Roaring Moon\n|-end|p1a: Roaring Moon|Protosynthesis|[silent]\n|move|p2b: Goodra|Dragon Tail|p1b: Flutter Mane\n|-damage|p1b: Flutter Mane|57\/100\n|-end|p1b: Flutter Mane|Protosynthesis|[silent]\n|drag|p1b: Walking Wake|Walking Wake|100\/100\n|-activate|p1b: Walking Wake|ability: Protosynthesis\n|-start|p1b: Walking Wake|protosynthesisspa\n|\n|-weather|none\n|-end|p1b: Walking Wake|Protosynthesis\n|upkeep\n|\n|t:|1697857507\n|switch|p1a: Sawsbuck|Sawsbuck, M|100\/100\n|turn|6\n|\n|t:|1697857523\n|move|p1b: Walking Wake|Dragon Pulse|p2a: Gastrodon\n|-damage|p2a: Gastrodon|0 fnt\n|faint|p2a: Gastrodon\n|move|p1a: Sawsbuck|Play Rough|p2b: Goodra\n|-damage|p2b: Goodra|0 fnt\n|-ability|p2b: Goodra|Gooey\n|-unboost|p1a: Sawsbuck|spe|1\n|faint|p2b: Goodra\n|-damage|p1a: Sawsbuck|91\/100|[from] item: Life Orb\n|\n|upkeep\n|\n|t:|1697857534\n|switch|p2a: Dragonite|Dragonite, F|100\/100\n|switch|p2b: Chien-Pao|Chien-Pao|100\/100\n|-ability|p2b: Chien-Pao|Sword of Ruin\n|turn|7\n|\n|t:|1697857551\n|move|p1a: Sawsbuck|Protect|p1a: Sawsbuck\n|-singleturn|p1a: Sawsbuck|Protect\n|move|p1b: Walking Wake|Dragon Pulse|p2a: Dragonite\n|-supereffective|p2a: Dragonite\n|-damage|p2a: Dragonite|9\/100\n|move|p2b: Chien-Pao|Ice Spinner|p1a: Sawsbuck\n|-activate|p1a: Sawsbuck|move: Protect\n|move|p2a: Dragonite|Brick Break|p1a: Sawsbuck\n|-activate|p1a: Sawsbuck|move: Protect\n|\n|upkeep\n|turn|8\n|\n|t:|1697857569\n|switch|p1a: Arcanine|Arcanine, M|100\/100\n|-ability|p1a: Arcanine|Intimidate|boost\n|-fail|p2a: Dragonite|unboost|Attack|[from] ability: Inner Focus|[of] p2a: Dragonite\n|-fail|p2b: Chien-Pao|unboost|[from] item: Clear Amulet|[of] p2b: Chien-Pao\n|move|p1b: Walking Wake|Aqua Jet|p2a: Dragonite\n|-resisted|p2a: Dragonite\n|-damage|p2a: Dragonite|1\/100\n|move|p2b: Chien-Pao|Ice Spinner|p1a: Arcanine\n|-resisted|p1a: Arcanine\n|-damage|p1a: Arcanine|77\/100\n|move|p2a: Dragonite|Brick Break|p1a: Arcanine\n|-damage|p1a: Arcanine|40\/100\n|-enditem|p1a: Arcanine|Sitrus Berry|[eat]\n|-heal|p1a: Arcanine|65\/100|[from] item: Sitrus Berry\n|\n|upkeep\n|turn|9\n|\n|t:|1697857597\n|move|p2a: Dragonite|Extreme Speed|p1a: Arcanine\n|-damage|p1a: Arcanine|25\/100\n|move|p1b: Walking Wake|Aqua Jet|p2a: Dragonite\n|-resisted|p2a: Dragonite\n|-damage|p2a: Dragonite|0 fnt\n|faint|p2a: Dragonite\n|move|p1a: Arcanine|Morning Sun|p1a: Arcanine\n|-heal|p1a: Arcanine|75\/100\n|move|p2b: Chien-Pao|Sacred Sword|p1a: Arcanine\n|-damage|p1a: Arcanine|41\/100\n|\n|upkeep\n|turn|10\n|\n|t:|1697857616\n|move|p1a: Arcanine|Will-O-Wisp|p2b: Chien-Pao\n|-status|p2b: Chien-Pao|brn\n|move|p1b: Walking Wake|Hydro Steam|p2b: Chien-Pao\n|-damage|p2b: Chien-Pao|48\/100 brn\n|move|p2b: Chien-Pao|Sacred Sword|p1a: Arcanine\n|-damage|p1a: Arcanine|25\/100\n|\n|-damage|p2b: Chien-Pao|42\/100 brn|[from] brn\n|upkeep\n|turn|11\n|\n|t:|1697857632\n|move|p1b: Walking Wake|Hydro Steam|p2b: Chien-Pao\n|-damage|p2b: Chien-Pao|0 fnt\n|faint|p2b: Chien-Pao\n|\n|win|TheDigiJester\n|raw|TheDigiJester's rating: 1000 &rarr; <strong>1053<\/strong><br \/>(+53 for winning)\n|raw|tervy111's rating: 1118 &rarr; <strong>1085<\/strong><br \/>(-33 for losing)\n|l|\u2606tervy111\n|c|\u2606TheDigiJester|Gg\n","uploadtime":1697857648,"views":9,"p1id":"thedigijester","p2id":"tervy111","formatid":"gen9doublesou","rating":1053,"private":0,"password":""}