{"id":"gen9doublesou-1994110517","p1":"bowserx19","p2":"bananaszn","format":"[Gen 9] Doubles OU","log":"|j|\u2606bowserx19\n|j|\u2606bananaszn\n|t:|1700408092\n|gametype|doubles\n|player|p1|bowserx19|silver-masters|1387\n|player|p2|bananaszn|brycen|1385\n|teamsize|p1|6\n|teamsize|p2|6\n|gen|9\n|tier|[Gen 9] Doubles OU\n|rated|\n|rule|Species Clause: Limit one of each Pok\u00e9mon\n|rule|OHKO Clause: OHKO moves are banned\n|rule|Evasion Moves Clause: Evasion moves are banned\n|rule|Gravity Sleep Clause: The combination of sleep-inducing moves with imperfect accuracy and Gravity or Gigantamax Orbeetle are banned\n|rule|Endless Battle Clause: Forcing endless battles is banned\n|rule|HP Percentage Mod: HP is shown in percentages\n|clearpoke\n|poke|p1|Garganacl, M|\n|poke|p1|Skeledirge, M|\n|poke|p1|Dragapult, F|\n|poke|p1|Sinistcha-Masterpiece|\n|poke|p1|Talonflame, M|\n|poke|p1|Chi-Yu|\n|poke|p2|Scizor, M|\n|poke|p2|Tornadus, M|\n|poke|p2|Chien-Pao|\n|poke|p2|Iron Hands|\n|poke|p2|Volcanion|\n|poke|p2|Great Tusk|\n|teampreview\n|inactive|Battle timer is ON: inactive players will automatically lose when time's up. (requested by bananaszn)\n|inactive|bowserx19 also wants the timer to be on.\n|\n|t:|1700408099\n|start\n|switch|p1a: Salty Minecraft|Garganacl, M|100\/100\n|switch|p1b: Skeletor|Skeledirge, M|100\/100\n|switch|p2a: YN Jay|Tornadus, M|100\/100\n|switch|p2b: Kawhi Leonard|Scizor, M|100\/100\n|turn|1\n|\n|t:|1700408106\n|move|p2a: YN Jay|Tailwind|p2a: YN Jay\n|-sidestart|p2: bananaszn|move: Tailwind\n|move|p1b: Skeletor|Torch Song|p2b: Kawhi Leonard\n|-supereffective|p2b: Kawhi Leonard\n|-damage|p2b: Kawhi Leonard|0 fnt\n|-boost|p1b: Skeletor|spa|1\n|faint|p2b: Kawhi Leonard\n|move|p1a: Salty Minecraft|Explosion|p2a: YN Jay|[spread] p2a\n|-immune|p1b: Skeletor\n|-enditem|p2a: YN Jay|Focus Sash\n|-damage|p2a: YN Jay|1\/100\n|faint|p1a: Salty Minecraft\n|\n|upkeep\n|\n|t:|1700408131\n|switch|p2b: Volcanion|Volcanion|100\/100\n|switch|p1a: Fawkes|Talonflame, M|100\/100\n|turn|2\n|\n|t:|1700408144\n|move|p1a: Fawkes|Tailwind|p1a: Fawkes\n|-sidestart|p1: bowserx19|move: Tailwind\n|move|p1b: Skeletor|Torch Song|p2a: YN Jay\n|-damage|p2a: YN Jay|0 fnt\n|-boost|p1b: Skeletor|spa|1\n|faint|p2a: YN Jay\n|move|p2b: Volcanion|Steam Eruption|p1b: Skeletor\n|-supereffective|p1b: Skeletor\n|-damage|p1b: Skeletor|0 fnt\n|faint|p1b: Skeletor\n|\n|upkeep\n|\n|t:|1700408161\n|switch|p2a: Great Tusk|Great Tusk|100\/100\n|switch|p1b: Teacup|Sinistcha-Masterpiece|100\/100\n|turn|3\n|\n|t:|1700408170\n|move|p1a: Fawkes|Brave Bird|p2b: Volcanion\n|-damage|p2b: Volcanion|62\/100\n|-damage|p1a: Fawkes|85\/100|[from] Recoil\n|move|p2a: Great Tusk|Ice Spinner|p1b: Teacup\n|-supereffective|p1b: Teacup\n|-damage|p1b: Teacup|68\/100\n|move|p2b: Volcanion|Heat Wave|p1a: Fawkes|[spread] p1a,p1b\n|-resisted|p1a: Fawkes\n|-supereffective|p1b: Teacup\n|-damage|p1a: Fawkes|56\/100\n|-damage|p1b: Teacup|0 fnt\n|faint|p1b: Teacup\n|\n|-heal|p2b: Volcanion|68\/100|[from] item: Leftovers\n|upkeep\n|\n|t:|1700408188\n|switch|p1b: Mmm Drugs|Dragapult, F|100\/100\n|turn|4\n|\n|t:|1700408207\n|move|p1b: Mmm Drugs|Thunderbolt|p2b: Volcanion\n|-supereffective|p2b: Volcanion\n|-damage|p2b: Volcanion|0 fnt\n|faint|p2b: Volcanion\n|-damage|p1b: Mmm Drugs|91\/100|[from] item: Life Orb\n|move|p1a: Fawkes|Brave Bird|p2a: Great Tusk\n|-supereffective|p2a: Great Tusk\n|-damage|p2a: Great Tusk|22\/100\n|-damage|p1a: Fawkes|23\/100|[from] Recoil\n|move|p2a: Great Tusk|Ice Spinner|p1b: Mmm Drugs\n|-supereffective|p1b: Mmm Drugs\n|-damage|p1b: Mmm Drugs|22\/100\n|\n|-sideend|p2: bananaszn|move: Tailwind\n|upkeep\n|\n|t:|1700408223\n|switch|p2b: Druski|Iron Hands|100\/100\n|turn|5\n|\n|t:|1700408231\n|move|p2b: Druski|Fake Out|p1a: Fawkes\n|-damage|p1a: Fawkes|0 fnt\n|faint|p1a: Fawkes\n|move|p1b: Mmm Drugs|Dragon Pulse|p2b: Druski\n|-damage|p2b: Druski|73\/100\n|-damage|p1b: Mmm Drugs|12\/100|[from] item: Life Orb\n|move|p2a: Great Tusk|Ice Spinner|p1b: Mmm Drugs\n|-supereffective|p1b: Mmm Drugs\n|-damage|p1b: Mmm Drugs|0 fnt\n|faint|p1b: Mmm Drugs\n|\n|-sideend|p1: bowserx19|move: Tailwind\n|upkeep\n|\n|t:|1700408236\n|switch|p1b: Chi-Yu|Chi-Yu|100\/100\n|-ability|p1b: Chi-Yu|Beads of Ruin\n|turn|6\n|\n|t:|1700408240\n|-terastallize|p1b: Chi-Yu|Grass\n|move|p1b: Chi-Yu|Heat Wave|p2b: Druski|[spread] p2a,p2b\n|-damage|p2a: Great Tusk|0 fnt\n|-damage|p2b: Druski|45\/100\n|faint|p2a: Great Tusk\n|-end|p2a: Great Tusk|Protosynthesis|[silent]\n|move|p2b: Druski|Close Combat|p1b: Chi-Yu\n|-damage|p1b: Chi-Yu|0 fnt\n|-unboost|p2b: Druski|def|1\n|-unboost|p2b: Druski|spd|1\n|faint|p1b: Chi-Yu\n|\n|win|bananaszn\n|raw|bowserx19's rating: 1387 &rarr; <strong>1367<\/strong><br \/>(-20 for losing)\n|raw|bananaszn's rating: 1385 &rarr; <strong>1405<\/strong><br \/>(+20 for winning)\n|l|\u2606bowserx19\n","uploadtime":1700408252,"views":5,"p1id":"bowserx19","p2id":"bananaszn","formatid":"gen9doublesou","rating":1367,"private":0,"password":""}