{"id":"gen9doublesou-1983597147","p1":"Earl0328","p2":"bigbranonbampus","format":"[Gen 9] Doubles OU","log":"|j|\u2606Earl0328\n|j|\u2606bigbranonbampus\n|t:|1699147618\n|gametype|doubles\n|player|p1|Earl0328|rood|1263\n|player|p2|bigbranonbampus|hiker|1378\n|teamsize|p1|6\n|teamsize|p2|6\n|gen|9\n|tier|[Gen 9] Doubles OU\n|rated|\n|rule|Species Clause: Limit one of each Pok\u00e9mon\n|rule|OHKO Clause: OHKO moves are banned\n|rule|Evasion Moves Clause: Evasion moves are banned\n|rule|Gravity Sleep Clause: The combination of sleep-inducing moves with imperfect accuracy and Gravity or Gigantamax Orbeetle are banned\n|rule|Endless Battle Clause: Forcing endless battles is banned\n|rule|HP Percentage Mod: HP is shown in percentages\n|clearpoke\n|poke|p1|Amoonguss, M|\n|poke|p1|Cresselia, F|\n|poke|p1|Flutter Mane|\n|poke|p1|Iron Hands|\n|poke|p1|Heatran, M|\n|poke|p1|Goodra-Hisui, M|\n|poke|p2|Lilligant-Hisui, F|\n|poke|p2|Walking Wake|\n|poke|p2|Sinistcha|\n|poke|p2|Ceruledge, F|\n|poke|p2|Ninetales, M|\n|poke|p2|Sylveon, F|\n|teampreview\n|inactive|Battle timer is ON: inactive players will automatically lose when time's up. (requested by bigbranonbampus)\n|\n|t:|1699147639\n|start\n|switch|p1a: Flutter Mane|Flutter Mane, shiny|100\/100\n|switch|p1b: Iron Hands|Iron Hands, shiny|100\/100\n|switch|p2a: Ninetales|Ninetales, M|100\/100\n|switch|p2b: Walking Werk|Walking Wake|100\/100\n|-weather|SunnyDay|[from] ability: Drought|[of] p2a: Ninetales\n|-activate|p1a: Flutter Mane|ability: Protosynthesis\n|-start|p1a: Flutter Mane|protosynthesisspe\n|-activate|p2b: Walking Werk|ability: Protosynthesis\n|-start|p2b: Walking Werk|protosynthesisspa\n|turn|1\n|\n|t:|1699147656\n|-end|p2b: Walking Werk|Protosynthesis|[silent]\n|switch|p2b: CerulPudge|Ceruledge, F|100\/100\n|move|p1b: Iron Hands|Fake Out|p2b: CerulPudge\n|-immune|p2b: CerulPudge\n|move|p1a: Flutter Mane|Mystical Fire|p2b: CerulPudge\n|-start|p2b: CerulPudge|ability: Flash Fire\n|move|p2a: Ninetales|Agility|p2a: Ninetales\n|-boost|p2a: Ninetales|spe|2\n|\n|-weather|SunnyDay|[upkeep]\n|upkeep\n|turn|2\n|\n|t:|1699147679\n|move|p2a: Ninetales|Howl|p2a: Ninetales|[spread] p2a,p2b\n|-boost|p2a: Ninetales|atk|1\n|-boost|p2b: CerulPudge|atk|1\n|move|p1a: Flutter Mane|Shadow Ball|p2b: CerulPudge\n|-supereffective|p2b: CerulPudge\n|-damage|p2b: CerulPudge|4\/100\n|move|p2b: CerulPudge|Bitter Blade|p1a: Flutter Mane\n|-enditem|p1a: Flutter Mane|Focus Sash\n|-damage|p1a: Flutter Mane|1\/100\n|-heal|p2b: CerulPudge|47\/100|[from] drain|[of] p1a: Flutter Mane\n|move|p1b: Iron Hands|Drain Punch|p2a: Ninetales\n|-damage|p2a: Ninetales|43\/100\n|\n|-weather|SunnyDay|[upkeep]\n|upkeep\n|turn|3\n|\n|t:|1699147700\n|move|p1a: Flutter Mane|Protect|p1a: Flutter Mane\n|-singleturn|p1a: Flutter Mane|Protect\n|move|p2a: Ninetales|Weather Ball|p1a: Flutter Mane\n|-activate|p1a: Flutter Mane|move: Protect\n|move|p2b: CerulPudge|Bitter Blade|p1b: Iron Hands\n|-damage|p1b: Iron Hands|0 fnt\n|-heal|p2b: CerulPudge|100\/100|[from] drain|[of] p1b: Iron Hands\n|faint|p1b: Iron Hands\n|-end|p1b: Iron Hands|Quark Drive|[silent]\n|\n|-weather|SunnyDay|[upkeep]\n|upkeep\n|\n|t:|1699147714\n|switch|p1b: Amoonguss|Amoonguss, M, shiny|100\/100\n|turn|4\n|\n|t:|1699147724\n|switch|p1b: Heatran|Heatran, M|100\/100\n|move|p2a: Ninetales|Encore|p1a: Flutter Mane\n|-start|p1a: Flutter Mane|Encore\n|move|p1a: Flutter Mane|Protect||[still]\n|-fail|p1a: Flutter Mane\n|move|p2b: CerulPudge|Bitter Blade|p1b: Heatran\n|-start|p1b: Heatran|ability: Flash Fire\n|\n|-weather|SunnyDay|[upkeep]\n|upkeep\n|turn|5\n|\n|t:|1699147753\n|switch|p2a: Walking Werk|Walking Wake|100\/100\n|-activate|p2a: Walking Werk|ability: Protosynthesis\n|-start|p2a: Walking Werk|protosynthesisspa\n|move|p1a: Flutter Mane|Protect|p1a: Flutter Mane\n|-singleturn|p1a: Flutter Mane|Protect\n|move|p2b: CerulPudge|Bitter Blade|p1b: Heatran\n|-immune|p1b: Heatran|[from] ability: Flash Fire\n|move|p1b: Heatran|Earth Power|p2b: CerulPudge\n|-supereffective|p2b: CerulPudge\n|-damage|p2b: CerulPudge|32\/100\n|\n|-weather|SunnyDay|[upkeep]\n|upkeep\n|turn|6\n|inactive|bigbranonbampus has 120 seconds left.\n|\n|t:|1699147792\n|-end|p1a: Flutter Mane|Protosynthesis|[silent]\n|switch|p1a: Goodra|Goodra-Hisui, M, shiny|100\/100\n|-terastallize|p1b: Heatran|Grass\n|move|p2b: CerulPudge|Bitter Blade|p1a: Goodra\n|-damage|p1a: Goodra|0 fnt\n|-heal|p2b: CerulPudge|84\/100|[from] drain|[of] p1a: Goodra\n|faint|p1a: Goodra\n|move|p2a: Walking Werk|Hydro Steam|p1b: Heatran\n|-resisted|p1b: Heatran\n|-damage|p1b: Heatran|74\/100\n|move|p1b: Heatran|Earth Power|p2b: CerulPudge\n|-supereffective|p2b: CerulPudge\n|-damage|p2b: CerulPudge|5\/100\n|\n|-weather|SunnyDay|[upkeep]\n|upkeep\n|-message|Earl0328 forfeited.\n|\n|win|bigbranonbampus\n|raw|Earl0328's rating: 1263 &rarr; <strong>1246<\/strong><br \/>(-17 for losing)\n|raw|bigbranonbampus's rating: 1378 &rarr; <strong>1392<\/strong><br \/>(+14 for winning)\n|l|\u2606Earl0328\n","uploadtime":1699147830,"views":14,"p1id":"earl0328","p2id":"bigbranonbampus","formatid":"gen9doublesou","rating":1246,"private":0,"password":""}