{"id":"gen9doublesou-1979151841","p1":"Anish61","p2":"Master Baeder","format":"[Gen 9] Doubles OU","log":"|j|\u2606Anish61\n|j|\u2606Master Baeder\n|t:|1698639696\n|gametype|doubles\n|player|p1|Anish61|unknown|1103\n|player|p2|Master Baeder|clerk|1097\n|teamsize|p1|6\n|teamsize|p2|6\n|gen|9\n|tier|[Gen 9] Doubles OU\n|rated|\n|rule|Species Clause: Limit one of each Pok\u00e9mon\n|rule|OHKO Clause: OHKO moves are banned\n|rule|Evasion Moves Clause: Evasion moves are banned\n|rule|Gravity Sleep Clause: The combination of sleep-inducing moves with imperfect accuracy and Gravity or Gigantamax Orbeetle are banned\n|rule|Endless Battle Clause: Forcing endless battles is banned\n|rule|HP Percentage Mod: HP is shown in percentages\n|clearpoke\n|poke|p1|Ninetales-Alola, F|\n|poke|p1|Ogerpon-Wellspring, F|\n|poke|p1|Heatran, M|\n|poke|p1|Fezandipiti, M|\n|poke|p1|Dipplin, M|\n|poke|p1|Baxcalibur, M|\n|poke|p2|Glimmora, M|\n|poke|p2|Flutter Mane|\n|poke|p2|Indeedee-F, F|\n|poke|p2|Armarouge, M|\n|poke|p2|Torkoal, M|\n|poke|p2|Walking Wake|\n|teampreview\n|inactive|Battle timer is ON: inactive players will automatically lose when time's up. (requested by Master Baeder)\n|inactive|Anish61 also wants the timer to be on.\n|\n|t:|1698639713\n|start\n|switch|p1a: Ninetales|Ninetales-Alola, F, shiny|100\/100\n|switch|p1b: Ogerpon|Ogerpon-Wellspring, F|100\/100\n|switch|p2a: Torkoal|Torkoal, M|100\/100\n|switch|p2b: Indeedee|Indeedee-F, F|100\/100\n|-weather|Snow|[from] ability: Snow Warning|[of] p1a: Ninetales\n|-fieldstart|move: Psychic Terrain|[from] ability: Psychic Surge|[of] p2b: Indeedee\n|-weather|SunnyDay|[from] ability: Drought|[of] p2a: Torkoal\n|turn|1\n|\n|t:|1698639739\n|move|p1b: Ogerpon|Follow Me|p1b: Ogerpon\n|-singleturn|p1b: Ogerpon|move: Follow Me\n|move|p1a: Ninetales|Aurora Veil||[still]\n|-fail|p1a: Ninetales\n|move|p2b: Indeedee|Light Screen|p2b: Indeedee\n|-sidestart|p2: Master Baeder|move: Light Screen\n|move|p2a: Torkoal|Eruption|p1b: Ogerpon|[spread] p1a,p1b\n|-supereffective|p1a: Ninetales\n|-damage|p1a: Ninetales|0 fnt\n|-damage|p1b: Ogerpon|33\/100\n|faint|p1a: Ninetales\n|\n|-weather|SunnyDay|[upkeep]\n|upkeep\n|inactive|Anish61 has 120 seconds left.\n|\n|t:|1698639751\n|switch|p1a: Heatran|Heatran, M, shiny|100\/100\n|turn|2\n|inactive|Master Baeder has 120 seconds left.\n|\n|t:|1698639789\n|switch|p2b: Glimmora|Glimmora, M|100\/100\n|switch|p2a: Walking Wake|Walking Wake|100\/100\n|-activate|p2a: Walking Wake|ability: Protosynthesis\n|-start|p2a: Walking Wake|protosynthesisspa\n|move|p1b: Ogerpon|Ivy Cudgel|p2a: Walking Wake\n|-resisted|p2a: Walking Wake\n|-damage|p2a: Walking Wake|92\/100\n|move|p1a: Heatran|Heat Wave|p2b: Glimmora|[spread] p2a,p2b\n|-resisted|p2a: Walking Wake\n|-resisted|p2b: Glimmora\n|-damage|p2a: Walking Wake|81\/100\n|-damage|p2b: Glimmora|79\/100\n|-status|p2a: Walking Wake|brn\n|\n|-weather|SunnyDay|[upkeep]\n|-damage|p2a: Walking Wake|75\/100 brn|[from] brn\n|upkeep\n|turn|3\n|inactive|Master Baeder has 120 seconds left.\n|inactive|Anish61 has 120 seconds left.\n|\n|t:|1698639846\n|switch|p1a: Dipplin|Dipplin, M, shiny|100\/100\n|-ability|p1a: Dipplin|Supersweet Syrup\n|-ability|p1a: Dipplin|Supersweet Syrup|boost\n|-unboost|p2a: Walking Wake|evasion|1\n|-unboost|p2b: Glimmora|evasion|1\n|move|p2a: Walking Wake|Hydro Steam|p1a: Dipplin\n|-resisted|p1a: Dipplin\n|-damage|p1a: Dipplin|88\/100\n|move|p2b: Glimmora|Dazzling Gleam|p1b: Ogerpon|[spread] p1a,p1b\n|-supereffective|p1a: Dipplin\n|-damage|p1a: Dipplin|69\/100\n|-damage|p1b: Ogerpon|17\/100\n|move|p1b: Ogerpon|Ivy Cudgel|p2b: Glimmora\n|-supereffective|p2b: Glimmora\n|-damage|p2b: Glimmora|22\/100\n|-activate|p2b: Glimmora|ability: Toxic Debris\n|-sidestart|p1: Anish61|move: Toxic Spikes\n|\n|-weather|SunnyDay|[upkeep]\n|-damage|p2a: Walking Wake|69\/100 brn|[from] brn\n|upkeep\n|turn|4\n|inactive|Master Baeder has 120 seconds left.\n|inactive|Master Baeder has 90 seconds left.\n|\n|t:|1698639886\n|move|p2a: Walking Wake|Dragon Pulse|p1a: Dipplin\n|-supereffective|p1a: Dipplin\n|-damage|p1a: Dipplin|4\/100\n|move|p2b: Glimmora|Toxic|p1b: Ogerpon\n|-status|p1b: Ogerpon|tox\n|move|p1b: Ogerpon|Horn Leech|p2b: Glimmora\n|-damage|p2b: Glimmora|0 fnt\n|-heal|p1b: Ogerpon|29\/100 tox|[from] drain|[of] p2b: Glimmora\n|-damage|p1b: Ogerpon|12\/100 tox|[from] item: Rocky Helmet|[of] p2b: Glimmora\n|-activate|p2b: Glimmora|ability: Toxic Debris\n|-sidestart|p1: Anish61|move: Toxic Spikes\n|faint|p2b: Glimmora\n|move|p1a: Dipplin|Infestation|p2a: Walking Wake\n|-damage|p2a: Walking Wake|65\/100 brn\n|-activate|p2a: Walking Wake|move: Infestation|[of] p1a: Dipplin\n|\n|-weather|SunnyDay|[upkeep]\n|-damage|p1b: Ogerpon|6\/100 tox|[from] psn\n|-damage|p2a: Walking Wake|59\/100 brn|[from] brn\n|-damage|p2a: Walking Wake|46\/100 brn|[from] move: Infestation|[partiallytrapped]\n|upkeep\n|inactive|Master Baeder has 90 seconds left.\n|\n|t:|1698639899\n|switch|p2b: Flutter Mane|Flutter Mane|100\/100\n|-activate|p2b: Flutter Mane|ability: Protosynthesis\n|-start|p2b: Flutter Mane|protosynthesisspe\n|turn|5\n|inactive|Anish61 has 120 seconds left.\n|\n|t:|1698639915\n|move|p2b: Flutter Mane|Wish|p2b: Flutter Mane\n|move|p2a: Walking Wake|Hydro Steam|p1a: Dipplin\n|-resisted|p1a: Dipplin\n|-damage|p1a: Dipplin|0 fnt\n|faint|p1a: Dipplin\n|move|p1b: Ogerpon|Horn Leech|p2a: Walking Wake\n|-damage|p2a: Walking Wake|0 fnt\n|-heal|p1b: Ogerpon|29\/100 tox|[from] drain|[of] p2a: Walking Wake\n|faint|p2a: Walking Wake\n|-end|p2a: Walking Wake|Protosynthesis|[silent]\n|\n|-weather|SunnyDay|[upkeep]\n|-damage|p1b: Ogerpon|16\/100 tox|[from] psn\n|-fieldend|move: Psychic Terrain\n|upkeep\n|inactive|Master Baeder has 120 seconds left.\n|inactive|Anish61 has 120 seconds left.\n|\n|t:|1698639934\n|switch|p2a: Indeedee|Indeedee-F, F|100\/100\n|switch|p1a: Fezandipiti|Fezandipiti, M|100\/100\n|-sideend|p1: Anish61|move: Toxic Spikes|[of] p1a: Fezandipiti\n|-fieldstart|move: Psychic Terrain|[from] ability: Psychic Surge|[of] p2a: Indeedee\n|turn|6\n|inactive|Master Baeder has 120 seconds left.\n|\n|t:|1698639974\n|move|p2a: Indeedee|Helping Hand|p2b: Flutter Mane\n|-singleturn|p2b: Flutter Mane|Helping Hand|[of] p2a: Indeedee\n|move|p2b: Flutter Mane|Shadow Ball|p1a: Fezandipiti\n|-damage|p1a: Fezandipiti|61\/100\n|move|p1b: Ogerpon|Horn Leech|p2a: Indeedee\n|-damage|p2a: Indeedee|42\/100\n|-heal|p1b: Ogerpon|46\/100 tox|[from] drain|[of] p2a: Indeedee\n|move|p1a: Fezandipiti|Icy Wind|p2b: Flutter Mane|[spread] p2a,p2b\n|-damage|p2a: Indeedee|39\/100\n|-damage|p2b: Flutter Mane|95\/100\n|-unboost|p2a: Indeedee|spe|1\n|-unboost|p2b: Flutter Mane|spe|1\n|\n|-weather|SunnyDay|[upkeep]\n|-heal|p2b: Flutter Mane|100\/100|[from] move: Wish|[wisher] Flutter Mane\n|-damage|p1b: Ogerpon|27\/100 tox|[from] psn\n|upkeep\n|turn|7\n|inactive|Master Baeder has 120 seconds left.\n|inactive|Anish61 has 120 seconds left.\n|inactive|Master Baeder has 90 seconds left.\n|\n|t:|1698640009\n|move|p2b: Flutter Mane|Moonblast|p1b: Ogerpon\n|-damage|p1b: Ogerpon|0 fnt\n|faint|p1b: Ogerpon\n|move|p1a: Fezandipiti|Tailwind|p1a: Fezandipiti\n|-sidestart|p1: Anish61|move: Tailwind\n|move|p2a: Indeedee|Reflect|p2a: Indeedee\n|-sidestart|p2: Master Baeder|Reflect\n|\n|-weather|SunnyDay|[upkeep]\n|upkeep\n|inactive|Anish61 has 120 seconds left.\n|\n|t:|1698640020\n|switch|p1b: Heatran|Heatran, M, shiny|100\/100\n|turn|8\n|\n|t:|1698640042\n|-terastallize|p2b: Flutter Mane|Ground\n|move|p2a: Indeedee|Helping Hand|p2b: Flutter Mane\n|-singleturn|p2b: Flutter Mane|Helping Hand|[of] p2a: Indeedee\n|move|p1a: Fezandipiti|Roost|p1a: Fezandipiti\n|-heal|p1a: Fezandipiti|100\/100\n|-singleturn|p1a: Fezandipiti|move: Roost\n|move|p1b: Heatran|Flash Cannon|p2b: Flutter Mane\n|-damage|p2b: Flutter Mane|69\/100\n|move|p2b: Flutter Mane|Shadow Ball|p1a: Fezandipiti\n|-damage|p1a: Fezandipiti|58\/100\n|\n|-weather|none\n|-end|p2b: Flutter Mane|Protosynthesis\n|-sideend|p2: Master Baeder|move: Light Screen\n|upkeep\n|-enditem|p2b: Flutter Mane|Booster Energy\n|-activate|p2b: Flutter Mane|ability: Protosynthesis|[fromitem]\n|-start|p2b: Flutter Mane|protosynthesisspa\n|turn|9\n|inactive|Master Baeder has 120 seconds left.\n|inactive|Anish61 has 120 seconds left.\n|\n|t:|1698640075\n|switch|p2a: Armarouge|Armarouge, M|100\/100\n|move|p1a: Fezandipiti|Icy Wind|p2a: Armarouge|[spread] p2a,p2b\n|-resisted|p2a: Armarouge\n|-supereffective|p2b: Flutter Mane\n|-damage|p2a: Armarouge|97\/100\n|-damage|p2b: Flutter Mane|52\/100\n|-unboost|p2a: Armarouge|spe|1\n|-unboost|p2b: Flutter Mane|spe|1\n|-enditem|p2a: Armarouge|White Herb\n|-clearnegativeboost|p2a: Armarouge|[silent]\n|move|p1b: Heatran|Earth Power|p2a: Armarouge\n|-supereffective|p2a: Armarouge\n|-damage|p2a: Armarouge|23\/100\n|-unboost|p2a: Armarouge|spd|1\n|move|p2b: Flutter Mane|Shadow Ball|p1a: Fezandipiti\n|-damage|p1a: Fezandipiti|24\/100\n|\n|upkeep\n|turn|10\n|\n|t:|1698640099\n|move|p1a: Fezandipiti|Icy Wind|p2a: Armarouge|[spread] p2b\n|-miss|p1a: Fezandipiti|p2a: Armarouge\n|-supereffective|p2b: Flutter Mane\n|-damage|p2b: Flutter Mane|36\/100\n|-unboost|p2b: Flutter Mane|spe|1\n|move|p1b: Heatran|Earth Power|p2a: Armarouge\n|-supereffective|p2a: Armarouge\n|-damage|p2a: Armarouge|0 fnt\n|faint|p2a: Armarouge\n|move|p2b: Flutter Mane|Shadow Ball|p1a: Fezandipiti\n|-damage|p1a: Fezandipiti|0 fnt\n|faint|p1a: Fezandipiti\n|\n|-sideend|p1: Anish61|move: Tailwind\n|-fieldend|move: Psychic Terrain\n|upkeep\n|\n|t:|1698640113\n|switch|p1a: Baxcalibur|Baxcalibur, M, shiny|100\/100\n|switch|p2a: Torkoal|Torkoal, M|100\/100\n|-weather|SunnyDay|[from] ability: Drought|[of] p2a: Torkoal\n|turn|11\n|\n|t:|1698640137\n|move|p1a: Baxcalibur|High Horsepower|p2a: Torkoal\n|-supereffective|p2a: Torkoal\n|-damage|p2a: Torkoal|64\/100\n|move|p1b: Heatran|Heat Wave|p2a: Torkoal|[spread] p2a\n|-miss|p1b: Heatran|p2b: Flutter Mane\n|-resisted|p2a: Torkoal\n|-damage|p2a: Torkoal|28\/100\n|move|p2b: Flutter Mane|Shadow Ball|p1b: Heatran\n|-damage|p1b: Heatran|53\/100\n|move|p2a: Torkoal|Eruption|p1a: Baxcalibur|[spread] p1a\n|-start|p1b: Heatran|ability: Flash Fire\n|-damage|p1a: Baxcalibur|81\/100\n|-ability|p1a: Baxcalibur|Thermal Exchange|boost\n|-boost|p1a: Baxcalibur|atk|1\n|\n|-weather|SunnyDay|[upkeep]\n|-heal|p1b: Heatran|59\/100|[from] item: Leftovers\n|upkeep\n|turn|12\n|\n|t:|1698640167\n|switch|p2a: Indeedee|Indeedee-F, F|39\/100\n|-fieldstart|move: Psychic Terrain|[from] ability: Psychic Surge|[of] p2a: Indeedee\n|move|p1a: Baxcalibur|Icicle Spear|p2b: Flutter Mane\n|-supereffective|p2b: Flutter Mane\n|-damage|p2b: Flutter Mane|0 fnt\n|faint|p2b: Flutter Mane\n|-end|p2b: Flutter Mane|Protosynthesis|[silent]\n|-hitcount|p2: Flutter Mane|1\n|move|p1b: Heatran|Heat Wave|p2a: Indeedee\n|-damage|p2a: Indeedee|0 fnt\n|faint|p2a: Indeedee\n|\n|-weather|SunnyDay|[upkeep]\n|-heal|p1b: Heatran|65\/100|[from] item: Leftovers\n|upkeep\n|-message|Master Baeder forfeited.\n|\n|win|Anish61\n|raw|Anish61's rating: 1103 &rarr; <strong>1128<\/strong><br \/>(+25 for winning)\n|raw|Master Baeder's rating: 1097 &rarr; <strong>1073<\/strong><br \/>(-24 for losing)\n|l|\u2606Master Baeder\n","uploadtime":1698640186,"views":28,"p1id":"anish61","p2id":"masterbaeder","formatid":"gen9doublesou","rating":1073,"private":0,"password":""}