{"id":"gen9doublesou-1970450422","p1":"RocketsViability","p2":"Luzbian","format":"[Gen 9] Doubles OU","log":"|j|\u2606RocketsViability\n|j|\u2606Luzbian\n|t:|1697639976\n|gametype|doubles\n|player|p1|RocketsViability|266|1158\n|player|p2|Luzbian|ryuki|1164\n|teamsize|p1|6\n|teamsize|p2|6\n|gen|9\n|tier|[Gen 9] Doubles OU\n|rated|\n|rule|Species Clause: Limit one of each Pok\u00e9mon\n|rule|OHKO Clause: OHKO moves are banned\n|rule|Evasion Moves Clause: Evasion moves are banned\n|rule|Gravity Sleep Clause: The combination of sleep-inducing moves with imperfect accuracy and Gravity or Gigantamax Orbeetle are banned\n|rule|Endless Battle Clause: Forcing endless battles is banned\n|rule|HP Percentage Mod: HP is shown in percentages\n|clearpoke\n|poke|p1|Ninetales-Alola, M|\n|poke|p1|Trevenant, F|\n|poke|p1|Goodra-Hisui, M|\n|poke|p1|Sandslash-Alola, M|\n|poke|p1|Torterra, M|\n|poke|p1|Empoleon, M|\n|poke|p2|Regidrago|\n|poke|p2|Gholdengo|\n|poke|p2|Rillaboom, M|\n|poke|p2|Tornadus, M|\n|poke|p2|Palafin, M|\n|poke|p2|Mimikyu, F|\n|teampreview\n|\n|t:|1697639985\n|start\n|switch|p1a: Ninetales|Ninetales-Alola, M|100\/100\n|switch|p1b: Trevenant|Trevenant, F|100\/100\n|switch|p2a: Tormentus|Tornadus, M, shiny|100\/100\n|switch|p2b: Oru Oru Ora|Palafin, M, shiny|100\/100\n|-weather|Snow|[from] ability: Snow Warning|[of] p1a: Ninetales\n|turn|1\n|\n|t:|1697640002\n|detailschange|p2b: Oru Oru Ora|Palafin-Hero, M, shiny\n|switch|p2b: Iron Goldman|Gholdengo|100\/100\n|move|p1b: Trevenant|Ally Switch|p1b: Trevenant\n|swap|p1b: Trevenant|0|[from] move: Ally Switch\n|move|p2a: Tormentus|Rain Dance|p2a: Tormentus\n|-weather|RainDance\n|move|p1b: Ninetales|Blizzard|p2a: Tormentus|[spread] p2a,p2b\n|-supereffective|p2a: Tormentus\n|-resisted|p2b: Iron Goldman\n|-damage|p2a: Tormentus|8\/100\n|-damage|p2b: Iron Goldman|82\/100\n|\n|-weather|RainDance|[upkeep]\n|upkeep\n|turn|2\n|\n|t:|1697640019\n|switch|p1b: Goodra|Goodra-Hisui, M|100\/100\n|move|p2a: Tormentus|Bleakwind Storm|p1b: Goodra|[spread] p1a,p1b\n|-supereffective|p1a: Trevenant\n|-resisted|p1b: Goodra\n|-damage|p1a: Trevenant|48\/100\n|-damage|p1b: Goodra|89\/100\n|-enditem|p1a: Trevenant|Sitrus Berry|[eat]\n|-heal|p1a: Trevenant|72\/100|[from] item: Sitrus Berry\n|move|p2b: Iron Goldman|Make It Rain|p1b: Goodra|[spread] p1a,p1b\n|-resisted|p1b: Goodra\n|-damage|p1a: Trevenant|38\/100\n|-damage|p1b: Goodra|72\/100\n|-unboost|p2b: Iron Goldman|spa|1\n|-enditem|p2b: Iron Goldman|White Herb\n|-clearnegativeboost|p2b: Iron Goldman|[silent]\n|move|p1a: Trevenant|Horn Leech|p2a: Tormentus\n|-resisted|p2a: Tormentus\n|-damage|p2a: Tormentus|0 fnt\n|-heal|p1a: Trevenant|41\/100|[from] drain|[of] p2a: Tormentus\n|faint|p2a: Tormentus\n|\n|-weather|RainDance|[upkeep]\n|upkeep\n|\n|t:|1697640034\n|switch|p2a: Oru Oru Ora|Palafin-Hero, M, shiny|100\/100\n|-activate|p2a: Oru Oru Ora|ability: Zero to Hero\n|turn|3\n|\n|t:|1697640047\n|move|p1a: Trevenant|Ally Switch|p1a: Trevenant\n|swap|p1a: Trevenant|1|[from] move: Ally Switch\n|move|p2b: Iron Goldman|Shadow Ball|p1a: Goodra\n|-damage|p1a: Goodra|44\/100\n|-unboost|p1a: Goodra|spd|1\n|move|p2a: Oru Oru Ora|Bulk Up|p2a: Oru Oru Ora\n|-boost|p2a: Oru Oru Ora|atk|1\n|-boost|p2a: Oru Oru Ora|def|1\n|move|p1a: Goodra|Blizzard|p2b: Iron Goldman|[spread] p2a,p2b\n|-resisted|p2a: Oru Oru Ora\n|-resisted|p2b: Iron Goldman\n|-damage|p2a: Oru Oru Ora|90\/100\n|-damage|p2b: Iron Goldman|65\/100\n|-status|p2b: Iron Goldman|frz\n|\n|-weather|RainDance|[upkeep]\n|-heal|p2a: Oru Oru Ora|97\/100|[from] item: Leftovers\n|upkeep\n|turn|4\n|\n|t:|1697640073\n|switch|p1a: Torterra|Torterra, M|100\/100\n|cant|p2b: Iron Goldman|frz\n|move|p2a: Oru Oru Ora|Bulk Up|p2a: Oru Oru Ora\n|-boost|p2a: Oru Oru Ora|atk|1\n|-boost|p2a: Oru Oru Ora|def|1\n|move|p1b: Trevenant|Horn Leech|p2a: Oru Oru Ora\n|-supereffective|p2a: Oru Oru Ora\n|-damage|p2a: Oru Oru Ora|71\/100\n|-heal|p1b: Trevenant|55\/100|[from] drain|[of] p2a: Oru Oru Ora\n|\n|-weather|RainDance|[upkeep]\n|-heal|p2a: Oru Oru Ora|77\/100|[from] item: Leftovers\n|upkeep\n|turn|5\n|\n|t:|1697640095\n|-terastallize|p1b: Trevenant|Water\n|-curestatus|p2b: Iron Goldman|frz|[msg]\n|move|p2b: Iron Goldman|Shadow Ball|p1b: Trevenant\n|-damage|p1b: Trevenant|26\/100\n|-unboost|p1b: Trevenant|spd|1\n|move|p2a: Oru Oru Ora|Bulk Up|p2a: Oru Oru Ora\n|-boost|p2a: Oru Oru Ora|atk|1\n|-boost|p2a: Oru Oru Ora|def|1\n|move|p1a: Torterra|Shell Smash|p1a: Torterra\n|-unboost|p1a: Torterra|def|1\n|-unboost|p1a: Torterra|spd|1\n|-boost|p1a: Torterra|atk|2\n|-boost|p1a: Torterra|spa|2\n|-boost|p1a: Torterra|spe|2\n|move|p1b: Trevenant|Toxic|p2a: Oru Oru Ora|[miss]\n|-miss|p1b: Trevenant|p2a: Oru Oru Ora\n|\n|-weather|none\n|-heal|p2a: Oru Oru Ora|83\/100|[from] item: Leftovers\n|-item|p1b: Trevenant|Sitrus Berry|[from] ability: Harvest\n|upkeep\n|-enditem|p1b: Trevenant|Sitrus Berry|[eat]\n|-heal|p1b: Trevenant|51\/100|[from] item: Sitrus Berry\n|turn|6\n|inactive|Battle timer is ON: inactive players will automatically lose when time's up. (requested by RocketsViability)\n|\n|t:|1697640153\n|move|p1b: Trevenant|Ally Switch|p1b: Trevenant\n|swap|p1b: Trevenant|0|[from] move: Ally Switch\n|move|p1b: Torterra|Bullet Seed|p2a: Oru Oru Ora\n|-supereffective|p2a: Oru Oru Ora\n|-damage|p2a: Oru Oru Ora|64\/100\n|-supereffective|p2a: Oru Oru Ora\n|-damage|p2a: Oru Oru Ora|44\/100\n|-supereffective|p2a: Oru Oru Ora\n|-damage|p2a: Oru Oru Ora|27\/100\n|-supereffective|p2a: Oru Oru Ora\n|-damage|p2a: Oru Oru Ora|8\/100\n|-supereffective|p2a: Oru Oru Ora\n|-damage|p2a: Oru Oru Ora|0 fnt\n|faint|p2a: Oru Oru Ora\n|-hitcount|p2: Oru Oru Ora|5\n|move|p2b: Iron Goldman|Make It Rain|p1a: Trevenant|[spread] p1a,p1b\n|-resisted|p1a: Trevenant\n|-damage|p1a: Trevenant|23\/100\n|-damage|p1b: Torterra|11\/100\n|-unboost|p2b: Iron Goldman|spa|1\n|\n|upkeep\n|\n|t:|1697640163\n|switch|p2a: Drop a|Regidrago, shiny|100\/100\n|turn|7\n|inactive|RocketsViability has 120 seconds left.\n|\n|t:|1697640195\n|switch|p1a: Empoleon|Empoleon, M|100\/100\n|move|p1b: Torterra|Bullet Seed|p2a: Drop a\n|-resisted|p2a: Drop a\n|-damage|p2a: Drop a|88\/100\n|-resisted|p2a: Drop a\n|-damage|p2a: Drop a|73\/100\n|-resisted|p2a: Drop a\n|-damage|p2a: Drop a|60\/100\n|-resisted|p2a: Drop a\n|-damage|p2a: Drop a|46\/100\n|-hitcount|p2a: Drop a|4\n|move|p2b: Iron Goldman|Nasty Plot|p2b: Iron Goldman\n|-boost|p2b: Iron Goldman|spa|2\n|move|p2a: Drop a|Dragon Energy|p1a: Empoleon|[spread] p1a,p1b\n|-resisted|p1a: Empoleon\n|-damage|p1a: Empoleon|77\/100\n|-damage|p1b: Torterra|0 fnt\n|faint|p1b: Torterra\n|\n|upkeep\n|inactive|RocketsViability has 120 seconds left.\n|\n|t:|1697640207\n|switch|p1b: Ninetales|Ninetales-Alola, M|100\/100\n|-weather|Snow|[from] ability: Snow Warning|[of] p1b: Ninetales\n|turn|8\n|\n|t:|1697640220\n|switch|p1b: Sandslash|Sandslash-Alola, M|100\/100\n|switch|p2a: lightrai|Mimikyu, F, shiny|100\/100\n|move|p2b: Iron Goldman|Make It Rain|p1a: Empoleon|[spread] p1a\n|-miss|p2b: Iron Goldman|p1b: Sandslash\n|-resisted|p1a: Empoleon\n|-damage|p1a: Empoleon|61\/100\n|-unboost|p2b: Iron Goldman|spa|1\n|move|p1a: Empoleon|Blizzard|p2b: Iron Goldman|[spread] p2a,p2b\n|-resisted|p2b: Iron Goldman\n|-activate|p2a: lightrai|ability: Disguise\n|-damage|p2a: lightrai|100\/100\n|-damage|p2b: Iron Goldman|48\/100\n|-status|p2a: lightrai|frz\n|detailschange|p2a: lightrai|Mimikyu-Busted, F, shiny\n|-damage|p2a: lightrai|88\/100 frz|[from] pokemon: Mimikyu-Busted\n|-heal|p1a: Empoleon|63\/100|[from] item: Shell Bell|[of] p2b: Iron Goldman\n|\n|-weather|Snow|[upkeep]\n|upkeep\n|turn|9\n|-message|Luzbian forfeited.\n|\n|win|RocketsViability\n|raw|RocketsViability's rating: 1158 &rarr; <strong>1183<\/strong><br \/>(+25 for winning)\n|raw|Luzbian's rating: 1164 &rarr; <strong>1139<\/strong><br \/>(-25 for losing)\n|l|\u2606Luzbian\n","uploadtime":1697640244,"views":9,"p1id":"rocketsviability","p2id":"luzbian","formatid":"gen9doublesou","rating":1139,"private":0,"password":""}