{"id":"gen9doublesou-1997071898","p1":"guiguuguuguu","p2":"Purple Gallade","format":"[Gen 9] Doubles OU","log":"|j|\u203dguiguuguuguu\n|j|\u2606Purple Gallade\n|t:|1700761654\n|gametype|doubles\n|player|p1|guiguuguuguu|101|1129\n|player|p2|Purple Gallade|265|1000\n|teamsize|p1|6\n|teamsize|p2|2\n|gen|9\n|tier|[Gen 9] Doubles OU\n|rated|\n|rule|Species Clause: Limit one of each Pok\u00e9mon\n|rule|OHKO Clause: OHKO moves are banned\n|rule|Evasion Moves Clause: Evasion moves are banned\n|rule|Gravity Sleep Clause: The combination of sleep-inducing moves with imperfect accuracy and Gravity or Gigantamax Orbeetle are banned\n|rule|Endless Battle Clause: Forcing endless battles is banned\n|rule|HP Percentage Mod: HP is shown in percentages\n|clearpoke\n|poke|p1|Slowking, F|\n|poke|p1|Gyarados, M|\n|poke|p1|Snorlax, M|\n|poke|p1|Ampharos, M|\n|poke|p1|Mamoswine, M|\n|poke|p1|Torkoal, M|\n|poke|p2|Ogerpon-Wellspring, F|\n|poke|p2|Flutter Mane|\n|teampreview\n|inactive|Battle timer is ON: inactive players will automatically lose when time's up. (requested by guiguuguuguu)\n|c|\u2606Purple Gallade|I'm testing all of the ogerpon forms\n|\n|t:|1700761677\n|start\n|switch|p1a: Slowking|Slowking, F|100\/100\n|switch|p1b: Torkoal|Torkoal, M|100\/100\n|switch|p2a: Ogerpon|Ogerpon-Wellspring, F|100\/100\n|switch|p2b: Flutter Mane|Flutter Mane|100\/100\n|turn|1\n|\n|t:|1700761701\n|-terastallize|p2b: Flutter Mane|Fairy\n|move|p2b: Flutter Mane|Dazzling Gleam|p1b: Torkoal|[spread] p1a,p1b\n|-resisted|p1b: Torkoal\n|-damage|p1a: Slowking|53\/100\n|-damage|p1b: Torkoal|65\/100\n|move|p2a: Ogerpon|Horn Leech|p1a: Slowking\n|-supereffective|p1a: Slowking\n|-damage|p1a: Slowking|0 fnt\n|faint|p1a: Slowking\n|move|p1b: Torkoal|Iron Defense|p1b: Torkoal\n|-boost|p1b: Torkoal|def|2\n|\n|-heal|p1b: Torkoal|71\/100|[from] item: Leftovers\n|upkeep\n|\n|t:|1700761721\n|switch|p1a: Ampharos|Ampharos, M|100\/100\n|turn|2\n|\n|t:|1700761737\n|move|p2a: Ogerpon|Follow Me|p2a: Ogerpon\n|-singleturn|p2a: Ogerpon|move: Follow Me\n|move|p2b: Flutter Mane|Dazzling Gleam|p1b: Torkoal|[spread] p1a,p1b\n|-resisted|p1b: Torkoal\n|-crit|p1b: Torkoal\n|-damage|p1a: Ampharos|36\/100\n|-damage|p1b: Torkoal|17\/100\n|move|p1a: Ampharos|Charge Beam|p2a: Ogerpon\n|-damage|p2a: Ogerpon|73\/100\n|-boost|p1a: Ampharos|spa|1\n|move|p1b: Torkoal|Iron Defense|p1b: Torkoal\n|-boost|p1b: Torkoal|def|2\n|\n|-heal|p1b: Torkoal|23\/100|[from] item: Leftovers\n|upkeep\n|turn|3\n|\n|t:|1700761767\n|switch|p1b: Gyarados|Gyarados, M|100\/100\n|move|p2a: Ogerpon|Spiky Shield|p2a: Ogerpon\n|-singleturn|p2a: Ogerpon|move: Protect\n|move|p2b: Flutter Mane|Dazzling Gleam|p1a: Ampharos|[spread] p1a,p1b\n|-damage|p1a: Ampharos|0 fnt\n|-damage|p1b: Gyarados|47\/100\n|faint|p1a: Ampharos\n|\n|upkeep\n|inactive|guiguuguuguu has 120 seconds left.\n|\n|t:|1700761790\n|switch|p1a: Snorlax|Snorlax, M|100\/100\n|turn|4\n|\n|t:|1700761810\n|move|p2b: Flutter Mane|Dazzling Gleam|p1a: Snorlax|[spread] p1a,p1b\n|-damage|p1a: Snorlax|63\/100\n|-damage|p1b: Gyarados|0 fnt\n|faint|p1b: Gyarados\n|move|p2a: Ogerpon|Horn Leech|p1a: Snorlax\n|-damage|p1a: Snorlax|40\/100\n|-heal|p2a: Ogerpon|93\/100|[from] drain|[of] p1a: Snorlax\n|move|p1a: Snorlax|Stockpile|p1a: Snorlax\n|-start|p1a: Snorlax|stockpile1\n|-boost|p1a: Snorlax|def|1\n|-boost|p1a: Snorlax|spd|1\n|\n|-heal|p1a: Snorlax|46\/100|[from] item: Leftovers\n|upkeep\n|inactive|guiguuguuguu has 120 seconds left.\n|\n|t:|1700761823\n|switch|p1b: Mamoswine|Mamoswine, M|100\/100\n|turn|5\n|\n|t:|1700761842\n|move|p2a: Ogerpon|Follow Me|p2a: Ogerpon\n|-singleturn|p2a: Ogerpon|move: Follow Me\n|move|p2b: Flutter Mane|Dazzling Gleam|p1a: Snorlax|[spread] p1a,p1b\n|-damage|p1a: Snorlax|18\/100\n|-damage|p1b: Mamoswine|38\/100\n|move|p1b: Mamoswine|Earthquake|p2b: Flutter Mane|[spread] p1a,p2a,p2b\n|-resisted|p2a: Ogerpon\n|-damage|p1a: Snorlax|5\/100\n|-damage|p2a: Ogerpon|77\/100\n|-damage|p2b: Flutter Mane|26\/100\n|move|p1a: Snorlax|Giga Impact|p2a: Ogerpon\n|-damage|p2a: Ogerpon|22\/100\n|-mustrecharge|p1a: Snorlax\n|\n|-heal|p1a: Snorlax|11\/100|[from] item: Leftovers\n|upkeep\n|turn|6\n|\n|t:|1700761863\n|move|p2a: Ogerpon|Spiky Shield|p2a: Ogerpon\n|-singleturn|p2a: Ogerpon|move: Protect\n|move|p2b: Flutter Mane|Dazzling Gleam|p1a: Snorlax|[spread] p1a,p1b\n|-damage|p1a: Snorlax|0 fnt\n|-damage|p1b: Mamoswine|0 fnt\n|faint|p1a: Snorlax\n|faint|p1b: Mamoswine\n|\n|upkeep\n|\n|t:|1700761872\n|switch|p1a: Torkoal|Torkoal, M|23\/100\n|turn|7\n|c|\u2606Purple Gallade|Well this is weird\n|\n|t:|1700761883\n|move|p2b: Flutter Mane|Dazzling Gleam|p1a: Torkoal\n|-resisted|p1a: Torkoal\n|-damage|p1a: Torkoal|0 fnt\n|faint|p1a: Torkoal\n|\n|win|Purple Gallade\n|raw|guiguuguuguu's rating: 1129 &rarr; <strong>1095<\/strong><br \/>(-34 for losing)\n|raw|Purple Gallade's rating: 1000 &rarr; <strong>1054<\/strong><br \/>(+54 for winning)\n|l|\u203dguiguuguuguu\n|c|\u2606Purple Gallade|gg\n","uploadtime":1700762183,"views":10,"p1id":"guiguuguuguu","p2id":"purplegallade","formatid":"gen9doublesou","rating":1054,"private":0,"password":""}