{"id":"gen9doublesou-1991705036","p1":"bananaszn","p2":"Marie Kong","format":"[Gen 9] Doubles OU","log":"|j|\u2606bananaszn\n|j|\u2606Marie Kong\n|t:|1700104811\n|gametype|doubles\n|player|p1|bananaszn|brycen|1341\n|player|p2|Marie Kong|furisodegirl-pink|1327\n|teamsize|p1|6\n|teamsize|p2|6\n|gen|9\n|tier|[Gen 9] Doubles OU\n|rated|\n|rule|Species Clause: Limit one of each Pok\u00e9mon\n|rule|OHKO Clause: OHKO moves are banned\n|rule|Evasion Moves Clause: Evasion moves are banned\n|rule|Gravity Sleep Clause: The combination of sleep-inducing moves with imperfect accuracy and Gravity or Gigantamax Orbeetle are banned\n|rule|Endless Battle Clause: Forcing endless battles is banned\n|rule|HP Percentage Mod: HP is shown in percentages\n|clearpoke\n|poke|p1|Glimmora, F|\n|poke|p1|Tyranitar, M|\n|poke|p1|Amoonguss, M|\n|poke|p1|Heatran, F|\n|poke|p1|Landorus, M|\n|poke|p1|Cresselia, F|\n|poke|p2|Tauros-Paldea-Blaze, M|\n|poke|p2|Meowscarada, F|\n|poke|p2|Cryogonal|\n|poke|p2|Murkrow, F|\n|poke|p2|Gallade, M|\n|poke|p2|Kilowattrel, M|\n|teampreview\n|inactive|Battle timer is ON: inactive players will automatically lose when time's up. (requested by bananaszn)\n|\n|t:|1700104814\n|start\n|switch|p1a: Trippie Redd|Tyranitar, M, shiny|100\/100\n|switch|p1b: Oran Berry|Glimmora, F, shiny|100\/100\n|switch|p2a: Murkrow|Murkrow, F, shiny|100\/100\n|switch|p2b: Kilowattrel|Kilowattrel, M|100\/100\n|-weather|Sandstorm|[from] ability: Sand Stream|[of] p1a: Trippie Redd\n|turn|1\n|\n|t:|1700104827\n|-terastallize|p2a: Murkrow|Ground\n|move|p2a: Murkrow|Tailwind|p2a: Murkrow\n|-sidestart|p2: Marie Kong|move: Tailwind\n|-start|p2b: Kilowattrel|Charge|Tailwind|[from] ability: Wind Power\n|move|p2b: Kilowattrel|Discharge|p1b: Oran Berry|[spread] p1a,p1b\n|-immune|p2a: Murkrow\n|-damage|p1a: Trippie Redd|57\/100\n|-damage|p1b: Oran Berry|44\/100\n|-end|p2b: Kilowattrel|Charge|[silent]\n|move|p1b: Oran Berry|Mortal Spin|p2b: Kilowattrel|[spread] p2a,p2b\n|-resisted|p2a: Murkrow\n|-damage|p2a: Murkrow|94\/100\n|-damage|p2b: Kilowattrel|92\/100\n|-status|p2a: Murkrow|psn\n|-status|p2b: Kilowattrel|psn\n|move|p1a: Trippie Redd|Rock Slide|p2a: Murkrow|[spread] p2a,p2b\n|-resisted|p2a: Murkrow\n|-supereffective|p2b: Kilowattrel\n|-damage|p2a: Murkrow|58\/100 psn\n|-damage|p2b: Kilowattrel|0 fnt\n|faint|p2b: Kilowattrel\n|\n|-weather|Sandstorm|[upkeep]\n|-damage|p2a: Murkrow|46\/100 psn|[from] psn\n|upkeep\n|\n|t:|1700104843\n|switch|p2b: Gallade|Gallade, M, shiny|100\/100\n|turn|2\n|inactive|bananaszn has 120 seconds left.\n|\n|t:|1700104879\n|move|p1a: Trippie Redd|Protect|p1a: Trippie Redd\n|-singleturn|p1a: Trippie Redd|Protect\n|move|p2a: Murkrow|Taunt|p1b: Oran Berry\n|-start|p1b: Oran Berry|move: Taunt\n|move|p2b: Gallade|Sacred Sword|p1a: Trippie Redd\n|-activate|p1a: Trippie Redd|move: Protect\n|move|p1b: Oran Berry|Mortal Spin|p2b: Gallade|[spread] p2a,p2b\n|-resisted|p2a: Murkrow\n|-damage|p2a: Murkrow|39\/100 psn\n|-damage|p2b: Gallade|93\/100\n|-status|p2b: Gallade|psn\n|\n|-weather|Sandstorm|[upkeep]\n|-damage|p2b: Gallade|87\/100 psn|[from] Sandstorm\n|-damage|p2a: Murkrow|27\/100 psn|[from] psn\n|-damage|p2b: Gallade|75\/100 psn|[from] psn\n|upkeep\n|turn|3\n|inactive|bananaszn has 120 seconds left.\n|inactive|Marie Kong has 120 seconds left.\n|\n|t:|1700104920\n|switch|p2a: Meowscarada|Meowscarada, F|100\/100\n|switch|p1a: Ball Guy|Amoonguss, M, shiny|100\/100\n|move|p2b: Gallade|Sacred Sword|p1a: Ball Guy\n|-resisted|p1a: Ball Guy\n|-damage|p1a: Ball Guy|64\/100\n|move|p1b: Oran Berry|Sludge Bomb|p2b: Gallade\n|-damage|p2b: Gallade|37\/100 psn\n|\n|-weather|Sandstorm|[upkeep]\n|-damage|p2a: Meowscarada|94\/100|[from] Sandstorm\n|-damage|p2b: Gallade|31\/100 psn|[from] Sandstorm\n|-damage|p1a: Ball Guy|58\/100|[from] Sandstorm\n|-damage|p2b: Gallade|19\/100 psn|[from] psn\n|upkeep\n|turn|4\n|inactive|bananaszn has 120 seconds left.\n|inactive|Marie Kong has 120 seconds left.\n|inactive|bananaszn has 90 seconds left.\n|\n|t:|1700104968\n|switch|p1b: Gobba Goo|Heatran, F, shiny|100\/100\n|move|p2a: Meowscarada|Knock Off|p1a: Ball Guy\n|-damage|p1a: Ball Guy|27\/100\n|-enditem|p1a: Ball Guy|Sitrus Berry|[from] move: Knock Off|[of] p2a: Meowscarada\n|move|p2b: Gallade|Sacred Sword|p1b: Gobba Goo\n|-supereffective|p1b: Gobba Goo\n|-crit|p1b: Gobba Goo\n|-damage|p1b: Gobba Goo|0 fnt\n|faint|p1b: Gobba Goo\n|move|p1a: Ball Guy|Pollen Puff|p2a: Meowscarada\n|-supereffective|p2a: Meowscarada\n|-damage|p2a: Meowscarada|0 fnt\n|faint|p2a: Meowscarada\n|\n|-weather|Sandstorm|[upkeep]\n|-damage|p2b: Gallade|13\/100 psn|[from] Sandstorm\n|-damage|p1a: Ball Guy|21\/100|[from] Sandstorm\n|-damage|p2b: Gallade|0 fnt|[from] psn\n|faint|p2b: Gallade\n|-sideend|p2: Marie Kong|move: Tailwind\n|upkeep\n|inactive|Marie Kong has 120 seconds left.\n|inactive|bananaszn has 90 seconds left.\n|\n|t:|1700105006\n|switch|p2a: Murkrow|Murkrow, F, shiny, tera:Ground|27\/100 psn\n|switch|p2b: Tauros|Tauros-Paldea-Blaze, M|100\/100\n|switch|p1b: ROOT BEER|Landorus, M, shiny|100\/100\n|turn|5\n|\n|t:|1700105024\n|switch|p1a: Nicki Minaj|Cresselia, F, shiny|100\/100\n|move|p2b: Tauros|Protect|p2b: Tauros\n|-singleturn|p2b: Tauros|Protect\n|move|p2a: Murkrow|Tailwind|p2a: Murkrow\n|-sidestart|p2: Marie Kong|move: Tailwind\n|move|p1b: ROOT BEER|Earth Power|p2b: Tauros\n|-activate|p2b: Tauros|move: Protect\n|\n|-weather|Sandstorm|[upkeep]\n|-damage|p2b: Tauros|94\/100|[from] Sandstorm\n|-damage|p2a: Murkrow|15\/100 psn|[from] psn\n|upkeep\n|turn|6\n|inactive|Marie Kong has 120 seconds left.\n|\n|t:|1700105062\n|switch|p2b: Cryogonal|Cryogonal, shiny|100\/100\n|move|p1b: ROOT BEER|Protect|p1b: ROOT BEER\n|-singleturn|p1b: ROOT BEER|Protect\n|move|p2a: Murkrow|Taunt|p1a: Nicki Minaj\n|-start|p1a: Nicki Minaj|move: Taunt\n|move|p1a: Nicki Minaj|Psychic|p2b: Cryogonal\n|-damage|p2b: Cryogonal|75\/100\n|\n|-weather|Sandstorm|[upkeep]\n|-damage|p2b: Cryogonal|69\/100|[from] Sandstorm\n|-damage|p2a: Murkrow|2\/100 psn|[from] psn\n|upkeep\n|turn|7\n|j| I like Glaceon yay\n|c| I like Glaceon yay|oh\n|inactive|bananaszn has 120 seconds left.\n|\n|t:|1700105084\n|-terastallize|p1b: ROOT BEER|Steel\n|move|p2b: Cryogonal|Frost Breath|p1b: ROOT BEER\n|-resisted|p1b: ROOT BEER\n|-crit|p1b: ROOT BEER\n|-damage|p1b: ROOT BEER|78\/100\n|move|p2a: Murkrow|Acrobatics|p1a: Nicki Minaj\n|-damage|p1a: Nicki Minaj|85\/100\n|move|p1b: ROOT BEER|Rock Slide|p2b: Cryogonal|[spread] p2a,p2b\n|-resisted|p2a: Murkrow\n|-supereffective|p2b: Cryogonal\n|-damage|p2a: Murkrow|0 fnt\n|-damage|p2b: Cryogonal|0 fnt\n|faint|p2a: Murkrow\n|faint|p2b: Cryogonal\n|move|p1a: Nicki Minaj|Icy Wind|p2: Murkrow|[notarget]\n|-fail|p1a: Nicki Minaj\n|\n|-weather|Sandstorm|[upkeep]\n|-heal|p1b: ROOT BEER|84\/100|[from] item: Leftovers\n|upkeep\n|-message|Marie Kong forfeited.\n|\n|win|bananaszn\n|raw|bananaszn's rating: 1341 &rarr; <strong>1360<\/strong><br \/>(+19 for winning)\n|raw|Marie Kong's rating: 1327 &rarr; <strong>1308<\/strong><br \/>(-19 for losing)\n|l|\u2606Marie Kong\n","uploadtime":1700105119,"views":8,"p1id":"bananaszn","p2id":"mariekong","formatid":"gen9doublesou","rating":1308,"private":0,"password":""}