{"id":"gen9doublesou-1980535715","p1":"dangledipipples","p2":"LonelyTurtle","format":"[Gen 9] Doubles OU","log":"|j|\u203ddangledipipples\n|j|\u2606LonelyTurtle\n|t:|1698794667\n|gametype|doubles\n|player|p1|dangledipipples|veteran|1389\n|player|p2|LonelyTurtle|2|1488\n|teamsize|p1|6\n|teamsize|p2|6\n|gen|9\n|tier|[Gen 9] Doubles OU\n|rated|\n|rule|Species Clause: Limit one of each Pok\u00e9mon\n|rule|OHKO Clause: OHKO moves are banned\n|rule|Evasion Moves Clause: Evasion moves are banned\n|rule|Gravity Sleep Clause: The combination of sleep-inducing moves with imperfect accuracy and Gravity or Gigantamax Orbeetle are banned\n|rule|Endless Battle Clause: Forcing endless battles is banned\n|rule|HP Percentage Mod: HP is shown in percentages\n|clearpoke\n|poke|p1|Poliwrath, F|\n|poke|p1|Pelipper, F|\n|poke|p1|Landorus-Therian, M|\n|poke|p1|Amoonguss, M|\n|poke|p1|Raichu, M|\n|poke|p1|Bronzong|\n|poke|p2|Ceruledge, M|\n|poke|p2|Ogerpon-Wellspring, F|\n|poke|p2|Roaring Moon|\n|poke|p2|Torkoal, F|\n|poke|p2|Iron Hands|\n|poke|p2|Flutter Mane|\n|teampreview\n|\n|t:|1698794677\n|start\n|switch|p1a: Amoonguss|Amoonguss, M, shiny|100\/100\n|switch|p1b: Poliwrath|Poliwrath, F|100\/100\n|switch|p2a: Iron Hands|Iron Hands|100\/100\n|switch|p2b: Ceruledge|Ceruledge, M|100\/100\n|turn|1\n|\n|t:|1698794713\n|switch|p1a: Pelipper|Pelipper, F|100\/100\n|-weather|RainDance|[from] ability: Drizzle|[of] p1a: Pelipper\n|move|p1b: Poliwrath|Protect|p1b: Poliwrath\n|-singleturn|p1b: Poliwrath|Protect\n|move|p2b: Ceruledge|Protect|p2b: Ceruledge\n|-singleturn|p2b: Ceruledge|Protect\n|move|p2a: Iron Hands|Wild Charge|p1b: Poliwrath\n|-activate|p1b: Poliwrath|move: Protect\n|\n|-weather|RainDance|[upkeep]\n|upkeep\n|turn|2\n|\n|t:|1698794730\n|switch|p1a: Raichu|Raichu, M, shiny|100\/100\n|-end|p2a: Iron Hands|Quark Drive|[silent]\n|switch|p2a: Torkoal|Torkoal, F|100\/100\n|-weather|SunnyDay|[from] ability: Drought|[of] p2a: Torkoal\n|move|p1b: Poliwrath|Belly Drum|p1b: Poliwrath\n|-damage|p1b: Poliwrath|50\/100\n|-setboost|p1b: Poliwrath|atk|6|[from] move: Belly Drum\n|-enditem|p1b: Poliwrath|Sitrus Berry|[eat]\n|-heal|p1b: Poliwrath|75\/100|[from] item: Sitrus Berry\n|move|p2b: Ceruledge|Swords Dance|p2b: Ceruledge\n|-boost|p2b: Ceruledge|atk|2\n|\n|-weather|SunnyDay|[upkeep]\n|upkeep\n|turn|3\n|\n|t:|1698794752\n|move|p2b: Ceruledge|Protect|p2b: Ceruledge\n|-singleturn|p2b: Ceruledge|Protect\n|move|p1a: Raichu|Rain Dance|p1a: Raichu\n|-weather|RainDance\n|move|p1b: Poliwrath|Liquidation|p2b: Ceruledge\n|-activate|p2b: Ceruledge|move: Protect\n|move|p2a: Torkoal|Yawn|p1b: Poliwrath\n|-start|p1b: Poliwrath|move: Yawn|[of] p2a: Torkoal\n|\n|-weather|RainDance|[upkeep]\n|upkeep\n|turn|4\n|\n|t:|1698794777\n|switch|p2b: Ogerpon|Ogerpon-Wellspring, F|100\/100\n|move|p1b: Poliwrath|Liquidation|p2a: Torkoal\n|-supereffective|p2a: Torkoal\n|-damage|p2a: Torkoal|0 fnt\n|faint|p2a: Torkoal\n|move|p1a: Raichu|Encore||[still]\n|-fail|p1a: Raichu\n|\n|-weather|RainDance|[upkeep]\n|-end|p1b: Poliwrath|move: Yawn|[silent]\n|-status|p1b: Poliwrath|slp\n|upkeep\n|\n|t:|1698794788\n|switch|p2a: Iron Hands|Iron Hands|100\/100\n|turn|5\n|\n|t:|1698794805\n|-terastallize|p1b: Poliwrath|Steel\n|cant|p1b: Poliwrath|slp\n|move|p1a: Raichu|Encore||[still]\n|-fail|p1a: Raichu\n|move|p2b: Ogerpon|Ivy Cudgel|p1a: Raichu\n|-enditem|p1a: Raichu|Focus Sash\n|-damage|p1a: Raichu|1\/100\n|move|p2a: Iron Hands|Wild Charge|p1a: Raichu\n|-activate|p1a: Raichu|ability: Lightning Rod\n|-ability|p1a: Raichu|Lightning Rod|boost\n|-boost|p1a: Raichu|spa|1\n|\n|-weather|RainDance|[upkeep]\n|upkeep\n|turn|6\n|\n|t:|1698794846\n|move|p2b: Ogerpon|Spiky Shield|p2b: Ogerpon\n|-singleturn|p2b: Ogerpon|move: Protect\n|cant|p1b: Poliwrath|slp\n|move|p1a: Raichu|Thunderbolt|p2b: Ogerpon\n|-activate|p2b: Ogerpon|move: Protect\n|move|p2a: Iron Hands|Drain Punch|p1a: Raichu\n|-damage|p1a: Raichu|0 fnt\n|faint|p1a: Raichu\n|\n|-weather|RainDance|[upkeep]\n|upkeep\n|\n|t:|1698794858\n|switch|p1a: Landorus|Landorus-Therian, M|100\/100\n|-ability|p1a: Landorus|Intimidate|boost\n|-unboost|p2a: Iron Hands|atk|1\n|-unboost|p2b: Ogerpon|atk|1\n|turn|7\n|\n|t:|1698794879\n|switch|p2b: Ceruledge|Ceruledge, M|100\/100\n|-curestatus|p1b: Poliwrath|slp|[msg]\n|move|p1b: Poliwrath|Drain Punch|p2b: Ceruledge\n|-immune|p2b: Ceruledge\n|move|p1a: Landorus|Earth Power|p2a: Iron Hands\n|-supereffective|p2a: Iron Hands\n|-damage|p2a: Iron Hands|48\/100\n|-damage|p1a: Landorus|91\/100|[from] item: Life Orb\n|move|p2a: Iron Hands|Drain Punch|p1b: Poliwrath\n|-supereffective|p1b: Poliwrath\n|-damage|p1b: Poliwrath|16\/100\n|-heal|p2a: Iron Hands|70\/100|[from] drain|[of] p1b: Poliwrath\n|\n|-weather|none\n|upkeep\n|turn|8\n|\n|t:|1698794912\n|move|p1b: Poliwrath|Protect|p1b: Poliwrath\n|-singleturn|p1b: Poliwrath|Protect\n|move|p2b: Ceruledge|Protect|p2b: Ceruledge\n|-singleturn|p2b: Ceruledge|Protect\n|move|p1a: Landorus|Earthquake|p2b: Ceruledge|[spread] p2a\n|-activate|p1b: Poliwrath|move: Protect\n|-activate|p2b: Ceruledge|move: Protect\n|-supereffective|p2a: Iron Hands\n|-damage|p2a: Iron Hands|10\/100\n|-damage|p1a: Landorus|81\/100|[from] item: Life Orb\n|move|p2a: Iron Hands|Drain Punch|p1b: Poliwrath\n|-activate|p1b: Poliwrath|move: Protect\n|\n|upkeep\n|turn|9\n|\n|t:|1698794949\n|switch|p2b: Ogerpon|Ogerpon-Wellspring, F|100\/100\n|-end|p2a: Iron Hands|Quark Drive|[silent]\n|switch|p2a: Flutter Mane|Flutter Mane|100\/100\n|move|p1a: Landorus|Earth Power|p2b: Ogerpon\n|-resisted|p2b: Ogerpon\n|-damage|p2b: Ogerpon|85\/100\n|-unboost|p2b: Ogerpon|spd|1\n|-damage|p1a: Landorus|71\/100|[from] item: Life Orb\n|move|p1b: Poliwrath|Drain Punch|p2a: Flutter Mane\n|-immune|p2a: Flutter Mane\n|\n|upkeep\n|turn|10\n|\n|t:|1698794975\n|switch|p1a: Pelipper|Pelipper, F|100\/100\n|-weather|RainDance|[from] ability: Drizzle|[of] p1a: Pelipper\n|move|p1b: Poliwrath|Drain Punch|p2b: Ogerpon\n|-damage|p2b: Ogerpon|0 fnt\n|-heal|p1b: Poliwrath|60\/100|[from] drain|[of] p2b: Ogerpon\n|faint|p2b: Ogerpon\n|move|p2a: Flutter Mane|Shadow Ball|p1b: Poliwrath\n|-damage|p1b: Poliwrath|8\/100\n|\n|-weather|RainDance|[upkeep]\n|upkeep\n|\n|t:|1698794989\n|switch|p2b: Iron Hands|Iron Hands|10\/100\n|turn|11\n|\n|t:|1698795014\n|move|p1b: Poliwrath|Protect|p1b: Poliwrath\n|-singleturn|p1b: Poliwrath|Protect\n|move|p2b: Iron Hands|Fake Out|p1b: Poliwrath\n|-activate|p1b: Poliwrath|move: Protect\n|move|p2a: Flutter Mane|Energy Ball|p1a: Pelipper\n|-damage|p1a: Pelipper|50\/100\n|move|p1a: Pelipper|Tailwind|p1a: Pelipper\n|-sidestart|p1: dangledipipples|move: Tailwind\n|\n|-weather|RainDance|[upkeep]\n|upkeep\n|turn|12\n|\n|t:|1698795031\n|move|p2a: Flutter Mane|Protect|p2a: Flutter Mane\n|-singleturn|p2a: Flutter Mane|Protect\n|move|p1b: Poliwrath|Liquidation|p2a: Flutter Mane\n|-activate|p2a: Flutter Mane|move: Protect\n|move|p1a: Pelipper|Weather Ball|p2b: Iron Hands\n|-damage|p2b: Iron Hands|0 fnt\n|faint|p2b: Iron Hands\n|-end|p2b: Iron Hands|Quark Drive|[silent]\n|\n|-weather|RainDance|[upkeep]\n|upkeep\n|\n|t:|1698795041\n|switch|p2b: Ceruledge|Ceruledge, M|100\/100\n|turn|13\n|\n|t:|1698795046\n|move|p2b: Ceruledge|Shadow Sneak|p1b: Poliwrath\n|-damage|p1b: Poliwrath|0 fnt\n|faint|p1b: Poliwrath\n|move|p1a: Pelipper|Weather Ball|p2b: Ceruledge\n|-supereffective|p2b: Ceruledge\n|-damage|p2b: Ceruledge|0 fnt\n|faint|p2b: Ceruledge\n|move|p2a: Flutter Mane|Dazzling Gleam|p1a: Pelipper\n|-damage|p1a: Pelipper|0 fnt\n|faint|p1a: Pelipper\n|\n|-weather|RainDance|[upkeep]\n|upkeep\n|\n|t:|1698795058\n|switch|p1b: Landorus|Landorus-Therian, M|71\/100\n|switch|p1a: Bronzong|Bronzong|100\/100\n|switch|p2b: Roaring Moon|Roaring Moon|100\/100\n|-ability|p1b: Landorus|Intimidate|boost\n|-unboost|p2a: Flutter Mane|atk|1\n|-unboost|p2b: Roaring Moon|atk|1\n|turn|14\n|\n|t:|1698795079\n|move|p1b: Landorus|Earthquake|p2a: Flutter Mane|[spread] p2a,p2b\n|-immune|p1a: Bronzong|[from] ability: Levitate\n|-enditem|p2a: Flutter Mane|Focus Sash\n|-damage|p2a: Flutter Mane|1\/100\n|-damage|p2b: Roaring Moon|36\/100\n|-damage|p1b: Landorus|62\/100|[from] item: Life Orb\n|move|p2b: Roaring Moon|Knock Off|p1b: Landorus\n|-damage|p1b: Landorus|0 fnt\n|-enditem|p1b: Landorus|Life Orb|[from] move: Knock Off|[of] p2b: Roaring Moon\n|faint|p1b: Landorus\n|move|p2a: Flutter Mane|Shadow Ball|p1a: Bronzong\n|-supereffective|p1a: Bronzong\n|-damage|p1a: Bronzong|24\/100\n|-unboost|p1a: Bronzong|spd|1\n|move|p1a: Bronzong|Trick Room|p1a: Bronzong\n|-fieldstart|move: Trick Room|[of] p1a: Bronzong\n|\n|-weather|none\n|-sideend|p1: dangledipipples|move: Tailwind\n|upkeep\n|\n|t:|1698795096\n|switch|p1b: Amoonguss|Amoonguss, M, shiny|100\/100\n|turn|15\n|\n|t:|1698795110\n|move|p1b: Amoonguss|Giga Drain|p2a: Flutter Mane\n|-damage|p2a: Flutter Mane|0 fnt\n|faint|p2a: Flutter Mane\n|-end|p2a: Flutter Mane|Protosynthesis|[silent]\n|move|p1a: Bronzong|Body Press|p2b: Roaring Moon\n|-supereffective|p2b: Roaring Moon\n|-damage|p2b: Roaring Moon|0 fnt\n|faint|p2b: Roaring Moon\n|-end|p2b: Roaring Moon|Protosynthesis|[silent]\n|\n|win|dangledipipples\n|raw|dangledipipples's rating: 1389 &rarr; <strong>1415<\/strong><br \/>(+26 for winning)\n|raw|LonelyTurtle's rating: 1488 &rarr; <strong>1462<\/strong><br \/>(-26 for losing)\n|l|\u2606LonelyTurtle\n","uploadtime":1698795129,"views":21,"p1id":"dangledipipples","p2id":"lonelyturtle","formatid":"gen9doublesou","rating":1415,"private":0,"password":""}