{"id":"gen9doublesou-1995985411","p1":"holidayhero10","p2":"Mysticalgenieman","format":"[Gen 9] Doubles OU","log":"|j|\u2606holidayhero10\n|j|\u2606Mysticalgenieman\n|t:|1700625464\n|gametype|doubles\n|player|p1|holidayhero10|2|1158\n|player|p2|Mysticalgenieman|169|1199\n|teamsize|p1|6\n|teamsize|p2|6\n|gen|9\n|tier|[Gen 9] Doubles OU\n|rated|\n|rule|Species Clause: Limit one of each Pok\u00e9mon\n|rule|OHKO Clause: OHKO moves are banned\n|rule|Evasion Moves Clause: Evasion moves are banned\n|rule|Gravity Sleep Clause: The combination of sleep-inducing moves with imperfect accuracy and Gravity or Gigantamax Orbeetle are banned\n|rule|Endless Battle Clause: Forcing endless battles is banned\n|rule|HP Percentage Mod: HP is shown in percentages\n|clearpoke\n|poke|p1|Maushold-Four|\n|poke|p1|Enamorus, F|\n|poke|p1|Hatterene, F|\n|poke|p1|Empoleon, M|\n|poke|p1|Grimmsnarl, M|\n|poke|p1|Kingambit, M|\n|poke|p2|Sinistcha|\n|poke|p2|Moltres-Galar|\n|poke|p2|Scizor, M|\n|poke|p2|Clefable, M|\n|poke|p2|Armarouge, F|\n|poke|p2|Milotic, F|\n|teampreview\n|inactive|Battle timer is ON: inactive players will automatically lose when time's up. (requested by holidayhero10)\n|\n|t:|1700625497\n|start\n|switch|p1a: Hatterene|Hatterene, F|100\/100\n|switch|p1b: Empoleon|Empoleon, M|100\/100\n|switch|p2a: Milotic|Milotic, F|100\/100\n|switch|p2b: Moltres|Moltres-Galar|100\/100\n|turn|1\n|c|\u2606holidayhero10|!data moltres galar\n|raw|<div class=\"message\"><ul class=\"utilichart\"><li class=\"result\"><span class=\"col numcol\">(DUU)<\/span> <span class=\"col iconcol\"><psicon pokemon=\"moltresgalar\"\/><\/span> <span class=\"col pokemonnamecol\" style=\"white-space:nowrap\"><a href=\"https:\/\/dex.pokemonshowdown.com\/pokemon\/moltresgalar\" target=\"_blank\">Moltres-Galar<\/a><\/span> <span class=\"col typecol\"><img src=\"https:\/\/play.pokemonshowdown.com\/sprites\/types\/Dark.png\" alt=\"Dark\" height=\"14\" width=\"32\"><img src=\"https:\/\/play.pokemonshowdown.com\/sprites\/types\/Flying.png\" alt=\"Flying\" height=\"14\" width=\"32\"><\/span> <span style=\"float:left;min-height:26px\"><span class=\"col abilitycol\">Berserk<\/span><span class=\"col abilitycol\"><\/span><\/span><span style=\"float:left;min-height:26px\"><span class=\"col statcol\"><em>HP<\/em><br \/>90<\/span> <span class=\"col statcol\"><em>Atk<\/em><br \/>85<\/span> <span class=\"col statcol\"><em>Def<\/em><br \/>90<\/span> <span class=\"col statcol\"><em>SpA<\/em><br \/>100<\/span> <span class=\"col statcol\"><em>SpD<\/em><br \/>125<\/span> <span class=\"col statcol\"><em>Spe<\/em><br \/>90<\/span> <span class=\"col bstcol\"><em>BST<br \/>580<\/em><\/span> <\/span><\/li><li style=\"clear:both\"><\/li><\/ul><\/div>\n\n|inactive|holidayhero10 has 120 seconds left.\n|\n|t:|1700625530\n|move|p1b: Empoleon|Protect|p1b: Empoleon\n|-singleturn|p1b: Empoleon|Protect\n|move|p2b: Moltres|Fiery Wrath|p1b: Empoleon|[spread] p1a\n|-activate|p1b: Empoleon|move: Protect\n|-damage|p1a: Hatterene|84\/100\n|move|p2a: Milotic|Hydro Pump|p1a: Hatterene\n|-damage|p1a: Hatterene|57\/100\n|move|p1a: Hatterene|Trick Room|p1a: Hatterene\n|-fieldstart|move: Trick Room|[of] p1a: Hatterene\n|\n|upkeep\n|turn|2\n|c|\u2606holidayhero10|!data berserk\n|raw|<ul class=\"utilichart\"><li class=\"result\"><span class=\"col namecol\"><a href=\"https:\/\/dex.pokemonshowdown.com\/abilities\/berserk\">Berserk<\/a><\/span> <span class=\"col abilitydesccol\">This Pokemon's Sp. Atk is raised by 1 when it reaches 1\/2 or less of its max HP.<\/span> <\/li><li style=\"clear:both\"><\/li><\/ul>\n\n|inactive|holidayhero10 has 120 seconds left.\n|\n|t:|1700625563\n|switch|p2b: Clefable|Clefable, M|100\/100\n|move|p1a: Hatterene|Skill Swap|p2b: Clefable\n|-activate|p1a: Hatterene|move: Skill Swap|Unaware|Magic Bounce|[of] p2b: Clefable\n|move|p1b: Empoleon|Charm|p2b: Clefable\n|move|p2b: Clefable|Charm|p1b: Empoleon|[from]ability: Magic Bounce\n|-unboost|p1b: Empoleon|atk|2\n|-ability|p1b: Empoleon|Competitive|boost\n|-boost|p1b: Empoleon|spa|2\n|move|p2a: Milotic|Dragon Tail|p1b: Empoleon\n|-resisted|p1b: Empoleon\n|-damage|p1b: Empoleon|95\/100\n|drag|p1b: Maushold|Maushold-Four|100\/100\n|\n|upkeep\n|turn|3\n|inactive|holidayhero10 has 120 seconds left.\n|inactive|Mysticalgenieman has 120 seconds left.\n|\n|t:|1700625604\n|switch|p1a: Empoleon|Empoleon, M|95\/100\n|move|p2b: Clefable|Fake Tears|p1a: Empoleon\n|-unboost|p1a: Empoleon|spd|2\n|-ability|p1a: Empoleon|Competitive|boost\n|-boost|p1a: Empoleon|spa|2\n|move|p1b: Maushold|Substitute|p1b: Maushold\n|-start|p1b: Maushold|Substitute\n|-damage|p1b: Maushold|76\/100\n|move|p2a: Milotic|Dragon Tail|p1b: Maushold\n|-activate|p1b: Maushold|move: Substitute|[damage]\n|\n|-heal|p1a: Empoleon|100\/100|[from] item: Leftovers\n|upkeep\n|turn|4\n|inactive|holidayhero10 has 120 seconds left.\n|inactive|Mysticalgenieman has 120 seconds left.\n|\n|t:|1700625634\n|move|p1a: Empoleon|Protect|p1a: Empoleon\n|-singleturn|p1a: Empoleon|Protect\n|move|p2a: Milotic|Mud Shot|p1a: Empoleon\n|-activate|p1a: Empoleon|move: Protect\n|move|p2b: Clefable|Icy Wind|p1b: Maushold|[spread] p1b\n|-activate|p1a: Empoleon|move: Protect\n|-end|p1b: Maushold|Substitute\n|move|p1b: Maushold|Bullet Seed|p2a: Milotic\n|-supereffective|p2a: Milotic\n|-damage|p2a: Milotic|86\/100\n|-supereffective|p2a: Milotic\n|-damage|p2a: Milotic|73\/100\n|-supereffective|p2a: Milotic\n|-crit|p2a: Milotic\n|-damage|p2a: Milotic|53\/100\n|-supereffective|p2a: Milotic\n|-crit|p2a: Milotic\n|-damage|p2a: Milotic|35\/100\n|-supereffective|p2a: Milotic\n|-damage|p2a: Milotic|22\/100\n|-hitcount|p2a: Milotic|5\n|\n|upkeep\n|turn|5\n|inactive|holidayhero10 has 120 seconds left.\n|inactive|holidayhero10 has 90 seconds left.\n|\n|t:|1700625676\n|move|p2a: Milotic|Mud Shot|p1a: Empoleon\n|-supereffective|p1a: Empoleon\n|-damage|p1a: Empoleon|53\/100\n|-unboost|p1a: Empoleon|spe|1\n|-ability|p1a: Empoleon|Competitive|boost\n|-boost|p1a: Empoleon|spa|2\n|move|p1a: Empoleon|Surf|p2b: Clefable|[spread] p1b,p2a,p2b\n|-resisted|p2a: Milotic\n|-damage|p1b: Maushold|0 fnt\n|-damage|p2a: Milotic|0 fnt\n|-damage|p2b: Clefable|37\/100\n|faint|p1b: Maushold\n|faint|p2a: Milotic\n|move|p2b: Clefable|Heal Pulse|p2: Milotic|[notarget]\n|-fail|p2b: Clefable\n|\n|-heal|p1a: Empoleon|59\/100|[from] item: Leftovers\n|-fieldend|move: Trick Room\n|upkeep\n|\n|t:|1700625700\n|switch|p1b: Hatterene|Hatterene, F|57\/100\n|switch|p2a: Sinistcha|Sinistcha|100\/100\n|-heal|p2b: Clefable|62\/100|[from] ability: Hospitality|[of] p2a: Sinistcha\n|turn|6\n|inactive|holidayhero10 has 120 seconds left.\n|\n|t:|1700625716\n|move|p1a: Empoleon|Protect|p1a: Empoleon\n|-singleturn|p1a: Empoleon|Protect\n|move|p2b: Clefable|Follow Me|p2b: Clefable\n|-singleturn|p2b: Clefable|move: Follow Me\n|move|p2a: Sinistcha|Matcha Gotcha|p1b: Hatterene|[spread] p1b\n|-activate|p1a: Empoleon|move: Protect\n|-damage|p1b: Hatterene|32\/100\n|-status|p1b: Hatterene|brn\n|move|p1b: Hatterene|Trick Room|p1b: Hatterene\n|-fieldstart|move: Trick Room|[of] p1b: Hatterene\n|\n|-heal|p1a: Empoleon|65\/100|[from] item: Leftovers\n|-damage|p1b: Hatterene|26\/100 brn|[from] brn\n|upkeep\n|turn|7\n|inactive|holidayhero10 has 120 seconds left.\n|\n|t:|1700625749\n|switch|p1b: Kingambit|Kingambit, M|100\/100\n|move|p1a: Empoleon|Surf|p2a: Sinistcha|[spread] p1b,p2a,p2b\n|-resisted|p2a: Sinistcha\n|-damage|p1b: Kingambit|9\/100\n|-damage|p2a: Sinistcha|61\/100\n|-damage|p2b: Clefable|0 fnt\n|faint|p2b: Clefable\n|move|p2a: Sinistcha|Matcha Gotcha|p1a: Empoleon|[spread] p1a,p1b\n|-resisted|p1b: Kingambit\n|-damage|p1a: Empoleon|7\/100\n|-heal|p2a: Sinistcha|92\/100|[from] drain|[of] p1a: Empoleon\n|-damage|p1b: Kingambit|0 fnt\n|-heal|p2a: Sinistcha|96\/100|[from] drain|[of] p1b: Kingambit\n|faint|p1b: Kingambit\n|\n|-heal|p1a: Empoleon|13\/100|[from] item: Leftovers\n|upkeep\n|\n|t:|1700625770\n|switch|p1b: Hatterene|Hatterene, F|26\/100 brn\n|switch|p2b: Scizor|Scizor, M|100\/100\n|turn|8\n|\n|t:|1700625793\n|move|p1a: Empoleon|Protect|p1a: Empoleon\n|-singleturn|p1a: Empoleon|Protect\n|move|p2b: Scizor|Bullet Punch|p1a: Empoleon\n|-activate|p1a: Empoleon|move: Protect\n|move|p1b: Hatterene|Life Dew|p1b: Hatterene|[spread] p1a,p1b\n|-heal|p1a: Empoleon|38\/100\n|-heal|p1b: Hatterene|51\/100 brn\n|move|p2a: Sinistcha|Matcha Gotcha|p1a: Empoleon|[spread] p1b\n|-activate|p1a: Empoleon|move: Protect\n|-damage|p1b: Hatterene|25\/100 brn\n|-heal|p2a: Sinistcha|100\/100|[from] drain|[of] p1b: Hatterene\n|-enditem|p1b: Hatterene|Aguav Berry|[eat]\n|-heal|p1b: Hatterene|59\/100 brn|[from] item: Aguav Berry\n|\n|-heal|p1a: Empoleon|44\/100|[from] item: Leftovers\n|-damage|p1b: Hatterene|53\/100 brn|[from] brn\n|upkeep\n|turn|9\n|inactive|holidayhero10 has 120 seconds left.\n|\n|t:|1700625843\n|-terastallize|p1a: Empoleon|Fighting\n|move|p2b: Scizor|Bullet Punch|p1b: Hatterene\n|-supereffective|p1b: Hatterene\n|-damage|p1b: Hatterene|0 fnt\n|faint|p1b: Hatterene\n|move|p1a: Empoleon|Tera Blast|p2b: Scizor|[anim] Tera Blast Fighting\n|-damage|p2b: Scizor|0 fnt\n|faint|p2b: Scizor\n|move|p2a: Sinistcha|Matcha Gotcha|p1a: Empoleon\n|-damage|p1a: Empoleon|0 fnt\n|faint|p1a: Empoleon\n|\n|upkeep\n|\n|t:|1700625859\n|switch|p1b: Grimmsnarl|Grimmsnarl, M|100\/100\n|switch|p1a: Enamorus|Enamorus, F|100\/100\n|switch|p2b: Moltres|Moltres-Galar|100\/100\n|turn|10\n|\n|t:|1700625872\n|switch|p2b: Armarouge|Armarouge, F|100\/100\n|move|p1b: Grimmsnarl|Fake Out|p2b: Armarouge\n|-damage|p2b: Armarouge|93\/100\n|-damage|p1b: Grimmsnarl|84\/100|[from] item: Rocky Helmet|[of] p2b: Armarouge\n|move|p2a: Sinistcha|Matcha Gotcha|p1b: Grimmsnarl|[spread] p1a,p1b\n|-resisted|p1a: Enamorus\n|-damage|p1a: Enamorus|81\/100\n|-damage|p1b: Grimmsnarl|60\/100\n|move|p1a: Enamorus|Mystical Fire|p2a: Sinistcha\n|-supereffective|p2a: Sinistcha\n|-damage|p2a: Sinistcha|53\/100\n|-unboost|p2a: Sinistcha|spa|1\n|\n|-fieldend|move: Trick Room\n|upkeep\n|turn|11\n|\n|t:|1700625901\n|switch|p2a: Moltres|Moltres-Galar|100\/100\n|move|p1b: Grimmsnarl|Confide|p2b: Armarouge\n|-unboost|p2b: Armarouge|spa|1\n|move|p1a: Enamorus|Springtide Storm|p2a: Moltres|[spread] p2a,p2b\n|-supereffective|p2a: Moltres\n|-resisted|p2b: Armarouge\n|-damage|p2a: Moltres|41\/100\n|-damage|p2b: Armarouge|70\/100\n|-unboost|p2a: Moltres|atk|1\n|-ability|p2a: Moltres|Berserk|boost\n|-boost|p2a: Moltres|spa|1\n|move|p2b: Armarouge|Acid Spray|p1a: Enamorus\n|-supereffective|p1a: Enamorus\n|-damage|p1a: Enamorus|62\/100\n|-boost|p1a: Enamorus|spd|2\n|\n|-heal|p2a: Moltres|47\/100|[from] item: Leftovers\n|upkeep\n|turn|12\n|inactive|Mysticalgenieman has 120 seconds left.\n|\n|t:|1700625933\n|move|p2b: Armarouge|Wide Guard|p2b: Armarouge\n|-singleturn|p2b: Armarouge|Wide Guard\n|move|p1b: Grimmsnarl|Confide|p2a: Moltres\n|-hint|Since gen 7, Dark is immune to Prankster moves.\n|-immune|p2a: Moltres\n|move|p1a: Enamorus|Springtide Storm|p2b: Armarouge|[spread] \n|-activate|p2a: Moltres|move: Wide Guard\n|-activate|p2b: Armarouge|move: Wide Guard\n|move|p2a: Moltres|Agility|p2a: Moltres\n|-boost|p2a: Moltres|spe|2\n|\n|-heal|p2a: Moltres|53\/100|[from] item: Leftovers\n|upkeep\n|turn|13\n|inactive|Mysticalgenieman has 120 seconds left.\n|\n|t:|1700625972\n|switch|p2b: Sinistcha|Sinistcha|53\/100\n|-heal|p2a: Moltres|78\/100|[from] ability: Hospitality|[of] p2b: Sinistcha\n|move|p1b: Grimmsnarl|Confide|p2b: Sinistcha\n|-unboost|p2b: Sinistcha|spa|1\n|move|p2a: Moltres|Fiery Wrath|p1a: Enamorus|[spread] p1a,p1b\n|-resisted|p1a: Enamorus\n|-resisted|p1b: Grimmsnarl\n|-damage|p1a: Enamorus|52\/100\n|-damage|p1b: Grimmsnarl|54\/100\n|move|p1a: Enamorus|Tera Blast|p2a: Moltres\n|-damage|p2a: Moltres|56\/100\n|\n|-heal|p2a: Moltres|62\/100|[from] item: Leftovers\n|upkeep\n|turn|14\n|inactive|Mysticalgenieman has 120 seconds left.\n|\n|t:|1700626003\n|move|p1b: Grimmsnarl|Confide|p2b: Sinistcha\n|-unboost|p2b: Sinistcha|spa|1\n|move|p2a: Moltres|Taunt|p1b: Grimmsnarl\n|-start|p1b: Grimmsnarl|move: Taunt\n|move|p1a: Enamorus|Mystical Fire|p2a: Moltres\n|-damage|p2a: Moltres|42\/100\n|-unboost|p2a: Moltres|spa|1\n|-ability|p2a: Moltres|Berserk|boost\n|-boost|p2a: Moltres|spa|1\n|move|p2b: Sinistcha|Matcha Gotcha|p1b: Grimmsnarl|[spread] p1b\n|-miss|p2b: Sinistcha|p1a: Enamorus\n|-crit|p1b: Grimmsnarl\n|-damage|p1b: Grimmsnarl|18\/100\n|-heal|p2b: Sinistcha|73\/100|[from] drain|[of] p1b: Grimmsnarl\n|\n|-heal|p2a: Moltres|48\/100|[from] item: Leftovers\n|upkeep\n|turn|15\n|inactive|Mysticalgenieman has 120 seconds left.\n|c|\u2606holidayhero10|gg\n|\n|t:|1700626026\n|switch|p2b: Armarouge|Armarouge, F|70\/100\n|move|p1b: Grimmsnarl|Fake Out||[still]\n|-hint|Fake Out only works on your first turn out.\n|-fail|p1b: Grimmsnarl\n|move|p2a: Moltres|Fiery Wrath|p1a: Enamorus|[spread] p1a,p1b\n|-resisted|p1a: Enamorus\n|-resisted|p1b: Grimmsnarl\n|-damage|p1a: Enamorus|41\/100\n|-damage|p1b: Grimmsnarl|11\/100\n|-enditem|p1a: Enamorus|Sitrus Berry|[eat]\n|-heal|p1a: Enamorus|66\/100|[from] item: Sitrus Berry\n|move|p1a: Enamorus|Mystical Fire|p2a: Moltres\n|-damage|p2a: Moltres|27\/100\n|-unboost|p2a: Moltres|spa|1\n|\n|-heal|p2a: Moltres|34\/100|[from] item: Leftovers\n|upkeep\n|turn|16\n|inactive|Mysticalgenieman has 120 seconds left.\n|\n|t:|1700626046\n|switch|p2b: Sinistcha|Sinistcha|73\/100\n|-heal|p2a: Moltres|59\/100|[from] ability: Hospitality|[of] p2b: Sinistcha\n|move|p1b: Grimmsnarl|Fake Out||[still]\n|-hint|Fake Out only works on your first turn out.\n|-fail|p1b: Grimmsnarl\n|move|p2a: Moltres|Fiery Wrath|p1b: Grimmsnarl|[spread] p1a,p1b\n|-resisted|p1a: Enamorus\n|-resisted|p1b: Grimmsnarl\n|-damage|p1a: Enamorus|59\/100\n|-damage|p1b: Grimmsnarl|6\/100\n|move|p1a: Enamorus|Springtide Storm|p2b: Sinistcha|[spread] p2a,p2b\n|-supereffective|p2a: Moltres\n|-crit|p2a: Moltres\n|-damage|p2a: Moltres|0 fnt\n|-damage|p2b: Sinistcha|41\/100\n|faint|p2a: Moltres\n|\n|upkeep\n|c|\u2606holidayhero10|oh\n|\n|t:|1700626061\n|switch|p2a: Armarouge|Armarouge, F|70\/100\n|turn|17\n|\n|t:|1700626074\n|move|p2a: Armarouge|Wide Guard|p2a: Armarouge\n|-singleturn|p2a: Armarouge|Wide Guard\n|move|p1b: Grimmsnarl|Fake Out||[still]\n|-hint|Fake Out only works on your first turn out.\n|-fail|p1b: Grimmsnarl\n|move|p1a: Enamorus|Springtide Storm|p2b: Sinistcha|[spread] \n|-activate|p2a: Armarouge|move: Wide Guard\n|-activate|p2b: Sinistcha|move: Wide Guard\n|move|p2b: Sinistcha|Matcha Gotcha|p1b: Grimmsnarl|[spread] p1a,p1b\n|-resisted|p1a: Enamorus\n|-damage|p1a: Enamorus|49\/100\n|-heal|p2b: Sinistcha|46\/100|[from] drain|[of] p1a: Enamorus\n|-damage|p1b: Grimmsnarl|0 fnt\n|-heal|p2b: Sinistcha|49\/100|[from] drain|[of] p1b: Grimmsnarl\n|faint|p1b: Grimmsnarl\n|\n|upkeep\n|turn|18\n|inactive|Mysticalgenieman has 120 seconds left.\n|inactive|Mysticalgenieman has 90 seconds left.\n|\n|t:|1700626136\n|move|p2a: Armarouge|Ally Switch||[still]\n|-fail|p2a: Armarouge\n|move|p1a: Enamorus|Mystical Fire|p2b: Sinistcha\n|-supereffective|p2b: Sinistcha\n|-damage|p2b: Sinistcha|5\/100\n|-unboost|p2b: Sinistcha|spa|1\n|move|p2b: Sinistcha|Matcha Gotcha|p1a: Enamorus\n|-resisted|p1a: Enamorus\n|-damage|p1a: Enamorus|40\/100\n|-heal|p2b: Sinistcha|10\/100|[from] drain|[of] p1a: Enamorus\n|\n|upkeep\n|turn|19\n|\n|t:|1700626151\n|move|p2a: Armarouge|Ally Switch|p2a: Armarouge\n|swap|p2a: Armarouge|1|[from] move: Ally Switch\n|move|p1a: Enamorus|Mystical Fire|p2b: Armarouge\n|-start|p2b: Armarouge|ability: Flash Fire\n|move|p2a: Sinistcha|Shadow Ball|p1a: Enamorus\n|-damage|p1a: Enamorus|24\/100\n|-boost|p1a: Enamorus|spd|1\n|\n|upkeep\n|turn|20\n|inactive|Mysticalgenieman has 120 seconds left.\n|inactive|Mysticalgenieman has 90 seconds left.\n|\n|t:|1700626191\n|move|p1a: Enamorus|Springtide Storm|p2a: Sinistcha|[spread] p2a\n|-miss|p1a: Enamorus|p2b: Armarouge\n|-damage|p2a: Sinistcha|0 fnt\n|faint|p2a: Sinistcha\n|move|p2b: Armarouge|Mystical Fire|p1a: Enamorus\n|-damage|p1a: Enamorus|3\/100\n|-boost|p1a: Enamorus|spa|1\n|\n|upkeep\n|turn|21\n|c|\u2606holidayhero10|gg\n|c|\u2606holidayhero10|wp\n|\n|t:|1700626208\n|move|p1a: Enamorus|Tera Blast|p2b: Armarouge\n|-damage|p2b: Armarouge|18\/100\n|move|p2b: Armarouge|Acid Spray|p1a: Enamorus\n|-supereffective|p1a: Enamorus\n|-damage|p1a: Enamorus|0 fnt\n|faint|p1a: Enamorus\n|\n|win|Mysticalgenieman\n|raw|holidayhero10's rating: 1158 &rarr; <strong>1136<\/strong><br \/>(-22 for losing)\n|raw|Mysticalgenieman's rating: 1199 &rarr; <strong>1221<\/strong><br \/>(+22 for winning)\n","uploadtime":1700626216,"views":8,"p1id":"holidayhero10","p2id":"mysticalgenieman","formatid":"gen9doublesou","rating":1136,"private":0,"password":""}