{"id":"gen9doublesou-1970508223","p1":"Ravvenn98","p2":"JordiDaMaster","format":"[Gen 9] Doubles OU","log":"|j|\u2606Ravvenn98\n|j|\u2606JordiDaMaster\n|t:|1697644416\n|gametype|doubles\n|player|p1|Ravvenn98|steven|1095\n|player|p2|JordiDaMaster|koga|1071\n|teamsize|p1|6\n|teamsize|p2|6\n|gen|9\n|tier|[Gen 9] Doubles OU\n|rated|\n|rule|Species Clause: Limit one of each Pok\u00e9mon\n|rule|OHKO Clause: OHKO moves are banned\n|rule|Evasion Moves Clause: Evasion moves are banned\n|rule|Gravity Sleep Clause: The combination of sleep-inducing moves with imperfect accuracy and Gravity or Gigantamax Orbeetle are banned\n|rule|Endless Battle Clause: Forcing endless battles is banned\n|rule|HP Percentage Mod: HP is shown in percentages\n|clearpoke\n|poke|p1|Gholdengo|\n|poke|p1|Quagsire, M|\n|poke|p1|Dipplin, M|\n|poke|p1|Tornadus, M|\n|poke|p1|Chien-Pao|\n|poke|p1|Volcanion|\n|poke|p2|Chien-Pao|\n|poke|p2|Gholdengo|\n|poke|p2|Tyranitar, M|\n|poke|p2|Amoonguss, M|\n|poke|p2|Cresselia, F|\n|poke|p2|Walking Wake|\n|teampreview\n|\n|t:|1697644426\n|start\n|switch|p1a: Quagsire|Quagsire, M|100\/100\n|switch|p1b: Tornadus|Tornadus, M|100\/100\n|switch|p2a: Tyranitar|Tyranitar, M|100\/100\n|switch|p2b: Cresselia|Cresselia, F|100\/100\n|-weather|Sandstorm|[from] ability: Sand Stream|[of] p2a: Tyranitar\n|turn|1\n|\n|t:|1697644444\n|move|p2b: Cresselia|Ally Switch|p2b: Cresselia\n|swap|p2b: Cresselia|0|[from] move: Ally Switch\n|move|p1b: Tornadus|Swagger|p1a: Quagsire\n|-boost|p1a: Quagsire|atk|2\n|-start|p1a: Quagsire|confusion\n|-enditem|p1a: Quagsire|Lum Berry|[eat]\n|-end|p1a: Quagsire|confusion\n|move|p2b: Tyranitar|Stealth Rock|p1a: Quagsire\n|-sidestart|p1: Ravvenn98|move: Stealth Rock\n|move|p1a: Quagsire|Aqua Tail|p2a: Cresselia\n|-damage|p2a: Cresselia|59\/100\n|\n|-weather|Sandstorm|[upkeep]\n|-damage|p1b: Tornadus|94\/100|[from] Sandstorm\n|-damage|p2a: Cresselia|53\/100|[from] Sandstorm\n|upkeep\n|turn|2\n|\n|t:|1697644466\n|switch|p2b: Amoonguss|Amoonguss, M|100\/100\n|-singleturn|p1a: Quagsire|move: Focus Punch\n|move|p1b: Tornadus|Bleakwind Storm|p2b: Amoonguss|[spread] p2a,p2b\n|-supereffective|p2b: Amoonguss\n|-damage|p2a: Cresselia|34\/100\n|-damage|p2b: Amoonguss|45\/100\n|move|p2a: Cresselia|Lunar Blessing|p2a: Cresselia|[spread] p2a,p2b\n|-heal|p2a: Cresselia|59\/100\n|-heal|p2b: Amoonguss|70\/100\n|move|p1a: Quagsire|Focus Punch|p2b: Amoonguss\n|-resisted|p2b: Amoonguss\n|-damage|p2b: Amoonguss|42\/100\n|\n|-weather|Sandstorm|[upkeep]\n|-damage|p1b: Tornadus|88\/100|[from] Sandstorm\n|-damage|p2a: Cresselia|53\/100|[from] Sandstorm\n|-damage|p2b: Amoonguss|36\/100|[from] Sandstorm\n|-heal|p2b: Amoonguss|42\/100|[from] item: Black Sludge\n|upkeep\n|turn|3\n|\n|t:|1697644487\n|move|p1b: Tornadus|Bleakwind Storm|p2b: Amoonguss|[spread] p2a,p2b\n|-supereffective|p2b: Amoonguss\n|-damage|p2a: Cresselia|31\/100\n|-damage|p2b: Amoonguss|0 fnt\n|-unboost|p2a: Cresselia|spe|1\n|faint|p2b: Amoonguss\n|move|p2a: Cresselia|Lunar Blessing|p2a: Cresselia\n|-heal|p2a: Cresselia|56\/100\n|move|p1a: Quagsire|Ice Punch|p2a: Cresselia\n|-damage|p2a: Cresselia|32\/100\n|\n|-weather|Sandstorm|[upkeep]\n|-damage|p1b: Tornadus|82\/100|[from] Sandstorm\n|-damage|p2a: Cresselia|26\/100|[from] Sandstorm\n|upkeep\n|\n|t:|1697644501\n|switch|p2b: Tyranitar|Tyranitar, M|100\/100\n|turn|4\n|\n|t:|1697644508\n|move|p1b: Tornadus|Bleakwind Storm|p2a: Cresselia|[spread] p2a\n|-miss|p1b: Tornadus|p2b: Tyranitar\n|-damage|p2a: Cresselia|6\/100\n|move|p2b: Tyranitar|Earthquake|p1b: Tornadus|[spread] p1a\n|-immune|p2a: Cresselia|[from] ability: Levitate\n|-immune|p1b: Tornadus\n|-damage|p1a: Quagsire|77\/100\n|move|p2a: Cresselia|Lunar Blessing|p2a: Cresselia|[spread] p2a,p2b\n|-heal|p2a: Cresselia|31\/100\n|move|p1a: Quagsire|Aqua Tail|p2a: Cresselia\n|-damage|p2a: Cresselia|0 fnt\n|faint|p2a: Cresselia\n|\n|-weather|Sandstorm|[upkeep]\n|-damage|p1b: Tornadus|76\/100|[from] Sandstorm\n|upkeep\n|\n|t:|1697644526\n|switch|p2a: Gholdengo|Gholdengo|100\/100\n|turn|5\n|\n|t:|1697644534\n|move|p1b: Tornadus|Protect|p1b: Tornadus\n|-singleturn|p1b: Tornadus|Protect\n|move|p2a: Gholdengo|Nasty Plot|p2a: Gholdengo\n|-boost|p2a: Gholdengo|spa|2\n|move|p2b: Tyranitar|Stone Edge|p1b: Tornadus\n|-activate|p1b: Tornadus|move: Protect\n|move|p1a: Quagsire|Earthquake|p2a: Gholdengo|[spread] p2a,p2b\n|-activate|p1b: Tornadus|move: Protect\n|-supereffective|p2a: Gholdengo\n|-supereffective|p2b: Tyranitar\n|-damage|p2a: Gholdengo|0 fnt\n|-damage|p2b: Tyranitar|1\/100\n|faint|p2a: Gholdengo\n|\n|-weather|none\n|-heal|p2b: Tyranitar|7\/100|[from] item: Leftovers\n|upkeep\n|\n|t:|1697644544\n|switch|p2a: Chien-Pao|Chien-Pao|100\/100\n|-ability|p2a: Chien-Pao|Sword of Ruin\n|turn|6\n|\n|t:|1697644565\n|-singleturn|p1a: Quagsire|move: Focus Punch\n|move|p1b: Tornadus|Protect||[still]\n|-fail|p1b: Tornadus\n|move|p2a: Chien-Pao|Ice Spinner|p1b: Tornadus\n|-supereffective|p1b: Tornadus\n|-damage|p1b: Tornadus|0 fnt\n|faint|p1b: Tornadus\n|move|p2b: Tyranitar|Stone Edge|p1a: Quagsire\n|-resisted|p1a: Quagsire\n|-damage|p1a: Quagsire|48\/100\n|cant|p1a: Quagsire|Focus Punch|Focus Punch\n|\n|-heal|p2b: Tyranitar|13\/100|[from] item: Leftovers\n|upkeep\n|\n|t:|1697644577\n|switch|p1b: Gholdengo|Gholdengo|100\/100\n|-damage|p1b: Gholdengo|94\/100|[from] Stealth Rock\n|turn|7\n|\n|t:|1697644589\n|-terastallize|p1b: Gholdengo|Flying\n|move|p2a: Chien-Pao|Sacred Sword|p1a: Quagsire\n|-damage|p1a: Quagsire|10\/100\n|move|p1b: Gholdengo|Flash Cannon|p2a: Chien-Pao\n|-supereffective|p2a: Chien-Pao\n|-enditem|p2a: Chien-Pao|Focus Sash\n|-damage|p2a: Chien-Pao|1\/100\n|move|p2b: Tyranitar|Stone Edge|p1b: Gholdengo|[miss]\n|-miss|p2b: Tyranitar|p1b: Gholdengo\n|move|p1a: Quagsire|Earthquake|p2a: Chien-Pao|[spread] p2a,p2b\n|-immune|p1b: Gholdengo\n|-supereffective|p2b: Tyranitar\n|-damage|p2a: Chien-Pao|0 fnt\n|-damage|p2b: Tyranitar|0 fnt\n|faint|p2a: Chien-Pao\n|faint|p2b: Tyranitar\n|\n|-heal|p1b: Gholdengo|100\/100|[from] item: Leftovers\n|upkeep\n|\n|t:|1697644612\n|switch|p2b: Walking Wake|Walking Wake|100\/100\n|turn|8\n|\n|t:|1697644618\n|move|p2b: Walking Wake|Flamethrower|p1b: Gholdengo\n|-damage|p1b: Gholdengo|66\/100\n|move|p1b: Gholdengo|Nasty Plot|p1b: Gholdengo\n|-boost|p1b: Gholdengo|spa|2\n|move|p1a: Quagsire|Ice Punch|p2b: Walking Wake\n|-damage|p2b: Walking Wake|52\/100\n|\n|-heal|p2b: Walking Wake|58\/100|[from] item: Leftovers\n|-heal|p1b: Gholdengo|72\/100|[from] item: Leftovers\n|upkeep\n|turn|9\n|\n|t:|1697644629\n|-terastallize|p2b: Walking Wake|Water\n|move|p2b: Walking Wake|Flamethrower|p1b: Gholdengo\n|-damage|p1b: Gholdengo|35\/100\n|move|p1b: Gholdengo|Flash Cannon|p2b: Walking Wake\n|-resisted|p2b: Walking Wake\n|-damage|p2b: Walking Wake|7\/100\n|move|p1a: Quagsire|Ice Punch|p2b: Walking Wake\n|-resisted|p2b: Walking Wake\n|-damage|p2b: Walking Wake|0 fnt\n|faint|p2b: Walking Wake\n|-end|p2b: Walking Wake|Protosynthesis|[silent]\n|\n|win|Ravvenn98\n|raw|Ravvenn98's rating: 1095 &rarr; <strong>1119<\/strong><br \/>(+24 for winning)\n|raw|JordiDaMaster's rating: 1071 &rarr; <strong>1052<\/strong><br \/>(-19 for losing)\n","uploadtime":1697644644,"views":17,"p1id":"ravvenn98","p2id":"jordidamaster","formatid":"gen9doublesou","rating":1052,"private":0,"password":""}