{"id":"gen9doublesou-1997705331","p1":"Jadenhess","p2":"cotesmcgotes","format":"[Gen 9] Doubles OU","log":"|j|\u2606Jadenhess\n|j|\u2606cotesmcgotes\n|t:|1700843828\n|gametype|doubles\n|player|p1|Jadenhess|1|1366\n|player|p2|cotesmcgotes|flannery|1297\n|teamsize|p1|6\n|teamsize|p2|6\n|gen|9\n|tier|[Gen 9] Doubles OU\n|rated|\n|rule|Species Clause: Limit one of each Pok\u00e9mon\n|rule|OHKO Clause: OHKO moves are banned\n|rule|Evasion Moves Clause: Evasion moves are banned\n|rule|Gravity Sleep Clause: The combination of sleep-inducing moves with imperfect accuracy and Gravity or Gigantamax Orbeetle are banned\n|rule|Endless Battle Clause: Forcing endless battles is banned\n|rule|HP Percentage Mod: HP is shown in percentages\n|clearpoke\n|poke|p1|Raichu-Alola, F|\n|poke|p1|Thundurus-Therian, M|\n|poke|p1|Pincurchin, M|\n|poke|p1|Iron Leaves|\n|poke|p1|Grimmsnarl, M|\n|poke|p1|Pelipper, M|\n|poke|p2|Cresselia, F|\n|poke|p2|Tornadus, M|\n|poke|p2|Overqwil, F|\n|poke|p2|Walking Wake|\n|poke|p2|Ogerpon-Hearthflame, F|\n|poke|p2|Iron Hands|\n|teampreview\n|inactive|Battle timer is ON: inactive players will automatically lose when time's up. (requested by cotesmcgotes)\n|\n|t:|1700843840\n|start\n|switch|p1a: Grimmsnarl|Grimmsnarl, M|100\/100\n|switch|p1b: Pincurchin|Pincurchin, M|100\/100\n|switch|p2a: Tornadus|Tornadus, M, shiny|100\/100\n|switch|p2b: Iron Hands|Iron Hands|100\/100\n|-fieldstart|move: Electric Terrain|[from] ability: Electric Surge|[of] p1b: Pincurchin\n|-activate|p2b: Iron Hands|ability: Quark Drive\n|-start|p2b: Iron Hands|quarkdriveatk\n|turn|1\n|\n|t:|1700843859\n|move|p2b: Iron Hands|Fake Out|p1b: Pincurchin\n|-damage|p1b: Pincurchin|81\/100\n|move|p2a: Tornadus|Tailwind|p2a: Tornadus\n|-sidestart|p2: cotesmcgotes|move: Tailwind\n|move|p1a: Grimmsnarl|Reflect|p1a: Grimmsnarl\n|-sidestart|p1: Jadenhess|Reflect\n|cant|p1b: Pincurchin|flinch\n|\n|upkeep\n|turn|2\n|\n|t:|1700843879\n|switch|p2a: Ogerpon|Ogerpon-Hearthflame, F|100\/100\n|-ability|p2a: Ogerpon|Mold Breaker\n|move|p1a: Grimmsnarl|Light Screen|p1a: Grimmsnarl\n|-sidestart|p1: Jadenhess|move: Light Screen\n|move|p2b: Iron Hands|Drain Punch|p1b: Pincurchin\n|-damage|p1b: Pincurchin|46\/100\n|move|p1b: Pincurchin|Spikes|p2a: Ogerpon\n|-sidestart|p2: cotesmcgotes|Spikes\n|\n|upkeep\n|turn|3\n|\n|t:|1700843902\n|move|p1a: Grimmsnarl|Parting Shot|p2a: Ogerpon\n|-unboost|p2a: Ogerpon|atk|1\n|-unboost|p2a: Ogerpon|spa|1\n|\n|t:|1700843905\n|switch|p1a: Pelipper|Pelipper, M|100\/100|[from] Parting Shot\n|-weather|RainDance|[from] ability: Drizzle|[of] p1a: Pelipper\n|move|p2a: Ogerpon|Stomping Tantrum|p1b: Pincurchin\n|-supereffective|p1b: Pincurchin\n|-damage|p1b: Pincurchin|23\/100\n|move|p2b: Iron Hands|Thunder Punch|p1a: Pelipper\n|-supereffective|p1a: Pelipper\n|-damage|p1a: Pelipper|0 fnt\n|faint|p1a: Pelipper\n|move|p1b: Pincurchin|Thunder Wave|p2a: Ogerpon\n|-status|p2a: Ogerpon|par\n|\n|-weather|RainDance|[upkeep]\n|upkeep\n|\n|t:|1700843918\n|switch|p1a: Thundurus|Thundurus-Therian, M|100\/100\n|turn|4\n|\n|t:|1700843944\n|switch|p1b: Grimmsnarl|Grimmsnarl, M|100\/100\n|move|p2a: Ogerpon|Spiky Shield|p2a: Ogerpon\n|-singleturn|p2a: Ogerpon|move: Protect\n|move|p1a: Thundurus|Weather Ball|p2b: Iron Hands\n|-damage|p2b: Iron Hands|48\/100\n|-damage|p1a: Thundurus|91\/100|[from] item: Life Orb\n|move|p2b: Iron Hands|Ice Punch|p1a: Thundurus\n|-supereffective|p1a: Thundurus\n|-damage|p1a: Thundurus|5\/100\n|\n|-weather|RainDance|[upkeep]\n|-sideend|p2: cotesmcgotes|move: Tailwind\n|upkeep\n|turn|5\n|\n|t:|1700843971\n|-end|p2b: Iron Hands|Quark Drive|[silent]\n|switch|p2b: Walking Wake|Walking Wake|100\/100\n|-damage|p2b: Walking Wake|88\/100|[from] Spikes\n|move|p1a: Thundurus|Wildbolt Storm|p2a: Ogerpon|[spread] p2a,p2b\n|-resisted|p2a: Ogerpon\n|-damage|p2a: Ogerpon|68\/100 par\n|-damage|p2b: Walking Wake|42\/100\n|-damage|p1a: Thundurus|0 fnt|[from] item: Life Orb\n|faint|p1a: Thundurus\n|move|p2a: Ogerpon|Ivy Cudgel|p1b: Grimmsnarl|[anim] Ivy Cudgel Fire\n|-damage|p1b: Grimmsnarl|86\/100\n|move|p1b: Grimmsnarl|Spirit Break|p2b: Walking Wake\n|-supereffective|p2b: Walking Wake\n|-damage|p2b: Walking Wake|0 fnt\n|faint|p2b: Walking Wake\n|-end|p2b: Walking Wake|Protosynthesis|[silent]\n|\n|-weather|RainDance|[upkeep]\n|upkeep\n|\n|t:|1700843998\n|switch|p2b: Overqwil|Overqwil, F|100\/100\n|switch|p1a: Iron Leaves|Iron Leaves|100\/100\n|-damage|p2b: Overqwil|88\/100|[from] Spikes\n|-activate|p1a: Iron Leaves|ability: Quark Drive\n|-start|p1a: Iron Leaves|quarkdriveatk\n|turn|6\n|\n|t:|1700844022\n|switch|p2a: Tornadus|Tornadus, M, shiny|100\/100\n|move|p2b: Overqwil|Barb Barrage|p1b: Grimmsnarl\n|-supereffective|p1b: Grimmsnarl\n|-damage|p1b: Grimmsnarl|40\/100\n|-status|p1b: Grimmsnarl|psn\n|move|p1a: Iron Leaves|Psyblade|p2a: Tornadus\n|-damage|p2a: Tornadus|6\/100\n|move|p1b: Grimmsnarl|Spirit Break|p2b: Overqwil\n|-damage|p2b: Overqwil|53\/100\n|-unboost|p2b: Overqwil|spa|1\n|\n|-weather|RainDance|[upkeep]\n|-heal|p2b: Overqwil|59\/100|[from] item: Black Sludge\n|-damage|p1b: Grimmsnarl|28\/100 psn|[from] psn\n|upkeep\n|turn|7\n|\n|t:|1700844045\n|move|p2a: Tornadus|Tailwind|p2a: Tornadus\n|-sidestart|p2: cotesmcgotes|move: Tailwind\n|move|p2b: Overqwil|Crunch|p1a: Iron Leaves\n|-supereffective|p1a: Iron Leaves\n|-damage|p1a: Iron Leaves|34\/100\n|move|p1a: Iron Leaves|Close Combat|p2b: Overqwil\n|-damage|p2b: Overqwil|0 fnt\n|-unboost|p1a: Iron Leaves|def|1\n|-unboost|p1a: Iron Leaves|spd|1\n|faint|p2b: Overqwil\n|move|p1b: Grimmsnarl|Spirit Break|p2a: Tornadus\n|-damage|p2a: Tornadus|0 fnt\n|faint|p2a: Tornadus\n|\n|-weather|RainDance|[upkeep]\n|-heal|p1a: Iron Leaves|40\/100|[from] item: Leftovers\n|-damage|p1b: Grimmsnarl|15\/100 psn|[from] psn\n|upkeep\n|inactive|cotesmcgotes has 120 seconds left.\n|\n|t:|1700844061\n|switch|p2b: Cresselia|Cresselia, F, shiny|100\/100\n|switch|p2a: Iron Hands|Iron Hands|48\/100\n|-damage|p2a: Iron Hands|36\/100|[from] Spikes\n|-activate|p2a: Iron Hands|ability: Quark Drive\n|-start|p2a: Iron Hands|quarkdriveatk\n|turn|8\n|inactive|Jadenhess has 120 seconds left.\n|\n|t:|1700844096\n|-terastallize|p2b: Cresselia|Electric\n|move|p1a: Iron Leaves|Protect|p1a: Iron Leaves\n|-singleturn|p1a: Iron Leaves|Protect\n|move|p2a: Iron Hands|Fake Out|p1a: Iron Leaves\n|-activate|p1a: Iron Leaves|move: Protect\n|move|p2b: Cresselia|Moonblast|p1b: Grimmsnarl\n|-supereffective|p1b: Grimmsnarl\n|-damage|p1b: Grimmsnarl|0 fnt\n|faint|p1b: Grimmsnarl\n|\n|-weather|RainDance|[upkeep]\n|-heal|p1a: Iron Leaves|47\/100|[from] item: Leftovers\n|-sideend|p1: Jadenhess|Reflect\n|-fieldend|move: Electric Terrain\n|-end|p1a: Iron Leaves|Quark Drive\n|-end|p2a: Iron Hands|Quark Drive\n|upkeep\n|inactive|Jadenhess has 120 seconds left.\n|\n|t:|1700844109\n|switch|p1b: Pincurchin|Pincurchin, M|23\/100\n|-fieldstart|move: Electric Terrain|[from] ability: Electric Surge|[of] p1b: Pincurchin\n|-activate|p1a: Iron Leaves|ability: Quark Drive\n|-start|p1a: Iron Leaves|quarkdriveatk\n|-activate|p2a: Iron Hands|ability: Quark Drive\n|-start|p2a: Iron Hands|quarkdriveatk\n|turn|9\n|\n|t:|1700844133\n|-end|p2a: Iron Hands|Quark Drive|[silent]\n|switch|p2a: Ogerpon|Ogerpon-Hearthflame, F|68\/100 par\n|-damage|p2a: Ogerpon|55\/100 par|[from] Spikes\n|-ability|p2a: Ogerpon|Mold Breaker\n|move|p2b: Cresselia|Calm Mind|p2b: Cresselia\n|-boost|p2b: Cresselia|spa|1\n|-boost|p2b: Cresselia|spd|1\n|move|p1a: Iron Leaves|Psyblade|p2a: Ogerpon\n|-damage|p2a: Ogerpon|0 fnt\n|faint|p2a: Ogerpon\n|move|p1b: Pincurchin|Recover|p1b: Pincurchin\n|-heal|p1b: Pincurchin|73\/100\n|\n|-weather|RainDance|[upkeep]\n|-heal|p1a: Iron Leaves|53\/100|[from] item: Leftovers\n|-sideend|p1: Jadenhess|move: Light Screen\n|upkeep\n|inactive|cotesmcgotes has 120 seconds left.\n|\n|t:|1700844150\n|switch|p2a: Iron Hands|Iron Hands|36\/100\n|-damage|p2a: Iron Hands|24\/100|[from] Spikes\n|-activate|p2a: Iron Hands|ability: Quark Drive\n|-start|p2a: Iron Hands|quarkdriveatk\n|turn|10\n|\n|t:|1700844162\n|move|p1a: Iron Leaves|Protect|p1a: Iron Leaves\n|-singleturn|p1a: Iron Leaves|Protect\n|move|p2a: Iron Hands|Fake Out|p1b: Pincurchin\n|-damage|p1b: Pincurchin|57\/100\n|move|p2b: Cresselia|Calm Mind|p2b: Cresselia\n|-boost|p2b: Cresselia|spa|1\n|-boost|p2b: Cresselia|spd|1\n|cant|p1b: Pincurchin|flinch\n|\n|-weather|none\n|-heal|p1a: Iron Leaves|59\/100|[from] item: Leftovers\n|-sideend|p2: cotesmcgotes|move: Tailwind\n|upkeep\n|turn|11\n|\n|t:|1700844187\n|-end|p1a: Iron Leaves|Quark Drive|[silent]\n|switch|p1a: Raichu|Raichu-Alola, F|100\/100\n|move|p2b: Cresselia|Calm Mind|p2b: Cresselia\n|-boost|p2b: Cresselia|spa|1\n|-boost|p2b: Cresselia|spd|1\n|move|p2a: Iron Hands|Ice Punch|p1a: Raichu\n|-damage|p1a: Raichu|9\/100\n|move|p1b: Pincurchin|Scald|p2a: Iron Hands\n|-damage|p2a: Iron Hands|13\/100\n|-status|p2a: Iron Hands|brn\n|\n|-damage|p2a: Iron Hands|7\/100 brn|[from] brn\n|upkeep\n|turn|12\n|\n|t:|1700844208\n|move|p1a: Raichu|Volt Switch|p2a: Iron Hands\n|-resisted|p2a: Iron Hands\n|-damage|p2a: Iron Hands|0 fnt\n|faint|p2a: Iron Hands\n|-end|p2a: Iron Hands|Quark Drive|[silent]\n|\n|t:|1700844211\n|switch|p1a: Iron Leaves|Iron Leaves|59\/100|[from] Volt Switch\n|-activate|p1a: Iron Leaves|ability: Quark Drive\n|-start|p1a: Iron Leaves|quarkdriveatk\n|move|p2b: Cresselia|Stored Power|p1b: Pincurchin\n|-damage|p1b: Pincurchin|0 fnt\n|faint|p1b: Pincurchin\n|\n|-heal|p1a: Iron Leaves|65\/100|[from] item: Leftovers\n|upkeep\n|\n|t:|1700844214\n|switch|p1b: Raichu|Raichu-Alola, F|9\/100\n|turn|13\n|\n|t:|1700844224\n|-terastallize|p1a: Iron Leaves|Psychic\n|move|p1b: Raichu|Volt Switch|p2b: Cresselia\n|-resisted|p2b: Cresselia\n|-damage|p2b: Cresselia|95\/100\n|move|p1a: Iron Leaves|Psyblade|p2b: Cresselia\n|-damage|p2b: Cresselia|15\/100\n|move|p2b: Cresselia|Stored Power|p1a: Iron Leaves\n|-resisted|p1a: Iron Leaves\n|-crit|p1a: Iron Leaves\n|-damage|p1a: Iron Leaves|0 fnt\n|faint|p1a: Iron Leaves\n|-end|p1a: Iron Leaves|Quark Drive|[silent]\n|\n|-heal|p2b: Cresselia|21\/100|[from] item: Leftovers\n|upkeep\n|turn|14\n|\n|t:|1700844240\n|move|p1b: Raichu|Thunder|p2b: Cresselia\n|-resisted|p2b: Cresselia\n|-damage|p2b: Cresselia|12\/100\n|move|p2b: Cresselia|Stored Power|p1b: Raichu\n|-resisted|p1b: Raichu\n|-damage|p1b: Raichu|0 fnt\n|faint|p1b: Raichu\n|\n|win|cotesmcgotes\n|raw|Jadenhess's rating: 1366 &rarr; <strong>1342<\/strong><br \/>(-24 for losing)\n|raw|cotesmcgotes's rating: 1297 &rarr; <strong>1327<\/strong><br \/>(+30 for winning)\n|l|\u2606Jadenhess\n","uploadtime":1700844261,"views":4,"p1id":"jadenhess","p2id":"cotesmcgotes","formatid":"gen9doublesou","rating":1327,"private":0,"password":""}