{"id":"gen9doublesou-1992426823","p1":"DerpyDiamond24_1","p2":"ItsMrBeans","format":"[Gen 9] Doubles OU","log":"|j|\u2606DerpyDiamond24_1\n|j|\u2606ItsMrBeans\n|t:|1700186236\n|gametype|doubles\n|player|p1|DerpyDiamond24_1|ruinmaniac|\n|player|p2|ItsMrBeans|giovanni|\n|teamsize|p1|6\n|teamsize|p2|6\n|gen|9\n|tier|[Gen 9] Doubles OU\n|rule|Species Clause: Limit one of each Pok\u00e9mon\n|rule|OHKO Clause: OHKO moves are banned\n|rule|Evasion Moves Clause: Evasion moves are banned\n|rule|Gravity Sleep Clause: The combination of sleep-inducing moves with imperfect accuracy and Gravity or Gigantamax Orbeetle are banned\n|rule|Endless Battle Clause: Forcing endless battles is banned\n|rule|HP Percentage Mod: HP is shown in percentages\n|clearpoke\n|poke|p1|Flutter Mane|\n|poke|p1|Kommo-o, M|\n|poke|p1|Amoonguss, F|\n|poke|p1|Heatran, F|\n|poke|p1|Farigiraf, M|\n|poke|p1|Thundurus-Therian, M|\n|poke|p2|Snorlax, F|\n|poke|p2|Sinistcha-Masterpiece|\n|poke|p2|Landorus-Therian, M|\n|poke|p2|Iron Hands|\n|poke|p2|Clefairy, M|\n|poke|p2|Kommo-o, F|\n|teampreview\n|\n|t:|1700186273\n|start\n|switch|p1a: Amoonguss|Amoonguss, F|100\/100\n|switch|p1b: Neck|Farigiraf, M|100\/100\n|switch|p2a: Iron Hands|Iron Hands, shiny|100\/100\n|switch|p2b: Kommo-o|Kommo-o, F, shiny|100\/100\n|turn|1\n|\n|t:|1700186338\n|move|p2a: Iron Hands|Fake Out||[still]\n|cant|p1b: Neck|ability: Armor Tail|Fake Out|[of] p2a: Iron Hands\n|move|p2b: Kommo-o|Clanging Scales|p1b: Neck|[spread] p1a,p1b\n|-damage|p1a: Amoonguss|75\/100\n|-damage|p1b: Neck|60\/100\n|-unboost|p2b: Kommo-o|def|1\n|-enditem|p2b: Kommo-o|Throat Spray\n|-boost|p2b: Kommo-o|spa|1|[from] item: Throat Spray\n|move|p1a: Amoonguss|Spore|p2b: Kommo-o\n|-status|p2b: Kommo-o|slp|[from] move: Spore\n|move|p1b: Neck|Trick Room|p1b: Neck\n|-fieldstart|move: Trick Room|[of] p1b: Neck\n|\n|upkeep\n|turn|2\n|\n|t:|1700186363\n|move|p1a: Amoonguss|Clear Smog|p2b: Kommo-o\n|-damage|p2b: Kommo-o|84\/100 slp\n|-clearboost|p2b: Kommo-o\n|move|p1b: Neck|Hyper Voice|p2a: Iron Hands|[spread] p2a,p2b\n|-damage|p2a: Iron Hands|82\/100\n|-damage|p2b: Kommo-o|51\/100 slp\n|move|p2a: Iron Hands|Drain Punch|p1b: Neck\n|-damage|p1b: Neck|15\/100\n|-heal|p2a: Iron Hands|100\/100|[from] drain|[of] p1b: Neck\n|-enditem|p1b: Neck|Sitrus Berry|[eat]\n|-heal|p1b: Neck|40\/100|[from] item: Sitrus Berry\n|cant|p2b: Kommo-o|slp\n|\n|upkeep\n|turn|3\n|\n|t:|1700186380\n|cant|p2b: Kommo-o|slp\n|move|p1a: Amoonguss|Rage Powder|p1a: Amoonguss\n|-singleturn|p1a: Amoonguss|move: Rage Powder\n|move|p1b: Neck|Hyper Voice|p2a: Iron Hands|[spread] p2a,p2b\n|-damage|p2a: Iron Hands|82\/100\n|-damage|p2b: Kommo-o|14\/100 slp\n|move|p2a: Iron Hands|Drain Punch|p1a: Amoonguss\n|-resisted|p1a: Amoonguss\n|-damage|p1a: Amoonguss|52\/100\n|-heal|p2a: Iron Hands|93\/100|[from] drain|[of] p1a: Amoonguss\n|\n|upkeep\n|turn|4\n|\n|t:|1700186400\n|cant|p2b: Kommo-o|slp\n|move|p1a: Amoonguss|Spore|p2a: Iron Hands\n|-status|p2a: Iron Hands|slp|[from] move: Spore\n|move|p1b: Neck|Imprison|p1b: Neck\n|-start|p1b: Neck|move: Imprison\n|cant|p2a: Iron Hands|slp\n|\n|upkeep\n|turn|5\n|\n|t:|1700186427\n|-curestatus|p2b: Kommo-o|slp|[msg]\n|move|p2b: Kommo-o|Protect|p2b: Kommo-o\n|-singleturn|p2b: Kommo-o|Protect\n|move|p1a: Amoonguss|Rage Powder|p1a: Amoonguss\n|-singleturn|p1a: Amoonguss|move: Rage Powder\n|move|p1b: Neck|Hyper Voice|p2a: Iron Hands|[spread] p2a\n|-activate|p2b: Kommo-o|move: Protect\n|-crit|p2a: Iron Hands\n|-damage|p2a: Iron Hands|68\/100 slp\n|-curestatus|p2a: Iron Hands|slp|[msg]\n|move|p2a: Iron Hands|Wild Charge|p1a: Amoonguss\n|-resisted|p1a: Amoonguss\n|-damage|p1a: Amoonguss|22\/100\n|-damage|p2a: Iron Hands|61\/100|[from] Recoil\n|\n|-fieldend|move: Trick Room\n|upkeep\n|turn|6\n|\n|t:|1700186472\n|switch|p2b: Sinistcha|Sinistcha-Masterpiece, shiny|100\/100\n|-heal|p2a: Iron Hands|86\/100|[from] ability: Hospitality|[of] p2b: Sinistcha\n|switch|p1a: Flutter Mane|Flutter Mane|100\/100\n|-enditem|p1a: Flutter Mane|Booster Energy\n|-activate|p1a: Flutter Mane|ability: Protosynthesis|[fromitem]\n|-start|p1a: Flutter Mane|protosynthesisspe\n|move|p2a: Iron Hands|Wild Charge|p1a: Flutter Mane\n|-damage|p1a: Flutter Mane|0 fnt\n|faint|p1a: Flutter Mane\n|-end|p1a: Flutter Mane|Protosynthesis|[silent]\n|-damage|p2a: Iron Hands|72\/100|[from] Recoil\n|move|p1b: Neck|Hyper Voice|p2a: Iron Hands|[spread] p2a\n|-immune|p2b: Sinistcha\n|-damage|p2a: Iron Hands|54\/100\n|\n|upkeep\n|\n|t:|1700186492\n|switch|p1a: Kommo-o|Kommo-o, M|100\/100\n|turn|7\n|\n|t:|1700186512\n|-end|p2a: Iron Hands|Quark Drive|[silent]\n|switch|p2a: Landorus|Landorus-Therian, M, shiny|100\/100\n|-ability|p2a: Landorus|Intimidate|boost\n|-unboost|p1a: Kommo-o|atk|1\n|-unboost|p1b: Neck|atk|1\n|move|p1a: Kommo-o|Clanging Scales|p2a: Landorus|[spread] p2a,p2b\n|-damage|p2a: Landorus|64\/100\n|-damage|p2b: Sinistcha|73\/100\n|-unboost|p1a: Kommo-o|def|1\n|-enditem|p1a: Kommo-o|Throat Spray\n|-boost|p1a: Kommo-o|spa|1|[from] item: Throat Spray\n|move|p2b: Sinistcha|Matcha Gotcha|p1a: Kommo-o|[spread] p1b\n|-miss|p2b: Sinistcha|p1a: Kommo-o\n|-damage|p1b: Neck|17\/100\n|-heal|p2b: Sinistcha|87\/100|[from] drain|[of] p1b: Neck\n|move|p1b: Neck|Psychic|p2b: Sinistcha\n|-damage|p2b: Sinistcha|47\/100\n|\n|upkeep\n|turn|8\n|\n|t:|1700186553\n|switch|p1b: Amoonguss|Amoonguss, F|22\/100\n|-terastallize|p2a: Landorus|Flying\n|move|p2a: Landorus|Tera Blast|p1a: Kommo-o|[anim] Tera Blast Flying\n|-supereffective|p1a: Kommo-o\n|-damage|p1a: Kommo-o|0 fnt\n|faint|p1a: Kommo-o\n|move|p2b: Sinistcha|Matcha Gotcha|p1b: Amoonguss\n|-resisted|p1b: Amoonguss\n|-damage|p1b: Amoonguss|17\/100\n|-heal|p2b: Sinistcha|50\/100|[from] drain|[of] p1b: Amoonguss\n|\n|upkeep\n|\n|t:|1700186570\n|switch|p1a: Thundurus|Thundurus-Therian, M|100\/100\n|turn|9\n|\n|t:|1700186587\n|-terastallize|p1a: Thundurus|Electric\n|move|p1b: Amoonguss|Rage Powder|p1b: Amoonguss\n|-singleturn|p1b: Amoonguss|move: Rage Powder\n|move|p2a: Landorus|Tera Blast|p1b: Amoonguss|[anim] Tera Blast Flying\n|-supereffective|p1b: Amoonguss\n|-damage|p1b: Amoonguss|0 fnt\n|faint|p1b: Amoonguss\n|move|p1a: Thundurus|Tera Blast|p2a: Landorus|[anim] Tera Blast Electric\n|-supereffective|p2a: Landorus\n|-damage|p2a: Landorus|0 fnt\n|faint|p2a: Landorus\n|move|p2b: Sinistcha|Trick Room|p2b: Sinistcha\n|-fieldstart|move: Trick Room|[of] p2b: Sinistcha\n|\n|upkeep\n|\n|t:|1700186600\n|switch|p1b: NoTails|Heatran, F|100\/100\n|switch|p2a: Snorlax|Snorlax, F, shiny|100\/100\n|turn|10\n|\n|t:|1700186623\n|switch|p2b: Kommo-o|Kommo-o, F, shiny|14\/100\n|move|p2a: Snorlax|Belly Drum|p2a: Snorlax\n|-damage|p2a: Snorlax|50\/100\n|-setboost|p2a: Snorlax|atk|6|[from] move: Belly Drum\n|-enditem|p2a: Snorlax|Sitrus Berry|[eat]\n|-heal|p2a: Snorlax|75\/100|[from] item: Sitrus Berry\n|move|p1b: NoTails|Heat Wave|p2a: Snorlax|[spread] p2a,p2b\n|-crit|p2a: Snorlax\n|-resisted|p2b: Kommo-o\n|-damage|p2a: Snorlax|55\/100\n|-damage|p2b: Kommo-o|0 fnt\n|faint|p2b: Kommo-o\n|move|p1a: Thundurus|Tera Blast|p2a: Snorlax|[anim] Tera Blast Electric\n|-damage|p2a: Snorlax|0 fnt\n|faint|p2a: Snorlax\n|\n|upkeep\n|\n|t:|1700186652\n|switch|p2a: Iron Hands|Iron Hands, shiny|54\/100\n|switch|p2b: Clefairy|Clefairy, M, shiny|100\/100\n|turn|11\n|\n|t:|1700186680\n|switch|p1b: Neck|Farigiraf, M|17\/100\n|move|p2b: Clefairy|Follow Me|p2b: Clefairy\n|-singleturn|p2b: Clefairy|move: Follow Me\n|move|p2a: Iron Hands|Drain Punch|p1b: Neck\n|-damage|p1b: Neck|0 fnt\n|-heal|p2a: Iron Hands|62\/100|[from] drain|[of] p1b: Neck\n|faint|p1b: Neck\n|move|p1a: Thundurus|Tera Blast|p2b: Clefairy|[anim] Tera Blast Electric\n|-damage|p2b: Clefairy|33\/100\n|\n|upkeep\n|\n|t:|1700186690\n|switch|p1b: NoTails|Heatran, F|100\/100\n|turn|12\n|\n|t:|1700186706\n|move|p2b: Clefairy|Follow Me|p2b: Clefairy\n|-singleturn|p2b: Clefairy|move: Follow Me\n|move|p2a: Iron Hands|Drain Punch|p1b: NoTails\n|-supereffective|p1b: NoTails\n|-damage|p1b: NoTails|24\/100\n|-heal|p2a: Iron Hands|95\/100|[from] drain|[of] p1b: NoTails\n|move|p1b: NoTails|Heat Wave|p2b: Clefairy|[spread] p2a,p2b\n|-damage|p2a: Iron Hands|80\/100\n|-damage|p2b: Clefairy|0 fnt\n|faint|p2b: Clefairy\n|move|p1a: Thundurus|Tera Blast|p2a: Iron Hands|[anim] Tera Blast Electric\n|-resisted|p2a: Iron Hands\n|-damage|p2a: Iron Hands|56\/100\n|\n|upkeep\n|\n|t:|1700186711\n|switch|p2b: Sinistcha|Sinistcha-Masterpiece, shiny|50\/100\n|-heal|p2a: Iron Hands|81\/100|[from] ability: Hospitality|[of] p2b: Sinistcha\n|turn|13\n|\n|t:|1700186733\n|move|p2a: Iron Hands|Heavy Slam|p1a: Thundurus\n|-resisted|p1a: Thundurus\n|-damage|p1a: Thundurus|63\/100\n|move|p2b: Sinistcha|Matcha Gotcha|p1a: Thundurus|[spread] p1a,p1b\n|-resisted|p1b: NoTails\n|-damage|p1a: Thundurus|29\/100\n|-heal|p2b: Sinistcha|65\/100|[from] drain|[of] p1a: Thundurus\n|-damage|p1b: NoTails|21\/100\n|-heal|p2b: Sinistcha|66\/100|[from] drain|[of] p1b: NoTails\n|move|p1b: NoTails|Heat Wave|p2b: Sinistcha|[spread] p2a,p2b\n|-supereffective|p2b: Sinistcha\n|-damage|p2a: Iron Hands|58\/100\n|-damage|p2b: Sinistcha|0 fnt\n|faint|p2b: Sinistcha\n|move|p1a: Thundurus|Tera Blast|p2a: Iron Hands|[anim] Tera Blast Electric\n|-resisted|p2a: Iron Hands\n|-damage|p2a: Iron Hands|36\/100\n|\n|-fieldend|move: Trick Room\n|upkeep\n|turn|14\n|\n|t:|1700186760\n|move|p1a: Thundurus|Tera Blast|p2a: Iron Hands|[anim] Tera Blast Electric\n|-resisted|p2a: Iron Hands\n|-damage|p2a: Iron Hands|12\/100\n|move|p1b: NoTails|Tera Blast|p2a: Iron Hands\n|-damage|p2a: Iron Hands|0 fnt\n|faint|p2a: Iron Hands\n|-end|p2a: Iron Hands|Quark Drive|[silent]\n|\n|win|DerpyDiamond24_1\n|l|\u2606ItsMrBeans\n|l|\u2606DerpyDiamond24_1\n|j|\u2606DerpyDiamond24_1\n|player|p1|DerpyDiamond24_1|ruinmaniac\n","uploadtime":1700186835,"views":6,"p1id":"derpydiamond241","p2id":"itsmrbeans","formatid":"gen9doublesou","rating":0,"private":0,"password":""}