{"id":"gen9doublesou-1976157695","p1":"Josuedavid26","p2":"mikeyuwu","format":"[Gen 9] Doubles OU","log":"|j|\u2606Josuedavid26\n|j|\u2606mikeyuwu\n|t:|1698268833\n|gametype|doubles\n|player|p1|Josuedavid26|102|1193\n|player|p2|mikeyuwu|psychic-gen4|1276\n|teamsize|p1|6\n|teamsize|p2|6\n|gen|9\n|tier|[Gen 9] Doubles OU\n|rated|\n|rule|Species Clause: Limit one of each Pok\u00e9mon\n|rule|OHKO Clause: OHKO moves are banned\n|rule|Evasion Moves Clause: Evasion moves are banned\n|rule|Gravity Sleep Clause: The combination of sleep-inducing moves with imperfect accuracy and Gravity or Gigantamax Orbeetle are banned\n|rule|Endless Battle Clause: Forcing endless battles is banned\n|rule|HP Percentage Mod: HP is shown in percentages\n|clearpoke\n|poke|p1|Pelipper, F|\n|poke|p1|Palafin, F|\n|poke|p1|Regieleki|\n|poke|p1|Arcanine, F|\n|poke|p1|Gastrodon, F|\n|poke|p1|Sneasler, M|\n|poke|p2|Garchomp, M|\n|poke|p2|Tyranitar, F|\n|poke|p2|Vaporeon, F|\n|poke|p2|Toxicroak, M|\n|poke|p2|Pelipper, F|\n|poke|p2|Abomasnow, M|\n|teampreview\n|\n|t:|1698268846\n|start\n|switch|p1a: Palafin|Palafin, F|100\/100\n|switch|p1b: Sneasler|Sneasler, M|100\/100\n|switch|p2a: OTLHPM|Toxicroak, M|100\/100\n|switch|p2b: Cold Shoulder|Abomasnow, M, shiny|100\/100\n|-weather|Snow|[from] ability: Snow Warning|[of] p2b: Cold Shoulder\n|turn|1\n|\n|t:|1698268853\n|move|p1b: Sneasler|Fake Out|p2b: Cold Shoulder\n|-damage|p2b: Cold Shoulder|91\/100\n|move|p1a: Palafin|Flip Turn|p2a: OTLHPM\n|-immune|p2a: OTLHPM|[from] ability: Dry Skin\n|move|p2a: OTLHPM|Earthquake|p1b: Sneasler|[spread] p2b,p1a,p1b\n|-resisted|p2b: Cold Shoulder\n|-supereffective|p1b: Sneasler\n|-damage|p2b: Cold Shoulder|84\/100\n|-damage|p1a: Palafin|65\/100\n|-damage|p1b: Sneasler|12\/100\n|-enditem|p1b: Sneasler|Sitrus Berry|[eat]\n|-heal|p1b: Sneasler|37\/100|[from] item: Sitrus Berry\n|cant|p2b: Cold Shoulder|flinch\n|\n|-weather|Snow|[upkeep]\n|upkeep\n|turn|2\n|\n|t:|1698268866\n|detailschange|p1a: Palafin|Palafin-Hero, F\n|switch|p1a: Arcanine|Arcanine, F|100\/100\n|-ability|p1a: Arcanine|Intimidate|boost\n|-unboost|p2a: OTLHPM|atk|1\n|-unboost|p2b: Cold Shoulder|atk|1\n|move|p1b: Sneasler|Acrobatics|p2a: OTLHPM\n|-supereffective|p2a: OTLHPM\n|-damage|p2a: OTLHPM|0 fnt\n|faint|p2a: OTLHPM\n|move|p2b: Cold Shoulder|Blizzard|p1b: Sneasler|[spread] p1a,p1b\n|-resisted|p1a: Arcanine\n|-damage|p1a: Arcanine|89\/100\n|-damage|p1b: Sneasler|0 fnt\n|faint|p1b: Sneasler\n|\n|-weather|Snow|[upkeep]\n|upkeep\n|\n|t:|1698268876\n|switch|p1b: Pelipper|Pelipper, F|100\/100\n|switch|p2a: Extra Spicy|Garchomp, M|100\/100\n|-weather|RainDance|[from] ability: Drizzle|[of] p1b: Pelipper\n|turn|3\n|\n|t:|1698268887\n|switch|p2b: ThcrThnSnkr|Tyranitar, F|100\/100\n|-weather|Sandstorm|[from] ability: Sand Stream|[of] p2b: ThcrThnSnkr\n|move|p1b: Pelipper|Protect|p1b: Pelipper\n|-singleturn|p1b: Pelipper|Protect\n|move|p2a: Extra Spicy|Liquidation|p1a: Arcanine\n|-supereffective|p1a: Arcanine\n|-damage|p1a: Arcanine|33\/100\n|move|p1a: Arcanine|Flare Blitz|p2b: ThcrThnSnkr\n|-resisted|p2b: ThcrThnSnkr\n|-damage|p2b: ThcrThnSnkr|77\/100\n|-damage|p1a: Arcanine|26\/100|[from] Recoil\n|\n|-weather|Sandstorm|[upkeep]\n|-damage|p1a: Arcanine|20\/100|[from] Sandstorm\n|-damage|p1b: Pelipper|94\/100|[from] Sandstorm\n|upkeep\n|turn|4\n|\n|t:|1698268901\n|switch|p1a: Gastrodon|Gastrodon, F|100\/100\n|switch|p1b: Palafin|Palafin-Hero, F|65\/100\n|-activate|p1b: Palafin|ability: Zero to Hero\n|move|p2a: Extra Spicy|Liquidation|p1a: Gastrodon\n|-ability|p1a: Gastrodon|Storm Drain|boost\n|-boost|p1a: Gastrodon|spa|1\n|move|p2b: ThcrThnSnkr|Thunderbolt|p1b: Palafin\n|-supereffective|p1b: Palafin\n|-damage|p1b: Palafin|10\/100\n|\n|-weather|Sandstorm|[upkeep]\n|-damage|p1b: Palafin|4\/100|[from] Sandstorm\n|upkeep\n|turn|5\n|\n|t:|1698268914\n|switch|p1b: Pelipper|Pelipper, F|94\/100\n|-weather|RainDance|[from] ability: Drizzle|[of] p1b: Pelipper\n|switch|p2b: Cold Shoulder|Abomasnow, M, shiny|84\/100\n|-weather|Snow|[from] ability: Snow Warning|[of] p2b: Cold Shoulder\n|move|p2a: Extra Spicy|Earthquake|p1a: Gastrodon|[spread] p2b,p1a\n|-immune|p1b: Pelipper\n|-resisted|p2b: Cold Shoulder\n|-crit|p1a: Gastrodon\n|-damage|p2b: Cold Shoulder|76\/100\n|-damage|p1a: Gastrodon|46\/100\n|move|p1a: Gastrodon|Ice Beam|p2a: Extra Spicy\n|-supereffective|p2a: Extra Spicy\n|-damage|p2a: Extra Spicy|0 fnt\n|faint|p2a: Extra Spicy\n|\n|-weather|Snow|[upkeep]\n|-heal|p1a: Gastrodon|52\/100|[from] item: Leftovers\n|upkeep\n|\n|t:|1698268919\n|switch|p2a: Harmacy|Vaporeon, F|100\/100\n|turn|6\n|\n|t:|1698268935\n|switch|p2b: ThcrThnSnkr|Tyranitar, F|77\/100\n|-weather|Sandstorm|[from] ability: Sand Stream|[of] p2b: ThcrThnSnkr\n|-terastallize|p1a: Gastrodon|Fire\n|move|p2a: Harmacy|Icy Wind|p1b: Pelipper|[spread] p1a,p1b\n|-resisted|p1a: Gastrodon\n|-damage|p1a: Gastrodon|49\/100\n|-damage|p1b: Pelipper|81\/100\n|-unboost|p1a: Gastrodon|spe|1\n|-unboost|p1b: Pelipper|spe|1\n|move|p1b: Pelipper|Hurricane|p2b: ThcrThnSnkr|[miss]\n|-miss|p1b: Pelipper|p2b: ThcrThnSnkr\n|move|p1a: Gastrodon|Ice Beam|p2b: ThcrThnSnkr\n|-damage|p2b: ThcrThnSnkr|68\/100\n|-status|p2b: ThcrThnSnkr|frz\n|\n|-weather|Sandstorm|[upkeep]\n|-damage|p2a: Harmacy|94\/100|[from] Sandstorm\n|-damage|p1b: Pelipper|74\/100|[from] Sandstorm\n|-damage|p1a: Gastrodon|43\/100|[from] Sandstorm\n|-heal|p2a: Harmacy|100\/100|[from] item: Leftovers\n|-heal|p1a: Gastrodon|49\/100|[from] item: Leftovers\n|upkeep\n|turn|7\n|\n|t:|1698268954\n|cant|p2b: ThcrThnSnkr|frz\n|move|p2a: Harmacy|Weather Ball|p1a: Gastrodon\n|-supereffective|p1a: Gastrodon\n|-damage|p1a: Gastrodon|15\/100\n|move|p1b: Pelipper|Surf|p2b: ThcrThnSnkr|[spread] p2a,p2b\n|-ability|p1a: Gastrodon|Storm Drain|boost\n|-boost|p1a: Gastrodon|spa|1\n|-resisted|p2a: Harmacy\n|-supereffective|p2b: ThcrThnSnkr\n|-damage|p2a: Harmacy|92\/100\n|-damage|p2b: ThcrThnSnkr|53\/100 frz\n|move|p1a: Gastrodon|Chilling Water|p2b: ThcrThnSnkr\n|-supereffective|p2b: ThcrThnSnkr\n|-damage|p2b: ThcrThnSnkr|33\/100 frz\n|-unboost|p2b: ThcrThnSnkr|atk|1\n|\n|-weather|Sandstorm|[upkeep]\n|-damage|p2a: Harmacy|86\/100|[from] Sandstorm\n|-damage|p1b: Pelipper|68\/100|[from] Sandstorm\n|-damage|p1a: Gastrodon|9\/100|[from] Sandstorm\n|-heal|p2a: Harmacy|92\/100|[from] item: Leftovers\n|-heal|p1a: Gastrodon|15\/100|[from] item: Leftovers\n|upkeep\n|turn|8\n|\n|t:|1698268972\n|switch|p1b: Arcanine|Arcanine, F|20\/100\n|-ability|p1b: Arcanine|Intimidate|boost\n|-unboost|p2a: Harmacy|atk|1\n|-unboost|p2b: ThcrThnSnkr|atk|1\n|-curestatus|p2b: ThcrThnSnkr|frz|[msg]\n|move|p2b: ThcrThnSnkr|Rock Slide|p1a: Gastrodon|[spread] p1a,p1b\n|-supereffective|p1a: Gastrodon\n|-supereffective|p1b: Arcanine\n|-damage|p1a: Gastrodon|0 fnt\n|-damage|p1b: Arcanine|0 fnt\n|faint|p1a: Gastrodon\n|faint|p1b: Arcanine\n|move|p2a: Harmacy|Weather Ball|p1: Gastrodon|[notarget]\n|-fail|p2a: Harmacy\n|\n|-weather|Sandstorm|[upkeep]\n|-damage|p2a: Harmacy|86\/100|[from] Sandstorm\n|-heal|p2a: Harmacy|92\/100|[from] item: Leftovers\n|upkeep\n|\n|t:|1698268983\n|switch|p1b: Palafin|Palafin-Hero, F|4\/100\n|switch|p1a: Regieleki|Regieleki|100\/100\n|turn|9\n|\n|t:|1698268994\n|switch|p2b: Cold Shoulder|Abomasnow, M, shiny|76\/100\n|-weather|Snow|[from] ability: Snow Warning|[of] p2b: Cold Shoulder\n|-terastallize|p2a: Harmacy|Steel\n|move|p1b: Palafin|Jet Punch|p2b: Cold Shoulder\n|-resisted|p2b: Cold Shoulder\n|-damage|p2b: Cold Shoulder|61\/100\n|move|p1a: Regieleki|Volt Switch|p2a: Harmacy\n|-damage|p2a: Harmacy|62\/100\n|\n|t:|1698269002\n|switch|p1a: Pelipper|Pelipper, F|68\/100|[from] Volt Switch\n|-weather|RainDance|[from] ability: Drizzle|[of] p1a: Pelipper\n|move|p2a: Harmacy|Weather Ball|p1b: Palafin\n|-resisted|p1b: Palafin\n|-damage|p1b: Palafin|0 fnt\n|faint|p1b: Palafin\n|\n|-weather|RainDance|[upkeep]\n|-heal|p2a: Harmacy|68\/100|[from] item: Leftovers\n|upkeep\n|\n|t:|1698269004\n|switch|p1b: Regieleki|Regieleki|100\/100\n|turn|10\n|\n|t:|1698269014\n|switch|p2b: ThcrThnSnkr|Tyranitar, F|33\/100\n|-weather|Sandstorm|[from] ability: Sand Stream|[of] p2b: ThcrThnSnkr\n|move|p1b: Regieleki|Tera Blast|p2b: ThcrThnSnkr\n|-resisted|p2b: ThcrThnSnkr\n|-damage|p2b: ThcrThnSnkr|29\/100\n|move|p2a: Harmacy|Wish|p2a: Harmacy\n|move|p1a: Pelipper|Hurricane|p2b: ThcrThnSnkr|[miss]\n|-miss|p1a: Pelipper|p2b: ThcrThnSnkr\n|\n|-weather|Sandstorm|[upkeep]\n|-damage|p1b: Regieleki|95\/100|[from] Sandstorm\n|-damage|p1a: Pelipper|62\/100|[from] Sandstorm\n|-heal|p2a: Harmacy|74\/100|[from] item: Leftovers\n|upkeep\n|turn|11\n|c|\u2606mikeyuwu|Gg\n|\n|t:|1698269044\n|move|p1a: Pelipper|Protect|p1a: Pelipper\n|-singleturn|p1a: Pelipper|Protect\n|move|p1b: Regieleki|Tera Blast|p2b: ThcrThnSnkr\n|-resisted|p2b: ThcrThnSnkr\n|-damage|p2b: ThcrThnSnkr|25\/100\n|move|p2b: ThcrThnSnkr|Thunderbolt|p1a: Pelipper\n|-activate|p1a: Pelipper|move: Protect\n|move|p2a: Harmacy|Weather Ball|p1b: Regieleki\n|-damage|p1b: Regieleki|48\/100\n|\n|-weather|Sandstorm|[upkeep]\n|-damage|p1b: Regieleki|42\/100|[from] Sandstorm\n|-damage|p1a: Pelipper|56\/100|[from] Sandstorm\n|-heal|p2a: Harmacy|100\/100|[from] move: Wish|[wisher] Harmacy\n|upkeep\n|turn|12\n|\n|t:|1698269054\n|move|p1b: Regieleki|Volt Switch|p2a: Harmacy\n|-damage|p2a: Harmacy|69\/100\n|move|p2b: ThcrThnSnkr|Thunderbolt|p1a: Pelipper\n|-supereffective|p1a: Pelipper\n|-damage|p1a: Pelipper|0 fnt\n|faint|p1a: Pelipper\n|move|p2a: Harmacy|Weather Ball|p1b: Regieleki\n|-damage|p1b: Regieleki|0 fnt\n|faint|p1b: Regieleki\n|\n|win|mikeyuwu\n|raw|Josuedavid26's rating: 1193 &rarr; <strong>1174<\/strong><br \/>(-19 for losing)\n|raw|mikeyuwu's rating: 1276 &rarr; <strong>1295<\/strong><br \/>(+19 for winning)\n|l|\u2606Josuedavid26\n","uploadtime":1698269067,"views":17,"p1id":"josuedavid26","p2id":"mikeyuwu","formatid":"gen9doublesou","rating":1174,"private":0,"password":""}