{"id":"gen9doublesou-1989829965","p1":"its-sam87","p2":"Jaiper_Showdown","format":"[Gen 9] Doubles OU","log":"|j|\u2606its-sam87\n|j|\u2606Jaiper_Showdown\n|t:|1699899280\n|gametype|doubles\n|player|p1|its-sam87|acetrainer-gen2|1541\n|player|p2|Jaiper_Showdown|nate|1668\n|teamsize|p1|6\n|teamsize|p2|6\n|gen|9\n|tier|[Gen 9] Doubles OU\n|rated|\n|rule|Species Clause: Limit one of each Pok\u00e9mon\n|rule|OHKO Clause: OHKO moves are banned\n|rule|Evasion Moves Clause: Evasion moves are banned\n|rule|Gravity Sleep Clause: The combination of sleep-inducing moves with imperfect accuracy and Gravity or Gigantamax Orbeetle are banned\n|rule|Endless Battle Clause: Forcing endless battles is banned\n|rule|HP Percentage Mod: HP is shown in percentages\n|clearpoke\n|poke|p1|Tornadus, M|\n|poke|p1|Amoonguss, M|\n|poke|p1|Basculegion-F, F|\n|poke|p1|Pelipper, M|\n|poke|p1|Palafin, M|\n|poke|p1|Regieleki|\n|poke|p2|Rotom-Wash|\n|poke|p2|Politoed, M|\n|poke|p2|Moltres-Galar|\n|poke|p2|Tsareena, F|\n|poke|p2|Scizor, M|\n|poke|p2|Basculegion-F, F|\n|teampreview\n|inactive|Battle timer is ON: inactive players will automatically lose when time's up. (requested by its-sam87)\n|c|\u2606its-sam87|gl hf\n|\n|t:|1699899312\n|start\n|switch|p1a: Amoonguss|Amoonguss, M, shiny|100\/100\n|switch|p1b: Palafin|Palafin, M|100\/100\n|switch|p2a: Rotom|Rotom-Wash|100\/100\n|switch|p2b: Tsareena|Tsareena, F|100\/100\n|turn|1\n|\n|t:|1699899321\n|detailschange|p1b: Palafin|Palafin-Hero, M\n|switch|p1b: Regieleki|Regieleki, shiny|100\/100\n|move|p2a: Rotom|Light Screen|p2a: Rotom\n|-sidestart|p2: Jaiper_Showdown|move: Light Screen\n|move|p2b: Tsareena|Taunt|p1a: Amoonguss\n|-start|p1a: Amoonguss|move: Taunt\n|cant|p1a: Amoonguss|move: Taunt|Spore\n|\n|upkeep\n|turn|2\n|\n|t:|1699899340\n|switch|p1a: Tornadus|Tornadus, M, shiny|100\/100\n|move|p1b: Regieleki|Thunder|p2a: Rotom\n|-damage|p2a: Rotom|60\/100\n|move|p2a: Rotom|Reflect|p2a: Rotom\n|-sidestart|p2: Jaiper_Showdown|Reflect\n|move|p2b: Tsareena|Power Whip|p1b: Regieleki\n|-damage|p1b: Regieleki|0 fnt\n|faint|p1b: Regieleki\n|\n|upkeep\n|\n|t:|1699899355\n|switch|p1b: Palafin|Palafin-Hero, M|100\/100\n|-activate|p1b: Palafin|ability: Zero to Hero\n|turn|3\n|\n|t:|1699899367\n|switch|p2b: Politoed|Politoed, M|100\/100\n|-weather|RainDance|[from] ability: Drizzle|[of] p2b: Politoed\n|move|p1a: Tornadus|Tailwind|p1a: Tornadus\n|-sidestart|p1: its-sam87|move: Tailwind\n|move|p1b: Palafin|Ice Punch|p2b: Politoed\n|-resisted|p2b: Politoed\n|-damage|p2b: Politoed|88\/100\n|move|p2a: Rotom|Thunder|p1b: Palafin\n|-supereffective|p1b: Palafin\n|-damage|p1b: Palafin|18\/100\n|\n|-weather|RainDance|[upkeep]\n|upkeep\n|turn|4\n|\n|t:|1699899383\n|switch|p1b: Amoonguss|Amoonguss, M, shiny|100\/100\n|move|p1a: Tornadus|Bleakwind Storm|p2b: Politoed|[spread] p2a,p2b\n|-resisted|p2a: Rotom\n|-damage|p2a: Rotom|53\/100\n|-damage|p2b: Politoed|69\/100\n|-unboost|p2a: Rotom|spe|1\n|move|p2b: Politoed|Icy Wind|p1a: Tornadus|[spread] p1a,p1b\n|-supereffective|p1a: Tornadus\n|-supereffective|p1b: Amoonguss\n|-damage|p1a: Tornadus|79\/100\n|-damage|p1b: Amoonguss|85\/100\n|-unboost|p1b: Amoonguss|spe|1\n|move|p2a: Rotom|Thunder|p1a: Tornadus\n|-supereffective|p1a: Tornadus\n|-damage|p1a: Tornadus|0 fnt\n|faint|p1a: Tornadus\n|\n|-weather|RainDance|[upkeep]\n|upkeep\n|\n|t:|1699899394\n|switch|p1a: Palafin|Palafin-Hero, M|18\/100\n|turn|5\n|\n|t:|1699899406\n|switch|p2a: Tsareena|Tsareena, F|100\/100\n|move|p2b: Politoed|Protect|p2b: Politoed\n|-singleturn|p2b: Politoed|Protect\n|move|p1b: Amoonguss|Rage Powder|p1b: Amoonguss\n|-singleturn|p1b: Amoonguss|move: Rage Powder\n|move|p1a: Palafin|Drain Punch|p2b: Politoed\n|-activate|p2b: Politoed|move: Protect\n|\n|-weather|RainDance|[upkeep]\n|upkeep\n|turn|6\n|\n|t:|1699899417\n|switch|p2b: Basculegion|Basculegion-F, F, shiny|100\/100\n|move|p1a: Palafin|Drain Punch|p2a: Tsareena\n|-damage|p2a: Tsareena|65\/100\n|-heal|p1a: Palafin|34\/100|[from] drain|[of] p2a: Tsareena\n|move|p2a: Tsareena|U-turn|p1b: Amoonguss\n|-damage|p1b: Amoonguss|65\/100\n|-damage|p2a: Tsareena|48\/100|[from] item: Rocky Helmet|[of] p1b: Amoonguss\n|\n|t:|1699899428\n|switch|p2a: Scizor|Scizor, M|100\/100|[from] U-turn\n|move|p1b: Amoonguss|Spore|p2b: Basculegion\n|-status|p2b: Basculegion|slp|[from] move: Spore\n|\n|-weather|RainDance|[upkeep]\n|-sideend|p1: its-sam87|move: Tailwind\n|upkeep\n|turn|7\n|\n|t:|1699899439\n|cant|p2b: Basculegion|slp\n|move|p1a: Palafin|Drain Punch|p2a: Scizor\n|-damage|p2a: Scizor|67\/100\n|-heal|p1a: Palafin|48\/100|[from] drain|[of] p2a: Scizor\n|move|p2a: Scizor|Pounce|p1b: Amoonguss\n|-damage|p1b: Amoonguss|28\/100\n|-unboost|p1b: Amoonguss|spe|1\n|-damage|p2a: Scizor|51\/100|[from] item: Rocky Helmet|[of] p1b: Amoonguss\n|move|p1b: Amoonguss|Pollen Puff|p1a: Palafin\n|-heal|p1a: Palafin|98\/100\n|\n|-weather|RainDance|[upkeep]\n|upkeep\n|turn|8\n|\n|t:|1699899461\n|switch|p1a: Pelipper|Pelipper, M, shiny|100\/100\n|move|p1b: Amoonguss|Protect|p1b: Amoonguss\n|-singleturn|p1b: Amoonguss|Protect\n|cant|p2b: Basculegion|slp\n|move|p2a: Scizor|Pounce|p1b: Amoonguss\n|-activate|p1b: Amoonguss|move: Protect\n|\n|-weather|RainDance|[upkeep]\n|-sideend|p2: Jaiper_Showdown|move: Light Screen\n|upkeep\n|turn|9\n|\n|t:|1699899477\n|switch|p1a: Palafin|Palafin-Hero, M|98\/100\n|switch|p2a: Rotom|Rotom-Wash|53\/100\n|move|p1b: Amoonguss|Rage Powder|p1b: Amoonguss\n|-singleturn|p1b: Amoonguss|move: Rage Powder\n|-curestatus|p2b: Basculegion|slp|[msg]\n|move|p2b: Basculegion|Ice Beam|p1b: Amoonguss\n|-supereffective|p1b: Amoonguss\n|-crit|p1b: Amoonguss\n|-damage|p1b: Amoonguss|0 fnt\n|faint|p1b: Amoonguss\n|-damage|p2b: Basculegion|91\/100|[from] item: Life Orb\n|\n|-weather|RainDance|[upkeep]\n|-sideend|p2: Jaiper_Showdown|Reflect\n|upkeep\n|\n|t:|1699899491\n|switch|p1b: Basculegion|Basculegion-F, F|100\/100\n|turn|10\n|\n|t:|1699899507\n|-terastallize|p1b: Basculegion|Ghost\n|move|p1b: Basculegion|Last Respects|p2a: Rotom\n|-damage|p2a: Rotom|0 fnt\n|faint|p2a: Rotom\n|move|p2b: Basculegion|Shadow Ball|p1b: Basculegion\n|-supereffective|p1b: Basculegion\n|-damage|p1b: Basculegion|0 fnt\n|faint|p1b: Basculegion\n|-damage|p2b: Basculegion|81\/100|[from] item: Life Orb\n|move|p1a: Palafin|Wave Crash|p2b: Basculegion\n|-resisted|p2b: Basculegion\n|-damage|p2b: Basculegion|0 fnt\n|faint|p2b: Basculegion\n|-damage|p1a: Palafin|73\/100|[from] Recoil\n|\n|-weather|none\n|upkeep\n|\n|t:|1699899527\n|switch|p1b: Pelipper|Pelipper, M, shiny|100\/100\n|switch|p2b: Moltres|Moltres-Galar|100\/100\n|switch|p2a: Tsareena|Tsareena, F|48\/100\n|-weather|RainDance|[from] ability: Drizzle|[of] p1b: Pelipper\n|turn|11\n|\n|t:|1699899535\n|-terastallize|p2a: Tsareena|Water\n|move|p2b: Moltres|Protect|p2b: Moltres\n|-singleturn|p2b: Moltres|Protect\n|move|p1a: Palafin|Wave Crash|p2a: Tsareena\n|-resisted|p2a: Tsareena\n|-damage|p2a: Tsareena|0 fnt\n|faint|p2a: Tsareena\n|-damage|p1a: Palafin|59\/100|[from] Recoil\n|move|p1b: Pelipper|Hydro Pump|p2b: Moltres\n|-activate|p2b: Moltres|move: Protect\n|\n|-weather|RainDance|[upkeep]\n|upkeep\n|\n|t:|1699899545\n|switch|p2a: Politoed|Politoed, M|69\/100\n|turn|12\n|\n|t:|1699899551\n|move|p1a: Palafin|Wave Crash|p2b: Moltres\n|-crit|p2b: Moltres\n|-damage|p2b: Moltres|0 fnt\n|faint|p2b: Moltres\n|-damage|p1a: Palafin|30\/100|[from] Recoil\n|move|p2a: Politoed|Icy Wind|p1b: Pelipper|[spread] p1a,p1b\n|-resisted|p1a: Palafin\n|-damage|p1a: Palafin|25\/100\n|-damage|p1b: Pelipper|89\/100\n|-unboost|p1a: Palafin|spe|1\n|-unboost|p1b: Pelipper|spe|1\n|move|p1b: Pelipper|Hydro Pump|p2a: Politoed\n|-resisted|p2a: Politoed\n|-damage|p2a: Politoed|47\/100\n|\n|-weather|RainDance|[upkeep]\n|upkeep\n|\n|t:|1699899565\n|switch|p2b: Scizor|Scizor, M|51\/100\n|turn|13\n|\n|t:|1699899571\n|move|p2a: Politoed|Helping Hand|p2b: Scizor\n|-singleturn|p2b: Scizor|Helping Hand|[of] p2a: Politoed\n|move|p2b: Scizor|Bullet Punch|p1a: Palafin\n|-resisted|p1a: Palafin\n|-damage|p1a: Palafin|1\/100\n|move|p1a: Palafin|Wave Crash|p2b: Scizor\n|-damage|p2b: Scizor|0 fnt\n|faint|p2b: Scizor\n|-damage|p1a: Palafin|0 fnt|[from] Recoil\n|faint|p1a: Palafin\n|move|p1b: Pelipper|Hydro Pump|p2a: Politoed|[miss]\n|-miss|p1b: Pelipper|p2a: Politoed\n|\n|-weather|RainDance|[upkeep]\n|upkeep\n|turn|14\n|c|\u2606its-sam87|wow\n|inactive|its-sam87 has 120 seconds left.\n|c|\u2606its-sam87|i did not think id get this far\n|\n|t:|1699899609\n|move|p2a: Politoed|Muddy Water|p1b: Pelipper\n|-resisted|p1b: Pelipper\n|-damage|p1b: Pelipper|58\/100\n|-unboost|p1b: Pelipper|accuracy|1\n|move|p1b: Pelipper|Hydro Pump|p2a: Politoed\n|-resisted|p2a: Politoed\n|-damage|p2a: Politoed|22\/100\n|\n|-weather|RainDance|[upkeep]\n|upkeep\n|turn|15\n|\n|t:|1699899635\n|move|p2a: Politoed|Muddy Water|p1b: Pelipper\n|-resisted|p1b: Pelipper\n|-damage|p1b: Pelipper|30\/100\n|-unboost|p1b: Pelipper|accuracy|1\n|move|p1b: Pelipper|Hydro Pump|p2a: Politoed|[miss]\n|-miss|p1b: Pelipper|p2a: Politoed\n|\n|-weather|RainDance|[upkeep]\n|upkeep\n|turn|16\n|\n|t:|1699899642\n|move|p2a: Politoed|Muddy Water|p1b: Pelipper\n|-resisted|p1b: Pelipper\n|-damage|p1b: Pelipper|1\/100\n|move|p1b: Pelipper|U-turn|p2a: Politoed\n|-damage|p2a: Politoed|16\/100\n|\n|-weather|RainDance|[upkeep]\n|upkeep\n|turn|17\n|c|\u2606its-sam87|gg\n|\n|t:|1699899651\n|move|p2a: Politoed|Icy Wind|p1b: Pelipper\n|-damage|p1b: Pelipper|0 fnt\n|faint|p1b: Pelipper\n|\n|win|Jaiper_Showdown\n|raw|its-sam87's rating: 1541 &rarr; <strong>1528<\/strong><br \/>(-13 for losing)\n|raw|Jaiper_Showdown's rating: 1668 &rarr; <strong>1681<\/strong><br \/>(+13 for winning)\n","uploadtime":1699899664,"views":7,"p1id":"itssam87","p2id":"jaipershowdown","formatid":"gen9doublesou","rating":1528,"private":0,"password":""}