{"id":"gen9doublesou-1986840294","p1":"PikachuDoesntCutIt","p2":"Sir Grotle","format":"[Gen 9] Doubles OU","log":"|j|\u2606PikachuDoesntCutIt\n|j|\u2606Sir Grotle\n|inactive|Battle timer is ON: inactive players will automatically lose when time's up.\n|t:|1699532695\n|gametype|doubles\n|player|p1|PikachuDoesntCutIt|hiker|\n|player|p2|Sir Grotle|pilot|\n|teamsize|p1|6\n|teamsize|p2|6\n|gen|9\n|tier|[Gen 9] Doubles OU\n|rated|Tournament battle\n|rule|Species Clause: Limit one of each Pok\u00e9mon\n|rule|OHKO Clause: OHKO moves are banned\n|rule|Evasion Moves Clause: Evasion moves are banned\n|rule|Gravity Sleep Clause: The combination of sleep-inducing moves with imperfect accuracy and Gravity or Gigantamax Orbeetle are banned\n|rule|Endless Battle Clause: Forcing endless battles is banned\n|rule|HP Percentage Mod: HP is shown in percentages\n|clearpoke\n|poke|p1|Scizor, M|\n|poke|p1|Hariyama, M|\n|poke|p1|Arcanine, M|\n|poke|p1|Beartic, F|\n|poke|p1|Revavroom, F|\n|poke|p1|Chesnaught, M|\n|poke|p2|Salamence, M|\n|poke|p2|Fraxure, F|\n|poke|p2|Krokorok, F|\n|poke|p2|Monferno, M|\n|poke|p2|Garchomp, M|\n|poke|p2|Dolliv, F|\n|teampreview\n|j|*Lady Monita \u263d\n|j|^HEAVY-DUTY B0OTY\n|j| kanishk0612d\n|j| ElliottTJX\n|inactive|Sir Grotle has 120 seconds left.\n|\n|t:|1699532731\n|start\n|switch|p1a: Arcanine|Arcanine, M|100\/100\n|switch|p1b: Scizor|Scizor, M|100\/100\n|switch|p2a: Krokorok|Krokorok, F, shiny|100\/100\n|switch|p2b: Salamence|Salamence, M|100\/100\n|-ability|p2b: Salamence|Intimidate|boost\n|-unboost|p1a: Arcanine|atk|1\n|-unboost|p1b: Scizor|atk|1\n|-ability|p2a: Krokorok|Intimidate|boost\n|-unboost|p1a: Arcanine|atk|1\n|-unboost|p1b: Scizor|atk|1\n|-ability|p1a: Arcanine|Intimidate|boost\n|-unboost|p2a: Krokorok|atk|1\n|-unboost|p2b: Salamence|atk|1\n|turn|1\n|\n|t:|1699532756\n|switch|p2a: Garchomp|Garchomp, M|100\/100\n|move|p1a: Arcanine|Protect|p1a: Arcanine\n|-singleturn|p1a: Arcanine|Protect\n|move|p2b: Salamence|Hurricane|p1a: Arcanine\n|-activate|p1a: Arcanine|move: Protect\n|move|p1b: Scizor|Tailwind|p1b: Scizor\n|-sidestart|p1: PikachuDoesntCutIt|move: Tailwind\n|\n|upkeep\n|turn|2\n|l| ElliottTJX\n|inactive|PikachuDoesntCutIt has 120 seconds left.\n|\n|t:|1699532791\n|switch|p1b: Beartic|Beartic, F|100\/100\n|move|p1a: Arcanine|Will-O-Wisp|p2a: Garchomp|[miss]\n|-miss|p1a: Arcanine|p2a: Garchomp\n|move|p2a: Garchomp|Earthquake|p1b: Beartic|[spread] p1a,p1b\n|-immune|p2b: Salamence\n|-supereffective|p1a: Arcanine\n|-enditem|p1a: Arcanine|Focus Sash\n|-damage|p1a: Arcanine|1\/100\n|-damage|p1b: Beartic|55\/100\n|move|p2b: Salamence|Hurricane|p1a: Arcanine\n|-damage|p1a: Arcanine|0 fnt\n|faint|p1a: Arcanine\n|\n|-heal|p1b: Beartic|61\/100|[from] item: Leftovers\n|upkeep\n|inactive|PikachuDoesntCutIt has 120 seconds left.\n|\n|t:|1699532800\n|switch|p1a: Hariyama|Hariyama, M|100\/100\n|turn|3\n|\n|t:|1699532816\n|switch|p2b: Krokorok|Krokorok, F, shiny|100\/100\n|-ability|p2b: Krokorok|Intimidate|boost\n|-unboost|p1a: Hariyama|atk|1\n|-unboost|p1b: Beartic|atk|1\n|move|p2a: Garchomp|Protect|p2a: Garchomp\n|-singleturn|p2a: Garchomp|Protect\n|move|p1a: Hariyama|Close Combat|p2a: Garchomp\n|-activate|p2a: Garchomp|move: Protect\n|move|p1b: Beartic|Ice Punch|p2b: Krokorok\n|-supereffective|p2b: Krokorok\n|-damage|p2b: Krokorok|6\/100\n|\n|-heal|p1b: Beartic|67\/100|[from] item: Leftovers\n|-status|p1a: Hariyama|brn|[from] item: Flame Orb\n|upkeep\n|turn|4\n|\n|t:|1699532845\n|move|p1a: Hariyama|Bullet Punch|p2b: Krokorok\n|-crit|p2b: Krokorok\n|-damage|p2b: Krokorok|0 fnt\n|faint|p2b: Krokorok\n|move|p1b: Beartic|Ice Punch|p2a: Garchomp\n|-supereffective|p2a: Garchomp\n|-damage|p2a: Garchomp|0 fnt\n|-damage|p1b: Beartic|55\/100|[from] ability: Rough Skin|[of] p2a: Garchomp\n|faint|p2a: Garchomp\n|\n|-heal|p1b: Beartic|61\/100|[from] item: Leftovers\n|-damage|p1a: Hariyama|94\/100 brn|[from] brn\n|-sideend|p1: PikachuDoesntCutIt|move: Tailwind\n|upkeep\n|\n|t:|1699532850\n|switch|p2a: Salamence|Salamence, M|100\/100\n|switch|p2b: Monferno|Monferno, M|100\/100\n|-ability|p2a: Salamence|Intimidate|boost\n|-unboost|p1a: Hariyama|atk|1\n|-unboost|p1b: Beartic|atk|1\n|turn|5\n|\n|t:|1699532859\n|-terastallize|p2a: Salamence|Fairy\n|move|p1a: Hariyama|Protect|p1a: Hariyama\n|-singleturn|p1a: Hariyama|Protect\n|move|p1b: Beartic|Protect|p1b: Beartic\n|-singleturn|p1b: Beartic|Protect\n|move|p2b: Monferno|Fake Out|p1b: Beartic\n|-activate|p1b: Beartic|move: Protect\n|move|p2a: Salamence|Tera Blast|p1a: Hariyama|[anim] Tera Blast Fairy\n|-activate|p1a: Hariyama|move: Protect\n|\n|-heal|p1b: Beartic|67\/100|[from] item: Leftovers\n|-damage|p1a: Hariyama|88\/100 brn|[from] brn\n|upkeep\n|turn|6\n|\n|t:|1699532876\n|switch|p2a: Dolliv|Dolliv, F|100\/100\n|switch|p1a: Revavroom|Revavroom, F|100\/100\n|switch|p1b: Scizor|Scizor, M|100\/100\n|move|p2b: Monferno|Flare Blitz|p1b: Scizor\n|-supereffective|p1b: Scizor\n|-damage|p1b: Scizor|0 fnt\n|faint|p1b: Scizor\n|-damage|p2b: Monferno|66\/100|[from] Recoil\n|\n|upkeep\n|\n|t:|1699532899\n|switch|p1b: Hariyama|Hariyama, M|88\/100 brn\n|turn|7\n|\n|t:|1699532912\n|move|p2b: Monferno|Fake Out||[still]\n|-hint|Fake Out only works on your first turn out.\n|-fail|p2b: Monferno\n|move|p1a: Revavroom|Shift Gear|p1a: Revavroom\n|-boost|p1a: Revavroom|spe|2\n|-boost|p1a: Revavroom|atk|1\n|move|p1b: Hariyama|Close Combat|p2a: Dolliv\n|-supereffective|p2a: Dolliv\n|-damage|p2a: Dolliv|0 fnt\n|-unboost|p1b: Hariyama|def|1\n|-unboost|p1b: Hariyama|spd|1\n|faint|p2a: Dolliv\n|\n|-damage|p1b: Hariyama|82\/100 brn|[from] brn\n|upkeep\n|\n|t:|1699532917\n|switch|p2a: Salamence|Salamence, M, tera:Fairy|100\/100\n|-ability|p2a: Salamence|Intimidate|boost\n|-unboost|p1a: Revavroom|atk|1\n|-unboost|p1b: Hariyama|atk|1\n|turn|8\n|\n|t:|1699532937\n|move|p1b: Hariyama|Protect|p1b: Hariyama\n|-singleturn|p1b: Hariyama|Protect\n|move|p1a: Revavroom|Iron Head|p2a: Salamence\n|-supereffective|p2a: Salamence\n|-damage|p2a: Salamence|0 fnt\n|faint|p2a: Salamence\n|move|p2b: Monferno|Flare Blitz|p1a: Revavroom\n|-supereffective|p1a: Revavroom\n|-damage|p1a: Revavroom|21\/100\n|-damage|p2b: Monferno|37\/100|[from] Recoil\n|\n|-damage|p1b: Hariyama|76\/100 brn|[from] brn\n|upkeep\n|\n|t:|1699532939\n|switch|p2a: Fraxure|Fraxure, F|100\/100\n|-ability|p2a: Fraxure|Mold Breaker\n|turn|9\n|\n|t:|1699532953\n|switch|p1b: Chesnaught|Chesnaught, M|100\/100\n|move|p1a: Revavroom|Poison Jab|p2b: Monferno\n|-damage|p2b: Monferno|0 fnt\n|faint|p2b: Monferno\n|move|p2a: Fraxure|Dragon Dance|p2a: Fraxure\n|-boost|p2a: Fraxure|atk|1\n|-boost|p2a: Fraxure|spe|1\n|\n|upkeep\n|turn|10\n|\n|t:|1699532963\n|move|p1a: Revavroom|Iron Head|p2a: Fraxure\n|-damage|p2a: Fraxure|52\/100\n|move|p2a: Fraxure|Poison Jab|p1b: Chesnaught\n|-supereffective|p1b: Chesnaught\n|-damage|p1b: Chesnaught|39\/100\n|-enditem|p1b: Chesnaught|Sitrus Berry|[eat]\n|-heal|p1b: Chesnaught|64\/100|[from] item: Sitrus Berry\n|move|p1b: Chesnaught|Leech Seed|p2a: Fraxure\n|-start|p2a: Fraxure|move: Leech Seed\n|\n|-damage|p2a: Fraxure|39\/100|[from] Leech Seed|[of] p1b: Chesnaught\n|-heal|p1b: Chesnaught|74\/100|[silent]\n|upkeep\n|turn|11\n|\n|t:|1699532977\n|move|p1a: Revavroom|Iron Head|p2a: Fraxure\n|-damage|p2a: Fraxure|0 fnt\n|faint|p2a: Fraxure\n|\n|win|PikachuDoesntCutIt\n|n|\u2606PikachuDoesntCutIt|pikachudoesntcutit\n|n|\u2606Sir Grotle|sirgrotle\n|n|*Lady Monita \u263d|ladymonita\n|n| HEAVY-DUTY B0OTY|heavydutyb0oty\n|n| kanishk0612d|kanishk0612d\n","uploadtime":1699532978,"views":11,"p1id":"pikachudoesntcutit","p2id":"sirgrotle","formatid":"gen9doublesou","rating":0,"private":0,"password":""}