{"id":"gen9doublesou-1983362221","p1":"Blue Sharpie 06","p2":"hushai","format":"[Gen 9] Doubles OU","log":"|j|\u2606Blue Sharpie 06\n|j|\u2606hushai\n|t:|1699122158\n|gametype|doubles\n|player|p1|Blue Sharpie 06|giovanni|1129\n|player|p2|hushai|valerie|1192\n|teamsize|p1|6\n|teamsize|p2|6\n|gen|9\n|tier|[Gen 9] Doubles OU\n|rated|\n|rule|Species Clause: Limit one of each Pok\u00e9mon\n|rule|OHKO Clause: OHKO moves are banned\n|rule|Evasion Moves Clause: Evasion moves are banned\n|rule|Gravity Sleep Clause: The combination of sleep-inducing moves with imperfect accuracy and Gravity or Gigantamax Orbeetle are banned\n|rule|Endless Battle Clause: Forcing endless battles is banned\n|rule|HP Percentage Mod: HP is shown in percentages\n|clearpoke\n|poke|p1|Ogerpon, F|\n|poke|p1|Clefairy, F|\n|poke|p1|Tornadus, M|\n|poke|p1|Iron Hands|\n|poke|p1|Chien-Pao|\n|poke|p1|Flutter Mane|\n|poke|p2|Froslass, F|\n|poke|p2|Ninetales-Alola, F|\n|poke|p2|Tauros-Paldea-Blaze, M|\n|poke|p2|Meowscarada, M|\n|poke|p2|Garganacl, M|\n|poke|p2|Rotom-Wash|\n|teampreview\n|inactive|Battle timer is ON: inactive players will automatically lose when time's up. (requested by Blue Sharpie 06)\n|\n|t:|1699122175\n|start\n|switch|p1a: Tornadus|Tornadus, M|100\/100\n|switch|p1b: Chien-Pao|Chien-Pao|100\/100\n|switch|p2a: Froslass|Froslass, F|100\/100\n|switch|p2b: Ninetales|Ninetales-Alola, F|100\/100\n|-ability|p1b: Chien-Pao|Sword of Ruin\n|-weather|Snow|[from] ability: Snow Warning|[of] p2b: Ninetales\n|turn|1\n|\n|t:|1699122193\n|move|p1a: Tornadus|Rain Dance|p1a: Tornadus\n|-weather|RainDance\n|move|p1b: Chien-Pao|Crunch|p2a: Froslass\n|-supereffective|p2a: Froslass\n|-enditem|p2a: Froslass|Focus Sash\n|-damage|p2a: Froslass|1\/100\n|-unboost|p2a: Froslass|def|1\n|move|p2a: Froslass|Blizzard|p1b: Chien-Pao|[spread] p1b\n|-miss|p2a: Froslass|p1a: Tornadus\n|-resisted|p1b: Chien-Pao\n|-damage|p1b: Chien-Pao|75\/100\n|move|p2b: Ninetales|Dazzling Gleam|p1a: Tornadus|[spread] p1a,p1b\n|-supereffective|p1b: Chien-Pao\n|-damage|p1a: Tornadus|81\/100\n|-damage|p1b: Chien-Pao|5\/100\n|\n|-weather|RainDance|[upkeep]\n|upkeep\n|turn|2\n|\n|t:|1699122221\n|move|p1b: Chien-Pao|Ice Shard|p2a: Froslass\n|-resisted|p2a: Froslass\n|-crit|p2a: Froslass\n|-damage|p2a: Froslass|0 fnt\n|-start|p1b: Chien-Pao|Disable|Ice Shard|[from] ability: Cursed Body|[of] p2a: Froslass\n|faint|p2a: Froslass\n|move|p1a: Tornadus|Tailwind|p1a: Tornadus\n|-sidestart|p1: Blue Sharpie 06|move: Tailwind\n|move|p2b: Ninetales|Dazzling Gleam|p1b: Chien-Pao|[spread] p1a,p1b\n|-supereffective|p1b: Chien-Pao\n|-damage|p1a: Tornadus|65\/100\n|-damage|p1b: Chien-Pao|0 fnt\n|faint|p1b: Chien-Pao\n|\n|-weather|RainDance|[upkeep]\n|upkeep\n|\n|t:|1699122241\n|switch|p1b: Iron Hands|Iron Hands|100\/100\n|switch|p2a: Rotom|Rotom-Wash|100\/100\n|turn|3\n|\n|t:|1699122261\n|move|p1b: Iron Hands|Fake Out|p2a: Rotom\n|-damage|p2a: Rotom|79\/100\n|move|p1a: Tornadus|Hurricane|p2a: Rotom\n|-resisted|p2a: Rotom\n|-damage|p2a: Rotom|46\/100\n|cant|p2a: Rotom|flinch\n|move|p2b: Ninetales|Nasty Plot|p2b: Ninetales\n|-boost|p2b: Ninetales|spa|2\n|\n|-weather|RainDance|[upkeep]\n|upkeep\n|turn|4\n|\n|t:|1699122277\n|move|p1a: Tornadus|Taunt|p2b: Ninetales\n|-start|p2b: Ninetales|move: Taunt\n|move|p2a: Rotom|Trick|p1b: Iron Hands\n|-activate|p2a: Rotom|move: Trick|[of] p1b: Iron Hands\n|-item|p1b: Iron Hands|Choice Scarf|[from] move: Trick\n|-item|p2a: Rotom|Sitrus Berry|[from] move: Trick\n|-enditem|p2a: Rotom|Sitrus Berry|[eat]\n|-heal|p2a: Rotom|71\/100|[from] item: Sitrus Berry\n|move|p1b: Iron Hands|Wild Charge|p2a: Rotom\n|-damage|p2a: Rotom|0 fnt\n|faint|p2a: Rotom\n|-damage|p1b: Iron Hands|92\/100|[from] Recoil\n|move|p2b: Ninetales|Dazzling Gleam|p1a: Tornadus|[spread] p1a,p1b\n|-supereffective|p1b: Iron Hands\n|-damage|p1a: Tornadus|29\/100\n|-damage|p1b: Iron Hands|8\/100\n|\n|-weather|RainDance|[upkeep]\n|upkeep\n|\n|t:|1699122294\n|switch|p2a: Meowscarada|Meowscarada, M|100\/100\n|turn|5\n|\n|t:|1699122304\n|move|p1a: Tornadus|Hurricane|p2a: Meowscarada\n|-supereffective|p2a: Meowscarada\n|-damage|p2a: Meowscarada|0 fnt\n|faint|p2a: Meowscarada\n|move|p1b: Iron Hands|Wild Charge|p2b: Ninetales\n|-damage|p2b: Ninetales|19\/100\n|-damage|p1b: Iron Hands|0 fnt|[from] Recoil\n|faint|p1b: Iron Hands\n|-end|p1b: Iron Hands|Quark Drive|[silent]\n|move|p2b: Ninetales|Dazzling Gleam|p1a: Tornadus\n|-damage|p1a: Tornadus|0 fnt\n|faint|p1a: Tornadus\n|\n|-weather|none\n|-sideend|p1: Blue Sharpie 06|move: Tailwind\n|upkeep\n|\n|t:|1699122323\n|switch|p2a: Tauros|Tauros-Paldea-Blaze, M|100\/100\n|switch|p1a: Clefairy|Clefairy, F|100\/100\n|switch|p1b: Ogerpon|Ogerpon, F|100\/100\n|turn|6\n|\n|t:|1699122345\n|move|p1a: Clefairy|Follow Me|p1a: Clefairy\n|-singleturn|p1a: Clefairy|move: Follow Me\n|move|p1b: Ogerpon|Swords Dance|p1b: Ogerpon\n|-boost|p1b: Ogerpon|atk|2\n|move|p2b: Ninetales|Blizzard|p1a: Clefairy|[spread] p1a\n|-miss|p2b: Ninetales|p1b: Ogerpon\n|-damage|p1a: Clefairy|60\/100\n|move|p2a: Tauros|Will-O-Wisp|p1a: Clefairy\n|-status|p1a: Clefairy|brn\n|\n|-damage|p1a: Clefairy|54\/100 brn|[from] brn\n|-end|p2b: Ninetales|move: Taunt\n|upkeep\n|turn|7\n|\n|t:|1699122364\n|move|p1a: Clefairy|Follow Me|p1a: Clefairy\n|-singleturn|p1a: Clefairy|move: Follow Me\n|move|p1b: Ogerpon|Ivy Cudgel|p2b: Ninetales\n|-damage|p2b: Ninetales|0 fnt\n|faint|p2b: Ninetales\n|move|p2a: Tauros|Raging Bull|p1a: Clefairy\n|-damage|p1a: Clefairy|15\/100 brn\n|\n|-damage|p1a: Clefairy|9\/100 brn|[from] brn\n|upkeep\n|c|\u2606hushai|bruh\n|\n|t:|1699122373\n|switch|p2b: Garganacl|Garganacl, M|100\/100\n|turn|8\n|\n|t:|1699122379\n|move|p1a: Clefairy|Follow Me|p1a: Clefairy\n|-singleturn|p1a: Clefairy|move: Follow Me\n|move|p1b: Ogerpon|Ivy Cudgel|p2b: Garganacl\n|-supereffective|p2b: Garganacl\n|-crit|p2b: Garganacl\n|-damage|p2b: Garganacl|0 fnt\n|faint|p2b: Garganacl\n|move|p2a: Tauros|Raging Bull|p1a: Clefairy\n|-damage|p1a: Clefairy|0 fnt\n|faint|p1a: Clefairy\n|\n|upkeep\n|\n|t:|1699122390\n|switch|p1a: Flutter Mane|Flutter Mane|100\/100\n|-enditem|p1a: Flutter Mane|Booster Energy\n|-activate|p1a: Flutter Mane|ability: Protosynthesis|[fromitem]\n|-start|p1a: Flutter Mane|protosynthesisspe\n|turn|9\n|\n|t:|1699122401\n|-terastallize|p1a: Flutter Mane|Ghost\n|move|p1a: Flutter Mane|Shadow Ball|p2a: Tauros\n|-damage|p2a: Tauros|55\/100\n|move|p1b: Ogerpon|Ivy Cudgel|p2a: Tauros\n|-resisted|p2a: Tauros\n|-crit|p2a: Tauros\n|-damage|p2a: Tauros|0 fnt\n|faint|p2a: Tauros\n|\n|win|Blue Sharpie 06\n|raw|Blue Sharpie 06's rating: 1129 &rarr; <strong>1158<\/strong><br \/>(+29 for winning)\n|raw|hushai's rating: 1192 &rarr; <strong>1163<\/strong><br \/>(-29 for losing)\n|l|\u2606hushai\n|c|\u2606Blue Sharpie 06|Gg\n","uploadtime":1699122422,"views":32,"p1id":"bluesharpie06","p2id":"hushai","formatid":"gen9doublesou","rating":1158,"private":0,"password":""}