{"id":"gen9doublesou-1974890574","p1":"RedNecroDevil","p2":"Leblades123","format":"[Gen 9] Doubles OU","log":"|j|\u2606RedNecroDevil\n|j|\u2606Leblades123\n|t:|1698140638\n|gametype|doubles\n|player|p1|RedNecroDevil|169|1001\n|player|p2|Leblades123|hiker-gen4|1140\n|teamsize|p1|6\n|teamsize|p2|6\n|gen|9\n|tier|[Gen 9] Doubles OU\n|rated|\n|rule|Species Clause: Limit one of each Pok\u00e9mon\n|rule|OHKO Clause: OHKO moves are banned\n|rule|Evasion Moves Clause: Evasion moves are banned\n|rule|Gravity Sleep Clause: The combination of sleep-inducing moves with imperfect accuracy and Gravity or Gigantamax Orbeetle are banned\n|rule|Endless Battle Clause: Forcing endless battles is banned\n|rule|HP Percentage Mod: HP is shown in percentages\n|clearpoke\n|poke|p1|Arbok, F|\n|poke|p1|Sableye, M|\n|poke|p1|Diancie|\n|poke|p1|Clefable, F|\n|poke|p1|Tyranitar, F|\n|poke|p1|Overqwil, F|\n|poke|p2|Empoleon, M|\n|poke|p2|Sinistcha|\n|poke|p2|Magcargo, M|\n|poke|p2|Dragonite, F|\n|poke|p2|Chien-Pao|\n|poke|p2|Weezing-Galar, F|\n|teampreview\n|inactive|Battle timer is ON: inactive players will automatically lose when time's up. (requested by RedNecroDevil)\n|\n|t:|1698140663\n|start\n|switch|p1a: Overqwil|Overqwil, F|100\/100\n|switch|p1b: Sableye|Sableye, M|100\/100\n|switch|p2a: Empoleon|Empoleon, M|100\/100\n|switch|p2b: Magcargo|Magcargo, M|100\/100\n|-ability|p1a: Overqwil|Intimidate|boost\n|-unboost|p2a: Empoleon|atk|1\n|-ability|p2a: Empoleon|Competitive|boost\n|-boost|p2a: Empoleon|spa|2\n|-unboost|p2b: Magcargo|atk|1\n|turn|1\n|\n|t:|1698140685\n|switch|p2a: Chien-Pao|Chien-Pao|100\/100\n|-ability|p2a: Chien-Pao|Sword of Ruin\n|move|p1b: Sableye|Trick|p2a: Chien-Pao\n|-hint|Since gen 7, Dark is immune to Prankster moves.\n|-immune|p2a: Chien-Pao\n|move|p1a: Overqwil|Acupressure|p1a: Overqwil\n|-boost|p1a: Overqwil|atk|2\n|move|p2b: Magcargo|Shell Smash|p2b: Magcargo\n|-unboost|p2b: Magcargo|def|1\n|-unboost|p2b: Magcargo|spd|1\n|-boost|p2b: Magcargo|atk|2\n|-boost|p2b: Magcargo|spa|2\n|-boost|p2b: Magcargo|spe|2\n|\n|upkeep\n|turn|2\n|\n|t:|1698140711\n|move|p1b: Sableye|Trick|p2b: Magcargo\n|-activate|p1b: Sableye|move: Trick|[of] p2b: Magcargo\n|-item|p2b: Magcargo|Choice Scarf|[from] move: Trick\n|-item|p1b: Sableye|Weakness Policy|[from] move: Trick\n|move|p2a: Chien-Pao|Sacred Sword|p1a: Overqwil\n|-damage|p1a: Overqwil|28\/100\n|move|p2b: Magcargo|Power Gem|p1b: Sableye\n|-damage|p1b: Sableye|27\/100\n|move|p1a: Overqwil|Acupressure|p1a: Overqwil\n|-boost|p1a: Overqwil|spa|2\n|\n|-heal|p1a: Overqwil|35\/100|[from] item: Leftovers\n|upkeep\n|turn|3\n|\n|t:|1698140728\n|move|p1b: Sableye|Thunder Wave|p2b: Magcargo\n|-status|p2b: Magcargo|par\n|move|p2a: Chien-Pao|Sacred Sword|p1a: Overqwil\n|-damage|p1a: Overqwil|0 fnt\n|faint|p1a: Overqwil\n|move|p2b: Magcargo|Power Gem|p1b: Sableye\n|-damage|p1b: Sableye|0 fnt\n|faint|p1b: Sableye\n|\n|upkeep\n|\n|t:|1698140738\n|switch|p1a: Arbok|Arbok, F|100\/100\n|switch|p1b: Clefable|Clefable, F|100\/100\n|-ability|p1a: Arbok|Intimidate|boost\n|-unboost|p2a: Chien-Pao|atk|1\n|-unboost|p2b: Magcargo|atk|1\n|turn|4\n|\n|t:|1698140755\n|switch|p2a: Empoleon|Empoleon, M|100\/100\n|move|p1b: Clefable|Follow Me|p1b: Clefable\n|-singleturn|p1b: Clefable|move: Follow Me\n|move|p1a: Arbok|Gastro Acid|p2a: Empoleon\n|-endability|p2a: Empoleon\n|cant|p2b: Magcargo|par\n|\n|upkeep\n|turn|5\n|\n|t:|1698140778\n|move|p1b: Clefable|Follow Me|p1b: Clefable\n|-singleturn|p1b: Clefable|move: Follow Me\n|move|p1a: Arbok|Coil|p1a: Arbok\n|-boost|p1a: Arbok|atk|1\n|-boost|p1a: Arbok|def|1\n|-boost|p1a: Arbok|accuracy|1\n|move|p2a: Empoleon|Flash Cannon|p1b: Clefable\n|-supereffective|p1b: Clefable\n|-damage|p1b: Clefable|29\/100\n|cant|p2b: Magcargo|par\n|\n|-heal|p1b: Clefable|35\/100|[from] item: Leftovers\n|upkeep\n|turn|6\n|\n|t:|1698140794\n|move|p1b: Clefable|Follow Me|p1b: Clefable\n|-singleturn|p1b: Clefable|move: Follow Me\n|move|p1a: Arbok|Trailblaze|p2a: Empoleon\n|-damage|p2a: Empoleon|80\/100\n|-boost|p1a: Arbok|spe|1\n|move|p2a: Empoleon|Flash Cannon|p1b: Clefable\n|-supereffective|p1b: Clefable\n|-damage|p1b: Clefable|0 fnt\n|faint|p1b: Clefable\n|move|p2b: Magcargo|Power Gem|p1a: Arbok\n|-damage|p1a: Arbok|4\/100\n|\n|-heal|p1a: Arbok|10\/100|[from] item: Leftovers\n|upkeep\n|\n|t:|1698140813\n|switch|p1b: Tyranitar|Tyranitar, F|100\/100\n|-weather|Sandstorm|[from] ability: Sand Stream|[of] p1b: Tyranitar\n|turn|7\n|\n|t:|1698140822\n|move|p1a: Arbok|Rock Slide|p2a: Empoleon|[spread] p2a,p2b\n|-resisted|p2a: Empoleon\n|-supereffective|p2b: Magcargo\n|-damage|p2a: Empoleon|67\/100\n|-damage|p2b: Magcargo|41\/100 par\n|-ability|p2b: Magcargo|Weak Armor|boost\n|-unboost|p2b: Magcargo|def|1\n|-boost|p2b: Magcargo|spe|2\n|move|p2b: Magcargo|Power Gem|p1a: Arbok\n|-damage|p1a: Arbok|0 fnt\n|faint|p1a: Arbok\n|move|p1b: Tyranitar|Dragon Dance|p1b: Tyranitar\n|-boost|p1b: Tyranitar|atk|1\n|-boost|p1b: Tyranitar|spe|1\n|move|p2a: Empoleon|Hydro Pump|p1b: Tyranitar\n|-supereffective|p1b: Tyranitar\n|-damage|p1b: Tyranitar|37\/100\n|\n|-weather|Sandstorm|[upkeep]\n|-heal|p1b: Tyranitar|43\/100|[from] item: Leftovers\n|upkeep\n|\n|t:|1698140833\n|switch|p1a: Diancie|Diancie|100\/100\n|turn|8\n|\n|t:|1698140847\n|move|p1b: Tyranitar|Crunch|p2a: Empoleon\n|-damage|p2a: Empoleon|3\/100\n|move|p2b: Magcargo|Power Gem|p1b: Tyranitar\n|-damage|p1b: Tyranitar|9\/100\n|move|p2a: Empoleon|Hydro Pump|p1b: Tyranitar\n|-supereffective|p1b: Tyranitar\n|-damage|p1b: Tyranitar|0 fnt\n|faint|p1b: Tyranitar\n|move|p1a: Diancie|Diamond Storm|p2a: Empoleon|[spread] p2a\n|-miss|p1a: Diancie|p2b: Magcargo\n|-resisted|p2a: Empoleon\n|-damage|p2a: Empoleon|0 fnt\n|-boost|p1a: Diancie|def|2\n|faint|p2a: Empoleon\n|\n|-weather|Sandstorm|[upkeep]\n|upkeep\n|\n|t:|1698140865\n|switch|p2a: Sinistcha|Sinistcha|100\/100\n|-heal|p2b: Magcargo|66\/100 par|[from] ability: Hospitality|[of] p2a: Sinistcha\n|turn|9\n|\n|t:|1698140876\n|move|p2b: Magcargo|Power Gem|p1a: Diancie\n|-damage|p1a: Diancie|70\/100\n|move|p2a: Sinistcha|Matcha Gotcha|p1a: Diancie\n|-supereffective|p1a: Diancie\n|-damage|p1a: Diancie|30\/100\n|move|p1a: Diancie|Ancient Power|p2b: Magcargo\n|-supereffective|p2b: Magcargo\n|-damage|p2b: Magcargo|21\/100 par\n|\n|-weather|Sandstorm|[upkeep]\n|-damage|p2a: Sinistcha|94\/100|[from] Sandstorm\n|-heal|p1a: Diancie|37\/100|[from] item: Leftovers\n|upkeep\n|turn|10\n|\n|t:|1698140893\n|move|p2b: Magcargo|Power Gem|p1a: Diancie\n|-damage|p1a: Diancie|2\/100\n|move|p2a: Sinistcha|Matcha Gotcha|p1a: Diancie\n|-supereffective|p1a: Diancie\n|-damage|p1a: Diancie|0 fnt\n|-heal|p2a: Sinistcha|95\/100|[from] drain|[of] p1a: Diancie\n|faint|p1a: Diancie\n|\n|win|Leblades123\n|raw|RedNecroDevil's rating: 1001 &rarr; <strong>1000<\/strong><br \/>(-1 for losing)\n|raw|Leblades123's rating: 1140 &rarr; <strong>1155<\/strong><br \/>(+15 for winning)\n|l|\u2606RedNecroDevil\n|l|\u2606Leblades123\n|j|\u2606Leblades123\n|player|p2|Leblades123|hiker-gen4\n","uploadtime":1698141043,"views":19,"p1id":"rednecrodevil","p2id":"leblades123","formatid":"gen9doublesou","rating":1000,"private":0,"password":""}