{"id":"gen9doublesou-1998865690","p1":"superpoopingbutts","p2":"goodra61","format":"[Gen 9] Doubles OU","log":"|j|\u2606superpoopingbutts\n|j|\u2606goodra61\n|t:|1701005492\n|gametype|doubles\n|player|p1|superpoopingbutts|pokefan-gen4|1465\n|player|p2|goodra61|lucas-gen4pt|1573\n|teamsize|p1|6\n|teamsize|p2|6\n|gen|9\n|tier|[Gen 9] Doubles OU\n|rated|\n|rule|Species Clause: Limit one of each Pok\u00e9mon\n|rule|OHKO Clause: OHKO moves are banned\n|rule|Evasion Moves Clause: Evasion moves are banned\n|rule|Gravity Sleep Clause: The combination of sleep-inducing moves with imperfect accuracy and Gravity or Gigantamax Orbeetle are banned\n|rule|Endless Battle Clause: Forcing endless battles is banned\n|rule|HP Percentage Mod: HP is shown in percentages\n|clearpoke\n|poke|p1|Ninetales, M|\n|poke|p1|Gliscor, M|\n|poke|p1|Walking Wake|\n|poke|p1|Mew|\n|poke|p1|Thundurus-Therian, M|\n|poke|p1|Typhlosion, F|\n|poke|p2|Brambleghast, F|\n|poke|p2|Tornadus, M|\n|poke|p2|Garchomp, M|\n|poke|p2|Gardevoir, F|\n|poke|p2|Milotic, M|\n|poke|p2|Farigiraf, M|\n|teampreview\n|\n|t:|1701005522\n|start\n|switch|p1a: Thundurus|Thundurus-Therian, M|100\/100\n|switch|p1b: Mew|Mew, shiny|100\/100\n|switch|p2a: Tornadus|Tornadus, M|100\/100\n|switch|p2b: Brambleghast|Brambleghast, F|100\/100\n|turn|1\n|\n|t:|1701005547\n|move|p2a: Tornadus|Tailwind|p2a: Tornadus\n|-sidestart|p2: goodra61|move: Tailwind\n|-ability|p2b: Brambleghast|Wind Rider|boost\n|-boost|p2b: Brambleghast|atk|1\n|move|p2b: Brambleghast|Poltergeist|p1b: Mew|[miss]\n|-miss|p2b: Brambleghast|p1b: Mew\n|move|p1a: Thundurus|Volt Switch|p2a: Tornadus\n|-supereffective|p2a: Tornadus\n|-damage|p2a: Tornadus|16\/100\n|\n|t:|1701005566\n|switch|p1a: Typhlosion|Typhlosion, F|100\/100|[from] Volt Switch\n|move|p1b: Mew|Trick Room|p1b: Mew\n|-fieldstart|move: Trick Room|[of] p1b: Mew\n|\n|upkeep\n|turn|2\n|\n|t:|1701005602\n|switch|p1b: Ninetales|Ninetales, M, shiny|100\/100\n|-weather|SunnyDay|[from] ability: Drought|[of] p1b: Ninetales\n|-terastallize|p2b: Brambleghast|Water\n|move|p1a: Typhlosion|Eruption|p2a: Tornadus|[spread] p2a,p2b\n|-resisted|p2b: Brambleghast\n|-damage|p2a: Tornadus|0 fnt\n|-damage|p2b: Brambleghast|29\/100\n|faint|p2a: Tornadus\n|move|p2b: Brambleghast|Tera Blast|p1a: Typhlosion|[anim] Tera Blast Water\n|-supereffective|p1a: Typhlosion\n|-damage|p1a: Typhlosion|13\/100\n|\n|-weather|SunnyDay|[upkeep]\n|upkeep\n|\n|t:|1701005619\n|switch|p2a: Farigiraf|Farigiraf, M|100\/100\n|turn|3\n|\n|t:|1701005629\n|switch|p1a: Mew|Mew, shiny|100\/100\n|move|p2b: Brambleghast|Protect|p2b: Brambleghast\n|-singleturn|p2b: Brambleghast|Protect\n|move|p1b: Ninetales|Solar Beam||[still]\n|-prepare|p1b: Ninetales|Solar Beam\n|-anim|p1b: Ninetales|Solar Beam|p2b: Brambleghast\n|-activate|p2b: Brambleghast|move: Protect\n|move|p2a: Farigiraf|Trick Room|p2a: Farigiraf\n|-fieldend|move: Trick Room\n|\n|-weather|SunnyDay|[upkeep]\n|upkeep\n|turn|4\n|\n|t:|1701005666\n|switch|p1b: Thundurus|Thundurus-Therian, M|100\/100\n|-terastallize|p1a: Mew|Normal\n|move|p2b: Brambleghast|Tera Blast|p1b: Thundurus|[anim] Tera Blast Water\n|-damage|p1b: Thundurus|59\/100\n|move|p2a: Farigiraf|Imprison|p2a: Farigiraf\n|-start|p2a: Farigiraf|move: Imprison\n|move|p1a: Mew|Psychic Fangs|p2b: Brambleghast\n|-damage|p2b: Brambleghast|0 fnt\n|faint|p2b: Brambleghast\n|\n|-weather|SunnyDay|[upkeep]\n|-sideend|p2: goodra61|move: Tailwind\n|upkeep\n|\n|t:|1701005689\n|switch|p2b: Gardevoir|Gardevoir, F|100\/100\n|turn|5\n|\n|t:|1701005697\n|move|p1b: Thundurus|Sludge Bomb|p2b: Gardevoir\n|-supereffective|p2b: Gardevoir\n|-damage|p2b: Gardevoir|56\/100\n|-status|p2b: Gardevoir|psn\n|move|p2b: Gardevoir|Icy Wind|p1a: Mew|[spread] p1a,p1b\n|-supereffective|p1b: Thundurus\n|-damage|p1a: Mew|90\/100\n|-damage|p1b: Thundurus|38\/100\n|-unboost|p1a: Mew|spe|1\n|-unboost|p1b: Thundurus|spe|1\n|move|p2a: Farigiraf|Hyper Voice|p1b: Thundurus|[spread] p1a,p1b\n|-damage|p1a: Mew|64\/100\n|-damage|p1b: Thundurus|11\/100\n|-enditem|p2a: Farigiraf|Throat Spray\n|-boost|p2a: Farigiraf|spa|1|[from] item: Throat Spray\n|move|p1a: Mew|Life Dew|p1a: Mew|[spread] p1a,p1b\n|-heal|p1a: Mew|89\/100\n|-heal|p1b: Thundurus|36\/100\n|\n|-weather|SunnyDay|[upkeep]\n|-heal|p1a: Mew|95\/100|[from] item: Leftovers\n|-damage|p2b: Gardevoir|44\/100 psn|[from] psn\n|upkeep\n|turn|6\n|\n|t:|1701005730\n|move|p2b: Gardevoir|Moonblast|p1a: Mew\n|-damage|p1a: Mew|59\/100\n|-unboost|p1a: Mew|spa|1\n|move|p1b: Thundurus|Sludge Bomb|p2b: Gardevoir\n|-supereffective|p2b: Gardevoir\n|-damage|p2b: Gardevoir|0 fnt\n|faint|p2b: Gardevoir\n|move|p2a: Farigiraf|Hyper Voice|p1b: Thundurus|[spread] p1a,p1b\n|-damage|p1a: Mew|21\/100\n|-damage|p1b: Thundurus|0 fnt\n|faint|p1b: Thundurus\n|move|p1a: Mew|Life Dew|p1a: Mew\n|-heal|p1a: Mew|46\/100\n|\n|-weather|SunnyDay|[upkeep]\n|-heal|p1a: Mew|52\/100|[from] item: Leftovers\n|upkeep\n|\n|t:|1701005770\n|switch|p1b: Gliscor|Gliscor, M|100\/100\n|switch|p2b: Milotic|Milotic, M|100\/100\n|turn|7\n|\n|t:|1701005792\n|move|p1b: Gliscor|Knock Off|p2a: Farigiraf\n|-supereffective|p2a: Farigiraf\n|-damage|p2a: Farigiraf|74\/100\n|move|p2b: Milotic|Icy Wind|p1a: Mew|[spread] p1a,p1b\n|-supereffective|p1b: Gliscor\n|-damage|p1a: Mew|44\/100\n|-damage|p1b: Gliscor|64\/100\n|-unboost|p1a: Mew|spe|1\n|-unboost|p1b: Gliscor|spe|1\n|move|p2a: Farigiraf|Hyper Voice|p1a: Mew|[spread] p1a,p1b\n|-damage|p1a: Mew|6\/100\n|-damage|p1b: Gliscor|21\/100\n|move|p1a: Mew|Life Dew|p1a: Mew|[spread] p1a,p1b\n|-heal|p1a: Mew|31\/100\n|-heal|p1b: Gliscor|46\/100\n|\n|-weather|SunnyDay|[upkeep]\n|-heal|p1a: Mew|37\/100|[from] item: Leftovers\n|-status|p2b: Milotic|brn|[from] item: Flame Orb\n|-status|p1b: Gliscor|tox|[from] item: Toxic Orb\n|upkeep\n|turn|8\n|\n|t:|1701005848\n|move|p2b: Milotic|Icy Wind|p1a: Mew|[spread] p1a,p1b\n|-supereffective|p1b: Gliscor\n|-damage|p1a: Mew|30\/100\n|-damage|p1b: Gliscor|12\/100 tox\n|-unboost|p1a: Mew|spe|1\n|-unboost|p1b: Gliscor|spe|1\n|move|p2a: Farigiraf|Hyper Voice|p1b: Gliscor|[spread] p1a,p1b\n|-damage|p1a: Mew|0 fnt\n|-damage|p1b: Gliscor|0 fnt\n|faint|p1a: Mew\n|faint|p1b: Gliscor\n|\n|-weather|SunnyDay|[upkeep]\n|-damage|p2b: Milotic|94\/100 brn|[from] brn\n|upkeep\n|\n|t:|1701005866\n|switch|p1a: Typhlosion|Typhlosion, F|13\/100\n|switch|p1b: Walking Wake|Walking Wake|100\/100\n|-activate|p1b: Walking Wake|ability: Protosynthesis\n|-start|p1b: Walking Wake|protosynthesisspa\n|turn|9\n|\n|t:|1701005889\n|move|p1a: Typhlosion|Solar Beam||[still]\n|-prepare|p1a: Typhlosion|Solar Beam\n|-anim|p1a: Typhlosion|Solar Beam|p2b: Milotic\n|-supereffective|p2b: Milotic\n|-damage|p2b: Milotic|43\/100 brn\n|move|p1b: Walking Wake|Dragon Pulse|p2b: Milotic\n|-damage|p2b: Milotic|0 fnt\n|faint|p2b: Milotic\n|move|p2a: Farigiraf|Trick Room|p2a: Farigiraf\n|-fieldstart|move: Trick Room|[of] p2a: Farigiraf\n|\n|-weather|none\n|-end|p1b: Walking Wake|Protosynthesis\n|upkeep\n|\n|t:|1701005901\n|switch|p2b: Garchomp|Garchomp, M|100\/100\n|turn|10\n|\n|t:|1701005930\n|move|p2a: Farigiraf|Hyper Voice|p1a: Typhlosion|[spread] p1a,p1b\n|-damage|p1a: Typhlosion|0 fnt\n|-damage|p1b: Walking Wake|39\/100\n|faint|p1a: Typhlosion\n|move|p1b: Walking Wake|Dragon Pulse|p2b: Garchomp\n|-supereffective|p2b: Garchomp\n|-damage|p2b: Garchomp|0 fnt\n|faint|p2b: Garchomp\n|\n|upkeep\n|\n|t:|1701005939\n|switch|p1a: Ninetales|Ninetales, M, shiny|100\/100\n|-weather|SunnyDay|[from] ability: Drought|[of] p1a: Ninetales\n|-activate|p1b: Walking Wake|ability: Protosynthesis\n|-start|p1b: Walking Wake|protosynthesisspa\n|turn|11\n|\n|t:|1701005952\n|move|p1b: Walking Wake|Protect|p1b: Walking Wake\n|-singleturn|p1b: Walking Wake|Protect\n|move|p2a: Farigiraf|Hyper Voice|p1a: Ninetales|[spread] p1a\n|-activate|p1b: Walking Wake|move: Protect\n|-damage|p1a: Ninetales|50\/100\n|move|p1a: Ninetales|Fire Blast|p2a: Farigiraf\n|-damage|p2a: Farigiraf|25\/100\n|\n|-weather|SunnyDay|[upkeep]\n|upkeep\n|turn|12\n|\n|t:|1701005968\n|move|p2a: Farigiraf|Hyper Voice|p1b: Walking Wake|[spread] p1a,p1b\n|-damage|p1a: Ninetales|0 fnt\n|-damage|p1b: Walking Wake|0 fnt\n|faint|p1a: Ninetales\n|faint|p1b: Walking Wake\n|-end|p1b: Walking Wake|Protosynthesis|[silent]\n|\n|win|goodra61\n|raw|superpoopingbutts's rating: 1465 &rarr; <strong>1451<\/strong><br \/>(-14 for losing)\n|raw|goodra61's rating: 1573 &rarr; <strong>1587<\/strong><br \/>(+14 for winning)\n|c|\u2606superpoopingbutts|Hlgg\n|c|\u2606goodra61|Gg\n|c|\u2606goodra61|Thought im gonna lose this\n|c|\u2606superpoopingbutts|I thought i lost with the impison\n|l|\u2606superpoopingbutts\n","uploadtime":1701006052,"views":5,"p1id":"superpoopingbutts","p2id":"goodra61","formatid":"gen9doublesou","rating":1451,"private":0,"password":""}