{"id":"gen9doublesou-1993854155","p1":"paradox1600","p2":"bananaszn","format":"[Gen 9] Doubles OU","log":"|j|\u2606paradox1600\n|j|\u2606bananaszn\n|t:|1700365650\n|gametype|doubles\n|player|p1|paradox1600|ghetsis-gen5bw|1220\n|player|p2|bananaszn|teamrocket|1326\n|teamsize|p1|6\n|teamsize|p2|6\n|gen|9\n|tier|[Gen 9] Doubles OU\n|rated|\n|rule|Species Clause: Limit one of each Pok\u00e9mon\n|rule|OHKO Clause: OHKO moves are banned\n|rule|Evasion Moves Clause: Evasion moves are banned\n|rule|Gravity Sleep Clause: The combination of sleep-inducing moves with imperfect accuracy and Gravity or Gigantamax Orbeetle are banned\n|rule|Endless Battle Clause: Forcing endless battles is banned\n|rule|HP Percentage Mod: HP is shown in percentages\n|clearpoke\n|poke|p1|Armarouge, M|\n|poke|p1|Indeedee-F, F|\n|poke|p1|Kingambit, M|\n|poke|p1|Amoonguss, F|\n|poke|p1|Clefairy, M|\n|poke|p1|Iron Hands|\n|poke|p2|Scizor, M|\n|poke|p2|Tornadus, M|\n|poke|p2|Chien-Pao|\n|poke|p2|Iron Hands|\n|poke|p2|Volcanion|\n|poke|p2|Great Tusk|\n|teampreview\n|inactive|Battle timer is ON: inactive players will automatically lose when time's up. (requested by bananaszn)\n|\n|t:|1700365659\n|start\n|switch|p1a: Armarouge|Armarouge, M, shiny|100\/100\n|switch|p1b: Indeedee|Indeedee-F, F|100\/100\n|switch|p2a: YN Jay|Tornadus, M|100\/100\n|switch|p2b: Kawhi Leonard|Scizor, M|100\/100\n|-fieldstart|move: Psychic Terrain|[from] ability: Psychic Surge|[of] p1b: Indeedee\n|-enditem|p1b: Indeedee|Psychic Seed\n|-boost|p1b: Indeedee|spd|1|[from] item: Psychic Seed\n|turn|1\n|\n|t:|1700365672\n|-terastallize|p2b: Kawhi Leonard|Rock\n|move|p1b: Indeedee|Follow Me|p1b: Indeedee\n|-singleturn|p1b: Indeedee|move: Follow Me\n|move|p2a: YN Jay|Tailwind|p2a: YN Jay\n|-sidestart|p2: bananaszn|move: Tailwind\n|move|p2b: Kawhi Leonard|Tera Blast|p1b: Indeedee|[anim] Tera Blast Rock\n|-damage|p1b: Indeedee|37\/100\n|move|p1a: Armarouge|Trick Room|p1a: Armarouge\n|-fieldstart|move: Trick Room|[of] p1a: Armarouge\n|\n|upkeep\n|turn|2\n|\n|t:|1700365699\n|move|p1a: Armarouge|Expanding Force|p2b: Kawhi Leonard|[spread] p2a,p2b\n|-damage|p2a: YN Jay|5\/100\n|-damage|p2b: Kawhi Leonard|20\/100\n|move|p1b: Indeedee|Dazzling Gleam|p2b: Kawhi Leonard|[spread] p2a,p2b\n|-damage|p2a: YN Jay|0 fnt\n|-damage|p2b: Kawhi Leonard|4\/100\n|faint|p2a: YN Jay\n|move|p2b: Kawhi Leonard|Tera Blast|p1a: Armarouge|[anim] Tera Blast Rock\n|-supereffective|p1a: Armarouge\n|-damage|p1a: Armarouge|0 fnt\n|faint|p1a: Armarouge\n|\n|upkeep\n|\n|t:|1700365714\n|switch|p1a: Kingambit|Kingambit, M, shiny|100\/100\n|switch|p2a: Druski|Iron Hands|100\/100\n|turn|3\n|\n|t:|1700365729\n|switch|p2b: Volcanion|Volcanion|100\/100\n|-terastallize|p1a: Kingambit|Fairy\n|move|p1a: Kingambit|Iron Head|p2a: Druski\n|-resisted|p2a: Druski\n|-damage|p2a: Druski|83\/100\n|move|p1b: Indeedee|Dazzling Gleam|p2b: Volcanion|[spread] p2a,p2b\n|-supereffective|p2a: Druski\n|-resisted|p2b: Volcanion\n|-damage|p2a: Druski|68\/100\n|-damage|p2b: Volcanion|94\/100\n|cant|p2a: Druski|flinch\n|\n|-heal|p2b: Volcanion|99\/100|[from] item: Leftovers\n|upkeep\n|turn|4\n|\n|t:|1700365747\n|move|p1b: Indeedee|Follow Me|p1b: Indeedee\n|-singleturn|p1b: Indeedee|move: Follow Me\n|move|p1a: Kingambit|Kowtow Cleave|p2b: Volcanion\n|-damage|p2b: Volcanion|61\/100\n|move|p2a: Druski|Wild Charge|p1b: Indeedee\n|-damage|p1b: Indeedee|0 fnt\n|faint|p1b: Indeedee\n|-damage|p2a: Druski|61\/100|[from] Recoil\n|move|p2b: Volcanion|Steam Eruption|p1a: Kingambit\n|-crit|p1a: Kingambit\n|-damage|p1a: Kingambit|43\/100\n|\n|-heal|p2b: Volcanion|67\/100|[from] item: Leftovers\n|-sideend|p2: bananaszn|move: Tailwind\n|upkeep\n|inactive|paradox1600 has 120 seconds left.\n|\n|t:|1700365768\n|switch|p1b: Amoonguss|Amoonguss, F, shiny|100\/100\n|turn|5\n|\n|t:|1700365793\n|-end|p2a: Druski|Quark Drive|[silent]\n|switch|p2a: Iggy Azalea|Chien-Pao|100\/100\n|-ability|p2a: Iggy Azalea|Sword of Ruin\n|move|p1b: Amoonguss|Spore|p2a: Iggy Azalea\n|-status|p2a: Iggy Azalea|slp|[from] move: Spore\n|move|p1a: Kingambit|Kowtow Cleave|p2b: Volcanion\n|-damage|p2b: Volcanion|11\/100\n|move|p2b: Volcanion|Heat Wave|p1b: Amoonguss|[spread] p1a\n|-miss|p2b: Volcanion|p1b: Amoonguss\n|-damage|p1a: Kingambit|16\/100\n|-status|p1a: Kingambit|brn\n|\n|-heal|p2b: Volcanion|17\/100|[from] item: Leftovers\n|-damage|p1a: Kingambit|10\/100 brn|[from] brn\n|-fieldend|move: Trick Room\n|-fieldend|move: Psychic Terrain\n|upkeep\n|turn|6\n|inactive|paradox1600 has 120 seconds left.\n|\n|t:|1700365823\n|move|p2b: Volcanion|Protect|p2b: Volcanion\n|-singleturn|p2b: Volcanion|Protect\n|cant|p2a: Iggy Azalea|slp\n|move|p1a: Kingambit|Brick Break|p2a: Iggy Azalea\n|-supereffective|p2a: Iggy Azalea\n|-damage|p2a: Iggy Azalea|22\/100 slp\n|move|p1b: Amoonguss|Energy Ball|p2b: Volcanion\n|-activate|p2b: Volcanion|move: Protect\n|\n|-heal|p2b: Volcanion|23\/100|[from] item: Leftovers\n|-damage|p1a: Kingambit|3\/100 brn|[from] brn\n|upkeep\n|turn|7\n|inactive|bananaszn has 120 seconds left.\n|\n|t:|1700365872\n|switch|p2a: Great Tusk|Great Tusk|100\/100\n|move|p2b: Volcanion|Heat Wave|p1a: Kingambit|[spread] p1a,p1b\n|-supereffective|p1b: Amoonguss\n|-damage|p1a: Kingambit|0 fnt\n|-damage|p1b: Amoonguss|37\/100\n|faint|p1a: Kingambit\n|move|p1b: Amoonguss|Energy Ball|p2b: Volcanion\n|-damage|p2b: Volcanion|0 fnt\n|faint|p2b: Volcanion\n|\n|-heal|p1b: Amoonguss|43\/100|[from] item: Black Sludge\n|upkeep\n|inactive|bananaszn has 120 seconds left.\n|\n|t:|1700365890\n|switch|p2b: Kawhi Leonard|Scizor, M, tera:Rock|4\/100\n|switch|p1a: Iron Hands|Iron Hands|100\/100\n|turn|8\n|\n|t:|1700365900\n|move|p2a: Great Tusk|Headlong Rush|p1a: Iron Hands\n|-supereffective|p1a: Iron Hands\n|-damage|p1a: Iron Hands|27\/100\n|-unboost|p2a: Great Tusk|def|1\n|-unboost|p2a: Great Tusk|spd|1\n|move|p2b: Kawhi Leonard|U-turn|p1b: Amoonguss\n|-crit|p1b: Amoonguss\n|-damage|p1b: Amoonguss|0 fnt\n|faint|p1b: Amoonguss\n|\n|t:|1700365908\n|switch|p2b: Druski|Iron Hands|61\/100|[from] U-turn\n|move|p1a: Iron Hands|Rock Slide|p2b: Druski|[spread] p2a,p2b\n|-resisted|p2a: Great Tusk\n|-resisted|p2b: Druski\n|-damage|p2a: Great Tusk|95\/100\n|-damage|p2b: Druski|53\/100\n|\n|upkeep\n|\n|t:|1700365918\n|switch|p1b: Clefairy|Clefairy, M|100\/100\n|turn|9\n|\n|t:|1700365936\n|move|p1b: Clefairy|Follow Me|p1b: Clefairy\n|-singleturn|p1b: Clefairy|move: Follow Me\n|move|p2a: Great Tusk|Headlong Rush|p1b: Clefairy\n|-damage|p1b: Clefairy|49\/100\n|-unboost|p2a: Great Tusk|def|1\n|-unboost|p2a: Great Tusk|spd|1\n|move|p2b: Druski|Wild Charge|p1b: Clefairy\n|-crit|p1b: Clefairy\n|-damage|p1b: Clefairy|0 fnt\n|faint|p1b: Clefairy\n|-damage|p2b: Druski|45\/100|[from] Recoil\n|move|p1a: Iron Hands|Wild Charge|p2b: Druski\n|-resisted|p2b: Druski\n|-damage|p2b: Druski|27\/100\n|-damage|p1a: Iron Hands|23\/100|[from] Recoil\n|-enditem|p1a: Iron Hands|Wiki Berry|[eat]\n|-heal|p1a: Iron Hands|56\/100|[from] item: Wiki Berry\n|\n|upkeep\n|turn|10\n|\n|t:|1700365954\n|move|p2a: Great Tusk|Headlong Rush|p1a: Iron Hands\n|-supereffective|p1a: Iron Hands\n|-damage|p1a: Iron Hands|0 fnt\n|-unboost|p2a: Great Tusk|def|1\n|-unboost|p2a: Great Tusk|spd|1\n|faint|p1a: Iron Hands\n|-end|p1a: Iron Hands|Quark Drive|[silent]\n|\n|win|bananaszn\n|raw|paradox1600's rating: 1220 &rarr; <strong>1202<\/strong><br \/>(-18 for losing)\n|raw|bananaszn's rating: 1326 &rarr; <strong>1340<\/strong><br \/>(+14 for winning)\n|c|\u2606bananaszn|agency agency\n","uploadtime":1700365965,"views":6,"p1id":"paradox1600","p2id":"bananaszn","formatid":"gen9doublesou","rating":1202,"private":0,"password":""}