{"id":"gen9doublesou-1997812304","p1":"ExplodingKirb","p2":"Vewful","format":"[Gen 9] Doubles OU","log":"|j|\u2606ExplodingKirb\n|j|\u2606Vewful\n|t:|1700855354\n|gametype|doubles\n|player|p1|ExplodingKirb|riley|1361\n|player|p2|Vewful|265|1365\n|teamsize|p1|6\n|teamsize|p2|6\n|gen|9\n|tier|[Gen 9] Doubles OU\n|rated|\n|rule|Species Clause: Limit one of each Pok\u00e9mon\n|rule|OHKO Clause: OHKO moves are banned\n|rule|Evasion Moves Clause: Evasion moves are banned\n|rule|Gravity Sleep Clause: The combination of sleep-inducing moves with imperfect accuracy and Gravity or Gigantamax Orbeetle are banned\n|rule|Endless Battle Clause: Forcing endless battles is banned\n|rule|HP Percentage Mod: HP is shown in percentages\n|clearpoke\n|poke|p1|Palafin, M|\n|poke|p1|Sinistcha|\n|poke|p1|Grimmsnarl, M|\n|poke|p1|Ogerpon-Hearthflame, F|\n|poke|p1|Chien-Pao|\n|poke|p1|Landorus-Therian, M|\n|poke|p2|Orthworm, M|\n|poke|p2|Ceruledge, F|\n|poke|p2|Glimmora, M|\n|poke|p2|Gastrodon-East, F|\n|poke|p2|Zapdos|\n|poke|p2|Sneasler, F|\n|teampreview\n|inactive|Battle timer is ON: inactive players will automatically lose when time's up. (requested by ExplodingKirb)\n|\n|t:|1700855365\n|start\n|switch|p1a: Palafin|Palafin, M|100\/100\n|switch|p1b: Grimmsnarl|Grimmsnarl, M|100\/100\n|switch|p2a: Gastrodon|Gastrodon-East, F, shiny|100\/100\n|switch|p2b: Orthworm|Orthworm, M|100\/100\n|turn|1\n|\n|t:|1700855381\n|detailschange|p1a: Palafin|Palafin-Hero, M\n|switch|p1a: Ogerpon|Ogerpon-Hearthflame, F|100\/100\n|-ability|p1a: Ogerpon|Mold Breaker\n|move|p1b: Grimmsnarl|Light Screen|p1b: Grimmsnarl\n|-sidestart|p1: ExplodingKirb|move: Light Screen\n|move|p2b: Orthworm|Heavy Slam|p1b: Grimmsnarl\n|-supereffective|p1b: Grimmsnarl\n|-damage|p1b: Grimmsnarl|21\/100\n|move|p2a: Gastrodon|Icy Wind|p1b: Grimmsnarl|[spread] p1a,p1b\n|-damage|p1a: Ogerpon|90\/100\n|-damage|p1b: Grimmsnarl|14\/100\n|-unboost|p1a: Ogerpon|spe|1\n|-unboost|p1b: Grimmsnarl|spe|1\n|\n|upkeep\n|turn|2\n|\n|t:|1700855406\n|-terastallize|p2a: Gastrodon|Fire\n|move|p1b: Grimmsnarl|Reflect|p1b: Grimmsnarl\n|-sidestart|p1: ExplodingKirb|Reflect\n|move|p1a: Ogerpon|Ivy Cudgel|p2b: Orthworm|[anim] Ivy Cudgel Fire\n|-supereffective|p2b: Orthworm\n|-damage|p2b: Orthworm|18\/100\n|move|p2b: Orthworm|Heavy Slam|p1b: Grimmsnarl\n|-supereffective|p1b: Grimmsnarl\n|-damage|p1b: Grimmsnarl|0 fnt\n|faint|p1b: Grimmsnarl\n|move|p2a: Gastrodon|Tera Blast|p1a: Ogerpon|[anim] Tera Blast Fire\n|-damage|p1a: Ogerpon|64\/100\n|\n|upkeep\n|\n|t:|1700855414\n|switch|p1b: Landorus|Landorus-Therian, M|100\/100\n|-ability|p1b: Landorus|Intimidate|boost\n|-unboost|p2a: Gastrodon|atk|1\n|-unboost|p2b: Orthworm|atk|1\n|turn|3\n|\n|t:|1700855426\n|switch|p2b: Ceruledge|Ceruledge, F|100\/100\n|move|p1b: Landorus|Rock Slide|p2b: Ceruledge|[spread] p2a,p2b\n|-supereffective|p2a: Gastrodon\n|-supereffective|p2b: Ceruledge\n|-damage|p2a: Gastrodon|55\/100\n|-damage|p2b: Ceruledge|41\/100\n|move|p1a: Ogerpon|Ivy Cudgel|p2b: Ceruledge|[anim] Ivy Cudgel Fire\n|-resisted|p2b: Ceruledge\n|-damage|p2b: Ceruledge|0 fnt\n|faint|p2b: Ceruledge\n|cant|p2a: Gastrodon|flinch\n|\n|upkeep\n|\n|t:|1700855446\n|switch|p2b: Sneasler|Sneasler, F, shiny|100\/100\n|turn|4\n|\n|t:|1700855453\n|move|p1a: Ogerpon|Spiky Shield|p1a: Ogerpon\n|-singleturn|p1a: Ogerpon|move: Protect\n|move|p1b: Landorus|Rock Slide|p2a: Gastrodon|[spread] p2a,p2b\n|-supereffective|p2a: Gastrodon\n|-resisted|p2b: Sneasler\n|-damage|p2a: Gastrodon|10\/100\n|-damage|p2b: Sneasler|83\/100\n|cant|p2b: Sneasler|flinch\n|cant|p2a: Gastrodon|flinch\n|\n|upkeep\n|turn|5\n|\n|t:|1700855465\n|move|p1b: Landorus|Rock Slide|p2a: Gastrodon|[spread] p2b\n|-miss|p1b: Landorus|p2a: Gastrodon\n|-resisted|p2b: Sneasler\n|-damage|p2b: Sneasler|64\/100\n|cant|p2b: Sneasler|flinch\n|move|p1a: Ogerpon|Ivy Cudgel|p2b: Sneasler|[anim] Ivy Cudgel Fire\n|-damage|p2b: Sneasler|0 fnt\n|faint|p2b: Sneasler\n|move|p2a: Gastrodon|Muddy Water|p1a: Ogerpon|[spread] p1a\n|-miss|p2a: Gastrodon|p1b: Landorus\n|-damage|p1a: Ogerpon|41\/100\n|\n|upkeep\n|\n|t:|1700855476\n|switch|p2b: Glimmora|Glimmora, M|100\/100\n|turn|6\n|\n|t:|1700855485\n|move|p1b: Landorus|Rock Slide|p2a: Gastrodon|[spread] p2a,p2b\n|-supereffective|p2a: Gastrodon\n|-damage|p2a: Gastrodon|0 fnt\n|-damage|p2b: Glimmora|74\/100\n|-activate|p2b: Glimmora|ability: Toxic Debris\n|-sidestart|p1: ExplodingKirb|move: Toxic Spikes\n|faint|p2a: Gastrodon\n|cant|p2b: Glimmora|flinch\n|move|p1a: Ogerpon|Horn Leech|p2b: Glimmora\n|-damage|p2b: Glimmora|17\/100\n|-heal|p1a: Ogerpon|71\/100|[from] drain|[of] p2b: Glimmora\n|-activate|p2b: Glimmora|ability: Toxic Debris\n|-sidestart|p1: ExplodingKirb|move: Toxic Spikes\n|\n|upkeep\n|\n|t:|1700855489\n|switch|p2a: Zapdos|Zapdos|100\/100\n|-ability|p2a: Zapdos|Pressure\n|turn|7\n|\n|t:|1700855495\n|move|p1b: Landorus|Rock Slide|p2b: Glimmora|[spread] p2a,p2b\n|-supereffective|p2a: Zapdos\n|-damage|p2a: Zapdos|44\/100\n|-damage|p2b: Glimmora|0 fnt\n|faint|p2b: Glimmora\n|move|p2a: Zapdos|Ancient Power|p1a: Ogerpon\n|-supereffective|p1a: Ogerpon\n|-damage|p1a: Ogerpon|41\/100\n|move|p1a: Ogerpon|Ivy Cudgel|p2a: Zapdos|[anim] Ivy Cudgel Fire\n|-damage|p2a: Zapdos|0 fnt\n|faint|p2a: Zapdos\n|\n|upkeep\n|\n|t:|1700855497\n|switch|p2b: Orthworm|Orthworm, M|18\/100\n|turn|8\n|\n|t:|1700855502\n|move|p1b: Landorus|Rock Slide|p2b: Orthworm|[miss]\n|-miss|p1b: Landorus|p2b: Orthworm\n|move|p1a: Ogerpon|Ivy Cudgel|p2b: Orthworm|[anim] Ivy Cudgel Fire\n|-supereffective|p2b: Orthworm\n|-damage|p2b: Orthworm|0 fnt\n|faint|p2b: Orthworm\n|\n|win|ExplodingKirb\n|raw|ExplodingKirb's rating: 1361 &rarr; <strong>1381<\/strong><br \/>(+20 for winning)\n|raw|Vewful's rating: 1365 &rarr; <strong>1345<\/strong><br \/>(-20 for losing)\n|l|\u2606Vewful\n","uploadtime":1700855615,"views":10,"p1id":"explodingkirb","p2id":"vewful","formatid":"gen9doublesou","rating":1345,"private":0,"password":""}