{"id":"gen9doublesou-1987160413","p1":"pasteels99","p2":"abbabareal2","format":"[Gen 9] Doubles OU","log":"|j|\u2606pasteels99\n|j|\u2606abbabareal2\n|t:|1699561112\n|gametype|doubles\n|player|p1|pasteels99|rocketgrunt|1226\n|player|p2|abbabareal2|266|1186\n|teamsize|p1|6\n|teamsize|p2|6\n|gen|9\n|tier|[Gen 9] Doubles OU\n|rated|\n|rule|Species Clause: Limit one of each Pok\u00e9mon\n|rule|OHKO Clause: OHKO moves are banned\n|rule|Evasion Moves Clause: Evasion moves are banned\n|rule|Gravity Sleep Clause: The combination of sleep-inducing moves with imperfect accuracy and Gravity or Gigantamax Orbeetle are banned\n|rule|Endless Battle Clause: Forcing endless battles is banned\n|rule|HP Percentage Mod: HP is shown in percentages\n|clearpoke\n|poke|p1|Regidrago|\n|poke|p1|Gholdengo|\n|poke|p1|Gastrodon, F|\n|poke|p1|Rillaboom, M|\n|poke|p1|Tornadus, M|\n|poke|p1|Chi-Yu|\n|poke|p2|Iron Hands|\n|poke|p2|Armarouge, F|\n|poke|p2|Indeedee-F, F|\n|poke|p2|Kingambit, F|\n|poke|p2|Diancie|\n|poke|p2|Amoonguss, F|\n|teampreview\n|\n|t:|1699561129\n|start\n|switch|p1a: Tornadus|Tornadus, M|100\/100\n|switch|p1b: Rillaboom|Rillaboom, M|100\/100\n|switch|p2a: Armarouge|Armarouge, F|100\/100\n|switch|p2b: Indeedee|Indeedee-F, F|100\/100\n|-fieldstart|move: Grassy Terrain|[from] ability: Grassy Surge|[of] p1b: Rillaboom\n|-fieldstart|move: Psychic Terrain|[from] ability: Psychic Surge|[of] p2b: Indeedee\n|turn|1\n|\n|t:|1699561149\n|move|p1b: Rillaboom|Fake Out|p2a: Armarouge\n|-activate|p2a: Armarouge|move: Psychic Terrain\n|move|p2b: Indeedee|Follow Me|p2b: Indeedee\n|-singleturn|p2b: Indeedee|move: Follow Me\n|move|p1a: Tornadus|Bleakwind Storm|p2a: Armarouge|[spread] p2a,p2b\n|-crit|p2b: Indeedee\n|-damage|p2a: Armarouge|61\/100\n|-damage|p2b: Indeedee|49\/100\n|move|p2a: Armarouge|Trick Room|p2a: Armarouge\n|-fieldstart|move: Trick Room|[of] p2a: Armarouge\n|\n|upkeep\n|turn|2\n|inactive|Battle timer is ON: inactive players will automatically lose when time's up. (requested by pasteels99)\n|\n|t:|1699561174\n|switch|p1b: Regidrago|Regidrago|100\/100\n|move|p2b: Indeedee|Helping Hand|p2a: Armarouge\n|-singleturn|p2a: Armarouge|Helping Hand|[of] p2b: Indeedee\n|move|p2a: Armarouge|Expanding Force|p1a: Tornadus|[spread] p1a,p1b\n|-enditem|p1a: Tornadus|Focus Sash\n|-damage|p1a: Tornadus|1\/100\n|-damage|p1b: Regidrago|0 fnt\n|faint|p1b: Regidrago\n|-damage|p2a: Armarouge|51\/100|[from] item: Life Orb\n|move|p1a: Tornadus|Bleakwind Storm|p2a: Armarouge|[spread] p2a,p2b\n|-damage|p2a: Armarouge|11\/100\n|-damage|p2b: Indeedee|16\/100\n|\n|upkeep\n|\n|t:|1699561188\n|switch|p1b: Gastrodon|Gastrodon, F|100\/100\n|turn|3\n|\n|t:|1699561205\n|move|p2b: Indeedee|Helping Hand|p2a: Armarouge\n|-singleturn|p2a: Armarouge|Helping Hand|[of] p2b: Indeedee\n|move|p1b: Gastrodon|Earth Power|p2a: Armarouge\n|-supereffective|p2a: Armarouge\n|-damage|p2a: Armarouge|0 fnt\n|faint|p2a: Armarouge\n|move|p1a: Tornadus|Heat Wave|p2b: Indeedee|[miss]\n|-miss|p1a: Tornadus|p2b: Indeedee\n|\n|upkeep\n|\n|t:|1699561217\n|switch|p2a: Diancie|Diancie|100\/100\n|turn|4\n|\n|t:|1699561234\n|move|p2a: Diancie|Protect|p2a: Diancie\n|-singleturn|p2a: Diancie|Protect\n|move|p1b: Gastrodon|Stealth Rock|p2a: Diancie\n|-sidestart|p2: abbabareal2|move: Stealth Rock\n|move|p2b: Indeedee|Psychic|p1a: Tornadus\n|-damage|p1a: Tornadus|0 fnt\n|faint|p1a: Tornadus\n|\n|upkeep\n|\n|t:|1699561249\n|switch|p1a: Rillaboom|Rillaboom, M|100\/100\n|-fieldstart|move: Grassy Terrain|[from] ability: Grassy Surge|[of] p1a: Rillaboom\n|turn|5\n|\n|t:|1699561261\n|move|p2b: Indeedee|Helping Hand|p2a: Diancie\n|-singleturn|p2a: Diancie|Helping Hand|[of] p2b: Indeedee\n|move|p1a: Rillaboom|Fake Out|p2a: Diancie\n|-resisted|p2a: Diancie\n|-crit|p2a: Diancie\n|-damage|p2a: Diancie|93\/100\n|cant|p2a: Diancie|flinch\n|move|p1b: Gastrodon|Earth Power|p2b: Indeedee\n|-damage|p2b: Indeedee|0 fnt\n|faint|p2b: Indeedee\n|\n|-heal|p2a: Diancie|99\/100|[from] Grassy Terrain\n|-fieldend|move: Trick Room\n|upkeep\n|\n|t:|1699561278\n|switch|p2b: Amoonguss|Amoonguss, F|100\/100\n|-damage|p2b: Amoonguss|88\/100|[from] Stealth Rock\n|turn|6\n|\n|t:|1699561292\n|switch|p1b: Chi-Yu|Chi-Yu|100\/100\n|-ability|p1b: Chi-Yu|Beads of Ruin\n|move|p2b: Amoonguss|Rage Powder|p2b: Amoonguss\n|-singleturn|p2b: Amoonguss|move: Rage Powder\n|move|p1a: Rillaboom|U-turn|p2b: Amoonguss\n|-damage|p2b: Amoonguss|63\/100\n|-enditem|p2b: Amoonguss|Eject Button\n|\n|t:|1699561304\n|switch|p2b: Iron Hands|Iron Hands|100\/100\n|-damage|p2b: Iron Hands|94\/100|[from] Stealth Rock\n|move|p2a: Diancie|Trick Room|p2a: Diancie\n|-fieldstart|move: Trick Room|[of] p2a: Diancie\n|\n|-heal|p2b: Iron Hands|100\/100|[from] Grassy Terrain\n|-heal|p2a: Diancie|100\/100|[from] Grassy Terrain\n|upkeep\n|turn|7\n|\n|t:|1699561325\n|move|p2b: Iron Hands|Fake Out|p1b: Chi-Yu\n|-damage|p1b: Chi-Yu|75\/100\n|move|p2a: Diancie|Diamond Storm|p1b: Chi-Yu|[spread] p1a,p1b\n|-supereffective|p1b: Chi-Yu\n|-damage|p1a: Rillaboom|69\/100\n|-damage|p1b: Chi-Yu|0 fnt\n|-boost|p2a: Diancie|def|2\n|faint|p1b: Chi-Yu\n|move|p1a: Rillaboom|Brick Break|p2a: Diancie\n|-damage|p2a: Diancie|91\/100\n|\n|-heal|p2a: Diancie|97\/100|[from] Grassy Terrain\n|-heal|p1a: Rillaboom|75\/100|[from] Grassy Terrain\n|upkeep\n|\n|t:|1699561338\n|switch|p1b: Gastrodon|Gastrodon, F|100\/100\n|turn|8\n|inactive|abbabareal2 has 120 seconds left.\n|\n|t:|1699561394\n|move|p2b: Iron Hands|Ice Punch|p1a: Rillaboom\n|-supereffective|p1a: Rillaboom\n|-damage|p1a: Rillaboom|22\/100\n|-enditem|p1a: Rillaboom|Sitrus Berry|[eat]\n|-heal|p1a: Rillaboom|47\/100|[from] item: Sitrus Berry\n|move|p2a: Diancie|Diamond Storm|p1a: Rillaboom|[spread] p1a\n|-miss|p2a: Diancie|p1b: Gastrodon\n|-damage|p1a: Rillaboom|18\/100\n|move|p1b: Gastrodon|Yawn|p2a: Diancie\n|-start|p2a: Diancie|move: Yawn|[of] p1b: Gastrodon\n|move|p1a: Rillaboom|U-turn|p2b: Iron Hands\n|-resisted|p2b: Iron Hands\n|-damage|p2b: Iron Hands|93\/100\n|\n|t:|1699561408\n|switch|p1a: Gholdengo|Gholdengo|100\/100|[from] U-turn\n|\n|-heal|p2b: Iron Hands|99\/100|[from] Grassy Terrain\n|-heal|p2a: Diancie|100\/100|[from] Grassy Terrain\n|upkeep\n|turn|9\n|inactive|abbabareal2 has 120 seconds left.\n|\n|t:|1699561437\n|switch|p2a: Kingambit|Kingambit, F|100\/100\n|-damage|p2a: Kingambit|94\/100|[from] Stealth Rock\n|move|p2b: Iron Hands|Wild Charge|p1a: Gholdengo\n|-damage|p1a: Gholdengo|42\/100\n|-damage|p2b: Iron Hands|88\/100|[from] Recoil\n|move|p1b: Gastrodon|Earth Power|p2a: Kingambit\n|-supereffective|p2a: Kingambit\n|-damage|p2a: Kingambit|37\/100\n|-unboost|p2a: Kingambit|spd|1\n|-ability|p2a: Kingambit|Defiant|boost\n|-boost|p2a: Kingambit|atk|2\n|move|p1a: Gholdengo|Shadow Ball|p2b: Iron Hands\n|-crit|p2b: Iron Hands\n|-damage|p2b: Iron Hands|55\/100\n|\n|-heal|p2a: Kingambit|44\/100|[from] Grassy Terrain\n|-heal|p2b: Iron Hands|61\/100|[from] Grassy Terrain\n|-heal|p1a: Gholdengo|48\/100|[from] Grassy Terrain\n|-fieldend|move: Grassy Terrain\n|upkeep\n|turn|10\n|inactive|abbabareal2 has 120 seconds left.\n|\n|t:|1699561469\n|-terastallize|p2a: Kingambit|Dark\n|move|p2a: Kingambit|Sucker Punch|p1b: Gastrodon\n|-damage|p1b: Gastrodon|0 fnt\n|faint|p1b: Gastrodon\n|move|p2b: Iron Hands|Wild Charge|p1a: Gholdengo\n|-damage|p1a: Gholdengo|0 fnt\n|faint|p1a: Gholdengo\n|-damage|p2b: Iron Hands|53\/100|[from] Recoil\n|\n|-fieldend|move: Trick Room\n|upkeep\n|-message|pasteels99 forfeited.\n|\n|win|abbabareal2\n|raw|pasteels99's rating: 1226 &rarr; <strong>1198<\/strong><br \/>(-28 for losing)\n|raw|abbabareal2's rating: 1186 &rarr; <strong>1214<\/strong><br \/>(+28 for winning)\n|l|\u2606pasteels99\n","uploadtime":1699561486,"views":14,"p1id":"pasteels99","p2id":"abbabareal2","formatid":"gen9doublesou","rating":1198,"private":0,"password":""}