{"id":"gen9doublesou-1974451883","p1":"zop6060","p2":"Wready","format":"[Gen 9] Doubles OU","log":"|j|\u2606zop6060\n|j|\u2606Wready\n|t:|1698088116\n|gametype|doubles\n|player|p1|zop6060|ninjaboy|1022\n|player|p2|Wready|1|1008\n|teamsize|p1|6\n|teamsize|p2|6\n|gen|9\n|tier|[Gen 9] Doubles OU\n|rated|\n|rule|Species Clause: Limit one of each Pok\u00e9mon\n|rule|OHKO Clause: OHKO moves are banned\n|rule|Evasion Moves Clause: Evasion moves are banned\n|rule|Gravity Sleep Clause: The combination of sleep-inducing moves with imperfect accuracy and Gravity or Gigantamax Orbeetle are banned\n|rule|Endless Battle Clause: Forcing endless battles is banned\n|rule|HP Percentage Mod: HP is shown in percentages\n|clearpoke\n|poke|p1|Sableye, M|\n|poke|p1|Armarouge, M|\n|poke|p1|Staraptor, M|\n|poke|p1|Drednaw, M|\n|poke|p1|Chien-Pao|\n|poke|p1|Mudsdale, M|\n|poke|p2|Dudunsparce-*, F|\n|poke|p2|Tandemaus|\n|poke|p2|Drifblim, M|\n|poke|p2|Walking Wake|\n|poke|p2|Mamoswine, M|\n|poke|p2|Iron Moth|\n|teampreview\n|inactive|Battle timer is ON: inactive players will automatically lose when time's up. (requested by Wready)\n|\n|t:|1698088136\n|start\n|switch|p1a: Mudsdale|Mudsdale, M|100\/100\n|switch|p1b: Sableye|Sableye, M, shiny|100\/100\n|switch|p2a: Dudunsparce|Dudunsparce, F|100\/100\n|switch|p2b: Tandemaus|Tandemaus|100\/100\n|turn|1\n|inactive|zop6060 has 120 seconds left.\n|\n|t:|1698088168\n|-terastallize|p2b: Tandemaus|Ghost\n|move|p1b: Sableye|Will-O-Wisp|p2b: Tandemaus\n|-status|p2b: Tandemaus|brn\n|move|p2a: Dudunsparce|Coil|p2a: Dudunsparce\n|-boost|p2a: Dudunsparce|atk|1\n|-boost|p2a: Dudunsparce|def|1\n|-boost|p2a: Dudunsparce|accuracy|1\n|move|p2b: Tandemaus|Beat Up|p2a: Dudunsparce\n|-damage|p2a: Dudunsparce|99\/100\n|-ability|p2a: Dudunsparce|Rattled|boost\n|-boost|p2a: Dudunsparce|spe|1\n|-damage|p2a: Dudunsparce|99\/100\n|-ability|p2a: Dudunsparce|Rattled|boost\n|-boost|p2a: Dudunsparce|spe|1\n|-damage|p2a: Dudunsparce|99\/100\n|-ability|p2a: Dudunsparce|Rattled|boost\n|-boost|p2a: Dudunsparce|spe|1\n|-damage|p2a: Dudunsparce|98\/100\n|-ability|p2a: Dudunsparce|Rattled|boost\n|-boost|p2a: Dudunsparce|spe|1\n|-damage|p2a: Dudunsparce|97\/100\n|-ability|p2a: Dudunsparce|Rattled|boost\n|-boost|p2a: Dudunsparce|spe|1\n|-damage|p2a: Dudunsparce|97\/100\n|-ability|p2a: Dudunsparce|Rattled|boost\n|-boost|p2a: Dudunsparce|spe|1\n|-hitcount|p2a: Dudunsparce|6\n|move|p1a: Mudsdale|Heavy Slam|p2a: Dudunsparce\n|-damage|p2a: Dudunsparce|67\/100\n|\n|-damage|p2b: Tandemaus|94\/100 brn|[from] brn\n|upkeep\n|turn|2\n|inactive|zop6060 has 120 seconds left.\n|inactive|Wready has 120 seconds left.\n|\n|t:|1698088208\n|move|p1b: Sableye|Encore|p2a: Dudunsparce\n|-start|p2a: Dudunsparce|Encore\n|move|p2a: Dudunsparce|Coil|p2a: Dudunsparce\n|-boost|p2a: Dudunsparce|atk|1\n|-boost|p2a: Dudunsparce|def|1\n|-boost|p2a: Dudunsparce|accuracy|1\n|move|p2b: Tandemaus|Switcheroo|p1a: Mudsdale\n|-activate|p2b: Tandemaus|move: Trick|[of] p1a: Mudsdale\n|-item|p1a: Mudsdale|Eviolite|[from] move: Switcheroo\n|-item|p2b: Tandemaus|Assault Vest|[from] move: Switcheroo\n|move|p1a: Mudsdale|Stomping Tantrum|p2b: Tandemaus\n|-damage|p2b: Tandemaus|47\/100 brn\n|\n|-damage|p2b: Tandemaus|41\/100 brn|[from] brn\n|upkeep\n|turn|3\n|inactive|zop6060 has 120 seconds left.\n|inactive|Wready has 120 seconds left.\n|\n|t:|1698088242\n|switch|p1a: Armarouge|Armarouge, M, shiny|100\/100\n|move|p2a: Dudunsparce|Coil|p2a: Dudunsparce\n|-boost|p2a: Dudunsparce|atk|1\n|-boost|p2a: Dudunsparce|def|1\n|-boost|p2a: Dudunsparce|accuracy|1\n|move|p2b: Tandemaus|U-turn|p1b: Sableye\n|-damage|p1b: Sableye|94\/100\n|\n|t:|1698088252\n|switch|p2b: Drifblim|Drifblim, M|100\/100|[from] U-turn\n|move|p1b: Sableye|Foul Play|p2b: Drifblim\n|-supereffective|p2b: Drifblim\n|-damage|p2b: Drifblim|43\/100\n|\n|-status|p2b: Drifblim|brn|[from] item: Flame Orb\n|upkeep\n|turn|4\n|inactive|zop6060 has 120 seconds left.\n|inactive|Wready has 120 seconds left.\n|\n|t:|1698088280\n|-terastallize|p1a: Armarouge|Fire\n|move|p1b: Sableye|Quash|p2b: Drifblim\n|-activate|p2b: Drifblim|move: Quash\n|move|p2a: Dudunsparce|Coil|p2a: Dudunsparce\n|-boost|p2a: Dudunsparce|atk|1\n|-boost|p2a: Dudunsparce|def|1\n|-boost|p2a: Dudunsparce|accuracy|1\n|move|p1a: Armarouge|Heat Wave|p2b: Drifblim|[spread] p2b\n|-miss|p1a: Armarouge|p2a: Dudunsparce\n|-damage|p2b: Drifblim|0 fnt\n|faint|p2b: Drifblim\n|\n|-end|p2a: Dudunsparce|Encore\n|upkeep\n|inactive|Wready has 120 seconds left.\n|\n|t:|1698088301\n|switch|p2b: Walking Wake|Walking Wake|100\/100\n|-enditem|p2b: Walking Wake|Booster Energy\n|-activate|p2b: Walking Wake|ability: Protosynthesis|[fromitem]\n|-start|p2b: Walking Wake|protosynthesisspe\n|turn|5\n|inactive|Wready has 120 seconds left.\n|\n|t:|1698088313\n|move|p1b: Sableye|Quash|p2b: Walking Wake\n|-activate|p2b: Walking Wake|move: Quash\n|move|p2a: Dudunsparce|Earthquake|p1a: Armarouge|[spread] p2b,p1a,p1b\n|-supereffective|p1a: Armarouge\n|-damage|p2b: Walking Wake|26\/100\n|-damage|p1a: Armarouge|0 fnt\n|-damage|p1b: Sableye|0 fnt\n|faint|p1a: Armarouge\n|faint|p1b: Sableye\n|move|p2b: Walking Wake|Hydro Steam|p1: Armarouge|[notarget]\n|-fail|p2b: Walking Wake\n|\n|upkeep\n|inactive|zop6060 has 120 seconds left.\n|\n|t:|1698088339\n|switch|p1a: Chien-Pao|Chien-Pao|100\/100\n|switch|p1b: Drednaw|Drednaw, M, shiny|100\/100\n|-ability|p1a: Chien-Pao|Sword of Ruin\n|turn|6\n|inactive|zop6060 has 120 seconds left.\n|\n|t:|1698088365\n|move|p2a: Dudunsparce|Earthquake|p1a: Chien-Pao|[spread] p2b,p1a,p1b\n|-supereffective|p1b: Drednaw\n|-damage|p2b: Walking Wake|0 fnt\n|-damage|p1a: Chien-Pao|14\/100\n|-damage|p1b: Drednaw|0 fnt\n|faint|p2b: Walking Wake\n|-end|p2b: Walking Wake|Protosynthesis|[silent]\n|faint|p1b: Drednaw\n|move|p1a: Chien-Pao|Sacred Sword|p2a: Dudunsparce\n|-supereffective|p2a: Dudunsparce\n|-damage|p2a: Dudunsparce|0 fnt\n|faint|p2a: Dudunsparce\n|\n|upkeep\n|\n|t:|1698088380\n|switch|p2b: Mamoswine|Mamoswine, M|100\/100\n|switch|p2a: Iron Moth|Iron Moth|100\/100\n|switch|p1b: Staraptor|Staraptor, M, shiny|100\/100\n|-enditem|p2a: Iron Moth|Booster Energy\n|-activate|p2a: Iron Moth|ability: Quark Drive|[fromitem]\n|-start|p2a: Iron Moth|quarkdrivespe\n|turn|7\n|\n|t:|1698088397\n|move|p2a: Iron Moth|Heat Wave|p1b: Staraptor|[spread] p1a,p1b\n|-supereffective|p1a: Chien-Pao\n|-damage|p1a: Chien-Pao|0 fnt\n|-damage|p1b: Staraptor|37\/100\n|faint|p1a: Chien-Pao\n|move|p1b: Staraptor|Tailwind|p1b: Staraptor\n|-sidestart|p1: zop6060|move: Tailwind\n|move|p2b: Mamoswine|Icicle Crash|p1b: Staraptor\n|-supereffective|p1b: Staraptor\n|-damage|p1b: Staraptor|0 fnt\n|faint|p1b: Staraptor\n|\n|upkeep\n|inactive|zop6060 has 120 seconds left.\n|\n|t:|1698088437\n|switch|p1b: Mudsdale|Mudsdale, M|100\/100\n|turn|8\n|inactive|zop6060 has 120 seconds left.\n|\n|t:|1698088454\n|move|p2a: Iron Moth|Energy Ball|p1b: Mudsdale\n|-supereffective|p1b: Mudsdale\n|-damage|p1b: Mudsdale|33\/100\n|-unboost|p1b: Mudsdale|spd|1\n|-ability|p1b: Mudsdale|Stamina|boost\n|-boost|p1b: Mudsdale|def|1\n|move|p2b: Mamoswine|Icicle Crash|p1b: Mudsdale\n|-supereffective|p1b: Mudsdale\n|-damage|p1b: Mudsdale|0 fnt\n|faint|p1b: Mudsdale\n|\n|win|Wready\n|raw|zop6060's rating: 1022 &rarr; <strong>1008<\/strong><br \/>(-14 for losing)\n|raw|Wready's rating: 1008 &rarr; <strong>1048<\/strong><br \/>(+40 for winning)\n|l|\u2606zop6060\n","uploadtime":1698088473,"views":12,"p1id":"zop6060","p2id":"wready","formatid":"gen9doublesou","rating":1008,"private":0,"password":""}