{"id":"gen9doublesou-1984971273","p1":"Quilachy","p2":"Hell.kid6","format":"[Gen 9] Doubles OU","log":"|j|\u2606Quilachy\n|j|\u2606Hell.kid6\n|inactive|Battle timer is ON: inactive players will automatically lose when time's up.\n|t:|1699316190\n|gametype|doubles\n|player|p1|Quilachy|170|\n|player|p2|Hell.kid6|kieran|\n|teamsize|p1|6\n|teamsize|p2|6\n|gen|9\n|tier|[Gen 9] Doubles OU\n|rated|Tournament battle\n|rule|Species Clause: Limit one of each Pok\u00e9mon\n|rule|OHKO Clause: OHKO moves are banned\n|rule|Evasion Moves Clause: Evasion moves are banned\n|rule|Gravity Sleep Clause: The combination of sleep-inducing moves with imperfect accuracy and Gravity or Gigantamax Orbeetle are banned\n|rule|Endless Battle Clause: Forcing endless battles is banned\n|rule|HP Percentage Mod: HP is shown in percentages\n|clearpoke\n|poke|p1|Chien-Pao|\n|poke|p1|Dragonite, M|\n|poke|p1|Chi-Yu|\n|poke|p1|Flutter Mane|\n|poke|p1|Tornadus, M|\n|poke|p1|Landorus, M|\n|poke|p2|Diancie|\n|poke|p2|Cresselia, F|\n|poke|p2|Indeedee-F, F|\n|poke|p2|Kingambit, F|\n|poke|p2|Iron Hands|\n|poke|p2|Amoonguss, M|\n|teampreview\n|\n|t:|1699316202\n|start\n|switch|p1a: Chien-Pao|Chien-Pao|100\/100\n|switch|p1b: Chi-Yu|Chi-Yu|100\/100\n|switch|p2a: Indeedee|Indeedee-F, F, shiny|100\/100\n|switch|p2b: Diancie|Diancie, shiny|100\/100\n|-ability|p1b: Chi-Yu|Beads of Ruin\n|-ability|p1a: Chien-Pao|Sword of Ruin\n|-fieldstart|move: Psychic Terrain|[from] ability: Psychic Surge|[of] p2a: Indeedee\n|-enditem|p2a: Indeedee|Psychic Seed\n|-boost|p2a: Indeedee|spd|1|[from] item: Psychic Seed\n|turn|1\n|\n|t:|1699316230\n|switch|p1b: Landorus|Landorus, M, shiny|100\/100\n|move|p1a: Chien-Pao|Protect|p1a: Chien-Pao\n|-singleturn|p1a: Chien-Pao|Protect\n|move|p2a: Indeedee|Follow Me|p2a: Indeedee\n|-singleturn|p2a: Indeedee|move: Follow Me\n|move|p2b: Diancie|Trick Room|p2b: Diancie\n|-fieldstart|move: Trick Room|[of] p2b: Diancie\n|\n|upkeep\n|turn|2\n|\n|t:|1699316251\n|move|p2b: Diancie|Diamond Storm|p1a: Chien-Pao|[spread] p1a,p1b\n|-supereffective|p1a: Chien-Pao\n|-damage|p1a: Chien-Pao|5\/100\n|-damage|p1b: Landorus|51\/100\n|-boost|p2b: Diancie|def|2\n|move|p2a: Indeedee|Psychic|p1b: Landorus\n|-damage|p1b: Landorus|0 fnt\n|faint|p1b: Landorus\n|move|p1a: Chien-Pao|Ice Spinner|p2b: Diancie\n|-damage|p2b: Diancie|80\/100\n|-fieldend|move: Psychic Terrain\n|\n|upkeep\n|\n|t:|1699316263\n|switch|p1b: Tornadus|Tornadus, M|100\/100\n|turn|3\n|\n|t:|1699316275\n|move|p1b: Tornadus|Taunt|p2a: Indeedee\n|-start|p2a: Indeedee|move: Taunt\n|move|p1a: Chien-Pao|Sucker Punch|p2b: Diancie\n|-resisted|p2b: Diancie\n|-damage|p2b: Diancie|71\/100\n|move|p2b: Diancie|Diamond Storm|p1b: Tornadus|[spread] p1a,p1b\n|-supereffective|p1a: Chien-Pao\n|-supereffective|p1b: Tornadus\n|-damage|p1a: Chien-Pao|0 fnt\n|-enditem|p1b: Tornadus|Focus Sash\n|-damage|p1b: Tornadus|1\/100\n|faint|p1a: Chien-Pao\n|move|p2a: Indeedee|Psychic|p1b: Tornadus\n|-damage|p1b: Tornadus|0 fnt\n|faint|p1b: Tornadus\n|\n|upkeep\n|\n|t:|1699316288\n|switch|p1b: Chi-Yu|Chi-Yu|100\/100\n|switch|p1a: Dragonite|Dragonite, M|100\/100\n|-ability|p1b: Chi-Yu|Beads of Ruin\n|turn|4\n|j| crayno\n|l| crayno\n|\n|t:|1699316299\n|move|p2b: Diancie|Diamond Storm|p1a: Dragonite|[spread] p1a,p1b\n|-supereffective|p1a: Dragonite\n|-supereffective|p1b: Chi-Yu\n|-damage|p1a: Dragonite|29\/100\n|-damage|p1b: Chi-Yu|0 fnt\n|-boost|p2b: Diancie|def|2\n|faint|p1b: Chi-Yu\n|move|p2a: Indeedee|Psychic|p1a: Dragonite\n|-damage|p1a: Dragonite|0 fnt\n|faint|p1a: Dragonite\n|\n|upkeep\n|\n|t:|1699316307\n|switch|p1b: Flutter Mane|Flutter Mane|100\/100\n|turn|5\n|\n|t:|1699316314\n|move|p2b: Diancie|Diamond Storm|p1b: Flutter Mane\n|-damage|p1b: Flutter Mane|2\/100\n|-boost|p2b: Diancie|def|2\n|move|p2a: Indeedee|Psychic|p1b: Flutter Mane\n|-damage|p1b: Flutter Mane|0 fnt\n|faint|p1b: Flutter Mane\n|-end|p1b: Flutter Mane|Protosynthesis|[silent]\n|\n|win|Hell.kid6\n|n|\u2606Quilachy|quilachy\n|n|\u2606Hell.kid6|hellkid6\n|c|\u2606Hell.kid6|Gg\n|l|\u2606Quilachy\n|c|\u2606Hell.kid6|<3\n","uploadtime":1699316334,"views":10,"p1id":"quilachy","p2id":"hellkid6","formatid":"gen9doublesou","rating":0,"private":0,"password":""}