{"id":"gen9doublesou-1981104649","p1":"fortunisc","p2":"misternp","format":"[Gen 9] Doubles OU","log":"|j|\u203dfortunisc\n|j|\u2606misternp\n|t:|1698863900\n|gametype|doubles\n|player|p1|fortunisc|170|1097\n|player|p2|misternp|koga|1000\n|teamsize|p1|6\n|teamsize|p2|6\n|gen|9\n|tier|[Gen 9] Doubles OU\n|rated|\n|rule|Species Clause: Limit one of each Pok\u00e9mon\n|rule|OHKO Clause: OHKO moves are banned\n|rule|Evasion Moves Clause: Evasion moves are banned\n|rule|Gravity Sleep Clause: The combination of sleep-inducing moves with imperfect accuracy and Gravity or Gigantamax Orbeetle are banned\n|rule|Endless Battle Clause: Forcing endless battles is banned\n|rule|HP Percentage Mod: HP is shown in percentages\n|clearpoke\n|poke|p1|Muk-Alola, F|\n|poke|p1|Dragonite, M|\n|poke|p1|Politoed, F|\n|poke|p1|Sneasler, F|\n|poke|p1|Garganacl, F|\n|poke|p1|Ceruledge, F|\n|poke|p2|Drifblim, M|\n|poke|p2|Snorlax, M|\n|poke|p2|Arbok, M|\n|poke|p2|Kommo-o, M|\n|poke|p2|Farigiraf, F|\n|poke|p2|Clefairy, F|\n|teampreview\n|\n|t:|1698863912\n|start\n|switch|p1a: Dragonite|Dragonite, M|100\/100\n|switch|p1b: Sneasler|Sneasler, F|100\/100\n|switch|p2a: Marshmallow|Snorlax, M|100\/100\n|switch|p2b: Jafar|Arbok, M|100\/100\n|-ability|p2b: Jafar|Intimidate|boost\n|-fail|p1a: Dragonite|unboost|Attack|[from] ability: Inner Focus|[of] p1a: Dragonite\n|-unboost|p1b: Sneasler|atk|1\n|turn|1\n|\n|t:|1698863954\n|move|p1b: Sneasler|Toxic Spikes|p2a: Marshmallow\n|-sidestart|p2: misternp|move: Toxic Spikes\n|move|p2b: Jafar|Scale Shot|p1a: Dragonite\n|-supereffective|p1a: Dragonite\n|-damage|p1a: Dragonite|82\/100\n|-supereffective|p1a: Dragonite\n|-damage|p1a: Dragonite|65\/100\n|-supereffective|p1a: Dragonite\n|-damage|p1a: Dragonite|45\/100\n|-supereffective|p1a: Dragonite\n|-damage|p1a: Dragonite|26\/100\n|-supereffective|p1a: Dragonite\n|-damage|p1a: Dragonite|9\/100\n|-hitcount|p1a: Dragonite|5\n|-unboost|p2b: Jafar|def|1\n|-boost|p2b: Jafar|spe|1\n|move|p1a: Dragonite|Tailwind|p1a: Dragonite\n|-sidestart|p1: fortunisc|move: Tailwind\n|move|p2a: Marshmallow|Belly Drum|p2a: Marshmallow\n|-damage|p2a: Marshmallow|50\/100\n|-setboost|p2a: Marshmallow|atk|6|[from] move: Belly Drum\n|-enditem|p2a: Marshmallow|Sitrus Berry|[eat]\n|-heal|p2a: Marshmallow|75\/100|[from] item: Sitrus Berry\n|\n|upkeep\n|turn|2\n|\n|t:|1698863986\n|switch|p1b: Politoed|Politoed, F|100\/100\n|-weather|RainDance|[from] ability: Drizzle|[of] p1b: Politoed\n|move|p2a: Marshmallow|Protect|p2a: Marshmallow\n|-singleturn|p2a: Marshmallow|Protect\n|move|p2b: Jafar|Sucker Punch|p1a: Dragonite\n|-damage|p1a: Dragonite|0 fnt\n|faint|p1a: Dragonite\n|\n|-weather|RainDance|[upkeep]\n|upkeep\n|\n|t:|1698864003\n|switch|p1a: Muk|Muk-Alola, F|100\/100\n|turn|3\n|\n|t:|1698864023\n|switch|p2b: Blimp|Drifblim, M|100\/100\n|move|p1b: Politoed|Weather Ball|p2a: Marshmallow\n|-damage|p2a: Marshmallow|47\/100\n|move|p1a: Muk|Knock Off|p2a: Marshmallow\n|-damage|p2a: Marshmallow|31\/100\n|move|p2a: Marshmallow|High Horsepower|p1a: Muk\n|-supereffective|p1a: Muk\n|-crit|p1a: Muk\n|-damage|p1a: Muk|0 fnt\n|faint|p1a: Muk\n|\n|-weather|RainDance|[upkeep]\n|upkeep\n|\n|t:|1698864038\n|switch|p1a: Sneasler|Sneasler, F|100\/100\n|turn|4\n|\n|t:|1698864057\n|move|p2a: Marshmallow|Protect|p2a: Marshmallow\n|-singleturn|p2a: Marshmallow|Protect\n|move|p1a: Sneasler|Dire Claw|p2a: Marshmallow\n|-activate|p2a: Marshmallow|move: Protect\n|move|p1b: Politoed|Weather Ball|p2a: Marshmallow\n|-activate|p2a: Marshmallow|move: Protect\n|move|p2b: Blimp|Will-O-Wisp|p1a: Sneasler|[miss]\n|-miss|p2b: Blimp|p1a: Sneasler\n|\n|-weather|RainDance|[upkeep]\n|-sideend|p1: fortunisc|move: Tailwind\n|upkeep\n|turn|5\n|inactive|Battle timer is ON: inactive players will automatically lose when time's up. (requested by fortunisc)\n|\n|t:|1698864095\n|switch|p2a: Jafar|Arbok, M|100\/100\n|-sideend|p2: misternp|move: Toxic Spikes|[of] p2a: Jafar\n|-ability|p2a: Jafar|Intimidate|boost\n|-unboost|p1a: Sneasler|atk|1\n|-unboost|p1b: Politoed|atk|1\n|move|p1a: Sneasler|Dire Claw|p2a: Jafar\n|-resisted|p2a: Jafar\n|-damage|p2a: Jafar|78\/100\n|move|p1b: Politoed|Weather Ball|p2a: Jafar\n|-damage|p2a: Jafar|15\/100\n|move|p2b: Blimp|Will-O-Wisp|p1a: Sneasler\n|-status|p1a: Sneasler|brn\n|\n|-weather|RainDance|[upkeep]\n|-damage|p1a: Sneasler|95\/100 brn|[from] brn\n|upkeep\n|turn|6\n|inactive|misternp has 120 seconds left.\n|\n|t:|1698864148\n|move|p2a: Jafar|Sucker Punch|p1b: Politoed\n|-damage|p1b: Politoed|72\/100\n|move|p1a: Sneasler|Dire Claw|p2b: Blimp\n|-resisted|p2b: Blimp\n|-damage|p2b: Blimp|96\/100\n|move|p1b: Politoed|Weather Ball|p2a: Jafar\n|-damage|p2a: Jafar|0 fnt\n|faint|p2a: Jafar\n|move|p2b: Blimp|Shadow Ball|p1b: Politoed\n|-damage|p1b: Politoed|46\/100\n|\n|-weather|none\n|-damage|p1a: Sneasler|89\/100 brn|[from] brn\n|upkeep\n|inactive|misternp has 90 seconds left.\n|\n|t:|1698864167\n|switch|p2a: Scales|Kommo-o, M|100\/100\n|turn|7\n|inactive|misternp has 90 seconds left.\n|\n|t:|1698864195\n|switch|p2b: Clefairy|Clefairy, F|100\/100\n|move|p1a: Sneasler|Dire Claw|p2a: Scales\n|-damage|p2a: Scales|89\/100\n|-status|p2a: Scales|par\n|move|p1b: Politoed|Weather Ball|p2a: Scales\n|-immune|p2a: Scales|[from] ability: Bulletproof\n|move|p2a: Scales|Clanging Scales|p1b: Politoed|[spread] p1a,p1b\n|-damage|p1a: Sneasler|33\/100 brn\n|-damage|p1b: Politoed|2\/100\n|-unboost|p2a: Scales|def|1\n|-enditem|p2a: Scales|Throat Spray\n|-boost|p2a: Scales|spa|1|[from] item: Throat Spray\n|\n|-damage|p1a: Sneasler|27\/100 brn|[from] brn\n|upkeep\n|turn|8\n|\n|t:|1698864221\n|move|p2b: Clefairy|Follow Me|p2b: Clefairy\n|-singleturn|p2b: Clefairy|move: Follow Me\n|move|p1a: Sneasler|Dire Claw|p2b: Clefairy\n|-supereffective|p2b: Clefairy\n|-damage|p2b: Clefairy|82\/100\n|move|p1b: Politoed|Earthquake|p2b: Clefairy|[spread] p1a,p2a,p2b\n|-supereffective|p1a: Sneasler\n|-damage|p1a: Sneasler|0 fnt\n|-damage|p2a: Scales|74\/100 par\n|-damage|p2b: Clefairy|73\/100\n|faint|p1a: Sneasler\n|cant|p2a: Scales|par\n|\n|upkeep\n|inactive|fortunisc has 120 seconds left.\n|\n|t:|1698864236\n|switch|p1a: Ceruledge|Ceruledge, F|100\/100\n|turn|9\n|inactive|misternp has 120 seconds left.\n|\n|t:|1698864269\n|switch|p2b: Farigiraf|Farigiraf, F|100\/100\n|move|p1a: Ceruledge|Swords Dance|p1a: Ceruledge\n|-boost|p1a: Ceruledge|atk|2\n|move|p1b: Politoed|Weather Ball|p2a: Scales\n|-immune|p2a: Scales|[from] ability: Bulletproof\n|move|p2a: Scales|Clangorous Soul|p2a: Scales\n|-boost|p2a: Scales|atk|1\n|-boost|p2a: Scales|def|1\n|-boost|p2a: Scales|spa|1\n|-boost|p2a: Scales|spd|1\n|-boost|p2a: Scales|spe|1\n|-damage|p2a: Scales|41\/100 par\n|\n|upkeep\n|turn|10\n|inactive|misternp has 90 seconds left.\n|\n|t:|1698864302\n|-terastallize|p1a: Ceruledge|Fire\n|move|p1a: Ceruledge|Bitter Blade|p2a: Scales\n|-resisted|p2a: Scales\n|-damage|p2a: Scales|0 fnt\n|faint|p2a: Scales\n|move|p1b: Politoed|Encore||[still]\n|-fail|p1b: Politoed\n|move|p2b: Farigiraf|Psychic|p1a: Ceruledge\n|-damage|p1a: Ceruledge|51\/100\n|-unboost|p1a: Ceruledge|spd|1\n|\n|upkeep\n|inactive|misternp has 90 seconds left.\n|\n|t:|1698864315\n|switch|p2a: Blimp|Drifblim, M|96\/100\n|turn|11\n|\n|t:|1698864332\n|move|p1a: Ceruledge|Bitter Blade|p2a: Blimp\n|-damage|p2a: Blimp|0 fnt\n|-heal|p1a: Ceruledge|100\/100|[from] drain|[of] p2a: Blimp\n|-damage|p1a: Ceruledge|75\/100|[from] ability: Aftermath|[of] p2a: Blimp\n|faint|p2a: Blimp\n|move|p1b: Politoed|Weather Ball|p2b: Farigiraf\n|-damage|p2b: Farigiraf|91\/100\n|move|p2b: Farigiraf|Trick Room|p2b: Farigiraf\n|-fieldstart|move: Trick Room|[of] p2b: Farigiraf\n|\n|upkeep\n|\n|t:|1698864348\n|switch|p2a: Marshmallow|Snorlax, M|31\/100\n|turn|12\n|\n|t:|1698864360\n|move|p2a: Marshmallow|High Horsepower|p1a: Ceruledge\n|-supereffective|p1a: Ceruledge\n|-damage|p1a: Ceruledge|0 fnt\n|faint|p1a: Ceruledge\n|move|p2b: Farigiraf|Psychic|p1b: Politoed\n|-damage|p1b: Politoed|0 fnt\n|faint|p1b: Politoed\n|\n|upkeep\n|\n|t:|1698864368\n|switch|p1b: Garganacl|Garganacl, F|100\/100\n|turn|13\n|-message|fortunisc forfeited.\n|\n|win|misternp\n|raw|fortunisc's rating: 1097 &rarr; <strong>1066<\/strong><br \/>(-31 for losing)\n|raw|misternp's rating: 1000 &rarr; <strong>1051<\/strong><br \/>(+51 for winning)\n|l|\u203dfortunisc\n","uploadtime":1698864386,"views":32,"p1id":"fortunisc","p2id":"misternp","formatid":"gen9doublesou","rating":1051,"private":0,"password":""}