{"id":"gen9doublesou-1989422067","p1":"Ruggo_M8","p2":"Lyocoyfoyf","format":"[Gen 9] Doubles OU","log":"|j|\u2606Ruggo_M8\n|j|\u2606Lyocoyfoyf\n|t:|1699848207\n|gametype|doubles\n|player|p1|Ruggo_M8|blackbelt-gen4dp|1200\n|player|p2|Lyocoyfoyf|170|1088\n|teamsize|p1|6\n|teamsize|p2|6\n|gen|9\n|tier|[Gen 9] Doubles OU\n|rated|\n|rule|Species Clause: Limit one of each Pok\u00e9mon\n|rule|OHKO Clause: OHKO moves are banned\n|rule|Evasion Moves Clause: Evasion moves are banned\n|rule|Gravity Sleep Clause: The combination of sleep-inducing moves with imperfect accuracy and Gravity or Gigantamax Orbeetle are banned\n|rule|Endless Battle Clause: Forcing endless battles is banned\n|rule|HP Percentage Mod: HP is shown in percentages\n|clearpoke\n|poke|p1|Talonflame, F|\n|poke|p1|Kommo-o, F|\n|poke|p1|Sinistcha|\n|poke|p1|Farigiraf, M|\n|poke|p1|Palafin, F|\n|poke|p1|Ogerpon, F|\n|poke|p2|Maushold|\n|poke|p2|Tornadus, M|\n|poke|p2|Cyclizar, F|\n|poke|p2|Clefairy, F|\n|poke|p2|Azumarill, F|\n|poke|p2|Amoonguss, M|\n|teampreview\n|\n|t:|1699848214\n|start\n|switch|p1a: Talonflame|Talonflame, F, shiny|100\/100\n|switch|p1b: Kommo-o|Kommo-o, F|100\/100\n|switch|p2a: Tornadus|Tornadus, M|100\/100\n|switch|p2b: Cyclizar|Cyclizar, F|100\/100\n|turn|1\n|\n|t:|1699848231\n|move|p2a: Tornadus|Taunt|p1b: Kommo-o\n|-start|p1b: Kommo-o|move: Taunt\n|move|p2b: Cyclizar|Shed Tail|p2b: Cyclizar\n|-start|p2b: Cyclizar|Substitute|[from] move: Shed Tail\n|-damage|p2b: Cyclizar|50\/100\n|-enditem|p2b: Cyclizar|Sitrus Berry|[eat]\n|-heal|p2b: Cyclizar|75\/100|[from] item: Sitrus Berry\n|\n|t:|1699848237\n|switch|p2b: Azumarill|Azumarill, F|100\/100|[from] Shed Tail\n|move|p1a: Talonflame|Tailwind|p1a: Talonflame\n|-sidestart|p1: Ruggo_M8|move: Tailwind\n|cant|p1b: Kommo-o|move: Taunt|Clangorous Soul\n|\n|upkeep\n|turn|2\n|\n|t:|1699848257\n|move|p1a: Talonflame|Protect|p1a: Talonflame\n|-singleturn|p1a: Talonflame|Protect\n|move|p2a: Tornadus|Tailwind|p2a: Tornadus\n|-sidestart|p2: Lyocoyfoyf|move: Tailwind\n|move|p1b: Kommo-o|Ice Punch|p2a: Tornadus\n|-supereffective|p2a: Tornadus\n|-damage|p2a: Tornadus|41\/100\n|move|p2b: Azumarill|Aqua Ring|p2b: Azumarill\n|-start|p2b: Azumarill|Aqua Ring\n|\n|-heal|p2a: Tornadus|47\/100|[from] item: Leftovers\n|upkeep\n|turn|3\n|\n|t:|1699848283\n|move|p1a: Talonflame|Acrobatics|p2b: Azumarill\n|-activate|p2b: Azumarill|move: Substitute|[damage]\n|move|p1b: Kommo-o|Ice Punch|p2a: Tornadus\n|-supereffective|p2a: Tornadus\n|-damage|p2a: Tornadus|0 fnt\n|faint|p2a: Tornadus\n|move|p2b: Azumarill|Defense Curl|p2b: Azumarill\n|-boost|p2b: Azumarill|def|1\n|\n|-end|p1b: Kommo-o|move: Taunt\n|upkeep\n|\n|t:|1699848290\n|switch|p2a: Clefairy|Clefairy, F|100\/100\n|turn|4\n|\n|t:|1699848317\n|move|p2a: Clefairy|Follow Me|p2a: Clefairy\n|-singleturn|p2a: Clefairy|move: Follow Me\n|move|p1a: Talonflame|Acrobatics|p2a: Clefairy\n|-damage|p2a: Clefairy|81\/100\n|move|p1b: Kommo-o|Clangorous Soul|p1b: Kommo-o\n|-boost|p1b: Kommo-o|atk|1\n|-boost|p1b: Kommo-o|def|1\n|-boost|p1b: Kommo-o|spa|1\n|-boost|p1b: Kommo-o|spd|1\n|-boost|p1b: Kommo-o|spe|1\n|-damage|p1b: Kommo-o|68\/100\n|move|p2b: Azumarill|Rollout|p1b: Kommo-o|[miss]\n|-miss|p2b: Azumarill|p1b: Kommo-o\n|\n|-heal|p1b: Kommo-o|74\/100|[from] item: Leftovers\n|-sideend|p1: Ruggo_M8|move: Tailwind\n|upkeep\n|turn|5\n|\n|t:|1699848343\n|-terastallize|p1b: Kommo-o|Steel\n|move|p2a: Clefairy|Follow Me|p2a: Clefairy\n|-singleturn|p2a: Clefairy|move: Follow Me\n|move|p1b: Kommo-o|Clangorous Soul|p1b: Kommo-o\n|-boost|p1b: Kommo-o|atk|1\n|-boost|p1b: Kommo-o|def|1\n|-boost|p1b: Kommo-o|spa|1\n|-boost|p1b: Kommo-o|spd|1\n|-boost|p1b: Kommo-o|spe|1\n|-damage|p1b: Kommo-o|41\/100\n|move|p1a: Talonflame|Tailwind|p1a: Talonflame\n|-sidestart|p1: Ruggo_M8|move: Tailwind\n|move|p2b: Azumarill|Rollout|p1b: Kommo-o\n|-resisted|p1b: Kommo-o\n|-damage|p1b: Kommo-o|38\/100\n|\n|-heal|p1b: Kommo-o|44\/100|[from] item: Leftovers\n|-sideend|p2: Lyocoyfoyf|move: Tailwind\n|upkeep\n|turn|6\n|\n|t:|1699848364\n|switch|p1a: Farigiraf|Farigiraf, M|100\/100\n|move|p1b: Kommo-o|Protect|p1b: Kommo-o\n|-singleturn|p1b: Kommo-o|Protect\n|move|p2a: Clefairy|Follow Me|p2a: Clefairy\n|-singleturn|p2a: Clefairy|move: Follow Me\n|move|p2b: Azumarill|Rollout|p1b: Kommo-o|[from]lockedmove\n|-activate|p1b: Kommo-o|move: Protect\n|\n|-heal|p1b: Kommo-o|50\/100|[from] item: Leftovers\n|upkeep\n|turn|7\n|\n|t:|1699848380\n|move|p2a: Clefairy|Follow Me|p2a: Clefairy\n|-singleturn|p2a: Clefairy|move: Follow Me\n|move|p1b: Kommo-o|Clanging Scales|p2b: Azumarill|[spread] \n|-immune|p2a: Clefairy\n|-immune|p2b: Azumarill\n|move|p1a: Farigiraf|Wish|p1a: Farigiraf\n|move|p2b: Azumarill|Rollout|p1a: Farigiraf\n|-damage|p1a: Farigiraf|91\/100\n|-damage|p2b: Azumarill|84\/100|[from] item: Rocky Helmet|[of] p1a: Farigiraf\n|\n|-heal|p1b: Kommo-o|57\/100|[from] item: Leftovers\n|-heal|p2b: Azumarill|90\/100|[from] item: Leftovers\n|-heal|p2b: Azumarill|96\/100|[from] Aqua Ring\n|upkeep\n|turn|8\n|\n|t:|1699848398\n|move|p1a: Farigiraf|Ally Switch|p1a: Farigiraf\n|swap|p1a: Farigiraf|1|[from] move: Ally Switch\n|move|p2a: Clefairy|Follow Me|p2a: Clefairy\n|-singleturn|p2a: Clefairy|move: Follow Me\n|move|p1a: Kommo-o|Ice Punch|p2a: Clefairy\n|-damage|p2a: Clefairy|21\/100\n|move|p2b: Azumarill|Rollout|p1a: Kommo-o|[from]lockedmove\n|-resisted|p1a: Kommo-o\n|-damage|p1a: Kommo-o|51\/100\n|\n|-heal|p1a: Kommo-o|100\/100|[from] move: Wish|[wisher] Farigiraf\n|-heal|p2b: Azumarill|100\/100|[from] item: Leftovers\n|-sideend|p1: Ruggo_M8|move: Tailwind\n|upkeep\n|turn|9\n|\n|t:|1699848418\n|move|p1b: Farigiraf|Protect|p1b: Farigiraf\n|-singleturn|p1b: Farigiraf|Protect\n|move|p2a: Clefairy|Follow Me|p2a: Clefairy\n|-singleturn|p2a: Clefairy|move: Follow Me\n|move|p1a: Kommo-o|Ice Punch|p2a: Clefairy\n|-damage|p2a: Clefairy|0 fnt\n|faint|p2a: Clefairy\n|move|p2b: Azumarill|Rollout|p1a: Kommo-o|[from]lockedmove\n|-resisted|p1a: Kommo-o\n|-damage|p1a: Kommo-o|89\/100\n|\n|-heal|p1a: Kommo-o|95\/100|[from] item: Leftovers\n|upkeep\n|\n|t:|1699848431\n|switch|p2a: Amoonguss|Amoonguss, M|100\/100\n|turn|10\n|\n|t:|1699848451\n|-terastallize|p2a: Amoonguss|Dark\n|move|p1a: Kommo-o|Clangorous Soul|p1a: Kommo-o\n|-boost|p1a: Kommo-o|atk|1\n|-boost|p1a: Kommo-o|def|1\n|-boost|p1a: Kommo-o|spa|1\n|-boost|p1a: Kommo-o|spd|1\n|-boost|p1a: Kommo-o|spe|1\n|-damage|p1a: Kommo-o|62\/100\n|move|p1b: Farigiraf|Wish|p1b: Farigiraf\n|move|p2b: Azumarill|Rollout|p1a: Kommo-o|[from]lockedmove\n|-resisted|p1a: Kommo-o\n|-damage|p1a: Kommo-o|45\/100\n|move|p2a: Amoonguss|Spore|p1a: Kommo-o\n|-status|p1a: Kommo-o|slp|[from] move: Spore\n|\n|-heal|p1a: Kommo-o|52\/100 slp|[from] item: Leftovers\n|upkeep\n|turn|11\n|\n|t:|1699848470\n|cant|p1a: Kommo-o|slp\n|move|p1b: Farigiraf|Ally Switch|p1b: Farigiraf\n|swap|p1b: Farigiraf|0|[from] move: Ally Switch\n|move|p2b: Azumarill|Rollout|p1a: Farigiraf|[from]lockedmove\n|-damage|p1a: Farigiraf|0 fnt\n|-damage|p2b: Azumarill|84\/100|[from] item: Rocky Helmet|[of] p1a: Farigiraf\n|faint|p1a: Farigiraf\n|move|p2a: Amoonguss|Spore|p1b: Kommo-o\n|-fail|p1b: Kommo-o|slp\n|\n|-heal|p1b: Kommo-o|100\/100 slp|[from] move: Wish|[wisher] Farigiraf\n|-heal|p2b: Azumarill|90\/100|[from] item: Leftovers\n|-heal|p2b: Azumarill|96\/100|[from] Aqua Ring\n|upkeep\n|\n|t:|1699848493\n|switch|p1a: Talonflame|Talonflame, F, shiny|100\/100\n|turn|12\n|\n|t:|1699848507\n|switch|p2a: Maushold|Maushold|100\/100\n|-curestatus|p1b: Kommo-o|slp|[msg]\n|move|p1b: Kommo-o|Ice Punch|p2b: Azumarill\n|-resisted|p2b: Azumarill\n|-end|p2b: Azumarill|Substitute\n|move|p1a: Talonflame|Tailwind|p1a: Talonflame\n|-sidestart|p1: Ruggo_M8|move: Tailwind\n|move|p2b: Azumarill|Defense Curl|p2b: Azumarill\n|-boost|p2b: Azumarill|def|1\n|\n|-heal|p2b: Azumarill|100\/100|[from] item: Leftovers\n|upkeep\n|turn|13\n|\n|t:|1699848534\n|move|p1b: Kommo-o|Ice Punch|p2b: Azumarill\n|-resisted|p2b: Azumarill\n|-damage|p2b: Azumarill|89\/100\n|-status|p2b: Azumarill|frz\n|move|p1a: Talonflame|Acrobatics|p2b: Azumarill\n|-damage|p2b: Azumarill|83\/100 frz\n|move|p2a: Maushold|Population Bomb|p1a: Talonflame\n|-damage|p1a: Talonflame|95\/100\n|-status|p2a: Maushold|brn|[from] ability: Flame Body|[of] p1a: Talonflame\n|-hitcount|p1a: Talonflame|1\n|cant|p2b: Azumarill|frz\n|\n|-heal|p2b: Azumarill|89\/100 frz|[from] item: Leftovers\n|-heal|p2b: Azumarill|95\/100 frz|[from] Aqua Ring\n|-damage|p2a: Maushold|94\/100 brn|[from] brn\n|upkeep\n|turn|14\n|\n|t:|1699848560\n|move|p1b: Kommo-o|Ice Punch|p2b: Azumarill\n|-resisted|p2b: Azumarill\n|-damage|p2b: Azumarill|82\/100 frz\n|move|p1a: Talonflame|Flare Blitz|p2a: Maushold\n|-damage|p2a: Maushold|51\/100 brn\n|-damage|p1a: Talonflame|78\/100|[from] Recoil\n|move|p2a: Maushold|Population Bomb|p1a: Talonflame|[miss]\n|-miss|p2a: Maushold|p1a: Talonflame\n|cant|p2b: Azumarill|frz\n|\n|-heal|p2b: Azumarill|89\/100 frz|[from] item: Leftovers\n|-heal|p2b: Azumarill|95\/100 frz|[from] Aqua Ring\n|-damage|p2a: Maushold|45\/100 brn|[from] brn\n|upkeep\n|turn|15\n|\n|t:|1699848596\n|move|p1a: Talonflame|Protect|p1a: Talonflame\n|-singleturn|p1a: Talonflame|Protect\n|move|p1b: Kommo-o|Ice Punch|p2b: Azumarill\n|-resisted|p2b: Azumarill\n|-damage|p2b: Azumarill|82\/100 frz\n|move|p2a: Maushold|Population Bomb|p1a: Talonflame\n|-activate|p1a: Talonflame|move: Protect\n|cant|p2b: Azumarill|frz\n|\n|-heal|p2b: Azumarill|88\/100 frz|[from] item: Leftovers\n|-heal|p2b: Azumarill|94\/100 frz|[from] Aqua Ring\n|-damage|p2a: Maushold|38\/100 brn|[from] brn\n|-sideend|p1: Ruggo_M8|move: Tailwind\n|upkeep\n|turn|16\n|\n|t:|1699848622\n|move|p1b: Kommo-o|Ice Punch|p2b: Azumarill\n|-resisted|p2b: Azumarill\n|-damage|p2b: Azumarill|83\/100 frz\n|move|p2a: Maushold|Population Bomb|p1a: Talonflame\n|-crit|p1a: Talonflame\n|-damage|p1a: Talonflame|74\/100\n|-damage|p1a: Talonflame|71\/100\n|-damage|p1a: Talonflame|68\/100\n|-damage|p1a: Talonflame|65\/100\n|-damage|p1a: Talonflame|62\/100\n|-hitcount|p1a: Talonflame|5\n|move|p1a: Talonflame|Tailwind|p1a: Talonflame\n|-sidestart|p1: Ruggo_M8|move: Tailwind\n|-curestatus|p2b: Azumarill|frz|[msg]\n|move|p2b: Azumarill|Defense Curl|p2b: Azumarill\n|-boost|p2b: Azumarill|def|1\n|\n|-heal|p2b: Azumarill|90\/100|[from] item: Leftovers\n|-heal|p2b: Azumarill|96\/100|[from] Aqua Ring\n|-damage|p2a: Maushold|32\/100 brn|[from] brn\n|upkeep\n|turn|17\n|\n|t:|1699848649\n|switch|p1a: Ogerpon|Ogerpon, F|100\/100\n|move|p1b: Kommo-o|Clanging Scales|p2a: Maushold|[spread] p2a\n|-immune|p2b: Azumarill\n|-damage|p2a: Maushold|0 fnt\n|faint|p2a: Maushold\n|-unboost|p1b: Kommo-o|def|1\n|move|p2b: Azumarill|Defense Curl|p2b: Azumarill\n|-boost|p2b: Azumarill|def|1\n|\n|-heal|p2b: Azumarill|100\/100|[from] item: Leftovers\n|upkeep\n|\n|t:|1699848660\n|switch|p2a: Cyclizar|Cyclizar, F|100\/100\n|turn|18\n|\n|t:|1699848670\n|move|p1b: Kommo-o|Clanging Scales|p2a: Cyclizar|[spread] p2a\n|-immune|p2b: Azumarill\n|-supereffective|p2a: Cyclizar\n|-damage|p2a: Cyclizar|0 fnt\n|faint|p2a: Cyclizar\n|-unboost|p1b: Kommo-o|def|1\n|move|p1a: Ogerpon|Ivy Cudgel|p2b: Azumarill\n|-ability|p2b: Azumarill|Sap Sipper|boost\n|-boost|p2b: Azumarill|atk|1\n|move|p2b: Azumarill|Defense Curl|p2b: Azumarill\n|-boost|p2b: Azumarill|def|1\n|\n|upkeep\n|\n|t:|1699848674\n|switch|p2a: Amoonguss|Amoonguss, M, tera:Dark|100\/100\n|turn|19\n|\n|t:|1699848694\n|move|p1b: Kommo-o|Ice Punch|p2b: Azumarill\n|-resisted|p2b: Azumarill\n|-damage|p2b: Azumarill|91\/100\n|move|p1a: Ogerpon|Play Rough|p2a: Amoonguss\n|-supereffective|p2a: Amoonguss\n|-damage|p2a: Amoonguss|19\/100\n|-damage|p1a: Ogerpon|91\/100|[from] item: Life Orb\n|move|p2b: Azumarill|Defense Curl|p2b: Azumarill\n|-boost|p2b: Azumarill|def|1\n|move|p2a: Amoonguss|Spore|p1b: Kommo-o\n|-status|p1b: Kommo-o|slp|[from] move: Spore\n|\n|-heal|p2b: Azumarill|97\/100|[from] item: Leftovers\n|-heal|p2a: Amoonguss|25\/100|[from] item: Leftovers\n|-heal|p2b: Azumarill|100\/100|[from] Aqua Ring\n|-sideend|p1: Ruggo_M8|move: Tailwind\n|upkeep\n|turn|20\n|\n|t:|1699848733\n|cant|p1b: Kommo-o|slp\n|move|p1a: Ogerpon|Play Rough|p2b: Azumarill\n|-damage|p2b: Azumarill|91\/100\n|-damage|p1a: Ogerpon|81\/100|[from] item: Life Orb\n|move|p2b: Azumarill|Rollout|p1a: Ogerpon\n|-damage|p1a: Ogerpon|55\/100\n|move|p2a: Amoonguss|Pollen Puff|p1a: Ogerpon\n|-supereffective|p1a: Ogerpon\n|-damage|p1a: Ogerpon|11\/100\n|\n|-heal|p2b: Azumarill|97\/100|[from] item: Leftovers\n|-heal|p2a: Amoonguss|31\/100|[from] item: Leftovers\n|-heal|p2b: Azumarill|100\/100|[from] Aqua Ring\n|upkeep\n|turn|21\n|\n|t:|1699848754\n|-curestatus|p1b: Kommo-o|slp|[msg]\n|move|p1b: Kommo-o|Ice Punch|p2b: Azumarill\n|-resisted|p2b: Azumarill\n|-damage|p2b: Azumarill|93\/100\n|move|p1a: Ogerpon|Play Rough|p2a: Amoonguss\n|-supereffective|p2a: Amoonguss\n|-damage|p2a: Amoonguss|0 fnt\n|faint|p2a: Amoonguss\n|-damage|p1a: Ogerpon|1\/100|[from] item: Life Orb\n|move|p2b: Azumarill|Rollout|p1a: Ogerpon|[from]lockedmove\n|-damage|p1a: Ogerpon|0 fnt\n|faint|p1a: Ogerpon\n|\n|-heal|p2b: Azumarill|99\/100|[from] item: Leftovers\n|-heal|p2b: Azumarill|100\/100|[from] Aqua Ring\n|upkeep\n|\n|t:|1699848779\n|switch|p1a: Palafin|Palafin, F|100\/100\n|turn|22\n|\n|t:|1699848784\n|move|p1b: Kommo-o|Protect|p1b: Kommo-o\n|-singleturn|p1b: Kommo-o|Protect\n|move|p1a: Palafin|Flip Turn|p2b: Azumarill\n|-resisted|p2b: Azumarill\n|-damage|p2b: Azumarill|96\/100\n|\n|t:|1699848790\n|detailschange|p1a: Palafin|Palafin-Hero, F\n|switch|p1a: Talonflame|Talonflame, F, shiny|62\/100|[from] Flip Turn\n|move|p2b: Azumarill|Rollout|p1a: Talonflame|[from]lockedmove|[miss]\n|-miss|p2b: Azumarill|p1a: Talonflame\n|\n|-heal|p2b: Azumarill|100\/100|[from] item: Leftovers\n|upkeep\n|turn|23\n|inactive|Battle timer is ON: inactive players will automatically lose when time's up. (requested by Lyocoyfoyf)\n|\n|t:|1699848820\n|switch|p1a: Palafin|Palafin-Hero, F|100\/100\n|-activate|p1a: Palafin|ability: Zero to Hero\n|move|p2b: Azumarill|Protect|p2b: Azumarill\n|-singleturn|p2b: Azumarill|Protect\n|move|p1b: Kommo-o|Ice Punch|p2b: Azumarill\n|-activate|p2b: Azumarill|move: Protect\n|\n|upkeep\n|turn|24\n|c|\u2606Ruggo_M8|DIEEEE\n|\n|t:|1699848835\n|move|p1b: Kommo-o|Ice Punch|p2b: Azumarill\n|-resisted|p2b: Azumarill\n|-damage|p2b: Azumarill|93\/100\n|move|p1a: Palafin|Giga Impact|p2b: Azumarill\n|-damage|p2b: Azumarill|71\/100\n|-mustrecharge|p1a: Palafin\n|move|p2b: Azumarill|Rollout|p1a: Palafin\n|-damage|p1a: Palafin|82\/100\n|\n|-heal|p2b: Azumarill|77\/100|[from] item: Leftovers\n|-heal|p2b: Azumarill|84\/100|[from] Aqua Ring\n|upkeep\n|turn|25\n|\n|t:|1699848854\n|move|p1b: Kommo-o|Ice Punch|p2b: Azumarill\n|-resisted|p2b: Azumarill\n|-damage|p2b: Azumarill|76\/100\n|cant|p1a: Palafin|recharge\n|move|p2b: Azumarill|Rollout|p1a: Palafin|[from]lockedmove|[miss]\n|-miss|p2b: Azumarill|p1a: Palafin\n|\n|-heal|p2b: Azumarill|82\/100|[from] item: Leftovers\n|-heal|p2b: Azumarill|88\/100|[from] Aqua Ring\n|upkeep\n|turn|26\n|\n|t:|1699848871\n|move|p2b: Azumarill|Protect|p2b: Azumarill\n|-singleturn|p2b: Azumarill|Protect\n|move|p1b: Kommo-o|Clangorous Soul|p1b: Kommo-o\n|-boost|p1b: Kommo-o|atk|1\n|-boost|p1b: Kommo-o|def|1\n|-boost|p1b: Kommo-o|spa|1\n|-boost|p1b: Kommo-o|spd|1\n|-boost|p1b: Kommo-o|spe|1\n|-damage|p1b: Kommo-o|68\/100\n|move|p1a: Palafin|Giga Impact|p2b: Azumarill\n|-activate|p2b: Azumarill|move: Protect\n|\n|-heal|p1b: Kommo-o|74\/100|[from] item: Leftovers\n|-heal|p2b: Azumarill|95\/100|[from] item: Leftovers\n|-heal|p2b: Azumarill|100\/100|[from] Aqua Ring\n|upkeep\n|turn|27\n|\n|t:|1699848888\n|move|p1b: Kommo-o|Clangorous Soul|p1b: Kommo-o\n|-boost|p1b: Kommo-o|atk|1\n|-boost|p1b: Kommo-o|def|1\n|-boost|p1b: Kommo-o|spa|1\n|-boost|p1b: Kommo-o|spd|1\n|-boost|p1b: Kommo-o|spe|1\n|-damage|p1b: Kommo-o|41\/100\n|move|p1a: Palafin|Giga Impact|p2b: Azumarill\n|-damage|p2b: Azumarill|77\/100\n|-mustrecharge|p1a: Palafin\n|move|p2b: Azumarill|Rollout|p1a: Palafin\n|-damage|p1a: Palafin|65\/100\n|\n|-heal|p1b: Kommo-o|47\/100|[from] item: Leftovers\n|-heal|p2b: Azumarill|83\/100|[from] item: Leftovers\n|-heal|p2b: Azumarill|90\/100|[from] Aqua Ring\n|upkeep\n|turn|28\n|\n|t:|1699848909\n|move|p1b: Kommo-o|Clangorous Soul|p1b: Kommo-o\n|-boost|p1b: Kommo-o|atk|1\n|-boost|p1b: Kommo-o|def|1\n|-boost|p1b: Kommo-o|spa|1\n|-boost|p1b: Kommo-o|spd|1\n|-boost|p1b: Kommo-o|spe|1\n|-damage|p1b: Kommo-o|14\/100\n|cant|p1a: Palafin|recharge\n|move|p2b: Azumarill|Rollout|p1a: Palafin|[from]lockedmove\n|-damage|p1a: Palafin|27\/100\n|\n|-heal|p1b: Kommo-o|20\/100|[from] item: Leftovers\n|-heal|p2b: Azumarill|96\/100|[from] item: Leftovers\n|-heal|p2b: Azumarill|100\/100|[from] Aqua Ring\n|upkeep\n|turn|29\n|\n|t:|1699848925\n|switch|p1a: Sinistcha|Sinistcha|100\/100\n|-heal|p1b: Kommo-o|45\/100|[from] ability: Hospitality|[of] p1a: Sinistcha\n|move|p1b: Kommo-o|Ice Punch|p2b: Azumarill\n|-resisted|p2b: Azumarill\n|-damage|p2b: Azumarill|88\/100\n|move|p2b: Azumarill|Rollout|p1a: Sinistcha|[from]lockedmove\n|-damage|p1a: Sinistcha|27\/100\n|-enditem|p1a: Sinistcha|Sitrus Berry|[eat]\n|-heal|p1a: Sinistcha|52\/100|[from] item: Sitrus Berry\n|\n|-heal|p1b: Kommo-o|52\/100|[from] item: Leftovers\n|-heal|p2b: Azumarill|94\/100|[from] item: Leftovers\n|-heal|p2b: Azumarill|100\/100|[from] Aqua Ring\n|upkeep\n|turn|30\n|\n|t:|1699848941\n|switch|p1a: Palafin|Palafin-Hero, F|27\/100\n|move|p1b: Kommo-o|Ice Punch|p2b: Azumarill\n|-resisted|p2b: Azumarill\n|-damage|p2b: Azumarill|87\/100\n|move|p2b: Azumarill|Rollout|p1a: Palafin|[from]lockedmove\n|-damage|p1a: Palafin|0 fnt\n|faint|p1a: Palafin\n|\n|-heal|p1b: Kommo-o|58\/100|[from] item: Leftovers\n|-heal|p2b: Azumarill|94\/100|[from] item: Leftovers\n|-heal|p2b: Azumarill|99\/100|[from] Aqua Ring\n|upkeep\n|\n|t:|1699848953\n|switch|p1a: Talonflame|Talonflame, F, shiny|62\/100\n|turn|31\n|\n|t:|1699848961\n|switch|p1a: Sinistcha|Sinistcha|52\/100\n|-heal|p1b: Kommo-o|83\/100|[from] ability: Hospitality|[of] p1a: Sinistcha\n|move|p1b: Kommo-o|Ice Punch|p2b: Azumarill\n|-resisted|p2b: Azumarill\n|-damage|p2b: Azumarill|86\/100\n|move|p2b: Azumarill|Rollout|p1a: Sinistcha|[from]lockedmove\n|-damage|p1a: Sinistcha|0 fnt\n|faint|p1a: Sinistcha\n|\n|-heal|p1b: Kommo-o|89\/100|[from] item: Leftovers\n|-heal|p2b: Azumarill|93\/100|[from] item: Leftovers\n|-heal|p2b: Azumarill|99\/100|[from] Aqua Ring\n|upkeep\n|\n|t:|1699848974\n|switch|p1a: Talonflame|Talonflame, F, shiny|62\/100\n|turn|32\n|\n|t:|1699848980\n|move|p2b: Azumarill|Protect|p2b: Azumarill\n|-singleturn|p2b: Azumarill|Protect\n|move|p1b: Kommo-o|Ice Punch|p2b: Azumarill\n|-activate|p2b: Azumarill|move: Protect\n|move|p1a: Talonflame|Acrobatics|p2b: Azumarill\n|-activate|p2b: Azumarill|move: Protect\n|\n|-heal|p1b: Kommo-o|95\/100|[from] item: Leftovers\n|-heal|p2b: Azumarill|100\/100|[from] item: Leftovers\n|upkeep\n|turn|33\n|\n|t:|1699848993\n|move|p1b: Kommo-o|Ice Punch|p2b: Azumarill\n|-resisted|p2b: Azumarill\n|-damage|p2b: Azumarill|87\/100\n|move|p1a: Talonflame|Acrobatics|p2b: Azumarill\n|-damage|p2b: Azumarill|83\/100\n|move|p2b: Azumarill|Defense Curl|p2b: Azumarill\n|-boost|p2b: Azumarill|def|0\n|\n|-heal|p1b: Kommo-o|100\/100|[from] item: Leftovers\n|-heal|p2b: Azumarill|90\/100|[from] item: Leftovers\n|-heal|p2b: Azumarill|96\/100|[from] Aqua Ring\n|upkeep\n|turn|34\n|\n|t:|1699849012\n|move|p2b: Azumarill|Protect|p2b: Azumarill\n|-singleturn|p2b: Azumarill|Protect\n|move|p1b: Kommo-o|Ice Punch|p2b: Azumarill\n|-activate|p2b: Azumarill|move: Protect\n|move|p1a: Talonflame|Acrobatics|p2b: Azumarill\n|-activate|p2b: Azumarill|move: Protect\n|\n|-heal|p2b: Azumarill|100\/100|[from] item: Leftovers\n|upkeep\n|turn|35\n|c|\u2606Ruggo_M8|broooooooo\n|inactive|Ruggo_M8 has 120 seconds left.\n|\n|t:|1699849045\n|move|p1b: Kommo-o|Ice Punch|p2b: Azumarill\n|-resisted|p2b: Azumarill\n|-damage|p2b: Azumarill|89\/100\n|move|p1a: Talonflame|Flare Blitz|p2b: Azumarill\n|-resisted|p2b: Azumarill\n|-damage|p2b: Azumarill|84\/100\n|-damage|p1a: Talonflame|60\/100|[from] Recoil\n|move|p2b: Azumarill|Defense Curl|p2b: Azumarill\n|-boost|p2b: Azumarill|def|0\n|\n|-heal|p2b: Azumarill|90\/100|[from] item: Leftovers\n|-heal|p2b: Azumarill|97\/100|[from] Aqua Ring\n|upkeep\n|turn|36\n|\n|t:|1699849061\n|move|p2b: Azumarill|Protect|p2b: Azumarill\n|-singleturn|p2b: Azumarill|Protect\n|move|p1b: Kommo-o|Ice Punch|p2b: Azumarill\n|-activate|p2b: Azumarill|move: Protect\n|move|p1a: Talonflame|Flare Blitz|p2b: Azumarill\n|-activate|p2b: Azumarill|move: Protect\n|\n|-heal|p2b: Azumarill|100\/100|[from] item: Leftovers\n|upkeep\n|turn|37\n|\n|t:|1699849074\n|move|p1b: Kommo-o|Ice Punch|p2b: Azumarill\n|-resisted|p2b: Azumarill\n|-damage|p2b: Azumarill|89\/100\n|move|p1a: Talonflame|Acrobatics|p2b: Azumarill\n|-damage|p2b: Azumarill|84\/100\n|move|p2b: Azumarill|Defense Curl|p2b: Azumarill\n|-boost|p2b: Azumarill|def|0\n|\n|-heal|p2b: Azumarill|90\/100|[from] item: Leftovers\n|-heal|p2b: Azumarill|97\/100|[from] Aqua Ring\n|upkeep\n|turn|38\n|\n|t:|1699849087\n|move|p2b: Azumarill|Protect|p2b: Azumarill\n|-singleturn|p2b: Azumarill|Protect\n|move|p1b: Kommo-o|Ice Punch|p2b: Azumarill\n|-activate|p2b: Azumarill|move: Protect\n|move|p1a: Talonflame|Acrobatics|p2b: Azumarill\n|-activate|p2b: Azumarill|move: Protect\n|\n|-heal|p2b: Azumarill|100\/100|[from] item: Leftovers\n|upkeep\n|turn|39\n|inactive|Ruggo_M8 has 120 seconds left.\n|\n|t:|1699849125\n|move|p1b: Kommo-o|Protect|p1b: Kommo-o\n|-singleturn|p1b: Kommo-o|Protect\n|move|p1a: Talonflame|Flare Blitz|p2b: Azumarill\n|-resisted|p2b: Azumarill\n|-damage|p2b: Azumarill|96\/100\n|-damage|p1a: Talonflame|58\/100|[from] Recoil\n|move|p2b: Azumarill|Rollout|p1a: Talonflame\n|-supereffective|p1a: Talonflame\n|-damage|p1a: Talonflame|0 fnt\n|-status|p2b: Azumarill|brn|[from] ability: Flame Body|[of] p1a: Talonflame\n|faint|p1a: Talonflame\n|\n|-heal|p2b: Azumarill|100\/100 brn|[from] item: Leftovers\n|-damage|p2b: Azumarill|94\/100 brn|[from] brn\n|upkeep\n|turn|40\n|inactive|Ruggo_M8 has 120 seconds left.\n|\n|t:|1699849155\n|move|p1b: Kommo-o|Clanging Scales|p2b: Azumarill\n|-immune|p2b: Azumarill\n|move|p2b: Azumarill|Rollout|p1b: Kommo-o|[from]lockedmove|[miss]\n|-miss|p2b: Azumarill|p1b: Kommo-o\n|\n|-heal|p2b: Azumarill|100\/100 brn|[from] item: Leftovers\n|-damage|p2b: Azumarill|94\/100 brn|[from] brn\n|upkeep\n|turn|41\n|\n|t:|1699849166\n|move|p1b: Kommo-o|Protect|p1b: Kommo-o\n|-singleturn|p1b: Kommo-o|Protect\n|move|p2b: Azumarill|Rollout|p1b: Kommo-o\n|-activate|p1b: Kommo-o|move: Protect\n|\n|-heal|p2b: Azumarill|100\/100 brn|[from] item: Leftovers\n|-damage|p2b: Azumarill|94\/100 brn|[from] brn\n|upkeep\n|turn|42\n|\n|t:|1699849187\n|move|p1b: Kommo-o|Clangorous Soul|p1b: Kommo-o\n|-boost|p1b: Kommo-o|atk|0\n|-boost|p1b: Kommo-o|def|1\n|-boost|p1b: Kommo-o|spa|0\n|-boost|p1b: Kommo-o|spd|0\n|-boost|p1b: Kommo-o|spe|0\n|-damage|p1b: Kommo-o|68\/100\n|move|p2b: Azumarill|Rollout|p1b: Kommo-o\n|-resisted|p1b: Kommo-o\n|-damage|p1b: Kommo-o|67\/100\n|\n|-heal|p1b: Kommo-o|73\/100|[from] item: Leftovers\n|-heal|p2b: Azumarill|100\/100 brn|[from] item: Leftovers\n|-damage|p2b: Azumarill|94\/100 brn|[from] brn\n|upkeep\n|turn|43\n|\n|t:|1699849206\n|move|p1b: Kommo-o|Clanging Scales|p2b: Azumarill\n|-immune|p2b: Azumarill\n|move|p2b: Azumarill|Rollout|p1b: Kommo-o|[from]lockedmove|[miss]\n|-miss|p2b: Azumarill|p1b: Kommo-o\n|\n|-heal|p1b: Kommo-o|79\/100|[from] item: Leftovers\n|-heal|p2b: Azumarill|100\/100 brn|[from] item: Leftovers\n|-damage|p2b: Azumarill|94\/100 brn|[from] brn\n|upkeep\n|turn|44\n|\n|t:|1699849216\n|move|p1b: Kommo-o|Protect|p1b: Kommo-o\n|-singleturn|p1b: Kommo-o|Protect\n|move|p2b: Azumarill|Rollout|p1b: Kommo-o\n|-activate|p1b: Kommo-o|move: Protect\n|\n|-heal|p1b: Kommo-o|85\/100|[from] item: Leftovers\n|-heal|p2b: Azumarill|100\/100 brn|[from] item: Leftovers\n|-damage|p2b: Azumarill|94\/100 brn|[from] brn\n|upkeep\n|turn|45\n|\n|t:|1699849227\n|move|p1b: Kommo-o|Clangorous Soul|p1b: Kommo-o\n|-boost|p1b: Kommo-o|atk|0\n|-boost|p1b: Kommo-o|def|1\n|-boost|p1b: Kommo-o|spa|0\n|-boost|p1b: Kommo-o|spd|0\n|-boost|p1b: Kommo-o|spe|0\n|-damage|p1b: Kommo-o|52\/100\n|move|p2b: Azumarill|Rollout|p1b: Kommo-o|[miss]\n|-miss|p2b: Azumarill|p1b: Kommo-o\n|\n|-heal|p1b: Kommo-o|58\/100|[from] item: Leftovers\n|-heal|p2b: Azumarill|100\/100 brn|[from] item: Leftovers\n|-damage|p2b: Azumarill|94\/100 brn|[from] brn\n|upkeep\n|turn|46\n|\n|t:|1699849238\n|move|p1b: Kommo-o|Clanging Scales|p2b: Azumarill\n|-immune|p2b: Azumarill\n|move|p2b: Azumarill|Rollout|p1b: Kommo-o\n|-resisted|p1b: Kommo-o\n|-damage|p1b: Kommo-o|57\/100\n|\n|-heal|p1b: Kommo-o|64\/100|[from] item: Leftovers\n|-heal|p2b: Azumarill|100\/100 brn|[from] item: Leftovers\n|-damage|p2b: Azumarill|94\/100 brn|[from] brn\n|upkeep\n|turn|47\n|\n|t:|1699849247\n|move|p1b: Kommo-o|Protect|p1b: Kommo-o\n|-singleturn|p1b: Kommo-o|Protect\n|move|p2b: Azumarill|Rollout|p1b: Kommo-o|[from]lockedmove\n|-activate|p1b: Kommo-o|move: Protect\n|\n|-heal|p1b: Kommo-o|70\/100|[from] item: Leftovers\n|-heal|p2b: Azumarill|100\/100 brn|[from] item: Leftovers\n|-damage|p2b: Azumarill|94\/100 brn|[from] brn\n|upkeep\n|turn|48\n|\n|t:|1699849259\n|move|p1b: Kommo-o|Clanging Scales|p2b: Azumarill\n|-immune|p2b: Azumarill\n|move|p2b: Azumarill|Rollout|p1b: Kommo-o\n|-resisted|p1b: Kommo-o\n|-damage|p1b: Kommo-o|69\/100\n|\n|-heal|p1b: Kommo-o|75\/100|[from] item: Leftovers\n|-heal|p2b: Azumarill|100\/100 brn|[from] item: Leftovers\n|-damage|p2b: Azumarill|94\/100 brn|[from] brn\n|upkeep\n|turn|49\n|\n|t:|1699849273\n|move|p1b: Kommo-o|Clanging Scales|p2b: Azumarill\n|-immune|p2b: Azumarill\n|move|p2b: Azumarill|Rollout|p1b: Kommo-o|[from]lockedmove\n|-resisted|p1b: Kommo-o\n|-damage|p1b: Kommo-o|73\/100\n|\n|-heal|p1b: Kommo-o|79\/100|[from] item: Leftovers\n|-heal|p2b: Azumarill|100\/100 brn|[from] item: Leftovers\n|-damage|p2b: Azumarill|94\/100 brn|[from] brn\n|upkeep\n|turn|50\n|c|\u2606Ruggo_M8|your cringe\n|\n|t:|1699849290\n|move|p1b: Kommo-o|Protect|p1b: Kommo-o\n|-singleturn|p1b: Kommo-o|Protect\n|move|p2b: Azumarill|Rollout|p1b: Kommo-o|[from]lockedmove\n|-activate|p1b: Kommo-o|move: Protect\n|\n|-heal|p1b: Kommo-o|85\/100|[from] item: Leftovers\n|-heal|p2b: Azumarill|100\/100 brn|[from] item: Leftovers\n|-damage|p2b: Azumarill|94\/100 brn|[from] brn\n|upkeep\n|turn|51\n|\n|t:|1699849298\n|move|p1b: Kommo-o|Protect|p1b: Kommo-o\n|-singleturn|p1b: Kommo-o|Protect\n|move|p2b: Azumarill|Rollout|p1b: Kommo-o\n|-activate|p1b: Kommo-o|move: Protect\n|\n|-heal|p1b: Kommo-o|91\/100|[from] item: Leftovers\n|-heal|p2b: Azumarill|100\/100 brn|[from] item: Leftovers\n|-damage|p2b: Azumarill|94\/100 brn|[from] brn\n|upkeep\n|turn|52\n|\n|t:|1699849307\n|move|p1b: Kommo-o|Protect||[still]\n|-fail|p1b: Kommo-o\n|move|p2b: Azumarill|Rollout|p1b: Kommo-o\n|-resisted|p1b: Kommo-o\n|-damage|p1b: Kommo-o|90\/100\n|\n|-heal|p1b: Kommo-o|96\/100|[from] item: Leftovers\n|-heal|p2b: Azumarill|100\/100 brn|[from] item: Leftovers\n|-damage|p2b: Azumarill|94\/100 brn|[from] brn\n|upkeep\n|turn|53\n|\n|t:|1699849320\n|move|p1b: Kommo-o|Protect|p1b: Kommo-o\n|-singleturn|p1b: Kommo-o|Protect\n|move|p2b: Azumarill|Rollout|p1b: Kommo-o|[from]lockedmove\n|-activate|p1b: Kommo-o|move: Protect\n|\n|-heal|p1b: Kommo-o|100\/100|[from] item: Leftovers\n|-heal|p2b: Azumarill|100\/100 brn|[from] item: Leftovers\n|-damage|p2b: Azumarill|94\/100 brn|[from] brn\n|upkeep\n|turn|54\n|\n|t:|1699849328\n|move|p1b: Kommo-o|Protect||[still]\n|-fail|p1b: Kommo-o\n|move|p2b: Azumarill|Rollout|p1b: Kommo-o\n|-resisted|p1b: Kommo-o\n|-damage|p1b: Kommo-o|99\/100\n|\n|-heal|p1b: Kommo-o|100\/100|[from] item: Leftovers\n|-heal|p2b: Azumarill|100\/100 brn|[from] item: Leftovers\n|-damage|p2b: Azumarill|94\/100 brn|[from] brn\n|upkeep\n|turn|55\n|\n|t:|1699849336\n|move|p1b: Kommo-o|Protect|p1b: Kommo-o\n|-singleturn|p1b: Kommo-o|Protect\n|move|p2b: Azumarill|Rollout|p1b: Kommo-o|[from]lockedmove\n|-activate|p1b: Kommo-o|move: Protect\n|\n|-heal|p2b: Azumarill|100\/100 brn|[from] item: Leftovers\n|-damage|p2b: Azumarill|94\/100 brn|[from] brn\n|upkeep\n|turn|56\n|\n|t:|1699849344\n|move|p1b: Kommo-o|Protect||[still]\n|-fail|p1b: Kommo-o\n|move|p2b: Azumarill|Defense Curl|p2b: Azumarill\n|-boost|p2b: Azumarill|def|0\n|\n|-heal|p2b: Azumarill|100\/100 brn|[from] item: Leftovers\n|-damage|p2b: Azumarill|94\/100 brn|[from] brn\n|upkeep\n|turn|57\n|\n|t:|1699849360\n|move|p1b: Kommo-o|Protect|p1b: Kommo-o\n|-singleturn|p1b: Kommo-o|Protect\n|move|p2b: Azumarill|Defense Curl|p2b: Azumarill\n|-boost|p2b: Azumarill|def|0\n|\n|-heal|p2b: Azumarill|100\/100 brn|[from] item: Leftovers\n|-damage|p2b: Azumarill|94\/100 brn|[from] brn\n|upkeep\n|turn|58\n|\n|t:|1699849373\n|move|p1b: Kommo-o|Protect||[still]\n|-fail|p1b: Kommo-o\n|move|p2b: Azumarill|Defense Curl|p2b: Azumarill\n|-boost|p2b: Azumarill|def|0\n|\n|-heal|p2b: Azumarill|100\/100 brn|[from] item: Leftovers\n|-damage|p2b: Azumarill|94\/100 brn|[from] brn\n|upkeep\n|turn|59\n|\n|t:|1699849394\n|move|p1b: Kommo-o|Protect|p1b: Kommo-o\n|-singleturn|p1b: Kommo-o|Protect\n|move|p2b: Azumarill|Defense Curl|p2b: Azumarill\n|-boost|p2b: Azumarill|def|0\n|\n|-heal|p2b: Azumarill|100\/100 brn|[from] item: Leftovers\n|-damage|p2b: Azumarill|94\/100 brn|[from] brn\n|upkeep\n|turn|60\n|inactive|Ruggo_M8 has 120 seconds left.\n|\n|t:|1699849443\n|-activate|p1b: Kommo-o|move: Struggle\n|move|p1b: Kommo-o|Struggle|p2b: Azumarill\n|-damage|p2b: Azumarill|77\/100 brn\n|-damage|p1b: Kommo-o|75\/100|[from] recoil\n|move|p2b: Azumarill|Aqua Ring||[still]\n|-fail|p2b: Azumarill\n|\n|-heal|p1b: Kommo-o|82\/100|[from] item: Leftovers\n|-heal|p2b: Azumarill|83\/100 brn|[from] item: Leftovers\n|-heal|p2b: Azumarill|89\/100 brn|[from] Aqua Ring\n|-damage|p2b: Azumarill|83\/100 brn|[from] brn\n|upkeep\n|turn|61\n|inactive|Ruggo_M8 has 120 seconds left.\n|\n|t:|1699849454\n|move|p2b: Azumarill|Protect|p2b: Azumarill\n|-singleturn|p2b: Azumarill|Protect\n|-activate|p1b: Kommo-o|move: Struggle\n|move|p1b: Kommo-o|Struggle|p2b: Azumarill\n|-activate|p2b: Azumarill|move: Protect\n|\n|-heal|p1b: Kommo-o|88\/100|[from] item: Leftovers\n|-heal|p2b: Azumarill|89\/100 brn|[from] item: Leftovers\n|-heal|p2b: Azumarill|96\/100 brn|[from] Aqua Ring\n|-damage|p2b: Azumarill|89\/100 brn|[from] brn\n|upkeep\n|turn|62\n|\n|t:|1699849464\n|-activate|p1b: Kommo-o|move: Struggle\n|move|p1b: Kommo-o|Struggle|p2b: Azumarill\n|-damage|p2b: Azumarill|72\/100 brn\n|-damage|p1b: Kommo-o|63\/100|[from] recoil\n|move|p2b: Azumarill|Aqua Ring||[still]\n|-fail|p2b: Azumarill\n|\n|-heal|p1b: Kommo-o|69\/100|[from] item: Leftovers\n|-heal|p2b: Azumarill|78\/100 brn|[from] item: Leftovers\n|-heal|p2b: Azumarill|85\/100 brn|[from] Aqua Ring\n|-damage|p2b: Azumarill|78\/100 brn|[from] brn\n|upkeep\n|turn|63\n|\n|t:|1699849486\n|move|p2b: Azumarill|Protect|p2b: Azumarill\n|-singleturn|p2b: Azumarill|Protect\n|-activate|p1b: Kommo-o|move: Struggle\n|move|p1b: Kommo-o|Struggle|p2b: Azumarill\n|-activate|p2b: Azumarill|move: Protect\n|\n|-heal|p1b: Kommo-o|75\/100|[from] item: Leftovers\n|-heal|p2b: Azumarill|85\/100 brn|[from] item: Leftovers\n|-heal|p2b: Azumarill|91\/100 brn|[from] Aqua Ring\n|-damage|p2b: Azumarill|85\/100 brn|[from] brn\n|upkeep\n|turn|64\n|\n|t:|1699849504\n|-activate|p1b: Kommo-o|move: Struggle\n|move|p1b: Kommo-o|Struggle|p2b: Azumarill\n|-damage|p2b: Azumarill|67\/100 brn\n|-damage|p1b: Kommo-o|50\/100|[from] recoil\n|move|p2b: Azumarill|Defense Curl|p2b: Azumarill\n|-boost|p2b: Azumarill|def|0\n|\n|-heal|p1b: Kommo-o|56\/100|[from] item: Leftovers\n|-heal|p2b: Azumarill|73\/100 brn|[from] item: Leftovers\n|-heal|p2b: Azumarill|79\/100 brn|[from] Aqua Ring\n|-damage|p2b: Azumarill|73\/100 brn|[from] brn\n|upkeep\n|turn|65\n|\n|t:|1699849515\n|move|p2b: Azumarill|Protect|p2b: Azumarill\n|-singleturn|p2b: Azumarill|Protect\n|-activate|p1b: Kommo-o|move: Struggle\n|move|p1b: Kommo-o|Struggle|p2b: Azumarill\n|-activate|p2b: Azumarill|move: Protect\n|\n|-heal|p1b: Kommo-o|62\/100|[from] item: Leftovers\n|-heal|p2b: Azumarill|79\/100 brn|[from] item: Leftovers\n|-heal|p2b: Azumarill|86\/100 brn|[from] Aqua Ring\n|-damage|p2b: Azumarill|79\/100 brn|[from] brn\n|upkeep\n|turn|66\n|\n|t:|1699849525\n|-activate|p1b: Kommo-o|move: Struggle\n|move|p1b: Kommo-o|Struggle|p2b: Azumarill\n|-damage|p2b: Azumarill|64\/100 brn\n|-damage|p1b: Kommo-o|37\/100|[from] recoil\n|move|p2b: Azumarill|Defense Curl|p2b: Azumarill\n|-boost|p2b: Azumarill|def|0\n|\n|-heal|p1b: Kommo-o|44\/100|[from] item: Leftovers\n|-heal|p2b: Azumarill|70\/100 brn|[from] item: Leftovers\n|-heal|p2b: Azumarill|76\/100 brn|[from] Aqua Ring\n|-damage|p2b: Azumarill|70\/100 brn|[from] brn\n|upkeep\n|turn|67\n|\n|t:|1699849536\n|move|p2b: Azumarill|Protect|p2b: Azumarill\n|-singleturn|p2b: Azumarill|Protect\n|-activate|p1b: Kommo-o|move: Struggle\n|move|p1b: Kommo-o|Struggle|p2b: Azumarill\n|-activate|p2b: Azumarill|move: Protect\n|\n|-heal|p1b: Kommo-o|50\/100|[from] item: Leftovers\n|-heal|p2b: Azumarill|76\/100 brn|[from] item: Leftovers\n|-heal|p2b: Azumarill|82\/100 brn|[from] Aqua Ring\n|-damage|p2b: Azumarill|76\/100 brn|[from] brn\n|upkeep\n|turn|68\n|c|\u2606Ruggo_M8|lemme crit\n|\n|t:|1699849548\n|-activate|p1b: Kommo-o|move: Struggle\n|move|p1b: Kommo-o|Struggle|p2b: Azumarill\n|-damage|p2b: Azumarill|58\/100 brn\n|-damage|p1b: Kommo-o|25\/100|[from] recoil\n|move|p2b: Azumarill|Defense Curl|p2b: Azumarill\n|-boost|p2b: Azumarill|def|0\n|\n|-heal|p1b: Kommo-o|31\/100|[from] item: Leftovers\n|-heal|p2b: Azumarill|64\/100 brn|[from] item: Leftovers\n|-heal|p2b: Azumarill|71\/100 brn|[from] Aqua Ring\n|-damage|p2b: Azumarill|64\/100 brn|[from] brn\n|upkeep\n|turn|69\n|\n|t:|1699849560\n|move|p2b: Azumarill|Protect|p2b: Azumarill\n|-singleturn|p2b: Azumarill|Protect\n|-activate|p1b: Kommo-o|move: Struggle\n|move|p1b: Kommo-o|Struggle|p2b: Azumarill\n|-activate|p2b: Azumarill|move: Protect\n|\n|-heal|p1b: Kommo-o|37\/100|[from] item: Leftovers\n|-heal|p2b: Azumarill|71\/100 brn|[from] item: Leftovers\n|-heal|p2b: Azumarill|77\/100 brn|[from] Aqua Ring\n|-damage|p2b: Azumarill|71\/100 brn|[from] brn\n|upkeep\n|turn|70\n|\n|t:|1699849570\n|-activate|p1b: Kommo-o|move: Struggle\n|move|p1b: Kommo-o|Struggle|p2b: Azumarill\n|-damage|p2b: Azumarill|53\/100 brn\n|-damage|p1b: Kommo-o|12\/100|[from] recoil\n|move|p2b: Azumarill|Defense Curl|p2b: Azumarill\n|-boost|p2b: Azumarill|def|0\n|\n|-heal|p1b: Kommo-o|18\/100|[from] item: Leftovers\n|-heal|p2b: Azumarill|59\/100 brn|[from] item: Leftovers\n|-heal|p2b: Azumarill|65\/100 brn|[from] Aqua Ring\n|-damage|p2b: Azumarill|59\/100 brn|[from] brn\n|upkeep\n|turn|71\n|\n|t:|1699849580\n|move|p2b: Azumarill|Protect|p2b: Azumarill\n|-singleturn|p2b: Azumarill|Protect\n|-activate|p1b: Kommo-o|move: Struggle\n|move|p1b: Kommo-o|Struggle|p2b: Azumarill\n|-activate|p2b: Azumarill|move: Protect\n|\n|-heal|p1b: Kommo-o|24\/100|[from] item: Leftovers\n|-heal|p2b: Azumarill|65\/100 brn|[from] item: Leftovers\n|-heal|p2b: Azumarill|71\/100 brn|[from] Aqua Ring\n|-damage|p2b: Azumarill|65\/100 brn|[from] brn\n|upkeep\n|turn|72\n|\n|t:|1699849590\n|-activate|p1b: Kommo-o|move: Struggle\n|move|p1b: Kommo-o|Struggle|p2b: Azumarill\n|-damage|p2b: Azumarill|47\/100 brn\n|-damage|p1b: Kommo-o|0 fnt|[from] recoil\n|faint|p1b: Kommo-o\n|\n|win|Lyocoyfoyf\n|raw|Ruggo_M8's rating: 1200 &rarr; <strong>1167<\/strong><br \/>(-33 for losing)\n|raw|Lyocoyfoyf's rating: 1088 &rarr; <strong>1123<\/strong><br \/>(+35 for winning)\n|c|\u2606Ruggo_M8|bro\n|n|\u2606Lyocoyfoyf|lyocoyfoyf\n|l|\u2606Ruggo_M8\n","uploadtime":1699849620,"views":12,"p1id":"ruggom8","p2id":"lyocoyfoyf","formatid":"gen9doublesou","rating":1123,"private":0,"password":""}