{"id":"gen9doublesou-1975864916","p1":"Satoru Gozou","p2":"SeaTheStars","format":"[Gen 9] Doubles OU","log":"|j|\u2606Satoru Gozou\n|j|\u2606SeaTheStars\n|t:|1698244877\n|gametype|doubles\n|player|p1|Satoru Gozou|steven|1305\n|player|p2|SeaTheStars|2|1292\n|teamsize|p1|6\n|teamsize|p2|6\n|gen|9\n|tier|[Gen 9] Doubles OU\n|rated|\n|rule|Species Clause: Limit one of each Pok\u00e9mon\n|rule|OHKO Clause: OHKO moves are banned\n|rule|Evasion Moves Clause: Evasion moves are banned\n|rule|Gravity Sleep Clause: The combination of sleep-inducing moves with imperfect accuracy and Gravity or Gigantamax Orbeetle are banned\n|rule|Endless Battle Clause: Forcing endless battles is banned\n|rule|HP Percentage Mod: HP is shown in percentages\n|clearpoke\n|poke|p1|Murkrow, F|\n|poke|p1|Ursaluna, M|\n|poke|p1|Vikavolt, M|\n|poke|p1|Hatterene, F|\n|poke|p1|Infernape, F|\n|poke|p1|Basculegion-F, F|\n|poke|p2|Politoed, M|\n|poke|p2|Ninetales-Alola, M|\n|poke|p2|Golduck, M|\n|poke|p2|Gastrodon, M|\n|poke|p2|Ogerpon-Wellspring, F|\n|poke|p2|Volcanion|\n|teampreview\n|inactive|Battle timer is ON: inactive players will automatically lose when time's up. (requested by Satoru Gozou)\n|\n|t:|1698244891\n|start\n|switch|p1a: A macumbeira|Hatterene, F|100\/100\n|switch|p1b: Harharharhar|Ursaluna, M|100\/100\n|switch|p2a: Politoed|Politoed, M|100\/100\n|switch|p2b: Golduck|Golduck, M|100\/100\n|-weather|RainDance|[from] ability: Drizzle|[of] p2a: Politoed\n|turn|1\n|\n|t:|1698244905\n|-terastallize|p2b: Golduck|Water\n|move|p1b: Harharharhar|Protect|p1b: Harharharhar\n|-singleturn|p1b: Harharharhar|Protect\n|move|p2b: Golduck|Surf|p1a: A macumbeira|[spread] p2a,p1a\n|-activate|p1b: Harharharhar|move: Protect\n|-resisted|p2a: Politoed\n|-damage|p2a: Politoed|76\/100\n|-damage|p1a: A macumbeira|1\/100\n|move|p2a: Politoed|Surf|p1b: Harharharhar|[spread] p2b,p1a\n|-activate|p1b: Harharharhar|move: Protect\n|-resisted|p2b: Golduck\n|-damage|p2b: Golduck|82\/100\n|-damage|p1a: A macumbeira|0 fnt\n|faint|p1a: A macumbeira\n|\n|-weather|RainDance|[upkeep]\n|-status|p1b: Harharharhar|brn|[from] item: Flame Orb\n|upkeep\n|\n|t:|1698244916\n|switch|p1a: Previd\u00eancia social|Vikavolt, M|100\/100\n|turn|2\n|\n|t:|1698244927\n|-terastallize|p1b: Harharharhar|Ghost\n|move|p2b: Golduck|Surf|p1a: Previd\u00eancia social|[spread] p2a,p1a,p1b\n|-resisted|p2a: Politoed\n|-damage|p2a: Politoed|52\/100\n|-damage|p1a: Previd\u00eancia social|0 fnt\n|-damage|p1b: Harharharhar|0 fnt\n|faint|p1a: Previd\u00eancia social\n|faint|p1b: Harharharhar\n|move|p2a: Politoed|Surf|p2b: Golduck\n|-resisted|p2b: Golduck\n|-damage|p2b: Golduck|57\/100\n|\n|-weather|RainDance|[upkeep]\n|upkeep\n|\n|t:|1698244935\n|switch|p1b: Monstra|Basculegion-F, F|100\/100\n|switch|p1a: Galinha de macumba|Murkrow, F|100\/100\n|turn|3\n|\n|t:|1698244942\n|move|p1a: Galinha de macumba|Tailwind|p1a: Galinha de macumba\n|-sidestart|p1: Satoru Gozou|move: Tailwind\n|move|p1b: Monstra|Last Respects|p2b: Golduck\n|-damage|p2b: Golduck|0 fnt\n|faint|p2b: Golduck\n|-damage|p1b: Monstra|91\/100|[from] item: Life Orb\n|move|p2a: Politoed|Icy Wind|p1a: Galinha de macumba|[spread] p1a,p1b\n|-supereffective|p1a: Galinha de macumba\n|-resisted|p1b: Monstra\n|-damage|p1a: Galinha de macumba|77\/100\n|-damage|p1b: Monstra|86\/100\n|-unboost|p1a: Galinha de macumba|spe|1\n|-unboost|p1b: Monstra|spe|1\n|\n|-weather|RainDance|[upkeep]\n|upkeep\n|\n|t:|1698244954\n|switch|p2b: Ninetales|Ninetales-Alola, M|100\/100\n|-weather|Snow|[from] ability: Snow Warning|[of] p2b: Ninetales\n|turn|4\n|\n|t:|1698244962\n|move|p1a: Galinha de macumba|Haze|p1a: Galinha de macumba\n|-clearallboost\n|move|p1b: Monstra|Last Respects|p2b: Ninetales\n|-damage|p2b: Ninetales|0 fnt\n|faint|p2b: Ninetales\n|-damage|p1b: Monstra|76\/100|[from] item: Life Orb\n|move|p2a: Politoed|Icy Wind|p1a: Galinha de macumba|[spread] p1a,p1b\n|-supereffective|p1a: Galinha de macumba\n|-resisted|p1b: Monstra\n|-damage|p1a: Galinha de macumba|54\/100\n|-damage|p1b: Monstra|72\/100\n|-unboost|p1a: Galinha de macumba|spe|1\n|-unboost|p1b: Monstra|spe|1\n|\n|-weather|Snow|[upkeep]\n|upkeep\n|\n|t:|1698244976\n|switch|p2b: Volcanion|Volcanion|100\/100\n|turn|5\n|\n|t:|1698244984\n|move|p1a: Galinha de macumba|Haze|p1a: Galinha de macumba\n|-clearallboost\n|move|p1b: Monstra|Last Respects|p2b: Volcanion\n|-damage|p2b: Volcanion|0 fnt\n|faint|p2b: Volcanion\n|-damage|p1b: Monstra|62\/100|[from] item: Life Orb\n|move|p2a: Politoed|Icy Wind|p1b: Monstra|[spread] p1a\n|-miss|p2a: Politoed|p1b: Monstra\n|-supereffective|p1a: Galinha de macumba\n|-damage|p1a: Galinha de macumba|31\/100\n|-unboost|p1a: Galinha de macumba|spe|1\n|\n|-weather|Snow|[upkeep]\n|upkeep\n|\n|t:|1698244997\n|switch|p2b: Ogerpon|Ogerpon-Wellspring, F|100\/100\n|turn|6\n|\n|t:|1698245014\n|move|p1a: Galinha de macumba|Protect|p1a: Galinha de macumba\n|-singleturn|p1a: Galinha de macumba|Protect\n|move|p1b: Monstra|Protect|p1b: Monstra\n|-singleturn|p1b: Monstra|Protect\n|move|p2b: Ogerpon|Seed Bomb|p1b: Monstra\n|-activate|p1b: Monstra|move: Protect\n|move|p2a: Politoed|Psychic|p1b: Monstra\n|-activate|p1b: Monstra|move: Protect\n|\n|-weather|Snow|[upkeep]\n|-sideend|p1: Satoru Gozou|move: Tailwind\n|upkeep\n|turn|7\n|\n|t:|1698245030\n|move|p1a: Galinha de macumba|Tailwind|p1a: Galinha de macumba\n|-sidestart|p1: Satoru Gozou|move: Tailwind\n|move|p1b: Monstra|Last Respects|p2b: Ogerpon\n|-damage|p2b: Ogerpon|0 fnt\n|faint|p2b: Ogerpon\n|-damage|p1b: Monstra|52\/100|[from] item: Life Orb\n|move|p2a: Politoed|Ice Beam|p1a: Galinha de macumba\n|-supereffective|p1a: Galinha de macumba\n|-damage|p1a: Galinha de macumba|0 fnt\n|faint|p1a: Galinha de macumba\n|\n|-weather|Snow|[upkeep]\n|upkeep\n|\n|t:|1698245040\n|switch|p1a: Arauto do gozou|Infernape, F|100\/100\n|switch|p2b: Gastrodon|Gastrodon, M|100\/100\n|turn|8\n|\n|t:|1698245048\n|move|p1a: Arauto do gozou|Fake Out|p2b: Gastrodon\n|-damage|p2b: Gastrodon|88\/100\n|move|p1b: Monstra|Last Respects|p2a: Politoed\n|-damage|p2a: Politoed|0 fnt\n|faint|p2a: Politoed\n|-damage|p1b: Monstra|42\/100|[from] item: Life Orb\n|cant|p2b: Gastrodon|flinch\n|\n|-weather|none\n|upkeep\n|turn|9\n|\n|t:|1698245061\n|move|p1a: Arauto do gozou|Drain Punch|p2b: Gastrodon\n|-damage|p2b: Gastrodon|45\/100\n|move|p1b: Monstra|Last Respects|p2b: Gastrodon\n|-damage|p2b: Gastrodon|0 fnt\n|faint|p2b: Gastrodon\n|-damage|p1b: Monstra|32\/100|[from] item: Life Orb\n|\n|win|Satoru Gozou\n|raw|Satoru Gozou's rating: 1305 &rarr; <strong>1324<\/strong><br \/>(+19 for winning)\n|raw|SeaTheStars's rating: 1292 &rarr; <strong>1268<\/strong><br \/>(-24 for losing)\n|l|\u2606SeaTheStars\n","uploadtime":1698245072,"views":17,"p1id":"satorugozou","p2id":"seathestars","formatid":"gen9doublesou","rating":1268,"private":0,"password":""}