{"id":"gen9doublesou-1969700275","p1":"Phil's Gout","p2":"cotesmcgotes","format":"[Gen 9] Doubles OU","log":"|j|\u2606Phil's Gout\n|j|\u2606cotesmcgotes\n|t:|1697558720\n|gametype|doubles\n|player|p1|Phil's Gout|hiker-gen4|1220\n|player|p2|cotesmcgotes|flannery|1387\n|teamsize|p1|6\n|teamsize|p2|6\n|gen|9\n|tier|[Gen 9] Doubles OU\n|rated|\n|rule|Species Clause: Limit one of each Pok\u00e9mon\n|rule|OHKO Clause: OHKO moves are banned\n|rule|Evasion Moves Clause: Evasion moves are banned\n|rule|Gravity Sleep Clause: The combination of sleep-inducing moves with imperfect accuracy and Gravity or Gigantamax Orbeetle are banned\n|rule|Endless Battle Clause: Forcing endless battles is banned\n|rule|HP Percentage Mod: HP is shown in percentages\n|clearpoke\n|poke|p1|Ursaluna-Bloodmoon, M|\n|poke|p1|Kingambit, M|\n|poke|p1|Cresselia, F|\n|poke|p1|Chien-Pao|\n|poke|p1|Rillaboom, F|\n|poke|p1|Walking Wake|\n|poke|p2|Manaphy|\n|poke|p2|Espathra, M|\n|poke|p2|Goodra-Hisui, F|\n|poke|p2|Ursaluna-Bloodmoon, M|\n|poke|p2|Ogerpon-Hearthflame, F|\n|poke|p2|Chien-Pao|\n|teampreview\n|inactive|Battle timer is ON: inactive players will automatically lose when time's up. (requested by cotesmcgotes)\n|\n|t:|1697558738\n|start\n|switch|p1a: Ursaluna|Ursaluna-Bloodmoon, M|100\/100\n|switch|p1b: Cresselia|Cresselia, F|100\/100\n|switch|p2a: Chien-Pao|Chien-Pao|100\/100\n|switch|p2b: Espathra|Espathra, M|100\/100\n|-ability|p2a: Chien-Pao|Sword of Ruin\n|turn|1\n|\n|t:|1697558756\n|-terastallize|p1a: Ursaluna|Ghost\n|move|p2a: Chien-Pao|Crunch|p1b: Cresselia\n|-supereffective|p1b: Cresselia\n|-damage|p1b: Cresselia|39\/100\n|move|p2b: Espathra|Night Shade|p1b: Cresselia\n|-damage|p1b: Cresselia|17\/100\n|move|p1a: Ursaluna|Calm Mind|p1a: Ursaluna\n|-boost|p1a: Ursaluna|spa|1\n|-boost|p1a: Ursaluna|spd|1\n|move|p1b: Cresselia|Trick Room|p1b: Cresselia\n|-fieldstart|move: Trick Room|[of] p1b: Cresselia\n|\n|-ability|p2b: Espathra|Speed Boost|boost\n|-boost|p2b: Espathra|spe|1\n|upkeep\n|turn|2\n|inactive|Phil's Gout has 120 seconds left.\n|\n|t:|1697558786\n|move|p1b: Cresselia|Ally Switch|p1b: Cresselia\n|swap|p1b: Cresselia|0|[from] move: Ally Switch\n|move|p2a: Chien-Pao|Sucker Punch||[still]\n|-fail|p2a: Chien-Pao\n|move|p1b: Ursaluna|Blood Moon|p2b: Espathra\n|-damage|p2b: Espathra|0 fnt\n|faint|p2b: Espathra\n|\n|upkeep\n|\n|t:|1697558797\n|switch|p2b: Ogerpon|Ogerpon-Hearthflame, F|100\/100\n|-ability|p2b: Ogerpon|Mold Breaker\n|turn|3\n|\n|t:|1697558822\n|move|p2b: Ogerpon|Spiky Shield|p2b: Ogerpon\n|-singleturn|p2b: Ogerpon|move: Protect\n|move|p2a: Chien-Pao|Sucker Punch|p1b: Ursaluna\n|-supereffective|p1b: Ursaluna\n|-damage|p1b: Ursaluna|44\/100\n|move|p1b: Ursaluna|Earth Power|p2a: Chien-Pao\n|-damage|p2a: Chien-Pao|23\/100\n|move|p1a: Cresselia|Lunar Blessing|p1a: Cresselia|[spread] p1a,p1b\n|-heal|p1a: Cresselia|42\/100\n|-heal|p1b: Ursaluna|69\/100\n|\n|upkeep\n|turn|4\n|\n|t:|1697558844\n|switch|p2a: Goodra|Goodra-Hisui, F|100\/100\n|move|p1b: Ursaluna|Blood Moon|p2b: Ogerpon\n|-damage|p2b: Ogerpon|0 fnt\n|faint|p2b: Ogerpon\n|move|p1a: Cresselia|Dazzling Gleam|p2a: Goodra\n|-damage|p2a: Goodra|92\/100\n|\n|-heal|p2a: Goodra|98\/100|[from] item: Leftovers\n|upkeep\n|inactive|cotesmcgotes has 120 seconds left.\n|\n|t:|1697558860\n|switch|p2b: Chien-Pao|Chien-Pao|23\/100\n|-ability|p2b: Chien-Pao|Sword of Ruin\n|turn|5\n|\n|t:|1697558880\n|move|p2b: Chien-Pao|Sucker Punch|p1b: Ursaluna\n|-supereffective|p1b: Ursaluna\n|-damage|p1b: Ursaluna|12\/100\n|move|p1b: Ursaluna|Earth Power|p2b: Chien-Pao\n|-damage|p2b: Chien-Pao|0 fnt\n|faint|p2b: Chien-Pao\n|move|p2a: Goodra|Acid Armor|p2a: Goodra\n|-boost|p2a: Goodra|def|2\n|move|p1a: Cresselia|Lunar Blessing|p1a: Cresselia|[spread] p1a,p1b\n|-heal|p1a: Cresselia|67\/100\n|-heal|p1b: Ursaluna|37\/100\n|\n|-heal|p2a: Goodra|100\/100|[from] item: Leftovers\n|-fieldend|move: Trick Room\n|upkeep\n|inactive|cotesmcgotes has 120 seconds left.\n|\n|t:|1697558896\n|switch|p2b: Ursaluna|Ursaluna-Bloodmoon, M|100\/100\n|turn|6\n|inactive|Phil's Gout has 120 seconds left.\n|\n|t:|1697558935\n|move|p2a: Goodra|Iron Head|p1a: Cresselia\n|-damage|p1a: Cresselia|48\/100\n|move|p2b: Ursaluna|Blood Moon|p1b: Ursaluna\n|-damage|p1b: Ursaluna|0 fnt\n|faint|p1b: Ursaluna\n|cant|p1a: Cresselia|flinch\n|\n|upkeep\n|\n|t:|1697558953\n|switch|p1b: Walking Wake|Walking Wake|100\/100\n|-enditem|p1b: Walking Wake|Booster Energy\n|-activate|p1b: Walking Wake|ability: Protosynthesis|[fromitem]\n|-start|p1b: Walking Wake|protosynthesisspa\n|turn|7\n|inactive|Phil's Gout has 120 seconds left.\n|\n|t:|1697558969\n|-terastallize|p2b: Ursaluna|Fairy\n|move|p1a: Cresselia|Ally Switch|p1a: Cresselia\n|swap|p1a: Cresselia|1|[from] move: Ally Switch\n|move|p1a: Walking Wake|Hydro Steam|p2b: Ursaluna\n|-damage|p2b: Ursaluna|58\/100\n|move|p2a: Goodra|Iron Head|p1a: Walking Wake\n|-resisted|p1a: Walking Wake\n|-damage|p1a: Walking Wake|85\/100\n|move|p2b: Ursaluna|Moonblast|p1b: Cresselia\n|-damage|p1b: Cresselia|13\/100\n|\n|upkeep\n|turn|8\n|inactive|Phil's Gout has 120 seconds left.\n|\n|t:|1697559001\n|move|p1a: Walking Wake|Draco Meteor|p2a: Goodra\n|-damage|p2a: Goodra|54\/100\n|-unboost|p1a: Walking Wake|spa|2\n|move|p1b: Cresselia|Lunar Blessing|p1b: Cresselia|[spread] p1a,p1b\n|-heal|p1a: Walking Wake|100\/100\n|-heal|p1b: Cresselia|38\/100\n|move|p2a: Goodra|Iron Head|p1b: Cresselia\n|-damage|p1b: Cresselia|21\/100\n|move|p2b: Ursaluna|Moonblast|p1a: Walking Wake\n|-supereffective|p1a: Walking Wake\n|-damage|p1a: Walking Wake|0 fnt\n|faint|p1a: Walking Wake\n|-end|p1a: Walking Wake|Protosynthesis|[silent]\n|\n|-heal|p2a: Goodra|60\/100|[from] item: Leftovers\n|upkeep\n|\n|t:|1697559020\n|switch|p1a: Rillaboom|Rillaboom, F|100\/100\n|-fieldstart|move: Grassy Terrain|[from] ability: Grassy Surge|[of] p1a: Rillaboom\n|turn|9\n|inactive|Phil's Gout has 120 seconds left.\n|\n|t:|1697559040\n|move|p1a: Rillaboom|Fake Out|p2a: Goodra\n|-resisted|p2a: Goodra\n|-damage|p2a: Goodra|57\/100\n|cant|p2a: Goodra|flinch\n|move|p2b: Ursaluna|Moonblast|p1b: Cresselia\n|-damage|p1b: Cresselia|0 fnt\n|faint|p1b: Cresselia\n|\n|-heal|p2a: Goodra|63\/100|[from] Grassy Terrain\n|-heal|p2a: Goodra|69\/100|[from] item: Leftovers\n|-heal|p2b: Ursaluna|64\/100|[from] Grassy Terrain\n|upkeep\n|\n|t:|1697559053\n|switch|p1b: Kingambit|Kingambit, M|100\/100\n|-activate|p1b: Kingambit|ability: Supreme Overlord\n|-start|p1b: Kingambit|fallen3|[silent]\n|turn|10\n|inactive|Phil's Gout has 120 seconds left.\n|\n|t:|1697559081\n|switch|p2b: Manaphy|Manaphy|100\/100\n|move|p1b: Kingambit|Protect|p1b: Kingambit\n|-singleturn|p1b: Kingambit|Protect\n|move|p1a: Rillaboom|Leech Seed|p2a: Goodra\n|-ability|p2a: Goodra|Sap Sipper|boost\n|-boost|p2a: Goodra|atk|1\n|move|p2a: Goodra|Body Press|p1b: Kingambit\n|-activate|p1b: Kingambit|move: Protect\n|\n|-heal|p2a: Goodra|75\/100|[from] Grassy Terrain\n|-heal|p2a: Goodra|82\/100|[from] item: Leftovers\n|upkeep\n|turn|11\n|inactive|Phil's Gout has 120 seconds left.\n|\n|t:|1697559119\n|move|p1a: Rillaboom|Grassy Glide|p2b: Manaphy\n|-supereffective|p2b: Manaphy\n|-damage|p2b: Manaphy|26\/100\n|-enditem|p2b: Manaphy|Sitrus Berry|[eat]\n|-heal|p2b: Manaphy|51\/100|[from] item: Sitrus Berry\n|move|p2b: Manaphy|Tail Glow|p2b: Manaphy\n|-boost|p2b: Manaphy|spa|3\n|move|p2a: Goodra|Body Press|p1b: Kingambit\n|-supereffective|p1b: Kingambit\n|-damage|p1b: Kingambit|0 fnt\n|faint|p1b: Kingambit\n|-end|p1b: Kingambit|fallen3|[silent]\n|\n|-heal|p2b: Manaphy|57\/100|[from] Grassy Terrain\n|-heal|p2a: Goodra|88\/100|[from] Grassy Terrain\n|-heal|p2a: Goodra|94\/100|[from] item: Leftovers\n|upkeep\n|\n|t:|1697559133\n|switch|p1b: Chien-Pao|Chien-Pao|100\/100\n|-ability|p1b: Chien-Pao|Sword of Ruin\n|turn|12\n|\n|t:|1697559158\n|move|p1a: Rillaboom|Grassy Glide|p2b: Manaphy\n|-supereffective|p2b: Manaphy\n|-damage|p2b: Manaphy|0 fnt\n|faint|p2b: Manaphy\n|move|p1b: Chien-Pao|Crunch|p2a: Goodra\n|-damage|p2a: Goodra|69\/100\n|move|p2a: Goodra|Body Press|p1b: Chien-Pao\n|-supereffective|p1b: Chien-Pao\n|-damage|p1b: Chien-Pao|0 fnt\n|faint|p1b: Chien-Pao\n|\n|-heal|p2a: Goodra|75\/100|[from] Grassy Terrain\n|-heal|p2a: Goodra|81\/100|[from] item: Leftovers\n|upkeep\n|\n|t:|1697559167\n|switch|p2b: Ursaluna|Ursaluna-Bloodmoon, M, tera:Fairy|64\/100\n|turn|13\n|\n|t:|1697559177\n|move|p1a: Rillaboom|Leech Seed|p2b: Ursaluna\n|-start|p2b: Ursaluna|move: Leech Seed\n|move|p2a: Goodra|Life Dew|p2a: Goodra|[spread] p2a,p2b\n|-heal|p2a: Goodra|100\/100\n|-heal|p2b: Ursaluna|90\/100\n|move|p2b: Ursaluna|Blood Moon|p1a: Rillaboom\n|-damage|p1a: Rillaboom|0 fnt\n|faint|p1a: Rillaboom\n|\n|win|cotesmcgotes\n|raw|Phil&apos;s Gout's rating: 1220 &rarr; <strong>1206<\/strong><br \/>(-14 for losing)\n|raw|cotesmcgotes's rating: 1387 &rarr; <strong>1398<\/strong><br \/>(+11 for winning)\n","uploadtime":1697559188,"views":13,"p1id":"philsgout","p2id":"cotesmcgotes","formatid":"gen9doublesou","rating":1206,"private":0,"password":""}