{"id":"gen9doublesou-1994148172","p1":"essabyczku","p2":"poopman23","format":"[Gen 9] Doubles OU","log":"|j|\u2606essabyczku\n|j|\u2606poopman23\n|t:|1700412496\n|gametype|doubles\n|player|p1|essabyczku|1|1068\n|player|p2|poopman23|265|1101\n|teamsize|p1|6\n|teamsize|p2|6\n|gen|9\n|tier|[Gen 9] Doubles OU\n|rated|\n|rule|Species Clause: Limit one of each Pok\u00e9mon\n|rule|OHKO Clause: OHKO moves are banned\n|rule|Evasion Moves Clause: Evasion moves are banned\n|rule|Gravity Sleep Clause: The combination of sleep-inducing moves with imperfect accuracy and Gravity or Gigantamax Orbeetle are banned\n|rule|Endless Battle Clause: Forcing endless battles is banned\n|rule|HP Percentage Mod: HP is shown in percentages\n|clearpoke\n|poke|p1|Amoonguss, F|\n|poke|p1|Haxorus, F|\n|poke|p1|Gholdengo|\n|poke|p1|Arcanine, F|\n|poke|p1|Grimmsnarl, M|\n|poke|p1|Palafin, F|\n|poke|p2|Indeedee-F, F|\n|poke|p2|Armarouge, F|\n|poke|p2|Primeape, M|\n|poke|p2|Weavile, F|\n|poke|p2|Baxcalibur, M|\n|poke|p2|Iron Hands|\n|teampreview\n|inactive|Battle timer is ON: inactive players will automatically lose when time's up. (requested by poopman23)\n|\n|t:|1700412512\n|start\n|switch|p1a: Grimmsnarl|Grimmsnarl, M|100\/100\n|switch|p1b: Palafin|Palafin, F|100\/100\n|switch|p2a: Armarouge|Armarouge, F|100\/100\n|switch|p2b: Weavile|Weavile, F|100\/100\n|-ability|p2b: Weavile|Pressure\n|turn|1\n|\n|t:|1700412527\n|move|p2a: Armarouge|Endure|p2a: Armarouge\n|-singleturn|p2a: Armarouge|move: Endure\n|move|p1b: Palafin|Jet Punch|p2a: Armarouge\n|-supereffective|p2a: Armarouge\n|-damage|p2a: Armarouge|37\/100\n|-ability|p2a: Armarouge|Weak Armor|boost\n|-unboost|p2a: Armarouge|def|1\n|-boost|p2a: Armarouge|spe|2\n|-damage|p1b: Palafin|91\/100|[from] item: Life Orb\n|move|p2b: Weavile|Beat Up|p2a: Armarouge\n|-supereffective|p2a: Armarouge\n|-damage|p2a: Armarouge|19\/100\n|-ability|p2a: Armarouge|Weak Armor|boost\n|-unboost|p2a: Armarouge|def|1\n|-boost|p2a: Armarouge|spe|2\n|-supereffective|p2a: Armarouge\n|-activate|p2a: Armarouge|move: Endure\n|-damage|p2a: Armarouge|1\/100\n|-ability|p2a: Armarouge|Weak Armor|boost\n|-unboost|p2a: Armarouge|def|1\n|-boost|p2a: Armarouge|spe|2\n|-supereffective|p2a: Armarouge\n|-crit|p2a: Armarouge\n|-activate|p2a: Armarouge|move: Endure\n|-damage|p2a: Armarouge|1\/100\n|-ability|p2a: Armarouge|Weak Armor|boost\n|-unboost|p2a: Armarouge|def|1\n|-supereffective|p2a: Armarouge\n|-activate|p2a: Armarouge|move: Endure\n|-damage|p2a: Armarouge|1\/100\n|-ability|p2a: Armarouge|Weak Armor|boost\n|-unboost|p2a: Armarouge|def|1\n|-supereffective|p2a: Armarouge\n|-activate|p2a: Armarouge|move: Endure\n|-damage|p2a: Armarouge|1\/100\n|-ability|p2a: Armarouge|Weak Armor|boost\n|-unboost|p2a: Armarouge|def|1\n|-supereffective|p2a: Armarouge\n|-activate|p2a: Armarouge|move: Endure\n|-damage|p2a: Armarouge|1\/100\n|-hitcount|p2a: Armarouge|6\n|move|p1a: Grimmsnarl|Spirit Break|p2a: Armarouge\n|-resisted|p2a: Armarouge\n|-activate|p2a: Armarouge|move: Endure\n|-damage|p2a: Armarouge|1\/100\n|-unboost|p2a: Armarouge|spa|1\n|\n|upkeep\n|turn|2\n|inactive|essabyczku has 120 seconds left.\n|\n|t:|1700412562\n|switch|p2b: Indeedee|Indeedee-F, F|100\/100\n|-fieldstart|move: Psychic Terrain|[from] ability: Psychic Surge|[of] p2b: Indeedee\n|move|p1b: Palafin|Jet Punch|p2a: Armarouge\n|-activate|p2a: Armarouge|move: Psychic Terrain\n|move|p1a: Grimmsnarl|Light Screen|p1a: Grimmsnarl\n|-sidestart|p1: essabyczku|move: Light Screen\n|move|p2a: Armarouge|Expanding Force|p1b: Palafin|[spread] p1b\n|-immune|p1a: Grimmsnarl\n|-damage|p1b: Palafin|53\/100\n|\n|upkeep\n|turn|3\n|\n|t:|1700412581\n|move|p1a: Grimmsnarl|Reflect|p1a: Grimmsnarl\n|-sidestart|p1: essabyczku|Reflect\n|move|p2a: Armarouge|Expanding Force|p1b: Palafin|[spread] p1b\n|-immune|p1a: Grimmsnarl\n|-damage|p1b: Palafin|16\/100\n|move|p1b: Palafin|Flip Turn|p2a: Armarouge\n|-supereffective|p2a: Armarouge\n|-damage|p2a: Armarouge|0 fnt\n|faint|p2a: Armarouge\n|-damage|p1b: Palafin|6\/100|[from] item: Life Orb\n|inactive|essabyczku has 120 seconds left.\n|\n|t:|1700412594\n|detailschange|p1b: Palafin|Palafin-Hero, F\n|switch|p1b: Amoonguss|Amoonguss, F|100\/100|[from] Flip Turn\n|move|p2b: Indeedee|Heal Pulse|p2: Armarouge|[notarget]\n|-fail|p2b: Indeedee\n|\n|upkeep\n|\n|t:|1700412605\n|switch|p2a: Iron Hands|Iron Hands|100\/100\n|turn|4\n|\n|t:|1700412614\n|move|p2b: Indeedee|Draining Kiss|p1a: Grimmsnarl\n|-supereffective|p1a: Grimmsnarl\n|-damage|p1a: Grimmsnarl|82\/100\n|move|p1a: Grimmsnarl|Spirit Break|p2a: Iron Hands\n|-supereffective|p2a: Iron Hands\n|-damage|p2a: Iron Hands|65\/100\n|-unboost|p2a: Iron Hands|spa|1\n|move|p2a: Iron Hands|Fire Punch|p1b: Amoonguss\n|-supereffective|p1b: Amoonguss\n|-damage|p1b: Amoonguss|54\/100\n|move|p1b: Amoonguss|Spore|p2a: Iron Hands\n|-status|p2a: Iron Hands|slp|[from] move: Spore\n|\n|upkeep\n|turn|5\n|\n|t:|1700412631\n|move|p2b: Indeedee|Draining Kiss|p1a: Grimmsnarl\n|-supereffective|p1a: Grimmsnarl\n|-damage|p1a: Grimmsnarl|67\/100\n|move|p1a: Grimmsnarl|Spirit Break|p2a: Iron Hands\n|-supereffective|p2a: Iron Hands\n|-damage|p2a: Iron Hands|27\/100 slp\n|-unboost|p2a: Iron Hands|spa|1\n|cant|p2a: Iron Hands|slp\n|move|p1b: Amoonguss|Spore|p2b: Indeedee\n|-status|p2b: Indeedee|slp|[from] move: Spore\n|\n|upkeep\n|turn|6\n|inactive|poopman23 has 120 seconds left.\n|c|\u2606poopman23|Ill kust gice u the win spore spammer\n|inactive|poopman23 has 90 seconds left.\n|\n|t:|1700412710\n|switch|p2b: Baxcalibur|Baxcalibur, M|100\/100\n|-end|p2a: Iron Hands|Quark Drive|[silent]\n|switch|p2a: Primeape|Primeape, M|100\/100\n|move|p1a: Grimmsnarl|Spirit Break|p2a: Primeape\n|-supereffective|p2a: Primeape\n|-damage|p2a: Primeape|0 fnt\n|faint|p2a: Primeape\n|move|p1b: Amoonguss|Pollen Puff|p1a: Grimmsnarl\n|-heal|p1a: Grimmsnarl|100\/100\n|\n|upkeep\n|\n|t:|1700412713\n|switch|p2a: Weavile|Weavile, F|100\/100\n|-ability|p2a: Weavile|Pressure\n|turn|7\n|c|\u2606poopman23|Happy\n|c|\u2606poopman23|I wont try\n|\n|t:|1700412742\n|switch|p2a: Indeedee|Indeedee-F, F|100\/100 slp\n|switch|p2b: Iron Hands|Iron Hands|27\/100 slp\n|move|p1a: Grimmsnarl|Spirit Break|p2b: Iron Hands\n|-supereffective|p2b: Iron Hands\n|-damage|p2b: Iron Hands|0 fnt\n|faint|p2b: Iron Hands\n|-end|p2b: Iron Hands|Quark Drive|[silent]\n|move|p1b: Amoonguss|Spore|p2a: Indeedee\n|-fail|p2a: Indeedee|slp\n|\n|upkeep\n|inactive|poopman23 has 90 seconds left.\n|\n|t:|1700412776\n|switch|p2b: Weavile|Weavile, F|100\/100\n|-ability|p2b: Weavile|Pressure\n|turn|8\n|inactive|poopman23 has 90 seconds left.\n|\n|t:|1700412787\n|switch|p2a: Baxcalibur|Baxcalibur, M|100\/100\n|-terastallize|p2b: Weavile|Dark\n|move|p2b: Weavile|Beat Up|p1a: Grimmsnarl\n|-resisted|p1a: Grimmsnarl\n|-damage|p1a: Grimmsnarl|98\/100\n|-resisted|p1a: Grimmsnarl\n|-damage|p1a: Grimmsnarl|96\/100\n|-hitcount|p1a: Grimmsnarl|2\n|move|p1a: Grimmsnarl|Spirit Break|p2b: Weavile\n|-supereffective|p2b: Weavile\n|-damage|p2b: Weavile|0 fnt\n|faint|p2b: Weavile\n|move|p1b: Amoonguss|Spore|p2a: Baxcalibur\n|-status|p2a: Baxcalibur|slp|[from] move: Spore\n|\n|upkeep\n|c|\u2606poopman23|Hurry up\n|\n|t:|1700412803\n|switch|p2b: Indeedee|Indeedee-F, F|100\/100 slp\n|turn|9\n|\n|t:|1700412816\n|cant|p2b: Indeedee|slp\n|cant|p2a: Baxcalibur|slp\n|move|p1a: Grimmsnarl|Spirit Break|p2a: Baxcalibur\n|-supereffective|p2a: Baxcalibur\n|-damage|p2a: Baxcalibur|43\/100 slp\n|-unboost|p2a: Baxcalibur|spa|1\n|move|p1b: Amoonguss|Spore|p2b: Indeedee\n|-fail|p2b: Indeedee|slp\n|\n|-sideend|p1: essabyczku|move: Light Screen\n|-fieldend|move: Psychic Terrain\n|upkeep\n|turn|10\n|inactive|poopman23 has 120 seconds left.\n|\n|t:|1700412827\n|cant|p2b: Indeedee|slp\n|cant|p2a: Baxcalibur|slp\n|move|p1a: Grimmsnarl|Spirit Break|p2a: Baxcalibur\n|-supereffective|p2a: Baxcalibur\n|-damage|p2a: Baxcalibur|0 fnt\n|faint|p2a: Baxcalibur\n|move|p1b: Amoonguss|Pollen Puff|p2b: Indeedee\n|-supereffective|p2b: Indeedee\n|-damage|p2b: Indeedee|57\/100 slp\n|\n|-sideend|p1: essabyczku|Reflect\n|upkeep\n|turn|11\n|c|\u2606poopman23|Hurry up moron\n|\n|t:|1700412845\n|cant|p2b: Indeedee|slp\n|move|p1a: Grimmsnarl|Spirit Break|p2b: Indeedee\n|-damage|p2b: Indeedee|8\/100 slp\n|-unboost|p2b: Indeedee|spa|1\n|move|p1b: Amoonguss|Pollen Puff|p2b: Indeedee\n|-supereffective|p2b: Indeedee\n|-damage|p2b: Indeedee|0 fnt\n|faint|p2b: Indeedee\n|\n|win|essabyczku\n|raw|essabyczku's rating: 1068 &rarr; <strong>1101<\/strong><br \/>(+33 for winning)\n|raw|poopman23's rating: 1101 &rarr; <strong>1074<\/strong><br \/>(-27 for losing)\n|c|\u2606poopman23|Now leave\n|c|\u2606essabyczku|why so mad\n|c|\u2606poopman23|Go\n|c|\u2606essabyczku|xd\n|c|\u2606poopman23|Y spam sleep like a jack ass so i cant play\n|c|\u2606essabyczku|u are using\n|c|\u2606essabyczku|fire guy with armor\n|c|\u2606essabyczku|and indede\n|c|\u2606essabyczku|and stay mad bro\n","uploadtime":1700412940,"views":9,"p1id":"essabyczku","p2id":"poopman23","formatid":"gen9doublesou","rating":1074,"private":0,"password":""}