{"id":"gen9doublesou-1983562642","p1":"qsns","p2":"Grandmas Cookin","format":"[Gen 9] Doubles OU","log":"|j|\u2606qsns\n|j|\u2606Grandmas Cookin\n|t:|1699143727\n|gametype|doubles\n|player|p1|qsns|#bssplviiidavesdragonairs|\n|player|p2|Grandmas Cookin|#dpl9spectralthieves|\n|teamsize|p1|6\n|teamsize|p2|6\n|gen|9\n|tier|[Gen 9] Doubles OU\n|rule|Species Clause: Limit one of each Pok\u00e9mon\n|rule|OHKO Clause: OHKO moves are banned\n|rule|Evasion Moves Clause: Evasion moves are banned\n|rule|Gravity Sleep Clause: The combination of sleep-inducing moves with imperfect accuracy and Gravity or Gigantamax Orbeetle are banned\n|rule|Endless Battle Clause: Forcing endless battles is banned\n|rule|HP Percentage Mod: HP is shown in percentages\n|clearpoke\n|poke|p1|Ninetales-Alola, M|\n|poke|p1|Baxcalibur, F|\n|poke|p1|Heatran, M|\n|poke|p1|Iron Hands|\n|poke|p1|Ogerpon-Wellspring, F|\n|poke|p1|Flutter Mane|\n|poke|p2|Roaring Moon|\n|poke|p2|Weezing-Galar, M|\n|poke|p2|Iron Hands|\n|poke|p2|Landorus-Therian, M|\n|poke|p2|Heatran, M|\n|poke|p2|Flutter Mane|\n|teampreview\n|inactive|Battle timer is ON: inactive players will automatically lose when time's up. (requested by qsns)\n|inactive|Grandmas Cookin also wants the timer to be on.\n|c|\u2606Grandmas Cookin|hf\n|c|\u2606qsns|u2\n|inactive|qsns has 270 seconds left.\n|inactive|Grandmas Cookin has 270 seconds left.\n|j| xHys\n|j|+Mizuhime\n|j|+daawesomedude1 (\n|j| Spurrific\n|j| laptops\n|inactive|qsns has 240 seconds left.\n|j| insane goob\n|\n|t:|1699143811\n|start\n|switch|p1a: Heatran|Heatran, M|100\/100\n|switch|p1b: Flutter Mane|Flutter Mane|100\/100\n|switch|p2a: Weezing|Weezing-Galar, M|100\/100\n|switch|p2b: Heatran|Heatran, M|100\/100\n|-ability|p2a: Weezing|Neutralizing Gas\n|turn|1\n|c| laptops|GO HUNTER!!!!!\n|j| ImNotTheWalrusHere\n|c|+Mizuhime|team looks familiar...\n|c|+Mizuhime|just can't place it...\n|inactive|qsns has 270 seconds left.\n|\n|t:|1699143843\n|-end|p2a: Weezing|ability: Neutralizing Gas\n|switch|p2a: Iron Hands|Iron Hands|100\/100\n|move|p2b: Heatran|Protect|p2b: Heatran\n|-singleturn|p2b: Heatran|Protect\n|move|p1b: Flutter Mane|Shadow Ball|p2a: Iron Hands\n|-damage|p2a: Iron Hands|71\/100\n|move|p1a: Heatran|Earth Power|p2b: Heatran\n|-activate|p2b: Heatran|move: Protect\n|\n|upkeep\n|turn|2\n|l| insane goob\n|j| insane goob\n|l| insane goob\n|inactive|Grandmas Cookin has 270 seconds left.\n|\n|t:|1699143876\n|-end|p1b: Flutter Mane|Protosynthesis|[silent]\n|switch|p1b: Ogerpon|Ogerpon-Wellspring, F|100\/100\n|switch|p1a: Ninetales|Ninetales-Alola, M|100\/100\n|-weather|Snow|[from] ability: Snow Warning|[of] p1a: Ninetales\n|move|p2a: Iron Hands|Fake Out|p1a: Ninetales\n|-damage|p1a: Ninetales|89\/100\n|move|p2b: Heatran|Earth Power|p1b: Ogerpon\n|-resisted|p1b: Ogerpon\n|-damage|p1b: Ogerpon|85\/100\n|\n|-weather|Snow|[upkeep]\n|upkeep\n|turn|3\n|j| insane goob\n|inactive|Grandmas Cookin has 270 seconds left.\n|\n|t:|1699143906\n|-terastallize|p2b: Heatran|Fairy\n|move|p1a: Ninetales|Aurora Veil|p1a: Ninetales\n|-sidestart|p1: qsns|move: Aurora Veil\n|move|p1b: Ogerpon|Ivy Cudgel|p2b: Heatran\n|-damage|p2b: Heatran|49\/100\n|move|p2b: Heatran|Heat Wave|p1a: Ninetales|[spread] p1a\n|-miss|p2b: Heatran|p1b: Ogerpon\n|-supereffective|p1a: Ninetales\n|-damage|p1a: Ninetales|35\/100\n|move|p2a: Iron Hands|Volt Switch|p1b: Ogerpon\n|-damage|p1b: Ogerpon|77\/100\n|l| laptops\n|\n|t:|1699143931\n|-end|p2a: Iron Hands|Quark Drive|[silent]\n|switch|p2a: Flutter Mane|Flutter Mane|100\/100|[from] Volt Switch\n|-enditem|p2a: Flutter Mane|Booster Energy\n|-activate|p2a: Flutter Mane|ability: Protosynthesis|[fromitem]\n|-start|p2a: Flutter Mane|protosynthesisspe\n|\n|-weather|Snow|[upkeep]\n|upkeep\n|turn|4\n|inactive|Grandmas Cookin has 270 seconds left.\n|inactive|qsns has 270 seconds left.\n|inactive|Grandmas Cookin has 240 seconds left.\n|\n|t:|1699143968\n|switch|p1a: Heatran|Heatran, M|100\/100\n|switch|p2b: Roaring Moon|Roaring Moon|100\/100\n|-enditem|p2b: Roaring Moon|Booster Energy\n|-activate|p2b: Roaring Moon|ability: Protosynthesis|[fromitem]\n|-start|p2b: Roaring Moon|protosynthesisatk\n|move|p2a: Flutter Mane|Moonblast|p1a: Heatran\n|-resisted|p1a: Heatran\n|-damage|p1a: Heatran|95\/100\n|move|p1b: Ogerpon|Ivy Cudgel|p2a: Flutter Mane\n|-damage|p2a: Flutter Mane|12\/100\n|\n|-weather|Snow|[upkeep]\n|-heal|p1a: Heatran|100\/100|[from] item: Leftovers\n|upkeep\n|turn|5\n|\n|t:|1699143987\n|move|p2a: Flutter Mane|Icy Wind|p1b: Ogerpon|[spread] p1a,p1b\n|-resisted|p1a: Heatran\n|-damage|p1a: Heatran|99\/100\n|-damage|p1b: Ogerpon|68\/100\n|-unboost|p1a: Heatran|spe|1\n|-unboost|p1b: Ogerpon|spe|1\n|move|p2b: Roaring Moon|Dragon Dance|p2b: Roaring Moon\n|-boost|p2b: Roaring Moon|atk|1\n|-boost|p2b: Roaring Moon|spe|1\n|move|p1b: Ogerpon|Ivy Cudgel|p2a: Flutter Mane\n|-damage|p2a: Flutter Mane|0 fnt\n|faint|p2a: Flutter Mane\n|-end|p2a: Flutter Mane|Protosynthesis|[silent]\n|move|p1a: Heatran|Will-O-Wisp|p2b: Roaring Moon\n|-status|p2b: Roaring Moon|brn\n|\n|-weather|Snow|[upkeep]\n|-heal|p1a: Heatran|100\/100|[from] item: Leftovers\n|-damage|p2b: Roaring Moon|95\/100 brn|[from] brn\n|upkeep\n|\n|t:|1699144001\n|switch|p2a: Iron Hands|Iron Hands|71\/100\n|turn|6\n|\n|t:|1699144016\n|switch|p1b: Baxcalibur|Baxcalibur, F|100\/100\n|move|p1a: Heatran|Protect|p1a: Heatran\n|-singleturn|p1a: Heatran|Protect\n|move|p2a: Iron Hands|Fake Out|p1a: Heatran\n|-activate|p1a: Heatran|move: Protect\n|move|p2b: Roaring Moon|Dragon Dance|p2b: Roaring Moon\n|-boost|p2b: Roaring Moon|atk|1\n|-boost|p2b: Roaring Moon|spe|1\n|\n|-weather|none\n|-damage|p2b: Roaring Moon|89\/100 brn|[from] brn\n|upkeep\n|turn|7\n|inactive|Grandmas Cookin has 270 seconds left.\n|\n|t:|1699144047\n|switch|p1a: Ninetales|Ninetales-Alola, M|35\/100\n|-weather|Snow|[from] ability: Snow Warning|[of] p1a: Ninetales\n|move|p2b: Roaring Moon|Knock Off|p1b: Baxcalibur\n|-damage|p1b: Baxcalibur|72\/100\n|-enditem|p1b: Baxcalibur|Clear Amulet|[from] move: Knock Off|[of] p2b: Roaring Moon\n|move|p1b: Baxcalibur|Glaive Rush|p2b: Roaring Moon\n|-supereffective|p2b: Roaring Moon\n|-damage|p2b: Roaring Moon|0 fnt\n|-singlemove|p1b: Baxcalibur|Glaive Rush|[silent]\n|faint|p2b: Roaring Moon\n|-end|p2b: Roaring Moon|Protosynthesis|[silent]\n|move|p2a: Iron Hands|Drain Punch|p1b: Baxcalibur\n|-supereffective|p1b: Baxcalibur\n|-damage|p1b: Baxcalibur|6\/100\n|-heal|p2a: Iron Hands|99\/100|[from] drain|[of] p1b: Baxcalibur\n|\n|-weather|Snow|[upkeep]\n|-heal|p1b: Baxcalibur|13\/100|[from] ability: Ice Body\n|upkeep\n|l| xHys\n|\n|t:|1699144069\n|switch|p2b: Weezing|Weezing-Galar, M|100\/100\n|-ability|p2b: Weezing|Neutralizing Gas\n|turn|8\n|inactive|Grandmas Cookin has 270 seconds left.\n|\n|t:|1699144085\n|move|p1a: Ninetales|Blizzard|p2a: Iron Hands|[spread] p2a,p2b\n|-damage|p2a: Iron Hands|87\/100\n|-damage|p2b: Weezing|79\/100\n|move|p1b: Baxcalibur|Glaive Rush|p2a: Iron Hands\n|-damage|p2a: Iron Hands|38\/100\n|-singlemove|p1b: Baxcalibur|Glaive Rush|[silent]\n|move|p2b: Weezing|Sludge Bomb|p1a: Ninetales\n|-supereffective|p1a: Ninetales\n|-damage|p1a: Ninetales|0 fnt\n|faint|p1a: Ninetales\n|move|p2a: Iron Hands|Volt Switch|p1b: Baxcalibur\n|-resisted|p1b: Baxcalibur\n|-damage|p1b: Baxcalibur|4\/100\n|\n|t:|1699144095\n|-end|p2a: Iron Hands|Quark Drive|[silent]\n|switch|p2a: Landorus|Landorus-Therian, M|100\/100|[from] Volt Switch\n|-ability|p2a: Landorus|Intimidate|boost\n|-unboost|p1b: Baxcalibur|atk|1\n|\n|-weather|Snow|[upkeep]\n|upkeep\n|\n|t:|1699144108\n|switch|p1a: Iron Hands|Iron Hands|100\/100\n|turn|9\n|\n|t:|1699144121\n|switch|p2a: Heatran|Heatran, M, tera:Fairy|49\/100\n|move|p1a: Iron Hands|Fake Out|p2a: Heatran\n|-damage|p2a: Heatran|36\/100\n|move|p1b: Baxcalibur|Icicle Crash|p2a: Heatran\n|-damage|p2a: Heatran|8\/100\n|move|p2b: Weezing|Will-O-Wisp|p1a: Iron Hands\n|-status|p1a: Iron Hands|brn\n|\n|-weather|Snow|[upkeep]\n|-damage|p1a: Iron Hands|94\/100 brn|[from] brn\n|upkeep\n|turn|10\n|\n|t:|1699144135\n|move|p1b: Baxcalibur|Icicle Crash|p2b: Weezing\n|-damage|p2b: Weezing|50\/100\n|-enditem|p2b: Weezing|Sitrus Berry|[eat]\n|-heal|p2b: Weezing|75\/100|[from] item: Sitrus Berry\n|move|p2a: Heatran|Heat Wave|p1a: Iron Hands|[spread] p1b\n|-miss|p2a: Heatran|p1a: Iron Hands\n|-crit|p1b: Baxcalibur\n|-damage|p1b: Baxcalibur|0 fnt\n|faint|p1b: Baxcalibur\n|move|p2b: Weezing|Sludge Bomb|p1a: Iron Hands\n|-damage|p1a: Iron Hands|84\/100 brn\n|move|p1a: Iron Hands|Heavy Slam|p2b: Weezing\n|-supereffective|p2b: Weezing\n|-damage|p2b: Weezing|33\/100\n|\n|-weather|Snow|[upkeep]\n|-damage|p1a: Iron Hands|78\/100 brn|[from] brn\n|-sideend|p1: qsns|move: Aurora Veil\n|upkeep\n|\n|t:|1699144137\n|switch|p1b: Flutter Mane|Flutter Mane|100\/100\n|turn|11\n|\n|t:|1699144157\n|-end|p2b: Weezing|ability: Neutralizing Gas\n|switch|p2b: Landorus|Landorus-Therian, M|100\/100\n|-ability|p2b: Landorus|Intimidate|boost\n|-unboost|p1a: Iron Hands|atk|1\n|-unboost|p1b: Flutter Mane|atk|1\n|-end|p1a: Iron Hands|Quark Drive|[silent]\n|switch|p1a: Heatran|Heatran, M|100\/100\n|move|p1b: Flutter Mane|Shadow Ball|p2b: Landorus\n|-damage|p2b: Landorus|32\/100\n|move|p2a: Heatran|Flash Cannon|p1b: Flutter Mane\n|-supereffective|p1b: Flutter Mane\n|-damage|p1b: Flutter Mane|15\/100\n|\n|-weather|none\n|upkeep\n|turn|12\n|inactive|Grandmas Cookin has 270 seconds left.\n|inactive|qsns has 270 seconds left.\n|inactive|Grandmas Cookin has 240 seconds left.\n|\n|t:|1699144221\n|-end|p1b: Flutter Mane|Protosynthesis|[silent]\n|switch|p1b: Iron Hands|Iron Hands|78\/100 brn\n|-terastallize|p1a: Heatran|Grass\n|move|p2b: Landorus|U-turn|p1b: Iron Hands\n|-resisted|p1b: Iron Hands\n|-crit|p1b: Iron Hands\n|-damage|p1b: Iron Hands|64\/100 brn\n|inactive|Grandmas Cookin has 240 seconds left.\n|\n|t:|1699144228\n|switch|p2b: Weezing|Weezing-Galar, M|33\/100|[from] U-turn\n|-ability|p2b: Weezing|Neutralizing Gas\n|move|p1a: Heatran|Earth Power|p2a: Heatran\n|-damage|p2a: Heatran|0 fnt\n|faint|p2a: Heatran\n|\n|-damage|p1b: Iron Hands|58\/100 brn|[from] brn\n|upkeep\n|inactive|Grandmas Cookin has 240 seconds left.\n|\n|t:|1699144236\n|switch|p2a: Iron Hands|Iron Hands|38\/100\n|turn|13\n|inactive|qsns has 270 seconds left.\n|\n|t:|1699144256\n|-end|p2b: Weezing|ability: Neutralizing Gas\n|switch|p2b: Landorus|Landorus-Therian, M|32\/100\n|-ability|p2b: Landorus|Intimidate|boost\n|-unboost|p1a: Heatran|atk|1\n|-unboost|p1b: Iron Hands|atk|1\n|-end|p1b: Iron Hands|Quark Drive|[silent]\n|switch|p1b: Ogerpon|Ogerpon-Wellspring, F|68\/100\n|move|p1a: Heatran|Protect|p1a: Heatran\n|-singleturn|p1a: Heatran|Protect\n|move|p2a: Iron Hands|Volt Switch|p1b: Ogerpon\n|-damage|p1b: Ogerpon|56\/100\n|\n|t:|1699144269\n|-end|p2a: Iron Hands|Quark Drive|[silent]\n|switch|p2a: Weezing|Weezing-Galar, M|33\/100|[from] Volt Switch\n|-ability|p2a: Weezing|Neutralizing Gas\n|-block|p2b: Landorus|item: Ability Shield\n|\n|upkeep\n|turn|14\n|inactive|Grandmas Cookin has 270 seconds left.\n|\n|t:|1699144294\n|move|p1b: Ogerpon|Ivy Cudgel|p2a: Weezing\n|-damage|p2a: Weezing|0 fnt\n|faint|p2a: Weezing\n|-end|p2a: Weezing|ability: Neutralizing Gas\n|move|p2b: Landorus|U-turn|p1b: Ogerpon\n|-supereffective|p1b: Ogerpon\n|-damage|p1b: Ogerpon|0 fnt\n|faint|p1b: Ogerpon\n|\n|t:|1699144296\n|switch|p2b: Iron Hands|Iron Hands|38\/100|[from] U-turn\n|move|p1a: Heatran|Heat Wave|p2b: Iron Hands\n|-damage|p2b: Iron Hands|11\/100\n|\n|upkeep\n|\n|t:|1699144299\n|switch|p1b: Iron Hands|Iron Hands|58\/100 brn\n|switch|p2a: Landorus|Landorus-Therian, M|32\/100\n|-ability|p2a: Landorus|Intimidate|boost\n|-unboost|p1a: Heatran|atk|1\n|-unboost|p1b: Iron Hands|atk|1\n|turn|15\n|\n|t:|1699144306\n|move|p2b: Iron Hands|Fake Out|p1a: Heatran\n|-damage|p1a: Heatran|88\/100\n|move|p1b: Iron Hands|Fake Out|p2a: Landorus\n|-damage|p2a: Landorus|27\/100\n|cant|p2a: Landorus|flinch\n|cant|p1a: Heatran|flinch\n|\n|-heal|p1a: Heatran|94\/100|[from] item: Leftovers\n|-damage|p1b: Iron Hands|52\/100 brn|[from] brn\n|upkeep\n|turn|16\n|\n|t:|1699144320\n|move|p2a: Landorus|Stomping Tantrum|p1b: Iron Hands\n|-supereffective|p1b: Iron Hands\n|-damage|p1b: Iron Hands|0 fnt\n|faint|p1b: Iron Hands\n|-end|p1b: Iron Hands|Quark Drive|[silent]\n|move|p1a: Heatran|Heat Wave|p2a: Landorus|[spread] p2a,p2b\n|-crit|p2b: Iron Hands\n|-damage|p2a: Landorus|0 fnt\n|-damage|p2b: Iron Hands|0 fnt\n|faint|p2a: Landorus\n|faint|p2b: Iron Hands\n|-end|p2b: Iron Hands|Quark Drive|[silent]\n|\n|win|qsns\n|c|\u2606qsns|gg\n|j|+ryo yamada2001\n","uploadtime":1699144325,"views":198,"p1id":"qsns","p2id":"grandmascookin","formatid":"gen9doublesou","rating":0,"private":0,"password":""}