{"id":"gen9doublesou-1996869197","p1":"Kondroid","p2":"DXH66","format":"[Gen 9] Doubles OU","log":"|j|\u2606Kondroid\n|j|\u2606DXH66\n|t:|1700737980\n|gametype|doubles\n|player|p1|Kondroid|hilbert-wonderlauncher|1125\n|player|p2|DXH66|169|1169\n|teamsize|p1|6\n|teamsize|p2|6\n|gen|9\n|tier|[Gen 9] Doubles OU\n|rated|\n|rule|Species Clause: Limit one of each Pok\u00e9mon\n|rule|OHKO Clause: OHKO moves are banned\n|rule|Evasion Moves Clause: Evasion moves are banned\n|rule|Gravity Sleep Clause: The combination of sleep-inducing moves with imperfect accuracy and Gravity or Gigantamax Orbeetle are banned\n|rule|Endless Battle Clause: Forcing endless battles is banned\n|rule|HP Percentage Mod: HP is shown in percentages\n|clearpoke\n|poke|p1|Meowscarada, F|\n|poke|p1|Tauros-Paldea-Blaze, M|\n|poke|p1|Flamigo, M|\n|poke|p1|Greninja-*, F|\n|poke|p1|Gliscor, M|\n|poke|p1|Clefable, F|\n|poke|p2|Dudunsparce-*, M|\n|poke|p2|Maushold|\n|poke|p2|Sinistcha-Masterpiece|\n|poke|p2|Dragonite, M|\n|poke|p2|Indeedee-F, F|\n|poke|p2|Volbeat, M|\n|teampreview\n|inactive|Battle timer is ON: inactive players will automatically lose when time's up. (requested by Kondroid)\n|\n|t:|1700737990\n|start\n|switch|p1a: Meowscarada|Meowscarada, F|100\/100\n|switch|p1b: Tauros|Tauros-Paldea-Blaze, M|100\/100\n|switch|p2a: Dudunsparce|Dudunsparce-Three-Segment, M|100\/100\n|switch|p2b: Maushold|Maushold|100\/100\n|turn|1\n|\n|t:|1700738011\n|-terastallize|p2a: Dudunsparce|Psychic\n|move|p1a: Meowscarada|Flower Trick|p1b: Tauros\n|-start|p1a: Meowscarada|typechange|Grass|[from] ability: Protean\n|-resisted|p1b: Tauros\n|-crit|p1b: Tauros\n|-damage|p1b: Tauros|74\/100\n|-setboost|p1b: Tauros|atk|6|[from] ability: Anger Point\n|move|p2b: Maushold|Beat Up|p2a: Dudunsparce\n|-supereffective|p2a: Dudunsparce\n|-damage|p2a: Dudunsparce|97\/100\n|-ability|p2a: Dudunsparce|Rattled|boost\n|-boost|p2a: Dudunsparce|spe|1\n|-enditem|p2a: Dudunsparce|Weakness Policy\n|-boost|p2a: Dudunsparce|atk|2|[from] item: Weakness Policy\n|-boost|p2a: Dudunsparce|spa|2|[from] item: Weakness Policy\n|-supereffective|p2a: Dudunsparce\n|-damage|p2a: Dudunsparce|94\/100\n|-ability|p2a: Dudunsparce|Rattled|boost\n|-boost|p2a: Dudunsparce|spe|1\n|-supereffective|p2a: Dudunsparce\n|-damage|p2a: Dudunsparce|91\/100\n|-ability|p2a: Dudunsparce|Rattled|boost\n|-boost|p2a: Dudunsparce|spe|1\n|-supereffective|p2a: Dudunsparce\n|-damage|p2a: Dudunsparce|87\/100\n|-ability|p2a: Dudunsparce|Rattled|boost\n|-boost|p2a: Dudunsparce|spe|1\n|-supereffective|p2a: Dudunsparce\n|-damage|p2a: Dudunsparce|85\/100\n|-ability|p2a: Dudunsparce|Rattled|boost\n|-boost|p2a: Dudunsparce|spe|1\n|-supereffective|p2a: Dudunsparce\n|-damage|p2a: Dudunsparce|82\/100\n|-ability|p2a: Dudunsparce|Rattled|boost\n|-boost|p2a: Dudunsparce|spe|1\n|-hitcount|p2a: Dudunsparce|6\n|move|p2a: Dudunsparce|Stored Power|p1b: Tauros\n|-supereffective|p1b: Tauros\n|-damage|p1b: Tauros|0 fnt\n|faint|p1b: Tauros\n|\n|upkeep\n|inactive|Kondroid has 120 seconds left.\n|\n|t:|1700738038\n|switch|p1b: Gliscor|Gliscor, M|100\/100\n|turn|2\n|\n|t:|1700738049\n|switch|p2b: Sinistcha|Sinistcha-Masterpiece|100\/100\n|-heal|p2a: Dudunsparce|100\/100|[from] ability: Hospitality|[of] p2b: Sinistcha\n|move|p1b: Gliscor|Protect|p1b: Gliscor\n|-singleturn|p1b: Gliscor|Protect\n|move|p1a: Meowscarada|Sucker Punch|p2a: Dudunsparce\n|-supereffective|p2a: Dudunsparce\n|-damage|p2a: Dudunsparce|62\/100\n|move|p2a: Dudunsparce|Boomburst|p1b: Gliscor|[spread] p1a\n|-activate|p1b: Gliscor|move: Protect\n|-immune|p2b: Sinistcha\n|-damage|p1a: Meowscarada|0 fnt\n|faint|p1a: Meowscarada\n|\n|-status|p1b: Gliscor|tox|[from] item: Toxic Orb\n|upkeep\n|inactive|Kondroid has 120 seconds left.\n|\n|t:|1700738065\n|switch|p1a: Clefable|Clefable, F|100\/100\n|turn|3\n|\n|t:|1700738072\n|switch|p2b: Dragonite|Dragonite, M|100\/100\n|move|p2a: Dudunsparce|Boomburst|p1a: Clefable|[spread] p2b,p1a,p1b\n|-damage|p2b: Dragonite|10\/100\n|-damage|p1a: Clefable|71\/100\n|-damage|p1b: Gliscor|0 fnt\n|faint|p1b: Gliscor\n|move|p1a: Clefable|Dazzling Gleam|p2b: Dragonite|[spread] p2a,p2b\n|-crit|p2a: Dudunsparce\n|-supereffective|p2b: Dragonite\n|-damage|p2a: Dudunsparce|33\/100\n|-damage|p2b: Dragonite|0 fnt\n|faint|p2b: Dragonite\n|\n|-heal|p1a: Clefable|77\/100|[from] item: Leftovers\n|upkeep\n|\n|t:|1700738088\n|switch|p1b: Greninja|Greninja, F|100\/100\n|switch|p2b: Sinistcha|Sinistcha-Masterpiece|100\/100\n|-heal|p2a: Dudunsparce|58\/100|[from] ability: Hospitality|[of] p2b: Sinistcha\n|turn|4\n|\n|t:|1700738096\n|move|p2a: Dudunsparce|Protect|p2a: Dudunsparce\n|-singleturn|p2a: Dudunsparce|Protect\n|move|p1b: Greninja|Dark Pulse|p2b: Sinistcha\n|-start|p1b: Greninja|typechange|Dark|[from] ability: Protean\n|-supereffective|p2b: Sinistcha\n|-damage|p2b: Sinistcha|19\/100\n|move|p2b: Sinistcha|Matcha Gotcha|p1a: Clefable|[spread] p1a,p1b\n|-damage|p1a: Clefable|60\/100\n|-heal|p2b: Sinistcha|28\/100|[from] drain|[of] p1a: Clefable\n|-damage|p1b: Greninja|64\/100\n|-heal|p2b: Sinistcha|43\/100|[from] drain|[of] p1b: Greninja\n|move|p1a: Clefable|Dazzling Gleam|p2b: Sinistcha|[spread] p2b\n|-activate|p2a: Dudunsparce|move: Protect\n|-damage|p2b: Sinistcha|22\/100\n|\n|-heal|p2b: Sinistcha|29\/100|[from] item: Leftovers\n|-heal|p1a: Clefable|66\/100|[from] item: Leftovers\n|upkeep\n|turn|5\n|\n|t:|1700738122\n|switch|p2b: Maushold|Maushold|100\/100\n|move|p2a: Dudunsparce|Boomburst|p1b: Greninja|[spread] p2b,p1a,p1b\n|-crit|p2b: Maushold\n|-crit|p1a: Clefable\n|-enditem|p2b: Maushold|Focus Sash\n|-damage|p2b: Maushold|1\/100\n|-damage|p1a: Clefable|20\/100\n|-damage|p1b: Greninja|0 fnt\n|faint|p1b: Greninja\n|move|p1a: Clefable|Dazzling Gleam|p2a: Dudunsparce|[spread] p2a,p2b\n|-damage|p2a: Dudunsparce|43\/100\n|-damage|p2b: Maushold|0 fnt\n|faint|p2b: Maushold\n|\n|-heal|p1a: Clefable|26\/100|[from] item: Leftovers\n|upkeep\n|\n|t:|1700738136\n|switch|p1b: Flamigo|Flamigo, M|100\/100\n|switch|p2b: Sinistcha|Sinistcha-Masterpiece|29\/100\n|-copyboost|p1b: Flamigo|p1a: Clefable|[from] ability: Costar\n|-heal|p2a: Dudunsparce|68\/100|[from] ability: Hospitality|[of] p2b: Sinistcha\n|turn|6\n|\n|t:|1700738145\n|move|p2b: Sinistcha|Rage Powder|p2b: Sinistcha\n|-singleturn|p2b: Sinistcha|move: Rage Powder\n|move|p2a: Dudunsparce|Boomburst|p1b: Flamigo|[spread] p1a,p1b\n|-immune|p2b: Sinistcha\n|-damage|p1a: Clefable|0 fnt\n|-damage|p1b: Flamigo|2\/100\n|faint|p1a: Clefable\n|move|p1b: Flamigo|Close Combat|p2b: Sinistcha\n|-immune|p2b: Sinistcha\n|\n|-heal|p2b: Sinistcha|35\/100|[from] item: Leftovers\n|upkeep\n|turn|7\n|\n|t:|1700738163\n|move|p2a: Dudunsparce|Stored Power|p1b: Flamigo\n|-supereffective|p1b: Flamigo\n|-damage|p1b: Flamigo|0 fnt\n|faint|p1b: Flamigo\n|\n|win|DXH66\n|raw|Kondroid's rating: 1125 &rarr; <strong>1103<\/strong><br \/>(-22 for losing)\n|raw|DXH66's rating: 1169 &rarr; <strong>1191<\/strong><br \/>(+22 for winning)\n|l|\u2606DXH66\n","uploadtime":1700738169,"views":6,"p1id":"kondroid","p2id":"dxh66","formatid":"gen9doublesou","rating":1103,"private":0,"password":""}