{"id":"gen9doublesou-1993151175","p1":"naitohikari","p2":"Metal Jester","format":"[Gen 9] Doubles OU","log":"|j|\u2606naitohikari\n|j|\u2606Metal Jester\n|t:|1700270947\n|gametype|doubles\n|player|p1|naitohikari|ltsurge|1217\n|player|p2|Metal Jester|ingo|1321\n|teamsize|p1|6\n|teamsize|p2|6\n|gen|9\n|tier|[Gen 9] Doubles OU\n|rated|\n|rule|Species Clause: Limit one of each Pok\u00e9mon\n|rule|OHKO Clause: OHKO moves are banned\n|rule|Evasion Moves Clause: Evasion moves are banned\n|rule|Gravity Sleep Clause: The combination of sleep-inducing moves with imperfect accuracy and Gravity or Gigantamax Orbeetle are banned\n|rule|Endless Battle Clause: Forcing endless battles is banned\n|rule|HP Percentage Mod: HP is shown in percentages\n|clearpoke\n|poke|p1|Arcanine, M|\n|poke|p1|Sylveon, F|\n|poke|p1|Ninetales-Alola, F|\n|poke|p1|Espeon, F|\n|poke|p1|Houndstone, M|\n|poke|p1|Okidogi, M|\n|poke|p2|Scizor, M|\n|poke|p2|Scyther, M|\n|poke|p2|Kleavor, M|\n|poke|p2|Great Tusk|\n|poke|p2|Barraskewda, M|\n|poke|p2|Chien-Pao|\n|teampreview\n|inactive|Battle timer is ON: inactive players will automatically lose when time's up. (requested by Metal Jester)\n|\n|t:|1700270967\n|start\n|switch|p1a: Sylveon|Sylveon, F|100\/100\n|switch|p1b: Arcanine|Arcanine, M|100\/100\n|switch|p2a: Scyther|Scyther, M|100\/100\n|switch|p2b: Barraskewda|Barraskewda, M, shiny|100\/100\n|-ability|p1b: Arcanine|Intimidate|boost\n|-unboost|p2a: Scyther|atk|1\n|-unboost|p2b: Barraskewda|atk|1\n|turn|1\n|-activate|p1a: Sylveon|item: Quick Claw\n|\n|t:|1700270975\n|-terastallize|p1b: Arcanine|Normal\n|move|p1b: Arcanine|Extreme Speed|p2b: Barraskewda\n|-damage|p2b: Barraskewda|26\/100\n|move|p1a: Sylveon|Skill Swap|p1b: Arcanine\n|-activate|p1a: Sylveon|move: Skill Swap|||[of] p1b: Arcanine\n|-ability|p1a: Sylveon|Intimidate|boost\n|-unboost|p2a: Scyther|atk|1\n|-unboost|p2b: Barraskewda|atk|1\n|move|p2b: Barraskewda|Waterfall|p1b: Arcanine\n|-damage|p1b: Arcanine|70\/100\n|move|p2a: Scyther|Tailwind|p2a: Scyther\n|-sidestart|p2: Metal Jester|move: Tailwind\n|\n|-heal|p1b: Arcanine|76\/100|[from] item: Leftovers\n|upkeep\n|turn|2\n|\n|t:|1700270996\n|switch|p2b: Scizor|Scizor, M|100\/100\n|switch|p1a: Okidogi|Okidogi, M|100\/100\n|move|p1b: Arcanine|Extreme Speed|p2b: Scizor\n|-resisted|p2b: Scizor\n|-crit|p2b: Scizor\n|-damage|p2b: Scizor|76\/100\n|move|p2a: Scyther|Close Combat|p1b: Arcanine\n|-supereffective|p1b: Arcanine\n|-damage|p1b: Arcanine|35\/100\n|-unboost|p2a: Scyther|def|1\n|-unboost|p2a: Scyther|spd|1\n|\n|-heal|p1b: Arcanine|42\/100|[from] item: Leftovers\n|upkeep\n|turn|3\n|\n|t:|1700271014\n|switch|p2a: Barraskewda|Barraskewda, M, shiny|26\/100\n|switch|p1b: Houndstone|Houndstone, M|100\/100\n|move|p2b: Scizor|Bullet Punch|p1b: Houndstone\n|-damage|p1b: Houndstone|77\/100\n|-damage|p2b: Scizor|66\/100|[from] item: Life Orb\n|move|p1a: Okidogi|Bulk Up|p1a: Okidogi\n|-boost|p1a: Okidogi|atk|1\n|-boost|p1a: Okidogi|def|1\n|\n|upkeep\n|turn|4\n|\n|t:|1700271035\n|switch|p1b: Arcanine|Arcanine, M, tera:Normal|42\/100\n|-ability|p1b: Arcanine|Intimidate|boost\n|-unboost|p2a: Barraskewda|atk|1\n|-unboost|p2b: Scizor|atk|1\n|-terastallize|p2a: Barraskewda|Ground\n|move|p2a: Barraskewda|Drill Run|p1a: Okidogi\n|-supereffective|p1a: Okidogi\n|-damage|p1a: Okidogi|47\/100\n|move|p2b: Scizor|Swords Dance|p2b: Scizor\n|-boost|p2b: Scizor|atk|2\n|-enditem|p1a: Okidogi|Mirror Herb\n|-boost|p1a: Okidogi|atk|2|[from] item: Mirror Herb\n|move|p1a: Okidogi|Bulk Up|p1a: Okidogi\n|-boost|p1a: Okidogi|atk|1\n|-boost|p1a: Okidogi|def|1\n|\n|-heal|p1b: Arcanine|48\/100|[from] item: Leftovers\n|-sideend|p2: Metal Jester|move: Tailwind\n|upkeep\n|turn|5\n|\n|t:|1700271052\n|move|p1b: Arcanine|Extreme Speed|p2a: Barraskewda\n|-damage|p2a: Barraskewda|0 fnt\n|faint|p2a: Barraskewda\n|move|p2b: Scizor|Bullet Punch|p1b: Arcanine\n|-damage|p1b: Arcanine|0 fnt\n|faint|p1b: Arcanine\n|-damage|p2b: Scizor|56\/100|[from] item: Life Orb\n|move|p1a: Okidogi|Drain Punch|p2b: Scizor\n|-damage|p2b: Scizor|0 fnt\n|-heal|p1a: Okidogi|77\/100|[from] drain|[of] p2b: Scizor\n|faint|p2b: Scizor\n|\n|upkeep\n|\n|t:|1700271065\n|switch|p2a: Great Tusk|Great Tusk|100\/100\n|switch|p1b: Ninetales|Ninetales-Alola, F|100\/100\n|switch|p2b: Scyther|Scyther, M|100\/100\n|-weather|Snow|[from] ability: Snow Warning|[of] p1b: Ninetales\n|-enditem|p2a: Great Tusk|Booster Energy\n|-activate|p2a: Great Tusk|ability: Protosynthesis|[fromitem]\n|-start|p2a: Great Tusk|protosynthesisatk\n|turn|6\n|\n|t:|1700271077\n|move|p1b: Ninetales|Blizzard|p2a: Great Tusk|[spread] p2a,p2b\n|-supereffective|p2a: Great Tusk\n|-supereffective|p2b: Scyther\n|-damage|p2a: Great Tusk|0 fnt\n|-damage|p2b: Scyther|43\/100\n|faint|p2a: Great Tusk\n|-end|p2a: Great Tusk|Protosynthesis|[silent]\n|move|p2b: Scyther|Tailwind|p2b: Scyther\n|-sidestart|p2: Metal Jester|move: Tailwind\n|move|p1a: Okidogi|Drain Punch|p2b: Scyther\n|-resisted|p2b: Scyther\n|-damage|p2b: Scyther|15\/100\n|-heal|p1a: Okidogi|90\/100|[from] drain|[of] p2b: Scyther\n|\n|-weather|Snow|[upkeep]\n|upkeep\n|\n|t:|1700271084\n|switch|p2a: Kleavor|Kleavor, M, shiny|100\/100\n|turn|7\n|\n|t:|1700271101\n|switch|p1b: Espeon|Espeon, F|100\/100\n|move|p2b: Scyther|Dual Wingbeat|p1a: Okidogi\n|-supereffective|p1a: Okidogi\n|-crit|p1a: Okidogi\n|-damage|p1a: Okidogi|8\/100\n|-supereffective|p1a: Okidogi\n|-damage|p1a: Okidogi|0 fnt\n|faint|p1a: Okidogi\n|-hitcount|p1: Okidogi|2\n|move|p2a: Kleavor|Stone Axe|p1b: Espeon\n|-damage|p1b: Espeon|0 fnt\n|-sidestart|p1: naitohikari|move: Stealth Rock\n|faint|p1b: Espeon\n|-damage|p2a: Kleavor|91\/100|[from] item: Life Orb\n|\n|-weather|Snow|[upkeep]\n|upkeep\n|\n|t:|1700271111\n|switch|p1b: Ninetales|Ninetales-Alola, F|100\/100\n|switch|p1a: Houndstone|Houndstone, M|77\/100\n|-damage|p1b: Ninetales|76\/100|[from] Stealth Rock\n|-damage|p1a: Houndstone|64\/100|[from] Stealth Rock\n|turn|8\n|inactive|naitohikari has 120 seconds left.\n|\n|t:|1700271150\n|move|p2b: Scyther|Dual Wingbeat|p1a: Houndstone|[miss]\n|-miss|p2b: Scyther|p1a: Houndstone\n|move|p2a: Kleavor|Stone Axe|p1b: Ninetales\n|-supereffective|p1b: Ninetales\n|-damage|p1b: Ninetales|0 fnt\n|faint|p1b: Ninetales\n|-damage|p2a: Kleavor|81\/100|[from] item: Life Orb\n|move|p1a: Houndstone|Last Respects|p2a: Kleavor\n|-damage|p2a: Kleavor|0 fnt\n|faint|p2a: Kleavor\n|\n|-weather|Snow|[upkeep]\n|upkeep\n|\n|t:|1700271158\n|switch|p1b: Sylveon|Sylveon, F|100\/100\n|switch|p2a: Chien-Pao|Chien-Pao|100\/100\n|-ability|p2a: Chien-Pao|Sword of Ruin\n|-damage|p1b: Sylveon|88\/100|[from] Stealth Rock\n|turn|9\n|\n|t:|1700271175\n|move|p2a: Chien-Pao|Ice Spinner|p1b: Sylveon\n|-damage|p1b: Sylveon|12\/100\n|move|p2b: Scyther|Dual Wingbeat|p1b: Sylveon\n|-damage|p1b: Sylveon|0 fnt\n|faint|p1b: Sylveon\n|-hitcount|p1: Sylveon|1\n|move|p1a: Houndstone|Play Rough|p2a: Chien-Pao\n|-supereffective|p2a: Chien-Pao\n|-damage|p2a: Chien-Pao|45\/100\n|\n|-weather|Snow|[upkeep]\n|-sideend|p2: Metal Jester|move: Tailwind\n|upkeep\n|turn|10\n|\n|t:|1700271188\n|move|p2a: Chien-Pao|Ice Spinner|p1a: Houndstone\n|-damage|p1a: Houndstone|38\/100\n|move|p2b: Scyther|Dual Wingbeat|p1a: Houndstone\n|-damage|p1a: Houndstone|19\/100\n|-damage|p1a: Houndstone|0 fnt\n|faint|p1a: Houndstone\n|-hitcount|p1: Houndstone|2\n|\n|win|Metal Jester\n|raw|naitohikari's rating: 1217 &rarr; <strong>1199<\/strong><br \/>(-18 for losing)\n|raw|Metal Jester's rating: 1321 &rarr; <strong>1335<\/strong><br \/>(+14 for winning)\n","uploadtime":1700271199,"views":16,"p1id":"naitohikari","p2id":"metaljester","formatid":"gen9doublesou","rating":1199,"private":0,"password":""}