{"id":"gen9doublesou-1993501560","p1":"Xitzel","p2":"Smol123","format":"[Gen 9] Doubles OU","log":"|j|\u2606Xitzel\n|j|\u2606Smol123\n|t:|1700325390\n|gametype|doubles\n|player|p1|Xitzel|richboy|1086\n|player|p2|Smol123|benga|1090\n|teamsize|p1|6\n|teamsize|p2|6\n|gen|9\n|tier|[Gen 9] Doubles OU\n|rated|\n|rule|Species Clause: Limit one of each Pok\u00e9mon\n|rule|OHKO Clause: OHKO moves are banned\n|rule|Evasion Moves Clause: Evasion moves are banned\n|rule|Gravity Sleep Clause: The combination of sleep-inducing moves with imperfect accuracy and Gravity or Gigantamax Orbeetle are banned\n|rule|Endless Battle Clause: Forcing endless battles is banned\n|rule|HP Percentage Mod: HP is shown in percentages\n|clearpoke\n|poke|p1|Ninetales, M|\n|poke|p1|Amoonguss, F|\n|poke|p1|Arcanine-Hisui, F|\n|poke|p1|Garganacl, F|\n|poke|p1|Toxtricity-Low-Key, F|\n|poke|p1|Azumarill, F|\n|poke|p2|Walking Wake|\n|poke|p2|Torkoal, F|\n|poke|p2|Scovillain, M|\n|poke|p2|Trevenant, F|\n|poke|p2|Wyrdeer, M|\n|poke|p2|Charizard, M|\n|teampreview\n|\n|t:|1700325404\n|start\n|switch|p1a: Dogie :D|Arcanine-Hisui, F|100\/100\n|switch|p1b: Galio|Garganacl, F|100\/100\n|switch|p2a: Wyrdeer|Wyrdeer, M|100\/100\n|switch|p2b: Torkoal|Torkoal, F|100\/100\n|-ability|p1a: Dogie :D|Intimidate|boost\n|-unboost|p2a: Wyrdeer|atk|1\n|-unboost|p2b: Torkoal|atk|1\n|-ability|p2a: Wyrdeer|Intimidate|boost\n|-unboost|p1a: Dogie :D|atk|1\n|-unboost|p1b: Galio|atk|1\n|-weather|SunnyDay|[from] ability: Drought|[of] p2b: Torkoal\n|turn|1\n|\n|t:|1700325423\n|switch|p2a: Walking Wake|Walking Wake|100\/100\n|-activate|p2a: Walking Wake|ability: Protosynthesis\n|-start|p2a: Walking Wake|protosynthesisspa\n|move|p2b: Torkoal|Protect|p2b: Torkoal\n|-singleturn|p2b: Torkoal|Protect\n|move|p1a: Dogie :D|Rock Slide|p2a: Walking Wake|[spread] p2a\n|-activate|p2b: Torkoal|move: Protect\n|-damage|p2a: Walking Wake|82\/100\n|move|p1b: Galio|Hammer Arm|p2a: Walking Wake\n|-damage|p2a: Walking Wake|65\/100\n|-unboost|p1b: Galio|spe|1\n|\n|-weather|SunnyDay|[upkeep]\n|upkeep\n|turn|2\n|\n|t:|1700325460\n|switch|p1a: Azumarill|Azumarill, F|100\/100\n|switch|p2b: Wyrdeer|Wyrdeer, M|100\/100\n|-ability|p2b: Wyrdeer|Intimidate|boost\n|-unboost|p1a: Azumarill|atk|1\n|-unboost|p1b: Galio|atk|1\n|move|p2a: Walking Wake|Hydro Steam|p1a: Azumarill\n|-resisted|p1a: Azumarill\n|-damage|p1a: Azumarill|28\/100\n|-enditem|p1a: Azumarill|Absorb Bulb\n|-boost|p1a: Azumarill|spa|1|[from] item: Absorb Bulb\n|move|p1b: Galio|Salt Cure|p2b: Wyrdeer\n|-damage|p2b: Wyrdeer|92\/100\n|-start|p2b: Wyrdeer|Salt Cure\n|\n|-weather|SunnyDay|[upkeep]\n|-damage|p2b: Wyrdeer|79\/100|[from] Salt Cure\n|upkeep\n|turn|3\n|\n|t:|1700325486\n|switch|p2b: Trevenant|Trevenant, F|100\/100\n|-terastallize|p2a: Walking Wake|Dragon\n|move|p2a: Walking Wake|Hydro Steam|p1b: Galio\n|-supereffective|p1b: Galio\n|-enditem|p1b: Galio|Focus Sash\n|-damage|p1b: Galio|1\/100\n|move|p1a: Azumarill|Play Rough|p2a: Walking Wake\n|-supereffective|p2a: Walking Wake\n|-damage|p2a: Walking Wake|0 fnt\n|faint|p2a: Walking Wake\n|-end|p2a: Walking Wake|Protosynthesis|[silent]\n|move|p1b: Galio|Hammer Arm|p2b: Trevenant\n|-immune|p2b: Trevenant\n|\n|-weather|SunnyDay|[upkeep]\n|upkeep\n|\n|t:|1700325503\n|switch|p2a: Wyrdeer|Wyrdeer, M|79\/100\n|-ability|p2a: Wyrdeer|Intimidate|boost\n|-unboost|p1a: Azumarill|atk|1\n|-unboost|p1b: Galio|atk|1\n|turn|4\n|\n|t:|1700325531\n|switch|p2a: Charizard|Charizard, M|100\/100\n|switch|p1b: Dogie :D|Arcanine-Hisui, F|100\/100\n|-ability|p1b: Dogie :D|Intimidate|boost\n|-unboost|p2a: Charizard|atk|1\n|-unboost|p2b: Trevenant|atk|1\n|move|p2b: Trevenant|Horn Leech|p1b: Dogie :D\n|-damage|p1b: Dogie :D|78\/100\n|move|p1a: Azumarill|Play Rough|p2a: Charizard\n|-resisted|p2a: Charizard\n|-damage|p2a: Charizard|82\/100\n|-unboost|p2a: Charizard|atk|1\n|\n|-weather|SunnyDay|[upkeep]\n|upkeep\n|turn|5\n|\n|t:|1700325558\n|switch|p2b: Wyrdeer|Wyrdeer, M|79\/100\n|-ability|p2b: Wyrdeer|Intimidate|boost\n|-unboost|p1a: Azumarill|atk|1\n|-unboost|p1b: Dogie :D|atk|1\n|move|p1a: Azumarill|Aqua Jet|p2a: Charizard\n|-supereffective|p2a: Charizard\n|-damage|p2a: Charizard|70\/100\n|move|p2a: Charizard|Air Slash|p1a: Azumarill\n|-damage|p1a: Azumarill|0 fnt\n|faint|p1a: Azumarill\n|move|p1b: Dogie :D|Head Smash|p2b: Wyrdeer|[miss]\n|-miss|p1b: Dogie :D|p2b: Wyrdeer\n|\n|-weather|SunnyDay|[upkeep]\n|upkeep\n|\n|t:|1700325573\n|switch|p1a: Toxtricity|Toxtricity-Low-Key, F|100\/100\n|turn|6\n|\n|t:|1700325586\n|switch|p1b: Galio|Garganacl, F|1\/100\n|move|p2a: Charizard|Protect|p2a: Charizard\n|-singleturn|p2a: Charizard|Protect\n|move|p1a: Toxtricity|Sludge Bomb|p2a: Charizard\n|-activate|p2a: Charizard|move: Protect\n|move|p2b: Wyrdeer|Psyshield Bash|p1a: Toxtricity\n|-supereffective|p1a: Toxtricity\n|-damage|p1a: Toxtricity|26\/100\n|-boost|p2b: Wyrdeer|def|1\n|\n|-weather|SunnyDay|[upkeep]\n|-heal|p1a: Toxtricity|32\/100|[from] item: Leftovers\n|upkeep\n|turn|7\n|\n|t:|1700325613\n|move|p2a: Charizard|Air Slash|p1a: Toxtricity\n|-resisted|p1a: Toxtricity\n|-damage|p1a: Toxtricity|3\/100\n|move|p1a: Toxtricity|Volt Switch|p2a: Charizard\n|-supereffective|p2a: Charizard\n|-damage|p2a: Charizard|0 fnt\n|faint|p2a: Charizard\n|\n|t:|1700325620\n|switch|p1a: Dogie :D|Arcanine-Hisui, F|78\/100|[from] Volt Switch\n|-ability|p1a: Dogie :D|Intimidate|boost\n|-unboost|p2b: Wyrdeer|atk|1\n|move|p2b: Wyrdeer|Psyshield Bash|p1b: Galio\n|-damage|p1b: Galio|0 fnt\n|-boost|p2b: Wyrdeer|def|1\n|faint|p1b: Galio\n|\n|-weather|SunnyDay|[upkeep]\n|upkeep\n|\n|t:|1700325654\n|switch|p2a: Scovillain|Scovillain, M|100\/100\n|switch|p1b: Degrease|Amoonguss, F|100\/100\n|turn|8\n|\n|t:|1700325673\n|move|p2a: Scovillain|Solar Beam||[still]\n|-prepare|p2a: Scovillain|Solar Beam\n|-anim|p2a: Scovillain|Solar Beam|p1a: Dogie :D\n|-damage|p1a: Dogie :D|20\/100\n|move|p1a: Dogie :D|Rock Slide|p2a: Scovillain|[spread] p2a\n|-miss|p1a: Dogie :D|p2b: Wyrdeer\n|-supereffective|p2a: Scovillain\n|-damage|p2a: Scovillain|3\/100\n|move|p2b: Wyrdeer|Psyshield Bash|p1b: Degrease\n|-supereffective|p1b: Degrease\n|-damage|p1b: Degrease|67\/100\n|-boost|p2b: Wyrdeer|def|1\n|move|p1b: Degrease|Clear Smog|p2b: Wyrdeer\n|-damage|p2b: Wyrdeer|68\/100\n|-clearboost|p2b: Wyrdeer\n|\n|-weather|none\n|upkeep\n|turn|9\n|\n|t:|1700325714\n|switch|p2b: Torkoal|Torkoal, F|100\/100\n|-weather|SunnyDay|[from] ability: Drought|[of] p2b: Torkoal\n|move|p1b: Degrease|Rage Powder|p1b: Degrease\n|-singleturn|p1b: Degrease|move: Rage Powder\n|move|p2a: Scovillain|Solar Beam||[still]\n|-prepare|p2a: Scovillain|Solar Beam\n|-anim|p2a: Scovillain|Solar Beam|p1a: Dogie :D\n|-damage|p1a: Dogie :D|0 fnt\n|faint|p1a: Dogie :D\n|\n|-weather|SunnyDay|[upkeep]\n|upkeep\n|\n|t:|1700325729\n|switch|p1a: Toxtricity|Toxtricity-Low-Key, F|3\/100\n|turn|10\n|\n|t:|1700325745\n|move|p2a: Scovillain|Flamethrower|p1a: Toxtricity\n|-damage|p1a: Toxtricity|0 fnt\n|faint|p1a: Toxtricity\n|move|p1b: Degrease|Spore|p2b: Torkoal\n|-status|p2b: Torkoal|slp|[from] move: Spore\n|cant|p2b: Torkoal|slp\n|\n|-weather|SunnyDay|[upkeep]\n|upkeep\n|\n|t:|1700325751\n|switch|p1a: Kibo|Ninetales, M|100\/100\n|turn|11\n|\n|t:|1700325761\n|switch|p2b: Wyrdeer|Wyrdeer, M|68\/100\n|-ability|p2b: Wyrdeer|Intimidate|boost\n|-unboost|p1a: Kibo|atk|1\n|-unboost|p1b: Degrease|atk|1\n|move|p1b: Degrease|Rage Powder|p1b: Degrease\n|-singleturn|p1b: Degrease|move: Rage Powder\n|move|p2a: Scovillain|Super Fang|p1b: Degrease\n|-damage|p1b: Degrease|34\/100\n|move|p1a: Kibo|Calm Mind|p1a: Kibo\n|-boost|p1a: Kibo|spa|1\n|-boost|p1a: Kibo|spd|1\n|\n|-weather|SunnyDay|[upkeep]\n|upkeep\n|turn|12\n|\n|t:|1700325779\n|move|p2a: Scovillain|Super Fang|p1a: Kibo\n|-damage|p1a: Kibo|51\/100\n|move|p1a: Kibo|Calm Mind|p1a: Kibo\n|-boost|p1a: Kibo|spa|1\n|-boost|p1a: Kibo|spd|1\n|move|p2b: Wyrdeer|Psyshield Bash|p1b: Degrease\n|-supereffective|p1b: Degrease\n|-damage|p1b: Degrease|0 fnt\n|-boost|p2b: Wyrdeer|def|1\n|faint|p1b: Degrease\n|\n|-weather|SunnyDay|[upkeep]\n|upkeep\n|turn|13\n|\n|t:|1700325802\n|-terastallize|p1a: Kibo|Fire\n|move|p2a: Scovillain|Super Fang|p1a: Kibo\n|-damage|p1a: Kibo|26\/100\n|move|p1a: Kibo|Heat Wave|p2a: Scovillain|[spread] p2a,p2b\n|-damage|p2a: Scovillain|0 fnt\n|-damage|p2b: Wyrdeer|0 fnt\n|faint|p2a: Scovillain\n|faint|p2b: Wyrdeer\n|\n|-weather|SunnyDay|[upkeep]\n|upkeep\n|\n|t:|1700325811\n|switch|p2a: Torkoal|Torkoal, F|100\/100 slp\n|switch|p2b: Trevenant|Trevenant, F|100\/100\n|turn|14\n|\n|t:|1700325826\n|cant|p2a: Torkoal|slp\n|move|p1a: Kibo|Heat Wave|p2b: Trevenant|[spread] p2a,p2b\n|-resisted|p2a: Torkoal\n|-supereffective|p2b: Trevenant\n|-damage|p2a: Torkoal|54\/100 slp\n|-damage|p2b: Trevenant|0 fnt\n|faint|p2b: Trevenant\n|\n|-weather|SunnyDay|[upkeep]\n|upkeep\n|turn|15\n|\n|t:|1700325836\n|cant|p2a: Torkoal|slp\n|move|p1a: Kibo|Heat Wave|p2a: Torkoal\n|-resisted|p2a: Torkoal\n|-damage|p2a: Torkoal|0 fnt\n|faint|p2a: Torkoal\n|\n|win|Xitzel\n|raw|Xitzel's rating: 1086 &rarr; <strong>1113<\/strong><br \/>(+27 for winning)\n|raw|Smol123's rating: 1090 &rarr; <strong>1066<\/strong><br \/>(-24 for losing)\n|l|\u2606Smol123\n|c|\u2606Xitzel|Gg\n","uploadtime":1700325849,"views":12,"p1id":"xitzel","p2id":"smol123","formatid":"gen9doublesou","rating":1066,"private":0,"password":""}