{"id":"gen9doublesou-1976289561","p1":"toaduniversity9","p2":"McGamer123","format":"[Gen 9] Doubles OU","log":"|j|\u2606toaduniversity9\n|j|\u2606McGamer123\n|t:|1698282764\n|gametype|doubles\n|player|p1|toaduniversity9|102|1215\n|player|p2|McGamer123|red|1198\n|teamsize|p1|6\n|teamsize|p2|6\n|gen|9\n|tier|[Gen 9] Doubles OU\n|rated|\n|rule|Species Clause: Limit one of each Pok\u00e9mon\n|rule|OHKO Clause: OHKO moves are banned\n|rule|Evasion Moves Clause: Evasion moves are banned\n|rule|Gravity Sleep Clause: The combination of sleep-inducing moves with imperfect accuracy and Gravity or Gigantamax Orbeetle are banned\n|rule|Endless Battle Clause: Forcing endless battles is banned\n|rule|HP Percentage Mod: HP is shown in percentages\n|clearpoke\n|poke|p1|Cresselia, F|\n|poke|p1|Crabominable, F|\n|poke|p1|Mudsdale, F|\n|poke|p1|Ampharos, M|\n|poke|p1|Farigiraf, F|\n|poke|p1|Diancie|\n|poke|p2|Ursaluna, M|\n|poke|p2|Skeledirge, M|\n|poke|p2|Empoleon, F|\n|poke|p2|Goodra-Hisui, M|\n|poke|p2|Iron Hands|\n|poke|p2|Cresselia, F|\n|teampreview\n|inactive|Battle timer is ON: inactive players will automatically lose when time's up. (requested by McGamer123)\n|inactive|toaduniversity9 has 120 seconds left.\n|\n|t:|1698282797\n|start\n|switch|p1a: Cresselia|Cresselia, F|100\/100\n|switch|p1b: Mudsdale|Mudsdale, F|100\/100\n|switch|p2a: Cresselia|Cresselia, F|100\/100\n|switch|p2b: Iron Hands|Iron Hands|100\/100\n|-enditem|p2b: Iron Hands|Booster Energy\n|-activate|p2b: Iron Hands|ability: Quark Drive|[fromitem]\n|-start|p2b: Iron Hands|quarkdriveatk\n|turn|1\n|\n|t:|1698282814\n|move|p2b: Iron Hands|Fake Out|p1b: Mudsdale\n|-damage|p1b: Mudsdale|83\/100\n|-ability|p1b: Mudsdale|Stamina|boost\n|-boost|p1b: Mudsdale|def|1\n|move|p1a: Cresselia|Psyshock|p2b: Iron Hands\n|-supereffective|p2b: Iron Hands\n|-damage|p2b: Iron Hands|62\/100\n|cant|p1b: Mudsdale|flinch\n|move|p2a: Cresselia|Trick Room|p2a: Cresselia\n|-fieldstart|move: Trick Room|[of] p2a: Cresselia\n|\n|-heal|p1b: Mudsdale|90\/100|[from] item: Leftovers\n|upkeep\n|turn|2\n|\n|t:|1698282836\n|move|p1b: Mudsdale|Earthquake|p2b: Iron Hands|[spread] p2b\n|-immune|p1a: Cresselia|[from] ability: Levitate\n|-immune|p2a: Cresselia|[from] ability: Levitate\n|-supereffective|p2b: Iron Hands\n|-damage|p2b: Iron Hands|13\/100\n|move|p2b: Iron Hands|Close Combat|p1b: Mudsdale\n|-damage|p1b: Mudsdale|34\/100\n|-unboost|p2b: Iron Hands|def|1\n|-unboost|p2b: Iron Hands|spd|1\n|-ability|p1b: Mudsdale|Stamina|boost\n|-boost|p1b: Mudsdale|def|1\n|move|p1a: Cresselia|Psyshock|p2b: Iron Hands\n|-supereffective|p2b: Iron Hands\n|-damage|p2b: Iron Hands|0 fnt\n|faint|p2b: Iron Hands\n|-end|p2b: Iron Hands|Quark Drive|[silent]\n|move|p2a: Cresselia|Dazzling Gleam|p1b: Mudsdale|[spread] p1a,p1b\n|-damage|p1a: Cresselia|89\/100\n|-damage|p1b: Mudsdale|20\/100\n|-ability|p1b: Mudsdale|Stamina|boost\n|-boost|p1b: Mudsdale|def|1\n|\n|-heal|p1b: Mudsdale|26\/100|[from] item: Leftovers\n|-heal|p1a: Cresselia|95\/100|[from] item: Leftovers\n|upkeep\n|inactive|McGamer123 has 120 seconds left.\n|\n|t:|1698282856\n|switch|p2b: Goodra|Goodra-Hisui, M|100\/100\n|turn|3\n|\n|t:|1698282882\n|move|p1b: Mudsdale|Body Press|p2b: Goodra\n|-supereffective|p2b: Goodra\n|-damage|p2b: Goodra|16\/100\n|-ability|p2b: Goodra|Gooey\n|-unboost|p1b: Mudsdale|spe|1\n|move|p2b: Goodra|Dragon Pulse|p1a: Cresselia\n|-damage|p1a: Cresselia|65\/100\n|move|p2a: Cresselia|Dazzling Gleam|p1b: Mudsdale|[spread] p1a,p1b\n|-damage|p1a: Cresselia|54\/100\n|-damage|p1b: Mudsdale|10\/100\n|-ability|p1b: Mudsdale|Stamina|boost\n|-boost|p1b: Mudsdale|def|1\n|move|p1a: Cresselia|Moonblast|p2b: Goodra\n|-damage|p2b: Goodra|5\/100\n|\n|-heal|p1b: Mudsdale|16\/100|[from] item: Leftovers\n|-heal|p1a: Cresselia|60\/100|[from] item: Leftovers\n|upkeep\n|turn|4\n|\n|t:|1698282912\n|move|p1b: Mudsdale|Earthquake|p2b: Goodra|[spread] p2b\n|-immune|p1a: Cresselia|[from] ability: Levitate\n|-immune|p2a: Cresselia|[from] ability: Levitate\n|-supereffective|p2b: Goodra\n|-damage|p2b: Goodra|0 fnt\n|faint|p2b: Goodra\n|move|p2a: Cresselia|Psychic|p1b: Mudsdale\n|-damage|p1b: Mudsdale|0 fnt\n|faint|p1b: Mudsdale\n|move|p1a: Cresselia|Moonblast|p2a: Cresselia\n|-damage|p2a: Cresselia|83\/100\n|\n|-heal|p1a: Cresselia|66\/100|[from] item: Leftovers\n|upkeep\n|\n|t:|1698282932\n|switch|p1b: Crabominable|Crabominable, F|100\/100\n|switch|p2b: Ursaluna|Ursaluna, M|100\/100\n|turn|5\n|\n|t:|1698282952\n|move|p2b: Ursaluna|Protect|p2b: Ursaluna\n|-singleturn|p2b: Ursaluna|Protect\n|move|p1b: Crabominable|Ice Hammer|p2b: Ursaluna\n|-activate|p2b: Ursaluna|move: Protect\n|move|p1a: Cresselia|Moonblast|p2a: Cresselia\n|-damage|p2a: Cresselia|67\/100\n|move|p2a: Cresselia|Psychic|p1b: Crabominable\n|-supereffective|p1b: Crabominable\n|-damage|p1b: Crabominable|21\/100\n|\n|-heal|p1b: Crabominable|27\/100|[from] item: Leftovers\n|-heal|p1a: Cresselia|72\/100|[from] item: Leftovers\n|-fieldend|move: Trick Room\n|-status|p2b: Ursaluna|brn|[from] item: Flame Orb\n|upkeep\n|turn|6\n|inactive|toaduniversity9 has 120 seconds left.\n|inactive|toaduniversity9 has 90 seconds left.\n|\n|t:|1698283025\n|move|p1a: Cresselia|Psyshock|p2b: Ursaluna\n|-damage|p2b: Ursaluna|78\/100 brn\n|move|p2b: Ursaluna|Facade|p1b: Crabominable\n|-damage|p1b: Crabominable|0 fnt\n|faint|p1b: Crabominable\n|move|p2a: Cresselia|Trick Room|p2a: Cresselia\n|-fieldstart|move: Trick Room|[of] p2a: Cresselia\n|\n|-heal|p1a: Cresselia|78\/100|[from] item: Leftovers\n|-damage|p2b: Ursaluna|72\/100 brn|[from] brn\n|upkeep\n|\n|t:|1698283049\n|switch|p1b: Diancie|Diancie|100\/100\n|turn|7\n|\n|t:|1698283078\n|move|p2b: Ursaluna|Facade|p1a: Cresselia\n|-damage|p1a: Cresselia|0 fnt\n|faint|p1a: Cresselia\n|move|p1b: Diancie|Moonblast|p2b: Ursaluna\n|-damage|p2b: Ursaluna|31\/100 brn\n|move|p2a: Cresselia|Psychic|p1b: Diancie\n|-damage|p1b: Diancie|74\/100\n|\n|-heal|p1b: Diancie|80\/100|[from] item: Leftovers\n|-damage|p2b: Ursaluna|24\/100 brn|[from] brn\n|upkeep\n|inactive|toaduniversity9 has 60 seconds left.\n|\n|t:|1698283091\n|switch|p1a: Farigiraf|Farigiraf, F|100\/100\n|turn|8\n|\n|t:|1698283109\n|move|p1a: Farigiraf|Ally Switch|p1a: Farigiraf\n|swap|p1a: Farigiraf|1|[from] move: Ally Switch\n|move|p2b: Ursaluna|Earthquake|p1a: Diancie|[spread] p1a,p1b\n|-immune|p2a: Cresselia|[from] ability: Levitate\n|-supereffective|p1a: Diancie\n|-damage|p1a: Diancie|0 fnt\n|-damage|p1b: Farigiraf|32\/100\n|faint|p1a: Diancie\n|move|p2a: Cresselia|Confuse Ray|p1b: Farigiraf\n|-start|p1b: Farigiraf|confusion\n|\n|-heal|p1b: Farigiraf|38\/100|[from] item: Leftovers\n|-damage|p2b: Ursaluna|18\/100 brn|[from] brn\n|upkeep\n|\n|t:|1698283127\n|switch|p1a: Ampharos|Ampharos, M|100\/100\n|turn|9\n|\n|t:|1698283142\n|-terastallize|p1a: Ampharos|Electric\n|move|p2b: Ursaluna|Earthquake|p1a: Ampharos|[spread] p1a,p1b\n|-immune|p2a: Cresselia|[from] ability: Levitate\n|-supereffective|p1a: Ampharos\n|-damage|p1a: Ampharos|0 fnt\n|-damage|p1b: Farigiraf|0 fnt\n|faint|p1a: Ampharos\n|faint|p1b: Farigiraf\n|\n|win|McGamer123\n|raw|toaduniversity9's rating: 1215 &rarr; <strong>1189<\/strong><br \/>(-26 for losing)\n|raw|McGamer123's rating: 1198 &rarr; <strong>1224<\/strong><br \/>(+26 for winning)\n|l|\u2606toaduniversity9\n|l|\u2606McGamer123\n|j|\u2606McGamer123\n|player|p2|McGamer123|red\n","uploadtime":1698283157,"views":10,"p1id":"toaduniversity9","p2id":"mcgamer123","formatid":"gen9doublesou","rating":1189,"private":0,"password":""}