{"id":"gen9doublesou-1987699775","p1":"StyCat","p2":"Martin80","format":"[Gen 9] Doubles OU","log":"|j|\u2606StyCat\n|j|\u2606Martin80\n|t:|1699628894\n|gametype|doubles\n|player|p1|StyCat|maid|1070\n|player|p2|Martin80|steven|1123\n|teamsize|p1|6\n|teamsize|p2|6\n|gen|9\n|tier|[Gen 9] Doubles OU\n|rated|\n|rule|Species Clause: Limit one of each Pok\u00e9mon\n|rule|OHKO Clause: OHKO moves are banned\n|rule|Evasion Moves Clause: Evasion moves are banned\n|rule|Gravity Sleep Clause: The combination of sleep-inducing moves with imperfect accuracy and Gravity or Gigantamax Orbeetle are banned\n|rule|Endless Battle Clause: Forcing endless battles is banned\n|rule|HP Percentage Mod: HP is shown in percentages\n|clearpoke\n|poke|p1|Infernape, F|\n|poke|p1|Milotic, M|\n|poke|p1|Grimmsnarl, M|\n|poke|p1|Gliscor, M|\n|poke|p1|Farigiraf, F|\n|poke|p1|Clefable, F|\n|poke|p2|Garganacl, F|\n|poke|p2|Tinkaton, F|\n|poke|p2|Lokix, F|\n|poke|p2|Quaquaval, F|\n|poke|p2|Arboliva, F|\n|poke|p2|Ceruledge, F|\n|teampreview\n|\n|t:|1699628921\n|start\n|switch|p1a: Grimmsnarl|Grimmsnarl, M|100\/100\n|switch|p1b: Gliscor|Gliscor, M, shiny|100\/100\n|switch|p2a: Golemcita|Garganacl, F, shiny|100\/100\n|switch|p2b: Tinkaton|Tinkaton, F, shiny|100\/100\n|-ability|p2b: Tinkaton|Mold Breaker\n|turn|1\n|inactive|Battle timer is ON: inactive players will automatically lose when time's up. (requested by Martin80)\n|\n|t:|1699628938\n|move|p2b: Tinkaton|Fake Out|p1b: Gliscor\n|-damage|p1b: Gliscor|93\/100\n|move|p1a: Grimmsnarl|Fake Out|p2b: Tinkaton\n|-resisted|p2b: Tinkaton\n|-crit|p2b: Tinkaton\n|-damage|p2b: Tinkaton|92\/100\n|cant|p1b: Gliscor|flinch\n|move|p2a: Golemcita|Curse|p2a: Golemcita\n|-unboost|p2a: Golemcita|spe|1\n|-boost|p2a: Golemcita|atk|1\n|-boost|p2a: Golemcita|def|1\n|\n|-heal|p2b: Tinkaton|98\/100|[from] item: Leftovers\n|-status|p1b: Gliscor|tox|[from] item: Toxic Orb\n|upkeep\n|turn|2\n|\n|t:|1699628959\n|switch|p2b: Arboliva|Arboliva, F, shiny|100\/100\n|move|p1a: Grimmsnarl|Reflect|p1a: Grimmsnarl\n|-sidestart|p1: StyCat|Reflect\n|move|p1b: Gliscor|Swords Dance|p1b: Gliscor\n|-boost|p1b: Gliscor|atk|2\n|move|p2a: Golemcita|Curse|p2a: Golemcita\n|-unboost|p2a: Golemcita|spe|1\n|-boost|p2a: Golemcita|atk|1\n|-boost|p2a: Golemcita|def|1\n|\n|-heal|p1b: Gliscor|100\/100 tox|[from] ability: Poison Heal\n|upkeep\n|turn|3\n|\n|t:|1699628974\n|switch|p1a: Clefable|Clefable, F|100\/100\n|move|p1b: Gliscor|Protect|p1b: Gliscor\n|-singleturn|p1b: Gliscor|Protect\n|move|p2b: Arboliva|Dazzling Gleam|p1b: Gliscor|[spread] p1a\n|-activate|p1b: Gliscor|move: Protect\n|-damage|p1a: Clefable|85\/100\n|move|p2a: Golemcita|Salt Cure|p1b: Gliscor\n|-activate|p1b: Gliscor|move: Protect\n|\n|-heal|p1a: Clefable|91\/100|[from] item: Leftovers\n|upkeep\n|turn|4\n|\n|t:|1699628995\n|-terastallize|p1b: Gliscor|Ground\n|move|p1b: Gliscor|Tera Blast|p2a: Golemcita|[anim] Tera Blast Ground\n|-supereffective|p2a: Golemcita\n|-damage|p2a: Golemcita|44\/100\n|move|p1a: Clefable|Cosmic Power|p1a: Clefable\n|-boost|p1a: Clefable|def|1\n|-boost|p1a: Clefable|spd|1\n|move|p2b: Arboliva|Leech Seed|p1a: Clefable|[miss]\n|-miss|p2b: Arboliva|p1a: Clefable\n|move|p2a: Golemcita|Salt Cure|p1b: Gliscor\n|-resisted|p1b: Gliscor\n|-damage|p1b: Gliscor|93\/100 tox\n|-start|p1b: Gliscor|Salt Cure\n|\n|-heal|p1a: Clefable|97\/100|[from] item: Leftovers\n|-heal|p2a: Golemcita|50\/100|[from] item: Leftovers\n|-heal|p1b: Gliscor|100\/100 tox|[from] ability: Poison Heal\n|-damage|p1b: Gliscor|88\/100 tox|[from] Salt Cure\n|upkeep\n|turn|5\n|\n|t:|1699629019\n|move|p1b: Gliscor|Tera Blast|p2b: Arboliva|[anim] Tera Blast Ground\n|-resisted|p2b: Arboliva\n|-damage|p2b: Arboliva|58\/100\n|-fieldstart|move: Grassy Terrain|[from] ability: Seed Sower|[of] p2b: Arboliva\n|move|p1a: Clefable|Cosmic Power|p1a: Clefable\n|-boost|p1a: Clefable|def|1\n|-boost|p1a: Clefable|spd|1\n|move|p2b: Arboliva|Leech Seed|p1a: Clefable\n|-start|p1a: Clefable|move: Leech Seed\n|move|p2a: Golemcita|Recover|p2a: Golemcita\n|-heal|p2a: Golemcita|99\/100\n|\n|-heal|p1b: Gliscor|94\/100 tox|[from] Grassy Terrain\n|-heal|p1a: Clefable|100\/100|[from] Grassy Terrain\n|-heal|p2b: Arboliva|64\/100|[from] Grassy Terrain\n|-heal|p2b: Arboliva|70\/100|[from] item: Leftovers\n|-heal|p2a: Golemcita|100\/100|[from] Grassy Terrain\n|-damage|p1a: Clefable|88\/100|[from] Leech Seed|[of] p2b: Arboliva\n|-heal|p2b: Arboliva|84\/100|[silent]\n|-heal|p1b: Gliscor|100\/100 tox|[from] ability: Poison Heal\n|-damage|p1b: Gliscor|88\/100 tox|[from] Salt Cure\n|upkeep\n|turn|6\n|\n|t:|1699629044\n|move|p1b: Gliscor|Tera Blast|p2b: Arboliva|[anim] Tera Blast Ground\n|-resisted|p2b: Arboliva\n|-damage|p2b: Arboliva|41\/100\n|move|p1a: Clefable|Stored Power|p2b: Arboliva\n|-damage|p2b: Arboliva|24\/100\n|move|p2b: Arboliva|Leech Seed|p1b: Gliscor\n|-start|p1b: Gliscor|move: Leech Seed\n|move|p2a: Golemcita|Curse|p2a: Golemcita\n|-unboost|p2a: Golemcita|spe|1\n|-boost|p2a: Golemcita|atk|1\n|-boost|p2a: Golemcita|def|1\n|\n|-heal|p1b: Gliscor|94\/100 tox|[from] Grassy Terrain\n|-heal|p1a: Clefable|94\/100|[from] Grassy Terrain\n|-heal|p1a: Clefable|99\/100|[from] item: Leftovers\n|-heal|p2b: Arboliva|30\/100|[from] Grassy Terrain\n|-heal|p2b: Arboliva|36\/100|[from] item: Leftovers\n|-damage|p1b: Gliscor|82\/100 tox|[from] Leech Seed|[of] p2b: Arboliva\n|-heal|p2b: Arboliva|46\/100|[silent]\n|-damage|p1a: Clefable|88\/100|[from] Leech Seed|[of] p2b: Arboliva\n|-heal|p2b: Arboliva|59\/100|[silent]\n|-heal|p1b: Gliscor|94\/100 tox|[from] ability: Poison Heal\n|-damage|p1b: Gliscor|82\/100 tox|[from] Salt Cure\n|-sideend|p1: StyCat|Reflect\n|upkeep\n|turn|7\n|inactive|Martin80 has 120 seconds left.\n|\n|t:|1699629075\n|move|p2b: Arboliva|Protect|p2b: Arboliva\n|-singleturn|p2b: Arboliva|Protect\n|move|p1b: Gliscor|Tera Blast|p2a: Golemcita|[anim] Tera Blast Ground\n|-supereffective|p2a: Golemcita\n|-damage|p2a: Golemcita|56\/100\n|move|p1a: Clefable|Stored Power|p2a: Golemcita\n|-damage|p2a: Golemcita|39\/100\n|move|p2a: Golemcita|Salt Cure|p1a: Clefable\n|-damage|p1a: Clefable|82\/100\n|-start|p1a: Clefable|Salt Cure\n|\n|-heal|p1b: Gliscor|88\/100 tox|[from] Grassy Terrain\n|-heal|p1a: Clefable|89\/100|[from] Grassy Terrain\n|-heal|p1a: Clefable|95\/100|[from] item: Leftovers\n|-heal|p2b: Arboliva|65\/100|[from] Grassy Terrain\n|-heal|p2b: Arboliva|72\/100|[from] item: Leftovers\n|-heal|p2a: Golemcita|45\/100|[from] Grassy Terrain\n|-heal|p2a: Golemcita|51\/100|[from] item: Leftovers\n|-damage|p1b: Gliscor|76\/100 tox|[from] Leech Seed|[of] p2b: Arboliva\n|-heal|p2b: Arboliva|82\/100|[silent]\n|-damage|p1a: Clefable|82\/100|[from] Leech Seed|[of] p2b: Arboliva\n|-heal|p2b: Arboliva|95\/100|[silent]\n|-heal|p1b: Gliscor|88\/100 tox|[from] ability: Poison Heal\n|-damage|p1b: Gliscor|76\/100 tox|[from] Salt Cure\n|-damage|p1a: Clefable|70\/100|[from] Salt Cure\n|upkeep\n|turn|8\n|inactive|Martin80 has 120 seconds left.\n|\n|t:|1699629109\n|switch|p1b: Farigiraf|Farigiraf, F|100\/100\n|switch|p1a: Infernape|Infernape, F|100\/100\n|switch|p2a: Bichota|Lokix, F, shiny|100\/100\n|move|p2b: Arboliva|Giga Drain|p1b: Farigiraf\n|-damage|p1b: Farigiraf|55\/100\n|-heal|p2b: Arboliva|100\/100|[from] drain|[of] p1b: Farigiraf\n|\n|-heal|p1b: Farigiraf|61\/100|[from] Grassy Terrain\n|-heal|p1b: Farigiraf|67\/100|[from] item: Leftovers\n|upkeep\n|turn|9\n|\n|t:|1699629126\n|move|p1a: Infernape|Fake Out|p2b: Arboliva\n|-damage|p2b: Arboliva|87\/100\n|-damage|p1a: Infernape|91\/100|[from] item: Life Orb\n|move|p2a: Bichota|U-turn|p1b: Farigiraf\n|-supereffective|p1b: Farigiraf\n|-damage|p1b: Farigiraf|0 fnt\n|faint|p1b: Farigiraf\n|\n|t:|1699629135\n|switch|p2a: Ceruledge|Ceruledge, F, shiny|100\/100|[from] U-turn\n|cant|p2b: Arboliva|flinch\n|\n|-heal|p1a: Infernape|97\/100|[from] Grassy Terrain\n|-heal|p2b: Arboliva|93\/100|[from] Grassy Terrain\n|-heal|p2b: Arboliva|99\/100|[from] item: Leftovers\n|-fieldend|move: Grassy Terrain\n|upkeep\n|\n|t:|1699629144\n|switch|p1b: Milotic|Milotic, M|100\/100\n|turn|10\n|\n|t:|1699629155\n|move|p1a: Infernape|Protect|p1a: Infernape\n|-singleturn|p1a: Infernape|Protect\n|move|p2a: Ceruledge|Protect|p2a: Ceruledge\n|-singleturn|p2a: Ceruledge|Protect\n|move|p1b: Milotic|Icy Wind|p2a: Ceruledge|[spread] p2b\n|-activate|p2a: Ceruledge|move: Protect\n|-supereffective|p2b: Arboliva\n|-damage|p2b: Arboliva|79\/100\n|-unboost|p2b: Arboliva|spe|1\n|-fieldstart|move: Grassy Terrain|[from] ability: Seed Sower|[of] p2b: Arboliva\n|move|p2b: Arboliva|Giga Drain|p1b: Milotic\n|-supereffective|p1b: Milotic\n|-damage|p1b: Milotic|38\/100\n|-heal|p2b: Arboliva|100\/100|[from] drain|[of] p1b: Milotic\n|\n|-heal|p1a: Infernape|100\/100|[from] Grassy Terrain\n|-heal|p1b: Milotic|45\/100|[from] Grassy Terrain\n|-heal|p1b: Milotic|51\/100|[from] item: Leftovers\n|upkeep\n|turn|11\n|\n|t:|1699629180\n|move|p1b: Milotic|Protect|p1b: Milotic\n|-singleturn|p1b: Milotic|Protect\n|move|p1a: Infernape|Fire Punch|p2b: Arboliva\n|-supereffective|p2b: Arboliva\n|-damage|p2b: Arboliva|7\/100\n|-damage|p1a: Infernape|91\/100|[from] item: Life Orb\n|move|p2a: Ceruledge|Swords Dance|p2a: Ceruledge\n|-boost|p2a: Ceruledge|atk|2\n|move|p2b: Arboliva|Giga Drain|p1b: Milotic\n|-activate|p1b: Milotic|move: Protect\n|\n|-heal|p1a: Infernape|97\/100|[from] Grassy Terrain\n|-heal|p1b: Milotic|57\/100|[from] Grassy Terrain\n|-heal|p1b: Milotic|63\/100|[from] item: Leftovers\n|-heal|p2b: Arboliva|14\/100|[from] Grassy Terrain\n|-heal|p2b: Arboliva|20\/100|[from] item: Leftovers\n|upkeep\n|turn|12\n|\n|t:|1699629206\n|move|p2b: Arboliva|Protect|p2b: Arboliva\n|-singleturn|p2b: Arboliva|Protect\n|move|p2a: Ceruledge|Shadow Sneak|p1a: Infernape\n|-damage|p1a: Infernape|32\/100\n|move|p1a: Infernape|Poison Jab|p2b: Arboliva\n|-activate|p2b: Arboliva|move: Protect\n|move|p1b: Milotic|Scald|p2a: Ceruledge\n|-supereffective|p2a: Ceruledge\n|-damage|p2a: Ceruledge|26\/100\n|-enditem|p2a: Ceruledge|Weakness Policy\n|-boost|p2a: Ceruledge|atk|2|[from] item: Weakness Policy\n|-boost|p2a: Ceruledge|spa|2|[from] item: Weakness Policy\n|\n|-heal|p1a: Infernape|38\/100|[from] Grassy Terrain\n|-heal|p2a: Ceruledge|32\/100|[from] Grassy Terrain\n|-heal|p1b: Milotic|69\/100|[from] Grassy Terrain\n|-heal|p1b: Milotic|75\/100|[from] item: Leftovers\n|-heal|p2b: Arboliva|26\/100|[from] Grassy Terrain\n|-heal|p2b: Arboliva|32\/100|[from] item: Leftovers\n|upkeep\n|turn|13\n|inactive|StyCat has 120 seconds left.\n|\n|t:|1699629238\n|switch|p2b: Jolyne|Quaquaval, F, shiny|100\/100\n|move|p1b: Milotic|Protect|p1b: Milotic\n|-singleturn|p1b: Milotic|Protect\n|move|p1a: Infernape|Poison Jab|p2a: Ceruledge\n|-resisted|p2a: Ceruledge\n|-damage|p2a: Ceruledge|13\/100\n|-ability|p2a: Ceruledge|Weak Armor|boost\n|-unboost|p2a: Ceruledge|def|1\n|-boost|p2a: Ceruledge|spe|2\n|-damage|p1a: Infernape|28\/100|[from] item: Life Orb\n|move|p2a: Ceruledge|Bitter Blade|p1b: Milotic\n|-activate|p1b: Milotic|move: Protect\n|\n|-heal|p2a: Ceruledge|19\/100|[from] Grassy Terrain\n|-heal|p1a: Infernape|35\/100|[from] Grassy Terrain\n|-heal|p1b: Milotic|82\/100|[from] Grassy Terrain\n|-heal|p1b: Milotic|88\/100|[from] item: Leftovers\n|upkeep\n|turn|14\n|inactive|StyCat has 120 seconds left.\n|\n|t:|1699629270\n|switch|p1a: Grimmsnarl|Grimmsnarl, M|100\/100\n|move|p2a: Ceruledge|Bitter Blade|p1b: Milotic\n|-resisted|p1b: Milotic\n|-damage|p1b: Milotic|2\/100\n|-heal|p2a: Ceruledge|66\/100|[from] drain|[of] p1b: Milotic\n|move|p2b: Jolyne|Aqua Step|p1a: Grimmsnarl\n|-damage|p1a: Grimmsnarl|45\/100\n|-boost|p2b: Jolyne|spe|1\n|move|p1b: Milotic|Scald|p2a: Ceruledge\n|-supereffective|p2a: Ceruledge\n|-damage|p2a: Ceruledge|0 fnt\n|faint|p2a: Ceruledge\n|\n|-heal|p1a: Grimmsnarl|51\/100|[from] Grassy Terrain\n|-heal|p1a: Grimmsnarl|57\/100|[from] item: Leftovers\n|-heal|p1b: Milotic|8\/100|[from] Grassy Terrain\n|-heal|p1b: Milotic|14\/100|[from] item: Leftovers\n|-fieldend|move: Grassy Terrain\n|upkeep\n|inactive|Martin80 has 120 seconds left.\n|\n|t:|1699629290\n|switch|p2a: Tinkaton|Tinkaton, F, shiny|98\/100\n|-ability|p2a: Tinkaton|Mold Breaker\n|turn|15\n|\n|t:|1699629304\n|move|p2a: Tinkaton|Helping Hand|p2b: Jolyne\n|-singleturn|p2b: Jolyne|Helping Hand|[of] p2a: Tinkaton\n|move|p1b: Milotic|Protect|p1b: Milotic\n|-singleturn|p1b: Milotic|Protect\n|move|p1a: Grimmsnarl|Fake Out|p2a: Tinkaton\n|-resisted|p2a: Tinkaton\n|-damage|p2a: Tinkaton|92\/100\n|move|p2b: Jolyne|Aqua Step|p1a: Grimmsnarl\n|-damage|p1a: Grimmsnarl|0 fnt\n|-boost|p2b: Jolyne|spe|1\n|faint|p1a: Grimmsnarl\n|-ability|p2b: Jolyne|Moxie|boost\n|-boost|p2b: Jolyne|atk|1\n|\n|-heal|p2a: Tinkaton|98\/100|[from] item: Leftovers\n|-heal|p1b: Milotic|20\/100|[from] item: Leftovers\n|upkeep\n|\n|t:|1699629319\n|switch|p1a: Clefable|Clefable, F|70\/100\n|turn|16\n|\n|t:|1699629332\n|-terastallize|p2b: Jolyne|Water\n|move|p2b: Jolyne|Aqua Step|p1b: Milotic\n|-resisted|p1b: Milotic\n|-damage|p1b: Milotic|0 fnt\n|-boost|p2b: Jolyne|spe|1\n|faint|p1b: Milotic\n|-ability|p2b: Jolyne|Moxie|boost\n|-boost|p2b: Jolyne|atk|1\n|move|p2a: Tinkaton|Gigaton Hammer|p1a: Clefable\n|-supereffective|p1a: Clefable\n|-damage|p1a: Clefable|0 fnt\n|faint|p1a: Clefable\n|\n|-heal|p2a: Tinkaton|100\/100|[from] item: Leftovers\n|upkeep\n|-message|StyCat forfeited.\n|\n|win|Martin80\n|raw|StyCat's rating: 1070 &rarr; <strong>1053<\/strong><br \/>(-17 for losing)\n|raw|Martin80's rating: 1123 &rarr; <strong>1144<\/strong><br \/>(+21 for winning)\n|l|\u2606StyCat\n","uploadtime":1699629346,"views":9,"p1id":"stycat","p2id":"martin80","formatid":"gen9doublesou","rating":1053,"private":0,"password":""}