{"id":"gen9doublesou-1968331033","p1":"bellenguer2","p2":"Traxsu","format":"[Gen 9] Doubles OU","log":"|html|<div class=\"broadcast-blue\"><strong>[Gen 9] Doubles OU is currently suspecting Basculegion & Flutter Mane! For information on how to participate check out the <a href=\"https:\/\/www.smogon.com\/forums\/threads\/np-sv-dou-stage-8-double-trouble.3729153\/\">suspect thread<\/a>.<\/strong><\/div>\n|j|\u2606bellenguer2\n|j|\u2606Traxsu\n|t:|1697406898\n|gametype|doubles\n|player|p1|bellenguer2|265|1132\n|player|p2|Traxsu|169|1247\n|teamsize|p1|6\n|teamsize|p2|6\n|gen|9\n|tier|[Gen 9] Doubles OU\n|rated|\n|rule|Species Clause: Limit one of each Pok\u00e9mon\n|rule|OHKO Clause: OHKO moves are banned\n|rule|Evasion Moves Clause: Evasion moves are banned\n|rule|Gravity Sleep Clause: The combination of sleep-inducing moves with imperfect accuracy and Gravity or Gigantamax Orbeetle are banned\n|rule|Endless Battle Clause: Forcing endless battles is banned\n|rule|HP Percentage Mod: HP is shown in percentages\n|clearpoke\n|poke|p1|Conkeldurr, M|\n|poke|p1|Glastrier|\n|poke|p1|Ursaluna, M|\n|poke|p1|Slowking-Galar, F|\n|poke|p1|Mesprit|\n|poke|p1|Oranguru, M|\n|poke|p2|Chien-Pao|\n|poke|p2|Dragapult, F|\n|poke|p2|Ogerpon-Hearthflame, F|\n|poke|p2|Tornadus, M|\n|poke|p2|Farigiraf, F|\n|poke|p2|Basculegion, M|\n|teampreview\n|\n|t:|1697406910\n|start\n|switch|p1a: Oranguru|Oranguru, M|100\/100\n|switch|p1b: Mesprit|Mesprit|100\/100\n|switch|p2a: Dragapult|Dragapult, F|100\/100\n|switch|p2b: Basculegion|Basculegion, M|100\/100\n|turn|1\n|\n|t:|1697406927\n|move|p2a: Dragapult|Dragon Darts|p1b: Mesprit\n|-damage|p1b: Mesprit|72\/100\n|-anim|p2a: Dragapult|Dragon Darts|p1a: Oranguru\n|-damage|p1a: Oranguru|69\/100\n|move|p2b: Basculegion|Wave Crash|p1b: Mesprit\n|-damage|p1b: Mesprit|7\/100\n|-damage|p2b: Basculegion|80\/100|[from] Recoil\n|move|p1b: Mesprit|U-turn|p2a: Dragapult\n|-resisted|p2a: Dragapult\n|-damage|p2a: Dragapult|88\/100\n|\n|t:|1697406940\n|switch|p1b: Conkeldurr|Conkeldurr, M|100\/100|[from] U-turn\n|move|p1a: Oranguru|Trick Room|p1a: Oranguru\n|-fieldstart|move: Trick Room|[of] p1a: Oranguru\n|\n|-heal|p1a: Oranguru|75\/100|[from] item: Leftovers\n|-status|p1b: Conkeldurr|brn|[from] item: Flame Orb\n|upkeep\n|turn|2\n|\n|t:|1697406960\n|switch|p2a: Farigiraf|Farigiraf, F|100\/100\n|move|p1b: Conkeldurr|Ice Punch|p2a: Farigiraf\n|-damage|p2a: Farigiraf|53\/100\n|-status|p2a: Farigiraf|frz\n|move|p1a: Oranguru|Instruct|p1b: Conkeldurr\n|-singleturn|p1b: Conkeldurr|move: Instruct|[of] p1a: Oranguru\n|move|p1b: Conkeldurr|Ice Punch|p2a: Farigiraf\n|-damage|p2a: Farigiraf|6\/100 frz\n|-enditem|p2a: Farigiraf|Sitrus Berry|[eat]\n|-heal|p2a: Farigiraf|31\/100 frz|[from] item: Sitrus Berry\n|move|p2b: Basculegion|Wave Crash|p1b: Conkeldurr\n|-damage|p1b: Conkeldurr|32\/100 brn\n|-damage|p2b: Basculegion|55\/100|[from] Recoil\n|\n|-heal|p1a: Oranguru|81\/100|[from] item: Leftovers\n|-damage|p1b: Conkeldurr|26\/100 brn|[from] brn\n|upkeep\n|turn|3\n|\n|t:|1697406982\n|move|p1b: Conkeldurr|Thunder Punch|p2b: Basculegion\n|-supereffective|p2b: Basculegion\n|-damage|p2b: Basculegion|0 fnt\n|faint|p2b: Basculegion\n|move|p1a: Oranguru|Instruct|p1b: Conkeldurr\n|-singleturn|p1b: Conkeldurr|move: Instruct|[of] p1a: Oranguru\n|move|p1b: Conkeldurr|Thunder Punch|p2a: Farigiraf\n|-damage|p2a: Farigiraf|0 fnt\n|faint|p2a: Farigiraf\n|\n|-heal|p1a: Oranguru|88\/100|[from] item: Leftovers\n|-damage|p1b: Conkeldurr|20\/100 brn|[from] brn\n|upkeep\n|inactive|Battle timer is ON: inactive players will automatically lose when time's up. (requested by bellenguer2)\n|\n|t:|1697406998\n|switch|p2a: Tornadus|Tornadus, M|100\/100\n|switch|p2b: Ogerpon|Ogerpon-Hearthflame, F|100\/100\n|-ability|p2b: Ogerpon|Mold Breaker\n|turn|4\n|\n|t:|1697407013\n|move|p2a: Tornadus|Taunt|p1a: Oranguru\n|-start|p1a: Oranguru|move: Taunt\n|move|p1b: Conkeldurr|Ice Punch|p2a: Tornadus\n|-supereffective|p2a: Tornadus\n|-enditem|p2a: Tornadus|Focus Sash\n|-damage|p2a: Tornadus|1\/100\n|-status|p2a: Tornadus|frz\n|cant|p1a: Oranguru|move: Taunt|Instruct\n|move|p2b: Ogerpon|Ivy Cudgel|p1b: Conkeldurr\n|-crit|p1b: Conkeldurr\n|-damage|p1b: Conkeldurr|0 fnt\n|faint|p1b: Conkeldurr\n|\n|-heal|p1a: Oranguru|94\/100|[from] item: Leftovers\n|upkeep\n|inactive|bellenguer2 has 120 seconds left.\n|\n|t:|1697407034\n|switch|p1b: Mesprit|Mesprit|7\/100\n|turn|5\n|\n|t:|1697407055\n|switch|p1a: Ursaluna|Ursaluna, M|100\/100\n|move|p2b: Ogerpon|Spiky Shield|p2b: Ogerpon\n|-singleturn|p2b: Ogerpon|move: Protect\n|move|p1b: Mesprit|Knock Off|p2a: Tornadus\n|-damage|p2a: Tornadus|0 fnt\n|faint|p2a: Tornadus\n|\n|-heal|p1b: Mesprit|13\/100|[from] item: Leftovers\n|-fieldend|move: Trick Room\n|-status|p1a: Ursaluna|brn|[from] item: Flame Orb\n|upkeep\n|\n|t:|1697407061\n|switch|p2a: Dragapult|Dragapult, F|88\/100\n|turn|6\n|\n|t:|1697407080\n|switch|p1a: Glastrier|Glastrier|100\/100\n|-terastallize|p2b: Ogerpon|Fire\n|detailschange|p2b: Ogerpon|Ogerpon-Hearthflame-Tera, F, tera:Fire\n|-ability|p2b: Ogerpon|Embody Aspect (Hearthflame)|boost\n|-boost|p2b: Ogerpon|atk|1\n|move|p2a: Dragapult|Dragon Darts|p1b: Mesprit\n|-damage|p1b: Mesprit|0 fnt\n|-anim|p2a: Dragapult|Dragon Darts|p1a: Glastrier\n|-damage|p1a: Glastrier|75\/100\n|faint|p1b: Mesprit\n|move|p2b: Ogerpon|Ivy Cudgel|p1a: Glastrier\n|-supereffective|p1a: Glastrier\n|-damage|p1a: Glastrier|0 fnt\n|faint|p1a: Glastrier\n|\n|upkeep\n|inactive|bellenguer2 has 120 seconds left.\n|\n|t:|1697407101\n|switch|p1b: Oranguru|Oranguru, M|94\/100\n|switch|p1a: Slowking|Slowking-Galar, F|100\/100\n|turn|7\n|\n|t:|1697407112\n|-terastallize|p1a: Slowking|Poison\n|move|p2a: Dragapult|Dragon Darts|p1b: Oranguru\n|-damage|p1b: Oranguru|61\/100\n|-anim|p2a: Dragapult|Dragon Darts|p1a: Slowking\n|-damage|p1a: Slowking|68\/100\n|move|p2b: Ogerpon|Ivy Cudgel|p1b: Oranguru\n|-damage|p1b: Oranguru|0 fnt\n|faint|p1b: Oranguru\n|move|p1a: Slowking|Trick Room|p1a: Slowking\n|-fieldstart|move: Trick Room|[of] p1a: Slowking\n|\n|-heal|p1a: Slowking|74\/100|[from] item: Leftovers\n|upkeep\n|\n|t:|1697407120\n|switch|p1b: Ursaluna|Ursaluna, M|100\/100 brn\n|turn|8\n|\n|t:|1697407132\n|move|p1b: Ursaluna|Headlong Rush|p2a: Dragapult\n|-damage|p2a: Dragapult|0 fnt\n|-unboost|p1b: Ursaluna|def|1\n|-unboost|p1b: Ursaluna|spd|1\n|faint|p2a: Dragapult\n|move|p1a: Slowking|Hydro Pump|p2b: Ogerpon\n|-supereffective|p2b: Ogerpon\n|-damage|p2b: Ogerpon|38\/100\n|move|p2b: Ogerpon|Ivy Cudgel|p1b: Ursaluna\n|-damage|p1b: Ursaluna|0 fnt\n|faint|p1b: Ursaluna\n|\n|-heal|p1a: Slowking|80\/100|[from] item: Leftovers\n|upkeep\n|\n|t:|1697407144\n|switch|p2a: Chien-Pao|Chien-Pao|100\/100\n|-ability|p2a: Chien-Pao|Sword of Ruin\n|turn|9\n|\n|t:|1697407157\n|move|p1a: Slowking|Fire Blast|p2a: Chien-Pao\n|-supereffective|p2a: Chien-Pao\n|-damage|p2a: Chien-Pao|20\/100\n|move|p2b: Ogerpon|Ivy Cudgel|p1a: Slowking\n|-damage|p1a: Slowking|0 fnt\n|faint|p1a: Slowking\n|\n|win|Traxsu\n|raw|bellenguer2's rating: 1132 &rarr; <strong>1115<\/strong><br \/>(-17 for losing)\n|raw|Traxsu's rating: 1247 &rarr; <strong>1264<\/strong><br \/>(+17 for winning)\n|l|\u2606Traxsu\n","uploadtime":1697407168,"views":15,"p1id":"bellenguer2","p2id":"traxsu","formatid":"gen9doublesou","rating":1115,"private":0,"password":""}