{"id":"gen9doublesou-1987978362","p1":"McCraleb","p2":"jordunngalanto","format":"[Gen 9] Doubles OU","log":"|j|\u2606McCraleb\n|j|\u2606jordunngalanto\n|t:|1699655296\n|gametype|doubles\n|player|p1|McCraleb|koga|1078\n|player|p2|jordunngalanto|janitor|1138\n|teamsize|p1|6\n|teamsize|p2|6\n|gen|9\n|tier|[Gen 9] Doubles OU\n|rated|\n|rule|Species Clause: Limit one of each Pok\u00e9mon\n|rule|OHKO Clause: OHKO moves are banned\n|rule|Evasion Moves Clause: Evasion moves are banned\n|rule|Gravity Sleep Clause: The combination of sleep-inducing moves with imperfect accuracy and Gravity or Gigantamax Orbeetle are banned\n|rule|Endless Battle Clause: Forcing endless battles is banned\n|rule|HP Percentage Mod: HP is shown in percentages\n|clearpoke\n|poke|p1|Palafin, F|\n|poke|p1|Dragonite, M|\n|poke|p1|Jumpluff, F|\n|poke|p1|Golduck, F|\n|poke|p1|Torkoal, F|\n|poke|p1|Espeon, F|\n|poke|p2|Eelektross, M|\n|poke|p2|Slowbro-Galar, F|\n|poke|p2|Enamorus, F|\n|poke|p2|Heracross, M|\n|poke|p2|Baxcalibur, M|\n|poke|p2|Typhlosion-Hisui, F|\n|teampreview\n|\n|t:|1699655308\n|start\n|switch|p1a: Ducky|Golduck, F, shiny|100\/100\n|switch|p1b: Catalyst|Dragonite, M|100\/100\n|switch|p2a: Slowbro|Slowbro-Galar, F, shiny|100\/100\n|switch|p2b: Enamorus|Enamorus, F|100\/100\n|turn|1\n|-activate|p2a: Slowbro|item: Quick Claw\n|\n|t:|1699655327\n|-terastallize|p1b: Catalyst|Fire\n|move|p2a: Slowbro|Shell Side Arm|p1a: Ducky|[anim] Shell Side Arm Special\n|-damage|p1a: Ducky|53\/100\n|-hint|Special Shell Side Arm\n|move|p2b: Enamorus|Superpower|p1a: Ducky\n|-damage|p1a: Ducky|12\/100\n|-boost|p2b: Enamorus|atk|1\n|-boost|p2b: Enamorus|def|1\n|move|p1a: Ducky|Simple Beam|p1b: Catalyst\n|-endability|p1b: Catalyst|Multiscale|[from] move: Simple Beam\n|-ability|p1b: Catalyst|Simple|[from] move: Simple Beam\n|move|p1b: Catalyst|Dragon Dance|p1b: Catalyst\n|-boost|p1b: Catalyst|atk|2\n|-boost|p1b: Catalyst|spe|2\n|\n|upkeep\n|turn|2\n|\n|t:|1699655355\n|move|p1a: Ducky|Aqua Jet|p1b: Catalyst\n|-supereffective|p1b: Catalyst\n|-damage|p1b: Catalyst|76\/100\n|-enditem|p1b: Catalyst|Weakness Policy\n|-boost|p1b: Catalyst|atk|4|[from] item: Weakness Policy\n|-boost|p1b: Catalyst|spa|4|[from] item: Weakness Policy\n|move|p1b: Catalyst|Tera Blast|p2b: Enamorus|[anim] Tera Blast Fire\n|-damage|p2b: Enamorus|0 fnt\n|faint|p2b: Enamorus\n|move|p2a: Slowbro|Hydro Pump|p1b: Catalyst\n|-supereffective|p1b: Catalyst\n|-damage|p1b: Catalyst|1\/100\n|\n|upkeep\n|\n|t:|1699655371\n|switch|p2b: Heracross|Heracross, M|100\/100\n|turn|3\n|\n|t:|1699655399\n|move|p1b: Catalyst|Extreme Speed|p2b: Heracross\n|-damage|p2b: Heracross|0 fnt\n|faint|p2b: Heracross\n|move|p1a: Ducky|Psych Up|p1b: Catalyst\n|-copyboost|p1a: Ducky|p1b: Catalyst|[from] move: Psych Up\n|move|p2a: Slowbro|Shell Side Arm|p1b: Catalyst|[anim] Shell Side Arm Special\n|-damage|p1b: Catalyst|0 fnt\n|-hint|Special Shell Side Arm\n|faint|p1b: Catalyst\n|\n|upkeep\n|\n|t:|1699655412\n|switch|p2b: Typhlosion|Typhlosion-Hisui, F|100\/100\n|switch|p1b: Weed Cat|Espeon, F, shiny|100\/100\n|-item|p1a: Ducky|Covert Cloak|[from] ability: Frisk|[of] p2b: Typhlosion|[identify]\n|-item|p1b: Weed Cat|White Herb|[from] ability: Frisk|[of] p2b: Typhlosion|[identify]\n|turn|4\n|-activate|p2a: Slowbro|ability: Quick Draw\n|\n|t:|1699655449\n|move|p1a: Ducky|Aqua Jet|p2b: Typhlosion\n|-supereffective|p2b: Typhlosion\n|-enditem|p2b: Typhlosion|Focus Sash\n|-damage|p2b: Typhlosion|1\/100\n|move|p2a: Slowbro|Shell Side Arm|p1b: Weed Cat|[anim] Shell Side Arm Special\n|-damage|p1b: Weed Cat|40\/100\n|-hint|Special Shell Side Arm\n|move|p1b: Weed Cat|Psych Up|p1a: Ducky\n|-copyboost|p1b: Weed Cat|p1a: Ducky|[from] move: Psych Up\n|move|p2b: Typhlosion|Infernal Parade|p1b: Weed Cat\n|-supereffective|p1b: Weed Cat\n|-damage|p1b: Weed Cat|0 fnt\n|faint|p1b: Weed Cat\n|\n|upkeep\n|\n|t:|1699655465\n|switch|p1b: Metro Man|Palafin, F|100\/100\n|turn|5\n|\n|t:|1699655472\n|move|p2b: Typhlosion|Protect|p2b: Typhlosion\n|-singleturn|p2b: Typhlosion|Protect\n|move|p1b: Metro Man|Aqua Jet|p2b: Typhlosion\n|-activate|p2b: Typhlosion|move: Protect\n|move|p1a: Ducky|Hydro Pump|p2a: Slowbro\n|-damage|p2a: Slowbro|0 fnt\n|faint|p2a: Slowbro\n|\n|upkeep\n|\n|t:|1699655482\n|switch|p2a: Baxcalibur|Baxcalibur, M|100\/100\n|turn|6\n|\n|t:|1699655498\n|detailschange|p1b: Metro Man|Palafin-Hero, F\n|switch|p1b: Turbo|Torkoal, F|100\/100\n|-weather|SunnyDay|[from] ability: Drought|[of] p1b: Turbo\n|move|p1a: Ducky|Aqua Jet|p2b: Typhlosion\n|-supereffective|p2b: Typhlosion\n|-damage|p2b: Typhlosion|0 fnt\n|faint|p2b: Typhlosion\n|move|p2a: Baxcalibur|Ice Shard|p1a: Ducky\n|-resisted|p1a: Ducky\n|-damage|p1a: Ducky|0 fnt\n|faint|p1a: Ducky\n|\n|-weather|SunnyDay|[upkeep]\n|upkeep\n|\n|t:|1699655511\n|switch|p2b: Eelektross|Eelektross, M|100\/100\n|switch|p1a: Dandelion|Jumpluff, F, shiny|100\/100\n|turn|7\n|\n|t:|1699655534\n|move|p2a: Baxcalibur|Ice Shard|p1a: Dandelion\n|-supereffective|p1a: Dandelion\n|-damage|p1a: Dandelion|0 fnt\n|faint|p1a: Dandelion\n|move|p1b: Turbo|Eruption|p2b: Eelektross|[spread] p2a,p2b\n|-crit|p2b: Eelektross\n|-damage|p2a: Baxcalibur|36\/100\n|-damage|p2b: Eelektross|0 fnt\n|-ability|p2a: Baxcalibur|Thermal Exchange|boost\n|-boost|p2a: Baxcalibur|atk|1\n|faint|p2b: Eelektross\n|\n|-weather|SunnyDay|[upkeep]\n|upkeep\n|\n|t:|1699655544\n|switch|p1a: Metro Man|Palafin-Hero, F|100\/100\n|-activate|p1a: Metro Man|ability: Zero to Hero\n|turn|8\n|\n|t:|1699655552\n|move|p1a: Metro Man|Draining Kiss|p2a: Baxcalibur\n|-supereffective|p2a: Baxcalibur\n|-damage|p2a: Baxcalibur|5\/100\n|-enditem|p2a: Baxcalibur|Weakness Policy\n|-boost|p2a: Baxcalibur|atk|2|[from] item: Weakness Policy\n|-boost|p2a: Baxcalibur|spa|2|[from] item: Weakness Policy\n|move|p2a: Baxcalibur|Glaive Rush|p1a: Metro Man\n|-damage|p1a: Metro Man|0 fnt\n|-singlemove|p2a: Baxcalibur|Glaive Rush|[silent]\n|faint|p1a: Metro Man\n|move|p1b: Turbo|Eruption|p2a: Baxcalibur\n|-damage|p2a: Baxcalibur|0 fnt\n|faint|p2a: Baxcalibur\n|\n|win|McCraleb\n|raw|McCraleb's rating: 1078 &rarr; <strong>1111<\/strong><br \/>(+33 for winning)\n|raw|jordunngalanto's rating: 1138 &rarr; <strong>1109<\/strong><br \/>(-29 for losing)\n|l|\u2606jordunngalanto\n","uploadtime":1699655594,"views":6,"p1id":"mccraleb","p2id":"jordunngalanto","formatid":"gen9doublesou","rating":1109,"private":0,"password":""}