{"id":"gen9doublesou-1997963583","p1":"DeltaKnight373","p2":"Happy1912owl","format":"[Gen 9] Doubles OU","log":"|j|\u2606DeltaKnight373\n|j|\u2606Happy1912owl\n|t:|1700872813\n|gametype|doubles\n|player|p1|DeltaKnight373|2|\n|player|p2|Happy1912owl|steven|\n|teamsize|p1|6\n|teamsize|p2|6\n|gen|9\n|tier|[Gen 9] Doubles OU\n|rule|Species Clause: Limit one of each Pok\u00e9mon\n|rule|OHKO Clause: OHKO moves are banned\n|rule|Evasion Moves Clause: Evasion moves are banned\n|rule|Gravity Sleep Clause: The combination of sleep-inducing moves with imperfect accuracy and Gravity or Gigantamax Orbeetle are banned\n|rule|Endless Battle Clause: Forcing endless battles is banned\n|rule|HP Percentage Mod: HP is shown in percentages\n|clearpoke\n|poke|p1|Hydreigon, F|\n|poke|p1|Gyarados, M|\n|poke|p1|Maushold|\n|poke|p1|Skeledirge, F|\n|poke|p1|Flamigo, F|\n|poke|p1|Torterra, F|\n|poke|p2|Dipplin, F|\n|poke|p2|Scovillain, F|\n|poke|p2|Tropius, M|\n|poke|p2|Scream Tail|\n|poke|p2|Farigiraf, M|\n|poke|p2|Azumarill, M|\n|teampreview\n|inactive|Battle timer is ON: inactive players will automatically lose when time's up. (requested by DeltaKnight373)\n|\n|t:|1700872821\n|start\n|switch|p1a: Gyarados|Gyarados, M|100\/100\n|switch|p1b: Maushold|Maushold|100\/100\n|switch|p2a: Flying mower|Tropius, M, shiny|100\/100\n|switch|p2b: Carolina Reaper|Scovillain, F, shiny|100\/100\n|-ability|p1a: Gyarados|Intimidate|boost\n|-unboost|p2a: Flying mower|atk|1\n|-unboost|p2b: Carolina Reaper|atk|1\n|turn|1\n|c|\u2606DeltaKnight373|Glhf!\n|\n|t:|1700872846\n|move|p1b: Maushold|Tidy Up|p1b: Maushold\n|-boost|p1b: Maushold|atk|1\n|-boost|p1b: Maushold|spe|1\n|move|p2b: Carolina Reaper|Fire Fang|p1b: Maushold\n|-damage|p1b: Maushold|81\/100\n|move|p1a: Gyarados|Dragon Dance|p1a: Gyarados\n|-boost|p1a: Gyarados|atk|1\n|-boost|p1a: Gyarados|spe|1\n|move|p2a: Flying mower|Tailwind|p2a: Flying mower\n|-sidestart|p2: Happy1912owl|move: Tailwind\n|\n|upkeep\n|turn|2\n|inactive|DeltaKnight373 has 270 seconds left.\n|\n|t:|1700872878\n|move|p2b: Carolina Reaper|Lash Out|p1b: Maushold\n|-damage|p1b: Maushold|65\/100\n|move|p1b: Maushold|Population Bomb|p2b: Carolina Reaper\n|-damage|p2b: Carolina Reaper|82\/100\n|-damage|p2b: Carolina Reaper|63\/100\n|-damage|p2b: Carolina Reaper|46\/100\n|-damage|p2b: Carolina Reaper|27\/100\n|-damage|p2b: Carolina Reaper|8\/100\n|-damage|p2b: Carolina Reaper|0 fnt\n|faint|p2b: Carolina Reaper\n|-hitcount|p2: Carolina Reaper|6\n|move|p2a: Flying mower|Sunny Day|p2a: Flying mower\n|-weather|SunnyDay\n|move|p1a: Gyarados|Crunch|p2a: Flying mower\n|-damage|p2a: Flying mower|46\/100\n|\n|-weather|SunnyDay|[upkeep]\n|upkeep\n|inactive|Happy1912owl has 270 seconds left.\n|\n|t:|1700872902\n|switch|p2b: Belly rubs please|Azumarill, M, shiny|100\/100\n|turn|3\n|\n|t:|1700872915\n|move|p2a: Flying mower|Giga Drain|p1a: Gyarados\n|-damage|p1a: Gyarados|76\/100\n|-heal|p2a: Flying mower|58\/100|[from] drain|[of] p1a: Gyarados\n|move|p1b: Maushold|Population Bomb|p2b: Belly rubs please\n|-damage|p2b: Belly rubs please|87\/100\n|-damage|p2b: Belly rubs please|73\/100\n|-damage|p2b: Belly rubs please|60\/100\n|-damage|p2b: Belly rubs please|47\/100\n|-damage|p2b: Belly rubs please|34\/100\n|-damage|p2b: Belly rubs please|20\/100\n|-damage|p2b: Belly rubs please|7\/100\n|-damage|p2b: Belly rubs please|0 fnt\n|faint|p2b: Belly rubs please\n|-hitcount|p2: Belly rubs please|8\n|move|p1a: Gyarados|Dragon Dance|p1a: Gyarados\n|-boost|p1a: Gyarados|atk|1\n|-boost|p1a: Gyarados|spe|1\n|\n|-weather|SunnyDay|[upkeep]\n|upkeep\n|inactive|Happy1912owl has 270 seconds left.\n|\n|t:|1700872938\n|switch|p2b: Zombie Happy|Scream Tail, shiny|100\/100\n|-activate|p2b: Zombie Happy|ability: Protosynthesis\n|-start|p2b: Zombie Happy|protosynthesisspd\n|turn|4\n|\n|t:|1700872954\n|move|p2a: Flying mower|Giga Drain|p1a: Gyarados\n|-damage|p1a: Gyarados|49\/100\n|-heal|p2a: Flying mower|71\/100|[from] drain|[of] p1a: Gyarados\n|move|p1b: Maushold|Population Bomb|p2b: Zombie Happy\n|-damage|p2b: Zombie Happy|91\/100\n|-damage|p2b: Zombie Happy|81\/100\n|-damage|p2b: Zombie Happy|71\/100\n|-damage|p2b: Zombie Happy|61\/100\n|-damage|p2b: Zombie Happy|51\/100\n|-damage|p2b: Zombie Happy|41\/100\n|-damage|p2b: Zombie Happy|30\/100\n|-damage|p2b: Zombie Happy|20\/100\n|-damage|p2b: Zombie Happy|9\/100\n|-damage|p2b: Zombie Happy|0 fnt\n|faint|p2b: Zombie Happy\n|-end|p2b: Zombie Happy|Protosynthesis|[silent]\n|-hitcount|p2: Zombie Happy|10\n|move|p1a: Gyarados|Crunch|p2a: Flying mower\n|-crit|p2a: Flying mower\n|-damage|p2a: Flying mower|0 fnt\n|faint|p2a: Flying mower\n|\n|-weather|SunnyDay|[upkeep]\n|-sideend|p2: Happy1912owl|move: Tailwind\n|upkeep\n|inactive|Happy1912owl has 270 seconds left.\n|\n|t:|1700872981\n|switch|p2b: Safari Guardians|Farigiraf, M, shiny|100\/100\n|switch|p2a: Happy\u2019s revenge|Dipplin, F, shiny|100\/100\n|-ability|p2a: Happy\u2019s revenge|Supersweet Syrup\n|-ability|p2a: Happy\u2019s revenge|Supersweet Syrup|boost\n|-unboost|p1a: Gyarados|evasion|1\n|-unboost|p1b: Maushold|evasion|1\n|turn|5\n|inactive|DeltaKnight373 has 270 seconds left.\n|\n|t:|1700873019\n|move|p1b: Maushold|Population Bomb|p2a: Happy\u2019s revenge\n|-damage|p2a: Happy\u2019s revenge|91\/100\n|-damage|p2a: Happy\u2019s revenge|82\/100\n|-damage|p2a: Happy\u2019s revenge|73\/100\n|-damage|p2a: Happy\u2019s revenge|64\/100\n|-damage|p2a: Happy\u2019s revenge|55\/100\n|-damage|p2a: Happy\u2019s revenge|45\/100\n|-damage|p2a: Happy\u2019s revenge|35\/100\n|-damage|p2a: Happy\u2019s revenge|26\/100\n|-damage|p2a: Happy\u2019s revenge|17\/100\n|-damage|p2a: Happy\u2019s revenge|7\/100\n|-hitcount|p2a: Happy\u2019s revenge|10\n|move|p1a: Gyarados|Crunch|p2b: Safari Guardians\n|-supereffective|p2b: Safari Guardians\n|-damage|p2b: Safari Guardians|0 fnt\n|faint|p2b: Safari Guardians\n|move|p2a: Happy\u2019s revenge|Leaf Storm|p1a: Gyarados\n|-damage|p1a: Gyarados|0 fnt\n|-unboost|p2a: Happy\u2019s revenge|spa|2\n|faint|p1a: Gyarados\n|\n|-weather|SunnyDay|[upkeep]\n|-heal|p2a: Happy\u2019s revenge|13\/100|[from] item: Leftovers\n|upkeep\n|\n|t:|1700873046\n|switch|p1a: Flamigo|Flamigo, F|100\/100\n|-copyboost|p1a: Flamigo|p1b: Maushold|[from] ability: Costar\n|-enditem|p1a: Flamigo|White Herb\n|-clearnegativeboost|p1a: Flamigo|[silent]\n|turn|6\n|\n|t:|1700873056\n|move|p1b: Maushold|Population Bomb|p2a: Happy\u2019s revenge\n|-damage|p2a: Happy\u2019s revenge|3\/100\n|-damage|p2a: Happy\u2019s revenge|0 fnt\n|faint|p2a: Happy\u2019s revenge\n|-hitcount|p2: Happy\u2019s revenge|2\n|\n|win|DeltaKnight373\n","uploadtime":1700873064,"views":4,"p1id":"deltaknight373","p2id":"happy1912owl","formatid":"gen9doublesou","rating":0,"private":0,"password":""}