{"id":"gen9doublesou-1983627669","p1":"DJ Luckas","p2":"DoerreKong","format":"[Gen 9] Doubles OU","log":"|j|\u2606DJ Luckas\n|j|\u2606DoerreKong\n|t:|1699151187\n|gametype|doubles\n|player|p1|DJ Luckas|266|1539\n|player|p2|DoerreKong|ltsurge|1638\n|teamsize|p1|6\n|teamsize|p2|6\n|gen|9\n|tier|[Gen 9] Doubles OU\n|rated|\n|rule|Species Clause: Limit one of each Pok\u00e9mon\n|rule|OHKO Clause: OHKO moves are banned\n|rule|Evasion Moves Clause: Evasion moves are banned\n|rule|Gravity Sleep Clause: The combination of sleep-inducing moves with imperfect accuracy and Gravity or Gigantamax Orbeetle are banned\n|rule|Endless Battle Clause: Forcing endless battles is banned\n|rule|HP Percentage Mod: HP is shown in percentages\n|clearpoke\n|poke|p1|Gholdengo|\n|poke|p1|Sneasler, F|\n|poke|p1|Slowking-Galar, M|\n|poke|p1|Meowscarada, F|\n|poke|p1|Moltres-Galar|\n|poke|p1|Inteleon, F|\n|poke|p2|Torkoal, F|\n|poke|p2|Cresselia, F|\n|poke|p2|Diancie|\n|poke|p2|Iron Hands|\n|poke|p2|Amoonguss, F|\n|poke|p2|Dragonite, M|\n|teampreview\n|inactive|Battle timer is ON: inactive players will automatically lose when time's up. (requested by DoerreKong)\n|\n|t:|1699151202\n|start\n|switch|p1a: Sneasler|Sneasler, F|100\/100\n|switch|p1b: Inteleon|Inteleon, F|100\/100\n|switch|p2a: Cresselia|Cresselia, F|100\/100\n|switch|p2b: Iron Hands|Iron Hands|100\/100\n|turn|1\n|j| TGlove\n|\n|t:|1699151222\n|move|p1a: Sneasler|Fake Out|p2a: Cresselia\n|-enditem|p1a: Sneasler|Normal Gem|[from] gem\n|-damage|p2a: Cresselia|89\/100\n|move|p2b: Iron Hands|Fake Out|p1b: Inteleon\n|-crit|p1b: Inteleon\n|-damage|p1b: Inteleon|67\/100\n|cant|p1b: Inteleon|flinch\n|cant|p2a: Cresselia|flinch\n|\n|-heal|p2a: Cresselia|95\/100|[from] item: Leftovers\n|upkeep\n|turn|2\n|\n|t:|1699151241\n|move|p1a: Sneasler|Dire Claw|p2b: Iron Hands\n|-damage|p2b: Iron Hands|80\/100\n|-status|p2b: Iron Hands|slp\n|move|p1b: Inteleon|Snipe Shot|p2b: Iron Hands\n|-damage|p2b: Iron Hands|37\/100 slp\n|-damage|p1b: Inteleon|57\/100|[from] item: Life Orb\n|cant|p2b: Iron Hands|slp\n|move|p2a: Cresselia|Trick Room|p2a: Cresselia\n|-fieldstart|move: Trick Room|[of] p2a: Cresselia\n|\n|-heal|p2b: Iron Hands|43\/100 slp|[from] item: Leftovers\n|-heal|p2a: Cresselia|100\/100|[from] item: Leftovers\n|upkeep\n|turn|3\n|\n|t:|1699151266\n|cant|p2b: Iron Hands|slp\n|move|p2a: Cresselia|Lunar Blessing|p2a: Cresselia|[spread] p2a,p2b\n|-heal|p2b: Iron Hands|68\/100 slp\n|-curestatus|p2b: Iron Hands|slp|[msg]\n|move|p1b: Inteleon|Snipe Shot|p2b: Iron Hands\n|-damage|p2b: Iron Hands|29\/100\n|-damage|p1b: Inteleon|47\/100|[from] item: Life Orb\n|move|p1a: Sneasler|Dire Claw|p2a: Cresselia\n|-damage|p2a: Cresselia|73\/100\n|-status|p2a: Cresselia|psn\n|\n|-heal|p2b: Iron Hands|35\/100|[from] item: Leftovers\n|-heal|p2a: Cresselia|79\/100 psn|[from] item: Leftovers\n|-damage|p2a: Cresselia|66\/100 psn|[from] psn\n|upkeep\n|turn|4\n|\n|t:|1699151286\n|switch|p1b: Slowking|Slowking-Galar, M|100\/100\n|move|p2b: Iron Hands|Thunder Punch|p1b: Slowking\n|-damage|p1b: Slowking|61\/100\n|-status|p1b: Slowking|par\n|move|p2a: Cresselia|Lunar Blessing|p2a: Cresselia|[spread] p2a,p2b\n|-heal|p2a: Cresselia|91\/100 psn\n|-curestatus|p2a: Cresselia|psn|[msg]\n|-heal|p2b: Iron Hands|60\/100\n|move|p1a: Sneasler|Close Combat|p2b: Iron Hands\n|-damage|p2b: Iron Hands|28\/100\n|-unboost|p1a: Sneasler|def|1\n|-unboost|p1a: Sneasler|spd|1\n|\n|-heal|p2b: Iron Hands|35\/100|[from] item: Leftovers\n|-heal|p2a: Cresselia|98\/100|[from] item: Leftovers\n|upkeep\n|turn|5\n|\n|t:|1699151304\n|cant|p1b: Slowking|par\n|move|p2b: Iron Hands|Thunder Punch|p1a: Sneasler\n|-damage|p1a: Sneasler|13\/100\n|move|p2a: Cresselia|Calm Mind|p2a: Cresselia\n|-boost|p2a: Cresselia|spa|1\n|-boost|p2a: Cresselia|spd|1\n|move|p1a: Sneasler|Dire Claw|p2a: Cresselia\n|-damage|p2a: Cresselia|68\/100\n|-status|p2a: Cresselia|par\n|\n|-heal|p2a: Cresselia|75\/100 par|[from] item: Leftovers\n|-heal|p2b: Iron Hands|41\/100|[from] item: Leftovers\n|upkeep\n|turn|6\n|\n|t:|1699151327\n|-end|p2b: Iron Hands|Quark Drive|[silent]\n|switch|p2b: Dragonite|Dragonite, M|100\/100\n|move|p1b: Slowking|Psychic|p2b: Dragonite\n|-damage|p2b: Dragonite|86\/100\n|move|p2a: Cresselia|Lunar Blessing|p2a: Cresselia|[spread] p2a,p2b\n|-heal|p2a: Cresselia|99\/100 par\n|-curestatus|p2a: Cresselia|par|[msg]\n|-heal|p2b: Dragonite|100\/100\n|move|p1a: Sneasler|Dire Claw|p2a: Cresselia\n|-damage|p2a: Cresselia|72\/100\n|-status|p2a: Cresselia|par\n|\n|-heal|p2a: Cresselia|78\/100 par|[from] item: Leftovers\n|-fieldend|move: Trick Room\n|upkeep\n|turn|7\n|\n|t:|1699151349\n|move|p1a: Sneasler|Quick Guard|p1a: Sneasler\n|-singleturn|p1a: Sneasler|Quick Guard\n|move|p2b: Dragonite|Earthquake|p1a: Sneasler|[spread] p1a,p1b\n|-immune|p2a: Cresselia|[from] ability: Levitate\n|-supereffective|p1a: Sneasler\n|-supereffective|p1b: Slowking\n|-damage|p1a: Sneasler|0 fnt\n|-damage|p1b: Slowking|0 fnt\n|faint|p1a: Sneasler\n|faint|p1b: Slowking\n|move|p2a: Cresselia|Trick Room|p2a: Cresselia\n|-fieldstart|move: Trick Room|[of] p2a: Cresselia\n|\n|-heal|p2a: Cresselia|84\/100 par|[from] item: Leftovers\n|upkeep\n|-message|DJ Luckas forfeited.\n|\n|win|DoerreKong\n|raw|DJ Luckas's rating: 1539 &rarr; <strong>1525<\/strong><br \/>(-14 for losing)\n|raw|DoerreKong's rating: 1638 &rarr; <strong>1652<\/strong><br \/>(+14 for winning)\n|l|\u2606DJ Luckas\n","uploadtime":1699151364,"views":12,"p1id":"djluckas","p2id":"doerrekong","formatid":"gen9doublesou","rating":1525,"private":0,"password":""}