{"id":"gen9doublesou-1994429887","p1":"Messy fighter","p2":"sirazurill","format":"[Gen 9] Doubles OU","log":"|j|\u2606Messy fighter\n|j|\u2606sirazurill\n|t:|1700443015\n|gametype|doubles\n|player|p1|Messy fighter|swimmer-gen4dp|1524\n|player|p2|sirazurill|bugcatcher-gen4dp|1768\n|teamsize|p1|6\n|teamsize|p2|6\n|gen|9\n|tier|[Gen 9] Doubles OU\n|rated|\n|rule|Species Clause: Limit one of each Pok\u00e9mon\n|rule|OHKO Clause: OHKO moves are banned\n|rule|Evasion Moves Clause: Evasion moves are banned\n|rule|Gravity Sleep Clause: The combination of sleep-inducing moves with imperfect accuracy and Gravity or Gigantamax Orbeetle are banned\n|rule|Endless Battle Clause: Forcing endless battles is banned\n|rule|HP Percentage Mod: HP is shown in percentages\n|clearpoke\n|poke|p1|Iron Hands|\n|poke|p1|Cresselia, F|\n|poke|p1|Ursaluna-Bloodmoon, M|\n|poke|p1|Roaring Moon|\n|poke|p1|Farigiraf, M|\n|poke|p1|Basculegion-F, F|\n|poke|p2|Kingambit, M|\n|poke|p2|Tornadus, M|\n|poke|p2|Flutter Mane|\n|poke|p2|Landorus-Therian, M|\n|poke|p2|Ogerpon-Wellspring, F|\n|poke|p2|Heatran, F|\n|teampreview\n|l|\u2606Messy fighter\n|player|p1|\n|j|\u2606Messy fighter\n|player|p1|Messy fighter|swimmer-gen4dp\n|inactive|Battle timer is ON: inactive players will automatically lose when time's up. (requested by Messy fighter)\n|\n|t:|1700443066\n|start\n|switch|p1a: Ursaluna|Ursaluna-Bloodmoon, M|100\/100\n|switch|p1b: Cresselia|Cresselia, F|100\/100\n|switch|p2a: Tornadus|Tornadus, M|100\/100\n|switch|p2b: Landorus|Landorus-Therian, M|100\/100\n|-ability|p2b: Landorus|Intimidate|boost\n|-unboost|p1a: Ursaluna|atk|1\n|-unboost|p1b: Cresselia|atk|1\n|turn|1\n|\n|t:|1700443085\n|move|p2b: Landorus|Stomping Tantrum|p1a: Ursaluna\n|-damage|p1a: Ursaluna|54\/100\n|move|p2a: Tornadus|Bleakwind Storm|p1b: Cresselia|[spread] p1a,p1b\n|-crit|p1b: Cresselia\n|-damage|p1a: Ursaluna|7\/100\n|-damage|p1b: Cresselia|73\/100\n|-unboost|p1b: Cresselia|spe|1\n|move|p1a: Ursaluna|Calm Mind|p1a: Ursaluna\n|-boost|p1a: Ursaluna|spa|1\n|-boost|p1a: Ursaluna|spd|1\n|move|p1b: Cresselia|Trick Room|p1b: Cresselia\n|-fieldstart|move: Trick Room|[of] p1b: Cresselia\n|\n|upkeep\n|turn|2\n|\n|t:|1700443112\n|switch|p2b: Kingambit|Kingambit, M|100\/100\n|move|p2a: Tornadus|Protect|p2a: Tornadus\n|-singleturn|p2a: Tornadus|Protect\n|move|p1a: Ursaluna|Blood Moon|p2b: Kingambit\n|-resisted|p2b: Kingambit\n|-damage|p2b: Kingambit|63\/100\n|move|p1b: Cresselia|Lunar Blessing|p1b: Cresselia|[spread] p1a,p1b\n|-heal|p1a: Ursaluna|32\/100\n|-heal|p1b: Cresselia|98\/100\n|\n|upkeep\n|turn|3\n|inactive|sirazurill has 120 seconds left.\n|l|\u2606Messy fighter\n|inactive|Messy fighter disconnected and has a minute to reconnect!\n|player|p1|\n|inactive|sirazurill has 90 seconds left.\n|j|\u2606Messy fighter\n|inactive|Messy fighter reconnected.\n|player|p1|Messy fighter|swimmer-gen4dp\n|\n|t:|1700443178\n|-terastallize|p2b: Kingambit|Flying\n|move|p1a: Ursaluna|Vacuum Wave|p2b: Kingambit\n|-resisted|p2b: Kingambit\n|-damage|p2b: Kingambit|56\/100\n|move|p2a: Tornadus|Scary Face|p2b: Kingambit\n|-unboost|p2b: Kingambit|spe|2\n|move|p2b: Kingambit|Kowtow Cleave|p1a: Ursaluna\n|-damage|p1a: Ursaluna|0 fnt\n|faint|p1a: Ursaluna\n|move|p1b: Cresselia|Lunar Blessing|p1b: Cresselia\n|-heal|p1b: Cresselia|100\/100\n|\n|upkeep\n|\n|t:|1700443195\n|switch|p1a: Iron Hands|Iron Hands|100\/100\n|-enditem|p1a: Iron Hands|Booster Energy\n|-activate|p1a: Iron Hands|ability: Quark Drive|[fromitem]\n|-start|p1a: Iron Hands|quarkdriveatk\n|turn|4\n|inactive|sirazurill has 90 seconds left.\n|inactive|sirazurill has 60 seconds left.\n|inactive|sirazurill has 30 seconds left.\n|\n|t:|1700443283\n|-end|p2b: Kingambit|fallenundefined|[silent]\n|switch|p2b: Landorus|Landorus-Therian, M|100\/100\n|-ability|p2b: Landorus|Intimidate|boost\n|-unboost|p1a: Iron Hands|atk|1\n|-unboost|p1b: Cresselia|atk|1\n|move|p2a: Tornadus|Scary Face|p2b: Landorus\n|-unboost|p2b: Landorus|spe|2\n|move|p1a: Iron Hands|Ice Punch|p2b: Landorus\n|-supereffective|p2b: Landorus\n|-damage|p2b: Landorus|0 fnt\n|faint|p2b: Landorus\n|move|p1b: Cresselia|Moonblast|p2a: Tornadus\n|-damage|p2a: Tornadus|81\/100\n|-enditem|p2a: Tornadus|Eject Button\n|inactive|sirazurill has 30 seconds left.\n|\n|t:|1700443295\n|switch|p2a: Oregon-Wellspring|Ogerpon-Wellspring, F|100\/100\n|\n|upkeep\n|inactive|sirazurill has 30 seconds left this turn.\n|\n|t:|1700443303\n|switch|p2b: Heatran|Heatran, F|100\/100\n|turn|5\n|\n|t:|1700443316\n|move|p1b: Cresselia|Helping Hand|p1a: Iron Hands\n|-singleturn|p1a: Iron Hands|Helping Hand|[of] p1b: Cresselia\n|move|p2b: Heatran|Protect|p2b: Heatran\n|-singleturn|p2b: Heatran|Protect\n|move|p2a: Oregon-Wellspring|Spiky Shield|p2a: Oregon-Wellspring\n|-singleturn|p2a: Oregon-Wellspring|move: Protect\n|move|p1a: Iron Hands|Drain Punch|p2b: Heatran\n|-activate|p2b: Heatran|move: Protect\n|\n|-fieldend|move: Trick Room\n|upkeep\n|turn|6\n|inactive|sirazurill has 60 seconds left.\n|\n|t:|1700443331\n|move|p1b: Cresselia|Helping Hand|p1a: Iron Hands\n|-singleturn|p1a: Iron Hands|Helping Hand|[of] p1b: Cresselia\n|move|p2a: Oregon-Wellspring|Wood Hammer|p1a: Iron Hands\n|-damage|p1a: Iron Hands|48\/100\n|-damage|p2a: Oregon-Wellspring|75\/100|[from] Recoil\n|move|p2b: Heatran|Earth Power|p1a: Iron Hands\n|-supereffective|p1a: Iron Hands\n|-damage|p1a: Iron Hands|0 fnt\n|faint|p1a: Iron Hands\n|-end|p1a: Iron Hands|Quark Drive|[silent]\n|\n|upkeep\n|\n|t:|1700443339\n|switch|p1a: Basculegion|Basculegion-F, F|100\/100\n|turn|7\n|inactive|sirazurill has 60 seconds left.\n|\n|t:|1700443376\n|-terastallize|p1a: Basculegion|Psychic\n|move|p1b: Cresselia|Helping Hand|p1a: Basculegion\n|-singleturn|p1a: Basculegion|Helping Hand|[of] p1b: Cresselia\n|move|p1a: Basculegion|Aqua Jet|p2b: Heatran\n|-supereffective|p2b: Heatran\n|-damage|p2b: Heatran|42\/100\n|move|p2a: Oregon-Wellspring|Wood Hammer|p1b: Cresselia\n|-damage|p1b: Cresselia|44\/100\n|-damage|p2a: Oregon-Wellspring|50\/100|[from] Recoil\n|move|p2b: Heatran|Flash Cannon|p1b: Cresselia\n|-damage|p1b: Cresselia|20\/100\n|\n|-heal|p2b: Heatran|48\/100|[from] item: Leftovers\n|upkeep\n|turn|8\n|\n|t:|1700443395\n|move|p1b: Cresselia|Helping Hand|p1a: Basculegion\n|-singleturn|p1a: Basculegion|Helping Hand|[of] p1b: Cresselia\n|move|p2a: Oregon-Wellspring|Follow Me|p2a: Oregon-Wellspring\n|-singleturn|p2a: Oregon-Wellspring|move: Follow Me\n|move|p1a: Basculegion|Aqua Jet|p2a: Oregon-Wellspring\n|-heal|p2a: Oregon-Wellspring|75\/100|[from] ability: Water Absorb|[of] p1a: Basculegion\n|move|p2b: Heatran|Heat Wave|p1b: Cresselia|[spread] p1a,p1b\n|-damage|p1a: Basculegion|63\/100\n|-damage|p1b: Cresselia|0 fnt\n|faint|p1b: Cresselia\n|\n|-heal|p2b: Heatran|54\/100|[from] item: Leftovers\n|upkeep\n|inactive|Messy fighter has 120 seconds left.\n|inactive|Messy fighter has 90 seconds left.\n|\n|t:|1700443453\n|switch|p1b: Roaring Moon|Roaring Moon|100\/100\n|turn|9\n|inactive|sirazurill has 90 seconds left.\n|inactive|Messy fighter has 90 seconds left.\n|-message|Messy fighter forfeited.\n|\n|win|sirazurill\n|raw|Messy fighter's rating: 1524 &rarr; <strong>1516<\/strong><br \/>(-8 for losing)\n|raw|sirazurill's rating: 1768 &rarr; <strong>1776<\/strong><br \/>(+8 for winning)\n|l|\u2606Messy fighter\n|l|\u2606sirazurill\n|j|\u2606sirazurill\n|player|p2|sirazurill|bugcatcher-gen4dp\n","uploadtime":1700443488,"views":7,"p1id":"messyfighter","p2id":"sirazurill","formatid":"gen9doublesou","rating":1516,"private":0,"password":""}