{"id":"gen9doublesou-1999679118","p1":"Kummy23","p2":"XDARKSAM","format":"[Gen 9] Doubles OU","log":"|j|\u2606Kummy23\n|j|\u2606XDARKSAM\n|t:|1701107135\n|gametype|doubles\n|player|p1|Kummy23|burgh-masters|1133\n|player|p2|XDARKSAM|volkner|1040\n|teamsize|p1|6\n|teamsize|p2|6\n|gen|9\n|tier|[Gen 9] Doubles OU\n|rated|\n|rule|Species Clause: Limit one of each Pok\u00e9mon\n|rule|OHKO Clause: OHKO moves are banned\n|rule|Evasion Moves Clause: Evasion moves are banned\n|rule|Gravity Sleep Clause: The combination of sleep-inducing moves with imperfect accuracy and Gravity or Gigantamax Orbeetle are banned\n|rule|Endless Battle Clause: Forcing endless battles is banned\n|rule|HP Percentage Mod: HP is shown in percentages\n|clearpoke\n|poke|p1|Regieleki|\n|poke|p1|Pelipper, F|\n|poke|p1|Palafin, F|\n|poke|p1|Kingambit, F|\n|poke|p1|Rillaboom, F|\n|poke|p1|Flutter Mane|\n|poke|p2|Skeledirge, F|\n|poke|p2|Meowscarada, M|\n|poke|p2|Quaquaval, M|\n|poke|p2|Typhlosion-Hisui, M|\n|poke|p2|Decidueye-Hisui, F|\n|poke|p2|Samurott-Hisui, F|\n|teampreview\n|inactive|Battle timer is ON: inactive players will automatically lose when time's up. (requested by Kummy23)\n|\n|t:|1701107160\n|start\n|switch|p1a: Pelipper|Pelipper, F|100\/100\n|switch|p1b: Regieleki|Regieleki|100\/100\n|switch|p2a: Decidueye|Decidueye-Hisui, F|100\/100\n|switch|p2b: Samurott|Samurott-Hisui, F|100\/100\n|-weather|RainDance|[from] ability: Drizzle|[of] p1a: Pelipper\n|turn|1\n|inactive|XDARKSAM has 120 seconds left.\n|inactive|XDARKSAM has 90 seconds left.\n|\n|t:|1701107229\n|move|p1b: Regieleki|Thunder|p2b: Samurott\n|-supereffective|p2b: Samurott\n|-damage|p2b: Samurott|0 fnt\n|faint|p2b: Samurott\n|-damage|p1b: Regieleki|91\/100|[from] item: Life Orb\n|move|p1a: Pelipper|Hurricane|p2a: Decidueye\n|-supereffective|p2a: Decidueye\n|-damage|p2a: Decidueye|0 fnt\n|faint|p2a: Decidueye\n|\n|-weather|RainDance|[upkeep]\n|upkeep\n|\n|t:|1701107253\n|switch|p2b: Typhlosion|Typhlosion-Hisui, M|100\/100\n|switch|p2a: Quaquaval|Quaquaval, M|100\/100\n|-item|p1a: Pelipper|Damp Rock|[from] ability: Frisk|[of] p2b: Typhlosion|[identify]\n|-item|p1b: Regieleki|Life Orb|[from] ability: Frisk|[of] p2b: Typhlosion|[identify]\n|turn|2\n|inactive|XDARKSAM has 90 seconds left.\n|\n|t:|1701107269\n|move|p1b: Regieleki|Thunder|p2a: Quaquaval\n|-supereffective|p2a: Quaquaval\n|-damage|p2a: Quaquaval|0 fnt\n|faint|p2a: Quaquaval\n|-damage|p1b: Regieleki|81\/100|[from] item: Life Orb\n|move|p2b: Typhlosion|Eruption|p1a: Pelipper|[spread] p1a,p1b\n|-resisted|p1a: Pelipper\n|-damage|p1a: Pelipper|80\/100\n|-damage|p1b: Regieleki|24\/100\n|move|p1a: Pelipper|Hydro Pump|p2b: Typhlosion|[miss]\n|-miss|p1a: Pelipper|p2b: Typhlosion\n|\n|-weather|RainDance|[upkeep]\n|upkeep\n|\n|t:|1701107288\n|switch|p2a: Meowscarada|Meowscarada, M|100\/100\n|turn|3\n|inactive|XDARKSAM has 90 seconds left.\n|\n|t:|1701107302\n|-terastallize|p2b: Typhlosion|Fire\n|move|p1a: Pelipper|Protect|p1a: Pelipper\n|-singleturn|p1a: Pelipper|Protect\n|move|p1b: Regieleki|Electroweb|p2a: Meowscarada|[spread] p2a,p2b\n|-resisted|p2a: Meowscarada\n|-damage|p2a: Meowscarada|78\/100\n|-damage|p2b: Typhlosion|61\/100\n|-unboost|p2a: Meowscarada|spe|1\n|-unboost|p2b: Typhlosion|spe|1\n|-damage|p1b: Regieleki|14\/100|[from] item: Life Orb\n|move|p2b: Typhlosion|Eruption|p1a: Pelipper|[spread] p1b\n|-activate|p1a: Pelipper|move: Protect\n|-damage|p1b: Regieleki|0 fnt\n|faint|p1b: Regieleki\n|move|p2a: Meowscarada|Pollen Puff|p2b: Typhlosion\n|-start|p2a: Meowscarada|typechange|Bug|[from] ability: Protean\n|-heal|p2b: Typhlosion|100\/100\n|\n|-weather|RainDance|[upkeep]\n|upkeep\n|\n|t:|1701107324\n|switch|p1b: Flutter Mane|Flutter Mane|100\/100\n|-enditem|p1b: Flutter Mane|Booster Energy\n|-activate|p1b: Flutter Mane|ability: Protosynthesis|[fromitem]\n|-start|p1b: Flutter Mane|protosynthesisspe\n|turn|4\n|\n|t:|1701107347\n|move|p1b: Flutter Mane|Shadow Ball|p2b: Typhlosion\n|-damage|p2b: Typhlosion|41\/100\n|move|p2b: Typhlosion|Eruption|p1b: Flutter Mane|[spread] p1a,p1b\n|-resisted|p1a: Pelipper\n|-crit|p1a: Pelipper\n|-damage|p1a: Pelipper|64\/100\n|-damage|p1b: Flutter Mane|86\/100\n|move|p2a: Meowscarada|Bullet Seed|p1a: Pelipper\n|-damage|p1a: Pelipper|58\/100\n|-damage|p1a: Pelipper|52\/100\n|-damage|p1a: Pelipper|45\/100\n|-damage|p1a: Pelipper|39\/100\n|-hitcount|p1a: Pelipper|4\n|move|p1a: Pelipper|Hurricane|p2a: Meowscarada\n|-supereffective|p2a: Meowscarada\n|-damage|p2a: Meowscarada|0 fnt\n|faint|p2a: Meowscarada\n|\n|-weather|RainDance|[upkeep]\n|upkeep\n|inactive|XDARKSAM has 90 seconds left.\n|\n|t:|1701107368\n|switch|p2a: Skeledirge|Skeledirge, F|100\/100\n|turn|5\n|\n|t:|1701107378\n|move|p1b: Flutter Mane|Shadow Ball|p2b: Typhlosion\n|-damage|p2b: Typhlosion|0 fnt\n|faint|p2b: Typhlosion\n|move|p2a: Skeledirge|Torch Song|p1b: Flutter Mane\n|-damage|p1b: Flutter Mane|68\/100\n|-boost|p2a: Skeledirge|spa|1\n|move|p1a: Pelipper|Hydro Pump|p2a: Skeledirge\n|-supereffective|p2a: Skeledirge\n|-damage|p2a: Skeledirge|0 fnt\n|faint|p2a: Skeledirge\n|\n|win|Kummy23\n|raw|Kummy23's rating: 1133 &rarr; <strong>1151<\/strong><br \/>(+18 for winning)\n|raw|XDARKSAM's rating: 1040 &rarr; <strong>1028<\/strong><br \/>(-12 for losing)\n|l|\u2606XDARKSAM\n","uploadtime":1701107411,"views":15,"p1id":"kummy23","p2id":"xdarksam","formatid":"gen9doublesou","rating":1028,"private":0,"password":""}