{"id":"gen9doublesou-1995196418","p1":"scottpilgrimguy","p2":"Kondroid","format":"[Gen 9] Doubles OU","log":"|j|\u2606scottpilgrimguy\n|j|\u2606Kondroid\n|t:|1700533411\n|gametype|doubles\n|player|p1|scottpilgrimguy|blue|1123\n|player|p2|Kondroid|hilbert-wonderlauncher|1232\n|teamsize|p1|6\n|teamsize|p2|6\n|gen|9\n|tier|[Gen 9] Doubles OU\n|rated|\n|rule|Species Clause: Limit one of each Pok\u00e9mon\n|rule|OHKO Clause: OHKO moves are banned\n|rule|Evasion Moves Clause: Evasion moves are banned\n|rule|Gravity Sleep Clause: The combination of sleep-inducing moves with imperfect accuracy and Gravity or Gigantamax Orbeetle are banned\n|rule|Endless Battle Clause: Forcing endless battles is banned\n|rule|HP Percentage Mod: HP is shown in percentages\n|clearpoke\n|poke|p1|Garchomp, M|\n|poke|p1|Zarude|\n|poke|p1|Kingambit, F|\n|poke|p1|Zapdos|\n|poke|p1|Tyranitar, M|\n|poke|p1|Arcanine-Hisui, M|\n|poke|p2|Snorlax, F|\n|poke|p2|Clefairy, M|\n|poke|p2|Sinistcha|\n|poke|p2|Gholdengo|\n|poke|p2|Farigiraf, M|\n|poke|p2|Iron Hands|\n|teampreview\n|inactive|Battle timer is ON: inactive players will automatically lose when time's up. (requested by Kondroid)\n|\n|t:|1700533418\n|start\n|switch|p1a: Tyranitar|Tyranitar, M|100\/100\n|switch|p1b: Arcanine|Arcanine-Hisui, M|100\/100\n|switch|p2a: Iron Hands|Iron Hands|100\/100\n|switch|p2b: Farigiraf|Farigiraf, M|100\/100\n|-ability|p1b: Arcanine|Intimidate|boost\n|-unboost|p2a: Iron Hands|atk|1\n|-unboost|p2b: Farigiraf|atk|1\n|-weather|Sandstorm|[from] ability: Sand Stream|[of] p1a: Tyranitar\n|-enditem|p2a: Iron Hands|Booster Energy\n|-activate|p2a: Iron Hands|ability: Quark Drive|[fromitem]\n|-start|p2a: Iron Hands|quarkdriveatk\n|turn|1\n|\n|t:|1700533438\n|move|p2a: Iron Hands|Fake Out|p1b: Arcanine\n|-resisted|p1b: Arcanine\n|-damage|p1b: Arcanine|91\/100\n|cant|p1b: Arcanine|flinch\n|move|p1a: Tyranitar|Dark Pulse|p2b: Farigiraf\n|-supereffective|p2b: Farigiraf\n|-damage|p2b: Farigiraf|61\/100\n|move|p2b: Farigiraf|Trick Room|p2b: Farigiraf\n|-fieldstart|move: Trick Room|[of] p2b: Farigiraf\n|\n|-weather|Sandstorm|[upkeep]\n|-damage|p2a: Iron Hands|94\/100|[from] Sandstorm\n|-damage|p2b: Farigiraf|55\/100|[from] Sandstorm\n|upkeep\n|turn|2\n|\n|t:|1700533468\n|move|p2a: Iron Hands|Drain Punch|p1a: Tyranitar\n|-supereffective|p1a: Tyranitar\n|-damage|p1a: Tyranitar|0 fnt\n|-heal|p2a: Iron Hands|100\/100|[from] drain|[of] p1a: Tyranitar\n|faint|p1a: Tyranitar\n|move|p2b: Farigiraf|Reflect|p2b: Farigiraf\n|-sidestart|p2: Kondroid|Reflect\n|move|p1b: Arcanine|Rock Slide|p2b: Farigiraf|[spread] p2a,p2b\n|-resisted|p2a: Iron Hands\n|-damage|p2a: Iron Hands|95\/100\n|-damage|p2b: Farigiraf|38\/100\n|\n|-weather|Sandstorm|[upkeep]\n|-damage|p2a: Iron Hands|89\/100|[from] Sandstorm\n|-damage|p2b: Farigiraf|32\/100|[from] Sandstorm\n|upkeep\n|inactive|scottpilgrimguy has 120 seconds left.\n|\n|t:|1700533497\n|switch|p1a: Zarude|Zarude|100\/100\n|turn|3\n|inactive|scottpilgrimguy has 120 seconds left.\n|\n|t:|1700533523\n|move|p1b: Arcanine|Extreme Speed||[still]\n|cant|p2b: Farigiraf|ability: Armor Tail|Extreme Speed|[of] p1b: Arcanine\n|move|p2a: Iron Hands|Drain Punch|p1b: Arcanine\n|-supereffective|p1b: Arcanine\n|-damage|p1b: Arcanine|1\/100\n|-heal|p2a: Iron Hands|100\/100|[from] drain|[of] p1b: Arcanine\n|move|p2b: Farigiraf|Light Screen|p2b: Farigiraf\n|-sidestart|p2: Kondroid|move: Light Screen\n|move|p1a: Zarude|Solar Blade||[still]\n|-prepare|p1a: Zarude|Solar Blade\n|-enditem|p1a: Zarude|Power Herb\n|-anim|p1a: Zarude|Solar Blade|p2a: Iron Hands\n|-damage|p2a: Iron Hands|86\/100\n|\n|-weather|Sandstorm|[upkeep]\n|-damage|p2a: Iron Hands|80\/100|[from] Sandstorm\n|-damage|p2b: Farigiraf|26\/100|[from] Sandstorm\n|-damage|p1a: Zarude|94\/100|[from] Sandstorm\n|upkeep\n|turn|4\n|inactive|scottpilgrimguy has 120 seconds left.\n|\n|t:|1700533550\n|switch|p2b: Snorlax|Snorlax, F|100\/100\n|move|p2a: Iron Hands|Drain Punch|p1b: Arcanine\n|-supereffective|p1b: Arcanine\n|-damage|p1b: Arcanine|0 fnt\n|-heal|p2a: Iron Hands|81\/100|[from] drain|[of] p1b: Arcanine\n|faint|p1b: Arcanine\n|move|p1a: Zarude|Swords Dance|p1a: Zarude\n|-boost|p1a: Zarude|atk|2\n|\n|-weather|Sandstorm|[upkeep]\n|-damage|p2b: Snorlax|94\/100|[from] Sandstorm\n|-damage|p2a: Iron Hands|74\/100|[from] Sandstorm\n|-damage|p1a: Zarude|88\/100|[from] Sandstorm\n|upkeep\n|inactive|scottpilgrimguy has 120 seconds left.\n|\n|t:|1700533568\n|switch|p1b: Garchomp|Garchomp, M|100\/100\n|turn|5\n|inactive|scottpilgrimguy has 120 seconds left.\n|\n|t:|1700533602\n|move|p2b: Snorlax|Belly Drum|p2b: Snorlax\n|-damage|p2b: Snorlax|44\/100\n|-setboost|p2b: Snorlax|atk|6|[from] move: Belly Drum\n|-enditem|p2b: Snorlax|Aguav Berry|[eat]\n|-heal|p2b: Snorlax|78\/100|[from] item: Aguav Berry\n|move|p2a: Iron Hands|Drain Punch|p1a: Zarude\n|-supereffective|p1a: Zarude\n|-damage|p1a: Zarude|10\/100\n|-heal|p2a: Iron Hands|100\/100|[from] drain|[of] p1a: Zarude\n|move|p1b: Garchomp|Earthquake|p2b: Snorlax|[spread] p1a,p2a,p2b\n|-resisted|p1a: Zarude\n|-supereffective|p2a: Iron Hands\n|-damage|p1a: Zarude|0 fnt\n|-damage|p2a: Iron Hands|64\/100\n|-damage|p2b: Snorlax|52\/100\n|faint|p1a: Zarude\n|\n|-weather|none\n|-fieldend|move: Trick Room\n|upkeep\n|l|\u2606Kondroid\n|inactive|Kondroid disconnected and has a minute to reconnect!\n|player|p2|\n|\n|t:|1700533618\n|switch|p1a: Zapdos|Zapdos|100\/100\n|turn|6\n|j|\u2606Kondroid\n|inactive|Kondroid reconnected and has 150 seconds left.\n|player|p2|Kondroid|hilbert-wonderlauncher\n|\n|t:|1700533647\n|-end|p2a: Iron Hands|Quark Drive|[silent]\n|switch|p2a: Clefairy|Clefairy, M|100\/100\n|move|p1b: Garchomp|Protect|p1b: Garchomp\n|-singleturn|p1b: Garchomp|Protect\n|move|p1a: Zapdos|Protect|p1a: Zapdos\n|-singleturn|p1a: Zapdos|Protect\n|move|p2b: Snorlax|Facade|p1a: Zapdos\n|-activate|p1a: Zapdos|move: Protect\n|\n|upkeep\n|turn|7\n|inactive|scottpilgrimguy has 120 seconds left.\n|\n|t:|1700533678\n|move|p1b: Garchomp|Swords Dance|p1b: Garchomp\n|-boost|p1b: Garchomp|atk|2\n|move|p1a: Zapdos|Thunderbolt|p2b: Snorlax\n|-damage|p2b: Snorlax|41\/100\n|move|p2a: Clefairy|Heal Pulse|p2b: Snorlax\n|-heal|p2b: Snorlax|91\/100\n|move|p2b: Snorlax|Facade|p1a: Zapdos\n|-damage|p1a: Zapdos|0 fnt\n|-status|p2b: Snorlax|par|[from] ability: Static|[of] p1a: Zapdos\n|faint|p1a: Zapdos\n|\n|upkeep\n|\n|t:|1700533691\n|switch|p1a: Kingambit|Kingambit, F|100\/100\n|-activate|p1a: Kingambit|ability: Supreme Overlord\n|-start|p1a: Kingambit|fallen4|[silent]\n|turn|8\n|inactive|scottpilgrimguy has 120 seconds left.\n|\n|t:|1700533715\n|-terastallize|p1b: Garchomp|Steel\n|move|p2a: Clefairy|Follow Me|p2a: Clefairy\n|-singleturn|p2a: Clefairy|move: Follow Me\n|move|p1b: Garchomp|Earthquake|p2a: Clefairy|[spread] p1a,p2a,p2b\n|-supereffective|p1a: Kingambit\n|-damage|p1a: Kingambit|0 fnt\n|-damage|p2a: Clefairy|39\/100\n|-damage|p2b: Snorlax|50\/100 par\n|faint|p1a: Kingambit\n|-end|p1a: Kingambit|fallen4|[silent]\n|cant|p2b: Snorlax|par\n|\n|upkeep\n|turn|9\n|\n|t:|1700533730\n|move|p1b: Garchomp|Swords Dance|p1b: Garchomp\n|-boost|p1b: Garchomp|atk|2\n|move|p2a: Clefairy|Heal Pulse|p2b: Snorlax\n|-heal|p2b: Snorlax|99\/100 par\n|move|p2b: Snorlax|Facade|p1b: Garchomp\n|-resisted|p1b: Garchomp\n|-damage|p1b: Garchomp|16\/100\n|-damage|p2b: Snorlax|87\/100 par|[from] ability: Rough Skin|[of] p1b: Garchomp\n|-damage|p2b: Snorlax|71\/100 par|[from] item: Rocky Helmet|[of] p1b: Garchomp\n|\n|-sideend|p2: Kondroid|Reflect\n|upkeep\n|turn|10\n|\n|t:|1700533749\n|move|p1b: Garchomp|Earthquake|p2b: Snorlax|[spread] p2a,p2b\n|-damage|p2a: Clefairy|0 fnt\n|-damage|p2b: Snorlax|0 fnt\n|faint|p2a: Clefairy\n|faint|p2b: Snorlax\n|\n|-sideend|p2: Kondroid|move: Light Screen\n|upkeep\n|\n|t:|1700533763\n|switch|p2a: Gholdengo|Gholdengo|100\/100\n|switch|p2b: Sinistcha|Sinistcha|100\/100\n|-item|p2a: Gholdengo|Air Balloon\n|turn|11\n|\n|t:|1700533771\n|move|p1b: Garchomp|Protect|p1b: Garchomp\n|-singleturn|p1b: Garchomp|Protect\n|move|p2a: Gholdengo|Shadow Ball|p1b: Garchomp\n|-activate|p1b: Garchomp|move: Protect\n|move|p2b: Sinistcha|Matcha Gotcha|p1b: Garchomp\n|-activate|p1b: Garchomp|move: Protect\n|\n|upkeep\n|turn|12\n|\n|t:|1700533781\n|move|p1b: Garchomp|Earthquake|p2b: Sinistcha|[spread] p2b\n|-immune|p2a: Gholdengo\n|-resisted|p2b: Sinistcha\n|-damage|p2b: Sinistcha|44\/100\n|move|p2a: Gholdengo|Shadow Ball|p1b: Garchomp\n|-damage|p1b: Garchomp|0 fnt\n|faint|p1b: Garchomp\n|\n|win|Kondroid\n|raw|scottpilgrimguy's rating: 1123 &rarr; <strong>1106<\/strong><br \/>(-17 for losing)\n|raw|Kondroid's rating: 1232 &rarr; <strong>1249<\/strong><br \/>(+17 for winning)\n","uploadtime":1700533793,"views":10,"p1id":"scottpilgrimguy","p2id":"kondroid","formatid":"gen9doublesou","rating":1106,"private":0,"password":""}