{"id":"gen9doublesou-1989907286","p1":"Duv4","p2":"CallmeLv","format":"[Gen 9] Doubles OU","log":"|j|\u2606Duv4\n|j|\u2606CallmeLv\n|t:|1699905696\n|gametype|doubles\n|player|p1|Duv4|101|1137\n|player|p2|CallmeLv|lucas|1025\n|teamsize|p1|6\n|teamsize|p2|6\n|gen|9\n|tier|[Gen 9] Doubles OU\n|rated|\n|rule|Species Clause: Limit one of each Pok\u00e9mon\n|rule|OHKO Clause: OHKO moves are banned\n|rule|Evasion Moves Clause: Evasion moves are banned\n|rule|Gravity Sleep Clause: The combination of sleep-inducing moves with imperfect accuracy and Gravity or Gigantamax Orbeetle are banned\n|rule|Endless Battle Clause: Forcing endless battles is banned\n|rule|HP Percentage Mod: HP is shown in percentages\n|clearpoke\n|poke|p1|Chi-Yu|\n|poke|p1|Flutter Mane|\n|poke|p1|Iron Hands|\n|poke|p1|Kommo-o, F|\n|poke|p1|Sinistcha|\n|poke|p1|Palafin, M|\n|poke|p2|Torkoal, M|\n|poke|p2|Lilligant-Hisui, F|\n|poke|p2|Chandelure, F|\n|poke|p2|Clefable, M|\n|poke|p2|Conkeldurr, F|\n|poke|p2|Dragonite, F|\n|teampreview\n|inactive|Battle timer is ON: inactive players will automatically lose when time's up. (requested by Duv4)\n|\n|t:|1699905716\n|start\n|switch|p1a: Iron Hands|Iron Hands|100\/100\n|switch|p1b: Palafin|Palafin, M|100\/100\n|switch|p2a: Torkoal|Torkoal, M|100\/100\n|switch|p2b: Lilligant|Lilligant-Hisui, F|100\/100\n|-weather|SunnyDay|[from] ability: Drought|[of] p2a: Torkoal\n|turn|1\n|\n|t:|1699905741\n|move|p1a: Iron Hands|Fake Out|p2b: Lilligant\n|-damage|p2b: Lilligant|74\/100\n|cant|p2b: Lilligant|flinch\n|move|p1b: Palafin|Flip Turn|p2a: Torkoal\n|-supereffective|p2a: Torkoal\n|-damage|p2a: Torkoal|82\/100\n|\n|t:|1699905756\n|detailschange|p1b: Palafin|Palafin-Hero, M\n|switch|p1b: Chi-Yu|Chi-Yu|100\/100|[from] Flip Turn\n|-ability|p1b: Chi-Yu|Beads of Ruin\n|move|p2a: Torkoal|Earth Power|p1a: Iron Hands\n|-supereffective|p1a: Iron Hands\n|-damage|p1a: Iron Hands|68\/100\n|\n|-weather|SunnyDay|[upkeep]\n|upkeep\n|turn|2\n|inactive|Duv4 has 120 seconds left.\n|\n|t:|1699905814\n|switch|p1b: Sinistcha|Sinistcha|100\/100\n|-heal|p1a: Iron Hands|93\/100|[from] ability: Hospitality|[of] p1b: Sinistcha\n|move|p2b: Lilligant|Brick Break|p1b: Sinistcha\n|-immune|p1b: Sinistcha\n|move|p1a: Iron Hands|Close Combat|p2b: Lilligant\n|-damage|p2b: Lilligant|0 fnt\n|-unboost|p1a: Iron Hands|def|1\n|-unboost|p1a: Iron Hands|spd|1\n|faint|p2b: Lilligant\n|move|p2a: Torkoal|Earth Power|p1a: Iron Hands\n|-supereffective|p1a: Iron Hands\n|-damage|p1a: Iron Hands|51\/100\n|\n|-weather|SunnyDay|[upkeep]\n|upkeep\n|inactive|CallmeLv has 120 seconds left.\n|\n|t:|1699905847\n|switch|p2b: Chandelure|Chandelure, F|100\/100\n|turn|3\n|inactive|Duv4 has 120 seconds left.\n|inactive|CallmeLv has 120 seconds left.\n|\n|t:|1699905874\n|move|p1b: Sinistcha|Rage Powder|p1b: Sinistcha\n|-singleturn|p1b: Sinistcha|move: Rage Powder\n|move|p2b: Chandelure|Shadow Ball|p1b: Sinistcha\n|-supereffective|p1b: Sinistcha\n|-damage|p1b: Sinistcha|0 fnt\n|faint|p1b: Sinistcha\n|move|p1a: Iron Hands|Wild Charge|p2b: Chandelure\n|-damage|p2b: Chandelure|26\/100\n|-damage|p1a: Iron Hands|40\/100|[from] Recoil\n|move|p2a: Torkoal|Lava Plume|p1a: Iron Hands|[spread] p1a\n|-start|p2b: Chandelure|ability: Flash Fire\n|-damage|p1a: Iron Hands|9\/100\n|-status|p1a: Iron Hands|brn\n|\n|-weather|SunnyDay|[upkeep]\n|-damage|p1a: Iron Hands|3\/100 brn|[from] brn\n|upkeep\n|\n|t:|1699905897\n|switch|p1b: Palafin|Palafin-Hero, M|100\/100\n|-activate|p1b: Palafin|ability: Zero to Hero\n|turn|4\n|\n|t:|1699905911\n|move|p1b: Palafin|Jet Punch|p2b: Chandelure\n|-supereffective|p2b: Chandelure\n|-crit|p2b: Chandelure\n|-damage|p2b: Chandelure|0 fnt\n|faint|p2b: Chandelure\n|move|p1a: Iron Hands|Close Combat|p2a: Torkoal\n|-damage|p2a: Torkoal|55\/100\n|-unboost|p1a: Iron Hands|def|1\n|-unboost|p1a: Iron Hands|spd|1\n|move|p2a: Torkoal|Lava Plume|p1b: Palafin|[spread] p1a,p1b\n|-resisted|p1b: Palafin\n|-damage|p1a: Iron Hands|0 fnt\n|-damage|p1b: Palafin|80\/100\n|faint|p1a: Iron Hands\n|-end|p1a: Iron Hands|Quark Drive|[silent]\n|\n|-weather|SunnyDay|[upkeep]\n|upkeep\n|inactive|Duv4 has 120 seconds left.\n|\n|t:|1699905930\n|switch|p2b: Clefable|Clefable, M|100\/100\n|switch|p1a: Chi-Yu|Chi-Yu|100\/100\n|-ability|p1a: Chi-Yu|Beads of Ruin\n|turn|5\n|\n|t:|1699905945\n|switch|p1b: Kommo-o|Kommo-o, F|100\/100\n|move|p1a: Chi-Yu|Heat Wave|p2b: Clefable|[spread] p2a,p2b\n|-resisted|p2a: Torkoal\n|-crit|p2b: Clefable\n|-damage|p2a: Torkoal|0 fnt\n|-damage|p2b: Clefable|0 fnt\n|faint|p2a: Torkoal\n|faint|p2b: Clefable\n|\n|-weather|SunnyDay|[upkeep]\n|upkeep\n|\n|t:|1699905954\n|switch|p2b: Dragonite|Dragonite, F|100\/100\n|switch|p2a: Conkeldurr|Conkeldurr, F|100\/100\n|turn|6\n|\n|t:|1699905972\n|move|p1a: Chi-Yu|Heat Wave|p2b: Dragonite|[spread] p2a,p2b\n|-resisted|p2b: Dragonite\n|-damage|p2a: Conkeldurr|0 fnt\n|-damage|p2b: Dragonite|84\/100\n|faint|p2a: Conkeldurr\n|move|p1b: Kommo-o|Clangorous Soul|p1b: Kommo-o\n|-boost|p1b: Kommo-o|atk|1\n|-boost|p1b: Kommo-o|def|1\n|-boost|p1b: Kommo-o|spa|1\n|-boost|p1b: Kommo-o|spd|1\n|-boost|p1b: Kommo-o|spe|1\n|-damage|p1b: Kommo-o|68\/100\n|-enditem|p1b: Kommo-o|Throat Spray\n|-boost|p1b: Kommo-o|spa|1|[from] item: Throat Spray\n|move|p2b: Dragonite|Outrage|p1a: Chi-Yu\n|-damage|p1a: Chi-Yu|0 fnt\n|faint|p1a: Chi-Yu\n|\n|-weather|SunnyDay|[upkeep]\n|upkeep\n|\n|t:|1699905992\n|switch|p1a: Flutter Mane|Flutter Mane|100\/100\n|-activate|p1a: Flutter Mane|ability: Protosynthesis\n|-start|p1a: Flutter Mane|protosynthesisspe\n|turn|7\n|\n|t:|1699906003\n|move|p1a: Flutter Mane|Moonblast|p2b: Dragonite\n|-supereffective|p2b: Dragonite\n|-damage|p2b: Dragonite|9\/100\n|move|p1b: Kommo-o|Clanging Scales|p2b: Dragonite\n|-supereffective|p2b: Dragonite\n|-damage|p2b: Dragonite|0 fnt\n|faint|p2b: Dragonite\n|\n|win|Duv4\n|raw|Duv4's rating: 1118 &rarr; <strong>1136<\/strong><br \/>(+18 for winning)\n|raw|CallmeLv's rating: 1025 &rarr; <strong>1015<\/strong><br \/>(-10 for losing)\n|l|\u2606CallmeLv\n","uploadtime":1699906022,"views":5,"p1id":"duv4","p2id":"callmelv","formatid":"gen9doublesou","rating":1015,"private":0,"password":""}