{"id":"gen9doublesou-1995167448","p1":"Tokitopokefan","p2":"Xalvadore","format":"[Gen 9] Doubles OU","log":"|j|\u2606Tokitopokefan\n|j|\u2606Xalvadore\n|t:|1700530123\n|gametype|doubles\n|player|p1|Tokitopokefan|hugh|1292\n|player|p2|Xalvadore|marnie|1345\n|teamsize|p1|6\n|teamsize|p2|6\n|gen|9\n|tier|[Gen 9] Doubles OU\n|rated|\n|rule|Species Clause: Limit one of each Pok\u00e9mon\n|rule|OHKO Clause: OHKO moves are banned\n|rule|Evasion Moves Clause: Evasion moves are banned\n|rule|Gravity Sleep Clause: The combination of sleep-inducing moves with imperfect accuracy and Gravity or Gigantamax Orbeetle are banned\n|rule|Endless Battle Clause: Forcing endless battles is banned\n|rule|HP Percentage Mod: HP is shown in percentages\n|clearpoke\n|poke|p1|Dragonite, M|\n|poke|p1|Chien-Pao|\n|poke|p1|Iron Hands|\n|poke|p1|Rillaboom, M|\n|poke|p1|Clefairy, F|\n|poke|p1|Kingambit, M|\n|poke|p2|Flutter Mane|\n|poke|p2|Kingambit, M|\n|poke|p2|Zapdos|\n|poke|p2|Ogerpon-Hearthflame, F|\n|poke|p2|Gastrodon, F|\n|poke|p2|Landorus-Therian, M|\n|teampreview\n|l|\u2606Tokitopokefan\n|player|p1|\n|inactive|Battle timer is ON: inactive players will automatically lose when time's up. (requested by Xalvadore)\n|inactive|Tokitopokefan has 30 seconds to reconnect!\n|inactive|Tokitopokefan has 20 seconds to reconnect!\n|j|\u2606Tokitopokefan\n|inactive|Tokitopokefan reconnected and has 110 seconds left.\n|player|p1|Tokitopokefan|hugh\n|inactive|Tokitopokefan has 90 seconds left.\n|\n|t:|1700530209\n|start\n|switch|p1a: Dragonite|Dragonite, M|100\/100\n|switch|p1b: Chien-Pao|Chien-Pao|100\/100\n|switch|p2a: Zapdos|Zapdos|100\/100\n|switch|p2b: Gastrodon|Gastrodon, F|100\/100\n|-ability|p1b: Chien-Pao|Sword of Ruin\n|turn|1\n|\n|t:|1700530237\n|-terastallize|p1a: Dragonite|Normal\n|move|p1a: Dragonite|Extreme Speed|p2b: Gastrodon\n|-damage|p2b: Gastrodon|14\/100\n|-enditem|p2b: Gastrodon|Sitrus Berry|[eat]\n|-heal|p2b: Gastrodon|39\/100|[from] item: Sitrus Berry\n|move|p1b: Chien-Pao|Ice Spinner|p2a: Zapdos\n|-supereffective|p2a: Zapdos\n|-damage|p2a: Zapdos|0 fnt\n|faint|p2a: Zapdos\n|move|p2b: Gastrodon|Stealth Rock|p1a: Dragonite\n|-sidestart|p1: Tokitopokefan|move: Stealth Rock\n|\n|upkeep\n|inactive|Xalvadore has 120 seconds left.\n|inactive|Xalvadore has 90 seconds left.\n|\n|t:|1700530311\n|switch|p2a: Kingambit|Kingambit, M|100\/100\n|turn|2\n|inactive|Xalvadore has 90 seconds left.\n|\n|t:|1700530336\n|-terastallize|p2a: Kingambit|Steel\n|move|p1b: Chien-Pao|Protect|p1b: Chien-Pao\n|-singleturn|p1b: Chien-Pao|Protect\n|move|p1a: Dragonite|Extreme Speed|p2b: Gastrodon\n|-damage|p2b: Gastrodon|0 fnt\n|faint|p2b: Gastrodon\n|move|p2a: Kingambit|Brick Break|p1a: Dragonite\n|-supereffective|p1a: Dragonite\n|-crit|p1a: Dragonite\n|-damage|p1a: Dragonite|0 fnt\n|faint|p1a: Dragonite\n|\n|upkeep\n|l|\u2606Tokitopokefan\n|inactive|Tokitopokefan disconnected and has a minute to reconnect!\n|player|p1|\n|j|\u2606Tokitopokefan\n|inactive|Tokitopokefan reconnected and has 125 seconds left.\n|player|p1|Tokitopokefan|hugh\n|inactive|Tokitopokefan has 120 seconds left.\n|\n|t:|1700530382\n|switch|p1a: Iron Hands|Iron Hands|100\/100\n|switch|p2b: Landorus|Landorus-Therian, M|100\/100\n|-ability|p2b: Landorus|Intimidate|boost\n|-unboost|p1a: Iron Hands|atk|1\n|-unboost|p1b: Chien-Pao|atk|1\n|-damage|p1a: Iron Hands|94\/100|[from] Stealth Rock\n|turn|3\n|inactive|Tokitopokefan has 120 seconds left.\n|inactive|Xalvadore has 90 seconds left.\n|\n|t:|1700530413\n|move|p2b: Landorus|Stomping Tantrum|p1a: Iron Hands\n|-supereffective|p1a: Iron Hands\n|-damage|p1a: Iron Hands|15\/100\n|move|p1b: Chien-Pao|Ice Spinner|p2b: Landorus\n|-supereffective|p2b: Landorus\n|-damage|p2b: Landorus|0 fnt\n|faint|p2b: Landorus\n|move|p2a: Kingambit|Iron Head|p1b: Chien-Pao\n|-supereffective|p1b: Chien-Pao\n|-enditem|p1b: Chien-Pao|Focus Sash\n|-damage|p1b: Chien-Pao|1\/100\n|move|p1a: Iron Hands|Drain Punch|p2a: Kingambit\n|-supereffective|p2a: Kingambit\n|-damage|p2a: Kingambit|43\/100\n|-heal|p1a: Iron Hands|41\/100|[from] drain|[of] p2a: Kingambit\n|-enditem|p2a: Kingambit|Weakness Policy\n|-boost|p2a: Kingambit|atk|2|[from] item: Weakness Policy\n|-boost|p2a: Kingambit|spa|2|[from] item: Weakness Policy\n|\n|upkeep\n|inactive|Xalvadore has 90 seconds left.\n|\n|t:|1700530430\n|switch|p2b: Flutter Mane|Flutter Mane|100\/100\n|turn|4\n|inactive|Xalvadore has 90 seconds left.\n|\n|t:|1700530447\n|move|p1b: Chien-Pao|Sucker Punch|p2b: Flutter Mane\n|-damage|p2b: Flutter Mane|56\/100\n|move|p2a: Kingambit|Sucker Punch||[still]\n|-fail|p2a: Kingambit\n|move|p2b: Flutter Mane|Dazzling Gleam|p1a: Iron Hands|[spread] p1a,p1b\n|-supereffective|p1a: Iron Hands\n|-supereffective|p1b: Chien-Pao\n|-damage|p1a: Iron Hands|0 fnt\n|-damage|p1b: Chien-Pao|0 fnt\n|faint|p1a: Iron Hands\n|-end|p1a: Iron Hands|Quark Drive|[silent]\n|faint|p1b: Chien-Pao\n|\n|upkeep\n|\n|t:|1700530463\n|switch|p1b: Clefairy|Clefairy, F|100\/100\n|switch|p1a: Rillaboom|Rillaboom, M|100\/100\n|-damage|p1a: Rillaboom|88\/100|[from] Stealth Rock\n|-fieldstart|move: Grassy Terrain|[from] ability: Grassy Surge|[of] p1a: Rillaboom\n|-damage|p1b: Clefairy|88\/100|[from] Stealth Rock\n|turn|5\n|\n|t:|1700530489\n|move|p1b: Clefairy|Follow Me|p1b: Clefairy\n|-singleturn|p1b: Clefairy|move: Follow Me\n|move|p2b: Flutter Mane|Dazzling Gleam|p1b: Clefairy|[spread] p1a,p1b\n|-damage|p1a: Rillaboom|51\/100\n|-damage|p1b: Clefairy|56\/100\n|move|p1a: Rillaboom|Swords Dance|p1a: Rillaboom\n|-boost|p1a: Rillaboom|atk|2\n|move|p2a: Kingambit|Iron Head|p1b: Clefairy\n|-supereffective|p1b: Clefairy\n|-damage|p1b: Clefairy|0 fnt\n|faint|p1b: Clefairy\n|\n|-heal|p2b: Flutter Mane|62\/100|[from] Grassy Terrain\n|-heal|p1a: Rillaboom|57\/100|[from] Grassy Terrain\n|-heal|p1a: Rillaboom|64\/100|[from] item: Leftovers\n|-heal|p2a: Kingambit|49\/100|[from] Grassy Terrain\n|upkeep\n|\n|t:|1700530508\n|switch|p1b: Kingambit|Kingambit, M|100\/100\n|-damage|p1b: Kingambit|94\/100|[from] Stealth Rock\n|-activate|p1b: Kingambit|ability: Supreme Overlord\n|-start|p1b: Kingambit|fallen4|[silent]\n|turn|6\n|inactive|Xalvadore has 120 seconds left.\n|\n|t:|1700530522\n|move|p2a: Kingambit|Sucker Punch|p1a: Rillaboom\n|-damage|p1a: Rillaboom|0 fnt\n|faint|p1a: Rillaboom\n|move|p1b: Kingambit|Sucker Punch|p2b: Flutter Mane\n|-damage|p2b: Flutter Mane|0 fnt\n|faint|p2b: Flutter Mane\n|-end|p2b: Flutter Mane|Protosynthesis|[silent]\n|\n|-heal|p2a: Kingambit|55\/100|[from] Grassy Terrain\n|-heal|p1b: Kingambit|100\/100|[from] Grassy Terrain\n|upkeep\n|\n|t:|1700530531\n|switch|p2b: Ogerpon|Ogerpon-Hearthflame, F|100\/100\n|-ability|p2b: Ogerpon|Mold Breaker\n|turn|7\n|\n|t:|1700530543\n|move|p1b: Kingambit|Sucker Punch|p2b: Ogerpon\n|-damage|p2b: Ogerpon|28\/100\n|move|p2b: Ogerpon|Ivy Cudgel|p1b: Kingambit|[anim] Ivy Cudgel Fire\n|-supereffective|p1b: Kingambit\n|-damage|p1b: Kingambit|11\/100\n|move|p2a: Kingambit|Brick Break|p1b: Kingambit\n|-supereffective|p1b: Kingambit\n|-damage|p1b: Kingambit|0 fnt\n|faint|p1b: Kingambit\n|-end|p1b: Kingambit|fallen4|[silent]\n|\n|win|Xalvadore\n|raw|Tokitopokefan's rating: 1245 &rarr; <strong>1227<\/strong><br \/>(-18 for losing)\n|raw|Xalvadore's rating: 1345 &rarr; <strong>1359<\/strong><br \/>(+14 for winning)\n|c|\u2606Xalvadore|gg\n","uploadtime":1700530554,"views":3,"p1id":"tokitopokefan","p2id":"xalvadore","formatid":"gen9doublesou","rating":1227,"private":0,"password":""}