{"id":"gen9doublesou-1975836613","p1":"Geniusatstuff","p2":"lolIwatchYT","format":"[Gen 9] Doubles OU","log":"|j|\u2606Geniusatstuff\n|j|\u2606lolIwatchYT\n|t:|1698242566\n|gametype|doubles\n|player|p1|Geniusatstuff|101|1223\n|player|p2|lolIwatchYT|1|1216\n|teamsize|p1|6\n|teamsize|p2|6\n|gen|9\n|tier|[Gen 9] Doubles OU\n|rated|\n|rule|Species Clause: Limit one of each Pok\u00e9mon\n|rule|OHKO Clause: OHKO moves are banned\n|rule|Evasion Moves Clause: Evasion moves are banned\n|rule|Gravity Sleep Clause: The combination of sleep-inducing moves with imperfect accuracy and Gravity or Gigantamax Orbeetle are banned\n|rule|Endless Battle Clause: Forcing endless battles is banned\n|rule|HP Percentage Mod: HP is shown in percentages\n|clearpoke\n|poke|p1|Baxcalibur, F|\n|poke|p1|Milotic, M|\n|poke|p1|Oricorio-Pom-Pom, M|\n|poke|p1|Flamigo, M|\n|poke|p1|Volcarona, M|\n|poke|p1|Wyrdeer, F|\n|poke|p2|Azumarill, M|\n|poke|p2|Arcanine-Hisui, F|\n|poke|p2|Typhlosion-Hisui, F|\n|poke|p2|Gastrodon, F|\n|poke|p2|Tornadus, M|\n|poke|p2|Klefki, M|\n|teampreview\n|inactive|Battle timer is ON: inactive players will automatically lose when time's up. (requested by Geniusatstuff)\n|\n|t:|1698242595\n|start\n|switch|p1a: Oricorio|Oricorio-Pom-Pom, M, shiny|100\/100\n|switch|p1b: Wyrdeer|Wyrdeer, F, shiny|100\/100\n|switch|p2a: Typhlosion|Typhlosion-Hisui, F|100\/100\n|switch|p2b: Arcanine|Arcanine-Hisui, F|100\/100\n|-item|p1a: Oricorio|Focus Sash|[from] ability: Frisk|[of] p2a: Typhlosion|[identify]\n|-item|p1b: Wyrdeer|Lum Berry|[from] ability: Frisk|[of] p2a: Typhlosion|[identify]\n|-ability|p2b: Arcanine|Intimidate|boost\n|-unboost|p1a: Oricorio|atk|1\n|-unboost|p1b: Wyrdeer|atk|1\n|-item|p2b: Arcanine|Air Balloon\n|-ability|p1b: Wyrdeer|Intimidate|boost\n|-unboost|p2a: Typhlosion|atk|1\n|-unboost|p2b: Arcanine|atk|1\n|turn|1\n|inactive|Geniusatstuff has 120 seconds left.\n|\n|t:|1698242630\n|switch|p1a: Milotic|Milotic, M, shiny|100\/100\n|-terastallize|p2a: Typhlosion|Fire\n|move|p2a: Typhlosion|Eruption|p1a: Milotic|[spread] p1a,p1b\n|-resisted|p1a: Milotic\n|-damage|p1a: Milotic|70\/100\n|-damage|p1b: Wyrdeer|27\/100\n|move|p2b: Arcanine|Flare Blitz|p1b: Wyrdeer\n|-damage|p1b: Wyrdeer|0 fnt\n|faint|p1b: Wyrdeer\n|-damage|p2b: Arcanine|92\/100|[from] Recoil\n|\n|-heal|p1a: Milotic|76\/100|[from] item: Leftovers\n|upkeep\n|inactive|Geniusatstuff has 120 seconds left.\n|\n|t:|1698242647\n|switch|p1b: Oricorio|Oricorio-Pom-Pom, M, shiny|100\/100\n|turn|2\n|\n|t:|1698242653\n|switch|p2b: Gastrodon|Gastrodon, F|100\/100\n|move|p2a: Typhlosion|Eruption|p1b: Oricorio|[spread] p1a,p1b\n|-resisted|p1a: Milotic\n|-damage|p1a: Milotic|49\/100\n|-enditem|p1b: Oricorio|Focus Sash\n|-damage|p1b: Oricorio|1\/100\n|move|p1b: Oricorio|Tailwind|p1b: Oricorio\n|-sidestart|p1: Geniusatstuff|move: Tailwind\n|move|p1a: Milotic|Coil|p1a: Milotic\n|-boost|p1a: Milotic|atk|1\n|-boost|p1a: Milotic|def|1\n|-boost|p1a: Milotic|accuracy|1\n|\n|-heal|p1a: Milotic|55\/100|[from] item: Leftovers\n|upkeep\n|turn|3\n|\n|t:|1698242680\n|move|p1b: Oricorio|Protect|p1b: Oricorio\n|-singleturn|p1b: Oricorio|Protect\n|move|p1a: Milotic|Hypnosis|p2a: Typhlosion\n|-status|p2a: Typhlosion|slp|[from] move: Hypnosis\n|cant|p2a: Typhlosion|slp\n|move|p2b: Gastrodon|Earth Power|p1a: Milotic\n|-damage|p1a: Milotic|28\/100\n|-unboost|p1a: Milotic|spd|1\n|-ability|p1a: Milotic|Competitive|boost\n|-boost|p1a: Milotic|spa|2\n|\n|-heal|p1a: Milotic|34\/100|[from] item: Leftovers\n|upkeep\n|turn|4\n|\n|t:|1698242708\n|move|p1b: Oricorio|Revelation Dance|p2a: Typhlosion\n|-damage|p2a: Typhlosion|45\/100 slp\n|move|p1a: Milotic|Blizzard|p2a: Typhlosion|[spread] p2a,p2b\n|-resisted|p2a: Typhlosion\n|-damage|p2a: Typhlosion|14\/100 slp\n|-damage|p2b: Gastrodon|60\/100\n|move|p2b: Gastrodon|Muddy Water|p1b: Oricorio|[spread] p1a,p1b\n|-resisted|p1a: Milotic\n|-damage|p1a: Milotic|18\/100\n|-damage|p1b: Oricorio|0 fnt\n|faint|p1b: Oricorio\n|cant|p2a: Typhlosion|slp\n|\n|-heal|p1a: Milotic|24\/100|[from] item: Leftovers\n|-heal|p2b: Gastrodon|66\/100|[from] item: Leftovers\n|upkeep\n|inactive|Geniusatstuff has 120 seconds left.\n|\n|t:|1698242729\n|switch|p1b: Baxcalibur|Baxcalibur, F, shiny|100\/100\n|turn|5\n|\n|t:|1698242742\n|move|p1b: Baxcalibur|Dragon Dance|p1b: Baxcalibur\n|-boost|p1b: Baxcalibur|atk|1\n|-boost|p1b: Baxcalibur|spe|1\n|move|p1a: Milotic|Blizzard|p2b: Gastrodon|[spread] p2a,p2b\n|-resisted|p2a: Typhlosion\n|-damage|p2a: Typhlosion|0 fnt\n|-damage|p2b: Gastrodon|24\/100\n|faint|p2a: Typhlosion\n|move|p2b: Gastrodon|Earth Power|p1b: Baxcalibur\n|-damage|p1b: Baxcalibur|54\/100\n|\n|-heal|p1a: Milotic|30\/100|[from] item: Leftovers\n|-heal|p2b: Gastrodon|30\/100|[from] item: Leftovers\n|-sideend|p1: Geniusatstuff|move: Tailwind\n|upkeep\n|\n|t:|1698242760\n|switch|p2a: Azumarill|Azumarill, M|100\/100\n|turn|6\n|\n|t:|1698242785\n|move|p1b: Baxcalibur|Icicle Spear|p2a: Azumarill\n|-resisted|p2a: Azumarill\n|-damage|p2a: Azumarill|90\/100\n|-resisted|p2a: Azumarill\n|-damage|p2a: Azumarill|79\/100\n|-resisted|p2a: Azumarill\n|-damage|p2a: Azumarill|67\/100\n|-resisted|p2a: Azumarill\n|-damage|p2a: Azumarill|56\/100\n|-resisted|p2a: Azumarill\n|-damage|p2a: Azumarill|45\/100\n|-enditem|p2a: Azumarill|Sitrus Berry|[eat]\n|-heal|p2a: Azumarill|70\/100|[from] item: Sitrus Berry\n|-hitcount|p2a: Azumarill|5\n|move|p1a: Milotic|Blizzard|p2a: Azumarill|[spread] p2a,p2b\n|-resisted|p2a: Azumarill\n|-damage|p2a: Azumarill|47\/100\n|-damage|p2b: Gastrodon|0 fnt\n|-status|p2a: Azumarill|frz\n|faint|p2b: Gastrodon\n|cant|p2a: Azumarill|frz\n|\n|-heal|p1a: Milotic|36\/100|[from] item: Leftovers\n|upkeep\n|\n|t:|1698242804\n|switch|p2b: Klefki|Klefki, M|100\/100\n|-item|p2b: Klefki|Air Balloon\n|turn|7\n|\n|t:|1698242820\n|move|p2b: Klefki|Light Screen|p2b: Klefki\n|-sidestart|p2: lolIwatchYT|move: Light Screen\n|move|p1b: Baxcalibur|Dragon Dance|p1b: Baxcalibur\n|-boost|p1b: Baxcalibur|atk|1\n|-boost|p1b: Baxcalibur|spe|1\n|move|p1a: Milotic|Blizzard|p2b: Klefki|[spread] p2a,p2b\n|-resisted|p2a: Azumarill\n|-resisted|p2b: Klefki\n|-damage|p2a: Azumarill|34\/100 frz\n|-damage|p2b: Klefki|85\/100\n|-enditem|p2b: Klefki|Air Balloon\n|cant|p2a: Azumarill|frz\n|\n|-heal|p1a: Milotic|42\/100|[from] item: Leftovers\n|upkeep\n|turn|8\n|\n|t:|1698242840\n|switch|p2a: Arcanine|Arcanine-Hisui, F|92\/100\n|-ability|p2a: Arcanine|Intimidate|boost\n|-unboost|p1a: Milotic|atk|1\n|-ability|p1a: Milotic|Competitive|boost\n|-boost|p1a: Milotic|spa|2\n|-unboost|p1b: Baxcalibur|atk|1\n|-item|p2a: Arcanine|Air Balloon\n|move|p1b: Baxcalibur|Icicle Spear|p2a: Arcanine\n|-resisted|p2a: Arcanine\n|-damage|p2a: Arcanine|80\/100\n|-enditem|p2a: Arcanine|Air Balloon\n|-resisted|p2a: Arcanine\n|-damage|p2a: Arcanine|68\/100\n|-resisted|p2a: Arcanine\n|-damage|p2a: Arcanine|55\/100\n|-resisted|p2a: Arcanine\n|-damage|p2a: Arcanine|43\/100\n|-resisted|p2a: Arcanine\n|-damage|p2a: Arcanine|32\/100\n|-hitcount|p2a: Arcanine|5\n|move|p1a: Milotic|Blizzard|p2b: Klefki|[spread] p2a\n|-miss|p1a: Milotic|p2b: Klefki\n|-resisted|p2a: Arcanine\n|-damage|p2a: Arcanine|8\/100\n|move|p2b: Klefki|Dazzling Gleam|p1b: Baxcalibur|[spread] p1a,p1b\n|-supereffective|p1b: Baxcalibur\n|-damage|p1a: Milotic|21\/100\n|-damage|p1b: Baxcalibur|14\/100\n|\n|-heal|p1a: Milotic|27\/100|[from] item: Leftovers\n|upkeep\n|turn|9\n|inactive|Geniusatstuff has 120 seconds left.\n|\n|t:|1698242874\n|move|p1b: Baxcalibur|Protect|p1b: Baxcalibur\n|-singleturn|p1b: Baxcalibur|Protect\n|move|p2a: Arcanine|Head Smash|p1a: Milotic\n|-damage|p1a: Milotic|0 fnt\n|faint|p1a: Milotic\n|-damage|p2a: Arcanine|0 fnt|[from] Recoil\n|faint|p2a: Arcanine\n|move|p2b: Klefki|Dazzling Gleam|p1b: Baxcalibur\n|-activate|p1b: Baxcalibur|move: Protect\n|\n|upkeep\n|\n|t:|1698242889\n|switch|p2a: Tornadus|Tornadus, M|100\/100\n|switch|p1a: Flamigo|Flamigo, M, shiny|100\/100\n|-copyboost|p1a: Flamigo|p1b: Baxcalibur|[from] ability: Costar\n|turn|10\n|\n|t:|1698242910\n|move|p2a: Tornadus|Protect|p2a: Tornadus\n|-singleturn|p2a: Tornadus|Protect\n|move|p1a: Flamigo|Protect|p1a: Flamigo\n|-singleturn|p1a: Flamigo|Protect\n|move|p1b: Baxcalibur|Icicle Spear|p2a: Tornadus\n|-activate|p2a: Tornadus|move: Protect\n|move|p2b: Klefki|Dazzling Gleam|p1b: Baxcalibur|[spread] p1b\n|-activate|p1a: Flamigo|move: Protect\n|-supereffective|p1b: Baxcalibur\n|-damage|p1b: Baxcalibur|0 fnt\n|faint|p1b: Baxcalibur\n|\n|upkeep\n|\n|t:|1698242925\n|switch|p1b: Volcarona|Volcarona, M, shiny|100\/100\n|turn|11\n|\n|t:|1698242944\n|-terastallize|p1a: Flamigo|Dark\n|move|p2a: Tornadus|Tailwind|p2a: Tornadus\n|-sidestart|p2: lolIwatchYT|move: Tailwind\n|move|p1a: Flamigo|Throat Chop|p2a: Tornadus\n|-damage|p2a: Tornadus|0 fnt\n|faint|p2a: Tornadus\n|-damage|p1a: Flamigo|91\/100|[from] item: Life Orb\n|move|p2b: Klefki|Dazzling Gleam|p1a: Flamigo|[spread] p1a,p1b\n|-supereffective|p1a: Flamigo\n|-resisted|p1b: Volcarona\n|-damage|p1a: Flamigo|27\/100\n|-damage|p1b: Volcarona|91\/100\n|move|p1b: Volcarona|Fiery Dance|p2b: Klefki\n|-supereffective|p2b: Klefki\n|-damage|p2b: Klefki|33\/100\n|-boost|p1b: Volcarona|spa|1\n|\n|-sideend|p2: lolIwatchYT|move: Light Screen\n|upkeep\n|\n|t:|1698242959\n|switch|p2a: Azumarill|Azumarill, M|34\/100 frz\n|turn|12\n|\n|t:|1698242968\n|-curestatus|p2a: Azumarill|frz|[msg]\n|move|p2a: Azumarill|Aqua Jet|p1b: Volcarona\n|-supereffective|p1b: Volcarona\n|-damage|p1b: Volcarona|17\/100\n|-enditem|p1b: Volcarona|Sitrus Berry|[eat]\n|-heal|p1b: Volcarona|42\/100|[from] item: Sitrus Berry\n|move|p1a: Flamigo|Brave Bird|p2a: Azumarill\n|-damage|p2a: Azumarill|0 fnt\n|faint|p2a: Azumarill\n|-damage|p1a: Flamigo|12\/100|[from] Recoil\n|-damage|p1a: Flamigo|2\/100|[from] item: Life Orb\n|move|p2b: Klefki|Dazzling Gleam|p1b: Volcarona|[spread] p1a,p1b\n|-supereffective|p1a: Flamigo\n|-resisted|p1b: Volcarona\n|-damage|p1a: Flamigo|0 fnt\n|-damage|p1b: Volcarona|32\/100\n|faint|p1a: Flamigo\n|move|p1b: Volcarona|Quiver Dance|p1b: Volcarona\n|-boost|p1b: Volcarona|spa|1\n|-boost|p1b: Volcarona|spd|1\n|-boost|p1b: Volcarona|spe|1\n|\n|upkeep\n|turn|13\n|c|\u2606lolIwatchYT|gg\n|\n|t:|1698242992\n|move|p1b: Volcarona|Fiery Dance|p2b: Klefki\n|-supereffective|p2b: Klefki\n|-damage|p2b: Klefki|0 fnt\n|faint|p2b: Klefki\n|\n|win|Geniusatstuff\n|raw|Geniusatstuff's rating: 1223 &rarr; <strong>1247<\/strong><br \/>(+24 for winning)\n|raw|lolIwatchYT's rating: 1216 &rarr; <strong>1192<\/strong><br \/>(-24 for losing)\n","uploadtime":1698243000,"views":20,"p1id":"geniusatstuff","p2id":"loliwatchyt","formatid":"gen9doublesou","rating":1192,"private":0,"password":""}