{"id":"gen9doublesou-1979514320","p1":"VYK3","p2":"vvuu","format":"[Gen 9] Doubles OU","log":"|j|\u2606VYK3\n|j|\u2606vvuu\n|t:|1698688687\n|gametype|doubles\n|player|p1|VYK3|veteranf|1491\n|player|p2|vvuu|pokemonbreederf-gen6xy|1385\n|teamsize|p1|6\n|teamsize|p2|6\n|gen|9\n|tier|[Gen 9] Doubles OU\n|rated|\n|rule|Species Clause: Limit one of each Pok\u00e9mon\n|rule|OHKO Clause: OHKO moves are banned\n|rule|Evasion Moves Clause: Evasion moves are banned\n|rule|Gravity Sleep Clause: The combination of sleep-inducing moves with imperfect accuracy and Gravity or Gigantamax Orbeetle are banned\n|rule|Endless Battle Clause: Forcing endless battles is banned\n|rule|HP Percentage Mod: HP is shown in percentages\n|clearpoke\n|poke|p1|Ogerpon-Wellspring, F|\n|poke|p1|Ninetales-Alola, F|\n|poke|p1|Ursaluna-Bloodmoon, M|\n|poke|p1|Gholdengo|\n|poke|p1|Chien-Pao|\n|poke|p1|Landorus-Therian, M|\n|poke|p2|Enamorus-Therian, F|\n|poke|p2|Landorus-Therian, M|\n|poke|p2|Cresselia, F|\n|poke|p2|Tsareena, F|\n|poke|p2|Ursaluna, M|\n|poke|p2|Rotom-Heat|\n|teampreview\n|inactive|Battle timer is ON: inactive players will automatically lose when time's up. (requested by VYK3)\n|inactive|vvuu has 120 seconds left.\n|inactive|vvuu has 90 seconds left.\n|\n|t:|1698688750\n|start\n|switch|p1a: Ninetales|Ninetales-Alola, F|100\/100\n|switch|p1b: Gholdengo|Gholdengo|100\/100\n|switch|p2a: Landorus|Landorus-Therian, M|100\/100\n|switch|p2b: Rotom|Rotom-Heat|100\/100\n|-weather|Snow|[from] ability: Snow Warning|[of] p1a: Ninetales\n|-ability|p2a: Landorus|Intimidate|boost\n|-unboost|p1a: Ninetales|atk|1\n|-unboost|p1b: Gholdengo|atk|1\n|turn|1\n|\n|t:|1698688758\n|switch|p1b: Ogerpon|Ogerpon-Wellspring, F|100\/100\n|move|p2a: Landorus|Protect|p2a: Landorus\n|-singleturn|p2a: Landorus|Protect\n|move|p1a: Ninetales|Aurora Veil|p1a: Ninetales\n|-sidestart|p1: VYK3|move: Aurora Veil\n|move|p2b: Rotom|Discharge|p1b: Ogerpon|[spread] p1a,p1b\n|-activate|p2a: Landorus|move: Protect\n|-damage|p1a: Ninetales|81\/100\n|-damage|p1b: Ogerpon|76\/100\n|\n|-weather|Snow|[upkeep]\n|upkeep\n|turn|2\n|\n|t:|1698688778\n|switch|p2a: Cresselia|Cresselia, F|100\/100\n|-terastallize|p2b: Rotom|Electric\n|move|p1b: Ogerpon|Ivy Cudgel|p2b: Rotom\n|-damage|p2b: Rotom|25\/100\n|move|p1a: Ninetales|Blizzard|p2b: Rotom|[spread] p2a,p2b\n|-damage|p2a: Cresselia|88\/100\n|-damage|p2b: Rotom|0 fnt\n|faint|p2b: Rotom\n|\n|-weather|Snow|[upkeep]\n|-heal|p2a: Cresselia|94\/100|[from] item: Leftovers\n|upkeep\n|\n|t:|1698688794\n|switch|p2b: Landorus|Landorus-Therian, M|100\/100\n|-ability|p2b: Landorus|Intimidate|boost\n|-unboost|p1a: Ninetales|atk|1\n|-unboost|p1b: Ogerpon|atk|1\n|turn|3\n|\n|t:|1698688804\n|switch|p2b: Tsareena|Tsareena, F|100\/100\n|move|p1b: Ogerpon|Ivy Cudgel|p2b: Tsareena\n|-resisted|p2b: Tsareena\n|-damage|p2b: Tsareena|81\/100\n|move|p1a: Ninetales|Blizzard|p2a: Cresselia|[spread] p2a,p2b\n|-supereffective|p2b: Tsareena\n|-damage|p2a: Cresselia|81\/100\n|-damage|p2b: Tsareena|34\/100\n|move|p2a: Cresselia|Trick Room|p2a: Cresselia\n|-fieldstart|move: Trick Room|[of] p2a: Cresselia\n|\n|-weather|Snow|[upkeep]\n|-heal|p2a: Cresselia|87\/100|[from] item: Leftovers\n|upkeep\n|turn|4\n|\n|t:|1698688813\n|move|p2a: Cresselia|Helping Hand|p2b: Tsareena\n|-singleturn|p2b: Tsareena|Helping Hand|[of] p2a: Cresselia\n|move|p1b: Ogerpon|Spiky Shield|p1b: Ogerpon\n|-singleturn|p1b: Ogerpon|move: Protect\n|move|p2b: Tsareena|Power Whip|p1a: Ninetales\n|-damage|p1a: Ninetales|0 fnt\n|faint|p1a: Ninetales\n|\n|-weather|Snow|[upkeep]\n|-heal|p2a: Cresselia|93\/100|[from] item: Leftovers\n|upkeep\n|\n|t:|1698688823\n|switch|p1a: Landorus|Landorus-Therian, M|100\/100\n|-ability|p1a: Landorus|Intimidate|boost\n|-unboost|p2a: Cresselia|atk|1\n|-unboost|p2b: Tsareena|atk|1\n|turn|5\n|\n|t:|1698688833\n|switch|p2b: Landorus|Landorus-Therian, M|100\/100\n|-ability|p2b: Landorus|Intimidate|boost\n|-unboost|p1a: Landorus|atk|1\n|-unboost|p1b: Ogerpon|atk|1\n|switch|p1b: Gholdengo|Gholdengo|100\/100\n|move|p2a: Cresselia|Lunar Blessing|p2a: Cresselia|[spread] p2a,p2b\n|-heal|p2a: Cresselia|100\/100\n|move|p1a: Landorus|Stealth Rock|p2a: Cresselia\n|-sidestart|p2: vvuu|move: Stealth Rock\n|\n|-weather|none\n|upkeep\n|turn|6\n|\n|t:|1698688851\n|move|p2a: Cresselia|Helping Hand|p2b: Landorus\n|-singleturn|p2b: Landorus|Helping Hand|[of] p2a: Cresselia\n|move|p1b: Gholdengo|Nasty Plot|p1b: Gholdengo\n|-boost|p1b: Gholdengo|spa|2\n|move|p2b: Landorus|Earthquake|p1a: Landorus|[spread] p1b\n|-immune|p2a: Cresselia|[from] ability: Levitate\n|-immune|p1a: Landorus\n|-supereffective|p1b: Gholdengo\n|-crit|p1b: Gholdengo\n|-damage|p1b: Gholdengo|0 fnt\n|faint|p1b: Gholdengo\n|move|p1a: Landorus|U-turn|p2b: Landorus\n|-resisted|p2b: Landorus\n|-damage|p2b: Landorus|91\/100\n|\n|t:|1698688855\n|switch|p1a: Ogerpon|Ogerpon-Wellspring, F|76\/100|[from] U-turn\n|\n|upkeep\n|\n|t:|1698688857\n|switch|p1b: Chien-Pao|Chien-Pao|100\/100\n|-ability|p1b: Chien-Pao|Sword of Ruin\n|turn|7\n|\n|t:|1698688866\n|move|p2a: Cresselia|Helping Hand|p2b: Landorus\n|-singleturn|p2b: Landorus|Helping Hand|[of] p2a: Cresselia\n|move|p1b: Chien-Pao|Protect|p1b: Chien-Pao\n|-singleturn|p1b: Chien-Pao|Protect\n|move|p2b: Landorus|Earthquake|p1a: Ogerpon|[spread] p1a\n|-activate|p1b: Chien-Pao|move: Protect\n|-immune|p2a: Cresselia|[from] ability: Levitate\n|-resisted|p1a: Ogerpon\n|-damage|p1a: Ogerpon|36\/100\n|move|p1a: Ogerpon|Ivy Cudgel|p2b: Landorus\n|-supereffective|p2b: Landorus\n|-damage|p2b: Landorus|0 fnt\n|faint|p2b: Landorus\n|\n|-fieldend|move: Trick Room\n|upkeep\n|\n|t:|1698688879\n|switch|p2b: Enamorus|Enamorus-Therian, F|100\/100\n|-damage|p2b: Enamorus|76\/100|[from] Stealth Rock\n|turn|8\n|\n|t:|1698688886\n|move|p1b: Chien-Pao|Icicle Crash|p2a: Cresselia\n|-crit|p2a: Cresselia\n|-damage|p2a: Cresselia|42\/100\n|move|p1a: Ogerpon|Ivy Cudgel|p2a: Cresselia\n|-damage|p2a: Cresselia|0 fnt\n|faint|p2a: Cresselia\n|move|p2b: Enamorus|Springtide Storm|p1b: Chien-Pao|[spread] p1a\n|-miss|p2b: Enamorus|p1b: Chien-Pao\n|-damage|p1a: Ogerpon|1\/100\n|-unboost|p1a: Ogerpon|atk|1\n|\n|-sideend|p1: VYK3|move: Aurora Veil\n|upkeep\n|\n|t:|1698688896\n|switch|p2a: Ursaluna|Ursaluna, M|100\/100\n|-damage|p2a: Ursaluna|94\/100|[from] Stealth Rock\n|turn|9\n|\n|t:|1698688908\n|switch|p1a: Landorus|Landorus-Therian, M|100\/100\n|-ability|p1a: Landorus|Intimidate|boost\n|-unboost|p2a: Ursaluna|atk|1\n|-unboost|p2b: Enamorus|atk|1\n|move|p1b: Chien-Pao|Icicle Crash|p2b: Enamorus\n|-supereffective|p2b: Enamorus\n|-damage|p2b: Enamorus|0 fnt\n|faint|p2b: Enamorus\n|move|p2a: Ursaluna|Earthquake|p1a: Landorus|[spread] p1b\n|-immune|p1a: Landorus\n|-damage|p1b: Chien-Pao|61\/100\n|\n|-status|p2a: Ursaluna|brn|[from] item: Flame Orb\n|upkeep\n|\n|t:|1698688915\n|switch|p2b: Tsareena|Tsareena, F|34\/100\n|-damage|p2b: Tsareena|22\/100|[from] Stealth Rock\n|turn|10\n|\n|t:|1698688923\n|move|p1b: Chien-Pao|Protect|p1b: Chien-Pao\n|-singleturn|p1b: Chien-Pao|Protect\n|move|p1a: Landorus|U-turn|p2b: Tsareena\n|-supereffective|p2b: Tsareena\n|-damage|p2b: Tsareena|0 fnt\n|faint|p2b: Tsareena\n|\n|t:|1698688928\n|switch|p1a: Ogerpon|Ogerpon-Wellspring, F|1\/100|[from] U-turn\n|move|p2a: Ursaluna|Facade|p1b: Chien-Pao\n|-activate|p1b: Chien-Pao|move: Protect\n|\n|-damage|p2a: Ursaluna|88\/100 brn|[from] brn\n|upkeep\n|turn|11\n|\n|t:|1698688933\n|move|p1b: Chien-Pao|Icicle Crash|p2a: Ursaluna\n|-supereffective|p2a: Ursaluna\n|-damage|p2a: Ursaluna|2\/100 brn\n|move|p1a: Ogerpon|Ivy Cudgel|p2a: Ursaluna\n|-supereffective|p2a: Ursaluna\n|-damage|p2a: Ursaluna|0 fnt\n|faint|p2a: Ursaluna\n|\n|win|VYK3\n|raw|VYK3's rating: 1491 &rarr; <strong>1505<\/strong><br \/>(+14 for winning)\n|raw|vvuu's rating: 1385 &rarr; <strong>1371<\/strong><br \/>(-14 for losing)\n|l|\u2606vvuu\n","uploadtime":1698688945,"views":15,"p1id":"vyk3","p2id":"vvuu","formatid":"gen9doublesou","rating":1371,"private":0,"password":""}