{"id":"gen9doublesou-1986709249","p1":"Theonlykev1","p2":"garotodoola","format":"[Gen 9] Doubles OU","log":"|j|\u2606Theonlykev1\n|j|\u2606garotodoola\n|t:|1699511751\n|gametype|doubles\n|player|p1|Theonlykev1|ltsurge|1000\n|player|p2|garotodoola|101|1055\n|teamsize|p1|6\n|teamsize|p2|6\n|gen|9\n|tier|[Gen 9] Doubles OU\n|rated|\n|rule|Species Clause: Limit one of each Pok\u00e9mon\n|rule|OHKO Clause: OHKO moves are banned\n|rule|Evasion Moves Clause: Evasion moves are banned\n|rule|Gravity Sleep Clause: The combination of sleep-inducing moves with imperfect accuracy and Gravity or Gigantamax Orbeetle are banned\n|rule|Endless Battle Clause: Forcing endless battles is banned\n|rule|HP Percentage Mod: HP is shown in percentages\n|clearpoke\n|poke|p1|Farigiraf, M|\n|poke|p1|Thundurus, M|\n|poke|p1|Slaking, F|\n|poke|p1|Weezing, M|\n|poke|p1|Walking Wake|\n|poke|p1|Ogerpon-Hearthflame, F|\n|poke|p2|Empoleon, F|\n|poke|p2|Zoroark-Hisui, F|\n|poke|p2|Regieleki|\n|poke|p2|Grimmsnarl, M|\n|poke|p2|Gallade, M|\n|poke|p2|Iron Jugulis|\n|teampreview\n|c|\u2606Theonlykev1|Glhf\n|c|\u2606Theonlykev1|First time in this format\n|\n|t:|1699511783\n|start\n|switch|p1a: Weezing|Weezing, M|100\/100\n|switch|p1b: Slaking|Slaking, F|100\/100\n|switch|p2a: Regieleki|Regieleki|100\/100\n|switch|p2b: Empoleon|Empoleon, F, shiny|100\/100\n|-ability|p1a: Weezing|Neutralizing Gas\n|turn|1\n|\n|t:|1699511805\n|move|p2a: Regieleki|Protect|p2a: Regieleki\n|-singleturn|p2a: Regieleki|Protect\n|move|p1b: Slaking|Rock Slide|p2b: Empoleon|[spread] p2b\n|-activate|p2a: Regieleki|move: Protect\n|-resisted|p2b: Empoleon\n|-damage|p2b: Empoleon|85\/100\n|move|p2b: Empoleon|Chilling Water|p1a: Weezing\n|-damage|p1a: Weezing|83\/100\n|-unboost|p1a: Weezing|atk|1\n|move|p1a: Weezing|Thunderbolt|p2b: Empoleon\n|-supereffective|p2b: Empoleon\n|-damage|p2b: Empoleon|31\/100\n|\n|upkeep\n|turn|2\n|\n|t:|1699511844\n|switch|p2b: Grimmsnarl|Grimmsnarl, M, shiny|100\/100\n|move|p2a: Regieleki|Thunder|p1a: Weezing\n|-damage|p1a: Weezing|53\/100\n|-status|p1a: Weezing|par\n|move|p1b: Slaking|High Horsepower|p2a: Regieleki\n|-supereffective|p2a: Regieleki\n|-enditem|p2a: Regieleki|Focus Sash\n|-damage|p2a: Regieleki|1\/100\n|move|p1a: Weezing|Thunderbolt|p2b: Grimmsnarl\n|-damage|p2b: Grimmsnarl|66\/100\n|\n|-heal|p2b: Grimmsnarl|72\/100|[from] item: Leftovers\n|upkeep\n|turn|3\n|\n|t:|1699511878\n|move|p2a: Regieleki|Protect|p2a: Regieleki\n|-singleturn|p2a: Regieleki|Protect\n|move|p1b: Slaking|Rock Slide|p2a: Regieleki|[spread] p2b\n|-activate|p2a: Regieleki|move: Protect\n|-damage|p2b: Grimmsnarl|39\/100\n|move|p2b: Grimmsnarl|Dark Pulse|p1b: Slaking\n|-damage|p1b: Slaking|63\/100\n|move|p1a: Weezing|Sludge Bomb|p2b: Grimmsnarl\n|-supereffective|p2b: Grimmsnarl\n|-damage|p2b: Grimmsnarl|0 fnt\n|faint|p2b: Grimmsnarl\n|\n|-heal|p1b: Slaking|69\/100|[from] item: Leftovers\n|upkeep\n|\n|t:|1699511889\n|switch|p2b: Zoroark|Zoroark-Hisui, F, shiny|100\/100\n|turn|4\n|\n|t:|1699511909\n|-terastallize|p2b: Zoroark|Fighting\n|move|p2a: Regieleki|Thunder|p1b: Slaking|[miss]\n|-miss|p2a: Regieleki|p1b: Slaking\n|move|p1b: Slaking|High Horsepower|p2b: Zoroark\n|-damage|p2b: Zoroark|37\/100\n|move|p2b: Zoroark|Brick Break|p1b: Slaking\n|-supereffective|p1b: Slaking\n|-damage|p1b: Slaking|20\/100\n|move|p1a: Weezing|Heat Wave|p2a: Regieleki|[spread] p2a,p2b\n|-damage|p2a: Regieleki|0 fnt\n|-damage|p2b: Zoroark|7\/100\n|faint|p2a: Regieleki\n|\n|-heal|p1b: Slaking|26\/100|[from] item: Leftovers\n|upkeep\n|\n|t:|1699511914\n|switch|p2a: Gallade|Gallade, M, shiny|100\/100\n|turn|5\n|\n|t:|1699511939\n|move|p1b: Slaking|Rock Slide|p2a: Gallade|[spread] p2a,p2b\n|-resisted|p2a: Gallade\n|-resisted|p2b: Zoroark\n|-damage|p2a: Gallade|78\/100\n|-damage|p2b: Zoroark|0 fnt\n|faint|p2b: Zoroark\n|move|p2a: Gallade|Close Combat|p1b: Slaking\n|-supereffective|p1b: Slaking\n|-damage|p1b: Slaking|0 fnt\n|-unboost|p2a: Gallade|def|1\n|-unboost|p2a: Gallade|spd|1\n|faint|p1b: Slaking\n|move|p1a: Weezing|Heat Wave|p2a: Gallade\n|-damage|p2a: Gallade|34\/100\n|-status|p2a: Gallade|brn\n|\n|-damage|p2a: Gallade|28\/100 brn|[from] brn\n|upkeep\n|\n|t:|1699511962\n|switch|p1b: Farigiraf|Farigiraf, M|100\/100\n|switch|p2b: Empoleon|Empoleon, F, shiny|31\/100\n|turn|6\n|\n|t:|1699511985\n|move|p2a: Gallade|Protect|p2a: Gallade\n|-singleturn|p2a: Gallade|Protect\n|move|p2b: Empoleon|Blizzard|p1b: Farigiraf|[spread] p1b\n|-miss|p2b: Empoleon|p1a: Weezing\n|-damage|p1b: Farigiraf|78\/100\n|move|p1b: Farigiraf|Hyper Voice|p2a: Gallade|[spread] p2b\n|-activate|p2a: Gallade|move: Protect\n|-resisted|p2b: Empoleon\n|-damage|p2b: Empoleon|15\/100\n|move|p1a: Weezing|Heat Wave|p2b: Empoleon|[spread] p2b\n|-activate|p2a: Gallade|move: Protect\n|-damage|p2b: Empoleon|0 fnt\n|faint|p2b: Empoleon\n|\n|-damage|p2a: Gallade|21\/100 brn|[from] brn\n|upkeep\n|\n|t:|1699511987\n|switch|p2b: Iron Jugulis|Iron Jugulis, shiny|100\/100\n|turn|7\n|\n|t:|1699512017\n|move|p2a: Gallade|Close Combat|p1b: Farigiraf\n|-damage|p1b: Farigiraf|52\/100\n|-unboost|p2a: Gallade|def|1\n|-unboost|p2a: Gallade|spd|1\n|move|p2b: Iron Jugulis|Focus Blast|p1b: Farigiraf|[miss]\n|-miss|p2b: Iron Jugulis|p1b: Farigiraf\n|move|p1b: Farigiraf|Dazzling Gleam|p2a: Gallade|[spread] p2a,p2b\n|-supereffective|p2a: Gallade\n|-supereffective|p2b: Iron Jugulis\n|-damage|p2a: Gallade|0 fnt\n|-damage|p2b: Iron Jugulis|57\/100\n|faint|p2a: Gallade\n|move|p1a: Weezing|Thunderbolt|p2b: Iron Jugulis\n|-supereffective|p2b: Iron Jugulis\n|-damage|p2b: Iron Jugulis|0 fnt\n|faint|p2b: Iron Jugulis\n|-end|p2b: Iron Jugulis|Quark Drive|[silent]\n|\n|win|Theonlykev1\n|raw|Theonlykev1's rating: 1000 &rarr; <strong>1046<\/strong><br \/>(+46 for winning)\n|raw|garotodoola's rating: 1055 &rarr; <strong>1034<\/strong><br \/>(-21 for losing)\n","uploadtime":1699512036,"views":37,"p1id":"theonlykev1","p2id":"garotodoola","formatid":"gen9doublesou","rating":1034,"private":0,"password":""}