{"id":"gen9doublesou-1994340818","p1":"Fritz420","p2":"EngineerPlaysMons","format":"[Gen 9] Doubles OU","log":"|j|\u2606Fritz420\n|j|\u2606EngineerPlaysMons\n|t:|1700432943\n|gametype|doubles\n|player|p1|Fritz420|brock|1707\n|player|p2|EngineerPlaysMons|schoolkid-gen4|1563\n|teamsize|p1|6\n|teamsize|p2|6\n|gen|9\n|tier|[Gen 9] Doubles OU\n|rated|\n|rule|Species Clause: Limit one of each Pok\u00e9mon\n|rule|OHKO Clause: OHKO moves are banned\n|rule|Evasion Moves Clause: Evasion moves are banned\n|rule|Gravity Sleep Clause: The combination of sleep-inducing moves with imperfect accuracy and Gravity or Gigantamax Orbeetle are banned\n|rule|Endless Battle Clause: Forcing endless battles is banned\n|rule|HP Percentage Mod: HP is shown in percentages\n|clearpoke\n|poke|p1|Dragonite, F|\n|poke|p1|Chien-Pao|\n|poke|p1|Ogerpon-Hearthflame, F|\n|poke|p1|Iron Hands|\n|poke|p1|Flutter Mane|\n|poke|p1|Amoonguss, F|\n|poke|p2|Rillaboom, F|\n|poke|p2|Ninetales-Alola, F|\n|poke|p2|Glimmora, M|\n|poke|p2|Sinistcha-Masterpiece|\n|poke|p2|Volcanion|\n|poke|p2|Chi-Yu|\n|teampreview\n|inactive|Battle timer is ON: inactive players will automatically lose when time's up. (requested by EngineerPlaysMons)\n|inactive|Fritz420 has 120 seconds left.\n|\n|t:|1700432991\n|start\n|switch|p1a: Ogerpon|Ogerpon-Hearthflame, F|100\/100\n|switch|p1b: Flutter Mane|Flutter Mane|100\/100\n|switch|p2a: Ninetales|Ninetales-Alola, F|100\/100\n|switch|p2b: Glimmora|Glimmora, M|100\/100\n|-weather|Snow|[from] ability: Snow Warning|[of] p2a: Ninetales\n|-ability|p1a: Ogerpon|Mold Breaker\n|turn|1\n|\n|t:|1700433008\n|move|p2a: Ninetales|Protect|p2a: Ninetales\n|-singleturn|p2a: Ninetales|Protect\n|move|p1b: Flutter Mane|Shadow Ball|p2b: Glimmora\n|-damage|p2b: Glimmora|25\/100\n|move|p1a: Ogerpon|Wood Hammer|p2b: Glimmora\n|-damage|p2b: Glimmora|0 fnt\n|-activate|p2b: Glimmora|ability: Toxic Debris\n|-sidestart|p1: Fritz420|move: Toxic Spikes\n|faint|p2b: Glimmora\n|-damage|p1a: Ogerpon|93\/100|[from] Recoil\n|\n|-weather|Snow|[upkeep]\n|upkeep\n|\n|t:|1700433019\n|switch|p2b: Rillaboom|Rillaboom, F|100\/100\n|-fieldstart|move: Grassy Terrain|[from] ability: Grassy Surge|[of] p2b: Rillaboom\n|turn|2\n|\n|t:|1700433030\n|switch|p1a: Amoonguss|Amoonguss, F|100\/100\n|-sideend|p1: Fritz420|move: Toxic Spikes|[of] p1a: Amoonguss\n|move|p2b: Rillaboom|Fake Out|p1a: Amoonguss\n|-damage|p1a: Amoonguss|88\/100\n|-damage|p2b: Rillaboom|84\/100|[from] item: Rocky Helmet|[of] p1a: Amoonguss\n|move|p1b: Flutter Mane|Shadow Ball|p2a: Ninetales\n|-damage|p2a: Ninetales|34\/100\n|move|p2a: Ninetales|Aurora Veil|p2a: Ninetales\n|-sidestart|p2: EngineerPlaysMons|move: Aurora Veil\n|\n|-weather|Snow|[upkeep]\n|-heal|p2a: Ninetales|40\/100|[from] Grassy Terrain\n|-heal|p2b: Rillaboom|90\/100|[from] Grassy Terrain\n|-heal|p1a: Amoonguss|94\/100|[from] Grassy Terrain\n|upkeep\n|turn|3\n|\n|t:|1700433051\n|move|p2b: Rillaboom|Grassy Glide|p1b: Flutter Mane\n|-damage|p1b: Flutter Mane|39\/100\n|move|p1b: Flutter Mane|Shadow Ball|p2a: Ninetales\n|-damage|p2a: Ninetales|0 fnt\n|faint|p2a: Ninetales\n|move|p1a: Amoonguss|Pollen Puff|p1b: Flutter Mane\n|-heal|p1b: Flutter Mane|89\/100\n|\n|-weather|Snow|[upkeep]\n|-heal|p1b: Flutter Mane|95\/100|[from] Grassy Terrain\n|-heal|p2b: Rillaboom|96\/100|[from] Grassy Terrain\n|-heal|p1a: Amoonguss|100\/100|[from] Grassy Terrain\n|upkeep\n|\n|t:|1700433059\n|switch|p2a: Chi-Yu|Chi-Yu|100\/100\n|-ability|p2a: Chi-Yu|Beads of Ruin\n|turn|4\n|\n|t:|1700433081\n|-end|p1b: Flutter Mane|Protosynthesis|[silent]\n|switch|p1b: Iron Hands|Iron Hands|100\/100\n|-terastallize|p1a: Amoonguss|Dark\n|move|p2b: Rillaboom|Grassy Glide|p1b: Iron Hands\n|-damage|p1b: Iron Hands|76\/100\n|move|p2a: Chi-Yu|Heat Wave|p1a: Amoonguss|[spread] p1a\n|-miss|p2a: Chi-Yu|p1b: Iron Hands\n|-damage|p1a: Amoonguss|55\/100\n|move|p1a: Amoonguss|Spore|p2a: Chi-Yu\n|-status|p2a: Chi-Yu|slp|[from] move: Spore\n|\n|-weather|Snow|[upkeep]\n|-heal|p2b: Rillaboom|100\/100|[from] Grassy Terrain\n|-heal|p1b: Iron Hands|83\/100|[from] Grassy Terrain\n|-heal|p1a: Amoonguss|61\/100|[from] Grassy Terrain\n|upkeep\n|turn|5\n|\n|t:|1700433106\n|switch|p2a: Sinistcha|Sinistcha-Masterpiece|100\/100\n|move|p2b: Rillaboom|Wood Hammer|p1b: Iron Hands\n|-damage|p1b: Iron Hands|22\/100\n|-damage|p2b: Rillaboom|74\/100|[from] Recoil\n|move|p1b: Iron Hands|Close Combat|p2a: Sinistcha\n|-immune|p2a: Sinistcha\n|move|p1a: Amoonguss|Pollen Puff|p1b: Iron Hands\n|-heal|p1b: Iron Hands|72\/100\n|\n|-weather|none\n|-heal|p2b: Rillaboom|80\/100|[from] Grassy Terrain\n|-heal|p1b: Iron Hands|78\/100|[from] Grassy Terrain\n|-heal|p1a: Amoonguss|67\/100|[from] Grassy Terrain\n|upkeep\n|turn|6\n|\n|t:|1700433123\n|-end|p1b: Iron Hands|Quark Drive|[silent]\n|switch|p1b: Ogerpon|Ogerpon-Hearthflame, F|93\/100\n|-ability|p1b: Ogerpon|Mold Breaker\n|switch|p1a: Dragonite|Dragonite, F|100\/100\n|move|p2b: Rillaboom|Wood Hammer|p1b: Ogerpon\n|-resisted|p1b: Ogerpon\n|-damage|p1b: Ogerpon|69\/100\n|-damage|p2b: Rillaboom|73\/100|[from] Recoil\n|move|p2a: Sinistcha|Matcha Gotcha|p1a: Dragonite|[spread] p1a,p1b\n|-resisted|p1a: Dragonite\n|-resisted|p1b: Ogerpon\n|-damage|p1a: Dragonite|95\/100\n|-damage|p1b: Ogerpon|60\/100\n|\n|-heal|p1b: Ogerpon|66\/100|[from] Grassy Terrain\n|-heal|p2b: Rillaboom|79\/100|[from] Grassy Terrain\n|-fieldend|move: Grassy Terrain\n|upkeep\n|turn|7\n|\n|t:|1700433147\n|switch|p2b: Chi-Yu|Chi-Yu|100\/100 slp\n|-ability|p2b: Chi-Yu|Beads of Ruin\n|-terastallize|p2a: Sinistcha|Water\n|move|p1b: Ogerpon|Ivy Cudgel|p2a: Sinistcha|[anim] Ivy Cudgel Fire\n|-resisted|p2a: Sinistcha\n|-damage|p2a: Sinistcha|76\/100\n|move|p2a: Sinistcha|Matcha Gotcha|p1b: Ogerpon|[spread] p1a,p1b\n|-resisted|p1a: Dragonite\n|-resisted|p1b: Ogerpon\n|-damage|p1a: Dragonite|89\/100\n|-heal|p2a: Sinistcha|80\/100|[from] drain|[of] p1a: Dragonite\n|-damage|p1b: Ogerpon|56\/100\n|-heal|p2a: Sinistcha|85\/100|[from] drain|[of] p1b: Ogerpon\n|move|p1a: Dragonite|Dragon Claw|p2a: Sinistcha\n|-damage|p2a: Sinistcha|50\/100\n|\n|-heal|p2a: Sinistcha|56\/100|[from] item: Leftovers\n|upkeep\n|turn|8\n|\n|t:|1700433165\n|move|p2a: Sinistcha|Protect|p2a: Sinistcha\n|-singleturn|p2a: Sinistcha|Protect\n|cant|p2b: Chi-Yu|slp\n|move|p1b: Ogerpon|Wood Hammer|p2a: Sinistcha\n|-activate|p2a: Sinistcha|move: Protect\n|move|p1a: Dragonite|Dragon Claw|p2b: Chi-Yu\n|-damage|p2b: Chi-Yu|50\/100 slp\n|\n|-heal|p2a: Sinistcha|62\/100|[from] item: Leftovers\n|upkeep\n|turn|9\n|\n|t:|1700433184\n|switch|p2a: Rillaboom|Rillaboom, F|79\/100\n|-fieldstart|move: Grassy Terrain|[from] ability: Grassy Surge|[of] p2a: Rillaboom\n|cant|p2b: Chi-Yu|slp\n|move|p1b: Ogerpon|Ivy Cudgel|p2a: Rillaboom|[anim] Ivy Cudgel Fire\n|-supereffective|p2a: Rillaboom\n|-crit|p2a: Rillaboom\n|-damage|p2a: Rillaboom|0 fnt\n|faint|p2a: Rillaboom\n|move|p1a: Dragonite|Dragon Claw|p2b: Chi-Yu\n|-damage|p2b: Chi-Yu|0 fnt\n|faint|p2b: Chi-Yu\n|\n|-heal|p1b: Ogerpon|62\/100|[from] Grassy Terrain\n|-sideend|p2: EngineerPlaysMons|move: Aurora Veil\n|upkeep\n|\n|t:|1700433197\n|switch|p2b: Volcanion|Volcanion|100\/100\n|switch|p2a: Sinistcha|Sinistcha-Masterpiece, tera:Water|62\/100\n|turn|10\n|\n|t:|1700433211\n|switch|p1a: Chien-Pao|Chien-Pao|100\/100\n|-ability|p1a: Chien-Pao|Sword of Ruin\n|move|p2a: Sinistcha|Protect|p2a: Sinistcha\n|-singleturn|p2a: Sinistcha|Protect\n|move|p1b: Ogerpon|Wood Hammer|p2b: Volcanion\n|-damage|p2b: Volcanion|0 fnt\n|faint|p2b: Volcanion\n|-damage|p1b: Ogerpon|27\/100|[from] Recoil\n|\n|-heal|p1b: Ogerpon|33\/100|[from] Grassy Terrain\n|-heal|p2a: Sinistcha|68\/100|[from] Grassy Terrain\n|-heal|p2a: Sinistcha|74\/100|[from] item: Leftovers\n|upkeep\n|turn|11\n|-message|EngineerPlaysMons forfeited.\n|\n|win|Fritz420\n|raw|Fritz420's rating: 1707 &rarr; <strong>1719<\/strong><br \/>(+12 for winning)\n|raw|EngineerPlaysMons's rating: 1563 &rarr; <strong>1551<\/strong><br \/>(-12 for losing)\n|l|\u2606EngineerPlaysMons\n","uploadtime":1700433230,"views":29,"p1id":"fritz420","p2id":"engineerplaysmons","formatid":"gen9doublesou","rating":1551,"private":0,"password":""}