{"id":"gen9doublesou-1987697736","p1":"Thehombre","p2":"Dugongyyy","format":"[Gen 9] Doubles OU","log":"|j|\u2606Thehombre\n|j|\u2606Dugongyyy\n|t:|1699628698\n|gametype|doubles\n|player|p1|Thehombre|1|1187\n|player|p2|Dugongyyy|n|1218\n|teamsize|p1|6\n|teamsize|p2|6\n|gen|9\n|tier|[Gen 9] Doubles OU\n|rated|\n|rule|Species Clause: Limit one of each Pok\u00e9mon\n|rule|OHKO Clause: OHKO moves are banned\n|rule|Evasion Moves Clause: Evasion moves are banned\n|rule|Gravity Sleep Clause: The combination of sleep-inducing moves with imperfect accuracy and Gravity or Gigantamax Orbeetle are banned\n|rule|Endless Battle Clause: Forcing endless battles is banned\n|rule|HP Percentage Mod: HP is shown in percentages\n|clearpoke\n|poke|p1|Copperajah, M|\n|poke|p1|Bronzong|\n|poke|p1|Armarouge, F|\n|poke|p1|Torkoal, M|\n|poke|p1|Dipplin, M|\n|poke|p1|Great Tusk|\n|poke|p2|Iron Hands|\n|poke|p2|Ting-Lu|\n|poke|p2|Sinistcha-Masterpiece|\n|poke|p2|Rillaboom, M|\n|poke|p2|Diancie|\n|poke|p2|Amoonguss, M|\n|teampreview\n|inactive|Battle timer is ON: inactive players will automatically lose when time's up. (requested by Thehombre)\n|c|\u2606Dugongyyy|good luck\n|\n|t:|1699628722\n|start\n|switch|p1a: Copperajah|Copperajah, M|100\/100\n|switch|p1b: Bronzong|Bronzong|100\/100\n|switch|p2a: Emanuele|Sinistcha-Masterpiece, shiny|100\/100\n|switch|p2b: Genny Savastano|Ting-Lu|100\/100\n|-ability|p2b: Genny Savastano|Vessel of Ruin\n|turn|1\n|\n|t:|1699628745\n|move|p1a: Copperajah|Curse|p1a: Copperajah\n|-unboost|p1a: Copperajah|spe|1\n|-boost|p1a: Copperajah|atk|1\n|-boost|p1a: Copperajah|def|1\n|move|p2b: Genny Savastano|Ruination|p1b: Bronzong\n|-damage|p1b: Bronzong|50\/100\n|-damage|p2b: Genny Savastano|91\/100|[from] item: Life Orb\n|move|p2a: Emanuele|Trick Room|p2a: Emanuele\n|-fieldstart|move: Trick Room|[of] p2a: Emanuele\n|move|p1b: Bronzong|Trick Room|p1b: Bronzong\n|-fieldend|move: Trick Room\n|\n|-heal|p1b: Bronzong|57\/100|[from] item: Leftovers\n|upkeep\n|turn|2\n|\n|t:|1699628770\n|move|p2a: Emanuele|Rage Powder|p2a: Emanuele\n|-singleturn|p2a: Emanuele|move: Rage Powder\n|move|p2b: Genny Savastano|Ruination|p1a: Copperajah\n|-damage|p1a: Copperajah|50\/100\n|-damage|p2b: Genny Savastano|81\/100|[from] item: Life Orb\n|move|p1a: Copperajah|Curse|p1a: Copperajah\n|-unboost|p1a: Copperajah|spe|1\n|-boost|p1a: Copperajah|atk|1\n|-boost|p1a: Copperajah|def|1\n|move|p1b: Bronzong|Trick Room|p1b: Bronzong\n|-fieldstart|move: Trick Room|[of] p1b: Bronzong\n|\n|-heal|p1a: Copperajah|57\/100|[from] item: Leftovers\n|-heal|p1b: Bronzong|63\/100|[from] item: Leftovers\n|upkeep\n|turn|3\n|\n|t:|1699628795\n|move|p1a: Copperajah|Heavy Slam|p2a: Emanuele\n|-damage|p2a: Emanuele|0 fnt\n|faint|p2a: Emanuele\n|move|p1b: Bronzong|Iron Defense|p1b: Bronzong\n|-boost|p1b: Bronzong|def|2\n|move|p2b: Genny Savastano|Ruination|p1a: Copperajah\n|-damage|p1a: Copperajah|29\/100\n|-damage|p2b: Genny Savastano|71\/100|[from] item: Life Orb\n|\n|-heal|p1a: Copperajah|35\/100|[from] item: Leftovers\n|-heal|p1b: Bronzong|69\/100|[from] item: Leftovers\n|upkeep\n|\n|t:|1699628807\n|switch|p2a: Gianni|Iron Hands|100\/100\n|-enditem|p2a: Gianni|Booster Energy\n|-activate|p2a: Gianni|ability: Quark Drive|[fromitem]\n|-start|p2a: Gianni|quarkdriveatk\n|turn|4\n|\n|t:|1699628820\n|move|p1a: Copperajah|Heat Crash|p2a: Gianni\n|-damage|p2a: Gianni|60\/100\n|move|p1b: Bronzong|Iron Defense|p1b: Bronzong\n|-boost|p1b: Bronzong|def|2\n|move|p2b: Genny Savastano|Ruination|p1b: Bronzong\n|-damage|p1b: Bronzong|35\/100\n|-damage|p2b: Genny Savastano|61\/100|[from] item: Life Orb\n|move|p2a: Gianni|Drain Punch|p1a: Copperajah\n|-supereffective|p1a: Copperajah\n|-damage|p1a: Copperajah|0 fnt\n|-heal|p2a: Gianni|75\/100|[from] drain|[of] p1a: Copperajah\n|faint|p1a: Copperajah\n|\n|-heal|p1b: Bronzong|41\/100|[from] item: Leftovers\n|upkeep\n|\n|t:|1699628834\n|switch|p1a: Armarouge|Armarouge, F|100\/100\n|turn|5\n|\n|t:|1699628858\n|move|p1b: Bronzong|Body Press|p2a: Gianni\n|-damage|p2a: Gianni|32\/100\n|move|p2b: Genny Savastano|Stomping Tantrum|p1a: Armarouge\n|-supereffective|p1a: Armarouge\n|-damage|p1a: Armarouge|11\/100\n|-damage|p2b: Genny Savastano|51\/100|[from] item: Life Orb\n|move|p2a: Gianni|Swords Dance|p2a: Gianni\n|-boost|p2a: Gianni|atk|2\n|move|p1a: Armarouge|Heat Wave|p2a: Gianni|[spread] p2a\n|-miss|p1a: Armarouge|p2b: Genny Savastano\n|-damage|p2a: Gianni|7\/100\n|\n|-heal|p1b: Bronzong|47\/100|[from] item: Leftovers\n|-heal|p1a: Armarouge|17\/100|[from] item: Leftovers\n|upkeep\n|turn|6\n|\n|t:|1699628875\n|move|p1b: Bronzong|Body Press|p2a: Gianni\n|-damage|p2a: Gianni|0 fnt\n|faint|p2a: Gianni\n|-end|p2a: Gianni|Quark Drive|[silent]\n|move|p2b: Genny Savastano|Stomping Tantrum|p1a: Armarouge\n|-supereffective|p1a: Armarouge\n|-damage|p1a: Armarouge|0 fnt\n|faint|p1a: Armarouge\n|-damage|p2b: Genny Savastano|41\/100|[from] item: Life Orb\n|\n|-heal|p1b: Bronzong|53\/100|[from] item: Leftovers\n|-fieldend|move: Trick Room\n|upkeep\n|\n|t:|1699628893\n|switch|p1a: Dipplin|Dipplin, M|100\/100\n|switch|p2a: Mario Draghi|Rillaboom, M, shiny|100\/100\n|-fieldstart|move: Grassy Terrain|[from] ability: Grassy Surge|[of] p2a: Mario Draghi\n|-ability|p1a: Dipplin|Supersweet Syrup\n|-ability|p1a: Dipplin|Supersweet Syrup|boost\n|-unboost|p2a: Mario Draghi|evasion|1\n|-unboost|p2b: Genny Savastano|evasion|1\n|turn|7\n|\n|t:|1699628911\n|move|p2a: Mario Draghi|Fake Out|p1b: Bronzong\n|-resisted|p1b: Bronzong\n|-crit|p1b: Bronzong\n|-damage|p1b: Bronzong|44\/100\n|move|p1a: Dipplin|Pollen Puff|p1b: Bronzong\n|-heal|p1b: Bronzong|94\/100\n|move|p2b: Genny Savastano|Ruination|p1b: Bronzong\n|-damage|p1b: Bronzong|48\/100\n|-damage|p2b: Genny Savastano|31\/100|[from] item: Life Orb\n|cant|p1b: Bronzong|flinch\n|\n|-heal|p2b: Genny Savastano|37\/100|[from] Grassy Terrain\n|-heal|p1b: Bronzong|54\/100|[from] item: Leftovers\n|upkeep\n|turn|8\n|\n|t:|1699628939\n|-terastallize|p2a: Mario Draghi|Flying\n|move|p2a: Mario Draghi|Acrobatics|p1a: Dipplin\n|-supereffective|p1a: Dipplin\n|-damage|p1a: Dipplin|49\/100\n|move|p1a: Dipplin|Pollen Puff|p1b: Bronzong\n|-heal|p1b: Bronzong|100\/100\n|move|p2b: Genny Savastano|Zen Headbutt|p1b: Bronzong\n|-resisted|p1b: Bronzong\n|-damage|p1b: Bronzong|98\/100\n|-damage|p2b: Genny Savastano|27\/100|[from] item: Life Orb\n|move|p1b: Bronzong|Body Press|p2b: Genny Savastano\n|-supereffective|p2b: Genny Savastano\n|-damage|p2b: Genny Savastano|0 fnt\n|faint|p2b: Genny Savastano\n|\n|-heal|p1a: Dipplin|55\/100|[from] Grassy Terrain\n|-heal|p1a: Dipplin|61\/100|[from] item: Leftovers\n|-heal|p1b: Bronzong|100\/100|[from] item: Leftovers\n|upkeep\n|inactive|Dugongyyy has 120 seconds left.\n|\n|t:|1699628956\n|switch|p2b: Gare Gare|Amoonguss, M, shiny|100\/100\n|turn|9\n|\n|t:|1699628967\n|switch|p1a: Torkoal|Torkoal, M|100\/100\n|move|p2a: Mario Draghi|Acrobatics|p1a: Torkoal\n|-damage|p1a: Torkoal|78\/100\n|move|p2b: Gare Gare|Spore|p1b: Bronzong\n|-status|p1b: Bronzong|slp|[from] move: Spore\n|cant|p1b: Bronzong|slp\n|\n|-heal|p1a: Torkoal|84\/100|[from] Grassy Terrain\n|-heal|p1a: Torkoal|91\/100|[from] item: Leftovers\n|upkeep\n|turn|10\n|\n|t:|1699628991\n|move|p2a: Mario Draghi|Brick Break|p1a: Torkoal\n|-damage|p1a: Torkoal|74\/100\n|move|p1a: Torkoal|Curse|p1a: Torkoal\n|-unboost|p1a: Torkoal|spe|1\n|-boost|p1a: Torkoal|atk|1\n|-boost|p1a: Torkoal|def|1\n|move|p2b: Gare Gare|Pollen Puff|p1b: Bronzong\n|-damage|p1b: Bronzong|89\/100 slp\n|cant|p1b: Bronzong|slp\n|\n|-heal|p1b: Bronzong|95\/100 slp|[from] item: Leftovers\n|-heal|p1a: Torkoal|80\/100|[from] Grassy Terrain\n|-heal|p1a: Torkoal|87\/100|[from] item: Leftovers\n|upkeep\n|turn|11\n|-message|Dugongyyy forfeited.\n|\n|win|Thehombre\n|raw|Thehombre's rating: 1187 &rarr; <strong>1214<\/strong><br \/>(+27 for winning)\n|raw|Dugongyyy's rating: 1218 &rarr; <strong>1191<\/strong><br \/>(-27 for losing)\n|l|\u2606Dugongyyy\n","uploadtime":1699629012,"views":6,"p1id":"thehombre","p2id":"dugongyyy","formatid":"gen9doublesou","rating":1191,"private":0,"password":""}