{"id":"gen9doublesou-1988475713","p1":"Thuemian","p2":"Gedikli10","format":"[Gen 9] Doubles OU","log":"|j|\u2606Thuemian\n|j|\u2606Gedikli10\n|t:|1699726961\n|gametype|doubles\n|player|p1|Thuemian|colress|1136\n|player|p2|Gedikli10|shadowtriad|1261\n|teamsize|p1|6\n|teamsize|p2|6\n|gen|9\n|tier|[Gen 9] Doubles OU\n|rated|\n|rule|Species Clause: Limit one of each Pok\u00e9mon\n|rule|OHKO Clause: OHKO moves are banned\n|rule|Evasion Moves Clause: Evasion moves are banned\n|rule|Gravity Sleep Clause: The combination of sleep-inducing moves with imperfect accuracy and Gravity or Gigantamax Orbeetle are banned\n|rule|Endless Battle Clause: Forcing endless battles is banned\n|rule|HP Percentage Mod: HP is shown in percentages\n|clearpoke\n|poke|p1|Toxapex, M|\n|poke|p1|Dragonite, F|\n|poke|p1|Staraptor, M|\n|poke|p1|Glimmora, F|\n|poke|p1|Salazzle, F|\n|poke|p1|Chi-Yu|\n|poke|p2|Chien-Pao|\n|poke|p2|Chi-Yu|\n|poke|p2|Arcanine-Hisui, M|\n|poke|p2|Iron Bundle|\n|poke|p2|Amoonguss, F|\n|poke|p2|Rillaboom, M|\n|teampreview\n|\n|t:|1699726980\n|start\n|switch|p1a: Staraptor|Staraptor, M|100\/100\n|switch|p1b: Glimmora|Glimmora, F|100\/100\n|switch|p2a: Chi-Yu|Chi-Yu|100\/100\n|switch|p2b: Iron Bundle|Iron Bundle|100\/100\n|-ability|p1a: Staraptor|Intimidate|boost\n|-unboost|p2a: Chi-Yu|atk|1\n|-unboost|p2b: Iron Bundle|atk|1\n|-ability|p2a: Chi-Yu|Beads of Ruin\n|-enditem|p2b: Iron Bundle|Booster Energy\n|-activate|p2b: Iron Bundle|ability: Quark Drive|[fromitem]\n|-start|p2b: Iron Bundle|quarkdrivespe\n|turn|1\n|\n|t:|1699726997\n|move|p2b: Iron Bundle|Freeze-Dry|p1a: Staraptor\n|-supereffective|p1a: Staraptor\n|-damage|p1a: Staraptor|0 fnt\n|faint|p1a: Staraptor\n|move|p2a: Chi-Yu|Dark Pulse|p1b: Glimmora\n|-damage|p1b: Glimmora|12\/100\n|move|p1b: Glimmora|Toxic Spikes|p2b: Iron Bundle\n|-sidestart|p2: Gedikli10|move: Toxic Spikes\n|\n|upkeep\n|\n|t:|1699727008\n|switch|p1a: Ohnezahn|Dragonite, F|100\/100\n|turn|2\n|\n|t:|1699727026\n|-terastallize|p1a: Ohnezahn|Fire\n|move|p2b: Iron Bundle|Icy Wind|p1a: Ohnezahn|[spread] p1a,p1b\n|-resisted|p1a: Ohnezahn\n|-damage|p1a: Ohnezahn|95\/100\n|-damage|p1b: Glimmora|0 fnt\n|-unboost|p1a: Ohnezahn|spe|1\n|faint|p1b: Glimmora\n|move|p2a: Chi-Yu|Dark Pulse|p1a: Ohnezahn\n|-damage|p1a: Ohnezahn|20\/100\n|cant|p1a: Ohnezahn|flinch\n|\n|upkeep\n|\n|t:|1699727037\n|switch|p1b: Salazzle|Salazzle, F|100\/100\n|turn|3\n|\n|t:|1699727051\n|move|p1a: Ohnezahn|Protect|p1a: Ohnezahn\n|-singleturn|p1a: Ohnezahn|Protect\n|move|p2b: Iron Bundle|Hydro Pump|p1b: Salazzle|[miss]\n|-miss|p2b: Iron Bundle|p1b: Salazzle\n|move|p1b: Salazzle|Toxic|p2b: Iron Bundle\n|-status|p2b: Iron Bundle|tox\n|move|p2a: Chi-Yu|Dark Pulse|p1a: Ohnezahn\n|-activate|p1a: Ohnezahn|move: Protect\n|\n|-damage|p2b: Iron Bundle|95\/100 tox|[from] psn\n|upkeep\n|turn|4\n|\n|t:|1699727069\n|move|p2b: Iron Bundle|Hydro Pump|p1b: Salazzle\n|-supereffective|p1b: Salazzle\n|-crit|p1b: Salazzle\n|-damage|p1b: Salazzle|0 fnt\n|faint|p1b: Salazzle\n|move|p2a: Chi-Yu|Dark Pulse|p1a: Ohnezahn\n|-damage|p1a: Ohnezahn|0 fnt\n|faint|p1a: Ohnezahn\n|\n|-damage|p2b: Iron Bundle|83\/100 tox|[from] psn\n|upkeep\n|\n|t:|1699727079\n|switch|p1b: Toxapex|Toxapex, M, shiny|100\/100\n|switch|p1a: Nemo|Chi-Yu|100\/100\n|-ability|p1a: Nemo|Beads of Ruin\n|turn|5\n|\n|t:|1699727095\n|move|p2b: Iron Bundle|Hydro Pump|p1a: Nemo\n|-supereffective|p1a: Nemo\n|-damage|p1a: Nemo|0 fnt\n|faint|p1a: Nemo\n|move|p2a: Chi-Yu|Dark Pulse|p1b: Toxapex\n|-damage|p1b: Toxapex|41\/100\n|move|p1b: Toxapex|Venoshock|p2b: Iron Bundle\n|-crit|p2b: Iron Bundle\n|-damage|p2b: Iron Bundle|0 fnt\n|faint|p2b: Iron Bundle\n|-end|p2b: Iron Bundle|Quark Drive|[silent]\n|\n|-heal|p1b: Toxapex|48\/100|[from] item: Black Sludge\n|upkeep\n|\n|t:|1699727106\n|switch|p2b: Amoonguss|Amoonguss, F|100\/100\n|-sideend|p2: Gedikli10|move: Toxic Spikes|[of] p2b: Amoonguss\n|turn|6\n|\n|t:|1699727111\n|move|p1b: Toxapex|Baneful Bunker|p1b: Toxapex\n|-singleturn|p1b: Toxapex|move: Protect\n|move|p2a: Chi-Yu|Dark Pulse|p1b: Toxapex\n|-activate|p1b: Toxapex|move: Protect\n|move|p2b: Amoonguss|Spore|p1b: Toxapex\n|-activate|p1b: Toxapex|move: Protect\n|\n|-heal|p1b: Toxapex|54\/100|[from] item: Black Sludge\n|upkeep\n|turn|7\n|\n|t:|1699727124\n|move|p2a: Chi-Yu|Dark Pulse|p1b: Toxapex\n|-damage|p1b: Toxapex|0 fnt\n|faint|p1b: Toxapex\n|\n|win|Gedikli10\n|raw|Thuemian's rating: 1136 &rarr; <strong>1120<\/strong><br \/>(-16 for losing)\n|raw|Gedikli10's rating: 1261 &rarr; <strong>1277<\/strong><br \/>(+16 for winning)\n|l|\u2606Thuemian\n","uploadtime":1699727133,"views":6,"p1id":"thuemian","p2id":"gedikli10","formatid":"gen9doublesou","rating":1120,"private":0,"password":""}