{"id":"gen9doublesou-1977519058","p1":"LuBiStar20","p2":"Prob6","format":"[Gen 9] Doubles OU","log":"|j|\u2606LuBiStar20\n|j|\u2606Prob6\n|t:|1698423931\n|gametype|doubles\n|player|p1|LuBiStar20|iris-gen5bw2|1392\n|player|p2|Prob6|102|1471\n|teamsize|p1|6\n|teamsize|p2|6\n|gen|9\n|tier|[Gen 9] Doubles OU\n|rated|\n|rule|Species Clause: Limit one of each Pok\u00e9mon\n|rule|OHKO Clause: OHKO moves are banned\n|rule|Evasion Moves Clause: Evasion moves are banned\n|rule|Gravity Sleep Clause: The combination of sleep-inducing moves with imperfect accuracy and Gravity or Gigantamax Orbeetle are banned\n|rule|Endless Battle Clause: Forcing endless battles is banned\n|rule|HP Percentage Mod: HP is shown in percentages\n|clearpoke\n|poke|p1|Kommo-o, M|\n|poke|p1|Clefairy, F|\n|poke|p1|Ninetales-Alola, M|\n|poke|p1|Rillaboom, M|\n|poke|p1|Landorus-Therian, M|\n|poke|p1|Heatran, M|\n|poke|p2|Chi-Yu|\n|poke|p2|Torkoal, M|\n|poke|p2|Walking Wake|\n|poke|p2|Ogerpon-Hearthflame, F|\n|poke|p2|Tornadus, M|\n|poke|p2|Cresselia, F|\n|teampreview\n|inactive|Battle timer is ON: inactive players will automatically lose when time's up. (requested by LuBiStar20)\n|\n|t:|1698423941\n|start\n|switch|p1a: Ninetales|Ninetales-Alola, M|100\/100\n|switch|p1b: Rillaboom|Rillaboom, M|100\/100\n|switch|p2a: Tornadus|Tornadus, M|100\/100\n|switch|p2b: Cresselia|Cresselia, F|100\/100\n|-weather|Snow|[from] ability: Snow Warning|[of] p1a: Ninetales\n|-fieldstart|move: Grassy Terrain|[from] ability: Grassy Surge|[of] p1b: Rillaboom\n|turn|1\n|\n|t:|1698423949\n|switch|p2a: Torkoal|Torkoal, M|100\/100\n|-weather|SunnyDay|[from] ability: Drought|[of] p2a: Torkoal\n|move|p1b: Rillaboom|Fake Out|p2a: Torkoal\n|-damage|p2a: Torkoal|91\/100\n|move|p1a: Ninetales|Aurora Veil||[still]\n|-fail|p1a: Ninetales\n|move|p2b: Cresselia|Reflect|p2b: Cresselia\n|-sidestart|p2: Prob6|Reflect\n|\n|-weather|SunnyDay|[upkeep]\n|-heal|p2a: Torkoal|97\/100|[from] Grassy Terrain\n|upkeep\n|turn|2\n|\n|t:|1698423972\n|switch|p1a: Heatran|Heatran, M|100\/100\n|switch|p2a: Tornadus|Tornadus, M|100\/100\n|move|p2b: Cresselia|Light Screen|p2b: Cresselia\n|-sidestart|p2: Prob6|move: Light Screen\n|move|p1b: Rillaboom|Wood Hammer|p2a: Tornadus\n|-resisted|p2a: Tornadus\n|-damage|p2a: Tornadus|62\/100\n|-damage|p1b: Rillaboom|89\/100|[from] Recoil\n|\n|-weather|SunnyDay|[upkeep]\n|-heal|p1b: Rillaboom|95\/100|[from] Grassy Terrain\n|upkeep\n|turn|3\n|\n|t:|1698423990\n|switch|p2b: Walking Wake|Walking Wake|100\/100\n|-activate|p2b: Walking Wake|ability: Protosynthesis\n|-start|p2b: Walking Wake|protosynthesisspe\n|move|p2a: Tornadus|Tailwind|p2a: Tornadus\n|-sidestart|p2: Prob6|move: Tailwind\n|move|p1b: Rillaboom|U-turn|p2b: Walking Wake\n|-damage|p2b: Walking Wake|82\/100\n|\n|t:|1698424000\n|switch|p1b: Ninetales|Ninetales-Alola, M|100\/100|[from] U-turn\n|-weather|Snow|[from] ability: Snow Warning|[of] p1b: Ninetales\n|-end|p2b: Walking Wake|Protosynthesis\n|move|p1a: Heatran|Heat Wave|p2b: Walking Wake|[spread] p2b\n|-miss|p1a: Heatran|p2a: Tornadus\n|-resisted|p2b: Walking Wake\n|-damage|p2b: Walking Wake|76\/100\n|\n|-weather|Snow|[upkeep]\n|-heal|p2b: Walking Wake|82\/100|[from] Grassy Terrain\n|upkeep\n|turn|4\n|\n|t:|1698424021\n|switch|p2a: Torkoal|Torkoal, M|97\/100\n|-weather|SunnyDay|[from] ability: Drought|[of] p2a: Torkoal\n|-activate|p2b: Walking Wake|ability: Protosynthesis\n|-start|p2b: Walking Wake|protosynthesisspe\n|switch|p1b: Clefairy|Clefairy, F|100\/100\n|move|p2b: Walking Wake|Hydro Steam|p1a: Heatran\n|-supereffective|p1a: Heatran\n|-damage|p1a: Heatran|47\/100\n|move|p1a: Heatran|Earth Power|p2a: Torkoal\n|-supereffective|p2a: Torkoal\n|-damage|p2a: Torkoal|57\/100\n|\n|-weather|SunnyDay|[upkeep]\n|-heal|p2b: Walking Wake|88\/100|[from] Grassy Terrain\n|-heal|p1a: Heatran|53\/100|[from] Grassy Terrain\n|-heal|p2a: Torkoal|63\/100|[from] Grassy Terrain\n|upkeep\n|turn|5\n|inactive|LuBiStar20 has 120 seconds left.\n|\n|t:|1698424051\n|switch|p2a: Tornadus|Tornadus, M|62\/100\n|move|p1b: Clefairy|Follow Me|p1b: Clefairy\n|-singleturn|p1b: Clefairy|move: Follow Me\n|move|p2b: Walking Wake|Hydro Steam|p1b: Clefairy\n|-damage|p1b: Clefairy|52\/100\n|move|p1a: Heatran|Earth Power|p2a: Tornadus\n|-immune|p2a: Tornadus\n|\n|-weather|SunnyDay|[upkeep]\n|-heal|p2b: Walking Wake|95\/100|[from] Grassy Terrain\n|-heal|p1a: Heatran|59\/100|[from] Grassy Terrain\n|-heal|p1b: Clefairy|58\/100|[from] Grassy Terrain\n|-fieldend|move: Grassy Terrain\n|upkeep\n|turn|6\n|inactive|Prob6 has 120 seconds left.\n|inactive|Prob6 has 90 seconds left.\n|\n|t:|1698424112\n|switch|p1a: Ninetales|Ninetales-Alola, M|100\/100\n|-weather|Snow|[from] ability: Snow Warning|[of] p1a: Ninetales\n|-end|p2b: Walking Wake|Protosynthesis\n|move|p2a: Tornadus|Taunt|p1b: Clefairy\n|-start|p1b: Clefairy|move: Taunt\n|move|p2b: Walking Wake|Hydro Steam|p1a: Ninetales\n|-damage|p1a: Ninetales|65\/100\n|move|p1b: Clefairy|Blizzard|p2a: Tornadus|[spread] p2a,p2b\n|-supereffective|p2a: Tornadus\n|-damage|p2a: Tornadus|49\/100\n|-damage|p2b: Walking Wake|88\/100\n|\n|-weather|Snow|[upkeep]\n|-sideend|p2: Prob6|move: Tailwind\n|upkeep\n|turn|7\n|\n|t:|1698424134\n|switch|p1a: Heatran|Heatran, M|59\/100\n|switch|p2a: Torkoal|Torkoal, M|63\/100\n|-weather|SunnyDay|[from] ability: Drought|[of] p2a: Torkoal\n|-activate|p2b: Walking Wake|ability: Protosynthesis\n|-start|p2b: Walking Wake|protosynthesisspe\n|switch|p1b: Landorus|Landorus-Therian, M|100\/100\n|-ability|p1b: Landorus|Intimidate|boost\n|-unboost|p2a: Torkoal|atk|1\n|-unboost|p2b: Walking Wake|atk|1\n|-terastallize|p2b: Walking Wake|Steel\n|move|p2b: Walking Wake|Tera Blast|p1a: Heatran|[anim] Tera Blast Steel\n|-resisted|p1a: Heatran\n|-damage|p1a: Heatran|54\/100\n|\n|-weather|SunnyDay|[upkeep]\n|upkeep\n|turn|8\n|\n|t:|1698424158\n|switch|p1a: Ninetales|Ninetales-Alola, M|65\/100\n|-weather|Snow|[from] ability: Snow Warning|[of] p1a: Ninetales\n|-end|p2b: Walking Wake|Protosynthesis\n|switch|p2a: Tornadus|Tornadus, M|49\/100\n|move|p1b: Landorus|Rock Slide|p2a: Tornadus|[spread] p2a,p2b\n|-supereffective|p2a: Tornadus\n|-resisted|p2b: Walking Wake\n|-damage|p2a: Tornadus|5\/100\n|-damage|p2b: Walking Wake|79\/100\n|move|p2b: Walking Wake|Hydro Steam|p1b: Landorus\n|-supereffective|p1b: Landorus\n|-damage|p1b: Landorus|1\/100\n|\n|-weather|Snow|[upkeep]\n|-sideend|p2: Prob6|Reflect\n|upkeep\n|turn|9\n|inactive|Prob6 has 120 seconds left.\n|\n|t:|1698424182\n|-end|p2b: Walking Wake|Protosynthesis|[silent]\n|switch|p2b: Torkoal|Torkoal, M|63\/100\n|-weather|SunnyDay|[from] ability: Drought|[of] p2b: Torkoal\n|switch|p1a: Heatran|Heatran, M|54\/100\n|move|p2a: Tornadus|Tailwind|p2a: Tornadus\n|-sidestart|p2: Prob6|move: Tailwind\n|move|p1b: Landorus|Rock Slide|p2a: Tornadus|[spread] p2a\n|-miss|p1b: Landorus|p2b: Torkoal\n|-supereffective|p2a: Tornadus\n|-damage|p2a: Tornadus|0 fnt\n|faint|p2a: Tornadus\n|\n|-weather|SunnyDay|[upkeep]\n|-sideend|p2: Prob6|move: Light Screen\n|upkeep\n|inactive|Prob6 has 120 seconds left.\n|inactive|Prob6 has 90 seconds left.\n|inactive|Prob6 has 60 seconds left.\n|\n|t:|1698424251\n|switch|p2a: Chi-Yu|Chi-Yu|100\/100\n|-ability|p2a: Chi-Yu|Beads of Ruin\n|turn|10\n|\n|t:|1698424267\n|switch|p2b: Walking Wake|Walking Wake, tera:Steel|79\/100\n|-activate|p2b: Walking Wake|ability: Protosynthesis\n|-start|p2b: Walking Wake|protosynthesisspe\n|move|p2a: Chi-Yu|Dark Pulse|p1b: Landorus\n|-damage|p1b: Landorus|0 fnt\n|faint|p1b: Landorus\n|move|p1a: Heatran|Earth Power|p2b: Walking Wake\n|-supereffective|p2b: Walking Wake\n|-damage|p2b: Walking Wake|0 fnt\n|faint|p2b: Walking Wake\n|-end|p2b: Walking Wake|Protosynthesis|[silent]\n|\n|-weather|SunnyDay|[upkeep]\n|upkeep\n|inactive|Prob6 has 90 seconds left.\n|\n|t:|1698424284\n|switch|p2b: Ogerpon|Ogerpon-Hearthflame, F|100\/100\n|switch|p1b: Kommo-o|Kommo-o, M|100\/100\n|-ability|p2b: Ogerpon|Mold Breaker\n|turn|11\n|\n|t:|1698424293\n|move|p1b: Kommo-o|Protect|p1b: Kommo-o\n|-singleturn|p1b: Kommo-o|Protect\n|move|p2b: Ogerpon|Ivy Cudgel|p1b: Kommo-o\n|-activate|p1b: Kommo-o|move: Protect\n|move|p2a: Chi-Yu|Dark Pulse|p1a: Heatran\n|-damage|p1a: Heatran|2\/100\n|cant|p1a: Heatran|flinch\n|\n|-weather|SunnyDay|[upkeep]\n|upkeep\n|turn|12\n|inactive|Prob6 has 120 seconds left.\n|inactive|LuBiStar20 has 120 seconds left.\n|\n|t:|1698424326\n|move|p2b: Ogerpon|Ivy Cudgel|p1b: Kommo-o\n|-resisted|p1b: Kommo-o\n|-crit|p1b: Kommo-o\n|-damage|p1b: Kommo-o|45\/100\n|move|p2a: Chi-Yu|Dark Pulse|p1a: Heatran\n|-damage|p1a: Heatran|0 fnt\n|faint|p1a: Heatran\n|move|p1b: Kommo-o|Drain Punch|p2a: Chi-Yu\n|-supereffective|p2a: Chi-Yu\n|-damage|p2a: Chi-Yu|0 fnt\n|-heal|p1b: Kommo-o|81\/100|[from] drain|[of] p2a: Chi-Yu\n|faint|p2a: Chi-Yu\n|\n|-weather|SunnyDay|[upkeep]\n|-sideend|p2: Prob6|move: Tailwind\n|upkeep\n|\n|t:|1698424340\n|switch|p2a: Cresselia|Cresselia, F|100\/100\n|switch|p1a: Ninetales|Ninetales-Alola, M|65\/100\n|-weather|Snow|[from] ability: Snow Warning|[of] p1a: Ninetales\n|turn|13\n|\n|t:|1698424352\n|switch|p1a: Clefairy|Clefairy, F|58\/100\n|move|p2b: Ogerpon|Ivy Cudgel|p1a: Clefairy\n|-damage|p1a: Clefairy|4\/100\n|move|p1b: Kommo-o|Clangorous Soul|p1b: Kommo-o\n|-boost|p1b: Kommo-o|atk|1\n|-boost|p1b: Kommo-o|def|1\n|-boost|p1b: Kommo-o|spa|1\n|-boost|p1b: Kommo-o|spd|1\n|-boost|p1b: Kommo-o|spe|1\n|-damage|p1b: Kommo-o|48\/100\n|move|p2a: Cresselia|Reflect|p2a: Cresselia\n|-sidestart|p2: Prob6|Reflect\n|\n|-weather|Snow|[upkeep]\n|upkeep\n|turn|14\n|\n|t:|1698424366\n|move|p2b: Ogerpon|Spiky Shield|p2b: Ogerpon\n|-singleturn|p2b: Ogerpon|move: Protect\n|move|p1a: Clefairy|Follow Me|p1a: Clefairy\n|-singleturn|p1a: Clefairy|move: Follow Me\n|move|p1b: Kommo-o|Drain Punch|p2b: Ogerpon\n|-activate|p2b: Ogerpon|move: Protect\n|-damage|p1b: Kommo-o|36\/100|[from] Spiky Shield|[of] p2b: Ogerpon\n|move|p2a: Cresselia|Icy Wind|p1a: Clefairy|[spread] p1a,p1b\n|-supereffective|p1b: Kommo-o\n|-damage|p1a: Clefairy|0 fnt\n|-damage|p1b: Kommo-o|28\/100\n|faint|p1a: Clefairy\n|\n|-weather|Snow|[upkeep]\n|upkeep\n|\n|t:|1698424368\n|switch|p1a: Ninetales|Ninetales-Alola, M|65\/100\n|turn|15\n|inactive|Prob6 has 120 seconds left.\n|inactive|Prob6 has 90 seconds left.\n|\n|t:|1698424443\n|switch|p1a: Rillaboom|Rillaboom, M|95\/100\n|-fieldstart|move: Grassy Terrain|[from] ability: Grassy Surge|[of] p1a: Rillaboom\n|move|p1b: Kommo-o|Protect|p1b: Kommo-o\n|-singleturn|p1b: Kommo-o|Protect\n|move|p2b: Ogerpon|Ivy Cudgel|p1a: Rillaboom\n|-supereffective|p1a: Rillaboom\n|-damage|p1a: Rillaboom|0 fnt\n|faint|p1a: Rillaboom\n|move|p2a: Cresselia|Light Screen|p2a: Cresselia\n|-sidestart|p2: Prob6|move: Light Screen\n|\n|-weather|Snow|[upkeep]\n|-heal|p1b: Kommo-o|34\/100|[from] Grassy Terrain\n|upkeep\n|\n|t:|1698424455\n|switch|p1a: Ninetales|Ninetales-Alola, M|65\/100\n|turn|16\n|inactive|Prob6 has 90 seconds left.\n|\n|t:|1698424475\n|move|p1b: Kommo-o|Drain Punch|p2b: Ogerpon\n|-damage|p2b: Ogerpon|61\/100\n|-heal|p1b: Kommo-o|51\/100|[from] drain|[of] p2b: Ogerpon\n|move|p2b: Ogerpon|Ivy Cudgel|p1a: Ninetales\n|-supereffective|p1a: Ninetales\n|-damage|p1a: Ninetales|0 fnt\n|faint|p1a: Ninetales\n|move|p2a: Cresselia|Lunar Blessing|p2a: Cresselia|[spread] p2a,p2b\n|-heal|p2b: Ogerpon|86\/100\n|\n|-weather|Snow|[upkeep]\n|-heal|p1b: Kommo-o|57\/100|[from] Grassy Terrain\n|-heal|p2b: Ogerpon|92\/100|[from] Grassy Terrain\n|upkeep\n|turn|17\n|\n|t:|1698424493\n|move|p1b: Kommo-o|Drain Punch|p2a: Cresselia\n|-resisted|p2a: Cresselia\n|-damage|p2a: Cresselia|90\/100\n|-heal|p1b: Kommo-o|64\/100|[from] drain|[of] p2a: Cresselia\n|move|p2b: Ogerpon|Ivy Cudgel|p1b: Kommo-o\n|-resisted|p1b: Kommo-o\n|-damage|p1b: Kommo-o|48\/100\n|move|p2a: Cresselia|Icy Wind|p1b: Kommo-o\n|-supereffective|p1b: Kommo-o\n|-damage|p1b: Kommo-o|34\/100\n|\n|-weather|none\n|-heal|p1b: Kommo-o|41\/100|[from] Grassy Terrain\n|-heal|p2b: Ogerpon|98\/100|[from] Grassy Terrain\n|upkeep\n|turn|18\n|\n|t:|1698424512\n|move|p1b: Kommo-o|Protect|p1b: Kommo-o\n|-singleturn|p1b: Kommo-o|Protect\n|move|p2b: Ogerpon|Ivy Cudgel|p1b: Kommo-o\n|-activate|p1b: Kommo-o|move: Protect\n|move|p2a: Cresselia|Icy Wind|p1b: Kommo-o\n|-activate|p1b: Kommo-o|move: Protect\n|\n|-heal|p1b: Kommo-o|47\/100|[from] Grassy Terrain\n|-heal|p2b: Ogerpon|100\/100|[from] Grassy Terrain\n|upkeep\n|turn|19\n|inactive|Prob6 has 120 seconds left.\n|\n|t:|1698424541\n|move|p1b: Kommo-o|Drain Punch|p2b: Ogerpon\n|-damage|p2b: Ogerpon|61\/100\n|-heal|p1b: Kommo-o|63\/100|[from] drain|[of] p2b: Ogerpon\n|move|p2b: Ogerpon|Knock Off|p1b: Kommo-o\n|-resisted|p1b: Kommo-o\n|-damage|p1b: Kommo-o|53\/100\n|-enditem|p1b: Kommo-o|Clear Amulet|[from] move: Knock Off|[of] p2b: Ogerpon\n|move|p2a: Cresselia|Icy Wind|p1b: Kommo-o\n|-supereffective|p1b: Kommo-o\n|-damage|p1b: Kommo-o|41\/100\n|-unboost|p1b: Kommo-o|spe|1\n|\n|-heal|p2b: Ogerpon|67\/100|[from] Grassy Terrain\n|-heal|p1b: Kommo-o|47\/100|[from] Grassy Terrain\n|-fieldend|move: Grassy Terrain\n|upkeep\n|turn|20\n|\n|t:|1698424557\n|move|p2b: Ogerpon|Spiky Shield|p2b: Ogerpon\n|-singleturn|p2b: Ogerpon|move: Protect\n|move|p1b: Kommo-o|Protect|p1b: Kommo-o\n|-singleturn|p1b: Kommo-o|Protect\n|move|p2a: Cresselia|Icy Wind|p1b: Kommo-o\n|-activate|p1b: Kommo-o|move: Protect\n|\n|-sideend|p2: Prob6|Reflect\n|upkeep\n|turn|21\n|\n|t:|1698424566\n|move|p2b: Ogerpon|Horn Leech|p1b: Kommo-o\n|-resisted|p1b: Kommo-o\n|-damage|p1b: Kommo-o|35\/100\n|-heal|p2b: Ogerpon|75\/100|[from] drain|[of] p1b: Kommo-o\n|move|p1b: Kommo-o|Drain Punch|p2b: Ogerpon\n|-damage|p2b: Ogerpon|15\/100\n|-heal|p1b: Kommo-o|60\/100|[from] drain|[of] p2b: Ogerpon\n|move|p2a: Cresselia|Reflect|p2a: Cresselia\n|-sidestart|p2: Prob6|Reflect\n|\n|upkeep\n|turn|22\n|inactive|Prob6 has 120 seconds left.\n|\n|t:|1698424604\n|switch|p2b: Torkoal|Torkoal, M|63\/100\n|-weather|SunnyDay|[from] ability: Drought|[of] p2b: Torkoal\n|move|p1b: Kommo-o|Clangorous Soul|p1b: Kommo-o\n|-boost|p1b: Kommo-o|atk|1\n|-boost|p1b: Kommo-o|def|1\n|-boost|p1b: Kommo-o|spa|1\n|-boost|p1b: Kommo-o|spd|1\n|-boost|p1b: Kommo-o|spe|1\n|-damage|p1b: Kommo-o|27\/100\n|move|p2a: Cresselia|Icy Wind|p1b: Kommo-o\n|-supereffective|p1b: Kommo-o\n|-damage|p1b: Kommo-o|18\/100\n|-unboost|p1b: Kommo-o|spe|1\n|\n|-weather|SunnyDay|[upkeep]\n|-sideend|p2: Prob6|move: Light Screen\n|upkeep\n|turn|23\n|\n|t:|1698424621\n|move|p1b: Kommo-o|Protect|p1b: Kommo-o\n|-singleturn|p1b: Kommo-o|Protect\n|move|p2a: Cresselia|Icy Wind|p1b: Kommo-o\n|-activate|p1b: Kommo-o|move: Protect\n|move|p2b: Torkoal|Will-O-Wisp|p1b: Kommo-o\n|-activate|p1b: Kommo-o|move: Protect\n|\n|-weather|SunnyDay|[upkeep]\n|upkeep\n|turn|24\n|\n|t:|1698424631\n|-terastallize|p1b: Kommo-o|Fire\n|move|p1b: Kommo-o|Drain Punch|p2b: Torkoal\n|-damage|p2b: Torkoal|31\/100\n|-heal|p1b: Kommo-o|34\/100|[from] drain|[of] p2b: Torkoal\n|move|p2a: Cresselia|Icy Wind|p1b: Kommo-o|[miss]\n|-miss|p2a: Cresselia|p1b: Kommo-o\n|move|p2b: Torkoal|Will-O-Wisp|p1b: Kommo-o\n|-immune|p1b: Kommo-o\n|\n|-weather|SunnyDay|[upkeep]\n|upkeep\n|turn|25\n|\n|t:|1698424649\n|move|p1b: Kommo-o|Drain Punch|p2b: Torkoal\n|-damage|p2b: Torkoal|0 fnt\n|-heal|p1b: Kommo-o|49\/100|[from] drain|[of] p2b: Torkoal\n|faint|p2b: Torkoal\n|move|p2a: Cresselia|Lunar Blessing|p2a: Cresselia\n|-heal|p2a: Cresselia|100\/100\n|\n|-weather|SunnyDay|[upkeep]\n|upkeep\n|\n|t:|1698424655\n|switch|p2b: Ogerpon|Ogerpon-Hearthflame, F|15\/100\n|-ability|p2b: Ogerpon|Mold Breaker\n|turn|26\n|\n|t:|1698424662\n|move|p2b: Ogerpon|Spiky Shield|p2b: Ogerpon\n|-singleturn|p2b: Ogerpon|move: Protect\n|move|p1b: Kommo-o|Protect|p1b: Kommo-o\n|-singleturn|p1b: Kommo-o|Protect\n|move|p2a: Cresselia|Lunar Blessing|p2a: Cresselia|[spread] p2a,p2b\n|-heal|p2b: Ogerpon|40\/100\n|\n|-weather|SunnyDay|[upkeep]\n|upkeep\n|turn|27\n|\n|t:|1698424673\n|move|p2b: Ogerpon|Horn Leech|p1b: Kommo-o\n|-resisted|p1b: Kommo-o\n|-damage|p1b: Kommo-o|39\/100\n|-heal|p2b: Ogerpon|46\/100|[from] drain|[of] p1b: Kommo-o\n|move|p1b: Kommo-o|Drain Punch|p2b: Ogerpon\n|-damage|p2b: Ogerpon|0 fnt\n|-heal|p1b: Kommo-o|59\/100|[from] drain|[of] p2b: Ogerpon\n|faint|p2b: Ogerpon\n|move|p2a: Cresselia|Icy Wind|p1b: Kommo-o\n|-resisted|p1b: Kommo-o\n|-damage|p1b: Kommo-o|57\/100\n|-unboost|p1b: Kommo-o|spe|1\n|\n|-weather|SunnyDay|[upkeep]\n|upkeep\n|turn|28\n|\n|t:|1698424688\n|move|p2a: Cresselia|Icy Wind|p1b: Kommo-o\n|-resisted|p1b: Kommo-o\n|-damage|p1b: Kommo-o|54\/100\n|-unboost|p1b: Kommo-o|spe|1\n|move|p1b: Kommo-o|Drain Punch|p2a: Cresselia\n|-resisted|p2a: Cresselia\n|-damage|p2a: Cresselia|86\/100\n|-heal|p1b: Kommo-o|63\/100|[from] drain|[of] p2a: Cresselia\n|\n|-weather|SunnyDay|[upkeep]\n|-sideend|p2: Prob6|Reflect\n|upkeep\n|turn|29\n|\n|t:|1698424705\n|move|p2a: Cresselia|Reflect|p2a: Cresselia\n|-sidestart|p2: Prob6|Reflect\n|move|p1b: Kommo-o|Fire Punch|p2a: Cresselia\n|-damage|p2a: Cresselia|45\/100\n|\n|-weather|none\n|upkeep\n|turn|30\n|\n|t:|1698424711\n|move|p2a: Cresselia|Lunar Blessing|p2a: Cresselia\n|-heal|p2a: Cresselia|70\/100\n|move|p1b: Kommo-o|Fire Punch|p2a: Cresselia\n|-damage|p2a: Cresselia|41\/100\n|\n|upkeep\n|turn|31\n|inactive|Prob6 has 120 seconds left.\n|\n|t:|1698424747\n|move|p2a: Cresselia|Lunar Blessing|p2a: Cresselia\n|-heal|p2a: Cresselia|66\/100\n|move|p1b: Kommo-o|Fire Punch|p2a: Cresselia\n|-damage|p2a: Cresselia|38\/100\n|\n|upkeep\n|turn|32\n|\n|t:|1698424763\n|move|p2a: Cresselia|Icy Wind|p1b: Kommo-o\n|-resisted|p1b: Kommo-o\n|-damage|p1b: Kommo-o|61\/100\n|-unboost|p1b: Kommo-o|spe|1\n|move|p1b: Kommo-o|Clangorous Soul|p1b: Kommo-o\n|-boost|p1b: Kommo-o|atk|1\n|-boost|p1b: Kommo-o|def|1\n|-boost|p1b: Kommo-o|spa|1\n|-boost|p1b: Kommo-o|spd|1\n|-boost|p1b: Kommo-o|spe|1\n|-damage|p1b: Kommo-o|28\/100\n|\n|upkeep\n|turn|33\n|\n|t:|1698424781\n|move|p2a: Cresselia|Icy Wind|p1b: Kommo-o\n|-resisted|p1b: Kommo-o\n|-damage|p1b: Kommo-o|26\/100\n|-unboost|p1b: Kommo-o|spe|1\n|move|p1b: Kommo-o|Fire Punch|p2a: Cresselia\n|-damage|p2a: Cresselia|4\/100\n|\n|upkeep\n|turn|34\n|\n|t:|1698424788\n|move|p2a: Cresselia|Lunar Blessing|p2a: Cresselia\n|-heal|p2a: Cresselia|29\/100\n|move|p1b: Kommo-o|Fire Punch|p2a: Cresselia\n|-crit|p2a: Cresselia\n|-damage|p2a: Cresselia|0 fnt\n|faint|p2a: Cresselia\n|\n|win|LuBiStar20\n|raw|LuBiStar20's rating: 1392 &rarr; <strong>1416<\/strong><br \/>(+24 for winning)\n|raw|Prob6's rating: 1471 &rarr; <strong>1447<\/strong><br \/>(-24 for losing)\n","uploadtime":1698424793,"views":30,"p1id":"lubistar20","p2id":"prob6","formatid":"gen9doublesou","rating":1416,"private":0,"password":""}