{"id":"gen9doublesou-1981198757","p1":"Duo_Depp","p2":"SaturnFr3ak","format":"[Gen 9] Doubles OU","log":"|j|\u2606Duo_Depp\n|j|\u2606SaturnFr3ak\n|t:|1698871751\n|gametype|doubles\n|player|p1|Duo_Depp|101|1149\n|player|p2|SaturnFr3ak|mina|1195\n|teamsize|p1|6\n|teamsize|p2|6\n|gen|9\n|tier|[Gen 9] Doubles OU\n|rated|\n|rule|Species Clause: Limit one of each Pok\u00e9mon\n|rule|OHKO Clause: OHKO moves are banned\n|rule|Evasion Moves Clause: Evasion moves are banned\n|rule|Gravity Sleep Clause: The combination of sleep-inducing moves with imperfect accuracy and Gravity or Gigantamax Orbeetle are banned\n|rule|Endless Battle Clause: Forcing endless battles is banned\n|rule|HP Percentage Mod: HP is shown in percentages\n|clearpoke\n|poke|p1|Milotic, F|\n|poke|p1|Tyranitar, M|\n|poke|p1|Gyarados, M|\n|poke|p1|Volcarona, F|\n|poke|p1|Raichu, M|\n|poke|p1|Landorus, M|\n|poke|p2|Stonjourner, F|\n|poke|p2|Chi-Yu|\n|poke|p2|Passimian, M|\n|poke|p2|Flutter Mane|\n|poke|p2|Muk-Alola, M|\n|poke|p2|Sinistcha-Masterpiece|\n|teampreview\n|inactive|Battle timer is ON: inactive players will automatically lose when time's up. (requested by Duo_Depp)\n|\n|t:|1698871767\n|start\n|switch|p1a: Ratte|Raichu, M|100\/100\n|switch|p1b: Lando|Landorus, M|100\/100\n|switch|p2a: Roxie|Stonjourner, F, shiny|100\/100\n|switch|p2b: OJ|Passimian, M, shiny|100\/100\n|turn|1\n|\n|t:|1698871778\n|move|p1a: Ratte|Fake Out|p2b: OJ\n|-damage|p2b: OJ|88\/100\n|cant|p2b: OJ|flinch\n|move|p1b: Lando|Earth Power|p2a: Roxie\n|-supereffective|p2a: Roxie\n|-damage|p2a: Roxie|0 fnt\n|faint|p2a: Roxie\n|-ability|p2b: OJ|Power Spot|[from] ability: Receiver|[of] p2a: Roxie\n|\n|upkeep\n|\n|t:|1698871801\n|switch|p2a: Missy|Flutter Mane|100\/100\n|turn|2\n|\n|t:|1698871823\n|move|p2a: Missy|Dazzling Gleam|p1b: Lando|[spread] p1a,p1b\n|-damage|p1a: Ratte|28\/100\n|-damage|p1b: Lando|40\/100\n|move|p2b: OJ|Knock Off|p1b: Lando\n|-damage|p1b: Lando|2\/100\n|-enditem|p1b: Lando|Life Orb|[from] move: Knock Off|[of] p2b: OJ\n|move|p1a: Ratte|Nuzzle|p2a: Missy\n|-damage|p2a: Missy|83\/100\n|-status|p2a: Missy|par\n|move|p1b: Lando|Psychic|p2b: OJ\n|-supereffective|p2b: OJ\n|-damage|p2b: OJ|0 fnt\n|faint|p2b: OJ\n|\n|upkeep\n|inactive|SaturnFr3ak has 120 seconds left.\n|\n|t:|1698871842\n|switch|p2b: Slooba|Sinistcha-Masterpiece|100\/100\n|-heal|p2a: Missy|100\/100 par|[from] ability: Hospitality|[of] p2b: Slooba\n|turn|3\n|\n|t:|1698871852\n|move|p1a: Ratte|Nuzzle|p2b: Slooba\n|-resisted|p2b: Slooba\n|-damage|p2b: Slooba|98\/100\n|-status|p2b: Slooba|par\n|move|p1b: Lando|Earth Power|p2a: Missy\n|-damage|p2a: Missy|37\/100 par\n|cant|p2a: Missy|par\n|move|p2b: Slooba|Reflect|p2b: Slooba\n|-sidestart|p2: SaturnFr3ak|Reflect\n|\n|upkeep\n|turn|4\n|\n|t:|1698871874\n|move|p2b: Slooba|Rage Powder|p2b: Slooba\n|-singleturn|p2b: Slooba|move: Rage Powder\n|move|p1a: Ratte|Volt Switch|p2b: Slooba\n|-resisted|p2b: Slooba\n|-crit|p2b: Slooba\n|-damage|p2b: Slooba|79\/100 par\n|\n|t:|1698871880\n|switch|p1a: StoneCold|Tyranitar, M|100\/100|[from] Volt Switch\n|-weather|Sandstorm|[from] ability: Sand Stream|[of] p1a: StoneCold\n|move|p1b: Lando|Earth Power|p2b: Slooba\n|-resisted|p2b: Slooba\n|-damage|p2b: Slooba|46\/100 par\n|move|p2a: Missy|Dazzling Gleam|p1b: Lando|[spread] p1a,p1b\n|-supereffective|p1a: StoneCold\n|-damage|p1a: StoneCold|63\/100\n|-damage|p1b: Lando|0 fnt\n|faint|p1b: Lando\n|\n|-weather|Sandstorm|[upkeep]\n|-damage|p2a: Missy|31\/100 par|[from] Sandstorm\n|-damage|p2b: Slooba|40\/100 par|[from] Sandstorm\n|upkeep\n|\n|t:|1698871894\n|switch|p1b: Mothra|Volcarona, F|100\/100\n|turn|5\n|\n|t:|1698871903\n|switch|p2b: Gluttony|Muk-Alola, M, shiny|100\/100\n|move|p1b: Mothra|Heat Wave|p2a: Missy|[spread] p2a,p2b\n|-damage|p2a: Missy|0 fnt\n|-damage|p2b: Gluttony|79\/100\n|faint|p2a: Missy\n|-end|p2a: Missy|Protosynthesis|[silent]\n|move|p1a: StoneCold|Crunch|p2b: Gluttony\n|-resisted|p2b: Gluttony\n|-damage|p2b: Gluttony|61\/100\n|\n|-weather|Sandstorm|[upkeep]\n|-damage|p1b: Mothra|94\/100|[from] Sandstorm\n|-damage|p2b: Gluttony|55\/100|[from] Sandstorm\n|upkeep\n|\n|t:|1698871918\n|switch|p2a: Slooba|Sinistcha-Masterpiece|40\/100 par\n|-heal|p2b: Gluttony|80\/100|[from] ability: Hospitality|[of] p2a: Slooba\n|turn|6\n|\n|t:|1698871932\n|switch|p1a: Serpentor|Gyarados, M|100\/100\n|-ability|p1a: Serpentor|Intimidate|boost\n|-unboost|p2a: Slooba|atk|1\n|-unboost|p2b: Gluttony|atk|1\n|move|p1b: Mothra|Quiver Dance|p1b: Mothra\n|-boost|p1b: Mothra|spa|1\n|-boost|p1b: Mothra|spd|1\n|-boost|p1b: Mothra|spe|1\n|move|p2b: Gluttony|Knock Off|p1b: Mothra\n|-damage|p1b: Mothra|44\/100\n|-enditem|p1b: Mothra|Heavy-Duty Boots|[from] move: Knock Off|[of] p2b: Gluttony\n|move|p2a: Slooba|Life Dew|p2a: Slooba|[spread] p2a,p2b\n|-heal|p2a: Slooba|65\/100 par\n|-heal|p2b: Gluttony|100\/100\n|\n|-weather|Sandstorm|[upkeep]\n|-damage|p1b: Mothra|38\/100|[from] Sandstorm\n|-damage|p1a: Serpentor|94\/100|[from] Sandstorm\n|-damage|p2b: Gluttony|94\/100|[from] Sandstorm\n|-damage|p2a: Slooba|59\/100 par|[from] Sandstorm\n|upkeep\n|turn|7\n|\n|t:|1698871953\n|move|p1b: Mothra|Heat Wave|p2a: Slooba|[spread] p2a,p2b\n|-supereffective|p2a: Slooba\n|-damage|p2a: Slooba|0 fnt\n|-damage|p2b: Gluttony|61\/100\n|-status|p2b: Gluttony|brn\n|faint|p2a: Slooba\n|-ability|p2b: Gluttony|Hospitality|[from] ability: Power of Alchemy|[of] p2a: Slooba\n|move|p1a: Serpentor|Waterfall|p2b: Gluttony\n|-damage|p2b: Gluttony|33\/100 brn\n|move|p2b: Gluttony|Poison Jab|p1b: Mothra\n|-damage|p1b: Mothra|18\/100\n|-status|p1b: Mothra|psn\n|\n|-weather|Sandstorm|[upkeep]\n|-damage|p1b: Mothra|12\/100 psn|[from] Sandstorm\n|-damage|p1a: Serpentor|88\/100|[from] Sandstorm\n|-damage|p2b: Gluttony|27\/100 brn|[from] Sandstorm\n|-damage|p1b: Mothra|0 fnt|[from] psn\n|faint|p1b: Mothra\n|-damage|p2b: Gluttony|21\/100 brn|[from] brn\n|upkeep\n|\n|t:|1698871972\n|switch|p1b: Ratte|Raichu, M|28\/100\n|switch|p2a: Nemo|Chi-Yu|100\/100\n|-ability|p2a: Nemo|Beads of Ruin\n|turn|8\n|inactive|SaturnFr3ak has 120 seconds left.\n|\n|t:|1698872006\n|-terastallize|p2a: Nemo|Dark\n|move|p1b: Ratte|Fake Out|p2a: Nemo\n|-damage|p2a: Nemo|89\/100\n|cant|p2a: Nemo|flinch\n|move|p1a: Serpentor|Dragon Dance|p1a: Serpentor\n|-boost|p1a: Serpentor|atk|1\n|-boost|p1a: Serpentor|spe|1\n|move|p2b: Gluttony|Knock Off|p1b: Ratte\n|-damage|p1b: Ratte|0 fnt\n|-enditem|p1b: Ratte|Focus Sash|[from] move: Knock Off|[of] p2b: Gluttony\n|faint|p1b: Ratte\n|\n|-weather|none\n|-damage|p2b: Gluttony|15\/100 brn|[from] brn\n|upkeep\n|\n|t:|1698872020\n|switch|p1b: StoneCold|Tyranitar, M|63\/100\n|-weather|Sandstorm|[from] ability: Sand Stream|[of] p1b: StoneCold\n|turn|9\n|inactive|SaturnFr3ak has 120 seconds left.\n|\n|t:|1698872060\n|-terastallize|p1a: Serpentor|Ground\n|move|p1b: StoneCold|Protect|p1b: StoneCold\n|-singleturn|p1b: StoneCold|Protect\n|move|p1a: Serpentor|Earthquake|p2b: Gluttony|[spread] p2a,p2b\n|-activate|p1b: StoneCold|move: Protect\n|-supereffective|p2b: Gluttony\n|-damage|p2a: Nemo|24\/100\n|-damage|p2b: Gluttony|0 fnt\n|faint|p2b: Gluttony\n|move|p2a: Nemo|Dark Pulse|p1a: Serpentor\n|-damage|p1a: Serpentor|0 fnt\n|faint|p1a: Serpentor\n|\n|-weather|Sandstorm|[upkeep]\n|-damage|p2a: Nemo|18\/100|[from] Sandstorm\n|upkeep\n|\n|t:|1698872074\n|switch|p1a: Serpentina|Milotic, F|100\/100\n|turn|10\n|-message|Duo_Depp forfeited.\n|\n|win|SaturnFr3ak\n|raw|Duo_Depp's rating: 1149 &rarr; <strong>1127<\/strong><br \/>(-22 for losing)\n|raw|SaturnFr3ak's rating: 1195 &rarr; <strong>1217<\/strong><br \/>(+22 for winning)\n|l|\u2606Duo_Depp\n","uploadtime":1698872088,"views":16,"p1id":"duodepp","p2id":"saturnfr3ak","formatid":"gen9doublesou","rating":1127,"private":0,"password":""}