{"id":"gen9doublesou-1980230339","p1":"Kingler for SCOTUS","p2":"Arcanine Numbers","format":"[Gen 9] Doubles OU","log":"|j|\u2606Kingler for SCOTUS\n|j|\u2606Arcanine Numbers\n|inactive|Battle timer is ON: inactive players will automatically lose when time's up.\n|t:|1698768091\n|gametype|doubles\n|player|p1|Kingler for SCOTUS|striker|\n|player|p2|Arcanine Numbers|ethan-masters|\n|teamsize|p1|6\n|teamsize|p2|6\n|gen|9\n|tier|[Gen 9] Doubles OU\n|rated|Tournament battle\n|rule|Species Clause: Limit one of each Pok\u00e9mon\n|rule|OHKO Clause: OHKO moves are banned\n|rule|Evasion Moves Clause: Evasion moves are banned\n|rule|Gravity Sleep Clause: The combination of sleep-inducing moves with imperfect accuracy and Gravity or Gigantamax Orbeetle are banned\n|rule|Endless Battle Clause: Forcing endless battles is banned\n|rule|HP Percentage Mod: HP is shown in percentages\n|clearpoke\n|poke|p1|Amoonguss, F|\n|poke|p1|Gholdengo|\n|poke|p1|Iron Hands|\n|poke|p1|Heatran, F|\n|poke|p1|Ogerpon-Wellspring, F|\n|poke|p1|Tornadus, M|\n|poke|p2|Diancie, L99|\n|poke|p2|Moltres-Galar|\n|poke|p2|Iron Hands|\n|poke|p2|Flutter Mane|\n|poke|p2|Landorus-Therian, M|\n|poke|p2|Ogerpon-Hearthflame, F|\n|teampreview\n|j|*Lady Monita \u263d\n|j| BB-8-NU\n|inactive|Kingler for SCOTUS also wants the timer to be on.\n|inactive|Arcanine Numbers also wants the timer to be on.\n|inactive|Kingler for SCOTUS has 120 seconds left.\n|j| Goomy Guy12345\n|inactive|Kingler for SCOTUS has 90 seconds left.\n|\n|t:|1698768167\n|start\n|switch|p1a: Ogerpon|Ogerpon-Wellspring, F|100\/100\n|switch|p1b: Tornadus|Tornadus, M|100\/100\n|switch|p2a: Diancie|Diancie, L99, shiny|100\/100\n|switch|p2b: Iron Hands|Iron Hands, shiny|100\/100\n|turn|1\n|\n|t:|1698768182\n|move|p1b: Tornadus|Taunt|p2a: Diancie\n|-start|p2a: Diancie|move: Taunt\n|move|p1a: Ogerpon|Swords Dance|p1a: Ogerpon\n|-boost|p1a: Ogerpon|atk|2\n|move|p2b: Iron Hands|Belly Drum|p2b: Iron Hands\n|-damage|p2b: Iron Hands|51\/100\n|-setboost|p2b: Iron Hands|atk|6|[from] move: Belly Drum\n|cant|p2a: Diancie|move: Taunt|Trick Room\n|\n|upkeep\n|turn|2\n|\n|t:|1698768199\n|move|p1a: Ogerpon|Ivy Cudgel|p2b: Iron Hands\n|-damage|p2b: Iron Hands|0 fnt\n|faint|p2b: Iron Hands\n|-end|p2b: Iron Hands|Quark Drive|[silent]\n|move|p1b: Tornadus|Bleakwind Storm|p2a: Diancie\n|-resisted|p2a: Diancie\n|-damage|p2a: Diancie|86\/100\n|move|p2a: Diancie|Diamond Storm|p1a: Ogerpon|[spread] p1a,p1b\n|-supereffective|p1b: Tornadus\n|-damage|p1a: Ogerpon|71\/100\n|-damage|p1b: Tornadus|46\/100\n|-boost|p2a: Diancie|def|2\n|-enditem|p1b: Tornadus|Sitrus Berry|[eat]\n|-heal|p1b: Tornadus|71\/100|[from] item: Sitrus Berry\n|\n|upkeep\n|\n|t:|1698768204\n|switch|p2b: Flutter Mane|Flutter Mane, shiny|100\/100\n|turn|3\n|j| USSFU1 Urshifu\n|\n|t:|1698768213\n|-end|p2b: Flutter Mane|Protosynthesis|[silent]\n|switch|p2b: Ogerpon|Ogerpon-Hearthflame, F|100\/100\n|-ability|p2b: Ogerpon|Mold Breaker\n|-terastallize|p1a: Ogerpon|Water\n|detailschange|p1a: Ogerpon|Ogerpon-Wellspring-Tera, F, tera:Water\n|-ability|p1a: Ogerpon|Embody Aspect (Wellspring)|boost\n|-boost|p1a: Ogerpon|spd|1\n|move|p1b: Tornadus|Tailwind|p1b: Tornadus\n|-sidestart|p1: Kingler for SCOTUS|move: Tailwind\n|move|p1a: Ogerpon|Horn Leech|p2b: Ogerpon\n|-resisted|p2b: Ogerpon\n|-damage|p2b: Ogerpon|77\/100\n|-heal|p1a: Ogerpon|81\/100|[from] drain|[of] p2b: Ogerpon\n|move|p2a: Diancie|Diamond Storm|p1b: Tornadus|[spread] p1a,p1b\n|-supereffective|p1b: Tornadus\n|-damage|p1a: Ogerpon|50\/100\n|-damage|p1b: Tornadus|11\/100\n|\n|-end|p2a: Diancie|move: Taunt\n|upkeep\n|turn|4\n|\n|t:|1698768223\n|move|p1a: Ogerpon|Horn Leech|p2a: Diancie\n|-supereffective|p2a: Diancie\n|-damage|p2a: Diancie|15\/100\n|-heal|p1a: Ogerpon|80\/100|[from] drain|[of] p2a: Diancie\n|-enditem|p2a: Diancie|Weakness Policy\n|-boost|p2a: Diancie|atk|2|[from] item: Weakness Policy\n|-boost|p2a: Diancie|spa|2|[from] item: Weakness Policy\n|move|p1b: Tornadus|Bleakwind Storm|p2a: Diancie|[spread] p2a,p2b\n|-resisted|p2a: Diancie\n|-supereffective|p2b: Ogerpon\n|-damage|p2a: Diancie|3\/100\n|-damage|p2b: Ogerpon|1\/100\n|move|p2b: Ogerpon|Power Whip|p1a: Ogerpon\n|-supereffective|p1a: Ogerpon\n|-damage|p1a: Ogerpon|0 fnt\n|faint|p1a: Ogerpon\n|move|p2a: Diancie|Diamond Storm|p1b: Tornadus\n|-supereffective|p1b: Tornadus\n|-damage|p1b: Tornadus|0 fnt\n|-boost|p2a: Diancie|def|2\n|faint|p1b: Tornadus\n|\n|upkeep\n|\n|t:|1698768236\n|switch|p1a: Gholdengo|Gholdengo, shiny|100\/100\n|switch|p1b: Heatran|Heatran, F|100\/100\n|turn|5\n|\n|t:|1698768244\n|move|p2a: Diancie|Protect|p2a: Diancie\n|-singleturn|p2a: Diancie|Protect\n|move|p1a: Gholdengo|Nasty Plot|p1a: Gholdengo\n|-boost|p1a: Gholdengo|spa|2\n|move|p1b: Heatran|Heat Wave|p2b: Ogerpon|[spread] p2b\n|-activate|p2a: Diancie|move: Protect\n|-damage|p2b: Ogerpon|0 fnt\n|faint|p2b: Ogerpon\n|\n|upkeep\n|\n|t:|1698768247\n|switch|p2b: Flutter Mane|Flutter Mane, shiny|100\/100\n|turn|6\n|\n|t:|1698768264\n|switch|p1b: Iron Hands|Iron Hands|100\/100\n|move|p1a: Gholdengo|Make It Rain|p2b: Flutter Mane|[spread] p2a,p2b\n|-supereffective|p2a: Diancie\n|-supereffective|p2b: Flutter Mane\n|-damage|p2a: Diancie|0 fnt\n|-damage|p2b: Flutter Mane|0 fnt\n|-unboost|p1a: Gholdengo|spa|1\n|faint|p2a: Diancie\n|faint|p2b: Flutter Mane\n|-end|p2b: Flutter Mane|Protosynthesis|[silent]\n|\n|-sideend|p1: Kingler for SCOTUS|move: Tailwind\n|upkeep\n|j| Vitoran\n|\n|t:|1698768273\n|switch|p2b: Landorus|Landorus-Therian, M, shiny|100\/100\n|switch|p2a: Moltres|Moltres-Galar, shiny|100\/100\n|-ability|p2b: Landorus|Intimidate|boost\n|-unboost|p1a: Gholdengo|atk|1\n|-unboost|p1b: Iron Hands|atk|1\n|turn|7\n|\n|t:|1698768294\n|-terastallize|p2a: Moltres|Fire\n|move|p1b: Iron Hands|Fake Out|p2a: Moltres\n|-damage|p2a: Moltres|90\/100\n|move|p1a: Gholdengo|Make It Rain|p2b: Landorus|[spread] p2a,p2b\n|-resisted|p2a: Moltres\n|-damage|p2a: Moltres|69\/100\n|-damage|p2b: Landorus|39\/100\n|-unboost|p1a: Gholdengo|spa|1\n|move|p2b: Landorus|Stomping Tantrum|p1a: Gholdengo\n|-supereffective|p1a: Gholdengo\n|-damage|p1a: Gholdengo|29\/100\n|cant|p2a: Moltres|flinch\n|\n|-heal|p1a: Gholdengo|35\/100|[from] item: Leftovers\n|upkeep\n|turn|8\n|l| USSFU1 Urshifu\n|\n|t:|1698768309\n|move|p1a: Gholdengo|Make It Rain|p2a: Moltres|[spread] p2a,p2b\n|-resisted|p2a: Moltres\n|-damage|p2a: Moltres|57\/100\n|-damage|p2b: Landorus|0 fnt\n|-unboost|p1a: Gholdengo|spa|1\n|faint|p2b: Landorus\n|move|p2a: Moltres|Fiery Wrath|p1b: Iron Hands|[spread] p1a,p1b\n|-supereffective|p1a: Gholdengo\n|-resisted|p1b: Iron Hands\n|-damage|p1a: Gholdengo|0 fnt\n|-damage|p1b: Iron Hands|95\/100\n|faint|p1a: Gholdengo\n|move|p1b: Iron Hands|Volt Switch|p2a: Moltres\n|-damage|p2a: Moltres|50\/100\n|-ability|p2a: Moltres|Berserk|boost\n|-boost|p2a: Moltres|spa|1\n|j| Shootabaga\n|c|\u2606Arcanine Numbers|gg\n|\n|t:|1698768316\n|-end|p1b: Iron Hands|Quark Drive|[silent]\n|switch|p1b: Heatran|Heatran, F|100\/100|[from] Volt Switch\n|\n|upkeep\n|c|\u2606Kingler for SCOTUS|gg\n|\n|t:|1698768321\n|switch|p1a: Iron Hands|Iron Hands|95\/100\n|turn|9\n|\n|t:|1698768324\n|move|p2a: Moltres|Protect|p2a: Moltres\n|-singleturn|p2a: Moltres|Protect\n|move|p1a: Iron Hands|Fake Out|p2a: Moltres\n|-activate|p2a: Moltres|move: Protect\n|move|p1b: Heatran|Earth Power|p2a: Moltres\n|-activate|p2a: Moltres|move: Protect\n|\n|upkeep\n|turn|10\n|\n|t:|1698768331\n|move|p2a: Moltres|Fiery Wrath|p1b: Heatran|[spread] p1a,p1b\n|-resisted|p1a: Iron Hands\n|-damage|p1a: Iron Hands|86\/100\n|-damage|p1b: Heatran|70\/100\n|move|p1b: Heatran|Earth Power|p2a: Moltres\n|-supereffective|p2a: Moltres\n|-damage|p2a: Moltres|12\/100\n|cant|p1a: Iron Hands|flinch\n|\n|upkeep\n|turn|11\n|\n|t:|1698768338\n|move|p2a: Moltres|Fiery Wrath|p1a: Iron Hands|[spread] p1a,p1b\n|-resisted|p1a: Iron Hands\n|-damage|p1a: Iron Hands|77\/100\n|-damage|p1b: Heatran|40\/100\n|move|p1b: Heatran|Earth Power|p2a: Moltres\n|-supereffective|p2a: Moltres\n|-damage|p2a: Moltres|0 fnt\n|faint|p2a: Moltres\n|\n|win|Kingler for SCOTUS\n|n|\u2606Kingler for SCOTUS|kinglerforscotus\n|n|\u2606Arcanine Numbers|arcaninenumbers\n|n|*Lady Monita \u263d|ladymonita\n|n| BB-8-NU|bb8nu\n|n| Goomy Guy12345|goomyguy12345\n|n| Vitoran|vitoran\n|n| Shootabaga|shootabaga\n","uploadtime":1698768339,"views":25,"p1id":"kinglerforscotus","p2id":"arcaninenumbers","formatid":"gen9doublesou","rating":0,"private":0,"password":""}