{"id":"gen9doublesou-1988950012","p1":"Dr_Sp00k","p2":"mikeyuwu","format":"[Gen 9] Doubles OU","log":"|j|\u2606Dr_Sp00k\n|j|\u2606mikeyuwu\n|t:|1699793226\n|gametype|doubles\n|player|p1|Dr_Sp00k|proton|1169\n|player|p2|mikeyuwu|psychic-gen4|1269\n|teamsize|p1|6\n|teamsize|p2|6\n|gen|9\n|tier|[Gen 9] Doubles OU\n|rated|\n|rule|Species Clause: Limit one of each Pok\u00e9mon\n|rule|OHKO Clause: OHKO moves are banned\n|rule|Evasion Moves Clause: Evasion moves are banned\n|rule|Gravity Sleep Clause: The combination of sleep-inducing moves with imperfect accuracy and Gravity or Gigantamax Orbeetle are banned\n|rule|Endless Battle Clause: Forcing endless battles is banned\n|rule|HP Percentage Mod: HP is shown in percentages\n|clearpoke\n|poke|p1|Amoonguss, M|\n|poke|p1|Hatterene, F|\n|poke|p1|Clefairy, M|\n|poke|p1|Ursaluna-Bloodmoon, M|\n|poke|p1|Enamorus, F|\n|poke|p1|Regieleki|\n|poke|p2|Garchomp, M|\n|poke|p2|Tyranitar, F|\n|poke|p2|Vaporeon, F|\n|poke|p2|Toxicroak, M|\n|poke|p2|Pelipper, F|\n|poke|p2|Abomasnow, M|\n|teampreview\n|\n|t:|1699793236\n|start\n|switch|p1a: Hatterene|Hatterene, F|100\/100\n|switch|p1b: Clefairy|Clefairy, M|100\/100\n|switch|p2a: OTLHPM|Toxicroak, M|100\/100\n|switch|p2b: ThcrThnSnkr|Tyranitar, F|100\/100\n|-weather|Sandstorm|[from] ability: Sand Stream|[of] p2b: ThcrThnSnkr\n|-ability|p1a: Hatterene|Anticipation\n|turn|1\n|\n|t:|1699793245\n|move|p1b: Clefairy|Follow Me|p1b: Clefairy\n|-singleturn|p1b: Clefairy|move: Follow Me\n|move|p2a: OTLHPM|Poison Jab|p1b: Clefairy\n|-supereffective|p1b: Clefairy\n|-damage|p1b: Clefairy|0 fnt\n|-damage|p2a: OTLHPM|84\/100|[from] item: Rocky Helmet|[of] p1b: Clefairy\n|faint|p1b: Clefairy\n|move|p2b: ThcrThnSnkr|Heavy Slam|p1a: Hatterene\n|-supereffective|p1a: Hatterene\n|-crit|p1a: Hatterene\n|-damage|p1a: Hatterene|0 fnt\n|faint|p1a: Hatterene\n|\n|-weather|Sandstorm|[upkeep]\n|-damage|p2a: OTLHPM|78\/100|[from] Sandstorm\n|-heal|p2a: OTLHPM|84\/100|[from] item: Black Sludge\n|upkeep\n|c|\u2606mikeyuwu|Gone is the trick room setter\n|\n|t:|1699793277\n|switch|p1b: Amoonguss|Amoonguss, M|100\/100\n|switch|p1a: Ursaluna|Ursaluna-Bloodmoon, M|100\/100\n|turn|2\n|c|\u2606Dr_Sp00k|Eh, unlucky:D\n|\n|t:|1699793303\n|-terastallize|p1a: Ursaluna|Water\n|move|p2a: OTLHPM|Drain Punch|p1a: Ursaluna\n|-damage|p1a: Ursaluna|77\/100\n|-heal|p2a: OTLHPM|99\/100|[from] drain|[of] p1a: Ursaluna\n|move|p2b: ThcrThnSnkr|Knock Off|p1a: Ursaluna\n|-damage|p1a: Ursaluna|47\/100\n|-enditem|p1a: Ursaluna|Life Orb|[from] move: Knock Off|[of] p2b: ThcrThnSnkr\n|move|p1a: Ursaluna|Tera Blast|p2b: ThcrThnSnkr|[anim] Tera Blast Water\n|-supereffective|p2b: ThcrThnSnkr\n|-damage|p2b: ThcrThnSnkr|73\/100\n|move|p1b: Amoonguss|Spore|p2a: OTLHPM\n|-status|p2a: OTLHPM|slp|[from] move: Spore\n|\n|-weather|Sandstorm|[upkeep]\n|-damage|p2a: OTLHPM|93\/100 slp|[from] Sandstorm\n|-damage|p1a: Ursaluna|40\/100|[from] Sandstorm\n|-damage|p1b: Amoonguss|94\/100|[from] Sandstorm\n|-heal|p2a: OTLHPM|99\/100 slp|[from] item: Black Sludge\n|upkeep\n|turn|3\n|c|\u2606mikeyuwu|I hope its less common in gen 10\n|c|\u2606mikeyuwu|Theres just so many\n|c|\u2606Dr_Sp00k|Yeap, trying out teams\n|c|\u2606Dr_Sp00k|Haven't played in a while so, I'm left behind :P\n|c|\u2606Dr_Sp00k|And everyone is using Wolfie's clafairy tactics\n|\n|t:|1699793366\n|cant|p2a: OTLHPM|slp\n|move|p2b: ThcrThnSnkr|Rock Slide|p1a: Ursaluna|[spread] p1a,p1b\n|-damage|p1a: Ursaluna|23\/100\n|-damage|p1b: Amoonguss|72\/100\n|move|p1a: Ursaluna|Substitute|p1a: Ursaluna\n|-fail|p1a: Ursaluna|move: Substitute|[weak]\n|move|p1b: Amoonguss|Pollen Puff|p1a: Ursaluna\n|-heal|p1a: Ursaluna|73\/100\n|\n|-weather|Sandstorm|[upkeep]\n|-damage|p2a: OTLHPM|93\/100 slp|[from] Sandstorm\n|-damage|p1a: Ursaluna|67\/100|[from] Sandstorm\n|-damage|p1b: Amoonguss|66\/100|[from] Sandstorm\n|-heal|p2a: OTLHPM|99\/100 slp|[from] item: Black Sludge\n|upkeep\n|turn|4\n|c|\u2606mikeyuwu|Youre already more interesting than most. Most people just normal tera bloodmoon spam and pray\n|\n|t:|1699793389\n|switch|p2a: Cold Shoulder|Abomasnow, M, shiny|100\/100\n|-weather|Snow|[from] ability: Snow Warning|[of] p2a: Cold Shoulder\n|switch|p2b: Harmacy|Vaporeon, F|100\/100\n|move|p1a: Ursaluna|Blood Moon|p2a: Cold Shoulder\n|-damage|p2a: Cold Shoulder|13\/100\n|move|p1b: Amoonguss|Spore|p2b: Harmacy\n|-status|p2b: Harmacy|slp|[from] move: Spore\n|\n|-weather|Snow|[upkeep]\n|upkeep\n|turn|5\n|c|\u2606Dr_Sp00k|Hahahahaha, didn't even know that pokemon existed until recently :P\n|\n|t:|1699793423\n|move|p2a: Cold Shoulder|Giga Drain|p1a: Ursaluna\n|-supereffective|p1a: Ursaluna\n|-damage|p1a: Ursaluna|7\/100\n|-heal|p2a: Cold Shoulder|50\/100|[from] drain|[of] p1a: Ursaluna\n|cant|p2b: Harmacy|slp\n|move|p1a: Ursaluna|Tera Blast|p2a: Cold Shoulder|[anim] Tera Blast Water\n|-resisted|p2a: Cold Shoulder\n|-damage|p2a: Cold Shoulder|25\/100\n|move|p1b: Amoonguss|Pollen Puff|p1a: Ursaluna\n|-heal|p1a: Ursaluna|57\/100\n|\n|-weather|Snow|[upkeep]\n|upkeep\n|turn|6\n|\n|t:|1699793436\n|switch|p1a: Enamorus|Enamorus, F|100\/100\n|move|p2a: Cold Shoulder|Giga Drain|p1a: Enamorus\n|-resisted|p1a: Enamorus\n|-damage|p1a: Enamorus|84\/100\n|-heal|p2a: Cold Shoulder|33\/100|[from] drain|[of] p1a: Enamorus\n|cant|p2b: Harmacy|slp\n|move|p1b: Amoonguss|Spore|p2a: Cold Shoulder\n|-immune|p2a: Cold Shoulder\n|\n|-weather|Snow|[upkeep]\n|-heal|p1a: Enamorus|91\/100|[from] item: Leftovers\n|upkeep\n|turn|7\n|\n|t:|1699793452\n|switch|p2a: ThcrThnSnkr|Tyranitar, F|73\/100\n|-weather|Sandstorm|[from] ability: Sand Stream|[of] p2a: ThcrThnSnkr\n|move|p1b: Amoonguss|Rage Powder|p1b: Amoonguss\n|-singleturn|p1b: Amoonguss|move: Rage Powder\n|move|p1a: Enamorus|Mystical Fire|p2a: ThcrThnSnkr\n|-resisted|p2a: ThcrThnSnkr\n|-damage|p2a: ThcrThnSnkr|68\/100\n|-unboost|p2a: ThcrThnSnkr|spa|1\n|cant|p2b: Harmacy|slp\n|\n|-weather|Sandstorm|[upkeep]\n|-damage|p1a: Enamorus|84\/100|[from] Sandstorm\n|-damage|p2b: Harmacy|94\/100 slp|[from] Sandstorm\n|-damage|p1b: Amoonguss|60\/100|[from] Sandstorm\n|-heal|p1a: Enamorus|91\/100|[from] item: Leftovers\n|-heal|p2b: Harmacy|100\/100 slp|[from] item: Leftovers\n|upkeep\n|turn|8\n|\n|t:|1699793470\n|move|p1a: Enamorus|Springtide Storm|p2a: ThcrThnSnkr|[spread] \n|-miss|p1a: Enamorus|p2a: ThcrThnSnkr\n|-miss|p1a: Enamorus|p2b: Harmacy\n|move|p2a: ThcrThnSnkr|Rock Slide|p1b: Amoonguss|[spread] p1a,p1b\n|-supereffective|p1a: Enamorus\n|-damage|p1a: Enamorus|21\/100\n|-damage|p1b: Amoonguss|38\/100\n|-curestatus|p2b: Harmacy|slp|[msg]\n|move|p2b: Harmacy|Copycat|p2b: Harmacy\n|move|p2b: Harmacy|Rock Slide|p1a: Enamorus|[from]move: Copycat|[spread] p1a,p1b\n|-supereffective|p1a: Enamorus\n|-damage|p1a: Enamorus|1\/100\n|-damage|p1b: Amoonguss|31\/100\n|cant|p1b: Amoonguss|flinch\n|\n|-weather|Sandstorm|[upkeep]\n|-damage|p1a: Enamorus|0 fnt|[from] Sandstorm\n|-damage|p2b: Harmacy|94\/100|[from] Sandstorm\n|-damage|p1b: Amoonguss|25\/100|[from] Sandstorm\n|faint|p1a: Enamorus\n|-heal|p2b: Harmacy|100\/100|[from] item: Leftovers\n|upkeep\n|\n|t:|1699793492\n|switch|p1a: Regieleki|Regieleki|100\/100\n|turn|9\n|\n|t:|1699793515\n|switch|p2b: Extra Spicy|Garchomp, M|100\/100\n|move|p1a: Regieleki|Volt Switch|p2b: Extra Spicy\n|-immune|p2b: Extra Spicy\n|move|p2a: ThcrThnSnkr|Rock Slide|p1a: Regieleki|[spread] p1a,p1b\n|-damage|p1a: Regieleki|53\/100\n|-damage|p1b: Amoonguss|2\/100\n|move|p1b: Amoonguss|Spore|p2a: ThcrThnSnkr\n|-status|p2a: ThcrThnSnkr|slp|[from] move: Spore\n|\n|-weather|Sandstorm|[upkeep]\n|-damage|p1a: Regieleki|47\/100|[from] Sandstorm\n|-damage|p1b: Amoonguss|0 fnt|[from] Sandstorm\n|faint|p1b: Amoonguss\n|upkeep\n|\n|t:|1699793520\n|switch|p1b: Ursaluna|Ursaluna-Bloodmoon, M, tera:Water|57\/100\n|turn|10\n|\n|t:|1699793541\n|switch|p2a: Weather War|Pelipper, F|100\/100\n|-weather|RainDance|[from] ability: Drizzle|[of] p2a: Weather War\n|move|p1a: Regieleki|Ancient Power|p2b: Extra Spicy\n|-resisted|p2b: Extra Spicy\n|-damage|p2b: Extra Spicy|90\/100\n|-damage|p1a: Regieleki|37\/100|[from] item: Life Orb\n|move|p2b: Extra Spicy|Earthquake|p1b: Ursaluna|[spread] p1a,p1b\n|-immune|p2a: Weather War\n|-supereffective|p1a: Regieleki\n|-damage|p1a: Regieleki|0 fnt\n|-damage|p1b: Ursaluna|34\/100\n|faint|p1a: Regieleki\n|move|p1b: Ursaluna|Blood Moon|p2b: Extra Spicy\n|-damage|p2b: Extra Spicy|12\/100\n|\n|-weather|RainDance|[upkeep]\n|upkeep\n|turn|11\n|c|\u2606mikeyuwu|Ggs! I hope to see more of your teams in the future!\n|c|\u2606Dr_Sp00k|Gg wp mate :) was fun\n|\n|t:|1699793563\n|move|p2b: Extra Spicy|Earthquake|p1b: Ursaluna|[spread] p1b\n|-immune|p2a: Weather War\n|-damage|p1b: Ursaluna|10\/100\n|move|p2a: Weather War|Hurricane|p1b: Ursaluna\n|-damage|p1b: Ursaluna|0 fnt\n|faint|p1b: Ursaluna\n|\n|win|mikeyuwu\n|raw|Dr_Sp00k's rating: 1169 &rarr; <strong>1151<\/strong><br \/>(-18 for losing)\n|raw|mikeyuwu's rating: 1269 &rarr; <strong>1287<\/strong><br \/>(+18 for winning)\n|l|\u2606Dr_Sp00k\n","uploadtime":1699793582,"views":10,"p1id":"drsp00k","p2id":"mikeyuwu","formatid":"gen9doublesou","rating":1151,"private":0,"password":""}