{"id":"gen9doublesou-1994573637","p1":"mikeyuwu","p2":"Rynosrs","format":"[Gen 9] Doubles OU","log":"|j|\u2606mikeyuwu\n|j|\u2606Rynosrs\n|t:|1700462297\n|gametype|doubles\n|player|p1|mikeyuwu|psychic-gen4|1321\n|player|p2|Rynosrs|baker|1369\n|teamsize|p1|6\n|teamsize|p2|6\n|gen|9\n|tier|[Gen 9] Doubles OU\n|rated|\n|rule|Species Clause: Limit one of each Pok\u00e9mon\n|rule|OHKO Clause: OHKO moves are banned\n|rule|Evasion Moves Clause: Evasion moves are banned\n|rule|Gravity Sleep Clause: The combination of sleep-inducing moves with imperfect accuracy and Gravity or Gigantamax Orbeetle are banned\n|rule|Endless Battle Clause: Forcing endless battles is banned\n|rule|HP Percentage Mod: HP is shown in percentages\n|clearpoke\n|poke|p1|Garchomp, M|\n|poke|p1|Tyranitar, F|\n|poke|p1|Vaporeon, F|\n|poke|p1|Toxicroak, M|\n|poke|p1|Pelipper, F|\n|poke|p1|Abomasnow, M|\n|poke|p2|Sneasler, F|\n|poke|p2|Rillaboom, F|\n|poke|p2|Chien-Pao|\n|poke|p2|Flutter Mane|\n|poke|p2|Dusclops, M|\n|poke|p2|Ursaluna-Bloodmoon, M|\n|teampreview\n|\n|t:|1700462304\n|start\n|switch|p1a: OTLHPM|Toxicroak, M|100\/100\n|switch|p1b: Weather War|Pelipper, F|100\/100\n|switch|p2a: Sneasler|Sneasler, F|100\/100\n|switch|p2b: Rillaboom|Rillaboom, F|100\/100\n|-fieldstart|move: Grassy Terrain|[from] ability: Grassy Surge|[of] p2b: Rillaboom\n|-enditem|p2a: Sneasler|Grassy Seed\n|-boost|p2a: Sneasler|def|1|[from] item: Grassy Seed\n|-weather|RainDance|[from] ability: Drizzle|[of] p1b: Weather War\n|turn|1\n|\n|t:|1700462315\n|switch|p1a: Extra Spicy|Garchomp, M|100\/100\n|move|p2b: Rillaboom|Fake Out|p1a: Extra Spicy\n|-damage|p1a: Extra Spicy|92\/100\n|-damage|p2b: Rillaboom|88\/100|[from] ability: Rough Skin|[of] p1a: Extra Spicy\n|-damage|p2b: Rillaboom|72\/100|[from] item: Rocky Helmet|[of] p1a: Extra Spicy\n|move|p2a: Sneasler|Swords Dance|p2a: Sneasler\n|-boost|p2a: Sneasler|atk|2\n|move|p1b: Weather War|Hurricane|p2a: Sneasler\n|-supereffective|p2a: Sneasler\n|-damage|p2a: Sneasler|5\/100\n|\n|-weather|RainDance|[upkeep]\n|-heal|p2a: Sneasler|11\/100|[from] Grassy Terrain\n|-heal|p2b: Rillaboom|78\/100|[from] Grassy Terrain\n|-heal|p1a: Extra Spicy|98\/100|[from] Grassy Terrain\n|upkeep\n|turn|2\n|\n|t:|1700462328\n|move|p2a: Sneasler|Dire Claw|p1b: Weather War\n|-damage|p1b: Weather War|25\/100\n|-status|p1b: Weather War|par\n|move|p2b: Rillaboom|Drum Beating|p1b: Weather War\n|-damage|p1b: Weather War|0 fnt\n|faint|p1b: Weather War\n|move|p1a: Extra Spicy|Liquidation|p2a: Sneasler\n|-damage|p2a: Sneasler|0 fnt\n|faint|p2a: Sneasler\n|\n|-weather|RainDance|[upkeep]\n|-heal|p2b: Rillaboom|84\/100|[from] Grassy Terrain\n|-heal|p1a: Extra Spicy|100\/100|[from] Grassy Terrain\n|upkeep\n|\n|t:|1700462336\n|switch|p2a: Chien-Pao|Chien-Pao|100\/100\n|switch|p1b: Cold Shoulder|Abomasnow, M, shiny|100\/100\n|-ability|p2a: Chien-Pao|Sword of Ruin\n|-weather|Snow|[from] ability: Snow Warning|[of] p1b: Cold Shoulder\n|turn|3\n|\n|t:|1700462351\n|-terastallize|p1a: Extra Spicy|Steel\n|move|p2a: Chien-Pao|Ice Spinner|p1a: Extra Spicy\n|-resisted|p1a: Extra Spicy\n|-damage|p1a: Extra Spicy|83\/100\n|-damage|p2a: Chien-Pao|88\/100|[from] ability: Rough Skin|[of] p1a: Extra Spicy\n|-damage|p2a: Chien-Pao|72\/100|[from] item: Rocky Helmet|[of] p1a: Extra Spicy\n|-fieldend|move: Grassy Terrain\n|move|p2b: Rillaboom|U-turn|p1b: Cold Shoulder\n|-supereffective|p1b: Cold Shoulder\n|-damage|p1b: Cold Shoulder|63\/100\n|\n|t:|1700462360\n|switch|p2b: Ursaluna|Ursaluna-Bloodmoon, M|100\/100|[from] U-turn\n|move|p1a: Extra Spicy|Brick Break|p2a: Chien-Pao\n|-supereffective|p2a: Chien-Pao\n|-damage|p2a: Chien-Pao|0 fnt\n|faint|p2a: Chien-Pao\n|move|p1b: Cold Shoulder|Blizzard|p2b: Ursaluna\n|-supereffective|p2b: Ursaluna\n|-damage|p2b: Ursaluna|22\/100\n|\n|-weather|Snow|[upkeep]\n|upkeep\n|\n|t:|1700462362\n|switch|p2a: Dusclops|Dusclops, M, shiny|100\/100\n|-item|p1a: Extra Spicy|Rocky Helmet|[from] ability: Frisk|[of] p2a: Dusclops|[identify]\n|-item|p1b: Cold Shoulder|Wide Lens|[from] ability: Frisk|[of] p2a: Dusclops|[identify]\n|turn|4\n|\n|t:|1700462370\n|switch|p1a: Harmacy|Vaporeon, F|100\/100\n|move|p2b: Ursaluna|Protect|p2b: Ursaluna\n|-singleturn|p2b: Ursaluna|Protect\n|move|p1b: Cold Shoulder|Blizzard|p2b: Ursaluna|[spread] p2a\n|-activate|p2b: Ursaluna|move: Protect\n|-damage|p2a: Dusclops|80\/100\n|move|p2a: Dusclops|Trick Room|p2a: Dusclops\n|-fieldstart|move: Trick Room|[of] p2a: Dusclops\n|\n|-weather|Snow|[upkeep]\n|upkeep\n|turn|5\n|inactive|Battle timer is ON: inactive players will automatically lose when time's up. (requested by mikeyuwu)\n|\n|t:|1700462427\n|-terastallize|p2b: Ursaluna|Normal\n|move|p2a: Dusclops|Helping Hand|p2b: Ursaluna\n|-singleturn|p2b: Ursaluna|Helping Hand|[of] p2a: Dusclops\n|move|p2b: Ursaluna|Hyper Voice|p1a: Harmacy|[spread] p1a,p1b\n|-damage|p1a: Harmacy|37\/100\n|-damage|p1b: Cold Shoulder|0 fnt\n|faint|p1b: Cold Shoulder\n|-enditem|p2b: Ursaluna|Throat Spray\n|-boost|p2b: Ursaluna|spa|1|[from] item: Throat Spray\n|move|p1a: Harmacy|Weather Ball|p2b: Ursaluna\n|-damage|p2b: Ursaluna|0 fnt\n|faint|p2b: Ursaluna\n|\n|-weather|Snow|[upkeep]\n|-heal|p1a: Harmacy|43\/100|[from] item: Leftovers\n|upkeep\n|\n|t:|1700462435\n|switch|p2b: Rillaboom|Rillaboom, F|84\/100\n|switch|p1b: OTLHPM|Toxicroak, M|100\/100\n|-fieldstart|move: Grassy Terrain|[from] ability: Grassy Surge|[of] p2b: Rillaboom\n|turn|6\n|\n|t:|1700462444\n|switch|p1a: Extra Spicy|Garchomp, M, tera:Steel|83\/100\n|move|p2b: Rillaboom|Fake Out|p1b: OTLHPM\n|-damage|p1b: OTLHPM|81\/100\n|move|p2a: Dusclops|Night Shade|p1a: Extra Spicy\n|-damage|p1a: Extra Spicy|59\/100\n|cant|p1b: OTLHPM|flinch\n|\n|-weather|Snow|[upkeep]\n|-heal|p2a: Dusclops|86\/100|[from] Grassy Terrain\n|-heal|p1b: OTLHPM|87\/100|[from] Grassy Terrain\n|-heal|p1b: OTLHPM|94\/100|[from] item: Black Sludge\n|-heal|p1a: Extra Spicy|65\/100|[from] Grassy Terrain\n|-heal|p2b: Rillaboom|90\/100|[from] Grassy Terrain\n|upkeep\n|turn|7\n|\n|t:|1700462472\n|move|p2a: Dusclops|Night Shade|p1a: Extra Spicy\n|-damage|p1a: Extra Spicy|41\/100\n|move|p1b: OTLHPM|Poison Jab|p2b: Rillaboom\n|-supereffective|p2b: Rillaboom\n|-damage|p2b: Rillaboom|7\/100\n|move|p1a: Extra Spicy|Poison Jab|p2b: Rillaboom\n|-supereffective|p2b: Rillaboom\n|-damage|p2b: Rillaboom|0 fnt\n|faint|p2b: Rillaboom\n|\n|-weather|none\n|-heal|p2a: Dusclops|91\/100|[from] Grassy Terrain\n|-heal|p1b: OTLHPM|99\/100|[from] Grassy Terrain\n|-heal|p1b: OTLHPM|100\/100|[from] item: Black Sludge\n|-heal|p1a: Extra Spicy|47\/100|[from] Grassy Terrain\n|upkeep\n|\n|t:|1700462474\n|switch|p2b: Flutter Mane|Flutter Mane|100\/100\n|-enditem|p2b: Flutter Mane|Booster Energy\n|-activate|p2b: Flutter Mane|ability: Protosynthesis|[fromitem]\n|-start|p2b: Flutter Mane|protosynthesisspe\n|turn|8\n|l|\u2606Rynosrs\n|inactive|Rynosrs disconnected and has a minute to reconnect!\n|player|p2|\n|inactive|Rynosrs has 30 seconds to reconnect!\n|inactive|Rynosrs has 20 seconds to reconnect!\n|inactive|Rynosrs has 15 seconds to reconnect!\n|inactive|Rynosrs has 10 seconds to reconnect!\n|inactive|Rynosrs has 5 seconds to reconnect!\n|-message|Rynosrs lost due to inactivity.\n|\n|win|mikeyuwu\n|raw|mikeyuwu's rating: 1321 &rarr; <strong>1344<\/strong><br \/>(+23 for winning)\n|raw|Rynosrs's rating: 1369 &rarr; <strong>1346<\/strong><br \/>(-23 for losing)\n","uploadtime":1700462546,"views":5,"p1id":"mikeyuwu","p2id":"rynosrs","formatid":"gen9doublesou","rating":1344,"private":0,"password":""}