{"id":"gen9doublesou-1984587207","p1":"Dr Depresserino","p2":"mikeyuwu","format":"[Gen 9] Doubles OU","log":"|j|\u2606Dr Depresserino\n|j|\u2606mikeyuwu\n|t:|1699282324\n|gametype|doubles\n|player|p1|Dr Depresserino|101|1377\n|player|p2|mikeyuwu|psychic-gen4|1367\n|teamsize|p1|6\n|teamsize|p2|6\n|gen|9\n|tier|[Gen 9] Doubles OU\n|rated|\n|rule|Species Clause: Limit one of each Pok\u00e9mon\n|rule|OHKO Clause: OHKO moves are banned\n|rule|Evasion Moves Clause: Evasion moves are banned\n|rule|Gravity Sleep Clause: The combination of sleep-inducing moves with imperfect accuracy and Gravity or Gigantamax Orbeetle are banned\n|rule|Endless Battle Clause: Forcing endless battles is banned\n|rule|HP Percentage Mod: HP is shown in percentages\n|clearpoke\n|poke|p1|Muk-Alola, M|\n|poke|p1|Oricorio-Pa'u, L1, M|\n|poke|p1|Dragonite, M|\n|poke|p1|Altaria, M|\n|poke|p1|Lilligant-Hisui, F|\n|poke|p1|Quaquaval, M|\n|poke|p2|Garchomp, M|\n|poke|p2|Tyranitar, F|\n|poke|p2|Vaporeon, F|\n|poke|p2|Toxicroak, M|\n|poke|p2|Pelipper, F|\n|poke|p2|Abomasnow, M|\n|teampreview\n|\n|t:|1699282340\n|start\n|switch|p1a: Muk|Muk-Alola, M, shiny|100\/100\n|switch|p1b: Oricorio|Oricorio-Pa'u, L1, M, shiny|100\/100\n|switch|p2a: OTLHPM|Toxicroak, M|100\/100\n|switch|p2b: Harmacy|Vaporeon, F|100\/100\n|turn|1\n|\n|t:|1699282371\n|switch|p2a: Weather War|Pelipper, F|100\/100\n|-weather|RainDance|[from] ability: Drizzle|[of] p2a: Weather War\n|move|p1a: Muk|Protect|p1a: Muk\n|-singleturn|p1a: Muk|Protect\n|move|p2b: Harmacy|Icy Wind|p1a: Muk|[spread] p1b\n|-activate|p1a: Muk|move: Protect\n|-supereffective|p1b: Oricorio\n|-damage|p1b: Oricorio|0 fnt\n|faint|p1b: Oricorio\n|-ability|p1a: Muk|Dancer|[from] ability: Power of Alchemy|[of] p1b: Oricorio\n|\n|-weather|RainDance|[upkeep]\n|upkeep\n|\n|t:|1699282393\n|switch|p1b: Altaria|Altaria, M, shiny|100\/100\n|-ability|p1b: Altaria|Cloud Nine\n|turn|2\n|\n|t:|1699282411\n|-terastallize|p1b: Altaria|Fairy\n|move|p1b: Altaria|Dragon Dance|p1b: Altaria\n|-boost|p1b: Altaria|atk|1\n|-boost|p1b: Altaria|spe|1\n|-activate|p1a: Muk|ability: Dancer\n|move|p1a: Muk|Dragon Dance|p1a: Muk|[from]ability: Dancer\n|-boost|p1a: Muk|atk|1\n|-boost|p1a: Muk|spe|1\n|move|p1a: Muk|Knock Off|p2b: Harmacy\n|-damage|p2b: Harmacy|48\/100\n|-enditem|p2b: Harmacy|Leftovers|[from] move: Knock Off|[of] p1a: Muk\n|move|p2a: Weather War|Chilling Water|p1a: Muk\n|-damage|p1a: Muk|86\/100\n|-unboost|p1a: Muk|atk|1\n|move|p2b: Harmacy|Icy Wind|p1b: Altaria|[spread] p1a,p1b\n|-damage|p1a: Muk|78\/100\n|-damage|p1b: Altaria|93\/100\n|-unboost|p1a: Muk|spe|1\n|-unboost|p1b: Altaria|spe|1\n|\n|-weather|RainDance|[upkeep]\n|-heal|p1b: Altaria|99\/100|[from] item: Leftovers\n|upkeep\n|turn|3\n|\n|t:|1699282433\n|switch|p2b: OTLHPM|Toxicroak, M|100\/100\n|move|p1a: Muk|Protect|p1a: Muk\n|-singleturn|p1a: Muk|Protect\n|move|p1b: Altaria|Dragon Dance|p1b: Altaria\n|-boost|p1b: Altaria|atk|1\n|-boost|p1b: Altaria|spe|1\n|-activate|p1a: Muk|ability: Dancer\n|move|p1a: Muk|Dragon Dance|p1a: Muk|[from]ability: Dancer\n|-boost|p1a: Muk|atk|1\n|-boost|p1a: Muk|spe|1\n|move|p2a: Weather War|Hurricane|p1b: Altaria\n|-damage|p1b: Altaria|75\/100\n|\n|-weather|RainDance|[upkeep]\n|-heal|p1b: Altaria|81\/100|[from] item: Leftovers\n|upkeep\n|turn|4\n|\n|t:|1699282461\n|move|p1b: Altaria|Will-O-Wisp|p2b: OTLHPM\n|-status|p2b: OTLHPM|brn\n|move|p2b: OTLHPM|Poison Jab|p1b: Altaria\n|-supereffective|p1b: Altaria\n|-damage|p1b: Altaria|42\/100\n|-status|p1b: Altaria|psn\n|move|p1a: Muk|Knock Off|p2a: Weather War\n|-damage|p2a: Weather War|48\/100\n|-enditem|p2a: Weather War|Heavy-Duty Boots|[from] move: Knock Off|[of] p1a: Muk\n|move|p2a: Weather War|Chilling Water|p1a: Muk\n|-damage|p1a: Muk|63\/100\n|-unboost|p1a: Muk|atk|1\n|\n|-weather|RainDance|[upkeep]\n|-heal|p1b: Altaria|48\/100 psn|[from] item: Leftovers\n|-damage|p1b: Altaria|36\/100 psn|[from] psn\n|-damage|p2b: OTLHPM|94\/100 brn|[from] brn\n|upkeep\n|turn|5\n|\n|t:|1699282474\n|move|p1a: Muk|Protect|p1a: Muk\n|-singleturn|p1a: Muk|Protect\n|move|p1b: Altaria|Roost|p1b: Altaria\n|-heal|p1b: Altaria|86\/100 psn\n|move|p2b: OTLHPM|Poison Jab|p1b: Altaria\n|-supereffective|p1b: Altaria\n|-damage|p1b: Altaria|43\/100 psn\n|move|p2a: Weather War|Hurricane|p1a: Muk\n|-activate|p1a: Muk|move: Protect\n|\n|-weather|none\n|-heal|p1b: Altaria|49\/100 psn|[from] item: Leftovers\n|-heal|p2b: OTLHPM|100\/100 brn|[from] item: Black Sludge\n|-damage|p1b: Altaria|37\/100 psn|[from] psn\n|-damage|p2b: OTLHPM|94\/100 brn|[from] brn\n|upkeep\n|turn|6\n|\n|t:|1699282505\n|move|p1b: Altaria|Dragon Dance|p1b: Altaria\n|-boost|p1b: Altaria|atk|1\n|-boost|p1b: Altaria|spe|1\n|-activate|p1a: Muk|ability: Dancer\n|move|p1a: Muk|Dragon Dance|p1a: Muk|[from]ability: Dancer\n|-boost|p1a: Muk|atk|1\n|-boost|p1a: Muk|spe|1\n|move|p1a: Muk|Poison Jab|p2a: Weather War\n|-damage|p2a: Weather War|5\/100\n|move|p2b: OTLHPM|Poison Jab|p1b: Altaria\n|-supereffective|p1b: Altaria\n|-damage|p1b: Altaria|0 fnt\n|faint|p1b: Altaria\n|move|p2a: Weather War|Chilling Water|p1a: Muk\n|-damage|p1a: Muk|50\/100\n|-unboost|p1a: Muk|atk|1\n|\n|-heal|p2b: OTLHPM|100\/100 brn|[from] item: Black Sludge\n|-damage|p2b: OTLHPM|94\/100 brn|[from] brn\n|upkeep\n|\n|t:|1699282525\n|switch|p1b: Lilligant|Lilligant-Hisui, F, shiny|100\/100\n|turn|7\n|\n|t:|1699282531\n|move|p1b: Lilligant|Victory Dance|p1b: Lilligant\n|-boost|p1b: Lilligant|atk|1\n|-boost|p1b: Lilligant|def|1\n|-boost|p1b: Lilligant|spe|1\n|-activate|p1a: Muk|ability: Dancer\n|move|p1a: Muk|Victory Dance|p1a: Muk|[from]ability: Dancer\n|-boost|p1a: Muk|atk|1\n|-boost|p1a: Muk|def|1\n|-boost|p1a: Muk|spe|1\n|move|p1a: Muk|Poison Jab|p2a: Weather War\n|-damage|p2a: Weather War|0 fnt\n|faint|p2a: Weather War\n|move|p2b: OTLHPM|Earthquake|p1b: Lilligant|[spread] p1a,p1b\n|-supereffective|p1a: Muk\n|-resisted|p1b: Lilligant\n|-damage|p1a: Muk|33\/100\n|-damage|p1b: Lilligant|94\/100\n|\n|-heal|p1b: Lilligant|100\/100|[from] item: Leftovers\n|-heal|p2b: OTLHPM|100\/100 brn|[from] item: Black Sludge\n|-damage|p2b: OTLHPM|94\/100 brn|[from] brn\n|upkeep\n|\n|t:|1699282545\n|switch|p2a: Extra Spicy|Garchomp, M|100\/100\n|turn|8\n|\n|t:|1699282555\n|move|p1b: Lilligant|Ice Spinner|p2a: Extra Spicy\n|-supereffective|p2a: Extra Spicy\n|-damage|p2a: Extra Spicy|0 fnt\n|-damage|p1b: Lilligant|88\/100|[from] ability: Rough Skin|[of] p2a: Extra Spicy\n|-damage|p1b: Lilligant|72\/100|[from] item: Rocky Helmet|[of] p2a: Extra Spicy\n|faint|p2a: Extra Spicy\n|move|p1a: Muk|Knock Off|p2b: OTLHPM\n|-resisted|p2b: OTLHPM\n|-damage|p2b: OTLHPM|48\/100 brn\n|-enditem|p2b: OTLHPM|Black Sludge|[from] move: Knock Off|[of] p1a: Muk\n|move|p2b: OTLHPM|Earthquake|p1a: Muk|[spread] p1a,p1b\n|-supereffective|p1a: Muk\n|-resisted|p1b: Lilligant\n|-damage|p1a: Muk|15\/100\n|-damage|p1b: Lilligant|65\/100\n|\n|-heal|p1b: Lilligant|71\/100|[from] item: Leftovers\n|-damage|p2b: OTLHPM|42\/100 brn|[from] brn\n|upkeep\n|\n|t:|1699282561\n|switch|p2a: Cold Shoulder|Abomasnow, M, shiny|100\/100\n|-weather|Snow|[from] ability: Snow Warning|[of] p2a: Cold Shoulder\n|turn|9\n|\n|t:|1699282575\n|-terastallize|p2a: Cold Shoulder|Water\n|move|p1b: Lilligant|Victory Dance|p1b: Lilligant\n|-boost|p1b: Lilligant|atk|1\n|-boost|p1b: Lilligant|def|1\n|-boost|p1b: Lilligant|spe|1\n|-activate|p1a: Muk|ability: Dancer\n|move|p1a: Muk|Victory Dance|p1a: Muk|[from]ability: Dancer\n|-boost|p1a: Muk|atk|1\n|-boost|p1a: Muk|def|1\n|-boost|p1a: Muk|spe|1\n|move|p1a: Muk|Drain Punch|p2a: Cold Shoulder\n|-damage|p2a: Cold Shoulder|54\/100\n|-heal|p1a: Muk|35\/100|[from] drain|[of] p2a: Cold Shoulder\n|move|p2b: OTLHPM|Poison Jab|p1b: Lilligant\n|-supereffective|p1b: Lilligant\n|-damage|p1b: Lilligant|42\/100\n|move|p2a: Cold Shoulder|Blizzard|p1b: Lilligant|[spread] p1a,p1b\n|-supereffective|p1b: Lilligant\n|-damage|p1a: Muk|8\/100\n|-damage|p1b: Lilligant|0 fnt\n|faint|p1b: Lilligant\n|\n|-weather|Snow|[upkeep]\n|-damage|p2b: OTLHPM|36\/100 brn|[from] brn\n|upkeep\n|\n|t:|1699282597\n|switch|p1b: Quaquaval|Quaquaval, M, shiny|100\/100\n|turn|10\n|\n|t:|1699282605\n|move|p1a: Muk|Protect|p1a: Muk\n|-singleturn|p1a: Muk|Protect\n|move|p1b: Quaquaval|Aqua Step|p2b: OTLHPM\n|-heal|p2b: OTLHPM|60\/100 brn|[from] ability: Dry Skin|[of] p1b: Quaquaval\n|move|p2b: OTLHPM|Poison Jab|p1a: Muk\n|-activate|p1a: Muk|move: Protect\n|move|p2a: Cold Shoulder|Giga Drain|p1b: Quaquaval\n|-supereffective|p1b: Quaquaval\n|-damage|p1b: Quaquaval|23\/100\n|-heal|p2a: Cold Shoulder|89\/100|[from] drain|[of] p1b: Quaquaval\n|\n|-weather|Snow|[upkeep]\n|-damage|p2b: OTLHPM|54\/100 brn|[from] brn\n|upkeep\n|turn|11\n|-message|Dr Depresserino forfeited.\n|\n|win|mikeyuwu\n|raw|Dr Depresserino's rating: 1377 &rarr; <strong>1356<\/strong><br \/>(-21 for losing)\n|raw|mikeyuwu's rating: 1367 &rarr; <strong>1388<\/strong><br \/>(+21 for winning)\n|l|\u2606Dr Depresserino\n","uploadtime":1699282623,"views":10,"p1id":"drdepresserino","p2id":"mikeyuwu","formatid":"gen9doublesou","rating":1356,"private":0,"password":""}