{"id":"gen9doublesou-1996574506","p1":"TommytoonVT","p2":"Pabliscor9","format":"[Gen 9] Doubles OU","log":"|j|\u2606TommytoonVT\n|j|\u2606Pabliscor9\n|t:|1700695998\n|gametype|doubles\n|player|p1|TommytoonVT|101|1000\n|player|p2|Pabliscor9|n|1049\n|teamsize|p1|6\n|teamsize|p2|6\n|gen|9\n|tier|[Gen 9] Doubles OU\n|rated|\n|rule|Species Clause: Limit one of each Pok\u00e9mon\n|rule|OHKO Clause: OHKO moves are banned\n|rule|Evasion Moves Clause: Evasion moves are banned\n|rule|Gravity Sleep Clause: The combination of sleep-inducing moves with imperfect accuracy and Gravity or Gigantamax Orbeetle are banned\n|rule|Endless Battle Clause: Forcing endless battles is banned\n|rule|HP Percentage Mod: HP is shown in percentages\n|clearpoke\n|poke|p1|Arcanine-Hisui, M|\n|poke|p1|Flutter Mane|\n|poke|p1|Ursaluna-Bloodmoon, M|\n|poke|p1|Roaring Moon|\n|poke|p1|Walking Wake|\n|poke|p1|Arbok, F|\n|poke|p2|Sliggoo-Hisui, M|\n|poke|p2|Slowbro-Galar, M|\n|poke|p2|Brute Bonnet|\n|poke|p2|Rillaboom, M|\n|poke|p2|Torkoal, M|\n|poke|p2|Great Tusk|\n|teampreview\n|\n|t:|1700696003\n|start\n|switch|p1a: Arbok|Arbok, F|100\/100\n|switch|p1b: Roaring Moon|Roaring Moon|100\/100\n|switch|p2a: Sliggoo|Sliggoo-Hisui, M, shiny|100\/100\n|switch|p2b: Slowbro|Slowbro-Galar, M, shiny|100\/100\n|-ability|p1a: Arbok|Intimidate|boost\n|-unboost|p2a: Sliggoo|atk|1\n|-unboost|p2b: Slowbro|atk|1\n|-enditem|p1b: Roaring Moon|Booster Energy\n|-activate|p1b: Roaring Moon|ability: Protosynthesis|[fromitem]\n|-start|p1b: Roaring Moon|protosynthesisatk\n|turn|1\n|\n|t:|1700696019\n|move|p1b: Roaring Moon|Tailwind|p1b: Roaring Moon\n|-sidestart|p1: TommytoonVT|move: Tailwind\n|move|p1a: Arbok|Toxic Spikes|p2a: Sliggoo\n|-sidestart|p2: Pabliscor9|move: Toxic Spikes\n|move|p2b: Slowbro|Belly Drum|p2b: Slowbro\n|-damage|p2b: Slowbro|50\/100\n|-setboost|p2b: Slowbro|atk|6|[from] move: Belly Drum\n|move|p2a: Sliggoo|Curse|p2a: Sliggoo\n|-unboost|p2a: Sliggoo|spe|1\n|-boost|p2a: Sliggoo|atk|1\n|-boost|p2a: Sliggoo|def|1\n|\n|upkeep\n|turn|2\n|-activate|p2b: Slowbro|ability: Quick Draw\n|\n|t:|1700696049\n|-terastallize|p1b: Roaring Moon|Steel\n|-terastallize|p2b: Slowbro|Flying\n|move|p1a: Arbok|Protect|p1a: Arbok\n|-singleturn|p1a: Arbok|Protect\n|move|p2b: Slowbro|Drain Punch|p1b: Roaring Moon\n|-supereffective|p1b: Roaring Moon\n|-damage|p1b: Roaring Moon|0 fnt\n|-heal|p2b: Slowbro|100\/100|[from] drain|[of] p1b: Roaring Moon\n|faint|p1b: Roaring Moon\n|-end|p1b: Roaring Moon|Protosynthesis|[silent]\n|move|p2a: Sliggoo|Gyro Ball|p1a: Arbok\n|-activate|p1a: Arbok|move: Protect\n|\n|upkeep\n|\n|t:|1700696065\n|switch|p1b: Arcanine|Arcanine-Hisui, M|100\/100\n|turn|3\n|\n|t:|1700696087\n|move|p1b: Arcanine|Wild Charge|p2b: Slowbro\n|-supereffective|p2b: Slowbro\n|-crit|p2b: Slowbro\n|-damage|p2b: Slowbro|3\/100\n|move|p1a: Arbok|Leech Life|p2a: Sliggoo\n|-resisted|p2a: Sliggoo\n|-damage|p2a: Sliggoo|95\/100\n|move|p2b: Slowbro|Drain Punch|p1a: Arbok\n|-resisted|p1a: Arbok\n|-damage|p1a: Arbok|23\/100\n|-heal|p2b: Slowbro|33\/100|[from] drain|[of] p1a: Arbok\n|move|p2a: Sliggoo|Gyro Ball|p1b: Arcanine\n|-damage|p1b: Arcanine|48\/100\n|\n|-heal|p1b: Arcanine|54\/100|[from] item: Leftovers\n|upkeep\n|turn|4\n|-activate|p2b: Slowbro|ability: Quick Draw\n|\n|t:|1700696116\n|move|p2b: Slowbro|Drain Punch|p1b: Arcanine\n|-supereffective|p1b: Arcanine\n|-damage|p1b: Arcanine|0 fnt\n|-heal|p2b: Slowbro|59\/100|[from] drain|[of] p1b: Arcanine\n|faint|p1b: Arcanine\n|move|p1a: Arbok|Poison Jab|p2b: Slowbro\n|-damage|p2b: Slowbro|27\/100\n|move|p2a: Sliggoo|Gyro Ball|p1a: Arbok\n|-damage|p1a: Arbok|0 fnt\n|faint|p1a: Arbok\n|\n|-sideend|p1: TommytoonVT|move: Tailwind\n|upkeep\n|\n|t:|1700696130\n|switch|p1b: Ursaluna|Ursaluna-Bloodmoon, M|100\/100\n|switch|p1a: Walking Wake|Walking Wake|100\/100\n|-enditem|p1a: Walking Wake|Booster Energy\n|-activate|p1a: Walking Wake|ability: Protosynthesis|[fromitem]\n|-start|p1a: Walking Wake|protosynthesisspa\n|turn|5\n|-activate|p2b: Slowbro|ability: Quick Draw\n|\n|t:|1700696149\n|move|p2b: Slowbro|Drain Punch|p1b: Ursaluna\n|-supereffective|p1b: Ursaluna\n|-damage|p1b: Ursaluna|0 fnt\n|-heal|p2b: Slowbro|90\/100|[from] drain|[of] p1b: Ursaluna\n|faint|p1b: Ursaluna\n|move|p1a: Walking Wake|Dragon Pulse|p2a: Sliggoo\n|-damage|p2a: Sliggoo|65\/100\n|move|p2a: Sliggoo|Life Dew|p2a: Sliggoo|[spread] p2a,p2b\n|-heal|p2a: Sliggoo|90\/100\n|-heal|p2b: Slowbro|100\/100\n|\n|upkeep\n|-message|TommytoonVT forfeited.\n|\n|win|Pabliscor9\n|raw|TommytoonVT's rating: 1000 &rarr; <strong>1000<\/strong><br \/>(+0 for losing)\n|raw|Pabliscor9's rating: 1049 &rarr; <strong>1077<\/strong><br \/>(+28 for winning)\n|l|\u2606TommytoonVT\n","uploadtime":1700697759,"views":3,"p1id":"tommytoonvt","p2id":"pabliscor9","formatid":"gen9doublesou","rating":1000,"private":0,"password":""}