{"id":"gen9doublesou-1973597240","p1":"Gaymer Magic","p2":"Ogcrimmson","format":"[Gen 9] Doubles OU","log":"|j|\u2606Gaymer Magic\n|j|\u2606Ogcrimmson\n|t:|1697994576\n|gametype|doubles\n|player|p1|Gaymer Magic|266|\n|player|p2|Ogcrimmson|caitlin|\n|teamsize|p1|6\n|teamsize|p2|6\n|gen|9\n|tier|[Gen 9] Doubles OU\n|rule|Species Clause: Limit one of each Pok\u00e9mon\n|rule|OHKO Clause: OHKO moves are banned\n|rule|Evasion Moves Clause: Evasion moves are banned\n|rule|Gravity Sleep Clause: The combination of sleep-inducing moves with imperfect accuracy and Gravity or Gigantamax Orbeetle are banned\n|rule|Endless Battle Clause: Forcing endless battles is banned\n|rule|HP Percentage Mod: HP is shown in percentages\n|clearpoke\n|poke|p1|Roaring Moon|\n|poke|p1|Espathra, F|\n|poke|p1|Tinkaton, F|\n|poke|p1|Quaquaval, M|\n|poke|p1|Kleavor, M|\n|poke|p1|Mismagius, M|\n|poke|p2|Ribombee, F|\n|poke|p2|Slaking, F|\n|poke|p2|Weezing-Galar, F|\n|poke|p2|Milotic, F|\n|poke|p2|Sinistcha-Masterpiece|\n|poke|p2|Illumise, F|\n|teampreview\n|c|\u2606Gaymer Magic|Good luck!\n|\n|t:|1697994640\n|start\n|switch|p1a: Cleopathra|Espathra, F|100\/100\n|switch|p1b: Laughs in Ghost|Mismagius, M|100\/100\n|switch|p2a: Ribombee|Ribombee, F, shiny|100\/100\n|switch|p2b: Milotic|Milotic, F, shiny|100\/100\n|turn|1\n|\n|t:|1697994658\n|move|p2a: Ribombee|Switcheroo|p1a: Cleopathra\n|-activate|p2a: Ribombee|move: Trick|[of] p1a: Cleopathra\n|-item|p1a: Cleopathra|Toxic Orb|[from] move: Switcheroo\n|-item|p2a: Ribombee|Mirror Herb|[from] move: Switcheroo\n|move|p1a: Cleopathra|Calm Mind|p1a: Cleopathra\n|-boost|p1a: Cleopathra|spa|1\n|-boost|p1a: Cleopathra|spd|1\n|-enditem|p2a: Ribombee|Mirror Herb\n|-boost|p2a: Ribombee|spa|1|[from] item: Mirror Herb\n|-boost|p2a: Ribombee|spd|1|[from] item: Mirror Herb\n|move|p1b: Laughs in Ghost|Taunt|p2a: Ribombee\n|-start|p2a: Ribombee|move: Taunt\n|move|p2b: Milotic|Coil|p2b: Milotic\n|-boost|p2b: Milotic|atk|1\n|-boost|p2b: Milotic|def|1\n|-boost|p2b: Milotic|accuracy|1\n|\n|-ability|p1a: Cleopathra|Speed Boost|boost\n|-boost|p1a: Cleopathra|spe|1\n|-status|p1a: Cleopathra|tox|[from] item: Toxic Orb\n|-status|p2b: Milotic|brn|[from] item: Flame Orb\n|upkeep\n|turn|2\n|\n|t:|1697994721\n|move|p1a: Cleopathra|Calm Mind|p1a: Cleopathra\n|-boost|p1a: Cleopathra|spa|1\n|-boost|p1a: Cleopathra|spd|1\n|move|p2a: Ribombee|Pollen Puff|p1a: Cleopathra\n|-supereffective|p1a: Cleopathra\n|-damage|p1a: Cleopathra|7\/100 tox\n|move|p1b: Laughs in Ghost|Taunt|p2b: Milotic\n|-start|p2b: Milotic|move: Taunt\n|move|p2b: Milotic|Blizzard|p1b: Laughs in Ghost|[spread] p1a,p1b\n|-damage|p1a: Cleopathra|0 fnt\n|-damage|p1b: Laughs in Ghost|83\/100\n|faint|p1a: Cleopathra\n|\n|-damage|p2b: Milotic|94\/100 brn|[from] brn\n|upkeep\n|\n|t:|1697994746\n|switch|p1a: Moon Fall|Roaring Moon|100\/100\n|-enditem|p1a: Moon Fall|Booster Energy\n|-activate|p1a: Moon Fall|ability: Protosynthesis|[fromitem]\n|-start|p1a: Moon Fall|protosynthesisatk\n|turn|3\n|\n|t:|1697994762\n|move|p2a: Ribombee|Pollen Puff|p1a: Moon Fall\n|-supereffective|p1a: Moon Fall\n|-crit|p1a: Moon Fall\n|-damage|p1a: Moon Fall|0 fnt\n|faint|p1a: Moon Fall\n|-end|p1a: Moon Fall|Protosynthesis|[silent]\n|move|p1b: Laughs in Ghost|Dazzling Gleam|p2b: Milotic|[spread] p2a,p2b\n|-damage|p2a: Ribombee|85\/100\n|-damage|p2b: Milotic|85\/100 brn\n|move|p2b: Milotic|Blizzard|p1b: Laughs in Ghost\n|-damage|p1b: Laughs in Ghost|56\/100\n|\n|-damage|p2b: Milotic|79\/100 brn|[from] brn\n|upkeep\n|\n|t:|1697994809\n|switch|p1a: Pink Menace|Tinkaton, F|100\/100\n|-ability|p1a: Pink Menace|Mold Breaker\n|turn|4\n|\n|t:|1697994837\n|move|p2a: Ribombee|Pollen Puff|p1b: Laughs in Ghost\n|-resisted|p1b: Laughs in Ghost\n|-damage|p1b: Laughs in Ghost|25\/100\n|move|p1b: Laughs in Ghost|Dazzling Gleam|p2b: Milotic|[spread] p2a,p2b\n|-damage|p2a: Ribombee|67\/100\n|-damage|p2b: Milotic|68\/100 brn\n|move|p1a: Pink Menace|Gigaton Hammer|p2a: Ribombee\n|-supereffective|p2a: Ribombee\n|-crit|p2a: Ribombee\n|-damage|p2a: Ribombee|0 fnt\n|faint|p2a: Ribombee\n|move|p2b: Milotic|Blizzard|p1a: Pink Menace|[spread] p1a,p1b\n|-resisted|p1a: Pink Menace\n|-damage|p1a: Pink Menace|91\/100\n|-damage|p1b: Laughs in Ghost|6\/100\n|\n|-damage|p2b: Milotic|62\/100 brn|[from] brn\n|-end|p2b: Milotic|move: Taunt\n|upkeep\n|\n|t:|1697994860\n|switch|p2a: Sinistcha|Sinistcha-Masterpiece, shiny|100\/100\n|-heal|p2b: Milotic|87\/100 brn|[from] ability: Hospitality|[of] p2a: Sinistcha\n|turn|5\n|\n|t:|1697994905\n|switch|p2a: Illumise|Illumise, F, shiny|100\/100\n|move|p1b: Laughs in Ghost|Shadow Ball|p2a: Illumise\n|-damage|p2a: Illumise|67\/100\n|move|p1a: Pink Menace|Play Rough|p2a: Illumise|[miss]\n|-miss|p1a: Pink Menace|p2a: Illumise\n|move|p2b: Milotic|Blizzard|p1a: Pink Menace|[spread] p1a,p1b\n|-resisted|p1a: Pink Menace\n|-crit|p1a: Pink Menace\n|-damage|p1a: Pink Menace|76\/100\n|-damage|p1b: Laughs in Ghost|0 fnt\n|faint|p1b: Laughs in Ghost\n|\n|-damage|p2b: Milotic|81\/100 brn|[from] brn\n|upkeep\n|\n|t:|1697994928\n|switch|p1b: Quaxellence|Quaquaval, M|100\/100\n|turn|6\n|c|\u2606Gaymer Magic|yup, your team is spicy\n|\n|t:|1697994961\n|move|p2a: Illumise|Tailwind|p2a: Illumise\n|-sidestart|p2: Ogcrimmson|move: Tailwind\n|move|p2b: Milotic|Coil|p2b: Milotic\n|-boost|p2b: Milotic|atk|1\n|-boost|p2b: Milotic|def|1\n|-boost|p2b: Milotic|accuracy|1\n|move|p1a: Pink Menace|Gigaton Hammer|p2b: Milotic\n|-resisted|p2b: Milotic\n|-damage|p2b: Milotic|69\/100 brn\n|move|p1b: Quaxellence|Aqua Step|p2a: Illumise\n|-damage|p2a: Illumise|34\/100\n|-boost|p1b: Quaxellence|spe|1\n|\n|-damage|p2b: Milotic|63\/100 brn|[from] brn\n|upkeep\n|turn|7\n|\n|t:|1697995045\n|switch|p2a: Sinistcha|Sinistcha-Masterpiece, shiny|100\/100\n|-heal|p2b: Milotic|88\/100 brn|[from] ability: Hospitality|[of] p2a: Sinistcha\n|move|p1b: Quaxellence|Aqua Step|p2a: Sinistcha\n|-resisted|p2a: Sinistcha\n|-damage|p2a: Sinistcha|84\/100\n|-boost|p1b: Quaxellence|spe|1\n|move|p2b: Milotic|Hypnosis|p1b: Quaxellence\n|-status|p1b: Quaxellence|slp|[from] move: Hypnosis\n|move|p1a: Pink Menace|Encore|p2b: Milotic\n|-start|p2b: Milotic|Encore\n|\n|-heal|p2a: Sinistcha|90\/100|[from] item: Leftovers\n|-damage|p2b: Milotic|82\/100 brn|[from] brn\n|upkeep\n|turn|8\n|\n|t:|1697995110\n|cant|p1b: Quaxellence|slp\n|move|p2b: Milotic|Hypnosis|p1a: Pink Menace\n|-status|p1a: Pink Menace|slp|[from] move: Hypnosis\n|-enditem|p1a: Pink Menace|Lum Berry|[eat]\n|-curestatus|p1a: Pink Menace|slp|[msg]\n|move|p2a: Sinistcha|Calm Mind|p2a: Sinistcha\n|-boost|p2a: Sinistcha|spa|1\n|-boost|p2a: Sinistcha|spd|1\n|move|p1a: Pink Menace|Gigaton Hammer|p2a: Sinistcha\n|-crit|p2a: Sinistcha\n|-damage|p2a: Sinistcha|14\/100\n|\n|-heal|p2a: Sinistcha|20\/100|[from] item: Leftovers\n|-damage|p2b: Milotic|76\/100 brn|[from] brn\n|upkeep\n|turn|9\n|\n|t:|1697995166\n|-curestatus|p1b: Quaxellence|slp|[msg]\n|move|p1b: Quaxellence|Aqua Step|p2a: Sinistcha\n|-resisted|p2a: Sinistcha\n|-crit|p2a: Sinistcha\n|-damage|p2a: Sinistcha|0 fnt\n|-boost|p1b: Quaxellence|spe|1\n|faint|p2a: Sinistcha\n|-ability|p1b: Quaxellence|Moxie|boost\n|-boost|p1b: Quaxellence|atk|1\n|move|p2b: Milotic|Hypnosis|p1a: Pink Menace\n|-status|p1a: Pink Menace|slp|[from] move: Hypnosis\n|cant|p1a: Pink Menace|slp\n|\n|-damage|p2b: Milotic|70\/100 brn|[from] brn\n|-sideend|p2: Ogcrimmson|move: Tailwind\n|upkeep\n|\n|t:|1697995184\n|switch|p2a: Illumise|Illumise, F, shiny|34\/100\n|turn|10\n|\n|t:|1697995231\n|move|p2a: Illumise|Fake Tears|p1b: Quaxellence\n|-unboost|p1b: Quaxellence|spd|2\n|move|p1b: Quaxellence|Close Combat|p2b: Milotic\n|-damage|p2b: Milotic|47\/100 brn\n|-unboost|p1b: Quaxellence|def|1\n|-unboost|p1b: Quaxellence|spd|1\n|cant|p1a: Pink Menace|slp\n|move|p2b: Milotic|Hypnosis|p1b: Quaxellence\n|-status|p1b: Quaxellence|slp|[from] move: Hypnosis\n|\n|-damage|p2b: Milotic|41\/100 brn|[from] brn\n|-end|p2b: Milotic|Encore\n|upkeep\n|turn|11\n|\n|t:|1697995282\n|move|p2a: Illumise|Fake Tears|p1a: Pink Menace\n|-unboost|p1a: Pink Menace|spd|2\n|cant|p1b: Quaxellence|slp\n|cant|p1a: Pink Menace|slp\n|move|p2b: Milotic|Life Dew|p2b: Milotic|[spread] p2a,p2b\n|-heal|p2a: Illumise|59\/100\n|-heal|p2b: Milotic|66\/100 brn\n|\n|-damage|p2b: Milotic|60\/100 brn|[from] brn\n|upkeep\n|turn|12\n|\n|t:|1697995299\n|move|p2a: Illumise|Tailwind|p2a: Illumise\n|-sidestart|p2: Ogcrimmson|move: Tailwind\n|-curestatus|p1b: Quaxellence|slp|[msg]\n|move|p1b: Quaxellence|Close Combat|p2b: Milotic\n|-damage|p2b: Milotic|38\/100 brn\n|-unboost|p1b: Quaxellence|def|1\n|-unboost|p1b: Quaxellence|spd|1\n|move|p2b: Milotic|Blizzard|p1b: Quaxellence|[spread] p1a,p1b\n|-resisted|p1a: Pink Menace\n|-resisted|p1b: Quaxellence\n|-damage|p1a: Pink Menace|55\/100 slp\n|-damage|p1b: Quaxellence|73\/100\n|-curestatus|p1a: Pink Menace|slp|[msg]\n|move|p1a: Pink Menace|Play Rough|p2a: Illumise\n|-damage|p2a: Illumise|30\/100\n|\n|-damage|p2b: Milotic|32\/100 brn|[from] brn\n|upkeep\n|turn|13\n|\n|t:|1697995332\n|move|p2a: Illumise|Thunder Wave|p1b: Quaxellence|[miss]\n|-miss|p2a: Illumise|p1b: Quaxellence\n|move|p1b: Quaxellence|Close Combat|p2b: Milotic\n|-damage|p2b: Milotic|5\/100 brn\n|-unboost|p1b: Quaxellence|def|1\n|-unboost|p1b: Quaxellence|spd|1\n|move|p2b: Milotic|Life Dew|p2b: Milotic|[spread] p2a,p2b\n|-heal|p2a: Illumise|55\/100\n|-heal|p2b: Milotic|30\/100 brn\n|move|p1a: Pink Menace|Gigaton Hammer|p2a: Illumise\n|-damage|p2a: Illumise|5\/100\n|\n|-damage|p2b: Milotic|24\/100 brn|[from] brn\n|upkeep\n|turn|14\n|\n|t:|1697995361\n|move|p2a: Illumise|Thunder Wave|p1b: Quaxellence\n|-status|p1b: Quaxellence|par\n|move|p2b: Milotic|Life Dew|p2b: Milotic|[spread] p2a,p2b\n|-heal|p2a: Illumise|30\/100\n|-heal|p2b: Milotic|49\/100 brn\n|move|p1b: Quaxellence|Close Combat|p2b: Milotic\n|-damage|p2b: Milotic|27\/100 brn\n|-unboost|p1b: Quaxellence|def|1\n|-unboost|p1b: Quaxellence|spd|1\n|move|p1a: Pink Menace|Play Rough|p2a: Illumise\n|-damage|p2a: Illumise|0 fnt\n|faint|p2a: Illumise\n|\n|-damage|p2b: Milotic|21\/100 brn|[from] brn\n|upkeep\n|\n|t:|1697995380\n|switch|p2a: Slaking|Slaking, F, shiny|100\/100\n|turn|15\n|c|\u2606Gaymer Magic|That was annoying\n|\n|t:|1697995418\n|move|p2a: Slaking|Drain Punch|p1b: Quaxellence\n|-damage|p1b: Quaxellence|0 fnt\n|faint|p1b: Quaxellence\n|move|p2b: Milotic|Hypnosis|p1a: Pink Menace\n|-status|p1a: Pink Menace|slp|[from] move: Hypnosis\n|cant|p1a: Pink Menace|slp\n|\n|-damage|p2b: Milotic|15\/100 brn|[from] brn\n|-sideend|p2: Ogcrimmson|move: Tailwind\n|upkeep\n|\n|t:|1697995430\n|switch|p1b: Dread Kleave|Kleavor, M|100\/100\n|turn|16\n|\n|t:|1697995467\n|switch|p2b: Weezing|Weezing-Galar, F, shiny|100\/100\n|-ability|p2b: Weezing|Neutralizing Gas\n|-terastallize|p2a: Slaking|Fighting\n|move|p2a: Slaking|Drain Punch|p1a: Pink Menace\n|-crit|p1a: Pink Menace\n|-damage|p1a: Pink Menace|0 fnt\n|faint|p1a: Pink Menace\n|move|p1b: Dread Kleave|Close Combat|p2a: Slaking\n|-damage|p2a: Slaking|72\/100\n|-unboost|p1b: Dread Kleave|def|1\n|-unboost|p1b: Dread Kleave|spd|1\n|\n|upkeep\n|turn|17\n|\n|t:|1697995493\n|move|p2a: Slaking|Drain Punch|p1b: Dread Kleave\n|-crit|p1b: Dread Kleave\n|-damage|p1b: Dread Kleave|0 fnt\n|-heal|p2a: Slaking|100\/100|[from] drain|[of] p1b: Dread Kleave\n|faint|p1b: Dread Kleave\n|\n|win|Ogcrimmson\n","uploadtime":1697995502,"views":23,"p1id":"gaymermagic","p2id":"ogcrimmson","formatid":"gen9doublesou","rating":0,"private":0,"password":""}