{"id":"gen9doublesou-1996899443","p1":"showitben","p2":"Majajsjsjsjsjsj","format":"[Gen 9] Doubles OU","log":"|j|\u2606showitben\n|j|\u2606Majajsjsjsjsjsj\n|t:|1700742207\n|gametype|doubles\n|player|p1|showitben|2|1068\n|player|p2|Majajsjsjsjsjsj|169|1040\n|teamsize|p1|6\n|teamsize|p2|6\n|gen|9\n|tier|[Gen 9] Doubles OU\n|rated|\n|rule|Species Clause: Limit one of each Pok\u00e9mon\n|rule|OHKO Clause: OHKO moves are banned\n|rule|Evasion Moves Clause: Evasion moves are banned\n|rule|Gravity Sleep Clause: The combination of sleep-inducing moves with imperfect accuracy and Gravity or Gigantamax Orbeetle are banned\n|rule|Endless Battle Clause: Forcing endless battles is banned\n|rule|HP Percentage Mod: HP is shown in percentages\n|clearpoke\n|poke|p1|Golem-Alola, F|\n|poke|p1|Oranguru, M|\n|poke|p1|Ursaluna-Bloodmoon, M|\n|poke|p1|Amoonguss, M|\n|poke|p1|Rabsca, M|\n|poke|p1|Ogerpon-Hearthflame, F|\n|poke|p2|Lokix, M|\n|poke|p2|Mimikyu, F|\n|poke|p2|Toxapex, F|\n|poke|p2|Ting-Lu|\n|poke|p2|Moltres-Galar|\n|poke|p2|Dragapult, F|\n|teampreview\n|\n|t:|1700742236\n|start\n|switch|p1a: Rabsca|Rabsca, M|100\/100\n|switch|p1b: Golem|Golem-Alola, F|100\/100\n|switch|p2a: Ting-Lu|Ting-Lu|100\/100\n|switch|p2b: Mimikyu|Mimikyu, F|100\/100\n|-ability|p2a: Ting-Lu|Vessel of Ruin\n|turn|1\n|\n|t:|1700742258\n|move|p2b: Mimikyu|Shadow Sneak|p1a: Rabsca\n|-supereffective|p1a: Rabsca\n|-damage|p1a: Rabsca|62\/100\n|move|p2a: Ting-Lu|Snarl|p1a: Rabsca|[spread] p1a,p1b\n|-supereffective|p1a: Rabsca\n|-damage|p1a: Rabsca|49\/100\n|-damage|p1b: Golem|91\/100\n|-unboost|p1a: Rabsca|spa|1\n|-unboost|p1b: Golem|spa|1\n|move|p1a: Rabsca|Dazzling Gleam|p2a: Ting-Lu|[spread] p2a,p2b\n|-supereffective|p2a: Ting-Lu\n|-damage|p2a: Ting-Lu|95\/100\n|-activate|p2b: Mimikyu|ability: Disguise\n|-damage|p2b: Mimikyu|100\/100\n|detailschange|p2b: Mimikyu|Mimikyu-Busted, F\n|-damage|p2b: Mimikyu|88\/100|[from] pokemon: Mimikyu-Busted\n|move|p1b: Golem|Explosion|p2b: Mimikyu|[spread] p2b\n|-activate|p1a: Rabsca|ability: Telepathy\n|-immune|p2a: Ting-Lu\n|-damage|p2b: Mimikyu|0 fnt\n|faint|p1b: Golem\n|faint|p2b: Mimikyu\n|\n|upkeep\n|\n|t:|1700742288\n|switch|p2b: Moltres|Moltres-Galar|100\/100\n|switch|p1b: Amoonguss|Amoonguss, M|100\/100\n|turn|2\n|\n|t:|1700742300\n|move|p1b: Amoonguss|Rage Powder|p1b: Amoonguss\n|-singleturn|p1b: Amoonguss|move: Rage Powder\n|move|p2b: Moltres|Nasty Plot|p2b: Moltres\n|-boost|p2b: Moltres|spa|2\n|move|p2a: Ting-Lu|Heavy Slam|p1b: Amoonguss\n|-damage|p1b: Amoonguss|74\/100\n|-damage|p2a: Ting-Lu|78\/100|[from] item: Rocky Helmet|[of] p1b: Amoonguss\n|move|p1a: Rabsca|Trick Room|p1a: Rabsca\n|-fieldstart|move: Trick Room|[of] p1a: Rabsca\n|\n|upkeep\n|turn|3\n|\n|t:|1700742328\n|switch|p1a: Ursaluna|Ursaluna-Bloodmoon, M|100\/100\n|move|p1b: Amoonguss|Giga Drain|p2a: Ting-Lu\n|-supereffective|p2a: Ting-Lu\n|-damage|p2a: Ting-Lu|58\/100\n|-heal|p1b: Amoonguss|84\/100|[from] drain|[of] p2a: Ting-Lu\n|move|p2a: Ting-Lu|Earthquake|p1b: Amoonguss|[spread] p1a,p1b\n|-immune|p2b: Moltres\n|-damage|p1a: Ursaluna|82\/100\n|-damage|p1b: Amoonguss|59\/100\n|move|p2b: Moltres|Fiery Wrath|p1b: Amoonguss|[spread] p1a,p1b\n|-crit|p1a: Ursaluna\n|-damage|p1a: Ursaluna|36\/100\n|-damage|p1b: Amoonguss|18\/100\n|\n|upkeep\n|turn|4\n|\n|t:|1700742353\n|move|p1b: Amoonguss|Spore|p2b: Moltres\n|-status|p2b: Moltres|slp|[from] move: Spore\n|move|p1a: Ursaluna|Hyper Voice|p2a: Ting-Lu|[spread] p2a,p2b\n|-damage|p2a: Ting-Lu|45\/100\n|-damage|p2b: Moltres|77\/100 slp\n|move|p2a: Ting-Lu|Snarl|p1a: Ursaluna|[spread] p1a,p1b\n|-damage|p1a: Ursaluna|30\/100\n|-damage|p1b: Amoonguss|10\/100\n|-unboost|p1a: Ursaluna|spa|1\n|-unboost|p1b: Amoonguss|spa|1\n|cant|p2b: Moltres|slp\n|\n|upkeep\n|turn|5\n|\n|t:|1700742371\n|switch|p1b: Rabsca|Rabsca, M|49\/100\n|switch|p1a: Oranguru|Oranguru, M|100\/100\n|move|p2a: Ting-Lu|Body Press|p1a: Oranguru\n|-damage|p1a: Oranguru|80\/100\n|-curestatus|p2b: Moltres|slp|[msg]\n|move|p2b: Moltres|Fiery Wrath|p1b: Rabsca|[spread] p1a,p1b\n|-supereffective|p1a: Oranguru\n|-supereffective|p1b: Rabsca\n|-damage|p1a: Oranguru|12\/100\n|-damage|p1b: Rabsca|0 fnt\n|faint|p1b: Rabsca\n|\n|upkeep\n|\n|t:|1700742387\n|switch|p1b: Ursaluna|Ursaluna-Bloodmoon, M|30\/100\n|turn|6\n|\n|t:|1700742393\n|move|p1b: Ursaluna|Blood Moon|p2b: Moltres\n|-damage|p2b: Moltres|23\/100\n|-ability|p2b: Moltres|Berserk|boost\n|-boost|p2b: Moltres|spa|1\n|move|p1a: Oranguru|Instruct|p1b: Ursaluna\n|-singleturn|p1b: Ursaluna|move: Instruct|[of] p1a: Oranguru\n|move|p1b: Ursaluna|Blood Moon|p2b: Moltres\n|-damage|p2b: Moltres|0 fnt\n|faint|p2b: Moltres\n|-hint|Some effects can force a Pokemon to use Blood Moon again in a row.\n|move|p2a: Ting-Lu|Snarl|p1a: Oranguru|[spread] p1a,p1b\n|-supereffective|p1a: Oranguru\n|-damage|p1a: Oranguru|0 fnt\n|-damage|p1b: Ursaluna|23\/100\n|-unboost|p1b: Ursaluna|spa|1\n|faint|p1a: Oranguru\n|\n|-fieldend|move: Trick Room\n|upkeep\n|\n|t:|1700742417\n|switch|p2b: Toxapex|Toxapex, F, shiny|100\/100\n|switch|p1a: Ogerpon|Ogerpon-Hearthflame, F|100\/100\n|-ability|p1a: Ogerpon|Mold Breaker\n|turn|7\n|\n|t:|1700742427\n|switch|p1b: Amoonguss|Amoonguss, M|10\/100\n|move|p2b: Toxapex|Baneful Bunker|p2b: Toxapex\n|-singleturn|p2b: Toxapex|move: Protect\n|move|p1a: Ogerpon|Horn Leech|p2a: Ting-Lu\n|-supereffective|p2a: Ting-Lu\n|-damage|p2a: Ting-Lu|0 fnt\n|faint|p2a: Ting-Lu\n|\n|upkeep\n|\n|t:|1700742440\n|switch|p2a: Lokix|Lokix, M|100\/100\n|turn|8\n|\n|t:|1700742462\n|-terastallize|p1a: Ogerpon|Fire\n|detailschange|p1a: Ogerpon|Ogerpon-Hearthflame-Tera, F, tera:Fire\n|-ability|p1a: Ogerpon|Embody Aspect (Hearthflame)|boost\n|-boost|p1a: Ogerpon|atk|1\n|move|p2a: Lokix|First Impression|p1b: Amoonguss\n|-damage|p1b: Amoonguss|0 fnt\n|-damage|p2a: Lokix|84\/100|[from] item: Rocky Helmet|[of] p1b: Amoonguss\n|faint|p1b: Amoonguss\n|move|p1a: Ogerpon|Ivy Cudgel|p2a: Lokix|[anim] Ivy Cudgel Fire\n|-supereffective|p2a: Lokix\n|-damage|p2a: Lokix|0 fnt\n|faint|p2a: Lokix\n|move|p2b: Toxapex|Toxic Spikes|p1a: Ogerpon\n|-sidestart|p1: showitben|move: Toxic Spikes\n|\n|upkeep\n|\n|t:|1700742477\n|switch|p2a: Dragapult|Dragapult, F, shiny|100\/100\n|switch|p1b: Ursaluna|Ursaluna-Bloodmoon, M|23\/100\n|-status|p1b: Ursaluna|psn\n|turn|9\n|\n|t:|1700742494\n|move|p1a: Ogerpon|Horn Leech|p2b: Toxapex\n|-damage|p2b: Toxapex|57\/100\n|-damage|p1a: Ogerpon|84\/100|[from] item: Rocky Helmet|[of] p2b: Toxapex\n|move|p2a: Dragapult|Dragon Darts|p1a: Ogerpon\n|-damage|p1a: Ogerpon|56\/100\n|-anim|p2a: Dragapult|Dragon Darts|p1b: Ursaluna\n|-damage|p1b: Ursaluna|7\/100 psn\n|move|p1b: Ursaluna|Blood Moon|p2a: Dragapult\n|-damage|p2a: Dragapult|36\/100\n|move|p2b: Toxapex|Haze|p2b: Toxapex\n|-clearallboost\n|\n|-damage|p1b: Ursaluna|0 fnt|[from] psn\n|faint|p1b: Ursaluna\n|upkeep\n|turn|10\n|\n|t:|1700742521\n|move|p1a: Ogerpon|Ivy Cudgel|p2a: Dragapult|[anim] Ivy Cudgel Fire\n|-resisted|p2a: Dragapult\n|-crit|p2a: Dragapult\n|-damage|p2a: Dragapult|0 fnt\n|faint|p2a: Dragapult\n|move|p2b: Toxapex|Ice Beam|p1a: Ogerpon\n|-resisted|p1a: Ogerpon\n|-damage|p1a: Ogerpon|49\/100\n|\n|upkeep\n|turn|11\n|\n|t:|1700742540\n|move|p2b: Toxapex|Baneful Bunker|p2b: Toxapex\n|-singleturn|p2b: Toxapex|move: Protect\n|move|p1a: Ogerpon|Horn Leech|p2b: Toxapex\n|-activate|p2b: Toxapex|move: Protect\n|-status|p1a: Ogerpon|psn\n|\n|-damage|p1a: Ogerpon|37\/100 psn|[from] psn\n|upkeep\n|turn|12\n|\n|t:|1700742562\n|move|p1a: Ogerpon|Horn Leech|p2b: Toxapex\n|-damage|p2b: Toxapex|27\/100\n|-heal|p1a: Ogerpon|52\/100 psn|[from] drain|[of] p2b: Toxapex\n|-damage|p1a: Ogerpon|35\/100 psn|[from] item: Rocky Helmet|[of] p2b: Toxapex\n|move|p2b: Toxapex|Ice Beam|p1a: Ogerpon\n|-resisted|p1a: Ogerpon\n|-damage|p1a: Ogerpon|28\/100 psn\n|\n|-damage|p1a: Ogerpon|15\/100 psn|[from] psn\n|upkeep\n|turn|13\n|\n|t:|1700742576\n|move|p2b: Toxapex|Baneful Bunker|p2b: Toxapex\n|-singleturn|p2b: Toxapex|move: Protect\n|move|p1a: Ogerpon|Swords Dance|p1a: Ogerpon\n|-boost|p1a: Ogerpon|atk|2\n|\n|-damage|p1a: Ogerpon|3\/100 psn|[from] psn\n|upkeep\n|turn|14\n|\n|t:|1700742592\n|-terastallize|p2b: Toxapex|Normal\n|move|p1a: Ogerpon|Horn Leech|p2b: Toxapex\n|-damage|p2b: Toxapex|0 fnt\n|-heal|p1a: Ogerpon|17\/100 psn|[from] drain|[of] p2b: Toxapex\n|-damage|p1a: Ogerpon|0 fnt|[from] item: Rocky Helmet|[of] p2b: Toxapex\n|faint|p2b: Toxapex\n|faint|p1a: Ogerpon\n|\n|win|showitben\n|raw|showitben's rating: 1100 &rarr; <strong>1121<\/strong><br \/>(+21 for winning)\n|raw|Majajsjsjsjsjsj's rating: 1040 &rarr; <strong>1027<\/strong><br \/>(-13 for losing)\n|l|\u2606Majajsjsjsjsjsj\n","uploadtime":1700742614,"views":9,"p1id":"showitben","p2id":"majajsjsjsjsjsj","formatid":"gen9doublesou","rating":1027,"private":0,"password":""}