{"id":"gen9doublesou-1992807779","p1":"ManicManwith","p2":"slowpoke\/wooper","format":"[Gen 9] Doubles OU","log":"|j|\u2606ManicManwith\n|j|\u2606slowpoke\/wooper\n|t:|1700237211\n|gametype|doubles\n|player|p1|ManicManwith|tate-masters|1089\n|player|p2|slowpoke\/wooper|cynthia-gen4|1169\n|teamsize|p1|6\n|teamsize|p2|6\n|gen|9\n|tier|[Gen 9] Doubles OU\n|rated|\n|rule|Species Clause: Limit one of each Pok\u00e9mon\n|rule|OHKO Clause: OHKO moves are banned\n|rule|Evasion Moves Clause: Evasion moves are banned\n|rule|Gravity Sleep Clause: The combination of sleep-inducing moves with imperfect accuracy and Gravity or Gigantamax Orbeetle are banned\n|rule|Endless Battle Clause: Forcing endless battles is banned\n|rule|HP Percentage Mod: HP is shown in percentages\n|clearpoke\n|poke|p1|Indeedee-F, F|\n|poke|p1|Armarouge, M|\n|poke|p1|Flutter Mane|\n|poke|p1|Samurott-Hisui, F|\n|poke|p1|Sinistcha-Masterpiece|\n|poke|p1|Corviknight, F|\n|poke|p2|Palafin, F|\n|poke|p2|Regidrago|\n|poke|p2|Sneasler, M|\n|poke|p2|Farigiraf, M|\n|poke|p2|Snorlax, F|\n|poke|p2|Cresselia, F|\n|teampreview\n|inactive|Battle timer is ON: inactive players will automatically lose when time's up. (requested by slowpoke\/wooper)\n|c|\u2606ManicManwith|i haven\u2019t seen that legendary in a hot minute\n|c|\u2606ManicManwith|imo he is underrated\n|\n|t:|1700237247\n|start\n|switch|p1a: Indeedee|Indeedee-F, F|100\/100\n|switch|p1b: Armarouge|Armarouge, M|100\/100\n|switch|p2a: Palafin|Palafin, F|100\/100\n|switch|p2b: Cresselia|Cresselia, F|100\/100\n|-fieldstart|move: Psychic Terrain|[from] ability: Psychic Surge|[of] p1a: Indeedee\n|turn|1\n|c|\u2606slowpoke\/wooper|regidrago?\n|c|\u2606ManicManwith|well yeah\n|inactive|slowpoke\/wooper has 120 seconds left.\n|c|\u2606ManicManwith|there aren\u2019t any other legendaries in his match\n|c|\u2606ManicManwith|this\n|c|\u2606slowpoke\/wooper|im running it on trick room since fluttermane destroys it  very easly and it  can work with  creselia\n|inactive|slowpoke\/wooper has 90 seconds left.\n|c|\u2606ManicManwith|ok\n|inactiveoff|Battle timer is now OFF.\n|c|\u2606slowpoke\/wooper|since lunar blessing\n|c|\u2606ManicManwith|can you pick a move?\n|inactive|Battle timer is ON: inactive players will automatically lose when time's up. (requested by ManicManwith)\n|\n|t:|1700237332\n|move|p1a: Indeedee|Reflect|p1a: Indeedee\n|-sidestart|p1: ManicManwith|Reflect\n|move|p2a: Palafin|Wave Crash|p1b: Armarouge\n|-supereffective|p1b: Armarouge\n|-damage|p1b: Armarouge|33\/100\n|-ability|p1b: Armarouge|Weak Armor|boost\n|-unboost|p1b: Armarouge|def|1\n|-boost|p1b: Armarouge|spe|2\n|-enditem|p1b: Armarouge|Weakness Policy\n|-boost|p1b: Armarouge|atk|2|[from] item: Weakness Policy\n|-boost|p1b: Armarouge|spa|2|[from] item: Weakness Policy\n|-damage|p2a: Palafin|76\/100|[from] Recoil\n|move|p1b: Armarouge|Calm Mind|p1b: Armarouge\n|-boost|p1b: Armarouge|spa|1\n|-boost|p1b: Armarouge|spd|1\n|move|p2b: Cresselia|Trick Room|p2b: Cresselia\n|-fieldstart|move: Trick Room|[of] p2b: Cresselia\n|\n|upkeep\n|turn|2\n|\n|t:|1700237357\n|move|p1a: Indeedee|Follow Me|p1a: Indeedee\n|-singleturn|p1a: Indeedee|move: Follow Me\n|move|p2b: Cresselia|Lunar Blessing|p2b: Cresselia|[spread] p2a,p2b\n|-heal|p2a: Palafin|100\/100\n|move|p2a: Palafin|Wave Crash|p1a: Indeedee\n|-damage|p1a: Indeedee|52\/100\n|-damage|p2a: Palafin|84\/100|[from] Recoil\n|move|p1b: Armarouge|Expanding Force|p2a: Palafin|[spread] p2a,p2b\n|-resisted|p2b: Cresselia\n|-damage|p2a: Palafin|0 fnt\n|-damage|p2b: Cresselia|60\/100\n|faint|p2a: Palafin\n|\n|-heal|p2b: Cresselia|66\/100|[from] item: Leftovers\n|upkeep\n|inactive|slowpoke\/wooper has 90 seconds left.\n|\n|t:|1700237370\n|switch|p2a: Regidrago|Regidrago|100\/100\n|turn|3\n|\n|t:|1700237379\n|move|p1a: Indeedee|Follow Me|p1a: Indeedee\n|-singleturn|p1a: Indeedee|move: Follow Me\n|move|p2a: Regidrago|Dragon Energy|p1a: Indeedee|[spread] p1a,p1b\n|-damage|p1a: Indeedee|0 fnt\n|-damage|p1b: Armarouge|0 fnt\n|faint|p1a: Indeedee\n|faint|p1b: Armarouge\n|move|p2b: Cresselia|Dazzling Gleam|p1: Indeedee|[notarget]\n|-fail|p2b: Cresselia\n|\n|-heal|p2b: Cresselia|72\/100|[from] item: Leftovers\n|upkeep\n|c|\u2606ManicManwith|woah\n|c|\u2606ManicManwith|can you pokepaste me the team\n|inactive|ManicManwith has 120 seconds left.\n|c|\u2606slowpoke\/wooper|https:\/\/pokepast.es\/d038b20bf3ce3978\n|\n|t:|1700237423\n|switch|p1b: Samurott|Samurott-Hisui, F|100\/100\n|switch|p1a: Flutter Mane|Flutter Mane|100\/100\n|-enditem|p1a: Flutter Mane|Booster Energy\n|-activate|p1a: Flutter Mane|ability: Protosynthesis|[fromitem]\n|-start|p1a: Flutter Mane|protosynthesisspe\n|turn|4\n|inactive|ManicManwith has 120 seconds left.\n|inactive|slowpoke\/wooper has 120 seconds left.\n|c|\u2606ManicManwith|why no flip turn?\n|c|\u2606slowpoke\/wooper|i mostly noticed that this thing could work in general  when wolfey made a vid\n|\n|t:|1700237458\n|-terastallize|p2a: Regidrago|Steel\n|move|p2b: Cresselia|Ally Switch|p2b: Cresselia\n|swap|p2b: Cresselia|0|[from] move: Ally Switch\n|move|p2b: Regidrago|Tera Blast|p1a: Flutter Mane|[anim] Tera Blast Steel\n|-supereffective|p1a: Flutter Mane\n|-damage|p1a: Flutter Mane|16\/100\n|move|p1b: Samurott|Ceaseless Edge|p2b: Regidrago\n|-damage|p2b: Regidrago|50\/100\n|-sidestart|p2: slowpoke\/wooper|Spikes\n|move|p1a: Flutter Mane|Dazzling Gleam|p2a: Cresselia|[spread] p2a,p2b\n|-resisted|p2b: Regidrago\n|-damage|p2a: Cresselia|56\/100\n|-damage|p2b: Regidrago|37\/100\n|\n|-heal|p2a: Cresselia|62\/100|[from] item: Leftovers\n|upkeep\n|turn|5\n|inactive|ManicManwith has 120 seconds left.\n|inactive|slowpoke\/wooper has 120 seconds left.\n|c|\u2606ManicManwith|wdym\n|c|\u2606slowpoke\/wooper|the video about regidrago\n|c|\u2606ManicManwith|so is there like a certain reason you dont use flip turn\n|inactive|slowpoke\/wooper has 90 seconds left.\n|c|\u2606ManicManwith|is it for prediction reasons\n|c|\u2606slowpoke\/wooper|i came up with the trick room idea on my own though\n|c|\u2606ManicManwith|ok\n|c|\u2606ManicManwith|welp i cant win this\n|c|\u2606slowpoke\/wooper|its kinda because if it don\u00b4t have trick room up\n|inactive|slowpoke\/wooper has 60 seconds left.\n|\n|t:|1700237550\n|move|p2b: Regidrago|Tera Blast|p1a: Flutter Mane|[anim] Tera Blast Steel\n|-supereffective|p1a: Flutter Mane\n|-damage|p1a: Flutter Mane|0 fnt\n|faint|p1a: Flutter Mane\n|-end|p1a: Flutter Mane|Protosynthesis|[silent]\n|move|p2a: Cresselia|Lunar Blessing|p2a: Cresselia|[spread] p2a,p2b\n|-heal|p2a: Cresselia|87\/100\n|-heal|p2b: Regidrago|62\/100\n|move|p1b: Samurott|Ceaseless Edge|p2b: Regidrago\n|-damage|p2b: Regidrago|12\/100\n|-sidestart|p2: slowpoke\/wooper|Spikes\n|\n|-heal|p2a: Cresselia|93\/100|[from] item: Leftovers\n|-sideend|p1: ManicManwith|Reflect\n|-fieldend|move: Trick Room\n|upkeep\n|\n|t:|1700237566\n|switch|p1a: Corviknight|Corviknight, F|100\/100\n|-ability|p1a: Corviknight|Unnerve\n|turn|6\n|\n|t:|1700237587\n|move|p1b: Samurott|Ceaseless Edge|p2a: Cresselia\n|-supereffective|p2a: Cresselia\n|-damage|p2a: Cresselia|33\/100\n|-sidestart|p2: slowpoke\/wooper|Spikes\n|move|p2b: Regidrago|Draco Meteor|p1b: Samurott\n|-damage|p1b: Samurott|0 fnt\n|-unboost|p2b: Regidrago|spa|2\n|faint|p1b: Samurott\n|move|p1a: Corviknight|Bulk Up|p1a: Corviknight\n|-boost|p1a: Corviknight|atk|1\n|-boost|p1a: Corviknight|def|1\n|move|p2a: Cresselia|Trick Room|p2a: Cresselia\n|-fieldstart|move: Trick Room|[of] p2a: Cresselia\n|\n|-heal|p2a: Cresselia|39\/100|[from] item: Leftovers\n|upkeep\n|inactive|ManicManwith has 120 seconds left.\n|\n|t:|1700237597\n|switch|p1b: Sinistcha|Sinistcha-Masterpiece|100\/100\n|turn|7\n|inactive|slowpoke\/wooper has 90 seconds left.\n|inactive|slowpoke\/wooper has 60 seconds left.\n|\n|t:|1700237636\n|move|p1b: Sinistcha|Matcha Gotcha|p2a: Cresselia|[spread] p2a,p2b\n|-crit|p2a: Cresselia\n|-resisted|p2b: Regidrago\n|-damage|p2a: Cresselia|23\/100\n|-damage|p2b: Regidrago|3\/100\n|move|p1a: Corviknight|Steel Wing|p2b: Regidrago\n|-resisted|p2b: Regidrago\n|-damage|p2b: Regidrago|0 fnt\n|faint|p2b: Regidrago\n|move|p2a: Cresselia|Lunar Blessing|p2a: Cresselia\n|-heal|p2a: Cresselia|48\/100\n|\n|-heal|p2a: Cresselia|54\/100|[from] item: Leftovers\n|upkeep\n|inactive|slowpoke\/wooper has 60 seconds left.\n|\n|t:|1700237658\n|switch|p2b: Farigiraf|Farigiraf, M|100\/100\n|-damage|p2b: Farigiraf|75\/100|[from] Spikes\n|turn|8\n|\n|t:|1700237685\n|move|p2b: Farigiraf|Psyshock|p1b: Sinistcha\n|-damage|p1b: Sinistcha|64\/100\n|move|p1b: Sinistcha|Matcha Gotcha|p2a: Cresselia|[spread] p2a,p2b\n|-damage|p2a: Cresselia|43\/100\n|-heal|p1b: Sinistcha|71\/100|[from] drain|[of] p2a: Cresselia\n|-damage|p2b: Farigiraf|50\/100\n|-heal|p1b: Sinistcha|88\/100|[from] drain|[of] p2b: Farigiraf\n|-status|p2a: Cresselia|brn\n|move|p1a: Corviknight|Bulk Up|p1a: Corviknight\n|-boost|p1a: Corviknight|atk|1\n|-boost|p1a: Corviknight|def|1\n|move|p2a: Cresselia|Lunar Blessing|p2a: Cresselia|[spread] p2a,p2b\n|-heal|p2a: Cresselia|68\/100 brn\n|-curestatus|p2a: Cresselia|brn|[msg]\n|-heal|p2b: Farigiraf|75\/100\n|\n|-heal|p1b: Sinistcha|94\/100|[from] item: Leftovers\n|-heal|p2a: Cresselia|74\/100|[from] item: Leftovers\n|-fieldend|move: Psychic Terrain\n|upkeep\n|turn|9\n|inactive|slowpoke\/wooper has 60 seconds left.\n|\n|t:|1700237716\n|move|p2b: Farigiraf|Psyshock|p1b: Sinistcha\n|-damage|p1b: Sinistcha|64\/100\n|move|p1b: Sinistcha|Matcha Gotcha|p2a: Cresselia|[spread] p2a,p2b\n|-crit|p2b: Farigiraf\n|-damage|p2a: Cresselia|62\/100\n|-heal|p1b: Sinistcha|71\/100|[from] drain|[of] p2a: Cresselia\n|-damage|p2b: Farigiraf|40\/100\n|-heal|p1b: Sinistcha|94\/100|[from] drain|[of] p2b: Farigiraf\n|move|p1a: Corviknight|Power Trip|p2b: Farigiraf\n|-supereffective|p2b: Farigiraf\n|-damage|p2b: Farigiraf|0 fnt\n|faint|p2b: Farigiraf\n|move|p2a: Cresselia|Lunar Blessing|p2a: Cresselia\n|-heal|p2a: Cresselia|87\/100\n|\n|-heal|p1b: Sinistcha|99\/100|[from] item: Leftovers\n|-heal|p2a: Cresselia|93\/100|[from] item: Leftovers\n|upkeep\n|inactive|slowpoke\/wooper has 60 seconds left.\n|\n|t:|1700237741\n|switch|p2b: Snorlax|Snorlax, F|100\/100\n|-damage|p2b: Snorlax|76\/100|[from] Spikes\n|turn|10\n|c|\u2606ManicManwith|#winnable\n|inactive|slowpoke\/wooper has 60 seconds left.\n|\n|t:|1700237761\n|move|p2b: Snorlax|Protect|p2b: Snorlax\n|-singleturn|p2b: Snorlax|Protect\n|move|p1b: Sinistcha|Strength Sap|p2b: Snorlax\n|-activate|p2b: Snorlax|move: Protect\n|move|p1a: Corviknight|Power Trip|p2a: Cresselia\n|-supereffective|p2a: Cresselia\n|-damage|p2a: Cresselia|6\/100\n|move|p2a: Cresselia|Lunar Blessing|p2a: Cresselia|[spread] p2a,p2b\n|-heal|p2a: Cresselia|31\/100\n|-heal|p2b: Snorlax|100\/100\n|\n|-heal|p1b: Sinistcha|100\/100|[from] item: Leftovers\n|-heal|p2a: Cresselia|37\/100|[from] item: Leftovers\n|-fieldend|move: Trick Room\n|upkeep\n|turn|11\n|inactive|slowpoke\/wooper has 60 seconds left.\n|\n|t:|1700237788\n|move|p2a: Cresselia|Ally Switch|p2a: Cresselia\n|swap|p2a: Cresselia|1|[from] move: Ally Switch\n|move|p1a: Corviknight|Power Trip|p2a: Snorlax\n|-damage|p2a: Snorlax|56\/100\n|move|p2a: Snorlax|Belly Drum|p2a: Snorlax\n|-damage|p2a: Snorlax|6\/100\n|-setboost|p2a: Snorlax|atk|6|[from] move: Belly Drum\n|move|p1b: Sinistcha|Trick Room|p1b: Sinistcha\n|-fieldstart|move: Trick Room|[of] p1b: Sinistcha\n|\n|-heal|p2b: Cresselia|43\/100|[from] item: Leftovers\n|upkeep\n|turn|12\n|\n|t:|1700237808\n|move|p2a: Snorlax|Protect|p2a: Snorlax\n|-singleturn|p2a: Snorlax|Protect\n|move|p1b: Sinistcha|Matcha Gotcha|p2a: Snorlax|[spread] p2b\n|-activate|p2a: Snorlax|move: Protect\n|-damage|p2b: Cresselia|32\/100\n|move|p1a: Corviknight|Power Trip|p2b: Cresselia\n|-supereffective|p2b: Cresselia\n|-damage|p2b: Cresselia|0 fnt\n|faint|p2b: Cresselia\n|\n|upkeep\n|\n|t:|1700237818\n|switch|p2b: Sneasler|Sneasler, M|100\/100\n|-damage|p2b: Sneasler|76\/100|[from] Spikes\n|turn|13\n|\n|t:|1700237839\n|move|p2b: Sneasler|Endure|p2b: Sneasler\n|-singleturn|p2b: Sneasler|move: Endure\n|move|p2a: Snorlax|High Horsepower|p1b: Sinistcha\n|-resisted|p1b: Sinistcha\n|-damage|p1b: Sinistcha|61\/100\n|move|p1b: Sinistcha|Matcha Gotcha|p2a: Snorlax|[spread] p2b\n|-miss|p1b: Sinistcha|p2a: Snorlax\n|-resisted|p2b: Sneasler\n|-damage|p2b: Sneasler|60\/100\n|-heal|p1b: Sinistcha|68\/100|[from] drain|[of] p2b: Sneasler\n|move|p1a: Corviknight|Power Trip|p2a: Snorlax\n|-damage|p2a: Snorlax|0 fnt\n|faint|p2a: Snorlax\n|\n|-heal|p1b: Sinistcha|74\/100|[from] item: Leftovers\n|upkeep\n|turn|14\n|inactive|slowpoke\/wooper has 90 seconds left.\n|\n|t:|1700237858\n|move|p2b: Sneasler|Endure||[still]\n|-fail|p2b: Sneasler\n|move|p1b: Sinistcha|Matcha Gotcha|p2b: Sneasler\n|-resisted|p2b: Sneasler\n|-damage|p2b: Sneasler|39\/100\n|-heal|p1b: Sinistcha|83\/100|[from] drain|[of] p2b: Sneasler\n|move|p1a: Corviknight|Steel Wing|p2b: Sneasler\n|-damage|p2b: Sneasler|0 fnt\n|faint|p2b: Sneasler\n|\n|win|ManicManwith\n|raw|ManicManwith's rating: 1089 &rarr; <strong>1122<\/strong><br \/>(+33 for winning)\n|raw|slowpoke&#x2f;wooper's rating: 1169 &rarr; <strong>1138<\/strong><br \/>(-31 for losing)\n|l|\u2606slowpoke\/wooper\n|c|\u2606ManicManwith|gg\n","uploadtime":1700237870,"views":5,"p1id":"manicmanwith","p2id":"slowpokewooper","formatid":"gen9doublesou","rating":1122,"private":0,"password":""}