{"id":"gen9doublesou-1975494593","p1":"Zamasu420","p2":"The FTM","format":"[Gen 9] Doubles OU","log":"|j|\u2606Zamasu420\n|j|\u2606The FTM\n|t:|1698197381\n|gametype|doubles\n|player|p1|Zamasu420|169|1164\n|player|p2|The FTM|1|1293\n|teamsize|p1|6\n|teamsize|p2|6\n|gen|9\n|tier|[Gen 9] Doubles OU\n|rated|\n|rule|Species Clause: Limit one of each Pok\u00e9mon\n|rule|OHKO Clause: OHKO moves are banned\n|rule|Evasion Moves Clause: Evasion moves are banned\n|rule|Gravity Sleep Clause: The combination of sleep-inducing moves with imperfect accuracy and Gravity or Gigantamax Orbeetle are banned\n|rule|Endless Battle Clause: Forcing endless battles is banned\n|rule|HP Percentage Mod: HP is shown in percentages\n|clearpoke\n|poke|p1|Regieleki|\n|poke|p1|Bruxish, M|\n|poke|p1|Ursaluna-Bloodmoon, M|\n|poke|p1|Chandelure, F|\n|poke|p1|Ogerpon-Hearthflame, F|\n|poke|p1|Sinistcha-Masterpiece|\n|poke|p2|Amoonguss, M|\n|poke|p2|Chien-Pao|\n|poke|p2|Flutter Mane|\n|poke|p2|Ninetales-Alola, M|\n|poke|p2|Ursaluna-Bloodmoon, M|\n|poke|p2|Ogerpon-Wellspring, F|\n|teampreview\n|inactive|Battle timer is ON: inactive players will automatically lose when time's up. (requested by The FTM)\n|\n|t:|1698197389\n|start\n|switch|p1a: Bruxish|Bruxish, M, shiny|100\/100\n|switch|p1b: Ursaluna|Ursaluna-Bloodmoon, M|100\/100\n|switch|p2a: Ninetales|Ninetales-Alola, M|100\/100\n|switch|p2b: Chien-Pao|Chien-Pao|100\/100\n|-ability|p2b: Chien-Pao|Sword of Ruin\n|-weather|Snow|[from] ability: Snow Warning|[of] p2a: Ninetales\n|turn|1\n|\n|t:|1698197407\n|-terastallize|p1b: Ursaluna|Fire\n|move|p1a: Bruxish|Aqua Jet|p1b: Ursaluna\n|-supereffective|p1b: Ursaluna\n|-damage|p1b: Ursaluna|69\/100\n|-enditem|p1b: Ursaluna|Weakness Policy\n|-boost|p1b: Ursaluna|atk|2|[from] item: Weakness Policy\n|-boost|p1b: Ursaluna|spa|2|[from] item: Weakness Policy\n|move|p2b: Chien-Pao|Ice Spinner|p1b: Ursaluna\n|-resisted|p1b: Ursaluna\n|-damage|p1b: Ursaluna|48\/100\n|move|p2a: Ninetales|Aurora Veil|p2a: Ninetales\n|-sidestart|p2: The FTM|move: Aurora Veil\n|move|p1b: Ursaluna|Hyper Voice|p2a: Ninetales|[spread] p2a,p2b\n|-crit|p2b: Chien-Pao\n|-damage|p2a: Ninetales|52\/100\n|-damage|p2b: Chien-Pao|0 fnt\n|faint|p2b: Chien-Pao\n|\n|-weather|Snow|[upkeep]\n|upkeep\n|inactive|The FTM has 120 seconds left.\n|\n|t:|1698197444\n|switch|p2b: Ogerpon|Ogerpon-Wellspring, F|100\/100\n|turn|2\n|\n|t:|1698197455\n|switch|p1a: Sinistcha|Sinistcha-Masterpiece, shiny|100\/100\n|-heal|p1b: Ursaluna|73\/100|[from] ability: Hospitality|[of] p1a: Sinistcha\n|move|p2b: Ogerpon|Ivy Cudgel|p1b: Ursaluna\n|-supereffective|p1b: Ursaluna\n|-crit|p1b: Ursaluna\n|-damage|p1b: Ursaluna|0 fnt\n|faint|p1b: Ursaluna\n|move|p2a: Ninetales|Icy Wind|p1a: Sinistcha\n|-supereffective|p1a: Sinistcha\n|-damage|p1a: Sinistcha|68\/100\n|-unboost|p1a: Sinistcha|spe|1\n|\n|-weather|Snow|[upkeep]\n|-heal|p1a: Sinistcha|74\/100|[from] item: Leftovers\n|upkeep\n|\n|t:|1698197469\n|switch|p1b: Bruxish|Bruxish, M, shiny|100\/100\n|turn|3\n|\n|t:|1698197476\n|move|p1a: Sinistcha|Protect|p1a: Sinistcha\n|-singleturn|p1a: Sinistcha|Protect\n|move|p2b: Ogerpon|Horn Leech|p1b: Bruxish\n|-supereffective|p1b: Bruxish\n|-enditem|p1b: Bruxish|Focus Sash\n|-damage|p1b: Bruxish|1\/100\n|move|p2a: Ninetales|Blizzard|p1b: Bruxish|[spread] p1b\n|-activate|p1a: Sinistcha|move: Protect\n|-resisted|p1b: Bruxish\n|-damage|p1b: Bruxish|0 fnt\n|faint|p1b: Bruxish\n|\n|-weather|Snow|[upkeep]\n|-heal|p1a: Sinistcha|80\/100|[from] item: Leftovers\n|upkeep\n|\n|t:|1698197489\n|switch|p1b: Ogerpon|Ogerpon-Hearthflame, F|100\/100\n|-ability|p1b: Ogerpon|Mold Breaker\n|turn|4\n|\n|t:|1698197497\n|move|p1a: Sinistcha|Rage Powder|p1a: Sinistcha\n|-singleturn|p1a: Sinistcha|move: Rage Powder\n|move|p2b: Ogerpon|Ivy Cudgel|p1b: Ogerpon\n|-damage|p1b: Ogerpon|32\/100\n|move|p2a: Ninetales|Blizzard|p1b: Ogerpon|[spread] p1a,p1b\n|-supereffective|p1a: Sinistcha\n|-damage|p1a: Sinistcha|34\/100\n|-damage|p1b: Ogerpon|7\/100\n|move|p1b: Ogerpon|Swords Dance|p1b: Ogerpon\n|-boost|p1b: Ogerpon|atk|2\n|\n|-weather|Snow|[upkeep]\n|-heal|p1a: Sinistcha|40\/100|[from] item: Leftovers\n|upkeep\n|turn|5\n|inactive|The FTM has 120 seconds left.\n|\n|t:|1698197545\n|move|p1a: Sinistcha|Rage Powder|p1a: Sinistcha\n|-singleturn|p1a: Sinistcha|move: Rage Powder\n|move|p2b: Ogerpon|Ivy Cudgel|p1b: Ogerpon\n|-damage|p1b: Ogerpon|0 fnt\n|faint|p1b: Ogerpon\n|move|p2a: Ninetales|Blizzard|p1a: Sinistcha\n|-supereffective|p1a: Sinistcha\n|-damage|p1a: Sinistcha|0 fnt\n|faint|p1a: Sinistcha\n|\n|-weather|none\n|-sideend|p2: The FTM|move: Aurora Veil\n|upkeep\n|inactive|Zamasu420 has 120 seconds left.\n|c|\u2606Zamasu420|I hope you get hit by a truck\n|-message|Zamasu420 forfeited.\n|\n|win|The FTM\n|raw|Zamasu420's rating: 1164 &rarr; <strong>1148<\/strong><br \/>(-16 for losing)\n|raw|The FTM's rating: 1293 &rarr; <strong>1309<\/strong><br \/>(+16 for winning)\n","uploadtime":1698197583,"views":18,"p1id":"zamasu420","p2id":"theftm","formatid":"gen9doublesou","rating":1148,"private":0,"password":""}