{"id":"gen9doublesou-1979687490","p1":"volitial27","p2":"Dante vail","format":"[Gen 9] Doubles OU","log":"|j|\u2606volitial27\n|j|\u2606Dante vail\n|t:|1698703340\n|gametype|doubles\n|player|p1|volitial27|265|1321\n|player|p2|Dante vail|1|1336\n|teamsize|p1|6\n|teamsize|p2|6\n|gen|9\n|tier|[Gen 9] Doubles OU\n|rated|\n|rule|Species Clause: Limit one of each Pok\u00e9mon\n|rule|OHKO Clause: OHKO moves are banned\n|rule|Evasion Moves Clause: Evasion moves are banned\n|rule|Gravity Sleep Clause: The combination of sleep-inducing moves with imperfect accuracy and Gravity or Gigantamax Orbeetle are banned\n|rule|Endless Battle Clause: Forcing endless battles is banned\n|rule|HP Percentage Mod: HP is shown in percentages\n|clearpoke\n|poke|p1|Chi-Yu|\n|poke|p1|Baxcalibur, M|\n|poke|p1|Iron Bundle|\n|poke|p1|Abomasnow, M|\n|poke|p1|Tornadus, M|\n|poke|p1|Regieleki|\n|poke|p2|Fezandipiti, M|\n|poke|p2|Tornadus, M|\n|poke|p2|Ursaluna-Bloodmoon, M|\n|poke|p2|Iron Hands|\n|poke|p2|Sinistcha|\n|poke|p2|Ogerpon-Hearthflame, F|\n|teampreview\n|\n|t:|1698703346\n|start\n|switch|p1a: Iron Bundle|Iron Bundle|100\/100\n|switch|p1b: Regieleki|Regieleki|100\/100\n|switch|p2a: Tornadus|Tornadus, M|100\/100\n|switch|p2b: Fezandipiti|Fezandipiti, M|100\/100\n|turn|1\n|\n|t:|1698703357\n|move|p2a: Tornadus|Tailwind|p2a: Tornadus\n|-sidestart|p2: Dante vail|move: Tailwind\n|move|p2b: Fezandipiti|Dazzling Gleam|p1a: Iron Bundle|[spread] p1a,p1b\n|-damage|p1a: Iron Bundle|57\/100\n|-damage|p1b: Regieleki|57\/100\n|-status|p1a: Iron Bundle|tox|[from] ability: Toxic Chain|[of] p2b: Fezandipiti\n|move|p1b: Regieleki|Electroweb|p2b: Fezandipiti|[spread] p2a,p2b\n|-supereffective|p2a: Tornadus\n|-enditem|p2a: Tornadus|Focus Sash\n|-damage|p2a: Tornadus|1\/100\n|-damage|p2b: Fezandipiti|72\/100\n|-unboost|p2a: Tornadus|spe|1\n|move|p1a: Iron Bundle|Icy Wind|p2b: Fezandipiti|[spread] p2a,p2b\n|-supereffective|p2a: Tornadus\n|-damage|p2a: Tornadus|0 fnt\n|-damage|p2b: Fezandipiti|49\/100\n|faint|p2a: Tornadus\n|-damage|p1a: Iron Bundle|47\/100 tox|[from] item: Life Orb\n|\n|-damage|p1a: Iron Bundle|41\/100 tox|[from] psn\n|upkeep\n|inactive|Battle timer is ON: inactive players will automatically lose when time's up. (requested by volitial27)\n|\n|t:|1698703382\n|switch|p2a: Ursaluna|Ursaluna-Bloodmoon, M|100\/100\n|turn|2\n|\n|t:|1698703390\n|switch|p1b: Abomasnow|Abomasnow, M|100\/100\n|-weather|Snow|[from] ability: Snow Warning|[of] p1b: Abomasnow\n|move|p2a: Ursaluna|Vacuum Wave|p1b: Abomasnow\n|-supereffective|p1b: Abomasnow\n|-damage|p1b: Abomasnow|74\/100\n|move|p2b: Fezandipiti|Dazzling Gleam|p1b: Abomasnow|[spread] p1a,p1b\n|-damage|p1a: Iron Bundle|0 fnt\n|-damage|p1b: Abomasnow|58\/100\n|faint|p1a: Iron Bundle\n|-end|p1a: Iron Bundle|Quark Drive|[silent]\n|\n|-weather|Snow|[upkeep]\n|upkeep\n|\n|t:|1698703401\n|switch|p1a: Tornadus|Tornadus, M|100\/100\n|turn|3\n|\n|t:|1698703411\n|move|p1a: Tornadus|Tailwind|p1a: Tornadus\n|-sidestart|p1: volitial27|move: Tailwind\n|move|p2b: Fezandipiti|Icy Wind|p1a: Tornadus|[spread] p1a,p1b\n|-supereffective|p1a: Tornadus\n|-damage|p1a: Tornadus|74\/100\n|-damage|p1b: Abomasnow|51\/100\n|-unboost|p1a: Tornadus|spe|1\n|-unboost|p1b: Abomasnow|spe|1\n|-status|p1a: Tornadus|tox|[from] ability: Toxic Chain|[of] p2b: Fezandipiti\n|-status|p1b: Abomasnow|tox|[from] ability: Toxic Chain|[of] p2b: Fezandipiti\n|move|p2a: Ursaluna|Blood Moon|p1b: Abomasnow\n|-damage|p1b: Abomasnow|0 fnt\n|faint|p1b: Abomasnow\n|\n|-weather|Snow|[upkeep]\n|-damage|p1a: Tornadus|68\/100 tox|[from] psn\n|upkeep\n|\n|t:|1698703424\n|switch|p1b: Baxcalibur|Baxcalibur, M|100\/100\n|turn|4\n|\n|t:|1698703436\n|-terastallize|p1b: Baxcalibur|Water\n|move|p2b: Fezandipiti|Venoshock|p1a: Tornadus\n|-damage|p1a: Tornadus|6\/100 tox\n|move|p1b: Baxcalibur|Aqua Tail|p2a: Ursaluna\n|-supereffective|p2a: Ursaluna\n|-damage|p2a: Ursaluna|31\/100\n|move|p1a: Tornadus|Bleakwind Storm|p2a: Ursaluna|[spread] p2a,p2b\n|-damage|p2a: Ursaluna|0 fnt\n|-damage|p2b: Fezandipiti|13\/100\n|faint|p2a: Ursaluna\n|\n|-weather|Snow|[upkeep]\n|-damage|p1a: Tornadus|0 fnt|[from] psn\n|faint|p1a: Tornadus\n|-sideend|p2: Dante vail|move: Tailwind\n|upkeep\n|\n|t:|1698703458\n|switch|p1a: Chi-Yu|Chi-Yu|100\/100\n|switch|p2a: Ogerpon|Ogerpon-Hearthflame, F|100\/100\n|-ability|p1a: Chi-Yu|Beads of Ruin\n|-ability|p2a: Ogerpon|Mold Breaker\n|turn|5\n|\n|t:|1698703474\n|move|p1a: Chi-Yu|Lava Plume|p2a: Ogerpon|[spread] p1b,p2a,p2b\n|-resisted|p1b: Baxcalibur\n|-damage|p1b: Baxcalibur|79\/100\n|-damage|p2a: Ogerpon|52\/100\n|-damage|p2b: Fezandipiti|0 fnt\n|-ability|p1b: Baxcalibur|Thermal Exchange|boost\n|-boost|p1b: Baxcalibur|atk|1\n|faint|p2b: Fezandipiti\n|move|p1b: Baxcalibur|Aqua Tail|p2a: Ogerpon\n|-damage|p2a: Ogerpon|0 fnt\n|faint|p2a: Ogerpon\n|\n|-weather|Snow|[upkeep]\n|-heal|p1b: Baxcalibur|85\/100|[from] item: Leftovers\n|upkeep\n|\n|t:|1698703485\n|switch|p2a: Iron Hands|Iron Hands|100\/100\n|switch|p2b: Sinistcha|Sinistcha|100\/100\n|turn|6\n|\n|t:|1698703511\n|-terastallize|p2b: Sinistcha|Fire\n|move|p2a: Iron Hands|Fake Out|p1a: Chi-Yu\n|-damage|p1a: Chi-Yu|75\/100\n|cant|p1a: Chi-Yu|flinch\n|move|p1b: Baxcalibur|Glaive Rush|p2a: Iron Hands\n|-damage|p2a: Iron Hands|27\/100\n|-singlemove|p1b: Baxcalibur|Glaive Rush|[silent]\n|move|p2b: Sinistcha|Shadow Ball|p1b: Baxcalibur\n|-damage|p1b: Baxcalibur|0 fnt\n|faint|p1b: Baxcalibur\n|\n|-weather|none\n|-sideend|p1: volitial27|move: Tailwind\n|upkeep\n|\n|t:|1698703522\n|switch|p1b: Regieleki|Regieleki|57\/100\n|turn|7\n|\n|t:|1698703532\n|move|p1b: Regieleki|Thunder Cage|p2b: Sinistcha\n|-damage|p2b: Sinistcha|3\/100\n|-activate|p2b: Sinistcha|move: Thunder Cage|[of] p1b: Regieleki\n|move|p1a: Chi-Yu|Lava Plume|p2b: Sinistcha|[spread] p1b,p2a,p2b\n|-resisted|p2b: Sinistcha\n|-damage|p1b: Regieleki|0 fnt\n|-damage|p2a: Iron Hands|2\/100\n|-damage|p2b: Sinistcha|0 fnt\n|-status|p2a: Iron Hands|brn\n|faint|p1b: Regieleki\n|faint|p2b: Sinistcha\n|move|p2a: Iron Hands|Drain Punch|p1a: Chi-Yu\n|-supereffective|p1a: Chi-Yu\n|-damage|p1a: Chi-Yu|0 fnt\n|-heal|p2a: Iron Hands|21\/100 brn|[from] drain|[of] p1a: Chi-Yu\n|faint|p1a: Chi-Yu\n|\n|win|Dante vail\n|raw|volitial27's rating: 1321 &rarr; <strong>1302<\/strong><br \/>(-19 for losing)\n|raw|Dante vail's rating: 1336 &rarr; <strong>1355<\/strong><br \/>(+19 for winning)\n|c|\u2606volitial27|Wow\n|c|\u2606volitial27|Gg\n|c|\u2606Dante vail|gg\n|l|\u2606volitial27\n","uploadtime":1698703738,"views":23,"p1id":"volitial27","p2id":"dantevail","formatid":"gen9doublesou","rating":1302,"private":0,"password":""}