{"id":"gen9doublesou-1970964139","p1":"SXD2002","p2":"snowyyayyy","format":"[Gen 9] Doubles OU","log":"|j|\u2606SXD2002\n|j|\u2606snowyyayyy\n|t:|1697685823\n|gametype|doubles\n|player|p1|SXD2002|silver-masters|1038\n|player|p2|snowyyayyy|wicke|1141\n|teamsize|p1|4\n|teamsize|p2|6\n|gen|9\n|tier|[Gen 9] Doubles OU\n|rated|\n|rule|Species Clause: Limit one of each Pok\u00e9mon\n|rule|OHKO Clause: OHKO moves are banned\n|rule|Evasion Moves Clause: Evasion moves are banned\n|rule|Gravity Sleep Clause: The combination of sleep-inducing moves with imperfect accuracy and Gravity or Gigantamax Orbeetle are banned\n|rule|Endless Battle Clause: Forcing endless battles is banned\n|rule|HP Percentage Mod: HP is shown in percentages\n|clearpoke\n|poke|p1|Lurantis, M|\n|poke|p1|Murkrow, M|\n|poke|p1|Grimmsnarl, M|\n|poke|p1|Clefairy, F|\n|poke|p2|Sinistcha|\n|poke|p2|Ogerpon-Wellspring, F|\n|poke|p2|Flutter Mane|\n|poke|p2|Ribombee, M|\n|poke|p2|Ursaluna-Bloodmoon, M|\n|poke|p2|Gholdengo|\n|teampreview\n|inactive|Battle timer is ON: inactive players will automatically lose when time's up. (requested by snowyyayyy)\n|\n|t:|1697685830\n|start\n|switch|p1a: Grimmsnarl|Grimmsnarl, M|100\/100\n|switch|p1b: Lurantis|Lurantis, M|100\/100\n|switch|p2a: Ogerpon|Ogerpon-Wellspring, F|100\/100\n|switch|p2b: Ribombee|Ribombee, M|100\/100\n|turn|1\n|\n|t:|1697685842\n|move|p1a: Grimmsnarl|Scary Face|p1b: Lurantis\n|-boost|p1b: Lurantis|spe|2\n|move|p2b: Ribombee|Sticky Web|p1b: Lurantis\n|-sidestart|p1: SXD2002|move: Sticky Web\n|move|p2a: Ogerpon|Taunt|p1a: Grimmsnarl\n|-start|p1a: Grimmsnarl|move: Taunt\n|move|p1b: Lurantis|Leaf Storm|p2a: Ogerpon\n|-damage|p2a: Ogerpon|67\/100\n|-boost|p1b: Lurantis|spa|2\n|\n|upkeep\n|turn|2\n|\n|t:|1697685861\n|move|p2a: Ogerpon|Follow Me|p2a: Ogerpon\n|-singleturn|p2a: Ogerpon|move: Follow Me\n|move|p2b: Ribombee|Moonblast|p1b: Lurantis\n|-damage|p1b: Lurantis|72\/100\n|move|p1b: Lurantis|Leaf Storm|p2a: Ogerpon\n|-damage|p2a: Ogerpon|0 fnt\n|-boost|p1b: Lurantis|spa|2\n|faint|p2a: Ogerpon\n|move|p1a: Grimmsnarl|Dazzling Gleam|p2b: Ribombee\n|-damage|p2b: Ribombee|50\/100\n|\n|-heal|p1b: Lurantis|78\/100|[from] item: Leftovers\n|upkeep\n|\n|t:|1697685866\n|switch|p2a: Flutter Mane|Flutter Mane|100\/100\n|turn|3\n|\n|t:|1697685879\n|move|p1b: Lurantis|Protect|p1b: Lurantis\n|-singleturn|p1b: Lurantis|Protect\n|move|p2a: Flutter Mane|Mystical Fire|p1b: Lurantis\n|-activate|p1b: Lurantis|move: Protect\n|move|p2b: Ribombee|Stun Spore|p1a: Grimmsnarl|[miss]\n|-miss|p2b: Ribombee|p1a: Grimmsnarl\n|move|p1a: Grimmsnarl|Dazzling Gleam|p2b: Ribombee|[spread] p2a,p2b\n|-damage|p2a: Flutter Mane|81\/100\n|-damage|p2b: Ribombee|13\/100\n|\n|-heal|p1b: Lurantis|84\/100|[from] item: Leftovers\n|upkeep\n|turn|4\n|\n|t:|1697685906\n|-terastallize|p1b: Lurantis|Steel\n|move|p2a: Flutter Mane|Mystical Fire|p1b: Lurantis\n|-supereffective|p1b: Lurantis\n|-damage|p1b: Lurantis|25\/100\n|-boost|p1b: Lurantis|spa|1\n|move|p2b: Ribombee|Stun Spore|p1a: Grimmsnarl\n|-status|p1a: Grimmsnarl|par\n|move|p1b: Lurantis|Leaf Storm|p2a: Flutter Mane\n|-damage|p2a: Flutter Mane|0 fnt\n|-boost|p1b: Lurantis|spa|1\n|faint|p2a: Flutter Mane\n|-end|p2a: Flutter Mane|Protosynthesis|[silent]\n|move|p1a: Grimmsnarl|Dazzling Gleam|p2b: Ribombee\n|-damage|p2b: Ribombee|0 fnt\n|faint|p2b: Ribombee\n|\n|-heal|p1b: Lurantis|31\/100|[from] item: Leftovers\n|-end|p1a: Grimmsnarl|move: Taunt\n|upkeep\n|\n|t:|1697685919\n|switch|p2a: Sinistcha|Sinistcha|100\/100\n|switch|p2b: Gholdengo|Gholdengo|100\/100\n|turn|5\n|\n|t:|1697685932\n|move|p1b: Lurantis|Protect|p1b: Lurantis\n|-singleturn|p1b: Lurantis|Protect\n|cant|p1a: Grimmsnarl|par\n|move|p2b: Gholdengo|Make It Rain|p1b: Lurantis|[spread] p1a\n|-activate|p1b: Lurantis|move: Protect\n|-supereffective|p1a: Grimmsnarl\n|-damage|p1a: Grimmsnarl|0 fnt\n|-unboost|p2b: Gholdengo|spa|1\n|faint|p1a: Grimmsnarl\n|-damage|p2b: Gholdengo|91\/100|[from] item: Life Orb\n|move|p2a: Sinistcha|Shadow Ball|p1b: Lurantis\n|-activate|p1b: Lurantis|move: Protect\n|\n|-heal|p1b: Lurantis|37\/100|[from] item: Leftovers\n|upkeep\n|\n|t:|1697685938\n|switch|p1a: Clefairy|Clefairy, F|100\/100\n|-activate|p1a: Clefairy|move: Sticky Web\n|-unboost|p1a: Clefairy|spe|1\n|turn|6\n|\n|t:|1697685954\n|move|p1a: Clefairy|Follow Me|p1a: Clefairy\n|-singleturn|p1a: Clefairy|move: Follow Me\n|move|p1b: Lurantis|Leaf Storm|p2b: Gholdengo\n|-resisted|p2b: Gholdengo\n|-damage|p2b: Gholdengo|15\/100\n|move|p2b: Gholdengo|Make It Rain|p1a: Clefairy|[spread] p1a,p1b\n|-supereffective|p1a: Clefairy\n|-resisted|p1b: Lurantis\n|-damage|p1a: Clefairy|41\/100\n|-damage|p1b: Lurantis|24\/100\n|-unboost|p2b: Gholdengo|spa|1\n|-damage|p2b: Gholdengo|6\/100|[from] item: Life Orb\n|move|p2a: Sinistcha|Matcha Gotcha|p1a: Clefairy|[spread] p1a,p1b\n|-resisted|p1b: Lurantis\n|-damage|p1a: Clefairy|27\/100\n|-damage|p1b: Lurantis|16\/100\n|\n|-heal|p1b: Lurantis|23\/100|[from] item: Leftovers\n|upkeep\n|turn|7\n|\n|t:|1697685971\n|move|p1b: Lurantis|Protect|p1b: Lurantis\n|-singleturn|p1b: Lurantis|Protect\n|move|p2b: Gholdengo|Make It Rain|p1a: Clefairy|[spread] p1a\n|-activate|p1b: Lurantis|move: Protect\n|-supereffective|p1a: Clefairy\n|-damage|p1a: Clefairy|0 fnt\n|-unboost|p2b: Gholdengo|spa|1\n|faint|p1a: Clefairy\n|-damage|p2b: Gholdengo|0 fnt|[from] item: Life Orb\n|faint|p2b: Gholdengo\n|move|p2a: Sinistcha|Matcha Gotcha|p1b: Lurantis\n|-activate|p1b: Lurantis|move: Protect\n|\n|-heal|p1b: Lurantis|29\/100|[from] item: Leftovers\n|upkeep\n|\n|t:|1697685979\n|switch|p2b: Ursaluna|Ursaluna-Bloodmoon, M|100\/100\n|switch|p1a: Murkrow|Murkrow, M|100\/100\n|turn|8\n|\n|t:|1697685992\n|move|p1a: Murkrow|Thunder Wave|p2a: Sinistcha|[miss]\n|-miss|p1a: Murkrow|p2a: Sinistcha\n|move|p1b: Lurantis|Leaf Storm|p2b: Ursaluna\n|-supereffective|p2b: Ursaluna\n|-damage|p2b: Ursaluna|0 fnt\n|faint|p2b: Ursaluna\n|move|p2a: Sinistcha|Shadow Ball|p1b: Lurantis\n|-damage|p1b: Lurantis|1\/100\n|-boost|p1b: Lurantis|spd|1\n|\n|-heal|p1b: Lurantis|7\/100|[from] item: Leftovers\n|upkeep\n|turn|9\n|\n|t:|1697686004\n|move|p1a: Murkrow|Thunder Wave|p2a: Sinistcha\n|-status|p2a: Sinistcha|par\n|move|p1b: Lurantis|Pollen Puff|p2a: Sinistcha\n|-damage|p2a: Sinistcha|17\/100 par\n|-enditem|p2a: Sinistcha|Sitrus Berry|[eat]\n|-heal|p2a: Sinistcha|42\/100 par|[from] item: Sitrus Berry\n|move|p2a: Sinistcha|Shadow Ball|p1b: Lurantis\n|-damage|p1b: Lurantis|0 fnt\n|faint|p1b: Lurantis\n|\n|upkeep\n|turn|10\n|\n|t:|1697686020\n|-terastallize|p2a: Sinistcha|Ghost\n|move|p1a: Murkrow|Screech|p2a: Sinistcha\n|-unboost|p2a: Sinistcha|def|2\n|move|p2a: Sinistcha|Shadow Ball|p1a: Murkrow\n|-resisted|p1a: Murkrow\n|-damage|p1a: Murkrow|83\/100\n|\n|upkeep\n|turn|11\n|\n|t:|1697686027\n|move|p1a: Murkrow|Foul Play|p2a: Sinistcha\n|-supereffective|p2a: Sinistcha\n|-damage|p2a: Sinistcha|2\/100 par\n|move|p2a: Sinistcha|Matcha Gotcha|p1a: Murkrow|[miss]\n|-miss|p2a: Sinistcha|p1a: Murkrow\n|\n|upkeep\n|turn|12\n|\n|t:|1697686033\n|move|p1a: Murkrow|Foul Play|p2a: Sinistcha\n|-supereffective|p2a: Sinistcha\n|-damage|p2a: Sinistcha|0 fnt\n|faint|p2a: Sinistcha\n|\n|win|SXD2002\n|raw|SXD2002's rating: 1077 &rarr; <strong>1111<\/strong><br \/>(+34 for winning)\n|raw|snowyyayyy's rating: 1141 &rarr; <strong>1111<\/strong><br \/>(-30 for losing)\n|c|\u2606SXD2002|gg\n|l|\u2606snowyyayyy\n","uploadtime":1697686039,"views":10,"p1id":"sxd2002","p2id":"snowyyayyy","formatid":"gen9doublesou","rating":1111,"private":0,"password":""}