{"id":"gen9doublesou-1987984646","p1":"abelitish3737","p2":"freeottawe","format":"[Gen 9] Doubles OU","log":"|j|\u2606abelitish3737\n|j|\u2606freeottawe\n|t:|1699655980\n|gametype|doubles\n|player|p1|abelitish3737|blackbelt-gen4|1082\n|player|p2|freeottawe|dancer|1113\n|teamsize|p1|6\n|teamsize|p2|6\n|gen|9\n|tier|[Gen 9] Doubles OU\n|rated|\n|rule|Species Clause: Limit one of each Pok\u00e9mon\n|rule|OHKO Clause: OHKO moves are banned\n|rule|Evasion Moves Clause: Evasion moves are banned\n|rule|Gravity Sleep Clause: The combination of sleep-inducing moves with imperfect accuracy and Gravity or Gigantamax Orbeetle are banned\n|rule|Endless Battle Clause: Forcing endless battles is banned\n|rule|HP Percentage Mod: HP is shown in percentages\n|clearpoke\n|poke|p1|Torkoal, M|\n|poke|p1|Brute Bonnet|\n|poke|p1|Leafeon, F|\n|poke|p1|Typhlosion-Hisui, F|\n|poke|p1|Rotom-Heat|\n|poke|p1|Great Tusk|\n|poke|p2|Weezing-Galar, M|\n|poke|p2|Rabsca, M|\n|poke|p2|Golem-Alola, F|\n|poke|p2|Houndstone, M|\n|poke|p2|Grafaiai, F|\n|poke|p2|Hippowdon, M|\n|teampreview\n|\n|t:|1699656003\n|start\n|switch|p1a: German|Torkoal, M, shiny|100\/100\n|switch|p1b: Great Tusk|Great Tusk, shiny|100\/100\n|switch|p2a: Rabsca|Rabsca, M|100\/100\n|switch|p2b: Golem|Golem-Alola, F|100\/100\n|-weather|SunnyDay|[from] ability: Drought|[of] p1a: German\n|-activate|p1b: Great Tusk|ability: Protosynthesis\n|-start|p1b: Great Tusk|protosynthesisatk\n|turn|1\n|\n|t:|1699656030\n|switch|p2a: Hippowdon|Hippowdon, M, shiny|100\/100\n|-weather|Sandstorm|[from] ability: Sand Stream|[of] p2a: Hippowdon\n|-end|p1b: Great Tusk|Protosynthesis\n|-enditem|p1b: Great Tusk|Booster Energy\n|-activate|p1b: Great Tusk|ability: Protosynthesis|[fromitem]\n|-start|p1b: Great Tusk|protosynthesisatk\n|move|p1b: Great Tusk|Stealth Rock|p2b: Golem\n|-sidestart|p2: freeottawe|move: Stealth Rock\n|move|p2b: Golem|Explosion|p1b: Great Tusk|[spread] p1a\n|-immune|p2a: Hippowdon\n|-immune|p1b: Great Tusk\n|-damage|p1a: German|25\/100\n|faint|p2b: Golem\n|move|p1a: German|Yawn|p2a: Hippowdon\n|-start|p2a: Hippowdon|move: Yawn|[of] p1a: German\n|\n|-weather|Sandstorm|[upkeep]\n|-damage|p1a: German|19\/100|[from] Sandstorm\n|upkeep\n|\n|t:|1699656049\n|switch|p2b: Rabsca|Rabsca, M|100\/100\n|-damage|p2b: Rabsca|76\/100|[from] Stealth Rock\n|turn|2\n|\n|t:|1699656078\n|switch|p2a: Weezing|Weezing-Galar, M, shiny|100\/100\n|-damage|p2a: Weezing|88\/100|[from] Stealth Rock\n|-fieldstart|move: Misty Terrain|[from] ability: Misty Surge|[of] p2a: Weezing\n|switch|p1a: Gonzok|Brute Bonnet, shiny|100\/100\n|move|p1b: Great Tusk|Ice Fang|p2b: Rabsca\n|-damage|p2b: Rabsca|38\/100\n|move|p2b: Rabsca|Revival Blessing|p2b: Rabsca\n|-enditem|p2b: Rabsca|Leppa Berry|[eat]\n|-activate|p2b: Rabsca|item: Leppa Berry|Revival Blessing|[consumed]\n|\n|t:|1699656091\n|-heal|p2: Golem|50\/100|[from] move: Revival Blessing\n|\n|-weather|Sandstorm|[upkeep]\n|-damage|p2a: Weezing|82\/100|[from] Sandstorm\n|-damage|p1a: Gonzok|94\/100|[from] Sandstorm\n|-damage|p2b: Rabsca|32\/100|[from] Sandstorm\n|-heal|p1a: Gonzok|100\/100|[from] item: Leftovers\n|upkeep\n|turn|3\n|\n|t:|1699656116\n|-end|p1a: Gonzok|Protosynthesis|[silent]\n|switch|p1a: German|Torkoal, M, shiny|19\/100\n|-weather|SunnyDay|[from] ability: Drought|[of] p1a: German\n|move|p1b: Great Tusk|Earthquake|p2b: Rabsca|[spread] p1a,p2a,p2b\n|-supereffective|p1a: German\n|-supereffective|p2a: Weezing\n|-resisted|p2b: Rabsca\n|-damage|p1a: German|0 fnt\n|-damage|p2a: Weezing|0 fnt\n|-damage|p2b: Rabsca|1\/100\n|faint|p1a: German\n|faint|p2a: Weezing\n|move|p2b: Rabsca|Trick Room|p2b: Rabsca\n|-fieldstart|move: Trick Room|[of] p2b: Rabsca\n|\n|-weather|SunnyDay|[upkeep]\n|upkeep\n|\n|t:|1699656139\n|switch|p1a: Dsimphony|Rotom-Heat|100\/100\n|switch|p2a: Grafaiai|Grafaiai, F|100\/100\n|-damage|p2a: Grafaiai|88\/100|[from] Stealth Rock\n|turn|4\n|\n|t:|1699656156\n|move|p2a: Grafaiai|Parting Shot|p1b: Great Tusk\n|-unboost|p1b: Great Tusk|atk|1\n|-unboost|p1b: Great Tusk|spa|1\n|\n|t:|1699656161\n|switch|p2a: Hippowdon|Hippowdon, M, shiny|100\/100|[from] Parting Shot\n|-damage|p2a: Hippowdon|94\/100|[from] Stealth Rock\n|-weather|Sandstorm|[from] ability: Sand Stream|[of] p2a: Hippowdon\n|move|p2b: Rabsca|Revival Blessing|p2b: Rabsca\n|\n|t:|1699656168\n|-heal|p2: Weezing|50\/100|[from] move: Revival Blessing\n|move|p1b: Great Tusk|Earthquake|p2b: Rabsca|[spread] p2a,p2b\n|-immune|p1a: Dsimphony|[from] ability: Levitate\n|-resisted|p2b: Rabsca\n|-damage|p2a: Hippowdon|75\/100\n|-damage|p2b: Rabsca|0 fnt\n|faint|p2b: Rabsca\n|move|p1a: Dsimphony|Light Screen|p1a: Dsimphony\n|-sidestart|p1: abelitish3737|move: Light Screen\n|\n|-weather|Sandstorm|[upkeep]\n|-damage|p1a: Dsimphony|94\/100|[from] Sandstorm\n|-heal|p2a: Hippowdon|81\/100|[from] item: Leftovers\n|upkeep\n|\n|t:|1699656188\n|switch|p2b: Weezing|Weezing-Galar, M, shiny|50\/100\n|-damage|p2b: Weezing|38\/100|[from] Stealth Rock\n|-enditem|p2b: Weezing|Room Service\n|-unboost|p2b: Weezing|spe|1|[from] item: Room Service\n|turn|5\n|\n|t:|1699656202\n|move|p2b: Weezing|Misty Explosion|p1b: Great Tusk|[spread] p2a,p1a,p1b\n|-resisted|p1a: Dsimphony\n|-supereffective|p1b: Great Tusk\n|-damage|p2a: Hippowdon|33\/100\n|-damage|p1a: Dsimphony|74\/100\n|-damage|p1b: Great Tusk|0 fnt\n|faint|p2b: Weezing\n|faint|p1b: Great Tusk\n|-end|p1b: Great Tusk|Protosynthesis|[silent]\n|move|p2a: Hippowdon|Rock Slide|p1a: Dsimphony\n|-supereffective|p1a: Dsimphony\n|-damage|p1a: Dsimphony|18\/100\n|move|p1a: Dsimphony|Reflect|p1a: Dsimphony\n|-sidestart|p1: abelitish3737|Reflect\n|\n|-weather|Sandstorm|[upkeep]\n|-damage|p1a: Dsimphony|12\/100|[from] Sandstorm\n|-heal|p2a: Hippowdon|40\/100|[from] item: Leftovers\n|upkeep\n|-message|abelitish3737 forfeited.\n|\n|win|freeottawe\n|raw|abelitish3737's rating: 1082 &rarr; <strong>1062<\/strong><br \/>(-20 for losing)\n|raw|freeottawe's rating: 1113 &rarr; <strong>1136<\/strong><br \/>(+23 for winning)\n|l|\u2606abelitish3737\n","uploadtime":1699656370,"views":18,"p1id":"abelitish3737","p2id":"freeottawe","formatid":"gen9doublesou","rating":1062,"private":0,"password":""}