{"id":"gen9doublesou-1972420512","p1":"The Wubs","p2":"RogueLax","format":"[Gen 9] Doubles OU","log":"|j|\u2606The Wubs\n|j|\u2606RogueLax\n|t:|1697840870\n|gametype|doubles\n|player|p1|The Wubs|2|1231\n|player|p2|RogueLax|169|1259\n|teamsize|p1|6\n|teamsize|p2|6\n|gen|9\n|tier|[Gen 9] Doubles OU\n|rated|\n|rule|Species Clause: Limit one of each Pok\u00e9mon\n|rule|OHKO Clause: OHKO moves are banned\n|rule|Evasion Moves Clause: Evasion moves are banned\n|rule|Gravity Sleep Clause: The combination of sleep-inducing moves with imperfect accuracy and Gravity or Gigantamax Orbeetle are banned\n|rule|Endless Battle Clause: Forcing endless battles is banned\n|rule|HP Percentage Mod: HP is shown in percentages\n|clearpoke\n|poke|p1|Dipplin, F|\n|poke|p1|Iron Valiant|\n|poke|p1|Fezandipiti, M|\n|poke|p1|Ogerpon, F|\n|poke|p1|Empoleon, F|\n|poke|p1|Rotom-Heat|\n|poke|p2|Iron Hands|\n|poke|p2|Slowking-Galar, F|\n|poke|p2|Ogerpon-Wellspring, F|\n|poke|p2|Tornadus, M|\n|poke|p2|Gholdengo|\n|poke|p2|Braviary-Hisui, M|\n|teampreview\n|\n|t:|1697840898\n|start\n|switch|p1a: Fezandipiti|Fezandipiti, M|100\/100\n|switch|p1b: Rotom|Rotom-Heat|100\/100\n|switch|p2a: Slowking|Slowking-Galar, F|100\/100\n|switch|p2b: Gholdengo|Gholdengo|100\/100\n|turn|1\n|\n|t:|1697840911\n|move|p1b: Rotom|Overheat|p2b: Gholdengo\n|-supereffective|p2b: Gholdengo\n|-damage|p2b: Gholdengo|0 fnt\n|-unboost|p1b: Rotom|spa|2\n|faint|p2b: Gholdengo\n|move|p1a: Fezandipiti|Heat Wave|p2a: Slowking\n|-damage|p2a: Slowking|81\/100\n|move|p2a: Slowking|Trick Room|p2a: Slowking\n|-fieldstart|move: Trick Room|[of] p2a: Slowking\n|\n|-heal|p2a: Slowking|87\/100|[from] item: Leftovers\n|upkeep\n|\n|t:|1697840927\n|switch|p2b: Iron Hands|Iron Hands|100\/100\n|turn|2\n|\n|t:|1697840941\n|switch|p1b: Dipplin|Dipplin, F|100\/100\n|-ability|p1b: Dipplin|Supersweet Syrup\n|-ability|p1b: Dipplin|Supersweet Syrup|boost\n|-unboost|p2a: Slowking|evasion|1\n|-unboost|p2b: Iron Hands|evasion|1\n|move|p2b: Iron Hands|Fake Out|p1b: Dipplin\n|-damage|p1b: Dipplin|92\/100\n|-damage|p2b: Iron Hands|90\/100|[from] item: Life Orb\n|move|p2a: Slowking|Sludge Bomb|p1a: Fezandipiti\n|-damage|p1a: Fezandipiti|76\/100\n|move|p1a: Fezandipiti|Dazzling Gleam|p2b: Iron Hands|[spread] p2a,p2b\n|-resisted|p2a: Slowking\n|-supereffective|p2b: Iron Hands\n|-crit|p2b: Iron Hands\n|-damage|p2a: Slowking|78\/100\n|-damage|p2b: Iron Hands|44\/100\n|\n|-heal|p2a: Slowking|84\/100|[from] item: Leftovers\n|upkeep\n|turn|3\n|\n|t:|1697840965\n|move|p2a: Slowking|Sludge Bomb|p1b: Dipplin\n|-supereffective|p1b: Dipplin\n|-damage|p1b: Dipplin|32\/100\n|move|p2b: Iron Hands|Wild Charge|p1a: Fezandipiti\n|-damage|p1a: Fezandipiti|0 fnt\n|faint|p1a: Fezandipiti\n|-damage|p2b: Iron Hands|30\/100|[from] Recoil\n|-damage|p2b: Iron Hands|20\/100|[from] item: Life Orb\n|move|p1b: Dipplin|Dragon Tail|p2a: Slowking\n|-damage|p2a: Slowking|67\/100\n|drag|p2a: Ogerpon|Ogerpon-Wellspring, F|100\/100\n|\n|upkeep\n|\n|t:|1697840978\n|switch|p1a: Empoleon|Empoleon, F|100\/100\n|turn|4\n|\n|t:|1697840994\n|-terastallize|p1a: Empoleon|Ghost\n|move|p1b: Dipplin|Protect|p1b: Dipplin\n|-singleturn|p1b: Dipplin|Protect\n|move|p2a: Ogerpon|Spiky Shield|p2a: Ogerpon\n|-singleturn|p2a: Ogerpon|move: Protect\n|move|p2b: Iron Hands|Wild Charge|p1b: Dipplin\n|-activate|p1b: Dipplin|move: Protect\n|move|p1a: Empoleon|Stealth Rock|p2b: Iron Hands\n|-sidestart|p2: RogueLax|move: Stealth Rock\n|\n|upkeep\n|turn|5\n|\n|t:|1697841008\n|move|p2b: Iron Hands|Wild Charge|p1b: Dipplin\n|-resisted|p1b: Dipplin\n|-damage|p1b: Dipplin|25\/100\n|-damage|p2b: Iron Hands|19\/100|[from] Recoil\n|-damage|p2b: Iron Hands|9\/100|[from] item: Life Orb\n|move|p1a: Empoleon|Icy Wind|p2b: Iron Hands|[spread] p2a,p2b\n|-damage|p2a: Ogerpon|85\/100\n|-damage|p2b: Iron Hands|0 fnt\n|-unboost|p2a: Ogerpon|spe|1\n|faint|p2b: Iron Hands\n|-end|p2b: Iron Hands|Quark Drive|[silent]\n|move|p2a: Ogerpon|Horn Leech|p1a: Empoleon\n|-damage|p1a: Empoleon|45\/100\n|-heal|p2a: Ogerpon|100\/100|[from] drain|[of] p1a: Empoleon\n|move|p1b: Dipplin|Dragon Tail|p2a: Ogerpon\n|-damage|p2a: Ogerpon|76\/100\n|drag|p2a: Tornadus|Tornadus, M, shiny|100\/100\n|-damage|p2a: Tornadus|76\/100|[from] Stealth Rock\n|\n|-heal|p1a: Empoleon|51\/100|[from] item: Leftovers\n|-fieldend|move: Trick Room\n|upkeep\n|\n|t:|1697841028\n|switch|p2b: Ogerpon|Ogerpon-Wellspring, F|76\/100\n|-damage|p2b: Ogerpon|64\/100|[from] Stealth Rock\n|turn|6\n|\n|t:|1697841038\n|move|p2a: Tornadus|Tailwind|p2a: Tornadus\n|-sidestart|p2: RogueLax|move: Tailwind\n|move|p2b: Ogerpon|Horn Leech|p1a: Empoleon\n|-damage|p1a: Empoleon|0 fnt\n|-heal|p2b: Ogerpon|90\/100|[from] drain|[of] p1a: Empoleon\n|faint|p1a: Empoleon\n|move|p1b: Dipplin|Pollen Puff|p1: Empoleon|[notarget]\n|-fail|p1b: Dipplin\n|\n|upkeep\n|\n|t:|1697841046\n|switch|p1a: Iron Valiant|Iron Valiant|100\/100\n|-enditem|p1a: Iron Valiant|Booster Energy\n|-activate|p1a: Iron Valiant|ability: Quark Drive|[fromitem]\n|-start|p1a: Iron Valiant|quarkdrivespe\n|turn|7\n|\n|t:|1697841060\n|-terastallize|p2b: Ogerpon|Water\n|detailschange|p2b: Ogerpon|Ogerpon-Wellspring-Tera, F, tera:Water\n|-ability|p2b: Ogerpon|Embody Aspect (Wellspring)|boost\n|-boost|p2b: Ogerpon|spd|1\n|move|p2b: Ogerpon|Ivy Cudgel|p1a: Iron Valiant\n|-crit|p1a: Iron Valiant\n|-damage|p1a: Iron Valiant|0 fnt\n|faint|p1a: Iron Valiant\n|-end|p1a: Iron Valiant|Quark Drive|[silent]\n|move|p2a: Tornadus|Bleakwind Storm|p1b: Dipplin\n|-supereffective|p1b: Dipplin\n|-damage|p1b: Dipplin|0 fnt\n|faint|p1b: Dipplin\n|\n|upkeep\n|\n|t:|1697841069\n|switch|p1a: Rotom|Rotom-Heat|100\/100\n|switch|p1b: Ogerpon|Ogerpon, F|100\/100\n|turn|8\n|\n|t:|1697841085\n|move|p2b: Ogerpon|Ivy Cudgel|p1a: Rotom\n|-supereffective|p1a: Rotom\n|-damage|p1a: Rotom|0 fnt\n|faint|p1a: Rotom\n|move|p2a: Tornadus|Bleakwind Storm|p1b: Ogerpon\n|-supereffective|p1b: Ogerpon\n|-damage|p1b: Ogerpon|0 fnt\n|faint|p1b: Ogerpon\n|\n|win|RogueLax\n|raw|The Wubs's rating: 1231 &rarr; <strong>1208<\/strong><br \/>(-23 for losing)\n|raw|RogueLax's rating: 1259 &rarr; <strong>1282<\/strong><br \/>(+23 for winning)\n|l|\u2606The Wubs\n","uploadtime":1697841094,"views":10,"p1id":"thewubs","p2id":"roguelax","formatid":"gen9doublesou","rating":1208,"private":0,"password":""}