{"id":"gen9doublesou-1982279134","p1":"c3l3b","p2":"whoszane","format":"[Gen 9] Doubles OU","log":"|j|\u2606c3l3b\n|j|\u203dwhoszane\n|t:|1698988903\n|gametype|doubles\n|player|p1|c3l3b|169|1345\n|player|p2|whoszane|102|1264\n|teamsize|p1|6\n|teamsize|p2|6\n|gen|9\n|tier|[Gen 9] Doubles OU\n|rated|\n|rule|Species Clause: Limit one of each Pok\u00e9mon\n|rule|OHKO Clause: OHKO moves are banned\n|rule|Evasion Moves Clause: Evasion moves are banned\n|rule|Gravity Sleep Clause: The combination of sleep-inducing moves with imperfect accuracy and Gravity or Gigantamax Orbeetle are banned\n|rule|Endless Battle Clause: Forcing endless battles is banned\n|rule|HP Percentage Mod: HP is shown in percentages\n|clearpoke\n|poke|p1|Clefairy, M|\n|poke|p1|Snorlax, F|\n|poke|p1|Sinistcha|\n|poke|p1|Landorus-Therian, M|\n|poke|p1|Kommo-o, M|\n|poke|p1|Iron Hands|\n|poke|p2|Armarouge, F|\n|poke|p2|Dragapult, F|\n|poke|p2|Indeedee-F, F|\n|poke|p2|Kingambit, F|\n|poke|p2|Ursaluna, F|\n|poke|p2|Sinistcha-Masterpiece|\n|teampreview\n|\n|t:|1698988919\n|start\n|switch|p1a: Kommo-o|Kommo-o, M, shiny|100\/100\n|switch|p1b: Clefairy|Clefairy, M, shiny|100\/100\n|switch|p2a: Dragapult|Dragapult, F|100\/100\n|switch|p2b: Armarouge|Armarouge, F|100\/100\n|turn|1\n|\n|t:|1698988934\n|-terastallize|p1a: Kommo-o|Steel\n|-terastallize|p2b: Armarouge|Psychic\n|move|p2a: Dragapult|U-turn|p2b: Armarouge\n|-supereffective|p2b: Armarouge\n|-damage|p2b: Armarouge|71\/100\n|-ability|p2b: Armarouge|Weak Armor|boost\n|-unboost|p2b: Armarouge|def|1\n|-boost|p2b: Armarouge|spe|2\n|-enditem|p2b: Armarouge|Weakness Policy\n|-boost|p2b: Armarouge|atk|2|[from] item: Weakness Policy\n|-boost|p2b: Armarouge|spa|2|[from] item: Weakness Policy\n|\n|t:|1698988945\n|switch|p2a: Indeedee|Indeedee-F, F|100\/100|[from] U-turn\n|-fieldstart|move: Psychic Terrain|[from] ability: Psychic Surge|[of] p2a: Indeedee\n|-enditem|p2a: Indeedee|Psychic Seed\n|-boost|p2a: Indeedee|spd|1|[from] item: Psychic Seed\n|move|p2b: Armarouge|Expanding Force|p1a: Kommo-o|[spread] p1a,p1b\n|-resisted|p1a: Kommo-o\n|-damage|p1a: Kommo-o|28\/100\n|-damage|p1b: Clefairy|0 fnt\n|faint|p1b: Clefairy\n|move|p1a: Kommo-o|Clangorous Soul||[still]\n|-fail|p1a: Kommo-o\n|\n|upkeep\n|\n|t:|1698988956\n|switch|p1b: Sinistcha|Sinistcha, shiny|100\/100\n|-heal|p1a: Kommo-o|53\/100|[from] ability: Hospitality|[of] p1b: Sinistcha\n|turn|2\n|\n|t:|1698988966\n|switch|p1b: Iron Hands|Iron Hands|100\/100\n|move|p2a: Indeedee|Helping Hand|p2b: Armarouge\n|-singleturn|p2b: Armarouge|Helping Hand|[of] p2a: Indeedee\n|move|p1a: Kommo-o|Protect|p1a: Kommo-o\n|-singleturn|p1a: Kommo-o|Protect\n|move|p2b: Armarouge|Heat Wave|p1b: Iron Hands|[spread] \n|-activate|p1a: Kommo-o|move: Protect\n|-miss|p2b: Armarouge|p1b: Iron Hands\n|\n|upkeep\n|turn|3\n|\n|t:|1698988988\n|move|p2a: Indeedee|Helping Hand|p2b: Armarouge\n|-singleturn|p2b: Armarouge|Helping Hand|[of] p2a: Indeedee\n|move|p1b: Iron Hands|Fake Out|p2b: Armarouge\n|-activate|p2b: Armarouge|move: Psychic Terrain\n|move|p2b: Armarouge|Expanding Force|p1a: Kommo-o|[spread] p1a,p1b\n|-resisted|p1a: Kommo-o\n|-supereffective|p1b: Iron Hands\n|-damage|p1a: Kommo-o|0 fnt\n|-damage|p1b: Iron Hands|0 fnt\n|faint|p1a: Kommo-o\n|faint|p1b: Iron Hands\n|-end|p1b: Iron Hands|Quark Drive|[silent]\n|\n|upkeep\n|\n|t:|1698989005\n|switch|p1a: Snorlax|Snorlax, F, shiny|100\/100\n|switch|p1b: Landorus|Landorus-Therian, M, shiny|100\/100\n|-ability|p1b: Landorus|Intimidate|boost\n|-unboost|p2a: Indeedee|atk|1\n|-unboost|p2b: Armarouge|atk|1\n|turn|4\n|\n|t:|1698989020\n|move|p2a: Indeedee|Helping Hand|p2b: Armarouge\n|-singleturn|p2b: Armarouge|Helping Hand|[of] p2a: Indeedee\n|move|p1b: Landorus|Rock Slide|p2b: Armarouge|[spread] p2a\n|-miss|p1b: Landorus|p2b: Armarouge\n|-damage|p2a: Indeedee|75\/100\n|move|p2b: Armarouge|Expanding Force|p1b: Landorus|[spread] p1a,p1b\n|-damage|p1a: Snorlax|0 fnt\n|-damage|p1b: Landorus|0 fnt\n|faint|p1a: Snorlax\n|faint|p1b: Landorus\n|\n|upkeep\n|\n|t:|1698989033\n|switch|p1a: Sinistcha|Sinistcha, shiny|100\/100\n|turn|5\n|\n|t:|1698989047\n|move|p2a: Indeedee|Helping Hand|p2b: Armarouge\n|-singleturn|p2b: Armarouge|Helping Hand|[of] p2a: Indeedee\n|move|p2b: Armarouge|Heat Wave|p1a: Sinistcha\n|-supereffective|p1a: Sinistcha\n|-damage|p1a: Sinistcha|0 fnt\n|faint|p1a: Sinistcha\n|\n|win|whoszane\n|raw|c3l3b's rating: 1345 &rarr; <strong>1320<\/strong><br \/>(-25 for losing)\n|raw|whoszane's rating: 1264 &rarr; <strong>1295<\/strong><br \/>(+31 for winning)\n|l|\u2606c3l3b\n","uploadtime":1698990796,"views":25,"p1id":"c3l3b","p2id":"whoszane","formatid":"gen9doublesou","rating":1295,"private":0,"password":""}