{"id":"gen9doublesou-1974784882","p1":"QuackyQT","p2":"Liechi1234","format":"[Gen 9] Doubles OU","log":"|j|\u2606QuackyQT\n|j|\u2606Liechi1234\n|t:|1698123990\n|gametype|doubles\n|player|p1|QuackyQT|elesa|1353\n|player|p2|Liechi1234|giovanni-masters|1377\n|teamsize|p1|6\n|teamsize|p2|6\n|gen|9\n|tier|[Gen 9] Doubles OU\n|rated|\n|rule|Species Clause: Limit one of each Pok\u00e9mon\n|rule|OHKO Clause: OHKO moves are banned\n|rule|Evasion Moves Clause: Evasion moves are banned\n|rule|Gravity Sleep Clause: The combination of sleep-inducing moves with imperfect accuracy and Gravity or Gigantamax Orbeetle are banned\n|rule|Endless Battle Clause: Forcing endless battles is banned\n|rule|HP Percentage Mod: HP is shown in percentages\n|clearpoke\n|poke|p1|Roaring Moon|\n|poke|p1|Arcanine-Hisui, F|\n|poke|p1|Rillaboom, F|\n|poke|p1|Tornadus, M|\n|poke|p1|Sinistcha-Masterpiece|\n|poke|p1|Ninetales-Alola, M|\n|poke|p2|Flutter Mane|\n|poke|p2|Rillaboom, M|\n|poke|p2|Landorus, M|\n|poke|p2|Iron Hands|\n|poke|p2|Walking Wake|\n|poke|p2|Chien-Pao|\n|teampreview\n|inactive|Battle timer is ON: inactive players will automatically lose when time's up. (requested by Liechi1234)\n|\n|t:|1698124006\n|start\n|switch|p1a: Roaring Moon|Roaring Moon|100\/100\n|switch|p1b: Ninetales|Ninetales-Alola, M|100\/100\n|switch|p2a: Iron Hands|Iron Hands, shiny|100\/100\n|switch|p2b: Chien-Pao|Chien-Pao|100\/100\n|-ability|p2b: Chien-Pao|Sword of Ruin\n|-weather|Snow|[from] ability: Snow Warning|[of] p1b: Ninetales\n|-enditem|p1a: Roaring Moon|Booster Energy\n|-activate|p1a: Roaring Moon|ability: Protosynthesis|[fromitem]\n|-start|p1a: Roaring Moon|protosynthesisspe\n|turn|1\n|inactive|QuackyQT has 120 seconds left.\n|\n|t:|1698124038\n|move|p2a: Iron Hands|Fake Out|p1a: Roaring Moon\n|-damage|p1a: Roaring Moon|72\/100\n|cant|p1a: Roaring Moon|flinch\n|move|p2b: Chien-Pao|Sacred Sword|p1a: Roaring Moon\n|-supereffective|p1a: Roaring Moon\n|-damage|p1a: Roaring Moon|0 fnt\n|faint|p1a: Roaring Moon\n|-end|p1a: Roaring Moon|Protosynthesis|[silent]\n|-damage|p2b: Chien-Pao|91\/100|[from] item: Life Orb\n|move|p1b: Ninetales|Moonblast|p2b: Chien-Pao\n|-supereffective|p2b: Chien-Pao\n|-damage|p2b: Chien-Pao|1\/100\n|-unboost|p2b: Chien-Pao|spa|1\n|\n|-weather|Snow|[upkeep]\n|upkeep\n|inactive|QuackyQT has 120 seconds left.\n|\n|t:|1698124057\n|switch|p1a: Tornadus|Tornadus, M|100\/100\n|turn|2\n|\n|t:|1698124066\n|move|p2b: Chien-Pao|Protect|p2b: Chien-Pao\n|-singleturn|p2b: Chien-Pao|Protect\n|move|p1a: Tornadus|Tailwind|p1a: Tornadus\n|-sidestart|p1: QuackyQT|move: Tailwind\n|move|p1b: Ninetales|Moonblast|p2b: Chien-Pao\n|-activate|p2b: Chien-Pao|move: Protect\n|move|p2a: Iron Hands|Wild Charge|p1a: Tornadus\n|-supereffective|p1a: Tornadus\n|-damage|p1a: Tornadus|0 fnt\n|faint|p1a: Tornadus\n|-damage|p2a: Iron Hands|80\/100|[from] Recoil\n|\n|-weather|Snow|[upkeep]\n|upkeep\n|\n|t:|1698124073\n|switch|p1a: Rillaboom|Rillaboom, F|100\/100\n|-fieldstart|move: Grassy Terrain|[from] ability: Grassy Surge|[of] p1a: Rillaboom\n|turn|3\n|\n|t:|1698124083\n|switch|p2b: Flutter Mane|Flutter Mane, shiny|100\/100\n|move|p1a: Rillaboom|U-turn|p2b: Flutter Mane\n|-resisted|p2b: Flutter Mane\n|-damage|p2b: Flutter Mane|89\/100\n|\n|t:|1698124092\n|switch|p1a: Arcanine|Arcanine-Hisui, F|100\/100|[from] U-turn\n|-ability|p1a: Arcanine|Intimidate|boost\n|-unboost|p2a: Iron Hands|atk|1\n|-unboost|p2b: Flutter Mane|atk|1\n|move|p1b: Ninetales|Moonblast|p2a: Iron Hands\n|-supereffective|p2a: Iron Hands\n|-damage|p2a: Iron Hands|52\/100\n|-unboost|p2a: Iron Hands|spa|1\n|move|p2a: Iron Hands|Ice Punch|p1a: Arcanine\n|-resisted|p1a: Arcanine\n|-damage|p1a: Arcanine|87\/100\n|\n|-weather|Snow|[upkeep]\n|-heal|p1a: Arcanine|93\/100|[from] Grassy Terrain\n|-heal|p2b: Flutter Mane|95\/100|[from] Grassy Terrain\n|-heal|p2a: Iron Hands|58\/100|[from] Grassy Terrain\n|upkeep\n|turn|4\n|\n|t:|1698124110\n|move|p1a: Arcanine|Head Smash|p2b: Flutter Mane\n|-damage|p2b: Flutter Mane|0 fnt\n|faint|p2b: Flutter Mane\n|-end|p2b: Flutter Mane|Protosynthesis|[silent]\n|-damage|p1a: Arcanine|57\/100|[from] Recoil\n|move|p1b: Ninetales|Aurora Veil|p1b: Ninetales\n|-sidestart|p1: QuackyQT|move: Aurora Veil\n|move|p2a: Iron Hands|Close Combat|p1a: Arcanine\n|-supereffective|p1a: Arcanine\n|-damage|p1a: Arcanine|0 fnt\n|-unboost|p2a: Iron Hands|def|1\n|-unboost|p2a: Iron Hands|spd|1\n|faint|p1a: Arcanine\n|\n|-weather|Snow|[upkeep]\n|-heal|p2a: Iron Hands|64\/100|[from] Grassy Terrain\n|upkeep\n|\n|t:|1698124123\n|switch|p2b: Rillaboom|Rillaboom, M, shiny|100\/100\n|switch|p1a: Rillaboom|Rillaboom, F|100\/100\n|turn|5\n|\n|t:|1698124141\n|move|p1a: Rillaboom|Fake Out|p2b: Rillaboom\n|-damage|p2b: Rillaboom|88\/100\n|cant|p2b: Rillaboom|flinch\n|move|p1b: Ninetales|Blizzard|p2a: Iron Hands|[spread] p2a,p2b\n|-supereffective|p2b: Rillaboom\n|-damage|p2a: Iron Hands|44\/100\n|-damage|p2b: Rillaboom|30\/100\n|move|p2a: Iron Hands|Ice Punch|p1a: Rillaboom\n|-supereffective|p1a: Rillaboom\n|-damage|p1a: Rillaboom|73\/100\n|\n|-weather|none\n|-heal|p1a: Rillaboom|79\/100|[from] Grassy Terrain\n|-heal|p1a: Rillaboom|85\/100|[from] item: Leftovers\n|-heal|p2b: Rillaboom|36\/100|[from] Grassy Terrain\n|-heal|p2a: Iron Hands|50\/100|[from] Grassy Terrain\n|-sideend|p1: QuackyQT|move: Tailwind\n|upkeep\n|turn|6\n|\n|t:|1698124176\n|-terastallize|p2a: Iron Hands|Grass\n|move|p1a: Rillaboom|U-turn|p2b: Rillaboom\n|-supereffective|p2b: Rillaboom\n|-damage|p2b: Rillaboom|0 fnt\n|faint|p2b: Rillaboom\n|\n|t:|1698124180\n|switch|p1a: Sinistcha|Sinistcha-Masterpiece|100\/100|[from] U-turn\n|move|p1b: Ninetales|Moonblast|p2a: Iron Hands\n|-damage|p2a: Iron Hands|28\/100\n|move|p2a: Iron Hands|Ice Punch|p1a: Sinistcha\n|-supereffective|p1a: Sinistcha\n|-damage|p1a: Sinistcha|74\/100\n|\n|-heal|p1a: Sinistcha|80\/100|[from] Grassy Terrain\n|-heal|p2a: Iron Hands|34\/100|[from] Grassy Terrain\n|upkeep\n|\n|t:|1698124188\n|switch|p2b: Landorus|Landorus, M, shiny|100\/100\n|turn|7\n|\n|t:|1698124203\n|-end|p2a: Iron Hands|Quark Drive|[silent]\n|switch|p2a: Chien-Pao|Chien-Pao|1\/100\n|-ability|p2a: Chien-Pao|Sword of Ruin\n|move|p2b: Landorus|Protect|p2b: Landorus\n|-singleturn|p2b: Landorus|Protect\n|move|p1b: Ninetales|Blizzard|p2a: Chien-Pao|[spread] p2a\n|-activate|p2b: Landorus|move: Protect\n|-resisted|p2a: Chien-Pao\n|-damage|p2a: Chien-Pao|0 fnt\n|faint|p2a: Chien-Pao\n|move|p1a: Sinistcha|Shadow Ball|p2b: Landorus\n|-activate|p2b: Landorus|move: Protect\n|\n|-heal|p1a: Sinistcha|86\/100|[from] Grassy Terrain\n|-fieldend|move: Grassy Terrain\n|upkeep\n|\n|t:|1698124206\n|switch|p2a: Walking Wake|Walking Wake|100\/100\n|turn|8\n|\n|t:|1698124226\n|-terastallize|p1b: Ninetales|Water\n|move|p2a: Walking Wake|Flamethrower|p1b: Ninetales\n|-resisted|p1b: Ninetales\n|-damage|p1b: Ninetales|91\/100\n|-damage|p2a: Walking Wake|91\/100|[from] item: Life Orb\n|move|p2b: Landorus|Earth Power|p1b: Ninetales\n|-damage|p1b: Ninetales|54\/100\n|move|p1b: Ninetales|Moonblast|p2a: Walking Wake\n|-supereffective|p2a: Walking Wake\n|-damage|p2a: Walking Wake|27\/100\n|move|p1a: Sinistcha|Shadow Ball|p2a: Walking Wake\n|-damage|p2a: Walking Wake|0 fnt\n|faint|p2a: Walking Wake\n|-end|p2a: Walking Wake|Protosynthesis|[silent]\n|\n|-sideend|p1: QuackyQT|move: Aurora Veil\n|upkeep\n|\n|t:|1698124229\n|switch|p2a: Iron Hands|Iron Hands, shiny, tera:Grass|34\/100\n|turn|9\n|\n|t:|1698124249\n|switch|p1b: Rillaboom|Rillaboom, F|85\/100\n|-fieldstart|move: Grassy Terrain|[from] ability: Grassy Surge|[of] p1b: Rillaboom\n|move|p2b: Landorus|Sludge Bomb|p1a: Sinistcha\n|-damage|p1a: Sinistcha|28\/100\n|-enditem|p1a: Sinistcha|Sitrus Berry|[eat]\n|-heal|p1a: Sinistcha|53\/100|[from] item: Sitrus Berry\n|move|p1a: Sinistcha|Shadow Ball|p2a: Iron Hands\n|-damage|p2a: Iron Hands|11\/100\n|move|p2a: Iron Hands|Wild Charge|p1b: Rillaboom\n|-resisted|p1b: Rillaboom\n|-crit|p1b: Rillaboom\n|-damage|p1b: Rillaboom|43\/100\n|-damage|p2a: Iron Hands|2\/100|[from] Recoil\n|\n|-heal|p1b: Rillaboom|49\/100|[from] Grassy Terrain\n|-heal|p1b: Rillaboom|56\/100|[from] item: Leftovers\n|-heal|p1a: Sinistcha|59\/100|[from] Grassy Terrain\n|-heal|p2a: Iron Hands|8\/100|[from] Grassy Terrain\n|upkeep\n|turn|10\n|\n|t:|1698124271\n|move|p1b: Rillaboom|Fake Out|p2b: Landorus\n|-damage|p2b: Landorus|87\/100\n|cant|p2b: Landorus|flinch\n|move|p1a: Sinistcha|Shadow Ball|p2a: Iron Hands\n|-damage|p2a: Iron Hands|0 fnt\n|faint|p2a: Iron Hands\n|-end|p2a: Iron Hands|Quark Drive|[silent]\n|\n|-heal|p1b: Rillaboom|62\/100|[from] Grassy Terrain\n|-heal|p1b: Rillaboom|68\/100|[from] item: Leftovers\n|-heal|p1a: Sinistcha|65\/100|[from] Grassy Terrain\n|upkeep\n|turn|11\n|\n|t:|1698124285\n|move|p1b: Rillaboom|Grassy Glide|p2b: Landorus\n|-damage|p2b: Landorus|46\/100\n|move|p2b: Landorus|Sludge Bomb|p1b: Rillaboom\n|-supereffective|p1b: Rillaboom\n|-damage|p1b: Rillaboom|0 fnt\n|faint|p1b: Rillaboom\n|move|p1a: Sinistcha|Shadow Ball|p2b: Landorus\n|-damage|p2b: Landorus|0 fnt\n|faint|p2b: Landorus\n|\n|win|QuackyQT\n|raw|QuackyQT's rating: 1353 &rarr; <strong>1374<\/strong><br \/>(+21 for winning)\n|raw|Liechi1234's rating: 1377 &rarr; <strong>1356<\/strong><br \/>(-21 for losing)\n|c|\u2606QuackyQT|gg\n|l|\u2606Liechi1234\n","uploadtime":1698124295,"views":25,"p1id":"quackyqt","p2id":"liechi1234","formatid":"gen9doublesou","rating":1356,"private":0,"password":""}