{"id":"gen9doublesou-1995154320","p1":"vegetasfeet","p2":"SameAstolfo","format":"[Gen 9] Doubles OU","log":"|j|\u2606vegetasfeet\n|j|\u2606SameAstolfo\n|t:|1700528637\n|gametype|doubles\n|player|p1|vegetasfeet|brycen|1316\n|player|p2|SameAstolfo|hilda|1434\n|teamsize|p1|6\n|teamsize|p2|6\n|gen|9\n|tier|[Gen 9] Doubles OU\n|rated|\n|rule|Species Clause: Limit one of each Pok\u00e9mon\n|rule|OHKO Clause: OHKO moves are banned\n|rule|Evasion Moves Clause: Evasion moves are banned\n|rule|Gravity Sleep Clause: The combination of sleep-inducing moves with imperfect accuracy and Gravity or Gigantamax Orbeetle are banned\n|rule|Endless Battle Clause: Forcing endless battles is banned\n|rule|HP Percentage Mod: HP is shown in percentages\n|clearpoke\n|poke|p1|Dragapult, M|\n|poke|p1|Tinkaton, F|\n|poke|p1|Iron Bundle|\n|poke|p1|Landorus-Therian, M|\n|poke|p1|Goodra-Hisui, F|\n|poke|p1|Ogerpon-Wellspring, F|\n|poke|p2|Iron Bundle|\n|poke|p2|Indeedee-F, F|\n|poke|p2|Chi-Yu|\n|poke|p2|Armarouge, F|\n|poke|p2|Spectrier|\n|poke|p2|Amoonguss, F|\n|teampreview\n|inactive|Battle timer is ON: inactive players will automatically lose when time's up. (requested by vegetasfeet)\n|\n|t:|1700528650\n|start\n|switch|p1a: Dragapult|Dragapult, M, shiny|100\/100\n|switch|p1b: Goodra|Goodra-Hisui, F|100\/100\n|switch|p2a: Iron Bundle|Iron Bundle|100\/100\n|switch|p2b: Armarouge|Armarouge, F|100\/100\n|turn|1\n|\n|t:|1700528669\n|move|p1a: Dragapult|Sucker Punch|p2b: Armarouge\n|-supereffective|p2b: Armarouge\n|-damage|p2b: Armarouge|18\/100\n|-ability|p2b: Armarouge|Weak Armor|boost\n|-unboost|p2b: Armarouge|def|1\n|-boost|p2b: Armarouge|spe|2\n|-enditem|p2b: Armarouge|Weakness Policy\n|-boost|p2b: Armarouge|atk|2|[from] item: Weakness Policy\n|-boost|p2b: Armarouge|spa|2|[from] item: Weakness Policy\n|move|p2b: Armarouge|Expanding Force|p1a: Dragapult\n|-damage|p1a: Dragapult|0 fnt\n|faint|p1a: Dragapult\n|move|p2a: Iron Bundle|Flip Turn|p2b: Armarouge\n|-supereffective|p2b: Armarouge\n|-damage|p2b: Armarouge|0 fnt\n|faint|p2b: Armarouge\n|c|\u2606SameAstolfo|\u00d4i ko\n|\n|t:|1700528688\n|-end|p2a: Iron Bundle|Quark Drive|[silent]\n|switch|p2a: Amoonguss|Amoonguss, F|100\/100|[from] Flip Turn\n|move|p1b: Goodra|Heavy Slam|p2a: Amoonguss\n|-damage|p2a: Amoonguss|59\/100\n|\n|upkeep\n|\n|t:|1700528702\n|switch|p1a: Iron Bundle|Iron Bundle, shiny|100\/100\n|switch|p2b: Iron Bundle|Iron Bundle|100\/100\n|-enditem|p1a: Iron Bundle|Booster Energy\n|-activate|p1a: Iron Bundle|ability: Quark Drive|[fromitem]\n|-start|p1a: Iron Bundle|quarkdrivespe\n|turn|2\n|l|\u2606SameAstolfo\n|inactive|SameAstolfo disconnected and has a minute to reconnect!\n|player|p2|\n|inactive|SameAstolfo has 30 seconds to reconnect!\n|j|\u2606SameAstolfo\n|inactive|SameAstolfo reconnected and has 100 seconds left.\n|player|p2|SameAstolfo|hilda\n|\n|t:|1700528758\n|move|p1a: Iron Bundle|Protect|p1a: Iron Bundle\n|-singleturn|p1a: Iron Bundle|Protect\n|move|p2a: Amoonguss|Rage Powder|p2a: Amoonguss\n|-singleturn|p2a: Amoonguss|move: Rage Powder\n|move|p2b: Iron Bundle|Freeze-Dry|p1a: Iron Bundle\n|-activate|p1a: Iron Bundle|move: Protect\n|move|p1b: Goodra|Acid Armor|p1b: Goodra\n|-boost|p1b: Goodra|def|2\n|\n|upkeep\n|turn|3\n|\n|t:|1700528777\n|-end|p1a: Iron Bundle|Quark Drive|[silent]\n|switch|p1a: Tinkaton|Tinkaton, F, shiny|100\/100\n|move|p2a: Amoonguss|Rage Powder|p2a: Amoonguss\n|-singleturn|p2a: Amoonguss|move: Rage Powder\n|move|p2b: Iron Bundle|Freeze-Dry|p1a: Tinkaton\n|-resisted|p1a: Tinkaton\n|-damage|p1a: Tinkaton|81\/100\n|move|p1b: Goodra|Body Press|p2a: Amoonguss\n|-resisted|p2a: Amoonguss\n|-damage|p2a: Amoonguss|34\/100\n|-enditem|p2a: Amoonguss|Sitrus Berry|[eat]\n|-heal|p2a: Amoonguss|59\/100|[from] item: Sitrus Berry\n|\n|-heal|p1a: Tinkaton|87\/100|[from] item: Leftovers\n|upkeep\n|turn|4\n|\n|t:|1700528790\n|move|p1a: Tinkaton|Fake Out|p2a: Amoonguss\n|-damage|p2a: Amoonguss|49\/100\n|move|p2b: Iron Bundle|Hydro Pump|p1a: Tinkaton|[miss]\n|-miss|p2b: Iron Bundle|p1a: Tinkaton\n|move|p1b: Goodra|Body Press|p2b: Iron Bundle\n|-supereffective|p2b: Iron Bundle\n|-damage|p2b: Iron Bundle|0 fnt\n|faint|p2b: Iron Bundle\n|-end|p2b: Iron Bundle|Quark Drive|[silent]\n|cant|p2a: Amoonguss|flinch\n|\n|-heal|p1a: Tinkaton|93\/100|[from] item: Leftovers\n|upkeep\n|\n|t:|1700528800\n|switch|p2b: Chi-Yu|Chi-Yu|100\/100\n|-ability|p2b: Chi-Yu|Beads of Ruin\n|turn|5\n|\n|t:|1700528814\n|move|p1a: Tinkaton|Protect|p1a: Tinkaton\n|-singleturn|p1a: Tinkaton|Protect\n|move|p2b: Chi-Yu|Heat Wave|p1b: Goodra|[spread] \n|-activate|p1a: Tinkaton|move: Protect\n|-miss|p2b: Chi-Yu|p1b: Goodra\n|move|p1b: Goodra|Body Press|p2b: Chi-Yu\n|-supereffective|p2b: Chi-Yu\n|-damage|p2b: Chi-Yu|0 fnt\n|faint|p2b: Chi-Yu\n|move|p2a: Amoonguss|Synthesis|p2a: Amoonguss\n|-heal|p2a: Amoonguss|99\/100\n|\n|-heal|p1a: Tinkaton|99\/100|[from] item: Leftovers\n|upkeep\n|\n|t:|1700528825\n|switch|p2b: Spectrier|Spectrier|100\/100\n|turn|6\n|\n|t:|1700528842\n|move|p2b: Spectrier|Shadow Ball|p1a: Tinkaton\n|-damage|p1a: Tinkaton|30\/100\n|move|p1a: Tinkaton|Play Rough|p2b: Spectrier\n|-damage|p2b: Spectrier|54\/100\n|-unboost|p2b: Spectrier|atk|1\n|move|p1b: Goodra|Heavy Slam|p2b: Spectrier\n|-damage|p2b: Spectrier|0 fnt\n|faint|p2b: Spectrier\n|move|p2a: Amoonguss|Spore|p1b: Goodra\n|-ability|p1b: Goodra|Sap Sipper|boost\n|-boost|p1b: Goodra|atk|1\n|\n|-heal|p1a: Tinkaton|36\/100|[from] item: Leftovers\n|upkeep\n|\n|t:|1700528852\n|switch|p2b: Indeedee|Indeedee-F, F|100\/100\n|-fieldstart|move: Psychic Terrain|[from] ability: Psychic Surge|[of] p2b: Indeedee\n|turn|7\n|-message|SameAstolfo forfeited.\n|\n|win|vegetasfeet\n|raw|vegetasfeet's rating: 1316 &rarr; <strong>1343<\/strong><br \/>(+27 for winning)\n|raw|SameAstolfo's rating: 1434 &rarr; <strong>1407<\/strong><br \/>(-27 for losing)\n|l|\u2606SameAstolfo\n","uploadtime":1700528858,"views":2,"p1id":"vegetasfeet","p2id":"sameastolfo","formatid":"gen9doublesou","rating":1343,"private":0,"password":""}