{"id":"gen9doublesou-1980932747","p1":"Breator","p2":"UY QUE RICO PAPI!","format":"[Gen 9] Doubles OU","log":"|j|\u2606Breator\n|j|\u2606UY QUE RICO PAPI!\n|t:|1698850137\n|gametype|doubles\n|player|p1|Breator|2|1317\n|player|p2|UY QUE RICO PAPI!|102|1334\n|teamsize|p1|6\n|teamsize|p2|6\n|gen|9\n|tier|[Gen 9] Doubles OU\n|rated|\n|rule|Species Clause: Limit one of each Pok\u00e9mon\n|rule|OHKO Clause: OHKO moves are banned\n|rule|Evasion Moves Clause: Evasion moves are banned\n|rule|Gravity Sleep Clause: The combination of sleep-inducing moves with imperfect accuracy and Gravity or Gigantamax Orbeetle are banned\n|rule|Endless Battle Clause: Forcing endless battles is banned\n|rule|HP Percentage Mod: HP is shown in percentages\n|clearpoke\n|poke|p1|Armarouge, F|\n|poke|p1|Palafin, F|\n|poke|p1|Torkoal, F|\n|poke|p1|Iron Hands|\n|poke|p1|Flutter Mane|\n|poke|p1|Ursaluna, F|\n|poke|p2|Trevenant, F|\n|poke|p2|Grimmsnarl, M|\n|poke|p2|Garganacl, F|\n|poke|p2|Ting-Lu|\n|poke|p2|Cresselia, F|\n|poke|p2|Glimmora, M|\n|teampreview\n|inactive|Battle timer is ON: inactive players will automatically lose when time's up. (requested by Breator)\n|\n|t:|1698850151\n|start\n|switch|p1a: Armarouge|Armarouge, F|100\/100\n|switch|p1b: Palafin|Palafin, F|100\/100\n|switch|p2a: Grimmsnarl|Grimmsnarl, M|100\/100\n|switch|p2b: Ting-Lu|Ting-Lu|100\/100\n|-ability|p2b: Ting-Lu|Vessel of Ruin\n|turn|1\n|\n|t:|1698850167\n|move|p2a: Grimmsnarl|Reflect|p2a: Grimmsnarl\n|-sidestart|p2: UY QUE RICO PAPI!|Reflect\n|move|p1b: Palafin|Flip Turn|p1a: Armarouge\n|-supereffective|p1a: Armarouge\n|-damage|p1a: Armarouge|54\/100\n|-ability|p1a: Armarouge|Weak Armor|boost\n|-unboost|p1a: Armarouge|def|1\n|-boost|p1a: Armarouge|spe|2\n|-enditem|p1a: Armarouge|Weakness Policy\n|-boost|p1a: Armarouge|atk|2|[from] item: Weakness Policy\n|-boost|p1a: Armarouge|spa|2|[from] item: Weakness Policy\n|\n|t:|1698850177\n|detailschange|p1b: Palafin|Palafin-Hero, F\n|switch|p1b: Torkoal|Torkoal, F|100\/100|[from] Flip Turn\n|-weather|SunnyDay|[from] ability: Drought|[of] p1b: Torkoal\n|move|p1a: Armarouge|Heat Wave|p2b: Ting-Lu|[spread] p2a,p2b\n|-damage|p2a: Grimmsnarl|0 fnt\n|-damage|p2b: Ting-Lu|35\/100\n|faint|p2a: Grimmsnarl\n|move|p2b: Ting-Lu|Spikes|p1b: Torkoal\n|-sidestart|p1: Breator|Spikes\n|\n|-weather|SunnyDay|[upkeep]\n|-heal|p2b: Ting-Lu|41\/100|[from] item: Leftovers\n|upkeep\n|\n|t:|1698850190\n|switch|p2a: Cresselia|Cresselia, F|100\/100\n|turn|2\n|\n|t:|1698850204\n|move|p2b: Ting-Lu|Protect|p2b: Ting-Lu\n|-singleturn|p2b: Ting-Lu|Protect\n|move|p1a: Armarouge|Heat Wave|p2a: Cresselia|[spread] p2a\n|-activate|p2b: Ting-Lu|move: Protect\n|-damage|p2a: Cresselia|42\/100\n|move|p2a: Cresselia|Light Screen|p2a: Cresselia\n|-sidestart|p2: UY QUE RICO PAPI!|move: Light Screen\n|move|p1b: Torkoal|Heat Wave|p2a: Cresselia|[spread] \n|-activate|p2b: Ting-Lu|move: Protect\n|-miss|p1b: Torkoal|p2a: Cresselia\n|\n|-weather|SunnyDay|[upkeep]\n|-heal|p2b: Ting-Lu|47\/100|[from] item: Leftovers\n|upkeep\n|turn|3\n|\n|t:|1698850223\n|move|p1a: Armarouge|Aura Sphere|p2b: Ting-Lu\n|-supereffective|p2b: Ting-Lu\n|-damage|p2b: Ting-Lu|2\/100\n|move|p2a: Cresselia|Lunar Blessing|p2a: Cresselia|[spread] p2a,p2b\n|-heal|p2a: Cresselia|67\/100\n|-heal|p2b: Ting-Lu|27\/100\n|move|p1b: Torkoal|Heat Wave|p2a: Cresselia|[spread] p2a,p2b\n|-damage|p2a: Cresselia|49\/100\n|-damage|p2b: Ting-Lu|4\/100\n|move|p2b: Ting-Lu|Whirlwind|p1a: Armarouge\n|drag|p1a: Ursaluna|Ursaluna, F, shiny|100\/100\n|-damage|p1a: Ursaluna|88\/100|[from] Spikes\n|\n|-weather|SunnyDay|[upkeep]\n|-heal|p2b: Ting-Lu|10\/100|[from] item: Leftovers\n|-status|p1a: Ursaluna|brn|[from] item: Flame Orb\n|upkeep\n|turn|4\n|\n|t:|1698850247\n|move|p2b: Ting-Lu|Protect|p2b: Ting-Lu\n|-singleturn|p2b: Ting-Lu|Protect\n|move|p2a: Cresselia|Lunar Blessing|p2a: Cresselia|[spread] p2a,p2b\n|-heal|p2a: Cresselia|74\/100\n|-heal|p2b: Ting-Lu|35\/100\n|move|p1a: Ursaluna|Facade|p2a: Cresselia\n|-damage|p2a: Cresselia|32\/100\n|move|p1b: Torkoal|Heat Wave|p2b: Ting-Lu|[spread] p2a\n|-activate|p2b: Ting-Lu|move: Protect\n|-damage|p2a: Cresselia|15\/100\n|\n|-weather|SunnyDay|[upkeep]\n|-heal|p2b: Ting-Lu|41\/100|[from] item: Leftovers\n|-damage|p1a: Ursaluna|82\/100 brn|[from] brn\n|upkeep\n|turn|5\n|\n|t:|1698850264\n|move|p2a: Cresselia|Lunar Blessing|p2a: Cresselia|[spread] p2a,p2b\n|-heal|p2a: Cresselia|40\/100\n|-heal|p2b: Ting-Lu|66\/100\n|move|p2b: Ting-Lu|Spikes|p1a: Ursaluna\n|-sidestart|p1: Breator|Spikes\n|move|p1a: Ursaluna|Facade|p2a: Cresselia\n|-damage|p2a: Cresselia|0 fnt\n|faint|p2a: Cresselia\n|move|p1b: Torkoal|Solar Beam||[still]\n|-prepare|p1b: Torkoal|Solar Beam\n|-anim|p1b: Torkoal|Solar Beam|p2b: Ting-Lu\n|-supereffective|p2b: Ting-Lu\n|-damage|p2b: Ting-Lu|38\/100\n|\n|-weather|none\n|-heal|p2b: Ting-Lu|44\/100|[from] item: Leftovers\n|-damage|p1a: Ursaluna|75\/100 brn|[from] brn\n|upkeep\n|\n|t:|1698850284\n|switch|p2a: Trevenant|Trevenant, F|100\/100\n|turn|6\n|\n|t:|1698850309\n|switch|p1b: Iron Hands|Iron Hands|100\/100\n|-damage|p1b: Iron Hands|84\/100|[from] Spikes\n|move|p2a: Trevenant|Leech Seed|p1b: Iron Hands\n|-start|p1b: Iron Hands|move: Leech Seed\n|move|p2b: Ting-Lu|Spikes|p1a: Ursaluna\n|-sidestart|p1: Breator|Spikes\n|move|p1a: Ursaluna|Facade|p2b: Ting-Lu\n|-damage|p2b: Ting-Lu|10\/100\n|\n|-heal|p2b: Ting-Lu|16\/100|[from] item: Leftovers\n|-damage|p1b: Iron Hands|71\/100|[from] Leech Seed|[of] p2a: Trevenant\n|-damage|p1a: Ursaluna|69\/100 brn|[from] brn\n|-sideend|p2: UY QUE RICO PAPI!|move: Light Screen\n|upkeep\n|turn|7\n|\n|t:|1698850331\n|move|p2b: Ting-Lu|Protect|p2b: Ting-Lu\n|-singleturn|p2b: Ting-Lu|Protect\n|move|p2a: Trevenant|Substitute|p2a: Trevenant\n|-start|p2a: Trevenant|Substitute\n|-damage|p2a: Trevenant|76\/100\n|move|p1b: Iron Hands|Drain Punch|p2b: Ting-Lu\n|-activate|p2b: Ting-Lu|move: Protect\n|move|p1a: Ursaluna|Swords Dance|p1a: Ursaluna\n|-boost|p1a: Ursaluna|atk|2\n|\n|-heal|p2b: Ting-Lu|22\/100|[from] item: Leftovers\n|-damage|p1b: Iron Hands|59\/100|[from] Leech Seed|[of] p2a: Trevenant\n|-heal|p2a: Trevenant|91\/100|[silent]\n|-damage|p1a: Ursaluna|63\/100 brn|[from] brn\n|upkeep\n|turn|8\n|\n|t:|1698850351\n|switch|p2b: Glimmora|Glimmora, M|100\/100\n|move|p2a: Trevenant|Curse|p1a: Ursaluna\n|-start|p1a: Ursaluna|Curse|[of] p2a: Trevenant\n|-damage|p2a: Trevenant|41\/100\n|-enditem|p2a: Trevenant|Sitrus Berry|[eat]\n|-heal|p2a: Trevenant|65\/100|[from] item: Sitrus Berry\n|move|p1b: Iron Hands|Drain Punch|p2b: Glimmora\n|-damage|p2b: Glimmora|77\/100\n|-heal|p1b: Iron Hands|68\/100|[from] drain|[of] p2b: Glimmora\n|-activate|p2b: Glimmora|ability: Toxic Debris\n|-sidestart|p1: Breator|move: Toxic Spikes\n|move|p1a: Ursaluna|Earthquake|p2a: Trevenant|[spread] p1b,p2a,p2b\n|-resisted|p2a: Trevenant\n|-end|p2a: Trevenant|Substitute\n|-supereffective|p1b: Iron Hands\n|-supereffective|p2b: Glimmora\n|-damage|p1b: Iron Hands|0 fnt\n|-damage|p2b: Glimmora|0 fnt\n|-activate|p2b: Glimmora|ability: Toxic Debris\n|-sidestart|p1: Breator|move: Toxic Spikes\n|faint|p1b: Iron Hands\n|-end|p1b: Iron Hands|Quark Drive|[silent]\n|faint|p2b: Glimmora\n|\n|-damage|p1a: Ursaluna|57\/100 brn|[from] brn\n|-damage|p1a: Ursaluna|32\/100 brn|[from] Curse\n|-sideend|p2: UY QUE RICO PAPI!|Reflect\n|upkeep\n|\n|t:|1698850378\n|switch|p2b: Garganacl|Garganacl, F|100\/100\n|switch|p1b: Palafin|Palafin-Hero, F|100\/100\n|-damage|p1b: Palafin|76\/100|[from] Spikes\n|-status|p1b: Palafin|tox\n|-activate|p1b: Palafin|ability: Zero to Hero\n|turn|9\n|\n|t:|1698850387\n|move|p2a: Trevenant|Protect|p2a: Trevenant\n|-singleturn|p2a: Trevenant|Protect\n|move|p2b: Garganacl|Protect|p2b: Garganacl\n|-singleturn|p2b: Garganacl|Protect\n|move|p1b: Palafin|Flip Turn|p2b: Garganacl\n|-activate|p2b: Garganacl|move: Protect\n|move|p1a: Ursaluna|Earthquake|p2b: Garganacl|[spread] p1b\n|-activate|p2a: Trevenant|move: Protect\n|-activate|p2b: Garganacl|move: Protect\n|-damage|p1b: Palafin|0 fnt\n|faint|p1b: Palafin\n|\n|-damage|p1a: Ursaluna|25\/100 brn|[from] brn\n|-damage|p1a: Ursaluna|0 fnt|[from] Curse\n|faint|p1a: Ursaluna\n|-item|p2a: Trevenant|Sitrus Berry|[from] ability: Harvest\n|upkeep\n|\n|t:|1698850398\n|switch|p1b: Armarouge|Armarouge, F|54\/100\n|switch|p1a: Torkoal|Torkoal, F|100\/100\n|-damage|p1b: Armarouge|29\/100|[from] Spikes\n|-status|p1b: Armarouge|tox\n|-damage|p1a: Torkoal|76\/100|[from] Spikes\n|-status|p1a: Torkoal|tox\n|-weather|SunnyDay|[from] ability: Drought|[of] p1a: Torkoal\n|turn|10\n|\n|t:|1698850417\n|switch|p2a: Ting-Lu|Ting-Lu|22\/100\n|-ability|p2a: Ting-Lu|Vessel of Ruin\n|move|p1b: Armarouge|Heat Wave|p2a: Ting-Lu|[spread] \n|-miss|p1b: Armarouge|p2a: Ting-Lu\n|-miss|p1b: Armarouge|p2b: Garganacl\n|move|p2b: Garganacl|Salt Cure|p1b: Armarouge\n|-supereffective|p1b: Armarouge\n|-damage|p1b: Armarouge|0 fnt\n|faint|p1b: Armarouge\n|move|p1a: Torkoal|Solar Beam||[still]\n|-prepare|p1a: Torkoal|Solar Beam\n|-anim|p1a: Torkoal|Solar Beam|p2b: Garganacl\n|-supereffective|p2b: Garganacl\n|-damage|p2b: Garganacl|50\/100\n|\n|-weather|SunnyDay|[upkeep]\n|-heal|p2a: Ting-Lu|28\/100|[from] item: Leftovers\n|-heal|p2b: Garganacl|57\/100|[from] item: Leftovers\n|-damage|p1a: Torkoal|70\/100 tox|[from] psn\n|upkeep\n|\n|t:|1698850433\n|switch|p1b: Flutter Mane|Flutter Mane|100\/100\n|-damage|p1b: Flutter Mane|76\/100|[from] Spikes\n|-status|p1b: Flutter Mane|tox\n|-activate|p1b: Flutter Mane|ability: Protosynthesis\n|-start|p1b: Flutter Mane|protosynthesisspe\n|turn|11\n|inactive|UY QUE RICO PAPI! has 120 seconds left.\n|\n|t:|1698850490\n|move|p2a: Ting-Lu|Protect|p2a: Ting-Lu\n|-singleturn|p2a: Ting-Lu|Protect\n|move|p2b: Garganacl|Protect|p2b: Garganacl\n|-singleturn|p2b: Garganacl|Protect\n|move|p1b: Flutter Mane|Energy Ball|p2a: Ting-Lu\n|-activate|p2a: Ting-Lu|move: Protect\n|move|p1a: Torkoal|Solar Beam||[still]\n|-prepare|p1a: Torkoal|Solar Beam\n|-anim|p1a: Torkoal|Solar Beam|p2b: Garganacl\n|-activate|p2b: Garganacl|move: Protect\n|\n|-weather|SunnyDay|[upkeep]\n|-heal|p2a: Ting-Lu|35\/100|[from] item: Leftovers\n|-heal|p2b: Garganacl|63\/100|[from] item: Leftovers\n|-damage|p1b: Flutter Mane|70\/100 tox|[from] psn\n|-damage|p1a: Torkoal|57\/100 tox|[from] psn\n|upkeep\n|turn|12\n|inactive|UY QUE RICO PAPI! has 90 seconds left.\n|\n|t:|1698850524\n|switch|p2a: Trevenant|Trevenant, F|65\/100\n|-terastallize|p2b: Garganacl|Ghost\n|move|p1b: Flutter Mane|Energy Ball|p2a: Trevenant\n|-resisted|p2a: Trevenant\n|-damage|p2a: Trevenant|42\/100\n|-enditem|p2a: Trevenant|Sitrus Berry|[eat]\n|-heal|p2a: Trevenant|67\/100|[from] item: Sitrus Berry\n|move|p2b: Garganacl|Salt Cure|p1b: Flutter Mane\n|-damage|p1b: Flutter Mane|49\/100 tox\n|-start|p1b: Flutter Mane|Salt Cure\n|move|p1a: Torkoal|Solar Beam||[still]\n|-prepare|p1a: Torkoal|Solar Beam\n|-anim|p1a: Torkoal|Solar Beam|p2b: Garganacl\n|-damage|p2b: Garganacl|30\/100\n|\n|-weather|SunnyDay|[upkeep]\n|-heal|p2b: Garganacl|36\/100|[from] item: Leftovers\n|-damage|p1b: Flutter Mane|37\/100 tox|[from] psn\n|-damage|p1a: Torkoal|39\/100 tox|[from] psn\n|-damage|p1b: Flutter Mane|24\/100 tox|[from] Salt Cure\n|-item|p2a: Trevenant|Sitrus Berry|[from] ability: Harvest\n|upkeep\n|turn|13\n|\n|t:|1698850546\n|move|p2a: Trevenant|Protect|p2a: Trevenant\n|-singleturn|p2a: Trevenant|Protect\n|move|p2b: Garganacl|Protect|p2b: Garganacl\n|-singleturn|p2b: Garganacl|Protect\n|move|p1b: Flutter Mane|Energy Ball|p2b: Garganacl\n|-activate|p2b: Garganacl|move: Protect\n|move|p1a: Torkoal|Heat Wave|p2a: Trevenant|[spread] \n|-activate|p2a: Trevenant|move: Protect\n|-activate|p2b: Garganacl|move: Protect\n|\n|-weather|SunnyDay|[upkeep]\n|-heal|p2b: Garganacl|42\/100|[from] item: Leftovers\n|-damage|p1b: Flutter Mane|6\/100 tox|[from] psn\n|-damage|p1a: Torkoal|14\/100 tox|[from] psn\n|-damage|p1b: Flutter Mane|0 fnt|[from] Salt Cure\n|faint|p1b: Flutter Mane\n|-end|p1b: Flutter Mane|Protosynthesis|[silent]\n|upkeep\n|turn|14\n|-message|Breator forfeited.\n|\n|win|UY QUE RICO PAPI!\n|raw|Breator's rating: 1317 &rarr; <strong>1298<\/strong><br \/>(-19 for losing)\n|raw|UY QUE RICO PAPI!'s rating: 1334 &rarr; <strong>1353<\/strong><br \/>(+19 for winning)\n|l|\u2606Breator\n","uploadtime":1698850565,"views":29,"p1id":"breator","p2id":"uyquericopapi","formatid":"gen9doublesou","rating":1298,"private":0,"password":""}