{"id":"gen9doublesou-1971191390","p1":"Sir Grandmaster","p2":"Trickroom4dumies","format":"[Gen 9] Doubles OU","log":"|j|\u2606Sir Grandmaster\n|j|\u2606Trickroom4dumies\n|inactive|Battle timer is ON: inactive players will automatically lose when time's up.\n|t:|1697718157\n|gametype|doubles\n|j|*Lady Monita \u263d\n|player|p1|Sir Grandmaster|ghetsis|\n|player|p2|Trickroom4dumies|hexmaniac-gen3|\n|teamsize|p1|6\n|teamsize|p2|6\n|gen|9\n|tier|[Gen 9] Doubles OU\n|rated|Tournament battle\n|rule|Species Clause: Limit one of each Pok\u00e9mon\n|rule|OHKO Clause: OHKO moves are banned\n|rule|Evasion Moves Clause: Evasion moves are banned\n|rule|Gravity Sleep Clause: The combination of sleep-inducing moves with imperfect accuracy and Gravity or Gigantamax Orbeetle are banned\n|rule|Endless Battle Clause: Forcing endless battles is banned\n|rule|HP Percentage Mod: HP is shown in percentages\n|clearpoke\n|poke|p1|Rillaboom, M|\n|poke|p1|Ogerpon-Hearthflame, F|\n|poke|p1|Chien-Pao|\n|poke|p1|Dragonite, M|\n|poke|p1|Flutter Mane|\n|poke|p1|Basculegion, M|\n|poke|p2|Grimmsnarl, M|\n|poke|p2|Enamorus-Therian, F|\n|poke|p2|Goodra-Hisui, F|\n|poke|p2|Mew|\n|poke|p2|Iron Hands|\n|poke|p2|Landorus-Therian, M|\n|teampreview\n|inactive|Sir Grandmaster has 120 seconds left.\n|j| XX_1nfinity_XX\n|l| XX_1nfinity_XX\n|inactive|Sir Grandmaster has 90 seconds left.\n|\n|t:|1697718235\n|start\n|switch|p1a: Rillaboom|Rillaboom, M|100\/100\n|switch|p1b: Ogerpon|Ogerpon-Hearthflame, F|100\/100\n|switch|p2a: Grimmsnarl|Grimmsnarl, M|100\/100\n|switch|p2b: Landorus|Landorus-Therian, M, shiny|100\/100\n|-ability|p1b: Ogerpon|Mold Breaker\n|-ability|p2b: Landorus|Intimidate|boost\n|-unboost|p1a: Rillaboom|atk|1\n|-unboost|p1b: Ogerpon|atk|1\n|-fieldstart|move: Grassy Terrain|[from] ability: Grassy Surge|[of] p1a: Rillaboom\n|turn|1\n|\n|t:|1697718262\n|switch|p2a: Goodra|Goodra-Hisui, F, shiny|100\/100\n|move|p1b: Ogerpon|Grassy Glide|p2b: Landorus\n|-damage|p2b: Landorus|71\/100\n|move|p1a: Rillaboom|Grassy Glide|p2a: Goodra\n|-resisted|p2a: Goodra\n|-damage|p2a: Goodra|95\/100\n|move|p2b: Landorus|Stealth Rock|p1b: Ogerpon\n|-sidestart|p1: Sir Grandmaster|move: Stealth Rock\n|\n|-heal|p2a: Goodra|100\/100|[from] Grassy Terrain\n|upkeep\n|turn|2\n|\n|t:|1697718284\n|move|p1b: Ogerpon|Grassy Glide|p2b: Landorus\n|-damage|p2b: Landorus|44\/100\n|-enditem|p2b: Landorus|Sitrus Berry|[eat]\n|-heal|p2b: Landorus|69\/100|[from] item: Sitrus Berry\n|move|p2b: Landorus|U-turn|p1b: Ogerpon\n|-damage|p1b: Ogerpon|73\/100\n|\n|t:|1697718293\n|switch|p2b: Grimmsnarl|Grimmsnarl, M|100\/100|[from] U-turn\n|move|p1a: Rillaboom|Wood Hammer|p2b: Grimmsnarl\n|-damage|p2b: Grimmsnarl|45\/100\n|-damage|p1a: Rillaboom|82\/100|[from] Recoil\n|move|p2a: Goodra|Acid Armor|p2a: Goodra\n|-boost|p2a: Goodra|def|2\n|\n|-heal|p1b: Ogerpon|79\/100|[from] Grassy Terrain\n|-heal|p1a: Rillaboom|88\/100|[from] Grassy Terrain\n|-heal|p2b: Grimmsnarl|52\/100|[from] Grassy Terrain\n|upkeep\n|turn|3\n|\n|t:|1697718311\n|switch|p2b: Landorus|Landorus-Therian, M, shiny|69\/100\n|-ability|p2b: Landorus|Intimidate|boost\n|-unboost|p1a: Rillaboom|atk|1\n|-unboost|p1b: Ogerpon|atk|1\n|move|p1b: Ogerpon|Grassy Glide|p2b: Landorus\n|-damage|p2b: Landorus|48\/100\n|move|p1a: Rillaboom|Grassy Glide|p2b: Landorus\n|-damage|p2b: Landorus|29\/100\n|move|p2a: Goodra|Acid Armor|p2a: Goodra\n|-boost|p2a: Goodra|def|2\n|\n|-heal|p1b: Ogerpon|85\/100|[from] Grassy Terrain\n|-heal|p1a: Rillaboom|94\/100|[from] Grassy Terrain\n|upkeep\n|turn|4\n|\n|t:|1697718338\n|move|p1b: Ogerpon|Grassy Glide|p2b: Landorus\n|-damage|p2b: Landorus|9\/100\n|move|p1a: Rillaboom|Grassy Glide|p2b: Landorus\n|-damage|p2b: Landorus|0 fnt\n|faint|p2b: Landorus\n|move|p2a: Goodra|Acid Armor|p2a: Goodra\n|-boost|p2a: Goodra|def|2\n|\n|-heal|p1b: Ogerpon|91\/100|[from] Grassy Terrain\n|-heal|p1a: Rillaboom|99\/100|[from] Grassy Terrain\n|upkeep\n|\n|t:|1697718344\n|switch|p2b: Mew|Mew, shiny|100\/100\n|turn|5\n|\n|t:|1697718356\n|switch|p1b: Dragonite|Dragonite, M|100\/100\n|-damage|p1b: Dragonite|76\/100|[from] Stealth Rock\n|move|p2b: Mew|Toxic Spikes|p1a: Rillaboom\n|-sidestart|p1: Sir Grandmaster|move: Toxic Spikes\n|move|p1a: Rillaboom|U-turn|p2b: Mew\n|-supereffective|p2b: Mew\n|-damage|p2b: Mew|77\/100\n|\n|t:|1697718360\n|switch|p1a: Chien-Pao|Chien-Pao|100\/100|[from] U-turn\n|-damage|p1a: Chien-Pao|76\/100|[from] Stealth Rock\n|-status|p1a: Chien-Pao|psn\n|-ability|p1a: Chien-Pao|Sword of Ruin\n|move|p2a: Goodra|Body Press|p1b: Dragonite\n|-resisted|p1b: Dragonite\n|-damage|p1b: Dragonite|26\/100\n|\n|-heal|p1a: Chien-Pao|82\/100 psn|[from] Grassy Terrain\n|-heal|p2b: Mew|83\/100|[from] Grassy Terrain\n|-damage|p1a: Chien-Pao|69\/100 psn|[from] psn\n|-fieldend|move: Grassy Terrain\n|upkeep\n|turn|6\n|inactive|Trickroom4dumies has 120 seconds left.\n|\n|t:|1697718391\n|-terastallize|p2a: Goodra|Fairy\n|move|p1a: Chien-Pao|Icicle Crash|p2b: Mew\n|-damage|p2b: Mew|32\/100\n|-enditem|p2b: Mew|Sitrus Berry|[eat]\n|-heal|p2b: Mew|57\/100|[from] item: Sitrus Berry\n|cant|p2b: Mew|flinch\n|move|p1b: Dragonite|Dragon Claw|p2b: Mew\n|-damage|p2b: Mew|0 fnt\n|faint|p2b: Mew\n|move|p2a: Goodra|Body Press|p1a: Chien-Pao\n|-supereffective|p1a: Chien-Pao\n|-damage|p1a: Chien-Pao|0 fnt\n|faint|p1a: Chien-Pao\n|\n|upkeep\n|\n|t:|1697718409\n|switch|p1a: Rillaboom|Rillaboom, M|99\/100\n|switch|p2b: Grimmsnarl|Grimmsnarl, M|52\/100\n|-damage|p1a: Rillaboom|87\/100|[from] Stealth Rock\n|-status|p1a: Rillaboom|psn\n|-fieldstart|move: Grassy Terrain|[from] ability: Grassy Surge|[of] p1a: Rillaboom\n|turn|7\n|inactive|Trickroom4dumies has 120 seconds left.\n|\n|t:|1697718449\n|switch|p1b: Ogerpon|Ogerpon-Hearthflame, F|91\/100\n|-damage|p1b: Ogerpon|66\/100|[from] Stealth Rock\n|-status|p1b: Ogerpon|psn\n|-ability|p1b: Ogerpon|Mold Breaker\n|switch|p2b: Enamorus|Enamorus-Therian, F, shiny|100\/100\n|move|p1a: Rillaboom|Fake Out|p2a: Goodra\n|-damage|p2a: Goodra|97\/100\n|cant|p2a: Goodra|flinch\n|\n|-heal|p1b: Ogerpon|72\/100 psn|[from] Grassy Terrain\n|-heal|p1a: Rillaboom|93\/100 psn|[from] Grassy Terrain\n|-heal|p2a: Goodra|100\/100|[from] Grassy Terrain\n|-damage|p1b: Ogerpon|60\/100 psn|[from] psn\n|-damage|p1a: Rillaboom|81\/100 psn|[from] psn\n|upkeep\n|turn|8\n|\n|t:|1697718474\n|move|p1b: Ogerpon|Follow Me|p1b: Ogerpon\n|-singleturn|p1b: Ogerpon|move: Follow Me\n|move|p1a: Rillaboom|Wood Hammer|p2b: Enamorus\n|-resisted|p2b: Enamorus\n|-damage|p2b: Enamorus|64\/100\n|-damage|p1a: Rillaboom|72\/100 psn|[from] Recoil\n|move|p2a: Goodra|Body Press|p1b: Ogerpon\n|-damage|p1b: Ogerpon|0 fnt\n|faint|p1b: Ogerpon\n|move|p2b: Enamorus|Iron Defense|p2b: Enamorus\n|-boost|p2b: Enamorus|def|2\n|\n|-heal|p1a: Rillaboom|78\/100 psn|[from] Grassy Terrain\n|-heal|p2b: Enamorus|71\/100|[from] item: Leftovers\n|-damage|p1a: Rillaboom|65\/100 psn|[from] psn\n|upkeep\n|inactive|Sir Grandmaster has 120 seconds left.\n|\n|t:|1697718484\n|switch|p1b: Flutter Mane|Flutter Mane|100\/100\n|-damage|p1b: Flutter Mane|88\/100|[from] Stealth Rock\n|-status|p1b: Flutter Mane|psn\n|turn|9\n|\n|t:|1697718505\n|move|p1b: Flutter Mane|Shadow Ball|p2b: Enamorus\n|-damage|p2b: Enamorus|7\/100\n|-unboost|p2b: Enamorus|spd|1\n|move|p1a: Rillaboom|Wood Hammer|p2b: Enamorus\n|-resisted|p2b: Enamorus\n|-crit|p2b: Enamorus\n|-damage|p2b: Enamorus|0 fnt\n|faint|p2b: Enamorus\n|-damage|p1a: Rillaboom|63\/100 psn|[from] Recoil\n|move|p2a: Goodra|Life Dew||[still]\n|-fail|p2a: Goodra|heal\n|\n|-heal|p1b: Flutter Mane|94\/100 psn|[from] Grassy Terrain\n|-heal|p1a: Rillaboom|70\/100 psn|[from] Grassy Terrain\n|-damage|p1b: Flutter Mane|82\/100 psn|[from] psn\n|-damage|p1a: Rillaboom|57\/100 psn|[from] psn\n|upkeep\n|\n|t:|1697718513\n|switch|p2b: Grimmsnarl|Grimmsnarl, M|52\/100\n|turn|10\n|\n|t:|1697718523\n|move|p2b: Grimmsnarl|Reflect|p2b: Grimmsnarl\n|-sidestart|p2: Trickroom4dumies|Reflect\n|move|p1b: Flutter Mane|Shadow Ball|p2a: Goodra\n|-damage|p2a: Goodra|66\/100\n|move|p1a: Rillaboom|Wood Hammer|p2b: Grimmsnarl\n|-damage|p2b: Grimmsnarl|0 fnt\n|faint|p2b: Grimmsnarl\n|-damage|p1a: Rillaboom|40\/100 psn|[from] Recoil\n|move|p2a: Goodra|Heavy Slam|p1b: Flutter Mane\n|-supereffective|p1b: Flutter Mane\n|-damage|p1b: Flutter Mane|0 fnt\n|faint|p1b: Flutter Mane\n|-end|p1b: Flutter Mane|Protosynthesis|[silent]\n|\n|-heal|p1a: Rillaboom|46\/100 psn|[from] Grassy Terrain\n|-heal|p2a: Goodra|72\/100|[from] Grassy Terrain\n|-heal|p2a: Goodra|79\/100|[from] item: Leftovers\n|-damage|p1a: Rillaboom|34\/100 psn|[from] psn\n|upkeep\n|\n|t:|1697718540\n|switch|p1b: Dragonite|Dragonite, M|26\/100\n|switch|p2b: Iron Hands|Iron Hands|100\/100\n|-damage|p1b: Dragonite|1\/100|[from] Stealth Rock\n|turn|11\n|\n|t:|1697718566\n|move|p1a: Rillaboom|Wood Hammer|p2b: Iron Hands\n|-damage|p2b: Iron Hands|64\/100\n|-damage|p1a: Rillaboom|18\/100 psn|[from] Recoil\n|move|p1b: Dragonite|Stomping Tantrum|p2b: Iron Hands\n|-supereffective|p2b: Iron Hands\n|-damage|p2b: Iron Hands|25\/100\n|move|p2a: Goodra|Body Press|p1b: Dragonite\n|-resisted|p1b: Dragonite\n|-damage|p1b: Dragonite|0 fnt\n|faint|p1b: Dragonite\n|move|p2b: Iron Hands|Drain Punch|p1a: Rillaboom\n|-damage|p1a: Rillaboom|0 fnt\n|-heal|p2b: Iron Hands|32\/100|[from] drain|[of] p1a: Rillaboom\n|faint|p1a: Rillaboom\n|\n|-heal|p2a: Goodra|85\/100|[from] Grassy Terrain\n|-heal|p2a: Goodra|91\/100|[from] item: Leftovers\n|-heal|p2b: Iron Hands|39\/100|[from] Grassy Terrain\n|-heal|p2b: Iron Hands|45\/100|[from] item: Leftovers\n|-fieldend|move: Grassy Terrain\n|upkeep\n|\n|t:|1697718575\n|switch|p1b: Basculegion|Basculegion, M|100\/100\n|-damage|p1b: Basculegion|88\/100|[from] Stealth Rock\n|-status|p1b: Basculegion|psn\n|turn|12\n|\n|t:|1697718594\n|move|p2b: Iron Hands|Detect|p2b: Iron Hands\n|-singleturn|p2b: Iron Hands|Protect\n|move|p1b: Basculegion|Last Respects|p2b: Iron Hands\n|-activate|p2b: Iron Hands|move: Protect\n|move|p2a: Goodra|Heavy Slam|p1b: Basculegion\n|-resisted|p1b: Basculegion\n|-damage|p1b: Basculegion|72\/100 psn\n|\n|-heal|p2a: Goodra|97\/100|[from] item: Leftovers\n|-heal|p2b: Iron Hands|51\/100|[from] item: Leftovers\n|-damage|p1b: Basculegion|59\/100 psn|[from] psn\n|upkeep\n|turn|13\n|\n|t:|1697718609\n|move|p2b: Iron Hands|Detect|p2b: Iron Hands\n|-singleturn|p2b: Iron Hands|Protect\n|move|p1b: Basculegion|Last Respects|p2b: Iron Hands\n|-activate|p2b: Iron Hands|move: Protect\n|move|p2a: Goodra|Heavy Slam|p1b: Basculegion\n|-resisted|p1b: Basculegion\n|-damage|p1b: Basculegion|43\/100 psn\n|\n|-heal|p2a: Goodra|100\/100|[from] item: Leftovers\n|-heal|p2b: Iron Hands|57\/100|[from] item: Leftovers\n|-damage|p1b: Basculegion|30\/100 psn|[from] psn\n|upkeep\n|turn|14\n|c|\u2606Sir Grandmaster|gg\n|c|\u2606Trickroom4dumies|Gg\n|\n|t:|1697718627\n|move|p1b: Basculegion|Last Respects|p2b: Iron Hands\n|-damage|p2b: Iron Hands|0 fnt\n|faint|p2b: Iron Hands\n|-end|p2b: Iron Hands|Quark Drive|[silent]\n|move|p2a: Goodra|Heavy Slam|p1b: Basculegion\n|-resisted|p1b: Basculegion\n|-damage|p1b: Basculegion|14\/100 psn\n|\n|-damage|p1b: Basculegion|2\/100 psn|[from] psn\n|upkeep\n|turn|15\n|\n|t:|1697718639\n|move|p1b: Basculegion|Last Respects|p2a: Goodra\n|-damage|p2a: Goodra|74\/100\n|move|p2a: Goodra|Heavy Slam|p1b: Basculegion\n|-resisted|p1b: Basculegion\n|-damage|p1b: Basculegion|0 fnt\n|faint|p1b: Basculegion\n|\n|win|Trickroom4dumies\n|n|\u2606Sir Grandmaster|sirgrandmaster\n|n|\u2606Trickroom4dumies|trickroom4dumies\n|n|*Lady Monita \u263d|ladymonita\n|l|*Lady Monita \u263d\n|l|\u2606Sir Grandmaster\n|l|\u2606Trickroom4dumies\n|j| RUMYMOME\n","uploadtime":1697719102,"views":17,"p1id":"sirgrandmaster","p2id":"trickroom4dumies","formatid":"gen9doublesou","rating":0,"private":0,"password":""}