{"id":"gen9doublesou-1970430989","p1":"xbonnie","p2":"zeref203","format":"[Gen 9] Doubles OU","log":"|j|\u2606xbonnie\n|j|\u2606zeref203\n|t:|1697638431\n|gametype|doubles\n|player|p1|xbonnie|101|1140\n|player|p2|zeref203|169|1243\n|teamsize|p1|6\n|teamsize|p2|6\n|gen|9\n|tier|[Gen 9] Doubles OU\n|rated|\n|rule|Species Clause: Limit one of each Pok\u00e9mon\n|rule|OHKO Clause: OHKO moves are banned\n|rule|Evasion Moves Clause: Evasion moves are banned\n|rule|Gravity Sleep Clause: The combination of sleep-inducing moves with imperfect accuracy and Gravity or Gigantamax Orbeetle are banned\n|rule|Endless Battle Clause: Forcing endless battles is banned\n|rule|HP Percentage Mod: HP is shown in percentages\n|clearpoke\n|poke|p1|Dipplin, M|\n|poke|p1|Kommo-o, F|\n|poke|p1|Torterra, F|\n|poke|p1|Empoleon, M|\n|poke|p1|Walking Wake|\n|poke|p1|Chandelure, M|\n|poke|p2|Raichu-Alola, F|\n|poke|p2|Infernape, F|\n|poke|p2|Snorlax, F|\n|poke|p2|Blissey, F|\n|poke|p2|Iron Valiant|\n|poke|p2|Kommo-o, M|\n|teampreview\n|inactive|Battle timer is ON: inactive players will automatically lose when time's up. (requested by zeref203)\n|inactive|xbonnie also wants the timer to be on.\n|inactive|xbonnie has 120 seconds left.\n|\n|t:|1697638469\n|start\n|switch|p1a: Chandelure|Chandelure, M|100\/100\n|switch|p1b: Torterra|Torterra, F|100\/100\n|switch|p2a: Asia|Blissey, F, shiny|100\/100\n|switch|p2b: Rias|Infernape, F, shiny|100\/100\n|turn|1\n|\n|t:|1697638484\n|move|p2b: Rias|Fake Out|p1b: Torterra\n|-damage|p1b: Torterra|90\/100\n|move|p1a: Chandelure|Will-O-Wisp|p2a: Asia\n|-status|p2a: Asia|brn\n|cant|p1b: Torterra|flinch\n|move|p2a: Asia|Stealth Rock|p1a: Chandelure\n|-sidestart|p1: xbonnie|move: Stealth Rock\n|\n|-heal|p1b: Torterra|96\/100|[from] item: Leftovers\n|-damage|p2a: Asia|94\/100 brn|[from] brn\n|upkeep\n|turn|2\n|\n|t:|1697638505\n|move|p2b: Rias|Fire Punch|p1b: Torterra\n|-supereffective|p1b: Torterra\n|-damage|p1b: Torterra|23\/100\n|move|p1a: Chandelure|Shadow Ball|p2b: Rias\n|-damage|p2b: Rias|40\/100\n|-unboost|p2b: Rias|spd|1\n|move|p1b: Torterra|Stealth Rock|p2a: Asia\n|-sidestart|p2: zeref203|move: Stealth Rock\n|move|p2a: Asia|Electric Terrain|p2a: Asia\n|-fieldstart|move: Electric Terrain\n|\n|-heal|p1b: Torterra|29\/100|[from] item: Leftovers\n|-heal|p2a: Asia|100\/100 brn|[from] item: Leftovers\n|-damage|p2a: Asia|94\/100 brn|[from] brn\n|upkeep\n|turn|3\n|\n|t:|1697638527\n|move|p2b: Rias|U-turn|p1b: Torterra\n|-supereffective|p1b: Torterra\n|-damage|p1b: Torterra|0 fnt\n|faint|p1b: Torterra\n|\n|t:|1697638533\n|switch|p2b: Snorlax|Snorlax, F|100\/100|[from] U-turn\n|-damage|p2b: Snorlax|88\/100|[from] Stealth Rock\n|move|p1a: Chandelure|Shadow Ball|p2b: Snorlax\n|-immune|p2b: Snorlax\n|move|p2a: Asia|Thunder Wave|p1a: Chandelure\n|-status|p1a: Chandelure|par\n|\n|-heal|p2a: Asia|100\/100 brn|[from] item: Leftovers\n|-damage|p2a: Asia|94\/100 brn|[from] brn\n|upkeep\n|\n|t:|1697638545\n|switch|p1b: apple|Dipplin, M, shiny|100\/100\n|-damage|p1b: apple|88\/100|[from] Stealth Rock\n|turn|4\n|\n|t:|1697638565\n|move|p2a: Asia|Seismic Toss|p1b: apple\n|-damage|p1b: apple|61\/100\n|move|p1b: apple|Dragon Breath|p2a: Asia\n|-damage|p2a: Asia|87\/100 brn\n|move|p1a: Chandelure|Will-O-Wisp|p2b: Snorlax\n|-status|p2b: Snorlax|brn\n|move|p2b: Snorlax|Heavy Slam|p1a: Chandelure\n|-resisted|p1a: Chandelure\n|-damage|p1a: Chandelure|95\/100 par\n|\n|-heal|p2a: Asia|94\/100 brn|[from] item: Leftovers\n|-damage|p2a: Asia|87\/100 brn|[from] brn\n|-damage|p2b: Snorlax|82\/100 brn|[from] brn\n|upkeep\n|turn|5\n|\n|t:|1697638593\n|switch|p2a: Akeno|Raichu-Alola, F|100\/100\n|-damage|p2a: Akeno|88\/100|[from] Stealth Rock\n|-enditem|p2a: Akeno|Electric Seed\n|-boost|p2a: Akeno|def|1|[from] item: Electric Seed\n|move|p1b: apple|Syrup Bomb|p2b: Snorlax\n|-damage|p2b: Snorlax|74\/100 brn\n|-start|p2b: Snorlax|Syrup Bomb\n|cant|p1a: Chandelure|par\n|move|p2b: Snorlax|Body Slam|p1b: apple\n|-damage|p1b: apple|52\/100\n|\n|-damage|p2b: Snorlax|68\/100 brn|[from] brn\n|-unboost|p2b: Snorlax|spe|1\n|upkeep\n|turn|6\n|inactive|xbonnie has 120 seconds left.\n|\n|t:|1697638624\n|move|p2a: Akeno|Surf|p1a: Chandelure|[spread] p2b,p1a,p1b\n|-supereffective|p1a: Chandelure\n|-resisted|p1b: apple\n|-damage|p2b: Snorlax|61\/100 brn\n|-damage|p1a: Chandelure|50\/100 par\n|-damage|p1b: apple|50\/100\n|move|p1b: apple|Syrup Bomb|p2a: Akeno\n|-damage|p2a: Akeno|53\/100\n|-start|p2a: Akeno|Syrup Bomb\n|move|p1a: Chandelure|Clear Smog|p2a: Akeno\n|-damage|p2a: Akeno|25\/100\n|-clearboost|p2a: Akeno\n|move|p2b: Snorlax|Heavy Slam|p1b: apple\n|-damage|p1b: apple|42\/100\n|\n|-damage|p2b: Snorlax|55\/100 brn|[from] brn\n|-unboost|p2a: Akeno|spe|1\n|-unboost|p2b: Snorlax|spe|1\n|-fieldend|move: Electric Terrain\n|upkeep\n|turn|7\n|\n|t:|1697638647\n|move|p2a: Akeno|Volt Switch|p1b: apple\n|-resisted|p1b: apple\n|-damage|p1b: apple|38\/100\n|\n|t:|1697638651\n|switch|p2a: Asia|Blissey, F, shiny|87\/100 brn|[from] Volt Switch\n|-damage|p2a: Asia|75\/100 brn|[from] Stealth Rock\n|move|p1b: apple|Pollen Puff|p2b: Snorlax\n|-damage|p2b: Snorlax|46\/100 brn\n|move|p1a: Chandelure|Pain Split|p2b: Snorlax\n|-sethp|p2b: Snorlax|40\/100 brn|[from] move: Pain Split|[silent]\n|-sethp|p1a: Chandelure|58\/100 par|[from] move: Pain Split\n|move|p2b: Snorlax|Body Press|p1b: apple\n|-damage|p1b: apple|33\/100\n|\n|-heal|p2a: Asia|81\/100 brn|[from] item: Leftovers\n|-damage|p2a: Asia|75\/100 brn|[from] brn\n|-damage|p2b: Snorlax|34\/100 brn|[from] brn\n|-unboost|p2b: Snorlax|spe|1\n|upkeep\n|turn|8\n|\n|t:|1697638680\n|switch|p2b: Issei|Kommo-o, M|100\/100\n|-damage|p2b: Issei|94\/100|[from] Stealth Rock\n|move|p2a: Asia|Thunder Wave|p1b: apple\n|-status|p1b: apple|par\n|move|p1a: Chandelure|Pain Split|p2a: Asia\n|-sethp|p2a: Asia|51\/100 brn|[from] move: Pain Split|[silent]\n|-sethp|p1a: Chandelure|100\/100 par|[from] move: Pain Split\n|move|p1b: apple|Syrup Bomb|p2a: Asia\n|-damage|p2a: Asia|43\/100 brn\n|-start|p2a: Asia|Syrup Bomb\n|\n|-heal|p2a: Asia|49\/100 brn|[from] item: Leftovers\n|-damage|p2a: Asia|43\/100 brn|[from] brn\n|-unboost|p2a: Asia|spe|1\n|upkeep\n|turn|9\n|inactive|xbonnie has 120 seconds left.\n|\n|t:|1697638712\n|-terastallize|p2b: Issei|Ghost\n|move|p2b: Issei|Tera Blast|p1a: Chandelure|[anim] Tera Blast Ghost\n|-supereffective|p1a: Chandelure\n|-damage|p1a: Chandelure|24\/100 par\n|move|p1a: Chandelure|Will-O-Wisp|p2b: Issei\n|-status|p2b: Issei|brn\n|move|p2a: Asia|Seismic Toss|p1b: apple\n|-damage|p1b: apple|5\/100 par\n|move|p1b: apple|Recover|p1b: apple\n|-heal|p1b: apple|55\/100 par\n|\n|-heal|p2a: Asia|49\/100 brn|[from] item: Leftovers\n|-damage|p2b: Issei|88\/100 brn|[from] brn\n|-damage|p2a: Asia|43\/100 brn|[from] brn\n|-unboost|p2a: Asia|spe|1\n|upkeep\n|turn|10\n|\n|t:|1697638734\n|move|p2b: Issei|Tera Blast|p1a: Chandelure|[anim] Tera Blast Ghost\n|-supereffective|p1a: Chandelure\n|-damage|p1a: Chandelure|0 fnt\n|faint|p1a: Chandelure\n|move|p2a: Asia|Seismic Toss|p1b: apple\n|-damage|p1b: apple|28\/100 par\n|move|p1b: apple|Recover|p1b: apple\n|-heal|p1b: apple|78\/100 par\n|\n|-heal|p2a: Asia|49\/100 brn|[from] item: Leftovers\n|-damage|p2b: Issei|82\/100 brn|[from] brn\n|-damage|p2a: Asia|43\/100 brn|[from] brn\n|-unboost|p2a: Asia|spe|1\n|upkeep\n|inactive|xbonnie has 120 seconds left.\n|\n|t:|1697638748\n|switch|p1a: Walking Wake|Walking Wake|100\/100\n|-damage|p1a: Walking Wake|88\/100|[from] Stealth Rock\n|turn|11\n|\n|t:|1697638756\n|move|p1a: Walking Wake|Sunny Day|p1a: Walking Wake\n|-weather|SunnyDay\n|-activate|p1a: Walking Wake|ability: Protosynthesis\n|-start|p1a: Walking Wake|protosynthesisspa\n|move|p2b: Issei|Boomburst|p1a: Walking Wake|[spread] p2a,p1a,p1b\n|-damage|p2a: Asia|32\/100 brn\n|-damage|p1a: Walking Wake|52\/100\n|-damage|p1b: apple|58\/100 par\n|-enditem|p2b: Issei|Throat Spray\n|-boost|p2b: Issei|spa|1|[from] item: Throat Spray\n|move|p1b: apple|Syrup Bomb|p2b: Issei\n|-damage|p2b: Issei|57\/100 brn\n|-start|p2b: Issei|Syrup Bomb\n|move|p2a: Asia|Thunder Wave|p1a: Walking Wake\n|-status|p1a: Walking Wake|par\n|\n|-weather|SunnyDay|[upkeep]\n|-heal|p2a: Asia|38\/100 brn|[from] item: Leftovers\n|-damage|p2b: Issei|51\/100 brn|[from] brn\n|-damage|p2a: Asia|32\/100 brn|[from] brn\n|-unboost|p2b: Issei|spe|1\n|-end|p2a: Asia|Syrup Bomb|[silent]\n|upkeep\n|turn|12\n|\n|t:|1697638784\n|switch|p2a: Snorlax|Snorlax, F|34\/100 brn\n|-damage|p2a: Snorlax|22\/100 brn|[from] Stealth Rock\n|move|p2b: Issei|Boomburst|p1b: apple|[spread] p2a,p1a,p1b\n|-damage|p2a: Snorlax|5\/100 brn\n|-damage|p1a: Walking Wake|0 fnt\n|-damage|p1b: apple|30\/100 par\n|faint|p1a: Walking Wake\n|-end|p1a: Walking Wake|Protosynthesis|[silent]\n|move|p1b: apple|Recover|p1b: apple\n|-heal|p1b: apple|80\/100 par\n|\n|-weather|SunnyDay|[upkeep]\n|-damage|p2b: Issei|45\/100 brn|[from] brn\n|-damage|p2a: Snorlax|0 fnt|[from] brn\n|faint|p2a: Snorlax\n|-unboost|p2b: Issei|spe|1\n|upkeep\n|\n|t:|1697638807\n|switch|p1a: Empoleon|Empoleon, M, shiny|100\/100\n|switch|p2a: Rias|Infernape, F, shiny|40\/100\n|-damage|p2a: Rias|28\/100|[from] Stealth Rock\n|-damage|p1a: Empoleon|94\/100|[from] Stealth Rock\n|turn|13\n|\n|t:|1697638823\n|move|p2a: Rias|Fake Out|p1b: apple\n|-damage|p1b: apple|73\/100 par\n|move|p2b: Issei|Aura Sphere|p1a: Empoleon\n|-supereffective|p1a: Empoleon\n|-crit|p1a: Empoleon\n|-damage|p1a: Empoleon|0 fnt\n|faint|p1a: Empoleon\n|cant|p1b: apple|flinch\n|\n|-weather|SunnyDay|[upkeep]\n|-damage|p2b: Issei|39\/100 brn|[from] brn\n|-unboost|p2b: Issei|spe|1\n|upkeep\n|\n|t:|1697638835\n|switch|p1a: kommo-o-o-o-o-o-|Kommo-o, F, shiny|100\/100\n|-damage|p1a: kommo-o-o-o-o-o-|94\/100|[from] Stealth Rock\n|turn|14\n|\n|t:|1697638852\n|-terastallize|p1a: kommo-o-o-o-o-o-|Steel\n|move|p2a: Rias|Drain Punch|p1b: apple\n|-damage|p1b: apple|52\/100 par\n|-heal|p2a: Rias|41\/100|[from] drain|[of] p1b: apple\n|move|p1a: kommo-o-o-o-o-o-|Clangorous Soul|p1a: kommo-o-o-o-o-o-\n|-boost|p1a: kommo-o-o-o-o-o-|atk|1\n|-boost|p1a: kommo-o-o-o-o-o-|def|1\n|-boost|p1a: kommo-o-o-o-o-o-|spa|1\n|-boost|p1a: kommo-o-o-o-o-o-|spd|1\n|-boost|p1a: kommo-o-o-o-o-o-|spe|1\n|-damage|p1a: kommo-o-o-o-o-o-|61\/100\n|move|p2b: Issei|Aura Sphere|p1a: kommo-o-o-o-o-o-\n|-supereffective|p1a: kommo-o-o-o-o-o-\n|-damage|p1a: kommo-o-o-o-o-o-|0 fnt\n|faint|p1a: kommo-o-o-o-o-o-\n|move|p1b: apple|Syrup Bomb|p2a: Rias\n|-resisted|p2a: Rias\n|-damage|p2a: Rias|24\/100\n|-start|p2a: Rias|Syrup Bomb\n|\n|-weather|SunnyDay|[upkeep]\n|-damage|p2b: Issei|32\/100 brn|[from] brn\n|-unboost|p2a: Rias|spe|1\n|-end|p2b: Issei|Syrup Bomb|[silent]\n|upkeep\n|turn|15\n|\n|t:|1697638878\n|move|p2a: Rias|Fire Punch|p1b: apple\n|-damage|p1b: apple|18\/100 par\n|move|p2b: Issei|Aura Sphere|p1b: apple\n|-damage|p1b: apple|0 fnt\n|faint|p1b: apple\n|\n|win|zeref203\n|raw|xbonnie's rating: 1140 &rarr; <strong>1122<\/strong><br \/>(-18 for losing)\n|raw|zeref203's rating: 1243 &rarr; <strong>1261<\/strong><br \/>(+18 for winning)\n|l|\u2606xbonnie\n","uploadtime":1697638890,"views":12,"p1id":"xbonnie","p2id":"zeref203","formatid":"gen9doublesou","rating":1122,"private":0,"password":""}