{"id":"gen9doublesou-1995660603","p1":"holidayhero10","p2":"Ticomania","format":"[Gen 9] Doubles OU","log":"|j|\u2606holidayhero10\n|j|\u2606Ticomania\n|t:|1700591680\n|gametype|doubles\n|player|p1|holidayhero10|169|1060\n|player|p2|Ticomania|scientist|1098\n|teamsize|p1|6\n|teamsize|p2|6\n|gen|9\n|tier|[Gen 9] Doubles OU\n|rated|\n|rule|Species Clause: Limit one of each Pok\u00e9mon\n|rule|OHKO Clause: OHKO moves are banned\n|rule|Evasion Moves Clause: Evasion moves are banned\n|rule|Gravity Sleep Clause: The combination of sleep-inducing moves with imperfect accuracy and Gravity or Gigantamax Orbeetle are banned\n|rule|Endless Battle Clause: Forcing endless battles is banned\n|rule|HP Percentage Mod: HP is shown in percentages\n|clearpoke\n|poke|p1|Maushold-Four|\n|poke|p1|Enamorus, F|\n|poke|p1|Hatterene, F|\n|poke|p1|Empoleon, F|\n|poke|p1|Grimmsnarl, M|\n|poke|p1|Kingambit, M|\n|poke|p2|Forretress, M|\n|poke|p2|Bombirdier, F|\n|poke|p2|Regidrago|\n|poke|p2|Sneasler, M|\n|poke|p2|Stonjourner, M|\n|poke|p2|Dipplin, M|\n|teampreview\n|inactive|Battle timer is ON: inactive players will automatically lose when time's up. (requested by holidayhero10)\n|\n|t:|1700591687\n|start\n|switch|p1a: Hatterene|Hatterene, F|100\/100\n|switch|p1b: Empoleon|Empoleon, F|100\/100\n|switch|p2a: Forretress|Forretress, M, shiny|100\/100\n|switch|p2b: Sneasler|Sneasler, M, shiny|100\/100\n|turn|1\n|inactive|holidayhero10 has 120 seconds left.\n|\n|t:|1700591718\n|move|p2b: Sneasler|Fake Out|p1b: Empoleon\n|-resisted|p1b: Empoleon\n|-crit|p1b: Empoleon\n|-damage|p1b: Empoleon|90\/100\n|cant|p1b: Empoleon|flinch\n|move|p2a: Forretress|Toxic Spikes|p1b: Empoleon\n|move|p1a: Hatterene|Toxic Spikes|p2a: Forretress|[from]ability: Magic Bounce\n|-sidestart|p2: Ticomania|move: Toxic Spikes\n|move|p1a: Hatterene|Trick Room|p1a: Hatterene\n|-fieldstart|move: Trick Room|[of] p1a: Hatterene\n|\n|-heal|p1b: Empoleon|96\/100|[from] item: Leftovers\n|upkeep\n|turn|2\n|inactive|holidayhero10 has 120 seconds left.\n|\n|t:|1700591744\n|-terastallize|p2b: Sneasler|Dark\n|move|p1a: Hatterene|Skill Swap|p2b: Sneasler\n|-activate|p1a: Hatterene|move: Skill Swap|Unburden|Magic Bounce|[of] p2b: Sneasler\n|move|p2a: Forretress|Rapid Spin|p1a: Hatterene\n|-damage|p1a: Hatterene|89\/100\n|-boost|p2a: Forretress|spe|1\n|-sideend|p2: Ticomania|Toxic Spikes|[from] move: Rapid Spin|[of] p2a: Forretress\n|move|p1b: Empoleon|Charm|p2b: Sneasler\n|move|p2b: Sneasler|Charm|p1b: Empoleon|[from]ability: Magic Bounce\n|-unboost|p1b: Empoleon|atk|2\n|-ability|p1b: Empoleon|Competitive|boost\n|-boost|p1b: Empoleon|spa|2\n|move|p2b: Sneasler|Close Combat|p1b: Empoleon\n|-supereffective|p1b: Empoleon\n|-damage|p1b: Empoleon|0 fnt\n|-unboost|p2b: Sneasler|def|1\n|-unboost|p2b: Sneasler|spd|1\n|-enditem|p2b: Sneasler|White Herb\n|-clearnegativeboost|p2b: Sneasler|[silent]\n|faint|p1b: Empoleon\n|\n|upkeep\n|inactive|holidayhero10 has 120 seconds left.\n|\n|t:|1700591767\n|switch|p1b: Enamorus|Enamorus, F|100\/100\n|turn|3\n|inactive|holidayhero10 has 120 seconds left.\n|\n|t:|1700591793\n|move|p1a: Hatterene|Dazzling Gleam|p2b: Sneasler|[spread] p2a,p2b\n|-resisted|p2a: Forretress\n|-supereffective|p2b: Sneasler\n|-damage|p2a: Forretress|82\/100\n|-damage|p2b: Sneasler|33\/100\n|-enditem|p2a: Forretress|Red Card|[of] p1a: Hatterene\n|drag|p1a: Kingambit|Kingambit, M|100\/100\n|move|p2a: Forretress|Toxic Spikes|p1a: Kingambit\n|-sidestart|p1: holidayhero10|move: Toxic Spikes\n|move|p1b: Enamorus|Springtide Storm|p2a: Forretress|[spread] p2a,p2b\n|-resisted|p2a: Forretress\n|-supereffective|p2b: Sneasler\n|-damage|p2a: Forretress|50\/100\n|-damage|p2b: Sneasler|0 fnt\n|faint|p2b: Sneasler\n|\n|upkeep\n|\n|t:|1700591810\n|switch|p2b: Stonjourner|Stonjourner, M|100\/100\n|turn|4\n|inactive|holidayhero10 has 120 seconds left.\n|\n|t:|1700591834\n|move|p1a: Kingambit|Iron Head|p2b: Stonjourner\n|-supereffective|p2b: Stonjourner\n|-damage|p2b: Stonjourner|41\/100\n|move|p2a: Forretress|Rapid Spin|p1b: Enamorus\n|-damage|p1b: Enamorus|85\/100\n|-boost|p2a: Forretress|spe|1\n|move|p2b: Stonjourner|Rock Slide|p1a: Kingambit|[spread] p1a\n|-miss|p2b: Stonjourner|p1b: Enamorus\n|-resisted|p1a: Kingambit\n|-damage|p1a: Kingambit|92\/100\n|-heal|p2b: Stonjourner|42\/100|[from] item: Shell Bell|[of] p1b: Enamorus\n|move|p1b: Enamorus|Mystical Fire|p2a: Forretress\n|-supereffective|p2a: Forretress\n|-damage|p2a: Forretress|0 fnt\n|faint|p2a: Forretress\n|\n|upkeep\n|\n|t:|1700591852\n|switch|p2a: Regidrago|Regidrago|100\/100\n|turn|5\n|\n|t:|1700591865\n|-terastallize|p1a: Kingambit|Poison\n|move|p2b: Stonjourner|Wide Guard|p2b: Stonjourner\n|-singleturn|p2b: Stonjourner|Wide Guard\n|move|p1a: Kingambit|Lash Out|p2a: Regidrago\n|-damage|p2a: Regidrago|54\/100\n|move|p2a: Regidrago|Ancient Power|p1b: Enamorus\n|-supereffective|p1b: Enamorus\n|-damage|p1b: Enamorus|25\/100\n|-enditem|p1b: Enamorus|Sitrus Berry|[eat]\n|-heal|p1b: Enamorus|50\/100|[from] item: Sitrus Berry\n|move|p1b: Enamorus|Mystical Fire|p1a: Kingambit\n|-damage|p1a: Kingambit|66\/100\n|-unboost|p1a: Kingambit|spa|1\n|\n|-heal|p2a: Regidrago|60\/100|[from] item: Leftovers\n|-fieldend|move: Trick Room\n|upkeep\n|turn|6\n|\n|t:|1700591893\n|move|p1b: Enamorus|Mystical Fire|p1a: Kingambit\n|-damage|p1a: Kingambit|37\/100\n|-unboost|p1a: Kingambit|spa|1\n|move|p2a: Regidrago|Ancient Power|p1b: Enamorus\n|-supereffective|p1b: Enamorus\n|-damage|p1b: Enamorus|0 fnt\n|faint|p1b: Enamorus\n|move|p2b: Stonjourner|Rock Slide|p1a: Kingambit\n|-damage|p1a: Kingambit|13\/100\n|-heal|p2b: Stonjourner|45\/100|[from] item: Shell Bell|[of] p1a: Kingambit\n|move|p1a: Kingambit|Lash Out|p2a: Regidrago\n|-damage|p2a: Regidrago|0 fnt\n|faint|p2a: Regidrago\n|\n|upkeep\n|\n|t:|1700591908\n|switch|p1b: Grimmsnarl|Grimmsnarl, M|100\/100\n|switch|p2a: Bombirdier|Bombirdier, F|100\/100\n|-status|p1b: Grimmsnarl|psn\n|turn|7\n|\n|t:|1700591926\n|move|p1b: Grimmsnarl|Fake Out|p2a: Bombirdier\n|-damage|p2a: Bombirdier|86\/100\n|cant|p2a: Bombirdier|flinch\n|move|p2b: Stonjourner|Heavy Slam|p1b: Grimmsnarl\n|-supereffective|p1b: Grimmsnarl\n|-damage|p1b: Grimmsnarl|12\/100 psn\n|-heal|p2b: Stonjourner|55\/100|[from] item: Shell Bell|[of] p1b: Grimmsnarl\n|move|p1a: Kingambit|Iron Head|p2b: Stonjourner\n|-supereffective|p2b: Stonjourner\n|-damage|p2b: Stonjourner|0 fnt\n|faint|p2b: Stonjourner\n|\n|-damage|p1b: Grimmsnarl|0 fnt|[from] psn\n|faint|p1b: Grimmsnarl\n|upkeep\n|\n|t:|1700591936\n|switch|p2b: Dipplin|Dipplin, M|100\/100\n|switch|p1b: Hatterene|Hatterene, F|89\/100\n|-ability|p2b: Dipplin|Supersweet Syrup\n|-ability|p2b: Dipplin|Supersweet Syrup|boost\n|-unboost|p1a: Kingambit|evasion|1\n|-ability|p1a: Kingambit|Defiant|boost\n|-boost|p1a: Kingambit|atk|2\n|-unboost|p1b: Hatterene|evasion|1\n|-status|p1b: Hatterene|psn\n|turn|8\n|\n|t:|1700591961\n|move|p2a: Bombirdier|Rock Slide|p1b: Hatterene|[spread] p1a,p1b\n|-damage|p1a: Kingambit|0 fnt\n|-damage|p1b: Hatterene|62\/100 psn\n|faint|p1a: Kingambit\n|move|p2b: Dipplin|Pollen Puff|p1b: Hatterene\n|-damage|p1b: Hatterene|48\/100 psn\n|cant|p1b: Hatterene|flinch\n|\n|-damage|p1b: Hatterene|36\/100 psn|[from] psn\n|upkeep\n|\n|t:|1700591965\n|switch|p1a: Maushold|Maushold-Four|100\/100\n|-status|p1a: Maushold|psn\n|turn|9\n|\n|t:|1700591985\n|move|p1a: Maushold|Substitute|p1a: Maushold\n|-start|p1a: Maushold|Substitute\n|-damage|p1a: Maushold|76\/100 psn\n|move|p2a: Bombirdier|Tailwind|p2a: Bombirdier\n|-sidestart|p2: Ticomania|move: Tailwind\n|move|p2b: Dipplin|Pollen Puff|p2a: Bombirdier\n|-heal|p2a: Bombirdier|100\/100\n|move|p1b: Hatterene|Dazzling Gleam|p2a: Bombirdier|[spread] p2a,p2b\n|-supereffective|p2a: Bombirdier\n|-supereffective|p2b: Dipplin\n|-damage|p2a: Bombirdier|24\/100\n|-damage|p2b: Dipplin|67\/100\n|\n|-damage|p1a: Maushold|63\/100 psn|[from] psn\n|-damage|p1b: Hatterene|23\/100 psn|[from] psn\n|upkeep\n|-enditem|p1b: Hatterene|Aguav Berry|[eat]\n|-heal|p1b: Hatterene|57\/100 psn|[from] item: Aguav Berry\n|turn|10\n|\n|t:|1700592005\n|move|p2a: Bombirdier|Rock Slide|p1a: Maushold|[spread] p1a,p1b\n|-end|p1a: Maushold|Substitute\n|-damage|p1b: Hatterene|29\/100 psn\n|move|p1a: Maushold|Tidy Up|p1a: Maushold\n|-sideend|p1: holidayhero10|Toxic Spikes\n|-activate|p1a: Maushold|move: Tidy Up\n|-boost|p1a: Maushold|atk|1\n|-boost|p1a: Maushold|spe|1\n|move|p2b: Dipplin|Pollen Puff|p2a: Bombirdier\n|-heal|p2a: Bombirdier|73\/100\n|move|p1b: Hatterene|Dazzling Gleam|p2a: Bombirdier|[spread] p2a,p2b\n|-supereffective|p2a: Bombirdier\n|-supereffective|p2b: Dipplin\n|-damage|p2a: Bombirdier|0 fnt\n|-damage|p2b: Dipplin|32\/100\n|faint|p2a: Bombirdier\n|\n|-damage|p1a: Maushold|51\/100 psn|[from] psn\n|-damage|p1b: Hatterene|17\/100 psn|[from] psn\n|upkeep\n|turn|11\n|\n|t:|1700592023\n|move|p1a: Maushold|Population Bomb|p2b: Dipplin\n|-damage|p2b: Dipplin|24\/100\n|-damage|p2b: Dipplin|14\/100\n|-damage|p2b: Dipplin|6\/100\n|-crit|p2b: Dipplin\n|-damage|p2b: Dipplin|0 fnt\n|faint|p2b: Dipplin\n|-hitcount|p2: Dipplin|4\n|\n|win|holidayhero10\n|raw|holidayhero10's rating: 1060 &rarr; <strong>1094<\/strong><br \/>(+34 for winning)\n|raw|Ticomania's rating: 1098 &rarr; <strong>1071<\/strong><br \/>(-27 for losing)\n|l|\u2606Ticomania\n|c|\u2606holidayhero10|gg wp\n","uploadtime":1700592031,"views":0,"p1id":"holidayhero10","p2id":"ticomania","formatid":"gen9doublesou","rating":1071,"private":0,"password":""}