{"id":"gen9doublesou-1968238803","p1":"Streetside","p2":"nikbao","format":"[Gen 9] Doubles OU","log":"|html|<div class=\"broadcast-blue\"><strong>[Gen 9] Doubles OU is currently suspecting Basculegion & Flutter Mane! For information on how to participate check out the <a href=\"https:\/\/www.smogon.com\/forums\/threads\/np-sv-dou-stage-8-double-trouble.3729153\/\">suspect thread<\/a>.<\/strong><\/div>\n|j|\u2606Streetside\n|j|\u2606nikbao\n|t:|1697397915\n|gametype|doubles\n|player|p1|Streetside|ghetsis|1000\n|player|p2|nikbao|veteran|1013\n|teamsize|p1|6\n|teamsize|p2|6\n|gen|9\n|tier|[Gen 9] Doubles OU\n|rated|\n|rule|Species Clause: Limit one of each Pok\u00e9mon\n|rule|OHKO Clause: OHKO moves are banned\n|rule|Evasion Moves Clause: Evasion moves are banned\n|rule|Gravity Sleep Clause: The combination of sleep-inducing moves with imperfect accuracy and Gravity or Gigantamax Orbeetle are banned\n|rule|Endless Battle Clause: Forcing endless battles is banned\n|rule|HP Percentage Mod: HP is shown in percentages\n|clearpoke\n|poke|p1|Ogerpon, F|\n|poke|p1|Iron Hands|\n|poke|p1|Amoonguss, F|\n|poke|p1|Fezandipiti, M|\n|poke|p1|Sinistcha|\n|poke|p1|Chien-Pao|\n|poke|p2|Chandelure, F|\n|poke|p2|Haxorus, F|\n|poke|p2|Espeon, F|\n|poke|p2|Milotic, M|\n|poke|p2|Pelipper, M|\n|poke|p2|Torkoal, M|\n|teampreview\n|c|\u2606Streetside|the arcana is the means by which all is revealed\n|\n|t:|1697397950\n|start\n|switch|p1a: The Hunger|Amoonguss, F, shiny|100\/100\n|switch|p1b: The Magician|Fezandipiti, M|100\/100\n|switch|p2a: Torkoal|Torkoal, M, shiny|100\/100\n|switch|p2b: Chandelure|Chandelure, F|100\/100\n|-weather|SunnyDay|[from] ability: Drought|[of] p2a: Torkoal\n|turn|1\n|\n|t:|1697397967\n|move|p1a: The Hunger|Protect|p1a: The Hunger\n|-singleturn|p1a: The Hunger|Protect\n|move|p2b: Chandelure|Taunt|p1b: The Magician\n|-start|p1b: The Magician|move: Taunt\n|cant|p1b: The Magician|move: Taunt|Tailwind\n|move|p2a: Torkoal|Eruption|p1b: The Magician|[spread] p1b\n|-activate|p1a: The Hunger|move: Protect\n|-damage|p1b: The Magician|62\/100\n|\n|-weather|SunnyDay|[upkeep]\n|-heal|p1b: The Magician|68\/100|[from] item: Black Sludge\n|upkeep\n|turn|2\n|\n|t:|1697398004\n|switch|p1a: The Chariot|Iron Hands|100\/100\n|move|p2b: Chandelure|Protect|p2b: Chandelure\n|-singleturn|p2b: Chandelure|Protect\n|move|p1b: The Magician|Poison Jab|p2b: Chandelure\n|-activate|p2b: Chandelure|move: Protect\n|move|p2a: Torkoal|Eruption|p1a: The Chariot|[spread] p1a,p1b\n|-crit|p1a: The Chariot\n|-damage|p1a: The Chariot|37\/100\n|-damage|p1b: The Magician|27\/100\n|\n|-weather|SunnyDay|[upkeep]\n|-heal|p1b: The Magician|33\/100|[from] item: Black Sludge\n|upkeep\n|turn|3\n|\n|t:|1697398025\n|move|p1a: The Chariot|Fake Out|p2a: Torkoal\n|-damage|p2a: Torkoal|89\/100\n|move|p2b: Chandelure|Taunt|p1a: The Chariot\n|-start|p1a: The Chariot|move: Taunt\n|move|p1b: The Magician|Poison Jab|p2b: Chandelure\n|-resisted|p2b: Chandelure\n|-damage|p2b: Chandelure|81\/100\n|-status|p2b: Chandelure|tox|[from] ability: Toxic Chain|[of] p1b: The Magician\n|cant|p2a: Torkoal|flinch\n|\n|-weather|SunnyDay|[upkeep]\n|-heal|p2b: Chandelure|87\/100 tox|[from] item: Leftovers\n|-heal|p1b: The Magician|39\/100|[from] item: Black Sludge\n|-damage|p2b: Chandelure|81\/100 tox|[from] psn\n|-end|p1b: The Magician|move: Taunt\n|upkeep\n|turn|4\n|\n|t:|1697398061\n|-terastallize|p1b: The Magician|Fire\n|move|p2b: Chandelure|Shadow Ball|p1a: The Chariot\n|-damage|p1a: The Chariot|7\/100\n|move|p1b: The Magician|Poison Jab|p2a: Torkoal\n|-damage|p2a: Torkoal|68\/100\n|-status|p2a: Torkoal|tox|[from] ability: Toxic Chain|[of] p1b: The Magician\n|move|p1a: The Chariot|Drain Punch|p2a: Torkoal\n|-damage|p2a: Torkoal|33\/100 tox\n|-heal|p1a: The Chariot|19\/100|[from] drain|[of] p2a: Torkoal\n|move|p2a: Torkoal|Eruption|p1a: The Chariot|[spread] p1a,p1b\n|-resisted|p1b: The Magician\n|-damage|p1a: The Chariot|4\/100\n|-damage|p1b: The Magician|32\/100\n|\n|-weather|SunnyDay|[upkeep]\n|-heal|p2b: Chandelure|87\/100 tox|[from] item: Leftovers\n|-damage|p1b: The Magician|20\/100|[from] item: Black Sludge\n|-damage|p2b: Chandelure|75\/100 tox|[from] psn\n|-damage|p2a: Torkoal|27\/100 tox|[from] psn\n|upkeep\n|turn|5\n|\n|t:|1697398086\n|switch|p1b: The Lovers|Sinistcha|100\/100\n|-heal|p1a: The Chariot|29\/100|[from] ability: Hospitality|[of] p1b: The Lovers\n|move|p2b: Chandelure|Protect|p2b: Chandelure\n|-singleturn|p2b: Chandelure|Protect\n|move|p1a: The Chariot|Drain Punch|p2a: Torkoal\n|-damage|p2a: Torkoal|0 fnt\n|-heal|p1a: The Chariot|38\/100|[from] drain|[of] p2a: Torkoal\n|faint|p2a: Torkoal\n|\n|-weather|none\n|-heal|p2b: Chandelure|81\/100 tox|[from] item: Leftovers\n|-damage|p2b: Chandelure|63\/100 tox|[from] psn\n|upkeep\n|\n|t:|1697398100\n|switch|p2a: Haxorus|Haxorus, F|100\/100\n|turn|6\n|\n|t:|1697398114\n|-end|p1a: The Chariot|Quark Drive|[silent]\n|switch|p1a: The Hunger|Amoonguss, F, shiny|100\/100\n|move|p2a: Haxorus|Swords Dance|p2a: Haxorus\n|-boost|p2a: Haxorus|atk|2\n|move|p2b: Chandelure|Taunt|p1b: The Lovers\n|-start|p1b: The Lovers|move: Taunt\n|cant|p1b: The Lovers|move: Taunt|Strength Sap\n|\n|-heal|p2b: Chandelure|69\/100 tox|[from] item: Leftovers\n|-damage|p2b: Chandelure|45\/100 tox|[from] psn\n|upkeep\n|turn|7\n|\n|t:|1697398138\n|move|p1a: The Hunger|Protect|p1a: The Hunger\n|-singleturn|p1a: The Hunger|Protect\n|move|p2a: Haxorus|Iron Head|p1b: The Lovers\n|-damage|p1b: The Lovers|62\/100\n|move|p2b: Chandelure|Heat Wave|p1a: The Hunger|[spread] \n|-activate|p1a: The Hunger|move: Protect\n|-miss|p2b: Chandelure|p1b: The Lovers\n|move|p1b: The Lovers|Hex|p2b: Chandelure\n|-supereffective|p2b: Chandelure\n|-damage|p2b: Chandelure|0 fnt\n|faint|p2b: Chandelure\n|-heal|p1b: The Lovers|66\/100|[from] item: Shell Bell|[of] p2: Chandelure\n|\n|upkeep\n|\n|t:|1697398151\n|switch|p2b: Espeon|Espeon, F|100\/100\n|turn|8\n|\n|t:|1697398170\n|switch|p1b: The Magician|Fezandipiti, M, tera:Fire|20\/100\n|move|p2b: Espeon|Copycat|p2b: Espeon\n|move|p2b: Espeon|Hex|p1b: The Magician|[from]move: Copycat\n|-damage|p1b: The Magician|10\/100\n|move|p2a: Haxorus|Brick Break|p1b: The Magician\n|-damage|p1b: The Magician|0 fnt\n|faint|p1b: The Magician\n|move|p1a: The Hunger|Clear Smog|p2a: Haxorus\n|-damage|p2a: Haxorus|74\/100\n|-clearboost|p2a: Haxorus\n|\n|upkeep\n|\n|t:|1697398183\n|switch|p1b: The Chariot|Iron Hands|38\/100\n|turn|9\n|\n|t:|1697398192\n|switch|p1a: The Lovers|Sinistcha|66\/100\n|-heal|p1b: The Chariot|63\/100|[from] ability: Hospitality|[of] p1a: The Lovers\n|move|p1b: The Chariot|Fake Out|p2a: Haxorus\n|-damage|p2a: Haxorus|54\/100\n|move|p2b: Espeon|Zen Headbutt|p1b: The Chariot\n|-supereffective|p1b: The Chariot\n|-damage|p1b: The Chariot|29\/100\n|cant|p2a: Haxorus|flinch\n|\n|upkeep\n|turn|10\n|\n|t:|1697398213\n|-terastallize|p2a: Haxorus|Fairy\n|move|p2b: Espeon|Zen Headbutt|p1b: The Chariot\n|-supereffective|p1b: The Chariot\n|-damage|p1b: The Chariot|0 fnt\n|faint|p1b: The Chariot\n|-end|p1b: The Chariot|Quark Drive|[silent]\n|move|p2a: Haxorus|Swords Dance|p2a: Haxorus\n|-boost|p2a: Haxorus|atk|2\n|move|p1a: The Lovers|Matcha Gotcha|p2a: Haxorus|[spread] p2a,p2b\n|-damage|p2a: Haxorus|11\/100\n|-heal|p1a: The Lovers|84\/100|[from] drain|[of] p2a: Haxorus\n|-damage|p2b: Espeon|70\/100\n|-heal|p1a: The Lovers|96\/100|[from] drain|[of] p2b: Espeon\n|-heal|p1a: The Lovers|100\/100|[from] item: Shell Bell|[of] p2b: Espeon\n|\n|upkeep\n|\n|t:|1697398227\n|switch|p1b: The Hunger|Amoonguss, F, shiny|100\/100\n|turn|11\n|\n|t:|1697398247\n|move|p2b: Espeon|Facade|p2a: Haxorus\n|-damage|p2a: Haxorus|0 fnt\n|faint|p2a: Haxorus\n|move|p1a: The Lovers|Strength Sap|p2b: Espeon\n|move|p2b: Espeon|Strength Sap|p1a: The Lovers|[from]ability: Magic Bounce\n|-unboost|p1a: The Lovers|atk|1\n|-heal|p2b: Espeon|100\/100\n|move|p1b: The Hunger|Pollen Puff|p2b: Espeon\n|-supereffective|p2b: Espeon\n|-damage|p2b: Espeon|51\/100\n|\n|upkeep\n|\n|t:|1697398259\n|switch|p2a: Pelipper|Pelipper, M|100\/100\n|turn|12\n|-message|nikbao forfeited.\n|\n|win|Streetside\n|raw|Streetside's rating: 1000 &rarr; <strong>1041<\/strong><br \/>(+41 for winning)\n|raw|nikbao's rating: 1013 &rarr; <strong>1001<\/strong><br \/>(-12 for losing)\n|l|\u2606nikbao\n","uploadtime":1697398269,"views":9,"p1id":"streetside","p2id":"nikbao","formatid":"gen9doublesou","rating":1001,"private":0,"password":""}