{"id":"gen9doublesou-2000503672","p1":"Goody P","p2":"StrikeTheEarth","format":"[Gen 9] Doubles OU","log":"|j|\u2606Goody P\n|j|\u2606StrikeTheEarth\n|t:|1701200304\n|gametype|doubles\n|player|p1|Goody P|265|1059\n|player|p2|StrikeTheEarth|ingo|1039\n|teamsize|p1|6\n|teamsize|p2|6\n|gen|9\n|tier|[Gen 9] Doubles OU\n|rated|\n|rule|Species Clause: Limit one of each Pok\u00e9mon\n|rule|OHKO Clause: OHKO moves are banned\n|rule|Evasion Moves Clause: Evasion moves are banned\n|rule|Gravity Sleep Clause: The combination of sleep-inducing moves with imperfect accuracy and Gravity or Gigantamax Orbeetle are banned\n|rule|Endless Battle Clause: Forcing endless battles is banned\n|rule|HP Percentage Mod: HP is shown in percentages\n|clearpoke\n|poke|p1|Kommo-o, F|\n|poke|p1|Chansey, F|\n|poke|p1|Indeedee-F, F|\n|poke|p1|Vaporeon, F|\n|poke|p1|Kingambit, M|\n|poke|p1|Fezandipiti, M|\n|poke|p2|Oricorio-Pom-Pom, M|\n|poke|p2|Meowscarada, F|\n|poke|p2|Grimmsnarl, M|\n|poke|p2|Sableye, M|\n|poke|p2|Flamigo, M|\n|poke|p2|Kommo-o, M|\n|teampreview\n|\n|t:|1701200329\n|start\n|switch|p1a: Ms. Cauliflower|Chansey, F, shiny|100\/100\n|switch|p1b: Ruby|Vaporeon, F|100\/100\n|switch|p2a: Kommo-o|Kommo-o, M|100\/100\n|switch|p2b: Oricorio|Oricorio-Pom-Pom, M|100\/100\n|turn|1\n|inactive|Battle timer is ON: inactive players will automatically lose when time's up. (requested by Goody P)\n|\n|t:|1701200345\n|move|p2b: Oricorio|Revelation Dance|p1b: Ruby\n|-supereffective|p1b: Ruby\n|-damage|p1b: Ruby|41\/100\n|move|p2a: Kommo-o|Clangorous Soul|p2a: Kommo-o\n|-boost|p2a: Kommo-o|atk|1\n|-boost|p2a: Kommo-o|def|1\n|-boost|p2a: Kommo-o|spa|1\n|-boost|p2a: Kommo-o|spd|1\n|-boost|p2a: Kommo-o|spe|1\n|-damage|p2a: Kommo-o|68\/100\n|-activate|p2b: Oricorio|ability: Dancer\n|move|p2b: Oricorio|Clangorous Soul|p2b: Oricorio|[from]ability: Dancer\n|-boost|p2b: Oricorio|atk|1\n|-boost|p2b: Oricorio|def|1\n|-boost|p2b: Oricorio|spa|1\n|-boost|p2b: Oricorio|spd|1\n|-boost|p2b: Oricorio|spe|1\n|-damage|p2b: Oricorio|68\/100\n|move|p1b: Ruby|Ice Beam|p2b: Oricorio\n|-supereffective|p2b: Oricorio\n|-damage|p2b: Oricorio|13\/100\n|move|p1a: Ms. Cauliflower|Icy Wind|p2b: Oricorio|[spread] p2a,p2b\n|-supereffective|p2a: Kommo-o\n|-supereffective|p2b: Oricorio\n|-damage|p2a: Kommo-o|62\/100\n|-damage|p2b: Oricorio|4\/100\n|-unboost|p2a: Kommo-o|spe|1\n|-unboost|p2b: Oricorio|spe|1\n|\n|-heal|p2b: Oricorio|10\/100|[from] item: Leftovers\n|upkeep\n|turn|2\n|inactive|Goody P has 120 seconds left.\n|inactive|StrikeTheEarth has 120 seconds left.\n|\n|t:|1701200382\n|move|p2a: Kommo-o|Protect|p2a: Kommo-o\n|-singleturn|p2a: Kommo-o|Protect\n|move|p2b: Oricorio|Baton Pass|p2b: Oricorio\n|inactive|StrikeTheEarth has 120 seconds left.\n|\n|t:|1701200390\n|switch|p2b: Sableye|Sableye, M|100\/100|[from] Baton Pass\n|move|p1b: Ruby|Ice Beam|p2b: Sableye\n|-damage|p2b: Sableye|68\/100\n|move|p1a: Ms. Cauliflower|Icy Wind|p2b: Sableye|[spread] p2b\n|-activate|p2a: Kommo-o|move: Protect\n|-damage|p2b: Sableye|63\/100\n|-unboost|p2b: Sableye|spe|1\n|\n|-heal|p2b: Sableye|69\/100|[from] item: Leftovers\n|upkeep\n|turn|3\n|inactive|StrikeTheEarth has 120 seconds left.\n|\n|t:|1701200424\n|move|p2b: Sableye|Sucker Punch|p1b: Ruby\n|-damage|p1b: Ruby|10\/100\n|-enditem|p1b: Ruby|Aguav Berry|[eat]\n|-heal|p1b: Ruby|43\/100|[from] item: Aguav Berry\n|move|p1b: Ruby|Muddy Water|p2a: Kommo-o|[spread] p2a,p2b\n|-resisted|p2a: Kommo-o\n|-damage|p2a: Kommo-o|52\/100\n|-damage|p2b: Sableye|34\/100\n|move|p1a: Ms. Cauliflower|Icy Wind|p2b: Sableye|[spread] p2a,p2b\n|-supereffective|p2a: Kommo-o\n|-damage|p2a: Kommo-o|46\/100\n|-damage|p2b: Sableye|30\/100\n|-unboost|p2a: Kommo-o|spe|1\n|-unboost|p2b: Sableye|spe|1\n|move|p2a: Kommo-o|Dragon Tail|p1a: Ms. Cauliflower\n|-damage|p1a: Ms. Cauliflower|80\/100\n|drag|p1a: Missy|Indeedee-F, F, shiny|100\/100\n|\n|-heal|p2b: Sableye|36\/100|[from] item: Leftovers\n|upkeep\n|turn|4\n|inactive|StrikeTheEarth has 120 seconds left.\n|\n|t:|1701200452\n|move|p2b: Sableye|Sucker Punch||[still]\n|-fail|p2b: Sableye\n|move|p1a: Missy|Heal Pulse|p1b: Ruby\n|-heal|p1b: Ruby|94\/100\n|move|p1b: Ruby|Muddy Water|p2a: Kommo-o|[spread] p2a,p2b\n|-resisted|p2a: Kommo-o\n|-damage|p2a: Kommo-o|36\/100\n|-damage|p2b: Sableye|1\/100\n|-unboost|p2b: Sableye|accuracy|1\n|move|p2a: Kommo-o|Body Press|p1b: Ruby\n|-damage|p1b: Ruby|22\/100\n|\n|-heal|p2b: Sableye|7\/100|[from] item: Leftovers\n|upkeep\n|turn|5\n|\n|t:|1701200475\n|switch|p2b: Flamigo|Flamigo, M|100\/100\n|-copyboost|p2b: Flamigo|p2a: Kommo-o|[from] ability: Costar\n|move|p2a: Kommo-o|Protect|p2a: Kommo-o\n|-singleturn|p2a: Kommo-o|Protect\n|move|p1a: Missy|Heal Pulse|p1b: Ruby\n|-heal|p1b: Ruby|72\/100\n|move|p1b: Ruby|Muddy Water|p2a: Kommo-o|[spread] p2b\n|-activate|p2a: Kommo-o|move: Protect\n|-damage|p2b: Flamigo|75\/100\n|-unboost|p2b: Flamigo|accuracy|1\n|\n|upkeep\n|turn|6\n|\n|t:|1701200493\n|move|p1a: Missy|Helping Hand|p1b: Ruby\n|-singleturn|p1b: Ruby|Helping Hand|[of] p1a: Missy\n|move|p2b: Flamigo|Air Cutter|p1a: Missy|[spread] p1b\n|-miss|p2b: Flamigo|p1a: Missy\n|-damage|p1b: Ruby|59\/100\n|move|p1b: Ruby|Muddy Water|p2a: Kommo-o|[spread] p2a,p2b\n|-resisted|p2a: Kommo-o\n|-damage|p2a: Kommo-o|19\/100\n|-damage|p2b: Flamigo|36\/100\n|move|p2a: Kommo-o|Dragon Tail|p1a: Missy\n|-damage|p1a: Missy|50\/100\n|drag|p1a: Cloud Retainer|Fezandipiti, M|100\/100\n|\n|upkeep\n|turn|7\n|inactive|StrikeTheEarth has 120 seconds left.\n|\n|t:|1701200527\n|move|p1a: Cloud Retainer|Dazzling Gleam|p2a: Kommo-o|[spread] p2a,p2b\n|-supereffective|p2a: Kommo-o\n|-supereffective|p2b: Flamigo\n|-damage|p2a: Kommo-o|0 fnt\n|-damage|p2b: Flamigo|11\/100\n|faint|p2a: Kommo-o\n|move|p2b: Flamigo|Air Cutter|p1a: Cloud Retainer|[spread] p1a\n|-miss|p2b: Flamigo|p1b: Ruby\n|-crit|p1a: Cloud Retainer\n|-damage|p1a: Cloud Retainer|85\/100\n|move|p1b: Ruby|Muddy Water|p2b: Flamigo\n|-damage|p2b: Flamigo|0 fnt\n|faint|p2b: Flamigo\n|\n|-heal|p1a: Cloud Retainer|91\/100|[from] item: Leftovers\n|upkeep\n|inactive|StrikeTheEarth has 120 seconds left.\n|\n|t:|1701200546\n|switch|p2b: Sableye|Sableye, M|7\/100\n|switch|p2a: Oricorio|Oricorio-Pom-Pom, M|10\/100\n|turn|8\n|inactive|StrikeTheEarth has 120 seconds left.\n|\n|t:|1701200580\n|move|p2b: Sableye|Sucker Punch||[still]\n|-fail|p2b: Sableye\n|move|p2a: Oricorio|Revelation Dance|p1b: Ruby\n|-supereffective|p1b: Ruby\n|-damage|p1b: Ruby|4\/100\n|move|p1a: Cloud Retainer|Dazzling Gleam|p2a: Oricorio|[spread] p2a,p2b\n|-supereffective|p2b: Sableye\n|-damage|p2a: Oricorio|0 fnt\n|-damage|p2b: Sableye|0 fnt\n|faint|p2a: Oricorio\n|faint|p2b: Sableye\n|move|p1b: Ruby|Calm Mind|p1b: Ruby\n|-boost|p1b: Ruby|spa|1\n|-boost|p1b: Ruby|spd|1\n|\n|-heal|p1a: Cloud Retainer|97\/100|[from] item: Leftovers\n|upkeep\n|\n|t:|1701200597\n|switch|p2a: Grimmsnarl|Grimmsnarl, M|100\/100\n|switch|p2b: Meowscarada|Meowscarada, F|100\/100\n|turn|9\n|\n|t:|1701200614\n|move|p2a: Grimmsnarl|Fake Out|p1b: Ruby\n|-damage|p1b: Ruby|0 fnt\n|faint|p1b: Ruby\n|move|p2b: Meowscarada|Ally Switch|p2b: Meowscarada\n|-start|p2b: Meowscarada|typechange|Psychic|[from] ability: Protean\n|swap|p2b: Meowscarada|0|[from] move: Ally Switch\n|move|p1a: Cloud Retainer|Sludge Bomb|p2b: Grimmsnarl\n|-supereffective|p2b: Grimmsnarl\n|-damage|p2b: Grimmsnarl|47\/100\n|-status|p2b: Grimmsnarl|tox|[from] ability: Toxic Chain|[of] p1a: Cloud Retainer\n|\n|-heal|p1a: Cloud Retainer|100\/100|[from] item: Leftovers\n|-heal|p2b: Grimmsnarl|53\/100 tox|[from] item: Leftovers\n|-damage|p2b: Grimmsnarl|47\/100 tox|[from] psn\n|upkeep\n|\n|t:|1701200629\n|switch|p1b: Chesster|Kingambit, M|100\/100\n|-activate|p1b: Chesster|ability: Supreme Overlord\n|-start|p1b: Chesster|fallen1|[silent]\n|-item|p1b: Chesster|Air Balloon\n|turn|10\n|\n|t:|1701200651\n|move|p2a: Meowscarada|Flower Trick|p1b: Chesster\n|-resisted|p1b: Chesster\n|-crit|p1b: Chesster\n|-damage|p1b: Chesster|88\/100\n|-enditem|p1b: Chesster|Air Balloon\n|move|p1a: Cloud Retainer|Sludge Bomb|p2a: Meowscarada\n|-damage|p2a: Meowscarada|65\/100\n|move|p2b: Grimmsnarl|Play Rough|p1b: Chesster\n|-damage|p1b: Chesster|55\/100\n|move|p1b: Chesster|X-Scissor|p2a: Meowscarada\n|-supereffective|p2a: Meowscarada\n|-damage|p2a: Meowscarada|0 fnt\n|faint|p2a: Meowscarada\n|\n|-heal|p2b: Grimmsnarl|53\/100 tox|[from] item: Leftovers\n|-damage|p2b: Grimmsnarl|41\/100 tox|[from] psn\n|upkeep\n|turn|11\n|\n|t:|1701200674\n|move|p1a: Cloud Retainer|Sludge Bomb|p2b: Grimmsnarl\n|-supereffective|p2b: Grimmsnarl\n|-damage|p2b: Grimmsnarl|0 fnt\n|faint|p2b: Grimmsnarl\n|\n|win|Goody P\n|raw|Goody P's rating: 1059 &rarr; <strong>1088<\/strong><br \/>(+29 for winning)\n|raw|StrikeTheEarth's rating: 1039 &rarr; <strong>1024<\/strong><br \/>(-15 for losing)\n","uploadtime":1701200683,"views":5,"p1id":"goodyp","p2id":"striketheearth","formatid":"gen9doublesou","rating":1024,"private":0,"password":""}