{"id":"gen9doublesou-1973386650","p1":"SpiderOmar","p2":"Nakopow","format":"[Gen 9] Doubles OU","log":"|j|\u2606SpiderOmar\n|j|\u2606Nakopow\n|t:|1697966437\n|gametype|doubles\n|player|p1|SpiderOmar|riley|\n|player|p2|Nakopow|169|\n|teamsize|p1|6\n|teamsize|p2|6\n|gen|9\n|tier|[Gen 9] Doubles OU\n|rule|Species Clause: Limit one of each Pok\u00e9mon\n|rule|OHKO Clause: OHKO moves are banned\n|rule|Evasion Moves Clause: Evasion moves are banned\n|rule|Gravity Sleep Clause: The combination of sleep-inducing moves with imperfect accuracy and Gravity or Gigantamax Orbeetle are banned\n|rule|Endless Battle Clause: Forcing endless battles is banned\n|rule|HP Percentage Mod: HP is shown in percentages\n|clearpoke\n|poke|p1|Okidogi, M|\n|poke|p1|Flutter Mane|\n|poke|p1|Ogerpon-Hearthflame, F|\n|poke|p1|Ursaluna-Bloodmoon, M|\n|poke|p1|Amoonguss, F|\n|poke|p1|Torkoal, F|\n|poke|p2|Rillaboom, M|\n|poke|p2|Ursaluna, M|\n|poke|p2|Cresselia, F|\n|poke|p2|Volcanion|\n|poke|p2|Flutter Mane|\n|poke|p2|Kleavor, M|\n|teampreview\n|c|\u2606Nakopow|i gotta play smart now\n|inactive|Battle timer is ON: inactive players will automatically lose when time's up. (requested by Nakopow)\n|\n|t:|1697966469\n|start\n|switch|p1a: Torkoal|Torkoal, F|100\/100\n|switch|p1b: Ogerpon|Ogerpon-Hearthflame, F|100\/100\n|switch|p2a: Volcanion|Volcanion|100\/100\n|switch|p2b: Kleavor|Kleavor, M|100\/100\n|-ability|p1b: Ogerpon|Mold Breaker\n|-weather|SunnyDay|[from] ability: Drought|[of] p1a: Torkoal\n|turn|1\n|inactive|SpiderOmar has 270 seconds left.\n|inactive|Nakopow has 270 seconds left.\n|\n|t:|1697966521\n|switch|p1a: Ursaluna|Ursaluna-Bloodmoon, M|100\/100\n|-terastallize|p2a: Volcanion|Grass\n|move|p2b: Kleavor|Stone Axe|p1b: Ogerpon\n|-supereffective|p1b: Ogerpon\n|-damage|p1b: Ogerpon|0 fnt\n|-sidestart|p1: SpiderOmar|move: Stealth Rock\n|faint|p1b: Ogerpon\n|move|p2a: Volcanion|Sludge Bomb|p1a: Ursaluna\n|-resisted|p1a: Ursaluna\n|-damage|p1a: Ursaluna|81\/100\n|\n|-weather|SunnyDay|[upkeep]\n|upkeep\n|c|\u2606Nakopow|didnt know that one hit\n|inactive|SpiderOmar has 240 seconds left.\n|c|\u2606Nakopow|wasted terra\n|c|\u2606SpiderOmar|wasted switch on my side\n|inactive|SpiderOmar has 210 seconds left.\n|\n|t:|1697966567\n|switch|p1b: Okidogi|Okidogi, M|100\/100\n|-damage|p1b: Okidogi|94\/100|[from] Stealth Rock\n|turn|2\n|c|\u2606Nakopow|dont know which terras you have tjo\n|inactive|SpiderOmar has 210 seconds left.\n|inactive|Nakopow has 270 seconds left.\n|inactive|Nakopow has 240 seconds left.\n|\n|t:|1697966625\n|switch|p2b: Cresselia|Cresselia, F|100\/100\n|switch|p2a: Ursaluna|Ursaluna, M|100\/100\n|move|p1b: Okidogi|Gunk Shot|p2a: Ursaluna|[miss]\n|-miss|p1b: Okidogi|p2a: Ursaluna\n|move|p1a: Ursaluna|Calm Mind|p1a: Ursaluna\n|-boost|p1a: Ursaluna|spa|1\n|-boost|p1a: Ursaluna|spd|1\n|\n|-weather|SunnyDay|[upkeep]\n|-status|p2a: Ursaluna|brn|[from] item: Flame Orb\n|upkeep\n|turn|3\n|inactive|SpiderOmar has 210 seconds left.\n|inactive|Nakopow has 240 seconds left.\n|inactive|SpiderOmar has 180 seconds left.\n|inactive|SpiderOmar has 150 seconds left.\n|\n|t:|1697966715\n|move|p1b: Okidogi|Knock Off|p2b: Cresselia\n|-supereffective|p2b: Cresselia\n|-damage|p2b: Cresselia|57\/100\n|-enditem|p2b: Cresselia|Safety Goggles|[from] move: Knock Off|[of] p1b: Okidogi\n|move|p1a: Ursaluna|Blood Moon|p2b: Cresselia\n|-damage|p2b: Cresselia|0 fnt\n|faint|p2b: Cresselia\n|move|p2a: Ursaluna|Facade|p1b: Okidogi\n|-damage|p1b: Okidogi|0 fnt\n|faint|p1b: Okidogi\n|\n|-weather|SunnyDay|[upkeep]\n|-damage|p2a: Ursaluna|94\/100 brn|[from] brn\n|upkeep\n|inactive|Nakopow has 240 seconds left.\n|\n|t:|1697966742\n|switch|p1b: Torkoal|Torkoal, F|100\/100\n|switch|p2b: Volcanion|Volcanion, tera:Grass|100\/100\n|-damage|p1b: Torkoal|76\/100|[from] Stealth Rock\n|turn|4\n|inactive|Nakopow has 240 seconds left.\n|\n|t:|1697966767\n|-terastallize|p1a: Ursaluna|Fairy\n|move|p2b: Volcanion|Earth Power|p1b: Torkoal\n|-supereffective|p1b: Torkoal\n|-damage|p1b: Torkoal|0 fnt\n|faint|p1b: Torkoal\n|move|p1a: Ursaluna|Tera Blast|p2a: Ursaluna|[anim] Tera Blast Fairy\n|-damage|p2a: Ursaluna|39\/100 brn\n|move|p2a: Ursaluna|Facade|p1a: Ursaluna\n|-damage|p1a: Ursaluna|1\/100\n|-enditem|p1a: Ursaluna|Sitrus Berry|[eat]\n|-heal|p1a: Ursaluna|26\/100|[from] item: Sitrus Berry\n|\n|-weather|SunnyDay|[upkeep]\n|-damage|p2a: Ursaluna|33\/100 brn|[from] brn\n|upkeep\n|c|\u2606SpiderOmar|dumb move from my side\n|\n|t:|1697966778\n|switch|p1b: Flutter Mane|Flutter Mane|100\/100\n|-damage|p1b: Flutter Mane|88\/100|[from] Stealth Rock\n|-activate|p1b: Flutter Mane|ability: Protosynthesis\n|-start|p1b: Flutter Mane|protosynthesisspe\n|turn|5\n|c|\u2606Nakopow|ye kinda unexpected\n|c|\u2606SpiderOmar|should not have gone torkoal\n|c|\u2606SpiderOmar|yh you win\n|inactive|SpiderOmar has 120 seconds left.\n|\n|t:|1697966832\n|move|p2a: Ursaluna|Protect|p2a: Ursaluna\n|-singleturn|p2a: Ursaluna|Protect\n|move|p1b: Flutter Mane|Moonblast|p2a: Ursaluna\n|-activate|p2a: Ursaluna|move: Protect\n|move|p2b: Volcanion|Heat Wave|p1b: Flutter Mane|[spread] p1a,p1b\n|-damage|p1a: Ursaluna|0 fnt\n|-damage|p1b: Flutter Mane|40\/100\n|-enditem|p1b: Flutter Mane|Sitrus Berry|[eat]\n|-heal|p1b: Flutter Mane|65\/100|[from] item: Sitrus Berry\n|faint|p1a: Ursaluna\n|\n|-weather|none\n|-end|p1b: Flutter Mane|Protosynthesis\n|-damage|p2a: Ursaluna|26\/100 brn|[from] brn\n|upkeep\n|\n|t:|1697966836\n|switch|p1a: Amoonguss|Amoonguss, F|100\/100\n|-damage|p1a: Amoonguss|88\/100|[from] Stealth Rock\n|turn|6\n|inactive|SpiderOmar has 120 seconds left.\n|\n|t:|1697966855\n|move|p1b: Flutter Mane|Moonblast|p2a: Ursaluna\n|-damage|p2a: Ursaluna|0 fnt\n|faint|p2a: Ursaluna\n|move|p2b: Volcanion|Heat Wave|p1b: Flutter Mane|[spread] p1a,p1b\n|-supereffective|p1a: Amoonguss\n|-damage|p1a: Amoonguss|20\/100\n|-damage|p1b: Flutter Mane|32\/100\n|-enditem|p1a: Amoonguss|Sitrus Berry|[eat]\n|-heal|p1a: Amoonguss|45\/100|[from] item: Sitrus Berry\n|move|p1a: Amoonguss|Pollen Puff|p2b: Volcanion\n|-supereffective|p2b: Volcanion\n|-damage|p2b: Volcanion|74\/100\n|\n|upkeep\n|\n|t:|1697966873\n|switch|p2a: Rillaboom|Rillaboom, M|100\/100\n|-fieldstart|move: Grassy Terrain|[from] ability: Grassy Surge|[of] p2a: Rillaboom\n|turn|7\n|c|\u2606SpiderOmar|yeah i choked\n|c|\u2606Nakopow|ggs\n|c|\u2606SpiderOmar|gg\n|\n|t:|1697966886\n|move|p2a: Rillaboom|Grassy Glide|p1b: Flutter Mane\n|-damage|p1b: Flutter Mane|0 fnt\n|faint|p1b: Flutter Mane\n|-end|p1b: Flutter Mane|Protosynthesis|[silent]\n|move|p2b: Volcanion|Heat Wave|p1a: Amoonguss\n|-supereffective|p1a: Amoonguss\n|-damage|p1a: Amoonguss|0 fnt\n|faint|p1a: Amoonguss\n|\n|win|Nakopow\n|c|\u2606Nakopow|torkoal sac got me shookt\n|c|\u2606Nakopow|ggs\n|c|\u2606SpiderOmar|fr dumbest move i ever did\n|c|\u2606SpiderOmar|wp\n","uploadtime":1697966905,"views":29,"p1id":"spideromar","p2id":"nakopow","formatid":"gen9doublesou","rating":0,"private":0,"password":""}