{"id":"gen9doublesou-1985563973","p1":"Bigwang 2","p2":"waylon217","format":"[Gen 9] Doubles OU","log":"|j|\u2606Bigwang 2\n|j|\u203dwaylon217\n|t:|1699384957\n|gametype|doubles\n|player|p1|Bigwang 2|lucas|1026\n|player|p2|waylon217|psychic-gen4|1086\n|teamsize|p1|6\n|teamsize|p2|6\n|gen|9\n|tier|[Gen 9] Doubles OU\n|rated|\n|rule|Species Clause: Limit one of each Pok\u00e9mon\n|rule|OHKO Clause: OHKO moves are banned\n|rule|Evasion Moves Clause: Evasion moves are banned\n|rule|Gravity Sleep Clause: The combination of sleep-inducing moves with imperfect accuracy and Gravity or Gigantamax Orbeetle are banned\n|rule|Endless Battle Clause: Forcing endless battles is banned\n|rule|HP Percentage Mod: HP is shown in percentages\n|clearpoke\n|poke|p1|Kommo-o, F|\n|poke|p1|Ursaluna-Bloodmoon, M|\n|poke|p1|Sinistcha-Masterpiece|\n|poke|p1|Heatran, M|\n|poke|p1|Ogerpon-Hearthflame, F|\n|poke|p1|Murkrow, M|\n|poke|p2|Slowbro, M|\n|poke|p2|Slowking, F|\n|poke|p2|Indeedee-F, F|\n|poke|p2|Oranguru, M|\n|poke|p2|Medicham, F|\n|poke|p2|Bronzong|\n|teampreview\n|inactive|Battle timer is ON: inactive players will automatically lose when time's up. (requested by waylon217)\n|\n|t:|1699384966\n|start\n|switch|p1a: Murkrow|Murkrow, M|100\/100\n|switch|p1b: Kommo-o|Kommo-o, F|100\/100\n|switch|p2a: Slowbro|Slowbro, M, shiny|100\/100\n|switch|p2b: Slowking|Slowking, F, shiny|100\/100\n|turn|1\n|\n|t:|1699384983\n|switch|p1b: Heatran|Heatran, M|100\/100\n|move|p1a: Murkrow|Tailwind|p1a: Murkrow\n|-sidestart|p1: Bigwang 2|move: Tailwind\n|move|p2a: Slowbro|Snowscape|p2a: Slowbro\n|-weather|Snow\n|move|p2b: Slowking|Blizzard|p1b: Heatran|[spread] p1a,p1b\n|-supereffective|p1a: Murkrow\n|-resisted|p1b: Heatran\n|-damage|p1a: Murkrow|54\/100\n|-damage|p1b: Heatran|95\/100\n|\n|-weather|Snow|[upkeep]\n|-heal|p1b: Heatran|100\/100|[from] item: Leftovers\n|upkeep\n|turn|2\n|inactive|Bigwang 2 has 120 seconds left.\n|\n|t:|1699385029\n|move|p1a: Murkrow|Snarl|p2a: Slowbro|[spread] p2a,p2b\n|-supereffective|p2a: Slowbro\n|-supereffective|p2b: Slowking\n|-damage|p2a: Slowbro|77\/100\n|-damage|p2b: Slowking|88\/100\n|-unboost|p2a: Slowbro|spa|1\n|-unboost|p2b: Slowking|spa|1\n|move|p1b: Heatran|Earth Power|p2b: Slowking\n|-damage|p2b: Slowking|70\/100\n|move|p2a: Slowbro|Hydro Pump|p1b: Heatran\n|-supereffective|p1b: Heatran\n|-damage|p1b: Heatran|55\/100\n|move|p2b: Slowking|Hydro Pump|p1b: Heatran\n|-supereffective|p1b: Heatran\n|-damage|p1b: Heatran|0 fnt\n|faint|p1b: Heatran\n|\n|-weather|Snow|[upkeep]\n|-heal|p2a: Slowbro|83\/100|[from] item: Leftovers\n|upkeep\n|\n|t:|1699385042\n|switch|p1b: Sinistcha|Sinistcha-Masterpiece|100\/100\n|-heal|p1a: Murkrow|79\/100|[from] ability: Hospitality|[of] p1b: Sinistcha\n|turn|3\n|inactive|Bigwang 2 has 120 seconds left.\n|\n|t:|1699385052\n|move|p1a: Murkrow|Snarl|p2b: Slowking|[spread] p2a,p2b\n|-supereffective|p2a: Slowbro\n|-crit|p2a: Slowbro\n|-supereffective|p2b: Slowking\n|-damage|p2a: Slowbro|42\/100\n|-damage|p2b: Slowking|56\/100\n|-unboost|p2a: Slowbro|spa|1\n|-unboost|p2b: Slowking|spa|1\n|move|p1b: Sinistcha|Matcha Gotcha|p2a: Slowbro|[spread] p2a\n|-miss|p1b: Sinistcha|p2b: Slowking\n|-supereffective|p2a: Slowbro\n|-damage|p2a: Slowbro|0 fnt\n|faint|p2a: Slowbro\n|-damage|p1b: Sinistcha|91\/100|[from] item: Life Orb\n|move|p2b: Slowking|Blizzard|p1a: Murkrow|[spread] p1a,p1b\n|-supereffective|p1a: Murkrow\n|-supereffective|p1b: Sinistcha\n|-damage|p1a: Murkrow|58\/100\n|-damage|p1b: Sinistcha|63\/100\n|-status|p1b: Sinistcha|frz\n|\n|-weather|Snow|[upkeep]\n|upkeep\n|inactive|waylon217 has 120 seconds left.\n|\n|t:|1699385088\n|switch|p2a: Bronzong|Bronzong, shiny|100\/100\n|turn|4\n|\n|t:|1699385097\n|-terastallize|p2b: Slowking|Ice\n|move|p1a: Murkrow|Snarl|p2b: Slowking|[spread] p2a,p2b\n|-supereffective|p2a: Bronzong\n|-crit|p2b: Slowking\n|-damage|p2a: Bronzong|83\/100\n|-damage|p2b: Slowking|46\/100\n|-unboost|p2a: Bronzong|spa|1\n|-unboost|p2b: Slowking|spa|1\n|-curestatus|p1b: Sinistcha|frz|[from] move: Matcha Gotcha\n|move|p1b: Sinistcha|Matcha Gotcha|p2b: Slowking|[spread] p2a,p2b\n|-resisted|p2a: Bronzong\n|-damage|p2a: Bronzong|71\/100\n|-heal|p1b: Sinistcha|70\/100|[from] drain|[of] p2a: Bronzong\n|-damage|p2b: Slowking|25\/100\n|-heal|p1b: Sinistcha|85\/100|[from] drain|[of] p2b: Slowking\n|-status|p2b: Slowking|brn\n|-damage|p1b: Sinistcha|75\/100|[from] item: Life Orb\n|move|p2a: Bronzong|Metal Sound|p2b: Slowking|[miss]\n|-miss|p2a: Bronzong|p2b: Slowking\n|move|p2b: Slowking|Blizzard|p1b: Sinistcha|[spread] p1a,p1b\n|-supereffective|p1a: Murkrow\n|-supereffective|p1b: Sinistcha\n|-damage|p1a: Murkrow|32\/100\n|-damage|p1b: Sinistcha|41\/100\n|\n|-weather|Snow|[upkeep]\n|-damage|p2b: Slowking|19\/100 brn|[from] brn\n|-sideend|p1: Bigwang 2|move: Tailwind\n|upkeep\n|turn|5\n|inactive|waylon217 has 120 seconds left.\n|\n|t:|1699385139\n|switch|p2b: Indeedee|Indeedee-F, F|100\/100\n|-fieldstart|move: Psychic Terrain|[from] ability: Psychic Surge|[of] p2b: Indeedee\n|-enditem|p2b: Indeedee|Psychic Seed\n|-boost|p2b: Indeedee|spd|1|[from] item: Psychic Seed\n|move|p1a: Murkrow|Tailwind|p1a: Murkrow\n|-sidestart|p1: Bigwang 2|move: Tailwind\n|move|p1b: Sinistcha|Shadow Ball|p2a: Bronzong\n|-supereffective|p2a: Bronzong\n|-damage|p2a: Bronzong|7\/100\n|-damage|p1b: Sinistcha|31\/100|[from] item: Life Orb\n|move|p2a: Bronzong|Flash Cannon|p1a: Murkrow\n|-damage|p1a: Murkrow|20\/100\n|\n|-weather|none\n|upkeep\n|turn|6\n|inactive|waylon217 has 120 seconds left.\n|\n|t:|1699385161\n|switch|p1a: Ursaluna|Ursaluna-Bloodmoon, M|100\/100\n|move|p1b: Sinistcha|Matcha Gotcha|p2b: Indeedee|[spread] p2b\n|-miss|p1b: Sinistcha|p2a: Bronzong\n|-damage|p2b: Indeedee|82\/100\n|-heal|p1b: Sinistcha|42\/100|[from] drain|[of] p2b: Indeedee\n|-damage|p1b: Sinistcha|32\/100|[from] item: Life Orb\n|move|p2b: Indeedee|Dazzling Gleam|p1a: Ursaluna|[spread] p1a,p1b\n|-damage|p1a: Ursaluna|87\/100\n|-damage|p1b: Sinistcha|19\/100\n|move|p2a: Bronzong|Rest|p2a: Bronzong\n|-status|p2a: Bronzong|slp|[from] move: Rest\n|-heal|p2a: Bronzong|100\/100 slp|[silent]\n|-enditem|p2a: Bronzong|Chesto Berry|[eat]\n|-curestatus|p2a: Bronzong|slp|[msg]\n|\n|-heal|p1a: Ursaluna|93\/100|[from] item: Leftovers\n|upkeep\n|turn|7\n|inactive|waylon217 has 120 seconds left.\n|\n|t:|1699385198\n|move|p1b: Sinistcha|Matcha Gotcha|p2b: Indeedee|[spread] p2a,p2b\n|-resisted|p2a: Bronzong\n|-damage|p2a: Bronzong|89\/100\n|-heal|p1b: Sinistcha|26\/100|[from] drain|[of] p2a: Bronzong\n|-damage|p2b: Indeedee|66\/100\n|-heal|p1b: Sinistcha|36\/100|[from] drain|[of] p2b: Indeedee\n|-status|p2b: Indeedee|brn\n|-damage|p1b: Sinistcha|26\/100|[from] item: Life Orb\n|move|p1a: Ursaluna|Blood Moon|p2b: Indeedee\n|-damage|p2b: Indeedee|31\/100 brn\n|move|p2b: Indeedee|Dazzling Gleam|p1b: Sinistcha|[spread] p1a,p1b\n|-damage|p1a: Ursaluna|77\/100\n|-damage|p1b: Sinistcha|13\/100\n|move|p2a: Bronzong|Flash Cannon|p1b: Sinistcha\n|-damage|p1b: Sinistcha|0 fnt\n|faint|p1b: Sinistcha\n|\n|-heal|p1a: Ursaluna|83\/100|[from] item: Leftovers\n|-damage|p2b: Indeedee|25\/100 brn|[from] brn\n|upkeep\n|inactive|Bigwang 2 has 120 seconds left.\n|\n|t:|1699385220\n|switch|p1b: Ogerpon|Ogerpon-Hearthflame, F|100\/100\n|-ability|p1b: Ogerpon|Mold Breaker\n|turn|8\n|inactive|waylon217 has 120 seconds left.\n|\n|t:|1699385244\n|move|p1b: Ogerpon|Swords Dance|p1b: Ogerpon\n|-boost|p1b: Ogerpon|atk|2\n|move|p1a: Ursaluna|Earth Power|p2a: Bronzong\n|-immune|p2a: Bronzong|[from] ability: Levitate\n|move|p2b: Indeedee|Baton Pass|p2b: Indeedee\n|inactive|waylon217 has 120 seconds left.\n|\n|t:|1699385252\n|switch|p2b: Slowking|Slowking, F, shiny, tera:Ice|53\/100 brn|[from] Baton Pass\n|move|p2a: Bronzong|Metal Sound|p1b: Ogerpon\n|-unboost|p1b: Ogerpon|spd|2\n|\n|-heal|p1a: Ursaluna|89\/100|[from] item: Leftovers\n|-damage|p2b: Slowking|46\/100 brn|[from] brn\n|-sideend|p1: Bigwang 2|move: Tailwind\n|upkeep\n|turn|9\n|inactive|waylon217 has 120 seconds left.\n|\n|t:|1699385279\n|move|p1b: Ogerpon|Ivy Cudgel|p2b: Slowking\n|-supereffective|p2b: Slowking\n|-damage|p2b: Slowking|0 fnt\n|faint|p2b: Slowking\n|move|p1a: Ursaluna|Calm Mind|p1a: Ursaluna\n|-boost|p1a: Ursaluna|spa|1\n|-boost|p1a: Ursaluna|spd|1\n|move|p2a: Bronzong|Metal Sound|p1a: Ursaluna\n|-unboost|p1a: Ursaluna|spd|2\n|\n|-heal|p1a: Ursaluna|95\/100|[from] item: Leftovers\n|-fieldend|move: Psychic Terrain\n|upkeep\n|inactive|waylon217 has 120 seconds left.\n|\n|t:|1699385294\n|switch|p2b: Medicham|Medicham, F, shiny|100\/100\n|turn|10\n|\n|t:|1699385308\n|move|p1b: Ogerpon|Ivy Cudgel|p2a: Bronzong\n|-supereffective|p2a: Bronzong\n|-damage|p2a: Bronzong|0 fnt\n|faint|p2a: Bronzong\n|move|p2b: Medicham|Close Combat|p1b: Ogerpon\n|-damage|p1b: Ogerpon|0 fnt\n|-unboost|p2b: Medicham|def|1\n|-unboost|p2b: Medicham|spd|1\n|faint|p1b: Ogerpon\n|-damage|p2b: Medicham|91\/100|[from] item: Life Orb\n|move|p1a: Ursaluna|Blood Moon|p2b: Medicham\n|-damage|p2b: Medicham|0 fnt\n|faint|p2b: Medicham\n|\n|-heal|p1a: Ursaluna|100\/100|[from] item: Leftovers\n|upkeep\n|\n|t:|1699385324\n|switch|p1b: Murkrow|Murkrow, M|20\/100\n|switch|p2b: Indeedee|Indeedee-F, F|25\/100 brn\n|switch|p2a: Oranguru|Oranguru, M, shiny|100\/100\n|-fieldstart|move: Psychic Terrain|[from] ability: Psychic Surge|[of] p2b: Indeedee\n|turn|11\n|\n|t:|1699385346\n|move|p1b: Murkrow|Tailwind|p1b: Murkrow\n|-sidestart|p1: Bigwang 2|move: Tailwind\n|move|p1a: Ursaluna|Earth Power|p2b: Indeedee\n|-damage|p2b: Indeedee|0 fnt\n|faint|p2b: Indeedee\n|move|p2a: Oranguru|Calm Mind|p2a: Oranguru\n|-boost|p2a: Oranguru|spa|1\n|-boost|p2a: Oranguru|spd|1\n|\n|upkeep\n|turn|12\n|\n|t:|1699385354\n|move|p1b: Murkrow|Snarl|p2a: Oranguru\n|-supereffective|p2a: Oranguru\n|-damage|p2a: Oranguru|83\/100\n|-unboost|p2a: Oranguru|spa|1\n|move|p1a: Ursaluna|Blood Moon|p2a: Oranguru\n|-damage|p2a: Oranguru|20\/100\n|move|p2a: Oranguru|Hyper Beam|p1a: Ursaluna\n|-damage|p1a: Ursaluna|1\/100\n|-mustrecharge|p2a: Oranguru\n|\n|-heal|p1a: Ursaluna|7\/100|[from] item: Leftovers\n|upkeep\n|turn|13\n|\n|t:|1699385367\n|move|p1b: Murkrow|Snarl|p2a: Oranguru\n|-supereffective|p2a: Oranguru\n|-damage|p2a: Oranguru|2\/100\n|-unboost|p2a: Oranguru|spa|1\n|move|p1a: Ursaluna|Earth Power|p2a: Oranguru\n|-damage|p2a: Oranguru|0 fnt\n|faint|p2a: Oranguru\n|\n|win|Bigwang 2\n|raw|Bigwang 2's rating: 1026 &rarr; <strong>1068<\/strong><br \/>(+42 for winning)\n|raw|waylon217's rating: 1086 &rarr; <strong>1059<\/strong><br \/>(-27 for losing)\n","uploadtime":1699385370,"views":8,"p1id":"bigwang2","p2id":"waylon217","formatid":"gen9doublesou","rating":1059,"private":0,"password":""}