{"id":"gen9doublesou-1986934474","p1":"okiida","p2":"Bokobl1","format":"[Gen 9] Doubles OU","log":"|j|\u2606okiida\n|j|\u2606Bokobl1\n|t:|1699542388\n|gametype|doubles\n|player|p1|okiida|169|1140\n|player|p2|Bokobl1|n|1165\n|teamsize|p1|6\n|teamsize|p2|6\n|gen|9\n|tier|[Gen 9] Doubles OU\n|rated|\n|rule|Species Clause: Limit one of each Pok\u00e9mon\n|rule|OHKO Clause: OHKO moves are banned\n|rule|Evasion Moves Clause: Evasion moves are banned\n|rule|Gravity Sleep Clause: The combination of sleep-inducing moves with imperfect accuracy and Gravity or Gigantamax Orbeetle are banned\n|rule|Endless Battle Clause: Forcing endless battles is banned\n|rule|HP Percentage Mod: HP is shown in percentages\n|clearpoke\n|poke|p1|Landorus-Therian, M|\n|poke|p1|Iron Hands|\n|poke|p1|Farigiraf, M|\n|poke|p1|Clefairy, F|\n|poke|p1|Flutter Mane|\n|poke|p1|Ogerpon-Hearthflame, F|\n|poke|p2|Ninetales-Alola, F|\n|poke|p2|Iron Hands|\n|poke|p2|Clefairy, F|\n|poke|p2|Roaring Moon|\n|poke|p2|Tornadus, M|\n|poke|p2|Chien-Pao|\n|teampreview\n|inactive|Battle timer is ON: inactive players will automatically lose when time's up. (requested by Bokobl1)\n|\n|t:|1699542436\n|start\n|switch|p1a: Farigiraf|Farigiraf, M|100\/100\n|switch|p1b: Landorus|Landorus-Therian, M|100\/100\n|switch|p2a: Clefairy|Clefairy, F, shiny|100\/100\n|switch|p2b: Roaring Moon|Roaring Moon, shiny|100\/100\n|-ability|p1b: Landorus|Intimidate|boost\n|-unboost|p2a: Clefairy|atk|1\n|-unboost|p2b: Roaring Moon|atk|1\n|-enditem|p2b: Roaring Moon|Booster Energy\n|-activate|p2b: Roaring Moon|ability: Protosynthesis|[fromitem]\n|-start|p2b: Roaring Moon|protosynthesisspe\n|turn|1\n|inactive|okiida has 120 seconds left.\n|\n|t:|1699542466\n|move|p2a: Clefairy|Follow Me|p2a: Clefairy\n|-singleturn|p2a: Clefairy|move: Follow Me\n|move|p2b: Roaring Moon|Dragon Dance|p2b: Roaring Moon\n|-boost|p2b: Roaring Moon|atk|1\n|-boost|p2b: Roaring Moon|spe|1\n|move|p1b: Landorus|U-turn|p2a: Clefairy\n|-resisted|p2a: Clefairy\n|-crit|p2a: Clefairy\n|-damage|p2a: Clefairy|83\/100\n|inactive|okiida has 120 seconds left.\n|\n|t:|1699542475\n|switch|p1b: Iron Hands|Iron Hands|100\/100|[from] U-turn\n|move|p1a: Farigiraf|Dazzling Gleam|p2b: Roaring Moon|[spread] p2a,p2b\n|-supereffective|p2b: Roaring Moon\n|-damage|p2a: Clefairy|69\/100\n|-damage|p2b: Roaring Moon|49\/100\n|\n|upkeep\n|turn|2\n|inactive|Bokobl1 has 120 seconds left.\n|\n|t:|1699542511\n|-terastallize|p2b: Roaring Moon|Flying\n|move|p2a: Clefairy|Helping Hand|p2b: Roaring Moon\n|-singleturn|p2b: Roaring Moon|Helping Hand|[of] p2a: Clefairy\n|move|p1b: Iron Hands|Fake Out|p2b: Roaring Moon\n|-damage|p2b: Roaring Moon|32\/100\n|-damage|p1b: Iron Hands|91\/100|[from] item: Life Orb\n|cant|p2b: Roaring Moon|flinch\n|move|p1a: Farigiraf|Trick Room|p1a: Farigiraf\n|-fieldstart|move: Trick Room|[of] p1a: Farigiraf\n|\n|upkeep\n|turn|3\n|inactive|okiida has 120 seconds left.\n|inactive|Bokobl1 has 120 seconds left.\n|inactive|okiida has 90 seconds left.\n|\n|t:|1699542588\n|move|p2a: Clefairy|Heal Pulse|p2b: Roaring Moon\n|-heal|p2b: Roaring Moon|83\/100\n|move|p1a: Farigiraf|Nasty Plot|p1a: Farigiraf\n|-boost|p1a: Farigiraf|spa|2\n|move|p1b: Iron Hands|Wild Charge|p2b: Roaring Moon\n|-supereffective|p2b: Roaring Moon\n|-damage|p2b: Roaring Moon|0 fnt\n|faint|p2b: Roaring Moon\n|-end|p2b: Roaring Moon|Protosynthesis|[silent]\n|-damage|p1b: Iron Hands|76\/100|[from] Recoil\n|-damage|p1b: Iron Hands|67\/100|[from] item: Life Orb\n|\n|upkeep\n|\n|t:|1699542614\n|switch|p2b: Iron Hands|Iron Hands, shiny|100\/100\n|turn|4\n|\n|t:|1699542624\n|-end|p1b: Iron Hands|Quark Drive|[silent]\n|switch|p1b: Landorus|Landorus-Therian, M|100\/100\n|-ability|p1b: Landorus|Intimidate|boost\n|-unboost|p2a: Clefairy|atk|1\n|-unboost|p2b: Iron Hands|atk|1\n|move|p2a: Clefairy|Helping Hand|p2b: Iron Hands\n|-singleturn|p2b: Iron Hands|Helping Hand|[of] p2a: Clefairy\n|move|p1a: Farigiraf|Dazzling Gleam|p2b: Iron Hands|[spread] p2a,p2b\n|-supereffective|p2b: Iron Hands\n|-damage|p2a: Clefairy|39\/100\n|-damage|p2b: Iron Hands|78\/100\n|move|p2b: Iron Hands|Wild Charge|p1a: Farigiraf\n|-damage|p1a: Farigiraf|57\/100\n|-damage|p2b: Iron Hands|68\/100|[from] Recoil\n|\n|upkeep\n|turn|5\n|inactive|okiida has 120 seconds left.\n|inactive|Bokobl1 has 120 seconds left.\n|\n|t:|1699542651\n|move|p2a: Clefairy|Heal Pulse|p2b: Iron Hands\n|-heal|p2b: Iron Hands|100\/100\n|move|p1a: Farigiraf|Dazzling Gleam|p2b: Iron Hands|[spread] p2a,p2b\n|-supereffective|p2b: Iron Hands\n|-damage|p2a: Clefairy|14\/100\n|-damage|p2b: Iron Hands|76\/100\n|move|p2b: Iron Hands|Wild Charge|p1a: Farigiraf\n|-damage|p1a: Farigiraf|26\/100\n|-damage|p2b: Iron Hands|69\/100|[from] Recoil\n|move|p1b: Landorus|Stomping Tantrum|p2b: Iron Hands\n|-supereffective|p2b: Iron Hands\n|-damage|p2b: Iron Hands|25\/100\n|\n|upkeep\n|turn|6\n|inactive|okiida has 120 seconds left.\n|\n|t:|1699542677\n|switch|p1b: Clefairy|Clefairy, F|100\/100\n|move|p2a: Clefairy|Heal Pulse|p2b: Iron Hands\n|-heal|p2b: Iron Hands|75\/100\n|move|p1a: Farigiraf|Dazzling Gleam|p2b: Iron Hands|[spread] p2a,p2b\n|-supereffective|p2b: Iron Hands\n|-damage|p2a: Clefairy|0 fnt\n|-damage|p2b: Iron Hands|50\/100\n|faint|p2a: Clefairy\n|move|p2b: Iron Hands|Wild Charge|p1a: Farigiraf\n|-damage|p1a: Farigiraf|5\/100\n|-enditem|p1a: Farigiraf|Aguav Berry|[eat]\n|-heal|p1a: Farigiraf|38\/100|[from] item: Aguav Berry\n|-damage|p2b: Iron Hands|45\/100|[from] Recoil\n|\n|-fieldend|move: Trick Room\n|upkeep\n|inactive|Bokobl1 has 120 seconds left.\n|\n|t:|1699542692\n|switch|p2a: Chien-Pao|Chien-Pao|100\/100\n|-ability|p2a: Chien-Pao|Sword of Ruin\n|turn|7\n|inactive|okiida has 120 seconds left.\n|\n|t:|1699542708\n|move|p1b: Clefairy|Follow Me|p1b: Clefairy\n|-singleturn|p1b: Clefairy|move: Follow Me\n|move|p2a: Chien-Pao|Icicle Crash|p1b: Clefairy\n|-damage|p1b: Clefairy|51\/100\n|move|p2b: Iron Hands|Heavy Slam|p1b: Clefairy\n|-supereffective|p1b: Clefairy\n|-damage|p1b: Clefairy|0 fnt\n|faint|p1b: Clefairy\n|move|p1a: Farigiraf|Trick Room|p1a: Farigiraf\n|-fieldstart|move: Trick Room|[of] p1a: Farigiraf\n|\n|upkeep\n|inactive|okiida has 120 seconds left.\n|\n|t:|1699542719\n|switch|p1b: Iron Hands|Iron Hands|67\/100\n|turn|8\n|\n|t:|1699542735\n|move|p2a: Chien-Pao|Protect|p2a: Chien-Pao\n|-singleturn|p2a: Chien-Pao|Protect\n|move|p1a: Farigiraf|Dazzling Gleam|p2b: Iron Hands|[spread] p2b\n|-activate|p2a: Chien-Pao|move: Protect\n|-supereffective|p2b: Iron Hands\n|-damage|p2b: Iron Hands|16\/100\n|move|p1b: Iron Hands|Drain Punch|p2b: Iron Hands\n|-damage|p2b: Iron Hands|0 fnt\n|-heal|p1b: Iron Hands|74\/100|[from] drain|[of] p2b: Iron Hands\n|faint|p2b: Iron Hands\n|-end|p2b: Iron Hands|Quark Drive|[silent]\n|-damage|p1b: Iron Hands|64\/100|[from] item: Life Orb\n|\n|upkeep\n|\n|t:|1699542753\n|switch|p2b: Tornadus|Tornadus, M, shiny|100\/100\n|turn|9\n|\n|t:|1699542775\n|move|p1a: Farigiraf|Dazzling Gleam|p2a: Chien-Pao|[spread] p2a,p2b\n|-supereffective|p2a: Chien-Pao\n|-enditem|p2a: Chien-Pao|Focus Sash\n|-damage|p2a: Chien-Pao|1\/100\n|-damage|p2b: Tornadus|55\/100\n|move|p1b: Iron Hands|Drain Punch|p2a: Chien-Pao\n|-supereffective|p2a: Chien-Pao\n|-damage|p2a: Chien-Pao|0 fnt\n|-heal|p1b: Iron Hands|64\/100|[from] drain|[of] p2a: Chien-Pao\n|faint|p2a: Chien-Pao\n|-damage|p1b: Iron Hands|54\/100|[from] item: Life Orb\n|move|p2b: Tornadus|Bleakwind Storm|p1a: Farigiraf|[spread] p1a,p1b\n|-damage|p1a: Farigiraf|2\/100\n|-damage|p1b: Iron Hands|30\/100\n|\n|upkeep\n|inactive|Bokobl1 has 120 seconds left.\n|\n|t:|1699542790\n|switch|p2a: Ninetales|Ninetales-Alola, F, shiny|100\/100\n|-weather|Snow|[from] ability: Snow Warning|[of] p2a: Ninetales\n|turn|10\n|\n|t:|1699542805\n|move|p2b: Tornadus|Protect|p2b: Tornadus\n|-singleturn|p2b: Tornadus|Protect\n|move|p1a: Farigiraf|Psychic|p2a: Ninetales\n|-damage|p2a: Ninetales|10\/100\n|move|p1b: Iron Hands|Drain Punch|p2a: Ninetales\n|-damage|p2a: Ninetales|0 fnt\n|-heal|p1b: Iron Hands|33\/100|[from] drain|[of] p2a: Ninetales\n|faint|p2a: Ninetales\n|-damage|p1b: Iron Hands|23\/100|[from] item: Life Orb\n|\n|-weather|Snow|[upkeep]\n|upkeep\n|turn|11\n|\n|t:|1699542817\n|move|p1a: Farigiraf|Psychic|p2b: Tornadus\n|-damage|p2b: Tornadus|0 fnt\n|faint|p2b: Tornadus\n|\n|win|okiida\n|raw|okiida's rating: 1140 &rarr; <strong>1167<\/strong><br \/>(+27 for winning)\n|raw|Bokobl1's rating: 1165 &rarr; <strong>1138<\/strong><br \/>(-27 for losing)\n|c|\u2606Bokobl1|gg\n","uploadtime":1699542830,"views":15,"p1id":"okiida","p2id":"bokobl1","formatid":"gen9doublesou","rating":1138,"private":0,"password":""}