{"id":"gen9doublesou-1998704206","p1":"Tsuna Senju","p2":"Kuzwa","format":"[Gen 9] Doubles OU","log":"|j|\u2606Tsuna Senju\n|j|\u2606Kuzwa\n|t:|1700975053\n|gametype|doubles\n|player|p1|Tsuna Senju|bugcatcher-gen4dp|1253\n|player|p2|Kuzwa|pokemonbreeder-gen4|1264\n|teamsize|p1|6\n|teamsize|p2|6\n|gen|9\n|tier|[Gen 9] Doubles OU\n|rated|\n|rule|Species Clause: Limit one of each Pok\u00e9mon\n|rule|OHKO Clause: OHKO moves are banned\n|rule|Evasion Moves Clause: Evasion moves are banned\n|rule|Gravity Sleep Clause: The combination of sleep-inducing moves with imperfect accuracy and Gravity or Gigantamax Orbeetle are banned\n|rule|Endless Battle Clause: Forcing endless battles is banned\n|rule|HP Percentage Mod: HP is shown in percentages\n|clearpoke\n|poke|p1|Tyranitar, M|\n|poke|p1|Gholdengo|\n|poke|p1|Toxapex, F|\n|poke|p1|Bronzong|\n|poke|p1|Hatterene, F|\n|poke|p1|Hippowdon, M|\n|poke|p2|Volcarona, M|\n|poke|p2|Gallade, M|\n|poke|p2|Glimmora, M|\n|poke|p2|Inteleon, M|\n|poke|p2|Chien-Pao|\n|poke|p2|Sableye, M|\n|teampreview\n|inactive|Battle timer is ON: inactive players will automatically lose when time's up. (requested by Kuzwa)\n|\n|t:|1700975078\n|start\n|switch|p1a: Tyranitar|Tyranitar, M|100\/100\n|switch|p1b: Hatterene|Hatterene, F|100\/100\n|switch|p2a: Castro|Glimmora, M|100\/100\n|switch|p2b: Rango|Sableye, M|100\/100\n|-item|p2a: Castro|Air Balloon\n|-weather|Sandstorm|[from] ability: Sand Stream|[of] p1a: Tyranitar\n|turn|1\n|c|\u2606Tsuna Senju|glhf\n|\n|t:|1700975089\n|move|p2b: Rango|Helping Hand|p2a: Castro\n|-singleturn|p2a: Castro|Helping Hand|[of] p2b: Rango\n|move|p2a: Castro|Sludge Wave|p1b: Hatterene|[spread] p2b,p1a,p1b\n|-resisted|p2b: Rango\n|-resisted|p1a: Tyranitar\n|-supereffective|p1b: Hatterene\n|-damage|p2b: Rango|69\/100\n|-damage|p1a: Tyranitar|83\/100\n|-damage|p1b: Hatterene|0 fnt\n|faint|p1b: Hatterene\n|move|p1a: Tyranitar|Stealth Rock|p2b: Rango\n|-sidestart|p2: Kuzwa|move: Stealth Rock\n|\n|-weather|Sandstorm|[upkeep]\n|-damage|p2b: Rango|63\/100|[from] Sandstorm\n|upkeep\n|\n|t:|1700975099\n|switch|p1b: Bronzong|Bronzong|100\/100\n|turn|2\n|\n|t:|1700975110\n|move|p2b: Rango|Will-O-Wisp|p1a: Tyranitar\n|-hint|Since gen 7, Dark is immune to Prankster moves.\n|-immune|p1a: Tyranitar\n|move|p2a: Castro|Mortal Spin|p1a: Tyranitar|[spread] p1a\n|-immune|p1b: Bronzong\n|-resisted|p1a: Tyranitar\n|-damage|p1a: Tyranitar|81\/100\n|-status|p1a: Tyranitar|psn\n|-damage|p2a: Castro|84\/100|[from] item: Rocky Helmet|[of] p1a: Tyranitar\n|-sideend|p2: Kuzwa|Stealth Rock|[from] move: Mortal Spin|[of] p2a: Castro\n|move|p1a: Tyranitar|Knock Off|p2a: Castro\n|-damage|p2a: Castro|11\/100\n|-activate|p2a: Castro|ability: Toxic Debris\n|-sidestart|p1: Tsuna Senju|move: Toxic Spikes\n|-enditem|p2a: Castro|Air Balloon\n|move|p1b: Bronzong|Trick Room|p1b: Bronzong\n|-fieldstart|move: Trick Room|[of] p1b: Bronzong\n|\n|-weather|Sandstorm|[upkeep]\n|-damage|p2b: Rango|57\/100|[from] Sandstorm\n|-damage|p1a: Tyranitar|69\/100 psn|[from] psn\n|upkeep\n|turn|3\n|\n|t:|1700975139\n|move|p2b: Rango|Encore|p1b: Bronzong\n|-start|p1b: Bronzong|Encore\n|move|p1b: Bronzong|Trick Room|p1b: Bronzong\n|-fieldend|move: Trick Room\n|move|p2a: Castro|Power Gem|p1b: Bronzong\n|-resisted|p1b: Bronzong\n|-damage|p1b: Bronzong|83\/100\n|move|p1a: Tyranitar|Knock Off|p2b: Rango\n|-damage|p2b: Rango|0 fnt\n|-enditem|p2b: Rango|Focus Sash|[from] move: Knock Off|[of] p1a: Tyranitar\n|faint|p2b: Rango\n|\n|-weather|Sandstorm|[upkeep]\n|-heal|p1b: Bronzong|89\/100|[from] item: Leftovers\n|-damage|p1a: Tyranitar|56\/100 psn|[from] psn\n|upkeep\n|inactive|Kuzwa has 120 seconds left.\n|\n|t:|1700975152\n|switch|p2b: Mango|Volcarona, M, shiny|100\/100\n|turn|4\n|\n|t:|1700975167\n|switch|p2a: Neon|Inteleon, M, shiny|100\/100\n|move|p2b: Mango|Giga Drain|p1a: Tyranitar\n|-supereffective|p1a: Tyranitar\n|-damage|p1a: Tyranitar|22\/100 psn\n|move|p1a: Tyranitar|Knock Off|p2b: Mango\n|-damage|p2b: Mango|13\/100\n|-enditem|p2b: Mango|Heavy-Duty Boots|[from] move: Knock Off|[of] p1a: Tyranitar\n|move|p1b: Bronzong|Trick Room|p1b: Bronzong\n|-fieldstart|move: Trick Room|[of] p1b: Bronzong\n|\n|-weather|Sandstorm|[upkeep]\n|-damage|p2b: Mango|7\/100|[from] Sandstorm\n|-damage|p2a: Neon|94\/100|[from] Sandstorm\n|-heal|p1b: Bronzong|95\/100|[from] item: Leftovers\n|-damage|p1a: Tyranitar|10\/100 psn|[from] psn\n|upkeep\n|turn|5\n|inactive|Tsuna Senju has 120 seconds left.\n|\n|t:|1700975212\n|switch|p1b: Toxapex|Toxapex, F, shiny|100\/100\n|-sideend|p1: Tsuna Senju|move: Toxic Spikes|[of] p1b: Toxapex\n|move|p1a: Tyranitar|Knock Off|p2a: Neon\n|-damage|p2a: Neon|2\/100\n|-enditem|p2a: Neon|Choice Specs|[from] move: Knock Off|[of] p1a: Tyranitar\n|move|p2b: Mango|Fiery Dance|p1a: Tyranitar\n|-resisted|p1a: Tyranitar\n|-damage|p1a: Tyranitar|0 fnt\n|faint|p1a: Tyranitar\n|move|p2a: Neon|Dark Pulse|p1b: Toxapex\n|-damage|p1b: Toxapex|79\/100\n|\n|-weather|none\n|-heal|p1b: Toxapex|85\/100|[from] item: Black Sludge\n|upkeep\n|\n|t:|1700975226\n|switch|p1a: Hippowdon|Hippowdon, M|100\/100\n|-weather|Sandstorm|[from] ability: Sand Stream|[of] p1a: Hippowdon\n|turn|6\n|inactive|Tsuna Senju has 120 seconds left.\n|\n|t:|1700975237\n|move|p1b: Toxapex|Infestation|p2b: Mango\n|-resisted|p2b: Mango\n|-damage|p2b: Mango|6\/100\n|-activate|p2b: Mango|move: Infestation|[of] p1b: Toxapex\n|move|p1a: Hippowdon|Curse|p1a: Hippowdon\n|-unboost|p1a: Hippowdon|spe|1\n|-boost|p1a: Hippowdon|atk|1\n|-boost|p1a: Hippowdon|def|1\n|move|p2b: Mango|Giga Drain|p1a: Hippowdon\n|-supereffective|p1a: Hippowdon\n|-damage|p1a: Hippowdon|30\/100\n|-heal|p2b: Mango|46\/100|[from] drain|[of] p1a: Hippowdon\n|move|p2a: Neon|Snipe Shot|p1a: Hippowdon\n|-supereffective|p1a: Hippowdon\n|-damage|p1a: Hippowdon|0 fnt\n|faint|p1a: Hippowdon\n|\n|-weather|Sandstorm|[upkeep]\n|-damage|p1b: Toxapex|79\/100|[from] Sandstorm\n|-damage|p2b: Mango|40\/100|[from] Sandstorm\n|-damage|p2a: Neon|0 fnt|[from] Sandstorm\n|faint|p2a: Neon\n|-heal|p1b: Toxapex|85\/100|[from] item: Black Sludge\n|-damage|p2b: Mango|28\/100|[from] move: Infestation|[partiallytrapped]\n|upkeep\n|inactive|Tsuna Senju has 120 seconds left.\n|\n|t:|1700975263\n|switch|p1a: Gholdengo|Gholdengo|100\/100\n|switch|p2a: Castro|Glimmora, M|11\/100\n|turn|7\n|\n|t:|1700975276\n|move|p1b: Toxapex|Toxic|p2b: Mango\n|-status|p2b: Mango|tox\n|move|p1a: Gholdengo|Dazzling Gleam|p2a: Castro|[spread] p2a,p2b\n|-resisted|p2a: Castro\n|-resisted|p2b: Mango\n|-damage|p2a: Castro|0 fnt\n|-damage|p2b: Mango|16\/100 tox\n|faint|p2a: Castro\n|move|p2b: Mango|Fiery Dance|p1a: Gholdengo\n|-supereffective|p1a: Gholdengo\n|-damage|p1a: Gholdengo|39\/100\n|\n|-weather|Sandstorm|[upkeep]\n|-damage|p1b: Toxapex|79\/100|[from] Sandstorm\n|-damage|p2b: Mango|10\/100 tox|[from] Sandstorm\n|-heal|p1b: Toxapex|85\/100|[from] item: Black Sludge\n|-damage|p2b: Mango|3\/100 tox|[from] psn\n|-damage|p2b: Mango|0 fnt|[from] move: Infestation|[partiallytrapped]\n|faint|p2b: Mango\n|upkeep\n|\n|t:|1700975283\n|switch|p2a: Eon|Chien-Pao|100\/100\n|switch|p2b: Astro|Gallade, M|100\/100\n|-ability|p2a: Eon|Sword of Ruin\n|turn|8\n|inactive|Tsuna Senju has 120 seconds left.\n|\n|t:|1700975313\n|switch|p1a: Bronzong|Bronzong|95\/100\n|move|p2a: Eon|Sucker Punch||[still]\n|-fail|p2a: Eon\n|move|p1b: Toxapex|Toxic|p2a: Eon\n|-status|p2a: Eon|tox\n|move|p2b: Astro|Swords Dance|p2b: Astro\n|-boost|p2b: Astro|atk|2\n|\n|-weather|Sandstorm|[upkeep]\n|-damage|p1b: Toxapex|79\/100|[from] Sandstorm\n|-damage|p2b: Astro|94\/100|[from] Sandstorm\n|-damage|p2a: Eon|95\/100 tox|[from] Sandstorm\n|-heal|p1a: Bronzong|100\/100|[from] item: Leftovers\n|-heal|p1b: Toxapex|85\/100|[from] item: Black Sludge\n|-damage|p2a: Eon|89\/100 tox|[from] psn\n|-fieldend|move: Trick Room\n|upkeep\n|turn|9\n|\n|t:|1700975330\n|move|p1b: Toxapex|Baneful Bunker|p1b: Toxapex\n|-singleturn|p1b: Toxapex|move: Protect\n|move|p2a: Eon|Sacred Sword|p1a: Bronzong\n|-damage|p1a: Bronzong|65\/100\n|move|p2b: Astro|Leaf Blade|p1b: Toxapex\n|-activate|p1b: Toxapex|move: Protect\n|-status|p2b: Astro|psn\n|move|p1a: Bronzong|Trick Room|p1a: Bronzong\n|-fieldstart|move: Trick Room|[of] p1a: Bronzong\n|\n|-weather|Sandstorm|[upkeep]\n|-damage|p1b: Toxapex|79\/100|[from] Sandstorm\n|-damage|p2b: Astro|88\/100 psn|[from] Sandstorm\n|-damage|p2a: Eon|83\/100 tox|[from] Sandstorm\n|-heal|p1a: Bronzong|71\/100|[from] item: Leftovers\n|-heal|p1b: Toxapex|85\/100|[from] item: Black Sludge\n|-damage|p2b: Astro|76\/100 psn|[from] psn\n|-damage|p2a: Eon|71\/100 tox|[from] psn\n|upkeep\n|turn|10\n|\n|t:|1700975353\n|move|p1a: Bronzong|Protect|p1a: Bronzong\n|-singleturn|p1a: Bronzong|Protect\n|move|p2a: Eon|Sucker Punch|p1b: Toxapex\n|-damage|p1b: Toxapex|43\/100\n|move|p1b: Toxapex|Infestation|p2b: Astro\n|-crit|p2b: Astro\n|-damage|p2b: Astro|72\/100 psn\n|-activate|p2b: Astro|move: Infestation|[of] p1b: Toxapex\n|move|p2b: Astro|Leaf Blade|p1b: Toxapex\n|-damage|p1b: Toxapex|0 fnt\n|faint|p1b: Toxapex\n|\n|-weather|none\n|-heal|p1a: Bronzong|77\/100|[from] item: Leftovers\n|-damage|p2b: Astro|59\/100 psn|[from] psn\n|-damage|p2a: Eon|53\/100 tox|[from] psn\n|-end|p2b: Astro|Infestation|[partiallytrapped]|[silent]\n|upkeep\n|\n|t:|1700975367\n|switch|p1b: Gholdengo|Gholdengo|39\/100\n|turn|11\n|inactive|Tsuna Senju has 120 seconds left.\n|\n|t:|1700975398\n|-terastallize|p2b: Astro|Fire\n|move|p2a: Eon|Sucker Punch|p1b: Gholdengo\n|-supereffective|p1b: Gholdengo\n|-damage|p1b: Gholdengo|0 fnt\n|faint|p1b: Gholdengo\n|move|p1a: Bronzong|Iron Head|p2a: Eon\n|-supereffective|p2a: Eon\n|-damage|p2a: Eon|0 fnt\n|faint|p2a: Eon\n|move|p2b: Astro|Sacred Sword|p1a: Bronzong\n|-damage|p1a: Bronzong|0 fnt\n|faint|p1a: Bronzong\n|\n|win|Kuzwa\n|raw|Tsuna Senju's rating: 1253 &rarr; <strong>1229<\/strong><br \/>(-24 for losing)\n|raw|Kuzwa's rating: 1264 &rarr; <strong>1288<\/strong><br \/>(+24 for winning)\n","uploadtime":1700975407,"views":6,"p1id":"tsunasenju","p2id":"kuzwa","formatid":"gen9doublesou","rating":1229,"private":0,"password":""}