{"id":"gen9doublesou-1980839803","p1":"Jackmim","p2":"kcaskade","format":"[Gen 9] Doubles OU","log":"|j|\u2606Jackmim\n|j|\u2606kcaskade\n|t:|1698840936\n|gametype|doubles\n|player|p1|Jackmim|hala|1013\n|player|p2|kcaskade|crasherwake|1069\n|teamsize|p1|6\n|teamsize|p2|6\n|gen|9\n|tier|[Gen 9] Doubles OU\n|rated|\n|rule|Species Clause: Limit one of each Pok\u00e9mon\n|rule|OHKO Clause: OHKO moves are banned\n|rule|Evasion Moves Clause: Evasion moves are banned\n|rule|Gravity Sleep Clause: The combination of sleep-inducing moves with imperfect accuracy and Gravity or Gigantamax Orbeetle are banned\n|rule|Endless Battle Clause: Forcing endless battles is banned\n|rule|HP Percentage Mod: HP is shown in percentages\n|clearpoke\n|poke|p1|Hariyama, M|\n|poke|p1|Makuhita, F|\n|poke|p1|Poliwhirl, F|\n|poke|p1|Poliwrath, M|\n|poke|p1|Crabrawler, M|\n|poke|p1|Crabominable, M|\n|poke|p2|Grafaiai, M|\n|poke|p2|Slaking, M|\n|poke|p2|Sinistcha-Masterpiece|\n|poke|p2|Goodra-Hisui, M|\n|poke|p2|Morpeko, M|\n|poke|p2|Grimmsnarl, M|\n|teampreview\n|c|\u2606kcaskade|Glhf\n|\n|t:|1698840946\n|start\n|switch|p1a: Kahunayama|Hariyama, M|100\/100\n|switch|p1b: Mahalkita|Makuhita, F, shiny|100\/100\n|switch|p2a: Slaking|Slaking, M|100\/100\n|switch|p2b: Grafaiai|Grafaiai, M|100\/100\n|turn|1\n|\n|t:|1698840973\n|move|p1b: Mahalkita|Fake Out|p2a: Slaking\n|-damage|p2a: Slaking|96\/100\n|move|p2b: Grafaiai|Doodle|p1a: Kahunayama\n|-endability|p2a: Slaking|Truant|[from] move: Doodle\n|-ability|p2a: Slaking|Guts|[from] move: Doodle\n|-endability|p2b: Grafaiai|Prankster|[from] move: Doodle\n|-ability|p2b: Grafaiai|Guts|[from] move: Doodle\n|cant|p2a: Slaking|flinch\n|move|p1a: Kahunayama|Drain Punch|p2a: Slaking\n|-supereffective|p2a: Slaking\n|-damage|p2a: Slaking|40\/100\n|\n|-status|p1a: Kahunayama|brn|[from] item: Flame Orb\n|upkeep\n|turn|2\n|\n|t:|1698841004\n|switch|p2b: Grimmsnarl|Grimmsnarl, M|100\/100\n|switch|p2a: Sinistcha|Sinistcha-Masterpiece, shiny|100\/100\n|move|p1a: Kahunayama|Drain Punch|p2a: Sinistcha\n|-immune|p2a: Sinistcha\n|move|p1b: Mahalkita|Drain Punch|p2b: Grimmsnarl\n|-damage|p2b: Grimmsnarl|79\/100\n|\n|-damage|p1a: Kahunayama|94\/100 brn|[from] brn\n|upkeep\n|turn|3\n|c|\u2606Jackmim|glhf\n|\n|t:|1698841025\n|move|p1b: Mahalkita|Helping Hand|p1a: Kahunayama\n|-singleturn|p1a: Kahunayama|Helping Hand|[of] p1b: Mahalkita\n|move|p2b: Grimmsnarl|Reflect|p2b: Grimmsnarl\n|-sidestart|p2: kcaskade|Reflect\n|move|p2a: Sinistcha|Hex|p1a: Kahunayama\n|-damage|p1a: Kahunayama|18\/100 brn\n|move|p1a: Kahunayama|Knock Off|p2a: Sinistcha\n|-supereffective|p2a: Sinistcha\n|-damage|p2a: Sinistcha|7\/100\n|-enditem|p2a: Sinistcha|Leftovers|[from] move: Knock Off|[of] p1a: Kahunayama\n|\n|-damage|p1a: Kahunayama|12\/100 brn|[from] brn\n|upkeep\n|turn|4\n|\n|t:|1698841061\n|switch|p1a: Kamehamewhirl|Poliwhirl, F, shiny|100\/100\n|switch|p1b: Frog Kata|Poliwrath, M, shiny|100\/100\n|move|p2b: Grimmsnarl|Parting Shot|p1b: Frog Kata\n|-unboost|p1b: Frog Kata|atk|1\n|-unboost|p1b: Frog Kata|spa|1\n|\n|t:|1698841070\n|switch|p2b: Goodra|Goodra-Hisui, M|100\/100|[from] Parting Shot\n|move|p2a: Sinistcha|Matcha Gotcha|p1b: Frog Kata|[spread] p1b\n|-miss|p2a: Sinistcha|p1a: Kamehamewhirl\n|-supereffective|p1b: Frog Kata\n|-damage|p1b: Frog Kata|24\/100\n|-heal|p2a: Sinistcha|42\/100|[from] drain|[of] p1b: Frog Kata\n|\n|upkeep\n|turn|5\n|\n|t:|1698841093\n|move|p1a: Kamehamewhirl|Ice Beam|p2a: Sinistcha\n|-supereffective|p2a: Sinistcha\n|-damage|p2a: Sinistcha|0 fnt\n|faint|p2a: Sinistcha\n|move|p1b: Frog Kata|Ice Beam|p2b: Goodra\n|-damage|p2b: Goodra|89\/100\n|-damage|p1b: Frog Kata|14\/100|[from] item: Life Orb\n|move|p2b: Goodra|Dragon Claw|p1a: Kamehamewhirl\n|-damage|p1a: Kamehamewhirl|37\/100\n|\n|upkeep\n|\n|t:|1698841112\n|switch|p2a: Grimmsnarl|Grimmsnarl, M|79\/100\n|turn|6\n|\n|t:|1698841119\n|move|p2a: Grimmsnarl|Fake Out|p1b: Frog Kata\n|-damage|p1b: Frog Kata|1\/100\n|move|p1a: Kamehamewhirl|Surf|p2a: Grimmsnarl|[spread] p2a,p2b\n|-heal|p1b: Frog Kata|26\/100|[from] ability: Water Absorb|[of] p1a: Kamehamewhirl\n|-resisted|p2b: Goodra\n|-damage|p2a: Grimmsnarl|63\/100\n|-damage|p2b: Goodra|82\/100\n|cant|p1b: Frog Kata|flinch\n|move|p2b: Goodra|Dragon Claw|p1a: Kamehamewhirl\n|-damage|p1a: Kamehamewhirl|0 fnt\n|faint|p1a: Kamehamewhirl\n|\n|upkeep\n|\n|t:|1698841132\n|switch|p1a: Kahunayama|Hariyama, M|12\/100 brn\n|turn|7\n|\n|t:|1698841150\n|switch|p1b: Mahalkita|Makuhita, F, shiny|100\/100\n|move|p2a: Grimmsnarl|Parting Shot|p1a: Kahunayama\n|-unboost|p1a: Kahunayama|atk|1\n|-unboost|p1a: Kahunayama|spa|1\n|\n|t:|1698841160\n|switch|p2a: Grafaiai|Grafaiai, M|100\/100|[from] Parting Shot\n|move|p1a: Kahunayama|Drain Punch|p2b: Goodra\n|-supereffective|p2b: Goodra\n|-damage|p2b: Goodra|30\/100\n|-heal|p1a: Kahunayama|31\/100 brn|[from] drain|[of] p2b: Goodra\n|move|p2b: Goodra|Dragon Claw|p1b: Mahalkita\n|-damage|p1b: Mahalkita|6\/100\n|\n|-damage|p1a: Kahunayama|25\/100 brn|[from] brn\n|upkeep\n|turn|8\n|\n|t:|1698841206\n|move|p1b: Mahalkita|Fake Out|p2b: Goodra\n|-resisted|p2b: Goodra\n|-damage|p2b: Goodra|28\/100\n|move|p2a: Grafaiai|Toxic|p1b: Mahalkita\n|-status|p1b: Mahalkita|tox\n|move|p1a: Kahunayama|Drain Punch|p2b: Goodra\n|-supereffective|p2b: Goodra\n|-damage|p2b: Goodra|0 fnt\n|-heal|p1a: Kahunayama|35\/100 brn|[from] drain|[of] p2b: Goodra\n|faint|p2b: Goodra\n|\n|-damage|p1b: Mahalkita|0 fnt|[from] psn\n|faint|p1b: Mahalkita\n|-damage|p1a: Kahunayama|29\/100 brn|[from] brn\n|upkeep\n|\n|t:|1698841224\n|switch|p2b: Slaking|Slaking, M|40\/100\n|switch|p1b: Frog Kata|Poliwrath, M, shiny|26\/100\n|turn|9\n|\n|t:|1698841249\n|switch|p1a: Akamu|Crabrawler, M, shiny|100\/100\n|move|p2a: Grafaiai|Toxic|p1b: Frog Kata\n|-status|p1b: Frog Kata|tox\n|move|p1b: Frog Kata|Psychic|p2a: Grafaiai\n|-supereffective|p2a: Grafaiai\n|-damage|p2a: Grafaiai|55\/100\n|-damage|p1b: Frog Kata|16\/100 tox|[from] item: Life Orb\n|move|p2b: Slaking|Trailblaze|p1b: Frog Kata\n|-supereffective|p1b: Frog Kata\n|-damage|p1b: Frog Kata|0 fnt\n|-boost|p2b: Slaking|spe|1\n|faint|p1b: Frog Kata\n|\n|upkeep\n|\n|t:|1698841263\n|switch|p1b: Kahunayama|Hariyama, M|29\/100 brn\n|turn|10\n|\n|t:|1698841289\n|move|p2a: Grafaiai|Doodle|p1b: Kahunayama\n|-endability|p2a: Grafaiai|Prankster|[from] move: Doodle\n|-ability|p2a: Grafaiai|Guts|[from] move: Doodle\n|-endability|p2b: Slaking|Truant|[from] move: Doodle\n|-ability|p2b: Slaking|Guts|[from] move: Doodle\n|move|p2b: Slaking|Body Slam|p1b: Kahunayama\n|-damage|p1b: Kahunayama|0 fnt\n|faint|p1b: Kahunayama\n|move|p1a: Akamu|Bulk Up|p1a: Akamu\n|-boost|p1a: Akamu|atk|1\n|-boost|p1a: Akamu|def|1\n|\n|-sideend|p2: kcaskade|Reflect\n|upkeep\n|\n|t:|1698841300\n|switch|p1b: Ku|Crabominable, M, shiny|100\/100\n|turn|11\n|\n|t:|1698841317\n|-terastallize|p1b: Ku|Fighting\n|move|p2a: Grafaiai|Helping Hand|p2b: Slaking\n|-singleturn|p2b: Slaking|Helping Hand|[of] p2a: Grafaiai\n|move|p2b: Slaking|Drain Punch|p1b: Ku\n|-damage|p1b: Ku|46\/100\n|-heal|p2b: Slaking|61\/100|[from] drain|[of] p1b: Ku\n|move|p1a: Akamu|Crabhammer|p2a: Grafaiai\n|-damage|p2a: Grafaiai|0 fnt\n|faint|p2a: Grafaiai\n|move|p1b: Ku|Drain Punch|p2b: Slaking\n|-supereffective|p2b: Slaking\n|-damage|p2b: Slaking|0 fnt\n|-heal|p1b: Ku|84\/100|[from] drain|[of] p2b: Slaking\n|faint|p2b: Slaking\n|\n|upkeep\n|\n|t:|1698841336\n|switch|p2a: Grimmsnarl|Grimmsnarl, M|63\/100\n|switch|p2b: Morpeko|Morpeko, M, shiny|100\/100\n|turn|12\n|\n|t:|1698841364\n|move|p2a: Grimmsnarl|Reflect|p2a: Grimmsnarl\n|-sidestart|p2: kcaskade|Reflect\n|move|p2b: Morpeko|Aura Wheel|p1b: Ku\n|-damage|p1b: Ku|34\/100\n|-boost|p2b: Morpeko|spe|1\n|move|p1a: Akamu|Gunk Shot|p2a: Grimmsnarl\n|-supereffective|p2a: Grimmsnarl\n|-damage|p2a: Grimmsnarl|0 fnt\n|faint|p2a: Grimmsnarl\n|move|p1b: Ku|Drain Punch|p2b: Morpeko\n|-supereffective|p2b: Morpeko\n|-enditem|p2b: Morpeko|Focus Sash\n|-damage|p2b: Morpeko|1\/100\n|-heal|p1b: Ku|67\/100|[from] drain|[of] p2b: Morpeko\n|\n|-formechange|p2b: Morpeko|Morpeko-Hangry||[from] ability: Hunger Switch\n|upkeep\n|turn|13\n|-message|kcaskade forfeited.\n|\n|win|Jackmim\n|raw|Jackmim's rating: 1013 &rarr; <strong>1057<\/strong><br \/>(+44 for winning)\n|raw|kcaskade's rating: 1069 &rarr; <strong>1045<\/strong><br \/>(-24 for losing)\n|l|\u2606kcaskade\n","uploadtime":1698841386,"views":16,"p1id":"jackmim","p2id":"kcaskade","formatid":"gen9doublesou","rating":1045,"private":0,"password":""}