{"id":"gen9doublesou-1989500681","p1":"Ani Menter","p2":"Absolitary37","format":"[Gen 9] Doubles OU","log":"|j|\u2606Ani Menter\n|j|\u2606Absolitary37\n|t:|1699861312\n|gametype|doubles\n|player|p1|Ani Menter|burglar|1135\n|player|p2|Absolitary37|ghetsis-gen5bw|1065\n|teamsize|p1|6\n|teamsize|p2|6\n|gen|9\n|tier|[Gen 9] Doubles OU\n|rated|\n|rule|Species Clause: Limit one of each Pok\u00e9mon\n|rule|OHKO Clause: OHKO moves are banned\n|rule|Evasion Moves Clause: Evasion moves are banned\n|rule|Gravity Sleep Clause: The combination of sleep-inducing moves with imperfect accuracy and Gravity or Gigantamax Orbeetle are banned\n|rule|Endless Battle Clause: Forcing endless battles is banned\n|rule|HP Percentage Mod: HP is shown in percentages\n|clearpoke\n|poke|p1|Empoleon, F|\n|poke|p1|Meowscarada, M|\n|poke|p1|Ogerpon-Hearthflame, F|\n|poke|p1|Kingambit, M|\n|poke|p1|Sinistcha-Masterpiece|\n|poke|p1|Regieleki|\n|poke|p2|Ogerpon-Hearthflame, F|\n|poke|p2|Sinistcha|\n|poke|p2|Ninetales-Alola, M|\n|poke|p2|Pawmot, F|\n|poke|p2|Gholdengo|\n|poke|p2|Masquerain, F|\n|teampreview\n|inactive|Battle timer is ON: inactive players will automatically lose when time's up. (requested by Ani Menter)\n|c|\u2606Absolitary37|Glhf\n|\n|t:|1699861329\n|start\n|switch|p1a: Meowscarada|Meowscarada, M|100\/100\n|switch|p1b: Empoleon|Empoleon, F|100\/100\n|switch|p2a: Ogerpon|Ogerpon-Hearthflame, F|100\/100\n|switch|p2b: Masquerain|Masquerain, F|100\/100\n|-ability|p2a: Ogerpon|Mold Breaker\n|-ability|p2b: Masquerain|Intimidate|boost\n|-unboost|p1a: Meowscarada|atk|1\n|-unboost|p1b: Empoleon|atk|1\n|-ability|p1b: Empoleon|Competitive|boost\n|-boost|p1b: Empoleon|spa|2\n|turn|1\n|\n|t:|1699861350\n|move|p1a: Meowscarada|Grass Pledge|p2a: Ogerpon\n|-waiting|p1a: Meowscarada|p1b: Empoleon\n|move|p1b: Empoleon|Water Pledge|p2a: Ogerpon|[from]move: Grass Pledge\n|-combine\n|-resisted|p2a: Ogerpon\n|-damage|p2a: Ogerpon|53\/100\n|-sidestart|p2: Absolitary37|Grass Pledge\n|move|p2a: Ogerpon|Ivy Cudgel|p1b: Empoleon\n|-damage|p1b: Empoleon|40\/100\n|move|p2b: Masquerain|Bug Buzz|p1a: Meowscarada\n|-supereffective|p1a: Meowscarada\n|-damage|p1a: Meowscarada|0 fnt\n|faint|p1a: Meowscarada\n|\n|upkeep\n|\n|t:|1699861368\n|switch|p1a: Sinistcha|Sinistcha-Masterpiece|100\/100\n|-heal|p1b: Empoleon|65\/100|[from] ability: Hospitality|[of] p1a: Sinistcha\n|turn|2\n|c|\u2606Absolitary37|I forgot what swamp does\n|inactive|Absolitary37 has 120 seconds left.\n|\n|t:|1699861399\n|switch|p2b: Sinistcha|Sinistcha|100\/100\n|-heal|p2a: Ogerpon|78\/100|[from] ability: Hospitality|[of] p2b: Sinistcha\n|move|p1a: Sinistcha|Scald|p2a: Ogerpon\n|-damage|p2a: Ogerpon|46\/100\n|move|p1b: Empoleon|Ice Beam|p2b: Sinistcha\n|-supereffective|p2b: Sinistcha\n|-damage|p2b: Sinistcha|0 fnt\n|faint|p2b: Sinistcha\n|move|p2a: Ogerpon|Ivy Cudgel|p1b: Empoleon\n|-damage|p1b: Empoleon|0 fnt\n|faint|p1b: Empoleon\n|\n|upkeep\n|inactive|Absolitary37 has 120 seconds left.\n|\n|t:|1699861434\n|switch|p2b: Ninetales|Ninetales-Alola, M|100\/100\n|switch|p1b: Ogerpon|Ogerpon-Hearthflame, F|100\/100\n|-ability|p1b: Ogerpon|Mold Breaker\n|-weather|Snow|[from] ability: Snow Warning|[of] p2b: Ninetales\n|turn|3\n|c|\u2606Absolitary37|Oh it makes me slow?\n|\n|t:|1699861456\n|-terastallize|p1b: Ogerpon|Fire\n|detailschange|p1b: Ogerpon|Ogerpon-Hearthflame-Tera, F, tera:Fire\n|-ability|p1b: Ogerpon|Embody Aspect (Hearthflame)|boost\n|-boost|p1b: Ogerpon|atk|1\n|-terastallize|p2a: Ogerpon|Fire\n|detailschange|p2a: Ogerpon|Ogerpon-Hearthflame-Tera, F, tera:Fire\n|-ability|p2a: Ogerpon|Embody Aspect (Hearthflame)|boost\n|-boost|p2a: Ogerpon|atk|1\n|move|p1b: Ogerpon|Ivy Cudgel|p2b: Ninetales\n|-supereffective|p2b: Ninetales\n|-damage|p2b: Ninetales|0 fnt\n|faint|p2b: Ninetales\n|move|p1a: Sinistcha|Matcha Gotcha|p2a: Ogerpon\n|-resisted|p2a: Ogerpon\n|-damage|p2a: Ogerpon|19\/100\n|move|p2a: Ogerpon|U-turn|p1b: Ogerpon\n|-resisted|p1b: Ogerpon\n|-damage|p1b: Ogerpon|72\/100\n|inactive|Absolitary37 has 120 seconds left.\n|\n|t:|1699861476\n|switch|p2a: Masquerain|Masquerain, F|100\/100|[from] U-turn\n|-ability|p2a: Masquerain|Intimidate|boost\n|-unboost|p1a: Sinistcha|atk|1\n|-unboost|p1b: Ogerpon|atk|1\n|\n|-weather|Snow|[upkeep]\n|upkeep\n|\n|t:|1699861478\n|switch|p2b: Pawmot|Pawmot, F|100\/100\n|turn|4\n|\n|t:|1699861512\n|move|p2b: Pawmot|Fake Out|p1b: Ogerpon\n|-damage|p1b: Ogerpon|56\/100\n|cant|p1b: Ogerpon|flinch\n|move|p1a: Sinistcha|Calm Mind|p1a: Sinistcha\n|-boost|p1a: Sinistcha|spa|1\n|-boost|p1a: Sinistcha|spd|1\n|move|p2a: Masquerain|Blizzard|p1a: Sinistcha|[spread] p1a,p1b\n|-supereffective|p1a: Sinistcha\n|-crit|p1a: Sinistcha\n|-resisted|p1b: Ogerpon\n|-damage|p1a: Sinistcha|13\/100\n|-damage|p1b: Ogerpon|43\/100\n|\n|-weather|Snow|[upkeep]\n|-heal|p1a: Sinistcha|19\/100|[from] item: Leftovers\n|-sideend|p2: Absolitary37|Grass Pledge\n|upkeep\n|turn|5\n|\n|t:|1699861537\n|move|p2b: Pawmot|Revival Blessing|p2b: Pawmot\n|-enditem|p2b: Pawmot|Leppa Berry|[eat]\n|-activate|p2b: Pawmot|item: Leppa Berry|Revival Blessing|[consumed]\n|\n|t:|1699861541\n|-heal|p2: Sinistcha|50\/100|[from] move: Revival Blessing\n|move|p1b: Ogerpon|Ivy Cudgel|p2a: Masquerain\n|-supereffective|p2a: Masquerain\n|-enditem|p2a: Masquerain|Focus Sash\n|-damage|p2a: Masquerain|1\/100\n|move|p2a: Masquerain|Blizzard|p1b: Ogerpon|[spread] p1a,p1b\n|-supereffective|p1a: Sinistcha\n|-crit|p1a: Sinistcha\n|-resisted|p1b: Ogerpon\n|-damage|p1a: Sinistcha|0 fnt\n|-damage|p1b: Ogerpon|29\/100\n|-status|p1b: Ogerpon|frz\n|faint|p1a: Sinistcha\n|\n|-weather|Snow|[upkeep]\n|upkeep\n|c|\u2606Absolitary37|...ouch.\n|\n|t:|1699861560\n|switch|p1a: Regieleki|Regieleki|100\/100\n|turn|6\n|c|\u2606Absolitary37|Double crit and freeze? Im lucky today\n|\n|t:|1699861589\n|move|p1a: Regieleki|Electroweb|p2b: Pawmot|[spread] p2a\n|-immune|p2b: Pawmot|[from] ability: Volt Absorb\n|-supereffective|p2a: Masquerain\n|-damage|p2a: Masquerain|0 fnt\n|faint|p2a: Masquerain\n|move|p2b: Pawmot|Revival Blessing|p2b: Pawmot\n|\n|t:|1699861598\n|-heal|p2: Masquerain|50\/100|[from] move: Revival Blessing\n|switch|p2a: Masquerain|Masquerain, F|50\/100\n|-ability|p2a: Masquerain|Intimidate|boost\n|-unboost|p1a: Regieleki|atk|1\n|-unboost|p1b: Ogerpon|atk|1\n|-curestatus|p1b: Ogerpon|frz|[msg]\n|move|p1b: Ogerpon|Play Rough|p2b: Pawmot\n|-supereffective|p2b: Pawmot\n|-damage|p2b: Pawmot|17\/100\n|\n|-weather|Snow|[upkeep]\n|upkeep\n|turn|7\n|inactive|Ani Menter has 120 seconds left.\n|\n|t:|1699861629\n|move|p2b: Pawmot|Mach Punch|p1b: Ogerpon\n|-damage|p1b: Ogerpon|5\/100\n|move|p1a: Regieleki|Thunderbolt|p2a: Masquerain\n|-supereffective|p2a: Masquerain\n|-damage|p2a: Masquerain|0 fnt\n|faint|p2a: Masquerain\n|move|p1b: Ogerpon|Ivy Cudgel|p2b: Pawmot\n|-damage|p2b: Pawmot|0 fnt\n|faint|p2b: Pawmot\n|\n|-weather|none\n|upkeep\n|\n|t:|1699861635\n|switch|p2b: Sinistcha|Sinistcha|50\/100\n|switch|p2a: Ogerpon|Ogerpon-Hearthflame-Tera, F, tera:Fire|19\/100\n|-ability|p2a: Ogerpon|Embody Aspect (Hearthflame)|boost\n|-boost|p2a: Ogerpon|atk|1\n|-heal|p2a: Ogerpon|44\/100|[from] ability: Hospitality|[of] p2b: Sinistcha\n|turn|8\n|\n|t:|1699861647\n|move|p2b: Sinistcha|Rage Powder|p2b: Sinistcha\n|-singleturn|p2b: Sinistcha|move: Rage Powder\n|move|p1a: Regieleki|Electroweb|p2b: Sinistcha|[spread] p2a,p2b\n|-resisted|p2b: Sinistcha\n|-damage|p2a: Ogerpon|9\/100\n|-damage|p2b: Sinistcha|34\/100\n|-unboost|p2a: Ogerpon|spe|1\n|-unboost|p2b: Sinistcha|spe|1\n|move|p1b: Ogerpon|Synthesis|p1b: Ogerpon\n|-heal|p1b: Ogerpon|55\/100\n|move|p2a: Ogerpon|Horn Leech|p1a: Regieleki\n|-damage|p1a: Regieleki|0 fnt\n|-heal|p2a: Ogerpon|60\/100|[from] drain|[of] p1a: Regieleki\n|faint|p1a: Regieleki\n|\n|upkeep\n|\n|t:|1699861662\n|switch|p1a: Kingambit|Kingambit, M|100\/100\n|-activate|p1a: Kingambit|ability: Supreme Overlord\n|-start|p1a: Kingambit|fallen4|[silent]\n|turn|9\n|\n|t:|1699861681\n|move|p2b: Sinistcha|Rage Powder|p2b: Sinistcha\n|-singleturn|p2b: Sinistcha|move: Rage Powder\n|move|p1a: Kingambit|Sucker Punch||[still]\n|-fail|p1a: Kingambit\n|move|p1b: Ogerpon|Ivy Cudgel|p2b: Sinistcha\n|-supereffective|p2b: Sinistcha\n|-damage|p2b: Sinistcha|0 fnt\n|faint|p2b: Sinistcha\n|move|p2a: Ogerpon|Ivy Cudgel|p1a: Kingambit\n|-supereffective|p1a: Kingambit\n|-crit|p1a: Kingambit\n|-damage|p1a: Kingambit|0 fnt\n|faint|p1a: Kingambit\n|-end|p1a: Kingambit|fallen4|[silent]\n|\n|upkeep\n|\n|t:|1699861694\n|switch|p2b: Gholdengo|Gholdengo|100\/100\n|turn|10\n|c|\u2606Absolitary37|Gg\n|\n|t:|1699861710\n|move|p2b: Gholdengo|Shadow Ball|p1b: Ogerpon\n|-damage|p1b: Ogerpon|3\/100\n|move|p1b: Ogerpon|Ivy Cudgel|p2b: Gholdengo\n|-supereffective|p2b: Gholdengo\n|-damage|p2b: Gholdengo|0 fnt\n|faint|p2b: Gholdengo\n|move|p2a: Ogerpon|Ivy Cudgel|p1b: Ogerpon\n|-resisted|p1b: Ogerpon\n|-damage|p1b: Ogerpon|0 fnt\n|faint|p1b: Ogerpon\n|\n|win|Absolitary37\n|raw|Ani Menter's rating: 1135 &rarr; <strong>1105<\/strong><br \/>(-30 for losing)\n|raw|Absolitary37's rating: 1065 &rarr; <strong>1101<\/strong><br \/>(+36 for winning)\n|l|\u2606Ani Menter\n","uploadtime":1699861721,"views":8,"p1id":"animenter","p2id":"absolitary37","formatid":"gen9doublesou","rating":1101,"private":0,"password":""}