{"id":"gen9doublesou-1970606566","p1":"rallen090","p2":"Daskhiel02","format":"[Gen 9] Doubles OU","log":"|j|\u2606rallen090\n|j|\u2606Daskhiel02\n|t:|1697651947\n|gametype|doubles\n|player|p1|rallen090|102|1351\n|player|p2|Daskhiel02|102|1384\n|teamsize|p1|6\n|teamsize|p2|6\n|gen|9\n|tier|[Gen 9] Doubles OU\n|rated|\n|rule|Species Clause: Limit one of each Pok\u00e9mon\n|rule|OHKO Clause: OHKO moves are banned\n|rule|Evasion Moves Clause: Evasion moves are banned\n|rule|Gravity Sleep Clause: The combination of sleep-inducing moves with imperfect accuracy and Gravity or Gigantamax Orbeetle are banned\n|rule|Endless Battle Clause: Forcing endless battles is banned\n|rule|HP Percentage Mod: HP is shown in percentages\n|clearpoke\n|poke|p1|Infernape, M|\n|poke|p1|Luxray, F|\n|poke|p1|Samurott-Hisui, M|\n|poke|p1|Corviknight, M|\n|poke|p1|Garchomp, M|\n|poke|p1|Abomasnow, M|\n|poke|p2|Volcarona, M|\n|poke|p2|Lilligant-Hisui, F|\n|poke|p2|Goodra-Hisui, M|\n|poke|p2|Tauros-Paldea-Aqua, M|\n|poke|p2|Indeedee-F, F|\n|poke|p2|Oricorio-Pom-Pom, F|\n|teampreview\n|inactive|Battle timer is ON: inactive players will automatically lose when time's up. (requested by rallen090)\n|\n|t:|1697651963\n|start\n|switch|p1a: Master|Abomasnow, M|100\/100\n|switch|p1b: Abyss|Garchomp, M, shiny|100\/100\n|switch|p2a: Lilligant|Lilligant-Hisui, F|100\/100\n|switch|p2b: Goodra|Goodra-Hisui, M|100\/100\n|-weather|Snow|[from] ability: Snow Warning|[of] p1a: Master\n|turn|1\n|inactive|Daskhiel02 has 120 seconds left.\n|\n|t:|1697652004\n|move|p2a: Lilligant|Close Combat|p1a: Master\n|-supereffective|p1a: Master\n|-damage|p1a: Master|0 fnt\n|-unboost|p2a: Lilligant|def|1\n|-unboost|p2a: Lilligant|spd|1\n|faint|p1a: Master\n|move|p1b: Abyss|Dragon Claw|p2b: Goodra\n|-damage|p2b: Goodra|58\/100\n|move|p2b: Goodra|Ice Spinner|p1b: Abyss\n|-supereffective|p1b: Abyss\n|-damage|p1b: Abyss|4\/100\n|-damage|p2b: Goodra|46\/100|[from] ability: Rough Skin|[of] p1b: Abyss\n|-damage|p2b: Goodra|30\/100|[from] item: Rocky Helmet|[of] p1b: Abyss\n|\n|-weather|Snow|[upkeep]\n|upkeep\n|inactive|rallen090 has 120 seconds left.\n|\n|t:|1697652019\n|switch|p1a: Blaze|Infernape, M|100\/100\n|turn|2\n|\n|t:|1697652030\n|switch|p2b: Indeedee|Indeedee-F, F|100\/100\n|-fieldstart|move: Psychic Terrain|[from] ability: Psychic Surge|[of] p2b: Indeedee\n|move|p1a: Blaze|Fire Punch|p2a: Lilligant\n|-supereffective|p2a: Lilligant\n|-enditem|p2a: Lilligant|Focus Sash\n|-damage|p2a: Lilligant|1\/100\n|-damage|p1a: Blaze|91\/100|[from] item: Life Orb\n|move|p2a: Lilligant|Petal Blizzard|p1b: Abyss|[spread] p2b,p1a,p1b\n|-resisted|p1a: Blaze\n|-damage|p2b: Indeedee|61\/100\n|-damage|p1a: Blaze|54\/100\n|-damage|p1b: Abyss|0 fnt\n|faint|p1b: Abyss\n|\n|-weather|Snow|[upkeep]\n|upkeep\n|\n|t:|1697652049\n|switch|p1b: Shellshock|Samurott-Hisui, M, shiny|100\/100\n|turn|3\n|\n|t:|1697652065\n|move|p2b: Indeedee|Follow Me|p2b: Indeedee\n|-singleturn|p2b: Indeedee|move: Follow Me\n|move|p1a: Blaze|Rock Slide|p2a: Lilligant|[spread] p2a,p2b\n|-resisted|p2a: Lilligant\n|-crit|p2a: Lilligant\n|-damage|p2a: Lilligant|0 fnt\n|-damage|p2b: Indeedee|40\/100\n|-enditem|p2b: Indeedee|Sitrus Berry|[eat]\n|-heal|p2b: Indeedee|65\/100|[from] item: Sitrus Berry\n|faint|p2a: Lilligant\n|-damage|p1a: Blaze|44\/100|[from] item: Life Orb\n|move|p1b: Shellshock|Ceaseless Edge|p2b: Indeedee\n|-supereffective|p2b: Indeedee\n|-damage|p2b: Indeedee|0 fnt\n|-sidestart|p2: Daskhiel02|Spikes\n|faint|p2b: Indeedee\n|\n|-weather|Snow|[upkeep]\n|upkeep\n|inactive|Daskhiel02 has 120 seconds left.\n|\n|t:|1697652088\n|switch|p2a: Tauros|Tauros-Paldea-Aqua, M|100\/100\n|switch|p2b: Goodra|Goodra-Hisui, M|30\/100\n|-damage|p2a: Tauros|88\/100|[from] Spikes\n|-ability|p2a: Tauros|Intimidate|boost\n|-unboost|p1a: Blaze|atk|1\n|-unboost|p1b: Shellshock|atk|1\n|-damage|p2b: Goodra|17\/100|[from] Spikes\n|turn|4\n|\n|t:|1697652113\n|switch|p1b: Stardust|Luxray, F, shiny|100\/100\n|-ability|p1b: Stardust|Intimidate|boost\n|-unboost|p2a: Tauros|atk|1\n|-unboost|p2b: Goodra|atk|1\n|move|p1a: Blaze|Drain Punch|p2b: Goodra\n|-supereffective|p2b: Goodra\n|-damage|p2b: Goodra|0 fnt\n|-heal|p1a: Blaze|55\/100|[from] drain|[of] p2b: Goodra\n|faint|p2b: Goodra\n|-damage|p1a: Blaze|45\/100|[from] item: Life Orb\n|move|p2a: Tauros|Close Combat|p1b: Stardust\n|-damage|p1b: Stardust|35\/100\n|-unboost|p2a: Tauros|def|1\n|-unboost|p2a: Tauros|spd|1\n|\n|-weather|Snow|[upkeep]\n|upkeep\n|\n|t:|1697652123\n|switch|p2b: Volcarona|Volcarona, M|100\/100\n|-damage|p2b: Volcarona|88\/100|[from] Spikes\n|turn|5\n|\n|t:|1697652134\n|switch|p2a: Oricorio|Oricorio-Pom-Pom, F|100\/100\n|-terastallize|p2b: Volcarona|Water\n|move|p1a: Blaze|Rock Slide|p2a: Oricorio|[spread] p2a,p2b\n|-supereffective|p2a: Oricorio\n|-crit|p2b: Volcarona\n|-damage|p2a: Oricorio|66\/100\n|-damage|p2b: Volcarona|58\/100\n|-damage|p1a: Blaze|35\/100|[from] item: Life Orb\n|move|p2b: Volcarona|Quiver Dance|p2b: Volcarona\n|-boost|p2b: Volcarona|spa|1\n|-boost|p2b: Volcarona|spd|1\n|-boost|p2b: Volcarona|spe|1\n|-activate|p2a: Oricorio|ability: Dancer\n|cant|p2a: Oricorio|flinch\n|move|p1b: Stardust|Spark|p2a: Oricorio\n|-damage|p2a: Oricorio|22\/100\n|-enditem|p2a: Oricorio|Sitrus Berry|[eat]\n|-heal|p2a: Oricorio|47\/100|[from] item: Sitrus Berry\n|\n|-weather|none\n|upkeep\n|turn|6\n|c|\u2606Daskhiel02|Cool!\n|inactive|Daskhiel02 has 120 seconds left.\n|c|\u2606Daskhiel02|Flinch can stop Dancer from activating\n|c|\u2606Daskhiel02|that's news for me\n|c|\u2606rallen090|yeah i did not know\n|inactive|Daskhiel02 has 90 seconds left.\n|\n|t:|1697652196\n|move|p2b: Volcarona|Protect|p2b: Volcarona\n|-singleturn|p2b: Volcarona|Protect\n|move|p1a: Blaze|Rock Slide|p2b: Volcarona|[spread] p2a\n|-activate|p2b: Volcarona|move: Protect\n|-supereffective|p2a: Oricorio\n|-damage|p2a: Oricorio|12\/100\n|-damage|p1a: Blaze|25\/100|[from] item: Life Orb\n|move|p2a: Oricorio|Revelation Dance|p1b: Stardust\n|-resisted|p1b: Stardust\n|-damage|p1b: Stardust|19\/100\n|move|p1b: Stardust|Spark|p2b: Volcarona\n|-activate|p2b: Volcarona|move: Protect\n|\n|-fieldend|move: Psychic Terrain\n|upkeep\n|turn|7\n|\n|t:|1697652218\n|move|p2a: Oricorio|Protect|p2a: Oricorio\n|-singleturn|p2a: Oricorio|Protect\n|move|p2b: Volcarona|Fiery Dance|p1b: Stardust\n|-damage|p1b: Stardust|0 fnt\n|faint|p1b: Stardust\n|-activate|p2a: Oricorio|ability: Dancer\n|move|p2a: Oricorio|Fiery Dance|p1a: Blaze|[from]ability: Dancer\n|-resisted|p1a: Blaze\n|-damage|p1a: Blaze|9\/100\n|move|p1a: Blaze|Drain Punch|p2b: Volcarona\n|-damage|p2b: Volcarona|21\/100\n|-heal|p1a: Blaze|33\/100|[from] drain|[of] p2b: Volcarona\n|-enditem|p2b: Volcarona|Sitrus Berry|[eat]\n|-heal|p2b: Volcarona|46\/100|[from] item: Sitrus Berry\n|-damage|p1a: Blaze|23\/100|[from] item: Life Orb\n|\n|upkeep\n|inactive|rallen090 has 120 seconds left.\n|\n|t:|1697652238\n|switch|p1b: Witcher|Corviknight, M|100\/100\n|turn|8\n|inactive|Daskhiel02 has 120 seconds left.\n|\n|t:|1697652251\n|-terastallize|p1b: Witcher|Flying\n|move|p2b: Volcarona|Fiery Dance|p1a: Blaze\n|-resisted|p1a: Blaze\n|-damage|p1a: Blaze|0 fnt\n|faint|p1a: Blaze\n|-activate|p2a: Oricorio|ability: Dancer\n|move|p2a: Oricorio|Fiery Dance|p1b: Witcher|[from]ability: Dancer\n|-damage|p1b: Witcher|83\/100\n|move|p2a: Oricorio|Revelation Dance|p1b: Witcher\n|-supereffective|p1b: Witcher\n|-damage|p1b: Witcher|20\/100\n|move|p1b: Witcher|Drill Peck|p2a: Oricorio\n|-resisted|p2a: Oricorio\n|-damage|p2a: Oricorio|0 fnt\n|faint|p2a: Oricorio\n|\n|-heal|p1b: Witcher|26\/100|[from] item: Leftovers\n|upkeep\n|\n|t:|1697652268\n|switch|p1a: Shellshock|Samurott-Hisui, M, shiny|100\/100\n|switch|p2a: Tauros|Tauros-Paldea-Aqua, M|88\/100\n|-damage|p2a: Tauros|76\/100|[from] Spikes\n|-ability|p2a: Tauros|Intimidate|boost\n|-unboost|p1a: Shellshock|atk|1\n|-ability|p1b: Witcher|Mirror Armor\n|-unboost|p2a: Tauros|atk|1\n|turn|9\n|\n|t:|1697652290\n|move|p2b: Volcarona|Fiery Dance|p1b: Witcher\n|-damage|p1b: Witcher|0 fnt\n|faint|p1b: Witcher\n|move|p2a: Tauros|Close Combat|p1a: Shellshock\n|-supereffective|p1a: Shellshock\n|-damage|p1a: Shellshock|0 fnt\n|-unboost|p2a: Tauros|def|1\n|-unboost|p2a: Tauros|spd|1\n|faint|p1a: Shellshock\n|\n|win|Daskhiel02\n|raw|rallen090's rating: 1351 &rarr; <strong>1333<\/strong><br \/>(-18 for losing)\n|raw|Daskhiel02's rating: 1384 &rarr; <strong>1402<\/strong><br \/>(+18 for winning)\n|c|\u2606Daskhiel02|Well played!\n|c|\u2606rallen090|gg\n","uploadtime":1697652300,"views":14,"p1id":"rallen090","p2id":"daskhiel02","formatid":"gen9doublesou","rating":1333,"private":0,"password":""}