{"id":"gen9doublesou-1978098719","p1":"Bierflesje","p2":"jingguo","format":"[Gen 9] Doubles OU","log":"|j|\u2606Bierflesje\n|j|\u2606jingguo\n|t:|1698499092\n|gametype|doubles\n|player|p1|Bierflesje|170|1171\n|player|p2|jingguo|birdkeeper-gen4dp|1257\n|teamsize|p1|6\n|teamsize|p2|6\n|gen|9\n|tier|[Gen 9] Doubles OU\n|rated|\n|rule|Species Clause: Limit one of each Pok\u00e9mon\n|rule|OHKO Clause: OHKO moves are banned\n|rule|Evasion Moves Clause: Evasion moves are banned\n|rule|Gravity Sleep Clause: The combination of sleep-inducing moves with imperfect accuracy and Gravity or Gigantamax Orbeetle are banned\n|rule|Endless Battle Clause: Forcing endless battles is banned\n|rule|HP Percentage Mod: HP is shown in percentages\n|clearpoke\n|poke|p1|Typhlosion, M|\n|poke|p1|Torkoal, M|\n|poke|p1|Murkrow, M|\n|poke|p1|Garganacl, F|\n|poke|p1|Orthworm, M|\n|poke|p1|Dragonite, M|\n|poke|p2|Iron Moth|\n|poke|p2|Iron Treads|\n|poke|p2|Golem-Alola, M|\n|poke|p2|Baxcalibur, M|\n|poke|p2|Staraptor, M|\n|poke|p2|Samurott-Hisui, F|\n|teampreview\n|inactive|Battle timer is ON: inactive players will automatically lose when time's up. (requested by jingguo)\n|\n|t:|1698499117\n|start\n|switch|p1a: Garganacl|Garganacl, F|100\/100\n|switch|p1b: Orthworm|Orthworm, M|100\/100\n|switch|p2a: Iron Treads|Iron Treads|100\/100\n|switch|p2b: Samurott|Samurott-Hisui, F|100\/100\n|-enditem|p2a: Iron Treads|Booster Energy\n|-activate|p2a: Iron Treads|ability: Quark Drive|[fromitem]\n|-start|p2a: Iron Treads|quarkdrivespe\n|turn|1\n|\n|t:|1698499140\n|move|p2a: Iron Treads|Stealth Rock|p1a: Garganacl\n|-sidestart|p1: Bierflesje|move: Stealth Rock\n|move|p2b: Samurott|Razor Shell|p1a: Garganacl|[miss]\n|-miss|p2b: Samurott|p1a: Garganacl\n|move|p1b: Orthworm|Body Press|p2a: Iron Treads\n|-supereffective|p2a: Iron Treads\n|-damage|p2a: Iron Treads|54\/100\n|move|p1a: Garganacl|Salt Cure|p2b: Samurott\n|-damage|p2b: Samurott|82\/100\n|-start|p2b: Samurott|Salt Cure\n|\n|-damage|p2b: Samurott|58\/100|[from] Salt Cure\n|upkeep\n|turn|2\n|inactive|Bierflesje has 120 seconds left.\n|\n|t:|1698499171\n|switch|p1b: Dragonite|Dragonite, M|100\/100\n|-damage|p1b: Dragonite|76\/100|[from] Stealth Rock\n|move|p2a: Iron Treads|Endeavor|p1a: Garganacl\n|-damage|p1a: Garganacl|51\/100\n|move|p2b: Samurott|Razor Shell|p1a: Garganacl\n|-supereffective|p1a: Garganacl\n|-damage|p1a: Garganacl|0 fnt\n|faint|p1a: Garganacl\n|\n|-damage|p2b: Samurott|33\/100|[from] Salt Cure\n|upkeep\n|inactive|Bierflesje has 120 seconds left.\n|\n|t:|1698499197\n|switch|p1a: Murkrow|Murkrow, M|100\/100\n|-damage|p1a: Murkrow|76\/100|[from] Stealth Rock\n|turn|3\n|inactive|Bierflesje has 120 seconds left.\n|\n|t:|1698499209\n|move|p1a: Murkrow|Tailwind|p1a: Murkrow\n|-sidestart|p1: Bierflesje|move: Tailwind\n|move|p1b: Dragonite|Earthquake|p2b: Samurott|[spread] p2a,p2b\n|-immune|p1a: Murkrow\n|-supereffective|p2a: Iron Treads\n|-damage|p2a: Iron Treads|7\/100\n|-damage|p2b: Samurott|0 fnt\n|faint|p2b: Samurott\n|move|p2a: Iron Treads|Knock Off|p1a: Murkrow\n|-resisted|p1a: Murkrow\n|-damage|p1a: Murkrow|53\/100\n|-enditem|p1a: Murkrow|Focus Sash|[from] move: Knock Off|[of] p2a: Iron Treads\n|\n|upkeep\n|\n|t:|1698499226\n|switch|p2b: Staraptor|Staraptor, M, shiny|100\/100\n|-ability|p2b: Staraptor|Intimidate|boost\n|-unboost|p1a: Murkrow|atk|1\n|-unboost|p1b: Dragonite|atk|1\n|turn|4\n|inactive|Bierflesje has 120 seconds left.\n|\n|t:|1698499264\n|move|p1b: Dragonite|Extreme Speed|p2a: Iron Treads\n|-resisted|p2a: Iron Treads\n|-damage|p2a: Iron Treads|0 fnt\n|faint|p2a: Iron Treads\n|-end|p2a: Iron Treads|Quark Drive|[silent]\n|move|p1a: Murkrow|Haze|p1a: Murkrow\n|-clearallboost\n|move|p2b: Staraptor|Final Gambit|p1b: Dragonite\n|-damage|p1b: Dragonite|0 fnt\n|faint|p2b: Staraptor\n|faint|p1b: Dragonite\n|\n|upkeep\n|\n|t:|1698499293\n|switch|p2a: Baxcalibur|Baxcalibur, M, shiny|100\/100\n|switch|p2b: Golem|Golem-Alola, M, shiny|100\/100\n|switch|p1b: Typhlosion|Typhlosion, M|100\/100\n|-damage|p1b: Typhlosion|76\/100|[from] Stealth Rock\n|turn|5\n|\n|t:|1698499315\n|switch|p1a: Torkoal|Torkoal, M|100\/100\n|-damage|p1a: Torkoal|76\/100|[from] Stealth Rock\n|-weather|SunnyDay|[from] ability: Drought|[of] p1a: Torkoal\n|-terastallize|p1b: Typhlosion|Fire\n|-terastallize|p2a: Baxcalibur|Ground\n|move|p1b: Typhlosion|Eruption|p2b: Golem|[spread] p2a,p2b\n|-resisted|p2b: Golem\n|-damage|p2a: Baxcalibur|0 fnt\n|-damage|p2b: Golem|21\/100\n|faint|p2a: Baxcalibur\n|move|p2b: Golem|Explosion|p1a: Torkoal|[spread] p1a,p1b\n|-crit|p1a: Torkoal\n|-damage|p1a: Torkoal|0 fnt\n|-damage|p1b: Typhlosion|0 fnt\n|faint|p2b: Golem\n|faint|p1a: Torkoal\n|faint|p1b: Typhlosion\n|\n|-weather|SunnyDay|[upkeep]\n|upkeep\n|\n|t:|1698499332\n|switch|p1b: Orthworm|Orthworm, M|100\/100\n|switch|p2a: Iron Moth|Iron Moth|100\/100\n|switch|p1a: Murkrow|Murkrow, M|53\/100\n|-damage|p1a: Murkrow|28\/100|[from] Stealth Rock\n|-damage|p1b: Orthworm|94\/100|[from] Stealth Rock\n|turn|6\n|\n|t:|1698499357\n|move|p1a: Murkrow|Foul Play|p2a: Iron Moth\n|-damage|p2a: Iron Moth|71\/100\n|move|p1b: Orthworm|Tera Blast|p2a: Iron Moth\n|-damage|p2a: Iron Moth|58\/100\n|move|p2a: Iron Moth|Heat Wave|p1a: Murkrow|[spread] p1a,p1b\n|-supereffective|p1b: Orthworm\n|-crit|p1b: Orthworm\n|-damage|p1a: Murkrow|0 fnt\n|-damage|p1b: Orthworm|0 fnt\n|faint|p1a: Murkrow\n|faint|p1b: Orthworm\n|\n|win|jingguo\n|raw|Bierflesje's rating: 1171 &rarr; <strong>1152<\/strong><br \/>(-19 for losing)\n|raw|jingguo's rating: 1257 &rarr; <strong>1276<\/strong><br \/>(+19 for winning)\n|l|\u2606Bierflesje\n","uploadtime":1698499367,"views":21,"p1id":"bierflesje","p2id":"jingguo","formatid":"gen9doublesou","rating":1152,"private":0,"password":""}