{"id":"gen9doublesou-1989490679","p1":"pxrwxhnzwnpy","p2":"Juaner95","format":"[Gen 9] Doubles OU","log":"|j|\u2606pxrwxhnzwnpy\n|j|\u2606Juaner95\n|t:|1699859462\n|gametype|doubles\n|player|p1|pxrwxhnzwnpy|265|1502\n|player|p2|Juaner95|skyla|1491\n|teamsize|p1|6\n|teamsize|p2|6\n|gen|9\n|tier|[Gen 9] Doubles OU\n|rated|\n|rule|Species Clause: Limit one of each Pok\u00e9mon\n|rule|OHKO Clause: OHKO moves are banned\n|rule|Evasion Moves Clause: Evasion moves are banned\n|rule|Gravity Sleep Clause: The combination of sleep-inducing moves with imperfect accuracy and Gravity or Gigantamax Orbeetle are banned\n|rule|Endless Battle Clause: Forcing endless battles is banned\n|rule|HP Percentage Mod: HP is shown in percentages\n|clearpoke\n|poke|p1|Dragonite, F|\n|poke|p1|Flutter Mane|\n|poke|p1|Glimmora, F|\n|poke|p1|Dusclops, M|\n|poke|p1|Vikavolt, M|\n|poke|p1|Kingambit, F|\n|poke|p2|Gengar, M|\n|poke|p2|Dragonite, M|\n|poke|p2|Ceruledge, M|\n|poke|p2|Hydreigon, M|\n|poke|p2|Murkrow, M|\n|poke|p2|Gholdengo|\n|teampreview\n|inactive|Battle timer is ON: inactive players will automatically lose when time's up. (requested by pxrwxhnzwnpy)\n|\n|t:|1699859485\n|start\n|switch|p1a: Glimmora|Glimmora, F, shiny|100\/100\n|switch|p1b: Dusclops|Dusclops, M, shiny|100\/100\n|switch|p2a: Murkrow|Murkrow, M, shiny|100\/100\n|switch|p2b: Gholdengo|Gholdengo|100\/100\n|-item|p2a: Murkrow|Eviolite|[from] ability: Frisk|[of] p1b: Dusclops|[identify]\n|-item|p2b: Gholdengo|Choice Specs|[from] ability: Frisk|[of] p1b: Dusclops|[identify]\n|turn|1\n|\n|t:|1699859506\n|move|p2a: Murkrow|Tailwind|p2a: Murkrow\n|-sidestart|p2: Juaner95|move: Tailwind\n|move|p2b: Gholdengo|Make It Rain|p1a: Glimmora|[spread] p1a,p1b\n|-supereffective|p1a: Glimmora\n|-damage|p1a: Glimmora|0 fnt\n|-damage|p1b: Dusclops|55\/100\n|-unboost|p2b: Gholdengo|spa|1\n|faint|p1a: Glimmora\n|move|p1b: Dusclops|Trick Room|p1b: Dusclops\n|-fieldstart|move: Trick Room|[of] p1b: Dusclops\n|\n|upkeep\n|\n|t:|1699859521\n|switch|p1a: Kingambit|Kingambit, F|100\/100\n|turn|2\n|\n|t:|1699859537\n|switch|p2b: Hydreigon|Hydreigon, M, shiny|100\/100\n|move|p2a: Murkrow|Taunt|p1b: Dusclops\n|-start|p1b: Dusclops|move: Taunt\n|cant|p1b: Dusclops|move: Taunt|Pain Split\n|move|p1a: Kingambit|Kowtow Cleave|p2b: Hydreigon\n|-resisted|p2b: Hydreigon\n|-damage|p2b: Hydreigon|71\/100\n|\n|upkeep\n|turn|3\n|\n|t:|1699859564\n|move|p1b: Dusclops|Night Shade|p2b: Hydreigon\n|-damage|p2b: Hydreigon|40\/100\n|move|p1a: Kingambit|Iron Head|p2b: Hydreigon\n|-damage|p2b: Hydreigon|0 fnt\n|faint|p2b: Hydreigon\n|move|p2a: Murkrow|Foul Play|p1b: Dusclops\n|-supereffective|p1b: Dusclops\n|-damage|p1b: Dusclops|37\/100\n|\n|upkeep\n|inactive|Juaner95 has 120 seconds left.\n|\n|t:|1699859577\n|switch|p2b: Dragonite|Dragonite, M, shiny|100\/100\n|turn|4\n|\n|t:|1699859596\n|switch|p1b: Vikavolt|Vikavolt, M, shiny|100\/100\n|move|p1a: Kingambit|Kowtow Cleave|p2b: Dragonite\n|-damage|p2b: Dragonite|54\/100\n|move|p2a: Murkrow|Foul Play|p1b: Vikavolt\n|-damage|p1b: Vikavolt|79\/100\n|move|p2b: Dragonite|Earthquake|p1b: Vikavolt|[spread] p1a\n|-immune|p2a: Murkrow\n|-immune|p1b: Vikavolt|[from] ability: Levitate\n|-supereffective|p1a: Kingambit\n|-damage|p1a: Kingambit|58\/100\n|\n|-heal|p1a: Kingambit|64\/100|[from] item: Leftovers\n|-sideend|p2: Juaner95|move: Tailwind\n|upkeep\n|turn|5\n|inactive|Juaner95 has 120 seconds left.\n|inactive|pxrwxhnzwnpy has 120 seconds left.\n|\n|t:|1699859636\n|switch|p2a: Gengar|Gengar, M, shiny|100\/100\n|move|p1b: Vikavolt|Thunderbolt|p2a: Gengar\n|-enditem|p2a: Gengar|Focus Sash\n|-damage|p2a: Gengar|1\/100\n|-damage|p1b: Vikavolt|69\/100|[from] item: Life Orb\n|move|p1a: Kingambit|Kowtow Cleave|p2a: Gengar\n|-supereffective|p2a: Gengar\n|-damage|p2a: Gengar|0 fnt\n|faint|p2a: Gengar\n|move|p2b: Dragonite|Low Kick|p1a: Kingambit\n|-supereffective|p1a: Kingambit\n|-damage|p1a: Kingambit|0 fnt\n|faint|p1a: Kingambit\n|\n|-fieldend|move: Trick Room\n|upkeep\n|\n|t:|1699859650\n|switch|p2a: Murkrow|Murkrow, M, shiny|100\/100\n|switch|p1a: Dusclops|Dusclops, M, shiny|37\/100\n|-item|p2a: Murkrow|Eviolite|[from] ability: Frisk|[of] p1a: Dusclops|[identify]\n|-item|p2b: Dragonite|Assault Vest|[from] ability: Frisk|[of] p1a: Dusclops|[identify]\n|turn|6\n|\n|t:|1699859672\n|switch|p1a: Dragonite|Dragonite, F, shiny|100\/100\n|move|p2a: Murkrow|Taunt|p1a: Dragonite\n|-start|p1a: Dragonite|move: Taunt\n|move|p2b: Dragonite|Dragon Claw|p1b: Vikavolt\n|-damage|p1b: Vikavolt|19\/100\n|move|p1b: Vikavolt|Thunderbolt|p2a: Murkrow\n|-supereffective|p2a: Murkrow\n|-damage|p2a: Murkrow|0 fnt\n|faint|p2a: Murkrow\n|-damage|p1b: Vikavolt|9\/100|[from] item: Life Orb\n|\n|upkeep\n|\n|t:|1699859687\n|switch|p2a: Gholdengo|Gholdengo|100\/100\n|turn|7\n|inactive|pxrwxhnzwnpy has 120 seconds left.\n|\n|t:|1699859727\n|-terastallize|p2b: Dragonite|Normal\n|-terastallize|p1a: Dragonite|Normal\n|move|p1b: Vikavolt|Protect|p1b: Vikavolt\n|-singleturn|p1b: Vikavolt|Protect\n|move|p2b: Dragonite|Extreme Speed|p1a: Dragonite\n|-damage|p1a: Dragonite|54\/100\n|move|p2a: Gholdengo|Shadow Ball|p1b: Vikavolt\n|-activate|p1b: Vikavolt|move: Protect\n|move|p1a: Dragonite|Stomping Tantrum|p2a: Gholdengo\n|-supereffective|p2a: Gholdengo\n|-damage|p2a: Gholdengo|19\/100\n|\n|upkeep\n|turn|8\n|inactive|pxrwxhnzwnpy has 120 seconds left.\n|\n|t:|1699859762\n|move|p2a: Gholdengo|Shadow Ball|p1b: Vikavolt\n|-damage|p1b: Vikavolt|0 fnt\n|faint|p1b: Vikavolt\n|move|p2b: Dragonite|Low Kick|p1a: Dragonite\n|-supereffective|p1a: Dragonite\n|-damage|p1a: Dragonite|0 fnt\n|faint|p1a: Dragonite\n|\n|upkeep\n|\n|t:|1699859769\n|switch|p1a: Flutter Mane|Flutter Mane, shiny|100\/100\n|switch|p1b: Dusclops|Dusclops, M, shiny|37\/100\n|-item|p2a: Gholdengo|Choice Specs|[from] ability: Frisk|[of] p1b: Dusclops|[identify]\n|-item|p2b: Dragonite|Assault Vest|[from] ability: Frisk|[of] p1b: Dusclops|[identify]\n|-enditem|p1a: Flutter Mane|Booster Energy\n|-activate|p1a: Flutter Mane|ability: Protosynthesis|[fromitem]\n|-start|p1a: Flutter Mane|protosynthesisspa\n|turn|9\n|inactive|pxrwxhnzwnpy has 120 seconds left.\n|\n|t:|1699859792\n|move|p1a: Flutter Mane|Moonblast|p2a: Gholdengo\n|-resisted|p2a: Gholdengo\n|-damage|p2a: Gholdengo|0 fnt\n|faint|p2a: Gholdengo\n|move|p2b: Dragonite|Dragon Claw|p1b: Dusclops\n|-damage|p1b: Dusclops|15\/100\n|move|p1b: Dusclops|Will-O-Wisp|p2b: Dragonite\n|-status|p2b: Dragonite|brn\n|\n|-damage|p2b: Dragonite|48\/100 brn|[from] brn\n|upkeep\n|\n|t:|1699859800\n|switch|p2a: Ceruledge|Ceruledge, M|100\/100\n|turn|10\n|\n|t:|1699859814\n|move|p1a: Flutter Mane|Protect|p1a: Flutter Mane\n|-singleturn|p1a: Flutter Mane|Protect\n|move|p2b: Dragonite|Dragon Claw|p1b: Dusclops\n|-damage|p1b: Dusclops|2\/100\n|move|p2a: Ceruledge|Bulk Up|p2a: Ceruledge\n|-boost|p2a: Ceruledge|atk|1\n|-boost|p2a: Ceruledge|def|1\n|move|p1b: Dusclops|Pain Split|p2a: Ceruledge\n|-sethp|p2a: Ceruledge|51\/100|[from] move: Pain Split|[silent]\n|-sethp|p1b: Dusclops|64\/100|[from] move: Pain Split\n|\n|-damage|p2b: Dragonite|42\/100 brn|[from] brn\n|upkeep\n|turn|11\n|inactive|pxrwxhnzwnpy has 120 seconds left.\n|inactive|Juaner95 has 120 seconds left.\n|\n|t:|1699859846\n|move|p1a: Flutter Mane|Moonblast|p2a: Ceruledge\n|-resisted|p2a: Ceruledge\n|-damage|p2a: Ceruledge|17\/100\n|move|p2b: Dragonite|Dragon Claw|p1b: Dusclops\n|-damage|p1b: Dusclops|52\/100\n|move|p2a: Ceruledge|Bitter Blade|p1a: Flutter Mane\n|-damage|p1a: Flutter Mane|0 fnt\n|-heal|p2a: Ceruledge|55\/100|[from] drain|[of] p1a: Flutter Mane\n|faint|p1a: Flutter Mane\n|-end|p1a: Flutter Mane|Protosynthesis|[silent]\n|move|p1b: Dusclops|Will-O-Wisp|p2a: Ceruledge\n|-start|p2a: Ceruledge|ability: Flash Fire\n|\n|-damage|p2b: Dragonite|36\/100 brn|[from] brn\n|upkeep\n|turn|12\n|c|\u2606Juaner95|GG\n|\n|t:|1699859867\n|move|p2b: Dragonite|Dragon Claw|p1b: Dusclops\n|-crit|p1b: Dusclops\n|-damage|p1b: Dusclops|35\/100\n|move|p2a: Ceruledge|Bitter Blade|p1b: Dusclops\n|-damage|p1b: Dusclops|0 fnt\n|-heal|p2a: Ceruledge|69\/100|[from] drain|[of] p1b: Dusclops\n|faint|p1b: Dusclops\n|\n|win|Juaner95\n|raw|pxrwxhnzwnpy's rating: 1502 &rarr; <strong>1481<\/strong><br \/>(-21 for losing)\n|raw|Juaner95's rating: 1491 &rarr; <strong>1512<\/strong><br \/>(+21 for winning)\n|l|\u2606pxrwxhnzwnpy\n","uploadtime":1699859891,"views":23,"p1id":"pxrwxhnzwnpy","p2id":"juaner95","formatid":"gen9doublesou","rating":1481,"private":0,"password":""}