{"id":"gen9doublesou-1978557918","p1":"Nooby1234567","p2":"Sahira Alhazred","format":"[Gen 9] Doubles OU","log":"|j|\u2606Nooby1234567\n|j|\u2606Sahira Alhazred\n|t:|1698555674\n|gametype|doubles\n|player|p1|Nooby1234567|darach-caitlin|1399\n|player|p2|Sahira Alhazred|cynthia-masters|1593\n|teamsize|p1|6\n|teamsize|p2|6\n|gen|9\n|tier|[Gen 9] Doubles OU\n|rated|\n|rule|Species Clause: Limit one of each Pok\u00e9mon\n|rule|OHKO Clause: OHKO moves are banned\n|rule|Evasion Moves Clause: Evasion moves are banned\n|rule|Gravity Sleep Clause: The combination of sleep-inducing moves with imperfect accuracy and Gravity or Gigantamax Orbeetle are banned\n|rule|Endless Battle Clause: Forcing endless battles is banned\n|rule|HP Percentage Mod: HP is shown in percentages\n|clearpoke\n|poke|p1|Torkoal, F|\n|poke|p1|Ogerpon-Hearthflame, F|\n|poke|p1|Walking Wake|\n|poke|p1|Leafeon, F|\n|poke|p1|Charizard, M|\n|poke|p1|Chi-Yu|\n|poke|p2|Camerupt, M|\n|poke|p2|Oranguru, M|\n|poke|p2|Iron Hands|\n|poke|p2|Ursaluna, M|\n|poke|p2|Cresselia, F|\n|poke|p2|Torkoal, M|\n|teampreview\n|c|\u2606Nooby1234567|flgd\n|c|\u2606Nooby1234567|glhf*\n|\n|t:|1698555696\n|start\n|switch|p1a: Torkoal|Torkoal, F|100\/100\n|switch|p1b: Charizard|Charizard, M|100\/100\n|switch|p2a: Rhiannon|Cresselia, F|100\/100\n|switch|p2b: Bjorn|Ursaluna, M|100\/100\n|-weather|SunnyDay|[from] ability: Drought|[of] p1a: Torkoal\n|turn|1\n|\n|t:|1698555714\n|switch|p1a: Chi-Yu|Chi-Yu|100\/100\n|-ability|p1a: Chi-Yu|Beads of Ruin\n|move|p2a: Rhiannon|Ally Switch|p2a: Rhiannon\n|swap|p2a: Rhiannon|1|[from] move: Ally Switch\n|move|p1b: Charizard|Heat Wave|p2b: Rhiannon|[spread] p2b\n|-miss|p1b: Charizard|p2a: Bjorn\n|-damage|p2b: Rhiannon|19\/100\n|move|p2a: Bjorn|Swords Dance|p2a: Bjorn\n|-boost|p2a: Bjorn|atk|2\n|\n|-weather|SunnyDay|[upkeep]\n|-damage|p1b: Charizard|88\/100|[from] ability: Solar Power|[of] p1b: Charizard\n|-status|p2a: Bjorn|brn|[from] item: Flame Orb\n|upkeep\n|turn|2\n|\n|t:|1698555732\n|move|p1a: Chi-Yu|Heat Wave|p2b: Rhiannon|[spread] p2a,p2b\n|-damage|p2a: Bjorn|24\/100 brn\n|-damage|p2b: Rhiannon|0 fnt\n|faint|p2b: Rhiannon\n|move|p1b: Charizard|Heat Wave|p2a: Bjorn|[miss]\n|-miss|p1b: Charizard|p2a: Bjorn\n|move|p2a: Bjorn|Facade|p1b: Charizard\n|-damage|p1b: Charizard|0 fnt\n|faint|p1b: Charizard\n|\n|-weather|SunnyDay|[upkeep]\n|-damage|p2a: Bjorn|18\/100 brn|[from] brn\n|upkeep\n|\n|t:|1698555753\n|switch|p1b: Leafeon|Leafeon, F|100\/100\n|switch|p2b: Yokozuna|Iron Hands|100\/100\n|turn|3\n|j| TestthisChampp\n|\n|t:|1698555762\n|move|p2a: Bjorn|Protect|p2a: Bjorn\n|-singleturn|p2a: Bjorn|Protect\n|move|p1b: Leafeon|Solar Blade||[still]\n|-prepare|p1b: Leafeon|Solar Blade\n|-anim|p1b: Leafeon|Solar Blade|p2b: Yokozuna\n|-damage|p2b: Yokozuna|46\/100\n|move|p1a: Chi-Yu|Heat Wave|p2a: Bjorn|[spread] p2b\n|-activate|p2a: Bjorn|move: Protect\n|-damage|p2b: Yokozuna|0 fnt\n|faint|p2b: Yokozuna\n|-end|p2b: Yokozuna|Quark Drive|[silent]\n|\n|-weather|SunnyDay|[upkeep]\n|-damage|p2a: Bjorn|11\/100 brn|[from] brn\n|upkeep\n|\n|t:|1698555771\n|switch|p2b: Vulcan|Torkoal, M|100\/100\n|turn|4\n|\n|t:|1698555785\n|move|p2a: Bjorn|Protect|p2a: Bjorn\n|-singleturn|p2a: Bjorn|Protect\n|move|p1b: Leafeon|Solar Blade||[still]\n|-prepare|p1b: Leafeon|Solar Blade\n|-anim|p1b: Leafeon|Solar Blade|p2a: Bjorn\n|-activate|p2a: Bjorn|move: Protect\n|move|p1a: Chi-Yu|Dark Pulse|p2b: Vulcan\n|-damage|p2b: Vulcan|30\/100\n|cant|p2b: Vulcan|flinch\n|\n|-weather|SunnyDay|[upkeep]\n|-damage|p2a: Bjorn|5\/100 brn|[from] brn\n|upkeep\n|turn|5\n|-message|Sahira Alhazred forfeited.\n|\n|win|Nooby1234567\n|raw|Nooby1234567's rating: 1399 &rarr; <strong>1429<\/strong><br \/>(+30 for winning)\n|raw|Sahira Alhazred's rating: 1593 &rarr; <strong>1563<\/strong><br \/>(-30 for losing)\n|l|\u2606Sahira Alhazred\n","uploadtime":1698555816,"views":22,"p1id":"nooby1234567","p2id":"sahiraalhazred","formatid":"gen9doublesou","rating":1429,"private":0,"password":""}