{"id":"gen9doublesou-1994175999","p1":"E4Everyone","p2":"mr.pickup","format":"[Gen 9] Doubles OU","log":"|j|\u2606E4Everyone\n|j|\u2606mr.pickup\n|inactive|Battle timer is ON: inactive players will automatically lose when time's up.\n|t:|1700415568\n|gametype|doubles\n|player|p1|E4Everyone|hugh|\n|player|p2|mr.pickup|skierf|\n|teamsize|p1|6\n|teamsize|p2|6\n|gen|9\n|tier|[Gen 9] Doubles OU\n|rated|Tournament battle\n|rule|Species Clause: Limit one of each Pok\u00e9mon\n|rule|OHKO Clause: OHKO moves are banned\n|rule|Evasion Moves Clause: Evasion moves are banned\n|rule|Gravity Sleep Clause: The combination of sleep-inducing moves with imperfect accuracy and Gravity or Gigantamax Orbeetle are banned\n|rule|Endless Battle Clause: Forcing endless battles is banned\n|rule|HP Percentage Mod: HP is shown in percentages\n|rule|Bonus Type Mod: Pok\u00e9mon have their Tera Type added onto their current ones.\n|clearpoke\n|poke|p1|Stantler, F|\n|poke|p1|Arbok, F|\n|poke|p1|Magnezone|\n|poke|p1|Noctowl, F|\n|poke|p1|Dusclops, M|\n|poke|p1|Typhlosion-Hisui, M|\n|poke|p2|Sinistcha|\n|poke|p2|Glimmora, M|\n|poke|p2|Gliscor, F|\n|poke|p2|Ariados, M|\n|poke|p2|Greninja-*, M|\n|poke|p2|Floatzel, F|\n|teampreview\n|j|*Lady Monita \u2746\n|inactive|mr.pickup also wants the timer to be on.\n|j| Ekcantdrawlol\n|j| DabBuster184\n|c|\u2606mr.pickup|Wow you got kind of unlucky\n|inactive|E4Everyone has 120 seconds left.\n|inactive|mr.pickup has 120 seconds left.\n|c|\u2606E4Everyone|no i like what ive got planned dw\n|\n|t:|1700415617\n|start\n|switch|p1a: Arbok|Arbok, F|100\/100\n|switch|p1b: Magnezone|Magnezone|100\/100\n|switch|p2a: Gliscor|Gliscor, F|100\/100\n|switch|p2b: Greninja|Greninja, M|100\/100\n|-start|p2b: Greninja|typechange|Water\/Dark\/Flying|[silent]\n|-start|p2a: Gliscor|typechange|Ground\/Flying\/Normal|[silent]\n|-start|p1a: Arbok|typechange|Poison\/Dark|[silent]\n|-ability|p1a: Arbok|Intimidate|boost\n|-unboost|p2a: Gliscor|atk|1\n|-unboost|p2b: Greninja|atk|1\n|-start|p1b: Magnezone|typechange|Electric\/Steel\/Flying|[silent]\n|-start|p1a: Arbok|typechange|Poison\/Dark|[silent]\n|-start|p1b: Magnezone|typechange|Electric\/Steel\/Flying|[silent]\n|-start|p2a: Gliscor|typechange|Ground\/Flying\/Normal|[silent]\n|-start|p2b: Greninja|typechange|Water\/Dark\/Flying|[silent]\n|turn|1\n|j| doerdoes\n|j| MasterOfUniverse\n|l| MasterOfUniverse\n|inactive|E4Everyone has 120 seconds left.\n|\n|t:|1700415647\n|switch|p2a: Floatzel|Floatzel, F|100\/100\n|-start|p2a: Floatzel|typechange|Water\/Fighting|[silent]\n|switch|p1a: Noctowl|Noctowl, F|100\/100\n|-start|p1a: Noctowl|typechange|Normal\/Flying\/Electric|[silent]\n|move|p2b: Greninja|Switcheroo|p1b: Magnezone\n|-activate|p2b: Greninja|move: Trick|[of] p1b: Magnezone\n|-item|p1b: Magnezone|Choice Scarf|[from] move: Switcheroo\n|-item|p2b: Greninja|Choice Specs|[from] move: Switcheroo\n|move|p1b: Magnezone|Thunderbolt|p2b: Greninja\n|-supereffective|p2b: Greninja\n|-damage|p2b: Greninja|0 fnt\n|faint|p2b: Greninja\n|\n|upkeep\n|\n|t:|1700415658\n|switch|p2b: Sinistcha|Sinistcha|100\/100\n|-start|p2b: Sinistcha|typechange|Grass\/Ghost\/Steel|[silent]\n|-start|p1a: Noctowl|typechange|Normal\/Flying\/Electric|[silent]\n|-start|p2a: Floatzel|typechange|Water\/Fighting|[silent]\n|-start|p2b: Sinistcha|typechange|Grass\/Ghost\/Steel|[silent]\n|turn|2\n|\n|t:|1700415674\n|move|p2a: Floatzel|Rain Dance|p2a: Floatzel\n|-weather|RainDance\n|move|p1b: Magnezone|Thunderbolt|p2a: Floatzel\n|-supereffective|p2a: Floatzel\n|-damage|p2a: Floatzel|0 fnt\n|faint|p2a: Floatzel\n|move|p1a: Noctowl|Tailwind|p1a: Noctowl\n|-sidestart|p1: E4Everyone|move: Tailwind\n|move|p2b: Sinistcha|Trick Room|p2b: Sinistcha\n|-fieldstart|move: Trick Room|[of] p2b: Sinistcha\n|\n|-weather|RainDance|[upkeep]\n|upkeep\n|\n|t:|1700415681\n|switch|p2a: Ariados|Ariados, M|100\/100\n|-start|p2a: Ariados|typechange|Bug\/Poison\/Dark|[silent]\n|-start|p2a: Ariados|typechange|Bug\/Poison\/Dark|[silent]\n|turn|3\n|\n|t:|1700415696\n|switch|p2b: Glimmora|Glimmora, M|100\/100\n|-start|p2b: Glimmora|typechange|Rock\/Poison\/Ground|[silent]\n|-item|p2b: Glimmora|Air Balloon\n|switch|p1b: Stantler|Stantler, F|100\/100\n|-start|p1b: Stantler|typechange|Normal\/Fairy|[silent]\n|-ability|p1b: Stantler|Intimidate|boost\n|-unboost|p2a: Ariados|atk|1\n|-unboost|p2b: Glimmora|atk|1\n|move|p2a: Ariados|Swords Dance|p2a: Ariados\n|-boost|p2a: Ariados|atk|2\n|move|p1a: Noctowl|Hypnosis|p2b: Glimmora|[miss]\n|-miss|p1a: Noctowl|p2b: Glimmora\n|\n|-weather|RainDance|[upkeep]\n|upkeep\n|-start|p1b: Stantler|typechange|Normal\/Fairy|[silent]\n|-start|p2b: Glimmora|typechange|Rock\/Poison\/Ground|[silent]\n|turn|4\n|\n|t:|1700415716\n|move|p2a: Ariados|Cross Poison|p1a: Noctowl\n|-crit|p1a: Noctowl\n|-damage|p1a: Noctowl|0 fnt\n|faint|p1a: Noctowl\n|move|p2b: Glimmora|Earth Power|p1b: Stantler\n|-damage|p1b: Stantler|70\/100\n|move|p1b: Stantler|Sunny Day|p1b: Stantler\n|-weather|SunnyDay\n|\n|-weather|SunnyDay|[upkeep]\n|upkeep\n|\n|t:|1700415730\n|switch|p1a: Arbok|Arbok, F|100\/100\n|-start|p1a: Arbok|typechange|Poison\/Dark|[silent]\n|-ability|p1a: Arbok|Intimidate|boost\n|-unboost|p2a: Ariados|atk|1\n|-unboost|p2b: Glimmora|atk|1\n|-start|p1a: Arbok|typechange|Poison\/Dark|[silent]\n|turn|5\n|\n|t:|1700415738\n|move|p1b: Stantler|Protect|p1b: Stantler\n|-singleturn|p1b: Stantler|Protect\n|move|p2a: Ariados|Pin Missile|p1a: Arbok|[miss]\n|-miss|p2a: Ariados|p1a: Arbok\n|move|p2b: Glimmora|Mortal Spin|p1b: Stantler|[spread] p1a\n|-activate|p1b: Stantler|move: Protect\n|-resisted|p1a: Arbok\n|-damage|p1a: Arbok|99\/100\n|move|p1a: Arbok|Earthquake|p2a: Ariados|[spread] p2a\n|-activate|p1b: Stantler|move: Protect\n|-immune|p2b: Glimmora\n|-damage|p2a: Ariados|72\/100\n|\n|-weather|SunnyDay|[upkeep]\n|-heal|p1a: Arbok|100\/100|[from] item: Leftovers\n|-sideend|p1: E4Everyone|move: Tailwind\n|upkeep\n|turn|6\n|\n|t:|1700415768\n|switch|p2a: Sinistcha|Sinistcha|100\/100\n|-start|p2a: Sinistcha|typechange|Grass\/Ghost\/Steel|[silent]\n|move|p2b: Glimmora|Sludge Wave|p1b: Stantler|[spread] p1a,p1b\n|-immune|p2a: Sinistcha\n|-resisted|p1a: Arbok\n|-supereffective|p1b: Stantler\n|-damage|p1a: Arbok|75\/100\n|-damage|p1b: Stantler|17\/100\n|move|p1b: Stantler|Light Screen|p1b: Stantler\n|-sidestart|p1: E4Everyone|move: Light Screen\n|move|p1a: Arbok|Coil|p1a: Arbok\n|-boost|p1a: Arbok|atk|1\n|-boost|p1a: Arbok|def|1\n|-boost|p1a: Arbok|accuracy|1\n|\n|-weather|SunnyDay|[upkeep]\n|-heal|p1a: Arbok|81\/100|[from] item: Leftovers\n|-fieldend|move: Trick Room\n|upkeep\n|-start|p2a: Sinistcha|typechange|Grass\/Ghost\/Steel|[silent]\n|turn|7\n|j| Kisuke_on_crack\n|\n|t:|1700415795\n|move|p2a: Sinistcha|Rage Powder|p2a: Sinistcha\n|-singleturn|p2a: Sinistcha|move: Rage Powder\n|move|p1a: Arbok|Crunch|p2a: Sinistcha\n|-supereffective|p2a: Sinistcha\n|-damage|p2a: Sinistcha|10\/100\n|-enditem|p2a: Sinistcha|Red Card|[of] p1a: Arbok\n|drag|p1a: Typhlosion|Typhlosion-Hisui, M|100\/100\n|-start|p1a: Typhlosion|typechange|Fire\/Ghost\/Grass|[silent]\n|move|p1b: Stantler|Body Slam|p2a: Sinistcha\n|-immune|p2a: Sinistcha\n|move|p2b: Glimmora|Sludge Wave|p1b: Stantler|[spread] p1a,p1b\n|-immune|p2a: Sinistcha\n|-crit|p1a: Typhlosion\n|-supereffective|p1b: Stantler\n|-damage|p1a: Typhlosion|14\/100\n|-damage|p1b: Stantler|0 fnt\n|faint|p1b: Stantler\n|\n|-weather|SunnyDay|[upkeep]\n|upkeep\n|inactive|E4Everyone has 120 seconds left.\n|\n|t:|1700415810\n|switch|p1b: Arbok|Arbok, F|81\/100\n|-start|p1b: Arbok|typechange|Poison\/Dark|[silent]\n|-ability|p1b: Arbok|Intimidate|boost\n|-unboost|p2a: Sinistcha|atk|1\n|-unboost|p2b: Glimmora|atk|1\n|-start|p1a: Typhlosion|typechange|Fire\/Ghost\/Grass|[silent]\n|-start|p1b: Arbok|typechange|Poison\/Dark|[silent]\n|turn|8\n|\n|t:|1700415822\n|move|p2a: Sinistcha|Rage Powder|p2a: Sinistcha\n|-singleturn|p2a: Sinistcha|move: Rage Powder\n|move|p1a: Typhlosion|Solar Beam||[still]\n|-prepare|p1a: Typhlosion|Solar Beam\n|-anim|p1a: Typhlosion|Solar Beam|p2b: Glimmora\n|-supereffective|p2b: Glimmora\n|-damage|p2b: Glimmora|0 fnt\n|-enditem|p2b: Glimmora|Air Balloon\n|faint|p2b: Glimmora\n|move|p1b: Arbok|Crunch|p2a: Sinistcha\n|-supereffective|p2a: Sinistcha\n|-damage|p2a: Sinistcha|0 fnt\n|faint|p2a: Sinistcha\n|\n|-weather|none\n|-heal|p1b: Arbok|87\/100|[from] item: Leftovers\n|upkeep\n|\n|t:|1700415830\n|switch|p2b: Gliscor|Gliscor, F|100\/100\n|switch|p2a: Ariados|Ariados, M|72\/100\n|-start|p2b: Gliscor|typechange|Ground\/Flying\/Normal|[silent]\n|-start|p2a: Ariados|typechange|Bug\/Poison\/Dark|[silent]\n|-start|p2a: Ariados|typechange|Bug\/Poison\/Dark|[silent]\n|-start|p2b: Gliscor|typechange|Ground\/Flying\/Normal|[silent]\n|turn|9\n|\n|t:|1700415842\n|move|p2a: Ariados|Sucker Punch|p1a: Typhlosion\n|-supereffective|p1a: Typhlosion\n|-damage|p1a: Typhlosion|0 fnt\n|faint|p1a: Typhlosion\n|move|p2b: Gliscor|Swords Dance|p2b: Gliscor\n|-boost|p2b: Gliscor|atk|2\n|move|p1b: Arbok|Coil|p1b: Arbok\n|-boost|p1b: Arbok|atk|1\n|-boost|p1b: Arbok|def|1\n|-boost|p1b: Arbok|accuracy|1\n|\n|-heal|p1b: Arbok|93\/100|[from] item: Leftovers\n|-status|p2b: Gliscor|tox|[from] item: Toxic Orb\n|upkeep\n|\n|t:|1700415856\n|switch|p1a: Dusclops|Dusclops, M|100\/100\n|-start|p1a: Dusclops|typechange|Ghost\/Normal|[silent]\n|-item|p2a: Ariados|Scope Lens|[from] ability: Frisk|[of] p1a: Dusclops|[identify]\n|-item|p2b: Gliscor|Toxic Orb|[from] ability: Frisk|[of] p1a: Dusclops|[identify]\n|-start|p1a: Dusclops|typechange|Ghost\/Normal|[silent]\n|turn|10\n|\n|t:|1700415882\n|-terastallize|p1b: Arbok|Dark\n|move|p2a: Ariados|Sucker Punch|p1b: Arbok\n|-resisted|p1b: Arbok\n|-damage|p1b: Arbok|80\/100\n|move|p2b: Gliscor|Earthquake|p1a: Dusclops|[spread] p2a,p1a,p1b\n|-crit|p1a: Dusclops\n|-damage|p2a: Ariados|0 fnt\n|-damage|p1a: Dusclops|44\/100\n|-damage|p1b: Arbok|17\/100\n|faint|p2a: Ariados\n|move|p1b: Arbok|Crunch|p2b: Gliscor\n|-damage|p2b: Gliscor|35\/100 tox\n|move|p1a: Dusclops|Icy Wind|p2b: Gliscor|[miss]\n|-miss|p1a: Dusclops|p2b: Gliscor\n|\n|-heal|p1b: Arbok|23\/100|[from] item: Leftovers\n|-heal|p2b: Gliscor|47\/100 tox|[from] ability: Poison Heal\n|-sideend|p1: E4Everyone|move: Light Screen\n|upkeep\n|-start|p2: Ariados|typechange|Bug\/Poison\/Dark|[silent]\n|turn|11\n|\n|t:|1700415904\n|switch|p1b: Magnezone|Magnezone|100\/100\n|-start|p1b: Magnezone|typechange|Electric\/Steel\/Flying|[silent]\n|move|p2b: Gliscor|Earthquake|p1b: Magnezone|[spread] p1a\n|-immune|p1b: Magnezone\n|-damage|p1a: Dusclops|6\/100\n|move|p1a: Dusclops|Icy Wind|p2b: Gliscor\n|-supereffective|p2b: Gliscor\n|-damage|p2b: Gliscor|0 fnt\n|faint|p2b: Gliscor\n|\n|win|E4Everyone\n|n|\u2606E4Everyone|e4everyone\n|n|\u2606mr.pickup|mrpickup\n|n|*Lady Monita \u2746|ladymonita\n|n| Ekcantdrawlol|ekcantdrawlol\n|n| DabBuster184|dabbuster184\n|n| doerdoes|doerdoes\n|n| Kisuke_on_crack|kisukeoncrack\n","uploadtime":1700415905,"views":3,"p1id":"e4everyone","p2id":"mrpickup","formatid":"gen9doublesou","rating":0,"private":0,"password":""}