{"id":"gen9doublesou-1978524351","p1":"Nub11","p2":"Primal Latios","format":"[Gen 9] Doubles OU","log":"|j|\u2606Nub11\n|j|\u2606Primal Latios\n|t:|1698550422\n|gametype|doubles\n|player|p1|Nub11|gambler|1143\n|player|p2|Primal Latios|266|1240\n|teamsize|p1|6\n|teamsize|p2|6\n|gen|9\n|tier|[Gen 9] Doubles OU\n|rated|\n|rule|Species Clause: Limit one of each Pok\u00e9mon\n|rule|OHKO Clause: OHKO moves are banned\n|rule|Evasion Moves Clause: Evasion moves are banned\n|rule|Gravity Sleep Clause: The combination of sleep-inducing moves with imperfect accuracy and Gravity or Gigantamax Orbeetle are banned\n|rule|Endless Battle Clause: Forcing endless battles is banned\n|rule|HP Percentage Mod: HP is shown in percentages\n|clearpoke\n|poke|p1|Sinistcha|\n|poke|p1|Ursaluna, M|\n|poke|p1|Clefairy, F|\n|poke|p1|Iron Hands|\n|poke|p1|Kommo-o, M|\n|poke|p1|Hatterene, F|\n|poke|p2|Ambipom, M|\n|poke|p2|Dedenne, F|\n|poke|p2|Thundurus, M|\n|poke|p2|Sawsbuck, F|\n|poke|p2|Landorus-Therian, M|\n|poke|p2|Iron Hands|\n|teampreview\n|inactive|Battle timer is ON: inactive players will automatically lose when time's up. (requested by Nub11)\n|\n|t:|1698550437\n|start\n|switch|p1a: Ursaluna|Ursaluna, M|100\/100\n|switch|p1b: Hatterene|Hatterene, F|100\/100\n|switch|p2a: Charles|Ambipom, M|100\/100\n|switch|p2b: Mice|Dedenne, F|100\/100\n|turn|1\n|\n|t:|1698550450\n|move|p2a: Charles|Fling|p1b: Hatterene\n|-damage|p1b: Hatterene|90\/100\n|-enditem|p2a: Charles|King's Rock|[from] move: Fling\n|move|p2b: Mice|Fling|p1a: Ursaluna\n|-damage|p1a: Ursaluna|96\/100\n|-enditem|p2b: Mice|Razor Fang|[from] move: Fling\n|cant|p1a: Ursaluna|flinch\n|cant|p1b: Hatterene|flinch\n|\n|-item|p2a: Charles|Razor Fang|[from] ability: Pickup\n|-item|p2b: Mice|King's Rock|[from] ability: Pickup\n|upkeep\n|turn|2\n|\n|t:|1698550472\n|move|p2a: Charles|Fling|p1b: Hatterene\n|-damage|p1b: Hatterene|79\/100\n|-enditem|p2a: Charles|Razor Fang|[from] move: Fling\n|move|p2b: Mice|Fling|p1a: Ursaluna\n|-damage|p1a: Ursaluna|91\/100\n|-enditem|p2b: Mice|King's Rock|[from] move: Fling\n|cant|p1a: Ursaluna|flinch\n|cant|p1b: Hatterene|flinch\n|\n|-item|p2a: Charles|King's Rock|[from] ability: Pickup\n|-item|p2b: Mice|Razor Fang|[from] ability: Pickup\n|upkeep\n|turn|3\n|\n|t:|1698550497\n|switch|p1a: Clefairy|Clefairy, F|100\/100\n|switch|p1b: Kommo-o|Kommo-o, M|100\/100\n|move|p2a: Charles|Fling|p1a: Clefairy\n|-resisted|p1a: Clefairy\n|-damage|p1a: Clefairy|97\/100\n|-enditem|p2a: Charles|King's Rock|[from] move: Fling\n|move|p2b: Mice|Fling|p1b: Kommo-o\n|-resisted|p1b: Kommo-o\n|-damage|p1b: Kommo-o|98\/100\n|-enditem|p2b: Mice|Razor Fang|[from] move: Fling\n|\n|-item|p2a: Charles|Razor Fang|[from] ability: Pickup\n|-item|p2b: Mice|King's Rock|[from] ability: Pickup\n|upkeep\n|turn|4\n|\n|t:|1698550512\n|move|p2a: Charles|Protect|p2a: Charles\n|-singleturn|p2a: Charles|Protect\n|move|p1a: Clefairy|Follow Me|p1a: Clefairy\n|-singleturn|p1a: Clefairy|move: Follow Me\n|move|p2b: Mice|Nuzzle|p1a: Clefairy\n|-damage|p1a: Clefairy|91\/100\n|-status|p1a: Clefairy|par\n|move|p1b: Kommo-o|Clangorous Soul|p1b: Kommo-o\n|-boost|p1b: Kommo-o|atk|1\n|-boost|p1b: Kommo-o|def|1\n|-boost|p1b: Kommo-o|spa|1\n|-boost|p1b: Kommo-o|spd|1\n|-boost|p1b: Kommo-o|spe|1\n|-damage|p1b: Kommo-o|65\/100\n|-enditem|p1b: Kommo-o|Throat Spray\n|-boost|p1b: Kommo-o|spa|1|[from] item: Throat Spray\n|\n|upkeep\n|turn|5\n|\n|t:|1698550534\n|-terastallize|p1b: Kommo-o|Steel\n|move|p1a: Clefairy|Follow Me|p1a: Clefairy\n|-singleturn|p1a: Clefairy|move: Follow Me\n|move|p2a: Charles|Thunder Wave|p1a: Clefairy|[miss]\n|-miss|p2a: Charles|p1a: Clefairy\n|move|p2b: Mice|Nuzzle|p1a: Clefairy\n|-damage|p1a: Clefairy|86\/100 par\n|move|p1b: Kommo-o|Clangorous Soul|p1b: Kommo-o\n|-boost|p1b: Kommo-o|atk|1\n|-boost|p1b: Kommo-o|def|1\n|-boost|p1b: Kommo-o|spa|1\n|-boost|p1b: Kommo-o|spd|1\n|-boost|p1b: Kommo-o|spe|1\n|-damage|p1b: Kommo-o|33\/100\n|\n|upkeep\n|turn|6\n|\n|t:|1698550553\n|move|p1a: Clefairy|Follow Me|p1a: Clefairy\n|-singleturn|p1a: Clefairy|move: Follow Me\n|move|p2a: Charles|Thunder Wave|p1a: Clefairy\n|-fail|p1a: Clefairy|par\n|move|p2b: Mice|Nuzzle|p1a: Clefairy\n|-damage|p1a: Clefairy|80\/100 par\n|move|p1b: Kommo-o|Clanging Scales|p2a: Charles|[spread] p2a\n|-immune|p2b: Mice\n|-damage|p2a: Charles|0 fnt\n|faint|p2a: Charles\n|-unboost|p1b: Kommo-o|def|1\n|\n|upkeep\n|\n|t:|1698550573\n|switch|p2a: Safety|Iron Hands|100\/100\n|turn|7\n|\n|t:|1698550588\n|cant|p1a: Clefairy|par\n|move|p2b: Mice|Nuzzle|p1b: Kommo-o\n|-crit|p1b: Kommo-o\n|-damage|p1b: Kommo-o|27\/100\n|-status|p1b: Kommo-o|par\n|move|p1b: Kommo-o|Clanging Scales|p2b: Mice|[spread] p2a\n|-immune|p2b: Mice\n|-damage|p2a: Safety|38\/100\n|-unboost|p1b: Kommo-o|def|1\n|move|p2a: Safety|Drain Punch|p1b: Kommo-o\n|-supereffective|p1b: Kommo-o\n|-damage|p1b: Kommo-o|0 fnt\n|-heal|p2a: Safety|47\/100|[from] drain|[of] p1b: Kommo-o\n|faint|p1b: Kommo-o\n|\n|upkeep\n|\n|t:|1698550604\n|switch|p1b: Ursaluna|Ursaluna, M|91\/100\n|turn|8\n|\n|t:|1698550613\n|switch|p1a: Sinistcha|Sinistcha|100\/100\n|-heal|p1b: Ursaluna|100\/100|[from] ability: Hospitality|[of] p1a: Sinistcha\n|-terastallize|p2a: Safety|Grass\n|move|p2b: Mice|Super Fang|p1b: Ursaluna\n|-damage|p1b: Ursaluna|50\/100\n|-enditem|p1b: Ursaluna|Sitrus Berry|[eat]\n|-heal|p1b: Ursaluna|75\/100|[from] item: Sitrus Berry\n|move|p2a: Safety|Swords Dance|p2a: Safety\n|-boost|p2a: Safety|atk|2\n|move|p1b: Ursaluna|Headlong Rush|p2a: Safety\n|-resisted|p2a: Safety\n|-damage|p2a: Safety|27\/100\n|-unboost|p1b: Ursaluna|def|1\n|-unboost|p1b: Ursaluna|spd|1\n|\n|upkeep\n|turn|9\n|\n|t:|1698550636\n|move|p1b: Ursaluna|Protect|p1b: Ursaluna\n|-singleturn|p1b: Ursaluna|Protect\n|move|p2b: Mice|Fling|p1a: Sinistcha\n|-supereffective|p1a: Sinistcha\n|-damage|p1a: Sinistcha|90\/100\n|-enditem|p2b: Mice|King's Rock|[from] move: Fling\n|move|p2a: Safety|Drain Punch|p1b: Ursaluna\n|-activate|p1b: Ursaluna|move: Protect\n|cant|p1a: Sinistcha|flinch\n|\n|upkeep\n|turn|10\n|\n|t:|1698550661\n|switch|p1b: Clefairy|Clefairy, F|80\/100 par\n|move|p1a: Sinistcha|Rage Powder|p1a: Sinistcha\n|-singleturn|p1a: Sinistcha|move: Rage Powder\n|move|p2b: Mice|Nuzzle|p1a: Sinistcha\n|-resisted|p1a: Sinistcha\n|-damage|p1a: Sinistcha|88\/100\n|-status|p1a: Sinistcha|par\n|move|p2a: Safety|Drain Punch|p1b: Clefairy\n|-resisted|p1b: Clefairy\n|-damage|p1b: Clefairy|52\/100 par\n|-heal|p2a: Safety|37\/100|[from] drain|[of] p1b: Clefairy\n|\n|upkeep\n|turn|11\n|\n|t:|1698550685\n|switch|p2b: Varius|Thundurus, M, shiny|100\/100\n|move|p1b: Clefairy|Follow Me|p1b: Clefairy\n|-singleturn|p1b: Clefairy|move: Follow Me\n|move|p2a: Safety|Thunder Punch|p1b: Clefairy\n|-damage|p1b: Clefairy|0 fnt\n|faint|p1b: Clefairy\n|move|p1a: Sinistcha|Trick Room|p1a: Sinistcha\n|-fieldstart|move: Trick Room|[of] p1a: Sinistcha\n|\n|upkeep\n|\n|t:|1698550696\n|switch|p1b: Iron Hands|Iron Hands|100\/100\n|turn|12\n|\n|t:|1698550706\n|move|p1b: Iron Hands|Fake Out|p2b: Varius\n|-damage|p2b: Varius|76\/100\n|cant|p2b: Varius|flinch\n|move|p1a: Sinistcha|Foul Play|p2a: Safety\n|-damage|p2a: Safety|6\/100\n|move|p2a: Safety|Drain Punch|p1b: Iron Hands\n|-damage|p1b: Iron Hands|60\/100\n|-heal|p2a: Safety|24\/100|[from] drain|[of] p1b: Iron Hands\n|\n|upkeep\n|turn|13\n|\n|t:|1698550724\n|move|p2b: Varius|Taunt|p1a: Sinistcha\n|-start|p1a: Sinistcha|move: Taunt\n|-enditem|p1a: Sinistcha|Mental Herb\n|-end|p1a: Sinistcha|move: Taunt\n|move|p1a: Sinistcha|Matcha Gotcha|p2a: Safety|[spread] p2a,p2b\n|-resisted|p2a: Safety\n|-resisted|p2b: Varius\n|-damage|p2a: Safety|15\/100\n|-heal|p1a: Sinistcha|95\/100 par|[from] drain|[of] p2a: Safety\n|-damage|p2b: Varius|61\/100\n|-heal|p1a: Sinistcha|100\/100 par|[from] drain|[of] p2b: Varius\n|move|p1b: Iron Hands|Drain Punch|p2a: Safety\n|-damage|p2a: Safety|0 fnt\n|-heal|p1b: Iron Hands|68\/100|[from] drain|[of] p2a: Safety\n|faint|p2a: Safety\n|-end|p2a: Safety|Quark Drive|[silent]\n|\n|upkeep\n|\n|t:|1698550742\n|switch|p2a: Roch Rocher|Landorus-Therian, M|100\/100\n|-ability|p2a: Roch Rocher|Intimidate|boost\n|-unboost|p1a: Sinistcha|atk|1\n|-unboost|p1b: Iron Hands|atk|1\n|turn|14\n|\n|t:|1698550754\n|switch|p1a: Hatterene|Hatterene, F|79\/100\n|move|p2b: Varius|Taunt|p1a: Hatterene\n|move|p1a: Hatterene|Taunt|p2b: Varius|[from]ability: Magic Bounce\n|-start|p2b: Varius|move: Taunt\n|move|p1b: Iron Hands|Heavy Slam|p2a: Roch Rocher\n|-damage|p2a: Roch Rocher|63\/100\n|move|p2a: Roch Rocher|Stomping Tantrum|p1b: Iron Hands\n|-supereffective|p1b: Iron Hands\n|-damage|p1b: Iron Hands|14\/100\n|\n|upkeep\n|turn|15\n|\n|t:|1698550774\n|switch|p2a: Mice|Dedenne, F|100\/100\n|move|p1a: Hatterene|Dazzling Gleam|p2b: Varius|[spread] p2a,p2b\n|-damage|p2a: Mice|39\/100\n|-damage|p2b: Varius|10\/100\n|move|p1b: Iron Hands|Heavy Slam|p2a: Mice\n|-damage|p2a: Mice|0 fnt\n|faint|p2a: Mice\n|move|p2b: Varius|Wildbolt Storm|p1a: Hatterene|[spread] p1a,p1b\n|-crit|p1a: Hatterene\n|-resisted|p1b: Iron Hands\n|-damage|p1a: Hatterene|25\/100\n|-damage|p1b: Iron Hands|3\/100\n|\n|-fieldend|move: Trick Room\n|upkeep\n|inactive|Primal Latios has 120 seconds left.\n|\n|t:|1698550793\n|switch|p2a: Milwaukee|Sawsbuck, F|100\/100\n|turn|16\n|\n|t:|1698550805\n|-end|p1b: Iron Hands|Quark Drive|[silent]\n|switch|p1b: Sinistcha|Sinistcha|100\/100 par\n|-heal|p1a: Hatterene|50\/100|[from] ability: Hospitality|[of] p1b: Sinistcha\n|move|p1a: Hatterene|Protect|p1a: Hatterene\n|-singleturn|p1a: Hatterene|Protect\n|move|p2b: Varius|Weather Ball|p1b: Sinistcha\n|-immune|p1b: Sinistcha\n|move|p2a: Milwaukee|Body Slam|p1a: Hatterene\n|-activate|p1a: Hatterene|move: Protect\n|\n|upkeep\n|turn|17\n|\n|t:|1698550831\n|move|p1b: Sinistcha|Rage Powder|p1b: Sinistcha\n|-singleturn|p1b: Sinistcha|move: Rage Powder\n|move|p2b: Varius|Wildbolt Storm|p1a: Hatterene|[spread] p1a,p1b\n|-resisted|p1b: Sinistcha\n|-damage|p1a: Hatterene|13\/100\n|-damage|p1b: Sinistcha|84\/100 par\n|move|p2a: Milwaukee|Horn Leech|p1a: Hatterene\n|-damage|p1a: Hatterene|0 fnt\n|faint|p1a: Hatterene\n|\n|-end|p2b: Varius|move: Taunt\n|upkeep\n|\n|t:|1698550841\n|switch|p1a: Iron Hands|Iron Hands|3\/100\n|turn|18\n|\n|t:|1698550851\n|move|p1a: Iron Hands|Fake Out|p2b: Varius\n|-damage|p2b: Varius|0 fnt\n|faint|p2b: Varius\n|move|p2a: Milwaukee|Horn Leech|p1a: Iron Hands\n|-damage|p1a: Iron Hands|0 fnt\n|faint|p1a: Iron Hands\n|-end|p1a: Iron Hands|Quark Drive|[silent]\n|cant|p1b: Sinistcha|par\n|\n|upkeep\n|\n|t:|1698550859\n|switch|p2b: Roch Rocher|Landorus-Therian, M|63\/100\n|switch|p1a: Ursaluna|Ursaluna, M|75\/100\n|-ability|p2b: Roch Rocher|Intimidate|boost\n|-unboost|p1a: Ursaluna|atk|1\n|-unboost|p1b: Sinistcha|atk|1\n|turn|19\n|\n|t:|1698550874\n|move|p1b: Sinistcha|Rage Powder|p1b: Sinistcha\n|-singleturn|p1b: Sinistcha|move: Rage Powder\n|move|p2b: Roch Rocher|U-turn|p1b: Sinistcha\n|-damage|p1b: Sinistcha|61\/100 par\n|move|p2a: Milwaukee|Zen Headbutt|p1b: Sinistcha\n|-damage|p1b: Sinistcha|43\/100 par\n|move|p1a: Ursaluna|Drain Punch|p2a: Milwaukee\n|-supereffective|p2a: Milwaukee\n|-damage|p2a: Milwaukee|40\/100\n|-heal|p1a: Ursaluna|95\/100|[from] drain|[of] p2a: Milwaukee\n|\n|upkeep\n|turn|20\n|\n|t:|1698550887\n|move|p1b: Sinistcha|Rage Powder|p1b: Sinistcha\n|-singleturn|p1b: Sinistcha|move: Rage Powder\n|move|p2b: Roch Rocher|U-turn|p1b: Sinistcha\n|-damage|p1b: Sinistcha|20\/100 par\n|move|p2a: Milwaukee|Horn Leech|p1a: Ursaluna\n|-supereffective|p1a: Ursaluna\n|-damage|p1a: Ursaluna|45\/100\n|-heal|p2a: Milwaukee|79\/100|[from] drain|[of] p1a: Ursaluna\n|move|p1a: Ursaluna|Drain Punch|p2a: Milwaukee\n|-supereffective|p2a: Milwaukee\n|-damage|p2a: Milwaukee|16\/100\n|-heal|p1a: Ursaluna|65\/100|[from] drain|[of] p2a: Milwaukee\n|\n|upkeep\n|turn|21\n|\n|t:|1698550902\n|move|p1a: Ursaluna|Protect|p1a: Ursaluna\n|-singleturn|p1a: Ursaluna|Protect\n|move|p2b: Roch Rocher|U-turn|p1b: Sinistcha\n|-crit|p1b: Sinistcha\n|-damage|p1b: Sinistcha|0 fnt\n|faint|p1b: Sinistcha\n|move|p2a: Milwaukee|Horn Leech|p1a: Ursaluna\n|-activate|p1a: Ursaluna|move: Protect\n|\n|upkeep\n|turn|22\n|\n|t:|1698550914\n|move|p2b: Roch Rocher|U-turn|p1a: Ursaluna\n|-damage|p1a: Ursaluna|47\/100\n|move|p2a: Milwaukee|Horn Leech|p1a: Ursaluna\n|-supereffective|p1a: Ursaluna\n|-damage|p1a: Ursaluna|0 fnt\n|-heal|p2a: Milwaukee|52\/100|[from] drain|[of] p1a: Ursaluna\n|faint|p1a: Ursaluna\n|\n|win|Primal Latios\n|raw|Nub11's rating: 1143 &rarr; <strong>1125<\/strong><br \/>(-18 for losing)\n|raw|Primal Latios's rating: 1240 &rarr; <strong>1258<\/strong><br \/>(+18 for winning)\n|l|\u2606Nub11\n","uploadtime":1698550923,"views":31,"p1id":"nub11","p2id":"primallatios","formatid":"gen9doublesou","rating":1125,"private":0,"password":""}