{"id":"gen9doublesou-1968600942","p1":"Destructornator","p2":"WingedHour","format":"[Gen 9] Doubles OU","log":"|j|\u2606Destructornator\n|j|\u2606WingedHour\n|t:|1697440352\n|gametype|doubles\n|player|p1|Destructornator|1|1239\n|player|p2|WingedHour|youngster-gen4dp|1470\n|teamsize|p1|6\n|teamsize|p2|6\n|gen|9\n|tier|[Gen 9] Doubles OU\n|rated|\n|rule|Species Clause: Limit one of each Pok\u00e9mon\n|rule|OHKO Clause: OHKO moves are banned\n|rule|Evasion Moves Clause: Evasion moves are banned\n|rule|Gravity Sleep Clause: The combination of sleep-inducing moves with imperfect accuracy and Gravity or Gigantamax Orbeetle are banned\n|rule|Endless Battle Clause: Forcing endless battles is banned\n|rule|HP Percentage Mod: HP is shown in percentages\n|clearpoke\n|poke|p1|Cyclizar, M|\n|poke|p1|Ninetales, M|\n|poke|p1|Lilligant, F|\n|poke|p1|Farigiraf, F|\n|poke|p1|Torkoal, M|\n|poke|p1|Typhlosion, F|\n|poke|p2|Samurott-Hisui, M|\n|poke|p2|Glimmora, M|\n|poke|p2|Ursaluna, M|\n|poke|p2|Skeledirge, M|\n|poke|p2|Tornadus-Therian, M|\n|poke|p2|Enamorus, F|\n|teampreview\n|\n|t:|1697440368\n|start\n|switch|p1a: Cyclizar|Cyclizar, M|100\/100\n|switch|p1b: Farigiraf|Farigiraf, F|100\/100\n|switch|p2a: Samurott|Samurott-Hisui, M|100\/100\n|switch|p2b: Glimmora|Glimmora, M|100\/100\n|turn|1\n|\n|t:|1697440400\n|-terastallize|p2a: Samurott|Dark\n|move|p2a: Samurott|Ceaseless Edge|p1b: Farigiraf\n|-supereffective|p1b: Farigiraf\n|-damage|p1b: Farigiraf|0 fnt\n|-sidestart|p1: Destructornator|Spikes\n|faint|p1b: Farigiraf\n|move|p1a: Cyclizar|Shed Tail|p1a: Cyclizar\n|-start|p1a: Cyclizar|Substitute|[from] move: Shed Tail\n|-damage|p1a: Cyclizar|50\/100\n|\n|t:|1697440422\n|switch|p1a: Torkoal|Torkoal, M|100\/100|[from] Shed Tail\n|-damage|p1a: Torkoal|88\/100|[from] Spikes\n|-weather|SunnyDay|[from] ability: Drought|[of] p1a: Torkoal\n|move|p2b: Glimmora|Stealth Rock|p1a: Torkoal\n|-sidestart|p1: Destructornator|move: Stealth Rock\n|\n|-weather|SunnyDay|[upkeep]\n|upkeep\n|\n|t:|1697440430\n|switch|p1b: Lilligant|Lilligant, F|100\/100\n|-damage|p1b: Lilligant|88\/100|[from] Spikes\n|-damage|p1b: Lilligant|76\/100|[from] Stealth Rock\n|turn|2\n|\n|t:|1697440452\n|-terastallize|p1a: Torkoal|Fire\n|move|p1b: Lilligant|After You|p1a: Torkoal\n|-activate|p1a: Torkoal|move: After You\n|move|p1a: Torkoal|Eruption|p2a: Samurott|[spread] p2a,p2b\n|-resisted|p2b: Glimmora\n|-damage|p2a: Samurott|0 fnt\n|-damage|p2b: Glimmora|11\/100\n|faint|p2a: Samurott\n|move|p2b: Glimmora|Power Gem|p1a: Torkoal\n|-supereffective|p1a: Torkoal\n|-end|p1a: Torkoal|Substitute\n|\n|-weather|SunnyDay|[upkeep]\n|upkeep\n|\n|t:|1697440466\n|switch|p2a: Skeledirge|Skeledirge, M|100\/100\n|turn|3\n|\n|t:|1697440493\n|move|p2b: Glimmora|Spiky Shield|p2b: Glimmora\n|-singleturn|p2b: Glimmora|move: Protect\n|move|p1b: Lilligant|After You|p1a: Torkoal\n|-activate|p1a: Torkoal|move: After You\n|move|p1a: Torkoal|Eruption|p2a: Skeledirge|[spread] p2a\n|-activate|p2b: Glimmora|move: Protect\n|-resisted|p2a: Skeledirge\n|-damage|p2a: Skeledirge|59\/100\n|move|p2a: Skeledirge|Torch Song|p1b: Lilligant\n|-supereffective|p1b: Lilligant\n|-damage|p1b: Lilligant|0 fnt\n|-boost|p2a: Skeledirge|spa|1\n|faint|p1b: Lilligant\n|\n|-weather|SunnyDay|[upkeep]\n|-heal|p2a: Skeledirge|65\/100|[from] item: Leftovers\n|upkeep\n|\n|t:|1697440512\n|switch|p1b: Cyclizar|Cyclizar, M|84\/100\n|-damage|p1b: Cyclizar|72\/100|[from] Spikes\n|-damage|p1b: Cyclizar|59\/100|[from] Stealth Rock\n|turn|4\n|\n|t:|1697440526\n|move|p1b: Cyclizar|Shed Tail|p1b: Cyclizar\n|-start|p1b: Cyclizar|Substitute|[from] move: Shed Tail\n|-damage|p1b: Cyclizar|9\/100\n|-enditem|p1b: Cyclizar|Aguav Berry|[eat]\n|-heal|p1b: Cyclizar|43\/100|[from] item: Aguav Berry\n|\n|t:|1697440531\n|switch|p1b: Typhlosion|Typhlosion, F|100\/100|[from] Shed Tail\n|-damage|p1b: Typhlosion|88\/100|[from] Spikes\n|-damage|p1b: Typhlosion|63\/100|[from] Stealth Rock\n|move|p2b: Glimmora|Power Gem|p1a: Torkoal\n|-supereffective|p1a: Torkoal\n|-damage|p1a: Torkoal|0 fnt\n|faint|p1a: Torkoal\n|move|p2a: Skeledirge|Slack Off|p2a: Skeledirge\n|-heal|p2a: Skeledirge|100\/100\n|\n|-weather|SunnyDay|[upkeep]\n|upkeep\n|\n|t:|1697440537\n|switch|p1a: Cyclizar|Cyclizar, M|76\/100\n|-damage|p1a: Cyclizar|64\/100|[from] Spikes\n|-damage|p1a: Cyclizar|51\/100|[from] Stealth Rock\n|turn|5\n|\n|t:|1697440561\n|move|p2b: Glimmora|Spiky Shield|p2b: Glimmora\n|-singleturn|p2b: Glimmora|move: Protect\n|move|p1b: Typhlosion|Heat Wave|p2b: Glimmora|[spread] p2a\n|-activate|p2b: Glimmora|move: Protect\n|-resisted|p2a: Skeledirge\n|-damage|p2a: Skeledirge|83\/100\n|move|p1a: Cyclizar|Knock Off|p2a: Skeledirge\n|-supereffective|p2a: Skeledirge\n|-crit|p2a: Skeledirge\n|-damage|p2a: Skeledirge|26\/100\n|-enditem|p2a: Skeledirge|Leftovers|[from] move: Knock Off|[of] p1a: Cyclizar\n|move|p2a: Skeledirge|Torch Song|p1b: Typhlosion\n|-start|p1b: Typhlosion|ability: Flash Fire\n|\n|-weather|none\n|upkeep\n|turn|6\n|\n|t:|1697440607\n|switch|p1a: Ninetales|Ninetales, M|100\/100\n|-damage|p1a: Ninetales|88\/100|[from] Spikes\n|-damage|p1a: Ninetales|63\/100|[from] Stealth Rock\n|-weather|SunnyDay|[from] ability: Drought|[of] p1a: Ninetales\n|move|p1b: Typhlosion|Heat Wave|p2a: Skeledirge|[spread] p2a,p2b\n|-resisted|p2a: Skeledirge\n|-resisted|p2b: Glimmora\n|-damage|p2a: Skeledirge|1\/100\n|-damage|p2b: Glimmora|0 fnt\n|faint|p2b: Glimmora\n|move|p2a: Skeledirge|Slack Off|p2a: Skeledirge\n|-heal|p2a: Skeledirge|51\/100\n|\n|-weather|SunnyDay|[upkeep]\n|upkeep\n|\n|t:|1697440637\n|switch|p2b: Ursaluna|Ursaluna, M|100\/100\n|turn|7\n|inactive|Battle timer is ON: inactive players will automatically lose when time's up. (requested by Destructornator)\n|\n|t:|1697440683\n|move|p2b: Ursaluna|Protect|p2b: Ursaluna\n|-singleturn|p2b: Ursaluna|Protect\n|move|p1b: Typhlosion|Heat Wave|p2a: Skeledirge|[spread] p2a\n|-activate|p2b: Ursaluna|move: Protect\n|-resisted|p2a: Skeledirge\n|-damage|p2a: Skeledirge|25\/100\n|move|p1a: Ninetales|Dark Pulse|p2a: Skeledirge\n|-supereffective|p2a: Skeledirge\n|-damage|p2a: Skeledirge|0 fnt\n|faint|p2a: Skeledirge\n|\n|-weather|SunnyDay|[upkeep]\n|-status|p2b: Ursaluna|brn|[from] item: Flame Orb\n|upkeep\n|\n|t:|1697440699\n|switch|p2a: Tornadus|Tornadus-Therian, M|100\/100\n|turn|8\n|inactive|Destructornator has 120 seconds left.\n|\n|t:|1697440741\n|move|p1a: Ninetales|Helping Hand|p1b: Typhlosion\n|-singleturn|p1b: Typhlosion|Helping Hand|[of] p1a: Ninetales\n|move|p2a: Tornadus|Protect|p2a: Tornadus\n|-singleturn|p2a: Tornadus|Protect\n|move|p1b: Typhlosion|Heat Wave|p2a: Tornadus|[spread] p2b\n|-activate|p2a: Tornadus|move: Protect\n|-damage|p2b: Ursaluna|0 fnt\n|faint|p2b: Ursaluna\n|\n|-weather|SunnyDay|[upkeep]\n|upkeep\n|inactive|WingedHour has 120 seconds left.\n|\n|t:|1697440752\n|switch|p2b: Enamorus|Enamorus, F|100\/100\n|turn|9\n|c|\u2606WingedHour|omg lol\n|\n|t:|1697440770\n|move|p1a: Ninetales|Helping Hand|p1b: Typhlosion\n|-singleturn|p1b: Typhlosion|Helping Hand|[of] p1a: Ninetales\n|move|p1b: Typhlosion|Heat Wave|p2a: Tornadus|[spread] p2a,p2b\n|-damage|p2a: Tornadus|0 fnt\n|-damage|p2b: Enamorus|0 fnt\n|faint|p2a: Tornadus\n|faint|p2b: Enamorus\n|\n|win|Destructornator\n|raw|Destructornator's rating: 1239 &rarr; <strong>1279<\/strong><br \/>(+40 for winning)\n|raw|WingedHour's rating: 1470 &rarr; <strong>1438<\/strong><br \/>(-32 for losing)\n|c|\u2606WingedHour|wooow\n|l|\u2606WingedHour\n","uploadtime":1697440880,"views":24,"p1id":"destructornator","p2id":"wingedhour","formatid":"gen9doublesou","rating":1279,"private":0,"password":""}