{"id":"gen9doublesou-1992719876","p1":"mynamewest","p2":"Im bad on purpose","format":"[Gen 9] Doubles OU","log":"|j|\u2606mynamewest\n|j|\u2606Im bad on purpose\n|t:|1700228911\n|gametype|doubles\n|player|p1|mynamewest|wallace|1376\n|player|p2|Im bad on purpose|266|1289\n|teamsize|p1|6\n|teamsize|p2|6\n|gen|9\n|tier|[Gen 9] Doubles OU\n|rated|\n|rule|Species Clause: Limit one of each Pok\u00e9mon\n|rule|OHKO Clause: OHKO moves are banned\n|rule|Evasion Moves Clause: Evasion moves are banned\n|rule|Gravity Sleep Clause: The combination of sleep-inducing moves with imperfect accuracy and Gravity or Gigantamax Orbeetle are banned\n|rule|Endless Battle Clause: Forcing endless battles is banned\n|rule|HP Percentage Mod: HP is shown in percentages\n|clearpoke\n|poke|p1|Garganacl, M|\n|poke|p1|Iron Hands|\n|poke|p1|Kingambit, M|\n|poke|p1|Flutter Mane|\n|poke|p1|Dragonite, M|\n|poke|p1|Sinistcha-Masterpiece|\n|poke|p2|Dragonite, F|\n|poke|p2|Clefairy, F|\n|poke|p2|Palafin, M|\n|poke|p2|Basculegion-F, F|\n|poke|p2|Ursaluna-Bloodmoon, M|\n|poke|p2|Kommo-o, M|\n|teampreview\n|inactive|Battle timer is ON: inactive players will automatically lose when time's up. (requested by mynamewest)\n|inactive|mynamewest has 120 seconds left.\n|\n|t:|1700228942\n|start\n|switch|p1a: Sinistcha|Sinistcha-Masterpiece|100\/100\n|switch|p1b: Iron Hands|Iron Hands|100\/100\n|switch|p2a: Clefairy|Clefairy, F|100\/100\n|switch|p2b: Palafin|Palafin, M|100\/100\n|-enditem|p1b: Iron Hands|Booster Energy\n|-activate|p1b: Iron Hands|ability: Quark Drive|[fromitem]\n|-start|p1b: Iron Hands|quarkdriveatk\n|turn|1\n|\n|t:|1700228965\n|move|p1b: Iron Hands|Fake Out|p2b: Palafin\n|-crit|p2b: Palafin\n|-damage|p2b: Palafin|60\/100\n|cant|p2b: Palafin|flinch\n|move|p1a: Sinistcha|Matcha Gotcha|p2b: Palafin|[spread] p2a,p2b\n|-supereffective|p2b: Palafin\n|-damage|p2a: Clefairy|79\/100\n|-damage|p2b: Palafin|0 fnt\n|faint|p2b: Palafin\n|move|p2a: Clefairy|Cosmic Power|p2a: Clefairy\n|-boost|p2a: Clefairy|def|1\n|-boost|p2a: Clefairy|spd|1\n|\n|upkeep\n|\n|t:|1700228979\n|switch|p2b: Kommo-o|Kommo-o, M|100\/100\n|turn|2\n|\n|t:|1700229006\n|move|p2b: Kommo-o|Dragon Pulse|p1b: Iron Hands\n|-crit|p1b: Iron Hands\n|-damage|p1b: Iron Hands|50\/100\n|move|p1a: Sinistcha|Shadow Ball|p2b: Kommo-o\n|-damage|p2b: Kommo-o|69\/100\n|move|p1b: Iron Hands|Drain Punch|p2b: Kommo-o\n|-damage|p2b: Kommo-o|14\/100\n|-heal|p1b: Iron Hands|66\/100|[from] drain|[of] p2b: Kommo-o\n|move|p2a: Clefairy|Cosmic Power|p2a: Clefairy\n|-boost|p2a: Clefairy|def|1\n|-boost|p2a: Clefairy|spd|1\n|\n|upkeep\n|turn|3\n|\n|t:|1700229030\n|move|p2b: Kommo-o|Dragon Pulse|p1b: Iron Hands\n|-damage|p1b: Iron Hands|30\/100\n|move|p1a: Sinistcha|Matcha Gotcha|p2b: Kommo-o|[spread] p2a,p2b\n|-resisted|p2b: Kommo-o\n|-damage|p2a: Clefairy|69\/100\n|-damage|p2b: Kommo-o|2\/100\n|move|p1b: Iron Hands|Thunder Punch|p2a: Clefairy\n|-damage|p2a: Clefairy|30\/100\n|move|p2a: Clefairy|Cosmic Power|p2a: Clefairy\n|-boost|p2a: Clefairy|def|1\n|-boost|p2a: Clefairy|spd|1\n|\n|upkeep\n|turn|4\n|\n|t:|1700229051\n|move|p2b: Kommo-o|Dragon Pulse|p1b: Iron Hands\n|-damage|p1b: Iron Hands|0 fnt\n|faint|p1b: Iron Hands\n|-end|p1b: Iron Hands|Quark Drive|[silent]\n|move|p1a: Sinistcha|Matcha Gotcha|p2b: Kommo-o|[spread] p2a,p2b\n|-resisted|p2b: Kommo-o\n|-damage|p2a: Clefairy|23\/100\n|-damage|p2b: Kommo-o|0 fnt\n|faint|p2b: Kommo-o\n|move|p2a: Clefairy|Baton Pass|p2a: Clefairy\n|\n|t:|1700229058\n|switch|p2a: Dragonite|Dragonite, F|100\/100|[from] Baton Pass\n|\n|upkeep\n|\n|t:|1700229074\n|switch|p2b: Clefairy|Clefairy, F|23\/100\n|switch|p1b: Kingambit|Kingambit, M|100\/100\n|turn|5\n|\n|t:|1700229086\n|move|p2b: Clefairy|Follow Me|p2b: Clefairy\n|-singleturn|p2b: Clefairy|move: Follow Me\n|move|p2a: Dragonite|Dragon Dance|p2a: Dragonite\n|-boost|p2a: Dragonite|atk|1\n|-boost|p2a: Dragonite|spe|1\n|move|p1a: Sinistcha|Shadow Ball|p2b: Clefairy\n|-damage|p2b: Clefairy|0 fnt\n|faint|p2b: Clefairy\n|move|p1b: Kingambit|Kowtow Cleave|p2a: Dragonite\n|-damage|p2a: Dragonite|90\/100\n|\n|upkeep\n|\n|t:|1700229097\n|switch|p2b: Ursaluna|Ursaluna-Bloodmoon, M|100\/100\n|turn|6\n|\n|t:|1700229117\n|move|p2b: Ursaluna|Vacuum Wave|p1b: Kingambit\n|-supereffective|p1b: Kingambit\n|-damage|p1b: Kingambit|58\/100\n|move|p2a: Dragonite|Aerial Ace|p1a: Sinistcha\n|-supereffective|p1a: Sinistcha\n|-damage|p1a: Sinistcha|0 fnt\n|faint|p1a: Sinistcha\n|move|p1b: Kingambit|Kowtow Cleave|p2a: Dragonite\n|-damage|p2a: Dragonite|69\/100\n|\n|upkeep\n|\n|t:|1700229126\n|switch|p1a: Flutter Mane|Flutter Mane|100\/100\n|-enditem|p1a: Flutter Mane|Booster Energy\n|-activate|p1a: Flutter Mane|ability: Protosynthesis|[fromitem]\n|-start|p1a: Flutter Mane|protosynthesisspe\n|turn|7\n|\n|t:|1700229140\n|move|p1a: Flutter Mane|Dazzling Gleam|p2a: Dragonite|[spread] p2a,p2b\n|-supereffective|p2a: Dragonite\n|-damage|p2a: Dragonite|43\/100\n|-damage|p2b: Ursaluna|66\/100\n|move|p2a: Dragonite|Aerial Ace|p1a: Flutter Mane\n|-damage|p1a: Flutter Mane|0 fnt\n|faint|p1a: Flutter Mane\n|-end|p1a: Flutter Mane|Protosynthesis|[silent]\n|move|p2b: Ursaluna|Earth Power|p1b: Kingambit\n|-supereffective|p1b: Kingambit\n|-damage|p1b: Kingambit|0 fnt\n|faint|p1b: Kingambit\n|\n|-heal|p2b: Ursaluna|72\/100|[from] item: Leftovers\n|upkeep\n|\n|t:|1700229150\n|switch|p1a: Dragonite|Dragonite, M|100\/100\n|switch|p1b: Garganacl|Garganacl, M|100\/100\n|turn|8\n|\n|t:|1700229161\n|-terastallize|p1a: Dragonite|Normal\n|move|p1a: Dragonite|Extreme Speed|p2a: Dragonite\n|-damage|p2a: Dragonite|20\/100\n|move|p2a: Dragonite|Dragon Claw|p1a: Dragonite\n|-damage|p1a: Dragonite|61\/100\n|move|p2b: Ursaluna|Moonblast|p1a: Dragonite\n|-damage|p1a: Dragonite|25\/100\n|move|p1b: Garganacl|Salt Cure|p2a: Dragonite\n|-supereffective|p2a: Dragonite\n|-damage|p2a: Dragonite|9\/100\n|\n|-heal|p2b: Ursaluna|78\/100|[from] item: Leftovers\n|upkeep\n|turn|9\n|inactive|mynamewest has 120 seconds left.\n|\n|t:|1700229198\n|-terastallize|p2b: Ursaluna|Ground\n|move|p1b: Garganacl|Protect|p1b: Garganacl\n|-singleturn|p1b: Garganacl|Protect\n|move|p2a: Dragonite|Extreme Speed|p1a: Dragonite\n|-damage|p1a: Dragonite|0 fnt\n|faint|p1a: Dragonite\n|move|p2b: Ursaluna|Earth Power|p1b: Garganacl\n|-activate|p1b: Garganacl|move: Protect\n|\n|-heal|p2b: Ursaluna|84\/100|[from] item: Leftovers\n|upkeep\n|turn|10\n|\n|t:|1700229209\n|move|p2a: Dragonite|Dragon Claw|p1b: Garganacl\n|-damage|p1b: Garganacl|64\/100\n|move|p2b: Ursaluna|Earth Power|p1b: Garganacl\n|-supereffective|p1b: Garganacl\n|-crit|p1b: Garganacl\n|-damage|p1b: Garganacl|0 fnt\n|faint|p1b: Garganacl\n|\n|win|Im bad on purpose\n|raw|mynamewest's rating: 1376 &rarr; <strong>1351<\/strong><br \/>(-25 for losing)\n|raw|Im bad on purpose's rating: 1289 &rarr; <strong>1320<\/strong><br \/>(+31 for winning)\n|c|\u2606Im bad on purpose|gg wp\n|c|\u2606mynamewest|gg\n","uploadtime":1700229227,"views":5,"p1id":"mynamewest","p2id":"imbadonpurpose","formatid":"gen9doublesou","rating":1320,"private":0,"password":""}