{"id":"gen9doublesou-1974536283","p1":"Thehombre","p2":"I_am_the_plague","format":"[Gen 9] Doubles OU","log":"|j|\u2606Thehombre\n|j|\u2606I_am_the_plague\n|t:|1698095213\n|gametype|doubles\n|player|p1|Thehombre|265|1056\n|player|p2|I_am_the_plague|unknown|1168\n|teamsize|p1|6\n|teamsize|p2|6\n|gen|9\n|tier|[Gen 9] Doubles OU\n|rated|\n|rule|Species Clause: Limit one of each Pok\u00e9mon\n|rule|OHKO Clause: OHKO moves are banned\n|rule|Evasion Moves Clause: Evasion moves are banned\n|rule|Gravity Sleep Clause: The combination of sleep-inducing moves with imperfect accuracy and Gravity or Gigantamax Orbeetle are banned\n|rule|Endless Battle Clause: Forcing endless battles is banned\n|rule|HP Percentage Mod: HP is shown in percentages\n|clearpoke\n|poke|p1|Overqwil, F|\n|poke|p1|Jirachi|\n|poke|p1|Umbreon, M|\n|poke|p1|Tsareena, F|\n|poke|p1|Vaporeon, F|\n|poke|p1|Articuno|\n|poke|p2|Ceruledge, F|\n|poke|p2|Armarouge, F|\n|poke|p2|Indeedee-F, F|\n|poke|p2|Sableye, F|\n|poke|p2|Farigiraf, F|\n|poke|p2|Iron Treads|\n|teampreview\n|inactive|Battle timer is ON: inactive players will automatically lose when time's up. (requested by I_am_the_plague)\n|\n|t:|1698095243\n|start\n|switch|p1a: Jirachi|Jirachi|100\/100\n|switch|p1b: Tsareena|Tsareena, F|100\/100\n|switch|p2a: Sableye|Sableye, F|100\/100\n|switch|p2b: Ceruledge|Ceruledge, F|100\/100\n|turn|1\n|\n|t:|1698095257\n|switch|p1a: Vaporeon|Vaporeon, F|100\/100\n|move|p2a: Sableye|Shadow Sneak|p2b: Ceruledge\n|-supereffective|p2b: Ceruledge\n|-damage|p2b: Ceruledge|71\/100\n|-ability|p2b: Ceruledge|Weak Armor|boost\n|-unboost|p2b: Ceruledge|def|1\n|-boost|p2b: Ceruledge|spe|2\n|-enditem|p2b: Ceruledge|Weakness Policy\n|-boost|p2b: Ceruledge|atk|2|[from] item: Weakness Policy\n|-boost|p2b: Ceruledge|spa|2|[from] item: Weakness Policy\n|move|p2b: Ceruledge|Bitter Blade|p1a: Vaporeon\n|-resisted|p1a: Vaporeon\n|-damage|p1a: Vaporeon|49\/100\n|-heal|p2b: Ceruledge|100\/100|[from] drain|[of] p1a: Vaporeon\n|move|p1b: Tsareena|Reflect|p1b: Tsareena\n|-sidestart|p1: Thehombre|Reflect\n|\n|-heal|p1a: Vaporeon|55\/100|[from] item: Leftovers\n|upkeep\n|turn|2\n|\n|t:|1698095278\n|switch|p2a: Iron Treads|Iron Treads|100\/100\n|-enditem|p2a: Iron Treads|Booster Energy\n|-activate|p2a: Iron Treads|ability: Quark Drive|[fromitem]\n|-start|p2a: Iron Treads|quarkdrivedef\n|move|p2b: Ceruledge|Phantom Force||[still]\n|-prepare|p2b: Ceruledge|Phantom Force\n|move|p1b: Tsareena|Acupressure|p1a: Vaporeon\n|-boost|p1a: Vaporeon|accuracy|2\n|move|p1a: Vaporeon|Acid Armor|p1a: Vaporeon\n|-boost|p1a: Vaporeon|def|2\n|\n|-heal|p1a: Vaporeon|61\/100|[from] item: Leftovers\n|upkeep\n|turn|3\n|\n|t:|1698095293\n|move|p2b: Ceruledge|Phantom Force|p1a: Vaporeon|[from]lockedmove\n|-damage|p1a: Vaporeon|30\/100\n|move|p2a: Iron Treads|Rapid Spin|p1b: Tsareena\n|-damage|p1b: Tsareena|91\/100\n|-boost|p2a: Iron Treads|spe|1\n|move|p1b: Tsareena|Acupressure|p1a: Vaporeon\n|-boost|p1a: Vaporeon|spd|2\n|move|p1a: Vaporeon|Acid Armor|p1a: Vaporeon\n|-boost|p1a: Vaporeon|def|2\n|\n|-heal|p1a: Vaporeon|36\/100|[from] item: Leftovers\n|upkeep\n|turn|4\n|\n|t:|1698095314\n|move|p2b: Ceruledge|Flare Blitz|p1b: Tsareena\n|-supereffective|p1b: Tsareena\n|-damage|p1b: Tsareena|0 fnt\n|faint|p1b: Tsareena\n|-damage|p2b: Ceruledge|65\/100|[from] Recoil\n|move|p2a: Iron Treads|Body Press|p1a: Vaporeon\n|-damage|p1a: Vaporeon|28\/100\n|move|p1a: Vaporeon|Stored Power|p2b: Ceruledge\n|-damage|p2b: Ceruledge|0 fnt\n|faint|p2b: Ceruledge\n|\n|-heal|p1a: Vaporeon|34\/100|[from] item: Leftovers\n|upkeep\n|\n|t:|1698095330\n|switch|p2b: Sableye|Sableye, F|100\/100\n|switch|p1b: Overqwil|Overqwil, F|100\/100\n|turn|5\n|\n|t:|1698095341\n|move|p2b: Sableye|Taunt|p1a: Vaporeon\n|-start|p1a: Vaporeon|move: Taunt\n|move|p2a: Iron Treads|Earthquake|p1b: Overqwil|[spread] p2b,p1a,p1b\n|-supereffective|p1b: Overqwil\n|-damage|p2b: Sableye|62\/100\n|-damage|p1a: Vaporeon|27\/100\n|-damage|p1b: Overqwil|59\/100\n|move|p1b: Overqwil|Chilling Water|p2a: Iron Treads\n|-supereffective|p2a: Iron Treads\n|-damage|p2a: Iron Treads|77\/100\n|-unboost|p2a: Iron Treads|atk|1\n|move|p1a: Vaporeon|Stored Power|p2a: Iron Treads\n|-resisted|p2a: Iron Treads\n|-damage|p2a: Iron Treads|36\/100\n|\n|-heal|p1a: Vaporeon|33\/100|[from] item: Leftovers\n|upkeep\n|turn|6\n|\n|t:|1698095360\n|move|p2b: Sableye|Will-O-Wisp|p1a: Vaporeon|[miss]\n|-miss|p2b: Sableye|p1a: Vaporeon\n|move|p2a: Iron Treads|Body Press|p1b: Overqwil\n|-damage|p1b: Overqwil|38\/100\n|move|p1b: Overqwil|Acupressure|p1a: Vaporeon\n|-boost|p1a: Vaporeon|atk|2\n|move|p1a: Vaporeon|Scald|p2a: Iron Treads\n|-supereffective|p2a: Iron Treads\n|-damage|p2a: Iron Treads|0 fnt\n|faint|p2a: Iron Treads\n|-end|p2a: Iron Treads|Quark Drive|[silent]\n|\n|-heal|p1a: Vaporeon|39\/100|[from] item: Leftovers\n|upkeep\n|\n|t:|1698095374\n|switch|p2a: Armarouge|Armarouge, F|100\/100\n|turn|7\n|\n|t:|1698095384\n|move|p2b: Sableye|Shadow Sneak|p2a: Armarouge\n|-supereffective|p2a: Armarouge\n|-damage|p2a: Armarouge|77\/100\n|-ability|p2a: Armarouge|Weak Armor|boost\n|-unboost|p2a: Armarouge|def|1\n|-boost|p2a: Armarouge|spe|2\n|-enditem|p2a: Armarouge|Weakness Policy\n|-boost|p2a: Armarouge|atk|2|[from] item: Weakness Policy\n|-boost|p2a: Armarouge|spa|2|[from] item: Weakness Policy\n|move|p2a: Armarouge|Expanding Force|p1a: Vaporeon\n|-damage|p1a: Vaporeon|10\/100\n|move|p1b: Overqwil|Acupressure|p1a: Vaporeon\n|-boost|p1a: Vaporeon|evasion|2\n|move|p1a: Vaporeon|Scald|p2a: Armarouge\n|-supereffective|p2a: Armarouge\n|-damage|p2a: Armarouge|0 fnt\n|faint|p2a: Armarouge\n|\n|-heal|p1a: Vaporeon|16\/100|[from] item: Leftovers\n|-end|p1a: Vaporeon|move: Taunt\n|upkeep\n|-message|I_am_the_plague forfeited.\n|\n|win|Thehombre\n|raw|Thehombre's rating: 1056 &rarr; <strong>1097<\/strong><br \/>(+41 for winning)\n|raw|I_am_the_plague's rating: 1168 &rarr; <strong>1135<\/strong><br \/>(-33 for losing)\n|l|\u2606I_am_the_plague\n","uploadtime":1698095406,"views":8,"p1id":"thehombre","p2id":"iamtheplague","formatid":"gen9doublesou","rating":1097,"private":0,"password":""}