{"id":"gen9doublesou-1995853251","p1":"DreadfulBuns","p2":"holidayhero10","format":"[Gen 9] Doubles OU","log":"|j|\u2606DreadfulBuns\n|j|\u2606holidayhero10\n|t:|1700609844\n|gametype|doubles\n|player|p1|DreadfulBuns|1|1180\n|player|p2|holidayhero10|265|1126\n|teamsize|p1|6\n|teamsize|p2|6\n|gen|9\n|tier|[Gen 9] Doubles OU\n|rated|\n|rule|Species Clause: Limit one of each Pok\u00e9mon\n|rule|OHKO Clause: OHKO moves are banned\n|rule|Evasion Moves Clause: Evasion moves are banned\n|rule|Gravity Sleep Clause: The combination of sleep-inducing moves with imperfect accuracy and Gravity or Gigantamax Orbeetle are banned\n|rule|Endless Battle Clause: Forcing endless battles is banned\n|rule|HP Percentage Mod: HP is shown in percentages\n|clearpoke\n|poke|p1|Grimmsnarl, M|\n|poke|p1|Pincurchin, F|\n|poke|p1|Iron Valiant|\n|poke|p1|Iron Hands|\n|poke|p1|Iron Leaves|\n|poke|p1|Iron Bundle|\n|poke|p2|Maushold-Four|\n|poke|p2|Enamorus, F|\n|poke|p2|Hatterene, F|\n|poke|p2|Empoleon, M|\n|poke|p2|Grimmsnarl, M|\n|poke|p2|Kingambit, F|\n|teampreview\n|inactive|Battle timer is ON: inactive players will automatically lose when time's up. (requested by holidayhero10)\n|\n|t:|1700609865\n|start\n|switch|p1a: Grimmsnarl|Grimmsnarl, M|100\/100\n|switch|p1b: Iron Hands|Iron Hands|100\/100\n|switch|p2a: Hatterene|Hatterene, F|100\/100\n|switch|p2b: Empoleon|Empoleon, M|100\/100\n|turn|1\n|inactive|DreadfulBuns has 120 seconds left.\n|\n|t:|1700609897\n|move|p2b: Empoleon|Protect|p2b: Empoleon\n|-singleturn|p2b: Empoleon|Protect\n|move|p1b: Iron Hands|Fake Out|p2a: Hatterene\n|-damage|p2a: Hatterene|82\/100\n|move|p1a: Grimmsnarl|Light Screen|p1a: Grimmsnarl\n|-sidestart|p1: DreadfulBuns|move: Light Screen\n|cant|p2a: Hatterene|flinch\n|\n|upkeep\n|turn|2\n|inactive|DreadfulBuns has 120 seconds left.\n|inactive|holidayhero10 has 120 seconds left.\n|\n|t:|1700609938\n|move|p1a: Grimmsnarl|Taunt|p2b: Empoleon\n|-start|p2b: Empoleon|move: Taunt\n|cant|p2b: Empoleon|move: Taunt|Charm\n|move|p1b: Iron Hands|Drain Punch|p2b: Empoleon\n|-supereffective|p2b: Empoleon\n|-damage|p2b: Empoleon|14\/100\n|move|p2a: Hatterene|Trick Room|p2a: Hatterene\n|-fieldstart|move: Trick Room|[of] p2a: Hatterene\n|\n|-heal|p2b: Empoleon|20\/100|[from] item: Leftovers\n|upkeep\n|turn|3\n|inactive|DreadfulBuns has 120 seconds left.\n|inactive|holidayhero10 has 120 seconds left.\n|\n|t:|1700609974\n|move|p1a: Grimmsnarl|Reflect|p1a: Grimmsnarl\n|-sidestart|p1: DreadfulBuns|Reflect\n|move|p2a: Hatterene|Dazzling Gleam|p1a: Grimmsnarl|[spread] p1a,p1b\n|-supereffective|p1a: Grimmsnarl\n|-supereffective|p1b: Iron Hands\n|-damage|p1a: Grimmsnarl|59\/100\n|-damage|p1b: Iron Hands|78\/100\n|move|p1b: Iron Hands|Wild Charge|p2b: Empoleon\n|-supereffective|p2b: Empoleon\n|-damage|p2b: Empoleon|0 fnt\n|faint|p2b: Empoleon\n|-damage|p1b: Iron Hands|75\/100|[from] Recoil\n|\n|upkeep\n|\n|t:|1700609994\n|switch|p2b: Kingambit|Kingambit, F|100\/100\n|turn|4\n|inactive|holidayhero10 has 120 seconds left.\n|inactive|DreadfulBuns has 120 seconds left.\n|c|\u2606holidayhero10|!weakness iron hands\n|c| holidayhero10|\/raw <div class=\"infobox\">Iron Hands (ignoring abilities):<br \/><span class=\"message-effect-weak\">Weaknesses<\/span>: Fairy, Ground, Psychic<br \/><span class=\"message-effect-resist\">Resistances<\/span>: Bug, Dark, Electric, Rock, Steel<br \/><span class=\"message-effect-immune\">Immunities<\/span>: Paralysis<\/div>\n|\n|t:|1700610028\n|switch|p1a: Pincurchin|Pincurchin, F|100\/100\n|-fieldstart|move: Electric Terrain|[from] ability: Electric Surge|[of] p1a: Pincurchin\n|-activate|p1b: Iron Hands|ability: Quark Drive\n|-start|p1b: Iron Hands|quarkdriveatk\n|-terastallize|p2b: Kingambit|Poison\n|move|p2a: Hatterene|Dazzling Gleam|p1b: Iron Hands|[spread] p1a,p1b\n|-supereffective|p1b: Iron Hands\n|-damage|p1a: Pincurchin|78\/100\n|-damage|p1b: Iron Hands|52\/100\n|move|p2b: Kingambit|Poison Jab|p1b: Iron Hands\n|-damage|p1b: Iron Hands|32\/100\n|-status|p1b: Iron Hands|psn\n|move|p1b: Iron Hands|Wild Charge|p2b: Kingambit\n|-damage|p2b: Kingambit|34\/100\n|-damage|p1b: Iron Hands|19\/100 psn|[from] Recoil\n|\n|-damage|p1b: Iron Hands|6\/100 psn|[from] psn\n|upkeep\n|turn|5\n|inactive|DreadfulBuns has 120 seconds left.\n|inactive|DreadfulBuns has 90 seconds left.\n|\n|t:|1700610070\n|-end|p1b: Iron Hands|Quark Drive|[silent]\n|switch|p1b: Iron Leaves|Iron Leaves|100\/100\n|-activate|p1b: Iron Leaves|ability: Quark Drive\n|-start|p1b: Iron Leaves|quarkdriveatk\n|move|p1a: Pincurchin|Zing Zap|p2b: Kingambit\n|-damage|p2b: Kingambit|9\/100\n|move|p2a: Hatterene|Dazzling Gleam|p1b: Iron Leaves|[spread] p1a,p1b\n|-damage|p1a: Pincurchin|53\/100\n|-damage|p1b: Iron Leaves|86\/100\n|cant|p2b: Kingambit|flinch\n|\n|upkeep\n|turn|6\n|inactive|DreadfulBuns has 90 seconds left.\n|\n|t:|1700610096\n|move|p1a: Pincurchin|Zing Zap|p2b: Kingambit\n|-damage|p2b: Kingambit|0 fnt\n|faint|p2b: Kingambit\n|move|p2a: Hatterene|Dazzling Gleam|p1a: Pincurchin|[spread] p1a,p1b\n|-crit|p1b: Iron Leaves\n|-damage|p1a: Pincurchin|31\/100\n|-damage|p1b: Iron Leaves|50\/100\n|move|p1b: Iron Leaves|Trailblaze|p2a: Hatterene\n|-crit|p2a: Hatterene\n|-damage|p2a: Hatterene|24\/100\n|-boost|p1b: Iron Leaves|spe|1\n|-enditem|p2a: Hatterene|Aguav Berry|[eat]\n|-heal|p2a: Hatterene|57\/100|[from] item: Aguav Berry\n|\n|-fieldend|move: Trick Room\n|upkeep\n|\n|t:|1700610103\n|switch|p2b: Grimmsnarl|Grimmsnarl, M|100\/100\n|turn|7\n|\n|t:|1700610131\n|-terastallize|p1b: Iron Leaves|Fighting\n|move|p2b: Grimmsnarl|Fake Out|p1b: Iron Leaves\n|-damage|p1b: Iron Leaves|42\/100\n|cant|p1b: Iron Leaves|flinch\n|move|p1a: Pincurchin|Zing Zap|p2a: Hatterene\n|-damage|p2a: Hatterene|18\/100\n|move|p2a: Hatterene|Trick Room|p2a: Hatterene\n|-fieldstart|move: Trick Room|[of] p2a: Hatterene\n|\n|upkeep\n|turn|8\n|\n|t:|1700610150\n|move|p2b: Grimmsnarl|Reflect|p2b: Grimmsnarl\n|-sidestart|p2: holidayhero10|Reflect\n|move|p1a: Pincurchin|Zing Zap|p2a: Hatterene\n|-damage|p2a: Hatterene|0 fnt\n|faint|p2a: Hatterene\n|move|p1b: Iron Leaves|Close Combat|p2b: Grimmsnarl\n|-damage|p2b: Grimmsnarl|39\/100\n|-unboost|p1b: Iron Leaves|def|1\n|-unboost|p1b: Iron Leaves|spd|1\n|\n|-sideend|p1: DreadfulBuns|move: Light Screen\n|upkeep\n|\n|t:|1700610159\n|switch|p2a: Enamorus|Enamorus, F|100\/100\n|turn|9\n|inactive|DreadfulBuns has 120 seconds left.\n|\n|t:|1700610193\n|move|p2b: Grimmsnarl|Taunt|p1a: Pincurchin\n|-start|p1a: Pincurchin|move: Taunt\n|move|p1a: Pincurchin|Zing Zap|p2a: Enamorus\n|-supereffective|p2a: Enamorus\n|-damage|p2a: Enamorus|32\/100\n|-enditem|p2a: Enamorus|Sitrus Berry|[eat]\n|-heal|p2a: Enamorus|57\/100|[from] item: Sitrus Berry\n|move|p2a: Enamorus|Springtide Storm|p1a: Pincurchin|[spread] p1a,p1b\n|-supereffective|p1b: Iron Leaves\n|-damage|p1a: Pincurchin|0 fnt\n|-damage|p1b: Iron Leaves|0 fnt\n|faint|p1a: Pincurchin\n|faint|p1b: Iron Leaves\n|-end|p1b: Iron Leaves|Quark Drive|[silent]\n|\n|upkeep\n|\n|t:|1700610208\n|switch|p1a: Iron Hands|Iron Hands|6\/100 psn\n|switch|p1b: Iron Bundle|Iron Bundle|100\/100\n|-activate|p1a: Iron Hands|ability: Quark Drive\n|-start|p1a: Iron Hands|quarkdriveatk\n|-activate|p1b: Iron Bundle|ability: Quark Drive\n|-start|p1b: Iron Bundle|quarkdrivespe\n|turn|10\n|\n|t:|1700610230\n|move|p1a: Iron Hands|Fake Out|p2b: Grimmsnarl\n|-damage|p2b: Grimmsnarl|23\/100\n|cant|p2b: Grimmsnarl|flinch\n|move|p2a: Enamorus|Springtide Storm|p1b: Iron Bundle|[spread] p1a,p1b\n|-supereffective|p1a: Iron Hands\n|-damage|p1a: Iron Hands|0 fnt\n|-damage|p1b: Iron Bundle|11\/100\n|-unboost|p1b: Iron Bundle|atk|1\n|faint|p1a: Iron Hands\n|-end|p1a: Iron Hands|Quark Drive|[silent]\n|move|p1b: Iron Bundle|Freeze-Dry|p2a: Enamorus\n|-supereffective|p2a: Enamorus\n|-damage|p2a: Enamorus|0 fnt\n|faint|p2a: Enamorus\n|-damage|p1b: Iron Bundle|1\/100|[from] item: Life Orb\n|\n|-sideend|p1: DreadfulBuns|Reflect\n|upkeep\n|inactive|DreadfulBuns has 120 seconds left.\n|\n|t:|1700610246\n|switch|p1a: Iron Valiant|Iron Valiant, shiny|100\/100\n|switch|p2a: Maushold|Maushold-Four|100\/100\n|-activate|p1a: Iron Valiant|ability: Quark Drive\n|-start|p1a: Iron Valiant|quarkdrivespe\n|turn|11\n|inactive|DreadfulBuns has 120 seconds left.\n|\n|t:|1700610270\n|move|p1b: Iron Bundle|Protect|p1b: Iron Bundle\n|-singleturn|p1b: Iron Bundle|Protect\n|move|p2b: Grimmsnarl|Reflect||[still]\n|-fail|p2b: Grimmsnarl\n|move|p2a: Maushold|Substitute|p2a: Maushold\n|-start|p2a: Maushold|Substitute\n|-damage|p2a: Maushold|76\/100\n|move|p1a: Iron Valiant|Thunder Punch|p2b: Grimmsnarl\n|-damage|p2b: Grimmsnarl|0 fnt\n|faint|p2b: Grimmsnarl\n|-damage|p1a: Iron Valiant|91\/100|[from] item: Life Orb\n|\n|-fieldend|move: Trick Room\n|-fieldend|move: Electric Terrain\n|-end|p1a: Iron Valiant|Quark Drive\n|-end|p1b: Iron Bundle|Quark Drive\n|upkeep\n|turn|12\n|\n|t:|1700610290\n|move|p1b: Iron Bundle|Freeze-Dry|p2a: Maushold\n|-end|p2a: Maushold|Substitute\n|-damage|p1b: Iron Bundle|0 fnt|[from] item: Life Orb\n|faint|p1b: Iron Bundle\n|-end|p1b: Iron Bundle|Quark Drive|[silent]\n|move|p1a: Iron Valiant|Thunder Punch|p2a: Maushold\n|-damage|p2a: Maushold|38\/100\n|-damage|p1a: Iron Valiant|81\/100|[from] item: Life Orb\n|move|p2a: Maushold|Tidy Up|p2a: Maushold\n|-boost|p2a: Maushold|atk|1\n|-boost|p2a: Maushold|spe|1\n|\n|upkeep\n|inactive|DreadfulBuns has 120 seconds left.\n|\n|t:|1700610302\n|switch|p1b: Grimmsnarl|Grimmsnarl, M|59\/100\n|turn|13\n|\n|t:|1700610311\n|move|p1b: Grimmsnarl|Parting Shot|p2a: Maushold\n|-unboost|p2a: Maushold|atk|1\n|-unboost|p2a: Maushold|spa|1\n|move|p2a: Maushold|Population Bomb|p1a: Iron Valiant\n|-damage|p1a: Iron Valiant|66\/100\n|-damage|p1a: Iron Valiant|52\/100\n|-damage|p1a: Iron Valiant|36\/100\n|-damage|p1a: Iron Valiant|22\/100\n|-damage|p1a: Iron Valiant|7\/100\n|-damage|p1a: Iron Valiant|0 fnt\n|faint|p1a: Iron Valiant\n|-end|p1a: Iron Valiant|Quark Drive|[silent]\n|-hitcount|p1: Iron Valiant|6\n|\n|upkeep\n|turn|14\n|\n|t:|1700610327\n|move|p1b: Grimmsnarl|Reflect|p1b: Grimmsnarl\n|-sidestart|p1: DreadfulBuns|Reflect\n|move|p2a: Maushold|Population Bomb|p1b: Grimmsnarl\n|-damage|p1b: Grimmsnarl|52\/100\n|-damage|p1b: Grimmsnarl|45\/100\n|-damage|p1b: Grimmsnarl|38\/100\n|-damage|p1b: Grimmsnarl|31\/100\n|-damage|p1b: Grimmsnarl|24\/100\n|-hitcount|p1b: Grimmsnarl|5\n|\n|upkeep\n|turn|15\n|c|\u2606holidayhero10|gg wp\n|\n|t:|1700610339\n|move|p1b: Grimmsnarl|Parting Shot|p2a: Maushold\n|-unboost|p2a: Maushold|atk|1\n|-unboost|p2a: Maushold|spa|1\n|move|p2a: Maushold|Population Bomb|p1b: Grimmsnarl\n|-damage|p1b: Grimmsnarl|20\/100\n|-damage|p1b: Grimmsnarl|15\/100\n|-damage|p1b: Grimmsnarl|11\/100\n|-damage|p1b: Grimmsnarl|6\/100\n|-damage|p1b: Grimmsnarl|2\/100\n|-damage|p1b: Grimmsnarl|0 fnt\n|faint|p1b: Grimmsnarl\n|-hitcount|p1: Grimmsnarl|6\n|\n|win|holidayhero10\n|raw|DreadfulBuns's rating: 1180 &rarr; <strong>1151<\/strong><br \/>(-29 for losing)\n|raw|holidayhero10's rating: 1126 &rarr; <strong>1155<\/strong><br \/>(+29 for winning)\n|c|\u2606DreadfulBuns|its joever\n|c|\u2606holidayhero10|huh\n","uploadtime":1700610358,"views":3,"p1id":"dreadfulbuns","p2id":"holidayhero10","formatid":"gen9doublesou","rating":1151,"private":0,"password":""}