{"id":"gen9doublesou-1992300987","p1":"meowmixtape","p2":"Moldycheezi","format":"[Gen 9] Doubles OU","log":"|j|\u2606meowmixtape\n|j|\u2606Moldycheezi\n|t:|1700172434\n|gametype|doubles\n|player|p1|meowmixtape|bruno|1237\n|player|p2|Moldycheezi|grimsley|1326\n|teamsize|p1|6\n|teamsize|p2|6\n|gen|9\n|tier|[Gen 9] Doubles OU\n|rated|\n|rule|Species Clause: Limit one of each Pok\u00e9mon\n|rule|OHKO Clause: OHKO moves are banned\n|rule|Evasion Moves Clause: Evasion moves are banned\n|rule|Gravity Sleep Clause: The combination of sleep-inducing moves with imperfect accuracy and Gravity or Gigantamax Orbeetle are banned\n|rule|Endless Battle Clause: Forcing endless battles is banned\n|rule|HP Percentage Mod: HP is shown in percentages\n|clearpoke\n|poke|p1|Zapdos|\n|poke|p1|Gyarados, M|\n|poke|p1|Cresselia, F|\n|poke|p1|Toedscruel, M|\n|poke|p1|Heatran, F|\n|poke|p1|Landorus-Therian, M|\n|poke|p2|Chien-Pao|\n|poke|p2|Goodra-Hisui, M|\n|poke|p2|Empoleon, F|\n|poke|p2|Flutter Mane|\n|poke|p2|Breloom, F|\n|poke|p2|Iron Moth|\n|teampreview\n|\n|t:|1700172445\n|start\n|switch|p1a: cheeken|Zapdos, shiny|100\/100\n|switch|p1b: Dragon|Gyarados, M, shiny|100\/100\n|switch|p2a: Gogeta|Breloom, F, shiny|100\/100\n|switch|p2b: Wolverine|Chien-Pao|100\/100\n|-ability|p2b: Wolverine|Sword of Ruin\n|turn|1\n|inactive|Battle timer is ON: inactive players will automatically lose when time's up. (requested by meowmixtape)\n|\n|t:|1700172483\n|switch|p1b: Landorus|Landorus-Therian, M|100\/100\n|-ability|p1b: Landorus|Intimidate|boost\n|-unboost|p2a: Gogeta|atk|1\n|-unboost|p2b: Wolverine|atk|1\n|switch|p2a: Berlin|Goodra-Hisui, M|100\/100\n|-terastallize|p1a: cheeken|Fire\n|move|p2b: Wolverine|Ice Spinner|p1a: cheeken\n|-resisted|p1a: cheeken\n|-damage|p1a: cheeken|78\/100\n|move|p1a: cheeken|Heat Wave|p2b: Wolverine|[spread] p2a,p2b\n|-supereffective|p2b: Wolverine\n|-damage|p2a: Berlin|75\/100\n|-enditem|p2b: Wolverine|Focus Sash\n|-damage|p2b: Wolverine|1\/100\n|\n|-heal|p2a: Berlin|81\/100|[from] item: Leftovers\n|upkeep\n|turn|2\n|inactive|meowmixtape has 120 seconds left.\n|\n|t:|1700172516\n|switch|p2b: Espec\u00edfico|Empoleon, F|100\/100\n|switch|p1b: Barney but cunnby|Cresselia, F, shiny|100\/100\n|-terastallize|p2a: Berlin|Water\n|move|p1a: cheeken|Tailwind|p1a: cheeken\n|-sidestart|p1: meowmixtape|move: Tailwind\n|move|p2a: Berlin|Shelter|p2a: Berlin\n|-boost|p2a: Berlin|def|2\n|\n|-heal|p2a: Berlin|87\/100|[from] item: Leftovers\n|upkeep\n|turn|3\n|inactive|meowmixtape has 120 seconds left.\n|\n|t:|1700172544\n|move|p2a: Berlin|Protect|p2a: Berlin\n|-singleturn|p2a: Berlin|Protect\n|move|p1a: cheeken|Discharge|p2a: Berlin|[spread] p1b,p2b\n|-activate|p2a: Berlin|move: Protect\n|-supereffective|p2b: Espec\u00edfico\n|-damage|p1b: Barney but cunnby|81\/100\n|-damage|p2b: Espec\u00edfico|41\/100\n|move|p1b: Barney but cunnby|Lunar Blessing|p1b: Barney but cunnby|[spread] p1a,p1b\n|-heal|p1a: cheeken|100\/100\n|-heal|p1b: Barney but cunnby|100\/100\n|move|p2b: Espec\u00edfico|Surf|p1b: Barney but cunnby|[spread] p1a,p1b\n|-activate|p2a: Berlin|move: Protect\n|-supereffective|p1a: cheeken\n|-damage|p1a: cheeken|26\/100\n|-damage|p1b: Barney but cunnby|80\/100\n|\n|-heal|p1b: Barney but cunnby|86\/100|[from] item: Leftovers\n|-heal|p2b: Espec\u00edfico|47\/100|[from] item: Leftovers\n|-heal|p2a: Berlin|93\/100|[from] item: Leftovers\n|upkeep\n|turn|4\n|inactive|meowmixtape has 120 seconds left.\n|\n|t:|1700172571\n|move|p1a: cheeken|Discharge|p2b: Espec\u00edfico|[spread] p1b,p2a,p2b\n|-supereffective|p2a: Berlin\n|-supereffective|p2b: Espec\u00edfico\n|-damage|p1b: Barney but cunnby|68\/100\n|-damage|p2a: Berlin|56\/100\n|-damage|p2b: Espec\u00edfico|0 fnt\n|-status|p1b: Barney but cunnby|par\n|faint|p2b: Espec\u00edfico\n|move|p1b: Barney but cunnby|Calm Mind|p1b: Barney but cunnby\n|-boost|p1b: Barney but cunnby|spa|1\n|-boost|p1b: Barney but cunnby|spd|1\n|move|p2a: Berlin|Shelter|p2a: Berlin\n|-boost|p2a: Berlin|def|2\n|\n|-heal|p1b: Barney but cunnby|74\/100 par|[from] item: Leftovers\n|-heal|p2a: Berlin|62\/100|[from] item: Leftovers\n|upkeep\n|inactive|Moldycheezi has 120 seconds left.\n|\n|t:|1700172587\n|switch|p2b: Tarot|Flutter Mane|100\/100\n|-enditem|p2b: Tarot|Booster Energy\n|-activate|p2b: Tarot|ability: Protosynthesis|[fromitem]\n|-start|p2b: Tarot|protosynthesisspe\n|turn|5\n|\n|t:|1700172603\n|move|p2a: Berlin|Protect|p2a: Berlin\n|-singleturn|p2a: Berlin|Protect\n|move|p1a: cheeken|Discharge|p2b: Tarot|[spread] p1b,p2b\n|-activate|p2a: Berlin|move: Protect\n|-damage|p1b: Barney but cunnby|61\/100 par\n|-damage|p2b: Tarot|71\/100\n|move|p2b: Tarot|Dazzling Gleam|p1b: Barney but cunnby|[spread] p1a,p1b\n|-resisted|p1a: cheeken\n|-damage|p1a: cheeken|7\/100\n|-damage|p1b: Barney but cunnby|48\/100 par\n|cant|p1b: Barney but cunnby|par\n|\n|-heal|p1b: Barney but cunnby|54\/100 par|[from] item: Leftovers\n|-heal|p2a: Berlin|68\/100|[from] item: Leftovers\n|-sideend|p1: meowmixtape|move: Tailwind\n|upkeep\n|turn|6\n|\n|t:|1700172629\n|move|p1a: cheeken|Detect|p1a: cheeken\n|-singleturn|p1a: cheeken|Protect\n|move|p2b: Tarot|Dazzling Gleam|p1b: Barney but cunnby|[spread] p1b\n|-activate|p1a: cheeken|move: Protect\n|-damage|p1b: Barney but cunnby|39\/100 par\n|move|p2a: Berlin|Heavy Slam|p1b: Barney but cunnby\n|-damage|p1b: Barney but cunnby|20\/100 par\n|move|p1b: Barney but cunnby|Icy Wind|p2a: Berlin|[spread] p2a,p2b\n|-resisted|p2a: Berlin\n|-damage|p2a: Berlin|64\/100\n|-damage|p2b: Tarot|57\/100\n|-unboost|p2a: Berlin|spe|1\n|-unboost|p2b: Tarot|spe|1\n|\n|-heal|p2a: Berlin|70\/100|[from] item: Leftovers\n|-heal|p1b: Barney but cunnby|26\/100 par|[from] item: Leftovers\n|upkeep\n|turn|7\n|\n|t:|1700172654\n|switch|p1a: Landorus|Landorus-Therian, M|100\/100\n|-ability|p1a: Landorus|Intimidate|boost\n|-unboost|p2a: Berlin|atk|1\n|-unboost|p2b: Tarot|atk|1\n|move|p2b: Tarot|Dazzling Gleam|p1a: Landorus|[spread] p1a,p1b\n|-crit|p1a: Landorus\n|-damage|p1a: Landorus|39\/100\n|-damage|p1b: Barney but cunnby|14\/100 par\n|move|p2a: Berlin|Heavy Slam|p1b: Barney but cunnby\n|-damage|p1b: Barney but cunnby|1\/100 par\n|move|p1b: Barney but cunnby|Lunar Blessing|p1b: Barney but cunnby|[spread] p1a,p1b\n|-heal|p1a: Landorus|64\/100\n|-heal|p1b: Barney but cunnby|26\/100 par\n|-curestatus|p1b: Barney but cunnby|par|[msg]\n|\n|-heal|p1b: Barney but cunnby|32\/100|[from] item: Leftovers\n|-heal|p2a: Berlin|76\/100|[from] item: Leftovers\n|upkeep\n|turn|8\n|inactive|Moldycheezi has 120 seconds left.\n|\n|t:|1700172691\n|move|p2b: Tarot|Shadow Ball|p1a: Landorus\n|-damage|p1a: Landorus|11\/100\n|move|p1a: Landorus|Earthquake|p2b: Tarot|[spread] p2a,p2b\n|-immune|p1b: Barney but cunnby|[from] ability: Levitate\n|-damage|p2a: Berlin|66\/100\n|-damage|p2b: Tarot|0 fnt\n|faint|p2b: Tarot\n|-end|p2b: Tarot|Protosynthesis|[silent]\n|move|p1b: Barney but cunnby|Icy Wind|p2a: Berlin\n|-resisted|p2a: Berlin\n|-damage|p2a: Berlin|60\/100\n|-unboost|p2a: Berlin|spe|1\n|move|p2a: Berlin|Body Press|p1b: Barney but cunnby\n|-resisted|p1b: Barney but cunnby\n|-damage|p1b: Barney but cunnby|7\/100\n|\n|-heal|p1b: Barney but cunnby|13\/100|[from] item: Leftovers\n|-heal|p2a: Berlin|66\/100|[from] item: Leftovers\n|upkeep\n|\n|t:|1700172711\n|switch|p2b: Flash|Iron Moth|100\/100\n|turn|9\n|inactive|Moldycheezi has 120 seconds left.\n|\n|t:|1700172730\n|move|p2b: Flash|Dazzling Gleam|p1b: Barney but cunnby|[spread] p1a,p1b\n|-damage|p1a: Landorus|0 fnt\n|-damage|p1b: Barney but cunnby|4\/100\n|faint|p1a: Landorus\n|move|p1b: Barney but cunnby|Lunar Blessing|p1b: Barney but cunnby\n|-heal|p1b: Barney but cunnby|29\/100\n|move|p2a: Berlin|Shelter|p2a: Berlin\n|-boost|p2a: Berlin|def|2\n|\n|-heal|p1b: Barney but cunnby|35\/100|[from] item: Leftovers\n|-heal|p2a: Berlin|72\/100|[from] item: Leftovers\n|upkeep\n|\n|t:|1700172748\n|switch|p1a: Alien invader|Toedscruel, M, shiny|100\/100\n|turn|10\n|\n|t:|1700172756\n|move|p2b: Flash|Heat Wave|p1a: Alien invader|[spread] p1a,p1b\n|-supereffective|p1a: Alien invader\n|-damage|p1a: Alien invader|35\/100\n|-damage|p1b: Barney but cunnby|19\/100\n|move|p1b: Barney but cunnby|Lunar Blessing|p1b: Barney but cunnby|[spread] p1a,p1b\n|-heal|p1a: Alien invader|60\/100\n|-heal|p1b: Barney but cunnby|44\/100\n|move|p2a: Berlin|Body Press|p1b: Barney but cunnby\n|-resisted|p1b: Barney but cunnby\n|-damage|p1b: Barney but cunnby|10\/100\n|move|p1a: Alien invader|Spore|p2b: Flash\n|-status|p2b: Flash|slp|[from] move: Spore\n|\n|-heal|p1b: Barney but cunnby|16\/100|[from] item: Leftovers\n|-heal|p2a: Berlin|79\/100|[from] item: Leftovers\n|upkeep\n|turn|11\n|\n|t:|1700172783\n|-end|p2b: Flash|Quark Drive|[silent]\n|switch|p2b: Gogeta|Breloom, F, shiny|100\/100\n|move|p1b: Barney but cunnby|Lunar Blessing|p1b: Barney but cunnby|[spread] p1a,p1b\n|-heal|p1a: Alien invader|85\/100\n|-heal|p1b: Barney but cunnby|41\/100\n|move|p2a: Berlin|Body Press|p1b: Barney but cunnby\n|-resisted|p1b: Barney but cunnby\n|-damage|p1b: Barney but cunnby|9\/100\n|move|p1a: Alien invader|Leech Seed|p2b: Gogeta\n|-immune|p2b: Gogeta\n|\n|-heal|p1b: Barney but cunnby|15\/100|[from] item: Leftovers\n|-heal|p2a: Berlin|85\/100|[from] item: Leftovers\n|upkeep\n|turn|12\n|inactive|meowmixtape has 120 seconds left.\n|\n|t:|1700172814\n|move|p2b: Gogeta|Bullet Seed|p1b: Barney but cunnby\n|-damage|p1b: Barney but cunnby|1\/100\n|-damage|p1b: Barney but cunnby|0 fnt\n|faint|p1b: Barney but cunnby\n|-hitcount|p1: Barney but cunnby|2\n|move|p2a: Berlin|Body Press|p1a: Alien invader\n|-damage|p1a: Alien invader|0 fnt\n|faint|p1a: Alien invader\n|\n|-heal|p2a: Berlin|91\/100|[from] item: Leftovers\n|upkeep\n|inactive|meowmixtape has 120 seconds left.\n|\n|t:|1700172838\n|switch|p1a: Dragon|Gyarados, M, shiny|100\/100\n|switch|p1b: Microbe|Heatran, F, shiny|100\/100\n|turn|13\n|inactive|meowmixtape has 120 seconds left.\n|\n|t:|1700172856\n|move|p1a: Dragon|Protect|p1a: Dragon\n|-singleturn|p1a: Dragon|Protect\n|move|p2b: Gogeta|Mach Punch|p1b: Microbe\n|-supereffective|p1b: Microbe\n|-damage|p1b: Microbe|46\/100\n|move|p1b: Microbe|Heat Wave|p2a: Berlin|[spread] p2a,p2b\n|-resisted|p2a: Berlin\n|-supereffective|p2b: Gogeta\n|-damage|p2a: Berlin|76\/100\n|-damage|p2b: Gogeta|0 fnt\n|faint|p2b: Gogeta\n|move|p2a: Berlin|Body Press|p1b: Microbe\n|-supereffective|p1b: Microbe\n|-damage|p1b: Microbe|0 fnt\n|faint|p1b: Microbe\n|\n|-heal|p2a: Berlin|82\/100|[from] item: Leftovers\n|upkeep\n|\n|t:|1700172876\n|switch|p2b: Wolverine|Chien-Pao|1\/100\n|switch|p1b: cheeken|Zapdos, shiny, tera:Fire|7\/100\n|-ability|p2b: Wolverine|Sword of Ruin\n|turn|14\n|inactive|Moldycheezi has 120 seconds left.\n|\n|t:|1700172911\n|move|p1b: cheeken|Detect|p1b: cheeken\n|-singleturn|p1b: cheeken|Protect\n|move|p2b: Wolverine|Sucker Punch||[still]\n|-fail|p2b: Wolverine\n|move|p1a: Dragon|Earthquake|p2a: Berlin|[spread] p2a,p2b\n|-activate|p1b: cheeken|move: Protect\n|-damage|p2a: Berlin|76\/100\n|-damage|p2b: Wolverine|0 fnt\n|faint|p2b: Wolverine\n|-ability|p1a: Dragon|Moxie|boost\n|-boost|p1a: Dragon|atk|1\n|move|p2a: Berlin|Body Press|p1a: Dragon\n|-resisted|p1a: Dragon\n|-damage|p1a: Dragon|42\/100\n|\n|-heal|p2a: Berlin|82\/100|[from] item: Leftovers\n|upkeep\n|inactive|Moldycheezi has 120 seconds left.\n|\n|t:|1700172928\n|switch|p2b: Flash|Iron Moth|100\/100 slp\n|turn|15\n|\n|t:|1700172936\n|move|p1a: Dragon|Protect|p1a: Dragon\n|-singleturn|p1a: Dragon|Protect\n|cant|p2b: Flash|slp\n|move|p1b: cheeken|Discharge|p2a: Berlin|[spread] p2a,p2b\n|-activate|p1a: Dragon|move: Protect\n|-supereffective|p2a: Berlin\n|-damage|p2a: Berlin|44\/100\n|-damage|p2b: Flash|71\/100 slp\n|-status|p2a: Berlin|par\n|move|p2a: Berlin|Body Press|p1a: Dragon\n|-activate|p1a: Dragon|move: Protect\n|\n|-heal|p2a: Berlin|50\/100 par|[from] item: Leftovers\n|upkeep\n|turn|16\n|inactive|meowmixtape has 120 seconds left.\n|inactive|Moldycheezi has 120 seconds left.\n|\n|t:|1700172981\n|-curestatus|p2b: Flash|slp|[msg]\n|move|p2b: Flash|Dazzling Gleam|p1a: Dragon|[spread] p1a,p1b\n|-resisted|p1b: cheeken\n|-damage|p1a: Dragon|21\/100\n|-damage|p1b: cheeken|0 fnt\n|faint|p1b: cheeken\n|move|p1a: Dragon|Waterfall|p2b: Flash\n|-supereffective|p2b: Flash\n|-damage|p2b: Flash|0 fnt\n|faint|p2b: Flash\n|-end|p2b: Flash|Quark Drive|[silent]\n|-ability|p1a: Dragon|Moxie|boost\n|-boost|p1a: Dragon|atk|1\n|move|p2a: Berlin|Body Press|p1a: Dragon\n|-resisted|p1a: Dragon\n|-damage|p1a: Dragon|0 fnt\n|faint|p1a: Dragon\n|\n|win|Moldycheezi\n|raw|meowmixtape's rating: 1237 &rarr; <strong>1218<\/strong><br \/>(-19 for losing)\n|raw|Moldycheezi's rating: 1326 &rarr; <strong>1341<\/strong><br \/>(+15 for winning)\n|l|\u2606meowmixtape\n","uploadtime":1700173000,"views":11,"p1id":"meowmixtape","p2id":"moldycheezi","formatid":"gen9doublesou","rating":1218,"private":0,"password":""}