{"id":"gen9doublesou-1997068847","p1":"AllfatherAlex","p2":"jacobpb3","format":"[Gen 9] Doubles OU","log":"|j|\u2606AllfatherAlex\n|j|\u2606jacobpb3\n|t:|1700761349\n|gametype|doubles\n|player|p1|AllfatherAlex|265|1065\n|player|p2|jacobpb3|266|1000\n|teamsize|p1|6\n|teamsize|p2|6\n|gen|9\n|tier|[Gen 9] Doubles OU\n|rated|\n|rule|Species Clause: Limit one of each Pok\u00e9mon\n|rule|OHKO Clause: OHKO moves are banned\n|rule|Evasion Moves Clause: Evasion moves are banned\n|rule|Gravity Sleep Clause: The combination of sleep-inducing moves with imperfect accuracy and Gravity or Gigantamax Orbeetle are banned\n|rule|Endless Battle Clause: Forcing endless battles is banned\n|rule|HP Percentage Mod: HP is shown in percentages\n|clearpoke\n|poke|p1|Greninja-*, F|\n|poke|p1|Cinderace, F|\n|poke|p1|Sneasler, M|\n|poke|p1|Iron Moth|\n|poke|p1|Pincurchin, M|\n|poke|p1|Dunsparce, F|\n|poke|p2|Oricorio-Sensu, F|\n|poke|p2|Kommo-o, M|\n|poke|p2|Volcarona, M|\n|poke|p2|Ogerpon-Wellspring, F|\n|poke|p2|Grimmsnarl, M|\n|poke|p2|Landorus-Therian, M|\n|teampreview\n|\n|t:|1700761360\n|start\n|switch|p1a: Cinderace|Cinderace, F|100\/100\n|switch|p1b: Greninja|Greninja, F|100\/100\n|switch|p2a: Volcarona|Volcarona, M|100\/100\n|switch|p2b: Landorus|Landorus-Therian, M|100\/100\n|-ability|p2b: Landorus|Intimidate|boost\n|-unboost|p1a: Cinderace|atk|1\n|-unboost|p1b: Greninja|atk|1\n|turn|1\n|inactive|Battle timer is ON: inactive players will automatically lose when time's up. (requested by AllfatherAlex)\n|\n|t:|1700761372\n|move|p2a: Volcarona|Protect|p2a: Volcarona\n|-singleturn|p2a: Volcarona|Protect\n|move|p1b: Greninja|Water Pledge|p2b: Landorus\n|-waiting|p1b: Greninja|p1a: Cinderace\n|move|p1a: Cinderace|Fire Pledge|p2b: Landorus|[from]move: Water Pledge\n|-start|p1a: Cinderace|typechange|Water|[from] ability: Libero\n|-combine\n|-supereffective|p2b: Landorus\n|-damage|p2b: Landorus|0 fnt\n|-sidestart|p1: AllfatherAlex|Water Pledge\n|faint|p2b: Landorus\n|\n|upkeep\n|\n|t:|1700761395\n|switch|p2b: Grimmsnarl|Grimmsnarl, M|100\/100\n|turn|2\n|\n|t:|1700761409\n|move|p2b: Grimmsnarl|Light Screen|p2b: Grimmsnarl\n|-sidestart|p2: jacobpb3|move: Light Screen\n|move|p1b: Greninja|U-turn|p2b: Grimmsnarl\n|-start|p1b: Greninja|typechange|Bug|[from] ability: Protean\n|-damage|p2b: Grimmsnarl|87\/100\n|\n|t:|1700761420\n|switch|p1b: Dunsparce|Dunsparce, F|100\/100|[from] U-turn\n|move|p1a: Cinderace|U-turn|p2b: Grimmsnarl\n|-damage|p2b: Grimmsnarl|75\/100\n|\n|t:|1700761426\n|switch|p1a: Pincurchin|Pincurchin, M|100\/100|[from] U-turn\n|-fieldstart|move: Electric Terrain|[from] ability: Electric Surge|[of] p1a: Pincurchin\n|move|p2a: Volcarona|Giga Drain|p1b: Dunsparce\n|-damage|p1b: Dunsparce|76\/100\n|-damage|p2a: Volcarona|91\/100|[from] item: Life Orb\n|\n|upkeep\n|turn|3\n|\n|t:|1700761446\n|switch|p2b: Oricorio|Oricorio-Sensu, F|100\/100\n|move|p2a: Volcarona|Quiver Dance|p2a: Volcarona\n|-boost|p2a: Volcarona|spa|1\n|-boost|p2a: Volcarona|spd|1\n|-boost|p2a: Volcarona|spe|1\n|-activate|p2b: Oricorio|ability: Dancer\n|move|p2b: Oricorio|Quiver Dance|p2b: Oricorio|[from]ability: Dancer\n|-boost|p2b: Oricorio|spa|1\n|-boost|p2b: Oricorio|spd|1\n|-boost|p2b: Oricorio|spe|1\n|move|p1b: Dunsparce|Ancient Power|p2a: Volcarona\n|-supereffective|p2a: Volcarona\n|-crit|p2a: Volcarona\n|-damage|p2a: Volcarona|37\/100\n|-boost|p1b: Dunsparce|atk|1\n|-boost|p1b: Dunsparce|def|1\n|-boost|p1b: Dunsparce|spa|1\n|-boost|p1b: Dunsparce|spd|1\n|-boost|p1b: Dunsparce|spe|1\n|move|p1a: Pincurchin|Body Slam|p2b: Oricorio\n|-immune|p2b: Oricorio\n|\n|upkeep\n|turn|4\n|\n|t:|1700761476\n|move|p2b: Oricorio|Protect|p2b: Oricorio\n|-singleturn|p2b: Oricorio|Protect\n|move|p2a: Volcarona|Quiver Dance|p2a: Volcarona\n|-boost|p2a: Volcarona|spa|1\n|-boost|p2a: Volcarona|spd|1\n|-boost|p2a: Volcarona|spe|1\n|-activate|p2b: Oricorio|ability: Dancer\n|move|p2b: Oricorio|Quiver Dance|p2b: Oricorio|[from]ability: Dancer\n|-boost|p2b: Oricorio|spa|1\n|-boost|p2b: Oricorio|spd|1\n|-boost|p2b: Oricorio|spe|1\n|move|p1b: Dunsparce|Baton Pass|p1b: Dunsparce\n|inactive|AllfatherAlex has 120 seconds left.\n|\n|t:|1700761499\n|switch|p1b: Sneasler|Sneasler, M|100\/100|[from] Baton Pass\n|-enditem|p1b: Sneasler|Electric Seed\n|-boost|p1b: Sneasler|def|1|[from] item: Electric Seed\n|move|p1a: Pincurchin|Body Slam|p2a: Volcarona\n|-damage|p2a: Volcarona|7\/100\n|-status|p2a: Volcarona|par\n|\n|-sideend|p1: AllfatherAlex|Water Pledge\n|upkeep\n|turn|5\n|inactive|jacobpb3 has 120 seconds left.\n|\n|t:|1700761531\n|switch|p2a: Grimmsnarl|Grimmsnarl, M|75\/100\n|-terastallize|p1b: Sneasler|Flying\n|move|p1b: Sneasler|Acrobatics|p2b: Oricorio\n|-enditem|p2b: Oricorio|Focus Sash\n|-damage|p2b: Oricorio|1\/100\n|move|p2b: Oricorio|Baton Pass|p2b: Oricorio\n|inactive|jacobpb3 has 120 seconds left.\n|\n|t:|1700761541\n|switch|p2b: Kommo-o|Kommo-o, M|100\/100|[from] Baton Pass\n|move|p1a: Pincurchin|Memento|p2b: Kommo-o\n|-unboost|p2b: Kommo-o|atk|2\n|-unboost|p2b: Kommo-o|spa|2\n|faint|p1a: Pincurchin\n|\n|upkeep\n|\n|t:|1700761555\n|switch|p1a: Iron Moth|Iron Moth|100\/100\n|-activate|p1a: Iron Moth|ability: Quark Drive\n|-start|p1a: Iron Moth|quarkdrivespe\n|turn|6\n|\n|t:|1700761572\n|move|p2a: Grimmsnarl|Thunder Wave|p1b: Sneasler\n|-status|p1b: Sneasler|par\n|move|p1a: Iron Moth|Fiery Dance|p2a: Grimmsnarl\n|-damage|p2a: Grimmsnarl|51\/100\n|-boost|p1a: Iron Moth|spa|1\n|cant|p1b: Sneasler|par\n|move|p2b: Kommo-o|Rock Slide|p1b: Sneasler|[spread] p1a,p1b\n|-supereffective|p1a: Iron Moth\n|-supereffective|p1b: Sneasler\n|-damage|p1a: Iron Moth|79\/100\n|-damage|p1b: Sneasler|90\/100 par\n|\n|-fieldend|move: Electric Terrain\n|-end|p1a: Iron Moth|Quark Drive\n|upkeep\n|turn|7\n|\n|t:|1700761599\n|move|p1b: Sneasler|Acrobatics|p2b: Kommo-o\n|-supereffective|p2b: Kommo-o\n|-damage|p2b: Kommo-o|0 fnt\n|-damage|p1b: Sneasler|74\/100 par|[from] item: Rocky Helmet|[of] p2b: Kommo-o\n|faint|p2b: Kommo-o\n|move|p1a: Iron Moth|Fiery Dance|p2a: Grimmsnarl\n|-damage|p2a: Grimmsnarl|11\/100\n|move|p2a: Grimmsnarl|Spirit Break|p1b: Sneasler\n|-damage|p1b: Sneasler|50\/100 par\n|-unboost|p1b: Sneasler|spa|1\n|\n|upkeep\n|inactive|jacobpb3 has 120 seconds left.\n|\n|t:|1700761614\n|switch|p2b: Ogerpon|Ogerpon-Wellspring, F|100\/100\n|turn|8\n|\n|t:|1700761623\n|move|p2a: Grimmsnarl|Thunder Wave|p1a: Iron Moth\n|-status|p1a: Iron Moth|par\n|move|p1b: Sneasler|Dire Claw|p2b: Ogerpon\n|-supereffective|p2b: Ogerpon\n|-damage|p2b: Ogerpon|0 fnt\n|faint|p2b: Ogerpon\n|move|p1a: Iron Moth|Fiery Dance|p2a: Grimmsnarl\n|-damage|p2a: Grimmsnarl|0 fnt\n|faint|p2a: Grimmsnarl\n|\n|upkeep\n|c|\u2606AllfatherAlex|gg\n|\n|t:|1700761645\n|switch|p2b: Oricorio|Oricorio-Sensu, F|1\/100\n|switch|p2a: Volcarona|Volcarona, M|7\/100 par\n|turn|9\n|\n|t:|1700761653\n|move|p2b: Oricorio|Protect|p2b: Oricorio\n|-singleturn|p2b: Oricorio|Protect\n|move|p2a: Volcarona|Protect|p2a: Volcarona\n|-singleturn|p2a: Volcarona|Protect\n|move|p1b: Sneasler|Dire Claw|p2a: Volcarona\n|-activate|p2a: Volcarona|move: Protect\n|cant|p1a: Iron Moth|par\n|\n|-sideend|p2: jacobpb3|move: Light Screen\n|upkeep\n|turn|10\n|\n|t:|1700761671\n|switch|p1b: Dunsparce|Dunsparce, F|76\/100\n|move|p2b: Oricorio|Revelation Dance|p1b: Dunsparce\n|-immune|p1b: Dunsparce\n|move|p1a: Iron Moth|Sludge Wave|p2b: Oricorio|[spread] p1b,p2a,p2b\n|-resisted|p2b: Oricorio\n|-damage|p1b: Dunsparce|40\/100\n|-damage|p2a: Volcarona|0 fnt\n|-damage|p2b: Oricorio|0 fnt\n|-status|p1b: Dunsparce|psn\n|faint|p2a: Volcarona\n|faint|p2b: Oricorio\n|\n|win|AllfatherAlex\n|raw|AllfatherAlex's rating: 1065 &rarr; <strong>1090<\/strong><br \/>(+25 for winning)\n|raw|jacobpb3's rating: 1000 &rarr; <strong>1000<\/strong><br \/>(+0 for losing)\n|l|\u2606jacobpb3\n","uploadtime":1700761701,"views":11,"p1id":"allfatheralex","p2id":"jacobpb3","formatid":"gen9doublesou","rating":1000,"private":0,"password":""}