{"id":"gen9doublesou-1989902825","p1":"GamiToki.","p2":"tapulelekoko7","format":"[Gen 9] Doubles OU","log":"|j|\u2606GamiToki.\n|j|\u2606tapulelekoko7\n|t:|1699905314\n|gametype|doubles\n|player|p1|GamiToki.|acetrainer|1458\n|player|p2|tapulelekoko7|2|1364\n|teamsize|p1|6\n|teamsize|p2|6\n|gen|9\n|tier|[Gen 9] Doubles OU\n|rated|\n|rule|Species Clause: Limit one of each Pok\u00e9mon\n|rule|OHKO Clause: OHKO moves are banned\n|rule|Evasion Moves Clause: Evasion moves are banned\n|rule|Gravity Sleep Clause: The combination of sleep-inducing moves with imperfect accuracy and Gravity or Gigantamax Orbeetle are banned\n|rule|Endless Battle Clause: Forcing endless battles is banned\n|rule|HP Percentage Mod: HP is shown in percentages\n|clearpoke\n|poke|p1|Thundurus, M|\n|poke|p1|Landorus, M|\n|poke|p1|Clefairy, F|\n|poke|p1|Crawdaunt, F|\n|poke|p1|Manaphy|\n|poke|p1|Goodra, F|\n|poke|p2|Thundurus, M|\n|poke|p2|Iron Valiant|\n|poke|p2|Pincurchin, F|\n|poke|p2|Iron Hands|\n|poke|p2|Houndstone, M|\n|poke|p2|Iron Moth|\n|teampreview\n|inactive|Battle timer is ON: inactive players will automatically lose when time's up. (requested by GamiToki.)\n|inactive|GamiToki. has 120 seconds left.\n|\n|t:|1699905359\n|start\n|switch|p1a: Landorus|Landorus, M|100\/100\n|switch|p1b: Thundurus|Thundurus, M|100\/100\n|switch|p2a: Iron Valiant|Iron Valiant|100\/100\n|switch|p2b: Pincurchin|Pincurchin, F|100\/100\n|-fieldstart|move: Electric Terrain|[from] ability: Electric Surge|[of] p2b: Pincurchin\n|-activate|p2a: Iron Valiant|ability: Quark Drive\n|-start|p2a: Iron Valiant|quarkdrivespe\n|-enditem|p2b: Pincurchin|Electric Seed\n|-boost|p2b: Pincurchin|def|1|[from] item: Electric Seed\n|turn|1\n|\n|t:|1699905374\n|move|p2a: Iron Valiant|Protect|p2a: Iron Valiant\n|-singleturn|p2a: Iron Valiant|Protect\n|move|p1b: Thundurus|Thunder Wave|p2a: Iron Valiant\n|-activate|p2a: Iron Valiant|move: Protect\n|move|p1a: Landorus|Earth Power|p2b: Pincurchin\n|-supereffective|p2b: Pincurchin\n|-crit|p2b: Pincurchin\n|-damage|p2b: Pincurchin|0 fnt\n|faint|p2b: Pincurchin\n|\n|upkeep\n|\n|t:|1699905385\n|switch|p2b: Iron Hands|Iron Hands|100\/100\n|-activate|p2b: Iron Hands|ability: Quark Drive\n|-start|p2b: Iron Hands|quarkdriveatk\n|turn|2\n|\n|t:|1699905400\n|-terastallize|p1a: Landorus|Poison\n|move|p2b: Iron Hands|Fake Out|p1a: Landorus\n|-damage|p1a: Landorus|82\/100\n|move|p1b: Thundurus|Thunder Wave|p2a: Iron Valiant\n|-status|p2a: Iron Valiant|par\n|cant|p2a: Iron Valiant|par\n|cant|p1a: Landorus|flinch\n|\n|upkeep\n|turn|3\n|\n|t:|1699905429\n|switch|p1b: Clefairy|Clefairy, F|100\/100\n|-end|p2b: Iron Hands|Quark Drive|[silent]\n|switch|p2b: Thundurus|Thundurus, M|100\/100\n|move|p2a: Iron Valiant|Spirit Break|p1b: Clefairy\n|-damage|p1b: Clefairy|64\/100\n|-unboost|p1b: Clefairy|spa|1\n|move|p1a: Landorus|Earth Power|p2b: Thundurus\n|-immune|p2b: Thundurus\n|\n|upkeep\n|turn|4\n|\n|t:|1699905448\n|move|p2b: Thundurus|Eerie Impulse|p1a: Landorus\n|-unboost|p1a: Landorus|spa|2\n|move|p2a: Iron Valiant|Spirit Break|p1b: Clefairy\n|-damage|p1b: Clefairy|27\/100\n|-unboost|p1b: Clefairy|spa|1\n|move|p1a: Landorus|Sludge Bomb|p2a: Iron Valiant\n|-supereffective|p2a: Iron Valiant\n|-damage|p2a: Iron Valiant|2\/100 par\n|move|p1b: Clefairy|Stealth Rock|p2a: Iron Valiant\n|-sidestart|p2: tapulelekoko7|move: Stealth Rock\n|\n|upkeep\n|turn|5\n|\n|t:|1699905473\n|move|p2b: Thundurus|Scary Face|p1a: Landorus\n|-unboost|p1a: Landorus|spe|2\n|move|p2a: Iron Valiant|Spirit Break|p1b: Clefairy\n|-damage|p1b: Clefairy|0 fnt\n|faint|p1b: Clefairy\n|move|p1a: Landorus|Sludge Bomb|p2a: Iron Valiant\n|-supereffective|p2a: Iron Valiant\n|-damage|p2a: Iron Valiant|0 fnt\n|faint|p2a: Iron Valiant\n|-end|p2a: Iron Valiant|Quark Drive|[silent]\n|\n|-fieldend|move: Electric Terrain\n|upkeep\n|\n|t:|1699905487\n|switch|p2a: Iron Hands|Iron Hands|100\/100\n|switch|p1b: Manaphy|Manaphy|100\/100\n|-damage|p2a: Iron Hands|94\/100|[from] Stealth Rock\n|turn|6\n|\n|t:|1699905503\n|switch|p1b: Goodra|Goodra, F|100\/100\n|switch|p1a: Thundurus|Thundurus, M|100\/100\n|-terastallize|p2a: Iron Hands|Fighting\n|move|p2b: Thundurus|Eerie Impulse|p1a: Thundurus\n|-unboost|p1a: Thundurus|spa|2\n|move|p2a: Iron Hands|Thunder Punch|p1b: Goodra\n|-resisted|p1b: Goodra\n|-damage|p1b: Goodra|79\/100\n|\n|-heal|p1b: Goodra|85\/100|[from] item: Leftovers\n|upkeep\n|turn|7\n|\n|t:|1699905529\n|move|p1a: Thundurus|Eerie Impulse|p2b: Thundurus\n|-unboost|p2b: Thundurus|spa|2\n|move|p2b: Thundurus|Electric Terrain|p2b: Thundurus\n|-fieldstart|move: Electric Terrain\n|-activate|p2a: Iron Hands|ability: Quark Drive\n|-start|p2a: Iron Hands|quarkdriveatk\n|move|p1b: Goodra|Toxic|p2a: Iron Hands\n|-status|p2a: Iron Hands|tox\n|move|p2a: Iron Hands|Close Combat|p1b: Goodra\n|-damage|p1b: Goodra|0 fnt\n|-unboost|p2a: Iron Hands|def|1\n|-unboost|p2a: Iron Hands|spd|1\n|faint|p1b: Goodra\n|\n|-damage|p2a: Iron Hands|88\/100 tox|[from] psn\n|upkeep\n|inactive|GamiToki. has 120 seconds left.\n|\n|t:|1699905548\n|switch|p1b: Landorus|Landorus, M, tera:Poison|82\/100\n|turn|8\n|\n|t:|1699905559\n|move|p2b: Thundurus|Scary Face|p1b: Landorus\n|-unboost|p1b: Landorus|spe|2\n|move|p1a: Thundurus|Wildbolt Storm|p2b: Thundurus|[spread] p2a,p2b\n|-damage|p2a: Iron Hands|74\/100 tox\n|-damage|p2b: Thundurus|88\/100\n|-enditem|p2b: Thundurus|Eject Button\n|\n|t:|1699905566\n|switch|p2b: Iron Moth|Iron Moth|100\/100\n|-damage|p2b: Iron Moth|76\/100|[from] Stealth Rock\n|-activate|p2b: Iron Moth|ability: Quark Drive\n|-start|p2b: Iron Moth|quarkdrivespa\n|move|p2a: Iron Hands|Thunder Punch|p1b: Landorus\n|-damage|p1b: Landorus|12\/100\n|move|p1b: Landorus|Psychic|p2a: Iron Hands\n|-supereffective|p2a: Iron Hands\n|-damage|p2a: Iron Hands|7\/100 tox\n|\n|-damage|p2a: Iron Hands|0 fnt|[from] psn\n|faint|p2a: Iron Hands\n|-end|p2a: Iron Hands|Quark Drive|[silent]\n|upkeep\n|\n|t:|1699905580\n|switch|p2a: Houndstone|Houndstone, M|100\/100\n|-damage|p2a: Houndstone|88\/100|[from] Stealth Rock\n|turn|9\n|\n|t:|1699905599\n|move|p1a: Thundurus|Eerie Impulse|p2b: Iron Moth\n|-unboost|p2b: Iron Moth|spa|2\n|move|p2a: Houndstone|Shadow Sneak|p1b: Landorus\n|-damage|p1b: Landorus|0 fnt\n|faint|p1b: Landorus\n|-damage|p2a: Houndstone|78\/100|[from] item: Life Orb\n|move|p2b: Iron Moth|Fiery Dance|p1a: Thundurus\n|-damage|p1a: Thundurus|77\/100\n|-boost|p2b: Iron Moth|spa|1\n|\n|-heal|p1a: Thundurus|83\/100|[from] item: Leftovers\n|upkeep\n|\n|t:|1699905612\n|switch|p1b: Crawdaunt|Crawdaunt, F|100\/100\n|turn|10\n|\n|t:|1699905621\n|move|p2a: Houndstone|Protect|p2a: Houndstone\n|-singleturn|p2a: Houndstone|Protect\n|move|p1a: Thundurus|Rain Dance|p1a: Thundurus\n|-weather|RainDance\n|move|p2b: Iron Moth|Sludge Wave|p1a: Thundurus|[spread] p1a,p1b\n|-activate|p2a: Houndstone|move: Protect\n|-damage|p1a: Thundurus|52\/100\n|-damage|p1b: Crawdaunt|42\/100\n|move|p1b: Crawdaunt|Crunch|p2a: Houndstone\n|-activate|p2a: Houndstone|move: Protect\n|\n|-weather|RainDance|[upkeep]\n|-heal|p1a: Thundurus|59\/100|[from] item: Leftovers\n|upkeep\n|turn|11\n|inactive|GamiToki. has 120 seconds left.\n|\n|t:|1699905655\n|switch|p2a: Thundurus|Thundurus, M|88\/100\n|-damage|p2a: Thundurus|63\/100|[from] Stealth Rock\n|move|p1a: Thundurus|Thunder Wave|p2a: Thundurus\n|-immune|p2a: Thundurus\n|move|p1b: Crawdaunt|Aqua Jet|p2b: Iron Moth\n|-supereffective|p2b: Iron Moth\n|-damage|p2b: Iron Moth|0 fnt\n|faint|p2b: Iron Moth\n|-end|p2b: Iron Moth|Quark Drive|[silent]\n|-damage|p1b: Crawdaunt|32\/100|[from] item: Life Orb\n|\n|-weather|RainDance|[upkeep]\n|-heal|p1a: Thundurus|65\/100|[from] item: Leftovers\n|-fieldend|move: Electric Terrain\n|upkeep\n|\n|t:|1699905668\n|switch|p2b: Houndstone|Houndstone, M|78\/100\n|-damage|p2b: Houndstone|66\/100|[from] Stealth Rock\n|turn|12\n|inactive|GamiToki. has 120 seconds left.\n|\n|t:|1699905704\n|move|p2b: Houndstone|Protect|p2b: Houndstone\n|-singleturn|p2b: Houndstone|Protect\n|move|p1a: Thundurus|Eerie Impulse|p2a: Thundurus\n|-unboost|p2a: Thundurus|spa|2\n|move|p1b: Crawdaunt|Aqua Jet|p2b: Houndstone\n|-activate|p2b: Houndstone|move: Protect\n|move|p2a: Thundurus|Volt Switch|p1b: Crawdaunt\n|-supereffective|p1b: Crawdaunt\n|-damage|p1b: Crawdaunt|0 fnt\n|faint|p1b: Crawdaunt\n|\n|-weather|RainDance|[upkeep]\n|-heal|p1a: Thundurus|71\/100|[from] item: Leftovers\n|upkeep\n|\n|t:|1699905712\n|switch|p1b: Manaphy|Manaphy|100\/100\n|turn|13\n|\n|t:|1699905722\n|move|p1a: Thundurus|Thunder Wave|p2b: Houndstone\n|-status|p2b: Houndstone|par\n|move|p2a: Thundurus|Eerie Impulse|p1b: Manaphy\n|-unboost|p1b: Manaphy|spa|2\n|move|p1b: Manaphy|Tail Glow|p1b: Manaphy\n|-boost|p1b: Manaphy|spa|3\n|move|p2b: Houndstone|Last Respects|p1a: Thundurus\n|-damage|p1a: Thundurus|0 fnt\n|faint|p1a: Thundurus\n|-damage|p2b: Houndstone|56\/100 par|[from] item: Life Orb\n|\n|-weather|RainDance|[upkeep]\n|upkeep\n|turn|14\n|\n|t:|1699905740\n|move|p2b: Houndstone|Protect|p2b: Houndstone\n|-singleturn|p2b: Houndstone|Protect\n|move|p2a: Thundurus|Scary Face|p1b: Manaphy\n|-unboost|p1b: Manaphy|spe|2\n|move|p1b: Manaphy|Scald|p2a: Thundurus\n|-damage|p2a: Thundurus|15\/100\n|\n|-weather|none\n|upkeep\n|turn|15\n|\n|t:|1699905752\n|move|p2a: Thundurus|Scary Face|p1b: Manaphy\n|-unboost|p1b: Manaphy|spe|2\n|move|p2b: Houndstone|Last Respects|p1b: Manaphy\n|-damage|p1b: Manaphy|0 fnt\n|faint|p1b: Manaphy\n|-damage|p2b: Houndstone|46\/100 par|[from] item: Life Orb\n|\n|win|tapulelekoko7\n|raw|GamiToki.'s rating: 1458 &rarr; <strong>1433<\/strong><br \/>(-25 for losing)\n|raw|tapulelekoko7's rating: 1364 &rarr; <strong>1389<\/strong><br \/>(+25 for winning)\n|l|\u2606GamiToki.\n","uploadtime":1699905769,"views":9,"p1id":"gamitoki","p2id":"tapulelekoko7","formatid":"gen9doublesou","rating":1389,"private":0,"password":""}