{"id":"gen9doublesou-1995594777","p1":"RainyChill","p2":"Chad bcuz","format":"[Gen 9] Doubles OU","log":"|j|\u2606RainyChill\n|j|\u2606Chad bcuz\n|t:|1700585907\n|gametype|doubles\n|player|p1|RainyChill|guitarist|1231\n|player|p2|Chad bcuz|benga|1345\n|teamsize|p1|6\n|teamsize|p2|6\n|gen|9\n|tier|[Gen 9] Doubles OU\n|rated|\n|rule|Species Clause: Limit one of each Pok\u00e9mon\n|rule|OHKO Clause: OHKO moves are banned\n|rule|Evasion Moves Clause: Evasion moves are banned\n|rule|Gravity Sleep Clause: The combination of sleep-inducing moves with imperfect accuracy and Gravity or Gigantamax Orbeetle are banned\n|rule|Endless Battle Clause: Forcing endless battles is banned\n|rule|HP Percentage Mod: HP is shown in percentages\n|clearpoke\n|poke|p1|Golem-Alola, M|\n|poke|p1|Rabsca, M|\n|poke|p1|Clefairy, F|\n|poke|p1|Clawitzer, M|\n|poke|p1|Iron Hands|\n|poke|p1|Sinistcha-Masterpiece|\n|poke|p2|Roaring Moon|\n|poke|p2|Landorus-Therian, M|\n|poke|p2|Iron Hands|\n|poke|p2|Heatran, M|\n|poke|p2|Ogerpon-Wellspring, F|\n|poke|p2|Flutter Mane|\n|teampreview\n|inactive|Battle timer is ON: inactive players will automatically lose when time's up. (requested by Chad bcuz)\n|\n|t:|1700585925\n|start\n|switch|p1a: Golem|Golem-Alola, M|100\/100\n|switch|p1b: Rabsca|Rabsca, M|100\/100\n|switch|p2a: Roaring Moon|Roaring Moon|100\/100\n|switch|p2b: Ogerpon|Ogerpon-Wellspring, F|100\/100\n|-enditem|p2a: Roaring Moon|Booster Energy\n|-activate|p2a: Roaring Moon|ability: Protosynthesis|[fromitem]\n|-start|p2a: Roaring Moon|protosynthesisatk\n|turn|1\n|\n|t:|1700585935\n|switch|p2b: Landorus|Landorus-Therian, M|100\/100\n|-ability|p2b: Landorus|Intimidate|boost\n|-unboost|p1a: Golem|atk|1\n|-unboost|p1b: Rabsca|atk|1\n|move|p2a: Roaring Moon|Protect|p2a: Roaring Moon\n|-singleturn|p2a: Roaring Moon|Protect\n|move|p1a: Golem|Protect|p1a: Golem\n|-singleturn|p1a: Golem|Protect\n|move|p1b: Rabsca|Trick Room|p1b: Rabsca\n|-fieldstart|move: Trick Room|[of] p1b: Rabsca\n|\n|upkeep\n|turn|2\n|inactive|RainyChill has 120 seconds left.\n|\n|t:|1700585972\n|-end|p2a: Roaring Moon|Protosynthesis|[silent]\n|switch|p2a: Iron Hands|Iron Hands|100\/100\n|move|p1b: Rabsca|Energy Ball|p2b: Landorus\n|-damage|p2b: Landorus|73\/100\n|move|p1a: Golem|Explosion|p2a: Iron Hands|[spread] p2a\n|-activate|p1b: Rabsca|ability: Telepathy\n|-immune|p2b: Landorus\n|-resisted|p2a: Iron Hands\n|-damage|p2a: Iron Hands|72\/100\n|faint|p1a: Golem\n|move|p2b: Landorus|Stomping Tantrum|p1b: Rabsca\n|-resisted|p1b: Rabsca\n|-damage|p1b: Rabsca|80\/100\n|\n|-heal|p1b: Rabsca|86\/100|[from] item: Leftovers\n|upkeep\n|\n|t:|1700585984\n|switch|p1a: Clawitzer|Clawitzer, M, shiny|100\/100\n|turn|3\n|\n|t:|1700585999\n|switch|p2b: Ogerpon|Ogerpon-Wellspring, F|100\/100\n|-terastallize|p1a: Clawitzer|Dragon\n|move|p1b: Rabsca|Energy Ball|p2a: Iron Hands\n|-damage|p2a: Iron Hands|59\/100\n|move|p1a: Clawitzer|Dragon Pulse|p2a: Iron Hands\n|-damage|p2a: Iron Hands|17\/100\n|-damage|p1a: Clawitzer|91\/100|[from] item: Life Orb\n|move|p2a: Iron Hands|Wild Charge|p1a: Clawitzer\n|-resisted|p1a: Clawitzer\n|-damage|p1a: Clawitzer|62\/100\n|-damage|p2a: Iron Hands|11\/100|[from] Recoil\n|\n|-heal|p1b: Rabsca|92\/100|[from] item: Leftovers\n|upkeep\n|turn|4\n|\n|t:|1700586021\n|-end|p2a: Iron Hands|Quark Drive|[silent]\n|switch|p2a: Heatran|Heatran, M, shiny|100\/100\n|move|p2b: Ogerpon|Spiky Shield|p2b: Ogerpon\n|-singleturn|p2b: Ogerpon|move: Protect\n|move|p1b: Rabsca|Energy Ball|p2a: Heatran\n|-resisted|p2a: Heatran\n|-damage|p2a: Heatran|96\/100\n|move|p1a: Clawitzer|Dragon Pulse|p2b: Ogerpon\n|-activate|p2b: Ogerpon|move: Protect\n|\n|-heal|p1b: Rabsca|98\/100|[from] item: Leftovers\n|-heal|p2a: Heatran|100\/100|[from] item: Leftovers\n|upkeep\n|turn|5\n|\n|t:|1700586031\n|move|p2a: Heatran|Protect|p2a: Heatran\n|-singleturn|p2a: Heatran|Protect\n|move|p1b: Rabsca|Revival Blessing|p1b: Rabsca\n|\n|t:|1700586035\n|-heal|p1: Golem|50\/100|[from] move: Revival Blessing\n|move|p1a: Clawitzer|Dragon Pulse|p2b: Ogerpon\n|-damage|p2b: Ogerpon|15\/100\n|-damage|p1a: Clawitzer|52\/100|[from] item: Life Orb\n|move|p2b: Ogerpon|Ivy Cudgel|p1b: Rabsca|[anim] Ivy Cudgel Water\n|-damage|p1b: Rabsca|34\/100\n|\n|-heal|p1b: Rabsca|41\/100|[from] item: Leftovers\n|-fieldend|move: Trick Room\n|upkeep\n|turn|6\n|\n|t:|1700586053\n|move|p2b: Ogerpon|Spiky Shield|p2b: Ogerpon\n|-singleturn|p2b: Ogerpon|move: Protect\n|move|p1b: Rabsca|Protect|p1b: Rabsca\n|-singleturn|p1b: Rabsca|Protect\n|move|p2a: Heatran|Heat Wave|p1b: Rabsca|[spread] p1a\n|-activate|p1b: Rabsca|move: Protect\n|-resisted|p1a: Clawitzer\n|-crit|p1a: Clawitzer\n|-damage|p1a: Clawitzer|25\/100\n|move|p1a: Clawitzer|Water Pulse|p2a: Heatran\n|-supereffective|p2a: Heatran\n|-damage|p2a: Heatran|0 fnt\n|faint|p2a: Heatran\n|-damage|p1a: Clawitzer|16\/100|[from] item: Life Orb\n|\n|-heal|p1b: Rabsca|47\/100|[from] item: Leftovers\n|upkeep\n|\n|t:|1700586061\n|switch|p2a: Flutter Mane|Flutter Mane|100\/100\n|turn|7\n|\n|t:|1700586076\n|switch|p1a: Clefairy|Clefairy, F|100\/100\n|switch|p1b: Iron Hands|Iron Hands|100\/100\n|-terastallize|p2a: Flutter Mane|Fairy\n|move|p2b: Ogerpon|Follow Me|p2b: Ogerpon\n|-singleturn|p2b: Ogerpon|move: Follow Me\n|move|p2a: Flutter Mane|Dazzling Gleam|p1a: Clefairy|[spread] p1a,p1b\n|-supereffective|p1b: Iron Hands\n|-damage|p1a: Clefairy|43\/100\n|-damage|p1b: Iron Hands|47\/100\n|\n|upkeep\n|turn|8\n|\n|t:|1700586094\n|move|p2b: Ogerpon|Spiky Shield|p2b: Ogerpon\n|-singleturn|p2b: Ogerpon|move: Protect\n|move|p1a: Clefairy|Protect|p1a: Clefairy\n|-singleturn|p1a: Clefairy|Protect\n|move|p1b: Iron Hands|Fake Out|p2b: Ogerpon\n|-activate|p2b: Ogerpon|move: Protect\n|-damage|p1b: Iron Hands|35\/100|[from] Spiky Shield|[of] p2b: Ogerpon\n|move|p2a: Flutter Mane|Dazzling Gleam|p1a: Clefairy|[spread] p1b\n|-activate|p1a: Clefairy|move: Protect\n|-supereffective|p1b: Iron Hands\n|-damage|p1b: Iron Hands|0 fnt\n|faint|p1b: Iron Hands\n|-end|p1b: Iron Hands|Quark Drive|[silent]\n|\n|upkeep\n|\n|t:|1700586101\n|switch|p1b: Rabsca|Rabsca, M|47\/100\n|turn|9\n|\n|t:|1700586113\n|move|p1a: Clefairy|Follow Me|p1a: Clefairy\n|-singleturn|p1a: Clefairy|move: Follow Me\n|move|p2a: Flutter Mane|Dazzling Gleam|p1a: Clefairy|[spread] p1a,p1b\n|-damage|p1a: Clefairy|0 fnt\n|-damage|p1b: Rabsca|13\/100\n|faint|p1a: Clefairy\n|move|p2b: Ogerpon|Horn Leech|p1b: Rabsca\n|-resisted|p1b: Rabsca\n|-damage|p1b: Rabsca|0 fnt\n|-heal|p2b: Ogerpon|22\/100|[from] drain|[of] p1b: Rabsca\n|faint|p1b: Rabsca\n|\n|upkeep\n|\n|t:|1700586123\n|switch|p1b: Golem|Golem-Alola, M|50\/100\n|switch|p1a: Sinistcha|Sinistcha-Masterpiece|100\/100\n|-heal|p1b: Golem|75\/100|[from] ability: Hospitality|[of] p1a: Sinistcha\n|turn|10\n|\n|t:|1700586135\n|-end|p2a: Flutter Mane|Protosynthesis|[silent]\n|switch|p2a: Landorus|Landorus-Therian, M|73\/100\n|-ability|p2a: Landorus|Intimidate|boost\n|-unboost|p1a: Sinistcha|atk|1\n|-unboost|p1b: Golem|atk|1\n|move|p2b: Ogerpon|Spiky Shield|p2b: Ogerpon\n|-singleturn|p2b: Ogerpon|move: Protect\n|move|p1a: Sinistcha|Rage Powder|p1a: Sinistcha\n|-singleturn|p1a: Sinistcha|move: Rage Powder\n|move|p1b: Golem|Explosion|p2b: Ogerpon|[spread] p1a\n|-activate|p2b: Ogerpon|move: Protect\n|-immune|p2a: Landorus\n|-resisted|p1a: Sinistcha\n|-damage|p1a: Sinistcha|66\/100\n|faint|p1b: Golem\n|\n|-heal|p1a: Sinistcha|72\/100|[from] item: Leftovers\n|upkeep\n|\n|t:|1700586142\n|switch|p1b: Clawitzer|Clawitzer, M, shiny, tera:Dragon|16\/100\n|turn|11\n|\n|t:|1700586163\n|move|p1a: Sinistcha|Rage Powder|p1a: Sinistcha\n|-singleturn|p1a: Sinistcha|move: Rage Powder\n|move|p2a: Landorus|Stomping Tantrum|p1a: Sinistcha\n|-resisted|p1a: Sinistcha\n|-damage|p1a: Sinistcha|56\/100\n|move|p2b: Ogerpon|Ivy Cudgel|p1b: Clawitzer|[anim] Ivy Cudgel Water\n|-resisted|p1b: Clawitzer\n|-crit|p1b: Clawitzer\n|-damage|p1b: Clawitzer|0 fnt\n|faint|p1b: Clawitzer\n|\n|-heal|p1a: Sinistcha|62\/100|[from] item: Leftovers\n|upkeep\n|turn|12\n|\n|t:|1700586173\n|switch|p2a: Iron Hands|Iron Hands|11\/100\n|move|p2b: Ogerpon|Ivy Cudgel|p1a: Sinistcha|[anim] Ivy Cudgel Water\n|-resisted|p1a: Sinistcha\n|-damage|p1a: Sinistcha|35\/100\n|move|p1a: Sinistcha|Matcha Gotcha|p2a: Iron Hands|[spread] p2b\n|-miss|p1a: Sinistcha|p2a: Iron Hands\n|-damage|p2b: Ogerpon|0 fnt\n|-heal|p1a: Sinistcha|46\/100|[from] drain|[of] p2b: Ogerpon\n|faint|p2b: Ogerpon\n|\n|-heal|p1a: Sinistcha|52\/100|[from] item: Leftovers\n|upkeep\n|\n|t:|1700586175\n|switch|p2b: Flutter Mane|Flutter Mane, tera:Fairy|100\/100\n|turn|13\n|\n|t:|1700586186\n|move|p2b: Flutter Mane|Shadow Ball|p1a: Sinistcha\n|-supereffective|p1a: Sinistcha\n|-damage|p1a: Sinistcha|0 fnt\n|faint|p1a: Sinistcha\n|\n|win|Chad bcuz\n|raw|RainyChill's rating: 1231 &rarr; <strong>1214<\/strong><br \/>(-17 for losing)\n|raw|Chad bcuz's rating: 1345 &rarr; <strong>1359<\/strong><br \/>(+14 for winning)\n|l|\u2606RainyChill\n","uploadtime":1700586194,"views":0,"p1id":"rainychill","p2id":"chadbcuz","formatid":"gen9doublesou","rating":1214,"private":0,"password":""}