{"id":"gen9doublesou-1994414341","p1":"bananaszn","p2":"Kuzwa","format":"[Gen 9] Doubles OU","log":"|j|\u2606bananaszn\n|j|\u2606Kuzwa\n|t:|1700441242\n|gametype|doubles\n|player|p1|bananaszn|teamrocket|1451\n|player|p2|Kuzwa|pokemonbreeder-gen4|1332\n|teamsize|p1|6\n|teamsize|p2|6\n|gen|9\n|tier|[Gen 9] Doubles OU\n|rated|\n|rule|Species Clause: Limit one of each Pok\u00e9mon\n|rule|OHKO Clause: OHKO moves are banned\n|rule|Evasion Moves Clause: Evasion moves are banned\n|rule|Gravity Sleep Clause: The combination of sleep-inducing moves with imperfect accuracy and Gravity or Gigantamax Orbeetle are banned\n|rule|Endless Battle Clause: Forcing endless battles is banned\n|rule|HP Percentage Mod: HP is shown in percentages\n|clearpoke\n|poke|p1|Scizor, F|\n|poke|p1|Tornadus, M|\n|poke|p1|Chien-Pao|\n|poke|p1|Iron Hands|\n|poke|p1|Volcanion|\n|poke|p1|Great Tusk|\n|poke|p2|Chi-Yu|\n|poke|p2|Torkoal, M|\n|poke|p2|Glimmora, M|\n|poke|p2|Gallade, M|\n|poke|p2|Cinderace, M|\n|poke|p2|Gardevoir, F|\n|teampreview\n|inactive|Battle timer is ON: inactive players will automatically lose when time's up. (requested by bananaszn)\n|\n|t:|1700441250\n|start\n|switch|p1a: YN Jay|Tornadus, M|100\/100\n|switch|p1b: Kawhi Leonard|Scizor, F|100\/100\n|switch|p2a: Strega|Glimmora, M|100\/100\n|switch|p2b: Nyx|Gardevoir, F, shiny|100\/100\n|-item|p2a: Strega|Air Balloon\n|turn|1\n|\n|t:|1700441270\n|move|p1a: YN Jay|Tailwind|p1a: YN Jay\n|-sidestart|p1: bananaszn|move: Tailwind\n|move|p1b: Kawhi Leonard|Bullet Punch|p2b: Nyx\n|-supereffective|p2b: Nyx\n|-damage|p2b: Nyx|0 fnt\n|faint|p2b: Nyx\n|move|p2a: Strega|Power Gem|p1a: YN Jay\n|-supereffective|p1a: YN Jay\n|-enditem|p1a: YN Jay|Focus Sash\n|-damage|p1a: YN Jay|1\/100\n|\n|upkeep\n|\n|t:|1700441281\n|switch|p2b: Makoto Yuki|Gallade, M|100\/100\n|turn|2\n|\n|t:|1700441294\n|move|p1b: Kawhi Leonard|Bullet Punch|p2a: Strega\n|-supereffective|p2a: Strega\n|-damage|p2a: Strega|0 fnt\n|-activate|p2a: Strega|ability: Toxic Debris\n|-sidestart|p1: bananaszn|move: Toxic Spikes\n|-enditem|p2a: Strega|Air Balloon\n|faint|p2a: Strega\n|move|p1a: YN Jay|Bleakwind Storm|p2b: Makoto Yuki|[miss]\n|-miss|p1a: YN Jay|p2b: Makoto Yuki\n|move|p2b: Makoto Yuki|Trick Room|p2b: Makoto Yuki\n|-fieldstart|move: Trick Room|[of] p2b: Makoto Yuki\n|\n|upkeep\n|\n|t:|1700441302\n|switch|p2a: Tortissed|Torkoal, M|100\/100\n|-weather|SunnyDay|[from] ability: Drought|[of] p2a: Tortissed\n|turn|3\n|\n|t:|1700441314\n|move|p1a: YN Jay|Protect|p1a: YN Jay\n|-singleturn|p1a: YN Jay|Protect\n|move|p1b: Kawhi Leonard|Bullet Punch|p2a: Tortissed\n|-resisted|p2a: Tortissed\n|-damage|p2a: Tortissed|81\/100\n|move|p2a: Tortissed|Eruption|p1a: YN Jay|[spread] p1b\n|-activate|p1a: YN Jay|move: Protect\n|-supereffective|p1b: Kawhi Leonard\n|-damage|p1b: Kawhi Leonard|0 fnt\n|faint|p1b: Kawhi Leonard\n|move|p2b: Makoto Yuki|Sacred Sword|p1a: YN Jay\n|-activate|p1a: YN Jay|move: Protect\n|\n|-weather|SunnyDay|[upkeep]\n|upkeep\n|\n|t:|1700441332\n|switch|p1b: Druski|Iron Hands|100\/100\n|-status|p1b: Druski|psn\n|turn|4\n|\n|t:|1700441341\n|move|p1b: Druski|Fake Out|p2a: Tortissed\n|-crit|p2a: Tortissed\n|-damage|p2a: Tortissed|64\/100\n|move|p1a: YN Jay|Taunt|p2b: Makoto Yuki\n|-start|p2b: Makoto Yuki|move: Taunt\n|cant|p2a: Tortissed|flinch\n|move|p2b: Makoto Yuki|Solar Blade||[still]\n|-prepare|p2b: Makoto Yuki|Solar Blade\n|-anim|p2b: Makoto Yuki|Solar Blade|p1b: Druski\n|-damage|p1b: Druski|55\/100 psn\n|\n|-weather|SunnyDay|[upkeep]\n|-damage|p1b: Druski|42\/100 psn|[from] psn\n|-sideend|p1: bananaszn|move: Tailwind\n|upkeep\n|turn|5\n|\n|t:|1700441358\n|move|p1a: YN Jay|Protect|p1a: YN Jay\n|-singleturn|p1a: YN Jay|Protect\n|move|p2a: Tortissed|Eruption|p1b: Druski|[spread] p1b\n|-activate|p1a: YN Jay|move: Protect\n|-damage|p1b: Druski|20\/100 psn\n|move|p1b: Druski|Close Combat|p2a: Tortissed\n|-damage|p2a: Tortissed|5\/100\n|-unboost|p1b: Druski|def|1\n|-unboost|p1b: Druski|spd|1\n|move|p2b: Makoto Yuki|Solar Blade||[still]\n|-prepare|p2b: Makoto Yuki|Solar Blade\n|-anim|p2b: Makoto Yuki|Solar Blade|p1b: Druski\n|-damage|p1b: Druski|0 fnt\n|faint|p1b: Druski\n|-end|p1b: Druski|Quark Drive|[silent]\n|\n|-weather|SunnyDay|[upkeep]\n|upkeep\n|\n|t:|1700441372\n|switch|p1b: Volcanion|Volcanion|100\/100\n|-status|p1b: Volcanion|psn\n|turn|6\n|\n|t:|1700441388\n|switch|p1a: Great Tusk|Great Tusk|100\/100\n|-status|p1a: Great Tusk|psn\n|-activate|p1a: Great Tusk|ability: Protosynthesis\n|-start|p1a: Great Tusk|protosynthesisatk\n|move|p2a: Tortissed|Solar Beam||[still]\n|-prepare|p2a: Tortissed|Solar Beam\n|-anim|p2a: Tortissed|Solar Beam|p1b: Volcanion\n|-damage|p1b: Volcanion|64\/100 psn\n|move|p2b: Makoto Yuki|Solar Blade||[still]\n|-prepare|p2b: Makoto Yuki|Solar Blade\n|-anim|p2b: Makoto Yuki|Solar Blade|p1b: Volcanion\n|-damage|p1b: Volcanion|12\/100 psn\n|move|p1b: Volcanion|Heat Wave|p2a: Tortissed|[spread] p2a,p2b\n|-resisted|p2a: Tortissed\n|-damage|p2a: Tortissed|0 fnt\n|-damage|p2b: Makoto Yuki|49\/100\n|faint|p2a: Tortissed\n|\n|-weather|SunnyDay|[upkeep]\n|-heal|p1b: Volcanion|18\/100 psn|[from] item: Leftovers\n|-damage|p1b: Volcanion|5\/100 psn|[from] psn\n|-damage|p1a: Great Tusk|88\/100 psn|[from] psn\n|-end|p2b: Makoto Yuki|move: Taunt\n|-fieldend|move: Trick Room\n|upkeep\n|\n|t:|1700441401\n|switch|p2a: Mortissed|Cinderace, M|100\/100\n|turn|7\n|\n|t:|1700441412\n|move|p2a: Mortissed|Trailblaze|p1b: Volcanion\n|-damage|p1b: Volcanion|0 fnt\n|-boost|p2a: Mortissed|spe|1\n|faint|p1b: Volcanion\n|move|p1a: Great Tusk|Headlong Rush|p2b: Makoto Yuki\n|-damage|p2b: Makoto Yuki|0 fnt\n|-unboost|p1a: Great Tusk|def|1\n|-unboost|p1a: Great Tusk|spd|1\n|faint|p2b: Makoto Yuki\n|\n|-weather|SunnyDay|[upkeep]\n|-damage|p1a: Great Tusk|76\/100 psn|[from] psn\n|upkeep\n|\n|t:|1700441422\n|switch|p1b: YN Jay|Tornadus, M|1\/100\n|switch|p2b: Ryoji Mochizuki|Chi-Yu|100\/100\n|-ability|p2b: Ryoji Mochizuki|Beads of Ruin\n|turn|8\n|\n|t:|1700441434\n|-terastallize|p2b: Ryoji Mochizuki|Water\n|-terastallize|p1a: Great Tusk|Ground\n|move|p1b: YN Jay|Tailwind|p1b: YN Jay\n|-sidestart|p1: bananaszn|move: Tailwind\n|move|p2a: Mortissed|Trailblaze|p1b: YN Jay\n|-resisted|p1b: YN Jay\n|-damage|p1b: YN Jay|0 fnt\n|-boost|p2a: Mortissed|spe|1\n|faint|p1b: YN Jay\n|move|p1a: Great Tusk|Headlong Rush|p2b: Ryoji Mochizuki\n|-damage|p2b: Ryoji Mochizuki|0 fnt\n|-unboost|p1a: Great Tusk|def|1\n|-unboost|p1a: Great Tusk|spd|1\n|faint|p2b: Ryoji Mochizuki\n|\n|-weather|SunnyDay|[upkeep]\n|-damage|p1a: Great Tusk|63\/100 psn|[from] psn\n|upkeep\n|\n|t:|1700441447\n|switch|p1b: Iggy Azalea|Chien-Pao|100\/100\n|-status|p1b: Iggy Azalea|psn\n|-ability|p1b: Iggy Azalea|Sword of Ruin\n|turn|9\n|\n|t:|1700441453\n|move|p1b: Iggy Azalea|Sacred Sword|p2a: Mortissed\n|-damage|p2a: Mortissed|26\/100\n|-damage|p1b: Iggy Azalea|91\/100 psn|[from] item: Life Orb\n|move|p2a: Mortissed|Pyro Ball|p1b: Iggy Azalea\n|-supereffective|p1b: Iggy Azalea\n|-damage|p1b: Iggy Azalea|0 fnt\n|faint|p1b: Iggy Azalea\n|move|p1a: Great Tusk|Headlong Rush|p2a: Mortissed\n|-supereffective|p2a: Mortissed\n|-damage|p2a: Mortissed|0 fnt\n|-unboost|p1a: Great Tusk|def|1\n|-unboost|p1a: Great Tusk|spd|1\n|faint|p2a: Mortissed\n|\n|win|bananaszn\n|raw|bananaszn's rating: 1451 &rarr; <strong>1464<\/strong><br \/>(+13 for winning)\n|raw|Kuzwa's rating: 1332 &rarr; <strong>1319<\/strong><br \/>(-13 for losing)\n|l|\u2606Kuzwa\n","uploadtime":1700441465,"views":4,"p1id":"bananaszn","p2id":"kuzwa","formatid":"gen9doublesou","rating":1319,"private":0,"password":""}