{"id":"gen9doublesou-1986004956","p1":"Cuty flam","p2":"TOXIC_A7","format":"[Gen 9] Doubles OU","log":"|j|\u2606Cuty flam\n|j|\u2606TOXIC_A7\n|t:|1699437329\n|gametype|doubles\n|player|p1|Cuty flam|linebacker|1072\n|player|p2|TOXIC_A7|volo|1110\n|teamsize|p1|6\n|teamsize|p2|6\n|gen|9\n|tier|[Gen 9] Doubles OU\n|rated|\n|rule|Species Clause: Limit one of each Pok\u00e9mon\n|rule|OHKO Clause: OHKO moves are banned\n|rule|Evasion Moves Clause: Evasion moves are banned\n|rule|Gravity Sleep Clause: The combination of sleep-inducing moves with imperfect accuracy and Gravity or Gigantamax Orbeetle are banned\n|rule|Endless Battle Clause: Forcing endless battles is banned\n|rule|HP Percentage Mod: HP is shown in percentages\n|clearpoke\n|poke|p1|Grafaiai, M|\n|poke|p1|Palafin, M|\n|poke|p1|Arcanine-Hisui, F|\n|poke|p1|Flutter Mane|\n|poke|p1|Iron Hands|\n|poke|p1|Kingambit, F|\n|poke|p2|Grimmsnarl, M|\n|poke|p2|Volcarona, M|\n|poke|p2|Cetitan, F|\n|poke|p2|Amoonguss, M|\n|poke|p2|Hydreigon, F|\n|poke|p2|Dragonite, M|\n|teampreview\n|inactive|Battle timer is ON: inactive players will automatically lose when time's up. (requested by Cuty flam)\n|\n|t:|1699437335\n|start\n|switch|p1a: Grafaiai|Grafaiai, M|100\/100\n|switch|p1b: Palafin|Palafin, M|100\/100\n|switch|p2a: Grimmsnarl|Grimmsnarl, M, shiny|100\/100\n|switch|p2b: Dragonite|Dragonite, M, shiny|100\/100\n|turn|1\n|\n|t:|1699437349\n|detailschange|p1b: Palafin|Palafin-Hero, M\n|switch|p1b: Arcanine|Arcanine-Hisui, F|100\/100\n|move|p1a: Grafaiai|Sunny Day|p1a: Grafaiai\n|-weather|SunnyDay\n|move|p2a: Grimmsnarl|Reflect|p2a: Grimmsnarl\n|-sidestart|p2: TOXIC_A7|Reflect\n|move|p2b: Dragonite|Dragon Dance|p2b: Dragonite\n|-boost|p2b: Dragonite|atk|1\n|-boost|p2b: Dragonite|spe|1\n|\n|-weather|SunnyDay|[upkeep]\n|upkeep\n|turn|2\n|\n|t:|1699437367\n|move|p1a: Grafaiai|Encore|p2b: Dragonite\n|-start|p2b: Dragonite|Encore\n|move|p2a: Grimmsnarl|Light Screen|p2a: Grimmsnarl\n|-sidestart|p2: TOXIC_A7|move: Light Screen\n|move|p1b: Arcanine|Head Smash|p2b: Dragonite\n|-supereffective|p2b: Dragonite\n|-damage|p2b: Dragonite|12\/100\n|move|p2b: Dragonite|Dragon Dance|p2b: Dragonite\n|-boost|p2b: Dragonite|atk|1\n|-boost|p2b: Dragonite|spe|1\n|\n|-weather|SunnyDay|[upkeep]\n|-heal|p2b: Dragonite|18\/100|[from] item: Leftovers\n|upkeep\n|turn|3\n|inactive|TOXIC_A7 has 120 seconds left.\n|\n|t:|1699437399\n|move|p1a: Grafaiai|Toxic|p2b: Dragonite\n|-status|p2b: Dragonite|tox\n|move|p2a: Grimmsnarl|Thunder Wave|p1b: Arcanine\n|-status|p1b: Arcanine|par\n|move|p2b: Dragonite|Dragon Dance|p2b: Dragonite\n|-boost|p2b: Dragonite|atk|1\n|-boost|p2b: Dragonite|spe|1\n|move|p1b: Arcanine|Flare Blitz|p2a: Grimmsnarl\n|-damage|p2a: Grimmsnarl|49\/100\n|\n|-weather|SunnyDay|[upkeep]\n|-heal|p2b: Dragonite|24\/100 tox|[from] item: Leftovers\n|-damage|p2b: Dragonite|18\/100 tox|[from] psn\n|upkeep\n|turn|4\n|\n|t:|1699437424\n|move|p1a: Grafaiai|Protect|p1a: Grafaiai\n|-singleturn|p1a: Grafaiai|Protect\n|move|p1b: Arcanine|Extreme Speed|p2a: Grimmsnarl\n|-damage|p2a: Grimmsnarl|34\/100\n|move|p2a: Grimmsnarl|Thunder Wave|p1a: Grafaiai\n|-activate|p1a: Grafaiai|move: Protect\n|move|p2b: Dragonite|Dragon Dance|p2b: Dragonite\n|-boost|p2b: Dragonite|atk|1\n|-boost|p2b: Dragonite|spe|1\n|\n|-weather|SunnyDay|[upkeep]\n|-heal|p2b: Dragonite|24\/100 tox|[from] item: Leftovers\n|-damage|p2b: Dragonite|12\/100 tox|[from] psn\n|-end|p2b: Dragonite|Encore\n|upkeep\n|turn|5\n|\n|t:|1699437445\n|-terastallize|p2b: Dragonite|Normal\n|move|p2b: Dragonite|Extreme Speed|p1a: Grafaiai\n|-enditem|p1a: Grafaiai|Focus Sash\n|-damage|p1a: Grafaiai|1\/100\n|move|p1a: Grafaiai|Encore|p2b: Dragonite\n|-start|p2b: Dragonite|Encore\n|move|p2a: Grimmsnarl|Reflect||[still]\n|-fail|p2a: Grimmsnarl\n|move|p1b: Arcanine|Flare Blitz|p2a: Grimmsnarl\n|-damage|p2a: Grimmsnarl|0 fnt\n|faint|p2a: Grimmsnarl\n|\n|-weather|none\n|-heal|p2b: Dragonite|18\/100 tox|[from] item: Leftovers\n|-damage|p2b: Dragonite|0 fnt|[from] psn\n|faint|p2b: Dragonite\n|upkeep\n|inactive|TOXIC_A7 has 120 seconds left.\n|l|\u2606TOXIC_A7\n|inactive|TOXIC_A7 disconnected and has a minute to reconnect!\n|player|p2|\n|inactive|TOXIC_A7 has 30 seconds to reconnect!\n|inactive|TOXIC_A7 has 20 seconds to reconnect!\n|inactive|TOXIC_A7 has 15 seconds to reconnect!\n|inactive|TOXIC_A7 has 10 seconds to reconnect!\n|inactive|TOXIC_A7 has 5 seconds to reconnect!\n|-message|TOXIC_A7 lost due to inactivity.\n|\n|win|Cuty flam\n|raw|Cuty flam's rating: 1072 &rarr; <strong>1104<\/strong><br \/>(+32 for winning)\n|raw|TOXIC_A7's rating: 1110 &rarr; <strong>1082<\/strong><br \/>(-28 for losing)\n","uploadtime":1699437528,"views":18,"p1id":"cutyflam","p2id":"toxica7","formatid":"gen9doublesou","rating":1082,"private":0,"password":""}