{"id":"gen9doublesou-1990755364","p1":"ButWhyThough_2","p2":"kitsu-aria","format":"[Gen 9] Doubles OU","log":"|j|\u2606ButWhyThough_2\n|j|\u2606kitsu-aria\n|t:|1699997799\n|gametype|doubles\n|player|p1|ButWhyThough_2|hilbert|1602\n|player|p2|kitsu-aria|roxie|1715\n|teamsize|p1|6\n|teamsize|p2|6\n|gen|9\n|tier|[Gen 9] Doubles OU\n|rated|\n|rule|Species Clause: Limit one of each Pok\u00e9mon\n|rule|OHKO Clause: OHKO moves are banned\n|rule|Evasion Moves Clause: Evasion moves are banned\n|rule|Gravity Sleep Clause: The combination of sleep-inducing moves with imperfect accuracy and Gravity or Gigantamax Orbeetle are banned\n|rule|Endless Battle Clause: Forcing endless battles is banned\n|rule|HP Percentage Mod: HP is shown in percentages\n|clearpoke\n|poke|p1|Chi-Yu|\n|poke|p1|Iron Hands|\n|poke|p1|Kingambit, F|\n|poke|p1|Ogerpon-Hearthflame, F|\n|poke|p1|Flutter Mane|\n|poke|p1|Landorus-Therian, M|\n|poke|p2|Dondozo, F|\n|poke|p2|Cresselia, F|\n|poke|p2|Ursaluna-Bloodmoon, M|\n|poke|p2|Heatran, M|\n|poke|p2|Kingambit, F|\n|poke|p2|Sinistcha|\n|teampreview\n|\n|t:|1699997808\n|start\n|switch|p1a: Landorus|Landorus-Therian, M|100\/100\n|switch|p1b: Othermeta|Chi-Yu|100\/100\n|switch|p2a: Ursaluna|Ursaluna-Bloodmoon, M|100\/100\n|switch|p2b: Kingambit|Kingambit, F|100\/100\n|-ability|p1a: Landorus|Intimidate|boost\n|-unboost|p2a: Ursaluna|atk|1\n|-unboost|p2b: Kingambit|atk|1\n|-ability|p2b: Kingambit|Defiant|boost\n|-boost|p2b: Kingambit|atk|2\n|-ability|p1b: Othermeta|Beads of Ruin\n|turn|1\n|\n|t:|1699997817\n|move|p2b: Kingambit|Protect|p2b: Kingambit\n|-singleturn|p2b: Kingambit|Protect\n|move|p1a: Landorus|Rock Slide|p2b: Kingambit|[spread] p2a\n|-activate|p2b: Kingambit|move: Protect\n|-resisted|p2a: Ursaluna\n|-damage|p2a: Ursaluna|94\/100\n|move|p1b: Othermeta|Snarl|p2b: Kingambit|[spread] p2a\n|-activate|p2b: Kingambit|move: Protect\n|-damage|p2a: Ursaluna|63\/100\n|-unboost|p2a: Ursaluna|spa|1\n|move|p2a: Ursaluna|Blood Moon|p1b: Othermeta\n|-damage|p1b: Othermeta|67\/100\n|\n|upkeep\n|turn|2\n|\n|t:|1699997845\n|move|p2a: Ursaluna|Protect|p2a: Ursaluna\n|-singleturn|p2a: Ursaluna|Protect\n|move|p2b: Kingambit|Sucker Punch|p1a: Landorus\n|-damage|p1a: Landorus|14\/100\n|move|p1a: Landorus|Rock Slide|p2a: Ursaluna|[spread] p2b\n|-activate|p2a: Ursaluna|move: Protect\n|-resisted|p2b: Kingambit\n|-damage|p2b: Kingambit|93\/100\n|move|p1b: Othermeta|Heat Wave|p2a: Ursaluna|[spread] p2b\n|-activate|p2a: Ursaluna|move: Protect\n|-supereffective|p2b: Kingambit\n|-damage|p2b: Kingambit|7\/100\n|\n|upkeep\n|turn|3\n|\n|t:|1699997866\n|switch|p1a: Flutter Mane|Flutter Mane|100\/100\n|-enditem|p1a: Flutter Mane|Booster Energy\n|-activate|p1a: Flutter Mane|ability: Protosynthesis|[fromitem]\n|-start|p1a: Flutter Mane|protosynthesisspe\n|move|p2b: Kingambit|Protect|p2b: Kingambit\n|-singleturn|p2b: Kingambit|Protect\n|move|p1b: Othermeta|Heat Wave|p2b: Kingambit|[spread] p2a\n|-activate|p2b: Kingambit|move: Protect\n|-damage|p2a: Ursaluna|12\/100\n|move|p2a: Ursaluna|Earth Power|p1b: Othermeta\n|-supereffective|p1b: Othermeta\n|-damage|p1b: Othermeta|29\/100\n|\n|upkeep\n|turn|4\n|\n|t:|1699997891\n|switch|p1b: Ogerpon|Ogerpon-Hearthflame, F|100\/100\n|-ability|p1b: Ogerpon|Mold Breaker\n|switch|p2a: Heatran|Heatran, M, shiny|100\/100\n|move|p2b: Kingambit|Sucker Punch|p1a: Flutter Mane\n|-damage|p1a: Flutter Mane|0 fnt\n|faint|p1a: Flutter Mane\n|-end|p1a: Flutter Mane|Protosynthesis|[silent]\n|\n|upkeep\n|\n|t:|1699997900\n|switch|p1a: Kingambit|Kingambit, F|100\/100\n|turn|5\n|\n|t:|1699997907\n|move|p1a: Kingambit|Sucker Punch|p2b: Kingambit\n|-resisted|p2b: Kingambit\n|-damage|p2b: Kingambit|0 fnt\n|faint|p2b: Kingambit\n|move|p1b: Ogerpon|Swords Dance|p1b: Ogerpon\n|-boost|p1b: Ogerpon|atk|2\n|move|p2a: Heatran|Heat Wave|p1b: Ogerpon|[spread] p1a\n|-miss|p2a: Heatran|p1b: Ogerpon\n|-supereffective|p1a: Kingambit\n|-damage|p1a: Kingambit|31\/100\n|\n|upkeep\n|\n|t:|1699997918\n|switch|p2b: Sinistcha|Sinistcha|100\/100\n|turn|6\n|\n|t:|1699997939\n|switch|p1a: Landorus|Landorus-Therian, M|14\/100\n|-ability|p1a: Landorus|Intimidate|boost\n|-unboost|p2a: Heatran|atk|1\n|-unboost|p2b: Sinistcha|atk|1\n|move|p2b: Sinistcha|Rage Powder|p2b: Sinistcha\n|-singleturn|p2b: Sinistcha|move: Rage Powder\n|move|p1b: Ogerpon|Ivy Cudgel|p2a: Heatran|[anim] Ivy Cudgel Fire\n|-crit|p2a: Heatran\n|-damage|p2a: Heatran|0 fnt\n|faint|p2a: Heatran\n|\n|upkeep\n|\n|t:|1699997956\n|switch|p2a: Cresselia|Cresselia, F|100\/100\n|turn|7\n|\n|t:|1699997963\n|move|p1a: Landorus|Rock Slide|p2b: Sinistcha|[spread] p2a,p2b\n|-damage|p2a: Cresselia|85\/100\n|-damage|p2b: Sinistcha|85\/100\n|move|p1b: Ogerpon|Ivy Cudgel|p2b: Sinistcha|[anim] Ivy Cudgel Fire\n|-supereffective|p2b: Sinistcha\n|-damage|p2b: Sinistcha|0 fnt\n|faint|p2b: Sinistcha\n|move|p2a: Cresselia|Trick Room|p2a: Cresselia\n|-fieldstart|move: Trick Room|[of] p2a: Cresselia\n|\n|upkeep\n|\n|t:|1699997969\n|switch|p2b: Ursaluna|Ursaluna-Bloodmoon, M|12\/100\n|turn|8\n|\n|t:|1699997975\n|move|p1b: Ogerpon|Spiky Shield|p1b: Ogerpon\n|-singleturn|p1b: Ogerpon|move: Protect\n|move|p2b: Ursaluna|Blood Moon|p1b: Ogerpon\n|-activate|p1b: Ogerpon|move: Protect\n|move|p2a: Cresselia|Lunar Blessing|p2a: Cresselia|[spread] p2a,p2b\n|-heal|p2a: Cresselia|100\/100\n|-heal|p2b: Ursaluna|37\/100\n|move|p1a: Landorus|Rock Slide|p2b: Ursaluna|[spread] p2a,p2b\n|-resisted|p2b: Ursaluna\n|-damage|p2a: Cresselia|86\/100\n|-damage|p2b: Ursaluna|29\/100\n|\n|upkeep\n|turn|9\n|\n|t:|1699997992\n|move|p2b: Ursaluna|Hyper Voice|p1a: Landorus|[spread] p1a,p1b\n|-damage|p1a: Landorus|0 fnt\n|-damage|p1b: Ogerpon|48\/100\n|faint|p1a: Landorus\n|move|p2a: Cresselia|Lunar Blessing|p2a: Cresselia|[spread] p2a,p2b\n|-heal|p2a: Cresselia|100\/100\n|-heal|p2b: Ursaluna|54\/100\n|move|p1b: Ogerpon|Horn Leech|p2b: Ursaluna\n|-supereffective|p2b: Ursaluna\n|-damage|p2b: Ursaluna|0 fnt\n|-heal|p1b: Ogerpon|86\/100|[from] drain|[of] p2b: Ursaluna\n|faint|p2b: Ursaluna\n|\n|upkeep\n|\n|t:|1699998003\n|switch|p2b: The Don|Dondozo, F|100\/100\n|switch|p1a: Iron Hands|Iron Hands|100\/100\n|turn|10\n|\n|t:|1699998019\n|move|p1b: Ogerpon|Spiky Shield|p1b: Ogerpon\n|-singleturn|p1b: Ogerpon|move: Protect\n|move|p2a: Cresselia|Ally Switch|p2a: Cresselia\n|swap|p2a: Cresselia|1|[from] move: Ally Switch\n|move|p2a: The Don|Curse|p2a: The Don\n|-unboost|p2a: The Don|spe|1\n|-boost|p2a: The Don|atk|1\n|-boost|p2a: The Don|def|1\n|move|p1a: Iron Hands|Wild Charge|p2b: Cresselia\n|-damage|p2b: Cresselia|60\/100\n|-damage|p1a: Iron Hands|90\/100|[from] Recoil\n|\n|upkeep\n|turn|11\n|\n|t:|1699998035\n|-terastallize|p2a: The Don|Dragon\n|move|p2a: The Don|Curse|p2a: The Don\n|-unboost|p2a: The Don|spe|1\n|-boost|p2a: The Don|atk|1\n|-boost|p2a: The Don|def|1\n|move|p1a: Iron Hands|Wild Charge|p2a: The Don\n|-resisted|p2a: The Don\n|-damage|p2a: The Don|94\/100\n|-damage|p1a: Iron Hands|89\/100|[from] Recoil\n|move|p2b: Cresselia|Lunar Blessing|p2b: Cresselia|[spread] p2a,p2b\n|-heal|p2a: The Don|100\/100\n|-heal|p2b: Cresselia|85\/100\n|move|p1b: Ogerpon|Horn Leech|p2a: The Don\n|-resisted|p2a: The Don\n|-crit|p2a: The Don\n|-damage|p2a: The Don|73\/100\n|-heal|p1b: Ogerpon|100\/100|[from] drain|[of] p2a: The Don\n|\n|-heal|p2a: The Don|79\/100|[from] item: Leftovers\n|-fieldend|move: Trick Room\n|upkeep\n|turn|12\n|\n|t:|1699998055\n|move|p1b: Ogerpon|Ivy Cudgel|p2a: The Don|[anim] Ivy Cudgel Fire\n|-resisted|p2a: The Don\n|-damage|p2a: The Don|67\/100\n|move|p1a: Iron Hands|Drain Punch|p2a: The Don\n|-damage|p2a: The Don|56\/100\n|-heal|p1a: Iron Hands|94\/100|[from] drain|[of] p2a: The Don\n|move|p2a: The Don|Liquidation|p1b: Ogerpon\n|-damage|p1b: Ogerpon|26\/100\n|move|p2b: Cresselia|Trick Room|p2b: Cresselia\n|-fieldstart|move: Trick Room|[of] p2b: Cresselia\n|\n|-heal|p2a: The Don|63\/100|[from] item: Leftovers\n|upkeep\n|turn|13\n|inactive|Battle timer is ON: inactive players will automatically lose when time's up. (requested by kitsu-aria)\n|\n|t:|1699998117\n|move|p1b: Ogerpon|Spiky Shield|p1b: Ogerpon\n|-singleturn|p1b: Ogerpon|move: Protect\n|move|p2a: The Don|Curse|p2a: The Don\n|-unboost|p2a: The Don|spe|1\n|-boost|p2a: The Don|atk|1\n|-boost|p2a: The Don|def|1\n|move|p1a: Iron Hands|Drain Punch|p2a: The Don\n|-damage|p2a: The Don|54\/100\n|-heal|p1a: Iron Hands|99\/100|[from] drain|[of] p2a: The Don\n|move|p2b: Cresselia|Psychic|p1b: Ogerpon\n|-activate|p1b: Ogerpon|move: Protect\n|\n|-heal|p2a: The Don|60\/100|[from] item: Leftovers\n|upkeep\n|turn|14\n|\n|t:|1699998130\n|move|p2a: The Don|Liquidation|p1b: Ogerpon\n|-damage|p1b: Ogerpon|0 fnt\n|faint|p1b: Ogerpon\n|move|p1a: Iron Hands|Drain Punch|p2a: The Don\n|-damage|p2a: The Don|51\/100\n|-heal|p1a: Iron Hands|100\/100|[from] drain|[of] p2a: The Don\n|move|p2b: Cresselia|Lunar Blessing|p2b: Cresselia|[spread] p2a,p2b\n|-heal|p2a: The Don|76\/100\n|-heal|p2b: Cresselia|100\/100\n|\n|-heal|p2a: The Don|82\/100|[from] item: Leftovers\n|upkeep\n|\n|t:|1699998138\n|switch|p1b: Kingambit|Kingambit, F|31\/100\n|turn|15\n|\n|t:|1699998147\n|move|p2a: The Don|Body Press|p1b: Kingambit\n|-supereffective|p1b: Kingambit\n|-damage|p1b: Kingambit|0 fnt\n|faint|p1b: Kingambit\n|move|p1a: Iron Hands|Drain Punch|p2a: The Don\n|-damage|p2a: The Don|75\/100\n|move|p2b: Cresselia|Psychic|p1a: Iron Hands\n|-supereffective|p1a: Iron Hands\n|-damage|p1a: Iron Hands|59\/100\n|\n|-heal|p2a: The Don|81\/100|[from] item: Leftovers\n|upkeep\n|\n|t:|1699998152\n|switch|p1b: Othermeta|Chi-Yu|29\/100\n|-ability|p1b: Othermeta|Beads of Ruin\n|turn|16\n|\n|t:|1699998157\n|move|p2a: The Don|Body Press|p1b: Othermeta\n|-supereffective|p1b: Othermeta\n|-damage|p1b: Othermeta|0 fnt\n|faint|p1b: Othermeta\n|move|p1a: Iron Hands|Drain Punch|p2a: The Don\n|-damage|p2a: The Don|72\/100\n|-heal|p1a: Iron Hands|64\/100|[from] drain|[of] p2a: The Don\n|move|p2b: Cresselia|Psychic|p1a: Iron Hands\n|-supereffective|p1a: Iron Hands\n|-damage|p1a: Iron Hands|23\/100\n|-enditem|p1a: Iron Hands|Sitrus Berry|[eat]\n|-heal|p1a: Iron Hands|48\/100|[from] item: Sitrus Berry\n|\n|-heal|p2a: The Don|78\/100|[from] item: Leftovers\n|-fieldend|move: Trick Room\n|upkeep\n|turn|17\n|\n|t:|1699998165\n|move|p2b: Cresselia|Psychic|p1a: Iron Hands\n|-supereffective|p1a: Iron Hands\n|-damage|p1a: Iron Hands|8\/100\n|move|p1a: Iron Hands|Wild Charge|p2a: The Don\n|-resisted|p2a: The Don\n|-damage|p2a: The Don|74\/100\n|-damage|p1a: Iron Hands|6\/100|[from] Recoil\n|move|p2a: The Don|Liquidation|p1a: Iron Hands\n|-damage|p1a: Iron Hands|0 fnt\n|faint|p1a: Iron Hands\n|-end|p1a: Iron Hands|Quark Drive|[silent]\n|\n|win|kitsu-aria\n|raw|ButWhyThough_2's rating: 1602 &rarr; <strong>1588<\/strong><br \/>(-14 for losing)\n|raw|kitsu-aria's rating: 1715 &rarr; <strong>1729<\/strong><br \/>(+14 for winning)\n|l|\u2606ButWhyThough_2\n","uploadtime":1699998185,"views":24,"p1id":"butwhythough2","p2id":"kitsuaria","formatid":"gen9doublesou","rating":1588,"private":0,"password":""}