{"id":"gen9doublesou-1998215911","p1":"Think2Ice","p2":"1Asiate","format":"[Gen 9] Doubles OU","log":"|j|\u2606Think2Ice\n|j|\u26061Asiate\n|t:|1700914237\n|gametype|doubles\n|player|p1|Think2Ice|volkner|1371\n|player|p2|1Asiate|cynthia|1297\n|teamsize|p1|6\n|teamsize|p2|6\n|gen|9\n|tier|[Gen 9] Doubles OU\n|rated|\n|rule|Species Clause: Limit one of each Pok\u00e9mon\n|rule|OHKO Clause: OHKO moves are banned\n|rule|Evasion Moves Clause: Evasion moves are banned\n|rule|Gravity Sleep Clause: The combination of sleep-inducing moves with imperfect accuracy and Gravity or Gigantamax Orbeetle are banned\n|rule|Endless Battle Clause: Forcing endless battles is banned\n|rule|HP Percentage Mod: HP is shown in percentages\n|clearpoke\n|poke|p1|Torkoal, M|\n|poke|p1|Charizard, M|\n|poke|p1|Tornadus, M|\n|poke|p1|Grimmsnarl, M|\n|poke|p1|Chi-Yu|\n|poke|p1|Walking Wake|\n|poke|p2|Lilligant-Hisui, F|\n|poke|p2|Torkoal, F|\n|poke|p2|Iron Hands|\n|poke|p2|Walking Wake|\n|poke|p2|Arcanine-Hisui, M|\n|poke|p2|Farigiraf, F|\n|teampreview\n|inactive|Battle timer is ON: inactive players will automatically lose when time's up. (requested by Think2Ice)\n|\n|t:|1700914250\n|start\n|switch|p1a: Tornadus|Tornadus, M|100\/100\n|switch|p1b: Walking Wake|Walking Wake|100\/100\n|switch|p2a: The Nuke|Torkoal, F, shiny|100\/100\n|switch|p2b: Neck|Farigiraf, F|100\/100\n|-weather|SunnyDay|[from] ability: Drought|[of] p2a: The Nuke\n|-activate|p1b: Walking Wake|ability: Protosynthesis\n|-start|p1b: Walking Wake|protosynthesisspa\n|turn|1\n|\n|t:|1700914266\n|switch|p2a: Catch these|Iron Hands|100\/100\n|move|p1a: Tornadus|Tailwind|p1a: Tornadus\n|-sidestart|p1: Think2Ice|move: Tailwind\n|move|p1b: Walking Wake|Hydro Steam|p2a: Catch these\n|-damage|p2a: Catch these|52\/100\n|move|p2b: Neck|Trick Room|p2b: Neck\n|-fieldstart|move: Trick Room|[of] p2b: Neck\n|\n|-weather|SunnyDay|[upkeep]\n|upkeep\n|turn|2\n|\n|t:|1700914286\n|-end|p1b: Walking Wake|Protosynthesis|[silent]\n|switch|p1b: Grimmsnarl|Grimmsnarl, M|100\/100\n|move|p2a: Catch these|Drain Punch|p1b: Grimmsnarl\n|-damage|p1b: Grimmsnarl|48\/100\n|-heal|p2a: Catch these|73\/100|[from] drain|[of] p1b: Grimmsnarl\n|move|p2b: Neck|Wish|p2b: Neck\n|move|p1a: Tornadus|Bleakwind Storm|p2a: Catch these|[spread] p2a\n|-miss|p1a: Tornadus|p2b: Neck\n|-damage|p2a: Catch these|54\/100\n|\n|-weather|SunnyDay|[upkeep]\n|upkeep\n|turn|3\n|\n|t:|1700914313\n|move|p2b: Neck|Ally Switch|p2b: Neck\n|swap|p2b: Neck|0|[from] move: Ally Switch\n|move|p1b: Grimmsnarl|Reflect|p1b: Grimmsnarl\n|-sidestart|p1: Think2Ice|Reflect\n|move|p2b: Catch these|Wild Charge|p1a: Tornadus\n|-supereffective|p1a: Tornadus\n|-damage|p1a: Tornadus|2\/100\n|-damage|p2b: Catch these|36\/100|[from] Recoil\n|move|p1a: Tornadus|Bleakwind Storm|p2b: Catch these|[spread] p2a,p2b\n|-damage|p2a: Neck|67\/100\n|-damage|p2b: Catch these|16\/100\n|-unboost|p2a: Neck|spe|1\n|-enditem|p2a: Neck|Red Card|[of] p1a: Tornadus\n|drag|p1a: Walking Wake|Walking Wake|100\/100\n|-activate|p1a: Walking Wake|ability: Protosynthesis\n|-start|p1a: Walking Wake|protosynthesisspa\n|\n|-weather|SunnyDay|[upkeep]\n|-heal|p2b: Catch these|59\/100|[from] move: Wish|[wisher] Neck\n|upkeep\n|turn|4\n|\n|t:|1700914342\n|-end|p1a: Walking Wake|Protosynthesis|[silent]\n|switch|p1a: Torkoal|Torkoal, M, shiny|100\/100\n|-terastallize|p2b: Catch these|Steel\n|move|p2b: Catch these|Drain Punch|p1a: Torkoal\n|-damage|p1a: Torkoal|78\/100\n|-heal|p2b: Catch these|67\/100|[from] drain|[of] p1a: Torkoal\n|move|p1b: Grimmsnarl|Spirit Break|p2b: Catch these\n|-resisted|p2b: Catch these\n|-damage|p2b: Catch these|57\/100\n|-unboost|p2b: Catch these|spa|1\n|move|p2a: Neck|Mirror Coat||[still]\n|-fail|p2a: Neck\n|\n|-weather|SunnyDay|[upkeep]\n|-sideend|p1: Think2Ice|move: Tailwind\n|upkeep\n|turn|5\n|\n|t:|1700914368\n|-end|p2b: Catch these|Quark Drive|[silent]\n|switch|p2b: Toby Fox|Arcanine-Hisui, M|100\/100\n|-ability|p2b: Toby Fox|Intimidate|boost\n|-unboost|p1a: Torkoal|atk|1\n|-unboost|p1b: Grimmsnarl|atk|1\n|move|p1b: Grimmsnarl|Light Screen|p1b: Grimmsnarl\n|-sidestart|p1: Think2Ice|move: Light Screen\n|move|p1a: Torkoal|Eruption|p2a: Neck|[spread] p2a,p2b\n|-resisted|p2b: Toby Fox\n|-damage|p2a: Neck|29\/100\n|-damage|p2b: Toby Fox|90\/100\n|move|p2a: Neck|Mirror Coat|p1a: Torkoal\n|-damage|p1a: Torkoal|0 fnt\n|faint|p1a: Torkoal\n|\n|-weather|none\n|-heal|p2b: Toby Fox|96\/100|[from] item: Leftovers\n|-fieldend|move: Trick Room\n|upkeep\n|inactive|Think2Ice has 120 seconds left.\n|\n|t:|1700914395\n|switch|p1a: Tornadus|Tornadus, M|2\/100\n|turn|6\n|inactive|Think2Ice has 120 seconds left.\n|\n|t:|1700914411\n|move|p2b: Toby Fox|Extreme Speed|p1a: Tornadus\n|-damage|p1a: Tornadus|0 fnt\n|faint|p1a: Tornadus\n|move|p1b: Grimmsnarl|Parting Shot||[still]\n|cant|p2a: Neck|ability: Armor Tail|Parting Shot|[of] p1b: Grimmsnarl\n|move|p2a: Neck|Wish|p2a: Neck\n|\n|-heal|p2b: Toby Fox|100\/100|[from] item: Leftovers\n|upkeep\n|inactive|Think2Ice has 120 seconds left.\n|\n|t:|1700914423\n|switch|p1a: Walking Wake|Walking Wake|100\/100\n|turn|7\n|\n|t:|1700914432\n|move|p1a: Walking Wake|Hydro Steam|p2b: Toby Fox\n|-supereffective|p2b: Toby Fox\n|-damage|p2b: Toby Fox|0 fnt\n|faint|p2b: Toby Fox\n|move|p1b: Grimmsnarl|Spirit Break|p2a: Neck\n|-damage|p2a: Neck|16\/100\n|-unboost|p2a: Neck|spa|1\n|move|p2a: Neck|Mirror Coat||[still]\n|-fail|p2a: Neck\n|\n|-heal|p2a: Neck|66\/100|[from] move: Wish|[wisher] Neck\n|upkeep\n|\n|t:|1700914451\n|switch|p2b: Legs|Walking Wake|100\/100\n|-enditem|p2b: Legs|Booster Energy\n|-activate|p2b: Legs|ability: Protosynthesis|[fromitem]\n|-start|p2b: Legs|protosynthesisspe\n|turn|8\n|\n|t:|1700914468\n|-terastallize|p1a: Walking Wake|Fairy\n|move|p2b: Legs|Draco Meteor|p1a: Walking Wake\n|-immune|p1a: Walking Wake\n|move|p1a: Walking Wake|Tera Blast|p2b: Legs|[anim] Tera Blast Fairy\n|-supereffective|p2b: Legs\n|-damage|p2b: Legs|13\/100\n|move|p1b: Grimmsnarl|Spirit Break|p2b: Legs\n|-supereffective|p2b: Legs\n|-damage|p2b: Legs|0 fnt\n|faint|p2b: Legs\n|-end|p2b: Legs|Protosynthesis|[silent]\n|move|p2a: Neck|Wish|p2a: Neck\n|\n|upkeep\n|\n|t:|1700914482\n|switch|p2b: Catch these|Iron Hands, tera:Steel|57\/100\n|turn|9\n|\n|t:|1700914494\n|-end|p1a: Walking Wake|Protosynthesis|[silent]\n|switch|p1a: Charizard|Charizard, M, shiny|100\/100\n|move|p1b: Grimmsnarl|Spirit Break|p2a: Neck\n|-damage|p2a: Neck|53\/100\n|-unboost|p2a: Neck|spa|1\n|move|p2b: Catch these|Drain Punch|p1b: Grimmsnarl\n|-damage|p1b: Grimmsnarl|12\/100\n|-heal|p2b: Catch these|71\/100|[from] drain|[of] p1b: Grimmsnarl\n|move|p2a: Neck|Mirror Coat||[still]\n|-fail|p2a: Neck\n|\n|-heal|p2a: Neck|100\/100|[from] move: Wish|[wisher] Neck\n|upkeep\n|turn|10\n|\n|t:|1700914521\n|move|p2a: Neck|Ally Switch|p2a: Neck\n|swap|p2a: Neck|1|[from] move: Ally Switch\n|move|p1a: Charizard|Blast Burn|p2b: Neck\n|-damage|p2b: Neck|23\/100\n|-mustrecharge|p1a: Charizard\n|move|p1b: Grimmsnarl|Spirit Break|p2a: Catch these\n|-resisted|p2a: Catch these\n|-damage|p2a: Catch these|66\/100\n|-unboost|p2a: Catch these|spa|1\n|move|p2a: Catch these|Wild Charge|p1a: Charizard\n|-supereffective|p1a: Charizard\n|-damage|p1a: Charizard|2\/100\n|-damage|p2a: Catch these|52\/100|[from] Recoil\n|\n|-sideend|p1: Think2Ice|Reflect\n|upkeep\n|turn|11\n|\n|t:|1700914537\n|move|p1b: Grimmsnarl|Reflect|p1b: Grimmsnarl\n|-sidestart|p1: Think2Ice|Reflect\n|cant|p1a: Charizard|recharge\n|move|p2a: Catch these|Drain Punch|p1a: Charizard\n|-resisted|p1a: Charizard\n|-damage|p1a: Charizard|0 fnt\n|-heal|p2a: Catch these|52\/100|[from] drain|[of] p1a: Charizard\n|faint|p1a: Charizard\n|move|p2b: Neck|Trick Room|p2b: Neck\n|-fieldstart|move: Trick Room|[of] p2b: Neck\n|\n|upkeep\n|\n|t:|1700914557\n|switch|p1a: Chi-Yu|Chi-Yu|100\/100\n|-ability|p1a: Chi-Yu|Beads of Ruin\n|turn|12\n|\n|t:|1700914572\n|switch|p1b: Walking Wake|Walking Wake, tera:Fairy|100\/100\n|move|p2b: Neck|Wish|p2b: Neck\n|move|p2a: Catch these|Drain Punch|p1a: Chi-Yu\n|-supereffective|p1a: Chi-Yu\n|-damage|p1a: Chi-Yu|6\/100\n|-heal|p2a: Catch these|75\/100|[from] drain|[of] p1a: Chi-Yu\n|move|p1a: Chi-Yu|Heat Wave|p2b: Neck|[spread] p2a,p2b\n|-supereffective|p2a: Catch these\n|-damage|p2a: Catch these|0 fnt\n|-damage|p2b: Neck|0 fnt\n|faint|p2a: Catch these\n|-end|p2a: Catch these|Quark Drive|[silent]\n|faint|p2b: Neck\n|-damage|p1a: Chi-Yu|0 fnt|[from] item: Life Orb\n|faint|p1a: Chi-Yu\n|\n|-sideend|p1: Think2Ice|move: Light Screen\n|upkeep\n|\n|t:|1700914591\n|switch|p2a: Bob|Lilligant-Hisui, F, shiny|100\/100\n|switch|p2b: The Nuke|Torkoal, F, shiny|100\/100\n|switch|p1a: Grimmsnarl|Grimmsnarl, M|12\/100\n|-weather|SunnyDay|[from] ability: Drought|[of] p2b: The Nuke\n|-activate|p1b: Walking Wake|ability: Protosynthesis\n|-start|p1b: Walking Wake|protosynthesisspa\n|turn|13\n|\n|t:|1700914610\n|move|p1a: Grimmsnarl|Light Screen|p1a: Grimmsnarl\n|-sidestart|p1: Think2Ice|move: Light Screen\n|move|p2b: The Nuke|Eruption|p1b: Walking Wake|[spread] p1a,p1b\n|-damage|p1a: Grimmsnarl|0 fnt\n|-damage|p1b: Walking Wake|40\/100\n|faint|p1a: Grimmsnarl\n|move|p1b: Walking Wake|Flamethrower|p2a: Bob\n|-supereffective|p2a: Bob\n|-damage|p2a: Bob|0 fnt\n|faint|p2a: Bob\n|\n|-weather|SunnyDay|[upkeep]\n|upkeep\n|turn|14\n|\n|t:|1700914624\n|move|p2b: The Nuke|Eruption|p1b: Walking Wake\n|-damage|p1b: Walking Wake|0 fnt\n|faint|p1b: Walking Wake\n|-end|p1b: Walking Wake|Protosynthesis|[silent]\n|\n|win|1Asiate\n|raw|Think2Ice's rating: 1371 &rarr; <strong>1347<\/strong><br \/>(-24 for losing)\n|raw|1Asiate's rating: 1297 &rarr; <strong>1327<\/strong><br \/>(+30 for winning)\n|l|\u2606Think2Ice\n","uploadtime":1700914635,"views":15,"p1id":"think2ice","p2id":"1asiate","formatid":"gen9doublesou","rating":1327,"private":0,"password":""}