{"id":"gen9doublesou-1979073346","p1":"lobonatoca","p2":"Sol Itanita","format":"[Gen 9] Doubles OU","log":"|j|\u2606lobonatoca\n|j|\u2606Sol Itanita\n|t:|1698628739\n|gametype|doubles\n|player|p1|lobonatoca|169|1223\n|player|p2|Sol Itanita|pokemonranger-gen4|1219\n|teamsize|p1|6\n|teamsize|p2|6\n|gen|9\n|tier|[Gen 9] Doubles OU\n|rated|\n|rule|Species Clause: Limit one of each Pok\u00e9mon\n|rule|OHKO Clause: OHKO moves are banned\n|rule|Evasion Moves Clause: Evasion moves are banned\n|rule|Gravity Sleep Clause: The combination of sleep-inducing moves with imperfect accuracy and Gravity or Gigantamax Orbeetle are banned\n|rule|Endless Battle Clause: Forcing endless battles is banned\n|rule|HP Percentage Mod: HP is shown in percentages\n|clearpoke\n|poke|p1|Armarouge, F|\n|poke|p1|Farigiraf, F|\n|poke|p1|Ursaluna, F|\n|poke|p1|Pawmot, F|\n|poke|p1|Roaring Moon|\n|poke|p1|Maushold|\n|poke|p2|Tyranitar, F|\n|poke|p2|Heatran, F|\n|poke|p2|Ursaluna-Bloodmoon, M|\n|poke|p2|Landorus, M|\n|poke|p2|Hippowdon, F|\n|poke|p2|Garchomp, M|\n|teampreview\n|inactive|Battle timer is ON: inactive players will automatically lose when time's up. (requested by Sol Itanita)\n|\n|t:|1698628758\n|start\n|switch|p1a: Ursaluna|Ursaluna, F|100\/100\n|switch|p1b: Farigiraf|Farigiraf, F|100\/100\n|switch|p2a: Erd Tree|Tyranitar, F, shiny|100\/100\n|switch|p2b: Landorus|Landorus, M|100\/100\n|-weather|Sandstorm|[from] ability: Sand Stream|[of] p2a: Erd Tree\n|turn|1\n|\n|t:|1698628780\n|move|p1a: Ursaluna|Protect|p1a: Ursaluna\n|-singleturn|p1a: Ursaluna|Protect\n|move|p2b: Landorus|Earthquake|p1a: Ursaluna|[spread] p2a,p1b\n|-activate|p1a: Ursaluna|move: Protect\n|-supereffective|p2a: Erd Tree\n|-damage|p2a: Erd Tree|17\/100\n|-damage|p1b: Farigiraf|51\/100\n|move|p2a: Erd Tree|Icy Wind|p1a: Ursaluna|[spread] p1b\n|-activate|p1a: Ursaluna|move: Protect\n|-damage|p1b: Farigiraf|43\/100\n|-unboost|p1b: Farigiraf|spe|1\n|-enditem|p1b: Farigiraf|Sitrus Berry|[eat]\n|-heal|p1b: Farigiraf|68\/100|[from] item: Sitrus Berry\n|move|p1b: Farigiraf|Trick Room|p1b: Farigiraf\n|-fieldstart|move: Trick Room|[of] p1b: Farigiraf\n|\n|-weather|Sandstorm|[upkeep]\n|-damage|p1b: Farigiraf|62\/100|[from] Sandstorm\n|-status|p1a: Ursaluna|brn|[from] item: Flame Orb\n|upkeep\n|turn|2\n|\n|t:|1698628801\n|move|p1b: Farigiraf|Dazzling Gleam|p2b: Landorus|[spread] p2a,p2b\n|-supereffective|p2a: Erd Tree\n|-damage|p2a: Erd Tree|3\/100\n|-damage|p2b: Landorus|76\/100\n|move|p1a: Ursaluna|Facade|p2b: Landorus\n|-damage|p2b: Landorus|0 fnt\n|faint|p2b: Landorus\n|move|p2a: Erd Tree|Stealth Rock|p1a: Ursaluna\n|-sidestart|p1: lobonatoca|move: Stealth Rock\n|\n|-weather|Sandstorm|[upkeep]\n|-damage|p1b: Farigiraf|56\/100|[from] Sandstorm\n|-damage|p1a: Ursaluna|94\/100 brn|[from] brn\n|upkeep\n|\n|t:|1698628811\n|switch|p2b: Hippowdon|Hippowdon, F|100\/100\n|turn|3\n|\n|t:|1698628821\n|move|p1b: Farigiraf|Hyper Voice|p2a: Erd Tree|[spread] p2a,p2b\n|-resisted|p2a: Erd Tree\n|-damage|p2a: Erd Tree|0 fnt\n|-damage|p2b: Hippowdon|69\/100\n|faint|p2a: Erd Tree\n|move|p1a: Ursaluna|Facade|p2b: Hippowdon\n|-damage|p2b: Hippowdon|8\/100\n|move|p2b: Hippowdon|Slack Off|p2b: Hippowdon\n|-heal|p2b: Hippowdon|58\/100\n|\n|-weather|Sandstorm|[upkeep]\n|-damage|p1b: Farigiraf|50\/100|[from] Sandstorm\n|-heal|p2b: Hippowdon|64\/100|[from] item: Leftovers\n|-damage|p1a: Ursaluna|88\/100 brn|[from] brn\n|upkeep\n|\n|t:|1698628832\n|switch|p2a: Ursaluna|Ursaluna-Bloodmoon, M|100\/100\n|turn|4\n|\n|t:|1698628842\n|switch|p2b: Heatran|Heatran, F|100\/100\n|move|p1b: Farigiraf|Hyper Voice|p2a: Ursaluna|[spread] p2a,p2b\n|-resisted|p2b: Heatran\n|-damage|p2a: Ursaluna|78\/100\n|-damage|p2b: Heatran|91\/100\n|move|p1a: Ursaluna|Facade|p2a: Ursaluna\n|-damage|p2a: Ursaluna|0 fnt\n|faint|p2a: Ursaluna\n|\n|-weather|Sandstorm|[upkeep]\n|-damage|p1b: Farigiraf|44\/100|[from] Sandstorm\n|-heal|p2b: Heatran|98\/100|[from] item: Leftovers\n|-damage|p1a: Ursaluna|82\/100 brn|[from] brn\n|upkeep\n|\n|t:|1698628852\n|switch|p2a: Garchomp|Garchomp, M|100\/100\n|turn|5\n|\n|t:|1698628860\n|move|p2b: Heatran|Protect|p2b: Heatran\n|-singleturn|p2b: Heatran|Protect\n|move|p1b: Farigiraf|Hyper Voice|p2a: Garchomp|[spread] p2a\n|-activate|p2b: Heatran|move: Protect\n|-damage|p2a: Garchomp|70\/100\n|move|p1a: Ursaluna|Earthquake|p2b: Heatran|[spread] p1b\n|-activate|p2b: Heatran|move: Protect\n|-miss|p1a: Ursaluna|p2a: Garchomp\n|-damage|p1b: Farigiraf|0 fnt\n|faint|p1b: Farigiraf\n|move|p2a: Garchomp|Substitute|p2a: Garchomp\n|-start|p2a: Garchomp|Substitute\n|-damage|p2a: Garchomp|45\/100\n|\n|-weather|Sandstorm|[upkeep]\n|-heal|p2b: Heatran|100\/100|[from] item: Leftovers\n|-damage|p1a: Ursaluna|75\/100 brn|[from] brn\n|-fieldend|move: Trick Room\n|upkeep\n|\n|t:|1698628877\n|switch|p1b: Maushold|Maushold|100\/100\n|-damage|p1b: Maushold|88\/100|[from] Stealth Rock\n|turn|6\n|\n|t:|1698628888\n|move|p1b: Maushold|Tidy Up|p1b: Maushold\n|-end|p2a: Garchomp|Substitute\n|-sideend|p1: lobonatoca|Stealth Rock\n|-activate|p1b: Maushold|move: Tidy Up\n|-boost|p1b: Maushold|atk|1\n|-boost|p1b: Maushold|spe|1\n|move|p2a: Garchomp|Swords Dance|p2a: Garchomp\n|-boost|p2a: Garchomp|atk|2\n|move|p2b: Heatran|Lava Plume|p1a: Ursaluna|[spread] p2a,p1a,p1b\n|-resisted|p2a: Garchomp\n|-damage|p2a: Garchomp|32\/100\n|-damage|p1a: Ursaluna|53\/100 brn\n|-damage|p1b: Maushold|50\/100\n|move|p1a: Ursaluna|Hammer Arm|p2b: Heatran\n|-supereffective|p2b: Heatran\n|-damage|p2b: Heatran|7\/100\n|-unboost|p1a: Ursaluna|spe|1\n|\n|-weather|Sandstorm|[upkeep]\n|-damage|p1b: Maushold|44\/100|[from] Sandstorm\n|-heal|p2b: Heatran|13\/100|[from] item: Leftovers\n|-damage|p1a: Ursaluna|47\/100 brn|[from] brn\n|upkeep\n|turn|7\n|\n|t:|1698628909\n|move|p2b: Heatran|Protect|p2b: Heatran\n|-singleturn|p2b: Heatran|Protect\n|move|p1b: Maushold|Bullet Seed|p2a: Garchomp\n|-damage|p2a: Garchomp|20\/100\n|-damage|p2a: Garchomp|6\/100\n|-hitcount|p2a: Garchomp|2\n|move|p2a: Garchomp|Earthquake|p1b: Maushold|[spread] p1a,p1b\n|-activate|p2b: Heatran|move: Protect\n|-damage|p1a: Ursaluna|0 fnt\n|-damage|p1b: Maushold|0 fnt\n|faint|p1a: Ursaluna\n|faint|p1b: Maushold\n|\n|-weather|Sandstorm|[upkeep]\n|-heal|p2b: Heatran|19\/100|[from] item: Leftovers\n|upkeep\n|inactive|lobonatoca has 120 seconds left.\n|\n|t:|1698628935\n|switch|p1b: Armarouge|Armarouge, F|100\/100\n|switch|p1a: Pawmot|Pawmot, F|100\/100\n|turn|8\n|inactive|lobonatoca has 120 seconds left.\n|\n|t:|1698628953\n|move|p1b: Armarouge|Armor Cannon|p2a: Garchomp\n|-resisted|p2a: Garchomp\n|-damage|p2a: Garchomp|0 fnt\n|-unboost|p1b: Armarouge|def|1\n|-unboost|p1b: Armarouge|spd|1\n|faint|p2a: Garchomp\n|move|p1a: Pawmot|Close Combat|p2b: Heatran\n|-supereffective|p2b: Heatran\n|-damage|p2b: Heatran|0 fnt\n|-unboost|p1a: Pawmot|def|1\n|-unboost|p1a: Pawmot|spd|1\n|faint|p2b: Heatran\n|\n|-weather|none\n|upkeep\n|\n|t:|1698628960\n|switch|p2b: Hippowdon|Hippowdon, F|64\/100\n|-weather|Sandstorm|[from] ability: Sand Stream|[of] p2b: Hippowdon\n|turn|9\n|-message|Sol Itanita forfeited.\n|\n|win|lobonatoca\n|raw|lobonatoca's rating: 1223 &rarr; <strong>1248<\/strong><br \/>(+25 for winning)\n|raw|Sol Itanita's rating: 1219 &rarr; <strong>1194<\/strong><br \/>(-25 for losing)\n|l|\u2606Sol Itanita\n","uploadtime":1698628968,"views":15,"p1id":"lobonatoca","p2id":"solitanita","formatid":"gen9doublesou","rating":1194,"private":0,"password":""}