{"id":"gen9doublesou-1990555721","p1":"JazzXD","p2":"IfUforfeitUsuck","format":"[Gen 9] Doubles OU","log":"|j|\u2606JazzXD\n|j|\u2606IfUforfeitUsuck\n|t:|1699981105\n|gametype|doubles\n|player|p1|JazzXD|dawn|1388\n|player|p2|IfUforfeitUsuck|1|1351\n|teamsize|p1|6\n|teamsize|p2|6\n|gen|9\n|tier|[Gen 9] Doubles OU\n|rated|\n|rule|Species Clause: Limit one of each Pok\u00e9mon\n|rule|OHKO Clause: OHKO moves are banned\n|rule|Evasion Moves Clause: Evasion moves are banned\n|rule|Gravity Sleep Clause: The combination of sleep-inducing moves with imperfect accuracy and Gravity or Gigantamax Orbeetle are banned\n|rule|Endless Battle Clause: Forcing endless battles is banned\n|rule|HP Percentage Mod: HP is shown in percentages\n|clearpoke\n|poke|p1|Torkoal, M|\n|poke|p1|Lilligant, F|\n|poke|p1|Landorus-Therian, M|\n|poke|p1|Ogerpon-Hearthflame, F|\n|poke|p1|Iron Hands|\n|poke|p1|Flutter Mane|\n|poke|p2|Glastrier|\n|poke|p2|Armarouge, M|\n|poke|p2|Garganacl, F|\n|poke|p2|Ninetales-Alola, M|\n|poke|p2|Wyrdeer, F|\n|poke|p2|Iron Hands|\n|teampreview\n|inactive|Battle timer is ON: inactive players will automatically lose when time's up. (requested by JazzXD)\n|inactive|IfUforfeitUsuck has 120 seconds left.\n|\n|t:|1699981137\n|start\n|switch|p1a: Landorus|Landorus-Therian, M|100\/100\n|switch|p1b: Torkoal|Torkoal, M|100\/100\n|switch|p2a: Garganacl|Garganacl, F|100\/100\n|switch|p2b: Armarouge|Armarouge, M|100\/100\n|-ability|p1a: Landorus|Intimidate|boost\n|-unboost|p2a: Garganacl|atk|1\n|-unboost|p2b: Armarouge|atk|1\n|-weather|SunnyDay|[from] ability: Drought|[of] p1b: Torkoal\n|turn|1\n|\n|t:|1699981166\n|-terastallize|p2b: Armarouge|Grass\n|move|p1a: Landorus|Stomping Tantrum|p2b: Armarouge\n|-resisted|p2b: Armarouge\n|-damage|p2b: Armarouge|83\/100\n|move|p2b: Armarouge|Armor Cannon|p1a: Landorus\n|-damage|p1a: Landorus|5\/100\n|-unboost|p2b: Armarouge|def|1\n|-unboost|p2b: Armarouge|spd|1\n|move|p2a: Garganacl|Rock Slide|p1b: Torkoal|[spread] p1a,p1b\n|-supereffective|p1b: Torkoal\n|-damage|p1a: Landorus|0 fnt\n|-damage|p1b: Torkoal|75\/100\n|faint|p1a: Landorus\n|move|p1b: Torkoal|Yawn|p2a: Garganacl\n|-immune|p2a: Garganacl|[from] ability: Purifying Salt\n|\n|-weather|SunnyDay|[upkeep]\n|upkeep\n|\n|t:|1699981178\n|switch|p1a: Lilligant|Lilligant, F|100\/100\n|turn|2\n|\n|t:|1699981191\n|-terastallize|p1b: Torkoal|Fire\n|move|p1a: Lilligant|After You|p1b: Torkoal\n|-activate|p1b: Torkoal|move: After You\n|move|p1b: Torkoal|Eruption|p2b: Armarouge|[spread] p2a\n|-start|p2b: Armarouge|ability: Flash Fire\n|-resisted|p2a: Garganacl\n|-damage|p2a: Garganacl|66\/100\n|move|p2b: Armarouge|Armor Cannon|p1a: Lilligant\n|-supereffective|p1a: Lilligant\n|-enditem|p1a: Lilligant|Focus Sash\n|-damage|p1a: Lilligant|1\/100\n|-unboost|p2b: Armarouge|def|1\n|-unboost|p2b: Armarouge|spd|1\n|move|p2a: Garganacl|Salt Cure|p1b: Torkoal\n|-supereffective|p1b: Torkoal\n|-damage|p1b: Torkoal|58\/100\n|-start|p1b: Torkoal|Salt Cure\n|\n|-weather|SunnyDay|[upkeep]\n|-damage|p1b: Torkoal|46\/100|[from] Salt Cure\n|upkeep\n|turn|3\n|inactive|IfUforfeitUsuck has 120 seconds left.\n|\n|t:|1699981226\n|move|p1b: Torkoal|Protect|p1b: Torkoal\n|-singleturn|p1b: Torkoal|Protect\n|move|p1a: Lilligant|Leaf Storm|p2a: Garganacl\n|-supereffective|p2a: Garganacl\n|-damage|p2a: Garganacl|0 fnt\n|-unboost|p1a: Lilligant|spa|2\n|faint|p2a: Garganacl\n|move|p2b: Armarouge|Expanding Force|p1a: Lilligant\n|-damage|p1a: Lilligant|0 fnt\n|faint|p1a: Lilligant\n|\n|-weather|SunnyDay|[upkeep]\n|-damage|p1b: Torkoal|33\/100|[from] Salt Cure\n|upkeep\n|\n|t:|1699981239\n|switch|p1a: Ogerpon|Ogerpon-Hearthflame, F|100\/100\n|switch|p2a: Ninetales|Ninetales-Alola, M|100\/100\n|-ability|p1a: Ogerpon|Mold Breaker\n|-weather|Snow|[from] ability: Snow Warning|[of] p2a: Ninetales\n|turn|4\n|\n|t:|1699981255\n|switch|p1b: Iron Hands|Iron Hands|100\/100\n|move|p1a: Ogerpon|Ivy Cudgel|p2b: Armarouge|[anim] Ivy Cudgel Fire\n|-supereffective|p2b: Armarouge\n|-damage|p2b: Armarouge|0 fnt\n|faint|p2b: Armarouge\n|move|p2a: Ninetales|Aurora Veil|p2a: Ninetales\n|-sidestart|p2: IfUforfeitUsuck|move: Aurora Veil\n|\n|-weather|Snow|[upkeep]\n|upkeep\n|\n|t:|1699981265\n|switch|p2b: Wyrdeer|Wyrdeer, F, shiny|100\/100\n|-ability|p2b: Wyrdeer|Intimidate|boost\n|-unboost|p1a: Ogerpon|atk|1\n|-unboost|p1b: Iron Hands|atk|1\n|turn|5\n|\n|t:|1699981281\n|switch|p1a: Torkoal|Torkoal, M, tera:Fire|33\/100\n|-weather|SunnyDay|[from] ability: Drought|[of] p1a: Torkoal\n|move|p1b: Iron Hands|Fake Out|p2b: Wyrdeer\n|-damage|p2b: Wyrdeer|92\/100\n|move|p2a: Ninetales|Dazzling Gleam|p1a: Torkoal|[spread] p1a,p1b\n|-resisted|p1a: Torkoal\n|-supereffective|p1b: Iron Hands\n|-damage|p1a: Torkoal|19\/100\n|-damage|p1b: Iron Hands|79\/100\n|cant|p2b: Wyrdeer|flinch\n|\n|-weather|SunnyDay|[upkeep]\n|-heal|p2b: Wyrdeer|98\/100|[from] item: Leftovers\n|upkeep\n|turn|6\n|\n|t:|1699981303\n|switch|p2a: Iron Hands|Iron Hands, shiny|100\/100\n|move|p1a: Torkoal|Protect|p1a: Torkoal\n|-singleturn|p1a: Torkoal|Protect\n|move|p2b: Wyrdeer|Psyshield Bash|p1b: Iron Hands\n|-supereffective|p1b: Iron Hands\n|-damage|p1b: Iron Hands|38\/100\n|-boost|p2b: Wyrdeer|def|1\n|move|p1b: Iron Hands|Drain Punch|p2a: Iron Hands\n|-damage|p2a: Iron Hands|90\/100\n|-heal|p1b: Iron Hands|43\/100|[from] drain|[of] p2a: Iron Hands\n|\n|-weather|SunnyDay|[upkeep]\n|-heal|p2b: Wyrdeer|100\/100|[from] item: Leftovers\n|upkeep\n|turn|7\n|\n|t:|1699981320\n|move|p2a: Iron Hands|Fake Out|p1a: Torkoal\n|-damage|p1a: Torkoal|9\/100\n|move|p2b: Wyrdeer|Psyshield Bash|p1b: Iron Hands\n|-supereffective|p1b: Iron Hands\n|-damage|p1b: Iron Hands|3\/100\n|-boost|p2b: Wyrdeer|def|1\n|move|p1b: Iron Hands|Drain Punch|p2a: Iron Hands\n|-damage|p2a: Iron Hands|80\/100\n|-heal|p1b: Iron Hands|7\/100|[from] drain|[of] p2a: Iron Hands\n|cant|p1a: Torkoal|flinch\n|\n|-weather|SunnyDay|[upkeep]\n|upkeep\n|turn|8\n|inactive|IfUforfeitUsuck has 120 seconds left.\n|\n|t:|1699981353\n|move|p2b: Wyrdeer|Psyshield Bash|p1a: Torkoal\n|-damage|p1a: Torkoal|0 fnt\n|-boost|p2b: Wyrdeer|def|1\n|faint|p1a: Torkoal\n|move|p2a: Iron Hands|Iron Head|p1b: Iron Hands\n|-resisted|p1b: Iron Hands\n|-damage|p1b: Iron Hands|0 fnt\n|faint|p1b: Iron Hands\n|-end|p1b: Iron Hands|Quark Drive|[silent]\n|\n|-weather|SunnyDay|[upkeep]\n|-sideend|p2: IfUforfeitUsuck|move: Aurora Veil\n|upkeep\n|c|\u2606JazzXD|!dt mold Breaker\n|raw|<ul class=\"utilichart\"><li class=\"result\"><span class=\"col namecol\"><a href=\"https:\/\/dex.pokemonshowdown.com\/abilities\/moldbreaker\">Mold Breaker<\/a><\/span> <span class=\"col abilitydesccol\">This Pokemon's moves and their effects ignore the Abilities of other Pokemon.<\/span> <\/li><li style=\"clear:both\"><\/li><\/ul>\n|raw|<font size=\"1\"><font color=\"#686868\">Gen:<\/font> 4<\/font>\n\n|\n|t:|1699981364\n|switch|p1b: Ogerpon|Ogerpon-Hearthflame, F|100\/100\n|switch|p1a: Flutter Mane|Flutter Mane|100\/100\n|-activate|p1a: Flutter Mane|ability: Protosynthesis\n|-start|p1a: Flutter Mane|protosynthesisspe\n|-ability|p1b: Ogerpon|Mold Breaker\n|turn|9\n|\n|t:|1699981382\n|-end|p2a: Iron Hands|Quark Drive|[silent]\n|switch|p2a: Ninetales|Ninetales-Alola, M|100\/100\n|-weather|Snow|[from] ability: Snow Warning|[of] p2a: Ninetales\n|-end|p1a: Flutter Mane|Protosynthesis\n|-enditem|p1a: Flutter Mane|Booster Energy\n|-activate|p1a: Flutter Mane|ability: Protosynthesis|[fromitem]\n|-start|p1a: Flutter Mane|protosynthesisspe\n|move|p1a: Flutter Mane|Dazzling Gleam|p2a: Ninetales|[spread] p2a,p2b\n|-damage|p2a: Ninetales|65\/100\n|-damage|p2b: Wyrdeer|73\/100\n|move|p1b: Ogerpon|Ivy Cudgel|p2a: Ninetales|[anim] Ivy Cudgel Fire\n|-supereffective|p2a: Ninetales\n|-damage|p2a: Ninetales|0 fnt\n|faint|p2a: Ninetales\n|move|p2b: Wyrdeer|Trick Room|p2b: Wyrdeer\n|-fieldstart|move: Trick Room|[of] p2b: Wyrdeer\n|\n|-weather|Snow|[upkeep]\n|-heal|p2b: Wyrdeer|79\/100|[from] item: Leftovers\n|upkeep\n|inactive|IfUforfeitUsuck has 120 seconds left.\n|\n|t:|1699981416\n|switch|p2a: Glastrier|Glastrier|100\/100\n|turn|10\n|inactive|IfUforfeitUsuck has 120 seconds left.\n|\n|t:|1699981431\n|move|p2a: Glastrier|Heavy Slam|p1a: Flutter Mane\n|-supereffective|p1a: Flutter Mane\n|-damage|p1a: Flutter Mane|0 fnt\n|faint|p1a: Flutter Mane\n|-end|p1a: Flutter Mane|Protosynthesis|[silent]\n|-ability|p2a: Glastrier|Chilling Neigh|boost\n|-boost|p2a: Glastrier|atk|1\n|move|p2b: Wyrdeer|Psyshield Bash|p1b: Ogerpon\n|-damage|p1b: Ogerpon|55\/100\n|-boost|p2b: Wyrdeer|def|1\n|move|p1b: Ogerpon|Ivy Cudgel|p2a: Glastrier|[anim] Ivy Cudgel Fire\n|-supereffective|p2a: Glastrier\n|-damage|p2a: Glastrier|47\/100\n|\n|-weather|Snow|[upkeep]\n|-heal|p2b: Wyrdeer|85\/100|[from] item: Leftovers\n|upkeep\n|turn|11\n|c|\u2606IfUforfeitUsuck|gg\n|c|\u2606JazzXD|Gg\n|c|\u2606JazzXD|Well played\n|c|\u2606IfUforfeitUsuck|thanks\n|c|\u2606IfUforfeitUsuck|this team is my best yet\n|c|\u2606JazzXD|Wasn't ready for wyrdeer there\n|inactive|IfUforfeitUsuck has 120 seconds left.\n|\n|t:|1699981458\n|move|p2a: Glastrier|Stomping Tantrum|p1b: Ogerpon\n|-damage|p1b: Ogerpon|0 fnt\n|faint|p1b: Ogerpon\n|\n|win|IfUforfeitUsuck\n|raw|JazzXD's rating: 1388 &rarr; <strong>1366<\/strong><br \/>(-22 for losing)\n|raw|IfUforfeitUsuck's rating: 1351 &rarr; <strong>1373<\/strong><br \/>(+22 for winning)\n|c|\u2606JazzXD|Yeah it's a great team\n|c|\u2606JazzXD|Good luck with this team\n|c|\u2606IfUforfeitUsuck|wydeer is so underrated\n|c|\u2606IfUforfeitUsuck|thanks\n|c|\u2606JazzXD|Yeah it is\n|l|\u2606JazzXD\n|c|\u2606IfUforfeitUsuck|intimidate and tr is insane\n|j|\u2606JazzXD\n|player|p1|JazzXD|dawn\n|l|\u2606IfUforfeitUsuck\n","uploadtime":1699981496,"views":6,"p1id":"jazzxd","p2id":"ifuforfeitusuck","formatid":"gen9doublesou","rating":1366,"private":0,"password":""}