{"id":"gen9doublesou-1997072946","p1":"cotesmcgotes","p2":"Jhoan-brayhan","format":"[Gen 9] Doubles OU","log":"|j|\u2606cotesmcgotes\n|j|\u2606Jhoan-brayhan\n|t:|1700761758\n|gametype|doubles\n|player|p1|cotesmcgotes|flannery|1328\n|player|p2|Jhoan-brayhan|unknown|1308\n|teamsize|p1|6\n|teamsize|p2|6\n|gen|9\n|tier|[Gen 9] Doubles OU\n|rated|\n|rule|Species Clause: Limit one of each Pok\u00e9mon\n|rule|OHKO Clause: OHKO moves are banned\n|rule|Evasion Moves Clause: Evasion moves are banned\n|rule|Gravity Sleep Clause: The combination of sleep-inducing moves with imperfect accuracy and Gravity or Gigantamax Orbeetle are banned\n|rule|Endless Battle Clause: Forcing endless battles is banned\n|rule|HP Percentage Mod: HP is shown in percentages\n|clearpoke\n|poke|p1|Cresselia, F|\n|poke|p1|Tornadus, M|\n|poke|p1|Overqwil, M|\n|poke|p1|Walking Wake|\n|poke|p1|Ogerpon-Hearthflame, F|\n|poke|p1|Gallade, M|\n|poke|p2|Zoroark, M|\n|poke|p2|Kingambit, M|\n|poke|p2|Overqwil, F|\n|poke|p2|Chi-Yu|\n|poke|p2|Meowscarada, F|\n|poke|p2|Greninja-*, M|\n|teampreview\n|\n|t:|1700761773\n|start\n|switch|p1a: Overqwil|Overqwil, M|100\/100\n|switch|p1b: Tornadus|Tornadus, M, shiny|100\/100\n|switch|p2a: Overqwil|Overqwil, F|100\/100\n|switch|p2b: Kingambit|Kingambit, M|100\/100\n|-ability|p2a: Overqwil|Intimidate|boost\n|-unboost|p1a: Overqwil|atk|1\n|-unboost|p1b: Tornadus|atk|1\n|turn|1\n|inactive|Battle timer is ON: inactive players will automatically lose when time's up. (requested by cotesmcgotes)\n|\n|t:|1700761803\n|move|p1b: Tornadus|Tailwind|p1b: Tornadus\n|-sidestart|p1: cotesmcgotes|move: Tailwind\n|move|p1a: Overqwil|Swords Dance|p1a: Overqwil\n|-boost|p1a: Overqwil|atk|2\n|move|p2b: Kingambit|Sludge Bomb|p1a: Overqwil\n|-resisted|p1a: Overqwil\n|-damage|p1a: Overqwil|71\/100\n|-damage|p2b: Kingambit|91\/100|[from] item: Life Orb\n|move|p2a: Overqwil|Toxic Spikes|p1a: Overqwil\n|-sidestart|p1: cotesmcgotes|move: Toxic Spikes\n|\n|-heal|p1a: Overqwil|77\/100|[from] item: Black Sludge\n|upkeep\n|turn|2\n|inactive|Jhoan-brayhan has 120 seconds left.\n|inactive|Jhoan-brayhan has 90 seconds left.\n|j| Ran Kob\n|inactive|Jhoan-brayhan has 60 seconds left.\n|\n|t:|1700761917\n|move|p1b: Tornadus|Rain Dance|p1b: Tornadus\n|-weather|RainDance\n|move|p1a: Overqwil|Crunch|p2b: Kingambit\n|-resisted|p2b: Kingambit\n|-damage|p2b: Kingambit|27\/100\n|replace|p2b: Surprise Mitch!|Zoroark, M, shiny\n|-end|p2b: Surprise Mitch!|Illusion\n|move|p2b: Surprise Mitch!|Flamethrower|p1a: Overqwil\n|-damage|p1a: Overqwil|47\/100\n|-damage|p2b: Surprise Mitch!|17\/100|[from] item: Life Orb\n|move|p2a: Overqwil|Toxic Spikes|p1b: Tornadus\n|-sidestart|p1: cotesmcgotes|move: Toxic Spikes\n|\n|-weather|RainDance|[upkeep]\n|-heal|p1a: Overqwil|53\/100|[from] item: Black Sludge\n|upkeep\n|turn|3\n|inactive|Jhoan-brayhan has 60 seconds left.\n|\n|t:|1700761943\n|move|p2b: Surprise Mitch!|Sucker Punch|p1a: Overqwil\n|-resisted|p1a: Overqwil\n|-damage|p1a: Overqwil|33\/100\n|-damage|p2b: Surprise Mitch!|7\/100|[from] item: Life Orb\n|move|p1a: Overqwil|Crunch|p2b: Surprise Mitch!\n|-resisted|p2b: Surprise Mitch!\n|-damage|p2b: Surprise Mitch!|0 fnt\n|faint|p2b: Surprise Mitch!\n|move|p1b: Tornadus|Bleakwind Storm|p2a: Overqwil\n|-damage|p2a: Overqwil|58\/100\n|-unboost|p2a: Overqwil|spe|1\n|move|p2a: Overqwil|Acupressure|p2a: Overqwil\n|-boost|p2a: Overqwil|evasion|2\n|\n|-weather|RainDance|[upkeep]\n|-heal|p1a: Overqwil|39\/100|[from] item: Black Sludge\n|-heal|p2a: Overqwil|64\/100|[from] item: Leftovers\n|upkeep\n|\n|t:|1700761955\n|switch|p2b: Greninja|Greninja, M|100\/100\n|turn|4\n|\n|t:|1700761972\n|switch|p1a: Cresselia|Cresselia, F, shiny|100\/100\n|move|p2b: Greninja|Water Shuriken|p1a: Cresselia\n|-damage|p1a: Cresselia|91\/100\n|-damage|p1a: Cresselia|80\/100\n|-damage|p1a: Cresselia|70\/100\n|-damage|p1a: Cresselia|61\/100\n|-damage|p1a: Cresselia|51\/100\n|-hitcount|p1a: Cresselia|5\n|-damage|p2b: Greninja|91\/100|[from] item: Life Orb\n|move|p1b: Tornadus|Bleakwind Storm|p2b: Greninja|[spread] p2a,p2b\n|-crit|p2a: Overqwil\n|-damage|p2a: Overqwil|16\/100\n|-damage|p2b: Greninja|40\/100\n|-unboost|p2a: Overqwil|spe|1\n|-unboost|p2b: Greninja|spe|1\n|move|p2a: Overqwil|Acupressure|p2a: Overqwil\n|-boost|p2a: Overqwil|spd|2\n|\n|-weather|RainDance|[upkeep]\n|-heal|p1a: Cresselia|57\/100|[from] item: Leftovers\n|-heal|p2a: Overqwil|22\/100|[from] item: Leftovers\n|-sideend|p1: cotesmcgotes|move: Tailwind\n|upkeep\n|turn|5\n|inactive|Jhoan-brayhan has 90 seconds left.\n|inactive|Jhoan-brayhan has 60 seconds left.\n|inactive|Jhoan-brayhan has 30 seconds left.\n|inactive|Jhoan-brayhan has 20 seconds left.\n|inactive|Jhoan-brayhan has 15 seconds left.\n|inactive|Jhoan-brayhan has 10 seconds left.\n|inactive|Jhoan-brayhan has 5 seconds left.\n|-message|Jhoan-brayhan lost due to inactivity.\n|\n|win|cotesmcgotes\n|raw|cotesmcgotes's rating: 1328 &rarr; <strong>1347<\/strong><br \/>(+19 for winning)\n|raw|Jhoan-brayhan's rating: 1308 &rarr; <strong>1289<\/strong><br \/>(-19 for losing)\n","uploadtime":1700762074,"views":11,"p1id":"cotesmcgotes","p2id":"jhoanbrayhan","formatid":"gen9doublesou","rating":1289,"private":0,"password":""}