{"id":"gen9doublesou-1975168925","p1":"ChimeBliss","p2":"Accelgor321","format":"[Gen 9] Doubles OU","log":"|j|\u2606ChimeBliss\n|j|\u2606Accelgor321\n|t:|1698167240\n|gametype|doubles\n|player|p1|ChimeBliss|dawn-gen4pt|1514\n|player|p2|Accelgor321|hilbert|1402\n|teamsize|p1|6\n|teamsize|p2|6\n|gen|9\n|tier|[Gen 9] Doubles OU\n|rated|\n|rule|Species Clause: Limit one of each Pok\u00e9mon\n|rule|OHKO Clause: OHKO moves are banned\n|rule|Evasion Moves Clause: Evasion moves are banned\n|rule|Gravity Sleep Clause: The combination of sleep-inducing moves with imperfect accuracy and Gravity or Gigantamax Orbeetle are banned\n|rule|Endless Battle Clause: Forcing endless battles is banned\n|rule|HP Percentage Mod: HP is shown in percentages\n|clearpoke\n|poke|p1|Chien-Pao|\n|poke|p1|Tornadus, M|\n|poke|p1|Dragonite, F|\n|poke|p1|Chi-Yu|\n|poke|p1|Flutter Mane|\n|poke|p1|Landorus, M|\n|poke|p2|Glimmora, F|\n|poke|p2|Iron Hands|\n|poke|p2|Murkrow, M|\n|poke|p2|Gholdengo|\n|poke|p2|Flutter Mane|\n|poke|p2|Chien-Pao|\n|teampreview\n|inactive|Battle timer is ON: inactive players will automatically lose when time's up. (requested by ChimeBliss)\n|inactive|Accelgor321 also wants the timer to be on.\n|inactive|ChimeBliss has 120 seconds left.\n|\n|t:|1698167279\n|start\n|switch|p1a: Chi-Yu|Chi-Yu|100\/100\n|switch|p1b: Chien-Pao|Chien-Pao|100\/100\n|switch|p2a: Iron Hands|Iron Hands|100\/100\n|switch|p2b: Glimmora|Glimmora, F|100\/100\n|-ability|p1a: Chi-Yu|Beads of Ruin\n|-ability|p1b: Chien-Pao|Sword of Ruin\n|turn|1\n|\n|t:|1698167309\n|-terastallize|p1a: Chi-Yu|Ghost\n|move|p1b: Chien-Pao|Protect|p1b: Chien-Pao\n|-singleturn|p1b: Chien-Pao|Protect\n|move|p1a: Chi-Yu|Heat Wave|p2a: Iron Hands|[spread] p2b\n|-miss|p1a: Chi-Yu|p2a: Iron Hands\n|-resisted|p2b: Glimmora\n|-damage|p2b: Glimmora|64\/100\n|move|p2b: Glimmora|Mortal Spin|p1b: Chien-Pao|[spread] p1a\n|-activate|p1b: Chien-Pao|move: Protect\n|-resisted|p1a: Chi-Yu\n|-damage|p1a: Chi-Yu|95\/100\n|-status|p1a: Chi-Yu|psn\n|move|p2a: Iron Hands|Drain Punch|p1b: Chien-Pao\n|-activate|p1b: Chien-Pao|move: Protect\n|\n|-damage|p1a: Chi-Yu|83\/100 psn|[from] psn\n|upkeep\n|turn|2\n|\n|t:|1698167322\n|move|p1a: Chi-Yu|Heat Wave|p2a: Iron Hands|[spread] p2a,p2b\n|-resisted|p2b: Glimmora\n|-damage|p2a: Iron Hands|73\/100\n|-damage|p2b: Glimmora|24\/100\n|-enditem|p2b: Glimmora|Sitrus Berry|[eat]\n|-heal|p2b: Glimmora|49\/100|[from] item: Sitrus Berry\n|move|p1b: Chien-Pao|Ice Spinner|p2a: Iron Hands\n|-damage|p2a: Iron Hands|39\/100\n|move|p2b: Glimmora|Mortal Spin|p1a: Chi-Yu|[spread] p1a,p1b\n|-resisted|p1a: Chi-Yu\n|-damage|p1a: Chi-Yu|77\/100 psn\n|-damage|p1b: Chien-Pao|94\/100\n|-status|p1b: Chien-Pao|psn\n|move|p2a: Iron Hands|Drain Punch|p1b: Chien-Pao\n|-supereffective|p1b: Chien-Pao\n|-damage|p1b: Chien-Pao|0 fnt\n|-heal|p2a: Iron Hands|68\/100|[from] drain|[of] p1b: Chien-Pao\n|faint|p1b: Chien-Pao\n|\n|-damage|p1a: Chi-Yu|65\/100 psn|[from] psn\n|upkeep\n|\n|t:|1698167332\n|switch|p1b: Landorus|Landorus, M|100\/100\n|turn|3\n|\n|t:|1698167345\n|-end|p2a: Iron Hands|Quark Drive|[silent]\n|switch|p2a: Murkrow|Murkrow, M|100\/100\n|move|p1a: Chi-Yu|Heat Wave|p2b: Glimmora|[spread] p2a,p2b\n|-resisted|p2b: Glimmora\n|-enditem|p2a: Murkrow|Focus Sash\n|-damage|p2a: Murkrow|1\/100\n|-damage|p2b: Glimmora|11\/100\n|move|p1b: Landorus|Sandsear Storm|p2b: Glimmora|[spread] \n|-immune|p2a: Murkrow\n|-miss|p1b: Landorus|p2b: Glimmora\n|move|p2b: Glimmora|Stealth Rock|p1b: Landorus\n|-sidestart|p1: ChimeBliss|move: Stealth Rock\n|\n|-damage|p1a: Chi-Yu|52\/100 psn|[from] psn\n|upkeep\n|turn|4\n|\n|t:|1698167374\n|switch|p1b: Tornadus|Tornadus, M|100\/100\n|-damage|p1b: Tornadus|75\/100|[from] Stealth Rock\n|move|p2a: Murkrow|Tailwind|p2a: Murkrow\n|-sidestart|p2: Accelgor321|move: Tailwind\n|move|p2b: Glimmora|Power Gem|p1a: Chi-Yu\n|-damage|p1a: Chi-Yu|3\/100 psn\n|move|p1a: Chi-Yu|Heat Wave|p2b: Glimmora|[spread] p2a,p2b\n|-crit|p2a: Murkrow\n|-resisted|p2b: Glimmora\n|-damage|p2a: Murkrow|0 fnt\n|-damage|p2b: Glimmora|0 fnt\n|faint|p2a: Murkrow\n|faint|p2b: Glimmora\n|\n|-damage|p1a: Chi-Yu|0 fnt|[from] psn\n|faint|p1a: Chi-Yu\n|upkeep\n|\n|t:|1698167401\n|switch|p1a: Landorus|Landorus, M|100\/100\n|switch|p2a: Chien-Pao|Chien-Pao|100\/100\n|switch|p2b: Iron Hands|Iron Hands|68\/100\n|-ability|p2a: Chien-Pao|Sword of Ruin\n|-damage|p1a: Landorus|88\/100|[from] Stealth Rock\n|turn|5\n|\n|t:|1698167415\n|move|p1a: Landorus|Protect|p1a: Landorus\n|-singleturn|p1a: Landorus|Protect\n|move|p1b: Tornadus|Tailwind|p1b: Tornadus\n|-sidestart|p1: ChimeBliss|move: Tailwind\n|move|p2a: Chien-Pao|Ice Spinner|p1a: Landorus\n|-activate|p1a: Landorus|move: Protect\n|move|p2b: Iron Hands|Wild Charge|p1b: Tornadus\n|-supereffective|p1b: Tornadus\n|-damage|p1b: Tornadus|0 fnt\n|faint|p1b: Tornadus\n|-damage|p2b: Iron Hands|57\/100|[from] Recoil\n|\n|upkeep\n|\n|t:|1698167437\n|switch|p1b: Dragonite|Dragonite, F, shiny|100\/100\n|-damage|p1b: Dragonite|75\/100|[from] Stealth Rock\n|turn|6\n|\n|t:|1698167464\n|-end|p2b: Iron Hands|Quark Drive|[silent]\n|switch|p2b: Gholdengo|Gholdengo|100\/100\n|move|p2a: Chien-Pao|Ice Spinner|p1a: Landorus\n|-supereffective|p1a: Landorus\n|-damage|p1a: Landorus|0 fnt\n|faint|p1a: Landorus\n|move|p1b: Dragonite|Iron Head|p2a: Chien-Pao\n|-supereffective|p2a: Chien-Pao\n|-enditem|p2a: Chien-Pao|Focus Sash\n|-damage|p2a: Chien-Pao|1\/100\n|\n|upkeep\n|\n|t:|1698167469\n|switch|p1a: Flutter Mane|Flutter Mane|100\/100\n|-damage|p1a: Flutter Mane|88\/100|[from] Stealth Rock\n|turn|7\n|\n|t:|1698167493\n|move|p2a: Chien-Pao|Ice Shard|p1b: Dragonite\n|-supereffective|p1b: Dragonite\n|-damage|p1b: Dragonite|0 fnt\n|faint|p1b: Dragonite\n|move|p1a: Flutter Mane|Dazzling Gleam|p2a: Chien-Pao|[spread] p2a,p2b\n|-supereffective|p2a: Chien-Pao\n|-resisted|p2b: Gholdengo\n|-damage|p2a: Chien-Pao|0 fnt\n|-damage|p2b: Gholdengo|72\/100\n|faint|p2a: Chien-Pao\n|move|p2b: Gholdengo|Make It Rain|p1a: Flutter Mane\n|-supereffective|p1a: Flutter Mane\n|-damage|p1a: Flutter Mane|0 fnt\n|-unboost|p2b: Gholdengo|spa|1\n|faint|p1a: Flutter Mane\n|-end|p1a: Flutter Mane|Protosynthesis|[silent]\n|\n|win|Accelgor321\n|raw|ChimeBliss's rating: 1514 &rarr; <strong>1488<\/strong><br \/>(-26 for losing)\n|raw|Accelgor321's rating: 1402 &rarr; <strong>1428<\/strong><br \/>(+26 for winning)\n","uploadtime":1698167497,"views":7,"p1id":"chimebliss","p2id":"accelgor321","formatid":"gen9doublesou","rating":1428,"private":0,"password":""}