{"id":"gen9doublesou-1981729333","p1":"Incineroar456","p2":"temmeboi","format":"[Gen 9] Doubles OU","log":"|j|\u2606Incineroar456\n|j|\u2606temmeboi\n|t:|1698937157\n|gametype|doubles\n|player|p1|Incineroar456|brycen|1286\n|player|p2|temmeboi|tuber|1180\n|teamsize|p1|6\n|teamsize|p2|6\n|gen|9\n|tier|[Gen 9] Doubles OU\n|rated|\n|rule|Species Clause: Limit one of each Pok\u00e9mon\n|rule|OHKO Clause: OHKO moves are banned\n|rule|Evasion Moves Clause: Evasion moves are banned\n|rule|Gravity Sleep Clause: The combination of sleep-inducing moves with imperfect accuracy and Gravity or Gigantamax Orbeetle are banned\n|rule|Endless Battle Clause: Forcing endless battles is banned\n|rule|HP Percentage Mod: HP is shown in percentages\n|clearpoke\n|poke|p1|Mienshao, M|\n|poke|p1|Fezandipiti, M|\n|poke|p1|Volbeat, M|\n|poke|p1|Arcanine-Hisui, F|\n|poke|p1|Ogerpon-Wellspring, F|\n|poke|p1|Landorus-Therian, M|\n|poke|p2|Amoonguss, M|\n|poke|p2|Iron Hands|\n|poke|p2|Typhlosion-Hisui, F|\n|poke|p2|Dachsbun, F|\n|poke|p2|Empoleon, F|\n|poke|p2|Cresselia, F|\n|teampreview\n|inactive|Battle timer is ON: inactive players will automatically lose when time's up. (requested by temmeboi)\n|\n|t:|1698937168\n|start\n|switch|p1a: Volbeat|Volbeat, M|100\/100\n|switch|p1b: Arcanine|Arcanine-Hisui, F|100\/100\n|switch|p2a: Typhlosion|Typhlosion-Hisui, F|100\/100\n|switch|p2b: Dachsbun|Dachsbun, F|100\/100\n|-item|p1a: Volbeat|Focus Sash|[from] ability: Frisk|[of] p2a: Typhlosion|[identify]\n|-item|p1b: Arcanine|Choice Band|[from] ability: Frisk|[of] p2a: Typhlosion|[identify]\n|turn|1\n|\n|t:|1698937182\n|move|p1a: Volbeat|Tailwind|p1a: Volbeat\n|-sidestart|p1: Incineroar456|move: Tailwind\n|move|p1b: Arcanine|Head Smash|p2a: Typhlosion|[miss]\n|-miss|p1b: Arcanine|p2a: Typhlosion\n|move|p2a: Typhlosion|Lava Plume|p1a: Volbeat|[spread] p1a,p1b\n|-ability|p2b: Dachsbun|Well-Baked Body|boost\n|-boost|p2b: Dachsbun|def|2\n|-supereffective|p1a: Volbeat\n|-resisted|p1b: Arcanine\n|-damage|p1a: Volbeat|56\/100\n|-damage|p1b: Arcanine|92\/100\n|move|p2b: Dachsbun|Yawn|p1b: Arcanine\n|-start|p1b: Arcanine|move: Yawn|[of] p2b: Dachsbun\n|\n|upkeep\n|turn|2\n|\n|t:|1698937210\n|move|p1a: Volbeat|Taunt|p2b: Dachsbun\n|-start|p2b: Dachsbun|move: Taunt\n|move|p1b: Arcanine|Head Smash|p2a: Typhlosion|[miss]\n|-miss|p1b: Arcanine|p2a: Typhlosion\n|move|p2a: Typhlosion|Lava Plume|p1b: Arcanine|[spread] p1a,p1b\n|-ability|p2b: Dachsbun|Well-Baked Body|boost\n|-boost|p2b: Dachsbun|def|2\n|-supereffective|p1a: Volbeat\n|-resisted|p1b: Arcanine\n|-damage|p1a: Volbeat|8\/100\n|-damage|p1b: Arcanine|83\/100\n|move|p2b: Dachsbun|Body Press|p1b: Arcanine\n|-supereffective|p1b: Arcanine\n|-damage|p1b: Arcanine|0 fnt\n|faint|p1b: Arcanine\n|\n|upkeep\n|\n|t:|1698937226\n|switch|p1b: Fezandipiti|Fezandipiti, M|100\/100\n|turn|3\n|\n|t:|1698937240\n|move|p1b: Fezandipiti|Sludge Bomb|p2b: Dachsbun\n|-supereffective|p2b: Dachsbun\n|-damage|p2b: Dachsbun|17\/100\n|move|p1a: Volbeat|U-turn|p2a: Typhlosion\n|-resisted|p2a: Typhlosion\n|-damage|p2a: Typhlosion|93\/100\n|\n|t:|1698937248\n|switch|p1a: Ogerpon|Ogerpon-Wellspring, F|100\/100|[from] U-turn\n|move|p2a: Typhlosion|Will-O-Wisp|p1b: Fezandipiti\n|-status|p1b: Fezandipiti|brn\n|move|p2b: Dachsbun|Body Press|p1a: Ogerpon\n|-damage|p1a: Ogerpon|0 fnt\n|faint|p1a: Ogerpon\n|\n|-heal|p2a: Typhlosion|99\/100|[from] item: Leftovers\n|-heal|p2b: Dachsbun|23\/100|[from] item: Leftovers\n|-damage|p1b: Fezandipiti|95\/100 brn|[from] brn\n|upkeep\n|\n|t:|1698937260\n|switch|p1a: Mienshao|Mienshao, M|100\/100\n|turn|4\n|\n|t:|1698937277\n|move|p1a: Mienshao|Knock Off|p2a: Typhlosion\n|-supereffective|p2a: Typhlosion\n|-damage|p2a: Typhlosion|5\/100\n|-enditem|p2a: Typhlosion|Leftovers|[from] move: Knock Off|[of] p1a: Mienshao\n|move|p1b: Fezandipiti|Dazzling Gleam|p2b: Dachsbun|[spread] p2a,p2b\n|-resisted|p2a: Typhlosion\n|-damage|p2a: Typhlosion|0 fnt\n|-damage|p2b: Dachsbun|0 fnt\n|faint|p2a: Typhlosion\n|faint|p2b: Dachsbun\n|\n|-damage|p1b: Fezandipiti|89\/100 brn|[from] brn\n|-sideend|p1: Incineroar456|move: Tailwind\n|upkeep\n|\n|t:|1698937289\n|switch|p2a: Iron Hands|Iron Hands|100\/100\n|switch|p2b: Amoonguss|Amoonguss, M|100\/100\n|turn|5\n|inactive|temmeboi has 120 seconds left.\n|\n|t:|1698937322\n|-terastallize|p2a: Iron Hands|Flying\n|move|p1a: Mienshao|Knock Off|p2b: Amoonguss\n|-damage|p2b: Amoonguss|66\/100\n|-enditem|p2b: Amoonguss|Black Sludge|[from] move: Knock Off|[of] p1a: Mienshao\n|move|p1b: Fezandipiti|Heat Wave|p2b: Amoonguss|[spread] p2a,p2b\n|-supereffective|p2b: Amoonguss\n|-damage|p2a: Iron Hands|86\/100\n|-damage|p2b: Amoonguss|45\/100\n|move|p2a: Iron Hands|Belly Drum|p2a: Iron Hands\n|-damage|p2a: Iron Hands|36\/100\n|-setboost|p2a: Iron Hands|atk|6|[from] move: Belly Drum\n|-enditem|p2a: Iron Hands|Sitrus Berry|[eat]\n|-heal|p2a: Iron Hands|61\/100|[from] item: Sitrus Berry\n|move|p2b: Amoonguss|Spore||[still]\n|-fail|p2b: Amoonguss\n|\n|-damage|p1b: Fezandipiti|83\/100 brn|[from] brn\n|upkeep\n|turn|6\n|inactive|temmeboi has 120 seconds left.\n|\n|t:|1698937348\n|move|p1a: Mienshao|Knock Off|p2a: Iron Hands\n|-damage|p2a: Iron Hands|46\/100\n|move|p1b: Fezandipiti|Heat Wave|p2a: Iron Hands|[spread] p2a,p2b\n|-supereffective|p2b: Amoonguss\n|-damage|p2a: Iron Hands|30\/100\n|-damage|p2b: Amoonguss|25\/100\n|move|p2a: Iron Hands|Drain Punch|p1a: Mienshao\n|-damage|p1a: Mienshao|0 fnt\n|-heal|p2a: Iron Hands|57\/100|[from] drain|[of] p1a: Mienshao\n|faint|p1a: Mienshao\n|move|p2b: Amoonguss|Pollen Puff|p2a: Iron Hands\n|-heal|p2a: Iron Hands|100\/100\n|\n|-damage|p1b: Fezandipiti|77\/100 brn|[from] brn\n|upkeep\n|\n|t:|1698937360\n|switch|p1a: Landorus|Landorus-Therian, M|100\/100\n|-ability|p1a: Landorus|Intimidate|boost\n|-unboost|p2a: Iron Hands|atk|1\n|-unboost|p2b: Amoonguss|atk|1\n|turn|7\n|\n|t:|1698937381\n|move|p1b: Fezandipiti|Icy Wind|p2a: Iron Hands|[spread] p2a,p2b\n|-supereffective|p2a: Iron Hands\n|-supereffective|p2b: Amoonguss\n|-damage|p2a: Iron Hands|84\/100\n|-damage|p2b: Amoonguss|13\/100\n|-unboost|p2a: Iron Hands|spe|1\n|-unboost|p2b: Amoonguss|spe|1\n|move|p1a: Landorus|Rock Slide|p2a: Iron Hands|[spread] p2a,p2b\n|-supereffective|p2a: Iron Hands\n|-crit|p2a: Iron Hands\n|-damage|p2a: Iron Hands|45\/100\n|-damage|p2b: Amoonguss|0 fnt\n|faint|p2b: Amoonguss\n|move|p2a: Iron Hands|Iron Head|p1b: Fezandipiti\n|-supereffective|p1b: Fezandipiti\n|-damage|p1b: Fezandipiti|0 fnt\n|faint|p1b: Fezandipiti\n|\n|upkeep\n|\n|t:|1698937395\n|switch|p1b: Volbeat|Volbeat, M|8\/100\n|switch|p2b: Cresselia|Cresselia, F|100\/100\n|turn|8\n|\n|t:|1698937405\n|move|p1b: Volbeat|Taunt|p2b: Cresselia\n|-start|p2b: Cresselia|move: Taunt\n|-enditem|p2b: Cresselia|Mental Herb\n|-end|p2b: Cresselia|move: Taunt\n|move|p1a: Landorus|Rock Slide|p2b: Cresselia|[spread] p2b\n|-miss|p1a: Landorus|p2a: Iron Hands\n|-crit|p2b: Cresselia\n|-damage|p2b: Cresselia|80\/100\n|move|p2b: Cresselia|Lunar Blessing|p2b: Cresselia|[spread] p2a,p2b\n|-heal|p2a: Iron Hands|70\/100\n|-heal|p2b: Cresselia|100\/100\n|move|p2a: Iron Hands|Drain Punch|p1b: Volbeat\n|-resisted|p1b: Volbeat\n|-crit|p1b: Volbeat\n|-damage|p1b: Volbeat|0 fnt\n|-heal|p2a: Iron Hands|72\/100|[from] drain|[of] p1b: Volbeat\n|faint|p1b: Volbeat\n|\n|upkeep\n|turn|9\n|-message|Incineroar456 forfeited.\n|\n|win|temmeboi\n|raw|Incineroar456's rating: 1286 &rarr; <strong>1254<\/strong><br \/>(-32 for losing)\n|raw|temmeboi's rating: 1180 &rarr; <strong>1212<\/strong><br \/>(+32 for winning)\n|l|\u2606Incineroar456\n","uploadtime":1698937439,"views":17,"p1id":"incineroar456","p2id":"temmeboi","formatid":"gen9doublesou","rating":1212,"private":0,"password":""}