{"id":"gen9doublesou-1989360431","p1":"Shadow Ballers","p2":"Joecheve13","format":"[Gen 9] Doubles OU","log":"|j|\u2606Shadow Ballers\n|j|\u2606Joecheve13\n|t:|1699840632\n|gametype|doubles\n|player|p1|Shadow Ballers|roughneck|1563\n|player|p2|Joecheve13|grimsley|1597\n|teamsize|p1|6\n|teamsize|p2|6\n|gen|9\n|tier|[Gen 9] Doubles OU\n|rated|\n|rule|Species Clause: Limit one of each Pok\u00e9mon\n|rule|OHKO Clause: OHKO moves are banned\n|rule|Evasion Moves Clause: Evasion moves are banned\n|rule|Gravity Sleep Clause: The combination of sleep-inducing moves with imperfect accuracy and Gravity or Gigantamax Orbeetle are banned\n|rule|Endless Battle Clause: Forcing endless battles is banned\n|rule|HP Percentage Mod: HP is shown in percentages\n|clearpoke\n|poke|p1|Ogerpon-Wellspring, F|\n|poke|p1|Ceruledge, M|\n|poke|p1|Iron Hands|\n|poke|p1|Landorus-Therian, M|\n|poke|p1|Weezing-Galar, F|\n|poke|p1|Weavile, M|\n|poke|p2|Tornadus, M|\n|poke|p2|Scizor, F|\n|poke|p2|Iron Hands|\n|poke|p2|Landorus, M|\n|poke|p2|Volcanion|\n|poke|p2|Garganacl, F|\n|teampreview\n|inactive|Battle timer is ON: inactive players will automatically lose when time's up. (requested by Shadow Ballers)\n|\n|t:|1699840665\n|start\n|switch|p1a: Weavile|Weavile, M, shiny|100\/100\n|switch|p1b: Weezing|Weezing-Galar, F, shiny|100\/100\n|switch|p2a: Tornadus|Tornadus, M|100\/100\n|switch|p2b: Scizor|Scizor, F|100\/100\n|-ability|p1b: Weezing|Neutralizing Gas\n|turn|1\n|\n|t:|1699840693\n|-terastallize|p1a: Weavile|Ghost\n|move|p2b: Scizor|Bullet Punch|p1a: Weavile\n|-damage|p1a: Weavile|48\/100\n|move|p1a: Weavile|Icicle Spear|p2a: Tornadus\n|-supereffective|p2a: Tornadus\n|-damage|p2a: Tornadus|71\/100\n|-supereffective|p2a: Tornadus\n|-damage|p2a: Tornadus|37\/100\n|-supereffective|p2a: Tornadus\n|-damage|p2a: Tornadus|8\/100\n|-supereffective|p2a: Tornadus\n|-damage|p2a: Tornadus|0 fnt\n|faint|p2a: Tornadus\n|-hitcount|p2: Tornadus|4\n|move|p1b: Weezing|Taunt|p2b: Scizor\n|-start|p2b: Scizor|move: Taunt\n|\n|upkeep\n|\n|t:|1699840708\n|switch|p2a: Landorus|Landorus, M|100\/100\n|turn|2\n|inactive|Shadow Ballers has 120 seconds left.\n|\n|t:|1699840750\n|switch|p1a: Ceruledge|Ceruledge, M, shiny|100\/100\n|-end|p1b: Weezing|ability: Neutralizing Gas\n|switch|p1b: Landorus|Landorus-Therian, M, shiny|100\/100\n|-ability|p1b: Landorus|Intimidate|boost\n|-unboost|p2a: Landorus|atk|1\n|-unboost|p2b: Scizor|atk|1\n|move|p2b: Scizor|Bullet Punch|p1a: Ceruledge\n|-resisted|p1a: Ceruledge\n|-damage|p1a: Ceruledge|82\/100\n|move|p2a: Landorus|Sandsear Storm|p1a: Ceruledge|[spread] \n|-immune|p1b: Landorus\n|-miss|p2a: Landorus|p1a: Ceruledge\n|\n|upkeep\n|turn|3\n|inactive|Shadow Ballers has 120 seconds left.\n|\n|t:|1699840770\n|switch|p2b: Volcanion|Volcanion|100\/100\n|move|p1b: Landorus|Rock Slide|p2a: Landorus|[spread] p2a\n|-miss|p1b: Landorus|p2b: Volcanion\n|-damage|p2a: Landorus|75\/100\n|move|p2a: Landorus|Stealth Rock|p1b: Landorus\n|-sidestart|p1: Shadow Ballers|move: Stealth Rock\n|move|p1a: Ceruledge|Bitter Blade|p2b: Volcanion\n|-resisted|p2b: Volcanion\n|-damage|p2b: Volcanion|88\/100\n|-heal|p1a: Ceruledge|89\/100|[from] drain|[of] p2b: Volcanion\n|-damage|p1a: Ceruledge|79\/100|[from] item: Life Orb\n|\n|upkeep\n|turn|4\n|inactive|Shadow Ballers has 120 seconds left.\n|\n|t:|1699840791\n|move|p1b: Landorus|Rock Slide|p2b: Volcanion|[spread] p2a,p2b\n|-supereffective|p2b: Volcanion\n|-damage|p2a: Landorus|52\/100\n|-damage|p2b: Volcanion|56\/100\n|cant|p2a: Landorus|flinch\n|move|p1a: Ceruledge|Close Combat|p2b: Volcanion\n|-damage|p2b: Volcanion|9\/100\n|-unboost|p1a: Ceruledge|def|1\n|-unboost|p1a: Ceruledge|spd|1\n|-damage|p1a: Ceruledge|69\/100|[from] item: Life Orb\n|cant|p2b: Volcanion|flinch\n|\n|upkeep\n|turn|5\n|\n|t:|1699840813\n|move|p1a: Ceruledge|Shadow Sneak|p2b: Volcanion\n|-damage|p2b: Volcanion|0 fnt\n|faint|p2b: Volcanion\n|-damage|p1a: Ceruledge|59\/100|[from] item: Life Orb\n|move|p1b: Landorus|Rock Slide|p2a: Landorus\n|-damage|p2a: Landorus|20\/100\n|cant|p2a: Landorus|flinch\n|\n|upkeep\n|\n|t:|1699840824\n|switch|p2b: Iron Hands|Iron Hands|100\/100\n|turn|6\n|c|\u2606Shadow Ballers|Ouch\n|c|\u2606Joecheve13|right?\n|\n|t:|1699840845\n|switch|p1b: Weezing|Weezing-Galar, F, shiny|100\/100\n|-ability|p1b: Weezing|Neutralizing Gas\n|-damage|p1b: Weezing|88\/100|[from] Stealth Rock\n|move|p2b: Iron Hands|Fake Out|p1b: Weezing\n|-damage|p1b: Weezing|76\/100\n|move|p1a: Ceruledge|Shadow Sneak|p2a: Landorus\n|-damage|p2a: Landorus|0 fnt\n|faint|p2a: Landorus\n|-damage|p1a: Ceruledge|49\/100|[from] item: Life Orb\n|\n|upkeep\n|\n|t:|1699840865\n|switch|p2a: Garganacl|Garganacl, F|100\/100\n|turn|7\n|\n|t:|1699840880\n|switch|p1a: Iron Hands|Iron Hands, shiny|100\/100\n|-damage|p1a: Iron Hands|94\/100|[from] Stealth Rock\n|move|p2a: Garganacl|Protect|p2a: Garganacl\n|-singleturn|p2a: Garganacl|Protect\n|move|p2b: Iron Hands|Swords Dance|p2b: Iron Hands\n|-boost|p2b: Iron Hands|atk|2\n|move|p1b: Weezing|Play Rough|p2b: Iron Hands\n|-supereffective|p2b: Iron Hands\n|-damage|p2b: Iron Hands|54\/100\n|\n|upkeep\n|turn|8\n|\n|t:|1699840905\n|-terastallize|p2a: Garganacl|Ghost\n|move|p1a: Iron Hands|Fake Out|p2b: Iron Hands\n|-damage|p2b: Iron Hands|44\/100\n|-enditem|p2b: Iron Hands|Sitrus Berry|[eat]\n|-heal|p2b: Iron Hands|69\/100|[from] item: Sitrus Berry\n|cant|p2b: Iron Hands|flinch\n|move|p1b: Weezing|Play Rough|p2b: Iron Hands\n|-supereffective|p2b: Iron Hands\n|-damage|p2b: Iron Hands|22\/100\n|move|p2a: Garganacl|Salt Cure|p1a: Iron Hands\n|-resisted|p1a: Iron Hands\n|-damage|p1a: Iron Hands|90\/100\n|-start|p1a: Iron Hands|Salt Cure\n|\n|-damage|p1a: Iron Hands|77\/100|[from] Salt Cure\n|upkeep\n|turn|9\n|\n|t:|1699840933\n|-end|p1a: Iron Hands|Quark Drive|[silent]\n|switch|p1a: Ceruledge|Ceruledge, M, shiny|49\/100\n|-damage|p1a: Ceruledge|24\/100|[from] Stealth Rock\n|move|p2a: Garganacl|Protect|p2a: Garganacl\n|-singleturn|p2a: Garganacl|Protect\n|move|p2b: Iron Hands|Wild Charge|p1b: Weezing\n|-damage|p1b: Weezing|1\/100\n|-damage|p2b: Iron Hands|9\/100|[from] Recoil\n|move|p1b: Weezing|Play Rough|p2b: Iron Hands\n|-supereffective|p2b: Iron Hands\n|-damage|p2b: Iron Hands|0 fnt\n|faint|p2b: Iron Hands\n|-end|p2b: Iron Hands|Quark Drive|[silent]\n|\n|upkeep\n|inactive|Joecheve13 has 120 seconds left.\n|\n|t:|1699840950\n|switch|p2b: Scizor|Scizor, F|100\/100\n|turn|10\n|\n|t:|1699840962\n|move|p2b: Scizor|Bullet Punch|p1a: Ceruledge\n|-resisted|p1a: Ceruledge\n|-damage|p1a: Ceruledge|5\/100\n|move|p1a: Ceruledge|Bitter Blade|p2b: Scizor\n|-supereffective|p2b: Scizor\n|-damage|p2b: Scizor|0 fnt\n|-heal|p1a: Ceruledge|54\/100|[from] drain|[of] p2b: Scizor\n|faint|p2b: Scizor\n|-damage|p1a: Ceruledge|44\/100|[from] item: Life Orb\n|move|p1b: Weezing|Taunt|p2a: Garganacl\n|-start|p2a: Garganacl|move: Taunt\n|move|p2a: Garganacl|Salt Cure|p1b: Weezing\n|-damage|p1b: Weezing|0 fnt\n|faint|p1b: Weezing\n|-end|p1b: Weezing|ability: Neutralizing Gas\n|\n|upkeep\n|-message|Joecheve13 forfeited.\n|\n|win|Shadow Ballers\n|raw|Shadow Ballers's rating: 1563 &rarr; <strong>1585<\/strong><br \/>(+22 for winning)\n|raw|Joecheve13's rating: 1597 &rarr; <strong>1575<\/strong><br \/>(-22 for losing)\n|l|\u2606Joecheve13\n|c|\u2606Shadow Ballers|Gg\n","uploadtime":1699840994,"views":12,"p1id":"shadowballers","p2id":"joecheve13","formatid":"gen9doublesou","rating":1575,"private":0,"password":""}