{"id":"gen9doublesou-1969924089","p1":"Fkcomplex","p2":"tumblezz","format":"[Gen 9] Doubles OU","log":"|j|\u2606Fkcomplex\n|j|\u2606tumblezz\n|inactive|Battle timer is ON: inactive players will automatically lose when time's up.\n|t:|1697576398\n|gametype|doubles\n|player|p1|Fkcomplex|alder|\n|player|p2|tumblezz|1|\n|teamsize|p1|2\n|teamsize|p2|2\n|gen|9\n|tier|[Gen 9] Doubles OU\n|rated|Tournament battle\n|rule|Species Clause: Limit one of each Pok\u00e9mon\n|rule|OHKO Clause: OHKO moves are banned\n|rule|Evasion Moves Clause: Evasion moves are banned\n|rule|Gravity Sleep Clause: The combination of sleep-inducing moves with imperfect accuracy and Gravity or Gigantamax Orbeetle are banned\n|rule|Endless Battle Clause: Forcing endless battles is banned\n|rule|HP Percentage Mod: HP is shown in percentages\n|clearpoke\n|poke|p1|Croagunk, F|\n|poke|p1|Frigibax, M|\n|poke|p2|Gligar, M|\n|poke|p2|Cufant, F|\n|teampreview\n|j|*Lady Monita \u263d\n|\n|t:|1697576417\n|start\n|switch|p1a: Croagunk|Croagunk, F|100\/100\n|switch|p1b: Frigibax|Frigibax, M|100\/100\n|switch|p2a: Cufant|Cufant, F|100\/100\n|switch|p2b: Gligar|Gligar, M, shiny|100\/100\n|turn|1\n|\n|t:|1697576431\n|-terastallize|p2b: Gligar|Water\n|move|p1a: Croagunk|Fake Out|p2a: Cufant\n|-resisted|p2a: Cufant\n|-damage|p2a: Cufant|95\/100\n|move|p2b: Gligar|Dual Wingbeat|p1a: Croagunk\n|-supereffective|p1a: Croagunk\n|-crit|p1a: Croagunk\n|-damage|p1a: Croagunk|52\/100\n|-supereffective|p1a: Croagunk\n|-damage|p1a: Croagunk|20\/100\n|-hitcount|p1a: Croagunk|2\n|move|p1b: Frigibax|Icicle Spear|p2b: Gligar\n|-resisted|p2b: Gligar\n|-damage|p2b: Gligar|98\/100\n|-resisted|p2b: Gligar\n|-damage|p2b: Gligar|95\/100\n|-resisted|p2b: Gligar\n|-damage|p2b: Gligar|92\/100\n|-hitcount|p2b: Gligar|3\n|cant|p2a: Cufant|flinch\n|\n|upkeep\n|turn|2\n|\n|t:|1697576450\n|move|p2b: Gligar|Rock Slide|p1b: Frigibax|[spread] p1a,p1b\n|-resisted|p1a: Croagunk\n|-supereffective|p1b: Frigibax\n|-damage|p1a: Croagunk|13\/100\n|-damage|p1b: Frigibax|75\/100\n|move|p1b: Frigibax|Crunch|p2b: Gligar\n|-damage|p2b: Gligar|82\/100\n|move|p1a: Croagunk|Drain Punch|p2a: Cufant\n|-supereffective|p2a: Cufant\n|-damage|p2a: Cufant|38\/100\n|-heal|p1a: Croagunk|40\/100|[from] drain|[of] p2a: Cufant\n|move|p2a: Cufant|Iron Defense|p2a: Cufant\n|-boost|p2a: Cufant|def|2\n|\n|upkeep\n|turn|3\n|j| ThatBoyBobby\n|j| ZacianBoi101\n|\n|t:|1697576468\n|move|p2b: Gligar|Dual Wingbeat|p1a: Croagunk|[miss]\n|-miss|p2b: Gligar|p1a: Croagunk\n|move|p1b: Frigibax|Outrage|p2b: Gligar\n|-damage|p2b: Gligar|60\/100\n|move|p1a: Croagunk|Drain Punch|p2a: Cufant\n|-supereffective|p2a: Cufant\n|-damage|p2a: Cufant|8\/100\n|-heal|p1a: Croagunk|54\/100|[from] drain|[of] p2a: Cufant\n|move|p2a: Cufant|Body Press|p1b: Frigibax\n|-supereffective|p1b: Frigibax\n|-damage|p1b: Frigibax|4\/100\n|\n|upkeep\n|turn|4\n|\n|t:|1697576497\n|-terastallize|p1a: Croagunk|Dark\n|move|p1a: Croagunk|Sucker Punch|p2a: Cufant\n|-damage|p2a: Cufant|0 fnt\n|faint|p2a: Cufant\n|move|p2b: Gligar|Rock Slide|p1b: Frigibax|[spread] p1a,p1b\n|-supereffective|p1b: Frigibax\n|-damage|p1a: Croagunk|38\/100\n|-damage|p1b: Frigibax|0 fnt\n|faint|p1b: Frigibax\n|\n|upkeep\n|turn|5\n|\n|t:|1697576510\n|move|p2b: Gligar|Earthquake|p1a: Croagunk\n|-damage|p1a: Croagunk|0 fnt\n|faint|p1a: Croagunk\n|\n|win|tumblezz\n|n|\u2606Fkcomplex|fkcomplex\n|n|\u2606tumblezz|tumblezz\n|n|*Lady Monita \u263d|ladymonita\n|n| ThatBoyBobby|thatboybobby\n|n| ZacianBoi101|zacianboi101\n","uploadtime":1697576511,"views":10,"p1id":"fkcomplex","p2id":"tumblezz","formatid":"gen9doublesou","rating":0,"private":0,"password":""}