{"id":"gen9doublesou-1998313231","p1":"Blu42","p2":"mghjhhg","format":"[Gen 9] Doubles OU","log":"|j|\u2606Blu42\n|j|\u2606mghjhhg\n|t:|1700928202\n|gametype|doubles\n|player|p1|Blu42|2|1084\n|player|p2|mghjhhg|265|1080\n|teamsize|p1|6\n|teamsize|p2|6\n|gen|9\n|tier|[Gen 9] Doubles OU\n|rated|\n|rule|Species Clause: Limit one of each Pok\u00e9mon\n|rule|OHKO Clause: OHKO moves are banned\n|rule|Evasion Moves Clause: Evasion moves are banned\n|rule|Gravity Sleep Clause: The combination of sleep-inducing moves with imperfect accuracy and Gravity or Gigantamax Orbeetle are banned\n|rule|Endless Battle Clause: Forcing endless battles is banned\n|rule|HP Percentage Mod: HP is shown in percentages\n|clearpoke\n|poke|p1|Oinkologne, M|\n|poke|p1|Maushold|\n|poke|p1|Slaking, F|\n|poke|p1|Amoonguss, F|\n|poke|p1|Sinistcha-Masterpiece|\n|poke|p1|Murkrow, F|\n|poke|p2|Mesprit|\n|poke|p2|Crabominable, F|\n|poke|p2|Glastrier|\n|poke|p2|Mew|\n|poke|p2|Ogerpon-Wellspring, F|\n|poke|p2|Kleavor, M|\n|teampreview\n|inactive|Battle timer is ON: inactive players will automatically lose when time's up. (requested by Blu42)\n|\n|t:|1700928209\n|start\n|switch|p1a: Oinkologne|Oinkologne, M, shiny|100\/100\n|switch|p1b: Slaking|Slaking, F, shiny|100\/100\n|switch|p2a: Mesprit|Mesprit|100\/100\n|switch|p2b: Glastrier|Glastrier|100\/100\n|turn|1\n|\n|t:|1700928232\n|move|p1b: Slaking|Trailblaze|p1a: Oinkologne\n|-damage|p1a: Oinkologne|77\/100\n|-boost|p1b: Slaking|spe|1\n|-activate|p1a: Oinkologne|ability: Lingering Aroma|Truant|[of] p1b: Slaking\n|move|p1a: Oinkologne|Yawn|p2b: Glastrier\n|-start|p2b: Glastrier|move: Yawn|[of] p1a: Oinkologne\n|move|p2b: Glastrier|Close Combat|p1b: Slaking\n|-supereffective|p1b: Slaking\n|-damage|p1b: Slaking|35\/100\n|-unboost|p2b: Glastrier|def|1\n|-unboost|p2b: Glastrier|spd|1\n|-activate|p1b: Slaking|ability: Lingering Aroma|Chilling Neigh|[of] p2b: Glastrier\n|move|p2a: Mesprit|Trick Room|p2a: Mesprit\n|-fieldstart|move: Trick Room|[of] p2a: Mesprit\n|\n|upkeep\n|turn|2\n|\n|t:|1700928259\n|switch|p1a: Sinistcha|Sinistcha-Masterpiece, shiny|100\/100\n|-heal|p1b: Slaking|60\/100|[from] ability: Hospitality|[of] p1a: Sinistcha\n|-terastallize|p1b: Slaking|Fighting\n|move|p2b: Glastrier|Close Combat|p1b: Slaking\n|-damage|p1b: Slaking|29\/100\n|-unboost|p2b: Glastrier|def|1\n|-unboost|p2b: Glastrier|spd|1\n|move|p2a: Mesprit|Reflect|p2a: Mesprit\n|-sidestart|p2: mghjhhg|Reflect\n|move|p1b: Slaking|Drain Punch|p2b: Glastrier\n|-supereffective|p2b: Glastrier\n|-damage|p2b: Glastrier|11\/100\n|-heal|p1b: Slaking|63\/100|[from] drain|[of] p2b: Glastrier\n|\n|-end|p2b: Glastrier|move: Yawn|[silent]\n|-status|p2b: Glastrier|slp\n|upkeep\n|turn|3\n|inactive|mghjhhg has 120 seconds left.\n|\n|t:|1700928300\n|cant|p2b: Glastrier|slp\n|move|p1a: Sinistcha|Life Dew||[still]|[spread] p1a,p1b\n|-fail|p1a: Sinistcha|heal\n|-heal|p1b: Slaking|88\/100\n|move|p2a: Mesprit|Ice Beam|p1a: Sinistcha\n|-supereffective|p1a: Sinistcha\n|-damage|p1a: Sinistcha|51\/100\n|move|p1b: Slaking|Body Slam|p2a: Mesprit\n|-damage|p2a: Mesprit|64\/100\n|\n|upkeep\n|turn|4\n|inactive|mghjhhg has 120 seconds left.\n|\n|t:|1700928323\n|cant|p2b: Glastrier|slp\n|move|p1a: Sinistcha|Foul Play|p2b: Glastrier\n|-damage|p2b: Glastrier|0 fnt\n|-activate|p2b: Glastrier|ability: Lingering Aroma|Hospitality|[of] p1a: Sinistcha\n|faint|p2b: Glastrier\n|move|p2a: Mesprit|Ice Beam|p1a: Sinistcha\n|-supereffective|p1a: Sinistcha\n|-damage|p1a: Sinistcha|0 fnt\n|faint|p1a: Sinistcha\n|move|p1b: Slaking|Body Slam|p2a: Mesprit\n|-damage|p2a: Mesprit|29\/100\n|\n|upkeep\n|inactive|mghjhhg has 120 seconds left.\n|\n|t:|1700928350\n|switch|p2b: Ogerpon|Ogerpon-Wellspring, F|100\/100\n|switch|p1a: Maushold|Maushold, shiny|100\/100\n|turn|5\n|\n|t:|1700928367\n|move|p1a: Maushold|Helping Hand|p1b: Slaking\n|-singleturn|p1b: Slaking|Helping Hand|[of] p1a: Maushold\n|move|p2a: Mesprit|Ice Beam|p1a: Maushold\n|-damage|p1a: Maushold|76\/100\n|move|p2b: Ogerpon|Ivy Cudgel|p1a: Maushold|[anim] Ivy Cudgel Water\n|-damage|p1a: Maushold|5\/100\n|-enditem|p1a: Maushold|Sitrus Berry|[eat]\n|-heal|p1a: Maushold|30\/100|[from] item: Sitrus Berry\n|move|p1b: Slaking|Drain Punch|p2b: Ogerpon\n|-damage|p2b: Ogerpon|39\/100\n|-heal|p1b: Slaking|100\/100|[from] drain|[of] p2b: Ogerpon\n|\n|-fieldend|move: Trick Room\n|upkeep\n|turn|6\n|inactive|Blu42 has 120 seconds left.\n|\n|t:|1700928397\n|move|p1b: Slaking|Drain Punch|p2a: Mesprit\n|-resisted|p2a: Mesprit\n|-damage|p2a: Mesprit|14\/100\n|move|p1a: Maushold|U-turn|p2a: Mesprit\n|-supereffective|p2a: Mesprit\n|-damage|p2a: Mesprit|0 fnt\n|faint|p2a: Mesprit\n|inactive|Blu42 has 120 seconds left.\n|\n|t:|1700928405\n|switch|p1a: Oinkologne|Oinkologne, M, shiny|77\/100|[from] U-turn\n|move|p2b: Ogerpon|Ivy Cudgel|p1a: Oinkologne|[anim] Ivy Cudgel Water\n|-damage|p1a: Oinkologne|20\/100\n|\n|-sideend|p2: mghjhhg|Reflect\n|upkeep\n|\n|t:|1700928416\n|switch|p2a: Mew|Mew|100\/100\n|turn|7\n|\n|t:|1700928433\n|move|p1b: Slaking|Trailblaze|p2b: Ogerpon\n|-damage|p2b: Ogerpon|12\/100\n|-boost|p1b: Slaking|spe|1\n|move|p2b: Ogerpon|Reversal|p1a: Oinkologne\n|-supereffective|p1a: Oinkologne\n|-damage|p1a: Oinkologne|0 fnt\n|-activate|p1a: Oinkologne|ability: Lingering Aroma|Water Absorb|[of] p2b: Ogerpon\n|faint|p1a: Oinkologne\n|move|p2a: Mew|Trick Room|p2a: Mew\n|-fieldstart|move: Trick Room|[of] p2a: Mew\n|\n|upkeep\n|\n|t:|1700928445\n|switch|p1a: Amoonguss|Amoonguss, F, shiny|100\/100\n|turn|8\n|\n|t:|1700928469\n|move|p1a: Amoonguss|Pollen Puff|p2b: Ogerpon\n|-supereffective|p2b: Ogerpon\n|-damage|p2b: Ogerpon|0 fnt\n|faint|p2b: Ogerpon\n|move|p2a: Mew|Brave Bird|p1a: Amoonguss\n|-supereffective|p1a: Amoonguss\n|-damage|p1a: Amoonguss|25\/100\n|-damage|p2a: Mew|69\/100|[from] Recoil\n|move|p1b: Slaking|Body Slam|p2a: Mew\n|-damage|p2a: Mew|8\/100\n|\n|-heal|p1a: Amoonguss|31\/100|[from] item: Black Sludge\n|upkeep\n|\n|t:|1700928489\n|switch|p2b: Crabominable|Crabominable, F|100\/100\n|turn|9\n|\n|t:|1700928517\n|move|p1a: Amoonguss|Spore|p2b: Crabominable\n|-status|p2b: Crabominable|slp|[from] move: Spore\n|cant|p2b: Crabominable|slp\n|move|p2a: Mew|Brave Bird|p1a: Amoonguss\n|-supereffective|p1a: Amoonguss\n|-damage|p1a: Amoonguss|0 fnt\n|faint|p1a: Amoonguss\n|-damage|p2a: Mew|0 fnt|[from] Recoil\n|faint|p2a: Mew\n|move|p1b: Slaking|Trailblaze|p2b: Crabominable\n|-damage|p2b: Crabominable|77\/100 slp\n|-boost|p1b: Slaking|spe|1\n|\n|-heal|p2b: Crabominable|83\/100 slp|[from] item: Leftovers\n|upkeep\n|\n|t:|1700928535\n|switch|p1a: Murkrow|Murkrow, F, shiny|100\/100\n|switch|p2a: Kleavor|Kleavor, M|100\/100\n|turn|10\n|inactive|mghjhhg has 120 seconds left.\n|inactive|mghjhhg has 90 seconds left.\n|inactive|mghjhhg has 60 seconds left.\n|\n|t:|1700928641\n|-terastallize|p2a: Kleavor|Bug\n|cant|p2b: Crabominable|slp\n|move|p2a: Kleavor|Stone Axe|p1a: Murkrow\n|-supereffective|p1a: Murkrow\n|-damage|p1a: Murkrow|0 fnt\n|-sidestart|p1: Blu42|move: Stealth Rock\n|faint|p1a: Murkrow\n|move|p1b: Slaking|Drain Punch|p2a: Kleavor\n|-resisted|p2a: Kleavor\n|-damage|p2a: Kleavor|72\/100\n|\n|-heal|p2b: Crabominable|89\/100 slp|[from] item: Leftovers\n|upkeep\n|\n|t:|1700928652\n|switch|p1a: Maushold|Maushold, shiny|30\/100\n|-damage|p1a: Maushold|18\/100|[from] Stealth Rock\n|turn|11\n|\n|t:|1700928665\n|move|p1a: Maushold|Helping Hand|p1b: Slaking\n|-singleturn|p1b: Slaking|Helping Hand|[of] p1a: Maushold\n|-curestatus|p2b: Crabominable|slp|[msg]\n|move|p2b: Crabominable|Ice Hammer|p1b: Slaking\n|-damage|p1b: Slaking|69\/100\n|-unboost|p2b: Crabominable|spe|1\n|-activate|p1b: Slaking|ability: Lingering Aroma|Iron Fist|[of] p2b: Crabominable\n|move|p2a: Kleavor|Stone Axe|p1a: Maushold|[miss]\n|-miss|p2a: Kleavor|p1a: Maushold\n|move|p1b: Slaking|Body Slam|p2a: Kleavor\n|-damage|p2a: Kleavor|0 fnt\n|faint|p2a: Kleavor\n|\n|-heal|p2b: Crabominable|95\/100|[from] item: Leftovers\n|-fieldend|move: Trick Room\n|upkeep\n|turn|12\n|inactive|mghjhhg has 60 seconds left.\n|\n|t:|1700928697\n|move|p1a: Maushold|Helping Hand|p1b: Slaking\n|-singleturn|p1b: Slaking|Helping Hand|[of] p1a: Maushold\n|move|p1b: Slaking|Drain Punch|p2b: Crabominable\n|-supereffective|p2b: Crabominable\n|-damage|p2b: Crabominable|0 fnt\n|-heal|p1b: Slaking|100\/100|[from] drain|[of] p2b: Crabominable\n|faint|p2b: Crabominable\n|\n|win|Blu42\n|raw|Blu42's rating: 1105 &rarr; <strong>1128<\/strong><br \/>(+23 for winning)\n|raw|mghjhhg's rating: 1080 &rarr; <strong>1060<\/strong><br \/>(-20 for losing)\n|l|\u2606mghjhhg\n","uploadtime":1700928707,"views":9,"p1id":"blu42","p2id":"mghjhhg","formatid":"gen9doublesou","rating":1060,"private":0,"password":""}