{"id":"gen9doublesou-1977019800","p1":"Ghastlypixie","p2":"Savage_Catalyst","format":"[Gen 9] Doubles OU","log":"|j|\u2606Ghastlypixie\n|j|\u2606Savage_Catalyst\n|t:|1698362517\n|gametype|doubles\n|player|p1|Ghastlypixie|plasmagruntf|1290\n|player|p2|Savage_Catalyst|2|1321\n|teamsize|p1|6\n|teamsize|p2|6\n|gen|9\n|tier|[Gen 9] Doubles OU\n|rated|\n|rule|Species Clause: Limit one of each Pok\u00e9mon\n|rule|OHKO Clause: OHKO moves are banned\n|rule|Evasion Moves Clause: Evasion moves are banned\n|rule|Gravity Sleep Clause: The combination of sleep-inducing moves with imperfect accuracy and Gravity or Gigantamax Orbeetle are banned\n|rule|Endless Battle Clause: Forcing endless battles is banned\n|rule|HP Percentage Mod: HP is shown in percentages\n|clearpoke\n|poke|p1|Gothitelle, F|\n|poke|p1|Clefairy, F|\n|poke|p1|Flutter Mane|\n|poke|p1|Fezandipiti, M|\n|poke|p1|Arcanine-Hisui, F|\n|poke|p1|Iron Hands|\n|poke|p2|Armarouge, M|\n|poke|p2|Ninetales-Alola, F|\n|poke|p2|Sinistcha-Masterpiece|\n|poke|p2|Iron Hands|\n|poke|p2|Ursaluna-Bloodmoon, M|\n|poke|p2|Ogerpon-Wellspring, F|\n|teampreview\n|inactive|Battle timer is ON: inactive players will automatically lose when time's up. (requested by Ghastlypixie)\n|\n|t:|1698362535\n|start\n|switch|p1a: Arcanine|Arcanine-Hisui, F, shiny|100\/100\n|switch|p1b: Flutter Mane|Flutter Mane|100\/100\n|switch|p2a: Ogerpon|Ogerpon-Wellspring, F|100\/100\n|switch|p2b: Armarouge|Armarouge, M|100\/100\n|-ability|p1a: Arcanine|Intimidate|boost\n|-unboost|p2a: Ogerpon|atk|1\n|-unboost|p2b: Armarouge|atk|1\n|turn|1\n|\n|t:|1698362565\n|-terastallize|p1b: Flutter Mane|Fairy\n|-terastallize|p2a: Ogerpon|Water\n|detailschange|p2a: Ogerpon|Ogerpon-Wellspring-Tera, F, tera:Water\n|-ability|p2a: Ogerpon|Embody Aspect (Wellspring)|boost\n|-boost|p2a: Ogerpon|spd|1\n|move|p1b: Flutter Mane|Dazzling Gleam|p2b: Armarouge|[spread] p2a,p2b\n|-resisted|p2b: Armarouge\n|-damage|p2a: Ogerpon|54\/100\n|-damage|p2b: Armarouge|73\/100\n|move|p2a: Ogerpon|Swords Dance|p2a: Ogerpon\n|-boost|p2a: Ogerpon|atk|2\n|move|p1a: Arcanine|Rock Slide|p2b: Armarouge|[spread] p2a,p2b\n|-supereffective|p2b: Armarouge\n|-damage|p2a: Ogerpon|14\/100\n|-damage|p2b: Armarouge|18\/100\n|move|p2b: Armarouge|Trick Room|p2b: Armarouge\n|-fieldstart|move: Trick Room|[of] p2b: Armarouge\n|\n|upkeep\n|turn|2\n|inactive|Savage_Catalyst has 120 seconds left.\n|\n|t:|1698362595\n|switch|p1a: Fezandipiti|Fezandipiti, M|100\/100\n|-end|p1b: Flutter Mane|Protosynthesis|[silent]\n|switch|p1b: Iron Hands|Iron Hands, shiny|100\/100\n|move|p2b: Armarouge|Ally Switch|p2b: Armarouge\n|swap|p2b: Armarouge|0|[from] move: Ally Switch\n|move|p2b: Ogerpon|Ivy Cudgel|p1b: Iron Hands\n|-damage|p1b: Iron Hands|25\/100\n|\n|upkeep\n|turn|3\n|\n|t:|1698362624\n|move|p2b: Ogerpon|Spiky Shield|p2b: Ogerpon\n|-singleturn|p2b: Ogerpon|move: Protect\n|move|p1b: Iron Hands|Fake Out|p2a: Armarouge\n|-damage|p2a: Armarouge|4\/100\n|cant|p2a: Armarouge|flinch\n|move|p1a: Fezandipiti|Dazzling Gleam|p2a: Armarouge|[spread] p2a\n|-activate|p2b: Ogerpon|move: Protect\n|-resisted|p2a: Armarouge\n|-damage|p2a: Armarouge|0 fnt\n|faint|p2a: Armarouge\n|\n|upkeep\n|\n|t:|1698362638\n|switch|p2a: Iron Hands|Iron Hands, shiny|100\/100\n|turn|4\n|inactive|Savage_Catalyst has 120 seconds left.\n|\n|t:|1698362682\n|-end|p1b: Iron Hands|Quark Drive|[silent]\n|switch|p1b: Clefairy|Clefairy, F|100\/100\n|switch|p2b: Ninetales|Ninetales-Alola, F|100\/100\n|-weather|Snow|[from] ability: Snow Warning|[of] p2b: Ninetales\n|move|p2a: Iron Hands|Drain Punch|p1b: Clefairy\n|-resisted|p1b: Clefairy\n|-damage|p1b: Clefairy|75\/100\n|move|p1a: Fezandipiti|Dazzling Gleam|p2a: Iron Hands|[spread] p2a,p2b\n|-supereffective|p2a: Iron Hands\n|-damage|p2a: Iron Hands|79\/100\n|-damage|p2b: Ninetales|78\/100\n|-status|p2b: Ninetales|tox|[from] ability: Toxic Chain|[of] p1a: Fezandipiti\n|\n|-weather|Snow|[upkeep]\n|-damage|p2b: Ninetales|71\/100 tox|[from] psn\n|upkeep\n|turn|5\n|inactive|Savage_Catalyst has 120 seconds left.\n|\n|t:|1698362706\n|move|p1b: Clefairy|Dazzling Gleam|p2a: Iron Hands|[spread] p2a,p2b\n|-supereffective|p2a: Iron Hands\n|-damage|p2a: Iron Hands|64\/100\n|-damage|p2b: Ninetales|54\/100 tox\n|move|p2a: Iron Hands|Heavy Slam|p1a: Fezandipiti\n|-supereffective|p1a: Fezandipiti\n|-damage|p1a: Fezandipiti|13\/100\n|move|p1a: Fezandipiti|Venoshock|p2b: Ninetales\n|-supereffective|p2b: Ninetales\n|-damage|p2b: Ninetales|0 fnt\n|faint|p2b: Ninetales\n|\n|-weather|Snow|[upkeep]\n|-heal|p1a: Fezandipiti|19\/100|[from] item: Leftovers\n|-fieldend|move: Trick Room\n|upkeep\n|-message|Savage_Catalyst forfeited.\n|\n|win|Ghastlypixie\n|raw|Ghastlypixie's rating: 1290 &rarr; <strong>1317<\/strong><br \/>(+27 for winning)\n|raw|Savage_Catalyst's rating: 1321 &rarr; <strong>1299<\/strong><br \/>(-22 for losing)\n|l|\u2606Savage_Catalyst\n","uploadtime":1698362723,"views":22,"p1id":"ghastlypixie","p2id":"savagecatalyst","formatid":"gen9doublesou","rating":1299,"private":0,"password":""}