{"id":"gen9doublesou-1984861581","p1":"yeehawty66","p2":"squad5","format":"[Gen 9] Doubles OU","log":"|j|\u2606yeehawty66\n|j|\u2606squad5\n|t:|1699305366\n|gametype|doubles\n|player|p1|yeehawty66|1|1061\n|player|p2|squad5|fisherman-gen4|1164\n|teamsize|p1|6\n|teamsize|p2|6\n|gen|9\n|tier|[Gen 9] Doubles OU\n|rated|\n|rule|Species Clause: Limit one of each Pok\u00e9mon\n|rule|OHKO Clause: OHKO moves are banned\n|rule|Evasion Moves Clause: Evasion moves are banned\n|rule|Gravity Sleep Clause: The combination of sleep-inducing moves with imperfect accuracy and Gravity or Gigantamax Orbeetle are banned\n|rule|Endless Battle Clause: Forcing endless battles is banned\n|rule|HP Percentage Mod: HP is shown in percentages\n|clearpoke\n|poke|p1|Goodra-Hisui, M|\n|poke|p1|Sableye, M|\n|poke|p1|Hatterene, F|\n|poke|p1|Sinistcha-Masterpiece|\n|poke|p1|Milotic, F|\n|poke|p1|Bronzong|\n|poke|p2|Zapdos|\n|poke|p2|Garganacl, F|\n|poke|p2|Flutter Mane|\n|poke|p2|Walking Wake|\n|poke|p2|Munkidori, M|\n|poke|p2|Goodra, M|\n|teampreview\n|\n|t:|1699305384\n|start\n|switch|p1a: Goodra|Goodra-Hisui, M|100\/100\n|switch|p1b: Sableye|Sableye, M|100\/100\n|switch|p2a: Garganacl|Garganacl, F|100\/100\n|switch|p2b: Walking Wake|Walking Wake|100\/100\n|turn|1\n|\n|t:|1699305420\n|-terastallize|p1a: Goodra|Water\n|move|p1b: Sableye|Fake Out|p2a: Garganacl\n|-resisted|p2a: Garganacl\n|-damage|p2a: Garganacl|98\/100\n|move|p2b: Walking Wake|Flamethrower|p1a: Goodra\n|-resisted|p1a: Goodra\n|-damage|p1a: Goodra|87\/100\n|-damage|p2b: Walking Wake|91\/100|[from] item: Life Orb\n|move|p1a: Goodra|Muddy Water|p2a: Garganacl|[spread] p2a,p2b\n|-supereffective|p2a: Garganacl\n|-resisted|p2b: Walking Wake\n|-damage|p2a: Garganacl|55\/100\n|-damage|p2b: Walking Wake|81\/100\n|cant|p2a: Garganacl|flinch\n|\n|-heal|p1a: Goodra|93\/100|[from] item: Leftovers\n|-heal|p2a: Garganacl|61\/100|[from] item: Leftovers\n|upkeep\n|turn|2\n|\n|t:|1699305441\n|-end|p2b: Walking Wake|Protosynthesis|[silent]\n|switch|p2b: Zapdos|Zapdos, shiny|100\/100\n|move|p1b: Sableye|Encore||[still]\n|-fail|p1b: Sableye\n|move|p1a: Goodra|Muddy Water|p2b: Zapdos|[spread] p2a\n|-miss|p1a: Goodra|p2b: Zapdos\n|-supereffective|p2a: Garganacl\n|-damage|p2a: Garganacl|15\/100\n|move|p2a: Garganacl|Salt Cure|p1a: Goodra\n|-damage|p1a: Goodra|78\/100\n|-start|p1a: Goodra|Salt Cure\n|\n|-heal|p1a: Goodra|84\/100|[from] item: Leftovers\n|-heal|p2a: Garganacl|21\/100|[from] item: Leftovers\n|-damage|p1a: Goodra|59\/100|[from] Salt Cure\n|upkeep\n|turn|3\n|\n|t:|1699305473\n|switch|p1a: Bronzong|Bronzong|100\/100\n|move|p2a: Garganacl|Protect|p2a: Garganacl\n|-singleturn|p2a: Garganacl|Protect\n|move|p2b: Zapdos|Thunderbolt|p1a: Bronzong\n|-damage|p1a: Bronzong|68\/100\n|move|p1b: Sableye|Knock Off|p2a: Garganacl\n|-activate|p2a: Garganacl|move: Protect\n|\n|-heal|p2a: Garganacl|27\/100|[from] item: Leftovers\n|upkeep\n|turn|4\n|\n|t:|1699305493\n|move|p2b: Zapdos|Ancient Power|p1a: Bronzong\n|-resisted|p1a: Bronzong\n|-damage|p1a: Bronzong|61\/100\n|-boost|p2b: Zapdos|atk|1\n|-boost|p2b: Zapdos|def|1\n|-boost|p2b: Zapdos|spa|1\n|-boost|p2b: Zapdos|spd|1\n|-boost|p2b: Zapdos|spe|1\n|move|p1b: Sableye|Knock Off|p2a: Garganacl\n|-damage|p2a: Garganacl|9\/100\n|-enditem|p2a: Garganacl|Leftovers|[from] move: Knock Off|[of] p1b: Sableye\n|move|p2a: Garganacl|Salt Cure|p1a: Bronzong\n|-resisted|p1a: Bronzong\n|-damage|p1a: Bronzong|55\/100\n|-start|p1a: Bronzong|Salt Cure\n|move|p1a: Bronzong|Gyro Ball|p2b: Zapdos\n|-resisted|p2b: Zapdos\n|-damage|p2b: Zapdos|83\/100\n|\n|-damage|p1a: Bronzong|30\/100|[from] Salt Cure\n|upkeep\n|turn|5\n|\n|t:|1699305526\n|switch|p1a: Hatterene|Hatterene, F|100\/100\n|move|p1b: Sableye|Disable|p2a: Garganacl\n|-start|p2a: Garganacl|Disable|Salt Cure\n|move|p2b: Zapdos|Tailwind|p2b: Zapdos\n|-sidestart|p2: squad5|move: Tailwind\n|cant|p2a: Garganacl|Disable|Salt Cure\n|\n|upkeep\n|turn|6\n|\n|t:|1699305549\n|move|p2b: Zapdos|Ancient Power|p1a: Hatterene\n|-damage|p1a: Hatterene|74\/100\n|move|p2a: Garganacl|Recover|p2a: Garganacl\n|-heal|p2a: Garganacl|59\/100\n|move|p1b: Sableye|Knock Off|p2b: Zapdos\n|-damage|p2b: Zapdos|70\/100\n|-enditem|p2b: Zapdos|Sitrus Berry|[from] move: Knock Off|[of] p1b: Sableye\n|move|p1a: Hatterene|Dazzling Gleam|p2b: Zapdos|[spread] p2a,p2b\n|-damage|p2a: Garganacl|39\/100\n|-damage|p2b: Zapdos|49\/100\n|\n|upkeep\n|turn|7\n|\n|t:|1699305571\n|switch|p1b: Sinistcha|Sinistcha-Masterpiece|100\/100\n|-heal|p1a: Hatterene|99\/100|[from] ability: Hospitality|[of] p1b: Sinistcha\n|move|p2b: Zapdos|Thunderbolt|p1a: Hatterene\n|-damage|p1a: Hatterene|46\/100\n|move|p2a: Garganacl|Recover|p2a: Garganacl\n|-heal|p2a: Garganacl|89\/100\n|move|p1a: Hatterene|Dazzling Gleam|p2b: Zapdos|[spread] p2a,p2b\n|-damage|p2a: Garganacl|69\/100\n|-damage|p2b: Zapdos|27\/100\n|\n|upkeep\n|turn|8\n|\n|t:|1699305605\n|switch|p2a: Goodra|Goodra, M, shiny|100\/100\n|move|p1b: Sinistcha|Rage Powder|p1b: Sinistcha\n|-singleturn|p1b: Sinistcha|move: Rage Powder\n|move|p2b: Zapdos|Hurricane|p1b: Sinistcha\n|-supereffective|p1b: Sinistcha\n|-damage|p1b: Sinistcha|0 fnt\n|faint|p1b: Sinistcha\n|move|p1a: Hatterene|Psychic|p2b: Zapdos\n|-damage|p2b: Zapdos|0 fnt\n|faint|p2b: Zapdos\n|\n|-sideend|p2: squad5|move: Tailwind\n|upkeep\n|\n|t:|1699305622\n|switch|p2b: Munkidori|Munkidori, M|100\/100\n|switch|p1b: Milotic|Milotic, F|100\/100\n|turn|9\n|\n|t:|1699305647\n|switch|p1a: Bronzong|Bronzong|30\/100\n|-terastallize|p2a: Goodra|Grass\n|move|p2b: Munkidori|Fake Out|p1a: Bronzong\n|-resisted|p1a: Bronzong\n|-damage|p1a: Bronzong|27\/100\n|move|p1b: Milotic|Ice Beam|p2a: Goodra\n|-supereffective|p2a: Goodra\n|-damage|p2a: Goodra|73\/100\n|move|p2a: Goodra|Power Whip|p1b: Milotic|[miss]\n|-miss|p2a: Goodra|p1b: Milotic\n|\n|-status|p1b: Milotic|brn|[from] item: Flame Orb\n|upkeep\n|turn|10\n|\n|t:|1699305668\n|switch|p1b: Goodra|Goodra-Hisui, M, tera:Water|59\/100\n|move|p2b: Munkidori|Psychic|p1a: Bronzong\n|-resisted|p1a: Bronzong\n|-damage|p1a: Bronzong|19\/100\n|move|p2a: Goodra|Power Whip|p1b: Goodra\n|-ability|p1b: Goodra|Sap Sipper|boost\n|-boost|p1b: Goodra|atk|1\n|move|p1a: Bronzong|Gyro Ball|p2b: Munkidori\n|-damage|p2b: Munkidori|17\/100\n|\n|-heal|p1b: Goodra|65\/100|[from] item: Leftovers\n|upkeep\n|turn|11\n|\n|t:|1699305698\n|move|p2b: Munkidori|Protect|p2b: Munkidori\n|-singleturn|p2b: Munkidori|Protect\n|move|p2a: Goodra|Earthquake|p1a: Bronzong|[spread] p1a,p1b\n|-activate|p2b: Munkidori|move: Protect\n|-supereffective|p1a: Bronzong\n|-damage|p1a: Bronzong|0 fnt\n|-damage|p1b: Goodra|41\/100\n|faint|p1a: Bronzong\n|move|p1b: Goodra|Flamethrower|p2a: Goodra\n|-supereffective|p2a: Goodra\n|-damage|p2a: Goodra|34\/100\n|\n|-heal|p1b: Goodra|47\/100|[from] item: Leftovers\n|upkeep\n|\n|t:|1699305721\n|switch|p1a: Sableye|Sableye, M|100\/100\n|turn|12\n|\n|t:|1699305742\n|move|p2a: Goodra|Protect|p2a: Goodra\n|-singleturn|p2a: Goodra|Protect\n|move|p1a: Sableye|Fake Out|p2b: Munkidori\n|-damage|p2b: Munkidori|5\/100\n|cant|p2b: Munkidori|flinch\n|move|p1b: Goodra|Flamethrower|p2a: Goodra\n|-activate|p2a: Goodra|move: Protect\n|\n|-heal|p1b: Goodra|53\/100|[from] item: Leftovers\n|upkeep\n|turn|13\n|\n|t:|1699305766\n|switch|p1a: Milotic|Milotic, F|100\/100 brn\n|move|p2b: Munkidori|Sludge Bomb|p1b: Goodra\n|-damage|p1b: Goodra|23\/100\n|move|p2a: Goodra|Life Dew|p2a: Goodra|[spread] p2a,p2b\n|-heal|p2a: Goodra|59\/100\n|-heal|p2b: Munkidori|30\/100\n|move|p1b: Goodra|Muddy Water|p2b: Munkidori|[spread] p2a,p2b\n|-resisted|p2a: Goodra\n|-damage|p2a: Goodra|48\/100\n|-damage|p2b: Munkidori|0 fnt\n|faint|p2b: Munkidori\n|\n|-heal|p1b: Goodra|29\/100|[from] item: Leftovers\n|-damage|p1a: Milotic|94\/100 brn|[from] brn\n|upkeep\n|\n|t:|1699305784\n|switch|p2b: Walking Wake|Walking Wake|81\/100\n|turn|14\n|\n|t:|1699305792\n|switch|p1a: Sableye|Sableye, M|100\/100\n|move|p2b: Walking Wake|Hydro Steam|p1b: Goodra\n|-resisted|p1b: Goodra\n|-damage|p1b: Goodra|11\/100\n|-damage|p2b: Walking Wake|71\/100|[from] item: Life Orb\n|move|p2a: Goodra|Power Whip|p1a: Sableye\n|-damage|p1a: Sableye|37\/100\n|move|p1b: Goodra|Flamethrower|p2a: Goodra\n|-supereffective|p2a: Goodra\n|-damage|p2a: Goodra|9\/100\n|\n|-heal|p1b: Goodra|17\/100|[from] item: Leftovers\n|upkeep\n|turn|15\n|\n|t:|1699305832\n|move|p2b: Walking Wake|Protect|p2b: Walking Wake\n|-singleturn|p2b: Walking Wake|Protect\n|move|p1a: Sableye|Fake Out|p2b: Walking Wake\n|-activate|p2b: Walking Wake|move: Protect\n|move|p2a: Goodra|Earthquake|p1a: Sableye|[spread] p1a,p1b\n|-activate|p2b: Walking Wake|move: Protect\n|-damage|p1a: Sableye|10\/100\n|-damage|p1b: Goodra|0 fnt\n|faint|p1b: Goodra\n|\n|upkeep\n|\n|t:|1699305844\n|switch|p1b: Hatterene|Hatterene, F|46\/100\n|turn|16\n|\n|t:|1699305852\n|move|p1a: Sableye|Encore|p2b: Walking Wake\n|-start|p2b: Walking Wake|Encore\n|move|p2b: Walking Wake|Protect|p2b: Walking Wake\n|-singleturn|p2b: Walking Wake|Protect\n|move|p2a: Goodra|Life Dew|p2a: Goodra|[spread] p2a,p2b\n|-heal|p2a: Goodra|34\/100\n|-heal|p2b: Walking Wake|96\/100\n|move|p1b: Hatterene|Dazzling Gleam|p2a: Goodra|[spread] p2a\n|-activate|p2b: Walking Wake|move: Protect\n|-damage|p2a: Goodra|12\/100\n|\n|upkeep\n|turn|17\n|\n|t:|1699305877\n|-end|p2b: Walking Wake|Protosynthesis|[silent]\n|switch|p2b: Garganacl|Garganacl, F|69\/100\n|move|p1a: Sableye|Encore|p2a: Goodra\n|-start|p2a: Goodra|Encore\n|move|p2a: Goodra|Life Dew|p2a: Goodra|[spread] p2a,p2b\n|-heal|p2a: Goodra|37\/100\n|-heal|p2b: Garganacl|94\/100\n|move|p1b: Hatterene|Dazzling Gleam|p2b: Garganacl|[spread] p2a,p2b\n|-damage|p2a: Goodra|16\/100\n|-damage|p2b: Garganacl|71\/100\n|\n|upkeep\n|turn|18\n|\n|t:|1699305901\n|switch|p1a: Milotic|Milotic, F|94\/100 brn\n|move|p2a: Goodra|Life Dew|p2a: Goodra|[spread] p2a,p2b\n|-heal|p2a: Goodra|41\/100\n|-heal|p2b: Garganacl|96\/100\n|move|p2b: Garganacl|Salt Cure|p1a: Milotic\n|-damage|p1a: Milotic|87\/100 brn\n|-start|p1a: Milotic|Salt Cure\n|move|p1b: Hatterene|Mystical Fire|p2a: Goodra\n|-supereffective|p2a: Goodra\n|-damage|p2a: Goodra|9\/100\n|-unboost|p2a: Goodra|spa|1\n|\n|-damage|p1a: Milotic|81\/100 brn|[from] brn\n|-damage|p1a: Milotic|56\/100 brn|[from] Salt Cure\n|upkeep\n|turn|19\n|\n|t:|1699305929\n|move|p1a: Milotic|Ice Beam|p2a: Goodra\n|-supereffective|p2a: Goodra\n|-damage|p2a: Goodra|0 fnt\n|faint|p2a: Goodra\n|move|p2b: Garganacl|Salt Cure|p1b: Hatterene\n|-damage|p1b: Hatterene|31\/100\n|-start|p1b: Hatterene|Salt Cure\n|move|p1b: Hatterene|Dazzling Gleam|p2b: Garganacl\n|-damage|p2b: Garganacl|69\/100\n|\n|-damage|p1a: Milotic|50\/100 brn|[from] brn\n|-damage|p1a: Milotic|25\/100 brn|[from] Salt Cure\n|-damage|p1b: Hatterene|19\/100|[from] Salt Cure\n|upkeep\n|\n|t:|1699305943\n|switch|p2a: Walking Wake|Walking Wake|96\/100\n|turn|20\n|\n|t:|1699305955\n|switch|p1a: Sableye|Sableye, M|10\/100\n|move|p2a: Walking Wake|Dragon Pulse|p1a: Sableye\n|-damage|p1a: Sableye|0 fnt\n|faint|p1a: Sableye\n|-damage|p2a: Walking Wake|86\/100|[from] item: Life Orb\n|move|p2b: Garganacl|Salt Cure|p1b: Hatterene\n|-damage|p1b: Hatterene|6\/100\n|move|p1b: Hatterene|Psychic|p2b: Garganacl\n|-damage|p2b: Garganacl|35\/100\n|\n|-damage|p1b: Hatterene|0 fnt|[from] Salt Cure\n|faint|p1b: Hatterene\n|upkeep\n|-message|yeehawty66 forfeited.\n|\n|win|squad5\n|raw|yeehawty66's rating: 1061 &rarr; <strong>1047<\/strong><br \/>(-14 for losing)\n|raw|squad5's rating: 1164 &rarr; <strong>1182<\/strong><br \/>(+18 for winning)\n|l|\u2606yeehawty66\n","uploadtime":1699305993,"views":9,"p1id":"yeehawty66","p2id":"squad5","formatid":"gen9doublesou","rating":1047,"private":0,"password":""}