{"id":"gen9doublesou-1983580211","p1":"BroomBroom19","p2":"truewick","format":"[Gen 9] Doubles OU","log":"|j|\u2606BroomBroom19\n|j|\u2606truewick\n|t:|1699145658\n|gametype|doubles\n|player|p1|BroomBroom19|crasherwake|1337\n|player|p2|truewick|266|1420\n|teamsize|p1|6\n|teamsize|p2|6\n|gen|9\n|tier|[Gen 9] Doubles OU\n|rated|\n|rule|Species Clause: Limit one of each Pok\u00e9mon\n|rule|OHKO Clause: OHKO moves are banned\n|rule|Evasion Moves Clause: Evasion moves are banned\n|rule|Gravity Sleep Clause: The combination of sleep-inducing moves with imperfect accuracy and Gravity or Gigantamax Orbeetle are banned\n|rule|Endless Battle Clause: Forcing endless battles is banned\n|rule|HP Percentage Mod: HP is shown in percentages\n|clearpoke\n|poke|p1|Regidrago|\n|poke|p1|Tornadus, M|\n|poke|p1|Sneasler, M|\n|poke|p1|Rillaboom, F|\n|poke|p1|Flutter Mane|\n|poke|p1|Kingambit, M|\n|poke|p2|Oranguru, F|\n|poke|p2|Torkoal, M|\n|poke|p2|Kingambit, M|\n|poke|p2|Hariyama, F|\n|poke|p2|Enamorus-Therian, F|\n|poke|p2|Scovillain, M|\n|teampreview\n|\n|t:|1699145673\n|start\n|switch|p1a: Sneasler|Sneasler, M|100\/100\n|switch|p1b: Kingambit|Kingambit, M|100\/100\n|switch|p2a: Oranguru|Oranguru, F|100\/100\n|switch|p2b: Hariyama|Hariyama, F|100\/100\n|turn|1\n|\n|t:|1699145700\n|move|p2b: Hariyama|Fake Out|p1b: Kingambit\n|-resisted|p1b: Kingambit\n|-damage|p1b: Kingambit|95\/100\n|move|p1a: Sneasler|Dire Claw|p2a: Oranguru\n|-damage|p2a: Oranguru|65\/100\n|cant|p1b: Kingambit|flinch\n|move|p2a: Oranguru|Trick Room|p2a: Oranguru\n|-fieldstart|move: Trick Room|[of] p2a: Oranguru\n|\n|-status|p2b: Hariyama|brn|[from] item: Flame Orb\n|upkeep\n|turn|2\n|j| La_Colonia\n|\n|t:|1699145744\n|-end|p1b: Kingambit|fallenundefined|[silent]\n|switch|p1b: Rillaboom|Rillaboom, F|100\/100\n|-fieldstart|move: Grassy Terrain|[from] ability: Grassy Surge|[of] p1b: Rillaboom\n|-enditem|p1a: Sneasler|Grassy Seed\n|-boost|p1a: Sneasler|def|1|[from] item: Grassy Seed\n|move|p2b: Hariyama|Drain Punch|p1b: Rillaboom\n|-damage|p1b: Rillaboom|36\/100\n|move|p2a: Oranguru|Yawn|p1a: Sneasler\n|-start|p1a: Sneasler|move: Yawn|[of] p2a: Oranguru\n|move|p1a: Sneasler|Acrobatics|p2b: Hariyama\n|-supereffective|p2b: Hariyama\n|-damage|p2b: Hariyama|17\/100 brn\n|\n|-heal|p2b: Hariyama|23\/100 brn|[from] Grassy Terrain\n|-heal|p2a: Oranguru|71\/100|[from] Grassy Terrain\n|-heal|p1b: Rillaboom|42\/100|[from] Grassy Terrain\n|-damage|p2b: Hariyama|17\/100 brn|[from] brn\n|upkeep\n|turn|3\n|inactive|Battle timer is ON: inactive players will automatically lose when time's up. (requested by BroomBroom19)\n|\n|t:|1699145773\n|switch|p2b: Torkoal|Torkoal, M|100\/100\n|-weather|SunnyDay|[from] ability: Drought|[of] p2b: Torkoal\n|switch|p1a: Flutter Mane|Flutter Mane|100\/100\n|-activate|p1a: Flutter Mane|ability: Protosynthesis\n|-start|p1a: Flutter Mane|protosynthesisspa\n|move|p1b: Rillaboom|Fake Out|p2b: Torkoal\n|-damage|p2b: Torkoal|85\/100\n|-damage|p1b: Rillaboom|32\/100|[from] item: Life Orb\n|move|p2a: Oranguru|Yawn|p1b: Rillaboom\n|-start|p1b: Rillaboom|move: Yawn|[of] p2a: Oranguru\n|\n|-weather|SunnyDay|[upkeep]\n|-heal|p2b: Torkoal|91\/100|[from] Grassy Terrain\n|-heal|p2a: Oranguru|77\/100|[from] Grassy Terrain\n|-heal|p1b: Rillaboom|38\/100|[from] Grassy Terrain\n|upkeep\n|turn|4\n|inactive|BroomBroom19 has 120 seconds left.\n|\n|t:|1699145805\n|switch|p1b: Regidrago|Regidrago|100\/100\n|-terastallize|p2b: Torkoal|Fire\n|move|p2b: Torkoal|Eruption|p1b: Regidrago|[spread] p1a,p1b\n|-resisted|p1b: Regidrago\n|-damage|p1a: Flutter Mane|0 fnt\n|-damage|p1b: Regidrago|44\/100\n|faint|p1a: Flutter Mane\n|-end|p1a: Flutter Mane|Protosynthesis|[silent]\n|move|p2a: Oranguru|Instruct|p2b: Torkoal\n|-singleturn|p2b: Torkoal|move: Instruct|[of] p2a: Oranguru\n|move|p2b: Torkoal|Eruption|p1b: Regidrago\n|-resisted|p1b: Regidrago\n|-damage|p1b: Regidrago|0 fnt\n|faint|p1b: Regidrago\n|\n|-weather|SunnyDay|[upkeep]\n|-heal|p2b: Torkoal|97\/100|[from] Grassy Terrain\n|-heal|p2a: Oranguru|83\/100|[from] Grassy Terrain\n|upkeep\n|inactive|BroomBroom19 has 120 seconds left.\n|\n|t:|1699145827\n|switch|p1b: Sneasler|Sneasler, M|100\/100\n|switch|p1a: Rillaboom|Rillaboom, F|38\/100\n|turn|5\n|\n|t:|1699145837\n|move|p2b: Torkoal|Protect|p2b: Torkoal\n|-singleturn|p2b: Torkoal|Protect\n|move|p1a: Rillaboom|Fake Out|p2b: Torkoal\n|-activate|p2b: Torkoal|move: Protect\n|move|p2a: Oranguru|Yawn|p1a: Rillaboom\n|-start|p1a: Rillaboom|move: Yawn|[of] p2a: Oranguru\n|move|p1b: Sneasler|Dire Claw|p2a: Oranguru\n|-damage|p2a: Oranguru|48\/100\n|\n|-weather|SunnyDay|[upkeep]\n|-heal|p2b: Torkoal|100\/100|[from] Grassy Terrain\n|-heal|p2a: Oranguru|54\/100|[from] Grassy Terrain\n|-heal|p1a: Rillaboom|44\/100|[from] Grassy Terrain\n|-fieldend|move: Trick Room\n|upkeep\n|turn|6\n|inactive|truewick has 120 seconds left.\n|\n|t:|1699145871\n|switch|p1a: Kingambit|Kingambit, M|95\/100\n|-activate|p1a: Kingambit|ability: Supreme Overlord\n|-start|p1a: Kingambit|fallen2|[silent]\n|switch|p2b: Hariyama|Hariyama, F|17\/100 brn\n|move|p1b: Sneasler|Acrobatics|p2a: Oranguru\n|-damage|p2a: Oranguru|17\/100\n|move|p2a: Oranguru|Trick Room|p2a: Oranguru\n|-fieldstart|move: Trick Room|[of] p2a: Oranguru\n|\n|-weather|SunnyDay|[upkeep]\n|-heal|p2b: Hariyama|23\/100 brn|[from] Grassy Terrain\n|-heal|p2a: Oranguru|23\/100|[from] Grassy Terrain\n|-heal|p1a: Kingambit|100\/100|[from] Grassy Terrain\n|-damage|p2b: Hariyama|17\/100 brn|[from] brn\n|-fieldend|move: Grassy Terrain\n|upkeep\n|turn|7\n|inactive|truewick has 120 seconds left.\n|inactive|BroomBroom19 has 120 seconds left.\n|inactive|BroomBroom19 has 90 seconds left.\n|-message|BroomBroom19 forfeited.\n|\n|win|truewick\n|raw|BroomBroom19's rating: 1337 &rarr; <strong>1322<\/strong><br \/>(-15 for losing)\n|raw|truewick's rating: 1420 &rarr; <strong>1435<\/strong><br \/>(+15 for winning)\n|l|\u2606BroomBroom19\n","uploadtime":1699145939,"views":14,"p1id":"broombroom19","p2id":"truewick","formatid":"gen9doublesou","rating":1322,"private":0,"password":""}