{"id":"gen9doublesou-1998800106","p1":"Emmi D","p2":"pangdunkabi","format":"[Gen 9] Doubles OU","log":"|j|\u2606Emmi D\n|j|\u2606pangdunkabi\n|t:|1700993498\n|gametype|doubles\n|player|p1|Emmi D|1|1027\n|player|p2|pangdunkabi|rosa|1103\n|teamsize|p1|6\n|teamsize|p2|6\n|gen|9\n|tier|[Gen 9] Doubles OU\n|rated|\n|rule|Species Clause: Limit one of each Pok\u00e9mon\n|rule|OHKO Clause: OHKO moves are banned\n|rule|Evasion Moves Clause: Evasion moves are banned\n|rule|Gravity Sleep Clause: The combination of sleep-inducing moves with imperfect accuracy and Gravity or Gigantamax Orbeetle are banned\n|rule|Endless Battle Clause: Forcing endless battles is banned\n|rule|HP Percentage Mod: HP is shown in percentages\n|clearpoke\n|poke|p1|Iron Bundle|\n|poke|p1|Ninetales-Alola, M|\n|poke|p1|Baxcalibur, F|\n|poke|p1|Orthworm, M|\n|poke|p1|Tinkaton, F|\n|poke|p1|Electrode|\n|poke|p2|Amoonguss, M|\n|poke|p2|Palafin, M|\n|poke|p2|Rillaboom, F|\n|poke|p2|Great Tusk|\n|poke|p2|Ogerpon-Hearthflame, F|\n|poke|p2|Arcanine, M|\n|teampreview\n|\n|t:|1700993515\n|start\n|switch|p1a: Orthworm|Orthworm, M|100\/100\n|switch|p1b: Electrode|Electrode|100\/100\n|switch|p2a: Arcanine|Arcanine, M|100\/100\n|switch|p2b: Rillaboom|Rillaboom, F|100\/100\n|-item|p1b: Electrode|Air Balloon\n|-ability|p2a: Arcanine|Intimidate|boost\n|-unboost|p1a: Orthworm|atk|1\n|-unboost|p1b: Electrode|atk|1\n|-fieldstart|move: Grassy Terrain|[from] ability: Grassy Surge|[of] p2b: Rillaboom\n|turn|1\n|\n|t:|1700993548\n|move|p2b: Rillaboom|Fake Out|p1a: Orthworm\n|-resisted|p1a: Orthworm\n|-damage|p1a: Orthworm|97\/100\n|move|p1b: Electrode|Eerie Impulse|p2a: Arcanine\n|-unboost|p2a: Arcanine|spa|2\n|move|p2a: Arcanine|Heat Wave|p1b: Electrode|[spread] p1a,p1b\n|-supereffective|p1a: Orthworm\n|-damage|p1a: Orthworm|62\/100\n|-damage|p1b: Electrode|85\/100\n|-status|p1a: Orthworm|brn\n|-enditem|p1b: Electrode|Air Balloon\n|cant|p1a: Orthworm|flinch\n|\n|-heal|p1b: Electrode|91\/100|[from] Grassy Terrain\n|-heal|p1a: Orthworm|68\/100 brn|[from] Grassy Terrain\n|-heal|p1a: Orthworm|75\/100 brn|[from] item: Leftovers\n|-damage|p1a: Orthworm|68\/100 brn|[from] brn\n|upkeep\n|turn|2\n|\n|t:|1700993578\n|switch|p2a: Amoonguss|Amoonguss, M|100\/100\n|move|p1b: Electrode|Thunder Wave|p2b: Rillaboom\n|-status|p2b: Rillaboom|par\n|move|p1a: Orthworm|Spikes|p2b: Rillaboom\n|-sidestart|p2: pangdunkabi|Spikes\n|move|p2b: Rillaboom|Brick Break|p1a: Orthworm\n|-supereffective|p1a: Orthworm\n|-damage|p1a: Orthworm|35\/100 brn\n|\n|-heal|p1b: Electrode|97\/100|[from] Grassy Terrain\n|-heal|p1a: Orthworm|41\/100 brn|[from] Grassy Terrain\n|-heal|p1a: Orthworm|47\/100 brn|[from] item: Leftovers\n|-damage|p1a: Orthworm|41\/100 brn|[from] brn\n|upkeep\n|turn|3\n|\n|t:|1700993624\n|-terastallize|p1a: Orthworm|Fighting\n|move|p1b: Electrode|Volt Switch|p2b: Rillaboom\n|-resisted|p2b: Rillaboom\n|-damage|p2b: Rillaboom|92\/100 par\n|\n|t:|1700993630\n|switch|p1b: Ninetales|Ninetales-Alola, M|100\/100|[from] Volt Switch\n|-weather|Snow|[from] ability: Snow Warning|[of] p1b: Ninetales\n|move|p1a: Orthworm|Body Press|p2a: Amoonguss\n|-resisted|p2a: Amoonguss\n|-damage|p2a: Amoonguss|93\/100\n|-damage|p1a: Orthworm|25\/100 brn|[from] item: Rocky Helmet|[of] p2a: Amoonguss\n|move|p2b: Rillaboom|U-turn|p1a: Orthworm\n|-resisted|p1a: Orthworm\n|-damage|p1a: Orthworm|17\/100 brn\n|\n|t:|1700993645\n|switch|p2b: Great Tusk|Great Tusk|100\/100|[from] U-turn\n|-damage|p2b: Great Tusk|88\/100|[from] Spikes\n|move|p2a: Amoonguss|Spore|p1b: Ninetales\n|-status|p1b: Ninetales|slp|[from] move: Spore\n|\n|-weather|Snow|[upkeep]\n|-heal|p2b: Great Tusk|94\/100|[from] Grassy Terrain\n|-heal|p1a: Orthworm|23\/100 brn|[from] Grassy Terrain\n|-heal|p1a: Orthworm|29\/100 brn|[from] item: Leftovers\n|-heal|p2a: Amoonguss|99\/100|[from] Grassy Terrain\n|-damage|p1a: Orthworm|23\/100 brn|[from] brn\n|upkeep\n|turn|4\n|\n|t:|1700993677\n|switch|p2a: Palafin|Palafin, M|100\/100\n|-damage|p2a: Palafin|88\/100|[from] Spikes\n|cant|p1b: Ninetales|slp\n|move|p2b: Great Tusk|Rapid Spin|p1a: Orthworm\n|-damage|p1a: Orthworm|9\/100 brn\n|-boost|p2b: Great Tusk|spe|1\n|-enditem|p1b: Ninetales|Mirror Herb\n|-boost|p1b: Ninetales|spe|1|[from] item: Mirror Herb\n|-sideend|p2: pangdunkabi|Spikes|[from] move: Rapid Spin|[of] p2b: Great Tusk\n|move|p1a: Orthworm|Spikes|p2b: Great Tusk\n|-sidestart|p2: pangdunkabi|Spikes\n|\n|-weather|Snow|[upkeep]\n|-heal|p2a: Palafin|94\/100|[from] Grassy Terrain\n|-heal|p2b: Great Tusk|100\/100|[from] Grassy Terrain\n|-heal|p1a: Orthworm|15\/100 brn|[from] Grassy Terrain\n|-heal|p1a: Orthworm|21\/100 brn|[from] item: Leftovers\n|-damage|p1a: Orthworm|15\/100 brn|[from] brn\n|upkeep\n|turn|5\n|\n|t:|1700993703\n|move|p2a: Palafin|Flip Turn|p1a: Orthworm\n|-damage|p1a: Orthworm|0 fnt\n|faint|p1a: Orthworm\n|\n|t:|1700993722\n|detailschange|p2a: Palafin|Palafin-Hero, M\n|switch|p2a: Amoonguss|Amoonguss, M|100\/100|[from] Flip Turn\n|-damage|p2a: Amoonguss|88\/100|[from] Spikes\n|cant|p1b: Ninetales|slp\n|move|p2b: Great Tusk|Rapid Spin|p1b: Ninetales\n|-damage|p1b: Ninetales|80\/100 slp\n|-boost|p2b: Great Tusk|spe|1\n|-sideend|p2: pangdunkabi|Spikes|[from] move: Rapid Spin|[of] p2b: Great Tusk\n|\n|-weather|Snow|[upkeep]\n|-heal|p1b: Ninetales|87\/100 slp|[from] Grassy Terrain\n|-heal|p2a: Amoonguss|94\/100|[from] Grassy Terrain\n|-fieldend|move: Grassy Terrain\n|upkeep\n|\n|t:|1700993743\n|switch|p1a: Iron Bundle|Iron Bundle|100\/100\n|turn|6\n|\n|t:|1700993759\n|switch|p2a: Ogerpon|Ogerpon-Hearthflame, F|100\/100\n|-ability|p2a: Ogerpon|Mold Breaker\n|move|p2b: Great Tusk|Close Combat|p1a: Iron Bundle\n|-supereffective|p1a: Iron Bundle\n|-damage|p1a: Iron Bundle|30\/100\n|-unboost|p2b: Great Tusk|def|1\n|-unboost|p2b: Great Tusk|spd|1\n|-enditem|p1a: Iron Bundle|Weakness Policy\n|-boost|p1a: Iron Bundle|atk|2|[from] item: Weakness Policy\n|-boost|p1a: Iron Bundle|spa|2|[from] item: Weakness Policy\n|cant|p1b: Ninetales|slp\n|move|p1a: Iron Bundle|Blizzard|p2a: Ogerpon|[spread] p2a,p2b\n|-supereffective|p2b: Great Tusk\n|-damage|p2a: Ogerpon|15\/100\n|-damage|p2b: Great Tusk|0 fnt\n|faint|p2b: Great Tusk\n|-end|p2b: Great Tusk|Protosynthesis|[silent]\n|\n|-weather|Snow|[upkeep]\n|upkeep\n|\n|t:|1700993780\n|switch|p2b: Rillaboom|Rillaboom, F|92\/100 par\n|-fieldstart|move: Grassy Terrain|[from] ability: Grassy Surge|[of] p2b: Rillaboom\n|turn|7\n|\n|t:|1700993801\n|move|p2b: Rillaboom|Fake Out|p1a: Iron Bundle\n|-damage|p1a: Iron Bundle|24\/100\n|-curestatus|p1b: Ninetales|slp|[msg]\n|move|p1b: Ninetales|Baton Pass|p1b: Ninetales\n|\n|t:|1700993811\n|switch|p1b: Tinkaton|Tinkaton, F|100\/100|[from] Baton Pass\n|move|p2a: Ogerpon|Knock Off|p1a: Iron Bundle\n|-damage|p1a: Iron Bundle|10\/100\n|cant|p1a: Iron Bundle|flinch\n|\n|-weather|none\n|-heal|p2a: Ogerpon|21\/100|[from] Grassy Terrain\n|-heal|p1a: Iron Bundle|16\/100|[from] Grassy Terrain\n|-heal|p2b: Rillaboom|99\/100 par|[from] Grassy Terrain\n|upkeep\n|turn|8\n|\n|t:|1700993833\n|move|p1b: Tinkaton|Fake Out|p2b: Rillaboom\n|-damage|p2b: Rillaboom|90\/100 par\n|cant|p2b: Rillaboom|flinch\n|move|p2a: Ogerpon|Ivy Cudgel|p1b: Tinkaton|[anim] Ivy Cudgel Fire\n|-supereffective|p1b: Tinkaton\n|-damage|p1b: Tinkaton|0 fnt\n|faint|p1b: Tinkaton\n|move|p1a: Iron Bundle|Rest|p1a: Iron Bundle\n|-status|p1a: Iron Bundle|slp|[from] move: Rest\n|-heal|p1a: Iron Bundle|100\/100 slp|[silent]\n|\n|-heal|p2a: Ogerpon|27\/100|[from] Grassy Terrain\n|-heal|p2b: Rillaboom|96\/100 par|[from] Grassy Terrain\n|upkeep\n|\n|t:|1700993846\n|switch|p1b: Ninetales|Ninetales-Alola, M|87\/100\n|-weather|Snow|[from] ability: Snow Warning|[of] p1b: Ninetales\n|turn|9\n|\n|t:|1700993863\n|-terastallize|p2a: Ogerpon|Fire\n|detailschange|p2a: Ogerpon|Ogerpon-Hearthflame-Tera, F, tera:Fire\n|-ability|p2a: Ogerpon|Embody Aspect (Hearthflame)|boost\n|-boost|p2a: Ogerpon|atk|1\n|move|p2b: Rillaboom|Grassy Glide|p1a: Iron Bundle\n|-supereffective|p1a: Iron Bundle\n|-damage|p1a: Iron Bundle|68\/100 slp\n|move|p2a: Ogerpon|Ivy Cudgel|p1a: Iron Bundle|[anim] Ivy Cudgel Fire\n|-damage|p1a: Iron Bundle|7\/100 slp\n|cant|p1a: Iron Bundle|slp\n|move|p1a: Iron Bundle|Sleep Talk|p1a: Iron Bundle\n|move|p1a: Iron Bundle|Rest||[from]move: Sleep Talk|[still]\n|-fail|p1a: Iron Bundle\n|move|p1b: Ninetales|Aurora Veil|p1b: Ninetales\n|-sidestart|p1: Emmi D|move: Aurora Veil\n|\n|-weather|Snow|[upkeep]\n|-heal|p2a: Ogerpon|33\/100|[from] Grassy Terrain\n|-heal|p1a: Iron Bundle|13\/100 slp|[from] Grassy Terrain\n|-heal|p1b: Ninetales|93\/100|[from] Grassy Terrain\n|-heal|p2b: Rillaboom|100\/100 par|[from] Grassy Terrain\n|upkeep\n|turn|10\n|\n|t:|1700993891\n|cant|p2b: Rillaboom|par\n|move|p2a: Ogerpon|Ivy Cudgel|p1a: Iron Bundle|[anim] Ivy Cudgel Fire\n|-damage|p1a: Iron Bundle|0 fnt\n|faint|p1a: Iron Bundle\n|-end|p1a: Iron Bundle|Quark Drive|[silent]\n|move|p1b: Ninetales|Calm Mind|p1b: Ninetales\n|-boost|p1b: Ninetales|spa|1\n|-boost|p1b: Ninetales|spd|1\n|\n|-weather|Snow|[upkeep]\n|-heal|p2a: Ogerpon|39\/100|[from] Grassy Terrain\n|-heal|p1b: Ninetales|99\/100|[from] Grassy Terrain\n|upkeep\n|\n|t:|1700993901\n|switch|p1a: Baxcalibur|Baxcalibur, F|100\/100\n|turn|11\n|\n|t:|1700993921\n|move|p1a: Baxcalibur|Ice Shard|p2a: Ogerpon\n|-resisted|p2a: Ogerpon\n|-damage|p2a: Ogerpon|22\/100\n|move|p2a: Ogerpon|Ivy Cudgel|p1b: Ninetales|[anim] Ivy Cudgel Fire\n|-supereffective|p1b: Ninetales\n|-damage|p1b: Ninetales|0 fnt\n|faint|p1b: Ninetales\n|move|p2b: Rillaboom|Brick Break|p1a: Baxcalibur\n|-sideend|p1: Emmi D|move: Aurora Veil\n|-supereffective|p1a: Baxcalibur\n|-damage|p1a: Baxcalibur|77\/100\n|\n|-weather|Snow|[upkeep]\n|-heal|p2a: Ogerpon|28\/100|[from] Grassy Terrain\n|-heal|p1a: Baxcalibur|83\/100|[from] Grassy Terrain\n|-fieldend|move: Grassy Terrain\n|upkeep\n|\n|t:|1700993933\n|switch|p1b: Electrode|Electrode|97\/100\n|turn|12\n|\n|t:|1700993950\n|move|p1b: Electrode|Foul Play|p2b: Rillaboom\n|-damage|p2b: Rillaboom|78\/100 par\n|move|p2a: Ogerpon|Ivy Cudgel|p1b: Electrode|[anim] Ivy Cudgel Fire\n|-damage|p1b: Electrode|0 fnt\n|faint|p1b: Electrode\n|move|p1a: Baxcalibur|Glaive Rush|p2a: Ogerpon\n|-damage|p2a: Ogerpon|0 fnt\n|-singlemove|p1a: Baxcalibur|Glaive Rush|[silent]\n|faint|p2a: Ogerpon\n|move|p2b: Rillaboom|U-turn|p1a: Baxcalibur\n|-damage|p1a: Baxcalibur|60\/100\n|\n|t:|1700993966\n|switch|p2b: Amoonguss|Amoonguss, M|100\/100|[from] U-turn\n|\n|-weather|Snow|[upkeep]\n|upkeep\n|\n|t:|1700993975\n|switch|p2a: Palafin|Palafin-Hero, M|94\/100\n|-activate|p2a: Palafin|ability: Zero to Hero\n|turn|13\n|\n|t:|1700993983\n|move|p1a: Baxcalibur|Ice Shard|p2a: Palafin\n|-resisted|p2a: Palafin\n|-damage|p2a: Palafin|81\/100\n|move|p2a: Palafin|Close Combat|p1a: Baxcalibur\n|-supereffective|p1a: Baxcalibur\n|-damage|p1a: Baxcalibur|0 fnt\n|-unboost|p2a: Palafin|def|1\n|-unboost|p2a: Palafin|spd|1\n|faint|p1a: Baxcalibur\n|\n|win|pangdunkabi\n|raw|Emmi D's rating: 1027 &rarr; <strong>1016<\/strong><br \/>(-11 for losing)\n|raw|pangdunkabi's rating: 1103 &rarr; <strong>1123<\/strong><br \/>(+20 for winning)\n|l|\u2606Emmi D\n","uploadtime":1700994012,"views":6,"p1id":"emmid","p2id":"pangdunkabi","formatid":"gen9doublesou","rating":1016,"private":0,"password":""}