{"id":"gen9doublesou-1972822023","p1":"ProteinMan11","p2":"pokemonkiller75","format":"[Gen 9] Doubles OU","log":"|j|\u2606ProteinMan11\n|j|\u2606pokemonkiller75\n|t:|1697899139\n|gametype|doubles\n|player|p1|ProteinMan11|hiker-gen4|1180\n|player|p2|pokemonkiller75|ingo|1113\n|teamsize|p1|6\n|teamsize|p2|6\n|gen|9\n|tier|[Gen 9] Doubles OU\n|rated|\n|rule|Species Clause: Limit one of each Pok\u00e9mon\n|rule|OHKO Clause: OHKO moves are banned\n|rule|Evasion Moves Clause: Evasion moves are banned\n|rule|Gravity Sleep Clause: The combination of sleep-inducing moves with imperfect accuracy and Gravity or Gigantamax Orbeetle are banned\n|rule|Endless Battle Clause: Forcing endless battles is banned\n|rule|HP Percentage Mod: HP is shown in percentages\n|clearpoke\n|poke|p1|Toxtricity, M|\n|poke|p1|Hariyama, M|\n|poke|p1|Flutter Mane|\n|poke|p1|Sinistcha-Masterpiece|\n|poke|p1|Clefairy, F|\n|poke|p1|Regidrago|\n|poke|p2|Glimmora, M|\n|poke|p2|Dragapult, M|\n|poke|p2|Amoonguss, M|\n|poke|p2|Iron Treads|\n|poke|p2|Blissey, F|\n|poke|p2|Armarouge, M|\n|teampreview\n|\n|t:|1697899146\n|start\n|switch|p1a: Jamal|Toxtricity, M, shiny|100\/100\n|switch|p1b: Big Fella|Hariyama, M|100\/100\n|switch|p2a: Rock|Glimmora, M|100\/100\n|switch|p2b: Amogus|Amoonguss, M|100\/100\n|turn|1\n|\n|t:|1697899161\n|move|p1b: Big Fella|Fake Out|p2b: Amogus\n|-damage|p2b: Amogus|80\/100\n|-damage|p1b: Big Fella|84\/100|[from] item: Rocky Helmet|[of] p2b: Amogus\n|-damage|p1b: Big Fella|74\/100|[from] item: Life Orb\n|move|p1a: Jamal|Shift Gear|p1a: Jamal\n|-boost|p1a: Jamal|spe|2\n|-boost|p1a: Jamal|atk|1\n|move|p2a: Rock|Stealth Rock|p1b: Big Fella\n|-sidestart|p1: ProteinMan11|move: Stealth Rock\n|cant|p2b: Amogus|flinch\n|\n|upkeep\n|turn|2\n|\n|t:|1697899176\n|-terastallize|p1a: Jamal|Normal\n|move|p1b: Big Fella|Helping Hand|p1a: Jamal\n|-singleturn|p1a: Jamal|Helping Hand|[of] p1b: Big Fella\n|move|p1a: Jamal|Boomburst|p2b: Amogus|[spread] p1b,p2a,p2b\n|-resisted|p2a: Rock\n|-damage|p1b: Big Fella|0 fnt\n|-damage|p2a: Rock|51\/100\n|-damage|p2b: Amogus|6\/100\n|faint|p1b: Big Fella\n|-enditem|p1a: Jamal|Throat Spray\n|-boost|p1a: Jamal|spa|1|[from] item: Throat Spray\n|move|p2a: Rock|Power Gem|p1a: Jamal\n|-damage|p1a: Jamal|38\/100\n|move|p2b: Amogus|Clear Smog|p1a: Jamal\n|-damage|p1a: Jamal|13\/100\n|-clearboost|p1a: Jamal\n|\n|-heal|p2a: Rock|58\/100|[from] item: Leftovers\n|upkeep\n|\n|t:|1697899197\n|switch|p1b: The Medic|Sinistcha-Masterpiece|100\/100\n|-damage|p1b: The Medic|88\/100|[from] Stealth Rock\n|-heal|p1a: Jamal|38\/100|[from] ability: Hospitality|[of] p1b: The Medic\n|turn|3\n|\n|t:|1697899220\n|switch|p2b: Dragapult|Dragapult, M|100\/100\n|move|p1b: The Medic|Rage Powder|p1b: The Medic\n|-singleturn|p1b: The Medic|move: Rage Powder\n|move|p1a: Jamal|Shift Gear|p1a: Jamal\n|-boost|p1a: Jamal|spe|2\n|-boost|p1a: Jamal|atk|1\n|move|p2a: Rock|Light Screen|p2a: Rock\n|-sidestart|p2: pokemonkiller75|move: Light Screen\n|\n|-heal|p2a: Rock|64\/100|[from] item: Leftovers\n|upkeep\n|turn|4\n|\n|t:|1697899238\n|switch|p2a: Amogus|Amoonguss, M|39\/100\n|move|p2b: Dragapult|Dragon Darts|p1a: Jamal\n|-crit|p1a: Jamal\n|-damage|p1a: Jamal|0 fnt\n|-anim|p2b: Dragapult|Dragon Darts|p1b: The Medic\n|-damage|p1b: The Medic|58\/100\n|faint|p1a: Jamal\n|move|p1b: The Medic|Leaf Storm|p2a: Amogus\n|-resisted|p2a: Amogus\n|-damage|p2a: Amogus|31\/100\n|-unboost|p1b: The Medic|spa|2\n|-enditem|p1b: The Medic|Eject Pack\n|\n|t:|1697899254\n|switch|p1b: Big Guy|Regidrago|100\/100\n|-damage|p1b: Big Guy|88\/100|[from] Stealth Rock\n|\n|upkeep\n|\n|t:|1697899257\n|switch|p1a: The Other Medic|Clefairy, F|100\/100\n|-damage|p1a: The Other Medic|88\/100|[from] Stealth Rock\n|turn|5\n|\n|t:|1697899271\n|switch|p2b: Absolute unit|Blissey, F|100\/100\n|move|p1a: The Other Medic|Follow Me|p1a: The Other Medic\n|-singleturn|p1a: The Other Medic|move: Follow Me\n|move|p1b: Big Guy|Dragon Energy|p2a: Amogus|[spread] p2a,p2b\n|-damage|p2a: Amogus|2\/100\n|-damage|p2b: Absolute unit|82\/100\n|move|p2a: Amogus|Toxic|p1a: The Other Medic\n|-status|p1a: The Other Medic|tox\n|\n|-damage|p1a: The Other Medic|82\/100 tox|[from] psn\n|upkeep\n|turn|6\n|\n|t:|1697899290\n|switch|p2a: Big Wheel|Iron Treads|100\/100\n|move|p1a: The Other Medic|Follow Me|p1a: The Other Medic\n|-singleturn|p1a: The Other Medic|move: Follow Me\n|move|p1b: Big Guy|Dragon Energy|p2a: Big Wheel|[spread] p2a,p2b\n|-resisted|p2a: Big Wheel\n|-damage|p2a: Big Wheel|69\/100\n|-damage|p2b: Absolute unit|64\/100\n|move|p2b: Absolute unit|Ice Beam|p1a: The Other Medic\n|-damage|p1a: The Other Medic|71\/100 tox\n|\n|-damage|p1a: The Other Medic|59\/100 tox|[from] psn\n|upkeep\n|turn|7\n|inactive|Battle timer is ON: inactive players will automatically lose when time's up. (requested by ProteinMan11)\n|\n|t:|1697899307\n|move|p1a: The Other Medic|Follow Me|p1a: The Other Medic\n|-singleturn|p1a: The Other Medic|move: Follow Me\n|move|p1b: Big Guy|Dragon Energy|p2a: Big Wheel|[spread] p2a,p2b\n|-resisted|p2a: Big Wheel\n|-damage|p2a: Big Wheel|35\/100\n|-damage|p2b: Absolute unit|47\/100\n|move|p2a: Big Wheel|Iron Head|p1a: The Other Medic\n|-supereffective|p1a: The Other Medic\n|-damage|p1a: The Other Medic|0 fnt\n|faint|p1a: The Other Medic\n|move|p2b: Absolute unit|Life Dew|p2b: Absolute unit|[spread] p2a,p2b\n|-heal|p2a: Big Wheel|60\/100\n|-heal|p2b: Absolute unit|72\/100\n|\n|-sideend|p2: pokemonkiller75|move: Light Screen\n|upkeep\n|\n|t:|1697899320\n|switch|p1a: Money Broom Mach 2|Flutter Mane|100\/100\n|-damage|p1a: Money Broom Mach 2|88\/100|[from] Stealth Rock\n|turn|8\n|\n|t:|1697899327\n|move|p1b: Big Guy|Dragon Energy|p2a: Big Wheel|[spread] p2a,p2b\n|-resisted|p2a: Big Wheel\n|-damage|p2a: Big Wheel|11\/100\n|-damage|p2b: Absolute unit|48\/100\n|move|p1a: Money Broom Mach 2|Dazzling Gleam|p2a: Big Wheel|[spread] p2a,p2b\n|-resisted|p2a: Big Wheel\n|-damage|p2a: Big Wheel|0 fnt\n|-damage|p2b: Absolute unit|29\/100\n|faint|p2a: Big Wheel\n|-end|p2a: Big Wheel|Quark Drive|[silent]\n|move|p2b: Absolute unit|Heal Pulse|p2: Big Wheel|[notarget]\n|-fail|p2b: Absolute unit\n|\n|upkeep\n|\n|t:|1697899336\n|switch|p2a: Dragapult|Dragapult, M|100\/100\n|turn|9\n|\n|t:|1697899345\n|switch|p2b: Amogus|Amoonguss, M|35\/100\n|-terastallize|p2a: Dragapult|Fighting\n|move|p2a: Dragapult|Phantom Force||[still]\n|-prepare|p2a: Dragapult|Phantom Force\n|move|p1b: Big Guy|Dragon Energy|p2b: Amogus|[spread] p2b\n|-miss|p1b: Big Guy|p2a: Dragapult\n|-damage|p2b: Amogus|0 fnt\n|faint|p2b: Amogus\n|move|p1a: Money Broom Mach 2|Dazzling Gleam|p2a: Dragapult|[miss]\n|-miss|p1a: Money Broom Mach 2|p2a: Dragapult\n|\n|upkeep\n|\n|t:|1697899357\n|switch|p2b: Rock|Glimmora, M|64\/100\n|turn|10\n|\n|t:|1697899362\n|move|p2a: Dragapult|Phantom Force|p1a: Money Broom Mach 2|[from]lockedmove\n|-supereffective|p1a: Money Broom Mach 2\n|-damage|p1a: Money Broom Mach 2|0 fnt\n|faint|p1a: Money Broom Mach 2\n|-end|p1a: Money Broom Mach 2|Protosynthesis|[silent]\n|move|p1b: Big Guy|Dragon Energy|p2a: Dragapult|[spread] p2a,p2b\n|-damage|p2a: Dragapult|3\/100\n|-damage|p2b: Rock|0 fnt\n|faint|p2b: Rock\n|\n|upkeep\n|\n|t:|1697899372\n|switch|p1a: The Medic|Sinistcha-Masterpiece|58\/100\n|switch|p2b: Armarouge|Armarouge, M|100\/100\n|-damage|p1a: The Medic|46\/100|[from] Stealth Rock\n|-heal|p1b: Big Guy|100\/100|[from] ability: Hospitality|[of] p1a: The Medic\n|turn|11\n|\n|t:|1697899384\n|move|p1a: The Medic|Rage Powder|p1a: The Medic\n|-singleturn|p1a: The Medic|move: Rage Powder\n|move|p2a: Dragapult|Phantom Force||[still]\n|-prepare|p2a: Dragapult|Phantom Force\n|move|p1b: Big Guy|Dragon Energy|p2b: Armarouge|[spread] p2b\n|-miss|p1b: Big Guy|p2a: Dragapult\n|-damage|p2b: Armarouge|0 fnt\n|faint|p2b: Armarouge\n|\n|upkeep\n|\n|t:|1697899391\n|switch|p2b: Absolute unit|Blissey, F|29\/100\n|turn|12\n|\n|t:|1697899397\n|move|p1a: The Medic|Rage Powder|p1a: The Medic\n|-singleturn|p1a: The Medic|move: Rage Powder\n|move|p2a: Dragapult|Phantom Force|p1a: The Medic|[from]lockedmove\n|-supereffective|p1a: The Medic\n|-damage|p1a: The Medic|0 fnt\n|faint|p1a: The Medic\n|move|p1b: Big Guy|Dragon Energy|p2b: Absolute unit|[spread] p2a,p2b\n|-damage|p2a: Dragapult|0 fnt\n|-damage|p2b: Absolute unit|0 fnt\n|faint|p2a: Dragapult\n|faint|p2b: Absolute unit\n|\n|win|ProteinMan11\n|raw|ProteinMan11's rating: 1180 &rarr; <strong>1200<\/strong><br \/>(+20 for winning)\n|raw|pokemonkiller75's rating: 1113 &rarr; <strong>1093<\/strong><br \/>(-20 for losing)\n|l|\u2606pokemonkiller75\n","uploadtime":1697899407,"views":11,"p1id":"proteinman11","p2id":"pokemonkiller75","formatid":"gen9doublesou","rating":1093,"private":0,"password":""}