{"id":"gen9doublesou-1992685815","p1":"The things 4","p2":"Rocky 14","format":"[Gen 9] Doubles OU","log":"|j|\u2606The things 4\n|j|\u2606Rocky 14\n|t:|1700225130\n|gametype|doubles\n|player|p1|The things 4|silver|1103\n|player|p2|Rocky 14|brock|1054\n|teamsize|p1|6\n|teamsize|p2|5\n|gen|9\n|tier|[Gen 9] Doubles OU\n|rated|\n|rule|Species Clause: Limit one of each Pok\u00e9mon\n|rule|OHKO Clause: OHKO moves are banned\n|rule|Evasion Moves Clause: Evasion moves are banned\n|rule|Gravity Sleep Clause: The combination of sleep-inducing moves with imperfect accuracy and Gravity or Gigantamax Orbeetle are banned\n|rule|Endless Battle Clause: Forcing endless battles is banned\n|rule|HP Percentage Mod: HP is shown in percentages\n|clearpoke\n|poke|p1|Zapdos-Galar|\n|poke|p1|Revavroom, F|\n|poke|p1|Kleavor, F|\n|poke|p1|Armarouge, M|\n|poke|p1|Trevenant, M|\n|poke|p1|Rotom-Wash|\n|poke|p2|Clefairy, F|\n|poke|p2|Krookodile, F|\n|poke|p2|Illumise, F|\n|poke|p2|Farigiraf, M|\n|poke|p2|Meowscarada, F|\n|teampreview\n|inactive|Battle timer is ON: inactive players will automatically lose when time's up. (requested by The things 4)\n|\n|t:|1700225139\n|start\n|switch|p1a: Zapdos|Zapdos-Galar|100\/100\n|switch|p1b: Trevenant|Trevenant, M|100\/100\n|switch|p2a: Krookodile|Krookodile, F, shiny|100\/100\n|switch|p2b: Meowscarada|Meowscarada, F|100\/100\n|turn|1\n|\n|t:|1700225168\n|switch|p1b: Rotom|Rotom-Wash|100\/100\n|move|p2a: Krookodile|Endure|p2a: Krookodile\n|-singleturn|p2a: Krookodile|move: Endure\n|move|p2b: Meowscarada|Flower Trick|p2a: Krookodile\n|-start|p2b: Meowscarada|typechange|Grass|[from] ability: Protean\n|-supereffective|p2a: Krookodile\n|-crit|p2a: Krookodile\n|-activate|p2a: Krookodile|move: Endure\n|-damage|p2a: Krookodile|1\/100\n|-setboost|p2a: Krookodile|atk|6|[from] ability: Anger Point\n|-enditem|p2a: Krookodile|Salac Berry|[eat]\n|-boost|p2a: Krookodile|spe|1|[from] item: Salac Berry\n|move|p1a: Zapdos|Thunderous Kick|p2a: Krookodile\n|-supereffective|p2a: Krookodile\n|-activate|p2a: Krookodile|move: Endure\n|-damage|p2a: Krookodile|1\/100\n|-unboost|p2a: Krookodile|def|1\n|\n|upkeep\n|turn|2\n|inactive|Rocky 14 has 120 seconds left.\n|inactive|The things 4 has 120 seconds left.\n|\n|t:|1700225205\n|switch|p2b: Farigiraf|Farigiraf, M|100\/100\n|move|p2a: Krookodile|Rock Slide|p1a: Zapdos|[spread] p1a,p1b\n|-damage|p1a: Zapdos|35\/100\n|-damage|p1b: Rotom|31\/100\n|move|p1a: Zapdos|Thunderous Kick|p2a: Krookodile\n|-supereffective|p2a: Krookodile\n|-damage|p2a: Krookodile|0 fnt\n|faint|p2a: Krookodile\n|cant|p1b: Rotom|flinch\n|\n|-heal|p1b: Rotom|37\/100|[from] item: Leftovers\n|upkeep\n|inactive|Rocky 14 has 120 seconds left.\n|\n|t:|1700225231\n|switch|p2a: Meowscarada|Meowscarada, F|100\/100\n|turn|3\n|inactive|Rocky 14 has 120 seconds left.\n|\n|t:|1700225248\n|switch|p1a: Revavroom|Revavroom, F|100\/100\n|move|p2a: Meowscarada|Helping Hand|p2b: Farigiraf\n|-start|p2a: Meowscarada|typechange|Normal|[from] ability: Protean\n|-singleturn|p2b: Farigiraf|Helping Hand|[of] p2a: Meowscarada\n|move|p1b: Rotom|Dark Pulse|p2b: Farigiraf\n|-supereffective|p2b: Farigiraf\n|-damage|p2b: Farigiraf|73\/100\n|move|p2b: Farigiraf|Hyper Voice|p1a: Revavroom|[spread] p1a,p1b\n|-resisted|p1a: Revavroom\n|-damage|p1a: Revavroom|80\/100\n|-damage|p1b: Rotom|0 fnt\n|faint|p1b: Rotom\n|\n|upkeep\n|\n|t:|1700225265\n|switch|p1b: Trevenant|Trevenant, M|100\/100\n|turn|4\n|\n|t:|1700225281\n|move|p2a: Meowscarada|Helping Hand|p2b: Farigiraf\n|-singleturn|p2b: Farigiraf|Helping Hand|[of] p2a: Meowscarada\n|move|p1a: Revavroom|Shift Gear|p1a: Revavroom\n|-boost|p1a: Revavroom|spe|2\n|-boost|p1a: Revavroom|atk|1\n|move|p2b: Farigiraf|Shadow Ball|p1b: Trevenant\n|-supereffective|p1b: Trevenant\n|-damage|p1b: Trevenant|46\/100\n|-enditem|p1b: Trevenant|Sitrus Berry|[eat]\n|-heal|p1b: Trevenant|71\/100|[from] item: Sitrus Berry\n|move|p1b: Trevenant|Poltergeist|p2b: Farigiraf\n|-immune|p2b: Farigiraf\n|\n|-item|p1b: Trevenant|Sitrus Berry|[from] ability: Harvest\n|upkeep\n|turn|5\n|\n|t:|1700225311\n|switch|p2a: Illumise|Illumise, F, shiny|100\/100\n|move|p1a: Revavroom|Shift Gear|p1a: Revavroom\n|-boost|p1a: Revavroom|spe|2\n|-boost|p1a: Revavroom|atk|1\n|move|p2b: Farigiraf|Thunder Wave|p1a: Revavroom\n|-status|p1a: Revavroom|par\n|move|p1b: Trevenant|Horn Leech|p2b: Farigiraf\n|-damage|p2b: Farigiraf|40\/100\n|-heal|p1b: Trevenant|93\/100|[from] drain|[of] p2b: Farigiraf\n|\n|upkeep\n|turn|6\n|\n|t:|1700225337\n|move|p2a: Illumise|Tailwind|p2a: Illumise\n|-sidestart|p2: Rocky 14|move: Tailwind\n|cant|p1a: Revavroom|par\n|move|p2b: Farigiraf|Wish|p2b: Farigiraf\n|move|p1b: Trevenant|Horn Leech|p2a: Illumise\n|-resisted|p2a: Illumise\n|-damage|p2a: Illumise|81\/100\n|-heal|p1b: Trevenant|100\/100|[from] drain|[of] p2a: Illumise\n|\n|upkeep\n|turn|7\n|inactive|Rocky 14 has 120 seconds left.\n|\n|t:|1700225381\n|move|p2a: Illumise|Air Slash|p1b: Trevenant\n|-supereffective|p1b: Trevenant\n|-damage|p1b: Trevenant|72\/100\n|move|p1a: Revavroom|Iron Head|p2a: Illumise\n|-damage|p2a: Illumise|0 fnt\n|faint|p2a: Illumise\n|move|p2b: Farigiraf|Shadow Ball|p1b: Trevenant\n|-supereffective|p1b: Trevenant\n|-damage|p1b: Trevenant|34\/100\n|-unboost|p1b: Trevenant|spd|1\n|-enditem|p1b: Trevenant|Sitrus Berry|[eat]\n|-heal|p1b: Trevenant|59\/100|[from] item: Sitrus Berry\n|move|p1b: Trevenant|Wood Hammer|p2b: Farigiraf\n|-damage|p2b: Farigiraf|0 fnt\n|faint|p2b: Farigiraf\n|-damage|p1b: Trevenant|42\/100|[from] Recoil\n|\n|-item|p1b: Trevenant|Sitrus Berry|[from] ability: Harvest\n|upkeep\n|-enditem|p1b: Trevenant|Sitrus Berry|[eat]\n|-heal|p1b: Trevenant|67\/100|[from] item: Sitrus Berry\n|\n|t:|1700225406\n|switch|p2a: Clefairy|Clefairy, F|100\/100\n|switch|p2b: Meowscarada|Meowscarada, F|100\/100\n|turn|8\n|\n|t:|1700225431\n|move|p2a: Clefairy|Protect|p2a: Clefairy\n|-singleturn|p2a: Clefairy|Protect\n|move|p2b: Meowscarada|Knock Off|p1b: Trevenant\n|-start|p2b: Meowscarada|typechange|Dark|[from] ability: Protean\n|-supereffective|p1b: Trevenant\n|-damage|p1b: Trevenant|9\/100\n|move|p1a: Revavroom|Gunk Shot|p2b: Meowscarada|[miss]\n|-miss|p1a: Revavroom|p2b: Meowscarada\n|move|p1b: Trevenant|Wood Hammer|p2b: Meowscarada\n|-damage|p2b: Meowscarada|42\/100\n|-damage|p1b: Trevenant|0 fnt|[from] Recoil\n|faint|p1b: Trevenant\n|\n|upkeep\n|\n|t:|1700225452\n|switch|p1b: Armarouge|Armarouge, M|100\/100\n|turn|9\n|inactive|Rocky 14 has 120 seconds left.\n|\n|t:|1700225467\n|switch|p1b: Zapdos|Zapdos-Galar|35\/100\n|-terastallize|p2a: Clefairy|Steel\n|move|p2b: Meowscarada|Knock Off|p1b: Zapdos\n|-resisted|p1b: Zapdos\n|-damage|p1b: Zapdos|12\/100\n|-enditem|p1b: Zapdos|Black Belt|[from] move: Knock Off|[of] p2b: Meowscarada\n|move|p1a: Revavroom|Iron Head|p2b: Meowscarada\n|-damage|p2b: Meowscarada|0 fnt\n|faint|p2b: Meowscarada\n|move|p2a: Clefairy|Heal Pulse|p2: Meowscarada|[notarget]\n|-fail|p2a: Clefairy\n|\n|-sideend|p2: Rocky 14|move: Tailwind\n|upkeep\n|turn|10\n|inactive|Rocky 14 has 120 seconds left.\n|\n|t:|1700225490\n|move|p2a: Clefairy|Protect|p2a: Clefairy\n|-singleturn|p2a: Clefairy|Protect\n|cant|p1a: Revavroom|par\n|move|p1b: Zapdos|Thunderous Kick|p2a: Clefairy\n|-activate|p2a: Clefairy|move: Protect\n|\n|upkeep\n|turn|11\n|-message|Rocky 14 forfeited.\n|\n|win|The things 4\n|raw|The things 4's rating: 1103 &rarr; <strong>1124<\/strong><br \/>(+21 for winning)\n|raw|Rocky 14's rating: 1054 &rarr; <strong>1038<\/strong><br \/>(-16 for losing)\n|l|\u2606Rocky 14\n","uploadtime":1700225502,"views":5,"p1id":"thethings4","p2id":"rocky14","formatid":"gen9doublesou","rating":1038,"private":0,"password":""}