{"id":"gen9doublesou-1978277692","p1":"jzurf","p2":"FoxLegends","format":"[Gen 9] Doubles OU","log":"|j|\u2606jzurf\n|j|\u2606FoxLegends\n|inactive|Battle timer is ON: inactive players will automatically lose when time's up.\n|t:|1698520063\n|gametype|doubles\n|player|p1|jzurf|102|\n|player|p2|FoxLegends|n-masters|\n|teamsize|p1|6\n|teamsize|p2|6\n|gen|9\n|tier|[Gen 9] Doubles OU\n|rated|Tournament battle\n|rule|Species Clause: Limit one of each Pok\u00e9mon\n|rule|OHKO Clause: OHKO moves are banned\n|rule|Evasion Moves Clause: Evasion moves are banned\n|rule|Gravity Sleep Clause: The combination of sleep-inducing moves with imperfect accuracy and Gravity or Gigantamax Orbeetle are banned\n|rule|Endless Battle Clause: Forcing endless battles is banned\n|rule|HP Percentage Mod: HP is shown in percentages\n|clearpoke\n|poke|p1|Swanna, M|\n|poke|p1|Barraskewda, F|\n|poke|p1|Milotic, F|\n|poke|p1|Clodsire, F|\n|poke|p1|Arcanine-Hisui, M|\n|poke|p1|Dragonite, M|\n|poke|p2|Greedent, M|\n|poke|p2|Lucario, F|\n|poke|p2|Dipplin, M|\n|poke|p2|Chesnaught, M|\n|poke|p2|Amoonguss, M|\n|poke|p2|Gastrodon-East, M|\n|teampreview\n|j|*Lady Monita \u263d\n|j| Martian1010\n|\n|t:|1698520079\n|start\n|switch|p1a: Arcanine|Arcanine-Hisui, M|100\/100\n|switch|p1b: Dragonite|Dragonite, M|100\/100\n|switch|p2a: Greedent|Greedent, M|100\/100\n|switch|p2b: Dipplin|Dipplin, M|100\/100\n|-ability|p1a: Arcanine|Intimidate|boost\n|-unboost|p2a: Greedent|atk|1\n|-unboost|p2b: Dipplin|atk|1\n|-ability|p2b: Dipplin|Supersweet Syrup\n|-ability|p2b: Dipplin|Supersweet Syrup|boost\n|-unboost|p1a: Arcanine|evasion|1\n|-unboost|p1b: Dragonite|evasion|1\n|turn|1\n|l| Martian1010\n|inactive|jzurf has 120 seconds left.\n|\n|t:|1698520120\n|move|p1b: Dragonite|Extreme Speed|p2b: Dipplin\n|-damage|p2b: Dipplin|58\/100\n|move|p1a: Arcanine|Flare Blitz|p2b: Dipplin\n|-damage|p2b: Dipplin|0 fnt\n|faint|p2b: Dipplin\n|-damage|p1a: Arcanine|80\/100|[from] Recoil\n|move|p2a: Greedent|Body Press|p1a: Arcanine\n|-supereffective|p1a: Arcanine\n|-crit|p1a: Arcanine\n|-damage|p1a: Arcanine|17\/100\n|\n|upkeep\n|inactive|FoxLegends has 120 seconds left.\n|\n|t:|1698520135\n|switch|p2b: Chesnaught|Chesnaught, M|100\/100\n|turn|2\n|\n|t:|1698520144\n|move|p2b: Chesnaught|Spiky Shield|p2b: Chesnaught\n|-singleturn|p2b: Chesnaught|move: Protect\n|move|p1b: Dragonite|Extreme Speed|p2b: Chesnaught\n|-activate|p2b: Chesnaught|move: Protect\n|-damage|p1b: Dragonite|88\/100|[from] Spiky Shield|[of] p2b: Chesnaught\n|move|p1a: Arcanine|Flare Blitz|p2b: Chesnaught\n|-activate|p2b: Chesnaught|move: Protect\n|-damage|p1a: Arcanine|5\/100|[from] Spiky Shield|[of] p2b: Chesnaught\n|move|p2a: Greedent|Super Fang|p1b: Dragonite\n|-damage|p1b: Dragonite|44\/100\n|\n|upkeep\n|turn|3\n|\n|t:|1698520172\n|switch|p2b: Gastrodon|Gastrodon-East, M|100\/100\n|move|p1b: Dragonite|Extreme Speed|p2b: Gastrodon\n|-damage|p2b: Gastrodon|50\/100\n|move|p1a: Arcanine|Flare Blitz|p2b: Gastrodon\n|-resisted|p2b: Gastrodon\n|-damage|p2b: Gastrodon|0 fnt\n|faint|p2b: Gastrodon\n|-damage|p1a: Arcanine|0 fnt|[from] Recoil\n|faint|p1a: Arcanine\n|move|p2a: Greedent|Gyro Ball|p1b: Dragonite\n|-damage|p1b: Dragonite|19\/100\n|\n|upkeep\n|c|\u2606FoxLegends|Well\n|\n|t:|1698520187\n|switch|p1a: Milotic|Milotic, F|100\/100\n|switch|p2b: Amoonguss|Amoonguss, M|100\/100\n|turn|4\n|\n|t:|1698520209\n|switch|p1b: Clodsire|Clodsire, F|100\/100\n|move|p2b: Amoonguss|Rage Powder|p2b: Amoonguss\n|-singleturn|p2b: Amoonguss|move: Rage Powder\n|move|p1a: Milotic|Scald|p2b: Amoonguss\n|-resisted|p2b: Amoonguss\n|-damage|p2b: Amoonguss|89\/100\n|move|p2a: Greedent|Gyro Ball|p1b: Clodsire\n|-damage|p1b: Clodsire|89\/100\n|\n|-heal|p2b: Amoonguss|95\/100|[from] item: Black Sludge\n|-heal|p1b: Clodsire|95\/100|[from] item: Leftovers\n|upkeep\n|turn|5\n|inactive|FoxLegends has 120 seconds left.\n|\n|t:|1698520246\n|switch|p2a: Chesnaught|Chesnaught, M|100\/100\n|move|p1a: Milotic|Scald|p2a: Chesnaught\n|-resisted|p2a: Chesnaught\n|-damage|p2a: Chesnaught|89\/100\n|move|p2b: Amoonguss|Sludge Bomb|p1a: Milotic\n|-crit|p1a: Milotic\n|-damage|p1a: Milotic|66\/100\n|move|p1b: Clodsire|Yawn|p2b: Amoonguss\n|-start|p2b: Amoonguss|move: Yawn|[of] p1b: Clodsire\n|\n|-heal|p2a: Chesnaught|95\/100|[from] item: Leftovers\n|-heal|p2b: Amoonguss|100\/100|[from] item: Black Sludge\n|-heal|p1b: Clodsire|100\/100|[from] item: Leftovers\n|upkeep\n|turn|6\n|inactive|FoxLegends has 120 seconds left.\n|\n|t:|1698520272\n|switch|p1a: Swanna|Swanna, M|100\/100\n|-singleturn|p2a: Chesnaught|move: Focus Punch\n|move|p2b: Amoonguss|Rage Powder|p2b: Amoonguss\n|-singleturn|p2b: Amoonguss|move: Rage Powder\n|move|p1b: Clodsire|Stealth Rock|p2a: Chesnaught\n|-sidestart|p2: FoxLegends|move: Stealth Rock\n|move|p2a: Chesnaught|Focus Punch|p1b: Clodsire\n|-resisted|p1b: Clodsire\n|-damage|p1b: Clodsire|69\/100\n|\n|-heal|p2a: Chesnaught|100\/100|[from] item: Leftovers\n|-heal|p1b: Clodsire|75\/100|[from] item: Leftovers\n|-end|p2b: Amoonguss|move: Yawn|[silent]\n|-status|p2b: Amoonguss|slp\n|upkeep\n|turn|7\n|inactive|FoxLegends has 120 seconds left.\n|\n|t:|1698520297\n|move|p2a: Chesnaught|Spiky Shield|p2a: Chesnaught\n|-singleturn|p2a: Chesnaught|move: Protect\n|move|p1a: Swanna|Icy Wind|p2a: Chesnaught|[spread] p2b\n|-activate|p2a: Chesnaught|move: Protect\n|-supereffective|p2b: Amoonguss\n|-damage|p2b: Amoonguss|84\/100 slp\n|-unboost|p2b: Amoonguss|spe|1\n|move|p1b: Clodsire|Earthquake|p2a: Chesnaught|[spread] p2b\n|-activate|p2a: Chesnaught|move: Protect\n|-immune|p1a: Swanna\n|-damage|p2b: Amoonguss|63\/100 slp\n|cant|p2b: Amoonguss|slp\n|\n|-heal|p1b: Clodsire|81\/100|[from] item: Leftovers\n|-heal|p2b: Amoonguss|69\/100 slp|[from] item: Black Sludge\n|upkeep\n|turn|8\n|inactive|FoxLegends has 120 seconds left.\n|\n|t:|1698520324\n|switch|p2a: Greedent|Greedent, M|100\/100\n|-damage|p2a: Greedent|88\/100|[from] Stealth Rock\n|move|p1a: Swanna|Icy Wind|p2a: Greedent|[spread] p2a,p2b\n|-crit|p2a: Greedent\n|-supereffective|p2b: Amoonguss\n|-damage|p2a: Greedent|76\/100\n|-damage|p2b: Amoonguss|54\/100 slp\n|-unboost|p2a: Greedent|spe|1\n|-unboost|p2b: Amoonguss|spe|1\n|move|p1b: Clodsire|Earthquake|p2a: Greedent|[spread] p2a,p2b\n|-immune|p1a: Swanna\n|-damage|p2a: Greedent|61\/100\n|-damage|p2b: Amoonguss|32\/100 slp\n|cant|p2b: Amoonguss|slp\n|\n|-heal|p1b: Clodsire|88\/100|[from] item: Leftovers\n|-heal|p2b: Amoonguss|38\/100 slp|[from] item: Black Sludge\n|upkeep\n|turn|9\n|inactive|FoxLegends has 120 seconds left.\n|\n|t:|1698520351\n|move|p1a: Swanna|Icy Wind|p2b: Amoonguss|[spread] p2a,p2b\n|-supereffective|p2b: Amoonguss\n|-damage|p2a: Greedent|52\/100\n|-damage|p2b: Amoonguss|23\/100 slp\n|-unboost|p2a: Greedent|spe|1\n|-unboost|p2b: Amoonguss|spe|1\n|move|p1b: Clodsire|Yawn|p2a: Greedent\n|-start|p2a: Greedent|move: Yawn|[of] p1b: Clodsire\n|-curestatus|p2b: Amoonguss|slp|[msg]\n|move|p2b: Amoonguss|Sludge Bomb|p1a: Swanna\n|-damage|p1a: Swanna|56\/100\n|move|p2a: Greedent|Gyro Ball|p1a: Swanna\n|-resisted|p1a: Swanna\n|-crit|p1a: Swanna\n|-damage|p1a: Swanna|21\/100\n|\n|-heal|p1a: Swanna|27\/100|[from] item: Leftovers\n|-heal|p1b: Clodsire|94\/100|[from] item: Leftovers\n|-heal|p2b: Amoonguss|29\/100|[from] item: Black Sludge\n|upkeep\n|turn|10\n|inactive|FoxLegends has 120 seconds left.\n|inactive|FoxLegends has 90 seconds left.\n|\n|t:|1698520417\n|move|p1a: Swanna|Rain Dance|p1a: Swanna\n|-weather|RainDance\n|move|p1b: Clodsire|Earthquake|p2a: Greedent|[spread] p2a,p2b\n|-immune|p1a: Swanna\n|-damage|p2a: Greedent|35\/100\n|-damage|p2b: Amoonguss|7\/100\n|-enditem|p2a: Greedent|Sitrus Berry|[eat]\n|-heal|p2a: Greedent|60\/100|[from] item: Sitrus Berry\n|-heal|p2a: Greedent|93\/100|[from] ability: Cheek Pouch\n|move|p2b: Amoonguss|Sludge Bomb|p1a: Swanna\n|-damage|p1a: Swanna|0 fnt\n|faint|p1a: Swanna\n|move|p2a: Greedent|Gyro Ball|p1b: Clodsire\n|-damage|p1b: Clodsire|63\/100\n|\n|-weather|RainDance|[upkeep]\n|-heal|p1b: Clodsire|70\/100|[from] item: Leftovers\n|-heal|p2b: Amoonguss|13\/100|[from] item: Black Sludge\n|-end|p2a: Greedent|move: Yawn|[silent]\n|-status|p2a: Greedent|slp\n|upkeep\n|inactive|jzurf has 120 seconds left.\n|\n|t:|1698520439\n|switch|p1a: Barraskewda|Barraskewda, F|100\/100\n|turn|11\n|\n|t:|1698520451\n|move|p2b: Amoonguss|Rage Powder|p2b: Amoonguss\n|-singleturn|p2b: Amoonguss|move: Rage Powder\n|move|p1a: Barraskewda|Crunch|p2b: Amoonguss\n|-damage|p2b: Amoonguss|0 fnt\n|faint|p2b: Amoonguss\n|-damage|p1a: Barraskewda|91\/100|[from] item: Life Orb\n|move|p1b: Clodsire|Recover|p1b: Clodsire\n|-heal|p1b: Clodsire|100\/100\n|cant|p2a: Greedent|slp\n|\n|-weather|RainDance|[upkeep]\n|upkeep\n|\n|t:|1698520461\n|switch|p2b: Chesnaught|Chesnaught, M|100\/100\n|-damage|p2b: Chesnaught|94\/100|[from] Stealth Rock\n|turn|12\n|inactive|FoxLegends has 120 seconds left.\n|\n|t:|1698520474\n|move|p1a: Barraskewda|Close Combat|p2a: Greedent\n|-supereffective|p2a: Greedent\n|-damage|p2a: Greedent|7\/100 slp\n|-unboost|p1a: Barraskewda|def|1\n|-unboost|p1a: Barraskewda|spd|1\n|-damage|p1a: Barraskewda|81\/100|[from] item: Life Orb\n|move|p2b: Chesnaught|Iron Defense|p2b: Chesnaught\n|-boost|p2b: Chesnaught|def|2\n|move|p1b: Clodsire|Yawn|p2b: Chesnaught\n|-start|p2b: Chesnaught|move: Yawn|[of] p1b: Clodsire\n|cant|p2a: Greedent|slp\n|\n|-weather|RainDance|[upkeep]\n|-heal|p2b: Chesnaught|100\/100|[from] item: Leftovers\n|upkeep\n|turn|13\n|inactive|jzurf has 120 seconds left.\n|\n|t:|1698520504\n|move|p1a: Barraskewda|Crunch|p2a: Greedent\n|-damage|p2a: Greedent|0 fnt\n|faint|p2a: Greedent\n|-damage|p1a: Barraskewda|71\/100|[from] item: Life Orb\n|move|p2b: Chesnaught|Body Press|p1a: Barraskewda\n|-damage|p1a: Barraskewda|0 fnt\n|faint|p1a: Barraskewda\n|move|p1b: Clodsire|Yawn||[still]\n|-fail|p1b: Clodsire\n|\n|-weather|RainDance|[upkeep]\n|-end|p2b: Chesnaught|move: Yawn|[silent]\n|-status|p2b: Chesnaught|slp\n|upkeep\n|\n|t:|1698520518\n|switch|p1a: Dragonite|Dragonite, M|19\/100\n|switch|p2a: Lucario|Lucario, F, shiny|100\/100\n|-damage|p2a: Lucario|98\/100|[from] Stealth Rock\n|turn|14\n|\n|t:|1698520539\n|-terastallize|p2a: Lucario|Ghost\n|move|p2a: Lucario|Flash Cannon|p1b: Clodsire\n|-damage|p1b: Clodsire|80\/100\n|move|p1a: Dragonite|Aerial Ace|p2b: Chesnaught\n|-supereffective|p2b: Chesnaught\n|-damage|p2b: Chesnaught|17\/100 slp\n|cant|p2b: Chesnaught|slp\n|move|p1b: Clodsire|Earthquake|p2a: Lucario|[spread] p2a,p2b\n|-immune|p1a: Dragonite\n|-crit|p2a: Lucario\n|-resisted|p2b: Chesnaught\n|-damage|p2a: Lucario|50\/100\n|-damage|p2b: Chesnaught|13\/100 slp\n|\n|-weather|none\n|-heal|p2b: Chesnaught|19\/100 slp|[from] item: Leftovers\n|-heal|p1b: Clodsire|87\/100|[from] item: Leftovers\n|upkeep\n|turn|15\n|inactive|FoxLegends has 120 seconds left.\n|\n|t:|1698520572\n|switch|p1a: Milotic|Milotic, F|66\/100\n|cant|p2b: Chesnaught|slp\n|move|p2a: Lucario|Flash Cannon|p1a: Milotic\n|-resisted|p1a: Milotic\n|-damage|p1a: Milotic|55\/100\n|move|p1b: Clodsire|Earthquake|p2b: Chesnaught|[spread] p1a,p2a,p2b\n|-resisted|p2b: Chesnaught\n|-damage|p1a: Milotic|32\/100\n|-damage|p2a: Lucario|15\/100\n|-damage|p2b: Chesnaught|15\/100 slp\n|\n|-heal|p2b: Chesnaught|22\/100 slp|[from] item: Leftovers\n|-heal|p1b: Clodsire|93\/100|[from] item: Leftovers\n|upkeep\n|turn|16\n|\n|t:|1698520592\n|cant|p2b: Chesnaught|slp\n|move|p2a: Lucario|Tera Blast|p1b: Clodsire|[anim] Tera Blast Ghost\n|-damage|p1b: Clodsire|72\/100\n|move|p1a: Milotic|Scald|p2a: Lucario\n|-damage|p2a: Lucario|0 fnt\n|faint|p2a: Lucario\n|move|p1b: Clodsire|Yawn||[still]\n|-fail|p1b: Clodsire\n|\n|-heal|p2b: Chesnaught|28\/100 slp|[from] item: Leftovers\n|-heal|p1b: Clodsire|78\/100|[from] item: Leftovers\n|upkeep\n|turn|17\n|\n|t:|1698520616\n|switch|p1a: Dragonite|Dragonite, M|19\/100\n|-curestatus|p2b: Chesnaught|slp|[msg]\n|move|p2b: Chesnaught|Body Press|p1b: Clodsire\n|-resisted|p1b: Clodsire\n|-damage|p1b: Clodsire|44\/100\n|move|p1b: Clodsire|Yawn|p2b: Chesnaught\n|-start|p2b: Chesnaught|move: Yawn|[of] p1b: Clodsire\n|\n|-heal|p2b: Chesnaught|34\/100|[from] item: Leftovers\n|-heal|p1b: Clodsire|50\/100|[from] item: Leftovers\n|upkeep\n|turn|18\n|\n|t:|1698520632\n|-terastallize|p1a: Dragonite|Normal\n|move|p2b: Chesnaught|Spiky Shield|p2b: Chesnaught\n|-singleturn|p2b: Chesnaught|move: Protect\n|move|p1a: Dragonite|Extreme Speed|p2b: Chesnaught\n|-activate|p2b: Chesnaught|move: Protect\n|-damage|p1a: Dragonite|7\/100|[from] Spiky Shield|[of] p2b: Chesnaught\n|move|p1b: Clodsire|Earthquake|p2b: Chesnaught|[spread] p1a\n|-activate|p2b: Chesnaught|move: Protect\n|-damage|p1a: Dragonite|0 fnt\n|faint|p1a: Dragonite\n|\n|-heal|p2b: Chesnaught|40\/100|[from] item: Leftovers\n|-heal|p1b: Clodsire|57\/100|[from] item: Leftovers\n|-end|p2b: Chesnaught|move: Yawn|[silent]\n|-status|p2b: Chesnaught|slp\n|upkeep\n|c|\u2606FoxLegends|Oh?\n|\n|t:|1698520647\n|switch|p1a: Milotic|Milotic, F|32\/100\n|turn|19\n|\n|t:|1698520655\n|move|p1a: Milotic|Recover|p1a: Milotic\n|-heal|p1a: Milotic|82\/100\n|cant|p2b: Chesnaught|slp\n|move|p1b: Clodsire|Recover|p1b: Clodsire\n|-heal|p1b: Clodsire|100\/100\n|\n|-heal|p2b: Chesnaught|46\/100 slp|[from] item: Leftovers\n|upkeep\n|turn|20\n|c|\u2606FoxLegends|Yeah ok\n|c|\u2606FoxLegends|final boss accepted\n|\n|t:|1698520670\n|move|p1a: Milotic|Scald|p2b: Chesnaught\n|-resisted|p2b: Chesnaught\n|-damage|p2b: Chesnaught|35\/100 slp\n|cant|p2b: Chesnaught|slp\n|move|p1b: Clodsire|Yawn||[still]\n|-fail|p1b: Clodsire\n|\n|-heal|p2b: Chesnaught|41\/100 slp|[from] item: Leftovers\n|upkeep\n|turn|21\n|\n|t:|1698520685\n|move|p1a: Milotic|Haze|p1a: Milotic\n|-clearallboost\n|cant|p2b: Chesnaught|slp\n|move|p1b: Clodsire|Stealth Rock||[still]\n|-fail|p1b: Clodsire\n|\n|-heal|p2b: Chesnaught|47\/100 slp|[from] item: Leftovers\n|upkeep\n|turn|22\n|\n|t:|1698520696\n|move|p1a: Milotic|Scald|p2b: Chesnaught\n|-resisted|p2b: Chesnaught\n|-damage|p2b: Chesnaught|35\/100 slp\n|-curestatus|p2b: Chesnaught|slp|[msg]\n|move|p2b: Chesnaught|Iron Defense|p2b: Chesnaught\n|-boost|p2b: Chesnaught|def|2\n|move|p1b: Clodsire|Earthquake|p2b: Chesnaught|[spread] p1a,p2b\n|-resisted|p2b: Chesnaught\n|-damage|p1a: Milotic|62\/100\n|-damage|p2b: Chesnaught|31\/100\n|\n|-heal|p2b: Chesnaught|37\/100|[from] item: Leftovers\n|upkeep\n|turn|23\n|\n|t:|1698520709\n|move|p2b: Chesnaught|Spiky Shield|p2b: Chesnaught\n|-singleturn|p2b: Chesnaught|move: Protect\n|move|p1a: Milotic|Haze|p1a: Milotic\n|-clearallboost\n|move|p1b: Clodsire|Yawn|p2b: Chesnaught\n|-activate|p2b: Chesnaught|move: Protect\n|\n|-heal|p2b: Chesnaught|43\/100|[from] item: Leftovers\n|upkeep\n|turn|24\n|\n|t:|1698520727\n|move|p1a: Milotic|Haze|p1a: Milotic\n|-clearallboost\n|move|p2b: Chesnaught|Iron Defense|p2b: Chesnaught\n|-boost|p2b: Chesnaught|def|2\n|move|p1b: Clodsire|Yawn|p2b: Chesnaught\n|-start|p2b: Chesnaught|move: Yawn|[of] p1b: Clodsire\n|\n|-heal|p2b: Chesnaught|49\/100|[from] item: Leftovers\n|upkeep\n|turn|25\n|\n|t:|1698520744\n|-singleturn|p2b: Chesnaught|move: Focus Punch\n|move|p1a: Milotic|Recover|p1a: Milotic\n|-heal|p1a: Milotic|100\/100\n|move|p1b: Clodsire|Earthquake|p2b: Chesnaught|[spread] p1a,p2b\n|-resisted|p2b: Chesnaught\n|-damage|p1a: Milotic|81\/100\n|-damage|p2b: Chesnaught|46\/100\n|cant|p2b: Chesnaught|Focus Punch|Focus Punch\n|\n|-heal|p2b: Chesnaught|52\/100|[from] item: Leftovers\n|-end|p2b: Chesnaught|move: Yawn|[silent]\n|-status|p2b: Chesnaught|slp\n|upkeep\n|turn|26\n|c|\u2606FoxLegends|My trick\n|c|\u2606FoxLegends|Dangit\n|\n|t:|1698520759\n|move|p1a: Milotic|Haze|p1a: Milotic\n|-clearallboost\n|cant|p2b: Chesnaught|slp\n|move|p1b: Clodsire|Earthquake|p2b: Chesnaught|[spread] p1a,p2b\n|-resisted|p2b: Chesnaught\n|-damage|p1a: Milotic|59\/100\n|-damage|p2b: Chesnaught|45\/100 slp\n|\n|-heal|p2b: Chesnaught|51\/100 slp|[from] item: Leftovers\n|upkeep\n|turn|27\n|\n|t:|1698520774\n|move|p1a: Milotic|Scald|p2b: Chesnaught\n|-resisted|p2b: Chesnaught\n|-damage|p2b: Chesnaught|40\/100 slp\n|cant|p2b: Chesnaught|slp\n|move|p1b: Clodsire|Earthquake|p2b: Chesnaught|[spread] p1a,p2b\n|-resisted|p2b: Chesnaught\n|-damage|p1a: Milotic|37\/100\n|-damage|p2b: Chesnaught|33\/100 slp\n|\n|-heal|p2b: Chesnaught|39\/100 slp|[from] item: Leftovers\n|upkeep\n|turn|28\n|\n|t:|1698520787\n|move|p1a: Milotic|Scald|p2b: Chesnaught\n|-resisted|p2b: Chesnaught\n|-damage|p2b: Chesnaught|28\/100 slp\n|cant|p2b: Chesnaught|slp\n|move|p1b: Clodsire|Yawn||[still]\n|-fail|p1b: Clodsire\n|\n|-heal|p2b: Chesnaught|34\/100 slp|[from] item: Leftovers\n|upkeep\n|turn|29\n|\n|t:|1698520805\n|move|p1a: Milotic|Recover|p1a: Milotic\n|-heal|p1a: Milotic|87\/100\n|-curestatus|p2b: Chesnaught|slp|[msg]\n|move|p2b: Chesnaught|Body Press|p1a: Milotic\n|-damage|p1a: Milotic|55\/100\n|move|p1b: Clodsire|Yawn|p2b: Chesnaught\n|-start|p2b: Chesnaught|move: Yawn|[of] p1b: Clodsire\n|\n|-heal|p2b: Chesnaught|40\/100|[from] item: Leftovers\n|upkeep\n|turn|30\n|\n|t:|1698520818\n|move|p1a: Milotic|Scald|p2b: Chesnaught\n|-resisted|p2b: Chesnaught\n|-damage|p2b: Chesnaught|29\/100\n|move|p2b: Chesnaught|Body Press|p1a: Milotic\n|-damage|p1a: Milotic|21\/100\n|move|p1b: Clodsire|Stealth Rock||[still]\n|-fail|p1b: Clodsire\n|\n|-heal|p2b: Chesnaught|35\/100|[from] item: Leftovers\n|-end|p2b: Chesnaught|move: Yawn|[silent]\n|-status|p2b: Chesnaught|slp\n|upkeep\n|turn|31\n|\n|t:|1698520836\n|cant|p2b: Chesnaught|slp\n|move|p1a: Milotic|Scald|p2b: Chesnaught\n|-resisted|p2b: Chesnaught\n|-damage|p2b: Chesnaught|25\/100 slp\n|move|p1b: Clodsire|Stealth Rock||[still]\n|-fail|p1b: Clodsire\n|\n|-heal|p2b: Chesnaught|31\/100 slp|[from] item: Leftovers\n|upkeep\n|turn|32\n|\n|t:|1698520846\n|move|p1a: Milotic|Recover|p1a: Milotic\n|-heal|p1a: Milotic|71\/100\n|-curestatus|p2b: Chesnaught|slp|[msg]\n|move|p2b: Chesnaught|Body Press|p1a: Milotic\n|-damage|p1a: Milotic|35\/100\n|move|p1b: Clodsire|Stealth Rock||[still]\n|-fail|p1b: Clodsire\n|\n|-heal|p2b: Chesnaught|37\/100|[from] item: Leftovers\n|upkeep\n|turn|33\n|\n|t:|1698520858\n|-singleturn|p2b: Chesnaught|move: Focus Punch\n|move|p1a: Milotic|Recover|p1a: Milotic\n|-heal|p1a: Milotic|85\/100\n|move|p1b: Clodsire|Yawn|p2b: Chesnaught\n|-start|p2b: Chesnaught|move: Yawn|[of] p1b: Clodsire\n|move|p2b: Chesnaught|Focus Punch|p1a: Milotic\n|-damage|p1a: Milotic|28\/100\n|\n|-heal|p2b: Chesnaught|43\/100|[from] item: Leftovers\n|upkeep\n|turn|34\n|\n|t:|1698520871\n|move|p1a: Milotic|Recover|p1a: Milotic\n|-heal|p1a: Milotic|78\/100\n|move|p2b: Chesnaught|Body Press|p1a: Milotic\n|-damage|p1a: Milotic|41\/100\n|move|p1b: Clodsire|Earthquake|p2b: Chesnaught|[spread] p1a,p2b\n|-resisted|p2b: Chesnaught\n|-damage|p1a: Milotic|21\/100\n|-damage|p2b: Chesnaught|36\/100\n|\n|-heal|p2b: Chesnaught|42\/100|[from] item: Leftovers\n|-end|p2b: Chesnaught|move: Yawn|[silent]\n|-status|p2b: Chesnaught|slp\n|upkeep\n|turn|35\n|\n|t:|1698520886\n|move|p1a: Milotic|Scald|p2b: Chesnaught\n|-resisted|p2b: Chesnaught\n|-damage|p2b: Chesnaught|32\/100 slp\n|cant|p2b: Chesnaught|slp\n|move|p1b: Clodsire|Earthquake|p2b: Chesnaught|[spread] p1a,p2b\n|-resisted|p2b: Chesnaught\n|-damage|p1a: Milotic|0 fnt\n|-damage|p2b: Chesnaught|23\/100 slp\n|faint|p1a: Milotic\n|\n|-heal|p2b: Chesnaught|29\/100 slp|[from] item: Leftovers\n|upkeep\n|turn|36\n|c|\u2606jzurf|lol\n|c|\u2606FoxLegends|Just keep recovering\n|c|\u2606FoxLegends|nvm\n|c|\u2606FoxLegends|lol\n|c|\u2606FoxLegends|ill stay all day\n|\n|t:|1698520907\n|cant|p2b: Chesnaught|slp\n|move|p1b: Clodsire|Earthquake|p2b: Chesnaught\n|-resisted|p2b: Chesnaught\n|-damage|p2b: Chesnaught|18\/100 slp\n|\n|-heal|p2b: Chesnaught|24\/100 slp|[from] item: Leftovers\n|upkeep\n|turn|37\n|c|\u2606jzurf|needed dragonnite to not die\n|\n|t:|1698520913\n|cant|p2b: Chesnaught|slp\n|move|p1b: Clodsire|Earthquake|p2b: Chesnaught\n|-resisted|p2b: Chesnaught\n|-damage|p2b: Chesnaught|14\/100 slp\n|\n|-heal|p2b: Chesnaught|20\/100 slp|[from] item: Leftovers\n|upkeep\n|turn|38\n|\n|t:|1698520922\n|-curestatus|p2b: Chesnaught|slp|[msg]\n|move|p2b: Chesnaught|Iron Defense|p2b: Chesnaught\n|-boost|p2b: Chesnaught|def|2\n|move|p1b: Clodsire|Earthquake|p2b: Chesnaught\n|-resisted|p2b: Chesnaught\n|-damage|p2b: Chesnaught|15\/100\n|\n|-heal|p2b: Chesnaught|21\/100|[from] item: Leftovers\n|upkeep\n|turn|39\n|\n|t:|1698520933\n|move|p2b: Chesnaught|Iron Defense|p2b: Chesnaught\n|-boost|p2b: Chesnaught|def|2\n|move|p1b: Clodsire|Yawn|p2b: Chesnaught\n|-start|p2b: Chesnaught|move: Yawn|[of] p1b: Clodsire\n|\n|-heal|p2b: Chesnaught|27\/100|[from] item: Leftovers\n|upkeep\n|turn|40\n|c|\u2606FoxLegends|You crit you win\n|\n|t:|1698520949\n|move|p2b: Chesnaught|Body Press|p1b: Clodsire\n|-resisted|p1b: Clodsire\n|-damage|p1b: Clodsire|46\/100\n|move|p1b: Clodsire|Earthquake|p2b: Chesnaught\n|-resisted|p2b: Chesnaught\n|-damage|p2b: Chesnaught|24\/100\n|\n|-heal|p2b: Chesnaught|30\/100|[from] item: Leftovers\n|-heal|p1b: Clodsire|52\/100|[from] item: Leftovers\n|-end|p2b: Chesnaught|move: Yawn|[silent]\n|-status|p2b: Chesnaught|slp\n|upkeep\n|turn|41\n|c|\u2606jzurf|gg\n|c|\u2606jzurf|:P\n|c|\u2606FoxLegends|Gg?\n|c|\u2606jzurf|gl broski\n|c|\u2606FoxLegends|oh thx\n|-message|jzurf forfeited.\n|\n|win|FoxLegends\n|n|\u2606jzurf|jzurf\n|n|\u2606FoxLegends|foxlegends\n|n|*Lady Monita \u263d|ladymonita\n|l|*Lady Monita \u263d\n|l|\u2606jzurf\n","uploadtime":1698520969,"views":21,"p1id":"jzurf","p2id":"foxlegends","formatid":"gen9doublesou","rating":0,"private":0,"password":""}