{"id":"gen9doublesou-1994581546","p1":"LootGoblin22","p2":"vegetasfeet","format":"[Gen 9] Doubles OU","log":"|j|\u2606LootGoblin22\n|j|\u2606vegetasfeet\n|t:|1700463775\n|gametype|doubles\n|player|p1|LootGoblin22|1|1159\n|player|p2|vegetasfeet|teamrocket|1305\n|teamsize|p1|6\n|teamsize|p2|6\n|gen|9\n|tier|[Gen 9] Doubles OU\n|rated|\n|rule|Species Clause: Limit one of each Pok\u00e9mon\n|rule|OHKO Clause: OHKO moves are banned\n|rule|Evasion Moves Clause: Evasion moves are banned\n|rule|Gravity Sleep Clause: The combination of sleep-inducing moves with imperfect accuracy and Gravity or Gigantamax Orbeetle are banned\n|rule|Endless Battle Clause: Forcing endless battles is banned\n|rule|HP Percentage Mod: HP is shown in percentages\n|clearpoke\n|poke|p1|Dragonite, M|\n|poke|p1|Ursaluna-Bloodmoon, M|\n|poke|p1|Wo-Chien|\n|poke|p1|Tornadus, M|\n|poke|p1|Chien-Pao|\n|poke|p1|Gliscor, M|\n|poke|p2|Scizor, M|\n|poke|p2|Tornadus, M|\n|poke|p2|Chien-Pao|\n|poke|p2|Iron Hands|\n|poke|p2|Volcanion|\n|poke|p2|Great Tusk|\n|teampreview\n|inactive|Battle timer is ON: inactive players will automatically lose when time's up. (requested by vegetasfeet)\n|inactive|LootGoblin22 has 120 seconds left.\n|\n|t:|1700463811\n|start\n|switch|p1a: Gliscor|Gliscor, M|100\/100\n|switch|p1b: Freddy|Ursaluna-Bloodmoon, M|100\/100\n|switch|p2a: YN Jay|Tornadus, M|100\/100\n|switch|p2b: Kawhi Leonard|Scizor, M|100\/100\n|turn|1\n|inactive|vegetasfeet has 120 seconds left.\n|\n|t:|1700463851\n|move|p2a: YN Jay|Tailwind|p2a: YN Jay\n|-sidestart|p2: vegetasfeet|move: Tailwind\n|move|p2b: Kawhi Leonard|U-turn|p1b: Freddy\n|-damage|p1b: Freddy|59\/100\n|\n|t:|1700463860\n|switch|p2b: Great Tusk|Great Tusk|100\/100|[from] U-turn\n|move|p1a: Gliscor|Tailwind|p1a: Gliscor\n|-sidestart|p1: LootGoblin22|move: Tailwind\n|move|p1b: Freddy|Calm Mind|p1b: Freddy\n|-boost|p1b: Freddy|spa|1\n|-boost|p1b: Freddy|spd|1\n|\n|-heal|p1b: Freddy|65\/100|[from] item: Leftovers\n|-status|p1a: Gliscor|tox|[from] item: Toxic Orb\n|upkeep\n|turn|2\n|\n|t:|1700463879\n|move|p2a: YN Jay|Taunt|p1b: Freddy\n|-start|p1b: Freddy|move: Taunt\n|move|p2b: Great Tusk|Close Combat|p1b: Freddy\n|-supereffective|p1b: Freddy\n|-damage|p1b: Freddy|0 fnt\n|-unboost|p2b: Great Tusk|def|1\n|-unboost|p2b: Great Tusk|spd|1\n|faint|p1b: Freddy\n|move|p1a: Gliscor|Toxic Spikes|p2b: Great Tusk\n|-sidestart|p2: vegetasfeet|move: Toxic Spikes\n|\n|upkeep\n|\n|t:|1700463893\n|switch|p1b: Wolverine|Chien-Pao|100\/100\n|-ability|p1b: Wolverine|Sword of Ruin\n|turn|3\n|\n|t:|1700463911\n|-end|p2b: Great Tusk|Protosynthesis|[silent]\n|switch|p2b: Kawhi Leonard|Scizor, M|100\/100\n|move|p2a: YN Jay|Taunt|p1a: Gliscor\n|-start|p1a: Gliscor|move: Taunt\n|move|p1b: Wolverine|Ice Spinner|p2b: Kawhi Leonard\n|-resisted|p2b: Kawhi Leonard\n|-damage|p2b: Kawhi Leonard|66\/100\n|-damage|p1b: Wolverine|91\/100|[from] item: Life Orb\n|cant|p1a: Gliscor|move: Taunt|Stealth Rock\n|\n|upkeep\n|turn|4\n|\n|t:|1700463932\n|switch|p1a: He who Waits|Wo-Chien|100\/100\n|-ability|p1a: He who Waits|Tablets of Ruin\n|move|p1b: Wolverine|Sacred Sword|p2b: Kawhi Leonard\n|-damage|p2b: Kawhi Leonard|25\/100\n|-damage|p1b: Wolverine|81\/100|[from] item: Life Orb\n|move|p2a: YN Jay|Bleakwind Storm|p1a: He who Waits|[spread] p1a,p1b\n|-supereffective|p1a: He who Waits\n|-crit|p1a: He who Waits\n|-damage|p1a: He who Waits|30\/100\n|-damage|p1b: Wolverine|24\/100\n|-unboost|p1a: He who Waits|spe|1\n|-unboost|p1b: Wolverine|spe|1\n|move|p2b: Kawhi Leonard|U-turn|p1b: Wolverine\n|-supereffective|p1b: Wolverine\n|-damage|p1b: Wolverine|0 fnt\n|faint|p1b: Wolverine\n|\n|t:|1700463951\n|switch|p2b: Volcanion|Volcanion|100\/100|[from] U-turn\n|-status|p2b: Volcanion|psn\n|\n|-heal|p1a: He who Waits|36\/100|[from] item: Leftovers\n|-damage|p2b: Volcanion|88\/100 psn|[from] psn\n|-sideend|p2: vegetasfeet|move: Tailwind\n|-sideend|p1: LootGoblin22|move: Tailwind\n|upkeep\n|\n|t:|1700463961\n|switch|p1b: Thor|Tornadus, M|100\/100\n|turn|5\n|\n|t:|1700463978\n|move|p2a: YN Jay|Tailwind|p2a: YN Jay\n|-sidestart|p2: vegetasfeet|move: Tailwind\n|move|p1b: Thor|Tailwind|p1b: Thor\n|-sidestart|p1: LootGoblin22|move: Tailwind\n|move|p2b: Volcanion|Heat Wave|p1b: Thor|[spread] p1a,p1b\n|-supereffective|p1a: He who Waits\n|-damage|p1a: He who Waits|0 fnt\n|-damage|p1b: Thor|41\/100\n|-status|p1b: Thor|brn\n|faint|p1a: He who Waits\n|\n|-heal|p2b: Volcanion|94\/100 psn|[from] item: Leftovers\n|-damage|p2b: Volcanion|82\/100 psn|[from] psn\n|-damage|p1b: Thor|35\/100 brn|[from] brn\n|upkeep\n|\n|t:|1700463993\n|switch|p1a: Himbo|Dragonite, M|100\/100\n|turn|6\n|\n|t:|1700464008\n|move|p1b: Thor|Taunt|p2a: YN Jay\n|-start|p2a: YN Jay|move: Taunt\n|cant|p2a: YN Jay|move: Taunt|Taunt\n|move|p1a: Himbo|Ice Punch|p2a: YN Jay\n|-supereffective|p2a: YN Jay\n|-damage|p2a: YN Jay|9\/100\n|move|p2b: Volcanion|Substitute|p2b: Volcanion\n|-start|p2b: Volcanion|Substitute\n|-damage|p2b: Volcanion|57\/100 psn\n|\n|-heal|p2b: Volcanion|63\/100 psn|[from] item: Leftovers\n|-damage|p2b: Volcanion|51\/100 psn|[from] psn\n|-damage|p1b: Thor|29\/100 brn|[from] brn\n|upkeep\n|turn|7\n|\n|t:|1700464031\n|move|p1a: Himbo|Extreme Speed|p2a: YN Jay\n|-damage|p2a: YN Jay|0 fnt\n|faint|p2a: YN Jay\n|move|p1b: Thor|Bleakwind Storm|p2b: Volcanion\n|-end|p2b: Volcanion|Substitute\n|move|p2b: Volcanion|Heat Wave|p1b: Thor|[spread] p1a,p1b\n|-resisted|p1a: Himbo\n|-damage|p1a: Himbo|89\/100\n|-damage|p1b: Thor|0 fnt\n|faint|p1b: Thor\n|\n|-heal|p2b: Volcanion|57\/100 psn|[from] item: Leftovers\n|-damage|p2b: Volcanion|44\/100 psn|[from] psn\n|upkeep\n|\n|t:|1700464047\n|switch|p2a: Great Tusk|Great Tusk|100\/100\n|switch|p1b: Gliscor|Gliscor, M|100\/100 tox\n|-status|p2a: Great Tusk|psn\n|turn|8\n|\n|t:|1700464063\n|move|p2a: Great Tusk|Ice Spinner|p1a: Himbo\n|-supereffective|p1a: Himbo\n|-damage|p1a: Himbo|0 fnt\n|faint|p1a: Himbo\n|move|p1b: Gliscor|Stealth Rock|p2a: Great Tusk\n|-sidestart|p2: vegetasfeet|move: Stealth Rock\n|move|p2b: Volcanion|Steam Eruption|p1b: Gliscor\n|-supereffective|p1b: Gliscor\n|-damage|p1b: Gliscor|0 fnt\n|faint|p1b: Gliscor\n|\n|win|vegetasfeet\n|raw|LootGoblin22's rating: 1159 &rarr; <strong>1144<\/strong><br \/>(-15 for losing)\n|raw|vegetasfeet's rating: 1305 &rarr; <strong>1317<\/strong><br \/>(+12 for winning)\n|l|\u2606LootGoblin22\n","uploadtime":1700464073,"views":5,"p1id":"lootgoblin22","p2id":"vegetasfeet","formatid":"gen9doublesou","rating":1144,"private":0,"password":""}