{"id":"gen9doublesou-1999643650","p1":"ABO00","p2":"buddhist ameba","format":"[Gen 9] Doubles OU","log":"|j|\u2606ABO00\n|j|\u2606buddhist ameba\n|t:|1701103975\n|gametype|doubles\n|player|p1|ABO00|workerice|1572\n|player|p2|buddhist ameba|169|1696\n|teamsize|p1|6\n|teamsize|p2|6\n|gen|9\n|tier|[Gen 9] Doubles OU\n|rated|\n|rule|Species Clause: Limit one of each Pok\u00e9mon\n|rule|OHKO Clause: OHKO moves are banned\n|rule|Evasion Moves Clause: Evasion moves are banned\n|rule|Gravity Sleep Clause: The combination of sleep-inducing moves with imperfect accuracy and Gravity or Gigantamax Orbeetle are banned\n|rule|Endless Battle Clause: Forcing endless battles is banned\n|rule|HP Percentage Mod: HP is shown in percentages\n|clearpoke\n|poke|p1|Hatterene, F|\n|poke|p1|Sylveon, F|\n|poke|p1|Oranguru, F|\n|poke|p1|Lurantis, F|\n|poke|p1|Diancie|\n|poke|p1|Torkoal, M|\n|poke|p2|Rillaboom, F|\n|poke|p2|Iron Bundle|\n|poke|p2|Chi-Yu|\n|poke|p2|Diancie|\n|poke|p2|Ninetales-Alola, M|\n|poke|p2|Heatran, M|\n|teampreview\n|inactive|Battle timer is ON: inactive players will automatically lose when time's up. (requested by buddhist ameba)\n|c|\u2606buddhist ameba|glhf\n|\n|t:|1701104013\n|start\n|switch|p1a: Oranguru|Oranguru, F|100\/100\n|switch|p1b: Hatterene|Hatterene, F|100\/100\n|switch|p2a: Chi-Yu|Chi-Yu|100\/100\n|switch|p2b: Heatran|Heatran, M|100\/100\n|-ability|p2a: Chi-Yu|Beads of Ruin\n|turn|1\n|\n|t:|1701104032\n|move|p2a: Chi-Yu|Dark Pulse|p1a: Oranguru\n|-supereffective|p1a: Oranguru\n|-damage|p1a: Oranguru|0 fnt\n|faint|p1a: Oranguru\n|move|p2b: Heatran|Flash Cannon|p1b: Hatterene\n|-supereffective|p1b: Hatterene\n|-enditem|p1b: Hatterene|Focus Sash\n|-damage|p1b: Hatterene|1\/100\n|move|p1b: Hatterene|Trick Room|p1b: Hatterene\n|-fieldstart|move: Trick Room|[of] p1b: Hatterene\n|\n|upkeep\n|\n|t:|1701104047\n|switch|p1a: Torkoal|Torkoal, M|100\/100\n|-weather|SunnyDay|[from] ability: Drought|[of] p1a: Torkoal\n|turn|2\n|\n|t:|1701104057\n|-terastallize|p1a: Torkoal|Ground\n|-terastallize|p2b: Heatran|Grass\n|move|p1a: Torkoal|Earth Power|p2b: Heatran\n|-resisted|p2b: Heatran\n|-damage|p2b: Heatran|79\/100\n|-unboost|p2b: Heatran|spd|1\n|move|p1b: Hatterene|Dazzling Gleam|p2b: Heatran|[spread] p2a,p2b\n|-damage|p2a: Chi-Yu|59\/100\n|-damage|p2b: Heatran|20\/100\n|move|p2b: Heatran|Heat Wave|p1a: Torkoal|[spread] p1a\n|-miss|p2b: Heatran|p1b: Hatterene\n|-damage|p1a: Torkoal|0 fnt\n|faint|p1a: Torkoal\n|move|p2a: Chi-Yu|Dark Pulse|p1b: Hatterene\n|-damage|p1b: Hatterene|0 fnt\n|faint|p1b: Hatterene\n|\n|-weather|SunnyDay|[upkeep]\n|upkeep\n|\n|t:|1701104074\n|switch|p1a: Diancie|Diancie|100\/100\n|switch|p1b: Lurantis|Lurantis, F|100\/100\n|turn|3\n|\n|t:|1701104081\n|switch|p2a: Diancie|Diancie|100\/100\n|move|p2b: Heatran|Protect|p2b: Heatran\n|-singleturn|p2b: Heatran|Protect\n|move|p1b: Lurantis|Superpower|p2a: Diancie\n|-damage|p2a: Diancie|77\/100\n|-boost|p1b: Lurantis|atk|1\n|-boost|p1b: Lurantis|def|1\n|move|p1a: Diancie|Diamond Storm|p2a: Diancie|[spread] p2a\n|-activate|p2b: Heatran|move: Protect\n|-damage|p2a: Diancie|42\/100\n|-damage|p1a: Diancie|91\/100|[from] item: Life Orb\n|\n|-weather|SunnyDay|[upkeep]\n|upkeep\n|turn|4\n|\n|t:|1701104103\n|move|p2a: Diancie|Protect|p2a: Diancie\n|-singleturn|p2a: Diancie|Protect\n|move|p1b: Lurantis|Superpower|p2b: Heatran\n|-damage|p2b: Heatran|0 fnt\n|-boost|p1b: Lurantis|atk|1\n|-boost|p1b: Lurantis|def|1\n|faint|p2b: Heatran\n|move|p1a: Diancie|Diamond Storm|p2a: Diancie\n|-activate|p2a: Diancie|move: Protect\n|\n|-weather|SunnyDay|[upkeep]\n|upkeep\n|\n|t:|1701104107\n|switch|p2b: Rillaboom|Rillaboom, F|100\/100\n|-fieldstart|move: Grassy Terrain|[from] ability: Grassy Surge|[of] p2b: Rillaboom\n|turn|5\n|\n|t:|1701104127\n|move|p2b: Rillaboom|Fake Out|p1b: Lurantis\n|-damage|p1b: Lurantis|93\/100\n|cant|p1b: Lurantis|flinch\n|move|p1a: Diancie|Diamond Storm|p2b: Rillaboom|[spread] p2a,p2b\n|-damage|p2a: Diancie|8\/100\n|-damage|p2b: Rillaboom|60\/100\n|-boost|p1a: Diancie|def|2\n|-damage|p1a: Diancie|81\/100|[from] item: Life Orb\n|move|p2a: Diancie|Diamond Storm|p1a: Diancie|[spread] p1a,p1b\n|-damage|p1a: Diancie|65\/100\n|-damage|p1b: Lurantis|73\/100\n|-boost|p2a: Diancie|def|2\n|\n|-weather|SunnyDay|[upkeep]\n|-heal|p1b: Lurantis|80\/100|[from] Grassy Terrain\n|-heal|p1a: Diancie|71\/100|[from] Grassy Terrain\n|-heal|p2a: Diancie|15\/100|[from] Grassy Terrain\n|-heal|p2b: Rillaboom|66\/100|[from] Grassy Terrain\n|-fieldend|move: Trick Room\n|upkeep\n|turn|6\n|\n|t:|1701104155\n|move|p2b: Rillaboom|Wood Hammer|p1a: Diancie\n|-supereffective|p1a: Diancie\n|-damage|p1a: Diancie|0 fnt\n|faint|p1a: Diancie\n|-damage|p2b: Rillaboom|48\/100|[from] Recoil\n|move|p2a: Diancie|Diamond Storm|p1b: Lurantis\n|-damage|p1b: Lurantis|56\/100\n|move|p1b: Lurantis|Superpower|p2b: Rillaboom\n|-damage|p2b: Rillaboom|0 fnt\n|-boost|p1b: Lurantis|atk|1\n|-boost|p1b: Lurantis|def|1\n|faint|p2b: Rillaboom\n|\n|-weather|none\n|-heal|p2a: Diancie|21\/100|[from] Grassy Terrain\n|-heal|p1b: Lurantis|62\/100|[from] Grassy Terrain\n|upkeep\n|\n|t:|1701104170\n|switch|p2b: Chi-Yu|Chi-Yu|59\/100\n|switch|p1a: Sylveon|Sylveon, F|100\/100\n|-ability|p2b: Chi-Yu|Beads of Ruin\n|turn|7\n|\n|t:|1701104177\n|move|p1b: Lurantis|Protect|p1b: Lurantis\n|-singleturn|p1b: Lurantis|Protect\n|move|p2b: Chi-Yu|Heat Wave|p1a: Sylveon|[spread] \n|-activate|p1b: Lurantis|move: Protect\n|-miss|p2b: Chi-Yu|p1a: Sylveon\n|move|p1a: Sylveon|Hyper Voice|p2a: Diancie|[spread] p2a,p2b\n|-damage|p2a: Diancie|0 fnt\n|-damage|p2b: Chi-Yu|1\/100\n|faint|p2a: Diancie\n|\n|-heal|p2b: Chi-Yu|7\/100|[from] Grassy Terrain\n|-heal|p1b: Lurantis|68\/100|[from] Grassy Terrain\n|upkeep\n|\n|t:|1701104186\n|switch|p2a: Ninetales|Ninetales-Alola, M|100\/100\n|-weather|Snow|[from] ability: Snow Warning|[of] p2a: Ninetales\n|turn|8\n|\n|t:|1701104195\n|move|p1a: Sylveon|Quick Attack|p2b: Chi-Yu\n|-damage|p2b: Chi-Yu|0 fnt\n|faint|p2b: Chi-Yu\n|move|p2a: Ninetales|Blizzard|p1b: Lurantis|[spread] p1a,p1b\n|-supereffective|p1b: Lurantis\n|-damage|p1a: Sylveon|79\/100\n|-damage|p1b: Lurantis|4\/100\n|-enditem|p1b: Lurantis|Aguav Berry|[eat]\n|-heal|p1b: Lurantis|37\/100|[from] item: Aguav Berry\n|move|p1b: Lurantis|Superpower|p2a: Ninetales\n|-damage|p2a: Ninetales|29\/100\n|-boost|p1b: Lurantis|atk|1\n|-boost|p1b: Lurantis|def|1\n|\n|-weather|Snow|[upkeep]\n|-heal|p2a: Ninetales|35\/100|[from] Grassy Terrain\n|-heal|p1a: Sylveon|85\/100|[from] Grassy Terrain\n|-heal|p1b: Lurantis|43\/100|[from] Grassy Terrain\n|upkeep\n|\n|t:|1701104207\n|switch|p2b: Iron Bundle|Iron Bundle|100\/100\n|-enditem|p2b: Iron Bundle|Booster Energy\n|-activate|p2b: Iron Bundle|ability: Quark Drive|[fromitem]\n|-start|p2b: Iron Bundle|quarkdrivespe\n|turn|9\n|\n|t:|1701104236\n|move|p2a: Ninetales|Protect|p2a: Ninetales\n|-singleturn|p2a: Ninetales|Protect\n|move|p1a: Sylveon|Protect|p1a: Sylveon\n|-singleturn|p1a: Sylveon|Protect\n|move|p1b: Lurantis|Protect|p1b: Lurantis\n|-singleturn|p1b: Lurantis|Protect\n|move|p2b: Iron Bundle|Icy Wind|p1a: Sylveon|[spread] \n|-activate|p1a: Sylveon|move: Protect\n|-activate|p1b: Lurantis|move: Protect\n|\n|-weather|Snow|[upkeep]\n|-heal|p2a: Ninetales|41\/100|[from] Grassy Terrain\n|-heal|p1a: Sylveon|91\/100|[from] Grassy Terrain\n|-heal|p1b: Lurantis|49\/100|[from] Grassy Terrain\n|-fieldend|move: Grassy Terrain\n|upkeep\n|turn|10\n|\n|t:|1701104258\n|move|p2b: Iron Bundle|Icy Wind|p1b: Lurantis|[spread] p1a\n|-miss|p2b: Iron Bundle|p1b: Lurantis\n|-damage|p1a: Sylveon|76\/100\n|-unboost|p1a: Sylveon|spe|1\n|move|p2a: Ninetales|Blizzard|p1a: Sylveon|[spread] p1a,p1b\n|-supereffective|p1b: Lurantis\n|-damage|p1a: Sylveon|54\/100\n|-damage|p1b: Lurantis|0 fnt\n|faint|p1b: Lurantis\n|move|p1a: Sylveon|Hyper Voice|p2b: Iron Bundle|[spread] p2a,p2b\n|-damage|p2a: Ninetales|0 fnt\n|-damage|p2b: Iron Bundle|6\/100\n|faint|p2a: Ninetales\n|\n|-weather|Snow|[upkeep]\n|upkeep\n|turn|11\n|\n|t:|1701104276\n|move|p1a: Sylveon|Quick Attack|p2b: Iron Bundle\n|-damage|p2b: Iron Bundle|0 fnt\n|faint|p2b: Iron Bundle\n|-end|p2b: Iron Bundle|Quark Drive|[silent]\n|\n|win|ABO00\n|raw|ABO00's rating: 1572 &rarr; <strong>1599<\/strong><br \/>(+27 for winning)\n|raw|buddhist ameba's rating: 1696 &rarr; <strong>1669<\/strong><br \/>(-27 for losing)\n|c|\u2606buddhist ameba|gg\n|l|\u2606ABO00\n","uploadtime":1701104339,"views":13,"p1id":"abo00","p2id":"buddhistameba","formatid":"gen9doublesou","rating":1599,"private":0,"password":""}