{"id":"gen9doublesou-1987831471","p1":"Blast Ketchup 420","p2":"eualefvc","format":"[Gen 9] Doubles OU","log":"|j|\u2606Blast Ketchup 420\n|j|\u2606eualefvc\n|t:|1699640872\n|gametype|doubles\n|player|p1|Blast Ketchup 420|266|1146\n|player|p2|eualefvc|blackbelt-gen4dp|1227\n|teamsize|p1|6\n|teamsize|p2|6\n|gen|9\n|tier|[Gen 9] Doubles OU\n|rated|\n|rule|Species Clause: Limit one of each Pok\u00e9mon\n|rule|OHKO Clause: OHKO moves are banned\n|rule|Evasion Moves Clause: Evasion moves are banned\n|rule|Gravity Sleep Clause: The combination of sleep-inducing moves with imperfect accuracy and Gravity or Gigantamax Orbeetle are banned\n|rule|Endless Battle Clause: Forcing endless battles is banned\n|rule|HP Percentage Mod: HP is shown in percentages\n|clearpoke\n|poke|p1|Infernape, F|\n|poke|p1|Tyranitar, M|\n|poke|p1|Garchomp, F|\n|poke|p1|Gastrodon, F|\n|poke|p1|Espeon, M|\n|poke|p1|Forretress, F|\n|poke|p2|Ninetales, F|\n|poke|p2|Charizard, M|\n|poke|p2|Walking Wake|\n|poke|p2|Flutter Mane|\n|poke|p2|Sandy Shocks|\n|poke|p2|Chi-Yu|\n|teampreview\n|\n|t:|1699640897\n|start\n|switch|p1a: Espeon|Espeon, M|100\/100\n|switch|p1b: Gastrodon|Gastrodon, F|100\/100\n|switch|p2a: Ninetales|Ninetales, F|100\/100\n|switch|p2b: Chi-Yu|Chi-Yu|100\/100\n|-weather|SunnyDay|[from] ability: Drought|[of] p2a: Ninetales\n|-ability|p2b: Chi-Yu|Beads of Ruin\n|turn|1\n|\n|t:|1699640913\n|switch|p1b: Tyranitar|Tyranitar, M|100\/100\n|-weather|Sandstorm|[from] ability: Sand Stream|[of] p1b: Tyranitar\n|move|p1a: Espeon|Light Screen|p1a: Espeon\n|-sidestart|p1: Blast Ketchup 420|move: Light Screen\n|move|p2a: Ninetales|Baton Pass|p2a: Ninetales\n|\n|t:|1699640925\n|switch|p2a: Walking Wake|Walking Wake|100\/100|[from] Baton Pass\n|move|p2b: Chi-Yu|Dark Pulse|p1a: Espeon\n|-supereffective|p1a: Espeon\n|-damage|p1a: Espeon|0 fnt\n|faint|p1a: Espeon\n|\n|-weather|Sandstorm|[upkeep]\n|-damage|p2b: Chi-Yu|95\/100|[from] Sandstorm\n|-damage|p2a: Walking Wake|94\/100|[from] Sandstorm\n|upkeep\n|\n|t:|1699640939\n|switch|p1a: Gastrodon|Gastrodon, F|100\/100\n|turn|2\n|\n|t:|1699640991\n|switch|p2b: Ninetales|Ninetales, F|100\/100\n|-weather|SunnyDay|[from] ability: Drought|[of] p2b: Ninetales\n|-activate|p2a: Walking Wake|ability: Protosynthesis\n|-start|p2a: Walking Wake|protosynthesisspa\n|switch|p1b: Forretress|Forretress, F|100\/100\n|move|p2a: Walking Wake|Hydro Steam|p1b: Forretress\n|-ability|p1b: Forretress|Sturdy\n|-damage|p1b: Forretress|1\/100\n|move|p1a: Gastrodon|Ice Beam|p2a: Walking Wake\n|-damage|p2a: Walking Wake|66\/100\n|\n|-weather|SunnyDay|[upkeep]\n|upkeep\n|turn|3\n|-enditem|p1b: Forretress|Custap Berry|[eat]\n|-activate|p1b: Forretress|item: Custap Berry|[consumed]\n|\n|t:|1699641040\n|switch|p2b: Chi-Yu|Chi-Yu|95\/100\n|-ability|p2b: Chi-Yu|Beads of Ruin\n|move|p1b: Forretress|Gyro Ball|p2b: Chi-Yu\n|-resisted|p2b: Chi-Yu\n|-damage|p2b: Chi-Yu|60\/100\n|move|p2a: Walking Wake|Dragon Pulse|p1a: Gastrodon\n|-damage|p1a: Gastrodon|49\/100\n|move|p1a: Gastrodon|Earth Power|p2b: Chi-Yu\n|-supereffective|p2b: Chi-Yu\n|-damage|p2b: Chi-Yu|0 fnt\n|faint|p2b: Chi-Yu\n|\n|-weather|SunnyDay|[upkeep]\n|-heal|p1a: Gastrodon|55\/100|[from] item: Leftovers\n|upkeep\n|\n|t:|1699641057\n|switch|p2b: Charizard|Charizard, M|100\/100\n|turn|4\n|c|\u2606Blast Ketchup 420|Yeeeessss\n|\n|t:|1699641070\n|move|p2b: Charizard|Weather Ball|p1b: Forretress\n|-supereffective|p1b: Forretress\n|-damage|p1b: Forretress|0 fnt\n|faint|p1b: Forretress\n|move|p2a: Walking Wake|Hydro Steam|p1a: Gastrodon\n|-damage|p1a: Gastrodon|0 fnt\n|faint|p1a: Gastrodon\n|\n|-weather|SunnyDay|[upkeep]\n|-damage|p2b: Charizard|88\/100|[from] ability: Solar Power|[of] p2b: Charizard\n|upkeep\n|\n|t:|1699641087\n|switch|p1a: Garchomp|Garchomp, F|100\/100\n|switch|p1b: Infernape|Infernape, F|100\/100\n|turn|5\n|\n|t:|1699641123\n|move|p1b: Infernape|Fake Out|p2a: Walking Wake\n|-damage|p2a: Walking Wake|54\/100\n|move|p1a: Garchomp|Swords Dance|p1a: Garchomp\n|-boost|p1a: Garchomp|atk|2\n|move|p2b: Charizard|Weather Ball|p1b: Infernape\n|-resisted|p1b: Infernape\n|-damage|p1b: Infernape|33\/100\n|cant|p2a: Walking Wake|flinch\n|\n|-weather|SunnyDay|[upkeep]\n|-damage|p2b: Charizard|76\/100|[from] ability: Solar Power|[of] p2b: Charizard\n|upkeep\n|turn|6\n|\n|t:|1699641144\n|switch|p1b: Tyranitar|Tyranitar, M|100\/100\n|-weather|Sandstorm|[from] ability: Sand Stream|[of] p1b: Tyranitar\n|-end|p2a: Walking Wake|Protosynthesis\n|move|p1a: Garchomp|Liquidation|p2b: Charizard\n|-supereffective|p2b: Charizard\n|-damage|p2b: Charizard|0 fnt\n|faint|p2b: Charizard\n|move|p2a: Walking Wake|Hydro Steam|p1a: Garchomp\n|-damage|p1a: Garchomp|64\/100\n|\n|-weather|Sandstorm|[upkeep]\n|-damage|p2a: Walking Wake|48\/100|[from] Sandstorm\n|upkeep\n|\n|t:|1699641154\n|switch|p2b: Ninetales|Ninetales, F|100\/100\n|-weather|SunnyDay|[from] ability: Drought|[of] p2b: Ninetales\n|-activate|p2a: Walking Wake|ability: Protosynthesis\n|-start|p2a: Walking Wake|protosynthesisspa\n|turn|7\n|\n|t:|1699641213\n|switch|p2b: Sandy Shocks|Sandy Shocks|100\/100\n|-activate|p2b: Sandy Shocks|ability: Protosynthesis\n|-start|p2b: Sandy Shocks|protosynthesisspa\n|move|p1a: Garchomp|Outrage|p2a: Walking Wake\n|-supereffective|p2a: Walking Wake\n|-damage|p2a: Walking Wake|0 fnt\n|faint|p2a: Walking Wake\n|-end|p2a: Walking Wake|Protosynthesis|[silent]\n|move|p1b: Tyranitar|Knock Off|p2b: Sandy Shocks\n|-damage|p2b: Sandy Shocks|49\/100\n|-enditem|p2b: Sandy Shocks|Choice Specs|[from] move: Knock Off|[of] p1b: Tyranitar\n|\n|-weather|SunnyDay|[upkeep]\n|upkeep\n|\n|t:|1699641221\n|switch|p2a: Flutter Mane|Flutter Mane|100\/100\n|-activate|p2a: Flutter Mane|ability: Protosynthesis\n|-start|p2a: Flutter Mane|protosynthesisspa\n|turn|8\n|\n|t:|1699641253\n|move|p2a: Flutter Mane|Dazzling Gleam|p1a: Garchomp|[spread] p1a,p1b\n|-supereffective|p1a: Garchomp\n|-supereffective|p1b: Tyranitar\n|-damage|p1a: Garchomp|0 fnt\n|-damage|p1b: Tyranitar|63\/100\n|faint|p1a: Garchomp\n|move|p2b: Sandy Shocks|Earth Power|p1b: Tyranitar\n|-supereffective|p1b: Tyranitar\n|-damage|p1b: Tyranitar|12\/100\n|move|p1b: Tyranitar|Knock Off|p2a: Flutter Mane\n|-damage|p2a: Flutter Mane|0 fnt\n|-enditem|p2a: Flutter Mane|Fairy Feather|[from] move: Knock Off|[of] p1b: Tyranitar\n|faint|p2a: Flutter Mane\n|-end|p2a: Flutter Mane|Protosynthesis|[silent]\n|\n|-weather|SunnyDay|[upkeep]\n|-sideend|p1: Blast Ketchup 420|move: Light Screen\n|upkeep\n|\n|t:|1699641267\n|switch|p2a: Ninetales|Ninetales, F|100\/100\n|switch|p1a: Infernape|Infernape, F|33\/100\n|turn|9\n|\n|t:|1699641316\n|-terastallize|p1a: Infernape|Fire\n|-terastallize|p2b: Sandy Shocks|Electric\n|move|p2a: Ninetales|Helping Hand|p2b: Sandy Shocks\n|-singleturn|p2b: Sandy Shocks|Helping Hand|[of] p2a: Ninetales\n|move|p1a: Infernape|Fire Punch|p2b: Sandy Shocks\n|-damage|p2b: Sandy Shocks|0 fnt\n|faint|p2b: Sandy Shocks\n|-end|p2b: Sandy Shocks|Protosynthesis|[silent]\n|move|p1b: Tyranitar|Stone Edge|p2a: Ninetales\n|-supereffective|p2a: Ninetales\n|-damage|p2a: Ninetales|0 fnt\n|faint|p2a: Ninetales\n|\n|win|Blast Ketchup 420\n|raw|Blast Ketchup 420's rating: 1146 &rarr; <strong>1177<\/strong><br \/>(+31 for winning)\n|raw|eualefvc's rating: 1227 &rarr; <strong>1196<\/strong><br \/>(-31 for losing)\n|l|\u2606eualefvc\n|c|\u2606Blast Ketchup 420|Gg\n","uploadtime":1699641341,"views":5,"p1id":"blastketchup420","p2id":"eualefvc","formatid":"gen9doublesou","rating":1177,"private":0,"password":""}