{"id":"gen9doublesou-1968311615","p1":"Champion's Melody","p2":"DarkGashadokuro","format":"[Gen 9] Doubles OU","log":"|html|<div class=\"broadcast-blue\"><strong>[Gen 9] Doubles OU is currently suspecting Basculegion & Flutter Mane! For information on how to participate check out the <a href=\"https:\/\/www.smogon.com\/forums\/threads\/np-sv-dou-stage-8-double-trouble.3729153\/\">suspect thread<\/a>.<\/strong><\/div>\n|j|\u2606Champion's Melody\n|j|\u2606DarkGashadokuro\n|t:|1697404932\n|gametype|doubles\n|player|p1|Champion's Melody|cynthia|1251\n|player|p2|DarkGashadokuro|169|1316\n|teamsize|p1|6\n|teamsize|p2|6\n|gen|9\n|tier|[Gen 9] Doubles OU\n|rated|\n|rule|Species Clause: Limit one of each Pok\u00e9mon\n|rule|OHKO Clause: OHKO moves are banned\n|rule|Evasion Moves Clause: Evasion moves are banned\n|rule|Gravity Sleep Clause: The combination of sleep-inducing moves with imperfect accuracy and Gravity or Gigantamax Orbeetle are banned\n|rule|Endless Battle Clause: Forcing endless battles is banned\n|rule|HP Percentage Mod: HP is shown in percentages\n|clearpoke\n|poke|p1|Lurantis, M|\n|poke|p1|Gliscor, F|\n|poke|p1|Salazzle, F|\n|poke|p1|Kleavor, M|\n|poke|p1|Basculegion-F, F|\n|poke|p1|Empoleon, F|\n|poke|p2|Ursaluna, M|\n|poke|p2|Cresselia, F|\n|poke|p2|Avalugg-Hisui, F|\n|poke|p2|Slowking-Galar, F|\n|poke|p2|Amoonguss, M|\n|poke|p2|Sinistcha-Masterpiece|\n|teampreview\n|inactive|Battle timer is ON: inactive players will automatically lose when time's up. (requested by Champion's Melody)\n|\n|t:|1697404938\n|start\n|switch|p1a: Kleavor|Kleavor, M|100\/100\n|switch|p1b: Empoleon|Empoleon, F|100\/100\n|switch|p2a: Ursaluna|Ursaluna, M|100\/100\n|switch|p2b: Cresselia|Cresselia, F|100\/100\n|turn|1\n|\n|t:|1697404954\n|-terastallize|p1a: Kleavor|Dark\n|move|p2a: Ursaluna|Protect|p2a: Ursaluna\n|-singleturn|p2a: Ursaluna|Protect\n|move|p1a: Kleavor|Night Slash|p2b: Cresselia\n|-supereffective|p2b: Cresselia\n|-damage|p2b: Cresselia|0 fnt\n|faint|p2b: Cresselia\n|move|p1b: Empoleon|Hydro Pump|p2a: Ursaluna\n|-activate|p2a: Ursaluna|move: Protect\n|\n|-status|p2a: Ursaluna|brn|[from] item: Flame Orb\n|upkeep\n|\n|t:|1697404965\n|switch|p2b: Amoonguss|Amoonguss, M|100\/100\n|turn|2\n|\n|t:|1697404971\n|-terastallize|p2a: Ursaluna|Ground\n|move|p2b: Amoonguss|Rage Powder|p2b: Amoonguss\n|-singleturn|p2b: Amoonguss|move: Rage Powder\n|move|p1a: Kleavor|Night Slash|p2b: Amoonguss\n|-damage|p2b: Amoonguss|30\/100\n|-damage|p1a: Kleavor|84\/100|[from] item: Rocky Helmet|[of] p2b: Amoonguss\n|-status|p1a: Kleavor|par|[from] ability: Effect Spore|[of] p2b: Amoonguss\n|move|p1b: Empoleon|Hydro Pump|p2b: Amoonguss\n|-resisted|p2b: Amoonguss\n|-damage|p2b: Amoonguss|0 fnt\n|faint|p2b: Amoonguss\n|move|p2a: Ursaluna|Earthquake|p1a: Kleavor|[spread] p1a,p1b\n|-supereffective|p1b: Empoleon\n|-damage|p1a: Kleavor|0 fnt\n|-damage|p1b: Empoleon|0 fnt\n|faint|p1a: Kleavor\n|faint|p1b: Empoleon\n|\n|-damage|p2a: Ursaluna|94\/100 brn|[from] brn\n|upkeep\n|\n|t:|1697404991\n|switch|p1a: Lurantis|Lurantis, M|100\/100\n|switch|p1b: Basculegion|Basculegion-F, F|100\/100\n|switch|p2b: Sinistcha|Sinistcha-Masterpiece|100\/100\n|-heal|p2a: Ursaluna|100\/100 brn|[from] ability: Hospitality|[of] p2b: Sinistcha\n|turn|3\n|\n|t:|1697405003\n|move|p2a: Ursaluna|Protect|p2a: Ursaluna\n|-singleturn|p2a: Ursaluna|Protect\n|move|p1b: Basculegion|Flip Turn|p2a: Ursaluna\n|-activate|p2a: Ursaluna|move: Protect\n|move|p2b: Sinistcha|Matcha Gotcha|p1b: Basculegion|[spread] p1a,p1b\n|-resisted|p1a: Lurantis\n|-supereffective|p1b: Basculegion\n|-damage|p1a: Lurantis|87\/100\n|-damage|p1b: Basculegion|12\/100\n|move|p1a: Lurantis|Leaf Storm|p2a: Ursaluna\n|-activate|p2a: Ursaluna|move: Protect\n|\n|-damage|p2a: Ursaluna|94\/100 brn|[from] brn\n|upkeep\n|turn|4\n|\n|t:|1697405017\n|switch|p2a: Avalugg|Avalugg-Hisui, F|100\/100\n|move|p1b: Basculegion|Flip Turn|p2a: Avalugg\n|-supereffective|p2a: Avalugg\n|-crit|p2a: Avalugg\n|-damage|p2a: Avalugg|48\/100\n|\n|t:|1697405023\n|switch|p1b: Gliscor|Gliscor, F|100\/100|[from] Flip Turn\n|move|p2b: Sinistcha|Matcha Gotcha|p1b: Gliscor|[spread] p1a\n|-miss|p2b: Sinistcha|p1b: Gliscor\n|-resisted|p1a: Lurantis\n|-damage|p1a: Lurantis|74\/100\n|move|p1a: Lurantis|Leaf Storm|p2a: Avalugg|[miss]\n|-miss|p1a: Lurantis|p2a: Avalugg\n|\n|-status|p1b: Gliscor|tox|[from] item: Toxic Orb\n|upkeep\n|turn|5\n|\n|t:|1697405036\n|move|p1b: Gliscor|Fling|p2b: Sinistcha\n|-supereffective|p2b: Sinistcha\n|-damage|p2b: Sinistcha|85\/100\n|-status|p2b: Sinistcha|tox\n|-enditem|p1b: Gliscor|Toxic Orb|[from] move: Fling\n|move|p2b: Sinistcha|Matcha Gotcha|p1b: Gliscor|[spread] p1a,p1b\n|-resisted|p1a: Lurantis\n|-damage|p1a: Lurantis|61\/100\n|-heal|p2b: Sinistcha|92\/100 tox|[from] drain|[of] p1a: Lurantis\n|-damage|p1b: Gliscor|43\/100 tox\n|-heal|p2b: Sinistcha|100\/100 tox|[from] drain|[of] p1b: Gliscor\n|-status|p1a: Lurantis|brn\n|move|p1a: Lurantis|Superpower|p2a: Avalugg\n|-supereffective|p2a: Avalugg\n|-damage|p2a: Avalugg|5\/100\n|-boost|p1a: Lurantis|atk|1\n|-boost|p1a: Lurantis|def|1\n|move|p2a: Avalugg|Rock Slide|p1b: Gliscor|[spread] p1a\n|-miss|p2a: Avalugg|p1b: Gliscor\n|-damage|p1a: Lurantis|32\/100 brn\n|-damage|p2a: Avalugg|0 fnt|[from] item: Life Orb\n|faint|p2a: Avalugg\n|\n|-heal|p1b: Gliscor|55\/100 tox|[from] ability: Poison Heal\n|-damage|p2b: Sinistcha|94\/100 tox|[from] psn\n|-damage|p1a: Lurantis|26\/100 brn|[from] brn\n|upkeep\n|\n|t:|1697405051\n|switch|p2a: Slowking|Slowking-Galar, F|100\/100\n|-clearboost|p2b: Sinistcha|[from] ability: Curious Medicine|[of] p2a: Slowking\n|turn|6\n|\n|t:|1697405068\n|move|p2b: Sinistcha|Protect|p2b: Sinistcha\n|-singleturn|p2b: Sinistcha|Protect\n|move|p1b: Gliscor|Acrobatics|p2b: Sinistcha\n|-activate|p2b: Sinistcha|move: Protect\n|move|p1a: Lurantis|Leech Life|p2a: Slowking\n|-damage|p2a: Slowking|87\/100\n|-heal|p1a: Lurantis|33\/100 brn|[from] drain|[of] p2a: Slowking\n|move|p2a: Slowking|Trick Room|p2a: Slowking\n|-fieldstart|move: Trick Room|[of] p2a: Slowking\n|\n|-heal|p2a: Slowking|93\/100|[from] item: Black Sludge\n|-damage|p2b: Sinistcha|82\/100 tox|[from] psn\n|-heal|p1b: Gliscor|68\/100 tox|[from] ability: Poison Heal\n|-damage|p1a: Lurantis|27\/100 brn|[from] brn\n|upkeep\n|turn|7\n|\n|t:|1697405094\n|move|p2a: Slowking|Sludge Bomb|p1a: Lurantis\n|-supereffective|p1a: Lurantis\n|-damage|p1a: Lurantis|0 fnt\n|faint|p1a: Lurantis\n|move|p2b: Sinistcha|Shadow Ball|p1b: Gliscor\n|-damage|p1b: Gliscor|4\/100 tox\n|move|p1b: Gliscor|Acrobatics|p2b: Sinistcha\n|-supereffective|p2b: Sinistcha\n|-damage|p2b: Sinistcha|0 fnt\n|faint|p2b: Sinistcha\n|\n|-heal|p2a: Slowking|99\/100|[from] item: Black Sludge\n|-heal|p1b: Gliscor|17\/100 tox|[from] ability: Poison Heal\n|upkeep\n|\n|t:|1697405108\n|switch|p1a: Salazzle|Salazzle, F, shiny|100\/100\n|switch|p2b: Ursaluna|Ursaluna, M, tera:Ground|94\/100 brn\n|turn|8\n|\n|t:|1697405117\n|move|p1a: Salazzle|Fake Out|p2b: Ursaluna\n|-damage|p2b: Ursaluna|90\/100 brn\n|cant|p2b: Ursaluna|flinch\n|move|p2a: Slowking|Sludge Bomb|p1b: Gliscor\n|-resisted|p1b: Gliscor\n|-damage|p1b: Gliscor|0 fnt\n|faint|p1b: Gliscor\n|\n|-heal|p2a: Slowking|100\/100|[from] item: Black Sludge\n|-damage|p2b: Ursaluna|84\/100 brn|[from] brn\n|upkeep\n|\n|t:|1697405128\n|switch|p1b: Basculegion|Basculegion-F, F|12\/100\n|turn|9\n|\n|t:|1697405148\n|move|p2b: Ursaluna|Earthquake|p1b: Basculegion|[spread] p2a,p1a,p1b\n|-supereffective|p2a: Slowking\n|-supereffective|p1a: Salazzle\n|-damage|p2a: Slowking|0 fnt\n|-damage|p1a: Salazzle|0 fnt\n|-damage|p1b: Basculegion|0 fnt\n|faint|p2a: Slowking\n|faint|p1a: Salazzle\n|faint|p1b: Basculegion\n|\n|win|DarkGashadokuro\n|raw|Champion&apos;s Melody's rating: 1251 &rarr; <strong>1231<\/strong><br \/>(-20 for losing)\n|raw|DarkGashadokuro's rating: 1316 &rarr; <strong>1332<\/strong><br \/>(+16 for winning)\n|l|\u2606DarkGashadokuro\n","uploadtime":1697405157,"views":9,"p1id":"championsmelody","p2id":"darkgashadokuro","formatid":"gen9doublesou","rating":1231,"private":0,"password":""}