{"id":"gen9doublesou-1975633255","p1":"hpl12345","p2":"Ev_Evan","format":"[Gen 9] Doubles OU","log":"|j|\u2606hpl12345\n|j|\u2606Ev_Evan\n|inactive|Battle timer is ON: inactive players will automatically lose when time's up.\n|t:|1698216547\n|gametype|doubles\n|player|p1|hpl12345|1|\n|player|p2|Ev_Evan|volkner|\n|teamsize|p1|6\n|teamsize|p2|6\n|gen|9\n|tier|[Gen 9] Doubles OU\n|rated|Tournament battle\n|rule|Species Clause: Limit one of each Pok\u00e9mon\n|rule|OHKO Clause: OHKO moves are banned\n|rule|Evasion Moves Clause: Evasion moves are banned\n|rule|Gravity Sleep Clause: The combination of sleep-inducing moves with imperfect accuracy and Gravity or Gigantamax Orbeetle are banned\n|rule|Endless Battle Clause: Forcing endless battles is banned\n|rule|HP Percentage Mod: HP is shown in percentages\n|clearpoke\n|poke|p1|Grumpig, F|\n|poke|p1|Haxorus, F|\n|poke|p1|Igglybuff, F|\n|poke|p1|Quagsire, F|\n|poke|p1|Amoonguss, M|\n|poke|p1|Palossand, F|\n|poke|p2|Grimer-Alola, M|\n|poke|p2|Lurantis, M|\n|poke|p2|Cinderace, F|\n|poke|p2|Masquerain, M|\n|poke|p2|Slowbro-Galar, M|\n|poke|p2|Umbreon, F|\n|teampreview\n|j|*Lady Monita \u263d\n|inactive|Ev_Evan also wants the timer to be on.\n|c|\u2606Ev_Evan|glhf\n|c|\u2606Ev_Evan|lurantis my beloved\n|inactive|hpl12345 has 120 seconds left.\n|\n|t:|1698216583\n|start\n|switch|p1a: Igglybuff|Igglybuff, F|100\/100\n|switch|p1b: Palossand|Palossand, F|100\/100\n|switch|p2a: Masquerain|Masquerain, M|100\/100\n|switch|p2b: Lurantis|Lurantis, M|100\/100\n|-ability|p2a: Masquerain|Intimidate|boost\n|-unboost|p1a: Igglybuff|atk|1\n|-ability|p1a: Igglybuff|Competitive|boost\n|-boost|p1a: Igglybuff|spa|2\n|-unboost|p1b: Palossand|atk|1\n|turn|1\n|\n|t:|1698216599\n|move|p2a: Masquerain|Sticky Web|p1a: Igglybuff\n|-sidestart|p1: hpl12345|move: Sticky Web\n|move|p2b: Lurantis|Leaf Storm|p1b: Palossand\n|-supereffective|p1b: Palossand\n|-damage|p1b: Palossand|0 fnt\n|-boost|p2b: Lurantis|spa|2\n|faint|p1b: Palossand\n|move|p1a: Igglybuff|Icy Wind|p2b: Lurantis|[spread] p2a,p2b\n|-supereffective|p2a: Masquerain\n|-supereffective|p2b: Lurantis\n|-damage|p2a: Masquerain|72\/100\n|-damage|p2b: Lurantis|80\/100\n|-unboost|p2a: Masquerain|spe|1\n|-boost|p2b: Lurantis|spe|1\n|\n|upkeep\n|c|\u2606Ev_Evan|thanks for the boost\n|\n|t:|1698216610\n|switch|p1b: Amoonguss|Amoonguss, M|100\/100\n|-activate|p1b: Amoonguss|move: Sticky Web\n|-unboost|p1b: Amoonguss|spe|1\n|turn|2\n|\n|t:|1698216620\n|move|p1a: Igglybuff|Helping Hand|p1b: Amoonguss\n|-singleturn|p1b: Amoonguss|Helping Hand|[of] p1a: Igglybuff\n|move|p2a: Masquerain|Hurricane|p1b: Amoonguss|[miss]\n|-miss|p2a: Masquerain|p1b: Amoonguss\n|move|p2b: Lurantis|Leaf Storm|p1a: Igglybuff\n|-damage|p1a: Igglybuff|6\/100\n|-boost|p2b: Lurantis|spa|2\n|move|p1b: Amoonguss|Sludge Bomb|p2b: Lurantis\n|-supereffective|p2b: Lurantis\n|-damage|p2b: Lurantis|0 fnt\n|faint|p2b: Lurantis\n|\n|upkeep\n|c|\u2606Ev_Evan|:(\n|\n|t:|1698216638\n|switch|p2b: Cinderace|Cinderace, F|100\/100\n|turn|3\n|\n|t:|1698216647\n|move|p1b: Amoonguss|Protect|p1b: Amoonguss\n|-singleturn|p1b: Amoonguss|Protect\n|move|p2b: Cinderace|Pyro Ball|p1b: Amoonguss\n|-activate|p1b: Amoonguss|move: Protect\n|move|p2a: Masquerain|U-turn|p1a: Igglybuff\n|-resisted|p1a: Igglybuff\n|-damage|p1a: Igglybuff|0 fnt\n|faint|p1a: Igglybuff\n|\n|t:|1698216653\n|switch|p2a: Slowbro|Slowbro-Galar, M|100\/100|[from] U-turn\n|\n|upkeep\n|\n|t:|1698216658\n|switch|p1a: Quagsire|Quagsire, F|100\/100\n|-activate|p1a: Quagsire|move: Sticky Web\n|-unboost|p1a: Quagsire|spe|1\n|turn|4\n|\n|t:|1698216670\n|move|p2b: Cinderace|Pyro Ball|p1b: Amoonguss\n|-supereffective|p1b: Amoonguss\n|-damage|p1b: Amoonguss|0 fnt\n|faint|p1b: Amoonguss\n|move|p2a: Slowbro|Grass Knot|p1a: Quagsire\n|-supereffective|p1a: Quagsire\n|-damage|p1a: Quagsire|0 fnt\n|faint|p1a: Quagsire\n|\n|upkeep\n|\n|t:|1698216676\n|switch|p1a: Grumpig|Grumpig, F|100\/100\n|switch|p1b: Haxorus|Haxorus, F|100\/100\n|-activate|p1b: Haxorus|move: Sticky Web\n|-unboost|p1b: Haxorus|spe|1\n|-ability|p1b: Haxorus|Mold Breaker\n|-activate|p1a: Grumpig|move: Sticky Web\n|-unboost|p1a: Grumpig|spe|1\n|turn|5\n|inactive|Ev_Evan has 120 seconds left.\n|\n|t:|1698216713\n|-terastallize|p2a: Slowbro|Fairy\n|move|p1a: Grumpig|Helping Hand|p1b: Haxorus\n|-singleturn|p1b: Haxorus|Helping Hand|[of] p1a: Grumpig\n|move|p2b: Cinderace|U-turn|p1a: Grumpig\n|-start|p2b: Cinderace|typechange|Bug|[from] ability: Libero\n|-supereffective|p1a: Grumpig\n|-damage|p1a: Grumpig|0 fnt\n|faint|p1a: Grumpig\n|\n|t:|1698216720\n|switch|p2b: Masquerain|Masquerain, M|72\/100|[from] U-turn\n|-ability|p2b: Masquerain|Intimidate|boost\n|-unboost|p1b: Haxorus|atk|1\n|move|p1b: Haxorus|Outrage|p2b: Masquerain\n|-damage|p2b: Masquerain|0 fnt\n|faint|p2b: Masquerain\n|move|p2a: Slowbro|Sludge Bomb|p1b: Haxorus\n|-damage|p1b: Haxorus|31\/100\n|-status|p1b: Haxorus|psn\n|\n|-heal|p1b: Haxorus|37\/100 psn|[from] item: Leftovers\n|-damage|p1b: Haxorus|25\/100 psn|[from] psn\n|upkeep\n|\n|t:|1698216729\n|switch|p2b: Grimer|Grimer-Alola, M|100\/100\n|turn|6\n|inactive|hpl12345 has 120 seconds left.\n|\n|t:|1698216761\n|move|p1b: Haxorus|Outrage|p2b: Grimer|[from]lockedmove\n|-damage|p2b: Grimer|55\/100\n|move|p2a: Slowbro|Sludge Bomb|p1b: Haxorus\n|-damage|p1b: Haxorus|0 fnt\n|faint|p1b: Haxorus\n|\n|win|Ev_Evan\n|n|\u2606hpl12345|hpl12345\n|n|\u2606Ev_Evan|evevan\n|n|*Lady Monita \u263d|ladymonita\n","uploadtime":1698216762,"views":21,"p1id":"hpl12345","p2id":"evevan","formatid":"gen9doublesou","rating":0,"private":0,"password":""}