{"id":"gen9doublesou-1983218149","p1":"Whateverbor.","p2":"SakakibaraKotone","format":"[Gen 9] Doubles OU","log":"|j|\u2606Whateverbor.\n|j|\u2606SakakibaraKotone\n|t:|1699106592\n|gametype|doubles\n|player|p1|Whateverbor.|266|1513\n|player|p2|SakakibaraKotone|irida|1587\n|teamsize|p1|6\n|teamsize|p2|6\n|gen|9\n|tier|[Gen 9] Doubles OU\n|rated|\n|rule|Species Clause: Limit one of each Pok\u00e9mon\n|rule|OHKO Clause: OHKO moves are banned\n|rule|Evasion Moves Clause: Evasion moves are banned\n|rule|Gravity Sleep Clause: The combination of sleep-inducing moves with imperfect accuracy and Gravity or Gigantamax Orbeetle are banned\n|rule|Endless Battle Clause: Forcing endless battles is banned\n|rule|HP Percentage Mod: HP is shown in percentages\n|clearpoke\n|poke|p1|Hatterene, F|\n|poke|p1|Bronzong|\n|poke|p1|Ursaluna, M|\n|poke|p1|Indeedee-F, F|\n|poke|p1|Torkoal, F|\n|poke|p1|Kingambit, M|\n|poke|p2|Ninetales-Alola, M|\n|poke|p2|Heatran, M|\n|poke|p2|Flutter Mane|\n|poke|p2|Amoonguss, F|\n|poke|p2|Roaring Moon|\n|poke|p2|Iron Hands|\n|teampreview\n|inactive|Battle timer is ON: inactive players will automatically lose when time's up. (requested by SakakibaraKotone)\n|\n|t:|1699106637\n|start\n|switch|p1a: Bronzong|Bronzong|100\/100\n|switch|p1b: Indeedee|Indeedee-F, F|100\/100\n|switch|p2a: Roaring Moon|Roaring Moon|100\/100\n|switch|p2b: Heatran|Heatran, M|100\/100\n|-enditem|p2a: Roaring Moon|Booster Energy\n|-activate|p2a: Roaring Moon|ability: Protosynthesis|[fromitem]\n|-start|p2a: Roaring Moon|protosynthesisspe\n|turn|1\n|\n|t:|1699106664\n|-terastallize|p1a: Bronzong|Fire\n|move|p1b: Indeedee|Fake Out|p2a: Roaring Moon\n|-damage|p2a: Roaring Moon|90\/100\n|cant|p2a: Roaring Moon|flinch\n|move|p2b: Heatran|Heat Wave|p1a: Bronzong|[spread] p1a,p1b\n|-resisted|p1a: Bronzong\n|-damage|p1a: Bronzong|86\/100\n|-damage|p1b: Indeedee|64\/100\n|-status|p1b: Indeedee|brn\n|move|p1a: Bronzong|Trick Room|p1a: Bronzong\n|-fieldstart|move: Trick Room|[of] p1a: Bronzong\n|\n|-heal|p1a: Bronzong|93\/100|[from] item: Leftovers\n|-heal|p1b: Indeedee|71\/100 brn|[from] item: Leftovers\n|-damage|p1b: Indeedee|64\/100 brn|[from] brn\n|upkeep\n|turn|2\n|inactive|Whateverbor. has 120 seconds left.\n|\n|t:|1699106710\n|switch|p1a: Ursaluna|Ursaluna, M|100\/100\n|move|p2a: Roaring Moon|Protect|p2a: Roaring Moon\n|-singleturn|p2a: Roaring Moon|Protect\n|move|p1b: Indeedee|Follow Me|p1b: Indeedee\n|-singleturn|p1b: Indeedee|move: Follow Me\n|move|p2b: Heatran|Heat Wave|p1a: Ursaluna|[spread] p1a,p1b\n|-damage|p1a: Ursaluna|75\/100\n|-damage|p1b: Indeedee|27\/100 brn\n|\n|-heal|p1b: Indeedee|33\/100 brn|[from] item: Leftovers\n|-damage|p1b: Indeedee|27\/100 brn|[from] brn\n|-status|p1a: Ursaluna|brn|[from] item: Flame Orb\n|upkeep\n|turn|3\n|inactive|Whateverbor. has 120 seconds left.\n|inactive|SakakibaraKotone has 120 seconds left.\n|\n|t:|1699106756\n|switch|p1b: Bronzong|Bronzong, tera:Fire|93\/100\n|switch|p2b: Amoonguss|Amoonguss, F|100\/100\n|-terastallize|p2a: Roaring Moon|Flying\n|move|p1a: Ursaluna|Earthquake|p2b: Amoonguss|[spread] p2b\n|-immune|p1b: Bronzong|[from] ability: Levitate\n|-immune|p2a: Roaring Moon\n|-damage|p2b: Amoonguss|62\/100\n|move|p2a: Roaring Moon|Knock Off|p1a: Ursaluna\n|-damage|p1a: Ursaluna|37\/100 brn\n|-enditem|p1a: Ursaluna|Flame Orb|[from] move: Knock Off|[of] p2a: Roaring Moon\n|\n|-heal|p1b: Bronzong|99\/100|[from] item: Leftovers\n|-damage|p1a: Ursaluna|31\/100 brn|[from] brn\n|upkeep\n|turn|4\n|inactive|SakakibaraKotone has 120 seconds left.\n|\n|t:|1699106785\n|switch|p1b: Hatterene|Hatterene, F|100\/100\n|move|p2b: Amoonguss|Rage Powder|p2b: Amoonguss\n|-singleturn|p2b: Amoonguss|move: Rage Powder\n|move|p1a: Ursaluna|Ice Punch|p2b: Amoonguss\n|-supereffective|p2b: Amoonguss\n|-damage|p2b: Amoonguss|1\/100\n|-damage|p1a: Ursaluna|14\/100 brn|[from] item: Rocky Helmet|[of] p2b: Amoonguss\n|move|p2a: Roaring Moon|Acrobatics|p1a: Ursaluna\n|-damage|p1a: Ursaluna|0 fnt\n|faint|p1a: Ursaluna\n|\n|upkeep\n|inactive|Whateverbor. has 90 seconds left.\n|\n|t:|1699106802\n|switch|p1a: Indeedee|Indeedee-F, F|27\/100 brn\n|turn|5\n|inactive|Whateverbor. has 90 seconds left.\n|\n|t:|1699106837\n|switch|p2b: Heatran|Heatran, M|100\/100\n|move|p1a: Indeedee|Fake Out|p2b: Heatran\n|-resisted|p2b: Heatran\n|-damage|p2b: Heatran|99\/100\n|move|p1b: Hatterene|Psychic|p2a: Roaring Moon\n|-damage|p2a: Roaring Moon|50\/100\n|move|p2a: Roaring Moon|Knock Off|p1b: Hatterene\n|-damage|p1b: Hatterene|52\/100\n|-enditem|p1b: Hatterene|Leftovers|[from] move: Knock Off|[of] p2a: Roaring Moon\n|\n|-heal|p1a: Indeedee|33\/100 brn|[from] item: Leftovers\n|-damage|p1a: Indeedee|27\/100 brn|[from] brn\n|-fieldend|move: Trick Room\n|upkeep\n|turn|6\n|inactive|Whateverbor. has 90 seconds left.\n|\n|t:|1699106876\n|switch|p1b: Bronzong|Bronzong, tera:Fire|99\/100\n|move|p2a: Roaring Moon|Acrobatics|p1b: Bronzong\n|-damage|p1b: Bronzong|54\/100\n|move|p2b: Heatran|Heat Wave|p1a: Indeedee|[spread] p1a,p1b\n|-resisted|p1b: Bronzong\n|-damage|p1a: Indeedee|0 fnt\n|-damage|p1b: Bronzong|40\/100\n|faint|p1a: Indeedee\n|\n|-heal|p1b: Bronzong|46\/100|[from] item: Leftovers\n|upkeep\n|inactive|Whateverbor. has 60 seconds left.\n|\n|t:|1699106903\n|switch|p1a: Hatterene|Hatterene, F|52\/100\n|turn|7\n|inactive|Whateverbor. has 60 seconds left.\n|\n|t:|1699106926\n|move|p2a: Roaring Moon|Acrobatics|p1b: Bronzong\n|-damage|p1b: Bronzong|0 fnt\n|faint|p1b: Bronzong\n|move|p2b: Heatran|Flash Cannon|p1a: Hatterene\n|-supereffective|p1a: Hatterene\n|-damage|p1a: Hatterene|0 fnt\n|faint|p1a: Hatterene\n|\n|upkeep\n|\n|t:|1699106936\n|switch|p1b: Kingambit|Kingambit, M|100\/100\n|switch|p1a: Torkoal|Torkoal, F|100\/100\n|-weather|SunnyDay|[from] ability: Drought|[of] p1a: Torkoal\n|turn|8\n|inactive|Whateverbor. has 60 seconds left.\n|\n|t:|1699106955\n|move|p1b: Kingambit|Sucker Punch|p2a: Roaring Moon\n|-damage|p2a: Roaring Moon|0 fnt\n|faint|p2a: Roaring Moon\n|-end|p2a: Roaring Moon|Protosynthesis|[silent]\n|-damage|p1b: Kingambit|91\/100|[from] item: Life Orb\n|move|p2b: Heatran|Heat Wave|p1b: Kingambit|[spread] p1a\n|-miss|p2b: Heatran|p1b: Kingambit\n|-resisted|p1a: Torkoal\n|-damage|p1a: Torkoal|70\/100\n|move|p1a: Torkoal|Heat Wave|p2b: Heatran\n|-start|p2b: Heatran|ability: Flash Fire\n|\n|-weather|SunnyDay|[upkeep]\n|upkeep\n|\n|t:|1699106965\n|switch|p2a: Ninetales|Ninetales-Alola, M|100\/100\n|-weather|Snow|[from] ability: Snow Warning|[of] p2a: Ninetales\n|turn|9\n|\n|t:|1699106976\n|move|p1a: Torkoal|Protect|p1a: Torkoal\n|-singleturn|p1a: Torkoal|Protect\n|move|p2a: Ninetales|Aurora Veil|p2a: Ninetales\n|-sidestart|p2: SakakibaraKotone|move: Aurora Veil\n|move|p2b: Heatran|Heat Wave|p1a: Torkoal|[spread] p1b\n|-activate|p1a: Torkoal|move: Protect\n|-supereffective|p1b: Kingambit\n|-damage|p1b: Kingambit|0 fnt\n|faint|p1b: Kingambit\n|\n|-weather|Snow|[upkeep]\n|upkeep\n|turn|10\n|-message|Whateverbor. forfeited.\n|\n|win|SakakibaraKotone\n|raw|Whateverbor.'s rating: 1513 &rarr; <strong>1497<\/strong><br \/>(-16 for losing)\n|raw|SakakibaraKotone's rating: 1587 &rarr; <strong>1603<\/strong><br \/>(+16 for winning)\n|l|\u2606Whateverbor.\n","uploadtime":1699106995,"views":11,"p1id":"whateverbor","p2id":"sakakibarakotone","formatid":"gen9doublesou","rating":1497,"private":0,"password":""}