{"id":"gen9doublesou-1982895172","p1":"Kalo.munro","p2":"Leblades123","format":"[Gen 9] Doubles OU","log":"|j|\u2606Kalo.munro\n|j|\u2606Leblades123\n|t:|1699055920\n|gametype|doubles\n|player|p1|Kalo.munro|2|1272\n|player|p2|Leblades123|hiker-gen4|1189\n|teamsize|p1|6\n|teamsize|p2|6\n|gen|9\n|tier|[Gen 9] Doubles OU\n|rated|\n|rule|Species Clause: Limit one of each Pok\u00e9mon\n|rule|OHKO Clause: OHKO moves are banned\n|rule|Evasion Moves Clause: Evasion moves are banned\n|rule|Gravity Sleep Clause: The combination of sleep-inducing moves with imperfect accuracy and Gravity or Gigantamax Orbeetle are banned\n|rule|Endless Battle Clause: Forcing endless battles is banned\n|rule|HP Percentage Mod: HP is shown in percentages\n|clearpoke\n|poke|p1|Maushold-Four|\n|poke|p1|Tornadus, M|\n|poke|p1|Chien-Pao|\n|poke|p1|Ogerpon-Hearthflame, F|\n|poke|p1|Amoonguss, M|\n|poke|p1|Sableye, M|\n|poke|p2|Empoleon, F|\n|poke|p2|Dragonite, F|\n|poke|p2|Weezing-Galar, F|\n|poke|p2|Kleavor, M|\n|poke|p2|Typhlosion-Hisui, M|\n|poke|p2|Rillaboom, F|\n|teampreview\n|inactive|Battle timer is ON: inactive players will automatically lose when time's up. (requested by Kalo.munro)\n|inactive|Leblades123 has 120 seconds left.\n|\n|t:|1699055963\n|start\n|switch|p1a: Tornadus|Tornadus, M|100\/100\n|switch|p1b: Ogerpon|Ogerpon-Hearthflame, F|100\/100\n|switch|p2a: Typhlosion|Typhlosion-Hisui, M|100\/100\n|switch|p2b: Kleavor|Kleavor, M|100\/100\n|-ability|p1b: Ogerpon|Mold Breaker\n|turn|1\n|\n|t:|1699055973\n|move|p1b: Ogerpon|Spiky Shield|p1b: Ogerpon\n|-singleturn|p1b: Ogerpon|move: Protect\n|move|p1a: Tornadus|Tailwind|p1a: Tornadus\n|-sidestart|p1: Kalo.munro|move: Tailwind\n|move|p2a: Typhlosion|Will-O-Wisp|p1b: Ogerpon\n|-activate|p1b: Ogerpon|move: Protect\n|move|p2b: Kleavor|Stone Axe|p1a: Tornadus\n|-supereffective|p1a: Tornadus\n|-damage|p1a: Tornadus|0 fnt\n|-sidestart|p1: Kalo.munro|move: Stealth Rock\n|faint|p1a: Tornadus\n|\n|upkeep\n|\n|t:|1699055990\n|switch|p1a: Sableye|Sableye, M, shiny|100\/100\n|-damage|p1a: Sableye|88\/100|[from] Stealth Rock\n|turn|2\n|\n|t:|1699056016\n|switch|p2b: Weezing|Weezing-Galar, F|100\/100\n|-fieldstart|move: Misty Terrain|[from] ability: Misty Surge|[of] p2b: Weezing\n|move|p1a: Sableye|Will-O-Wisp|p2b: Weezing\n|-activate|p2b: Weezing|move: Misty Terrain\n|move|p1b: Ogerpon|Encore|p2a: Typhlosion\n|-start|p2a: Typhlosion|Encore\n|move|p2a: Typhlosion|Will-O-Wisp|p1b: Ogerpon\n|-immune|p1b: Ogerpon\n|\n|upkeep\n|turn|3\n|\n|t:|1699056056\n|switch|p2a: Louise|Dragonite, F|100\/100\n|-terastallize|p1b: Ogerpon|Fire\n|detailschange|p1b: Ogerpon|Ogerpon-Hearthflame-Tera, F, tera:Fire\n|-ability|p1b: Ogerpon|Embody Aspect (Hearthflame)|boost\n|-boost|p1b: Ogerpon|atk|1\n|move|p1a: Sableye|Recover|p1a: Sableye\n|-heal|p1a: Sableye|100\/100\n|move|p1b: Ogerpon|Ivy Cudgel|p2b: Weezing\n|-damage|p2b: Weezing|8\/100\n|move|p2b: Weezing|Strange Steam|p1b: Ogerpon\n|-resisted|p1b: Ogerpon\n|-damage|p1b: Ogerpon|86\/100\n|\n|-heal|p2b: Weezing|14\/100|[from] item: Leftovers\n|upkeep\n|turn|4\n|\n|t:|1699056072\n|move|p1a: Sableye|Will-O-Wisp|p2a: Louise|[miss]\n|-miss|p1a: Sableye|p2a: Louise\n|move|p1b: Ogerpon|Ivy Cudgel|p2b: Weezing\n|-damage|p2b: Weezing|0 fnt\n|faint|p2b: Weezing\n|move|p2a: Louise|Dragon Dance|p2a: Louise\n|-boost|p2a: Louise|atk|1\n|-boost|p2a: Louise|spe|1\n|\n|-sideend|p1: Kalo.munro|move: Tailwind\n|upkeep\n|\n|t:|1699056082\n|switch|p2b: Kleavor|Kleavor, M|100\/100\n|turn|5\n|\n|t:|1699056096\n|move|p1b: Ogerpon|Spiky Shield|p1b: Ogerpon\n|-singleturn|p1b: Ogerpon|move: Protect\n|move|p1a: Sableye|Encore|p2a: Louise\n|-start|p2a: Louise|Encore\n|move|p2a: Louise|Dragon Dance|p2a: Louise\n|-boost|p2a: Louise|atk|1\n|-boost|p2a: Louise|spe|1\n|move|p2b: Kleavor|U-turn|p1a: Sableye\n|-damage|p1a: Sableye|5\/100\n|\n|t:|1699056110\n|switch|p2b: Rillaboom|Rillaboom, F|100\/100|[from] U-turn\n|-fieldstart|move: Grassy Terrain|[from] ability: Grassy Surge|[of] p2b: Rillaboom\n|-enditem|p2b: Rillaboom|Grassy Seed\n|-boost|p2b: Rillaboom|def|1|[from] item: Grassy Seed\n|\n|-heal|p1b: Ogerpon|92\/100|[from] Grassy Terrain\n|-heal|p1a: Sableye|11\/100|[from] Grassy Terrain\n|upkeep\n|turn|6\n|\n|t:|1699056119\n|move|p2b: Rillaboom|Fake Out|p1b: Ogerpon\n|-damage|p1b: Ogerpon|72\/100\n|move|p1a: Sableye|Will-O-Wisp|p2a: Louise\n|-status|p2a: Louise|brn\n|move|p2a: Louise|Dragon Dance|p2a: Louise\n|-boost|p2a: Louise|atk|1\n|-boost|p2a: Louise|spe|1\n|cant|p1b: Ogerpon|flinch\n|\n|-heal|p1b: Ogerpon|78\/100|[from] Grassy Terrain\n|-heal|p1a: Sableye|17\/100|[from] Grassy Terrain\n|-damage|p2a: Louise|94\/100 brn|[from] brn\n|upkeep\n|turn|7\n|\n|t:|1699056131\n|move|p2b: Rillaboom|Grassy Glide|p1a: Sableye\n|-damage|p1a: Sableye|0 fnt\n|faint|p1a: Sableye\n|move|p2a: Louise|Dragon Dance|p2a: Louise\n|-boost|p2a: Louise|atk|1\n|-boost|p2a: Louise|spe|1\n|move|p1b: Ogerpon|Ivy Cudgel|p2b: Rillaboom\n|-supereffective|p2b: Rillaboom\n|-damage|p2b: Rillaboom|0 fnt\n|faint|p2b: Rillaboom\n|\n|-heal|p1b: Ogerpon|84\/100|[from] Grassy Terrain\n|-damage|p2a: Louise|88\/100 brn|[from] brn\n|-end|p2a: Louise|Encore\n|upkeep\n|\n|t:|1699056146\n|switch|p2b: Typhlosion|Typhlosion-Hisui, M|100\/100\n|switch|p1a: Chien-Pao|Chien-Pao|100\/100\n|-damage|p1a: Chien-Pao|76\/100|[from] Stealth Rock\n|-ability|p1a: Chien-Pao|Sword of Ruin\n|turn|8\n|\n|t:|1699056158\n|-terastallize|p2b: Typhlosion|Fairy\n|move|p1a: Chien-Pao|Sucker Punch|p2a: Louise\n|-damage|p2a: Louise|40\/100 brn\n|move|p2a: Louise|Scale Shot|p1b: Ogerpon\n|-damage|p1b: Ogerpon|46\/100\n|-crit|p1b: Ogerpon\n|-damage|p1b: Ogerpon|0 fnt\n|faint|p1b: Ogerpon\n|-hitcount|p1: Ogerpon|2\n|-unboost|p2a: Louise|def|1\n|-boost|p2a: Louise|spe|1\n|move|p2b: Typhlosion|Tera Blast|p1a: Chien-Pao|[anim] Tera Blast Fairy\n|-supereffective|p1a: Chien-Pao\n|-damage|p1a: Chien-Pao|0 fnt\n|faint|p1a: Chien-Pao\n|-damage|p2b: Typhlosion|91\/100|[from] item: Life Orb\n|\n|-heal|p2b: Typhlosion|97\/100|[from] Grassy Terrain\n|-damage|p2a: Louise|34\/100 brn|[from] brn\n|upkeep\n|-message|Kalo.munro forfeited.\n|\n|win|Leblades123\n|raw|Kalo.munro's rating: 1272 &rarr; <strong>1241<\/strong><br \/>(-31 for losing)\n|raw|Leblades123's rating: 1189 &rarr; <strong>1220<\/strong><br \/>(+31 for winning)\n|l|\u2606Kalo.munro\n","uploadtime":1699056192,"views":14,"p1id":"kalomunro","p2id":"leblades123","formatid":"gen9doublesou","rating":1220,"private":0,"password":""}