{"id":"gen9doublesou-1984463642","p1":"Shinksyyyyyyyyyyn","p2":"2egms","format":"[Gen 9] Doubles OU","log":"|j|\u2606Shinksyyyyyyyyyyn\n|j|\u26062egms\n|t:|1699267863\n|gametype|doubles\n|player|p1|Shinksyyyyyyyyyyn|alec-anime|1046\n|player|p2|2egms|benga|1077\n|teamsize|p1|6\n|teamsize|p2|6\n|gen|9\n|tier|[Gen 9] Doubles OU\n|rated|\n|rule|Species Clause: Limit one of each Pok\u00e9mon\n|rule|OHKO Clause: OHKO moves are banned\n|rule|Evasion Moves Clause: Evasion moves are banned\n|rule|Gravity Sleep Clause: The combination of sleep-inducing moves with imperfect accuracy and Gravity or Gigantamax Orbeetle are banned\n|rule|Endless Battle Clause: Forcing endless battles is banned\n|rule|HP Percentage Mod: HP is shown in percentages\n|clearpoke\n|poke|p1|Gallade, M|\n|poke|p1|Gardevoir, F|\n|poke|p1|Landorus-Therian, M|\n|poke|p1|Flutter Mane|\n|poke|p1|Iron Hands|\n|poke|p1|Furret, F|\n|poke|p2|Ceruledge, F|\n|poke|p2|Blissey, F|\n|poke|p2|Heatran, M|\n|poke|p2|Iron Valiant|\n|poke|p2|Kingambit, M|\n|poke|p2|Slowking-Galar, M|\n|teampreview\n|\n|t:|1699267883\n|start\n|switch|p1a: Gallade|Gallade, M, shiny|100\/100\n|switch|p1b: Furret|Furret, F|100\/100\n|switch|p2a: Marin|Slowking-Galar, M|100\/100\n|switch|p2b: Eve|Blissey, F|100\/100\n|-item|p2a: Marin|Heavy-Duty Boots|[from] ability: Frisk|[of] p1b: Furret|[identify]\n|-item|p2b: Eve|Leftovers|[from] ability: Frisk|[of] p1b: Furret|[identify]\n|turn|1\n|inactive|Battle timer is ON: inactive players will automatically lose when time's up. (requested by Shinksyyyyyyyyyyn)\n|\n|t:|1699267897\n|move|p1b: Furret|Follow Me|p1b: Furret\n|-singleturn|p1b: Furret|move: Follow Me\n|move|p1a: Gallade|Calm Mind|p1a: Gallade\n|-boost|p1a: Gallade|spa|1\n|-boost|p1a: Gallade|spd|1\n|move|p2b: Eve|Thunder Wave|p1b: Furret\n|-status|p1b: Furret|par\n|move|p2a: Marin|Toxic Spikes|p1a: Gallade\n|-sidestart|p1: Shinksyyyyyyyyyyn|move: Toxic Spikes\n|\n|upkeep\n|turn|2\n|\n|t:|1699267921\n|move|p1a: Gallade|Dazzling Gleam|p2b: Eve|[spread] p2a,p2b\n|-resisted|p2a: Marin\n|-damage|p2a: Marin|95\/100\n|-damage|p2b: Eve|95\/100\n|move|p2b: Eve|Thunder Wave|p1a: Gallade\n|-status|p1a: Gallade|par\n|move|p1b: Furret|Knock Off|p2a: Marin\n|-supereffective|p2a: Marin\n|-damage|p2a: Marin|39\/100\n|-enditem|p2a: Marin|Heavy-Duty Boots|[from] move: Knock Off|[of] p1b: Furret\n|move|p2a: Marin|Toxic Spikes|p1a: Gallade\n|-sidestart|p1: Shinksyyyyyyyyyyn|move: Toxic Spikes\n|\n|-heal|p2b: Eve|100\/100|[from] item: Leftovers\n|upkeep\n|turn|3\n|\n|t:|1699267947\n|cant|p1b: Furret|par\n|move|p2b: Eve|Blizzard|p1b: Furret|[spread] p1a\n|-miss|p2b: Eve|p1b: Furret\n|-crit|p1a: Gallade\n|-damage|p1a: Gallade|77\/100 par\n|move|p1a: Gallade|Aqua Cutter|p2a: Marin\n|-damage|p2a: Marin|2\/100\n|move|p2a: Marin|Blizzard|p1b: Furret|[spread] p1a,p1b\n|-damage|p1a: Gallade|56\/100 par\n|-damage|p1b: Furret|48\/100 par\n|-enditem|p1b: Furret|Sitrus Berry|[eat]\n|-heal|p1b: Furret|73\/100 par|[from] item: Sitrus Berry\n|\n|upkeep\n|turn|4\n|\n|t:|1699267969\n|move|p2b: Eve|Blizzard|p1b: Furret|[spread] p1b\n|-miss|p2b: Eve|p1a: Gallade\n|-damage|p1b: Furret|46\/100 par\n|move|p1a: Gallade|Aqua Cutter|p2b: Eve\n|-damage|p2b: Eve|70\/100\n|cant|p1b: Furret|par\n|move|p2a: Marin|Blizzard|p1b: Furret|[spread] p1a\n|-miss|p2a: Marin|p1b: Furret\n|-damage|p1a: Gallade|36\/100 par\n|\n|-heal|p2b: Eve|76\/100|[from] item: Leftovers\n|upkeep\n|turn|5\n|\n|t:|1699267992\n|move|p1b: Furret|Follow Me|p1b: Furret\n|-singleturn|p1b: Furret|move: Follow Me\n|move|p2b: Eve|Blizzard|p1a: Gallade|[spread] p1a,p1b\n|-damage|p1a: Gallade|25\/100 par\n|-damage|p1b: Furret|20\/100 par\n|move|p1a: Gallade|Drain Punch|p2b: Eve\n|-supereffective|p2b: Eve\n|-damage|p2b: Eve|11\/100\n|-heal|p1a: Gallade|100\/100 par|[from] drain|[of] p2b: Eve\n|move|p2a: Marin|Blizzard|p1a: Gallade|[spread] p1a\n|-miss|p2a: Marin|p1b: Furret\n|-damage|p1a: Gallade|81\/100 par\n|\n|-heal|p2b: Eve|17\/100|[from] item: Leftovers\n|upkeep\n|turn|6\n|\n|t:|1699268018\n|switch|p2a: Ast\u00e9rix|Iron Valiant|100\/100\n|move|p2b: Eve|Soft-Boiled|p2b: Eve\n|-heal|p2b: Eve|67\/100\n|cant|p1a: Gallade|par\n|move|p1b: Furret|Knock Off|p2b: Eve\n|-damage|p2b: Eve|43\/100\n|-enditem|p2b: Eve|Leftovers|[from] move: Knock Off|[of] p1b: Furret\n|\n|upkeep\n|turn|7\n|\n|t:|1699268046\n|move|p1b: Furret|Follow Me|p1b: Furret\n|-singleturn|p1b: Furret|move: Follow Me\n|move|p2a: Ast\u00e9rix|Psycho Cut|p1b: Furret\n|-damage|p1b: Furret|0 fnt\n|faint|p1b: Furret\n|move|p2b: Eve|Soft-Boiled|p2b: Eve\n|-heal|p2b: Eve|93\/100\n|move|p1a: Gallade|Drain Punch|p2b: Eve\n|-supereffective|p2b: Eve\n|-damage|p2b: Eve|29\/100\n|-heal|p1a: Gallade|100\/100 par|[from] drain|[of] p2b: Eve\n|\n|upkeep\n|inactive|Shinksyyyyyyyyyyn has 120 seconds left.\n|\n|t:|1699268058\n|switch|p1b: Gardevoir|Gardevoir, F, shiny|100\/100\n|-status|p1b: Gardevoir|tox\n|-enditem|p1b: Gardevoir|Lum Berry|[eat]\n|-curestatus|p1b: Gardevoir|tox|[msg]\n|turn|8\n|\n|t:|1699268083\n|-terastallize|p2b: Eve|Ghost\n|move|p2a: Ast\u00e9rix|Psycho Cut|p1a: Gallade\n|-damage|p1a: Gallade|56\/100 par\n|move|p1b: Gardevoir|Light Screen|p1b: Gardevoir\n|-sidestart|p1: Shinksyyyyyyyyyyn|move: Light Screen\n|move|p2b: Eve|Thunder Wave|p1b: Gardevoir\n|-status|p1b: Gardevoir|par\n|-activate|p1b: Gardevoir|ability: Synchronize\n|-status|p2b: Eve|par\n|move|p1a: Gallade|Drain Punch|p2b: Eve\n|-immune|p2b: Eve\n|\n|upkeep\n|turn|9\n|\n|t:|1699268106\n|move|p1b: Gardevoir|Protect|p1b: Gardevoir\n|-singleturn|p1b: Gardevoir|Protect\n|move|p2a: Ast\u00e9rix|Psycho Cut|p1a: Gallade\n|-damage|p1a: Gallade|12\/100 par\n|move|p1a: Gallade|Aqua Cutter|p2b: Eve\n|-damage|p2b: Eve|0 fnt\n|faint|p2b: Eve\n|\n|upkeep\n|\n|t:|1699268117\n|switch|p2b: Marin|Slowking-Galar, M|35\/100\n|turn|10\n|j| poisiche\n|\n|t:|1699268132\n|move|p2a: Ast\u00e9rix|Psycho Cut|p1a: Gallade\n|-damage|p1a: Gallade|0 fnt\n|faint|p1a: Gallade\n|move|p1b: Gardevoir|Heal Pulse|p1: Gallade|[notarget]\n|-fail|p1b: Gardevoir\n|move|p2b: Marin|Sludge Bomb|p1b: Gardevoir\n|-supereffective|p1b: Gardevoir\n|-damage|p1b: Gardevoir|45\/100 par\n|\n|upkeep\n|\n|t:|1699268142\n|switch|p1a: Landorus|Landorus-Therian, M|100\/100\n|-ability|p1a: Landorus|Intimidate|boost\n|-unboost|p2a: Ast\u00e9rix|atk|1\n|-unboost|p2b: Marin|atk|1\n|turn|11\n|l| poisiche\n|\n|t:|1699268163\n|switch|p2b: 3\u00e8me Vassal|Heatran, M|100\/100\n|move|p1b: Gardevoir|Protect|p1b: Gardevoir\n|-singleturn|p1b: Gardevoir|Protect\n|move|p2a: Ast\u00e9rix|Psycho Cut|p1a: Landorus\n|-crit|p1a: Landorus\n|-damage|p1a: Landorus|64\/100\n|move|p1a: Landorus|Stomping Tantrum|p2b: 3\u00e8me Vassal\n|-supereffective|p2b: 3\u00e8me Vassal\n|-damage|p2b: 3\u00e8me Vassal|0 fnt\n|faint|p2b: 3\u00e8me Vassal\n|\n|upkeep\n|\n|t:|1699268175\n|switch|p2b: 5\u00e8me Lame|Kingambit, M|100\/100\n|turn|12\n|inactive|Shinksyyyyyyyyyyn has 120 seconds left.\n|\n|t:|1699268208\n|move|p2a: Ast\u00e9rix|Psycho Cut|p1a: Landorus\n|-damage|p1a: Landorus|49\/100\n|-enditem|p1a: Landorus|Sitrus Berry|[eat]\n|-heal|p1a: Landorus|74\/100|[from] item: Sitrus Berry\n|move|p1a: Landorus|Stomping Tantrum|p2b: 5\u00e8me Lame\n|-supereffective|p2b: 5\u00e8me Lame\n|-damage|p2b: 5\u00e8me Lame|45\/100\n|move|p1b: Gardevoir|Light Screen||[still]\n|-fail|p1b: Gardevoir\n|move|p2b: 5\u00e8me Lame|Stone Edge|p1a: Landorus\n|-damage|p1a: Landorus|36\/100\n|\n|-heal|p2b: 5\u00e8me Lame|51\/100|[from] item: Leftovers\n|-sideend|p1: Shinksyyyyyyyyyyn|move: Light Screen\n|upkeep\n|turn|13\n|c|\u26062egms|jss super con ptn\n|\n|t:|1699268233\n|move|p2a: Ast\u00e9rix|Leaf Blade|p1a: Landorus\n|-crit|p1a: Landorus\n|-damage|p1a: Landorus|0 fnt\n|faint|p1a: Landorus\n|cant|p1b: Gardevoir|par\n|move|p2b: 5\u00e8me Lame|Poison Jab|p1b: Gardevoir\n|-supereffective|p1b: Gardevoir\n|-damage|p1b: Gardevoir|0 fnt\n|faint|p1b: Gardevoir\n|\n|-heal|p2b: 5\u00e8me Lame|57\/100|[from] item: Leftovers\n|upkeep\n|inactive|Shinksyyyyyyyyyyn has 120 seconds left.\n|\n|t:|1699268244\n|switch|p1b: Iron Hands|Iron Hands|100\/100\n|switch|p1a: Flutter Mane|Flutter Mane|100\/100\n|-status|p1a: Flutter Mane|tox\n|-status|p1b: Iron Hands|tox\n|-enditem|p1a: Flutter Mane|Booster Energy\n|-activate|p1a: Flutter Mane|ability: Protosynthesis|[fromitem]\n|-start|p1a: Flutter Mane|protosynthesisspe\n|-enditem|p1b: Iron Hands|Booster Energy\n|-activate|p1b: Iron Hands|ability: Quark Drive|[fromitem]\n|-start|p1b: Iron Hands|quarkdriveatk\n|turn|14\n|inactive|Shinksyyyyyyyyyyn has 120 seconds left.\n|\n|t:|1699268275\n|move|p1a: Flutter Mane|Protect|p1a: Flutter Mane\n|-singleturn|p1a: Flutter Mane|Protect\n|move|p1b: Iron Hands|Fake Out|p2b: 5\u00e8me Lame\n|-resisted|p2b: 5\u00e8me Lame\n|-damage|p2b: 5\u00e8me Lame|50\/100\n|move|p2a: Ast\u00e9rix|Psycho Cut|p1b: Iron Hands\n|-supereffective|p1b: Iron Hands\n|-damage|p1b: Iron Hands|81\/100 tox\n|cant|p2b: 5\u00e8me Lame|flinch\n|\n|-heal|p2b: 5\u00e8me Lame|56\/100|[from] item: Leftovers\n|-damage|p1a: Flutter Mane|94\/100 tox|[from] psn\n|-damage|p1b: Iron Hands|75\/100 tox|[from] psn\n|upkeep\n|turn|15\n|inactive|Shinksyyyyyyyyyyn has 120 seconds left.\n|\n|t:|1699268296\n|move|p1a: Flutter Mane|Dazzling Gleam|p2a: Ast\u00e9rix|[spread] p2a,p2b\n|-supereffective|p2a: Ast\u00e9rix\n|-damage|p2a: Ast\u00e9rix|23\/100\n|-damage|p2b: 5\u00e8me Lame|31\/100\n|move|p2a: Ast\u00e9rix|Psycho Cut|p1b: Iron Hands\n|-supereffective|p1b: Iron Hands\n|-damage|p1b: Iron Hands|53\/100 tox\n|move|p1b: Iron Hands|Drain Punch|p2b: 5\u00e8me Lame\n|-supereffective|p2b: 5\u00e8me Lame\n|-damage|p2b: 5\u00e8me Lame|0 fnt\n|-heal|p1b: Iron Hands|65\/100 tox|[from] drain|[of] p2b: 5\u00e8me Lame\n|faint|p2b: 5\u00e8me Lame\n|\n|-damage|p1a: Flutter Mane|82\/100 tox|[from] psn\n|-damage|p1b: Iron Hands|53\/100 tox|[from] psn\n|upkeep\n|\n|t:|1699268305\n|switch|p2b: Marin|Slowking-Galar, M|68\/100\n|turn|16\n|\n|t:|1699268324\n|move|p1a: Flutter Mane|Shadow Ball|p2b: Marin\n|-supereffective|p2b: Marin\n|-damage|p2b: Marin|4\/100\n|move|p2a: Ast\u00e9rix|Drain Punch|p1b: Iron Hands\n|-damage|p1b: Iron Hands|36\/100 tox\n|-heal|p2a: Ast\u00e9rix|38\/100|[from] drain|[of] p1b: Iron Hands\n|move|p1b: Iron Hands|Thunder Punch|p2b: Marin\n|-damage|p2b: Marin|0 fnt\n|faint|p2b: Marin\n|\n|-damage|p1a: Flutter Mane|64\/100 tox|[from] psn\n|-damage|p1b: Iron Hands|18\/100 tox|[from] psn\n|upkeep\n|\n|t:|1699268334\n|switch|p2b: Iris|Ceruledge, F|100\/100\n|turn|17\n|\n|t:|1699268346\n|move|p2b: Iris|Protect|p2b: Iris\n|-singleturn|p2b: Iris|Protect\n|move|p1a: Flutter Mane|Shadow Ball|p2b: Iris\n|-activate|p2b: Iris|move: Protect\n|move|p2a: Ast\u00e9rix|Leaf Blade|p1a: Flutter Mane\n|-damage|p1a: Flutter Mane|35\/100 tox\n|move|p1b: Iron Hands|Thunder Punch|p2a: Ast\u00e9rix\n|-damage|p2a: Ast\u00e9rix|0 fnt\n|faint|p2a: Ast\u00e9rix\n|-end|p2a: Ast\u00e9rix|Quark Drive|[silent]\n|\n|-damage|p1a: Flutter Mane|10\/100 tox|[from] psn\n|-damage|p1b: Iron Hands|0 fnt|[from] psn\n|faint|p1b: Iron Hands\n|-end|p1b: Iron Hands|Quark Drive|[silent]\n|upkeep\n|turn|18\n|\n|t:|1699268362\n|move|p1a: Flutter Mane|Shadow Ball|p2b: Iris\n|-supereffective|p2b: Iris\n|-damage|p2b: Iris|16\/100\n|move|p2b: Iris|Bitter Blade|p1a: Flutter Mane\n|-damage|p1a: Flutter Mane|0 fnt\n|-heal|p2b: Iris|21\/100|[from] drain|[of] p1a: Flutter Mane\n|faint|p1a: Flutter Mane\n|-end|p1a: Flutter Mane|Protosynthesis|[silent]\n|\n|win|2egms\n|raw|Shinksyyyyyyyyyyn's rating: 1046 &rarr; <strong>1031<\/strong><br \/>(-15 for losing)\n|raw|2egms's rating: 1077 &rarr; <strong>1103<\/strong><br \/>(+26 for winning)\n|c|\u26062egms|gg\n","uploadtime":1699268373,"views":9,"p1id":"shinksyyyyyyyyyyn","p2id":"2egms","formatid":"gen9doublesou","rating":1031,"private":0,"password":""}