{"id":"gen9doublesou-1984962996","p1":"FoolGroucho","p2":"wonhosbazingas","format":"[Gen 9] Doubles OU","log":"|j|\u2606FoolGroucho\n|j|\u2606wonhosbazingas\n|t:|1699315315\n|gametype|doubles\n|player|p1|FoolGroucho|janitor|1606\n|player|p2|wonhosbazingas|kimonogirl|1522\n|teamsize|p1|6\n|teamsize|p2|6\n|gen|9\n|tier|[Gen 9] Doubles OU\n|rated|\n|rule|Species Clause: Limit one of each Pok\u00e9mon\n|rule|OHKO Clause: OHKO moves are banned\n|rule|Evasion Moves Clause: Evasion moves are banned\n|rule|Gravity Sleep Clause: The combination of sleep-inducing moves with imperfect accuracy and Gravity or Gigantamax Orbeetle are banned\n|rule|Endless Battle Clause: Forcing endless battles is banned\n|rule|HP Percentage Mod: HP is shown in percentages\n|clearpoke\n|poke|p1|Sableye, M|\n|poke|p1|Dragonite, M|\n|poke|p1|Kleavor, M|\n|poke|p1|Ceruledge, M|\n|poke|p1|Glimmora, F|\n|poke|p1|Samurott-Hisui, M|\n|poke|p2|Maushold-Four|\n|poke|p2|Azumarill, F|\n|poke|p2|Espeon, F|\n|poke|p2|Tsareena, F|\n|poke|p2|Sylveon, F|\n|poke|p2|Dragonite, F|\n|teampreview\n|inactive|Battle timer is ON: inactive players will automatically lose when time's up. (requested by FoolGroucho)\n|\n|t:|1699315338\n|start\n|switch|p1a: Kleavor|Kleavor, M|100\/100\n|switch|p1b: Samurott|Samurott-Hisui, M|100\/100\n|switch|p2a: Maushold|Maushold-Four|100\/100\n|switch|p2b: Sylveon|Sylveon, F|100\/100\n|turn|1\n|j| BreadTest\n|\n|t:|1699315349\n|move|p1b: Samurott|Protect|p1b: Samurott\n|-singleturn|p1b: Samurott|Protect\n|move|p2a: Maushold|Population Bomb|p1a: Kleavor\n|-resisted|p1a: Kleavor\n|-damage|p1a: Kleavor|95\/100\n|-resisted|p1a: Kleavor\n|-damage|p1a: Kleavor|89\/100\n|-resisted|p1a: Kleavor\n|-damage|p1a: Kleavor|83\/100\n|-resisted|p1a: Kleavor\n|-damage|p1a: Kleavor|78\/100\n|-resisted|p1a: Kleavor\n|-damage|p1a: Kleavor|72\/100\n|-resisted|p1a: Kleavor\n|-damage|p1a: Kleavor|66\/100\n|-resisted|p1a: Kleavor\n|-damage|p1a: Kleavor|61\/100\n|-resisted|p1a: Kleavor\n|-damage|p1a: Kleavor|54\/100\n|-resisted|p1a: Kleavor\n|-damage|p1a: Kleavor|48\/100\n|-resisted|p1a: Kleavor\n|-damage|p1a: Kleavor|43\/100\n|-hitcount|p1a: Kleavor|10\n|move|p1a: Kleavor|Tailwind|p1a: Kleavor\n|-sidestart|p1: FoolGroucho|move: Tailwind\n|move|p2b: Sylveon|Hyper Voice|p1a: Kleavor|[spread] p1a\n|-activate|p1b: Samurott|move: Protect\n|-damage|p1a: Kleavor|0 fnt\n|faint|p1a: Kleavor\n|-enditem|p2b: Sylveon|Throat Spray\n|-boost|p2b: Sylveon|spa|1|[from] item: Throat Spray\n|\n|upkeep\n|inactive|FoolGroucho has 120 seconds left.\n|\n|t:|1699315381\n|switch|p1a: Glimmora|Glimmora, F|100\/100\n|turn|2\n|\n|t:|1699315391\n|move|p2a: Maushold|Helping Hand|p2b: Sylveon\n|-singleturn|p2b: Sylveon|Helping Hand|[of] p2a: Maushold\n|move|p1b: Samurott|Razor Shell|p2a: Maushold\n|-damage|p2a: Maushold|0 fnt\n|faint|p2a: Maushold\n|-damage|p1b: Samurott|91\/100|[from] item: Life Orb\n|move|p1a: Glimmora|Sludge Bomb|p2b: Sylveon\n|-supereffective|p2b: Sylveon\n|-damage|p2b: Sylveon|33\/100\n|move|p2b: Sylveon|Hyper Voice|p1b: Samurott|[spread] p1a,p1b\n|-resisted|p1a: Glimmora\n|-supereffective|p1b: Samurott\n|-damage|p1a: Glimmora|46\/100\n|-damage|p1b: Samurott|0 fnt\n|faint|p1b: Samurott\n|-enditem|p1a: Glimmora|Red Card|[of] p2b: Sylveon\n|drag|p2b: Espeon|Espeon, F|100\/100\n|\n|upkeep\n|\n|t:|1699315413\n|switch|p2a: Azumarill|Azumarill, F|100\/100\n|switch|p1b: Ceruledge|Ceruledge, M|100\/100\n|turn|3\n|\n|t:|1699315426\n|-terastallize|p1b: Ceruledge|Grass\n|-terastallize|p2b: Espeon|Normal\n|move|p2a: Azumarill|Aqua Jet|p1b: Ceruledge\n|-resisted|p1b: Ceruledge\n|-damage|p1b: Ceruledge|87\/100\n|move|p1a: Glimmora|Sludge Bomb|p2a: Azumarill\n|-supereffective|p2a: Azumarill\n|-damage|p2a: Azumarill|6\/100\n|-status|p2a: Azumarill|psn\n|-enditem|p2a: Azumarill|Sitrus Berry|[eat]\n|-heal|p2a: Azumarill|31\/100 psn|[from] item: Sitrus Berry\n|move|p1b: Ceruledge|Bitter Blade|p2b: Espeon\n|-damage|p2b: Espeon|5\/100\n|-heal|p1b: Ceruledge|100\/100|[from] drain|[of] p2b: Espeon\n|move|p2b: Espeon|Psychic|p1a: Glimmora\n|-supereffective|p1a: Glimmora\n|-damage|p1a: Glimmora|0 fnt\n|faint|p1a: Glimmora\n|\n|-damage|p2a: Azumarill|19\/100 psn|[from] psn\n|upkeep\n|\n|t:|1699315447\n|switch|p1a: Dragonite|Dragonite, M|100\/100\n|turn|4\n|\n|t:|1699315455\n|move|p1a: Dragonite|Extreme Speed|p2b: Espeon\n|-damage|p2b: Espeon|0 fnt\n|faint|p2b: Espeon\n|move|p1b: Ceruledge|Shadow Sneak|p2a: Azumarill\n|-damage|p2a: Azumarill|0 fnt\n|faint|p2a: Azumarill\n|\n|-sideend|p1: FoolGroucho|move: Tailwind\n|upkeep\n|\n|t:|1699315466\n|switch|p2b: Dragonite|Dragonite, F|100\/100\n|switch|p2a: Sylveon|Sylveon, F|33\/100\n|turn|5\n|\n|t:|1699315479\n|move|p2b: Dragonite|Extreme Speed|p1a: Dragonite\n|-damage|p1a: Dragonite|87\/100\n|move|p1a: Dragonite|Extreme Speed|p2a: Sylveon\n|-damage|p2a: Sylveon|0 fnt\n|faint|p2a: Sylveon\n|move|p1b: Ceruledge|Swords Dance|p1b: Ceruledge\n|-boost|p1b: Ceruledge|atk|2\n|\n|upkeep\n|\n|t:|1699315487\n|switch|p2a: Tsareena|Tsareena, F|100\/100\n|turn|6\n|\n|t:|1699315496\n|switch|p1a: Sableye|Sableye, M|100\/100\n|move|p2a: Tsareena|U-turn|p1b: Ceruledge\n|-supereffective|p1b: Ceruledge\n|-damage|p1b: Ceruledge|51\/100\n|move|p2b: Dragonite|Dragon Claw|p1b: Ceruledge\n|-damage|p1b: Ceruledge|0 fnt\n|faint|p1b: Ceruledge\n|\n|upkeep\n|\n|t:|1699315505\n|switch|p1b: Dragonite|Dragonite, M|87\/100\n|turn|7\n|\n|t:|1699315516\n|move|p1a: Sableye|Reflect|p1a: Sableye\n|-sidestart|p1: FoolGroucho|Reflect\n|move|p2a: Tsareena|U-turn|p1a: Sableye\n|-damage|p1a: Sableye|80\/100\n|move|p2b: Dragonite|Dragon Claw|p1a: Sableye\n|-damage|p1a: Sableye|38\/100\n|move|p1b: Dragonite|Ice Spinner|p2b: Dragonite\n|-supereffective|p2b: Dragonite\n|-damage|p2b: Dragonite|1\/100\n|-enditem|p2b: Dragonite|Weakness Policy\n|-boost|p2b: Dragonite|atk|2|[from] item: Weakness Policy\n|-boost|p2b: Dragonite|spa|2|[from] item: Weakness Policy\n|\n|upkeep\n|turn|8\n|\n|t:|1699315535\n|move|p2b: Dragonite|Extreme Speed|p1b: Dragonite\n|-damage|p1b: Dragonite|48\/100\n|move|p1a: Sableye|Light Screen|p1a: Sableye\n|-sidestart|p1: FoolGroucho|move: Light Screen\n|move|p2a: Tsareena|U-turn|p1a: Sableye\n|-damage|p1a: Sableye|16\/100\n|move|p1b: Dragonite|Ice Spinner|p2b: Dragonite\n|-supereffective|p2b: Dragonite\n|-damage|p2b: Dragonite|0 fnt\n|faint|p2b: Dragonite\n|\n|upkeep\n|turn|9\n|\n|t:|1699315546\n|move|p1a: Sableye|Encore||[still]\n|cant|p2a: Tsareena|ability: Queenly Majesty|Encore|[of] p1a: Sableye\n|move|p2a: Tsareena|U-turn|p1a: Sableye\n|-damage|p1a: Sableye|0 fnt\n|faint|p1a: Sableye\n|move|p1b: Dragonite|Ice Spinner|p2a: Tsareena\n|-supereffective|p2a: Tsareena\n|-damage|p2a: Tsareena|0 fnt\n|faint|p2a: Tsareena\n|\n|win|FoolGroucho\n|raw|FoolGroucho's rating: 1606 &rarr; <strong>1621<\/strong><br \/>(+15 for winning)\n|raw|wonhosbazingas's rating: 1522 &rarr; <strong>1507<\/strong><br \/>(-15 for losing)\n","uploadtime":1699315558,"views":9,"p1id":"foolgroucho","p2id":"wonhosbazingas","formatid":"gen9doublesou","rating":1507,"private":0,"password":""}