{"id":"gen9doublesou-1981658956","p1":"huge bump","p2":"temmeboi","format":"[Gen 9] Doubles OU","log":"|j|\u2606huge bump\n|j|\u2606temmeboi\n|t:|1698931086\n|gametype|doubles\n|player|p1|huge bump|lance|1146\n|player|p2|temmeboi|tuber|1174\n|teamsize|p1|6\n|teamsize|p2|6\n|gen|9\n|tier|[Gen 9] Doubles OU\n|rated|\n|rule|Species Clause: Limit one of each Pok\u00e9mon\n|rule|OHKO Clause: OHKO moves are banned\n|rule|Evasion Moves Clause: Evasion moves are banned\n|rule|Gravity Sleep Clause: The combination of sleep-inducing moves with imperfect accuracy and Gravity or Gigantamax Orbeetle are banned\n|rule|Endless Battle Clause: Forcing endless battles is banned\n|rule|HP Percentage Mod: HP is shown in percentages\n|clearpoke\n|poke|p1|Kommo-o, M|\n|poke|p1|Landorus-Therian, M|\n|poke|p1|Sinistcha-Masterpiece|\n|poke|p1|Iron Hands|\n|poke|p1|Clefairy, F|\n|poke|p1|Snorlax, M|\n|poke|p2|Pelipper, F|\n|poke|p2|Azumarill, F|\n|poke|p2|Gastrodon, M|\n|poke|p2|Ursaluna-Bloodmoon, M|\n|poke|p2|Ogerpon-Hearthflame, F|\n|poke|p2|Amoonguss, F|\n|teampreview\n|inactive|Battle timer is ON: inactive players will automatically lose when time's up. (requested by temmeboi)\n|inactive|huge bump also wants the timer to be on.\n|\n|t:|1698931106\n|start\n|switch|p1a: Snorlax|Snorlax, M|100\/100\n|switch|p1b: Clefairy|Clefairy, F|100\/100\n|switch|p2a: Ursaluna|Ursaluna-Bloodmoon, M|100\/100\n|switch|p2b: Amoonguss|Amoonguss, F|100\/100\n|turn|1\n|\n|t:|1698931127\n|move|p1b: Clefairy|Follow Me|p1b: Clefairy\n|-singleturn|p1b: Clefairy|move: Follow Me\n|move|p2a: Ursaluna|Calm Mind|p2a: Ursaluna\n|-boost|p2a: Ursaluna|spa|1\n|-boost|p2a: Ursaluna|spd|1\n|move|p1a: Snorlax|Belly Drum|p1a: Snorlax\n|-damage|p1a: Snorlax|51\/100\n|-setboost|p1a: Snorlax|atk|6|[from] move: Belly Drum\n|move|p2b: Amoonguss|Spore|p1b: Clefairy\n|-status|p1b: Clefairy|slp|[from] move: Spore\n|\n|upkeep\n|turn|2\n|\n|t:|1698931144\n|switch|p1b: Sinistcha|Sinistcha-Masterpiece|100\/100\n|-heal|p1a: Snorlax|76\/100|[from] ability: Hospitality|[of] p1b: Sinistcha\n|move|p1a: Snorlax|Protect|p1a: Snorlax\n|-singleturn|p1a: Snorlax|Protect\n|move|p2b: Amoonguss|Rage Powder|p2b: Amoonguss\n|-singleturn|p2b: Amoonguss|move: Rage Powder\n|move|p2a: Ursaluna|Blood Moon|p1a: Snorlax\n|-activate|p1a: Snorlax|move: Protect\n|\n|upkeep\n|turn|3\n|\n|t:|1698931170\n|move|p2b: Amoonguss|Rage Powder|p2b: Amoonguss\n|-singleturn|p2b: Amoonguss|move: Rage Powder\n|move|p2a: Ursaluna|Hyper Voice|p1a: Snorlax|[spread] p1a,p1b\n|-damage|p1a: Snorlax|38\/100\n|-damage|p1b: Sinistcha|27\/100\n|-enditem|p1a: Snorlax|Sitrus Berry|[eat]\n|-heal|p1a: Snorlax|63\/100|[from] item: Sitrus Berry\n|-enditem|p2a: Ursaluna|Throat Spray\n|-boost|p2a: Ursaluna|spa|1|[from] item: Throat Spray\n|move|p1a: Snorlax|Facade|p2b: Amoonguss\n|-damage|p2b: Amoonguss|0 fnt\n|faint|p2b: Amoonguss\n|move|p1b: Sinistcha|Trick Room|p1b: Sinistcha\n|-fieldstart|move: Trick Room|[of] p1b: Sinistcha\n|\n|-heal|p1b: Sinistcha|33\/100|[from] item: Leftovers\n|upkeep\n|\n|t:|1698931188\n|switch|p2b: Pelipper|Pelipper, F|100\/100\n|-weather|RainDance|[from] ability: Drizzle|[of] p2b: Pelipper\n|turn|4\n|\n|t:|1698931205\n|switch|p1b: Clefairy|Clefairy, F|100\/100 slp\n|move|p1a: Snorlax|Facade|p2b: Pelipper\n|-enditem|p2b: Pelipper|Focus Sash\n|-damage|p2b: Pelipper|1\/100\n|move|p2a: Ursaluna|Blood Moon|p1a: Snorlax\n|-damage|p1a: Snorlax|0 fnt\n|faint|p1a: Snorlax\n|move|p2b: Pelipper|Hurricane|p1b: Clefairy\n|-damage|p1b: Clefairy|52\/100 slp\n|-start|p1b: Clefairy|confusion\n|\n|-weather|RainDance|[upkeep]\n|upkeep\n|\n|t:|1698931219\n|switch|p1a: Kommo-o|Kommo-o, M|100\/100\n|turn|5\n|\n|t:|1698931235\n|cant|p1b: Clefairy|slp\n|move|p2a: Ursaluna|Hyper Voice|p1a: Kommo-o|[spread] p1a,p1b\n|-damage|p1a: Kommo-o|46\/100\n|-damage|p1b: Clefairy|0 fnt\n|faint|p1b: Clefairy\n|move|p2b: Pelipper|Hurricane|p1a: Kommo-o\n|-supereffective|p1a: Kommo-o\n|-damage|p1a: Kommo-o|0 fnt\n|faint|p1a: Kommo-o\n|\n|-weather|RainDance|[upkeep]\n|upkeep\n|\n|t:|1698931246\n|switch|p1b: Iron Hands|Iron Hands|100\/100\n|switch|p1a: Landorus|Landorus-Therian, M|100\/100\n|-ability|p1a: Landorus|Intimidate|boost\n|-unboost|p2a: Ursaluna|atk|1\n|-unboost|p2b: Pelipper|atk|1\n|-enditem|p1b: Iron Hands|Booster Energy\n|-activate|p1b: Iron Hands|ability: Quark Drive|[fromitem]\n|-start|p1b: Iron Hands|quarkdriveatk\n|turn|6\n|inactive|temmeboi has 120 seconds left.\n|\n|t:|1698931280\n|move|p1b: Iron Hands|Drain Punch|p2a: Ursaluna\n|-supereffective|p2a: Ursaluna\n|-damage|p2a: Ursaluna|22\/100\n|move|p2a: Ursaluna|Blood Moon|p1a: Landorus\n|-damage|p1a: Landorus|0 fnt\n|faint|p1a: Landorus\n|move|p2b: Pelipper|Hurricane|p1b: Iron Hands\n|-damage|p1b: Iron Hands|64\/100\n|\n|-weather|RainDance|[upkeep]\n|upkeep\n|\n|t:|1698931291\n|switch|p1a: Sinistcha|Sinistcha-Masterpiece|33\/100\n|-heal|p1b: Iron Hands|88\/100|[from] ability: Hospitality|[of] p1a: Sinistcha\n|turn|7\n|\n|t:|1698931300\n|move|p1b: Iron Hands|Fake Out||[still]\n|-hint|Fake Out only works on your first turn out.\n|-fail|p1b: Iron Hands\n|move|p2a: Ursaluna|Hyper Voice|p1b: Iron Hands|[spread] p1a,p1b\n|-damage|p1a: Sinistcha|0 fnt\n|-damage|p1b: Iron Hands|27\/100\n|faint|p1a: Sinistcha\n|move|p2b: Pelipper|Hurricane|p1b: Iron Hands\n|-damage|p1b: Iron Hands|0 fnt\n|faint|p1b: Iron Hands\n|-end|p1b: Iron Hands|Quark Drive|[silent]\n|\n|win|temmeboi\n|raw|huge bump's rating: 1146 &rarr; <strong>1123<\/strong><br \/>(-23 for losing)\n|raw|temmeboi's rating: 1174 &rarr; <strong>1197<\/strong><br \/>(+23 for winning)\n|l|\u2606huge bump\n","uploadtime":1698931322,"views":20,"p1id":"hugebump","p2id":"temmeboi","formatid":"gen9doublesou","rating":1123,"private":0,"password":""}