{"id":"gen9doublesou-1981748920","p1":"Ravvenn98","p2":"Zamasu420","format":"[Gen 9] Doubles OU","log":"|j|\u2606Ravvenn98\n|j|\u2606Zamasu420\n|t:|1698938692\n|gametype|doubles\n|player|p1|Ravvenn98|steven|1343\n|player|p2|Zamasu420|101|1294\n|teamsize|p1|6\n|teamsize|p2|6\n|gen|9\n|tier|[Gen 9] Doubles OU\n|rated|\n|rule|Species Clause: Limit one of each Pok\u00e9mon\n|rule|OHKO Clause: OHKO moves are banned\n|rule|Evasion Moves Clause: Evasion moves are banned\n|rule|Gravity Sleep Clause: The combination of sleep-inducing moves with imperfect accuracy and Gravity or Gigantamax Orbeetle are banned\n|rule|Endless Battle Clause: Forcing endless battles is banned\n|rule|HP Percentage Mod: HP is shown in percentages\n|clearpoke\n|poke|p1|Maushold|\n|poke|p1|Quagsire, M|\n|poke|p1|Dipplin, M|\n|poke|p1|Tornadus, M|\n|poke|p1|Chien-Pao|\n|poke|p1|Volcanion|\n|poke|p2|Glimmora, F|\n|poke|p2|Ogerpon-Wellspring, F|\n|poke|p2|Ting-Lu|\n|poke|p2|Garganacl, F|\n|poke|p2|Goodra-Hisui, M|\n|poke|p2|Blissey, F|\n|teampreview\n|\n|t:|1698938700\n|start\n|switch|p1a: Quagsire|Quagsire, M|100\/100\n|switch|p1b: Tornadus|Tornadus, M|100\/100\n|switch|p2a: Glimmora|Glimmora, F|100\/100\n|switch|p2b: Garganacl|Garganacl, F|100\/100\n|turn|1\n|\n|t:|1698938715\n|switch|p2b: Goodra|Goodra-Hisui, M, shiny|100\/100\n|-terastallize|p1a: Quagsire|Fighting\n|move|p1b: Tornadus|Swagger|p1a: Quagsire\n|-boost|p1a: Quagsire|atk|2\n|-start|p1a: Quagsire|confusion\n|-enditem|p1a: Quagsire|Lum Berry|[eat]\n|-end|p1a: Quagsire|confusion\n|move|p2a: Glimmora|Mortal Spin|p1b: Tornadus|[spread] p1a,p1b\n|-damage|p1a: Quagsire|96\/100\n|-damage|p1b: Tornadus|94\/100\n|-status|p1a: Quagsire|psn\n|move|p1a: Quagsire|Earthquake|p2a: Glimmora|[spread] p2a,p2b\n|-immune|p1b: Tornadus\n|-supereffective|p2a: Glimmora\n|-supereffective|p2b: Goodra\n|-enditem|p2a: Glimmora|Focus Sash\n|-damage|p2a: Glimmora|1\/100\n|-damage|p2b: Goodra|11\/100\n|-activate|p2a: Glimmora|ability: Toxic Debris\n|-sidestart|p1: Ravvenn98|move: Toxic Spikes\n|\n|-heal|p2b: Goodra|18\/100|[from] item: Leftovers\n|-damage|p1a: Quagsire|83\/100 psn|[from] psn\n|upkeep\n|turn|2\n|\n|t:|1698938750\n|switch|p2b: Ting-Lu|Ting-Lu|100\/100\n|-ability|p2b: Ting-Lu|Vessel of Ruin\n|move|p1b: Tornadus|Bleakwind Storm|p2a: Glimmora|[spread] p2a,p2b\n|-resisted|p2a: Glimmora\n|-damage|p2a: Glimmora|0 fnt\n|-damage|p2b: Ting-Lu|85\/100\n|-unboost|p2b: Ting-Lu|spe|1\n|faint|p2a: Glimmora\n|move|p1a: Quagsire|Drain Punch|p2b: Ting-Lu\n|-supereffective|p2b: Ting-Lu\n|-damage|p2b: Ting-Lu|12\/100\n|-heal|p1a: Quagsire|100\/100 psn|[from] drain|[of] p2b: Ting-Lu\n|\n|-heal|p2b: Ting-Lu|18\/100|[from] item: Leftovers\n|-damage|p1a: Quagsire|88\/100 psn|[from] psn\n|upkeep\n|\n|t:|1698938769\n|switch|p2a: Garganacl|Garganacl, F|100\/100\n|turn|3\n|\n|t:|1698938777\n|move|p1b: Tornadus|Bleakwind Storm|p2a: Garganacl|[spread] p2a,p2b\n|-resisted|p2a: Garganacl\n|-damage|p2a: Garganacl|93\/100\n|-damage|p2b: Ting-Lu|1\/100\n|move|p2a: Garganacl|Salt Cure|p1a: Quagsire\n|-resisted|p1a: Quagsire\n|-damage|p1a: Quagsire|81\/100 psn\n|-start|p1a: Quagsire|Salt Cure\n|move|p1a: Quagsire|Earthquake|p2a: Garganacl|[spread] p2a,p2b\n|-immune|p1b: Tornadus\n|-supereffective|p2a: Garganacl\n|-damage|p2a: Garganacl|12\/100\n|-damage|p2b: Ting-Lu|0 fnt\n|faint|p2b: Ting-Lu\n|\n|-damage|p1a: Quagsire|69\/100 psn|[from] psn\n|-damage|p1a: Quagsire|56\/100 psn|[from] Salt Cure\n|upkeep\n|\n|t:|1698938792\n|switch|p2b: Ogerpon|Ogerpon-Wellspring, F|100\/100\n|turn|4\n|\n|t:|1698938801\n|move|p2a: Garganacl|Wide Guard|p2a: Garganacl\n|-singleturn|p2a: Garganacl|Wide Guard\n|move|p2b: Ogerpon|Ivy Cudgel|p1b: Tornadus\n|-damage|p1b: Tornadus|21\/100\n|move|p1b: Tornadus|Bleakwind Storm|p2b: Ogerpon|[spread] \n|-activate|p2a: Garganacl|move: Wide Guard\n|-activate|p2b: Ogerpon|move: Wide Guard\n|move|p1a: Quagsire|Earthquake|p2a: Garganacl|[spread] \n|-activate|p2a: Garganacl|move: Wide Guard\n|-activate|p2b: Ogerpon|move: Wide Guard\n|-immune|p1b: Tornadus\n|\n|-damage|p1a: Quagsire|44\/100 psn|[from] psn\n|-damage|p1a: Quagsire|31\/100 psn|[from] Salt Cure\n|upkeep\n|turn|5\n|\n|t:|1698938822\n|move|p2a: Garganacl|Protect|p2a: Garganacl\n|-singleturn|p2a: Garganacl|Protect\n|move|p2b: Ogerpon|Ivy Cudgel|p1b: Tornadus\n|-damage|p1b: Tornadus|0 fnt\n|faint|p1b: Tornadus\n|move|p1a: Quagsire|Drain Punch|p2b: Ogerpon\n|-damage|p2b: Ogerpon|10\/100\n|-heal|p1a: Quagsire|66\/100 psn|[from] drain|[of] p2b: Ogerpon\n|\n|-damage|p1a: Quagsire|54\/100 psn|[from] psn\n|-damage|p1a: Quagsire|41\/100 psn|[from] Salt Cure\n|upkeep\n|\n|t:|1698938842\n|switch|p1b: Chien-Pao|Chien-Pao|100\/100\n|-status|p1b: Chien-Pao|psn\n|-ability|p1b: Chien-Pao|Sword of Ruin\n|turn|6\n|\n|t:|1698938854\n|move|p2a: Garganacl|Protect||[still]\n|-fail|p2a: Garganacl\n|move|p1b: Chien-Pao|Sucker Punch|p2b: Ogerpon\n|-damage|p2b: Ogerpon|0 fnt\n|faint|p2b: Ogerpon\n|move|p1a: Quagsire|Drain Punch|p2a: Garganacl\n|-supereffective|p2a: Garganacl\n|-damage|p2a: Garganacl|0 fnt\n|-heal|p1a: Quagsire|47\/100 psn|[from] drain|[of] p2a: Garganacl\n|faint|p2a: Garganacl\n|\n|-damage|p1b: Chien-Pao|88\/100 psn|[from] psn\n|-damage|p1a: Quagsire|35\/100 psn|[from] psn\n|-damage|p1a: Quagsire|23\/100 psn|[from] Salt Cure\n|upkeep\n|-message|Zamasu420 forfeited.\n|\n|win|Ravvenn98\n|raw|Ravvenn98's rating: 1343 &rarr; <strong>1360<\/strong><br \/>(+17 for winning)\n|raw|Zamasu420's rating: 1294 &rarr; <strong>1273<\/strong><br \/>(-21 for losing)\n|l|\u2606Zamasu420\n","uploadtime":1698938871,"views":13,"p1id":"ravvenn98","p2id":"zamasu420","formatid":"gen9doublesou","rating":1273,"private":0,"password":""}