{"id":"gen9doublesou-1983396764","p1":"aeroblaster7","p2":"gbutters19","format":"[Gen 9] Doubles OU","log":"|j|\u2606aeroblaster7\n|j|\u2606gbutters19\n|t:|1699125760\n|gametype|doubles\n|player|p1|aeroblaster7|skyla|\n|player|p2|gbutters19|chef|\n|teamsize|p1|6\n|teamsize|p2|6\n|gen|9\n|tier|[Gen 9] Doubles OU\n|rule|Species Clause: Limit one of each Pok\u00e9mon\n|rule|OHKO Clause: OHKO moves are banned\n|rule|Evasion Moves Clause: Evasion moves are banned\n|rule|Gravity Sleep Clause: The combination of sleep-inducing moves with imperfect accuracy and Gravity or Gigantamax Orbeetle are banned\n|rule|Endless Battle Clause: Forcing endless battles is banned\n|rule|HP Percentage Mod: HP is shown in percentages\n|clearpoke\n|poke|p1|Pelipper, M|\n|poke|p1|Oranguru, F|\n|poke|p1|Raichu, F|\n|poke|p1|Overqwil, F|\n|poke|p1|Iron Bundle|\n|poke|p1|Articuno|\n|poke|p2|Dusclops, M|\n|poke|p2|Iron Hands|\n|poke|p2|Cresselia, F|\n|poke|p2|Tauros-Paldea-Aqua, M|\n|poke|p2|Sylveon, M|\n|poke|p2|Snorlax, F|\n|teampreview\n|inactive|Battle timer is ON: inactive players will automatically lose when time's up. (requested by aeroblaster7)\n|inactiveoff|Battle timer is now OFF.\n|\n|t:|1699125780\n|start\n|switch|p1a: Pelipper|Pelipper, M|100\/100\n|switch|p1b: Articuno|Articuno|100\/100\n|switch|p2a: Iron Hands|Iron Hands, shiny|100\/100\n|switch|p2b: Dusclops|Dusclops, M, shiny|100\/100\n|-ability|p1b: Articuno|Pressure\n|-weather|RainDance|[from] ability: Drizzle|[of] p1a: Pelipper\n|-item|p1a: Pelipper|Eject Button|[from] ability: Frisk|[of] p2b: Dusclops|[identify]\n|-item|p1b: Articuno|Leftovers|[from] ability: Frisk|[of] p2b: Dusclops|[identify]\n|turn|1\n|c|\u2606aeroblaster7|glhf!\n|c|\u2606gbutters19|glhf\n|\n|t:|1699125830\n|switch|p1a: Raichu|Raichu, F|100\/100\n|-item|p1a: Raichu|Air Balloon\n|move|p2a: Iron Hands|Fake Out|p1b: Articuno\n|-damage|p1b: Articuno|84\/100\n|cant|p1b: Articuno|flinch\n|move|p2b: Dusclops|Trick Room|p2b: Dusclops\n|-fieldstart|move: Trick Room|[of] p2b: Dusclops\n|\n|-weather|RainDance|[upkeep]\n|-heal|p1b: Articuno|90\/100|[from] item: Leftovers\n|upkeep\n|turn|2\n|\n|t:|1699125852\n|switch|p1b: Oranguru|Oranguru, F|100\/100\n|move|p1a: Raichu|Fake Out|p2a: Iron Hands\n|-damage|p2a: Iron Hands|95\/100\n|move|p2b: Dusclops|Sunny Day|p2b: Dusclops\n|-weather|SunnyDay\n|cant|p2a: Iron Hands|flinch\n|\n|-weather|SunnyDay|[upkeep]\n|upkeep\n|turn|3\n|\n|t:|1699125905\n|move|p1a: Raichu|Protect|p1a: Raichu\n|-singleturn|p1a: Raichu|Protect\n|move|p2b: Dusclops|Will-O-Wisp|p1a: Raichu\n|-activate|p1a: Raichu|move: Protect\n|move|p2a: Iron Hands|Drain Punch|p1a: Raichu\n|-activate|p1a: Raichu|move: Protect\n|move|p1b: Oranguru|Trick Room|p1b: Oranguru\n|-fieldend|move: Trick Room\n|\n|-weather|SunnyDay|[upkeep]\n|upkeep\n|turn|4\n|\n|t:|1699125934\n|move|p1a: Raichu|Helping Hand|p1b: Oranguru\n|-singleturn|p1b: Oranguru|Helping Hand|[of] p1a: Raichu\n|move|p2a: Iron Hands|Drain Punch|p1a: Raichu\n|-damage|p1a: Raichu|20\/100\n|-heal|p2a: Iron Hands|100\/100|[from] drain|[of] p1a: Raichu\n|-enditem|p1a: Raichu|Air Balloon\n|move|p1b: Oranguru|Psyshock|p2a: Iron Hands\n|-supereffective|p2a: Iron Hands\n|-damage|p2a: Iron Hands|46\/100\n|move|p2b: Dusclops|Sunny Day||[still]\n|-fail|p2b: Dusclops\n|\n|-weather|SunnyDay|[upkeep]\n|upkeep\n|turn|5\n|\n|t:|1699125959\n|-terastallize|p2a: Iron Hands|Water\n|move|p1a: Raichu|Protect|p1a: Raichu\n|-singleturn|p1a: Raichu|Protect\n|move|p2a: Iron Hands|Drain Punch|p1b: Oranguru\n|-damage|p1b: Oranguru|50\/100\n|-heal|p2a: Iron Hands|67\/100|[from] drain|[of] p1b: Oranguru\n|move|p1b: Oranguru|Psyshock|p2a: Iron Hands\n|-damage|p2a: Iron Hands|50\/100\n|move|p2b: Dusclops|Trick Room|p2b: Dusclops\n|-fieldstart|move: Trick Room|[of] p2b: Dusclops\n|\n|-weather|SunnyDay|[upkeep]\n|upkeep\n|turn|6\n|\n|t:|1699125992\n|switch|p1b: Pelipper|Pelipper, M|100\/100\n|-weather|RainDance|[from] ability: Drizzle|[of] p1b: Pelipper\n|move|p2b: Dusclops|Will-O-Wisp|p1b: Pelipper\n|-status|p1b: Pelipper|brn\n|move|p2a: Iron Hands|Drain Punch|p1a: Raichu\n|-damage|p1a: Raichu|0 fnt\n|-heal|p2a: Iron Hands|57\/100|[from] drain|[of] p1a: Raichu\n|faint|p1a: Raichu\n|\n|-weather|RainDance|[upkeep]\n|-damage|p1b: Pelipper|94\/100 brn|[from] brn\n|upkeep\n|\n|t:|1699126019\n|switch|p1a: Oranguru|Oranguru, F|50\/100\n|turn|7\n|\n|t:|1699126031\n|switch|p1b: Overqwil|Overqwil, F, shiny|100\/100\n|move|p2b: Dusclops|Sunny Day|p2b: Dusclops\n|-weather|SunnyDay\n|move|p2a: Iron Hands|Drain Punch|p1a: Oranguru\n|-damage|p1a: Oranguru|4\/100\n|-heal|p2a: Iron Hands|76\/100|[from] drain|[of] p1a: Oranguru\n|move|p1a: Oranguru|Trick Room|p1a: Oranguru\n|-fieldend|move: Trick Room\n|\n|-weather|SunnyDay|[upkeep]\n|upkeep\n|turn|8\n|\n|t:|1699126058\n|-end|p2a: Iron Hands|Quark Drive|[silent]\n|switch|p2a: Tauros|Tauros-Paldea-Aqua, M|100\/100\n|-ability|p2a: Tauros|Intimidate|boost\n|-unboost|p1a: Oranguru|atk|1\n|-unboost|p1b: Overqwil|atk|1\n|switch|p1a: Pelipper|Pelipper, M|94\/100 brn\n|-weather|RainDance|[from] ability: Drizzle|[of] p1a: Pelipper\n|-terastallize|p1b: Overqwil|Water\n|move|p1b: Overqwil|Liquidation|p2b: Dusclops\n|-damage|p2b: Dusclops|52\/100\n|move|p2b: Dusclops|Will-O-Wisp|p1b: Overqwil\n|-status|p1b: Overqwil|brn\n|\n|-weather|RainDance|[upkeep]\n|-damage|p1b: Overqwil|94\/100 brn|[from] brn\n|-damage|p1a: Pelipper|88\/100 brn|[from] brn\n|upkeep\n|turn|9\n|\n|t:|1699126086\n|move|p1a: Pelipper|Helping Hand|p1b: Overqwil\n|-singleturn|p1b: Overqwil|Helping Hand|[of] p1a: Pelipper\n|move|p1b: Overqwil|Liquidation|p2b: Dusclops\n|-damage|p2b: Dusclops|20\/100\n|move|p2a: Tauros|Trailblaze|p1b: Overqwil\n|-supereffective|p1b: Overqwil\n|-damage|p1b: Overqwil|51\/100 brn\n|-boost|p2a: Tauros|spe|1\n|-damage|p2a: Tauros|91\/100|[from] item: Life Orb\n|move|p2b: Dusclops|Pain Split|p1a: Pelipper\n|-sethp|p1a: Pelipper|51\/100 brn|[from] move: Pain Split|[silent]\n|-sethp|p2b: Dusclops|73\/100|[from] move: Pain Split\n|\n|-weather|RainDance|[upkeep]\n|-damage|p1b: Overqwil|45\/100 brn|[from] brn\n|-damage|p1a: Pelipper|45\/100 brn|[from] brn\n|upkeep\n|turn|10\n|c|\u2606aeroblaster7|is this stressing you out as much as me\n|c|\u2606gbutters19|yes! the pace feels slow af. like i'm taking forever to decide what to do lmao\n|c|\u2606aeroblaster7|moooood\n|\n|t:|1699126127\n|move|p1b: Overqwil|Liquidation|p2b: Dusclops\n|-damage|p2b: Dusclops|50\/100\n|move|p2a: Tauros|Raging Bull|p1b: Overqwil\n|-resisted|p1b: Overqwil\n|-damage|p1b: Overqwil|0 fnt\n|faint|p1b: Overqwil\n|-damage|p2a: Tauros|81\/100|[from] item: Life Orb\n|move|p1a: Pelipper|Chilling Water|p2a: Tauros\n|-resisted|p2a: Tauros\n|-damage|p2a: Tauros|59\/100\n|-unboost|p2a: Tauros|atk|1\n|move|p2b: Dusclops|Sunny Day|p2b: Dusclops\n|-weather|SunnyDay\n|\n|-weather|SunnyDay|[upkeep]\n|-damage|p1a: Pelipper|39\/100 brn|[from] brn\n|upkeep\n|\n|t:|1699126146\n|switch|p1b: Iron Bundle|Iron Bundle|100\/100\n|-enditem|p1b: Iron Bundle|Booster Energy\n|-activate|p1b: Iron Bundle|ability: Quark Drive|[fromitem]\n|-start|p1b: Iron Bundle|quarkdrivespe\n|turn|11\n|\n|t:|1699126161\n|switch|p2a: Cresselia|Cresselia, F|100\/100\n|switch|p1a: Oranguru|Oranguru, F|4\/100\n|move|p1b: Iron Bundle|Freeze-Dry|p2a: Cresselia\n|-damage|p2a: Cresselia|79\/100\n|move|p2b: Dusclops|Pain Split|p1b: Iron Bundle\n|-sethp|p1b: Iron Bundle|73\/100|[from] move: Pain Split|[silent]\n|-sethp|p2b: Dusclops|81\/100|[from] move: Pain Split\n|\n|-weather|SunnyDay|[upkeep]\n|upkeep\n|turn|12\n|\n|t:|1699126183\n|move|p1b: Iron Bundle|Freeze-Dry|p2b: Dusclops\n|-damage|p2b: Dusclops|59\/100\n|move|p2a: Cresselia|Moonblast|p1a: Oranguru\n|-damage|p1a: Oranguru|0 fnt\n|faint|p1a: Oranguru\n|move|p2b: Dusclops|Trick Room|p2b: Dusclops\n|-fieldstart|move: Trick Room|[of] p2b: Dusclops\n|\n|-weather|SunnyDay|[upkeep]\n|upkeep\n|\n|t:|1699126192\n|switch|p1a: Articuno|Articuno|90\/100\n|-ability|p1a: Articuno|Pressure\n|turn|13\n|\n|t:|1699126211\n|move|p2b: Dusclops|Pain Split|p1a: Articuno\n|-sethp|p1a: Articuno|66\/100|[from] move: Pain Split|[silent]\n|-sethp|p2b: Dusclops|93\/100|[from] move: Pain Split\n|move|p2a: Cresselia|Moonblast|p1b: Iron Bundle\n|-crit|p1b: Iron Bundle\n|-damage|p1b: Iron Bundle|19\/100\n|move|p1a: Articuno|Weather Ball|p2a: Cresselia\n|-crit|p2a: Cresselia\n|-damage|p2a: Cresselia|39\/100\n|move|p1b: Iron Bundle|Freeze-Dry|p2a: Cresselia\n|-damage|p2a: Cresselia|18\/100\n|\n|-weather|SunnyDay|[upkeep]\n|-heal|p1a: Articuno|72\/100|[from] item: Leftovers\n|upkeep\n|turn|14\n|\n|t:|1699126251\n|switch|p2b: Iron Hands|Iron Hands, shiny, tera:Water|76\/100\n|switch|p2a: Snorlax|Snorlax, F|100\/100\n|move|p1b: Iron Bundle|Protect|p1b: Iron Bundle\n|-singleturn|p1b: Iron Bundle|Protect\n|move|p1a: Articuno|Weather Ball|p2a: Snorlax\n|-damage|p2a: Snorlax|74\/100\n|\n|-weather|none\n|-heal|p1a: Articuno|78\/100|[from] item: Leftovers\n|upkeep\n|turn|15\n|\n|t:|1699126276\n|move|p1b: Iron Bundle|Protect||[still]\n|-fail|p1b: Iron Bundle\n|move|p2a: Snorlax|Facade|p1b: Iron Bundle\n|-damage|p1b: Iron Bundle|0 fnt\n|faint|p1b: Iron Bundle\n|-end|p1b: Iron Bundle|Quark Drive|[silent]\n|move|p2b: Iron Hands|Thunder Punch|p1a: Articuno\n|-supereffective|p1a: Articuno\n|-damage|p1a: Articuno|0 fnt\n|faint|p1a: Articuno\n|\n|upkeep\n|c|\u2606aeroblaster7|that was pushing it lol\n|c|\u2606aeroblaster7|gg\n|c|\u2606gbutters19|lol\n|c|\u2606gbutters19|gg\n|\n|t:|1699126296\n|switch|p1b: Pelipper|Pelipper, M|39\/100 brn\n|-weather|RainDance|[from] ability: Drizzle|[of] p1b: Pelipper\n|turn|16\n|\n|t:|1699126302\n|move|p2a: Snorlax|Facade|p1b: Pelipper\n|-damage|p1b: Pelipper|13\/100 brn\n|move|p2b: Iron Hands|Thunder Punch|p1b: Pelipper\n|-supereffective|p1b: Pelipper\n|-damage|p1b: Pelipper|0 fnt\n|faint|p1b: Pelipper\n|\n|win|gbutters19\n","uploadtime":1699126331,"views":31,"p1id":"aeroblaster7","p2id":"gbutters19","formatid":"gen9doublesou","rating":0,"private":0,"password":""}