{"id":"gen9doublesou-1983059424","p1":"Dabigmurph","p2":"Cactuscoolish","format":"[Gen 9] Doubles OU","log":"|j|\u2606Dabigmurph\n|j|\u2606Cactuscoolish\n|t:|1699077229\n|gametype|doubles\n|player|p1|Dabigmurph|hiker-gen4|1442\n|player|p2|Cactuscoolish|fisherman|1656\n|teamsize|p1|6\n|teamsize|p2|6\n|gen|9\n|tier|[Gen 9] Doubles OU\n|rated|\n|rule|Species Clause: Limit one of each Pok\u00e9mon\n|rule|OHKO Clause: OHKO moves are banned\n|rule|Evasion Moves Clause: Evasion moves are banned\n|rule|Gravity Sleep Clause: The combination of sleep-inducing moves with imperfect accuracy and Gravity or Gigantamax Orbeetle are banned\n|rule|Endless Battle Clause: Forcing endless battles is banned\n|rule|HP Percentage Mod: HP is shown in percentages\n|clearpoke\n|poke|p1|Tornadus, M|\n|poke|p1|Rillaboom, F|\n|poke|p1|Kleavor, F|\n|poke|p1|Brambleghast, F|\n|poke|p1|Clefable, M|\n|poke|p1|Chi-Yu|\n|poke|p2|Cresselia, F|\n|poke|p2|Iron Hands|\n|poke|p2|Iron Bundle|\n|poke|p2|Tornadus, M|\n|poke|p2|Landorus, M|\n|poke|p2|Ogerpon-Hearthflame, F|\n|teampreview\n|\n|t:|1699077250\n|start\n|switch|p1a: Tornadus|Tornadus, M|100\/100\n|switch|p1b: Kleavor|Kleavor, F|100\/100\n|switch|p2a: Tornadus|Tornadus, M|100\/100\n|switch|p2b: Iron Bundle|Iron Bundle|100\/100\n|turn|1\n|\n|t:|1699077280\n|move|p1b: Kleavor|Protect|p1b: Kleavor\n|-singleturn|p1b: Kleavor|Protect\n|move|p1a: Tornadus|Taunt|p2a: Tornadus\n|-start|p2a: Tornadus|move: Taunt\n|cant|p2a: Tornadus|move: Taunt|Taunt\n|move|p2b: Iron Bundle|Hydro Pump|p1b: Kleavor\n|-activate|p1b: Kleavor|move: Protect\n|\n|upkeep\n|turn|2\n|inactive|Battle timer is ON: inactive players will automatically lose when time's up. (requested by Dabigmurph)\n|\n|t:|1699077296\n|switch|p2a: Iron Hands|Iron Hands|100\/100\n|move|p1a: Tornadus|Tailwind|p1a: Tornadus\n|-sidestart|p1: Dabigmurph|move: Tailwind\n|move|p1b: Kleavor|Stone Axe|p2b: Iron Bundle\n|-supereffective|p2b: Iron Bundle\n|-enditem|p2b: Iron Bundle|Focus Sash\n|-damage|p2b: Iron Bundle|1\/100\n|-sidestart|p2: Cactuscoolish|move: Stealth Rock\n|move|p2b: Iron Bundle|Freeze-Dry|p1a: Tornadus\n|-supereffective|p1a: Tornadus\n|-damage|p1a: Tornadus|2\/100\n|\n|upkeep\n|turn|3\n|\n|t:|1699077320\n|switch|p1a: Clefable|Clefable, M|100\/100\n|move|p1b: Kleavor|Protect|p1b: Kleavor\n|-singleturn|p1b: Kleavor|Protect\n|move|p2b: Iron Bundle|Protect|p2b: Iron Bundle\n|-singleturn|p2b: Iron Bundle|Protect\n|move|p2a: Iron Hands|Swords Dance|p2a: Iron Hands\n|-boost|p2a: Iron Hands|atk|2\n|\n|upkeep\n|turn|4\n|\n|t:|1699077341\n|move|p1b: Kleavor|X-Scissor|p2b: Iron Bundle\n|-damage|p2b: Iron Bundle|0 fnt\n|faint|p2b: Iron Bundle\n|-end|p2b: Iron Bundle|Quark Drive|[silent]\n|move|p1a: Clefable|Moonblast|p2a: Iron Hands\n|-supereffective|p2a: Iron Hands\n|-damage|p2a: Iron Hands|41\/100\n|move|p2a: Iron Hands|Drain Punch|p1b: Kleavor\n|-damage|p1b: Kleavor|0 fnt\n|-heal|p2a: Iron Hands|68\/100|[from] drain|[of] p1b: Kleavor\n|faint|p1b: Kleavor\n|\n|-heal|p2a: Iron Hands|75\/100|[from] item: Leftovers\n|upkeep\n|\n|t:|1699077366\n|switch|p2b: Landorus|Landorus, M|100\/100\n|switch|p1b: Chi-Yu|Chi-Yu|100\/100\n|-ability|p1b: Chi-Yu|Beads of Ruin\n|-damage|p2b: Landorus|88\/100|[from] Stealth Rock\n|turn|5\n|\n|t:|1699077377\n|move|p1a: Clefable|Follow Me|p1a: Clefable\n|-singleturn|p1a: Clefable|move: Follow Me\n|move|p1b: Chi-Yu|Heat Wave|p2b: Landorus|[spread] p2a,p2b\n|-damage|p2a: Iron Hands|5\/100\n|-damage|p2b: Landorus|0 fnt\n|faint|p2b: Landorus\n|-damage|p1b: Chi-Yu|91\/100|[from] item: Life Orb\n|move|p2a: Iron Hands|Drain Punch|p1a: Clefable\n|-resisted|p1a: Clefable\n|-damage|p1a: Clefable|67\/100\n|-heal|p2a: Iron Hands|18\/100|[from] drain|[of] p1a: Clefable\n|\n|-heal|p2a: Iron Hands|24\/100|[from] item: Leftovers\n|-sideend|p1: Dabigmurph|move: Tailwind\n|upkeep\n|\n|t:|1699077383\n|switch|p2b: Cresselia|Cresselia, F|100\/100\n|-damage|p2b: Cresselia|88\/100|[from] Stealth Rock\n|turn|6\n|\n|t:|1699077393\n|move|p2a: Iron Hands|Protect|p2a: Iron Hands\n|-singleturn|p2a: Iron Hands|Protect\n|move|p1b: Chi-Yu|Dark Pulse|p2b: Cresselia\n|-supereffective|p2b: Cresselia\n|-damage|p2b: Cresselia|0 fnt\n|faint|p2b: Cresselia\n|-damage|p1b: Chi-Yu|81\/100|[from] item: Life Orb\n|move|p1a: Clefable|Moonblast|p2a: Iron Hands\n|-activate|p2a: Iron Hands|move: Protect\n|\n|-heal|p2a: Iron Hands|30\/100|[from] item: Leftovers\n|upkeep\n|\n|t:|1699077399\n|switch|p2b: Tornadus|Tornadus, M|100\/100\n|-damage|p2b: Tornadus|76\/100|[from] Stealth Rock\n|turn|7\n|\n|t:|1699077413\n|move|p1a: Clefable|Follow Me|p1a: Clefable\n|-singleturn|p1a: Clefable|move: Follow Me\n|move|p2b: Tornadus|Tailwind|p2b: Tornadus\n|-sidestart|p2: Cactuscoolish|move: Tailwind\n|move|p1b: Chi-Yu|Heat Wave|p2b: Tornadus|[spread] p2a,p2b\n|-damage|p2a: Iron Hands|0 fnt\n|-damage|p2b: Tornadus|0 fnt\n|faint|p2a: Iron Hands\n|-end|p2a: Iron Hands|Quark Drive|[silent]\n|faint|p2b: Tornadus\n|-damage|p1b: Chi-Yu|71\/100|[from] item: Life Orb\n|\n|upkeep\n|-message|Cactuscoolish forfeited.\n|\n|win|Dabigmurph\n|raw|Dabigmurph's rating: 1442 &rarr; <strong>1473<\/strong><br \/>(+31 for winning)\n|raw|Cactuscoolish's rating: 1656 &rarr; <strong>1625<\/strong><br \/>(-31 for losing)\n|l|\u2606Cactuscoolish\n","uploadtime":1699077442,"views":14,"p1id":"dabigmurph","p2id":"cactuscoolish","formatid":"gen9doublesou","rating":1473,"private":0,"password":""}