{"id":"gen9doublesou-1995452047","p1":"MintyFresh93","p2":"Diniz41","format":"[Gen 9] Doubles OU","log":"|j|\u2606MintyFresh93\n|j|\u2606Diniz41\n|t:|1700572408\n|gametype|doubles\n|player|p1|MintyFresh93|youngster-gen4dp|1339\n|player|p2|Diniz41|hiker|1394\n|teamsize|p1|6\n|teamsize|p2|6\n|gen|9\n|tier|[Gen 9] Doubles OU\n|rated|\n|rule|Species Clause: Limit one of each Pok\u00e9mon\n|rule|OHKO Clause: OHKO moves are banned\n|rule|Evasion Moves Clause: Evasion moves are banned\n|rule|Gravity Sleep Clause: The combination of sleep-inducing moves with imperfect accuracy and Gravity or Gigantamax Orbeetle are banned\n|rule|Endless Battle Clause: Forcing endless battles is banned\n|rule|HP Percentage Mod: HP is shown in percentages\n|clearpoke\n|poke|p1|Cresselia, F|\n|poke|p1|Kingambit, F|\n|poke|p1|Farigiraf, F|\n|poke|p1|Gholdengo|\n|poke|p1|Ursaluna, M|\n|poke|p1|Volcanion|\n|poke|p2|Oranguru, F|\n|poke|p2|Gastrodon, F|\n|poke|p2|Chi-Yu|\n|poke|p2|Gothitelle, M|\n|poke|p2|Sinistcha|\n|poke|p2|Ting-Lu|\n|teampreview\n|\n|t:|1700572423\n|start\n|switch|p1a: Farigiraf|Farigiraf, F|100\/100\n|switch|p1b: Kingambit|Kingambit, F|100\/100\n|switch|p2a: Gastrodon|Gastrodon, F|100\/100\n|switch|p2b: Oranguru|Oranguru, F|100\/100\n|turn|1\n|\n|t:|1700572435\n|move|p1b: Kingambit|Protect|p1b: Kingambit\n|-singleturn|p1b: Kingambit|Protect\n|move|p2b: Oranguru|Psychic|p1a: Farigiraf\n|-resisted|p1a: Farigiraf\n|-damage|p1a: Farigiraf|86\/100\n|move|p2a: Gastrodon|Stockpile|p2a: Gastrodon\n|-start|p2a: Gastrodon|stockpile1\n|-boost|p2a: Gastrodon|def|1\n|-boost|p2a: Gastrodon|spd|1\n|move|p1a: Farigiraf|Trick Room|p1a: Farigiraf\n|-fieldstart|move: Trick Room|[of] p1a: Farigiraf\n|\n|upkeep\n|turn|2\n|\n|t:|1700572450\n|move|p2a: Gastrodon|Stockpile|p2a: Gastrodon\n|-start|p2a: Gastrodon|stockpile2\n|-boost|p2a: Gastrodon|def|1\n|-boost|p2a: Gastrodon|spd|1\n|move|p1b: Kingambit|Kowtow Cleave|p2b: Oranguru\n|-supereffective|p2b: Oranguru\n|-damage|p2b: Oranguru|0 fnt\n|faint|p2b: Oranguru\n|-damage|p1b: Kingambit|91\/100|[from] item: Life Orb\n|move|p1a: Farigiraf|Energy Ball|p2a: Gastrodon\n|-supereffective|p2a: Gastrodon\n|-damage|p2a: Gastrodon|58\/100\n|\n|-heal|p2a: Gastrodon|64\/100|[from] item: Leftovers\n|upkeep\n|\n|t:|1700572461\n|switch|p2b: Chi-Yu|Chi-Yu|100\/100\n|-ability|p2b: Chi-Yu|Beads of Ruin\n|turn|3\n|\n|t:|1700572479\n|-terastallize|p2a: Gastrodon|Fire\n|-terastallize|p1a: Farigiraf|Grass\n|move|p2a: Gastrodon|Stockpile|p2a: Gastrodon\n|-start|p2a: Gastrodon|stockpile3\n|-boost|p2a: Gastrodon|def|1\n|-boost|p2a: Gastrodon|spd|1\n|move|p1b: Kingambit|Kowtow Cleave|p2b: Chi-Yu\n|-resisted|p2b: Chi-Yu\n|-damage|p2b: Chi-Yu|45\/100\n|-damage|p1b: Kingambit|81\/100|[from] item: Life Orb\n|move|p1a: Farigiraf|Energy Ball|p2a: Gastrodon\n|-resisted|p2a: Gastrodon\n|-damage|p2a: Gastrodon|55\/100\n|move|p2b: Chi-Yu|Heat Wave|p1b: Kingambit|[spread] p1a,p1b\n|-supereffective|p1a: Farigiraf\n|-supereffective|p1b: Kingambit\n|-damage|p1a: Farigiraf|0 fnt\n|-damage|p1b: Kingambit|0 fnt\n|faint|p1a: Farigiraf\n|faint|p1b: Kingambit\n|-damage|p2b: Chi-Yu|35\/100|[from] item: Life Orb\n|\n|-heal|p2a: Gastrodon|61\/100|[from] item: Leftovers\n|upkeep\n|inactive|Battle timer is ON: inactive players will automatically lose when time's up. (requested by MintyFresh93)\n|\n|t:|1700572505\n|switch|p1b: Cresselia|Cresselia, F|100\/100\n|switch|p1a: Ursaluna|Ursaluna, M|100\/100\n|turn|4\n|\n|t:|1700572514\n|move|p1a: Ursaluna|Protect|p1a: Ursaluna\n|-singleturn|p1a: Ursaluna|Protect\n|move|p1b: Cresselia|Protect|p1b: Cresselia\n|-singleturn|p1b: Cresselia|Protect\n|move|p2b: Chi-Yu|Protect|p2b: Chi-Yu\n|-singleturn|p2b: Chi-Yu|Protect\n|move|p2a: Gastrodon|Earth Power|p1a: Ursaluna\n|-activate|p1a: Ursaluna|move: Protect\n|\n|-heal|p2a: Gastrodon|67\/100|[from] item: Leftovers\n|-status|p1a: Ursaluna|brn|[from] item: Flame Orb\n|upkeep\n|turn|5\n|\n|t:|1700572534\n|switch|p2b: Sinistcha|Sinistcha|100\/100\n|-heal|p2a: Gastrodon|92\/100|[from] ability: Hospitality|[of] p2b: Sinistcha\n|move|p2a: Gastrodon|Earth Power|p1a: Ursaluna\n|-damage|p1a: Ursaluna|74\/100 brn\n|move|p1a: Ursaluna|Earthquake|p2a: Gastrodon|[spread] p2a,p2b\n|-immune|p1b: Cresselia|[from] ability: Levitate\n|-supereffective|p2a: Gastrodon\n|-resisted|p2b: Sinistcha\n|-damage|p2a: Gastrodon|41\/100\n|-damage|p2b: Sinistcha|77\/100\n|move|p1b: Cresselia|Ice Beam|p2a: Gastrodon\n|-resisted|p2a: Gastrodon\n|-damage|p2a: Gastrodon|39\/100\n|\n|-heal|p2a: Gastrodon|45\/100|[from] item: Leftovers\n|-heal|p2b: Sinistcha|83\/100|[from] item: Leftovers\n|-damage|p1a: Ursaluna|68\/100 brn|[from] brn\n|-fieldend|move: Trick Room\n|upkeep\n|turn|6\n|\n|t:|1700572554\n|move|p1a: Ursaluna|Protect|p1a: Ursaluna\n|-singleturn|p1a: Ursaluna|Protect\n|move|p2b: Sinistcha|Matcha Gotcha|p1a: Ursaluna|[spread] p1b\n|-activate|p1a: Ursaluna|move: Protect\n|-damage|p1b: Cresselia|88\/100\n|-heal|p2b: Sinistcha|91\/100|[from] drain|[of] p1b: Cresselia\n|move|p2a: Gastrodon|Recover|p2a: Gastrodon\n|-heal|p2a: Gastrodon|95\/100\n|move|p1b: Cresselia|Trick Room|p1b: Cresselia\n|-fieldstart|move: Trick Room|[of] p1b: Cresselia\n|\n|-heal|p2a: Gastrodon|100\/100|[from] item: Leftovers\n|-heal|p2b: Sinistcha|97\/100|[from] item: Leftovers\n|-damage|p1a: Ursaluna|62\/100 brn|[from] brn\n|upkeep\n|turn|7\n|\n|t:|1700572572\n|move|p2a: Gastrodon|Earth Power|p1a: Ursaluna\n|-damage|p1a: Ursaluna|35\/100 brn\n|move|p1a: Ursaluna|Earthquake|p2a: Gastrodon|[spread] p2a,p2b\n|-immune|p1b: Cresselia|[from] ability: Levitate\n|-supereffective|p2a: Gastrodon\n|-resisted|p2b: Sinistcha\n|-damage|p2a: Gastrodon|49\/100\n|-damage|p2b: Sinistcha|73\/100\n|move|p2b: Sinistcha|Matcha Gotcha|p1b: Cresselia|[spread] p1a,p1b\n|-supereffective|p1a: Ursaluna\n|-damage|p1a: Ursaluna|0 fnt\n|-heal|p2b: Sinistcha|96\/100|[from] drain|[of] p1a: Ursaluna\n|-damage|p1b: Cresselia|75\/100\n|-heal|p2b: Sinistcha|100\/100|[from] drain|[of] p1b: Cresselia\n|faint|p1a: Ursaluna\n|move|p1b: Cresselia|Ice Beam|p2b: Sinistcha\n|-supereffective|p2b: Sinistcha\n|-damage|p2b: Sinistcha|61\/100\n|\n|-heal|p2a: Gastrodon|55\/100|[from] item: Leftovers\n|-heal|p2b: Sinistcha|67\/100|[from] item: Leftovers\n|upkeep\n|inactive|MintyFresh93 has 120 seconds left.\n|\n|t:|1700572593\n|switch|p1a: Gholdengo|Gholdengo|100\/100\n|turn|8\n|\n|t:|1700572604\n|move|p2a: Gastrodon|Earth Power|p1a: Gholdengo\n|-supereffective|p1a: Gholdengo\n|-damage|p1a: Gholdengo|48\/100\n|move|p2b: Sinistcha|Life Dew|p2b: Sinistcha|[spread] p2b\n|-ability|p2a: Gastrodon|Storm Drain|boost\n|-boost|p2a: Gastrodon|spa|1\n|-heal|p2b: Sinistcha|92\/100\n|move|p1b: Cresselia|Ice Beam|p2b: Sinistcha\n|-supereffective|p2b: Sinistcha\n|-damage|p2b: Sinistcha|51\/100\n|move|p1a: Gholdengo|Shadow Ball|p2b: Sinistcha\n|-supereffective|p2b: Sinistcha\n|-damage|p2b: Sinistcha|0 fnt\n|faint|p2b: Sinistcha\n|\n|-heal|p2a: Gastrodon|62\/100|[from] item: Leftovers\n|upkeep\n|\n|t:|1700572620\n|switch|p2b: Ting-Lu|Ting-Lu|100\/100\n|-ability|p2b: Ting-Lu|Vessel of Ruin\n|turn|9\n|\n|t:|1700572630\n|move|p2a: Gastrodon|Icy Wind|p1b: Cresselia|[spread] p1a,p1b\n|-resisted|p1a: Gholdengo\n|-damage|p1a: Gholdengo|43\/100\n|-damage|p1b: Cresselia|70\/100\n|-unboost|p1a: Gholdengo|spe|1\n|-unboost|p1b: Cresselia|spe|1\n|move|p2b: Ting-Lu|Snarl|p1b: Cresselia|[spread] p1a,p1b\n|-supereffective|p1a: Gholdengo\n|-supereffective|p1b: Cresselia\n|-damage|p1a: Gholdengo|27\/100\n|-damage|p1b: Cresselia|62\/100\n|-unboost|p1a: Gholdengo|spa|1\n|-unboost|p1b: Cresselia|spa|1\n|move|p1b: Cresselia|Ice Beam|p2b: Ting-Lu\n|-supereffective|p2b: Ting-Lu\n|-damage|p2b: Ting-Lu|89\/100\n|move|p1a: Gholdengo|Shadow Ball|p2a: Gastrodon\n|-damage|p2a: Gastrodon|52\/100\n|\n|-heal|p2a: Gastrodon|58\/100|[from] item: Leftovers\n|-heal|p2b: Ting-Lu|96\/100|[from] item: Leftovers\n|upkeep\n|turn|10\n|c|\u2606MintyFresh93|gg\n|-message|MintyFresh93 forfeited.\n|\n|win|Diniz41\n|raw|MintyFresh93's rating: 1339 &rarr; <strong>1322<\/strong><br \/>(-17 for losing)\n|raw|Diniz41's rating: 1394 &rarr; <strong>1411<\/strong><br \/>(+17 for winning)\n|l|\u2606MintyFresh93\n","uploadtime":1700572661,"views":4,"p1id":"mintyfresh93","p2id":"diniz41","formatid":"gen9doublesou","rating":1322,"private":0,"password":""}