{"id":"gen9doublesou-1978588235","p1":"brockpewtercitygym","p2":"AraumC","format":"[Gen 9] Doubles OU","log":"|j|\u2606brockpewtercitygym\n|j|\u2606AraumC\n|inactive|Battle timer is ON: inactive players will automatically lose when time's up.\n|t:|1698561457\n|gametype|doubles\n|player|p1|brockpewtercitygym|brock|\n|player|p2|AraumC|psychic-gen4|\n|teamsize|p1|4\n|teamsize|p2|4\n|gen|9\n|tier|[Gen 9] Doubles OU\n|rated|Tournament battle\n|rule|Species Clause: Limit one of each Pok\u00e9mon\n|rule|OHKO Clause: OHKO moves are banned\n|rule|Evasion Moves Clause: Evasion moves are banned\n|rule|Gravity Sleep Clause: The combination of sleep-inducing moves with imperfect accuracy and Gravity or Gigantamax Orbeetle are banned\n|rule|Endless Battle Clause: Forcing endless battles is banned\n|rule|HP Percentage Mod: HP is shown in percentages\n|clearpoke\n|poke|p1|Mienshao, F|\n|poke|p1|Diglett, F|\n|poke|p1|Cinderace, M|\n|poke|p1|Morgrem, M|\n|poke|p2|Growlithe-Hisui, M|\n|poke|p2|Grotle, M|\n|poke|p2|Toxapex, F|\n|poke|p2|Grafaiai, M|\n|teampreview\n|j|*Lady Monita \u263d\n|j| Itziron\n|inactive|AraumC has 120 seconds left.\n|\n|t:|1698561490\n|start\n|switch|p1a: Diglett|Diglett, F|100\/100\n|switch|p1b: Morgrem|Morgrem, M|100\/100\n|switch|p2a: Growlithe|Growlithe-Hisui, M|100\/100\n|switch|p2b: Toxapex|Toxapex, F|100\/100\n|turn|1\n|\n|t:|1698561507\n|switch|p1b: Mienshao|Mienshao, F|100\/100\n|move|p2a: Growlithe|Protect|p2a: Growlithe\n|-singleturn|p2a: Growlithe|Protect\n|move|p1a: Diglett|Earthquake|p2b: Toxapex|[spread] p1b,p2b\n|-activate|p2a: Growlithe|move: Protect\n|-crit|p1b: Mienshao\n|-supereffective|p2b: Toxapex\n|-damage|p1b: Mienshao|30\/100\n|-damage|p2b: Toxapex|74\/100\n|move|p2b: Toxapex|Surf|p1a: Diglett|[spread] p1a,p1b\n|-activate|p2a: Growlithe|move: Protect\n|-supereffective|p1a: Diglett\n|-enditem|p1a: Diglett|Focus Sash\n|-damage|p1a: Diglett|1\/100\n|-damage|p1b: Mienshao|4\/100\n|\n|-heal|p2b: Toxapex|80\/100|[from] item: Leftovers\n|upkeep\n|turn|2\n|inactive|AraumC has 120 seconds left.\n|\n|t:|1698561545\n|move|p2b: Toxapex|Baneful Bunker|p2b: Toxapex\n|-singleturn|p2b: Toxapex|move: Protect\n|move|p1b: Mienshao|U-turn|p2b: Toxapex\n|-activate|p2b: Toxapex|move: Protect\n|-status|p1b: Mienshao|psn\n|move|p1a: Diglett|Earthquake|p2a: Growlithe|[spread] p1b,p2a\n|-activate|p2b: Toxapex|move: Protect\n|-supereffective|p2a: Growlithe\n|-damage|p1b: Mienshao|0 fnt\n|-damage|p2a: Growlithe|0 fnt\n|faint|p1b: Mienshao\n|faint|p2a: Growlithe\n|\n|-heal|p2b: Toxapex|87\/100|[from] item: Leftovers\n|upkeep\n|inactive|AraumC has 120 seconds left.\n|\n|t:|1698561567\n|switch|p1b: Morgrem|Morgrem, M|100\/100\n|switch|p2a: Grafaiai|Grafaiai, M|100\/100\n|turn|3\n|inactive|AraumC has 120 seconds left.\n|inactive|brockpewtercitygym has 120 seconds left.\n|\n|t:|1698561612\n|-terastallize|p2a: Grafaiai|Dark\n|move|p2a: Grafaiai|Encore|p1b: Morgrem\n|-hint|Since gen 7, Dark is immune to Prankster moves.\n|-immune|p1b: Morgrem\n|move|p1b: Morgrem|Thunder Wave|p2a: Grafaiai\n|-hint|Since gen 7, Dark is immune to Prankster moves.\n|-immune|p2a: Grafaiai\n|move|p1a: Diglett|Earthquake|p2a: Grafaiai|[spread] p1b,p2a,p2b\n|-supereffective|p2b: Toxapex\n|-damage|p1b: Morgrem|71\/100\n|-damage|p2a: Grafaiai|57\/100\n|-damage|p2b: Toxapex|60\/100\n|move|p2b: Toxapex|Surf|p1b: Morgrem|[spread] p2a,p1a,p1b\n|-supereffective|p1a: Diglett\n|-damage|p2a: Grafaiai|34\/100\n|-damage|p1a: Diglett|0 fnt\n|-damage|p1b: Morgrem|55\/100\n|faint|p1a: Diglett\n|\n|-heal|p2b: Toxapex|67\/100|[from] item: Leftovers\n|upkeep\n|\n|t:|1698561617\n|switch|p1a: Cinderace|Cinderace, M|100\/100\n|turn|4\n|inactive|AraumC has 120 seconds left.\n|\n|t:|1698561644\n|-terastallize|p1a: Cinderace|Fire\n|move|p2b: Toxapex|Baneful Bunker|p2b: Toxapex\n|-singleturn|p2b: Toxapex|move: Protect\n|move|p2a: Grafaiai|Toxic|p1a: Cinderace\n|-status|p1a: Cinderace|tox\n|move|p1a: Cinderace|Flare Blitz|p2b: Toxapex\n|-activate|p2b: Toxapex|move: Protect\n|move|p1b: Morgrem|Dazzling Gleam|p2b: Toxapex|[spread] p2a\n|-activate|p2b: Toxapex|move: Protect\n|-supereffective|p2a: Grafaiai\n|-damage|p2a: Grafaiai|0 fnt\n|faint|p2a: Grafaiai\n|\n|-heal|p2b: Toxapex|73\/100|[from] item: Leftovers\n|-damage|p1a: Cinderace|95\/100 tox|[from] psn\n|upkeep\n|\n|t:|1698561660\n|switch|p2a: Grotle|Grotle, M|100\/100\n|turn|5\n|inactive|AraumC has 120 seconds left.\n|j| Mezziegamer\n|\n|t:|1698561670\n|move|p1b: Morgrem|Thunder Wave|p2b: Toxapex\n|-status|p2b: Toxapex|par\n|move|p1a: Cinderace|Flare Blitz|p2a: Grotle\n|-supereffective|p2a: Grotle\n|-damage|p2a: Grotle|0 fnt\n|faint|p2a: Grotle\n|-damage|p1a: Cinderace|56\/100 tox|[from] Recoil\n|cant|p2b: Toxapex|par\n|\n|-heal|p2b: Toxapex|79\/100 par|[from] item: Leftovers\n|-damage|p1a: Cinderace|44\/100 tox|[from] psn\n|upkeep\n|turn|6\n|\n|t:|1698561683\n|cant|p2b: Toxapex|par\n|move|p1b: Morgrem|Nasty Plot|p1b: Morgrem\n|-boost|p1b: Morgrem|spa|2\n|move|p1a: Cinderace|Flare Blitz|p2b: Toxapex\n|-resisted|p2b: Toxapex\n|-damage|p2b: Toxapex|41\/100 par\n|-damage|p1a: Cinderace|31\/100 tox|[from] Recoil\n|\n|-heal|p2b: Toxapex|48\/100 par|[from] item: Leftovers\n|-damage|p1a: Cinderace|13\/100 tox|[from] psn\n|upkeep\n|turn|7\n|\n|t:|1698561695\n|cant|p2b: Toxapex|par\n|move|p1a: Cinderace|Flare Blitz|p2b: Toxapex\n|-resisted|p2b: Toxapex\n|-damage|p2b: Toxapex|14\/100 par\n|-damage|p1a: Cinderace|2\/100 tox|[from] Recoil\n|move|p1b: Morgrem|Dark Pulse|p2b: Toxapex\n|-damage|p2b: Toxapex|0 fnt\n|faint|p2b: Toxapex\n|\n|win|brockpewtercitygym\n|n|\u2606brockpewtercitygym|brockpewtercitygym\n|n|\u2606AraumC|araumc\n|n|*Lady Monita \u263d|ladymonita\n|n| Itziron|itziron\n|n| Mezziegamer|mezziegamer\n","uploadtime":1698561696,"views":23,"p1id":"brockpewtercitygym","p2id":"araumc","formatid":"gen9doublesou","rating":0,"private":0,"password":""}