{"id":"gen9doublesou-1992376653","p1":"bananabreadbitch","p2":"FireFrostDragon","format":"[Gen 9] Doubles OU","log":"|j|\u2606bananabreadbitch\n|j|\u2606FireFrostDragon\n|inactive|Battle timer is ON: inactive players will automatically lose when time's up.\n|t:|1700180467\n|gametype|doubles\n|player|p1|bananabreadbitch|mars|\n|player|p2|FireFrostDragon|acetrainerf|\n|teamsize|p1|6\n|teamsize|p2|6\n|gen|9\n|tier|[Gen 9] Doubles OU\n|rated|Tournament battle\n|rule|Species Clause: Limit one of each Pok\u00e9mon\n|rule|OHKO Clause: OHKO moves are banned\n|rule|Evasion Moves Clause: Evasion moves are banned\n|rule|Gravity Sleep Clause: The combination of sleep-inducing moves with imperfect accuracy and Gravity or Gigantamax Orbeetle are banned\n|rule|Endless Battle Clause: Forcing endless battles is banned\n|rule|HP Percentage Mod: HP is shown in percentages\n|clearpoke\n|poke|p1|Hydreigon, F|\n|poke|p1|Pelipper, F|\n|poke|p1|Scizor, F|\n|poke|p1|Overqwil, M|\n|poke|p1|Dragalge, M|\n|poke|p1|Banette, F|\n|poke|p2|Pyroar, F|\n|poke|p2|Baxcalibur, F|\n|poke|p2|Shiftry, M|\n|poke|p2|Barraskewda, F|\n|poke|p2|Slowbro-Galar, M|\n|poke|p2|Dudunsparce-*, F|\n|teampreview\n|j|*Lady Monita \u2746\n|j| Yuri134\n|j| Chaplu\n|\n|t:|1700180493\n|start\n|switch|p1a: Pelipper|Pelipper, F|100\/100\n|switch|p1b: Dragalge|Dragalge, M|100\/100\n|switch|p2a: Dudunsparce|Dudunsparce, F|100\/100\n|switch|p2b: Pyroar|Pyroar, F|100\/100\n|-ability|p2b: Pyroar|Unnerve\n|-weather|RainDance|[from] ability: Drizzle|[of] p1a: Pelipper\n|turn|1\n|j| ThatBoyBobby\n|\n|t:|1700180508\n|switch|p2b: Slowbro|Slowbro-Galar, M|100\/100\n|move|p1a: Pelipper|Hydro Pump|p2b: Slowbro\n|-damage|p2b: Slowbro|15\/100\n|move|p2a: Dudunsparce|Glare|p1a: Pelipper\n|-status|p1a: Pelipper|par\n|move|p1b: Dragalge|Draco Meteor|p2a: Dudunsparce\n|-damage|p2a: Dudunsparce|0 fnt\n|-unboost|p1b: Dragalge|spa|2\n|faint|p2a: Dudunsparce\n|\n|-weather|RainDance|[upkeep]\n|-heal|p2b: Slowbro|21\/100|[from] item: Leftovers\n|upkeep\n|j| Yeet259\n|\n|t:|1700180519\n|switch|p2a: Barraskewda|Barraskewda, F|100\/100\n|turn|2\n|\n|t:|1700180531\n|move|p2a: Barraskewda|Liquidation|p1b: Dragalge\n|-resisted|p1b: Dragalge\n|-damage|p1b: Dragalge|50\/100\n|-unboost|p1b: Dragalge|def|1\n|move|p1b: Dragalge|Draco Meteor|p2a: Barraskewda\n|-damage|p2a: Barraskewda|0 fnt\n|-unboost|p1b: Dragalge|spa|2\n|faint|p2a: Barraskewda\n|move|p2b: Slowbro|Psyshock|p1b: Dragalge\n|-supereffective|p1b: Dragalge\n|-damage|p1b: Dragalge|0 fnt\n|faint|p1b: Dragalge\n|move|p1a: Pelipper|Hurricane|p2b: Slowbro\n|-damage|p2b: Slowbro|0 fnt\n|faint|p2b: Slowbro\n|\n|-weather|RainDance|[upkeep]\n|upkeep\n|j| ishikusan\n|\n|t:|1700180548\n|switch|p2a: Shiftry|Shiftry, M|100\/100\n|switch|p1b: Scizor|Scizor, F|100\/100\n|switch|p2b: Baxcalibur|Baxcalibur, F|100\/100\n|turn|3\n|\n|t:|1700180563\n|move|p2b: Baxcalibur|Protect|p2b: Baxcalibur\n|-singleturn|p2b: Baxcalibur|Protect\n|move|p2a: Shiftry|Tailwind|p2a: Shiftry\n|-sidestart|p2: FireFrostDragon|move: Tailwind\n|-ability|p2a: Shiftry|Wind Rider|boost\n|-boost|p2a: Shiftry|atk|1\n|move|p1b: Scizor|Close Combat|p2b: Baxcalibur\n|-activate|p2b: Baxcalibur|move: Protect\n|move|p1a: Pelipper|Hurricane|p2a: Shiftry\n|-ability|p2a: Shiftry|Wind Rider|boost\n|-boost|p2a: Shiftry|atk|1\n|\n|-weather|RainDance|[upkeep]\n|upkeep\n|turn|4\n|inactive|FireFrostDragon has 120 seconds left.\n|\n|t:|1700180602\n|move|p2b: Baxcalibur|High Horsepower|p1b: Scizor\n|-damage|p1b: Scizor|66\/100\n|move|p2a: Shiftry|Knock Off|p1b: Scizor\n|-damage|p1b: Scizor|0 fnt\n|-enditem|p1b: Scizor|Choice Band|[from] move: Knock Off|[of] p2a: Shiftry\n|faint|p1b: Scizor\n|move|p1a: Pelipper|U-turn|p2a: Shiftry\n|-supereffective|p2a: Shiftry\n|-damage|p2a: Shiftry|43\/100\n|\n|t:|1700180613\n|switch|p1a: Hydreigon|Hydreigon, F|100\/100|[from] U-turn\n|\n|-weather|RainDance|[upkeep]\n|upkeep\n|\n|t:|1700180617\n|switch|p1b: Overqwil|Overqwil, M|100\/100\n|-ability|p1b: Overqwil|Intimidate|boost\n|-unboost|p2a: Shiftry|atk|1\n|-unboost|p2b: Baxcalibur|atk|1\n|turn|5\n|\n|t:|1700180632\n|move|p2b: Baxcalibur|Icicle Spear|p1a: Hydreigon\n|-supereffective|p1a: Hydreigon\n|-damage|p1a: Hydreigon|76\/100\n|-supereffective|p1a: Hydreigon\n|-damage|p1a: Hydreigon|53\/100\n|-supereffective|p1a: Hydreigon\n|-damage|p1a: Hydreigon|31\/100\n|-supereffective|p1a: Hydreigon\n|-damage|p1a: Hydreigon|9\/100\n|-supereffective|p1a: Hydreigon\n|-damage|p1a: Hydreigon|0 fnt\n|faint|p1a: Hydreigon\n|-hitcount|p1: Hydreigon|5\n|move|p2a: Shiftry|Leaf Blade|p1b: Overqwil\n|-resisted|p1b: Overqwil\n|-damage|p1b: Overqwil|80\/100\n|move|p1b: Overqwil|Gunk Shot|p2a: Shiftry\n|-supereffective|p2a: Shiftry\n|-damage|p2a: Shiftry|0 fnt\n|faint|p2a: Shiftry\n|\n|-weather|RainDance|[upkeep]\n|-heal|p1b: Overqwil|86\/100|[from] item: Black Sludge\n|upkeep\n|\n|t:|1700180649\n|switch|p1a: Banette|Banette, F|100\/100\n|switch|p2a: Pyroar|Pyroar, F|100\/100\n|-ability|p2a: Pyroar|Unnerve\n|turn|6\n|\n|t:|1700180675\n|-terastallize|p2b: Baxcalibur|Steel\n|-terastallize|p1a: Banette|Ghost\n|move|p2a: Pyroar|Tera Blast|p1b: Overqwil\n|-damage|p1b: Overqwil|17\/100\n|move|p2b: Baxcalibur|Icicle Spear|p1a: Banette\n|-damage|p1a: Banette|86\/100\n|-damage|p1a: Banette|72\/100\n|-damage|p1a: Banette|59\/100\n|-damage|p1a: Banette|44\/100\n|-hitcount|p1a: Banette|4\n|move|p1b: Overqwil|Gunk Shot|p2b: Baxcalibur\n|-immune|p2b: Baxcalibur\n|move|p1a: Banette|Poltergeist|p2b: Baxcalibur\n|-activate|p2b: Baxcalibur|move: Poltergeist|Loaded Dice\n|-damage|p2b: Baxcalibur|22\/100\n|\n|-weather|RainDance|[upkeep]\n|-heal|p1b: Overqwil|23\/100|[from] item: Black Sludge\n|-sideend|p2: FireFrostDragon|move: Tailwind\n|upkeep\n|turn|7\n|\n|t:|1700180705\n|move|p2b: Baxcalibur|Protect|p2b: Baxcalibur\n|-singleturn|p2b: Baxcalibur|Protect\n|move|p1a: Banette|Sucker Punch||[still]\n|-fail|p1a: Banette\n|move|p2a: Pyroar|Tera Blast|p1b: Overqwil\n|-damage|p1b: Overqwil|0 fnt\n|faint|p1b: Overqwil\n|\n|-weather|RainDance|[upkeep]\n|upkeep\n|\n|t:|1700180714\n|switch|p1b: Pelipper|Pelipper, F|100\/100 par\n|turn|8\n|\n|t:|1700180731\n|move|p2b: Baxcalibur|Protect||[still]\n|-fail|p2b: Baxcalibur\n|move|p1a: Banette|Sucker Punch||[still]\n|-fail|p1a: Banette\n|move|p2a: Pyroar|Tera Blast|p1b: Pelipper\n|-damage|p1b: Pelipper|19\/100 par\n|move|p1b: Pelipper|Hydro Pump|p2a: Pyroar\n|-supereffective|p2a: Pyroar\n|-damage|p2a: Pyroar|0 fnt\n|faint|p2a: Pyroar\n|\n|-weather|none\n|upkeep\n|turn|9\n|j| Im dumb srly\n|\n|t:|1700180746\n|move|p1a: Banette|Sucker Punch|p2b: Baxcalibur\n|-damage|p2b: Baxcalibur|0 fnt\n|faint|p2b: Baxcalibur\n|\n|win|bananabreadbitch\n|n|\u2606bananabreadbitch|bananabreadbitch\n|n|\u2606FireFrostDragon|firefrostdragon\n|n|*Lady Monita \u2746|ladymonita\n|n| Yuri134|yuri134\n|n| Chaplu|chaplu\n|n| ThatBoyBobby|thatboybobby\n|n| Yeet259|yeet259\n|n| ishikusan|ishikusan\n|n| Im dumb srly|imdumbsrly\n","uploadtime":1700180747,"views":7,"p1id":"bananabreadbitch","p2id":"firefrostdragon","formatid":"gen9doublesou","rating":0,"private":0,"password":""}