{"id":"gen9doublesou-1985912747","p1":"BriefMarigold4","p2":"schweep","format":"[Gen 9] Doubles OU","log":"|j|\u2606BriefMarigold4\n|j|\u2606schweep\n|t:|1699421616\n|gametype|doubles\n|player|p1|BriefMarigold4|170|1568\n|player|p2|schweep|liza|1596\n|teamsize|p1|6\n|teamsize|p2|6\n|gen|9\n|tier|[Gen 9] Doubles OU\n|rated|\n|rule|Species Clause: Limit one of each Pok\u00e9mon\n|rule|OHKO Clause: OHKO moves are banned\n|rule|Evasion Moves Clause: Evasion moves are banned\n|rule|Gravity Sleep Clause: The combination of sleep-inducing moves with imperfect accuracy and Gravity or Gigantamax Orbeetle are banned\n|rule|Endless Battle Clause: Forcing endless battles is banned\n|rule|HP Percentage Mod: HP is shown in percentages\n|clearpoke\n|poke|p1|Rillaboom, F|\n|poke|p1|Sinistcha-Masterpiece|\n|poke|p1|Snorlax, M|\n|poke|p1|Clefairy, M|\n|poke|p1|Kommo-o, M|\n|poke|p1|Landorus-Therian, M|\n|poke|p2|Chien-Pao|\n|poke|p2|Flutter Mane|\n|poke|p2|Ogerpon-Hearthflame, F|\n|poke|p2|Iron Hands|\n|poke|p2|Landorus-Therian, M|\n|poke|p2|Iron Bundle|\n|teampreview\n|inactive|Battle timer is ON: inactive players will automatically lose when time's up. (requested by schweep)\n|\n|t:|1699421630\n|start\n|switch|p1a: Rillaboom|Rillaboom, F|100\/100\n|switch|p1b: Snorlax|Snorlax, M|100\/100\n|switch|p2a: Iron Hands|Iron Hands|100\/100\n|switch|p2b: Ogerpon|Ogerpon-Hearthflame, F|100\/100\n|-ability|p2b: Ogerpon|Mold Breaker\n|-fieldstart|move: Grassy Terrain|[from] ability: Grassy Surge|[of] p1a: Rillaboom\n|turn|1\n|\n|t:|1699421644\n|move|p1a: Rillaboom|Fake Out|p2a: Iron Hands\n|-damage|p2a: Iron Hands|93\/100\n|cant|p2a: Iron Hands|flinch\n|move|p2b: Ogerpon|Swords Dance|p2b: Ogerpon\n|-boost|p2b: Ogerpon|atk|2\n|move|p1b: Snorlax|Belly Drum|p1b: Snorlax\n|-damage|p1b: Snorlax|50\/100\n|-setboost|p1b: Snorlax|atk|6|[from] move: Belly Drum\n|\n|-heal|p2a: Iron Hands|99\/100|[from] Grassy Terrain\n|-heal|p2a: Iron Hands|100\/100|[from] item: Leftovers\n|-heal|p1b: Snorlax|57\/100|[from] Grassy Terrain\n|-heal|p1b: Snorlax|63\/100|[from] item: Leftovers\n|upkeep\n|turn|2\n|\n|t:|1699421666\n|switch|p1a: Sinistcha|Sinistcha-Masterpiece|100\/100\n|-heal|p1b: Snorlax|88\/100|[from] ability: Hospitality|[of] p1a: Sinistcha\n|move|p1b: Snorlax|Protect|p1b: Snorlax\n|-singleturn|p1b: Snorlax|Protect\n|move|p2b: Ogerpon|Ivy Cudgel|p1a: Sinistcha\n|-supereffective|p1a: Sinistcha\n|-damage|p1a: Sinistcha|0 fnt\n|faint|p1a: Sinistcha\n|move|p2a: Iron Hands|Close Combat|p1b: Snorlax\n|-activate|p1b: Snorlax|move: Protect\n|\n|-heal|p1b: Snorlax|94\/100|[from] Grassy Terrain\n|-heal|p1b: Snorlax|100\/100|[from] item: Leftovers\n|upkeep\n|\n|t:|1699421683\n|switch|p1a: Rillaboom|Rillaboom, F|100\/100\n|turn|3\n|\n|t:|1699421689\n|move|p2b: Ogerpon|Spiky Shield|p2b: Ogerpon\n|-singleturn|p2b: Ogerpon|move: Protect\n|move|p1a: Rillaboom|Fake Out|p2a: Iron Hands\n|-damage|p2a: Iron Hands|93\/100\n|cant|p2a: Iron Hands|flinch\n|move|p1b: Snorlax|High Horsepower|p2a: Iron Hands\n|-supereffective|p2a: Iron Hands\n|-damage|p2a: Iron Hands|0 fnt\n|faint|p2a: Iron Hands\n|-end|p2a: Iron Hands|Quark Drive|[silent]\n|\n|upkeep\n|\n|t:|1699421699\n|switch|p2a: Iron Bundle|Iron Bundle|100\/100\n|-enditem|p2a: Iron Bundle|Booster Energy\n|-activate|p2a: Iron Bundle|ability: Quark Drive|[fromitem]\n|-start|p2a: Iron Bundle|quarkdrivespe\n|turn|4\n|\n|t:|1699421708\n|-terastallize|p2b: Ogerpon|Fire\n|detailschange|p2b: Ogerpon|Ogerpon-Hearthflame-Tera, F, tera:Fire\n|-ability|p2b: Ogerpon|Embody Aspect (Hearthflame)|boost\n|-boost|p2b: Ogerpon|atk|1\n|move|p1b: Snorlax|Protect|p1b: Snorlax\n|-singleturn|p1b: Snorlax|Protect\n|move|p1a: Rillaboom|Grassy Glide|p2a: Iron Bundle\n|-supereffective|p2a: Iron Bundle\n|-damage|p2a: Iron Bundle|0 fnt\n|faint|p2a: Iron Bundle\n|-end|p2a: Iron Bundle|Quark Drive|[silent]\n|move|p2b: Ogerpon|Ivy Cudgel|p1b: Snorlax\n|-activate|p1b: Snorlax|move: Protect\n|\n|upkeep\n|\n|t:|1699421726\n|switch|p2a: Chien-Pao|Chien-Pao|100\/100\n|-ability|p2a: Chien-Pao|Sword of Ruin\n|turn|5\n|\n|t:|1699421734\n|switch|p1a: Landorus|Landorus-Therian, M|100\/100\n|-ability|p1a: Landorus|Intimidate|boost\n|-unboost|p2a: Chien-Pao|atk|1\n|-unboost|p2b: Ogerpon|atk|1\n|move|p2a: Chien-Pao|Ice Spinner|p1a: Landorus\n|-supereffective|p1a: Landorus\n|-damage|p1a: Landorus|0 fnt\n|-fieldend|move: Grassy Terrain\n|faint|p1a: Landorus\n|move|p2b: Ogerpon|Ivy Cudgel|p1b: Snorlax\n|-damage|p1b: Snorlax|4\/100\n|move|p1b: Snorlax|High Horsepower|p2b: Ogerpon\n|-supereffective|p2b: Ogerpon\n|-damage|p2b: Ogerpon|0 fnt\n|faint|p2b: Ogerpon\n|\n|-heal|p1b: Snorlax|10\/100|[from] item: Leftovers\n|upkeep\n|c|\u2606BriefMarigold4|he\n|c|\u2606BriefMarigold4|lives\n|c|\u2606BriefMarigold4|ON\n|\n|t:|1699421753\n|switch|p2b: Flutter Mane|Flutter Mane|100\/100\n|switch|p1a: Rillaboom|Rillaboom, F|100\/100\n|-fieldstart|move: Grassy Terrain|[from] ability: Grassy Surge|[of] p1a: Rillaboom\n|-enditem|p2b: Flutter Mane|Booster Energy\n|-activate|p2b: Flutter Mane|ability: Protosynthesis|[fromitem]\n|-start|p2b: Flutter Mane|protosynthesisspe\n|turn|6\n|\n|t:|1699421771\n|move|p1b: Snorlax|Protect|p1b: Snorlax\n|-singleturn|p1b: Snorlax|Protect\n|move|p1a: Rillaboom|Fake Out|p2a: Chien-Pao\n|-damage|p2a: Chien-Pao|83\/100\n|cant|p2a: Chien-Pao|flinch\n|move|p2b: Flutter Mane|Dazzling Gleam|p1a: Rillaboom|[spread] p1a\n|-activate|p1b: Snorlax|move: Protect\n|-damage|p1a: Rillaboom|66\/100\n|\n|-heal|p2a: Chien-Pao|89\/100|[from] Grassy Terrain\n|-heal|p1a: Rillaboom|73\/100|[from] Grassy Terrain\n|-heal|p1b: Snorlax|17\/100|[from] Grassy Terrain\n|-heal|p1b: Snorlax|23\/100|[from] item: Leftovers\n|upkeep\n|turn|7\n|\n|t:|1699421793\n|switch|p1a: Clefairy|Clefairy, M|100\/100\n|move|p2b: Flutter Mane|Mystical Fire|p1a: Clefairy\n|-damage|p1a: Clefairy|81\/100\n|-unboost|p1a: Clefairy|spa|1\n|move|p2a: Chien-Pao|Sacred Sword|p1b: Snorlax\n|-supereffective|p1b: Snorlax\n|-damage|p1b: Snorlax|0 fnt\n|faint|p1b: Snorlax\n|\n|-heal|p2a: Chien-Pao|95\/100|[from] Grassy Terrain\n|-heal|p1a: Clefairy|87\/100|[from] Grassy Terrain\n|upkeep\n|\n|t:|1699421806\n|switch|p1b: Kommo-o|Kommo-o, M|100\/100\n|turn|8\n|\n|t:|1699421812\n|switch|p2a: Landorus|Landorus-Therian, M|100\/100\n|-ability|p2a: Landorus|Intimidate|boost\n|-unboost|p1a: Clefairy|atk|1\n|-unboost|p1b: Kommo-o|atk|1\n|-terastallize|p1b: Kommo-o|Fire\n|move|p2b: Flutter Mane|Dazzling Gleam|p1a: Clefairy|[spread] p1a,p1b\n|-resisted|p1b: Kommo-o\n|-damage|p1a: Clefairy|64\/100\n|-damage|p1b: Kommo-o|88\/100\n|move|p1b: Kommo-o|Clangorous Soul|p1b: Kommo-o\n|-boost|p1b: Kommo-o|atk|1\n|-boost|p1b: Kommo-o|def|1\n|-boost|p1b: Kommo-o|spa|1\n|-boost|p1b: Kommo-o|spd|1\n|-boost|p1b: Kommo-o|spe|1\n|-damage|p1b: Kommo-o|56\/100\n|-enditem|p1b: Kommo-o|Throat Spray\n|-boost|p1b: Kommo-o|spa|1|[from] item: Throat Spray\n|move|p1a: Clefairy|Heal Pulse|p1b: Kommo-o\n|-heal|p1b: Kommo-o|100\/100\n|\n|-heal|p1a: Clefairy|70\/100|[from] Grassy Terrain\n|upkeep\n|turn|9\n|\n|t:|1699421838\n|move|p2b: Flutter Mane|Protect|p2b: Flutter Mane\n|-singleturn|p2b: Flutter Mane|Protect\n|move|p1a: Clefairy|Follow Me|p1a: Clefairy\n|-singleturn|p1a: Clefairy|move: Follow Me\n|move|p2a: Landorus|Earthquake|p1b: Kommo-o|[spread] p1a,p1b\n|-activate|p2b: Flutter Mane|move: Protect\n|-supereffective|p1b: Kommo-o\n|-damage|p1a: Clefairy|52\/100\n|-damage|p1b: Kommo-o|83\/100\n|move|p1b: Kommo-o|Clangorous Soul|p1b: Kommo-o\n|-boost|p1b: Kommo-o|atk|1\n|-boost|p1b: Kommo-o|def|1\n|-boost|p1b: Kommo-o|spa|1\n|-boost|p1b: Kommo-o|spd|1\n|-boost|p1b: Kommo-o|spe|1\n|-damage|p1b: Kommo-o|50\/100\n|\n|-heal|p1b: Kommo-o|56\/100|[from] Grassy Terrain\n|-heal|p1a: Clefairy|58\/100|[from] Grassy Terrain\n|upkeep\n|turn|10\n|\n|t:|1699421861\n|switch|p2a: Chien-Pao|Chien-Pao|95\/100\n|-ability|p2a: Chien-Pao|Sword of Ruin\n|move|p1a: Clefairy|Helping Hand|p1b: Kommo-o\n|-singleturn|p1b: Kommo-o|Helping Hand|[of] p1a: Clefairy\n|move|p2b: Flutter Mane|Shadow Ball|p1a: Clefairy\n|-damage|p1a: Clefairy|28\/100\n|-unboost|p1a: Clefairy|spd|1\n|move|p1b: Kommo-o|Flamethrower|p2a: Chien-Pao\n|-supereffective|p2a: Chien-Pao\n|-damage|p2a: Chien-Pao|0 fnt\n|faint|p2a: Chien-Pao\n|\n|-heal|p1b: Kommo-o|62\/100|[from] Grassy Terrain\n|-heal|p1a: Clefairy|35\/100|[from] Grassy Terrain\n|-fieldend|move: Grassy Terrain\n|upkeep\n|inactive|schweep has 120 seconds left.\n|\n|t:|1699421877\n|switch|p2a: Landorus|Landorus-Therian, M|100\/100\n|-ability|p2a: Landorus|Intimidate|boost\n|-unboost|p1a: Clefairy|atk|1\n|-unboost|p1b: Kommo-o|atk|1\n|turn|11\n|\n|t:|1699421887\n|switch|p1a: Rillaboom|Rillaboom, F|73\/100\n|-fieldstart|move: Grassy Terrain|[from] ability: Grassy Surge|[of] p1a: Rillaboom\n|move|p1b: Kommo-o|Protect|p1b: Kommo-o\n|-singleturn|p1b: Kommo-o|Protect\n|move|p2b: Flutter Mane|Shadow Ball|p1a: Rillaboom\n|-damage|p1a: Rillaboom|26\/100\n|move|p2a: Landorus|Rock Slide|p1a: Rillaboom|[spread] p1a\n|-activate|p1b: Kommo-o|move: Protect\n|-damage|p1a: Rillaboom|7\/100\n|\n|-heal|p1b: Kommo-o|68\/100|[from] Grassy Terrain\n|-heal|p1a: Rillaboom|13\/100|[from] Grassy Terrain\n|upkeep\n|turn|12\n|\n|t:|1699421906\n|move|p1a: Rillaboom|Fake Out|p2a: Landorus\n|-damage|p2a: Landorus|86\/100\n|move|p2b: Flutter Mane|Shadow Ball|p1b: Kommo-o\n|-immune|p1b: Kommo-o|[from] ability: Bulletproof\n|move|p1b: Kommo-o|Flamethrower|p2a: Landorus\n|-damage|p2a: Landorus|0 fnt\n|faint|p2a: Landorus\n|\n|-heal|p1b: Kommo-o|75\/100|[from] Grassy Terrain\n|-heal|p1a: Rillaboom|19\/100|[from] Grassy Terrain\n|upkeep\n|turn|13\n|-message|schweep forfeited.\n|\n|win|BriefMarigold4\n|raw|BriefMarigold4's rating: 1568 &rarr; <strong>1590<\/strong><br \/>(+22 for winning)\n|raw|schweep's rating: 1596 &rarr; <strong>1574<\/strong><br \/>(-22 for losing)\n|l|\u2606schweep\n","uploadtime":1699421917,"views":11,"p1id":"briefmarigold4","p2id":"schweep","formatid":"gen9doublesou","rating":1574,"private":0,"password":""}