{"id":"gen9doublesou-1990006312","p1":"MattCol","p2":"gonegeb","format":"[Gen 9] Doubles OU","log":"|j|\u2606MattCol\n|j|\u2606gonegeb\n|t:|1699914680\n|gametype|doubles\n|player|p1|MattCol|102|\n|player|p2|gonegeb|alain|\n|teamsize|p1|6\n|teamsize|p2|6\n|gen|9\n|tier|[Gen 9] Doubles OU\n|rule|Species Clause: Limit one of each Pok\u00e9mon\n|rule|OHKO Clause: OHKO moves are banned\n|rule|Evasion Moves Clause: Evasion moves are banned\n|rule|Gravity Sleep Clause: The combination of sleep-inducing moves with imperfect accuracy and Gravity or Gigantamax Orbeetle are banned\n|rule|Endless Battle Clause: Forcing endless battles is banned\n|rule|HP Percentage Mod: HP is shown in percentages\n|clearpoke\n|poke|p1|Quaquaval, F|\n|poke|p1|Baxcalibur, M|\n|poke|p1|Cinderace, M|\n|poke|p1|Slowbro-Galar, M|\n|poke|p1|Zarude-Dada|\n|poke|p1|Pelipper, F|\n|poke|p2|Lucario, M|\n|poke|p2|Umbreon, M|\n|poke|p2|Arcanine, F|\n|poke|p2|Ceruledge, M|\n|poke|p2|Maushold|\n|poke|p2|Fezandipiti, M|\n|teampreview\n|\n|t:|1699914813\n|start\n|switch|p1a: Cinderace|Cinderace, M|100\/100\n|switch|p1b: Slowbro|Slowbro-Galar, M|100\/100\n|switch|p2a: Lucario|Lucario, M|100\/100\n|switch|p2b: Fezandipiti|Fezandipiti, M|100\/100\n|turn|1\n|l|\u2606MattCol\n|player|p1|\n|j|\u2606MattCol\n|player|p1|MattCol|102\n|\n|t:|1699915413\n|move|p1a: Cinderace|Pyro Ball|p2b: Fezandipiti\n|-damage|p2b: Fezandipiti|45\/100\n|-status|p2b: Fezandipiti|brn\n|move|p2b: Fezandipiti|Taunt|p1b: Slowbro\n|-start|p1b: Slowbro|move: Taunt\n|move|p2a: Lucario|Drain Punch|p1a: Cinderace\n|-damage|p1a: Cinderace|47\/100\n|move|p1b: Slowbro|Shadow Ball|p2b: Fezandipiti\n|-damage|p2b: Fezandipiti|24\/100 brn\n|-enditem|p2b: Fezandipiti|Mago Berry|[eat]\n|-heal|p2b: Fezandipiti|57\/100 brn|[from] item: Mago Berry\n|\n|-damage|p2b: Fezandipiti|51\/100 brn|[from] brn\n|upkeep\n|turn|2\n|\n|t:|1699915461\n|switch|p1b: Zarude|Zarude-Dada|100\/100\n|-terastallize|p2a: Lucario|Normal\n|move|p2a: Lucario|Extreme Speed|p1a: Cinderace\n|-damage|p1a: Cinderace|0 fnt\n|faint|p1a: Cinderace\n|move|p2b: Fezandipiti|Tailwind|p2b: Fezandipiti\n|-sidestart|p2: gonegeb|move: Tailwind\n|\n|-damage|p2b: Fezandipiti|45\/100 brn|[from] brn\n|upkeep\n|\n|t:|1699915521\n|switch|p1a: Baxcalibur|Baxcalibur, M|100\/100\n|turn|3\n|\n|t:|1699915532\n|-terastallize|p1a: Baxcalibur|Fairy\n|move|p2b: Fezandipiti|Beat Up|p2a: Lucario\n|-damage|p2a: Lucario|98\/100\n|-ability|p2a: Lucario|Justified|boost\n|-boost|p2a: Lucario|atk|1\n|-damage|p2a: Lucario|96\/100\n|-ability|p2a: Lucario|Justified|boost\n|-boost|p2a: Lucario|atk|1\n|-damage|p2a: Lucario|93\/100\n|-ability|p2a: Lucario|Justified|boost\n|-boost|p2a: Lucario|atk|1\n|-status|p2a: Lucario|tox|[from] ability: Toxic Chain|[of] p2b: Fezandipiti\n|-damage|p2a: Lucario|91\/100 tox\n|-ability|p2a: Lucario|Justified|boost\n|-boost|p2a: Lucario|atk|1\n|-damage|p2a: Lucario|88\/100 tox\n|-ability|p2a: Lucario|Justified|boost\n|-boost|p2a: Lucario|atk|1\n|-damage|p2a: Lucario|87\/100 tox\n|-ability|p2a: Lucario|Justified|boost\n|-boost|p2a: Lucario|atk|1\n|-hitcount|p2a: Lucario|6\n|move|p2a: Lucario|Drain Punch|p1b: Zarude\n|-supereffective|p1b: Zarude\n|-enditem|p1b: Zarude|Focus Sash\n|-damage|p1b: Zarude|1\/100\n|-heal|p2a: Lucario|100\/100 tox|[from] drain|[of] p1b: Zarude\n|move|p1b: Zarude|Drain Punch|p2a: Lucario\n|-supereffective|p2a: Lucario\n|-damage|p2a: Lucario|23\/100 tox\n|-heal|p1b: Zarude|32\/100|[from] drain|[of] p2a: Lucario\n|move|p1a: Baxcalibur|Swords Dance|p1a: Baxcalibur\n|-boost|p1a: Baxcalibur|atk|2\n|\n|-damage|p2a: Lucario|17\/100 tox|[from] psn\n|-damage|p2b: Fezandipiti|39\/100 brn|[from] brn\n|upkeep\n|turn|4\n|\n|t:|1699915571\n|move|p2a: Lucario|Protect|p2a: Lucario\n|-singleturn|p2a: Lucario|Protect\n|move|p1a: Baxcalibur|Protect|p1a: Baxcalibur\n|-singleturn|p1a: Baxcalibur|Protect\n|move|p2b: Fezandipiti|Dazzling Gleam|p1a: Baxcalibur|[spread] p1b\n|-activate|p1a: Baxcalibur|move: Protect\n|-supereffective|p1b: Zarude\n|-damage|p1b: Zarude|0 fnt\n|faint|p1b: Zarude\n|\n|-damage|p2a: Lucario|5\/100 tox|[from] psn\n|-damage|p2b: Fezandipiti|33\/100 brn|[from] brn\n|upkeep\n|\n|t:|1699915586\n|switch|p1b: Pelipper|Pelipper, F|100\/100\n|-weather|RainDance|[from] ability: Drizzle|[of] p1b: Pelipper\n|turn|5\n|\n|t:|1699915606\n|move|p2a: Lucario|Extreme Speed|p1b: Pelipper\n|-damage|p1b: Pelipper|0 fnt\n|faint|p1b: Pelipper\n|move|p2b: Fezandipiti|Dazzling Gleam|p1a: Baxcalibur\n|-damage|p1a: Baxcalibur|78\/100\n|move|p1a: Baxcalibur|Icicle Spear|p2b: Fezandipiti\n|-damage|p2b: Fezandipiti|2\/100 brn\n|-damage|p2b: Fezandipiti|0 fnt\n|faint|p2b: Fezandipiti\n|-hitcount|p2: Fezandipiti|2\n|\n|-weather|RainDance|[upkeep]\n|-damage|p2a: Lucario|0 fnt|[from] psn\n|faint|p2a: Lucario\n|-sideend|p2: gonegeb|move: Tailwind\n|upkeep\n|\n|t:|1699915625\n|switch|p2b: Umbreon|Umbreon, M, shiny|100\/100\n|switch|p2a: Maushold|Maushold|100\/100\n|switch|p1b: Quaquaval|Quaquaval, F|100\/100\n|turn|6\n|\n|t:|1699915678\n|move|p2a: Maushold|Taunt|p1b: Quaquaval\n|-start|p1b: Quaquaval|move: Taunt\n|cant|p1b: Quaquaval|move: Taunt|Bulk Up\n|move|p1a: Baxcalibur|Icicle Spear|p2b: Umbreon\n|-damage|p2b: Umbreon|79\/100\n|-damage|p2b: Umbreon|59\/100\n|-damage|p2b: Umbreon|39\/100\n|-damage|p2b: Umbreon|18\/100\n|-hitcount|p2b: Umbreon|4\n|move|p2b: Umbreon|Foul Play|p1a: Baxcalibur\n|-resisted|p1a: Baxcalibur\n|-crit|p1a: Baxcalibur\n|-damage|p1a: Baxcalibur|0 fnt\n|faint|p1a: Baxcalibur\n|\n|-weather|RainDance|[upkeep]\n|-heal|p2b: Umbreon|24\/100|[from] item: Leftovers\n|upkeep\n|\n|t:|1699915698\n|switch|p1a: Slowbro|Slowbro-Galar, M|100\/100\n|turn|7\n|c|\u2606gonegeb|quit shaking in your boot\n|\n|t:|1699917034\n|switch|p2b: Arcanine|Arcanine, F, shiny|100\/100\n|-ability|p2b: Arcanine|Intimidate|boost\n|-unboost|p1a: Slowbro|atk|1\n|-unboost|p1b: Quaquaval|atk|1\n|move|p2a: Maushold|Follow Me|p2a: Maushold\n|-singleturn|p2a: Maushold|move: Follow Me\n|move|p1b: Quaquaval|Aqua Step|p2a: Maushold\n|-damage|p2a: Maushold|49\/100\n|-boost|p1b: Quaquaval|spe|1\n|-enditem|p2a: Maushold|Sitrus Berry|[eat]\n|-heal|p2a: Maushold|74\/100|[from] item: Sitrus Berry\n|-heal|p2a: Maushold|100\/100|[from] ability: Cheek Pouch\n|move|p1a: Slowbro|Nasty Plot|p1a: Slowbro\n|-boost|p1a: Slowbro|spa|2\n|\n|-weather|RainDance|[upkeep]\n|upkeep\n|turn|8\n|l|\u2606MattCol\n|player|p1|\n|j|\u2606MattCol\n|player|p1|MattCol|102\n|\n|t:|1699917728\n|move|p1b: Quaquaval|Aqua Step|p2b: Arcanine\n|-supereffective|p2b: Arcanine\n|-damage|p2b: Arcanine|40\/100\n|-boost|p1b: Quaquaval|spe|1\n|-enditem|p2b: Arcanine|Sitrus Berry|[eat]\n|-heal|p2b: Arcanine|65\/100|[from] item: Sitrus Berry\n|move|p2a: Maushold|Encore|p1a: Slowbro\n|-start|p1a: Slowbro|Encore\n|move|p2b: Arcanine|Will-O-Wisp|p1b: Quaquaval\n|-status|p1b: Quaquaval|brn\n|move|p1a: Slowbro|Nasty Plot|p1a: Slowbro\n|-boost|p1a: Slowbro|spa|2\n|\n|-weather|RainDance|[upkeep]\n|-damage|p1b: Quaquaval|94\/100 brn|[from] brn\n|-end|p1b: Quaquaval|move: Taunt\n|upkeep\n|turn|9\n|l|\u2606MattCol\n|player|p1|\n|j|\u2606MattCol\n|player|p1|MattCol|102\n|\n|t:|1699917944\n|switch|p2b: Ceruledge|Ceruledge, M, shiny|100\/100\n|move|p1b: Quaquaval|Close Combat|p2a: Maushold\n|-supereffective|p2a: Maushold\n|-damage|p2a: Maushold|49\/100\n|-unboost|p1b: Quaquaval|def|1\n|-unboost|p1b: Quaquaval|spd|1\n|move|p2a: Maushold|Taunt|p1b: Quaquaval\n|-start|p1b: Quaquaval|move: Taunt\n|move|p1a: Slowbro|Nasty Plot|p1a: Slowbro\n|-boost|p1a: Slowbro|spa|2\n|\n|-weather|none\n|-heal|p1b: Quaquaval|100\/100 brn|[from] item: Leftovers\n|-damage|p1b: Quaquaval|94\/100 brn|[from] brn\n|upkeep\n|turn|10\n|\n|t:|1699918019\n|switch|p2b: Arcanine|Arcanine, F, shiny|65\/100\n|-ability|p2b: Arcanine|Intimidate|boost\n|-unboost|p1a: Slowbro|atk|1\n|-unboost|p1b: Quaquaval|atk|1\n|move|p1b: Quaquaval|Close Combat|p2a: Maushold\n|-supereffective|p2a: Maushold\n|-damage|p2a: Maushold|13\/100\n|-unboost|p1b: Quaquaval|def|1\n|-unboost|p1b: Quaquaval|spd|1\n|move|p2a: Maushold|Encore|p1b: Quaquaval\n|-start|p1b: Quaquaval|Encore\n|move|p1a: Slowbro|Nasty Plot|p1a: Slowbro\n|-boost|p1a: Slowbro|spa|0\n|\n|-heal|p1b: Quaquaval|100\/100 brn|[from] item: Leftovers\n|-damage|p1b: Quaquaval|94\/100 brn|[from] brn\n|-end|p1a: Slowbro|Encore\n|upkeep\n|turn|11\n|\n|t:|1699918079\n|switch|p2b: Ceruledge|Ceruledge, M, shiny|100\/100\n|move|p1b: Quaquaval|Close Combat|p2a: Maushold\n|-supereffective|p2a: Maushold\n|-damage|p2a: Maushold|0 fnt\n|-unboost|p1b: Quaquaval|def|1\n|-unboost|p1b: Quaquaval|spd|1\n|faint|p2a: Maushold\n|-ability|p1b: Quaquaval|Moxie|boost\n|-boost|p1b: Quaquaval|atk|1\n|move|p1a: Slowbro|Shell Side Arm|p2b: Ceruledge|[anim] Shell Side Arm Special\n|-resisted|p2b: Ceruledge\n|-damage|p2b: Ceruledge|35\/100\n|-hint|Special Shell Side Arm\n|\n|-heal|p1b: Quaquaval|100\/100 brn|[from] item: Leftovers\n|-damage|p1b: Quaquaval|94\/100 brn|[from] brn\n|upkeep\n|\n|t:|1699918114\n|switch|p2a: Umbreon|Umbreon, M, shiny|24\/100\n|turn|12\n|\n|t:|1699918133\n|move|p2a: Umbreon|Protect|p2a: Umbreon\n|-singleturn|p2a: Umbreon|Protect\n|move|p2b: Ceruledge|Shadow Sneak|p1a: Slowbro\n|-supereffective|p1a: Slowbro\n|-damage|p1a: Slowbro|67\/100\n|move|p1b: Quaquaval|Close Combat|p2a: Umbreon\n|-activate|p2a: Umbreon|move: Protect\n|move|p1a: Slowbro|Surf|p2a: Umbreon|[spread] p1b,p2b\n|-activate|p2a: Umbreon|move: Protect\n|-resisted|p1b: Quaquaval\n|-supereffective|p2b: Ceruledge\n|-damage|p1b: Quaquaval|0 fnt\n|-damage|p2b: Ceruledge|0 fnt\n|faint|p1b: Quaquaval\n|faint|p2b: Ceruledge\n|\n|-heal|p2a: Umbreon|30\/100|[from] item: Leftovers\n|upkeep\n|\n|t:|1699918145\n|switch|p2b: Arcanine|Arcanine, F, shiny|65\/100\n|-ability|p2b: Arcanine|Intimidate|boost\n|-unboost|p1a: Slowbro|atk|1\n|turn|13\n|\n|t:|1699918156\n|move|p2b: Arcanine|Morning Sun|p2b: Arcanine\n|-heal|p2b: Arcanine|100\/100\n|move|p2a: Umbreon|Yawn|p1a: Slowbro\n|-start|p1a: Slowbro|move: Yawn|[of] p2a: Umbreon\n|move|p1a: Slowbro|Surf|p2b: Arcanine|[spread] p2a,p2b\n|-supereffective|p2b: Arcanine\n|-damage|p2a: Umbreon|0 fnt\n|-damage|p2b: Arcanine|0 fnt\n|faint|p2a: Umbreon\n|faint|p2b: Arcanine\n|\n|win|MattCol\n|l|\u2606gonegeb\n|l|\u2606MattCol\n|j|\u2606MattCol\n|player|p1|MattCol|102\n","uploadtime":1699918469,"views":7,"p1id":"mattcol","p2id":"gonegeb","formatid":"gen9doublesou","rating":0,"private":0,"password":""}