{"id":"gen9doublesou-1989971601","p1":"Tomioka1122","p2":"IcarusTheClown","format":"[Gen 9] Doubles OU","log":"|j|\u2606Tomioka1122\n|j|\u2606IcarusTheClown\n|t:|1699911386\n|gametype|doubles\n|player|p1|Tomioka1122|266|1000\n|player|p2|IcarusTheClown|harlequin|1081\n|teamsize|p1|6\n|teamsize|p2|6\n|gen|9\n|tier|[Gen 9] Doubles OU\n|rated|\n|rule|Species Clause: Limit one of each Pok\u00e9mon\n|rule|OHKO Clause: OHKO moves are banned\n|rule|Evasion Moves Clause: Evasion moves are banned\n|rule|Gravity Sleep Clause: The combination of sleep-inducing moves with imperfect accuracy and Gravity or Gigantamax Orbeetle are banned\n|rule|Endless Battle Clause: Forcing endless battles is banned\n|rule|HP Percentage Mod: HP is shown in percentages\n|clearpoke\n|poke|p1|Flutter Mane|\n|poke|p1|Iron Moth|\n|poke|p1|Breloom, M|\n|poke|p1|Indeedee-F, F|\n|poke|p1|Armarouge, F|\n|poke|p1|Maushold|\n|poke|p2|Rillaboom, F|\n|poke|p2|Ninetales-Alola, M|\n|poke|p2|Baxcalibur, F|\n|poke|p2|Iron Hands|\n|poke|p2|Goodra-Hisui, M|\n|poke|p2|Milotic, F|\n|teampreview\n|\n|t:|1699911405\n|start\n|switch|p1a: Flutter Mane|Flutter Mane|100\/100\n|switch|p1b: Iron Moth|Iron Moth|100\/100\n|switch|p2a: Milotic|Milotic, F|100\/100\n|switch|p2b: Rillaboom|Rillaboom, F|100\/100\n|-fieldstart|move: Grassy Terrain|[from] ability: Grassy Surge|[of] p2b: Rillaboom\n|turn|1\n|\n|t:|1699911427\n|move|p1a: Flutter Mane|Calm Mind|p1a: Flutter Mane\n|-boost|p1a: Flutter Mane|spa|1\n|-boost|p1a: Flutter Mane|spd|1\n|move|p2b: Rillaboom|Swords Dance|p2b: Rillaboom\n|-boost|p2b: Rillaboom|atk|2\n|move|p1b: Iron Moth|Acid Spray|p2a: Milotic\n|-damage|p2a: Milotic|84\/100\n|-unboost|p2a: Milotic|spd|2\n|-ability|p2a: Milotic|Competitive|boost\n|-boost|p2a: Milotic|spa|2\n|move|p2a: Milotic|Coil|p2a: Milotic\n|-boost|p2a: Milotic|atk|1\n|-boost|p2a: Milotic|def|1\n|-boost|p2a: Milotic|accuracy|1\n|\n|-heal|p2a: Milotic|90\/100|[from] Grassy Terrain\n|-heal|p2a: Milotic|96\/100|[from] item: Leftovers\n|upkeep\n|turn|2\n|\n|t:|1699911468\n|move|p2b: Rillaboom|Grassy Glide|p1a: Flutter Mane\n|-damage|p1a: Flutter Mane|0 fnt\n|faint|p1a: Flutter Mane\n|-end|p1a: Flutter Mane|Protosynthesis|[silent]\n|move|p1b: Iron Moth|Dazzling Gleam|p2b: Rillaboom|[spread] p2a,p2b\n|-damage|p2a: Milotic|64\/100\n|-damage|p2b: Rillaboom|72\/100\n|move|p2a: Milotic|Blizzard|p1b: Iron Moth\n|-resisted|p1b: Iron Moth\n|-damage|p1b: Iron Moth|75\/100\n|\n|-heal|p2b: Rillaboom|78\/100|[from] Grassy Terrain\n|-heal|p1b: Iron Moth|82\/100|[from] Grassy Terrain\n|-heal|p2a: Milotic|70\/100|[from] Grassy Terrain\n|-heal|p2a: Milotic|76\/100|[from] item: Leftovers\n|upkeep\n|\n|t:|1699911487\n|switch|p1a: Indeedee|Indeedee-F, F|100\/100\n|-fieldstart|move: Psychic Terrain|[from] ability: Psychic Surge|[of] p1a: Indeedee\n|turn|3\n|\n|t:|1699911501\n|switch|p2b: Ninetales|Ninetales-Alola, M|100\/100\n|-weather|Snow|[from] ability: Snow Warning|[of] p2b: Ninetales\n|move|p1a: Indeedee|Reflect|p1a: Indeedee\n|-sidestart|p1: Tomioka1122|Reflect\n|move|p1b: Iron Moth|Fiery Dance|p2b: Ninetales\n|-supereffective|p2b: Ninetales\n|-damage|p2b: Ninetales|0 fnt\n|-boost|p1b: Iron Moth|spa|1\n|faint|p2b: Ninetales\n|move|p2a: Milotic|Hypnosis|p1b: Iron Moth\n|-status|p1b: Iron Moth|slp|[from] move: Hypnosis\n|\n|-weather|Snow|[upkeep]\n|-heal|p2a: Milotic|82\/100|[from] item: Leftovers\n|upkeep\n|\n|t:|1699911518\n|switch|p2b: Baxcalibur|Baxcalibur, F|100\/100\n|turn|4\n|\n|t:|1699911543\n|move|p2b: Baxcalibur|Scale Shot|p1a: Indeedee\n|-damage|p1a: Indeedee|87\/100\n|-damage|p1a: Indeedee|74\/100\n|-damage|p1a: Indeedee|61\/100\n|-damage|p1a: Indeedee|47\/100\n|-hitcount|p1a: Indeedee|4\n|-unboost|p2b: Baxcalibur|def|1\n|-boost|p2b: Baxcalibur|spe|1\n|move|p1a: Indeedee|Light Screen|p1a: Indeedee\n|-sidestart|p1: Tomioka1122|move: Light Screen\n|cant|p1b: Iron Moth|slp\n|move|p2a: Milotic|Hydro Pump|p1b: Iron Moth\n|-supereffective|p1b: Iron Moth\n|-damage|p1b: Iron Moth|0 fnt\n|faint|p1b: Iron Moth\n|-end|p1b: Iron Moth|Quark Drive|[silent]\n|\n|-weather|Snow|[upkeep]\n|-heal|p2a: Milotic|89\/100|[from] item: Leftovers\n|upkeep\n|\n|t:|1699911574\n|switch|p1b: Armarouge|Armarouge, F|100\/100\n|turn|5\n|\n|t:|1699911594\n|-terastallize|p2b: Baxcalibur|Ground\n|move|p1a: Indeedee|Protect|p1a: Indeedee\n|-singleturn|p1a: Indeedee|Protect\n|move|p2b: Baxcalibur|Scale Shot|p1b: Armarouge|[miss]\n|-miss|p2b: Baxcalibur|p1b: Armarouge\n|move|p2a: Milotic|Hypnosis|p1b: Armarouge\n|-status|p1b: Armarouge|slp|[from] move: Hypnosis\n|cant|p1b: Armarouge|slp\n|\n|-weather|Snow|[upkeep]\n|-heal|p2a: Milotic|95\/100|[from] item: Leftovers\n|upkeep\n|turn|6\n|\n|t:|1699911629\n|move|p2b: Baxcalibur|Icicle Spear|p1a: Indeedee\n|-damage|p1a: Indeedee|32\/100\n|-damage|p1a: Indeedee|18\/100\n|-enditem|p1a: Indeedee|Aguav Berry|[eat]\n|-heal|p1a: Indeedee|51\/100|[from] item: Aguav Berry\n|-damage|p1a: Indeedee|37\/100\n|-damage|p1a: Indeedee|24\/100\n|-hitcount|p1a: Indeedee|4\n|move|p1a: Indeedee|Heal Pulse|p1b: Armarouge\n|-fail|p1b: Armarouge|heal\n|move|p2a: Milotic|Hydro Pump|p1b: Armarouge\n|-supereffective|p1b: Armarouge\n|-enditem|p1b: Armarouge|Focus Sash\n|-damage|p1b: Armarouge|1\/100 slp\n|cant|p1b: Armarouge|slp\n|\n|-weather|Snow|[upkeep]\n|-heal|p2a: Milotic|100\/100|[from] item: Leftovers\n|upkeep\n|turn|7\n|\n|t:|1699911657\n|switch|p2b: Rillaboom|Rillaboom, F|78\/100\n|-fieldstart|move: Grassy Terrain|[from] ability: Grassy Surge|[of] p2b: Rillaboom\n|move|p1a: Indeedee|Heal Pulse|p1b: Armarouge\n|-heal|p1b: Armarouge|51\/100 slp\n|move|p2a: Milotic|Blizzard|p1b: Armarouge|[spread] p1a,p1b\n|-resisted|p1b: Armarouge\n|-damage|p1a: Indeedee|0 fnt\n|-damage|p1b: Armarouge|37\/100 slp\n|faint|p1a: Indeedee\n|-curestatus|p1b: Armarouge|slp|[msg]\n|move|p1b: Armarouge|Armor Cannon|p2b: Rillaboom\n|-supereffective|p2b: Rillaboom\n|-damage|p2b: Rillaboom|0 fnt\n|-unboost|p1b: Armarouge|def|1\n|-unboost|p1b: Armarouge|spd|1\n|faint|p2b: Rillaboom\n|\n|-weather|none\n|-heal|p1b: Armarouge|43\/100|[from] Grassy Terrain\n|-sideend|p1: Tomioka1122|Reflect\n|upkeep\n|\n|t:|1699911683\n|switch|p2b: Goodra|Goodra-Hisui, M|100\/100\n|switch|p1a: Maushold|Maushold|100\/100\n|turn|8\n|\n|t:|1699911702\n|move|p1a: Maushold|Tidy Up|p1a: Maushold\n|-boost|p1a: Maushold|atk|1\n|-boost|p1a: Maushold|spe|1\n|move|p2a: Milotic|Hypnosis|p1b: Armarouge\n|-status|p1b: Armarouge|slp|[from] move: Hypnosis\n|cant|p1b: Armarouge|slp\n|move|p2b: Goodra|Shelter|p2b: Goodra\n|-boost|p2b: Goodra|def|2\n|\n|-heal|p1b: Armarouge|49\/100 slp|[from] Grassy Terrain\n|-sideend|p1: Tomioka1122|move: Light Screen\n|upkeep\n|turn|9\n|\n|t:|1699911729\n|move|p1a: Maushold|Population Bomb|p2a: Milotic\n|-damage|p2a: Milotic|96\/100\n|-damage|p2a: Milotic|90\/100\n|-damage|p2a: Milotic|85\/100\n|-damage|p2a: Milotic|80\/100\n|-damage|p2a: Milotic|74\/100\n|-damage|p2a: Milotic|69\/100\n|-damage|p2a: Milotic|64\/100\n|-damage|p2a: Milotic|59\/100\n|-damage|p2a: Milotic|53\/100\n|-damage|p2a: Milotic|48\/100\n|-hitcount|p2a: Milotic|10\n|move|p2a: Milotic|Hydro Pump|p1b: Armarouge\n|-supereffective|p1b: Armarouge\n|-damage|p1b: Armarouge|0 fnt\n|faint|p1b: Armarouge\n|move|p2b: Goodra|Body Press|p1a: Maushold\n|-supereffective|p1a: Maushold\n|-damage|p1a: Maushold|0 fnt\n|faint|p1a: Maushold\n|\n|-heal|p2a: Milotic|55\/100|[from] Grassy Terrain\n|-heal|p2a: Milotic|61\/100|[from] item: Leftovers\n|upkeep\n|\n|t:|1699911756\n|switch|p1b: Breloom|Breloom, M|100\/100\n|turn|10\n|\n|t:|1699911766\n|move|p2a: Milotic|Blizzard|p1b: Breloom\n|-supereffective|p1b: Breloom\n|-damage|p1b: Breloom|0 fnt\n|faint|p1b: Breloom\n|\n|win|IcarusTheClown\n|raw|Tomioka1122's rating: 1000 &rarr; <strong>1000<\/strong><br \/>(+0 for losing)\n|raw|IcarusTheClown's rating: 1081 &rarr; <strong>1102<\/strong><br \/>(+21 for winning)\n|l|\u2606Tomioka1122\n","uploadtime":1699911777,"views":6,"p1id":"tomioka1122","p2id":"icarustheclown","formatid":"gen9doublesou","rating":1000,"private":0,"password":""}