{"id":"gen9doublesou-1970353184","p1":"RocketsViability","p2":"Tumble01","format":"[Gen 9] Doubles OU","log":"|j|\u2606RocketsViability\n|j|\u2606Tumble01\n|t:|1697631078\n|gametype|doubles\n|player|p1|RocketsViability|266|1105\n|player|p2|Tumble01|266|1040\n|teamsize|p1|6\n|teamsize|p2|6\n|gen|9\n|tier|[Gen 9] Doubles OU\n|rated|\n|rule|Species Clause: Limit one of each Pok\u00e9mon\n|rule|OHKO Clause: OHKO moves are banned\n|rule|Evasion Moves Clause: Evasion moves are banned\n|rule|Gravity Sleep Clause: The combination of sleep-inducing moves with imperfect accuracy and Gravity or Gigantamax Orbeetle are banned\n|rule|Endless Battle Clause: Forcing endless battles is banned\n|rule|HP Percentage Mod: HP is shown in percentages\n|clearpoke\n|poke|p1|Ninetales-Alola, F|\n|poke|p1|Trevenant, M|\n|poke|p1|Goodra-Hisui, F|\n|poke|p1|Sandslash-Alola, M|\n|poke|p1|Torterra, F|\n|poke|p1|Empoleon, F|\n|poke|p2|Kommo-o, F|\n|poke|p2|Quaquaval, F|\n|poke|p2|Oricorio-Sensu, F|\n|poke|p2|Lilligant-Hisui, F|\n|poke|p2|Iron Moth|\n|poke|p2|Cresselia, F|\n|teampreview\n|\n|t:|1697631108\n|start\n|switch|p1a: Torterra|Torterra, F|100\/100\n|switch|p1b: Trevenant|Trevenant, M|100\/100\n|switch|p2a: Oricorio|Oricorio-Sensu, F|100\/100\n|switch|p2b: Lilligant|Lilligant-Hisui, F|100\/100\n|turn|1\n|\n|t:|1697631143\n|move|p2b: Lilligant|Victory Dance|p2b: Lilligant\n|-boost|p2b: Lilligant|atk|1\n|-boost|p2b: Lilligant|def|1\n|-boost|p2b: Lilligant|spe|1\n|-activate|p2a: Oricorio|ability: Dancer\n|move|p2a: Oricorio|Victory Dance|p2a: Oricorio|[from]ability: Dancer\n|-boost|p2a: Oricorio|atk|1\n|-boost|p2a: Oricorio|def|1\n|-boost|p2a: Oricorio|spe|1\n|move|p2a: Oricorio|Baton Pass|p2a: Oricorio\n|\n|t:|1697631176\n|switch|p2a: Iron Moth|Iron Moth|100\/100|[from] Baton Pass\n|-enditem|p2a: Iron Moth|Booster Energy\n|-activate|p2a: Iron Moth|ability: Quark Drive|[fromitem]\n|-start|p2a: Iron Moth|quarkdrivespe\n|move|p1a: Torterra|Rock Blast|p2a: Iron Moth\n|-supereffective|p2a: Iron Moth\n|-damage|p2a: Iron Moth|79\/100\n|-supereffective|p2a: Iron Moth\n|-crit|p2a: Iron Moth\n|-damage|p2a: Iron Moth|33\/100\n|-supereffective|p2a: Iron Moth\n|-damage|p2a: Iron Moth|14\/100\n|-supereffective|p2a: Iron Moth\n|-damage|p2a: Iron Moth|0 fnt\n|faint|p2a: Iron Moth\n|-end|p2a: Iron Moth|Quark Drive|[silent]\n|-hitcount|p2: Iron Moth|4\n|move|p1b: Trevenant|Disable|p2b: Lilligant\n|-start|p2b: Lilligant|Disable|Victory Dance\n|\n|upkeep\n|\n|t:|1697631194\n|switch|p2a: Oricorio|Oricorio-Sensu, F|100\/100\n|turn|2\n|\n|t:|1697631210\n|move|p2b: Lilligant|Axe Kick|p1b: Trevenant\n|-immune|p1b: Trevenant\n|-damage|p2b: Lilligant|51\/100|[from] highjumpkick\n|move|p2a: Oricorio|Fly||[still]\n|-prepare|p2a: Oricorio|Fly\n|move|p1a: Torterra|Shell Smash|p1a: Torterra\n|-unboost|p1a: Torterra|def|1\n|-unboost|p1a: Torterra|spd|1\n|-boost|p1a: Torterra|atk|2\n|-boost|p1a: Torterra|spa|2\n|-boost|p1a: Torterra|spe|2\n|move|p1b: Trevenant|Toxic|p2a: Oricorio|[miss]\n|-miss|p1b: Trevenant|p2a: Oricorio\n|\n|upkeep\n|turn|3\n|\n|t:|1697631226\n|move|p1b: Trevenant|Ally Switch|p1b: Trevenant\n|swap|p1b: Trevenant|0|[from] move: Ally Switch\n|move|p2b: Lilligant|Axe Kick|p1a: Trevenant\n|-immune|p1a: Trevenant\n|-damage|p2b: Lilligant|1\/100|[from] highjumpkick\n|move|p1b: Torterra|Rock Blast|p2a: Oricorio|[miss]\n|-miss|p1b: Torterra|p2a: Oricorio\n|move|p2a: Oricorio|Fly|p1a: Trevenant|[from]lockedmove\n|-supereffective|p1a: Trevenant\n|-damage|p1a: Trevenant|43\/100\n|-enditem|p1a: Trevenant|Sitrus Berry|[eat]\n|-heal|p1a: Trevenant|68\/100|[from] item: Sitrus Berry\n|\n|upkeep\n|turn|4\n|\n|t:|1697631250\n|move|p2b: Lilligant|Teeter Dance|p1a: Trevenant|[spread] p2a,p1a,p1b\n|-start|p2a: Oricorio|confusion\n|-start|p1a: Trevenant|confusion\n|-start|p1b: Torterra|confusion\n|-activate|p2a: Oricorio|ability: Dancer\n|-activate|p2a: Oricorio|confusion\n|-damage|p2a: Oricorio|88\/100|[from] confusion\n|-activate|p1b: Torterra|confusion\n|-damage|p1b: Torterra|62\/100|[from] confusion\n|-activate|p2a: Oricorio|confusion\n|move|p2a: Oricorio|Quiver Dance|p2a: Oricorio\n|-boost|p2a: Oricorio|spa|1\n|-boost|p2a: Oricorio|spd|1\n|-boost|p2a: Oricorio|spe|1\n|-activate|p1a: Trevenant|confusion\n|move|p1a: Trevenant|Toxic|p2a: Oricorio\n|-status|p2a: Oricorio|tox\n|\n|-heal|p2a: Oricorio|94\/100 tox|[from] item: Leftovers\n|-damage|p2a: Oricorio|88\/100 tox|[from] psn\n|-item|p1a: Trevenant|Sitrus Berry|[from] ability: Harvest\n|upkeep\n|turn|5\n|\n|t:|1697631280\n|-activate|p1a: Trevenant|confusion\n|move|p1a: Trevenant|Ally Switch|p1a: Trevenant\n|swap|p1a: Trevenant|1|[from] move: Ally Switch\n|move|p2b: Lilligant|Axe Kick|p1b: Trevenant\n|-immune|p1b: Trevenant\n|-damage|p2b: Lilligant|0 fnt|[from] highjumpkick\n|faint|p2b: Lilligant\n|-activate|p2a: Oricorio|confusion\n|move|p2a: Oricorio|Revelation Dance|p1a: Torterra\n|-damage|p1a: Torterra|0 fnt\n|faint|p1a: Torterra\n|\n|-heal|p2a: Oricorio|94\/100 tox|[from] item: Leftovers\n|-damage|p2a: Oricorio|82\/100 tox|[from] psn\n|upkeep\n|\n|t:|1697631298\n|switch|p2b: Quaquaval|Quaquaval, F|100\/100\n|switch|p1a: Ninetales|Ninetales-Alola, F|100\/100\n|-weather|Snow|[from] ability: Snow Warning|[of] p1a: Ninetales\n|turn|6\n|c|\u2606RocketsViability|poor lilligant\n|\n|t:|1697631311\n|-terastallize|p2a: Oricorio|Fighting\n|-end|p2a: Oricorio|confusion\n|move|p2a: Oricorio|Revelation Dance|p1a: Ninetales\n|-damage|p1a: Ninetales|35\/100\n|move|p1a: Ninetales|Aurora Veil|p1a: Ninetales\n|-sidestart|p1: RocketsViability|move: Aurora Veil\n|move|p2b: Quaquaval|Rain Dance|p2b: Quaquaval\n|-weather|RainDance\n|-activate|p1b: Trevenant|confusion\n|-damage|p1b: Trevenant|56\/100|[from] confusion\n|\n|-weather|RainDance|[upkeep]\n|-heal|p2a: Oricorio|88\/100 tox|[from] item: Leftovers\n|-damage|p2a: Oricorio|69\/100 tox|[from] psn\n|upkeep\n|turn|7\n|\n|t:|1697631333\n|-activate|p1b: Trevenant|confusion\n|move|p1b: Trevenant|Ally Switch|p1b: Trevenant\n|swap|p1b: Trevenant|0|[from] move: Ally Switch\n|move|p2a: Oricorio|Revelation Dance|p1a: Trevenant\n|-immune|p1a: Trevenant\n|move|p1b: Ninetales|Blizzard|p2b: Quaquaval|[spread] p2a\n|-miss|p1b: Ninetales|p2b: Quaquaval\n|-damage|p2a: Oricorio|41\/100 tox\n|move|p2b: Quaquaval|Aqua Step|p1b: Ninetales\n|-damage|p1b: Ninetales|0 fnt\n|-boost|p2b: Quaquaval|spe|1\n|faint|p1b: Ninetales\n|-ability|p2b: Quaquaval|Moxie|boost\n|-boost|p2b: Quaquaval|atk|1\n|-activate|p2a: Oricorio|ability: Dancer\n|move|p2a: Oricorio|Aqua Step|p1a: Trevenant|[from]ability: Dancer\n|-resisted|p1a: Trevenant\n|-damage|p1a: Trevenant|48\/100\n|-boost|p2a: Oricorio|spe|1\n|-enditem|p1a: Trevenant|Sitrus Berry|[eat]\n|-heal|p1a: Trevenant|73\/100|[from] item: Sitrus Berry\n|\n|-weather|RainDance|[upkeep]\n|-heal|p2a: Oricorio|48\/100 tox|[from] item: Leftovers\n|-damage|p2a: Oricorio|23\/100 tox|[from] psn\n|upkeep\n|\n|t:|1697631348\n|switch|p1b: Empoleon|Empoleon, F|100\/100\n|turn|8\n|\n|t:|1697631366\n|move|p1b: Empoleon|Protect|p1b: Empoleon\n|-singleturn|p1b: Empoleon|Protect\n|move|p2a: Oricorio|Revelation Dance|p1b: Empoleon\n|-activate|p1b: Empoleon|move: Protect\n|move|p2b: Quaquaval|Baton Pass|p2b: Quaquaval\n|\n|t:|1697631373\n|switch|p2b: Cresselia|Cresselia, F|100\/100|[from] Baton Pass\n|-end|p1a: Trevenant|confusion\n|move|p1a: Trevenant|Horn Leech|p2b: Cresselia\n|-damage|p2b: Cresselia|75\/100\n|-heal|p1a: Trevenant|86\/100|[from] drain|[of] p2b: Cresselia\n|-enditem|p2b: Cresselia|Red Card|[of] p1a: Trevenant\n|drag|p1a: Goodra|Goodra-Hisui, F|100\/100\n|\n|-weather|RainDance|[upkeep]\n|-heal|p2a: Oricorio|29\/100 tox|[from] item: Leftovers\n|-damage|p2a: Oricorio|0 fnt|[from] psn\n|faint|p2a: Oricorio\n|upkeep\n|\n|t:|1697631387\n|switch|p2a: Kommo-o|Kommo-o, F|100\/100\n|turn|9\n|\n|t:|1697631399\n|move|p2b: Cresselia|Lunar Dance|p2b: Cresselia\n|faint|p2b: Cresselia\n|move|p2a: Kommo-o|Clangorous Soul|p2a: Kommo-o\n|-boost|p2a: Kommo-o|atk|1\n|-boost|p2a: Kommo-o|def|1\n|-boost|p2a: Kommo-o|spa|1\n|-boost|p2a: Kommo-o|spd|1\n|-boost|p2a: Kommo-o|spe|1\n|-damage|p2a: Kommo-o|68\/100\n|move|p1a: Goodra|Blizzard|p2a: Kommo-o\n|-supereffective|p2a: Kommo-o\n|-damage|p2a: Kommo-o|17\/100\n|move|p1b: Empoleon|Blizzard|p2a: Kommo-o\n|-supereffective|p2a: Kommo-o\n|-damage|p2a: Kommo-o|0 fnt\n|faint|p2a: Kommo-o\n|\n|-weather|RainDance|[upkeep]\n|upkeep\n|\n|t:|1697631416\n|switch|p2a: Quaquaval|Quaquaval, F|100\/100\n|turn|10\n|\n|t:|1697631426\n|move|p2a: Quaquaval|Aqua Step|p1a: Goodra\n|-resisted|p1a: Goodra\n|-damage|p1a: Goodra|83\/100\n|-boost|p2a: Quaquaval|spe|1\n|-damage|p2a: Quaquaval|84\/100|[from] item: Rocky Helmet|[of] p1a: Goodra\n|move|p1b: Empoleon|Air Slash|p2a: Quaquaval\n|-supereffective|p2a: Quaquaval\n|-damage|p2a: Quaquaval|19\/100\n|move|p1a: Goodra|Weather Ball|p2a: Quaquaval\n|-resisted|p2a: Quaquaval\n|-damage|p2a: Quaquaval|0 fnt\n|faint|p2a: Quaquaval\n|\n|win|RocketsViability\n|raw|RocketsViability's rating: 1105 &rarr; <strong>1125<\/strong><br \/>(+20 for winning)\n|raw|Tumble01's rating: 1040 &rarr; <strong>1027<\/strong><br \/>(-13 for losing)\n|l|\u2606Tumble01\n","uploadtime":1697631439,"views":6,"p1id":"rocketsviability","p2id":"tumble01","formatid":"gen9doublesou","rating":1027,"private":0,"password":""}