{"id":"gen9doublesou-1994195442","p1":"McCraleb","p2":"Blooga","format":"[Gen 9] Doubles OU","log":"|j|\u2606McCraleb\n|j|\u2606Blooga\n|t:|1700417659\n|gametype|doubles\n|player|p1|McCraleb|koga|1086\n|player|p2|Blooga|plasmagruntf-gen5bw|1078\n|teamsize|p1|6\n|teamsize|p2|6\n|gen|9\n|tier|[Gen 9] Doubles OU\n|rated|\n|rule|Species Clause: Limit one of each Pok\u00e9mon\n|rule|OHKO Clause: OHKO moves are banned\n|rule|Evasion Moves Clause: Evasion moves are banned\n|rule|Gravity Sleep Clause: The combination of sleep-inducing moves with imperfect accuracy and Gravity or Gigantamax Orbeetle are banned\n|rule|Endless Battle Clause: Forcing endless battles is banned\n|rule|HP Percentage Mod: HP is shown in percentages\n|clearpoke\n|poke|p1|Maushold-Four|\n|poke|p1|Sudowoodo, F|\n|poke|p1|Indeedee-F, F|\n|poke|p1|Arcanine, M|\n|poke|p1|Aipom, M|\n|poke|p1|Slowbro-Galar, F|\n|poke|p2|Shiftry, M|\n|poke|p2|Tornadus, M|\n|poke|p2|Ogerpon-Wellspring, F|\n|poke|p2|Farigiraf, M|\n|poke|p2|Chien-Pao|\n|poke|p2|Clefairy, F|\n|teampreview\n|inactive|Battle timer is ON: inactive players will automatically lose when time's up. (requested by Blooga)\n|\n|t:|1700417681\n|start\n|switch|p1a: Aipom|Aipom, M, shiny|100\/100\n|switch|p1b: Arcanine|Arcanine, M|100\/100\n|switch|p2a: Ogerpon|Ogerpon-Wellspring, F|100\/100\n|switch|p2b: Chien-Pao|Chien-Pao|100\/100\n|-ability|p2b: Chien-Pao|Sword of Ruin\n|turn|1\n|\n|t:|1700417706\n|-terastallize|p1b: Arcanine|Grass\n|move|p1a: Aipom|Beat Up|p1b: Arcanine\n|-damage|p1b: Arcanine|97\/100\n|-ability|p1b: Arcanine|Justified|boost\n|-boost|p1b: Arcanine|atk|1\n|-damage|p1b: Arcanine|91\/100\n|-ability|p1b: Arcanine|Justified|boost\n|-boost|p1b: Arcanine|atk|1\n|-damage|p1b: Arcanine|88\/100\n|-ability|p1b: Arcanine|Justified|boost\n|-boost|p1b: Arcanine|atk|1\n|-damage|p1b: Arcanine|83\/100\n|-ability|p1b: Arcanine|Justified|boost\n|-boost|p1b: Arcanine|atk|1\n|-damage|p1b: Arcanine|79\/100\n|-ability|p1b: Arcanine|Justified|boost\n|-boost|p1b: Arcanine|atk|1\n|-crit|p1b: Arcanine\n|-damage|p1b: Arcanine|72\/100\n|-ability|p1b: Arcanine|Justified|boost\n|-boost|p1b: Arcanine|atk|1\n|-hitcount|p1b: Arcanine|6\n|move|p2b: Chien-Pao|Sacred Sword|p1a: Aipom\n|-supereffective|p1a: Aipom\n|-damage|p1a: Aipom|0 fnt\n|faint|p1a: Aipom\n|move|p1b: Arcanine|Flame Charge|p2b: Chien-Pao\n|-supereffective|p2b: Chien-Pao\n|-enditem|p2b: Chien-Pao|Focus Sash\n|-damage|p2b: Chien-Pao|1\/100\n|-boost|p1b: Arcanine|spe|1\n|move|p2a: Ogerpon|Ivy Cudgel|p1b: Arcanine|[anim] Ivy Cudgel Water\n|-resisted|p1b: Arcanine\n|-damage|p1b: Arcanine|22\/100\n|\n|upkeep\n|inactive|McCraleb has 120 seconds left.\n|\n|t:|1700417736\n|switch|p1a: Indeedee|Indeedee-F, F, shiny|100\/100\n|-fieldstart|move: Psychic Terrain|[from] ability: Psychic Surge|[of] p1a: Indeedee\n|turn|2\n|inactive|McCraleb has 120 seconds left.\n|\n|t:|1700417750\n|move|p1b: Arcanine|Protect|p1b: Arcanine\n|-singleturn|p1b: Arcanine|Protect\n|move|p2b: Chien-Pao|Protect|p2b: Chien-Pao\n|-singleturn|p2b: Chien-Pao|Protect\n|move|p2a: Ogerpon|Spiky Shield|p2a: Ogerpon\n|-singleturn|p2a: Ogerpon|move: Protect\n|move|p1a: Indeedee|Psych Up|p1b: Arcanine\n|-copyboost|p1a: Indeedee|p1b: Arcanine|[from] move: Psych Up\n|\n|upkeep\n|turn|3\n|inactive|McCraleb has 120 seconds left.\n|\n|t:|1700417784\n|switch|p2b: Clefairy|Clefairy, F|100\/100\n|move|p1b: Arcanine|Flame Charge|p2b: Clefairy\n|-damage|p2b: Clefairy|16\/100\n|-boost|p1b: Arcanine|spe|1\n|move|p1a: Indeedee|Stored Power|p2a: Ogerpon\n|-damage|p2a: Ogerpon|54\/100\n|move|p2a: Ogerpon|Ivy Cudgel|p1b: Arcanine|[anim] Ivy Cudgel Water\n|-resisted|p1b: Arcanine\n|-damage|p1b: Arcanine|0 fnt\n|faint|p1b: Arcanine\n|\n|upkeep\n|inactive|McCraleb has 120 seconds left.\n|\n|t:|1700417806\n|switch|p1b: Maushold|Maushold-Four, shiny|100\/100\n|turn|4\n|inactive|McCraleb has 120 seconds left.\n|\n|t:|1700417827\n|move|p1b: Maushold|Protect|p1b: Maushold\n|-singleturn|p1b: Maushold|Protect\n|move|p2b: Clefairy|Follow Me|p2b: Clefairy\n|-singleturn|p2b: Clefairy|move: Follow Me\n|move|p1a: Indeedee|Baton Pass|p1a: Indeedee\n|\n|t:|1700417832\n|switch|p1a: Slowbro|Slowbro-Galar, F|100\/100|[from] Baton Pass\n|move|p2a: Ogerpon|Horn Leech|p1a: Slowbro\n|-resisted|p1a: Slowbro\n|-damage|p1a: Slowbro|86\/100\n|-heal|p2a: Ogerpon|62\/100|[from] drain|[of] p1a: Slowbro\n|\n|upkeep\n|turn|5\n|inactive|McCraleb has 120 seconds left.\n|-activate|p1a: Slowbro|item: Quick Claw\n|\n|t:|1700417862\n|switch|p1b: Indeedee|Indeedee-F, F, shiny|100\/100\n|move|p1a: Slowbro|Drain Punch|p2a: Ogerpon\n|-damage|p2a: Ogerpon|3\/100\n|-heal|p1a: Slowbro|100\/100|[from] drain|[of] p2a: Ogerpon\n|move|p2a: Ogerpon|Ivy Cudgel|p1a: Slowbro|[anim] Ivy Cudgel Water\n|-damage|p1a: Slowbro|50\/100\n|move|p2b: Clefairy|Life Dew|p2b: Clefairy|[spread] p2b\n|-heal|p2a: Ogerpon|28\/100|[from] ability: Water Absorb|[of] p2b: Clefairy\n|-heal|p2b: Clefairy|41\/100\n|\n|upkeep\n|turn|6\n|inactive|McCraleb has 120 seconds left.\n|\n|t:|1700417885\n|move|p2a: Ogerpon|Spiky Shield|p2a: Ogerpon\n|-singleturn|p2a: Ogerpon|move: Protect\n|move|p1b: Indeedee|Psych Up|p1a: Slowbro\n|-copyboost|p1b: Indeedee|p1a: Slowbro|[from] move: Psych Up\n|move|p1a: Slowbro|Shell Side Arm|p2a: Ogerpon|[anim] Shell Side Arm Physical\n|-activate|p2a: Ogerpon|move: Protect\n|-damage|p1a: Slowbro|38\/100|[from] Spiky Shield|[of] p2a: Ogerpon\n|move|p2b: Clefairy|Life Dew|p2b: Clefairy|[spread] p2b\n|-heal|p2a: Ogerpon|53\/100|[from] ability: Water Absorb|[of] p2b: Clefairy\n|-heal|p2b: Clefairy|66\/100\n|\n|-fieldend|move: Psychic Terrain\n|upkeep\n|turn|7\n|inactive|McCraleb has 120 seconds left.\n|\n|t:|1700417913\n|move|p2b: Clefairy|Follow Me|p2b: Clefairy\n|-singleturn|p2b: Clefairy|move: Follow Me\n|move|p1b: Indeedee|Baton Pass|p1b: Indeedee\n|\n|t:|1700417916\n|switch|p1b: Sudowoodo|Sudowoodo, F|100\/100|[from] Baton Pass\n|move|p2a: Ogerpon|Horn Leech|p1a: Slowbro\n|-resisted|p1a: Slowbro\n|-damage|p1a: Slowbro|18\/100\n|-heal|p2a: Ogerpon|64\/100|[from] drain|[of] p1a: Slowbro\n|move|p1a: Slowbro|Shell Side Arm|p2b: Clefairy|[anim] Shell Side Arm Physical\n|-supereffective|p2b: Clefairy\n|-damage|p2b: Clefairy|0 fnt\n|-hint|Physical Shell Side Arm\n|faint|p2b: Clefairy\n|\n|upkeep\n|\n|t:|1700417920\n|switch|p2b: Chien-Pao|Chien-Pao|1\/100\n|-ability|p2b: Chien-Pao|Sword of Ruin\n|turn|8\n|\n|t:|1700417949\n|move|p2b: Chien-Pao|Protect|p2b: Chien-Pao\n|-singleturn|p2b: Chien-Pao|Protect\n|move|p2a: Ogerpon|Horn Leech|p1a: Slowbro\n|-resisted|p1a: Slowbro\n|-damage|p1a: Slowbro|0 fnt\n|-heal|p2a: Ogerpon|73\/100|[from] drain|[of] p1a: Slowbro\n|faint|p1a: Slowbro\n|move|p1b: Sudowoodo|Rock Slide|p2b: Chien-Pao|[spread] p2a\n|-activate|p2b: Chien-Pao|move: Protect\n|-crit|p2a: Ogerpon\n|-damage|p2a: Ogerpon|0 fnt\n|faint|p2a: Ogerpon\n|\n|upkeep\n|\n|t:|1700417965\n|switch|p2a: Tornadus|Tornadus, M|100\/100\n|switch|p1a: Maushold|Maushold-Four, shiny|100\/100\n|turn|9\n|\n|t:|1700417976\n|move|p1a: Maushold|Beat Up|p1b: Sudowoodo\n|-damage|p1b: Sudowoodo|99\/100\n|-ability|p1b: Sudowoodo|Rattled|boost\n|-boost|p1b: Sudowoodo|spe|1\n|-damage|p1b: Sudowoodo|97\/100\n|-ability|p1b: Sudowoodo|Rattled|boost\n|-boost|p1b: Sudowoodo|spe|1\n|-damage|p1b: Sudowoodo|96\/100\n|-ability|p1b: Sudowoodo|Rattled|boost\n|-boost|p1b: Sudowoodo|spe|1\n|-hitcount|p1b: Sudowoodo|3\n|move|p2b: Chien-Pao|Sacred Sword|p1b: Sudowoodo\n|-supereffective|p1b: Sudowoodo\n|-damage|p1b: Sudowoodo|39\/100\n|-enditem|p1b: Sudowoodo|Weakness Policy\n|-boost|p1b: Sudowoodo|atk|0\n|-boost|p1b: Sudowoodo|spa|2|[from] item: Weakness Policy\n|move|p2a: Tornadus|Bleakwind Storm|p1b: Sudowoodo|[spread] p1a,p1b\n|-resisted|p1b: Sudowoodo\n|-damage|p1a: Maushold|51\/100\n|-damage|p1b: Sudowoodo|17\/100\n|move|p1b: Sudowoodo|Rock Slide|p2a: Tornadus|[spread] p2a\n|-miss|p1b: Sudowoodo|p2b: Chien-Pao\n|-supereffective|p2a: Tornadus\n|-damage|p2a: Tornadus|0 fnt\n|faint|p2a: Tornadus\n|\n|upkeep\n|\n|t:|1700417981\n|switch|p2a: Shiftry|Shiftry, M|100\/100\n|turn|10\n|\n|t:|1700418006\n|move|p2a: Shiftry|Fake Out|p1b: Sudowoodo\n|-resisted|p1b: Sudowoodo\n|-damage|p1b: Sudowoodo|11\/100\n|move|p1a: Maushold|Follow Me|p1a: Maushold\n|-singleturn|p1a: Maushold|move: Follow Me\n|move|p2b: Chien-Pao|Sacred Sword|p1a: Maushold\n|-supereffective|p1a: Maushold\n|-damage|p1a: Maushold|0 fnt\n|faint|p1a: Maushold\n|cant|p1b: Sudowoodo|flinch\n|\n|upkeep\n|\n|t:|1700418016\n|switch|p1a: Indeedee|Indeedee-F, F, shiny|100\/100\n|-fieldstart|move: Psychic Terrain|[from] ability: Psychic Surge|[of] p1a: Indeedee\n|turn|11\n|\n|t:|1700418029\n|move|p1a: Indeedee|Follow Me|p1a: Indeedee\n|-singleturn|p1a: Indeedee|move: Follow Me\n|move|p2b: Chien-Pao|Sacred Sword|p1a: Indeedee\n|-damage|p1a: Indeedee|42\/100\n|-damage|p2b: Chien-Pao|0 fnt|[from] item: Rocky Helmet|[of] p1a: Indeedee\n|faint|p2b: Chien-Pao\n|move|p1b: Sudowoodo|Drain Punch|p2a: Shiftry\n|-supereffective|p2a: Shiftry\n|-damage|p2a: Shiftry|0 fnt\n|-heal|p1b: Sudowoodo|67\/100|[from] drain|[of] p2a: Shiftry\n|faint|p2a: Shiftry\n|\n|upkeep\n|\n|t:|1700418032\n|switch|p2b: Farigiraf|Farigiraf, M|100\/100\n|turn|12\n|inactive|McCraleb has 120 seconds left.\n|\n|t:|1700418068\n|move|p1b: Sudowoodo|Protect|p1b: Sudowoodo\n|-singleturn|p1b: Sudowoodo|Protect\n|move|p1a: Indeedee|Psych Up|p1b: Sudowoodo\n|-copyboost|p1a: Indeedee|p1b: Sudowoodo|[from] move: Psych Up\n|move|p2b: Farigiraf|Nasty Plot|p2b: Farigiraf\n|-boost|p2b: Farigiraf|spa|2\n|\n|upkeep\n|turn|13\n|\n|t:|1700418086\n|move|p1a: Indeedee|Stored Power|p2b: Farigiraf\n|-resisted|p2b: Farigiraf\n|-crit|p2b: Farigiraf\n|-damage|p2b: Farigiraf|0 fnt\n|faint|p2b: Farigiraf\n|\n|win|McCraleb\n|raw|McCraleb's rating: 1086 &rarr; <strong>1112<\/strong><br \/>(+26 for winning)\n|raw|Blooga's rating: 1078 &rarr; <strong>1057<\/strong><br \/>(-21 for losing)\n|l|\u2606Blooga\n","uploadtime":1700418287,"views":8,"p1id":"mccraleb","p2id":"blooga","formatid":"gen9doublesou","rating":1057,"private":0,"password":""}