{"id":"gen9doublesou-1995477949","p1":"Sir Avinity","p2":"ReaperELY","format":"[Gen 9] Doubles OU","log":"|j|\u2606Sir Avinity\n|j|\u2606ReaperELY\n|t:|1700575229\n|gametype|doubles\n|player|p1|Sir Avinity|101|1000\n|player|p2|ReaperELY|102|1026\n|teamsize|p1|6\n|teamsize|p2|6\n|gen|9\n|tier|[Gen 9] Doubles OU\n|rated|\n|rule|Species Clause: Limit one of each Pok\u00e9mon\n|rule|OHKO Clause: OHKO moves are banned\n|rule|Evasion Moves Clause: Evasion moves are banned\n|rule|Gravity Sleep Clause: The combination of sleep-inducing moves with imperfect accuracy and Gravity or Gigantamax Orbeetle are banned\n|rule|Endless Battle Clause: Forcing endless battles is banned\n|rule|HP Percentage Mod: HP is shown in percentages\n|clearpoke\n|poke|p1|Amoonguss, F|\n|poke|p1|Flutter Mane|\n|poke|p1|Landorus-Therian, M|\n|poke|p1|Cresselia, F|\n|poke|p1|Grimmsnarl, M|\n|poke|p1|Heatran, F|\n|poke|p2|Oricorio-Pom-Pom, M|\n|poke|p2|Volcarona, M|\n|poke|p2|Dragapult, M|\n|poke|p2|Salazzle, F|\n|poke|p2|Azumarill, F|\n|poke|p2|Kingambit, M|\n|teampreview\n|\n|t:|1700575245\n|start\n|switch|p1a: Amoonguss|Amoonguss, F, shiny|100\/100\n|switch|p1b: Cresselia|Cresselia, F, shiny|100\/100\n|switch|p2a: Volcarona|Volcarona, M|100\/100\n|switch|p2b: Oricorio|Oricorio-Pom-Pom, M|100\/100\n|turn|1\n|\n|t:|1700575265\n|move|p1a: Amoonguss|Protect|p1a: Amoonguss\n|-singleturn|p1a: Amoonguss|Protect\n|move|p2a: Volcarona|Quiver Dance|p2a: Volcarona\n|-boost|p2a: Volcarona|spa|1\n|-boost|p2a: Volcarona|spd|1\n|-boost|p2a: Volcarona|spe|1\n|-activate|p2b: Oricorio|ability: Dancer\n|move|p2b: Oricorio|Quiver Dance|p2b: Oricorio|[from]ability: Dancer\n|-boost|p2b: Oricorio|spa|1\n|-boost|p2b: Oricorio|spd|1\n|-boost|p2b: Oricorio|spe|1\n|move|p2b: Oricorio|Revelation Dance|p1b: Cresselia\n|-damage|p1b: Cresselia|55\/100\n|move|p1b: Cresselia|Trick Room|p1b: Cresselia\n|-fieldstart|move: Trick Room|[of] p1b: Cresselia\n|\n|upkeep\n|turn|2\n|\n|t:|1700575287\n|move|p1a: Amoonguss|Rage Powder|p1a: Amoonguss\n|-singleturn|p1a: Amoonguss|move: Rage Powder\n|move|p1b: Cresselia|Calm Mind|p1b: Cresselia\n|-boost|p1b: Cresselia|spa|1\n|-boost|p1b: Cresselia|spd|1\n|move|p2b: Oricorio|Revelation Dance|p1a: Amoonguss\n|-resisted|p1a: Amoonguss\n|-damage|p1a: Amoonguss|74\/100\n|move|p2a: Volcarona|Quiver Dance|p2a: Volcarona\n|-boost|p2a: Volcarona|spa|1\n|-boost|p2a: Volcarona|spd|1\n|-boost|p2a: Volcarona|spe|1\n|-activate|p2b: Oricorio|ability: Dancer\n|move|p2b: Oricorio|Quiver Dance|p2b: Oricorio|[from]ability: Dancer\n|-boost|p2b: Oricorio|spa|1\n|-boost|p2b: Oricorio|spd|1\n|-boost|p2b: Oricorio|spe|1\n|\n|upkeep\n|turn|3\n|\n|t:|1700575316\n|move|p1a: Amoonguss|Spore|p2b: Oricorio\n|-status|p2b: Oricorio|slp|[from] move: Spore\n|move|p1b: Cresselia|Psyshock|p2b: Oricorio\n|-damage|p2b: Oricorio|17\/100 slp\n|cant|p2b: Oricorio|slp\n|move|p2a: Volcarona|Quiver Dance|p2a: Volcarona\n|-boost|p2a: Volcarona|spa|1\n|-boost|p2a: Volcarona|spd|1\n|-boost|p2a: Volcarona|spe|1\n|-activate|p2b: Oricorio|ability: Dancer\n|-curestatus|p2b: Oricorio|slp|[msg]\n|move|p2b: Oricorio|Quiver Dance|p2b: Oricorio|[from]ability: Dancer\n|-boost|p2b: Oricorio|spa|1\n|-boost|p2b: Oricorio|spd|1\n|-boost|p2b: Oricorio|spe|1\n|\n|upkeep\n|turn|4\n|\n|t:|1700575352\n|move|p1a: Amoonguss|Rage Powder|p1a: Amoonguss\n|-singleturn|p1a: Amoonguss|move: Rage Powder\n|move|p1b: Cresselia|Psyshock|p2b: Oricorio\n|-damage|p2b: Oricorio|0 fnt\n|faint|p2b: Oricorio\n|move|p2a: Volcarona|Quiver Dance|p2a: Volcarona\n|-boost|p2a: Volcarona|spa|1\n|-boost|p2a: Volcarona|spd|1\n|-boost|p2a: Volcarona|spe|1\n|\n|upkeep\n|\n|t:|1700575369\n|switch|p2b: Dragapult|Dragapult, M|100\/100\n|turn|5\n|\n|t:|1700575385\n|move|p1a: Amoonguss|Spore|p2a: Volcarona\n|-status|p2a: Volcarona|slp|[from] move: Spore\n|move|p1b: Cresselia|Psyshock|p2a: Volcarona\n|-damage|p2a: Volcarona|21\/100 slp\n|move|p2b: Dragapult|Outrage|p1b: Cresselia\n|-damage|p1b: Cresselia|16\/100\n|cant|p2a: Volcarona|slp\n|\n|-fieldend|move: Trick Room\n|upkeep\n|turn|6\n|\n|t:|1700575404\n|cant|p2a: Volcarona|slp\n|move|p2b: Dragapult|Outrage|p1a: Amoonguss|[from]lockedmove\n|-damage|p1a: Amoonguss|24\/100\n|-enditem|p1a: Amoonguss|Wiki Berry|[eat]\n|-heal|p1a: Amoonguss|57\/100|[from] item: Wiki Berry\n|-start|p2b: Dragapult|confusion|[fatigue]\n|move|p1a: Amoonguss|Sludge Bomb|p2a: Volcarona\n|-damage|p2a: Volcarona|10\/100 slp\n|move|p1b: Cresselia|Trick Room|p1b: Cresselia\n|-fieldstart|move: Trick Room|[of] p1b: Cresselia\n|\n|upkeep\n|turn|7\n|\n|t:|1700575430\n|switch|p2a: Salazzle|Salazzle, F, shiny|100\/100\n|-activate|p2b: Dragapult|confusion\n|move|p2b: Dragapult|Sucker Punch|p1b: Cresselia\n|-supereffective|p1b: Cresselia\n|-damage|p1b: Cresselia|0 fnt\n|faint|p1b: Cresselia\n|move|p1a: Amoonguss|Spore|p2b: Dragapult\n|-status|p2b: Dragapult|slp|[from] move: Spore\n|\n|upkeep\n|\n|t:|1700575454\n|switch|p1b: Flutter Mane|Flutter Mane|100\/100\n|-enditem|p1b: Flutter Mane|Booster Energy\n|-activate|p1b: Flutter Mane|ability: Protosynthesis|[fromitem]\n|-start|p1b: Flutter Mane|protosynthesisspa\n|turn|8\n|\n|t:|1700575478\n|move|p1a: Amoonguss|Protect|p1a: Amoonguss\n|-singleturn|p1a: Amoonguss|Protect\n|cant|p2b: Dragapult|slp\n|move|p1b: Flutter Mane|Calm Mind|p1b: Flutter Mane\n|-boost|p1b: Flutter Mane|spa|1\n|-boost|p1b: Flutter Mane|spd|1\n|move|p2a: Salazzle|Gunk Shot|p1b: Flutter Mane\n|-damage|p1b: Flutter Mane|47\/100\n|-status|p1b: Flutter Mane|psn\n|\n|-damage|p1b: Flutter Mane|34\/100 psn|[from] psn\n|upkeep\n|turn|9\n|\n|t:|1700575496\n|move|p1a: Amoonguss|Sludge Bomb|p2b: Dragapult\n|-resisted|p2b: Dragapult\n|-damage|p2b: Dragapult|82\/100 slp\n|move|p1b: Flutter Mane|Dazzling Gleam|p2b: Dragapult|[spread] p2a,p2b\n|-resisted|p2a: Salazzle\n|-supereffective|p2b: Dragapult\n|-damage|p2a: Salazzle|75\/100\n|-damage|p2b: Dragapult|0 fnt\n|faint|p2b: Dragapult\n|move|p2a: Salazzle|Burning Jealousy|p1b: Flutter Mane|[spread] p1a,p1b\n|-supereffective|p1a: Amoonguss\n|-damage|p1a: Amoonguss|28\/100\n|-damage|p1b: Flutter Mane|23\/100 psn\n|\n|-heal|p2a: Salazzle|81\/100|[from] item: Leftovers\n|-damage|p1b: Flutter Mane|10\/100 psn|[from] psn\n|upkeep\n|\n|t:|1700575512\n|switch|p2b: Volcarona|Volcarona, M|10\/100 slp\n|turn|10\n|\n|t:|1700575523\n|move|p1a: Amoonguss|Spore|p2a: Salazzle\n|-status|p2a: Salazzle|slp|[from] move: Spore\n|move|p1b: Flutter Mane|Dazzling Gleam|p2a: Salazzle|[spread] p2a,p2b\n|-resisted|p2a: Salazzle\n|-resisted|p2b: Volcarona\n|-damage|p2a: Salazzle|57\/100 slp\n|-damage|p2b: Volcarona|0 fnt\n|faint|p2b: Volcarona\n|cant|p2a: Salazzle|slp\n|\n|-heal|p2a: Salazzle|63\/100 slp|[from] item: Leftovers\n|-damage|p1b: Flutter Mane|0 fnt|[from] psn\n|faint|p1b: Flutter Mane\n|-end|p1b: Flutter Mane|Protosynthesis|[silent]\n|-fieldend|move: Trick Room\n|upkeep\n|\n|t:|1700575547\n|switch|p2b: Azumarill|Azumarill, F|100\/100\n|switch|p1b: Heatran|Heatran, F, shiny|100\/100\n|turn|11\n|\n|t:|1700575565\n|-terastallize|p1b: Heatran|Grass\n|move|p1a: Amoonguss|Rage Powder|p1a: Amoonguss\n|-singleturn|p1a: Amoonguss|move: Rage Powder\n|cant|p2a: Salazzle|slp\n|move|p1b: Heatran|Tera Blast|p2b: Azumarill|[anim] Tera Blast Grass\n|-supereffective|p2b: Azumarill\n|-damage|p2b: Azumarill|36\/100\n|move|p2b: Azumarill|Brick Break|p1a: Amoonguss\n|-resisted|p1a: Amoonguss\n|-damage|p1a: Amoonguss|24\/100\n|\n|-heal|p2a: Salazzle|69\/100 slp|[from] item: Leftovers\n|upkeep\n|turn|12\n|\n|t:|1700575591\n|move|p1a: Amoonguss|Protect|p1a: Amoonguss\n|-singleturn|p1a: Amoonguss|Protect\n|-curestatus|p2a: Salazzle|slp|[msg]\n|move|p2a: Salazzle|Burning Jealousy|p1b: Heatran|[spread] \n|-activate|p1a: Amoonguss|move: Protect\n|-start|p1b: Heatran|ability: Flash Fire\n|move|p1b: Heatran|Tera Blast|p2b: Azumarill|[anim] Tera Blast Grass\n|-supereffective|p2b: Azumarill\n|-damage|p2b: Azumarill|0 fnt\n|faint|p2b: Azumarill\n|\n|-heal|p2a: Salazzle|75\/100|[from] item: Leftovers\n|upkeep\n|\n|t:|1700575606\n|switch|p2b: Kingambit|Kingambit, M|100\/100\n|-activate|p2b: Kingambit|ability: Supreme Overlord\n|-start|p2b: Kingambit|fallen4|[silent]\n|turn|13\n|\n|t:|1700575629\n|move|p2a: Salazzle|Gunk Shot|p1b: Heatran\n|-supereffective|p1b: Heatran\n|-damage|p1b: Heatran|52\/100\n|move|p1b: Heatran|Earth Power|p2b: Kingambit\n|-supereffective|p2b: Kingambit\n|-damage|p2b: Kingambit|36\/100\n|move|p2b: Kingambit|Kowtow Cleave|p1a: Amoonguss\n|-damage|p1a: Amoonguss|0 fnt\n|faint|p1a: Amoonguss\n|\n|-heal|p2a: Salazzle|82\/100|[from] item: Leftovers\n|upkeep\n|\n|t:|1700575639\n|switch|p1a: Landorus|Landorus-Therian, M, shiny|100\/100\n|-ability|p1a: Landorus|Intimidate|boost\n|-unboost|p2a: Salazzle|atk|1\n|-unboost|p2b: Kingambit|atk|1\n|turn|14\n|\n|t:|1700575656\n|move|p1a: Landorus|U-turn|p2b: Kingambit\n|-damage|p2b: Kingambit|17\/100\n|\n|t:|1700575661\n|switch|p1a: Grimmsnarl|Grimmsnarl, M, shiny|100\/100|[from] U-turn\n|move|p2a: Salazzle|Gunk Shot|p1b: Heatran\n|-supereffective|p1b: Heatran\n|-damage|p1b: Heatran|21\/100\n|move|p1b: Heatran|Earth Power|p2b: Kingambit\n|-supereffective|p2b: Kingambit\n|-damage|p2b: Kingambit|0 fnt\n|faint|p2b: Kingambit\n|-end|p2b: Kingambit|fallen4|[silent]\n|\n|-heal|p2a: Salazzle|88\/100|[from] item: Leftovers\n|upkeep\n|turn|15\n|\n|t:|1700575680\n|move|p2a: Salazzle|Gunk Shot|p1b: Heatran\n|-supereffective|p1b: Heatran\n|-damage|p1b: Heatran|0 fnt\n|faint|p1b: Heatran\n|move|p1a: Grimmsnarl|Play Rough|p2a: Salazzle\n|-resisted|p2a: Salazzle\n|-damage|p2a: Salazzle|73\/100\n|\n|-heal|p2a: Salazzle|79\/100|[from] item: Leftovers\n|upkeep\n|\n|t:|1700575688\n|switch|p1b: Landorus|Landorus-Therian, M, shiny|100\/100\n|-ability|p1b: Landorus|Intimidate|boost\n|-unboost|p2a: Salazzle|atk|1\n|turn|16\n|\n|t:|1700575713\n|move|p1a: Grimmsnarl|Light Screen|p1a: Grimmsnarl\n|-sidestart|p1: Sir Avinity|move: Light Screen\n|move|p1b: Landorus|Stone Edge|p2a: Salazzle\n|-supereffective|p2a: Salazzle\n|-damage|p2a: Salazzle|0 fnt\n|faint|p2a: Salazzle\n|\n|win|Sir Avinity\n|raw|Sir Avinity's rating: 1000 &rarr; <strong>1043<\/strong><br \/>(+43 for winning)\n|raw|ReaperELY's rating: 1026 &rarr; <strong>1011<\/strong><br \/>(-15 for losing)\n|l|\u2606ReaperELY\n","uploadtime":1700575952,"views":16,"p1id":"siravinity","p2id":"reaperely","formatid":"gen9doublesou","rating":1011,"private":0,"password":""}