{"id":"gen9doublesou-1974193680","p1":"uglyneo","p2":"Anna's songbird","format":"[Gen 9] Doubles OU","log":"|j|\u2606uglyneo\n|j|\u2606Anna's songbird\n|inactive|Battle timer is ON: inactive players will automatically lose when time's up.\n|t:|1698067053\n|gametype|doubles\n|player|p1|uglyneo|lusamine-nihilego|\n|player|p2|Anna's songbird|battlegirl-gen4|\n|teamsize|p1|6\n|teamsize|p2|6\n|gen|9\n|tier|[Gen 9] Doubles OU\n|rated|Tournament battle\n|rule|Species Clause: Limit one of each Pok\u00e9mon\n|rule|OHKO Clause: OHKO moves are banned\n|rule|Evasion Moves Clause: Evasion moves are banned\n|rule|Gravity Sleep Clause: The combination of sleep-inducing moves with imperfect accuracy and Gravity or Gigantamax Orbeetle are banned\n|rule|Endless Battle Clause: Forcing endless battles is banned\n|rule|HP Percentage Mod: HP is shown in percentages\n|clearpoke\n|poke|p1|Flutter Mane|\n|poke|p1|Chi-Yu|\n|poke|p1|Landorus, M|\n|poke|p1|Volbeat, M|\n|poke|p1|Rillaboom, M|\n|poke|p1|Iron Hands|\n|poke|p2|Sinistcha|\n|poke|p2|Iron Hands|\n|poke|p2|Goodra-Hisui, F|\n|poke|p2|Chi-Yu|\n|poke|p2|Landorus-Therian, M|\n|poke|p2|Flutter Mane|\n|teampreview\n|inactive|Anna's songbird also wants the timer to be on.\n|inactive|Anna's songbird has 120 seconds left.\n|\n|t:|1698067099\n|start\n|switch|p1a: 3rd Wheel|Volbeat, M|100\/100\n|switch|p1b: Support Monke|Rillaboom, M|100\/100\n|switch|p2a: Flutter Mane|Flutter Mane|100\/100\n|switch|p2b: Chi-Yu|Chi-Yu|100\/100\n|-ability|p2b: Chi-Yu|Beads of Ruin\n|-fieldstart|move: Grassy Terrain|[from] ability: Grassy Surge|[of] p1b: Support Monke\n|-enditem|p2a: Flutter Mane|Booster Energy\n|-activate|p2a: Flutter Mane|ability: Protosynthesis|[fromitem]\n|-start|p2a: Flutter Mane|protosynthesisspe\n|turn|1\n|\n|t:|1698067109\n|move|p1b: Support Monke|Fake Out|p2b: Chi-Yu\n|-damage|p2b: Chi-Yu|83\/100\n|move|p1a: 3rd Wheel|Substitute|p1a: 3rd Wheel\n|-start|p1a: 3rd Wheel|Substitute\n|-damage|p1a: 3rd Wheel|76\/100\n|move|p2a: Flutter Mane|Icy Wind|p1a: 3rd Wheel|[spread] p1a,p1b\n|-activate|p1a: 3rd Wheel|move: Substitute|[damage]\n|-supereffective|p1b: Support Monke\n|-damage|p1b: Support Monke|78\/100\n|-unboost|p1b: Support Monke|spe|1\n|cant|p2b: Chi-Yu|flinch\n|\n|-heal|p2b: Chi-Yu|89\/100|[from] Grassy Terrain\n|-heal|p1a: 3rd Wheel|82\/100|[from] Grassy Terrain\n|-heal|p1b: Support Monke|84\/100|[from] Grassy Terrain\n|upkeep\n|turn|2\n|\n|t:|1698067123\n|move|p1a: 3rd Wheel|Tail Glow|p1a: 3rd Wheel\n|-boost|p1a: 3rd Wheel|spa|3\n|move|p2a: Flutter Mane|Icy Wind|p1b: Support Monke|[spread] p1a,p1b\n|-end|p1a: 3rd Wheel|Substitute\n|-supereffective|p1b: Support Monke\n|-damage|p1b: Support Monke|61\/100\n|-unboost|p1b: Support Monke|spe|1\n|move|p2b: Chi-Yu|Heat Wave|p1a: 3rd Wheel|[spread] p1a,p1b\n|-supereffective|p1a: 3rd Wheel\n|-crit|p1a: 3rd Wheel\n|-supereffective|p1b: Support Monke\n|-damage|p1a: 3rd Wheel|0 fnt\n|-damage|p1b: Support Monke|0 fnt\n|faint|p1a: 3rd Wheel\n|faint|p1b: Support Monke\n|\n|-heal|p2b: Chi-Yu|95\/100|[from] Grassy Terrain\n|upkeep\n|\n|t:|1698067139\n|switch|p1a: Healthy Meta|Landorus, M|100\/100\n|switch|p1b: War Crime|Chi-Yu|100\/100\n|-ability|p1b: War Crime|Beads of Ruin\n|turn|3\n|\n|t:|1698067148\n|move|p2a: Flutter Mane|Icy Wind|p1b: War Crime|[spread] p1a,p1b\n|-supereffective|p1a: Healthy Meta\n|-resisted|p1b: War Crime\n|-damage|p1a: Healthy Meta|10\/100\n|-damage|p1b: War Crime|93\/100\n|-unboost|p1a: Healthy Meta|spe|1\n|-unboost|p1b: War Crime|spe|1\n|move|p1b: War Crime|Heat Wave|p2a: Flutter Mane|[spread] p2a\n|-miss|p1b: War Crime|p2b: Chi-Yu\n|-damage|p2a: Flutter Mane|52\/100\n|move|p2b: Chi-Yu|Snarl|p1a: Healthy Meta|[spread] p1a,p1b\n|-resisted|p1b: War Crime\n|-damage|p1a: Healthy Meta|0 fnt\n|-damage|p1b: War Crime|79\/100\n|-unboost|p1b: War Crime|spa|1\n|faint|p1a: Healthy Meta\n|\n|-heal|p2a: Flutter Mane|58\/100|[from] Grassy Terrain\n|-heal|p1b: War Crime|85\/100|[from] Grassy Terrain\n|-heal|p2b: Chi-Yu|100\/100|[from] Grassy Terrain\n|upkeep\n|\n|t:|1698067160\n|switch|p1a: Goth Mommy|Flutter Mane|100\/100\n|-enditem|p1a: Goth Mommy|Booster Energy\n|-activate|p1a: Goth Mommy|ability: Protosynthesis|[fromitem]\n|-start|p1a: Goth Mommy|protosynthesisspe\n|turn|4\n|\n|t:|1698067173\n|switch|p1b: Hands-On|Iron Hands|100\/100\n|-terastallize|p1a: Goth Mommy|Steel\n|move|p1a: Goth Mommy|Dazzling Gleam|p2a: Flutter Mane|[spread] p2a,p2b\n|-damage|p2a: Flutter Mane|16\/100\n|-damage|p2b: Chi-Yu|81\/100\n|move|p2a: Flutter Mane|Icy Wind|p1b: Hands-On|[spread] p1a,p1b\n|-resisted|p1a: Goth Mommy\n|-damage|p1a: Goth Mommy|91\/100\n|-damage|p1b: Hands-On|91\/100\n|-unboost|p1a: Goth Mommy|spe|1\n|-unboost|p1b: Hands-On|spe|1\n|move|p2b: Chi-Yu|Snarl|p1b: Hands-On|[spread] p1a,p1b\n|-resisted|p1b: Hands-On\n|-damage|p1a: Goth Mommy|58\/100\n|-damage|p1b: Hands-On|84\/100\n|-unboost|p1a: Goth Mommy|spa|1\n|-unboost|p1b: Hands-On|spa|1\n|\n|-heal|p2a: Flutter Mane|22\/100|[from] Grassy Terrain\n|-heal|p1a: Goth Mommy|64\/100|[from] Grassy Terrain\n|-heal|p2b: Chi-Yu|87\/100|[from] Grassy Terrain\n|-heal|p1b: Hands-On|90\/100|[from] Grassy Terrain\n|upkeep\n|turn|5\n|\n|t:|1698067194\n|move|p1b: Hands-On|Fake Out|p2b: Chi-Yu\n|-damage|p2b: Chi-Yu|66\/100\n|move|p2a: Flutter Mane|Moonblast|p1b: Hands-On\n|-supereffective|p1b: Hands-On\n|-damage|p1b: Hands-On|33\/100\n|move|p1a: Goth Mommy|Shadow Ball|p2a: Flutter Mane\n|-supereffective|p2a: Flutter Mane\n|-damage|p2a: Flutter Mane|0 fnt\n|faint|p2a: Flutter Mane\n|-end|p2a: Flutter Mane|Protosynthesis|[silent]\n|cant|p2b: Chi-Yu|flinch\n|\n|-heal|p1a: Goth Mommy|70\/100|[from] Grassy Terrain\n|-heal|p2b: Chi-Yu|72\/100|[from] Grassy Terrain\n|-heal|p1b: Hands-On|39\/100|[from] Grassy Terrain\n|-fieldend|move: Grassy Terrain\n|upkeep\n|\n|t:|1698067212\n|switch|p2a: Goodra|Goodra-Hisui, F|100\/100\n|turn|6\n|\n|t:|1698067232\n|-terastallize|p2b: Chi-Yu|Psychic\n|move|p1a: Goth Mommy|Moonblast|p2a: Goodra\n|-damage|p2a: Goodra|71\/100\n|-unboost|p2a: Goodra|spa|1\n|move|p2b: Chi-Yu|Psychic|p1b: Hands-On\n|-supereffective|p1b: Hands-On\n|-damage|p1b: Hands-On|0 fnt\n|faint|p1b: Hands-On\n|-end|p1b: Hands-On|Quark Drive|[silent]\n|move|p2a: Goodra|Acid Armor|p2a: Goodra\n|-boost|p2a: Goodra|def|2\n|\n|-heal|p2a: Goodra|77\/100|[from] item: Leftovers\n|upkeep\n|\n|t:|1698067242\n|switch|p1b: War Crime|Chi-Yu|85\/100\n|-ability|p1b: War Crime|Beads of Ruin\n|turn|7\n|\n|t:|1698067261\n|move|p2a: Goodra|Protect|p2a: Goodra\n|-singleturn|p2a: Goodra|Protect\n|move|p1b: War Crime|Heat Wave|p2b: Chi-Yu|[spread] p2b\n|-activate|p2a: Goodra|move: Protect\n|-damage|p2b: Chi-Yu|46\/100\n|-status|p2b: Chi-Yu|brn\n|move|p1a: Goth Mommy|Moonblast|p2a: Goodra\n|-activate|p2a: Goodra|move: Protect\n|move|p2b: Chi-Yu|Snarl|p1a: Goth Mommy|[spread] p1a,p1b\n|-resisted|p1b: War Crime\n|-damage|p1a: Goth Mommy|40\/100\n|-damage|p1b: War Crime|73\/100\n|-unboost|p1a: Goth Mommy|spa|1\n|-unboost|p1b: War Crime|spa|1\n|\n|-heal|p2a: Goodra|84\/100|[from] item: Leftovers\n|-damage|p2b: Chi-Yu|40\/100 brn|[from] brn\n|upkeep\n|turn|8\n|\n|t:|1698067274\n|move|p1b: War Crime|Heat Wave|p2b: Chi-Yu|[spread] p2a,p2b\n|-damage|p2a: Goodra|62\/100\n|-damage|p2b: Chi-Yu|24\/100 brn\n|move|p1a: Goth Mommy|Shadow Ball|p2b: Chi-Yu\n|-supereffective|p2b: Chi-Yu\n|-crit|p2b: Chi-Yu\n|-damage|p2b: Chi-Yu|0 fnt\n|faint|p2b: Chi-Yu\n|move|p2a: Goodra|Body Press|p1b: War Crime\n|-supereffective|p1b: War Crime\n|-damage|p1b: War Crime|0 fnt\n|faint|p1b: War Crime\n|\n|-heal|p2a: Goodra|68\/100|[from] item: Leftovers\n|upkeep\n|\n|t:|1698067279\n|switch|p2b: Sinistcha|Sinistcha|100\/100\n|-heal|p2a: Goodra|93\/100|[from] ability: Hospitality|[of] p2b: Sinistcha\n|turn|9\n|\n|t:|1698067284\n|move|p1a: Goth Mommy|Shadow Ball|p2b: Sinistcha\n|-supereffective|p2b: Sinistcha\n|-damage|p2b: Sinistcha|50\/100\n|-unboost|p2b: Sinistcha|spd|1\n|-enditem|p2b: Sinistcha|Sitrus Berry|[eat]\n|-heal|p2b: Sinistcha|74\/100|[from] item: Sitrus Berry\n|move|p2a: Goodra|Body Press|p1a: Goth Mommy\n|-supereffective|p1a: Goth Mommy\n|-damage|p1a: Goth Mommy|0 fnt\n|faint|p1a: Goth Mommy\n|-end|p1a: Goth Mommy|Protosynthesis|[silent]\n|\n|win|Anna's songbird\n|n|\u2606uglyneo|uglyneo\n|n|\u2606Anna's songbird|annassongbird\n","uploadtime":1698067286,"views":46,"p1id":"uglyneo","p2id":"annassongbird","formatid":"gen9doublesou","rating":0,"private":0,"password":""}