{"id":"gen9doublesou-1986191568","p1":"Kordelion","p2":"OPieceOfHeroGhost","format":"[Gen 9] Doubles OU","log":"|j|\u2606Kordelion\n|j|\u2606OPieceOfHeroGhost\n|t:|1699458513\n|gametype|doubles\n|player|p1|Kordelion|rood|1446\n|player|p2|OPieceOfHeroGhost|morty|1414\n|teamsize|p1|6\n|teamsize|p2|6\n|gen|9\n|tier|[Gen 9] Doubles OU\n|rated|\n|rule|Species Clause: Limit one of each Pok\u00e9mon\n|rule|OHKO Clause: OHKO moves are banned\n|rule|Evasion Moves Clause: Evasion moves are banned\n|rule|Gravity Sleep Clause: The combination of sleep-inducing moves with imperfect accuracy and Gravity or Gigantamax Orbeetle are banned\n|rule|Endless Battle Clause: Forcing endless battles is banned\n|rule|HP Percentage Mod: HP is shown in percentages\n|clearpoke\n|poke|p1|Garganacl, M|\n|poke|p1|Ribombee, F|\n|poke|p1|Skeledirge, M|\n|poke|p1|Cresselia, F|\n|poke|p1|Garchomp, M|\n|poke|p1|Toxapex, F|\n|poke|p2|Heatran, F|\n|poke|p2|Amoonguss, F|\n|poke|p2|Farigiraf, F|\n|poke|p2|Chien-Pao|\n|poke|p2|Iron Hands|\n|poke|p2|Flutter Mane|\n|teampreview\n|\n|t:|1699458534\n|start\n|switch|p1a: Ribombee|Ribombee, F|100\/100\n|switch|p1b: Garchomp|Garchomp, M|100\/100\n|switch|p2a: \u67d0\u79cd\u7a0b\u5ea6\u4e0a\u7684\u5f02\u9f99|Farigiraf, F|100\/100\n|switch|p2b: \u53d1\u59d0|Flutter Mane|100\/100\n|turn|1\n|inactive|Battle timer is ON: inactive players will automatically lose when time's up. (requested by Kordelion)\n|\n|t:|1699458555\n|-terastallize|p1b: Garchomp|Steel\n|move|p2b: \u53d1\u59d0|Protect|p2b: \u53d1\u59d0\n|-singleturn|p2b: \u53d1\u59d0|Protect\n|move|p1a: Ribombee|Moonblast|p2b: \u53d1\u59d0\n|-activate|p2b: \u53d1\u59d0|move: Protect\n|move|p1b: Garchomp|Iron Head|p2b: \u53d1\u59d0\n|-activate|p2b: \u53d1\u59d0|move: Protect\n|move|p2a: \u67d0\u79cd\u7a0b\u5ea6\u4e0a\u7684\u5f02\u9f99|Psychic|p1b: Garchomp\n|-resisted|p1b: Garchomp\n|-damage|p1b: Garchomp|85\/100\n|\n|upkeep\n|turn|2\n|inactive|Kordelion has 120 seconds left.\n|\n|t:|1699458590\n|switch|p1a: Cresselia|Cresselia, F|100\/100\n|move|p2a: \u67d0\u79cd\u7a0b\u5ea6\u4e0a\u7684\u5f02\u9f99|Ally Switch|p2a: \u67d0\u79cd\u7a0b\u5ea6\u4e0a\u7684\u5f02\u9f99\n|swap|p2a: \u67d0\u79cd\u7a0b\u5ea6\u4e0a\u7684\u5f02\u9f99|1|[from] move: Ally Switch\n|move|p2a: \u53d1\u59d0|Shadow Ball|p1b: Garchomp\n|-damage|p1b: Garchomp|46\/100\n|move|p1b: Garchomp|Earthquake|p2b: \u67d0\u79cd\u7a0b\u5ea6\u4e0a\u7684\u5f02\u9f99|[spread] p2a,p2b\n|-immune|p1a: Cresselia|[from] ability: Levitate\n|-damage|p2a: \u53d1\u59d0|40\/100\n|-damage|p2b: \u67d0\u79cd\u7a0b\u5ea6\u4e0a\u7684\u5f02\u9f99|71\/100\n|\n|upkeep\n|turn|3\n|\n|t:|1699458606\n|move|p1b: Garchomp|Protect|p1b: Garchomp\n|-singleturn|p1b: Garchomp|Protect\n|move|p2a: \u53d1\u59d0|Shadow Ball|p1b: Garchomp\n|-activate|p1b: Garchomp|move: Protect\n|move|p1a: Cresselia|Icy Wind|p2b: \u67d0\u79cd\u7a0b\u5ea6\u4e0a\u7684\u5f02\u9f99|[spread] p2b\n|-miss|p1a: Cresselia|p2a: \u53d1\u59d0\n|-crit|p2b: \u67d0\u79cd\u7a0b\u5ea6\u4e0a\u7684\u5f02\u9f99\n|-damage|p2b: \u67d0\u79cd\u7a0b\u5ea6\u4e0a\u7684\u5f02\u9f99|60\/100\n|-unboost|p2b: \u67d0\u79cd\u7a0b\u5ea6\u4e0a\u7684\u5f02\u9f99|spe|1\n|move|p2b: \u67d0\u79cd\u7a0b\u5ea6\u4e0a\u7684\u5f02\u9f99|Imprison|p2b: \u67d0\u79cd\u7a0b\u5ea6\u4e0a\u7684\u5f02\u9f99\n|-start|p2b: \u67d0\u79cd\u7a0b\u5ea6\u4e0a\u7684\u5f02\u9f99|move: Imprison\n|\n|upkeep\n|turn|4\n|inactive|Kordelion has 120 seconds left.\n|inactive|OPieceOfHeroGhost has 120 seconds left.\n|\n|t:|1699458645\n|switch|p1b: Toxapex|Toxapex, F|100\/100\n|move|p2a: \u53d1\u59d0|Shadow Ball|p1b: Toxapex\n|-damage|p1b: Toxapex|72\/100\n|move|p1a: Cresselia|Lunar Blessing|p1a: Cresselia|[spread] p1a,p1b\n|-heal|p1b: Toxapex|98\/100\n|move|p2b: \u67d0\u79cd\u7a0b\u5ea6\u4e0a\u7684\u5f02\u9f99|Psychic|p1b: Toxapex\n|-supereffective|p1b: Toxapex\n|-damage|p1b: Toxapex|49\/100\n|\n|upkeep\n|turn|5\n|\n|t:|1699458665\n|move|p1b: Toxapex|Baneful Bunker|p1b: Toxapex\n|-singleturn|p1b: Toxapex|move: Protect\n|move|p2a: \u53d1\u59d0|Dazzling Gleam|p1a: Cresselia|[spread] p1a\n|-activate|p1b: Toxapex|move: Protect\n|-damage|p1a: Cresselia|82\/100\n|move|p1a: Cresselia|Lunar Blessing|p1a: Cresselia|[spread] p1a,p1b\n|-heal|p1a: Cresselia|100\/100\n|-heal|p1b: Toxapex|74\/100\n|move|p2b: \u67d0\u79cd\u7a0b\u5ea6\u4e0a\u7684\u5f02\u9f99|Psychic|p1b: Toxapex\n|-activate|p1b: Toxapex|move: Protect\n|\n|upkeep\n|turn|6\n|\n|t:|1699458694\n|-end|p2a: \u53d1\u59d0|Protosynthesis|[silent]\n|switch|p2a: \u62cd\u5927\u661f|Iron Hands|100\/100\n|switch|p1b: Garganacl|Garganacl, M|100\/100\n|move|p1a: Cresselia|Icy Wind|p2a: \u62cd\u5927\u661f|[spread] p2a,p2b\n|-crit|p2a: \u62cd\u5927\u661f\n|-damage|p2a: \u62cd\u5927\u661f|94\/100\n|-damage|p2b: \u67d0\u79cd\u7a0b\u5ea6\u4e0a\u7684\u5f02\u9f99|54\/100\n|-unboost|p2a: \u62cd\u5927\u661f|spe|1\n|-unboost|p2b: \u67d0\u79cd\u7a0b\u5ea6\u4e0a\u7684\u5f02\u9f99|spe|1\n|move|p2b: \u67d0\u79cd\u7a0b\u5ea6\u4e0a\u7684\u5f02\u9f99|Psychic|p1b: Garganacl\n|-damage|p1b: Garganacl|72\/100\n|-unboost|p1b: Garganacl|spd|1\n|\n|-heal|p1b: Garganacl|78\/100|[from] item: Leftovers\n|upkeep\n|turn|7\n|\n|t:|1699458721\n|switch|p2b: \u96ea\u8c79\u95ed\u5634|Chien-Pao|100\/100\n|-ability|p2b: \u96ea\u8c79\u95ed\u5634|Sword of Ruin\n|move|p1a: Cresselia|Protect|p1a: Cresselia\n|-singleturn|p1a: Cresselia|Protect\n|move|p1b: Garganacl|Protect|p1b: Garganacl\n|-singleturn|p1b: Garganacl|Protect\n|move|p2a: \u62cd\u5927\u661f|Fake Out|p1b: Garganacl\n|-activate|p1b: Garganacl|move: Protect\n|\n|-heal|p1b: Garganacl|84\/100|[from] item: Leftovers\n|upkeep\n|turn|8\n|\n|t:|1699458744\n|switch|p1b: Toxapex|Toxapex, F|100\/100\n|move|p2b: \u96ea\u8c79\u95ed\u5634|Crunch|p1a: Cresselia\n|-supereffective|p1a: Cresselia\n|-damage|p1a: Cresselia|38\/100\n|move|p1a: Cresselia|Icy Wind|p2b: \u96ea\u8c79\u95ed\u5634|[spread] p2a,p2b\n|-resisted|p2b: \u96ea\u8c79\u95ed\u5634\n|-damage|p2a: \u62cd\u5927\u661f|91\/100\n|-damage|p2b: \u96ea\u8c79\u95ed\u5634|94\/100\n|-unboost|p2a: \u62cd\u5927\u661f|spe|1\n|-unboost|p2b: \u96ea\u8c79\u95ed\u5634|spe|1\n|move|p2a: \u62cd\u5927\u661f|Drain Punch|p1b: Toxapex\n|-resisted|p1b: Toxapex\n|-damage|p1b: Toxapex|80\/100\n|-heal|p2a: \u62cd\u5927\u661f|98\/100|[from] drain|[of] p1b: Toxapex\n|\n|-heal|p1a: Cresselia|44\/100|[from] item: Leftovers\n|upkeep\n|turn|9\n|inactive|OPieceOfHeroGhost has 120 seconds left.\n|\n|t:|1699458782\n|move|p1a: Cresselia|Protect|p1a: Cresselia\n|-singleturn|p1a: Cresselia|Protect\n|move|p1b: Toxapex|Baneful Bunker|p1b: Toxapex\n|-singleturn|p1b: Toxapex|move: Protect\n|move|p2b: \u96ea\u8c79\u95ed\u5634|Crunch|p1a: Cresselia\n|-activate|p1a: Cresselia|move: Protect\n|move|p2a: \u62cd\u5927\u661f|Wild Charge|p1a: Cresselia\n|-activate|p1a: Cresselia|move: Protect\n|\n|-heal|p1a: Cresselia|50\/100|[from] item: Leftovers\n|upkeep\n|turn|10\n|inactive|Kordelion has 120 seconds left.\n|\n|t:|1699458814\n|move|p2b: \u96ea\u8c79\u95ed\u5634|Crunch|p1a: Cresselia\n|-supereffective|p1a: Cresselia\n|-damage|p1a: Cresselia|0 fnt\n|faint|p1a: Cresselia\n|move|p1b: Toxapex|Toxic|p2b: \u96ea\u8c79\u95ed\u5634\n|-status|p2b: \u96ea\u8c79\u95ed\u5634|tox\n|move|p2a: \u62cd\u5927\u661f|Wild Charge|p1b: Toxapex\n|-supereffective|p1b: Toxapex\n|-damage|p1b: Toxapex|0 fnt\n|faint|p1b: Toxapex\n|-damage|p2a: \u62cd\u5927\u661f|85\/100|[from] Recoil\n|\n|-damage|p2b: \u96ea\u8c79\u95ed\u5634|88\/100 tox|[from] psn\n|upkeep\n|inactive|Kordelion has 120 seconds left.\n|\n|t:|1699458820\n|switch|p1a: Ribombee|Ribombee, F|100\/100\n|switch|p1b: Garchomp|Garchomp, M, tera:Steel|46\/100\n|turn|11\n|\n|t:|1699458839\n|move|p1b: Garchomp|Protect|p1b: Garchomp\n|-singleturn|p1b: Garchomp|Protect\n|move|p2b: \u96ea\u8c79\u95ed\u5634|Sucker Punch||[still]\n|-fail|p2b: \u96ea\u8c79\u95ed\u5634\n|move|p1a: Ribombee|Tailwind|p1a: Ribombee\n|-sidestart|p1: Kordelion|move: Tailwind\n|move|p2a: \u62cd\u5927\u661f|Heavy Slam|p1a: Ribombee\n|-supereffective|p1a: Ribombee\n|-enditem|p1a: Ribombee|Focus Sash\n|-damage|p1a: Ribombee|1\/100\n|\n|-damage|p2b: \u96ea\u8c79\u95ed\u5634|76\/100 tox|[from] psn\n|upkeep\n|turn|12\n|\n|t:|1699458862\n|-end|p2a: \u62cd\u5927\u661f|Quark Drive|[silent]\n|switch|p2a: \u67d0\u79cd\u7a0b\u5ea6\u4e0a\u7684\u5f02\u9f99|Farigiraf, F|54\/100\n|move|p2b: \u96ea\u8c79\u95ed\u5634|Sucker Punch|p1b: Garchomp\n|-damage|p1b: Garchomp|7\/100\n|-damage|p2b: \u96ea\u8c79\u95ed\u5634|64\/100 tox|[from] ability: Rough Skin|[of] p1b: Garchomp\n|-damage|p2b: \u96ea\u8c79\u95ed\u5634|47\/100 tox|[from] item: Rocky Helmet|[of] p1b: Garchomp\n|move|p1a: Ribombee|Sticky Web|p2a: \u67d0\u79cd\u7a0b\u5ea6\u4e0a\u7684\u5f02\u9f99\n|-sidestart|p2: OPieceOfHeroGhost|move: Sticky Web\n|move|p1b: Garchomp|Earthquake|p2a: \u67d0\u79cd\u7a0b\u5ea6\u4e0a\u7684\u5f02\u9f99|[spread] p1a,p2a,p2b\n|-resisted|p1a: Ribombee\n|-damage|p1a: Ribombee|0 fnt\n|-damage|p2a: \u67d0\u79cd\u7a0b\u5ea6\u4e0a\u7684\u5f02\u9f99|12\/100\n|-damage|p2b: \u96ea\u8c79\u95ed\u5634|0 fnt\n|faint|p1a: Ribombee\n|faint|p2b: \u96ea\u8c79\u95ed\u5634\n|\n|upkeep\n|\n|t:|1699458880\n|switch|p2b: \u62cd\u5927\u661f|Iron Hands|85\/100\n|switch|p1a: Skeledirge|Skeledirge, M|100\/100\n|-activate|p2b: \u62cd\u5927\u661f|move: Sticky Web\n|-unboost|p2b: \u62cd\u5927\u661f|spe|1\n|turn|13\n|\n|t:|1699458899\n|move|p1b: Garchomp|Protect|p1b: Garchomp\n|-singleturn|p1b: Garchomp|Protect\n|move|p2b: \u62cd\u5927\u661f|Fake Out|p1b: Garchomp\n|-activate|p1b: Garchomp|move: Protect\n|move|p1a: Skeledirge|Torch Song|p2a: \u67d0\u79cd\u7a0b\u5ea6\u4e0a\u7684\u5f02\u9f99\n|-damage|p2a: \u67d0\u79cd\u7a0b\u5ea6\u4e0a\u7684\u5f02\u9f99|0 fnt\n|-boost|p1a: Skeledirge|spa|1\n|faint|p2a: \u67d0\u79cd\u7a0b\u5ea6\u4e0a\u7684\u5f02\u9f99\n|\n|upkeep\n|inactive|OPieceOfHeroGhost has 120 seconds left.\n|\n|t:|1699458922\n|switch|p2a: \u53d1\u59d0|Flutter Mane|40\/100\n|-activate|p2a: \u53d1\u59d0|move: Sticky Web\n|-unboost|p2a: \u53d1\u59d0|spe|1\n|turn|14\n|\n|t:|1699458949\n|move|p2a: \u53d1\u59d0|Protect|p2a: \u53d1\u59d0\n|-singleturn|p2a: \u53d1\u59d0|Protect\n|move|p1b: Garchomp|Stealth Rock|p2b: \u62cd\u5927\u661f\n|-sidestart|p2: OPieceOfHeroGhost|move: Stealth Rock\n|move|p1a: Skeledirge|Will-O-Wisp|p2b: \u62cd\u5927\u661f\n|-status|p2b: \u62cd\u5927\u661f|brn\n|move|p2b: \u62cd\u5927\u661f|Drain Punch|p1b: Garchomp\n|-supereffective|p1b: Garchomp\n|-damage|p1b: Garchomp|0 fnt\n|-heal|p2b: \u62cd\u5927\u661f|88\/100 brn|[from] drain|[of] p1b: Garchomp\n|-damage|p2b: \u62cd\u5927\u661f|76\/100 brn|[from] ability: Rough Skin|[of] p1b: Garchomp\n|-damage|p2b: \u62cd\u5927\u661f|59\/100 brn|[from] item: Rocky Helmet|[of] p1b: Garchomp\n|faint|p1b: Garchomp\n|\n|-damage|p2b: \u62cd\u5927\u661f|53\/100 brn|[from] brn\n|-sideend|p1: Kordelion|move: Tailwind\n|upkeep\n|inactive|Kordelion has 120 seconds left.\n|\n|t:|1699458965\n|switch|p1b: Garganacl|Garganacl, M|84\/100\n|turn|15\n|\n|t:|1699458975\n|move|p1b: Garganacl|Protect|p1b: Garganacl\n|-singleturn|p1b: Garganacl|Protect\n|move|p2a: \u53d1\u59d0|Shadow Ball|p1a: Skeledirge\n|-supereffective|p1a: Skeledirge\n|-damage|p1a: Skeledirge|19\/100\n|move|p1a: Skeledirge|Torch Song|p2a: \u53d1\u59d0\n|-damage|p2a: \u53d1\u59d0|0 fnt\n|-boost|p1a: Skeledirge|spa|1\n|faint|p2a: \u53d1\u59d0\n|-end|p2a: \u53d1\u59d0|Protosynthesis|[silent]\n|move|p2b: \u62cd\u5927\u661f|Drain Punch|p1b: Garganacl\n|-activate|p1b: Garganacl|move: Protect\n|\n|-heal|p1a: Skeledirge|25\/100|[from] item: Leftovers\n|-heal|p1b: Garganacl|90\/100|[from] item: Leftovers\n|-damage|p2b: \u62cd\u5927\u661f|47\/100 brn|[from] brn\n|upkeep\n|\n|t:|1699458994\n|switch|p2a: \u50ac\u7720\u5927\u5e08-\u963f\u8499\u560e\u65af|Amoonguss, F|100\/100\n|-activate|p2a: \u50ac\u7720\u5927\u5e08-\u963f\u8499\u560e\u65af|move: Sticky Web\n|-unboost|p2a: \u50ac\u7720\u5927\u5e08-\u963f\u8499\u560e\u65af|spe|1\n|-damage|p2a: \u50ac\u7720\u5927\u5e08-\u963f\u8499\u560e\u65af|88\/100|[from] Stealth Rock\n|turn|16\n|\n|t:|1699459010\n|-terastallize|p2a: \u50ac\u7720\u5927\u5e08-\u963f\u8499\u560e\u65af|Dragon\n|move|p1a: Skeledirge|Torch Song|p2a: \u50ac\u7720\u5927\u5e08-\u963f\u8499\u560e\u65af\n|-resisted|p2a: \u50ac\u7720\u5927\u5e08-\u963f\u8499\u560e\u65af\n|-damage|p2a: \u50ac\u7720\u5927\u5e08-\u963f\u8499\u560e\u65af|59\/100\n|-boost|p1a: Skeledirge|spa|1\n|move|p1b: Garganacl|Salt Cure|p2a: \u50ac\u7720\u5927\u5e08-\u963f\u8499\u560e\u65af\n|-damage|p2a: \u50ac\u7720\u5927\u5e08-\u963f\u8499\u560e\u65af|47\/100\n|-start|p2a: \u50ac\u7720\u5927\u5e08-\u963f\u8499\u560e\u65af|Salt Cure\n|-enditem|p2a: \u50ac\u7720\u5927\u5e08-\u963f\u8499\u560e\u65af|Sitrus Berry|[eat]\n|-heal|p2a: \u50ac\u7720\u5927\u5e08-\u963f\u8499\u560e\u65af|72\/100|[from] item: Sitrus Berry\n|move|p2b: \u62cd\u5927\u661f|Wild Charge|p1a: Skeledirge\n|-damage|p1a: Skeledirge|8\/100\n|-damage|p2b: \u62cd\u5927\u661f|43\/100 brn|[from] Recoil\n|move|p2a: \u50ac\u7720\u5927\u5e08-\u963f\u8499\u560e\u65af|Pollen Puff|p2b: \u62cd\u5927\u661f\n|-heal|p2b: \u62cd\u5927\u661f|93\/100 brn\n|\n|-heal|p1a: Skeledirge|14\/100|[from] item: Leftovers\n|-heal|p1b: Garganacl|96\/100|[from] item: Leftovers\n|-damage|p2b: \u62cd\u5927\u661f|87\/100 brn|[from] brn\n|-damage|p2a: \u50ac\u7720\u5927\u5e08-\u963f\u8499\u560e\u65af|60\/100|[from] Salt Cure\n|upkeep\n|turn|17\n|inactive|Kordelion has 120 seconds left.\n|inactive|OPieceOfHeroGhost has 120 seconds left.\n|\n|t:|1699459043\n|move|p1b: Garganacl|Protect|p1b: Garganacl\n|-singleturn|p1b: Garganacl|Protect\n|move|p1a: Skeledirge|Slack Off|p1a: Skeledirge\n|-heal|p1a: Skeledirge|64\/100\n|move|p2b: \u62cd\u5927\u661f|Drain Punch|p1b: Garganacl\n|-activate|p1b: Garganacl|move: Protect\n|move|p2a: \u50ac\u7720\u5927\u5e08-\u963f\u8499\u560e\u65af|Spore|p1a: Skeledirge\n|-status|p1a: Skeledirge|slp|[from] move: Spore\n|\n|-heal|p1a: Skeledirge|70\/100 slp|[from] item: Leftovers\n|-heal|p1b: Garganacl|100\/100|[from] item: Leftovers\n|-damage|p2b: \u62cd\u5927\u661f|81\/100 brn|[from] brn\n|-damage|p2a: \u50ac\u7720\u5927\u5e08-\u963f\u8499\u560e\u65af|47\/100|[from] Salt Cure\n|upkeep\n|turn|18\n|inactive|Kordelion has 120 seconds left.\n|\n|t:|1699459076\n|switch|p2a: \u8ffd\u730e\u7684\u54e5\u54e5|Heatran, F|100\/100\n|-activate|p2a: \u8ffd\u730e\u7684\u54e5\u54e5|move: Sticky Web\n|-unboost|p2a: \u8ffd\u730e\u7684\u54e5\u54e5|spe|1\n|-damage|p2a: \u8ffd\u730e\u7684\u54e5\u54e5|88\/100|[from] Stealth Rock\n|cant|p1a: Skeledirge|slp\n|move|p1b: Garganacl|Salt Cure|p2b: \u62cd\u5927\u661f\n|-resisted|p2b: \u62cd\u5927\u661f\n|-crit|p2b: \u62cd\u5927\u661f\n|-damage|p2b: \u62cd\u5927\u661f|74\/100 brn\n|-start|p2b: \u62cd\u5927\u661f|Salt Cure\n|move|p2b: \u62cd\u5927\u661f|Drain Punch|p1b: Garganacl\n|-supereffective|p1b: Garganacl\n|-damage|p1b: Garganacl|77\/100\n|-heal|p2b: \u62cd\u5927\u661f|84\/100 brn|[from] drain|[of] p1b: Garganacl\n|\n|-heal|p1a: Skeledirge|76\/100 slp|[from] item: Leftovers\n|-heal|p2a: \u8ffd\u730e\u7684\u54e5\u54e5|94\/100|[from] item: Leftovers\n|-heal|p1b: Garganacl|83\/100|[from] item: Leftovers\n|-damage|p2b: \u62cd\u5927\u661f|78\/100 brn|[from] brn\n|-damage|p2b: \u62cd\u5927\u661f|65\/100 brn|[from] Salt Cure\n|upkeep\n|turn|19\n|inactive|OPieceOfHeroGhost has 120 seconds left.\n|\n|t:|1699459107\n|-end|p2b: \u62cd\u5927\u661f|Quark Drive|[silent]\n|switch|p2b: \u50ac\u7720\u5927\u5e08-\u963f\u8499\u560e\u65af|Amoonguss, F, tera:Dragon|81\/100\n|-activate|p2b: \u50ac\u7720\u5927\u5e08-\u963f\u8499\u560e\u65af|move: Sticky Web\n|-unboost|p2b: \u50ac\u7720\u5927\u5e08-\u963f\u8499\u560e\u65af|spe|1\n|-damage|p2b: \u50ac\u7720\u5927\u5e08-\u963f\u8499\u560e\u65af|68\/100|[from] Stealth Rock\n|cant|p1a: Skeledirge|slp\n|move|p2a: \u8ffd\u730e\u7684\u54e5\u54e5|Earth Power|p1a: Skeledirge\n|-supereffective|p1a: Skeledirge\n|-damage|p1a: Skeledirge|8\/100 slp\n|move|p1b: Garganacl|Salt Cure|p2a: \u8ffd\u730e\u7684\u54e5\u54e5\n|-damage|p2a: \u8ffd\u730e\u7684\u54e5\u54e5|83\/100\n|-start|p2a: \u8ffd\u730e\u7684\u54e5\u54e5|Salt Cure\n|\n|-heal|p1a: Skeledirge|14\/100 slp|[from] item: Leftovers\n|-heal|p2a: \u8ffd\u730e\u7684\u54e5\u54e5|89\/100|[from] item: Leftovers\n|-heal|p1b: Garganacl|90\/100|[from] item: Leftovers\n|-damage|p2a: \u8ffd\u730e\u7684\u54e5\u54e5|64\/100|[from] Salt Cure\n|upkeep\n|turn|20\n|inactive|OPieceOfHeroGhost has 120 seconds left.\n|inactive|Kordelion has 120 seconds left.\n|\n|t:|1699459138\n|move|p2b: \u50ac\u7720\u5927\u5e08-\u963f\u8499\u560e\u65af|Rage Powder|p2b: \u50ac\u7720\u5927\u5e08-\u963f\u8499\u560e\u65af\n|-singleturn|p2b: \u50ac\u7720\u5927\u5e08-\u963f\u8499\u560e\u65af|move: Rage Powder\n|-curestatus|p1a: Skeledirge|slp|[msg]\n|move|p1a: Skeledirge|Slack Off|p1a: Skeledirge\n|-heal|p1a: Skeledirge|64\/100\n|move|p2a: \u8ffd\u730e\u7684\u54e5\u54e5|Earth Power|p1a: Skeledirge\n|-supereffective|p1a: Skeledirge\n|-damage|p1a: Skeledirge|0 fnt\n|faint|p1a: Skeledirge\n|move|p1b: Garganacl|Salt Cure|p2b: \u50ac\u7720\u5927\u5e08-\u963f\u8499\u560e\u65af\n|-damage|p2b: \u50ac\u7720\u5927\u5e08-\u963f\u8499\u560e\u65af|57\/100\n|-start|p2b: \u50ac\u7720\u5927\u5e08-\u963f\u8499\u560e\u65af|Salt Cure\n|\n|-heal|p2a: \u8ffd\u730e\u7684\u54e5\u54e5|70\/100|[from] item: Leftovers\n|-heal|p1b: Garganacl|96\/100|[from] item: Leftovers\n|-damage|p2a: \u8ffd\u730e\u7684\u54e5\u54e5|45\/100|[from] Salt Cure\n|-damage|p2b: \u50ac\u7720\u5927\u5e08-\u963f\u8499\u560e\u65af|45\/100|[from] Salt Cure\n|upkeep\n|turn|21\n|inactive|OPieceOfHeroGhost has 120 seconds left.\n|\n|t:|1699459164\n|switch|p2a: \u62cd\u5927\u661f|Iron Hands|65\/100 brn\n|-activate|p2a: \u62cd\u5927\u661f|move: Sticky Web\n|-unboost|p2a: \u62cd\u5927\u661f|spe|1\n|-damage|p2a: \u62cd\u5927\u661f|59\/100 brn|[from] Stealth Rock\n|move|p1b: Garganacl|Protect|p1b: Garganacl\n|-singleturn|p1b: Garganacl|Protect\n|move|p2b: \u50ac\u7720\u5927\u5e08-\u963f\u8499\u560e\u65af|Rage Powder|p2b: \u50ac\u7720\u5927\u5e08-\u963f\u8499\u560e\u65af\n|-singleturn|p2b: \u50ac\u7720\u5927\u5e08-\u963f\u8499\u560e\u65af|move: Rage Powder\n|\n|-heal|p1b: Garganacl|100\/100|[from] item: Leftovers\n|-damage|p2a: \u62cd\u5927\u661f|53\/100 brn|[from] brn\n|-damage|p2b: \u50ac\u7720\u5927\u5e08-\u963f\u8499\u560e\u65af|32\/100|[from] Salt Cure\n|upkeep\n|turn|22\n|inactive|OPieceOfHeroGhost has 120 seconds left.\n|\n|t:|1699459187\n|switch|p2b: \u8ffd\u730e\u7684\u54e5\u54e5|Heatran, F|45\/100\n|-activate|p2b: \u8ffd\u730e\u7684\u54e5\u54e5|move: Sticky Web\n|-unboost|p2b: \u8ffd\u730e\u7684\u54e5\u54e5|spe|1\n|-damage|p2b: \u8ffd\u730e\u7684\u54e5\u54e5|33\/100|[from] Stealth Rock\n|move|p1b: Garganacl|Salt Cure|p2a: \u62cd\u5927\u661f\n|-resisted|p2a: \u62cd\u5927\u661f\n|-damage|p2a: \u62cd\u5927\u661f|49\/100 brn\n|-start|p2a: \u62cd\u5927\u661f|Salt Cure\n|move|p2a: \u62cd\u5927\u661f|Drain Punch|p1b: Garganacl\n|-supereffective|p1b: Garganacl\n|-damage|p1b: Garganacl|78\/100\n|-heal|p2a: \u62cd\u5927\u661f|58\/100 brn|[from] drain|[of] p1b: Garganacl\n|\n|-heal|p2b: \u8ffd\u730e\u7684\u54e5\u54e5|39\/100|[from] item: Leftovers\n|-heal|p1b: Garganacl|84\/100|[from] item: Leftovers\n|-damage|p2a: \u62cd\u5927\u661f|52\/100 brn|[from] brn\n|-damage|p2a: \u62cd\u5927\u661f|40\/100 brn|[from] Salt Cure\n|upkeep\n|turn|23\n|\n|t:|1699459211\n|-end|p2a: \u62cd\u5927\u661f|Quark Drive|[silent]\n|switch|p2a: \u50ac\u7720\u5927\u5e08-\u963f\u8499\u560e\u65af|Amoonguss, F, tera:Dragon|66\/100\n|-activate|p2a: \u50ac\u7720\u5927\u5e08-\u963f\u8499\u560e\u65af|move: Sticky Web\n|-unboost|p2a: \u50ac\u7720\u5927\u5e08-\u963f\u8499\u560e\u65af|spe|1\n|-damage|p2a: \u50ac\u7720\u5927\u5e08-\u963f\u8499\u560e\u65af|53\/100|[from] Stealth Rock\n|move|p2b: \u8ffd\u730e\u7684\u54e5\u54e5|Protect|p2b: \u8ffd\u730e\u7684\u54e5\u54e5\n|-singleturn|p2b: \u8ffd\u730e\u7684\u54e5\u54e5|Protect\n|move|p1b: Garganacl|Protect||[still]\n|-fail|p1b: Garganacl\n|\n|-heal|p2b: \u8ffd\u730e\u7684\u54e5\u54e5|45\/100|[from] item: Leftovers\n|-heal|p1b: Garganacl|91\/100|[from] item: Leftovers\n|upkeep\n|turn|24\n|\n|t:|1699459240\n|move|p2b: \u8ffd\u730e\u7684\u54e5\u54e5|Earth Power|p1b: Garganacl\n|-supereffective|p1b: Garganacl\n|-damage|p1b: Garganacl|30\/100\n|move|p1b: Garganacl|Salt Cure|p2b: \u8ffd\u730e\u7684\u54e5\u54e5\n|-damage|p2b: \u8ffd\u730e\u7684\u54e5\u54e5|33\/100\n|-start|p2b: \u8ffd\u730e\u7684\u54e5\u54e5|Salt Cure\n|move|p2a: \u50ac\u7720\u5927\u5e08-\u963f\u8499\u560e\u65af|Pollen Puff|p2b: \u8ffd\u730e\u7684\u54e5\u54e5\n|-heal|p2b: \u8ffd\u730e\u7684\u54e5\u54e5|83\/100\n|\n|-heal|p2b: \u8ffd\u730e\u7684\u54e5\u54e5|90\/100|[from] item: Leftovers\n|-heal|p1b: Garganacl|36\/100|[from] item: Leftovers\n|-damage|p2b: \u8ffd\u730e\u7684\u54e5\u54e5|65\/100|[from] Salt Cure\n|upkeep\n|turn|25\n|\n|t:|1699459262\n|move|p1b: Garganacl|Protect|p1b: Garganacl\n|-singleturn|p1b: Garganacl|Protect\n|move|p2b: \u8ffd\u730e\u7684\u54e5\u54e5|Earth Power|p1b: Garganacl\n|-activate|p1b: Garganacl|move: Protect\n|move|p2a: \u50ac\u7720\u5927\u5e08-\u963f\u8499\u560e\u65af|Pollen Puff|p2b: \u8ffd\u730e\u7684\u54e5\u54e5\n|-heal|p2b: \u8ffd\u730e\u7684\u54e5\u54e5|100\/100\n|\n|-heal|p1b: Garganacl|42\/100|[from] item: Leftovers\n|-damage|p2b: \u8ffd\u730e\u7684\u54e5\u54e5|75\/100|[from] Salt Cure\n|upkeep\n|turn|26\n|\n|t:|1699459278\n|move|p2b: \u8ffd\u730e\u7684\u54e5\u54e5|Earth Power|p1b: Garganacl\n|-supereffective|p1b: Garganacl\n|-damage|p1b: Garganacl|0 fnt\n|faint|p1b: Garganacl\n|\n|win|OPieceOfHeroGhost\n|raw|Kordelion's rating: 1446 &rarr; <strong>1424<\/strong><br \/>(-22 for losing)\n|raw|OPieceOfHeroGhost's rating: 1414 &rarr; <strong>1436<\/strong><br \/>(+22 for winning)\n|l|\u2606Kordelion\n","uploadtime":1699459293,"views":8,"p1id":"kordelion","p2id":"opieceofheroghost","formatid":"gen9doublesou","rating":1424,"private":0,"password":""}