{"id":"gen9doublesou-1993015061","p1":"Trabaguana123","p2":"its-sam87","format":"[Gen 9] Doubles OU","log":"|j|\u2606Trabaguana123\n|j|\u2606its-sam87\n|t:|1700255655\n|gametype|doubles\n|player|p1|Trabaguana123|shadowtriad|1647\n|player|p2|its-sam87|acetrainer-gen2|1554\n|teamsize|p1|6\n|teamsize|p2|6\n|gen|9\n|tier|[Gen 9] Doubles OU\n|rated|\n|rule|Species Clause: Limit one of each Pok\u00e9mon\n|rule|OHKO Clause: OHKO moves are banned\n|rule|Evasion Moves Clause: Evasion moves are banned\n|rule|Gravity Sleep Clause: The combination of sleep-inducing moves with imperfect accuracy and Gravity or Gigantamax Orbeetle are banned\n|rule|Endless Battle Clause: Forcing endless battles is banned\n|rule|HP Percentage Mod: HP is shown in percentages\n|clearpoke\n|poke|p1|Gholdengo|\n|poke|p1|Murkrow, M|\n|poke|p1|Flutter Mane|\n|poke|p1|Iron Hands|\n|poke|p1|Garchomp, M|\n|poke|p1|Chi-Yu|\n|poke|p2|Tornadus, M|\n|poke|p2|Amoonguss, M|\n|poke|p2|Basculegion-F, F|\n|poke|p2|Pelipper, F|\n|poke|p2|Palafin, M|\n|poke|p2|Regieleki|\n|teampreview\n|inactive|Battle timer is ON: inactive players will automatically lose when time's up. (requested by its-sam87)\n|c|\u2606its-sam87|gl hf\n|\n|t:|1700255677\n|start\n|switch|p1a: Flutter Mane|Flutter Mane|100\/100\n|switch|p1b: Murkrow|Murkrow, M|100\/100\n|switch|p2a: Palafin|Palafin, M|100\/100\n|switch|p2b: Regieleki|Regieleki, shiny|100\/100\n|turn|1\n|\n|t:|1700255683\n|detailschange|p2a: Palafin|Palafin-Hero, M\n|switch|p2a: Amoonguss|Amoonguss, M, shiny|100\/100\n|move|p1b: Murkrow|Tailwind|p1b: Murkrow\n|-sidestart|p1: Trabaguana123|move: Tailwind\n|move|p1a: Flutter Mane|Dazzling Gleam|p2b: Regieleki|[spread] p2a,p2b\n|-resisted|p2a: Amoonguss\n|-damage|p2a: Amoonguss|85\/100\n|-damage|p2b: Regieleki|23\/100\n|-damage|p1a: Flutter Mane|91\/100|[from] item: Life Orb\n|move|p2b: Regieleki|Volt Switch|p1b: Murkrow\n|-supereffective|p1b: Murkrow\n|-damage|p1b: Murkrow|0 fnt\n|faint|p1b: Murkrow\n|\n|t:|1700255698\n|switch|p2b: Palafin|Palafin-Hero, M|100\/100|[from] Volt Switch\n|-activate|p2b: Palafin|ability: Zero to Hero\n|\n|upkeep\n|\n|t:|1700255709\n|switch|p1b: Chi-Yu|Chi-Yu|100\/100\n|-ability|p1b: Chi-Yu|Beads of Ruin\n|turn|2\n|\n|t:|1700255721\n|-terastallize|p1b: Chi-Yu|Ghost\n|move|p2b: Palafin|Jet Punch|p1b: Chi-Yu\n|-damage|p1b: Chi-Yu|31\/100\n|move|p1b: Chi-Yu|Heat Wave|p2b: Palafin|[spread] p2a,p2b\n|-supereffective|p2a: Amoonguss\n|-resisted|p2b: Palafin\n|-damage|p2a: Amoonguss|0 fnt\n|-damage|p2b: Palafin|74\/100\n|faint|p2a: Amoonguss\n|move|p1a: Flutter Mane|Dazzling Gleam|p2b: Palafin\n|-damage|p2b: Palafin|9\/100\n|-damage|p1a: Flutter Mane|81\/100|[from] item: Life Orb\n|\n|upkeep\n|\n|t:|1700255731\n|switch|p2a: Pelipper|Pelipper, F, shiny|100\/100\n|-weather|RainDance|[from] ability: Drizzle|[of] p2a: Pelipper\n|turn|3\n|\n|t:|1700255738\n|switch|p1b: Iron Hands|Iron Hands|100\/100\n|move|p2a: Pelipper|Wide Guard|p2a: Pelipper\n|-singleturn|p2a: Pelipper|Wide Guard\n|move|p2b: Palafin|Jet Punch|p1a: Flutter Mane\n|-damage|p1a: Flutter Mane|0 fnt\n|faint|p1a: Flutter Mane\n|-end|p1a: Flutter Mane|Protosynthesis|[silent]\n|\n|-weather|RainDance|[upkeep]\n|upkeep\n|\n|t:|1700255745\n|switch|p1a: Chi-Yu|Chi-Yu, tera:Ghost|31\/100\n|-ability|p1a: Chi-Yu|Beads of Ruin\n|turn|4\n|\n|t:|1700255757\n|switch|p2a: Tornadus|Tornadus, M, shiny|100\/100\n|move|p1b: Iron Hands|Fake Out|p2b: Palafin\n|-crit|p2b: Palafin\n|-damage|p2b: Palafin|0 fnt\n|faint|p2b: Palafin\n|move|p1a: Chi-Yu|Dark Pulse|p2a: Tornadus\n|-damage|p2a: Tornadus|37\/100\n|\n|-weather|RainDance|[upkeep]\n|-sideend|p1: Trabaguana123|move: Tailwind\n|upkeep\n|\n|t:|1700255767\n|switch|p2b: Regieleki|Regieleki, shiny|23\/100\n|turn|5\n|\n|t:|1700255781\n|move|p2a: Tornadus|Tailwind|p2a: Tornadus\n|-sidestart|p2: its-sam87|move: Tailwind\n|move|p2b: Regieleki|Ancient Power|p1a: Chi-Yu\n|-damage|p1a: Chi-Yu|9\/100\n|move|p1a: Chi-Yu|Dark Pulse|p2b: Regieleki\n|-damage|p2b: Regieleki|0 fnt\n|faint|p2b: Regieleki\n|move|p1b: Iron Hands|Wild Charge|p2a: Tornadus\n|-supereffective|p2a: Tornadus\n|-damage|p2a: Tornadus|0 fnt\n|faint|p2a: Tornadus\n|-damage|p1b: Iron Hands|94\/100|[from] Recoil\n|\n|-weather|RainDance|[upkeep]\n|-heal|p1b: Iron Hands|99\/100|[from] item: Leftovers\n|upkeep\n|\n|t:|1700255789\n|switch|p2b: Pelipper|Pelipper, F, shiny|100\/100\n|switch|p2a: Basculegion|Basculegion-F, F|100\/100\n|turn|6\n|\n|t:|1700255800\n|-terastallize|p2a: Basculegion|Ghost\n|move|p2a: Basculegion|Last Respects|p1a: Chi-Yu\n|-supereffective|p1a: Chi-Yu\n|-damage|p1a: Chi-Yu|0 fnt\n|faint|p1a: Chi-Yu\n|move|p2b: Pelipper|Hydro Pump|p1b: Iron Hands\n|-damage|p1b: Iron Hands|55\/100\n|move|p1b: Iron Hands|Wild Charge|p2a: Basculegion\n|-damage|p2a: Basculegion|41\/100\n|-damage|p1b: Iron Hands|42\/100|[from] Recoil\n|\n|-weather|RainDance|[upkeep]\n|-heal|p1b: Iron Hands|49\/100|[from] item: Leftovers\n|upkeep\n|\n|t:|1700255806\n|switch|p1a: Garchomp|Garchomp, M|100\/100\n|turn|7\n|\n|t:|1700255818\n|move|p2a: Basculegion|Last Respects|p1b: Iron Hands\n|-damage|p1b: Iron Hands|0 fnt\n|faint|p1b: Iron Hands\n|-end|p1b: Iron Hands|Quark Drive|[silent]\n|move|p2b: Pelipper|Hydro Pump|p1a: Garchomp\n|-damage|p1a: Garchomp|48\/100\n|move|p1a: Garchomp|Rock Slide|p2a: Basculegion|[spread] p2a,p2b\n|-supereffective|p2b: Pelipper\n|-damage|p2a: Basculegion|17\/100\n|-damage|p2b: Pelipper|71\/100\n|\n|-weather|RainDance|[upkeep]\n|upkeep\n|\n|t:|1700255822\n|switch|p1b: Gholdengo|Gholdengo|100\/100\n|turn|8\n|\n|t:|1700255831\n|move|p2a: Basculegion|Last Respects|p1b: Gholdengo\n|-supereffective|p1b: Gholdengo\n|-damage|p1b: Gholdengo|0 fnt\n|faint|p1b: Gholdengo\n|move|p2b: Pelipper|Hydro Pump|p1a: Garchomp\n|-damage|p1a: Garchomp|0 fnt\n|faint|p1a: Garchomp\n|\n|win|its-sam87\n|raw|Trabaguana123's rating: 1647 &rarr; <strong>1622<\/strong><br \/>(-25 for losing)\n|raw|its-sam87's rating: 1554 &rarr; <strong>1579<\/strong><br \/>(+25 for winning)\n|c|\u2606its-sam87|gg\n|l|\u2606Trabaguana123\n","uploadtime":1700255841,"views":4,"p1id":"trabaguana123","p2id":"itssam87","formatid":"gen9doublesou","rating":1579,"private":0,"password":""}