{"id":"gen9doublesou-1970655132","p1":"DOUFB Naieter","p2":"teamholberg3","format":"[Gen 9] Doubles OU","log":"|j|\u2606DOUFB Naieter\n|j|\u2606teamholberg3\n|t:|1697655689\n|gametype|doubles\n|player|p1|DOUFB Naieter|skier|1238\n|player|p2|teamholberg3|101|1118\n|teamsize|p1|6\n|teamsize|p2|6\n|gen|9\n|tier|[Gen 9] Doubles OU\n|rated|\n|rule|Species Clause: Limit one of each Pok\u00e9mon\n|rule|OHKO Clause: OHKO moves are banned\n|rule|Evasion Moves Clause: Evasion moves are banned\n|rule|Gravity Sleep Clause: The combination of sleep-inducing moves with imperfect accuracy and Gravity or Gigantamax Orbeetle are banned\n|rule|Endless Battle Clause: Forcing endless battles is banned\n|rule|HP Percentage Mod: HP is shown in percentages\n|clearpoke\n|poke|p1|Avalugg, M|\n|poke|p1|Cetitan, F|\n|poke|p1|Ninetales-Alola, M|\n|poke|p1|Chien-Pao|\n|poke|p1|Abomasnow, F|\n|poke|p1|Glaceon, M|\n|poke|p2|Glimmora, F|\n|poke|p2|Gyarados, F|\n|poke|p2|Iron Hands|\n|poke|p2|Iron Bundle|\n|poke|p2|Ting-Lu|\n|poke|p2|Abomasnow, F|\n|teampreview\n|\n|t:|1697655707\n|start\n|switch|p1a: Ninetales|Ninetales-Alola, M|100\/100\n|switch|p1b: Glaceon|Glaceon, M|100\/100\n|switch|p2a: Iron Hands|Iron Hands|100\/100\n|switch|p2b: Abomasnow|Abomasnow, F|100\/100\n|-weather|Snow|[from] ability: Snow Warning|[of] p1a: Ninetales\n|-item|p1a: Ninetales|Air Balloon\n|turn|1\n|inactive|Battle timer is ON: inactive players will automatically lose when time's up. (requested by teamholberg3)\n|\n|t:|1697655717\n|move|p1a: Ninetales|Aurora Veil|p1a: Ninetales\n|-sidestart|p1: DOUFB Naieter|move: Aurora Veil\n|move|p1b: Glaceon|Blizzard|p2b: Abomasnow|[spread] p2a,p2b\n|-damage|p2a: Iron Hands|59\/100\n|-damage|p2b: Abomasnow|43\/100\n|-damage|p1b: Glaceon|91\/100|[from] item: Life Orb\n|move|p2b: Abomasnow|Aurora Veil|p2b: Abomasnow\n|-sidestart|p2: teamholberg3|move: Aurora Veil\n|move|p2a: Iron Hands|Drain Punch|p1b: Glaceon|[miss]\n|-miss|p2a: Iron Hands|p1b: Glaceon\n|\n|-weather|Snow|[upkeep]\n|upkeep\n|turn|2\n|\n|t:|1697655731\n|move|p1a: Ninetales|Encore|p2b: Abomasnow\n|-start|p2b: Abomasnow|Encore\n|move|p1b: Glaceon|Blizzard|p2a: Iron Hands|[spread] p2a,p2b\n|-damage|p2a: Iron Hands|28\/100\n|-damage|p2b: Abomasnow|3\/100\n|-enditem|p2a: Iron Hands|Sitrus Berry|[eat]\n|-heal|p2a: Iron Hands|53\/100|[from] item: Sitrus Berry\n|-damage|p1b: Glaceon|81\/100|[from] item: Life Orb\n|move|p2b: Abomasnow|Aurora Veil||[still]\n|-fail|p2b: Abomasnow\n|move|p2a: Iron Hands|Drain Punch|p1b: Glaceon|[miss]\n|-miss|p2a: Iron Hands|p1b: Glaceon\n|\n|-weather|Snow|[upkeep]\n|upkeep\n|turn|3\n|c|\u2606DOUFB Naieter|Can't hit me lol\n|\n|t:|1697655756\n|switch|p1b: Avalugg|Avalugg, M|100\/100\n|switch|p2b: Glimmora|Glimmora, F|100\/100\n|move|p1a: Ninetales|Disable|p2a: Iron Hands\n|-start|p2a: Iron Hands|Disable|Drain Punch\n|cant|p2a: Iron Hands|Disable|Drain Punch\n|\n|-weather|Snow|[upkeep]\n|upkeep\n|turn|4\n|\n|t:|1697655778\n|move|p1a: Ninetales|Blizzard|p2b: Glimmora|[spread] p2a,p2b\n|-damage|p2a: Iron Hands|38\/100\n|-damage|p2b: Glimmora|73\/100\n|-status|p2a: Iron Hands|frz\n|-status|p2b: Glimmora|frz\n|cant|p2b: Glimmora|frz\n|cant|p2a: Iron Hands|frz\n|move|p1b: Avalugg|Body Press|p2b: Glimmora\n|-damage|p2b: Glimmora|50\/100 frz\n|-activate|p2b: Glimmora|ability: Toxic Debris\n|-sidestart|p1: DOUFB Naieter|move: Toxic Spikes\n|\n|-weather|Snow|[upkeep]\n|upkeep\n|turn|5\n|c|\u2606teamholberg3|nah\n|c|\u2606teamholberg3|how\n|\n|t:|1697655797\n|move|p1a: Ninetales|Blizzard|p2b: Glimmora|[spread] p2a,p2b\n|-damage|p2a: Iron Hands|23\/100 frz\n|-damage|p2b: Glimmora|22\/100 frz\n|cant|p2b: Glimmora|frz\n|cant|p2a: Iron Hands|frz\n|move|p1b: Avalugg|Iron Defense|p1b: Avalugg\n|-boost|p1b: Avalugg|def|2\n|\n|-weather|none\n|-sideend|p1: DOUFB Naieter|move: Aurora Veil\n|upkeep\n|turn|6\n|c|\u2606DOUFB Naieter|The ice gods love me\n|\n|t:|1697655821\n|switch|p1a: Abomasnow|Abomasnow, F|100\/100\n|-status|p1a: Abomasnow|psn\n|-weather|Snow|[from] ability: Snow Warning|[of] p1a: Abomasnow\n|cant|p2b: Glimmora|frz\n|cant|p2a: Iron Hands|frz\n|move|p1b: Avalugg|Body Press|p2b: Glimmora\n|-damage|p2b: Glimmora|0 fnt\n|-activate|p2b: Glimmora|ability: Toxic Debris\n|-sidestart|p1: DOUFB Naieter|move: Toxic Spikes\n|faint|p2b: Glimmora\n|\n|-weather|Snow|[upkeep]\n|-damage|p1a: Abomasnow|88\/100 psn|[from] psn\n|-end|p2a: Iron Hands|Disable\n|upkeep\n|\n|t:|1697655840\n|switch|p2b: Iron Bundle|Iron Bundle|100\/100\n|turn|7\n|\n|t:|1697655849\n|move|p2b: Iron Bundle|Blizzard|p1b: Avalugg|[spread] p1a,p1b\n|-resisted|p1b: Avalugg\n|-damage|p1a: Abomasnow|54\/100 psn\n|-damage|p1b: Avalugg|83\/100\n|move|p1a: Abomasnow|Aurora Veil|p1a: Abomasnow\n|-sidestart|p1: DOUFB Naieter|move: Aurora Veil\n|cant|p2a: Iron Hands|frz\n|move|p1b: Avalugg|Body Press|p2b: Iron Bundle\n|-supereffective|p2b: Iron Bundle\n|-damage|p2b: Iron Bundle|43\/100\n|\n|-weather|Snow|[upkeep]\n|-heal|p1b: Avalugg|89\/100|[from] ability: Ice Body\n|-damage|p1a: Abomasnow|41\/100 psn|[from] psn\n|upkeep\n|turn|8\n|\n|t:|1697655871\n|move|p2b: Iron Bundle|Blizzard|p1b: Avalugg|[spread] p1a,p1b\n|-resisted|p1b: Avalugg\n|-damage|p1a: Abomasnow|18\/100 psn\n|-damage|p1b: Avalugg|78\/100\n|move|p1a: Abomasnow|Blizzard|p2a: Iron Hands|[spread] p2a,p2b\n|-resisted|p2b: Iron Bundle\n|-damage|p2a: Iron Hands|6\/100 frz\n|-damage|p2b: Iron Bundle|36\/100\n|cant|p2a: Iron Hands|frz\n|move|p1b: Avalugg|Body Press|p2b: Iron Bundle\n|-supereffective|p2b: Iron Bundle\n|-damage|p2b: Iron Bundle|0 fnt\n|faint|p2b: Iron Bundle\n|-end|p2b: Iron Bundle|Quark Drive|[silent]\n|\n|-weather|Snow|[upkeep]\n|-heal|p1b: Avalugg|84\/100|[from] ability: Ice Body\n|-damage|p1a: Abomasnow|6\/100 psn|[from] psn\n|-sideend|p2: teamholberg3|move: Aurora Veil\n|upkeep\n|\n|t:|1697655888\n|switch|p2b: Ting-Lu|Ting-Lu|100\/100\n|-ability|p2b: Ting-Lu|Vessel of Ruin\n|turn|9\n|\n|t:|1697655900\n|switch|p1a: Glaceon|Glaceon, M|81\/100\n|-status|p1a: Glaceon|tox\n|-terastallize|p1b: Avalugg|Fighting\n|cant|p2a: Iron Hands|frz\n|move|p2b: Ting-Lu|Stomping Tantrum|p1a: Glaceon\n|-damage|p1a: Glaceon|67\/100 tox\n|move|p1b: Avalugg|Body Press|p2b: Ting-Lu\n|-supereffective|p2b: Ting-Lu\n|-damage|p2b: Ting-Lu|0 fnt\n|faint|p2b: Ting-Lu\n|\n|-weather|Snow|[upkeep]\n|-heal|p1b: Avalugg|90\/100|[from] ability: Ice Body\n|-damage|p1a: Glaceon|61\/100 tox|[from] psn\n|upkeep\n|\n|t:|1697655914\n|switch|p2b: Gyarados|Gyarados, F|100\/100\n|-ability|p2b: Gyarados|Intimidate|boost\n|-unboost|p1a: Glaceon|atk|1\n|-unboost|p1b: Avalugg|atk|1\n|turn|10\n|\n|t:|1697655926\n|move|p2b: Gyarados|Thunder Wave|p1b: Avalugg\n|-status|p1b: Avalugg|par\n|move|p1a: Glaceon|Freeze-Dry|p2b: Gyarados\n|-supereffective|p2b: Gyarados\n|-damage|p2b: Gyarados|0 fnt\n|faint|p2b: Gyarados\n|-damage|p1a: Glaceon|51\/100 tox|[from] item: Life Orb\n|cant|p2a: Iron Hands|frz\n|move|p1b: Avalugg|Body Press|p2a: Iron Hands\n|-damage|p2a: Iron Hands|0 fnt\n|faint|p2a: Iron Hands\n|-end|p2a: Iron Hands|Quark Drive|[silent]\n|\n|-weather|none\n|-damage|p1a: Glaceon|39\/100 tox|[from] psn\n|upkeep\n|\n|t:|1697655939\n|switch|p2b: Abomasnow|Abomasnow, F|3\/100\n|-weather|Snow|[from] ability: Snow Warning|[of] p2b: Abomasnow\n|turn|11\n|\n|t:|1697655950\n|move|p1a: Glaceon|Blizzard|p2b: Abomasnow\n|-damage|p2b: Abomasnow|0 fnt\n|faint|p2b: Abomasnow\n|-damage|p1a: Glaceon|30\/100 tox|[from] item: Life Orb\n|\n|win|DOUFB Naieter\n|raw|DOUFB Naieter's rating: 1238 &rarr; <strong>1255<\/strong><br \/>(+17 for winning)\n|raw|teamholberg3's rating: 1118 &rarr; <strong>1101<\/strong><br \/>(-17 for losing)\n","uploadtime":1697655959,"views":15,"p1id":"doufbnaieter","p2id":"teamholberg3","formatid":"gen9doublesou","rating":1101,"private":0,"password":""}