{"id":"gen9doublesou-1976363161","p1":"solidstate0","p2":"ch0deing","format":"[Gen 9] Doubles OU","log":"|j|\u2606solidstate0\n|j|\u2606ch0deing\n|t:|1698291468\n|gametype|doubles\n|player|p1|solidstate0|waiter|1000\n|player|p2|ch0deing|supernerd|1047\n|teamsize|p1|6\n|teamsize|p2|6\n|gen|9\n|tier|[Gen 9] Doubles OU\n|rated|\n|rule|Species Clause: Limit one of each Pok\u00e9mon\n|rule|OHKO Clause: OHKO moves are banned\n|rule|Evasion Moves Clause: Evasion moves are banned\n|rule|Gravity Sleep Clause: The combination of sleep-inducing moves with imperfect accuracy and Gravity or Gigantamax Orbeetle are banned\n|rule|Endless Battle Clause: Forcing endless battles is banned\n|rule|HP Percentage Mod: HP is shown in percentages\n|clearpoke\n|poke|p1|Zoroark-Hisui, M|\n|poke|p1|Polteageist-Antique|\n|poke|p1|Spiritomb, F|\n|poke|p1|Toxapex, M|\n|poke|p1|Volcarona, M|\n|poke|p1|Gholdengo|\n|poke|p2|Chandelure, M|\n|poke|p2|Basculegion-F, F|\n|poke|p2|Wo-Chien|\n|poke|p2|Amoonguss, F|\n|poke|p2|Ursaluna, M|\n|poke|p2|Glimmora, M|\n|teampreview\n|inactive|Battle timer is ON: inactive players will automatically lose when time's up. (requested by ch0deing)\n|inactive|ch0deing has 120 seconds left.\n|inactive|ch0deing has 90 seconds left.\n|\n|t:|1698291552\n|start\n|switch|p1a: Polteageist|Polteageist-Antique|100\/100\n|switch|p1b: Spiritomb|Spiritomb, F|100\/100\n|switch|p2a: Wo-Chien|Wo-Chien|100\/100\n|switch|p2b: Glimmora|Glimmora, M|100\/100\n|-ability|p2a: Wo-Chien|Tablets of Ruin\n|turn|1\n|inactive|solidstate0 has 120 seconds left.\n|\n|t:|1698291586\n|move|p2b: Glimmora|Stealth Rock|p1b: Spiritomb\n|-sidestart|p1: solidstate0|move: Stealth Rock\n|move|p1a: Polteageist|Shell Smash|p1a: Polteageist\n|-unboost|p1a: Polteageist|def|1\n|-unboost|p1a: Polteageist|spd|1\n|-boost|p1a: Polteageist|atk|2\n|-boost|p1a: Polteageist|spa|2\n|-boost|p1a: Polteageist|spe|2\n|move|p2a: Wo-Chien|Leech Seed|p1b: Spiritomb\n|-start|p1b: Spiritomb|move: Leech Seed\n|move|p1b: Spiritomb|Foul Play|p2b: Glimmora\n|-damage|p2b: Glimmora|85\/100\n|-damage|p1b: Spiritomb|84\/100|[from] item: Rocky Helmet|[of] p2b: Glimmora\n|-activate|p2b: Glimmora|ability: Toxic Debris\n|-sidestart|p1: solidstate0|move: Toxic Spikes\n|\n|-heal|p1b: Spiritomb|90\/100|[from] item: Leftovers\n|-damage|p1b: Spiritomb|78\/100|[from] Leech Seed|[of] p2a: Wo-Chien\n|upkeep\n|turn|2\n|inactive|solidstate0 has 120 seconds left.\n|\n|t:|1698291625\n|move|p1a: Polteageist|Stored Power|p2b: Glimmora\n|-supereffective|p2b: Glimmora\n|-damage|p2b: Glimmora|0 fnt\n|faint|p2b: Glimmora\n|move|p2a: Wo-Chien|Knock Off|p1a: Polteageist\n|-supereffective|p1a: Polteageist\n|-enditem|p1a: Polteageist|Focus Sash\n|-damage|p1a: Polteageist|1\/100\n|-ability|p1a: Polteageist|Weak Armor|boost\n|-unboost|p1a: Polteageist|def|1\n|-boost|p1a: Polteageist|spe|2\n|move|p1b: Spiritomb|Foul Play|p2a: Wo-Chien\n|-resisted|p2a: Wo-Chien\n|-damage|p2a: Wo-Chien|90\/100\n|\n|-heal|p1b: Spiritomb|84\/100|[from] item: Leftovers\n|-damage|p1b: Spiritomb|71\/100|[from] Leech Seed|[of] p2a: Wo-Chien\n|-heal|p2a: Wo-Chien|99\/100|[silent]\n|upkeep\n|inactive|ch0deing has 120 seconds left.\n|\n|t:|1698291642\n|switch|p2b: Chandelure|Chandelure, M, shiny|100\/100\n|turn|3\n|inactive|solidstate0 has 120 seconds left.\n|\n|t:|1698291668\n|move|p2a: Wo-Chien|Protect|p2a: Wo-Chien\n|-singleturn|p2a: Wo-Chien|Protect\n|move|p1b: Spiritomb|Shadow Sneak|p2b: Chandelure\n|-supereffective|p2b: Chandelure\n|-damage|p2b: Chandelure|68\/100\n|move|p1a: Polteageist|Giga Drain|p2a: Wo-Chien\n|-activate|p2a: Wo-Chien|move: Protect\n|move|p2b: Chandelure|Heat Wave|p1a: Polteageist|[spread] p1b\n|-miss|p2b: Chandelure|p1a: Polteageist\n|-damage|p1b: Spiritomb|39\/100\n|\n|-heal|p1b: Spiritomb|45\/100|[from] item: Leftovers\n|-damage|p1b: Spiritomb|33\/100|[from] Leech Seed|[of] p2a: Wo-Chien\n|-heal|p2a: Wo-Chien|100\/100|[silent]\n|upkeep\n|turn|4\n|inactive|solidstate0 has 120 seconds left.\n|\n|t:|1698291691\n|move|p1a: Polteageist|Shadow Ball|p2b: Chandelure\n|-supereffective|p2b: Chandelure\n|-crit|p2b: Chandelure\n|-damage|p2b: Chandelure|0 fnt\n|faint|p2b: Chandelure\n|move|p2a: Wo-Chien|Pollen Puff|p2: Chandelure|[notarget]\n|-fail|p2a: Wo-Chien\n|move|p1b: Spiritomb|Foul Play|p2a: Wo-Chien\n|-resisted|p2a: Wo-Chien\n|-damage|p2a: Wo-Chien|90\/100\n|\n|-heal|p1b: Spiritomb|39\/100|[from] item: Leftovers\n|-damage|p1b: Spiritomb|27\/100|[from] Leech Seed|[of] p2a: Wo-Chien\n|-heal|p2a: Wo-Chien|99\/100|[silent]\n|upkeep\n|\n|t:|1698291696\n|switch|p2b: Basculegion|Basculegion-F, F, shiny|100\/100\n|turn|5\n|\n|t:|1698291726\n|switch|p2b: Amoonguss|Amoonguss, F|100\/100\n|move|p2a: Wo-Chien|Protect|p2a: Wo-Chien\n|-singleturn|p2a: Wo-Chien|Protect\n|move|p1a: Polteageist|Giga Drain|p2b: Amoonguss\n|-resisted|p2b: Amoonguss\n|-damage|p2b: Amoonguss|91\/100\n|-heal|p1a: Polteageist|9\/100|[from] drain|[of] p2b: Amoonguss\n|move|p1b: Spiritomb|Pain Split|p2a: Wo-Chien\n|-activate|p2a: Wo-Chien|move: Protect\n|\n|-heal|p1b: Spiritomb|33\/100|[from] item: Leftovers\n|-heal|p2b: Amoonguss|97\/100|[from] item: Leftovers\n|-damage|p1b: Spiritomb|21\/100|[from] Leech Seed|[of] p2a: Wo-Chien\n|-heal|p2a: Wo-Chien|100\/100|[silent]\n|upkeep\n|turn|6\n|\n|t:|1698291746\n|move|p1a: Polteageist|Stored Power|p2b: Amoonguss\n|-supereffective|p2b: Amoonguss\n|-damage|p2b: Amoonguss|0 fnt\n|faint|p2b: Amoonguss\n|move|p2a: Wo-Chien|Knock Off|p1b: Spiritomb\n|-damage|p1b: Spiritomb|0 fnt\n|-enditem|p1b: Spiritomb|Leftovers|[from] move: Knock Off|[of] p2a: Wo-Chien\n|faint|p1b: Spiritomb\n|\n|upkeep\n|\n|t:|1698291760\n|switch|p1b: Gholdengo|Gholdengo|100\/100\n|switch|p2b: Basculegion|Basculegion-F, F, shiny|100\/100\n|-damage|p1b: Gholdengo|88\/100|[from] Stealth Rock\n|-status|p1b: Gholdengo|psn\n|turn|7\n|\n|t:|1698291780\n|move|p1a: Polteageist|Giga Drain|p2b: Basculegion\n|-supereffective|p2b: Basculegion\n|-damage|p2b: Basculegion|3\/100\n|-heal|p1a: Polteageist|92\/100|[from] drain|[of] p2b: Basculegion\n|move|p1b: Gholdengo|Flamethrower|p2a: Wo-Chien\n|-supereffective|p2a: Wo-Chien\n|-damage|p2a: Wo-Chien|54\/100\n|move|p2b: Basculegion|Zen Headbutt|p1a: Polteageist|[miss]\n|-miss|p2b: Basculegion|p1a: Polteageist\n|move|p2a: Wo-Chien|Leech Seed|p1b: Gholdengo\n|-start|p1b: Gholdengo|move: Leech Seed\n|\n|-damage|p1b: Gholdengo|76\/100 psn|[from] Leech Seed|[of] p2a: Wo-Chien\n|-heal|p2a: Wo-Chien|62\/100|[silent]\n|-damage|p1b: Gholdengo|63\/100 psn|[from] psn\n|upkeep\n|turn|8\n|\n|t:|1698291803\n|move|p1a: Polteageist|Giga Drain|p2b: Basculegion\n|-supereffective|p2b: Basculegion\n|-damage|p2b: Basculegion|0 fnt\n|-heal|p1a: Polteageist|94\/100|[from] drain|[of] p2b: Basculegion\n|faint|p2b: Basculegion\n|move|p1b: Gholdengo|Flamethrower|p2a: Wo-Chien\n|-supereffective|p2a: Wo-Chien\n|-damage|p2a: Wo-Chien|10\/100\n|-enditem|p2a: Wo-Chien|Figy Berry|[eat]\n|-heal|p2a: Wo-Chien|44\/100|[from] item: Figy Berry\n|move|p2a: Wo-Chien|Knock Off|p1b: Gholdengo\n|-supereffective|p1b: Gholdengo\n|-damage|p1b: Gholdengo|0 fnt\n|replace|p1b: Zoroark|Zoroark-Hisui, M\n|-end|p1b: Zoroark|Illusion\n|-enditem|p1b: Zoroark|Choice Specs|[from] move: Knock Off|[of] p2a: Wo-Chien\n|faint|p1b: Zoroark\n|\n|upkeep\n|\n|t:|1698291823\n|switch|p1b: Toxapex|Toxapex, M|100\/100\n|switch|p2b: Ursaluna|Ursaluna, M, shiny|100\/100\n|-damage|p1b: Toxapex|88\/100|[from] Stealth Rock\n|-sideend|p1: solidstate0|move: Toxic Spikes|[of] p1b: Toxapex\n|turn|9\n|\n|t:|1698291834\n|move|p1a: Polteageist|Giga Drain|p2b: Ursaluna\n|-supereffective|p2b: Ursaluna\n|-damage|p2b: Ursaluna|0 fnt\n|-heal|p1a: Polteageist|100\/100|[from] drain|[of] p2b: Ursaluna\n|faint|p2b: Ursaluna\n|move|p2a: Wo-Chien|Leech Seed|p1b: Toxapex\n|-start|p1b: Toxapex|move: Leech Seed\n|move|p1b: Toxapex|Ice Beam|p2a: Wo-Chien\n|-supereffective|p2a: Wo-Chien\n|-damage|p2a: Wo-Chien|30\/100\n|\n|-damage|p1b: Toxapex|75\/100|[from] Leech Seed|[of] p2a: Wo-Chien\n|-heal|p2a: Wo-Chien|40\/100|[silent]\n|upkeep\n|turn|10\n|\n|t:|1698291861\n|move|p1a: Polteageist|Stored Power|p2a: Wo-Chien\n|-immune|p2a: Wo-Chien\n|move|p2a: Wo-Chien|Leech Seed|p1a: Polteageist\n|-start|p1a: Polteageist|move: Leech Seed\n|move|p1b: Toxapex|Toxic|p2a: Wo-Chien\n|-status|p2a: Wo-Chien|tox\n|\n|-damage|p1a: Polteageist|88\/100|[from] Leech Seed|[of] p2a: Wo-Chien\n|-heal|p2a: Wo-Chien|48\/100 tox|[silent]\n|-damage|p1b: Toxapex|63\/100|[from] Leech Seed|[of] p2a: Wo-Chien\n|-heal|p2a: Wo-Chien|59\/100 tox|[silent]\n|-damage|p2a: Wo-Chien|52\/100 tox|[from] psn\n|upkeep\n|turn|11\n|\n|t:|1698291883\n|move|p1a: Polteageist|Giga Drain|p2a: Wo-Chien\n|-resisted|p2a: Wo-Chien\n|-damage|p2a: Wo-Chien|39\/100 tox\n|-heal|p1a: Polteageist|98\/100|[from] drain|[of] p2a: Wo-Chien\n|move|p2a: Wo-Chien|Knock Off|p1b: Toxapex\n|-damage|p1b: Toxapex|44\/100\n|-enditem|p1b: Toxapex|Covert Cloak|[from] move: Knock Off|[of] p2a: Wo-Chien\n|move|p1b: Toxapex|Ice Beam|p2a: Wo-Chien\n|-supereffective|p2a: Wo-Chien\n|-crit|p2a: Wo-Chien\n|-damage|p2a: Wo-Chien|19\/100 tox\n|\n|-damage|p1a: Polteageist|86\/100|[from] Leech Seed|[of] p2a: Wo-Chien\n|-heal|p2a: Wo-Chien|28\/100 tox|[silent]\n|-damage|p1b: Toxapex|31\/100|[from] Leech Seed|[of] p2a: Wo-Chien\n|-heal|p2a: Wo-Chien|38\/100 tox|[silent]\n|-damage|p2a: Wo-Chien|26\/100 tox|[from] psn\n|upkeep\n|turn|12\n|\n|t:|1698291902\n|move|p1a: Polteageist|Giga Drain|p2a: Wo-Chien\n|-resisted|p2a: Wo-Chien\n|-damage|p2a: Wo-Chien|12\/100 tox\n|-heal|p1a: Polteageist|96\/100|[from] drain|[of] p2a: Wo-Chien\n|move|p2a: Wo-Chien|Pollen Puff|p1a: Polteageist\n|-resisted|p1a: Polteageist\n|-damage|p1a: Polteageist|78\/100\n|move|p1b: Toxapex|Recover|p1b: Toxapex\n|-heal|p1b: Toxapex|81\/100\n|\n|-damage|p1a: Polteageist|65\/100|[from] Leech Seed|[of] p2a: Wo-Chien\n|-heal|p2a: Wo-Chien|21\/100 tox|[silent]\n|-damage|p1b: Toxapex|69\/100|[from] Leech Seed|[of] p2a: Wo-Chien\n|-heal|p2a: Wo-Chien|31\/100 tox|[silent]\n|-damage|p2a: Wo-Chien|13\/100 tox|[from] psn\n|upkeep\n|turn|13\n|\n|t:|1698291921\n|move|p1a: Polteageist|Giga Drain|p2a: Wo-Chien\n|-resisted|p2a: Wo-Chien\n|-damage|p2a: Wo-Chien|0 fnt\n|-heal|p1a: Polteageist|74\/100|[from] drain|[of] p2a: Wo-Chien\n|faint|p2a: Wo-Chien\n|\n|win|solidstate0\n|raw|solidstate0's rating: 1000 &rarr; <strong>1045<\/strong><br \/>(+45 for winning)\n|raw|ch0deing's rating: 1047 &rarr; <strong>1028<\/strong><br \/>(-19 for losing)\n|l|\u2606ch0deing\n","uploadtime":1698291932,"views":16,"p1id":"solidstate0","p2id":"ch0deing","formatid":"gen9doublesou","rating":1028,"private":0,"password":""}