{"id":"gen9doublesou-1970410273","p1":"RocketsViability","p2":"cmxncsa","format":"[Gen 9] Doubles OU","log":"|j|\u2606RocketsViability\n|j|\u2606cmxncsa\n|t:|1697636660\n|gametype|doubles\n|player|p1|RocketsViability|266|1117\n|player|p2|cmxncsa|2|1021\n|teamsize|p1|6\n|teamsize|p2|6\n|gen|9\n|tier|[Gen 9] Doubles OU\n|rated|\n|rule|Species Clause: Limit one of each Pok\u00e9mon\n|rule|OHKO Clause: OHKO moves are banned\n|rule|Evasion Moves Clause: Evasion moves are banned\n|rule|Gravity Sleep Clause: The combination of sleep-inducing moves with imperfect accuracy and Gravity or Gigantamax Orbeetle are banned\n|rule|Endless Battle Clause: Forcing endless battles is banned\n|rule|HP Percentage Mod: HP is shown in percentages\n|clearpoke\n|poke|p1|Ninetales-Alola, F|\n|poke|p1|Trevenant, F|\n|poke|p1|Goodra-Hisui, M|\n|poke|p1|Sandslash-Alola, M|\n|poke|p1|Torterra, M|\n|poke|p1|Empoleon, F|\n|poke|p2|Garchomp, F|\n|poke|p2|Amoonguss, F|\n|poke|p2|Flutter Mane|\n|poke|p2|Torkoal, F|\n|poke|p2|Meowscarada, M|\n|poke|p2|Flamigo, M|\n|teampreview\n|\n|t:|1697636673\n|start\n|switch|p1a: Torterra|Torterra, M|100\/100\n|switch|p1b: Trevenant|Trevenant, F|100\/100\n|switch|p2a: Flamigo|Flamigo, M, shiny|100\/100\n|switch|p2b: Torkoal|Torkoal, F, shiny|100\/100\n|-copyboost|p2a: Flamigo|p2b: Torkoal|[from] ability: Costar\n|-weather|SunnyDay|[from] ability: Drought|[of] p2b: Torkoal\n|turn|1\n|\n|t:|1697636691\n|switch|p1b: Ninetales|Ninetales-Alola, F|100\/100\n|-weather|Snow|[from] ability: Snow Warning|[of] p1b: Ninetales\n|move|p2a: Flamigo|Brave Bird|p1a: Torterra\n|-supereffective|p1a: Torterra\n|-damage|p1a: Torterra|0 fnt\n|faint|p1a: Torterra\n|-damage|p2a: Flamigo|65\/100|[from] Recoil\n|move|p2b: Torkoal|Eruption|p1b: Ninetales\n|-supereffective|p1b: Ninetales\n|-damage|p1b: Ninetales|0 fnt\n|faint|p1b: Ninetales\n|\n|-weather|Snow|[upkeep]\n|upkeep\n|\n|t:|1697636703\n|switch|p1b: Trevenant|Trevenant, F|100\/100\n|switch|p1a: Empoleon|Empoleon, F|100\/100\n|turn|2\n|\n|t:|1697636714\n|-terastallize|p1b: Trevenant|Water\n|move|p2a: Flamigo|Close Combat|p1a: Empoleon\n|-supereffective|p1a: Empoleon\n|-damage|p1a: Empoleon|0 fnt\n|-unboost|p2a: Flamigo|def|1\n|-unboost|p2a: Flamigo|spd|1\n|faint|p1a: Empoleon\n|move|p1b: Trevenant|Disable|p2b: Torkoal\n|-start|p2b: Torkoal|Disable|Eruption\n|cant|p2b: Torkoal|Disable|Eruption\n|\n|-weather|Snow|[upkeep]\n|upkeep\n|\n|t:|1697636724\n|switch|p1a: Sandslash|Sandslash-Alola, M|100\/100\n|turn|3\n|\n|t:|1697636738\n|move|p1b: Trevenant|Ally Switch|p1b: Trevenant\n|swap|p1b: Trevenant|0|[from] move: Ally Switch\n|move|p2a: Flamigo|Brave Bird|p1b: Sandslash\n|-resisted|p1b: Sandslash\n|-damage|p1b: Sandslash|84\/100\n|-damage|p2a: Flamigo|59\/100|[from] Recoil\n|move|p1b: Sandslash|Ice Spinner|p2a: Flamigo\n|-supereffective|p2a: Flamigo\n|-damage|p2a: Flamigo|0 fnt\n|faint|p2a: Flamigo\n|move|p2b: Torkoal|Fire Blast|p1a: Trevenant\n|-resisted|p1a: Trevenant\n|-damage|p1a: Trevenant|81\/100\n|\n|-weather|Snow|[upkeep]\n|upkeep\n|\n|t:|1697636755\n|switch|p2a: Flutter Mane|Flutter Mane, shiny|100\/100\n|turn|4\n|\n|t:|1697636767\n|-end|p2a: Flutter Mane|Protosynthesis|[silent]\n|switch|p2a: Meowscarada|Meowscarada, M, shiny|100\/100\n|move|p1b: Sandslash|Knock Off|p2a: Meowscarada\n|-resisted|p2a: Meowscarada\n|-damage|p2a: Meowscarada|81\/100\n|-enditem|p2a: Meowscarada|Choice Band|[from] move: Knock Off|[of] p1b: Sandslash\n|move|p1a: Trevenant|Toxic|p2b: Torkoal\n|-status|p2b: Torkoal|tox\n|move|p2b: Torkoal|Fire Blast|p1a: Trevenant\n|-resisted|p1a: Trevenant\n|-damage|p1a: Trevenant|64\/100\n|\n|-weather|Snow|[upkeep]\n|-damage|p2b: Torkoal|94\/100 tox|[from] psn\n|upkeep\n|turn|5\n|\n|t:|1697636789\n|move|p1a: Trevenant|Ally Switch|p1a: Trevenant\n|swap|p1a: Trevenant|1|[from] move: Ally Switch\n|move|p2a: Meowscarada|Flower Trick|p1a: Sandslash\n|-resisted|p1a: Sandslash\n|-crit|p1a: Sandslash\n|-damage|p1a: Sandslash|68\/100\n|move|p1a: Sandslash|Leech Life|p2a: Meowscarada\n|-supereffective|p2a: Meowscarada\n|-damage|p2a: Meowscarada|0 fnt\n|-heal|p1a: Sandslash|100\/100|[from] drain|[of] p2a: Meowscarada\n|faint|p2a: Meowscarada\n|move|p2b: Torkoal|Fire Blast|p1b: Trevenant\n|-resisted|p1b: Trevenant\n|-damage|p1b: Trevenant|47\/100\n|-enditem|p1b: Trevenant|Sitrus Berry|[eat]\n|-heal|p1b: Trevenant|72\/100|[from] item: Sitrus Berry\n|\n|-weather|Snow|[upkeep]\n|-heal|p2b: Torkoal|100\/100 tox|[from] item: Leftovers\n|-damage|p2b: Torkoal|88\/100 tox|[from] psn\n|-end|p2b: Torkoal|Disable\n|upkeep\n|\n|t:|1697636812\n|switch|p2a: Amoonguss|Amoonguss, F, shiny|100\/100\n|turn|6\n|\n|t:|1697636824\n|move|p2a: Amoonguss|Spore|p1a: Sandslash\n|-status|p1a: Sandslash|slp|[from] move: Spore\n|cant|p1a: Sandslash|slp\n|move|p1b: Trevenant|Disable|p2b: Torkoal\n|-start|p2b: Torkoal|Disable|Fire Blast\n|move|p2b: Torkoal|Eruption|p1b: Trevenant|[spread] p1b\n|-miss|p2b: Torkoal|p1a: Sandslash\n|-resisted|p1b: Trevenant\n|-damage|p1b: Trevenant|56\/100\n|\n|-weather|Snow|[upkeep]\n|-heal|p2b: Torkoal|94\/100 tox|[from] item: Leftovers\n|-damage|p2b: Torkoal|76\/100 tox|[from] psn\n|upkeep\n|turn|7\n|\n|t:|1697636847\n|switch|p1a: Goodra|Goodra-Hisui, M|100\/100\n|move|p1b: Trevenant|Ally Switch|p1b: Trevenant\n|swap|p1b: Trevenant|0|[from] move: Ally Switch\n|move|p2a: Amoonguss|Pollen Puff|p2b: Torkoal\n|-heal|p2b: Torkoal|100\/100 tox\n|move|p2b: Torkoal|Eruption|p1a: Trevenant|[spread] p1a,p1b\n|-resisted|p1a: Trevenant\n|-damage|p1a: Trevenant|37\/100\n|-damage|p1b: Goodra|68\/100\n|\n|-weather|Snow|[upkeep]\n|-damage|p2b: Torkoal|76\/100 tox|[from] psn\n|-item|p1a: Trevenant|Sitrus Berry|[from] ability: Harvest\n|upkeep\n|-enditem|p1a: Trevenant|Sitrus Berry|[eat]\n|-heal|p1a: Trevenant|62\/100|[from] item: Sitrus Berry\n|turn|8\n|\n|t:|1697636872\n|move|p2a: Amoonguss|Pollen Puff|p2b: Torkoal\n|-heal|p2b: Torkoal|100\/100 tox\n|move|p1b: Goodra|Blizzard|p2a: Amoonguss|[spread] p2a,p2b\n|-supereffective|p2a: Amoonguss\n|-resisted|p2b: Torkoal\n|-damage|p2a: Amoonguss|37\/100\n|-damage|p2b: Torkoal|80\/100 tox\n|-status|p2a: Amoonguss|frz\n|-enditem|p2a: Amoonguss|Sitrus Berry|[eat]\n|-heal|p2a: Amoonguss|61\/100 frz|[from] item: Sitrus Berry\n|move|p1a: Trevenant|Disable|p2a: Amoonguss\n|-start|p2a: Amoonguss|Disable|Pollen Puff\n|move|p2b: Torkoal|Solar Beam||[still]\n|-prepare|p2b: Torkoal|Solar Beam\n|\n|-weather|none\n|-heal|p2b: Torkoal|86\/100 tox|[from] item: Leftovers\n|-damage|p2b: Torkoal|55\/100 tox|[from] psn\n|upkeep\n|turn|9\n|\n|t:|1697636896\n|move|p1b: Goodra|Protect|p1b: Goodra\n|-singleturn|p1b: Goodra|Protect\n|move|p1a: Trevenant|Ally Switch|p1a: Trevenant\n|swap|p1a: Trevenant|1|[from] move: Ally Switch\n|cant|p2a: Amoonguss|frz\n|move|p2b: Torkoal|Solar Beam|p1a: Goodra|[from]lockedmove\n|-activate|p1a: Goodra|move: Protect\n|\n|-heal|p2b: Torkoal|61\/100 tox|[from] item: Leftovers\n|-damage|p2b: Torkoal|25\/100 tox|[from] psn\n|-end|p2b: Torkoal|Disable\n|-item|p1b: Trevenant|Sitrus Berry|[from] ability: Harvest\n|upkeep\n|turn|10\n|\n|t:|1697636918\n|switch|p2b: Garchomp|Garchomp, F, shiny|100\/100\n|cant|p2a: Amoonguss|frz\n|move|p1a: Goodra|Flamethrower|p2a: Amoonguss\n|-supereffective|p2a: Amoonguss\n|-damage|p2a: Amoonguss|0 fnt\n|faint|p2a: Amoonguss\n|move|p1b: Trevenant|Disable||[still]\n|-fail|p1b: Trevenant\n|\n|upkeep\n|\n|t:|1697636931\n|switch|p2a: Flutter Mane|Flutter Mane, shiny|100\/100\n|turn|11\n|\n|t:|1697636940\n|-terastallize|p2b: Garchomp|Dragon\n|move|p1a: Goodra|Protect|p1a: Goodra\n|-singleturn|p1a: Goodra|Protect\n|move|p2a: Flutter Mane|Calm Mind|p2a: Flutter Mane\n|-boost|p2a: Flutter Mane|spa|1\n|-boost|p2a: Flutter Mane|spd|1\n|move|p2b: Garchomp|Earthquake|p1a: Goodra|[spread] p2a,p1b\n|-activate|p1a: Goodra|move: Protect\n|-damage|p2a: Flutter Mane|23\/100\n|-damage|p1b: Trevenant|14\/100\n|-enditem|p1b: Trevenant|Sitrus Berry|[eat]\n|-heal|p1b: Trevenant|39\/100|[from] item: Sitrus Berry\n|move|p1b: Trevenant|Toxic|p2b: Garchomp\n|-status|p2b: Garchomp|tox\n|\n|-damage|p2b: Garchomp|94\/100 tox|[from] psn\n|upkeep\n|turn|12\n|\n|t:|1697636977\n|switch|p1b: Sandslash|Sandslash-Alola, M|100\/100 slp\n|move|p2a: Flutter Mane|Shadow Ball|p1b: Sandslash\n|-damage|p1b: Sandslash|0 fnt\n|faint|p1b: Sandslash\n|-damage|p2a: Flutter Mane|13\/100|[from] item: Life Orb\n|move|p2b: Garchomp|Swords Dance|p2b: Garchomp\n|-boost|p2b: Garchomp|atk|2\n|move|p1a: Goodra|Blizzard|p2b: Garchomp|[spread] p2b\n|-miss|p1a: Goodra|p2a: Flutter Mane\n|-supereffective|p2b: Garchomp\n|-damage|p2b: Garchomp|35\/100 tox\n|\n|-damage|p2b: Garchomp|23\/100 tox|[from] psn\n|upkeep\n|\n|t:|1697636991\n|switch|p1b: Trevenant|Trevenant, F, tera:Water|39\/100\n|turn|13\n|\n|t:|1697637002\n|move|p1a: Goodra|Protect|p1a: Goodra\n|-singleturn|p1a: Goodra|Protect\n|move|p2a: Flutter Mane|Shadow Ball|p1a: Goodra\n|-activate|p1a: Goodra|move: Protect\n|move|p2b: Garchomp|Earthquake|p1a: Goodra|[spread] p2a,p1b\n|-activate|p1a: Goodra|move: Protect\n|-damage|p2a: Flutter Mane|0 fnt\n|-damage|p1b: Trevenant|0 fnt\n|faint|p2a: Flutter Mane\n|-end|p2a: Flutter Mane|Protosynthesis|[silent]\n|faint|p1b: Trevenant\n|\n|-damage|p2b: Garchomp|4\/100 tox|[from] psn\n|upkeep\n|\n|t:|1697637017\n|switch|p2a: Torkoal|Torkoal, F, shiny|25\/100 tox\n|-weather|SunnyDay|[from] ability: Drought|[of] p2a: Torkoal\n|turn|14\n|\n|t:|1697637024\n|move|p1a: Goodra|Protect|p1a: Goodra\n|-singleturn|p1a: Goodra|Protect\n|move|p2b: Garchomp|Earthquake|p1a: Goodra|[spread] p2a\n|-activate|p1a: Goodra|move: Protect\n|-supereffective|p2a: Torkoal\n|-damage|p2a: Torkoal|0 fnt\n|faint|p2a: Torkoal\n|\n|-weather|SunnyDay|[upkeep]\n|-damage|p2b: Garchomp|0 fnt|[from] psn\n|faint|p2b: Garchomp\n|\n|win|RocketsViability\n|upkeep\n|raw|RocketsViability's rating: 1117 &rarr; <strong>1135<\/strong><br \/>(+18 for winning)\n|raw|cmxncsa's rating: 1021 &rarr; <strong>1011<\/strong><br \/>(-10 for losing)\n|c|\u2606RocketsViability|gg\n","uploadtime":1697637037,"views":6,"p1id":"rocketsviability","p2id":"cmxncsa","formatid":"gen9doublesou","rating":1011,"private":0,"password":""}