{"id":"gen9doublesou-1989785927","p1":"yescaman","p2":"Zerockmanknight","format":"[Gen 9] Doubles OU","log":"|j|\u2606yescaman\n|j|\u2606Zerockmanknight\n|t:|1699895605\n|gametype|doubles\n|player|p1|yescaman|chuck|1212\n|player|p2|Zerockmanknight|hugh|1278\n|teamsize|p1|6\n|teamsize|p2|6\n|gen|9\n|tier|[Gen 9] Doubles OU\n|rated|\n|rule|Species Clause: Limit one of each Pok\u00e9mon\n|rule|OHKO Clause: OHKO moves are banned\n|rule|Evasion Moves Clause: Evasion moves are banned\n|rule|Gravity Sleep Clause: The combination of sleep-inducing moves with imperfect accuracy and Gravity or Gigantamax Orbeetle are banned\n|rule|Endless Battle Clause: Forcing endless battles is banned\n|rule|HP Percentage Mod: HP is shown in percentages\n|clearpoke\n|poke|p1|Shiftry, M|\n|poke|p1|Murkrow, M|\n|poke|p1|Rillaboom, M|\n|poke|p1|Gliscor, F|\n|poke|p1|Goodra-Hisui, F|\n|poke|p1|Flutter Mane|\n|poke|p2|Arboliva, F|\n|poke|p2|Hatterene, F|\n|poke|p2|Amoonguss, F|\n|poke|p2|Glastrier|\n|poke|p2|Arcanine-Hisui, M|\n|poke|p2|Slowking, F|\n|teampreview\n|inactive|Battle timer is ON: inactive players will automatically lose when time's up. (requested by yescaman)\n|\n|t:|1699895630\n|start\n|switch|p1a: Shiftry|Shiftry, M|100\/100\n|switch|p1b: Murkrow|Murkrow, M|100\/100\n|switch|p2a: Amoonguss|Amoonguss, F|100\/100\n|switch|p2b: Slowking|Slowking, F|100\/100\n|turn|1\n|\n|t:|1699895642\n|move|p1a: Shiftry|Fake Out|p2a: Amoonguss\n|-damage|p2a: Amoonguss|87\/100\n|cant|p2a: Amoonguss|flinch\n|move|p1b: Murkrow|Tailwind|p1b: Murkrow\n|-sidestart|p1: yescaman|move: Tailwind\n|-ability|p1a: Shiftry|Wind Rider|boost\n|-boost|p1a: Shiftry|atk|1\n|move|p2b: Slowking|Trick Room|p2b: Slowking\n|-fieldstart|move: Trick Room|[of] p2b: Slowking\n|\n|upkeep\n|turn|2\n|c|\u2606Zerockmanknight|!dt wind rider\n|raw|<ul class=\"utilichart\"><li class=\"result\"><span class=\"col namecol\"><a href=\"https:\/\/dex.pokemonshowdown.com\/abilities\/windrider\">Wind Rider<\/a><\/span> <span class=\"col abilitydesccol\">Attack raised by 1 if hit by a wind move or Tailwind begins. Wind move immunity.<\/span> <\/li><li style=\"clear:both\"><\/li><\/ul>\n|raw|<font size=\"1\"><font color=\"#686868\">Gen:<\/font> 9&nbsp;|&ThickSpace;&#10003; Ignored by Mold Breaker<\/font>\n\n|\n|t:|1699895668\n|switch|p2b: Arboliva|Arboliva, F|100\/100\n|move|p1b: Murkrow|Taunt|p2a: Amoonguss\n|-start|p2a: Amoonguss|move: Taunt\n|move|p2a: Amoonguss|Pollen Puff|p1a: Shiftry\n|-supereffective|p1a: Shiftry\n|-damage|p1a: Shiftry|19\/100\n|move|p1a: Shiftry|Knock Off|p2b: Arboliva\n|-damage|p2b: Arboliva|28\/100\n|-fieldstart|move: Grassy Terrain|[from] ability: Seed Sower|[of] p2b: Arboliva\n|-enditem|p2b: Arboliva|Life Orb|[from] move: Knock Off|[of] p1a: Shiftry\n|\n|-heal|p2a: Amoonguss|93\/100|[from] Grassy Terrain\n|-heal|p2b: Arboliva|34\/100|[from] Grassy Terrain\n|-heal|p1a: Shiftry|25\/100|[from] Grassy Terrain\n|upkeep\n|turn|3\n|inactive|yescaman has 120 seconds left.\n|\n|t:|1699895703\n|switch|p1a: Rillaboom|Rillaboom, M|100\/100\n|-enditem|p1a: Rillaboom|Grassy Seed\n|-boost|p1a: Rillaboom|def|1|[from] item: Grassy Seed\n|-terastallize|p2b: Arboliva|Rock\n|move|p1b: Murkrow|Taunt|p2b: Arboliva\n|-start|p2b: Arboliva|move: Taunt\n|move|p2a: Amoonguss|Pollen Puff|p1a: Rillaboom\n|-supereffective|p1a: Rillaboom\n|-damage|p1a: Rillaboom|50\/100\n|move|p2b: Arboliva|Tera Blast|p1b: Murkrow|[anim] Tera Blast Rock\n|-supereffective|p1b: Murkrow\n|-damage|p1b: Murkrow|6\/100\n|\n|-heal|p2a: Amoonguss|99\/100|[from] Grassy Terrain\n|-heal|p2b: Arboliva|40\/100|[from] Grassy Terrain\n|-heal|p1a: Rillaboom|56\/100|[from] Grassy Terrain\n|upkeep\n|turn|4\n|\n|t:|1699895723\n|switch|p1b: Goodra|Goodra-Hisui, F|100\/100\n|move|p1a: Rillaboom|Grassy Glide|p2b: Arboliva\n|-supereffective|p2b: Arboliva\n|-damage|p2b: Arboliva|0 fnt\n|faint|p2b: Arboliva\n|move|p2a: Amoonguss|Pollen Puff|p1b: Goodra\n|-resisted|p1b: Goodra\n|-damage|p1b: Goodra|95\/100\n|\n|-heal|p2a: Amoonguss|100\/100|[from] Grassy Terrain\n|-heal|p1b: Goodra|100\/100|[from] Grassy Terrain\n|-heal|p1a: Rillaboom|62\/100|[from] Grassy Terrain\n|-end|p2a: Amoonguss|move: Taunt\n|-sideend|p1: yescaman|move: Tailwind\n|upkeep\n|\n|t:|1699895728\n|switch|p2b: Glastrier|Glastrier|100\/100\n|turn|5\n|inactive|yescaman has 120 seconds left.\n|\n|t:|1699895781\n|move|p2a: Amoonguss|Spore|p1b: Goodra\n|-ability|p1b: Goodra|Sap Sipper|boost\n|-boost|p1b: Goodra|atk|1\n|move|p2b: Glastrier|Icicle Crash|p1a: Rillaboom\n|-supereffective|p1a: Rillaboom\n|-damage|p1a: Rillaboom|0 fnt\n|faint|p1a: Rillaboom\n|-ability|p2b: Glastrier|Chilling Neigh|boost\n|-boost|p2b: Glastrier|atk|1\n|-damage|p2b: Glastrier|91\/100|[from] item: Life Orb\n|move|p1b: Goodra|Shelter|p1b: Goodra\n|-boost|p1b: Goodra|def|2\n|\n|-heal|p2b: Glastrier|97\/100|[from] Grassy Terrain\n|-fieldend|move: Trick Room\n|upkeep\n|inactive|yescaman has 90 seconds left.\n|\n|t:|1699895803\n|switch|p1a: Flutter Mane|Flutter Mane|100\/100\n|turn|6\n|inactive|Zerockmanknight has 120 seconds left.\n|inactive|Zerockmanknight has 90 seconds left.\n|\n|t:|1699895877\n|move|p2a: Amoonguss|Rage Powder|p2a: Amoonguss\n|-singleturn|p2a: Amoonguss|move: Rage Powder\n|move|p1a: Flutter Mane|Mystical Fire|p2a: Amoonguss\n|-supereffective|p2a: Amoonguss\n|-damage|p2a: Amoonguss|60\/100\n|-unboost|p2a: Amoonguss|spa|1\n|move|p1b: Goodra|Body Press|p2a: Amoonguss\n|-resisted|p2a: Amoonguss\n|-damage|p2a: Amoonguss|39\/100\n|move|p2b: Glastrier|Icicle Crash|p1a: Flutter Mane\n|-damage|p1a: Flutter Mane|0 fnt\n|faint|p1a: Flutter Mane\n|-end|p1a: Flutter Mane|Protosynthesis|[silent]\n|-ability|p2b: Glastrier|Chilling Neigh|boost\n|-boost|p2b: Glastrier|atk|1\n|-damage|p2b: Glastrier|87\/100|[from] item: Life Orb\n|\n|-heal|p2a: Amoonguss|45\/100|[from] Grassy Terrain\n|-heal|p2b: Glastrier|93\/100|[from] Grassy Terrain\n|-fieldend|move: Grassy Terrain\n|upkeep\n|\n|t:|1699895896\n|switch|p1a: Shiftry|Shiftry, M|25\/100\n|turn|7\n|inactive|Zerockmanknight has 90 seconds left.\n|\n|t:|1699895923\n|switch|p2b: Slowking|Slowking, F|100\/100\n|move|p2a: Amoonguss|Protect|p2a: Amoonguss\n|-singleturn|p2a: Amoonguss|Protect\n|move|p1a: Shiftry|Fake Out|p2b: Slowking\n|-damage|p2b: Slowking|87\/100\n|move|p1b: Goodra|Heavy Slam|p2a: Amoonguss\n|-activate|p2a: Amoonguss|move: Protect\n|\n|upkeep\n|turn|8\n|inactive|yescaman has 120 seconds left.\n|\n|t:|1699895938\n|move|p2a: Amoonguss|Rage Powder|p2a: Amoonguss\n|-singleturn|p2a: Amoonguss|move: Rage Powder\n|move|p1a: Shiftry|Leaf Blade|p2b: Slowking\n|-supereffective|p2b: Slowking\n|-damage|p2b: Slowking|0 fnt\n|faint|p2b: Slowking\n|move|p1b: Goodra|Heavy Slam|p2a: Amoonguss\n|-damage|p2a: Amoonguss|0 fnt\n|faint|p2a: Amoonguss\n|\n|upkeep\n|\n|t:|1699895948\n|switch|p2b: Hatterene|Hatterene, F|100\/100\n|switch|p2a: Arcanine|Arcanine-Hisui, M|100\/100\n|-ability|p2a: Arcanine|Intimidate|boost\n|-unboost|p1a: Shiftry|atk|1\n|-unboost|p1b: Goodra|atk|1\n|turn|9\n|inactive|Zerockmanknight has 120 seconds left.\n|\n|t:|1699895960\n|switch|p1a: Gliscor|Gliscor, F|100\/100\n|move|p2a: Arcanine|Extreme Speed|p1a: Gliscor\n|-damage|p1a: Gliscor|82\/100\n|move|p1b: Goodra|Heavy Slam|p2b: Hatterene\n|-supereffective|p2b: Hatterene\n|-damage|p2b: Hatterene|6\/100\n|-enditem|p2b: Hatterene|Aguav Berry|[eat]\n|-heal|p2b: Hatterene|39\/100|[from] item: Aguav Berry\n|move|p2b: Hatterene|Trick Room|p2b: Hatterene\n|-fieldstart|move: Trick Room|[of] p2b: Hatterene\n|\n|-status|p1a: Gliscor|tox|[from] item: Toxic Orb\n|upkeep\n|turn|10\n|\n|t:|1699895979\n|move|p2b: Hatterene|Dazzling Gleam|p1a: Gliscor|[spread] p1a,p1b\n|-damage|p1a: Gliscor|50\/100 tox\n|-damage|p1b: Goodra|79\/100\n|move|p1b: Goodra|Body Press|p2a: Arcanine\n|-supereffective|p2a: Arcanine\n|-damage|p2a: Arcanine|1\/100\n|-enditem|p2a: Arcanine|Aguav Berry|[eat]\n|-heal|p2a: Arcanine|35\/100|[from] item: Aguav Berry\n|move|p1a: Gliscor|Swords Dance|p1a: Gliscor\n|-boost|p1a: Gliscor|atk|2\n|move|p2a: Arcanine|Rock Slide|p1b: Goodra|[spread] p1a\n|-miss|p2a: Arcanine|p1b: Goodra\n|-damage|p1a: Gliscor|30\/100 tox\n|\n|-heal|p1a: Gliscor|42\/100 tox|[from] ability: Poison Heal\n|upkeep\n|turn|11\n|\n|t:|1699895995\n|move|p1a: Gliscor|Protect|p1a: Gliscor\n|-singleturn|p1a: Gliscor|Protect\n|move|p2a: Arcanine|Extreme Speed|p1a: Gliscor\n|-activate|p1a: Gliscor|move: Protect\n|move|p2b: Hatterene|Dazzling Gleam|p1a: Gliscor|[spread] p1b\n|-activate|p1a: Gliscor|move: Protect\n|-damage|p1b: Goodra|59\/100\n|move|p1b: Goodra|Heavy Slam|p2b: Hatterene\n|-supereffective|p2b: Hatterene\n|-damage|p2b: Hatterene|0 fnt\n|faint|p2b: Hatterene\n|\n|-heal|p1a: Gliscor|55\/100 tox|[from] ability: Poison Heal\n|upkeep\n|\n|t:|1699896002\n|switch|p2b: Glastrier|Glastrier|93\/100\n|turn|12\n|inactive|yescaman has 120 seconds left.\n|\n|t:|1699896038\n|move|p2b: Glastrier|Icicle Crash|p1a: Gliscor\n|-supereffective|p1a: Gliscor\n|-damage|p1a: Gliscor|0 fnt\n|faint|p1a: Gliscor\n|-ability|p2b: Glastrier|Chilling Neigh|boost\n|-boost|p2b: Glastrier|atk|1\n|-damage|p2b: Glastrier|83\/100|[from] item: Life Orb\n|move|p1b: Goodra|Body Press|p2b: Glastrier\n|-supereffective|p2b: Glastrier\n|-damage|p2b: Glastrier|25\/100\n|move|p2a: Arcanine|Flare Blitz|p1b: Goodra\n|-damage|p1b: Goodra|34\/100\n|-damage|p2a: Arcanine|26\/100|[from] Recoil\n|\n|upkeep\n|\n|t:|1699896052\n|switch|p1a: Shiftry|Shiftry, M|25\/100\n|turn|13\n|\n|t:|1699896059\n|move|p1a: Shiftry|Fake Out|p2a: Arcanine\n|-resisted|p2a: Arcanine\n|-damage|p2a: Arcanine|19\/100\n|cant|p2a: Arcanine|flinch\n|move|p2b: Glastrier|Stomping Tantrum|p1b: Goodra\n|-supereffective|p1b: Goodra\n|-damage|p1b: Goodra|0 fnt\n|faint|p1b: Goodra\n|-ability|p2b: Glastrier|Chilling Neigh|boost\n|-boost|p2b: Glastrier|atk|1\n|-damage|p2b: Glastrier|15\/100|[from] item: Life Orb\n|\n|-fieldend|move: Trick Room\n|upkeep\n|\n|t:|1699896067\n|switch|p1b: Murkrow|Murkrow, M|6\/100\n|turn|14\n|\n|t:|1699896076\n|move|p2a: Arcanine|Extreme Speed|p1a: Shiftry\n|-damage|p1a: Shiftry|0 fnt\n|faint|p1a: Shiftry\n|move|p1b: Murkrow|Tailwind|p1b: Murkrow\n|-sidestart|p1: yescaman|move: Tailwind\n|move|p2b: Glastrier|Icicle Crash|p1b: Murkrow\n|-supereffective|p1b: Murkrow\n|-damage|p1b: Murkrow|0 fnt\n|faint|p1b: Murkrow\n|-damage|p2b: Glastrier|5\/100|[from] item: Life Orb\n|\n|win|Zerockmanknight\n|raw|yescaman's rating: 1212 &rarr; <strong>1192<\/strong><br \/>(-20 for losing)\n|raw|Zerockmanknight's rating: 1278 &rarr; <strong>1298<\/strong><br \/>(+20 for winning)\n|c|\u2606Zerockmanknight|gg\n|c|\u2606yescaman|Gg\n|l|\u2606Zerockmanknight\n","uploadtime":1699896101,"views":10,"p1id":"yescaman","p2id":"zerockmanknight","formatid":"gen9doublesou","rating":1192,"private":0,"password":""}