{"id":"gen9doublesou-1971993724","p1":"Diversia","p2":"oi_casadar","format":"[Gen 9] Doubles OU","log":"|j|\u2606Diversia\n|j|\u2606oi_casadar\n|t:|1697802523\n|gametype|doubles\n|player|p1|Diversia|101|1000\n|player|p2|oi_casadar|169|1000\n|teamsize|p1|6\n|teamsize|p2|6\n|gen|9\n|tier|[Gen 9] Doubles OU\n|rated|\n|rule|Species Clause: Limit one of each Pok\u00e9mon\n|rule|OHKO Clause: OHKO moves are banned\n|rule|Evasion Moves Clause: Evasion moves are banned\n|rule|Gravity Sleep Clause: The combination of sleep-inducing moves with imperfect accuracy and Gravity or Gigantamax Orbeetle are banned\n|rule|Endless Battle Clause: Forcing endless battles is banned\n|rule|HP Percentage Mod: HP is shown in percentages\n|clearpoke\n|poke|p1|Sandslash-Alola, M|\n|poke|p1|Ninetales-Alola, F|\n|poke|p1|Iron Bundle|\n|poke|p1|Raichu-Alola, M|\n|poke|p1|Sylveon, F|\n|poke|p1|Pincurchin, M|\n|poke|p2|Garchomp, F|\n|poke|p2|Ampharos, M|\n|poke|p2|Toxtricity-Low-Key, M|\n|poke|p2|Conkeldurr, F|\n|poke|p2|Murkrow, F|\n|poke|p2|Clefable, M|\n|teampreview\n|inactive|Battle timer is ON: inactive players will automatically lose when time's up. (requested by Diversia)\n|\n|t:|1697802529\n|start\n|switch|p1a: Ninetales|Ninetales-Alola, F, shiny|100\/100\n|switch|p1b: Raichu|Raichu-Alola, M, shiny|100\/100\n|switch|p2a: Garchomp|Garchomp, F|100\/100\n|switch|p2b: Clefable|Clefable, M, shiny|100\/100\n|-weather|Snow|[from] ability: Snow Warning|[of] p1a: Ninetales\n|turn|1\n|\n|t:|1697802544\n|switch|p1a: Pincurchin|Pincurchin, M|100\/100\n|-fieldstart|move: Electric Terrain|[from] ability: Electric Surge|[of] p1a: Pincurchin\n|move|p1b: Raichu|Protect|p1b: Raichu\n|-singleturn|p1b: Raichu|Protect\n|move|p2b: Clefable|Follow Me|p2b: Clefable\n|-singleturn|p2b: Clefable|move: Follow Me\n|move|p2a: Garchomp|Stealth Rock|p1a: Pincurchin\n|-sidestart|p1: Diversia|move: Stealth Rock\n|\n|-weather|Snow|[upkeep]\n|-status|p1a: Pincurchin|brn|[from] item: Flame Orb\n|upkeep\n|turn|2\n|\n|t:|1697802564\n|move|p2b: Clefable|Helping Hand|p2a: Garchomp\n|-singleturn|p2a: Garchomp|Helping Hand|[of] p2b: Clefable\n|move|p1a: Pincurchin|Sucker Punch|p1b: Raichu\n|-supereffective|p1b: Raichu\n|-damage|p1b: Raichu|61\/100\n|-enditem|p1b: Raichu|Weakness Policy\n|-boost|p1b: Raichu|atk|2|[from] item: Weakness Policy\n|-boost|p1b: Raichu|spa|2|[from] item: Weakness Policy\n|move|p1b: Raichu|Surf|p2b: Clefable|[spread] p1a,p2a,p2b\n|-damage|p1a: Pincurchin|51\/100 brn\n|-damage|p2a: Garchomp|62\/100\n|-damage|p2b: Clefable|89\/100\n|move|p2a: Garchomp|Earthquake|p1a: Pincurchin|[spread] p2b,p1a,p1b\n|-supereffective|p1a: Pincurchin\n|-supereffective|p1b: Raichu\n|-damage|p2b: Clefable|21\/100\n|-damage|p1a: Pincurchin|0 fnt\n|-damage|p1b: Raichu|0 fnt\n|faint|p1a: Pincurchin\n|faint|p1b: Raichu\n|\n|-weather|Snow|[upkeep]\n|-heal|p2b: Clefable|27\/100|[from] item: Leftovers\n|upkeep\n|\n|t:|1697802582\n|switch|p1b: Sandslash|Sandslash-Alola, M, shiny|100\/100\n|switch|p1a: Iron Bundle|Iron Bundle, shiny|100\/100\n|-damage|p1a: Iron Bundle|76\/100|[from] Stealth Rock\n|-activate|p1a: Iron Bundle|ability: Quark Drive\n|-start|p1a: Iron Bundle|quarkdrivespe\n|-damage|p1b: Sandslash|88\/100|[from] Stealth Rock\n|turn|3\n|\n|t:|1697802604\n|move|p2b: Clefable|Follow Me|p2b: Clefable\n|-singleturn|p2b: Clefable|move: Follow Me\n|move|p1a: Iron Bundle|Aurora Veil|p1a: Iron Bundle\n|-sidestart|p1: Diversia|move: Aurora Veil\n|move|p1b: Sandslash|Swords Dance|p1b: Sandslash\n|-boost|p1b: Sandslash|atk|2\n|move|p2a: Garchomp|Dragon Tail|p1a: Iron Bundle\n|-damage|p1a: Iron Bundle|59\/100\n|-end|p1a: Iron Bundle|Quark Drive|[silent]\n|drag|p1a: Sylveon|Sylveon, F, shiny|100\/100\n|-damage|p1a: Sylveon|88\/100|[from] Stealth Rock\n|\n|-weather|Snow|[upkeep]\n|-heal|p2b: Clefable|33\/100|[from] item: Leftovers\n|upkeep\n|turn|4\n|\n|t:|1697802625\n|move|p2b: Clefable|Follow Me|p2b: Clefable\n|-singleturn|p2b: Clefable|move: Follow Me\n|move|p2a: Garchomp|Earthquake|p1b: Sandslash|[spread] p2b,p1a,p1b\n|-supereffective|p1b: Sandslash\n|-damage|p2b: Clefable|0 fnt\n|-damage|p1a: Sylveon|58\/100\n|-damage|p1b: Sandslash|61\/100\n|faint|p2b: Clefable\n|move|p1b: Sandslash|Iron Head|p2a: Garchomp\n|-damage|p2a: Garchomp|0 fnt\n|-damage|p1b: Sandslash|49\/100|[from] ability: Rough Skin|[of] p2a: Garchomp\n|-damage|p1b: Sandslash|32\/100|[from] item: Rocky Helmet|[of] p2a: Garchomp\n|faint|p2a: Garchomp\n|move|p1a: Sylveon|Hyper Beam|p2: Garchomp|[notarget]\n|-fail|p1a: Sylveon\n|\n|-weather|Snow|[upkeep]\n|upkeep\n|\n|t:|1697802642\n|switch|p2a: Conkeldurr|Conkeldurr, F|100\/100\n|switch|p2b: Murkrow|Murkrow, F, shiny|100\/100\n|turn|5\n|\n|t:|1697802654\n|-terastallize|p2a: Conkeldurr|Normal\n|move|p2b: Murkrow|Tailwind|p2b: Murkrow\n|-sidestart|p2: oi_casadar|move: Tailwind\n|move|p2a: Conkeldurr|Mach Punch|p1b: Sandslash\n|-supereffective|p1b: Sandslash\n|-damage|p1b: Sandslash|0 fnt\n|faint|p1b: Sandslash\n|move|p1a: Sylveon|Hyper Beam|p2a: Conkeldurr\n|-damage|p2a: Conkeldurr|0 fnt\n|-mustrecharge|p1a: Sylveon\n|faint|p2a: Conkeldurr\n|\n|-weather|Snow|[upkeep]\n|-fieldend|move: Electric Terrain\n|upkeep\n|\n|t:|1697802669\n|switch|p1b: Ninetales|Ninetales-Alola, F, shiny|100\/100\n|switch|p2a: Ampharos|Ampharos, M, shiny|100\/100\n|-damage|p1b: Ninetales|76\/100|[from] Stealth Rock\n|turn|6\n|\n|t:|1697802682\n|move|p2b: Murkrow|Taunt|p1b: Ninetales\n|-start|p1b: Ninetales|move: Taunt\n|move|p2a: Ampharos|Agility|p2a: Ampharos\n|-boost|p2a: Ampharos|spe|2\n|move|p1b: Ninetales|Icy Wind|p2b: Murkrow|[spread] p2a,p2b\n|-supereffective|p2b: Murkrow\n|-damage|p2a: Ampharos|83\/100\n|-damage|p2b: Murkrow|74\/100\n|-unboost|p2a: Ampharos|spe|1\n|-unboost|p2b: Murkrow|spe|1\n|cant|p1a: Sylveon|recharge\n|\n|-weather|Snow|[upkeep]\n|upkeep\n|turn|7\n|inactive|Diversia has 120 seconds left.\n|\n|t:|1697802724\n|move|p2a: Ampharos|Thunderbolt|p1b: Ninetales\n|-damage|p1b: Ninetales|25\/100\n|-damage|p2a: Ampharos|73\/100|[from] item: Life Orb\n|move|p1b: Ninetales|Icy Wind|p2b: Murkrow|[spread] p2a,p2b\n|-supereffective|p2b: Murkrow\n|-damage|p2a: Ampharos|54\/100\n|-damage|p2b: Murkrow|46\/100\n|-unboost|p2a: Ampharos|spe|1\n|-unboost|p2b: Murkrow|spe|1\n|move|p2b: Murkrow|Brave Bird|p1b: Ninetales\n|-damage|p1b: Ninetales|2\/100\n|-damage|p2b: Murkrow|40\/100|[from] Recoil\n|move|p1a: Sylveon|Hyper Beam|p2a: Ampharos\n|-crit|p2a: Ampharos\n|-damage|p2a: Ampharos|0 fnt\n|-mustrecharge|p1a: Sylveon\n|faint|p2a: Ampharos\n|\n|-weather|Snow|[upkeep]\n|upkeep\n|inactive|oi_casadar has 120 seconds left.\n|\n|t:|1697802744\n|switch|p2a: Toxtricity|Toxtricity-Low-Key, M, shiny|100\/100\n|turn|8\n|\n|t:|1697802761\n|move|p2b: Murkrow|Protect|p2b: Murkrow\n|-singleturn|p2b: Murkrow|Protect\n|move|p2a: Toxtricity|Boomburst|p1a: Sylveon|[spread] p1a,p1b\n|-activate|p2b: Murkrow|move: Protect\n|-damage|p1a: Sylveon|46\/100\n|-damage|p1b: Ninetales|0 fnt\n|faint|p1b: Ninetales\n|cant|p1a: Sylveon|recharge\n|\n|-weather|none\n|-sideend|p2: oi_casadar|move: Tailwind\n|upkeep\n|\n|t:|1697802771\n|switch|p1b: Iron Bundle|Iron Bundle, shiny|59\/100\n|-damage|p1b: Iron Bundle|34\/100|[from] Stealth Rock\n|turn|9\n|\n|t:|1697802788\n|-terastallize|p1b: Iron Bundle|Water\n|move|p2b: Murkrow|Tailwind|p2b: Murkrow\n|-sidestart|p2: oi_casadar|move: Tailwind\n|move|p1b: Iron Bundle|Hydro Pump|p2a: Toxtricity\n|-damage|p2a: Toxtricity|9\/100\n|-enditem|p2a: Toxtricity|Sitrus Berry|[eat]\n|-heal|p2a: Toxtricity|34\/100|[from] item: Sitrus Berry\n|move|p2a: Toxtricity|Overdrive|p1a: Sylveon|[spread] p1a,p1b\n|-supereffective|p1b: Iron Bundle\n|-damage|p1a: Sylveon|36\/100\n|-damage|p1b: Iron Bundle|0 fnt\n|faint|p1b: Iron Bundle\n|-end|p1b: Iron Bundle|Quark Drive|[silent]\n|move|p1a: Sylveon|Tera Blast|p2b: Murkrow\n|-supereffective|p2b: Murkrow\n|-damage|p2b: Murkrow|0 fnt\n|faint|p2b: Murkrow\n|\n|upkeep\n|turn|10\n|\n|t:|1697802810\n|move|p2a: Toxtricity|Sludge Bomb|p1a: Sylveon\n|-supereffective|p1a: Sylveon\n|-damage|p1a: Sylveon|7\/100\n|move|p1a: Sylveon|Tera Blast|p2a: Toxtricity\n|-resisted|p2a: Toxtricity\n|-crit|p2a: Toxtricity\n|-damage|p2a: Toxtricity|0 fnt\n|faint|p2a: Toxtricity\n|\n|win|Diversia\n|raw|Diversia's rating: 1000 &rarr; <strong>1040<\/strong><br \/>(+40 for winning)\n|raw|oi_casadar's rating: 1000 &rarr; <strong>1000<\/strong><br \/>(+0 for losing)\n|l|\u2606oi_casadar\n","uploadtime":1697802822,"views":14,"p1id":"diversia","p2id":"oicasadar","formatid":"gen9doublesou","rating":1000,"private":0,"password":""}