{"id":"gen9doublesou-1978650791","p1":"Bible -Intro","p2":"HaZZaLaDDa","format":"[Gen 9] Doubles OU","log":"|j|\u2606Bible -Intro\n|j|\u2606HaZZaLaDDa\n|t:|1698574874\n|gametype|doubles\n|player|p1|Bible -Intro|idol|1134\n|player|p2|HaZZaLaDDa|policeman-gen4|1099\n|teamsize|p1|6\n|teamsize|p2|6\n|gen|9\n|tier|[Gen 9] Doubles OU\n|rated|\n|rule|Species Clause: Limit one of each Pok\u00e9mon\n|rule|OHKO Clause: OHKO moves are banned\n|rule|Evasion Moves Clause: Evasion moves are banned\n|rule|Gravity Sleep Clause: The combination of sleep-inducing moves with imperfect accuracy and Gravity or Gigantamax Orbeetle are banned\n|rule|Endless Battle Clause: Forcing endless battles is banned\n|rule|HP Percentage Mod: HP is shown in percentages\n|clearpoke\n|poke|p1|Ninetales-Alola, F|\n|poke|p1|Tyranitar, M|\n|poke|p1|Cetitan, M|\n|poke|p1|Houndstone, M|\n|poke|p1|Articuno|\n|poke|p1|Garchomp, F|\n|poke|p2|Bronzong|\n|poke|p2|Dusclops, M|\n|poke|p2|Tornadus, M|\n|poke|p2|Torterra, F|\n|poke|p2|Enamorus-Therian, F|\n|poke|p2|Cresselia, F|\n|teampreview\n|\n|t:|1698574883\n|start\n|switch|p1a: Articuno|Articuno|100\/100\n|switch|p1b: Ninetales|Ninetales-Alola, F, shiny|100\/100\n|switch|p2a: Bronzong|Bronzong|100\/100\n|switch|p2b: Dusclops|Dusclops, M|100\/100\n|-weather|Snow|[from] ability: Snow Warning|[of] p1b: Ninetales\n|-item|p1a: Articuno|Choice Scarf|[from] ability: Frisk|[of] p2b: Dusclops|[identify]\n|-item|p1b: Ninetales|Icy Rock|[from] ability: Frisk|[of] p2b: Dusclops|[identify]\n|turn|1\n|\n|t:|1698574907\n|-terastallize|p1a: Articuno|Ice\n|move|p1a: Articuno|Blizzard|p2b: Dusclops|[spread] p2a,p2b\n|-resisted|p2a: Bronzong\n|-damage|p2a: Bronzong|76\/100\n|-damage|p2b: Dusclops|72\/100\n|move|p1b: Ninetales|Aurora Veil|p1b: Ninetales\n|-sidestart|p1: Bible -Intro|move: Aurora Veil\n|move|p2a: Bronzong|Body Press|p1a: Articuno\n|-supereffective|p1a: Articuno\n|-damage|p1a: Articuno|74\/100\n|move|p2b: Dusclops|Trick Room|p2b: Dusclops\n|-fieldstart|move: Trick Room|[of] p2b: Dusclops\n|\n|-weather|Snow|[upkeep]\n|upkeep\n|turn|2\n|\n|t:|1698574927\n|switch|p1b: Cetitan|Cetitan, M|100\/100\n|switch|p1a: Tyranitar|Tyranitar, M, shiny|100\/100\n|-weather|Sandstorm|[from] ability: Sand Stream|[of] p1a: Tyranitar\n|move|p2b: Dusclops|Will-O-Wisp|p1a: Tyranitar\n|-status|p1a: Tyranitar|brn\n|move|p2a: Bronzong|Body Press|p1a: Tyranitar\n|-supereffective|p1a: Tyranitar\n|-damage|p1a: Tyranitar|46\/100 brn\n|-enditem|p1a: Tyranitar|Weakness Policy\n|-boost|p1a: Tyranitar|atk|2|[from] item: Weakness Policy\n|-boost|p1a: Tyranitar|spa|2|[from] item: Weakness Policy\n|\n|-weather|Sandstorm|[upkeep]\n|-damage|p2b: Dusclops|66\/100|[from] Sandstorm\n|-damage|p1b: Cetitan|94\/100|[from] Sandstorm\n|-damage|p1a: Tyranitar|40\/100 brn|[from] brn\n|upkeep\n|turn|3\n|\n|t:|1698574957\n|move|p1b: Cetitan|Ice Shard|p2b: Dusclops\n|-damage|p2b: Dusclops|54\/100\n|move|p2b: Dusclops|Will-O-Wisp|p1b: Cetitan\n|-status|p1b: Cetitan|brn\n|move|p2a: Bronzong|Body Press|p1a: Tyranitar\n|-supereffective|p1a: Tyranitar\n|-damage|p1a: Tyranitar|0 fnt\n|faint|p1a: Tyranitar\n|\n|-weather|Sandstorm|[upkeep]\n|-damage|p2b: Dusclops|48\/100|[from] Sandstorm\n|-damage|p1b: Cetitan|88\/100 brn|[from] Sandstorm\n|-damage|p1b: Cetitan|82\/100 brn|[from] brn\n|upkeep\n|\n|t:|1698574970\n|switch|p1a: Houndstone|Houndstone, M|100\/100\n|turn|4\n|\n|t:|1698574981\n|move|p1a: Houndstone|Shadow Sneak|p2b: Dusclops\n|-supereffective|p2b: Dusclops\n|-damage|p2b: Dusclops|28\/100\n|move|p2b: Dusclops|Will-O-Wisp|p1a: Houndstone\n|-status|p1a: Houndstone|brn\n|move|p2a: Bronzong|Psychic Terrain|p2a: Bronzong\n|-fieldstart|move: Psychic Terrain\n|move|p1b: Cetitan|Play Rough|p2b: Dusclops\n|-damage|p2b: Dusclops|21\/100\n|\n|-weather|Sandstorm|[upkeep]\n|-damage|p2b: Dusclops|15\/100|[from] Sandstorm\n|-damage|p1b: Cetitan|76\/100 brn|[from] Sandstorm\n|-damage|p1b: Cetitan|69\/100 brn|[from] brn\n|-damage|p1a: Houndstone|95\/100 brn|[from] brn\n|upkeep\n|turn|5\n|\n|t:|1698575004\n|move|p2b: Dusclops|Helping Hand|p2a: Bronzong\n|-singleturn|p2a: Bronzong|Helping Hand|[of] p2b: Dusclops\n|move|p2a: Bronzong|Body Press|p1b: Cetitan\n|-supereffective|p1b: Cetitan\n|-damage|p1b: Cetitan|13\/100 brn\n|move|p1b: Cetitan|Ice Spinner|p2b: Dusclops\n|-damage|p2b: Dusclops|2\/100\n|-fieldend|move: Psychic Terrain\n|move|p1a: Houndstone|Last Respects|p2b: Dusclops\n|-supereffective|p2b: Dusclops\n|-crit|p2b: Dusclops\n|-damage|p2b: Dusclops|0 fnt\n|faint|p2b: Dusclops\n|\n|-weather|Sandstorm|[upkeep]\n|-damage|p1b: Cetitan|6\/100 brn|[from] Sandstorm\n|-damage|p1b: Cetitan|0 fnt|[from] brn\n|faint|p1b: Cetitan\n|-damage|p1a: Houndstone|89\/100 brn|[from] brn\n|-sideend|p1: Bible -Intro|move: Aurora Veil\n|-fieldend|move: Trick Room\n|upkeep\n|\n|t:|1698575030\n|switch|p1b: Ninetales|Ninetales-Alola, F, shiny|100\/100\n|switch|p2b: Cresselia|Cresselia, F|100\/100\n|-weather|Snow|[from] ability: Snow Warning|[of] p1b: Ninetales\n|turn|6\n|\n|t:|1698575041\n|move|p2b: Cresselia|Ally Switch|p2b: Cresselia\n|swap|p2b: Cresselia|0|[from] move: Ally Switch\n|move|p1b: Ninetales|Aurora Veil|p1b: Ninetales\n|-sidestart|p1: Bible -Intro|move: Aurora Veil\n|move|p1a: Houndstone|Last Respects|p2b: Bronzong\n|-supereffective|p2b: Bronzong\n|-damage|p2b: Bronzong|29\/100\n|move|p2b: Bronzong|Trick Room|p2b: Bronzong\n|-fieldstart|move: Trick Room|[of] p2b: Bronzong\n|\n|-weather|Snow|[upkeep]\n|-damage|p1a: Houndstone|83\/100 brn|[from] brn\n|upkeep\n|turn|7\n|\n|t:|1698575061\n|switch|p2a: Enamorus|Enamorus-Therian, F, shiny|100\/100\n|move|p2b: Bronzong|Psychic Terrain|p2b: Bronzong\n|-fieldstart|move: Psychic Terrain\n|move|p1a: Houndstone|Last Respects|p2b: Bronzong\n|-supereffective|p2b: Bronzong\n|-damage|p2b: Bronzong|0 fnt\n|faint|p2b: Bronzong\n|move|p1b: Ninetales|Dazzling Gleam|p2a: Enamorus\n|-damage|p2a: Enamorus|71\/100\n|\n|-weather|Snow|[upkeep]\n|-damage|p1a: Houndstone|77\/100 brn|[from] brn\n|upkeep\n|\n|t:|1698575072\n|switch|p2b: Cresselia|Cresselia, F|100\/100\n|turn|8\n|\n|t:|1698575096\n|move|p2b: Cresselia|Helping Hand|p2a: Enamorus\n|-singleturn|p2a: Enamorus|Helping Hand|[of] p2b: Cresselia\n|move|p2a: Enamorus|Springtide Storm|p1a: Houndstone|[spread] p1a,p1b\n|-damage|p1a: Houndstone|0 fnt\n|-damage|p1b: Ninetales|31\/100\n|-unboost|p1b: Ninetales|atk|1\n|faint|p1a: Houndstone\n|move|p1b: Ninetales|Dazzling Gleam|p2a: Enamorus|[spread] p2a,p2b\n|-damage|p2a: Enamorus|50\/100\n|-damage|p2b: Cresselia|87\/100\n|\n|-weather|Snow|[upkeep]\n|upkeep\n|\n|t:|1698575107\n|switch|p1a: Articuno|Articuno, tera:Ice|74\/100\n|turn|9\n|\n|t:|1698575115\n|move|p2a: Enamorus|Springtide Storm|p1b: Ninetales|[spread] p1a\n|-miss|p2a: Enamorus|p1b: Ninetales\n|-damage|p1a: Articuno|37\/100\n|move|p2b: Cresselia|Lunar Blessing|p2b: Cresselia|[spread] p2a,p2b\n|-heal|p2a: Enamorus|75\/100\n|-heal|p2b: Cresselia|100\/100\n|move|p1b: Ninetales|Dazzling Gleam|p2b: Cresselia|[spread] p2a,p2b\n|-damage|p2a: Enamorus|53\/100\n|-damage|p2b: Cresselia|87\/100\n|move|p1a: Articuno|Blizzard|p2b: Cresselia|[spread] p2a,p2b\n|-supereffective|p2a: Enamorus\n|-damage|p2a: Enamorus|0 fnt\n|-damage|p2b: Cresselia|55\/100\n|-status|p2b: Cresselia|frz\n|faint|p2a: Enamorus\n|\n|-weather|Snow|[upkeep]\n|upkeep\n|\n|t:|1698575133\n|switch|p2a: Tornadus|Tornadus, M|100\/100\n|turn|10\n|\n|t:|1698575144\n|cant|p2b: Cresselia|frz\n|move|p2a: Tornadus|Tailwind|p2a: Tornadus\n|-sidestart|p2: HaZZaLaDDa|move: Tailwind\n|move|p1b: Ninetales|Dazzling Gleam|p2a: Tornadus|[spread] p2a,p2b\n|-damage|p2a: Tornadus|76\/100\n|-damage|p2b: Cresselia|43\/100 frz\n|-enditem|p2b: Cresselia|Sitrus Berry|[eat]\n|-heal|p2b: Cresselia|68\/100 frz|[from] item: Sitrus Berry\n|move|p1a: Articuno|Blizzard|p2b: Cresselia|[spread] p2a,p2b\n|-supereffective|p2a: Tornadus\n|-damage|p2a: Tornadus|0 fnt\n|-damage|p2b: Cresselia|38\/100 frz\n|faint|p2a: Tornadus\n|\n|-weather|Snow|[upkeep]\n|-sideend|p1: Bible -Intro|move: Aurora Veil\n|-fieldend|move: Trick Room\n|upkeep\n|\n|t:|1698575157\n|switch|p2a: Torterra|Torterra, F, shiny|100\/100\n|turn|11\n|\n|t:|1698575165\n|-terastallize|p2a: Torterra|Fire\n|cant|p2b: Cresselia|frz\n|move|p2a: Torterra|Shell Smash|p2a: Torterra\n|-unboost|p2a: Torterra|def|1\n|-unboost|p2a: Torterra|spd|1\n|-boost|p2a: Torterra|atk|2\n|-boost|p2a: Torterra|spa|2\n|-boost|p2a: Torterra|spe|2\n|move|p1a: Articuno|Blizzard|p2b: Cresselia|[spread] p2a,p2b\n|-resisted|p2a: Torterra\n|-damage|p2a: Torterra|57\/100\n|-damage|p2b: Cresselia|10\/100 frz\n|move|p1b: Ninetales|Freeze-Dry|p2a: Torterra\n|-resisted|p2a: Torterra\n|-damage|p2a: Torterra|32\/100\n|-status|p2a: Torterra|frz\n|\n|-weather|Snow|[upkeep]\n|-fieldend|move: Psychic Terrain\n|upkeep\n|turn|12\n|\n|t:|1698575192\n|cant|p2a: Torterra|frz\n|move|p1a: Articuno|Blizzard|p2b: Cresselia|[spread] p2a,p2b\n|-resisted|p2a: Torterra\n|-damage|p2a: Torterra|0 fnt\n|-damage|p2b: Cresselia|0 fnt\n|faint|p2a: Torterra\n|faint|p2b: Cresselia\n|\n|win|Bible -Intro\n|raw|Bible -Intro's rating: 1134 &rarr; <strong>1156<\/strong><br \/>(+22 for winning)\n|raw|HaZZaLaDDa's rating: 1099 &rarr; <strong>1077<\/strong><br \/>(-22 for losing)\n|c|\u2606HaZZaLaDDa|gg\n|l|\u2606HaZZaLaDDa\n","uploadtime":1698575321,"views":30,"p1id":"bibleintro","p2id":"hazzaladda","formatid":"gen9doublesou","rating":1077,"private":0,"password":""}