{"id":"gen9doublesou-1974661802","p1":"pignitewaggy","p2":"Dominagatr","format":"[Gen 9] Doubles OU","log":"|j|\u2606pignitewaggy\n|j|\u2606Dominagatr\n|t:|1698107839\n|gametype|doubles\n|player|p1|pignitewaggy|1|1071\n|player|p2|Dominagatr|ethan|1083\n|teamsize|p1|6\n|teamsize|p2|6\n|gen|9\n|tier|[Gen 9] Doubles OU\n|rated|\n|rule|Species Clause: Limit one of each Pok\u00e9mon\n|rule|OHKO Clause: OHKO moves are banned\n|rule|Evasion Moves Clause: Evasion moves are banned\n|rule|Gravity Sleep Clause: The combination of sleep-inducing moves with imperfect accuracy and Gravity or Gigantamax Orbeetle are banned\n|rule|Endless Battle Clause: Forcing endless battles is banned\n|rule|HP Percentage Mod: HP is shown in percentages\n|clearpoke\n|poke|p1|Gyarados, M|\n|poke|p1|Tornadus, M|\n|poke|p1|Iron Hands|\n|poke|p1|Orthworm, M|\n|poke|p1|Tauros-Paldea-Blaze, M|\n|poke|p1|Oranguru, F|\n|poke|p2|Glimmora, M|\n|poke|p2|Arboliva, M|\n|poke|p2|Iron Leaves|\n|poke|p2|Bruxish, M|\n|poke|p2|Empoleon, M|\n|poke|p2|Arcanine-Hisui, M|\n|teampreview\n|inactive|Battle timer is ON: inactive players will automatically lose when time's up. (requested by Dominagatr)\n|\n|t:|1698107857\n|start\n|switch|p1a: Tornadus|Tornadus, M, shiny|100\/100\n|switch|p1b: Orthworm|Orthworm, M|100\/100\n|switch|p2a: Iron Leaves|Iron Leaves|100\/100\n|switch|p2b: Arcanine|Arcanine-Hisui, M, shiny|100\/100\n|-ability|p2b: Arcanine|Intimidate|boost\n|-unboost|p1a: Tornadus|atk|1\n|-unboost|p1b: Orthworm|atk|1\n|turn|1\n|inactive|Dominagatr has 120 seconds left.\n|\n|t:|1698107904\n|move|p1a: Tornadus|Tailwind|p1a: Tornadus\n|-sidestart|p1: pignitewaggy|move: Tailwind\n|move|p2b: Arcanine|Head Smash|p1a: Tornadus\n|-supereffective|p1a: Tornadus\n|-damage|p1a: Tornadus|0 fnt\n|faint|p1a: Tornadus\n|-damage|p2b: Arcanine|46\/100|[from] Recoil\n|move|p2a: Iron Leaves|Sacred Sword|p1b: Orthworm\n|-supereffective|p1b: Orthworm\n|-damage|p1b: Orthworm|51\/100\n|-damage|p2a: Iron Leaves|91\/100|[from] item: Life Orb\n|move|p1b: Orthworm|Shed Tail|p1b: Orthworm\n|-start|p1b: Orthworm|Substitute|[from] move: Shed Tail\n|-damage|p1b: Orthworm|1\/100\n|-enditem|p1b: Orthworm|Sitrus Berry|[eat]\n|-heal|p1b: Orthworm|26\/100|[from] item: Sitrus Berry\n|inactive|pignitewaggy has 120 seconds left.\n|\n|t:|1698107931\n|switch|p1b: Gyarados|Gyarados, M|100\/100|[from] Shed Tail\n|-ability|p1b: Gyarados|Intimidate|boost\n|-unboost|p2a: Iron Leaves|atk|1\n|-unboost|p2b: Arcanine|atk|1\n|\n|upkeep\n|\n|t:|1698107938\n|switch|p1a: Oranguru|Oranguru, F|100\/100\n|turn|2\n|\n|t:|1698107951\n|move|p1b: Gyarados|Dragon Dance|p1b: Gyarados\n|-boost|p1b: Gyarados|atk|1\n|-boost|p1b: Gyarados|spe|1\n|move|p2b: Arcanine|Head Smash|p1b: Gyarados\n|-supereffective|p1b: Gyarados\n|-end|p1b: Gyarados|Substitute\n|-damage|p2b: Arcanine|33\/100|[from] Recoil|[of] p1b: Gyarados\n|move|p2a: Iron Leaves|Electric Terrain|p2a: Iron Leaves\n|-fieldstart|move: Electric Terrain\n|-activate|p2a: Iron Leaves|ability: Quark Drive\n|-start|p2a: Iron Leaves|quarkdrivespe\n|move|p1a: Oranguru|Instruct|p1b: Gyarados\n|-singleturn|p1b: Gyarados|move: Instruct|[of] p1a: Oranguru\n|move|p1b: Gyarados|Dragon Dance|p1b: Gyarados\n|-boost|p1b: Gyarados|atk|1\n|-boost|p1b: Gyarados|spe|1\n|\n|upkeep\n|turn|3\n|inactive|Dominagatr has 120 seconds left.\n|\n|t:|1698107994\n|move|p1b: Gyarados|Earthquake|p2b: Arcanine|[spread] p2a,p2b\n|-activate|p1a: Oranguru|ability: Telepathy\n|-resisted|p2a: Iron Leaves\n|-supereffective|p2b: Arcanine\n|-damage|p2a: Iron Leaves|60\/100\n|-damage|p2b: Arcanine|0 fnt\n|faint|p2b: Arcanine\n|move|p2a: Iron Leaves|Leaf Blade|p1b: Gyarados\n|-damage|p1b: Gyarados|53\/100\n|-damage|p2a: Iron Leaves|50\/100|[from] item: Life Orb\n|move|p1a: Oranguru|Instruct|p1b: Gyarados\n|-singleturn|p1b: Gyarados|move: Instruct|[of] p1a: Oranguru\n|move|p1b: Gyarados|Earthquake|p2a: Iron Leaves|[spread] p2a\n|-activate|p1a: Oranguru|ability: Telepathy\n|-resisted|p2a: Iron Leaves\n|-damage|p2a: Iron Leaves|17\/100\n|\n|upkeep\n|\n|t:|1698108015\n|switch|p2b: Arboliva|Arboliva, M, shiny|100\/100\n|turn|4\n|\n|t:|1698108034\n|move|p1b: Gyarados|Lash Out|p2a: Iron Leaves\n|-supereffective|p2a: Iron Leaves\n|-damage|p2a: Iron Leaves|0 fnt\n|faint|p2a: Iron Leaves\n|-end|p2a: Iron Leaves|Quark Drive|[silent]\n|move|p1a: Oranguru|Instruct|p1b: Gyarados\n|-singleturn|p1b: Gyarados|move: Instruct|[of] p1a: Oranguru\n|move|p1b: Gyarados|Lash Out|p2b: Arboliva\n|-damage|p2b: Arboliva|47\/100\n|-fieldstart|move: Grassy Terrain|[from] ability: Seed Sower|[of] p2b: Arboliva\n|move|p2b: Arboliva|Giga Drain|p1b: Gyarados\n|-damage|p1b: Gyarados|9\/100\n|-heal|p2b: Arboliva|67\/100|[from] drain|[of] p1b: Gyarados\n|\n|-heal|p2b: Arboliva|73\/100|[from] Grassy Terrain\n|-heal|p2b: Arboliva|80\/100|[from] item: Leftovers\n|-sideend|p1: pignitewaggy|move: Tailwind\n|upkeep\n|inactive|Dominagatr has 90 seconds left.\n|\n|t:|1698108057\n|switch|p2a: Glimmora|Glimmora, M, shiny|100\/100\n|turn|5\n|\n|t:|1698108069\n|move|p1b: Gyarados|Earthquake|p2b: Arboliva|[spread] p2a,p2b\n|-activate|p1a: Oranguru|ability: Telepathy\n|-supereffective|p2a: Glimmora\n|-resisted|p2b: Arboliva\n|-enditem|p2a: Glimmora|Focus Sash\n|-damage|p2a: Glimmora|1\/100\n|-damage|p2b: Arboliva|66\/100\n|-activate|p2a: Glimmora|ability: Toxic Debris\n|-sidestart|p1: pignitewaggy|move: Toxic Spikes\n|move|p2a: Glimmora|Stealth Rock|p1a: Oranguru\n|-sidestart|p1: pignitewaggy|move: Stealth Rock\n|move|p2b: Arboliva|Giga Drain|p1b: Gyarados\n|-damage|p1b: Gyarados|0 fnt\n|-heal|p2b: Arboliva|70\/100|[from] drain|[of] p1b: Gyarados\n|faint|p1b: Gyarados\n|move|p1a: Oranguru|Instruct|p1: Gyarados|[notarget]\n|-fail|p1a: Oranguru\n|\n|-heal|p2a: Glimmora|7\/100|[from] Grassy Terrain\n|-heal|p2b: Arboliva|76\/100|[from] Grassy Terrain\n|-heal|p2b: Arboliva|82\/100|[from] item: Leftovers\n|upkeep\n|\n|t:|1698108090\n|switch|p1b: Tauros|Tauros-Paldea-Blaze, M|100\/100\n|-status|p1b: Tauros|psn\n|-damage|p1b: Tauros|88\/100 psn|[from] Stealth Rock\n|-ability|p1b: Tauros|Intimidate|boost\n|-unboost|p2a: Glimmora|atk|1\n|-unboost|p2b: Arboliva|atk|1\n|turn|6\n|inactive|Dominagatr has 120 seconds left.\n|\n|t:|1698108115\n|-terastallize|p2b: Arboliva|Fire\n|move|p2a: Glimmora|Spiky Shield|p2a: Glimmora\n|-singleturn|p2a: Glimmora|move: Protect\n|move|p1b: Tauros|Flare Blitz|p2b: Arboliva\n|-resisted|p2b: Arboliva\n|-damage|p2b: Arboliva|49\/100\n|-damage|p1b: Tauros|76\/100 psn|[from] Recoil\n|move|p2b: Arboliva|Leech Seed|p1a: Oranguru\n|-start|p1a: Oranguru|move: Leech Seed\n|move|p1a: Oranguru|Trick Room|p1a: Oranguru\n|-fieldstart|move: Trick Room|[of] p1a: Oranguru\n|\n|-heal|p2b: Arboliva|55\/100|[from] Grassy Terrain\n|-heal|p2b: Arboliva|62\/100|[from] item: Leftovers\n|-heal|p1b: Tauros|82\/100 psn|[from] Grassy Terrain\n|-heal|p2a: Glimmora|13\/100|[from] Grassy Terrain\n|-damage|p1a: Oranguru|88\/100|[from] Leech Seed|[of] p2b: Arboliva\n|-heal|p2b: Arboliva|75\/100|[silent]\n|-damage|p1b: Tauros|70\/100 psn|[from] psn\n|upkeep\n|turn|7\n|inactive|Dominagatr has 120 seconds left.\n|\n|t:|1698108152\n|move|p1a: Oranguru|Psychic|p2a: Glimmora\n|-supereffective|p2a: Glimmora\n|-damage|p2a: Glimmora|0 fnt\n|faint|p2a: Glimmora\n|move|p2b: Arboliva|Leech Seed|p1b: Tauros\n|-start|p1b: Tauros|move: Leech Seed\n|move|p1b: Tauros|Earthquake|p2b: Arboliva|[spread] p2b\n|-activate|p1a: Oranguru|ability: Telepathy\n|-supereffective|p2b: Arboliva\n|-damage|p2b: Arboliva|49\/100\n|\n|-heal|p1a: Oranguru|94\/100|[from] Grassy Terrain\n|-heal|p2b: Arboliva|55\/100|[from] Grassy Terrain\n|-heal|p2b: Arboliva|61\/100|[from] item: Leftovers\n|-heal|p1b: Tauros|76\/100 psn|[from] Grassy Terrain\n|-damage|p1a: Oranguru|82\/100|[from] Leech Seed|[of] p2b: Arboliva\n|-heal|p2b: Arboliva|74\/100|[silent]\n|-damage|p1b: Tauros|64\/100 psn|[from] Leech Seed|[of] p2b: Arboliva\n|-heal|p2b: Arboliva|85\/100|[silent]\n|-damage|p1b: Tauros|51\/100 psn|[from] psn\n|upkeep\n|inactive|Dominagatr has 90 seconds left.\n|\n|t:|1698108176\n|switch|p2a: Bruxish|Bruxish, M, shiny|100\/100\n|turn|8\n|\n|t:|1698108198\n|switch|p1a: Iron Hands|Iron Hands|100\/100\n|-status|p1a: Iron Hands|psn\n|-damage|p1a: Iron Hands|94\/100 psn|[from] Stealth Rock\n|move|p2a: Bruxish|Aqua Jet|p1b: Tauros\n|-supereffective|p1b: Tauros\n|-damage|p1b: Tauros|11\/100 psn\n|move|p2b: Arboliva|Substitute|p2b: Arboliva\n|-start|p2b: Arboliva|Substitute\n|-damage|p2b: Arboliva|61\/100\n|move|p1b: Tauros|Close Combat|p2b: Arboliva\n|-end|p2b: Arboliva|Substitute\n|-unboost|p1b: Tauros|def|1\n|-unboost|p1b: Tauros|spd|1\n|\n|-heal|p2b: Arboliva|67\/100|[from] Grassy Terrain\n|-heal|p2b: Arboliva|73\/100|[from] item: Leftovers\n|-heal|p1a: Iron Hands|100\/100 psn|[from] Grassy Terrain\n|-heal|p1b: Tauros|18\/100 psn|[from] Grassy Terrain\n|-damage|p1b: Tauros|5\/100 psn|[from] Leech Seed|[of] p2b: Arboliva\n|-heal|p2b: Arboliva|84\/100|[silent]\n|-damage|p1a: Iron Hands|88\/100 psn|[from] psn\n|-damage|p1b: Tauros|0 fnt|[from] psn\n|faint|p1b: Tauros\n|-fieldend|move: Grassy Terrain\n|upkeep\n|\n|t:|1698108210\n|switch|p1b: Oranguru|Oranguru, F|82\/100\n|-status|p1b: Oranguru|psn\n|-damage|p1b: Oranguru|70\/100 psn|[from] Stealth Rock\n|turn|9\n|inactive|Dominagatr has 120 seconds left.\n|\n|t:|1698108251\n|switch|p2a: Empoleon|Empoleon, M, shiny|100\/100\n|move|p1b: Oranguru|Psychic|p2b: Arboliva\n|-crit|p2b: Arboliva\n|-damage|p2b: Arboliva|58\/100\n|-fieldstart|move: Grassy Terrain|[from] ability: Seed Sower|[of] p2b: Arboliva\n|move|p2b: Arboliva|Leech Seed|p1a: Iron Hands\n|-start|p1a: Iron Hands|move: Leech Seed\n|move|p1a: Iron Hands|Wild Charge|p2a: Empoleon\n|-supereffective|p2a: Empoleon\n|-crit|p2a: Empoleon\n|-damage|p2a: Empoleon|0 fnt\n|faint|p2a: Empoleon\n|-damage|p1a: Iron Hands|71\/100 psn|[from] Recoil\n|\n|-heal|p1b: Oranguru|76\/100 psn|[from] Grassy Terrain\n|-heal|p2b: Arboliva|64\/100|[from] Grassy Terrain\n|-heal|p2b: Arboliva|70\/100|[from] item: Leftovers\n|-heal|p1a: Iron Hands|78\/100 psn|[from] Grassy Terrain\n|-damage|p1a: Iron Hands|65\/100 psn|[from] Leech Seed|[of] p2b: Arboliva\n|-heal|p2b: Arboliva|86\/100|[silent]\n|-damage|p1b: Oranguru|63\/100 psn|[from] psn\n|-damage|p1a: Iron Hands|53\/100 psn|[from] psn\n|upkeep\n|inactive|Dominagatr has 90 seconds left.\n|\n|t:|1698108274\n|switch|p2a: Bruxish|Bruxish, M, shiny|100\/100\n|turn|10\n|\n|t:|1698108285\n|move|p2a: Bruxish|Aqua Jet|p1a: Iron Hands\n|-damage|p1a: Iron Hands|39\/100 psn\n|-enditem|p1a: Iron Hands|Sitrus Berry|[eat]\n|-heal|p1a: Iron Hands|64\/100 psn|[from] item: Sitrus Berry\n|move|p1b: Oranguru|Instruct|p1a: Iron Hands\n|-singleturn|p1a: Iron Hands|move: Instruct|[of] p1b: Oranguru\n|move|p1a: Iron Hands|Wild Charge|p2a: Bruxish\n|-supereffective|p2a: Bruxish\n|-damage|p2a: Bruxish|0 fnt\n|-damage|p1a: Iron Hands|47\/100 psn|[from] item: Rocky Helmet|[of] p2a: Bruxish\n|faint|p2a: Bruxish\n|-damage|p1a: Iron Hands|29\/100 psn|[from] Recoil\n|move|p2b: Arboliva|Giga Drain|p1a: Iron Hands\n|-damage|p1a: Iron Hands|0 fnt\n|-heal|p2b: Arboliva|100\/100|[from] drain|[of] p1a: Iron Hands\n|faint|p1a: Iron Hands\n|-end|p1a: Iron Hands|Quark Drive|[silent]\n|\n|-heal|p1b: Oranguru|69\/100 psn|[from] Grassy Terrain\n|-damage|p1b: Oranguru|57\/100 psn|[from] psn\n|-fieldend|move: Trick Room\n|upkeep\n|\n|t:|1698108303\n|switch|p1a: Orthworm|Orthworm, M|26\/100\n|-damage|p1a: Orthworm|20\/100|[from] Stealth Rock\n|turn|11\n|inactive|Dominagatr has 120 seconds left.\n|\n|t:|1698108325\n|move|p1a: Orthworm|Body Press|p2b: Arboliva\n|-damage|p2b: Arboliva|69\/100\n|move|p2b: Arboliva|Leech Seed|p1a: Orthworm\n|-start|p1a: Orthworm|move: Leech Seed\n|move|p1b: Oranguru|Psychic|p2b: Arboliva\n|-damage|p2b: Arboliva|52\/100\n|\n|-heal|p1a: Orthworm|26\/100|[from] Grassy Terrain\n|-heal|p2b: Arboliva|58\/100|[from] Grassy Terrain\n|-heal|p2b: Arboliva|64\/100|[from] item: Leftovers\n|-heal|p1b: Oranguru|63\/100 psn|[from] Grassy Terrain\n|-damage|p1a: Orthworm|14\/100|[from] Leech Seed|[of] p2b: Arboliva\n|-heal|p2b: Arboliva|76\/100|[silent]\n|-damage|p1b: Oranguru|51\/100 psn|[from] psn\n|upkeep\n|turn|12\n|inactive|Dominagatr has 120 seconds left.\n|\n|t:|1698108345\n|move|p1a: Orthworm|Body Press|p2b: Arboliva\n|-damage|p2b: Arboliva|41\/100\n|move|p2b: Arboliva|Leech Seed|p1b: Oranguru\n|-start|p1b: Oranguru|move: Leech Seed\n|move|p1b: Oranguru|Body Slam|p2b: Arboliva\n|-damage|p2b: Arboliva|20\/100\n|-status|p2b: Arboliva|par\n|\n|-heal|p1a: Orthworm|20\/100|[from] Grassy Terrain\n|-heal|p1b: Oranguru|57\/100 psn|[from] Grassy Terrain\n|-heal|p2b: Arboliva|26\/100 par|[from] Grassy Terrain\n|-heal|p2b: Arboliva|32\/100 par|[from] item: Leftovers\n|-damage|p1a: Orthworm|7\/100|[from] Leech Seed|[of] p2b: Arboliva\n|-heal|p2b: Arboliva|44\/100 par|[silent]\n|-damage|p1b: Oranguru|45\/100 psn|[from] Leech Seed|[of] p2b: Arboliva\n|-heal|p2b: Arboliva|57\/100 par|[silent]\n|-damage|p1b: Oranguru|32\/100 psn|[from] psn\n|upkeep\n|turn|13\n|inactive|Dominagatr has 120 seconds left.\n|\n|t:|1698108373\n|move|p1a: Orthworm|Body Press|p2b: Arboliva\n|-damage|p2b: Arboliva|20\/100 par\n|move|p1b: Oranguru|Body Slam|p2b: Arboliva\n|-damage|p2b: Arboliva|0 fnt\n|faint|p2b: Arboliva\n|\n|win|pignitewaggy\n|raw|pignitewaggy's rating: 1071 &rarr; <strong>1101<\/strong><br \/>(+30 for winning)\n|raw|Dominagatr's rating: 1083 &rarr; <strong>1060<\/strong><br \/>(-23 for losing)\n|l|\u2606Dominagatr\n","uploadtime":1698108389,"views":12,"p1id":"pignitewaggy","p2id":"dominagatr","formatid":"gen9doublesou","rating":1060,"private":0,"password":""}