{"id":"gen9doublesou-1996952685","p1":"poketough","p2":"Gear Fifth Luffy","format":"[Gen 9] Doubles OU","log":"|j|\u2606poketough\n|j|\u2606Gear Fifth Luffy\n|inactive|Battle timer is ON: inactive players will automatically lose when time's up.\n|t:|1700748960\n|gametype|doubles\n|player|p1|poketough|emmet|\n|player|p2|Gear Fifth Luffy|gentleman-gen4|\n|teamsize|p1|6\n|teamsize|p2|6\n|gen|9\n|tier|[Gen 9] Doubles OU\n|rated|Tournament battle\n|rule|Species Clause: Limit one of each Pok\u00e9mon\n|rule|OHKO Clause: OHKO moves are banned\n|rule|Evasion Moves Clause: Evasion moves are banned\n|rule|Gravity Sleep Clause: The combination of sleep-inducing moves with imperfect accuracy and Gravity or Gigantamax Orbeetle are banned\n|rule|Endless Battle Clause: Forcing endless battles is banned\n|rule|HP Percentage Mod: HP is shown in percentages\n|clearpoke\n|poke|p1|Lumineon, M|\n|poke|p1|Chimecho, M|\n|poke|p1|Piloswine, F|\n|poke|p1|Houndoom, M|\n|poke|p1|Meowscarada, M|\n|poke|p1|Luxray, M|\n|poke|p2|Toedscruel, F|\n|poke|p2|Copperajah, F|\n|poke|p2|Dragalge, M|\n|poke|p2|Masquerain, M|\n|poke|p2|Zoroark-Hisui, F|\n|poke|p2|Ursaluna-Bloodmoon, M|\n|teampreview\n|j|*Lady Monita \u2746\n|inactive|poketough also wants the timer to be on.\n|inactive|Gear Fifth Luffy has 120 seconds left.\n|\n|t:|1700748993\n|start\n|switch|p1a: Lumineon|Lumineon, M|100\/100\n|switch|p1b: Chimecho|Chimecho, M|100\/100\n|switch|p2a: Masquerain|Masquerain, M|100\/100\n|switch|p2b: Dragalge|Dragalge, M|100\/100\n|-ability|p2a: Masquerain|Intimidate|boost\n|-unboost|p1a: Lumineon|atk|1\n|-unboost|p1b: Chimecho|atk|1\n|turn|1\n|inactive|Gear Fifth Luffy has 120 seconds left.\n|\n|t:|1700749033\n|switch|p2b: Copperajah|Copperajah, F|100\/100\n|move|p1a: Lumineon|Icy Wind|p2a: Masquerain|[spread] p2a,p2b\n|-supereffective|p2a: Masquerain\n|-resisted|p2b: Copperajah\n|-damage|p2a: Masquerain|65\/100\n|-damage|p2b: Copperajah|95\/100\n|-unboost|p2a: Masquerain|spe|1\n|-unboost|p2b: Copperajah|spe|1\n|-damage|p1a: Lumineon|91\/100|[from] item: Life Orb\n|move|p1b: Chimecho|Psychic|p2a: Masquerain\n|-crit|p2a: Masquerain\n|-damage|p2a: Masquerain|0 fnt\n|faint|p2a: Masquerain\n|-damage|p1b: Chimecho|91\/100|[from] item: Life Orb\n|\n|upkeep\n|\n|t:|1700749056\n|switch|p2a: Dragalge|Dragalge, M|100\/100\n|turn|2\n|inactive|Gear Fifth Luffy has 120 seconds left.\n|\n|t:|1700749082\n|switch|p1b: Piloswine|Piloswine, F|100\/100\n|-terastallize|p2a: Dragalge|Water\n|move|p1a: Lumineon|Hydro Pump|p2b: Copperajah\n|-damage|p2b: Copperajah|43\/100\n|-damage|p1a: Lumineon|81\/100|[from] item: Life Orb\n|move|p2a: Dragalge|Scald|p1a: Lumineon\n|-activate|p1a: Lumineon|ability: Storm Drain\n|-ability|p1a: Lumineon|Storm Drain|boost\n|-boost|p1a: Lumineon|spa|1\n|move|p2b: Copperajah|Play Rough|p1a: Lumineon\n|-damage|p1a: Lumineon|0 fnt\n|faint|p1a: Lumineon\n|\n|upkeep\n|inactive|poketough has 120 seconds left.\n|\n|t:|1700749105\n|switch|p1a: Luxray|Luxray, M|100\/100\n|-ability|p1a: Luxray|Intimidate|boost\n|-unboost|p2a: Dragalge|atk|1\n|-unboost|p2b: Copperajah|atk|1\n|turn|3\n|inactive|poketough has 120 seconds left.\n|inactive|Gear Fifth Luffy has 120 seconds left.\n|\n|t:|1700749136\n|switch|p2a: Toedscruel|Toedscruel, F|100\/100\n|move|p1a: Luxray|Wild Charge|p2b: Copperajah\n|-damage|p2b: Copperajah|0 fnt\n|faint|p2b: Copperajah\n|-damage|p1a: Luxray|85\/100|[from] Recoil\n|-damage|p1a: Luxray|75\/100|[from] item: Life Orb\n|move|p1b: Piloswine|High Horsepower|p2a: Toedscruel\n|-resisted|p2a: Toedscruel\n|-damage|p2a: Toedscruel|63\/100\n|\n|-heal|p2a: Toedscruel|69\/100|[from] item: Leftovers\n|upkeep\n|\n|t:|1700749149\n|switch|p2b: Ursaluna|Ursaluna-Bloodmoon, M|100\/100\n|turn|4\n|inactive|Gear Fifth Luffy has 120 seconds left.\n|\n|t:|1700749177\n|move|p2b: Ursaluna|Shadow Ball|p1a: Luxray\n|-damage|p1a: Luxray|23\/100\n|move|p2a: Toedscruel|Knock Off|p1b: Piloswine\n|-damage|p1b: Piloswine|89\/100\n|-enditem|p1b: Piloswine|Eviolite|[from] move: Knock Off|[of] p2a: Toedscruel\n|move|p1a: Luxray|Psychic Fangs|p2b: Ursaluna\n|-crit|p2b: Ursaluna\n|-damage|p2b: Ursaluna|0 fnt\n|replace|p2b: Zoroark|Zoroark-Hisui, F\n|-end|p2b: Zoroark|Illusion\n|faint|p2b: Zoroark\n|-damage|p1a: Luxray|13\/100|[from] item: Life Orb\n|move|p1b: Piloswine|Icicle Crash|p2a: Toedscruel|[miss]\n|-miss|p1b: Piloswine|p2a: Toedscruel\n|\n|-heal|p2a: Toedscruel|75\/100|[from] item: Leftovers\n|upkeep\n|inactive|Gear Fifth Luffy has 90 seconds left.\n|\n|t:|1700749193\n|switch|p2b: Dragalge|Dragalge, M, tera:Water|100\/100\n|turn|5\n|j|^HEAVY-DUTY B0OTY\n|inactive|Gear Fifth Luffy has 90 seconds left.\n|\n|t:|1700749219\n|move|p2a: Toedscruel|Rapid Spin|p1a: Luxray\n|-damage|p1a: Luxray|1\/100\n|-boost|p2a: Toedscruel|spe|1\n|move|p1a: Luxray|Wild Charge|p2b: Dragalge\n|-supereffective|p2b: Dragalge\n|-damage|p2b: Dragalge|0 fnt\n|faint|p2b: Dragalge\n|-damage|p1a: Luxray|0 fnt|[from] Recoil\n|faint|p1a: Luxray\n|move|p1b: Piloswine|Icicle Crash|p2a: Toedscruel\n|-supereffective|p2a: Toedscruel\n|-damage|p2a: Toedscruel|0 fnt\n|faint|p2a: Toedscruel\n|\n|upkeep\n|\n|t:|1700749236\n|switch|p2a: Ursaluna|Ursaluna-Bloodmoon, M|100\/100\n|switch|p1a: Chimecho|Chimecho, M|91\/100\n|turn|6\n|inactive|Gear Fifth Luffy has 120 seconds left.\n|c|\u2606Gear Fifth Luffy|ggwp\n|c|\u2606poketough|ggwp\n|\n|t:|1700749256\n|move|p1a: Chimecho|Psychic|p2a: Ursaluna\n|-damage|p2a: Ursaluna|60\/100\n|-damage|p1a: Chimecho|81\/100|[from] item: Life Orb\n|move|p2a: Ursaluna|Blood Moon|p1b: Piloswine\n|-damage|p1b: Piloswine|0 fnt\n|faint|p1b: Piloswine\n|\n|upkeep\n|\n|t:|1700749269\n|switch|p1b: Meowscarada|Meowscarada, M|100\/100\n|turn|7\n|\n|t:|1700749275\n|move|p1b: Meowscarada|Flower Trick|p2a: Ursaluna\n|-start|p1b: Meowscarada|typechange|Grass|[from] ability: Protean\n|-supereffective|p2a: Ursaluna\n|-crit|p2a: Ursaluna\n|-damage|p2a: Ursaluna|0 fnt\n|faint|p2a: Ursaluna\n|-damage|p1b: Meowscarada|91\/100|[from] item: Life Orb\n|\n|win|poketough\n|n|\u2606poketough|poketough\n|n|\u2606Gear Fifth Luffy|gearfifthluffy\n|n|*Lady Monita \u2746|ladymonita\n|n| HEAVY-DUTY B0OTY|heavydutyb0oty\n","uploadtime":1700749276,"views":0,"p1id":"poketough","p2id":"gearfifthluffy","formatid":"gen9doublesou","rating":0,"private":0,"password":""}