{"id":"gen9doublesou-1994431211","p1":"Jaguar_1234567","p2":"Kuzwa","format":"[Gen 9] Doubles OU","log":"|j|\u2606Jaguar_1234567\n|j|\u2606Kuzwa\n|t:|1700443164\n|gametype|doubles\n|player|p1|Jaguar_1234567|fisherman-gen4|1325\n|player|p2|Kuzwa|pokemonbreeder-gen4|1285\n|teamsize|p1|6\n|teamsize|p2|6\n|gen|9\n|tier|[Gen 9] Doubles OU\n|rated|\n|rule|Species Clause: Limit one of each Pok\u00e9mon\n|rule|OHKO Clause: OHKO moves are banned\n|rule|Evasion Moves Clause: Evasion moves are banned\n|rule|Gravity Sleep Clause: The combination of sleep-inducing moves with imperfect accuracy and Gravity or Gigantamax Orbeetle are banned\n|rule|Endless Battle Clause: Forcing endless battles is banned\n|rule|HP Percentage Mod: HP is shown in percentages\n|clearpoke\n|poke|p1|Flutter Mane|\n|poke|p1|Ursaluna-Bloodmoon, M|\n|poke|p1|Regieleki|\n|poke|p1|Basculegion-F, F|\n|poke|p1|Arcanine-Hisui, F|\n|poke|p1|Gholdengo|\n|poke|p2|Chi-Yu|\n|poke|p2|Torkoal, M|\n|poke|p2|Glimmora, M|\n|poke|p2|Gallade, M|\n|poke|p2|Cinderace, M|\n|poke|p2|Gardevoir, F|\n|teampreview\n|inactive|Battle timer is ON: inactive players will automatically lose when time's up. (requested by Jaguar_1234567)\n|\n|t:|1700443171\n|start\n|switch|p1a: Flutter Mane|Flutter Mane|100\/100\n|switch|p1b: Ursaluna|Ursaluna-Bloodmoon, M|100\/100\n|switch|p2a: Strega|Glimmora, M|100\/100\n|switch|p2b: Nyx|Gardevoir, F, shiny|100\/100\n|-item|p2a: Strega|Air Balloon\n|-enditem|p1a: Flutter Mane|Booster Energy\n|-activate|p1a: Flutter Mane|ability: Protosynthesis|[fromitem]\n|-start|p1a: Flutter Mane|protosynthesisspe\n|turn|1\n|\n|t:|1700443180\n|move|p1a: Flutter Mane|Moonblast|p2b: Nyx\n|-damage|p2b: Nyx|55\/100\n|move|p2a: Strega|Sludge Wave|p1a: Flutter Mane|[spread] p1a,p1b\n|-activate|p2b: Nyx|ability: Telepathy\n|-resisted|p1b: Ursaluna\n|-damage|p1a: Flutter Mane|64\/100\n|-damage|p1b: Ursaluna|79\/100\n|-status|p1b: Ursaluna|psn\n|move|p1b: Ursaluna|Earth Power|p2a: Strega\n|-immune|p2a: Strega\n|move|p2b: Nyx|Trick Room|p2b: Nyx\n|-fieldstart|move: Trick Room|[of] p2b: Nyx\n|\n|-damage|p1b: Ursaluna|67\/100 psn|[from] psn\n|upkeep\n|turn|2\n|\n|t:|1700443202\n|move|p1b: Ursaluna|Smack Down|p2a: Strega\n|-damage|p2a: Strega|89\/100\n|-activate|p2a: Strega|ability: Toxic Debris\n|-sidestart|p1: Jaguar_1234567|move: Toxic Spikes\n|-enditem|p2a: Strega|Air Balloon\n|move|p2b: Nyx|Dazzling Gleam|p1b: Ursaluna|[spread] p1a,p1b\n|-damage|p1a: Flutter Mane|32\/100\n|-damage|p1b: Ursaluna|26\/100 psn\n|move|p2a: Strega|Sludge Wave|p1b: Ursaluna|[spread] p1a,p1b\n|-activate|p2b: Nyx|ability: Telepathy\n|-resisted|p1b: Ursaluna\n|-damage|p1a: Flutter Mane|0 fnt\n|-damage|p1b: Ursaluna|4\/100 psn\n|faint|p1a: Flutter Mane\n|-end|p1a: Flutter Mane|Protosynthesis|[silent]\n|\n|-damage|p1b: Ursaluna|0 fnt|[from] psn\n|faint|p1b: Ursaluna\n|upkeep\n|\n|t:|1700443213\n|switch|p1b: Gholdengo|Gholdengo|100\/100\n|switch|p1a: Basculegion|Basculegion-F, F|100\/100\n|-item|p1b: Gholdengo|Air Balloon\n|-status|p1a: Basculegion|psn\n|turn|3\n|\n|t:|1700443227\n|move|p2b: Nyx|Dazzling Gleam|p1a: Basculegion|[spread] p1a,p1b\n|-resisted|p1b: Gholdengo\n|-damage|p1a: Basculegion|60\/100 psn\n|-damage|p1b: Gholdengo|82\/100\n|-enditem|p1b: Gholdengo|Air Balloon\n|move|p1b: Gholdengo|Make It Rain|p2a: Strega|[spread] p2a,p2b\n|-supereffective|p2a: Strega\n|-supereffective|p2b: Nyx\n|-damage|p2a: Strega|0 fnt\n|-damage|p2b: Nyx|0 fnt\n|-unboost|p1b: Gholdengo|spa|1\n|faint|p2a: Strega\n|faint|p2b: Nyx\n|move|p1a: Basculegion|Liquidation|p2: Strega|[notarget]\n|-fail|p1a: Basculegion\n|\n|-damage|p1a: Basculegion|47\/100 psn|[from] psn\n|upkeep\n|\n|t:|1700443236\n|switch|p2b: Makoto Yuki|Gallade, M|100\/100\n|switch|p2a: Tortissed|Torkoal, M|100\/100\n|-weather|SunnyDay|[from] ability: Drought|[of] p2a: Tortissed\n|turn|4\n|\n|t:|1700443245\n|move|p2a: Tortissed|Eruption|p1a: Basculegion|[spread] p1a,p1b\n|-resisted|p1a: Basculegion\n|-supereffective|p1b: Gholdengo\n|-damage|p1a: Basculegion|3\/100 psn\n|-damage|p1b: Gholdengo|0 fnt\n|faint|p1b: Gholdengo\n|move|p2b: Makoto Yuki|Solar Blade||[still]\n|-prepare|p2b: Makoto Yuki|Solar Blade\n|-anim|p2b: Makoto Yuki|Solar Blade|p1a: Basculegion\n|-supereffective|p1a: Basculegion\n|-crit|p1a: Basculegion\n|-damage|p1a: Basculegion|0 fnt\n|faint|p1a: Basculegion\n|\n|-weather|SunnyDay|[upkeep]\n|upkeep\n|\n|t:|1700443253\n|switch|p1a: Regieleki|Regieleki|100\/100\n|switch|p1b: Arcanine|Arcanine-Hisui, F|100\/100\n|-status|p1b: Arcanine|psn\n|-status|p1a: Regieleki|psn\n|turn|5\n|\n|t:|1700443269\n|move|p2a: Tortissed|Eruption|p1b: Arcanine|[spread] p1a,p1b\n|-resisted|p1b: Arcanine\n|-damage|p1a: Regieleki|0 fnt\n|-damage|p1b: Arcanine|80\/100 psn\n|faint|p1a: Regieleki\n|move|p2b: Makoto Yuki|Sacred Sword|p1b: Arcanine\n|-supereffective|p1b: Arcanine\n|-damage|p1b: Arcanine|0 fnt\n|faint|p1b: Arcanine\n|\n|win|Kuzwa\n|raw|Jaguar_1234567's rating: 1325 &rarr; <strong>1303<\/strong><br \/>(-22 for losing)\n|raw|Kuzwa's rating: 1285 &rarr; <strong>1313<\/strong><br \/>(+28 for winning)\n|l|\u2606Jaguar_1234567\n","uploadtime":1700443274,"views":3,"p1id":"jaguar1234567","p2id":"kuzwa","formatid":"gen9doublesou","rating":1303,"private":0,"password":""}