{"id":"gen9doublesou-1974930478","p1":"YuroKun","p2":"Yoriito","format":"[Gen 9] Doubles OU","log":"|j|\u2606YuroKun\n|j|\u2606Yoriito\n|t:|1698146111\n|gametype|doubles\n|player|p1|YuroKun|cynthia|1218\n|player|p2|Yoriito|ethan|1167\n|teamsize|p1|6\n|teamsize|p2|6\n|gen|9\n|tier|[Gen 9] Doubles OU\n|rated|\n|rule|Species Clause: Limit one of each Pok\u00e9mon\n|rule|OHKO Clause: OHKO moves are banned\n|rule|Evasion Moves Clause: Evasion moves are banned\n|rule|Gravity Sleep Clause: The combination of sleep-inducing moves with imperfect accuracy and Gravity or Gigantamax Orbeetle are banned\n|rule|Endless Battle Clause: Forcing endless battles is banned\n|rule|HP Percentage Mod: HP is shown in percentages\n|clearpoke\n|poke|p1|Chien-Pao|\n|poke|p1|Sinistcha-Masterpiece|\n|poke|p1|Tornadus, M|\n|poke|p1|Garchomp, F|\n|poke|p1|Samurott-Hisui, M|\n|poke|p1|Cresselia, F|\n|poke|p2|Greninja-*, M|\n|poke|p2|Raichu, M|\n|poke|p2|Ogerpon, F|\n|poke|p2|Sinistcha-Masterpiece|\n|poke|p2|Chien-Pao|\n|poke|p2|Pelipper, M|\n|teampreview\n|\n|t:|1698146125\n|start\n|switch|p1a: Tornadus|Tornadus, M|100\/100\n|switch|p1b: Samurott|Samurott-Hisui, M|100\/100\n|switch|p2a: Raichu|Raichu, M|100\/100\n|switch|p2b: Pelipper|Pelipper, M|100\/100\n|-weather|RainDance|[from] ability: Drizzle|[of] p2b: Pelipper\n|turn|1\n|\n|t:|1698146147\n|move|p1a: Tornadus|Tailwind|p1a: Tornadus\n|-sidestart|p1: YuroKun|move: Tailwind\n|move|p1b: Samurott|Ceaseless Edge|p2a: Raichu\n|-enditem|p2a: Raichu|Focus Sash\n|-damage|p2a: Raichu|1\/100\n|-sidestart|p2: Yoriito|Spikes\n|move|p2a: Raichu|Thunder|p1a: Tornadus\n|-supereffective|p1a: Tornadus\n|-damage|p1a: Tornadus|0 fnt\n|faint|p1a: Tornadus\n|move|p2b: Pelipper|Tailwind|p2b: Pelipper\n|-sidestart|p2: Yoriito|move: Tailwind\n|\n|-weather|RainDance|[upkeep]\n|upkeep\n|\n|t:|1698146158\n|switch|p1a: Chien-Pao|Chien-Pao|100\/100\n|-ability|p1a: Chien-Pao|Sword of Ruin\n|turn|2\n|\n|t:|1698146187\n|move|p2b: Pelipper|Protect|p2b: Pelipper\n|-singleturn|p2b: Pelipper|Protect\n|move|p1a: Chien-Pao|Ice Spinner|p2b: Pelipper\n|-activate|p2b: Pelipper|move: Protect\n|move|p2a: Raichu|Nuzzle|p1a: Chien-Pao\n|-damage|p1a: Chien-Pao|91\/100\n|-status|p1a: Chien-Pao|par\n|move|p1b: Samurott|Ceaseless Edge|p2a: Raichu\n|-damage|p2a: Raichu|0 fnt\n|-sidestart|p2: Yoriito|Spikes\n|faint|p2a: Raichu\n|\n|-weather|RainDance|[upkeep]\n|upkeep\n|\n|t:|1698146212\n|switch|p2a: Ogerpon|Ogerpon, F|100\/100\n|-damage|p2a: Ogerpon|84\/100|[from] Spikes\n|turn|3\n|\n|t:|1698146230\n|move|p2a: Ogerpon|Spiky Shield|p2a: Ogerpon\n|-singleturn|p2a: Ogerpon|move: Protect\n|move|p1b: Samurott|Ceaseless Edge|p2b: Pelipper|[miss]\n|-miss|p1b: Samurott|p2b: Pelipper\n|move|p2b: Pelipper|Hurricane|p1b: Samurott\n|-damage|p1b: Samurott|43\/100\n|-start|p1b: Samurott|confusion\n|move|p1a: Chien-Pao|Ice Spinner|p2a: Ogerpon\n|-activate|p2a: Ogerpon|move: Protect\n|-damage|p1a: Chien-Pao|79\/100 par|[from] Spiky Shield|[of] p2a: Ogerpon\n|\n|-weather|RainDance|[upkeep]\n|upkeep\n|turn|4\n|\n|t:|1698146253\n|move|p2a: Ogerpon|U-turn|p1b: Samurott\n|-supereffective|p1b: Samurott\n|-damage|p1b: Samurott|0 fnt\n|faint|p1b: Samurott\n|-damage|p2a: Ogerpon|74\/100|[from] item: Life Orb\n|\n|t:|1698146261\n|switch|p2a: Sinistcha|Sinistcha-Masterpiece|100\/100|[from] U-turn\n|move|p2b: Pelipper|Hurricane|p1a: Chien-Pao\n|-damage|p1a: Chien-Pao|18\/100 par\n|move|p1a: Chien-Pao|Ice Spinner|p2a: Sinistcha\n|-supereffective|p2a: Sinistcha\n|-damage|p2a: Sinistcha|0 fnt\n|faint|p2a: Sinistcha\n|\n|-weather|RainDance|[upkeep]\n|-sideend|p2: Yoriito|move: Tailwind\n|-sideend|p1: YuroKun|move: Tailwind\n|upkeep\n|\n|t:|1698146277\n|switch|p1b: Garchomp|Garchomp, F|100\/100\n|switch|p2a: Greninja|Greninja, M|100\/100\n|-damage|p2a: Greninja|84\/100|[from] Spikes\n|turn|5\n|\n|t:|1698146291\n|move|p2a: Greninja|Ice Beam|p1b: Garchomp\n|-supereffective|p1b: Garchomp\n|-damage|p1b: Garchomp|0 fnt\n|faint|p1b: Garchomp\n|-ability|p2a: Greninja|Battle Bond|boost\n|-boost|p2a: Greninja|atk|1\n|-boost|p2a: Greninja|spa|1\n|-boost|p2a: Greninja|spe|1\n|-activate|p2a: Greninja|ability: Battle Bond\n|move|p2b: Pelipper|Chilling Water|p1a: Chien-Pao\n|-damage|p1a: Chien-Pao|0 fnt\n|faint|p1a: Chien-Pao\n|\n|-weather|none\n|upkeep\n|\n|t:|1698146298\n|switch|p1a: Sinistcha|Sinistcha-Masterpiece|100\/100\n|switch|p1b: Cresselia|Cresselia, F|100\/100\n|turn|6\n|\n|t:|1698146315\n|-terastallize|p1a: Sinistcha|Grass\n|move|p1b: Cresselia|Helping Hand|p1a: Sinistcha\n|-singleturn|p1a: Sinistcha|Helping Hand|[of] p1b: Cresselia\n|move|p2a: Greninja|Dark Pulse|p1b: Cresselia\n|-supereffective|p1b: Cresselia\n|-damage|p1b: Cresselia|51\/100\n|move|p2b: Pelipper|Hurricane|p1a: Sinistcha\n|-supereffective|p1a: Sinistcha\n|-damage|p1a: Sinistcha|18\/100\n|move|p1a: Sinistcha|Matcha Gotcha|p2b: Pelipper|[spread] p2a,p2b\n|-supereffective|p2a: Greninja\n|-damage|p2a: Greninja|0 fnt\n|-heal|p1a: Sinistcha|53\/100|[from] drain|[of] p2a: Greninja\n|-damage|p2b: Pelipper|1\/100\n|-heal|p1a: Sinistcha|99\/100|[from] drain|[of] p2b: Pelipper\n|-status|p2b: Pelipper|brn\n|faint|p2a: Greninja\n|\n|-heal|p1b: Cresselia|57\/100|[from] item: Leftovers\n|-heal|p1a: Sinistcha|100\/100|[from] item: Leftovers\n|-damage|p2b: Pelipper|0 fnt|[from] brn\n|faint|p2b: Pelipper\n|upkeep\n|\n|t:|1698146341\n|switch|p2a: Chien-Pao|Chien-Pao|100\/100\n|switch|p2b: Ogerpon|Ogerpon, F|74\/100\n|-damage|p2a: Chien-Pao|84\/100|[from] Spikes\n|-ability|p2a: Chien-Pao|Sword of Ruin\n|-damage|p2b: Ogerpon|57\/100|[from] Spikes\n|turn|7\n|\n|t:|1698146357\n|move|p1b: Cresselia|Ally Switch|p1b: Cresselia\n|swap|p1b: Cresselia|0|[from] move: Ally Switch\n|move|p2a: Chien-Pao|Ice Spinner|p1a: Cresselia\n|-damage|p1a: Cresselia|22\/100\n|move|p2b: Ogerpon|Knock Off|p1b: Sinistcha\n|-damage|p1b: Sinistcha|44\/100\n|-enditem|p1b: Sinistcha|Leftovers|[from] move: Knock Off|[of] p2b: Ogerpon\n|-damage|p2b: Ogerpon|47\/100|[from] item: Life Orb\n|move|p1b: Sinistcha|Matcha Gotcha|p2b: Ogerpon|[spread] p2a,p2b\n|-resisted|p2b: Ogerpon\n|-damage|p2a: Chien-Pao|13\/100\n|-heal|p1b: Sinistcha|75\/100|[from] drain|[of] p2a: Chien-Pao\n|-damage|p2b: Ogerpon|22\/100\n|-heal|p1b: Sinistcha|86\/100|[from] drain|[of] p2b: Ogerpon\n|\n|-heal|p1a: Cresselia|28\/100|[from] item: Leftovers\n|upkeep\n|turn|8\n|\n|t:|1698146380\n|move|p1a: Cresselia|Helping Hand|p1b: Sinistcha\n|-singleturn|p1b: Sinistcha|Helping Hand|[of] p1a: Cresselia\n|move|p2a: Chien-Pao|Ice Spinner|p1a: Cresselia\n|-damage|p1a: Cresselia|0 fnt\n|faint|p1a: Cresselia\n|move|p2b: Ogerpon|U-turn|p1b: Sinistcha\n|-supereffective|p1b: Sinistcha\n|-damage|p1b: Sinistcha|16\/100\n|-damage|p2b: Ogerpon|12\/100|[from] item: Life Orb\n|move|p1b: Sinistcha|Matcha Gotcha|p2a: Chien-Pao|[spread] p2a,p2b\n|-resisted|p2b: Ogerpon\n|-damage|p2a: Chien-Pao|0 fnt\n|-heal|p1b: Sinistcha|22\/100|[from] drain|[of] p2a: Chien-Pao\n|-damage|p2b: Ogerpon|0 fnt\n|-heal|p1b: Sinistcha|27\/100|[from] drain|[of] p2b: Ogerpon\n|faint|p2a: Chien-Pao\n|faint|p2b: Ogerpon\n|\n|win|YuroKun\n|raw|YuroKun's rating: 1218 &rarr; <strong>1239<\/strong><br \/>(+21 for winning)\n|raw|Yoriito's rating: 1167 &rarr; <strong>1146<\/strong><br \/>(-21 for losing)\n","uploadtime":1698146389,"views":20,"p1id":"yurokun","p2id":"yoriito","formatid":"gen9doublesou","rating":1146,"private":0,"password":""}