{"id":"gen9doublesou-1979631142","p1":"mikeyuwu","p2":"Reapergangster","format":"[Gen 9] Doubles OU","log":"|j|\u2606mikeyuwu\n|j|\u2606Reapergangster\n|t:|1698698246\n|gametype|doubles\n|player|p1|mikeyuwu|psychic-gen4|1241\n|player|p2|Reapergangster|policeman-gen4|1202\n|teamsize|p1|6\n|teamsize|p2|6\n|gen|9\n|tier|[Gen 9] Doubles OU\n|rated|\n|rule|Species Clause: Limit one of each Pok\u00e9mon\n|rule|OHKO Clause: OHKO moves are banned\n|rule|Evasion Moves Clause: Evasion moves are banned\n|rule|Gravity Sleep Clause: The combination of sleep-inducing moves with imperfect accuracy and Gravity or Gigantamax Orbeetle are banned\n|rule|Endless Battle Clause: Forcing endless battles is banned\n|rule|HP Percentage Mod: HP is shown in percentages\n|clearpoke\n|poke|p1|Garchomp, M|\n|poke|p1|Tyranitar, F|\n|poke|p1|Vaporeon, F|\n|poke|p1|Toxicroak, M|\n|poke|p1|Pelipper, F|\n|poke|p1|Abomasnow, M|\n|poke|p2|Amoonguss, F|\n|poke|p2|Kingambit, M|\n|poke|p2|Flamigo, M|\n|poke|p2|Azumarill, F|\n|poke|p2|Maushold-Four|\n|poke|p2|Gholdengo|\n|teampreview\n|inactive|Battle timer is ON: inactive players will automatically lose when time's up. (requested by Reapergangster)\n|\n|t:|1698698256\n|start\n|switch|p1a: OTLHPM|Toxicroak, M|100\/100\n|switch|p1b: Harmacy|Vaporeon, F|100\/100\n|switch|p2a: Azumarill|Azumarill, F|100\/100\n|switch|p2b: Maushold|Maushold-Four|100\/100\n|turn|1\n|\n|t:|1698698265\n|switch|p1a: Extra Spicy|Garchomp, M|100\/100\n|move|p2b: Maushold|Follow Me|p2b: Maushold\n|-singleturn|p2b: Maushold|move: Follow Me\n|move|p1b: Harmacy|Icy Wind|p2a: Azumarill|[spread] p2a,p2b\n|-resisted|p2a: Azumarill\n|-damage|p2a: Azumarill|97\/100\n|-damage|p2b: Maushold|88\/100\n|-unboost|p2a: Azumarill|spe|1\n|-unboost|p2b: Maushold|spe|1\n|move|p2a: Azumarill|Belly Drum|p2a: Azumarill\n|-damage|p2a: Azumarill|47\/100\n|-setboost|p2a: Azumarill|atk|6|[from] move: Belly Drum\n|-enditem|p2a: Azumarill|Sitrus Berry|[eat]\n|-heal|p2a: Azumarill|72\/100|[from] item: Sitrus Berry\n|\n|upkeep\n|turn|2\n|\n|t:|1698698286\n|move|p2b: Maushold|Follow Me|p2b: Maushold\n|-singleturn|p2b: Maushold|move: Follow Me\n|move|p1a: Extra Spicy|Poison Jab|p2b: Maushold\n|-damage|p2b: Maushold|66\/100\n|move|p1b: Harmacy|Icy Wind|p2b: Maushold|[spread] p2a,p2b\n|-resisted|p2a: Azumarill\n|-damage|p2a: Azumarill|68\/100\n|-damage|p2b: Maushold|53\/100\n|-unboost|p2a: Azumarill|spe|1\n|-unboost|p2b: Maushold|spe|1\n|move|p2a: Azumarill|Ice Spinner|p1a: Extra Spicy\n|-supereffective|p1a: Extra Spicy\n|-damage|p1a: Extra Spicy|0 fnt\n|-damage|p2a: Azumarill|55\/100|[from] ability: Rough Skin|[of] p1a: Extra Spicy\n|-damage|p2a: Azumarill|39\/100|[from] item: Rocky Helmet|[of] p1a: Extra Spicy\n|faint|p1a: Extra Spicy\n|\n|upkeep\n|inactive|mikeyuwu has 120 seconds left.\n|\n|t:|1698698308\n|switch|p1a: Weather War|Pelipper, F|100\/100\n|-weather|RainDance|[from] ability: Drizzle|[of] p1a: Weather War\n|turn|3\n|\n|t:|1698698324\n|move|p2b: Maushold|Follow Me|p2b: Maushold\n|-singleturn|p2b: Maushold|move: Follow Me\n|move|p1a: Weather War|Hurricane|p2b: Maushold\n|-damage|p2b: Maushold|11\/100\n|move|p1b: Harmacy|Weather Ball|p2b: Maushold\n|-damage|p2b: Maushold|0 fnt\n|faint|p2b: Maushold\n|move|p2a: Azumarill|Play Rough|p1b: Harmacy\n|-damage|p1b: Harmacy|0 fnt\n|faint|p1b: Harmacy\n|\n|-weather|RainDance|[upkeep]\n|upkeep\n|\n|t:|1698698336\n|switch|p2b: Flamigo|Flamigo, M|100\/100\n|switch|p1b: Cold Shoulder|Abomasnow, M, shiny|100\/100\n|-copyboost|p2b: Flamigo|p2a: Azumarill|[from] ability: Costar\n|-weather|Snow|[from] ability: Snow Warning|[of] p1b: Cold Shoulder\n|turn|4\n|\n|t:|1698698357\n|-terastallize|p1b: Cold Shoulder|Water\n|move|p2a: Azumarill|Aqua Jet|p1a: Weather War\n|-resisted|p1a: Weather War\n|-damage|p1a: Weather War|65\/100\n|move|p1a: Weather War|Blizzard|p2a: Azumarill|[spread] p2a,p2b\n|-resisted|p2a: Azumarill\n|-supereffective|p2b: Flamigo\n|-damage|p2a: Azumarill|29\/100\n|-damage|p2b: Flamigo|38\/100\n|move|p1b: Cold Shoulder|Giga Drain|p2a: Azumarill\n|-supereffective|p2a: Azumarill\n|-damage|p2a: Azumarill|0 fnt\n|faint|p2a: Azumarill\n|move|p2b: Flamigo|Close Combat|p1b: Cold Shoulder\n|-damage|p1b: Cold Shoulder|0 fnt\n|-unboost|p2b: Flamigo|def|1\n|-unboost|p2b: Flamigo|spd|1\n|faint|p1b: Cold Shoulder\n|\n|-weather|Snow|[upkeep]\n|upkeep\n|\n|t:|1698698374\n|switch|p1b: OTLHPM|Toxicroak, M|100\/100\n|switch|p2a: Kingambit|Kingambit, M|100\/100\n|turn|5\n|\n|t:|1698698383\n|-terastallize|p2a: Kingambit|Fire\n|move|p2b: Flamigo|Detect|p2b: Flamigo\n|-singleturn|p2b: Flamigo|Protect\n|move|p1b: OTLHPM|Drain Punch|p2a: Kingambit\n|-damage|p2a: Kingambit|73\/100\n|move|p1a: Weather War|Blizzard|p2a: Kingambit|[spread] p2a\n|-activate|p2b: Flamigo|move: Protect\n|-resisted|p2a: Kingambit\n|-damage|p2a: Kingambit|65\/100\n|move|p2a: Kingambit|Kowtow Cleave|p1a: Weather War\n|-damage|p1a: Weather War|19\/100\n|-damage|p2a: Kingambit|55\/100|[from] item: Life Orb\n|\n|-weather|Snow|[upkeep]\n|upkeep\n|turn|6\n|\n|t:|1698698405\n|move|p2a: Kingambit|Sucker Punch|p1a: Weather War\n|-damage|p1a: Weather War|0 fnt\n|faint|p1a: Weather War\n|-damage|p2a: Kingambit|45\/100|[from] item: Life Orb\n|move|p1b: OTLHPM|Earthquake|p2a: Kingambit|[spread] p2a\n|-immune|p2b: Flamigo\n|-supereffective|p2a: Kingambit\n|-damage|p2a: Kingambit|7\/100\n|move|p2b: Flamigo|Roost|p2b: Flamigo\n|-heal|p2b: Flamigo|88\/100\n|-singleturn|p2b: Flamigo|move: Roost\n|\n|-weather|Snow|[upkeep]\n|upkeep\n|\n|t:|1698698410\n|switch|p1a: ThcrThnSnkr|Tyranitar, F|100\/100\n|-weather|Sandstorm|[from] ability: Sand Stream|[of] p1a: ThcrThnSnkr\n|turn|7\n|\n|t:|1698698424\n|move|p2a: Kingambit|Sucker Punch|p1a: ThcrThnSnkr\n|-resisted|p1a: ThcrThnSnkr\n|-crit|p1a: ThcrThnSnkr\n|-damage|p1a: ThcrThnSnkr|63\/100\n|-damage|p2a: Kingambit|0 fnt|[from] item: Life Orb\n|faint|p2a: Kingambit\n|move|p1b: OTLHPM|Drain Punch|p2b: Flamigo\n|-resisted|p2b: Flamigo\n|-damage|p2b: Flamigo|45\/100\n|move|p1a: ThcrThnSnkr|Thunderbolt|p2b: Flamigo\n|-supereffective|p2b: Flamigo\n|-damage|p2b: Flamigo|0 fnt\n|faint|p2b: Flamigo\n|\n|-weather|Sandstorm|[upkeep]\n|-damage|p1b: OTLHPM|94\/100|[from] Sandstorm\n|-heal|p1b: OTLHPM|100\/100|[from] item: Black Sludge\n|upkeep\n|\n|t:|1698698438\n|switch|p2b: Amoonguss|Amoonguss, F|100\/100\n|switch|p2a: Gholdengo|Gholdengo|100\/100\n|turn|8\n|\n|t:|1698698463\n|move|p2a: Gholdengo|Make It Rain|p1b: OTLHPM|[spread] p1a,p1b\n|-supereffective|p1a: ThcrThnSnkr\n|-damage|p1a: ThcrThnSnkr|16\/100\n|-damage|p1b: OTLHPM|19\/100\n|-unboost|p2a: Gholdengo|spa|1\n|move|p1b: OTLHPM|Poison Jab|p2b: Amoonguss\n|-damage|p2b: Amoonguss|56\/100\n|-status|p1b: OTLHPM|slp|[from] ability: Effect Spore|[of] p2b: Amoonguss\n|move|p1a: ThcrThnSnkr|Knock Off|p2a: Gholdengo\n|-supereffective|p2a: Gholdengo\n|-damage|p2a: Gholdengo|0 fnt\n|-enditem|p2a: Gholdengo|Choice Specs|[from] move: Knock Off|[of] p1a: ThcrThnSnkr\n|faint|p2a: Gholdengo\n|move|p2b: Amoonguss|Spore|p1a: ThcrThnSnkr\n|-status|p1a: ThcrThnSnkr|slp|[from] move: Spore\n|\n|-weather|Sandstorm|[upkeep]\n|-damage|p1b: OTLHPM|13\/100 slp|[from] Sandstorm\n|-damage|p2b: Amoonguss|50\/100|[from] Sandstorm\n|-heal|p1b: OTLHPM|19\/100 slp|[from] item: Black Sludge\n|-heal|p2b: Amoonguss|56\/100|[from] item: Leftovers\n|upkeep\n|turn|9\n|\n|t:|1698698485\n|cant|p1b: OTLHPM|slp\n|cant|p1a: ThcrThnSnkr|slp\n|move|p2b: Amoonguss|Pollen Puff|p1a: ThcrThnSnkr\n|-supereffective|p1a: ThcrThnSnkr\n|-damage|p1a: ThcrThnSnkr|5\/100 slp\n|\n|-weather|Sandstorm|[upkeep]\n|-damage|p1b: OTLHPM|13\/100 slp|[from] Sandstorm\n|-damage|p2b: Amoonguss|50\/100|[from] Sandstorm\n|-heal|p1b: OTLHPM|19\/100 slp|[from] item: Black Sludge\n|-heal|p2b: Amoonguss|56\/100|[from] item: Leftovers\n|upkeep\n|turn|10\n|\n|t:|1698698495\n|cant|p1b: OTLHPM|slp\n|-curestatus|p1a: ThcrThnSnkr|slp|[msg]\n|move|p1a: ThcrThnSnkr|Knock Off|p2b: Amoonguss\n|-damage|p2b: Amoonguss|13\/100\n|-enditem|p2b: Amoonguss|Leftovers|[from] move: Knock Off|[of] p1a: ThcrThnSnkr\n|move|p2b: Amoonguss|Pollen Puff|p1a: ThcrThnSnkr\n|-supereffective|p1a: ThcrThnSnkr\n|-damage|p1a: ThcrThnSnkr|0 fnt\n|faint|p1a: ThcrThnSnkr\n|\n|-weather|Sandstorm|[upkeep]\n|-damage|p1b: OTLHPM|13\/100 slp|[from] Sandstorm\n|-damage|p2b: Amoonguss|7\/100|[from] Sandstorm\n|-heal|p1b: OTLHPM|19\/100 slp|[from] item: Black Sludge\n|upkeep\n|turn|11\n|\n|t:|1698698512\n|-curestatus|p1b: OTLHPM|slp|[msg]\n|move|p1b: OTLHPM|Poison Jab|p2b: Amoonguss\n|-damage|p2b: Amoonguss|0 fnt\n|faint|p2b: Amoonguss\n|\n|win|mikeyuwu\n|raw|mikeyuwu's rating: 1241 &rarr; <strong>1263<\/strong><br \/>(+22 for winning)\n|raw|Reapergangster's rating: 1202 &rarr; <strong>1180<\/strong><br \/>(-22 for losing)\n|l|\u2606Reapergangster\n|c|\u2606mikeyuwu|Gg\n","uploadtime":1698698527,"views":14,"p1id":"mikeyuwu","p2id":"reapergangster","formatid":"gen9doublesou","rating":1180,"private":0,"password":""}