{"id":"gen9doublesou-1976811487","p1":"UY QUE RICO PAPI!","p2":"AllenDegenerate","format":"[Gen 9] Doubles OU","log":"|j|\u2606UY QUE RICO PAPI!\n|j|\u2606AllenDegenerate\n|t:|1698343274\n|gametype|doubles\n|player|p1|UY QUE RICO PAPI!|2|1223\n|player|p2|AllenDegenerate|shadowtriad|1318\n|teamsize|p1|6\n|teamsize|p2|6\n|gen|9\n|tier|[Gen 9] Doubles OU\n|rated|\n|rule|Species Clause: Limit one of each Pok\u00e9mon\n|rule|OHKO Clause: OHKO moves are banned\n|rule|Evasion Moves Clause: Evasion moves are banned\n|rule|Gravity Sleep Clause: The combination of sleep-inducing moves with imperfect accuracy and Gravity or Gigantamax Orbeetle are banned\n|rule|Endless Battle Clause: Forcing endless battles is banned\n|rule|HP Percentage Mod: HP is shown in percentages\n|clearpoke\n|poke|p1|Murkrow, M|\n|poke|p1|Masquerain, F|\n|poke|p1|Dragapult, M|\n|poke|p1|Chien-Pao|\n|poke|p1|Iron Bundle|\n|poke|p1|Indeedee, M|\n|poke|p2|Orthworm, M|\n|poke|p2|Grimmsnarl, M|\n|poke|p2|Dragonite, F|\n|poke|p2|Scizor, M|\n|poke|p2|Ceruledge, F|\n|poke|p2|Quaquaval, F|\n|teampreview\n|inactive|Battle timer is ON: inactive players will automatically lose when time's up. (requested by AllenDegenerate)\n|inactive|UY QUE RICO PAPI! has 120 seconds left.\n|inactive|UY QUE RICO PAPI! has 90 seconds left.\n|\n|t:|1698343354\n|start\n|switch|p1a: Dragapult|Dragapult, M|100\/100\n|switch|p1b: Chien-Pao|Chien-Pao|100\/100\n|switch|p2a: Dragonite|Dragonite, F|100\/100\n|switch|p2b: Scizor|Scizor, M|100\/100\n|-ability|p1b: Chien-Pao|Sword of Ruin\n|turn|1\n|\n|t:|1698343371\n|switch|p1b: Indeedee|Indeedee, M|100\/100\n|-fieldstart|move: Psychic Terrain|[from] ability: Psychic Surge|[of] p1b: Indeedee\n|-enditem|p1b: Indeedee|Psychic Seed\n|-boost|p1b: Indeedee|spd|1|[from] item: Psychic Seed\n|-terastallize|p2b: Scizor|Flying\n|move|p2a: Dragonite|Protect|p2a: Dragonite\n|-singleturn|p2a: Dragonite|Protect\n|move|p1a: Dragapult|Dragon Dance|p1a: Dragapult\n|-boost|p1a: Dragapult|atk|1\n|-boost|p1a: Dragapult|spe|1\n|move|p2b: Scizor|U-turn|p1b: Indeedee\n|-supereffective|p1b: Indeedee\n|-damage|p1b: Indeedee|0 fnt\n|faint|p1b: Indeedee\n|inactive|AllenDegenerate has 120 seconds left.\n|\n|t:|1698343396\n|switch|p2b: Orthworm|Orthworm, M|100\/100|[from] U-turn\n|\n|upkeep\n|\n|t:|1698343410\n|switch|p1b: Chien-Pao|Chien-Pao|100\/100\n|-ability|p1b: Chien-Pao|Sword of Ruin\n|turn|2\n|\n|t:|1698343420\n|switch|p2a: Grimmsnarl|Grimmsnarl, M, shiny|100\/100\n|-terastallize|p1a: Dragapult|Dragon\n|move|p1b: Chien-Pao|Sacred Sword|p2b: Orthworm\n|-supereffective|p2b: Orthworm\n|-damage|p2b: Orthworm|41\/100\n|move|p1a: Dragapult|Dragon Darts|p2b: Orthworm\n|-resisted|p2b: Orthworm\n|-damage|p2b: Orthworm|5\/100\n|-anim|p1a: Dragapult|Dragon Darts|p2b: Orthworm\n|-resisted|p2b: Orthworm\n|-damage|p2b: Orthworm|0 fnt\n|faint|p2b: Orthworm\n|-damage|p1a: Dragapult|91\/100|[from] item: Life Orb\n|\n|upkeep\n|inactive|AllenDegenerate has 120 seconds left.\n|\n|t:|1698343441\n|switch|p2b: Scizor|Scizor, M, tera:Flying|100\/100\n|turn|3\n|inactive|UY QUE RICO PAPI! has 120 seconds left.\n|\n|t:|1698343488\n|switch|p1b: Masquerain|Masquerain, F|100\/100\n|-ability|p1b: Masquerain|Intimidate|boost\n|-unboost|p2a: Grimmsnarl|atk|1\n|-unboost|p2b: Scizor|atk|1\n|move|p1a: Dragapult|Protect|p1a: Dragapult\n|-singleturn|p1a: Dragapult|Protect\n|move|p2a: Grimmsnarl|Reflect|p2a: Grimmsnarl\n|-sidestart|p2: AllenDegenerate|Reflect\n|move|p2b: Scizor|Dual Wingbeat|p1a: Dragapult\n|-activate|p1a: Dragapult|move: Protect\n|\n|upkeep\n|turn|4\n|inactive|UY QUE RICO PAPI! has 120 seconds left.\n|\n|t:|1698343519\n|switch|p1b: Chien-Pao|Chien-Pao|100\/100\n|-ability|p1b: Chien-Pao|Sword of Ruin\n|move|p2a: Grimmsnarl|Taunt|p1b: Chien-Pao\n|-activate|p1b: Chien-Pao|move: Psychic Terrain\n|move|p1a: Dragapult|Psychic Fangs|p2b: Scizor\n|-sideend|p2: AllenDegenerate|Reflect\n|-damage|p2b: Scizor|0 fnt\n|faint|p2b: Scizor\n|-damage|p1a: Dragapult|81\/100|[from] item: Life Orb\n|\n|upkeep\n|\n|t:|1698343533\n|switch|p2b: Ceruledge|Ceruledge, F|100\/100\n|turn|5\n|inactive|UY QUE RICO PAPI! has 120 seconds left.\n|inactive|UY QUE RICO PAPI! has 90 seconds left.\n|\n|t:|1698343575\n|move|p1b: Chien-Pao|Sacred Sword|p2a: Grimmsnarl\n|-damage|p2a: Grimmsnarl|55\/100\n|move|p1a: Dragapult|Psychic Fangs|p2b: Ceruledge\n|-damage|p2b: Ceruledge|0 fnt\n|faint|p2b: Ceruledge\n|-damage|p1a: Dragapult|71\/100|[from] item: Life Orb\n|move|p2a: Grimmsnarl|Drain Punch|p1b: Chien-Pao\n|-supereffective|p1b: Chien-Pao\n|-damage|p1b: Chien-Pao|29\/100\n|-heal|p2a: Grimmsnarl|83\/100|[from] drain|[of] p1b: Chien-Pao\n|\n|-fieldend|move: Psychic Terrain\n|upkeep\n|\n|t:|1698343595\n|switch|p2b: Quaquaval|Quaquaval, F|100\/100\n|turn|6\n|\n|t:|1698343612\n|move|p2a: Grimmsnarl|Reflect|p2a: Grimmsnarl\n|-sidestart|p2: AllenDegenerate|Reflect\n|move|p1b: Chien-Pao|Sacred Sword|p2a: Grimmsnarl\n|-damage|p2a: Grimmsnarl|52\/100\n|move|p1a: Dragapult|Dragon Darts|p2b: Quaquaval\n|-damage|p2b: Quaquaval|13\/100\n|-anim|p1a: Dragapult|Dragon Darts|p2b: Quaquaval\n|-damage|p2b: Quaquaval|0 fnt\n|faint|p2b: Quaquaval\n|-damage|p1a: Dragapult|62\/100|[from] item: Life Orb\n|\n|upkeep\n|-message|AllenDegenerate forfeited.\n|\n|win|UY QUE RICO PAPI!\n|raw|UY QUE RICO PAPI!'s rating: 1223 &rarr; <strong>1255<\/strong><br \/>(+32 for winning)\n|raw|AllenDegenerate's rating: 1318 &rarr; <strong>1293<\/strong><br \/>(-25 for losing)\n|l|\u2606AllenDegenerate\n","uploadtime":1698343639,"views":15,"p1id":"uyquericopapi","p2id":"allendegenerate","formatid":"gen9doublesou","rating":1255,"private":0,"password":""}