{"id":"gen9doublesou-1985743569","p1":"jayj323","p2":"mikeyuwu","format":"[Gen 9] Doubles OU","log":"|j|\u2606jayj323\n|j|\u2606mikeyuwu\n|t:|1699401556\n|gametype|doubles\n|player|p1|jayj323|musician|1102\n|player|p2|mikeyuwu|psychic-gen4|1209\n|teamsize|p1|6\n|teamsize|p2|6\n|gen|9\n|tier|[Gen 9] Doubles OU\n|rated|\n|rule|Species Clause: Limit one of each Pok\u00e9mon\n|rule|OHKO Clause: OHKO moves are banned\n|rule|Evasion Moves Clause: Evasion moves are banned\n|rule|Gravity Sleep Clause: The combination of sleep-inducing moves with imperfect accuracy and Gravity or Gigantamax Orbeetle are banned\n|rule|Endless Battle Clause: Forcing endless battles is banned\n|rule|HP Percentage Mod: HP is shown in percentages\n|clearpoke\n|poke|p1|Oricorio-Sensu, M|\n|poke|p1|Kommo-o, F|\n|poke|p1|Flamigo, F|\n|poke|p1|Quaquaval, M|\n|poke|p1|Iron Moth|\n|poke|p1|Arboliva, F|\n|poke|p2|Garchomp, M|\n|poke|p2|Tyranitar, F|\n|poke|p2|Vaporeon, F|\n|poke|p2|Toxicroak, M|\n|poke|p2|Pelipper, F|\n|poke|p2|Abomasnow, M|\n|teampreview\n|inactive|Battle timer is ON: inactive players will automatically lose when time's up. (requested by jayj323)\n|\n|t:|1699401574\n|start\n|switch|p1a: Oricorio|Oricorio-Sensu, M|100\/100\n|switch|p1b: Kommo-o|Kommo-o, F|100\/100\n|switch|p2a: OTLHPM|Toxicroak, M|100\/100\n|switch|p2b: Cold Shoulder|Abomasnow, M, shiny|100\/100\n|-weather|Snow|[from] ability: Snow Warning|[of] p2b: Cold Shoulder\n|turn|1\n|\n|t:|1699401596\n|move|p1b: Kommo-o|Clangorous Soul|p1b: Kommo-o\n|-boost|p1b: Kommo-o|atk|1\n|-boost|p1b: Kommo-o|def|1\n|-boost|p1b: Kommo-o|spa|1\n|-boost|p1b: Kommo-o|spd|1\n|-boost|p1b: Kommo-o|spe|1\n|-damage|p1b: Kommo-o|68\/100\n|-enditem|p1b: Kommo-o|Throat Spray\n|-boost|p1b: Kommo-o|spa|1|[from] item: Throat Spray\n|-activate|p1a: Oricorio|ability: Dancer\n|move|p1a: Oricorio|Clangorous Soul|p1a: Oricorio|[from]ability: Dancer\n|-boost|p1a: Oricorio|atk|1\n|-boost|p1a: Oricorio|def|1\n|-boost|p1a: Oricorio|spa|1\n|-boost|p1a: Oricorio|spd|1\n|-boost|p1a: Oricorio|spe|1\n|-damage|p1a: Oricorio|68\/100\n|move|p1a: Oricorio|Quiver Dance|p1a: Oricorio\n|-boost|p1a: Oricorio|spa|1\n|-boost|p1a: Oricorio|spd|1\n|-boost|p1a: Oricorio|spe|1\n|move|p2a: OTLHPM|Poison Jab|p1b: Kommo-o\n|-damage|p1b: Kommo-o|39\/100\n|move|p2b: Cold Shoulder|Blizzard|p1a: Oricorio|[spread] p1a,p1b\n|-supereffective|p1a: Oricorio\n|-supereffective|p1b: Kommo-o\n|-damage|p1a: Oricorio|21\/100\n|-damage|p1b: Kommo-o|0 fnt\n|-enditem|p1a: Oricorio|Sitrus Berry|[eat]\n|-heal|p1a: Oricorio|46\/100|[from] item: Sitrus Berry\n|faint|p1b: Kommo-o\n|\n|-weather|Snow|[upkeep]\n|upkeep\n|inactive|jayj323 has 120 seconds left.\n|\n|t:|1699401625\n|switch|p1b: Flamigo|Flamigo, F|100\/100\n|-copyboost|p1b: Flamigo|p1a: Oricorio|[from] ability: Costar\n|turn|2\n|inactive|jayj323 has 120 seconds left.\n|\n|t:|1699401643\n|move|p1b: Flamigo|Dual Wingbeat|p2a: OTLHPM|[miss]\n|-miss|p1b: Flamigo|p2a: OTLHPM\n|move|p1a: Oricorio|Baton Pass|p1a: Oricorio\n|inactive|jayj323 has 120 seconds left.\n|\n|t:|1699401649\n|switch|p1a: Iron Moth|Iron Moth|100\/100|[from] Baton Pass\n|move|p2a: OTLHPM|Poison Jab|p1b: Flamigo\n|-crit|p1b: Flamigo\n|-damage|p1b: Flamigo|16\/100\n|-status|p1b: Flamigo|psn\n|move|p2b: Cold Shoulder|Blizzard|p1a: Iron Moth|[spread] p1a,p1b\n|-resisted|p1a: Iron Moth\n|-supereffective|p1b: Flamigo\n|-damage|p1a: Iron Moth|93\/100\n|-damage|p1b: Flamigo|0 fnt\n|faint|p1b: Flamigo\n|\n|-weather|Snow|[upkeep]\n|upkeep\n|inactive|jayj323 has 120 seconds left.\n|\n|t:|1699401663\n|switch|p1b: Oricorio|Oricorio-Sensu, M|46\/100\n|turn|3\n|\n|t:|1699401671\n|switch|p2a: Weather War|Pelipper, F|100\/100\n|-weather|RainDance|[from] ability: Drizzle|[of] p2a: Weather War\n|-terastallize|p2b: Cold Shoulder|Water\n|move|p1b: Oricorio|Protect|p1b: Oricorio\n|-singleturn|p1b: Oricorio|Protect\n|move|p1a: Iron Moth|Fiery Dance|p2b: Cold Shoulder\n|-resisted|p2b: Cold Shoulder\n|-damage|p2b: Cold Shoulder|69\/100\n|-damage|p1a: Iron Moth|83\/100|[from] item: Life Orb\n|-activate|p1b: Oricorio|ability: Dancer\n|move|p1b: Oricorio|Fiery Dance|p2b: Cold Shoulder|[from]ability: Dancer\n|-resisted|p2b: Cold Shoulder\n|-damage|p2b: Cold Shoulder|63\/100\n|-boost|p1b: Oricorio|spa|1\n|move|p2b: Cold Shoulder|Weather Ball|p1a: Iron Moth\n|-supereffective|p1a: Iron Moth\n|-damage|p1a: Iron Moth|28\/100\n|\n|-weather|RainDance|[upkeep]\n|upkeep\n|turn|4\n|inactive|jayj323 has 120 seconds left.\n|\n|t:|1699401705\n|switch|p2b: ThcrThnSnkr|Tyranitar, F|100\/100\n|-weather|Sandstorm|[from] ability: Sand Stream|[of] p2b: ThcrThnSnkr\n|move|p1a: Iron Moth|Energy Ball|p2b: ThcrThnSnkr\n|-supereffective|p2b: ThcrThnSnkr\n|-damage|p2b: ThcrThnSnkr|51\/100\n|-damage|p1a: Iron Moth|18\/100|[from] item: Life Orb\n|move|p1b: Oricorio|Revelation Dance|p2a: Weather War\n|-damage|p2a: Weather War|10\/100\n|move|p2a: Weather War|Chilling Water|p1a: Iron Moth\n|-supereffective|p1a: Iron Moth\n|-damage|p1a: Iron Moth|0 fnt\n|faint|p1a: Iron Moth\n|-end|p1a: Iron Moth|Quark Drive|[silent]\n|\n|-weather|Sandstorm|[upkeep]\n|-damage|p1b: Oricorio|40\/100|[from] Sandstorm\n|-damage|p2a: Weather War|4\/100|[from] Sandstorm\n|upkeep\n|inactive|jayj323 has 120 seconds left.\n|\n|t:|1699401727\n|switch|p1a: Arboliva|Arboliva, F|100\/100\n|turn|5\n|inactive|jayj323 has 120 seconds left.\n|\n|t:|1699401739\n|-terastallize|p1a: Arboliva|Grass\n|move|p1b: Oricorio|Protect|p1b: Oricorio\n|-singleturn|p1b: Oricorio|Protect\n|move|p2a: Weather War|Hurricane|p1a: Arboliva\n|-supereffective|p1a: Arboliva\n|-damage|p1a: Arboliva|54\/100\n|-start|p1a: Arboliva|confusion\n|-fieldstart|move: Grassy Terrain|[from] ability: Seed Sower|[of] p1a: Arboliva\n|move|p2b: ThcrThnSnkr|Rock Slide|p1a: Arboliva|[spread] p1a\n|-activate|p1b: Oricorio|move: Protect\n|-damage|p1a: Arboliva|29\/100\n|-activate|p1a: Arboliva|confusion\n|-damage|p1a: Arboliva|23\/100|[from] confusion\n|\n|-weather|Sandstorm|[upkeep]\n|-damage|p1b: Oricorio|34\/100|[from] Sandstorm\n|-damage|p2a: Weather War|0 fnt|[from] Sandstorm\n|-damage|p1a: Arboliva|17\/100|[from] Sandstorm\n|faint|p2a: Weather War\n|-heal|p2b: ThcrThnSnkr|57\/100|[from] Grassy Terrain\n|-heal|p1a: Arboliva|23\/100|[from] Grassy Terrain\n|upkeep\n|\n|t:|1699401758\n|switch|p2a: Cold Shoulder|Abomasnow, M, shiny, tera:Water|63\/100\n|-weather|Snow|[from] ability: Snow Warning|[of] p2a: Cold Shoulder\n|turn|6\n|\n|t:|1699401768\n|move|p1b: Oricorio|Baton Pass|p1b: Oricorio\n|\n|t:|1699401769\n|switch|p1b: Quaquaval|Quaquaval, M|100\/100|[from] Baton Pass\n|move|p2a: Cold Shoulder|Blizzard|p1a: Arboliva|[spread] p1a,p1b\n|-supereffective|p1a: Arboliva\n|-resisted|p1b: Quaquaval\n|-damage|p1a: Arboliva|0 fnt\n|-damage|p1b: Quaquaval|81\/100\n|faint|p1a: Arboliva\n|move|p2b: ThcrThnSnkr|Knock Off|p1b: Quaquaval\n|-resisted|p1b: Quaquaval\n|-damage|p1b: Quaquaval|55\/100\n|-enditem|p1b: Quaquaval|Leftovers|[from] move: Knock Off|[of] p2b: ThcrThnSnkr\n|\n|-weather|Snow|[upkeep]\n|-heal|p1b: Quaquaval|61\/100|[from] Grassy Terrain\n|-heal|p2a: Cold Shoulder|69\/100|[from] Grassy Terrain\n|-heal|p2b: ThcrThnSnkr|64\/100|[from] Grassy Terrain\n|upkeep\n|\n|t:|1699401774\n|switch|p1a: Oricorio|Oricorio-Sensu, M|34\/100\n|turn|7\n|\n|t:|1699401781\n|switch|p2b: OTLHPM|Toxicroak, M|100\/100\n|move|p1b: Quaquaval|Aqua Step|p2b: OTLHPM\n|-immune|p2b: OTLHPM|[from] ability: Dry Skin\n|move|p1a: Oricorio|Revelation Dance|p2b: OTLHPM\n|-damage|p2b: OTLHPM|47\/100\n|move|p2a: Cold Shoulder|Giga Drain|p1b: Quaquaval\n|-supereffective|p1b: Quaquaval\n|-damage|p1b: Quaquaval|0 fnt\n|-heal|p2a: Cold Shoulder|96\/100|[from] drain|[of] p1b: Quaquaval\n|faint|p1b: Quaquaval\n|\n|-weather|Snow|[upkeep]\n|-heal|p2b: OTLHPM|53\/100|[from] Grassy Terrain\n|-heal|p2b: OTLHPM|60\/100|[from] item: Black Sludge\n|-heal|p2a: Cold Shoulder|100\/100|[from] Grassy Terrain\n|upkeep\n|turn|8\n|\n|t:|1699401795\n|switch|p2b: Harmacy|Vaporeon, F|100\/100\n|move|p1a: Oricorio|Quiver Dance|p1a: Oricorio\n|-boost|p1a: Oricorio|spa|1\n|-boost|p1a: Oricorio|spd|1\n|-boost|p1a: Oricorio|spe|1\n|move|p2a: Cold Shoulder|Blizzard|p1a: Oricorio\n|-supereffective|p1a: Oricorio\n|-damage|p1a: Oricorio|0 fnt\n|faint|p1a: Oricorio\n|\n|win|mikeyuwu\n|raw|jayj323's rating: 1102 &rarr; <strong>1084<\/strong><br \/>(-18 for losing)\n|raw|mikeyuwu's rating: 1209 &rarr; <strong>1227<\/strong><br \/>(+18 for winning)\n|c|\u2606mikeyuwu|Gg\n|c|\u2606jayj323|ggwp\n|l|\u2606jayj323\n","uploadtime":1699401840,"views":10,"p1id":"jayj323","p2id":"mikeyuwu","formatid":"gen9doublesou","rating":1084,"private":0,"password":""}