{"id":"gen9doublesou-1987635864","p1":"AdvancedDigit","p2":"loprat","format":"[Gen 9] Doubles OU","log":"|j|\u2606AdvancedDigit\n|j|\u2606loprat\n|t:|1699622373\n|gametype|doubles\n|player|p1|AdvancedDigit|hilbert|1163\n|player|p2|loprat|pokemaniac|1215\n|teamsize|p1|6\n|teamsize|p2|6\n|gen|9\n|tier|[Gen 9] Doubles OU\n|rated|\n|rule|Species Clause: Limit one of each Pok\u00e9mon\n|rule|OHKO Clause: OHKO moves are banned\n|rule|Evasion Moves Clause: Evasion moves are banned\n|rule|Gravity Sleep Clause: The combination of sleep-inducing moves with imperfect accuracy and Gravity or Gigantamax Orbeetle are banned\n|rule|Endless Battle Clause: Forcing endless battles is banned\n|rule|HP Percentage Mod: HP is shown in percentages\n|clearpoke\n|poke|p1|Grafaiai, F|\n|poke|p1|Enamorus, F|\n|poke|p1|Kingambit, F|\n|poke|p1|Flutter Mane|\n|poke|p1|Cresselia, F|\n|poke|p1|Gliscor, M|\n|poke|p2|Torkoal, M|\n|poke|p2|Amoonguss, F|\n|poke|p2|Gliscor, M|\n|poke|p2|Eelektross, F|\n|poke|p2|Flutter Mane|\n|poke|p2|Thundurus-Therian, M|\n|teampreview\n|\n|t:|1699622388\n|start\n|switch|p1a: Cresselia|Cresselia, F|100\/100\n|switch|p1b: Gliscor|Gliscor, M|100\/100\n|switch|p2a: Gliscor|Gliscor, M, shiny|100\/100\n|switch|p2b: Amoonguss|Amoonguss, F|100\/100\n|turn|1\n|\n|t:|1699622411\n|move|p2a: Gliscor|Protect|p2a: Gliscor\n|-singleturn|p2a: Gliscor|Protect\n|move|p1b: Gliscor|Knock Off|p2a: Gliscor\n|-activate|p2a: Gliscor|move: Protect\n|move|p1a: Cresselia|Skill Swap|p1b: Gliscor\n|-activate|p1a: Cresselia|move: Skill Swap|||[of] p1b: Gliscor\n|move|p2b: Amoonguss|Spore|p1a: Cresselia\n|-status|p1a: Cresselia|slp|[from] move: Spore\n|\n|-status|p2a: Gliscor|tox|[from] item: Toxic Orb\n|upkeep\n|turn|2\n|\n|t:|1699622430\n|move|p2b: Amoonguss|Rage Powder|p2b: Amoonguss\n|-singleturn|p2b: Amoonguss|move: Rage Powder\n|move|p2a: Gliscor|Crabhammer|p1b: Gliscor\n|-supereffective|p1b: Gliscor\n|-damage|p1b: Gliscor|65\/100\n|move|p1b: Gliscor|Acrobatics|p2b: Amoonguss\n|-supereffective|p2b: Amoonguss\n|-damage|p2b: Amoonguss|67\/100\n|cant|p1a: Cresselia|slp\n|\n|-heal|p1b: Gliscor|71\/100|[from] item: Leftovers\n|-heal|p2b: Amoonguss|73\/100|[from] item: Leftovers\n|upkeep\n|turn|3\n|\n|t:|1699622442\n|move|p1b: Gliscor|Protect|p1b: Gliscor\n|-singleturn|p1b: Gliscor|Protect\n|move|p2b: Amoonguss|Rage Powder|p2b: Amoonguss\n|-singleturn|p2b: Amoonguss|move: Rage Powder\n|move|p2a: Gliscor|Crabhammer|p1b: Gliscor\n|-activate|p1b: Gliscor|move: Protect\n|cant|p1a: Cresselia|slp\n|\n|-heal|p1b: Gliscor|77\/100|[from] item: Leftovers\n|-heal|p2b: Amoonguss|80\/100|[from] item: Leftovers\n|upkeep\n|turn|4\n|\n|t:|1699622461\n|move|p2a: Gliscor|Crabhammer|p1b: Gliscor\n|-supereffective|p1b: Gliscor\n|-damage|p1b: Gliscor|43\/100\n|move|p1b: Gliscor|Knock Off|p2b: Amoonguss\n|-damage|p2b: Amoonguss|60\/100\n|-status|p1b: Gliscor|slp|[from] ability: Effect Spore|[of] p2b: Amoonguss\n|-enditem|p2b: Amoonguss|Leftovers|[from] move: Knock Off|[of] p1b: Gliscor\n|-curestatus|p1a: Cresselia|slp|[msg]\n|move|p1a: Cresselia|Calm Mind|p1a: Cresselia\n|-boost|p1a: Cresselia|spa|1\n|-boost|p1a: Cresselia|spd|1\n|move|p2b: Amoonguss|Spore|p1b: Gliscor\n|-fail|p1b: Gliscor|slp\n|\n|-heal|p1b: Gliscor|49\/100 slp|[from] item: Leftovers\n|-status|p1a: Cresselia|tox|[from] item: Toxic Orb\n|upkeep\n|turn|5\n|\n|t:|1699622475\n|move|p2a: Gliscor|Crabhammer|p1b: Gliscor\n|-supereffective|p1b: Gliscor\n|-damage|p1b: Gliscor|13\/100 slp\n|cant|p1b: Gliscor|slp\n|move|p1a: Cresselia|Calm Mind|p1a: Cresselia\n|-boost|p1a: Cresselia|spa|1\n|-boost|p1a: Cresselia|spd|1\n|move|p2b: Amoonguss|Spore||[still]\n|-fail|p2b: Amoonguss\n|\n|-heal|p1b: Gliscor|19\/100 slp|[from] item: Leftovers\n|upkeep\n|turn|6\n|\n|t:|1699622500\n|move|p2a: Gliscor|Dual Wingbeat|p1a: Cresselia\n|-damage|p1a: Cresselia|88\/100 tox\n|-damage|p1a: Cresselia|74\/100 tox\n|-hitcount|p1a: Cresselia|2\n|cant|p1b: Gliscor|slp\n|move|p1a: Cresselia|Moonblast|p2a: Gliscor\n|-damage|p2a: Gliscor|46\/100 tox\n|-unboost|p2a: Gliscor|spa|1\n|move|p2b: Amoonguss|Synthesis|p2b: Amoonguss\n|-heal|p2b: Amoonguss|100\/100\n|\n|-heal|p1b: Gliscor|25\/100 slp|[from] item: Leftovers\n|-heal|p2a: Gliscor|59\/100 tox|[from] ability: Poison Heal\n|-heal|p1a: Cresselia|87\/100 tox|[from] ability: Poison Heal\n|upkeep\n|turn|7\n|\n|t:|1699622523\n|switch|p2b: Flutter Mane|Flutter Mane|100\/100\n|move|p2a: Gliscor|Crabhammer|p1b: Gliscor\n|-supereffective|p1b: Gliscor\n|-damage|p1b: Gliscor|0 fnt\n|faint|p1b: Gliscor\n|move|p1a: Cresselia|Moonblast|p2a: Gliscor\n|-damage|p2a: Gliscor|5\/100 tox\n|\n|-heal|p2a: Gliscor|18\/100 tox|[from] ability: Poison Heal\n|-heal|p1a: Cresselia|99\/100 tox|[from] ability: Poison Heal\n|upkeep\n|\n|t:|1699622531\n|switch|p1b: Kingambit|Kingambit, F|100\/100\n|turn|8\n|\n|t:|1699622545\n|move|p2b: Flutter Mane|Shadow Ball|p1a: Cresselia\n|-supereffective|p1a: Cresselia\n|-damage|p1a: Cresselia|78\/100 tox\n|move|p2a: Gliscor|Earthquake|p1b: Kingambit|[spread] p2b,p1a,p1b\n|-supereffective|p1b: Kingambit\n|-damage|p2b: Flutter Mane|17\/100\n|-damage|p1a: Cresselia|51\/100 tox\n|-damage|p1b: Kingambit|54\/100\n|move|p1a: Cresselia|Moonblast|p2a: Gliscor\n|-damage|p2a: Gliscor|0 fnt\n|faint|p2a: Gliscor\n|move|p1b: Kingambit|Iron Head|p2b: Flutter Mane\n|-supereffective|p2b: Flutter Mane\n|-damage|p2b: Flutter Mane|0 fnt\n|faint|p2b: Flutter Mane\n|-end|p2b: Flutter Mane|Protosynthesis|[silent]\n|\n|-heal|p1b: Kingambit|61\/100|[from] item: Leftovers\n|-heal|p1a: Cresselia|64\/100 tox|[from] ability: Poison Heal\n|upkeep\n|\n|t:|1699622563\n|switch|p2b: Eelektross|Eelektross, F, shiny|100\/100\n|switch|p2a: Thundurus|Thundurus-Therian, M|100\/100\n|turn|9\n|\n|t:|1699622596\n|move|p1b: Kingambit|Sucker Punch|p2a: Thundurus\n|-damage|p2a: Thundurus|25\/100\n|move|p2a: Thundurus|Wildbolt Storm|p1a: Cresselia|[spread] p1a\n|-miss|p2a: Thundurus|p1b: Kingambit\n|-damage|p1a: Cresselia|50\/100 tox\n|-damage|p2a: Thundurus|16\/100|[from] item: Life Orb\n|move|p1a: Cresselia|Moonlight|p1a: Cresselia\n|-heal|p1a: Cresselia|99\/100 tox\n|move|p2b: Eelektross|Discharge|p1a: Cresselia|[spread] p1a,p1b\n|-heal|p2a: Thundurus|40\/100|[from] ability: Volt Absorb|[of] p2b: Eelektross\n|-damage|p1a: Cresselia|93\/100 tox\n|-damage|p1b: Kingambit|35\/100\n|-status|p1b: Kingambit|par\n|\n|-heal|p1b: Kingambit|42\/100 par|[from] item: Leftovers\n|-heal|p1a: Cresselia|100\/100 tox|[from] ability: Poison Heal\n|upkeep\n|turn|10\n|-message|loprat forfeited.\n|\n|win|AdvancedDigit\n|raw|AdvancedDigit's rating: 1163 &rarr; <strong>1192<\/strong><br \/>(+29 for winning)\n|raw|loprat's rating: 1215 &rarr; <strong>1186<\/strong><br \/>(-29 for losing)\n|l|\u2606loprat\n","uploadtime":1699622610,"views":6,"p1id":"advanceddigit","p2id":"loprat","formatid":"gen9doublesou","rating":1186,"private":0,"password":""}