{"id":"gen9doublesou-1970820272","p1":"Techie of course o","p2":"chidioos","format":"[Gen 9] Doubles OU","log":"|j|\u2606Techie of course o\n|j|\u2606chidioos\n|t:|1697670448\n|gametype|doubles\n|player|p1|Techie of course o|102|1000\n|player|p2|chidioos|sailor|1000\n|teamsize|p1|6\n|teamsize|p2|6\n|gen|9\n|tier|[Gen 9] Doubles OU\n|rated|\n|rule|Species Clause: Limit one of each Pok\u00e9mon\n|rule|OHKO Clause: OHKO moves are banned\n|rule|Evasion Moves Clause: Evasion moves are banned\n|rule|Gravity Sleep Clause: The combination of sleep-inducing moves with imperfect accuracy and Gravity or Gigantamax Orbeetle are banned\n|rule|Endless Battle Clause: Forcing endless battles is banned\n|rule|HP Percentage Mod: HP is shown in percentages\n|clearpoke\n|poke|p1|Manaphy|\n|poke|p1|Ogerpon-Wellspring, F|\n|poke|p1|Samurott-Hisui, M|\n|poke|p1|Grimmsnarl, M|\n|poke|p1|Azumarill, F|\n|poke|p1|Alomomola, M|\n|poke|p2|Iron Bundle|\n|poke|p2|Gengar, F|\n|poke|p2|Ditto|\n|poke|p2|Bronzong|\n|poke|p2|Polteageist|\n|poke|p2|Oranguru, F|\n|teampreview\n|\n|t:|1697670456\n|start\n|switch|p1a: Manaphy|Manaphy|100\/100\n|switch|p1b: Ogerpon|Ogerpon-Wellspring, F|100\/100\n|switch|p2a: Iron Bundle|Iron Bundle|100\/100\n|switch|p2b: Polteageist|Polteageist|100\/100\n|turn|1\n|inactive|Battle timer is ON: inactive players will automatically lose when time's up. (requested by chidioos)\n|\n|t:|1697670487\n|move|p2b: Polteageist|Protect|p2b: Polteageist\n|-singleturn|p2b: Polteageist|Protect\n|move|p2a: Iron Bundle|Freeze-Dry|p1b: Ogerpon\n|-supereffective|p1b: Ogerpon\n|-damage|p1b: Ogerpon|0 fnt\n|faint|p1b: Ogerpon\n|move|p1a: Manaphy|Rain Dance|p1a: Manaphy\n|-weather|RainDance\n|\n|-weather|RainDance|[upkeep]\n|upkeep\n|\n|t:|1697670499\n|switch|p1b: Samurott|Samurott-Hisui, M|100\/100\n|turn|2\n|\n|t:|1697670516\n|move|p2a: Iron Bundle|Freeze-Dry|p1b: Samurott\n|-supereffective|p1b: Samurott\n|-damage|p1b: Samurott|1\/100\n|move|p1a: Manaphy|Dazzling Gleam|p2b: Polteageist|[spread] p2a,p2b\n|-damage|p2a: Iron Bundle|66\/100\n|-damage|p2b: Polteageist|85\/100\n|move|p1b: Samurott|Ceaseless Edge|p2b: Polteageist\n|-supereffective|p2b: Polteageist\n|-damage|p2b: Polteageist|0 fnt\n|-sidestart|p2: chidioos|Spikes\n|faint|p2b: Polteageist\n|\n|-weather|RainDance|[upkeep]\n|upkeep\n|\n|t:|1697670537\n|switch|p2b: Oranguru|Oranguru, F|100\/100\n|-damage|p2b: Oranguru|88\/100|[from] Spikes\n|turn|3\n|\n|t:|1697670558\n|switch|p1b: Azumarill|Azumarill, F|100\/100\n|move|p2a: Iron Bundle|Freeze-Dry|p1b: Azumarill\n|-supereffective|p1b: Azumarill\n|-damage|p1b: Azumarill|33\/100\n|move|p1a: Manaphy|Weather Ball|p2b: Oranguru\n|-damage|p2b: Oranguru|47\/100\n|-enditem|p2b: Oranguru|Sitrus Berry|[eat]\n|-heal|p2b: Oranguru|72\/100|[from] item: Sitrus Berry\n|move|p2b: Oranguru|Instruct|p2a: Iron Bundle\n|-singleturn|p2a: Iron Bundle|move: Instruct|[of] p2b: Oranguru\n|move|p2a: Iron Bundle|Freeze-Dry|p1b: Azumarill\n|-supereffective|p1b: Azumarill\n|-damage|p1b: Azumarill|0 fnt\n|faint|p1b: Azumarill\n|\n|-weather|RainDance|[upkeep]\n|upkeep\n|inactive|Techie of course o has 120 seconds left.\n|\n|t:|1697670587\n|switch|p1b: Alomomola|Alomomola, M, shiny|100\/100\n|turn|4\n|\n|t:|1697670599\n|move|p2a: Iron Bundle|Freeze-Dry|p1b: Alomomola\n|-supereffective|p1b: Alomomola\n|-damage|p1b: Alomomola|12\/100\n|move|p1a: Manaphy|Dazzling Gleam|p2a: Iron Bundle|[spread] p2a,p2b\n|-damage|p2a: Iron Bundle|28\/100\n|-damage|p2b: Oranguru|60\/100\n|move|p1b: Alomomola|Play Rough|p2a: Iron Bundle\n|-damage|p2a: Iron Bundle|0 fnt\n|faint|p2a: Iron Bundle\n|-end|p2a: Iron Bundle|Quark Drive|[silent]\n|move|p2b: Oranguru|Instruct|p2: Iron Bundle|[notarget]\n|-fail|p2b: Oranguru\n|\n|-weather|RainDance|[upkeep]\n|upkeep\n|c|\u2606chidioos|Hey would u wanna follow my new podcast after this game?\n|c|\u2606chidioos|www.youtube.com\/channel\/UCknTcbw95qdfdfkcylIgMOw\n|c|\u2606chidioos|https:\/\/www.instagram.com\/pitchpod\/\n|\n|t:|1697670621\n|switch|p2a: Gengar|Gengar, F|100\/100\n|-damage|p2a: Gengar|88\/100|[from] Spikes\n|turn|5\n|\n|t:|1697670648\n|move|p1a: Manaphy|Dazzling Gleam|p2b: Oranguru|[spread] p2a,p2b\n|-resisted|p2a: Gengar\n|-damage|p2a: Gengar|73\/100\n|-damage|p2b: Oranguru|48\/100\n|move|p2a: Gengar|Clear Smog|p1b: Alomomola\n|-damage|p1b: Alomomola|0 fnt\n|-clearboost|p1b: Alomomola\n|faint|p1b: Alomomola\n|move|p2b: Oranguru|Instruct|p2a: Gengar\n|-singleturn|p2a: Gengar|move: Instruct|[of] p2b: Oranguru\n|move|p2a: Gengar|Clear Smog|p1a: Manaphy\n|-damage|p1a: Manaphy|72\/100\n|-clearboost|p1a: Manaphy\n|\n|-weather|RainDance|[upkeep]\n|upkeep\n|inactive|Techie of course o has 120 seconds left.\n|\n|t:|1697670670\n|switch|p1b: Grimmsnarl|Grimmsnarl, M|100\/100\n|turn|6\n|\n|t:|1697670685\n|move|p1a: Manaphy|Dazzling Gleam|p2b: Oranguru|[spread] p2a,p2b\n|-resisted|p2a: Gengar\n|-crit|p2b: Oranguru\n|-damage|p2a: Gengar|59\/100\n|-damage|p2b: Oranguru|32\/100\n|move|p2a: Gengar|Perish Song|p2a: Gengar\n|-start|p1a: Manaphy|perish3|[silent]\n|-start|p1b: Grimmsnarl|perish3|[silent]\n|-start|p2a: Gengar|perish3|[silent]\n|-start|p2b: Oranguru|perish3|[silent]\n|-fieldactivate|move: Perish Song\n|move|p2b: Oranguru|Stored Power|p1a: Manaphy\n|-damage|p1a: Manaphy|65\/100\n|move|p1b: Grimmsnarl|Crunch|p2a: Gengar\n|-supereffective|p2a: Gengar\n|-damage|p2a: Gengar|0 fnt\n|faint|p2a: Gengar\n|\n|-weather|RainDance|[upkeep]\n|-start|p1a: Manaphy|perish3\n|-start|p2b: Oranguru|perish3\n|-start|p1b: Grimmsnarl|perish3\n|upkeep\n|\n|t:|1697670703\n|switch|p2a: Bronzong|Bronzong|100\/100\n|turn|7\n|inactive|Techie of course o has 120 seconds left.\n|\n|t:|1697670733\n|move|p1a: Manaphy|Weather Ball|p2b: Oranguru\n|-damage|p2b: Oranguru|0 fnt\n|faint|p2b: Oranguru\n|move|p1b: Grimmsnarl|Crunch|p2a: Bronzong\n|-supereffective|p2a: Bronzong\n|-damage|p2a: Bronzong|29\/100\n|move|p2a: Bronzong|Gyro Ball|p1b: Grimmsnarl\n|-supereffective|p1b: Grimmsnarl\n|-damage|p1b: Grimmsnarl|56\/100\n|-damage|p2a: Bronzong|12\/100|[from] item: Rocky Helmet|[of] p1b: Grimmsnarl\n|\n|-weather|RainDance|[upkeep]\n|-heal|p2a: Bronzong|18\/100|[from] item: Leftovers\n|-start|p1a: Manaphy|perish2\n|-start|p1b: Grimmsnarl|perish2\n|upkeep\n|\n|t:|1697670749\n|switch|p2b: Ditto|Ditto|100\/100\n|-damage|p2b: Ditto|88\/100|[from] Spikes\n|turn|8\n|\n|t:|1697670771\n|switch|p1a: Samurott|Samurott-Hisui, M|1\/100\n|move|p2b: Ditto|Transform|p2a: Bronzong\n|-transform|p2b: Ditto|p2a: Bronzong\n|move|p1b: Grimmsnarl|Crunch|p2a: Bronzong\n|-supereffective|p2a: Bronzong\n|-damage|p2a: Bronzong|0 fnt\n|faint|p2a: Bronzong\n|\n|-weather|none\n|-start|p1b: Grimmsnarl|perish1\n|upkeep\n|turn|9\n|\n|t:|1697670797\n|switch|p1b: Manaphy|Manaphy|65\/100\n|move|p1a: Samurott|Ceaseless Edge|p2b: Ditto\n|-supereffective|p2b: Ditto\n|-damage|p2b: Ditto|30\/100\n|-sidestart|p2: chidioos|Spikes\n|move|p2b: Ditto|Stored Power|p1a: Samurott\n|-immune|p1a: Samurott\n|\n|upkeep\n|turn|10\n|inactive|Techie of course o has 120 seconds left.\n|\n|t:|1697670827\n|move|p1b: Manaphy|Ice Beam|p2b: Ditto\n|-resisted|p2b: Ditto\n|-crit|p2b: Ditto\n|-damage|p2b: Ditto|13\/100\n|move|p1a: Samurott|Ceaseless Edge|p2b: Ditto\n|-supereffective|p2b: Ditto\n|-damage|p2b: Ditto|0 fnt\n|-sidestart|p2: chidioos|Spikes\n|faint|p2b: Ditto\n|\n|win|Techie of course o\n|raw|Techie of course o's rating: 1000 &rarr; <strong>1040<\/strong><br \/>(+40 for winning)\n|raw|chidioos's rating: 1000 &rarr; <strong>1000<\/strong><br \/>(+0 for losing)\n|c|\u2606Techie of course o|Gg\n|l|\u2606chidioos\n","uploadtime":1697670854,"views":12,"p1id":"techieofcourseo","p2id":"chidioos","formatid":"gen9doublesou","rating":1000,"private":0,"password":""}