{"id":"gen9doublesou-1981897514","p1":"godidiano","p2":"Lucagin","format":"[Gen 9] Doubles OU","log":"|j|\u2606godidiano\n|j|\u2606Lucagin\n|t:|1698949958\n|gametype|doubles\n|player|p1|godidiano|byron|1393\n|player|p2|Lucagin|marlon|1319\n|teamsize|p1|6\n|teamsize|p2|6\n|gen|9\n|tier|[Gen 9] Doubles OU\n|rated|\n|rule|Species Clause: Limit one of each Pok\u00e9mon\n|rule|OHKO Clause: OHKO moves are banned\n|rule|Evasion Moves Clause: Evasion moves are banned\n|rule|Gravity Sleep Clause: The combination of sleep-inducing moves with imperfect accuracy and Gravity or Gigantamax Orbeetle are banned\n|rule|Endless Battle Clause: Forcing endless battles is banned\n|rule|HP Percentage Mod: HP is shown in percentages\n|clearpoke\n|poke|p1|Kommo-o, F|\n|poke|p1|Tyranitar, M|\n|poke|p1|Rillaboom, F|\n|poke|p1|Arcanine-Hisui, F|\n|poke|p1|Iron Bundle|\n|poke|p1|Flutter Mane|\n|poke|p2|Dragonite, M|\n|poke|p2|Goodra, F|\n|poke|p2|Frosmoth, F|\n|poke|p2|Ninetales-Alola, F|\n|poke|p2|Meowscarada, M|\n|poke|p2|Iron Treads|\n|teampreview\n|inactive|Battle timer is ON: inactive players will automatically lose when time's up. (requested by godidiano)\n|\n|t:|1698949986\n|start\n|switch|p1a: Kommo-o|Kommo-o, F|100\/100\n|switch|p1b: Rillaboom|Rillaboom, F|100\/100\n|switch|p2a: Dragonite|Dragonite, M|100\/100\n|switch|p2b: Meowscarada|Meowscarada, M|100\/100\n|-fieldstart|move: Grassy Terrain|[from] ability: Grassy Surge|[of] p1b: Rillaboom\n|turn|1\n|inactive|Lucagin has 120 seconds left.\n|\n|t:|1698950031\n|move|p1b: Rillaboom|Fake Out|p2a: Dragonite\n|-damage|p2a: Dragonite|92\/100\n|move|p2b: Meowscarada|Taunt|p1a: Kommo-o\n|-start|p2b: Meowscarada|typechange|Dark|[from] ability: Protean\n|-start|p1a: Kommo-o|move: Taunt\n|cant|p2a: Dragonite|flinch\n|cant|p1a: Kommo-o|move: Taunt|Iron Defense\n|\n|upkeep\n|turn|2\n|\n|t:|1698950046\n|move|p2b: Meowscarada|Play Rough|p1a: Kommo-o\n|-supereffective|p1a: Kommo-o\n|-damage|p1a: Kommo-o|26\/100\n|move|p2a: Dragonite|Dragon Dance|p2a: Dragonite\n|-boost|p2a: Dragonite|atk|1\n|-boost|p2a: Dragonite|spe|1\n|move|p1b: Rillaboom|Taunt|p2a: Dragonite\n|-start|p2a: Dragonite|move: Taunt\n|move|p1a: Kommo-o|Body Press|p2b: Meowscarada\n|-supereffective|p2b: Meowscarada\n|-enditem|p2b: Meowscarada|Focus Sash\n|-damage|p2b: Meowscarada|1\/100\n|\n|-heal|p2b: Meowscarada|7\/100|[from] Grassy Terrain\n|-heal|p1a: Kommo-o|32\/100|[from] Grassy Terrain\n|-heal|p1a: Kommo-o|38\/100|[from] item: Leftovers\n|upkeep\n|turn|3\n|\n|t:|1698950061\n|switch|p1a: Arcanine|Arcanine-Hisui, F|100\/100\n|-ability|p1a: Arcanine|Intimidate|boost\n|-unboost|p2a: Dragonite|atk|1\n|-unboost|p2b: Meowscarada|atk|1\n|move|p1b: Rillaboom|Grassy Glide|p2b: Meowscarada\n|-damage|p2b: Meowscarada|0 fnt\n|faint|p2b: Meowscarada\n|move|p2a: Dragonite|Fire Punch|p1b: Rillaboom\n|-supereffective|p1b: Rillaboom\n|-damage|p1b: Rillaboom|43\/100\n|\n|-heal|p1b: Rillaboom|49\/100|[from] Grassy Terrain\n|upkeep\n|\n|t:|1698950071\n|switch|p2b: Goodra|Goodra, F, shiny|100\/100\n|turn|4\n|\n|t:|1698950086\n|switch|p1b: Iron Bundle|Iron Bundle|100\/100\n|-enditem|p1b: Iron Bundle|Booster Energy\n|-activate|p1b: Iron Bundle|ability: Quark Drive|[fromitem]\n|-start|p1b: Iron Bundle|quarkdrivespe\n|move|p2a: Dragonite|Earthquake|p1b: Iron Bundle|[spread] p2b,p1a,p1b\n|-supereffective|p1a: Arcanine\n|-damage|p2b: Goodra|81\/100\n|-damage|p1a: Arcanine|43\/100\n|-damage|p1b: Iron Bundle|84\/100\n|-enditem|p1a: Arcanine|Sitrus Berry|[eat]\n|-heal|p1a: Arcanine|68\/100|[from] item: Sitrus Berry\n|move|p1a: Arcanine|Rock Slide|p2b: Goodra|[spread] p2a,p2b\n|-supereffective|p2a: Dragonite\n|-damage|p2a: Dragonite|41\/100\n|-damage|p2b: Goodra|51\/100\n|-enditem|p2a: Dragonite|Weakness Policy\n|-boost|p2a: Dragonite|atk|2|[from] item: Weakness Policy\n|-boost|p2a: Dragonite|spa|2|[from] item: Weakness Policy\n|cant|p2b: Goodra|flinch\n|\n|-heal|p1b: Iron Bundle|90\/100|[from] Grassy Terrain\n|-heal|p1a: Arcanine|74\/100|[from] Grassy Terrain\n|-heal|p2b: Goodra|57\/100|[from] Grassy Terrain\n|upkeep\n|turn|5\n|\n|t:|1698950098\n|move|p2a: Dragonite|Extreme Speed|p1b: Iron Bundle\n|-damage|p1b: Iron Bundle|9\/100\n|move|p1b: Iron Bundle|Icy Wind|p2b: Goodra|[spread] p2a,p2b\n|-supereffective|p2a: Dragonite\n|-supereffective|p2b: Goodra\n|-crit|p2b: Goodra\n|-damage|p2a: Dragonite|0 fnt\n|-damage|p2b: Goodra|31\/100\n|-unboost|p2b: Goodra|spe|1\n|faint|p2a: Dragonite\n|move|p1a: Arcanine|Rock Slide|p2b: Goodra\n|-damage|p2b: Goodra|0 fnt\n|faint|p2b: Goodra\n|\n|-heal|p1b: Iron Bundle|15\/100|[from] Grassy Terrain\n|-heal|p1a: Arcanine|80\/100|[from] Grassy Terrain\n|-fieldend|move: Grassy Terrain\n|upkeep\n|\n|t:|1698950105\n|switch|p2a: Iron Treads|Iron Treads, shiny|100\/100\n|switch|p2b: Ninetales|Ninetales-Alola, F|100\/100\n|-weather|Snow|[from] ability: Snow Warning|[of] p2b: Ninetales\n|turn|6\n|\n|t:|1698950122\n|-terastallize|p2a: Iron Treads|Water\n|move|p1b: Iron Bundle|Hydro Pump|p2a: Iron Treads\n|-resisted|p2a: Iron Treads\n|-damage|p2a: Iron Treads|61\/100\n|move|p2b: Ninetales|Aurora Veil|p2b: Ninetales\n|-sidestart|p2: Lucagin|move: Aurora Veil\n|move|p2a: Iron Treads|Earthquake|p1a: Arcanine|[spread] p2b,p1a,p1b\n|-supereffective|p1a: Arcanine\n|-damage|p2b: Ninetales|77\/100\n|-damage|p1a: Arcanine|0 fnt\n|-damage|p1b: Iron Bundle|0 fnt\n|faint|p1a: Arcanine\n|faint|p1b: Iron Bundle\n|-end|p1b: Iron Bundle|Quark Drive|[silent]\n|\n|-weather|Snow|[upkeep]\n|-heal|p2a: Iron Treads|67\/100|[from] item: Leftovers\n|upkeep\n|\n|t:|1698950139\n|switch|p1b: Flutter Mane|Flutter Mane|100\/100\n|switch|p1a: Rillaboom|Rillaboom, F|49\/100\n|-fieldstart|move: Grassy Terrain|[from] ability: Grassy Surge|[of] p1a: Rillaboom\n|turn|7\n|inactive|godidiano has 120 seconds left.\n|\n|t:|1698950170\n|move|p1a: Rillaboom|Grassy Glide|p2a: Iron Treads\n|-supereffective|p2a: Iron Treads\n|-crit|p2a: Iron Treads\n|-damage|p2a: Iron Treads|0 fnt\n|faint|p2a: Iron Treads\n|-end|p2a: Iron Treads|Quark Drive|[silent]\n|move|p1b: Flutter Mane|Moonblast|p2b: Ninetales\n|-damage|p2b: Ninetales|21\/100\n|move|p2b: Ninetales|Blizzard|p1b: Flutter Mane|[spread] p1a,p1b\n|-supereffective|p1a: Rillaboom\n|-crit|p1b: Flutter Mane\n|-damage|p1a: Rillaboom|0 fnt\n|-damage|p1b: Flutter Mane|60\/100\n|faint|p1a: Rillaboom\n|\n|-weather|Snow|[upkeep]\n|-heal|p1b: Flutter Mane|66\/100|[from] Grassy Terrain\n|-heal|p2b: Ninetales|27\/100|[from] Grassy Terrain\n|upkeep\n|\n|t:|1698950178\n|switch|p2a: Frosmoth|Frosmoth, F, shiny|100\/100\n|switch|p1a: Tyranitar|Tyranitar, M|100\/100\n|-weather|Sandstorm|[from] ability: Sand Stream|[of] p1a: Tyranitar\n|turn|8\n|\n|t:|1698950185\n|move|p1b: Flutter Mane|Moonblast|p2b: Ninetales\n|-damage|p2b: Ninetales|0 fnt\n|faint|p2b: Ninetales\n|move|p2a: Frosmoth|Quiver Dance|p2a: Frosmoth\n|-boost|p2a: Frosmoth|spa|1\n|-boost|p2a: Frosmoth|spd|1\n|-boost|p2a: Frosmoth|spe|1\n|move|p1a: Tyranitar|Rock Slide|p2a: Frosmoth\n|-supereffective|p2a: Frosmoth\n|-damage|p2a: Frosmoth|0 fnt\n|faint|p2a: Frosmoth\n|\n|win|godidiano\n|raw|godidiano's rating: 1393 &rarr; <strong>1409<\/strong><br \/>(+16 for winning)\n|raw|Lucagin's rating: 1319 &rarr; <strong>1303<\/strong><br \/>(-16 for losing)\n|l|\u2606Lucagin\n","uploadtime":1698950258,"views":22,"p1id":"godidiano","p2id":"lucagin","formatid":"gen9doublesou","rating":1303,"private":0,"password":""}