{"id":"gen9doublesou-1974426567","p1":"Daskhiel02","p2":"Kordelion","format":"[Gen 9] Doubles OU","log":"|j|\u2606Daskhiel02\n|j|\u2606Kordelion\n|t:|1698086053\n|gametype|doubles\n|player|p1|Daskhiel02|pokekid|1410\n|player|p2|Kordelion|roxie|1327\n|teamsize|p1|6\n|teamsize|p2|6\n|gen|9\n|tier|[Gen 9] Doubles OU\n|rated|\n|rule|Species Clause: Limit one of each Pok\u00e9mon\n|rule|OHKO Clause: OHKO moves are banned\n|rule|Evasion Moves Clause: Evasion moves are banned\n|rule|Gravity Sleep Clause: The combination of sleep-inducing moves with imperfect accuracy and Gravity or Gigantamax Orbeetle are banned\n|rule|Endless Battle Clause: Forcing endless battles is banned\n|rule|HP Percentage Mod: HP is shown in percentages\n|clearpoke\n|poke|p1|Indeedee-F, F|\n|poke|p1|Arcanine-Hisui, M|\n|poke|p1|Noivern, F|\n|poke|p1|Sinistcha|\n|poke|p1|Ceruledge, M|\n|poke|p1|Kommo-o, F|\n|poke|p2|Ogerpon-Wellspring, F|\n|poke|p2|Ribombee, F|\n|poke|p2|Cresselia, F|\n|poke|p2|Skeledirge, M|\n|poke|p2|Glimmora, F|\n|poke|p2|Garganacl, M|\n|teampreview\n|inactive|Battle timer is ON: inactive players will automatically lose when time's up. (requested by Kordelion)\n|\n|t:|1698086071\n|start\n|switch|p1a: Noivern|Noivern, F|100\/100\n|switch|p1b: Ceruledge|Ceruledge, M|100\/100\n|switch|p2a: Garganacl|Garganacl, M|100\/100\n|switch|p2b: Glimmora|Glimmora, F|100\/100\n|turn|1\n|\n|t:|1698086085\n|-terastallize|p1a: Noivern|Normal\n|move|p2b: Glimmora|Spiky Shield|p2b: Glimmora\n|-singleturn|p2b: Glimmora|move: Protect\n|move|p1b: Ceruledge|Vacuum Wave|p1a: Noivern\n|-supereffective|p1a: Noivern\n|-damage|p1a: Noivern|84\/100\n|-enditem|p1a: Noivern|Weakness Policy\n|-boost|p1a: Noivern|atk|2|[from] item: Weakness Policy\n|-boost|p1a: Noivern|spa|2|[from] item: Weakness Policy\n|-damage|p1b: Ceruledge|91\/100|[from] item: Life Orb\n|move|p1a: Noivern|Boomburst|p2b: Glimmora|[spread] p2a\n|-activate|p2b: Glimmora|move: Protect\n|-immune|p1b: Ceruledge\n|-resisted|p2a: Garganacl\n|-damage|p2a: Garganacl|60\/100\n|move|p2a: Garganacl|Salt Cure|p1a: Noivern\n|-damage|p1a: Noivern|64\/100\n|-start|p1a: Noivern|Salt Cure\n|\n|-heal|p2a: Garganacl|66\/100|[from] item: Leftovers\n|-damage|p1a: Noivern|52\/100|[from] Salt Cure\n|upkeep\n|turn|2\n|\n|t:|1698086112\n|move|p1a: Noivern|Protect|p1a: Noivern\n|-singleturn|p1a: Noivern|Protect\n|move|p2a: Garganacl|Protect|p2a: Garganacl\n|-singleturn|p2a: Garganacl|Protect\n|move|p2b: Glimmora|Mortal Spin|p1a: Noivern|[spread] p1b\n|-activate|p1a: Noivern|move: Protect\n|-resisted|p1b: Ceruledge\n|-damage|p1b: Ceruledge|88\/100\n|-status|p1b: Ceruledge|psn\n|move|p1b: Ceruledge|Poltergeist|p2a: Garganacl\n|-activate|p2a: Garganacl|move: Protect\n|\n|-heal|p2a: Garganacl|73\/100|[from] item: Leftovers\n|-damage|p1b: Ceruledge|76\/100 psn|[from] psn\n|-damage|p1a: Noivern|40\/100|[from] Salt Cure\n|upkeep\n|turn|3\n|\n|t:|1698086141\n|move|p1a: Noivern|Boomburst|p2b: Glimmora|[spread] p2a,p2b\n|-immune|p1b: Ceruledge\n|-resisted|p2a: Garganacl\n|-resisted|p2b: Glimmora\n|-damage|p2a: Garganacl|35\/100\n|-damage|p2b: Glimmora|44\/100\n|move|p2b: Glimmora|Stealth Rock|p1b: Ceruledge\n|-sidestart|p1: Daskhiel02|move: Stealth Rock\n|move|p1b: Ceruledge|Poltergeist|p2a: Garganacl\n|-activate|p2a: Garganacl|move: Poltergeist|Leftovers\n|-damage|p2a: Garganacl|14\/100\n|-damage|p1b: Ceruledge|66\/100 psn|[from] item: Life Orb\n|move|p2a: Garganacl|Salt Cure|p1b: Ceruledge\n|-supereffective|p1b: Ceruledge\n|-damage|p1b: Ceruledge|33\/100 psn\n|-start|p1b: Ceruledge|Salt Cure\n|\n|-heal|p2a: Garganacl|21\/100|[from] item: Leftovers\n|-damage|p1b: Ceruledge|21\/100 psn|[from] psn\n|-damage|p1a: Noivern|28\/100|[from] Salt Cure\n|-damage|p1b: Ceruledge|8\/100 psn|[from] Salt Cure\n|upkeep\n|turn|4\n|inactive|Daskhiel02 has 120 seconds left.\n|\n|t:|1698086171\n|switch|p1b: Sinistcha|Sinistcha|100\/100\n|-damage|p1b: Sinistcha|88\/100|[from] Stealth Rock\n|-heal|p1a: Noivern|53\/100|[from] ability: Hospitality|[of] p1b: Sinistcha\n|move|p2b: Glimmora|Spiky Shield|p2b: Glimmora\n|-singleturn|p2b: Glimmora|move: Protect\n|move|p2a: Garganacl|Protect|p2a: Garganacl\n|-singleturn|p2a: Garganacl|Protect\n|move|p1a: Noivern|Boomburst|p2b: Glimmora|[spread] \n|-activate|p2a: Garganacl|move: Protect\n|-activate|p2b: Glimmora|move: Protect\n|-immune|p1b: Sinistcha\n|\n|-heal|p2a: Garganacl|27\/100|[from] item: Leftovers\n|-damage|p1a: Noivern|40\/100|[from] Salt Cure\n|upkeep\n|turn|5\n|\n|t:|1698086195\n|switch|p1b: Ceruledge|Ceruledge, M|8\/100 psn\n|-damage|p1b: Ceruledge|0 fnt|[from] Stealth Rock\n|faint|p1b: Ceruledge\n|switch|p2a: Skeledirge|Skeledirge, M|100\/100\n|move|p1a: Noivern|Boomburst|p2a: Skeledirge|[spread] p2b\n|-immune|p2a: Skeledirge\n|-resisted|p2b: Glimmora\n|-damage|p2b: Glimmora|0 fnt\n|faint|p2b: Glimmora\n|\n|-damage|p1a: Noivern|28\/100|[from] Salt Cure\n|upkeep\n|\n|t:|1698086212\n|switch|p2b: Ribombee|Ribombee, F|100\/100\n|switch|p1b: Sinistcha|Sinistcha|88\/100\n|-damage|p1b: Sinistcha|76\/100|[from] Stealth Rock\n|-heal|p1a: Noivern|53\/100|[from] ability: Hospitality|[of] p1b: Sinistcha\n|turn|6\n|\n|t:|1698086237\n|move|p2b: Ribombee|Tailwind|p2b: Ribombee\n|-sidestart|p2: Kordelion|move: Tailwind\n|move|p1a: Noivern|Heat Wave|p2b: Ribombee|[spread] p2a,p2b\n|-resisted|p2a: Skeledirge\n|-supereffective|p2b: Ribombee\n|-damage|p2a: Skeledirge|90\/100\n|-enditem|p2b: Ribombee|Focus Sash\n|-damage|p2b: Ribombee|1\/100\n|move|p2a: Skeledirge|Torch Song|p1a: Noivern\n|-damage|p1a: Noivern|8\/100\n|-boost|p2a: Skeledirge|spa|1\n|move|p1b: Sinistcha|Shadow Ball|p2a: Skeledirge\n|-supereffective|p2a: Skeledirge\n|-damage|p2a: Skeledirge|12\/100\n|\n|-heal|p2a: Skeledirge|18\/100|[from] item: Leftovers\n|-damage|p1a: Noivern|0 fnt|[from] Salt Cure\n|faint|p1a: Noivern\n|upkeep\n|inactive|Daskhiel02 has 120 seconds left.\n|\n|t:|1698086255\n|switch|p1a: Arcanine|Arcanine-Hisui, M|100\/100\n|-damage|p1a: Arcanine|76\/100|[from] Stealth Rock\n|-ability|p1a: Arcanine|Intimidate|boost\n|-unboost|p2a: Skeledirge|atk|1\n|-unboost|p2b: Ribombee|atk|1\n|turn|7\n|\n|t:|1698086274\n|switch|p1b: Kommo-o|Kommo-o, F|100\/100\n|-damage|p1b: Kommo-o|94\/100|[from] Stealth Rock\n|move|p1a: Arcanine|Extreme Speed|p2b: Ribombee\n|-damage|p2b: Ribombee|0 fnt\n|faint|p2b: Ribombee\n|-damage|p1a: Arcanine|66\/100|[from] item: Life Orb\n|move|p2a: Skeledirge|Torch Song|p1b: Kommo-o\n|-immune|p1b: Kommo-o|[from] ability: Soundproof\n|\n|-heal|p2a: Skeledirge|24\/100|[from] item: Leftovers\n|upkeep\n|\n|t:|1698086291\n|switch|p2b: Garganacl|Garganacl, M|27\/100\n|turn|8\n|\n|t:|1698086303\n|move|p2b: Garganacl|Protect|p2b: Garganacl\n|-singleturn|p2b: Garganacl|Protect\n|move|p2a: Skeledirge|Will-O-Wisp|p1b: Kommo-o\n|-status|p1b: Kommo-o|brn\n|move|p1a: Arcanine|Stone Edge|p2a: Skeledirge\n|-supereffective|p2a: Skeledirge\n|-crit|p2a: Skeledirge\n|-damage|p2a: Skeledirge|0 fnt\n|faint|p2a: Skeledirge\n|-damage|p1a: Arcanine|56\/100|[from] item: Life Orb\n|move|p1b: Kommo-o|Clangorous Soul|p1b: Kommo-o\n|-boost|p1b: Kommo-o|atk|1\n|-boost|p1b: Kommo-o|def|1\n|-boost|p1b: Kommo-o|spa|1\n|-boost|p1b: Kommo-o|spd|1\n|-boost|p1b: Kommo-o|spe|1\n|-damage|p1b: Kommo-o|61\/100 brn\n|-enditem|p1b: Kommo-o|Throat Spray\n|-boost|p1b: Kommo-o|spa|1|[from] item: Throat Spray\n|\n|-heal|p2b: Garganacl|33\/100|[from] item: Leftovers\n|-damage|p1b: Kommo-o|55\/100 brn|[from] brn\n|upkeep\n|\n|t:|1698086320\n|switch|p2a: Ogerpon|Ogerpon-Wellspring, F|100\/100\n|turn|9\n|\n|t:|1698086337\n|-terastallize|p2a: Ogerpon|Water\n|detailschange|p2a: Ogerpon|Ogerpon-Wellspring-Tera, F, tera:Water\n|-ability|p2a: Ogerpon|Embody Aspect (Wellspring)|boost\n|-boost|p2a: Ogerpon|spd|1\n|move|p1b: Kommo-o|Protect|p1b: Kommo-o\n|-singleturn|p1b: Kommo-o|Protect\n|move|p2a: Ogerpon|Leech Seed|p1b: Kommo-o\n|-activate|p1b: Kommo-o|move: Protect\n|move|p1a: Arcanine|Flare Blitz|p2a: Ogerpon\n|-resisted|p2a: Ogerpon\n|-damage|p2a: Ogerpon|65\/100\n|-damage|p1a: Arcanine|43\/100|[from] Recoil\n|-damage|p1a: Arcanine|33\/100|[from] item: Life Orb\n|move|p2b: Garganacl|Recover|p2b: Garganacl\n|-heal|p2b: Garganacl|83\/100\n|\n|-heal|p2b: Garganacl|89\/100|[from] item: Leftovers\n|-damage|p1b: Kommo-o|49\/100 brn|[from] brn\n|-sideend|p2: Kordelion|move: Tailwind\n|upkeep\n|turn|10\n|\n|t:|1698086361\n|move|p2a: Ogerpon|Spiky Shield|p2a: Ogerpon\n|-singleturn|p2a: Ogerpon|move: Protect\n|move|p2b: Garganacl|Protect|p2b: Garganacl\n|-singleturn|p2b: Garganacl|Protect\n|move|p1a: Arcanine|Extreme Speed|p2a: Ogerpon\n|-activate|p2a: Ogerpon|move: Protect\n|-damage|p1a: Arcanine|20\/100|[from] Spiky Shield|[of] p2a: Ogerpon\n|move|p1b: Kommo-o|Clanging Scales|p2a: Ogerpon|[spread] \n|-activate|p2a: Ogerpon|move: Protect\n|-activate|p2b: Garganacl|move: Protect\n|\n|-heal|p2b: Garganacl|95\/100|[from] item: Leftovers\n|-damage|p1b: Kommo-o|43\/100 brn|[from] brn\n|upkeep\n|turn|11\n|\n|t:|1698086387\n|move|p1a: Arcanine|Extreme Speed|p2a: Ogerpon\n|-damage|p2a: Ogerpon|31\/100\n|-damage|p1a: Arcanine|10\/100|[from] item: Life Orb\n|move|p1b: Kommo-o|Clanging Scales|p2a: Ogerpon|[spread] p2a,p2b\n|-damage|p2a: Ogerpon|0 fnt\n|-damage|p2b: Garganacl|30\/100\n|faint|p2a: Ogerpon\n|-unboost|p1b: Kommo-o|def|1\n|move|p2b: Garganacl|Salt Cure|p1b: Kommo-o\n|-resisted|p1b: Kommo-o\n|-damage|p1b: Kommo-o|36\/100 brn\n|-start|p1b: Kommo-o|Salt Cure\n|\n|-heal|p2b: Garganacl|37\/100|[from] item: Leftovers\n|-damage|p1b: Kommo-o|30\/100 brn|[from] brn\n|-damage|p1b: Kommo-o|18\/100 brn|[from] Salt Cure\n|upkeep\n|\n|t:|1698086396\n|switch|p2a: Cresselia|Cresselia, F|100\/100\n|turn|12\n|\n|t:|1698086407\n|switch|p1a: Sinistcha|Sinistcha|76\/100\n|-damage|p1a: Sinistcha|63\/100|[from] Stealth Rock\n|-heal|p1b: Kommo-o|42\/100 brn|[from] ability: Hospitality|[of] p1a: Sinistcha\n|move|p2a: Cresselia|Protect|p2a: Cresselia\n|-singleturn|p2a: Cresselia|Protect\n|move|p2b: Garganacl|Protect|p2b: Garganacl\n|-singleturn|p2b: Garganacl|Protect\n|move|p1b: Kommo-o|Clanging Scales|p2b: Garganacl|[spread] \n|-activate|p2a: Cresselia|move: Protect\n|-activate|p2b: Garganacl|move: Protect\n|\n|-heal|p2b: Garganacl|43\/100|[from] item: Leftovers\n|-damage|p1b: Kommo-o|36\/100 brn|[from] brn\n|-damage|p1b: Kommo-o|24\/100 brn|[from] Salt Cure\n|upkeep\n|turn|13\n|\n|t:|1698086422\n|move|p1b: Kommo-o|Clanging Scales|p2b: Garganacl|[spread] p2a,p2b\n|-damage|p2a: Cresselia|58\/100\n|-damage|p2b: Garganacl|0 fnt\n|faint|p2b: Garganacl\n|-unboost|p1b: Kommo-o|def|1\n|move|p2a: Cresselia|Icy Wind|p1b: Kommo-o|[spread] p1a\n|-miss|p2a: Cresselia|p1b: Kommo-o\n|-supereffective|p1a: Sinistcha\n|-damage|p1a: Sinistcha|50\/100\n|-unboost|p1a: Sinistcha|spe|1\n|move|p1a: Sinistcha|Shadow Ball|p2a: Cresselia\n|-supereffective|p2a: Cresselia\n|-damage|p2a: Cresselia|14\/100\n|-unboost|p2a: Cresselia|spd|1\n|\n|-heal|p2a: Cresselia|20\/100|[from] item: Leftovers\n|-damage|p1b: Kommo-o|18\/100 brn|[from] brn\n|-damage|p1b: Kommo-o|5\/100 brn|[from] Salt Cure\n|upkeep\n|turn|14\n|-message|Kordelion forfeited.\n|\n|win|Daskhiel02\n|raw|Daskhiel02's rating: 1410 &rarr; <strong>1425<\/strong><br \/>(+15 for winning)\n|raw|Kordelion's rating: 1327 &rarr; <strong>1312<\/strong><br \/>(-15 for losing)\n|l|\u2606Kordelion\n","uploadtime":1698086442,"views":11,"p1id":"daskhiel02","p2id":"kordelion","formatid":"gen9doublesou","rating":1312,"private":0,"password":""}