{"id":"gen9doublesou-1968059636","p1":"TheHeroOfMeow","p2":"Sargenbob","format":"[Gen 9] Doubles OU","log":"|html|<div class=\"broadcast-blue\"><strong>[Gen 9] Doubles OU is currently suspecting Basculegion & Flutter Mane! For information on how to participate check out the <a href=\"https:\/\/www.smogon.com\/forums\/threads\/np-sv-dou-stage-8-double-trouble.3729153\/\">suspect thread<\/a>.<\/strong><\/div>\n|j|\u2606TheHeroOfMeow\n|j|\u2606Sargenbob\n|t:|1697379976\n|gametype|doubles\n|player|p1|TheHeroOfMeow|janine|1126\n|player|p2|Sargenbob|red|1078\n|teamsize|p1|6\n|teamsize|p2|6\n|gen|9\n|tier|[Gen 9] Doubles OU\n|rated|\n|rule|Species Clause: Limit one of each Pok\u00e9mon\n|rule|OHKO Clause: OHKO moves are banned\n|rule|Evasion Moves Clause: Evasion moves are banned\n|rule|Gravity Sleep Clause: The combination of sleep-inducing moves with imperfect accuracy and Gravity or Gigantamax Orbeetle are banned\n|rule|Endless Battle Clause: Forcing endless battles is banned\n|rule|HP Percentage Mod: HP is shown in percentages\n|clearpoke\n|poke|p1|Ursaluna-Bloodmoon, M|\n|poke|p1|Rillaboom, M|\n|poke|p1|Lurantis, F|\n|poke|p1|Goodra-Hisui, M|\n|poke|p1|Ogerpon-Wellspring, F|\n|poke|p1|Heatran, F|\n|poke|p2|Ursaluna-Bloodmoon, M|\n|poke|p2|Murkrow, F|\n|poke|p2|Kilowattrel, F|\n|poke|p2|Brambleghast, F|\n|poke|p2|Tinkaton, F|\n|poke|p2|Chi-Yu|\n|teampreview\n|inactive|Battle timer is ON: inactive players will automatically lose when time's up. (requested by Sargenbob)\n|inactive|TheHeroOfMeow also wants the timer to be on.\n|\n|t:|1697379986\n|start\n|switch|p1a: Ogerpon|Ogerpon-Wellspring, F|100\/100\n|switch|p1b: Lurantis|Lurantis, F|100\/100\n|switch|p2a: \u6232\u78bc\u70ba\u81ea\u5df1|Murkrow, F, shiny|100\/100\n|switch|p2b: Perigrin|Kilowattrel, F|100\/100\n|turn|1\n|\n|t:|1697380003\n|move|p2a: \u6232\u78bc\u70ba\u81ea\u5df1|Tailwind|p2a: \u6232\u78bc\u70ba\u81ea\u5df1\n|-sidestart|p2: Sargenbob|move: Tailwind\n|-start|p2b: Perigrin|Charge|Tailwind|[from] ability: Wind Power\n|move|p2b: Perigrin|Air Slash|p1a: Ogerpon\n|-supereffective|p1a: Ogerpon\n|-damage|p1a: Ogerpon|5\/100\n|-damage|p2b: Perigrin|91\/100|[from] item: Life Orb\n|move|p1a: Ogerpon|Ivy Cudgel|p2a: \u6232\u78bc\u70ba\u81ea\u5df1\n|-damage|p2a: \u6232\u78bc\u70ba\u81ea\u5df1|41\/100\n|move|p1b: Lurantis|Leaf Storm|p2a: \u6232\u78bc\u70ba\u81ea\u5df1\n|-resisted|p2a: \u6232\u78bc\u70ba\u81ea\u5df1\n|-damage|p2a: \u6232\u78bc\u70ba\u81ea\u5df1|18\/100\n|-boost|p1b: Lurantis|spa|2\n|\n|upkeep\n|turn|2\n|\n|t:|1697380032\n|move|p1a: Ogerpon|Spiky Shield|p1a: Ogerpon\n|-singleturn|p1a: Ogerpon|move: Protect\n|move|p1b: Lurantis|Protect|p1b: Lurantis\n|-singleturn|p1b: Lurantis|Protect\n|move|p2a: \u6232\u78bc\u70ba\u81ea\u5df1|Haze|p2a: \u6232\u78bc\u70ba\u81ea\u5df1\n|-clearallboost\n|move|p2b: Perigrin|Volt Switch|p1a: Ogerpon\n|-activate|p1a: Ogerpon|move: Protect\n|-end|p2b: Perigrin|Charge|[silent]\n|\n|upkeep\n|turn|3\n|\n|t:|1697380052\n|switch|p2a: Keanu|Brambleghast, F|100\/100\n|-ability|p2a: Keanu|Wind Rider|boost\n|-boost|p2a: Keanu|atk|1\n|move|p2b: Perigrin|Volt Switch|p1a: Ogerpon\n|-damage|p1a: Ogerpon|0 fnt\n|faint|p1a: Ogerpon\n|-damage|p2b: Perigrin|81\/100|[from] item: Life Orb\n|\n|t:|1697380060\n|switch|p2b: \u6232\u78bc\u70ba\u81ea\u5df1|Murkrow, F, shiny|18\/100|[from] Volt Switch\n|move|p1b: Lurantis|Leaf Storm|p2b: \u6232\u78bc\u70ba\u81ea\u5df1\n|-resisted|p2b: \u6232\u78bc\u70ba\u81ea\u5df1\n|-damage|p2b: \u6232\u78bc\u70ba\u81ea\u5df1|0 fnt\n|-boost|p1b: Lurantis|spa|2\n|faint|p2b: \u6232\u78bc\u70ba\u81ea\u5df1\n|\n|upkeep\n|\n|t:|1697380069\n|switch|p1a: Rillaboom|Rillaboom, M|100\/100\n|switch|p2b: Perigrin|Kilowattrel, F|81\/100\n|-fieldstart|move: Grassy Terrain|[from] ability: Grassy Surge|[of] p1a: Rillaboom\n|turn|4\n|\n|t:|1697380096\n|move|p2b: Perigrin|Air Slash|p1b: Lurantis\n|-supereffective|p1b: Lurantis\n|-damage|p1b: Lurantis|0 fnt\n|faint|p1b: Lurantis\n|-damage|p2b: Perigrin|71\/100|[from] item: Life Orb\n|move|p2a: Keanu|Phantom Force||[still]\n|-prepare|p2a: Keanu|Phantom Force\n|-enditem|p2a: Keanu|Power Herb\n|-anim|p2a: Keanu|Phantom Force|p1a: Rillaboom\n|-damage|p1a: Rillaboom|29\/100\n|-damage|p2a: Keanu|84\/100|[from] item: Rocky Helmet|[of] p1a: Rillaboom\n|move|p1a: Rillaboom|Drum Beating|p2a: Keanu\n|-resisted|p2a: Keanu\n|-damage|p2a: Keanu|41\/100\n|-unboost|p2a: Keanu|spe|1\n|\n|-heal|p2a: Keanu|47\/100|[from] Grassy Terrain\n|-heal|p1a: Rillaboom|35\/100|[from] Grassy Terrain\n|-sideend|p2: Sargenbob|move: Tailwind\n|upkeep\n|inactive|TheHeroOfMeow has 120 seconds left.\n|\n|t:|1697380112\n|switch|p1b: Goodra|Goodra-Hisui, M|100\/100\n|turn|5\n|\n|t:|1697380122\n|move|p2b: Perigrin|Air Slash|p1a: Rillaboom\n|-supereffective|p1a: Rillaboom\n|-damage|p1a: Rillaboom|0 fnt\n|faint|p1a: Rillaboom\n|-damage|p2b: Perigrin|61\/100|[from] item: Life Orb\n|move|p2a: Keanu|Phantom Force||[still]\n|-prepare|p2a: Keanu|Phantom Force\n|move|p1b: Goodra|Curse|p1b: Goodra\n|-unboost|p1b: Goodra|spe|1\n|-boost|p1b: Goodra|atk|1\n|-boost|p1b: Goodra|def|1\n|\n|upkeep\n|\n|t:|1697380136\n|switch|p1a: Heatran|Heatran, F|100\/100\n|turn|6\n|\n|t:|1697380148\n|-terastallize|p2b: Perigrin|Ground\n|move|p2b: Perigrin|Tera Blast|p1a: Heatran|[anim] Tera Blast Ground\n|-supereffective|p1a: Heatran\n|-damage|p1a: Heatran|0 fnt\n|faint|p1a: Heatran\n|-damage|p2b: Perigrin|51\/100|[from] item: Life Orb\n|move|p2a: Keanu|Phantom Force|p1b: Goodra|[from]lockedmove\n|-damage|p1b: Goodra|60\/100\n|-damage|p2a: Keanu|30\/100|[from] item: Rocky Helmet|[of] p1b: Goodra\n|move|p1b: Goodra|Gyro Ball|p2b: Perigrin\n|-damage|p2b: Perigrin|0 fnt\n|faint|p2b: Perigrin\n|\n|-heal|p2a: Keanu|36\/100|[from] Grassy Terrain\n|-heal|p1b: Goodra|66\/100|[from] Grassy Terrain\n|upkeep\n|\n|t:|1697380161\n|switch|p2b: Kirby|Tinkaton, F|100\/100\n|switch|p1a: Ursaluna|Ursaluna-Bloodmoon, M|100\/100\n|-ability|p2b: Kirby|Mold Breaker\n|turn|7\n|\n|t:|1697380172\n|move|p2b: Kirby|Fake Out|p1a: Ursaluna\n|-damage|p1a: Ursaluna|92\/100\n|move|p2a: Keanu|Phantom Force||[still]\n|-prepare|p2a: Keanu|Phantom Force\n|cant|p1a: Ursaluna|flinch\n|move|p1b: Goodra|Curse|p1b: Goodra\n|-unboost|p1b: Goodra|spe|1\n|-boost|p1b: Goodra|atk|1\n|-boost|p1b: Goodra|def|1\n|\n|-heal|p1a: Ursaluna|99\/100|[from] Grassy Terrain\n|-heal|p1b: Goodra|72\/100|[from] Grassy Terrain\n|upkeep\n|turn|8\n|\n|t:|1697380187\n|move|p2b: Kirby|Play Rough|p1a: Ursaluna\n|-damage|p1a: Ursaluna|74\/100\n|move|p2a: Keanu|Phantom Force|p1b: Goodra|[from]lockedmove\n|-damage|p1b: Goodra|42\/100\n|-damage|p2a: Keanu|20\/100|[from] item: Rocky Helmet|[of] p1b: Goodra\n|move|p1a: Ursaluna|Earth Power|p2b: Kirby\n|-supereffective|p2b: Kirby\n|-damage|p2b: Kirby|0 fnt\n|faint|p2b: Kirby\n|-damage|p1a: Ursaluna|64\/100|[from] item: Life Orb\n|move|p1b: Goodra|Gyro Ball|p2a: Keanu\n|-damage|p2a: Keanu|0 fnt\n|faint|p2a: Keanu\n|\n|-heal|p1a: Ursaluna|70\/100|[from] Grassy Terrain\n|-heal|p1b: Goodra|48\/100|[from] Grassy Terrain\n|-fieldend|move: Grassy Terrain\n|upkeep\n|\n|t:|1697380193\n|switch|p2b: Moon Knight|Ursaluna-Bloodmoon, M|100\/100\n|switch|p2a: \u91d1\u9c7c|Chi-Yu|100\/100\n|-ability|p2a: \u91d1\u9c7c|Beads of Ruin\n|turn|9\n|\n|t:|1697380213\n|move|p2a: \u91d1\u9c7c|Flamethrower|p1b: Goodra\n|-damage|p1b: Goodra|0 fnt\n|faint|p1b: Goodra\n|move|p1a: Ursaluna|Earth Power|p2a: \u91d1\u9c7c\n|-supereffective|p2a: \u91d1\u9c7c\n|-damage|p2a: \u91d1\u9c7c|0 fnt\n|faint|p2a: \u91d1\u9c7c\n|-damage|p1a: Ursaluna|60\/100|[from] item: Life Orb\n|move|p2b: Moon Knight|Blood Moon|p1a: Ursaluna\n|-damage|p1a: Ursaluna|0 fnt\n|faint|p1a: Ursaluna\n|\n|win|Sargenbob\n|raw|TheHeroOfMeow's rating: 1126 &rarr; <strong>1098<\/strong><br \/>(-28 for losing)\n|raw|Sargenbob's rating: 1078 &rarr; <strong>1110<\/strong><br \/>(+32 for winning)\n|l|\u2606TheHeroOfMeow\n","uploadtime":1697380225,"views":16,"p1id":"theheroofmeow","p2id":"sargenbob","formatid":"gen9doublesou","rating":1098,"private":0,"password":""}