{"id":"gen9doublesou-1982771233","p1":"GatosLover","p2":"ac1516","format":"[Gen 9] Doubles OU","log":"|j|\u2606GatosLover\n|j|\u2606ac1516\n|t:|1699043320\n|gametype|doubles\n|player|p1|GatosLover|marnie|1299\n|player|p2|ac1516|supernerd|1279\n|teamsize|p1|6\n|teamsize|p2|6\n|gen|9\n|tier|[Gen 9] Doubles OU\n|rated|\n|rule|Species Clause: Limit one of each Pok\u00e9mon\n|rule|OHKO Clause: OHKO moves are banned\n|rule|Evasion Moves Clause: Evasion moves are banned\n|rule|Gravity Sleep Clause: The combination of sleep-inducing moves with imperfect accuracy and Gravity or Gigantamax Orbeetle are banned\n|rule|Endless Battle Clause: Forcing endless battles is banned\n|rule|HP Percentage Mod: HP is shown in percentages\n|clearpoke\n|poke|p1|Charjabug, F|\n|poke|p1|Indeedee-F, F|\n|poke|p1|Sylveon, F|\n|poke|p1|Clefairy, F|\n|poke|p1|Walking Wake|\n|poke|p1|Armarouge, M|\n|poke|p2|Wyrdeer, M|\n|poke|p2|Hatterene, F|\n|poke|p2|Spiritomb, M|\n|poke|p2|Bronzong|\n|poke|p2|Heatran, M|\n|poke|p2|Amoonguss, F|\n|teampreview\n|\n|t:|1699043335\n|start\n|switch|p1a: Croasu \ud83e\udd50|Indeedee-F, F|100\/100\n|switch|p1b: LAST WORD ;-;|Armarouge, M, shiny|100\/100\n|switch|p2a: Wyrdeer|Wyrdeer, M|100\/100\n|switch|p2b: Amoonguss|Amoonguss, F|100\/100\n|-fieldstart|move: Psychic Terrain|[from] ability: Psychic Surge|[of] p1a: Croasu \ud83e\udd50\n|-ability|p2a: Wyrdeer|Intimidate|boost\n|-unboost|p1a: Croasu \ud83e\udd50|atk|1\n|-unboost|p1b: LAST WORD ;-;|atk|1\n|turn|1\n|\n|t:|1699043348\n|switch|p2b: Spiritomb|Spiritomb, M, shiny|100\/100\n|-ability|p2b: Spiritomb|Pressure\n|move|p1a: Croasu \ud83e\udd50|Follow Me|p1a: Croasu \ud83e\udd50\n|-singleturn|p1a: Croasu \ud83e\udd50|move: Follow Me\n|move|p1b: LAST WORD ;-;|Heat Wave|p2a: Wyrdeer|[spread] p2a,p2b\n|-damage|p2a: Wyrdeer|74\/100\n|-damage|p2b: Spiritomb|64\/100\n|-status|p2b: Spiritomb|brn\n|move|p2a: Wyrdeer|Trick Room|p2a: Wyrdeer\n|-fieldstart|move: Trick Room|[of] p2a: Wyrdeer\n|\n|-heal|p2b: Spiritomb|70\/100 brn|[from] item: Leftovers\n|-damage|p2b: Spiritomb|64\/100 brn|[from] brn\n|upkeep\n|turn|2\n|\n|t:|1699043365\n|switch|p1b: :|Charjabug, F|100\/100\n|switch|p1a: Silvia|Sylveon, F|100\/100\n|move|p2b: Spiritomb|Snarl|p1b: :|[spread] p1a,p1b\n|-resisted|p1a: Silvia\n|-damage|p1a: Silvia|96\/100\n|-damage|p1b: :|90\/100\n|-unboost|p1a: Silvia|spa|1\n|-unboost|p1b: :|spa|1\n|move|p2a: Wyrdeer|Light Screen|p2a: Wyrdeer\n|-sidestart|p2: ac1516|move: Light Screen\n|\n|-heal|p2b: Spiritomb|70\/100 brn|[from] item: Leftovers\n|-damage|p2b: Spiritomb|64\/100 brn|[from] brn\n|upkeep\n|turn|3\n|\n|t:|1699043390\n|switch|p2b: Heatran|Heatran, M, shiny|100\/100\n|switch|p2a: Amoonguss|Amoonguss, F|100\/100\n|move|p1b: :|Light Screen|p1b: :\n|-sidestart|p1: GatosLover|move: Light Screen\n|move|p1a: Silvia|Hyper Voice|p2b: Heatran|[spread] p2a,p2b\n|-resisted|p2a: Amoonguss\n|-resisted|p2b: Heatran\n|-damage|p2a: Amoonguss|88\/100\n|-damage|p2b: Heatran|95\/100\n|-damage|p1a: Silvia|86\/100|[from] item: Life Orb\n|\n|-heal|p2a: Amoonguss|94\/100|[from] item: Leftovers\n|upkeep\n|turn|4\n|\n|t:|1699043411\n|switch|p1a: Croasu \ud83e\udd50|Indeedee-F, F|100\/100\n|move|p2a: Amoonguss|Spore|p1b: :\n|-status|p1b: :|slp|[from] move: Spore\n|cant|p1b: :|slp\n|move|p2b: Heatran|Heat Wave|p1a: Croasu \ud83e\udd50|[spread] p1a,p1b\n|-supereffective|p1b: :\n|-damage|p1a: Croasu \ud83e\udd50|74\/100\n|-damage|p1b: :|47\/100 slp\n|\n|-heal|p2a: Amoonguss|99\/100|[from] item: Leftovers\n|upkeep\n|turn|5\n|\n|t:|1699043436\n|switch|p1b: Bj\u00f6rk|Walking Wake|100\/100\n|move|p2a: Amoonguss|Spore|p1a: Croasu \ud83e\udd50\n|-status|p1a: Croasu \ud83e\udd50|slp|[from] move: Spore\n|move|p2b: Heatran|Heat Wave|p1b: Bj\u00f6rk|[spread] p1a,p1b\n|-resisted|p1b: Bj\u00f6rk\n|-damage|p1a: Croasu \ud83e\udd50|47\/100 slp\n|-damage|p1b: Bj\u00f6rk|93\/100\n|cant|p1a: Croasu \ud83e\udd50|slp\n|\n|-heal|p2a: Amoonguss|100\/100|[from] item: Leftovers\n|-fieldend|move: Trick Room\n|upkeep\n|turn|6\n|\n|t:|1699043459\n|switch|p2b: Spiritomb|Spiritomb, M, shiny|64\/100 brn\n|-ability|p2b: Spiritomb|Pressure\n|cant|p1a: Croasu \ud83e\udd50|slp\n|move|p1b: Bj\u00f6rk|Flamethrower|p2a: Amoonguss\n|-supereffective|p2a: Amoonguss\n|-damage|p2a: Amoonguss|46\/100\n|-status|p2a: Amoonguss|brn\n|move|p2a: Amoonguss|Spore|p1b: Bj\u00f6rk\n|-status|p1b: Bj\u00f6rk|slp|[from] move: Spore\n|\n|-heal|p2b: Spiritomb|70\/100 brn|[from] item: Leftovers\n|-heal|p2a: Amoonguss|52\/100 brn|[from] item: Leftovers\n|-damage|p2b: Spiritomb|64\/100 brn|[from] brn\n|-damage|p2a: Amoonguss|46\/100 brn|[from] brn\n|upkeep\n|turn|7\n|\n|t:|1699043506\n|cant|p1b: Bj\u00f6rk|slp\n|cant|p1a: Croasu \ud83e\udd50|slp\n|move|p2a: Amoonguss|Pollen Puff|p2b: Spiritomb\n|-heal|p2b: Spiritomb|100\/100 brn\n|move|p2b: Spiritomb|Trick Room|p2b: Spiritomb\n|-fieldstart|move: Trick Room|[of] p2b: Spiritomb\n|\n|-heal|p2a: Amoonguss|52\/100 brn|[from] item: Leftovers\n|-damage|p2a: Amoonguss|46\/100 brn|[from] brn\n|-damage|p2b: Spiritomb|95\/100 brn|[from] brn\n|-sideend|p1: GatosLover|move: Light Screen\n|upkeep\n|turn|8\n|\n|t:|1699043530\n|switch|p2a: Hatterene|Hatterene, F, shiny|100\/100\n|move|p2b: Spiritomb|Snarl|p1a: Croasu \ud83e\udd50|[spread] p1a,p1b\n|-supereffective|p1a: Croasu \ud83e\udd50\n|-damage|p1a: Croasu \ud83e\udd50|21\/100 slp\n|-damage|p1b: Bj\u00f6rk|78\/100 slp\n|-unboost|p1a: Croasu \ud83e\udd50|spa|1\n|-unboost|p1b: Bj\u00f6rk|spa|1\n|-curestatus|p1a: Croasu \ud83e\udd50|slp|[msg]\n|move|p1a: Croasu \ud83e\udd50|Heal Pulse|p1b: Bj\u00f6rk\n|-heal|p1b: Bj\u00f6rk|100\/100 slp\n|cant|p1b: Bj\u00f6rk|slp\n|\n|-heal|p2b: Spiritomb|100\/100 brn|[from] item: Leftovers\n|-damage|p2b: Spiritomb|95\/100 brn|[from] brn\n|-fieldend|move: Psychic Terrain\n|upkeep\n|turn|9\n|\n|t:|1699043549\n|switch|p1a: :|Charjabug, F|47\/100 slp\n|-end|p1b: Bj\u00f6rk|Protosynthesis|[silent]\n|switch|p1b: Ani|Clefairy, F|100\/100\n|move|p2a: Hatterene|Dazzling Gleam|p1a: :|[spread] p1a,p1b\n|-crit|p1a: :\n|-damage|p1a: :|17\/100 slp\n|-damage|p1b: Ani|69\/100\n|move|p2b: Spiritomb|Snarl|p1a: :|[spread] p1a,p1b\n|-crit|p1a: :\n|-resisted|p1b: Ani\n|-damage|p1a: :|4\/100 slp\n|-damage|p1b: Ani|64\/100\n|-unboost|p1a: :|spa|1\n|-unboost|p1b: Ani|spa|1\n|\n|-heal|p2b: Spiritomb|100\/100 brn|[from] item: Leftovers\n|-damage|p2b: Spiritomb|95\/100 brn|[from] brn\n|-sideend|p2: ac1516|move: Light Screen\n|upkeep\n|turn|10\n|\n|t:|1699043573\n|move|p2a: Hatterene|Dazzling Gleam|p1a: :|[spread] p1a,p1b\n|-crit|p1a: :\n|-damage|p1a: :|0 fnt\n|-damage|p1b: Ani|33\/100\n|faint|p1a: :\n|move|p2b: Spiritomb|Confuse Ray|p1b: Ani\n|-start|p1b: Ani|confusion\n|-activate|p1b: Ani|confusion\n|-damage|p1b: Ani|29\/100|[from] confusion\n|\n|-heal|p2b: Spiritomb|100\/100 brn|[from] item: Leftovers\n|-damage|p2b: Spiritomb|95\/100 brn|[from] brn\n|upkeep\n|\n|t:|1699043581\n|switch|p1a: Silvia|Sylveon, F|86\/100\n|turn|11\n|\n|t:|1699043601\n|switch|p2b: Wyrdeer|Wyrdeer, M|74\/100\n|-ability|p2b: Wyrdeer|Intimidate|boost\n|-unboost|p1a: Silvia|atk|1\n|-unboost|p1b: Ani|atk|1\n|move|p2a: Hatterene|Mystical Fire|p1a: Silvia\n|-damage|p1a: Silvia|72\/100\n|-unboost|p1a: Silvia|spa|1\n|-end|p1b: Ani|confusion\n|move|p1b: Ani|Moonlight|p1b: Ani\n|-heal|p1b: Ani|79\/100\n|move|p1a: Silvia|Hyper Voice|p2a: Hatterene|[spread] p2a,p2b\n|-crit|p2b: Wyrdeer\n|-damage|p2a: Hatterene|64\/100\n|-damage|p2b: Wyrdeer|13\/100\n|-damage|p1a: Silvia|62\/100|[from] item: Life Orb\n|\n|-fieldend|move: Trick Room\n|upkeep\n|turn|12\n|\n|t:|1699043618\n|move|p1a: Silvia|Quick Attack|p2b: Wyrdeer\n|-damage|p2b: Wyrdeer|2\/100\n|-damage|p1a: Silvia|52\/100|[from] item: Life Orb\n|move|p2b: Wyrdeer|Light Screen|p2b: Wyrdeer\n|-sidestart|p2: ac1516|move: Light Screen\n|move|p1b: Ani|Cosmic Power|p1b: Ani\n|-boost|p1b: Ani|def|1\n|-boost|p1b: Ani|spd|1\n|move|p2a: Hatterene|Trick Room|p2a: Hatterene\n|-fieldstart|move: Trick Room|[of] p2a: Hatterene\n|\n|upkeep\n|turn|13\n|\n|t:|1699043635\n|switch|p1b: Croasu \ud83e\udd50|Indeedee-F, F|21\/100\n|-fieldstart|move: Psychic Terrain|[from] ability: Psychic Surge|[of] p1b: Croasu \ud83e\udd50\n|switch|p2b: Amoonguss|Amoonguss, F|79\/100 brn\n|move|p1a: Silvia|Quick Attack|p2b: Amoonguss\n|-activate|p2b: Amoonguss|move: Psychic Terrain\n|move|p2a: Hatterene|Dazzling Gleam|p1b: Croasu \ud83e\udd50|[spread] p1a,p1b\n|-damage|p1a: Silvia|26\/100\n|-damage|p1b: Croasu \ud83e\udd50|0 fnt\n|faint|p1b: Croasu \ud83e\udd50\n|\n|-heal|p2b: Amoonguss|85\/100 brn|[from] item: Leftovers\n|-damage|p2b: Amoonguss|79\/100 brn|[from] brn\n|upkeep\n|\n|t:|1699043655\n|switch|p1b: Bj\u00f6rk|Walking Wake|100\/100 slp\n|turn|14\n|\n|t:|1699043673\n|-terastallize|p1b: Bj\u00f6rk|Fire\n|move|p2a: Hatterene|Dazzling Gleam|p1b: Bj\u00f6rk|[spread] p1a,p1b\n|-resisted|p1b: Bj\u00f6rk\n|-damage|p1a: Silvia|1\/100\n|-damage|p1b: Bj\u00f6rk|81\/100 slp\n|move|p2b: Amoonguss|Spore|p1a: Silvia\n|-status|p1a: Silvia|slp|[from] move: Spore\n|cant|p1a: Silvia|slp\n|-curestatus|p1b: Bj\u00f6rk|slp|[msg]\n|move|p1b: Bj\u00f6rk|Flamethrower|p2b: Amoonguss\n|-supereffective|p2b: Amoonguss\n|-damage|p2b: Amoonguss|0 fnt\n|faint|p2b: Amoonguss\n|\n|upkeep\n|\n|t:|1699043691\n|switch|p2b: Spiritomb|Spiritomb, M, shiny|95\/100 brn\n|-ability|p2b: Spiritomb|Pressure\n|turn|15\n|\n|t:|1699043702\n|move|p2a: Hatterene|Psychic|p1b: Bj\u00f6rk\n|-damage|p1b: Bj\u00f6rk|0 fnt\n|faint|p1b: Bj\u00f6rk\n|-end|p1b: Bj\u00f6rk|Protosynthesis|[silent]\n|move|p2b: Spiritomb|Snarl|p1a: Silvia\n|-resisted|p1a: Silvia\n|-damage|p1a: Silvia|0 fnt\n|faint|p1a: Silvia\n|\n|-heal|p2b: Spiritomb|100\/100 brn|[from] item: Leftovers\n|-damage|p2b: Spiritomb|95\/100 brn|[from] brn\n|upkeep\n|\n|t:|1699043708\n|switch|p1a: Ani|Clefairy, F|79\/100\n|switch|p1b: LAST WORD ;-;|Armarouge, M, shiny|100\/100\n|turn|16\n|\n|t:|1699043728\n|move|p1a: Ani|Follow Me|p1a: Ani\n|-singleturn|p1a: Ani|move: Follow Me\n|move|p2a: Hatterene|Psychic|p1a: Ani\n|-damage|p1a: Ani|22\/100\n|-unboost|p1a: Ani|spd|1\n|move|p2b: Spiritomb|Snarl|p1a: Ani|[spread] p1b\n|-miss|p2b: Spiritomb|p1a: Ani\n|-supereffective|p1b: LAST WORD ;-;\n|-damage|p1b: LAST WORD ;-;|80\/100\n|-unboost|p1b: LAST WORD ;-;|spa|1\n|-enditem|p1b: LAST WORD ;-;|Weakness Policy\n|-boost|p1b: LAST WORD ;-;|atk|2|[from] item: Weakness Policy\n|-boost|p1b: LAST WORD ;-;|spa|2|[from] item: Weakness Policy\n|move|p1b: LAST WORD ;-;|Heat Wave|p2a: Hatterene|[spread] p2a,p2b\n|-damage|p2a: Hatterene|29\/100\n|-damage|p2b: Spiritomb|61\/100 brn\n|\n|-heal|p2b: Spiritomb|67\/100 brn|[from] item: Leftovers\n|-damage|p2b: Spiritomb|61\/100 brn|[from] brn\n|-fieldend|move: Trick Room\n|upkeep\n|turn|17\n|\n|t:|1699043753\n|move|p1a: Ani|Follow Me|p1a: Ani\n|-singleturn|p1a: Ani|move: Follow Me\n|move|p1b: LAST WORD ;-;|Heat Wave|p2b: Spiritomb|[spread] p2b\n|-miss|p1b: LAST WORD ;-;|p2a: Hatterene\n|-damage|p2b: Spiritomb|27\/100 brn\n|move|p2a: Hatterene|Psychic|p1a: Ani\n|-damage|p1a: Ani|0 fnt\n|faint|p1a: Ani\n|move|p2b: Spiritomb|Trick Room|p2b: Spiritomb\n|-fieldstart|move: Trick Room|[of] p2b: Spiritomb\n|\n|-heal|p2b: Spiritomb|33\/100 brn|[from] item: Leftovers\n|-damage|p2b: Spiritomb|27\/100 brn|[from] brn\n|upkeep\n|turn|18\n|\n|t:|1699043773\n|move|p2a: Hatterene|Mystical Fire|p1b: LAST WORD ;-;\n|-resisted|p1b: LAST WORD ;-;\n|-damage|p1b: LAST WORD ;-;|64\/100\n|-unboost|p1b: LAST WORD ;-;|spa|1\n|move|p2b: Spiritomb|Snarl|p1b: LAST WORD ;-;\n|-supereffective|p1b: LAST WORD ;-;\n|-damage|p1b: LAST WORD ;-;|26\/100\n|-unboost|p1b: LAST WORD ;-;|spa|1\n|move|p1b: LAST WORD ;-;|Heat Wave|p2a: Hatterene|[spread] p2a,p2b\n|-damage|p2a: Hatterene|11\/100\n|-damage|p2b: Spiritomb|12\/100 brn\n|-enditem|p2a: Hatterene|Petaya Berry|[eat]\n|-boost|p2a: Hatterene|spa|1|[from] item: Petaya Berry\n|\n|-heal|p2b: Spiritomb|18\/100 brn|[from] item: Leftovers\n|-damage|p2b: Spiritomb|12\/100 brn|[from] brn\n|upkeep\n|turn|19\n|\n|t:|1699043790\n|move|p2a: Hatterene|Psychic|p1b: LAST WORD ;-;\n|-resisted|p1b: LAST WORD ;-;\n|-damage|p1b: LAST WORD ;-;|0 fnt\n|faint|p1b: LAST WORD ;-;\n|\n|win|ac1516\n|raw|GatosLover's rating: 1299 &rarr; <strong>1273<\/strong><br \/>(-26 for losing)\n|raw|ac1516's rating: 1279 &rarr; <strong>1305<\/strong><br \/>(+26 for winning)\n|l|\u2606GatosLover\n","uploadtime":1699043801,"views":16,"p1id":"gatoslover","p2id":"ac1516","formatid":"gen9doublesou","rating":1273,"private":0,"password":""}