{"id":"gen9doublesou-1978600396","p1":"Itziron","p2":"WrenTheBurb","format":"[Gen 9] Doubles OU","log":"|j|\u2606Itziron\n|j|\u2606WrenTheBurb\n|inactive|Battle timer is ON: inactive players will automatically lose when time's up.\n|t:|1698564039\n|gametype|doubles\n|player|p1|Itziron|2|\n|player|p2|WrenTheBurb|ninjaboy|\n|teamsize|p1|6\n|teamsize|p2|6\n|gen|9\n|tier|[Gen 9] Doubles OU\n|rated|Tournament battle\n|rule|Species Clause: Limit one of each Pok\u00e9mon\n|rule|OHKO Clause: OHKO moves are banned\n|rule|Evasion Moves Clause: Evasion moves are banned\n|rule|Gravity Sleep Clause: The combination of sleep-inducing moves with imperfect accuracy and Gravity or Gigantamax Orbeetle are banned\n|rule|Endless Battle Clause: Forcing endless battles is banned\n|rule|HP Percentage Mod: HP is shown in percentages\n|clearpoke\n|poke|p1|Slowbro, F|\n|poke|p1|Noivern, F|\n|poke|p1|Electrode-Hisui|\n|poke|p1|Flapple, M|\n|poke|p1|Perrserker, M|\n|poke|p1|Krookodile, M|\n|poke|p2|Murkrow, M|\n|poke|p2|Armarouge, F|\n|poke|p2|Hippowdon, F|\n|poke|p2|Tinkaton, F|\n|poke|p2|Kommo-o, M|\n|poke|p2|Cetitan, M|\n|teampreview\n|j|*Lady Monita \u263d\n|c|\u2606Itziron|glhf\n|j| Lush Eagles\n|c|\u2606Itziron|oh god that team\n|inactive|Itziron has 120 seconds left.\n|inactive|WrenTheBurb has 120 seconds left.\n|l| Lush Eagles\n|j| Mezziegamer\n|inactive|Itziron has 90 seconds left.\n|\n|t:|1698564118\n|start\n|switch|p1a: Electrode|Electrode-Hisui|100\/100\n|switch|p1b: Perrserker|Perrserker, M|100\/100\n|switch|p2a: Cetitan|Cetitan, M, shiny|100\/100\n|switch|p2b: Tinkaton|Tinkaton, F, shiny|100\/100\n|-ability|p2b: Tinkaton|Mold Breaker\n|turn|1\n|\n|t:|1698564133\n|move|p2a: Cetitan|Ice Shard|p1a: Electrode\n|-supereffective|p1a: Electrode\n|-damage|p1a: Electrode|0 fnt\n|faint|p1a: Electrode\n|move|p2b: Tinkaton|Knock Off|p1b: Perrserker\n|-damage|p1b: Perrserker|73\/100\n|-enditem|p1b: Perrserker|Choice Band|[from] move: Knock Off|[of] p2b: Tinkaton\n|move|p1b: Perrserker|Iron Head|p2a: Cetitan\n|-supereffective|p2a: Cetitan\n|-damage|p2a: Cetitan|6\/100\n|\n|upkeep\n|\n|t:|1698564148\n|switch|p1a: Slowbro|Slowbro, F|100\/100\n|turn|2\n|inactive|Itziron has 120 seconds left.\n|\n|t:|1698564185\n|switch|p2a: Hippowdon|Hippowdon, F, shiny|100\/100\n|move|p2b: Tinkaton|Knock Off|p1a: Slowbro\n|-supereffective|p1a: Slowbro\n|-enditem|p1a: Slowbro|Colbur Berry|[eat]\n|-enditem|p1a: Slowbro|Colbur Berry|[weaken]\n|-damage|p1a: Slowbro|87\/100\n|move|p1b: Perrserker|Iron Head|p2a: Hippowdon\n|-damage|p2a: Hippowdon|60\/100\n|move|p1a: Slowbro|Surf|p2a: Hippowdon|[spread] p1b,p2a,p2b\n|-supereffective|p2a: Hippowdon\n|-damage|p1b: Perrserker|32\/100\n|-damage|p2a: Hippowdon|11\/100\n|-damage|p2b: Tinkaton|75\/100\n|\n|-heal|p2b: Tinkaton|81\/100|[from] item: Leftovers\n|-heal|p2a: Hippowdon|18\/100|[from] item: Leftovers\n|upkeep\n|turn|3\n|inactive|Itziron has 120 seconds left.\n|j| flachfisch\n|\n|t:|1698564220\n|move|p2b: Tinkaton|Knock Off|p1a: Slowbro\n|-supereffective|p1a: Slowbro\n|-damage|p1a: Slowbro|68\/100\n|move|p1b: Perrserker|Close Combat|p2b: Tinkaton\n|-damage|p2b: Tinkaton|14\/100\n|-unboost|p1b: Perrserker|def|1\n|-unboost|p1b: Perrserker|spd|1\n|move|p2a: Hippowdon|High Horsepower|p1a: Slowbro\n|-damage|p1a: Slowbro|37\/100\n|move|p1a: Slowbro|Surf|p2a: Hippowdon|[spread] p1b,p2a,p2b\n|-supereffective|p2a: Hippowdon\n|-damage|p1b: Perrserker|0 fnt\n|-damage|p2a: Hippowdon|0 fnt\n|-damage|p2b: Tinkaton|0 fnt\n|faint|p1b: Perrserker\n|faint|p2a: Hippowdon\n|faint|p2b: Tinkaton\n|\n|upkeep\n|inactive|Itziron has 120 seconds left.\n|\n|t:|1698564258\n|switch|p2b: Armarouge|Armarouge, F, shiny|100\/100\n|switch|p1b: Krookodile|Krookodile, M|100\/100\n|switch|p2a: Murkrow|Murkrow, M, shiny|100\/100\n|-ability|p1b: Krookodile|Intimidate|boost\n|-unboost|p2a: Murkrow|atk|1\n|-unboost|p2b: Armarouge|atk|1\n|turn|4\n|inactive|Itziron has 120 seconds left.\n|inactive|WrenTheBurb has 120 seconds left.\n|\n|t:|1698564300\n|switch|p1a: Flapple|Flapple, M|100\/100\n|-terastallize|p2b: Armarouge|Grass\n|move|p2a: Murkrow|Tailwind|p2a: Murkrow\n|-sidestart|p2: WrenTheBurb|move: Tailwind\n|move|p2b: Armarouge|Tera Blast|p1b: Krookodile|[anim] Tera Blast Grass\n|-supereffective|p1b: Krookodile\n|-crit|p1b: Krookodile\n|-damage|p1b: Krookodile|0 fnt\n|faint|p1b: Krookodile\n|\n|upkeep\n|j| Poketough\n|inactive|Itziron has 90 seconds left.\n|\n|t:|1698564329\n|switch|p1b: Noivern|Noivern, F|100\/100\n|turn|5\n|inactive|Itziron has 90 seconds left.\n|\n|t:|1698564343\n|move|p2b: Armarouge|Protect|p2b: Armarouge\n|-singleturn|p2b: Armarouge|Protect\n|move|p2a: Murkrow|Icy Wind|p1a: Flapple|[spread] p1a,p1b\n|-supereffective|p1a: Flapple\n|-supereffective|p1b: Noivern\n|-damage|p1a: Flapple|41\/100\n|-damage|p1b: Noivern|55\/100\n|-unboost|p1a: Flapple|spe|1\n|-unboost|p1b: Noivern|spe|1\n|-activate|p1a: Flapple|ability: Ripen\n|-enditem|p1a: Flapple|Sitrus Berry|[eat]\n|-heal|p1a: Flapple|91\/100|[from] item: Sitrus Berry\n|move|p1b: Noivern|Hurricane|p2b: Armarouge\n|-activate|p2b: Armarouge|move: Protect\n|move|p1a: Flapple|Dragon Dance|p1a: Flapple\n|-boost|p1a: Flapple|atk|1\n|-boost|p1a: Flapple|spe|1\n|\n|upkeep\n|turn|6\n|\n|t:|1698564367\n|move|p2a: Murkrow|Icy Wind|p1b: Noivern|[spread] p1a,p1b\n|-supereffective|p1a: Flapple\n|-supereffective|p1b: Noivern\n|-damage|p1a: Flapple|34\/100\n|-damage|p1b: Noivern|12\/100\n|-unboost|p1a: Flapple|spe|1\n|-unboost|p1b: Noivern|spe|1\n|move|p2b: Armarouge|Heat Wave|p1a: Flapple|[spread] p1a,p1b\n|-resisted|p1b: Noivern\n|-damage|p1a: Flapple|0 fnt\n|-damage|p1b: Noivern|0 fnt\n|faint|p1a: Flapple\n|faint|p1b: Noivern\n|\n|upkeep\n|c|\u2606Itziron|gg\n|\n|t:|1698564374\n|switch|p1a: Slowbro|Slowbro, F|71\/100\n|turn|7\n|\n|t:|1698564381\n|move|p2a: Murkrow|Foul Play|p1a: Slowbro\n|-supereffective|p1a: Slowbro\n|-damage|p1a: Slowbro|49\/100\n|move|p2b: Armarouge|Tera Blast|p1a: Slowbro|[anim] Tera Blast Grass\n|-supereffective|p1a: Slowbro\n|-damage|p1a: Slowbro|0 fnt\n|faint|p1a: Slowbro\n|\n|win|WrenTheBurb\n|n|\u2606Itziron|itziron\n|n|\u2606WrenTheBurb|wrentheburb\n|n|*Lady Monita \u263d|ladymonita\n|n| Mezziegamer|mezziegamer\n|n| flachfisch|flachfisch\n|n| Poketough|poketough\n","uploadtime":1698564382,"views":24,"p1id":"itziron","p2id":"wrentheburb","formatid":"gen9doublesou","rating":0,"private":0,"password":""}