{"id":"gen9doublesou-1974768048","p1":"PhxCalamity","p2":"DaevEV","format":"[Gen 9] Doubles OU","log":"|j|\u2606PhxCalamity\n|j|\u2606DaevEV\n|t:|1698119801\n|gametype|doubles\n|player|p1|PhxCalamity|iris-gen5bw2|1600\n|player|p2|DaevEV|gentleman-gen4|1554\n|teamsize|p1|6\n|teamsize|p2|6\n|gen|9\n|tier|[Gen 9] Doubles OU\n|rated|\n|rule|Species Clause: Limit one of each Pok\u00e9mon\n|rule|OHKO Clause: OHKO moves are banned\n|rule|Evasion Moves Clause: Evasion moves are banned\n|rule|Gravity Sleep Clause: The combination of sleep-inducing moves with imperfect accuracy and Gravity or Gigantamax Orbeetle are banned\n|rule|Endless Battle Clause: Forcing endless battles is banned\n|rule|HP Percentage Mod: HP is shown in percentages\n|clearpoke\n|poke|p1|Flutter Mane|\n|poke|p1|Walking Wake|\n|poke|p1|Kingambit, M|\n|poke|p1|Iron Hands|\n|poke|p1|Landorus-Therian, M|\n|poke|p1|Ogerpon-Hearthflame, F|\n|poke|p2|Moltres-Galar|\n|poke|p2|Landorus-Therian, M|\n|poke|p2|Tornadus, M|\n|poke|p2|Gyarados, F|\n|poke|p2|Zapdos-Galar|\n|poke|p2|Charizard, M|\n|teampreview\n|\n|t:|1698119818\n|start\n|switch|p1a: Walking Wake|Walking Wake|100\/100\n|switch|p1b: Iron Hands|Iron Hands|100\/100\n|switch|p2a: Tornadus|Tornadus, M|100\/100\n|switch|p2b: Zapdos|Zapdos-Galar|100\/100\n|turn|1\n|\n|t:|1698119832\n|move|p2b: Zapdos|Protect|p2b: Zapdos\n|-singleturn|p2b: Zapdos|Protect\n|move|p1b: Iron Hands|Fake Out|p2a: Tornadus\n|-damage|p2a: Tornadus|81\/100\n|move|p2a: Tornadus|Tailwind|p2a: Tornadus\n|-sidestart|p2: DaevEV|move: Tailwind\n|move|p1a: Walking Wake|Draco Meteor|p2b: Zapdos\n|-activate|p2b: Zapdos|move: Protect\n|\n|upkeep\n|turn|2\n|\n|t:|1698119843\n|-end|p1b: Iron Hands|Quark Drive|[silent]\n|switch|p1b: Landorus|Landorus-Therian, M|100\/100\n|-ability|p1b: Landorus|Intimidate|boost\n|-unboost|p2a: Tornadus|atk|1\n|-unboost|p2b: Zapdos|atk|1\n|-ability|p2b: Zapdos|Defiant|boost\n|-boost|p2b: Zapdos|atk|2\n|move|p2a: Tornadus|Bleakwind Storm|p1b: Landorus|[spread] p1a,p1b\n|-damage|p1a: Walking Wake|67\/100\n|-damage|p1b: Landorus|61\/100\n|-unboost|p1a: Walking Wake|spe|1\n|-unboost|p1b: Landorus|spe|1\n|move|p2b: Zapdos|Thunderous Kick|p1a: Walking Wake\n|-damage|p1a: Walking Wake|0 fnt\n|faint|p1a: Walking Wake\n|-end|p1a: Walking Wake|Protosynthesis|[silent]\n|\n|upkeep\n|\n|t:|1698119857\n|switch|p1a: Iron Hands|Iron Hands|100\/100\n|turn|3\n|\n|t:|1698119861\n|move|p2b: Zapdos|Protect|p2b: Zapdos\n|-singleturn|p2b: Zapdos|Protect\n|move|p1a: Iron Hands|Fake Out|p2b: Zapdos\n|-activate|p2b: Zapdos|move: Protect\n|move|p2a: Tornadus|Bleakwind Storm|p1a: Iron Hands|[spread] p1a,p1b\n|-damage|p1a: Iron Hands|82\/100\n|-damage|p1b: Landorus|19\/100\n|-unboost|p1b: Landorus|spe|1\n|move|p1b: Landorus|Stone Edge|p2b: Zapdos\n|-activate|p2b: Zapdos|move: Protect\n|\n|upkeep\n|turn|4\n|\n|t:|1698119877\n|-end|p1a: Iron Hands|Quark Drive|[silent]\n|switch|p1a: Flutter Mane|Flutter Mane|100\/100\n|move|p2a: Tornadus|Bleakwind Storm|p1b: Landorus|[spread] \n|-miss|p2a: Tornadus|p1a: Flutter Mane\n|-miss|p2a: Tornadus|p1b: Landorus\n|move|p2b: Zapdos|Dual Wingbeat|p1a: Flutter Mane\n|-damage|p1a: Flutter Mane|20\/100\n|-damage|p1a: Flutter Mane|0 fnt\n|faint|p1a: Flutter Mane\n|-end|p1a: Flutter Mane|Protosynthesis|[silent]\n|-hitcount|p1: Flutter Mane|2\n|move|p1b: Landorus|Stone Edge|p2b: Zapdos\n|-damage|p2b: Zapdos|60\/100\n|\n|-sideend|p2: DaevEV|move: Tailwind\n|upkeep\n|\n|t:|1698119884\n|switch|p1a: Iron Hands|Iron Hands|82\/100\n|turn|5\n|\n|t:|1698119893\n|move|p2b: Zapdos|Protect|p2b: Zapdos\n|-singleturn|p2b: Zapdos|Protect\n|move|p1a: Iron Hands|Fake Out|p2a: Tornadus\n|-damage|p2a: Tornadus|62\/100\n|move|p2a: Tornadus|Tailwind|p2a: Tornadus\n|-sidestart|p2: DaevEV|move: Tailwind\n|move|p1b: Landorus|Stone Edge|p2a: Tornadus\n|-supereffective|p2a: Tornadus\n|-damage|p2a: Tornadus|0 fnt\n|faint|p2a: Tornadus\n|\n|upkeep\n|\n|t:|1698119904\n|switch|p2a: Landorus|Landorus-Therian, M|100\/100\n|-ability|p2a: Landorus|Intimidate|boost\n|-unboost|p1a: Iron Hands|atk|1\n|-unboost|p1b: Landorus|atk|1\n|turn|6\n|\n|t:|1698119911\n|move|p2b: Zapdos|Thunderous Kick|p1a: Iron Hands\n|-damage|p1a: Iron Hands|37\/100\n|-unboost|p1a: Iron Hands|def|1\n|move|p2a: Landorus|Earthquake|p1b: Landorus|[spread] p1a\n|-immune|p2b: Zapdos\n|-immune|p1b: Landorus\n|-supereffective|p1a: Iron Hands\n|-damage|p1a: Iron Hands|0 fnt\n|faint|p1a: Iron Hands\n|-end|p1a: Iron Hands|Quark Drive|[silent]\n|move|p1b: Landorus|Stone Edge|p2b: Zapdos\n|-damage|p2b: Zapdos|32\/100\n|\n|upkeep\n|\n|t:|1698119919\n|switch|p1a: Kingambit|Kingambit, M|100\/100\n|turn|7\n|\n|t:|1698119932\n|-terastallize|p1a: Kingambit|Flying\n|move|p1a: Kingambit|Sucker Punch|p2b: Zapdos\n|-resisted|p2b: Zapdos\n|-damage|p2b: Zapdos|10\/100\n|move|p2b: Zapdos|Thunderous Kick|p1b: Landorus\n|-resisted|p1b: Landorus\n|-damage|p1b: Landorus|0 fnt\n|faint|p1b: Landorus\n|move|p2a: Landorus|Earthquake|p1a: Kingambit|[spread] \n|-immune|p2b: Zapdos\n|-immune|p1a: Kingambit\n|\n|upkeep\n|\n|t:|1698119936\n|switch|p1b: Ogerpon|Ogerpon-Hearthflame, F|100\/100\n|-ability|p1b: Ogerpon|Mold Breaker\n|turn|8\n|\n|t:|1698119948\n|move|p2b: Zapdos|Protect|p2b: Zapdos\n|-singleturn|p2b: Zapdos|Protect\n|move|p1a: Kingambit|Sucker Punch||[still]\n|-fail|p1a: Kingambit\n|move|p2a: Landorus|Earthquake|p1a: Kingambit|[spread] p1b\n|-activate|p2b: Zapdos|move: Protect\n|-immune|p1a: Kingambit\n|-damage|p1b: Ogerpon|10\/100\n|move|p1b: Ogerpon|Swords Dance|p1b: Ogerpon\n|-boost|p1b: Ogerpon|atk|2\n|\n|-sideend|p2: DaevEV|move: Tailwind\n|upkeep\n|turn|9\n|\n|t:|1698119966\n|move|p2b: Zapdos|Protect||[still]\n|-fail|p2b: Zapdos\n|move|p1a: Kingambit|Sucker Punch||[still]\n|-fail|p1a: Kingambit\n|move|p1b: Ogerpon|Horn Leech|p2a: Landorus\n|-damage|p2a: Landorus|0 fnt\n|-heal|p1b: Ogerpon|64\/100|[from] drain|[of] p2a: Landorus\n|faint|p2a: Landorus\n|\n|upkeep\n|\n|t:|1698119976\n|switch|p2a: Charizard|Charizard, M, shiny|100\/100\n|turn|10\n|\n|t:|1698119993\n|move|p1b: Ogerpon|Horn Leech|p2b: Zapdos\n|-resisted|p2b: Zapdos\n|-damage|p2b: Zapdos|0 fnt\n|-heal|p1b: Ogerpon|69\/100|[from] drain|[of] p2b: Zapdos\n|faint|p2b: Zapdos\n|move|p2a: Charizard|Heat Wave|p1b: Ogerpon|[spread] p1a,p1b\n|-damage|p1a: Kingambit|69\/100\n|-damage|p1b: Ogerpon|11\/100\n|move|p1a: Kingambit|Kowtow Cleave|p2a: Charizard\n|-damage|p2a: Charizard|26\/100\n|\n|upkeep\n|\n|t:|1698120004\n|switch|p2b: Gyarados|Gyarados, F, shiny|100\/100\n|turn|11\n|\n|t:|1698120012\n|move|p1a: Kingambit|Sucker Punch|p2a: Charizard\n|-damage|p2a: Charizard|0 fnt\n|faint|p2a: Charizard\n|move|p1b: Ogerpon|Horn Leech|p2b: Gyarados\n|-damage|p2b: Gyarados|0 fnt\n|-heal|p1b: Ogerpon|66\/100|[from] drain|[of] p2b: Gyarados\n|faint|p2b: Gyarados\n|\n|upkeep\n|-message|DaevEV forfeited.\n|\n|win|PhxCalamity\n|raw|PhxCalamity's rating: 1600 &rarr; <strong>1617<\/strong><br \/>(+17 for winning)\n|raw|DaevEV's rating: 1554 &rarr; <strong>1537<\/strong><br \/>(-17 for losing)\n|l|\u2606DaevEV\n","uploadtime":1698120037,"views":21,"p1id":"phxcalamity","p2id":"daevev","formatid":"gen9doublesou","rating":1537,"private":0,"password":""}