{"id":"gen9doublesou-1971038127","p1":"Lelovet","p2":"Thehombre","format":"[Gen 9] Doubles OU","log":"|j|\u2606Lelovet\n|j|\u2606Thehombre\n|t:|1697696683\n|gametype|doubles\n|player|p1|Lelovet|bellelba|1044\n|player|p2|Thehombre|169|1095\n|teamsize|p1|6\n|teamsize|p2|6\n|gen|9\n|tier|[Gen 9] Doubles OU\n|rated|\n|rule|Species Clause: Limit one of each Pok\u00e9mon\n|rule|OHKO Clause: OHKO moves are banned\n|rule|Evasion Moves Clause: Evasion moves are banned\n|rule|Gravity Sleep Clause: The combination of sleep-inducing moves with imperfect accuracy and Gravity or Gigantamax Orbeetle are banned\n|rule|Endless Battle Clause: Forcing endless battles is banned\n|rule|HP Percentage Mod: HP is shown in percentages\n|clearpoke\n|poke|p1|Crabominable, M|\n|poke|p1|Scovillain, F|\n|poke|p1|Chimecho, M|\n|poke|p1|Luvdisc, F|\n|poke|p1|Swalot, M|\n|poke|p1|Hypno, M|\n|poke|p2|Fezandipiti, M|\n|poke|p2|Ninetales-Alola, M|\n|poke|p2|Infernape, F|\n|poke|p2|Umbreon, F|\n|poke|p2|Maushold-Four|\n|poke|p2|Great Tusk|\n|teampreview\n|inactive|Battle timer is ON: inactive players will automatically lose when time's up. (requested by Thehombre)\n|\n|t:|1697696691\n|start\n|switch|p1a: Swalot|Swalot, M, shiny|100\/100\n|switch|p1b: Hypno|Hypno, M, shiny|100\/100\n|switch|p2a: Ninetales|Ninetales-Alola, M|100\/100\n|switch|p2b: Fezandipiti|Fezandipiti, M|100\/100\n|-weather|Snow|[from] ability: Snow Warning|[of] p2a: Ninetales\n|turn|1\n|\n|t:|1697696710\n|move|p2a: Ninetales|Blizzard|p1b: Hypno|[spread] p1a,p1b\n|-damage|p1a: Swalot|73\/100\n|-damage|p1b: Hypno|75\/100\n|move|p2b: Fezandipiti|Beat Up|p1b: Hypno\n|-supereffective|p1b: Hypno\n|-damage|p1b: Hypno|68\/100\n|-supereffective|p1b: Hypno\n|-damage|p1b: Hypno|59\/100\n|-status|p1b: Hypno|tox|[from] ability: Toxic Chain|[of] p2b: Fezandipiti\n|-supereffective|p1b: Hypno\n|-damage|p1b: Hypno|47\/100 tox\n|-supereffective|p1b: Hypno\n|-damage|p1b: Hypno|40\/100 tox\n|-supereffective|p1b: Hypno\n|-damage|p1b: Hypno|32\/100 tox\n|-supereffective|p1b: Hypno\n|-damage|p1b: Hypno|20\/100 tox\n|-hitcount|p1b: Hypno|6\n|move|p1b: Hypno|Skill Swap|p2b: Fezandipiti\n|-activate|p1b: Hypno|move: Skill Swap|Toxic Chain|Inner Focus|[of] p2b: Fezandipiti\n|move|p1a: Swalot|Toxic|p2a: Ninetales\n|-status|p2a: Ninetales|tox\n|\n|-weather|Snow|[upkeep]\n|-heal|p1a: Swalot|79\/100|[from] item: Black Sludge\n|-damage|p2a: Ninetales|95\/100 tox|[from] psn\n|-damage|p1b: Hypno|14\/100 tox|[from] psn\n|upkeep\n|turn|2\n|\n|t:|1697696735\n|move|p2a: Ninetales|Aurora Veil|p2a: Ninetales\n|-sidestart|p2: Thehombre|move: Aurora Veil\n|move|p2b: Fezandipiti|Dazzling Gleam|p1b: Hypno|[spread] p1a,p1b\n|-resisted|p1a: Swalot\n|-crit|p1a: Swalot\n|-damage|p1a: Swalot|68\/100\n|-damage|p1b: Hypno|2\/100 tox\n|move|p1b: Hypno|Metronome|p1b: Hypno\n|move|p1b: Hypno|Gastro Acid|p2b: Fezandipiti|[from]move: Metronome\n|-endability|p2b: Fezandipiti\n|move|p1a: Swalot|Acid Armor|p1a: Swalot\n|-boost|p1a: Swalot|def|2\n|\n|-weather|Snow|[upkeep]\n|-heal|p1a: Swalot|74\/100|[from] item: Black Sludge\n|-damage|p2a: Ninetales|83\/100 tox|[from] psn\n|-damage|p1b: Hypno|0 fnt|[from] psn\n|faint|p1b: Hypno\n|upkeep\n|inactive|Lelovet has 120 seconds left.\n|\n|t:|1697696758\n|switch|p1b: Crabominable|Crabominable, M, shiny|100\/100\n|turn|3\n|\n|t:|1697696768\n|switch|p2b: Infernape|Infernape, F|100\/100\n|move|p1b: Crabominable|Protect|p1b: Crabominable\n|-singleturn|p1b: Crabominable|Protect\n|move|p2a: Ninetales|Blizzard|p1a: Swalot|[spread] p1a\n|-activate|p1b: Crabominable|move: Protect\n|-damage|p1a: Swalot|48\/100\n|-status|p1a: Swalot|frz\n|cant|p1a: Swalot|frz\n|\n|-weather|Snow|[upkeep]\n|-heal|p1a: Swalot|54\/100 frz|[from] item: Black Sludge\n|-damage|p2a: Ninetales|65\/100 tox|[from] psn\n|upkeep\n|turn|4\n|\n|t:|1697696784\n|-terastallize|p1b: Crabominable|Water\n|move|p2a: Ninetales|Blizzard|p1b: Crabominable|[spread] p1a,p1b\n|-resisted|p1b: Crabominable\n|-damage|p1a: Swalot|26\/100 frz\n|-damage|p1b: Crabominable|86\/100\n|move|p2b: Infernape|Bulk Up|p2b: Infernape\n|-boost|p2b: Infernape|atk|1\n|-boost|p2b: Infernape|def|1\n|cant|p1a: Swalot|frz\n|move|p1b: Crabominable|Crabhammer|p2b: Infernape\n|-supereffective|p2b: Infernape\n|-damage|p2b: Infernape|26\/100\n|\n|-weather|Snow|[upkeep]\n|-heal|p2b: Infernape|33\/100|[from] item: Leftovers\n|-heal|p1a: Swalot|32\/100 frz|[from] item: Black Sludge\n|-damage|p2a: Ninetales|41\/100 tox|[from] psn\n|upkeep\n|turn|5\n|\n|t:|1697696803\n|move|p1b: Crabominable|Protect|p1b: Crabominable\n|-singleturn|p1b: Crabominable|Protect\n|move|p2a: Ninetales|Blizzard|p1b: Crabominable|[spread] p1a\n|-activate|p1b: Crabominable|move: Protect\n|-damage|p1a: Swalot|6\/100 frz\n|move|p2b: Infernape|Drain Punch|p1b: Crabominable\n|-activate|p1b: Crabominable|move: Protect\n|cant|p1a: Swalot|frz\n|\n|-weather|none\n|-heal|p2b: Infernape|39\/100|[from] item: Leftovers\n|-heal|p1a: Swalot|12\/100 frz|[from] item: Black Sludge\n|-damage|p2a: Ninetales|12\/100 tox|[from] psn\n|upkeep\n|turn|6\n|\n|t:|1697696829\n|move|p2a: Ninetales|Blizzard|p1b: Crabominable|[spread] p1a\n|-miss|p2a: Ninetales|p1b: Crabominable\n|-damage|p1a: Swalot|0 fnt\n|faint|p1a: Swalot\n|move|p2b: Infernape|Drain Punch|p1b: Crabominable\n|-damage|p1b: Crabominable|23\/100\n|-heal|p2b: Infernape|75\/100|[from] drain|[of] p1b: Crabominable\n|move|p1b: Crabominable|Drain Punch|p2b: Infernape\n|-crit|p2b: Infernape\n|-damage|p2b: Infernape|0 fnt\n|-heal|p1b: Crabominable|55\/100|[from] drain|[of] p2b: Infernape\n|faint|p2b: Infernape\n|\n|-damage|p2a: Ninetales|0 fnt|[from] psn\n|faint|p2a: Ninetales\n|upkeep\n|\n|t:|1697696846\n|switch|p2a: Maushold|Maushold-Four|100\/100\n|switch|p2b: Fezandipiti|Fezandipiti, M|100\/100\n|switch|p1a: Luvdisc|Luvdisc, F, shiny|100\/100\n|turn|7\n|\n|t:|1697696858\n|move|p1b: Crabominable|Protect|p1b: Crabominable\n|-singleturn|p1b: Crabominable|Protect\n|move|p2a: Maushold|Population Bomb|p1b: Crabominable\n|-activate|p1b: Crabominable|move: Protect\n|move|p2b: Fezandipiti|Dazzling Gleam|p1a: Luvdisc|[spread] p1a\n|-activate|p1b: Crabominable|move: Protect\n|-damage|p1a: Luvdisc|71\/100\n|move|p1a: Luvdisc|Icy Wind|p2a: Maushold|[spread] p2a,p2b\n|-damage|p2a: Maushold|96\/100\n|-damage|p2b: Fezandipiti|98\/100\n|-unboost|p2a: Maushold|spe|1\n|-unboost|p2b: Fezandipiti|spe|1\n|\n|-heal|p2b: Fezandipiti|100\/100|[from] item: Leftovers\n|upkeep\n|turn|8\n|\n|t:|1697696876\n|move|p1a: Luvdisc|Icy Wind|p2a: Maushold|[spread] p2a,p2b\n|-damage|p2a: Maushold|91\/100\n|-damage|p2b: Fezandipiti|98\/100\n|-unboost|p2a: Maushold|spe|1\n|-unboost|p2b: Fezandipiti|spe|1\n|move|p2a: Maushold|Population Bomb|p1b: Crabominable\n|-damage|p1b: Crabominable|41\/100\n|-hitcount|p1b: Crabominable|1\n|move|p2b: Fezandipiti|Icy Wind|p1a: Luvdisc|[spread] p1a\n|-miss|p2b: Fezandipiti|p1b: Crabominable\n|-resisted|p1a: Luvdisc\n|-damage|p1a: Luvdisc|65\/100\n|-unboost|p1a: Luvdisc|spe|1\n|move|p1b: Crabominable|Drain Punch|p2a: Maushold\n|-supereffective|p2a: Maushold\n|-damage|p2a: Maushold|4\/100\n|-heal|p1b: Crabominable|79\/100|[from] drain|[of] p2a: Maushold\n|\n|-heal|p2b: Fezandipiti|100\/100|[from] item: Leftovers\n|upkeep\n|turn|9\n|\n|t:|1697696889\n|move|p1b: Crabominable|Protect|p1b: Crabominable\n|-singleturn|p1b: Crabominable|Protect\n|move|p1a: Luvdisc|Icy Wind|p2a: Maushold|[spread] p2a,p2b\n|-damage|p2a: Maushold|0 fnt\n|-damage|p2b: Fezandipiti|98\/100\n|-unboost|p2b: Fezandipiti|spe|1\n|faint|p2a: Maushold\n|move|p2b: Fezandipiti|Icy Wind|p1b: Crabominable|[spread] p1a\n|-activate|p1b: Crabominable|move: Protect\n|-resisted|p1a: Luvdisc\n|-damage|p1a: Luvdisc|58\/100\n|-unboost|p1a: Luvdisc|spe|1\n|-status|p1a: Luvdisc|tox|[from] ability: Toxic Chain|[of] p2b: Fezandipiti\n|\n|-heal|p2b: Fezandipiti|100\/100|[from] item: Leftovers\n|-damage|p1a: Luvdisc|52\/100 tox|[from] psn\n|-sideend|p2: Thehombre|move: Aurora Veil\n|upkeep\n|\n|t:|1697696894\n|switch|p2a: Great Tusk|Great Tusk|100\/100\n|turn|10\n|\n|t:|1697696919\n|move|p2a: Great Tusk|Protect|p2a: Great Tusk\n|-singleturn|p2a: Great Tusk|Protect\n|move|p1a: Luvdisc|Soak|p2b: Fezandipiti\n|-start|p2b: Fezandipiti|typechange|Water\n|move|p2b: Fezandipiti|Double Kick|p1b: Crabominable\n|-damage|p1b: Crabominable|69\/100\n|-status|p1b: Crabominable|tox|[from] ability: Toxic Chain|[of] p2b: Fezandipiti\n|-damage|p1b: Crabominable|60\/100 tox\n|-hitcount|p1b: Crabominable|2\n|move|p1b: Crabominable|Drain Punch|p2b: Fezandipiti\n|-damage|p2b: Fezandipiti|41\/100\n|-heal|p1b: Crabominable|89\/100 tox|[from] drain|[of] p2b: Fezandipiti\n|\n|-heal|p2b: Fezandipiti|47\/100|[from] item: Leftovers\n|-damage|p1a: Luvdisc|40\/100 tox|[from] psn\n|-damage|p1b: Crabominable|83\/100 tox|[from] psn\n|upkeep\n|turn|11\n|\n|t:|1697696942\n|move|p1b: Crabominable|Protect|p1b: Crabominable\n|-singleturn|p1b: Crabominable|Protect\n|move|p2a: Great Tusk|Bulk Up|p2a: Great Tusk\n|-boost|p2a: Great Tusk|atk|1\n|-boost|p2a: Great Tusk|def|1\n|move|p1a: Luvdisc|Sweet Kiss|p2a: Great Tusk\n|-start|p2a: Great Tusk|confusion\n|move|p2b: Fezandipiti|Icy Wind|p1b: Crabominable|[spread] p1a\n|-activate|p1b: Crabominable|move: Protect\n|-resisted|p1a: Luvdisc\n|-damage|p1a: Luvdisc|34\/100 tox\n|-unboost|p1a: Luvdisc|spe|1\n|\n|-heal|p2b: Fezandipiti|53\/100|[from] item: Leftovers\n|-damage|p1a: Luvdisc|15\/100 tox|[from] psn\n|-damage|p1b: Crabominable|71\/100 tox|[from] psn\n|upkeep\n|turn|12\n|\n|t:|1697696960\n|-activate|p2a: Great Tusk|confusion\n|move|p2a: Great Tusk|Stomping Tantrum|p1b: Crabominable|[miss]\n|-miss|p2a: Great Tusk|p1b: Crabominable\n|move|p2b: Fezandipiti|Dazzling Gleam|p1b: Crabominable|[spread] p1a,p1b\n|-crit|p1a: Luvdisc\n|-damage|p1a: Luvdisc|0 fnt\n|-damage|p1b: Crabominable|60\/100 tox\n|faint|p1a: Luvdisc\n|move|p1b: Crabominable|Drain Punch|p2b: Fezandipiti\n|-damage|p2b: Fezandipiti|0 fnt\n|-heal|p1b: Crabominable|85\/100 tox|[from] drain|[of] p2b: Fezandipiti\n|faint|p2b: Fezandipiti\n|\n|-damage|p1b: Crabominable|67\/100 tox|[from] psn\n|upkeep\n|\n|t:|1697696972\n|switch|p2b: Umbreon|Umbreon, F|100\/100\n|switch|p1a: Scovillain|Scovillain, F, shiny|100\/100\n|turn|13\n|\n|t:|1697696980\n|move|p1a: Scovillain|Protect|p1a: Scovillain\n|-singleturn|p1a: Scovillain|Protect\n|-activate|p2a: Great Tusk|confusion\n|move|p2a: Great Tusk|Stomping Tantrum|p1b: Crabominable\n|-damage|p1b: Crabominable|0 fnt\n|faint|p1b: Crabominable\n|move|p2b: Umbreon|Calm Mind|p2b: Umbreon\n|-boost|p2b: Umbreon|spa|1\n|-boost|p2b: Umbreon|spd|1\n|\n|-ability|p1a: Scovillain|Moody|boost\n|-boost|p1a: Scovillain|atk|2\n|-unboost|p1a: Scovillain|def|1\n|upkeep\n|\n|t:|1697696992\n|switch|p1b: Chimecho|Chimecho, M|100\/100\n|turn|14\n|\n|t:|1697697003\n|-activate|p2a: Great Tusk|confusion\n|move|p2a: Great Tusk|Stomping Tantrum|p1a: Scovillain\n|-damage|p1a: Scovillain|0 fnt\n|faint|p1a: Scovillain\n|move|p1b: Chimecho|Thunder Wave|p2b: Umbreon\n|-status|p2b: Umbreon|par\n|-activate|p2b: Umbreon|ability: Synchronize\n|-status|p1b: Chimecho|par\n|move|p2b: Umbreon|Foul Play|p1b: Chimecho\n|-supereffective|p1b: Chimecho\n|-damage|p1b: Chimecho|72\/100 par\n|\n|-heal|p1b: Chimecho|78\/100 par|[from] item: Leftovers\n|upkeep\n|turn|15\n|-message|Lelovet forfeited.\n|\n|win|Thehombre\n|raw|Lelovet's rating: 1044 &rarr; <strong>1030<\/strong><br \/>(-14 for losing)\n|raw|Thehombre's rating: 1095 &rarr; <strong>1117<\/strong><br \/>(+22 for winning)\n|l|\u2606Lelovet\n","uploadtime":1697697014,"views":19,"p1id":"lelovet","p2id":"thehombre","formatid":"gen9doublesou","rating":1030,"private":0,"password":""}