{"id":"gen9doublesou-1968840912","p1":"gufufoire","p2":"DanteisNOTWilma","format":"[Gen 9] Doubles OU","log":"|j|\u2606gufufoire\n|j|\u2606DanteisNOTWilma\n|t:|1697469197\n|gametype|doubles\n|player|p1|gufufoire|2|1162\n|player|p2|DanteisNOTWilma|dancer|1191\n|teamsize|p1|6\n|teamsize|p2|6\n|gen|9\n|tier|[Gen 9] Doubles OU\n|rated|\n|rule|Species Clause: Limit one of each Pok\u00e9mon\n|rule|OHKO Clause: OHKO moves are banned\n|rule|Evasion Moves Clause: Evasion moves are banned\n|rule|Gravity Sleep Clause: The combination of sleep-inducing moves with imperfect accuracy and Gravity or Gigantamax Orbeetle are banned\n|rule|Endless Battle Clause: Forcing endless battles is banned\n|rule|HP Percentage Mod: HP is shown in percentages\n|clearpoke\n|poke|p1|Slowpoke, M|\n|poke|p1|Cyclizar, M|\n|poke|p1|Slowking-Galar, M|\n|poke|p1|Tornadus-Therian, M|\n|poke|p1|Mienshao, F|\n|poke|p1|Alomomola, F|\n|poke|p2|Spectrier|\n|poke|p2|Goodra-Hisui, M|\n|poke|p2|Landorus-Therian, M|\n|poke|p2|Clefairy, M|\n|poke|p2|Ogerpon-Wellspring, F|\n|poke|p2|Grimmsnarl, M|\n|teampreview\n|inactive|Battle timer is ON: inactive players will automatically lose when time's up. (requested by DanteisNOTWilma)\n|\n|t:|1697469203\n|start\n|switch|p1a: Mienshao|Mienshao, F|100\/100\n|switch|p1b: Alomomola|Alomomola, F|100\/100\n|switch|p2a: Grimmsnarl|Grimmsnarl, M|100\/100\n|switch|p2b: Spectrier|Spectrier|100\/100\n|turn|1\n|\n|t:|1697469220\n|move|p1b: Alomomola|Helping Hand|p1a: Mienshao\n|-singleturn|p1a: Mienshao|Helping Hand|[of] p1b: Alomomola\n|move|p2a: Grimmsnarl|Reflect|p2a: Grimmsnarl\n|-sidestart|p2: DanteisNOTWilma|Reflect\n|move|p2b: Spectrier|Calm Mind|p2b: Spectrier\n|-boost|p2b: Spectrier|spa|1\n|-boost|p2b: Spectrier|spd|1\n|move|p1a: Mienshao|Stone Edge|p2b: Spectrier|[miss]\n|-miss|p1a: Mienshao|p2b: Spectrier\n|\n|upkeep\n|turn|2\n|\n|t:|1697469237\n|move|p2a: Grimmsnarl|Light Screen|p2a: Grimmsnarl\n|-sidestart|p2: DanteisNOTWilma|move: Light Screen\n|move|p2b: Spectrier|Shadow Ball|p1a: Mienshao\n|-damage|p1a: Mienshao|0 fnt\n|faint|p1a: Mienshao\n|-ability|p2b: Spectrier|Grim Neigh|boost\n|-boost|p2b: Spectrier|spa|1\n|move|p1b: Alomomola|Mirror Coat||[still]\n|-fail|p1b: Alomomola\n|\n|upkeep\n|\n|t:|1697469260\n|switch|p1a: Cyclizar|Cyclizar, M|100\/100\n|turn|3\n|\n|t:|1697469270\n|switch|p2a: Landorus|Landorus-Therian, M|100\/100\n|-ability|p2a: Landorus|Intimidate|boost\n|-unboost|p1a: Cyclizar|atk|1\n|-unboost|p1b: Alomomola|atk|1\n|move|p1a: Cyclizar|Iron Head|p2b: Spectrier\n|-damage|p2b: Spectrier|85\/100\n|move|p2b: Spectrier|Draining Kiss|p1a: Cyclizar\n|-supereffective|p1a: Cyclizar\n|-damage|p1a: Cyclizar|0 fnt\n|-heal|p2b: Spectrier|100\/100|[from] drain|[of] p1a: Cyclizar\n|faint|p1a: Cyclizar\n|-ability|p2b: Spectrier|Grim Neigh|boost\n|-boost|p2b: Spectrier|spa|1\n|move|p1b: Alomomola|Flip Turn|p2b: Spectrier\n|-damage|p2b: Spectrier|90\/100\n|\n|t:|1697469286\n|switch|p1b: Slowpoke|Slowpoke, M|100\/100|[from] Flip Turn\n|\n|upkeep\n|\n|t:|1697469302\n|switch|p1a: Tornadus|Tornadus-Therian, M|100\/100\n|turn|4\n|\n|t:|1697469316\n|-terastallize|p1b: Slowpoke|Ice\n|move|p2b: Spectrier|Shadow Ball|p1b: Slowpoke\n|-damage|p1b: Slowpoke|0 fnt\n|faint|p1b: Slowpoke\n|-ability|p2b: Spectrier|Grim Neigh|boost\n|-boost|p2b: Spectrier|spa|1\n|move|p1a: Tornadus|Air Slash|p2b: Spectrier\n|-damage|p2b: Spectrier|68\/100\n|move|p2a: Landorus|Rock Slide|p1a: Tornadus\n|-supereffective|p1a: Tornadus\n|-damage|p1a: Tornadus|34\/100\n|\n|upkeep\n|\n|t:|1697469333\n|switch|p1b: Slowking|Slowking-Galar, M|100\/100\n|turn|5\n|\n|t:|1697469346\n|move|p2b: Spectrier|Protect|p2b: Spectrier\n|-singleturn|p2b: Spectrier|Protect\n|move|p1a: Tornadus|Chilling Water|p2b: Spectrier\n|-activate|p2b: Spectrier|move: Protect\n|move|p2a: Landorus|Earthquake|p1a: Tornadus|[spread] p1b\n|-activate|p2b: Spectrier|move: Protect\n|-immune|p1a: Tornadus\n|-supereffective|p1b: Slowking\n|-damage|p1b: Slowking|0 fnt\n|faint|p1b: Slowking\n|\n|upkeep\n|\n|t:|1697469358\n|switch|p1b: Alomomola|Alomomola, F|100\/100\n|turn|6\n|\n|t:|1697469374\n|-terastallize|p2a: Landorus|Flying\n|move|p2b: Spectrier|Shadow Ball|p1a: Tornadus\n|-damage|p1a: Tornadus|0 fnt\n|faint|p1a: Tornadus\n|-ability|p2b: Spectrier|Grim Neigh|boost\n|-boost|p2b: Spectrier|spa|1\n|move|p2a: Landorus|Tera Blast|p1b: Alomomola|[anim] Tera Blast Flying\n|-damage|p1b: Alomomola|68\/100\n|move|p1b: Alomomola|Mirror Coat||[still]\n|-fail|p1b: Alomomola\n|\n|upkeep\n|turn|7\n|\n|t:|1697469391\n|move|p2b: Spectrier|Shadow Ball|p1b: Alomomola\n|-damage|p1b: Alomomola|0 fnt\n|faint|p1b: Alomomola\n|\n|win|DanteisNOTWilma\n|raw|gufufoire's rating: 1162 &rarr; <strong>1139<\/strong><br \/>(-23 for losing)\n|raw|DanteisNOTWilma's rating: 1191 &rarr; <strong>1214<\/strong><br \/>(+23 for winning)\n|l|\u2606gufufoire\n","uploadtime":1697469399,"views":25,"p1id":"gufufoire","p2id":"danteisnotwilma","formatid":"gen9doublesou","rating":1139,"private":0,"password":""}