{"id":"gen9doublesou-1991780442","p1":"tonyZ14","p2":"Forzarismo","format":"[Gen 9] Doubles OU","log":"|j|\u2606tonyZ14\n|j|\u2606Forzarismo\n|t:|1700115998\n|gametype|doubles\n|player|p1|tonyZ14|supernerd|1357\n|player|p2|Forzarismo|veteran|1282\n|teamsize|p1|6\n|teamsize|p2|6\n|gen|9\n|tier|[Gen 9] Doubles OU\n|rated|\n|rule|Species Clause: Limit one of each Pok\u00e9mon\n|rule|OHKO Clause: OHKO moves are banned\n|rule|Evasion Moves Clause: Evasion moves are banned\n|rule|Gravity Sleep Clause: The combination of sleep-inducing moves with imperfect accuracy and Gravity or Gigantamax Orbeetle are banned\n|rule|Endless Battle Clause: Forcing endless battles is banned\n|rule|HP Percentage Mod: HP is shown in percentages\n|clearpoke\n|poke|p1|Thundurus, M|\n|poke|p1|Sneasler, M|\n|poke|p1|Gastrodon, M|\n|poke|p1|Walking Wake|\n|poke|p1|Kingambit, M|\n|poke|p1|Infernape, M|\n|poke|p2|Pincurchin, F|\n|poke|p2|Iron Leaves|\n|poke|p2|Iron Bundle|\n|poke|p2|Iron Moth|\n|poke|p2|Iron Hands|\n|poke|p2|Iron Valiant|\n|teampreview\n|\n|t:|1700116003\n|start\n|switch|p1a: Sneasler|Sneasler, M|100\/100\n|switch|p1b: Thundurus|Thundurus, M|100\/100\n|switch|p2a: Pincurchin|Pincurchin, F|100\/100\n|switch|p2b: Iron Valiant|Iron Valiant|100\/100\n|-fieldstart|move: Electric Terrain|[from] ability: Electric Surge|[of] p2a: Pincurchin\n|-activate|p2b: Iron Valiant|ability: Quark Drive\n|-start|p2b: Iron Valiant|quarkdrivespe\n|turn|1\n|\n|t:|1700116017\n|-terastallize|p2b: Iron Valiant|Ghost\n|move|p1b: Thundurus|Swagger|p2a: Pincurchin\n|-boost|p2a: Pincurchin|atk|2\n|-enditem|p1a: Sneasler|Mirror Herb\n|-boost|p1a: Sneasler|atk|2|[from] item: Mirror Herb\n|-start|p2a: Pincurchin|confusion\n|move|p1a: Sneasler|Dire Claw|p2b: Iron Valiant\n|-resisted|p2b: Iron Valiant\n|-damage|p2b: Iron Valiant|39\/100\n|-status|p2b: Iron Valiant|psn\n|move|p2b: Iron Valiant|Knock Off|p1b: Thundurus\n|-damage|p1b: Thundurus|61\/100\n|-enditem|p1b: Thundurus|Leftovers|[from] move: Knock Off|[of] p2b: Iron Valiant\n|-activate|p2a: Pincurchin|confusion\n|move|p2a: Pincurchin|Acupressure|p2b: Iron Valiant\n|-boost|p2b: Iron Valiant|evasion|2\n|\n|-damage|p2b: Iron Valiant|27\/100 psn|[from] psn\n|upkeep\n|turn|2\n|\n|t:|1700116049\n|move|p2b: Iron Valiant|Shadow Sneak|p1a: Sneasler\n|-damage|p1a: Sneasler|62\/100\n|move|p1b: Thundurus|Sunny Day|p1b: Thundurus\n|-weather|SunnyDay\n|-activate|p2a: Pincurchin|confusion\n|move|p2a: Pincurchin|Sucker Punch|p1a: Sneasler\n|-resisted|p1a: Sneasler\n|-damage|p1a: Sneasler|25\/100\n|move|p1a: Sneasler|Rock Slide|p2b: Iron Valiant|[spread] p2a,p2b\n|-damage|p2a: Pincurchin|53\/100\n|-damage|p2b: Iron Valiant|0 fnt\n|faint|p2b: Iron Valiant\n|-end|p2b: Iron Valiant|Quark Drive|[silent]\n|\n|-weather|SunnyDay|[upkeep]\n|upkeep\n|\n|t:|1700116064\n|switch|p2b: Iron Bundle|Iron Bundle|100\/100\n|-activate|p2b: Iron Bundle|ability: Quark Drive\n|-start|p2b: Iron Bundle|quarkdrivespe\n|turn|3\n|\n|t:|1700116094\n|move|p1b: Thundurus|Sunny Day||[still]\n|-fail|p1b: Thundurus\n|-activate|p2a: Pincurchin|confusion\n|move|p2a: Pincurchin|Sucker Punch|p1a: Sneasler\n|-resisted|p1a: Sneasler\n|-damage|p1a: Sneasler|0 fnt\n|faint|p1a: Sneasler\n|move|p2b: Iron Bundle|Freeze-Dry|p1b: Thundurus\n|-supereffective|p1b: Thundurus\n|-damage|p1b: Thundurus|0 fnt\n|faint|p1b: Thundurus\n|\n|-weather|SunnyDay|[upkeep]\n|upkeep\n|\n|t:|1700116109\n|switch|p1a: Gastrodon|Gastrodon, M|100\/100\n|switch|p1b: Walking Wake|Walking Wake|100\/100\n|-activate|p1b: Walking Wake|ability: Protosynthesis\n|-start|p1b: Walking Wake|protosynthesisspa\n|turn|4\n|\n|t:|1700116134\n|-terastallize|p1b: Walking Wake|Water\n|move|p2b: Iron Bundle|Freeze-Dry|p1b: Walking Wake\n|-supereffective|p1b: Walking Wake\n|-damage|p1b: Walking Wake|0 fnt\n|faint|p1b: Walking Wake\n|-end|p1b: Walking Wake|Protosynthesis|[silent]\n|move|p1a: Gastrodon|Earth Power|p2a: Pincurchin\n|-supereffective|p2a: Pincurchin\n|-damage|p2a: Pincurchin|0 fnt\n|faint|p2a: Pincurchin\n|\n|-weather|SunnyDay|[upkeep]\n|upkeep\n|\n|t:|1700116150\n|switch|p1b: Infernape|Infernape, M|100\/100\n|switch|p2a: Iron Hands|Iron Hands|100\/100\n|-activate|p2a: Iron Hands|ability: Quark Drive\n|-start|p2a: Iron Hands|quarkdriveatk\n|turn|5\n|\n|t:|1700116187\n|move|p1b: Infernape|Fake Out|p2b: Iron Bundle\n|-damage|p2b: Iron Bundle|85\/100\n|move|p2a: Iron Hands|Fake Out|p1b: Infernape\n|-damage|p1b: Infernape|63\/100\n|-damage|p2a: Iron Hands|91\/100|[from] item: Life Orb\n|cant|p2b: Iron Bundle|flinch\n|move|p1a: Gastrodon|Icy Wind|p2a: Iron Hands|[spread] p2a,p2b\n|-resisted|p2b: Iron Bundle\n|-damage|p2a: Iron Hands|83\/100\n|-damage|p2b: Iron Bundle|81\/100\n|-unboost|p2a: Iron Hands|spe|1\n|-unboost|p2b: Iron Bundle|spe|1\n|\n|-weather|SunnyDay|[upkeep]\n|upkeep\n|turn|6\n|\n|t:|1700116206\n|move|p2b: Iron Bundle|Freeze-Dry|p1a: Gastrodon\n|-supereffective|p1a: Gastrodon\n|-damage|p1a: Gastrodon|0 fnt\n|faint|p1a: Gastrodon\n|move|p1b: Infernape|Drain Punch|p2b: Iron Bundle\n|-supereffective|p2b: Iron Bundle\n|-damage|p2b: Iron Bundle|0 fnt\n|-heal|p1b: Infernape|91\/100|[from] drain|[of] p2b: Iron Bundle\n|faint|p2b: Iron Bundle\n|-end|p2b: Iron Bundle|Quark Drive|[silent]\n|move|p2a: Iron Hands|Earthquake|p1b: Infernape\n|-supereffective|p1b: Infernape\n|-damage|p1b: Infernape|0 fnt\n|faint|p1b: Infernape\n|-damage|p2a: Iron Hands|73\/100|[from] item: Life Orb\n|\n|-weather|none\n|upkeep\n|\n|t:|1700116223\n|switch|p2b: Iron Moth|Iron Moth|100\/100\n|switch|p1b: Kingambit|Kingambit, M|100\/100\n|-activate|p2b: Iron Moth|ability: Quark Drive\n|-start|p2b: Iron Moth|quarkdrivespa\n|turn|7\n|c|\u2606Forzarismo|GG\n|\n|t:|1700116234\n|move|p2b: Iron Moth|Fiery Dance|p1b: Kingambit\n|-supereffective|p1b: Kingambit\n|-damage|p1b: Kingambit|0 fnt\n|-boost|p2b: Iron Moth|spa|1\n|faint|p1b: Kingambit\n|\n|win|Forzarismo\n|raw|tonyZ14's rating: 1357 &rarr; <strong>1333<\/strong><br \/>(-24 for losing)\n|raw|Forzarismo's rating: 1282 &rarr; <strong>1312<\/strong><br \/>(+30 for winning)\n|l|\u2606tonyZ14\n","uploadtime":1700116248,"views":7,"p1id":"tonyz14","p2id":"forzarismo","formatid":"gen9doublesou","rating":1312,"private":0,"password":""}