{"id":"gen9doublesou-1988685795","p1":"creeperdud1","p2":"Starbardii","format":"[Gen 9] Doubles OU","log":"|j|\u2606creeperdud1\n|j|\u2606Starbardii\n|t:|1699750507\n|gametype|doubles\n|player|p1|creeperdud1|170|1000\n|player|p2|Starbardii|lady-gen4|1025\n|teamsize|p1|6\n|teamsize|p2|6\n|gen|9\n|tier|[Gen 9] Doubles OU\n|rated|\n|rule|Species Clause: Limit one of each Pok\u00e9mon\n|rule|OHKO Clause: OHKO moves are banned\n|rule|Evasion Moves Clause: Evasion moves are banned\n|rule|Gravity Sleep Clause: The combination of sleep-inducing moves with imperfect accuracy and Gravity or Gigantamax Orbeetle are banned\n|rule|Endless Battle Clause: Forcing endless battles is banned\n|rule|HP Percentage Mod: HP is shown in percentages\n|clearpoke\n|poke|p1|Landorus, M|\n|poke|p1|Pelipper, M|\n|poke|p1|Tornadus, M|\n|poke|p1|Pincurchin, M|\n|poke|p1|Iron Bundle|\n|poke|p1|Politoed, F|\n|poke|p2|Ursaluna, F|\n|poke|p2|Indeedee-F, F|\n|poke|p2|Ninetales-Alola, F|\n|poke|p2|Illumise, F|\n|poke|p2|Cresselia, F|\n|poke|p2|Kingambit, M|\n|teampreview\n|inactive|Battle timer is ON: inactive players will automatically lose when time's up. (requested by creeperdud1)\n|\n|t:|1699750519\n|start\n|switch|p1a: Landorus|Landorus, M|100\/100\n|switch|p1b: Pelipper|Pelipper, M|100\/100\n|switch|p2a: Illumise|Illumise, F|100\/100\n|switch|p2b: Ninetales|Ninetales-Alola, F|100\/100\n|-weather|Snow|[from] ability: Snow Warning|[of] p2b: Ninetales\n|-weather|RainDance|[from] ability: Drizzle|[of] p1b: Pelipper\n|turn|1\n|\n|t:|1699750536\n|switch|p1a: Iron Bundle|Iron Bundle|100\/100\n|switch|p2b: Indeedee|Indeedee-F, F|100\/100\n|-fieldstart|move: Psychic Terrain|[from] ability: Psychic Surge|[of] p2b: Indeedee\n|switch|p1b: Pincurchin|Pincurchin, M|100\/100\n|-fieldstart|move: Electric Terrain|[from] ability: Electric Surge|[of] p1b: Pincurchin\n|-activate|p1a: Iron Bundle|ability: Quark Drive\n|-start|p1a: Iron Bundle|quarkdrivespe\n|move|p2a: Illumise|Trick|p1b: Pincurchin\n|-activate|p2a: Illumise|move: Trick|[of] p1b: Pincurchin\n|-item|p1b: Pincurchin|Choice Scarf|[from] move: Trick\n|-item|p2a: Illumise|Leftovers|[from] move: Trick\n|\n|-weather|RainDance|[upkeep]\n|upkeep\n|turn|2\n|\n|t:|1699750558\n|move|p2a: Illumise|Light Screen|p2a: Illumise\n|-sidestart|p2: Starbardii|move: Light Screen\n|move|p1a: Iron Bundle|Hydro Pump|p2a: Illumise\n|-damage|p2a: Illumise|0 fnt\n|faint|p2a: Illumise\n|-damage|p1a: Iron Bundle|91\/100|[from] item: Life Orb\n|move|p1b: Pincurchin|Thunder Wave|p2b: Indeedee\n|-status|p2b: Indeedee|par\n|move|p2b: Indeedee|Trick Room|p2b: Indeedee\n|-fieldstart|move: Trick Room|[of] p2b: Indeedee\n|\n|-weather|RainDance|[upkeep]\n|upkeep\n|\n|t:|1699750570\n|switch|p2a: Ninetales|Ninetales-Alola, F|100\/100\n|-weather|Snow|[from] ability: Snow Warning|[of] p2a: Ninetales\n|turn|3\n|\n|t:|1699750584\n|switch|p2b: Ursaluna|Ursaluna, F|100\/100\n|-end|p1a: Iron Bundle|Quark Drive|[silent]\n|switch|p1a: Pelipper|Pelipper, M|100\/100\n|-weather|RainDance|[from] ability: Drizzle|[of] p1a: Pelipper\n|move|p1b: Pincurchin|Thunder Wave|p2a: Ninetales\n|-status|p2a: Ninetales|par\n|move|p2a: Ninetales|Aurora Veil||[still]\n|-fail|p2a: Ninetales\n|\n|-weather|RainDance|[upkeep]\n|-status|p2b: Ursaluna|brn|[from] item: Flame Orb\n|upkeep\n|turn|4\n|\n|t:|1699750607\n|switch|p1b: Tornadus|Tornadus, M|100\/100\n|switch|p2a: Cresselia|Cresselia, F|100\/100\n|-terastallize|p2b: Ursaluna|Psychic\n|move|p1a: Pelipper|Hurricane|p2b: Ursaluna\n|-damage|p2b: Ursaluna|78\/100 brn\n|-start|p2b: Ursaluna|confusion\n|-activate|p2b: Ursaluna|confusion\n|-damage|p2b: Ursaluna|68\/100 brn|[from] confusion\n|\n|-weather|RainDance|[upkeep]\n|-damage|p2b: Ursaluna|62\/100 brn|[from] brn\n|upkeep\n|turn|5\n|\n|t:|1699750628\n|move|p1a: Pelipper|Surf|p2a: Cresselia|[spread] p1b,p2a,p2b\n|-damage|p1b: Tornadus|58\/100\n|-damage|p2a: Cresselia|86\/100\n|-damage|p2b: Ursaluna|42\/100 brn\n|-activate|p2b: Ursaluna|confusion\n|move|p2b: Ursaluna|Tera Blast|p1b: Tornadus|[anim] Tera Blast Psychic\n|-damage|p1b: Tornadus|0 fnt\n|faint|p1b: Tornadus\n|move|p2a: Cresselia|Lunar Blessing|p2a: Cresselia|[spread] p2a,p2b\n|-heal|p2a: Cresselia|100\/100\n|-heal|p2b: Ursaluna|67\/100 brn\n|-curestatus|p2b: Ursaluna|brn|[msg]\n|\n|-weather|RainDance|[upkeep]\n|-fieldend|move: Electric Terrain\n|-status|p2b: Ursaluna|brn|[from] item: Flame Orb\n|upkeep\n|inactive|creeperdud1 has 120 seconds left.\n|\n|t:|1699750644\n|switch|p1b: Iron Bundle|Iron Bundle|91\/100\n|turn|6\n|\n|t:|1699750665\n|move|p2a: Cresselia|Ally Switch|p2a: Cresselia\n|swap|p2a: Cresselia|1|[from] move: Ally Switch\n|move|p1a: Pelipper|U-turn|p2b: Cresselia\n|-supereffective|p2b: Cresselia\n|-damage|p2b: Cresselia|91\/100\n|inactive|creeperdud1 has 120 seconds left.\n|\n|t:|1699750676\n|switch|p1a: Pincurchin|Pincurchin, M|100\/100|[from] U-turn\n|-fieldstart|move: Electric Terrain|[from] ability: Electric Surge|[of] p1a: Pincurchin\n|-activate|p1b: Iron Bundle|ability: Quark Drive\n|-start|p1b: Iron Bundle|quarkdrivespe\n|-activate|p2a: Ursaluna|confusion\n|-damage|p2a: Ursaluna|55\/100 brn|[from] confusion\n|move|p1b: Iron Bundle|Hydro Pump|p2b: Cresselia\n|-damage|p2b: Cresselia|46\/100\n|-damage|p1b: Iron Bundle|81\/100|[from] item: Life Orb\n|\n|-weather|RainDance|[upkeep]\n|-damage|p2a: Ursaluna|49\/100 brn|[from] brn\n|-sideend|p2: Starbardii|move: Light Screen\n|-fieldend|move: Trick Room\n|upkeep\n|turn|7\n|-message|Starbardii forfeited.\n|\n|win|creeperdud1\n|raw|creeperdud1's rating: 1000 &rarr; <strong>1043<\/strong><br \/>(+43 for winning)\n|raw|Starbardii's rating: 1025 &rarr; <strong>1010<\/strong><br \/>(-15 for losing)\n|l|\u2606Starbardii\n","uploadtime":1699750695,"views":8,"p1id":"creeperdud1","p2id":"starbardii","formatid":"gen9doublesou","rating":1010,"private":0,"password":""}