{"id":"gen9doublesou-1999045694","p1":"ChickenSquared","p2":"Jesuuuus","format":"[Gen 9] Doubles OU","log":"|j|\u2606ChickenSquared\n|j|\u2606Jesuuuus\n|inactive|Battle timer is ON: inactive players will automatically lose when time's up.\n|t:|1701027322\n|gametype|doubles\n|player|p1|ChickenSquared|sailor|\n|player|p2|Jesuuuus|alec-anime|\n|teamsize|p1|6\n|teamsize|p2|6\n|gen|9\n|tier|[Gen 9] Doubles OU\n|rated|Tournament battle\n|rule|Species Clause: Limit one of each Pok\u00e9mon\n|rule|OHKO Clause: OHKO moves are banned\n|rule|Evasion Moves Clause: Evasion moves are banned\n|rule|Gravity Sleep Clause: The combination of sleep-inducing moves with imperfect accuracy and Gravity or Gigantamax Orbeetle are banned\n|rule|Endless Battle Clause: Forcing endless battles is banned\n|rule|HP Percentage Mod: HP is shown in percentages\n|clearpoke\n|poke|p1|Torkoal, M|\n|poke|p1|Ogerpon-Hearthflame, F|\n|poke|p1|Lilligant-Hisui, F|\n|poke|p1|Rillaboom, F|\n|poke|p1|Iron Hands|\n|poke|p1|Flutter Mane|\n|poke|p2|Iron Hands|\n|poke|p2|Amoonguss, M|\n|poke|p2|Volcanion|\n|poke|p2|Landorus-Therian, M|\n|poke|p2|Flutter Mane|\n|poke|p2|Chien-Pao|\n|teampreview\n|inactive|Jesuuuus has 120 seconds left.\n|\n|t:|1701027362\n|start\n|switch|p1a: Torkoal|Torkoal, M|100\/100\n|switch|p1b: Flutter Mane|Flutter Mane|100\/100\n|switch|p2a: Iron Hands|Iron Hands|100\/100\n|switch|p2b: Landorus|Landorus-Therian, M|100\/100\n|-ability|p2b: Landorus|Intimidate|boost\n|-unboost|p1a: Torkoal|atk|1\n|-unboost|p1b: Flutter Mane|atk|1\n|-weather|SunnyDay|[from] ability: Drought|[of] p1a: Torkoal\n|-activate|p1b: Flutter Mane|ability: Protosynthesis\n|-start|p1b: Flutter Mane|protosynthesisspe\n|turn|1\n|\n|t:|1701027390\n|-end|p2a: Iron Hands|Quark Drive|[silent]\n|switch|p2a: Volcanion|Volcanion|100\/100\n|move|p1b: Flutter Mane|Dazzling Gleam|p2b: Landorus|[spread] p2a,p2b\n|-resisted|p2a: Volcanion\n|-crit|p2a: Volcanion\n|-damage|p2a: Volcanion|68\/100\n|-damage|p2b: Landorus|59\/100\n|move|p2b: Landorus|Rock Slide|p1a: Torkoal|[spread] p1b\n|-miss|p2b: Landorus|p1a: Torkoal\n|-damage|p1b: Flutter Mane|65\/100\n|move|p1a: Torkoal|Stealth Rock|p2a: Volcanion\n|-sidestart|p2: Jesuuuus|move: Stealth Rock\n|\n|-weather|SunnyDay|[upkeep]\n|-heal|p2a: Volcanion|74\/100|[from] item: Leftovers\n|upkeep\n|turn|2\n|inactive|ChickenSquared has 120 seconds left.\n|\n|t:|1701027424\n|-end|p1b: Flutter Mane|Protosynthesis|[silent]\n|switch|p1b: Iron Hands|Iron Hands|100\/100\n|switch|p1a: Rillaboom|Rillaboom, F|100\/100\n|-fieldstart|move: Grassy Terrain|[from] ability: Grassy Surge|[of] p1a: Rillaboom\n|move|p2b: Landorus|Rock Slide|p1b: Iron Hands|[spread] p1a\n|-miss|p2b: Landorus|p1b: Iron Hands\n|-damage|p1a: Rillaboom|80\/100\n|move|p2a: Volcanion|Steam Eruption|p1b: Iron Hands\n|-damage|p1b: Iron Hands|86\/100\n|\n|-weather|SunnyDay|[upkeep]\n|-heal|p1a: Rillaboom|86\/100|[from] Grassy Terrain\n|-heal|p2a: Volcanion|80\/100|[from] Grassy Terrain\n|-heal|p2a: Volcanion|86\/100|[from] item: Leftovers\n|-heal|p1b: Iron Hands|92\/100|[from] Grassy Terrain\n|upkeep\n|turn|3\n|inactive|ChickenSquared has 120 seconds left.\n|\n|t:|1701027469\n|switch|p2b: Amoonguss|Amoonguss, M|100\/100\n|-damage|p2b: Amoonguss|88\/100|[from] Stealth Rock\n|move|p2a: Volcanion|Protect|p2a: Volcanion\n|-singleturn|p2a: Volcanion|Protect\n|move|p1a: Rillaboom|Fake Out|p2b: Amoonguss\n|-damage|p2b: Amoonguss|78\/100\n|move|p1b: Iron Hands|Fake Out|p2a: Volcanion\n|-activate|p2a: Volcanion|move: Protect\n|\n|-weather|SunnyDay|[upkeep]\n|-heal|p1a: Rillaboom|93\/100|[from] Grassy Terrain\n|-heal|p2a: Volcanion|93\/100|[from] Grassy Terrain\n|-heal|p2a: Volcanion|99\/100|[from] item: Leftovers\n|-heal|p1b: Iron Hands|98\/100|[from] Grassy Terrain\n|-heal|p2b: Amoonguss|84\/100|[from] Grassy Terrain\n|upkeep\n|turn|4\n|inactive|ChickenSquared has 120 seconds left.\n|inactive|ChickenSquared has 90 seconds left.\n|\n|t:|1701027530\n|move|p1a: Rillaboom|U-turn|p2b: Amoonguss\n|-damage|p2b: Amoonguss|67\/100\n|\n|t:|1701027538\n|switch|p1a: Ogerpon|Ogerpon-Hearthflame, F|100\/100|[from] U-turn\n|-ability|p1a: Ogerpon|Mold Breaker\n|move|p2a: Volcanion|Will-O-Wisp|p1a: Ogerpon\n|-immune|p1a: Ogerpon\n|move|p1b: Iron Hands|Wild Charge|p2a: Volcanion\n|-supereffective|p2a: Volcanion\n|-damage|p2a: Volcanion|9\/100\n|-damage|p1b: Iron Hands|80\/100|[from] Recoil\n|move|p2b: Amoonguss|Spore|p1b: Iron Hands\n|-status|p1b: Iron Hands|slp|[from] move: Spore\n|\n|-weather|SunnyDay|[upkeep]\n|-heal|p2a: Volcanion|15\/100|[from] Grassy Terrain\n|-heal|p2a: Volcanion|21\/100|[from] item: Leftovers\n|-heal|p1b: Iron Hands|86\/100 slp|[from] Grassy Terrain\n|-heal|p2b: Amoonguss|73\/100|[from] Grassy Terrain\n|upkeep\n|turn|5\n|inactive|ChickenSquared has 90 seconds left.\n|\n|t:|1701027565\n|switch|p2b: Landorus|Landorus-Therian, M|59\/100\n|-damage|p2b: Landorus|46\/100|[from] Stealth Rock\n|-ability|p2b: Landorus|Intimidate|boost\n|-unboost|p1a: Ogerpon|atk|1\n|-unboost|p1b: Iron Hands|atk|1\n|move|p1a: Ogerpon|Grassy Glide|p2a: Volcanion\n|-damage|p2a: Volcanion|0 fnt\n|faint|p2a: Volcanion\n|cant|p1b: Iron Hands|slp\n|\n|-weather|none\n|-heal|p1b: Iron Hands|92\/100 slp|[from] Grassy Terrain\n|upkeep\n|inactive|Jesuuuus has 120 seconds left.\n|\n|t:|1701027586\n|switch|p2a: Chien-Pao|Chien-Pao|100\/100\n|-damage|p2a: Chien-Pao|76\/100|[from] Stealth Rock\n|-ability|p2a: Chien-Pao|Sword of Ruin\n|turn|6\n|inactive|ChickenSquared has 90 seconds left.\n|\n|t:|1701027606\n|-end|p1b: Iron Hands|Quark Drive|[silent]\n|switch|p1b: Rillaboom|Rillaboom, F|93\/100\n|-terastallize|p1a: Ogerpon|Fire\n|detailschange|p1a: Ogerpon|Ogerpon-Hearthflame-Tera, F, tera:Fire\n|-ability|p1a: Ogerpon|Embody Aspect (Hearthflame)|boost\n|-boost|p1a: Ogerpon|atk|1\n|move|p1a: Ogerpon|Grassy Glide|p2a: Chien-Pao\n|-damage|p2a: Chien-Pao|22\/100\n|move|p2a: Chien-Pao|Ice Spinner|p1a: Ogerpon\n|-resisted|p1a: Ogerpon\n|-damage|p1a: Ogerpon|65\/100\n|-fieldend|move: Grassy Terrain\n|move|p2b: Landorus|U-turn|p1a: Ogerpon\n|-resisted|p1a: Ogerpon\n|-damage|p1a: Ogerpon|44\/100\n|inactive|Jesuuuus has 120 seconds left.\n|\n|t:|1701027625\n|switch|p2b: Flutter Mane|Flutter Mane|100\/100|[from] U-turn\n|-damage|p2b: Flutter Mane|88\/100|[from] Stealth Rock\n|\n|upkeep\n|turn|7\n|\n|t:|1701027633\n|move|p1a: Ogerpon|Spiky Shield|p1a: Ogerpon\n|-singleturn|p1a: Ogerpon|move: Protect\n|move|p2a: Chien-Pao|Ice Spinner|p1b: Rillaboom\n|-supereffective|p1b: Rillaboom\n|-damage|p1b: Rillaboom|3\/100\n|move|p2b: Flutter Mane|Shadow Ball|p1a: Ogerpon\n|-activate|p1a: Ogerpon|move: Protect\n|move|p1b: Rillaboom|U-turn|p2a: Chien-Pao\n|-supereffective|p2a: Chien-Pao\n|-damage|p2a: Chien-Pao|0 fnt\n|faint|p2a: Chien-Pao\n|\n|t:|1701027650\n|switch|p1b: Torkoal|Torkoal, M|100\/100|[from] U-turn\n|-weather|SunnyDay|[from] ability: Drought|[of] p1b: Torkoal\n|-activate|p2b: Flutter Mane|ability: Protosynthesis\n|-start|p2b: Flutter Mane|protosynthesisspe\n|\n|-weather|SunnyDay|[upkeep]\n|upkeep\n|\n|t:|1701027657\n|switch|p2a: Landorus|Landorus-Therian, M|46\/100\n|-damage|p2a: Landorus|34\/100|[from] Stealth Rock\n|-ability|p2a: Landorus|Intimidate|boost\n|-unboost|p1a: Ogerpon|atk|1\n|-unboost|p1b: Torkoal|atk|1\n|turn|8\n|\n|t:|1701027666\n|switch|p1a: Rillaboom|Rillaboom, F|3\/100\n|-fieldstart|move: Grassy Terrain|[from] ability: Grassy Surge|[of] p1a: Rillaboom\n|move|p1b: Torkoal|Protect|p1b: Torkoal\n|-singleturn|p1b: Torkoal|Protect\n|move|p2b: Flutter Mane|Shadow Ball|p1b: Torkoal\n|-activate|p1b: Torkoal|move: Protect\n|move|p2a: Landorus|Stomping Tantrum|p1a: Rillaboom\n|-resisted|p1a: Rillaboom\n|-damage|p1a: Rillaboom|0 fnt\n|faint|p1a: Rillaboom\n|\n|-weather|SunnyDay|[upkeep]\n|-heal|p2b: Flutter Mane|94\/100|[from] Grassy Terrain\n|upkeep\n|inactive|ChickenSquared has 120 seconds left.\n|\n|t:|1701027683\n|switch|p1a: Lilligant|Lilligant-Hisui, F|100\/100\n|turn|9\n|\n|t:|1701027690\n|switch|p2a: Amoonguss|Amoonguss, M|100\/100\n|-damage|p2a: Amoonguss|88\/100|[from] Stealth Rock\n|move|p1a: Lilligant|After You|p1b: Torkoal\n|-activate|p1b: Torkoal|move: After You\n|move|p1b: Torkoal|Eruption|p2a: Amoonguss|[spread] p2a,p2b\n|-supereffective|p2a: Amoonguss\n|-damage|p2a: Amoonguss|0 fnt\n|-damage|p2b: Flutter Mane|8\/100\n|faint|p2a: Amoonguss\n|move|p2b: Flutter Mane|Shadow Ball|p1b: Torkoal\n|-damage|p1b: Torkoal|28\/100\n|\n|-weather|SunnyDay|[upkeep]\n|-heal|p2b: Flutter Mane|14\/100|[from] Grassy Terrain\n|-heal|p1b: Torkoal|35\/100|[from] Grassy Terrain\n|upkeep\n|\n|t:|1701027701\n|switch|p2a: Iron Hands|Iron Hands|100\/100\n|-damage|p2a: Iron Hands|94\/100|[from] Stealth Rock\n|turn|10\n|\n|t:|1701027706\n|move|p1a: Lilligant|Protect|p1a: Lilligant\n|-singleturn|p1a: Lilligant|Protect\n|move|p1b: Torkoal|Protect|p1b: Torkoal\n|-singleturn|p1b: Torkoal|Protect\n|move|p2a: Iron Hands|Fake Out|p1a: Lilligant\n|-activate|p1a: Lilligant|move: Protect\n|move|p2b: Flutter Mane|Shadow Ball|p1a: Lilligant\n|-activate|p1a: Lilligant|move: Protect\n|\n|-weather|SunnyDay|[upkeep]\n|-heal|p2b: Flutter Mane|20\/100|[from] Grassy Terrain\n|-heal|p2a: Iron Hands|100\/100|[from] Grassy Terrain\n|-heal|p1b: Torkoal|41\/100|[from] Grassy Terrain\n|upkeep\n|turn|11\n|\n|t:|1701027719\n|move|p1a: Lilligant|After You|p1b: Torkoal\n|-activate|p1b: Torkoal|move: After You\n|move|p1b: Torkoal|Heat Wave|p2a: Iron Hands|[spread] p2a,p2b\n|-crit|p2a: Iron Hands\n|-damage|p2a: Iron Hands|58\/100\n|-damage|p2b: Flutter Mane|0 fnt\n|faint|p2b: Flutter Mane\n|-end|p2b: Flutter Mane|Protosynthesis|[silent]\n|move|p2a: Iron Hands|Drain Punch|p1b: Torkoal\n|-damage|p1b: Torkoal|9\/100\n|-heal|p2a: Iron Hands|69\/100|[from] drain|[of] p1b: Torkoal\n|\n|-weather|none\n|-heal|p2a: Iron Hands|75\/100|[from] Grassy Terrain\n|-heal|p1b: Torkoal|15\/100|[from] Grassy Terrain\n|upkeep\n|\n|t:|1701027723\n|switch|p2b: Landorus|Landorus-Therian, M|34\/100\n|-damage|p2b: Landorus|22\/100|[from] Stealth Rock\n|-ability|p2b: Landorus|Intimidate|boost\n|-unboost|p1a: Lilligant|atk|1\n|-unboost|p1b: Torkoal|atk|1\n|turn|12\n|\n|t:|1701027740\n|switch|p1b: Iron Hands|Iron Hands|92\/100 slp\n|move|p1a: Lilligant|Protect|p1a: Lilligant\n|-singleturn|p1a: Lilligant|Protect\n|move|p2b: Landorus|Protect|p2b: Landorus\n|-singleturn|p2b: Landorus|Protect\n|move|p2a: Iron Hands|Drain Punch|p1a: Lilligant\n|-activate|p1a: Lilligant|move: Protect\n|\n|-heal|p2a: Iron Hands|82\/100|[from] Grassy Terrain\n|-heal|p1b: Iron Hands|98\/100 slp|[from] Grassy Terrain\n|-fieldend|move: Grassy Terrain\n|upkeep\n|turn|13\n|inactive|ChickenSquared has 120 seconds left.\n|\n|t:|1701027782\n|switch|p1a: Flutter Mane|Flutter Mane|65\/100\n|-curestatus|p1b: Iron Hands|slp|[msg]\n|move|p1b: Iron Hands|Fake Out|p2b: Landorus\n|-damage|p2b: Landorus|7\/100\n|cant|p2b: Landorus|flinch\n|move|p2a: Iron Hands|Thunder Punch|p1a: Flutter Mane\n|-damage|p1a: Flutter Mane|0 fnt\n|faint|p1a: Flutter Mane\n|-end|p1a: Flutter Mane|Protosynthesis|[silent]\n|\n|upkeep\n|\n|t:|1701027803\n|switch|p1a: Ogerpon|Ogerpon-Hearthflame-Tera, F, tera:Fire|44\/100\n|-ability|p1a: Ogerpon|Embody Aspect (Hearthflame)|boost\n|-boost|p1a: Ogerpon|atk|1\n|turn|14\n|inactive|Jesuuuus has 120 seconds left.\n|\n|t:|1701027836\n|-end|p1b: Iron Hands|Quark Drive|[silent]\n|switch|p1b: Torkoal|Torkoal, M|15\/100\n|-weather|SunnyDay|[from] ability: Drought|[of] p1b: Torkoal\n|move|p2b: Landorus|Protect|p2b: Landorus\n|-singleturn|p2b: Landorus|Protect\n|move|p1a: Ogerpon|Ivy Cudgel|p2a: Iron Hands|[anim] Ivy Cudgel Fire\n|-damage|p2a: Iron Hands|0 fnt\n|faint|p2a: Iron Hands\n|-end|p2a: Iron Hands|Quark Drive|[silent]\n|\n|-weather|SunnyDay|[upkeep]\n|upkeep\n|turn|15\n|\n|t:|1701027849\n|move|p1a: Ogerpon|Ivy Cudgel|p2b: Landorus|[anim] Ivy Cudgel Fire\n|-damage|p2b: Landorus|0 fnt\n|faint|p2b: Landorus\n|\n|win|ChickenSquared\n|n|\u2606ChickenSquared|chickensquared\n|n|\u2606Jesuuuus|jesuuuus\n","uploadtime":1701027850,"views":6,"p1id":"chickensquared","p2id":"jesuuuus","formatid":"gen9doublesou","rating":0,"private":0,"password":""}