{"id":"gen9doublesou-1971025576","p1":"Sleepoligy","p2":"DivineChayde","format":"[Gen 9] Doubles OU","log":"|j|\u2606Sleepoligy\n|j|\u2606DivineChayde\n|t:|1697694576\n|gametype|doubles\n|player|p1|Sleepoligy|1|1043\n|player|p2|DivineChayde|101|1084\n|teamsize|p1|5\n|teamsize|p2|6\n|gen|9\n|tier|[Gen 9] Doubles OU\n|rated|\n|rule|Species Clause: Limit one of each Pok\u00e9mon\n|rule|OHKO Clause: OHKO moves are banned\n|rule|Evasion Moves Clause: Evasion moves are banned\n|rule|Gravity Sleep Clause: The combination of sleep-inducing moves with imperfect accuracy and Gravity or Gigantamax Orbeetle are banned\n|rule|Endless Battle Clause: Forcing endless battles is banned\n|rule|HP Percentage Mod: HP is shown in percentages\n|clearpoke\n|poke|p1|Toedscool, M|\n|poke|p1|Hippowdon, M|\n|poke|p1|Sandy Shocks|\n|poke|p1|Ursaluna-Bloodmoon, M|\n|poke|p1|Landorus-Therian, M|\n|poke|p2|Flutter Mane|\n|poke|p2|Iron Hands|\n|poke|p2|Ogerpon-Hearthflame, F|\n|poke|p2|Clefairy, M|\n|poke|p2|Kommo-o, M|\n|poke|p2|Chien-Pao|\n|teampreview\n|inactive|Battle timer is ON: inactive players will automatically lose when time's up. (requested by DivineChayde)\n|\n|t:|1697694630\n|start\n|switch|p1a: Sandy Shocks|Sandy Shocks|100\/100\n|switch|p1b: Ursaluna|Ursaluna-Bloodmoon, M|100\/100\n|switch|p2a: Clefairy|Clefairy, M|100\/100\n|switch|p2b: Iron Hands|Iron Hands|100\/100\n|-enditem|p1a: Sandy Shocks|Booster Energy\n|-activate|p1a: Sandy Shocks|ability: Protosynthesis|[fromitem]\n|-start|p1a: Sandy Shocks|protosynthesisspe\n|turn|1\n|\n|t:|1697694653\n|move|p2b: Iron Hands|Fake Out|p1a: Sandy Shocks\n|-damage|p1a: Sandy Shocks|84\/100\n|cant|p1a: Sandy Shocks|flinch\n|move|p2a: Clefairy|Icy Wind|p1a: Sandy Shocks|[spread] p1a,p1b\n|-supereffective|p1a: Sandy Shocks\n|-supereffective|p1b: Ursaluna\n|-damage|p1a: Sandy Shocks|69\/100\n|-damage|p1b: Ursaluna|90\/100\n|-unboost|p1a: Sandy Shocks|spe|1\n|-unboost|p1b: Ursaluna|spe|1\n|move|p1b: Ursaluna|Calm Mind|p1b: Ursaluna\n|-boost|p1b: Ursaluna|spa|1\n|-boost|p1b: Ursaluna|spd|1\n|\n|upkeep\n|turn|2\n|inactive|Sleepoligy has 120 seconds left.\n|\n|t:|1697694684\n|-terastallize|p1b: Ursaluna|Ground\n|move|p2a: Clefairy|Follow Me|p2a: Clefairy\n|-singleturn|p2a: Clefairy|move: Follow Me\n|move|p1a: Sandy Shocks|Earth Power|p2a: Clefairy\n|-damage|p2a: Clefairy|61\/100\n|move|p2b: Iron Hands|Drain Punch|p1b: Ursaluna\n|-damage|p1b: Ursaluna|60\/100\n|move|p1b: Ursaluna|Hyper Voice|p2a: Clefairy|[spread] p2a,p2b\n|-crit|p2b: Iron Hands\n|-damage|p2a: Clefairy|16\/100\n|-damage|p2b: Iron Hands|50\/100\n|-enditem|p1b: Ursaluna|Throat Spray\n|-boost|p1b: Ursaluna|spa|1|[from] item: Throat Spray\n|\n|-heal|p2b: Iron Hands|57\/100|[from] item: Leftovers\n|upkeep\n|turn|3\n|inactive|Sleepoligy has 120 seconds left.\n|inactive|DivineChayde has 120 seconds left.\n|inactive|Sleepoligy has 90 seconds left.\n|\n|t:|1697694768\n|-end|p1a: Sandy Shocks|Protosynthesis|[silent]\n|switch|p1a: Toedscool|Toedscool, M|100\/100\n|move|p2b: Iron Hands|Protect|p2b: Iron Hands\n|-singleturn|p2b: Iron Hands|Protect\n|move|p2a: Clefairy|Protect|p2a: Clefairy\n|-singleturn|p2a: Clefairy|Protect\n|move|p1b: Ursaluna|Hyper Voice|p2b: Iron Hands|[spread] \n|-activate|p2a: Clefairy|move: Protect\n|-activate|p2b: Iron Hands|move: Protect\n|\n|-heal|p2b: Iron Hands|63\/100|[from] item: Leftovers\n|upkeep\n|turn|4\n|inactive|DivineChayde has 120 seconds left.\n|inactive|DivineChayde has 90 seconds left.\n|\n|t:|1697694823\n|move|p1a: Toedscool|Rage Powder|p1a: Toedscool\n|-singleturn|p1a: Toedscool|move: Rage Powder\n|move|p2b: Iron Hands|Drain Punch|p1a: Toedscool\n|-damage|p1a: Toedscool|58\/100\n|-heal|p2b: Iron Hands|75\/100|[from] drain|[of] p1a: Toedscool\n|move|p2a: Clefairy|Icy Wind|p1a: Toedscool|[spread] p1a,p1b\n|-supereffective|p1a: Toedscool\n|-supereffective|p1b: Ursaluna\n|-damage|p1a: Toedscool|38\/100\n|-damage|p1b: Ursaluna|54\/100\n|-unboost|p1a: Toedscool|spe|1\n|-unboost|p1b: Ursaluna|spe|1\n|move|p1b: Ursaluna|Hyper Voice|p2a: Clefairy|[spread] p2a,p2b\n|-damage|p2a: Clefairy|0 fnt\n|-damage|p2b: Iron Hands|32\/100\n|faint|p2a: Clefairy\n|\n|-heal|p2b: Iron Hands|39\/100|[from] item: Leftovers\n|upkeep\n|inactive|DivineChayde has 90 seconds left.\n|\n|t:|1697694844\n|switch|p2a: Chien-Pao|Chien-Pao|100\/100\n|-ability|p2a: Chien-Pao|Sword of Ruin\n|turn|5\n|inactive|Sleepoligy has 90 seconds left.\n|inactive|DivineChayde has 90 seconds left.\n|\n|t:|1697694869\n|move|p1a: Toedscool|Rage Powder|p1a: Toedscool\n|-singleturn|p1a: Toedscool|move: Rage Powder\n|move|p2a: Chien-Pao|Ice Spinner|p1a: Toedscool\n|-supereffective|p1a: Toedscool\n|-damage|p1a: Toedscool|0 fnt\n|faint|p1a: Toedscool\n|-damage|p2a: Chien-Pao|91\/100|[from] item: Life Orb\n|move|p2b: Iron Hands|Drain Punch|p1b: Ursaluna\n|-damage|p1b: Ursaluna|15\/100\n|-heal|p2b: Iron Hands|55\/100|[from] drain|[of] p1b: Ursaluna\n|move|p1b: Ursaluna|Hyper Voice|p2a: Chien-Pao|[spread] p2a,p2b\n|-damage|p2a: Chien-Pao|0 fnt\n|-damage|p2b: Iron Hands|0 fnt\n|faint|p2a: Chien-Pao\n|faint|p2b: Iron Hands\n|-end|p2b: Iron Hands|Quark Drive|[silent]\n|\n|upkeep\n|inactive|Sleepoligy has 90 seconds left.\n|inactive|Sleepoligy has 60 seconds left.\n|inactive|DivineChayde has 90 seconds left.\n|inactive|Sleepoligy has 30 seconds left.\n|\n|t:|1697694943\n|switch|p2a: Flutter Mane|Flutter Mane|100\/100\n|switch|p2b: Kommo-o|Kommo-o, M|100\/100\n|switch|p1a: Landorus|Landorus-Therian, M|100\/100\n|-ability|p1a: Landorus|Intimidate|boost\n|-unboost|p2a: Flutter Mane|atk|1\n|-unboost|p2b: Kommo-o|atk|1\n|turn|6\n|inactive|Sleepoligy has 30 seconds left.\n|\n|t:|1697694972\n|move|p1a: Landorus|Rock Slide|p2a: Flutter Mane|[spread] p2a,p2b\n|-resisted|p2b: Kommo-o\n|-damage|p2a: Flutter Mane|57\/100\n|-damage|p2b: Kommo-o|92\/100\n|cant|p2a: Flutter Mane|flinch\n|move|p2b: Kommo-o|Boomburst|p1b: Ursaluna|[spread] p1a,p1b\n|-immune|p2a: Flutter Mane\n|-damage|p1a: Landorus|64\/100\n|-damage|p1b: Ursaluna|0 fnt\n|faint|p1b: Ursaluna\n|\n|-heal|p2a: Flutter Mane|63\/100|[from] item: Leftovers\n|-heal|p2b: Kommo-o|98\/100|[from] item: Leftovers\n|upkeep\n|inactive|Sleepoligy has 30 seconds left this turn.\n|inactive|Sleepoligy has 20 seconds left.\n|inactive|Sleepoligy has 15 seconds left.\n|inactive|Sleepoligy has 10 seconds left.\n|\n|t:|1697694994\n|switch|p1b: Hippowdon|Hippowdon, M|100\/100\n|-weather|Sandstorm|[from] ability: Sand Stream|[of] p1b: Hippowdon\n|turn|7\n|inactive|Sleepoligy has 30 seconds left.\n|inactive|DivineChayde has 120 seconds left.\n|inactive|Sleepoligy has 20 seconds left.\n|\n|t:|1697695010\n|switch|p1a: Sandy Shocks|Sandy Shocks|69\/100\n|move|p2a: Flutter Mane|Icy Wind|p1b: Hippowdon|[spread] p1a,p1b\n|-supereffective|p1a: Sandy Shocks\n|-supereffective|p1b: Hippowdon\n|-damage|p1a: Sandy Shocks|30\/100\n|-damage|p1b: Hippowdon|78\/100\n|-unboost|p1a: Sandy Shocks|spe|1\n|-unboost|p1b: Hippowdon|spe|1\n|move|p2b: Kommo-o|Boomburst|p1b: Hippowdon|[spread] p1a,p1b\n|-immune|p2a: Flutter Mane\n|-damage|p1a: Sandy Shocks|0 fnt\n|-damage|p1b: Hippowdon|54\/100\n|faint|p1a: Sandy Shocks\n|-end|p1a: Sandy Shocks|Protosynthesis|[silent]\n|move|p1b: Hippowdon|Rock Slide|p2a: Flutter Mane|[spread] p2a,p2b\n|-resisted|p2b: Kommo-o\n|-damage|p2a: Flutter Mane|29\/100\n|-damage|p2b: Kommo-o|92\/100\n|\n|-weather|Sandstorm|[upkeep]\n|-damage|p2a: Flutter Mane|23\/100|[from] Sandstorm\n|-damage|p2b: Kommo-o|86\/100|[from] Sandstorm\n|-heal|p2a: Flutter Mane|29\/100|[from] item: Leftovers\n|-heal|p2b: Kommo-o|92\/100|[from] item: Leftovers\n|upkeep\n|inactive|Sleepoligy has 25 seconds left this turn.\n|inactive|Sleepoligy has 20 seconds left.\n|inactive|Sleepoligy has 15 seconds left.\n|\n|t:|1697695025\n|switch|p1a: Landorus|Landorus-Therian, M|64\/100\n|-ability|p1a: Landorus|Intimidate|boost\n|-unboost|p2a: Flutter Mane|atk|1\n|-unboost|p2b: Kommo-o|atk|1\n|turn|8\n|inactive|Sleepoligy has 30 seconds left.\n|\n|t:|1697695039\n|-end|p2a: Flutter Mane|Protosynthesis|[silent]\n|switch|p2a: Ogerpon|Ogerpon-Hearthflame, F|100\/100\n|-ability|p2a: Ogerpon|Mold Breaker\n|move|p1a: Landorus|Rock Slide|p2b: Kommo-o|[spread] p2a,p2b\n|-supereffective|p2a: Ogerpon\n|-resisted|p2b: Kommo-o\n|-damage|p2a: Ogerpon|40\/100\n|-damage|p2b: Kommo-o|83\/100\n|move|p2b: Kommo-o|Boomburst|p1b: Hippowdon|[spread] p2a,p1a,p1b\n|-damage|p2a: Ogerpon|7\/100\n|-damage|p1a: Landorus|24\/100\n|-damage|p1b: Hippowdon|28\/100\n|move|p1b: Hippowdon|High Horsepower|p2b: Kommo-o\n|-damage|p2b: Kommo-o|50\/100\n|\n|-weather|Sandstorm|[upkeep]\n|-damage|p2a: Ogerpon|1\/100|[from] Sandstorm\n|-damage|p2b: Kommo-o|44\/100|[from] Sandstorm\n|-heal|p2b: Kommo-o|50\/100|[from] item: Leftovers\n|upkeep\n|turn|9\n|\n|t:|1697695065\n|move|p1a: Landorus|Rock Slide|p2a: Ogerpon|[spread] p2a,p2b\n|-supereffective|p2a: Ogerpon\n|-resisted|p2b: Kommo-o\n|-damage|p2a: Ogerpon|0 fnt\n|-damage|p2b: Kommo-o|42\/100\n|faint|p2a: Ogerpon\n|cant|p2b: Kommo-o|flinch\n|move|p1b: Hippowdon|Rock Slide|p2b: Kommo-o\n|-resisted|p2b: Kommo-o\n|-damage|p2b: Kommo-o|33\/100\n|\n|-weather|Sandstorm|[upkeep]\n|-damage|p2b: Kommo-o|27\/100|[from] Sandstorm\n|-heal|p2b: Kommo-o|33\/100|[from] item: Leftovers\n|upkeep\n|inactive|DivineChayde has 120 seconds left.\n|\n|t:|1697695077\n|switch|p2a: Flutter Mane|Flutter Mane|29\/100\n|turn|10\n|inactive|Sleepoligy has 60 seconds left.\n|\n|t:|1697695098\n|move|p1a: Landorus|Rock Slide|p2a: Flutter Mane|[spread] p2a,p2b\n|-resisted|p2b: Kommo-o\n|-damage|p2a: Flutter Mane|0 fnt\n|-damage|p2b: Kommo-o|23\/100\n|faint|p2a: Flutter Mane\n|-end|p2a: Flutter Mane|Protosynthesis|[silent]\n|move|p2b: Kommo-o|Boomburst|p1a: Landorus|[spread] p1a,p1b\n|-damage|p1a: Landorus|0 fnt\n|-damage|p1b: Hippowdon|3\/100\n|faint|p1a: Landorus\n|move|p1b: Hippowdon|High Horsepower|p2b: Kommo-o\n|-damage|p2b: Kommo-o|0 fnt\n|faint|p2b: Kommo-o\n|\n|win|Sleepoligy\n|raw|Sleepoligy's rating: 1043 &rarr; <strong>1080<\/strong><br \/>(+37 for winning)\n|raw|DivineChayde's rating: 1084 &rarr; <strong>1059<\/strong><br \/>(-25 for losing)\n|c|\u2606DivineChayde|gg\n|l|\u2606DivineChayde\n|c|\u2606Sleepoligy|gg\n","uploadtime":1697695142,"views":18,"p1id":"sleepoligy","p2id":"divinechayde","formatid":"gen9doublesou","rating":1059,"private":0,"password":""}