{"id":"gen9doublesou-1998012460","p1":"Redzone92","p2":"StephenStone1130","format":"[Gen 9] Doubles OU","log":"|j|\u2606Redzone92\n|j|\u2606StephenStone1130\n|t:|1700878859\n|gametype|doubles\n|player|p1|Redzone92|1|\n|player|p2|StephenStone1130|265|\n|teamsize|p1|6\n|teamsize|p2|6\n|gen|9\n|tier|[Gen 9] Doubles OU\n|rule|Species Clause: Limit one of each Pok\u00e9mon\n|rule|OHKO Clause: OHKO moves are banned\n|rule|Evasion Moves Clause: Evasion moves are banned\n|rule|Gravity Sleep Clause: The combination of sleep-inducing moves with imperfect accuracy and Gravity or Gigantamax Orbeetle are banned\n|rule|Endless Battle Clause: Forcing endless battles is banned\n|rule|HP Percentage Mod: HP is shown in percentages\n|clearpoke\n|poke|p1|Farigiraf, F|\n|poke|p1|Landorus-Therian, M|\n|poke|p1|Diancie|\n|poke|p1|Iron Moth|\n|poke|p1|Hydreigon, F|\n|poke|p1|Kleavor, M|\n|poke|p2|Cresselia, F|\n|poke|p2|Iron Jugulis|\n|poke|p2|Krookodile, M|\n|poke|p2|Gyarados, M|\n|poke|p2|Lucario, M|\n|poke|p2|Typhlosion-Hisui, F|\n|teampreview\n|\n|t:|1700878876\n|start\n|switch|p1a: Tiana|Diancie, shiny|100\/100\n|switch|p1b: Pete|Hydreigon, F|100\/100\n|switch|p2a: Cresselia|Cresselia, F, shiny|100\/100\n|switch|p2b: Typhlosion|Typhlosion-Hisui, F|100\/100\n|-item|p1a: Tiana|Leftovers|[from] ability: Frisk|[of] p2b: Typhlosion|[identify]\n|-item|p1b: Pete|Focus Sash|[from] ability: Frisk|[of] p2b: Typhlosion|[identify]\n|turn|1\n|j| Kevin Dickey12\n|\n|t:|1700878925\n|-terastallize|p2b: Typhlosion|Ground\n|move|p2b: Typhlosion|Tera Blast|p1a: Tiana|[anim] Tera Blast Ground\n|-supereffective|p1a: Tiana\n|-damage|p1a: Tiana|43\/100\n|move|p1b: Pete|Tailwind|p1b: Pete\n|-sidestart|p1: Redzone92|move: Tailwind\n|move|p2a: Cresselia|Dazzling Gleam|p1b: Pete|[spread] p1a,p1b\n|-supereffective|p1b: Pete\n|-damage|p1a: Tiana|35\/100\n|-damage|p1b: Pete|48\/100\n|move|p1a: Tiana|Diamond Storm|p2b: Typhlosion|[spread] p2a,p2b\n|-resisted|p2b: Typhlosion\n|-damage|p2a: Cresselia|84\/100\n|-damage|p2b: Typhlosion|80\/100\n|-boost|p1a: Tiana|def|2\n|\n|-heal|p2a: Cresselia|90\/100|[from] item: Leftovers\n|-heal|p1a: Tiana|42\/100|[from] item: Leftovers\n|upkeep\n|turn|2\n|\n|t:|1700878989\n|move|p1b: Pete|Dark Pulse|p2a: Cresselia\n|-supereffective|p2a: Cresselia\n|-damage|p2a: Cresselia|34\/100\n|move|p2b: Typhlosion|Tera Blast|p1a: Tiana|[anim] Tera Blast Ground\n|-supereffective|p1a: Tiana\n|-damage|p1a: Tiana|0 fnt\n|faint|p1a: Tiana\n|move|p2a: Cresselia|Dazzling Gleam|p1b: Pete\n|-supereffective|p1b: Pete\n|-damage|p1b: Pete|0 fnt\n|faint|p1b: Pete\n|\n|-heal|p2a: Cresselia|40\/100|[from] item: Leftovers\n|upkeep\n|\n|t:|1700879015\n|switch|p1b: Rufus|Landorus-Therian, M|100\/100\n|switch|p1a: Edward|Kleavor, M, shiny|100\/100\n|-ability|p1b: Rufus|Intimidate|boost\n|-unboost|p2a: Cresselia|atk|1\n|-unboost|p2b: Typhlosion|atk|1\n|turn|3\n|\n|t:|1700879031\n|switch|p2b: Krookodile|Krookodile, M, shiny|100\/100\n|-ability|p2b: Krookodile|Intimidate|boost\n|-unboost|p1a: Edward|atk|1\n|-unboost|p1b: Rufus|atk|1\n|move|p2a: Cresselia|Protect|p2a: Cresselia\n|-singleturn|p2a: Cresselia|Protect\n|move|p1a: Edward|X-Scissor|p2a: Cresselia\n|-activate|p2a: Cresselia|move: Protect\n|move|p1b: Rufus|Crunch|p2b: Krookodile\n|-resisted|p2b: Krookodile\n|-damage|p2b: Krookodile|87\/100\n|\n|-heal|p2a: Cresselia|46\/100|[from] item: Leftovers\n|upkeep\n|turn|4\n|\n|t:|1700879093\n|switch|p2a: Gyarados|Gyarados, M, shiny|100\/100\n|-ability|p2a: Gyarados|Intimidate|boost\n|-unboost|p1a: Edward|atk|1\n|-unboost|p1b: Rufus|atk|1\n|move|p1a: Edward|X-Scissor|p2b: Krookodile\n|-supereffective|p2b: Krookodile\n|-damage|p2b: Krookodile|9\/100\n|move|p1b: Rufus|Crunch|p2a: Gyarados\n|-damage|p2a: Gyarados|80\/100\n|move|p2b: Krookodile|Close Combat|p1a: Edward\n|-damage|p1a: Edward|35\/100\n|-unboost|p2b: Krookodile|def|1\n|-unboost|p2b: Krookodile|spd|1\n|-damage|p2b: Krookodile|0 fnt|[from] item: Life Orb\n|faint|p2b: Krookodile\n|\n|-sideend|p1: Redzone92|move: Tailwind\n|upkeep\n|\n|t:|1700879122\n|switch|p2b: Cresselia|Cresselia, F, shiny|46\/100\n|turn|5\n|\n|t:|1700879132\n|switch|p1a: Martty|Farigiraf, F|100\/100\n|move|p2b: Cresselia|Protect|p2b: Cresselia\n|-singleturn|p2b: Cresselia|Protect\n|move|p2a: Gyarados|Ice Fang|p1b: Rufus\n|-supereffective|p1b: Rufus\n|-damage|p1b: Rufus|3\/100\n|move|p1b: Rufus|Rock Slide|p2a: Gyarados|[spread] p2a\n|-activate|p2b: Cresselia|move: Protect\n|-supereffective|p2a: Gyarados\n|-damage|p2a: Gyarados|51\/100\n|\n|-heal|p2b: Cresselia|52\/100|[from] item: Leftovers\n|upkeep\n|turn|6\n|\n|t:|1700879157\n|switch|p1b: cyborg mothra|Iron Moth, shiny|100\/100\n|-enditem|p1b: cyborg mothra|Booster Energy\n|-activate|p1b: cyborg mothra|ability: Quark Drive|[fromitem]\n|-start|p1b: cyborg mothra|quarkdrivespa\n|move|p2a: Gyarados|Dragon Dance|p2a: Gyarados\n|-boost|p2a: Gyarados|atk|1\n|-boost|p2a: Gyarados|spe|1\n|move|p2b: Cresselia|Lunar Blessing|p2b: Cresselia|[spread] p2a,p2b\n|-heal|p2a: Gyarados|76\/100\n|-heal|p2b: Cresselia|77\/100\n|move|p1a: Martty|Shadow Ball|p2b: Cresselia\n|-supereffective|p2b: Cresselia\n|-damage|p2b: Cresselia|42\/100\n|\n|-heal|p2b: Cresselia|48\/100|[from] item: Leftovers\n|upkeep\n|turn|7\n|\n|t:|1700879186\n|-terastallize|p1b: cyborg mothra|Bug\n|move|p2a: Gyarados|Earthquake|p1a: Martty|[spread] p1a,p1b\n|-immune|p2b: Cresselia|[from] ability: Levitate\n|-resisted|p1b: cyborg mothra\n|-damage|p1a: Martty|62\/100\n|-damage|p1b: cyborg mothra|65\/100\n|move|p1b: cyborg mothra|Discharge|p2a: Gyarados|[spread] p1a,p2a,p2b\n|-supereffective|p2a: Gyarados\n|-damage|p1a: Martty|31\/100\n|-damage|p2a: Gyarados|0 fnt\n|-damage|p2b: Cresselia|27\/100\n|-status|p1a: Martty|par\n|-enditem|p1a: Martty|Sitrus Berry|[eat]\n|-heal|p1a: Martty|56\/100 par|[from] item: Sitrus Berry\n|faint|p2a: Gyarados\n|move|p2b: Cresselia|Icy Wind|p1b: cyborg mothra|[spread] p1a,p1b\n|-damage|p1a: Martty|48\/100 par\n|-damage|p1b: cyborg mothra|58\/100\n|-unboost|p1a: Martty|spe|1\n|-unboost|p1b: cyborg mothra|spe|1\n|move|p1a: Martty|Shadow Ball|p2b: Cresselia\n|-supereffective|p2b: Cresselia\n|-damage|p2b: Cresselia|0 fnt\n|faint|p2b: Cresselia\n|\n|upkeep\n|\n|t:|1700879215\n|switch|p2a: Typhlosion|Typhlosion-Hisui, F, tera:Ground|80\/100\n|switch|p2b: Iron Jugulis|Iron Jugulis, shiny|100\/100\n|-enditem|p2b: Iron Jugulis|Booster Energy\n|-activate|p2b: Iron Jugulis|ability: Quark Drive|[fromitem]\n|-start|p2b: Iron Jugulis|quarkdrivespe\n|turn|8\n|\n|t:|1700879227\n|move|p2b: Iron Jugulis|Sunny Day|p2b: Iron Jugulis\n|-weather|SunnyDay\n|move|p2a: Typhlosion|Eruption|p1a: Martty|[spread] p1a,p1b\n|-supereffective|p1b: cyborg mothra\n|-damage|p1a: Martty|0 fnt\n|-damage|p1b: cyborg mothra|0 fnt\n|faint|p1a: Martty\n|faint|p1b: cyborg mothra\n|-end|p1b: cyborg mothra|Quark Drive|[silent]\n|\n|-weather|SunnyDay|[upkeep]\n|upkeep\n|\n|t:|1700879235\n|switch|p1b: Edward|Kleavor, M, shiny|35\/100\n|switch|p1a: Rufus|Landorus-Therian, M|3\/100\n|-ability|p1a: Rufus|Intimidate|boost\n|-unboost|p2a: Typhlosion|atk|1\n|-unboost|p2b: Iron Jugulis|atk|1\n|turn|9\n|\n|t:|1700879249\n|move|p2b: Iron Jugulis|Flash Cannon|p1b: Edward\n|-supereffective|p1b: Edward\n|-damage|p1b: Edward|0 fnt\n|faint|p1b: Edward\n|move|p2a: Typhlosion|Eruption|p1a: Rufus\n|-damage|p1a: Rufus|0 fnt\n|faint|p1a: Rufus\n|\n|win|StephenStone1130\n","uploadtime":1700879260,"views":18,"p1id":"redzone92","p2id":"stephenstone1130","formatid":"gen9doublesou","rating":0,"private":0,"password":""}