{"id":"gen9doublesou-1993901974","p1":"cruzhoe","p2":"Secks_Robot","format":"[Gen 9] Doubles OU","log":"|j|\u2606cruzhoe\n|j|\u2606Secks_Robot\n|t:|1700372572\n|gametype|doubles\n|player|p1|cruzhoe|dahlia|1120\n|player|p2|Secks_Robot|hilda|1046\n|teamsize|p1|6\n|teamsize|p2|6\n|gen|9\n|tier|[Gen 9] Doubles OU\n|rated|\n|rule|Species Clause: Limit one of each Pok\u00e9mon\n|rule|OHKO Clause: OHKO moves are banned\n|rule|Evasion Moves Clause: Evasion moves are banned\n|rule|Gravity Sleep Clause: The combination of sleep-inducing moves with imperfect accuracy and Gravity or Gigantamax Orbeetle are banned\n|rule|Endless Battle Clause: Forcing endless battles is banned\n|rule|HP Percentage Mod: HP is shown in percentages\n|clearpoke\n|poke|p1|Sinistcha-Masterpiece|\n|poke|p1|Grimmsnarl, M|\n|poke|p1|Gyarados, F|\n|poke|p1|Squawkabilly-Blue, M|\n|poke|p1|Hatterene, F|\n|poke|p1|Palafin, M|\n|poke|p2|Chi-Yu|\n|poke|p2|Flutter Mane|\n|poke|p2|Ursaluna, M|\n|poke|p2|Pawmot, M|\n|poke|p2|Palafin, M|\n|poke|p2|Landorus-Therian, M|\n|teampreview\n|inactive|Battle timer is ON: inactive players will automatically lose when time's up. (requested by cruzhoe)\n|inactive|Secks_Robot has 120 seconds left.\n|\n|t:|1700372609\n|start\n|switch|p1a: Squawkabilly|Squawkabilly-Blue, M|100\/100\n|switch|p1b: Grimmsnarl|Grimmsnarl, M|100\/100\n|switch|p2a: Pawmot|Pawmot, M|100\/100\n|switch|p2b: Flutter Mane|Flutter Mane|100\/100\n|-ability|p1a: Squawkabilly|Intimidate|boost\n|-unboost|p2a: Pawmot|atk|1\n|-unboost|p2b: Flutter Mane|atk|1\n|-enditem|p2b: Flutter Mane|Booster Energy\n|-activate|p2b: Flutter Mane|ability: Protosynthesis|[fromitem]\n|-start|p2b: Flutter Mane|protosynthesisspa\n|turn|1\n|inactive|Secks_Robot has 120 seconds left.\n|inactive|cruzhoe has 120 seconds left.\n|\n|t:|1700372651\n|move|p2a: Pawmot|Fake Out|p1b: Grimmsnarl\n|-damage|p1b: Grimmsnarl|93\/100\n|cant|p1b: Grimmsnarl|flinch\n|move|p2b: Flutter Mane|Moonblast|p1a: Squawkabilly\n|-enditem|p1a: Squawkabilly|Focus Sash\n|-damage|p1a: Squawkabilly|1\/100\n|move|p1a: Squawkabilly|Parting Shot|p2b: Flutter Mane\n|-unboost|p2b: Flutter Mane|atk|1\n|-unboost|p2b: Flutter Mane|spa|1\n|inactive|cruzhoe has 120 seconds left.\n|\n|t:|1700372670\n|switch|p1a: Hatterene|Hatterene, F, shiny|100\/100|[from] Parting Shot\n|\n|upkeep\n|turn|2\n|inactive|Secks_Robot has 120 seconds left.\n|\n|t:|1700372696\n|move|p1b: Grimmsnarl|Light Screen|p1b: Grimmsnarl\n|-sidestart|p1: cruzhoe|move: Light Screen\n|move|p2b: Flutter Mane|Shadow Ball|p1a: Hatterene\n|-supereffective|p1a: Hatterene\n|-damage|p1a: Hatterene|46\/100\n|-unboost|p1a: Hatterene|spd|1\n|move|p2a: Pawmot|Brick Break|p1b: Grimmsnarl\n|-sideend|p1: cruzhoe|move: Light Screen\n|-damage|p1b: Grimmsnarl|68\/100\n|move|p1a: Hatterene|Calm Mind|p1a: Hatterene\n|-boost|p1a: Hatterene|spa|1\n|-boost|p1a: Hatterene|spd|1\n|\n|-heal|p1a: Hatterene|52\/100|[from] item: Leftovers\n|upkeep\n|turn|3\n|inactive|Secks_Robot has 120 seconds left.\n|\n|t:|1700372739\n|move|p1b: Grimmsnarl|Parting Shot|p2b: Flutter Mane\n|-unboost|p2b: Flutter Mane|atk|1\n|-unboost|p2b: Flutter Mane|spa|1\n|\n|t:|1700372745\n|switch|p1b: Squawkabilly|Squawkabilly-Blue, M|1\/100|[from] Parting Shot\n|-ability|p1b: Squawkabilly|Intimidate|boost\n|-unboost|p2a: Pawmot|atk|1\n|-unboost|p2b: Flutter Mane|atk|1\n|move|p2b: Flutter Mane|Shadow Ball|p1a: Hatterene\n|-supereffective|p1a: Hatterene\n|-damage|p1a: Hatterene|0 fnt\n|faint|p1a: Hatterene\n|move|p2a: Pawmot|Brick Break|p1b: Squawkabilly\n|-damage|p1b: Squawkabilly|0 fnt\n|faint|p1b: Squawkabilly\n|\n|upkeep\n|inactive|cruzhoe has 120 seconds left.\n|inactive|cruzhoe has 90 seconds left.\n|\n|t:|1700372790\n|switch|p1b: Gyarados|Gyarados, F|100\/100\n|switch|p1a: Sinistcha|Sinistcha-Masterpiece|100\/100\n|-ability|p1b: Gyarados|Intimidate|boost\n|-unboost|p2a: Pawmot|atk|1\n|-unboost|p2b: Flutter Mane|atk|1\n|turn|4\n|inactive|Secks_Robot has 120 seconds left.\n|inactive|Secks_Robot has 90 seconds left.\n|\n|t:|1700372848\n|switch|p2a: Palafin|Palafin, M|100\/100\n|-terastallize|p1b: Gyarados|Dragon\n|move|p2b: Flutter Mane|Shadow Ball|p1a: Sinistcha\n|-supereffective|p1a: Sinistcha\n|-damage|p1a: Sinistcha|28\/100\n|-enditem|p1a: Sinistcha|Weakness Policy\n|-boost|p1a: Sinistcha|atk|2|[from] item: Weakness Policy\n|-boost|p1a: Sinistcha|spa|2|[from] item: Weakness Policy\n|move|p1b: Gyarados|Dragon Dance|p1b: Gyarados\n|-boost|p1b: Gyarados|atk|1\n|-boost|p1b: Gyarados|spe|1\n|move|p1a: Sinistcha|Calm Mind|p1a: Sinistcha\n|-boost|p1a: Sinistcha|spa|1\n|-boost|p1a: Sinistcha|spd|1\n|\n|upkeep\n|turn|5\n|inactive|cruzhoe has 120 seconds left.\n|inactive|Secks_Robot has 90 seconds left.\n|inactive|Secks_Robot has 60 seconds left.\n|\n|t:|1700372907\n|detailschange|p2a: Palafin|Palafin-Hero, M\n|switch|p2a: Landorus|Landorus-Therian, M|100\/100\n|-ability|p2a: Landorus|Intimidate|boost\n|-unboost|p1a: Sinistcha|atk|1\n|-unboost|p1b: Gyarados|atk|1\n|move|p2b: Flutter Mane|Protect|p2b: Flutter Mane\n|-singleturn|p2b: Flutter Mane|Protect\n|move|p1a: Sinistcha|Protect|p1a: Sinistcha\n|-singleturn|p1a: Sinistcha|Protect\n|move|p1b: Gyarados|Dragon Dance|p1b: Gyarados\n|-boost|p1b: Gyarados|atk|1\n|-boost|p1b: Gyarados|spe|1\n|\n|upkeep\n|turn|6\n|inactive|cruzhoe has 120 seconds left.\n|inactive|Secks_Robot has 60 seconds left.\n|\n|t:|1700372934\n|move|p1b: Gyarados|Waterfall|p2b: Flutter Mane\n|-damage|p2b: Flutter Mane|0 fnt\n|faint|p2b: Flutter Mane\n|-end|p2b: Flutter Mane|Protosynthesis|[silent]\n|move|p2a: Landorus|Rock Slide|p1a: Sinistcha|[spread] p1a,p1b\n|-damage|p1a: Sinistcha|11\/100\n|-damage|p1b: Gyarados|69\/100\n|cant|p1a: Sinistcha|flinch\n|\n|upkeep\n|\n|t:|1700372946\n|switch|p2b: Chi-Yu|Chi-Yu|100\/100\n|-ability|p2b: Chi-Yu|Beads of Ruin\n|turn|7\n|inactive|Secks_Robot has 60 seconds left.\n|\n|t:|1700372985\n|switch|p1a: Palafin|Palafin, M, shiny|100\/100\n|move|p1b: Gyarados|Waterfall|p2a: Landorus\n|-supereffective|p2a: Landorus\n|-damage|p2a: Landorus|0 fnt\n|faint|p2a: Landorus\n|move|p2b: Chi-Yu|Burning Jealousy|p1a: Palafin|[spread] p1a,p1b\n|-resisted|p1a: Palafin\n|-resisted|p1b: Gyarados\n|-damage|p1a: Palafin|72\/100\n|-damage|p1b: Gyarados|49\/100\n|\n|-heal|p1a: Palafin|78\/100|[from] item: Leftovers\n|upkeep\n|inactive|Secks_Robot has 30 seconds left.\n|\n|t:|1700373001\n|switch|p2a: Pawmot|Pawmot, M|100\/100\n|turn|8\n|\n|t:|1700373017\n|move|p2a: Pawmot|Fake Out|p1b: Gyarados\n|-crit|p1b: Gyarados\n|-damage|p1b: Gyarados|27\/100\n|cant|p1b: Gyarados|flinch\n|move|p1a: Palafin|Flip Turn|p2b: Chi-Yu\n|-supereffective|p2b: Chi-Yu\n|-damage|p2b: Chi-Yu|29\/100\n|\n|t:|1700373027\n|detailschange|p1a: Palafin|Palafin-Hero, M, shiny\n|switch|p1a: Sinistcha|Sinistcha-Masterpiece|11\/100|[from] Flip Turn\n|-heal|p1b: Gyarados|52\/100|[from] ability: Hospitality|[of] p1a: Sinistcha\n|move|p2b: Chi-Yu|Dark Pulse|p1b: Gyarados\n|-damage|p1b: Gyarados|0 fnt\n|faint|p1b: Gyarados\n|\n|upkeep\n|\n|t:|1700373037\n|switch|p1b: Palafin|Palafin-Hero, M, shiny|78\/100\n|-activate|p1b: Palafin|ability: Zero to Hero\n|turn|9\n|inactive|Secks_Robot has 60 seconds left.\n|inactive|Secks_Robot has 30 seconds left.\n|\n|t:|1700373088\n|switch|p2a: Ursaluna|Ursaluna, M|100\/100\n|switch|p2b: Palafin|Palafin-Hero, M|100\/100\n|-activate|p2b: Palafin|ability: Zero to Hero\n|move|p1b: Palafin|Flip Turn|p2b: Palafin\n|-resisted|p2b: Palafin\n|-damage|p2b: Palafin|83\/100\n|inactive|cruzhoe has 120 seconds left.\n|\n|t:|1700373133\n|switch|p1b: Grimmsnarl|Grimmsnarl, M|68\/100|[from] Flip Turn\n|move|p1a: Sinistcha|Matcha Gotcha|p2a: Ursaluna|[spread] p2a,p2b\n|-supereffective|p2a: Ursaluna\n|-supereffective|p2b: Palafin\n|-damage|p2a: Ursaluna|60\/100\n|-heal|p1a: Sinistcha|38\/100|[from] drain|[of] p2a: Ursaluna\n|-damage|p2b: Palafin|46\/100\n|-heal|p1a: Sinistcha|56\/100|[from] drain|[of] p2b: Palafin\n|\n|-status|p2a: Ursaluna|brn|[from] item: Flame Orb\n|upkeep\n|turn|10\n|inactive|Secks_Robot has 30 seconds left.\n|\n|t:|1700373171\n|move|p1b: Grimmsnarl|Fake Out|p2a: Ursaluna\n|-damage|p2a: Ursaluna|53\/100 brn\n|move|p2b: Palafin|Drain Punch|p1b: Grimmsnarl\n|-damage|p1b: Grimmsnarl|29\/100\n|-heal|p2b: Palafin|69\/100|[from] drain|[of] p1b: Grimmsnarl\n|move|p1a: Sinistcha|Matcha Gotcha|p2a: Ursaluna|[spread] p2a,p2b\n|-supereffective|p2a: Ursaluna\n|-supereffective|p2b: Palafin\n|-damage|p2a: Ursaluna|8\/100 brn\n|-heal|p1a: Sinistcha|86\/100|[from] drain|[of] p2a: Ursaluna\n|-damage|p2b: Palafin|33\/100\n|-heal|p1a: Sinistcha|100\/100|[from] drain|[of] p2b: Palafin\n|cant|p2a: Ursaluna|flinch\n|\n|-damage|p2a: Ursaluna|2\/100 brn|[from] brn\n|upkeep\n|turn|11\n|inactive|cruzhoe has 120 seconds left.\n|inactive|Secks_Robot has 30 seconds left.\n|inactive|Secks_Robot has 20 seconds left.\n|inactive|Secks_Robot has 15 seconds left.\n|inactive|Secks_Robot has 10 seconds left.\n|\n|t:|1700373214\n|move|p1a: Sinistcha|Protect|p1a: Sinistcha\n|-singleturn|p1a: Sinistcha|Protect\n|move|p1b: Grimmsnarl|Parting Shot|p2b: Palafin\n|-unboost|p2b: Palafin|atk|1\n|-unboost|p2b: Palafin|spa|1\n|inactive|Secks_Robot has 15 seconds left this turn.\n|inactive|cruzhoe has 90 seconds left.\n|\n|t:|1700373247\n|switch|p1b: Palafin|Palafin-Hero, M, shiny|78\/100|[from] Parting Shot\n|move|p2b: Palafin|Wave Crash|p1b: Palafin\n|-resisted|p1b: Palafin\n|-damage|p1b: Palafin|55\/100\n|-damage|p2b: Palafin|25\/100|[from] Recoil\n|move|p2a: Ursaluna|Crunch|p1a: Sinistcha\n|-activate|p1a: Sinistcha|move: Protect\n|\n|-heal|p1b: Palafin|61\/100|[from] item: Leftovers\n|-damage|p2a: Ursaluna|0 fnt|[from] brn\n|faint|p2a: Ursaluna\n|upkeep\n|inactive|Secks_Robot has 20 seconds left this turn.\n|inactive|Secks_Robot has 15 seconds left.\n|inactive|Secks_Robot has 10 seconds left.\n|\n|t:|1700373259\n|switch|p2a: Pawmot|Pawmot, M|100\/100\n|turn|12\n|inactive|Secks_Robot has 30 seconds left.\n|inactive|cruzhoe has 90 seconds left.\n|inactive|Secks_Robot has 20 seconds left.\n|\n|t:|1700373289\n|move|p2a: Pawmot|Fake Out|p1b: Palafin\n|-damage|p1b: Palafin|51\/100\n|move|p2b: Palafin|Ice Punch|p1a: Sinistcha\n|-supereffective|p1a: Sinistcha\n|-damage|p1a: Sinistcha|74\/100\n|-status|p1a: Sinistcha|frz\n|cant|p1b: Palafin|flinch\n|cant|p1a: Sinistcha|frz\n|\n|-heal|p1b: Palafin|57\/100|[from] item: Leftovers\n|upkeep\n|turn|13\n|inactive|cruzhoe has 90 seconds left.\n|inactive|Secks_Robot has 30 seconds left.\n|inactive|Secks_Robot has 20 seconds left.\n|inactive|Secks_Robot has 15 seconds left.\n|\n|t:|1700373324\n|switch|p2b: Chi-Yu|Chi-Yu|29\/100\n|-ability|p2b: Chi-Yu|Beads of Ruin\n|move|p2a: Pawmot|Revival Blessing|p2a: Pawmot\n|-enditem|p2a: Pawmot|Leppa Berry|[eat]\n|-activate|p2a: Pawmot|item: Leppa Berry|Revival Blessing|[consumed]\n|inactive|Secks_Robot has 20 seconds left this turn.\n|inactive|Secks_Robot has 15 seconds left.\n|\n|t:|1700373333\n|-heal|p2: Flutter Mane|50\/100|[from] move: Revival Blessing\n|move|p1b: Palafin|Drain Punch|p2a: Pawmot\n|-damage|p2a: Pawmot|58\/100\n|-heal|p1b: Palafin|78\/100|[from] drain|[of] p2a: Pawmot\n|-curestatus|p1a: Sinistcha|frz|[from] move: Matcha Gotcha\n|move|p1a: Sinistcha|Matcha Gotcha|p2b: Chi-Yu|[spread] p2a,p2b\n|-resisted|p2b: Chi-Yu\n|-damage|p2a: Pawmot|7\/100\n|-heal|p1a: Sinistcha|99\/100|[from] drain|[of] p2a: Pawmot\n|-damage|p2b: Chi-Yu|16\/100\n|-heal|p1a: Sinistcha|100\/100|[from] drain|[of] p2b: Chi-Yu\n|\n|-heal|p1b: Palafin|84\/100|[from] item: Leftovers\n|upkeep\n|turn|14\n|inactive|Secks_Robot has 30 seconds left.\n|inactive|Secks_Robot has 20 seconds left.\n|inactive|Secks_Robot has 15 seconds left.\n|inactive|Secks_Robot has 10 seconds left.\n|\n|t:|1700373367\n|move|p2a: Pawmot|Revival Blessing|p2a: Pawmot\n|inactive|Secks_Robot has 15 seconds left this turn.\n|\n|t:|1700373371\n|-heal|p2: Ursaluna|50\/100|[from] move: Revival Blessing\n|move|p1b: Palafin|Bulk Up|p1b: Palafin\n|-boost|p1b: Palafin|atk|1\n|-boost|p1b: Palafin|def|1\n|move|p2b: Chi-Yu|Burning Jealousy|p1b: Palafin|[spread] p1a,p1b\n|-supereffective|p1a: Sinistcha\n|-resisted|p1b: Palafin\n|-damage|p1a: Sinistcha|0 fnt\n|-damage|p1b: Palafin|62\/100\n|-status|p1b: Palafin|brn\n|faint|p1a: Sinistcha\n|\n|-heal|p1b: Palafin|68\/100 brn|[from] item: Leftovers\n|-damage|p1b: Palafin|62\/100 brn|[from] brn\n|upkeep\n|inactive|Secks_Robot has 20 seconds left this turn.\n|-message|cruzhoe forfeited.\n|\n|win|Secks_Robot\n|inactive|Secks_Robot has 25 seconds left this turn.\n|raw|cruzhoe's rating: 1103 &rarr; <strong>1074<\/strong><br \/>(-29 for losing)\n|raw|Secks_Robot's rating: 1046 &rarr; <strong>1084<\/strong><br \/>(+38 for winning)\n|l|\u2606cruzhoe\n","uploadtime":1700373390,"views":12,"p1id":"cruzhoe","p2id":"secksrobot","formatid":"gen9doublesou","rating":1074,"private":0,"password":""}