{"id":"gen9doublesou-1972577425","p1":"Perucho blue","p2":"SXD2002","format":"[Gen 9] Doubles OU","log":"|j|\u2606Perucho blue\n|j|\u2606SXD2002\n|t:|1697859322\n|gametype|doubles\n|player|p1|Perucho blue|2|1089\n|player|p2|SXD2002|silver-masters|1067\n|teamsize|p1|6\n|teamsize|p2|4\n|gen|9\n|tier|[Gen 9] Doubles OU\n|rated|\n|rule|Species Clause: Limit one of each Pok\u00e9mon\n|rule|OHKO Clause: OHKO moves are banned\n|rule|Evasion Moves Clause: Evasion moves are banned\n|rule|Gravity Sleep Clause: The combination of sleep-inducing moves with imperfect accuracy and Gravity or Gigantamax Orbeetle are banned\n|rule|Endless Battle Clause: Forcing endless battles is banned\n|rule|HP Percentage Mod: HP is shown in percentages\n|clearpoke\n|poke|p1|Baxcalibur, M|\n|poke|p1|Ninetales-Alola, M|\n|poke|p1|Rillaboom, M|\n|poke|p1|Sinistcha|\n|poke|p1|Iron Hands|\n|poke|p1|Pelipper, M|\n|poke|p2|Lurantis, F|\n|poke|p2|Murkrow, F|\n|poke|p2|Grimmsnarl, M|\n|poke|p2|Clefairy, F|\n|teampreview\n|\n|t:|1697859330\n|start\n|switch|p1a: Baxcalibur|Baxcalibur, M|100\/100\n|switch|p1b: Ninetales|Ninetales-Alola, M|100\/100\n|switch|p2a: Murkrow|Murkrow, F|100\/100\n|switch|p2b: Lurantis|Lurantis, F|100\/100\n|-weather|Snow|[from] ability: Snow Warning|[of] p1b: Ninetales\n|turn|1\n|inactive|Battle timer is ON: inactive players will automatically lose when time's up. (requested by SXD2002)\n|\n|t:|1697859345\n|-terastallize|p2b: Lurantis|Steel\n|move|p2a: Murkrow|Feather Dance|p2b: Lurantis\n|-boost|p2b: Lurantis|atk|2\n|move|p1b: Ninetales|Aurora Veil|p1b: Ninetales\n|-sidestart|p1: Perucho blue|move: Aurora Veil\n|move|p1a: Baxcalibur|Dragon Dance|p1a: Baxcalibur\n|-boost|p1a: Baxcalibur|atk|1\n|-boost|p1a: Baxcalibur|spe|1\n|move|p2b: Lurantis|Tera Blast|p1b: Ninetales|[anim] Tera Blast Steel\n|-supereffective|p1b: Ninetales\n|-enditem|p1b: Ninetales|Focus Sash\n|-damage|p1b: Ninetales|1\/100\n|\n|-weather|Snow|[upkeep]\n|upkeep\n|turn|2\n|\n|t:|1697859369\n|move|p2a: Murkrow|Screech|p2b: Lurantis\n|-boost|p2b: Lurantis|def|2\n|move|p1a: Baxcalibur|Icicle Spear|p2b: Lurantis\n|-resisted|p2b: Lurantis\n|-damage|p2b: Lurantis|95\/100\n|-resisted|p2b: Lurantis\n|-damage|p2b: Lurantis|89\/100\n|-resisted|p2b: Lurantis\n|-damage|p2b: Lurantis|83\/100\n|-resisted|p2b: Lurantis\n|-damage|p2b: Lurantis|77\/100\n|-resisted|p2b: Lurantis\n|-damage|p2b: Lurantis|71\/100\n|-hitcount|p2b: Lurantis|5\n|move|p1b: Ninetales|Ice Beam|p2a: Murkrow\n|-supereffective|p2a: Murkrow\n|-damage|p2a: Murkrow|48\/100\n|move|p2b: Lurantis|Superpower|p1a: Baxcalibur\n|-supereffective|p1a: Baxcalibur\n|-crit|p1a: Baxcalibur\n|-damage|p1a: Baxcalibur|7\/100\n|-boost|p2b: Lurantis|atk|1\n|-boost|p2b: Lurantis|def|1\n|\n|-weather|Snow|[upkeep]\n|-heal|p1a: Baxcalibur|13\/100|[from] ability: Ice Body\n|upkeep\n|turn|3\n|inactive|Perucho blue has 120 seconds left.\n|\n|t:|1697859414\n|switch|p1b: Sinistcha|Sinistcha|100\/100\n|-heal|p1a: Baxcalibur|38\/100|[from] ability: Hospitality|[of] p1b: Sinistcha\n|-terastallize|p1a: Baxcalibur|Dragon\n|move|p2a: Murkrow|Screech|p2b: Lurantis\n|-boost|p2b: Lurantis|def|2\n|move|p1a: Baxcalibur|Dragon Pulse|p2b: Lurantis\n|-resisted|p2b: Lurantis\n|-damage|p2b: Lurantis|64\/100\n|move|p2b: Lurantis|Leaf Storm|p1a: Baxcalibur\n|-resisted|p1a: Baxcalibur\n|-damage|p1a: Baxcalibur|27\/100\n|-boost|p2b: Lurantis|spa|2\n|\n|-weather|Snow|[upkeep]\n|-heal|p1a: Baxcalibur|34\/100|[from] ability: Ice Body\n|upkeep\n|turn|4\n|inactive|Perucho blue has 120 seconds left.\n|\n|t:|1697859436\n|move|p1b: Sinistcha|Rage Powder|p1b: Sinistcha\n|-singleturn|p1b: Sinistcha|move: Rage Powder\n|move|p2a: Murkrow|Feather Dance|p1b: Sinistcha\n|-unboost|p1b: Sinistcha|atk|2\n|move|p1a: Baxcalibur|Icicle Spear|p2a: Murkrow\n|-supereffective|p2a: Murkrow\n|-damage|p2a: Murkrow|0 fnt\n|faint|p2a: Murkrow\n|-hitcount|p2: Murkrow|1\n|move|p2b: Lurantis|Leech Life|p1b: Sinistcha\n|-damage|p1b: Sinistcha|74\/100\n|-heal|p2b: Lurantis|77\/100|[from] drain|[of] p1b: Sinistcha\n|\n|-weather|Snow|[upkeep]\n|-heal|p1a: Baxcalibur|40\/100|[from] ability: Ice Body\n|-heal|p1b: Sinistcha|80\/100|[from] item: Leftovers\n|upkeep\n|\n|t:|1697859447\n|switch|p2a: Grimmsnarl|Grimmsnarl, M|100\/100\n|turn|5\n|\n|t:|1697859460\n|move|p1b: Sinistcha|Rage Powder|p1b: Sinistcha\n|-singleturn|p1b: Sinistcha|move: Rage Powder\n|move|p1a: Baxcalibur|Icicle Spear|p2a: Grimmsnarl\n|-damage|p2a: Grimmsnarl|73\/100\n|-damage|p2a: Grimmsnarl|48\/100\n|-damage|p2a: Grimmsnarl|23\/100\n|-damage|p2a: Grimmsnarl|0 fnt\n|faint|p2a: Grimmsnarl\n|-hitcount|p2: Grimmsnarl|4\n|move|p2b: Lurantis|Leaf Storm|p1b: Sinistcha\n|-resisted|p1b: Sinistcha\n|-damage|p1b: Sinistcha|57\/100\n|-boost|p2b: Lurantis|spa|2\n|\n|-weather|none\n|-heal|p1b: Sinistcha|63\/100|[from] item: Leftovers\n|-sideend|p1: Perucho blue|move: Aurora Veil\n|upkeep\n|\n|t:|1697859468\n|switch|p2a: Clefairy|Clefairy, F|100\/100\n|turn|6\n|\n|t:|1697859482\n|move|p1b: Sinistcha|Rage Powder|p1b: Sinistcha\n|-singleturn|p1b: Sinistcha|move: Rage Powder\n|move|p1a: Baxcalibur|Icicle Spear|p2a: Clefairy\n|-damage|p2a: Clefairy|75\/100\n|-damage|p2a: Clefairy|52\/100\n|-damage|p2a: Clefairy|30\/100\n|-damage|p2a: Clefairy|5\/100\n|-crit|p2a: Clefairy\n|-damage|p2a: Clefairy|0 fnt\n|faint|p2a: Clefairy\n|-hitcount|p2: Clefairy|5\n|move|p2b: Lurantis|Tera Blast|p1b: Sinistcha|[anim] Tera Blast Steel\n|-damage|p1b: Sinistcha|4\/100\n|\n|-heal|p1b: Sinistcha|10\/100|[from] item: Leftovers\n|upkeep\n|turn|7\n|\n|t:|1697859503\n|move|p1b: Sinistcha|Rage Powder|p1b: Sinistcha\n|-singleturn|p1b: Sinistcha|move: Rage Powder\n|move|p1a: Baxcalibur|Icicle Spear|p2b: Lurantis\n|-resisted|p2b: Lurantis\n|-damage|p2b: Lurantis|74\/100\n|-resisted|p2b: Lurantis\n|-damage|p2b: Lurantis|71\/100\n|-resisted|p2b: Lurantis\n|-damage|p2b: Lurantis|67\/100\n|-resisted|p2b: Lurantis\n|-damage|p2b: Lurantis|64\/100\n|-hitcount|p2b: Lurantis|4\n|move|p2b: Lurantis|Leech Life|p1b: Sinistcha\n|-damage|p1b: Sinistcha|0 fnt\n|-heal|p2b: Lurantis|69\/100|[from] drain|[of] p1b: Sinistcha\n|faint|p1b: Sinistcha\n|\n|upkeep\n|inactive|Perucho blue has 120 seconds left.\n|\n|t:|1697859521\n|switch|p1b: Rillaboom|Rillaboom, M|100\/100\n|turn|8\n|\n|t:|1697859535\n|move|p1a: Baxcalibur|Protect|p1a: Baxcalibur\n|-singleturn|p1a: Baxcalibur|Protect\n|move|p1b: Rillaboom|Bullet Seed|p2b: Lurantis\n|-resisted|p2b: Lurantis\n|-damage|p2b: Lurantis|67\/100\n|-resisted|p2b: Lurantis\n|-damage|p2b: Lurantis|65\/100\n|-resisted|p2b: Lurantis\n|-damage|p2b: Lurantis|63\/100\n|-resisted|p2b: Lurantis\n|-damage|p2b: Lurantis|61\/100\n|-hitcount|p2b: Lurantis|4\n|move|p2b: Lurantis|Leech Life|p1b: Rillaboom\n|-supereffective|p1b: Rillaboom\n|-crit|p1b: Rillaboom\n|-damage|p1b: Rillaboom|0 fnt\n|-heal|p2b: Lurantis|100\/100|[from] drain|[of] p1b: Rillaboom\n|faint|p1b: Rillaboom\n|\n|upkeep\n|\n|t:|1697859554\n|switch|p1b: Iron Hands|Iron Hands|100\/100\n|turn|9\n|\n|t:|1697859571\n|move|p1a: Baxcalibur|Icicle Spear|p2b: Lurantis\n|-resisted|p2b: Lurantis\n|-damage|p2b: Lurantis|97\/100\n|-resisted|p2b: Lurantis\n|-damage|p2b: Lurantis|94\/100\n|-resisted|p2b: Lurantis\n|-damage|p2b: Lurantis|90\/100\n|-resisted|p2b: Lurantis\n|-damage|p2b: Lurantis|86\/100\n|-hitcount|p2b: Lurantis|4\n|move|p1b: Iron Hands|Belly Drum|p1b: Iron Hands\n|-damage|p1b: Iron Hands|51\/100\n|-setboost|p1b: Iron Hands|atk|6|[from] move: Belly Drum\n|move|p2b: Lurantis|Leaf Storm|p1b: Iron Hands\n|-damage|p1b: Iron Hands|0 fnt\n|-boost|p2b: Lurantis|spa|2\n|faint|p1b: Iron Hands\n|-end|p1b: Iron Hands|Quark Drive|[silent]\n|\n|upkeep\n|\n|t:|1697859590\n|switch|p1b: Pelipper|Pelipper, M|100\/100\n|-weather|RainDance|[from] ability: Drizzle|[of] p1b: Pelipper\n|turn|10\n|\n|t:|1697859610\n|move|p1a: Baxcalibur|Icicle Spear|p2b: Lurantis\n|-resisted|p2b: Lurantis\n|-damage|p2b: Lurantis|83\/100\n|-resisted|p2b: Lurantis\n|-damage|p2b: Lurantis|80\/100\n|-resisted|p2b: Lurantis\n|-damage|p2b: Lurantis|76\/100\n|-resisted|p2b: Lurantis\n|-damage|p2b: Lurantis|73\/100\n|-resisted|p2b: Lurantis\n|-damage|p2b: Lurantis|69\/100\n|-hitcount|p2b: Lurantis|5\n|move|p1b: Pelipper|Hurricane|p2b: Lurantis\n|-resisted|p2b: Lurantis\n|-crit|p2b: Lurantis\n|-damage|p2b: Lurantis|53\/100\n|move|p2b: Lurantis|Superpower|p1a: Baxcalibur\n|-damage|p1a: Baxcalibur|0 fnt\n|-boost|p2b: Lurantis|atk|1\n|-boost|p2b: Lurantis|def|1\n|faint|p1a: Baxcalibur\n|\n|-weather|RainDance|[upkeep]\n|upkeep\n|inactive|Perucho blue has 120 seconds left.\n|\n|t:|1697859632\n|switch|p1a: Ninetales|Ninetales-Alola, M|1\/100\n|-weather|Snow|[from] ability: Snow Warning|[of] p1a: Ninetales\n|turn|11\n|\n|t:|1697859651\n|move|p1a: Ninetales|Ice Beam|p2b: Lurantis\n|-resisted|p2b: Lurantis\n|-damage|p2b: Lurantis|45\/100\n|move|p1b: Pelipper|Hurricane|p2b: Lurantis\n|-resisted|p2b: Lurantis\n|-damage|p2b: Lurantis|33\/100\n|move|p2b: Lurantis|Leaf Storm|p1b: Pelipper\n|-damage|p1b: Pelipper|0 fnt\n|faint|p1b: Pelipper\n|\n|-weather|Snow|[upkeep]\n|upkeep\n|turn|12\n|c|\u2606SXD2002|gg\n|\n|t:|1697859667\n|move|p1a: Ninetales|Ice Beam|p2b: Lurantis\n|-resisted|p2b: Lurantis\n|-damage|p2b: Lurantis|25\/100\n|move|p2b: Lurantis|Leech Life|p1a: Ninetales\n|-resisted|p1a: Ninetales\n|-damage|p1a: Ninetales|0 fnt\n|-heal|p2b: Lurantis|25\/100|[from] drain|[of] p1a: Ninetales\n|faint|p1a: Ninetales\n|\n|win|SXD2002\n|raw|Perucho blue's rating: 1089 &rarr; <strong>1064<\/strong><br \/>(-25 for losing)\n|raw|SXD2002's rating: 1067 &rarr; <strong>1099<\/strong><br \/>(+32 for winning)\n","uploadtime":1697859677,"views":16,"p1id":"peruchoblue","p2id":"sxd2002","formatid":"gen9doublesou","rating":1064,"private":0,"password":""}