{"id":"gen9doublesou-1984692823","p1":"mikeyuwu","p2":"GatosLover","format":"[Gen 9] Doubles OU","log":"|j|\u2606mikeyuwu\n|j|\u2606GatosLover\n|t:|1699291342\n|gametype|doubles\n|player|p1|mikeyuwu|psychic-gen4|1232\n|player|p2|GatosLover|marnie|1293\n|teamsize|p1|6\n|teamsize|p2|6\n|gen|9\n|tier|[Gen 9] Doubles OU\n|rated|\n|rule|Species Clause: Limit one of each Pok\u00e9mon\n|rule|OHKO Clause: OHKO moves are banned\n|rule|Evasion Moves Clause: Evasion moves are banned\n|rule|Gravity Sleep Clause: The combination of sleep-inducing moves with imperfect accuracy and Gravity or Gigantamax Orbeetle are banned\n|rule|Endless Battle Clause: Forcing endless battles is banned\n|rule|HP Percentage Mod: HP is shown in percentages\n|clearpoke\n|poke|p1|Garchomp, M|\n|poke|p1|Tyranitar, F|\n|poke|p1|Vaporeon, F|\n|poke|p1|Toxicroak, M|\n|poke|p1|Pelipper, F|\n|poke|p1|Abomasnow, M|\n|poke|p2|Numel, M|\n|poke|p2|Indeedee-F, F|\n|poke|p2|Garganacl, F|\n|poke|p2|Torkoal, M|\n|poke|p2|Charjabug, M|\n|poke|p2|Clefairy, F|\n|teampreview\n|\n|t:|1699291353\n|start\n|switch|p1a: OTLHPM|Toxicroak, M|100\/100\n|switch|p1b: Harmacy|Vaporeon, F|100\/100\n|switch|p2a: El tortas|Torkoal, M|100\/100\n|switch|p2b: Croasu \ud83e\udd50|Indeedee-F, F|100\/100\n|-fieldstart|move: Psychic Terrain|[from] ability: Psychic Surge|[of] p2b: Croasu \ud83e\udd50\n|-enditem|p2b: Croasu \ud83e\udd50|Psychic Seed\n|-boost|p2b: Croasu \ud83e\udd50|spd|1|[from] item: Psychic Seed\n|-weather|SunnyDay|[from] ability: Drought|[of] p2a: El tortas\n|turn|1\n|\n|t:|1699291373\n|switch|p1a: Weather War|Pelipper, F|100\/100\n|-weather|RainDance|[from] ability: Drizzle|[of] p1a: Weather War\n|move|p1b: Harmacy|Weather Ball|p2a: El tortas\n|-supereffective|p2a: El tortas\n|-damage|p2a: El tortas|0 fnt\n|faint|p2a: El tortas\n|move|p2b: Croasu \ud83e\udd50|Trick Room|p2b: Croasu \ud83e\udd50\n|-fieldstart|move: Trick Room|[of] p2b: Croasu \ud83e\udd50\n|\n|-weather|RainDance|[upkeep]\n|upkeep\n|\n|t:|1699291385\n|switch|p2a: Ani|Clefairy, F|100\/100\n|turn|2\n|\n|t:|1699291390\n|switch|p1a: ThcrThnSnkr|Tyranitar, F|100\/100\n|-weather|Sandstorm|[from] ability: Sand Stream|[of] p1a: ThcrThnSnkr\n|move|p2a: Ani|Cosmic Power|p2a: Ani\n|-boost|p2a: Ani|def|1\n|-boost|p2a: Ani|spd|1\n|move|p1b: Harmacy|Copycat|p1b: Harmacy\n|move|p1b: Harmacy|Cosmic Power|p1b: Harmacy|[from]move: Copycat\n|-boost|p1b: Harmacy|def|1\n|-boost|p1b: Harmacy|spd|1\n|move|p2b: Croasu \ud83e\udd50|Heal Pulse|p2a: Ani\n|-fail|p2a: Ani|heal\n|\n|-weather|Sandstorm|[upkeep]\n|-damage|p2a: Ani|94\/100|[from] Sandstorm\n|-damage|p1b: Harmacy|94\/100|[from] Sandstorm\n|-damage|p2b: Croasu \ud83e\udd50|94\/100|[from] Sandstorm\n|-heal|p1b: Harmacy|100\/100|[from] item: Leftovers\n|upkeep\n|turn|3\n|\n|t:|1699291416\n|move|p2b: Croasu \ud83e\udd50|Follow Me|p2b: Croasu \ud83e\udd50\n|-singleturn|p2b: Croasu \ud83e\udd50|move: Follow Me\n|move|p2a: Ani|Moonlight|p2a: Ani\n|-heal|p2a: Ani|100\/100\n|move|p1b: Harmacy|Copycat|p1b: Harmacy\n|move|p1b: Harmacy|Moonlight|p1b: Harmacy|[from]move: Copycat\n|-fail|p1b: Harmacy|heal\n|move|p1a: ThcrThnSnkr|Heavy Slam|p2b: Croasu \ud83e\udd50\n|-damage|p2b: Croasu \ud83e\udd50|55\/100\n|\n|-weather|Sandstorm|[upkeep]\n|-damage|p2a: Ani|94\/100|[from] Sandstorm\n|-damage|p1b: Harmacy|94\/100|[from] Sandstorm\n|-damage|p2b: Croasu \ud83e\udd50|48\/100|[from] Sandstorm\n|-heal|p1b: Harmacy|100\/100|[from] item: Leftovers\n|upkeep\n|turn|4\n|\n|t:|1699291438\n|move|p2b: Croasu \ud83e\udd50|Follow Me|p2b: Croasu \ud83e\udd50\n|-singleturn|p2b: Croasu \ud83e\udd50|move: Follow Me\n|move|p2a: Ani|Moonlight|p2a: Ani\n|-heal|p2a: Ani|100\/100\n|move|p1b: Harmacy|Copycat|p1b: Harmacy\n|move|p1b: Harmacy|Moonlight|p1b: Harmacy|[from]move: Copycat\n|-fail|p1b: Harmacy|heal\n|move|p1a: ThcrThnSnkr|Heavy Slam|p2b: Croasu \ud83e\udd50\n|-damage|p2b: Croasu \ud83e\udd50|14\/100\n|\n|-weather|Sandstorm|[upkeep]\n|-damage|p2a: Ani|94\/100|[from] Sandstorm\n|-damage|p1b: Harmacy|94\/100|[from] Sandstorm\n|-damage|p2b: Croasu \ud83e\udd50|8\/100|[from] Sandstorm\n|-heal|p1b: Harmacy|100\/100|[from] item: Leftovers\n|upkeep\n|turn|5\n|\n|t:|1699291451\n|move|p2a: Ani|Cosmic Power|p2a: Ani\n|-boost|p2a: Ani|def|1\n|-boost|p2a: Ani|spd|1\n|move|p1b: Harmacy|Copycat|p1b: Harmacy\n|move|p1b: Harmacy|Cosmic Power|p1b: Harmacy|[from]move: Copycat\n|-boost|p1b: Harmacy|def|1\n|-boost|p1b: Harmacy|spd|1\n|move|p1a: ThcrThnSnkr|Heavy Slam|p2a: Ani\n|-supereffective|p2a: Ani\n|-damage|p2a: Ani|63\/100\n|move|p2b: Croasu \ud83e\udd50|Heal Pulse|p2a: Ani\n|-heal|p2a: Ani|100\/100\n|\n|-weather|Sandstorm|[upkeep]\n|-damage|p2a: Ani|94\/100|[from] Sandstorm\n|-damage|p1b: Harmacy|94\/100|[from] Sandstorm\n|-damage|p2b: Croasu \ud83e\udd50|2\/100|[from] Sandstorm\n|-heal|p1b: Harmacy|100\/100|[from] item: Leftovers\n|-fieldend|move: Trick Room\n|-fieldend|move: Psychic Terrain\n|upkeep\n|turn|6\n|\n|t:|1699291474\n|move|p2b: Croasu \ud83e\udd50|Heal Pulse|p2a: Ani\n|-heal|p2a: Ani|100\/100\n|move|p1a: ThcrThnSnkr|Knock Off|p2a: Ani\n|-resisted|p2a: Ani\n|-crit|p2a: Ani\n|-damage|p2a: Ani|72\/100\n|-enditem|p2a: Ani|Eviolite|[from] move: Knock Off|[of] p1a: ThcrThnSnkr\n|move|p1b: Harmacy|Icy Wind|p2a: Ani|[spread] p2a,p2b\n|-damage|p2a: Ani|65\/100\n|-damage|p2b: Croasu \ud83e\udd50|0 fnt\n|-unboost|p2a: Ani|spe|1\n|faint|p2b: Croasu \ud83e\udd50\n|move|p2a: Ani|Cosmic Power|p2a: Ani\n|-boost|p2a: Ani|def|1\n|-boost|p2a: Ani|spd|1\n|\n|-weather|none\n|upkeep\n|\n|t:|1699291490\n|switch|p2b: Azucar|Garganacl, F|100\/100\n|turn|7\n|\n|t:|1699291494\n|switch|p1a: Weather War|Pelipper, F|100\/100\n|-weather|RainDance|[from] ability: Drizzle|[of] p1a: Weather War\n|move|p2b: Azucar|Wide Guard|p2b: Azucar\n|-singleturn|p2b: Azucar|Wide Guard\n|move|p1b: Harmacy|Weather Ball|p2b: Azucar\n|-supereffective|p2b: Azucar\n|-damage|p2b: Azucar|50\/100\n|move|p2a: Ani|Cosmic Power|p2a: Ani\n|-boost|p2a: Ani|def|1\n|-boost|p2a: Ani|spd|1\n|\n|-weather|RainDance|[upkeep]\n|-heal|p2b: Azucar|56\/100|[from] item: Leftovers\n|upkeep\n|turn|8\n|\n|t:|1699291510\n|move|p1a: Weather War|Chilling Water|p2b: Azucar\n|-supereffective|p2b: Azucar\n|-damage|p2b: Azucar|30\/100\n|-unboost|p2b: Azucar|atk|1\n|move|p1b: Harmacy|Weather Ball|p2b: Azucar\n|-supereffective|p2b: Azucar\n|-crit|p2b: Azucar\n|-damage|p2b: Azucar|0 fnt\n|faint|p2b: Azucar\n|move|p2a: Ani|Cosmic Power|p2a: Ani\n|-boost|p2a: Ani|def|1\n|-boost|p2a: Ani|spd|1\n|\n|-weather|RainDance|[upkeep]\n|upkeep\n|\n|t:|1699291518\n|switch|p2b: :|Charjabug, M|100\/100\n|turn|9\n|\n|t:|1699291524\n|switch|p1a: ThcrThnSnkr|Tyranitar, F|100\/100\n|-weather|Sandstorm|[from] ability: Sand Stream|[of] p1a: ThcrThnSnkr\n|move|p1b: Harmacy|Copycat|p1b: Harmacy\n|move|p1b: Harmacy|Cosmic Power|p1b: Harmacy|[from]move: Copycat\n|-boost|p1b: Harmacy|def|1\n|-boost|p1b: Harmacy|spd|1\n|move|p2b: :|Thunder Wave|p1b: Harmacy\n|-status|p1b: Harmacy|par\n|move|p2a: Ani|Cosmic Power|p2a: Ani\n|-boost|p2a: Ani|def|1\n|-boost|p2a: Ani|spd|1\n|\n|-weather|Sandstorm|[upkeep]\n|-damage|p2b: :|94\/100|[from] Sandstorm\n|-damage|p1b: Harmacy|94\/100 par|[from] Sandstorm\n|-damage|p2a: Ani|59\/100|[from] Sandstorm\n|-heal|p1b: Harmacy|100\/100 par|[from] item: Leftovers\n|upkeep\n|turn|10\n|\n|t:|1699291542\n|move|p1a: ThcrThnSnkr|Rock Slide|p2a: Ani|[spread] p2a\n|-miss|p1a: ThcrThnSnkr|p2b: :\n|-damage|p2a: Ani|52\/100\n|move|p2b: :|Volt Switch|p1b: Harmacy\n|-supereffective|p1b: Harmacy\n|-damage|p1b: Harmacy|91\/100 par\n|\n|t:|1699291563\n|switch|p2b: miniom camello|Numel, M|100\/100|[from] Volt Switch\n|move|p1b: Harmacy|Weather Ball|p2b: miniom camello\n|-damage|p2b: miniom camello|71\/100\n|move|p2a: Ani|Stored Power|p1b: Harmacy\n|-damage|p1b: Harmacy|79\/100 par\n|\n|-weather|Sandstorm|[upkeep]\n|-damage|p1b: Harmacy|73\/100 par|[from] Sandstorm\n|-damage|p2a: Ani|46\/100|[from] Sandstorm\n|-heal|p1b: Harmacy|79\/100 par|[from] item: Leftovers\n|upkeep\n|turn|11\n|\n|t:|1699291574\n|switch|p1a: Weather War|Pelipper, F|100\/100\n|-weather|RainDance|[from] ability: Drizzle|[of] p1a: Weather War\n|move|p2b: miniom camello|Protect|p2b: miniom camello\n|-singleturn|p2b: miniom camello|Protect\n|move|p1b: Harmacy|Weather Ball|p2b: miniom camello\n|-activate|p2b: miniom camello|move: Protect\n|move|p2a: Ani|Moonlight|p2a: Ani\n|-heal|p2a: Ani|71\/100\n|\n|-weather|RainDance|[upkeep]\n|-activate|p1b: Harmacy|ability: Hydration\n|-curestatus|p1b: Harmacy|par|[msg]\n|-heal|p1b: Harmacy|85\/100|[from] item: Leftovers\n|upkeep\n|turn|12\n|\n|t:|1699291585\n|move|p1a: Weather War|Soak|p2a: Ani\n|-start|p2a: Ani|typechange|Water\n|move|p1b: Harmacy|Weather Ball|p2b: miniom camello\n|-supereffective|p2b: miniom camello\n|-damage|p2b: miniom camello|0 fnt\n|faint|p2b: miniom camello\n|move|p2a: Ani|Stored Power|p1b: Harmacy\n|-damage|p1b: Harmacy|73\/100\n|\n|-weather|RainDance|[upkeep]\n|-heal|p1b: Harmacy|79\/100|[from] item: Leftovers\n|upkeep\n|\n|t:|1699291591\n|switch|p2b: :|Charjabug, M|94\/100\n|turn|13\n|\n|t:|1699291599\n|switch|p1a: ThcrThnSnkr|Tyranitar, F|100\/100\n|-weather|Sandstorm|[from] ability: Sand Stream|[of] p1a: ThcrThnSnkr\n|move|p1b: Harmacy|Weather Ball|p2b: :\n|-supereffective|p2b: :\n|-damage|p2b: :|66\/100\n|move|p2b: :|Light Screen|p2b: :\n|-sidestart|p2: GatosLover|move: Light Screen\n|move|p2a: Ani|Stored Power|p1a: ThcrThnSnkr\n|-immune|p1a: ThcrThnSnkr\n|\n|-weather|Sandstorm|[upkeep]\n|-damage|p1b: Harmacy|73\/100|[from] Sandstorm\n|-damage|p2b: :|59\/100|[from] Sandstorm\n|-damage|p2a: Ani|65\/100|[from] Sandstorm\n|-heal|p1b: Harmacy|79\/100|[from] item: Leftovers\n|upkeep\n|turn|14\n|\n|t:|1699291616\n|move|p1a: ThcrThnSnkr|Knock Off|p2b: :\n|-damage|p2b: :|34\/100\n|-enditem|p2b: :|Eviolite|[from] move: Knock Off|[of] p1a: ThcrThnSnkr\n|move|p1b: Harmacy|Icy Wind|p2a: Ani|[spread] p2a\n|-miss|p1b: Harmacy|p2b: :\n|-resisted|p2a: Ani\n|-damage|p2a: Ani|63\/100\n|-unboost|p2a: Ani|spe|1\n|move|p2b: :|Volt Switch|p1b: Harmacy\n|-supereffective|p1b: Harmacy\n|-damage|p1b: Harmacy|70\/100\n|move|p2a: Ani|Moonlight|p2a: Ani\n|-heal|p2a: Ani|88\/100\n|\n|-weather|Sandstorm|[upkeep]\n|-damage|p1b: Harmacy|64\/100|[from] Sandstorm\n|-damage|p2b: :|28\/100|[from] Sandstorm\n|-damage|p2a: Ani|82\/100|[from] Sandstorm\n|-heal|p1b: Harmacy|70\/100|[from] item: Leftovers\n|upkeep\n|turn|15\n|\n|t:|1699291647\n|move|p1a: ThcrThnSnkr|Rock Slide|p2b: :|[spread] p2a,p2b\n|-supereffective|p2b: :\n|-crit|p2b: :\n|-damage|p2a: Ani|75\/100\n|-damage|p2b: :|0 fnt\n|faint|p2b: :\n|move|p1b: Harmacy|Weather Ball|p2a: Ani\n|-damage|p2a: Ani|70\/100\n|move|p2a: Ani|Stored Power|p1b: Harmacy\n|-damage|p1b: Harmacy|58\/100\n|\n|-weather|Sandstorm|[upkeep]\n|-damage|p1b: Harmacy|52\/100|[from] Sandstorm\n|-damage|p2a: Ani|64\/100|[from] Sandstorm\n|-heal|p1b: Harmacy|58\/100|[from] item: Leftovers\n|upkeep\n|turn|16\n|\n|t:|1699291660\n|move|p1a: ThcrThnSnkr|Thunderbolt|p2a: Ani\n|-supereffective|p2a: Ani\n|-damage|p2a: Ani|55\/100\n|move|p1b: Harmacy|Wish|p1b: Harmacy\n|move|p2a: Ani|Stored Power|p1b: Harmacy\n|-damage|p1b: Harmacy|45\/100\n|\n|-weather|Sandstorm|[upkeep]\n|-damage|p1b: Harmacy|39\/100|[from] Sandstorm\n|-damage|p2a: Ani|49\/100|[from] Sandstorm\n|-heal|p1b: Harmacy|45\/100|[from] item: Leftovers\n|upkeep\n|turn|17\n|c|\u2606mikeyuwu|I dont think its happenin chief\n|\n|t:|1699291685\n|move|p1a: ThcrThnSnkr|Thunderbolt|p2a: Ani\n|-supereffective|p2a: Ani\n|-damage|p2a: Ani|39\/100\n|move|p1b: Harmacy|Copycat|p1b: Harmacy\n|move|p1b: Harmacy|Thunderbolt|p2a: Ani|[from]move: Copycat\n|-supereffective|p2a: Ani\n|-damage|p2a: Ani|31\/100\n|move|p2a: Ani|Moonlight|p2a: Ani\n|-heal|p2a: Ani|56\/100\n|\n|-weather|none\n|-heal|p1b: Harmacy|95\/100|[from] move: Wish|[wisher] Harmacy\n|-heal|p1b: Harmacy|100\/100|[from] item: Leftovers\n|-sideend|p2: GatosLover|move: Light Screen\n|upkeep\n|turn|18\n|c|\u2606mikeyuwu|Cool strat tho\n|inactive|Battle timer is ON: inactive players will automatically lose when time's up. (requested by mikeyuwu)\n|\n|t:|1699291762\n|move|p1a: ThcrThnSnkr|Thunderbolt|p2a: Ani\n|-supereffective|p2a: Ani\n|-damage|p2a: Ani|41\/100\n|move|p1b: Harmacy|Copycat|p1b: Harmacy\n|move|p1b: Harmacy|Thunderbolt|p2a: Ani|[from]move: Copycat\n|-supereffective|p2a: Ani\n|-damage|p2a: Ani|27\/100\n|move|p2a: Ani|Cosmic Power|p2a: Ani\n|-boost|p2a: Ani|def|0\n|-boost|p2a: Ani|spd|0\n|\n|upkeep\n|turn|19\n|\n|t:|1699291772\n|switch|p1a: Weather War|Pelipper, F|100\/100\n|-weather|RainDance|[from] ability: Drizzle|[of] p1a: Weather War\n|move|p1b: Harmacy|Copycat|p1b: Harmacy\n|move|p1b: Harmacy|Cosmic Power|p1b: Harmacy|[from]move: Copycat\n|-boost|p1b: Harmacy|def|1\n|-boost|p1b: Harmacy|spd|1\n|move|p2a: Ani|Moonlight|p2a: Ani\n|-heal|p2a: Ani|52\/100\n|\n|-weather|RainDance|[upkeep]\n|upkeep\n|turn|20\n|\n|t:|1699291785\n|switch|p1a: ThcrThnSnkr|Tyranitar, F|100\/100\n|-weather|Sandstorm|[from] ability: Sand Stream|[of] p1a: ThcrThnSnkr\n|move|p1b: Harmacy|Icy Wind|p2a: Ani\n|-resisted|p2a: Ani\n|-damage|p2a: Ani|50\/100\n|-unboost|p2a: Ani|spe|1\n|move|p2a: Ani|Moonlight|p2a: Ani\n|-heal|p2a: Ani|75\/100\n|\n|-weather|Sandstorm|[upkeep]\n|-damage|p1b: Harmacy|94\/100|[from] Sandstorm\n|-damage|p2a: Ani|69\/100|[from] Sandstorm\n|-heal|p1b: Harmacy|100\/100|[from] item: Leftovers\n|upkeep\n|turn|21\n|\n|t:|1699291796\n|move|p1a: ThcrThnSnkr|Thunderbolt|p2a: Ani\n|-supereffective|p2a: Ani\n|-damage|p2a: Ani|56\/100\n|-status|p2a: Ani|par\n|move|p1b: Harmacy|Copycat|p1b: Harmacy\n|move|p1b: Harmacy|Thunderbolt|p2a: Ani|[from]move: Copycat\n|-supereffective|p2a: Ani\n|-damage|p2a: Ani|42\/100 par\n|move|p2a: Ani|Stored Power|p1b: Harmacy\n|-damage|p1b: Harmacy|91\/100\n|\n|-weather|Sandstorm|[upkeep]\n|-damage|p1b: Harmacy|85\/100|[from] Sandstorm\n|-damage|p2a: Ani|36\/100 par|[from] Sandstorm\n|-heal|p1b: Harmacy|91\/100|[from] item: Leftovers\n|upkeep\n|turn|22\n|\n|t:|1699291817\n|move|p1a: ThcrThnSnkr|Thunderbolt|p2a: Ani\n|-supereffective|p2a: Ani\n|-damage|p2a: Ani|22\/100 par\n|move|p1b: Harmacy|Copycat|p1b: Harmacy\n|move|p1b: Harmacy|Thunderbolt|p2a: Ani|[from]move: Copycat\n|-supereffective|p2a: Ani\n|-damage|p2a: Ani|8\/100 par\n|move|p2a: Ani|Moonlight|p2a: Ani\n|-heal|p2a: Ani|33\/100 par\n|\n|-weather|Sandstorm|[upkeep]\n|-damage|p1b: Harmacy|85\/100|[from] Sandstorm\n|-damage|p2a: Ani|27\/100 par|[from] Sandstorm\n|-heal|p1b: Harmacy|91\/100|[from] item: Leftovers\n|upkeep\n|turn|23\n|inactive|GatosLover has 120 seconds left.\n|\n|t:|1699291847\n|move|p1a: ThcrThnSnkr|Thunderbolt|p2a: Ani\n|-supereffective|p2a: Ani\n|-damage|p2a: Ani|13\/100 par\n|move|p1b: Harmacy|Copycat|p1b: Harmacy\n|move|p1b: Harmacy|Thunderbolt|p2a: Ani|[from]move: Copycat\n|-supereffective|p2a: Ani\n|-damage|p2a: Ani|0 fnt\n|faint|p2a: Ani\n|\n|win|mikeyuwu\n|raw|mikeyuwu's rating: 1232 &rarr; <strong>1261<\/strong><br \/>(+29 for winning)\n|raw|GatosLover's rating: 1293 &rarr; <strong>1264<\/strong><br \/>(-29 for losing)\n|c|\u2606GatosLover|gg\n|l|\u2606GatosLover\n|c|\u2606mikeyuwu|Gg\n","uploadtime":1699291872,"views":10,"p1id":"mikeyuwu","p2id":"gatoslover","formatid":"gen9doublesou","rating":1261,"private":0,"password":""}