{"id":"gen9doublesou-1983720222","p1":"adfdakjsdfljasdf","p2":"TyranitarTurmoil","format":"[Gen 9] Doubles OU","log":"|j|\u2606adfdakjsdfljasdf\n|j|\u2606TyranitarTurmoil\n|t:|1699166970\n|gametype|doubles\n|player|p1|adfdakjsdfljasdf|102|1183\n|player|p2|TyranitarTurmoil|wally|1083\n|teamsize|p1|6\n|teamsize|p2|6\n|gen|9\n|tier|[Gen 9] Doubles OU\n|rated|\n|rule|Species Clause: Limit one of each Pok\u00e9mon\n|rule|OHKO Clause: OHKO moves are banned\n|rule|Evasion Moves Clause: Evasion moves are banned\n|rule|Gravity Sleep Clause: The combination of sleep-inducing moves with imperfect accuracy and Gravity or Gigantamax Orbeetle are banned\n|rule|Endless Battle Clause: Forcing endless battles is banned\n|rule|HP Percentage Mod: HP is shown in percentages\n|clearpoke\n|poke|p1|Chi-Yu|\n|poke|p1|Torkoal, M|\n|poke|p1|Iron Bundle|\n|poke|p1|Mew|\n|poke|p1|Dragonite, F|\n|poke|p1|Brute Bonnet|\n|poke|p2|Kommo-o, F|\n|poke|p2|Clefairy, M|\n|poke|p2|Sinistcha-Masterpiece|\n|poke|p2|Snorlax, F|\n|poke|p2|Landorus-Therian, M|\n|poke|p2|Iron Hands|\n|teampreview\n|c|\u2606TyranitarTurmoil|......\n|inactive|Battle timer is ON: inactive players will automatically lose when time's up. (requested by adfdakjsdfljasdf)\n|\n|t:|1699166991\n|start\n|switch|p1a: \u041c\u0435w|Mew|100\/100\n|switch|p1b: \u0412rute \u0412\u043enn\u0435t|Brute Bonnet|100\/100\n|switch|p2a: lemon :|Kommo-o, F, shiny|100\/100\n|switch|p2b: filler arc|Landorus-Therian, M, shiny|100\/100\n|-ability|p2b: filler arc|Intimidate|boost\n|-unboost|p1a: \u041c\u0435w|atk|1\n|-unboost|p1b: \u0412rute \u0412\u043enn\u0435t|atk|1\n|turn|1\n|\n|t:|1699167011\n|-terastallize|p1b: \u0412rute \u0412\u043enn\u0435t|Poison\n|move|p2b: filler arc|U-turn|p1a: \u041c\u0435w\n|-supereffective|p1a: \u041c\u0435w\n|-damage|p1a: \u041c\u0435w|52\/100\n|\n|t:|1699167023\n|switch|p2b: rowley from doawk|Iron Hands, shiny|100\/100|[from] U-turn\n|move|p1a: \u041c\u0435w|Imprison|p1a: \u041c\u0435w\n|-start|p1a: \u041c\u0435w|move: Imprison\n|move|p2a: lemon :|Aura Sphere|p1b: \u0412rute \u0412\u043enn\u0435t\n|-resisted|p1b: \u0412rute \u0412\u043enn\u0435t\n|-damage|p1b: \u0412rute \u0412\u043enn\u0435t|86\/100\n|move|p1b: \u0412rute \u0412\u043enn\u0435t|Spore|p2a: lemon :\n|-status|p2a: lemon :|slp|[from] move: Spore\n|\n|-heal|p1a: \u041c\u0435w|58\/100|[from] item: Leftovers\n|upkeep\n|turn|2\n|\n|t:|1699167046\n|-end|p1b: \u0412rute \u0412\u043enn\u0435t|Protosynthesis|[silent]\n|switch|p1b: Ir\u043en \u0412undl\u0435|Iron Bundle|100\/100\n|-enditem|p1b: Ir\u043en \u0412undl\u0435|Booster Energy\n|-activate|p1b: Ir\u043en \u0412undl\u0435|ability: Quark Drive|[fromitem]\n|-start|p1b: Ir\u043en \u0412undl\u0435|quarkdrivespe\n|move|p2b: rowley from doawk|Fake Out|p1b: Ir\u043en \u0412undl\u0435\n|-damage|p1b: Ir\u043en \u0412undl\u0435|82\/100\n|move|p1a: \u041c\u0435w|Transform|p2b: rowley from doawk\n|-transform|p1a: \u041c\u0435w|p2b: rowley from doawk\n|cant|p2a: lemon :|slp\n|\n|-heal|p1a: \u041c\u0435w|64\/100|[from] item: Leftovers\n|upkeep\n|turn|3\n|\n|t:|1699167071\n|-end|p2b: rowley from doawk|Quark Drive|[silent]\n|switch|p2b: filler arc|Landorus-Therian, M, shiny|100\/100\n|-ability|p2b: filler arc|Intimidate|boost\n|-unboost|p1a: \u041c\u0435w|atk|1\n|-unboost|p1b: Ir\u043en \u0412undl\u0435|atk|1\n|move|p1b: Ir\u043en \u0412undl\u0435|Icy Wind|p2a: lemon :|[spread] p2a,p2b\n|-supereffective|p2a: lemon :\n|-supereffective|p2b: filler arc\n|-damage|p2a: lemon :|50\/100 slp\n|-damage|p2b: filler arc|2\/100\n|-unboost|p2a: lemon :|spe|1\n|-unboost|p2b: filler arc|spe|1\n|move|p1a: \u041c\u0435w|Drain Punch|p2a: lemon :\n|-damage|p2a: lemon :|26\/100 slp\n|-heal|p1a: \u041c\u0435w|73\/100|[from] drain|[of] p2a: lemon :\n|-curestatus|p2a: lemon :|slp|[msg]\n|move|p2a: lemon :|Clangorous Soul||[still]\n|-fail|p2a: lemon :\n|\n|-heal|p1a: \u041c\u0435w|79\/100|[from] item: Leftovers\n|upkeep\n|turn|4\n|inactive|adfdakjsdfljasdf has 120 seconds left.\n|\n|t:|1699167110\n|move|p1b: Ir\u043en \u0412undl\u0435|Substitute|p1b: Ir\u043en \u0412undl\u0435\n|-start|p1b: Ir\u043en \u0412undl\u0435|Substitute\n|-damage|p1b: Ir\u043en \u0412undl\u0435|57\/100\n|move|p2b: filler arc|Stomping Tantrum|p1a: \u041c\u0435w\n|-supereffective|p1a: \u041c\u0435w\n|-damage|p1a: \u041c\u0435w|13\/100\n|move|p1a: \u041c\u0435w|Heavy Slam|p2b: filler arc\n|-damage|p2b: filler arc|0 fnt\n|faint|p2b: filler arc\n|move|p2a: lemon :|Clangorous Soul||[still]\n|-fail|p2a: lemon :\n|\n|-heal|p1a: \u041c\u0435w|20\/100|[from] item: Leftovers\n|upkeep\n|\n|t:|1699167126\n|switch|p2b: silly billy!!!|Sinistcha-Masterpiece, shiny|100\/100\n|-heal|p2a: lemon :|51\/100|[from] ability: Hospitality|[of] p2b: silly billy!!!\n|turn|5\n|\n|t:|1699167142\n|move|p2b: silly billy!!!|Rage Powder|p2b: silly billy!!!\n|-singleturn|p2b: silly billy!!!|move: Rage Powder\n|move|p1b: Ir\u043en \u0412undl\u0435|Icy Wind|p2b: silly billy!!!|[spread] p2a,p2b\n|-supereffective|p2a: lemon :\n|-supereffective|p2b: silly billy!!!\n|-crit|p2b: silly billy!!!\n|-damage|p2a: lemon :|5\/100\n|-damage|p2b: silly billy!!!|46\/100\n|-unboost|p2a: lemon :|spe|1\n|-unboost|p2b: silly billy!!!|spe|1\n|move|p1a: \u041c\u0435w|Heavy Slam|p2b: silly billy!!!\n|-damage|p2b: silly billy!!!|21\/100\n|move|p2a: lemon :|Aura Sphere|p1a: \u041c\u0435w\n|-damage|p1a: \u041c\u0435w|0 fnt\n|faint|p1a: \u041c\u0435w\n|-end|p1a: \u041c\u0435w|Quark Drive|[silent]\n|\n|upkeep\n|inactive|adfdakjsdfljasdf has 120 seconds left.\n|\n|t:|1699167170\n|switch|p1a: \u0412rute \u0412\u043enn\u0435t|Brute Bonnet, tera:Poison|86\/100\n|turn|6\n|inactive|adfdakjsdfljasdf has 120 seconds left.\n|\n|t:|1699167185\n|switch|p2b: BOOMBAYAH|Clefairy, M, shiny|100\/100\n|switch|p2a: GLUTTONY.|Snorlax, F, shiny|100\/100\n|move|p1b: Ir\u043en \u0412undl\u0435|Freeze-Dry|p2a: GLUTTONY.\n|-damage|p2a: GLUTTONY.|92\/100\n|-status|p2a: GLUTTONY.|frz\n|move|p1a: \u0412rute \u0412\u043enn\u0435t|Substitute|p1a: \u0412rute \u0412\u043enn\u0435t\n|-start|p1a: \u0412rute \u0412\u043enn\u0435t|Substitute\n|-damage|p1a: \u0412rute \u0412\u043enn\u0435t|61\/100\n|\n|upkeep\n|turn|7\n|\n|t:|1699167207\n|move|p2b: BOOMBAYAH|Follow Me|p2b: BOOMBAYAH\n|-singleturn|p2b: BOOMBAYAH|move: Follow Me\n|move|p1b: Ir\u043en \u0412undl\u0435|Freeze-Dry|p2b: BOOMBAYAH\n|-damage|p2b: BOOMBAYAH|70\/100\n|move|p1a: \u0412rute \u0412\u043enn\u0435t|Bullet Seed|p2b: BOOMBAYAH\n|-damage|p2b: BOOMBAYAH|56\/100\n|-damage|p2b: BOOMBAYAH|44\/100\n|-damage|p2b: BOOMBAYAH|30\/100\n|-damage|p2b: BOOMBAYAH|16\/100\n|-hitcount|p2b: BOOMBAYAH|4\n|cant|p2a: GLUTTONY.|frz\n|\n|upkeep\n|turn|8\n|\n|t:|1699167226\n|move|p2b: BOOMBAYAH|Protect|p2b: BOOMBAYAH\n|-singleturn|p2b: BOOMBAYAH|Protect\n|move|p1b: Ir\u043en \u0412undl\u0435|Freeze-Dry|p2b: BOOMBAYAH\n|-activate|p2b: BOOMBAYAH|move: Protect\n|move|p1a: \u0412rute \u0412\u043enn\u0435t|Bullet Seed|p2a: GLUTTONY.\n|-damage|p2a: GLUTTONY.|85\/100 frz\n|-damage|p2a: GLUTTONY.|77\/100 frz\n|-damage|p2a: GLUTTONY.|69\/100 frz\n|-damage|p2a: GLUTTONY.|60\/100 frz\n|-damage|p2a: GLUTTONY.|52\/100 frz\n|-hitcount|p2a: GLUTTONY.|5\n|-curestatus|p2a: GLUTTONY.|frz|[msg]\n|move|p2a: GLUTTONY.|Belly Drum|p2a: GLUTTONY.\n|-damage|p2a: GLUTTONY.|2\/100\n|-setboost|p2a: GLUTTONY.|atk|6|[from] move: Belly Drum\n|-enditem|p2a: GLUTTONY.|Sitrus Berry|[eat]\n|-heal|p2a: GLUTTONY.|26\/100|[from] item: Sitrus Berry\n|\n|upkeep\n|turn|9\n|\n|t:|1699167245\n|switch|p2b: silly billy!!!|Sinistcha-Masterpiece, shiny|21\/100\n|-heal|p2a: GLUTTONY.|51\/100|[from] ability: Hospitality|[of] p2b: silly billy!!!\n|move|p1b: Ir\u043en \u0412undl\u0435|Freeze-Dry|p2b: silly billy!!!\n|-supereffective|p2b: silly billy!!!\n|-damage|p2b: silly billy!!!|0 fnt\n|faint|p2b: silly billy!!!\n|move|p1a: \u0412rute \u0412\u043enn\u0435t|Bullet Seed|p2a: GLUTTONY.\n|-damage|p2a: GLUTTONY.|41\/100\n|-crit|p2a: GLUTTONY.\n|-damage|p2a: GLUTTONY.|25\/100\n|-damage|p2a: GLUTTONY.|13\/100\n|-damage|p2a: GLUTTONY.|2\/100\n|-damage|p2a: GLUTTONY.|0 fnt\n|faint|p2a: GLUTTONY.\n|-hitcount|p2: GLUTTONY.|5\n|\n|upkeep\n|\n|t:|1699167257\n|switch|p2b: lemon :|Kommo-o, F, shiny|5\/100\n|switch|p2a: rowley from doawk|Iron Hands, shiny|100\/100\n|turn|10\n|\n|t:|1699167271\n|move|p1b: Ir\u043en \u0412undl\u0435|Icy Wind|p2b: lemon :|[spread] p2a,p2b\n|-supereffective|p2b: lemon :\n|-damage|p2a: rowley from doawk|90\/100\n|-damage|p2b: lemon :|0 fnt\n|-unboost|p2a: rowley from doawk|spe|1\n|faint|p2b: lemon :\n|move|p1a: \u0412rute \u0412\u043enn\u0435t|Spore|p2a: rowley from doawk\n|-status|p2a: rowley from doawk|slp|[from] move: Spore\n|cant|p2a: rowley from doawk|slp\n|\n|upkeep\n|-message|TyranitarTurmoil forfeited.\n|\n|win|adfdakjsdfljasdf\n|raw|adfdakjsdfljasdf's rating: 1183 &rarr; <strong>1201<\/strong><br \/>(+18 for winning)\n|raw|TyranitarTurmoil's rating: 1083 &rarr; <strong>1067<\/strong><br \/>(-16 for losing)\n|l|\u2606TyranitarTurmoil\n","uploadtime":1699167342,"views":8,"p1id":"adfdakjsdfljasdf","p2id":"tyranitarturmoil","formatid":"gen9doublesou","rating":1067,"private":0,"password":""}