{"id":"gen9doublesou-1973602543","p1":"RedNecroDevil","p2":"taoe","format":"[Gen 9] Doubles OU","log":"|j|\u2606RedNecroDevil\n|j|\u2606taoe\n|t:|1697995118\n|gametype|doubles\n|player|p1|RedNecroDevil|266|1001\n|player|p2|taoe|guitarist|1118\n|teamsize|p1|6\n|teamsize|p2|6\n|gen|9\n|tier|[Gen 9] Doubles OU\n|rated|\n|rule|Species Clause: Limit one of each Pok\u00e9mon\n|rule|OHKO Clause: OHKO moves are banned\n|rule|Evasion Moves Clause: Evasion moves are banned\n|rule|Gravity Sleep Clause: The combination of sleep-inducing moves with imperfect accuracy and Gravity or Gigantamax Orbeetle are banned\n|rule|Endless Battle Clause: Forcing endless battles is banned\n|rule|HP Percentage Mod: HP is shown in percentages\n|clearpoke\n|poke|p1|Arbok, M|\n|poke|p1|Sableye, M|\n|poke|p1|Diancie|\n|poke|p1|Clefable, M|\n|poke|p1|Tyranitar, F|\n|poke|p1|Overqwil, F|\n|poke|p2|Politoed, M|\n|poke|p2|Poliwrath, M|\n|poke|p2|Ludicolo, M|\n|poke|p2|Meowscarada, M|\n|poke|p2|Maushold-Four|\n|poke|p2|Ariados, M|\n|teampreview\n|inactive|Battle timer is ON: inactive players will automatically lose when time's up. (requested by RedNecroDevil)\n|inactive|taoe has 120 seconds left.\n|inactive|taoe has 90 seconds left.\n|\n|t:|1697995188\n|start\n|switch|p1a: Tyranitar|Tyranitar, F|100\/100\n|switch|p1b: Sableye|Sableye, M|100\/100\n|switch|p2a: Meowscarada|Meowscarada, M, shiny|100\/100\n|switch|p2b: Maushold|Maushold-Four, shiny|100\/100\n|-weather|Sandstorm|[from] ability: Sand Stream|[of] p1a: Tyranitar\n|turn|1\n|\n|t:|1697995196\n|move|p2b: Maushold|Follow Me|p2b: Maushold\n|-singleturn|p2b: Maushold|move: Follow Me\n|move|p1b: Sableye|Trick|p2b: Maushold\n|-activate|p1b: Sableye|move: Trick|[of] p2b: Maushold\n|-item|p2b: Maushold|Choice Scarf|[from] move: Trick\n|-item|p1b: Sableye|Leftovers|[from] move: Trick\n|move|p2a: Meowscarada|Flower Trick|p1a: Tyranitar\n|-supereffective|p1a: Tyranitar\n|-crit|p1a: Tyranitar\n|-damage|p1a: Tyranitar|0 fnt\n|faint|p1a: Tyranitar\n|\n|-weather|Sandstorm|[upkeep]\n|-damage|p2b: Maushold|94\/100|[from] Sandstorm\n|-damage|p2a: Meowscarada|94\/100|[from] Sandstorm\n|-damage|p1b: Sableye|94\/100|[from] Sandstorm\n|-heal|p1b: Sableye|100\/100|[from] item: Leftovers\n|upkeep\n|\n|t:|1697995203\n|switch|p1a: Overqwil|Overqwil, F|100\/100\n|-ability|p1a: Overqwil|Intimidate|boost\n|-unboost|p2a: Meowscarada|atk|1\n|-unboost|p2b: Maushold|atk|1\n|turn|2\n|\n|t:|1697995225\n|switch|p2a: Politoed|Politoed, M, shiny|100\/100\n|-weather|RainDance|[from] ability: Drizzle|[of] p2a: Politoed\n|switch|p1a: Arbok|Arbok, M|100\/100\n|-ability|p1a: Arbok|Intimidate|boost\n|-unboost|p2a: Politoed|atk|1\n|-unboost|p2b: Maushold|atk|1\n|move|p1b: Sableye|Taunt|p2b: Maushold\n|-start|p2b: Maushold|move: Taunt\n|cant|p2b: Maushold|move: Taunt|Encore\n|\n|-weather|RainDance|[upkeep]\n|upkeep\n|turn|3\n|\n|t:|1697995245\n|switch|p1a: Diancie|Diancie|100\/100\n|move|p1b: Sableye|Thunder Wave|p2a: Politoed\n|-status|p2a: Politoed|par\n|move|p2b: Maushold|Super Fang|p1a: Diancie\n|-damage|p1a: Diancie|51\/100\n|move|p2a: Politoed|Perish Song|p2a: Politoed\n|-start|p1a: Diancie|perish3|[silent]\n|-start|p1b: Sableye|perish3|[silent]\n|-start|p2a: Politoed|perish3|[silent]\n|-start|p2b: Maushold|perish3|[silent]\n|-fieldactivate|move: Perish Song\n|\n|-weather|RainDance|[upkeep]\n|-heal|p1a: Diancie|57\/100|[from] item: Leftovers\n|-start|p2b: Maushold|perish3\n|-start|p1a: Diancie|perish3\n|-start|p1b: Sableye|perish3\n|-start|p2a: Politoed|perish3\n|upkeep\n|turn|4\n|\n|t:|1697995268\n|move|p1b: Sableye|Thunder Wave|p2b: Maushold\n|-status|p2b: Maushold|par\n|cant|p2b: Maushold|par\n|move|p1a: Diancie|Sandstorm|p1a: Diancie\n|-weather|Sandstorm\n|cant|p2a: Politoed|par\n|\n|-weather|Sandstorm|[upkeep]\n|-damage|p2b: Maushold|88\/100 par|[from] Sandstorm\n|-damage|p1b: Sableye|94\/100|[from] Sandstorm\n|-damage|p2a: Politoed|94\/100 par|[from] Sandstorm\n|-heal|p1b: Sableye|100\/100|[from] item: Leftovers\n|-heal|p1a: Diancie|63\/100|[from] item: Leftovers\n|-end|p2b: Maushold|move: Taunt\n|-start|p2b: Maushold|perish2\n|-start|p1b: Sableye|perish2\n|-start|p1a: Diancie|perish2\n|-start|p2a: Politoed|perish2\n|upkeep\n|turn|5\n|\n|t:|1697995280\n|switch|p1b: Arbok|Arbok, M|100\/100\n|-ability|p1b: Arbok|Intimidate|boost\n|-unboost|p2a: Politoed|atk|1\n|-unboost|p2b: Maushold|atk|1\n|switch|p2a: Ariados|Ariados, M, shiny|100\/100\n|move|p2b: Maushold|Super Fang|p1a: Diancie\n|-damage|p1a: Diancie|32\/100\n|move|p1a: Diancie|Diamond Storm|p2b: Maushold|[spread] p2a,p2b\n|-supereffective|p2a: Ariados\n|-crit|p2b: Maushold\n|-damage|p2a: Ariados|45\/100\n|-damage|p2b: Maushold|34\/100 par\n|-boost|p1a: Diancie|def|2\n|\n|-weather|Sandstorm|[upkeep]\n|-damage|p1b: Arbok|94\/100|[from] Sandstorm\n|-damage|p2b: Maushold|28\/100 par|[from] Sandstorm\n|-damage|p2a: Ariados|39\/100|[from] Sandstorm\n|-heal|p1b: Arbok|100\/100|[from] item: Leftovers\n|-heal|p1a: Diancie|38\/100|[from] item: Leftovers\n|-start|p2b: Maushold|perish1\n|-start|p1a: Diancie|perish1\n|upkeep\n|turn|6\n|inactive|taoe has 120 seconds left.\n|\n|t:|1697995318\n|switch|p2b: Politoed|Politoed, M, shiny|94\/100 par\n|-weather|RainDance|[from] ability: Drizzle|[of] p2b: Politoed\n|switch|p1a: Overqwil|Overqwil, F|100\/100\n|-ability|p1a: Overqwil|Intimidate|boost\n|-unboost|p2a: Ariados|atk|1\n|-unboost|p2b: Politoed|atk|1\n|move|p2a: Ariados|Rage Powder|p2a: Ariados\n|-singleturn|p2a: Ariados|move: Rage Powder\n|move|p1b: Arbok|Coil|p1b: Arbok\n|-boost|p1b: Arbok|atk|1\n|-boost|p1b: Arbok|def|1\n|-boost|p1b: Arbok|accuracy|1\n|\n|-weather|RainDance|[upkeep]\n|upkeep\n|turn|7\n|\n|t:|1697995336\n|move|p1b: Arbok|Trailblaze|p2b: Politoed\n|-supereffective|p2b: Politoed\n|-damage|p2b: Politoed|50\/100 par\n|-boost|p1b: Arbok|spe|1\n|move|p1a: Overqwil|Acupressure|p1a: Overqwil\n|-boost|p1a: Overqwil|spa|2\n|move|p2a: Ariados|Sticky Web|p1b: Arbok\n|-sidestart|p1: RedNecroDevil|move: Sticky Web\n|move|p2b: Politoed|Perish Song|p2b: Politoed\n|-start|p1a: Overqwil|perish3|[silent]\n|-start|p1b: Arbok|perish3|[silent]\n|-start|p2a: Ariados|perish3|[silent]\n|-start|p2b: Politoed|perish3|[silent]\n|-fieldactivate|move: Perish Song\n|\n|-weather|RainDance|[upkeep]\n|-start|p1b: Arbok|perish3\n|-start|p1a: Overqwil|perish3\n|-start|p2a: Ariados|perish3\n|-start|p2b: Politoed|perish3\n|upkeep\n|turn|8\n|\n|t:|1697995350\n|switch|p1a: Diancie|Diancie|38\/100\n|-activate|p1a: Diancie|move: Sticky Web\n|-fail|p1a: Diancie|unboost|[from] ability: Clear Body|[of] p1a: Diancie\n|move|p2a: Ariados|Rage Powder|p2a: Ariados\n|-singleturn|p2a: Ariados|move: Rage Powder\n|move|p1b: Arbok|Rock Slide|p2a: Ariados|[spread] p2a,p2b\n|-supereffective|p2a: Ariados\n|-damage|p2a: Ariados|0 fnt\n|-damage|p2b: Politoed|23\/100 par\n|faint|p2a: Ariados\n|move|p2b: Politoed|Haze|p2b: Politoed\n|-clearallboost\n|\n|-weather|RainDance|[upkeep]\n|-heal|p1a: Diancie|44\/100|[from] item: Leftovers\n|-start|p1b: Arbok|perish2\n|-start|p2b: Politoed|perish2\n|upkeep\n|\n|t:|1697995367\n|switch|p2a: Meowscarada|Meowscarada, M, shiny|94\/100\n|turn|9\n|\n|t:|1697995382\n|switch|p2a: Poliwrath|Poliwrath, M, shiny|100\/100\n|switch|p1b: Overqwil|Overqwil, F|100\/100\n|-activate|p1b: Overqwil|move: Sticky Web\n|-unboost|p1b: Overqwil|spe|1\n|-ability|p1b: Overqwil|Intimidate|boost\n|-unboost|p2a: Poliwrath|atk|1\n|-unboost|p2b: Politoed|atk|1\n|move|p1a: Diancie|Sandstorm|p1a: Diancie\n|-weather|Sandstorm\n|move|p2b: Politoed|Chilling Water|p1a: Diancie\n|-supereffective|p1a: Diancie\n|-damage|p1a: Diancie|26\/100\n|\n|-weather|Sandstorm|[upkeep]\n|-damage|p2a: Poliwrath|94\/100|[from] Sandstorm\n|-damage|p1b: Overqwil|94\/100|[from] Sandstorm\n|-damage|p2b: Politoed|17\/100 par|[from] Sandstorm\n|-heal|p1b: Overqwil|100\/100|[from] item: Leftovers\n|-heal|p1a: Diancie|32\/100|[from] item: Leftovers\n|-start|p2b: Politoed|perish1\n|upkeep\n|turn|10\n|\n|t:|1697995392\n|switch|p2a: Maushold|Maushold-Four, shiny|28\/100 par\n|switch|p1b: Arbok|Arbok, M|100\/100\n|-activate|p1b: Arbok|move: Sticky Web\n|-unboost|p1b: Arbok|spe|1\n|-ability|p1b: Arbok|Intimidate|boost\n|-unboost|p2a: Maushold|atk|1\n|-unboost|p2b: Politoed|atk|1\n|switch|p2b: Ludicolo|Ludicolo, M, shiny|100\/100\n|move|p1a: Diancie|Diamond Storm|p2b: Ludicolo|[spread] p2a,p2b\n|-crit|p2a: Maushold\n|-damage|p2a: Maushold|0 fnt\n|-damage|p2b: Ludicolo|73\/100\n|-boost|p1a: Diancie|def|2\n|faint|p2a: Maushold\n|\n|-weather|Sandstorm|[upkeep]\n|-damage|p2b: Ludicolo|67\/100|[from] Sandstorm\n|-damage|p1b: Arbok|94\/100|[from] Sandstorm\n|-heal|p1b: Arbok|100\/100|[from] item: Leftovers\n|-heal|p1a: Diancie|39\/100|[from] item: Leftovers\n|upkeep\n|\n|t:|1697995395\n|switch|p2a: Politoed|Politoed, M, shiny|17\/100 par\n|-weather|RainDance|[from] ability: Drizzle|[of] p2a: Politoed\n|turn|11\n|\n|t:|1697995408\n|switch|p1b: Overqwil|Overqwil, F|100\/100\n|-activate|p1b: Overqwil|move: Sticky Web\n|-unboost|p1b: Overqwil|spe|1\n|-ability|p1b: Overqwil|Intimidate|boost\n|-unboost|p2a: Politoed|atk|1\n|-unboost|p2b: Ludicolo|atk|1\n|switch|p1a: Sableye|Sableye, M|100\/100\n|-activate|p1a: Sableye|move: Sticky Web\n|-unboost|p1a: Sableye|spe|1\n|move|p2a: Politoed|Helping Hand|p2b: Ludicolo\n|-singleturn|p2b: Ludicolo|Helping Hand|[of] p2a: Politoed\n|move|p2b: Ludicolo|Giga Drain|p1a: Sableye\n|-damage|p1a: Sableye|12\/100\n|-heal|p2b: Ludicolo|100\/100|[from] drain|[of] p1a: Sableye\n|-damage|p2b: Ludicolo|91\/100|[from] item: Life Orb\n|\n|-weather|RainDance|[upkeep]\n|-heal|p1a: Sableye|18\/100|[from] item: Leftovers\n|upkeep\n|turn|12\n|\n|t:|1697995425\n|move|p1a: Sableye|Thunder Wave|p2b: Ludicolo\n|-status|p2b: Ludicolo|par\n|cant|p2b: Ludicolo|par\n|move|p1b: Overqwil|Acupressure|p1b: Overqwil\n|-boost|p1b: Overqwil|def|2\n|move|p2a: Politoed|Chilling Water|p1a: Sableye\n|-damage|p1a: Sableye|0 fnt\n|faint|p1a: Sableye\n|\n|-weather|RainDance|[upkeep]\n|upkeep\n|\n|t:|1697995433\n|switch|p1a: Diancie|Diancie|39\/100\n|-activate|p1a: Diancie|move: Sticky Web\n|-fail|p1a: Diancie|unboost|[from] ability: Clear Body|[of] p1a: Diancie\n|turn|13\n|\n|t:|1697995442\n|move|p2b: Ludicolo|Giga Drain|p1a: Diancie\n|-supereffective|p1a: Diancie\n|-damage|p1a: Diancie|0 fnt\n|-heal|p2b: Ludicolo|100\/100 par|[from] drain|[of] p1a: Diancie\n|faint|p1a: Diancie\n|-damage|p2b: Ludicolo|91\/100 par|[from] item: Life Orb\n|move|p1b: Overqwil|Pin Missile|p2b: Ludicolo\n|-supereffective|p2b: Ludicolo\n|-damage|p2b: Ludicolo|64\/100 par\n|-supereffective|p2b: Ludicolo\n|-damage|p2b: Ludicolo|39\/100 par\n|-supereffective|p2b: Ludicolo\n|-damage|p2b: Ludicolo|14\/100 par\n|-supereffective|p2b: Ludicolo\n|-damage|p2b: Ludicolo|0 fnt\n|faint|p2b: Ludicolo\n|-hitcount|p2: Ludicolo|4\n|cant|p2a: Politoed|par\n|\n|-weather|RainDance|[upkeep]\n|upkeep\n|\n|t:|1697995463\n|switch|p2b: Poliwrath|Poliwrath, M, shiny|94\/100\n|switch|p1a: Clefable|Clefable, M|100\/100\n|-activate|p1a: Clefable|move: Sticky Web\n|-unboost|p1a: Clefable|spe|1\n|turn|14\n|\n|t:|1697995473\n|move|p1a: Clefable|Follow Me|p1a: Clefable\n|-singleturn|p1a: Clefable|move: Follow Me\n|move|p2b: Poliwrath|Earthquake|p1b: Overqwil|[spread] p2a,p1a,p1b\n|-supereffective|p1b: Overqwil\n|-damage|p2a: Politoed|0 fnt\n|-damage|p1a: Clefable|69\/100\n|-damage|p1b: Overqwil|61\/100\n|faint|p2a: Politoed\n|move|p1b: Overqwil|Barb Barrage|p2b: Poliwrath\n|-damage|p2b: Poliwrath|64\/100\n|-status|p2b: Poliwrath|psn\n|\n|-weather|RainDance|[upkeep]\n|-heal|p1b: Overqwil|67\/100|[from] item: Leftovers\n|-heal|p1a: Clefable|75\/100|[from] item: Leftovers\n|-damage|p2b: Poliwrath|52\/100 psn|[from] psn\n|upkeep\n|\n|t:|1697995482\n|switch|p2a: Meowscarada|Meowscarada, M, shiny|94\/100\n|turn|15\n|\n|t:|1697995487\n|-terastallize|p2a: Meowscarada|Grass\n|move|p1a: Clefable|Follow Me|p1a: Clefable\n|-singleturn|p1a: Clefable|move: Follow Me\n|move|p2b: Poliwrath|Earthquake|p1b: Overqwil|[spread] p2a,p1a,p1b\n|-resisted|p2a: Meowscarada\n|-supereffective|p1b: Overqwil\n|-damage|p2a: Meowscarada|67\/100\n|-damage|p1a: Clefable|42\/100\n|-damage|p1b: Overqwil|28\/100\n|move|p2a: Meowscarada|Flower Trick|p1a: Clefable\n|-crit|p1a: Clefable\n|-damage|p1a: Clefable|0 fnt\n|faint|p1a: Clefable\n|move|p1b: Overqwil|Acupressure|p1b: Overqwil\n|-boost|p1b: Overqwil|atk|2\n|\n|-weather|RainDance|[upkeep]\n|-heal|p1b: Overqwil|34\/100|[from] item: Leftovers\n|-damage|p2b: Poliwrath|39\/100 psn|[from] psn\n|upkeep\n|\n|t:|1697995496\n|switch|p1a: Arbok|Arbok, M|100\/100\n|-activate|p1a: Arbok|move: Sticky Web\n|-unboost|p1a: Arbok|spe|1\n|-ability|p1a: Arbok|Intimidate|boost\n|-unboost|p2a: Meowscarada|atk|1\n|-unboost|p2b: Poliwrath|atk|1\n|turn|16\n|\n|t:|1697995508\n|move|p2b: Poliwrath|Earthquake|p1a: Arbok|[spread] p2a,p1a,p1b\n|-resisted|p2a: Meowscarada\n|-supereffective|p1a: Arbok\n|-supereffective|p1b: Overqwil\n|-crit|p1b: Overqwil\n|-damage|p2a: Meowscarada|50\/100\n|-damage|p1a: Arbok|22\/100\n|-damage|p1b: Overqwil|0 fnt\n|faint|p1b: Overqwil\n|move|p2a: Meowscarada|Flower Trick|p1a: Arbok\n|-resisted|p1a: Arbok\n|-crit|p1a: Arbok\n|-damage|p1a: Arbok|0 fnt\n|faint|p1a: Arbok\n|\n|win|taoe\n|raw|RedNecroDevil's rating: 1001 &rarr; <strong>1000<\/strong><br \/>(-1 for losing)\n|raw|taoe's rating: 1118 &rarr; <strong>1135<\/strong><br \/>(+17 for winning)\n","uploadtime":1697995514,"views":19,"p1id":"rednecrodevil","p2id":"taoe","formatid":"gen9doublesou","rating":1000,"private":0,"password":""}