{"id":"gen9doublesou-1972495787","p1":"DiverSquid","p2":"Kcheidbrink","format":"[Gen 9] Doubles OU","log":"|j|\u2606DiverSquid\n|j|\u2606Kcheidbrink\n|t:|1697849407\n|gametype|doubles\n|player|p1|DiverSquid|teamrocket|1155\n|player|p2|Kcheidbrink|fisherman|1225\n|teamsize|p1|6\n|teamsize|p2|6\n|gen|9\n|tier|[Gen 9] Doubles OU\n|rated|\n|rule|Species Clause: Limit one of each Pok\u00e9mon\n|rule|OHKO Clause: OHKO moves are banned\n|rule|Evasion Moves Clause: Evasion moves are banned\n|rule|Gravity Sleep Clause: The combination of sleep-inducing moves with imperfect accuracy and Gravity or Gigantamax Orbeetle are banned\n|rule|Endless Battle Clause: Forcing endless battles is banned\n|rule|HP Percentage Mod: HP is shown in percentages\n|clearpoke\n|poke|p1|Sableye, M|\n|poke|p1|Empoleon, M|\n|poke|p1|Glimmora, F|\n|poke|p1|Volcanion|\n|poke|p1|Chien-Pao|\n|poke|p1|Overqwil, M|\n|poke|p2|Ninetales, F|\n|poke|p2|Walking Wake|\n|poke|p2|Leavanny, M|\n|poke|p2|Heatran, F|\n|poke|p2|Shiftry, M|\n|poke|p2|Torkoal, M|\n|teampreview\n|inactive|Battle timer is ON: inactive players will automatically lose when time's up. (requested by Kcheidbrink)\n|\n|t:|1697849429\n|start\n|switch|p1a: Sableye|Sableye, M|100\/100\n|switch|p1b: Overqwil|Overqwil, M|100\/100\n|switch|p2a: Torkoal|Torkoal, M|100\/100\n|switch|p2b: Shiftry|Shiftry, M|100\/100\n|-ability|p1b: Overqwil|Intimidate|boost\n|-unboost|p2a: Torkoal|atk|1\n|-unboost|p2b: Shiftry|atk|1\n|-enditem|p2a: Torkoal|White Herb\n|-clearnegativeboost|p2a: Torkoal|[silent]\n|-weather|SunnyDay|[from] ability: Drought|[of] p2a: Torkoal\n|turn|1\n|\n|t:|1697849455\n|switch|p2b: Walking Wake|Walking Wake|100\/100\n|-activate|p2b: Walking Wake|ability: Protosynthesis\n|-start|p2b: Walking Wake|protosynthesisspa\n|switch|p1b: Glimmora|Glimmora, F|100\/100\n|move|p1a: Sableye|Light Screen|p1a: Sableye\n|-sidestart|p1: DiverSquid|move: Light Screen\n|move|p2a: Torkoal|Stomping Tantrum|p1b: Glimmora\n|-supereffective|p1b: Glimmora\n|-damage|p1b: Glimmora|5\/100\n|-activate|p1b: Glimmora|ability: Toxic Debris\n|-sidestart|p2: Kcheidbrink|move: Toxic Spikes\n|\n|-weather|SunnyDay|[upkeep]\n|-heal|p1b: Glimmora|12\/100|[from] item: Black Sludge\n|upkeep\n|turn|2\n|inactive|Kcheidbrink has 120 seconds left.\n|\n|t:|1697849487\n|move|p1a: Sableye|Reflect|p1a: Sableye\n|-sidestart|p1: DiverSquid|Reflect\n|move|p2b: Walking Wake|Hydro Steam|p1a: Sableye\n|-damage|p1a: Sableye|0 fnt\n|faint|p1a: Sableye\n|-damage|p2b: Walking Wake|91\/100|[from] item: Life Orb\n|move|p1b: Glimmora|Toxic|p2b: Walking Wake\n|-status|p2b: Walking Wake|tox\n|move|p2a: Torkoal|Gyro Ball|p1b: Glimmora\n|-supereffective|p1b: Glimmora\n|-damage|p1b: Glimmora|0 fnt\n|-activate|p1b: Glimmora|ability: Toxic Debris\n|-sidestart|p2: Kcheidbrink|move: Toxic Spikes\n|faint|p1b: Glimmora\n|\n|-weather|SunnyDay|[upkeep]\n|-damage|p2b: Walking Wake|85\/100 tox|[from] psn\n|upkeep\n|inactive|DiverSquid has 120 seconds left.\n|\n|t:|1697849514\n|switch|p1b: Empoleon|Empoleon, M|100\/100\n|switch|p1a: Overqwil|Overqwil, M|100\/100\n|-ability|p1a: Overqwil|Intimidate|boost\n|-unboost|p2a: Torkoal|atk|1\n|-unboost|p2b: Walking Wake|atk|1\n|turn|3\n|\n|t:|1697849530\n|switch|p1a: Volcanion|Volcanion|100\/100\n|move|p2b: Walking Wake|Hydro Steam|p1b: Empoleon\n|-resisted|p1b: Empoleon\n|-damage|p1b: Empoleon|79\/100\n|-damage|p2b: Walking Wake|75\/100 tox|[from] item: Life Orb\n|move|p1b: Empoleon|Surf|p2b: Walking Wake|[spread] p2a,p2b\n|-immune|p1a: Volcanion|[from] ability: Water Absorb\n|-supereffective|p2a: Torkoal\n|-resisted|p2b: Walking Wake\n|-damage|p2a: Torkoal|62\/100\n|-damage|p2b: Walking Wake|70\/100 tox\n|move|p2a: Torkoal|Stomping Tantrum|p1a: Volcanion\n|-supereffective|p1a: Volcanion\n|-damage|p1a: Volcanion|86\/100\n|-damage|p2a: Torkoal|46\/100|[from] item: Rocky Helmet|[of] p1a: Volcanion\n|\n|-weather|SunnyDay|[upkeep]\n|-damage|p2b: Walking Wake|57\/100 tox|[from] psn\n|upkeep\n|turn|4\n|inactive|DiverSquid has 120 seconds left.\n|\n|t:|1697849566\n|move|p2b: Walking Wake|Protect|p2b: Walking Wake\n|-singleturn|p2b: Walking Wake|Protect\n|move|p1b: Empoleon|Surf|p2a: Torkoal|[spread] p2a\n|-activate|p2b: Walking Wake|move: Protect\n|-heal|p1a: Volcanion|100\/100|[from] ability: Water Absorb|[of] p1b: Empoleon\n|-supereffective|p2a: Torkoal\n|-damage|p2a: Torkoal|7\/100\n|move|p2a: Torkoal|Gyro Ball|p1a: Volcanion\n|-resisted|p1a: Volcanion\n|-damage|p1a: Volcanion|98\/100\n|-damage|p2a: Torkoal|0 fnt|[from] item: Rocky Helmet|[of] p1a: Volcanion\n|faint|p2a: Torkoal\n|move|p1a: Volcanion|Roar|p2b: Walking Wake\n|-end|p2b: Walking Wake|Protosynthesis|[silent]\n|drag|p2b: Heatran|Heatran, F|100\/100\n|-item|p2b: Heatran|Air Balloon\n|\n|-weather|SunnyDay|[upkeep]\n|upkeep\n|inactive|Kcheidbrink has 120 seconds left.\n|\n|t:|1697849586\n|switch|p2a: Shiftry|Shiftry, M|100\/100\n|-status|p2a: Shiftry|tox\n|turn|5\n|\n|t:|1697849601\n|move|p2a: Shiftry|Brick Break|p1b: Empoleon\n|-sideend|p1: DiverSquid|Reflect\n|-sideend|p1: DiverSquid|move: Light Screen\n|-supereffective|p1b: Empoleon\n|-damage|p1b: Empoleon|13\/100\n|-damage|p2a: Shiftry|91\/100 tox|[from] item: Life Orb\n|move|p2b: Heatran|Earth Power|p1a: Volcanion\n|-supereffective|p1a: Volcanion\n|-damage|p1a: Volcanion|47\/100\n|move|p1b: Empoleon|Ice Beam|p2a: Shiftry\n|-supereffective|p2a: Shiftry\n|-damage|p2a: Shiftry|0 fnt\n|faint|p2a: Shiftry\n|move|p1a: Volcanion|Roar|p2b: Heatran\n|drag|p2b: Ninetales|Ninetales, F|100\/100\n|-status|p2b: Ninetales|tox\n|\n|-weather|none\n|-damage|p2b: Ninetales|95\/100 tox|[from] psn\n|upkeep\n|inactive|Kcheidbrink has 120 seconds left.\n|\n|t:|1697849627\n|switch|p2a: Walking Wake|Walking Wake|57\/100 tox\n|turn|6\n|\n|t:|1697849643\n|switch|p2b: Heatran|Heatran, F|100\/100\n|-item|p2b: Heatran|Air Balloon\n|move|p2a: Walking Wake|Dragon Pulse|p1b: Empoleon\n|-resisted|p1b: Empoleon\n|-damage|p1b: Empoleon|0 fnt\n|faint|p1b: Empoleon\n|-damage|p2a: Walking Wake|48\/100 tox|[from] item: Life Orb\n|move|p1a: Volcanion|Scald|p2b: Heatran\n|-supereffective|p2b: Heatran\n|-damage|p2b: Heatran|37\/100\n|-enditem|p2b: Heatran|Air Balloon\n|\n|-damage|p2a: Walking Wake|42\/100 tox|[from] psn\n|upkeep\n|\n|t:|1697849661\n|switch|p1b: Overqwil|Overqwil, M|100\/100\n|-ability|p1b: Overqwil|Intimidate|boost\n|-unboost|p2a: Walking Wake|atk|1\n|-unboost|p2b: Heatran|atk|1\n|turn|7\n|\n|t:|1697849684\n|move|p1b: Overqwil|Protect|p1b: Overqwil\n|-singleturn|p1b: Overqwil|Protect\n|move|p2a: Walking Wake|Dragon Pulse|p1a: Volcanion\n|-damage|p1a: Volcanion|6\/100\n|-damage|p2a: Walking Wake|32\/100 tox|[from] item: Life Orb\n|move|p2b: Heatran|Earth Power|p1a: Volcanion\n|-supereffective|p1a: Volcanion\n|-damage|p1a: Volcanion|0 fnt\n|faint|p1a: Volcanion\n|\n|-damage|p2a: Walking Wake|19\/100 tox|[from] psn\n|upkeep\n|\n|t:|1697849698\n|switch|p1a: Chien-Pao|Chien-Pao|100\/100\n|-ability|p1a: Chien-Pao|Sword of Ruin\n|turn|8\n|\n|t:|1697849723\n|switch|p2b: Ninetales|Ninetales, F|95\/100 tox\n|-weather|SunnyDay|[from] ability: Drought|[of] p2b: Ninetales\n|-activate|p2a: Walking Wake|ability: Protosynthesis\n|-start|p2a: Walking Wake|protosynthesisspa\n|-terastallize|p1a: Chien-Pao|Ghost\n|move|p2a: Walking Wake|Protect|p2a: Walking Wake\n|-singleturn|p2a: Walking Wake|Protect\n|move|p1a: Chien-Pao|Tera Blast|p2b: Ninetales|[anim] Tera Blast Ghost\n|-damage|p2b: Ninetales|0 fnt\n|faint|p2b: Ninetales\n|move|p1b: Overqwil|Barb Barrage|p2a: Walking Wake\n|-activate|p2a: Walking Wake|move: Protect\n|\n|-weather|SunnyDay|[upkeep]\n|-damage|p2a: Walking Wake|1\/100 tox|[from] psn\n|upkeep\n|\n|t:|1697849739\n|switch|p2b: Leavanny|Leavanny, M|100\/100\n|-status|p2b: Leavanny|tox\n|turn|9\n|\n|t:|1697849750\n|move|p2b: Leavanny|X-Scissor|p1a: Chien-Pao\n|-resisted|p1a: Chien-Pao\n|-damage|p1a: Chien-Pao|67\/100\n|-damage|p2b: Leavanny|91\/100 tox|[from] item: Life Orb\n|move|p1a: Chien-Pao|Tera Blast|p2a: Walking Wake|[anim] Tera Blast Ghost\n|-damage|p2a: Walking Wake|0 fnt\n|faint|p2a: Walking Wake\n|-end|p2a: Walking Wake|Protosynthesis|[silent]\n|move|p1b: Overqwil|Barb Barrage|p2b: Leavanny\n|-supereffective|p2b: Leavanny\n|-damage|p2b: Leavanny|0 fnt\n|faint|p2b: Leavanny\n|\n|-weather|SunnyDay|[upkeep]\n|upkeep\n|-message|Kcheidbrink forfeited.\n|\n|win|DiverSquid\n|raw|DiverSquid's rating: 1155 &rarr; <strong>1185<\/strong><br \/>(+30 for winning)\n|raw|Kcheidbrink's rating: 1225 &rarr; <strong>1195<\/strong><br \/>(-30 for losing)\n|l|\u2606Kcheidbrink\n","uploadtime":1697849767,"views":15,"p1id":"diversquid","p2id":"kcheidbrink","formatid":"gen9doublesou","rating":1185,"private":0,"password":""}