{"id":"gen9doublesou-1981519710","p1":"flare michael","p2":"EPIC555","format":"[Gen 9] Doubles OU","log":"|j|\u2606flare michael\n|j|\u2606EPIC555\n|t:|1698911259\n|gametype|doubles\n|player|p1|flare michael|cynthia-gen4|1100\n|player|p2|EPIC555|red|1003\n|teamsize|p1|6\n|teamsize|p2|6\n|gen|9\n|tier|[Gen 9] Doubles OU\n|rated|\n|rule|Species Clause: Limit one of each Pok\u00e9mon\n|rule|OHKO Clause: OHKO moves are banned\n|rule|Evasion Moves Clause: Evasion moves are banned\n|rule|Gravity Sleep Clause: The combination of sleep-inducing moves with imperfect accuracy and Gravity or Gigantamax Orbeetle are banned\n|rule|Endless Battle Clause: Forcing endless battles is banned\n|rule|HP Percentage Mod: HP is shown in percentages\n|clearpoke\n|poke|p1|Gholdengo|\n|poke|p1|Cresselia, F|\n|poke|p1|Amoonguss, F|\n|poke|p1|Diancie|\n|poke|p1|Jirachi|\n|poke|p1|Manaphy|\n|poke|p2|Hydreigon, F|\n|poke|p2|Amoonguss, M|\n|poke|p2|Sylveon, M|\n|poke|p2|Arcanine, F|\n|poke|p2|Gallade, M|\n|poke|p2|Gholdengo|\n|teampreview\n|inactive|Battle timer is ON: inactive players will automatically lose when time's up. (requested by EPIC555)\n|\n|t:|1698911266\n|start\n|switch|p1a: Amongus|Amoonguss, F, shiny|100\/100\n|switch|p1b: cute blorp|Manaphy|100\/100\n|switch|p2a: Amoonguss|Amoonguss, M|100\/100\n|switch|p2b: Hydreigon|Hydreigon, F|100\/100\n|turn|1\n|c|\u2606flare michael|helllo!!\n|\n|t:|1698911282\n|move|p1b: cute blorp|Tail Glow|p1b: cute blorp\n|-boost|p1b: cute blorp|spa|3\n|move|p2b: Hydreigon|Focus Energy|p2b: Hydreigon\n|-start|p2b: Hydreigon|move: Focus Energy\n|move|p1a: Amongus|Spore|p2b: Hydreigon\n|-status|p2b: Hydreigon|slp|[from] move: Spore\n|move|p2a: Amoonguss|Spore|p1a: Amongus\n|-immune|p1a: Amongus\n|\n|upkeep\n|turn|2\n|\n|t:|1698911311\n|move|p1a: Amongus|Rage Powder|p1a: Amongus\n|-singleturn|p1a: Amongus|move: Rage Powder\n|move|p1b: cute blorp|Tail Glow|p1b: cute blorp\n|-boost|p1b: cute blorp|spa|3\n|cant|p2b: Hydreigon|slp\n|move|p2a: Amoonguss|Spore|p1b: cute blorp\n|-status|p1b: cute blorp|slp|[from] move: Spore\n|\n|upkeep\n|turn|3\n|inactive|EPIC555 has 120 seconds left.\n|\n|t:|1698911345\n|cant|p1b: cute blorp|slp\n|cant|p2b: Hydreigon|slp\n|move|p1a: Amongus|Grass Knot|p2b: Hydreigon\n|-resisted|p2b: Hydreigon\n|-damage|p2b: Hydreigon|84\/100 slp\n|move|p2a: Amoonguss|Stomping Tantrum|p1a: Amongus\n|-damage|p1a: Amongus|88\/100\n|\n|-heal|p1a: Amongus|94\/100|[from] item: Leftovers\n|upkeep\n|turn|4\n|c|\u2606flare michael|hello?\n|\n|t:|1698911367\n|move|p2a: Amoonguss|Rage Powder|p2a: Amoonguss\n|-singleturn|p2a: Amoonguss|move: Rage Powder\n|-curestatus|p1b: cute blorp|slp|[msg]\n|move|p1b: cute blorp|Acid Armor|p1b: cute blorp\n|-boost|p1b: cute blorp|def|2\n|-curestatus|p2b: Hydreigon|slp|[msg]\n|move|p2b: Hydreigon|Draco Meteor|p1b: cute blorp\n|-crit|p1b: cute blorp\n|-damage|p1b: cute blorp|15\/100\n|-unboost|p2b: Hydreigon|spa|2\n|move|p1a: Amongus|Spore|p2b: Hydreigon\n|-status|p2b: Hydreigon|slp|[from] move: Spore\n|\n|-heal|p1a: Amongus|99\/100|[from] item: Leftovers\n|upkeep\n|turn|5\n|inactive|flare michael has 120 seconds left.\n|inactive|EPIC555 has 120 seconds left.\n|\n|t:|1698911401\n|cant|p2b: Hydreigon|slp\n|move|p1b: cute blorp|Baton Pass|p1b: cute blorp\n|inactive|flare michael has 120 seconds left.\n|\n|t:|1698911411\n|switch|p1b: special?|Jirachi|100\/100|[from] Baton Pass\n|move|p1a: Amongus|Pollen Puff|p1b: special?\n|-immune|p1b: special?\n|move|p2a: Amoonguss|Spore|p1b: special?\n|-status|p1b: special?|slp|[from] move: Spore\n|\n|-heal|p1a: Amongus|100\/100|[from] item: Leftovers\n|upkeep\n|turn|6\n|inactive|flare michael has 120 seconds left.\n|\n|t:|1698911444\n|move|p2a: Amoonguss|Rage Powder|p2a: Amoonguss\n|-singleturn|p2a: Amoonguss|move: Rage Powder\n|cant|p1b: special?|slp\n|cant|p2b: Hydreigon|slp\n|move|p1a: Amongus|Pollen Puff|p2b: Hydreigon\n|-supereffective|p2b: Hydreigon\n|-damage|p2b: Hydreigon|41\/100 slp\n|\n|upkeep\n|turn|7\n|inactive|flare michael has 120 seconds left.\n|\n|t:|1698911466\n|cant|p1b: special?|slp\n|-curestatus|p2b: Hydreigon|slp|[msg]\n|move|p2b: Hydreigon|Heat Wave|p1b: special?|[spread] p1a,p1b\n|-supereffective|p1a: Amongus\n|-crit|p1a: Amongus\n|-supereffective|p1b: special?\n|-crit|p1b: special?\n|-damage|p1a: Amongus|29\/100\n|-damage|p1b: special?|20\/100 slp\n|move|p1a: Amongus|Pollen Puff|p2b: Hydreigon\n|-supereffective|p2b: Hydreigon\n|-damage|p2b: Hydreigon|2\/100\n|move|p2a: Amoonguss|Pollen Puff|p1a: Amongus\n|-damage|p1a: Amongus|12\/100\n|\n|-heal|p1b: special?|26\/100 slp|[from] item: Leftovers\n|-heal|p1a: Amongus|18\/100|[from] item: Leftovers\n|upkeep\n|turn|8\n|inactive|flare michael has 120 seconds left.\n|inactive|EPIC555 has 120 seconds left.\n|\n|t:|1698911515\n|-curestatus|p1b: special?|slp|[msg]\n|move|p1b: special?|Stored Power|p2b: Hydreigon\n|-immune|p2b: Hydreigon\n|move|p2b: Hydreigon|Draco Meteor|p1a: Amongus\n|-crit|p1a: Amongus\n|-damage|p1a: Amongus|0 fnt\n|-unboost|p2b: Hydreigon|spa|2\n|faint|p1a: Amongus\n|move|p2a: Amoonguss|Spore|p1b: special?\n|-status|p1b: special?|slp|[from] move: Spore\n|\n|-heal|p1b: special?|32\/100 slp|[from] item: Leftovers\n|upkeep\n|inactive|flare michael has 90 seconds left.\n|\n|t:|1698911526\n|switch|p1a: Moony|Cresselia, F, shiny|100\/100\n|turn|9\n|\n|t:|1698911543\n|cant|p1b: special?|slp\n|move|p2b: Hydreigon|Heat Wave|p1a: Moony|[spread] p1a,p1b\n|-crit|p1a: Moony\n|-supereffective|p1b: special?\n|-crit|p1b: special?\n|-damage|p1a: Moony|75\/100\n|-damage|p1b: special?|0 fnt\n|faint|p1b: special?\n|move|p1a: Moony|Moonblast|p2b: Hydreigon\n|-supereffective|p2b: Hydreigon\n|-damage|p2b: Hydreigon|0 fnt\n|faint|p2b: Hydreigon\n|move|p2a: Amoonguss|Pollen Puff|p2: Hydreigon|[notarget]\n|-fail|p2a: Amoonguss\n|\n|-heal|p1a: Moony|82\/100|[from] item: Leftovers\n|upkeep\n|\n|t:|1698911569\n|switch|p1b: cute blorp|Manaphy|15\/100\n|switch|p2b: Gholdengo|Gholdengo|100\/100\n|turn|10\n|\n|t:|1698911589\n|move|p1b: cute blorp|Rain Dance|p1b: cute blorp\n|-weather|RainDance\n|move|p2b: Gholdengo|Make It Rain|p1b: cute blorp|[spread] p1a,p1b\n|-resisted|p1b: cute blorp\n|-damage|p1a: Moony|48\/100\n|-damage|p1b: cute blorp|0 fnt\n|-unboost|p2b: Gholdengo|spa|1\n|faint|p1b: cute blorp\n|move|p2a: Amoonguss|Spore|p1a: Moony\n|-status|p1a: Moony|slp|[from] move: Spore\n|cant|p1a: Moony|slp\n|\n|-weather|RainDance|[upkeep]\n|-heal|p1a: Moony|54\/100 slp|[from] item: Leftovers\n|upkeep\n|\n|t:|1698911597\n|switch|p1b: rock diamond|Diancie|100\/100\n|turn|11\n|inactive|EPIC555 has 120 seconds left.\n|-message|flare michael forfeited.\n|\n|win|EPIC555\n|raw|flare michael's rating: 1100 &rarr; <strong>1068<\/strong><br \/>(-32 for losing)\n|raw|EPIC555's rating: 1003 &rarr; <strong>1053<\/strong><br \/>(+50 for winning)\n|l|\u2606flare michael\n","uploadtime":1698911639,"views":24,"p1id":"flaremichael","p2id":"epic555","formatid":"gen9doublesou","rating":1053,"private":0,"password":""}