{"id":"gen9doublesou-1974535456","p1":"ChimeBliss","p2":"Ttcr74","format":"[Gen 9] Doubles OU","log":"|j|\u2606ChimeBliss\n|j|\u2606Ttcr74\n|t:|1698095140\n|gametype|doubles\n|player|p1|ChimeBliss|dawn-gen4pt|1462\n|player|p2|Ttcr74|lucas-gen4pt|1622\n|teamsize|p1|6\n|teamsize|p2|6\n|gen|9\n|tier|[Gen 9] Doubles OU\n|rated|\n|rule|Species Clause: Limit one of each Pok\u00e9mon\n|rule|OHKO Clause: OHKO moves are banned\n|rule|Evasion Moves Clause: Evasion moves are banned\n|rule|Gravity Sleep Clause: The combination of sleep-inducing moves with imperfect accuracy and Gravity or Gigantamax Orbeetle are banned\n|rule|Endless Battle Clause: Forcing endless battles is banned\n|rule|HP Percentage Mod: HP is shown in percentages\n|clearpoke\n|poke|p1|Chien-Pao|\n|poke|p1|Tornadus, M|\n|poke|p1|Dragonite, M|\n|poke|p1|Chi-Yu|\n|poke|p1|Flutter Mane|\n|poke|p1|Landorus, M|\n|poke|p2|Armarouge, M|\n|poke|p2|Indeedee-F, F|\n|poke|p2|Ursaluna-Bloodmoon, M|\n|poke|p2|Iron Hands|\n|poke|p2|Kingambit, F|\n|poke|p2|Sinistcha|\n|teampreview\n|inactive|Battle timer is ON: inactive players will automatically lose when time's up. (requested by ChimeBliss)\n|\n|t:|1698095165\n|start\n|switch|p1a: Chi-Yu|Chi-Yu|100\/100\n|switch|p1b: Landorus|Landorus, M|100\/100\n|switch|p2a: Kingambit|Kingambit, F|100\/100\n|switch|p2b: Iron Hands|Iron Hands|100\/100\n|-ability|p1a: Chi-Yu|Beads of Ruin\n|turn|1\n|\n|t:|1698095178\n|-terastallize|p2a: Kingambit|Dark\n|move|p2a: Kingambit|Sucker Punch|p1b: Landorus\n|-damage|p1b: Landorus|27\/100\n|move|p1a: Chi-Yu|Heat Wave|p2b: Iron Hands|[spread] p2a,p2b\n|-damage|p2a: Kingambit|53\/100\n|-damage|p2b: Iron Hands|69\/100\n|move|p1b: Landorus|Sandsear Storm|p2b: Iron Hands|[spread] p2a,p2b\n|-supereffective|p2b: Iron Hands\n|-damage|p2a: Kingambit|0 fnt\n|-damage|p2b: Iron Hands|0 fnt\n|faint|p2a: Kingambit\n|faint|p2b: Iron Hands\n|-end|p2b: Iron Hands|Quark Drive|[silent]\n|\n|upkeep\n|inactive|Ttcr74 has 120 seconds left.\n|\n|t:|1698095207\n|switch|p2a: Indeedee|Indeedee-F, F|100\/100\n|switch|p2b: Armarouge|Armarouge, M|100\/100\n|-fieldstart|move: Psychic Terrain|[from] ability: Psychic Surge|[of] p2a: Indeedee\n|-enditem|p2a: Indeedee|Psychic Seed\n|-boost|p2a: Indeedee|spd|1|[from] item: Psychic Seed\n|turn|2\n|\n|t:|1698095217\n|move|p2b: Armarouge|Protect|p2b: Armarouge\n|-singleturn|p2b: Armarouge|Protect\n|move|p1a: Chi-Yu|Heat Wave|p2b: Armarouge|[spread] p2a\n|-activate|p2b: Armarouge|move: Protect\n|-damage|p2a: Indeedee|75\/100\n|move|p1b: Landorus|Sandsear Storm|p2b: Armarouge|[spread] p2a\n|-activate|p2b: Armarouge|move: Protect\n|-damage|p2a: Indeedee|35\/100\n|move|p2a: Indeedee|Trick Room|p2a: Indeedee\n|-fieldstart|move: Trick Room|[of] p2a: Indeedee\n|\n|upkeep\n|turn|3\n|\n|t:|1698095244\n|move|p1b: Landorus|Protect|p1b: Landorus\n|-singleturn|p1b: Landorus|Protect\n|move|p2b: Armarouge|Expanding Force|p1a: Chi-Yu|[spread] \n|-activate|p1b: Landorus|move: Protect\n|-immune|p1a: Chi-Yu\n|move|p2a: Indeedee|Dazzling Gleam|p1a: Chi-Yu|[spread] p1a\n|-activate|p1b: Landorus|move: Protect\n|-damage|p1a: Chi-Yu|86\/100\n|move|p1a: Chi-Yu|Heat Wave|p2a: Indeedee|[spread] p2a\n|-start|p2b: Armarouge|ability: Flash Fire\n|-damage|p2a: Indeedee|14\/100\n|-status|p2a: Indeedee|brn\n|\n|-damage|p2a: Indeedee|7\/100 brn|[from] brn\n|upkeep\n|turn|4\n|\n|t:|1698095268\n|move|p1b: Landorus|Protect||[still]\n|-fail|p1b: Landorus\n|move|p2b: Armarouge|Expanding Force|p1b: Landorus|[spread] p1b\n|-immune|p1a: Chi-Yu\n|-damage|p1b: Landorus|0 fnt\n|faint|p1b: Landorus\n|move|p2a: Indeedee|Dazzling Gleam|p1a: Chi-Yu\n|-damage|p1a: Chi-Yu|64\/100\n|move|p1a: Chi-Yu|Heat Wave|p2b: Armarouge|[spread] p2a\n|-immune|p2b: Armarouge|[from] ability: Flash Fire\n|-damage|p2a: Indeedee|0 fnt\n|faint|p2a: Indeedee\n|\n|upkeep\n|\n|t:|1698095278\n|switch|p2a: Ursaluna|Ursaluna-Bloodmoon, M|100\/100\n|switch|p1b: Tornadus|Tornadus, M|100\/100\n|turn|5\n|inactive|ChimeBliss has 120 seconds left.\n|\n|t:|1698095310\n|switch|p1a: Flutter Mane|Flutter Mane|100\/100\n|move|p1b: Tornadus|Protect|p1b: Tornadus\n|-singleturn|p1b: Tornadus|Protect\n|move|p2a: Ursaluna|Earth Power|p1a: Flutter Mane\n|-damage|p1a: Flutter Mane|40\/100\n|move|p2b: Armarouge|Expanding Force|p1a: Flutter Mane|[spread] p1a\n|-activate|p1b: Tornadus|move: Protect\n|-damage|p1a: Flutter Mane|0 fnt\n|faint|p1a: Flutter Mane\n|-end|p1a: Flutter Mane|Protosynthesis|[silent]\n|\n|upkeep\n|\n|t:|1698095314\n|switch|p1a: Chien-Pao|Chien-Pao|100\/100\n|-ability|p1a: Chien-Pao|Sword of Ruin\n|turn|6\n|\n|t:|1698095329\n|move|p1a: Chien-Pao|Protect|p1a: Chien-Pao\n|-singleturn|p1a: Chien-Pao|Protect\n|move|p1b: Tornadus|Tailwind|p1b: Tornadus\n|-sidestart|p1: ChimeBliss|move: Tailwind\n|move|p2a: Ursaluna|Hyper Voice|p1b: Tornadus|[spread] p1b\n|-activate|p1a: Chien-Pao|move: Protect\n|-damage|p1b: Tornadus|43\/100\n|move|p2b: Armarouge|Armor Cannon|p1a: Chien-Pao\n|-activate|p1a: Chien-Pao|move: Protect\n|\n|-fieldend|move: Trick Room\n|-fieldend|move: Psychic Terrain\n|upkeep\n|turn|7\n|\n|t:|1698095357\n|move|p1b: Tornadus|Taunt|p2b: Armarouge\n|-start|p2b: Armarouge|move: Taunt\n|move|p1a: Chien-Pao|Sacred Sword|p2a: Ursaluna\n|-supereffective|p2a: Ursaluna\n|-damage|p2a: Ursaluna|51\/100\n|move|p2a: Ursaluna|Hyper Voice|p1a: Chien-Pao|[spread] p1a,p1b\n|-damage|p1a: Chien-Pao|38\/100\n|-damage|p1b: Tornadus|0 fnt\n|faint|p1b: Tornadus\n|cant|p2b: Armarouge|move: Taunt|Trick Room\n|\n|-heal|p2a: Ursaluna|57\/100|[from] item: Leftovers\n|upkeep\n|inactive|ChimeBliss has 120 seconds left.\n|\n|t:|1698095374\n|switch|p1b: Chi-Yu|Chi-Yu|64\/100\n|-ability|p1b: Chi-Yu|Beads of Ruin\n|turn|8\n|\n|t:|1698095390\n|move|p2a: Ursaluna|Protect|p2a: Ursaluna\n|-singleturn|p2a: Ursaluna|Protect\n|move|p1b: Chi-Yu|Dark Pulse|p2b: Armarouge\n|-supereffective|p2b: Armarouge\n|-damage|p2b: Armarouge|0 fnt\n|faint|p2b: Armarouge\n|move|p1a: Chien-Pao|Ice Spinner|p2a: Ursaluna\n|-activate|p2a: Ursaluna|move: Protect\n|\n|-heal|p2a: Ursaluna|63\/100|[from] item: Leftovers\n|upkeep\n|\n|t:|1698095399\n|switch|p2b: Sinistcha|Sinistcha|100\/100\n|-heal|p2a: Ursaluna|88\/100|[from] ability: Hospitality|[of] p2b: Sinistcha\n|turn|9\n|\n|t:|1698095422\n|move|p1b: Chi-Yu|Dark Pulse|p2b: Sinistcha\n|-supereffective|p2b: Sinistcha\n|-damage|p2b: Sinistcha|0 fnt\n|faint|p2b: Sinistcha\n|move|p1a: Chien-Pao|Ice Spinner|p2a: Ursaluna\n|-supereffective|p2a: Ursaluna\n|-damage|p2a: Ursaluna|16\/100\n|move|p2a: Ursaluna|Hyper Voice|p1b: Chi-Yu|[spread] p1a,p1b\n|-damage|p1a: Chien-Pao|0 fnt\n|-damage|p1b: Chi-Yu|16\/100\n|faint|p1a: Chien-Pao\n|\n|-heal|p2a: Ursaluna|22\/100|[from] item: Leftovers\n|-sideend|p1: ChimeBliss|move: Tailwind\n|upkeep\n|\n|t:|1698095425\n|switch|p1a: Dragonite|Dragonite, M, shiny|100\/100\n|turn|10\n|\n|t:|1698095435\n|move|p1a: Dragonite|Extreme Speed|p2a: Ursaluna\n|-damage|p2a: Ursaluna|0 fnt\n|faint|p2a: Ursaluna\n|\n|win|ChimeBliss\n|raw|ChimeBliss's rating: 1462 &rarr; <strong>1491<\/strong><br \/>(+29 for winning)\n|raw|Ttcr74's rating: 1622 &rarr; <strong>1593<\/strong><br \/>(-29 for losing)\n|c|\u2606ChimeBliss|gg\n|c|\u2606Ttcr74|Gg\n","uploadtime":1698095445,"views":10,"p1id":"chimebliss","p2id":"ttcr74","formatid":"gen9doublesou","rating":1491,"private":0,"password":""}