{"id":"gen9doublesou-2000352060","p1":"Comic Acme","p2":"JustRadAlex","format":"[Gen 9] Doubles OU","log":"|j|\u2606Comic Acme\n|j|\u2606JustRadAlex\n|t:|1701187496\n|gametype|doubles\n|player|p1|Comic Acme|hilbert-wonderlauncher|1502\n|player|p2|JustRadAlex|juan|1494\n|teamsize|p1|6\n|teamsize|p2|6\n|gen|9\n|tier|[Gen 9] Doubles OU\n|rated|\n|rule|Species Clause: Limit one of each Pok\u00e9mon\n|rule|OHKO Clause: OHKO moves are banned\n|rule|Evasion Moves Clause: Evasion moves are banned\n|rule|Gravity Sleep Clause: The combination of sleep-inducing moves with imperfect accuracy and Gravity or Gigantamax Orbeetle are banned\n|rule|Endless Battle Clause: Forcing endless battles is banned\n|rule|HP Percentage Mod: HP is shown in percentages\n|clearpoke\n|poke|p1|Garchomp, M|\n|poke|p1|Tyranitar, M|\n|poke|p1|Hippowdon, F|\n|poke|p1|Murkrow, F|\n|poke|p1|Arcanine-Hisui, M|\n|poke|p1|Ogerpon-Wellspring, F|\n|poke|p2|Iron Hands|\n|poke|p2|Grimmsnarl, M|\n|poke|p2|Cresselia, F|\n|poke|p2|Rillaboom, F|\n|poke|p2|Empoleon, M|\n|poke|p2|Landorus-Therian, M|\n|teampreview\n|\n|t:|1701187518\n|start\n|switch|p1a: Murkrow|Murkrow, F|100\/100\n|switch|p1b: Arcanine|Arcanine-Hisui, M|100\/100\n|switch|p2a: Grimmsnarl|Grimmsnarl, M, shiny|100\/100\n|switch|p2b: Iron Hands|Iron Hands|100\/100\n|-ability|p1b: Arcanine|Intimidate|boost\n|-unboost|p2a: Grimmsnarl|atk|1\n|-unboost|p2b: Iron Hands|atk|1\n|turn|1\n|\n|t:|1701187547\n|move|p1a: Murkrow|Taunt|p2a: Grimmsnarl\n|-hint|Since gen 7, Dark is immune to Prankster moves.\n|-immune|p2a: Grimmsnarl\n|move|p2a: Grimmsnarl|Reflect|p2a: Grimmsnarl\n|-sidestart|p2: JustRadAlex|Reflect\n|move|p1b: Arcanine|Flare Blitz|p2a: Grimmsnarl\n|-damage|p2a: Grimmsnarl|24\/100\n|-damage|p1b: Arcanine|79\/100|[from] Recoil\n|move|p2b: Iron Hands|Wild Charge|p1a: Murkrow\n|-supereffective|p1a: Murkrow\n|-damage|p1a: Murkrow|24\/100\n|-damage|p2b: Iron Hands|88\/100|[from] Recoil\n|\n|upkeep\n|turn|2\n|\n|t:|1701187567\n|move|p1a: Murkrow|Tailwind|p1a: Murkrow\n|-sidestart|p1: Comic Acme|move: Tailwind\n|move|p2a: Grimmsnarl|Parting Shot|p1b: Arcanine\n|-unboost|p1b: Arcanine|atk|1\n|-unboost|p1b: Arcanine|spa|1\n|\n|t:|1701187572\n|switch|p2a: Landorus|Landorus-Therian, M|100\/100|[from] Parting Shot\n|-ability|p2a: Landorus|Intimidate|boost\n|-unboost|p1a: Murkrow|atk|1\n|-unboost|p1b: Arcanine|atk|1\n|move|p1b: Arcanine|Flare Blitz|p2a: Landorus\n|-damage|p2a: Landorus|69\/100\n|-damage|p1b: Arcanine|71\/100|[from] Recoil\n|move|p2b: Iron Hands|Drain Punch|p1b: Arcanine\n|-supereffective|p1b: Arcanine\n|-damage|p1b: Arcanine|11\/100\n|-heal|p2b: Iron Hands|100\/100|[from] drain|[of] p1b: Arcanine\n|\n|upkeep\n|turn|3\n|\n|t:|1701187614\n|switch|p1a: Tyranitar|Tyranitar, M|100\/100\n|-weather|Sandstorm|[from] ability: Sand Stream|[of] p1a: Tyranitar\n|-end|p2b: Iron Hands|Quark Drive|[silent]\n|switch|p2b: Cresselia|Cresselia, F|100\/100\n|move|p2a: Landorus|Rock Slide|p1a: Tyranitar|[spread] p1a,p1b\n|-supereffective|p1b: Arcanine\n|-damage|p1a: Tyranitar|86\/100\n|-damage|p1b: Arcanine|0 fnt\n|faint|p1b: Arcanine\n|\n|-weather|Sandstorm|[upkeep]\n|-damage|p2b: Cresselia|94\/100|[from] Sandstorm\n|upkeep\n|\n|t:|1701187630\n|switch|p1b: Murkrow|Murkrow, F|24\/100\n|turn|4\n|\n|t:|1701187641\n|switch|p2b: Iron Hands|Iron Hands|100\/100\n|move|p1b: Murkrow|Taunt|p2b: Iron Hands\n|-start|p2b: Iron Hands|move: Taunt\n|move|p2a: Landorus|Rock Slide|p1b: Murkrow|[spread] p1a,p1b\n|-supereffective|p1b: Murkrow\n|-damage|p1a: Tyranitar|71\/100\n|-damage|p1b: Murkrow|0 fnt\n|faint|p1b: Murkrow\n|move|p1a: Tyranitar|Knock Off|p2b: Iron Hands\n|-resisted|p2b: Iron Hands\n|-damage|p2b: Iron Hands|91\/100\n|-enditem|p2b: Iron Hands|Assault Vest|[from] move: Knock Off|[of] p1a: Tyranitar\n|\n|-weather|Sandstorm|[upkeep]\n|-damage|p2b: Iron Hands|85\/100|[from] Sandstorm\n|upkeep\n|\n|t:|1701187654\n|switch|p1b: Hippowdon|Hippowdon, F|100\/100\n|turn|5\n|\n|t:|1701187668\n|switch|p2a: Rillaboom|Rillaboom, F|100\/100\n|-fieldstart|move: Grassy Terrain|[from] ability: Grassy Surge|[of] p2a: Rillaboom\n|-enditem|p2a: Rillaboom|Grassy Seed\n|-boost|p2a: Rillaboom|def|1|[from] item: Grassy Seed\n|move|p1a: Tyranitar|Knock Off|p2a: Rillaboom\n|-damage|p2a: Rillaboom|87\/100\n|move|p1b: Hippowdon|Yawn|p2b: Iron Hands\n|-start|p2b: Iron Hands|move: Yawn|[of] p1b: Hippowdon\n|move|p2b: Iron Hands|Drain Punch|p1a: Tyranitar\n|-supereffective|p1a: Tyranitar\n|-damage|p1a: Tyranitar|0 fnt\n|-heal|p2b: Iron Hands|100\/100|[from] drain|[of] p1a: Tyranitar\n|-damage|p2b: Iron Hands|84\/100|[from] item: Rocky Helmet|[of] p1a: Tyranitar\n|faint|p1a: Tyranitar\n|\n|-weather|Sandstorm|[upkeep]\n|-damage|p2a: Rillaboom|81\/100|[from] Sandstorm\n|-damage|p2b: Iron Hands|78\/100|[from] Sandstorm\n|-heal|p2a: Rillaboom|87\/100|[from] Grassy Terrain\n|-heal|p2b: Iron Hands|84\/100|[from] Grassy Terrain\n|-sideend|p1: Comic Acme|move: Tailwind\n|upkeep\n|\n|t:|1701187685\n|switch|p1a: Garchomp|Garchomp, M|100\/100\n|turn|6\n|\n|t:|1701187721\n|-end|p2b: Iron Hands|Quark Drive|[silent]\n|switch|p2b: Landorus|Landorus-Therian, M|69\/100\n|-ability|p2b: Landorus|Intimidate|boost\n|-unboost|p1a: Garchomp|atk|1\n|-unboost|p1b: Hippowdon|atk|1\n|move|p1a: Garchomp|Swords Dance|p1a: Garchomp\n|-boost|p1a: Garchomp|atk|2\n|move|p2a: Rillaboom|Bulk Up|p2a: Rillaboom\n|-boost|p2a: Rillaboom|atk|1\n|-boost|p2a: Rillaboom|def|1\n|move|p1b: Hippowdon|Yawn|p2a: Rillaboom\n|-start|p2a: Rillaboom|move: Yawn|[of] p1b: Hippowdon\n|\n|-weather|Sandstorm|[upkeep]\n|-damage|p2a: Rillaboom|81\/100|[from] Sandstorm\n|-heal|p2a: Rillaboom|87\/100|[from] Grassy Terrain\n|upkeep\n|turn|7\n|\n|t:|1701187750\n|move|p2a: Rillaboom|Grassy Glide|p1b: Hippowdon\n|-supereffective|p1b: Hippowdon\n|-damage|p1b: Hippowdon|40\/100\n|move|p2b: Landorus|Stomping Tantrum|p1a: Garchomp|[miss]\n|-miss|p2b: Landorus|p1a: Garchomp\n|move|p1a: Garchomp|Scale Shot|p2b: Landorus|[miss]\n|-miss|p1a: Garchomp|p2b: Landorus\n|move|p1b: Hippowdon|Yawn|p2b: Landorus\n|-start|p2b: Landorus|move: Yawn|[of] p1b: Hippowdon\n|\n|-weather|none\n|-heal|p2a: Rillaboom|93\/100|[from] Grassy Terrain\n|-heal|p1b: Hippowdon|46\/100|[from] Grassy Terrain\n|-heal|p1b: Hippowdon|52\/100|[from] item: Leftovers\n|-end|p2a: Rillaboom|move: Yawn|[silent]\n|-status|p2a: Rillaboom|slp\n|upkeep\n|turn|8\n|j| Tonteh\n|\n|t:|1701187776\n|switch|p2b: Iron Hands|Iron Hands|84\/100\n|switch|p2a: Cresselia|Cresselia, F|94\/100\n|move|p1a: Garchomp|Scale Shot|p2b: Iron Hands\n|-damage|p2b: Iron Hands|74\/100\n|-damage|p2b: Iron Hands|65\/100\n|-crit|p2b: Iron Hands\n|-damage|p2b: Iron Hands|43\/100\n|-damage|p2b: Iron Hands|35\/100\n|-hitcount|p2b: Iron Hands|4\n|-unboost|p1a: Garchomp|def|1\n|-boost|p1a: Garchomp|spe|1\n|move|p1b: Hippowdon|Slack Off|p1b: Hippowdon\n|-heal|p1b: Hippowdon|100\/100\n|\n|-heal|p2b: Iron Hands|41\/100|[from] Grassy Terrain\n|-sideend|p2: JustRadAlex|Reflect\n|upkeep\n|turn|9\n|\n|t:|1701187818\n|-terastallize|p2a: Cresselia|Fairy\n|move|p2b: Iron Hands|Fake Out|p1b: Hippowdon\n|-damage|p1b: Hippowdon|90\/100\n|move|p1a: Garchomp|Scale Shot|p2b: Iron Hands\n|-damage|p2b: Iron Hands|27\/100\n|-damage|p2b: Iron Hands|14\/100\n|-damage|p2b: Iron Hands|0 fnt\n|faint|p2b: Iron Hands\n|-end|p2b: Iron Hands|Quark Drive|[silent]\n|-hitcount|p2: Iron Hands|3\n|-unboost|p1a: Garchomp|def|1\n|-boost|p1a: Garchomp|spe|1\n|move|p2a: Cresselia|Moonblast|p1a: Garchomp\n|-supereffective|p1a: Garchomp\n|-damage|p1a: Garchomp|28\/100\n|cant|p1b: Hippowdon|flinch\n|\n|-heal|p1a: Garchomp|34\/100|[from] Grassy Terrain\n|-heal|p1b: Hippowdon|97\/100|[from] Grassy Terrain\n|-heal|p1b: Hippowdon|100\/100|[from] item: Leftovers\n|-fieldend|move: Grassy Terrain\n|upkeep\n|\n|t:|1701187838\n|switch|p2b: Landorus|Landorus-Therian, M|69\/100\n|-ability|p2b: Landorus|Intimidate|boost\n|-unboost|p1a: Garchomp|atk|1\n|-unboost|p1b: Hippowdon|atk|1\n|turn|10\n|\n|t:|1701187851\n|move|p1a: Garchomp|Scale Shot|p2b: Landorus\n|-damage|p2b: Landorus|53\/100\n|-damage|p2b: Landorus|37\/100\n|-damage|p2b: Landorus|19\/100\n|-damage|p2b: Landorus|4\/100\n|-damage|p2b: Landorus|0 fnt\n|faint|p2b: Landorus\n|-hitcount|p2: Landorus|5\n|-unboost|p1a: Garchomp|def|1\n|-boost|p1a: Garchomp|spe|1\n|move|p2a: Cresselia|Moonblast|p1a: Garchomp\n|-supereffective|p1a: Garchomp\n|-damage|p1a: Garchomp|0 fnt\n|faint|p1a: Garchomp\n|move|p1b: Hippowdon|Yawn|p2a: Cresselia\n|-start|p2a: Cresselia|move: Yawn|[of] p1b: Hippowdon\n|\n|upkeep\n|\n|t:|1701187868\n|switch|p2b: Kingleon|Empoleon, M, shiny|100\/100\n|switch|p1a: Ogerpon|Ogerpon-Wellspring, F|100\/100\n|turn|11\n|\n|t:|1701187885\n|switch|p2a: Grimmsnarl|Grimmsnarl, M, shiny|24\/100\n|move|p1a: Ogerpon|Spiky Shield|p1a: Ogerpon\n|-singleturn|p1a: Ogerpon|move: Protect\n|move|p2b: Kingleon|Ice Beam|p1b: Hippowdon\n|-supereffective|p1b: Hippowdon\n|-damage|p1b: Hippowdon|40\/100\n|move|p1b: Hippowdon|Body Press|p2b: Kingleon\n|-supereffective|p2b: Kingleon\n|-damage|p2b: Kingleon|49\/100\n|\n|-heal|p1b: Hippowdon|46\/100|[from] item: Leftovers\n|upkeep\n|turn|12\n|\n|t:|1701187912\n|-terastallize|p1a: Ogerpon|Water\n|detailschange|p1a: Ogerpon|Ogerpon-Wellspring-Tera, F, tera:Water\n|-ability|p1a: Ogerpon|Embody Aspect (Wellspring)|boost\n|-boost|p1a: Ogerpon|spd|1\n|move|p1b: Hippowdon|Protect|p1b: Hippowdon\n|-singleturn|p1b: Hippowdon|Protect\n|move|p2a: Grimmsnarl|Parting Shot|p1a: Ogerpon\n|-unboost|p1a: Ogerpon|atk|1\n|-unboost|p1a: Ogerpon|spa|1\n|\n|t:|1701187924\n|switch|p2a: Rillaboom|Rillaboom, F|93\/100 slp|[from] Parting Shot\n|-fieldstart|move: Grassy Terrain|[from] ability: Grassy Surge|[of] p2a: Rillaboom\n|move|p1a: Ogerpon|Horn Leech|p2b: Kingleon\n|-crit|p2b: Kingleon\n|-damage|p2b: Kingleon|0 fnt\n|faint|p2b: Kingleon\n|\n|-heal|p2a: Rillaboom|99\/100 slp|[from] Grassy Terrain\n|-heal|p1b: Hippowdon|52\/100|[from] Grassy Terrain\n|-heal|p1b: Hippowdon|58\/100|[from] item: Leftovers\n|upkeep\n|\n|t:|1701187927\n|switch|p2b: Grimmsnarl|Grimmsnarl, M, shiny|24\/100\n|turn|13\n|\n|t:|1701187948\n|cant|p2a: Rillaboom|slp\n|move|p2b: Grimmsnarl|Reflect|p2b: Grimmsnarl\n|-sidestart|p2: JustRadAlex|Reflect\n|move|p1a: Ogerpon|Ivy Cudgel|p2b: Grimmsnarl|[anim] Ivy Cudgel Water\n|-damage|p2b: Grimmsnarl|0 fnt\n|faint|p2b: Grimmsnarl\n|move|p1b: Hippowdon|Body Press|p2a: Rillaboom\n|-damage|p2a: Rillaboom|83\/100 slp\n|\n|-heal|p2a: Rillaboom|89\/100 slp|[from] Grassy Terrain\n|-heal|p1b: Hippowdon|64\/100|[from] Grassy Terrain\n|-heal|p1b: Hippowdon|70\/100|[from] item: Leftovers\n|upkeep\n|\n|t:|1701187957\n|switch|p2b: Cresselia|Cresselia, F, tera:Fairy|94\/100\n|turn|14\n|\n|t:|1701187974\n|move|p1a: Ogerpon|Ivy Cudgel|p2b: Cresselia|[anim] Ivy Cudgel Water\n|-damage|p2b: Cresselia|71\/100\n|-curestatus|p2a: Rillaboom|slp|[msg]\n|move|p2a: Rillaboom|Bulk Up|p2a: Rillaboom\n|-boost|p2a: Rillaboom|atk|1\n|-boost|p2a: Rillaboom|def|1\n|move|p2b: Cresselia|Lunar Blessing|p2b: Cresselia|[spread] p2a,p2b\n|-heal|p2a: Rillaboom|100\/100\n|-heal|p2b: Cresselia|96\/100\n|move|p1b: Hippowdon|Yawn|p2b: Cresselia\n|-start|p2b: Cresselia|move: Yawn|[of] p1b: Hippowdon\n|\n|-heal|p1b: Hippowdon|77\/100|[from] Grassy Terrain\n|-heal|p1b: Hippowdon|83\/100|[from] item: Leftovers\n|upkeep\n|turn|15\n|\n|t:|1701187998\n|move|p2a: Rillaboom|Grassy Glide|p1a: Ogerpon\n|-supereffective|p1a: Ogerpon\n|-damage|p1a: Ogerpon|0 fnt\n|faint|p1a: Ogerpon\n|move|p2b: Cresselia|Moonblast|p1b: Hippowdon\n|-damage|p1b: Hippowdon|56\/100\n|move|p1b: Hippowdon|Yawn|p2a: Rillaboom\n|-start|p2a: Rillaboom|move: Yawn|[of] p1b: Hippowdon\n|\n|-heal|p1b: Hippowdon|62\/100|[from] Grassy Terrain\n|-heal|p1b: Hippowdon|68\/100|[from] item: Leftovers\n|-end|p2b: Cresselia|move: Yawn|[silent]\n|-status|p2b: Cresselia|slp\n|upkeep\n|turn|16\n|-message|Comic Acme forfeited.\n|\n|win|JustRadAlex\n|raw|Comic Acme's rating: 1502 &rarr; <strong>1482<\/strong><br \/>(-20 for losing)\n|raw|JustRadAlex's rating: 1494 &rarr; <strong>1514<\/strong><br \/>(+20 for winning)\n|l|\u2606Comic Acme\n","uploadtime":1701188017,"views":5,"p1id":"comicacme","p2id":"justradalex","formatid":"gen9doublesou","rating":1482,"private":0,"password":""}