{"id":"gen9doublesou-1975086928","p1":"ChimeBliss","p2":"saucy_099","format":"[Gen 9] Doubles OU","log":"|j|\u2606ChimeBliss\n|j|\u2606saucy_099\n|t:|1698160870\n|gametype|doubles\n|player|p1|ChimeBliss|dawn-gen4pt|1484\n|player|p2|saucy_099|rosa|1424\n|teamsize|p1|6\n|teamsize|p2|6\n|gen|9\n|tier|[Gen 9] Doubles OU\n|rated|\n|rule|Species Clause: Limit one of each Pok\u00e9mon\n|rule|OHKO Clause: OHKO moves are banned\n|rule|Evasion Moves Clause: Evasion moves are banned\n|rule|Gravity Sleep Clause: The combination of sleep-inducing moves with imperfect accuracy and Gravity or Gigantamax Orbeetle are banned\n|rule|Endless Battle Clause: Forcing endless battles is banned\n|rule|HP Percentage Mod: HP is shown in percentages\n|clearpoke\n|poke|p1|Chien-Pao|\n|poke|p1|Tornadus, M|\n|poke|p1|Dragonite, M|\n|poke|p1|Chi-Yu|\n|poke|p1|Flutter Mane|\n|poke|p1|Landorus, M|\n|poke|p2|Cresselia, F|\n|poke|p2|Baxcalibur, M|\n|poke|p2|Chi-Yu|\n|poke|p2|Sinistcha|\n|poke|p2|Grimmsnarl, M|\n|poke|p2|Diancie|\n|teampreview\n|inactive|Battle timer is ON: inactive players will automatically lose when time's up. (requested by saucy_099)\n|inactive|ChimeBliss also wants the timer to be on.\n|inactive|ChimeBliss has 120 seconds left.\n|inactive|saucy_099 has 120 seconds left.\n|inactive|ChimeBliss has 90 seconds left.\n|\n|t:|1698160937\n|start\n|switch|p1a: Chi-Yu|Chi-Yu|100\/100\n|switch|p1b: Landorus|Landorus, M|100\/100\n|switch|p2a: Diancie|Diancie|100\/100\n|switch|p2b: Grimmsnarl|Grimmsnarl, M|100\/100\n|-ability|p1a: Chi-Yu|Beads of Ruin\n|turn|1\n|inactive|saucy_099 has 120 seconds left.\n|inactive|ChimeBliss has 120 seconds left.\n|\n|t:|1698160979\n|move|p2b: Grimmsnarl|Fake Out|p1b: Landorus\n|-damage|p1b: Landorus|88\/100\n|move|p1a: Chi-Yu|Dark Pulse|p2a: Diancie\n|-resisted|p2a: Diancie\n|-damage|p2a: Diancie|76\/100\n|cant|p1b: Landorus|flinch\n|move|p2a: Diancie|Diamond Storm|p1b: Landorus|[spread] p1a,p1b\n|-supereffective|p1a: Chi-Yu\n|-damage|p1a: Chi-Yu|0 fnt\n|-damage|p1b: Landorus|50\/100\n|faint|p1a: Chi-Yu\n|\n|upkeep\n|inactive|ChimeBliss has 120 seconds left.\n|\n|t:|1698160988\n|switch|p1a: Flutter Mane|Flutter Mane|100\/100\n|turn|2\n|\n|t:|1698161007\n|move|p2b: Grimmsnarl|Light Screen|p2b: Grimmsnarl\n|-sidestart|p2: saucy_099|move: Light Screen\n|move|p1a: Flutter Mane|Moonblast|p2b: Grimmsnarl\n|-supereffective|p2b: Grimmsnarl\n|-damage|p2b: Grimmsnarl|0 fnt\n|faint|p2b: Grimmsnarl\n|move|p1b: Landorus|Earth Power|p2a: Diancie\n|-supereffective|p2a: Diancie\n|-damage|p2a: Diancie|0 fnt\n|faint|p2a: Diancie\n|\n|upkeep\n|inactive|saucy_099 has 120 seconds left.\n|inactive|saucy_099 has 90 seconds left.\n|\n|t:|1698161065\n|switch|p2b: Cresselia|Cresselia, F|100\/100\n|switch|p2a: Chi-Yu|Chi-Yu|100\/100\n|-ability|p2a: Chi-Yu|Beads of Ruin\n|turn|3\n|inactive|saucy_099 has 90 seconds left.\n|inactive|ChimeBliss has 120 seconds left.\n|inactive|saucy_099 has 60 seconds left.\n|\n|t:|1698161131\n|-terastallize|p2a: Chi-Yu|Ghost\n|move|p2a: Chi-Yu|Tera Blast|p1a: Flutter Mane|[anim] Tera Blast Ghost\n|-supereffective|p1a: Flutter Mane\n|-damage|p1a: Flutter Mane|0 fnt\n|faint|p1a: Flutter Mane\n|-end|p1a: Flutter Mane|Protosynthesis|[silent]\n|move|p1b: Landorus|Earth Power|p2a: Chi-Yu\n|-damage|p2a: Chi-Yu|53\/100\n|move|p2b: Cresselia|Lunar Blessing|p2b: Cresselia|[spread] p2a,p2b\n|-heal|p2a: Chi-Yu|78\/100\n|\n|upkeep\n|\n|t:|1698161141\n|switch|p1a: Chien-Pao|Chien-Pao|100\/100\n|-ability|p1a: Chien-Pao|Sword of Ruin\n|turn|4\n|inactive|saucy_099 has 60 seconds left.\n|\n|t:|1698161162\n|switch|p2a: Baxcalibur|Baxcalibur, M|100\/100\n|move|p1a: Chien-Pao|Sucker Punch||[still]\n|-fail|p1a: Chien-Pao\n|move|p1b: Landorus|Earth Power|p2a: Baxcalibur\n|-damage|p2a: Baxcalibur|77\/100\n|move|p2b: Cresselia|Moonblast|p1a: Chien-Pao\n|-supereffective|p1a: Chien-Pao\n|-crit|p1a: Chien-Pao\n|-damage|p1a: Chien-Pao|23\/100\n|\n|upkeep\n|turn|5\n|inactive|ChimeBliss has 120 seconds left.\n|\n|t:|1698161187\n|switch|p2a: Chi-Yu|Chi-Yu, tera:Ghost|78\/100\n|-ability|p2a: Chi-Yu|Beads of Ruin\n|move|p1a: Chien-Pao|Sacred Sword|p2a: Chi-Yu\n|-immune|p2a: Chi-Yu\n|move|p1b: Landorus|Earth Power|p2a: Chi-Yu\n|-damage|p2a: Chi-Yu|34\/100\n|move|p2b: Cresselia|Trick Room|p2b: Cresselia\n|-fieldstart|move: Trick Room|[of] p2b: Cresselia\n|\n|upkeep\n|turn|6\n|inactive|saucy_099 has 90 seconds left.\n|inactive|ChimeBliss has 120 seconds left.\n|\n|t:|1698161212\n|switch|p2a: Baxcalibur|Baxcalibur, M|77\/100\n|move|p1a: Chien-Pao|Sucker Punch||[still]\n|-fail|p1a: Chien-Pao\n|move|p2b: Cresselia|Moonblast|p1a: Chien-Pao\n|-supereffective|p1a: Chien-Pao\n|-damage|p1a: Chien-Pao|0 fnt\n|faint|p1a: Chien-Pao\n|move|p1b: Landorus|Sludge Bomb|p2b: Cresselia\n|-damage|p2b: Cresselia|82\/100\n|\n|-sideend|p2: saucy_099|move: Light Screen\n|upkeep\n|inactive|ChimeBliss has 120 seconds left.\n|\n|t:|1698161217\n|switch|p1a: Tornadus|Tornadus, M|100\/100\n|turn|7\n|inactive|saucy_099 has 90 seconds left.\n|\n|t:|1698161242\n|move|p2b: Cresselia|Helping Hand|p2a: Baxcalibur\n|-singleturn|p2a: Baxcalibur|Helping Hand|[of] p2b: Cresselia\n|move|p1b: Landorus|Protect|p1b: Landorus\n|-singleturn|p1b: Landorus|Protect\n|move|p2a: Baxcalibur|Icicle Crash|p1a: Tornadus\n|-supereffective|p1a: Tornadus\n|-enditem|p1a: Tornadus|Focus Sash\n|-damage|p1a: Tornadus|1\/100\n|cant|p1a: Tornadus|flinch\n|\n|upkeep\n|turn|8\n|\n|t:|1698161255\n|move|p1a: Tornadus|Protect|p1a: Tornadus\n|-singleturn|p1a: Tornadus|Protect\n|move|p1b: Landorus|Protect||[still]\n|-fail|p1b: Landorus\n|move|p2a: Baxcalibur|Ice Shard|p1b: Landorus\n|-supereffective|p1b: Landorus\n|-damage|p1b: Landorus|0 fnt\n|faint|p1b: Landorus\n|move|p2b: Cresselia|Lunar Blessing|p2b: Cresselia|[spread] p2a,p2b\n|-heal|p2a: Baxcalibur|100\/100\n|-heal|p2b: Cresselia|100\/100\n|\n|upkeep\n|\n|t:|1698161258\n|switch|p1b: Dragonite|Dragonite, M, shiny|100\/100\n|turn|9\n|inactive|saucy_099 has 120 seconds left.\n|\n|t:|1698161282\n|-terastallize|p1b: Dragonite|Normal\n|move|p1a: Tornadus|Protect|p1a: Tornadus\n|-singleturn|p1a: Tornadus|Protect\n|move|p2a: Baxcalibur|Ice Shard|p1a: Tornadus\n|-activate|p1a: Tornadus|move: Protect\n|move|p2b: Cresselia|Moonblast|p1b: Dragonite\n|-damage|p1b: Dragonite|84\/100\n|move|p1b: Dragonite|Dragon Claw|p2a: Baxcalibur\n|-supereffective|p2a: Baxcalibur\n|-damage|p2a: Baxcalibur|0 fnt\n|faint|p2a: Baxcalibur\n|\n|-fieldend|move: Trick Room\n|upkeep\n|\n|t:|1698161300\n|switch|p2a: Chi-Yu|Chi-Yu, tera:Ghost|34\/100\n|-ability|p2a: Chi-Yu|Beads of Ruin\n|turn|10\n|inactive|ChimeBliss has 120 seconds left.\n|inactive|saucy_099 has 90 seconds left.\n|\n|t:|1698161351\n|move|p2b: Cresselia|Helping Hand|p2a: Chi-Yu\n|-singleturn|p2a: Chi-Yu|Helping Hand|[of] p2b: Cresselia\n|move|p1a: Tornadus|Tailwind|p1a: Tornadus\n|-sidestart|p1: ChimeBliss|move: Tailwind\n|move|p1b: Dragonite|Dragon Claw|p2a: Chi-Yu\n|-damage|p2a: Chi-Yu|0 fnt\n|faint|p2a: Chi-Yu\n|\n|upkeep\n|inactive|saucy_099 has 90 seconds left.\n|\n|t:|1698161365\n|switch|p2a: Sinistcha|Sinistcha|100\/100\n|turn|11\n|inactive|saucy_099 has 90 seconds left.\n|\n|t:|1698161391\n|move|p2a: Sinistcha|Protect|p2a: Sinistcha\n|-singleturn|p2a: Sinistcha|Protect\n|move|p1a: Tornadus|Bleakwind Storm|p2a: Sinistcha|[spread] \n|-activate|p2a: Sinistcha|move: Protect\n|-miss|p1a: Tornadus|p2b: Cresselia\n|move|p1b: Dragonite|Dragon Claw|p2a: Sinistcha\n|-activate|p2a: Sinistcha|move: Protect\n|move|p2b: Cresselia|Trick Room|p2b: Cresselia\n|-fieldstart|move: Trick Room|[of] p2b: Cresselia\n|\n|upkeep\n|turn|12\n|inactive|saucy_099 has 90 seconds left.\n|\n|t:|1698161411\n|move|p1a: Tornadus|Protect|p1a: Tornadus\n|-singleturn|p1a: Tornadus|Protect\n|move|p2a: Sinistcha|Matcha Gotcha|p1b: Dragonite|[spread] p1b\n|-activate|p1a: Tornadus|move: Protect\n|-damage|p1b: Dragonite|53\/100\n|move|p2b: Cresselia|Moonblast|p1b: Dragonite\n|-damage|p1b: Dragonite|38\/100\n|move|p1b: Dragonite|Dragon Claw|p2a: Sinistcha\n|-damage|p2a: Sinistcha|29\/100\n|\n|-heal|p2a: Sinistcha|35\/100|[from] item: Leftovers\n|upkeep\n|turn|13\n|\n|t:|1698161431\n|move|p2a: Sinistcha|Matcha Gotcha|p1b: Dragonite|[spread] p1a,p1b\n|-resisted|p1a: Tornadus\n|-damage|p1a: Tornadus|0 fnt\n|-heal|p2a: Sinistcha|35\/100|[from] drain|[of] p1a: Tornadus\n|-damage|p1b: Dragonite|8\/100\n|-heal|p2a: Sinistcha|51\/100|[from] drain|[of] p1b: Dragonite\n|faint|p1a: Tornadus\n|move|p2b: Cresselia|Moonblast|p1b: Dragonite\n|-damage|p1b: Dragonite|0 fnt\n|faint|p1b: Dragonite\n|\n|win|saucy_099\n|raw|ChimeBliss's rating: 1484 &rarr; <strong>1461<\/strong><br \/>(-23 for losing)\n|raw|saucy_099's rating: 1424 &rarr; <strong>1447<\/strong><br \/>(+23 for winning)\n|c|\u2606ChimeBliss|gg\n","uploadtime":1698161436,"views":14,"p1id":"chimebliss","p2id":"saucy099","formatid":"gen9doublesou","rating":1447,"private":0,"password":""}