{"id":"gen9doublesou-1977004840","p1":"yjWictor Rafael","p2":"upgood12345","format":"[Gen 9] Doubles OU","log":"|j|\u2606yjWictor Rafael\n|j|\u2606upgood12345\n|t:|1698360908\n|gametype|doubles\n|player|p1|yjWictor Rafael|n|1093\n|player|p2|upgood12345|102|1096\n|teamsize|p1|6\n|teamsize|p2|6\n|gen|9\n|tier|[Gen 9] Doubles OU\n|rated|\n|rule|Species Clause: Limit one of each Pok\u00e9mon\n|rule|OHKO Clause: OHKO moves are banned\n|rule|Evasion Moves Clause: Evasion moves are banned\n|rule|Gravity Sleep Clause: The combination of sleep-inducing moves with imperfect accuracy and Gravity or Gigantamax Orbeetle are banned\n|rule|Endless Battle Clause: Forcing endless battles is banned\n|rule|HP Percentage Mod: HP is shown in percentages\n|clearpoke\n|poke|p1|Iron Hands|\n|poke|p1|Rotom-Fan|\n|poke|p1|Glimmora, F|\n|poke|p1|Sylveon, F|\n|poke|p1|Dragapult, M|\n|poke|p1|Grimmsnarl, M|\n|poke|p2|Flittle, M|\n|poke|p2|Wigglytuff, F|\n|poke|p2|Sylveon, F|\n|poke|p2|Clefairy, M|\n|poke|p2|Klefki, F|\n|poke|p2|Grafaiai, M|\n|teampreview\n|inactive|Battle timer is ON: inactive players will automatically lose when time's up. (requested by upgood12345)\n|\n|t:|1698360939\n|start\n|switch|p1a: Glimmora|Glimmora, F|100\/100\n|switch|p1b: Rotom|Rotom-Fan|100\/100\n|switch|p2a: Flittle|Flittle, M|100\/100\n|switch|p2b: Wigglytuff|Wigglytuff, F, shiny|100\/100\n|turn|1\n|\n|t:|1698360964\n|-terastallize|p2b: Wigglytuff|Steel\n|move|p1a: Glimmora|Mortal Spin|p2b: Wigglytuff|[spread] p2a\n|-immune|p2b: Wigglytuff\n|-damage|p2a: Flittle|83\/100\n|-status|p2a: Flittle|psn\n|move|p2a: Flittle|Skill Swap|p2b: Wigglytuff\n|-activate|p2a: Flittle|move: Skill Swap|||[of] p2b: Wigglytuff\n|move|p1b: Rotom|Will-O-Wisp||[still]\n|-fail|p1b: Rotom\n|move|p2b: Wigglytuff|Nasty Plot|p2b: Wigglytuff\n|-boost|p2b: Wigglytuff|spa|2\n|\n|-damage|p2a: Flittle|70\/100 psn|[from] psn\n|-ability|p2b: Wigglytuff|Speed Boost|boost\n|-boost|p2b: Wigglytuff|spe|1\n|upkeep\n|turn|2\n|\n|t:|1698360991\n|-terastallize|p1a: Glimmora|Ground\n|move|p2b: Wigglytuff|Protect|p2b: Wigglytuff\n|-singleturn|p2b: Wigglytuff|Protect\n|move|p1a: Glimmora|Earth Power|p2b: Wigglytuff\n|-activate|p2b: Wigglytuff|move: Protect\n|move|p2a: Flittle|Skill Swap|p1a: Glimmora\n|-activate|p2a: Flittle|move: Skill Swap|Toxic Debris|Competitive|[of] p1a: Glimmora\n|move|p1b: Rotom|Hex|p2a: Flittle\n|-supereffective|p2a: Flittle\n|-damage|p2a: Flittle|0 fnt\n|faint|p2a: Flittle\n|\n|-ability|p2b: Wigglytuff|Speed Boost|boost\n|-boost|p2b: Wigglytuff|spe|1\n|upkeep\n|inactive|upgood12345 has 120 seconds left.\n|\n|t:|1698361017\n|switch|p2a: Clefairy|Clefairy, M|100\/100\n|turn|3\n|\n|t:|1698361042\n|move|p2a: Clefairy|Follow Me|p2a: Clefairy\n|-singleturn|p2a: Clefairy|move: Follow Me\n|move|p1a: Glimmora|Earth Power|p2a: Clefairy\n|-damage|p2a: Clefairy|70\/100\n|move|p2b: Wigglytuff|Nasty Plot|p2b: Wigglytuff\n|-boost|p2b: Wigglytuff|spa|2\n|move|p1b: Rotom|Air Slash|p2a: Clefairy\n|-damage|p2a: Clefairy|48\/100\n|\n|-ability|p2b: Wigglytuff|Speed Boost|boost\n|-boost|p2b: Wigglytuff|spe|1\n|upkeep\n|turn|4\n|-activate|p1b: Rotom|item: Quick Claw\n|\n|t:|1698361071\n|move|p2b: Wigglytuff|Protect|p2b: Wigglytuff\n|-singleturn|p2b: Wigglytuff|Protect\n|move|p1a: Glimmora|Spiky Shield|p1a: Glimmora\n|-singleturn|p1a: Glimmora|move: Protect\n|move|p1b: Rotom|Air Slash|p2a: Clefairy\n|-crit|p2a: Clefairy\n|-damage|p2a: Clefairy|10\/100\n|cant|p2a: Clefairy|flinch\n|\n|-ability|p2b: Wigglytuff|Speed Boost|boost\n|-boost|p2b: Wigglytuff|spe|1\n|upkeep\n|turn|5\n|\n|t:|1698361087\n|move|p1a: Glimmora|Spiky Shield|p1a: Glimmora\n|-singleturn|p1a: Glimmora|move: Protect\n|move|p2a: Clefairy|Follow Me|p2a: Clefairy\n|-singleturn|p2a: Clefairy|move: Follow Me\n|move|p2b: Wigglytuff|Hyper Voice|p1b: Rotom|[spread] p1b\n|-activate|p1a: Glimmora|move: Protect\n|-damage|p1b: Rotom|1\/100\n|move|p1b: Rotom|Air Slash|p2a: Clefairy\n|-damage|p2a: Clefairy|0 fnt\n|faint|p2a: Clefairy\n|\n|-ability|p2b: Wigglytuff|Speed Boost|boost\n|-boost|p2b: Wigglytuff|spe|1\n|upkeep\n|\n|t:|1698361104\n|switch|p2a: Grafaiai|Grafaiai, M|100\/100\n|turn|6\n|\n|t:|1698361113\n|move|p2a: Grafaiai|Encore|p1a: Glimmora\n|-start|p1a: Glimmora|Encore\n|move|p2b: Wigglytuff|Hyper Voice|p1b: Rotom|[spread] p1a,p1b\n|-enditem|p1a: Glimmora|Focus Sash\n|-damage|p1a: Glimmora|1\/100\n|-damage|p1b: Rotom|0 fnt\n|faint|p1b: Rotom\n|move|p1a: Glimmora|Spiky Shield||[still]\n|-fail|p1a: Glimmora\n|\n|-ability|p2b: Wigglytuff|Speed Boost|boost\n|-boost|p2b: Wigglytuff|spe|1\n|upkeep\n|\n|t:|1698361134\n|switch|p1b: Iron Hands|Iron Hands|100\/100\n|turn|7\n|\n|t:|1698361147\n|move|p2b: Wigglytuff|Protect|p2b: Wigglytuff\n|-singleturn|p2b: Wigglytuff|Protect\n|move|p1a: Glimmora|Spiky Shield|p1a: Glimmora\n|-singleturn|p1a: Glimmora|move: Protect\n|move|p2a: Grafaiai|Parting Shot|p1b: Iron Hands\n|-unboost|p1b: Iron Hands|atk|1\n|-unboost|p1b: Iron Hands|spa|1\n|\n|t:|1698361164\n|switch|p2a: Sylveon|Sylveon, F|100\/100|[from] Parting Shot\n|move|p1b: Iron Hands|Force Palm|p2b: Wigglytuff\n|-activate|p2b: Wigglytuff|move: Protect\n|\n|upkeep\n|turn|8\n|\n|t:|1698361180\n|-end|p1b: Iron Hands|Quark Drive|[silent]\n|switch|p1b: Grimmsnarl|Grimmsnarl, M, shiny|100\/100\n|move|p1a: Glimmora|Spiky Shield|p1a: Glimmora\n|-singleturn|p1a: Glimmora|move: Protect\n|move|p2b: Wigglytuff|Hyper Voice|p1b: Grimmsnarl|[spread] p1b\n|-activate|p1a: Glimmora|move: Protect\n|-damage|p1b: Grimmsnarl|13\/100\n|-enditem|p1b: Grimmsnarl|Sitrus Berry|[eat]\n|-heal|p1b: Grimmsnarl|38\/100|[from] item: Sitrus Berry\n|move|p2a: Sylveon|Psych Up|p2b: Wigglytuff\n|-copyboost|p2a: Sylveon|p2b: Wigglytuff|[from] move: Psych Up\n|\n|-end|p1a: Glimmora|Encore\n|upkeep\n|turn|9\n|\n|t:|1698361208\n|move|p2b: Wigglytuff|Protect|p2b: Wigglytuff\n|-singleturn|p2b: Wigglytuff|Protect\n|move|p1b: Grimmsnarl|Parting Shot|p2a: Sylveon\n|-unboost|p2a: Sylveon|atk|1\n|-unboost|p2a: Sylveon|spa|1\n|inactive|yjWictor Rafael has 120 seconds left.\n|\n|t:|1698361221\n|switch|p1b: Iron Hands|Iron Hands|100\/100|[from] Parting Shot\n|move|p2a: Sylveon|Hyper Voice|p1a: Glimmora|[spread] p1a,p1b\n|-supereffective|p1b: Iron Hands\n|-damage|p1a: Glimmora|0 fnt\n|-damage|p1b: Iron Hands|0 fnt\n|faint|p1a: Glimmora\n|faint|p1b: Iron Hands\n|-end|p1b: Iron Hands|Quark Drive|[silent]\n|\n|upkeep\n|inactive|yjWictor Rafael has 120 seconds left.\n|\n|t:|1698361233\n|switch|p1a: Dragapult|Dragapult, M|100\/100\n|switch|p1b: Grimmsnarl|Grimmsnarl, M, shiny|38\/100\n|turn|10\n|\n|t:|1698361245\n|move|p1b: Grimmsnarl|Fake Out|p2a: Sylveon\n|-damage|p2a: Sylveon|85\/100\n|cant|p2a: Sylveon|flinch\n|move|p2b: Wigglytuff|Dazzling Gleam|p1a: Dragapult|[spread] p1a,p1b\n|-supereffective|p1a: Dragapult\n|-supereffective|p1b: Grimmsnarl\n|-damage|p1a: Dragapult|0 fnt\n|-damage|p1b: Grimmsnarl|0 fnt\n|faint|p1a: Dragapult\n|faint|p1b: Grimmsnarl\n|\n|upkeep\n|inactive|yjWictor Rafael has 120 seconds left.\n|c|\u2606yjWictor Rafael|Good team\n|\n|t:|1698361267\n|switch|p1b: Sylveon|Sylveon, F, shiny|100\/100\n|turn|11\n|\n|t:|1698361279\n|move|p1b: Sylveon|Detect|p1b: Sylveon\n|-singleturn|p1b: Sylveon|Protect\n|move|p2a: Sylveon|Stored Power|p1b: Sylveon\n|-activate|p1b: Sylveon|move: Protect\n|move|p2b: Wigglytuff|Hyper Voice|p1b: Sylveon\n|-activate|p1b: Sylveon|move: Protect\n|\n|upkeep\n|turn|12\n|\n|t:|1698361291\n|move|p2a: Sylveon|Stored Power|p1b: Sylveon\n|-damage|p1b: Sylveon|0 fnt\n|faint|p1b: Sylveon\n|\n|win|upgood12345\n|raw|yjWictor Rafael's rating: 1093 &rarr; <strong>1069<\/strong><br \/>(-24 for losing)\n|raw|upgood12345's rating: 1096 &rarr; <strong>1121<\/strong><br \/>(+25 for winning)\n","uploadtime":1698361298,"views":21,"p1id":"yjwictorrafael","p2id":"upgood12345","formatid":"gen9doublesou","rating":1069,"private":0,"password":""}