{"id":"gen9doublesou-1974804142","p1":"banwobDPP","p2":"MrDrainPunch","format":"[Gen 9] Doubles OU","log":"|j|\u2606banwobDPP\n|j|\u2606MrDrainPunch\n|inactive|Battle timer is ON: inactive players will automatically lose when time's up.\n|t:|1698127174\n|gametype|doubles\n|player|p1|banwobDPP|n-masters|\n|player|p2|MrDrainPunch|nurseryaide|\n|teamsize|p1|6\n|teamsize|p2|6\n|gen|9\n|tier|[Gen 9] Doubles OU\n|rated|Tournament battle\n|rule|Species Clause: Limit one of each Pok\u00e9mon\n|rule|OHKO Clause: OHKO moves are banned\n|rule|Evasion Moves Clause: Evasion moves are banned\n|rule|Gravity Sleep Clause: The combination of sleep-inducing moves with imperfect accuracy and Gravity or Gigantamax Orbeetle are banned\n|rule|Endless Battle Clause: Forcing endless battles is banned\n|rule|HP Percentage Mod: HP is shown in percentages\n|clearpoke\n|poke|p1|Weezing-Galar, M|\n|poke|p1|Iron Hands|\n|poke|p1|Indeedee, M|\n|poke|p1|Azelf|\n|poke|p1|Roaring Moon|\n|poke|p1|Chi-Yu|\n|poke|p2|Rillaboom, F|\n|poke|p2|Ogerpon-Hearthflame, F|\n|poke|p2|Chien-Pao|\n|poke|p2|Dragonite, M|\n|poke|p2|Flutter Mane|\n|poke|p2|Volcanion|\n|teampreview\n|j|*Lady Monita \u263d\n|inactive|MrDrainPunch also wants the timer to be on.\n|c|\u2606MrDrainPunch|Glhf\n|\n|t:|1698127202\n|start\n|switch|p1a: Weezing|Weezing-Galar, M|100\/100\n|switch|p1b: Azelf|Azelf|100\/100\n|switch|p2a: Rillaboom|Rillaboom, F|100\/100\n|switch|p2b: Ogerpon|Ogerpon-Hearthflame, F|100\/100\n|-ability|p1a: Weezing|Neutralizing Gas\n|turn|1\n|\n|t:|1698127219\n|-end|p1a: Weezing|ability: Neutralizing Gas\n|-ability|p2b: Ogerpon|Mold Breaker\n|-fieldstart|move: Grassy Terrain|[from] ability: Grassy Surge|[of] p2a: Rillaboom\n|switch|p1a: Indeedee|Indeedee, M|100\/100\n|-fieldstart|move: Psychic Terrain|[from] ability: Psychic Surge|[of] p1a: Indeedee\n|move|p1b: Azelf|Nasty Plot|p1b: Azelf\n|-boost|p1b: Azelf|spa|2\n|move|p2b: Ogerpon|Ivy Cudgel|p1b: Azelf\n|-damage|p1b: Azelf|0 fnt\n|faint|p1b: Azelf\n|move|p2a: Rillaboom|Wood Hammer|p1a: Indeedee\n|-damage|p1a: Indeedee|0 fnt\n|faint|p1a: Indeedee\n|-damage|p2a: Rillaboom|78\/100|[from] Recoil\n|\n|upkeep\n|inactive|banwobDPP has 120 seconds left.\n|\n|t:|1698127247\n|switch|p1b: Roaring Moon|Roaring Moon|100\/100\n|switch|p1a: Weezing|Weezing-Galar, M|100\/100\n|-ability|p1a: Weezing|Neutralizing Gas\n|-enditem|p1b: Roaring Moon|Booster Energy\n|-activate|p1b: Roaring Moon|ability: Protosynthesis|[fromitem]\n|-start|p1b: Roaring Moon|protosynthesisspe\n|turn|2\n|\n|t:|1698127263\n|move|p1b: Roaring Moon|Acrobatics|p2a: Rillaboom\n|-supereffective|p2a: Rillaboom\n|-damage|p2a: Rillaboom|0 fnt\n|faint|p2a: Rillaboom\n|move|p2b: Ogerpon|Ivy Cudgel|p1b: Roaring Moon\n|-resisted|p1b: Roaring Moon\n|-damage|p1b: Roaring Moon|62\/100\n|move|p1a: Weezing|Gunk Shot|p2b: Ogerpon\n|-supereffective|p2b: Ogerpon\n|-damage|p2b: Ogerpon|21\/100\n|\n|upkeep\n|\n|t:|1698127278\n|switch|p2a: Volcanion|Volcanion|100\/100\n|turn|3\n|\n|t:|1698127306\n|move|p2b: Ogerpon|Protect|p2b: Ogerpon\n|-singleturn|p2b: Ogerpon|Protect\n|move|p1a: Weezing|Protect|p1a: Weezing\n|-singleturn|p1a: Weezing|Protect\n|move|p1b: Roaring Moon|Knock Off|p2a: Volcanion\n|-damage|p2a: Volcanion|67\/100\n|-enditem|p2a: Volcanion|Leftovers|[from] move: Knock Off|[of] p1b: Roaring Moon\n|move|p2a: Volcanion|Body Press|p1b: Roaring Moon\n|-supereffective|p1b: Roaring Moon\n|-damage|p1b: Roaring Moon|4\/100\n|\n|upkeep\n|turn|4\n|\n|t:|1698127327\n|move|p1b: Roaring Moon|Breaking Swipe|p2b: Ogerpon|[spread] p2a,p2b\n|-damage|p2a: Volcanion|54\/100\n|-damage|p2b: Ogerpon|0 fnt\n|-unboost|p2a: Volcanion|atk|1\n|faint|p2b: Ogerpon\n|move|p1a: Weezing|Gunk Shot|p2a: Volcanion|[miss]\n|-miss|p1a: Weezing|p2a: Volcanion\n|move|p2a: Volcanion|Heat Wave|p1a: Weezing|[spread] p1a,p1b\n|-resisted|p1b: Roaring Moon\n|-damage|p1a: Weezing|68\/100\n|-damage|p1b: Roaring Moon|0 fnt\n|faint|p1b: Roaring Moon\n|-end|p1b: Roaring Moon|Protosynthesis|[silent]\n|\n|-heal|p1a: Weezing|74\/100|[from] item: Leftovers\n|upkeep\n|\n|t:|1698127339\n|switch|p1b: Chi-Yu|Chi-Yu|100\/100\n|switch|p2b: Dragonite|Dragonite, M|100\/100\n|turn|5\n|inactive|banwobDPP has 120 seconds left.\n|\n|t:|1698127384\n|move|p1b: Chi-Yu|Dark Pulse|p2a: Volcanion\n|-damage|p2a: Volcanion|11\/100\n|move|p2b: Dragonite|Stomping Tantrum|p1a: Weezing\n|-supereffective|p1a: Weezing\n|-damage|p1a: Weezing|3\/100\n|move|p1a: Weezing|Will-O-Wisp|p2b: Dragonite|[miss]\n|-miss|p1a: Weezing|p2b: Dragonite\n|move|p2a: Volcanion|Body Press|p1b: Chi-Yu\n|-supereffective|p1b: Chi-Yu\n|-damage|p1b: Chi-Yu|23\/100\n|\n|-heal|p1a: Weezing|9\/100|[from] item: Leftovers\n|-fieldend|move: Psychic Terrain\n|upkeep\n|turn|6\n|inactive|banwobDPP has 120 seconds left.\n|\n|t:|1698127401\n|move|p1a: Weezing|Protect|p1a: Weezing\n|-singleturn|p1a: Weezing|Protect\n|move|p2a: Volcanion|Protect|p2a: Volcanion\n|-singleturn|p2a: Volcanion|Protect\n|move|p1b: Chi-Yu|Heat Wave|p2b: Dragonite|[spread] p2b\n|-activate|p2a: Volcanion|move: Protect\n|-resisted|p2b: Dragonite\n|-damage|p2b: Dragonite|83\/100\n|-status|p2b: Dragonite|brn\n|move|p2b: Dragonite|Stomping Tantrum|p1a: Weezing\n|-activate|p1a: Weezing|move: Protect\n|\n|-heal|p1a: Weezing|15\/100|[from] item: Leftovers\n|-damage|p2b: Dragonite|77\/100 brn|[from] brn\n|upkeep\n|turn|7\n|inactive|banwobDPP has 120 seconds left.\n|\n|t:|1698127428\n|-end|p1a: Weezing|ability: Neutralizing Gas\n|-ability|p1b: Chi-Yu|Beads of Ruin\n|switch|p1a: Iron Hands|Iron Hands|100\/100\n|move|p1b: Chi-Yu|Snarl|p2b: Dragonite|[spread] p2a,p2b\n|-damage|p2a: Volcanion|0 fnt\n|-damage|p2b: Dragonite|50\/100 brn\n|-unboost|p2b: Dragonite|spa|1\n|faint|p2a: Volcanion\n|move|p2b: Dragonite|Stomping Tantrum|p1a: Iron Hands\n|-supereffective|p1a: Iron Hands\n|-damage|p1a: Iron Hands|70\/100\n|\n|-damage|p2b: Dragonite|44\/100 brn|[from] brn\n|upkeep\n|\n|t:|1698127440\n|switch|p2a: Flutter Mane|Flutter Mane|100\/100\n|turn|8\n|inactive|banwobDPP has 120 seconds left.\n|\n|t:|1698127469\n|-terastallize|p2a: Flutter Mane|Fairy\n|-terastallize|p1a: Iron Hands|Grass\n|move|p2a: Flutter Mane|Dazzling Gleam|p1a: Iron Hands|[spread] p1a,p1b\n|-damage|p1a: Iron Hands|29\/100\n|-damage|p1b: Chi-Yu|0 fnt\n|faint|p1b: Chi-Yu\n|move|p2b: Dragonite|Stomping Tantrum|p1a: Iron Hands\n|-resisted|p1a: Iron Hands\n|-damage|p1a: Iron Hands|21\/100\n|move|p1a: Iron Hands|Wild Charge|p2a: Flutter Mane\n|-damage|p2a: Flutter Mane|0 fnt\n|faint|p2a: Flutter Mane\n|-end|p2a: Flutter Mane|Protosynthesis|[silent]\n|-damage|p1a: Iron Hands|7\/100|[from] Recoil\n|\n|-damage|p2b: Dragonite|38\/100 brn|[from] brn\n|upkeep\n|\n|t:|1698127477\n|switch|p2a: Chien-Pao|Chien-Pao|100\/100\n|switch|p1b: Weezing|Weezing-Galar, M|15\/100\n|-ability|p1b: Weezing|Neutralizing Gas\n|turn|9\n|\n|t:|1698127504\n|move|p2a: Chien-Pao|Sacred Sword|p1a: Iron Hands\n|-damage|p1a: Iron Hands|0 fnt\n|faint|p1a: Iron Hands\n|-end|p1a: Iron Hands|Quark Drive|[silent]\n|move|p2b: Dragonite|Stomping Tantrum|p1b: Weezing\n|-supereffective|p1b: Weezing\n|-damage|p1b: Weezing|0 fnt\n|faint|p1b: Weezing\n|-end|p1b: Weezing|ability: Neutralizing Gas\n|-ability|p2a: Chien-Pao|Sword of Ruin\n|\n|win|MrDrainPunch\n|n|\u2606banwobDPP|banwobdpp\n|n|\u2606MrDrainPunch|mrdrainpunch\n|n|*Lady Monita \u263d|ladymonita\n","uploadtime":1698127505,"views":18,"p1id":"banwobdpp","p2id":"mrdrainpunch","formatid":"gen9doublesou","rating":0,"private":0,"password":""}