{"id":"gen9doublesou-1988743973","p1":"pogchimp970314","p2":"DragonPhoenix333","format":"[Gen 9] Doubles OU","log":"|j|\u2606pogchimp970314\n|j|\u2606DragonPhoenix333\n|inactive|Battle timer is ON: inactive players will automatically lose when time's up.\n|t:|1699757561\n|gametype|doubles\n|player|p1|pogchimp970314|mai|\n|player|p2|DragonPhoenix333|nobunaga-conquest|\n|teamsize|p1|6\n|teamsize|p2|6\n|gen|9\n|tier|[Gen 9] Doubles OU\n|rated|Tournament battle\n|rule|Species Clause: Limit one of each Pok\u00e9mon\n|rule|OHKO Clause: OHKO moves are banned\n|rule|Evasion Moves Clause: Evasion moves are banned\n|rule|Gravity Sleep Clause: The combination of sleep-inducing moves with imperfect accuracy and Gravity or Gigantamax Orbeetle are banned\n|rule|Endless Battle Clause: Forcing endless battles is banned\n|rule|HP Percentage Mod: HP is shown in percentages\n|clearpoke\n|poke|p1|Glalie, F|\n|poke|p1|Cinderace, F|\n|poke|p1|Weezing-Galar, F|\n|poke|p1|Pikachu, F|\n|poke|p1|Garganacl, M|\n|poke|p1|Wugtrio, M|\n|poke|p2|Mudsdale, F|\n|poke|p2|Kleavor, M|\n|poke|p2|Ninetales-Alola, M|\n|poke|p2|Gliscor, M|\n|poke|p2|Skeledirge, M|\n|poke|p2|Bellibolt, M|\n|teampreview\n|j|*Lady Monita \u2746\n|inactive|pogchimp970314 also wants the timer to be on.\n|c|\u2606pogchimp970314|gl\n|c|\u2606DragonPhoenix333|hf\n|\n|t:|1699757575\n|start\n|switch|p1a: Pikachu|Pikachu, F|100\/100\n|switch|p1b: Wugtrio|Wugtrio, M|100\/100\n|switch|p2a: Kleavor|Kleavor, M, shiny|100\/100\n|switch|p2b: Skeledirge|Skeledirge, M, shiny|100\/100\n|turn|1\n|j| Im dumb srly\n|\n|t:|1699757583\n|move|p2b: Skeledirge|Protect|p2b: Skeledirge\n|-singleturn|p2b: Skeledirge|Protect\n|move|p1a: Pikachu|Fake Out|p2a: Kleavor\n|-resisted|p2a: Kleavor\n|-damage|p2a: Kleavor|90\/100\n|move|p1b: Wugtrio|Triple Dive|p2a: Kleavor\n|-supereffective|p2a: Kleavor\n|-damage|p2a: Kleavor|47\/100\n|-supereffective|p2a: Kleavor\n|-damage|p2a: Kleavor|3\/100\n|-supereffective|p2a: Kleavor\n|-damage|p2a: Kleavor|0 fnt\n|faint|p2a: Kleavor\n|-hitcount|p2: Kleavor|3\n|\n|upkeep\n|\n|t:|1699757589\n|switch|p2a: Ninetales|Ninetales-Alola, M, shiny|100\/100\n|-weather|Snow|[from] ability: Snow Warning|[of] p2a: Ninetales\n|turn|2\n|\n|t:|1699757610\n|switch|p1a: Cinderace|Cinderace, F|100\/100\n|-terastallize|p2b: Skeledirge|Water\n|move|p1b: Wugtrio|Triple Dive|p2b: Skeledirge\n|-resisted|p2b: Skeledirge\n|-damage|p2b: Skeledirge|93\/100\n|-resisted|p2b: Skeledirge\n|-damage|p2b: Skeledirge|87\/100\n|-resisted|p2b: Skeledirge\n|-damage|p2b: Skeledirge|80\/100\n|-hitcount|p2b: Skeledirge|3\n|move|p2a: Ninetales|Encore||[still]\n|-fail|p2a: Ninetales\n|move|p2b: Skeledirge|Torch Song|p1b: Wugtrio\n|-resisted|p1b: Wugtrio\n|-damage|p1b: Wugtrio|58\/100\n|-boost|p2b: Skeledirge|spa|1\n|-enditem|p2b: Skeledirge|Throat Spray\n|-boost|p2b: Skeledirge|spa|1|[from] item: Throat Spray\n|\n|-weather|Snow|[upkeep]\n|upkeep\n|turn|3\n|\n|t:|1699757635\n|move|p1b: Wugtrio|Memento|p2b: Skeledirge\n|-unboost|p2b: Skeledirge|atk|2\n|-unboost|p2b: Skeledirge|spa|2\n|faint|p1b: Wugtrio\n|move|p1a: Cinderace|Pyro Ball|p2a: Ninetales\n|-supereffective|p2a: Ninetales\n|-damage|p2a: Ninetales|0 fnt\n|faint|p2a: Ninetales\n|move|p2b: Skeledirge|Shadow Ball|p1a: Cinderace\n|-damage|p1a: Cinderace|44\/100\n|-unboost|p1a: Cinderace|spd|1\n|\n|-weather|Snow|[upkeep]\n|upkeep\n|\n|t:|1699757646\n|switch|p1b: Pikachu|Pikachu, F|100\/100\n|switch|p2a: Gliscor|Gliscor, M, shiny|100\/100\n|turn|4\n|\n|t:|1699757663\n|move|p2a: Gliscor|Protect|p2a: Gliscor\n|-singleturn|p2a: Gliscor|Protect\n|move|p2b: Skeledirge|Protect|p2b: Skeledirge\n|-singleturn|p2b: Skeledirge|Protect\n|move|p1b: Pikachu|Fake Out|p2b: Skeledirge\n|-activate|p2b: Skeledirge|move: Protect\n|move|p1a: Cinderace|Pyro Ball|p2a: Gliscor\n|-activate|p2a: Gliscor|move: Protect\n|\n|-weather|Snow|[upkeep]\n|-status|p2a: Gliscor|tox|[from] item: Toxic Orb\n|upkeep\n|turn|5\n|\n|t:|1699757676\n|move|p1a: Cinderace|Pyro Ball|p2a: Gliscor|[miss]\n|-miss|p1a: Cinderace|p2a: Gliscor\n|move|p1b: Pikachu|Volt Tackle|p2b: Skeledirge\n|-supereffective|p2b: Skeledirge\n|-damage|p2b: Skeledirge|0 fnt\n|faint|p2b: Skeledirge\n|-damage|p1b: Pikachu|49\/100|[from] Recoil\n|move|p2a: Gliscor|Tailwind|p2a: Gliscor\n|-sidestart|p2: DragonPhoenix333|move: Tailwind\n|\n|-weather|Snow|[upkeep]\n|upkeep\n|\n|t:|1699757683\n|switch|p2b: Bellibolt|Bellibolt, M, shiny|100\/100\n|turn|6\n|j| MysticalmanJoe\n|\n|t:|1699757703\n|move|p2a: Gliscor|Knock Off|p1b: Pikachu\n|-damage|p1b: Pikachu|0 fnt\n|-enditem|p1b: Pikachu|Light Ball|[from] move: Knock Off|[of] p2a: Gliscor\n|faint|p1b: Pikachu\n|move|p1a: Cinderace|Court Change|p1a: Cinderace\n|-start|p1a: Cinderace|typechange|Normal|[from] ability: Libero\n|-swapsideconditions\n|-activate|p1a: Cinderace|move: Court Change\n|move|p2b: Bellibolt|Muddy Water|p1a: Cinderace|[miss]\n|-miss|p2b: Bellibolt|p1a: Cinderace\n|\n|-weather|none\n|upkeep\n|inactive|pogchimp970314 has 120 seconds left.\n|\n|t:|1699757719\n|switch|p1b: Glalie|Glalie, F|100\/100\n|turn|7\n|\n|t:|1699757732\n|switch|p1a: Weezing|Weezing-Galar, F|100\/100\n|move|p1b: Glalie|Substitute|p1b: Glalie\n|-start|p1b: Glalie|Substitute\n|-damage|p1b: Glalie|76\/100\n|move|p2a: Gliscor|Knock Off|p1a: Weezing\n|-resisted|p1a: Weezing\n|-damage|p1a: Weezing|91\/100\n|-enditem|p1a: Weezing|Assault Vest|[from] move: Knock Off|[of] p2a: Gliscor\n|move|p2b: Bellibolt|Soak||[still]\n|-fail|p2b: Bellibolt\n|\n|-heal|p1b: Glalie|82\/100|[from] item: Leftovers\n|-ability|p1b: Glalie|Moody|boost\n|-boost|p1b: Glalie|spe|2\n|-unboost|p1b: Glalie|spd|1\n|upkeep\n|turn|8\n|\n|t:|1699757759\n|move|p1b: Glalie|Protect|p1b: Glalie\n|-singleturn|p1b: Glalie|Protect\n|move|p1a: Weezing|Heat Wave|p2a: Gliscor|[spread] p2a,p2b\n|-damage|p2a: Gliscor|78\/100 tox\n|-damage|p2b: Bellibolt|83\/100\n|-start|p2b: Bellibolt|Charge|Heat Wave|[from] ability: Electromorphosis\n|move|p2a: Gliscor|Knock Off|p1b: Glalie\n|-activate|p1b: Glalie|move: Protect\n|move|p2b: Bellibolt|Parabolic Charge|p1b: Glalie|[spread] p1a\n|-activate|p1b: Glalie|move: Protect\n|-immune|p2a: Gliscor\n|-damage|p1a: Weezing|45\/100\n|-heal|p2b: Bellibolt|100\/100|[from] drain|[of] p1a: Weezing\n|-end|p2b: Bellibolt|Charge|[silent]\n|\n|-heal|p1b: Glalie|88\/100|[from] item: Leftovers\n|-heal|p2a: Gliscor|90\/100 tox|[from] ability: Poison Heal\n|-sideend|p1: pogchimp970314|move: Tailwind\n|-ability|p1b: Glalie|Moody|boost\n|-boost|p1b: Glalie|spe|2\n|-unboost|p1b: Glalie|atk|1\n|upkeep\n|turn|9\n|\n|t:|1699757776\n|move|p1b: Glalie|Disable|p2b: Bellibolt\n|-start|p2b: Bellibolt|Disable|Parabolic Charge\n|move|p2a: Gliscor|Knock Off|p1b: Glalie\n|-activate|p1b: Glalie|move: Substitute|[damage]\n|move|p1a: Weezing|Heat Wave|p2b: Bellibolt|[spread] p2a,p2b\n|-damage|p2a: Gliscor|66\/100 tox\n|-damage|p2b: Bellibolt|82\/100\n|-start|p2b: Bellibolt|Charge|Heat Wave|[from] ability: Electromorphosis\n|cant|p2b: Bellibolt|Disable|Parabolic Charge\n|-end|p2b: Bellibolt|Charge|[silent]\n|\n|-heal|p1b: Glalie|94\/100|[from] item: Leftovers\n|-heal|p2b: Bellibolt|88\/100|[from] item: Leftovers\n|-heal|p2a: Gliscor|79\/100 tox|[from] ability: Poison Heal\n|-ability|p1b: Glalie|Moody|boost\n|-boost|p1b: Glalie|def|2\n|-unboost|p1b: Glalie|spa|1\n|upkeep\n|turn|10\n|\n|t:|1699757796\n|move|p1b: Glalie|Freeze-Dry|p2a: Gliscor\n|-supereffective|p2a: Gliscor\n|-damage|p2a: Gliscor|8\/100 tox\n|move|p2a: Gliscor|Knock Off|p1b: Glalie\n|-end|p1b: Glalie|Substitute\n|move|p1a: Weezing|Dazzling Gleam|p2a: Gliscor|[spread] p2a,p2b\n|-damage|p2a: Gliscor|0 fnt\n|-damage|p2b: Bellibolt|63\/100\n|-start|p2b: Bellibolt|Charge|Dazzling Gleam|[from] ability: Electromorphosis\n|faint|p2a: Gliscor\n|move|p2b: Bellibolt|Muddy Water|p1a: Weezing|[spread] p1a,p1b\n|-damage|p1a: Weezing|22\/100\n|-damage|p1b: Glalie|76\/100\n|-unboost|p1b: Glalie|accuracy|1\n|\n|-heal|p1b: Glalie|82\/100|[from] item: Leftovers\n|-heal|p2b: Bellibolt|69\/100|[from] item: Leftovers\n|-ability|p1b: Glalie|Moody|boost\n|-boost|p1b: Glalie|spa|2\n|-unboost|p1b: Glalie|spe|1\n|upkeep\n|\n|t:|1699757799\n|switch|p2a: Mudsdale|Mudsdale, F, shiny|100\/100\n|turn|11\n|j| Zwellish\n|\n|t:|1699757813\n|move|p1b: Glalie|Substitute|p1b: Glalie\n|-start|p1b: Glalie|Substitute\n|-damage|p1b: Glalie|57\/100\n|move|p1a: Weezing|Dazzling Gleam|p2a: Mudsdale|[spread] p2a,p2b\n|-damage|p2a: Mudsdale|77\/100\n|-damage|p2b: Bellibolt|44\/100\n|-start|p2b: Bellibolt|Charge|Dazzling Gleam|[from] ability: Electromorphosis\n|-ability|p2a: Mudsdale|Stamina|boost\n|-boost|p2a: Mudsdale|def|1\n|move|p2b: Bellibolt|Toxic||[still]\n|-fail|p2b: Bellibolt\n|move|p2a: Mudsdale|Rock Slide|p1b: Glalie|[spread] p1a,p1b\n|-supereffective|p1b: Glalie\n|-activate|p1b: Glalie|move: Substitute|[damage]\n|-damage|p1a: Weezing|9\/100\n|\n|-heal|p1b: Glalie|63\/100|[from] item: Leftovers\n|-heal|p2b: Bellibolt|50\/100|[from] item: Leftovers\n|-heal|p2a: Mudsdale|83\/100|[from] item: Leftovers\n|-ability|p1b: Glalie|Moody|boost\n|-boost|p1b: Glalie|def|2\n|-unboost|p1b: Glalie|spa|1\n|upkeep\n|turn|12\n|\n|t:|1699757835\n|move|p1b: Glalie|Freeze-Dry|p2a: Mudsdale|[miss]\n|-miss|p1b: Glalie|p2a: Mudsdale\n|move|p1a: Weezing|Dazzling Gleam|p2a: Mudsdale|[spread] p2a,p2b\n|-damage|p2a: Mudsdale|60\/100\n|-damage|p2b: Bellibolt|24\/100\n|-start|p2b: Bellibolt|Charge|Dazzling Gleam|[from] ability: Electromorphosis\n|-ability|p2a: Mudsdale|Stamina|boost\n|-boost|p2a: Mudsdale|def|1\n|move|p2b: Bellibolt|Muddy Water|p1a: Weezing|[spread] p1b\n|-miss|p2b: Bellibolt|p1a: Weezing\n|-end|p1b: Glalie|Substitute\n|move|p2a: Mudsdale|Rock Slide|p1a: Weezing|[spread] p1a,p1b\n|-supereffective|p1b: Glalie\n|-damage|p1a: Weezing|0 fnt\n|-damage|p1b: Glalie|51\/100\n|faint|p1a: Weezing\n|\n|-heal|p1b: Glalie|57\/100|[from] item: Leftovers\n|-heal|p2b: Bellibolt|30\/100|[from] item: Leftovers\n|-heal|p2a: Mudsdale|66\/100|[from] item: Leftovers\n|-end|p2b: Bellibolt|Disable\n|-ability|p1b: Glalie|Moody|boost\n|-boost|p1b: Glalie|spa|2\n|-unboost|p1b: Glalie|spd|1\n|upkeep\n|inactive|pogchimp970314 has 120 seconds left.\n|\n|t:|1699757851\n|switch|p1a: Cinderace|Cinderace, F|44\/100\n|turn|13\n|\n|t:|1699757857\n|move|p2a: Mudsdale|Protect|p2a: Mudsdale\n|-singleturn|p2a: Mudsdale|Protect\n|move|p1b: Glalie|Substitute|p1b: Glalie\n|-start|p1b: Glalie|Substitute\n|-damage|p1b: Glalie|32\/100\n|move|p1a: Cinderace|Pyro Ball|p2b: Bellibolt\n|-damage|p2b: Bellibolt|0 fnt\n|faint|p2b: Bellibolt\n|\n|-heal|p1b: Glalie|39\/100|[from] item: Leftovers\n|-heal|p2a: Mudsdale|72\/100|[from] item: Leftovers\n|-ability|p1b: Glalie|Moody|boost\n|-boost|p1b: Glalie|def|2\n|-unboost|p1b: Glalie|spa|1\n|upkeep\n|turn|14\n|c|\u2606pogchimp970314|gg\n|c|\u2606DragonPhoenix333|gg\n|\n|t:|1699757872\n|move|p1b: Glalie|Freeze-Dry|p2a: Mudsdale\n|-supereffective|p2a: Mudsdale\n|-damage|p2a: Mudsdale|11\/100\n|-ability|p2a: Mudsdale|Stamina|boost\n|-boost|p2a: Mudsdale|def|1\n|move|p1a: Cinderace|High Jump Kick|p2a: Mudsdale\n|-start|p1a: Cinderace|typechange|Fighting|[from] ability: Libero\n|-crit|p2a: Mudsdale\n|-damage|p2a: Mudsdale|0 fnt\n|faint|p2a: Mudsdale\n|\n|win|pogchimp970314\n|n|\u2606pogchimp970314|pogchimp970314\n|n|\u2606DragonPhoenix333|dragonphoenix333\n|n|*Lady Monita \u2746|ladymonita\n|n| Im dumb srly|imdumbsrly\n|n| MysticalmanJoe|mysticalmanjoe\n|n| Zwellish|zwellish\n","uploadtime":1699757874,"views":9,"p1id":"pogchimp970314","p2id":"dragonphoenix333","formatid":"gen9doublesou","rating":0,"private":0,"password":""}