{"id":"gen9doublesou-1995755695","p1":"MattCol","p2":"gonegeb","format":"[Gen 9] Doubles OU","log":"|j|\u2606MattCol\n|j|\u2606gonegeb\n|t:|1700600150\n|gametype|doubles\n|player|p1|MattCol|266|\n|player|p2|gonegeb|alain|\n|teamsize|p1|6\n|teamsize|p2|6\n|gen|9\n|tier|[Gen 9] Doubles OU\n|rule|Species Clause: Limit one of each Pok\u00e9mon\n|rule|OHKO Clause: OHKO moves are banned\n|rule|Evasion Moves Clause: Evasion moves are banned\n|rule|Gravity Sleep Clause: The combination of sleep-inducing moves with imperfect accuracy and Gravity or Gigantamax Orbeetle are banned\n|rule|Endless Battle Clause: Forcing endless battles is banned\n|rule|HP Percentage Mod: HP is shown in percentages\n|clearpoke\n|poke|p1|Quaquaval, F|\n|poke|p1|Baxcalibur, F|\n|poke|p1|Cinderace, F|\n|poke|p1|Slowbro-Galar, M|\n|poke|p1|Zarude-Dada|\n|poke|p1|Pelipper, M|\n|poke|p2|Lucario, M|\n|poke|p2|Umbreon, M|\n|poke|p2|Arcanine, F|\n|poke|p2|Maushold|\n|poke|p2|Ceruledge, M|\n|poke|p2|Torkoal, M|\n|teampreview\n|\n|t:|1700600155\n|start\n|switch|p1a: Cinderace|Cinderace, F|100\/100\n|switch|p1b: Slowbro|Slowbro-Galar, M|100\/100\n|switch|p2a: Obsidian|Ceruledge, M, shiny|100\/100\n|switch|p2b: Pryna|Arcanine, F, shiny|100\/100\n|-ability|p2b: Pryna|Intimidate|boost\n|-unboost|p1a: Cinderace|atk|1\n|-unboost|p1b: Slowbro|atk|1\n|turn|1\n|-activate|p1b: Slowbro|ability: Quick Draw\n|\n|t:|1700600180\n|move|p1b: Slowbro|Shadow Ball|p2a: Obsidian\n|-supereffective|p2a: Obsidian\n|-damage|p2a: Obsidian|61\/100\n|-enditem|p2a: Obsidian|Weakness Policy\n|-boost|p2a: Obsidian|atk|2|[from] item: Weakness Policy\n|-boost|p2a: Obsidian|spa|2|[from] item: Weakness Policy\n|move|p1a: Cinderace|U-turn|p2a: Obsidian\n|-start|p1a: Cinderace|typechange|Bug|[from] ability: Libero\n|-resisted|p2a: Obsidian\n|-damage|p2a: Obsidian|52\/100\n|-damage|p1a: Cinderace|91\/100|[from] item: Life Orb\n|\n|t:|1700600192\n|switch|p1a: Pelipper|Pelipper, M|100\/100|[from] U-turn\n|-weather|RainDance|[from] ability: Drizzle|[of] p1a: Pelipper\n|move|p2b: Pryna|Sunny Day|p2b: Pryna\n|-weather|SunnyDay\n|move|p2a: Obsidian|Bitter Blade|p1b: Slowbro\n|-damage|p1b: Slowbro|6\/100\n|-heal|p2a: Obsidian|100\/100|[from] drain|[of] p1b: Slowbro\n|\n|-weather|SunnyDay|[upkeep]\n|upkeep\n|turn|2\n|\n|t:|1700600215\n|switch|p1b: Cinderace|Cinderace, F|91\/100\n|move|p2a: Obsidian|Protect|p2a: Obsidian\n|-singleturn|p2a: Obsidian|Protect\n|move|p2b: Pryna|Extreme Speed|p1b: Cinderace\n|-damage|p1b: Cinderace|63\/100\n|move|p1a: Pelipper|Tailwind|p1a: Pelipper\n|-sidestart|p1: MattCol|move: Tailwind\n|\n|-weather|SunnyDay|[upkeep]\n|upkeep\n|turn|3\n|\n|t:|1700600236\n|switch|p1a: Zarude|Zarude-Dada|100\/100\n|move|p1b: Cinderace|Pyro Ball|p2b: Pryna\n|-resisted|p2b: Pryna\n|-damage|p2b: Pryna|52\/100\n|-damage|p1b: Cinderace|53\/100|[from] item: Life Orb\n|move|p2b: Pryna|Flare Blitz|p2a: Obsidian\n|-start|p2a: Obsidian|ability: Flash Fire\n|move|p2a: Obsidian|Bitter Blade|p1a: Zarude\n|-supereffective|p1a: Zarude\n|-enditem|p1a: Zarude|Focus Sash\n|-damage|p1a: Zarude|1\/100\n|\n|-weather|SunnyDay|[upkeep]\n|upkeep\n|turn|4\n|\n|t:|1700600271\n|move|p2b: Pryna|Extreme Speed|p1a: Zarude\n|-damage|p1a: Zarude|0 fnt\n|faint|p1a: Zarude\n|move|p1b: Cinderace|U-turn|p2a: Obsidian\n|-start|p1b: Cinderace|typechange|Bug|[from] ability: Libero\n|-resisted|p2a: Obsidian\n|-damage|p2a: Obsidian|87\/100\n|-damage|p1b: Cinderace|43\/100|[from] item: Life Orb\n|\n|t:|1700600286\n|switch|p1b: Slowbro|Slowbro-Galar, M|6\/100|[from] U-turn\n|move|p2a: Obsidian|Bitter Blade|p1b: Slowbro\n|-crit|p1b: Slowbro\n|-damage|p1b: Slowbro|0 fnt\n|-heal|p2a: Obsidian|90\/100|[from] drain|[of] p1b: Slowbro\n|faint|p1b: Slowbro\n|\n|-weather|SunnyDay|[upkeep]\n|upkeep\n|\n|t:|1700600299\n|switch|p1a: Pelipper|Pelipper, M|100\/100\n|switch|p1b: Baxcalibur|Baxcalibur, F|100\/100\n|-weather|RainDance|[from] ability: Drizzle|[of] p1a: Pelipper\n|turn|5\n|\n|t:|1700600325\n|switch|p2b: The Meta|Torkoal, M, shiny|100\/100\n|-weather|SunnyDay|[from] ability: Drought|[of] p2b: The Meta\n|-terastallize|p1b: Baxcalibur|Fairy\n|move|p1b: Baxcalibur|Swords Dance|p1b: Baxcalibur\n|-boost|p1b: Baxcalibur|atk|2\n|move|p1a: Pelipper|Hydro Pump|p2b: The Meta\n|-supereffective|p2b: The Meta\n|-damage|p2b: The Meta|39\/100\n|move|p2a: Obsidian|Bitter Blade|p1b: Baxcalibur\n|-damage|p1b: Baxcalibur|0 fnt\n|-heal|p2a: Obsidian|100\/100|[from] drain|[of] p1b: Baxcalibur\n|faint|p1b: Baxcalibur\n|\n|-weather|SunnyDay|[upkeep]\n|-sideend|p1: MattCol|move: Tailwind\n|upkeep\n|\n|t:|1700600344\n|switch|p1b: Cinderace|Cinderace, F|43\/100\n|turn|6\n|\n|t:|1700600368\n|move|p2b: The Meta|Protect|p2b: The Meta\n|-singleturn|p2b: The Meta|Protect\n|move|p1b: Cinderace|Pyro Ball|p2b: The Meta\n|-activate|p2b: The Meta|move: Protect\n|move|p2a: Obsidian|Bitter Blade|p1a: Pelipper\n|-resisted|p1a: Pelipper\n|-damage|p1a: Pelipper|19\/100\n|-enditem|p1a: Pelipper|Eject Button\n|\n|t:|1700600377\n|switch|p1a: Quaquaval|Quaquaval, F|100\/100\n|\n|-weather|SunnyDay|[upkeep]\n|upkeep\n|turn|7\n|\n|t:|1700600405\n|switch|p2b: Pryna|Arcanine, F, shiny|52\/100\n|-ability|p2b: Pryna|Intimidate|boost\n|-unboost|p1a: Quaquaval|atk|1\n|-unboost|p1b: Cinderace|atk|1\n|move|p1b: Cinderace|U-turn|p2a: Obsidian\n|-start|p1b: Cinderace|typechange|Bug|[from] ability: Libero\n|-resisted|p2a: Obsidian\n|-damage|p2a: Obsidian|92\/100\n|-damage|p1b: Cinderace|33\/100|[from] item: Life Orb\n|\n|t:|1700600414\n|switch|p1b: Pelipper|Pelipper, M|19\/100|[from] U-turn\n|-weather|RainDance|[from] ability: Drizzle|[of] p1b: Pelipper\n|move|p1a: Quaquaval|Aqua Step|p2b: Pryna\n|-supereffective|p2b: Pryna\n|-crit|p2b: Pryna\n|-damage|p2b: Pryna|0 fnt\n|-boost|p1a: Quaquaval|spe|1\n|faint|p2b: Pryna\n|-ability|p1a: Quaquaval|Moxie|boost\n|-boost|p1a: Quaquaval|atk|1\n|move|p2a: Obsidian|Bitter Blade|p1a: Quaquaval\n|-resisted|p1a: Quaquaval\n|-crit|p1a: Quaquaval\n|-damage|p1a: Quaquaval|44\/100\n|-heal|p2a: Obsidian|100\/100|[from] drain|[of] p1a: Quaquaval\n|\n|-weather|RainDance|[upkeep]\n|-heal|p1a: Quaquaval|50\/100|[from] item: Leftovers\n|upkeep\n|\n|t:|1700600425\n|switch|p2b: The Meta|Torkoal, M, shiny|39\/100\n|-weather|SunnyDay|[from] ability: Drought|[of] p2b: The Meta\n|turn|8\n|\n|t:|1700600453\n|move|p2b: The Meta|Protect|p2b: The Meta\n|-singleturn|p2b: The Meta|Protect\n|move|p1a: Quaquaval|Bulk Up|p1a: Quaquaval\n|-boost|p1a: Quaquaval|atk|1\n|-boost|p1a: Quaquaval|def|1\n|move|p2a: Obsidian|Bitter Blade|p1a: Quaquaval\n|-resisted|p1a: Quaquaval\n|-damage|p1a: Quaquaval|0 fnt\n|faint|p1a: Quaquaval\n|move|p1b: Pelipper|Tailwind|p1b: Pelipper\n|-sidestart|p1: MattCol|move: Tailwind\n|\n|-weather|SunnyDay|[upkeep]\n|upkeep\n|\n|t:|1700600466\n|switch|p1a: Cinderace|Cinderace, F|33\/100\n|turn|9\n|\n|t:|1700600521\n|move|p2b: The Meta|Protect||[still]\n|-fail|p2b: The Meta\n|move|p2a: Obsidian|Shadow Sneak|p1b: Pelipper\n|-damage|p1b: Pelipper|0 fnt\n|faint|p1b: Pelipper\n|move|p1a: Cinderace|Pyro Ball|p2b: The Meta\n|-resisted|p2b: The Meta\n|-damage|p2b: The Meta|0 fnt\n|faint|p2b: The Meta\n|-damage|p1a: Cinderace|23\/100|[from] item: Life Orb\n|\n|-weather|SunnyDay|[upkeep]\n|upkeep\n|\n|t:|1700600532\n|switch|p2b: Anubis|Lucario, M|100\/100\n|turn|10\n|\n|t:|1700600582\n|-terastallize|p2a: Obsidian|Fairy\n|move|p2a: Obsidian|Protect|p2a: Obsidian\n|-singleturn|p2a: Obsidian|Protect\n|move|p2b: Anubis|Extreme Speed|p1a: Cinderace\n|-damage|p1a: Cinderace|0 fnt\n|faint|p1a: Cinderace\n|\n|win|gonegeb\n|l|\u2606MattCol\n|player|p2|gonegeb|alain\n","uploadtime":1700600597,"views":1,"p1id":"mattcol","p2id":"gonegeb","formatid":"gen9doublesou","rating":0,"private":0,"password":""}