{"id":"gen9doublesou-1984633343","p1":"cgtuh.ocgoj\u201dfyxtg9","p2":"Zamolodchiva","format":"[Gen 9] Doubles OU","log":"|j|\u2606cgtuh.ocgoj\u201dfyxtg9\n|j|\u2606Zamolodchiva\n|t:|1699286403\n|gametype|doubles\n|player|p1|cgtuh.ocgoj\u201dfyxtg9|1|1220\n|player|p2|Zamolodchiva|elesa|1249\n|teamsize|p1|6\n|teamsize|p2|6\n|gen|9\n|tier|[Gen 9] Doubles OU\n|rated|\n|rule|Species Clause: Limit one of each Pok\u00e9mon\n|rule|OHKO Clause: OHKO moves are banned\n|rule|Evasion Moves Clause: Evasion moves are banned\n|rule|Gravity Sleep Clause: The combination of sleep-inducing moves with imperfect accuracy and Gravity or Gigantamax Orbeetle are banned\n|rule|Endless Battle Clause: Forcing endless battles is banned\n|rule|HP Percentage Mod: HP is shown in percentages\n|clearpoke\n|poke|p1|Talonflame, F|\n|poke|p1|Meowscarada, M|\n|poke|p1|Shiftry, F|\n|poke|p1|Dragonite, M|\n|poke|p1|Ribombee, M|\n|poke|p1|Brambleghast, F|\n|poke|p2|Dragapult, F|\n|poke|p2|Armarouge, F|\n|poke|p2|Indeedee-F, F|\n|poke|p2|Meowscarada, F|\n|poke|p2|Oranguru, M|\n|poke|p2|Torkoal, F|\n|teampreview\n|c|\u2606cgtuh.ocgoj\u201dfyxtg9|glhf\n|\n|t:|1699286418\n|start\n|switch|p1a: palm tree|Dragonite, M, shiny|100\/100\n|switch|p1b: wimby|Shiftry, F|100\/100\n|switch|p2a: Oranguru|Oranguru, M|100\/100\n|switch|p2b: Torkoal|Torkoal, F|100\/100\n|-weather|SunnyDay|[from] ability: Drought|[of] p2b: Torkoal\n|turn|1\n|\n|t:|1699286432\n|-terastallize|p1b: wimby|Water\n|move|p2b: Torkoal|Protect|p2b: Torkoal\n|-singleturn|p2b: Torkoal|Protect\n|move|p1a: palm tree|Extreme Speed|p2a: Oranguru\n|-damage|p2a: Oranguru|69\/100\n|move|p1b: wimby|Knock Off|p2a: Oranguru\n|-supereffective|p2a: Oranguru\n|-crit|p2a: Oranguru\n|-damage|p2a: Oranguru|0 fnt\n|-enditem|p2a: Oranguru|Focus Sash|[from] move: Knock Off|[of] p1b: wimby\n|faint|p2a: Oranguru\n|\n|-weather|SunnyDay|[upkeep]\n|upkeep\n|\n|t:|1699286451\n|switch|p2a: Indeedee|Indeedee-F, F|100\/100\n|-fieldstart|move: Psychic Terrain|[from] ability: Psychic Surge|[of] p2a: Indeedee\n|turn|2\n|\n|t:|1699286459\n|move|p2a: Indeedee|Follow Me|p2a: Indeedee\n|-singleturn|p2a: Indeedee|move: Follow Me\n|move|p1b: wimby|Knock Off|p2a: Indeedee\n|-supereffective|p2a: Indeedee\n|-damage|p2a: Indeedee|0 fnt\n|-enditem|p2a: Indeedee|Terrain Extender|[from] move: Knock Off|[of] p1b: wimby\n|faint|p2a: Indeedee\n|move|p1a: palm tree|Iron Head|p2b: Torkoal\n|-resisted|p2b: Torkoal\n|-damage|p2b: Torkoal|90\/100\n|move|p2b: Torkoal|Eruption|p1a: palm tree|[spread] p1a,p1b\n|-resisted|p1a: palm tree\n|-resisted|p1b: wimby\n|-damage|p1a: palm tree|82\/100\n|-damage|p1b: wimby|40\/100\n|\n|-weather|SunnyDay|[upkeep]\n|-heal|p1a: palm tree|88\/100|[from] item: Leftovers\n|upkeep\n|\n|t:|1699286477\n|switch|p2a: Meowscarada|Meowscarada, F|100\/100\n|turn|3\n|\n|t:|1699286489\n|-terastallize|p2a: Meowscarada|Fairy\n|move|p2a: Meowscarada|Play Rough|p1a: palm tree\n|-supereffective|p1a: palm tree\n|-damage|p1a: palm tree|0 fnt\n|faint|p1a: palm tree\n|-damage|p2a: Meowscarada|91\/100|[from] item: Life Orb\n|move|p1b: wimby|Rock Slide|p2a: Meowscarada|[spread] p2a,p2b\n|-supereffective|p2b: Torkoal\n|-damage|p2a: Meowscarada|66\/100\n|-damage|p2b: Torkoal|60\/100\n|cant|p2b: Torkoal|flinch\n|\n|-weather|SunnyDay|[upkeep]\n|upkeep\n|\n|t:|1699286499\n|switch|p1a: wimdy|Talonflame, F|100\/100\n|turn|4\n|\n|t:|1699286519\n|move|p1a: wimdy|Tailwind|p1a: wimdy\n|-sidestart|p1: cgtuh.ocgoj\u201dfyxtg9|move: Tailwind\n|-ability|p1b: wimby|Wind Rider|boost\n|-boost|p1b: wimby|atk|1\n|move|p1b: wimby|Rock Slide|p2b: Torkoal|[spread] p2a,p2b\n|-supereffective|p2b: Torkoal\n|-damage|p2a: Meowscarada|26\/100\n|-damage|p2b: Torkoal|14\/100\n|cant|p2a: Meowscarada|flinch\n|move|p2b: Torkoal|Eruption|p1b: wimby|[spread] p1a,p1b\n|-resisted|p1a: wimdy\n|-resisted|p1b: wimby\n|-damage|p1a: wimdy|94\/100\n|-damage|p1b: wimby|32\/100\n|\n|-weather|SunnyDay|[upkeep]\n|upkeep\n|turn|5\n|-message|Zamolodchiva forfeited.\n|\n|win|cgtuh.ocgoj\u201dfyxtg9\n|raw|cgtuh.ocgoj\u201dfyxtg9's rating: 1220 &rarr; <strong>1247<\/strong><br \/>(+27 for winning)\n|raw|Zamolodchiva's rating: 1249 &rarr; <strong>1222<\/strong><br \/>(-27 for losing)\n|l|\u2606Zamolodchiva\n","uploadtime":1699286544,"views":11,"p1id":"cgtuhocgojfyxtg9","p2id":"zamolodchiva","formatid":"gen9doublesou","rating":1222,"private":0,"password":""}