{"id":"gen9doublesou-1975045021","p1":"ChimeBliss","p2":"cap531","format":"[Gen 9] Doubles OU","log":"|j|\u2606ChimeBliss\n|j|\u2606cap531\n|t:|1698157562\n|gametype|doubles\n|player|p1|ChimeBliss|dawn-gen4pt|1435\n|player|p2|cap531|byron|1358\n|teamsize|p1|6\n|teamsize|p2|6\n|gen|9\n|tier|[Gen 9] Doubles OU\n|rated|\n|rule|Species Clause: Limit one of each Pok\u00e9mon\n|rule|OHKO Clause: OHKO moves are banned\n|rule|Evasion Moves Clause: Evasion moves are banned\n|rule|Gravity Sleep Clause: The combination of sleep-inducing moves with imperfect accuracy and Gravity or Gigantamax Orbeetle are banned\n|rule|Endless Battle Clause: Forcing endless battles is banned\n|rule|HP Percentage Mod: HP is shown in percentages\n|clearpoke\n|poke|p1|Chien-Pao|\n|poke|p1|Tornadus, M|\n|poke|p1|Dragonite, F|\n|poke|p1|Chi-Yu|\n|poke|p1|Flutter Mane|\n|poke|p1|Landorus, M|\n|poke|p2|Armarouge, M|\n|poke|p2|Indeedee-F, F|\n|poke|p2|Cetitan, M|\n|poke|p2|Abomasnow, M|\n|poke|p2|Hydreigon, F|\n|poke|p2|Dragonite, F|\n|teampreview\n|inactive|Battle timer is ON: inactive players will automatically lose when time's up. (requested by ChimeBliss)\n|inactive|ChimeBliss has 120 seconds left.\n|\n|t:|1698157613\n|start\n|switch|p1a: Chi-Yu|Chi-Yu|100\/100\n|switch|p1b: Landorus|Landorus, M|100\/100\n|switch|p2a: Icicarl|Cetitan, M|100\/100\n|switch|p2b: Clara|Indeedee-F, F|100\/100\n|-ability|p1a: Chi-Yu|Beads of Ruin\n|-fieldstart|move: Psychic Terrain|[from] ability: Psychic Surge|[of] p2b: Clara\n|-enditem|p2b: Clara|Psychic Seed\n|-boost|p2b: Clara|spd|1|[from] item: Psychic Seed\n|turn|1\n|\n|t:|1698157640\n|switch|p2b: Pineneedle|Abomasnow, M|100\/100\n|-weather|Snow|[from] ability: Snow Warning|[of] p2b: Pineneedle\n|-terastallize|p2a: Icicarl|Water\n|move|p1a: Chi-Yu|Dark Pulse|p2b: Pineneedle\n|-damage|p2b: Pineneedle|59\/100\n|move|p2a: Icicarl|Liquidation|p1a: Chi-Yu\n|-supereffective|p1a: Chi-Yu\n|-damage|p1a: Chi-Yu|0 fnt\n|faint|p1a: Chi-Yu\n|move|p1b: Landorus|Earth Power|p2b: Pineneedle\n|-resisted|p2b: Pineneedle\n|-damage|p2b: Pineneedle|33\/100\n|\n|-weather|Snow|[upkeep]\n|upkeep\n|\n|t:|1698157652\n|switch|p1a: Tornadus|Tornadus, M|100\/100\n|turn|2\n|\n|t:|1698157660\n|move|p1a: Tornadus|Tailwind|p1a: Tornadus\n|-sidestart|p1: ChimeBliss|move: Tailwind\n|move|p1b: Landorus|Sludge Bomb|p2b: Pineneedle\n|-supereffective|p2b: Pineneedle\n|-damage|p2b: Pineneedle|0 fnt\n|faint|p2b: Pineneedle\n|move|p2a: Icicarl|Icicle Crash|p1b: Landorus\n|-supereffective|p1b: Landorus\n|-damage|p1b: Landorus|0 fnt\n|faint|p1b: Landorus\n|\n|-weather|Snow|[upkeep]\n|upkeep\n|\n|t:|1698157680\n|switch|p1b: Flutter Mane|Flutter Mane|100\/100\n|switch|p2b: Flintlock|Armarouge, M|100\/100\n|turn|3\n|\n|t:|1698157695\n|move|p1b: Flutter Mane|Moonblast|p2a: Icicarl\n|-damage|p2a: Icicarl|50\/100\n|move|p1a: Tornadus|Bleakwind Storm|p2b: Flintlock|[spread] p2a,p2b\n|-damage|p2a: Icicarl|24\/100\n|-damage|p2b: Flintlock|56\/100\n|-unboost|p2b: Flintlock|spe|1\n|move|p2a: Icicarl|Icicle Crash|p1b: Flutter Mane\n|-damage|p1b: Flutter Mane|6\/100\n|move|p2b: Flintlock|Armor Cannon|p1a: Tornadus\n|-damage|p1a: Tornadus|9\/100\n|-unboost|p2b: Flintlock|def|1\n|-unboost|p2b: Flintlock|spd|1\n|\n|-weather|Snow|[upkeep]\n|upkeep\n|turn|4\n|\n|t:|1698157723\n|move|p2b: Flintlock|Wide Guard|p2b: Flintlock\n|-singleturn|p2b: Flintlock|Wide Guard\n|move|p1b: Flutter Mane|Moonblast|p2b: Flintlock\n|-resisted|p2b: Flintlock\n|-damage|p2b: Flintlock|0 fnt\n|faint|p2b: Flintlock\n|move|p1a: Tornadus|Bleakwind Storm|p2a: Icicarl\n|-activate|p2a: Icicarl|move: Wide Guard\n|move|p2a: Icicarl|Icicle Crash|p1b: Flutter Mane\n|-damage|p1b: Flutter Mane|0 fnt\n|faint|p1b: Flutter Mane\n|-end|p1b: Flutter Mane|Protosynthesis|[silent]\n|\n|-weather|Snow|[upkeep]\n|upkeep\n|\n|t:|1698157736\n|switch|p1b: Chien-Pao|Chien-Pao|100\/100\n|switch|p2b: Eggplant|Dragonite, F, shiny|100\/100\n|-ability|p1b: Chien-Pao|Sword of Ruin\n|turn|5\n|\n|t:|1698157748\n|move|p1a: Tornadus|Protect|p1a: Tornadus\n|-singleturn|p1a: Tornadus|Protect\n|move|p2b: Eggplant|Extreme Speed|p1a: Tornadus\n|-hint|Psychic Terrain doesn't affect Pok\u00e9mon immune to Ground.\n|-activate|p1a: Tornadus|move: Protect\n|move|p1b: Chien-Pao|Sacred Sword|p2b: Eggplant\n|-resisted|p2b: Eggplant\n|-damage|p2b: Eggplant|90\/100\n|move|p2a: Icicarl|Superpower|p1b: Chien-Pao\n|-supereffective|p1b: Chien-Pao\n|-enditem|p1b: Chien-Pao|Focus Sash\n|-damage|p1b: Chien-Pao|1\/100\n|-unboost|p2a: Icicarl|atk|1\n|-unboost|p2a: Icicarl|def|1\n|\n|-weather|none\n|-heal|p2b: Eggplant|96\/100|[from] item: Leftovers\n|-sideend|p1: ChimeBliss|move: Tailwind\n|-fieldend|move: Psychic Terrain\n|upkeep\n|turn|6\n|\n|t:|1698157772\n|move|p2b: Eggplant|Extreme Speed|p1b: Chien-Pao\n|-damage|p1b: Chien-Pao|0 fnt\n|faint|p1b: Chien-Pao\n|move|p1a: Tornadus|Tailwind|p1a: Tornadus\n|-sidestart|p1: ChimeBliss|move: Tailwind\n|move|p2a: Icicarl|Icicle Crash|p1a: Tornadus|[miss]\n|-miss|p2a: Icicarl|p1a: Tornadus\n|\n|-heal|p2b: Eggplant|100\/100|[from] item: Leftovers\n|upkeep\n|\n|t:|1698157774\n|switch|p1b: Dragonite|Dragonite, F, shiny|100\/100\n|turn|7\n|\n|t:|1698157788\n|-terastallize|p1b: Dragonite|Normal\n|move|p1b: Dragonite|Extreme Speed|p2a: Icicarl\n|-damage|p2a: Icicarl|0 fnt\n|faint|p2a: Icicarl\n|move|p2b: Eggplant|Extreme Speed|p1a: Tornadus\n|-damage|p1a: Tornadus|0 fnt\n|faint|p1a: Tornadus\n|\n|upkeep\n|-message|ChimeBliss forfeited.\n|\n|win|cap531\n|raw|ChimeBliss's rating: 1435 &rarr; <strong>1411<\/strong><br \/>(-24 for losing)\n|raw|cap531's rating: 1358 &rarr; <strong>1382<\/strong><br \/>(+24 for winning)\n","uploadtime":1698157804,"views":11,"p1id":"chimebliss","p2id":"cap531","formatid":"gen9doublesou","rating":1382,"private":0,"password":""}