{"id":"gen9doublesou-1999224966","p1":"vegetasfeet","p2":"loch2009","format":"[Gen 9] Doubles OU","log":"|j|\u2606vegetasfeet\n|j|\u2606loch2009\n|t:|1701047651\n|gametype|doubles\n|player|p1|vegetasfeet|brycen|1319\n|player|p2|loch2009|lance-gen3|1253\n|teamsize|p1|6\n|teamsize|p2|6\n|gen|9\n|tier|[Gen 9] Doubles OU\n|rated|\n|rule|Species Clause: Limit one of each Pok\u00e9mon\n|rule|OHKO Clause: OHKO moves are banned\n|rule|Evasion Moves Clause: Evasion moves are banned\n|rule|Gravity Sleep Clause: The combination of sleep-inducing moves with imperfect accuracy and Gravity or Gigantamax Orbeetle are banned\n|rule|Endless Battle Clause: Forcing endless battles is banned\n|rule|HP Percentage Mod: HP is shown in percentages\n|clearpoke\n|poke|p1|Scizor, M|\n|poke|p1|Tornadus, M|\n|poke|p1|Chien-Pao|\n|poke|p1|Iron Hands|\n|poke|p1|Volcanion|\n|poke|p1|Great Tusk|\n|poke|p2|Chi-Yu|\n|poke|p2|Tornadus, M|\n|poke|p2|Ogerpon-Hearthflame, F|\n|poke|p2|Armarouge, M|\n|poke|p2|Indeedee-F, F|\n|poke|p2|Maushold-Four|\n|teampreview\n|c|\u2606loch2009|glhf\n|c|\u2606vegetasfeet|u2\n|\n|t:|1701047682\n|start\n|switch|p1a: Iggy Azalea|Chien-Pao|100\/100\n|switch|p1b: YN Jay|Tornadus, M|100\/100\n|switch|p2a: Armarouge|Armarouge, M|100\/100\n|switch|p2b: Maushold|Maushold-Four|100\/100\n|-ability|p1a: Iggy Azalea|Sword of Ruin\n|turn|1\n|\n|t:|1701047700\n|move|p2a: Armarouge|Endure|p2a: Armarouge\n|-singleturn|p2a: Armarouge|move: Endure\n|move|p1b: YN Jay|Taunt|p2b: Maushold\n|-start|p2b: Maushold|move: Taunt\n|move|p1a: Iggy Azalea|Throat Chop|p2a: Armarouge\n|-supereffective|p2a: Armarouge\n|-activate|p2a: Armarouge|move: Endure\n|-damage|p2a: Armarouge|1\/100\n|-start|p2a: Armarouge|Throat Chop|[silent]\n|-ability|p2a: Armarouge|Weak Armor|boost\n|-unboost|p2a: Armarouge|def|1\n|-boost|p2a: Armarouge|spe|2\n|-enditem|p2a: Armarouge|Weakness Policy\n|-boost|p2a: Armarouge|atk|2|[from] item: Weakness Policy\n|-boost|p2a: Armarouge|spa|2|[from] item: Weakness Policy\n|-damage|p1a: Iggy Azalea|91\/100|[from] item: Life Orb\n|move|p2b: Maushold|Beat Up|p2a: Armarouge\n|-supereffective|p2a: Armarouge\n|-activate|p2a: Armarouge|move: Endure\n|-damage|p2a: Armarouge|1\/100\n|-ability|p2a: Armarouge|Weak Armor|boost\n|-unboost|p2a: Armarouge|def|1\n|-boost|p2a: Armarouge|spe|2\n|-supereffective|p2a: Armarouge\n|-activate|p2a: Armarouge|move: Endure\n|-damage|p2a: Armarouge|1\/100\n|-ability|p2a: Armarouge|Weak Armor|boost\n|-unboost|p2a: Armarouge|def|1\n|-boost|p2a: Armarouge|spe|2\n|-supereffective|p2a: Armarouge\n|-activate|p2a: Armarouge|move: Endure\n|-damage|p2a: Armarouge|1\/100\n|-ability|p2a: Armarouge|Weak Armor|boost\n|-unboost|p2a: Armarouge|def|1\n|-supereffective|p2a: Armarouge\n|-activate|p2a: Armarouge|move: Endure\n|-damage|p2a: Armarouge|1\/100\n|-ability|p2a: Armarouge|Weak Armor|boost\n|-unboost|p2a: Armarouge|def|1\n|-supereffective|p2a: Armarouge\n|-activate|p2a: Armarouge|move: Endure\n|-damage|p2a: Armarouge|1\/100\n|-ability|p2a: Armarouge|Weak Armor|boost\n|-unboost|p2a: Armarouge|def|1\n|-supereffective|p2a: Armarouge\n|-activate|p2a: Armarouge|move: Endure\n|-damage|p2a: Armarouge|1\/100\n|-hitcount|p2a: Armarouge|6\n|\n|upkeep\n|turn|2\n|\n|t:|1701047729\n|switch|p1a: Volcanion|Volcanion|100\/100\n|switch|p2b: Indeedee|Indeedee-F, F|100\/100\n|-fieldstart|move: Psychic Terrain|[from] ability: Psychic Surge|[of] p2b: Indeedee\n|move|p2a: Armarouge|Aura Sphere|p1a: Volcanion\n|-damage|p1a: Volcanion|43\/100\n|move|p1b: YN Jay|Bleakwind Storm|p2b: Indeedee|[spread] p2a,p2b\n|-damage|p2a: Armarouge|0 fnt\n|-damage|p2b: Indeedee|54\/100\n|faint|p2a: Armarouge\n|\n|-heal|p1a: Volcanion|49\/100|[from] item: Leftovers\n|upkeep\n|\n|t:|1701047743\n|switch|p2a: Maushold|Maushold-Four|100\/100\n|turn|3\n|\n|t:|1701047756\n|move|p1b: YN Jay|Tailwind|p1b: YN Jay\n|-sidestart|p1: vegetasfeet|move: Tailwind\n|move|p2a: Maushold|Population Bomb|p1a: Volcanion\n|-damage|p1a: Volcanion|45\/100\n|-damage|p1a: Volcanion|39\/100\n|-damage|p1a: Volcanion|35\/100\n|-damage|p1a: Volcanion|30\/100\n|-damage|p1a: Volcanion|26\/100\n|-damage|p1a: Volcanion|21\/100\n|-damage|p1a: Volcanion|16\/100\n|-damage|p1a: Volcanion|11\/100\n|-damage|p1a: Volcanion|6\/100\n|-damage|p1a: Volcanion|2\/100\n|-hitcount|p1a: Volcanion|10\n|move|p1a: Volcanion|Substitute|p1a: Volcanion\n|-fail|p1a: Volcanion|move: Substitute|[weak]\n|move|p2b: Indeedee|Psychic|p1b: YN Jay\n|-damage|p1b: YN Jay|33\/100\n|\n|-heal|p1a: Volcanion|8\/100|[from] item: Leftovers\n|upkeep\n|turn|4\n|\n|t:|1701047786\n|switch|p1a: Kawhi Leonard|Scizor, M|100\/100\n|move|p1b: YN Jay|Bleakwind Storm|p2a: Maushold|[spread] p2a\n|-miss|p1b: YN Jay|p2b: Indeedee\n|-damage|p2a: Maushold|52\/100\n|move|p2a: Maushold|Population Bomb|p1a: Kawhi Leonard\n|-resisted|p1a: Kawhi Leonard\n|-damage|p1a: Kawhi Leonard|98\/100\n|-resisted|p1a: Kawhi Leonard\n|-damage|p1a: Kawhi Leonard|95\/100\n|-resisted|p1a: Kawhi Leonard\n|-damage|p1a: Kawhi Leonard|92\/100\n|-resisted|p1a: Kawhi Leonard\n|-damage|p1a: Kawhi Leonard|89\/100\n|-resisted|p1a: Kawhi Leonard\n|-damage|p1a: Kawhi Leonard|86\/100\n|-resisted|p1a: Kawhi Leonard\n|-damage|p1a: Kawhi Leonard|84\/100\n|-resisted|p1a: Kawhi Leonard\n|-damage|p1a: Kawhi Leonard|81\/100\n|-resisted|p1a: Kawhi Leonard\n|-damage|p1a: Kawhi Leonard|78\/100\n|-resisted|p1a: Kawhi Leonard\n|-damage|p1a: Kawhi Leonard|75\/100\n|-resisted|p1a: Kawhi Leonard\n|-damage|p1a: Kawhi Leonard|73\/100\n|-hitcount|p1a: Kawhi Leonard|10\n|move|p2b: Indeedee|Psychic|p1b: YN Jay\n|-damage|p1b: YN Jay|0 fnt\n|faint|p1b: YN Jay\n|\n|upkeep\n|\n|t:|1701047803\n|switch|p1b: Iggy Azalea|Chien-Pao|91\/100\n|-ability|p1b: Iggy Azalea|Sword of Ruin\n|turn|5\n|\n|t:|1701047821\n|move|p2b: Indeedee|Follow Me|p2b: Indeedee\n|-singleturn|p2b: Indeedee|move: Follow Me\n|move|p1b: Iggy Azalea|Throat Chop|p2b: Indeedee\n|-supereffective|p2b: Indeedee\n|-damage|p2b: Indeedee|0 fnt\n|faint|p2b: Indeedee\n|-damage|p1b: Iggy Azalea|81\/100|[from] item: Life Orb\n|move|p2a: Maushold|Population Bomb|p1b: Iggy Azalea\n|-damage|p1b: Iggy Azalea|72\/100\n|-damage|p1b: Iggy Azalea|65\/100\n|-damage|p1b: Iggy Azalea|58\/100\n|-hitcount|p1b: Iggy Azalea|3\n|move|p1a: Kawhi Leonard|U-turn|p2a: Maushold\n|-damage|p2a: Maushold|0 fnt\n|faint|p2a: Maushold\n|\n|t:|1701047838\n|switch|p1a: Druski|Iron Hands|100\/100|[from] U-turn\n|\n|upkeep\n|\n|t:|1701047846\n|switch|p2a: Tornadus|Tornadus, M|100\/100\n|switch|p2b: Chi-Yu|Chi-Yu|100\/100\n|-ability|p2b: Chi-Yu|Beads of Ruin\n|turn|6\n|\n|t:|1701047868\n|-terastallize|p2b: Chi-Yu|Fire\n|move|p2a: Tornadus|Tailwind|p2a: Tornadus\n|-sidestart|p2: loch2009|move: Tailwind\n|move|p1b: Iggy Azalea|Sacred Sword|p2b: Chi-Yu\n|-damage|p2b: Chi-Yu|15\/100\n|-damage|p1b: Iggy Azalea|48\/100|[from] item: Life Orb\n|move|p2b: Chi-Yu|Heat Wave|p1b: Iggy Azalea|[spread] p1b\n|-miss|p2b: Chi-Yu|p1a: Druski\n|-supereffective|p1b: Iggy Azalea\n|-damage|p1b: Iggy Azalea|0 fnt\n|faint|p1b: Iggy Azalea\n|move|p1a: Druski|Wild Charge|p2a: Tornadus\n|-supereffective|p2a: Tornadus\n|-damage|p2a: Tornadus|0 fnt\n|faint|p2a: Tornadus\n|-damage|p1a: Druski|80\/100|[from] Recoil\n|\n|-sideend|p1: vegetasfeet|move: Tailwind\n|upkeep\n|\n|t:|1701047886\n|switch|p1b: Volcanion|Volcanion|8\/100\n|switch|p2a: Ogerpon|Ogerpon-Hearthflame, F|100\/100\n|-ability|p2a: Ogerpon|Mold Breaker\n|turn|7\n|\n|t:|1701047905\n|move|p1b: Volcanion|Protect|p1b: Volcanion\n|-singleturn|p1b: Volcanion|Protect\n|move|p2a: Ogerpon|Knock Off|p1b: Volcanion\n|-activate|p1b: Volcanion|move: Protect\n|move|p2b: Chi-Yu|Heat Wave|p1a: Druski|[spread] p1a\n|-activate|p1b: Volcanion|move: Protect\n|-damage|p1a: Druski|25\/100\n|move|p1a: Druski|Volt Switch|p2b: Chi-Yu\n|-crit|p2b: Chi-Yu\n|-damage|p2b: Chi-Yu|0 fnt\n|faint|p2b: Chi-Yu\n|c|\u2606loch2009|ggwp\n|\n|t:|1701047916\n|-end|p1a: Druski|Quark Drive|[silent]\n|switch|p1a: Great Tusk|Great Tusk|100\/100|[from] Volt Switch\n|\n|-heal|p1b: Volcanion|14\/100|[from] item: Leftovers\n|upkeep\n|turn|8\n|c|\u2606vegetasfeet|gg\n|\n|t:|1701047927\n|-terastallize|p1a: Great Tusk|Ground\n|move|p2a: Ogerpon|Horn Leech|p1b: Volcanion\n|-damage|p1b: Volcanion|0 fnt\n|faint|p1b: Volcanion\n|move|p1a: Great Tusk|Headlong Rush|p2a: Ogerpon\n|-damage|p2a: Ogerpon|0 fnt\n|-unboost|p1a: Great Tusk|def|1\n|-unboost|p1a: Great Tusk|spd|1\n|faint|p2a: Ogerpon\n|\n|win|vegetasfeet\n|raw|vegetasfeet's rating: 1319 &rarr; <strong>1335<\/strong><br \/>(+16 for winning)\n|raw|loch2009's rating: 1253 &rarr; <strong>1233<\/strong><br \/>(-20 for losing)\n|l|\u2606loch2009\n","uploadtime":1701047934,"views":7,"p1id":"vegetasfeet","p2id":"loch2009","formatid":"gen9doublesou","rating":1233,"private":0,"password":""}