{"id":"gen9doublesou-1980328872","p1":"MattCol","p2":"gonegeb","format":"[Gen 9] Doubles OU","log":"|j|\u2606MattCol\n|j|\u2606gonegeb\n|t:|1698775751\n|gametype|doubles\n|player|p1|MattCol|169|\n|player|p2|gonegeb|alain|\n|teamsize|p1|6\n|teamsize|p2|6\n|gen|9\n|tier|[Gen 9] Doubles OU\n|rule|Species Clause: Limit one of each Pok\u00e9mon\n|rule|OHKO Clause: OHKO moves are banned\n|rule|Evasion Moves Clause: Evasion moves are banned\n|rule|Gravity Sleep Clause: The combination of sleep-inducing moves with imperfect accuracy and Gravity or Gigantamax Orbeetle are banned\n|rule|Endless Battle Clause: Forcing endless battles is banned\n|rule|HP Percentage Mod: HP is shown in percentages\n|clearpoke\n|poke|p1|Quaquaval, M|\n|poke|p1|Baxcalibur, F|\n|poke|p1|Cinderace, M|\n|poke|p1|Slowbro-Galar, M|\n|poke|p1|Zarude-Dada|\n|poke|p1|Ditto|\n|poke|p2|Lucario, M|\n|poke|p2|Umbreon, M|\n|poke|p2|Arcanine, F|\n|poke|p2|Corviknight, M|\n|poke|p2|Ceruledge, M|\n|poke|p2|Fezandipiti, M|\n|teampreview\n|\n|t:|1698775759\n|start\n|switch|p1a: Cinderace|Cinderace, M|100\/100\n|switch|p1b: Slowbro|Slowbro-Galar, M|100\/100\n|switch|p2a: Anubis|Lucario, M, shiny|100\/100\n|switch|p2b: Tourmaline|Fezandipiti, M|100\/100\n|turn|1\n|\n|t:|1698775775\n|move|p2a: Anubis|Protect|p2a: Anubis\n|-singleturn|p2a: Anubis|Protect\n|move|p1a: Cinderace|High Jump Kick|p2a: Anubis\n|-activate|p2a: Anubis|move: Protect\n|-damage|p1a: Cinderace|51\/100|[from] highjumpkick\n|move|p2b: Tourmaline|Tailwind|p2b: Tourmaline\n|-sidestart|p2: gonegeb|move: Tailwind\n|move|p1b: Slowbro|Psychic|p2a: Anubis\n|-activate|p2a: Anubis|move: Protect\n|\n|upkeep\n|turn|2\n|\n|t:|1698775791\n|move|p2a: Anubis|Drain Punch|p1a: Cinderace\n|-damage|p1a: Cinderace|0 fnt\n|faint|p1a: Cinderace\n|move|p2b: Tourmaline|Beat Up|p2a: Anubis\n|-resisted|p2a: Anubis\n|-damage|p2a: Anubis|98\/100\n|-ability|p2a: Anubis|Justified|boost\n|-boost|p2a: Anubis|atk|1\n|-resisted|p2a: Anubis\n|-damage|p2a: Anubis|95\/100\n|-ability|p2a: Anubis|Justified|boost\n|-boost|p2a: Anubis|atk|1\n|-resisted|p2a: Anubis\n|-damage|p2a: Anubis|92\/100\n|-ability|p2a: Anubis|Justified|boost\n|-boost|p2a: Anubis|atk|1\n|-resisted|p2a: Anubis\n|-damage|p2a: Anubis|90\/100\n|-ability|p2a: Anubis|Justified|boost\n|-boost|p2a: Anubis|atk|1\n|-resisted|p2a: Anubis\n|-damage|p2a: Anubis|87\/100\n|-ability|p2a: Anubis|Justified|boost\n|-boost|p2a: Anubis|atk|1\n|-resisted|p2a: Anubis\n|-damage|p2a: Anubis|85\/100\n|-ability|p2a: Anubis|Justified|boost\n|-boost|p2a: Anubis|atk|1\n|-hitcount|p2a: Anubis|6\n|move|p1b: Slowbro|Psychic|p2a: Anubis\n|-damage|p2a: Anubis|14\/100\n|\n|upkeep\n|\n|t:|1698775812\n|switch|p1a: Baxcalibur|Baxcalibur, F|100\/100\n|turn|3\n|\n|t:|1698775830\n|switch|p1b: Ditto|Ditto|100\/100\n|-transform|p1b: Ditto|p2a: Anubis|[from] ability: Imposter\n|move|p2a: Anubis|Protect|p2a: Anubis\n|-singleturn|p2a: Anubis|Protect\n|move|p1a: Baxcalibur|Protect|p1a: Baxcalibur\n|-singleturn|p1a: Baxcalibur|Protect\n|move|p2b: Tourmaline|Taunt|p1a: Baxcalibur\n|-activate|p1a: Baxcalibur|move: Protect\n|\n|upkeep\n|turn|4\n|l|\u2606MattCol\n|player|p1|\n|\n|t:|1698775974\n|switch|p2b: Arcanine|Arcanine, F, shiny|100\/100\n|-ability|p2b: Arcanine|Intimidate|boost\n|-unboost|p1a: Baxcalibur|atk|1\n|-unboost|p1b: Ditto|atk|1\n|switch|p1a: Slowbro|Slowbro-Galar, M|100\/100\n|move|p2a: Anubis|Extreme Speed|p1b: Ditto\n|-resisted|p1b: Ditto\n|-damage|p1b: Ditto|26\/100\n|move|p1b: Ditto|Extreme Speed|p2a: Anubis\n|-resisted|p2a: Anubis\n|-damage|p2a: Anubis|0 fnt\n|faint|p2a: Anubis\n|\n|-sideend|p2: gonegeb|move: Tailwind\n|upkeep\n|j|\u2606MattCol\n|player|p1|MattCol|169\n|\n|t:|1698776001\n|switch|p2a: Ceruledge|Ceruledge, M, shiny|100\/100\n|turn|5\n|l|\u2606gonegeb\n|player|p2|\n|l|\u2606MattCol\n|player|p1|\n|j|\u2606MattCol\n|player|p1|MattCol|169\n|l|\u2606MattCol\n|player|p1|\n|j|\u2606MattCol\n|player|p1|MattCol|169\n|l|\u2606MattCol\n|player|p1|\n|j|\u2606MattCol\n|player|p1|MattCol|169\n|l|\u2606MattCol\n|player|p1|\n|j|\u2606MattCol\n|player|p1|MattCol|169\n|l|\u2606MattCol\n|player|p1|\n|j|\u2606MattCol\n|player|p1|MattCol|169\n|l|\u2606MattCol\n|player|p1|\n|j|\u2606MattCol\n|player|p1|MattCol|169\n|l|\u2606MattCol\n|player|p1|\n|j|\u2606MattCol\n|player|p1|MattCol|169\n|l|\u2606MattCol\n|player|p1|\n|j|\u2606gonegeb\n|player|p2|gonegeb|alain\n|j|\u2606MattCol\n|player|p1|MattCol|169\n|l|\u2606MattCol\n|player|p1|\n|\n|t:|1698777483\n|move|p1b: Ditto|Extreme Speed|p2b: Arcanine\n|-damage|p2b: Arcanine|23\/100\n|-enditem|p2b: Arcanine|Sitrus Berry|[eat]\n|-heal|p2b: Arcanine|48\/100|[from] item: Sitrus Berry\n|move|p2a: Ceruledge|Shadow Sneak|p1b: Ditto\n|-damage|p1b: Ditto|2\/100\n|move|p2b: Arcanine|Flare Blitz|p2a: Ceruledge\n|-start|p2a: Ceruledge|ability: Flash Fire\n|move|p1a: Slowbro|Nasty Plot|p1a: Slowbro\n|-boost|p1a: Slowbro|spa|2\n|\n|upkeep\n|turn|6\n|j|\u2606MattCol\n|player|p1|MattCol|169\n|-activate|p1a: Slowbro|ability: Quick Draw\n|\n|t:|1698777500\n|move|p1b: Ditto|Extreme Speed|p2b: Arcanine\n|-damage|p2b: Arcanine|0 fnt\n|faint|p2b: Arcanine\n|move|p1a: Slowbro|Surf|p2a: Ceruledge|[spread] p1b,p2a\n|-supereffective|p2a: Ceruledge\n|-damage|p1b: Ditto|0 fnt\n|-damage|p2a: Ceruledge|42\/100\n|-enditem|p2a: Ceruledge|Weakness Policy\n|-boost|p2a: Ceruledge|atk|2|[from] item: Weakness Policy\n|-boost|p2a: Ceruledge|spa|2|[from] item: Weakness Policy\n|faint|p1b: Ditto\n|move|p2a: Ceruledge|Bitter Blade|p1a: Slowbro\n|-damage|p1a: Slowbro|0 fnt\n|-heal|p2a: Ceruledge|97\/100|[from] drain|[of] p1a: Slowbro\n|faint|p1a: Slowbro\n|\n|upkeep\n|\n|t:|1698777529\n|switch|p2b: Tourmaline|Fezandipiti, M|100\/100\n|switch|p1b: Quaquaval|Quaquaval, M|100\/100\n|switch|p1a: Zarude|Zarude-Dada|100\/100\n|turn|7\n|\n|t:|1698777546\n|-terastallize|p2a: Ceruledge|Fairy\n|move|p1a: Zarude|Knock Off|p2a: Ceruledge\n|-resisted|p2a: Ceruledge\n|-damage|p2a: Ceruledge|77\/100\n|move|p1b: Quaquaval|Aqua Step|p2a: Ceruledge\n|-damage|p2a: Ceruledge|24\/100\n|-boost|p1b: Quaquaval|spe|1\n|move|p2b: Tourmaline|Dazzling Gleam|p1a: Zarude|[spread] p1a,p1b\n|-supereffective|p1a: Zarude\n|-supereffective|p1b: Quaquaval\n|-damage|p1a: Zarude|70\/100\n|-damage|p1b: Quaquaval|59\/100\n|-status|p1b: Quaquaval|tox|[from] ability: Toxic Chain|[of] p2b: Tourmaline\n|move|p2a: Ceruledge|Bitter Blade|p1b: Quaquaval\n|-resisted|p1b: Quaquaval\n|-damage|p1b: Quaquaval|0 fnt\n|-heal|p2a: Ceruledge|50\/100|[from] drain|[of] p1b: Quaquaval\n|faint|p1b: Quaquaval\n|\n|upkeep\n|\n|t:|1698777562\n|switch|p1b: Baxcalibur|Baxcalibur, F|100\/100\n|turn|8\n|\n|t:|1698777588\n|-terastallize|p1b: Baxcalibur|Fairy\n|move|p1a: Zarude|Drain Punch|p2b: Tourmaline\n|-resisted|p2b: Tourmaline\n|-damage|p2b: Tourmaline|94\/100\n|-heal|p1a: Zarude|73\/100|[from] drain|[of] p2b: Tourmaline\n|move|p1b: Baxcalibur|Icicle Spear|p2a: Ceruledge\n|-damage|p2a: Ceruledge|32\/100\n|-damage|p2a: Ceruledge|14\/100\n|-damage|p2a: Ceruledge|0 fnt\n|faint|p2a: Ceruledge\n|-hitcount|p2: Ceruledge|3\n|move|p2b: Tourmaline|Tailwind|p2b: Tourmaline\n|-sidestart|p2: gonegeb|move: Tailwind\n|\n|upkeep\n|\n|t:|1698777603\n|switch|p2a: Umbreon|Umbreon, M, shiny|100\/100\n|turn|9\n|\n|t:|1698777642\n|move|p2b: Tourmaline|Taunt|p1a: Zarude\n|-start|p1a: Zarude|move: Taunt\n|move|p1a: Zarude|Drain Punch|p2b: Tourmaline\n|-resisted|p2b: Tourmaline\n|-damage|p2b: Tourmaline|86\/100\n|-heal|p1a: Zarude|78\/100|[from] drain|[of] p2b: Tourmaline\n|move|p2a: Umbreon|Yawn|p1b: Baxcalibur\n|-start|p1b: Baxcalibur|move: Yawn|[of] p2a: Umbreon\n|move|p1b: Baxcalibur|Icicle Spear|p2a: Umbreon\n|-damage|p2a: Umbreon|91\/100\n|-damage|p2a: Umbreon|81\/100\n|-damage|p2a: Umbreon|71\/100\n|-damage|p2a: Umbreon|61\/100\n|-damage|p2a: Umbreon|51\/100\n|-hitcount|p2a: Umbreon|5\n|\n|-heal|p2a: Umbreon|57\/100|[from] item: Leftovers\n|upkeep\n|turn|10\n|\n|t:|1698777666\n|move|p2a: Umbreon|Protect|p2a: Umbreon\n|-singleturn|p2a: Umbreon|Protect\n|move|p2b: Tourmaline|Dazzling Gleam|p1a: Zarude|[spread] p1a,p1b\n|-supereffective|p1a: Zarude\n|-damage|p1a: Zarude|45\/100\n|-damage|p1b: Baxcalibur|85\/100\n|move|p1a: Zarude|Drain Punch|p2a: Umbreon\n|-activate|p2a: Umbreon|move: Protect\n|move|p1b: Baxcalibur|Swords Dance|p1b: Baxcalibur\n|-boost|p1b: Baxcalibur|atk|2\n|\n|-heal|p2a: Umbreon|63\/100|[from] item: Leftovers\n|-end|p1b: Baxcalibur|move: Yawn|[silent]\n|-status|p1b: Baxcalibur|slp\n|upkeep\n|turn|11\n|\n|t:|1698777686\n|cant|p1b: Baxcalibur|slp\n|move|p2b: Tourmaline|Dazzling Gleam|p1a: Zarude|[spread] p1a,p1b\n|-supereffective|p1a: Zarude\n|-damage|p1a: Zarude|14\/100\n|-damage|p1b: Baxcalibur|68\/100 slp\n|-status|p1a: Zarude|tox|[from] ability: Toxic Chain|[of] p2b: Tourmaline\n|move|p1a: Zarude|Drain Punch|p2a: Umbreon\n|-supereffective|p2a: Umbreon\n|-crit|p2a: Umbreon\n|-damage|p2a: Umbreon|17\/100\n|-heal|p1a: Zarude|41\/100 tox|[from] drain|[of] p2a: Umbreon\n|move|p2a: Umbreon|Foul Play|p1b: Baxcalibur\n|-resisted|p1b: Baxcalibur\n|-damage|p1b: Baxcalibur|8\/100 slp\n|\n|-heal|p2a: Umbreon|23\/100|[from] item: Leftovers\n|-damage|p1a: Zarude|35\/100 tox|[from] psn\n|-end|p1a: Zarude|move: Taunt\n|-sideend|p2: gonegeb|move: Tailwind\n|upkeep\n|turn|12\n|\n|t:|1698777718\n|move|p2a: Umbreon|Protect|p2a: Umbreon\n|-singleturn|p2a: Umbreon|Protect\n|move|p1a: Zarude|Drain Punch|p2a: Umbreon\n|-activate|p2a: Umbreon|move: Protect\n|cant|p1b: Baxcalibur|slp\n|move|p2b: Tourmaline|Dazzling Gleam|p1b: Baxcalibur|[spread] p1a,p1b\n|-supereffective|p1a: Zarude\n|-crit|p1b: Baxcalibur\n|-damage|p1a: Zarude|6\/100 tox\n|-damage|p1b: Baxcalibur|0 fnt\n|faint|p1b: Baxcalibur\n|\n|-heal|p2a: Umbreon|29\/100|[from] item: Leftovers\n|-damage|p1a: Zarude|0 fnt|[from] psn\n|faint|p1a: Zarude\n|\n|win|gonegeb\n|upkeep\n|l|\u2606MattCol\n|l|\u2606gonegeb\n|j|\u2606gonegeb\n|player|p2|gonegeb|alain\n","uploadtime":1698777749,"views":13,"p1id":"mattcol","p2id":"gonegeb","formatid":"gen9doublesou","rating":0,"private":0,"password":""}