{"id":"gen9doublesou-1981053791","p1":"elpotrero","p2":"RaulZzZ","format":"[Gen 9] Doubles OU","log":"|j|\u2606elpotrero\n|j|\u2606RaulZzZ\n|t:|1698859922\n|gametype|doubles\n|player|p1|elpotrero|steven|1091\n|player|p2|RaulZzZ|tuberf|1173\n|teamsize|p1|6\n|teamsize|p2|6\n|gen|9\n|tier|[Gen 9] Doubles OU\n|rated|\n|rule|Species Clause: Limit one of each Pok\u00e9mon\n|rule|OHKO Clause: OHKO moves are banned\n|rule|Evasion Moves Clause: Evasion moves are banned\n|rule|Gravity Sleep Clause: The combination of sleep-inducing moves with imperfect accuracy and Gravity or Gigantamax Orbeetle are banned\n|rule|Endless Battle Clause: Forcing endless battles is banned\n|rule|HP Percentage Mod: HP is shown in percentages\n|clearpoke\n|poke|p1|Tornadus, M|\n|poke|p1|Dragapult, M|\n|poke|p1|Snorlax, M|\n|poke|p1|Iron Hands|\n|poke|p1|Clefable, M|\n|poke|p1|Chien-Pao|\n|poke|p2|Pelipper, M|\n|poke|p2|Amoonguss, F|\n|poke|p2|Basculegion-F, F|\n|poke|p2|Landorus-Therian, M|\n|poke|p2|Scizor, F|\n|poke|p2|Overqwil, F|\n|teampreview\n|inactive|Battle timer is ON: inactive players will automatically lose when time's up. (requested by RaulZzZ)\n|\n|t:|1698859935\n|start\n|switch|p1a: Clefable|Clefable, M|100\/100\n|switch|p1b: Snorlax|Snorlax, M|100\/100\n|switch|p2a: pepper|Pelipper, M, shiny|100\/100\n|switch|p2b: ovaaaqwill|Overqwil, F|100\/100\n|-weather|RainDance|[from] ability: Drizzle|[of] p2a: pepper\n|turn|1\n|\n|t:|1698859959\n|move|p1a: Clefable|Follow Me|p1a: Clefable\n|-singleturn|p1a: Clefable|move: Follow Me\n|move|p2b: ovaaaqwill|Barb Barrage|p1a: Clefable\n|-supereffective|p1a: Clefable\n|-damage|p1a: Clefable|37\/100\n|move|p2a: pepper|U-turn|p1a: Clefable\n|-resisted|p1a: Clefable\n|-damage|p1a: Clefable|32\/100\n|\n|t:|1698859970\n|switch|p2a: humungous|Amoonguss, F, shiny|100\/100|[from] U-turn\n|move|p1b: Snorlax|Belly Drum|p1b: Snorlax\n|-damage|p1b: Snorlax|50\/100\n|-setboost|p1b: Snorlax|atk|6|[from] move: Belly Drum\n|\n|-weather|RainDance|[upkeep]\n|-heal|p1b: Snorlax|57\/100|[from] item: Leftovers\n|upkeep\n|turn|2\n|\n|t:|1698859993\n|move|p1a: Clefable|Follow Me|p1a: Clefable\n|-singleturn|p1a: Clefable|move: Follow Me\n|move|p2b: ovaaaqwill|Toxic Spikes|p1b: Snorlax\n|-sidestart|p1: elpotrero|move: Toxic Spikes\n|move|p1b: Snorlax|Earthquake|p2b: ovaaaqwill|[spread] p1a,p2a,p2b\n|-supereffective|p2b: ovaaaqwill\n|-damage|p1a: Clefable|0 fnt\n|-damage|p2a: humungous|7\/100\n|-damage|p2b: ovaaaqwill|0 fnt\n|-enditem|p2a: humungous|Sitrus Berry|[eat]\n|-heal|p2a: humungous|31\/100|[from] item: Sitrus Berry\n|faint|p1a: Clefable\n|faint|p2b: ovaaaqwill\n|move|p2a: humungous|Sludge Bomb|p1b: Snorlax\n|-damage|p1b: Snorlax|39\/100\n|\n|-weather|RainDance|[upkeep]\n|-heal|p1b: Snorlax|45\/100|[from] item: Leftovers\n|upkeep\n|\n|t:|1698860019\n|switch|p2b: 2 woman|Scizor, F|100\/100\n|switch|p1a: Tornadus|Tornadus, M|100\/100\n|turn|3\n|\n|t:|1698860040\n|switch|p2a: Original|Landorus-Therian, M|100\/100\n|-ability|p2a: Original|Intimidate|boost\n|-unboost|p1a: Tornadus|atk|1\n|-unboost|p1b: Snorlax|atk|1\n|move|p1a: Tornadus|Tailwind|p1a: Tornadus\n|-sidestart|p1: elpotrero|move: Tailwind\n|move|p2b: 2 woman|Bullet Punch|p1b: Snorlax\n|-damage|p1b: Snorlax|16\/100\n|move|p1b: Snorlax|Earthquake|p2b: 2 woman|[spread] p2b\n|-immune|p1a: Tornadus\n|-immune|p2a: Original\n|-damage|p2b: 2 woman|16\/100\n|\n|-weather|RainDance|[upkeep]\n|-heal|p1b: Snorlax|22\/100|[from] item: Leftovers\n|-heal|p2b: 2 woman|22\/100|[from] item: Leftovers\n|upkeep\n|turn|4\n|inactive|RaulZzZ has 120 seconds left.\n|\n|t:|1698860070\n|move|p1b: Snorlax|Protect|p1b: Snorlax\n|-singleturn|p1b: Snorlax|Protect\n|move|p2b: 2 woman|Bullet Punch|p1b: Snorlax\n|-activate|p1b: Snorlax|move: Protect\n|move|p1a: Tornadus|Air Slash|p2b: 2 woman\n|-damage|p2b: 2 woman|0 fnt\n|faint|p2b: 2 woman\n|move|p2a: Original|Stealth Rock|p1a: Tornadus\n|-sidestart|p1: elpotrero|move: Stealth Rock\n|\n|-weather|RainDance|[upkeep]\n|-heal|p1b: Snorlax|28\/100|[from] item: Leftovers\n|upkeep\n|inactive|RaulZzZ has 120 seconds left.\n|\n|t:|1698860078\n|switch|p2b: bakugan|Basculegion-F, F|100\/100\n|turn|5\n|inactive|RaulZzZ has 120 seconds left.\n|\n|t:|1698860113\n|-terastallize|p2b: bakugan|Fairy\n|move|p1a: Tornadus|Air Slash|p2b: bakugan\n|-damage|p2b: bakugan|67\/100\n|move|p2b: bakugan|Tera Blast|p1b: Snorlax|[anim] Tera Blast Fairy\n|-damage|p1b: Snorlax|0 fnt\n|faint|p1b: Snorlax\n|-damage|p2b: bakugan|57\/100|[from] item: Life Orb\n|move|p2a: Original|U-turn|p1a: Tornadus\n|-resisted|p1a: Tornadus\n|-damage|p1a: Tornadus|86\/100\n|\n|t:|1698860126\n|switch|p2a: humungous|Amoonguss, F, shiny|65\/100|[from] U-turn\n|\n|-weather|RainDance|[upkeep]\n|upkeep\n|\n|t:|1698860135\n|switch|p1b: Dragapult|Dragapult, M|100\/100\n|-status|p1b: Dragapult|psn\n|-damage|p1b: Dragapult|88\/100 psn|[from] Stealth Rock\n|turn|6\n|inactive|RaulZzZ has 120 seconds left.\n|\n|t:|1698860160\n|switch|p2b: Original|Landorus-Therian, M|100\/100\n|-ability|p2b: Original|Intimidate|boost\n|-unboost|p1a: Tornadus|atk|1\n|-unboost|p1b: Dragapult|atk|1\n|-terastallize|p1a: Tornadus|Flying\n|move|p1b: Dragapult|Dragon Dance|p1b: Dragapult\n|-boost|p1b: Dragapult|atk|1\n|-boost|p1b: Dragapult|spe|1\n|move|p1a: Tornadus|Air Slash|p2a: humungous\n|-supereffective|p2a: humungous\n|-damage|p2a: humungous|1\/100\n|move|p2a: humungous|Spore|p1a: Tornadus\n|-status|p1a: Tornadus|slp|[from] move: Spore\n|-enditem|p1a: Tornadus|Chesto Berry|[eat]\n|-curestatus|p1a: Tornadus|slp|[msg]\n|\n|-weather|RainDance|[upkeep]\n|-damage|p1b: Dragapult|76\/100 psn|[from] psn\n|-sideend|p1: elpotrero|move: Tailwind\n|upkeep\n|turn|7\n|inactive|RaulZzZ has 120 seconds left.\n|inactive|elpotrero has 120 seconds left.\n|\n|t:|1698860194\n|move|p2a: humungous|Rage Powder|p2a: humungous\n|-singleturn|p2a: humungous|move: Rage Powder\n|move|p1b: Dragapult|Dragon Darts|p2a: humungous\n|-damage|p2a: humungous|0 fnt\n|faint|p2a: humungous\n|move|p2b: Original|Sandsear Storm|p1a: Tornadus|[spread] p1b\n|-immune|p1a: Tornadus\n|-damage|p1b: Dragapult|30\/100 psn\n|move|p1a: Tornadus|Air Slash|p2b: Original\n|-damage|p2b: Original|45\/100\n|\n|-weather|RainDance|[upkeep]\n|-heal|p2b: Original|51\/100|[from] item: Leftovers\n|-damage|p1b: Dragapult|18\/100 psn|[from] psn\n|upkeep\n|\n|t:|1698860203\n|switch|p2a: bakugan|Basculegion-F, F, tera:Fairy|57\/100\n|turn|8\n|inactive|RaulZzZ has 120 seconds left.\n|\n|t:|1698860226\n|move|p1b: Dragapult|Acrobatics|p2a: bakugan\n|-damage|p2a: bakugan|11\/100\n|move|p2a: bakugan|Tera Blast|p1a: Tornadus|[anim] Tera Blast Fairy\n|-damage|p1a: Tornadus|7\/100\n|-damage|p2a: bakugan|1\/100|[from] item: Life Orb\n|move|p2b: Original|Sandsear Storm|p1a: Tornadus|[spread] p1b\n|-immune|p1a: Tornadus\n|-damage|p1b: Dragapult|0 fnt\n|faint|p1b: Dragapult\n|move|p1a: Tornadus|Air Slash|p2a: bakugan\n|-damage|p2a: bakugan|0 fnt\n|faint|p2a: bakugan\n|\n|-weather|none\n|-heal|p2b: Original|57\/100|[from] item: Leftovers\n|upkeep\n|\n|t:|1698860242\n|switch|p1b: Iron Hands|Iron Hands|100\/100\n|switch|p2a: pepper|Pelipper, M, shiny|100\/100\n|-weather|RainDance|[from] ability: Drizzle|[of] p2a: pepper\n|-status|p1b: Iron Hands|psn\n|-damage|p1b: Iron Hands|94\/100 psn|[from] Stealth Rock\n|-enditem|p1b: Iron Hands|Booster Energy\n|-activate|p1b: Iron Hands|ability: Quark Drive|[fromitem]\n|-start|p1b: Iron Hands|quarkdriveatk\n|turn|9\n|\n|t:|1698860257\n|move|p1a: Tornadus|Tailwind|p1a: Tornadus\n|-sidestart|p1: elpotrero|move: Tailwind\n|move|p2b: Original|Sandsear Storm|p1b: Iron Hands|[spread] p1b\n|-immune|p1a: Tornadus\n|-supereffective|p1b: Iron Hands\n|-damage|p1b: Iron Hands|35\/100 psn\n|move|p1b: Iron Hands|Ice Punch|p2b: Original\n|-supereffective|p2b: Original\n|-damage|p2b: Original|0 fnt\n|faint|p2b: Original\n|move|p2a: pepper|Hurricane|p1a: Tornadus\n|-damage|p1a: Tornadus|0 fnt\n|faint|p1a: Tornadus\n|\n|-weather|RainDance|[upkeep]\n|-damage|p1b: Iron Hands|23\/100 psn|[from] psn\n|upkeep\n|\n|t:|1698860271\n|switch|p1a: Chien-Pao|Chien-Pao|100\/100\n|-status|p1a: Chien-Pao|psn\n|-damage|p1a: Chien-Pao|76\/100 psn|[from] Stealth Rock\n|-ability|p1a: Chien-Pao|Sword of Ruin\n|turn|10\n|\n|t:|1698860282\n|move|p1a: Chien-Pao|Swords Dance|p1a: Chien-Pao\n|-boost|p1a: Chien-Pao|atk|2\n|move|p1b: Iron Hands|Volt Switch|p2a: pepper\n|-supereffective|p2a: pepper\n|-damage|p2a: pepper|44\/100\n|move|p2a: pepper|Surf|p1a: Chien-Pao|[spread] p1a,p1b\n|-damage|p1a: Chien-Pao|25\/100 psn\n|-damage|p1b: Iron Hands|0 fnt\n|faint|p1b: Iron Hands\n|-end|p1b: Iron Hands|Quark Drive|[silent]\n|\n|-weather|RainDance|[upkeep]\n|-heal|p1a: Chien-Pao|31\/100 psn|[from] item: Leftovers\n|-damage|p1a: Chien-Pao|19\/100 psn|[from] psn\n|upkeep\n|turn|11\n|inactive|elpotrero has 120 seconds left.\n|inactive|RaulZzZ has 120 seconds left.\n|inactive|elpotrero has 90 seconds left.\n|\n|t:|1698860354\n|move|p1a: Chien-Pao|Psychic Fangs|p2a: pepper\n|-damage|p2a: pepper|0 fnt\n|faint|p2a: pepper\n|\n|win|elpotrero\n|raw|elpotrero's rating: 1091 &rarr; <strong>1123<\/strong><br \/>(+32 for winning)\n|raw|RaulZzZ's rating: 1173 &rarr; <strong>1142<\/strong><br \/>(-31 for losing)\n","uploadtime":1698860372,"views":22,"p1id":"elpotrero","p2id":"raulzzz","formatid":"gen9doublesou","rating":1123,"private":0,"password":""}