{"id":"gen9doublesou-1989438398","p1":"DaniMac","p2":"bruhschetta","format":"[Gen 9] Doubles OU","log":"|j|\u2606DaniMac\n|j|\u2606bruhschetta\n|t:|1699850499\n|gametype|doubles\n|player|p1|DaniMac|veteran|1662\n|player|p2|bruhschetta|psychicf-gen4|1612\n|teamsize|p1|6\n|teamsize|p2|6\n|gen|9\n|tier|[Gen 9] Doubles OU\n|rated|\n|rule|Species Clause: Limit one of each Pok\u00e9mon\n|rule|OHKO Clause: OHKO moves are banned\n|rule|Evasion Moves Clause: Evasion moves are banned\n|rule|Gravity Sleep Clause: The combination of sleep-inducing moves with imperfect accuracy and Gravity or Gigantamax Orbeetle are banned\n|rule|Endless Battle Clause: Forcing endless battles is banned\n|rule|HP Percentage Mod: HP is shown in percentages\n|clearpoke\n|poke|p1|Torkoal, M|\n|poke|p1|Walking Wake|\n|poke|p1|Ceruledge, M|\n|poke|p1|Charizard, M|\n|poke|p1|Great Tusk|\n|poke|p1|Roaring Moon|\n|poke|p2|Ting-Lu|\n|poke|p2|Heatran, M|\n|poke|p2|Sinistcha|\n|poke|p2|Palafin, F|\n|poke|p2|Rillaboom, M|\n|poke|p2|Diancie|\n|teampreview\n|\n|t:|1699850536\n|start\n|switch|p1a: Twerkle|Torkoal, M|100\/100\n|switch|p1b: Velocity|Walking Wake|100\/100\n|switch|p2a: Rillaboom|Rillaboom, M|100\/100\n|switch|p2b: Sinistcha|Sinistcha|100\/100\n|-fieldstart|move: Grassy Terrain|[from] ability: Grassy Surge|[of] p2a: Rillaboom\n|-weather|SunnyDay|[from] ability: Drought|[of] p1a: Twerkle\n|-activate|p1b: Velocity|ability: Protosynthesis\n|-start|p1b: Velocity|protosynthesisspe\n|turn|1\n|\n|t:|1699850545\n|move|p2a: Rillaboom|Fake Out|p1a: Twerkle\n|-damage|p1a: Twerkle|94\/100\n|move|p1b: Velocity|Flamethrower|p2b: Sinistcha\n|-supereffective|p2b: Sinistcha\n|-damage|p2b: Sinistcha|43\/100\n|move|p2b: Sinistcha|Matcha Gotcha|p1a: Twerkle|[spread] p1a,p1b\n|-resisted|p1a: Twerkle\n|-damage|p1a: Twerkle|69\/100\n|-heal|p2b: Sinistcha|56\/100|[from] drain|[of] p1a: Twerkle\n|-damage|p1b: Velocity|59\/100\n|-heal|p2b: Sinistcha|76\/100|[from] drain|[of] p1b: Velocity\n|cant|p1a: Twerkle|flinch\n|\n|-weather|SunnyDay|[upkeep]\n|-heal|p1b: Velocity|65\/100|[from] Grassy Terrain\n|-heal|p2b: Sinistcha|82\/100|[from] Grassy Terrain\n|-heal|p1a: Twerkle|75\/100|[from] Grassy Terrain\n|upkeep\n|turn|2\n|\n|t:|1699850571\n|-terastallize|p2b: Sinistcha|Fairy\n|move|p1b: Velocity|Flamethrower|p2b: Sinistcha\n|-damage|p2b: Sinistcha|54\/100\n|move|p2a: Rillaboom|U-turn|p1b: Velocity\n|-damage|p1b: Velocity|41\/100\n|\n|t:|1699850579\n|switch|p2a: Ting-Lu|Ting-Lu|100\/100|[from] U-turn\n|-ability|p2a: Ting-Lu|Vessel of Ruin\n|move|p2b: Sinistcha|Matcha Gotcha|p1a: Twerkle|[spread] p1a\n|-miss|p2b: Sinistcha|p1b: Velocity\n|-resisted|p1a: Twerkle\n|-damage|p1a: Twerkle|52\/100\n|-heal|p2b: Sinistcha|65\/100|[from] drain|[of] p1a: Twerkle\n|move|p1a: Twerkle|Lava Plume|p2b: Sinistcha|[spread] p1b,p2a,p2b\n|-resisted|p1b: Velocity\n|-damage|p1b: Velocity|35\/100\n|-damage|p2a: Ting-Lu|88\/100\n|-damage|p2b: Sinistcha|53\/100\n|-status|p2a: Ting-Lu|brn\n|-status|p2b: Sinistcha|brn\n|\n|-weather|SunnyDay|[upkeep]\n|-heal|p1b: Velocity|42\/100|[from] Grassy Terrain\n|-heal|p2b: Sinistcha|59\/100 brn|[from] Grassy Terrain\n|-heal|p2a: Ting-Lu|94\/100 brn|[from] Grassy Terrain\n|-heal|p2a: Ting-Lu|100\/100 brn|[from] item: Leftovers\n|-heal|p1a: Twerkle|58\/100|[from] Grassy Terrain\n|-damage|p2b: Sinistcha|56\/100 brn|[from] brn\n|-damage|p2a: Ting-Lu|94\/100 brn|[from] brn\n|upkeep\n|turn|3\n|\n|t:|1699850595\n|move|p1b: Velocity|Hydro Steam|p2a: Ting-Lu\n|-supereffective|p2a: Ting-Lu\n|-damage|p2a: Ting-Lu|36\/100 brn\n|move|p2b: Sinistcha|Matcha Gotcha|p1a: Twerkle|[spread] p1a,p1b\n|-resisted|p1a: Twerkle\n|-damage|p1a: Twerkle|29\/100\n|-heal|p2b: Sinistcha|71\/100 brn|[from] drain|[of] p1a: Twerkle\n|-damage|p1b: Velocity|0 fnt\n|-heal|p2b: Sinistcha|91\/100 brn|[from] drain|[of] p1b: Velocity\n|faint|p1b: Velocity\n|-end|p1b: Velocity|Protosynthesis|[silent]\n|move|p2a: Ting-Lu|Stealth Rock|p1a: Twerkle\n|-sidestart|p1: DaniMac|move: Stealth Rock\n|move|p1a: Twerkle|Lava Plume|p2b: Sinistcha|[spread] p2a,p2b\n|-damage|p2a: Ting-Lu|24\/100 brn\n|-damage|p2b: Sinistcha|80\/100 brn\n|\n|-weather|SunnyDay|[upkeep]\n|-heal|p2b: Sinistcha|86\/100 brn|[from] Grassy Terrain\n|-heal|p2a: Ting-Lu|30\/100 brn|[from] Grassy Terrain\n|-heal|p2a: Ting-Lu|36\/100 brn|[from] item: Leftovers\n|-heal|p1a: Twerkle|35\/100|[from] Grassy Terrain\n|-damage|p2b: Sinistcha|83\/100 brn|[from] brn\n|-damage|p2a: Ting-Lu|30\/100 brn|[from] brn\n|upkeep\n|\n|t:|1699850611\n|switch|p1b: Terrence|Great Tusk|100\/100\n|-damage|p1b: Terrence|98\/100|[from] Stealth Rock\n|-activate|p1b: Terrence|ability: Protosynthesis\n|-start|p1b: Terrence|protosynthesisdef\n|turn|4\n|\n|t:|1699850625\n|move|p2a: Ting-Lu|Protect|p2a: Ting-Lu\n|-singleturn|p2a: Ting-Lu|Protect\n|move|p1b: Terrence|Body Press|p2a: Ting-Lu\n|-activate|p2a: Ting-Lu|move: Protect\n|move|p2b: Sinistcha|Matcha Gotcha|p1b: Terrence|[spread] p1a,p1b\n|-resisted|p1a: Twerkle\n|-supereffective|p1b: Terrence\n|-damage|p1a: Twerkle|7\/100\n|-heal|p2b: Sinistcha|97\/100 brn|[from] drain|[of] p1a: Twerkle\n|-damage|p1b: Terrence|0 fnt\n|-heal|p2b: Sinistcha|100\/100 brn|[from] drain|[of] p1b: Terrence\n|faint|p1b: Terrence\n|-end|p1b: Terrence|Protosynthesis|[silent]\n|move|p1a: Twerkle|Rapid Spin|p2b: Sinistcha\n|-damage|p2b: Sinistcha|92\/100 brn\n|-boost|p1a: Twerkle|spe|1\n|-sideend|p1: DaniMac|Stealth Rock|[from] move: Rapid Spin|[of] p1a: Twerkle\n|\n|-weather|SunnyDay|[upkeep]\n|-heal|p2b: Sinistcha|98\/100 brn|[from] Grassy Terrain\n|-heal|p2a: Ting-Lu|36\/100 brn|[from] Grassy Terrain\n|-heal|p2a: Ting-Lu|42\/100 brn|[from] item: Leftovers\n|-heal|p1a: Twerkle|13\/100|[from] Grassy Terrain\n|-damage|p2b: Sinistcha|95\/100 brn|[from] brn\n|-damage|p2a: Ting-Lu|36\/100 brn|[from] brn\n|upkeep\n|\n|t:|1699850640\n|switch|p1b: Redwing|Charizard, M, shiny|100\/100\n|turn|5\n|\n|t:|1699850650\n|move|p1b: Redwing|Flamethrower|p2b: Sinistcha\n|-damage|p2b: Sinistcha|24\/100 brn\n|move|p2b: Sinistcha|Matcha Gotcha|p1b: Redwing|[spread] p1a,p1b\n|-resisted|p1a: Twerkle\n|-resisted|p1b: Redwing\n|-damage|p1a: Twerkle|0 fnt\n|-heal|p2b: Sinistcha|30\/100 brn|[from] drain|[of] p1a: Twerkle\n|-damage|p1b: Redwing|85\/100\n|-heal|p2b: Sinistcha|37\/100 brn|[from] drain|[of] p1b: Redwing\n|faint|p1a: Twerkle\n|move|p2a: Ting-Lu|Throat Chop|p1b: Redwing\n|-damage|p1b: Redwing|57\/100\n|-start|p1b: Redwing|Throat Chop|[silent]\n|\n|-weather|SunnyDay|[upkeep]\n|-damage|p1b: Redwing|45\/100|[from] ability: Solar Power|[of] p1b: Redwing\n|-heal|p2b: Sinistcha|43\/100 brn|[from] Grassy Terrain\n|-heal|p2a: Ting-Lu|42\/100 brn|[from] Grassy Terrain\n|-heal|p2a: Ting-Lu|48\/100 brn|[from] item: Leftovers\n|-damage|p2b: Sinistcha|40\/100 brn|[from] brn\n|-damage|p2a: Ting-Lu|42\/100 brn|[from] brn\n|-fieldend|move: Grassy Terrain\n|upkeep\n|\n|t:|1699850659\n|switch|p1a: Razer|Ceruledge, M|100\/100\n|turn|6\n|\n|t:|1699850675\n|move|p2b: Sinistcha|Protect|p2b: Sinistcha\n|-singleturn|p2b: Sinistcha|Protect\n|move|p1b: Redwing|Flamethrower|p2a: Ting-Lu\n|-damage|p2a: Ting-Lu|0 fnt\n|faint|p2a: Ting-Lu\n|move|p1a: Razer|Bitter Blade|p2b: Sinistcha\n|-activate|p2b: Sinistcha|move: Protect\n|\n|-weather|SunnyDay|[upkeep]\n|-damage|p1b: Redwing|32\/100|[from] ability: Solar Power|[of] p1b: Redwing\n|-damage|p2b: Sinistcha|37\/100 brn|[from] brn\n|-end|p1b: Redwing|Throat Chop|[silent]\n|upkeep\n|c|\u2606DaniMac|what's the stat spread on that sinastcha?\n|\n|t:|1699850679\n|switch|p2a: Diancie|Diancie|100\/100\n|turn|7\n|c|\u2606bruhschetta|252hp, 116def rest into spa\n|c|\u2606bruhschetta|and metronome\n|\n|t:|1699850711\n|move|p1b: Redwing|Flamethrower|p2a: Diancie\n|-resisted|p2a: Diancie\n|-damage|p2a: Diancie|41\/100\n|move|p1a: Razer|Bitter Blade|p2b: Sinistcha\n|-damage|p2b: Sinistcha|11\/100 brn\n|move|p2a: Diancie|Diamond Storm|p1b: Redwing|[spread] p1a,p1b\n|-supereffective|p1a: Razer\n|-supereffective|p1b: Redwing\n|-damage|p1a: Razer|7\/100\n|-damage|p1b: Redwing|0 fnt\n|-ability|p1a: Razer|Weak Armor|boost\n|-unboost|p1a: Razer|def|1\n|-boost|p1a: Razer|spe|2\n|faint|p1b: Redwing\n|move|p2b: Sinistcha|Trick Room|p2b: Sinistcha\n|-fieldstart|move: Trick Room|[of] p2b: Sinistcha\n|\n|-weather|SunnyDay|[upkeep]\n|-damage|p2b: Sinistcha|8\/100 brn|[from] brn\n|upkeep\n|c|\u2606DaniMac|ok the hp investment explains it\n|c|\u2606DaniMac|i was rly confused\n|\n|t:|1699850722\n|switch|p1b: Iroh|Roaring Moon|100\/100\n|-activate|p1b: Iroh|ability: Protosynthesis\n|-start|p1b: Iroh|protosynthesisspe\n|turn|8\n|\n|t:|1699850736\n|-terastallize|p1b: Iroh|Steel\n|move|p1a: Razer|Shadow Sneak|p2b: Sinistcha\n|-damage|p2b: Sinistcha|0 fnt\n|faint|p2b: Sinistcha\n|move|p2a: Diancie|Diamond Storm|p1a: Razer|[spread] p1a,p1b\n|-supereffective|p1a: Razer\n|-resisted|p1b: Iroh\n|-damage|p1a: Razer|0 fnt\n|-damage|p1b: Iroh|79\/100\n|-boost|p2a: Diancie|def|2\n|faint|p1a: Razer\n|move|p1b: Iroh|Iron Head|p2a: Diancie\n|-supereffective|p2a: Diancie\n|-damage|p2a: Diancie|0 fnt\n|faint|p2a: Diancie\n|\n|-weather|none\n|-end|p1b: Iroh|Protosynthesis\n|upkeep\n|\n|t:|1699850743\n|switch|p2a: Heatran|Heatran, M|100\/100\n|switch|p2b: Rillaboom|Rillaboom, M|100\/100\n|-fieldstart|move: Grassy Terrain|[from] ability: Grassy Surge|[of] p2b: Rillaboom\n|turn|9\n|\n|t:|1699850755\n|move|p2b: Rillaboom|Fake Out|p1b: Iroh\n|-resisted|p1b: Iroh\n|-damage|p1b: Iroh|70\/100\n|move|p2a: Heatran|Heat Wave|p1b: Iroh\n|-supereffective|p1b: Iroh\n|-damage|p1b: Iroh|0 fnt\n|faint|p1b: Iroh\n|-end|p1b: Iroh|Protosynthesis|[silent]\n|\n|win|bruhschetta\n|raw|DaniMac's rating: 1662 &rarr; <strong>1639<\/strong><br \/>(-23 for losing)\n|raw|bruhschetta's rating: 1612 &rarr; <strong>1635<\/strong><br \/>(+23 for winning)\n|l|\u2606DaniMac\n","uploadtime":1699851013,"views":22,"p1id":"danimac","p2id":"bruhschetta","formatid":"gen9doublesou","rating":1635,"private":0,"password":""}