{"id":"gen9doublesou-1970636950","p1":"Angelolll","p2":"nadlei37","format":"[Gen 9] Doubles OU","log":"|j|\u2606Angelolll\n|j|\u2606nadlei37\n|t:|1697654266\n|gametype|doubles\n|player|p1|Angelolll|emmet|\n|player|p2|nadlei37|2|\n|teamsize|p1|6\n|teamsize|p2|6\n|gen|9\n|tier|[Gen 9] Doubles OU\n|rule|Species Clause: Limit one of each Pok\u00e9mon\n|rule|OHKO Clause: OHKO moves are banned\n|rule|Evasion Moves Clause: Evasion moves are banned\n|rule|Gravity Sleep Clause: The combination of sleep-inducing moves with imperfect accuracy and Gravity or Gigantamax Orbeetle are banned\n|rule|Endless Battle Clause: Forcing endless battles is banned\n|rule|HP Percentage Mod: HP is shown in percentages\n|clearpoke\n|poke|p1|Tornadus, M|\n|poke|p1|Flutter Mane|\n|poke|p1|Rillaboom, F|\n|poke|p1|Ogerpon-Hearthflame, F|\n|poke|p1|Chien-Pao|\n|poke|p1|Dragonite, F|\n|poke|p2|Pelipper, M|\n|poke|p2|Palafin, M|\n|poke|p2|Amoonguss, M|\n|poke|p2|Flutter Mane|\n|poke|p2|Kingambit, M|\n|poke|p2|Arcanine, M|\n|teampreview\n|c|\u2606nadlei37|eso no es un sample team? xd\n|c|\u2606Angelolll|Cu\u00e1l\n|c|\u2606Angelolll|El m\u00edo?\n|c|\u2606nadlei37|vi un sample team muy parecido\n|c|\u2606Angelolll|Es uno que encontr\u00e9 por ah\u00ed, lo prob\u00e9 y es buen\u00edsimo\n|c|\u2606nadlei37|bueno no tenia tornadus creo\n|c|\u2606Angelolll|En tiktok jaja\n|c|\u2606nadlei37|bueno glhf\n|c|\u2606Angelolll|Igualmente\n|\n|t:|1697654365\n|start\n|switch|p1a: Brujita|Flutter Mane|100\/100\n|switch|p1b: Dragonite|Dragonite, F|100\/100\n|switch|p2a: Palafin|Palafin, M|100\/100\n|switch|p2b: Arcanine|Arcanine, M|100\/100\n|-ability|p2b: Arcanine|Intimidate|boost\n|-unboost|p1a: Brujita|atk|1\n|-fail|p1b: Dragonite|unboost|Attack|[from] ability: Inner Focus|[of] p1b: Dragonite\n|turn|1\n|\n|t:|1697654387\n|detailschange|p2a: Palafin|Palafin-Hero, M\n|switch|p2a: Amoonguss|Amoonguss, M|100\/100\n|move|p1a: Brujita|Shadow Ball|p2b: Arcanine\n|-damage|p2b: Arcanine|40\/100\n|move|p2b: Arcanine|Will-O-Wisp|p1b: Dragonite\n|-status|p1b: Dragonite|brn\n|move|p1b: Dragonite|Stomping Tantrum|p2b: Arcanine\n|-supereffective|p2b: Arcanine\n|-damage|p2b: Arcanine|0 fnt\n|faint|p2b: Arcanine\n|\n|-damage|p1b: Dragonite|94\/100 brn|[from] brn\n|upkeep\n|\n|t:|1697654411\n|switch|p2b: Palafin|Palafin-Hero, M|100\/100\n|-activate|p2b: Palafin|ability: Zero to Hero\n|turn|2\n|\n|t:|1697654521\n|-end|p1a: Brujita|Protosynthesis|[silent]\n|switch|p1a: Rillaboom|Rillaboom, F|100\/100\n|-fieldstart|move: Grassy Terrain|[from] ability: Grassy Surge|[of] p1a: Rillaboom\n|switch|p1b: Ogerpon|Ogerpon-Hearthflame, F|100\/100\n|-ability|p1b: Ogerpon|Mold Breaker\n|-terastallize|p2b: Palafin|Water\n|move|p2a: Amoonguss|Rage Powder|p2a: Amoonguss\n|-singleturn|p2a: Amoonguss|move: Rage Powder\n|move|p2b: Palafin|Flip Turn|p1a: Rillaboom\n|-resisted|p1a: Rillaboom\n|-damage|p1a: Rillaboom|75\/100\n|\n|t:|1697654535\n|switch|p2b: Flutter Mane|Flutter Mane|100\/100|[from] Flip Turn\n|\n|-heal|p1a: Rillaboom|82\/100|[from] Grassy Terrain\n|upkeep\n|turn|3\n|\n|t:|1697654589\n|switch|p2a: Pelipper|Pelipper, M|100\/100\n|-weather|RainDance|[from] ability: Drizzle|[of] p2a: Pelipper\n|move|p1a: Rillaboom|Fake Out|p2a: Pelipper\n|-damage|p2a: Pelipper|82\/100\n|move|p1b: Ogerpon|Grassy Glide|p2b: Flutter Mane\n|-damage|p2b: Flutter Mane|0 fnt\n|faint|p2b: Flutter Mane\n|-end|p2b: Flutter Mane|Protosynthesis|[silent]\n|\n|-weather|RainDance|[upkeep]\n|-heal|p1a: Rillaboom|88\/100|[from] Grassy Terrain\n|upkeep\n|\n|t:|1697654609\n|switch|p2b: Kingambit|Kingambit, M|100\/100\n|turn|4\n|\n|t:|1697654627\n|move|p1b: Ogerpon|Wood Hammer|p2a: Pelipper\n|-damage|p2a: Pelipper|0 fnt\n|faint|p2a: Pelipper\n|-damage|p1b: Ogerpon|78\/100|[from] Recoil\n|move|p1a: Rillaboom|High Horsepower|p2b: Kingambit\n|-supereffective|p2b: Kingambit\n|-damage|p2b: Kingambit|54\/100\n|move|p2b: Kingambit|Swords Dance|p2b: Kingambit\n|-boost|p2b: Kingambit|atk|2\n|\n|-weather|RainDance|[upkeep]\n|-heal|p1b: Ogerpon|84\/100|[from] Grassy Terrain\n|-heal|p1a: Rillaboom|94\/100|[from] Grassy Terrain\n|-heal|p2b: Kingambit|61\/100|[from] Grassy Terrain\n|upkeep\n|\n|t:|1697654643\n|switch|p2a: Palafin|Palafin-Hero, M, tera:Water|100\/100\n|turn|5\n|\n|t:|1697654653\n|move|p2a: Palafin|Jet Punch|p1b: Ogerpon\n|-damage|p1b: Ogerpon|0 fnt\n|faint|p1b: Ogerpon\n|move|p1a: Rillaboom|Grassy Glide|p2a: Palafin\n|-supereffective|p2a: Palafin\n|-damage|p2a: Palafin|36\/100\n|move|p2b: Kingambit|Sucker Punch||[still]\n|-fail|p2b: Kingambit\n|\n|-weather|RainDance|[upkeep]\n|-heal|p2a: Palafin|42\/100|[from] Grassy Terrain\n|-heal|p1a: Rillaboom|99\/100|[from] Grassy Terrain\n|-heal|p2b: Kingambit|67\/100|[from] Grassy Terrain\n|upkeep\n|\n|t:|1697654671\n|switch|p1b: Dragonite|Dragonite, F|94\/100 brn\n|turn|6\n|\n|t:|1697654686\n|switch|p2a: Amoonguss|Amoonguss, M|100\/100\n|move|p1b: Dragonite|Extreme Speed|p2a: Amoonguss\n|-damage|p2a: Amoonguss|79\/100\n|move|p1a: Rillaboom|Grassy Glide|p2a: Amoonguss\n|-resisted|p2a: Amoonguss\n|-damage|p2a: Amoonguss|71\/100\n|move|p2b: Kingambit|Kowtow Cleave|p1a: Rillaboom\n|-damage|p1a: Rillaboom|0 fnt\n|faint|p1a: Rillaboom\n|\n|-weather|RainDance|[upkeep]\n|-heal|p2b: Kingambit|73\/100|[from] Grassy Terrain\n|-heal|p2a: Amoonguss|77\/100|[from] Grassy Terrain\n|-damage|p1b: Dragonite|88\/100 brn|[from] brn\n|-fieldend|move: Grassy Terrain\n|upkeep\n|\n|t:|1697654690\n|switch|p1a: Chien-Pao|Chien-Pao|100\/100\n|-ability|p1a: Chien-Pao|Sword of Ruin\n|turn|7\n|j| guzmfran\n|\n|t:|1697654735\n|move|p2b: Kingambit|Protect|p2b: Kingambit\n|-singleturn|p2b: Kingambit|Protect\n|move|p1b: Dragonite|Extreme Speed|p2a: Amoonguss\n|-damage|p2a: Amoonguss|47\/100\n|move|p1a: Chien-Pao|Icicle Crash|p2a: Amoonguss\n|-supereffective|p2a: Amoonguss\n|-damage|p2a: Amoonguss|0 fnt\n|faint|p2a: Amoonguss\n|\n|-weather|RainDance|[upkeep]\n|-damage|p1b: Dragonite|82\/100 brn|[from] brn\n|upkeep\n|\n|t:|1697654744\n|switch|p2a: Palafin|Palafin-Hero, M, tera:Water|42\/100\n|turn|8\n|\n|t:|1697654753\n|move|p1b: Dragonite|Extreme Speed|p2a: Palafin\n|-damage|p2a: Palafin|10\/100\n|move|p2a: Palafin|Jet Punch|p1a: Chien-Pao\n|-enditem|p1a: Chien-Pao|Focus Sash\n|-damage|p1a: Chien-Pao|1\/100\n|move|p1a: Chien-Pao|Crunch|p2a: Palafin\n|-damage|p2a: Palafin|0 fnt\n|faint|p2a: Palafin\n|move|p2b: Kingambit|Kowtow Cleave|p1b: Dragonite\n|-damage|p1b: Dragonite|0 fnt\n|faint|p1b: Dragonite\n|\n|-weather|RainDance|[upkeep]\n|upkeep\n|\n|t:|1697654763\n|switch|p1b: Brujita|Flutter Mane|100\/100\n|turn|9\n|\n|t:|1697654772\n|-terastallize|p1b: Brujita|Fairy\n|move|p1a: Chien-Pao|Sucker Punch|p2b: Kingambit\n|-resisted|p2b: Kingambit\n|-damage|p2b: Kingambit|55\/100\n|move|p2b: Kingambit|Sucker Punch||[still]\n|-fail|p2b: Kingambit\n|move|p1b: Brujita|Moonblast|p2b: Kingambit\n|-damage|p2b: Kingambit|0 fnt\n|faint|p2b: Kingambit\n|\n|win|Angelolll\n","uploadtime":1697654776,"views":11,"p1id":"angelolll","p2id":"nadlei37","formatid":"gen9doublesou","rating":0,"private":0,"password":""}