{"id":"gen9doublesou-1991874869","p1":"loprat","p2":"Isthisnametaked","format":"[Gen 9] Doubles OU","log":"|j|\u2606loprat\n|j|\u2606Isthisnametaked\n|t:|1700132024\n|gametype|doubles\n|player|p1|loprat|pokemaniac|1166\n|player|p2|Isthisnametaked|266|1000\n|teamsize|p1|6\n|teamsize|p2|6\n|gen|9\n|tier|[Gen 9] Doubles OU\n|rated|\n|rule|Species Clause: Limit one of each Pok\u00e9mon\n|rule|OHKO Clause: OHKO moves are banned\n|rule|Evasion Moves Clause: Evasion moves are banned\n|rule|Gravity Sleep Clause: The combination of sleep-inducing moves with imperfect accuracy and Gravity or Gigantamax Orbeetle are banned\n|rule|Endless Battle Clause: Forcing endless battles is banned\n|rule|HP Percentage Mod: HP is shown in percentages\n|clearpoke\n|poke|p1|Torkoal, M|\n|poke|p1|Breloom, F|\n|poke|p1|Gliscor, F|\n|poke|p1|Eelektross, F|\n|poke|p1|Flutter Mane|\n|poke|p1|Thundurus-Therian, M|\n|poke|p2|Baxcalibur, F|\n|poke|p2|Torkoal, F|\n|poke|p2|Walking Wake|\n|poke|p2|Amoonguss, M|\n|poke|p2|Rillaboom, F|\n|poke|p2|Heatran, M|\n|teampreview\n|inactive|Battle timer is ON: inactive players will automatically lose when time's up. (requested by loprat)\n|\n|t:|1700132046\n|start\n|switch|p1a: Eelektross|Eelektross, F, shiny|100\/100\n|switch|p1b: Thundurus|Thundurus-Therian, M|100\/100\n|switch|p2a: Really Big Boom|Rillaboom, F|100\/100\n|switch|p2b: Heat Man Ran|Heatran, M|100\/100\n|-fieldstart|move: Grassy Terrain|[from] ability: Grassy Surge|[of] p2a: Really Big Boom\n|turn|1\n|\n|t:|1700132063\n|move|p1b: Thundurus|Wildbolt Storm|p2a: Really Big Boom|[spread] p2b\n|-miss|p1b: Thundurus|p2a: Really Big Boom\n|-damage|p2b: Heat Man Ran|56\/100\n|-damage|p1b: Thundurus|91\/100|[from] item: Life Orb\n|move|p2a: Really Big Boom|Knock Off|p1b: Thundurus\n|-damage|p1b: Thundurus|26\/100\n|-enditem|p1b: Thundurus|Life Orb|[from] move: Knock Off|[of] p2a: Really Big Boom\n|move|p2b: Heat Man Ran|Stealth Rock|p1a: Eelektross\n|-sidestart|p1: loprat|move: Stealth Rock\n|move|p1a: Eelektross|Discharge|p2a: Really Big Boom|[spread] p2a,p2b\n|-heal|p1b: Thundurus|50\/100|[from] ability: Volt Absorb|[of] p1a: Eelektross\n|-resisted|p2a: Really Big Boom\n|-damage|p2a: Really Big Boom|90\/100\n|-damage|p2b: Heat Man Ran|33\/100\n|\n|-heal|p2a: Really Big Boom|96\/100|[from] Grassy Terrain\n|-heal|p2b: Heat Man Ran|40\/100|[from] Grassy Terrain\n|-heal|p2b: Heat Man Ran|46\/100|[from] item: Leftovers\n|upkeep\n|turn|2\n|inactive|Isthisnametaked has 120 seconds left.\n|\n|t:|1700132095\n|move|p2a: Really Big Boom|Grassy Glide|p1b: Thundurus\n|-resisted|p1b: Thundurus\n|-damage|p1b: Thundurus|15\/100\n|move|p1b: Thundurus|Wildbolt Storm|p2b: Heat Man Ran|[spread] p2a\n|-miss|p1b: Thundurus|p2b: Heat Man Ran\n|-resisted|p2a: Really Big Boom\n|-damage|p2a: Really Big Boom|81\/100\n|move|p2b: Heat Man Ran|Heat Wave|p1b: Thundurus|[spread] p1a,p1b\n|-damage|p1a: Eelektross|58\/100\n|-damage|p1b: Thundurus|0 fnt\n|faint|p1b: Thundurus\n|move|p1a: Eelektross|Discharge|p2b: Heat Man Ran|[spread] p2a,p2b\n|-resisted|p2a: Really Big Boom\n|-damage|p2a: Really Big Boom|71\/100\n|-damage|p2b: Heat Man Ran|22\/100\n|-status|p2a: Really Big Boom|par\n|\n|-heal|p2b: Heat Man Ran|28\/100|[from] Grassy Terrain\n|-heal|p2b: Heat Man Ran|35\/100|[from] item: Leftovers\n|-heal|p1a: Eelektross|64\/100|[from] item: Leftovers\n|-heal|p2a: Really Big Boom|77\/100 par|[from] Grassy Terrain\n|upkeep\n|\n|t:|1700132114\n|switch|p1b: Torkoal|Torkoal, M, shiny|100\/100\n|-damage|p1b: Torkoal|76\/100|[from] Stealth Rock\n|-weather|SunnyDay|[from] ability: Drought|[of] p1b: Torkoal\n|turn|3\n|\n|t:|1700132126\n|switch|p2b: Walking Woke|Walking Wake|100\/100\n|-activate|p2b: Walking Woke|ability: Protosynthesis\n|-start|p2b: Walking Woke|protosynthesisspe\n|switch|p2a: More Coal|Torkoal, F|100\/100\n|move|p1a: Eelektross|Discharge|p2b: Walking Woke|[spread] p1b,p2a,p2b\n|-damage|p1b: Torkoal|46\/100\n|-damage|p2a: More Coal|63\/100\n|-damage|p2b: Walking Woke|70\/100\n|-status|p1b: Torkoal|par\n|-status|p2a: More Coal|par\n|-enditem|p1b: Torkoal|Sitrus Berry|[eat]\n|-heal|p1b: Torkoal|71\/100 par|[from] item: Sitrus Berry\n|move|p1b: Torkoal|Eruption|p2a: More Coal|[spread] p2a,p2b\n|-resisted|p2a: More Coal\n|-resisted|p2b: Walking Woke\n|-damage|p2a: More Coal|41\/100 par\n|-damage|p2b: Walking Woke|59\/100\n|\n|-weather|SunnyDay|[upkeep]\n|-heal|p2b: Walking Woke|65\/100|[from] Grassy Terrain\n|-heal|p1a: Eelektross|70\/100|[from] item: Leftovers\n|-heal|p2a: More Coal|47\/100 par|[from] Grassy Terrain\n|-heal|p1b: Torkoal|77\/100 par|[from] Grassy Terrain\n|upkeep\n|turn|4\n|\n|t:|1700132146\n|move|p2b: Walking Woke|Hydro Steam|p1b: Torkoal\n|-supereffective|p1b: Torkoal\n|-damage|p1b: Torkoal|0 fnt\n|faint|p1b: Torkoal\n|move|p1a: Eelektross|Discharge|p2b: Walking Woke|[spread] p2a,p2b\n|-damage|p2a: More Coal|13\/100 par\n|-damage|p2b: Walking Woke|33\/100\n|move|p2a: More Coal|Yawn|p1a: Eelektross\n|-start|p1a: Eelektross|move: Yawn|[of] p2a: More Coal\n|\n|-weather|SunnyDay|[upkeep]\n|-heal|p2b: Walking Woke|39\/100|[from] Grassy Terrain\n|-heal|p1a: Eelektross|76\/100|[from] item: Leftovers\n|-heal|p2a: More Coal|19\/100 par|[from] Grassy Terrain\n|upkeep\n|inactive|loprat has 120 seconds left.\n|\n|t:|1700132161\n|switch|p1b: Flutter Mane|Flutter Mane|100\/100\n|-damage|p1b: Flutter Mane|88\/100|[from] Stealth Rock\n|-activate|p1b: Flutter Mane|ability: Protosynthesis\n|-start|p1b: Flutter Mane|protosynthesisspa\n|turn|5\n|\n|t:|1700132175\n|move|p2a: More Coal|Helping Hand|p2b: Walking Woke\n|-singleturn|p2b: Walking Woke|Helping Hand|[of] p2a: More Coal\n|move|p2b: Walking Woke|Hydro Steam|p1b: Flutter Mane\n|-damage|p1b: Flutter Mane|0 fnt\n|faint|p1b: Flutter Mane\n|-end|p1b: Flutter Mane|Protosynthesis|[silent]\n|move|p1a: Eelektross|Giga Drain|p2b: Walking Woke\n|-damage|p2b: Walking Woke|13\/100\n|-heal|p1a: Eelektross|89\/100|[from] drain|[of] p2b: Walking Woke\n|\n|-weather|SunnyDay|[upkeep]\n|-heal|p2b: Walking Woke|20\/100|[from] Grassy Terrain\n|-heal|p1a: Eelektross|95\/100|[from] item: Leftovers\n|-heal|p2a: More Coal|25\/100 par|[from] Grassy Terrain\n|-end|p1a: Eelektross|move: Yawn|[silent]\n|-status|p1a: Eelektross|slp\n|-fieldend|move: Grassy Terrain\n|upkeep\n|\n|t:|1700132185\n|switch|p1b: Gliscor|Gliscor, F, shiny|100\/100\n|-damage|p1b: Gliscor|88\/100|[from] Stealth Rock\n|turn|6\n|\n|t:|1700132201\n|switch|p2a: Hax Bax|Baxcalibur, F|100\/100\n|move|p2b: Walking Woke|Hydro Steam|p1b: Gliscor\n|-supereffective|p1b: Gliscor\n|-damage|p1b: Gliscor|0 fnt\n|faint|p1b: Gliscor\n|cant|p1a: Eelektross|slp\n|\n|-weather|SunnyDay|[upkeep]\n|-heal|p1a: Eelektross|100\/100 slp|[from] item: Leftovers\n|upkeep\n|\n|t:|1700132208\n|switch|p1b: Breloom|Breloom, F|100\/100\n|-damage|p1b: Breloom|94\/100|[from] Stealth Rock\n|turn|7\n|\n|t:|1700132219\n|move|p1b: Breloom|Mach Punch|p2a: Hax Bax\n|-supereffective|p2a: Hax Bax\n|-damage|p2a: Hax Bax|35\/100\n|move|p2b: Walking Woke|Hydro Steam|p1a: Eelektross\n|-damage|p1a: Eelektross|10\/100 slp\n|move|p2a: Hax Bax|Icicle Spear|p1b: Breloom\n|-supereffective|p1b: Breloom\n|-damage|p1b: Breloom|55\/100\n|-enditem|p1b: Breloom|Weakness Policy\n|-boost|p1b: Breloom|atk|2|[from] item: Weakness Policy\n|-boost|p1b: Breloom|spa|2|[from] item: Weakness Policy\n|-supereffective|p1b: Breloom\n|-damage|p1b: Breloom|18\/100\n|-supereffective|p1b: Breloom\n|-damage|p1b: Breloom|0 fnt\n|faint|p1b: Breloom\n|-hitcount|p1: Breloom|3\n|cant|p1a: Eelektross|slp\n|\n|-weather|none\n|-end|p2b: Walking Woke|Protosynthesis\n|-heal|p1a: Eelektross|16\/100 slp|[from] item: Leftovers\n|upkeep\n|turn|8\n|\n|t:|1700132235\n|move|p2b: Walking Woke|Hydro Steam|p1a: Eelektross\n|-damage|p1a: Eelektross|0 fnt\n|faint|p1a: Eelektross\n|\n|win|Isthisnametaked\n|raw|loprat's rating: 1166 &rarr; <strong>1130<\/strong><br \/>(-36 for losing)\n|raw|Isthisnametaked's rating: 1000 &rarr; <strong>1058<\/strong><br \/>(+58 for winning)\n|l|\u2606loprat\n|l|\u2606Isthisnametaked\n|j|\u2606Isthisnametaked\n|player|p2|Isthisnametaked|266\n","uploadtime":1700132239,"views":23,"p1id":"loprat","p2id":"isthisnametaked","formatid":"gen9doublesou","rating":1058,"private":0,"password":""}