{"id":"gen9doublesou-1993653860","p1":"SolarBeam Slakoth","p2":"quermquerr","format":"[Gen 9] Doubles OU","log":"|j|\u2606SolarBeam Slakoth\n|j|\u2606quermquerr\n|t:|1700341955\n|gametype|doubles\n|player|p1|SolarBeam Slakoth|doctor|\n|player|p2|quermquerr|madame-gen4dp|\n|teamsize|p1|6\n|teamsize|p2|4\n|gen|9\n|tier|[Gen 9] Doubles OU\n|rule|Species Clause: Limit one of each Pok\u00e9mon\n|rule|OHKO Clause: OHKO moves are banned\n|rule|Evasion Moves Clause: Evasion moves are banned\n|rule|Gravity Sleep Clause: The combination of sleep-inducing moves with imperfect accuracy and Gravity or Gigantamax Orbeetle are banned\n|rule|Endless Battle Clause: Forcing endless battles is banned\n|rule|HP Percentage Mod: HP is shown in percentages\n|clearpoke\n|poke|p1|Falinks|\n|poke|p1|Chien-Pao|\n|poke|p1|Ogerpon-Wellspring, F|\n|poke|p1|Rillaboom, M|\n|poke|p1|Flutter Mane|\n|poke|p1|Iron Hands|\n|poke|p2|Mew|\n|poke|p2|Cresselia, F|\n|poke|p2|Pikachu-Hoenn, M|\n|poke|p2|Chi-Yu|\n|teampreview\n|inactive|Battle timer is ON: inactive players will automatically lose when time's up. (requested by SolarBeam Slakoth)\n|inactive|quermquerr also wants the timer to be on.\n|inactive|SolarBeam Slakoth has 270 seconds left.\n|inactive|quermquerr has 270 seconds left.\n|inactive|SolarBeam Slakoth no longer wants the timer on, but the timer is staying on because quermquerr still does.\n|inactiveoff|Battle timer is now OFF.\n|\n|t:|1700342007\n|start\n|switch|p1a: Falinks|Falinks|100\/100\n|switch|p1b: Chien-Pao|Chien-Pao|100\/100\n|switch|p2a: Mew|Mew|100\/100\n|switch|p2b: Cresselia|Cresselia, F|100\/100\n|-ability|p1b: Chien-Pao|Sword of Ruin\n|turn|1\n|\n|t:|1700342029\n|move|p2b: Cresselia|Ally Switch|p2b: Cresselia\n|swap|p2b: Cresselia|0|[from] move: Ally Switch\n|move|p1b: Chien-Pao|Mean Look|p1a: Falinks\n|-activate|p1a: Falinks|trapped\n|move|p1a: Falinks|No Retreat|p1a: Falinks\n|-boost|p1a: Falinks|atk|1\n|-boost|p1a: Falinks|def|1\n|-boost|p1a: Falinks|spa|1\n|-boost|p1a: Falinks|spd|1\n|-boost|p1a: Falinks|spe|1\n|move|p2b: Mew|False Swipe|null|[notarget]\n|-fail|p2b: Mew\n|\n|upkeep\n|turn|2\n|\n|t:|1700342054\n|move|p2a: Cresselia|Ally Switch||[still]\n|-fail|p2a: Cresselia\n|move|p1a: Falinks|No Retreat|p1a: Falinks\n|-boost|p1a: Falinks|atk|1\n|-boost|p1a: Falinks|def|1\n|-boost|p1a: Falinks|spa|1\n|-boost|p1a: Falinks|spd|1\n|-boost|p1a: Falinks|spe|1\n|move|p1b: Chien-Pao|Mean Look|p2b: Mew\n|-activate|p2b: Mew|trapped\n|move|p2b: Mew|False Swipe|p2a: Cresselia\n|-damage|p2a: Cresselia|94\/100\n|\n|-heal|p2a: Cresselia|99\/100|[from] item: Leftovers\n|upkeep\n|turn|3\n|\n|t:|1700342101\n|switch|p2a: Chi-Yu|Chi-Yu|100\/100\n|-ability|p2a: Chi-Yu|Beads of Ruin\n|move|p1a: Falinks|No Retreat|p1a: Falinks\n|-boost|p1a: Falinks|atk|1\n|-boost|p1a: Falinks|def|1\n|-boost|p1a: Falinks|spa|1\n|-boost|p1a: Falinks|spd|1\n|-boost|p1a: Falinks|spe|1\n|move|p1b: Chien-Pao|Ice Spinner|p1a: Falinks\n|-damage|p1a: Falinks|75\/100\n|move|p2b: Mew|False Swipe|p2a: Chi-Yu\n|-damage|p2a: Chi-Yu|84\/100\n|\n|upkeep\n|turn|4\n|\n|t:|1700342133\n|move|p2a: Chi-Yu|Endure|p2a: Chi-Yu\n|-singleturn|p2a: Chi-Yu|move: Endure\n|move|p1b: Chien-Pao|Sucker Punch|p2b: Mew\n|-supereffective|p2b: Mew\n|-damage|p2b: Mew|38\/100\n|move|p1a: Falinks|Rock Slide|p2b: Mew|[spread] p2a,p2b\n|-supereffective|p2a: Chi-Yu\n|-activate|p2a: Chi-Yu|move: Endure\n|-damage|p2a: Chi-Yu|1\/100\n|-damage|p2b: Mew|0 fnt\n|faint|p2b: Mew\n|\n|upkeep\n|\n|t:|1700342145\n|switch|p2b: Pikachu|Pikachu-Hoenn, M|100\/100\n|turn|5\n|\n|t:|1700342157\n|move|p2a: Chi-Yu|Endure||[still]\n|-fail|p2a: Chi-Yu\n|move|p2b: Pikachu|Feint|p2a: Chi-Yu\n|-damage|p2a: Chi-Yu|0 fnt\n|faint|p2a: Chi-Yu\n|move|p1a: Falinks|Iron Head|p2b: Pikachu\n|-resisted|p2b: Pikachu\n|-damage|p2b: Pikachu|14\/100\n|-enditem|p2b: Pikachu|Aguav Berry|[eat]\n|-heal|p2b: Pikachu|47\/100|[from] item: Aguav Berry\n|move|p1b: Chien-Pao|Mean Look|p2b: Pikachu\n|-activate|p2b: Pikachu|trapped\n|\n|upkeep\n|\n|t:|1700342169\n|switch|p2a: Cresselia|Cresselia, F|99\/100\n|turn|6\n|\n|t:|1700342206\n|move|p1b: Chien-Pao|Sucker Punch|p2a: Cresselia\n|-supereffective|p2a: Cresselia\n|-damage|p2a: Cresselia|48\/100\n|move|p1a: Falinks|Close Combat|p1b: Chien-Pao\n|-supereffective|p1b: Chien-Pao\n|-enditem|p1b: Chien-Pao|Focus Sash\n|-damage|p1b: Chien-Pao|1\/100\n|-unboost|p1a: Falinks|def|1\n|-unboost|p1a: Falinks|spd|1\n|move|p2b: Pikachu|Play Nice|p1b: Chien-Pao\n|-unboost|p1b: Chien-Pao|atk|1\n|move|p2a: Cresselia|Facade|p2b: Pikachu\n|-damage|p2b: Pikachu|15\/100\n|\n|-heal|p2a: Cresselia|55\/100|[from] item: Leftovers\n|upkeep\n|turn|7\n|\n|t:|1700342234\n|move|p1b: Chien-Pao|Protect|p1b: Chien-Pao\n|-singleturn|p1b: Chien-Pao|Protect\n|move|p2b: Pikachu|Feint|p1b: Chien-Pao\n|-activate|p1b: Chien-Pao|move: Feint\n|-damage|p1b: Chien-Pao|0 fnt\n|faint|p1b: Chien-Pao\n|move|p2a: Cresselia|Ally Switch|p2a: Cresselia\n|swap|p2a: Cresselia|1|[from] move: Ally Switch\n|move|p1a: Falinks|Rock Slide|p2b: Cresselia|[spread] p2a\n|-miss|p1a: Falinks|p2b: Cresselia\n|-damage|p2a: Pikachu|0 fnt\n|faint|p2a: Pikachu\n|\n|-heal|p2b: Cresselia|61\/100|[from] item: Leftovers\n|upkeep\n|\n|t:|1700342249\n|switch|p1b: goat|Iron Hands|100\/100\n|turn|8\n|\n|t:|1700342263\n|-terastallize|p1a: Falinks|Steel\n|move|p1b: goat|Fake Out|p1a: Falinks\n|-resisted|p1a: Falinks\n|-damage|p1a: Falinks|70\/100\n|cant|p1a: Falinks|flinch\n|move|p2b: Cresselia|Facade|p1a: Falinks\n|-resisted|p1a: Falinks\n|-damage|p1a: Falinks|67\/100\n|\n|-heal|p2b: Cresselia|67\/100|[from] item: Leftovers\n|upkeep\n|turn|9\n|\n|t:|1700342277\n|move|p1a: Falinks|Iron Head|p2b: Cresselia\n|-damage|p2b: Cresselia|17\/100\n|move|p2b: Cresselia|Moonlight|p2b: Cresselia\n|-heal|p2b: Cresselia|67\/100\n|move|p1b: goat|Wild Charge|p2b: Cresselia\n|-damage|p2b: Cresselia|37\/100\n|-damage|p1b: goat|93\/100|[from] Recoil\n|\n|-heal|p2b: Cresselia|43\/100|[from] item: Leftovers\n|upkeep\n|turn|10\n|c|\u2606SolarBeam Slakoth|gg noob\n|\n|t:|1700342293\n|move|p1a: Falinks|Iron Head|p2b: Cresselia\n|-damage|p2b: Cresselia|0 fnt\n|faint|p2b: Cresselia\n|\n|win|SolarBeam Slakoth\n|c|\u2606SolarBeam Slakoth|L\n|c|\u2606SolarBeam Slakoth|L\n|c|\u2606SolarBeam Slakoth|L\n|c|\u2606SolarBeam Slakoth|L\n|c|\u2606SolarBeam Slakoth|L\n","uploadtime":1700342307,"views":5,"p1id":"solarbeamslakoth","p2id":"quermquerr","formatid":"gen9doublesou","rating":0,"private":0,"password":""}