{"id":"gen9doublesou-1970717988","p1":"randomplayer0","p2":"watger","format":"[Gen 9] Doubles OU","log":"|j|\u2606randomplayer0\n|j|\u2606watger\n|t:|1697660829\n|gametype|doubles\n|player|p1|randomplayer0|2|\n|player|p2|watger|acerola|\n|teamsize|p1|6\n|teamsize|p2|6\n|gen|9\n|tier|[Gen 9] Doubles OU\n|rule|Species Clause: Limit one of each Pok\u00e9mon\n|rule|OHKO Clause: OHKO moves are banned\n|rule|Evasion Moves Clause: Evasion moves are banned\n|rule|Gravity Sleep Clause: The combination of sleep-inducing moves with imperfect accuracy and Gravity or Gigantamax Orbeetle are banned\n|rule|Endless Battle Clause: Forcing endless battles is banned\n|rule|HP Percentage Mod: HP is shown in percentages\n|clearpoke\n|poke|p1|Ninetales-Alola, M|\n|poke|p1|Ribombee, M|\n|poke|p1|Indeedee-F, F|\n|poke|p1|Roaring Moon|\n|poke|p1|Torkoal, F|\n|poke|p1|Ursaluna-Bloodmoon, M|\n|poke|p2|Ogerpon-Wellspring, F|\n|poke|p2|Sinistcha|\n|poke|p2|Chi-Yu|\n|poke|p2|Diancie|\n|poke|p2|Kingambit, F|\n|poke|p2|Amoonguss, F|\n|teampreview\n|\n|t:|1697660843\n|start\n|switch|p1a: Ninetales|Ninetales-Alola, M|100\/100\n|switch|p1b: Ribombee|Ribombee, M|100\/100\n|switch|p2a: Diancie|Diancie|100\/100\n|switch|p2b: Chi-Yu|Chi-Yu|100\/100\n|-ability|p2b: Chi-Yu|Beads of Ruin\n|-weather|Snow|[from] ability: Snow Warning|[of] p1a: Ninetales\n|turn|1\n|\n|t:|1697660876\n|move|p2b: Chi-Yu|Heat Wave|p1b: Ribombee|[spread] p1b\n|-miss|p2b: Chi-Yu|p1a: Ninetales\n|-supereffective|p1b: Ribombee\n|-damage|p1b: Ribombee|0 fnt\n|faint|p1b: Ribombee\n|move|p1a: Ninetales|Aurora Veil|p1a: Ninetales\n|-sidestart|p1: randomplayer0|move: Aurora Veil\n|move|p2a: Diancie|Light Screen|p2a: Diancie\n|-sidestart|p2: watger|move: Light Screen\n|\n|-weather|Snow|[upkeep]\n|upkeep\n|\n|t:|1697660900\n|switch|p1b: Roaring Moon|Roaring Moon|100\/100\n|-enditem|p1b: Roaring Moon|Booster Energy\n|-activate|p1b: Roaring Moon|ability: Protosynthesis|[fromitem]\n|-start|p1b: Roaring Moon|protosynthesisatk\n|turn|2\n|\n|t:|1697660919\n|move|p2b: Chi-Yu|Heat Wave|p1a: Ninetales|[spread] p1a,p1b\n|-supereffective|p1a: Ninetales\n|-resisted|p1b: Roaring Moon\n|-damage|p1a: Ninetales|23\/100\n|-damage|p1b: Roaring Moon|88\/100\n|move|p1b: Roaring Moon|Earthquake|p2a: Diancie|[spread] p1a,p2a,p2b\n|-supereffective|p2a: Diancie\n|-supereffective|p2b: Chi-Yu\n|-damage|p1a: Ninetales|6\/100\n|-damage|p2a: Diancie|55\/100\n|-damage|p2b: Chi-Yu|0 fnt\n|faint|p2b: Chi-Yu\n|move|p1a: Ninetales|Dazzling Gleam|p2a: Diancie\n|-damage|p2a: Diancie|37\/100\n|move|p2a: Diancie|Reflect|p2a: Diancie\n|-sidestart|p2: watger|Reflect\n|\n|-weather|Snow|[upkeep]\n|-heal|p2a: Diancie|43\/100|[from] item: Leftovers\n|upkeep\n|\n|t:|1697660935\n|switch|p2b: Amoonguss|Amoonguss, F|100\/100\n|turn|3\n|\n|t:|1697660954\n|move|p1b: Roaring Moon|U-turn|p2b: Amoonguss\n|-damage|p2b: Amoonguss|78\/100\n|\n|t:|1697660960\n|-end|p1b: Roaring Moon|Protosynthesis|[silent]\n|switch|p1b: Indeedee|Indeedee-F, F|100\/100|[from] U-turn\n|-fieldstart|move: Psychic Terrain|[from] ability: Psychic Surge|[of] p1b: Indeedee\n|move|p1a: Ninetales|Blizzard|p2b: Amoonguss|[spread] p2a,p2b\n|-supereffective|p2b: Amoonguss\n|-damage|p2a: Diancie|23\/100\n|-damage|p2b: Amoonguss|47\/100\n|move|p2a: Diancie|Calm Mind|p2a: Diancie\n|-boost|p2a: Diancie|spa|1\n|-boost|p2a: Diancie|spd|1\n|move|p2b: Amoonguss|Spore|p1b: Indeedee\n|-status|p1b: Indeedee|slp|[from] move: Spore\n|\n|-weather|Snow|[upkeep]\n|-heal|p2a: Diancie|29\/100|[from] item: Leftovers\n|-heal|p2b: Amoonguss|53\/100|[from] item: Leftovers\n|upkeep\n|turn|4\n|\n|t:|1697660994\n|move|p1a: Ninetales|Blizzard|p2a: Diancie|[spread] p2a,p2b\n|-supereffective|p2b: Amoonguss\n|-damage|p2a: Diancie|17\/100\n|-damage|p2b: Amoonguss|25\/100\n|cant|p1b: Indeedee|slp\n|move|p2a: Diancie|Baton Pass|p2a: Diancie\n|\n|t:|1697661003\n|switch|p2a: Sinistcha|Sinistcha|100\/100|[from] Baton Pass\n|-heal|p2b: Amoonguss|50\/100|[from] ability: Hospitality|[of] p2a: Sinistcha\n|move|p2b: Amoonguss|Giga Drain|p1a: Ninetales\n|-damage|p1a: Ninetales|0 fnt\n|-heal|p2b: Amoonguss|52\/100|[from] drain|[of] p1a: Ninetales\n|faint|p1a: Ninetales\n|\n|-weather|Snow|[upkeep]\n|-heal|p2b: Amoonguss|58\/100|[from] item: Leftovers\n|upkeep\n|\n|t:|1697661027\n|switch|p1a: Roaring Moon|Roaring Moon|88\/100\n|turn|5\n|\n|t:|1697661043\n|switch|p2b: Ogerpon|Ogerpon-Wellspring, F|100\/100\n|move|p1a: Roaring Moon|Draco Meteor|p2a: Sinistcha\n|-damage|p2a: Sinistcha|84\/100\n|-unboost|p1a: Roaring Moon|spa|2\n|move|p2a: Sinistcha|Matcha Gotcha|p1a: Roaring Moon|[spread] p1a,p1b\n|-resisted|p1a: Roaring Moon\n|-damage|p1a: Roaring Moon|72\/100\n|-heal|p2a: Sinistcha|94\/100|[from] drain|[of] p1a: Roaring Moon\n|-damage|p1b: Indeedee|63\/100 slp\n|-heal|p2a: Sinistcha|100\/100|[from] drain|[of] p1b: Indeedee\n|-damage|p2a: Sinistcha|91\/100|[from] item: Life Orb\n|cant|p1b: Indeedee|slp\n|\n|-weather|none\n|-heal|p1b: Indeedee|69\/100 slp|[from] item: Leftovers\n|-sideend|p2: watger|move: Light Screen\n|upkeep\n|turn|6\n|\n|t:|1697661078\n|move|p2b: Ogerpon|Follow Me|p2b: Ogerpon\n|-singleturn|p2b: Ogerpon|move: Follow Me\n|move|p1a: Roaring Moon|U-turn|p2b: Ogerpon\n|-supereffective|p2b: Ogerpon\n|-damage|p2b: Ogerpon|56\/100\n|\n|t:|1697661086\n|-end|p1a: Roaring Moon|Protosynthesis|[silent]\n|switch|p1a: Torkoal|Torkoal, F|100\/100|[from] U-turn\n|-weather|SunnyDay|[from] ability: Drought|[of] p1a: Torkoal\n|move|p2a: Sinistcha|Calm Mind|p2a: Sinistcha\n|-boost|p2a: Sinistcha|spa|1\n|-boost|p2a: Sinistcha|spd|1\n|-curestatus|p1b: Indeedee|slp|[msg]\n|move|p1b: Indeedee|Dazzling Gleam|p2b: Ogerpon|[spread] p2a,p2b\n|-damage|p2a: Sinistcha|81\/100\n|-damage|p2b: Ogerpon|42\/100\n|\n|-weather|SunnyDay|[upkeep]\n|-heal|p1b: Indeedee|75\/100|[from] item: Leftovers\n|-sideend|p2: watger|Reflect\n|upkeep\n|turn|7\n|\n|t:|1697661125\n|move|p2b: Ogerpon|Ivy Cudgel|p1a: Torkoal\n|-supereffective|p1a: Torkoal\n|-damage|p1a: Torkoal|66\/100\n|move|p2a: Sinistcha|Matcha Gotcha|p1b: Indeedee|[spread] p1a,p1b\n|-resisted|p1a: Torkoal\n|-damage|p1a: Torkoal|33\/100\n|-heal|p2a: Sinistcha|98\/100|[from] drain|[of] p1a: Torkoal\n|-damage|p1b: Indeedee|22\/100\n|-heal|p2a: Sinistcha|100\/100|[from] drain|[of] p1b: Indeedee\n|-damage|p2a: Sinistcha|91\/100|[from] item: Life Orb\n|move|p1b: Indeedee|Shadow Ball|p2a: Sinistcha\n|-supereffective|p2a: Sinistcha\n|-damage|p2a: Sinistcha|67\/100\n|move|p1a: Torkoal|Clear Smog|p2a: Sinistcha\n|-damage|p2a: Sinistcha|57\/100\n|-clearboost|p2a: Sinistcha\n|\n|-weather|SunnyDay|[upkeep]\n|-heal|p1b: Indeedee|28\/100|[from] item: Leftovers\n|-heal|p1a: Torkoal|39\/100|[from] item: Leftovers\n|-fieldend|move: Psychic Terrain\n|upkeep\n|turn|8\n|\n|t:|1697661170\n|-terastallize|p1a: Torkoal|Fire\n|move|p2b: Ogerpon|Ivy Cudgel|p1a: Torkoal\n|-supereffective|p1a: Torkoal\n|-damage|p1a: Torkoal|3\/100\n|move|p2a: Sinistcha|Memento|p1a: Torkoal\n|-unboost|p1a: Torkoal|atk|2\n|-unboost|p1a: Torkoal|spa|2\n|faint|p2a: Sinistcha\n|move|p1b: Indeedee|Dazzling Gleam|p2b: Ogerpon\n|-damage|p2b: Ogerpon|22\/100\n|move|p1a: Torkoal|Eruption|p2b: Ogerpon\n|-damage|p2b: Ogerpon|20\/100\n|\n|-weather|SunnyDay|[upkeep]\n|-heal|p1b: Indeedee|34\/100|[from] item: Leftovers\n|-heal|p1a: Torkoal|9\/100|[from] item: Leftovers\n|-sideend|p1: randomplayer0|move: Aurora Veil\n|upkeep\n|\n|t:|1697661190\n|switch|p2a: Diancie|Diancie|17\/100\n|turn|9\n|\n|t:|1697661203\n|move|p2b: Ogerpon|Ivy Cudgel|p1a: Torkoal\n|-supereffective|p1a: Torkoal\n|-damage|p1a: Torkoal|0 fnt\n|faint|p1a: Torkoal\n|move|p1b: Indeedee|Play Rough|p2b: Ogerpon\n|-damage|p2b: Ogerpon|4\/100\n|move|p2a: Diancie|Light Screen|p2a: Diancie\n|-sidestart|p2: watger|move: Light Screen\n|\n|-weather|SunnyDay|[upkeep]\n|-heal|p1b: Indeedee|40\/100|[from] item: Leftovers\n|-heal|p2a: Diancie|23\/100|[from] item: Leftovers\n|upkeep\n|\n|t:|1697661206\n|switch|p1a: Roaring Moon|Roaring Moon|72\/100\n|-activate|p1a: Roaring Moon|ability: Protosynthesis\n|-start|p1a: Roaring Moon|protosynthesisatk\n|turn|10\n|\n|t:|1697661221\n|move|p2b: Ogerpon|Spiky Shield|p2b: Ogerpon\n|-singleturn|p2b: Ogerpon|move: Protect\n|move|p1a: Roaring Moon|Earthquake|p2a: Diancie|[spread] p1b,p2a\n|-activate|p2b: Ogerpon|move: Protect\n|-supereffective|p2a: Diancie\n|-damage|p1b: Indeedee|0 fnt\n|-damage|p2a: Diancie|0 fnt\n|faint|p1b: Indeedee\n|faint|p2a: Diancie\n|\n|-weather|none\n|-end|p1a: Roaring Moon|Protosynthesis\n|upkeep\n|\n|t:|1697661232\n|switch|p1b: Ursaluna|Ursaluna-Bloodmoon, M|100\/100\n|switch|p2a: Amoonguss|Amoonguss, F|58\/100\n|turn|11\n|\n|t:|1697661267\n|move|p2b: Ogerpon|Follow Me|p2b: Ogerpon\n|-singleturn|p2b: Ogerpon|move: Follow Me\n|move|p1a: Roaring Moon|Tailwind|p1a: Roaring Moon\n|-sidestart|p1: randomplayer0|move: Tailwind\n|move|p2a: Amoonguss|Toxic|p1b: Ursaluna\n|-status|p1b: Ursaluna|tox\n|move|p1b: Ursaluna|Avalanche|p2b: Ogerpon\n|-damage|p2b: Ogerpon|0 fnt\n|faint|p2b: Ogerpon\n|\n|-heal|p2a: Amoonguss|64\/100|[from] item: Leftovers\n|-damage|p1b: Ursaluna|95\/100 tox|[from] psn\n|upkeep\n|\n|t:|1697661279\n|switch|p2b: Kingambit|Kingambit, F|100\/100\n|-activate|p2b: Kingambit|ability: Supreme Overlord\n|-start|p2b: Kingambit|fallen4|[silent]\n|turn|12\n|\n|t:|1697661299\n|-terastallize|p2b: Kingambit|Dark\n|move|p1a: Roaring Moon|Earthquake|p2b: Kingambit|[spread] p1b,p2a,p2b\n|-damage|p1b: Ursaluna|78\/100 tox\n|-damage|p2a: Amoonguss|36\/100\n|-damage|p2b: Kingambit|80\/100\n|move|p1b: Ursaluna|Blood Moon|p2b: Kingambit\n|-damage|p2b: Kingambit|54\/100\n|move|p2b: Kingambit|Kowtow Cleave|p1b: Ursaluna\n|-damage|p1b: Ursaluna|20\/100 tox\n|move|p2a: Amoonguss|Toxic|p1a: Roaring Moon\n|-status|p1a: Roaring Moon|tox\n|\n|-heal|p1b: Ursaluna|26\/100 tox|[from] item: Leftovers\n|-heal|p2a: Amoonguss|42\/100|[from] item: Leftovers\n|-damage|p1a: Roaring Moon|66\/100 tox|[from] psn\n|-damage|p1b: Ursaluna|14\/100 tox|[from] psn\n|upkeep\n|turn|13\n|\n|t:|1697661321\n|move|p1a: Roaring Moon|Draco Meteor|p2b: Kingambit\n|-damage|p2b: Kingambit|43\/100\n|-unboost|p1a: Roaring Moon|spa|2\n|move|p1b: Ursaluna|Rock Slide|p2b: Kingambit|[spread] p2a,p2b\n|-damage|p2a: Amoonguss|27\/100\n|-damage|p2b: Kingambit|32\/100\n|cant|p2b: Kingambit|flinch\n|move|p2a: Amoonguss|Giga Drain|p1b: Ursaluna\n|-supereffective|p1b: Ursaluna\n|-damage|p1b: Ursaluna|0 fnt\n|-heal|p2a: Amoonguss|33\/100|[from] drain|[of] p1b: Ursaluna\n|faint|p1b: Ursaluna\n|\n|-heal|p2a: Amoonguss|39\/100|[from] item: Leftovers\n|-damage|p1a: Roaring Moon|54\/100 tox|[from] psn\n|-sideend|p2: watger|move: Light Screen\n|upkeep\n|turn|14\n|\n|t:|1697661339\n|move|p1a: Roaring Moon|Earthquake|p2b: Kingambit|[spread] p2a,p2b\n|-damage|p2a: Amoonguss|13\/100\n|-damage|p2b: Kingambit|13\/100\n|move|p2b: Kingambit|Stone Edge|p1a: Roaring Moon\n|-damage|p1a: Roaring Moon|0 fnt\n|faint|p1a: Roaring Moon\n|-end|p1a: Roaring Moon|Protosynthesis|[silent]\n|\n|win|watger\n|c|\u2606watger|gg gonna swith up my team\n|l|\u2606watger\n","uploadtime":1697663626,"views":16,"p1id":"randomplayer0","p2id":"watger","formatid":"gen9doublesou","rating":0,"private":0,"password":""}