{"id":"gen9doublesou-1995750976","p1":"Naerzar","p2":"nbvftyugfdcvh","format":"[Gen 9] Doubles OU","log":"|j|\u2606Naerzar\n|j|\u2606nbvftyugfdcvh\n|t:|1700599719\n|gametype|doubles\n|player|p1|Naerzar|sabrina|1000\n|player|p2|nbvftyugfdcvh|102|1008\n|teamsize|p1|6\n|teamsize|p2|6\n|gen|9\n|tier|[Gen 9] Doubles OU\n|rated|\n|rule|Species Clause: Limit one of each Pok\u00e9mon\n|rule|OHKO Clause: OHKO moves are banned\n|rule|Evasion Moves Clause: Evasion moves are banned\n|rule|Gravity Sleep Clause: The combination of sleep-inducing moves with imperfect accuracy and Gravity or Gigantamax Orbeetle are banned\n|rule|Endless Battle Clause: Forcing endless battles is banned\n|rule|HP Percentage Mod: HP is shown in percentages\n|clearpoke\n|poke|p1|Ceruledge, M|\n|poke|p1|Flutter Mane|\n|poke|p1|Glimmora, F|\n|poke|p1|Cresselia, F|\n|poke|p1|Torkoal, M|\n|poke|p1|Chi-Yu|\n|poke|p2|Gastrodon, F|\n|poke|p2|Goodra-Hisui, M|\n|poke|p2|Pelipper, F|\n|poke|p2|Kilowattrel, F|\n|poke|p2|Azumarill, F|\n|poke|p2|Ogerpon-Wellspring, F|\n|teampreview\n|\n|t:|1700599739\n|start\n|switch|p1a: Torkoal|Torkoal, M|100\/100\n|switch|p1b: Flutter Mane|Flutter Mane|100\/100\n|switch|p2a: Gastrodon|Gastrodon, F|100\/100\n|switch|p2b: Kilowattrel|Kilowattrel, F|100\/100\n|-weather|SunnyDay|[from] ability: Drought|[of] p1a: Torkoal\n|-activate|p1b: Flutter Mane|ability: Protosynthesis\n|-start|p1b: Flutter Mane|protosynthesisspa\n|turn|1\n|\n|t:|1700599764\n|move|p2b: Kilowattrel|Volt Switch|p1b: Flutter Mane\n|-damage|p1b: Flutter Mane|77\/100\n|\n|t:|1700599768\n|switch|p2b: Pelipper|Pelipper, F|100\/100|[from] Volt Switch\n|-weather|RainDance|[from] ability: Drizzle|[of] p2b: Pelipper\n|-end|p1b: Flutter Mane|Protosynthesis\n|move|p1b: Flutter Mane|Shadow Ball|p2a: Gastrodon\n|-damage|p2a: Gastrodon|56\/100\n|move|p2a: Gastrodon|Earth Power|p1a: Torkoal\n|-supereffective|p1a: Torkoal\n|-damage|p1a: Torkoal|24\/100\n|move|p1a: Torkoal|Eruption|p2b: Pelipper|[spread] p2a,p2b\n|-resisted|p2a: Gastrodon\n|-resisted|p2b: Pelipper\n|-damage|p2a: Gastrodon|54\/100\n|-damage|p2b: Pelipper|98\/100\n|\n|-weather|RainDance|[upkeep]\n|-heal|p2a: Gastrodon|60\/100|[from] item: Leftovers\n|upkeep\n|turn|2\n|\n|t:|1700599797\n|switch|p1a: Cresselia|Cresselia, F|100\/100\n|move|p1b: Flutter Mane|Mystical Fire|p2a: Gastrodon\n|-resisted|p2a: Gastrodon\n|-damage|p2a: Gastrodon|53\/100\n|-unboost|p2a: Gastrodon|spa|1\n|move|p2b: Pelipper|Surf|p1a: Cresselia|[spread] p1a,p1b\n|-ability|p2a: Gastrodon|Storm Drain|boost\n|-boost|p2a: Gastrodon|spa|1\n|-damage|p1a: Cresselia|80\/100\n|-damage|p1b: Flutter Mane|46\/100\n|move|p2a: Gastrodon|Hydro Pump|p1b: Flutter Mane\n|-damage|p1b: Flutter Mane|0 fnt\n|faint|p1b: Flutter Mane\n|-end|p1b: Flutter Mane|Protosynthesis|[silent]\n|\n|-weather|RainDance|[upkeep]\n|-heal|p1a: Cresselia|86\/100|[from] item: Leftovers\n|-heal|p2a: Gastrodon|59\/100|[from] item: Leftovers\n|upkeep\n|\n|t:|1700599815\n|switch|p1b: Ceruledge|Ceruledge, M|100\/100\n|turn|3\n|\n|t:|1700599825\n|-terastallize|p1b: Ceruledge|Grass\n|move|p1b: Ceruledge|Swords Dance|p1b: Ceruledge\n|-boost|p1b: Ceruledge|atk|2\n|move|p1a: Cresselia|Sunny Day|p1a: Cresselia\n|-weather|SunnyDay\n|move|p2b: Pelipper|U-turn|p1a: Cresselia\n|-supereffective|p1a: Cresselia\n|-damage|p1a: Cresselia|74\/100\n|\n|t:|1700599833\n|switch|p2b: Kilowattrel|Kilowattrel, F|100\/100|[from] U-turn\n|move|p2a: Gastrodon|Earth Power|p1b: Ceruledge\n|-resisted|p1b: Ceruledge\n|-damage|p1b: Ceruledge|76\/100\n|\n|-weather|SunnyDay|[upkeep]\n|-heal|p1a: Cresselia|80\/100|[from] item: Leftovers\n|-heal|p2a: Gastrodon|66\/100|[from] item: Leftovers\n|upkeep\n|turn|4\n|\n|t:|1700599846\n|move|p1a: Cresselia|Helping Hand|p1b: Ceruledge\n|-singleturn|p1b: Ceruledge|Helping Hand|[of] p1a: Cresselia\n|move|p2b: Kilowattrel|Volt Switch|p1a: Cresselia\n|-damage|p1a: Cresselia|64\/100\n|\n|t:|1700599852\n|switch|p2b: Pelipper|Pelipper, F|98\/100|[from] Volt Switch\n|-weather|RainDance|[from] ability: Drizzle|[of] p2b: Pelipper\n|move|p1b: Ceruledge|Solar Blade||[still]\n|-prepare|p1b: Ceruledge|Solar Blade\n|move|p2a: Gastrodon|Ice Beam|p1b: Ceruledge\n|-supereffective|p1b: Ceruledge\n|-damage|p1b: Ceruledge|14\/100\n|\n|-weather|RainDance|[upkeep]\n|-heal|p1a: Cresselia|71\/100|[from] item: Leftovers\n|-heal|p2a: Gastrodon|72\/100|[from] item: Leftovers\n|upkeep\n|turn|5\n|\n|t:|1700599872\n|move|p1b: Ceruledge|Solar Blade|p2a: Gastrodon|[from]lockedmove\n|-supereffective|p2a: Gastrodon\n|-damage|p2a: Gastrodon|0 fnt\n|faint|p2a: Gastrodon\n|-damage|p1b: Ceruledge|4\/100|[from] item: Life Orb\n|move|p1a: Cresselia|Lunar Blessing|p1a: Cresselia|[spread] p1a,p1b\n|-heal|p1a: Cresselia|96\/100\n|-heal|p1b: Ceruledge|29\/100\n|move|p2b: Pelipper|Tailwind|p2b: Pelipper\n|-sidestart|p2: nbvftyugfdcvh|move: Tailwind\n|\n|-weather|RainDance|[upkeep]\n|-heal|p1a: Cresselia|100\/100|[from] item: Leftovers\n|upkeep\n|\n|t:|1700599885\n|switch|p2a: Azumarill|Azumarill, F|100\/100\n|turn|6\n|\n|t:|1700599904\n|move|p2b: Pelipper|Hurricane|p1b: Ceruledge\n|-supereffective|p1b: Ceruledge\n|-damage|p1b: Ceruledge|0 fnt\n|faint|p1b: Ceruledge\n|move|p2a: Azumarill|Belly Drum|p2a: Azumarill\n|-damage|p2a: Azumarill|50\/100\n|-setboost|p2a: Azumarill|atk|6|[from] move: Belly Drum\n|-enditem|p2a: Azumarill|Sitrus Berry|[eat]\n|-heal|p2a: Azumarill|75\/100|[from] item: Sitrus Berry\n|move|p1a: Cresselia|Sunny Day|p1a: Cresselia\n|-weather|SunnyDay\n|\n|-weather|SunnyDay|[upkeep]\n|upkeep\n|\n|t:|1700599918\n|switch|p1b: Glimmora|Glimmora, F|100\/100\n|turn|7\n|\n|t:|1700599952\n|switch|p2b: Kilowattrel|Kilowattrel, F|100\/100\n|-terastallize|p2a: Azumarill|Water\n|move|p1a: Cresselia|Protect|p1a: Cresselia\n|-singleturn|p1a: Cresselia|Protect\n|move|p2a: Azumarill|Aqua Jet|p1b: Glimmora\n|-supereffective|p1b: Glimmora\n|-enditem|p1b: Glimmora|Focus Sash\n|-damage|p1b: Glimmora|1\/100\n|-activate|p1b: Glimmora|ability: Toxic Debris\n|-sidestart|p2: nbvftyugfdcvh|move: Toxic Spikes\n|move|p1b: Glimmora|Mortal Spin|p2b: Kilowattrel|[spread] p2a,p2b\n|-crit|p2a: Azumarill\n|-damage|p2a: Azumarill|67\/100\n|-damage|p2b: Kilowattrel|92\/100\n|-status|p2a: Azumarill|psn\n|-status|p2b: Kilowattrel|psn\n|\n|-weather|SunnyDay|[upkeep]\n|-damage|p2b: Kilowattrel|80\/100 psn|[from] psn\n|-damage|p2a: Azumarill|55\/100 psn|[from] psn\n|upkeep\n|turn|8\n|\n|t:|1700599987\n|switch|p1b: Torkoal|Torkoal, M|24\/100\n|move|p2a: Azumarill|Aqua Jet|p1a: Cresselia\n|-damage|p1a: Cresselia|55\/100\n|move|p2b: Kilowattrel|Volt Switch|p1b: Torkoal\n|-damage|p1b: Torkoal|0 fnt\n|faint|p1b: Torkoal\n|\n|t:|1700599995\n|switch|p2b: Pelipper|Pelipper, F|98\/100|[from] Volt Switch\n|-weather|RainDance|[from] ability: Drizzle|[of] p2b: Pelipper\n|move|p1a: Cresselia|Lunar Blessing|p1a: Cresselia\n|-heal|p1a: Cresselia|80\/100\n|\n|-weather|RainDance|[upkeep]\n|-heal|p1a: Cresselia|86\/100|[from] item: Leftovers\n|-damage|p2a: Azumarill|43\/100 psn|[from] psn\n|-sideend|p2: nbvftyugfdcvh|move: Tailwind\n|upkeep\n|\n|t:|1700600006\n|switch|p1b: Glimmora|Glimmora, F|1\/100\n|turn|9\n|\n|t:|1700600017\n|move|p2a: Azumarill|Aqua Jet|p1b: Glimmora\n|-supereffective|p1b: Glimmora\n|-damage|p1b: Glimmora|0 fnt\n|-activate|p1b: Glimmora|ability: Toxic Debris\n|-sidestart|p2: nbvftyugfdcvh|move: Toxic Spikes\n|faint|p1b: Glimmora\n|move|p1a: Cresselia|Lunar Blessing|p1a: Cresselia\n|-heal|p1a: Cresselia|100\/100\n|move|p2b: Pelipper|Tailwind|p2b: Pelipper\n|-sidestart|p2: nbvftyugfdcvh|move: Tailwind\n|\n|-weather|RainDance|[upkeep]\n|-damage|p2a: Azumarill|30\/100 psn|[from] psn\n|upkeep\n|\n|t:|1700600029\n|switch|p1b: Chi-Yu|Chi-Yu|100\/100\n|-ability|p1b: Chi-Yu|Beads of Ruin\n|turn|10\n|\n|t:|1700600044\n|move|p1a: Cresselia|Helping Hand|p1b: Chi-Yu\n|-singleturn|p1b: Chi-Yu|Helping Hand|[of] p1a: Cresselia\n|move|p2a: Azumarill|Aqua Jet|p1b: Chi-Yu\n|-supereffective|p1b: Chi-Yu\n|-damage|p1b: Chi-Yu|0 fnt\n|faint|p1b: Chi-Yu\n|move|p2b: Pelipper|U-turn|p1a: Cresselia\n|-supereffective|p1a: Cresselia\n|-damage|p1a: Cresselia|88\/100\n|\n|t:|1700600052\n|switch|p2b: Goodra|Goodra-Hisui, M|100\/100|[from] U-turn\n|\n|-weather|RainDance|[upkeep]\n|-heal|p1a: Cresselia|94\/100|[from] item: Leftovers\n|-damage|p2a: Azumarill|18\/100 psn|[from] psn\n|upkeep\n|turn|11\n|\n|t:|1700600064\n|move|p2a: Azumarill|Aqua Jet|p1a: Cresselia\n|-damage|p1a: Cresselia|0 fnt\n|faint|p1a: Cresselia\n|\n|win|nbvftyugfdcvh\n|raw|Naerzar's rating: 1000 &rarr; <strong>1000<\/strong><br \/>(+0 for losing)\n|raw|nbvftyugfdcvh's rating: 1008 &rarr; <strong>1046<\/strong><br \/>(+38 for winning)\n","uploadtime":1700600076,"views":1,"p1id":"naerzar","p2id":"nbvftyugfdcvh","formatid":"gen9doublesou","rating":1000,"private":0,"password":""}