{"id":"gen9doublesou-1989503136","p1":"Bouwfiets","p2":"Absolitary37","format":"[Gen 9] Doubles OU","log":"|j|\u2606Bouwfiets\n|j|\u2606Absolitary37\n|t:|1699861753\n|gametype|doubles\n|player|p1|Bouwfiets|266|1135\n|player|p2|Absolitary37|ghetsis-gen5bw|1101\n|teamsize|p1|6\n|teamsize|p2|6\n|gen|9\n|tier|[Gen 9] Doubles OU\n|rated|\n|rule|Species Clause: Limit one of each Pok\u00e9mon\n|rule|OHKO Clause: OHKO moves are banned\n|rule|Evasion Moves Clause: Evasion moves are banned\n|rule|Gravity Sleep Clause: The combination of sleep-inducing moves with imperfect accuracy and Gravity or Gigantamax Orbeetle are banned\n|rule|Endless Battle Clause: Forcing endless battles is banned\n|rule|HP Percentage Mod: HP is shown in percentages\n|clearpoke\n|poke|p1|Flutter Mane|\n|poke|p1|Iron Hands|\n|poke|p1|Iron Bundle|\n|poke|p1|Abomasnow, F|\n|poke|p1|Farigiraf, F|\n|poke|p1|Skeledirge, M|\n|poke|p2|Ogerpon-Hearthflame, F|\n|poke|p2|Sinistcha|\n|poke|p2|Ninetales-Alola, F|\n|poke|p2|Pawmot, M|\n|poke|p2|Gholdengo|\n|poke|p2|Masquerain, F|\n|teampreview\n|j| Kruseship\n|c|\u2606Absolitary37|Glhf\n|\n|t:|1699861760\n|start\n|switch|p1a: Iron Bundle|Iron Bundle|100\/100\n|switch|p1b: Abomasnow|Abomasnow, F|100\/100\n|switch|p2a: Ogerpon|Ogerpon-Hearthflame, F|100\/100\n|switch|p2b: Masquerain|Masquerain, F|100\/100\n|-ability|p2a: Ogerpon|Mold Breaker\n|-ability|p2b: Masquerain|Intimidate|boost\n|-unboost|p1a: Iron Bundle|atk|1\n|-unboost|p1b: Abomasnow|atk|1\n|-weather|Snow|[from] ability: Snow Warning|[of] p1b: Abomasnow\n|-enditem|p1a: Iron Bundle|Booster Energy\n|-activate|p1a: Iron Bundle|ability: Quark Drive|[fromitem]\n|-start|p1a: Iron Bundle|quarkdrivespe\n|turn|1\n|\n|t:|1699861798\n|-terastallize|p2a: Ogerpon|Fire\n|detailschange|p2a: Ogerpon|Ogerpon-Hearthflame-Tera, F, tera:Fire\n|-ability|p2a: Ogerpon|Embody Aspect (Hearthflame)|boost\n|-boost|p2a: Ogerpon|atk|1\n|move|p1a: Iron Bundle|Freeze-Dry|p2a: Ogerpon\n|-resisted|p2a: Ogerpon\n|-damage|p2a: Ogerpon|81\/100\n|move|p2a: Ogerpon|Horn Leech|p1a: Iron Bundle\n|-supereffective|p1a: Iron Bundle\n|-damage|p1a: Iron Bundle|5\/100\n|-heal|p2a: Ogerpon|100\/100|[from] drain|[of] p1a: Iron Bundle\n|move|p2b: Masquerain|Tailwind|p2b: Masquerain\n|-sidestart|p2: Absolitary37|move: Tailwind\n|move|p1b: Abomasnow|Blizzard|p2a: Ogerpon|[spread] p2a,p2b\n|-resisted|p2a: Ogerpon\n|-supereffective|p2b: Masquerain\n|-damage|p2a: Ogerpon|76\/100\n|-enditem|p2b: Masquerain|Focus Sash\n|-damage|p2b: Masquerain|1\/100\n|-status|p2b: Masquerain|frz\n|-damage|p1b: Abomasnow|91\/100|[from] item: Life Orb\n|\n|-weather|Snow|[upkeep]\n|upkeep\n|turn|2\n|\n|t:|1699861828\n|move|p2a: Ogerpon|Ivy Cudgel|p1a: Iron Bundle\n|-damage|p1a: Iron Bundle|0 fnt\n|faint|p1a: Iron Bundle\n|-end|p1a: Iron Bundle|Quark Drive|[silent]\n|cant|p2b: Masquerain|frz\n|move|p1b: Abomasnow|Aurora Veil|p1b: Abomasnow\n|-sidestart|p1: Bouwfiets|move: Aurora Veil\n|\n|-weather|Snow|[upkeep]\n|upkeep\n|\n|t:|1699861836\n|switch|p1a: Farigiraf|Farigiraf, F|100\/100\n|turn|3\n|\n|t:|1699861845\n|move|p2a: Ogerpon|Horn Leech|p1a: Farigiraf\n|-damage|p1a: Farigiraf|59\/100\n|-heal|p2a: Ogerpon|100\/100|[from] drain|[of] p1a: Farigiraf\n|cant|p2b: Masquerain|frz\n|move|p1b: Abomasnow|Blizzard|p2b: Masquerain|[spread] p2a,p2b\n|-resisted|p2a: Ogerpon\n|-supereffective|p2b: Masquerain\n|-damage|p2a: Ogerpon|77\/100\n|-damage|p2b: Masquerain|0 fnt\n|faint|p2b: Masquerain\n|-damage|p1b: Abomasnow|81\/100|[from] item: Life Orb\n|move|p1a: Farigiraf|Trick Room|p1a: Farigiraf\n|-fieldstart|move: Trick Room|[of] p1a: Farigiraf\n|\n|-weather|Snow|[upkeep]\n|upkeep\n|\n|t:|1699861859\n|switch|p2b: Ninetales|Ninetales-Alola, F|100\/100\n|turn|4\n|\n|t:|1699861876\n|move|p1b: Abomasnow|Blizzard|p2b: Ninetales|[spread] p2a,p2b\n|-resisted|p2a: Ogerpon\n|-resisted|p2b: Ninetales\n|-damage|p2a: Ogerpon|50\/100\n|-damage|p2b: Ninetales|74\/100\n|-damage|p1b: Abomasnow|71\/100|[from] item: Life Orb\n|move|p1a: Farigiraf|Psychic|p2a: Ogerpon\n|-damage|p2a: Ogerpon|5\/100\n|move|p2b: Ninetales|Aurora Veil|p2b: Ninetales\n|-sidestart|p2: Absolitary37|move: Aurora Veil\n|move|p2a: Ogerpon|Ivy Cudgel|p1a: Farigiraf\n|-crit|p1a: Farigiraf\n|-damage|p1a: Farigiraf|0 fnt\n|faint|p1a: Farigiraf\n|\n|-weather|Snow|[upkeep]\n|-sideend|p2: Absolitary37|move: Tailwind\n|upkeep\n|\n|t:|1699861890\n|switch|p1a: Skeledirge|Skeledirge, M|100\/100\n|turn|5\n|\n|t:|1699861902\n|switch|p2b: Sinistcha|Sinistcha|100\/100\n|-heal|p2a: Ogerpon|30\/100|[from] ability: Hospitality|[of] p2b: Sinistcha\n|move|p1b: Abomasnow|Blizzard|p2b: Sinistcha|[spread] p2a,p2b\n|-resisted|p2a: Ogerpon\n|-supereffective|p2b: Sinistcha\n|-damage|p2a: Ogerpon|13\/100\n|-damage|p2b: Sinistcha|34\/100\n|-status|p2a: Ogerpon|frz\n|-damage|p1b: Abomasnow|61\/100|[from] item: Life Orb\n|move|p1a: Skeledirge|Torch Song|p2b: Sinistcha\n|-supereffective|p2b: Sinistcha\n|-damage|p2b: Sinistcha|0 fnt\n|-boost|p1a: Skeledirge|spa|1\n|faint|p2b: Sinistcha\n|-curestatus|p2a: Ogerpon|frz|[msg]\n|move|p2a: Ogerpon|U-turn|p1b: Abomasnow\n|-supereffective|p1b: Abomasnow\n|-damage|p1b: Abomasnow|25\/100\n|c|\u2606Absolitary37|You be getting those freezes\n|\n|t:|1699861929\n|switch|p2a: Pawmot|Pawmot, M|100\/100|[from] U-turn\n|\n|-weather|none\n|upkeep\n|\n|t:|1699861933\n|switch|p2b: Gholdengo|Gholdengo|100\/100\n|turn|6\n|\n|t:|1699861958\n|move|p2a: Pawmot|Mach Punch|p1b: Abomasnow\n|-supereffective|p1b: Abomasnow\n|-damage|p1b: Abomasnow|0 fnt\n|faint|p1b: Abomasnow\n|move|p1a: Skeledirge|Torch Song|p2b: Gholdengo\n|-supereffective|p2b: Gholdengo\n|-damage|p2b: Gholdengo|18\/100\n|-boost|p1a: Skeledirge|spa|1\n|move|p2b: Gholdengo|Shadow Ball|p1a: Skeledirge\n|-supereffective|p1a: Skeledirge\n|-damage|p1a: Skeledirge|48\/100\n|\n|-heal|p1a: Skeledirge|54\/100|[from] item: Leftovers\n|-sideend|p1: Bouwfiets|move: Aurora Veil\n|upkeep\n|\n|t:|1699861972\n|switch|p1b: Iron Hands|Iron Hands|100\/100\n|turn|7\n|\n|t:|1699861996\n|switch|p2b: Ninetales|Ninetales-Alola, F|74\/100\n|-weather|Snow|[from] ability: Snow Warning|[of] p2b: Ninetales\n|move|p1b: Iron Hands|Fake Out|p2a: Pawmot\n|-damage|p2a: Pawmot|85\/100\n|move|p1a: Skeledirge|Torch Song|p2b: Ninetales\n|-supereffective|p2b: Ninetales\n|-damage|p2b: Ninetales|0 fnt\n|-boost|p1a: Skeledirge|spa|1\n|faint|p2b: Ninetales\n|cant|p2a: Pawmot|flinch\n|\n|-weather|Snow|[upkeep]\n|-heal|p1a: Skeledirge|60\/100|[from] item: Leftovers\n|-fieldend|move: Trick Room\n|upkeep\n|\n|t:|1699862000\n|switch|p2b: Gholdengo|Gholdengo|18\/100\n|turn|8\n|\n|t:|1699862018\n|move|p2b: Gholdengo|Shadow Ball|p1a: Skeledirge\n|-supereffective|p1a: Skeledirge\n|-damage|p1a: Skeledirge|0 fnt\n|faint|p1a: Skeledirge\n|move|p2a: Pawmot|Revival Blessing|p2a: Pawmot\n|-enditem|p2a: Pawmot|Leppa Berry|[eat]\n|-activate|p2a: Pawmot|item: Leppa Berry|Revival Blessing|[consumed]\n|\n|t:|1699862026\n|-heal|p2: Sinistcha|50\/100|[from] move: Revival Blessing\n|move|p1b: Iron Hands|Drain Punch|p2a: Pawmot\n|-damage|p2a: Pawmot|46\/100\n|\n|-weather|Snow|[upkeep]\n|upkeep\n|\n|t:|1699862033\n|switch|p1a: Flutter Mane|Flutter Mane|100\/100\n|-enditem|p1a: Flutter Mane|Booster Energy\n|-activate|p1a: Flutter Mane|ability: Protosynthesis|[fromitem]\n|-start|p1a: Flutter Mane|protosynthesisspe\n|turn|9\n|\n|t:|1699862042\n|move|p1a: Flutter Mane|Shadow Ball|p2b: Gholdengo\n|-supereffective|p2b: Gholdengo\n|-damage|p2b: Gholdengo|0 fnt\n|faint|p2b: Gholdengo\n|move|p2a: Pawmot|Revival Blessing|p2a: Pawmot\n|\n|t:|1699862052\n|-heal|p2: Masquerain|50\/100|[from] move: Revival Blessing\n|move|p1b: Iron Hands|Drain Punch|p2a: Pawmot\n|-damage|p2a: Pawmot|6\/100\n|\n|-weather|Snow|[upkeep]\n|upkeep\n|\n|t:|1699862055\n|switch|p2b: Masquerain|Masquerain, F|50\/100\n|-ability|p2b: Masquerain|Intimidate|boost\n|-unboost|p1a: Flutter Mane|atk|1\n|-unboost|p1b: Iron Hands|atk|1\n|turn|10\n|\n|t:|1699862075\n|move|p1a: Flutter Mane|Icy Wind|p2a: Pawmot|[spread] p2a,p2b\n|-supereffective|p2b: Masquerain\n|-damage|p2a: Pawmot|0 fnt\n|-damage|p2b: Masquerain|25\/100\n|-unboost|p2b: Masquerain|spe|1\n|faint|p2a: Pawmot\n|move|p2b: Masquerain|Tailwind|p2b: Masquerain\n|-sidestart|p2: Absolitary37|move: Tailwind\n|move|p1b: Iron Hands|Heavy Slam|p2b: Masquerain\n|-damage|p2b: Masquerain|0 fnt\n|faint|p2b: Masquerain\n|\n|-weather|Snow|[upkeep]\n|upkeep\n|\n|t:|1699862085\n|switch|p2a: Sinistcha|Sinistcha|50\/100\n|switch|p2b: Ogerpon|Ogerpon-Hearthflame-Tera, F, tera:Fire|13\/100\n|-ability|p2b: Ogerpon|Embody Aspect (Hearthflame)|boost\n|-boost|p2b: Ogerpon|atk|1\n|-heal|p2b: Ogerpon|38\/100|[from] ability: Hospitality|[of] p2a: Sinistcha\n|turn|11\n|c|\u2606Absolitary37|Gg\n|\n|t:|1699862106\n|-terastallize|p1b: Iron Hands|Water\n|move|p2a: Sinistcha|Rage Powder|p2a: Sinistcha\n|-singleturn|p2a: Sinistcha|move: Rage Powder\n|move|p2b: Ogerpon|Horn Leech|p1a: Flutter Mane\n|-damage|p1a: Flutter Mane|0 fnt\n|-heal|p2b: Ogerpon|80\/100|[from] drain|[of] p1a: Flutter Mane\n|faint|p1a: Flutter Mane\n|-end|p1a: Flutter Mane|Protosynthesis|[silent]\n|move|p1b: Iron Hands|Heavy Slam|p2a: Sinistcha\n|-damage|p2a: Sinistcha|37\/100\n|\n|-weather|none\n|-sideend|p2: Absolitary37|move: Aurora Veil\n|upkeep\n|turn|12\n|\n|t:|1699862126\n|move|p2b: Ogerpon|Horn Leech|p1b: Iron Hands\n|-supereffective|p1b: Iron Hands\n|-damage|p1b: Iron Hands|32\/100\n|-heal|p2b: Ogerpon|100\/100|[from] drain|[of] p1b: Iron Hands\n|move|p2a: Sinistcha|Matcha Gotcha|p1b: Iron Hands\n|-supereffective|p1b: Iron Hands\n|-damage|p1b: Iron Hands|0 fnt\n|-heal|p2a: Sinistcha|67\/100|[from] drain|[of] p1b: Iron Hands\n|faint|p1b: Iron Hands\n|-end|p1b: Iron Hands|Quark Drive|[silent]\n|\n|win|Absolitary37\n|raw|Bouwfiets's rating: 1135 &rarr; <strong>1108<\/strong><br \/>(-27 for losing)\n|raw|Absolitary37's rating: 1101 &rarr; <strong>1128<\/strong><br \/>(+27 for winning)\n|l|\u2606Bouwfiets\n","uploadtime":1699862138,"views":6,"p1id":"bouwfiets","p2id":"absolitary37","formatid":"gen9doublesou","rating":1108,"private":0,"password":""}