{"id":"gen9doublesou-1994746252","p1":"Satoru Gorfou","p2":"OPieceOfHeroGhost","format":"[Gen 9] Doubles OU","log":"|j|\u2606Satoru Gorfou\n|j|\u2606OPieceOfHeroGhost\n|t:|1700488518\n|gametype|doubles\n|player|p1|Satoru Gorfou|drayden|1394\n|player|p2|OPieceOfHeroGhost|morty|1527\n|teamsize|p1|6\n|teamsize|p2|6\n|gen|9\n|tier|[Gen 9] Doubles OU\n|rated|\n|rule|Species Clause: Limit one of each Pok\u00e9mon\n|rule|OHKO Clause: OHKO moves are banned\n|rule|Evasion Moves Clause: Evasion moves are banned\n|rule|Gravity Sleep Clause: The combination of sleep-inducing moves with imperfect accuracy and Gravity or Gigantamax Orbeetle are banned\n|rule|Endless Battle Clause: Forcing endless battles is banned\n|rule|HP Percentage Mod: HP is shown in percentages\n|clearpoke\n|poke|p1|Tornadus, M|\n|poke|p1|Basculegion-F, F|\n|poke|p1|Ogerpon-Hearthflame, F|\n|poke|p1|Ursaluna, M|\n|poke|p1|Vikavolt, M|\n|poke|p1|Cresselia, F|\n|poke|p2|Dusclops, M|\n|poke|p2|Ursaluna-Bloodmoon, M|\n|poke|p2|Sinistcha-Masterpiece|\n|poke|p2|Iron Hands|\n|poke|p2|Chien-Pao|\n|poke|p2|Arcanine-Hisui, F|\n|teampreview\n|\n|t:|1700488524\n|start\n|switch|p1a: Harharharhar|Ursaluna, M|100\/100\n|switch|p1b: Quilos mortais|Cresselia, F|100\/100\n|switch|p2a: \u54c7\uff0c\u597d\u75db\u54e6|Dusclops, M|100\/100\n|switch|p2b: \u55ef\u54fc\u54fc\uff01|Ursaluna-Bloodmoon, M|100\/100\n|-item|p1a: Harharharhar|Flame Orb|[from] ability: Frisk|[of] p2a: \u54c7\uff0c\u597d\u75db\u54e6|[identify]\n|-item|p1b: Quilos mortais|Mental Herb|[from] ability: Frisk|[of] p2a: \u54c7\uff0c\u597d\u75db\u54e6|[identify]\n|turn|1\n|inactive|Battle timer is ON: inactive players will automatically lose when time's up. (requested by Satoru Gorfou)\n|j| Negonheh\n|inactive|Satoru Gorfou has 120 seconds left.\n|inactive|OPieceOfHeroGhost has 120 seconds left.\n|inactive|Satoru Gorfou has 90 seconds left.\n|\n|t:|1700488601\n|switch|p2a: \u4f60\u62cd\u4e03\uff0c\u6211\u62cd\u516b\uff0c\u51b0\u51bb\u62f3\u7ed9\u4f60\u5413\u4e00\u8df3|Iron Hands|100\/100\n|-terastallize|p1b: Quilos mortais|Dark\n|move|p1a: Harharharhar|Protect|p1a: Harharharhar\n|-singleturn|p1a: Harharharhar|Protect\n|move|p2b: \u55ef\u54fc\u54fc\uff01|Hyper Voice|p1a: Harharharhar|[spread] p1b\n|-activate|p1a: Harharharhar|move: Protect\n|-damage|p1b: Quilos mortais|80\/100\n|move|p1b: Quilos mortais|Trick Room|p1b: Quilos mortais\n|-fieldstart|move: Trick Room|[of] p1b: Quilos mortais\n|\n|-status|p1a: Harharharhar|brn|[from] item: Flame Orb\n|upkeep\n|turn|2\n|\n|t:|1700488618\n|-terastallize|p2b: \u55ef\u54fc\u54fc\uff01|Normal\n|move|p2a: \u4f60\u62cd\u4e03\uff0c\u6211\u62cd\u516b\uff0c\u51b0\u51bb\u62f3\u7ed9\u4f60\u5413\u4e00\u8df3|Fake Out|p1a: Harharharhar\n|-damage|p1a: Harharharhar|90\/100 brn\n|move|p1b: Quilos mortais|Ally Switch|p1b: Quilos mortais\n|swap|p1b: Quilos mortais|0|[from] move: Ally Switch\n|move|p2b: \u55ef\u54fc\u54fc\uff01|Blood Moon|p1a: Quilos mortais\n|-damage|p1a: Quilos mortais|24\/100\n|cant|p1b: Harharharhar|flinch\n|\n|-damage|p1b: Harharharhar|84\/100 brn|[from] brn\n|upkeep\n|turn|3\n|inactive|Satoru Gorfou has 120 seconds left.\n|\n|t:|1700488653\n|-end|p2a: \u4f60\u62cd\u4e03\uff0c\u6211\u62cd\u516b\uff0c\u51b0\u51bb\u62f3\u7ed9\u4f60\u5413\u4e00\u8df3|Quark Drive|[silent]\n|switch|p2a: \u706b\u4e4b\u9ad8\u5174|Arcanine-Hisui, F|100\/100\n|-ability|p2a: \u706b\u4e4b\u9ad8\u5174|Intimidate|boost\n|-unboost|p1a: Quilos mortais|atk|1\n|-unboost|p1b: Harharharhar|atk|1\n|move|p2b: \u55ef\u54fc\u54fc\uff01|Protect|p2b: \u55ef\u54fc\u54fc\uff01\n|-singleturn|p2b: \u55ef\u54fc\u54fc\uff01|Protect\n|move|p1b: Harharharhar|Earthquake|p2a: \u706b\u4e4b\u9ad8\u5174|[spread] p2a\n|-activate|p2b: \u55ef\u54fc\u54fc\uff01|move: Protect\n|-immune|p1a: Quilos mortais|[from] ability: Levitate\n|-supereffective|p2a: \u706b\u4e4b\u9ad8\u5174\n|-damage|p2a: \u706b\u4e4b\u9ad8\u5174|0 fnt\n|faint|p2a: \u706b\u4e4b\u9ad8\u5174\n|move|p1a: Quilos mortais|Lunar Blessing|p1a: Quilos mortais|[spread] p1a,p1b\n|-heal|p1a: Quilos mortais|49\/100\n|-heal|p1b: Harharharhar|100\/100 brn\n|-curestatus|p1b: Harharharhar|brn|[msg]\n|\n|-status|p1b: Harharharhar|brn|[from] item: Flame Orb\n|upkeep\n|\n|t:|1700488666\n|switch|p2a: \u4f60\u62cd\u4e03\uff0c\u6211\u62cd\u516b\uff0c\u51b0\u51bb\u62f3\u7ed9\u4f60\u5413\u4e00\u8df3|Iron Hands|100\/100\n|turn|4\n|\n|t:|1700488689\n|move|p1b: Harharharhar|Protect|p1b: Harharharhar\n|-singleturn|p1b: Harharharhar|Protect\n|move|p2a: \u4f60\u62cd\u4e03\uff0c\u6211\u62cd\u516b\uff0c\u51b0\u51bb\u62f3\u7ed9\u4f60\u5413\u4e00\u8df3|Fake Out|p1a: Quilos mortais\n|-damage|p1a: Quilos mortais|39\/100\n|move|p2b: \u55ef\u54fc\u54fc\uff01|Blood Moon|p1b: Harharharhar\n|-activate|p1b: Harharharhar|move: Protect\n|cant|p1a: Quilos mortais|flinch\n|\n|-damage|p1b: Harharharhar|94\/100 brn|[from] brn\n|upkeep\n|turn|5\n|\n|t:|1700488709\n|-end|p2a: \u4f60\u62cd\u4e03\uff0c\u6211\u62cd\u516b\uff0c\u51b0\u51bb\u62f3\u7ed9\u4f60\u5413\u4e00\u8df3|Quark Drive|[silent]\n|switch|p2a: \u54c7\uff0c\u597d\u75db\u54e6|Dusclops, M|100\/100\n|-item|p1a: Quilos mortais|Mental Herb|[from] ability: Frisk|[of] p2a: \u54c7\uff0c\u597d\u75db\u54e6|[identify]\n|-item|p1b: Harharharhar|Flame Orb|[from] ability: Frisk|[of] p2a: \u54c7\uff0c\u597d\u75db\u54e6|[identify]\n|move|p2b: \u55ef\u54fc\u54fc\uff01|Protect|p2b: \u55ef\u54fc\u54fc\uff01\n|-singleturn|p2b: \u55ef\u54fc\u54fc\uff01|Protect\n|move|p1b: Harharharhar|Earthquake|p2b: \u55ef\u54fc\u54fc\uff01|[spread] p2a\n|-activate|p2b: \u55ef\u54fc\u54fc\uff01|move: Protect\n|-immune|p1a: Quilos mortais|[from] ability: Levitate\n|-crit|p2a: \u54c7\uff0c\u597d\u75db\u54e6\n|-damage|p2a: \u54c7\uff0c\u597d\u75db\u54e6|42\/100\n|move|p1a: Quilos mortais|Moonblast|p2a: \u54c7\uff0c\u597d\u75db\u54e6\n|-damage|p2a: \u54c7\uff0c\u597d\u75db\u54e6|32\/100\n|\n|-damage|p1b: Harharharhar|88\/100 brn|[from] brn\n|-fieldend|move: Trick Room\n|upkeep\n|turn|6\n|\n|t:|1700488738\n|move|p1b: Harharharhar|Protect|p1b: Harharharhar\n|-singleturn|p1b: Harharharhar|Protect\n|move|p2b: \u55ef\u54fc\u54fc\uff01|Blood Moon|p1b: Harharharhar\n|-activate|p1b: Harharharhar|move: Protect\n|move|p2a: \u54c7\uff0c\u597d\u75db\u54e6|Pain Split|p1a: Quilos mortais\n|-sethp|p1a: Quilos mortais|30\/100|[from] move: Pain Split|[silent]\n|-sethp|p2a: \u54c7\uff0c\u597d\u75db\u54e6|46\/100|[from] move: Pain Split\n|move|p1a: Quilos mortais|Trick Room|p1a: Quilos mortais\n|-fieldstart|move: Trick Room|[of] p1a: Quilos mortais\n|\n|-damage|p1b: Harharharhar|82\/100 brn|[from] brn\n|upkeep\n|turn|7\n|inactive|OPieceOfHeroGhost has 120 seconds left.\n|\n|t:|1700488781\n|move|p2a: \u54c7\uff0c\u597d\u75db\u54e6|Helping Hand|p2b: \u55ef\u54fc\u54fc\uff01\n|-singleturn|p2b: \u55ef\u54fc\u54fc\uff01|Helping Hand|[of] p2a: \u54c7\uff0c\u597d\u75db\u54e6\n|move|p2b: \u55ef\u54fc\u54fc\uff01|Hyper Voice|p1a: Quilos mortais|[spread] p1a,p1b\n|-crit|p1b: Harharharhar\n|-damage|p1a: Quilos mortais|0 fnt\n|-damage|p1b: Harharharhar|0 fnt\n|faint|p1a: Quilos mortais\n|faint|p1b: Harharharhar\n|\n|upkeep\n|inactive|Satoru Gorfou has 120 seconds left.\n|c|\u2606OPieceOfHeroGhost|emm\u2026\n|inactive|Satoru Gorfou has 90 seconds left.\n|\n|t:|1700488829\n|switch|p1b: Crackolandorus|Tornadus, M|100\/100\n|switch|p1a: Previd\u00eancia social|Vikavolt, M|100\/100\n|turn|8\n|\n|t:|1700488843\n|move|p2a: \u54c7\uff0c\u597d\u75db\u54e6|Helping Hand|p2b: \u55ef\u54fc\u54fc\uff01\n|-singleturn|p2b: \u55ef\u54fc\u54fc\uff01|Helping Hand|[of] p2a: \u54c7\uff0c\u597d\u75db\u54e6\n|move|p1b: Crackolandorus|Taunt|p2a: \u54c7\uff0c\u597d\u75db\u54e6\n|-start|p2a: \u54c7\uff0c\u597d\u75db\u54e6|move: Taunt\n|move|p1a: Previd\u00eancia social|Thunderbolt|p2b: \u55ef\u54fc\u54fc\uff01\n|-damage|p2b: \u55ef\u54fc\u54fc\uff01|23\/100\n|move|p2b: \u55ef\u54fc\u54fc\uff01|Hyper Voice|p1a: Previd\u00eancia social|[spread] p1a,p1b\n|-damage|p1a: Previd\u00eancia social|2\/100\n|-damage|p1b: Crackolandorus|0 fnt\n|faint|p1b: Crackolandorus\n|\n|upkeep\n|\n|t:|1700488857\n|switch|p1b: Babona|Ogerpon-Hearthflame, F|100\/100\n|-ability|p1b: Babona|Mold Breaker\n|turn|9\n|\n|t:|1700488877\n|switch|p2a: \u4f60\u62cd\u4e03\uff0c\u6211\u62cd\u516b\uff0c\u51b0\u51bb\u62f3\u7ed9\u4f60\u5413\u4e00\u8df3|Iron Hands|100\/100\n|move|p2b: \u55ef\u54fc\u54fc\uff01|Protect|p2b: \u55ef\u54fc\u54fc\uff01\n|-singleturn|p2b: \u55ef\u54fc\u54fc\uff01|Protect\n|move|p1a: Previd\u00eancia social|Thunderbolt|p2b: \u55ef\u54fc\u54fc\uff01\n|-activate|p2b: \u55ef\u54fc\u54fc\uff01|move: Protect\n|move|p1b: Babona|Ivy Cudgel|p2a: \u4f60\u62cd\u4e03\uff0c\u6211\u62cd\u516b\uff0c\u51b0\u51bb\u62f3\u7ed9\u4f60\u5413\u4e00\u8df3|[anim] Ivy Cudgel Fire\n|-damage|p2a: \u4f60\u62cd\u4e03\uff0c\u6211\u62cd\u516b\uff0c\u51b0\u51bb\u62f3\u7ed9\u4f60\u5413\u4e00\u8df3|63\/100\n|\n|upkeep\n|turn|10\n|\n|t:|1700488905\n|switch|p1a: Lol\u00f3|Basculegion-F, F|100\/100\n|move|p1b: Babona|Spiky Shield|p1b: Babona\n|-singleturn|p1b: Babona|move: Protect\n|move|p2a: \u4f60\u62cd\u4e03\uff0c\u6211\u62cd\u516b\uff0c\u51b0\u51bb\u62f3\u7ed9\u4f60\u5413\u4e00\u8df3|Fake Out|p1a: Lol\u00f3\n|-immune|p1a: Lol\u00f3\n|move|p2b: \u55ef\u54fc\u54fc\uff01|Blood Moon|p1b: Babona\n|-activate|p1b: Babona|move: Protect\n|\n|-fieldend|move: Trick Room\n|upkeep\n|turn|11\n|inactive|Satoru Gorfou has 120 seconds left.\n|\n|t:|1700488938\n|move|p2b: \u55ef\u54fc\u54fc\uff01|Protect|p2b: \u55ef\u54fc\u54fc\uff01\n|-singleturn|p2b: \u55ef\u54fc\u54fc\uff01|Protect\n|move|p1b: Babona|Ivy Cudgel|p2a: \u4f60\u62cd\u4e03\uff0c\u6211\u62cd\u516b\uff0c\u51b0\u51bb\u62f3\u7ed9\u4f60\u5413\u4e00\u8df3|[anim] Ivy Cudgel Fire\n|-crit|p2a: \u4f60\u62cd\u4e03\uff0c\u6211\u62cd\u516b\uff0c\u51b0\u51bb\u62f3\u7ed9\u4f60\u5413\u4e00\u8df3\n|-damage|p2a: \u4f60\u62cd\u4e03\uff0c\u6211\u62cd\u516b\uff0c\u51b0\u51bb\u62f3\u7ed9\u4f60\u5413\u4e00\u8df3|0 fnt\n|faint|p2a: \u4f60\u62cd\u4e03\uff0c\u6211\u62cd\u516b\uff0c\u51b0\u51bb\u62f3\u7ed9\u4f60\u5413\u4e00\u8df3\n|-end|p2a: \u4f60\u62cd\u4e03\uff0c\u6211\u62cd\u516b\uff0c\u51b0\u51bb\u62f3\u7ed9\u4f60\u5413\u4e00\u8df3|Quark Drive|[silent]\n|move|p1a: Lol\u00f3|Last Respects|p2b: \u55ef\u54fc\u54fc\uff01\n|-activate|p2b: \u55ef\u54fc\u54fc\uff01|move: Protect\n|\n|upkeep\n|inactive|OPieceOfHeroGhost has 120 seconds left.\n|\n|t:|1700488949\n|switch|p2a: \u971c\u4e4b\u54c0\u4f24|Chien-Pao|100\/100\n|-ability|p2a: \u971c\u4e4b\u54c0\u4f24|Sword of Ruin\n|turn|12\n|inactive|OPieceOfHeroGhost has 120 seconds left.\n|\n|t:|1700488985\n|move|p1a: Lol\u00f3|Protect|p1a: Lol\u00f3\n|-singleturn|p1a: Lol\u00f3|Protect\n|move|p2a: \u971c\u4e4b\u54c0\u4f24|Sucker Punch||[still]\n|-fail|p2a: \u971c\u4e4b\u54c0\u4f24\n|move|p1b: Babona|Horn Leech|p2b: \u55ef\u54fc\u54fc\uff01\n|-damage|p2b: \u55ef\u54fc\u54fc\uff01|0 fnt\n|faint|p2b: \u55ef\u54fc\u54fc\uff01\n|\n|upkeep\n|\n|t:|1700488994\n|switch|p2b: \u5728\u8fd9\u8131\u51fa\u6765\u7684\u8bdd\u2026|Sinistcha-Masterpiece|100\/100\n|turn|13\n|\n|t:|1700489008\n|switch|p1a: Previd\u00eancia social|Vikavolt, M|2\/100\n|move|p2a: \u971c\u4e4b\u54c0\u4f24|Sucker Punch|p1b: Babona\n|-damage|p1b: Babona|36\/100\n|move|p1b: Babona|Ivy Cudgel|p2a: \u971c\u4e4b\u54c0\u4f24|[anim] Ivy Cudgel Fire\n|-supereffective|p2a: \u971c\u4e4b\u54c0\u4f24\n|-enditem|p2a: \u971c\u4e4b\u54c0\u4f24|Focus Sash\n|-damage|p2a: \u971c\u4e4b\u54c0\u4f24|1\/100\n|move|p2b: \u5728\u8fd9\u8131\u51fa\u6765\u7684\u8bdd\u2026|Strength Sap|p1b: Babona\n|-unboost|p1b: Babona|atk|1\n|\n|upkeep\n|turn|14\n|inactive|OPieceOfHeroGhost has 120 seconds left.\n|inactive|Satoru Gorfou has 120 seconds left.\n|\n|t:|1700489050\n|move|p1b: Babona|Spiky Shield|p1b: Babona\n|-singleturn|p1b: Babona|move: Protect\n|move|p2a: \u971c\u4e4b\u54c0\u4f24|Sucker Punch||[still]\n|-fail|p2a: \u971c\u4e4b\u54c0\u4f24\n|move|p2b: \u5728\u8fd9\u8131\u51fa\u6765\u7684\u8bdd\u2026|Matcha Gotcha|p1a: Previd\u00eancia social|[spread] p1a\n|-activate|p1b: Babona|move: Protect\n|-resisted|p1a: Previd\u00eancia social\n|-damage|p1a: Previd\u00eancia social|0 fnt\n|faint|p1a: Previd\u00eancia social\n|\n|upkeep\n|\n|t:|1700489058\n|switch|p1a: Lol\u00f3|Basculegion-F, F|100\/100\n|turn|15\n|\n|t:|1700489080\n|move|p2a: \u971c\u4e4b\u54c0\u4f24|Sucker Punch|p1a: Lol\u00f3\n|-supereffective|p1a: Lol\u00f3\n|-damage|p1a: Lol\u00f3|0 fnt\n|faint|p1a: Lol\u00f3\n|move|p1b: Babona|Ivy Cudgel|p2a: \u971c\u4e4b\u54c0\u4f24|[anim] Ivy Cudgel Fire\n|-supereffective|p2a: \u971c\u4e4b\u54c0\u4f24\n|-damage|p2a: \u971c\u4e4b\u54c0\u4f24|0 fnt\n|faint|p2a: \u971c\u4e4b\u54c0\u4f24\n|move|p2b: \u5728\u8fd9\u8131\u51fa\u6765\u7684\u8bdd\u2026|Iron Defense|p2b: \u5728\u8fd9\u8131\u51fa\u6765\u7684\u8bdd\u2026\n|-boost|p2b: \u5728\u8fd9\u8131\u51fa\u6765\u7684\u8bdd\u2026|def|2\n|\n|upkeep\n|\n|t:|1700489089\n|switch|p2a: \u54c7\uff0c\u597d\u75db\u54e6|Dusclops, M|46\/100\n|-item|p1b: Babona|Hearthflame Mask|[from] ability: Frisk|[of] p2a: \u54c7\uff0c\u597d\u75db\u54e6|[identify]\n|turn|16\n|\n|t:|1700489103\n|move|p1b: Babona|Ivy Cudgel|p2a: \u54c7\uff0c\u597d\u75db\u54e6|[anim] Ivy Cudgel Fire\n|-damage|p2a: \u54c7\uff0c\u597d\u75db\u54e6|25\/100\n|move|p2b: \u5728\u8fd9\u8131\u51fa\u6765\u7684\u8bdd\u2026|Matcha Gotcha|p1b: Babona\n|-resisted|p1b: Babona\n|-damage|p1b: Babona|27\/100\n|move|p2a: \u54c7\uff0c\u597d\u75db\u54e6|Trick Room|p2a: \u54c7\uff0c\u597d\u75db\u54e6\n|-fieldstart|move: Trick Room|[of] p2a: \u54c7\uff0c\u597d\u75db\u54e6\n|\n|upkeep\n|turn|17\n|\n|t:|1700489117\n|move|p2a: \u54c7\uff0c\u597d\u75db\u54e6|Ice Punch|p1b: Babona\n|-crit|p1b: Babona\n|-damage|p1b: Babona|8\/100\n|move|p2b: \u5728\u8fd9\u8131\u51fa\u6765\u7684\u8bdd\u2026|Matcha Gotcha|p1b: Babona\n|-resisted|p1b: Babona\n|-damage|p1b: Babona|0 fnt\n|faint|p1b: Babona\n|\n|win|OPieceOfHeroGhost\n|raw|Satoru Gorfou's rating: 1394 &rarr; <strong>1381<\/strong><br \/>(-13 for losing)\n|raw|OPieceOfHeroGhost's rating: 1527 &rarr; <strong>1540<\/strong><br \/>(+13 for winning)\n|l|\u2606Satoru Gorfou\n","uploadtime":1700489129,"views":2,"p1id":"satorugorfou","p2id":"opieceofheroghost","formatid":"gen9doublesou","rating":1381,"private":0,"password":""}