{"id":"gen9doublesou-1993525174","p1":"Zanmainia_2","p2":"12 Charlie","format":"[Gen 9] Doubles OU","log":"|j|\u2606Zanmainia_2\n|j|\u260612 Charlie\n|t:|1700327995\n|gametype|doubles\n|player|p1|Zanmainia_2|elesa-masters2|1000\n|player|p2|12 Charlie|falkner|1069\n|teamsize|p1|6\n|teamsize|p2|6\n|gen|9\n|tier|[Gen 9] Doubles OU\n|rated|\n|rule|Species Clause: Limit one of each Pok\u00e9mon\n|rule|OHKO Clause: OHKO moves are banned\n|rule|Evasion Moves Clause: Evasion moves are banned\n|rule|Gravity Sleep Clause: The combination of sleep-inducing moves with imperfect accuracy and Gravity or Gigantamax Orbeetle are banned\n|rule|Endless Battle Clause: Forcing endless battles is banned\n|rule|HP Percentage Mod: HP is shown in percentages\n|clearpoke\n|poke|p1|Decidueye, F|\n|poke|p1|Infernape, F|\n|poke|p1|Inteleon, M|\n|poke|p1|Dragonite, F|\n|poke|p1|Torkoal, F|\n|poke|p1|Indeedee-F, F|\n|poke|p2|Sinistcha|\n|poke|p2|Ogerpon-Hearthflame, F|\n|poke|p2|Iron Hands|\n|poke|p2|Ursaluna-Bloodmoon, M|\n|poke|p2|Clefairy, M|\n|poke|p2|Samurott-Hisui, F|\n|teampreview\n|\n|t:|1700328005\n|start\n|switch|p1a: boxer|Infernape, F, shiny|100\/100\n|switch|p1b: spy|Inteleon, M, shiny|100\/100\n|switch|p2a: Ogerpon|Ogerpon-Hearthflame, F|100\/100\n|switch|p2b: Sinistchy|Sinistcha, shiny|100\/100\n|-ability|p2a: Ogerpon|Mold Breaker\n|turn|1\n|\n|t:|1700328027\n|move|p1b: spy|Snipe Shot|p2a: Ogerpon\n|-crit|p2a: Ogerpon\n|-damage|p2a: Ogerpon|4\/100\n|move|p1a: boxer|Fire Pledge|p2b: Sinistchy\n|-supereffective|p2b: Sinistchy\n|-damage|p2b: Sinistchy|35\/100\n|move|p2a: Ogerpon|Horn Leech|p1b: spy\n|-supereffective|p1b: spy\n|-damage|p1b: spy|0 fnt\n|-heal|p2a: Ogerpon|48\/100|[from] drain|[of] p1b: spy\n|faint|p1b: spy\n|move|p2b: Sinistchy|Matcha Gotcha|p1a: boxer\n|-resisted|p1a: boxer\n|-damage|p1a: boxer|66\/100\n|-heal|p2b: Sinistchy|49\/100|[from] drain|[of] p1a: boxer\n|\n|upkeep\n|\n|t:|1700328042\n|switch|p1b: soot|Torkoal, F|100\/100\n|turn|2\n|\n|t:|1700328051\n|switch|p2b: Freddy fazbear|Ursaluna-Bloodmoon, M|100\/100\n|move|p1a: boxer|Thunder Punch|p2a: Ogerpon\n|-resisted|p2a: Ogerpon\n|-damage|p2a: Ogerpon|33\/100\n|move|p2a: Ogerpon|Ivy Cudgel|p1a: boxer|[anim] Ivy Cudgel Fire\n|-resisted|p1a: boxer\n|-damage|p1a: boxer|15\/100\n|move|p1b: soot|Ancient Power|p2a: Ogerpon\n|-supereffective|p2a: Ogerpon\n|-damage|p2a: Ogerpon|6\/100\n|\n|upkeep\n|turn|3\n|\n|t:|1700328068\n|move|p1a: boxer|Close Combat|p2b: Freddy fazbear\n|-supereffective|p2b: Freddy fazbear\n|-damage|p2b: Freddy fazbear|31\/100\n|-unboost|p1a: boxer|def|1\n|-unboost|p1a: boxer|spd|1\n|move|p2a: Ogerpon|Horn Leech|p2b: Freddy fazbear\n|-supereffective|p2b: Freddy fazbear\n|-damage|p2b: Freddy fazbear|0 fnt\n|-heal|p2a: Ogerpon|25\/100|[from] drain|[of] p2b: Freddy fazbear\n|faint|p2b: Freddy fazbear\n|move|p1b: soot|Ancient Power|p2a: Ogerpon\n|-supereffective|p2a: Ogerpon\n|-damage|p2a: Ogerpon|0 fnt\n|faint|p2a: Ogerpon\n|\n|upkeep\n|\n|t:|1700328087\n|switch|p2a: Samurott|Samurott-Hisui, F|100\/100\n|switch|p2b: Clefairy|Clefairy, M|100\/100\n|turn|4\n|\n|t:|1700328108\n|move|p2b: Clefairy|Helping Hand|p2a: Samurott\n|-singleturn|p2a: Samurott|Helping Hand|[of] p2b: Clefairy\n|move|p1b: soot|Protect|p1b: soot\n|-singleturn|p1b: soot|Protect\n|move|p1a: boxer|Close Combat|p2a: Samurott\n|-supereffective|p2a: Samurott\n|-damage|p2a: Samurott|0 fnt\n|-unboost|p1a: boxer|def|1\n|-unboost|p1a: boxer|spd|1\n|faint|p2a: Samurott\n|\n|upkeep\n|\n|t:|1700328121\n|switch|p2a: Sinistchy|Sinistcha, shiny|49\/100\n|turn|5\n|\n|t:|1700328129\n|move|p2b: Clefairy|Follow Me|p2b: Clefairy\n|-singleturn|p2b: Clefairy|move: Follow Me\n|move|p1a: boxer|Fire Pledge|p2b: Clefairy\n|-damage|p2b: Clefairy|76\/100\n|move|p2a: Sinistchy|Matcha Gotcha|p1a: boxer|[spread] p1b\n|-miss|p2a: Sinistchy|p1a: boxer\n|-resisted|p1b: soot\n|-damage|p1b: soot|79\/100\n|-heal|p2a: Sinistchy|60\/100|[from] drain|[of] p1b: soot\n|move|p1b: soot|Ancient Power|p2b: Clefairy\n|-damage|p2b: Clefairy|66\/100\n|\n|upkeep\n|turn|6\n|\n|t:|1700328162\n|switch|p1b: sniper|Decidueye, F, shiny|100\/100\n|move|p1a: boxer|Close Combat|p2b: Clefairy\n|-resisted|p2b: Clefairy\n|-damage|p2b: Clefairy|41\/100\n|-unboost|p1a: boxer|def|1\n|-unboost|p1a: boxer|spd|1\n|move|p2a: Sinistchy|Strength Sap|p1a: boxer\n|-unboost|p1a: boxer|atk|1\n|-heal|p2a: Sinistchy|100\/100\n|move|p2b: Clefairy|Life Dew||[still]|[spread] p2a,p2b\n|-fail|p2a: Sinistchy|heal\n|-heal|p2b: Clefairy|66\/100\n|\n|upkeep\n|turn|7\n|\n|t:|1700328183\n|move|p2b: Clefairy|Follow Me|p2b: Clefairy\n|-singleturn|p2b: Clefairy|move: Follow Me\n|move|p1a: boxer|Fire Pledge|p2b: Clefairy\n|-waiting|p1a: boxer|p1b: sniper\n|move|p1b: sniper|Grass Pledge|p2b: Clefairy|[from]move: Fire Pledge\n|-combine\n|-damage|p2b: Clefairy|30\/100\n|-sidestart|p2: 12 Charlie|Fire Pledge\n|move|p2a: Sinistchy|Shadow Ball|p1b: sniper\n|-supereffective|p1b: sniper\n|-damage|p1b: sniper|15\/100\n|\n|-damage|p2a: Sinistchy|88\/100|[from] Fire Pledge\n|-damage|p2b: Clefairy|18\/100|[from] Fire Pledge\n|upkeep\n|turn|8\n|\n|t:|1700328199\n|move|p1a: boxer|Close Combat|p2b: Clefairy\n|-resisted|p2b: Clefairy\n|-damage|p2b: Clefairy|1\/100\n|-unboost|p1a: boxer|def|1\n|-unboost|p1a: boxer|spd|1\n|move|p1b: sniper|Spirit Shackle|p2a: Sinistchy\n|-supereffective|p2a: Sinistchy\n|-damage|p2a: Sinistchy|40\/100\n|move|p2a: Sinistchy|Matcha Gotcha|p1a: boxer|[spread] p1b\n|-miss|p2a: Sinistchy|p1a: boxer\n|-resisted|p1b: sniper\n|-damage|p1b: sniper|0 fnt\n|-heal|p2a: Sinistchy|46\/100|[from] drain|[of] p1b: sniper\n|faint|p1b: sniper\n|move|p2b: Clefairy|Life Dew|p2b: Clefairy|[spread] p2a,p2b\n|-heal|p2a: Sinistchy|72\/100\n|-heal|p2b: Clefairy|26\/100\n|\n|-damage|p2a: Sinistchy|59\/100|[from] Fire Pledge\n|-damage|p2b: Clefairy|14\/100|[from] Fire Pledge\n|upkeep\n|\n|t:|1700328220\n|switch|p1b: plane|Dragonite, F|100\/100\n|turn|9\n|\n|t:|1700328231\n|-terastallize|p1b: plane|Normal\n|move|p1b: plane|Extreme Speed|p2b: Clefairy\n|-damage|p2b: Clefairy|0 fnt\n|faint|p2b: Clefairy\n|move|p1a: boxer|Close Combat|p2a: Sinistchy\n|-immune|p2a: Sinistchy\n|move|p2a: Sinistchy|Shadow Ball|p1b: plane\n|-immune|p1b: plane\n|\n|-damage|p2a: Sinistchy|47\/100|[from] Fire Pledge\n|upkeep\n|\n|t:|1700328244\n|switch|p2b: Brion Hands|Iron Hands, shiny|100\/100\n|turn|10\n|\n|t:|1700328255\n|move|p1b: plane|Extreme Speed|p2b: Brion Hands\n|-damage|p2b: Brion Hands|59\/100\n|move|p1a: boxer|Close Combat|p2b: Brion Hands\n|-damage|p2b: Brion Hands|35\/100\n|-unboost|p1a: boxer|def|1\n|-unboost|p1a: boxer|spd|1\n|move|p2a: Sinistchy|Shadow Ball|p1a: boxer\n|-damage|p1a: boxer|0 fnt\n|faint|p1a: boxer\n|move|p2b: Brion Hands|Drain Punch|p1b: plane\n|-supereffective|p1b: plane\n|-damage|p1b: plane|37\/100\n|-heal|p2b: Brion Hands|55\/100|[from] drain|[of] p1b: plane\n|\n|-damage|p2a: Sinistchy|34\/100|[from] Fire Pledge\n|-damage|p2b: Brion Hands|42\/100|[from] Fire Pledge\n|-sideend|p2: 12 Charlie|Fire Pledge\n|upkeep\n|\n|t:|1700328279\n|switch|p1a: furry|Indeedee-F, F|100\/100\n|turn|11\n|\n|t:|1700328287\n|move|p1b: plane|Extreme Speed|p2b: Brion Hands\n|-damage|p2b: Brion Hands|4\/100\n|move|p1a: furry|Heal Pulse|p1b: plane\n|-heal|p1b: plane|87\/100\n|move|p2a: Sinistchy|Matcha Gotcha|p1b: plane|[spread] p1a\n|-miss|p2a: Sinistchy|p1b: plane\n|-damage|p1a: furry|68\/100\n|-heal|p2a: Sinistchy|50\/100|[from] drain|[of] p1a: furry\n|move|p2b: Brion Hands|Drain Punch|p1b: plane\n|-supereffective|p1b: plane\n|-damage|p1b: plane|0 fnt\n|-heal|p2b: Brion Hands|32\/100|[from] drain|[of] p1b: plane\n|faint|p1b: plane\n|\n|upkeep\n|\n|t:|1700328309\n|switch|p1b: soot|Torkoal, F|79\/100\n|turn|12\n|\n|t:|1700328333\n|-terastallize|p2a: Sinistchy|Water\n|move|p1a: furry|Light Screen|p1a: furry\n|-sidestart|p1: Zanmainia_2|move: Light Screen\n|move|p2a: Sinistchy|Shadow Ball|p1b: soot\n|-damage|p1b: soot|42\/100\n|move|p2b: Brion Hands|Drain Punch|p1a: furry\n|-damage|p1a: furry|0 fnt\n|-heal|p2b: Brion Hands|54\/100|[from] drain|[of] p1a: furry\n|faint|p1a: furry\n|move|p1b: soot|Flamethrower|p2b: Brion Hands\n|-damage|p2b: Brion Hands|31\/100\n|\n|upkeep\n|turn|13\n|-message|Zanmainia_2 forfeited.\n|\n|win|12 Charlie\n|raw|Zanmainia_2's rating: 1000 &rarr; <strong>1000<\/strong><br \/>(+0 for losing)\n|raw|12 Charlie's rating: 1069 &rarr; <strong>1093<\/strong><br \/>(+24 for winning)\n|l|\u2606Zanmainia_2\n","uploadtime":1700329264,"views":18,"p1id":"zanmainia2","p2id":"12charlie","formatid":"gen9doublesou","rating":1000,"private":0,"password":""}