{"id":"gen9doublesou-1983961834","p1":"mikeyuwu","p2":"RyotaKaizoku","format":"[Gen 9] Doubles OU","log":"|j|\u2606mikeyuwu\n|j|\u2606RyotaKaizoku\n|t:|1699204509\n|gametype|doubles\n|player|p1|mikeyuwu|psychic-gen4|1343\n|player|p2|RyotaKaizoku|colress|1451\n|teamsize|p1|6\n|teamsize|p2|6\n|gen|9\n|tier|[Gen 9] Doubles OU\n|rated|\n|rule|Species Clause: Limit one of each Pok\u00e9mon\n|rule|OHKO Clause: OHKO moves are banned\n|rule|Evasion Moves Clause: Evasion moves are banned\n|rule|Gravity Sleep Clause: The combination of sleep-inducing moves with imperfect accuracy and Gravity or Gigantamax Orbeetle are banned\n|rule|Endless Battle Clause: Forcing endless battles is banned\n|rule|HP Percentage Mod: HP is shown in percentages\n|clearpoke\n|poke|p1|Garchomp, M|\n|poke|p1|Tyranitar, F|\n|poke|p1|Vaporeon, F|\n|poke|p1|Toxicroak, M|\n|poke|p1|Pelipper, F|\n|poke|p1|Abomasnow, M|\n|poke|p2|Torkoal, F|\n|poke|p2|Roaring Moon|\n|poke|p2|Chi-Yu|\n|poke|p2|Glimmora, M|\n|poke|p2|Kingambit, F|\n|poke|p2|Amoonguss, F|\n|teampreview\n|\n|t:|1699204522\n|start\n|switch|p1a: OTLHPM|Toxicroak, M|100\/100\n|switch|p1b: Harmacy|Vaporeon, F|100\/100\n|switch|p2a: Torkoal|Torkoal, F, shiny|100\/100\n|switch|p2b: Roaring Moon|Roaring Moon|100\/100\n|-weather|SunnyDay|[from] ability: Drought|[of] p2a: Torkoal\n|-activate|p2b: Roaring Moon|ability: Protosynthesis\n|-start|p2b: Roaring Moon|protosynthesisspe\n|turn|1\n|\n|t:|1699204558\n|-end|p2b: Roaring Moon|Protosynthesis|[silent]\n|switch|p2b: Amoonguss|Amoonguss, F, shiny|100\/100\n|switch|p1a: Weather War|Pelipper, F|100\/100\n|-weather|RainDance|[from] ability: Drizzle|[of] p1a: Weather War\n|move|p1b: Harmacy|Icy Wind|p2a: Torkoal|[spread] p2a,p2b\n|-resisted|p2a: Torkoal\n|-supereffective|p2b: Amoonguss\n|-damage|p2a: Torkoal|94\/100\n|-damage|p2b: Amoonguss|82\/100\n|-unboost|p2a: Torkoal|spe|1\n|-unboost|p2b: Amoonguss|spe|1\n|move|p2a: Torkoal|Stealth Rock|p1b: Harmacy\n|-sidestart|p1: mikeyuwu|move: Stealth Rock\n|\n|-weather|RainDance|[upkeep]\n|-heal|p2b: Amoonguss|89\/100|[from] item: Leftovers\n|upkeep\n|turn|2\n|\n|t:|1699204597\n|move|p2a: Torkoal|Protect|p2a: Torkoal\n|-singleturn|p2a: Torkoal|Protect\n|move|p1a: Weather War|Hurricane|p2b: Amoonguss\n|-supereffective|p2b: Amoonguss\n|-damage|p2b: Amoonguss|23\/100\n|move|p1b: Harmacy|Copycat|p1b: Harmacy\n|move|p1b: Harmacy|Hurricane|p2b: Amoonguss|[from]move: Copycat\n|-supereffective|p2b: Amoonguss\n|-damage|p2b: Amoonguss|0 fnt\n|faint|p2b: Amoonguss\n|\n|-weather|RainDance|[upkeep]\n|upkeep\n|\n|t:|1699204612\n|switch|p2b: Glimmora|Glimmora, M|100\/100\n|turn|3\n|\n|t:|1699204646\n|switch|p1a: OTLHPM|Toxicroak, M|100\/100\n|-damage|p1a: OTLHPM|94\/100|[from] Stealth Rock\n|switch|p2a: Chi-Yu|Chi-Yu|100\/100\n|-ability|p2a: Chi-Yu|Beads of Ruin\n|move|p2b: Glimmora|Spikes|p1a: OTLHPM\n|-sidestart|p1: mikeyuwu|Spikes\n|move|p1b: Harmacy|Weather Ball|p2b: Glimmora\n|-supereffective|p2b: Glimmora\n|-damage|p2b: Glimmora|0 fnt\n|faint|p2b: Glimmora\n|\n|-weather|RainDance|[upkeep]\n|-heal|p1a: OTLHPM|100\/100|[from] ability: Dry Skin\n|upkeep\n|\n|t:|1699204661\n|switch|p2b: Torkoal|Torkoal, F, shiny|94\/100\n|-weather|SunnyDay|[from] ability: Drought|[of] p2b: Torkoal\n|turn|4\n|\n|t:|1699204672\n|switch|p1a: Weather War|Pelipper, F|100\/100\n|-weather|RainDance|[from] ability: Drizzle|[of] p1a: Weather War\n|move|p2a: Chi-Yu|Heat Wave|p1a: Weather War|[spread] p1a,p1b\n|-resisted|p1a: Weather War\n|-resisted|p1b: Harmacy\n|-damage|p1a: Weather War|74\/100\n|-damage|p1b: Harmacy|85\/100\n|-status|p1a: Weather War|brn\n|-status|p1b: Harmacy|brn\n|move|p1b: Harmacy|Weather Ball|p2a: Chi-Yu\n|-supereffective|p2a: Chi-Yu\n|-damage|p2a: Chi-Yu|0 fnt\n|faint|p2a: Chi-Yu\n|move|p2b: Torkoal|Eruption|p1b: Harmacy|[spread] p1a,p1b\n|-resisted|p1a: Weather War\n|-resisted|p1b: Harmacy\n|-damage|p1a: Weather War|62\/100 brn\n|-damage|p1b: Harmacy|80\/100 brn\n|\n|-weather|RainDance|[upkeep]\n|-activate|p1b: Harmacy|ability: Hydration\n|-curestatus|p1b: Harmacy|brn|[msg]\n|-heal|p1b: Harmacy|86\/100|[from] item: Leftovers\n|-damage|p1a: Weather War|56\/100 brn|[from] brn\n|upkeep\n|\n|t:|1699204694\n|switch|p2a: Roaring Moon|Roaring Moon|100\/100\n|turn|5\n|c|\u2606mikeyuwu|Taste the weatherball vaporeon\n|\n|t:|1699204706\n|switch|p1a: Cold Shoulder|Abomasnow, M, shiny|100\/100\n|-damage|p1a: Cold Shoulder|76\/100|[from] Stealth Rock\n|-damage|p1a: Cold Shoulder|63\/100|[from] Spikes\n|-weather|Snow|[from] ability: Snow Warning|[of] p1a: Cold Shoulder\n|move|p2b: Torkoal|Protect|p2b: Torkoal\n|-singleturn|p2b: Torkoal|Protect\n|move|p2a: Roaring Moon|Knock Off|p1b: Harmacy\n|-damage|p1b: Harmacy|40\/100\n|-enditem|p1b: Harmacy|Leftovers|[from] move: Knock Off|[of] p2a: Roaring Moon\n|-damage|p2a: Roaring Moon|90\/100|[from] item: Life Orb\n|move|p1b: Harmacy|Weather Ball|p2a: Roaring Moon\n|-supereffective|p2a: Roaring Moon\n|-damage|p2a: Roaring Moon|41\/100\n|\n|-weather|Snow|[upkeep]\n|upkeep\n|turn|6\n|c|\u2606RyotaKaizoku|that thing does not deserve rights\n|\n|t:|1699204729\n|-terastallize|p1a: Cold Shoulder|Water\n|move|p2a: Roaring Moon|Dragon Claw|p1b: Harmacy\n|-damage|p1b: Harmacy|0 fnt\n|faint|p1b: Harmacy\n|-damage|p2a: Roaring Moon|31\/100|[from] item: Life Orb\n|move|p1a: Cold Shoulder|Blizzard|p2a: Roaring Moon|[spread] p2a,p2b\n|-supereffective|p2a: Roaring Moon\n|-resisted|p2b: Torkoal\n|-damage|p2a: Roaring Moon|0 fnt\n|-damage|p2b: Torkoal|75\/100\n|faint|p2a: Roaring Moon\n|-end|p2a: Roaring Moon|Protosynthesis|[silent]\n|move|p2b: Torkoal|Eruption|p1a: Cold Shoulder\n|-resisted|p1a: Cold Shoulder\n|-damage|p1a: Cold Shoulder|43\/100\n|\n|-weather|Snow|[upkeep]\n|upkeep\n|c|\u2606mikeyuwu|Lmao\n|\n|t:|1699204744\n|switch|p2a: Kingambit|Kingambit, F|100\/100\n|switch|p1b: Extra Spicy|Garchomp, M|100\/100\n|-damage|p1b: Extra Spicy|94\/100|[from] Stealth Rock\n|-damage|p1b: Extra Spicy|82\/100|[from] Spikes\n|-activate|p2a: Kingambit|ability: Supreme Overlord\n|-start|p2a: Kingambit|fallen4|[silent]\n|turn|7\n|c|\u2606mikeyuwu|She can also use hurricane, thunderbolt, blizzard, and rockslide with copycat\n|\n|t:|1699204774\n|-terastallize|p2a: Kingambit|Dark\n|move|p2a: Kingambit|Sucker Punch|p1b: Extra Spicy\n|-damage|p1b: Extra Spicy|27\/100\n|-damage|p2a: Kingambit|88\/100|[from] ability: Rough Skin|[of] p1b: Extra Spicy\n|-damage|p2a: Kingambit|72\/100|[from] item: Rocky Helmet|[of] p1b: Extra Spicy\n|move|p1b: Extra Spicy|Brick Break|p2a: Kingambit\n|-supereffective|p2a: Kingambit\n|-damage|p2a: Kingambit|36\/100\n|move|p1a: Cold Shoulder|Leech Seed|p2a: Kingambit\n|-start|p2a: Kingambit|move: Leech Seed\n|move|p2b: Torkoal|Eruption|p1b: Extra Spicy|[spread] p1a,p1b\n|-resisted|p1a: Cold Shoulder\n|-resisted|p1b: Extra Spicy\n|-damage|p1a: Cold Shoulder|28\/100\n|-damage|p1b: Extra Spicy|15\/100\n|\n|-weather|Snow|[upkeep]\n|-damage|p2a: Kingambit|24\/100|[from] Leech Seed|[of] p1a: Cold Shoulder\n|-heal|p1a: Cold Shoulder|40\/100|[silent]\n|upkeep\n|turn|8\n|c|\u2606RyotaKaizoku|Did you know?\n|c|\u2606mikeyuwu|Yes\n|c|\u2606mikeyuwu|And no\n|\n|t:|1699204802\n|move|p2a: Kingambit|Sucker Punch||[still]\n|-fail|p2a: Kingambit\n|move|p1b: Extra Spicy|Brick Break|p2a: Kingambit\n|-supereffective|p2a: Kingambit\n|-damage|p2a: Kingambit|0 fnt\n|faint|p2a: Kingambit\n|-end|p2a: Kingambit|fallen4|[silent]\n|move|p1a: Cold Shoulder|Leech Seed|p2b: Torkoal\n|-start|p2b: Torkoal|move: Leech Seed\n|move|p2b: Torkoal|Eruption|p1b: Extra Spicy|[spread] p1a,p1b\n|-resisted|p1a: Cold Shoulder\n|-resisted|p1b: Extra Spicy\n|-damage|p1a: Cold Shoulder|25\/100\n|-damage|p1b: Extra Spicy|2\/100\n|\n|-weather|Snow|[upkeep]\n|-damage|p2b: Torkoal|63\/100|[from] Leech Seed|[of] p1a: Cold Shoulder\n|-heal|p1a: Cold Shoulder|37\/100|[silent]\n|upkeep\n|turn|9\n|c|\u2606RyotaKaizoku|gg mate, delete vaporeon lol. It is the spawn of satan\n|c|\u2606mikeyuwu|Taste the Weatherball\n|c|\u2606mikeyuwu|Gg\n|\n|t:|1699204832\n|switch|p1b: Weather War|Pelipper, F|56\/100 brn\n|-weather|RainDance|[from] ability: Drizzle|[of] p1b: Weather War\n|move|p1a: Cold Shoulder|Weather Ball|p2b: Torkoal\n|-supereffective|p2b: Torkoal\n|-damage|p2b: Torkoal|0 fnt\n|faint|p2b: Torkoal\n|\n|win|mikeyuwu\n|raw|mikeyuwu's rating: 1343 &rarr; <strong>1369<\/strong><br \/>(+26 for winning)\n|raw|RyotaKaizoku's rating: 1451 &rarr; <strong>1425<\/strong><br \/>(-26 for losing)\n","uploadtime":1699204867,"views":9,"p1id":"mikeyuwu","p2id":"ryotakaizoku","formatid":"gen9doublesou","rating":1369,"private":0,"password":""}