{"id":"gen9doublesou-1969334329","p1":"aniihS","p2":"louie97","format":"[Gen 9] Doubles OU","log":"|j|\u2606aniihS\n|j|\u2606louie97\n|t:|1697515536\n|gametype|doubles\n|player|p1|aniihS|elesa-masters|\n|player|p2|louie97|169|\n|teamsize|p1|6\n|teamsize|p2|6\n|gen|9\n|tier|[Gen 9] Doubles OU\n|rule|Species Clause: Limit one of each Pok\u00e9mon\n|rule|OHKO Clause: OHKO moves are banned\n|rule|Evasion Moves Clause: Evasion moves are banned\n|rule|Gravity Sleep Clause: The combination of sleep-inducing moves with imperfect accuracy and Gravity or Gigantamax Orbeetle are banned\n|rule|Endless Battle Clause: Forcing endless battles is banned\n|rule|HP Percentage Mod: HP is shown in percentages\n|clearpoke\n|poke|p1|Ursaluna, M|\n|poke|p1|Flutter Mane|\n|poke|p1|Cresselia, F|\n|poke|p1|Ogerpon-Wellspring, F|\n|poke|p1|Farigiraf, F|\n|poke|p1|Dragonite, M|\n|poke|p2|Tyranitar, F|\n|poke|p2|Houndstone, F|\n|poke|p2|Rotom-Wash|\n|poke|p2|Arcanine, F|\n|poke|p2|Abomasnow, M|\n|poke|p2|Scizor, M|\n|teampreview\n|inactive|Battle timer is ON: inactive players will automatically lose when time's up. (requested by aniihS)\n|\n|t:|1697515550\n|start\n|switch|p1a: Ogerpon|Ogerpon-Wellspring, F|100\/100\n|switch|p1b: Farigiraf|Farigiraf, F|100\/100\n|switch|p2a: Abomasnow|Abomasnow, M|100\/100\n|switch|p2b: Rotom|Rotom-Wash|100\/100\n|-weather|Snow|[from] ability: Snow Warning|[of] p2a: Abomasnow\n|turn|1\n|\n|t:|1697515564\n|move|p2b: Rotom|Trick||[still]\n|-fail|p2b: Rotom\n|move|p1a: Ogerpon|Horn Leech|p2b: Rotom\n|-supereffective|p2b: Rotom\n|-damage|p2b: Rotom|0 fnt\n|faint|p2b: Rotom\n|move|p2a: Abomasnow|Aurora Veil|p2a: Abomasnow\n|-sidestart|p2: louie97|move: Aurora Veil\n|move|p1b: Farigiraf|Light Screen|p1b: Farigiraf\n|-sidestart|p1: aniihS|move: Light Screen\n|\n|-weather|Snow|[upkeep]\n|upkeep\n|c|\u2606louie97|why\n|c|\u2606louie97|did trick fail\n|c|\u2606louie97|oh\n|c|\u2606louie97|ogerpon\n|c|\u2606louie97|used\n|c|\u2606louie97|wellspring mask\n|c|\u2606louie97|i cant trick that\n|c|\u2606louie97|oops\n|c|\u2606aniihS|YES?\n|c|\u2606aniihS|r u\n|c|\u2606aniihS|dumb\n|\n|t:|1697515589\n|switch|p2b: Arcanine|Arcanine, F|100\/100\n|-ability|p2b: Arcanine|Intimidate|boost\n|-unboost|p1a: Ogerpon|atk|1\n|-unboost|p1b: Farigiraf|atk|1\n|turn|2\n|c|\u2606louie97|yes\n|c|\u2606louie97|i is\n|\n|t:|1697515608\n|move|p1a: Ogerpon|Ivy Cudgel|p2b: Arcanine\n|-supereffective|p2b: Arcanine\n|-crit|p2b: Arcanine\n|-damage|p2b: Arcanine|0 fnt\n|faint|p2b: Arcanine\n|move|p2a: Abomasnow|Blizzard|p1b: Farigiraf|[spread] p1a,p1b\n|-damage|p1a: Ogerpon|72\/100\n|-damage|p1b: Farigiraf|79\/100\n|-status|p1a: Ogerpon|frz\n|move|p1b: Farigiraf|Dazzling Gleam|p2a: Abomasnow\n|-damage|p2a: Abomasnow|80\/100\n|\n|-weather|Snow|[upkeep]\n|upkeep\n|\n|t:|1697515617\n|switch|p2b: Stratos Scizor|Scizor, M, shiny|100\/100\n|turn|3\n|c|\u2606aniihS|ouch\n|\n|t:|1697515629\n|cant|p1a: Ogerpon|frz\n|move|p2b: Stratos Scizor|Bullet Punch||[still]\n|cant|p1b: Farigiraf|ability: Armor Tail|Bullet Punch|[of] p2b: Stratos Scizor\n|move|p2a: Abomasnow|Blizzard|p1b: Farigiraf|[spread] p1a,p1b\n|-damage|p1a: Ogerpon|43\/100 frz\n|-damage|p1b: Farigiraf|57\/100\n|move|p1b: Farigiraf|Future Sight|p2b: Stratos Scizor\n|-start|p1b: Farigiraf|move: Future Sight\n|\n|-weather|Snow|[upkeep]\n|upkeep\n|turn|4\n|c|\u2606louie97|goat bomasno\n|\n|t:|1697515645\n|cant|p1a: Ogerpon|frz\n|move|p2a: Abomasnow|Earth Power|p1b: Farigiraf\n|-damage|p1b: Farigiraf|41\/100\n|move|p2b: Stratos Scizor|U-turn|p1b: Farigiraf\n|-supereffective|p1b: Farigiraf\n|-damage|p1b: Farigiraf|0 fnt\n|faint|p1b: Farigiraf\n|\n|t:|1697515649\n|switch|p2b: Tyranitar|Tyranitar, F|100\/100|[from] U-turn\n|-weather|Sandstorm|[from] ability: Sand Stream|[of] p2b: Tyranitar\n|\n|-weather|Sandstorm|[upkeep]\n|-damage|p1a: Ogerpon|37\/100 frz|[from] Sandstorm\n|-damage|p2a: Abomasnow|74\/100|[from] Sandstorm\n|upkeep\n|\n|t:|1697515653\n|switch|p1b: Cresselia|Cresselia, F|100\/100\n|turn|5\n|\n|t:|1697515662\n|cant|p1a: Ogerpon|frz\n|move|p2a: Abomasnow|Blizzard|p1b: Cresselia|[spread] p1a,p1b\n|-damage|p1a: Ogerpon|10\/100 frz\n|-damage|p1b: Cresselia|86\/100\n|move|p1b: Cresselia|Reflect|p1b: Cresselia\n|-sidestart|p1: aniihS|Reflect\n|move|p2b: Tyranitar|Crunch|p1b: Cresselia\n|-supereffective|p1b: Cresselia\n|-damage|p1b: Cresselia|46\/100\n|\n|-weather|Sandstorm|[upkeep]\n|-damage|p1a: Ogerpon|4\/100 frz|[from] Sandstorm\n|-damage|p2a: Abomasnow|68\/100|[from] Sandstorm\n|-damage|p1b: Cresselia|40\/100|[from] Sandstorm\n|-end|p2b: Tyranitar|move: Future Sight\n|-immune|p2b: Tyranitar\n|-heal|p1b: Cresselia|46\/100|[from] item: Leftovers\n|-sideend|p1: aniihS|move: Light Screen\n|-sideend|p2: louie97|move: Aurora Veil\n|upkeep\n|turn|6\n|\n|t:|1697515671\n|move|p1b: Cresselia|Helping Hand|p1a: Ogerpon\n|-singleturn|p1a: Ogerpon|Helping Hand|[of] p1b: Cresselia\n|-curestatus|p1a: Ogerpon|frz|[msg]\n|move|p1a: Ogerpon|Ivy Cudgel|p2b: Tyranitar\n|-supereffective|p2b: Tyranitar\n|-damage|p2b: Tyranitar|11\/100\n|move|p2a: Abomasnow|Blizzard|p1a: Ogerpon|[spread] p1b\n|-miss|p2a: Abomasnow|p1a: Ogerpon\n|-damage|p1b: Cresselia|26\/100\n|move|p2b: Tyranitar|Crunch|p1b: Cresselia\n|-supereffective|p1b: Cresselia\n|-damage|p1b: Cresselia|0 fnt\n|faint|p1b: Cresselia\n|\n|-weather|Sandstorm|[upkeep]\n|-damage|p1a: Ogerpon|0 fnt|[from] Sandstorm\n|-damage|p2a: Abomasnow|62\/100|[from] Sandstorm\n|faint|p1a: Ogerpon\n|upkeep\n|c|\u2606louie97|stay frosty\n|\n|t:|1697515680\n|switch|p1a: Flutter Mane|Flutter Mane|100\/100\n|switch|p1b: Dragonite|Dragonite, M|100\/100\n|turn|7\n|c|\u2606louie97|goat tyrantiar\n|\n|t:|1697515687\n|move|p1b: Dragonite|Extreme Speed|p2b: Tyranitar\n|-resisted|p2b: Tyranitar\n|-damage|p2b: Tyranitar|0 fnt\n|faint|p2b: Tyranitar\n|move|p1a: Flutter Mane|Mystical Fire|p2a: Abomasnow\n|-supereffective|p2a: Abomasnow\n|-damage|p2a: Abomasnow|0 fnt\n|faint|p2a: Abomasnow\n|\n|-weather|Sandstorm|[upkeep]\n|-damage|p1a: Flutter Mane|95\/100|[from] Sandstorm\n|-damage|p1b: Dragonite|94\/100|[from] Sandstorm\n|-heal|p1b: Dragonite|100\/100|[from] item: Leftovers\n|upkeep\n|\n|t:|1697515691\n|switch|p2a: Houndstone|Houndstone, F|100\/100\n|switch|p2b: Stratos Scizor|Scizor, M, shiny|100\/100\n|turn|8\n|\n|t:|1697515701\n|switch|p1b: Ursaluna|Ursaluna, M|100\/100\n|-terastallize|p1a: Flutter Mane|Dark\n|move|p2b: Stratos Scizor|Bullet Punch|p1b: Ursaluna\n|-crit|p1b: Ursaluna\n|-damage|p1b: Ursaluna|66\/100\n|move|p2a: Houndstone|Last Respects|p1a: Flutter Mane\n|-resisted|p1a: Flutter Mane\n|-damage|p1a: Flutter Mane|0 fnt\n|faint|p1a: Flutter Mane\n|-end|p1a: Flutter Mane|Protosynthesis|[silent]\n|-damage|p2a: Houndstone|91\/100|[from] item: Life Orb\n|\n|-weather|none\n|-status|p1b: Ursaluna|brn|[from] item: Flame Orb\n|upkeep\n|c|\u2606louie97|the goats\n|\n|t:|1697515722\n|switch|p1a: Dragonite|Dragonite, M|100\/100\n|turn|9\n|c|\u2606aniihS|wait my mom is calling me\n|c|\u2606aniihS|lets play later\n|c|\u2606aniihS|mb\n|c|\u2606louie97|yeah bro\n|c|\u2606louie97|sure\n|c|\u2606louie97|sure\n|c|\u2606louie97|SURE\n|-message|aniihS forfeited.\n|\n|win|louie97\n|c|\u2606louie97|JUST CLICK\n|l|\u2606aniihS\n|c|\u2606louie97|JUST CLICK\n","uploadtime":1697515746,"views":16,"p1id":"aniihs","p2id":"louie97","formatid":"gen9doublesou","rating":0,"private":0,"password":""}