{"id":"gen9doublesou-1993549155","p1":"marceloxito","p2":"Kiky14","format":"[Gen 9] Doubles OU","log":"|j|\u2606marceloxito\n|j|\u2606Kiky14\n|t:|1700330596\n|gametype|doubles\n|player|p1|marceloxito|ltsurge|1263\n|player|p2|Kiky14|hilda-wonderlauncher|1324\n|teamsize|p1|6\n|teamsize|p2|6\n|gen|9\n|tier|[Gen 9] Doubles OU\n|rated|\n|rule|Species Clause: Limit one of each Pok\u00e9mon\n|rule|OHKO Clause: OHKO moves are banned\n|rule|Evasion Moves Clause: Evasion moves are banned\n|rule|Gravity Sleep Clause: The combination of sleep-inducing moves with imperfect accuracy and Gravity or Gigantamax Orbeetle are banned\n|rule|Endless Battle Clause: Forcing endless battles is banned\n|rule|HP Percentage Mod: HP is shown in percentages\n|clearpoke\n|poke|p1|Ursaluna, F|\n|poke|p1|Kingambit, F|\n|poke|p1|Armarouge, M|\n|poke|p1|Hatterene, F|\n|poke|p1|Sableye, M|\n|poke|p1|Glimmora, M|\n|poke|p2|Sinistcha|\n|poke|p2|Moltres-Galar|\n|poke|p2|Arcanine-Hisui, M|\n|poke|p2|Ogerpon-Wellspring, F|\n|poke|p2|Klefki, M|\n|poke|p2|Okidogi, M|\n|teampreview\n|l|\u2606Kiky14\n|player|p2|\n|j|\u2606Kiky14\n|player|p2|Kiky14|hilda-wonderlauncher\n|\n|t:|1700330644\n|start\n|switch|p1a: Sableye|Sableye, M|100\/100\n|switch|p1b: Armarouge|Armarouge, M|100\/100\n|switch|p2a: Ogerpon|Ogerpon-Wellspring, F|100\/100\n|switch|p2b: Moltres|Moltres-Galar|100\/100\n|turn|1\n|\n|t:|1700330669\n|move|p1a: Sableye|Fake Out|p2a: Ogerpon\n|-damage|p2a: Ogerpon|92\/100\n|cant|p2a: Ogerpon|flinch\n|move|p1b: Armarouge|Armor Cannon|p2a: Ogerpon\n|-damage|p2a: Ogerpon|31\/100\n|-unboost|p1b: Armarouge|def|1\n|-unboost|p1b: Armarouge|spd|1\n|move|p2b: Moltres|Fiery Wrath|p1a: Sableye|[spread] p1a,p1b\n|-supereffective|p1b: Armarouge\n|-damage|p1a: Sableye|57\/100\n|-damage|p1b: Armarouge|29\/100\n|\n|-heal|p1a: Sableye|63\/100|[from] item: Leftovers\n|upkeep\n|turn|2\n|\n|t:|1700330707\n|switch|p1b: Hatterene|Hatterene, F|100\/100\n|move|p2a: Ogerpon|Spiky Shield|p2a: Ogerpon\n|-singleturn|p2a: Ogerpon|move: Protect\n|move|p2b: Moltres|Fiery Wrath|p1b: Hatterene|[spread] p1a,p1b\n|-damage|p1a: Sableye|23\/100\n|-damage|p1b: Hatterene|82\/100\n|move|p1a: Sableye|Foul Play|p2a: Ogerpon\n|-activate|p2a: Ogerpon|move: Protect\n|-damage|p1a: Sableye|10\/100|[from] Spiky Shield|[of] p2a: Ogerpon\n|\n|-heal|p1a: Sableye|16\/100|[from] item: Leftovers\n|-heal|p1b: Hatterene|88\/100|[from] item: Leftovers\n|upkeep\n|turn|3\n|\n|t:|1700330726\n|switch|p2a: Klefki|Klefki, M|100\/100\n|move|p1a: Sableye|Thunder Wave|p2b: Moltres\n|-hint|Since gen 7, Dark is immune to Prankster moves.\n|-immune|p2b: Moltres\n|move|p2b: Moltres|Fiery Wrath|p1a: Sableye|[spread] p1a,p1b\n|-damage|p1a: Sableye|0 fnt\n|-damage|p1b: Hatterene|69\/100\n|faint|p1a: Sableye\n|move|p1b: Hatterene|Trick Room|p1b: Hatterene\n|-fieldstart|move: Trick Room|[of] p1b: Hatterene\n|\n|-heal|p1b: Hatterene|75\/100|[from] item: Leftovers\n|upkeep\n|\n|t:|1700330736\n|switch|p1a: Ursaluna|Ursaluna, F|100\/100\n|turn|4\n|\n|t:|1700330758\n|-terastallize|p2b: Moltres|Dark\n|move|p2a: Klefki|Reflect|p2a: Klefki\n|-sidestart|p2: Kiky14|Reflect\n|move|p1b: Hatterene|Draining Kiss|p2b: Moltres\n|-supereffective|p2b: Moltres\n|-damage|p2b: Moltres|73\/100\n|-heal|p1b: Hatterene|99\/100|[from] drain|[of] p2b: Moltres\n|-enditem|p2b: Moltres|Weakness Policy\n|-boost|p2b: Moltres|atk|2|[from] item: Weakness Policy\n|-boost|p2b: Moltres|spa|2|[from] item: Weakness Policy\n|move|p1a: Ursaluna|Ice Punch|p2b: Moltres\n|-damage|p2b: Moltres|56\/100\n|move|p2b: Moltres|Fiery Wrath|p1b: Hatterene|[spread] p1a,p1b\n|-crit|p1a: Ursaluna\n|-damage|p1a: Ursaluna|15\/100\n|-damage|p1b: Hatterene|50\/100\n|\n|-heal|p1b: Hatterene|56\/100|[from] item: Leftovers\n|-status|p1a: Ursaluna|brn|[from] item: Flame Orb\n|upkeep\n|turn|5\n|\n|t:|1700330783\n|move|p2b: Moltres|Protect|p2b: Moltres\n|-singleturn|p2b: Moltres|Protect\n|move|p1b: Hatterene|Draining Kiss|p2b: Moltres\n|-activate|p2b: Moltres|move: Protect\n|move|p1a: Ursaluna|Earthquake|p2b: Moltres|[spread] p1b,p2a\n|-activate|p2b: Moltres|move: Protect\n|-supereffective|p2a: Klefki\n|-damage|p1b: Hatterene|0 fnt\n|-damage|p2a: Klefki|14\/100\n|faint|p1b: Hatterene\n|move|p2a: Klefki|Dazzling Gleam|p1a: Ursaluna\n|-damage|p1a: Ursaluna|0 fnt\n|faint|p1a: Ursaluna\n|\n|upkeep\n|\n|t:|1700330791\n|switch|p1b: Kingambit|Kingambit, F|100\/100\n|switch|p1a: Armarouge|Armarouge, M|29\/100\n|-activate|p1b: Kingambit|ability: Supreme Overlord\n|-start|p1b: Kingambit|fallen3|[silent]\n|turn|6\n|\n|t:|1700330813\n|move|p2a: Klefki|Thunder Wave|p1a: Armarouge\n|-status|p1a: Armarouge|par\n|move|p1a: Armarouge|Armor Cannon|p2a: Klefki\n|-supereffective|p2a: Klefki\n|-damage|p2a: Klefki|0 fnt\n|-unboost|p1a: Armarouge|def|1\n|-unboost|p1a: Armarouge|spd|1\n|faint|p2a: Klefki\n|move|p1b: Kingambit|Brick Break|p2b: Moltres\n|-sideend|p2: Kiky14|Reflect\n|-supereffective|p2b: Moltres\n|-damage|p2b: Moltres|0 fnt\n|faint|p2b: Moltres\n|-damage|p1b: Kingambit|91\/100|[from] item: Life Orb\n|\n|upkeep\n|\n|t:|1700330832\n|switch|p2a: Arcanine|Arcanine-Hisui, M|100\/100\n|switch|p2b: Okidogi|Okidogi, M|100\/100\n|-ability|p2a: Arcanine|Intimidate|boost\n|-unboost|p1a: Armarouge|atk|1\n|-unboost|p1b: Kingambit|atk|1\n|turn|7\n|\n|t:|1700330845\n|-terastallize|p1b: Kingambit|Flying\n|move|p2b: Okidogi|Protect|p2b: Okidogi\n|-singleturn|p2b: Okidogi|Protect\n|cant|p1a: Armarouge|par\n|move|p1b: Kingambit|Brick Break|p2a: Arcanine\n|-supereffective|p2a: Arcanine\n|-damage|p2a: Arcanine|20\/100\n|-enditem|p2a: Arcanine|Sitrus Berry|[eat]\n|-heal|p2a: Arcanine|45\/100|[from] item: Sitrus Berry\n|-damage|p1b: Kingambit|81\/100|[from] item: Life Orb\n|move|p2a: Arcanine|Rock Slide|p1a: Armarouge|[spread] p1a,p1b\n|-supereffective|p1a: Armarouge\n|-supereffective|p1b: Kingambit\n|-damage|p1a: Armarouge|0 fnt\n|-damage|p1b: Kingambit|48\/100\n|faint|p1a: Armarouge\n|\n|-fieldend|move: Trick Room\n|upkeep\n|\n|t:|1700330854\n|switch|p1a: Glimmora|Glimmora, M|100\/100\n|turn|8\n|\n|t:|1700330873\n|switch|p2b: Sinistcha|Sinistcha|100\/100\n|-heal|p2a: Arcanine|70\/100|[from] ability: Hospitality|[of] p2b: Sinistcha\n|move|p2a: Arcanine|Rock Slide|p1b: Kingambit|[spread] p1a,p1b\n|-supereffective|p1b: Kingambit\n|-damage|p1a: Glimmora|75\/100\n|-damage|p1b: Kingambit|12\/100\n|-activate|p1a: Glimmora|ability: Toxic Debris\n|-sidestart|p2: Kiky14|move: Toxic Spikes\n|move|p1a: Glimmora|Power Gem|p2a: Arcanine\n|-supereffective|p2a: Arcanine\n|-damage|p2a: Arcanine|0 fnt\n|faint|p2a: Arcanine\n|move|p1b: Kingambit|Iron Head|p2b: Sinistcha\n|-damage|p2b: Sinistcha|57\/100\n|-damage|p1b: Kingambit|2\/100|[from] item: Life Orb\n|\n|-heal|p2b: Sinistcha|63\/100|[from] item: Leftovers\n|upkeep\n|\n|t:|1700330891\n|switch|p2a: Okidogi|Okidogi, M|100\/100\n|-sideend|p2: Kiky14|move: Toxic Spikes|[of] p2a: Okidogi\n|turn|9\n|-message|marceloxito forfeited.\n|\n|win|Kiky14\n|raw|marceloxito's rating: 1263 &rarr; <strong>1242<\/strong><br \/>(-21 for losing)\n|raw|Kiky14's rating: 1324 &rarr; <strong>1341<\/strong><br \/>(+17 for winning)\n|l|\u2606marceloxito\n","uploadtime":1700330901,"views":4,"p1id":"marceloxito","p2id":"kiky14","formatid":"gen9doublesou","rating":1242,"private":0,"password":""}