{"id":"gen9doublesou-1970778614","p1":"Blaze32fgdgfd","p2":"idkmypasword","format":"[Gen 9] Doubles OU","log":"|j|\u203dBlaze32fgdgfd\n|j|\u2606idkmypasword\n|t:|1697666292\n|gametype|doubles\n|player|p1|Blaze32fgdgfd|2|1000\n|player|p2|idkmypasword|swimmer-gen4|1095\n|teamsize|p1|6\n|teamsize|p2|6\n|gen|9\n|tier|[Gen 9] Doubles OU\n|rated|\n|rule|Species Clause: Limit one of each Pok\u00e9mon\n|rule|OHKO Clause: OHKO moves are banned\n|rule|Evasion Moves Clause: Evasion moves are banned\n|rule|Gravity Sleep Clause: The combination of sleep-inducing moves with imperfect accuracy and Gravity or Gigantamax Orbeetle are banned\n|rule|Endless Battle Clause: Forcing endless battles is banned\n|rule|HP Percentage Mod: HP is shown in percentages\n|clearpoke\n|poke|p1|Grimmsnarl, M|\n|poke|p1|Sneasler, F|\n|poke|p1|Cresselia, F|\n|poke|p1|Corviknight, M|\n|poke|p1|Samurott-Hisui, M|\n|poke|p1|Landorus-Therian, M|\n|poke|p2|Wugtrio, F|\n|poke|p2|Palossand, F|\n|poke|p2|Bellibolt, M|\n|poke|p2|Mimikyu, M|\n|poke|p2|Houndstone, M|\n|poke|p2|Tyranitar, F|\n|teampreview\n|inactive|Battle timer is ON: inactive players will automatically lose when time's up. (requested by Blaze32fgdgfd)\n|\n|t:|1697666296\n|start\n|switch|p1a: Grimmsnarl|Grimmsnarl, M, shiny|100\/100\n|switch|p1b: Sneasler|Sneasler, F, shiny|100\/100\n|switch|p2a: Wugtrio|Wugtrio, F|100\/100\n|switch|p2b: Palossand|Palossand, F|100\/100\n|turn|1\n|\n|t:|1697666312\n|move|p1a: Grimmsnarl|Fake Out|p2a: Wugtrio\n|-damage|p2a: Wugtrio|75\/100\n|-ability|p2a: Wugtrio|Gooey\n|-unboost|p1a: Grimmsnarl|spe|1\n|move|p1b: Sneasler|U-turn|p2b: Palossand\n|-resisted|p2b: Palossand\n|-damage|p2b: Palossand|92\/100\n|\n|t:|1697666321\n|switch|p1b: Samurott|Samurott-Hisui, M, shiny|100\/100|[from] U-turn\n|cant|p2a: Wugtrio|flinch\n|move|p2b: Palossand|Shore Up|p2b: Palossand\n|-heal|p2b: Palossand|100\/100\n|\n|upkeep\n|turn|2\n|\n|t:|1697666333\n|move|p1a: Grimmsnarl|Reflect|p1a: Grimmsnarl\n|-sidestart|p1: Blaze32fgdgfd|Reflect\n|move|p2a: Wugtrio|Triple Dive|p2b: Palossand\n|-supereffective|p2b: Palossand\n|-crit|p2b: Palossand\n|-damage|p2b: Palossand|74\/100\n|-ability|p2b: Palossand|Water Compaction|boost\n|-boost|p2b: Palossand|def|2\n|-enditem|p2b: Palossand|Weakness Policy\n|-boost|p2b: Palossand|atk|2|[from] item: Weakness Policy\n|-boost|p2b: Palossand|spa|2|[from] item: Weakness Policy\n|-supereffective|p2b: Palossand\n|-damage|p2b: Palossand|66\/100\n|-ability|p2b: Palossand|Water Compaction|boost\n|-boost|p2b: Palossand|def|2\n|-supereffective|p2b: Palossand\n|-damage|p2b: Palossand|59\/100\n|-ability|p2b: Palossand|Water Compaction|boost\n|-boost|p2b: Palossand|def|2\n|-hitcount|p2b: Palossand|3\n|move|p1b: Samurott|Ceaseless Edge|p2b: Palossand\n|-supereffective|p2b: Palossand\n|-damage|p2b: Palossand|46\/100\n|-sidestart|p2: idkmypasword|Spikes\n|move|p2b: Palossand|Shore Up|p2b: Palossand\n|-heal|p2b: Palossand|96\/100\n|\n|upkeep\n|turn|3\n|inactive|idkmypasword has 120 seconds left.\n|\n|t:|1697666364\n|move|p1a: Grimmsnarl|Light Screen|p1a: Grimmsnarl\n|-sidestart|p1: Blaze32fgdgfd|move: Light Screen\n|move|p2a: Wugtrio|Triple Dive|p1a: Grimmsnarl\n|-damage|p1a: Grimmsnarl|91\/100\n|-damage|p1a: Grimmsnarl|82\/100\n|-damage|p1a: Grimmsnarl|72\/100\n|-hitcount|p1a: Grimmsnarl|3\n|move|p1b: Samurott|Ceaseless Edge|p2a: Wugtrio\n|-damage|p2a: Wugtrio|0 fnt\n|-ability|p2a: Wugtrio|Gooey\n|-unboost|p1b: Samurott|spe|1\n|-sidestart|p2: idkmypasword|Spikes\n|faint|p2a: Wugtrio\n|move|p2b: Palossand|Earth Power|p1b: Samurott\n|-damage|p1b: Samurott|79\/100\n|\n|upkeep\n|inactive|idkmypasword has 120 seconds left.\n|\n|t:|1697666383\n|switch|p2a: Tyranitar|Tyranitar, F|100\/100\n|-damage|p2a: Tyranitar|84\/100|[from] Spikes\n|-weather|Sandstorm|[from] ability: Sand Stream|[of] p2a: Tyranitar\n|turn|4\n|inactive|idkmypasword has 120 seconds left.\n|inactive|Blaze32fgdgfd has 120 seconds left.\n|\n|t:|1697666423\n|move|p1a: Grimmsnarl|Parting Shot|p2b: Palossand\n|-unboost|p2b: Palossand|atk|1\n|-unboost|p2b: Palossand|spa|1\n|\n|t:|1697666426\n|switch|p1a: Landorus|Landorus-Therian, M, shiny|100\/100|[from] Parting Shot\n|-ability|p1a: Landorus|Intimidate|boost\n|-unboost|p2a: Tyranitar|atk|1\n|-unboost|p2b: Palossand|atk|1\n|move|p2a: Tyranitar|Knock Off|p1b: Samurott\n|-resisted|p1b: Samurott\n|-damage|p1b: Samurott|67\/100\n|-enditem|p1b: Samurott|Assault Vest|[from] move: Knock Off|[of] p2a: Tyranitar\n|move|p1b: Samurott|Sacred Sword|p2a: Tyranitar\n|-supereffective|p2a: Tyranitar\n|-damage|p2a: Tyranitar|0 fnt\n|faint|p2a: Tyranitar\n|move|p2b: Palossand|Amnesia|p2b: Palossand\n|-boost|p2b: Palossand|spd|2\n|\n|-weather|Sandstorm|[upkeep]\n|-damage|p1b: Samurott|61\/100|[from] Sandstorm\n|upkeep\n|\n|t:|1697666446\n|switch|p2a: Houndstone|Houndstone, M|100\/100\n|-damage|p2a: Houndstone|84\/100|[from] Spikes\n|turn|5\n|inactive|idkmypasword has 120 seconds left.\n|\n|t:|1697666460\n|move|p2a: Houndstone|Last Respects|p1a: Landorus\n|-damage|p1a: Landorus|72\/100\n|move|p1a: Landorus|Stealth Rock|p2a: Houndstone\n|-sidestart|p2: idkmypasword|move: Stealth Rock\n|move|p1b: Samurott|Ceaseless Edge|p2a: Houndstone|[miss]\n|-miss|p1b: Samurott|p2a: Houndstone\n|move|p2b: Palossand|Earth Power|p1b: Samurott\n|-damage|p1b: Samurott|34\/100\n|\n|-weather|Sandstorm|[upkeep]\n|-damage|p1b: Samurott|28\/100|[from] Sandstorm\n|-heal|p1a: Landorus|78\/100|[from] item: Leftovers\n|upkeep\n|turn|6\n|inactive|idkmypasword has 120 seconds left.\n|\n|t:|1697666487\n|-terastallize|p2a: Houndstone|Ghost\n|move|p2a: Houndstone|Last Respects|p1a: Landorus\n|-damage|p1a: Landorus|36\/100\n|move|p1a: Landorus|U-turn|p2a: Houndstone\n|-resisted|p2a: Houndstone\n|-damage|p2a: Houndstone|71\/100\n|\n|t:|1697666498\n|switch|p1a: Grimmsnarl|Grimmsnarl, M, shiny|72\/100|[from] U-turn\n|move|p1b: Samurott|Ceaseless Edge|p2a: Houndstone\n|-supereffective|p2a: Houndstone\n|-damage|p2a: Houndstone|0 fnt\n|-sidestart|p2: idkmypasword|Spikes\n|faint|p2a: Houndstone\n|move|p2b: Palossand|Earth Power|p1b: Samurott\n|-damage|p1b: Samurott|0 fnt\n|faint|p1b: Samurott\n|\n|-weather|Sandstorm|[upkeep]\n|-damage|p1a: Grimmsnarl|66\/100|[from] Sandstorm\n|upkeep\n|\n|t:|1697666518\n|switch|p2a: Mimikyu|Mimikyu, M|100\/100\n|switch|p1b: Landorus|Landorus-Therian, M, shiny|36\/100\n|-ability|p1b: Landorus|Intimidate|boost\n|-unboost|p2a: Mimikyu|atk|1\n|-unboost|p2b: Palossand|atk|1\n|-damage|p2a: Mimikyu|76\/100|[from] Spikes\n|-damage|p2a: Mimikyu|63\/100|[from] Stealth Rock\n|turn|7\n|\n|t:|1697666532\n|move|p1a: Grimmsnarl|Parting Shot|p2b: Palossand\n|-unboost|p2b: Palossand|atk|1\n|-unboost|p2b: Palossand|spa|1\n|\n|t:|1697666535\n|switch|p1a: Corviknight|Corviknight, M, shiny|100\/100|[from] Parting Shot\n|move|p1b: Landorus|U-turn|p2a: Mimikyu\n|-activate|p2a: Mimikyu|ability: Disguise\n|-damage|p2a: Mimikyu|63\/100\n|detailschange|p2a: Mimikyu|Mimikyu-Busted, M\n|-damage|p2a: Mimikyu|51\/100|[from] pokemon: Mimikyu-Busted\n|\n|t:|1697666540\n|switch|p1b: Grimmsnarl|Grimmsnarl, M, shiny|66\/100|[from] U-turn\n|move|p2b: Palossand|Shadow Ball|p1b: Grimmsnarl\n|-resisted|p1b: Grimmsnarl\n|-damage|p1b: Grimmsnarl|59\/100\n|move|p2a: Mimikyu|Trick Room|p2a: Mimikyu\n|-fieldstart|move: Trick Room|[of] p2a: Mimikyu\n|\n|-weather|Sandstorm|[upkeep]\n|-damage|p1b: Grimmsnarl|53\/100|[from] Sandstorm\n|-damage|p2a: Mimikyu|45\/100|[from] Sandstorm\n|-enditem|p2a: Mimikyu|Sitrus Berry|[eat]\n|-heal|p2a: Mimikyu|70\/100|[from] item: Sitrus Berry\n|upkeep\n|turn|8\n|\n|t:|1697666569\n|move|p1b: Grimmsnarl|Parting Shot|p2b: Palossand\n|-unboost|p2b: Palossand|atk|1\n|-unboost|p2b: Palossand|spa|1\n|\n|t:|1697666575\n|switch|p1b: Landorus|Landorus-Therian, M, shiny|36\/100|[from] Parting Shot\n|-ability|p1b: Landorus|Intimidate|boost\n|-unboost|p2a: Mimikyu|atk|1\n|-unboost|p2b: Palossand|atk|1\n|move|p2b: Palossand|Shadow Ball|p1b: Landorus\n|-damage|p1b: Landorus|23\/100\n|move|p1a: Corviknight|Iron Head|p2a: Mimikyu\n|-supereffective|p2a: Mimikyu\n|-damage|p2a: Mimikyu|8\/100\n|move|p2a: Mimikyu|Shadow Claw|p1b: Landorus\n|-damage|p1b: Landorus|16\/100\n|\n|-weather|none\n|-heal|p1b: Landorus|22\/100|[from] item: Leftovers\n|upkeep\n|turn|9\n|inactive|Blaze32fgdgfd has 120 seconds left.\n|inactive|idkmypasword has 120 seconds left.\n|\n|t:|1697666607\n|move|p2b: Palossand|Shadow Ball|p1b: Landorus\n|-damage|p1b: Landorus|8\/100\n|move|p1a: Corviknight|Iron Head|p2a: Mimikyu\n|-supereffective|p2a: Mimikyu\n|-damage|p2a: Mimikyu|0 fnt\n|faint|p2a: Mimikyu\n|move|p1b: Landorus|U-turn|p2b: Palossand\n|-resisted|p2b: Palossand\n|-damage|p2b: Palossand|94\/100\n|\n|t:|1697666611\n|switch|p1b: Grimmsnarl|Grimmsnarl, M, shiny|53\/100|[from] U-turn\n|\n|-sideend|p1: Blaze32fgdgfd|Reflect\n|upkeep\n|inactive|idkmypasword has 120 seconds left.\n|\n|t:|1697666622\n|switch|p2a: Bellibolt|Bellibolt, M|100\/100\n|-damage|p2a: Bellibolt|76\/100|[from] Spikes\n|-damage|p2a: Bellibolt|63\/100|[from] Stealth Rock\n|turn|10\n|inactive|Blaze32fgdgfd has 120 seconds left.\n|\n|t:|1697666654\n|switch|p1a: Sneasler|Sneasler, F, shiny|100\/100\n|move|p1b: Grimmsnarl|Fake Out|p2a: Bellibolt\n|-damage|p2a: Bellibolt|55\/100\n|-start|p2a: Bellibolt|Charge|Fake Out|[from] ability: Electromorphosis\n|move|p2b: Palossand|Shadow Ball|p1a: Sneasler\n|-damage|p1a: Sneasler|84\/100\n|-unboost|p1a: Sneasler|spd|1\n|cant|p2a: Bellibolt|flinch\n|\n|-sideend|p1: Blaze32fgdgfd|move: Light Screen\n|upkeep\n|turn|11\n|inactive|idkmypasword has 120 seconds left.\n|\n|t:|1697666686\n|move|p1a: Sneasler|Fake Out|p2a: Bellibolt\n|-damage|p2a: Bellibolt|45\/100\n|-start|p2a: Bellibolt|Charge|Fake Out|[from] ability: Electromorphosis\n|move|p1b: Grimmsnarl|Light Screen|p1b: Grimmsnarl\n|-sidestart|p1: Blaze32fgdgfd|move: Light Screen\n|move|p2b: Palossand|Shadow Ball|p1a: Sneasler\n|-damage|p1a: Sneasler|60\/100\n|cant|p2a: Bellibolt|flinch\n|\n|-fieldend|move: Trick Room\n|upkeep\n|turn|12\n|inactive|Blaze32fgdgfd has 120 seconds left.\n|\n|t:|1697666737\n|move|p1b: Grimmsnarl|Parting Shot|p2b: Palossand\n|-unboost|p2b: Palossand|atk|1\n|-unboost|p2b: Palossand|spa|1\n|\n|t:|1697666740\n|switch|p1b: Landorus|Landorus-Therian, M, shiny|8\/100|[from] Parting Shot\n|-ability|p1b: Landorus|Intimidate|boost\n|-unboost|p2a: Bellibolt|atk|1\n|-unboost|p2b: Palossand|atk|1\n|move|p1a: Sneasler|U-turn|p2a: Bellibolt\n|-damage|p2a: Bellibolt|29\/100\n|-start|p2a: Bellibolt|Charge|U-turn|[from] ability: Electromorphosis\n|\n|t:|1697666743\n|switch|p1a: Grimmsnarl|Grimmsnarl, M, shiny|53\/100|[from] U-turn\n|move|p2a: Bellibolt|Muddy Water|p1a: Grimmsnarl|[spread] p1a,p1b\n|-supereffective|p1b: Landorus\n|-damage|p1a: Grimmsnarl|44\/100\n|-damage|p1b: Landorus|0 fnt\n|faint|p1b: Landorus\n|move|p2b: Palossand|Shadow Ball|p1a: Grimmsnarl\n|-resisted|p1a: Grimmsnarl\n|-damage|p1a: Grimmsnarl|40\/100\n|\n|upkeep\n|inactive|Blaze32fgdgfd has 90 seconds left.\n|\n|t:|1697666779\n|switch|p1b: Sneasler|Sneasler, F, shiny|60\/100\n|turn|13\n|inactive|idkmypasword has 120 seconds left.\n|\n|t:|1697666813\n|move|p1a: Grimmsnarl|Parting Shot|p2b: Palossand\n|-unboost|p2b: Palossand|atk|0\n|-unboost|p2b: Palossand|spa|1\n|inactive|Blaze32fgdgfd has 90 seconds left.\n|c|\u2606idkmypasword|Professional staller\n|\n|t:|1697666849\n|switch|p1a: Corviknight|Corviknight, M, shiny|100\/100|[from] Parting Shot\n|move|p1b: Sneasler|U-turn|p2a: Bellibolt\n|-damage|p2a: Bellibolt|13\/100\n|-start|p2a: Bellibolt|Charge|U-turn|[from] ability: Electromorphosis\n|-enditem|p2a: Bellibolt|Aguav Berry|[eat]\n|-heal|p2a: Bellibolt|46\/100|[from] item: Aguav Berry\n|\n|t:|1697666852\n|switch|p1b: Grimmsnarl|Grimmsnarl, M, shiny|40\/100|[from] U-turn\n|move|p2a: Bellibolt|Thunder|p1a: Corviknight|[miss]\n|-miss|p2a: Bellibolt|p1a: Corviknight\n|-end|p2a: Bellibolt|Charge|[silent]\n|move|p2b: Palossand|Earth Power|p1a: Corviknight\n|-immune|p1a: Corviknight\n|\n|upkeep\n|turn|14\n|inactive|Blaze32fgdgfd has 90 seconds left.\n|inactive|idkmypasword has 120 seconds left.\n|inactive|idkmypasword has 90 seconds left.\n|\n|t:|1697666932\n|switch|p1a: Sneasler|Sneasler, F, shiny|60\/100\n|move|p1b: Grimmsnarl|Fake Out|p2a: Bellibolt\n|-damage|p2a: Bellibolt|39\/100\n|-start|p2a: Bellibolt|Charge|Fake Out|[from] ability: Electromorphosis\n|cant|p2a: Bellibolt|flinch\n|-end|p2a: Bellibolt|Charge|[silent]\n|move|p2b: Palossand|Earth Power|p1b: Grimmsnarl\n|-damage|p1b: Grimmsnarl|35\/100\n|\n|upkeep\n|turn|15\n|inactive|idkmypasword has 90 seconds left.\n|\n|t:|1697666965\n|move|p1b: Grimmsnarl|Parting Shot|p2b: Palossand\n|-unboost|p2b: Palossand|atk|0\n|-unboost|p2b: Palossand|spa|1\n|\n|t:|1697666975\n|switch|p1b: Cresselia|Cresselia, F, shiny|100\/100|[from] Parting Shot\n|move|p1a: Sneasler|U-turn|p2a: Bellibolt\n|-damage|p2a: Bellibolt|21\/100\n|-start|p2a: Bellibolt|Charge|U-turn|[from] ability: Electromorphosis\n|inactive|Blaze32fgdgfd has 90 seconds left.\n|\n|t:|1697666994\n|switch|p1a: Grimmsnarl|Grimmsnarl, M, shiny|35\/100|[from] U-turn\n|move|p2a: Bellibolt|Thunder|p1b: Cresselia\n|-damage|p1b: Cresselia|75\/100\n|-end|p2a: Bellibolt|Charge|[silent]\n|move|p2b: Palossand|Earth Power|p1a: Grimmsnarl\n|-damage|p1a: Grimmsnarl|30\/100\n|\n|-heal|p1b: Cresselia|81\/100|[from] item: Leftovers\n|upkeep\n|turn|16\n|inactive|idkmypasword has 90 seconds left.\n|\n|t:|1697667018\n|-terastallize|p1b: Cresselia|Electric\n|move|p1a: Grimmsnarl|Fake Out|p2a: Bellibolt\n|-damage|p2a: Bellibolt|14\/100\n|-start|p2a: Bellibolt|Charge|Fake Out|[from] ability: Electromorphosis\n|move|p1b: Cresselia|Calm Mind|p1b: Cresselia\n|-boost|p1b: Cresselia|spa|1\n|-boost|p1b: Cresselia|spd|1\n|cant|p2a: Bellibolt|flinch\n|move|p2b: Palossand|Amnesia|p2b: Palossand\n|-boost|p2b: Palossand|spd|2\n|\n|-heal|p1b: Cresselia|87\/100|[from] item: Leftovers\n|upkeep\n|turn|17\n|inactive|Blaze32fgdgfd has 120 seconds left.\n|inactive|idkmypasword has 90 seconds left.\n|inactive|Blaze32fgdgfd has 90 seconds left.\n|\n|t:|1697667060\n|move|p1a: Grimmsnarl|Parting Shot|p2b: Palossand\n|-unboost|p2b: Palossand|atk|0\n|-unboost|p2b: Palossand|spa|1\n|\n|t:|1697667063\n|switch|p1a: Sneasler|Sneasler, F, shiny|60\/100|[from] Parting Shot\n|move|p1b: Cresselia|Psychic|p2a: Bellibolt\n|-damage|p2a: Bellibolt|0 fnt\n|faint|p2a: Bellibolt\n|move|p2b: Palossand|Amnesia|p2b: Palossand\n|-boost|p2b: Palossand|spd|2\n|\n|-heal|p1b: Cresselia|93\/100|[from] item: Leftovers\n|upkeep\n|turn|18\n|\n|t:|1697667077\n|move|p1a: Sneasler|Dire Claw|p2b: Palossand\n|-resisted|p2b: Palossand\n|-damage|p2b: Palossand|92\/100\n|-status|p2b: Palossand|psn|[from] ability: Poison Touch|[of] p1a: Sneasler\n|move|p1b: Cresselia|Calm Mind|p1b: Cresselia\n|-boost|p1b: Cresselia|spa|1\n|-boost|p1b: Cresselia|spd|1\n|move|p2b: Palossand|Earth Power|p1a: Sneasler\n|-supereffective|p1a: Sneasler\n|-damage|p1a: Sneasler|42\/100\n|\n|-heal|p1b: Cresselia|99\/100|[from] item: Leftovers\n|-damage|p2b: Palossand|80\/100 psn|[from] psn\n|-sideend|p1: Blaze32fgdgfd|move: Light Screen\n|upkeep\n|turn|19\n|inactive|idkmypasword has 120 seconds left.\n|\n|t:|1697667093\n|move|p1a: Sneasler|U-turn|p2b: Palossand\n|-resisted|p2b: Palossand\n|-damage|p2b: Palossand|77\/100 psn\n|inactive|Blaze32fgdgfd has 120 seconds left.\n|\n|t:|1697667121\n|switch|p1a: Grimmsnarl|Grimmsnarl, M, shiny|30\/100|[from] U-turn\n|move|p1b: Cresselia|Calm Mind|p1b: Cresselia\n|-boost|p1b: Cresselia|spa|1\n|-boost|p1b: Cresselia|spd|1\n|move|p2b: Palossand|Earth Power|p1a: Grimmsnarl\n|-damage|p1a: Grimmsnarl|23\/100\n|\n|-heal|p1b: Cresselia|100\/100|[from] item: Leftovers\n|-damage|p2b: Palossand|65\/100 psn|[from] psn\n|upkeep\n|turn|20\n|n|!idkmypasword|idkmypasword\n|-message|idkmypasword forfeited.\n|\n|win|Blaze32fgdgfd\n|raw|Blaze32fgdgfd's rating: 1000 &rarr; <strong>1051<\/strong><br \/>(+51 for winning)\n|raw|idkmypasword's rating: 1095 &rarr; <strong>1064<\/strong><br \/>(-31 for losing)\n","uploadtime":1697667124,"views":14,"p1id":"blaze32fgdgfd","p2id":"idkmypasword","formatid":"gen9doublesou","rating":1051,"private":0,"password":""}