{"id":"gen9doublesou-1998038137","p1":"oberon100","p2":"OPieceOfHeroGhost","format":"[Gen 9] Doubles OU","log":"|j|\u2606oberon100\n|j|\u2606OPieceOfHeroGhost\n|t:|1700882163\n|gametype|doubles\n|player|p1|oberon100|parasollady|1426\n|player|p2|OPieceOfHeroGhost|morty|1550\n|teamsize|p1|6\n|teamsize|p2|6\n|gen|9\n|tier|[Gen 9] Doubles OU\n|rated|\n|rule|Species Clause: Limit one of each Pok\u00e9mon\n|rule|OHKO Clause: OHKO moves are banned\n|rule|Evasion Moves Clause: Evasion moves are banned\n|rule|Gravity Sleep Clause: The combination of sleep-inducing moves with imperfect accuracy and Gravity or Gigantamax Orbeetle are banned\n|rule|Endless Battle Clause: Forcing endless battles is banned\n|rule|HP Percentage Mod: HP is shown in percentages\n|clearpoke\n|poke|p1|Azumarill, F|\n|poke|p1|Gastrodon-East, F|\n|poke|p1|Bronzong|\n|poke|p1|Ampharos, F|\n|poke|p1|Dragonite, F|\n|poke|p1|Pelipper, F|\n|poke|p2|Ting-Lu|\n|poke|p2|Sinistcha|\n|poke|p2|Cresselia, F|\n|poke|p2|Flutter Mane|\n|poke|p2|Ogerpon-Wellspring, F|\n|poke|p2|Landorus-Therian, M|\n|teampreview\n|\n|t:|1700882178\n|start\n|switch|p1a: Gastrodon|Gastrodon-East, F|100\/100\n|switch|p1b: Bronzong|Bronzong|100\/100\n|switch|p2a: \u54bf\u5440\uff01\u838e\u5e03\u5c3c\u53e4\u62c9\u65af\uff01|Ting-Lu|100\/100\n|switch|p2b: \u731c\u731c\u8c01\u56de\u6765\u4e86|Landorus-Therian, M|100\/100\n|-ability|p2b: \u731c\u731c\u8c01\u56de\u6765\u4e86|Intimidate|boost\n|-unboost|p1a: Gastrodon|atk|1\n|-unboost|p1b: Bronzong|atk|1\n|-ability|p2a: \u54bf\u5440\uff01\u838e\u5e03\u5c3c\u53e4\u62c9\u65af\uff01|Vessel of Ruin\n|turn|1\n|\n|t:|1700882192\n|move|p2b: \u731c\u731c\u8c01\u56de\u6765\u4e86|U-turn|p1b: Bronzong\n|-damage|p1b: Bronzong|77\/100\n|\n|t:|1700882197\n|switch|p2b: \u8fd9\u4e48\u5f3a\u662f\u600e\u4e48\u88ab\u4e09\u4e2a\u51fa\u751f\u6b3a\u8d1f\u7684\uff1f|Ogerpon-Wellspring, F|100\/100|[from] U-turn\n|move|p1a: Gastrodon|Ice Beam|p2b: \u8fd9\u4e48\u5f3a\u662f\u600e\u4e48\u88ab\u4e09\u4e2a\u51fa\u751f\u6b3a\u8d1f\u7684\uff1f\n|-damage|p2b: \u8fd9\u4e48\u5f3a\u662f\u600e\u4e48\u88ab\u4e09\u4e2a\u51fa\u751f\u6b3a\u8d1f\u7684\uff1f|80\/100\n|move|p2a: \u54bf\u5440\uff01\u838e\u5e03\u5c3c\u53e4\u62c9\u65af\uff01|Payback|p1b: Bronzong\n|-supereffective|p1b: Bronzong\n|-damage|p1b: Bronzong|14\/100\n|move|p1b: Bronzong|Trick Room|p1b: Bronzong\n|-fieldstart|move: Trick Room|[of] p1b: Bronzong\n|\n|upkeep\n|turn|2\n|\n|t:|1700882214\n|switch|p1b: Azumarill|Azumarill, F|100\/100\n|-terastallize|p1a: Gastrodon|Poison\n|move|p2b: \u8fd9\u4e48\u5f3a\u662f\u600e\u4e48\u88ab\u4e09\u4e2a\u51fa\u751f\u6b3a\u8d1f\u7684\uff1f|Spiky Shield|p2b: \u8fd9\u4e48\u5f3a\u662f\u600e\u4e48\u88ab\u4e09\u4e2a\u51fa\u751f\u6b3a\u8d1f\u7684\uff1f\n|-singleturn|p2b: \u8fd9\u4e48\u5f3a\u662f\u600e\u4e48\u88ab\u4e09\u4e2a\u51fa\u751f\u6b3a\u8d1f\u7684\uff1f|move: Protect\n|move|p2a: \u54bf\u5440\uff01\u838e\u5e03\u5c3c\u53e4\u62c9\u65af\uff01|Payback|p1b: Azumarill\n|-resisted|p1b: Azumarill\n|-damage|p1b: Azumarill|80\/100\n|move|p1a: Gastrodon|Sludge Bomb|p2b: \u8fd9\u4e48\u5f3a\u662f\u600e\u4e48\u88ab\u4e09\u4e2a\u51fa\u751f\u6b3a\u8d1f\u7684\uff1f\n|-activate|p2b: \u8fd9\u4e48\u5f3a\u662f\u600e\u4e48\u88ab\u4e09\u4e2a\u51fa\u751f\u6b3a\u8d1f\u7684\uff1f|move: Protect\n|\n|upkeep\n|turn|3\n|\n|t:|1700882233\n|switch|p2a: \u731c\u731c\u8c01\u56de\u6765\u4e86|Landorus-Therian, M|100\/100\n|-ability|p2a: \u731c\u731c\u8c01\u56de\u6765\u4e86|Intimidate|boost\n|-unboost|p1a: Gastrodon|atk|1\n|-unboost|p1b: Azumarill|atk|1\n|switch|p1a: Pelipper|Pelipper, F|100\/100\n|-weather|RainDance|[from] ability: Drizzle|[of] p1a: Pelipper\n|switch|p2b: \u514b\u96f7\u771f\u7684\u662f\u840c\u840c\u54d2\u5440\uff01|Cresselia, F|100\/100\n|move|p1b: Azumarill|Play Rough|p2b: \u514b\u96f7\u771f\u7684\u662f\u840c\u840c\u54d2\u5440\uff01\n|-damage|p2b: \u514b\u96f7\u771f\u7684\u662f\u840c\u840c\u54d2\u5440\uff01|72\/100\n|-damage|p1b: Azumarill|64\/100|[from] item: Rocky Helmet|[of] p2b: \u514b\u96f7\u771f\u7684\u662f\u840c\u840c\u54d2\u5440\uff01\n|-damage|p1b: Azumarill|54\/100|[from] item: Life Orb\n|\n|-weather|RainDance|[upkeep]\n|upkeep\n|turn|4\n|\n|t:|1700882260\n|-terastallize|p2a: \u731c\u731c\u8c01\u56de\u6765\u4e86|Flying\n|move|p1b: Azumarill|Ice Spinner|p2a: \u731c\u731c\u8c01\u56de\u6765\u4e86\n|-supereffective|p2a: \u731c\u731c\u8c01\u56de\u6765\u4e86\n|-damage|p2a: \u731c\u731c\u8c01\u56de\u6765\u4e86|38\/100\n|-damage|p1b: Azumarill|44\/100|[from] item: Life Orb\n|move|p1a: Pelipper|Ice Beam|p2a: \u731c\u731c\u8c01\u56de\u6765\u4e86\n|-supereffective|p2a: \u731c\u731c\u8c01\u56de\u6765\u4e86\n|-damage|p2a: \u731c\u731c\u8c01\u56de\u6765\u4e86|0 fnt\n|faint|p2a: \u731c\u731c\u8c01\u56de\u6765\u4e86\n|move|p2b: \u514b\u96f7\u771f\u7684\u662f\u840c\u840c\u54d2\u5440\uff01|Thunderbolt|p1a: Pelipper\n|-supereffective|p1a: Pelipper\n|-damage|p1a: Pelipper|7\/100\n|\n|-weather|RainDance|[upkeep]\n|upkeep\n|\n|t:|1700882281\n|switch|p2a: \u54bf\u5440\uff01\u838e\u5e03\u5c3c\u53e4\u62c9\u65af\uff01|Ting-Lu|100\/100\n|-ability|p2a: \u54bf\u5440\uff01\u838e\u5e03\u5c3c\u53e4\u62c9\u65af\uff01|Vessel of Ruin\n|turn|5\n|\n|t:|1700882290\n|move|p2a: \u54bf\u5440\uff01\u838e\u5e03\u5c3c\u53e4\u62c9\u65af\uff01|Earthquake|p1b: Azumarill|[spread] p1b\n|-immune|p2b: \u514b\u96f7\u771f\u7684\u662f\u840c\u840c\u54d2\u5440\uff01|[from] ability: Levitate\n|-immune|p1a: Pelipper\n|-damage|p1b: Azumarill|0 fnt\n|faint|p1b: Azumarill\n|move|p1a: Pelipper|Weather Ball|p2a: \u54bf\u5440\uff01\u838e\u5e03\u5c3c\u53e4\u62c9\u65af\uff01\n|-supereffective|p2a: \u54bf\u5440\uff01\u838e\u5e03\u5c3c\u53e4\u62c9\u65af\uff01\n|-damage|p2a: \u54bf\u5440\uff01\u838e\u5e03\u5c3c\u53e4\u62c9\u65af\uff01|45\/100\n|move|p2b: \u514b\u96f7\u771f\u7684\u662f\u840c\u840c\u54d2\u5440\uff01|Thunderbolt|p1a: Pelipper\n|-supereffective|p1a: Pelipper\n|-damage|p1a: Pelipper|0 fnt\n|faint|p1a: Pelipper\n|\n|-weather|RainDance|[upkeep]\n|-fieldend|move: Trick Room\n|upkeep\n|\n|t:|1700882306\n|switch|p1a: Ampharos|Ampharos, F|100\/100\n|switch|p1b: Dragonite|Dragonite, F, shiny|100\/100\n|turn|6\n|\n|t:|1700882324\n|switch|p2b: \u53ea\u6709\u7eff\u8336\uff0c\u884c\u4e48|Sinistcha|100\/100\n|-heal|p2a: \u54bf\u5440\uff01\u838e\u5e03\u5c3c\u53e4\u62c9\u65af\uff01|70\/100|[from] ability: Hospitality|[of] p2b: \u53ea\u6709\u7eff\u8336\uff0c\u884c\u4e48\n|switch|p1a: Gastrodon|Gastrodon-East, F, tera:Poison|100\/100\n|move|p1b: Dragonite|Surf|p2b: \u53ea\u6709\u7eff\u8336\uff0c\u884c\u4e48|[spread] p2a,p2b\n|-ability|p1a: Gastrodon|Storm Drain|boost\n|-boost|p1a: Gastrodon|spa|1\n|-supereffective|p2a: \u54bf\u5440\uff01\u838e\u5e03\u5c3c\u53e4\u62c9\u65af\uff01\n|-resisted|p2b: \u53ea\u6709\u7eff\u8336\uff0c\u884c\u4e48\n|-damage|p2a: \u54bf\u5440\uff01\u838e\u5e03\u5c3c\u53e4\u62c9\u65af\uff01|31\/100\n|-damage|p2b: \u53ea\u6709\u7eff\u8336\uff0c\u884c\u4e48|87\/100\n|move|p2a: \u54bf\u5440\uff01\u838e\u5e03\u5c3c\u53e4\u62c9\u65af\uff01|Earthquake|p1a: Gastrodon|[spread] p2b,p1a\n|-immune|p1b: Dragonite\n|-resisted|p2b: \u53ea\u6709\u7eff\u8336\uff0c\u884c\u4e48\n|-supereffective|p1a: Gastrodon\n|-damage|p2b: \u53ea\u6709\u7eff\u8336\uff0c\u884c\u4e48|66\/100\n|-damage|p1a: Gastrodon|0 fnt\n|faint|p1a: Gastrodon\n|\n|-weather|RainDance|[upkeep]\n|-heal|p2b: \u53ea\u6709\u7eff\u8336\uff0c\u884c\u4e48|72\/100|[from] item: Leftovers\n|upkeep\n|\n|t:|1700882344\n|switch|p1a: Bronzong|Bronzong|14\/100\n|turn|7\n|\n|t:|1700882366\n|switch|p2a: \u514b\u96f7\u771f\u7684\u662f\u840c\u840c\u54d2\u5440\uff01|Cresselia, F|72\/100\n|move|p1b: Dragonite|Hurricane|p2b: \u53ea\u6709\u7eff\u8336\uff0c\u884c\u4e48\n|-supereffective|p2b: \u53ea\u6709\u7eff\u8336\uff0c\u884c\u4e48\n|-damage|p2b: \u53ea\u6709\u7eff\u8336\uff0c\u884c\u4e48|0 fnt\n|faint|p2b: \u53ea\u6709\u7eff\u8336\uff0c\u884c\u4e48\n|move|p1a: Bronzong|Trick Room|p1a: Bronzong\n|-fieldstart|move: Trick Room|[of] p1a: Bronzong\n|\n|-weather|RainDance|[upkeep]\n|upkeep\n|\n|t:|1700882374\n|switch|p2b: \u54bf\u5440\uff01\u838e\u5e03\u5c3c\u53e4\u62c9\u65af\uff01|Ting-Lu|31\/100\n|-ability|p2b: \u54bf\u5440\uff01\u838e\u5e03\u5c3c\u53e4\u62c9\u65af\uff01|Vessel of Ruin\n|turn|8\n|\n|t:|1700882382\n|move|p1a: Bronzong|Body Press|p2b: \u54bf\u5440\uff01\u838e\u5e03\u5c3c\u53e4\u62c9\u65af\uff01\n|-supereffective|p2b: \u54bf\u5440\uff01\u838e\u5e03\u5c3c\u53e4\u62c9\u65af\uff01\n|-damage|p2b: \u54bf\u5440\uff01\u838e\u5e03\u5c3c\u53e4\u62c9\u65af\uff01|0 fnt\n|faint|p2b: \u54bf\u5440\uff01\u838e\u5e03\u5c3c\u53e4\u62c9\u65af\uff01\n|move|p1b: Dragonite|Thunder|p2a: \u514b\u96f7\u771f\u7684\u662f\u840c\u840c\u54d2\u5440\uff01\n|-damage|p2a: \u514b\u96f7\u771f\u7684\u662f\u840c\u840c\u54d2\u5440\uff01|52\/100\n|move|p2a: \u514b\u96f7\u771f\u7684\u662f\u840c\u840c\u54d2\u5440\uff01|Lunar Blessing|p2a: \u514b\u96f7\u771f\u7684\u662f\u840c\u840c\u54d2\u5440\uff01\n|-heal|p2a: \u514b\u96f7\u771f\u7684\u662f\u840c\u840c\u54d2\u5440\uff01|77\/100\n|\n|-weather|RainDance|[upkeep]\n|upkeep\n|\n|t:|1700882389\n|switch|p2b: \u8fd9\u4e48\u5f3a\u662f\u600e\u4e48\u88ab\u4e09\u4e2a\u51fa\u751f\u6b3a\u8d1f\u7684\uff1f|Ogerpon-Wellspring, F|80\/100\n|turn|9\n|\n|t:|1700882404\n|move|p2b: \u8fd9\u4e48\u5f3a\u662f\u600e\u4e48\u88ab\u4e09\u4e2a\u51fa\u751f\u6b3a\u8d1f\u7684\uff1f|Spiky Shield|p2b: \u8fd9\u4e48\u5f3a\u662f\u600e\u4e48\u88ab\u4e09\u4e2a\u51fa\u751f\u6b3a\u8d1f\u7684\uff1f\n|-singleturn|p2b: \u8fd9\u4e48\u5f3a\u662f\u600e\u4e48\u88ab\u4e09\u4e2a\u51fa\u751f\u6b3a\u8d1f\u7684\uff1f|move: Protect\n|move|p1a: Bronzong|Gyro Ball|p2a: \u514b\u96f7\u771f\u7684\u662f\u840c\u840c\u54d2\u5440\uff01\n|-damage|p2a: \u514b\u96f7\u771f\u7684\u662f\u840c\u840c\u54d2\u5440\uff01|62\/100\n|-damage|p1a: Bronzong|0 fnt|[from] item: Rocky Helmet|[of] p2a: \u514b\u96f7\u771f\u7684\u662f\u840c\u840c\u54d2\u5440\uff01\n|faint|p1a: Bronzong\n|move|p1b: Dragonite|Hurricane|p2b: \u8fd9\u4e48\u5f3a\u662f\u600e\u4e48\u88ab\u4e09\u4e2a\u51fa\u751f\u6b3a\u8d1f\u7684\uff1f\n|-activate|p2b: \u8fd9\u4e48\u5f3a\u662f\u600e\u4e48\u88ab\u4e09\u4e2a\u51fa\u751f\u6b3a\u8d1f\u7684\uff1f|move: Protect\n|move|p2a: \u514b\u96f7\u771f\u7684\u662f\u840c\u840c\u54d2\u5440\uff01|Ice Beam|p1b: Dragonite\n|-supereffective|p1b: Dragonite\n|-damage|p1b: Dragonite|65\/100\n|\n|-weather|RainDance|[upkeep]\n|upkeep\n|\n|t:|1700882419\n|switch|p1a: Ampharos|Ampharos, F|100\/100\n|turn|10\n|\n|t:|1700882432\n|move|p1a: Ampharos|Thunder|p2a: \u514b\u96f7\u771f\u7684\u662f\u840c\u840c\u54d2\u5440\uff01\n|-damage|p2a: \u514b\u96f7\u771f\u7684\u662f\u840c\u840c\u54d2\u5440\uff01|26\/100\n|-status|p2a: \u514b\u96f7\u771f\u7684\u662f\u840c\u840c\u54d2\u5440\uff01|par\n|move|p2a: \u514b\u96f7\u771f\u7684\u662f\u840c\u840c\u54d2\u5440\uff01|Calm Mind|p2a: \u514b\u96f7\u771f\u7684\u662f\u840c\u840c\u54d2\u5440\uff01\n|-boost|p2a: \u514b\u96f7\u771f\u7684\u662f\u840c\u840c\u54d2\u5440\uff01|spa|1\n|-boost|p2a: \u514b\u96f7\u771f\u7684\u662f\u840c\u840c\u54d2\u5440\uff01|spd|1\n|move|p1b: Dragonite|Hurricane|p2b: \u8fd9\u4e48\u5f3a\u662f\u600e\u4e48\u88ab\u4e09\u4e2a\u51fa\u751f\u6b3a\u8d1f\u7684\uff1f\n|-supereffective|p2b: \u8fd9\u4e48\u5f3a\u662f\u600e\u4e48\u88ab\u4e09\u4e2a\u51fa\u751f\u6b3a\u8d1f\u7684\uff1f\n|-damage|p2b: \u8fd9\u4e48\u5f3a\u662f\u600e\u4e48\u88ab\u4e09\u4e2a\u51fa\u751f\u6b3a\u8d1f\u7684\uff1f|0 fnt\n|faint|p2b: \u8fd9\u4e48\u5f3a\u662f\u600e\u4e48\u88ab\u4e09\u4e2a\u51fa\u751f\u6b3a\u8d1f\u7684\uff1f\n|\n|-weather|none\n|upkeep\n|\n|t:|1700882442\n|switch|p2b: \u53d1\u59d0\u5a01\u6b66|Flutter Mane|100\/100\n|-enditem|p2b: \u53d1\u59d0\u5a01\u6b66|Booster Energy\n|-activate|p2b: \u53d1\u59d0\u5a01\u6b66|ability: Protosynthesis|[fromitem]\n|-start|p2b: \u53d1\u59d0\u5a01\u6b66|protosynthesisspe\n|turn|11\n|\n|t:|1700882457\n|move|p2a: \u514b\u96f7\u771f\u7684\u662f\u840c\u840c\u54d2\u5440\uff01|Lunar Blessing|p2a: \u514b\u96f7\u771f\u7684\u662f\u840c\u840c\u54d2\u5440\uff01|[spread] p2a,p2b\n|-heal|p2a: \u514b\u96f7\u771f\u7684\u662f\u840c\u840c\u54d2\u5440\uff01|51\/100 par\n|-curestatus|p2a: \u514b\u96f7\u771f\u7684\u662f\u840c\u840c\u54d2\u5440\uff01|par|[msg]\n|move|p1a: Ampharos|Thunder|p2a: \u514b\u96f7\u771f\u7684\u662f\u840c\u840c\u54d2\u5440\uff01\n|-damage|p2a: \u514b\u96f7\u771f\u7684\u662f\u840c\u840c\u54d2\u5440\uff01|29\/100\n|-status|p2a: \u514b\u96f7\u771f\u7684\u662f\u840c\u840c\u54d2\u5440\uff01|par\n|move|p1b: Dragonite|Hurricane|p2b: \u53d1\u59d0\u5a01\u6b66\n|-crit|p2b: \u53d1\u59d0\u5a01\u6b66\n|-damage|p2b: \u53d1\u59d0\u5a01\u6b66|36\/100\n|-start|p2b: \u53d1\u59d0\u5a01\u6b66|confusion\n|-activate|p2b: \u53d1\u59d0\u5a01\u6b66|confusion\n|move|p2b: \u53d1\u59d0\u5a01\u6b66|Moonblast|p1b: Dragonite\n|-supereffective|p1b: Dragonite\n|-damage|p1b: Dragonite|0 fnt\n|faint|p1b: Dragonite\n|\n|-fieldend|move: Trick Room\n|upkeep\n|turn|12\n|\n|t:|1700882481\n|-activate|p2b: \u53d1\u59d0\u5a01\u6b66|confusion\n|move|p2b: \u53d1\u59d0\u5a01\u6b66|Moonblast|p1a: Ampharos\n|-damage|p1a: Ampharos|71\/100\n|-unboost|p1a: Ampharos|spa|1\n|move|p1a: Ampharos|Power Gem|p2b: \u53d1\u59d0\u5a01\u6b66\n|-damage|p2b: \u53d1\u59d0\u5a01\u6b66|20\/100\n|move|p2a: \u514b\u96f7\u771f\u7684\u662f\u840c\u840c\u54d2\u5440\uff01|Lunar Blessing|p2a: \u514b\u96f7\u771f\u7684\u662f\u840c\u840c\u54d2\u5440\uff01|[spread] p2a,p2b\n|-heal|p2a: \u514b\u96f7\u771f\u7684\u662f\u840c\u840c\u54d2\u5440\uff01|54\/100 par\n|-curestatus|p2a: \u514b\u96f7\u771f\u7684\u662f\u840c\u840c\u54d2\u5440\uff01|par|[msg]\n|-heal|p2b: \u53d1\u59d0\u5a01\u6b66|45\/100\n|\n|upkeep\n|turn|13\n|-message|oberon100 forfeited.\n|\n|win|OPieceOfHeroGhost\n|raw|oberon100's rating: 1426 &rarr; <strong>1413<\/strong><br \/>(-13 for losing)\n|raw|OPieceOfHeroGhost's rating: 1550 &rarr; <strong>1563<\/strong><br \/>(+13 for winning)\n|l|\u2606oberon100\n","uploadtime":1700882499,"views":5,"p1id":"oberon100","p2id":"opieceofheroghost","formatid":"gen9doublesou","rating":1413,"private":0,"password":""}