{"id":"gen9doublesou-1999362635","p1":"Dreballin3x","p2":"Jgarza174","format":"[Gen 9] Doubles OU","log":"|j|\u2606Dreballin3x\n|j|\u2606Jgarza174\n|t:|1701067034\n|gametype|doubles\n|player|p1|Dreballin3x|marshal|1330\n|player|p2|Jgarza174|cynthia-gen4|1286\n|teamsize|p1|6\n|teamsize|p2|6\n|gen|9\n|tier|[Gen 9] Doubles OU\n|rated|\n|rule|Species Clause: Limit one of each Pok\u00e9mon\n|rule|OHKO Clause: OHKO moves are banned\n|rule|Evasion Moves Clause: Evasion moves are banned\n|rule|Gravity Sleep Clause: The combination of sleep-inducing moves with imperfect accuracy and Gravity or Gigantamax Orbeetle are banned\n|rule|Endless Battle Clause: Forcing endless battles is banned\n|rule|HP Percentage Mod: HP is shown in percentages\n|clearpoke\n|poke|p1|Tinkaton, F|\n|poke|p1|Tornadus, M|\n|poke|p1|Heatran, F|\n|poke|p1|Torkoal, M|\n|poke|p1|Chi-Yu|\n|poke|p1|Maushold|\n|poke|p2|Roaring Moon|\n|poke|p2|Sylveon, F|\n|poke|p2|Flutter Mane|\n|poke|p2|Kingambit, M|\n|poke|p2|Milotic, M|\n|poke|p2|Ogerpon-Hearthflame, F|\n|teampreview\n|\n|t:|1701067050\n|start\n|switch|p1a: Tinkaton|Tinkaton, F, shiny|100\/100\n|switch|p1b: Tornadus|Tornadus, M|100\/100\n|switch|p2a: Ogerpon|Ogerpon-Hearthflame, F|100\/100\n|switch|p2b: Milotic|Milotic, M|100\/100\n|-ability|p2a: Ogerpon|Mold Breaker\n|turn|1\n|\n|t:|1701067074\n|-terastallize|p2a: Ogerpon|Fire\n|detailschange|p2a: Ogerpon|Ogerpon-Hearthflame-Tera, F, tera:Fire\n|-ability|p2a: Ogerpon|Embody Aspect (Hearthflame)|boost\n|-boost|p2a: Ogerpon|atk|1\n|move|p1a: Tinkaton|Fake Out|p2a: Ogerpon\n|-damage|p2a: Ogerpon|86\/100\n|move|p1b: Tornadus|Tailwind|p1b: Tornadus\n|-sidestart|p1: Dreballin3x|move: Tailwind\n|cant|p2a: Ogerpon|flinch\n|move|p2b: Milotic|Ice Beam|p1b: Tornadus\n|-supereffective|p1b: Tornadus\n|-damage|p1b: Tornadus|66\/100\n|\n|upkeep\n|turn|2\n|\n|t:|1701067105\n|-terastallize|p1a: Tinkaton|Steel\n|move|p1b: Tornadus|Swagger|p1a: Tinkaton\n|-boost|p1a: Tinkaton|atk|2\n|-immune|p1a: Tinkaton|confusion|[from] ability: Own Tempo\n|move|p1a: Tinkaton|Gigaton Hammer|p2a: Ogerpon\n|-resisted|p2a: Ogerpon\n|-damage|p2a: Ogerpon|0 fnt\n|faint|p2a: Ogerpon\n|move|p2b: Milotic|Ice Beam|p1b: Tornadus\n|-supereffective|p1b: Tornadus\n|-damage|p1b: Tornadus|26\/100\n|\n|upkeep\n|\n|t:|1701067119\n|switch|p2a: Sylveon|Sylveon, F|100\/100\n|turn|3\n|\n|t:|1701067131\n|switch|p1b: Maushold|Maushold|100\/100\n|move|p2b: Milotic|Helping Hand|p2a: Sylveon\n|-singleturn|p2a: Sylveon|Helping Hand|[of] p2b: Milotic\n|move|p1a: Tinkaton|Protect|p1a: Tinkaton\n|-singleturn|p1a: Tinkaton|Protect\n|move|p2a: Sylveon|Hyper Voice|p1b: Maushold|[spread] p1b\n|-activate|p1a: Tinkaton|move: Protect\n|-enditem|p1b: Maushold|Focus Sash\n|-damage|p1b: Maushold|1\/100\n|\n|upkeep\n|turn|4\n|\n|t:|1701067152\n|move|p1b: Maushold|Helping Hand|p1a: Tinkaton\n|-singleturn|p1a: Tinkaton|Helping Hand|[of] p1b: Maushold\n|move|p2b: Milotic|Helping Hand|p2a: Sylveon\n|-singleturn|p2a: Sylveon|Helping Hand|[of] p2b: Milotic\n|move|p1a: Tinkaton|Gigaton Hammer|p2b: Milotic\n|-resisted|p2b: Milotic\n|-damage|p2b: Milotic|0 fnt\n|faint|p2b: Milotic\n|move|p2a: Sylveon|Hyper Voice|p1a: Tinkaton|[spread] p1a,p1b\n|-resisted|p1a: Tinkaton\n|-damage|p1a: Tinkaton|65\/100\n|-damage|p1b: Maushold|0 fnt\n|faint|p1b: Maushold\n|\n|-sideend|p1: Dreballin3x|move: Tailwind\n|upkeep\n|\n|t:|1701067185\n|switch|p1b: Tornadus|Tornadus, M|26\/100\n|switch|p2b: Roaring Moon|Roaring Moon|100\/100\n|-enditem|p2b: Roaring Moon|Booster Energy\n|-activate|p2b: Roaring Moon|ability: Protosynthesis|[fromitem]\n|-start|p2b: Roaring Moon|protosynthesisatk\n|turn|5\n|\n|t:|1701067198\n|move|p2b: Roaring Moon|Protect|p2b: Roaring Moon\n|-singleturn|p2b: Roaring Moon|Protect\n|move|p1a: Tinkaton|Protect|p1a: Tinkaton\n|-singleturn|p1a: Tinkaton|Protect\n|move|p1b: Tornadus|Tailwind|p1b: Tornadus\n|-sidestart|p1: Dreballin3x|move: Tailwind\n|move|p2a: Sylveon|Hyper Voice|p1b: Tornadus|[spread] p1b\n|-activate|p1a: Tinkaton|move: Protect\n|-damage|p1b: Tornadus|0 fnt\n|faint|p1b: Tornadus\n|\n|upkeep\n|\n|t:|1701067213\n|switch|p1b: Heatran|Heatran, F|100\/100\n|turn|6\n|\n|t:|1701067223\n|move|p1a: Tinkaton|Gigaton Hammer|p2b: Roaring Moon\n|-damage|p2b: Roaring Moon|0 fnt\n|faint|p2b: Roaring Moon\n|-end|p2b: Roaring Moon|Protosynthesis|[silent]\n|move|p1b: Heatran|Steel Beam|p2a: Sylveon\n|-supereffective|p2a: Sylveon\n|-damage|p2a: Sylveon|0 fnt\n|-damage|p1b: Heatran|50\/100|[from] steelbeam\n|faint|p2a: Sylveon\n|\n|upkeep\n|\n|t:|1701067235\n|switch|p2b: Kingambit|Kingambit, M|100\/100\n|switch|p2a: Flutter Mane|Flutter Mane, shiny|100\/100\n|-activate|p2b: Kingambit|ability: Supreme Overlord\n|-start|p2b: Kingambit|fallen4|[silent]\n|turn|7\n|\n|t:|1701067251\n|move|p1a: Tinkaton|Protect|p1a: Tinkaton\n|-singleturn|p1a: Tinkaton|Protect\n|move|p2b: Kingambit|Sucker Punch|p1b: Heatran\n|-damage|p1b: Heatran|0 fnt\n|faint|p1b: Heatran\n|move|p2a: Flutter Mane|Shadow Ball|p1a: Tinkaton\n|-activate|p1a: Tinkaton|move: Protect\n|\n|upkeep\n|\n|t:|1701067265\n|switch|p1b: Torkoal|Torkoal, M|100\/100\n|-weather|SunnyDay|[from] ability: Drought|[of] p1b: Torkoal\n|-activate|p2a: Flutter Mane|ability: Protosynthesis\n|-start|p2a: Flutter Mane|protosynthesisspa\n|turn|8\n|\n|t:|1701067281\n|move|p2b: Kingambit|Sucker Punch|p1a: Tinkaton\n|-damage|p1a: Tinkaton|0 fnt\n|faint|p1a: Tinkaton\n|move|p2a: Flutter Mane|Shadow Ball|p1b: Torkoal\n|-damage|p1b: Torkoal|0 fnt\n|faint|p1b: Torkoal\n|\n|-weather|SunnyDay|[upkeep]\n|-sideend|p1: Dreballin3x|move: Tailwind\n|upkeep\n|\n|t:|1701067285\n|switch|p1a: Chi-Yu|Chi-Yu|100\/100\n|-ability|p1a: Chi-Yu|Beads of Ruin\n|turn|9\n|\n|t:|1701067297\n|move|p2b: Kingambit|Sucker Punch|p1a: Chi-Yu\n|-resisted|p1a: Chi-Yu\n|-damage|p1a: Chi-Yu|55\/100\n|move|p2a: Flutter Mane|Shadow Ball|p1a: Chi-Yu\n|-resisted|p1a: Chi-Yu\n|-damage|p1a: Chi-Yu|31\/100\n|move|p1a: Chi-Yu|Overheat|p2a: Flutter Mane\n|-damage|p2a: Flutter Mane|0 fnt\n|-unboost|p1a: Chi-Yu|spa|2\n|faint|p2a: Flutter Mane\n|-end|p2a: Flutter Mane|Protosynthesis|[silent]\n|\n|-weather|SunnyDay|[upkeep]\n|upkeep\n|turn|10\n|\n|t:|1701067312\n|move|p2b: Kingambit|Sucker Punch|p1a: Chi-Yu\n|-resisted|p1a: Chi-Yu\n|-damage|p1a: Chi-Yu|0 fnt\n|faint|p1a: Chi-Yu\n|\n|win|Jgarza174\n|raw|Dreballin3x's rating: 1330 &rarr; <strong>1307<\/strong><br \/>(-23 for losing)\n|raw|Jgarza174's rating: 1286 &rarr; <strong>1314<\/strong><br \/>(+28 for winning)\n|c|\u2606Dreballin3x|Gg\n|l|\u2606Jgarza174\n|l|\u2606Dreballin3x\n|j|\u2606Dreballin3x\n|player|p1|Dreballin3x|marshal\n","uploadtime":1701067334,"views":41,"p1id":"dreballin3x","p2id":"jgarza174","formatid":"gen9doublesou","rating":1307,"private":0,"password":""}