{"id":"gen9doublesou-1998494689","p1":"ContinuumXIV","p2":"GraepFlavoredSoda1","format":"[Gen 9] Doubles OU","log":"|j|\u2606ContinuumXIV\n|j|\u2606GraepFlavoredSoda1\n|t:|1700948722\n|gametype|doubles\n|player|p1|ContinuumXIV|dahlia|1316\n|player|p2|GraepFlavoredSoda1|grimsley-masters|1232\n|teamsize|p1|6\n|teamsize|p2|6\n|gen|9\n|tier|[Gen 9] Doubles OU\n|rated|\n|rule|Species Clause: Limit one of each Pok\u00e9mon\n|rule|OHKO Clause: OHKO moves are banned\n|rule|Evasion Moves Clause: Evasion moves are banned\n|rule|Gravity Sleep Clause: The combination of sleep-inducing moves with imperfect accuracy and Gravity or Gigantamax Orbeetle are banned\n|rule|Endless Battle Clause: Forcing endless battles is banned\n|rule|HP Percentage Mod: HP is shown in percentages\n|clearpoke\n|poke|p1|Dragonite, F|\n|poke|p1|Arcanine, F|\n|poke|p1|Gastrodon-East, F|\n|poke|p1|Grimmsnarl, M|\n|poke|p1|Corviknight, F|\n|poke|p1|Garganacl, F|\n|poke|p2|Ursaluna-Bloodmoon, M|\n|poke|p2|Cresselia, F|\n|poke|p2|Clefairy, F|\n|poke|p2|Sinistcha|\n|poke|p2|Kingambit, F|\n|poke|p2|Iron Hands|\n|teampreview\n|inactive|Battle timer is ON: inactive players will automatically lose when time's up. (requested by GraepFlavoredSoda1)\n|inactive|ContinuumXIV also wants the timer to be on.\n|\n|t:|1700948727\n|start\n|switch|p1a: Grimmsnarl|Grimmsnarl, M|100\/100\n|switch|p1b: Arcanine|Arcanine, F|100\/100\n|switch|p2a: Ursaluna|Ursaluna-Bloodmoon, M|100\/100\n|switch|p2b: Cresselia|Cresselia, F|100\/100\n|-ability|p1b: Arcanine|Intimidate|boost\n|-unboost|p2a: Ursaluna|atk|1\n|-unboost|p2b: Cresselia|atk|1\n|turn|1\n|\n|t:|1700948743\n|move|p1a: Grimmsnarl|Fake Out|p2b: Cresselia\n|-damage|p2b: Cresselia|93\/100\n|move|p1b: Arcanine|Snarl|p2b: Cresselia|[spread] p2a,p2b\n|-supereffective|p2b: Cresselia\n|-damage|p2a: Ursaluna|93\/100\n|-damage|p2b: Cresselia|85\/100\n|-unboost|p2a: Ursaluna|spa|1\n|-unboost|p2b: Cresselia|spa|1\n|move|p2a: Ursaluna|Calm Mind|p2a: Ursaluna\n|-boost|p2a: Ursaluna|spa|1\n|-boost|p2a: Ursaluna|spd|1\n|cant|p2b: Cresselia|flinch\n|\n|upkeep\n|turn|2\n|\n|t:|1700948759\n|move|p2a: Ursaluna|Protect|p2a: Ursaluna\n|-singleturn|p2a: Ursaluna|Protect\n|move|p1a: Grimmsnarl|Light Screen|p1a: Grimmsnarl\n|-sidestart|p1: ContinuumXIV|move: Light Screen\n|move|p1b: Arcanine|Snarl|p2a: Ursaluna|[spread] p2b\n|-activate|p2a: Ursaluna|move: Protect\n|-supereffective|p2b: Cresselia\n|-damage|p2b: Cresselia|75\/100\n|-unboost|p2b: Cresselia|spa|1\n|move|p2b: Cresselia|Trick Room|p2b: Cresselia\n|-fieldstart|move: Trick Room|[of] p2b: Cresselia\n|\n|upkeep\n|turn|3\n|\n|t:|1700948776\n|switch|p2b: Clefairy|Clefairy, F|100\/100\n|move|p1b: Arcanine|Protect|p1b: Arcanine\n|-singleturn|p1b: Arcanine|Protect\n|move|p2a: Ursaluna|Hyper Voice|p1b: Arcanine|[spread] p1a\n|-activate|p1b: Arcanine|move: Protect\n|-damage|p1a: Grimmsnarl|79\/100\n|-enditem|p2a: Ursaluna|Throat Spray\n|-boost|p2a: Ursaluna|spa|1|[from] item: Throat Spray\n|move|p1a: Grimmsnarl|Spirit Break|p2a: Ursaluna\n|-damage|p2a: Ursaluna|76\/100\n|-unboost|p2a: Ursaluna|spa|1\n|\n|upkeep\n|turn|4\n|\n|t:|1700948802\n|move|p2b: Clefairy|Follow Me|p2b: Clefairy\n|-singleturn|p2b: Clefairy|move: Follow Me\n|move|p1a: Grimmsnarl|Reflect|p1a: Grimmsnarl\n|-sidestart|p1: ContinuumXIV|Reflect\n|move|p2a: Ursaluna|Hyper Voice|p1a: Grimmsnarl|[spread] p1a,p1b\n|-damage|p1a: Grimmsnarl|58\/100\n|-damage|p1b: Arcanine|72\/100\n|move|p1b: Arcanine|Snarl|p2b: Clefairy|[spread] p2a\n|-miss|p1b: Arcanine|p2b: Clefairy\n|-damage|p2a: Ursaluna|72\/100\n|-unboost|p2a: Ursaluna|spa|1\n|\n|upkeep\n|turn|5\n|\n|t:|1700948819\n|move|p2b: Clefairy|Helping Hand|p2a: Ursaluna\n|-singleturn|p2a: Ursaluna|Helping Hand|[of] p2b: Clefairy\n|move|p2a: Ursaluna|Hyper Voice|p1b: Arcanine|[spread] p1a,p1b\n|-damage|p1a: Grimmsnarl|35\/100\n|-damage|p1b: Arcanine|43\/100\n|-enditem|p1b: Arcanine|Sitrus Berry|[eat]\n|-heal|p1b: Arcanine|68\/100|[from] item: Sitrus Berry\n|move|p1a: Grimmsnarl|Spirit Break|p2b: Clefairy\n|-damage|p2b: Clefairy|65\/100\n|-unboost|p2b: Clefairy|spa|1\n|move|p1b: Arcanine|Flare Blitz|p2b: Clefairy\n|-damage|p2b: Clefairy|15\/100\n|-damage|p1b: Arcanine|53\/100|[from] Recoil\n|\n|upkeep\n|turn|6\n|\n|t:|1700948840\n|move|p1b: Arcanine|Protect|p1b: Arcanine\n|-singleturn|p1b: Arcanine|Protect\n|move|p2b: Clefairy|Follow Me|p2b: Clefairy\n|-singleturn|p2b: Clefairy|move: Follow Me\n|move|p2a: Ursaluna|Calm Mind|p2a: Ursaluna\n|-boost|p2a: Ursaluna|spa|1\n|-boost|p2a: Ursaluna|spd|1\n|move|p1a: Grimmsnarl|Spirit Break|p2b: Clefairy\n|-damage|p2b: Clefairy|0 fnt\n|faint|p2b: Clefairy\n|\n|-fieldend|move: Trick Room\n|upkeep\n|\n|t:|1700948847\n|switch|p2b: Cresselia|Cresselia, F|75\/100\n|turn|7\n|\n|t:|1700948864\n|move|p2a: Ursaluna|Protect|p2a: Ursaluna\n|-singleturn|p2a: Ursaluna|Protect\n|move|p1b: Arcanine|Snarl|p2a: Ursaluna|[spread] p2b\n|-activate|p2a: Ursaluna|move: Protect\n|-supereffective|p2b: Cresselia\n|-damage|p2b: Cresselia|66\/100\n|-unboost|p2b: Cresselia|spa|1\n|move|p1a: Grimmsnarl|Spirit Break|p2a: Ursaluna\n|-activate|p2a: Ursaluna|move: Protect\n|move|p2b: Cresselia|Trick Room|p2b: Cresselia\n|-fieldstart|move: Trick Room|[of] p2b: Cresselia\n|\n|upkeep\n|turn|8\n|\n|t:|1700948894\n|move|p2a: Ursaluna|Hyper Voice|p1b: Arcanine|[spread] p1a,p1b\n|-damage|p1a: Grimmsnarl|12\/100\n|-damage|p1b: Arcanine|24\/100\n|move|p2b: Cresselia|Psychic|p1b: Arcanine\n|-damage|p1b: Arcanine|12\/100\n|move|p1a: Grimmsnarl|Spirit Break|p2a: Ursaluna\n|-damage|p2a: Ursaluna|50\/100\n|-unboost|p2a: Ursaluna|spa|1\n|move|p1b: Arcanine|Snarl|p2b: Cresselia|[spread] p2a,p2b\n|-supereffective|p2b: Cresselia\n|-damage|p2a: Ursaluna|46\/100\n|-damage|p2b: Cresselia|58\/100\n|-unboost|p2a: Ursaluna|spa|1\n|-unboost|p2b: Cresselia|spa|1\n|\n|upkeep\n|turn|9\n|\n|t:|1700948913\n|move|p1b: Arcanine|Protect|p1b: Arcanine\n|-singleturn|p1b: Arcanine|Protect\n|move|p2a: Ursaluna|Hyper Voice|p1a: Grimmsnarl|[spread] p1a\n|-activate|p1b: Arcanine|move: Protect\n|-damage|p1a: Grimmsnarl|1\/100\n|move|p2b: Cresselia|Lunar Blessing|p2b: Cresselia|[spread] p2a,p2b\n|-heal|p2a: Ursaluna|71\/100\n|-heal|p2b: Cresselia|83\/100\n|move|p1a: Grimmsnarl|Spirit Break|p2a: Ursaluna\n|-damage|p2a: Ursaluna|47\/100\n|-unboost|p2a: Ursaluna|spa|1\n|\n|-sideend|p1: ContinuumXIV|move: Light Screen\n|upkeep\n|turn|10\n|\n|t:|1700948933\n|move|p2a: Ursaluna|Hyper Voice|p1b: Arcanine|[spread] p1a,p1b\n|-damage|p1a: Grimmsnarl|0 fnt\n|-damage|p1b: Arcanine|0 fnt\n|faint|p1a: Grimmsnarl\n|faint|p1b: Arcanine\n|move|p2b: Cresselia|Psychic|p1: Grimmsnarl|[notarget]\n|-fail|p2b: Cresselia\n|\n|upkeep\n|\n|t:|1700948943\n|switch|p1a: Gastrodon|Gastrodon-East, F|100\/100\n|switch|p1b: Garganacl|Garganacl, F|100\/100\n|turn|11\n|\n|t:|1700948964\n|switch|p2a: Iron Hands|Iron Hands|100\/100\n|-terastallize|p1b: Garganacl|Ghost\n|move|p1b: Garganacl|Wide Guard|p1b: Garganacl\n|-singleturn|p1b: Garganacl|Wide Guard\n|move|p1a: Gastrodon|Muddy Water|p2b: Cresselia|[spread] p2a,p2b\n|-damage|p2a: Iron Hands|86\/100\n|-damage|p2b: Cresselia|67\/100\n|move|p2b: Cresselia|Lunar Blessing|p2b: Cresselia|[spread] p2a,p2b\n|-heal|p2a: Iron Hands|100\/100\n|-heal|p2b: Cresselia|92\/100\n|\n|-sideend|p1: ContinuumXIV|Reflect\n|-fieldend|move: Trick Room\n|upkeep\n|turn|12\n|\n|t:|1700948983\n|move|p2a: Iron Hands|Wild Charge|p1b: Garganacl\n|-damage|p1b: Garganacl|72\/100\n|-damage|p2a: Iron Hands|94\/100|[from] Recoil\n|move|p1a: Gastrodon|Earth Power|p2a: Iron Hands\n|-supereffective|p2a: Iron Hands\n|-damage|p2a: Iron Hands|58\/100\n|move|p1b: Garganacl|Salt Cure|p2b: Cresselia\n|-damage|p2b: Cresselia|83\/100\n|-start|p2b: Cresselia|Salt Cure\n|move|p2b: Cresselia|Trick Room|p2b: Cresselia\n|-fieldstart|move: Trick Room|[of] p2b: Cresselia\n|\n|-heal|p1b: Garganacl|78\/100|[from] item: Leftovers\n|-damage|p2b: Cresselia|71\/100|[from] Salt Cure\n|upkeep\n|turn|13\n|inactive|GraepFlavoredSoda1 has 120 seconds left.\n|\n|t:|1700949014\n|-end|p2a: Iron Hands|Quark Drive|[silent]\n|switch|p2a: Ursaluna|Ursaluna-Bloodmoon, M|47\/100\n|move|p1b: Garganacl|Protect|p1b: Garganacl\n|-singleturn|p1b: Garganacl|Protect\n|move|p1a: Gastrodon|Earth Power|p2a: Ursaluna\n|-damage|p2a: Ursaluna|9\/100\n|move|p2b: Cresselia|Lunar Blessing|p2b: Cresselia|[spread] p2a,p2b\n|-heal|p2a: Ursaluna|34\/100\n|-heal|p2b: Cresselia|96\/100\n|\n|-heal|p1b: Garganacl|84\/100|[from] item: Leftovers\n|-damage|p2b: Cresselia|83\/100|[from] Salt Cure\n|upkeep\n|turn|14\n|\n|t:|1700949036\n|switch|p2b: Sinistcha|Sinistcha|100\/100\n|-heal|p2a: Ursaluna|59\/100|[from] ability: Hospitality|[of] p2b: Sinistcha\n|move|p1b: Garganacl|Wide Guard|p1b: Garganacl\n|-singleturn|p1b: Garganacl|Wide Guard\n|move|p2a: Ursaluna|Calm Mind|p2a: Ursaluna\n|-boost|p2a: Ursaluna|spa|1\n|-boost|p2a: Ursaluna|spd|1\n|move|p1a: Gastrodon|Muddy Water|p2b: Sinistcha|[spread] p2a\n|-miss|p1a: Gastrodon|p2b: Sinistcha\n|-supereffective|p2a: Ursaluna\n|-damage|p2a: Ursaluna|25\/100\n|\n|-heal|p1b: Garganacl|90\/100|[from] item: Leftovers\n|upkeep\n|turn|15\n|\n|t:|1700949058\n|move|p1b: Garganacl|Wide Guard|p1b: Garganacl\n|-singleturn|p1b: Garganacl|Wide Guard\n|move|p2a: Ursaluna|Earth Power|p1b: Garganacl\n|-damage|p1b: Garganacl|36\/100\n|move|p1a: Gastrodon|Muddy Water|p2a: Ursaluna|[spread] p2a,p2b\n|-supereffective|p2a: Ursaluna\n|-resisted|p2b: Sinistcha\n|-damage|p2a: Ursaluna|0 fnt\n|-damage|p2b: Sinistcha|83\/100\n|faint|p2a: Ursaluna\n|move|p2b: Sinistcha|Matcha Gotcha|p1a: Gastrodon|[spread] \n|-activate|p1a: Gastrodon|move: Wide Guard\n|-activate|p1b: Garganacl|move: Wide Guard\n|\n|-heal|p1b: Garganacl|42\/100|[from] item: Leftovers\n|-heal|p2b: Sinistcha|89\/100|[from] item: Leftovers\n|upkeep\n|\n|t:|1700949076\n|switch|p2a: Cresselia|Cresselia, F|83\/100\n|turn|16\n|\n|t:|1700949088\n|switch|p1a: Corviknight|Corviknight, F|100\/100\n|move|p1b: Garganacl|Recover|p1b: Garganacl\n|-heal|p1b: Garganacl|92\/100\n|move|p2a: Cresselia|Psychic|p1b: Garganacl\n|-damage|p1b: Garganacl|74\/100\n|move|p2b: Sinistcha|Matcha Gotcha|p1b: Garganacl|[spread] p1a,p1b\n|-resisted|p1a: Corviknight\n|-damage|p1a: Corviknight|96\/100\n|-heal|p2b: Sinistcha|92\/100|[from] drain|[of] p1a: Corviknight\n|-damage|p1b: Garganacl|54\/100\n|-heal|p2b: Sinistcha|100\/100|[from] drain|[of] p1b: Garganacl\n|\n|-heal|p1b: Garganacl|60\/100|[from] item: Leftovers\n|-fieldend|move: Trick Room\n|upkeep\n|turn|17\n|\n|t:|1700949109\n|switch|p2a: Iron Hands|Iron Hands|58\/100\n|move|p1b: Garganacl|Wide Guard|p1b: Garganacl\n|-singleturn|p1b: Garganacl|Wide Guard\n|move|p1a: Corviknight|Brave Bird|p2b: Sinistcha\n|-supereffective|p2b: Sinistcha\n|-damage|p2b: Sinistcha|49\/100\n|-damage|p1a: Corviknight|81\/100|[from] Recoil\n|move|p2b: Sinistcha|Trick Room|p2b: Sinistcha\n|-fieldstart|move: Trick Room|[of] p2b: Sinistcha\n|\n|-heal|p1b: Garganacl|67\/100|[from] item: Leftovers\n|-heal|p2b: Sinistcha|55\/100|[from] item: Leftovers\n|upkeep\n|turn|18\n|\n|t:|1700949131\n|switch|p2b: Cresselia|Cresselia, F|83\/100\n|move|p1b: Garganacl|Salt Cure|p2b: Cresselia\n|-damage|p2b: Cresselia|74\/100\n|-start|p2b: Cresselia|Salt Cure\n|move|p2a: Iron Hands|Close Combat|p1a: Corviknight\n|-damage|p1a: Corviknight|43\/100\n|-unboost|p2a: Iron Hands|def|1\n|-unboost|p2a: Iron Hands|spd|1\n|move|p1a: Corviknight|Brave Bird|p2b: Cresselia\n|-crit|p2b: Cresselia\n|-damage|p2b: Cresselia|39\/100\n|-damage|p1a: Corviknight|31\/100|[from] Recoil\n|\n|-heal|p1b: Garganacl|73\/100|[from] item: Leftovers\n|-damage|p2b: Cresselia|26\/100|[from] Salt Cure\n|upkeep\n|turn|19\n|\n|t:|1700949152\n|move|p1b: Garganacl|Salt Cure|p2a: Iron Hands\n|-resisted|p2a: Iron Hands\n|-damage|p2a: Iron Hands|50\/100\n|-start|p2a: Iron Hands|Salt Cure\n|move|p2a: Iron Hands|Wild Charge|p1a: Corviknight\n|-supereffective|p1a: Corviknight\n|-damage|p1a: Corviknight|0 fnt\n|faint|p1a: Corviknight\n|-damage|p2a: Iron Hands|43\/100|[from] Recoil\n|move|p2b: Cresselia|Lunar Blessing|p2b: Cresselia|[spread] p2a,p2b\n|-heal|p2a: Iron Hands|68\/100\n|-heal|p2b: Cresselia|51\/100\n|\n|-heal|p1b: Garganacl|79\/100|[from] item: Leftovers\n|-damage|p2a: Iron Hands|56\/100|[from] Salt Cure\n|-damage|p2b: Cresselia|39\/100|[from] Salt Cure\n|upkeep\n|inactive|ContinuumXIV has 120 seconds left.\n|\n|t:|1700949168\n|switch|p1a: Gastrodon|Gastrodon-East, F|100\/100\n|turn|20\n|\n|t:|1700949185\n|-end|p2a: Iron Hands|Quark Drive|[silent]\n|switch|p2a: Sinistcha|Sinistcha|55\/100\n|-heal|p2b: Cresselia|64\/100|[from] ability: Hospitality|[of] p2a: Sinistcha\n|move|p1b: Garganacl|Protect|p1b: Garganacl\n|-singleturn|p1b: Garganacl|Protect\n|move|p1a: Gastrodon|Earth Power|p2a: Sinistcha\n|-resisted|p2a: Sinistcha\n|-damage|p2a: Sinistcha|33\/100\n|move|p2b: Cresselia|Lunar Blessing|p2b: Cresselia|[spread] p2a,p2b\n|-heal|p2a: Sinistcha|58\/100\n|-heal|p2b: Cresselia|89\/100\n|\n|-heal|p1b: Garganacl|85\/100|[from] item: Leftovers\n|-heal|p2a: Sinistcha|64\/100|[from] item: Leftovers\n|-damage|p2b: Cresselia|76\/100|[from] Salt Cure\n|upkeep\n|turn|21\n|\n|t:|1700949207\n|switch|p2b: Kingambit|Kingambit, F|100\/100\n|-activate|p2b: Kingambit|ability: Supreme Overlord\n|-start|p2b: Kingambit|fallen2|[silent]\n|move|p1a: Gastrodon|Protect|p1a: Gastrodon\n|-singleturn|p1a: Gastrodon|Protect\n|move|p1b: Garganacl|Wide Guard|p1b: Garganacl\n|-singleturn|p1b: Garganacl|Wide Guard\n|move|p2a: Sinistcha|Matcha Gotcha|p1b: Garganacl|[spread] \n|-activate|p1a: Gastrodon|move: Wide Guard\n|-activate|p1b: Garganacl|move: Wide Guard\n|\n|-heal|p1b: Garganacl|91\/100|[from] item: Leftovers\n|-heal|p2a: Sinistcha|71\/100|[from] item: Leftovers\n|-fieldend|move: Trick Room\n|upkeep\n|turn|22\n|\n|t:|1700949228\n|move|p1b: Garganacl|Wide Guard|p1b: Garganacl\n|-singleturn|p1b: Garganacl|Wide Guard\n|move|p2a: Sinistcha|Matcha Gotcha|p1b: Garganacl|[spread] \n|-activate|p1a: Gastrodon|move: Wide Guard\n|-activate|p1b: Garganacl|move: Wide Guard\n|move|p1a: Gastrodon|Earth Power|p2b: Kingambit\n|-supereffective|p2b: Kingambit\n|-crit|p2b: Kingambit\n|-damage|p2b: Kingambit|0 fnt\n|faint|p2b: Kingambit\n|-end|p2b: Kingambit|fallen2|[silent]\n|\n|-heal|p2a: Sinistcha|77\/100|[from] item: Leftovers\n|-heal|p1b: Garganacl|98\/100|[from] item: Leftovers\n|upkeep\n|\n|t:|1700949239\n|switch|p2b: Iron Hands|Iron Hands|56\/100\n|turn|23\n|\n|t:|1700949251\n|move|p2b: Iron Hands|Fake Out|p1a: Gastrodon\n|-damage|p1a: Gastrodon|87\/100\n|move|p1b: Garganacl|Wide Guard|p1b: Garganacl\n|-singleturn|p1b: Garganacl|Wide Guard\n|move|p1a: Gastrodon|Earth Power|p2b: Iron Hands\n|-supereffective|p2b: Iron Hands\n|-damage|p2b: Iron Hands|21\/100\n|move|p2a: Sinistcha|Trick Room|p2a: Sinistcha\n|-fieldstart|move: Trick Room|[of] p2a: Sinistcha\n|\n|-heal|p1b: Garganacl|100\/100|[from] item: Leftovers\n|-heal|p2a: Sinistcha|83\/100|[from] item: Leftovers\n|upkeep\n|turn|24\n|\n|t:|1700949268\n|-end|p2b: Iron Hands|Quark Drive|[silent]\n|switch|p2b: Cresselia|Cresselia, F|76\/100\n|move|p1b: Garganacl|Wide Guard|p1b: Garganacl\n|-singleturn|p1b: Garganacl|Wide Guard\n|move|p1a: Gastrodon|Earth Power|p2b: Cresselia\n|-immune|p2b: Cresselia|[from] ability: Levitate\n|move|p2a: Sinistcha|Matcha Gotcha|p1b: Garganacl|[spread] \n|-activate|p1a: Gastrodon|move: Wide Guard\n|-activate|p1b: Garganacl|move: Wide Guard\n|\n|-heal|p2a: Sinistcha|89\/100|[from] item: Leftovers\n|upkeep\n|turn|25\n|inactive|ContinuumXIV has 120 seconds left.\n|\n|t:|1700949305\n|move|p1a: Gastrodon|Protect|p1a: Gastrodon\n|-singleturn|p1a: Gastrodon|Protect\n|move|p1b: Garganacl|Salt Cure|p2a: Sinistcha\n|-damage|p2a: Sinistcha|79\/100\n|-start|p2a: Sinistcha|Salt Cure\n|move|p2b: Cresselia|Psychic|p1b: Garganacl\n|-damage|p1b: Garganacl|83\/100\n|move|p2a: Sinistcha|Matcha Gotcha|p1a: Gastrodon|[spread] p1b\n|-activate|p1a: Gastrodon|move: Protect\n|-damage|p1b: Garganacl|66\/100\n|-heal|p2a: Sinistcha|89\/100|[from] drain|[of] p1b: Garganacl\n|\n|-heal|p1b: Garganacl|72\/100|[from] item: Leftovers\n|-heal|p2a: Sinistcha|95\/100|[from] item: Leftovers\n|-damage|p2a: Sinistcha|83\/100|[from] Salt Cure\n|upkeep\n|turn|26\n|inactive|ContinuumXIV has 120 seconds left.\n|\n|t:|1700949327\n|move|p1b: Garganacl|Wide Guard|p1b: Garganacl\n|-singleturn|p1b: Garganacl|Wide Guard\n|move|p1a: Gastrodon|Earth Power|p2a: Sinistcha\n|-resisted|p2a: Sinistcha\n|-damage|p2a: Sinistcha|61\/100\n|move|p2b: Cresselia|Psychic|p1b: Garganacl\n|-damage|p1b: Garganacl|53\/100\n|move|p2a: Sinistcha|Matcha Gotcha|p1a: Gastrodon|[spread] \n|-activate|p1a: Gastrodon|move: Wide Guard\n|-activate|p1b: Garganacl|move: Wide Guard\n|\n|-heal|p1b: Garganacl|59\/100|[from] item: Leftovers\n|-heal|p2a: Sinistcha|67\/100|[from] item: Leftovers\n|-damage|p2a: Sinistcha|54\/100|[from] Salt Cure\n|upkeep\n|turn|27\n|\n|t:|1700949351\n|move|p1b: Garganacl|Wide Guard|p1b: Garganacl\n|-singleturn|p1b: Garganacl|Wide Guard\n|move|p1a: Gastrodon|Muddy Water|p2b: Cresselia|[spread] p2a,p2b\n|-resisted|p2a: Sinistcha\n|-crit|p2a: Sinistcha\n|-damage|p2a: Sinistcha|29\/100\n|-damage|p2b: Cresselia|62\/100\n|move|p2b: Cresselia|Psychic|p1b: Garganacl\n|-damage|p1b: Garganacl|42\/100\n|move|p2a: Sinistcha|Matcha Gotcha|p1b: Garganacl|[spread] \n|-activate|p1a: Gastrodon|move: Wide Guard\n|-activate|p1b: Garganacl|move: Wide Guard\n|\n|-heal|p1b: Garganacl|48\/100|[from] item: Leftovers\n|-heal|p2a: Sinistcha|35\/100|[from] item: Leftovers\n|-damage|p2a: Sinistcha|23\/100|[from] Salt Cure\n|-fieldend|move: Trick Room\n|upkeep\n|turn|28\n|\n|t:|1700949380\n|move|p1b: Garganacl|Wide Guard|p1b: Garganacl\n|-singleturn|p1b: Garganacl|Wide Guard\n|move|p2a: Sinistcha|Strength Sap|p1b: Garganacl\n|-unboost|p1b: Garganacl|atk|1\n|-heal|p2a: Sinistcha|92\/100\n|move|p1a: Gastrodon|Muddy Water|p2b: Cresselia|[spread] p2a,p2b\n|-resisted|p2a: Sinistcha\n|-damage|p2a: Sinistcha|76\/100\n|-damage|p2b: Cresselia|48\/100\n|move|p2b: Cresselia|Trick Room|p2b: Cresselia\n|-fieldstart|move: Trick Room|[of] p2b: Cresselia\n|\n|-heal|p1b: Garganacl|54\/100|[from] item: Leftovers\n|-heal|p2a: Sinistcha|83\/100|[from] item: Leftovers\n|-damage|p2a: Sinistcha|70\/100|[from] Salt Cure\n|upkeep\n|turn|29\n|\n|t:|1700949401\n|move|p1b: Garganacl|Salt Cure|p2b: Cresselia\n|-crit|p2b: Cresselia\n|-damage|p2b: Cresselia|35\/100\n|-start|p2b: Cresselia|Salt Cure\n|move|p1a: Gastrodon|Muddy Water|p2b: Cresselia|[spread] p2a,p2b\n|-resisted|p2a: Sinistcha\n|-damage|p2a: Sinistcha|54\/100\n|-damage|p2b: Cresselia|19\/100\n|-unboost|p2a: Sinistcha|accuracy|1\n|move|p2b: Cresselia|Psychic|p1b: Garganacl\n|-damage|p1b: Garganacl|37\/100\n|move|p2a: Sinistcha|Matcha Gotcha|p1b: Garganacl|[spread] p1a\n|-miss|p2a: Sinistcha|p1b: Garganacl\n|-supereffective|p1a: Gastrodon\n|-damage|p1a: Gastrodon|0 fnt\n|-heal|p2a: Sinistcha|100\/100|[from] drain|[of] p1a: Gastrodon\n|faint|p1a: Gastrodon\n|\n|-heal|p1b: Garganacl|43\/100|[from] item: Leftovers\n|-damage|p2b: Cresselia|7\/100|[from] Salt Cure\n|-damage|p2a: Sinistcha|88\/100|[from] Salt Cure\n|upkeep\n|inactive|ContinuumXIV has 120 seconds left.\n|\n|t:|1700949421\n|switch|p1a: Dragonite|Dragonite, F|100\/100\n|turn|30\n|\n|t:|1700949434\n|switch|p2b: Iron Hands|Iron Hands|21\/100\n|move|p1b: Garganacl|Wide Guard|p1b: Garganacl\n|-singleturn|p1b: Garganacl|Wide Guard\n|move|p2a: Sinistcha|Rage Powder|p2a: Sinistcha\n|-singleturn|p2a: Sinistcha|move: Rage Powder\n|move|p1a: Dragonite|Extreme Speed|p2a: Sinistcha\n|-immune|p2a: Sinistcha\n|\n|-heal|p1b: Garganacl|50\/100|[from] item: Leftovers\n|-heal|p2a: Sinistcha|94\/100|[from] item: Leftovers\n|-damage|p2a: Sinistcha|82\/100|[from] Salt Cure\n|upkeep\n|turn|31\n|\n|t:|1700949458\n|move|p1b: Garganacl|Wide Guard|p1b: Garganacl\n|-singleturn|p1b: Garganacl|Wide Guard\n|move|p2a: Sinistcha|Rage Powder|p2a: Sinistcha\n|-singleturn|p2a: Sinistcha|move: Rage Powder\n|move|p2b: Iron Hands|Ice Punch|p1a: Dragonite\n|-supereffective|p1a: Dragonite\n|-damage|p1a: Dragonite|40\/100\n|-enditem|p1a: Dragonite|Weakness Policy\n|-boost|p1a: Dragonite|atk|2|[from] item: Weakness Policy\n|-boost|p1a: Dragonite|spa|2|[from] item: Weakness Policy\n|move|p1a: Dragonite|Dragon Dance|p1a: Dragonite\n|-boost|p1a: Dragonite|atk|1\n|-boost|p1a: Dragonite|spe|1\n|\n|-heal|p1b: Garganacl|56\/100|[from] item: Leftovers\n|-heal|p2a: Sinistcha|88\/100|[from] item: Leftovers\n|-damage|p2a: Sinistcha|76\/100|[from] Salt Cure\n|upkeep\n|turn|32\n|\n|t:|1700949480\n|move|p2a: Sinistcha|Rage Powder|p2a: Sinistcha\n|-singleturn|p2a: Sinistcha|move: Rage Powder\n|move|p1b: Garganacl|Salt Cure|p2a: Sinistcha\n|-damage|p2a: Sinistcha|70\/100\n|move|p2b: Iron Hands|Ice Punch|p1a: Dragonite\n|-supereffective|p1a: Dragonite\n|-damage|p1a: Dragonite|0 fnt\n|faint|p1a: Dragonite\n|\n|-heal|p1b: Garganacl|62\/100|[from] item: Leftovers\n|-heal|p2a: Sinistcha|76\/100|[from] item: Leftovers\n|-damage|p2a: Sinistcha|64\/100|[from] Salt Cure\n|-fieldend|move: Trick Room\n|upkeep\n|turn|33\n|-message|ContinuumXIV forfeited.\n|\n|win|GraepFlavoredSoda1\n|raw|ContinuumXIV's rating: 1316 &rarr; <strong>1291<\/strong><br \/>(-25 for losing)\n|raw|GraepFlavoredSoda1's rating: 1232 &rarr; <strong>1263<\/strong><br \/>(+31 for winning)\n|l|\u2606ContinuumXIV\n|c|\u2606GraepFlavoredSoda1|gg\n","uploadtime":1700949500,"views":7,"p1id":"continuumxiv","p2id":"graepflavoredsoda1","formatid":"gen9doublesou","rating":1263,"private":0,"password":""}