{"id":"gen9doublesou-2000342405","p1":"MythAst","p2":"howfalcons","format":"[Gen 9] Doubles OU","log":"|j|\u2606MythAst\n|j|\u2606howfalcons\n|t:|1701186629\n|gametype|doubles\n|player|p1|MythAst|n-masters3|1536\n|player|p2|howfalcons|clown|1567\n|teamsize|p1|6\n|teamsize|p2|6\n|gen|9\n|tier|[Gen 9] Doubles OU\n|rated|\n|rule|Species Clause: Limit one of each Pok\u00e9mon\n|rule|OHKO Clause: OHKO moves are banned\n|rule|Evasion Moves Clause: Evasion moves are banned\n|rule|Gravity Sleep Clause: The combination of sleep-inducing moves with imperfect accuracy and Gravity or Gigantamax Orbeetle are banned\n|rule|Endless Battle Clause: Forcing endless battles is banned\n|rule|HP Percentage Mod: HP is shown in percentages\n|clearpoke\n|poke|p1|Tornadus, M|\n|poke|p1|Iron Hands|\n|poke|p1|Rillaboom, M|\n|poke|p1|Flutter Mane|\n|poke|p1|Ogerpon-Hearthflame, F|\n|poke|p1|Heatran, F|\n|poke|p2|Grimmsnarl, M|\n|poke|p2|Palafin, F|\n|poke|p2|Iron Hands|\n|poke|p2|Cresselia, F|\n|poke|p2|Rillaboom, M|\n|poke|p2|Heatran, M|\n|teampreview\n|inactive|Battle timer is ON: inactive players will automatically lose when time's up. (requested by MythAst)\n|\n|t:|1701186640\n|start\n|switch|p1a: Flutter Mane|Flutter Mane|100\/100\n|switch|p1b: Ogerpon|Ogerpon-Hearthflame, F|100\/100\n|switch|p2a: Billygoats Gruff|Grimmsnarl, M, shiny|100\/100\n|switch|p2b: Dolph Lundgren|Palafin, F|100\/100\n|-ability|p1b: Ogerpon|Mold Breaker\n|turn|1\n|inactive|MythAst has 120 seconds left.\n|\n|t:|1701186679\n|detailschange|p2b: Dolph Lundgren|Palafin-Hero, F\n|switch|p2b: Froggetabout it|Heatran, M|100\/100\n|move|p1b: Ogerpon|Spiky Shield|p1b: Ogerpon\n|-singleturn|p1b: Ogerpon|move: Protect\n|move|p2a: Billygoats Gruff|Light Screen|p2a: Billygoats Gruff\n|-sidestart|p2: howfalcons|move: Light Screen\n|move|p1a: Flutter Mane|Moonblast|p2a: Billygoats Gruff\n|-supereffective|p2a: Billygoats Gruff\n|-damage|p2a: Billygoats Gruff|0 fnt\n|faint|p2a: Billygoats Gruff\n|\n|upkeep\n|\n|t:|1701186697\n|switch|p2a: Duck and Cover|Cresselia, F|100\/100\n|turn|2\n|inactive|MythAst has 120 seconds left.\n|\n|t:|1701186725\n|move|p1a: Flutter Mane|Moonblast|p2a: Duck and Cover\n|-damage|p2a: Duck and Cover|71\/100\n|move|p1b: Ogerpon|Ivy Cudgel|p2b: Froggetabout it|[anim] Ivy Cudgel Fire\n|-damage|p2b: Froggetabout it|52\/100\n|move|p2b: Froggetabout it|Stealth Rock|p1a: Flutter Mane\n|-sidestart|p1: MythAst|move: Stealth Rock\n|move|p2a: Duck and Cover|Trick Room|p2a: Duck and Cover\n|-fieldstart|move: Trick Room|[of] p2a: Duck and Cover\n|\n|upkeep\n|turn|3\n|\n|t:|1701186743\n|move|p2b: Froggetabout it|Flash Cannon|p1a: Flutter Mane\n|-supereffective|p1a: Flutter Mane\n|-damage|p1a: Flutter Mane|14\/100\n|move|p2a: Duck and Cover|Lunar Blessing|p2a: Duck and Cover|[spread] p2a,p2b\n|-heal|p2a: Duck and Cover|96\/100\n|-heal|p2b: Froggetabout it|77\/100\n|move|p1b: Ogerpon|Ivy Cudgel|p2b: Froggetabout it|[anim] Ivy Cudgel Fire\n|-damage|p2b: Froggetabout it|26\/100\n|move|p1a: Flutter Mane|Moonblast|p2a: Duck and Cover\n|-damage|p2a: Duck and Cover|64\/100\n|\n|upkeep\n|turn|4\n|\n|t:|1701186761\n|move|p2b: Froggetabout it|Heat Wave|p1a: Flutter Mane|[spread] p1a,p1b\n|-crit|p1a: Flutter Mane\n|-damage|p1a: Flutter Mane|0 fnt\n|-damage|p1b: Ogerpon|59\/100\n|faint|p1a: Flutter Mane\n|-end|p1a: Flutter Mane|Protosynthesis|[silent]\n|move|p2a: Duck and Cover|Calm Mind|p2a: Duck and Cover\n|-boost|p2a: Duck and Cover|spa|1\n|-boost|p2a: Duck and Cover|spd|1\n|move|p1b: Ogerpon|Ivy Cudgel|p2a: Duck and Cover|[anim] Ivy Cudgel Fire\n|-damage|p2a: Duck and Cover|29\/100\n|\n|upkeep\n|\n|t:|1701186772\n|switch|p1a: Rillaboom|Rillaboom, M|100\/100\n|-damage|p1a: Rillaboom|88\/100|[from] Stealth Rock\n|-fieldstart|move: Grassy Terrain|[from] ability: Grassy Surge|[of] p1a: Rillaboom\n|turn|5\n|\n|t:|1701186781\n|move|p1a: Rillaboom|Fake Out|p2b: Froggetabout it\n|-resisted|p2b: Froggetabout it\n|-crit|p2b: Froggetabout it\n|-damage|p2b: Froggetabout it|17\/100\n|cant|p2b: Froggetabout it|flinch\n|move|p2a: Duck and Cover|Lunar Blessing|p2a: Duck and Cover|[spread] p2a,p2b\n|-heal|p2a: Duck and Cover|54\/100\n|-heal|p2b: Froggetabout it|42\/100\n|move|p1b: Ogerpon|Ivy Cudgel|p2a: Duck and Cover|[anim] Ivy Cudgel Fire\n|-damage|p2a: Duck and Cover|19\/100\n|\n|-heal|p2b: Froggetabout it|48\/100|[from] Grassy Terrain\n|-heal|p1a: Rillaboom|94\/100|[from] Grassy Terrain\n|-heal|p1b: Ogerpon|65\/100|[from] Grassy Terrain\n|upkeep\n|turn|6\n|\n|t:|1701186798\n|move|p1a: Rillaboom|Grassy Glide|p2a: Duck and Cover\n|-damage|p2a: Duck and Cover|0 fnt\n|faint|p2a: Duck and Cover\n|move|p2b: Froggetabout it|Heat Wave|p1a: Rillaboom|[spread] p1a,p1b\n|-supereffective|p1a: Rillaboom\n|-crit|p1b: Ogerpon\n|-damage|p1a: Rillaboom|36\/100\n|-damage|p1b: Ogerpon|0 fnt\n|faint|p1b: Ogerpon\n|\n|-heal|p2b: Froggetabout it|54\/100|[from] Grassy Terrain\n|-heal|p1a: Rillaboom|43\/100|[from] Grassy Terrain\n|-fieldend|move: Trick Room\n|upkeep\n|\n|t:|1701186815\n|switch|p1b: Tornadus|Tornadus, M|100\/100\n|switch|p2a: Dolph Lundgren|Palafin-Hero, F|100\/100\n|-damage|p1b: Tornadus|76\/100|[from] Stealth Rock\n|-activate|p2a: Dolph Lundgren|ability: Zero to Hero\n|turn|7\n|inactive|MythAst has 120 seconds left.\n|\n|t:|1701186852\n|-terastallize|p2a: Dolph Lundgren|Grass\n|move|p1a: Rillaboom|Grassy Glide|p2a: Dolph Lundgren\n|-resisted|p2a: Dolph Lundgren\n|-damage|p2a: Dolph Lundgren|84\/100\n|move|p1b: Tornadus|Bleakwind Storm|p2a: Dolph Lundgren|[spread] p2b\n|-miss|p1b: Tornadus|p2a: Dolph Lundgren\n|-resisted|p2b: Froggetabout it\n|-damage|p2b: Froggetabout it|45\/100\n|move|p2a: Dolph Lundgren|Bulk Up|p2a: Dolph Lundgren\n|-boost|p2a: Dolph Lundgren|atk|1\n|-boost|p2a: Dolph Lundgren|def|1\n|move|p2b: Froggetabout it|Heat Wave|p1b: Tornadus|[spread] p1a,p1b\n|-supereffective|p1a: Rillaboom\n|-damage|p1a: Rillaboom|0 fnt\n|-damage|p1b: Tornadus|26\/100\n|faint|p1a: Rillaboom\n|\n|-heal|p2a: Dolph Lundgren|91\/100|[from] Grassy Terrain\n|-heal|p2a: Dolph Lundgren|97\/100|[from] item: Leftovers\n|-heal|p2b: Froggetabout it|52\/100|[from] Grassy Terrain\n|upkeep\n|\n|t:|1701186865\n|switch|p1a: Heatran|Heatran, F|100\/100\n|-damage|p1a: Heatran|88\/100|[from] Stealth Rock\n|turn|8\n|\n|t:|1701186888\n|switch|p2b: Sweet Science|Iron Hands|100\/100\n|-terastallize|p1a: Heatran|Fairy\n|move|p1b: Tornadus|Tailwind|p1b: Tornadus\n|-sidestart|p1: MythAst|move: Tailwind\n|move|p2a: Dolph Lundgren|Jet Punch|p1b: Tornadus\n|-damage|p1b: Tornadus|0 fnt\n|faint|p1b: Tornadus\n|move|p1a: Heatran|Heat Wave|p2b: Sweet Science|[spread] p2a,p2b\n|-supereffective|p2a: Dolph Lundgren\n|-damage|p2a: Dolph Lundgren|64\/100\n|-damage|p2b: Sweet Science|79\/100\n|\n|-heal|p1a: Heatran|94\/100|[from] Grassy Terrain\n|-heal|p2a: Dolph Lundgren|70\/100|[from] Grassy Terrain\n|-heal|p2a: Dolph Lundgren|76\/100|[from] item: Leftovers\n|-heal|p2b: Sweet Science|85\/100|[from] Grassy Terrain\n|-heal|p2b: Sweet Science|92\/100|[from] item: Leftovers\n|-sideend|p2: howfalcons|move: Light Screen\n|upkeep\n|inactive|MythAst has 120 seconds left.\n|\n|t:|1701186900\n|switch|p1b: Iron Hands|Iron Hands|100\/100\n|-damage|p1b: Iron Hands|94\/100|[from] Stealth Rock\n|turn|9\n|inactive|MythAst has 120 seconds left.\n|\n|t:|1701186928\n|move|p1b: Iron Hands|Protect|p1b: Iron Hands\n|-singleturn|p1b: Iron Hands|Protect\n|move|p2a: Dolph Lundgren|Protect|p2a: Dolph Lundgren\n|-singleturn|p2a: Dolph Lundgren|Protect\n|move|p1a: Heatran|Heat Wave|p2b: Sweet Science|[spread] p2b\n|-activate|p2a: Dolph Lundgren|move: Protect\n|-damage|p2b: Sweet Science|60\/100\n|-status|p2b: Sweet Science|brn\n|move|p2b: Sweet Science|Swords Dance|p2b: Sweet Science\n|-boost|p2b: Sweet Science|atk|2\n|\n|-heal|p1a: Heatran|100\/100|[from] Grassy Terrain\n|-heal|p1b: Iron Hands|100\/100|[from] Grassy Terrain\n|-heal|p2a: Dolph Lundgren|82\/100|[from] Grassy Terrain\n|-heal|p2a: Dolph Lundgren|89\/100|[from] item: Leftovers\n|-heal|p2b: Sweet Science|66\/100 brn|[from] Grassy Terrain\n|-heal|p2b: Sweet Science|72\/100 brn|[from] item: Leftovers\n|-damage|p2b: Sweet Science|66\/100 brn|[from] brn\n|-fieldend|move: Grassy Terrain\n|upkeep\n|turn|10\n|c|\u2606howfalcons|Sad lol\n|\n|t:|1701186958\n|move|p2a: Dolph Lundgren|Jet Punch|p1b: Iron Hands\n|-damage|p1b: Iron Hands|69\/100\n|move|p1a: Heatran|Heat Wave|p2b: Sweet Science|[spread] p2b\n|-miss|p1a: Heatran|p2a: Dolph Lundgren\n|-damage|p2b: Sweet Science|36\/100 brn\n|move|p1b: Iron Hands|Drain Punch|p2b: Sweet Science\n|-damage|p2b: Sweet Science|8\/100 brn\n|-heal|p1b: Iron Hands|83\/100|[from] drain|[of] p2b: Sweet Science\n|move|p2b: Sweet Science|Drain Punch|p1b: Iron Hands\n|-damage|p1b: Iron Hands|51\/100\n|-heal|p2b: Sweet Science|25\/100 brn|[from] drain|[of] p1b: Iron Hands\n|\n|-heal|p2a: Dolph Lundgren|95\/100|[from] item: Leftovers\n|-heal|p2b: Sweet Science|31\/100 brn|[from] item: Leftovers\n|-damage|p2b: Sweet Science|25\/100 brn|[from] brn\n|upkeep\n|turn|11\n|\n|t:|1701186972\n|move|p1b: Iron Hands|Protect|p1b: Iron Hands\n|-singleturn|p1b: Iron Hands|Protect\n|move|p1a: Heatran|Heat Wave|p2a: Dolph Lundgren|[spread] p2b\n|-miss|p1a: Heatran|p2a: Dolph Lundgren\n|-damage|p2b: Sweet Science|0 fnt\n|faint|p2b: Sweet Science\n|-end|p2b: Sweet Science|Quark Drive|[silent]\n|move|p2a: Dolph Lundgren|Bulk Up|p2a: Dolph Lundgren\n|-boost|p2a: Dolph Lundgren|atk|1\n|-boost|p2a: Dolph Lundgren|def|1\n|\n|-heal|p2a: Dolph Lundgren|100\/100|[from] item: Leftovers\n|-sideend|p1: MythAst|move: Tailwind\n|upkeep\n|\n|t:|1701186982\n|switch|p2b: Return to Monke|Rillaboom, M|100\/100\n|-fieldstart|move: Grassy Terrain|[from] ability: Grassy Surge|[of] p2b: Return to Monke\n|turn|12\n|c|\u2606MythAst|how many times will it miss?\n|\n|t:|1701186992\n|move|p2b: Return to Monke|Fake Out|p1a: Heatran\n|-damage|p1a: Heatran|89\/100\n|move|p2a: Dolph Lundgren|Bulk Up|p2a: Dolph Lundgren\n|-boost|p2a: Dolph Lundgren|atk|1\n|-boost|p2a: Dolph Lundgren|def|1\n|cant|p1a: Heatran|flinch\n|move|p1b: Iron Hands|Drain Punch|p2b: Return to Monke\n|-damage|p2b: Return to Monke|68\/100\n|-heal|p1b: Iron Hands|66\/100|[from] drain|[of] p2b: Return to Monke\n|\n|-heal|p1a: Heatran|95\/100|[from] Grassy Terrain\n|-heal|p2b: Return to Monke|74\/100|[from] Grassy Terrain\n|-heal|p1b: Iron Hands|72\/100|[from] Grassy Terrain\n|upkeep\n|turn|13\n|\n|t:|1701187012\n|move|p2a: Dolph Lundgren|Jet Punch|p1a: Heatran\n|-crit|p1a: Heatran\n|-damage|p1a: Heatran|0 fnt\n|faint|p1a: Heatran\n|move|p2b: Return to Monke|Wood Hammer|p1b: Iron Hands\n|-damage|p1b: Iron Hands|23\/100\n|-enditem|p1b: Iron Hands|Sitrus Berry|[eat]\n|-heal|p1b: Iron Hands|48\/100|[from] item: Sitrus Berry\n|-damage|p2b: Return to Monke|55\/100|[from] Recoil\n|move|p1b: Iron Hands|Drain Punch|p2a: Dolph Lundgren\n|-damage|p2a: Dolph Lundgren|86\/100\n|-heal|p1b: Iron Hands|54\/100|[from] drain|[of] p2a: Dolph Lundgren\n|\n|-heal|p2a: Dolph Lundgren|93\/100|[from] Grassy Terrain\n|-heal|p2a: Dolph Lundgren|99\/100|[from] item: Leftovers\n|-heal|p2b: Return to Monke|62\/100|[from] Grassy Terrain\n|-heal|p1b: Iron Hands|60\/100|[from] Grassy Terrain\n|upkeep\n|turn|14\n|c|\u2606MythAst|crit mattered oml the rng\n|c|\u2606howfalcons|GG\n|c|\u2606howfalcons|Hazy af\n|c|\u2606howfalcons|Haxy*\n|\n|t:|1701187032\n|move|p1b: Iron Hands|Protect|p1b: Iron Hands\n|-singleturn|p1b: Iron Hands|Protect\n|move|p2a: Dolph Lundgren|Jet Punch|p1b: Iron Hands\n|-activate|p1b: Iron Hands|move: Protect\n|move|p2b: Return to Monke|Wood Hammer|p1b: Iron Hands\n|-activate|p1b: Iron Hands|move: Protect\n|\n|-heal|p2a: Dolph Lundgren|100\/100|[from] Grassy Terrain\n|-heal|p2b: Return to Monke|68\/100|[from] Grassy Terrain\n|-heal|p1b: Iron Hands|67\/100|[from] Grassy Terrain\n|upkeep\n|turn|15\n|c|\u2606MythAst|ah yes \"Haxy\". anyway ggs dude\n|-message|MythAst forfeited.\n|\n|win|howfalcons\n|raw|MythAst's rating: 1536 &rarr; <strong>1518<\/strong><br \/>(-18 for losing)\n|raw|howfalcons's rating: 1567 &rarr; <strong>1585<\/strong><br \/>(+18 for winning)\n|c|\u2606howfalcons|GG\n|l|\u2606MythAst\n","uploadtime":1701187063,"views":4,"p1id":"mythast","p2id":"howfalcons","formatid":"gen9doublesou","rating":1518,"private":0,"password":""}