{"id":"gen9doublesou-1996312126","p1":"cotesmcgotes","p2":"codyreborn","format":"[Gen 9] Doubles OU","log":"|j|\u2606cotesmcgotes\n|j|\u2606codyreborn\n|t:|1700670080\n|gametype|doubles\n|player|p1|cotesmcgotes|flannery|1267\n|player|p2|codyreborn|pokemaniac|1334\n|teamsize|p1|6\n|teamsize|p2|6\n|gen|9\n|tier|[Gen 9] Doubles OU\n|rated|\n|rule|Species Clause: Limit one of each Pok\u00e9mon\n|rule|OHKO Clause: OHKO moves are banned\n|rule|Evasion Moves Clause: Evasion moves are banned\n|rule|Gravity Sleep Clause: The combination of sleep-inducing moves with imperfect accuracy and Gravity or Gigantamax Orbeetle are banned\n|rule|Endless Battle Clause: Forcing endless battles is banned\n|rule|HP Percentage Mod: HP is shown in percentages\n|clearpoke\n|poke|p1|Cresselia, F|\n|poke|p1|Tornadus, M|\n|poke|p1|Overqwil, F|\n|poke|p1|Breloom, F|\n|poke|p1|Walking Wake|\n|poke|p1|Ogerpon-Hearthflame, F|\n|poke|p2|Raichu, M|\n|poke|p2|Azumarill, M|\n|poke|p2|Sylveon, F|\n|poke|p2|Scizor, M|\n|poke|p2|Dragapult, M|\n|poke|p2|Dusknoir, M|\n|teampreview\n|inactive|Battle timer is ON: inactive players will automatically lose when time's up. (requested by cotesmcgotes)\n|\n|t:|1700670135\n|start\n|switch|p1a: Tornadus|Tornadus, M, shiny|100\/100\n|switch|p1b: Overqwil|Overqwil, F|100\/100\n|switch|p2a: Sylveon|Sylveon, F, shiny|100\/100\n|switch|p2b: Dusknoir|Dusknoir, M, shiny|100\/100\n|-ability|p2b: Dusknoir|Pressure\n|turn|1\n|inactive|codyreborn has 120 seconds left.\n|\n|t:|1700670167\n|move|p1a: Tornadus|Taunt|p2b: Dusknoir\n|-start|p2b: Dusknoir|move: Taunt\n|move|p1b: Overqwil|Barb Barrage|p2a: Sylveon\n|-supereffective|p2a: Sylveon\n|-damage|p2a: Sylveon|24\/100\n|move|p2a: Sylveon|Yawn|p1b: Overqwil\n|-start|p1b: Overqwil|move: Yawn|[of] p2a: Sylveon\n|cant|p2b: Dusknoir|move: Taunt|Will-O-Wisp\n|\n|upkeep\n|turn|2\n|\n|t:|1700670192\n|switch|p1b: Ogerpon|Ogerpon-Hearthflame, F|100\/100\n|-ability|p1b: Ogerpon|Mold Breaker\n|move|p2a: Sylveon|Protect|p2a: Sylveon\n|-singleturn|p2a: Sylveon|Protect\n|move|p1a: Tornadus|Tailwind|p1a: Tornadus\n|-sidestart|p1: cotesmcgotes|move: Tailwind\n|move|p2b: Dusknoir|Shadow Sneak|p1a: Tornadus\n|-damage|p1a: Tornadus|79\/100\n|\n|upkeep\n|turn|3\n|inactive|codyreborn has 120 seconds left.\n|\n|t:|1700670225\n|move|p1a: Tornadus|Rain Dance|p1a: Tornadus\n|-weather|RainDance\n|move|p2b: Dusknoir|Shadow Sneak|p1b: Ogerpon\n|-damage|p1b: Ogerpon|79\/100\n|move|p1b: Ogerpon|Horn Leech|p2a: Sylveon\n|-damage|p2a: Sylveon|0 fnt\n|-heal|p1b: Ogerpon|94\/100|[from] drain|[of] p2a: Sylveon\n|faint|p2a: Sylveon\n|\n|-weather|RainDance|[upkeep]\n|-end|p2b: Dusknoir|move: Taunt\n|upkeep\n|inactive|codyreborn has 120 seconds left.\n|\n|t:|1700670243\n|switch|p2a: Raichu|Raichu, M, shiny|100\/100\n|-item|p2a: Raichu|Air Balloon\n|turn|4\n|\n|t:|1700670256\n|move|p1a: Tornadus|Taunt|p2b: Dusknoir\n|-start|p2b: Dusknoir|move: Taunt\n|move|p2b: Dusknoir|Shadow Sneak|p1a: Tornadus\n|-damage|p1a: Tornadus|54\/100\n|move|p1b: Ogerpon|Ivy Cudgel|p2a: Raichu|[anim] Ivy Cudgel Fire\n|-crit|p2a: Raichu\n|-damage|p2a: Raichu|5\/100\n|-enditem|p2a: Raichu|Air Balloon\n|move|p2a: Raichu|Nuzzle|p1b: Ogerpon\n|-resisted|p1b: Ogerpon\n|-damage|p1b: Ogerpon|91\/100\n|-status|p1b: Ogerpon|par\n|\n|-weather|RainDance|[upkeep]\n|upkeep\n|turn|5\n|inactive|codyreborn has 120 seconds left.\n|\n|t:|1700670287\n|cant|p1b: Ogerpon|par\n|move|p2b: Dusknoir|Shadow Sneak|p1b: Ogerpon\n|-damage|p1b: Ogerpon|68\/100 par\n|move|p1a: Tornadus|Bleakwind Storm|p2a: Raichu|[spread] p2a,p2b\n|-resisted|p2a: Raichu\n|-damage|p2a: Raichu|0 fnt\n|-damage|p2b: Dusknoir|66\/100\n|faint|p2a: Raichu\n|\n|-weather|RainDance|[upkeep]\n|-heal|p2b: Dusknoir|72\/100|[from] item: Leftovers\n|-sideend|p1: cotesmcgotes|move: Tailwind\n|upkeep\n|inactive|codyreborn has 120 seconds left.\n|\n|t:|1700670306\n|switch|p2a: Scizor|Scizor, M, shiny|100\/100\n|turn|6\n|\n|t:|1700670319\n|move|p1a: Tornadus|Tailwind|p1a: Tornadus\n|-sidestart|p1: cotesmcgotes|move: Tailwind\n|move|p2b: Dusknoir|Shadow Sneak|p1a: Tornadus\n|-damage|p1a: Tornadus|32\/100\n|cant|p1b: Ogerpon|par\n|move|p2a: Scizor|Swords Dance|p2a: Scizor\n|-boost|p2a: Scizor|atk|2\n|\n|-weather|RainDance|[upkeep]\n|-heal|p2b: Dusknoir|78\/100|[from] item: Leftovers\n|-end|p2b: Dusknoir|move: Taunt\n|upkeep\n|turn|7\n|\n|t:|1700670347\n|move|p1a: Tornadus|Taunt|p2b: Dusknoir\n|-start|p2b: Dusknoir|move: Taunt\n|move|p2b: Dusknoir|Shadow Sneak|p1a: Tornadus\n|-damage|p1a: Tornadus|9\/100\n|move|p1b: Ogerpon|Ivy Cudgel|p2a: Scizor|[anim] Ivy Cudgel Fire\n|-supereffective|p2a: Scizor\n|-crit|p2a: Scizor\n|-damage|p2a: Scizor|0 fnt\n|faint|p2a: Scizor\n|\n|-weather|RainDance|[upkeep]\n|-heal|p2b: Dusknoir|84\/100|[from] item: Leftovers\n|upkeep\n|inactive|codyreborn has 120 seconds left.\n|\n|t:|1700670360\n|switch|p2a: Dragapult|Dragapult, M, shiny|100\/100\n|turn|8\n|c|\u2606codyreborn|crazy how OP that mon is man\n|\n|t:|1700670376\n|switch|p1a: Overqwil|Overqwil, F|100\/100\n|-terastallize|p2a: Dragapult|Dragon\n|move|p1b: Ogerpon|Spiky Shield|p1b: Ogerpon\n|-singleturn|p1b: Ogerpon|move: Protect\n|move|p2b: Dusknoir|Shadow Sneak|p1a: Overqwil\n|-resisted|p1a: Overqwil\n|-damage|p1a: Overqwil|91\/100\n|move|p2a: Dragapult|Dragon Darts|p1a: Overqwil\n|-damage|p1a: Overqwil|28\/100\n|-anim|p2a: Dragapult|Dragon Darts|p1a: Overqwil\n|-damage|p1a: Overqwil|0 fnt\n|faint|p1a: Overqwil\n|\n|-weather|RainDance|[upkeep]\n|-heal|p2b: Dusknoir|91\/100|[from] item: Leftovers\n|upkeep\n|\n|t:|1700670399\n|switch|p1a: Walking Wake|Walking Wake|100\/100\n|turn|9\n|\n|t:|1700670408\n|-terastallize|p1a: Walking Wake|Fairy\n|move|p2b: Dusknoir|Shadow Sneak|p1b: Ogerpon\n|-damage|p1b: Ogerpon|45\/100 par\n|move|p1a: Walking Wake|Tera Blast|p2a: Dragapult|[anim] Tera Blast Fairy\n|-supereffective|p2a: Dragapult\n|-damage|p2a: Dragapult|0 fnt\n|faint|p2a: Dragapult\n|cant|p1b: Ogerpon|par\n|\n|-weather|RainDance|[upkeep]\n|-heal|p2b: Dusknoir|97\/100|[from] item: Leftovers\n|-end|p2b: Dusknoir|move: Taunt\n|-sideend|p1: cotesmcgotes|move: Tailwind\n|upkeep\n|-message|codyreborn forfeited.\n|\n|win|cotesmcgotes\n|raw|cotesmcgotes's rating: 1267 &rarr; <strong>1297<\/strong><br \/>(+30 for winning)\n|raw|codyreborn's rating: 1334 &rarr; <strong>1310<\/strong><br \/>(-24 for losing)\n|l|\u2606codyreborn\n","uploadtime":1700670425,"views":5,"p1id":"cotesmcgotes","p2id":"codyreborn","formatid":"gen9doublesou","rating":1297,"private":0,"password":""}