{"id":"gen9doublesou-1979746036","p1":"Mr.X&Y97","p2":"NoNoNoNoyESyES","format":"[Gen 9] Doubles OU","log":"|j|\u2606Mr.X&Y97\n|j|\u2606NoNoNoNoyESyES\n|t:|1698708952\n|gametype|doubles\n|player|p1|Mr.X&Y97|blue|1595\n|player|p2|NoNoNoNoyESyES|266|1522\n|teamsize|p1|6\n|teamsize|p2|6\n|gen|9\n|tier|[Gen 9] Doubles OU\n|rated|\n|rule|Species Clause: Limit one of each Pok\u00e9mon\n|rule|OHKO Clause: OHKO moves are banned\n|rule|Evasion Moves Clause: Evasion moves are banned\n|rule|Gravity Sleep Clause: The combination of sleep-inducing moves with imperfect accuracy and Gravity or Gigantamax Orbeetle are banned\n|rule|Endless Battle Clause: Forcing endless battles is banned\n|rule|HP Percentage Mod: HP is shown in percentages\n|clearpoke\n|poke|p1|Iron Hands|\n|poke|p1|Amoonguss, M|\n|poke|p1|Landorus-Therian, M|\n|poke|p1|Flutter Mane|\n|poke|p1|Ogerpon-Hearthflame, F|\n|poke|p1|Ninetales-Alola, M|\n|poke|p2|Ninetales-Alola, M|\n|poke|p2|Baxcalibur, M|\n|poke|p2|Kingambit, M|\n|poke|p2|Glastrier|\n|poke|p2|Sinistcha-Masterpiece|\n|poke|p2|Ogerpon-Hearthflame, F|\n|teampreview\n|inactive|Battle timer is ON: inactive players will automatically lose when time's up. (requested by Mr.X&Y97)\n|\n|t:|1698708965\n|start\n|switch|p1a: Ogerpon|Ogerpon-Hearthflame, F|100\/100\n|switch|p1b: Amoonguss|Amoonguss, M|100\/100\n|switch|p2a: Ninetales|Ninetales-Alola, M|100\/100\n|switch|p2b: Glastrier|Glastrier|100\/100\n|-ability|p1a: Ogerpon|Mold Breaker\n|-weather|Snow|[from] ability: Snow Warning|[of] p2a: Ninetales\n|turn|1\n|\n|t:|1698708982\n|-terastallize|p1a: Ogerpon|Fire\n|detailschange|p1a: Ogerpon|Ogerpon-Hearthflame-Tera, F, tera:Fire\n|-ability|p1a: Ogerpon|Embody Aspect (Hearthflame)|boost\n|-boost|p1a: Ogerpon|atk|1\n|-terastallize|p2a: Ninetales|Fire\n|move|p1a: Ogerpon|Ivy Cudgel|p2a: Ninetales\n|-resisted|p2a: Ninetales\n|-damage|p2a: Ninetales|28\/100\n|move|p2a: Ninetales|Aurora Veil|p2a: Ninetales\n|-sidestart|p2: NoNoNoNoyESyES|move: Aurora Veil\n|move|p2b: Glastrier|Icicle Crash|p1b: Amoonguss\n|-supereffective|p1b: Amoonguss\n|-damage|p1b: Amoonguss|17\/100\n|cant|p1b: Amoonguss|flinch\n|\n|-weather|Snow|[upkeep]\n|upkeep\n|turn|2\n|\n|t:|1698709004\n|move|p2a: Ninetales|Helping Hand|p2b: Glastrier\n|-singleturn|p2b: Glastrier|Helping Hand|[of] p2a: Ninetales\n|move|p1b: Amoonguss|Rage Powder|p1b: Amoonguss\n|-singleturn|p1b: Amoonguss|move: Rage Powder\n|move|p1a: Ogerpon|Ivy Cudgel|p2a: Ninetales\n|-resisted|p2a: Ninetales\n|-damage|p2a: Ninetales|0 fnt\n|faint|p2a: Ninetales\n|move|p2b: Glastrier|High Horsepower|p1b: Amoonguss\n|-damage|p1b: Amoonguss|0 fnt\n|faint|p1b: Amoonguss\n|-ability|p2b: Glastrier|Chilling Neigh|boost\n|-boost|p2b: Glastrier|atk|1\n|\n|-weather|Snow|[upkeep]\n|upkeep\n|\n|t:|1698709022\n|switch|p2a: Baxcalibur|Baxcalibur, M|100\/100\n|switch|p1b: Flutter Mane|Flutter Mane|100\/100\n|turn|3\n|\n|t:|1698709035\n|move|p1b: Flutter Mane|Dazzling Gleam|p2a: Baxcalibur|[spread] p2a,p2b\n|-supereffective|p2a: Baxcalibur\n|-damage|p2a: Baxcalibur|45\/100\n|-damage|p2b: Glastrier|85\/100\n|move|p1a: Ogerpon|Ivy Cudgel|p2b: Glastrier\n|-supereffective|p2b: Glastrier\n|-damage|p2b: Glastrier|14\/100\n|move|p2a: Baxcalibur|Scale Shot|p1a: Ogerpon\n|-damage|p1a: Ogerpon|80\/100\n|-damage|p1a: Ogerpon|60\/100\n|-damage|p1a: Ogerpon|40\/100\n|-damage|p1a: Ogerpon|18\/100\n|-damage|p1a: Ogerpon|0 fnt\n|faint|p1a: Ogerpon\n|-hitcount|p1: Ogerpon|5\n|-unboost|p2a: Baxcalibur|def|1\n|-boost|p2a: Baxcalibur|spe|1\n|move|p2b: Glastrier|Heavy Slam|p1b: Flutter Mane\n|-supereffective|p1b: Flutter Mane\n|-damage|p1b: Flutter Mane|0 fnt\n|faint|p1b: Flutter Mane\n|-end|p1b: Flutter Mane|Protosynthesis|[silent]\n|-ability|p2b: Glastrier|Chilling Neigh|boost\n|-boost|p2b: Glastrier|atk|1\n|\n|-weather|Snow|[upkeep]\n|-heal|p2a: Baxcalibur|51\/100|[from] ability: Ice Body\n|upkeep\n|\n|t:|1698709043\n|switch|p1b: Iron Hands|Iron Hands|100\/100\n|switch|p1a: Landorus|Landorus-Therian, M|100\/100\n|-ability|p1a: Landorus|Intimidate|boost\n|-unboost|p2a: Baxcalibur|atk|1\n|-unboost|p2b: Glastrier|atk|1\n|turn|4\n|\n|t:|1698709067\n|move|p2a: Baxcalibur|Icicle Spear|p1a: Landorus\n|-supereffective|p1a: Landorus\n|-damage|p1a: Landorus|62\/100\n|-supereffective|p1a: Landorus\n|-damage|p1a: Landorus|24\/100\n|-supereffective|p1a: Landorus\n|-damage|p1a: Landorus|0 fnt\n|faint|p1a: Landorus\n|-hitcount|p1: Landorus|3\n|move|p1b: Iron Hands|Drain Punch|p2a: Baxcalibur\n|-supereffective|p2a: Baxcalibur\n|-crit|p2a: Baxcalibur\n|-damage|p2a: Baxcalibur|0 fnt\n|faint|p2a: Baxcalibur\n|move|p2b: Glastrier|High Horsepower|p1b: Iron Hands\n|-supereffective|p1b: Iron Hands\n|-damage|p1b: Iron Hands|22\/100\n|\n|-weather|Snow|[upkeep]\n|-heal|p1b: Iron Hands|28\/100|[from] item: Leftovers\n|upkeep\n|\n|t:|1698709082\n|switch|p2a: Ogerpon|Ogerpon-Hearthflame, F|100\/100\n|switch|p1a: Ninetales|Ninetales-Alola, M|100\/100\n|-ability|p2a: Ogerpon|Mold Breaker\n|turn|5\n|\n|t:|1698709091\n|move|p2a: Ogerpon|Ivy Cudgel|p1a: Ninetales\n|-supereffective|p1a: Ninetales\n|-enditem|p1a: Ninetales|Focus Sash\n|-damage|p1a: Ninetales|1\/100\n|move|p1a: Ninetales|Dazzling Gleam|p2b: Glastrier|[spread] p2a,p2b\n|-resisted|p2a: Ogerpon\n|-damage|p2a: Ogerpon|91\/100\n|-damage|p2b: Glastrier|7\/100\n|move|p1b: Iron Hands|Drain Punch|p2a: Ogerpon\n|-damage|p2a: Ogerpon|54\/100\n|-heal|p1b: Iron Hands|40\/100|[from] drain|[of] p2a: Ogerpon\n|move|p2b: Glastrier|High Horsepower|p1b: Iron Hands\n|-supereffective|p1b: Iron Hands\n|-damage|p1b: Iron Hands|0 fnt\n|faint|p1b: Iron Hands\n|-end|p1b: Iron Hands|Quark Drive|[silent]\n|-ability|p2b: Glastrier|Chilling Neigh|boost\n|-boost|p2b: Glastrier|atk|1\n|\n|-weather|none\n|upkeep\n|turn|6\n|c|\u2606Mr.X&Y97|Ggs wp!\n|\n|t:|1698709111\n|move|p2a: Ogerpon|Ivy Cudgel|p1a: Ninetales\n|-supereffective|p1a: Ninetales\n|-damage|p1a: Ninetales|0 fnt\n|faint|p1a: Ninetales\n|\n|win|NoNoNoNoyESyES\n|raw|Mr.X&amp;Y97's rating: 1595 &rarr; <strong>1571<\/strong><br \/>(-24 for losing)\n|raw|NoNoNoNoyESyES's rating: 1522 &rarr; <strong>1546<\/strong><br \/>(+24 for winning)\n","uploadtime":1698709116,"views":22,"p1id":"mrxy97","p2id":"nonononoyesyes","formatid":"gen9doublesou","rating":1546,"private":0,"password":""}