{"id":"gen9doublesou-1994312525","p1":"mauriciopateacaras","p2":"GG728","format":"[Gen 9] Doubles OU","log":"|j|\u2606mauriciopateacaras\n|j|\u2606GG728\n|t:|1700429923\n|gametype|doubles\n|player|p1|mauriciopateacaras|allister|1167\n|player|p2|GG728|101|1116\n|teamsize|p1|6\n|teamsize|p2|6\n|gen|9\n|tier|[Gen 9] Doubles OU\n|rated|\n|rule|Species Clause: Limit one of each Pok\u00e9mon\n|rule|OHKO Clause: OHKO moves are banned\n|rule|Evasion Moves Clause: Evasion moves are banned\n|rule|Gravity Sleep Clause: The combination of sleep-inducing moves with imperfect accuracy and Gravity or Gigantamax Orbeetle are banned\n|rule|Endless Battle Clause: Forcing endless battles is banned\n|rule|HP Percentage Mod: HP is shown in percentages\n|clearpoke\n|poke|p1|Ribombee, M|\n|poke|p1|Forretress, M|\n|poke|p1|Lokix, F|\n|poke|p1|Rabsca, F|\n|poke|p1|Venomoth, M|\n|poke|p1|Ariados, M|\n|poke|p2|Garchomp, F|\n|poke|p2|Ogerpon-Hearthflame, F|\n|poke|p2|Empoleon, M|\n|poke|p2|Maushold|\n|poke|p2|Zapdos-Galar|\n|poke|p2|Dedenne, F|\n|teampreview\n|\n|t:|1700429944\n|start\n|switch|p1a: Venomoth|Venomoth, M|100\/100\n|switch|p1b: Ariados|Ariados, M|100\/100\n|switch|p2a: Zapdos|Zapdos-Galar|100\/100\n|switch|p2b: Garchomp|Garchomp, F, shiny|100\/100\n|turn|1\n|\n|t:|1700429965\n|move|p1a: Venomoth|Rage Powder|p1a: Venomoth\n|-singleturn|p1a: Venomoth|move: Rage Powder\n|move|p2b: Garchomp|Earthquake|p1b: Ariados|[spread] p1a,p1b\n|-immune|p2a: Zapdos\n|-damage|p1a: Venomoth|34\/100\n|-damage|p1b: Ariados|40\/100\n|move|p2a: Zapdos|Drill Peck|p1a: Venomoth\n|-supereffective|p1a: Venomoth\n|-damage|p1a: Venomoth|0 fnt\n|faint|p1a: Venomoth\n|move|p1b: Ariados|Cross Poison|p2a: Zapdos\n|-crit|p2a: Zapdos\n|-damage|p2a: Zapdos|44\/100\n|\n|upkeep\n|\n|t:|1700429989\n|switch|p1a: Forretress|Forretress, M|100\/100\n|turn|2\n|\n|t:|1700430002\n|-terastallize|p1a: Forretress|Water\n|move|p1b: Ariados|Sucker Punch|p2a: Zapdos\n|-resisted|p2a: Zapdos\n|-damage|p2a: Zapdos|33\/100\n|move|p2b: Garchomp|Earthquake|p1a: Forretress|[spread] p1a,p1b\n|-immune|p2a: Zapdos\n|-damage|p1a: Forretress|73\/100\n|-damage|p1b: Ariados|0 fnt\n|faint|p1b: Ariados\n|move|p2a: Zapdos|Stomping Tantrum|p1a: Forretress\n|-damage|p1a: Forretress|55\/100\n|move|p1a: Forretress|Iron Defense|p1a: Forretress\n|-boost|p1a: Forretress|def|2\n|\n|-heal|p1a: Forretress|62\/100|[from] item: Leftovers\n|upkeep\n|\n|t:|1700430018\n|switch|p1b: Ribombee|Ribombee, M|100\/100\n|turn|3\n|\n|t:|1700430035\n|move|p1b: Ribombee|Moonblast|p2b: Garchomp\n|-supereffective|p2b: Garchomp\n|-damage|p2b: Garchomp|6\/100\n|-unboost|p2b: Garchomp|spa|1\n|move|p2b: Garchomp|Swords Dance|p2b: Garchomp\n|-boost|p2b: Garchomp|atk|2\n|move|p2a: Zapdos|Bulk Up|p2a: Zapdos\n|-boost|p2a: Zapdos|atk|1\n|-boost|p2a: Zapdos|def|1\n|move|p1a: Forretress|Body Press|p2a: Zapdos\n|-resisted|p2a: Zapdos\n|-damage|p2a: Zapdos|7\/100\n|\n|-heal|p1a: Forretress|68\/100|[from] item: Leftovers\n|upkeep\n|turn|4\n|\n|t:|1700430060\n|switch|p2b: Empoleon|Empoleon, M|100\/100\n|move|p1b: Ribombee|Moonblast|p2b: Empoleon\n|-resisted|p2b: Empoleon\n|-damage|p2b: Empoleon|87\/100\n|move|p2a: Zapdos|Drill Peck|p1b: Ribombee\n|-supereffective|p1b: Ribombee\n|-enditem|p1b: Ribombee|Focus Sash\n|-damage|p1b: Ribombee|1\/100\n|move|p1a: Forretress|Body Press|p2a: Zapdos\n|-resisted|p2a: Zapdos\n|-damage|p2a: Zapdos|0 fnt\n|faint|p2a: Zapdos\n|\n|-heal|p2b: Empoleon|93\/100|[from] item: Leftovers\n|-heal|p1a: Forretress|74\/100|[from] item: Leftovers\n|upkeep\n|\n|t:|1700430073\n|switch|p2a: Dedenne|Dedenne, F|100\/100\n|turn|5\n|\n|t:|1700430088\n|move|p1b: Ribombee|Pollen Puff|p1a: Forretress\n|-heal|p1a: Forretress|100\/100\n|move|p2a: Dedenne|Nuzzle|p1b: Ribombee\n|-damage|p1b: Ribombee|0 fnt\n|faint|p1b: Ribombee\n|move|p2b: Empoleon|Stealth Rock|p1a: Forretress\n|-sidestart|p1: mauriciopateacaras|move: Stealth Rock\n|move|p1a: Forretress|Iron Defense|p1a: Forretress\n|-boost|p1a: Forretress|def|2\n|\n|-heal|p2b: Empoleon|99\/100|[from] item: Leftovers\n|upkeep\n|\n|t:|1700430099\n|switch|p1b: Rabsca|Rabsca, F|100\/100\n|-damage|p1b: Rabsca|76\/100|[from] Stealth Rock\n|turn|6\n|\n|t:|1700430113\n|move|p2a: Dedenne|Super Fang|p1a: Forretress\n|-damage|p1a: Forretress|51\/100\n|move|p2b: Empoleon|Hydro Pump|p1b: Rabsca\n|-damage|p1b: Rabsca|37\/100\n|move|p1b: Rabsca|Revival Blessing|p1b: Rabsca\n|-enditem|p1b: Rabsca|Leppa Berry|[eat]\n|-activate|p1b: Rabsca|item: Leppa Berry|Revival Blessing|[consumed]\n|\n|t:|1700430125\n|-heal|p1: Ribombee|50\/100|[from] move: Revival Blessing\n|move|p1a: Forretress|Body Press|p2b: Empoleon\n|-supereffective|p2b: Empoleon\n|-damage|p2b: Empoleon|0 fnt\n|faint|p2b: Empoleon\n|\n|-heal|p1a: Forretress|57\/100|[from] item: Leftovers\n|upkeep\n|\n|t:|1700430136\n|switch|p2b: Maushold|Maushold|100\/100\n|turn|7\n|\n|t:|1700430148\n|move|p2b: Maushold|Population Bomb|p1b: Rabsca\n|-damage|p1b: Rabsca|25\/100\n|-damage|p1b: Rabsca|15\/100\n|-damage|p1b: Rabsca|4\/100\n|-damage|p1b: Rabsca|0 fnt\n|faint|p1b: Rabsca\n|-hitcount|p1: Rabsca|4\n|move|p2a: Dedenne|Nuzzle|p1a: Forretress\n|-supereffective|p1a: Forretress\n|-damage|p1a: Forretress|54\/100\n|-status|p1a: Forretress|par\n|move|p1a: Forretress|Body Press|p2b: Maushold\n|-supereffective|p2b: Maushold\n|-damage|p2b: Maushold|0 fnt\n|faint|p2b: Maushold\n|\n|-heal|p1a: Forretress|60\/100 par|[from] item: Leftovers\n|upkeep\n|\n|t:|1700430171\n|switch|p2b: Ogerpon|Ogerpon-Hearthflame, F|100\/100\n|switch|p1b: Lokix|Lokix, F|100\/100\n|-ability|p2b: Ogerpon|Mold Breaker\n|-damage|p1b: Lokix|75\/100|[from] Stealth Rock\n|turn|8\n|\n|t:|1700430190\n|move|p2b: Ogerpon|Spiky Shield|p2b: Ogerpon\n|-singleturn|p2b: Ogerpon|move: Protect\n|move|p1b: Lokix|First Impression|p2b: Ogerpon\n|-activate|p2b: Ogerpon|move: Protect\n|-damage|p1b: Lokix|63\/100|[from] Spiky Shield|[of] p2b: Ogerpon\n|move|p2a: Dedenne|Nuzzle|p1a: Forretress\n|-supereffective|p1a: Forretress\n|-damage|p1a: Forretress|58\/100 par\n|cant|p1a: Forretress|par\n|\n|-heal|p1a: Forretress|64\/100 par|[from] item: Leftovers\n|upkeep\n|turn|9\n|\n|t:|1700430221\n|move|p1b: Lokix|Sucker Punch|p2b: Ogerpon\n|-damage|p2b: Ogerpon|45\/100\n|-damage|p1b: Lokix|53\/100|[from] item: Life Orb\n|move|p2b: Ogerpon|Horn Leech|p1a: Forretress\n|-supereffective|p1a: Forretress\n|-damage|p1a: Forretress|42\/100 par\n|-heal|p2b: Ogerpon|55\/100|[from] drain|[of] p1a: Forretress\n|move|p2a: Dedenne|Play Rough|p1b: Lokix\n|-supereffective|p1b: Lokix\n|-crit|p1b: Lokix\n|-damage|p1b: Lokix|0 fnt\n|faint|p1b: Lokix\n|move|p1a: Forretress|Body Press|p2b: Ogerpon\n|-damage|p2b: Ogerpon|0 fnt\n|faint|p2b: Ogerpon\n|\n|-heal|p1a: Forretress|49\/100 par|[from] item: Leftovers\n|upkeep\n|\n|t:|1700430238\n|switch|p2b: Garchomp|Garchomp, F, shiny|6\/100\n|switch|p1b: Ribombee|Ribombee, M|50\/100\n|-damage|p1b: Ribombee|26\/100|[from] Stealth Rock\n|turn|10\n|\n|t:|1700430251\n|move|p1b: Ribombee|Moonblast|p2b: Garchomp\n|-supereffective|p2b: Garchomp\n|-damage|p2b: Garchomp|0 fnt\n|faint|p2b: Garchomp\n|move|p2a: Dedenne|Play Rough|p1b: Ribombee\n|-damage|p1b: Ribombee|0 fnt\n|faint|p1b: Ribombee\n|move|p1a: Forretress|Body Press|p2a: Dedenne\n|-resisted|p2a: Dedenne\n|-damage|p2a: Dedenne|12\/100\n|-enditem|p2a: Dedenne|Aguav Berry|[eat]\n|-heal|p2a: Dedenne|45\/100|[from] item: Aguav Berry\n|-heal|p2a: Dedenne|78\/100|[from] ability: Cheek Pouch\n|\n|-heal|p1a: Forretress|55\/100 par|[from] item: Leftovers\n|upkeep\n|turn|11\n|\n|t:|1700430268\n|move|p2a: Dedenne|Play Rough|p1a: Forretress\n|-damage|p1a: Forretress|48\/100 par\n|move|p1a: Forretress|Body Press|p2a: Dedenne\n|-resisted|p2a: Dedenne\n|-damage|p2a: Dedenne|0 fnt\n|faint|p2a: Dedenne\n|\n|win|mauriciopateacaras\n|raw|mauriciopateacaras's rating: 1167 &rarr; <strong>1188<\/strong><br \/>(+21 for winning)\n|raw|GG728's rating: 1116 &rarr; <strong>1095<\/strong><br \/>(-21 for losing)\n","uploadtime":1700430283,"views":4,"p1id":"mauriciopateacaras","p2id":"gg728","formatid":"gen9doublesou","rating":1095,"private":0,"password":""}