{"id":"gen9doublesou-1977163041","p1":"grumblevolcano","p2":"MasterMineZ82","format":"[Gen 9] Doubles OU","log":"|j|\u2606grumblevolcano\n|j|\u2606MasterMineZ82\n|t:|1698379370\n|gametype|doubles\n|player|p1|grumblevolcano|pryce|1368\n|player|p2|MasterMineZ82|102|1400\n|teamsize|p1|6\n|teamsize|p2|6\n|gen|9\n|tier|[Gen 9] Doubles OU\n|rated|\n|rule|Species Clause: Limit one of each Pok\u00e9mon\n|rule|OHKO Clause: OHKO moves are banned\n|rule|Evasion Moves Clause: Evasion moves are banned\n|rule|Gravity Sleep Clause: The combination of sleep-inducing moves with imperfect accuracy and Gravity or Gigantamax Orbeetle are banned\n|rule|Endless Battle Clause: Forcing endless battles is banned\n|rule|HP Percentage Mod: HP is shown in percentages\n|clearpoke\n|poke|p1|Perrserker, M|\n|poke|p1|Scizor, M|\n|poke|p1|Gholdengo|\n|poke|p1|Rillaboom, F|\n|poke|p1|Heatran, M|\n|poke|p1|Chien-Pao|\n|poke|p2|Bisharp, M|\n|poke|p2|Articuno-Galar|\n|poke|p2|Okidogi, M|\n|poke|p2|Brute Bonnet|\n|poke|p2|Sinistcha|\n|poke|p2|Walking Wake|\n|teampreview\n|inactive|Battle timer is ON: inactive players will automatically lose when time's up. (requested by grumblevolcano)\n|\n|t:|1698379391\n|start\n|switch|p1a: Perrserker|Perrserker, M|100\/100\n|switch|p1b: Gholdengo|Gholdengo|100\/100\n|switch|p2a: Articuno|Articuno-Galar|100\/100\n|switch|p2b: Okidogi|Okidogi, M|100\/100\n|turn|1\n|\n|t:|1698379406\n|move|p1a: Perrserker|Fake Out|p2b: Okidogi\n|-damage|p2b: Okidogi|89\/100\n|move|p1b: Gholdengo|Make It Rain|p2a: Articuno|[spread] p2a,p2b\n|-damage|p2a: Articuno|29\/100\n|-damage|p2b: Okidogi|19\/100\n|-unboost|p1b: Gholdengo|spa|1\n|move|p2a: Articuno|Light Screen|p2a: Articuno\n|-sidestart|p2: MasterMineZ82|move: Light Screen\n|move|p2b: Okidogi|Knock Off|p1b: Gholdengo\n|-supereffective|p1b: Gholdengo\n|-damage|p1b: Gholdengo|23\/100\n|-enditem|p1b: Gholdengo|Choice Scarf|[from] move: Knock Off|[of] p2b: Okidogi\n|\n|upkeep\n|turn|2\n|\n|t:|1698379433\n|switch|p1b: Rillaboom|Rillaboom, F|100\/100\n|-fieldstart|move: Grassy Terrain|[from] ability: Grassy Surge|[of] p1b: Rillaboom\n|move|p1a: Perrserker|Protect|p1a: Perrserker\n|-singleturn|p1a: Perrserker|Protect\n|move|p2a: Articuno|Reflect|p2a: Articuno\n|-sidestart|p2: MasterMineZ82|Reflect\n|move|p2b: Okidogi|Drain Punch|p1a: Perrserker\n|-activate|p1a: Perrserker|move: Protect\n|\n|-heal|p2b: Okidogi|25\/100|[from] Grassy Terrain\n|upkeep\n|turn|3\n|inactive|grumblevolcano has 120 seconds left.\n|\n|t:|1698379479\n|move|p1b: Rillaboom|Fake Out|p2b: Okidogi\n|-damage|p2b: Okidogi|18\/100\n|move|p2a: Articuno|Hurricane|p1b: Rillaboom\n|-supereffective|p1b: Rillaboom\n|-damage|p1b: Rillaboom|32\/100\n|move|p2b: Okidogi|Drain Punch|p1a: Perrserker\n|-supereffective|p1a: Perrserker\n|-damage|p1a: Perrserker|15\/100\n|-heal|p2b: Okidogi|56\/100|[from] drain|[of] p1a: Perrserker\n|move|p1a: Perrserker|Knock Off|p2b: Okidogi\n|-resisted|p2b: Okidogi\n|-damage|p2b: Okidogi|48\/100\n|-enditem|p2b: Okidogi|Covert Cloak|[from] move: Knock Off|[of] p1a: Perrserker\n|\n|-heal|p1b: Rillaboom|38\/100|[from] Grassy Terrain\n|-heal|p2b: Okidogi|54\/100|[from] Grassy Terrain\n|-heal|p1a: Perrserker|21\/100|[from] Grassy Terrain\n|-heal|p1a: Perrserker|27\/100|[from] item: Leftovers\n|upkeep\n|turn|4\n|inactive|grumblevolcano has 120 seconds left.\n|\n|t:|1698379506\n|switch|p1a: Gholdengo|Gholdengo|23\/100\n|move|p2a: Articuno|Freezing Glare|p1b: Rillaboom\n|-damage|p1b: Rillaboom|7\/100\n|move|p1b: Rillaboom|Wood Hammer|p2b: Okidogi\n|-resisted|p2b: Okidogi\n|-damage|p2b: Okidogi|34\/100\n|-damage|p1b: Rillaboom|1\/100|[from] Recoil\n|move|p2b: Okidogi|Knock Off|p1a: Gholdengo\n|-supereffective|p1a: Gholdengo\n|-damage|p1a: Gholdengo|0 fnt\n|faint|p1a: Gholdengo\n|\n|-heal|p1b: Rillaboom|7\/100|[from] Grassy Terrain\n|-heal|p2b: Okidogi|40\/100|[from] Grassy Terrain\n|upkeep\n|\n|t:|1698379526\n|switch|p1a: Perrserker|Perrserker, M|27\/100\n|turn|5\n|\n|t:|1698379536\n|switch|p2a: Sinistcha|Sinistcha|100\/100\n|-heal|p2b: Okidogi|65\/100|[from] ability: Hospitality|[of] p2a: Sinistcha\n|switch|p2b: Brute Bonnet|Brute Bonnet|100\/100\n|move|p1a: Perrserker|Fake Out|p2b: Brute Bonnet\n|-damage|p2b: Brute Bonnet|94\/100\n|move|p1b: Rillaboom|Brick Break|p2b: Brute Bonnet\n|-sideend|p2: MasterMineZ82|Reflect\n|-sideend|p2: MasterMineZ82|move: Light Screen\n|-supereffective|p2b: Brute Bonnet\n|-damage|p2b: Brute Bonnet|54\/100\n|\n|-heal|p1b: Rillaboom|13\/100|[from] Grassy Terrain\n|-heal|p2b: Brute Bonnet|60\/100|[from] Grassy Terrain\n|-heal|p1a: Perrserker|33\/100|[from] Grassy Terrain\n|-heal|p1a: Perrserker|39\/100|[from] item: Leftovers\n|upkeep\n|turn|6\n|inactive|grumblevolcano has 120 seconds left.\n|\n|t:|1698379558\n|move|p2b: Brute Bonnet|Sucker Punch|p1b: Rillaboom\n|-damage|p1b: Rillaboom|0 fnt\n|faint|p1b: Rillaboom\n|move|p2a: Sinistcha|Matcha Gotcha|p1a: Perrserker|[miss]\n|-miss|p2a: Sinistcha|p1a: Perrserker\n|move|p1a: Perrserker|Knock Off|p2a: Sinistcha\n|-supereffective|p2a: Sinistcha\n|-damage|p2a: Sinistcha|59\/100\n|-enditem|p2a: Sinistcha|Big Root|[from] move: Knock Off|[of] p1a: Perrserker\n|\n|-heal|p2a: Sinistcha|65\/100|[from] Grassy Terrain\n|-heal|p2b: Brute Bonnet|66\/100|[from] Grassy Terrain\n|-heal|p1a: Perrserker|45\/100|[from] Grassy Terrain\n|-heal|p1a: Perrserker|52\/100|[from] item: Leftovers\n|-fieldend|move: Grassy Terrain\n|upkeep\n|inactive|grumblevolcano has 120 seconds left.\n|\n|t:|1698379569\n|switch|p1b: Heatran|Heatran, M|100\/100\n|turn|7\n|\n|t:|1698379580\n|switch|p2a: Walking Wake|Walking Wake|100\/100\n|-terastallize|p2b: Brute Bonnet|Dragon\n|move|p1a: Perrserker|Protect|p1a: Perrserker\n|-singleturn|p1a: Perrserker|Protect\n|move|p1b: Heatran|Heat Wave|p2b: Brute Bonnet|[spread] p2a,p2b\n|-resisted|p2a: Walking Wake\n|-resisted|p2b: Brute Bonnet\n|-damage|p2a: Walking Wake|88\/100\n|-damage|p2b: Brute Bonnet|53\/100\n|move|p2b: Brute Bonnet|Synthesis|p2b: Brute Bonnet\n|-heal|p2b: Brute Bonnet|100\/100\n|\n|-heal|p1a: Perrserker|58\/100|[from] item: Leftovers\n|upkeep\n|turn|8\n|\n|t:|1698379605\n|-terastallize|p1b: Heatran|Grass\n|move|p2a: Walking Wake|Hydro Steam|p1b: Heatran\n|-resisted|p1b: Heatran\n|-damage|p1b: Heatran|84\/100\n|move|p1b: Heatran|Tera Blast|p2a: Walking Wake|[anim] Tera Blast Grass\n|-damage|p2a: Walking Wake|34\/100\n|move|p2b: Brute Bonnet|Spore|p1a: Perrserker\n|-status|p1a: Perrserker|slp|[from] move: Spore\n|cant|p1a: Perrserker|slp\n|\n|-heal|p1a: Perrserker|64\/100 slp|[from] item: Leftovers\n|upkeep\n|turn|9\n|\n|t:|1698379632\n|-end|p2a: Walking Wake|Protosynthesis|[silent]\n|switch|p2a: Okidogi|Okidogi, M|65\/100\n|cant|p1a: Perrserker|slp\n|move|p2b: Brute Bonnet|Sucker Punch|p1b: Heatran\n|-damage|p1b: Heatran|61\/100\n|move|p1b: Heatran|Tera Blast|p2a: Okidogi|[anim] Tera Blast Grass\n|-resisted|p2a: Okidogi\n|-damage|p2a: Okidogi|42\/100\n|\n|-heal|p1a: Perrserker|70\/100 slp|[from] item: Leftovers\n|upkeep\n|turn|10\n|\n|t:|1698379648\n|cant|p1a: Perrserker|slp\n|move|p2b: Brute Bonnet|Rage Powder|p2b: Brute Bonnet\n|-singleturn|p2b: Brute Bonnet|move: Rage Powder\n|move|p2a: Okidogi|Poison Jab|p1b: Heatran\n|-supereffective|p1b: Heatran\n|-damage|p1b: Heatran|0 fnt\n|faint|p1b: Heatran\n|\n|-heal|p1a: Perrserker|76\/100 slp|[from] item: Leftovers\n|upkeep\n|\n|t:|1698379656\n|switch|p1b: Chien-Pao|Chien-Pao|100\/100\n|-ability|p1b: Chien-Pao|Sword of Ruin\n|turn|11\n|\n|t:|1698379671\n|-curestatus|p1a: Perrserker|slp|[msg]\n|move|p1a: Perrserker|Helping Hand|p1b: Chien-Pao\n|-singleturn|p1b: Chien-Pao|Helping Hand|[of] p1a: Perrserker\n|move|p2b: Brute Bonnet|Rage Powder|p2b: Brute Bonnet\n|-singleturn|p2b: Brute Bonnet|move: Rage Powder\n|move|p1b: Chien-Pao|Ice Spinner|p2b: Brute Bonnet\n|-supereffective|p2b: Brute Bonnet\n|-damage|p2b: Brute Bonnet|0 fnt\n|faint|p2b: Brute Bonnet\n|-end|p2b: Brute Bonnet|Protosynthesis|[silent]\n|-damage|p1b: Chien-Pao|91\/100|[from] item: Life Orb\n|move|p2a: Okidogi|Drain Punch|p1b: Chien-Pao\n|-supereffective|p1b: Chien-Pao\n|-damage|p1b: Chien-Pao|0 fnt\n|-heal|p2a: Okidogi|77\/100|[from] drain|[of] p1b: Chien-Pao\n|faint|p1b: Chien-Pao\n|\n|-heal|p1a: Perrserker|82\/100|[from] item: Leftovers\n|upkeep\n|\n|t:|1698379687\n|switch|p1b: Scizor|Scizor, M|100\/100\n|switch|p2b: Sinistcha|Sinistcha|65\/100\n|-heal|p2a: Okidogi|100\/100|[from] ability: Hospitality|[of] p2b: Sinistcha\n|turn|12\n|\n|t:|1698379701\n|move|p1a: Perrserker|Helping Hand|p1b: Scizor\n|-singleturn|p1b: Scizor|Helping Hand|[of] p1a: Perrserker\n|move|p1b: Scizor|Bullet Punch|p2b: Sinistcha\n|-damage|p2b: Sinistcha|0 fnt\n|faint|p2b: Sinistcha\n|move|p2a: Okidogi|Bulk Up|p2a: Okidogi\n|-boost|p2a: Okidogi|atk|1\n|-boost|p2a: Okidogi|def|1\n|\n|-heal|p1a: Perrserker|88\/100|[from] item: Leftovers\n|upkeep\n|\n|t:|1698379711\n|switch|p2b: Articuno|Articuno-Galar|29\/100\n|turn|13\n|\n|t:|1698379722\n|move|p1a: Perrserker|Helping Hand|p1b: Scizor\n|-singleturn|p1b: Scizor|Helping Hand|[of] p1a: Perrserker\n|move|p1b: Scizor|Bullet Punch|p2b: Articuno\n|-damage|p2b: Articuno|0 fnt\n|faint|p2b: Articuno\n|move|p2a: Okidogi|Bulk Up|p2a: Okidogi\n|-boost|p2a: Okidogi|atk|1\n|-boost|p2a: Okidogi|def|1\n|\n|-heal|p1a: Perrserker|94\/100|[from] item: Leftovers\n|upkeep\n|\n|t:|1698379731\n|switch|p2b: Bisharp|Bisharp, M|100\/100\n|turn|14\n|\n|t:|1698379739\n|move|p1a: Perrserker|Helping Hand|p1b: Scizor\n|-singleturn|p1b: Scizor|Helping Hand|[of] p1a: Perrserker\n|move|p2b: Bisharp|Sucker Punch|p1b: Scizor\n|-damage|p1b: Scizor|59\/100\n|move|p1b: Scizor|Bullet Punch|p2a: Okidogi\n|-damage|p2a: Okidogi|54\/100\n|move|p2a: Okidogi|Drain Punch|p1b: Scizor\n|-damage|p1b: Scizor|0 fnt\n|-heal|p2a: Okidogi|80\/100|[from] drain|[of] p1b: Scizor\n|faint|p1b: Scizor\n|\n|-heal|p1a: Perrserker|100\/100|[from] item: Leftovers\n|upkeep\n|turn|15\n|c|\u2606grumblevolcano|gg\n|c|\u2606MasterMineZ82|gg\n|\n|t:|1698379761\n|move|p1a: Perrserker|Protect|p1a: Perrserker\n|-singleturn|p1a: Perrserker|Protect\n|move|p2a: Okidogi|Drain Punch|p1a: Perrserker\n|-activate|p1a: Perrserker|move: Protect\n|move|p2b: Bisharp|Lash Out|p1a: Perrserker\n|-activate|p1a: Perrserker|move: Protect\n|\n|upkeep\n|turn|16\n|-message|grumblevolcano forfeited.\n|\n|win|MasterMineZ82\n|raw|grumblevolcano's rating: 1368 &rarr; <strong>1350<\/strong><br \/>(-18 for losing)\n|raw|MasterMineZ82's rating: 1400 &rarr; <strong>1418<\/strong><br \/>(+18 for winning)\n|l|\u2606grumblevolcano\n","uploadtime":1698379819,"views":23,"p1id":"grumblevolcano","p2id":"masterminez82","formatid":"gen9doublesou","rating":1350,"private":0,"password":""}