{"id":"gen9doublesou-1994561043","p1":"kittyredheart","p2":"lebobguy","format":"[Gen 9] Doubles OU","log":"|j|\u2606kittyredheart\n|j|\u2606lebobguy\n|t:|1700460083\n|gametype|doubles\n|player|p1|kittyredheart|elesa|1418\n|player|p2|lebobguy|harlequin|1539\n|teamsize|p1|6\n|teamsize|p2|6\n|gen|9\n|tier|[Gen 9] Doubles OU\n|rated|\n|rule|Species Clause: Limit one of each Pok\u00e9mon\n|rule|OHKO Clause: OHKO moves are banned\n|rule|Evasion Moves Clause: Evasion moves are banned\n|rule|Gravity Sleep Clause: The combination of sleep-inducing moves with imperfect accuracy and Gravity or Gigantamax Orbeetle are banned\n|rule|Endless Battle Clause: Forcing endless battles is banned\n|rule|HP Percentage Mod: HP is shown in percentages\n|clearpoke\n|poke|p1|Landorus-Therian, M|\n|poke|p1|Milotic, F|\n|poke|p1|Jirachi|\n|poke|p1|Grimmsnarl, M|\n|poke|p1|Chien-Pao|\n|poke|p1|Espathra, M|\n|poke|p2|Goodra-Hisui, F|\n|poke|p2|Diancie|\n|poke|p2|Cresselia, F|\n|poke|p2|Torkoal, F|\n|poke|p2|Farigiraf, M|\n|poke|p2|Landorus-Therian, M|\n|teampreview\n|inactive|Battle timer is ON: inactive players will automatically lose when time's up. (requested by kittyredheart)\n|c|\u2606lebobguy|glhf :)\n|c|\u2606lebobguy|oh boy espathra and jirachi?\n|c|\u2606lebobguy|this is gonna be fun\n|c|\u2606lebobguy|:|\n|inactive|lebobguy has 120 seconds left.\n|c|\u2606kittyredheart|;)\n|c|\u2606lebobguy|(no offense, just funny)\n|\n|t:|1700460127\n|start\n|switch|p1a: Chicky Wicky|Grimmsnarl, M, shiny|100\/100\n|switch|p1b: Iron Fangs|Chien-Pao|100\/100\n|switch|p2a: Pain in the butt|Cresselia, F|100\/100\n|switch|p2b: Hood|Farigiraf, M|100\/100\n|-ability|p1b: Iron Fangs|Sword of Ruin\n|turn|1\n|\n|t:|1700460141\n|switch|p2b: Landorus|Landorus-Therian, M|100\/100\n|-ability|p2b: Landorus|Intimidate|boost\n|-unboost|p1a: Chicky Wicky|atk|1\n|-unboost|p1b: Iron Fangs|atk|1\n|move|p1a: Chicky Wicky|Light Screen|p1a: Chicky Wicky\n|-sidestart|p1: kittyredheart|move: Light Screen\n|move|p1b: Iron Fangs|Crunch|p2b: Landorus\n|-damage|p2b: Landorus|42\/100\n|move|p2a: Pain in the butt|Trick Room|p2a: Pain in the butt\n|-fieldstart|move: Trick Room|[of] p2a: Pain in the butt\n|\n|upkeep\n|turn|2\n|\n|t:|1700460154\n|-terastallize|p1b: Iron Fangs|Ghost\n|move|p2a: Pain in the butt|Ally Switch|p2a: Pain in the butt\n|swap|p2a: Pain in the butt|1|[from] move: Ally Switch\n|move|p1a: Chicky Wicky|Spirit Break|p2a: Landorus\n|-damage|p2a: Landorus|18\/100\n|-unboost|p2a: Landorus|spa|1\n|move|p2a: Landorus|Rock Slide|p1a: Chicky Wicky|[spread] p1a,p1b\n|-damage|p1a: Chicky Wicky|68\/100\n|-damage|p1b: Iron Fangs|70\/100\n|cant|p1b: Iron Fangs|flinch\n|\n|upkeep\n|turn|3\n|\n|t:|1700460169\n|move|p1a: Chicky Wicky|Parting Shot|p2a: Landorus\n|-unboost|p2a: Landorus|atk|1\n|-unboost|p2a: Landorus|spa|1\n|\n|t:|1700460172\n|switch|p1a: Cloud Terra|Landorus-Therian, M|100\/100|[from] Parting Shot\n|-ability|p1a: Cloud Terra|Intimidate|boost\n|-unboost|p2a: Landorus|atk|1\n|-unboost|p2b: Pain in the butt|atk|1\n|move|p2b: Pain in the butt|Lunar Blessing|p2b: Pain in the butt|[spread] p2a,p2b\n|-heal|p2a: Landorus|43\/100\n|move|p2a: Landorus|Rock Slide|p1b: Iron Fangs|[spread] p1a,p1b\n|-damage|p1a: Cloud Terra|84\/100\n|-damage|p1b: Iron Fangs|53\/100\n|-enditem|p1a: Cloud Terra|Eject Button\n|\n|t:|1700460189\n|switch|p1a: Iron Wish|Jirachi|100\/100\n|move|p1b: Iron Fangs|Crunch|p2b: Pain in the butt\n|-supereffective|p2b: Pain in the butt\n|-damage|p2b: Pain in the butt|26\/100\n|\n|upkeep\n|turn|4\n|\n|t:|1700460208\n|switch|p2b: Stiff Snail|Goodra-Hisui, F, shiny|100\/100\n|switch|p2a: Hoturt|Torkoal, F|100\/100\n|-weather|SunnyDay|[from] ability: Drought|[of] p2a: Hoturt\n|move|p1a: Iron Wish|Cosmic Power|p1a: Iron Wish\n|-boost|p1a: Iron Wish|def|1\n|-boost|p1a: Iron Wish|spd|1\n|move|p1b: Iron Fangs|Crunch|p2a: Hoturt\n|-damage|p2a: Hoturt|60\/100\n|-unboost|p2a: Hoturt|def|1\n|\n|-weather|SunnyDay|[upkeep]\n|upkeep\n|turn|5\n|\n|t:|1700460227\n|switch|p1b: Chicky Wicky|Grimmsnarl, M, shiny|68\/100\n|move|p2a: Hoturt|Heat Wave|p1a: Iron Wish|[spread] p1b\n|-miss|p2a: Hoturt|p1a: Iron Wish\n|-damage|p1b: Chicky Wicky|41\/100\n|move|p2b: Stiff Snail|Flamethrower|p1a: Iron Wish\n|-supereffective|p1a: Iron Wish\n|-damage|p1a: Iron Wish|69\/100\n|move|p1a: Iron Wish|Wish|p1a: Iron Wish\n|\n|-weather|SunnyDay|[upkeep]\n|-heal|p1a: Iron Wish|75\/100|[from] item: Leftovers\n|-sideend|p1: kittyredheart|move: Light Screen\n|-fieldend|move: Trick Room\n|upkeep\n|turn|6\n|c|\u2606lebobguy|wasnt jirachi sent to ubers only?\n|\n|t:|1700460243\n|move|p1b: Chicky Wicky|Light Screen|p1b: Chicky Wicky\n|-sidestart|p1: kittyredheart|move: Light Screen\n|move|p1a: Iron Wish|Cosmic Power|p1a: Iron Wish\n|-boost|p1a: Iron Wish|def|1\n|-boost|p1a: Iron Wish|spd|1\n|move|p2b: Stiff Snail|Flash Cannon|p1b: Chicky Wicky\n|-supereffective|p1b: Chicky Wicky\n|-damage|p1b: Chicky Wicky|0 fnt\n|faint|p1b: Chicky Wicky\n|move|p2a: Hoturt|Heat Wave|p1a: Iron Wish\n|-supereffective|p1a: Iron Wish\n|-damage|p1a: Iron Wish|42\/100\n|\n|-weather|SunnyDay|[upkeep]\n|-heal|p1a: Iron Wish|92\/100|[from] move: Wish|[wisher] Iron Wish\n|-heal|p1a: Iron Wish|98\/100|[from] item: Leftovers\n|upkeep\n|\n|t:|1700460257\n|switch|p1b: Iron Fangs|Chien-Pao, tera:Ghost|53\/100\n|-ability|p1b: Iron Fangs|Sword of Ruin\n|turn|7\n|\n|t:|1700460264\n|switch|p2a: Landorus|Landorus-Therian, M|43\/100\n|-ability|p2a: Landorus|Intimidate|boost\n|-unboost|p1a: Iron Wish|atk|1\n|-unboost|p1b: Iron Fangs|atk|1\n|move|p1b: Iron Fangs|Crunch|p2a: Landorus\n|-crit|p2a: Landorus\n|-damage|p2a: Landorus|0 fnt\n|faint|p2a: Landorus\n|move|p1a: Iron Wish|Cosmic Power|p1a: Iron Wish\n|-boost|p1a: Iron Wish|def|1\n|-boost|p1a: Iron Wish|spd|1\n|move|p2b: Stiff Snail|Flamethrower|p1a: Iron Wish\n|-supereffective|p1a: Iron Wish\n|-damage|p1a: Iron Wish|81\/100\n|\n|-weather|SunnyDay|[upkeep]\n|-heal|p1a: Iron Wish|87\/100|[from] item: Leftovers\n|upkeep\n|\n|t:|1700460271\n|switch|p2a: Rock Candy|Diancie, shiny|100\/100\n|turn|8\n|\n|t:|1700460300\n|switch|p1b: Cloud Terra|Landorus-Therian, M|84\/100\n|-ability|p1b: Cloud Terra|Intimidate|boost\n|-fail|p2a: Rock Candy|unboost|[from] ability: Clear Body|[of] p2a: Rock Candy\n|-unboost|p2b: Stiff Snail|atk|1\n|-terastallize|p2a: Rock Candy|Grass\n|move|p1a: Iron Wish|Wish|p1a: Iron Wish\n|move|p2b: Stiff Snail|Flamethrower|p1b: Cloud Terra\n|-damage|p1b: Cloud Terra|51\/100\n|move|p2a: Rock Candy|Diamond Storm|p1b: Cloud Terra|[spread] p1a,p1b\n|-resisted|p1a: Iron Wish\n|-damage|p1a: Iron Wish|81\/100\n|-damage|p1b: Cloud Terra|5\/100\n|\n|-weather|none\n|-heal|p1a: Iron Wish|87\/100|[from] item: Leftovers\n|upkeep\n|turn|9\n|\n|t:|1700460317\n|move|p1a: Iron Wish|Cosmic Power|p1a: Iron Wish\n|-boost|p1a: Iron Wish|def|1\n|-boost|p1a: Iron Wish|spd|1\n|move|p1b: Cloud Terra|Stealth Rock|p2b: Stiff Snail\n|-sidestart|p2: lebobguy|move: Stealth Rock\n|move|p2b: Stiff Snail|Flamethrower|p1a: Iron Wish\n|-supereffective|p1a: Iron Wish\n|-damage|p1a: Iron Wish|76\/100\n|move|p2a: Rock Candy|Diamond Storm|p1b: Cloud Terra|[spread] p1a,p1b\n|-resisted|p1a: Iron Wish\n|-damage|p1a: Iron Wish|72\/100\n|-damage|p1b: Cloud Terra|0 fnt\n|faint|p1b: Cloud Terra\n|\n|-heal|p1a: Iron Wish|100\/100|[from] move: Wish|[wisher] Iron Wish\n|upkeep\n|\n|t:|1700460333\n|switch|p1b: Iron Fangs|Chien-Pao, tera:Ghost|53\/100\n|-ability|p1b: Iron Fangs|Sword of Ruin\n|turn|10\n|\n|t:|1700460342\n|switch|p2a: Pain in the butt|Cresselia, F|26\/100\n|-damage|p2a: Pain in the butt|14\/100|[from] Stealth Rock\n|move|p1b: Iron Fangs|Ice Spinner|p2a: Pain in the butt\n|-damage|p2a: Pain in the butt|0 fnt\n|faint|p2a: Pain in the butt\n|move|p1a: Iron Wish|Cosmic Power|p1a: Iron Wish\n|-boost|p1a: Iron Wish|def|1\n|-boost|p1a: Iron Wish|spd|1\n|move|p2b: Stiff Snail|Dragon Pulse|p1b: Iron Fangs\n|-damage|p1b: Iron Fangs|13\/100\n|\n|-sideend|p1: kittyredheart|move: Light Screen\n|upkeep\n|\n|t:|1700460346\n|switch|p2a: Hoturt|Torkoal, F|60\/100\n|-damage|p2a: Hoturt|35\/100|[from] Stealth Rock\n|-weather|SunnyDay|[from] ability: Drought|[of] p2a: Hoturt\n|turn|11\n|c|\u2606kittyredheart|idk]\n|c|\u2606lebobguy|its exactly bc of this plus serene grace flinches\n|c|\u2606lebobguy|like\n|\n|t:|1700460371\n|move|p1b: Iron Fangs|Ice Spinner|p2a: Hoturt\n|-resisted|p2a: Hoturt\n|-damage|p2a: Hoturt|5\/100\n|move|p1a: Iron Wish|Wish|p1a: Iron Wish\n|move|p2b: Stiff Snail|Flamethrower|p1a: Iron Wish\n|-supereffective|p1a: Iron Wish\n|-damage|p1a: Iron Wish|82\/100\n|-status|p1a: Iron Wish|brn\n|move|p2a: Hoturt|Heat Wave|p1a: Iron Wish|[spread] p1a,p1b\n|-supereffective|p1a: Iron Wish\n|-damage|p1a: Iron Wish|62\/100 brn\n|-damage|p1b: Iron Fangs|0 fnt\n|faint|p1b: Iron Fangs\n|\n|-weather|SunnyDay|[upkeep]\n|-heal|p1a: Iron Wish|69\/100 brn|[from] item: Leftovers\n|-damage|p1a: Iron Wish|62\/100 brn|[from] brn\n|upkeep\n|c|\u2606lebobguy|how do you beat that thing without legendaries\n|inactive|kittyredheart has 120 seconds left.\n|c|\u2606lebobguy|other\n|\n|t:|1700460392\n|switch|p1b: Espathra|Espathra, M|100\/100\n|turn|12\n|c|\u2606kittyredheart|chienpao\n|c|\u2606kittyredheart|orroaringmoon\n|inactive|kittyredheart has 120 seconds left.\n|c|\u2606lebobguy|mmm\n|c|\u2606kittyredheart|fulltermane\n|c|\u2606kittyredheart|or\n|c|\u2606kittyredheart|goldengo\n|c|\u2606lebobguy|ok ok point taken\n|c|\u2606lebobguy|lol\n|c|\u2606lebobguy|just\n|inactive|kittyredheart has 90 seconds left.\n|c|\u2606lebobguy|mildly annoyed im gonna have to outstall that thing lol\n|\n|t:|1700460450\n|move|p1b: Espathra|Protect|p1b: Espathra\n|-singleturn|p1b: Espathra|Protect\n|move|p1a: Iron Wish|Cosmic Power|p1a: Iron Wish\n|-boost|p1a: Iron Wish|def|1\n|-boost|p1a: Iron Wish|spd|1\n|move|p2b: Stiff Snail|Flamethrower|p1a: Iron Wish\n|-supereffective|p1a: Iron Wish\n|-damage|p1a: Iron Wish|46\/100 brn\n|move|p2a: Hoturt|Heat Wave|p1b: Espathra|[spread] p1a\n|-activate|p1b: Espathra|move: Protect\n|-supereffective|p1a: Iron Wish\n|-damage|p1a: Iron Wish|28\/100 brn\n|\n|-weather|SunnyDay|[upkeep]\n|-heal|p1a: Iron Wish|78\/100 brn|[from] move: Wish|[wisher] Iron Wish\n|-heal|p1a: Iron Wish|84\/100 brn|[from] item: Leftovers\n|-damage|p1a: Iron Wish|78\/100 brn|[from] brn\n|-ability|p1b: Espathra|Speed Boost|boost\n|-boost|p1b: Espathra|spe|1\n|upkeep\n|turn|13\n|c|\u2606lebobguy|so im venting a bit\n|inactive|kittyredheart has 90 seconds left.\n|c|\u2606kittyredheart|u can hope for a crit\n|\n|t:|1700460491\n|move|p1b: Espathra|Dazzling Gleam|p2b: Stiff Snail|[spread] p2a,p2b\n|-resisted|p2a: Hoturt\n|-damage|p2a: Hoturt|0 fnt\n|-damage|p2b: Stiff Snail|90\/100\n|faint|p2a: Hoturt\n|move|p1a: Iron Wish|Wish|p1a: Iron Wish\n|move|p2b: Stiff Snail|Flamethrower|p1a: Iron Wish\n|-supereffective|p1a: Iron Wish\n|-damage|p1a: Iron Wish|61\/100 brn\n|\n|-weather|SunnyDay|[upkeep]\n|-heal|p1a: Iron Wish|67\/100 brn|[from] item: Leftovers\n|-damage|p1a: Iron Wish|61\/100 brn|[from] brn\n|-ability|p1b: Espathra|Speed Boost|boost\n|-boost|p1b: Espathra|spe|1\n|upkeep\n|c|\u2606lebobguy|yeah but the odds of that arent exactly high lol\n|\n|t:|1700460501\n|switch|p2a: Rock Candy|Diancie, shiny, tera:Grass|100\/100\n|-damage|p2a: Rock Candy|88\/100|[from] Stealth Rock\n|turn|14\n|inactive|kittyredheart has 90 seconds left.\n|\n|t:|1700460518\n|move|p1b: Espathra|Lumina Crash|p2a: Rock Candy\n|-damage|p2a: Rock Candy|68\/100\n|move|p1a: Iron Wish|Stored Power|p2a: Rock Candy\n|-damage|p2a: Rock Candy|20\/100\n|move|p2b: Stiff Snail|Flamethrower|p1b: Espathra\n|-damage|p1b: Espathra|41\/100\n|move|p2a: Rock Candy|Diamond Storm|p1b: Espathra|[spread] p1a,p1b\n|-resisted|p1a: Iron Wish\n|-damage|p1a: Iron Wish|58\/100 brn\n|-damage|p1b: Espathra|0 fnt\n|faint|p1b: Espathra\n|\n|-weather|SunnyDay|[upkeep]\n|-heal|p1a: Iron Wish|100\/100 brn|[from] move: Wish|[wisher] Iron Wish\n|-damage|p1a: Iron Wish|94\/100 brn|[from] brn\n|upkeep\n|\n|t:|1700460534\n|switch|p1b: Aqua Marine|Milotic, F|100\/100\n|turn|15\n|\n|t:|1700460540\n|move|p1a: Iron Wish|Stored Power|p2a: Rock Candy\n|-crit|p2a: Rock Candy\n|-damage|p2a: Rock Candy|0 fnt\n|faint|p2a: Rock Candy\n|move|p1b: Aqua Marine|Coil|p1b: Aqua Marine\n|-boost|p1b: Aqua Marine|atk|1\n|-boost|p1b: Aqua Marine|def|1\n|-boost|p1b: Aqua Marine|accuracy|1\n|move|p2b: Stiff Snail|Flamethrower|p1a: Iron Wish\n|-supereffective|p1a: Iron Wish\n|-damage|p1a: Iron Wish|76\/100 brn\n|\n|-weather|none\n|-heal|p1a: Iron Wish|82\/100 brn|[from] item: Leftovers\n|-damage|p1a: Iron Wish|76\/100 brn|[from] brn\n|upkeep\n|\n|t:|1700460545\n|switch|p2a: Hood|Farigiraf, M|100\/100\n|-damage|p2a: Hood|88\/100|[from] Stealth Rock\n|turn|16\n|inactive|kittyredheart has 120 seconds left.\n|\n|t:|1700460560\n|move|p1a: Iron Wish|Stored Power|p2b: Stiff Snail\n|-resisted|p2b: Stiff Snail\n|-damage|p2b: Stiff Snail|72\/100\n|move|p1b: Aqua Marine|Hypnosis|p2a: Hood\n|-status|p2a: Hood|slp|[from] move: Hypnosis\n|move|p2b: Stiff Snail|Thunderbolt|p1b: Aqua Marine\n|-supereffective|p1b: Aqua Marine\n|-damage|p1b: Aqua Marine|58\/100\n|cant|p2a: Hood|slp\n|\n|-heal|p1a: Iron Wish|82\/100 brn|[from] item: Leftovers\n|-damage|p1a: Iron Wish|76\/100 brn|[from] brn\n|upkeep\n|turn|17\n|n|!lebobguy|lebobguy\n|inactive|lebobguy has 120 seconds left.\n|\n|t:|1700460590\n|move|p1a: Iron Wish|Stored Power|p2a: Hood\n|-resisted|p2a: Hood\n|-damage|p2a: Hood|41\/100 slp\n|move|p1b: Aqua Marine|Coil|p1b: Aqua Marine\n|-boost|p1b: Aqua Marine|atk|1\n|-boost|p1b: Aqua Marine|def|1\n|-boost|p1b: Aqua Marine|accuracy|1\n|-curestatus|p2a: Hood|slp|[msg]\n|move|p2a: Hood|Shadow Ball|p1a: Iron Wish\n|-supereffective|p1a: Iron Wish\n|-crit|p1a: Iron Wish\n|-damage|p1a: Iron Wish|15\/100 brn\n|-unboost|p1a: Iron Wish|spd|1\n|move|p2b: Stiff Snail|Thunderbolt|p1b: Aqua Marine\n|-supereffective|p1b: Aqua Marine\n|-damage|p1b: Aqua Marine|19\/100\n|\n|-heal|p1a: Iron Wish|21\/100 brn|[from] item: Leftovers\n|-damage|p1a: Iron Wish|15\/100 brn|[from] brn\n|upkeep\n|turn|18\n|\n|t:|1700460620\n|move|p1a: Iron Wish|Wish|p1a: Iron Wish\n|move|p1b: Aqua Marine|Hypnosis|p2a: Hood\n|-status|p2a: Hood|slp|[from] move: Hypnosis\n|move|p2b: Stiff Snail|Flamethrower|p1a: Iron Wish\n|-supereffective|p1a: Iron Wish\n|-damage|p1a: Iron Wish|1\/100 brn\n|cant|p2a: Hood|slp\n|\n|-heal|p1a: Iron Wish|7\/100 brn|[from] item: Leftovers\n|-damage|p1a: Iron Wish|1\/100 brn|[from] brn\n|upkeep\n|turn|19\n|\n|t:|1700460642\n|move|p1a: Iron Wish|Stored Power|p2a: Hood\n|-resisted|p2a: Hood\n|-damage|p2a: Hood|0 fnt\n|faint|p2a: Hood\n|move|p1b: Aqua Marine|Hypnosis|p2b: Stiff Snail\n|-status|p2b: Stiff Snail|slp|[from] move: Hypnosis\n|cant|p2b: Stiff Snail|slp\n|\n|-heal|p1a: Iron Wish|51\/100 brn|[from] move: Wish|[wisher] Iron Wish\n|-heal|p1a: Iron Wish|57\/100 brn|[from] item: Leftovers\n|-damage|p1a: Iron Wish|51\/100 brn|[from] brn\n|upkeep\n|turn|20\n|c|\u2606kittyredheart|no\n|c|\u2606kittyredheart|yes\n|\n|t:|1700460656\n|move|p1a: Iron Wish|Wish|p1a: Iron Wish\n|move|p1b: Aqua Marine|Rest|p1b: Aqua Marine\n|-status|p1b: Aqua Marine|slp|[from] move: Rest\n|-heal|p1b: Aqua Marine|100\/100 slp|[silent]\n|-enditem|p1b: Aqua Marine|Chesto Berry|[eat]\n|-curestatus|p1b: Aqua Marine|slp|[msg]\n|cant|p2b: Stiff Snail|slp\n|\n|-heal|p1a: Iron Wish|57\/100 brn|[from] item: Leftovers\n|-damage|p1a: Iron Wish|51\/100 brn|[from] brn\n|upkeep\n|turn|21\n|\n|t:|1700460669\n|move|p1a: Iron Wish|Cosmic Power|p1a: Iron Wish\n|-boost|p1a: Iron Wish|def|0\n|-boost|p1a: Iron Wish|spd|1\n|move|p1b: Aqua Marine|Scald|p2b: Stiff Snail\n|-resisted|p2b: Stiff Snail\n|-damage|p2b: Stiff Snail|65\/100 slp\n|cant|p2b: Stiff Snail|slp\n|\n|-heal|p1a: Iron Wish|100\/100 brn|[from] move: Wish|[wisher] Iron Wish\n|-damage|p1a: Iron Wish|94\/100 brn|[from] brn\n|upkeep\n|turn|22\n|-message|lebobguy forfeited.\n|\n|win|kittyredheart\n|raw|kittyredheart's rating: 1418 &rarr; <strong>1445<\/strong><br \/>(+27 for winning)\n|raw|lebobguy's rating: 1539 &rarr; <strong>1512<\/strong><br \/>(-27 for losing)\n","uploadtime":1700460569,"views":4,"p1id":"kittyredheart","p2id":"lebobguy","formatid":"gen9doublesou","rating":1445,"private":0,"password":""}