{"id":"gen9doublesou-1978191804","p1":"GamiToki.","p2":"ExplodingKirb","format":"[Gen 9] Doubles OU","log":"|j|\u2606GamiToki.\n|j|\u2606ExplodingKirb\n|t:|1698510938\n|gametype|doubles\n|player|p1|GamiToki.|acetrainer|1389\n|player|p2|ExplodingKirb|riley|1397\n|teamsize|p1|6\n|teamsize|p2|6\n|gen|9\n|tier|[Gen 9] Doubles OU\n|rated|\n|rule|Species Clause: Limit one of each Pok\u00e9mon\n|rule|OHKO Clause: OHKO moves are banned\n|rule|Evasion Moves Clause: Evasion moves are banned\n|rule|Gravity Sleep Clause: The combination of sleep-inducing moves with imperfect accuracy and Gravity or Gigantamax Orbeetle are banned\n|rule|Endless Battle Clause: Forcing endless battles is banned\n|rule|HP Percentage Mod: HP is shown in percentages\n|clearpoke\n|poke|p1|Ogerpon-Hearthflame, F|\n|poke|p1|Manaphy|\n|poke|p1|Clefairy, F|\n|poke|p1|Mandibuzz, F|\n|poke|p1|Diancie|\n|poke|p1|Thundurus, M|\n|poke|p2|Landorus-Therian, M|\n|poke|p2|Jirachi|\n|poke|p2|Whiscash, F|\n|poke|p2|Chi-Yu|\n|poke|p2|Rillaboom, F|\n|poke|p2|Flutter Mane|\n|teampreview\n|inactive|Battle timer is ON: inactive players will automatically lose when time's up. (requested by GamiToki.)\n|inactive|GamiToki. has 120 seconds left.\n|\n|t:|1698510982\n|start\n|switch|p1a: Diancie|Diancie|100\/100\n|switch|p1b: Thundurus|Thundurus, M|100\/100\n|switch|p2a: Landorus|Landorus-Therian, M|100\/100\n|switch|p2b: Jirachi|Jirachi|100\/100\n|-ability|p2a: Landorus|Intimidate|boost\n|-fail|p1a: Diancie|unboost|[from] ability: Clear Body|[of] p1a: Diancie\n|-unboost|p1b: Thundurus|atk|1\n|turn|1\n|\n|t:|1698511006\n|-terastallize|p1a: Diancie|Grass\n|move|p1b: Thundurus|Thunder Wave|p2b: Jirachi\n|-status|p2b: Jirachi|par\n|move|p2a: Landorus|Rock Slide|p1b: Thundurus|[spread] p1a,p1b\n|-supereffective|p1b: Thundurus\n|-damage|p1a: Diancie|84\/100\n|-damage|p1b: Thundurus|55\/100\n|move|p2b: Jirachi|Skill Swap|p2a: Landorus\n|-activate|p2b: Jirachi|move: Skill Swap|||[of] p2a: Landorus\n|-ability|p2b: Jirachi|Intimidate|boost\n|-fail|p1a: Diancie|unboost|[from] ability: Clear Body|[of] p1a: Diancie\n|-unboost|p1b: Thundurus|atk|1\n|move|p1a: Diancie|Diamond Storm|p2b: Jirachi|[spread] p2a,p2b\n|-resisted|p2b: Jirachi\n|-damage|p2a: Landorus|69\/100\n|-damage|p2b: Jirachi|87\/100 par\n|\n|-heal|p1b: Thundurus|61\/100|[from] item: Leftovers\n|-heal|p1a: Diancie|91\/100|[from] item: Leftovers\n|upkeep\n|turn|2\n|inactive|GamiToki. has 120 seconds left.\n|c|\u2606ExplodingKirb|now flinsh\n|\n|t:|1698511048\n|move|p2a: Landorus|Rock Slide|p1b: Thundurus|[spread] p1a,p1b\n|-supereffective|p1b: Thundurus\n|-damage|p1a: Diancie|76\/100\n|-damage|p1b: Thundurus|17\/100\n|cant|p1b: Thundurus|flinch\n|move|p2b: Jirachi|Iron Head|p1a: Diancie\n|-damage|p1a: Diancie|49\/100\n|cant|p1a: Diancie|flinch\n|\n|-heal|p1b: Thundurus|23\/100|[from] item: Leftovers\n|-heal|p1a: Diancie|55\/100|[from] item: Leftovers\n|upkeep\n|turn|3\n|inactive|GamiToki. has 120 seconds left.\n|\n|t:|1698511067\n|switch|p2b: Chi-Yu|Chi-Yu|100\/100\n|-ability|p2b: Chi-Yu|Beads of Ruin\n|move|p2a: Landorus|Rock Slide|p1a: Diancie|[spread] p1a,p1b\n|-supereffective|p1b: Thundurus\n|-damage|p1a: Diancie|41\/100\n|-damage|p1b: Thundurus|0 fnt\n|faint|p1b: Thundurus\n|cant|p1a: Diancie|flinch\n|\n|-heal|p1a: Diancie|47\/100|[from] item: Leftovers\n|upkeep\n|inactive|GamiToki. has 120 seconds left.\n|\n|t:|1698511096\n|switch|p1b: Manaphy|Manaphy|100\/100\n|turn|4\n|\n|t:|1698511102\n|move|p2a: Landorus|Rock Slide|p1b: Manaphy|[spread] p1a,p1b\n|-damage|p1a: Diancie|31\/100\n|-damage|p1b: Manaphy|84\/100\n|move|p2b: Chi-Yu|Nasty Plot|p2b: Chi-Yu\n|-boost|p2b: Chi-Yu|spa|2\n|cant|p1b: Manaphy|flinch\n|cant|p1a: Diancie|flinch\n|\n|-heal|p1b: Manaphy|91\/100|[from] item: Leftovers\n|-heal|p1a: Diancie|37\/100|[from] item: Leftovers\n|upkeep\n|turn|5\n|\n|t:|1698511120\n|move|p2a: Landorus|Rock Slide|p1b: Manaphy|[spread] p1a,p1b\n|-damage|p1a: Diancie|23\/100\n|-damage|p1b: Manaphy|75\/100\n|move|p2b: Chi-Yu|Heat Wave|p1a: Diancie|[spread] p1a,p1b\n|-supereffective|p1a: Diancie\n|-resisted|p1b: Manaphy\n|-crit|p1b: Manaphy\n|-damage|p1a: Diancie|0 fnt\n|-damage|p1b: Manaphy|31\/100\n|faint|p1a: Diancie\n|cant|p1b: Manaphy|flinch\n|\n|-heal|p1b: Manaphy|37\/100|[from] item: Leftovers\n|upkeep\n|\n|t:|1698511135\n|switch|p1a: Ogerpon|Ogerpon-Hearthflame, F|100\/100\n|-ability|p1a: Ogerpon|Mold Breaker\n|turn|6\n|\n|t:|1698511145\n|-terastallize|p2b: Chi-Yu|Water\n|move|p2a: Landorus|Rock Slide|p1a: Ogerpon|[spread] p1b\n|-miss|p2a: Landorus|p1a: Ogerpon\n|-damage|p1b: Manaphy|22\/100\n|move|p1a: Ogerpon|Horn Leech|p2a: Landorus\n|-damage|p2a: Landorus|14\/100\n|move|p2b: Chi-Yu|Heat Wave|p1a: Ogerpon|[spread] p1a,p1b\n|-crit|p1a: Ogerpon\n|-resisted|p1b: Manaphy\n|-damage|p1a: Ogerpon|0 fnt\n|-damage|p1b: Manaphy|0 fnt\n|faint|p1a: Ogerpon\n|faint|p1b: Manaphy\n|\n|upkeep\n|\n|t:|1698511161\n|switch|p1a: Clefairy|Clefairy, F|100\/100\n|switch|p1b: Mandibuzz|Mandibuzz, F|100\/100\n|turn|7\n|\n|t:|1698511169\n|move|p2a: Landorus|Rock Slide|p1b: Mandibuzz|[spread] p1a,p1b\n|-supereffective|p1b: Mandibuzz\n|-damage|p1a: Clefairy|80\/100\n|-damage|p1b: Mandibuzz|82\/100\n|move|p2b: Chi-Yu|Heat Wave|p1a: Clefairy|[spread] p1a,p1b\n|-damage|p1a: Clefairy|19\/100\n|-damage|p1b: Mandibuzz|32\/100\n|cant|p1b: Mandibuzz|flinch\n|cant|p1a: Clefairy|flinch\n|\n|-heal|p1b: Mandibuzz|38\/100|[from] item: Leftovers\n|upkeep\n|turn|8\n|\n|t:|1698511184\n|move|p2a: Landorus|Rock Slide|p1b: Mandibuzz|[spread] p1a,p1b\n|-supereffective|p1b: Mandibuzz\n|-damage|p1a: Clefairy|0 fnt\n|-damage|p1b: Mandibuzz|19\/100\n|faint|p1a: Clefairy\n|move|p2b: Chi-Yu|Heat Wave|p1b: Mandibuzz\n|-damage|p1b: Mandibuzz|0 fnt\n|faint|p1b: Mandibuzz\n|\n|win|ExplodingKirb\n|raw|GamiToki.'s rating: 1389 &rarr; <strong>1369<\/strong><br \/>(-20 for losing)\n|raw|ExplodingKirb's rating: 1397 &rarr; <strong>1417<\/strong><br \/>(+20 for winning)\n","uploadtime":1698511195,"views":33,"p1id":"gamitoki","p2id":"explodingkirb","formatid":"gen9doublesou","rating":1369,"private":0,"password":""}