{"id":"gen9doublesou-1977568232","p1":"Djeez","p2":"Blonking","format":"[Gen 9] Doubles OU","log":"|j|\u2606Djeez\n|j|\u2606Blonking\n|inactive|Battle timer is ON: inactive players will automatically lose when time's up.\n|t:|1698428038\n|gametype|doubles\n|player|p1|Djeez|rocketgrunt|\n|player|p2|Blonking|102|\n|teamsize|p1|6\n|teamsize|p2|6\n|gen|9\n|tier|[Gen 9] Doubles OU\n|rated|Tournament battle\n|rule|Species Clause: Limit one of each Pok\u00e9mon\n|rule|OHKO Clause: OHKO moves are banned\n|rule|Evasion Moves Clause: Evasion moves are banned\n|rule|Gravity Sleep Clause: The combination of sleep-inducing moves with imperfect accuracy and Gravity or Gigantamax Orbeetle are banned\n|rule|Endless Battle Clause: Forcing endless battles is banned\n|rule|HP Percentage Mod: HP is shown in percentages\n|clearpoke\n|poke|p1|Baxcalibur, M|\n|poke|p1|Rabsca, F|\n|poke|p1|Magnezone|\n|poke|p1|Gastrodon, M|\n|poke|p1|Weavile, F|\n|poke|p1|Mightyena, F|\n|poke|p2|Bellibolt, F|\n|poke|p2|Cetitan, M|\n|poke|p2|Gogoat, M|\n|poke|p2|Arcanine, F|\n|poke|p2|Clawitzer, M|\n|poke|p2|Charmeleon, M|\n|teampreview\n|j|*Lady Monita \u263d\n|inactive|Djeez also wants the timer to be on.\n|inactive|Blonking also wants the timer to be on.\n|c|\u2606Djeez|glhf\n|j| WafflyWaff\n|c|\u2606Blonking|u2\n|\n|t:|1698428067\n|start\n|switch|p1a: Weavile|Weavile, F|100\/100\n|switch|p1b: Gastrodon|Gastrodon, M|100\/100\n|switch|p2a: Arcanine|Arcanine, F|100\/100\n|switch|p2b: Charmeleon|Charmeleon, M|100\/100\n|-ability|p1a: Weavile|Pressure\n|-ability|p2a: Arcanine|Intimidate|boost\n|-unboost|p1a: Weavile|atk|1\n|-unboost|p1b: Gastrodon|atk|1\n|turn|1\n|j| Zwellish\n|\n|t:|1698428083\n|switch|p1a: Baxcalibur|Baxcalibur, M|100\/100\n|switch|p2a: Gogoat|Gogoat, M|100\/100\n|move|p2b: Charmeleon|Overheat|p1a: Baxcalibur\n|-damage|p1a: Baxcalibur|23\/100\n|-unboost|p2b: Charmeleon|spa|2\n|-ability|p1a: Baxcalibur|Thermal Exchange|boost\n|-boost|p1a: Baxcalibur|atk|1\n|move|p1b: Gastrodon|Stealth Rock|p2a: Gogoat\n|-sidestart|p2: Blonking|move: Stealth Rock\n|\n|upkeep\n|turn|2\n|\n|t:|1698428103\n|switch|p2b: Arcanine|Arcanine, F|100\/100\n|-damage|p2b: Arcanine|75\/100|[from] Stealth Rock\n|-ability|p2b: Arcanine|Intimidate|boost\n|-unboost|p1a: Baxcalibur|atk|1\n|-unboost|p1b: Gastrodon|atk|1\n|move|p1a: Baxcalibur|Icicle Crash|p2a: Gogoat\n|-supereffective|p2a: Gogoat\n|-damage|p2a: Gogoat|0 fnt\n|faint|p2a: Gogoat\n|move|p1b: Gastrodon|Earth Power|p2b: Arcanine\n|-supereffective|p2b: Arcanine\n|-damage|p2b: Arcanine|19\/100\n|\n|-heal|p2b: Arcanine|25\/100|[from] item: Leftovers\n|upkeep\n|\n|t:|1698428107\n|switch|p2a: Clawitzer|Clawitzer, M|100\/100\n|-damage|p2a: Clawitzer|88\/100|[from] Stealth Rock\n|turn|3\n|j| HEAVY-DUTY B0OTY\n|l| Zwellish\n|\n|t:|1698428133\n|switch|p1a: Rabsca|Rabsca, F|100\/100\n|switch|p2b: Charmeleon|Charmeleon, M|100\/100\n|-damage|p2b: Charmeleon|76\/100|[from] Stealth Rock\n|move|p2a: Clawitzer|Aura Sphere|p1a: Rabsca\n|-resisted|p1a: Rabsca\n|-damage|p1a: Rabsca|91\/100\n|move|p1b: Gastrodon|Earth Power|p2b: Charmeleon\n|-supereffective|p2b: Charmeleon\n|-damage|p2b: Charmeleon|0 fnt\n|faint|p2b: Charmeleon\n|\n|-heal|p1a: Rabsca|97\/100|[from] item: Leftovers\n|upkeep\n|\n|t:|1698428145\n|switch|p2b: Bellibolt|Bellibolt, F|100\/100\n|-damage|p2b: Bellibolt|88\/100|[from] Stealth Rock\n|-item|p2b: Bellibolt|Air Balloon\n|turn|4\n|j| jzurf\n|c| WafflyWaff|blud getting clapped\n|j| uglyneo\n|j| ThatBoyBobby\n|c|\u2606Blonking|Ik :\/\n|c|\u2606Blonking|atleast i somehow got in the finals\n|\n|t:|1698428173\n|switch|p2a: Arcanine|Arcanine, F|25\/100\n|-damage|p2a: Arcanine|0 fnt|[from] Stealth Rock\n|faint|p2a: Arcanine\n|move|p1a: Rabsca|Leech Life|p2b: Bellibolt\n|-damage|p2b: Bellibolt|74\/100\n|-heal|p1a: Rabsca|100\/100|[from] drain|[of] p2b: Bellibolt\n|-start|p2b: Bellibolt|Charge|Leech Life|[from] ability: Electromorphosis\n|-enditem|p2b: Bellibolt|Air Balloon\n|move|p2b: Bellibolt|Hyper Voice|p1b: Gastrodon|[spread] p1a,p1b\n|-damage|p1a: Rabsca|79\/100\n|-damage|p1b: Gastrodon|85\/100\n|move|p1b: Gastrodon|Earth Power|p2b: Bellibolt\n|-supereffective|p2b: Bellibolt\n|-crit|p2b: Bellibolt\n|-damage|p2b: Bellibolt|0 fnt\n|faint|p2b: Bellibolt\n|\n|-heal|p1a: Rabsca|85\/100|[from] item: Leftovers\n|-heal|p1b: Gastrodon|91\/100|[from] item: Leftovers\n|upkeep\n|inactive|Blonking has 120 seconds left.\n|\n|t:|1698428188\n|switch|p2a: Clawitzer|Clawitzer, M|88\/100\n|switch|p2b: Cetitan|Cetitan, M|100\/100\n|-damage|p2a: Clawitzer|76\/100|[from] Stealth Rock\n|-damage|p2b: Cetitan|76\/100|[from] Stealth Rock\n|turn|5\n|c|\u2606Blonking|welp\n|c|\u2606Blonking|gg\n|\n|t:|1698428207\n|move|p2a: Clawitzer|Dark Pulse|p1a: Rabsca\n|-supereffective|p1a: Rabsca\n|-damage|p1a: Rabsca|15\/100\n|move|p2b: Cetitan|Belly Drum|p2b: Cetitan\n|-damage|p2b: Cetitan|26\/100\n|-setboost|p2b: Cetitan|atk|6|[from] move: Belly Drum\n|-enditem|p2b: Cetitan|Sitrus Berry|[eat]\n|-heal|p2b: Cetitan|50\/100|[from] item: Sitrus Berry\n|move|p1a: Rabsca|Gunk Shot|p2a: Clawitzer\n|-damage|p2a: Clawitzer|55\/100\n|move|p1b: Gastrodon|Earth Power|p2a: Clawitzer\n|-damage|p2a: Clawitzer|16\/100\n|\n|-heal|p1a: Rabsca|21\/100|[from] item: Leftovers\n|-heal|p1b: Gastrodon|97\/100|[from] item: Leftovers\n|upkeep\n|turn|6\n|\n|t:|1698428228\n|move|p1a: Rabsca|Protect|p1a: Rabsca\n|-singleturn|p1a: Rabsca|Protect\n|move|p2a: Clawitzer|Dark Pulse|p1a: Rabsca\n|-activate|p1a: Rabsca|move: Protect\n|move|p2b: Cetitan|Ice Spinner|p1b: Gastrodon\n|-damage|p1b: Gastrodon|0 fnt\n|faint|p1b: Gastrodon\n|\n|-heal|p1a: Rabsca|27\/100|[from] item: Leftovers\n|upkeep\n|inactive|Djeez has 120 seconds left.\n|\n|t:|1698428256\n|switch|p1b: Magnezone|Magnezone|100\/100\n|-item|p1b: Magnezone|Air Balloon\n|turn|7\n|\n|t:|1698428263\n|move|p2a: Clawitzer|Dark Pulse|p1b: Magnezone\n|-damage|p1b: Magnezone|59\/100\n|-enditem|p1b: Magnezone|Air Balloon\n|move|p2b: Cetitan|Earthquake|p1a: Rabsca|[spread] p2a,p1a,p1b\n|-resisted|p1a: Rabsca\n|-supereffective|p1b: Magnezone\n|-damage|p2a: Clawitzer|0 fnt\n|-damage|p1a: Rabsca|0 fnt\n|-damage|p1b: Magnezone|0 fnt\n|faint|p2a: Clawitzer\n|faint|p1a: Rabsca\n|faint|p1b: Magnezone\n|\n|upkeep\n|c|\u2606Blonking|1v3\n|\n|t:|1698428278\n|switch|p1b: Baxcalibur|Baxcalibur, M|23\/100\n|switch|p1a: Weavile|Weavile, F|100\/100\n|-ability|p1a: Weavile|Pressure\n|turn|8\n|j| CoolThingDude\n|c|\u2606Blonking|gg\n|\n|t:|1698428292\n|move|p1a: Weavile|Fake Out|p2b: Cetitan\n|-damage|p2b: Cetitan|37\/100\n|move|p1b: Baxcalibur|Brick Break|p2b: Cetitan\n|-supereffective|p2b: Cetitan\n|-damage|p2b: Cetitan|0 fnt\n|faint|p2b: Cetitan\n|\n|win|Djeez\n|n|\u2606Djeez|djeez\n|n|\u2606Blonking|blonking\n|n|*Lady Monita \u263d|ladymonita\n|n| WafflyWaff|wafflywaff\n|n| HEAVY-DUTY B0OTY|heavydutyb0oty\n|n| jzurf|jzurf\n|n| uglyneo|uglyneo\n|n| ThatBoyBobby|thatboybobby\n|n| CoolThingDude|coolthingdude\n","uploadtime":1698428293,"views":10,"p1id":"djeez","p2id":"blonking","formatid":"gen9doublesou","rating":0,"private":0,"password":""}