{"id":"gen9doublesou-1977288114","p1":"Mr_Duck666","p2":"panama player","format":"[Gen 9] Doubles OU","log":"|j|\u2606Mr_Duck666\n|j|\u2606panama player\n|t:|1698399852\n|gametype|doubles\n|player|p1|Mr_Duck666|102|1392\n|player|p2|panama player|266|1453\n|teamsize|p1|6\n|teamsize|p2|6\n|gen|9\n|tier|[Gen 9] Doubles OU\n|rated|\n|rule|Species Clause: Limit one of each Pok\u00e9mon\n|rule|OHKO Clause: OHKO moves are banned\n|rule|Evasion Moves Clause: Evasion moves are banned\n|rule|Gravity Sleep Clause: The combination of sleep-inducing moves with imperfect accuracy and Gravity or Gigantamax Orbeetle are banned\n|rule|Endless Battle Clause: Forcing endless battles is banned\n|rule|HP Percentage Mod: HP is shown in percentages\n|clearpoke\n|poke|p1|Torkoal, M|\n|poke|p1|Maushold|\n|poke|p1|Bruxish, F|\n|poke|p1|Cresselia, F|\n|poke|p1|Ursaluna, F|\n|poke|p1|Kingambit, F|\n|poke|p2|Kingambit, M|\n|poke|p2|Tornadus, M|\n|poke|p2|Gholdengo|\n|poke|p2|Iron Hands|\n|poke|p2|Heatran, F|\n|poke|p2|Ogerpon-Wellspring, F|\n|teampreview\n|\n|t:|1698399867\n|start\n|switch|p1a: Maushold|Maushold|100\/100\n|switch|p1b: Bruxish|Bruxish, F|100\/100\n|switch|p2a: Tornadus|Tornadus, M|100\/100\n|switch|p2b: Iron Hands|Iron Hands|100\/100\n|turn|1\n|\n|t:|1698399879\n|move|p1a: Maushold|Follow Me|p1a: Maushold\n|-singleturn|p1a: Maushold|move: Follow Me\n|move|p2a: Tornadus|Taunt||[still]\n|cant|p1b: Bruxish|ability: Dazzling|Taunt|[of] p2a: Tornadus\n|move|p2b: Iron Hands|Wild Charge|p1a: Maushold\n|-damage|p1a: Maushold|33\/100\n|-damage|p2b: Iron Hands|91\/100|[from] Recoil\n|move|p1b: Bruxish|Trick Room|p1b: Bruxish\n|-fieldstart|move: Trick Room|[of] p1b: Bruxish\n|\n|-heal|p2b: Iron Hands|97\/100|[from] item: Leftovers\n|upkeep\n|turn|2\n|\n|t:|1698399913\n|switch|p1a: Torkoal|Torkoal, M|100\/100\n|-weather|SunnyDay|[from] ability: Drought|[of] p1a: Torkoal\n|switch|p2a: Kingambit|Kingambit, M|100\/100\n|move|p1b: Bruxish|Aqua Jet|p1a: Torkoal\n|-supereffective|p1a: Torkoal\n|-damage|p1a: Torkoal|88\/100\n|-enditem|p1a: Torkoal|Weakness Policy\n|-boost|p1a: Torkoal|atk|2|[from] item: Weakness Policy\n|-boost|p1a: Torkoal|spa|2|[from] item: Weakness Policy\n|move|p2b: Iron Hands|Drain Punch|p1a: Torkoal\n|-damage|p1a: Torkoal|63\/100\n|-heal|p2b: Iron Hands|100\/100|[from] drain|[of] p1a: Torkoal\n|\n|-weather|SunnyDay|[upkeep]\n|upkeep\n|turn|3\n|\n|t:|1698399950\n|-terastallize|p1a: Torkoal|Fire\n|move|p2a: Kingambit|Sucker Punch||[still]\n|cant|p1b: Bruxish|ability: Dazzling|Sucker Punch|[of] p2a: Kingambit\n|move|p1a: Torkoal|Heat Wave|p2b: Iron Hands|[spread] p2a,p2b\n|-supereffective|p2a: Kingambit\n|-damage|p2a: Kingambit|0 fnt\n|-damage|p2b: Iron Hands|22\/100\n|faint|p2a: Kingambit\n|move|p2b: Iron Hands|Drain Punch|p1a: Torkoal\n|-damage|p1a: Torkoal|36\/100\n|-heal|p2b: Iron Hands|32\/100|[from] drain|[of] p1a: Torkoal\n|move|p1b: Bruxish|Psychic Fangs|p2b: Iron Hands\n|-supereffective|p2b: Iron Hands\n|-damage|p2b: Iron Hands|0 fnt\n|faint|p2b: Iron Hands\n|-end|p2b: Iron Hands|Quark Drive|[silent]\n|\n|-weather|SunnyDay|[upkeep]\n|upkeep\n|\n|t:|1698399966\n|switch|p2b: Heatran|Heatran, F|100\/100\n|switch|p2a: Tornadus|Tornadus, M|100\/100\n|turn|4\n|\n|t:|1698399980\n|move|p2a: Tornadus|Rain Dance|p2a: Tornadus\n|-weather|RainDance\n|move|p1a: Torkoal|Heat Wave|p2a: Tornadus|[spread] p2a\n|-start|p2b: Heatran|ability: Flash Fire\n|-damage|p2a: Tornadus|54\/100\n|move|p1b: Bruxish|Psychic Fangs|p2a: Tornadus\n|-damage|p2a: Tornadus|5\/100\n|move|p2b: Heatran|Tera Blast|p1a: Torkoal\n|-crit|p1a: Torkoal\n|-damage|p1a: Torkoal|0 fnt\n|faint|p1a: Torkoal\n|-damage|p2b: Heatran|91\/100|[from] item: Life Orb\n|\n|-weather|RainDance|[upkeep]\n|upkeep\n|\n|t:|1698400013\n|switch|p1a: Maushold|Maushold|33\/100\n|turn|5\n|inactive|Battle timer is ON: inactive players will automatically lose when time's up. (requested by panama player)\n|\n|t:|1698400026\n|-terastallize|p2b: Heatran|Grass\n|move|p1b: Bruxish|Aqua Jet|p2a: Tornadus\n|-damage|p2a: Tornadus|0 fnt\n|faint|p2a: Tornadus\n|move|p2b: Heatran|Tera Blast|p1b: Bruxish|[anim] Tera Blast Grass\n|-supereffective|p1b: Bruxish\n|-enditem|p1b: Bruxish|Focus Sash\n|-damage|p1b: Bruxish|1\/100\n|-damage|p2b: Heatran|81\/100|[from] item: Life Orb\n|move|p1a: Maushold|Population Bomb|p2b: Heatran\n|-damage|p2b: Heatran|70\/100\n|-damage|p2b: Heatran|59\/100\n|-damage|p2b: Heatran|49\/100\n|-damage|p2b: Heatran|39\/100\n|-damage|p2b: Heatran|29\/100\n|-hitcount|p2b: Heatran|5\n|\n|-weather|RainDance|[upkeep]\n|-fieldend|move: Trick Room\n|upkeep\n|\n|t:|1698400043\n|switch|p2a: Gholdengo|Gholdengo|100\/100\n|turn|6\n|\n|t:|1698400049\n|move|p2b: Heatran|Protect|p2b: Heatran\n|-singleturn|p2b: Heatran|Protect\n|move|p1a: Maushold|Follow Me|p1a: Maushold\n|-singleturn|p1a: Maushold|move: Follow Me\n|move|p2a: Gholdengo|Make It Rain|p1a: Maushold|[spread] p1a,p1b\n|-resisted|p1b: Bruxish\n|-damage|p1a: Maushold|0 fnt\n|-damage|p1b: Bruxish|0 fnt\n|-unboost|p2a: Gholdengo|spa|1\n|faint|p1a: Maushold\n|faint|p1b: Bruxish\n|\n|-weather|RainDance|[upkeep]\n|upkeep\n|\n|t:|1698400063\n|switch|p1a: Cresselia|Cresselia, F|100\/100\n|switch|p1b: Ursaluna|Ursaluna, F|100\/100\n|turn|7\n|\n|t:|1698400073\n|switch|p2a: Ogerpon|Ogerpon-Wellspring, F|100\/100\n|move|p1b: Ursaluna|Protect|p1b: Ursaluna\n|-singleturn|p1b: Ursaluna|Protect\n|move|p2b: Heatran|Tera Blast|p1b: Ursaluna|[anim] Tera Blast Grass\n|-activate|p1b: Ursaluna|move: Protect\n|move|p1a: Cresselia|Trick Room|p1a: Cresselia\n|-fieldstart|move: Trick Room|[of] p1a: Cresselia\n|\n|-weather|RainDance|[upkeep]\n|-status|p1b: Ursaluna|brn|[from] item: Flame Orb\n|upkeep\n|turn|8\n|inactive|Mr_Duck666 has 120 seconds left.\n|\n|t:|1698400119\n|move|p2b: Heatran|Protect|p2b: Heatran\n|-singleturn|p2b: Heatran|Protect\n|move|p1b: Ursaluna|Facade|p2a: Ogerpon\n|-damage|p2a: Ogerpon|0 fnt\n|faint|p2a: Ogerpon\n|move|p1a: Cresselia|Lunar Blessing|p1a: Cresselia|[spread] p1a,p1b\n|-curestatus|p1b: Ursaluna|brn|[msg]\n|\n|-weather|none\n|-status|p1b: Ursaluna|brn|[from] item: Flame Orb\n|upkeep\n|-message|panama player forfeited.\n|\n|win|Mr_Duck666\n|raw|Mr_Duck666's rating: 1392 &rarr; <strong>1415<\/strong><br \/>(+23 for winning)\n|raw|panama player's rating: 1453 &rarr; <strong>1430<\/strong><br \/>(-23 for losing)\n|l|\u2606panama player\n","uploadtime":1698400794,"views":18,"p1id":"mrduck666","p2id":"panamaplayer","formatid":"gen9doublesou","rating":1415,"private":0,"password":""}