{"id":"gen9doublesou-1989573233","p1":"Muntasir111","p2":"pogchimp970314","format":"[Gen 9] Doubles OU","log":"|j|\u2606Muntasir111\n|j|\u2606pogchimp970314\n|inactive|Battle timer is ON: inactive players will automatically lose when time's up.\n|t:|1699873336\n|gametype|doubles\n|player|p1|Muntasir111|102|\n|player|p2|pogchimp970314|elesa-masters|\n|teamsize|p1|6\n|teamsize|p2|6\n|gen|9\n|tier|[Gen 9] Doubles OU\n|rated|Tournament battle\n|rule|Species Clause: Limit one of each Pok\u00e9mon\n|rule|OHKO Clause: OHKO moves are banned\n|rule|Evasion Moves Clause: Evasion moves are banned\n|rule|Gravity Sleep Clause: The combination of sleep-inducing moves with imperfect accuracy and Gravity or Gigantamax Orbeetle are banned\n|rule|Endless Battle Clause: Forcing endless battles is banned\n|rule|HP Percentage Mod: HP is shown in percentages\n|clearpoke\n|poke|p1|Ninetales, M|\n|poke|p1|Cufant, F|\n|poke|p1|Shroomish, M|\n|poke|p1|Aipom, M|\n|poke|p1|Smoliv, M|\n|poke|p1|Quaxly, F|\n|poke|p2|Chewtle, M|\n|poke|p2|Nosepass, M|\n|poke|p2|Rabsca, M|\n|poke|p2|Bellsprout, F|\n|poke|p2|Axew, F|\n|poke|p2|Volcarona, M|\n|teampreview\n|j|*Lady Monita \u2746\n|inactive|pogchimp970314 also wants the timer to be on.\n|c|\u2606pogchimp970314|gl\n|c|\u2606Muntasir111|ut\n|\n|t:|1699873365\n|start\n|switch|p1a: Aipom|Aipom, M|100\/100\n|switch|p1b: Ninetales|Ninetales, M|100\/100\n|switch|p2a: Volcarona|Volcarona, M|100\/100\n|switch|p2b: Nosepass|Nosepass, M|100\/100\n|-weather|SunnyDay|[from] ability: Drought|[of] p1b: Ninetales\n|turn|1\n|\n|t:|1699873385\n|-terastallize|p2a: Volcarona|Fire\n|move|p1a: Aipom|Fake Out|p2b: Nosepass\n|-resisted|p2b: Nosepass\n|-damage|p2b: Nosepass|97\/100\n|move|p1b: Ninetales|Solar Beam||[still]\n|-prepare|p1b: Ninetales|Solar Beam\n|-anim|p1b: Ninetales|Solar Beam|p2b: Nosepass\n|-supereffective|p2b: Nosepass\n|-damage|p2b: Nosepass|48\/100\n|-damage|p1b: Ninetales|91\/100|[from] item: Life Orb\n|move|p2a: Volcarona|Heat Wave|p1a: Aipom|[spread] p1b\n|-miss|p2a: Volcarona|p1a: Aipom\n|-resisted|p1b: Ninetales\n|-damage|p1b: Ninetales|26\/100\n|cant|p2b: Nosepass|flinch\n|\n|-weather|SunnyDay|[upkeep]\n|upkeep\n|turn|2\n|\n|t:|1699873408\n|move|p1b: Ninetales|Protect|p1b: Ninetales\n|-singleturn|p1b: Ninetales|Protect\n|move|p2a: Volcarona|Heat Wave|p1a: Aipom|[spread] p1a\n|-activate|p1b: Ninetales|move: Protect\n|-damage|p1a: Aipom|0 fnt\n|faint|p1a: Aipom\n|move|p2b: Nosepass|Iron Defense|p2b: Nosepass\n|-boost|p2b: Nosepass|def|2\n|\n|-weather|SunnyDay|[upkeep]\n|upkeep\n|\n|t:|1699873423\n|switch|p1a: Quaxly|Quaxly, F|100\/100\n|turn|3\n|\n|t:|1699873439\n|move|p2a: Volcarona|Heat Wave|p1a: Quaxly|[spread] p1a,p1b\n|-resisted|p1a: Quaxly\n|-resisted|p1b: Ninetales\n|-damage|p1a: Quaxly|23\/100\n|-damage|p1b: Ninetales|0 fnt\n|faint|p1b: Ninetales\n|move|p1a: Quaxly|Aqua Cutter|p2a: Volcarona\n|-supereffective|p2a: Volcarona\n|-damage|p2a: Volcarona|60\/100\n|move|p2b: Nosepass|Body Press|p1a: Quaxly\n|-damage|p1a: Quaxly|0 fnt\n|faint|p1a: Quaxly\n|\n|-weather|SunnyDay|[upkeep]\n|upkeep\n|inactive|Muntasir111 has 120 seconds left.\n|\n|t:|1699873467\n|switch|p1b: Smoliv|Smoliv, M|100\/100\n|switch|p1a: Cufant|Cufant, F|100\/100\n|turn|4\n|\n|t:|1699873477\n|-terastallize|p1a: Cufant|Flying\n|move|p1b: Smoliv|Protect|p1b: Smoliv\n|-singleturn|p1b: Smoliv|Protect\n|move|p2a: Volcarona|Heat Wave|p1b: Smoliv|[spread] \n|-activate|p1b: Smoliv|move: Protect\n|-miss|p2a: Volcarona|p1a: Cufant\n|move|p1a: Cufant|Earthquake|p2a: Volcarona|[spread] p2a,p2b\n|-activate|p1b: Smoliv|move: Protect\n|-supereffective|p2a: Volcarona\n|-supereffective|p2b: Nosepass\n|-damage|p2a: Volcarona|0 fnt\n|-damage|p2b: Nosepass|34\/100\n|faint|p2a: Volcarona\n|move|p2b: Nosepass|Iron Defense|p2b: Nosepass\n|-boost|p2b: Nosepass|def|2\n|\n|-weather|SunnyDay|[upkeep]\n|upkeep\n|c|\u2606pogchimp970314|lmao\n|\n|t:|1699873495\n|switch|p2a: Rabsca|Rabsca, M|100\/100\n|turn|5\n|\n|t:|1699873503\n|move|p2a: Rabsca|Revival Blessing|p2a: Rabsca\n|-enditem|p2a: Rabsca|Leppa Berry|[eat]\n|-activate|p2a: Rabsca|item: Leppa Berry|Revival Blessing|[consumed]\n|\n|t:|1699873506\n|-heal|p2: Volcarona|50\/100|[from] move: Revival Blessing\n|move|p1a: Cufant|Rock Slide|p2b: Nosepass|[spread] p2a,p2b\n|-supereffective|p2a: Rabsca\n|-damage|p2a: Rabsca|54\/100\n|-damage|p2b: Nosepass|29\/100\n|move|p2b: Nosepass|Rest|p2b: Nosepass\n|-status|p2b: Nosepass|slp|[from] move: Rest\n|-heal|p2b: Nosepass|100\/100 slp|[silent]\n|move|p1b: Smoliv|Leech Seed|p2b: Nosepass\n|-start|p2b: Nosepass|move: Leech Seed\n|\n|-weather|none\n|-damage|p2b: Nosepass|88\/100 slp|[from] Leech Seed|[of] p1b: Smoliv\n|upkeep\n|turn|6\n|c|\u2606Muntasir111|omg\n|c|\u2606Muntasir111|fucking hell\n|c|\u2606pogchimp970314|what\n|c|\u2606Muntasir111|volcarona is back\n|c|\u2606pogchimp970314|mhm\n|inactive|Muntasir111 has 120 seconds left.\n|c|\u2606pogchimp970314|back for round 2\n|\n|t:|1699873544\n|switch|p2a: Axew|Axew, F|100\/100\n|-ability|p2a: Axew|Mold Breaker\n|move|p1b: Smoliv|Helping Hand|p1a: Cufant\n|-singleturn|p1a: Cufant|Helping Hand|[of] p1b: Smoliv\n|move|p1a: Cufant|Rock Slide|p2b: Nosepass|[spread] p2a,p2b\n|-damage|p2a: Axew|64\/100\n|-damage|p2b: Nosepass|81\/100 slp\n|cant|p2b: Nosepass|slp\n|\n|-damage|p2b: Nosepass|69\/100 slp|[from] Leech Seed|[of] p1b: Smoliv\n|upkeep\n|turn|7\n|c|\u2606Muntasir111|i lost\n|c|\u2606Muntasir111|gg\n|c|\u2606Muntasir111|wp\n|c|\u2606pogchimp970314|ok\n|inactive|Muntasir111 has 120 seconds left.\n|-message|Muntasir111 forfeited.\n|\n|win|pogchimp970314\n|n|\u2606Muntasir111|muntasir111\n|n|\u2606pogchimp970314|pogchimp970314\n|n|*Lady Monita \u2746|ladymonita\n","uploadtime":1699873565,"views":16,"p1id":"muntasir111","p2id":"pogchimp970314","formatid":"gen9doublesou","rating":0,"private":0,"password":""}