{"id":"gen9doublesou-1987231649","p1":"mikeyuwu","p2":"frickaes","format":"[Gen 9] Doubles OU","log":"|j|\u2606mikeyuwu\n|j|\u2606frickaes\n|t:|1699567603\n|gametype|doubles\n|player|p1|mikeyuwu|psychic-gen4|1294\n|player|p2|frickaes|burgh|1351\n|teamsize|p1|6\n|teamsize|p2|6\n|gen|9\n|tier|[Gen 9] Doubles OU\n|rated|\n|rule|Species Clause: Limit one of each Pok\u00e9mon\n|rule|OHKO Clause: OHKO moves are banned\n|rule|Evasion Moves Clause: Evasion moves are banned\n|rule|Gravity Sleep Clause: The combination of sleep-inducing moves with imperfect accuracy and Gravity or Gigantamax Orbeetle are banned\n|rule|Endless Battle Clause: Forcing endless battles is banned\n|rule|HP Percentage Mod: HP is shown in percentages\n|clearpoke\n|poke|p1|Garchomp, M|\n|poke|p1|Tyranitar, F|\n|poke|p1|Vaporeon, F|\n|poke|p1|Toxicroak, M|\n|poke|p1|Pelipper, F|\n|poke|p1|Abomasnow, M|\n|poke|p2|Ursaluna, M|\n|poke|p2|Cresselia, F|\n|poke|p2|Gholdengo|\n|poke|p2|Flutter Mane|\n|poke|p2|Chien-Pao|\n|poke|p2|Maushold-Four|\n|teampreview\n|inactive|Battle timer is ON: inactive players will automatically lose when time's up. (requested by frickaes)\n|\n|t:|1699567617\n|start\n|switch|p1a: OTLHPM|Toxicroak, M|100\/100\n|switch|p1b: ThcrThnSnkr|Tyranitar, F|100\/100\n|switch|p2a: C.C.C.R.E.M.I.X.|Ursaluna, M, shiny|100\/100\n|switch|p2b: Shiva|Cresselia, F, shiny|100\/100\n|-weather|Sandstorm|[from] ability: Sand Stream|[of] p1b: ThcrThnSnkr\n|turn|1\n|\n|t:|1699567630\n|move|p2b: Shiva|Ally Switch|p2b: Shiva\n|swap|p2b: Shiva|0|[from] move: Ally Switch\n|move|p1a: OTLHPM|Drain Punch|p2a: Shiva\n|-resisted|p2a: Shiva\n|-damage|p2a: Shiva|90\/100\n|move|p1b: ThcrThnSnkr|Knock Off|p2b: C.C.C.R.E.M.I.X.\n|-damage|p2b: C.C.C.R.E.M.I.X.|70\/100\n|-enditem|p2b: C.C.C.R.E.M.I.X.|Flame Orb|[from] move: Knock Off|[of] p1b: ThcrThnSnkr\n|move|p2b: C.C.C.R.E.M.I.X.|Earthquake|p1a: OTLHPM|[spread] p1a,p1b\n|-immune|p2a: Shiva|[from] ability: Levitate\n|-supereffective|p1a: OTLHPM\n|-supereffective|p1b: ThcrThnSnkr\n|-damage|p1a: OTLHPM|0 fnt\n|-damage|p1b: ThcrThnSnkr|14\/100\n|faint|p1a: OTLHPM\n|\n|-weather|Sandstorm|[upkeep]\n|-damage|p2a: Shiva|84\/100|[from] Sandstorm\n|-heal|p2a: Shiva|90\/100|[from] item: Leftovers\n|upkeep\n|\n|t:|1699567635\n|switch|p1a: Harmacy|Vaporeon, F|100\/100\n|turn|2\n|\n|t:|1699567644\n|switch|p1b: Weather War|Pelipper, F|100\/100\n|-weather|RainDance|[from] ability: Drizzle|[of] p1b: Weather War\n|move|p2b: C.C.C.R.E.M.I.X.|Protect|p2b: C.C.C.R.E.M.I.X.\n|-singleturn|p2b: C.C.C.R.E.M.I.X.|Protect\n|move|p1a: Harmacy|Weather Ball|p2b: C.C.C.R.E.M.I.X.\n|-activate|p2b: C.C.C.R.E.M.I.X.|move: Protect\n|move|p2a: Shiva|Trick Room|p2a: Shiva\n|-fieldstart|move: Trick Room|[of] p2a: Shiva\n|\n|-weather|RainDance|[upkeep]\n|-heal|p2a: Shiva|96\/100|[from] item: Leftovers\n|upkeep\n|turn|3\n|\n|t:|1699567659\n|move|p2a: Shiva|Ally Switch|p2a: Shiva\n|swap|p2a: Shiva|1|[from] move: Ally Switch\n|move|p2a: C.C.C.R.E.M.I.X.|Facade|p1a: Harmacy\n|-damage|p1a: Harmacy|71\/100\n|move|p1a: Harmacy|Weather Ball|p2a: C.C.C.R.E.M.I.X.\n|-supereffective|p2a: C.C.C.R.E.M.I.X.\n|-damage|p2a: C.C.C.R.E.M.I.X.|0 fnt\n|faint|p2a: C.C.C.R.E.M.I.X.\n|move|p1b: Weather War|Soak|p2b: Shiva\n|-start|p2b: Shiva|typechange|Water\n|\n|-weather|RainDance|[upkeep]\n|-heal|p1a: Harmacy|77\/100|[from] item: Leftovers\n|-heal|p2b: Shiva|100\/100|[from] item: Leftovers\n|upkeep\n|\n|t:|1699567673\n|switch|p2a: Flutter Mane|Flutter Mane|100\/100\n|-enditem|p2a: Flutter Mane|Booster Energy\n|-activate|p2a: Flutter Mane|ability: Protosynthesis|[fromitem]\n|-start|p2a: Flutter Mane|protosynthesisspa\n|turn|4\n|\n|t:|1699567680\n|move|p1a: Harmacy|Weather Ball|p2a: Flutter Mane\n|-damage|p2a: Flutter Mane|46\/100\n|move|p1b: Weather War|Hurricane|p2a: Flutter Mane\n|-damage|p2a: Flutter Mane|9\/100\n|-start|p2a: Flutter Mane|confusion\n|-activate|p2a: Flutter Mane|confusion\n|-damage|p2a: Flutter Mane|0 fnt|[from] confusion\n|faint|p2a: Flutter Mane\n|-end|p2a: Flutter Mane|Protosynthesis|[silent]\n|move|p2b: Shiva|Trick Room|p2b: Shiva\n|-fieldend|move: Trick Room\n|\n|-weather|RainDance|[upkeep]\n|-heal|p1a: Harmacy|83\/100|[from] item: Leftovers\n|upkeep\n|\n|t:|1699567693\n|switch|p2a: Anne Bonny|Chien-Pao|100\/100\n|-ability|p2a: Anne Bonny|Sword of Ruin\n|turn|5\n|\n|t:|1699567706\n|move|p2b: Shiva|Ally Switch|p2b: Shiva\n|swap|p2b: Shiva|0|[from] move: Ally Switch\n|move|p2b: Anne Bonny|Ice Spinner|p1b: Weather War\n|-damage|p1b: Weather War|42\/100\n|move|p1b: Weather War|Chilling Water|p2a: Shiva\n|-resisted|p2a: Shiva\n|-crit|p2a: Shiva\n|-damage|p2a: Shiva|89\/100\n|-unboost|p2a: Shiva|atk|1\n|move|p1a: Harmacy|Copycat|p1a: Harmacy\n|move|p1a: Harmacy|Chilling Water|p2b: Anne Bonny|[from]move: Copycat\n|-damage|p2b: Anne Bonny|54\/100\n|-unboost|p2b: Anne Bonny|atk|1\n|\n|-weather|RainDance|[upkeep]\n|-heal|p2a: Shiva|95\/100|[from] item: Leftovers\n|-heal|p1a: Harmacy|89\/100|[from] item: Leftovers\n|upkeep\n|turn|6\n|-message|frickaes forfeited.\n|\n|win|mikeyuwu\n|raw|mikeyuwu's rating: 1294 &rarr; <strong>1323<\/strong><br \/>(+29 for winning)\n|raw|frickaes's rating: 1351 &rarr; <strong>1328<\/strong><br \/>(-23 for losing)\n|l|\u2606frickaes\n","uploadtime":1699567867,"views":7,"p1id":"mikeyuwu","p2id":"frickaes","formatid":"gen9doublesou","rating":1323,"private":0,"password":""}