{"id":"gen9doublesou-1991272276","p1":"MadFarter4Life","p2":"mikeyuwu","format":"[Gen 9] Doubles OU","log":"|j|\u2606MadFarter4Life\n|j|\u2606mikeyuwu\n|t:|1700063183\n|gametype|doubles\n|player|p1|MadFarter4Life|102|1245\n|player|p2|mikeyuwu|psychic-gen4|1188\n|teamsize|p1|6\n|teamsize|p2|6\n|gen|9\n|tier|[Gen 9] Doubles OU\n|rated|\n|rule|Species Clause: Limit one of each Pok\u00e9mon\n|rule|OHKO Clause: OHKO moves are banned\n|rule|Evasion Moves Clause: Evasion moves are banned\n|rule|Gravity Sleep Clause: The combination of sleep-inducing moves with imperfect accuracy and Gravity or Gigantamax Orbeetle are banned\n|rule|Endless Battle Clause: Forcing endless battles is banned\n|rule|HP Percentage Mod: HP is shown in percentages\n|clearpoke\n|poke|p1|Grafaiai, M|\n|poke|p1|Gardevoir, M|\n|poke|p1|Arcanine-Hisui, F|\n|poke|p1|Amoonguss, F|\n|poke|p1|Palafin, M|\n|poke|p1|Chien-Pao|\n|poke|p2|Garchomp, M|\n|poke|p2|Tyranitar, F|\n|poke|p2|Vaporeon, F|\n|poke|p2|Toxicroak, M|\n|poke|p2|Pelipper, F|\n|poke|p2|Abomasnow, M|\n|teampreview\n|\n|t:|1700063208\n|start\n|switch|p1a: Palafin|Palafin, M|100\/100\n|switch|p1b: Amoonguss|Amoonguss, F|100\/100\n|switch|p2a: OTLHPM|Toxicroak, M|100\/100\n|switch|p2b: Harmacy|Vaporeon, F|100\/100\n|turn|1\n|inactive|Battle timer is ON: inactive players will automatically lose when time's up. (requested by mikeyuwu)\n|inactive|MadFarter4Life has 120 seconds left.\n|\n|t:|1700063300\n|switch|p2a: Cold Shoulder|Abomasnow, M, shiny|100\/100\n|-weather|Snow|[from] ability: Snow Warning|[of] p2a: Cold Shoulder\n|move|p1a: Palafin|Flip Turn|p2a: Cold Shoulder\n|-resisted|p2a: Cold Shoulder\n|-damage|p2a: Cold Shoulder|93\/100\n|\n|t:|1700063318\n|detailschange|p1a: Palafin|Palafin-Hero, M\n|switch|p1a: Arcanine|Arcanine-Hisui, F, shiny|100\/100|[from] Flip Turn\n|-ability|p1a: Arcanine|Intimidate|boost\n|-unboost|p2a: Cold Shoulder|atk|1\n|-unboost|p2b: Harmacy|atk|1\n|move|p2b: Harmacy|Weather Ball|p1b: Amoonguss\n|-supereffective|p1b: Amoonguss\n|-damage|p1b: Amoonguss|53\/100\n|move|p1b: Amoonguss|Spore|p2b: Harmacy\n|-status|p2b: Harmacy|slp|[from] move: Spore\n|\n|-weather|Snow|[upkeep]\n|upkeep\n|turn|2\n|inactive|MadFarter4Life has 120 seconds left.\n|-activate|p1b: Amoonguss|item: Quick Claw\n|\n|t:|1700063362\n|switch|p2a: Weather War|Pelipper, F|100\/100\n|-weather|RainDance|[from] ability: Drizzle|[of] p2a: Weather War\n|move|p1b: Amoonguss|Pollen Puff|p1a: Arcanine\n|-immune|p1a: Arcanine\n|move|p1a: Arcanine|Flare Blitz|p2a: Weather War\n|-resisted|p2a: Weather War\n|-damage|p2a: Weather War|84\/100\n|-damage|p1a: Arcanine|95\/100|[from] Recoil\n|cant|p2b: Harmacy|slp\n|\n|-weather|RainDance|[upkeep]\n|-activate|p2b: Harmacy|ability: Hydration\n|-curestatus|p2b: Harmacy|slp|[msg]\n|upkeep\n|turn|3\n|inactive|MadFarter4Life has 120 seconds left.\n|\n|t:|1700063386\n|switch|p1a: Grafaiai|Grafaiai, M|100\/100\n|switch|p2a: Extra Spicy|Garchomp, M|100\/100\n|move|p2b: Harmacy|Weather Ball|p1a: Grafaiai\n|-damage|p1a: Grafaiai|21\/100\n|move|p1b: Amoonguss|Spore|p2a: Extra Spicy\n|-status|p2a: Extra Spicy|slp|[from] move: Spore\n|\n|-weather|RainDance|[upkeep]\n|upkeep\n|turn|4\n|inactive|MadFarter4Life has 120 seconds left.\n|\n|t:|1700063412\n|switch|p2a: Cold Shoulder|Abomasnow, M, shiny|93\/100\n|-weather|Snow|[from] ability: Snow Warning|[of] p2a: Cold Shoulder\n|move|p1a: Grafaiai|Switcheroo|p2a: Cold Shoulder\n|-activate|p1a: Grafaiai|move: Trick|[of] p2a: Cold Shoulder\n|-item|p2a: Cold Shoulder|Lagging Tail|[from] move: Switcheroo\n|-item|p1a: Grafaiai|Wide Lens|[from] move: Switcheroo\n|move|p2b: Harmacy|Weather Ball|p1a: Grafaiai\n|-damage|p1a: Grafaiai|0 fnt\n|faint|p1a: Grafaiai\n|move|p1b: Amoonguss|Spore|p2b: Harmacy\n|-status|p2b: Harmacy|slp|[from] move: Spore\n|\n|-weather|Snow|[upkeep]\n|upkeep\n|\n|t:|1700063431\n|switch|p1a: Gardevoir|Gardevoir, M|100\/100\n|-ability|p1a: Gardevoir|Snow Warning|[from] ability: Trace|[of] p2a: Cold Shoulder\n|turn|5\n|inactive|MadFarter4Life has 120 seconds left.\n|\n|t:|1700063467\n|move|p1a: Gardevoir|Energy Ball|p2b: Harmacy\n|-supereffective|p2b: Harmacy\n|-damage|p2b: Harmacy|54\/100 slp\n|cant|p2b: Harmacy|slp\n|move|p1b: Amoonguss|Sludge Bomb|p2a: Cold Shoulder\n|-supereffective|p2a: Cold Shoulder\n|-damage|p2a: Cold Shoulder|11\/100\n|move|p2a: Cold Shoulder|Leech Seed|p1a: Gardevoir\n|-start|p1a: Gardevoir|move: Leech Seed\n|\n|-weather|Snow|[upkeep]\n|-heal|p2b: Harmacy|60\/100 slp|[from] item: Leftovers\n|-damage|p1a: Gardevoir|88\/100|[from] Leech Seed|[of] p2a: Cold Shoulder\n|-heal|p2a: Cold Shoulder|21\/100|[silent]\n|upkeep\n|turn|6\n|inactive|MadFarter4Life has 90 seconds left.\n|\n|t:|1700063505\n|switch|p2a: OTLHPM|Toxicroak, M|100\/100\n|switch|p2b: ThcrThnSnkr|Tyranitar, F|100\/100\n|-weather|Sandstorm|[from] ability: Sand Stream|[of] p2b: ThcrThnSnkr\n|move|p1a: Gardevoir|Energy Ball|p2b: ThcrThnSnkr\n|-supereffective|p2b: ThcrThnSnkr\n|-damage|p2b: ThcrThnSnkr|84\/100\n|move|p1b: Amoonguss|Sludge Bomb|p2a: OTLHPM\n|-resisted|p2a: OTLHPM\n|-damage|p2a: OTLHPM|76\/100\n|\n|-weather|Sandstorm|[upkeep]\n|-damage|p1a: Gardevoir|82\/100|[from] Sandstorm\n|-damage|p2a: OTLHPM|70\/100|[from] Sandstorm\n|-damage|p1b: Amoonguss|47\/100|[from] Sandstorm\n|-heal|p2a: OTLHPM|76\/100|[from] item: Black Sludge\n|-damage|p1a: Gardevoir|70\/100|[from] Leech Seed|[of] p2a: OTLHPM\n|-heal|p2a: OTLHPM|87\/100|[silent]\n|upkeep\n|turn|7\n|inactive|MadFarter4Life has 90 seconds left.\n|\n|t:|1700063533\n|switch|p2a: Extra Spicy|Garchomp, M|100\/100 slp\n|move|p1a: Gardevoir|Moonblast|p2a: Extra Spicy\n|-supereffective|p2a: Extra Spicy\n|-damage|p2a: Extra Spicy|18\/100 slp\n|move|p2b: ThcrThnSnkr|Heavy Slam|p1a: Gardevoir\n|-supereffective|p1a: Gardevoir\n|-damage|p1a: Gardevoir|0 fnt\n|faint|p1a: Gardevoir\n|move|p1b: Amoonguss|Spore|p2b: ThcrThnSnkr\n|-status|p2b: ThcrThnSnkr|slp|[from] move: Spore\n|\n|-weather|Sandstorm|[upkeep]\n|-damage|p1b: Amoonguss|41\/100|[from] Sandstorm\n|upkeep\n|inactive|MadFarter4Life has 90 seconds left.\n|\n|t:|1700063548\n|switch|p1a: Palafin|Palafin-Hero, M|100\/100\n|-activate|p1a: Palafin|ability: Zero to Hero\n|turn|8\n|inactive|MadFarter4Life has 90 seconds left.\n|\n|t:|1700063568\n|switch|p2a: Weather War|Pelipper, F|84\/100\n|-weather|RainDance|[from] ability: Drizzle|[of] p2a: Weather War\n|switch|p2b: OTLHPM|Toxicroak, M|87\/100\n|move|p1a: Palafin|Bulk Up|p1a: Palafin\n|-boost|p1a: Palafin|atk|1\n|-boost|p1a: Palafin|def|1\n|move|p1b: Amoonguss|Sludge Bomb|p2b: OTLHPM\n|-resisted|p2b: OTLHPM\n|-damage|p2b: OTLHPM|64\/100\n|\n|-weather|RainDance|[upkeep]\n|-heal|p2b: OTLHPM|77\/100|[from] ability: Dry Skin\n|-heal|p2b: OTLHPM|83\/100|[from] item: Black Sludge\n|upkeep\n|turn|9\n|\n|t:|1700063593\n|move|p1a: Palafin|Wave Crash|p2b: OTLHPM\n|-heal|p2b: OTLHPM|100\/100|[from] ability: Dry Skin|[of] p1a: Palafin\n|move|p2b: OTLHPM|Poison Jab|p1a: Palafin\n|-damage|p1a: Palafin|72\/100\n|move|p2a: Weather War|Hurricane|p1b: Amoonguss\n|-supereffective|p1b: Amoonguss\n|-damage|p1b: Amoonguss|0 fnt\n|faint|p1b: Amoonguss\n|\n|-weather|RainDance|[upkeep]\n|upkeep\n|\n|t:|1700063600\n|switch|p1b: Chien-Pao|Chien-Pao|100\/100\n|-ability|p1b: Chien-Pao|Sword of Ruin\n|turn|10\n|\n|t:|1700063612\n|-terastallize|p2b: OTLHPM|Dark\n|move|p1b: Chien-Pao|Acrobatics|p2b: OTLHPM\n|-damage|p2b: OTLHPM|68\/100\n|move|p1a: Palafin|Wave Crash|p2a: Weather War\n|-resisted|p2a: Weather War\n|-damage|p2a: Weather War|0 fnt\n|faint|p2a: Weather War\n|-damage|p1a: Palafin|47\/100|[from] Recoil\n|move|p2b: OTLHPM|Drain Punch|p1b: Chien-Pao\n|-supereffective|p1b: Chien-Pao\n|-enditem|p1b: Chien-Pao|Focus Sash\n|-damage|p1b: Chien-Pao|1\/100\n|-heal|p2b: OTLHPM|100\/100|[from] drain|[of] p1b: Chien-Pao\n|\n|-weather|RainDance|[upkeep]\n|-damage|p2b: OTLHPM|88\/100|[from] item: Black Sludge\n|upkeep\n|\n|t:|1700063620\n|switch|p2a: ThcrThnSnkr|Tyranitar, F|84\/100 slp\n|-weather|Sandstorm|[from] ability: Sand Stream|[of] p2a: ThcrThnSnkr\n|turn|11\n|inactive|MadFarter4Life has 120 seconds left.\n|\n|t:|1700063653\n|switch|p2a: Extra Spicy|Garchomp, M|18\/100 slp\n|move|p1b: Chien-Pao|Sacred Sword|p2b: OTLHPM\n|-supereffective|p2b: OTLHPM\n|-damage|p2b: OTLHPM|0 fnt\n|faint|p2b: OTLHPM\n|move|p1a: Palafin|Wave Crash|p2a: Extra Spicy\n|-damage|p2a: Extra Spicy|0 fnt\n|-damage|p1a: Palafin|34\/100|[from] ability: Rough Skin|[of] p2a: Extra Spicy\n|-damage|p1a: Palafin|18\/100|[from] item: Rocky Helmet|[of] p2a: Extra Spicy\n|faint|p2a: Extra Spicy\n|-damage|p1a: Palafin|11\/100|[from] Recoil\n|\n|-weather|Sandstorm|[upkeep]\n|-damage|p1b: Chien-Pao|0 fnt|[from] Sandstorm\n|-damage|p1a: Palafin|5\/100|[from] Sandstorm\n|faint|p1b: Chien-Pao\n|upkeep\n|inactive|MadFarter4Life has 120 seconds left.\n|\n|t:|1700063669\n|switch|p1b: Arcanine|Arcanine-Hisui, F, shiny|95\/100\n|switch|p2a: Cold Shoulder|Abomasnow, M, shiny|21\/100\n|switch|p2b: Harmacy|Vaporeon, F|60\/100 slp\n|-ability|p1b: Arcanine|Intimidate|boost\n|-unboost|p2a: Cold Shoulder|atk|1\n|-unboost|p2b: Harmacy|atk|1\n|-weather|Snow|[from] ability: Snow Warning|[of] p2a: Cold Shoulder\n|turn|12\n|inactive|MadFarter4Life has 120 seconds left.\n|\n|t:|1700063708\n|switch|p2a: ThcrThnSnkr|Tyranitar, F|84\/100 slp\n|-weather|Sandstorm|[from] ability: Sand Stream|[of] p2a: ThcrThnSnkr\n|-terastallize|p1b: Arcanine|Normal\n|move|p1b: Arcanine|Extreme Speed|p2a: ThcrThnSnkr\n|-resisted|p2a: ThcrThnSnkr\n|-damage|p2a: ThcrThnSnkr|56\/100 slp\n|move|p1a: Palafin|Wave Crash|p2b: Harmacy\n|-resisted|p2b: Harmacy\n|-damage|p2b: Harmacy|10\/100 slp\n|-damage|p1a: Palafin|0 fnt|[from] Recoil\n|faint|p1a: Palafin\n|-curestatus|p2b: Harmacy|slp|[msg]\n|move|p2b: Harmacy|Icy Wind|p1b: Arcanine\n|-damage|p1b: Arcanine|79\/100\n|-unboost|p1b: Arcanine|spe|1\n|\n|-weather|Sandstorm|[upkeep]\n|-damage|p1b: Arcanine|73\/100|[from] Sandstorm\n|-damage|p2b: Harmacy|4\/100|[from] Sandstorm\n|-heal|p2b: Harmacy|10\/100|[from] item: Leftovers\n|upkeep\n|turn|13\n|inactive|MadFarter4Life has 120 seconds left.\n|\n|t:|1700063731\n|move|p1b: Arcanine|Extreme Speed|p2b: Harmacy\n|-damage|p2b: Harmacy|0 fnt\n|faint|p2b: Harmacy\n|cant|p2a: ThcrThnSnkr|slp\n|\n|-weather|Sandstorm|[upkeep]\n|-damage|p1b: Arcanine|67\/100|[from] Sandstorm\n|upkeep\n|\n|t:|1700063735\n|switch|p2b: Cold Shoulder|Abomasnow, M, shiny|21\/100\n|-weather|Snow|[from] ability: Snow Warning|[of] p2b: Cold Shoulder\n|turn|14\n|\n|t:|1700063742\n|move|p1b: Arcanine|Extreme Speed|p2b: Cold Shoulder\n|-damage|p2b: Cold Shoulder|0 fnt\n|faint|p2b: Cold Shoulder\n|cant|p2a: ThcrThnSnkr|slp\n|\n|-weather|Snow|[upkeep]\n|upkeep\n|turn|15\n|\n|t:|1700063753\n|move|p1b: Arcanine|Extreme Speed|p2a: ThcrThnSnkr\n|-resisted|p2a: ThcrThnSnkr\n|-damage|p2a: ThcrThnSnkr|26\/100 slp\n|-curestatus|p2a: ThcrThnSnkr|slp|[msg]\n|move|p2a: ThcrThnSnkr|Knock Off|p1b: Arcanine\n|-damage|p1b: Arcanine|9\/100\n|-enditem|p1b: Arcanine|Choice Band|[from] move: Knock Off|[of] p2a: ThcrThnSnkr\n|\n|-weather|Snow|[upkeep]\n|upkeep\n|turn|16\n|\n|t:|1700063769\n|move|p1b: Arcanine|Extreme Speed|p2a: ThcrThnSnkr\n|-resisted|p2a: ThcrThnSnkr\n|-damage|p2a: ThcrThnSnkr|5\/100\n|move|p2a: ThcrThnSnkr|Thunderbolt|p1b: Arcanine\n|-damage|p1b: Arcanine|0 fnt\n|faint|p1b: Arcanine\n|\n|win|mikeyuwu\n|raw|MadFarter4Life's rating: 1245 &rarr; <strong>1216<\/strong><br \/>(-29 for losing)\n|raw|mikeyuwu's rating: 1188 &rarr; <strong>1217<\/strong><br \/>(+29 for winning)\n|l|\u2606MadFarter4Life\n|c|\u2606mikeyuwu|Sleep is annoying\n","uploadtime":1700063785,"views":22,"p1id":"madfarter4life","p2id":"mikeyuwu","formatid":"gen9doublesou","rating":1216,"private":0,"password":""}