{"id":"gen9doublesou-1982659405","p1":"Vylara","p2":"HedgeWilliam","format":"[Gen 9] Doubles OU","log":"|j|\u2606Vylara\n|j|\u2606HedgeWilliam\n|t:|1699033543\n|gametype|doubles\n|player|p1|Vylara|irida|1080\n|player|p2|HedgeWilliam|pokemaniac|1037\n|teamsize|p1|6\n|teamsize|p2|6\n|gen|9\n|tier|[Gen 9] Doubles OU\n|rated|\n|rule|Species Clause: Limit one of each Pok\u00e9mon\n|rule|OHKO Clause: OHKO moves are banned\n|rule|Evasion Moves Clause: Evasion moves are banned\n|rule|Gravity Sleep Clause: The combination of sleep-inducing moves with imperfect accuracy and Gravity or Gigantamax Orbeetle are banned\n|rule|Endless Battle Clause: Forcing endless battles is banned\n|rule|HP Percentage Mod: HP is shown in percentages\n|clearpoke\n|poke|p1|Clodsire, M|\n|poke|p1|Gliscor, M|\n|poke|p1|Muk-Alola, F|\n|poke|p1|Mismagius, F|\n|poke|p1|Arcanine-Hisui, M|\n|poke|p1|Goodra-Hisui, F|\n|poke|p2|Amoonguss, F|\n|poke|p2|Torkoal, M|\n|poke|p2|Kingambit, M|\n|poke|p2|Indeedee-F, F|\n|poke|p2|Crawdaunt, M|\n|poke|p2|Cresselia, F|\n|teampreview\n|c|\u2606Vylara|glhf!\n|\n|t:|1699033559\n|start\n|switch|p1a: Catherine|Mismagius, F|100\/100\n|switch|p1b: Tyrfing|Gliscor, M|100\/100\n|switch|p2a: Amoonguss|Amoonguss, F|100\/100\n|switch|p2b: Cresselia|Cresselia, F|100\/100\n|turn|1\n|\n|t:|1699033599\n|move|p1a: Catherine|Shadow Ball|p2b: Cresselia\n|-supereffective|p2b: Cresselia\n|-damage|p2b: Cresselia|65\/100\n|move|p1b: Tyrfing|Dual Wingbeat|p2a: Amoonguss\n|-supereffective|p2a: Amoonguss\n|-damage|p2a: Amoonguss|64\/100\n|-supereffective|p2a: Amoonguss\n|-damage|p2a: Amoonguss|26\/100\n|-hitcount|p2a: Amoonguss|2\n|move|p2a: Amoonguss|Toxic|p1a: Catherine\n|-status|p1a: Catherine|tox\n|move|p2b: Cresselia|Trick Room|p2b: Cresselia\n|-fieldstart|move: Trick Room|[of] p2b: Cresselia\n|\n|-heal|p2b: Cresselia|71\/100|[from] item: Leftovers\n|-damage|p1a: Catherine|94\/100 tox|[from] psn\n|-status|p1b: Tyrfing|tox|[from] item: Toxic Orb\n|upkeep\n|turn|2\n|\n|t:|1699033661\n|switch|p2a: Kingambit|Kingambit, M|100\/100\n|move|p2b: Cresselia|Lunar Blessing|p2b: Cresselia|[spread] p2a,p2b\n|-heal|p2b: Cresselia|96\/100\n|move|p1b: Tyrfing|Dual Wingbeat|p2a: Kingambit|[miss]\n|-miss|p1b: Tyrfing|p2a: Kingambit\n|move|p1a: Catherine|Dazzling Gleam|p2b: Cresselia|[spread] p2a,p2b\n|-damage|p2a: Kingambit|82\/100\n|-damage|p2b: Cresselia|88\/100\n|\n|-heal|p2a: Kingambit|88\/100|[from] item: Leftovers\n|-heal|p2b: Cresselia|94\/100|[from] item: Leftovers\n|-damage|p1a: Catherine|82\/100 tox|[from] psn\n|upkeep\n|turn|3\n|\n|t:|1699033692\n|switch|p1b: LeBeau|Muk-Alola, F|100\/100\n|-terastallize|p2a: Kingambit|Flying\n|move|p2a: Kingambit|Kowtow Cleave|p1a: Catherine\n|-supereffective|p1a: Catherine\n|-damage|p1a: Catherine|0 fnt\n|faint|p1a: Catherine\n|-ability|p1b: LeBeau|Levitate|[from] ability: Power of Alchemy|[of] p1a: Catherine\n|move|p2b: Cresselia|Moonblast|p1b: LeBeau\n|-crit|p1b: LeBeau\n|-damage|p1b: LeBeau|77\/100\n|\n|-heal|p2a: Kingambit|95\/100|[from] item: Leftovers\n|-heal|p2b: Cresselia|99\/100|[from] item: Leftovers\n|upkeep\n|\n|t:|1699033710\n|switch|p1a: Shana|Goodra-Hisui, F|100\/100\n|turn|4\n|\n|t:|1699033726\n|move|p2a: Kingambit|Brick Break|p1b: LeBeau\n|-damage|p1b: LeBeau|45\/100\n|move|p1a: Shana|Ice Spinner|p2a: Kingambit\n|-supereffective|p2a: Kingambit\n|-damage|p2a: Kingambit|68\/100\n|move|p1b: LeBeau|Knock Off|p2b: Cresselia\n|-supereffective|p2b: Cresselia\n|-damage|p2b: Cresselia|28\/100\n|-enditem|p2b: Cresselia|Leftovers|[from] move: Knock Off|[of] p1b: LeBeau\n|move|p2b: Cresselia|Thunder Wave|p1a: Shana\n|-status|p1a: Shana|par\n|\n|-heal|p2a: Kingambit|75\/100|[from] item: Leftovers\n|upkeep\n|turn|5\n|\n|t:|1699033752\n|switch|p2b: Amoonguss|Amoonguss, F|60\/100\n|cant|p1a: Shana|par\n|move|p2a: Kingambit|Brick Break|p1b: LeBeau\n|-damage|p1b: LeBeau|16\/100\n|move|p1b: LeBeau|Gunk Shot|p2a: Kingambit\n|-damage|p2a: Kingambit|31\/100\n|\n|-heal|p2a: Kingambit|37\/100|[from] item: Leftovers\n|-fieldend|move: Trick Room\n|upkeep\n|turn|6\n|\n|t:|1699033782\n|move|p2b: Amoonguss|Rage Powder|p2b: Amoonguss\n|-singleturn|p2b: Amoonguss|move: Rage Powder\n|move|p1b: LeBeau|Knock Off|p2b: Amoonguss\n|-damage|p2b: Amoonguss|8\/100\n|-enditem|p2b: Amoonguss|Heavy-Duty Boots|[from] move: Knock Off|[of] p1b: LeBeau\n|move|p2a: Kingambit|Brick Break|p1a: Shana\n|-supereffective|p1a: Shana\n|-damage|p1a: Shana|44\/100 par\n|cant|p1a: Shana|par\n|\n|-heal|p2a: Kingambit|43\/100|[from] item: Leftovers\n|upkeep\n|turn|7\n|\n|t:|1699033799\n|move|p2b: Amoonguss|Rage Powder|p2b: Amoonguss\n|-singleturn|p2b: Amoonguss|move: Rage Powder\n|move|p1b: LeBeau|Knock Off|p2b: Amoonguss\n|-damage|p2b: Amoonguss|0 fnt\n|faint|p2b: Amoonguss\n|move|p2a: Kingambit|Brick Break|p1a: Shana\n|-supereffective|p1a: Shana\n|-damage|p1a: Shana|0 fnt\n|faint|p1a: Shana\n|\n|-heal|p2a: Kingambit|49\/100|[from] item: Leftovers\n|upkeep\n|\n|t:|1699033815\n|switch|p1a: Shishifuu|Arcanine-Hisui, M|100\/100\n|switch|p2b: Crawdaunt|Crawdaunt, M|100\/100\n|turn|8\n|\n|t:|1699033833\n|switch|p1a: Jim|Clodsire, M|100\/100\n|switch|p2a: Indeedee|Indeedee-F, F|100\/100\n|-fieldstart|move: Psychic Terrain|[from] ability: Psychic Surge|[of] p2a: Indeedee\n|move|p2b: Crawdaunt|Aqua Jet|p1b: LeBeau\n|-hint|Psychic Terrain doesn't affect Pok\u00e9mon immune to Ground.\n|-damage|p1b: LeBeau|0 fnt\n|faint|p1b: LeBeau\n|\n|upkeep\n|\n|t:|1699033859\n|switch|p1b: Shishifuu|Arcanine-Hisui, M|100\/100\n|turn|9\n|\n|t:|1699033877\n|move|p2a: Indeedee|Follow Me|p2a: Indeedee\n|-singleturn|p2a: Indeedee|move: Follow Me\n|move|p1b: Shishifuu|Head Smash|p2a: Indeedee\n|-damage|p2a: Indeedee|7\/100\n|move|p2b: Crawdaunt|Crabhammer|p1b: Shishifuu\n|-supereffective|p1b: Shishifuu\n|-damage|p1b: Shishifuu|0 fnt\n|faint|p1b: Shishifuu\n|move|p1a: Jim|Megahorn|p2a: Indeedee\n|-supereffective|p2a: Indeedee\n|-damage|p2a: Indeedee|0 fnt\n|faint|p2a: Indeedee\n|\n|upkeep\n|\n|t:|1699033900\n|switch|p1b: Tyrfing|Gliscor, M|100\/100 tox\n|switch|p2a: Torkoal|Torkoal, M|100\/100\n|-weather|SunnyDay|[from] ability: Drought|[of] p2a: Torkoal\n|turn|10\n|\n|t:|1699033925\n|-terastallize|p1b: Tyrfing|Water\n|move|p1b: Tyrfing|High Horsepower|p2a: Torkoal|[miss]\n|-miss|p1b: Tyrfing|p2a: Torkoal\n|move|p2b: Crawdaunt|Swords Dance|p2b: Crawdaunt\n|-boost|p2b: Crawdaunt|atk|2\n|move|p1a: Jim|Megahorn|p2b: Crawdaunt\n|-supereffective|p2b: Crawdaunt\n|-damage|p2b: Crawdaunt|46\/100\n|move|p2a: Torkoal|Eruption|p1a: Jim|[spread] p1a,p1b\n|-resisted|p1b: Tyrfing\n|-damage|p1a: Jim|63\/100\n|-damage|p1b: Tyrfing|41\/100 tox\n|\n|-weather|SunnyDay|[upkeep]\n|-heal|p1b: Tyrfing|54\/100 tox|[from] ability: Poison Heal\n|upkeep\n|turn|11\n|\n|t:|1699033957\n|move|p1b: Tyrfing|High Horsepower|p2a: Torkoal\n|-supereffective|p2a: Torkoal\n|-damage|p2a: Torkoal|41\/100\n|move|p2b: Crawdaunt|Crabhammer|p1b: Tyrfing\n|-resisted|p1b: Tyrfing\n|-damage|p1b: Tyrfing|15\/100 tox\n|move|p1a: Jim|Megahorn|p2b: Crawdaunt\n|-supereffective|p2b: Crawdaunt\n|-damage|p2b: Crawdaunt|0 fnt\n|faint|p2b: Crawdaunt\n|move|p2a: Torkoal|Eruption|p1a: Jim|[spread] p1a,p1b\n|-resisted|p1b: Tyrfing\n|-damage|p1a: Jim|46\/100\n|-damage|p1b: Tyrfing|0 fnt\n|faint|p1b: Tyrfing\n|\n|-weather|SunnyDay|[upkeep]\n|upkeep\n|\n|t:|1699033976\n|switch|p2b: Kingambit|Kingambit, M, tera:Flying|49\/100\n|turn|12\n|-activate|p1a: Jim|item: Quick Claw\n|\n|t:|1699033985\n|move|p1a: Jim|Recover|p1a: Jim\n|-heal|p1a: Jim|96\/100\n|move|p2b: Kingambit|Kowtow Cleave|p1a: Jim\n|-crit|p1a: Jim\n|-damage|p1a: Jim|8\/100\n|move|p2a: Torkoal|Eruption|p1a: Jim\n|-damage|p1a: Jim|0 fnt\n|faint|p1a: Jim\n|\n|win|HedgeWilliam\n|raw|Vylara's rating: 1080 &rarr; <strong>1055<\/strong><br \/>(-25 for losing)\n|raw|HedgeWilliam's rating: 1037 &rarr; <strong>1076<\/strong><br \/>(+39 for winning)\n|c|\u2606Vylara|gg\n|l|\u2606HedgeWilliam\n","uploadtime":1699034000,"views":24,"p1id":"vylara","p2id":"hedgewilliam","formatid":"gen9doublesou","rating":1055,"private":0,"password":""}