{"id":"gen9doublesou-1974645310","p1":"LolBalls2","p2":"harrison4","format":"[Gen 9] Doubles OU","log":"|j|\u2606LolBalls2\n|j|\u2606harrison4\n|t:|1698106064\n|gametype|doubles\n|player|p1|LolBalls2|266|\n|player|p2|harrison4|palmer|\n|teamsize|p1|6\n|teamsize|p2|6\n|gen|9\n|tier|[Gen 9] Doubles OU\n|rule|Species Clause: Limit one of each Pok\u00e9mon\n|rule|OHKO Clause: OHKO moves are banned\n|rule|Evasion Moves Clause: Evasion moves are banned\n|rule|Gravity Sleep Clause: The combination of sleep-inducing moves with imperfect accuracy and Gravity or Gigantamax Orbeetle are banned\n|rule|Endless Battle Clause: Forcing endless battles is banned\n|rule|HP Percentage Mod: HP is shown in percentages\n|clearpoke\n|poke|p1|Kricketune, M|\n|poke|p1|Muk-Alola, M|\n|poke|p1|Persian, F|\n|poke|p1|Falinks|\n|poke|p1|Thwackey, M|\n|poke|p1|Brambleghast, M|\n|poke|p2|Inteleon, M|\n|poke|p2|Sneasel, F|\n|poke|p2|Delphox, M|\n|poke|p2|Naclstack, M|\n|poke|p2|Mudsdale, F|\n|poke|p2|Decidueye, M|\n|teampreview\n|c|\u2606LolBalls2|Gl hf!!\n|c|\u2606LolBalls2|Your team is so scary\n|c|\u2606harrison4|glhf!\n|c|\u2606harrison4|you have thwackey which is so sick\n|c|\u2606LolBalls2|We both have middle stage guys!\n|c|\u2606LolBalls2|i love it hahaha\n|c|\u2606harrison4|<3\n|c|\u2606LolBalls2|I went big into grass\/jungle theme\n|\n|t:|1698106158\n|start\n|switch|p1a: Monkey|Thwackey, M|100\/100\n|switch|p1b: DOOALEEP|Kricketune, M, shiny|100\/100\n|switch|p2a: Lil Shit|Sneasel, F|100\/100\n|switch|p2b: Bojack|Mudsdale, F|100\/100\n|-fieldstart|move: Grassy Terrain|[from] ability: Grassy Surge|[of] p1a: Monkey\n|turn|1\n|\n|t:|1698106223\n|move|p1a: Monkey|Fake Out|p2a: Lil Shit\n|-damage|p2a: Lil Shit|79\/100\n|move|p2a: Lil Shit|Beat Up|p2b: Bojack\n|-damage|p2b: Bojack|97\/100\n|-ability|p2b: Bojack|Stamina|boost\n|-boost|p2b: Bojack|def|1\n|-damage|p2b: Bojack|93\/100\n|-ability|p2b: Bojack|Stamina|boost\n|-boost|p2b: Bojack|def|1\n|-damage|p2b: Bojack|92\/100\n|-ability|p2b: Bojack|Stamina|boost\n|-boost|p2b: Bojack|def|1\n|-damage|p2b: Bojack|90\/100\n|-ability|p2b: Bojack|Stamina|boost\n|-boost|p2b: Bojack|def|1\n|-damage|p2b: Bojack|89\/100\n|-ability|p2b: Bojack|Stamina|boost\n|-boost|p2b: Bojack|def|1\n|-damage|p2b: Bojack|87\/100\n|-ability|p2b: Bojack|Stamina|boost\n|-boost|p2b: Bojack|def|1\n|-hitcount|p2b: Bojack|6\n|move|p1b: DOOALEEP|Pounce|p2a: Lil Shit\n|-supereffective|p2a: Lil Shit\n|-damage|p2a: Lil Shit|0 fnt\n|faint|p2a: Lil Shit\n|move|p2b: Bojack|Rock Slide|p1a: Monkey|[spread] p1a,p1b\n|-supereffective|p1b: DOOALEEP\n|-damage|p1a: Monkey|78\/100\n|-damage|p1b: DOOALEEP|28\/100\n|\n|-heal|p1a: Monkey|84\/100|[from] Grassy Terrain\n|-heal|p1b: DOOALEEP|35\/100|[from] Grassy Terrain\n|-heal|p2b: Bojack|94\/100|[from] Grassy Terrain\n|upkeep\n|c|\u2606LolBalls2|Uh oh\n|c|\u2606LolBalls2|i forget inner focus\n|c|\u2606LolBalls2|that\u2019s one bit horse\n|c|\u2606LolBalls2|*big\n|c|\u2606harrison4|just beating off my horse, nothing to worry about\n|c|\u2606LolBalls2|Lmaooi\n|\n|t:|1698106290\n|switch|p2a: 9ers Fans|Naclstack, M|100\/100\n|turn|2\n|\n|t:|1698106315\n|move|p1a: Monkey|Wood Hammer|p2a: 9ers Fans\n|-supereffective|p2a: 9ers Fans\n|-damage|p2a: 9ers Fans|13\/100\n|-damage|p1a: Monkey|50\/100|[from] Recoil\n|move|p1b: DOOALEEP|Lunge|p2b: Bojack\n|-damage|p2b: Bojack|85\/100\n|-unboost|p2b: Bojack|atk|1\n|move|p2b: Bojack|Body Press|p1a: Monkey\n|-damage|p1a: Monkey|0 fnt\n|faint|p1a: Monkey\n|move|p2a: 9ers Fans|Iron Defense|p2a: 9ers Fans\n|-boost|p2a: 9ers Fans|def|2\n|\n|-heal|p1b: DOOALEEP|41\/100|[from] Grassy Terrain\n|-heal|p2a: 9ers Fans|19\/100|[from] Grassy Terrain\n|-heal|p2b: Bojack|92\/100|[from] Grassy Terrain\n|upkeep\n|\n|t:|1698106347\n|switch|p1a: Reclyclops|Muk-Alola, M|100\/100\n|turn|3\n|\n|t:|1698106387\n|-terastallize|p1a: Reclyclops|Fighting\n|move|p1b: DOOALEEP|Bug Bite|p2b: Bojack\n|-damage|p2b: Bojack|83\/100\n|move|p1a: Reclyclops|Acid Armor|p1a: Reclyclops\n|-boost|p1a: Reclyclops|def|2\n|move|p2b: Bojack|Body Press|p1a: Reclyclops\n|-damage|p1a: Reclyclops|65\/100\n|move|p2a: 9ers Fans|Recover|p2a: 9ers Fans\n|-heal|p2a: 9ers Fans|69\/100\n|\n|-heal|p1b: DOOALEEP|47\/100|[from] Grassy Terrain\n|-heal|p1a: Reclyclops|71\/100|[from] Grassy Terrain\n|-heal|p2a: 9ers Fans|75\/100|[from] Grassy Terrain\n|-heal|p2b: Bojack|89\/100|[from] Grassy Terrain\n|upkeep\n|turn|4\n|\n|t:|1698106416\n|move|p1b: DOOALEEP|Lunge|p2b: Bojack\n|-damage|p2b: Bojack|82\/100\n|-unboost|p2b: Bojack|atk|1\n|move|p1a: Reclyclops|Acid Armor|p1a: Reclyclops\n|-boost|p1a: Reclyclops|def|2\n|move|p2a: 9ers Fans|Salt Cure|p1a: Reclyclops\n|-resisted|p1a: Reclyclops\n|-damage|p1a: Reclyclops|69\/100\n|-start|p1a: Reclyclops|Salt Cure\n|move|p2b: Bojack|Body Press|p1a: Reclyclops\n|-damage|p1a: Reclyclops|45\/100\n|-enditem|p1a: Reclyclops|Sitrus Berry|[eat]\n|-heal|p1a: Reclyclops|70\/100|[from] item: Sitrus Berry\n|\n|-heal|p1b: DOOALEEP|53\/100|[from] Grassy Terrain\n|-heal|p1a: Reclyclops|76\/100|[from] Grassy Terrain\n|-heal|p2a: 9ers Fans|81\/100|[from] Grassy Terrain\n|-heal|p2b: Bojack|88\/100|[from] Grassy Terrain\n|-damage|p1a: Reclyclops|64\/100|[from] Salt Cure\n|upkeep\n|turn|5\n|\n|t:|1698106443\n|move|p1b: DOOALEEP|Struggle Bug|p2b: Bojack|[spread] p2a,p2b\n|-damage|p2a: 9ers Fans|73\/100\n|-damage|p2b: Bojack|80\/100\n|-unboost|p2a: 9ers Fans|spa|1\n|-unboost|p2b: Bojack|spa|1\n|move|p1a: Reclyclops|Recycle|p1a: Reclyclops\n|-item|p1a: Reclyclops|Sitrus Berry|[from] move: Recycle\n|move|p2a: 9ers Fans|Iron Defense|p2a: 9ers Fans\n|-boost|p2a: 9ers Fans|def|2\n|move|p2b: Bojack|Body Press|p1a: Reclyclops\n|-damage|p1a: Reclyclops|38\/100\n|-enditem|p1a: Reclyclops|Sitrus Berry|[eat]\n|-heal|p1a: Reclyclops|63\/100|[from] item: Sitrus Berry\n|\n|-heal|p1b: DOOALEEP|59\/100|[from] Grassy Terrain\n|-heal|p1a: Reclyclops|69\/100|[from] Grassy Terrain\n|-heal|p2a: 9ers Fans|79\/100|[from] Grassy Terrain\n|-heal|p2b: Bojack|86\/100|[from] Grassy Terrain\n|-damage|p1a: Reclyclops|56\/100|[from] Salt Cure\n|-fieldend|move: Grassy Terrain\n|upkeep\n|turn|6\n|c|\u2606LolBalls2|We\u2019re building\n|c|\u2606harrison4|now this is pokemon\n|\n|t:|1698106492\n|-terastallize|p2b: Bojack|Fighting\n|move|p1b: DOOALEEP|Pounce|p2b: Bojack\n|-resisted|p2b: Bojack\n|-damage|p2b: Bojack|82\/100\n|-unboost|p2b: Bojack|spe|1\n|move|p1a: Reclyclops|Acid Armor|p1a: Reclyclops\n|-boost|p1a: Reclyclops|def|2\n|move|p2a: 9ers Fans|Body Press|p1a: Reclyclops\n|-damage|p1a: Reclyclops|42\/100\n|move|p2b: Bojack|Body Press|p1a: Reclyclops\n|-damage|p1a: Reclyclops|12\/100\n|\n|-damage|p1a: Reclyclops|0 fnt|[from] Salt Cure\n|faint|p1a: Reclyclops\n|upkeep\n|c|\u2606LolBalls2|I think I lose lol\n|\n|t:|1698106515\n|switch|p1a: Mr. Poop|Brambleghast, M|100\/100\n|turn|7\n|\n|t:|1698106533\n|move|p1a: Mr. Poop|Leech Seed|p2b: Bojack\n|-start|p2b: Bojack|move: Leech Seed\n|move|p1b: DOOALEEP|Pounce|p2b: Bojack\n|-resisted|p2b: Bojack\n|-damage|p2b: Bojack|79\/100\n|-unboost|p2b: Bojack|spe|1\n|move|p2a: 9ers Fans|Salt Cure|p1a: Mr. Poop\n|-damage|p1a: Mr. Poop|85\/100\n|-start|p1a: Mr. Poop|Salt Cure\n|move|p2b: Bojack|Rock Slide|p1b: DOOALEEP|[spread] p1b\n|-miss|p2b: Bojack|p1a: Mr. Poop\n|-supereffective|p1b: DOOALEEP\n|-damage|p1b: DOOALEEP|23\/100\n|\n|-damage|p2b: Bojack|66\/100|[from] Leech Seed|[of] p1a: Mr. Poop\n|-heal|p1a: Mr. Poop|100\/100|[silent]\n|-damage|p1a: Mr. Poop|88\/100|[from] Salt Cure\n|upkeep\n|turn|8\n|\n|t:|1698106557\n|move|p1a: Mr. Poop|Leech Seed|p2a: 9ers Fans\n|-start|p2a: 9ers Fans|move: Leech Seed\n|move|p1b: DOOALEEP|Lunge|p2b: Bojack\n|-resisted|p2b: Bojack\n|-damage|p2b: Bojack|63\/100\n|-unboost|p2b: Bojack|atk|1\n|move|p2a: 9ers Fans|Iron Defense|p2a: 9ers Fans\n|-boost|p2a: 9ers Fans|def|2\n|move|p2b: Bojack|Rock Slide|p1a: Mr. Poop|[spread] p1a,p1b\n|-supereffective|p1b: DOOALEEP\n|-damage|p1a: Mr. Poop|74\/100\n|-damage|p1b: DOOALEEP|0 fnt\n|faint|p1b: DOOALEEP\n|\n|-damage|p2a: 9ers Fans|67\/100|[from] Leech Seed|[of] p1a: Mr. Poop\n|-heal|p1a: Mr. Poop|90\/100|[silent]\n|-damage|p2b: Bojack|50\/100|[from] Leech Seed|[of] p1a: Mr. Poop\n|-heal|p1a: Mr. Poop|100\/100|[silent]\n|-damage|p1a: Mr. Poop|88\/100|[from] Salt Cure\n|upkeep\n|\n|t:|1698106561\n|switch|p1b: Cougar|Persian, F, shiny|100\/100\n|turn|9\n|\n|t:|1698106586\n|switch|p1a: Rocketman|Falinks, shiny|100\/100\n|switch|p2b: Delphox|Delphox, M|100\/100\n|move|p1b: Cougar|Fake Out|p2a: 9ers Fans\n|-resisted|p2a: 9ers Fans\n|-damage|p2a: 9ers Fans|65\/100\n|cant|p2a: 9ers Fans|flinch\n|\n|-damage|p2a: 9ers Fans|53\/100|[from] Leech Seed|[of] p1a: Rocketman\n|upkeep\n|turn|10\n|\n|t:|1698106614\n|move|p1b: Cougar|Icy Wind|p2b: Delphox|[spread] p2a,p2b\n|-resisted|p2b: Delphox\n|-damage|p2a: 9ers Fans|46\/100\n|-damage|p2b: Delphox|95\/100\n|-unboost|p2a: 9ers Fans|spe|1\n|-unboost|p2b: Delphox|spe|1\n|move|p1a: Rocketman|Rock Slide|p2a: 9ers Fans|[spread] p2a,p2b\n|-supereffective|p2b: Delphox\n|-damage|p2a: 9ers Fans|42\/100\n|-damage|p2b: Delphox|35\/100\n|-damage|p1a: Rocketman|91\/100|[from] item: Life Orb\n|move|p2b: Delphox|Psychic|p1a: Rocketman\n|-supereffective|p1a: Rocketman\n|-damage|p1a: Rocketman|0 fnt\n|faint|p1a: Rocketman\n|-damage|p2b: Delphox|25\/100|[from] item: Life Orb\n|move|p2a: 9ers Fans|Body Press|p1b: Cougar\n|-supereffective|p1b: Cougar\n|-enditem|p1b: Cougar|Focus Sash\n|-damage|p1b: Cougar|1\/100\n|\n|upkeep\n|\n|t:|1698106627\n|switch|p1a: Mr. Poop|Brambleghast, M|88\/100\n|turn|11\n|c|\u2606LolBalls2|It\u2019s all up to poop\n|\n|t:|1698106654\n|switch|p2b: Bojack|Mudsdale, F, tera:Fighting|50\/100\n|move|p1b: Cougar|Seed Bomb|p2b: Bojack\n|-damage|p2b: Bojack|33\/100\n|-ability|p2b: Bojack|Stamina|boost\n|-boost|p2b: Bojack|def|1\n|move|p1a: Mr. Poop|Power Whip|p2b: Bojack\n|-crit|p2b: Bojack\n|-damage|p2b: Bojack|0 fnt\n|faint|p2b: Bojack\n|move|p2a: 9ers Fans|Recover|p2a: 9ers Fans\n|-heal|p2a: 9ers Fans|92\/100\n|\n|-damage|p2a: 9ers Fans|79\/100|[from] Leech Seed|[of] p1a: Mr. Poop\n|-heal|p1a: Mr. Poop|100\/100|[silent]\n|upkeep\n|\n|t:|1698106677\n|switch|p2b: Delphox|Delphox, M|25\/100\n|turn|12\n|\n|t:|1698106689\n|move|p2b: Delphox|Protect|p2b: Delphox\n|-singleturn|p2b: Delphox|Protect\n|move|p1b: Cougar|Seed Bomb|p2b: Delphox\n|-activate|p2b: Delphox|move: Protect\n|move|p1a: Mr. Poop|Power Whip|p2b: Delphox\n|-activate|p2b: Delphox|move: Protect\n|move|p2a: 9ers Fans|Body Press|p1b: Cougar\n|-supereffective|p1b: Cougar\n|-damage|p1b: Cougar|0 fnt\n|faint|p1b: Cougar\n|\n|-damage|p2a: 9ers Fans|67\/100|[from] Leech Seed|[of] p1a: Mr. Poop\n|upkeep\n|turn|13\n|\n|t:|1698106707\n|move|p2b: Delphox|Heat Wave|p1a: Mr. Poop\n|-supereffective|p1a: Mr. Poop\n|-damage|p1a: Mr. Poop|0 fnt\n|faint|p1a: Mr. Poop\n|-damage|p2b: Delphox|15\/100|[from] item: Life Orb\n|\n|win|harrison4\n|c|\u2606harrison4|gg\n|c|\u2606LolBalls2|Gg!\n","uploadtime":1698106716,"views":21,"p1id":"lolballs2","p2id":"harrison4","formatid":"gen9doublesou","rating":0,"private":0,"password":""}