{"id":"gen9doublesou-1986332044","p1":"ewbomersheim","p2":"ghostly spectrum","format":"[Gen 9] Doubles OU","log":"|j|\u2606ewbomersheim\n|j|\u2606ghostly spectrum\n|t:|1699469984\n|gametype|doubles\n|player|p1|ewbomersheim|veteran|1096\n|player|p2|ghostly spectrum|170|1000\n|teamsize|p1|6\n|teamsize|p2|6\n|gen|9\n|tier|[Gen 9] Doubles OU\n|rated|\n|rule|Species Clause: Limit one of each Pok\u00e9mon\n|rule|OHKO Clause: OHKO moves are banned\n|rule|Evasion Moves Clause: Evasion moves are banned\n|rule|Gravity Sleep Clause: The combination of sleep-inducing moves with imperfect accuracy and Gravity or Gigantamax Orbeetle are banned\n|rule|Endless Battle Clause: Forcing endless battles is banned\n|rule|HP Percentage Mod: HP is shown in percentages\n|clearpoke\n|poke|p1|Garchomp, M|\n|poke|p1|Murkrow, F|\n|poke|p1|Enamorus, F|\n|poke|p1|Grimmsnarl, M|\n|poke|p1|Dragapult, F|\n|poke|p1|Amoonguss, F|\n|poke|p2|Grimmsnarl, M|\n|poke|p2|Gliscor, M|\n|poke|p2|Toxapex, M|\n|poke|p2|Blissey, F|\n|poke|p2|Cresselia, F|\n|poke|p2|Walking Wake|\n|teampreview\n|inactive|Battle timer is ON: inactive players will automatically lose when time's up. (requested by ghostly spectrum)\n|\n|t:|1699470001\n|start\n|switch|p1a: Dragapult|Dragapult, F, shiny|100\/100\n|switch|p1b: Murkrow|Murkrow, F, shiny|100\/100\n|switch|p2a: Grimmsnarl|Grimmsnarl, M, shiny|100\/100\n|switch|p2b: Walking Wake|Walking Wake|100\/100\n|-enditem|p2b: Walking Wake|Booster Energy\n|-activate|p2b: Walking Wake|ability: Protosynthesis|[fromitem]\n|-start|p2b: Walking Wake|protosynthesisspa\n|turn|1\n|inactive|ewbomersheim has 120 seconds left.\n|\n|t:|1699470051\n|move|p2b: Walking Wake|Protect|p2b: Walking Wake\n|-singleturn|p2b: Walking Wake|Protect\n|move|p1b: Murkrow|Taunt|p2a: Grimmsnarl\n|-hint|Since gen 7, Dark is immune to Prankster moves.\n|-immune|p2a: Grimmsnarl\n|move|p2a: Grimmsnarl|Thunder Wave|p1a: Dragapult\n|-status|p1a: Dragapult|par\n|move|p1a: Dragapult|Dragon Dance|p1a: Dragapult\n|-boost|p1a: Dragapult|atk|1\n|-boost|p1a: Dragapult|spe|1\n|\n|upkeep\n|turn|2\n|inactive|ewbomersheim has 120 seconds left.\n|inactive|ewbomersheim has 90 seconds left.\n|\n|t:|1699470091\n|move|p1b: Murkrow|Tailwind|p1b: Murkrow\n|-sidestart|p1: ewbomersheim|move: Tailwind\n|move|p2a: Grimmsnarl|Reflect|p2a: Grimmsnarl\n|-sidestart|p2: ghostly spectrum|Reflect\n|move|p1a: Dragapult|Dragon Dance|p1a: Dragapult\n|-boost|p1a: Dragapult|atk|1\n|-boost|p1a: Dragapult|spe|1\n|move|p2b: Walking Wake|Dragon Pulse|p1a: Dragapult\n|-supereffective|p1a: Dragapult\n|-enditem|p1a: Dragapult|Focus Sash\n|-damage|p1a: Dragapult|1\/100 par\n|\n|upkeep\n|turn|3\n|inactive|ewbomersheim has 90 seconds left.\n|inactive|ghostly spectrum has 120 seconds left.\n|\n|t:|1699470134\n|-terastallize|p2b: Walking Wake|Fairy\n|move|p2a: Grimmsnarl|Reflect||[still]\n|-fail|p2a: Grimmsnarl\n|move|p1a: Dragapult|Baton Pass|p1a: Dragapult\n|\n|t:|1699470144\n|switch|p1a: Enamorus|Enamorus, F, shiny|100\/100|[from] Baton Pass\n|move|p1b: Murkrow|Foul Play|p2b: Walking Wake\n|-resisted|p2b: Walking Wake\n|-damage|p2b: Walking Wake|95\/100\n|move|p2b: Walking Wake|Dragon Pulse|p1a: Enamorus\n|-immune|p1a: Enamorus\n|\n|upkeep\n|turn|4\n|inactive|ewbomersheim has 90 seconds left.\n|\n|t:|1699470169\n|switch|p1b: Grimmsnarl|Grimmsnarl, M, shiny|100\/100\n|move|p2a: Grimmsnarl|Light Screen|p2a: Grimmsnarl\n|-sidestart|p2: ghostly spectrum|move: Light Screen\n|move|p1a: Enamorus|Iron Head|p2b: Walking Wake\n|-supereffective|p2b: Walking Wake\n|-damage|p2b: Walking Wake|0 fnt\n|faint|p2b: Walking Wake\n|-end|p2b: Walking Wake|Protosynthesis|[silent]\n|\n|upkeep\n|\n|t:|1699470178\n|switch|p2b: Gliscor|Gliscor, M|100\/100\n|turn|5\n|inactive|ewbomersheim has 90 seconds left.\n|\n|t:|1699470202\n|move|p2b: Gliscor|Protect|p2b: Gliscor\n|-singleturn|p2b: Gliscor|Protect\n|move|p1b: Grimmsnarl|Fake Out|p2a: Grimmsnarl\n|-damage|p2a: Grimmsnarl|93\/100\n|cant|p2a: Grimmsnarl|flinch\n|move|p1a: Enamorus|Iron Head|p2a: Grimmsnarl\n|-supereffective|p2a: Grimmsnarl\n|-damage|p2a: Grimmsnarl|5\/100\n|\n|-sideend|p1: ewbomersheim|move: Tailwind\n|-status|p2b: Gliscor|tox|[from] item: Toxic Orb\n|upkeep\n|turn|6\n|inactive|ewbomersheim has 90 seconds left.\n|\n|t:|1699470233\n|move|p1b: Grimmsnarl|Parting Shot|p1a: Enamorus\n|-boost|p1a: Enamorus|atk|1\n|-boost|p1a: Enamorus|spa|1\n|\n|t:|1699470240\n|switch|p1b: Amoonguss|Amoonguss, F, shiny|100\/100|[from] Parting Shot\n|move|p2a: Grimmsnarl|Thunder Wave|p1a: Enamorus\n|-status|p1a: Enamorus|par\n|cant|p1a: Enamorus|par\n|move|p2b: Gliscor|Facade|p1a: Enamorus\n|-damage|p1a: Enamorus|39\/100 par\n|\n|upkeep\n|turn|7\n|inactive|ewbomersheim has 90 seconds left.\n|\n|t:|1699470266\n|move|p1b: Amoonguss|Rage Powder|p1b: Amoonguss\n|-singleturn|p1b: Amoonguss|move: Rage Powder\n|move|p2a: Grimmsnarl|Thunder Wave|p1b: Amoonguss\n|-status|p1b: Amoonguss|par\n|move|p1a: Enamorus|Iron Head|p2b: Gliscor\n|-damage|p2b: Gliscor|56\/100 tox\n|move|p2b: Gliscor|Facade|p1b: Amoonguss\n|-damage|p1b: Amoonguss|64\/100 par\n|\n|-heal|p1b: Amoonguss|70\/100 par|[from] item: Leftovers\n|-heal|p2b: Gliscor|69\/100 tox|[from] ability: Poison Heal\n|upkeep\n|turn|8\n|inactive|ewbomersheim has 90 seconds left.\n|\n|t:|1699470293\n|move|p2b: Gliscor|Protect|p2b: Gliscor\n|-singleturn|p2b: Gliscor|Protect\n|move|p1b: Amoonguss|Rage Powder|p1b: Amoonguss\n|-singleturn|p1b: Amoonguss|move: Rage Powder\n|move|p2a: Grimmsnarl|Parting Shot|p1b: Amoonguss\n|-unboost|p1b: Amoonguss|atk|1\n|-unboost|p1b: Amoonguss|spa|1\n|\n|t:|1699470301\n|switch|p2a: Toxapex|Toxapex, M|100\/100|[from] Parting Shot\n|move|p1a: Enamorus|Iron Head|p2a: Toxapex\n|-resisted|p2a: Toxapex\n|-damage|p2a: Toxapex|83\/100\n|\n|-heal|p2a: Toxapex|89\/100|[from] item: Black Sludge\n|-heal|p1b: Amoonguss|76\/100 par|[from] item: Leftovers\n|-heal|p2b: Gliscor|81\/100 tox|[from] ability: Poison Heal\n|upkeep\n|turn|9\n|inactive|ewbomersheim has 90 seconds left.\n|\n|t:|1699470330\n|move|p2a: Toxapex|Baneful Bunker|p2a: Toxapex\n|-singleturn|p2a: Toxapex|move: Protect\n|move|p1b: Amoonguss|Rage Powder|p1b: Amoonguss\n|-singleturn|p1b: Amoonguss|move: Rage Powder\n|move|p1a: Enamorus|Iron Head|p2b: Gliscor\n|-damage|p2b: Gliscor|33\/100 tox\n|move|p2b: Gliscor|Facade|p1b: Amoonguss\n|-damage|p1b: Amoonguss|39\/100 par\n|\n|-heal|p2a: Toxapex|95\/100|[from] item: Black Sludge\n|-heal|p1b: Amoonguss|45\/100 par|[from] item: Leftovers\n|-heal|p2b: Gliscor|46\/100 tox|[from] ability: Poison Heal\n|-sideend|p2: ghostly spectrum|Reflect\n|upkeep\n|turn|10\n|\n|t:|1699470359\n|move|p1a: Enamorus|Iron Head|p2a: Toxapex\n|-resisted|p2a: Toxapex\n|-damage|p2a: Toxapex|69\/100\n|move|p2b: Gliscor|Facade|p1a: Enamorus\n|-damage|p1a: Enamorus|0 fnt\n|faint|p1a: Enamorus\n|cant|p2a: Toxapex|flinch\n|move|p1b: Amoonguss|Spore|p2a: Toxapex\n|-status|p2a: Toxapex|slp|[from] move: Spore\n|\n|-heal|p2a: Toxapex|75\/100 slp|[from] item: Black Sludge\n|-heal|p1b: Amoonguss|51\/100 par|[from] item: Leftovers\n|-heal|p2b: Gliscor|58\/100 tox|[from] ability: Poison Heal\n|upkeep\n|inactive|ewbomersheim has 90 seconds left.\n|\n|t:|1699470388\n|switch|p1a: Grimmsnarl|Grimmsnarl, M, shiny|100\/100\n|turn|11\n|\n|t:|1699470397\n|move|p1a: Grimmsnarl|Fake Out|p2b: Gliscor\n|-damage|p2b: Gliscor|50\/100 tox\n|cant|p2b: Gliscor|flinch\n|cant|p2a: Toxapex|slp\n|move|p1b: Amoonguss|Spore||[still]\n|-fail|p1b: Amoonguss\n|\n|-heal|p2a: Toxapex|81\/100 slp|[from] item: Black Sludge\n|-heal|p1b: Amoonguss|57\/100 par|[from] item: Leftovers\n|-heal|p2b: Gliscor|63\/100 tox|[from] ability: Poison Heal\n|-sideend|p2: ghostly spectrum|move: Light Screen\n|upkeep\n|turn|12\n|\n|t:|1699470414\n|move|p1a: Grimmsnarl|Parting Shot|p2b: Gliscor\n|-unboost|p2b: Gliscor|atk|1\n|-unboost|p2b: Gliscor|spa|1\n|\n|t:|1699470420\n|switch|p1a: Murkrow|Murkrow, F, shiny|100\/100|[from] Parting Shot\n|move|p2b: Gliscor|Sand Tomb|p1b: Amoonguss\n|-damage|p1b: Amoonguss|47\/100 par\n|-activate|p1b: Amoonguss|move: Sand Tomb|[of] p2b: Gliscor\n|cant|p2a: Toxapex|slp\n|move|p1b: Amoonguss|Giga Drain|p2b: Gliscor\n|-damage|p2b: Gliscor|45\/100 tox\n|-heal|p1b: Amoonguss|54\/100 par|[from] drain|[of] p2b: Gliscor\n|\n|-heal|p2a: Toxapex|87\/100 slp|[from] item: Black Sludge\n|-heal|p1b: Amoonguss|60\/100 par|[from] item: Leftovers\n|-heal|p2b: Gliscor|57\/100 tox|[from] ability: Poison Heal\n|-damage|p1b: Amoonguss|48\/100 par|[from] move: Sand Tomb|[partiallytrapped]\n|upkeep\n|turn|13\n|inactive|ewbomersheim has 120 seconds left.\n|\n|t:|1699470452\n|move|p2b: Gliscor|Facade|p1b: Amoonguss\n|-damage|p1b: Amoonguss|23\/100 par\n|move|p1a: Murkrow|Foul Play|p2b: Gliscor\n|-damage|p2b: Gliscor|40\/100 tox\n|cant|p2a: Toxapex|slp\n|move|p1b: Amoonguss|Giga Drain|p2b: Gliscor\n|-damage|p2b: Gliscor|23\/100 tox\n|-heal|p1b: Amoonguss|30\/100 par|[from] drain|[of] p2b: Gliscor\n|\n|-heal|p2a: Toxapex|94\/100 slp|[from] item: Black Sludge\n|-heal|p1b: Amoonguss|37\/100 par|[from] item: Leftovers\n|-heal|p2b: Gliscor|35\/100 tox|[from] ability: Poison Heal\n|-damage|p1b: Amoonguss|24\/100 par|[from] move: Sand Tomb|[partiallytrapped]\n|upkeep\n|turn|14\n|inactive|ewbomersheim has 120 seconds left.\n|inactive|ewbomersheim has 90 seconds left.\n|\n|t:|1699470488\n|move|p1b: Amoonguss|Protect|p1b: Amoonguss\n|-singleturn|p1b: Amoonguss|Protect\n|move|p1a: Murkrow|Tailwind|p1a: Murkrow\n|-sidestart|p1: ewbomersheim|move: Tailwind\n|move|p2b: Gliscor|Facade|p1b: Amoonguss\n|-activate|p1b: Amoonguss|move: Protect\n|-curestatus|p2a: Toxapex|slp|[msg]\n|move|p2a: Toxapex|Chilling Water|p1a: Murkrow\n|-damage|p1a: Murkrow|92\/100\n|-unboost|p1a: Murkrow|atk|1\n|\n|-heal|p2a: Toxapex|99\/100|[from] item: Black Sludge\n|-heal|p1b: Amoonguss|30\/100 par|[from] item: Leftovers\n|-heal|p2b: Gliscor|48\/100 tox|[from] ability: Poison Heal\n|-damage|p1b: Amoonguss|18\/100 par|[from] move: Sand Tomb|[partiallytrapped]\n|upkeep\n|turn|15\n|\n|t:|1699470511\n|move|p2b: Gliscor|Protect|p2b: Gliscor\n|-singleturn|p2b: Gliscor|Protect\n|move|p1a: Murkrow|Foul Play|p2b: Gliscor\n|-activate|p2b: Gliscor|move: Protect\n|move|p2a: Toxapex|Toxic|p1a: Murkrow\n|-status|p1a: Murkrow|tox\n|cant|p1b: Amoonguss|par\n|\n|-heal|p2a: Toxapex|100\/100|[from] item: Black Sludge\n|-heal|p1b: Amoonguss|24\/100 par|[from] item: Leftovers\n|-damage|p1a: Murkrow|86\/100 tox|[from] psn\n|-heal|p2b: Gliscor|60\/100 tox|[from] ability: Poison Heal\n|-damage|p1b: Amoonguss|12\/100 par|[from] move: Sand Tomb|[partiallytrapped]\n|upkeep\n|turn|16\n|inactive|ewbomersheim has 90 seconds left.\n|\n|t:|1699470545\n|move|p1b: Amoonguss|Protect|p1b: Amoonguss\n|-singleturn|p1b: Amoonguss|Protect\n|move|p1a: Murkrow|Taunt|p2b: Gliscor\n|-start|p2b: Gliscor|move: Taunt\n|move|p2b: Gliscor|Facade|p1b: Amoonguss\n|-activate|p1b: Amoonguss|move: Protect\n|move|p2a: Toxapex|Chilling Water|p1a: Murkrow\n|-damage|p1a: Murkrow|76\/100 tox\n|-unboost|p1a: Murkrow|atk|1\n|\n|-heal|p1b: Amoonguss|18\/100 par|[from] item: Leftovers\n|-damage|p1a: Murkrow|64\/100 tox|[from] psn\n|-heal|p2b: Gliscor|73\/100 tox|[from] ability: Poison Heal\n|-end|p1b: Amoonguss|Sand Tomb|[partiallytrapped]\n|upkeep\n|turn|17\n|inactive|ewbomersheim has 90 seconds left.\n|\n|t:|1699470575\n|switch|p1a: Grimmsnarl|Grimmsnarl, M, shiny|100\/100\n|move|p2a: Toxapex|Baneful Bunker|p2a: Toxapex\n|-singleturn|p2a: Toxapex|move: Protect\n|move|p2b: Gliscor|Facade|p1b: Amoonguss\n|-damage|p1b: Amoonguss|0 fnt\n|faint|p1b: Amoonguss\n|\n|-heal|p2b: Gliscor|85\/100 tox|[from] ability: Poison Heal\n|-sideend|p1: ewbomersheim|move: Tailwind\n|upkeep\n|inactive|ewbomersheim has 90 seconds left.\n|\n|t:|1699470586\n|switch|p1b: Garchomp|Garchomp, M, shiny|100\/100\n|turn|18\n|inactive|ewbomersheim has 90 seconds left.\n|\n|t:|1699470607\n|-terastallize|p1b: Garchomp|Steel\n|move|p1a: Grimmsnarl|Fake Out|p2b: Gliscor\n|-damage|p2b: Gliscor|77\/100 tox\n|move|p1b: Garchomp|Swords Dance|p1b: Garchomp\n|-boost|p1b: Garchomp|atk|2\n|cant|p2b: Gliscor|flinch\n|move|p2a: Toxapex|Chilling Water|p1b: Garchomp\n|-damage|p1b: Garchomp|90\/100\n|-unboost|p1b: Garchomp|atk|1\n|\n|-heal|p2b: Gliscor|90\/100 tox|[from] ability: Poison Heal\n|-end|p2b: Gliscor|move: Taunt\n|upkeep\n|turn|19\n|\n|t:|1699470628\n|move|p1a: Grimmsnarl|Parting Shot|p2b: Gliscor\n|-unboost|p2b: Gliscor|atk|1\n|-unboost|p2b: Gliscor|spa|1\n|\n|t:|1699470635\n|switch|p1a: Dragapult|Dragapult, F, shiny|1\/100 par|[from] Parting Shot\n|move|p1b: Garchomp|Swords Dance|p1b: Garchomp\n|-boost|p1b: Garchomp|atk|2\n|move|p2b: Gliscor|Sand Tomb|p1b: Garchomp\n|-supereffective|p1b: Garchomp\n|-crit|p1b: Garchomp\n|-damage|p1b: Garchomp|46\/100\n|-activate|p1b: Garchomp|move: Sand Tomb|[of] p2b: Gliscor\n|move|p2a: Toxapex|Chilling Water|p1b: Garchomp\n|-damage|p1b: Garchomp|34\/100\n|-unboost|p1b: Garchomp|atk|1\n|\n|-heal|p2b: Gliscor|100\/100 tox|[from] ability: Poison Heal\n|-damage|p1b: Garchomp|22\/100|[from] move: Sand Tomb|[partiallytrapped]\n|upkeep\n|turn|20\n|inactive|ewbomersheim has 90 seconds left.\n|\n|t:|1699470684\n|move|p2a: Toxapex|Baneful Bunker|p2a: Toxapex\n|-singleturn|p2a: Toxapex|move: Protect\n|move|p1b: Garchomp|Dragon Claw|p2b: Gliscor\n|-damage|p2b: Gliscor|27\/100 tox\n|-damage|p1b: Garchomp|12\/100|[from] item: Life Orb\n|move|p2b: Gliscor|Sand Tomb|p1b: Garchomp\n|-supereffective|p1b: Garchomp\n|-damage|p1b: Garchomp|0 fnt\n|faint|p1b: Garchomp\n|move|p1a: Dragapult|Dragon Darts|p2b: Gliscor\n|-damage|p2b: Gliscor|10\/100 tox\n|-anim|p1a: Dragapult|Dragon Darts|p2b: Gliscor\n|-damage|p2b: Gliscor|0 fnt\n|faint|p2b: Gliscor\n|\n|upkeep\n|inactive|ewbomersheim has 90 seconds left.\n|\n|t:|1699470704\n|switch|p1b: Grimmsnarl|Grimmsnarl, M, shiny|100\/100\n|switch|p2b: Blissey|Blissey, F|100\/100\n|turn|21\n|\n|t:|1699470713\n|move|p2b: Blissey|Protect|p2b: Blissey\n|-singleturn|p2b: Blissey|Protect\n|move|p1b: Grimmsnarl|Fake Out|p2a: Toxapex\n|-damage|p2a: Toxapex|94\/100\n|move|p1a: Dragapult|Dragon Dance|p1a: Dragapult\n|-boost|p1a: Dragapult|atk|1\n|-boost|p1a: Dragapult|spe|1\n|cant|p2a: Toxapex|flinch\n|\n|-heal|p2a: Toxapex|99\/100|[from] item: Black Sludge\n|upkeep\n|turn|22\n|inactive|ewbomersheim has 120 seconds left.\n|\n|t:|1699470746\n|switch|p2b: Grimmsnarl|Grimmsnarl, M, shiny|5\/100\n|move|p1b: Grimmsnarl|Parting Shot|p2b: Grimmsnarl\n|-hint|Since gen 7, Dark is immune to Prankster moves.\n|-immune|p2b: Grimmsnarl\n|move|p1a: Dragapult|Phantom Force||[still]\n|-prepare|p1a: Dragapult|Phantom Force\n|move|p2a: Toxapex|Chilling Water|p1a: Dragapult|[miss]\n|-miss|p2a: Toxapex|p1a: Dragapult\n|\n|-heal|p2a: Toxapex|100\/100|[from] item: Black Sludge\n|upkeep\n|turn|23\n|inactive|ewbomersheim has 120 seconds left.\n|\n|t:|1699470767\n|switch|p2b: Blissey|Blissey, F|100\/100\n|move|p1b: Grimmsnarl|Parting Shot|p2a: Toxapex\n|-unboost|p2a: Toxapex|atk|1\n|-unboost|p2a: Toxapex|spa|1\n|\n|t:|1699470773\n|switch|p1b: Murkrow|Murkrow, F, shiny|64\/100 tox|[from] Parting Shot\n|move|p1a: Dragapult|Phantom Force|p2a: Toxapex|[from]lockedmove\n|-damage|p2a: Toxapex|53\/100\n|move|p2a: Toxapex|Chilling Water|p1a: Dragapult\n|-resisted|p1a: Dragapult\n|-damage|p1a: Dragapult|0 fnt\n|faint|p1a: Dragapult\n|\n|-heal|p2a: Toxapex|59\/100|[from] item: Black Sludge\n|-damage|p1b: Murkrow|58\/100 tox|[from] psn\n|upkeep\n|inactive|ewbomersheim has 90 seconds left.\n|-message|ewbomersheim forfeited.\n|\n|win|ghostly spectrum\n|raw|ewbomersheim's rating: 1096 &rarr; <strong>1065<\/strong><br \/>(-31 for losing)\n|raw|ghostly spectrum's rating: 1000 &rarr; <strong>1051<\/strong><br \/>(+51 for winning)\n|l|\u2606ewbomersheim\n","uploadtime":1699470813,"views":21,"p1id":"ewbomersheim","p2id":"ghostlyspectrum","formatid":"gen9doublesou","rating":1051,"private":0,"password":""}