{"id":"gen9doublesou-1968065490","p1":"Scalonetapibe","p2":"namelis","format":"[Gen 9] Doubles OU","log":"|html|<div class=\"broadcast-blue\"><strong>[Gen 9] Doubles OU is currently suspecting Basculegion & Flutter Mane! For information on how to participate check out the <a href=\"https:\/\/www.smogon.com\/forums\/threads\/np-sv-dou-stage-8-double-trouble.3729153\/\">suspect thread<\/a>.<\/strong><\/div>\n|j|\u2606Scalonetapibe\n|j|\u2606namelis\n|t:|1697380637\n|gametype|doubles\n|player|p1|Scalonetapibe|benga|\n|player|p2|namelis|266|\n|teamsize|p1|6\n|teamsize|p2|6\n|gen|9\n|tier|[Gen 9] Doubles OU\n|rule|Species Clause: Limit one of each Pok\u00e9mon\n|rule|OHKO Clause: OHKO moves are banned\n|rule|Evasion Moves Clause: Evasion moves are banned\n|rule|Gravity Sleep Clause: The combination of sleep-inducing moves with imperfect accuracy and Gravity or Gigantamax Orbeetle are banned\n|rule|Endless Battle Clause: Forcing endless battles is banned\n|rule|HP Percentage Mod: HP is shown in percentages\n|clearpoke\n|poke|p1|Ogerpon-Wellspring, F|\n|poke|p1|Empoleon, F|\n|poke|p1|Gholdengo|\n|poke|p1|Mimikyu, M|\n|poke|p1|Scream Tail|\n|poke|p1|Gothitelle, F|\n|poke|p2|Great Tusk|\n|poke|p2|Iron Hands|\n|poke|p2|Thundurus, M|\n|poke|p2|Corviknight, M|\n|poke|p2|Goodra-Hisui, M|\n|poke|p2|Roaring Moon|\n|teampreview\n|j| buenocomoeloro\n|c| buenocomoeloro|go\n|c| buenocomoeloro|perrikis\n|inactive|Battle timer is ON: inactive players will automatically lose when time's up. (requested by namelis)\n|\n|t:|1697380730\n|start\n|switch|p1a: Gholdengo|Gholdengo|100\/100\n|switch|p1b: Mimikyu|Mimikyu, M|100\/100\n|switch|p2a: Great Tusk|Great Tusk|100\/100\n|switch|p2b: Roaring Moon|Roaring Moon|100\/100\n|turn|1\n|\n|t:|1697380749\n|move|p1a: Gholdengo|Protect|p1a: Gholdengo\n|-singleturn|p1a: Gholdengo|Protect\n|move|p2a: Great Tusk|Headlong Rush|p1a: Gholdengo\n|-activate|p1a: Gholdengo|move: Protect\n|move|p2b: Roaring Moon|U-turn|p1b: Mimikyu\n|-activate|p1b: Mimikyu|ability: Disguise\n|-damage|p1b: Mimikyu|100\/100\n|detailschange|p1b: Mimikyu|Mimikyu-Busted, M\n|-damage|p1b: Mimikyu|88\/100|[from] pokemon: Mimikyu-Busted\n|-damage|p2b: Roaring Moon|91\/100|[from] item: Life Orb\n|\n|t:|1697380759\n|-end|p2b: Roaring Moon|Protosynthesis|[silent]\n|switch|p2b: Goodra|Goodra-Hisui, M|100\/100|[from] U-turn\n|move|p1b: Mimikyu|Play Rough|p2a: Great Tusk\n|-supereffective|p2a: Great Tusk\n|-damage|p2a: Great Tusk|22\/100\n|-damage|p1b: Mimikyu|78\/100|[from] item: Life Orb\n|\n|upkeep\n|turn|2\n|inactive|Scalonetapibe has 270 seconds left.\n|inactive|namelis has 270 seconds left.\n|inactive|Scalonetapibe has 240 seconds left.\n|\n|t:|1697380822\n|-end|p2a: Great Tusk|Protosynthesis|[silent]\n|switch|p2a: Thundurus|Thundurus, M|100\/100\n|-terastallize|p1b: Mimikyu|Ghost\n|move|p1b: Mimikyu|Shadow Sneak|p2a: Thundurus\n|-damage|p2a: Thundurus|60\/100\n|-damage|p1b: Mimikyu|68\/100|[from] item: Life Orb\n|move|p1a: Gholdengo|Nasty Plot|p1a: Gholdengo\n|-boost|p1a: Gholdengo|spa|2\n|move|p2b: Goodra|Curse|p2b: Goodra\n|-unboost|p2b: Goodra|spe|1\n|-boost|p2b: Goodra|atk|1\n|-boost|p2b: Goodra|def|1\n|\n|upkeep\n|turn|3\n|inactive|namelis has 270 seconds left.\n|\n|t:|1697380858\n|switch|p1b: Empoleon|Empoleon, F|100\/100\n|move|p2b: Goodra|Protect|p2b: Goodra\n|-singleturn|p2b: Goodra|Protect\n|move|p1a: Gholdengo|Shadow Ball|p2b: Goodra\n|-activate|p2b: Goodra|move: Protect\n|move|p2a: Thundurus|Wildbolt Storm|p1b: Empoleon|[spread] p1a,p1b\n|-supereffective|p1b: Empoleon\n|-damage|p1a: Gholdengo|62\/100\n|-damage|p1b: Empoleon|60\/100\n|\n|-heal|p1b: Empoleon|66\/100|[from] item: Leftovers\n|upkeep\n|turn|4\n|inactive|namelis has 270 seconds left.\n|\n|t:|1697380891\n|move|p1a: Gholdengo|Shadow Ball|p2a: Thundurus\n|-crit|p2a: Thundurus\n|-damage|p2a: Thundurus|0 fnt\n|faint|p2a: Thundurus\n|-damage|p1a: Gholdengo|52\/100|[from] item: Life Orb\n|move|p1b: Empoleon|Stealth Rock|p2b: Goodra\n|-sidestart|p2: namelis|move: Stealth Rock\n|move|p2b: Goodra|Body Press|p1b: Empoleon\n|-supereffective|p1b: Empoleon\n|-damage|p1b: Empoleon|13\/100\n|\n|-heal|p1b: Empoleon|19\/100|[from] item: Leftovers\n|upkeep\n|\n|t:|1697380898\n|switch|p2a: Great Tusk|Great Tusk|22\/100\n|-damage|p2a: Great Tusk|19\/100|[from] Stealth Rock\n|turn|5\n|\n|t:|1697380905\n|move|p1a: Gholdengo|Protect|p1a: Gholdengo\n|-singleturn|p1a: Gholdengo|Protect\n|move|p2a: Great Tusk|Headlong Rush|p1a: Gholdengo\n|-activate|p1a: Gholdengo|move: Protect\n|move|p1b: Empoleon|Surf|p2a: Great Tusk|[spread] p2a,p2b\n|-activate|p1a: Gholdengo|move: Protect\n|-supereffective|p2a: Great Tusk\n|-resisted|p2b: Goodra\n|-damage|p2a: Great Tusk|0 fnt\n|-damage|p2b: Goodra|95\/100\n|faint|p2a: Great Tusk\n|-end|p2a: Great Tusk|Protosynthesis|[silent]\n|move|p2b: Goodra|Body Press|p1b: Empoleon\n|-supereffective|p1b: Empoleon\n|-damage|p1b: Empoleon|0 fnt\n|faint|p1b: Empoleon\n|\n|-heal|p2b: Goodra|100\/100|[from] item: Leftovers\n|upkeep\n|\n|t:|1697380914\n|switch|p2a: Roaring Moon|Roaring Moon|91\/100\n|switch|p1b: Scream Tail|Scream Tail|100\/100\n|-damage|p2a: Roaring Moon|78\/100|[from] Stealth Rock\n|turn|6\n|inactive|Scalonetapibe has 270 seconds left.\n|\n|t:|1697380956\n|-end|p2a: Roaring Moon|Protosynthesis|[silent]\n|switch|p2a: Corviknight|Corviknight, M|100\/100\n|-damage|p2a: Corviknight|88\/100|[from] Stealth Rock\n|move|p1b: Scream Tail|Thunder Wave|p2a: Corviknight|[miss]\n|-miss|p1b: Scream Tail|p2a: Corviknight\n|move|p1a: Gholdengo|Shadow Ball|p2b: Goodra\n|-damage|p2b: Goodra|40\/100\n|-damage|p1a: Gholdengo|42\/100|[from] item: Life Orb\n|move|p2b: Goodra|Gyro Ball|p1b: Scream Tail\n|-supereffective|p1b: Scream Tail\n|-damage|p1b: Scream Tail|6\/100\n|\n|-heal|p2b: Goodra|46\/100|[from] item: Leftovers\n|upkeep\n|turn|7\n|\n|t:|1697380978\n|-end|p1b: Scream Tail|Protosynthesis|[silent]\n|switch|p1b: Gothitelle|Gothitelle, F|100\/100\n|move|p2b: Goodra|Protect|p2b: Goodra\n|-singleturn|p2b: Goodra|Protect\n|move|p1a: Gholdengo|Shadow Ball|p2b: Goodra\n|-activate|p2b: Goodra|move: Protect\n|move|p2a: Corviknight|Tailwind|p2a: Corviknight\n|-sidestart|p2: namelis|move: Tailwind\n|\n|-heal|p2b: Goodra|52\/100|[from] item: Leftovers\n|upkeep\n|turn|8\n|\n|t:|1697381008\n|switch|p2b: Roaring Moon|Roaring Moon|78\/100\n|-damage|p2b: Roaring Moon|66\/100|[from] Stealth Rock\n|move|p1a: Gholdengo|Protect|p1a: Gholdengo\n|-singleturn|p1a: Gholdengo|Protect\n|move|p2a: Corviknight|Brave Bird|p1b: Gothitelle\n|-damage|p1b: Gothitelle|67\/100\n|-damage|p2a: Corviknight|79\/100|[from] Recoil\n|move|p1b: Gothitelle|Trick Room|p1b: Gothitelle\n|-fieldstart|move: Trick Room|[of] p1b: Gothitelle\n|\n|upkeep\n|turn|9\n|inactive|Scalonetapibe has 270 seconds left.\n|inactive|namelis has 270 seconds left.\n|\n|t:|1697381059\n|switch|p2a: Iron Hands|Iron Hands|100\/100\n|-damage|p2a: Iron Hands|94\/100|[from] Stealth Rock\n|-end|p2b: Roaring Moon|Protosynthesis|[silent]\n|switch|p2b: Goodra|Goodra-Hisui, M|52\/100\n|-damage|p2b: Goodra|46\/100|[from] Stealth Rock\n|move|p1b: Gothitelle|Psychic|p2b: Goodra\n|-resisted|p2b: Goodra\n|-crit|p2b: Goodra\n|-damage|p2b: Goodra|35\/100\n|move|p1a: Gholdengo|Shadow Ball|p2b: Goodra\n|-damage|p2b: Goodra|0 fnt\n|faint|p2b: Goodra\n|-damage|p1a: Gholdengo|33\/100|[from] item: Life Orb\n|\n|upkeep\n|inactive|namelis has 270 seconds left.\n|\n|t:|1697381075\n|switch|p2b: Corviknight|Corviknight, M|79\/100\n|-damage|p2b: Corviknight|66\/100|[from] Stealth Rock\n|turn|10\n|inactive|Scalonetapibe has 270 seconds left.\n|\n|t:|1697381088\n|move|p2a: Iron Hands|Fake Out|p1b: Gothitelle\n|-damage|p1b: Gothitelle|54\/100\n|cant|p1b: Gothitelle|flinch\n|move|p1a: Gholdengo|Shadow Ball|p2b: Corviknight\n|-damage|p2b: Corviknight|0 fnt\n|faint|p2b: Corviknight\n|-damage|p1a: Gholdengo|23\/100|[from] item: Life Orb\n|\n|-sideend|p2: namelis|move: Tailwind\n|upkeep\n|\n|t:|1697381097\n|switch|p2b: Roaring Moon|Roaring Moon|66\/100\n|-damage|p2b: Roaring Moon|54\/100|[from] Stealth Rock\n|turn|11\n|\n|t:|1697381111\n|move|p2a: Iron Hands|Wild Charge|p1a: Gholdengo\n|-damage|p1a: Gholdengo|0 fnt\n|faint|p1a: Gholdengo\n|-damage|p2a: Iron Hands|91\/100|[from] Recoil\n|move|p1b: Gothitelle|Psychic|p2a: Iron Hands\n|-supereffective|p2a: Iron Hands\n|-damage|p2a: Iron Hands|53\/100\n|move|p2b: Roaring Moon|Breaking Swipe|p1b: Gothitelle\n|-damage|p1b: Gothitelle|13\/100\n|-unboost|p1b: Gothitelle|atk|1\n|-ability|p1b: Gothitelle|Competitive|boost\n|-boost|p1b: Gothitelle|spa|2\n|-enditem|p1b: Gothitelle|Sitrus Berry|[eat]\n|-heal|p1b: Gothitelle|38\/100|[from] item: Sitrus Berry\n|-damage|p2b: Roaring Moon|44\/100|[from] item: Life Orb\n|\n|upkeep\n|\n|t:|1697381124\n|switch|p1a: Ogerpon|Ogerpon-Wellspring, F|100\/100\n|turn|12\n|inactive|Scalonetapibe has 270 seconds left.\n|\n|t:|1697381158\n|move|p2b: Roaring Moon|Protect|p2b: Roaring Moon\n|-singleturn|p2b: Roaring Moon|Protect\n|move|p2a: Iron Hands|Wild Charge|p1b: Gothitelle\n|-damage|p1b: Gothitelle|0 fnt\n|faint|p1b: Gothitelle\n|-damage|p2a: Iron Hands|47\/100|[from] Recoil\n|move|p1a: Ogerpon|Ivy Cudgel|p2b: Roaring Moon\n|-activate|p2b: Roaring Moon|move: Protect\n|\n|-fieldend|move: Trick Room\n|upkeep\n|inactive|Scalonetapibe has 270 seconds left.\n|\n|t:|1697381166\n|switch|p1b: Mimikyu|Mimikyu-Busted, M, tera:Ghost|68\/100\n|turn|13\n|inactive|Scalonetapibe has 270 seconds left.\n|inactive|namelis has 270 seconds left.\n|\n|t:|1697381221\n|-terastallize|p2a: Iron Hands|Grass\n|move|p1a: Ogerpon|Ivy Cudgel|p2b: Roaring Moon\n|-resisted|p2b: Roaring Moon\n|-damage|p2b: Roaring Moon|7\/100\n|move|p2b: Roaring Moon|U-turn|p1a: Ogerpon\n|-supereffective|p1a: Ogerpon\n|-crit|p1a: Ogerpon\n|-damage|p1a: Ogerpon|0 fnt\n|faint|p1a: Ogerpon\n|-damage|p2b: Roaring Moon|0 fnt|[from] item: Life Orb\n|faint|p2b: Roaring Moon\n|-end|p2b: Roaring Moon|Protosynthesis|[silent]\n|move|p1b: Mimikyu|Play Rough|p2a: Iron Hands\n|-damage|p2a: Iron Hands|13\/100\n|-damage|p1b: Mimikyu|58\/100|[from] item: Life Orb\n|move|p2a: Iron Hands|Wild Charge|p1b: Mimikyu\n|-damage|p1b: Mimikyu|0 fnt\n|faint|p1b: Mimikyu\n|-damage|p2a: Iron Hands|6\/100|[from] Recoil\n|\n|upkeep\n|\n|t:|1697381226\n|switch|p1b: Scream Tail|Scream Tail|6\/100\n|turn|14\n|inactive|namelis has 270 seconds left.\n|\n|t:|1697381252\n|move|p1b: Scream Tail|Disable|p2a: Iron Hands\n|-start|p2a: Iron Hands|Disable|Wild Charge\n|move|p2a: Iron Hands|Tera Blast|p1b: Scream Tail|[anim] Tera Blast Grass\n|-damage|p1b: Scream Tail|0 fnt\n|faint|p1b: Scream Tail\n|-end|p1b: Scream Tail|Protosynthesis|[silent]\n|\n|win|namelis\n|l|\u2606Scalonetapibe\n|l|\u2606namelis\n","uploadtime":1697381326,"views":16,"p1id":"scalonetapibe","p2id":"namelis","formatid":"gen9doublesou","rating":0,"private":0,"password":""}