{"id":"gen9doublesou-1968117136","p1":"GoroCeles","p2":"Clover6","format":"[Gen 9] Doubles OU","log":"|html|<div class=\"broadcast-blue\"><strong>[Gen 9] Doubles OU is currently suspecting Basculegion & Flutter Mane! For information on how to participate check out the <a href=\"https:\/\/www.smogon.com\/forums\/threads\/np-sv-dou-stage-8-double-trouble.3729153\/\">suspect thread<\/a>.<\/strong><\/div>\n|j|\u2606GoroCeles\n|j|\u2606Clover6\n|t:|1697386045\n|gametype|doubles\n|player|p1|GoroCeles|brock|\n|player|p2|Clover6|flannery|\n|teamsize|p1|6\n|teamsize|p2|6\n|gen|9\n|tier|[Gen 9] Doubles OU\n|rule|Species Clause: Limit one of each Pok\u00e9mon\n|rule|OHKO Clause: OHKO moves are banned\n|rule|Evasion Moves Clause: Evasion moves are banned\n|rule|Gravity Sleep Clause: The combination of sleep-inducing moves with imperfect accuracy and Gravity or Gigantamax Orbeetle are banned\n|rule|Endless Battle Clause: Forcing endless battles is banned\n|rule|HP Percentage Mod: HP is shown in percentages\n|clearpoke\n|poke|p1|Ogerpon-Hearthflame, F|\n|poke|p1|Chien-Pao|\n|poke|p1|Gyarados, F|\n|poke|p1|Goodra-Hisui, F|\n|poke|p1|Farigiraf, M|\n|poke|p1|Munkidori, M|\n|poke|p2|Bellibolt, F|\n|poke|p2|Oranguru, M|\n|poke|p2|Pelipper, M|\n|poke|p2|Ludicolo, M|\n|poke|p2|Palafin, M|\n|poke|p2|Gastrodon, F|\n|teampreview\n|j| PJtheMagnificus\n|\n|t:|1697386065\n|start\n|switch|p1a: Sogeking|Ogerpon-Hearthflame, F|100\/100\n|switch|p1b: Chingchengchanchin|Chien-Pao|100\/100\n|switch|p2a: Bellibolt|Bellibolt, F|100\/100\n|switch|p2b: Oranguru|Oranguru, M|100\/100\n|-ability|p1b: Chingchengchanchin|Sword of Ruin\n|-ability|p1a: Sogeking|Mold Breaker\n|turn|1\n|\n|t:|1697386100\n|move|p1b: Chingchengchanchin|Ice Spinner|p2b: Oranguru\n|-damage|p2b: Oranguru|46\/100\n|-enditem|p2b: Oranguru|Sitrus Berry|[eat]\n|-heal|p2b: Oranguru|71\/100|[from] item: Sitrus Berry\n|move|p1a: Sogeking|Knock Off|p2b: Oranguru\n|-supereffective|p2b: Oranguru\n|-damage|p2b: Oranguru|0 fnt\n|faint|p2b: Oranguru\n|move|p2a: Bellibolt|Parabolic Charge|p1a: Sogeking|[spread] p1a,p1b\n|-resisted|p1a: Sogeking\n|-damage|p1a: Sogeking|88\/100\n|-damage|p1b: Chingchengchanchin|59\/100\n|\n|upkeep\n|\n|t:|1697386112\n|switch|p2b: Palafin|Palafin, M|100\/100\n|turn|2\n|j| Garje\n|\n|t:|1697386131\n|detailschange|p2b: Palafin|Palafin-Hero, M\n|switch|p2b: Gastrodon|Gastrodon, F|100\/100\n|move|p1b: Chingchengchanchin|Ice Spinner|p2a: Bellibolt\n|-damage|p2a: Bellibolt|56\/100\n|-start|p2a: Bellibolt|Charge|Ice Spinner|[from] ability: Electromorphosis\n|move|p1a: Sogeking|Horn Leech|p2b: Gastrodon\n|-supereffective|p2b: Gastrodon\n|-damage|p2b: Gastrodon|0 fnt\n|-heal|p1a: Sogeking|100\/100|[from] drain|[of] p2b: Gastrodon\n|faint|p2b: Gastrodon\n|move|p2a: Bellibolt|Toxic|p1a: Sogeking\n|-status|p1a: Sogeking|tox\n|\n|-damage|p1a: Sogeking|94\/100 tox|[from] psn\n|upkeep\n|\n|t:|1697386151\n|switch|p2b: Pelipper|Pelipper, M|100\/100\n|-weather|RainDance|[from] ability: Drizzle|[of] p2b: Pelipper\n|turn|3\n|\n|t:|1697386172\n|move|p2b: Pelipper|Protect|p2b: Pelipper\n|-singleturn|p2b: Pelipper|Protect\n|move|p1b: Chingchengchanchin|Sacred Sword|p2a: Bellibolt\n|-damage|p2a: Bellibolt|20\/100\n|-start|p2a: Bellibolt|Charge|Sacred Sword|[from] ability: Electromorphosis\n|move|p1a: Sogeking|Ivy Cudgel|p2a: Bellibolt\n|-crit|p2a: Bellibolt\n|-damage|p2a: Bellibolt|0 fnt\n|faint|p2a: Bellibolt\n|\n|-weather|RainDance|[upkeep]\n|-damage|p1a: Sogeking|82\/100 tox|[from] psn\n|upkeep\n|\n|t:|1697386197\n|switch|p2a: Ludicolo|Ludicolo, M|100\/100\n|turn|4\n|\n|t:|1697386216\n|move|p2a: Ludicolo|Fake Out|p1b: Chingchengchanchin\n|-damage|p1b: Chingchengchanchin|52\/100\n|cant|p1b: Chingchengchanchin|flinch\n|move|p1a: Sogeking|Horn Leech|p2b: Pelipper\n|-damage|p2b: Pelipper|33\/100\n|-heal|p1a: Sogeking|100\/100 tox|[from] drain|[of] p2b: Pelipper\n|move|p2b: Pelipper|Hurricane|p1a: Sogeking\n|-supereffective|p1a: Sogeking\n|-damage|p1a: Sogeking|0 fnt\n|faint|p1a: Sogeking\n|\n|-weather|RainDance|[upkeep]\n|upkeep\n|\n|t:|1697386232\n|switch|p1a: MojoDojoCasaHouse|Munkidori, M|100\/100\n|turn|5\n|\n|t:|1697386259\n|move|p2b: Pelipper|Protect|p2b: Pelipper\n|-singleturn|p2b: Pelipper|Protect\n|move|p1a: MojoDojoCasaHouse|Fake Out|p2a: Ludicolo\n|-damage|p2a: Ludicolo|88\/100\n|-status|p2a: Ludicolo|tox|[from] ability: Toxic Chain|[of] p1a: MojoDojoCasaHouse\n|move|p1b: Chingchengchanchin|Ice Spinner|p2a: Ludicolo\n|-damage|p2a: Ludicolo|22\/100 tox\n|cant|p2a: Ludicolo|flinch\n|\n|-weather|RainDance|[upkeep]\n|-damage|p2a: Ludicolo|16\/100 tox|[from] psn\n|upkeep\n|turn|6\n|\n|t:|1697386285\n|move|p1b: Chingchengchanchin|Ice Spinner|p2b: Pelipper\n|-damage|p2b: Pelipper|0 fnt\n|faint|p2b: Pelipper\n|move|p2a: Ludicolo|Giga Drain|p1b: Chingchengchanchin\n|-damage|p1b: Chingchengchanchin|4\/100\n|-heal|p2a: Ludicolo|36\/100 tox|[from] drain|[of] p1b: Chingchengchanchin\n|move|p1a: MojoDojoCasaHouse|Psychic|p2a: Ludicolo\n|-damage|p2a: Ludicolo|6\/100 tox\n|\n|-weather|RainDance|[upkeep]\n|-damage|p2a: Ludicolo|0 fnt|[from] psn\n|faint|p2a: Ludicolo\n|upkeep\n|\n|t:|1697386317\n|switch|p2b: Palafin|Palafin-Hero, M|100\/100\n|-activate|p2b: Palafin|ability: Zero to Hero\n|turn|7\n|\n|t:|1697386353\n|move|p1b: Chingchengchanchin|Sucker Punch|p2b: Palafin\n|-damage|p2b: Palafin|57\/100\n|move|p2b: Palafin|Jet Punch|p1b: Chingchengchanchin\n|-damage|p1b: Chingchengchanchin|0 fnt\n|faint|p1b: Chingchengchanchin\n|move|p1a: MojoDojoCasaHouse|Sludge Bomb|p2b: Palafin\n|-damage|p2b: Palafin|21\/100\n|\n|-weather|RainDance|[upkeep]\n|upkeep\n|\n|t:|1697386366\n|switch|p1b: 42|Goodra-Hisui, F, shiny|100\/100\n|turn|8\n|\n|t:|1697386375\n|move|p2b: Palafin|Jet Punch|p1a: MojoDojoCasaHouse\n|-crit|p1a: MojoDojoCasaHouse\n|-damage|p1a: MojoDojoCasaHouse|0 fnt\n|faint|p1a: MojoDojoCasaHouse\n|move|p1b: 42|Body Press|p2b: Palafin\n|-damage|p2b: Palafin|1\/100\n|\n|-weather|RainDance|[upkeep]\n|upkeep\n|\n|t:|1697386385\n|switch|p1a: ellie|Farigiraf, M, shiny|100\/100\n|turn|9\n|\n|t:|1697386394\n|move|p2b: Palafin|Jet Punch||[still]\n|cant|p1a: ellie|ability: Armor Tail|Jet Punch|[of] p2b: Palafin\n|move|p1b: 42|Body Press|p2b: Palafin\n|-damage|p2b: Palafin|0 fnt\n|faint|p2b: Palafin\n|\n|win|GoroCeles\n|l|\u2606GoroCeles\n|l|\u2606Clover6\n","uploadtime":1697386430,"views":15,"p1id":"goroceles","p2id":"clover6","formatid":"gen9doublesou","rating":0,"private":0,"password":""}