{"id":"gen9doublesou-1986640189","p1":"maikeru kurukene","p2":"1103c","format":"[Gen 9] Doubles OU","log":"|j|\u203dmaikeru kurukene\n|j|\u26061103c\n|t:|1699501181\n|gametype|doubles\n|player|p1|maikeru kurukene|veteran|1000\n|player|p2|1103c|2|1071\n|teamsize|p1|6\n|teamsize|p2|6\n|gen|9\n|tier|[Gen 9] Doubles OU\n|rated|\n|rule|Species Clause: Limit one of each Pok\u00e9mon\n|rule|OHKO Clause: OHKO moves are banned\n|rule|Evasion Moves Clause: Evasion moves are banned\n|rule|Gravity Sleep Clause: The combination of sleep-inducing moves with imperfect accuracy and Gravity or Gigantamax Orbeetle are banned\n|rule|Endless Battle Clause: Forcing endless battles is banned\n|rule|HP Percentage Mod: HP is shown in percentages\n|clearpoke\n|poke|p1|Armarouge, F|\n|poke|p1|Greninja-*, M|\n|poke|p1|Chesnaught, M|\n|poke|p1|Kleavor, M|\n|poke|p1|Garchomp, M|\n|poke|p1|Enamorus, F|\n|poke|p2|Ursaluna, M|\n|poke|p2|Goodra-Hisui, F|\n|poke|p2|Blissey, F|\n|poke|p2|Toxapex, F|\n|poke|p2|Iron Hands|\n|poke|p2|Sinistcha-Masterpiece|\n|teampreview\n|j| The Last Meme Lord\n|\n|t:|1699501201\n|start\n|switch|p1a: Greninja|Greninja, M|100\/100\n|switch|p1b: Kleavor|Kleavor, M|100\/100\n|switch|p2a: Toxapex|Toxapex, F, shiny|100\/100\n|switch|p2b: Blissey|Blissey, F, shiny|100\/100\n|turn|1\n|\n|t:|1699501243\n|move|p1a: Greninja|Water Shuriken|p2b: Blissey\n|-damage|p2b: Blissey|99\/100\n|-damage|p2b: Blissey|97\/100\n|-hitcount|p2b: Blissey|2\n|move|p1b: Kleavor|X-Scissor|p2a: Toxapex\n|-resisted|p2a: Toxapex\n|-damage|p2a: Toxapex|73\/100\n|move|p2b: Blissey|Stealth Rock|p1a: Greninja\n|-sidestart|p1: maikeru kurukene|move: Stealth Rock\n|move|p2a: Toxapex|Toxic Spikes|p1a: Greninja\n|-sidestart|p1: maikeru kurukene|move: Toxic Spikes\n|\n|-heal|p2a: Toxapex|79\/100|[from] item: Black Sludge\n|upkeep\n|turn|2\n|inactive|Battle timer is ON: inactive players will automatically lose when time's up. (requested by maikeru kurukene)\n|\n|t:|1699501292\n|switch|p2b: Iron Hands|Iron Hands|100\/100\n|move|p1a: Greninja|Rock Slide|p2b: Iron Hands|[spread] p2a,p2b\n|-resisted|p2b: Iron Hands\n|-damage|p2a: Toxapex|67\/100\n|-damage|p2b: Iron Hands|96\/100\n|move|p1b: Kleavor|X-Scissor|p2b: Iron Hands\n|-resisted|p2b: Iron Hands\n|-damage|p2b: Iron Hands|80\/100\n|move|p2a: Toxapex|Toxic Spikes|p1a: Greninja\n|-sidestart|p1: maikeru kurukene|move: Toxic Spikes\n|\n|-heal|p2a: Toxapex|73\/100|[from] item: Black Sludge\n|upkeep\n|turn|3\n|inactive|1103c has 120 seconds left.\n|\n|t:|1699501328\n|switch|p2a: Goodra|Goodra-Hisui, F|100\/100\n|move|p1b: Kleavor|Quick Guard|p1b: Kleavor\n|-singleturn|p1b: Kleavor|Quick Guard\n|move|p1a: Greninja|Water Shuriken|p2b: Iron Hands\n|-damage|p2b: Iron Hands|77\/100\n|-crit|p2b: Iron Hands\n|-damage|p2b: Iron Hands|73\/100\n|-hitcount|p2b: Iron Hands|2\n|cant|p2b: Iron Hands|flinch\n|\n|upkeep\n|turn|4\n|\n|t:|1699501346\n|move|p1a: Greninja|Water Shuriken|p2b: Iron Hands\n|-damage|p2b: Iron Hands|70\/100\n|-damage|p2b: Iron Hands|67\/100\n|-hitcount|p2b: Iron Hands|2\n|move|p1b: Kleavor|Night Slash|p2b: Iron Hands\n|-resisted|p2b: Iron Hands\n|-damage|p2b: Iron Hands|58\/100\n|move|p2a: Goodra|Flash Cannon|p1b: Kleavor\n|-supereffective|p1b: Kleavor\n|-damage|p1b: Kleavor|4\/100\n|cant|p2b: Iron Hands|flinch\n|\n|upkeep\n|turn|5\n|\n|t:|1699501364\n|move|p1a: Greninja|Water Shuriken|p2b: Iron Hands\n|-damage|p2b: Iron Hands|55\/100\n|-damage|p2b: Iron Hands|52\/100\n|-hitcount|p2b: Iron Hands|2\n|move|p2a: Goodra|Flash Cannon|p1b: Kleavor\n|-supereffective|p1b: Kleavor\n|-damage|p1b: Kleavor|0 fnt\n|faint|p1b: Kleavor\n|move|p2b: Iron Hands|Drain Punch|p1a: Greninja\n|-supereffective|p1a: Greninja\n|-damage|p1a: Greninja|0 fnt\n|-heal|p2b: Iron Hands|84\/100|[from] drain|[of] p1a: Greninja\n|faint|p1a: Greninja\n|\n|upkeep\n|inactive|maikeru kurukene has 120 seconds left.\n|\n|t:|1699501387\n|switch|p1a: Armarouge|Armarouge, F|100\/100\n|switch|p1b: Enamorus|Enamorus, F|100\/100\n|-damage|p1b: Enamorus|76\/100|[from] Stealth Rock\n|-damage|p1a: Armarouge|76\/100|[from] Stealth Rock\n|-status|p1a: Armarouge|tox\n|turn|6\n|inactive|1103c has 120 seconds left.\n|\n|t:|1699501440\n|switch|p2a: Ursaluna|Ursaluna, M, shiny|100\/100\n|move|p1a: Armarouge|Wide Guard|p1a: Armarouge\n|-singleturn|p1a: Armarouge|Wide Guard\n|move|p1b: Enamorus|Springtide Storm|p2a: Ursaluna|[spread] \n|-miss|p1b: Enamorus|p2a: Ursaluna\n|-miss|p1b: Enamorus|p2b: Iron Hands\n|move|p2b: Iron Hands|Thunder Punch|p1b: Enamorus\n|-supereffective|p1b: Enamorus\n|-damage|p1b: Enamorus|0 fnt\n|faint|p1b: Enamorus\n|\n|-damage|p1a: Armarouge|69\/100 tox|[from] psn\n|-status|p2a: Ursaluna|brn|[from] item: Flame Orb\n|upkeep\n|inactive|maikeru kurukene has 120 seconds left.\n|\n|t:|1699501455\n|switch|p1b: Garchomp|Garchomp, M|100\/100\n|-damage|p1b: Garchomp|94\/100|[from] Stealth Rock\n|-status|p1b: Garchomp|tox\n|turn|7\n|inactive|1103c has 120 seconds left.\n|inactive|1103c has 90 seconds left.\n|\n|t:|1699501497\n|move|p1a: Armarouge|Wide Guard|p1a: Armarouge\n|-singleturn|p1a: Armarouge|Wide Guard\n|move|p1b: Garchomp|Earthquake|p2b: Iron Hands|[spread] p2a,p2b\n|-activate|p1a: Armarouge|move: Wide Guard\n|-supereffective|p2b: Iron Hands\n|-damage|p2a: Ursaluna|74\/100 brn\n|-damage|p2b: Iron Hands|46\/100\n|move|p2a: Ursaluna|Facade|p1a: Armarouge\n|-damage|p1a: Armarouge|4\/100 tox\n|move|p2b: Iron Hands|Ice Punch|p1b: Garchomp\n|-supereffective|p1b: Garchomp\n|-damage|p1b: Garchomp|7\/100 tox\n|-damage|p2b: Iron Hands|34\/100|[from] ability: Rough Skin|[of] p1b: Garchomp\n|-damage|p2b: Iron Hands|17\/100|[from] item: Rocky Helmet|[of] p1b: Garchomp\n|\n|-damage|p1b: Garchomp|1\/100 tox|[from] psn\n|-damage|p1a: Armarouge|0 fnt|[from] psn\n|faint|p1a: Armarouge\n|-damage|p2a: Ursaluna|68\/100 brn|[from] brn\n|upkeep\n|inactive|maikeru kurukene has 120 seconds left.\n|\n|t:|1699501516\n|switch|p1a: Chesnaught|Chesnaught, M|100\/100\n|-damage|p1a: Chesnaught|94\/100|[from] Stealth Rock\n|-status|p1a: Chesnaught|tox\n|turn|8\n|inactive|1103c has 90 seconds left.\n|\n|t:|1699501574\n|-end|p2b: Iron Hands|Quark Drive|[silent]\n|switch|p2b: Sinistcha|Sinistcha-Masterpiece, shiny|100\/100\n|-heal|p2a: Ursaluna|93\/100 brn|[from] ability: Hospitality|[of] p2b: Sinistcha\n|move|p1a: Chesnaught|Spiky Shield|p1a: Chesnaught\n|-singleturn|p1a: Chesnaught|move: Protect\n|move|p1b: Garchomp|Draco Meteor|p2a: Ursaluna|[miss]\n|-miss|p1b: Garchomp|p2a: Ursaluna\n|move|p2a: Ursaluna|Facade|p1b: Garchomp\n|-damage|p1b: Garchomp|0 fnt\n|-damage|p2a: Ursaluna|80\/100 brn|[from] ability: Rough Skin|[of] p1b: Garchomp\n|-damage|p2a: Ursaluna|63\/100 brn|[from] item: Rocky Helmet|[of] p1b: Garchomp\n|faint|p1b: Garchomp\n|\n|-damage|p1a: Chesnaught|88\/100 tox|[from] psn\n|-damage|p2a: Ursaluna|57\/100 brn|[from] brn\n|upkeep\n|turn|9\n|inactive|1103c has 60 seconds left.\n|\n|t:|1699501623\n|switch|p2b: Blissey|Blissey, F, shiny|97\/100\n|switch|p2a: Toxapex|Toxapex, F, shiny|100\/100\n|move|p1a: Chesnaught|Bullet Seed|p2a: Toxapex\n|-damage|p2a: Toxapex|93\/100\n|-damage|p2a: Toxapex|84\/100\n|-damage|p2a: Toxapex|75\/100\n|-hitcount|p2a: Toxapex|3\n|\n|-heal|p2a: Toxapex|81\/100|[from] item: Black Sludge\n|-damage|p1a: Chesnaught|76\/100 tox|[from] psn\n|upkeep\n|turn|10\n|inactive|1103c has 60 seconds left.\n|-message|maikeru kurukene forfeited.\n|\n|win|1103c\n|raw|maikeru kurukene's rating: 1000 &rarr; <strong>1000<\/strong><br \/>(+0 for losing)\n|raw|1103c's rating: 1071 &rarr; <strong>1094<\/strong><br \/>(+23 for winning)\n|l|\u203dmaikeru kurukene\n","uploadtime":1699501650,"views":20,"p1id":"maikerukurukene","p2id":"1103c","formatid":"gen9doublesou","rating":1000,"private":0,"password":""}