{"id":"gen9doublesou-1978896962","p1":"huntboom","p2":"xgcl","format":"[Gen 9] Doubles OU","log":"|j|\u2606huntboom\n|j|\u2606xgcl\n|t:|1698607753\n|gametype|doubles\n|player|p1|huntboom|266|1163\n|player|p2|xgcl|ingo|1240\n|teamsize|p1|6\n|teamsize|p2|6\n|gen|9\n|tier|[Gen 9] Doubles OU\n|rated|\n|rule|Species Clause: Limit one of each Pok\u00e9mon\n|rule|OHKO Clause: OHKO moves are banned\n|rule|Evasion Moves Clause: Evasion moves are banned\n|rule|Gravity Sleep Clause: The combination of sleep-inducing moves with imperfect accuracy and Gravity or Gigantamax Orbeetle are banned\n|rule|Endless Battle Clause: Forcing endless battles is banned\n|rule|HP Percentage Mod: HP is shown in percentages\n|clearpoke\n|poke|p1|Gyarados, M|\n|poke|p1|Salamence, F|\n|poke|p1|Heracross, M|\n|poke|p1|Honchkrow, M|\n|poke|p1|Breloom, F|\n|poke|p1|Gliscor, M|\n|poke|p2|Rillaboom, F|\n|poke|p2|Sneasler, F|\n|poke|p2|Tornadus, M|\n|poke|p2|Gholdengo|\n|poke|p2|Ogerpon-Hearthflame, F|\n|poke|p2|Diancie|\n|teampreview\n|inactive|Battle timer is ON: inactive players will automatically lose when time's up. (requested by xgcl)\n|c|\u2606xgcl|someone like moxie\n|inactive|xgcl has 120 seconds left.\n|\n|t:|1698607803\n|start\n|switch|p1a: Honchkrow|Honchkrow, M|100\/100\n|switch|p1b: Breloom|Breloom, F|100\/100\n|switch|p2a: Rillaboom|Rillaboom, F|100\/100\n|switch|p2b: Tornadus|Tornadus, M|100\/100\n|-fieldstart|move: Grassy Terrain|[from] ability: Grassy Surge|[of] p2a: Rillaboom\n|turn|1\n|\n|t:|1698607821\n|move|p2b: Tornadus|Bleakwind Storm|p1b: Breloom|[spread] p1a,p1b\n|-supereffective|p1b: Breloom\n|-damage|p1a: Honchkrow|56\/100\n|-damage|p1b: Breloom|0 fnt\n|-unboost|p1a: Honchkrow|spe|1\n|faint|p1b: Breloom\n|move|p2a: Rillaboom|Drain Punch|p1a: Honchkrow\n|-damage|p1a: Honchkrow|15\/100\n|move|p1a: Honchkrow|Tailwind|p1a: Honchkrow\n|-sidestart|p1: huntboom|move: Tailwind\n|\n|-heal|p1a: Honchkrow|22\/100|[from] item: Leftovers\n|upkeep\n|inactive|huntboom has 120 seconds left.\n|\n|t:|1698607843\n|switch|p1b: Salamence|Salamence, F|100\/100\n|turn|2\n|\n|t:|1698607856\n|move|p2b: Tornadus|Tailwind|p2b: Tornadus\n|-sidestart|p2: xgcl|move: Tailwind\n|move|p1a: Honchkrow|Sucker Punch||[still]\n|-fail|p1a: Honchkrow\n|move|p1b: Salamence|Dual Wingbeat|p2a: Rillaboom|[miss]\n|-miss|p1b: Salamence|p2a: Rillaboom\n|move|p2a: Rillaboom|Wood Hammer|p1b: Salamence\n|-resisted|p1b: Salamence\n|-damage|p1b: Salamence|80\/100\n|-damage|p2a: Rillaboom|94\/100|[from] Recoil\n|\n|-heal|p1b: Salamence|86\/100|[from] item: Leftovers\n|-heal|p2a: Rillaboom|99\/100|[from] Grassy Terrain\n|-heal|p1a: Honchkrow|28\/100|[from] item: Leftovers\n|upkeep\n|turn|3\n|\n|t:|1698607875\n|move|p2b: Tornadus|Bleakwind Storm|p1b: Salamence|[spread] p1a,p1b\n|-damage|p1a: Honchkrow|0 fnt\n|-damage|p1b: Salamence|56\/100\n|-unboost|p1b: Salamence|spe|1\n|faint|p1a: Honchkrow\n|move|p2a: Rillaboom|U-turn|p1b: Salamence\n|-resisted|p1b: Salamence\n|-damage|p1b: Salamence|42\/100\n|\n|t:|1698607884\n|switch|p2a: Diancie|Diancie|100\/100|[from] U-turn\n|move|p1b: Salamence|Dual Wingbeat|p2a: Diancie\n|-resisted|p2a: Diancie\n|-damage|p2a: Diancie|92\/100\n|-resisted|p2a: Diancie\n|-crit|p2a: Diancie\n|-damage|p2a: Diancie|79\/100\n|-hitcount|p2a: Diancie|2\n|\n|-heal|p1b: Salamence|48\/100|[from] item: Leftovers\n|-heal|p2a: Diancie|85\/100|[from] Grassy Terrain\n|-heal|p2a: Diancie|91\/100|[from] item: Leftovers\n|upkeep\n|\n|t:|1698607898\n|switch|p1a: Heracross|Heracross, M|100\/100\n|turn|4\n|\n|t:|1698607914\n|move|p2b: Tornadus|Bleakwind Storm|p1a: Heracross|[spread] \n|-miss|p2b: Tornadus|p1a: Heracross\n|-miss|p2b: Tornadus|p1b: Salamence\n|move|p1a: Heracross|Earthquake|p2b: Tornadus|[spread] p2a\n|-immune|p1b: Salamence\n|-immune|p2b: Tornadus\n|-supereffective|p2a: Diancie\n|-damage|p2a: Diancie|73\/100\n|move|p1b: Salamence|Roost|p1b: Salamence\n|-heal|p1b: Salamence|98\/100\n|-singleturn|p1b: Salamence|move: Roost\n|move|p2a: Diancie|Encore|p1b: Salamence\n|-start|p1b: Salamence|Encore\n|\n|-heal|p1b: Salamence|100\/100|[from] Grassy Terrain\n|-heal|p2a: Diancie|79\/100|[from] Grassy Terrain\n|-heal|p2a: Diancie|85\/100|[from] item: Leftovers\n|-sideend|p1: huntboom|move: Tailwind\n|upkeep\n|turn|5\n|inactive|huntboom has 120 seconds left.\n|\n|t:|1698607947\n|switch|p1a: Gliscor|Gliscor, M|100\/100\n|switch|p1b: Gyarados|Gyarados, M|100\/100\n|move|p2a: Diancie|Helping Hand|p2b: Tornadus\n|-singleturn|p2b: Tornadus|Helping Hand|[of] p2a: Diancie\n|move|p2b: Tornadus|Bleakwind Storm|p1a: Gliscor|[spread] p1a\n|-miss|p2b: Tornadus|p1b: Gyarados\n|-damage|p1a: Gliscor|48\/100\n|\n|-heal|p2a: Diancie|91\/100|[from] Grassy Terrain\n|-heal|p2a: Diancie|98\/100|[from] item: Leftovers\n|-sideend|p2: xgcl|move: Tailwind\n|-status|p1a: Gliscor|tox|[from] item: Toxic Orb\n|upkeep\n|turn|6\n|\n|t:|1698607972\n|-terastallize|p2a: Diancie|Water\n|move|p2a: Diancie|Helping Hand|p2b: Tornadus\n|-singleturn|p2b: Tornadus|Helping Hand|[of] p2a: Diancie\n|move|p2b: Tornadus|Rain Dance|p2b: Tornadus\n|-weather|RainDance\n|move|p1b: Gyarados|Substitute|p1b: Gyarados\n|-start|p1b: Gyarados|Substitute\n|-damage|p1b: Gyarados|76\/100\n|move|p1a: Gliscor|Tailwind|p1a: Gliscor\n|-sidestart|p1: huntboom|move: Tailwind\n|\n|-weather|RainDance|[upkeep]\n|-heal|p1b: Gyarados|82\/100|[from] item: Leftovers\n|-heal|p2a: Diancie|100\/100|[from] Grassy Terrain\n|-heal|p1a: Gliscor|60\/100 tox|[from] ability: Poison Heal\n|upkeep\n|turn|7\n|inactive|huntboom has 120 seconds left.\n|inactive|huntboom has 90 seconds left.\n|\n|t:|1698608049\n|move|p2a: Diancie|Helping Hand|p2b: Tornadus\n|-singleturn|p2b: Tornadus|Helping Hand|[of] p2a: Diancie\n|move|p1b: Gyarados|Dragon Dance|p1b: Gyarados\n|-boost|p1b: Gyarados|atk|1\n|-boost|p1b: Gyarados|spe|1\n|move|p1a: Gliscor|Knock Off|p2b: Tornadus\n|-damage|p2b: Tornadus|72\/100\n|-enditem|p2b: Tornadus|Leftovers|[from] move: Knock Off|[of] p1a: Gliscor\n|move|p2b: Tornadus|Bleakwind Storm|p1a: Gliscor|[spread] p1a,p1b\n|-end|p1b: Gyarados|Substitute\n|-damage|p1a: Gliscor|0 fnt\n|faint|p1a: Gliscor\n|\n|-weather|RainDance|[upkeep]\n|-heal|p1b: Gyarados|88\/100|[from] item: Leftovers\n|upkeep\n|\n|t:|1698608068\n|switch|p1a: Salamence|Salamence, F|100\/100\n|turn|8\n|\n|t:|1698608077\n|move|p1b: Gyarados|Waterfall|p2a: Diancie\n|-resisted|p2a: Diancie\n|-damage|p2a: Diancie|61\/100\n|move|p1a: Salamence|Dragon Claw|p2b: Tornadus\n|-crit|p2b: Tornadus\n|-damage|p2b: Tornadus|0 fnt\n|faint|p2b: Tornadus\n|-ability|p1a: Salamence|Moxie|boost\n|-boost|p1a: Salamence|atk|1\n|move|p2a: Diancie|Encore|p1b: Gyarados\n|-start|p1b: Gyarados|Encore\n|\n|-weather|RainDance|[upkeep]\n|-heal|p1b: Gyarados|94\/100|[from] item: Leftovers\n|-heal|p2a: Diancie|68\/100|[from] Grassy Terrain\n|-heal|p2a: Diancie|74\/100|[from] item: Leftovers\n|-fieldend|move: Grassy Terrain\n|upkeep\n|\n|t:|1698608091\n|switch|p2b: Gholdengo|Gholdengo|100\/100\n|-item|p2b: Gholdengo|Air Balloon\n|turn|9\n|\n|t:|1698608105\n|move|p2a: Diancie|Helping Hand|p2b: Gholdengo\n|-immune|p2b: Gholdengo|[from] ability: Good as Gold\n|move|p1b: Gyarados|Waterfall|p2a: Diancie\n|-resisted|p2a: Diancie\n|-damage|p2a: Diancie|35\/100\n|move|p1a: Salamence|Dual Wingbeat|p2a: Diancie\n|-damage|p2a: Diancie|7\/100\n|-damage|p2a: Diancie|0 fnt\n|faint|p2a: Diancie\n|-ability|p1a: Salamence|Moxie|boost\n|-boost|p1a: Salamence|atk|1\n|-hitcount|p2: Diancie|2\n|move|p2b: Gholdengo|Make It Rain|p1b: Gyarados|[spread] p1a,p1b\n|-crit|p1a: Salamence\n|-resisted|p1b: Gyarados\n|-damage|p1a: Salamence|21\/100\n|-damage|p1b: Gyarados|68\/100\n|-unboost|p2b: Gholdengo|spa|1\n|\n|-weather|RainDance|[upkeep]\n|-heal|p1b: Gyarados|74\/100|[from] item: Leftovers\n|-heal|p1a: Salamence|27\/100|[from] item: Leftovers\n|-sideend|p1: huntboom|move: Tailwind\n|upkeep\n|\n|t:|1698608125\n|switch|p2a: Ogerpon|Ogerpon-Hearthflame, F|100\/100\n|-ability|p2a: Ogerpon|Mold Breaker\n|turn|10\n|\n|t:|1698608135\n|switch|p2b: Sneasler|Sneasler, F|100\/100\n|move|p2a: Ogerpon|Spiky Shield|p2a: Ogerpon\n|-singleturn|p2a: Ogerpon|move: Protect\n|move|p1b: Gyarados|Waterfall|p2a: Ogerpon\n|-activate|p2a: Ogerpon|move: Protect\n|-damage|p1b: Gyarados|61\/100|[from] Spiky Shield|[of] p2a: Ogerpon\n|move|p1a: Salamence|Dragon Claw|p2b: Sneasler\n|-damage|p2b: Sneasler|0 fnt\n|faint|p2b: Sneasler\n|-ability|p1a: Salamence|Moxie|boost\n|-boost|p1a: Salamence|atk|1\n|\n|-weather|none\n|-heal|p1b: Gyarados|67\/100|[from] item: Leftovers\n|-heal|p1a: Salamence|33\/100|[from] item: Leftovers\n|upkeep\n|\n|t:|1698608141\n|switch|p2b: Rillaboom|Rillaboom, F|99\/100\n|-fieldstart|move: Grassy Terrain|[from] ability: Grassy Surge|[of] p2b: Rillaboom\n|turn|11\n|\n|t:|1698608156\n|move|p2b: Rillaboom|Grassy Glide|p1b: Gyarados\n|-damage|p1b: Gyarados|14\/100\n|move|p1b: Gyarados|Waterfall|p2a: Ogerpon\n|-damage|p2a: Ogerpon|17\/100\n|move|p2a: Ogerpon|Knock Off|p1a: Salamence\n|-damage|p1a: Salamence|0 fnt\n|-enditem|p1a: Salamence|Leftovers|[from] move: Knock Off|[of] p2a: Ogerpon\n|faint|p1a: Salamence\n|\n|-heal|p1b: Gyarados|20\/100|[from] item: Leftovers\n|-heal|p2a: Ogerpon|23\/100|[from] Grassy Terrain\n|-heal|p2b: Rillaboom|100\/100|[from] Grassy Terrain\n|-end|p1b: Gyarados|Encore\n|upkeep\n|\n|t:|1698608170\n|switch|p1a: Heracross|Heracross, M|100\/100\n|turn|12\n|\n|t:|1698608177\n|move|p2b: Rillaboom|Grassy Glide|p1b: Gyarados\n|-damage|p1b: Gyarados|0 fnt\n|faint|p1b: Gyarados\n|move|p2a: Ogerpon|Ivy Cudgel|p1a: Heracross\n|-supereffective|p1a: Heracross\n|-damage|p1a: Heracross|0 fnt\n|faint|p1a: Heracross\n|\n|win|xgcl\n|raw|huntboom's rating: 1163 &rarr; <strong>1143<\/strong><br \/>(-20 for losing)\n|raw|xgcl's rating: 1240 &rarr; <strong>1260<\/strong><br \/>(+20 for winning)\n|l|\u2606huntboom\n","uploadtime":1698608209,"views":23,"p1id":"huntboom","p2id":"xgcl","formatid":"gen9doublesou","rating":1143,"private":0,"password":""}