{"id":"gen9doublesou-1997796182","p1":"Army2501","p2":"Somberiety","format":"[Gen 9] Doubles OU","log":"|j|\u2606Army2501\n|j|\u2606Somberiety\n|t:|1700853614\n|gametype|doubles\n|player|p1|Army2501|266|1090\n|player|p2|Somberiety|170|1000\n|teamsize|p1|6\n|teamsize|p2|5\n|gen|9\n|tier|[Gen 9] Doubles OU\n|rated|\n|rule|Species Clause: Limit one of each Pok\u00e9mon\n|rule|OHKO Clause: OHKO moves are banned\n|rule|Evasion Moves Clause: Evasion moves are banned\n|rule|Gravity Sleep Clause: The combination of sleep-inducing moves with imperfect accuracy and Gravity or Gigantamax Orbeetle are banned\n|rule|Endless Battle Clause: Forcing endless battles is banned\n|rule|HP Percentage Mod: HP is shown in percentages\n|clearpoke\n|poke|p1|Delphox, F|\n|poke|p1|Infernape, M|\n|poke|p1|Charizard, M|\n|poke|p1|Heatran, F|\n|poke|p1|Torkoal, F|\n|poke|p1|Typhlosion-Hisui, F|\n|poke|p2|Appletun, F|\n|poke|p2|Toxapex, M|\n|poke|p2|Cetitan, F|\n|poke|p2|Slowbro-Galar, F|\n|poke|p2|Abomasnow, F|\n|teampreview\n|\n|t:|1700853631\n|start\n|switch|p1a: Delphox|Delphox, F|100\/100\n|switch|p1b: Infernape|Infernape, M|100\/100\n|switch|p2a: Toxapex|Toxapex, M, shiny|100\/100\n|switch|p2b: Slowbro|Slowbro-Galar, F, shiny|100\/100\n|turn|1\n|\n|t:|1700853651\n|move|p2a: Toxapex|Baneful Bunker|p2a: Toxapex\n|-singleturn|p2a: Toxapex|move: Protect\n|move|p1b: Infernape|Fake Out|p2b: Slowbro\n|-damage|p2b: Slowbro|88\/100\n|-damage|p1b: Infernape|91\/100|[from] item: Life Orb\n|move|p1a: Delphox|Light Screen|p1a: Delphox\n|-sidestart|p1: Army2501|move: Light Screen\n|cant|p2b: Slowbro|flinch\n|\n|upkeep\n|turn|2\n|\n|t:|1700853669\n|move|p1b: Infernape|U-turn|p2b: Slowbro\n|-damage|p2b: Slowbro|64\/100\n|-damage|p1b: Infernape|81\/100|[from] item: Life Orb\n|\n|t:|1700853675\n|switch|p1b: Charizard|Charizard, M, shiny|100\/100|[from] U-turn\n|move|p1a: Delphox|Reflect|p1a: Delphox\n|-sidestart|p1: Army2501|Reflect\n|move|p2a: Toxapex|Toxic|p1a: Delphox\n|-status|p1a: Delphox|tox\n|move|p2b: Slowbro|Trick Room|p2b: Slowbro\n|-fieldstart|move: Trick Room|[of] p2b: Slowbro\n|\n|-damage|p1a: Delphox|94\/100 tox|[from] psn\n|upkeep\n|turn|3\n|\n|t:|1700853713\n|move|p2a: Toxapex|Baneful Bunker|p2a: Toxapex\n|-singleturn|p2a: Toxapex|move: Protect\n|move|p2b: Slowbro|Shell Side Arm|p1a: Delphox|[anim] Shell Side Arm Special\n|-damage|p1a: Delphox|65\/100 tox\n|-hint|Special Shell Side Arm\n|move|p1b: Charizard|Belly Drum|p1b: Charizard\n|-damage|p1b: Charizard|50\/100\n|-setboost|p1b: Charizard|atk|6|[from] move: Belly Drum\n|-enditem|p1b: Charizard|Sitrus Berry|[eat]\n|-heal|p1b: Charizard|75\/100|[from] item: Sitrus Berry\n|move|p1a: Delphox|Psyshock|p2a: Toxapex\n|-activate|p2a: Toxapex|move: Protect\n|\n|-damage|p1a: Delphox|53\/100 tox|[from] psn\n|upkeep\n|turn|4\n|\n|t:|1700853753\n|switch|p1a: Torkoal|Torkoal, F|100\/100\n|-weather|SunnyDay|[from] ability: Drought|[of] p1a: Torkoal\n|-terastallize|p1b: Charizard|Flying\n|move|p2b: Slowbro|Psychic|p1b: Charizard\n|-damage|p1b: Charizard|39\/100\n|move|p2a: Toxapex|Toxic|p1b: Charizard\n|-status|p1b: Charizard|tox\n|move|p1b: Charizard|Acrobatics|p2b: Slowbro\n|-damage|p2b: Slowbro|0 fnt\n|faint|p2b: Slowbro\n|\n|-weather|SunnyDay|[upkeep]\n|-damage|p1b: Charizard|27\/100 tox|[from] ability: Solar Power|[of] p1b: Charizard\n|-damage|p1b: Charizard|21\/100 tox|[from] psn\n|upkeep\n|\n|t:|1700853773\n|switch|p2b: Abomasnow|Abomasnow, F, shiny|100\/100\n|-weather|Snow|[from] ability: Snow Warning|[of] p2b: Abomasnow\n|turn|5\n|\n|t:|1700853797\n|move|p1a: Torkoal|Burning Jealousy|p2a: Toxapex|[spread] p2a,p2b\n|-resisted|p2a: Toxapex\n|-supereffective|p2b: Abomasnow\n|-damage|p2a: Toxapex|94\/100\n|-damage|p2b: Abomasnow|48\/100\n|move|p2a: Toxapex|Toxic|p1a: Torkoal\n|-status|p1a: Torkoal|tox\n|move|p2b: Abomasnow|Aurora Veil|p2b: Abomasnow\n|-sidestart|p2: Somberiety|move: Aurora Veil\n|move|p1b: Charizard|Flame Charge|p2b: Abomasnow\n|-supereffective|p2b: Abomasnow\n|-damage|p2b: Abomasnow|0 fnt\n|-boost|p1b: Charizard|spe|1\n|faint|p2b: Abomasnow\n|\n|-weather|Snow|[upkeep]\n|-heal|p2a: Toxapex|100\/100|[from] item: Black Sludge\n|-damage|p1a: Torkoal|94\/100 tox|[from] psn\n|-damage|p1b: Charizard|9\/100 tox|[from] psn\n|upkeep\n|\n|t:|1700853812\n|switch|p2b: Edalyn|Appletun, F, shiny|100\/100\n|turn|6\n|\n|t:|1700853831\n|switch|p1a: Typhlosion|Typhlosion-Hisui, F|100\/100\n|-item|p2a: Toxapex|Black Sludge|[from] ability: Frisk|[of] p1a: Typhlosion|[identify]\n|-item|p2b: Edalyn|Wiki Berry|[from] ability: Frisk|[of] p1a: Typhlosion|[identify]\n|-terastallize|p2b: Edalyn|Fairy\n|move|p2a: Toxapex|Baneful Bunker|p2a: Toxapex\n|-singleturn|p2a: Toxapex|move: Protect\n|move|p2b: Edalyn|Apple Acid|p1a: Typhlosion\n|-resisted|p1a: Typhlosion\n|-damage|p1a: Typhlosion|88\/100\n|-unboost|p1a: Typhlosion|spd|1\n|move|p1b: Charizard|Acrobatics|p2b: Edalyn\n|-damage|p2b: Edalyn|0 fnt\n|faint|p2b: Edalyn\n|\n|-weather|Snow|[upkeep]\n|-damage|p1b: Charizard|0 fnt|[from] psn\n|faint|p1b: Charizard\n|-fieldend|move: Trick Room\n|upkeep\n|\n|t:|1700853854\n|switch|p1b: Torkoal|Torkoal, F|94\/100 tox\n|switch|p2b: Bertha|Cetitan, F, shiny|100\/100\n|-weather|SunnyDay|[from] ability: Drought|[of] p1b: Torkoal\n|turn|7\n|\n|t:|1700853866\n|switch|p1b: Delphox|Delphox, F|53\/100 tox\n|move|p1a: Typhlosion|Eruption|p2a: Toxapex|[spread] p2a,p2b\n|-resisted|p2a: Toxapex\n|-supereffective|p2b: Bertha\n|-damage|p2a: Toxapex|80\/100\n|-damage|p2b: Bertha|0 fnt\n|faint|p2b: Bertha\n|move|p2a: Toxapex|Toxic|p1a: Typhlosion\n|-status|p1a: Typhlosion|tox\n|\n|-weather|SunnyDay|[upkeep]\n|-heal|p2a: Toxapex|86\/100|[from] item: Black Sludge\n|-damage|p1a: Typhlosion|81\/100 tox|[from] psn\n|-damage|p1b: Delphox|46\/100 tox|[from] psn\n|upkeep\n|turn|8\n|-message|Somberiety forfeited.\n|\n|win|Army2501\n|raw|Army2501's rating: 1090 &rarr; <strong>1110<\/strong><br \/>(+20 for winning)\n|raw|Somberiety's rating: 1000 &rarr; <strong>1000<\/strong><br \/>(+0 for losing)\n|l|\u2606Somberiety\n","uploadtime":1700853884,"views":10,"p1id":"army2501","p2id":"somberiety","formatid":"gen9doublesou","rating":1000,"private":0,"password":""}