{"id":"gen9doublesou-1999339352","p1":"bananaszn","p2":"Elite.4.Challenger","format":"[Gen 9] Doubles OU","log":"|j|\u2606bananaszn\n|j|\u2606Elite.4.Challenger\n|t:|1701062865\n|gametype|doubles\n|player|p1|bananaszn|teamrocket|1474\n|player|p2|Elite.4.Challenger|koga|1359\n|teamsize|p1|6\n|teamsize|p2|6\n|gen|9\n|tier|[Gen 9] Doubles OU\n|rated|\n|rule|Species Clause: Limit one of each Pok\u00e9mon\n|rule|OHKO Clause: OHKO moves are banned\n|rule|Evasion Moves Clause: Evasion moves are banned\n|rule|Gravity Sleep Clause: The combination of sleep-inducing moves with imperfect accuracy and Gravity or Gigantamax Orbeetle are banned\n|rule|Endless Battle Clause: Forcing endless battles is banned\n|rule|HP Percentage Mod: HP is shown in percentages\n|clearpoke\n|poke|p1|Scizor, M|\n|poke|p1|Tornadus, M|\n|poke|p1|Chien-Pao|\n|poke|p1|Iron Hands|\n|poke|p1|Volcanion|\n|poke|p1|Great Tusk|\n|poke|p2|Hatterene, F|\n|poke|p2|Rillaboom, F|\n|poke|p2|Torkoal, M|\n|poke|p2|Typhlosion-Hisui, M|\n|poke|p2|Hoopa-Unbound|\n|poke|p2|Kingambit, F|\n|teampreview\n|inactive|Battle timer is ON: inactive players will automatically lose when time's up. (requested by Elite.4.Challenger)\n|c|\u2606bananaszn|woah\n|c|\u2606bananaszn|the fabled\n|inactive|bananaszn has 120 seconds left.\n|c|\u2606Elite.4.Challenger|lol no way\n|c|\u2606Elite.4.Challenger|wild luck\n|c|\u2606bananaszn|fr\n|c|\u2606bananaszn|i js loaded a game while watching yt\n|c|\u2606bananaszn|and i look at the tab\n|inactive|bananaszn has 90 seconds left.\n|c|\u2606bananaszn|finna go full sweat mode\n|c|\u2606Elite.4.Challenger|lmao bet\n|inactive|bananaszn has 60 seconds left.\n|\n|t:|1701062963\n|start\n|switch|p1a: Iggy Azalea|Chien-Pao|100\/100\n|switch|p1b: Druski|Iron Hands|100\/100\n|switch|p2a: Rillaboom|Rillaboom, F|100\/100\n|switch|p2b: Joe's Ex-Wife|Hatterene, F|100\/100\n|-ability|p1a: Iggy Azalea|Sword of Ruin\n|-fieldstart|move: Grassy Terrain|[from] ability: Grassy Surge|[of] p2a: Rillaboom\n|turn|1\n|inactive|bananaszn has 120 seconds left.\n|\n|t:|1701062993\n|move|p2a: Rillaboom|Fake Out|p1a: Iggy Azalea\n|-damage|p1a: Iggy Azalea|82\/100\n|cant|p1a: Iggy Azalea|flinch\n|move|p1b: Druski|Wild Charge|p2b: Joe's Ex-Wife\n|-damage|p2b: Joe's Ex-Wife|1\/100\n|-damage|p1b: Druski|86\/100|[from] Recoil\n|move|p2b: Joe's Ex-Wife|Trick Room|p2b: Joe's Ex-Wife\n|-fieldstart|move: Trick Room|[of] p2b: Joe's Ex-Wife\n|\n|-heal|p2b: Joe's Ex-Wife|7\/100|[from] Grassy Terrain\n|-heal|p1b: Druski|93\/100|[from] Grassy Terrain\n|-heal|p1a: Iggy Azalea|88\/100|[from] Grassy Terrain\n|upkeep\n|turn|2\n|inactive|bananaszn has 120 seconds left.\n|c|\u2606bananaszn|at least we know it can do that\n|c|\u2606Elite.4.Challenger|ong\n|\n|t:|1701063031\n|move|p1a: Iggy Azalea|Protect|p1a: Iggy Azalea\n|-singleturn|p1a: Iggy Azalea|Protect\n|move|p2b: Joe's Ex-Wife|Dazzling Gleam|p1b: Druski|[spread] p1b\n|-activate|p1a: Iggy Azalea|move: Protect\n|-supereffective|p1b: Druski\n|-damage|p1b: Druski|61\/100\n|move|p1b: Druski|Volt Switch|p2b: Joe's Ex-Wife\n|-damage|p2b: Joe's Ex-Wife|0 fnt\n|faint|p2b: Joe's Ex-Wife\n|\n|t:|1701063044\n|-end|p1b: Druski|Quark Drive|[silent]\n|switch|p1b: Volcanion|Volcanion|100\/100|[from] Volt Switch\n|move|p2a: Rillaboom|U-turn|p1a: Iggy Azalea\n|-activate|p1a: Iggy Azalea|move: Protect\n|\n|-heal|p1a: Iggy Azalea|94\/100|[from] Grassy Terrain\n|upkeep\n|c|\u2606Elite.4.Challenger|thankfully i didnt have to build another hat when we made this team and already had the best ev iv spreads\n|inactive|Elite.4.Challenger has 120 seconds left.\n|c|\u2606bananaszn|common goat plays\n|\n|t:|1701063087\n|switch|p2b: Kingambit|Kingambit, F|100\/100\n|turn|3\n|inactive|bananaszn has 120 seconds left.\n|inactive|Elite.4.Challenger has 120 seconds left.\n|\n|t:|1701063103\n|switch|p1a: Druski|Iron Hands|61\/100\n|-terastallize|p2b: Kingambit|Dark\n|move|p2b: Kingambit|Iron Head|p1a: Druski\n|-resisted|p1a: Druski\n|-damage|p1a: Druski|40\/100\n|-damage|p2b: Kingambit|91\/100|[from] item: Life Orb\n|move|p1b: Volcanion|Heat Wave|p2a: Rillaboom|[spread] p2b\n|-miss|p1b: Volcanion|p2a: Rillaboom\n|-damage|p2b: Kingambit|55\/100\n|move|p2a: Rillaboom|Wood Hammer|p1b: Volcanion\n|-damage|p1b: Volcanion|40\/100\n|-damage|p2a: Rillaboom|83\/100|[from] Recoil\n|\n|-heal|p2b: Kingambit|61\/100|[from] Grassy Terrain\n|-heal|p1a: Druski|47\/100|[from] Grassy Terrain\n|-heal|p1b: Volcanion|46\/100|[from] Grassy Terrain\n|-heal|p1b: Volcanion|52\/100|[from] item: Leftovers\n|-heal|p2a: Rillaboom|89\/100|[from] Grassy Terrain\n|upkeep\n|turn|4\n|inactive|bananaszn has 120 seconds left.\n|inactive|Elite.4.Challenger has 120 seconds left.\n|c|\u2606bananaszn|misses the one mon it has to hit and doesnt compensate with a burn\n|c|\u2606Elite.4.Challenger|rip\n|inactive|Elite.4.Challenger has 90 seconds left.\n|c|\u2606Elite.4.Challenger|sometimes i genuinly think heat wave is an ass move bc of accuracy\n|\n|t:|1701063178\n|move|p1a: Druski|Fake Out|p2a: Rillaboom\n|-damage|p2a: Rillaboom|74\/100\n|move|p2b: Kingambit|Sucker Punch||[still]\n|-fail|p2b: Kingambit\n|move|p1b: Volcanion|Heat Wave|p2b: Kingambit|[spread] p2a,p2b\n|-supereffective|p2a: Rillaboom\n|-damage|p2a: Rillaboom|22\/100\n|-damage|p2b: Kingambit|20\/100\n|cant|p2a: Rillaboom|flinch\n|\n|-heal|p2b: Kingambit|26\/100|[from] Grassy Terrain\n|-heal|p1a: Druski|53\/100|[from] Grassy Terrain\n|-heal|p1b: Volcanion|58\/100|[from] Grassy Terrain\n|-heal|p1b: Volcanion|64\/100|[from] item: Leftovers\n|-heal|p2a: Rillaboom|28\/100|[from] Grassy Terrain\n|upkeep\n|turn|5\n|inactive|Elite.4.Challenger has 90 seconds left.\n|\n|t:|1701063194\n|move|p1b: Volcanion|Protect|p1b: Volcanion\n|-singleturn|p1b: Volcanion|Protect\n|move|p2b: Kingambit|Sucker Punch||[still]\n|-fail|p2b: Kingambit\n|move|p1a: Druski|Volt Switch|p2b: Kingambit\n|-damage|p2b: Kingambit|15\/100\n|\n|t:|1701063201\n|-end|p1a: Druski|Quark Drive|[silent]\n|switch|p1a: Great Tusk|Great Tusk|100\/100|[from] Volt Switch\n|move|p2a: Rillaboom|Wood Hammer|p1b: Volcanion\n|-activate|p1b: Volcanion|move: Protect\n|\n|-heal|p2b: Kingambit|21\/100|[from] Grassy Terrain\n|-heal|p1b: Volcanion|70\/100|[from] Grassy Terrain\n|-heal|p1b: Volcanion|77\/100|[from] item: Leftovers\n|-heal|p2a: Rillaboom|35\/100|[from] Grassy Terrain\n|-fieldend|move: Trick Room\n|-fieldend|move: Grassy Terrain\n|upkeep\n|turn|6\n|inactive|bananaszn has 120 seconds left.\n|c|\u2606bananaszn|that sucker punch ppl stall is some pressure ngl\n|\n|t:|1701063219\n|move|p2b: Kingambit|Sucker Punch|p1b: Volcanion\n|-damage|p1b: Volcanion|14\/100\n|-damage|p2b: Kingambit|11\/100|[from] item: Life Orb\n|move|p1a: Great Tusk|Rapid Spin|p2b: Kingambit\n|-damage|p2b: Kingambit|0 fnt\n|-boost|p1a: Great Tusk|spe|1\n|faint|p2b: Kingambit\n|move|p2a: Rillaboom|Wood Hammer|p1a: Great Tusk\n|-supereffective|p1a: Great Tusk\n|-damage|p1a: Great Tusk|22\/100\n|-damage|p2a: Rillaboom|11\/100|[from] Recoil\n|move|p1b: Volcanion|Heat Wave|p2a: Rillaboom\n|-supereffective|p2a: Rillaboom\n|-damage|p2a: Rillaboom|0 fnt\n|faint|p2a: Rillaboom\n|\n|-heal|p1b: Volcanion|20\/100|[from] item: Leftovers\n|upkeep\n|c|\u2606Elite.4.Challenger|ong its crazy\n|inactive|Elite.4.Challenger has 90 seconds left.\n|\n|t:|1701063249\n|switch|p2a: Torkoal|Torkoal, M|100\/100\n|switch|p2b: Hoopa|Hoopa-Unbound|100\/100\n|-weather|SunnyDay|[from] ability: Drought|[of] p2a: Torkoal\n|-activate|p1a: Great Tusk|ability: Protosynthesis\n|-start|p1a: Great Tusk|protosynthesisspe\n|turn|7\n|\n|t:|1701063269\n|-terastallize|p1a: Great Tusk|Ground\n|move|p1b: Volcanion|Protect|p1b: Volcanion\n|-singleturn|p1b: Volcanion|Protect\n|move|p2b: Hoopa|Protect|p2b: Hoopa\n|-singleturn|p2b: Hoopa|Protect\n|move|p2a: Torkoal|Protect|p2a: Torkoal\n|-singleturn|p2a: Torkoal|Protect\n|move|p1a: Great Tusk|Headlong Rush|p2b: Hoopa\n|-activate|p2b: Hoopa|move: Protect\n|\n|-weather|SunnyDay|[upkeep]\n|-heal|p1b: Volcanion|26\/100|[from] item: Leftovers\n|upkeep\n|turn|8\n|\n|t:|1701063297\n|-end|p1a: Great Tusk|Protosynthesis|[silent]\n|switch|p1a: Druski|Iron Hands|53\/100\n|switch|p2b: Typhlosion|Typhlosion-Hisui, M|100\/100\n|-item|p1a: Druski|Assault Vest|[from] ability: Frisk|[of] p2b: Typhlosion|[identify]\n|-item|p1b: Volcanion|Leftovers|[from] ability: Frisk|[of] p2b: Typhlosion|[identify]\n|move|p1b: Volcanion|Substitute|p1b: Volcanion\n|-start|p1b: Volcanion|Substitute\n|-damage|p1b: Volcanion|2\/100\n|move|p2a: Torkoal|Earth Power|p1b: Volcanion\n|-supereffective|p1b: Volcanion\n|-end|p1b: Volcanion|Substitute\n|\n|-weather|SunnyDay|[upkeep]\n|-heal|p1b: Volcanion|8\/100|[from] item: Leftovers\n|upkeep\n|turn|9\n|\n|t:|1701063326\n|switch|p1b: YN Jay|Tornadus, M|100\/100\n|move|p2b: Typhlosion|Will-O-Wisp|p1a: Druski\n|-status|p1a: Druski|brn\n|move|p1a: Druski|Wild Charge|p2b: Typhlosion\n|-damage|p2b: Typhlosion|70\/100\n|-damage|p1a: Druski|47\/100 brn|[from] Recoil\n|move|p2a: Torkoal|Earth Power|p1b: YN Jay\n|-immune|p1b: YN Jay\n|\n|-weather|SunnyDay|[upkeep]\n|-damage|p1a: Druski|41\/100 brn|[from] brn\n|upkeep\n|turn|10\n|\n|t:|1701063355\n|switch|p2b: Hoopa|Hoopa-Unbound|100\/100\n|move|p1b: YN Jay|Bleakwind Storm|p2b: Hoopa|[spread] p2a\n|-miss|p1b: YN Jay|p2b: Hoopa\n|-damage|p2a: Torkoal|51\/100\n|move|p1a: Druski|Volt Switch|p2b: Hoopa\n|-damage|p2b: Hoopa|89\/100\n|\n|t:|1701063366\n|-end|p1a: Druski|Quark Drive|[silent]\n|switch|p1a: Kawhi Leonard|Scizor, M|100\/100|[from] Volt Switch\n|move|p2a: Torkoal|Earth Power|p1a: Kawhi Leonard\n|-damage|p1a: Kawhi Leonard|68\/100\n|\n|-weather|SunnyDay|[upkeep]\n|upkeep\n|turn|11\n|inactive|Elite.4.Challenger has 120 seconds left.\n|\n|t:|1701063388\n|switch|p1a: Great Tusk|Great Tusk, tera:Ground|22\/100\n|-activate|p1a: Great Tusk|ability: Protosynthesis\n|-start|p1a: Great Tusk|protosynthesisatk\n|move|p2b: Hoopa|Protect|p2b: Hoopa\n|-singleturn|p2b: Hoopa|Protect\n|move|p1b: YN Jay|Taunt|p2b: Hoopa\n|-activate|p2b: Hoopa|move: Protect\n|move|p2a: Torkoal|Heat Wave|p1a: Great Tusk|[spread] p1a\n|-miss|p2a: Torkoal|p1b: YN Jay\n|-damage|p1a: Great Tusk|0 fnt\n|faint|p1a: Great Tusk\n|-end|p1a: Great Tusk|Protosynthesis|[silent]\n|\n|-weather|SunnyDay|[upkeep]\n|upkeep\n|inactive|bananaszn has 120 seconds left.\n|c|\u2606bananaszn|im ass i expected the tera fire on hoopa\n|\n|t:|1701063428\n|switch|p1a: Iggy Azalea|Chien-Pao|94\/100\n|-ability|p1a: Iggy Azalea|Sword of Ruin\n|turn|12\n|inactive|bananaszn has 120 seconds left.\n|\n|t:|1701063447\n|switch|p2b: Typhlosion|Typhlosion-Hisui, M|70\/100\n|-item|p1a: Iggy Azalea|Life Orb|[from] ability: Frisk|[of] p2b: Typhlosion|[identify]\n|-item|p1b: YN Jay|Focus Sash|[from] ability: Frisk|[of] p2b: Typhlosion|[identify]\n|move|p1a: Iggy Azalea|Throat Chop|p2b: Typhlosion\n|-supereffective|p2b: Typhlosion\n|-damage|p2b: Typhlosion|0 fnt\n|faint|p2b: Typhlosion\n|-damage|p1a: Iggy Azalea|84\/100|[from] item: Life Orb\n|move|p1b: YN Jay|Bleakwind Storm|p2a: Torkoal\n|-damage|p2a: Torkoal|0 fnt\n|faint|p2a: Torkoal\n|\n|-weather|SunnyDay|[upkeep]\n|upkeep\n|\n|t:|1701063459\n|switch|p2a: Hoopa|Hoopa-Unbound|89\/100\n|turn|13\n|\n|t:|1701063465\n|move|p1a: Iggy Azalea|Throat Chop|p2a: Hoopa\n|-damage|p2a: Hoopa|1\/100\n|-start|p2a: Hoopa|Throat Chop|[silent]\n|-damage|p1a: Iggy Azalea|74\/100|[from] item: Life Orb\n|move|p1b: YN Jay|Bleakwind Storm|p2a: Hoopa\n|-damage|p2a: Hoopa|0 fnt\n|faint|p2a: Hoopa\n|\n|win|bananaszn\n|raw|bananaszn's rating: 1474 &rarr; <strong>1488<\/strong><br \/>(+14 for winning)\n|raw|Elite.4.Challenger's rating: 1359 &rarr; <strong>1345<\/strong><br \/>(-14 for losing)\n|c|\u2606Elite.4.Challenger|gg\n|c|\u2606bananaszn|gg\n|c|\u2606bananaszn|that was spooky\n|c|\u2606Elite.4.Challenger|i cant figure out this team\n","uploadtime":1701063481,"views":13,"p1id":"bananaszn","p2id":"elite4challenger","formatid":"gen9doublesou","rating":1345,"private":0,"password":""}