{"id":"gen9doublesou-1997419602","p1":"thehylianloach","p2":"fraggeddrive","format":"[Gen 9] Doubles OU","log":"|j|\u2606thehylianloach\n|j|\u2606fraggeddrive\n|t:|1700802195\n|gametype|doubles\n|player|p1|thehylianloach|marshal|1108\n|player|p2|fraggeddrive|rosa|1000\n|teamsize|p1|6\n|teamsize|p2|6\n|gen|9\n|tier|[Gen 9] Doubles OU\n|rated|\n|rule|Species Clause: Limit one of each Pok\u00e9mon\n|rule|OHKO Clause: OHKO moves are banned\n|rule|Evasion Moves Clause: Evasion moves are banned\n|rule|Gravity Sleep Clause: The combination of sleep-inducing moves with imperfect accuracy and Gravity or Gigantamax Orbeetle are banned\n|rule|Endless Battle Clause: Forcing endless battles is banned\n|rule|HP Percentage Mod: HP is shown in percentages\n|clearpoke\n|poke|p1|Lurantis, M|\n|poke|p1|Arboliva, M|\n|poke|p1|Sawsbuck-Winter, F|\n|poke|p1|Shiftry, M|\n|poke|p1|Sinistcha-Masterpiece|\n|poke|p1|Abomasnow, F|\n|poke|p2|Tinkaton, F|\n|poke|p2|Indeedee-F, F|\n|poke|p2|Weavile, F|\n|poke|p2|Dragonite, F|\n|poke|p2|Landorus-Therian, M|\n|poke|p2|Ogerpon-Wellspring, F|\n|teampreview\n|c|\u2606fraggeddrive|oh shit\n|c|\u2606fraggeddrive|this is rated\n|\n|t:|1700802213\n|start\n|switch|p1a: Arboliva|Arboliva, M|100\/100\n|switch|p1b: Lurantis|Lurantis, M|100\/100\n|switch|p2a: Tinkaton|Tinkaton, F|100\/100\n|switch|p2b: Indeedee|Indeedee-F, F|100\/100\n|-ability|p2a: Tinkaton|Mold Breaker\n|turn|1\n|\n|t:|1700802231\n|move|p2b: Indeedee|Follow Me|p2b: Indeedee\n|-singleturn|p2b: Indeedee|move: Follow Me\n|move|p2a: Tinkaton|Rock Slide|p1a: Arboliva|[spread] p1a,p1b\n|-damage|p1a: Arboliva|81\/100\n|-damage|p1b: Lurantis|82\/100\n|-fieldstart|move: Grassy Terrain|[from] ability: Seed Sower|[of] p1a: Arboliva\n|cant|p1b: Lurantis|flinch\n|cant|p1a: Arboliva|flinch\n|\n|-heal|p1b: Lurantis|88\/100|[from] Grassy Terrain\n|-heal|p1a: Arboliva|87\/100|[from] Grassy Terrain\n|upkeep\n|turn|2\n|\n|t:|1700802250\n|switch|p2a: Dragonite|Dragonite, F|100\/100\n|move|p2b: Indeedee|Light Screen|p2b: Indeedee\n|-sidestart|p2: fraggeddrive|move: Light Screen\n|move|p1b: Lurantis|Superpower|p2b: Indeedee\n|-damage|p2b: Indeedee|52\/100\n|-boost|p1b: Lurantis|atk|1\n|-boost|p1b: Lurantis|def|1\n|move|p1a: Arboliva|Sunny Day|p1a: Arboliva\n|-weather|SunnyDay\n|\n|-weather|SunnyDay|[upkeep]\n|-heal|p2b: Indeedee|59\/100|[from] Grassy Terrain\n|-heal|p1b: Lurantis|94\/100|[from] Grassy Terrain\n|-heal|p1a: Arboliva|93\/100|[from] Grassy Terrain\n|upkeep\n|turn|3\n|\n|t:|1700802278\n|move|p2b: Indeedee|Protect|p2b: Indeedee\n|-singleturn|p2b: Indeedee|Protect\n|move|p2a: Dragonite|Dragon Dance|p2a: Dragonite\n|-boost|p2a: Dragonite|atk|1\n|-boost|p2a: Dragonite|spe|1\n|move|p1b: Lurantis|Superpower|p2b: Indeedee\n|-activate|p2b: Indeedee|move: Protect\n|move|p1a: Arboliva|Solar Beam||[still]\n|-prepare|p1a: Arboliva|Solar Beam\n|-anim|p1a: Arboliva|Solar Beam|p2b: Indeedee\n|-activate|p2b: Indeedee|move: Protect\n|\n|-weather|SunnyDay|[upkeep]\n|-heal|p2b: Indeedee|65\/100|[from] Grassy Terrain\n|-heal|p1b: Lurantis|99\/100|[from] Grassy Terrain\n|-heal|p1a: Arboliva|99\/100|[from] Grassy Terrain\n|upkeep\n|turn|4\n|\n|t:|1700802299\n|move|p2b: Indeedee|Helping Hand|p2a: Dragonite\n|-singleturn|p2a: Dragonite|Helping Hand|[of] p2b: Indeedee\n|move|p2a: Dragonite|Dragon Claw|p1a: Arboliva\n|-damage|p1a: Arboliva|0 fnt\n|faint|p1a: Arboliva\n|move|p1b: Lurantis|Superpower|p2b: Indeedee\n|-damage|p2b: Indeedee|2\/100\n|-boost|p1b: Lurantis|atk|1\n|-boost|p1b: Lurantis|def|1\n|-enditem|p2b: Indeedee|Aguav Berry|[eat]\n|-heal|p2b: Indeedee|35\/100|[from] item: Aguav Berry\n|\n|-weather|SunnyDay|[upkeep]\n|-heal|p2b: Indeedee|42\/100|[from] Grassy Terrain\n|-heal|p1b: Lurantis|100\/100|[from] Grassy Terrain\n|upkeep\n|\n|t:|1700802322\n|switch|p1a: Shiftry|Shiftry, M|100\/100\n|turn|5\n|\n|t:|1700802338\n|move|p2b: Indeedee|Helping Hand|p2a: Dragonite\n|-singleturn|p2a: Dragonite|Helping Hand|[of] p2b: Indeedee\n|move|p1a: Shiftry|Fake Out|p2a: Dragonite\n|-damage|p2a: Dragonite|80\/100\n|-damage|p1a: Shiftry|91\/100|[from] item: Life Orb\n|move|p2a: Dragonite|Dragon Claw|p1a: Shiftry\n|-crit|p1a: Shiftry\n|-damage|p1a: Shiftry|0 fnt\n|faint|p1a: Shiftry\n|move|p1b: Lurantis|Superpower|p2a: Dragonite\n|-resisted|p2a: Dragonite\n|-damage|p2a: Dragonite|42\/100\n|-boost|p1b: Lurantis|atk|1\n|-boost|p1b: Lurantis|def|1\n|\n|-weather|SunnyDay|[upkeep]\n|-heal|p2b: Indeedee|48\/100|[from] Grassy Terrain\n|-fieldend|move: Grassy Terrain\n|upkeep\n|\n|t:|1700802352\n|switch|p1a: Abomasnow|Abomasnow, F|100\/100\n|-weather|Snow|[from] ability: Snow Warning|[of] p1a: Abomasnow\n|turn|6\n|\n|t:|1700802367\n|-terastallize|p2a: Dragonite|Fairy\n|move|p2b: Indeedee|Protect|p2b: Indeedee\n|-singleturn|p2b: Indeedee|Protect\n|move|p1a: Abomasnow|Ice Shard|p2a: Dragonite\n|-damage|p2a: Dragonite|25\/100\n|move|p2a: Dragonite|Dragon Claw|p1a: Abomasnow\n|-damage|p1a: Abomasnow|66\/100\n|move|p1b: Lurantis|Superpower|p2b: Indeedee\n|-activate|p2b: Indeedee|move: Protect\n|\n|-weather|Snow|[upkeep]\n|-sideend|p2: fraggeddrive|move: Light Screen\n|upkeep\n|turn|7\n|\n|t:|1700802390\n|move|p2b: Indeedee|Protect||[still]\n|-fail|p2b: Indeedee\n|move|p2a: Dragonite|Ice Beam|p1b: Lurantis\n|-supereffective|p1b: Lurantis\n|-damage|p1b: Lurantis|77\/100\n|move|p1a: Abomasnow|Aurora Veil|p1a: Abomasnow\n|-sidestart|p1: thehylianloach|move: Aurora Veil\n|move|p1b: Lurantis|Superpower|p2b: Indeedee\n|-damage|p2b: Indeedee|0 fnt\n|-boost|p1b: Lurantis|atk|1\n|-boost|p1b: Lurantis|def|1\n|faint|p2b: Indeedee\n|\n|-weather|Snow|[upkeep]\n|upkeep\n|\n|t:|1700802402\n|switch|p2b: Tinkaton|Tinkaton, F|100\/100\n|-ability|p2b: Tinkaton|Mold Breaker\n|turn|8\n|\n|t:|1700802423\n|move|p2a: Dragonite|Dragon Claw|p1b: Lurantis\n|-damage|p1b: Lurantis|63\/100\n|move|p2b: Tinkaton|Gigaton Hammer|p1a: Abomasnow\n|-supereffective|p1a: Abomasnow\n|-damage|p1a: Abomasnow|6\/100\n|move|p1a: Abomasnow|Icicle Spear|p2a: Dragonite\n|-damage|p2a: Dragonite|16\/100\n|-damage|p2a: Dragonite|6\/100\n|-damage|p2a: Dragonite|0 fnt\n|faint|p2a: Dragonite\n|-hitcount|p2: Dragonite|3\n|move|p1b: Lurantis|Superpower|p2b: Tinkaton\n|-damage|p2b: Tinkaton|0 fnt\n|-boost|p1b: Lurantis|atk|1\n|-boost|p1b: Lurantis|def|1\n|faint|p2b: Tinkaton\n|\n|-weather|Snow|[upkeep]\n|upkeep\n|\n|t:|1700802520\n|switch|p2b: Ogerpon|Ogerpon-Wellspring, F|100\/100\n|switch|p2a: Landorus|Landorus-Therian, M|100\/100\n|-ability|p2a: Landorus|Intimidate|boost\n|-unboost|p1a: Abomasnow|atk|1\n|-boost|p1b: Lurantis|atk|1\n|turn|9\n|\n|t:|1700802536\n|move|p1a: Abomasnow|Ice Shard|p2a: Landorus\n|-supereffective|p2a: Landorus\n|-damage|p2a: Landorus|62\/100\n|move|p2b: Ogerpon|Spikes|p1b: Lurantis\n|-sidestart|p1: thehylianloach|Spikes\n|move|p2a: Landorus|Bulk Up|p2a: Landorus\n|-boost|p2a: Landorus|atk|1\n|-boost|p2a: Landorus|def|1\n|move|p1b: Lurantis|Petal Blizzard|p2a: Landorus|[spread] p1a,p2a,p2b\n|-resisted|p1a: Abomasnow\n|-damage|p1a: Abomasnow|0 fnt\n|-damage|p2a: Landorus|0 fnt\n|-damage|p2b: Ogerpon|0 fnt\n|faint|p1a: Abomasnow\n|faint|p2a: Landorus\n|faint|p2b: Ogerpon\n|\n|-weather|Snow|[upkeep]\n|upkeep\n|-message|fraggeddrive forfeited.\n|\n|win|thehylianloach\n|raw|thehylianloach's rating: 1108 &rarr; <strong>1125<\/strong><br \/>(+17 for winning)\n|raw|fraggeddrive's rating: 1000 &rarr; <strong>1000<\/strong><br \/>(+0 for losing)\n|l|\u2606fraggeddrive\n|c|\u2606thehylianloach|gg\n","uploadtime":1700802560,"views":5,"p1id":"thehylianloach","p2id":"fraggeddrive","formatid":"gen9doublesou","rating":1000,"private":0,"password":""}