{"id":"gen9doublesou-1976511817","p1":"ItsACritt","p2":"wadsja","format":"[Gen 9] Doubles OU","log":"|j|\u2606ItsACritt\n|j|\u2606wadsja\n|t:|1698315313\n|gametype|doubles\n|player|p1|ItsACritt|flannery-gen6|1337\n|player|p2|wadsja|dawn|1242\n|teamsize|p1|6\n|teamsize|p2|6\n|gen|9\n|tier|[Gen 9] Doubles OU\n|rated|\n|rule|Species Clause: Limit one of each Pok\u00e9mon\n|rule|OHKO Clause: OHKO moves are banned\n|rule|Evasion Moves Clause: Evasion moves are banned\n|rule|Gravity Sleep Clause: The combination of sleep-inducing moves with imperfect accuracy and Gravity or Gigantamax Orbeetle are banned\n|rule|Endless Battle Clause: Forcing endless battles is banned\n|rule|HP Percentage Mod: HP is shown in percentages\n|clearpoke\n|poke|p1|Ninetales, F|\n|poke|p1|Lilligant-Hisui, F|\n|poke|p1|Tyranitar, M|\n|poke|p1|Arcanine-Hisui, M|\n|poke|p1|Enamorus, F|\n|poke|p1|Houndstone, M|\n|poke|p2|Amoonguss, M|\n|poke|p2|Torkoal, M|\n|poke|p2|Walking Wake|\n|poke|p2|Dragonite, M|\n|poke|p2|Gholdengo|\n|poke|p2|Landorus-Therian, M|\n|teampreview\n|inactive|Battle timer is ON: inactive players will automatically lose when time's up. (requested by ItsACritt)\n|\n|t:|1698315325\n|start\n|switch|p1a: Celestia|Ninetales, F, shiny|100\/100\n|switch|p1b: She|Lilligant-Hisui, F, shiny|100\/100\n|switch|p2a: Amoonguss|Amoonguss, M|100\/100\n|switch|p2b: Landorus|Landorus-Therian, M|100\/100\n|-weather|SunnyDay|[from] ability: Drought|[of] p1a: Celestia\n|-ability|p2b: Landorus|Intimidate|boost\n|-unboost|p1a: Celestia|atk|1\n|-enditem|p1a: Celestia|Eject Pack\n|-unboost|p1b: She|atk|1\n|\n|t:|1698315350\n|switch|p1a: Comet|Arcanine-Hisui, M, shiny|100\/100\n|-ability|p1a: Comet|Intimidate|boost\n|-unboost|p2a: Amoonguss|atk|1\n|-unboost|p2b: Landorus|atk|1\n|turn|1\n|inactive|wadsja has 120 seconds left.\n|\n|t:|1698315391\n|switch|p2a: Walking Wake|Walking Wake|100\/100\n|-activate|p2a: Walking Wake|ability: Protosynthesis\n|-start|p2a: Walking Wake|protosynthesisspa\n|move|p1b: She|Solar Blade||[still]\n|-prepare|p1b: She|Solar Blade\n|-anim|p1b: She|Solar Blade|p2b: Landorus\n|-damage|p2b: Landorus|56\/100\n|move|p1a: Comet|Flare Blitz|p2a: Walking Wake\n|-resisted|p2a: Walking Wake\n|-damage|p2a: Walking Wake|78\/100\n|-damage|p1a: Comet|93\/100|[from] Recoil\n|move|p2b: Landorus|U-turn|p1b: She\n|-damage|p1b: She|76\/100\n|\n|t:|1698315410\n|switch|p2b: Amoonguss|Amoonguss, M|100\/100|[from] U-turn\n|\n|-weather|SunnyDay|[upkeep]\n|upkeep\n|turn|2\n|inactive|wadsja has 120 seconds left.\n|\n|t:|1698315428\n|switch|p1b: Cupid|Enamorus, F|100\/100\n|switch|p2b: Landorus|Landorus-Therian, M|56\/100\n|-ability|p2b: Landorus|Intimidate|boost\n|-unboost|p1a: Comet|atk|1\n|-boost|p1b: Cupid|atk|1\n|-terastallize|p1a: Comet|Water\n|move|p2a: Walking Wake|Hydro Steam|p1a: Comet\n|-resisted|p1a: Comet\n|-damage|p1a: Comet|16\/100\n|move|p1a: Comet|Flare Blitz|p2b: Landorus\n|-damage|p2b: Landorus|0 fnt\n|faint|p2b: Landorus\n|-damage|p1a: Comet|0 fnt|[from] Recoil\n|faint|p1a: Comet\n|\n|-weather|SunnyDay|[upkeep]\n|upkeep\n|inactive|wadsja has 120 seconds left.\n|\n|t:|1698315452\n|switch|p1a: She|Lilligant-Hisui, F, shiny|76\/100\n|switch|p2b: Gholdengo|Gholdengo|100\/100\n|-item|p2b: Gholdengo|Air Balloon\n|turn|3\n|\n|t:|1698315466\n|-end|p2a: Walking Wake|Protosynthesis|[silent]\n|switch|p2a: Torkoal|Torkoal, M|100\/100\n|move|p1a: She|Solar Blade||[still]\n|-prepare|p1a: She|Solar Blade\n|-anim|p1a: She|Solar Blade|p2a: Torkoal\n|-resisted|p2a: Torkoal\n|-damage|p2a: Torkoal|78\/100\n|move|p1b: Cupid|Weather Ball|p2b: Gholdengo\n|-supereffective|p2b: Gholdengo\n|-damage|p2b: Gholdengo|0 fnt\n|-enditem|p2b: Gholdengo|Air Balloon\n|faint|p2b: Gholdengo\n|-damage|p1b: Cupid|91\/100|[from] item: Life Orb\n|\n|-weather|SunnyDay|[upkeep]\n|upkeep\n|inactive|wadsja has 120 seconds left.\n|\n|t:|1698315492\n|switch|p2b: Walking Wake|Walking Wake|78\/100\n|-activate|p2b: Walking Wake|ability: Protosynthesis\n|-start|p2b: Walking Wake|protosynthesisspa\n|turn|4\n|\n|t:|1698315512\n|-terastallize|p2b: Walking Wake|Electric\n|move|p1a: She|Sleep Powder|p2b: Walking Wake|[miss]\n|-miss|p1a: She|p2b: Walking Wake\n|move|p2b: Walking Wake|Tera Blast|p1b: Cupid|[anim] Tera Blast Electric\n|-supereffective|p1b: Cupid\n|-damage|p1b: Cupid|0 fnt\n|faint|p1b: Cupid\n|move|p2a: Torkoal|Heat Wave|p1a: She\n|-supereffective|p1a: She\n|-damage|p1a: She|0 fnt\n|faint|p1a: She\n|\n|-weather|SunnyDay|[upkeep]\n|upkeep\n|\n|t:|1698315525\n|switch|p1b: Night Guard|Houndstone, M|100\/100\n|switch|p1a: Reptar|Tyranitar, M|100\/100\n|-weather|Sandstorm|[from] ability: Sand Stream|[of] p1a: Reptar\n|-end|p2b: Walking Wake|Protosynthesis\n|turn|5\n|\n|t:|1698315539\n|-end|p2b: Walking Wake|Protosynthesis|[silent]\n|switch|p2b: Dragonite|Dragonite, M|100\/100\n|switch|p2a: Amoonguss|Amoonguss, M|100\/100\n|move|p1b: Night Guard|Last Respects|p2b: Dragonite\n|-damage|p2b: Dragonite|65\/100\n|move|p1a: Reptar|Rock Slide|p2a: Amoonguss|[spread] p2a,p2b\n|-supereffective|p2b: Dragonite\n|-damage|p2a: Amoonguss|75\/100\n|-damage|p2b: Dragonite|6\/100\n|\n|-weather|Sandstorm|[upkeep]\n|-damage|p2b: Dragonite|0 fnt|[from] Sandstorm\n|-damage|p2a: Amoonguss|68\/100|[from] Sandstorm\n|faint|p2b: Dragonite\n|upkeep\n|\n|t:|1698315554\n|switch|p2b: Torkoal|Torkoal, M|78\/100\n|-weather|SunnyDay|[from] ability: Drought|[of] p2b: Torkoal\n|turn|6\n|\n|t:|1698315567\n|switch|p1b: Celestia|Ninetales, F, shiny|100\/100\n|move|p1a: Reptar|Rock Slide|p2b: Torkoal|[spread] p2a,p2b\n|-supereffective|p2b: Torkoal\n|-damage|p2a: Amoonguss|42\/100\n|-damage|p2b: Torkoal|31\/100\n|move|p2a: Amoonguss|Foul Play|p1b: Celestia\n|-damage|p1b: Celestia|82\/100\n|move|p2b: Torkoal|Will-O-Wisp|p1a: Reptar\n|-status|p1a: Reptar|brn\n|\n|-weather|SunnyDay|[upkeep]\n|-damage|p1a: Reptar|94\/100 brn|[from] brn\n|upkeep\n|turn|7\n|\n|t:|1698315592\n|switch|p2a: Walking Wake|Walking Wake, tera:Electric|78\/100\n|-activate|p2a: Walking Wake|ability: Protosynthesis\n|-start|p2a: Walking Wake|protosynthesisspa\n|move|p1b: Celestia|Weather Ball|p2a: Walking Wake\n|-damage|p2a: Walking Wake|6\/100\n|move|p1a: Reptar|Rock Slide|p2a: Walking Wake|[spread] p2a,p2b\n|-supereffective|p2b: Torkoal\n|-damage|p2a: Walking Wake|0 fnt\n|-damage|p2b: Torkoal|8\/100\n|faint|p2a: Walking Wake\n|-end|p2a: Walking Wake|Protosynthesis|[silent]\n|move|p2b: Torkoal|Solar Beam||[still]\n|-prepare|p2b: Torkoal|Solar Beam\n|-anim|p2b: Torkoal|Solar Beam|p1a: Reptar\n|-supereffective|p1a: Reptar\n|-damage|p1a: Reptar|60\/100 brn\n|\n|-weather|SunnyDay|[upkeep]\n|-damage|p1a: Reptar|53\/100 brn|[from] brn\n|upkeep\n|inactive|wadsja has 120 seconds left.\n|-message|wadsja forfeited.\n|\n|win|ItsACritt\n|raw|ItsACritt's rating: 1337 &rarr; <strong>1352<\/strong><br \/>(+15 for winning)\n|raw|wadsja's rating: 1242 &rarr; <strong>1224<\/strong><br \/>(-18 for losing)\n|l|\u2606wadsja\n","uploadtime":1698315620,"views":13,"p1id":"itsacritt","p2id":"wadsja","formatid":"gen9doublesou","rating":1224,"private":0,"password":""}