{"id":"gen9doublesou-1984417193","p1":"cfreyes68","p2":"Marteaupilon","format":"[Gen 9] Doubles OU","log":"|j|\u2606cfreyes68\n|j|\u2606Marteaupilon\n|t:|1699259963\n|gametype|doubles\n|player|p1|cfreyes68|clair|1042\n|player|p2|Marteaupilon|170|1056\n|teamsize|p1|6\n|teamsize|p2|6\n|gen|9\n|tier|[Gen 9] Doubles OU\n|rated|\n|rule|Species Clause: Limit one of each Pok\u00e9mon\n|rule|OHKO Clause: OHKO moves are banned\n|rule|Evasion Moves Clause: Evasion moves are banned\n|rule|Gravity Sleep Clause: The combination of sleep-inducing moves with imperfect accuracy and Gravity or Gigantamax Orbeetle are banned\n|rule|Endless Battle Clause: Forcing endless battles is banned\n|rule|HP Percentage Mod: HP is shown in percentages\n|clearpoke\n|poke|p1|Ninetales-Alola, M|\n|poke|p1|Manaphy|\n|poke|p1|Walking Wake|\n|poke|p1|Gholdengo|\n|poke|p1|Tornadus, M|\n|poke|p1|Clefairy, F|\n|poke|p2|Tornadus, M|\n|poke|p2|Brambleghast, F|\n|poke|p2|Alomomola, M|\n|poke|p2|Corviknight, F|\n|poke|p2|Zoroark-Hisui, F|\n|poke|p2|Clefable, F|\n|teampreview\n|inactive|Battle timer is ON: inactive players will automatically lose when time's up. (requested by cfreyes68)\n|\n|t:|1699260011\n|start\n|switch|p1a: Ninetales|Ninetales-Alola, M|100\/100\n|switch|p1b: Clefairy|Clefairy, F|100\/100\n|switch|p2a: Tornadus|Tornadus, M|100\/100\n|switch|p2b: Brambleghast|Brambleghast, F|100\/100\n|-weather|Snow|[from] ability: Snow Warning|[of] p1a: Ninetales\n|turn|1\n|\n|t:|1699260026\n|move|p2a: Tornadus|Tailwind|p2a: Tornadus\n|-sidestart|p2: Marteaupilon|move: Tailwind\n|-ability|p2b: Brambleghast|Wind Rider|boost\n|-boost|p2b: Brambleghast|atk|1\n|move|p2b: Brambleghast|Poltergeist|p1a: Ninetales\n|-activate|p1a: Ninetales|move: Poltergeist|Light Clay\n|-damage|p1a: Ninetales|38\/100\n|move|p1a: Ninetales|Aurora Veil|p1a: Ninetales\n|-sidestart|p1: cfreyes68|move: Aurora Veil\n|move|p1b: Clefairy|Skill Swap|p1a: Ninetales\n|-activate|p1b: Clefairy|move: Skill Swap|||[of] p1a: Ninetales\n|\n|-weather|Snow|[upkeep]\n|upkeep\n|turn|2\n|inactive|cfreyes68 has 120 seconds left.\n|\n|t:|1699260059\n|switch|p1b: Tornadus|Tornadus, M|100\/100\n|-terastallize|p1a: Ninetales|Steel\n|move|p2a: Tornadus|Bleakwind Storm|p1a: Ninetales|[spread] p1a\n|-miss|p2a: Tornadus|p1b: Tornadus\n|-resisted|p1a: Ninetales\n|-damage|p1a: Ninetales|25\/100\n|-unboost|p1a: Ninetales|spe|1\n|move|p2b: Brambleghast|Poltergeist|p1a: Ninetales\n|-activate|p1a: Ninetales|move: Poltergeist|Light Clay\n|-damage|p1a: Ninetales|0 fnt\n|faint|p1a: Ninetales\n|\n|-weather|Snow|[upkeep]\n|upkeep\n|inactive|cfreyes68 has 120 seconds left.\n|\n|t:|1699260080\n|switch|p1a: Walking Wake|Walking Wake|100\/100\n|turn|3\n|inactive|cfreyes68 has 120 seconds left.\n|\n|t:|1699260106\n|switch|p1b: Clefairy|Clefairy, F|100\/100\n|move|p2a: Tornadus|Bleakwind Storm|p1a: Walking Wake|[spread] p1b\n|-miss|p2a: Tornadus|p1a: Walking Wake\n|-damage|p1b: Clefairy|84\/100\n|move|p2b: Brambleghast|Power Whip|p1a: Walking Wake\n|-damage|p1a: Walking Wake|55\/100\n|move|p1a: Walking Wake|Weather Ball|p2b: Brambleghast\n|-supereffective|p2b: Brambleghast\n|-enditem|p2b: Brambleghast|Focus Sash\n|-damage|p2b: Brambleghast|1\/100\n|\n|-weather|Snow|[upkeep]\n|upkeep\n|turn|4\n|inactive|cfreyes68 has 120 seconds left.\n|inactive|Marteaupilon has 120 seconds left.\n|\n|t:|1699260142\n|move|p1b: Clefairy|Follow Me|p1b: Clefairy\n|-singleturn|p1b: Clefairy|move: Follow Me\n|move|p2a: Tornadus|Bleakwind Storm|p1a: Walking Wake|[spread] p1a\n|-miss|p2a: Tornadus|p1b: Clefairy\n|-damage|p1a: Walking Wake|32\/100\n|move|p2b: Brambleghast|Disable|p1b: Clefairy\n|-start|p1b: Clefairy|Disable|Follow Me\n|move|p1a: Walking Wake|Weather Ball|p2b: Brambleghast\n|-supereffective|p2b: Brambleghast\n|-damage|p2b: Brambleghast|0 fnt\n|faint|p2b: Brambleghast\n|\n|-weather|Snow|[upkeep]\n|-sideend|p2: Marteaupilon|move: Tailwind\n|upkeep\n|inactive|Marteaupilon has 90 seconds left.\n|\n|t:|1699260178\n|switch|p2b: Clefable|Clefable, F|100\/100\n|turn|5\n|\n|t:|1699260190\n|move|p1b: Clefairy|Helping Hand|p1a: Walking Wake\n|-singleturn|p1a: Walking Wake|Helping Hand|[of] p1b: Clefairy\n|move|p1a: Walking Wake|Weather Ball|p2a: Tornadus\n|-supereffective|p2a: Tornadus\n|-damage|p2a: Tornadus|0 fnt\n|faint|p2a: Tornadus\n|move|p2b: Clefable|Nasty Plot|p2b: Clefable\n|-boost|p2b: Clefable|spa|2\n|\n|-weather|none\n|upkeep\n|\n|t:|1699260210\n|switch|p2a: Corviknight|Corviknight, F|100\/100\n|turn|6\n|\n|t:|1699260234\n|-end|p1a: Walking Wake|Protosynthesis|[silent]\n|switch|p1a: Gholdengo|Gholdengo|100\/100\n|switch|p1b: Tornadus|Tornadus, M|100\/100\n|move|p2b: Clefable|Hyper Voice|p1a: Gholdengo|[spread] p1b\n|-immune|p1a: Gholdengo\n|-damage|p1b: Tornadus|53\/100\n|-damage|p2b: Clefable|91\/100|[from] item: Life Orb\n|move|p2a: Corviknight|Iron Head|p1b: Tornadus\n|-damage|p1b: Tornadus|30\/100\n|\n|upkeep\n|turn|7\n|inactive|Marteaupilon has 120 seconds left.\n|\n|t:|1699260256\n|move|p1b: Tornadus|Sunny Day|p1b: Tornadus\n|-weather|SunnyDay\n|move|p2b: Clefable|Shadow Ball|p1a: Gholdengo\n|-supereffective|p1a: Gholdengo\n|-damage|p1a: Gholdengo|0 fnt\n|faint|p1a: Gholdengo\n|-damage|p2b: Clefable|81\/100|[from] item: Life Orb\n|move|p2a: Corviknight|Brave Bird|p1b: Tornadus\n|-damage|p1b: Tornadus|0 fnt\n|faint|p1b: Tornadus\n|-damage|p2a: Corviknight|91\/100|[from] Recoil\n|\n|-weather|SunnyDay|[upkeep]\n|-heal|p2a: Corviknight|98\/100|[from] item: Leftovers\n|upkeep\n|\n|t:|1699260270\n|switch|p1a: Walking Wake|Walking Wake|32\/100\n|switch|p1b: Clefairy|Clefairy, F|84\/100\n|-activate|p1a: Walking Wake|ability: Protosynthesis\n|-start|p1a: Walking Wake|protosynthesisspa\n|turn|8\n|\n|t:|1699260290\n|move|p1b: Clefairy|Follow Me|p1b: Clefairy\n|-singleturn|p1b: Clefairy|move: Follow Me\n|move|p1a: Walking Wake|Weather Ball|p2a: Corviknight\n|-supereffective|p2a: Corviknight\n|-damage|p2a: Corviknight|0 fnt\n|faint|p2a: Corviknight\n|move|p2b: Clefable|Hyper Voice|p1b: Clefairy|[spread] p1a,p1b\n|-damage|p1a: Walking Wake|0 fnt\n|-damage|p1b: Clefairy|45\/100\n|faint|p1a: Walking Wake\n|-end|p1a: Walking Wake|Protosynthesis|[silent]\n|-damage|p2b: Clefable|71\/100|[from] item: Life Orb\n|\n|-weather|SunnyDay|[upkeep]\n|-sideend|p1: cfreyes68|move: Aurora Veil\n|upkeep\n|-message|cfreyes68 forfeited.\n|\n|win|Marteaupilon\n|raw|cfreyes68's rating: 1042 &rarr; <strong>1026<\/strong><br \/>(-16 for losing)\n|raw|Marteaupilon's rating: 1056 &rarr; <strong>1086<\/strong><br \/>(+30 for winning)\n|l|\u2606cfreyes68\n","uploadtime":1699260441,"views":9,"p1id":"cfreyes68","p2id":"marteaupilon","formatid":"gen9doublesou","rating":1026,"private":0,"password":""}