{"id":"gen9doublesou-1985964832","p1":"Sideswipin","p2":"Cristaldu41","format":"[Gen 9] Doubles OU","log":"|j|\u2606Sideswipin\n|j|\u2606Cristaldu41\n|t:|1699430868\n|gametype|doubles\n|player|p1|Sideswipin|artist-gen4|1092\n|player|p2|Cristaldu41|palmer|1074\n|teamsize|p1|6\n|teamsize|p2|6\n|gen|9\n|tier|[Gen 9] Doubles OU\n|rated|\n|rule|Species Clause: Limit one of each Pok\u00e9mon\n|rule|OHKO Clause: OHKO moves are banned\n|rule|Evasion Moves Clause: Evasion moves are banned\n|rule|Gravity Sleep Clause: The combination of sleep-inducing moves with imperfect accuracy and Gravity or Gigantamax Orbeetle are banned\n|rule|Endless Battle Clause: Forcing endless battles is banned\n|rule|HP Percentage Mod: HP is shown in percentages\n|clearpoke\n|poke|p1|Torkoal, F|\n|poke|p1|Diancie|\n|poke|p1|Zapdos|\n|poke|p1|Camerupt, F|\n|poke|p1|Heatran, F|\n|poke|p1|Brute Bonnet|\n|poke|p2|Chien-Pao|\n|poke|p2|Flutter Mane|\n|poke|p2|Tornadus, M|\n|poke|p2|Dragonite, M|\n|poke|p2|Kingambit, M|\n|poke|p2|Sinistcha-Masterpiece|\n|teampreview\n|inactive|Battle timer is ON: inactive players will automatically lose when time's up. (requested by Sideswipin)\n|\n|t:|1699430888\n|start\n|switch|p1a: Diancie|Diancie|100\/100\n|switch|p1b: Zapdos|Zapdos|100\/100\n|switch|p2a: Tornadus|Tornadus, M|100\/100\n|switch|p2b: Sinistcha|Sinistcha-Masterpiece|100\/100\n|-ability|p1b: Zapdos|Pressure\n|turn|1\n|\n|t:|1699430897\n|move|p2a: Tornadus|Tailwind|p2a: Tornadus\n|-sidestart|p2: Cristaldu41|move: Tailwind\n|move|p1b: Zapdos|Volt Switch|p2a: Tornadus\n|-supereffective|p2a: Tornadus\n|-damage|p2a: Tornadus|26\/100\n|\n|t:|1699430900\n|switch|p1b: Torkoal|Torkoal, F, shiny|100\/100|[from] Volt Switch\n|-weather|SunnyDay|[from] ability: Drought|[of] p1b: Torkoal\n|move|p2b: Sinistcha|Matcha Gotcha|p1b: Torkoal|[spread] p1a\n|-miss|p2b: Sinistcha|p1b: Torkoal\n|-supereffective|p1a: Diancie\n|-damage|p1a: Diancie|64\/100\n|move|p1a: Diancie|Trick Room|p1a: Diancie\n|-fieldstart|move: Trick Room|[of] p1a: Diancie\n|\n|-weather|SunnyDay|[upkeep]\n|upkeep\n|turn|2\n|\n|t:|1699430919\n|move|p2a: Tornadus|Protect|p2a: Tornadus\n|-singleturn|p2a: Tornadus|Protect\n|move|p1b: Torkoal|Lava Plume|p2a: Tornadus|[spread] p1a,p2b\n|-activate|p2a: Tornadus|move: Protect\n|-resisted|p1a: Diancie\n|-supereffective|p2b: Sinistcha\n|-damage|p1a: Diancie|49\/100\n|-damage|p2b: Sinistcha|11\/100\n|move|p1a: Diancie|Diamond Storm|p2b: Sinistcha|[spread] p2b\n|-activate|p2a: Tornadus|move: Protect\n|-damage|p2b: Sinistcha|0 fnt\n|-boost|p1a: Diancie|def|2\n|faint|p2b: Sinistcha\n|\n|-weather|SunnyDay|[upkeep]\n|upkeep\n|inactive|Cristaldu41 has 120 seconds left.\n|\n|t:|1699430942\n|switch|p2b: Kingambit|Kingambit, M|100\/100\n|turn|3\n|\n|t:|1699430953\n|move|p1b: Torkoal|Body Press|p2b: Kingambit\n|-supereffective|p2b: Kingambit\n|-damage|p2b: Kingambit|15\/100\n|move|p1a: Diancie|Body Press|p2b: Kingambit\n|-supereffective|p2b: Kingambit\n|-damage|p2b: Kingambit|0 fnt\n|faint|p2b: Kingambit\n|move|p2a: Tornadus|Bleakwind Storm|p1a: Diancie|[spread] p1a,p1b\n|-resisted|p1a: Diancie\n|-damage|p1a: Diancie|34\/100\n|-damage|p1b: Torkoal|42\/100\n|-enditem|p1b: Torkoal|Eject Button\n|\n|t:|1699430962\n|switch|p1b: Camerupt|Camerupt, F, shiny|100\/100\n|\n|-weather|SunnyDay|[upkeep]\n|upkeep\n|\n|t:|1699430969\n|switch|p2b: Chien-Pao|Chien-Pao|100\/100\n|-ability|p2b: Chien-Pao|Sword of Ruin\n|turn|4\n|\n|t:|1699430978\n|move|p2a: Tornadus|Protect|p2a: Tornadus\n|-singleturn|p2a: Tornadus|Protect\n|move|p2b: Chien-Pao|Protect|p2b: Chien-Pao\n|-singleturn|p2b: Chien-Pao|Protect\n|move|p1b: Camerupt|Ancient Power|p2b: Chien-Pao\n|-activate|p2b: Chien-Pao|move: Protect\n|move|p1a: Diancie|Diamond Storm|p2a: Tornadus|[spread] \n|-activate|p2a: Tornadus|move: Protect\n|-activate|p2b: Chien-Pao|move: Protect\n|\n|-weather|SunnyDay|[upkeep]\n|-sideend|p2: Cristaldu41|move: Tailwind\n|upkeep\n|turn|5\n|\n|t:|1699431000\n|move|p2a: Tornadus|Taunt|p1a: Diancie\n|-start|p1a: Diancie|move: Taunt\n|move|p2b: Chien-Pao|Sucker Punch|p1b: Camerupt\n|-damage|p1b: Camerupt|34\/100\n|move|p1b: Camerupt|Ancient Power|p2b: Chien-Pao\n|-supereffective|p2b: Chien-Pao\n|-damage|p2b: Chien-Pao|20\/100\n|move|p1a: Diancie|Diamond Storm|p2a: Tornadus|[spread] p2b\n|-miss|p1a: Diancie|p2a: Tornadus\n|-supereffective|p2b: Chien-Pao\n|-damage|p2b: Chien-Pao|0 fnt\n|faint|p2b: Chien-Pao\n|\n|-weather|none\n|-fieldend|move: Trick Room\n|upkeep\n|\n|t:|1699431012\n|switch|p2b: Flutter Mane|Flutter Mane|100\/100\n|turn|6\n|\n|t:|1699431022\n|-terastallize|p1b: Camerupt|Poison\n|move|p2b: Flutter Mane|Shadow Ball|p1a: Diancie\n|-damage|p1a: Diancie|0 fnt\n|faint|p1a: Diancie\n|move|p2a: Tornadus|Bleakwind Storm|p1b: Camerupt|[miss]\n|-miss|p2a: Tornadus|p1b: Camerupt\n|move|p1b: Camerupt|Tera Blast|p2b: Flutter Mane|[anim] Tera Blast Poison\n|-damage|p2b: Flutter Mane|61\/100\n|\n|upkeep\n|\n|t:|1699431044\n|switch|p1a: Torkoal|Torkoal, F, shiny|42\/100\n|-weather|SunnyDay|[from] ability: Drought|[of] p1a: Torkoal\n|-activate|p2b: Flutter Mane|ability: Protosynthesis\n|-start|p2b: Flutter Mane|protosynthesisspe\n|turn|7\n|\n|t:|1699431056\n|move|p1a: Torkoal|Protect|p1a: Torkoal\n|-singleturn|p1a: Torkoal|Protect\n|move|p2b: Flutter Mane|Shadow Ball|p1a: Torkoal\n|-activate|p1a: Torkoal|move: Protect\n|move|p2a: Tornadus|Bleakwind Storm|p1a: Torkoal|[spread] p1b\n|-activate|p1a: Torkoal|move: Protect\n|-damage|p1b: Camerupt|0 fnt\n|faint|p1b: Camerupt\n|\n|-weather|SunnyDay|[upkeep]\n|upkeep\n|\n|t:|1699431059\n|switch|p1b: Heatran|Heatran, F, shiny|100\/100\n|turn|8\n|\n|t:|1699431072\n|-end|p2b: Flutter Mane|Protosynthesis|[silent]\n|switch|p2b: Dragonite|Dragonite, M|100\/100\n|move|p2a: Tornadus|Protect|p2a: Tornadus\n|-singleturn|p2a: Tornadus|Protect\n|move|p1b: Heatran|Magma Storm|p2b: Dragonite\n|-resisted|p2b: Dragonite\n|-damage|p2b: Dragonite|82\/100\n|-activate|p2b: Dragonite|move: Magma Storm|[of] p1b: Heatran\n|move|p1a: Torkoal|Lava Plume|p2a: Tornadus|[spread] p2b\n|-activate|p2a: Tornadus|move: Protect\n|-start|p1b: Heatran|ability: Flash Fire\n|-resisted|p2b: Dragonite\n|-damage|p2b: Dragonite|63\/100\n|\n|-weather|SunnyDay|[upkeep]\n|-damage|p2b: Dragonite|50\/100|[from] move: Magma Storm|[partiallytrapped]\n|upkeep\n|turn|9\n|\n|t:|1699431088\n|move|p2b: Dragonite|Stomping Tantrum|p1b: Heatran\n|-supereffective|p1b: Heatran\n|-damage|p1b: Heatran|0 fnt\n|faint|p1b: Heatran\n|move|p2a: Tornadus|Bleakwind Storm|p1a: Torkoal|[miss]\n|-miss|p2a: Tornadus|p1a: Torkoal\n|move|p1a: Torkoal|Lava Plume|p2b: Dragonite|[spread] p2a,p2b\n|-resisted|p2b: Dragonite\n|-damage|p2a: Tornadus|0 fnt\n|-damage|p2b: Dragonite|30\/100\n|faint|p2a: Tornadus\n|\n|-weather|SunnyDay|[upkeep]\n|-end|p2b: Dragonite|Magma Storm|[partiallytrapped]|[silent]\n|upkeep\n|\n|t:|1699431097\n|switch|p2a: Flutter Mane|Flutter Mane|61\/100\n|switch|p1b: Brute Bonnet|Brute Bonnet|100\/100\n|-activate|p2a: Flutter Mane|ability: Protosynthesis\n|-start|p2a: Flutter Mane|protosynthesisspe\n|-activate|p1b: Brute Bonnet|ability: Protosynthesis\n|-start|p1b: Brute Bonnet|protosynthesisatk\n|turn|10\n|\n|t:|1699431108\n|-terastallize|p2a: Flutter Mane|Fairy\n|move|p2a: Flutter Mane|Moonblast|p1b: Brute Bonnet\n|-supereffective|p1b: Brute Bonnet\n|-crit|p1b: Brute Bonnet\n|-damage|p1b: Brute Bonnet|0 fnt\n|faint|p1b: Brute Bonnet\n|-end|p1b: Brute Bonnet|Protosynthesis|[silent]\n|move|p2b: Dragonite|Stomping Tantrum|p1a: Torkoal\n|-supereffective|p1a: Torkoal\n|-crit|p1a: Torkoal\n|-damage|p1a: Torkoal|0 fnt\n|faint|p1a: Torkoal\n|\n|-weather|SunnyDay|[upkeep]\n|upkeep\n|\n|t:|1699431113\n|switch|p1b: Zapdos|Zapdos|100\/100\n|-ability|p1b: Zapdos|Pressure\n|turn|11\n|\n|t:|1699431119\n|move|p2a: Flutter Mane|Moonblast|p1b: Zapdos\n|-damage|p1b: Zapdos|0 fnt\n|faint|p1b: Zapdos\n|\n|win|Cristaldu41\n|raw|Sideswipin's rating: 1092 &rarr; <strong>1067<\/strong><br \/>(-25 for losing)\n|raw|Cristaldu41's rating: 1074 &rarr; <strong>1104<\/strong><br \/>(+30 for winning)\n|l|\u2606Sideswipin\n","uploadtime":1699431137,"views":10,"p1id":"sideswipin","p2id":"cristaldu41","formatid":"gen9doublesou","rating":1067,"private":0,"password":""}