{"id":"gen9doublesou-1999551527","p1":"bananamana453895","p2":"FrostArcanine19","format":"[Gen 9] Doubles OU","log":"|j|\u2606bananamana453895\n|j|\u2606FrostArcanine19\n|inactive|Battle timer is ON: inactive players will automatically lose when time's up.\n|t:|1701095306\n|gametype|doubles\n|player|p1|bananamana453895|2|\n|player|p2|FrostArcanine19|bellelba|\n|teamsize|p1|2\n|teamsize|p2|2\n|gen|9\n|tier|[Gen 9] Doubles OU\n|rated|Tournament battle\n|rule|Species Clause: Limit one of each Pok\u00e9mon\n|rule|OHKO Clause: OHKO moves are banned\n|rule|Evasion Moves Clause: Evasion moves are banned\n|rule|Gravity Sleep Clause: The combination of sleep-inducing moves with imperfect accuracy and Gravity or Gigantamax Orbeetle are banned\n|rule|Endless Battle Clause: Forcing endless battles is banned\n|rule|HP Percentage Mod: HP is shown in percentages\n|clearpoke\n|poke|p1|Ludicolo, F|\n|poke|p1|Tinkaton, F|\n|poke|p2|Beartic, M|\n|poke|p2|Barraskewda, F|\n|teampreview\n|j|*Lady Monita \u2746\n|c|\u2606FrostArcanine19|glhf\n|\n|t:|1701095312\n|start\n|switch|p1a: Tinkaton|Tinkaton, F|100\/100\n|switch|p1b: Ludicolo|Ludicolo, F|100\/100\n|switch|p2a: Beartic|Beartic, M, shiny|100\/100\n|switch|p2b: Barraskewda|Barraskewda, F, shiny|100\/100\n|-ability|p1a: Tinkaton|Mold Breaker\n|turn|1\n|\n|t:|1701095323\n|move|p1a: Tinkaton|Fake Out|p2a: Beartic\n|-damage|p2a: Beartic|90\/100\n|move|p2b: Barraskewda|Waterfall|p1a: Tinkaton\n|-damage|p1a: Tinkaton|54\/100\n|move|p1b: Ludicolo|Rain Dance|p1b: Ludicolo\n|-weather|RainDance\n|cant|p2a: Beartic|flinch\n|\n|-weather|RainDance|[upkeep]\n|upkeep\n|turn|2\n|\n|t:|1701095348\n|move|p1a: Tinkaton|Protect|p1a: Tinkaton\n|-singleturn|p1a: Tinkaton|Protect\n|move|p2b: Barraskewda|Close Combat|p1b: Ludicolo\n|-damage|p1b: Ludicolo|32\/100\n|-unboost|p2b: Barraskewda|def|1\n|-unboost|p2b: Barraskewda|spd|1\n|move|p1b: Ludicolo|Giga Drain|p2b: Barraskewda\n|-supereffective|p2b: Barraskewda\n|-enditem|p2b: Barraskewda|Focus Sash\n|-damage|p2b: Barraskewda|1\/100\n|-heal|p1b: Ludicolo|76\/100|[from] drain|[of] p2b: Barraskewda\n|-damage|p1b: Ludicolo|66\/100|[from] item: Life Orb\n|move|p2a: Beartic|Rock Slide|p1b: Ludicolo|[spread] \n|-activate|p1a: Tinkaton|move: Protect\n|-miss|p2a: Beartic|p1b: Ludicolo\n|\n|-weather|RainDance|[upkeep]\n|upkeep\n|turn|3\n|inactive|bananamana453895 has 120 seconds left.\n|\n|t:|1701095386\n|move|p2a: Beartic|Aqua Jet|p1b: Ludicolo\n|-resisted|p1b: Ludicolo\n|-damage|p1b: Ludicolo|57\/100\n|move|p2b: Barraskewda|Close Combat|p1b: Ludicolo\n|-damage|p1b: Ludicolo|0 fnt\n|-unboost|p2b: Barraskewda|def|1\n|-unboost|p2b: Barraskewda|spd|1\n|faint|p1b: Ludicolo\n|move|p1a: Tinkaton|Gigaton Hammer|p2b: Barraskewda\n|-resisted|p2b: Barraskewda\n|-crit|p2b: Barraskewda\n|-damage|p2b: Barraskewda|0 fnt\n|faint|p2b: Barraskewda\n|\n|-weather|RainDance|[upkeep]\n|upkeep\n|turn|4\n|\n|t:|1701095396\n|-terastallize|p2a: Beartic|Water\n|move|p1a: Tinkaton|Protect|p1a: Tinkaton\n|-singleturn|p1a: Tinkaton|Protect\n|move|p2a: Beartic|Aqua Jet|p1a: Tinkaton\n|-activate|p1a: Tinkaton|move: Protect\n|\n|-weather|RainDance|[upkeep]\n|upkeep\n|turn|5\n|\n|t:|1701095403\n|-terastallize|p1a: Tinkaton|Water\n|move|p2a: Beartic|Aqua Jet|p1a: Tinkaton\n|-resisted|p1a: Tinkaton\n|-damage|p1a: Tinkaton|34\/100\n|-enditem|p1a: Tinkaton|Sitrus Berry|[eat]\n|-heal|p1a: Tinkaton|59\/100|[from] item: Sitrus Berry\n|move|p1a: Tinkaton|Gigaton Hammer|p2a: Beartic\n|-resisted|p2a: Beartic\n|-damage|p2a: Beartic|62\/100\n|\n|-weather|none\n|upkeep\n|turn|6\n|\n|t:|1701095411\n|move|p1a: Tinkaton|Protect|p1a: Tinkaton\n|-singleturn|p1a: Tinkaton|Protect\n|move|p2a: Beartic|Rock Slide|p1a: Tinkaton\n|-activate|p1a: Tinkaton|move: Protect\n|\n|upkeep\n|turn|7\n|\n|t:|1701095414\n|move|p1a: Tinkaton|Gigaton Hammer|p2a: Beartic\n|-resisted|p2a: Beartic\n|-crit|p2a: Beartic\n|-damage|p2a: Beartic|20\/100\n|move|p2a: Beartic|Rock Slide|p1a: Tinkaton\n|-damage|p1a: Tinkaton|26\/100\n|\n|upkeep\n|turn|8\n|\n|t:|1701095429\n|move|p1a: Tinkaton|Protect|p1a: Tinkaton\n|-singleturn|p1a: Tinkaton|Protect\n|move|p2a: Beartic|Rain Dance|p2a: Beartic\n|-weather|RainDance\n|\n|-weather|RainDance|[upkeep]\n|upkeep\n|turn|9\n|c|\u2606bananamana453895|ah shit\n|\n|t:|1701095438\n|move|p2a: Beartic|Rock Slide|p1a: Tinkaton|[miss]\n|-miss|p2a: Beartic|p1a: Tinkaton\n|move|p1a: Tinkaton|Gigaton Hammer|p2a: Beartic\n|-resisted|p2a: Beartic\n|-damage|p2a: Beartic|0 fnt\n|faint|p2a: Beartic\n|\n|win|bananamana453895\n|n|\u2606bananamana453895|bananamana453895\n|n|\u2606FrostArcanine19|frostarcanine19\n|n|*Lady Monita \u2746|ladymonita\n","uploadtime":1701095440,"views":8,"p1id":"bananamana453895","p2id":"frostarcanine19","formatid":"gen9doublesou","rating":0,"private":0,"password":""}