{"id":"gen9doublesou-1971928761","p1":"Levelup_yaman","p2":"666ss","format":"[Gen 9] Doubles OU","log":"|j|\u2606Levelup_yaman\n|j|\u2606666ss\n|t:|1697793518\n|gametype|doubles\n|player|p1|Levelup_yaman|102|1122\n|player|p2|666ss|2|1209\n|teamsize|p1|6\n|teamsize|p2|6\n|gen|9\n|tier|[Gen 9] Doubles OU\n|rated|\n|rule|Species Clause: Limit one of each Pok\u00e9mon\n|rule|OHKO Clause: OHKO moves are banned\n|rule|Evasion Moves Clause: Evasion moves are banned\n|rule|Gravity Sleep Clause: The combination of sleep-inducing moves with imperfect accuracy and Gravity or Gigantamax Orbeetle are banned\n|rule|Endless Battle Clause: Forcing endless battles is banned\n|rule|HP Percentage Mod: HP is shown in percentages\n|clearpoke\n|poke|p1|Goodra-Hisui, F|\n|poke|p1|Typhlosion-Hisui, F|\n|poke|p1|Electrode-Hisui|\n|poke|p1|Braviary-Hisui, M|\n|poke|p1|Avalugg-Hisui, F|\n|poke|p1|Sneasler, F|\n|poke|p2|Armarouge, F|\n|poke|p2|Indeedee-F, F|\n|poke|p2|Pelipper, F|\n|poke|p2|Basculegion-F, F|\n|poke|p2|Baxcalibur, M|\n|poke|p2|Ninetales-Alola, F|\n|teampreview\n|inactive|Battle timer is ON: inactive players will automatically lose when time's up. (requested by Levelup_yaman)\n|inactive|666ss also wants the timer to be on.\n|\n|t:|1697793535\n|start\n|switch|p1a: Goodra|Goodra-Hisui, F|100\/100\n|switch|p1b: Sneasler|Sneasler, F|100\/100\n|switch|p2a: Armarouge|Armarouge, F|100\/100\n|switch|p2b: Indeedee|Indeedee-F, F|100\/100\n|-item|p1b: Sneasler|Air Balloon\n|-fieldstart|move: Psychic Terrain|[from] ability: Psychic Surge|[of] p2b: Indeedee\n|turn|1\n|\n|t:|1697793548\n|-terastallize|p1b: Sneasler|Dark\n|move|p2a: Armarouge|Endure|p2a: Armarouge\n|-singleturn|p2a: Armarouge|move: Endure\n|move|p1b: Sneasler|Night Slash|p2b: Indeedee\n|-supereffective|p2b: Indeedee\n|-damage|p2b: Indeedee|0 fnt\n|faint|p2b: Indeedee\n|move|p1a: Goodra|Shelter|p1a: Goodra\n|-boost|p1a: Goodra|def|2\n|\n|upkeep\n|\n|t:|1697793556\n|switch|p2b: Ninetales|Ninetales-Alola, F|100\/100\n|-weather|Snow|[from] ability: Snow Warning|[of] p2b: Ninetales\n|turn|2\n|\n|t:|1697793571\n|move|p2b: Ninetales|Encore|p1a: Goodra\n|-start|p1a: Goodra|Encore\n|move|p1b: Sneasler|Night Slash|p2a: Armarouge\n|-supereffective|p2a: Armarouge\n|-damage|p2a: Armarouge|33\/100\n|-ability|p2a: Armarouge|Weak Armor|boost\n|-unboost|p2a: Armarouge|def|1\n|-boost|p2a: Armarouge|spe|2\n|-enditem|p2a: Armarouge|Weakness Policy\n|-boost|p2a: Armarouge|atk|2|[from] item: Weakness Policy\n|-boost|p2a: Armarouge|spa|2|[from] item: Weakness Policy\n|move|p2a: Armarouge|Expanding Force|p1b: Sneasler|[spread] p1a\n|-immune|p1b: Sneasler\n|-resisted|p1a: Goodra\n|-damage|p1a: Goodra|54\/100\n|move|p1a: Goodra|Shelter|p1a: Goodra\n|-boost|p1a: Goodra|def|2\n|\n|-weather|Snow|[upkeep]\n|-heal|p1a: Goodra|60\/100|[from] item: Leftovers\n|upkeep\n|turn|3\n|inactive|666ss has 120 seconds left.\n|\n|t:|1697793603\n|switch|p1a: Avalugg|Avalugg-Hisui, F|100\/100\n|move|p2a: Armarouge|Focus Blast|p1b: Sneasler|[miss]\n|-miss|p2a: Armarouge|p1b: Sneasler\n|move|p2b: Ninetales|Moonblast|p1b: Sneasler\n|-supereffective|p1b: Sneasler\n|-damage|p1b: Sneasler|7\/100\n|-enditem|p1b: Sneasler|Air Balloon\n|move|p1b: Sneasler|Night Slash|p2a: Armarouge\n|-supereffective|p2a: Armarouge\n|-damage|p2a: Armarouge|0 fnt\n|faint|p2a: Armarouge\n|\n|-weather|Snow|[upkeep]\n|upkeep\n|inactive|666ss has 120 seconds left.\n|\n|t:|1697793618\n|switch|p2a: Baxcalibur|Baxcalibur, M|100\/100\n|turn|4\n|inactive|666ss has 120 seconds left.\n|\n|t:|1697793640\n|move|p1b: Sneasler|Dire Claw|p2b: Ninetales\n|-supereffective|p2b: Ninetales\n|-crit|p2b: Ninetales\n|-damage|p2b: Ninetales|0 fnt\n|faint|p2b: Ninetales\n|move|p2a: Baxcalibur|Earthquake|p1a: Avalugg|[spread] p1a,p1b\n|-supereffective|p1a: Avalugg\n|-damage|p1a: Avalugg|82\/100\n|-damage|p1b: Sneasler|0 fnt\n|-enditem|p1a: Avalugg|Weakness Policy\n|-boost|p1a: Avalugg|atk|2|[from] item: Weakness Policy\n|-boost|p1a: Avalugg|spa|2|[from] item: Weakness Policy\n|faint|p1b: Sneasler\n|move|p1a: Avalugg|High Horsepower|p2a: Baxcalibur\n|-damage|p2a: Baxcalibur|53\/100\n|\n|-weather|Snow|[upkeep]\n|upkeep\n|\n|t:|1697793653\n|switch|p2b: Pelipper|Pelipper, F|100\/100\n|switch|p1b: Electrode|Electrode-Hisui|100\/100\n|-weather|RainDance|[from] ability: Drizzle|[of] p2b: Pelipper\n|turn|5\n|\n|t:|1697793672\n|move|p1b: Electrode|Thunderbolt|p2b: Pelipper\n|-supereffective|p2b: Pelipper\n|-damage|p2b: Pelipper|0 fnt\n|faint|p2b: Pelipper\n|move|p2a: Baxcalibur|Icicle Spear|p1b: Electrode\n|-supereffective|p1b: Electrode\n|-damage|p1b: Electrode|51\/100\n|-supereffective|p1b: Electrode\n|-damage|p1b: Electrode|0 fnt\n|faint|p1b: Electrode\n|-hitcount|p1: Electrode|2\n|move|p1a: Avalugg|High Horsepower|p2a: Baxcalibur\n|-damage|p2a: Baxcalibur|0 fnt\n|faint|p2a: Baxcalibur\n|\n|-weather|RainDance|[upkeep]\n|-fieldend|move: Psychic Terrain\n|upkeep\n|\n|t:|1697793681\n|switch|p1b: Braviary|Braviary-Hisui, M|100\/100\n|switch|p2b: Basculegion|Basculegion-F, F|100\/100\n|turn|6\n|\n|t:|1697793696\n|-terastallize|p2b: Basculegion|Ghost\n|move|p2b: Basculegion|Last Respects|p1a: Avalugg\n|-damage|p1a: Avalugg|0 fnt\n|faint|p1a: Avalugg\n|move|p1b: Braviary|Esper Wing|p2b: Basculegion\n|-damage|p2b: Basculegion|58\/100\n|-boost|p1b: Braviary|spe|1\n|\n|-weather|RainDance|[upkeep]\n|upkeep\n|\n|t:|1697793703\n|switch|p1a: Goodra|Goodra-Hisui, F|60\/100\n|turn|7\n|\n|t:|1697793711\n|move|p2b: Basculegion|Last Respects|p1b: Braviary\n|-supereffective|p1b: Braviary\n|-damage|p1b: Braviary|0 fnt\n|faint|p1b: Braviary\n|move|p1a: Goodra|Hydro Pump|p2b: Basculegion|[miss]\n|-miss|p1a: Goodra|p2b: Basculegion\n|\n|-weather|RainDance|[upkeep]\n|-heal|p1a: Goodra|66\/100|[from] item: Leftovers\n|upkeep\n|\n|t:|1697793718\n|switch|p1b: Typhlosion|Typhlosion-Hisui, F|100\/100\n|turn|8\n|\n|t:|1697793722\n|move|p2b: Basculegion|Last Respects|p2: Baxcalibur|[notarget]\n|-fail|p2b: Basculegion\n|move|p1b: Typhlosion|Infernal Parade|p2b: Basculegion\n|-supereffective|p2b: Basculegion\n|-damage|p2b: Basculegion|0 fnt\n|faint|p2b: Basculegion\n|-damage|p1b: Typhlosion|91\/100|[from] item: Life Orb\n|\n|win|Levelup_yaman\n|raw|Levelup_yaman's rating: 1122 &rarr; <strong>1153<\/strong><br \/>(+31 for winning)\n|raw|666ss's rating: 1209 &rarr; <strong>1178<\/strong><br \/>(-31 for losing)\n","uploadtime":1697793734,"views":21,"p1id":"levelupyaman","p2id":"666ss","formatid":"gen9doublesou","rating":1153,"private":0,"password":""}