{"id":"gen9doublesou-1972702781","p1":"Lapis.GO","p2":"slimeree","format":"[Gen 9] Doubles OU","log":"|j|\u2606Lapis.GO\n|j|\u2606slimeree\n|t:|1697880915\n|gametype|doubles\n|player|p1|Lapis.GO|169|1351\n|player|p2|slimeree|dawn|1450\n|teamsize|p1|6\n|teamsize|p2|6\n|gen|9\n|tier|[Gen 9] Doubles OU\n|rated|\n|rule|Species Clause: Limit one of each Pok\u00e9mon\n|rule|OHKO Clause: OHKO moves are banned\n|rule|Evasion Moves Clause: Evasion moves are banned\n|rule|Gravity Sleep Clause: The combination of sleep-inducing moves with imperfect accuracy and Gravity or Gigantamax Orbeetle are banned\n|rule|Endless Battle Clause: Forcing endless battles is banned\n|rule|HP Percentage Mod: HP is shown in percentages\n|clearpoke\n|poke|p1|Talonflame, M|\n|poke|p1|Garchomp, F|\n|poke|p1|Maushold-Four|\n|poke|p1|Regieleki|\n|poke|p1|Grimmsnarl, M|\n|poke|p1|Cresselia, F|\n|poke|p2|Ninetales-Alola, F|\n|poke|p2|Arcanine-Hisui, M|\n|poke|p2|Sinistcha-Masterpiece|\n|poke|p2|Iron Hands|\n|poke|p2|Flutter Mane|\n|poke|p2|Landorus, M|\n|teampreview\n|\n|t:|1697880957\n|start\n|switch|p1a: Regieleki|Regieleki|100\/100\n|switch|p1b: Garchomp|Garchomp, F|100\/100\n|switch|p2a: Iron Hands|Iron Hands|100\/100\n|switch|p2b: Flutter Mane|Flutter Mane|100\/100\n|-item|p1a: Regieleki|Air Balloon\n|-enditem|p2b: Flutter Mane|Booster Energy\n|-activate|p2b: Flutter Mane|ability: Protosynthesis|[fromitem]\n|-start|p2b: Flutter Mane|protosynthesisspa\n|turn|1\n|\n|t:|1697880987\n|move|p2b: Flutter Mane|Protect|p2b: Flutter Mane\n|-singleturn|p2b: Flutter Mane|Protect\n|move|p2a: Iron Hands|Fake Out|p1a: Regieleki\n|-damage|p1a: Regieleki|68\/100\n|-enditem|p1a: Regieleki|Air Balloon\n|cant|p1a: Regieleki|flinch\n|move|p1b: Garchomp|Earthquake|p2b: Flutter Mane|[spread] p1a,p2a\n|-activate|p2b: Flutter Mane|move: Protect\n|-supereffective|p1a: Regieleki\n|-supereffective|p2a: Iron Hands\n|-damage|p1a: Regieleki|0 fnt\n|-damage|p2a: Iron Hands|28\/100\n|faint|p1a: Regieleki\n|\n|upkeep\n|\n|t:|1697880994\n|switch|p1a: Talonflame|Talonflame, M|100\/100\n|turn|2\n|inactive|Battle timer is ON: inactive players will automatically lose when time's up. (requested by Lapis.GO)\n|\n|t:|1697881018\n|-end|p2b: Flutter Mane|Protosynthesis|[silent]\n|switch|p2b: Sinistcha|Sinistcha-Masterpiece, shiny|100\/100\n|-heal|p2a: Iron Hands|53\/100|[from] ability: Hospitality|[of] p2b: Sinistcha\n|-end|p2a: Iron Hands|Quark Drive|[silent]\n|switch|p2a: Landorus|Landorus, M|100\/100\n|move|p1a: Talonflame|Tailwind|p1a: Talonflame\n|-sidestart|p1: Lapis.GO|move: Tailwind\n|move|p1b: Garchomp|Earthquake|p2a: Landorus|[spread] p2b\n|-immune|p1a: Talonflame\n|-immune|p2a: Landorus\n|-resisted|p2b: Sinistcha\n|-damage|p2b: Sinistcha|75\/100\n|\n|upkeep\n|turn|3\n|inactive|Lapis.GO has 120 seconds left.\n|\n|t:|1697881055\n|switch|p1b: Maushold|Maushold-Four|100\/100\n|-terastallize|p2b: Sinistcha|Water\n|move|p1a: Talonflame|Brave Bird|p2b: Sinistcha\n|-damage|p2b: Sinistcha|33\/100\n|-damage|p1a: Talonflame|84\/100|[from] item: Rocky Helmet|[of] p2b: Sinistcha\n|-damage|p1a: Talonflame|68\/100|[from] Recoil\n|move|p2a: Landorus|Nasty Plot|p2a: Landorus\n|-boost|p2a: Landorus|spa|2\n|move|p2b: Sinistcha|Trick Room|p2b: Sinistcha\n|-fieldstart|move: Trick Room|[of] p2b: Sinistcha\n|\n|upkeep\n|turn|4\n|\n|t:|1697881082\n|switch|p1a: Cresselia|Cresselia, F|100\/100\n|move|p2b: Sinistcha|Strength Sap|p1a: Cresselia\n|-unboost|p1a: Cresselia|atk|1\n|-heal|p2b: Sinistcha|71\/100\n|move|p2a: Landorus|Sandsear Storm|p1b: Maushold|[spread] p1b\n|-immune|p1a: Cresselia|[from] ability: Levitate\n|-damage|p1b: Maushold|0 fnt\n|faint|p1b: Maushold\n|\n|upkeep\n|\n|t:|1697881095\n|switch|p1b: Grimmsnarl|Grimmsnarl, M|100\/100\n|turn|5\n|\n|t:|1697881116\n|switch|p2b: Flutter Mane|Flutter Mane|100\/100\n|move|p1b: Grimmsnarl|Light Screen|p1b: Grimmsnarl\n|-sidestart|p1: Lapis.GO|move: Light Screen\n|move|p2a: Landorus|Sandsear Storm|p1b: Grimmsnarl|[spread] p1b\n|-immune|p1a: Cresselia|[from] ability: Levitate\n|-damage|p1b: Grimmsnarl|15\/100\n|move|p1a: Cresselia|Trick Room|p1a: Cresselia\n|-fieldend|move: Trick Room\n|\n|-sideend|p1: Lapis.GO|move: Tailwind\n|upkeep\n|turn|6\n|inactive|Lapis.GO has 120 seconds left.\n|\n|t:|1697881148\n|move|p1b: Grimmsnarl|Reflect|p1b: Grimmsnarl\n|-sidestart|p1: Lapis.GO|Reflect\n|move|p2b: Flutter Mane|Shadow Ball|p1a: Cresselia\n|-supereffective|p1a: Cresselia\n|-damage|p1a: Cresselia|62\/100\n|move|p2a: Landorus|Sludge Bomb|p1b: Grimmsnarl\n|-supereffective|p1b: Grimmsnarl\n|-damage|p1b: Grimmsnarl|0 fnt\n|faint|p1b: Grimmsnarl\n|move|p1a: Cresselia|Dazzling Gleam|p2a: Landorus|[spread] p2a,p2b\n|-damage|p2a: Landorus|84\/100\n|-damage|p2b: Flutter Mane|85\/100\n|\n|-heal|p1a: Cresselia|68\/100|[from] item: Leftovers\n|upkeep\n|inactive|Lapis.GO has 120 seconds left.\n|\n|t:|1697881168\n|switch|p1b: Garchomp|Garchomp, F|100\/100\n|turn|7\n|\n|t:|1697881178\n|-terastallize|p1b: Garchomp|Rock\n|move|p2b: Flutter Mane|Moonblast|p1b: Garchomp\n|-damage|p1b: Garchomp|56\/100\n|-unboost|p1b: Garchomp|spa|1\n|move|p1b: Garchomp|Rock Slide|p2a: Landorus|[spread] p2a,p2b\n|-damage|p2a: Landorus|41\/100\n|-damage|p2b: Flutter Mane|0 fnt\n|faint|p2b: Flutter Mane\n|-end|p2b: Flutter Mane|Protosynthesis|[silent]\n|cant|p2a: Landorus|flinch\n|move|p1a: Cresselia|Psychic|p2a: Landorus\n|-damage|p2a: Landorus|1\/100\n|\n|-heal|p1a: Cresselia|74\/100|[from] item: Leftovers\n|upkeep\n|\n|t:|1697881200\n|switch|p2b: Iron Hands|Iron Hands|53\/100\n|turn|8\n|\n|t:|1697881211\n|switch|p1b: Talonflame|Talonflame, M|68\/100\n|move|p2b: Iron Hands|Fake Out|p1b: Talonflame\n|-damage|p1b: Talonflame|51\/100\n|move|p2a: Landorus|Sandsear Storm|p1b: Talonflame|[spread] \n|-immune|p1a: Cresselia|[from] ability: Levitate\n|-immune|p1b: Talonflame\n|move|p1a: Cresselia|Dazzling Gleam|p2b: Iron Hands|[spread] p2a,p2b\n|-supereffective|p2b: Iron Hands\n|-damage|p2a: Landorus|0 fnt\n|-damage|p2b: Iron Hands|33\/100\n|faint|p2a: Landorus\n|\n|-heal|p1a: Cresselia|80\/100|[from] item: Leftovers\n|upkeep\n|\n|t:|1697881234\n|switch|p2a: Sinistcha|Sinistcha-Masterpiece, shiny, tera:Water|71\/100\n|-heal|p2b: Iron Hands|58\/100|[from] ability: Hospitality|[of] p2a: Sinistcha\n|turn|9\n|\n|t:|1697881256\n|move|p1b: Talonflame|Tailwind|p1b: Talonflame\n|-sidestart|p1: Lapis.GO|move: Tailwind\n|move|p1a: Cresselia|Psychic|p2b: Iron Hands\n|-supereffective|p2b: Iron Hands\n|-damage|p2b: Iron Hands|12\/100\n|move|p2a: Sinistcha|Strength Sap|p1b: Talonflame\n|-unboost|p1b: Talonflame|atk|1\n|-heal|p2a: Sinistcha|100\/100\n|move|p2b: Iron Hands|Wild Charge|p1a: Cresselia\n|-damage|p1a: Cresselia|52\/100\n|-damage|p2b: Iron Hands|6\/100|[from] Recoil\n|\n|-heal|p1a: Cresselia|58\/100|[from] item: Leftovers\n|upkeep\n|turn|10\n|\n|t:|1697881278\n|move|p1b: Talonflame|Brave Bird|p2a: Sinistcha\n|-damage|p2a: Sinistcha|71\/100\n|-damage|p1b: Talonflame|34\/100|[from] item: Rocky Helmet|[of] p2a: Sinistcha\n|-damage|p1b: Talonflame|23\/100|[from] Recoil\n|move|p1a: Cresselia|Dazzling Gleam|p2b: Iron Hands|[spread] p2a,p2b\n|-supereffective|p2b: Iron Hands\n|-damage|p2a: Sinistcha|55\/100\n|-damage|p2b: Iron Hands|0 fnt\n|faint|p2b: Iron Hands\n|-end|p2b: Iron Hands|Quark Drive|[silent]\n|move|p2a: Sinistcha|Trick Room|p2a: Sinistcha\n|-fieldstart|move: Trick Room|[of] p2a: Sinistcha\n|\n|-heal|p1a: Cresselia|64\/100|[from] item: Leftovers\n|upkeep\n|\n|t:|1697881292\n|switch|p2b: Ninetales|Ninetales-Alola, F|100\/100\n|-weather|Snow|[from] ability: Snow Warning|[of] p2b: Ninetales\n|turn|11\n|\n|t:|1697881301\n|move|p2a: Sinistcha|Strength Sap|p1b: Talonflame\n|-unboost|p1b: Talonflame|atk|1\n|-heal|p2a: Sinistcha|100\/100\n|move|p2b: Ninetales|Blizzard|p1a: Cresselia|[spread] p1a,p1b\n|-damage|p1a: Cresselia|50\/100\n|-damage|p1b: Talonflame|0 fnt\n|faint|p1b: Talonflame\n|move|p1a: Cresselia|Trick Room|p1a: Cresselia\n|-fieldend|move: Trick Room\n|\n|-weather|Snow|[upkeep]\n|-heal|p1a: Cresselia|56\/100|[from] item: Leftovers\n|upkeep\n|\n|t:|1697881305\n|switch|p1b: Garchomp|Garchomp, F, tera:Rock|56\/100\n|turn|12\n|\n|t:|1697881325\n|move|p2b: Ninetales|Protect|p2b: Ninetales\n|-singleturn|p2b: Ninetales|Protect\n|move|p1b: Garchomp|Earthquake|p2b: Ninetales|[spread] p2a\n|-activate|p2b: Ninetales|move: Protect\n|-immune|p1a: Cresselia|[from] ability: Levitate\n|-damage|p2a: Sinistcha|50\/100\n|move|p1a: Cresselia|Psychic|p2a: Sinistcha\n|-crit|p2a: Sinistcha\n|-damage|p2a: Sinistcha|0 fnt\n|faint|p2a: Sinistcha\n|\n|-weather|Snow|[upkeep]\n|-heal|p1a: Cresselia|62\/100|[from] item: Leftovers\n|-sideend|p1: Lapis.GO|move: Light Screen\n|-sideend|p1: Lapis.GO|move: Tailwind\n|upkeep\n|\n|t:|1697881341\n|switch|p2a: Arcanine|Arcanine-Hisui, M, shiny|100\/100\n|-ability|p2a: Arcanine|Intimidate|boost\n|-unboost|p1a: Cresselia|atk|1\n|-unboost|p1b: Garchomp|atk|1\n|turn|13\n|\n|t:|1697881352\n|move|p2b: Ninetales|Blizzard|p1b: Garchomp|[spread] p1a,p1b\n|-crit|p1a: Cresselia\n|-damage|p1a: Cresselia|33\/100\n|-damage|p1b: Garchomp|23\/100\n|move|p1b: Garchomp|Earthquake|p2a: Arcanine|[spread] p2a,p2b\n|-immune|p1a: Cresselia|[from] ability: Levitate\n|-supereffective|p2a: Arcanine\n|-damage|p2a: Arcanine|0 fnt\n|-damage|p2b: Ninetales|62\/100\n|faint|p2a: Arcanine\n|move|p1a: Cresselia|Psychic|p2b: Ninetales\n|-damage|p2b: Ninetales|22\/100\n|\n|-weather|Snow|[upkeep]\n|-heal|p1a: Cresselia|39\/100|[from] item: Leftovers\n|-sideend|p1: Lapis.GO|Reflect\n|upkeep\n|turn|14\n|\n|t:|1697881364\n|move|p2b: Ninetales|Blizzard|p1b: Garchomp|[spread] p1a,p1b\n|-damage|p1a: Cresselia|19\/100\n|-damage|p1b: Garchomp|0 fnt\n|faint|p1b: Garchomp\n|move|p1a: Cresselia|Lunar Blessing|p1a: Cresselia\n|-heal|p1a: Cresselia|44\/100\n|\n|-weather|Snow|[upkeep]\n|-heal|p1a: Cresselia|50\/100|[from] item: Leftovers\n|upkeep\n|turn|15\n|\n|t:|1697881379\n|move|p2b: Ninetales|Blizzard|p1a: Cresselia\n|-damage|p1a: Cresselia|23\/100\n|move|p1a: Cresselia|Psychic|p2b: Ninetales\n|-damage|p2b: Ninetales|0 fnt\n|faint|p2b: Ninetales\n|\n|win|Lapis.GO\n|raw|Lapis.GO's rating: 1351 &rarr; <strong>1377<\/strong><br \/>(+26 for winning)\n|raw|slimeree's rating: 1450 &rarr; <strong>1424<\/strong><br \/>(-26 for losing)\n|l|\u2606Lapis.GO\n|c|\u2606slimeree|The critical hit\n","uploadtime":1697881397,"views":9,"p1id":"lapisgo","p2id":"slimeree","formatid":"gen9doublesou","rating":1377,"private":0,"password":""}