{"id":"gen9doublesou-1990152169","p1":"RuffRat","p2":"EndlessEra","format":"[Gen 9] Doubles OU","log":"|j|\u2606RuffRat\n|j|\u2606EndlessEra\n|t:|1699930289\n|gametype|doubles\n|player|p1|RuffRat|benga|1172\n|player|p2|EndlessEra|maid|1104\n|teamsize|p1|6\n|teamsize|p2|6\n|gen|9\n|tier|[Gen 9] Doubles OU\n|rated|\n|rule|Species Clause: Limit one of each Pok\u00e9mon\n|rule|OHKO Clause: OHKO moves are banned\n|rule|Evasion Moves Clause: Evasion moves are banned\n|rule|Gravity Sleep Clause: The combination of sleep-inducing moves with imperfect accuracy and Gravity or Gigantamax Orbeetle are banned\n|rule|Endless Battle Clause: Forcing endless battles is banned\n|rule|HP Percentage Mod: HP is shown in percentages\n|clearpoke\n|poke|p1|Ribombee, M|\n|poke|p1|Spidops, M|\n|poke|p1|Forretress, F|\n|poke|p1|Rabsca, M|\n|poke|p1|Heracross, M|\n|poke|p1|Ariados, M|\n|poke|p2|Farigiraf, M|\n|poke|p2|Chesnaught, M|\n|poke|p2|Rillaboom, M|\n|poke|p2|Sneasler, F|\n|poke|p2|Arboliva, F|\n|poke|p2|Gogoat, F|\n|teampreview\n|inactive|Battle timer is ON: inactive players will automatically lose when time's up. (requested by RuffRat)\n|c|\u2606RuffRat|Hej\n|\n|t:|1699930307\n|start\n|switch|p1a: Ball O Shit|Forretress, F, shiny|100\/100\n|switch|p1b: Shit Worshipper|Rabsca, M, shiny|100\/100\n|switch|p2a: Rillaboom|Rillaboom, M|100\/100\n|switch|p2b: beedril|Sneasler, F, shiny|100\/100\n|-fieldstart|move: Grassy Terrain|[from] ability: Grassy Surge|[of] p2a: Rillaboom\n|-enditem|p2b: beedril|Grassy Seed\n|-boost|p2b: beedril|def|1|[from] item: Grassy Seed\n|turn|1\n|c|\u2606RuffRat|Heh\n|c|\u2606RuffRat|Grass\n|c|\u2606RuffRat|Bugs eat grass motherfucker\n|c|\u2606RuffRat|GL\n|j| iamnewmetalol\n|inactive|RuffRat has 120 seconds left.\n|c|\u2606EndlessEra|good luck!\n|\n|t:|1699930349\n|move|p2a: Rillaboom|Fake Out|p1a: Ball O Shit\n|-resisted|p1a: Ball O Shit\n|-damage|p1a: Ball O Shit|95\/100\n|move|p2b: beedril|Acrobatics|p1b: Shit Worshipper\n|-supereffective|p1b: Shit Worshipper\n|-damage|p1b: Shit Worshipper|16\/100\n|cant|p1a: Ball O Shit|flinch\n|move|p1b: Shit Worshipper|Trick Room|p1b: Shit Worshipper\n|-fieldstart|move: Trick Room|[of] p1b: Shit Worshipper\n|\n|-heal|p1b: Shit Worshipper|23\/100|[from] Grassy Terrain\n|-heal|p1a: Ball O Shit|100\/100|[from] Grassy Terrain\n|upkeep\n|turn|2\n|inactive|RuffRat has 120 seconds left.\n|\n|t:|1699930369\n|move|p1b: Shit Worshipper|Protect|p1b: Shit Worshipper\n|-singleturn|p1b: Shit Worshipper|Protect\n|move|p1a: Ball O Shit|Toxic Spikes|p2a: Rillaboom\n|-sidestart|p2: EndlessEra|move: Toxic Spikes\n|move|p2a: Rillaboom|Drain Punch|p1a: Ball O Shit\n|-damage|p1a: Ball O Shit|83\/100\n|move|p2b: beedril|Fire Punch|p1b: Shit Worshipper\n|-activate|p1b: Shit Worshipper|move: Protect\n|\n|-heal|p1b: Shit Worshipper|29\/100|[from] Grassy Terrain\n|-heal|p1a: Ball O Shit|89\/100|[from] Grassy Terrain\n|-heal|p1a: Ball O Shit|95\/100|[from] item: Leftovers\n|upkeep\n|turn|3\n|inactive|RuffRat has 120 seconds left.\n|\n|t:|1699930401\n|switch|p1b: Shinobi|Spidops, M, shiny|100\/100\n|move|p1a: Ball O Shit|Toxic Spikes|p2a: Rillaboom\n|-sidestart|p2: EndlessEra|move: Toxic Spikes\n|move|p2a: Rillaboom|Drain Punch|p1a: Ball O Shit\n|-damage|p1a: Ball O Shit|76\/100\n|move|p2b: beedril|Fire Punch|p1a: Ball O Shit\n|-supereffective|p1a: Ball O Shit\n|-crit|p1a: Ball O Shit\n|-damage|p1a: Ball O Shit|0 fnt\n|faint|p1a: Ball O Shit\n|\n|upkeep\n|\n|t:|1699930414\n|switch|p1a: Shit Worshipper|Rabsca, M, shiny|29\/100\n|turn|4\n|-activate|p1a: Shit Worshipper|item: Quick Claw\n|\n|t:|1699930428\n|move|p1a: Shit Worshipper|Protect|p1a: Shit Worshipper\n|-singleturn|p1a: Shit Worshipper|Protect\n|move|p1b: Shinobi|First Impression|p2a: Rillaboom\n|-supereffective|p2a: Rillaboom\n|-damage|p2a: Rillaboom|9\/100\n|-enditem|p2a: Rillaboom|Iapapa Berry|[eat]\n|-heal|p2a: Rillaboom|42\/100|[from] item: Iapapa Berry\n|-damage|p1b: Shinobi|91\/100|[from] item: Life Orb\n|move|p2a: Rillaboom|Drain Punch|p1a: Shit Worshipper\n|-activate|p1a: Shit Worshipper|move: Protect\n|move|p2b: beedril|Fire Punch|p1b: Shinobi\n|-supereffective|p1b: Shinobi\n|-damage|p1b: Shinobi|34\/100\n|\n|-heal|p1b: Shinobi|40\/100|[from] Grassy Terrain\n|-heal|p1a: Shit Worshipper|35\/100|[from] Grassy Terrain\n|-heal|p2a: Rillaboom|49\/100|[from] Grassy Terrain\n|upkeep\n|turn|5\n|inactive|RuffRat has 120 seconds left.\n|inactive|EndlessEra has 120 seconds left.\n|\n|t:|1699930460\n|move|p1b: Shinobi|Sticky Web|p2b: beedril\n|-sidestart|p2: EndlessEra|move: Sticky Web\n|move|p1a: Shit Worshipper|Revival Blessing|p1a: Shit Worshipper\n|\n|t:|1699930465\n|-heal|p1: Ball O Shit|50\/100|[from] move: Revival Blessing\n|move|p2a: Rillaboom|Drain Punch|p1a: Shit Worshipper\n|-resisted|p1a: Shit Worshipper\n|-damage|p1a: Shit Worshipper|28\/100\n|-heal|p2a: Rillaboom|52\/100|[from] drain|[of] p1a: Shit Worshipper\n|move|p2b: beedril|Acrobatics|p1b: Shinobi\n|-supereffective|p1b: Shinobi\n|-damage|p1b: Shinobi|0 fnt\n|faint|p1b: Shinobi\n|\n|-heal|p1a: Shit Worshipper|34\/100|[from] Grassy Terrain\n|-heal|p2a: Rillaboom|58\/100|[from] Grassy Terrain\n|-fieldend|move: Trick Room\n|-fieldend|move: Grassy Terrain\n|upkeep\n|inactive|RuffRat has 120 seconds left.\n|\n|t:|1699930482\n|switch|p1b: Ball O Shit|Forretress, F, shiny|50\/100\n|turn|6\n|-activate|p1a: Shit Worshipper|item: Quick Claw\n|\n|t:|1699930496\n|move|p1a: Shit Worshipper|Protect|p1a: Shit Worshipper\n|-singleturn|p1a: Shit Worshipper|Protect\n|move|p2b: beedril|Fire Punch|p1a: Shit Worshipper\n|-activate|p1a: Shit Worshipper|move: Protect\n|move|p2a: Rillaboom|Drum Beating|p1b: Ball O Shit\n|-resisted|p1b: Ball O Shit\n|-damage|p1b: Ball O Shit|43\/100\n|-unboost|p1b: Ball O Shit|spe|1\n|move|p1b: Ball O Shit|Stealth Rock|p2a: Rillaboom\n|-sidestart|p2: EndlessEra|move: Stealth Rock\n|\n|-heal|p1b: Ball O Shit|49\/100|[from] item: Leftovers\n|upkeep\n|turn|7\n|\n|t:|1699930516\n|move|p2b: beedril|Acrobatics|p1a: Shit Worshipper\n|-supereffective|p1a: Shit Worshipper\n|-damage|p1a: Shit Worshipper|0 fnt\n|faint|p1a: Shit Worshipper\n|move|p2a: Rillaboom|Drain Punch|p1b: Ball O Shit\n|-damage|p1b: Ball O Shit|29\/100\n|-heal|p2a: Rillaboom|67\/100|[from] drain|[of] p1b: Ball O Shit\n|move|p1b: Ball O Shit|Iron Defense|p1b: Ball O Shit\n|-boost|p1b: Ball O Shit|def|2\n|\n|-heal|p1b: Ball O Shit|35\/100|[from] item: Leftovers\n|upkeep\n|\n|t:|1699930532\n|switch|p1a: Pinky|Ribombee, M, shiny|100\/100\n|turn|8\n|\n|t:|1699930550\n|move|p2b: beedril|Dire Claw|p1a: Pinky\n|-supereffective|p1a: Pinky\n|-enditem|p1a: Pinky|Focus Sash\n|-damage|p1a: Pinky|1\/100\n|move|p1a: Pinky|Quiver Dance|p1a: Pinky\n|-boost|p1a: Pinky|spa|1\n|-boost|p1a: Pinky|spd|1\n|-boost|p1a: Pinky|spe|1\n|move|p2a: Rillaboom|Drain Punch|p1b: Ball O Shit\n|-damage|p1b: Ball O Shit|25\/100\n|-heal|p2a: Rillaboom|71\/100|[from] drain|[of] p1b: Ball O Shit\n|move|p1b: Ball O Shit|Body Press|p2a: Rillaboom\n|-damage|p2a: Rillaboom|24\/100\n|\n|-heal|p1b: Ball O Shit|31\/100|[from] item: Leftovers\n|upkeep\n|turn|9\n|\n|t:|1699930573\n|move|p2b: beedril|Acrobatics|p1b: Ball O Shit\n|-damage|p1b: Ball O Shit|16\/100\n|move|p1a: Pinky|Dazzling Gleam|p2a: Rillaboom|[spread] p2a,p2b\n|-crit|p2a: Rillaboom\n|-damage|p2a: Rillaboom|0 fnt\n|-damage|p2b: beedril|48\/100\n|faint|p2a: Rillaboom\n|move|p1b: Ball O Shit|Iron Defense|p1b: Ball O Shit\n|-boost|p1b: Ball O Shit|def|2\n|\n|-heal|p1b: Ball O Shit|22\/100|[from] item: Leftovers\n|upkeep\n|\n|t:|1699930586\n|switch|p2a: Arboliva|Arboliva, F|100\/100\n|-status|p2a: Arboliva|tox\n|-activate|p2a: Arboliva|move: Sticky Web\n|-unboost|p2a: Arboliva|spe|1\n|-damage|p2a: Arboliva|88\/100 tox|[from] Stealth Rock\n|turn|10\n|\n|t:|1699930601\n|move|p2b: beedril|Fire Punch|p1a: Pinky\n|-supereffective|p1a: Pinky\n|-damage|p1a: Pinky|0 fnt\n|faint|p1a: Pinky\n|move|p1b: Ball O Shit|Body Press|p2b: beedril\n|-resisted|p2b: beedril\n|-damage|p2b: beedril|4\/100\n|move|p2a: Arboliva|Strength Sap|p1b: Ball O Shit\n|-unboost|p1b: Ball O Shit|atk|1\n|-heal|p2a: Arboliva|100\/100 tox\n|\n|-heal|p1b: Ball O Shit|28\/100|[from] item: Leftovers\n|-damage|p2a: Arboliva|94\/100 tox|[from] psn\n|upkeep\n|\n|t:|1699930617\n|switch|p1a: LGTBQXYZ123ABC1098|Heracross, M, shiny|100\/100\n|turn|11\n|\n|t:|1699930637\n|-terastallize|p1a: LGTBQXYZ123ABC1098|Ground\n|move|p2b: beedril|Acrobatics|p1b: Ball O Shit\n|-crit|p1b: Ball O Shit\n|-damage|p1b: Ball O Shit|0 fnt\n|faint|p1b: Ball O Shit\n|move|p1a: LGTBQXYZ123ABC1098|Megahorn|p2a: Arboliva|[miss]\n|-miss|p1a: LGTBQXYZ123ABC1098|p2a: Arboliva\n|move|p2a: Arboliva|Strength Sap|p1a: LGTBQXYZ123ABC1098\n|-unboost|p1a: LGTBQXYZ123ABC1098|atk|1\n|-heal|p2a: Arboliva|100\/100 tox\n|\n|-damage|p2a: Arboliva|88\/100 tox|[from] psn\n|upkeep\n|\n|t:|1699930648\n|switch|p1b: Heracross's friend|Ariados, M, shiny|100\/100\n|turn|12\n|\n|t:|1699930658\n|move|p1b: Heracross's friend|Sucker Punch|p2b: beedril\n|-resisted|p2b: beedril\n|-damage|p2b: beedril|0 fnt\n|faint|p2b: beedril\n|move|p1a: LGTBQXYZ123ABC1098|Megahorn|p2a: Arboliva\n|-supereffective|p2a: Arboliva\n|-damage|p2a: Arboliva|14\/100 tox\n|-fieldstart|move: Grassy Terrain|[from] ability: Seed Sower|[of] p2a: Arboliva\n|move|p2a: Arboliva|Leech Seed|p1b: Heracross's friend\n|-start|p1b: Heracross's friend|move: Leech Seed\n|\n|-heal|p2a: Arboliva|20\/100 tox|[from] Grassy Terrain\n|-damage|p1b: Heracross's friend|88\/100|[from] Leech Seed|[of] p2a: Arboliva\n|-heal|p2a: Arboliva|32\/100 tox|[silent]\n|-damage|p2a: Arboliva|14\/100 tox|[from] psn\n|upkeep\n|\n|t:|1699930671\n|switch|p2b: Gogoat|Gogoat, F|100\/100\n|-status|p2b: Gogoat|tox\n|-activate|p2b: Gogoat|move: Sticky Web\n|-unboost|p2b: Gogoat|spe|1\n|-damage|p2b: Gogoat|88\/100 tox|[from] Stealth Rock\n|turn|13\n|\n|t:|1699930687\n|move|p1a: LGTBQXYZ123ABC1098|Megahorn|p2b: Gogoat\n|-supereffective|p2b: Gogoat\n|-damage|p2b: Gogoat|28\/100 tox\n|move|p2b: Gogoat|Zen Headbutt|p1b: Heracross's friend\n|-supereffective|p1b: Heracross's friend\n|-damage|p1b: Heracross's friend|33\/100\n|move|p1b: Heracross's friend|Focus Energy|p1b: Heracross's friend\n|-start|p1b: Heracross's friend|move: Focus Energy\n|move|p2a: Arboliva|Terrain Pulse|p1a: LGTBQXYZ123ABC1098\n|-supereffective|p1a: LGTBQXYZ123ABC1098\n|-damage|p1a: LGTBQXYZ123ABC1098|0 fnt\n|faint|p1a: LGTBQXYZ123ABC1098\n|\n|-heal|p2b: Gogoat|34\/100 tox|[from] Grassy Terrain\n|-heal|p1b: Heracross's friend|39\/100|[from] Grassy Terrain\n|-heal|p2a: Arboliva|20\/100 tox|[from] Grassy Terrain\n|-damage|p1b: Heracross's friend|27\/100|[from] Leech Seed|[of] p2a: Arboliva\n|-heal|p2a: Arboliva|32\/100 tox|[silent]\n|-damage|p2b: Gogoat|28\/100 tox|[from] psn\n|-damage|p2a: Arboliva|7\/100 tox|[from] psn\n|upkeep\n|turn|14\n|\n|t:|1699930709\n|move|p2a: Arboliva|Protect|p2a: Arboliva\n|-singleturn|p2a: Arboliva|Protect\n|move|p2b: Gogoat|Zen Headbutt|p1b: Heracross's friend\n|-supereffective|p1b: Heracross's friend\n|-damage|p1b: Heracross's friend|0 fnt\n|faint|p1b: Heracross's friend\n|\n|win|EndlessEra\n|raw|RuffRat's rating: 1172 &rarr; <strong>1142<\/strong><br \/>(-30 for losing)\n|raw|EndlessEra's rating: 1104 &rarr; <strong>1134<\/strong><br \/>(+30 for winning)\n","uploadtime":1699930317,"views":4,"p1id":"ruffrat","p2id":"endlessera","formatid":"gen9doublesou","rating":1134,"private":0,"password":""}