{"id":"gen9doublesou-1979684929","p1":"Molder","p2":"harrison4","format":"[Gen 9] Doubles OU","log":"|j|\u2606Molder\n|j|\u2606harrison4\n|t:|1698703101\n|gametype|doubles\n|player|p1|Molder|blue|\n|player|p2|harrison4|palmer|\n|teamsize|p1|6\n|teamsize|p2|6\n|gen|9\n|tier|[Gen 9] Doubles OU\n|rule|Species Clause: Limit one of each Pok\u00e9mon\n|rule|OHKO Clause: OHKO moves are banned\n|rule|Evasion Moves Clause: Evasion moves are banned\n|rule|Gravity Sleep Clause: The combination of sleep-inducing moves with imperfect accuracy and Gravity or Gigantamax Orbeetle are banned\n|rule|Endless Battle Clause: Forcing endless battles is banned\n|rule|HP Percentage Mod: HP is shown in percentages\n|clearpoke\n|poke|p1|Leafeon, M|\n|poke|p1|Dragalge, F|\n|poke|p1|Donphan, M|\n|poke|p1|Skiploom, F|\n|poke|p1|Persian-Alola, F|\n|poke|p1|Basculin-White-Striped, F|\n|poke|p2|Florges, F|\n|poke|p2|Girafarig, F|\n|poke|p2|Pawmot, F|\n|poke|p2|Mudsdale, M|\n|poke|p2|Inteleon, F|\n|poke|p2|Sliggoo-Hisui, M|\n|teampreview\n|c|\u2606Molder|hi\n|c|\u2606harrison4|hello\n|j| amissan6\n|c| amissan6|glhf boyos\n|c|\u2606Molder|i will not\n|\n|t:|1698703264\n|start\n|switch|p1a: MurderFeesh|Basculin-White-Striped, F|100\/100\n|switch|p1b: Tom|Persian-Alola, F|100\/100\n|switch|p2a: South Paw|Pawmot, F|100\/100\n|switch|p2b: Jekyll|Girafarig, F|100\/100\n|turn|1\n|l| amissan6\n|j| amissan6\n|\n|t:|1698703371\n|switch|p2a: Bojack|Mudsdale, M|100\/100\n|move|p1b: Tom|Fake Out|p2a: Bojack\n|-damage|p2a: Bojack|96\/100\n|-ability|p2a: Bojack|Stamina|boost\n|-boost|p2a: Bojack|def|1\n|move|p1a: MurderFeesh|Flip Turn|p2b: Jekyll\n|-damage|p2b: Jekyll|67\/100\n|\n|t:|1698703407\n|switch|p1a: Temtem|Skiploom, F|100\/100|[from] Flip Turn\n|move|p2b: Jekyll|Trick Room|p2b: Jekyll\n|-fieldstart|move: Trick Room|[of] p2b: Jekyll\n|\n|upkeep\n|turn|2\n|\n|t:|1698703474\n|move|p2b: Jekyll|Ally Switch|p2b: Jekyll\n|swap|p2b: Jekyll|0|[from] move: Ally Switch\n|move|p2b: Bojack|Rock Slide|p1b: Tom|[spread] p1a,p1b\n|-supereffective|p1a: Temtem\n|-damage|p1a: Temtem|70\/100\n|-damage|p1b: Tom|87\/100\n|cant|p1a: Temtem|flinch\n|move|p1b: Tom|Parting Shot|p2b: Bojack\n|-unboost|p2b: Bojack|atk|1\n|-unboost|p2b: Bojack|spa|1\n|c|\u2606Molder|cheat count\n|\n|t:|1698703514\n|switch|p1b: Chance|Leafeon, M|100\/100|[from] Parting Shot\n|\n|upkeep\n|turn|3\n|\n|t:|1698703634\n|switch|p2b: Googurt|Sliggoo-Hisui, M|100\/100\n|switch|p2a: The Fairy Type|Florges, F|100\/100\n|move|p1a: Temtem|Encore||[still]\n|-fail|p1a: Temtem\n|move|p1b: Chance|Swords Dance|p1b: Chance\n|-boost|p1b: Chance|atk|2\n|\n|upkeep\n|turn|4\n|\n|t:|1698703704\n|move|p2b: Googurt|Acid Spray|p1b: Chance\n|-supereffective|p1b: Chance\n|-damage|p1b: Chance|61\/100\n|-unboost|p1b: Chance|spd|2\n|move|p2a: The Fairy Type|Psychic|p1b: Chance\n|-damage|p1b: Chance|0 fnt\n|faint|p1b: Chance\n|move|p1a: Temtem|Sleep Powder|p2b: Googurt\n|-ability|p2b: Googurt|Sap Sipper|boost\n|-boost|p2b: Googurt|atk|1\n|\n|upkeep\n|c|\u2606Molder|hes a god\n|c|\u2606Molder|i am bad\n|\n|t:|1698703741\n|switch|p1b: BadSet#6|Donphan, M|100\/100\n|turn|5\n|c|\u2606Molder|!dt flower veil\n|raw|<ul class=\"utilichart\"><li class=\"result\"><span class=\"col namecol\"><a href=\"https:\/\/dex.pokemonshowdown.com\/abilities\/flowerveil\">Flower Veil<\/a><\/span> <span class=\"col abilitydesccol\">This side's Grass types can't have stats lowered or status inflicted by other Pokemon.<\/span> <\/li><li style=\"clear:both\"><\/li><\/ul>\n|raw|<font size=\"1\"><font color=\"#686868\">Gen:<\/font> 6&nbsp;|&ThickSpace;&#10003; Ignored by Mold Breaker<\/font>\n\n|\n|t:|1698703826\n|move|p1a: Temtem|Rage Powder|p1a: Temtem\n|-singleturn|p1a: Temtem|move: Rage Powder\n|move|p2b: Googurt|Acid Spray|p1a: Temtem\n|-supereffective|p1a: Temtem\n|-damage|p1a: Temtem|49\/100\n|-unboost|p1a: Temtem|spd|2\n|move|p2a: The Fairy Type|Giga Drain|p1a: Temtem\n|-resisted|p1a: Temtem\n|-damage|p1a: Temtem|41\/100\n|move|p1b: BadSet#6|High Horsepower|p2b: Googurt\n|-supereffective|p2b: Googurt\n|-damage|p2b: Googurt|25\/100\n|\n|-fieldend|move: Trick Room\n|upkeep\n|turn|6\n|\n|t:|1698703975\n|move|p1a: Temtem|Rage Powder|p1a: Temtem\n|-singleturn|p1a: Temtem|move: Rage Powder\n|move|p1b: BadSet#6|High Horsepower|p2a: The Fairy Type\n|-damage|p2a: The Fairy Type|61\/100\n|move|p2a: The Fairy Type|Psychic|p1a: Temtem\n|-damage|p1a: Temtem|5\/100\n|move|p2b: Googurt|Acid Spray|p1a: Temtem\n|-supereffective|p1a: Temtem\n|-damage|p1a: Temtem|0 fnt\n|faint|p1a: Temtem\n|\n|-heal|p2a: The Fairy Type|67\/100|[from] item: Leftovers\n|upkeep\n|\n|t:|1698703987\n|switch|p1a: MurderFeesh|Basculin-White-Striped, F|100\/100\n|turn|7\n|\n|t:|1698704070\n|-terastallize|p1a: MurderFeesh|Water\n|move|p1a: MurderFeesh|Wave Crash|p2a: The Fairy Type\n|-damage|p2a: The Fairy Type|0 fnt\n|faint|p2a: The Fairy Type\n|-damage|p1a: MurderFeesh|72\/100|[from] Recoil\n|move|p1b: BadSet#6|Trailblaze|p2b: Googurt\n|-ability|p2b: Googurt|Sap Sipper|boost\n|-boost|p2b: Googurt|atk|1\n|move|p2b: Googurt|Life Dew|p2b: Googurt\n|-heal|p2b: Googurt|50\/100\n|\n|upkeep\n|c|\u2606Molder|!dt sliggo-hisuian\nNo Pok\u00e9mon, item, move, ability or nature named 'sliggo-hisuian' was found. Showing the data of 'Sliggoo-Hisui' instead.\n|raw|<div class=\"message\"><ul class=\"utilichart\"><li class=\"result\"><span class=\"col numcol\">NFE<\/span> <span class=\"col iconcol\"><psicon pokemon=\"sliggoohisui\"\/><\/span> <span class=\"col pokemonnamecol\" style=\"white-space:nowrap\"><a href=\"https:\/\/dex.pokemonshowdown.com\/pokemon\/sliggoohisui\" target=\"_blank\">Sliggoo-Hisui<\/a><\/span> <span class=\"col typecol\"><img src=\"https:\/\/play.pokemonshowdown.com\/sprites\/types\/Steel.png\" alt=\"Steel\" height=\"14\" width=\"32\"><img src=\"https:\/\/play.pokemonshowdown.com\/sprites\/types\/Dragon.png\" alt=\"Dragon\" height=\"14\" width=\"32\"><\/span> <span style=\"float:left;min-height:26px\"><span class=\"col twoabilitycol\">Sap Sipper<br \/>Shell Armor<\/span><span class=\"col abilitycol\"><em>Gooey<\/em><\/span><\/span><span style=\"float:left;min-height:26px\"><span class=\"col statcol\"><em>HP<\/em><br \/>58<\/span> <span class=\"col statcol\"><em>Atk<\/em><br \/>75<\/span> <span class=\"col statcol\"><em>Def<\/em><br \/>83<\/span> <span class=\"col statcol\"><em>SpA<\/em><br \/>83<\/span> <span class=\"col statcol\"><em>SpD<\/em><br \/>113<\/span> <span class=\"col statcol\"><em>Spe<\/em><br \/>40<\/span> <span class=\"col bstcol\"><em>BST<br \/>452<\/em><\/span> <\/span><\/li><li style=\"clear:both\"><\/li><\/ul><\/div>\n|raw|<font size=\"1\"><font color=\"#686868\">Dex#:<\/font> 705&nbsp;|&ThickSpace;<font color=\"#686868\">Gen:<\/font> 8&nbsp;|&ThickSpace;<font color=\"#686868\">Height:<\/font> 0.7 m&nbsp;|&ThickSpace;<font color=\"#686868\">Weight:<\/font> 68.5 kg <em>(80 BP)<\/em>&nbsp;|&ThickSpace;<font color=\"#686868\">Dex Colour:<\/font> Purple&nbsp;|&ThickSpace;<font color=\"#686868\">Egg Group(s):<\/font> Dragon&nbsp;|&ThickSpace;<font color=\"#686868\">Pre-Evolution:<\/font> Goomy&nbsp;|&ThickSpace;<font color=\"#686868\">Evolution:<\/font> Goodra-Hisui (50)<\/font>\n\n|c|\u2606Molder|i am not very good at pokemon today\n|c|\u2606Molder|we will try again tomorrow\n|\n|t:|1698704158\n|switch|p2a: Bubble 07|Inteleon, F|100\/100\n|turn|8\n|\n|t:|1698704176\n|switch|p1a: Tom|Persian-Alola, F|87\/100\n|move|p2a: Bubble 07|Hydro Pump|p1b: BadSet#6|[miss]\n|-miss|p2a: Bubble 07|p1b: BadSet#6\n|move|p1b: BadSet#6|Trailblaze|p2a: Bubble 07\n|-supereffective|p2a: Bubble 07\n|-damage|p2a: Bubble 07|42\/100\n|-boost|p1b: BadSet#6|spe|1\n|move|p2b: Googurt|Thunderbolt|p1a: Tom\n|-damage|p1a: Tom|50\/100\n|-enditem|p1a: Tom|Sitrus Berry|[eat]\n|-heal|p1a: Tom|75\/100|[from] item: Sitrus Berry\n|\n|upkeep\n|turn|9\n|c|\u2606Molder|hah\n|c|\u2606Molder|game is ez\n|\n|t:|1698704216\n|move|p2a: Bubble 07|Protect|p2a: Bubble 07\n|-singleturn|p2a: Bubble 07|Protect\n|move|p1a: Tom|Fake Out|p2a: Bubble 07\n|-activate|p2a: Bubble 07|move: Protect\n|move|p1b: BadSet#6|Trailblaze|p2a: Bubble 07\n|-activate|p2a: Bubble 07|move: Protect\n|move|p2b: Googurt|Life Dew|p2b: Googurt|[spread] p2a,p2b\n|-heal|p2a: Bubble 07|67\/100\n|-heal|p2b: Googurt|75\/100\n|\n|upkeep\n|turn|10\n|c|\u2606Molder|game is hard\n|\n|t:|1698704265\n|move|p2a: Bubble 07|Hydro Pump|p1b: BadSet#6\n|-supereffective|p1b: BadSet#6\n|-ability|p1b: BadSet#6|Sturdy\n|-damage|p1b: BadSet#6|1\/100\n|move|p1a: Tom|Taunt|p2b: Googurt\n|-start|p2b: Googurt|move: Taunt\n|move|p1b: BadSet#6|High Horsepower|p2a: Bubble 07\n|-damage|p2a: Bubble 07|0 fnt\n|faint|p2a: Bubble 07\n|cant|p2b: Googurt|move: Taunt|Life Dew\n|\n|upkeep\n|\n|t:|1698704315\n|switch|p2a: South Paw|Pawmot, F|100\/100\n|turn|11\n|-enditem|p1b: BadSet#6|Custap Berry|[eat]\n|-activate|p1b: BadSet#6|item: Custap Berry|[consumed]\n|\n|t:|1698704351\n|move|p1b: BadSet#6|High Horsepower|p2b: Googurt\n|-supereffective|p2b: Googurt\n|-damage|p2b: Googurt|0 fnt\n|faint|p2b: Googurt\n|move|p2a: South Paw|Knock Off|p1b: BadSet#6\n|-damage|p1b: BadSet#6|0 fnt\n|faint|p1b: BadSet#6\n|move|p1a: Tom|Parting Shot|p2a: South Paw\n|-unboost|p2a: South Paw|atk|1\n|-unboost|p2a: South Paw|spa|1\n|\n|t:|1698704375\n|switch|p1a: Bob-omb|Dragalge, F|100\/100|[from] Parting Shot\n|\n|upkeep\n|\n|t:|1698704449\n|switch|p1b: Tom|Persian-Alola, F|75\/100\n|switch|p2b: Bojack|Mudsdale, M|96\/100\n|turn|12\n|\n|t:|1698704476\n|switch|p2a: Jekyll|Girafarig, F|67\/100\n|move|p1b: Tom|Fake Out|p2a: Jekyll\n|-damage|p2a: Jekyll|62\/100\n|move|p1a: Bob-omb|Draco Meteor|p2b: Bojack\n|-damage|p2b: Bojack|58\/100\n|-unboost|p1a: Bob-omb|spa|2\n|-ability|p2b: Bojack|Stamina|boost\n|-boost|p2b: Bojack|def|1\n|move|p2b: Bojack|High Horsepower|p1a: Bob-omb\n|-supereffective|p1a: Bob-omb\n|-damage|p1a: Bob-omb|8\/100\n|-enditem|p1a: Bob-omb|Wiki Berry|[eat]\n|-heal|p1a: Bob-omb|41\/100|[from] item: Wiki Berry\n|\n|upkeep\n|turn|13\n|c|\u2606Molder|oh ma gawd\n|c|\u2606Molder|hes so bulk\n|\n|t:|1698704517\n|move|p1b: Tom|Taunt|p2a: Jekyll\n|-start|p2a: Jekyll|move: Taunt\n|move|p2a: Jekyll|Beat Up|p2b: Bojack\n|-damage|p2b: Bojack|57\/100\n|-ability|p2b: Bojack|Stamina|boost\n|-boost|p2b: Bojack|def|1\n|-damage|p2b: Bojack|55\/100\n|-ability|p2b: Bojack|Stamina|boost\n|-boost|p2b: Bojack|def|1\n|-damage|p2b: Bojack|54\/100\n|-ability|p2b: Bojack|Stamina|boost\n|-boost|p2b: Bojack|def|1\n|-hitcount|p2b: Bojack|3\n|move|p1a: Bob-omb|Draco Meteor|p2b: Bojack\n|-damage|p2b: Bojack|35\/100\n|-unboost|p1a: Bob-omb|spa|2\n|-ability|p2b: Bojack|Stamina|boost\n|-boost|p2b: Bojack|def|1\n|move|p2b: Bojack|Body Press|p1b: Tom\n|-supereffective|p1b: Tom\n|-damage|p1b: Tom|0 fnt\n|faint|p1b: Tom\n|\n|upkeep\n|\n|t:|1698704522\n|switch|p1b: MurderFeesh|Basculin-White-Striped, F, tera:Water|72\/100\n|turn|14\n|c|\u2606Molder|POWAAAAAAAAAAAAA\n|\n|t:|1698704570\n|switch|p2a: South Paw|Pawmot, F|100\/100\n|move|p1b: MurderFeesh|Wave Crash|p2b: Bojack\n|-supereffective|p2b: Bojack\n|-damage|p2b: Bojack|0 fnt\n|faint|p2b: Bojack\n|-damage|p1b: MurderFeesh|56\/100|[from] Recoil\n|move|p1a: Bob-omb|Haze|p1a: Bob-omb\n|-clearallboost\n|\n|upkeep\n|\n|t:|1698704581\n|switch|p2b: Jekyll|Girafarig, F|62\/100\n|turn|15\n|c|\u2606Molder|OK\n|c|\u2606Molder|but how cool is this fish\n|\n|t:|1698704693\n|-terastallize|p2a: South Paw|Electric\n|move|p2b: Jekyll|Ally Switch|p2b: Jekyll\n|swap|p2b: Jekyll|0|[from] move: Ally Switch\n|move|p2b: South Paw|Thunder Punch|p1b: MurderFeesh\n|-supereffective|p1b: MurderFeesh\n|-damage|p1b: MurderFeesh|0 fnt\n|faint|p1b: MurderFeesh\n|move|p1a: Bob-omb|Sludge Bomb|p2a: Jekyll\n|-damage|p2a: Jekyll|24\/100\n|-status|p2a: Jekyll|psn\n|\n|-damage|p2a: Jekyll|12\/100 psn|[from] psn\n|upkeep\n|turn|16\n|\n|t:|1698704714\n|move|p2a: Jekyll|Helping Hand|p2b: South Paw\n|-singleturn|p2b: South Paw|Helping Hand|[of] p2a: Jekyll\n|move|p2b: South Paw|Thunder Punch|p1a: Bob-omb\n|-resisted|p1a: Bob-omb\n|-damage|p1a: Bob-omb|0 fnt\n|faint|p1a: Bob-omb\n|\n|win|harrison4\n|c|\u2606Molder|ouch\n|c|\u2606Molder|gg\n|c|\u2606harrison4|gg! wow game 1\n|c|\u2606Molder|i win game now\n","uploadtime":1698704730,"views":28,"p1id":"molder","p2id":"harrison4","formatid":"gen9doublesou","rating":0,"private":0,"password":""}