{"id":"gen9doublesou-1977647055","p1":"nadavuli","p2":"Hzty","format":"[Gen 9] Doubles OU","log":"|j|\u2606nadavuli\n|j|\u2606Hzty\n|t:|1698434917\n|gametype|doubles\n|player|p1|nadavuli|cyrus|1258\n|player|p2|Hzty|265|1359\n|teamsize|p1|6\n|teamsize|p2|6\n|gen|9\n|tier|[Gen 9] Doubles OU\n|rated|\n|rule|Species Clause: Limit one of each Pok\u00e9mon\n|rule|OHKO Clause: OHKO moves are banned\n|rule|Evasion Moves Clause: Evasion moves are banned\n|rule|Gravity Sleep Clause: The combination of sleep-inducing moves with imperfect accuracy and Gravity or Gigantamax Orbeetle are banned\n|rule|Endless Battle Clause: Forcing endless battles is banned\n|rule|HP Percentage Mod: HP is shown in percentages\n|clearpoke\n|poke|p1|Goodra-Hisui, M|\n|poke|p1|Iron Hands|\n|poke|p1|Diancie|\n|poke|p1|Torkoal, M|\n|poke|p1|Arboliva, M|\n|poke|p1|Cresselia, F|\n|poke|p2|Iron Hands|\n|poke|p2|Sinistcha|\n|poke|p2|Ursaluna-Bloodmoon, M|\n|poke|p2|Landorus-Therian, M|\n|poke|p2|Grimmsnarl, M|\n|poke|p2|Zapdos|\n|teampreview\n|\n|t:|1698434939\n|start\n|switch|p1a: Cresselia|Cresselia, F|100\/100\n|switch|p1b: Iron Hands|Iron Hands|100\/100\n|switch|p2a: Grimmsnarl|Grimmsnarl, M|100\/100\n|switch|p2b: Zapdos|Zapdos|100\/100\n|turn|1\n|\n|t:|1698434949\n|move|p1b: Iron Hands|Fake Out|p2b: Zapdos\n|-damage|p2b: Zapdos|87\/100\n|-damage|p1b: Iron Hands|84\/100|[from] item: Rocky Helmet|[of] p2b: Zapdos\n|move|p2a: Grimmsnarl|Light Screen|p2a: Grimmsnarl\n|-sidestart|p2: Hzty|move: Light Screen\n|cant|p2b: Zapdos|flinch\n|move|p1a: Cresselia|Trick Room|p1a: Cresselia\n|-fieldstart|move: Trick Room|[of] p1a: Cresselia\n|\n|-heal|p1b: Iron Hands|90\/100|[from] item: Leftovers\n|upkeep\n|turn|2\n|\n|t:|1698434969\n|move|p2a: Grimmsnarl|Reflect|p2a: Grimmsnarl\n|-sidestart|p2: Hzty|Reflect\n|move|p1b: Iron Hands|Close Combat|p2a: Grimmsnarl\n|-damage|p2a: Grimmsnarl|56\/100\n|-unboost|p1b: Iron Hands|def|1\n|-unboost|p1b: Iron Hands|spd|1\n|move|p1a: Cresselia|Thunder|p2b: Zapdos\n|-damage|p2b: Zapdos|74\/100\n|move|p2b: Zapdos|Thunderbolt|p1a: Cresselia\n|-crit|p1a: Cresselia\n|-damage|p1a: Cresselia|61\/100\n|\n|-heal|p1b: Iron Hands|96\/100|[from] item: Leftovers\n|upkeep\n|turn|3\n|\n|t:|1698434999\n|move|p1b: Iron Hands|Close Combat|p2a: Grimmsnarl\n|-damage|p2a: Grimmsnarl|10\/100\n|-unboost|p1b: Iron Hands|def|1\n|-unboost|p1b: Iron Hands|spd|1\n|move|p2a: Grimmsnarl|Spirit Break|p1b: Iron Hands\n|-supereffective|p1b: Iron Hands\n|-damage|p1b: Iron Hands|15\/100\n|-unboost|p1b: Iron Hands|spa|1\n|move|p1a: Cresselia|Thunder|p2b: Zapdos|[miss]\n|-miss|p1a: Cresselia|p2b: Zapdos\n|move|p2b: Zapdos|Heat Wave|p1a: Cresselia|[spread] p1a,p1b\n|-damage|p1a: Cresselia|48\/100\n|-damage|p1b: Iron Hands|0 fnt\n|-status|p1a: Cresselia|brn\n|faint|p1b: Iron Hands\n|-end|p1b: Iron Hands|Quark Drive|[silent]\n|\n|-damage|p1a: Cresselia|42\/100 brn|[from] brn\n|upkeep\n|\n|t:|1698435017\n|switch|p1b: Diancie|Diancie, shiny|100\/100\n|turn|4\n|\n|t:|1698435037\n|move|p2a: Grimmsnarl|Parting Shot|p1b: Diancie\n|-fail|p1b: Diancie|unboost|[from] ability: Clear Body|[of] p1b: Diancie\n|move|p1b: Diancie|Diamond Storm|p2a: Grimmsnarl|[spread] p2b\n|-miss|p1b: Diancie|p2a: Grimmsnarl\n|-supereffective|p2b: Zapdos\n|-damage|p2b: Zapdos|37\/100\n|move|p1a: Cresselia|Thunder|p2b: Zapdos\n|-damage|p2b: Zapdos|25\/100\n|move|p2b: Zapdos|Roost|p2b: Zapdos\n|-heal|p2b: Zapdos|75\/100\n|-singleturn|p2b: Zapdos|move: Roost\n|\n|-damage|p1a: Cresselia|36\/100 brn|[from] brn\n|upkeep\n|turn|5\n|\n|t:|1698435068\n|move|p2a: Grimmsnarl|Parting Shot|p1a: Cresselia\n|-unboost|p1a: Cresselia|atk|1\n|-unboost|p1a: Cresselia|spa|1\n|\n|t:|1698435073\n|switch|p2a: Sinistcha|Sinistcha|100\/100|[from] Parting Shot\n|-heal|p2b: Zapdos|99\/100|[from] ability: Hospitality|[of] p2a: Sinistcha\n|move|p1b: Diancie|Diamond Storm|p2b: Zapdos|[spread] p2a,p2b\n|-supereffective|p2b: Zapdos\n|-damage|p2a: Sinistcha|77\/100\n|-damage|p2b: Zapdos|66\/100\n|move|p1a: Cresselia|Thunder|p2b: Zapdos|[miss]\n|-miss|p1a: Cresselia|p2b: Zapdos\n|move|p2b: Zapdos|Heat Wave|p1b: Diancie|[spread] p1a,p1b\n|-resisted|p1b: Diancie\n|-damage|p1a: Cresselia|22\/100 brn\n|-damage|p1b: Diancie|92\/100\n|-status|p1b: Diancie|brn\n|-enditem|p1a: Cresselia|Aguav Berry|[eat]\n|-heal|p1a: Cresselia|55\/100 brn|[from] item: Aguav Berry\n|\n|-damage|p1b: Diancie|85\/100 brn|[from] brn\n|-damage|p1a: Cresselia|49\/100 brn|[from] brn\n|-fieldend|move: Trick Room\n|upkeep\n|turn|6\n|\n|t:|1698435099\n|move|p2b: Zapdos|Roost|p2b: Zapdos\n|-heal|p2b: Zapdos|100\/100\n|-singleturn|p2b: Zapdos|move: Roost\n|move|p2a: Sinistcha|Matcha Gotcha|p1b: Diancie|[spread] p1a,p1b\n|-supereffective|p1b: Diancie\n|-damage|p1a: Cresselia|35\/100 brn\n|-heal|p2a: Sinistcha|87\/100|[from] drain|[of] p1a: Cresselia\n|-damage|p1b: Diancie|43\/100 brn\n|-heal|p2a: Sinistcha|100\/100|[from] drain|[of] p1b: Diancie\n|move|p1b: Diancie|Diamond Storm|p2a: Sinistcha|[spread] p2a,p2b\n|-damage|p2a: Sinistcha|90\/100\n|-damage|p2b: Zapdos|91\/100\n|move|p1a: Cresselia|Trick Room|p1a: Cresselia\n|-fieldstart|move: Trick Room|[of] p1a: Cresselia\n|\n|-damage|p1b: Diancie|37\/100 brn|[from] brn\n|-damage|p1a: Cresselia|28\/100 brn|[from] brn\n|upkeep\n|turn|7\n|\n|t:|1698435123\n|move|p1b: Diancie|Diamond Storm|p2a: Sinistcha|[spread] p2a,p2b\n|-supereffective|p2b: Zapdos\n|-damage|p2a: Sinistcha|80\/100\n|-damage|p2b: Zapdos|72\/100\n|-boost|p1b: Diancie|def|2\n|move|p1a: Cresselia|Lunar Blessing|p1a: Cresselia|[spread] p1a,p1b\n|-heal|p1a: Cresselia|53\/100 brn\n|-curestatus|p1a: Cresselia|brn|[msg]\n|-heal|p1b: Diancie|62\/100 brn\n|-curestatus|p1b: Diancie|brn|[msg]\n|move|p2a: Sinistcha|Matcha Gotcha|p1b: Diancie|[spread] p1a,p1b\n|-supereffective|p1b: Diancie\n|-damage|p1a: Cresselia|37\/100\n|-heal|p2a: Sinistcha|90\/100|[from] drain|[of] p1a: Cresselia\n|-damage|p1b: Diancie|18\/100\n|-heal|p2a: Sinistcha|100\/100|[from] drain|[of] p1b: Diancie\n|-status|p1b: Diancie|brn\n|-enditem|p1b: Diancie|Aguav Berry|[eat]\n|-heal|p1b: Diancie|51\/100 brn|[from] item: Aguav Berry\n|move|p2b: Zapdos|Thunderbolt|p1b: Diancie\n|-damage|p1b: Diancie|19\/100 brn\n|\n|-damage|p1b: Diancie|13\/100 brn|[from] brn\n|upkeep\n|turn|8\n|\n|t:|1698435147\n|move|p1b: Diancie|Diamond Storm|p2a: Sinistcha|[spread] p2a,p2b\n|-supereffective|p2b: Zapdos\n|-damage|p2a: Sinistcha|89\/100\n|-damage|p2b: Zapdos|55\/100\n|-boost|p1b: Diancie|def|2\n|move|p1a: Cresselia|Lunar Blessing|p1a: Cresselia|[spread] p1a,p1b\n|-heal|p1a: Cresselia|62\/100\n|-heal|p1b: Diancie|38\/100 brn\n|-curestatus|p1b: Diancie|brn|[msg]\n|move|p2a: Sinistcha|Matcha Gotcha|p1b: Diancie|[spread] p1a,p1b\n|-supereffective|p1b: Diancie\n|-damage|p1a: Cresselia|47\/100\n|-heal|p2a: Sinistcha|99\/100|[from] drain|[of] p1a: Cresselia\n|-damage|p1b: Diancie|0 fnt\n|-heal|p2a: Sinistcha|100\/100|[from] drain|[of] p1b: Diancie\n|faint|p1b: Diancie\n|move|p2b: Zapdos|Heat Wave|p1a: Cresselia\n|-damage|p1a: Cresselia|31\/100\n|\n|-sideend|p2: Hzty|move: Light Screen\n|upkeep\n|\n|t:|1698435167\n|switch|p1b: Torkoal|Torkoal, M, shiny|100\/100\n|-weather|SunnyDay|[from] ability: Drought|[of] p1b: Torkoal\n|turn|9\n|\n|t:|1698435186\n|switch|p1a: Arboliva|Arboliva, M, shiny|100\/100\n|switch|p2a: Grimmsnarl|Grimmsnarl, M|10\/100\n|move|p1b: Torkoal|Eruption|p2a: Grimmsnarl|[spread] p2a,p2b\n|-damage|p2a: Grimmsnarl|0 fnt\n|-damage|p2b: Zapdos|0 fnt\n|faint|p2a: Grimmsnarl\n|faint|p2b: Zapdos\n|\n|-weather|SunnyDay|[upkeep]\n|-sideend|p2: Hzty|Reflect\n|upkeep\n|\n|t:|1698435222\n|switch|p2a: Sinistcha|Sinistcha|100\/100\n|switch|p2b: Ursaluna|Ursaluna-Bloodmoon, M|100\/100\n|turn|10\n|\n|t:|1698435238\n|move|p2a: Sinistcha|Rage Powder|p2a: Sinistcha\n|-singleturn|p2a: Sinistcha|move: Rage Powder\n|move|p1b: Torkoal|Eruption|p2b: Ursaluna|[spread] p2a,p2b\n|-supereffective|p2a: Sinistcha\n|-damage|p2a: Sinistcha|0 fnt\n|-damage|p2b: Ursaluna|30\/100\n|faint|p2a: Sinistcha\n|move|p1a: Arboliva|Giga Drain|p2b: Ursaluna\n|-supereffective|p2b: Ursaluna\n|-damage|p2b: Ursaluna|0 fnt\n|faint|p2b: Ursaluna\n|\n|-weather|SunnyDay|[upkeep]\n|-fieldend|move: Trick Room\n|upkeep\n|\n|t:|1698435247\n|switch|p2a: Landorus|Landorus-Therian, M|100\/100\n|switch|p2b: Iron Hands|Iron Hands|100\/100\n|-ability|p2a: Landorus|Intimidate|boost\n|-unboost|p1a: Arboliva|atk|1\n|-unboost|p1b: Torkoal|atk|1\n|turn|11\n|\n|t:|1698435264\n|-terastallize|p2a: Landorus|Water\n|move|p2b: Iron Hands|Fake Out|p1a: Arboliva\n|-damage|p1a: Arboliva|85\/100\n|move|p2a: Landorus|Stomping Tantrum|p1a: Arboliva\n|-resisted|p1a: Arboliva\n|-damage|p1a: Arboliva|65\/100\n|cant|p1a: Arboliva|flinch\n|move|p1b: Torkoal|Stone Edge|p2a: Landorus|[miss]\n|-miss|p1b: Torkoal|p2a: Landorus\n|\n|-weather|SunnyDay|[upkeep]\n|upkeep\n|turn|12\n|\n|t:|1698435285\n|move|p2a: Landorus|Tera Blast|p1b: Torkoal|[anim] Tera Blast Water\n|-supereffective|p1b: Torkoal\n|-damage|p1b: Torkoal|61\/100\n|move|p2b: Iron Hands|Drain Punch|p1a: Arboliva\n|-supereffective|p1a: Arboliva\n|-damage|p1a: Arboliva|0 fnt\n|faint|p1a: Arboliva\n|move|p1b: Torkoal|Eruption|p2b: Iron Hands|[spread] p2a,p2b\n|-resisted|p2a: Landorus\n|-damage|p2a: Landorus|80\/100\n|-damage|p2b: Iron Hands|80\/100\n|\n|-weather|SunnyDay|[upkeep]\n|upkeep\n|\n|t:|1698435297\n|switch|p1a: Cresselia|Cresselia, F|31\/100\n|turn|13\n|\n|t:|1698435313\n|move|p2a: Landorus|Rock Slide|p1a: Cresselia|[spread] p1a,p1b\n|-supereffective|p1b: Torkoal\n|-damage|p1a: Cresselia|17\/100\n|-damage|p1b: Torkoal|24\/100\n|-enditem|p1b: Torkoal|Aguav Berry|[eat]\n|-heal|p1b: Torkoal|57\/100|[from] item: Aguav Berry\n|move|p2b: Iron Hands|Heavy Slam|p1a: Cresselia\n|-damage|p1a: Cresselia|0 fnt\n|faint|p1a: Cresselia\n|cant|p1b: Torkoal|flinch\n|\n|-weather|none\n|upkeep\n|\n|t:|1698435325\n|switch|p1a: Goodra|Goodra-Hisui, M|100\/100\n|turn|14\n|\n|t:|1698435354\n|move|p2a: Landorus|Rock Slide|p1b: Torkoal|[spread] p1a,p1b\n|-resisted|p1a: Goodra\n|-supereffective|p1b: Torkoal\n|-damage|p1a: Goodra|92\/100\n|-damage|p1b: Torkoal|15\/100\n|move|p2b: Iron Hands|Drain Punch|p1a: Goodra\n|-supereffective|p1a: Goodra\n|-damage|p1a: Goodra|18\/100\n|-heal|p2b: Iron Hands|100\/100|[from] drain|[of] p1a: Goodra\n|move|p1a: Goodra|Blizzard|p2a: Landorus|[spread] p2b\n|-miss|p1a: Goodra|p2a: Landorus\n|-damage|p2b: Iron Hands|87\/100\n|move|p1b: Torkoal|Eruption|p2b: Iron Hands|[spread] p2a,p2b\n|-resisted|p2a: Landorus\n|-crit|p2b: Iron Hands\n|-damage|p2a: Landorus|77\/100\n|-damage|p2b: Iron Hands|82\/100\n|\n|upkeep\n|turn|15\n|\n|t:|1698435384\n|move|p2a: Landorus|Rock Slide|p1a: Goodra|[spread] \n|-miss|p2a: Landorus|p1a: Goodra\n|-miss|p2a: Landorus|p1b: Torkoal\n|move|p2b: Iron Hands|Drain Punch|p1a: Goodra\n|-supereffective|p1a: Goodra\n|-damage|p1a: Goodra|0 fnt\n|-heal|p2b: Iron Hands|88\/100|[from] drain|[of] p1a: Goodra\n|faint|p1a: Goodra\n|move|p1b: Torkoal|Stone Edge|p2b: Iron Hands\n|-resisted|p2b: Iron Hands\n|-damage|p2b: Iron Hands|82\/100\n|\n|upkeep\n|turn|16\n|\n|t:|1698435401\n|move|p2a: Landorus|Tera Blast|p1b: Torkoal|[anim] Tera Blast Water\n|-supereffective|p1b: Torkoal\n|-damage|p1b: Torkoal|0 fnt\n|faint|p1b: Torkoal\n|\n|win|Hzty\n|raw|nadavuli's rating: 1258 &rarr; <strong>1240<\/strong><br \/>(-18 for losing)\n|raw|Hzty's rating: 1359 &rarr; <strong>1373<\/strong><br \/>(+14 for winning)\n|l|\u2606nadavuli\n","uploadtime":1698435473,"views":16,"p1id":"nadavuli","p2id":"hzty","formatid":"gen9doublesou","rating":1240,"private":0,"password":""}