{"id":"gen9doublesou-1999735840","p1":"Amogusmemer","p2":"HomerGyatt","format":"[Gen 9] Doubles OU","log":"|j|\u2606Amogusmemer\n|j|\u2606HomerGyatt\n|t:|1701112113\n|gametype|doubles\n|player|p1|Amogusmemer|buck|\n|player|p2|HomerGyatt|flint|\n|teamsize|p1|6\n|teamsize|p2|6\n|gen|9\n|tier|[Gen 9] Doubles OU\n|rule|Species Clause: Limit one of each Pok\u00e9mon\n|rule|OHKO Clause: OHKO moves are banned\n|rule|Evasion Moves Clause: Evasion moves are banned\n|rule|Gravity Sleep Clause: The combination of sleep-inducing moves with imperfect accuracy and Gravity or Gigantamax Orbeetle are banned\n|rule|Endless Battle Clause: Forcing endless battles is banned\n|rule|HP Percentage Mod: HP is shown in percentages\n|clearpoke\n|poke|p1|Ambipom, F|\n|poke|p1|Coalossal, F|\n|poke|p1|Clefable, F|\n|poke|p1|Tinkaton, F|\n|poke|p1|Dragapult, M|\n|poke|p1|Murkrow, M|\n|poke|p2|Haxorus, M|\n|poke|p2|Slowking-Galar, M|\n|poke|p2|Ribombee, M|\n|poke|p2|Pelipper, M|\n|poke|p2|Ludicolo, M|\n|poke|p2|Beartic, F|\n|teampreview\n|\n|t:|1701112138\n|start\n|switch|p1a: Ambipom|Ambipom, F|100\/100\n|switch|p1b: Tinkaton|Tinkaton, F|100\/100\n|switch|p2a: Ribombee|Ribombee, M|100\/100\n|switch|p2b: Haxorus|Haxorus, M|100\/100\n|-ability|p1b: Tinkaton|Mold Breaker\n|-ability|p2b: Haxorus|Mold Breaker\n|turn|1\n|\n|t:|1701112157\n|move|p1a: Ambipom|Fake Out|p2a: Ribombee\n|-damage|p2a: Ribombee|39\/100\n|-damage|p1a: Ambipom|91\/100|[from] item: Life Orb\n|move|p1b: Tinkaton|Fake Out|p2b: Haxorus\n|-damage|p2b: Haxorus|87\/100\n|move|p2a: Ribombee|Sticky Web|p1a: Ambipom\n|-sidestart|p1: Amogusmemer|move: Sticky Web\n|cant|p2b: Haxorus|flinch\n|\n|upkeep\n|turn|2\n|\n|t:|1701112180\n|-terastallize|p2b: Haxorus|Steel\n|move|p1a: Ambipom|Double Hit|p2a: Ribombee\n|-damage|p2a: Ribombee|0 fnt\n|faint|p2a: Ribombee\n|-hitcount|p2: Ribombee|1\n|-damage|p1a: Ambipom|81\/100|[from] item: Life Orb\n|move|p1b: Tinkaton|Play Rough|p2b: Haxorus\n|-resisted|p2b: Haxorus\n|-damage|p2b: Haxorus|65\/100\n|move|p2b: Haxorus|Iron Head|p1b: Tinkaton\n|-damage|p1b: Tinkaton|36\/100\n|\n|upkeep\n|\n|t:|1701112194\n|switch|p2a: Pelipper|Pelipper, M|100\/100\n|-weather|RainDance|[from] ability: Drizzle|[of] p2a: Pelipper\n|turn|3\n|\n|t:|1701112202\n|move|p1a: Ambipom|Double Hit|p2a: Pelipper\n|-damage|p2a: Pelipper|66\/100\n|-damage|p2a: Pelipper|35\/100\n|-hitcount|p2a: Pelipper|2\n|-damage|p1a: Ambipom|71\/100|[from] item: Life Orb\n|move|p1b: Tinkaton|Knock Off|p2b: Haxorus\n|-damage|p2b: Haxorus|38\/100\n|-enditem|p2b: Haxorus|Focus Sash|[from] move: Knock Off|[of] p1b: Tinkaton\n|move|p2b: Haxorus|Iron Head|p1b: Tinkaton\n|-damage|p1b: Tinkaton|0 fnt\n|faint|p1b: Tinkaton\n|move|p2a: Pelipper|Tailwind|p2a: Pelipper\n|-sidestart|p2: HomerGyatt|move: Tailwind\n|\n|-weather|RainDance|[upkeep]\n|upkeep\n|\n|t:|1701112217\n|switch|p1b: Murkrow|Murkrow, M|100\/100\n|turn|4\n|\n|t:|1701112229\n|move|p1b: Murkrow|Tailwind|p1b: Murkrow\n|-sidestart|p1: Amogusmemer|move: Tailwind\n|move|p1a: Ambipom|Double Hit|p2b: Haxorus\n|-resisted|p2b: Haxorus\n|-damage|p2b: Haxorus|18\/100\n|-resisted|p2b: Haxorus\n|-damage|p2b: Haxorus|0 fnt\n|faint|p2b: Haxorus\n|-hitcount|p2: Haxorus|2\n|-damage|p1a: Ambipom|61\/100|[from] item: Life Orb\n|move|p2a: Pelipper|Ice Beam|p1b: Murkrow\n|-supereffective|p1b: Murkrow\n|-damage|p1b: Murkrow|0 fnt\n|faint|p1b: Murkrow\n|\n|-weather|RainDance|[upkeep]\n|upkeep\n|\n|t:|1701112247\n|switch|p1b: Dragapult|Dragapult, M|100\/100\n|switch|p2b: Beartic|Beartic, F|100\/100\n|-activate|p1b: Dragapult|move: Sticky Web\n|-fail|p1b: Dragapult|unboost|[from] ability: Clear Body|[of] p1b: Dragapult\n|turn|5\n|\n|t:|1701112263\n|move|p1b: Dragapult|Shadow Ball|p2b: Beartic\n|-damage|p2b: Beartic|37\/100\n|move|p2b: Beartic|Ice Punch|p1b: Dragapult\n|-supereffective|p1b: Dragapult\n|-damage|p1b: Dragapult|0 fnt\n|faint|p1b: Dragapult\n|move|p1a: Ambipom|Double Hit|p2a: Pelipper\n|-damage|p2a: Pelipper|3\/100\n|-enditem|p2a: Pelipper|Aguav Berry|[eat]\n|-heal|p2a: Pelipper|36\/100|[from] item: Aguav Berry\n|-damage|p2a: Pelipper|4\/100\n|-hitcount|p2a: Pelipper|2\n|-damage|p1a: Ambipom|51\/100|[from] item: Life Orb\n|move|p2a: Pelipper|Hurricane|p1a: Ambipom\n|-damage|p1a: Ambipom|0 fnt\n|faint|p1a: Ambipom\n|\n|-weather|RainDance|[upkeep]\n|upkeep\n|\n|t:|1701112275\n|switch|p1b: Coalossal|Coalossal, F|100\/100\n|switch|p1a: Clefable|Clefable, F|100\/100\n|-activate|p1b: Coalossal|move: Sticky Web\n|-unboost|p1b: Coalossal|spe|1\n|-activate|p1a: Clefable|move: Sticky Web\n|-unboost|p1a: Clefable|spe|1\n|turn|6\n|\n|t:|1701112299\n|move|p2b: Beartic|Ice Punch|p1a: Clefable\n|-damage|p1a: Clefable|24\/100\n|move|p2a: Pelipper|Hydro Pump|p1b: Coalossal\n|-supereffective|p1b: Coalossal\n|-damage|p1b: Coalossal|0 fnt\n|faint|p1b: Coalossal\n|move|p1a: Clefable|Sunny Day|p1a: Clefable\n|-weather|SunnyDay\n|\n|-weather|SunnyDay|[upkeep]\n|-sideend|p2: HomerGyatt|move: Tailwind\n|upkeep\n|turn|7\n|\n|t:|1701112314\n|move|p1a: Clefable|Moonblast|p2a: Pelipper\n|-damage|p2a: Pelipper|0 fnt\n|faint|p2a: Pelipper\n|move|p2b: Beartic|Ice Punch|p1a: Clefable\n|-damage|p1a: Clefable|0 fnt\n|faint|p1a: Clefable\n|\n|win|HomerGyatt\n","uploadtime":1701112320,"views":5,"p1id":"amogusmemer","p2id":"homergyatt","formatid":"gen9doublesou","rating":0,"private":0,"password":""}