{"id":"gen9doublesou-1991836418","p1":"EVE09","p2":"test 99 ou","format":"[Gen 9] Doubles OU","log":"|j|\u2606EVE09\n|j|\u2606test 99 ou\n|t:|1700125926\n|gametype|doubles\n|player|p1|EVE09|102|1378\n|player|p2|test 99 ou|lady|1638\n|teamsize|p1|6\n|teamsize|p2|6\n|gen|9\n|tier|[Gen 9] Doubles OU\n|rated|\n|rule|Species Clause: Limit one of each Pok\u00e9mon\n|rule|OHKO Clause: OHKO moves are banned\n|rule|Evasion Moves Clause: Evasion moves are banned\n|rule|Gravity Sleep Clause: The combination of sleep-inducing moves with imperfect accuracy and Gravity or Gigantamax Orbeetle are banned\n|rule|Endless Battle Clause: Forcing endless battles is banned\n|rule|HP Percentage Mod: HP is shown in percentages\n|clearpoke\n|poke|p1|Sylveon, M|\n|poke|p1|Kingambit, F|\n|poke|p1|Ceruledge, F|\n|poke|p1|Ting-Lu|\n|poke|p1|Sinistcha|\n|poke|p1|Landorus-Therian, M|\n|poke|p2|Tornadus, M|\n|poke|p2|Flutter Mane|\n|poke|p2|Chi-Yu|\n|poke|p2|Iron Hands|\n|poke|p2|Ursaluna-Bloodmoon, M|\n|poke|p2|Ogerpon-Wellspring, F|\n|teampreview\n|inactive|Battle timer is ON: inactive players will automatically lose when time's up. (requested by EVE09)\n|\n|t:|1700125947\n|start\n|switch|p1a: Ting-Lu|Ting-Lu|100\/100\n|switch|p1b: Sylveon|Sylveon, M|100\/100\n|switch|p2a: Tornadus|Tornadus, M|100\/100\n|switch|p2b: Chi-Yu|Chi-Yu|100\/100\n|-ability|p2b: Chi-Yu|Beads of Ruin\n|-ability|p1a: Ting-Lu|Vessel of Ruin\n|turn|1\n|\n|t:|1700125961\n|-terastallize|p2b: Chi-Yu|Ghost\n|move|p2a: Tornadus|Tailwind|p2a: Tornadus\n|-sidestart|p2: test 99 ou|move: Tailwind\n|move|p2b: Chi-Yu|Heat Wave|p1b: Sylveon|[spread] p1a,p1b\n|-crit|p1b: Sylveon\n|-damage|p1a: Ting-Lu|68\/100\n|-damage|p1b: Sylveon|61\/100\n|move|p1b: Sylveon|Hyper Voice|p2a: Tornadus|[spread] p2a,p2b\n|-crit|p2a: Tornadus\n|-damage|p2a: Tornadus|36\/100\n|-damage|p2b: Chi-Yu|68\/100\n|move|p1a: Ting-Lu|Stomping Tantrum|p2b: Chi-Yu\n|-damage|p2b: Chi-Yu|10\/100\n|\n|upkeep\n|turn|2\n|c|\u2606test 99 ou|oh my god that bulk wtf\n|\n|t:|1700125987\n|switch|p2b: Ursaluna|Ursaluna-Bloodmoon, M|100\/100\n|switch|p2a: Flutter Mane|Flutter Mane|100\/100\n|-enditem|p2a: Flutter Mane|Booster Energy\n|-activate|p2a: Flutter Mane|ability: Protosynthesis|[fromitem]\n|-start|p2a: Flutter Mane|protosynthesisspe\n|move|p1b: Sylveon|Quick Attack|p2b: Ursaluna\n|-damage|p2b: Ursaluna|92\/100\n|move|p1a: Ting-Lu|Stone Edge|p2a: Flutter Mane\n|-damage|p2a: Flutter Mane|58\/100\n|\n|upkeep\n|turn|3\n|inactive|EVE09 has 120 seconds left.\n|\n|t:|1700126040\n|-terastallize|p1a: Ting-Lu|Poison\n|move|p2a: Flutter Mane|Moonblast|p1a: Ting-Lu\n|-resisted|p1a: Ting-Lu\n|-damage|p1a: Ting-Lu|59\/100\n|move|p2b: Ursaluna|Blood Moon|p1b: Sylveon\n|-damage|p1b: Sylveon|27\/100\n|move|p1b: Sylveon|Hyper Voice|p2b: Ursaluna|[spread] p2a,p2b\n|-damage|p2a: Flutter Mane|29\/100\n|-damage|p2b: Ursaluna|51\/100\n|move|p1a: Ting-Lu|Heavy Slam|p2a: Flutter Mane\n|-supereffective|p2a: Flutter Mane\n|-damage|p2a: Flutter Mane|0 fnt\n|faint|p2a: Flutter Mane\n|-end|p2a: Flutter Mane|Protosynthesis|[silent]\n|\n|upkeep\n|c|\u2606test 99 ou|flutter with a casual 1065 soeed\n|\n|t:|1700126054\n|switch|p2a: Chi-Yu|Chi-Yu, tera:Ghost|10\/100\n|-ability|p2a: Chi-Yu|Beads of Ruin\n|turn|4\n|inactive|EVE09 has 120 seconds left.\n|\n|t:|1700126069\n|switch|p1a: Landorus|Landorus-Therian, M|100\/100\n|-ability|p1a: Landorus|Intimidate|boost\n|-unboost|p2a: Chi-Yu|atk|1\n|-unboost|p2b: Ursaluna|atk|1\n|move|p1b: Sylveon|Quick Attack|p2a: Chi-Yu\n|-damage|p2a: Chi-Yu|0 fnt\n|faint|p2a: Chi-Yu\n|move|p2b: Ursaluna|Earth Power|p1a: Landorus\n|-immune|p1a: Landorus\n|\n|-sideend|p2: test 99 ou|move: Tailwind\n|upkeep\n|\n|t:|1700126078\n|switch|p2a: Tornadus|Tornadus, M|36\/100\n|turn|5\n|\n|t:|1700126106\n|move|p2a: Tornadus|Tailwind|p2a: Tornadus\n|-sidestart|p2: test 99 ou|move: Tailwind\n|move|p2b: Ursaluna|Blood Moon|p1b: Sylveon\n|-damage|p1b: Sylveon|0 fnt\n|faint|p1b: Sylveon\n|move|p1a: Landorus|Stomping Tantrum|p2b: Ursaluna\n|-damage|p2b: Ursaluna|20\/100\n|\n|upkeep\n|inactive|EVE09 has 120 seconds left.\n|\n|t:|1700126123\n|switch|p1b: Kingambit|Kingambit, F|100\/100\n|-activate|p1b: Kingambit|ability: Supreme Overlord\n|-start|p1b: Kingambit|fallen1|[silent]\n|turn|6\n|\n|t:|1700126132\n|switch|p2a: Iron Hands|Iron Hands|100\/100\n|move|p2b: Ursaluna|Protect|p2b: Ursaluna\n|-singleturn|p2b: Ursaluna|Protect\n|move|p1b: Kingambit|Sucker Punch||[still]\n|-fail|p1b: Kingambit\n|move|p1a: Landorus|Rock Tomb|p2a: Iron Hands\n|-resisted|p2a: Iron Hands\n|-damage|p2a: Iron Hands|94\/100\n|-unboost|p2a: Iron Hands|spe|1\n|\n|upkeep\n|turn|7\n|inactive|EVE09 has 120 seconds left.\n|\n|t:|1700126171\n|switch|p1a: Ting-Lu|Ting-Lu, tera:Poison|59\/100\n|-ability|p1a: Ting-Lu|Vessel of Ruin\n|move|p1b: Kingambit|Sucker Punch|p2b: Ursaluna\n|-damage|p2b: Ursaluna|0 fnt\n|faint|p2b: Ursaluna\n|move|p2a: Iron Hands|Close Combat|p1b: Kingambit\n|-supereffective|p1b: Kingambit\n|-damage|p1b: Kingambit|0 fnt\n|-unboost|p2a: Iron Hands|def|1\n|-unboost|p2a: Iron Hands|spd|1\n|faint|p1b: Kingambit\n|-end|p1b: Kingambit|fallen1|[silent]\n|\n|upkeep\n|\n|t:|1700126182\n|switch|p2b: Ogerpon|Ogerpon-Wellspring, F|100\/100\n|switch|p1b: Landorus|Landorus-Therian, M|100\/100\n|-ability|p1b: Landorus|Intimidate|boost\n|-unboost|p2a: Iron Hands|atk|1\n|-unboost|p2b: Ogerpon|atk|1\n|turn|8\n|\n|t:|1700126205\n|-end|p2a: Iron Hands|Quark Drive|[silent]\n|switch|p2a: Tornadus|Tornadus, M|36\/100\n|switch|p1b: Sinistcha|Sinistcha|100\/100\n|-heal|p1a: Ting-Lu|84\/100|[from] ability: Hospitality|[of] p1b: Sinistcha\n|move|p2b: Ogerpon|Spiky Shield|p2b: Ogerpon\n|-singleturn|p2b: Ogerpon|move: Protect\n|move|p1a: Ting-Lu|Ruination|p2b: Ogerpon\n|-activate|p2b: Ogerpon|move: Protect\n|\n|-sideend|p2: test 99 ou|move: Tailwind\n|upkeep\n|turn|9\n|\n|t:|1700126227\n|switch|p2b: Iron Hands|Iron Hands|94\/100\n|switch|p1b: Landorus|Landorus-Therian, M|100\/100\n|-ability|p1b: Landorus|Intimidate|boost\n|-unboost|p2a: Tornadus|atk|1\n|-unboost|p2b: Iron Hands|atk|1\n|move|p2a: Tornadus|Tailwind|p2a: Tornadus\n|-sidestart|p2: test 99 ou|move: Tailwind\n|move|p1a: Ting-Lu|Ruination|p2b: Iron Hands\n|-damage|p2b: Iron Hands|47\/100\n|\n|upkeep\n|turn|10\n|c|\u2606test 99 ou|i can\u2018t win can i?\n|\n|t:|1700126253\n|move|p2a: Tornadus|Taunt|p1a: Ting-Lu\n|-start|p1a: Ting-Lu|move: Taunt\n|move|p2b: Iron Hands|Heavy Slam|p1b: Landorus\n|-damage|p1b: Landorus|71\/100\n|move|p1b: Landorus|Stomping Tantrum|p2b: Iron Hands\n|-supereffective|p2b: Iron Hands\n|-damage|p2b: Iron Hands|0 fnt\n|faint|p2b: Iron Hands\n|-end|p2b: Iron Hands|Quark Drive|[silent]\n|move|p1a: Ting-Lu|Stomping Tantrum|p2a: Tornadus\n|-immune|p2a: Tornadus\n|\n|upkeep\n|\n|t:|1700126262\n|switch|p2b: Ogerpon|Ogerpon-Wellspring, F|100\/100\n|turn|11\n|\n|t:|1700126275\n|switch|p1b: Sinistcha|Sinistcha|100\/100\n|-heal|p1a: Ting-Lu|100\/100|[from] ability: Hospitality|[of] p1b: Sinistcha\n|move|p2b: Ogerpon|Ivy Cudgel|p1b: Sinistcha|[anim] Ivy Cudgel Water\n|-resisted|p1b: Sinistcha\n|-damage|p1b: Sinistcha|80\/100\n|move|p2a: Tornadus|Bleakwind Storm|p1a: Ting-Lu|[spread] p1b\n|-miss|p2a: Tornadus|p1a: Ting-Lu\n|-supereffective|p1b: Sinistcha\n|-damage|p1b: Sinistcha|27\/100\n|move|p1a: Ting-Lu|Ruination|p2b: Ogerpon\n|-damage|p2b: Ogerpon|51\/100\n|\n|upkeep\n|turn|12\n|\n|t:|1700126301\n|move|p2b: Ogerpon|Ivy Cudgel|p1b: Sinistcha|[anim] Ivy Cudgel Water\n|-resisted|p1b: Sinistcha\n|-crit|p1b: Sinistcha\n|-damage|p1b: Sinistcha|0 fnt\n|faint|p1b: Sinistcha\n|move|p2a: Tornadus|Bleakwind Storm|p1a: Ting-Lu\n|-damage|p1a: Ting-Lu|83\/100\n|move|p1a: Ting-Lu|Ruination|p2b: Ogerpon\n|-damage|p2b: Ogerpon|26\/100\n|\n|-end|p1a: Ting-Lu|move: Taunt\n|-sideend|p2: test 99 ou|move: Tailwind\n|upkeep\n|inactive|EVE09 has 120 seconds left.\n|\n|t:|1700126313\n|switch|p1b: Landorus|Landorus-Therian, M|71\/100\n|-ability|p1b: Landorus|Intimidate|boost\n|-unboost|p2a: Tornadus|atk|1\n|-unboost|p2b: Ogerpon|atk|1\n|turn|13\n|-message|test 99 ou forfeited.\n|\n|win|EVE09\n|raw|EVE09's rating: 1378 &rarr; <strong>1411<\/strong><br \/>(+33 for winning)\n|raw|test 99 ou's rating: 1638 &rarr; <strong>1605<\/strong><br \/>(-33 for losing)\n","uploadtime":1700126336,"views":16,"p1id":"eve09","p2id":"test99ou","formatid":"gen9doublesou","rating":1411,"private":0,"password":""}