{"id":"gen9doublesou-1978096707","p1":"jingguo","p2":"SuTaGar","format":"[Gen 9] Doubles OU","log":"|j|\u2606jingguo\n|j|\u2606SuTaGar\n|t:|1698498810\n|gametype|doubles\n|player|p1|jingguo|birdkeeper-gen4dp|1227\n|player|p2|SuTaGar|hiker|1296\n|teamsize|p1|6\n|teamsize|p2|6\n|gen|9\n|tier|[Gen 9] Doubles OU\n|rated|\n|rule|Species Clause: Limit one of each Pok\u00e9mon\n|rule|OHKO Clause: OHKO moves are banned\n|rule|Evasion Moves Clause: Evasion moves are banned\n|rule|Gravity Sleep Clause: The combination of sleep-inducing moves with imperfect accuracy and Gravity or Gigantamax Orbeetle are banned\n|rule|Endless Battle Clause: Forcing endless battles is banned\n|rule|HP Percentage Mod: HP is shown in percentages\n|clearpoke\n|poke|p1|Iron Moth|\n|poke|p1|Iron Treads|\n|poke|p1|Golem-Alola, M|\n|poke|p1|Baxcalibur, M|\n|poke|p1|Staraptor, M|\n|poke|p1|Samurott-Hisui, F|\n|poke|p2|Charizard, M|\n|poke|p2|Flutter Mane|\n|poke|p2|Torkoal, F|\n|poke|p2|Landorus-Therian, M|\n|poke|p2|Thundurus, M|\n|poke|p2|Iron Hands|\n|teampreview\n|inactive|Battle timer is ON: inactive players will automatically lose when time's up. (requested by jingguo)\n|\n|t:|1698498829\n|start\n|switch|p1a: Iron Treads|Iron Treads|100\/100\n|switch|p1b: Staraptor|Staraptor, M, shiny|100\/100\n|switch|p2a: LANDOX|Landorus-Therian, M|100\/100\n|switch|p2b: Iron Hands|Iron Hands|100\/100\n|-ability|p1b: Staraptor|Intimidate|boost\n|-unboost|p2a: LANDOX|atk|1\n|-unboost|p2b: Iron Hands|atk|1\n|-ability|p2a: LANDOX|Intimidate|boost\n|-unboost|p1a: Iron Treads|atk|1\n|-unboost|p1b: Staraptor|atk|1\n|-enditem|p1a: Iron Treads|Booster Energy\n|-activate|p1a: Iron Treads|ability: Quark Drive|[fromitem]\n|-start|p1a: Iron Treads|quarkdrivespe\n|-enditem|p2b: Iron Hands|Booster Energy\n|-activate|p2b: Iron Hands|ability: Quark Drive|[fromitem]\n|-start|p2b: Iron Hands|quarkdriveatk\n|turn|1\n|\n|t:|1698498857\n|switch|p1b: Samurott|Samurott-Hisui, F|100\/100\n|move|p1a: Iron Treads|Stealth Rock|p2a: LANDOX\n|-sidestart|p2: SuTaGar|move: Stealth Rock\n|move|p2a: LANDOX|Rock Slide|p1a: Iron Treads|[spread] p1a,p1b\n|-resisted|p1a: Iron Treads\n|-damage|p1a: Iron Treads|98\/100\n|-damage|p1b: Samurott|82\/100\n|move|p2b: Iron Hands|Drain Punch|p1a: Iron Treads\n|-supereffective|p1a: Iron Treads\n|-damage|p1a: Iron Treads|40\/100\n|\n|upkeep\n|turn|2\n|\n|t:|1698498885\n|move|p1b: Samurott|Detect|p1b: Samurott\n|-singleturn|p1b: Samurott|Protect\n|move|p1a: Iron Treads|Knock Off|p2a: LANDOX\n|-damage|p2a: LANDOX|86\/100\n|-enditem|p2a: LANDOX|Assault Vest|[from] move: Knock Off|[of] p1a: Iron Treads\n|move|p2a: LANDOX|U-turn|p1b: Samurott\n|-activate|p1b: Samurott|move: Protect\n|move|p2b: Iron Hands|Drain Punch|p1b: Samurott\n|-activate|p1b: Samurott|move: Protect\n|\n|upkeep\n|turn|3\n|\n|t:|1698498906\n|-end|p1a: Iron Treads|Quark Drive|[silent]\n|switch|p1a: Staraptor|Staraptor, M, shiny|100\/100\n|-ability|p1a: Staraptor|Intimidate|boost\n|-unboost|p2a: LANDOX|atk|1\n|-unboost|p2b: Iron Hands|atk|1\n|move|p1b: Samurott|Ceaseless Edge|p2a: LANDOX\n|-damage|p2a: LANDOX|38\/100\n|-sidestart|p2: SuTaGar|Spikes\n|move|p2a: LANDOX|U-turn|p1b: Samurott\n|-supereffective|p1b: Samurott\n|-damage|p1b: Samurott|50\/100\n|\n|t:|1698498919\n|switch|p2a: GROKOAL|Torkoal, F|100\/100|[from] U-turn\n|-damage|p2a: GROKOAL|75\/100|[from] Stealth Rock\n|-damage|p2a: GROKOAL|63\/100|[from] Spikes\n|-weather|SunnyDay|[from] ability: Drought|[of] p2a: GROKOAL\n|move|p2b: Iron Hands|Drain Punch|p1b: Samurott\n|-supereffective|p1b: Samurott\n|-damage|p1b: Samurott|0 fnt\n|faint|p1b: Samurott\n|\n|-weather|SunnyDay|[upkeep]\n|upkeep\n|\n|t:|1698498934\n|switch|p1b: Iron Treads|Iron Treads|40\/100\n|turn|4\n|\n|t:|1698498943\n|-end|p2b: Iron Hands|Quark Drive|[silent]\n|switch|p2b: LANDOX|Landorus-Therian, M|38\/100\n|-damage|p2b: LANDOX|25\/100|[from] Stealth Rock\n|-ability|p2b: LANDOX|Intimidate|boost\n|-unboost|p1a: Staraptor|atk|1\n|-unboost|p1b: Iron Treads|atk|1\n|move|p2a: GROKOAL|Protect|p2a: GROKOAL\n|-singleturn|p2a: GROKOAL|Protect\n|move|p1a: Staraptor|Final Gambit|p2a: GROKOAL\n|-activate|p2a: GROKOAL|move: Protect\n|move|p1b: Iron Treads|Endeavor|p2b: LANDOX\n|-immune|p2b: LANDOX\n|\n|-weather|SunnyDay|[upkeep]\n|upkeep\n|turn|5\n|\n|t:|1698498971\n|move|p1a: Staraptor|Final Gambit|p2a: GROKOAL\n|-damage|p2a: GROKOAL|0 fnt\n|faint|p1a: Staraptor\n|faint|p2a: GROKOAL\n|move|p1b: Iron Treads|Knock Off|p2b: LANDOX\n|-damage|p2b: LANDOX|14\/100\n|move|p2b: LANDOX|Rock Slide|p1b: Iron Treads\n|-resisted|p1b: Iron Treads\n|-damage|p1b: Iron Treads|35\/100\n|\n|-weather|SunnyDay|[upkeep]\n|upkeep\n|\n|t:|1698498986\n|switch|p1a: Iron Moth|Iron Moth|100\/100\n|switch|p2a: Iron Hands|Iron Hands|100\/100\n|-damage|p2a: Iron Hands|94\/100|[from] Stealth Rock\n|-damage|p2a: Iron Hands|82\/100|[from] Spikes\n|turn|6\n|\n|t:|1698498999\n|move|p1b: Iron Treads|Endeavor|p2a: Iron Hands\n|-damage|p2a: Iron Hands|28\/100\n|move|p1a: Iron Moth|Heat Wave|p2a: Iron Hands|[spread] p2b\n|-miss|p1a: Iron Moth|p2a: Iron Hands\n|-damage|p2b: LANDOX|0 fnt\n|faint|p2b: LANDOX\n|move|p2a: Iron Hands|Drain Punch|p1b: Iron Treads\n|-supereffective|p1b: Iron Treads\n|-damage|p1b: Iron Treads|0 fnt\n|-heal|p2a: Iron Hands|41\/100|[from] drain|[of] p1b: Iron Treads\n|faint|p1b: Iron Treads\n|-end|p1b: Iron Treads|Quark Drive|[silent]\n|\n|-weather|SunnyDay|[upkeep]\n|upkeep\n|\n|t:|1698499021\n|switch|p1b: Baxcalibur|Baxcalibur, M, shiny|100\/100\n|switch|p2b: TUDURUS|Thundurus, M|100\/100\n|-damage|p2b: TUDURUS|76\/100|[from] Stealth Rock\n|turn|7\n|\n|t:|1698499036\n|move|p2b: TUDURUS|Thunder Wave|p1b: Baxcalibur\n|-status|p1b: Baxcalibur|par\n|move|p1a: Iron Moth|Heat Wave|p2a: Iron Hands|[spread] p2a,p2b\n|-crit|p2b: TUDURUS\n|-damage|p2a: Iron Hands|0 fnt\n|-damage|p2b: TUDURUS|0 fnt\n|faint|p2a: Iron Hands\n|-end|p2a: Iron Hands|Quark Drive|[silent]\n|faint|p2b: TUDURUS\n|move|p1b: Baxcalibur|Dragon Dance|p1b: Baxcalibur\n|-boost|p1b: Baxcalibur|atk|1\n|-boost|p1b: Baxcalibur|spe|1\n|\n|-weather|none\n|upkeep\n|\n|t:|1698499050\n|switch|p2b: txaro|Charizard, M|100\/100\n|switch|p2a: DARK|Flutter Mane|100\/100\n|-damage|p2b: txaro|50\/100|[from] Stealth Rock\n|-damage|p2a: DARK|88\/100|[from] Stealth Rock\n|-damage|p2a: DARK|76\/100|[from] Spikes\n|turn|8\n|\n|t:|1698499062\n|-end|p1a: Iron Moth|Quark Drive|[silent]\n|switch|p1a: Golem|Golem-Alola, M, shiny|100\/100\n|-terastallize|p2a: DARK|Fairy\n|move|p1b: Baxcalibur|Ice Shard|p2a: DARK\n|-damage|p2a: DARK|0 fnt\n|faint|p2a: DARK\n|-end|p2a: DARK|Protosynthesis|[silent]\n|-damage|p1b: Baxcalibur|91\/100 par|[from] item: Life Orb\n|move|p2b: txaro|Heat Wave|p1a: Golem|[spread] p1a,p1b\n|-resisted|p1a: Golem\n|-damage|p1a: Golem|77\/100\n|-damage|p1b: Baxcalibur|59\/100 par\n|-status|p1a: Golem|brn\n|-ability|p1b: Baxcalibur|Thermal Exchange|boost\n|-boost|p1b: Baxcalibur|atk|1\n|\n|-damage|p1a: Golem|71\/100 brn|[from] brn\n|upkeep\n|turn|9\n|-message|SuTaGar forfeited.\n|\n|win|jingguo\n|raw|jingguo's rating: 1227 &rarr; <strong>1257<\/strong><br \/>(+30 for winning)\n|raw|SuTaGar's rating: 1296 &rarr; <strong>1266<\/strong><br \/>(-30 for losing)\n|l|\u2606SuTaGar\n","uploadtime":1698499078,"views":25,"p1id":"jingguo","p2id":"sutagar","formatid":"gen9doublesou","rating":1257,"private":0,"password":""}