{"id":"gen9doublesou-1976095767","p1":"NPSHarmonia","p2":"Nitrobinet","format":"[Gen 9] Doubles OU","log":"|j|\u2606NPSHarmonia\n|j|\u2606Nitrobinet\n|inactive|Battle timer is ON: inactive players will automatically lose when time's up.\n|t:|1698263299\n|gametype|doubles\n|player|p1|NPSHarmonia|266|\n|player|p2|Nitrobinet|nate|\n|teamsize|p1|6\n|teamsize|p2|6\n|gen|9\n|tier|[Gen 9] Doubles OU\n|rated|Tournament battle\n|rule|Species Clause: Limit one of each Pok\u00e9mon\n|rule|OHKO Clause: OHKO moves are banned\n|rule|Evasion Moves Clause: Evasion moves are banned\n|rule|Gravity Sleep Clause: The combination of sleep-inducing moves with imperfect accuracy and Gravity or Gigantamax Orbeetle are banned\n|rule|Endless Battle Clause: Forcing endless battles is banned\n|rule|HP Percentage Mod: HP is shown in percentages\n|clearpoke\n|poke|p1|Qwilfish, F|\n|poke|p1|Litwick, F|\n|poke|p1|Corvisquire, M|\n|poke|p1|Impidimp, M|\n|poke|p1|Diglett, M|\n|poke|p1|Voltorb-Hisui|\n|poke|p2|Tynamo, M|\n|poke|p2|Wiglett, F|\n|poke|p2|Lotad, F|\n|poke|p2|Shroodle, M|\n|poke|p2|Happiny, F|\n|poke|p2|Dragonair, F|\n|teampreview\n|j|*Lady Monita \u263d\n|inactive|Nitrobinet also wants the timer to be on.\n|j| Sunwardwall7000\n|\n|t:|1698263327\n|start\n|switch|p1a: Litwick|Litwick, F|100\/100\n|switch|p1b: Voltorb|Voltorb-Hisui|100\/100\n|switch|p2a: Shroodle|Shroodle, M|100\/100\n|switch|p2b: Lotad|Lotad, F|100\/100\n|turn|1\n|j| Foosyyy\n|j| Flasveaudu09\n|\n|t:|1698263348\n|move|p2a: Shroodle|Rain Dance|p2a: Shroodle\n|-weather|RainDance\n|move|p1b: Voltorb|Volt Switch|p2b: Lotad\n|-damage|p2b: Lotad|62\/100\n|j| ZacianBoi101\n|inactive|NPSHarmonia has 120 seconds left.\n|\n|t:|1698263364\n|switch|p1b: Qwilfish|Qwilfish, F|100\/100|[from] Volt Switch\n|-ability|p1b: Qwilfish|Intimidate|boost\n|-unboost|p2a: Shroodle|atk|1\n|-unboost|p2b: Lotad|atk|1\n|move|p2b: Lotad|Weather Ball|p1a: Litwick\n|-supereffective|p1a: Litwick\n|-damage|p1a: Litwick|29\/100\n|move|p1a: Litwick|Will-O-Wisp|p2a: Shroodle\n|-status|p2a: Shroodle|brn\n|\n|-weather|RainDance|[upkeep]\n|-damage|p2a: Shroodle|95\/100 brn|[from] brn\n|upkeep\n|turn|2\n|inactive|NPSHarmonia has 120 seconds left.\n|\n|t:|1698263391\n|switch|p2b: Tynamo|Tynamo, M|100\/100\n|move|p1b: Qwilfish|Gunk Shot|p2b: Tynamo\n|-damage|p2b: Tynamo|20\/100\n|-status|p2b: Tynamo|psn\n|move|p2a: Shroodle|Knock Off|p1a: Litwick\n|-supereffective|p1a: Litwick\n|-damage|p1a: Litwick|10\/100\n|-enditem|p1a: Litwick|Eviolite|[from] move: Knock Off|[of] p2a: Shroodle\n|move|p1a: Litwick|Taunt|p2a: Shroodle\n|-start|p2a: Shroodle|move: Taunt\n|\n|-weather|RainDance|[upkeep]\n|-damage|p2b: Tynamo|8\/100 psn|[from] psn\n|-damage|p2a: Shroodle|89\/100 brn|[from] brn\n|upkeep\n|turn|3\n|\n|t:|1698263414\n|move|p1b: Qwilfish|Aqua Jet|p2b: Tynamo\n|-damage|p2b: Tynamo|0 fnt\n|faint|p2b: Tynamo\n|move|p2a: Shroodle|Poison Jab|p1a: Litwick\n|-resisted|p1a: Litwick\n|-damage|p1a: Litwick|2\/100\n|move|p1a: Litwick|Heat Wave|p2a: Shroodle\n|-damage|p2a: Shroodle|48\/100 brn\n|\n|-weather|RainDance|[upkeep]\n|-damage|p2a: Shroodle|42\/100 brn|[from] brn\n|upkeep\n|j| Xaberzero\n|\n|t:|1698263425\n|switch|p2b: Wiglett|Wiglett, F|100\/100\n|turn|4\n|\n|t:|1698263439\n|move|p2b: Wiglett|Stomping Tantrum|p1b: Qwilfish\n|-supereffective|p1b: Qwilfish\n|-damage|p1b: Qwilfish|58\/100\n|move|p1b: Qwilfish|Gunk Shot|p2b: Wiglett\n|-enditem|p2b: Wiglett|Focus Sash\n|-damage|p2b: Wiglett|1\/100\n|move|p2a: Shroodle|Knock Off|p1a: Litwick\n|-supereffective|p1a: Litwick\n|-damage|p1a: Litwick|0 fnt\n|faint|p1a: Litwick\n|\n|-weather|RainDance|[upkeep]\n|-damage|p2a: Shroodle|36\/100 brn|[from] brn\n|upkeep\n|\n|t:|1698263447\n|switch|p1a: Voltorb|Voltorb-Hisui|100\/100\n|turn|5\n|\n|t:|1698263460\n|switch|p1b: Corvisquire|Corvisquire, M|100\/100\n|-ability|p1b: Corvisquire|Unnerve\n|move|p2b: Wiglett|Sucker Punch||[still]\n|-fail|p2b: Wiglett\n|move|p1a: Voltorb|Energy Ball|p2b: Wiglett\n|-supereffective|p2b: Wiglett\n|-damage|p2b: Wiglett|0 fnt\n|faint|p2b: Wiglett\n|move|p2a: Shroodle|Knock Off|p1b: Corvisquire\n|-damage|p1b: Corvisquire|93\/100\n|-enditem|p1b: Corvisquire|Eviolite|[from] move: Knock Off|[of] p2a: Shroodle\n|\n|-weather|RainDance|[upkeep]\n|-damage|p2a: Shroodle|30\/100 brn|[from] brn\n|-end|p2a: Shroodle|move: Taunt\n|upkeep\n|\n|t:|1698263472\n|switch|p2b: Dragonair|Dragonair, F, shiny|100\/100\n|turn|6\n|j| jfebhjbeebhjf\n|j| jzurf\n|l| jfebhjbeebhjf\n|l| jzurf\n|\n|t:|1698263493\n|-terastallize|p1b: Corvisquire|Flying\n|move|p2a: Shroodle|Taunt|p1b: Corvisquire\n|-start|p1b: Corvisquire|move: Taunt\n|move|p1a: Voltorb|Volt Switch|p2a: Shroodle\n|-damage|p2a: Shroodle|0 fnt\n|faint|p2a: Shroodle\n|\n|t:|1698263499\n|switch|p1a: Impidimp|Impidimp, M|100\/100|[from] Volt Switch\n|move|p2b: Dragonair|Dragon Dance|p2b: Dragonair\n|-boost|p2b: Dragonair|atk|1\n|-boost|p2b: Dragonair|spe|1\n|move|p1b: Corvisquire|Brave Bird|p2b: Dragonair\n|-damage|p2b: Dragonair|53\/100\n|-damage|p1b: Corvisquire|80\/100|[from] Recoil\n|\n|-weather|RainDance|[upkeep]\n|upkeep\n|\n|t:|1698263509\n|switch|p2a: Lotad|Lotad, F|62\/100\n|turn|7\n|\n|t:|1698263515\n|move|p1a: Impidimp|Thunder Wave|p2b: Dragonair\n|-status|p2b: Dragonair|par\n|move|p2a: Lotad|Ice Beam|p1b: Corvisquire\n|-supereffective|p1b: Corvisquire\n|-damage|p1b: Corvisquire|45\/100\n|move|p1b: Corvisquire|Brave Bird|p2b: Dragonair\n|-damage|p2b: Dragonair|6\/100 par\n|-damage|p1b: Corvisquire|33\/100|[from] Recoil\n|move|p2b: Dragonair|Iron Head|p1a: Impidimp\n|-supereffective|p1a: Impidimp\n|-damage|p1a: Impidimp|0 fnt\n|faint|p1a: Impidimp\n|\n|-weather|RainDance|[upkeep]\n|-activate|p2b: Dragonair|ability: Shed Skin\n|-curestatus|p2b: Dragonair|par|[msg]\n|upkeep\n|\n|t:|1698263532\n|switch|p1a: Diglett|Diglett, M|100\/100\n|turn|8\n|\n|t:|1698263537\n|move|p2b: Dragonair|Extreme Speed|p1b: Corvisquire\n|-damage|p1b: Corvisquire|0 fnt\n|faint|p1b: Corvisquire\n|move|p2a: Lotad|Giga Drain|p1a: Diglett\n|-supereffective|p1a: Diglett\n|-enditem|p1a: Diglett|Focus Sash\n|-damage|p1a: Diglett|1\/100\n|-heal|p2a: Lotad|100\/100|[from] drain|[of] p1a: Diglett\n|move|p1a: Diglett|Earthquake|p2b: Dragonair|[spread] p2a,p2b\n|-resisted|p2a: Lotad\n|-crit|p2a: Lotad\n|-damage|p2a: Lotad|67\/100\n|-damage|p2b: Dragonair|0 fnt\n|faint|p2b: Dragonair\n|\n|-weather|none\n|upkeep\n|\n|t:|1698263550\n|switch|p2b: Happiny|Happiny, F, shiny|100\/100\n|switch|p1b: Qwilfish|Qwilfish, F|58\/100\n|-ability|p1b: Qwilfish|Intimidate|boost\n|-unboost|p2a: Lotad|atk|1\n|-unboost|p2b: Happiny|atk|1\n|turn|9\n|\n|t:|1698263562\n|move|p1a: Diglett|Helping Hand|p1b: Qwilfish\n|-singleturn|p1b: Qwilfish|Helping Hand|[of] p1a: Diglett\n|move|p1b: Qwilfish|Gunk Shot|p2a: Lotad\n|-supereffective|p2a: Lotad\n|-damage|p2a: Lotad|0 fnt\n|faint|p2a: Lotad\n|move|p2b: Happiny|Seismic Toss|p1b: Qwilfish\n|-damage|p1b: Qwilfish|21\/100\n|\n|upkeep\n|turn|10\n|l| ZacianBoi101\n|j| jfebhjbeebhjf\n|\n|t:|1698263574\n|-terastallize|p2b: Happiny|Ghost\n|move|p1a: Diglett|Helping Hand|p1b: Qwilfish\n|-singleturn|p1b: Qwilfish|Helping Hand|[of] p1a: Diglett\n|move|p1b: Qwilfish|Liquidation|p2b: Happiny\n|-damage|p2b: Happiny|0 fnt\n|faint|p2b: Happiny\n|\n|win|NPSHarmonia\n|n|\u2606NPSHarmonia|npsharmonia\n|n|\u2606Nitrobinet|nitrobinet\n|n|*Lady Monita \u263d|ladymonita\n|n| Sunwardwall7000|sunwardwall7000\n|n| Foosyyy|foosyyy\n|n| Flasveaudu09|flasveaudu09\n|n| Xaberzero|xaberzero\n|n| jfebhjbeebhjf|jfebhjbeebhjf\n","uploadtime":1698263575,"views":14,"p1id":"npsharmonia","p2id":"nitrobinet","formatid":"gen9doublesou","rating":0,"private":0,"password":""}