{"id":"gen9doublesou-1992237063","p1":"Pkmn trainer troy","p2":"jawsildc","format":"[Gen 9] Doubles OU","log":"|j|\u2606Pkmn trainer troy\n|j|\u2606jawsildc\n|t:|1700166500\n|gametype|doubles\n|player|p1|Pkmn trainer troy|palmer|1420\n|player|p2|jawsildc|nate|1438\n|teamsize|p1|6\n|teamsize|p2|6\n|gen|9\n|tier|[Gen 9] Doubles OU\n|rated|\n|rule|Species Clause: Limit one of each Pok\u00e9mon\n|rule|OHKO Clause: OHKO moves are banned\n|rule|Evasion Moves Clause: Evasion moves are banned\n|rule|Gravity Sleep Clause: The combination of sleep-inducing moves with imperfect accuracy and Gravity or Gigantamax Orbeetle are banned\n|rule|Endless Battle Clause: Forcing endless battles is banned\n|rule|HP Percentage Mod: HP is shown in percentages\n|clearpoke\n|poke|p1|Farigiraf, F|\n|poke|p1|Braviary-Hisui, M|\n|poke|p1|Bronzong|\n|poke|p1|Diancie|\n|poke|p1|Pelipper, M|\n|poke|p1|Kingambit, F|\n|poke|p2|Dragapult, M|\n|poke|p2|Grimmsnarl, M|\n|poke|p2|Farigiraf, F|\n|poke|p2|Chien-Pao|\n|poke|p2|Scovillain, F|\n|poke|p2|Milotic, M|\n|teampreview\n|inactive|Battle timer is ON: inactive players will automatically lose when time's up. (requested by Pkmn trainer troy)\n|inactive|jawsildc also wants the timer to be on.\n|\n|t:|1700166522\n|start\n|switch|p1a: Farigiraf|Farigiraf, F|100\/100\n|switch|p1b: Diancie|Diancie|100\/100\n|switch|p2a: Grimmsnarl|Grimmsnarl, M, shiny|100\/100\n|switch|p2b: Scovillain|Scovillain, F|100\/100\n|turn|1\n|\n|t:|1700166532\n|switch|p2a: Milotic|Milotic, M|100\/100\n|move|p2b: Scovillain|Protect|p2b: Scovillain\n|-singleturn|p2b: Scovillain|Protect\n|move|p1b: Diancie|Diamond Storm|p2b: Scovillain|[spread] p2a\n|-activate|p2b: Scovillain|move: Protect\n|-damage|p2a: Milotic|75\/100\n|-boost|p1b: Diancie|def|2\n|move|p1a: Farigiraf|Trick Room|p1a: Farigiraf\n|-fieldstart|move: Trick Room|[of] p1a: Farigiraf\n|\n|-heal|p2a: Milotic|81\/100|[from] item: Leftovers\n|-ability|p2b: Scovillain|Moody|boost\n|-boost|p2b: Scovillain|spd|2\n|-unboost|p2b: Scovillain|def|1\n|upkeep\n|turn|2\n|\n|t:|1700166561\n|-terastallize|p1b: Diancie|Fighting\n|move|p1b: Diancie|Body Press|p2a: Milotic\n|-damage|p2a: Milotic|0 fnt\n|faint|p2a: Milotic\n|move|p1a: Farigiraf|Hyper Voice|p2b: Scovillain\n|-damage|p2b: Scovillain|69\/100\n|move|p2b: Scovillain|Substitute|p2b: Scovillain\n|-start|p2b: Scovillain|Substitute\n|-damage|p2b: Scovillain|44\/100\n|\n|-heal|p2b: Scovillain|50\/100|[from] item: Leftovers\n|-ability|p2b: Scovillain|Moody|boost\n|-boost|p2b: Scovillain|atk|2\n|-unboost|p2b: Scovillain|spd|1\n|upkeep\n|inactive|jawsildc has 120 seconds left.\n|\n|t:|1700166587\n|switch|p2a: Farigiraf|Farigiraf, F|100\/100\n|turn|3\n|\n|t:|1700166593\n|move|p2b: Scovillain|Protect|p2b: Scovillain\n|-singleturn|p2b: Scovillain|Protect\n|move|p1b: Diancie|Body Press|p2a: Farigiraf\n|-damage|p2a: Farigiraf|2\/100\n|move|p1a: Farigiraf|Hyper Voice|p2b: Scovillain|[spread] p2a\n|-activate|p2b: Scovillain|move: Protect\n|-damage|p2a: Farigiraf|0 fnt\n|faint|p2a: Farigiraf\n|\n|-heal|p2b: Scovillain|56\/100|[from] item: Leftovers\n|-ability|p2b: Scovillain|Moody|boost\n|-boost|p2b: Scovillain|spa|2\n|-unboost|p2b: Scovillain|spd|1\n|upkeep\n|\n|t:|1700166606\n|switch|p2a: Grimmsnarl|Grimmsnarl, M, shiny|100\/100\n|turn|4\n|\n|t:|1700166614\n|move|p2a: Grimmsnarl|Protect|p2a: Grimmsnarl\n|-singleturn|p2a: Grimmsnarl|Protect\n|move|p1b: Diancie|Body Press|p2a: Grimmsnarl\n|-activate|p2a: Grimmsnarl|move: Protect\n|move|p1a: Farigiraf|Hyper Voice|p2b: Scovillain|[spread] p2b\n|-activate|p2a: Grimmsnarl|move: Protect\n|-damage|p2b: Scovillain|4\/100\n|move|p2b: Scovillain|Giga Drain|p1b: Diancie\n|-damage|p1b: Diancie|45\/100\n|-heal|p2b: Scovillain|29\/100|[from] drain|[of] p1b: Diancie\n|\n|-heal|p2b: Scovillain|35\/100|[from] item: Leftovers\n|-ability|p2b: Scovillain|Moody|boost\n|-boost|p2b: Scovillain|spe|2\n|-unboost|p2b: Scovillain|spa|1\n|upkeep\n|turn|5\n|\n|t:|1700166633\n|move|p2a: Grimmsnarl|Protect||[still]\n|-fail|p2a: Grimmsnarl\n|move|p2b: Scovillain|Protect|p2b: Scovillain\n|-singleturn|p2b: Scovillain|Protect\n|move|p1b: Diancie|Rest|p1b: Diancie\n|-status|p1b: Diancie|slp|[from] move: Rest\n|-heal|p1b: Diancie|100\/100 slp|[silent]\n|move|p1a: Farigiraf|Hyper Voice|p2a: Grimmsnarl|[spread] p2a\n|-activate|p2b: Scovillain|move: Protect\n|-damage|p2a: Grimmsnarl|70\/100\n|\n|-heal|p2a: Grimmsnarl|76\/100|[from] item: Leftovers\n|-heal|p2b: Scovillain|41\/100|[from] item: Leftovers\n|-fieldend|move: Trick Room\n|-ability|p2b: Scovillain|Moody|boost\n|-boost|p2b: Scovillain|spe|2\n|-unboost|p2b: Scovillain|spd|1\n|upkeep\n|turn|6\n|\n|t:|1700166656\n|move|p2b: Scovillain|Giga Drain|p1a: Farigiraf\n|-damage|p1a: Farigiraf|45\/100\n|-heal|p2b: Scovillain|78\/100|[from] drain|[of] p1a: Farigiraf\n|-enditem|p1a: Farigiraf|Sitrus Berry|[eat]\n|-heal|p1a: Farigiraf|70\/100|[from] item: Sitrus Berry\n|move|p2a: Grimmsnarl|Spirit Break|p1a: Farigiraf\n|-damage|p1a: Farigiraf|35\/100\n|-unboost|p1a: Farigiraf|spa|1\n|cant|p1b: Diancie|slp\n|move|p1b: Diancie|Sleep Talk|p1b: Diancie\n|move|p1b: Diancie|Diamond Storm|p2b: Scovillain|[from]move: Sleep Talk|[spread] p2a,p2b\n|-supereffective|p2b: Scovillain\n|-end|p2b: Scovillain|Substitute\n|-damage|p2a: Grimmsnarl|45\/100\n|-boost|p1b: Diancie|def|2\n|move|p1a: Farigiraf|Trick Room|p1a: Farigiraf\n|-fieldstart|move: Trick Room|[of] p1a: Farigiraf\n|\n|-heal|p2a: Grimmsnarl|52\/100|[from] item: Leftovers\n|-heal|p2b: Scovillain|84\/100|[from] item: Leftovers\n|-ability|p2b: Scovillain|Moody|boost\n|-boost|p2b: Scovillain|def|2\n|-unboost|p2b: Scovillain|spa|1\n|upkeep\n|turn|7\n|inactive|Pkmn trainer troy has 120 seconds left.\n|\n|t:|1700166688\n|move|p2b: Scovillain|Protect|p2b: Scovillain\n|-singleturn|p2b: Scovillain|Protect\n|cant|p1b: Diancie|slp\n|move|p1b: Diancie|Sleep Talk|p1b: Diancie\n|move|p1b: Diancie|Diamond Storm|p2a: Grimmsnarl|[from]move: Sleep Talk|[spread] p2a\n|-activate|p2b: Scovillain|move: Protect\n|-damage|p2a: Grimmsnarl|21\/100\n|move|p1a: Farigiraf|Dazzling Gleam|p2b: Scovillain|[spread] p2a\n|-activate|p2b: Scovillain|move: Protect\n|-supereffective|p2a: Grimmsnarl\n|-damage|p2a: Grimmsnarl|0 fnt\n|faint|p2a: Grimmsnarl\n|\n|-heal|p2b: Scovillain|90\/100|[from] item: Leftovers\n|-ability|p2b: Scovillain|Moody|boost\n|-boost|p2b: Scovillain|spa|2\n|-unboost|p2b: Scovillain|spe|1\n|upkeep\n|\n|t:|1700166699\n|switch|p2a: Dragapult|Dragapult, M|100\/100\n|turn|8\n|\n|t:|1700166711\n|-curestatus|p1b: Diancie|slp|[msg]\n|move|p1b: Diancie|Body Press|p2b: Scovillain\n|-damage|p2b: Scovillain|0 fnt\n|faint|p2b: Scovillain\n|move|p1a: Farigiraf|Dazzling Gleam|p2a: Dragapult\n|-supereffective|p2a: Dragapult\n|-damage|p2a: Dragapult|49\/100\n|move|p2a: Dragapult|U-turn|p1a: Farigiraf\n|-supereffective|p1a: Farigiraf\n|-crit|p1a: Farigiraf\n|-damage|p1a: Farigiraf|0 fnt\n|faint|p1a: Farigiraf\n|\n|t:|1700166717\n|switch|p2a: Chien-Pao|Chien-Pao|100\/100|[from] U-turn\n|-ability|p2a: Chien-Pao|Sword of Ruin\n|\n|upkeep\n|-message|jawsildc forfeited.\n|\n|win|Pkmn trainer troy\n|raw|Pkmn trainer troy's rating: 1420 &rarr; <strong>1441<\/strong><br \/>(+21 for winning)\n|raw|jawsildc's rating: 1438 &rarr; <strong>1417<\/strong><br \/>(-21 for losing)\n|l|\u2606jawsildc\n","uploadtime":1700166730,"views":17,"p1id":"pkmntrainertroy","p2id":"jawsildc","formatid":"gen9doublesou","rating":1417,"private":0,"password":""}