{"id":"gen9doublesou-1971687787","p1":"Bungi Goongo","p2":"SXD2002","format":"[Gen 9] Doubles OU","log":"|j|\u2606Bungi Goongo\n|j|\u2606SXD2002\n|t:|1697761237\n|gametype|doubles\n|player|p1|Bungi Goongo|flannery|1115\n|player|p2|SXD2002|silver-masters|1103\n|teamsize|p1|6\n|teamsize|p2|4\n|gen|9\n|tier|[Gen 9] Doubles OU\n|rated|\n|rule|Species Clause: Limit one of each Pok\u00e9mon\n|rule|OHKO Clause: OHKO moves are banned\n|rule|Evasion Moves Clause: Evasion moves are banned\n|rule|Gravity Sleep Clause: The combination of sleep-inducing moves with imperfect accuracy and Gravity or Gigantamax Orbeetle are banned\n|rule|Endless Battle Clause: Forcing endless battles is banned\n|rule|HP Percentage Mod: HP is shown in percentages\n|clearpoke\n|poke|p1|Ursaluna-Bloodmoon, M|\n|poke|p1|Kingambit, M|\n|poke|p1|Ogerpon-Hearthflame, F|\n|poke|p1|Grimmsnarl, M|\n|poke|p1|Regieleki|\n|poke|p1|Ribombee, M|\n|poke|p2|Lurantis, F|\n|poke|p2|Murkrow, M|\n|poke|p2|Grimmsnarl, M|\n|poke|p2|Clefairy, M|\n|teampreview\n|inactive|Battle timer is ON: inactive players will automatically lose when time's up. (requested by SXD2002)\n|inactive|SXD2002 has 120 seconds left.\n|\n|t:|1697761273\n|start\n|switch|p1a: Ribombee|Ribombee, M, shiny|100\/100\n|switch|p1b: Grimmsnarl|Grimmsnarl, M, shiny|100\/100\n|switch|p2a: Grimmsnarl|Grimmsnarl, M|100\/100\n|switch|p2b: Lurantis|Lurantis, F|100\/100\n|turn|1\n|inactive|Bungi Goongo has 120 seconds left.\n|inactive|SXD2002 has 120 seconds left.\n|\n|t:|1697761319\n|-terastallize|p2b: Lurantis|Steel\n|move|p1b: Grimmsnarl|Fake Out|p2a: Grimmsnarl\n|-damage|p2a: Grimmsnarl|83\/100\n|cant|p2a: Grimmsnarl|flinch\n|move|p1a: Ribombee|Quiver Dance|p1a: Ribombee\n|-boost|p1a: Ribombee|spa|1\n|-boost|p1a: Ribombee|spd|1\n|-boost|p1a: Ribombee|spe|1\n|move|p2b: Lurantis|Superpower|p1b: Grimmsnarl\n|-damage|p1b: Grimmsnarl|63\/100\n|-boost|p2b: Lurantis|atk|1\n|-boost|p2b: Lurantis|def|1\n|\n|-heal|p2a: Grimmsnarl|89\/100|[from] item: Leftovers\n|upkeep\n|turn|2\n|inactive|Bungi Goongo has 120 seconds left.\n|inactive|SXD2002 has 120 seconds left.\n|\n|t:|1697761346\n|move|p1b: Grimmsnarl|Thunder Wave|p2b: Lurantis\n|-status|p2b: Lurantis|par\n|move|p2a: Grimmsnarl|Fake Tears|p2b: Lurantis\n|-boost|p2b: Lurantis|spd|2\n|move|p1a: Ribombee|Quiver Dance|p1a: Ribombee\n|-boost|p1a: Ribombee|spa|1\n|-boost|p1a: Ribombee|spd|1\n|-boost|p1a: Ribombee|spe|1\n|cant|p2b: Lurantis|par\n|\n|-heal|p2a: Grimmsnarl|95\/100|[from] item: Leftovers\n|upkeep\n|turn|3\n|inactive|Bungi Goongo has 120 seconds left.\n|\n|t:|1697761364\n|move|p1b: Grimmsnarl|Parting Shot|p2b: Lurantis\n|-boost|p2b: Lurantis|atk|1\n|-boost|p2b: Lurantis|spa|1\n|inactive|Bungi Goongo has 120 seconds left.\n|\n|t:|1697761373\n|switch|p1b: Ursaluna|Ursaluna-Bloodmoon, M|100\/100|[from] Parting Shot\n|move|p2a: Grimmsnarl|Fake Tears|p2b: Lurantis\n|-boost|p2b: Lurantis|spd|2\n|move|p1a: Ribombee|Baton Pass|p1a: Ribombee\n|inactive|Bungi Goongo has 120 seconds left.\n|\n|t:|1697761400\n|switch|p1a: Regieleki|Regieleki, shiny|100\/100|[from] Baton Pass\n|move|p2b: Lurantis|Superpower|p1b: Ursaluna\n|-supereffective|p1b: Ursaluna\n|-damage|p1b: Ursaluna|19\/100\n|-boost|p2b: Lurantis|atk|1\n|-boost|p2b: Lurantis|def|1\n|\n|-heal|p2a: Grimmsnarl|100\/100|[from] item: Leftovers\n|-heal|p1b: Ursaluna|25\/100|[from] item: Leftovers\n|upkeep\n|turn|4\n|inactive|Bungi Goongo has 120 seconds left.\n|inactive|SXD2002 has 120 seconds left.\n|inactive|Bungi Goongo has 90 seconds left.\n|\n|t:|1697761452\n|move|p2a: Grimmsnarl|Fake Tears|p2b: Lurantis\n|-boost|p2b: Lurantis|spd|2\n|move|p1a: Regieleki|Volt Switch|p2a: Grimmsnarl\n|-damage|p2a: Grimmsnarl|37\/100\n|\n|t:|1697761467\n|switch|p1a: Ribombee|Ribombee, M, shiny|100\/100|[from] Volt Switch\n|move|p1b: Ursaluna|Earth Power|p2b: Lurantis\n|-supereffective|p2b: Lurantis\n|-damage|p2b: Lurantis|81\/100 par\n|cant|p2b: Lurantis|par\n|\n|-heal|p2a: Grimmsnarl|43\/100|[from] item: Leftovers\n|-heal|p1b: Ursaluna|31\/100|[from] item: Leftovers\n|-heal|p2b: Lurantis|87\/100 par|[from] item: Leftovers\n|upkeep\n|turn|5\n|inactive|Bungi Goongo has 90 seconds left.\n|inactive|SXD2002 has 120 seconds left.\n|inactive|Bungi Goongo has 60 seconds left.\n|\n|t:|1697761510\n|move|p2a: Grimmsnarl|Scary Face|p2b: Lurantis\n|-boost|p2b: Lurantis|spe|2\n|move|p1a: Ribombee|Quiver Dance|p1a: Ribombee\n|-boost|p1a: Ribombee|spa|1\n|-boost|p1a: Ribombee|spd|1\n|-boost|p1a: Ribombee|spe|1\n|move|p1b: Ursaluna|Blood Moon|p2a: Grimmsnarl\n|-damage|p2a: Grimmsnarl|0 fnt\n|faint|p2a: Grimmsnarl\n|move|p2b: Lurantis|Leaf Storm|p1b: Ursaluna\n|-supereffective|p1b: Ursaluna\n|-damage|p1b: Ursaluna|0 fnt\n|-boost|p2b: Lurantis|spa|2\n|faint|p1b: Ursaluna\n|\n|-heal|p2b: Lurantis|94\/100 par|[from] item: Leftovers\n|upkeep\n|\n|t:|1697761524\n|switch|p2a: Murkrow|Murkrow, M|100\/100\n|switch|p1b: Grimmsnarl|Grimmsnarl, M, shiny|63\/100\n|turn|6\n|inactive|Bungi Goongo has 90 seconds left.\n|\n|t:|1697761535\n|move|p1b: Grimmsnarl|Fake Out|p2a: Murkrow\n|-damage|p2a: Murkrow|81\/100\n|cant|p2a: Murkrow|flinch\n|move|p1a: Ribombee|Quiver Dance|p1a: Ribombee\n|-boost|p1a: Ribombee|spa|1\n|-boost|p1a: Ribombee|spd|1\n|-boost|p1a: Ribombee|spe|1\n|cant|p2b: Lurantis|par\n|\n|-heal|p2b: Lurantis|99\/100 par|[from] item: Leftovers\n|upkeep\n|turn|7\n|\n|t:|1697761549\n|move|p2a: Murkrow|Thunder Wave|p1a: Ribombee\n|-status|p1a: Ribombee|par\n|move|p1b: Grimmsnarl|Sucker Punch|p2b: Lurantis\n|-damage|p2b: Lurantis|80\/100 par\n|cant|p1a: Ribombee|par\n|move|p2b: Lurantis|Superpower|p1a: Ribombee\n|-resisted|p1a: Ribombee\n|-damage|p1a: Ribombee|65\/100 par\n|-boost|p2b: Lurantis|atk|1\n|-boost|p2b: Lurantis|def|1\n|\n|-heal|p2b: Lurantis|87\/100 par|[from] item: Leftovers\n|upkeep\n|turn|8\n|inactive|Bungi Goongo has 120 seconds left.\n|inactive|Bungi Goongo has 90 seconds left.\n|\n|t:|1697761603\n|switch|p1b: Regieleki|Regieleki, shiny|100\/100\n|move|p2a: Murkrow|Screech|p1a: Ribombee\n|-unboost|p1a: Ribombee|def|2\n|cant|p1a: Ribombee|par\n|cant|p2b: Lurantis|par\n|\n|-heal|p2b: Lurantis|93\/100 par|[from] item: Leftovers\n|upkeep\n|turn|9\n|\n|t:|1697761618\n|switch|p2a: Clefairy|Clefairy, M|100\/100\n|move|p1b: Regieleki|Volt Switch|p2a: Clefairy\n|-damage|p2a: Clefairy|77\/100\n|\n|t:|1697761627\n|switch|p1b: Grimmsnarl|Grimmsnarl, M, shiny|63\/100|[from] Volt Switch\n|move|p1a: Ribombee|Baton Pass|p1a: Ribombee\n|\n|t:|1697761633\n|switch|p1a: Ogerpon|Ogerpon-Hearthflame, F|100\/100|[from] Baton Pass\n|-ability|p1a: Ogerpon|Mold Breaker\n|cant|p2b: Lurantis|par\n|\n|-heal|p2b: Lurantis|99\/100 par|[from] item: Leftovers\n|upkeep\n|turn|10\n|\n|t:|1697761649\n|move|p1b: Grimmsnarl|Fake Out|p2a: Clefairy\n|-damage|p2a: Clefairy|60\/100\n|cant|p2a: Clefairy|flinch\n|move|p1a: Ogerpon|Ivy Cudgel|p2b: Lurantis\n|-supereffective|p2b: Lurantis\n|-damage|p2b: Lurantis|44\/100 par\n|move|p2b: Lurantis|Superpower|p1a: Ogerpon\n|-damage|p1a: Ogerpon|0 fnt\n|-boost|p2b: Lurantis|atk|1\n|-boost|p2b: Lurantis|def|1\n|faint|p1a: Ogerpon\n|\n|-heal|p2b: Lurantis|50\/100 par|[from] item: Leftovers\n|upkeep\n|\n|t:|1697761662\n|switch|p1a: Regieleki|Regieleki, shiny|100\/100\n|turn|11\n|inactive|Bungi Goongo has 120 seconds left.\n|inactive|SXD2002 has 120 seconds left.\n|inactive|SXD2002 has 90 seconds left.\n|c|\u2606Bungi Goongo|ZZZZZ\n|\n|t:|1697761724\n|move|p1b: Grimmsnarl|Thunder Wave|p2a: Clefairy\n|-status|p2a: Clefairy|par\n|move|p1a: Regieleki|Volt Switch|p2a: Clefairy\n|-damage|p2a: Clefairy|35\/100 par\n|\n|t:|1697761730\n|switch|p1a: Ribombee|Ribombee, M, shiny|65\/100 par|[from] Volt Switch\n|move|p2b: Lurantis|Superpower|p1a: Ribombee\n|-resisted|p1a: Ribombee\n|-damage|p1a: Ribombee|15\/100 par\n|-boost|p2b: Lurantis|atk|1\n|-boost|p2b: Lurantis|def|1\n|move|p2a: Clefairy|Life Dew|p2a: Clefairy|[spread] p2a,p2b\n|-heal|p2a: Clefairy|61\/100 par\n|-heal|p2b: Lurantis|75\/100 par\n|\n|-heal|p2b: Lurantis|81\/100 par|[from] item: Leftovers\n|upkeep\n|turn|12\n|inactive|Bungi Goongo has 120 seconds left.\n|\n|t:|1697761759\n|move|p1b: Grimmsnarl|Sucker Punch|p2b: Lurantis\n|-damage|p2b: Lurantis|73\/100 par\n|move|p1a: Ribombee|Quiver Dance|p1a: Ribombee\n|-boost|p1a: Ribombee|spa|1\n|-boost|p1a: Ribombee|spd|1\n|-boost|p1a: Ribombee|spe|1\n|move|p2b: Lurantis|Superpower|p1b: Grimmsnarl\n|-damage|p1b: Grimmsnarl|0 fnt\n|-boost|p2b: Lurantis|def|1\n|faint|p1b: Grimmsnarl\n|move|p2a: Clefairy|Life Dew|p2a: Clefairy|[spread] p2a,p2b\n|-heal|p2a: Clefairy|86\/100 par\n|-heal|p2b: Lurantis|98\/100 par\n|\n|-heal|p2b: Lurantis|100\/100 par|[from] item: Leftovers\n|upkeep\n|\n|t:|1697761764\n|switch|p1b: Regieleki|Regieleki, shiny|100\/100\n|turn|13\n|inactive|SXD2002 has 120 seconds left.\n|inactive|Bungi Goongo has 120 seconds left.\n|\n|t:|1697761792\n|move|p2a: Clefairy|Helping Hand|p2b: Lurantis\n|-singleturn|p2b: Lurantis|Helping Hand|[of] p2a: Clefairy\n|move|p1b: Regieleki|Volt Switch|p2b: Lurantis\n|-damage|p2b: Lurantis|95\/100 par\n|\n|t:|1697761799\n|switch|p1b: Kingambit|Kingambit, M, shiny|100\/100|[from] Volt Switch\n|-activate|p1b: Kingambit|ability: Supreme Overlord\n|-start|p1b: Kingambit|fallen3|[silent]\n|move|p1a: Ribombee|Baton Pass|p1a: Ribombee\n|\n|t:|1697761805\n|switch|p1a: Regieleki|Regieleki, shiny|100\/100|[from] Baton Pass\n|move|p2b: Lurantis|Superpower|p1a: Regieleki\n|-enditem|p1a: Regieleki|Focus Sash\n|-damage|p1a: Regieleki|1\/100\n|\n|-heal|p2b: Lurantis|100\/100 par|[from] item: Leftovers\n|upkeep\n|turn|14\n|inactive|Bungi Goongo has 120 seconds left.\n|\n|t:|1697761830\n|-terastallize|p1b: Kingambit|Dark\n|move|p2a: Clefairy|Follow Me|p2a: Clefairy\n|-singleturn|p2a: Clefairy|move: Follow Me\n|move|p1a: Regieleki|Volt Switch|p2a: Clefairy\n|-damage|p2a: Clefairy|48\/100 par\n|\n|t:|1697761833\n|switch|p1a: Ribombee|Ribombee, M, shiny|15\/100 par|[from] Volt Switch\n|move|p1b: Kingambit|Swords Dance|p1b: Kingambit\n|-boost|p1b: Kingambit|atk|2\n|move|p2b: Lurantis|Pollen Puff|p1a: Ribombee\n|-resisted|p1a: Ribombee\n|-damage|p1a: Ribombee|0 fnt\n|faint|p1a: Ribombee\n|\n|upkeep\n|\n|t:|1697761837\n|switch|p1a: Regieleki|Regieleki, shiny|1\/100\n|turn|15\n|\n|t:|1697761864\n|move|p1b: Kingambit|Sucker Punch|p2b: Lurantis\n|-damage|p2b: Lurantis|61\/100 par\n|-damage|p1b: Kingambit|91\/100|[from] item: Life Orb\n|move|p1a: Regieleki|Volt Switch|p2a: Clefairy\n|-damage|p2a: Clefairy|24\/100 par\n|move|p2b: Lurantis|Pollen Puff|p1b: Kingambit\n|-supereffective|p1b: Kingambit\n|-damage|p1b: Kingambit|12\/100\n|cant|p2a: Clefairy|par\n|\n|-heal|p2b: Lurantis|67\/100 par|[from] item: Leftovers\n|upkeep\n|turn|16\n|\n|t:|1697761890\n|move|p1a: Regieleki|Volt Switch|p2b: Lurantis\n|-damage|p2b: Lurantis|62\/100 par\n|move|p1b: Kingambit|Kowtow Cleave|p2b: Lurantis\n|-damage|p2b: Lurantis|17\/100 par\n|-damage|p1b: Kingambit|2\/100|[from] item: Life Orb\n|cant|p2b: Lurantis|par\n|move|p2a: Clefairy|Life Dew|p2a: Clefairy|[spread] p2a,p2b\n|-heal|p2a: Clefairy|49\/100 par\n|-heal|p2b: Lurantis|42\/100 par\n|\n|-heal|p2b: Lurantis|48\/100 par|[from] item: Leftovers\n|upkeep\n|turn|17\n|inactive|Bungi Goongo has 120 seconds left.\n|\n|t:|1697761942\n|cant|p2b: Lurantis|par\n|move|p1b: Kingambit|Sucker Punch||[still]\n|-fail|p1b: Kingambit\n|move|p1a: Regieleki|Volt Switch|p2b: Lurantis\n|-damage|p2b: Lurantis|42\/100 par\n|move|p2a: Clefairy|Life Dew|p2a: Clefairy|[spread] p2a,p2b\n|-heal|p2a: Clefairy|74\/100 par\n|-heal|p2b: Lurantis|67\/100 par\n|\n|-heal|p2b: Lurantis|73\/100 par|[from] item: Leftovers\n|upkeep\n|turn|18\n|inactive|Bungi Goongo has 120 seconds left.\n|\n|t:|1697761953\n|move|p2b: Lurantis|Protect|p2b: Lurantis\n|-singleturn|p2b: Lurantis|Protect\n|move|p1a: Regieleki|Volt Switch|p2a: Clefairy\n|-damage|p2a: Clefairy|50\/100 par\n|move|p1b: Kingambit|Kowtow Cleave|p2a: Clefairy\n|-resisted|p2a: Clefairy\n|-damage|p2a: Clefairy|0 fnt\n|faint|p2a: Clefairy\n|-damage|p1b: Kingambit|0 fnt|[from] item: Life Orb\n|faint|p1b: Kingambit\n|-end|p1b: Kingambit|fallen3|[silent]\n|\n|-heal|p2b: Lurantis|80\/100 par|[from] item: Leftovers\n|upkeep\n|\n|t:|1697761962\n|switch|p2a: Murkrow|Murkrow, M|81\/100\n|turn|19\n|c|\u2606SXD2002|gg\n|c|\u2606Bungi Goongo|Damn\n|c|\u2606Bungi Goongo|I forgot I was Life Orb\n|\n|t:|1697761978\n|move|p1a: Regieleki|Electroweb|p2a: Murkrow|[spread] p2a,p2b\n|-supereffective|p2a: Murkrow\n|-damage|p2a: Murkrow|40\/100\n|-damage|p2b: Lurantis|75\/100 par\n|-unboost|p2a: Murkrow|spe|1\n|-boost|p2b: Lurantis|spe|1\n|move|p2a: Murkrow|Foul Play|p1a: Regieleki\n|-damage|p1a: Regieleki|0 fnt\n|faint|p1a: Regieleki\n|\n|win|SXD2002\n|raw|Bungi Goongo's rating: 1115 &rarr; <strong>1089<\/strong><br \/>(-26 for losing)\n|raw|SXD2002's rating: 1103 &rarr; <strong>1129<\/strong><br \/>(+26 for winning)\n|l|\u2606Bungi Goongo\n","uploadtime":1697762032,"views":9,"p1id":"bungigoongo","p2id":"sxd2002","formatid":"gen9doublesou","rating":1089,"private":0,"password":""}