{"id":"gen9doublesou-1996272826","p1":"RocketsViability","p2":"Silverskye777","format":"[Gen 9] Doubles OU","log":"|j|\u2606RocketsViability\n|j|\u2606Silverskye777\n|t:|1700666284\n|gametype|doubles\n|player|p1|RocketsViability|102|1235\n|player|p2|Silverskye777|gambler|1306\n|teamsize|p1|6\n|teamsize|p2|6\n|gen|9\n|tier|[Gen 9] Doubles OU\n|rated|\n|rule|Species Clause: Limit one of each Pok\u00e9mon\n|rule|OHKO Clause: OHKO moves are banned\n|rule|Evasion Moves Clause: Evasion moves are banned\n|rule|Gravity Sleep Clause: The combination of sleep-inducing moves with imperfect accuracy and Gravity or Gigantamax Orbeetle are banned\n|rule|Endless Battle Clause: Forcing endless battles is banned\n|rule|HP Percentage Mod: HP is shown in percentages\n|clearpoke\n|poke|p1|Ninetales-Alola, M|\n|poke|p1|Trevenant, M|\n|poke|p1|Goodra-Hisui, M|\n|poke|p1|Sandslash-Alola, M|\n|poke|p1|Houndoom, M|\n|poke|p1|Empoleon, M|\n|poke|p2|Ursaluna-Bloodmoon, M|\n|poke|p2|Jolteon, F|\n|poke|p2|Gastrodon, M|\n|poke|p2|Greninja-*, M|\n|poke|p2|Farigiraf, M|\n|poke|p2|Kingambit, M|\n|teampreview\n|inactive|Battle timer is ON: inactive players will automatically lose when time's up. (requested by Silverskye777)\n|\n|t:|1700666298\n|start\n|switch|p1a: Trevenant|Trevenant, M|100\/100\n|switch|p1b: Ninetales|Ninetales-Alola, M|100\/100\n|switch|p2a: Ursaluna|Ursaluna-Bloodmoon, M|100\/100\n|switch|p2b: Jolteon|Jolteon, F|100\/100\n|-weather|Snow|[from] ability: Snow Warning|[of] p1b: Ninetales\n|turn|1\n|\n|t:|1700666313\n|move|p2b: Jolteon|Protect|p2b: Jolteon\n|-singleturn|p2b: Jolteon|Protect\n|move|p1b: Ninetales|Aurora Veil|p1b: Ninetales\n|-sidestart|p1: RocketsViability|move: Aurora Veil\n|move|p1a: Trevenant|Toxic|p2a: Ursaluna\n|-status|p2a: Ursaluna|tox\n|move|p2a: Ursaluna|Blood Moon|p1a: Trevenant\n|-damage|p1a: Trevenant|58\/100\n|\n|-weather|Snow|[upkeep]\n|-damage|p2a: Ursaluna|94\/100 tox|[from] psn\n|upkeep\n|turn|2\n|inactive|Silverskye777 has 120 seconds left.\n|\n|t:|1700666344\n|move|p2b: Jolteon|Copycat|p2b: Jolteon\n|move|p2b: Jolteon|Blood Moon|p1a: Trevenant|[from]move: Copycat\n|-immune|p1a: Trevenant\n|move|p1b: Ninetales|Blizzard|p2b: Jolteon|[spread] p2a,p2b\n|-supereffective|p2a: Ursaluna\n|-damage|p2a: Ursaluna|26\/100 tox\n|-damage|p2b: Jolteon|57\/100\n|move|p1a: Trevenant|Horn Leech|p2b: Jolteon\n|-damage|p2b: Jolteon|5\/100\n|-heal|p1a: Trevenant|77\/100|[from] drain|[of] p2b: Jolteon\n|move|p2a: Ursaluna|Earth Power|p1b: Ninetales\n|-damage|p1b: Ninetales|56\/100\n|\n|-weather|Snow|[upkeep]\n|-damage|p2a: Ursaluna|14\/100 tox|[from] psn\n|upkeep\n|turn|3\n|inactive|Silverskye777 has 120 seconds left.\n|\n|t:|1700666372\n|move|p2b: Jolteon|Discharge|p1b: Ninetales|[spread] p1a,p1b\n|-immune|p2a: Ursaluna\n|-resisted|p1a: Trevenant\n|-damage|p1a: Trevenant|67\/100\n|-damage|p1b: Ninetales|27\/100\n|-status|p1a: Trevenant|par\n|-damage|p2b: Jolteon|0 fnt|[from] item: Life Orb\n|faint|p2b: Jolteon\n|move|p1b: Ninetales|Blizzard|p2a: Ursaluna\n|-supereffective|p2a: Ursaluna\n|-crit|p2a: Ursaluna\n|-damage|p2a: Ursaluna|0 fnt\n|faint|p2a: Ursaluna\n|cant|p1a: Trevenant|par\n|\n|-weather|Snow|[upkeep]\n|upkeep\n|inactive|Silverskye777 has 120 seconds left.\n|\n|t:|1700666387\n|switch|p2b: Farigiraf|Farigiraf, M|100\/100\n|switch|p2a: Kingambit|Kingambit, M|100\/100\n|turn|4\n|inactive|Silverskye777 has 120 seconds left.\n|\n|t:|1700666411\n|move|p1b: Ninetales|Blizzard|p2a: Kingambit|[spread] p2a,p2b\n|-resisted|p2a: Kingambit\n|-damage|p2a: Kingambit|86\/100\n|-damage|p2b: Farigiraf|67\/100\n|move|p2b: Farigiraf|Psychic|p1a: Trevenant\n|-damage|p1a: Trevenant|45\/100 par\n|-enditem|p1a: Trevenant|Sitrus Berry|[eat]\n|-heal|p1a: Trevenant|70\/100 par|[from] item: Sitrus Berry\n|move|p2a: Kingambit|Iron Head|p1b: Ninetales\n|-supereffective|p1b: Ninetales\n|-damage|p1b: Ninetales|0 fnt\n|faint|p1b: Ninetales\n|move|p1a: Trevenant|Toxic|p2b: Farigiraf\n|-status|p2b: Farigiraf|tox\n|\n|-weather|Snow|[upkeep]\n|-damage|p2b: Farigiraf|61\/100 tox|[from] psn\n|upkeep\n|inactive|RocketsViability has 120 seconds left.\n|\n|t:|1700666426\n|switch|p1b: Houndoom|Houndoom, M|100\/100\n|turn|5\n|\n|t:|1700666439\n|move|p2a: Kingambit|Sucker Punch||[still]\n|-fail|p2a: Kingambit\n|move|p1b: Houndoom|Flare Blitz|p2a: Kingambit\n|-supereffective|p2a: Kingambit\n|-damage|p2a: Kingambit|0 fnt\n|faint|p2a: Kingambit\n|-damage|p1b: Houndoom|61\/100|[from] Recoil\n|-damage|p1b: Houndoom|51\/100|[from] item: Life Orb\n|move|p2b: Farigiraf|Hyper Voice|p1a: Trevenant|[spread] p1b\n|-immune|p1a: Trevenant\n|-damage|p1b: Houndoom|21\/100\n|move|p1a: Trevenant|Disable|p2b: Farigiraf\n|-start|p2b: Farigiraf|Disable|Hyper Voice\n|\n|-weather|Snow|[upkeep]\n|-damage|p2b: Farigiraf|48\/100 tox|[from] psn\n|-sideend|p1: RocketsViability|move: Aurora Veil\n|-item|p1a: Trevenant|Sitrus Berry|[from] ability: Harvest\n|upkeep\n|\n|t:|1700666459\n|switch|p2a: Gastrodon|Gastrodon, M|100\/100\n|turn|6\n|\n|t:|1700666483\n|-terastallize|p2a: Gastrodon|Ground\n|move|p1a: Trevenant|Ally Switch|p1a: Trevenant\n|swap|p1a: Trevenant|1|[from] move: Ally Switch\n|move|p1a: Houndoom|Trailblaze|p2a: Gastrodon\n|-supereffective|p2a: Gastrodon\n|-damage|p2a: Gastrodon|58\/100\n|-boost|p1a: Houndoom|spe|1\n|-damage|p1a: Houndoom|11\/100|[from] item: Life Orb\n|move|p2b: Farigiraf|Psychic|p1a: Houndoom\n|-immune|p1a: Houndoom\n|move|p2a: Gastrodon|Recover|p2a: Gastrodon\n|-heal|p2a: Gastrodon|100\/100\n|\n|-weather|Snow|[upkeep]\n|-damage|p2b: Farigiraf|30\/100 tox|[from] psn\n|upkeep\n|turn|7\n|inactive|RocketsViability has 120 seconds left.\n|\n|t:|1700666515\n|move|p1a: Houndoom|Trailblaze|p2a: Gastrodon\n|-supereffective|p2a: Gastrodon\n|-damage|p2a: Gastrodon|64\/100\n|-boost|p1a: Houndoom|spe|1\n|-damage|p1a: Houndoom|2\/100|[from] item: Life Orb\n|move|p2b: Farigiraf|Psychic|p1b: Trevenant\n|-damage|p1b: Trevenant|37\/100 par\n|-enditem|p1b: Trevenant|Sitrus Berry|[eat]\n|-heal|p1b: Trevenant|62\/100 par|[from] item: Sitrus Berry\n|move|p2a: Gastrodon|Recover|p2a: Gastrodon\n|-heal|p2a: Gastrodon|100\/100\n|move|p1b: Trevenant|Disable|p2a: Gastrodon\n|-start|p2a: Gastrodon|Disable|Recover\n|\n|-weather|Snow|[upkeep]\n|-damage|p2b: Farigiraf|6\/100 tox|[from] psn\n|upkeep\n|turn|8\n|\n|t:|1700666541\n|move|p2a: Gastrodon|Helping Hand|p2b: Farigiraf\n|-singleturn|p2b: Farigiraf|Helping Hand|[of] p2a: Gastrodon\n|move|p1b: Trevenant|Ally Switch|p1b: Trevenant\n|swap|p1b: Trevenant|0|[from] move: Ally Switch\n|move|p1b: Houndoom|Flare Blitz|p2a: Gastrodon\n|-crit|p2a: Gastrodon\n|-damage|p2a: Gastrodon|0 fnt\n|faint|p2a: Gastrodon\n|-damage|p1b: Houndoom|0 fnt|[from] Recoil\n|faint|p1b: Houndoom\n|move|p2b: Farigiraf|Psychic|p1a: Trevenant\n|-damage|p1a: Trevenant|7\/100 par\n|\n|-weather|none\n|-damage|p2b: Farigiraf|0 fnt|[from] psn\n|faint|p2b: Farigiraf\n|-item|p1a: Trevenant|Sitrus Berry|[from] ability: Harvest\n|upkeep\n|-enditem|p1a: Trevenant|Sitrus Berry|[eat]\n|-heal|p1a: Trevenant|32\/100 par|[from] item: Sitrus Berry\n|-message|Silverskye777 forfeited.\n|\n|win|RocketsViability\n|raw|RocketsViability's rating: 1235 &rarr; <strong>1265<\/strong><br \/>(+30 for winning)\n|raw|Silverskye777's rating: 1306 &rarr; <strong>1282<\/strong><br \/>(-24 for losing)\n|l|\u2606Silverskye777\n","uploadtime":1700666564,"views":2,"p1id":"rocketsviability","p2id":"silverskye777","formatid":"gen9doublesou","rating":1265,"private":0,"password":""}