{"id":"gen9doublesou-1987078157","p1":"ywf288","p2":"D317","format":"[Gen 9] Doubles OU","log":"|j|\u2606ywf288\n|j|\u2606D317\n|t:|1699554278\n|gametype|doubles\n|player|p1|ywf288|169|1065\n|player|p2|D317|clair|1021\n|teamsize|p1|6\n|teamsize|p2|6\n|gen|9\n|tier|[Gen 9] Doubles OU\n|rated|\n|rule|Species Clause: Limit one of each Pok\u00e9mon\n|rule|OHKO Clause: OHKO moves are banned\n|rule|Evasion Moves Clause: Evasion moves are banned\n|rule|Gravity Sleep Clause: The combination of sleep-inducing moves with imperfect accuracy and Gravity or Gigantamax Orbeetle are banned\n|rule|Endless Battle Clause: Forcing endless battles is banned\n|rule|HP Percentage Mod: HP is shown in percentages\n|clearpoke\n|poke|p1|Brambleghast, M|\n|poke|p1|Tornadus, M|\n|poke|p1|Clefable, F|\n|poke|p1|Sandy Shocks|\n|poke|p1|Rillaboom, M|\n|poke|p1|Espeon, F|\n|poke|p2|Mimikyu, F|\n|poke|p2|Iron Hands|\n|poke|p2|Landorus-Therian, M|\n|poke|p2|Lurantis, F|\n|poke|p2|Clefairy, M|\n|poke|p2|Chien-Pao|\n|teampreview\n|inactive|Battle timer is ON: inactive players will automatically lose when time's up. (requested by D317)\n|\n|t:|1699554295\n|start\n|switch|p1a: Brambleghast|Brambleghast, M|100\/100\n|switch|p1b: Tornadus|Tornadus, M|100\/100\n|switch|p2a: Cereal|Lurantis, F, shiny|100\/100\n|switch|p2b: Iron Hands|Iron Hands, shiny|100\/100\n|turn|1\n|\n|t:|1699554310\n|move|p1b: Tornadus|Protect|p1b: Tornadus\n|-singleturn|p1b: Tornadus|Protect\n|move|p1a: Brambleghast|Protect|p1a: Brambleghast\n|-singleturn|p1a: Brambleghast|Protect\n|move|p2b: Iron Hands|Fake Out|p1b: Tornadus\n|-activate|p1b: Tornadus|move: Protect\n|move|p2a: Cereal|Leaf Storm|p1a: Brambleghast\n|-activate|p1a: Brambleghast|move: Protect\n|\n|upkeep\n|turn|2\n|\n|t:|1699554333\n|move|p1b: Tornadus|Tailwind|p1b: Tornadus\n|-sidestart|p1: ywf288|move: Tailwind\n|-ability|p1a: Brambleghast|Wind Rider|boost\n|-boost|p1a: Brambleghast|atk|1\n|move|p1a: Brambleghast|Power Whip|p2b: Iron Hands\n|-crit|p2b: Iron Hands\n|-damage|p2b: Iron Hands|0 fnt\n|faint|p2b: Iron Hands\n|-end|p2b: Iron Hands|Quark Drive|[silent]\n|-damage|p1a: Brambleghast|91\/100|[from] item: Life Orb\n|move|p2a: Cereal|Leaf Storm|p1a: Brambleghast\n|-resisted|p1a: Brambleghast\n|-damage|p1a: Brambleghast|36\/100\n|-boost|p2a: Cereal|spa|2\n|\n|upkeep\n|\n|t:|1699554347\n|switch|p2b: Landorus|Landorus-Therian, M, shiny|100\/100\n|-ability|p2b: Landorus|Intimidate|boost\n|-unboost|p1a: Brambleghast|atk|1\n|-unboost|p1b: Tornadus|atk|1\n|turn|3\n|\n|t:|1699554363\n|switch|p1a: Clefable|Clefable, F|100\/100\n|-terastallize|p2a: Cereal|Fire\n|move|p1b: Tornadus|Hurricane|p2a: Cereal\n|-damage|p2a: Cereal|54\/100\n|move|p2b: Landorus|Rock Slide|p1b: Tornadus|[spread] p1a,p1b\n|-supereffective|p1b: Tornadus\n|-damage|p1a: Clefable|82\/100\n|-damage|p1b: Tornadus|37\/100\n|move|p2a: Cereal|Leaf Storm|p1a: Clefable\n|-damage|p1a: Clefable|0 fnt\n|-boost|p2a: Cereal|spa|2\n|faint|p1a: Clefable\n|\n|upkeep\n|inactive|ywf288 has 120 seconds left.\n|\n|t:|1699554391\n|switch|p1a: Sandy Shocks|Sandy Shocks|100\/100\n|-enditem|p1a: Sandy Shocks|Booster Energy\n|-activate|p1a: Sandy Shocks|ability: Protosynthesis|[fromitem]\n|-start|p1a: Sandy Shocks|protosynthesisspa\n|turn|4\n|\n|t:|1699554404\n|-terastallize|p1a: Sandy Shocks|Water\n|move|p1b: Tornadus|Protect|p1b: Tornadus\n|-singleturn|p1b: Tornadus|Protect\n|move|p1a: Sandy Shocks|Tera Blast|p2a: Cereal|[anim] Tera Blast Water\n|-supereffective|p2a: Cereal\n|-damage|p2a: Cereal|0 fnt\n|faint|p2a: Cereal\n|move|p2b: Landorus|Rock Slide|p1b: Tornadus|[spread] \n|-activate|p1b: Tornadus|move: Protect\n|-miss|p2b: Landorus|p1a: Sandy Shocks\n|\n|upkeep\n|\n|t:|1699554416\n|switch|p2a: Chien-Pao|Chien-Pao|100\/100\n|-ability|p2a: Chien-Pao|Sword of Ruin\n|turn|5\n|\n|t:|1699554434\n|switch|p1b: Brambleghast|Brambleghast, M|36\/100\n|-ability|p1b: Brambleghast|Wind Rider|boost\n|-boost|p1b: Brambleghast|atk|1\n|move|p1a: Sandy Shocks|Flash Cannon|p2a: Chien-Pao\n|-supereffective|p2a: Chien-Pao\n|-damage|p2a: Chien-Pao|0 fnt\n|faint|p2a: Chien-Pao\n|move|p2b: Landorus|Rock Slide|p1b: Brambleghast|[spread] p1a,p1b\n|-damage|p1a: Sandy Shocks|77\/100\n|-damage|p1b: Brambleghast|0 fnt\n|faint|p1b: Brambleghast\n|\n|-sideend|p1: ywf288|move: Tailwind\n|upkeep\n|\n|t:|1699554449\n|switch|p2a: Mimikyu|Mimikyu, F, shiny|100\/100\n|switch|p1b: Rillaboom|Rillaboom, M|100\/100\n|-fieldstart|move: Grassy Terrain|[from] ability: Grassy Surge|[of] p1b: Rillaboom\n|turn|6\n|inactive|D317 has 120 seconds left.\n|\n|t:|1699554481\n|move|p1b: Rillaboom|Fake Out|p2a: Mimikyu\n|-immune|p2a: Mimikyu\n|move|p2a: Mimikyu|Play Rough|p1b: Rillaboom\n|-damage|p1b: Rillaboom|64\/100\n|move|p2b: Landorus|Rock Slide|p1a: Sandy Shocks|[spread] p1a,p1b\n|-damage|p1a: Sandy Shocks|53\/100\n|-damage|p1b: Rillaboom|38\/100\n|move|p1a: Sandy Shocks|Tera Blast|p2b: Landorus|[anim] Tera Blast Water\n|-supereffective|p2b: Landorus\n|-damage|p2b: Landorus|0 fnt\n|faint|p2b: Landorus\n|\n|-heal|p1a: Sandy Shocks|59\/100|[from] Grassy Terrain\n|-heal|p1b: Rillaboom|44\/100|[from] Grassy Terrain\n|upkeep\n|inactive|D317 has 120 seconds left.\n|\n|t:|1699554492\n|switch|p2b: Clefairy|Clefairy, M|100\/100\n|turn|7\n|\n|t:|1699554511\n|move|p2b: Clefairy|Protect|p2b: Clefairy\n|-singleturn|p2b: Clefairy|Protect\n|move|p2a: Mimikyu|Play Rough|p1b: Rillaboom\n|-damage|p1b: Rillaboom|6\/100\n|-unboost|p1b: Rillaboom|atk|1\n|move|p1a: Sandy Shocks|Flash Cannon|p2b: Clefairy\n|-activate|p2b: Clefairy|move: Protect\n|move|p1b: Rillaboom|U-turn|p2a: Mimikyu\n|-activate|p2a: Mimikyu|ability: Disguise\n|-damage|p2a: Mimikyu|100\/100\n|detailschange|p2a: Mimikyu|Mimikyu-Busted, F, shiny\n|-damage|p2a: Mimikyu|88\/100|[from] pokemon: Mimikyu-Busted\n|\n|t:|1699554531\n|switch|p1b: Tornadus|Tornadus, M|37\/100|[from] U-turn\n|\n|-heal|p2a: Mimikyu|94\/100|[from] Grassy Terrain\n|-heal|p1a: Sandy Shocks|65\/100|[from] Grassy Terrain\n|upkeep\n|turn|8\n|\n|t:|1699554553\n|move|p1b: Tornadus|Tailwind|p1b: Tornadus\n|-sidestart|p1: ywf288|move: Tailwind\n|move|p1a: Sandy Shocks|Flash Cannon|p2a: Mimikyu\n|-supereffective|p2a: Mimikyu\n|-damage|p2a: Mimikyu|29\/100\n|move|p2a: Mimikyu|Play Rough|p1a: Sandy Shocks\n|-damage|p1a: Sandy Shocks|23\/100\n|move|p2b: Clefairy|Heal Pulse|p2a: Mimikyu\n|-heal|p2a: Mimikyu|79\/100\n|\n|-heal|p1a: Sandy Shocks|29\/100|[from] Grassy Terrain\n|-heal|p2a: Mimikyu|85\/100|[from] Grassy Terrain\n|upkeep\n|turn|9\n|\n|t:|1699554579\n|move|p2b: Clefairy|Follow Me|p2b: Clefairy\n|-singleturn|p2b: Clefairy|move: Follow Me\n|move|p1a: Sandy Shocks|Flash Cannon|p2b: Clefairy\n|-supereffective|p2b: Clefairy\n|-damage|p2b: Clefairy|60\/100\n|move|p1b: Tornadus|Hurricane|p2b: Clefairy\n|-damage|p2b: Clefairy|28\/100\n|move|p2a: Mimikyu|Play Rough|p1a: Sandy Shocks\n|-damage|p1a: Sandy Shocks|0 fnt\n|faint|p1a: Sandy Shocks\n|-end|p1a: Sandy Shocks|Protosynthesis|[silent]\n|\n|-heal|p2a: Mimikyu|91\/100|[from] Grassy Terrain\n|-heal|p2b: Clefairy|34\/100|[from] Grassy Terrain\n|upkeep\n|inactive|ywf288 has 120 seconds left.\n|\n|t:|1699554597\n|switch|p1a: Rillaboom|Rillaboom, M|6\/100\n|turn|10\n|\n|t:|1699554616\n|move|p2b: Clefairy|Protect|p2b: Clefairy\n|-singleturn|p2b: Clefairy|Protect\n|move|p1a: Rillaboom|Fake Out|p2b: Clefairy\n|-activate|p2b: Clefairy|move: Protect\n|move|p1b: Tornadus|Taunt|p2a: Mimikyu\n|-start|p2a: Mimikyu|move: Taunt\n|move|p2a: Mimikyu|Play Rough|p1b: Tornadus\n|-damage|p1b: Tornadus|0 fnt\n|faint|p1b: Tornadus\n|\n|-heal|p2a: Mimikyu|98\/100|[from] Grassy Terrain\n|-heal|p1a: Rillaboom|13\/100|[from] Grassy Terrain\n|-heal|p2b: Clefairy|40\/100|[from] Grassy Terrain\n|-fieldend|move: Grassy Terrain\n|upkeep\n|inactive|ywf288 has 120 seconds left.\n|\n|t:|1699554634\n|switch|p1b: Espeon|Espeon, F|100\/100\n|turn|11\n|\n|t:|1699554654\n|move|p2b: Clefairy|Follow Me|p2b: Clefairy\n|-singleturn|p2b: Clefairy|move: Follow Me\n|move|p1b: Espeon|Shadow Ball|p2b: Clefairy\n|-damage|p2b: Clefairy|21\/100\n|-unboost|p2b: Clefairy|spd|1\n|move|p2a: Mimikyu|Play Rough|p1a: Rillaboom\n|-damage|p1a: Rillaboom|0 fnt\n|faint|p1a: Rillaboom\n|\n|-sideend|p1: ywf288|move: Tailwind\n|upkeep\n|turn|12\n|\n|t:|1699554674\n|move|p2b: Clefairy|Protect|p2b: Clefairy\n|-singleturn|p2b: Clefairy|Protect\n|move|p2a: Mimikyu|Play Rough|p1b: Espeon\n|-damage|p1b: Espeon|34\/100\n|move|p1b: Espeon|Shadow Ball|p2a: Mimikyu\n|-supereffective|p2a: Mimikyu\n|-damage|p2a: Mimikyu|52\/100\n|-unboost|p2a: Mimikyu|spd|1\n|\n|-end|p2a: Mimikyu|move: Taunt\n|upkeep\n|turn|13\n|\n|t:|1699554693\n|move|p1b: Espeon|Protect|p1b: Espeon\n|-singleturn|p1b: Espeon|Protect\n|move|p2a: Mimikyu|Play Rough|p1b: Espeon\n|-activate|p1b: Espeon|move: Protect\n|move|p2b: Clefairy|Heal Pulse|p2a: Mimikyu\n|-heal|p2a: Mimikyu|100\/100\n|\n|upkeep\n|turn|14\n|\n|t:|1699554719\n|move|p2a: Mimikyu|Play Rough|p1b: Espeon\n|-damage|p1b: Espeon|0 fnt\n|faint|p1b: Espeon\n|\n|win|D317\n|raw|ywf288's rating: 1065 &rarr; <strong>1043<\/strong><br \/>(-22 for losing)\n|raw|D317's rating: 1021 &rarr; <strong>1062<\/strong><br \/>(+41 for winning)\n|l|\u2606ywf288\n","uploadtime":1699554731,"views":17,"p1id":"ywf288","p2id":"d317","formatid":"gen9doublesou","rating":1043,"private":0,"password":""}