{"id":"gen9doublesou-1968839644","p1":"Yuuuuj","p2":"jayc2022","format":"[Gen 9] Doubles OU","log":"|j|\u2606Yuuuuj\n|j|\u2606jayc2022\n|t:|1697469096\n|gametype|doubles\n|player|p1|Yuuuuj|170|1242\n|player|p2|jayc2022|266|1307\n|teamsize|p1|6\n|teamsize|p2|6\n|gen|9\n|tier|[Gen 9] Doubles OU\n|rated|\n|rule|Species Clause: Limit one of each Pok\u00e9mon\n|rule|OHKO Clause: OHKO moves are banned\n|rule|Evasion Moves Clause: Evasion moves are banned\n|rule|Gravity Sleep Clause: The combination of sleep-inducing moves with imperfect accuracy and Gravity or Gigantamax Orbeetle are banned\n|rule|Endless Battle Clause: Forcing endless battles is banned\n|rule|HP Percentage Mod: HP is shown in percentages\n|clearpoke\n|poke|p1|Stantler, F|\n|poke|p1|Azumarill, F|\n|poke|p1|Tornadus, M|\n|poke|p1|Ogerpon-Wellspring, F|\n|poke|p1|Medicham, M|\n|poke|p1|Scizor, F|\n|poke|p2|Ursaluna-Bloodmoon, M|\n|poke|p2|Oranguru, M|\n|poke|p2|Sneasler, M|\n|poke|p2|Iron Hands|\n|poke|p2|Ting-Lu|\n|poke|p2|Ceruledge, F|\n|teampreview\n|inactive|Battle timer is ON: inactive players will automatically lose when time's up. (requested by Yuuuuj)\n|\n|t:|1697469111\n|start\n|switch|p1a: Stantler|Stantler, F|100\/100\n|switch|p1b: Medicham|Medicham, M|100\/100\n|switch|p2a: Oranguru|Oranguru, M|100\/100\n|switch|p2b: Sneasler|Sneasler, M|100\/100\n|-ability|p1a: Stantler|Intimidate|boost\n|-unboost|p2a: Oranguru|atk|1\n|-unboost|p2b: Sneasler|atk|1\n|turn|1\n|\n|t:|1697469123\n|move|p2b: Sneasler|Fake Out|p1b: Medicham\n|-damage|p1b: Medicham|86\/100\n|cant|p1b: Medicham|flinch\n|move|p1a: Stantler|Role Play|p1b: Medicham\n|-endability|p1a: Stantler|Intimidate|[from] move: Role Play\n|-ability|p1a: Stantler|Pure Power|[from] move: Role Play|[of] p1b: Medicham\n|move|p2a: Oranguru|Trick Room|p2a: Oranguru\n|-fieldstart|move: Trick Room|[of] p2a: Oranguru\n|\n|upkeep\n|turn|2\n|\n|t:|1697469151\n|move|p2a: Oranguru|Protect|p2a: Oranguru\n|-singleturn|p2a: Oranguru|Protect\n|move|p1a: Stantler|Psyshield Bash|p2b: Sneasler\n|-supereffective|p2b: Sneasler\n|-damage|p2b: Sneasler|0 fnt\n|-boost|p1a: Stantler|def|1\n|faint|p2b: Sneasler\n|move|p1b: Medicham|Psycho Cut|p2a: Oranguru\n|-activate|p2a: Oranguru|move: Protect\n|\n|upkeep\n|\n|t:|1697469160\n|switch|p2b: Ursaluna|Ursaluna-Bloodmoon, M|100\/100\n|turn|3\n|\n|t:|1697469183\n|-terastallize|p2b: Ursaluna|Normal\n|move|p2b: Ursaluna|Hyper Voice|p1a: Stantler|[spread] p1a,p1b\n|-damage|p1a: Stantler|50\/100\n|-damage|p1b: Medicham|5\/100\n|-enditem|p2b: Ursaluna|Throat Spray\n|-boost|p2b: Ursaluna|spa|1|[from] item: Throat Spray\n|-activate|p2a: Oranguru|ability: Symbiosis|Life Orb|[of] p2b: Ursaluna\n|move|p2a: Oranguru|Instruct|p2b: Ursaluna\n|-singleturn|p2b: Ursaluna|move: Instruct|[of] p2a: Oranguru\n|move|p2b: Ursaluna|Hyper Voice|p1b: Medicham|[spread] p1a,p1b\n|-damage|p1a: Stantler|0 fnt\n|-damage|p1b: Medicham|0 fnt\n|faint|p1a: Stantler\n|faint|p1b: Medicham\n|-damage|p2b: Ursaluna|90\/100|[from] item: Life Orb\n|\n|upkeep\n|inactive|Yuuuuj has 120 seconds left.\n|\n|t:|1697469216\n|switch|p1a: Ogerpon|Ogerpon-Wellspring, F|100\/100\n|switch|p1b: Scizor|Scizor, F|100\/100\n|turn|4\n|\n|t:|1697469231\n|move|p1a: Ogerpon|Follow Me|p1a: Ogerpon\n|-singleturn|p1a: Ogerpon|move: Follow Me\n|move|p2b: Ursaluna|Hyper Voice|p1a: Ogerpon|[spread] p1a,p1b\n|-resisted|p1b: Scizor\n|-damage|p1a: Ogerpon|8\/100\n|-damage|p1b: Scizor|38\/100\n|-damage|p2b: Ursaluna|80\/100|[from] item: Life Orb\n|move|p2a: Oranguru|Instruct|p1a: Ogerpon\n|-singleturn|p1a: Ogerpon|move: Instruct|[of] p2a: Oranguru\n|move|p1a: Ogerpon|Follow Me||[still]\n|-fail|p1a: Ogerpon\n|move|p1b: Scizor|Swords Dance|p1b: Scizor\n|-boost|p1b: Scizor|atk|2\n|\n|upkeep\n|turn|5\n|\n|t:|1697469255\n|move|p1b: Scizor|Bullet Punch|p2b: Ursaluna\n|-damage|p2b: Ursaluna|24\/100\n|move|p2b: Ursaluna|Hyper Voice|p1b: Scizor|[spread] p1a,p1b\n|-resisted|p1b: Scizor\n|-damage|p1a: Ogerpon|0 fnt\n|-damage|p1b: Scizor|0 fnt\n|faint|p1a: Ogerpon\n|faint|p1b: Scizor\n|-damage|p2b: Ursaluna|14\/100|[from] item: Life Orb\n|move|p2a: Oranguru|Instruct|p2b: Ursaluna\n|-singleturn|p2b: Ursaluna|move: Instruct|[of] p2a: Oranguru\n|move|p2b: Ursaluna|Hyper Voice|p1: Ogerpon|[notarget]\n|-fail|p2b: Ursaluna\n|\n|-fieldend|move: Trick Room\n|upkeep\n|\n|t:|1697469264\n|switch|p1a: Azumarill|Azumarill, F|100\/100\n|switch|p1b: Tornadus|Tornadus, M|100\/100\n|turn|6\n|\n|t:|1697469279\n|-terastallize|p1a: Azumarill|Water\n|move|p2b: Ursaluna|Protect|p2b: Ursaluna\n|-singleturn|p2b: Ursaluna|Protect\n|move|p1b: Tornadus|Tailwind|p1b: Tornadus\n|-sidestart|p1: Yuuuuj|move: Tailwind\n|move|p1a: Azumarill|Liquidation|p2a: Oranguru\n|-damage|p2a: Oranguru|0 fnt\n|faint|p2a: Oranguru\n|-damage|p1a: Azumarill|91\/100|[from] item: Life Orb\n|\n|upkeep\n|\n|t:|1697469295\n|switch|p2a: Iron Hands|Iron Hands|100\/100\n|-enditem|p2a: Iron Hands|Booster Energy\n|-activate|p2a: Iron Hands|ability: Quark Drive|[fromitem]\n|-start|p2a: Iron Hands|quarkdriveatk\n|turn|7\n|\n|t:|1697469313\n|move|p1a: Azumarill|Protect|p1a: Azumarill\n|-singleturn|p1a: Azumarill|Protect\n|move|p1b: Tornadus|Bleakwind Storm|p2a: Iron Hands|[spread] p2a,p2b\n|-damage|p2a: Iron Hands|64\/100\n|-damage|p2b: Ursaluna|0 fnt\n|faint|p2b: Ursaluna\n|move|p2a: Iron Hands|Thunder Punch|p1a: Azumarill\n|-activate|p1a: Azumarill|move: Protect\n|\n|upkeep\n|\n|t:|1697469325\n|switch|p2b: Ceruledge|Ceruledge, F|100\/100\n|turn|8\n|\n|t:|1697469333\n|move|p2b: Ceruledge|Protect|p2b: Ceruledge\n|-singleturn|p2b: Ceruledge|Protect\n|move|p1b: Tornadus|Dark Pulse|p2b: Ceruledge\n|-activate|p2b: Ceruledge|move: Protect\n|move|p1a: Azumarill|Liquidation|p2a: Iron Hands\n|-damage|p2a: Iron Hands|8\/100\n|-damage|p1a: Azumarill|81\/100|[from] item: Life Orb\n|move|p2a: Iron Hands|Thunder Punch|p1b: Tornadus\n|-supereffective|p1b: Tornadus\n|-crit|p1b: Tornadus\n|-damage|p1b: Tornadus|0 fnt\n|faint|p1b: Tornadus\n|\n|upkeep\n|turn|9\n|inactive|jayc2022 has 120 seconds left.\n|\n|t:|1697469377\n|move|p1a: Azumarill|Aqua Jet|p2a: Iron Hands\n|-damage|p2a: Iron Hands|0 fnt\n|faint|p2a: Iron Hands\n|-end|p2a: Iron Hands|Quark Drive|[silent]\n|-damage|p1a: Azumarill|71\/100|[from] item: Life Orb\n|move|p2b: Ceruledge|Bulk Up|p2b: Ceruledge\n|-boost|p2b: Ceruledge|atk|1\n|-boost|p2b: Ceruledge|def|1\n|\n|-sideend|p1: Yuuuuj|move: Tailwind\n|upkeep\n|\n|t:|1697469385\n|switch|p2a: Ting-Lu|Ting-Lu|100\/100\n|-ability|p2a: Ting-Lu|Vessel of Ruin\n|turn|10\n|inactive|jayc2022 has 120 seconds left.\n|\n|t:|1697469412\n|move|p2b: Ceruledge|Shadow Sneak|p1a: Azumarill\n|-damage|p1a: Azumarill|41\/100\n|move|p1a: Azumarill|Liquidation|p2b: Ceruledge\n|-supereffective|p2b: Ceruledge\n|-damage|p2b: Ceruledge|0 fnt\n|faint|p2b: Ceruledge\n|-damage|p1a: Azumarill|32\/100|[from] item: Life Orb\n|move|p2a: Ting-Lu|Ruination|p1a: Azumarill\n|-damage|p1a: Azumarill|16\/100\n|\n|upkeep\n|turn|11\n|c|\u2606jayc2022|gg\n|inactive|jayc2022 has 120 seconds left.\n|\n|t:|1697469431\n|move|p1a: Azumarill|Liquidation|p2a: Ting-Lu\n|-supereffective|p2a: Ting-Lu\n|-damage|p2a: Ting-Lu|0 fnt\n|faint|p2a: Ting-Lu\n|-damage|p1a: Azumarill|6\/100|[from] item: Life Orb\n|\n|win|Yuuuuj\n|raw|Yuuuuj's rating: 1242 &rarr; <strong>1272<\/strong><br \/>(+30 for winning)\n|raw|jayc2022's rating: 1307 &rarr; <strong>1283<\/strong><br \/>(-24 for losing)\n|l|\u2606jayc2022\n|c|\u2606Yuuuuj|Wow gg\n","uploadtime":1697469444,"views":28,"p1id":"yuuuuj","p2id":"jayc2022","formatid":"gen9doublesou","rating":1272,"private":0,"password":""}