{"id":"gen9doublesou-1995259393","p1":"hysali30","p2":"JalenSengun","format":"[Gen 9] Doubles OU","log":"|j|\u2606hysali30\n|j|\u2606JalenSengun\n|t:|1700542623\n|gametype|doubles\n|player|p1|hysali30|dancer|1032\n|player|p2|JalenSengun|101|1000\n|teamsize|p1|6\n|teamsize|p2|6\n|gen|9\n|tier|[Gen 9] Doubles OU\n|rated|\n|rule|Species Clause: Limit one of each Pok\u00e9mon\n|rule|OHKO Clause: OHKO moves are banned\n|rule|Evasion Moves Clause: Evasion moves are banned\n|rule|Gravity Sleep Clause: The combination of sleep-inducing moves with imperfect accuracy and Gravity or Gigantamax Orbeetle are banned\n|rule|Endless Battle Clause: Forcing endless battles is banned\n|rule|HP Percentage Mod: HP is shown in percentages\n|clearpoke\n|poke|p1|Abomasnow, M|\n|poke|p1|Scizor, M|\n|poke|p1|Rotom-Wash|\n|poke|p1|Articuno|\n|poke|p1|Maushold-Four|\n|poke|p1|Dragapult, M|\n|poke|p2|Amoonguss, M|\n|poke|p2|Cresselia, F|\n|poke|p2|Landorus-Therian, M|\n|poke|p2|Rillaboom, F|\n|poke|p2|Zapdos|\n|poke|p2|Chi-Yu|\n|teampreview\n|inactive|Battle timer is ON: inactive players will automatically lose when time's up. (requested by hysali30)\n|\n|t:|1700542635\n|start\n|switch|p1a: Articuno|Articuno|100\/100\n|switch|p1b: Abomasnow|Abomasnow, M|100\/100\n|switch|p2a: Rillaboom|Rillaboom, F|100\/100\n|switch|p2b: Cresselia|Cresselia, F|100\/100\n|-weather|Snow|[from] ability: Snow Warning|[of] p1b: Abomasnow\n|-ability|p1a: Articuno|Pressure\n|turn|1\n|\n|t:|1700542662\n|move|p2a: Rillaboom|Fake Out|p1b: Abomasnow\n|-damage|p1b: Abomasnow|87\/100\n|cant|p1b: Abomasnow|flinch\n|move|p1a: Articuno|Blizzard|p2a: Rillaboom|[spread] p2a,p2b\n|-supereffective|p2a: Rillaboom\n|-enditem|p2a: Rillaboom|Focus Sash\n|-damage|p2a: Rillaboom|1\/100\n|-damage|p2b: Cresselia|71\/100\n|move|p2b: Cresselia|Trick Room|p2b: Cresselia\n|-fieldstart|move: Trick Room|[of] p2b: Cresselia\n|\n|-weather|Snow|[upkeep]\n|-heal|p1b: Abomasnow|93\/100|[from] item: Leftovers\n|upkeep\n|turn|2\n|\n|t:|1700542688\n|move|p2a: Rillaboom|Protect|p2a: Rillaboom\n|-singleturn|p2a: Rillaboom|Protect\n|move|p2b: Cresselia|Ice Beam|p1a: Articuno\n|-damage|p1a: Articuno|83\/100\n|move|p1a: Articuno|Blizzard|p2b: Cresselia|[spread] p2b\n|-activate|p2a: Rillaboom|move: Protect\n|-damage|p2b: Cresselia|39\/100\n|move|p1b: Abomasnow|Blizzard|p2b: Cresselia|[spread] p2b\n|-activate|p2a: Rillaboom|move: Protect\n|-damage|p2b: Cresselia|16\/100\n|\n|-weather|Snow|[upkeep]\n|-heal|p1b: Abomasnow|99\/100|[from] item: Leftovers\n|upkeep\n|turn|3\n|inactive|JalenSengun has 120 seconds left.\n|\n|t:|1700542721\n|move|p2b: Cresselia|Moonlight|p2b: Cresselia\n|-heal|p2b: Cresselia|41\/100\n|move|p2a: Rillaboom|Wood Hammer|p1b: Abomasnow\n|-resisted|p1b: Abomasnow\n|-damage|p1b: Abomasnow|57\/100\n|-damage|p2a: Rillaboom|0 fnt|[from] Recoil\n|faint|p2a: Rillaboom\n|move|p1a: Articuno|Blizzard|p2b: Cresselia\n|-damage|p2b: Cresselia|0 fnt\n|faint|p2b: Cresselia\n|move|p1b: Abomasnow|Blizzard|p2: Rillaboom|[notarget]\n|-fail|p1b: Abomasnow\n|\n|-weather|Snow|[upkeep]\n|-heal|p1b: Abomasnow|63\/100|[from] item: Leftovers\n|upkeep\n|inactive|JalenSengun has 120 seconds left.\n|\n|t:|1700542738\n|switch|p2b: Landorus|Landorus-Therian, M|100\/100\n|switch|p2a: Zapdos|Zapdos|100\/100\n|-ability|p2b: Landorus|Intimidate|boost\n|-unboost|p1a: Articuno|atk|1\n|-unboost|p1b: Abomasnow|atk|1\n|turn|4\n|\n|t:|1700542749\n|switch|p2b: Chi-Yu|Chi-Yu|100\/100\n|-ability|p2b: Chi-Yu|Beads of Ruin\n|move|p1a: Articuno|Blizzard|p2a: Zapdos|[spread] p2a,p2b\n|-supereffective|p2a: Zapdos\n|-resisted|p2b: Chi-Yu\n|-damage|p2a: Zapdos|0 fnt\n|-damage|p2b: Chi-Yu|71\/100\n|faint|p2a: Zapdos\n|move|p1b: Abomasnow|Blizzard|p2b: Chi-Yu\n|-resisted|p2b: Chi-Yu\n|-damage|p2b: Chi-Yu|42\/100\n|\n|-weather|Snow|[upkeep]\n|-heal|p1b: Abomasnow|69\/100|[from] item: Leftovers\n|upkeep\n|inactive|JalenSengun has 120 seconds left.\n|\n|t:|1700542762\n|switch|p2a: Landorus|Landorus-Therian, M|100\/100\n|-ability|p2a: Landorus|Intimidate|boost\n|-unboost|p1a: Articuno|atk|1\n|-unboost|p1b: Abomasnow|atk|1\n|turn|5\n|\n|t:|1700542777\n|switch|p2b: Amoonguss|Amoonguss, M|100\/100\n|move|p1a: Articuno|Blizzard|p2b: Amoonguss|[spread] p2a,p2b\n|-supereffective|p2a: Landorus\n|-supereffective|p2b: Amoonguss\n|-damage|p2a: Landorus|0 fnt\n|-damage|p2b: Amoonguss|25\/100\n|-enditem|p2b: Amoonguss|Sitrus Berry|[eat]\n|-heal|p2b: Amoonguss|50\/100|[from] item: Sitrus Berry\n|faint|p2a: Landorus\n|move|p1b: Abomasnow|Earth Power|p2b: Amoonguss\n|-damage|p2b: Amoonguss|28\/100\n|\n|-weather|none\n|-heal|p1b: Abomasnow|75\/100|[from] item: Leftovers\n|-fieldend|move: Trick Room\n|upkeep\n|-message|JalenSengun forfeited.\n|\n|win|hysali30\n|raw|hysali30's rating: 1032 &rarr; <strong>1064<\/strong><br \/>(+32 for winning)\n|raw|JalenSengun's rating: 1000 &rarr; <strong>1000<\/strong><br \/>(+0 for losing)\n|l|\u2606JalenSengun\n","uploadtime":1700542789,"views":3,"p1id":"hysali30","p2id":"jalensengun","formatid":"gen9doublesou","rating":1000,"private":0,"password":""}