{"id":"gen9doublesou-1982807568","p1":"nikotov","p2":"Franz Ferdiswag","format":"[Gen 9] Doubles OU","log":"|j|\u2606nikotov\n|j|\u2606Franz Ferdiswag\n|t:|1699046844\n|gametype|doubles\n|player|p1|nikotov|1|1142\n|player|p2|Franz Ferdiswag|acetrainer-gen4dp|1260\n|teamsize|p1|6\n|teamsize|p2|6\n|gen|9\n|tier|[Gen 9] Doubles OU\n|rated|\n|rule|Species Clause: Limit one of each Pok\u00e9mon\n|rule|OHKO Clause: OHKO moves are banned\n|rule|Evasion Moves Clause: Evasion moves are banned\n|rule|Gravity Sleep Clause: The combination of sleep-inducing moves with imperfect accuracy and Gravity or Gigantamax Orbeetle are banned\n|rule|Endless Battle Clause: Forcing endless battles is banned\n|rule|HP Percentage Mod: HP is shown in percentages\n|clearpoke\n|poke|p1|Meowscarada, F|\n|poke|p1|Volcarona, F|\n|poke|p1|Dragonite, F|\n|poke|p1|Shaymin-Sky|\n|poke|p1|Murkrow, M|\n|poke|p1|Tinkaton, F|\n|poke|p2|Wo-Chien|\n|poke|p2|Garganacl, F|\n|poke|p2|Gliscor, M|\n|poke|p2|Indeedee-F, F|\n|poke|p2|Hoopa-Unbound|\n|poke|p2|Goodra-Hisui, F|\n|teampreview\n|\n|t:|1699046882\n|start\n|switch|p1a: Volcarona|Volcarona, F|100\/100\n|switch|p1b: Tinkaton|Tinkaton, F|100\/100\n|switch|p2a: Gliscor|Gliscor, M, shiny|100\/100\n|switch|p2b: Indeedee|Indeedee-F, F|100\/100\n|-ability|p1b: Tinkaton|Mold Breaker\n|-fieldstart|move: Psychic Terrain|[from] ability: Psychic Surge|[of] p2b: Indeedee\n|turn|1\n|\n|t:|1699046908\n|move|p1a: Volcarona|Quiver Dance|p1a: Volcarona\n|-boost|p1a: Volcarona|spa|1\n|-boost|p1a: Volcarona|spd|1\n|-boost|p1a: Volcarona|spe|1\n|move|p2a: Gliscor|Toxic|p1a: Volcarona\n|-status|p1a: Volcarona|tox\n|move|p1b: Tinkaton|Gigaton Hammer|p2b: Indeedee\n|-damage|p2b: Indeedee|38\/100\n|move|p2b: Indeedee|Light Screen|p2b: Indeedee\n|-sidestart|p2: Franz Ferdiswag|move: Light Screen\n|\n|-damage|p1a: Volcarona|94\/100 tox|[from] psn\n|-status|p2a: Gliscor|tox|[from] item: Toxic Orb\n|upkeep\n|turn|2\n|\n|t:|1699046959\n|move|p2b: Indeedee|Follow Me|p2b: Indeedee\n|-singleturn|p2b: Indeedee|move: Follow Me\n|move|p1a: Volcarona|Heat Wave|p2b: Indeedee|[spread] p2a,p2b\n|-damage|p2a: Gliscor|54\/100 tox\n|-damage|p2b: Indeedee|0 fnt\n|faint|p2b: Indeedee\n|move|p2a: Gliscor|Toxic Spikes|p1b: Tinkaton\n|-sidestart|p1: nikotov|move: Toxic Spikes\n|move|p1b: Tinkaton|Play Rough|p2a: Gliscor\n|-damage|p2a: Gliscor|41\/100 tox\n|\n|-damage|p1a: Volcarona|82\/100 tox|[from] psn\n|-heal|p2a: Gliscor|53\/100 tox|[from] ability: Poison Heal\n|upkeep\n|\n|t:|1699046967\n|switch|p2b: Goodra|Goodra-Hisui, F|100\/100\n|turn|3\n|\n|t:|1699046980\n|move|p2a: Gliscor|Protect|p2a: Gliscor\n|-singleturn|p2a: Gliscor|Protect\n|move|p1a: Volcarona|Heat Wave|p2b: Goodra|[spread] p2b\n|-activate|p2a: Gliscor|move: Protect\n|-damage|p2b: Goodra|81\/100\n|move|p1b: Tinkaton|Play Rough|p2b: Goodra\n|-damage|p2b: Goodra|58\/100\n|-unboost|p2b: Goodra|atk|1\n|move|p2b: Goodra|Acid Armor|p2b: Goodra\n|-boost|p2b: Goodra|def|2\n|\n|-heal|p2b: Goodra|64\/100|[from] item: Leftovers\n|-damage|p1a: Volcarona|64\/100 tox|[from] psn\n|-heal|p2a: Gliscor|65\/100 tox|[from] ability: Poison Heal\n|upkeep\n|turn|4\n|inactive|Battle timer is ON: inactive players will automatically lose when time's up. (requested by nikotov)\n|\n|t:|1699047051\n|move|p2b: Goodra|Protect|p2b: Goodra\n|-singleturn|p2b: Goodra|Protect\n|move|p1a: Volcarona|Heat Wave|p2b: Goodra|[spread] p2a\n|-activate|p2b: Goodra|move: Protect\n|-damage|p2a: Gliscor|20\/100 tox\n|move|p2a: Gliscor|Knock Off|p1b: Tinkaton\n|-resisted|p1b: Tinkaton\n|-damage|p1b: Tinkaton|91\/100\n|-enditem|p1b: Tinkaton|Aguav Berry|[from] move: Knock Off|[of] p2a: Gliscor\n|move|p1b: Tinkaton|Gigaton Hammer|p2a: Gliscor\n|-damage|p2a: Gliscor|0 fnt\n|faint|p2a: Gliscor\n|\n|-heal|p2b: Goodra|70\/100|[from] item: Leftovers\n|-damage|p1a: Volcarona|39\/100 tox|[from] psn\n|upkeep\n|\n|t:|1699047056\n|switch|p2a: Garganacl|Garganacl, F|100\/100\n|turn|5\n|\n|t:|1699047084\n|-terastallize|p2a: Garganacl|Ghost\n|move|p1a: Volcarona|Giga Drain|p2a: Garganacl\n|-damage|p2a: Garganacl|74\/100\n|-heal|p1a: Volcarona|56\/100 tox|[from] drain|[of] p2a: Garganacl\n|move|p1b: Tinkaton|Thunder Wave|p2b: Goodra\n|-status|p2b: Goodra|par\n|move|p2b: Goodra|Life Dew|p2b: Goodra|[spread] p2a,p2b\n|-heal|p2a: Garganacl|99\/100\n|-heal|p2b: Goodra|95\/100 par\n|move|p2a: Garganacl|Salt Cure|p1b: Tinkaton\n|-resisted|p1b: Tinkaton\n|-damage|p1b: Tinkaton|86\/100\n|-start|p1b: Tinkaton|Salt Cure\n|\n|-heal|p2b: Goodra|100\/100 par|[from] item: Leftovers\n|-heal|p2a: Garganacl|100\/100|[from] item: Leftovers\n|-damage|p1a: Volcarona|26\/100 tox|[from] psn\n|-damage|p1b: Tinkaton|61\/100|[from] Salt Cure\n|-sideend|p2: Franz Ferdiswag|move: Light Screen\n|-fieldend|move: Psychic Terrain\n|upkeep\n|turn|6\n|inactive|nikotov has 120 seconds left.\n|\n|t:|1699047123\n|move|p2a: Garganacl|Protect|p2a: Garganacl\n|-singleturn|p2a: Garganacl|Protect\n|move|p1a: Volcarona|Heat Wave|p2a: Garganacl|[spread] p2b\n|-activate|p2a: Garganacl|move: Protect\n|-damage|p2b: Goodra|71\/100 par\n|move|p1b: Tinkaton|Thunder Wave|p2a: Garganacl\n|-activate|p2a: Garganacl|move: Protect\n|move|p2b: Goodra|Acid Armor|p2b: Goodra\n|-boost|p2b: Goodra|def|2\n|\n|-heal|p2b: Goodra|77\/100 par|[from] item: Leftovers\n|-damage|p1a: Volcarona|0 fnt|[from] psn\n|faint|p1a: Volcarona\n|-damage|p1b: Tinkaton|36\/100|[from] Salt Cure\n|upkeep\n|inactive|nikotov has 90 seconds left.\n|\n|t:|1699047153\n|switch|p1a: Murkrow|Murkrow, M|100\/100\n|turn|7\n|\n|t:|1699047183\n|move|p1a: Murkrow|Haze|p1a: Murkrow\n|-clearallboost\n|move|p1b: Tinkaton|Thunder Wave|p2a: Garganacl\n|-status|p2a: Garganacl|par\n|move|p2b: Goodra|Flash Cannon|p1a: Murkrow\n|-damage|p1a: Murkrow|19\/100\n|move|p2a: Garganacl|Salt Cure|p1a: Murkrow\n|-supereffective|p1a: Murkrow\n|-damage|p1a: Murkrow|0 fnt\n|faint|p1a: Murkrow\n|\n|-heal|p2b: Goodra|83\/100 par|[from] item: Leftovers\n|-damage|p1b: Tinkaton|11\/100|[from] Salt Cure\n|upkeep\n|\n|t:|1699047201\n|switch|p1a: Dragonite|Dragonite, F|100\/100\n|turn|8\n|inactive|nikotov has 120 seconds left.\n|inactive|Franz Ferdiswag has 120 seconds left.\n|\n|t:|1699047232\n|move|p1b: Tinkaton|Play Rough|p2b: Goodra|[miss]\n|-miss|p1b: Tinkaton|p2b: Goodra\n|move|p1a: Dragonite|Dragon Claw|p2b: Goodra\n|-damage|p2b: Goodra|14\/100 par\n|move|p2b: Goodra|Acid Armor|p2b: Goodra\n|-boost|p2b: Goodra|def|2\n|move|p2a: Garganacl|Salt Cure|p1a: Dragonite\n|-supereffective|p1a: Dragonite\n|-damage|p1a: Dragonite|75\/100\n|-start|p1a: Dragonite|Salt Cure\n|\n|-heal|p2b: Goodra|20\/100 par|[from] item: Leftovers\n|-damage|p1b: Tinkaton|0 fnt|[from] Salt Cure\n|faint|p1b: Tinkaton\n|-damage|p1a: Dragonite|63\/100|[from] Salt Cure\n|upkeep\n|inactive|nikotov has 90 seconds left.\n|\n|t:|1699047251\n|switch|p1b: Shaymin|Shaymin-Sky|100\/100\n|turn|9\n|\n|t:|1699047257\n|move|p2b: Goodra|Protect|p2b: Goodra\n|-singleturn|p2b: Goodra|Protect\n|move|p1b: Shaymin|Seed Flare|p2a: Garganacl\n|-damage|p2a: Garganacl|46\/100 par\n|-unboost|p2a: Garganacl|spd|2\n|move|p1a: Dragonite|Dragon Claw|p2b: Goodra\n|-activate|p2b: Goodra|move: Protect\n|move|p2a: Garganacl|Salt Cure|p1b: Shaymin\n|-supereffective|p1b: Shaymin\n|-damage|p1b: Shaymin|65\/100\n|-start|p1b: Shaymin|Salt Cure\n|\n|-heal|p2b: Goodra|26\/100 par|[from] item: Leftovers\n|-heal|p2a: Garganacl|52\/100 par|[from] item: Leftovers\n|-damage|p1b: Shaymin|53\/100|[from] Salt Cure\n|-damage|p1a: Dragonite|50\/100|[from] Salt Cure\n|upkeep\n|turn|10\n|inactive|nikotov has 120 seconds left.\n|\n|t:|1699047277\n|move|p2a: Garganacl|Protect|p2a: Garganacl\n|-singleturn|p2a: Garganacl|Protect\n|move|p1b: Shaymin|Seed Flare|p2a: Garganacl\n|-activate|p2a: Garganacl|move: Protect\n|move|p1a: Dragonite|Dragon Claw|p2b: Goodra\n|-damage|p2b: Goodra|0 fnt\n|faint|p2b: Goodra\n|\n|-heal|p2a: Garganacl|58\/100 par|[from] item: Leftovers\n|-damage|p1b: Shaymin|41\/100|[from] Salt Cure\n|-damage|p1a: Dragonite|38\/100|[from] Salt Cure\n|upkeep\n|inactive|Franz Ferdiswag has 120 seconds left.\n|inactive|Franz Ferdiswag has 90 seconds left.\n|inactive|Franz Ferdiswag has 60 seconds left.\n|\n|t:|1699047367\n|switch|p2b: Wo-Chien|Wo-Chien|100\/100\n|-ability|p2b: Wo-Chien|Tablets of Ruin\n|turn|11\n|\n|t:|1699047377\n|switch|p1a: Meowscarada|Meowscarada, F|100\/100\n|-status|p1a: Meowscarada|psn\n|move|p2b: Wo-Chien|Protect|p2b: Wo-Chien\n|-singleturn|p2b: Wo-Chien|Protect\n|move|p1b: Shaymin|Seed Flare|p2a: Garganacl|[miss]\n|-miss|p1b: Shaymin|p2a: Garganacl\n|move|p2a: Garganacl|Salt Cure|p1b: Shaymin\n|-supereffective|p1b: Shaymin\n|-damage|p1b: Shaymin|14\/100\n|\n|-heal|p2a: Garganacl|65\/100 par|[from] item: Leftovers\n|-damage|p1a: Meowscarada|88\/100 psn|[from] psn\n|-damage|p1b: Shaymin|1\/100|[from] Salt Cure\n|upkeep\n|turn|12\n|inactive|nikotov has 120 seconds left.\n|\n|t:|1699047425\n|move|p1b: Shaymin|Seed Flare|p2b: Wo-Chien\n|-resisted|p2b: Wo-Chien\n|-damage|p2b: Wo-Chien|84\/100\n|-unboost|p2b: Wo-Chien|spd|2\n|move|p1a: Meowscarada|Play Rough|p2b: Wo-Chien\n|-start|p1a: Meowscarada|typechange|Fairy|[from] ability: Protean\n|-supereffective|p2b: Wo-Chien\n|-damage|p2b: Wo-Chien|0 fnt\n|faint|p2b: Wo-Chien\n|cant|p2a: Garganacl|par\n|\n|-heal|p2a: Garganacl|71\/100 par|[from] item: Leftovers\n|-damage|p1a: Meowscarada|76\/100 psn|[from] psn\n|-damage|p1b: Shaymin|0 fnt|[from] Salt Cure\n|faint|p1b: Shaymin\n|upkeep\n|inactive|nikotov has 120 seconds left.\n|\n|t:|1699047443\n|switch|p1b: Dragonite|Dragonite, F|38\/100\n|switch|p2b: Hoopa|Hoopa-Unbound|100\/100\n|turn|13\n|inactive|Franz Ferdiswag has 120 seconds left.\n|\n|t:|1699047454\n|-terastallize|p1b: Dragonite|Normal\n|move|p1b: Dragonite|Extreme Speed|p2a: Garganacl\n|-immune|p2a: Garganacl\n|move|p1a: Meowscarada|Play Rough|p2b: Hoopa\n|-supereffective|p2b: Hoopa\n|-damage|p2b: Hoopa|0 fnt\n|faint|p2b: Hoopa\n|cant|p2a: Garganacl|par\n|\n|-heal|p2a: Garganacl|77\/100 par|[from] item: Leftovers\n|-damage|p1a: Meowscarada|64\/100 psn|[from] psn\n|upkeep\n|turn|14\n|c|\u2606nikotov|Wtf did i just do\n|\n|t:|1699047474\n|move|p1b: Dragonite|Extreme Speed|p2a: Garganacl\n|-immune|p2a: Garganacl\n|move|p1a: Meowscarada|Play Rough|p2a: Garganacl\n|-damage|p2a: Garganacl|45\/100 par\n|cant|p2a: Garganacl|par\n|\n|-heal|p2a: Garganacl|51\/100 par|[from] item: Leftovers\n|-damage|p1a: Meowscarada|51\/100 psn|[from] psn\n|upkeep\n|turn|15\n|inactive|Franz Ferdiswag has 120 seconds left.\n|\n|t:|1699047516\n|move|p1b: Dragonite|Extreme Speed|p2a: Garganacl\n|-immune|p2a: Garganacl\n|move|p1a: Meowscarada|Play Rough|p2a: Garganacl\n|-damage|p2a: Garganacl|20\/100 par\n|move|p2a: Garganacl|Salt Cure|p1a: Meowscarada\n|-damage|p1a: Meowscarada|28\/100 psn\n|-start|p1a: Meowscarada|Salt Cure\n|\n|-heal|p2a: Garganacl|26\/100 par|[from] item: Leftovers\n|-damage|p1a: Meowscarada|16\/100 psn|[from] psn\n|-damage|p1a: Meowscarada|3\/100 psn|[from] Salt Cure\n|upkeep\n|turn|16\n|\n|t:|1699047532\n|cant|p2a: Garganacl|par\n|move|p1b: Dragonite|Extreme Speed|p2a: Garganacl\n|-immune|p2a: Garganacl\n|move|p1a: Meowscarada|Play Rough|p2a: Garganacl\n|-damage|p2a: Garganacl|0 fnt\n|faint|p2a: Garganacl\n|\n|win|nikotov\n|raw|nikotov's rating: 1142 &rarr; <strong>1175<\/strong><br \/>(+33 for winning)\n|raw|Franz Ferdiswag's rating: 1260 &rarr; <strong>1227<\/strong><br \/>(-33 for losing)\n|c|\u2606nikotov|OGHHHHH\n|l|\u2606Franz Ferdiswag\n|c|\u2606nikotov|LUCKIEST SHIT IN THE WORLD\n","uploadtime":1699047561,"views":12,"p1id":"nikotov","p2id":"franzferdiswag","formatid":"gen9doublesou","rating":1175,"private":0,"password":""}