{"id":"gen9doublesou-1969016194","p1":"Skriller0705","p2":"The Light","format":"[Gen 9] Doubles OU","log":"|j|\u2606Skriller0705\n|j|\u2606The Light\n|t:|1697483024\n|gametype|doubles\n|player|p1|Skriller0705|2|1182\n|player|p2|The Light|265|1174\n|teamsize|p1|6\n|teamsize|p2|6\n|gen|9\n|tier|[Gen 9] Doubles OU\n|rated|\n|rule|Species Clause: Limit one of each Pok\u00e9mon\n|rule|OHKO Clause: OHKO moves are banned\n|rule|Evasion Moves Clause: Evasion moves are banned\n|rule|Gravity Sleep Clause: The combination of sleep-inducing moves with imperfect accuracy and Gravity or Gigantamax Orbeetle are banned\n|rule|Endless Battle Clause: Forcing endless battles is banned\n|rule|HP Percentage Mod: HP is shown in percentages\n|clearpoke\n|poke|p1|Ogerpon-Wellspring, F|\n|poke|p1|Goodra-Hisui, M|\n|poke|p1|Amoonguss, M|\n|poke|p1|Arcanine-Hisui, M|\n|poke|p1|Tornadus, M|\n|poke|p1|Heatran, M|\n|poke|p2|Weezing-Galar, M|\n|poke|p2|Slaking, F|\n|poke|p2|Toedscruel, M|\n|poke|p2|Medicham, F|\n|poke|p2|Ogerpon-Hearthflame, F|\n|poke|p2|Oranguru, M|\n|teampreview\n|\n|t:|1697483031\n|start\n|switch|p1a: Ogerpon|Ogerpon-Wellspring, F|100\/100\n|switch|p1b: Amoonguss|Amoonguss, M|100\/100\n|switch|p2a: Weezing|Weezing-Galar, M|100\/100\n|switch|p2b: Toedscruel|Toedscruel, M|100\/100\n|-ability|p2a: Weezing|Neutralizing Gas\n|turn|1\n|\n|t:|1697483050\n|move|p1b: Amoonguss|Rage Powder|p1b: Amoonguss\n|-singleturn|p1b: Amoonguss|move: Rage Powder\n|move|p1a: Ogerpon|Swords Dance|p1a: Ogerpon\n|-boost|p1a: Ogerpon|atk|2\n|move|p2b: Toedscruel|Taunt|p1b: Amoonguss\n|-start|p1b: Amoonguss|move: Taunt\n|move|p2a: Weezing|Sludge Bomb|p1b: Amoonguss\n|-damage|p1b: Amoonguss|75\/100\n|\n|-heal|p1b: Amoonguss|81\/100|[from] item: Black Sludge\n|upkeep\n|turn|2\n|inactive|Battle timer is ON: inactive players will automatically lose when time's up. (requested by Skriller0705)\n|\n|t:|1697483091\n|switch|p1b: Tornadus|Tornadus, M|100\/100\n|-terastallize|p1a: Ogerpon|Water\n|detailschange|p1a: Ogerpon|Ogerpon-Wellspring-Tera, F, tera:Water\n|move|p1a: Ogerpon|Ivy Cudgel|p2a: Weezing\n|-damage|p2a: Weezing|0 fnt\n|faint|p2a: Weezing\n|-end|p2a: Weezing|ability: Neutralizing Gas\n|-ability|p1a: Ogerpon|Embody Aspect (Wellspring)|boost\n|-boost|p1a: Ogerpon|spd|1\n|move|p2b: Toedscruel|Leech Seed|p1a: Ogerpon|[miss]\n|-miss|p2b: Toedscruel|p1a: Ogerpon\n|\n|upkeep\n|\n|t:|1697483112\n|switch|p2a: Medicham|Medicham, F|100\/100\n|turn|3\n|\n|t:|1697483137\n|switch|p2b: Slaking|Slaking, F|100\/100\n|move|p2a: Medicham|Fake Out|p1a: Ogerpon\n|-damage|p1a: Ogerpon|83\/100\n|move|p1b: Tornadus|Taunt|p2b: Slaking\n|-start|p2b: Slaking|move: Taunt\n|cant|p1a: Ogerpon|flinch\n|\n|upkeep\n|turn|4\n|inactive|The Light has 120 seconds left.\n|\n|t:|1697483176\n|move|p1a: Ogerpon|Spiky Shield|p1a: Ogerpon\n|-singleturn|p1a: Ogerpon|move: Protect\n|move|p1b: Tornadus|U-turn|p2a: Medicham\n|-damage|p2a: Medicham|77\/100\n|\n|t:|1697483190\n|switch|p1b: Arcanine|Arcanine-Hisui, M|100\/100|[from] U-turn\n|move|p2b: Slaking|Thunder Punch|p1a: Ogerpon\n|-activate|p1a: Ogerpon|move: Protect\n|-damage|p2b: Slaking|88\/100|[from] Spiky Shield|[of] p1a: Ogerpon\n|move|p2a: Medicham|Skill Swap|p2b: Slaking\n|-activate|p2a: Medicham|move: Skill Swap|||[of] p2b: Slaking\n|\n|-heal|p2b: Slaking|94\/100|[from] item: Leftovers\n|upkeep\n|turn|5\n|inactive|The Light has 120 seconds left.\n|\n|t:|1697483220\n|switch|p2a: Oranguru|Oranguru, M|100\/100\n|move|p1b: Arcanine|Double-Edge|p2a: Oranguru\n|-damage|p2a: Oranguru|59\/100\n|move|p1a: Ogerpon|Ivy Cudgel|p2a: Oranguru\n|-damage|p2a: Oranguru|0 fnt\n|faint|p2a: Oranguru\n|move|p2b: Slaking|Thunder Punch|p1a: Ogerpon\n|-supereffective|p1a: Ogerpon\n|-damage|p1a: Ogerpon|0 fnt\n|faint|p1a: Ogerpon\n|\n|-heal|p2b: Slaking|99\/100|[from] item: Leftovers\n|-end|p2b: Slaking|move: Taunt\n|upkeep\n|\n|t:|1697483241\n|switch|p1a: Tornadus|Tornadus, M|100\/100\n|switch|p2a: Medicham|Medicham, F|77\/100\n|turn|6\n|\n|t:|1697483252\n|switch|p1b: Amoonguss|Amoonguss, M|81\/100\n|move|p2a: Medicham|Fake Out|p1a: Tornadus\n|-crit|p1a: Tornadus\n|-damage|p1a: Tornadus|75\/100\n|cant|p1a: Tornadus|flinch\n|move|p2b: Slaking|High Horsepower|p1b: Amoonguss\n|-damage|p1b: Amoonguss|8\/100\n|\n|-heal|p2b: Slaking|100\/100|[from] item: Leftovers\n|-heal|p1b: Amoonguss|14\/100|[from] item: Black Sludge\n|upkeep\n|turn|7\n|inactive|The Light has 120 seconds left.\n|\n|t:|1697483285\n|move|p1a: Tornadus|Heat Wave|p2b: Slaking|[spread] p2a,p2b\n|-damage|p2a: Medicham|54\/100\n|-damage|p2b: Slaking|82\/100\n|move|p2b: Slaking|Thunder Punch|p1a: Tornadus\n|-supereffective|p1a: Tornadus\n|-damage|p1a: Tornadus|0 fnt\n|faint|p1a: Tornadus\n|move|p2a: Medicham|Drain Punch|p1b: Amoonguss\n|-resisted|p1b: Amoonguss\n|-damage|p1b: Amoonguss|0 fnt\n|-heal|p2a: Medicham|64\/100|[from] drain|[of] p1b: Amoonguss\n|faint|p1b: Amoonguss\n|\n|-heal|p2b: Slaking|88\/100|[from] item: Leftovers\n|upkeep\n|\n|t:|1697483297\n|switch|p1a: Goodra|Goodra-Hisui, M|100\/100\n|switch|p1b: Heatran|Heatran, M|100\/100\n|turn|8\n|inactive|The Light has 120 seconds left.\n|\n|t:|1697483335\n|move|p2b: Slaking|High Horsepower|p1b: Heatran\n|-supereffective|p1b: Heatran\n|-damage|p1b: Heatran|0 fnt\n|faint|p1b: Heatran\n|move|p2a: Medicham|Drain Punch|p1a: Goodra\n|-supereffective|p1a: Goodra\n|-damage|p1a: Goodra|45\/100\n|-heal|p2a: Medicham|96\/100|[from] drain|[of] p1a: Goodra\n|-ability|p1a: Goodra|Gooey\n|-unboost|p2a: Medicham|spe|1\n|move|p1a: Goodra|Ice Beam|p2b: Slaking\n|-damage|p2b: Slaking|59\/100\n|\n|-heal|p2b: Slaking|65\/100|[from] item: Leftovers\n|upkeep\n|c|\u2606Skriller0705|Slaking is supposed to attack every other turn. Why is that?\n|l|\u2606Skriller0705\n|inactive|Skriller0705 disconnected and has a minute to reconnect!\n|player|p1|\n|inactive|Skriller0705 has 30 seconds to reconnect!\n|inactive|Skriller0705 has 20 seconds to reconnect!\n|inactive|Skriller0705 has 15 seconds to reconnect!\n|inactive|Skriller0705 has 10 seconds to reconnect!\n|inactive|Skriller0705 has 5 seconds to reconnect!\n|-message|Skriller0705 lost due to inactivity.\n|\n|win|The Light\n|raw|Skriller0705's rating: 1182 &rarr; <strong>1156<\/strong><br \/>(-26 for losing)\n|raw|The Light's rating: 1174 &rarr; <strong>1200<\/strong><br \/>(+26 for winning)\n","uploadtime":1697483422,"views":15,"p1id":"skriller0705","p2id":"thelight","formatid":"gen9doublesou","rating":1156,"private":0,"password":""}