{"id":"gen9doublesou-1995171623","p1":"AerBlaziken","p2":"Xalvadore","format":"[Gen 9] Doubles OU","log":"|j|\u2606AerBlaziken\n|j|\u2606Xalvadore\n|t:|1700530595\n|gametype|doubles\n|player|p1|AerBlaziken|hexmaniac-gen6|1314\n|player|p2|Xalvadore|marnie|1359\n|teamsize|p1|6\n|teamsize|p2|6\n|gen|9\n|tier|[Gen 9] Doubles OU\n|rated|\n|rule|Species Clause: Limit one of each Pok\u00e9mon\n|rule|OHKO Clause: OHKO moves are banned\n|rule|Evasion Moves Clause: Evasion moves are banned\n|rule|Gravity Sleep Clause: The combination of sleep-inducing moves with imperfect accuracy and Gravity or Gigantamax Orbeetle are banned\n|rule|Endless Battle Clause: Forcing endless battles is banned\n|rule|HP Percentage Mod: HP is shown in percentages\n|clearpoke\n|poke|p1|Magnezone|\n|poke|p1|Tinkaton, F|\n|poke|p1|Walking Wake|\n|poke|p1|Krookodile, M|\n|poke|p1|Ribombee, F|\n|poke|p1|Ceruledge, F|\n|poke|p2|Flutter Mane|\n|poke|p2|Kingambit, M|\n|poke|p2|Zapdos|\n|poke|p2|Ogerpon-Hearthflame, F|\n|poke|p2|Gastrodon, F|\n|poke|p2|Landorus-Therian, M|\n|teampreview\n|\n|t:|1700530609\n|start\n|switch|p1a: AC\/DC|Magnezone, shiny|100\/100\n|switch|p1b: #1 Hater|Tinkaton, F|100\/100\n|switch|p2a: Zapdos|Zapdos|100\/100\n|switch|p2b: Gastrodon|Gastrodon, F|100\/100\n|-ability|p1b: #1 Hater|Mold Breaker\n|turn|1\n|\n|t:|1700530621\n|move|p1b: #1 Hater|Fake Out|p2b: Gastrodon\n|-damage|p2b: Gastrodon|93\/100\n|move|p2a: Zapdos|Tailwind|p2a: Zapdos\n|-sidestart|p2: Xalvadore|move: Tailwind\n|move|p1a: AC\/DC|Volt Switch|p2a: Zapdos\n|-damage|p2a: Zapdos|68\/100\n|\n|t:|1700530634\n|switch|p1a: Charmy|Ribombee, F, shiny|100\/100|[from] Volt Switch\n|cant|p2b: Gastrodon|flinch\n|\n|-heal|p2a: Zapdos|75\/100|[from] item: Leftovers\n|upkeep\n|turn|2\n|\n|t:|1700530641\n|move|p1a: Charmy|Trick|p2b: Gastrodon\n|-activate|p1a: Charmy|move: Trick|[of] p2b: Gastrodon\n|-item|p2b: Gastrodon|Choice Scarf|[from] move: Trick\n|-item|p1a: Charmy|Sitrus Berry|[from] move: Trick\n|move|p2a: Zapdos|Discharge|p1b: #1 Hater|[spread] p1a,p1b\n|-immune|p2b: Gastrodon\n|-damage|p1a: Charmy|55\/100\n|-damage|p1b: #1 Hater|69\/100\n|move|p1b: #1 Hater|Stealth Rock|p2a: Zapdos\n|-sidestart|p2: Xalvadore|move: Stealth Rock\n|move|p2b: Gastrodon|Earth Power|p1b: #1 Hater\n|-supereffective|p1b: #1 Hater\n|-damage|p1b: #1 Hater|0 fnt\n|faint|p1b: #1 Hater\n|\n|-heal|p2a: Zapdos|81\/100|[from] item: Leftovers\n|upkeep\n|\n|t:|1700530676\n|switch|p1b: King K. Rool|Krookodile, M|100\/100\n|-ability|p1b: King K. Rool|Intimidate|boost\n|-unboost|p2a: Zapdos|atk|1\n|-unboost|p2b: Gastrodon|atk|1\n|turn|3\n|\n|t:|1700530697\n|switch|p2b: Landorus|Landorus-Therian, M|100\/100\n|-damage|p2b: Landorus|88\/100|[from] Stealth Rock\n|-ability|p2b: Landorus|Intimidate|boost\n|-unboost|p1a: Charmy|atk|1\n|-unboost|p1b: King K. Rool|atk|1\n|move|p2a: Zapdos|Discharge|p1b: King K. Rool|[spread] p1a\n|-immune|p2b: Landorus\n|-immune|p1b: King K. Rool\n|-damage|p1a: Charmy|4\/100\n|-status|p1a: Charmy|par\n|-enditem|p1a: Charmy|Sitrus Berry|[eat]\n|-heal|p1a: Charmy|29\/100 par|[from] item: Sitrus Berry\n|move|p1b: King K. Rool|Rock Slide|p2a: Zapdos|[spread] p2a,p2b\n|-supereffective|p2a: Zapdos\n|-damage|p2a: Zapdos|58\/100\n|-damage|p2b: Landorus|75\/100\n|move|p1a: Charmy|Dazzling Gleam|p2a: Zapdos|[spread] p2a,p2b\n|-damage|p2a: Zapdos|41\/100\n|-damage|p2b: Landorus|51\/100\n|\n|-heal|p2a: Zapdos|47\/100|[from] item: Leftovers\n|upkeep\n|turn|4\n|\n|t:|1700530731\n|move|p1a: Charmy|Helping Hand|p1b: King K. Rool\n|-singleturn|p1b: King K. Rool|Helping Hand|[of] p1a: Charmy\n|move|p2b: Landorus|U-turn|p1b: King K. Rool\n|-supereffective|p1b: King K. Rool\n|-damage|p1b: King K. Rool|32\/100\n|\n|t:|1700530738\n|switch|p2b: Gastrodon|Gastrodon, F|93\/100|[from] U-turn\n|-damage|p2b: Gastrodon|87\/100|[from] Stealth Rock\n|move|p2a: Zapdos|Roost|p2a: Zapdos\n|-heal|p2a: Zapdos|97\/100\n|-singleturn|p2a: Zapdos|move: Roost\n|move|p1b: King K. Rool|Crunch|p2b: Gastrodon\n|-damage|p2b: Gastrodon|54\/100\n|\n|-heal|p2a: Zapdos|100\/100|[from] item: Leftovers\n|-sideend|p2: Xalvadore|move: Tailwind\n|upkeep\n|turn|5\n|\n|t:|1700530761\n|move|p1b: King K. Rool|Rock Slide|p2a: Zapdos|[spread] p2a\n|-miss|p1b: King K. Rool|p2b: Gastrodon\n|-supereffective|p2a: Zapdos\n|-damage|p2a: Zapdos|80\/100\n|move|p2a: Zapdos|Tailwind|p2a: Zapdos\n|-sidestart|p2: Xalvadore|move: Tailwind\n|move|p2b: Gastrodon|Muddy Water|p1a: Charmy|[spread] p1a,p1b\n|-supereffective|p1b: King K. Rool\n|-damage|p1a: Charmy|0 fnt\n|-damage|p1b: King K. Rool|0 fnt\n|faint|p1a: Charmy\n|faint|p1b: King K. Rool\n|\n|-heal|p2a: Zapdos|86\/100|[from] item: Leftovers\n|upkeep\n|\n|t:|1700530780\n|switch|p1a: Evaptor|Walking Wake|100\/100\n|switch|p1b: AC\/DC|Magnezone, shiny|100\/100\n|-enditem|p1a: Evaptor|Booster Energy\n|-activate|p1a: Evaptor|ability: Protosynthesis|[fromitem]\n|-start|p1a: Evaptor|protosynthesisspe\n|turn|6\n|\n|t:|1700530797\n|move|p1a: Evaptor|Dragon Pulse|p2a: Zapdos\n|-damage|p2a: Zapdos|47\/100\n|move|p2a: Zapdos|Hurricane|p1a: Evaptor\n|-damage|p1a: Evaptor|38\/100\n|move|p2b: Gastrodon|Muddy Water|p1b: AC\/DC|[spread] p1a,p1b\n|-resisted|p1a: Evaptor\n|-damage|p1a: Evaptor|30\/100\n|-damage|p1b: AC\/DC|74\/100\n|move|p1b: AC\/DC|Volt Switch|p2a: Zapdos\n|-damage|p2a: Zapdos|15\/100\n|\n|t:|1700530809\n|switch|p1b: Shez|Ceruledge, F|100\/100|[from] Volt Switch\n|\n|-heal|p2a: Zapdos|21\/100|[from] item: Leftovers\n|upkeep\n|turn|7\n|\n|t:|1700530820\n|-terastallize|p1b: Shez|Grass\n|move|p1a: Evaptor|Dragon Pulse|p2a: Zapdos\n|-damage|p2a: Zapdos|0 fnt\n|faint|p2a: Zapdos\n|move|p1b: Shez|Bulk Up|p1b: Shez\n|-boost|p1b: Shez|atk|1\n|-boost|p1b: Shez|def|1\n|move|p2b: Gastrodon|Muddy Water|p1a: Evaptor|[spread] p1a,p1b\n|-resisted|p1a: Evaptor\n|-resisted|p1b: Shez\n|-damage|p1a: Evaptor|22\/100\n|-damage|p1b: Shez|88\/100\n|-unboost|p1a: Evaptor|accuracy|1\n|\n|-heal|p1b: Shez|94\/100|[from] item: Leftovers\n|upkeep\n|\n|t:|1700530850\n|switch|p2a: Landorus|Landorus-Therian, M|51\/100\n|-damage|p2a: Landorus|38\/100|[from] Stealth Rock\n|-ability|p2a: Landorus|Intimidate|boost\n|-unboost|p1a: Evaptor|atk|1\n|-unboost|p1b: Shez|atk|1\n|turn|8\n|\n|t:|1700530869\n|move|p2a: Landorus|Rock Slide|p1a: Evaptor|[spread] p1a,p1b\n|-damage|p1a: Evaptor|0 fnt\n|-damage|p1b: Shez|75\/100\n|faint|p1a: Evaptor\n|-end|p1a: Evaptor|Protosynthesis|[silent]\n|move|p1b: Shez|Bitter Blade|p2a: Landorus\n|-damage|p2a: Landorus|0 fnt\n|-heal|p1b: Shez|93\/100|[from] drain|[of] p2a: Landorus\n|faint|p2a: Landorus\n|move|p2b: Gastrodon|Muddy Water|p1b: Shez|[miss]\n|-miss|p2b: Gastrodon|p1b: Shez\n|\n|-heal|p1b: Shez|99\/100|[from] item: Leftovers\n|-sideend|p2: Xalvadore|move: Tailwind\n|upkeep\n|\n|t:|1700530891\n|switch|p1a: AC\/DC|Magnezone, shiny|74\/100\n|switch|p2a: Kingambit|Kingambit, M|100\/100\n|-damage|p2a: Kingambit|94\/100|[from] Stealth Rock\n|turn|9\n|\n|t:|1700530911\n|switch|p2b: Ogerpon|Ogerpon-Hearthflame, F|100\/100\n|-damage|p2b: Ogerpon|76\/100|[from] Stealth Rock\n|-ability|p2b: Ogerpon|Mold Breaker\n|-terastallize|p2a: Kingambit|Steel\n|move|p1a: AC\/DC|Helping Hand|p1b: Shez\n|-singleturn|p1b: Shez|Helping Hand|[of] p1a: AC\/DC\n|move|p1b: Shez|Bitter Blade|p2a: Kingambit\n|-supereffective|p2a: Kingambit\n|-damage|p2a: Kingambit|17\/100\n|-heal|p1b: Shez|100\/100|[from] drain|[of] p2a: Kingambit\n|-enditem|p2a: Kingambit|Weakness Policy\n|-boost|p2a: Kingambit|atk|2|[from] item: Weakness Policy\n|-boost|p2a: Kingambit|spa|2|[from] item: Weakness Policy\n|move|p2a: Kingambit|Iron Head|p1b: Shez\n|-damage|p1b: Shez|24\/100\n|\n|-heal|p1b: Shez|30\/100|[from] item: Leftovers\n|-heal|p1a: AC\/DC|80\/100|[from] item: Leftovers\n|upkeep\n|turn|10\n|\n|t:|1700530942\n|move|p2a: Kingambit|Sucker Punch||[still]\n|-fail|p2a: Kingambit\n|move|p2b: Ogerpon|Ivy Cudgel|p1a: AC\/DC|[anim] Ivy Cudgel Fire\n|-supereffective|p1a: AC\/DC\n|-damage|p1a: AC\/DC|0 fnt\n|faint|p1a: AC\/DC\n|move|p1b: Shez|Bulk Up|p1b: Shez\n|-boost|p1b: Shez|atk|1\n|-boost|p1b: Shez|def|1\n|\n|-heal|p1b: Shez|36\/100|[from] item: Leftovers\n|upkeep\n|turn|11\n|\n|t:|1700530956\n|move|p2a: Kingambit|Sucker Punch|p1b: Shez\n|-damage|p1b: Shez|0 fnt\n|faint|p1b: Shez\n|\n|win|Xalvadore\n|raw|AerBlaziken's rating: 1314 &rarr; <strong>1297<\/strong><br \/>(-17 for losing)\n|raw|Xalvadore's rating: 1359 &rarr; <strong>1376<\/strong><br \/>(+17 for winning)\n|c|\u2606Xalvadore|gg\n|l|\u2606AerBlaziken\n","uploadtime":1700530963,"views":3,"p1id":"aerblaziken","p2id":"xalvadore","formatid":"gen9doublesou","rating":1297,"private":0,"password":""}