{"id":"gen9doublesou-1985708992","p1":"nicholas_plei","p2":"Crystal Ballzzz","format":"[Gen 9] Doubles OU","log":"|j|\u2606nicholas_plei\n|j|\u2606Crystal Ballzzz\n|t:|1699397949\n|gametype|doubles\n|player|p1|nicholas_plei|1|1000\n|player|p2|Crystal Ballzzz|265|1053\n|teamsize|p1|6\n|teamsize|p2|6\n|gen|9\n|tier|[Gen 9] Doubles OU\n|rated|\n|rule|Species Clause: Limit one of each Pok\u00e9mon\n|rule|OHKO Clause: OHKO moves are banned\n|rule|Evasion Moves Clause: Evasion moves are banned\n|rule|Gravity Sleep Clause: The combination of sleep-inducing moves with imperfect accuracy and Gravity or Gigantamax Orbeetle are banned\n|rule|Endless Battle Clause: Forcing endless battles is banned\n|rule|HP Percentage Mod: HP is shown in percentages\n|clearpoke\n|poke|p1|Krookodile, M|\n|poke|p1|Gliscor, M|\n|poke|p1|Cloyster, M|\n|poke|p1|Dragapult, M|\n|poke|p1|Tyranitar, M|\n|poke|p1|Tinkaton, F|\n|poke|p2|Slowbro, F|\n|poke|p2|Slowking, M|\n|poke|p2|Hatterene, F|\n|poke|p2|Espathra, M|\n|poke|p2|Armarouge, F|\n|poke|p2|Scream Tail|\n|teampreview\n|inactive|Battle timer is ON: inactive players will automatically lose when time's up. (requested by Crystal Ballzzz)\n|\n|t:|1699397978\n|start\n|switch|p1a: Krookodile|Krookodile, M|100\/100\n|switch|p1b: Gliscor|Gliscor, M|100\/100\n|switch|p2a: Slowking|Slowking, M|100\/100\n|switch|p2b: Slowbro|Slowbro, F|100\/100\n|turn|1\n|inactive|nicholas_plei has 120 seconds left.\n|\n|t:|1699398011\n|move|p1b: Gliscor|Swords Dance|p1b: Gliscor\n|-boost|p1b: Gliscor|atk|2\n|move|p1a: Krookodile|Outrage|p2b: Slowbro\n|-damage|p2b: Slowbro|76\/100\n|move|p2b: Slowbro|Calm Mind|p2b: Slowbro\n|-boost|p2b: Slowbro|spa|1\n|-boost|p2b: Slowbro|spd|1\n|move|p2a: Slowking|Trick Room|p2a: Slowking\n|-fieldstart|move: Trick Room|[of] p2a: Slowking\n|\n|-heal|p2b: Slowbro|82\/100|[from] item: Leftovers\n|upkeep\n|turn|2\n|\n|t:|1699398035\n|move|p2b: Slowbro|Ice Beam|p1b: Gliscor\n|-supereffective|p1b: Gliscor\n|-damage|p1b: Gliscor|0 fnt\n|faint|p1b: Gliscor\n|move|p2a: Slowking|Reflect|p2a: Slowking\n|-sidestart|p2: Crystal Ballzzz|Reflect\n|move|p1a: Krookodile|Outrage|p2a: Slowking|[from]lockedmove\n|-damage|p2a: Slowking|81\/100\n|\n|-heal|p2b: Slowbro|88\/100|[from] item: Leftovers\n|upkeep\n|inactive|nicholas_plei has 120 seconds left.\n|\n|t:|1699398057\n|switch|p1b: Tyranitar|Tyranitar, M|100\/100\n|-ability|p1b: Tyranitar|Unnerve\n|turn|3\n|\n|t:|1699398077\n|move|p2b: Slowbro|Surf|p1a: Krookodile|[spread] p2a,p1a,p1b\n|-resisted|p2a: Slowking\n|-supereffective|p1a: Krookodile\n|-supereffective|p1b: Tyranitar\n|-damage|p2a: Slowking|67\/100\n|-damage|p1a: Krookodile|32\/100\n|-damage|p1b: Tyranitar|43\/100\n|move|p2a: Slowking|Flamethrower|p1b: Tyranitar\n|-resisted|p1b: Tyranitar\n|-damage|p1b: Tyranitar|34\/100\n|move|p1b: Tyranitar|Thunder Punch|p2b: Slowbro\n|-supereffective|p2b: Slowbro\n|-damage|p2b: Slowbro|68\/100\n|move|p1a: Krookodile|Outrage|p2b: Slowbro|[from]lockedmove\n|-damage|p2b: Slowbro|52\/100\n|-start|p1a: Krookodile|confusion|[fatigue]\n|\n|-heal|p2b: Slowbro|58\/100|[from] item: Leftovers\n|-heal|p1b: Tyranitar|40\/100|[from] item: Leftovers\n|upkeep\n|turn|4\n|inactive|nicholas_plei has 120 seconds left.\n|\n|t:|1699398119\n|move|p2a: Slowking|Light Screen|p2a: Slowking\n|-sidestart|p2: Crystal Ballzzz|move: Light Screen\n|move|p2b: Slowbro|Surf|p1a: Krookodile|[spread] p2a,p1a,p1b\n|-resisted|p2a: Slowking\n|-supereffective|p1a: Krookodile\n|-supereffective|p1b: Tyranitar\n|-damage|p2a: Slowking|58\/100\n|-damage|p1a: Krookodile|0 fnt\n|-damage|p1b: Tyranitar|0 fnt\n|faint|p1a: Krookodile\n|faint|p1b: Tyranitar\n|\n|-heal|p2b: Slowbro|64\/100|[from] item: Leftovers\n|upkeep\n|\n|t:|1699398132\n|switch|p1b: Tinkaton|Tinkaton, F|100\/100\n|switch|p1a: Cloyster|Cloyster, M|100\/100\n|-ability|p1b: Tinkaton|Mold Breaker\n|turn|5\n|inactive|nicholas_plei has 120 seconds left.\n|\n|t:|1699398152\n|move|p2a: Slowking|Flamethrower|p1a: Cloyster\n|-damage|p1a: Cloyster|62\/100\n|move|p2b: Slowbro|Body Press|p1a: Cloyster\n|-supereffective|p1a: Cloyster\n|-damage|p1a: Cloyster|27\/100\n|move|p1a: Cloyster|Toxic Spikes|p2a: Slowking\n|-sidestart|p2: Crystal Ballzzz|move: Toxic Spikes\n|move|p1b: Tinkaton|Swords Dance|p1b: Tinkaton\n|-boost|p1b: Tinkaton|atk|2\n|\n|-heal|p2b: Slowbro|70\/100|[from] item: Leftovers\n|-heal|p1a: Cloyster|34\/100|[from] item: Leftovers\n|-fieldend|move: Trick Room\n|upkeep\n|turn|6\n|inactive|nicholas_plei has 120 seconds left.\n|\n|t:|1699398185\n|move|p1b: Tinkaton|Gigaton Hammer|p2a: Slowking\n|-resisted|p2a: Slowking\n|-damage|p2a: Slowking|27\/100\n|move|p1a: Cloyster|Blizzard|p2b: Slowbro|[spread] \n|-miss|p1a: Cloyster|p2a: Slowking\n|-miss|p1a: Cloyster|p2b: Slowbro\n|move|p2b: Slowbro|Surf|p1b: Tinkaton|[spread] p2a,p1a,p1b\n|-resisted|p2a: Slowking\n|-resisted|p1a: Cloyster\n|-damage|p2a: Slowking|19\/100\n|-damage|p1a: Cloyster|2\/100\n|-damage|p1b: Tinkaton|64\/100\n|move|p2a: Slowking|Trick Room|p2a: Slowking\n|-fieldstart|move: Trick Room|[of] p2a: Slowking\n|\n|-heal|p2b: Slowbro|76\/100|[from] item: Leftovers\n|-heal|p1a: Cloyster|8\/100|[from] item: Leftovers\n|-sideend|p2: Crystal Ballzzz|Reflect\n|upkeep\n|turn|7\n|inactive|nicholas_plei has 120 seconds left.\n|\n|t:|1699398219\n|switch|p2a: Hatterene|Hatterene, F|100\/100\n|-status|p2a: Hatterene|psn\n|-ability|p2a: Hatterene|Anticipation\n|move|p2b: Slowbro|Surf|p1b: Tinkaton|[spread] p2a,p1a,p1b\n|-resisted|p1a: Cloyster\n|-damage|p2a: Hatterene|78\/100 psn\n|-damage|p1a: Cloyster|0 fnt\n|-damage|p1b: Tinkaton|29\/100\n|faint|p1a: Cloyster\n|move|p1b: Tinkaton|Draining Kiss|p2a: Hatterene\n|-damage|p2a: Hatterene|70\/100 psn\n|-heal|p1b: Tinkaton|36\/100|[from] drain|[of] p2a: Hatterene\n|-damage|p1b: Tinkaton|19\/100|[from] item: Rocky Helmet|[of] p2a: Hatterene\n|\n|-heal|p2b: Slowbro|82\/100|[from] item: Leftovers\n|-damage|p2a: Hatterene|57\/100 psn|[from] psn\n|upkeep\n|inactive|nicholas_plei has 90 seconds left.\n|\n|t:|1699398238\n|switch|p1a: Dragapult|Dragapult, M, shiny|100\/100\n|turn|8\n|inactive|nicholas_plei has 90 seconds left.\n|inactive|nicholas_plei has 60 seconds left.\n|\n|t:|1699398306\n|move|p2a: Hatterene|Nuzzle|p1a: Dragapult\n|-resisted|p1a: Dragapult\n|-damage|p1a: Dragapult|97\/100\n|-status|p1a: Dragapult|par\n|move|p2b: Slowbro|Ice Beam|p1b: Tinkaton\n|-resisted|p1b: Tinkaton\n|-damage|p1b: Tinkaton|2\/100\n|move|p1a: Dragapult|Dragon Darts|p2b: Slowbro\n|-damage|p2b: Slowbro|71\/100\n|-anim|p1a: Dragapult|Dragon Darts|p2b: Slowbro\n|-damage|p2b: Slowbro|59\/100\n|move|p1b: Tinkaton|Draining Kiss|p2b: Slowbro\n|-damage|p2b: Slowbro|54\/100\n|-heal|p1b: Tinkaton|7\/100|[from] drain|[of] p2b: Slowbro\n|\n|-heal|p2b: Slowbro|60\/100|[from] item: Leftovers\n|-damage|p2a: Hatterene|45\/100 psn|[from] psn\n|-sideend|p2: Crystal Ballzzz|move: Light Screen\n|upkeep\n|turn|9\n|inactive|nicholas_plei has 60 seconds left.\n|c|\u2606Crystal Ballzzz|gg\n|inactive|nicholas_plei has 30 seconds left.\n|\n|t:|1699398353\n|-terastallize|p1a: Dragapult|Dragon\n|move|p2a: Hatterene|Life Dew|p2a: Hatterene|[spread] p2a,p2b\n|-heal|p2a: Hatterene|70\/100 psn\n|-heal|p2b: Slowbro|85\/100\n|move|p2b: Slowbro|Ice Beam|p1b: Tinkaton\n|-resisted|p1b: Tinkaton\n|-damage|p1b: Tinkaton|0 fnt\n|faint|p1b: Tinkaton\n|move|p1a: Dragapult|Dragon Darts|p2b: Slowbro\n|-damage|p2b: Slowbro|70\/100\n|-anim|p1a: Dragapult|Dragon Darts|p2b: Slowbro\n|-damage|p2b: Slowbro|53\/100\n|\n|-heal|p2b: Slowbro|59\/100|[from] item: Leftovers\n|-damage|p2a: Hatterene|58\/100 psn|[from] psn\n|upkeep\n|turn|10\n|\n|t:|1699398377\n|move|p2a: Hatterene|Shadow Ball|p1a: Dragapult\n|-damage|p1a: Dragapult|66\/100 par\n|move|p2b: Slowbro|Ice Beam|p1a: Dragapult\n|-supereffective|p1a: Dragapult\n|-damage|p1a: Dragapult|0 fnt\n|faint|p1a: Dragapult\n|\n|win|Crystal Ballzzz\n|raw|nicholas_plei's rating: 1000 &rarr; <strong>1000<\/strong><br \/>(+0 for losing)\n|raw|Crystal Ballzzz's rating: 1053 &rarr; <strong>1080<\/strong><br \/>(+27 for winning)\n","uploadtime":1699398394,"views":11,"p1id":"nicholasplei","p2id":"crystalballzzz","formatid":"gen9doublesou","rating":1000,"private":0,"password":""}