{"id":"gen9doublesou-1998241873","p1":"carlolucarelli","p2":"Iamssss","format":"[Gen 9] Doubles OU","log":"|j|\u2606carlolucarelli\n|j|\u2606Iamssss\n|inactive|Battle timer is ON: inactive players will automatically lose when time's up.\n|t:|1700918557\n|gametype|doubles\n|player|p1|carlolucarelli|169|\n|player|p2|Iamssss|morty-masters2|\n|teamsize|p1|6\n|teamsize|p2|6\n|gen|9\n|tier|[Gen 9] Doubles OU\n|rated|Tournament battle\n|rule|Species Clause: Limit one of each Pok\u00e9mon\n|rule|OHKO Clause: OHKO moves are banned\n|rule|Evasion Moves Clause: Evasion moves are banned\n|rule|Gravity Sleep Clause: The combination of sleep-inducing moves with imperfect accuracy and Gravity or Gigantamax Orbeetle are banned\n|rule|Endless Battle Clause: Forcing endless battles is banned\n|rule|HP Percentage Mod: HP is shown in percentages\n|clearpoke\n|poke|p1|Sneasel, M|\n|poke|p1|Carkol, M|\n|poke|p1|Krokorok, F|\n|poke|p1|Cetoddle, M|\n|poke|p1|Sandygast, F|\n|poke|p1|Phanpy, M|\n|poke|p2|Piloswine, F|\n|poke|p2|Corvisquire, M|\n|poke|p2|Gholdengo|\n|poke|p2|Qwilfish-Hisui, M|\n|poke|p2|Geodude-Alola, F|\n|poke|p2|Kricketot, M|\n|teampreview\n|j|*Lady Monita \u2746\n|inactive|Iamssss also wants the timer to be on.\n|j| HunterBear4\n|c|\u2606Iamssss|glhf\n|j| sevenwik\n|inactive|Iamssss has 120 seconds left.\n|\n|t:|1700918597\n|start\n|switch|p1a: Sneasel|Sneasel, M|100\/100\n|switch|p1b: Carkol|Carkol, M|100\/100\n|switch|p2a: Geodude|Geodude-Alola, F|100\/100\n|switch|p2b: Kricketot|Kricketot, M|100\/100\n|turn|1\n|\n|t:|1700918610\n|move|p1a: Sneasel|Fake Out|p2b: Kricketot\n|-damage|p2b: Kricketot|73\/100\n|move|p1b: Carkol|Scald|p2a: Geodude\n|-supereffective|p2a: Geodude\n|-damage|p2a: Geodude|29\/100\n|cant|p2b: Kricketot|flinch\n|move|p2a: Geodude|Explosion|p1b: Carkol|[spread] p2b,p1a,p1b\n|-damage|p2b: Kricketot|0 fnt\n|-enditem|p1a: Sneasel|Focus Sash\n|-damage|p1a: Sneasel|1\/100\n|-damage|p1b: Carkol|33\/100\n|faint|p2a: Geodude\n|faint|p2b: Kricketot\n|\n|upkeep\n|\n|t:|1700918623\n|switch|p2b: Qwilfish|Qwilfish-Hisui, M|100\/100\n|switch|p2a: Piloswine|Piloswine, F|100\/100\n|-ability|p2b: Qwilfish|Intimidate|boost\n|-unboost|p1a: Sneasel|atk|1\n|-unboost|p1b: Carkol|atk|1\n|turn|2\n|\n|t:|1700918632\n|move|p2a: Piloswine|Ice Shard|p1a: Sneasel\n|-resisted|p1a: Sneasel\n|-damage|p1a: Sneasel|0 fnt\n|faint|p1a: Sneasel\n|move|p2b: Qwilfish|Waterfall|p1b: Carkol\n|-supereffective|p1b: Carkol\n|-damage|p1b: Carkol|0 fnt\n|faint|p1b: Carkol\n|\n|upkeep\n|\n|t:|1700918652\n|switch|p1a: Krokorok|Krokorok, F|100\/100\n|switch|p1b: Sandygast|Sandygast, F|100\/100\n|-ability|p1a: Krokorok|Intimidate|boost\n|-unboost|p2a: Piloswine|atk|1\n|-unboost|p2b: Qwilfish|atk|1\n|turn|3\n|j| Piccolodaimaojr\n|\n|t:|1700918663\n|move|p1a: Krokorok|Protect|p1a: Krokorok\n|-singleturn|p1a: Krokorok|Protect\n|move|p2b: Qwilfish|Waterfall|p1a: Krokorok\n|-activate|p1a: Krokorok|move: Protect\n|move|p2a: Piloswine|Icicle Crash|p1a: Krokorok\n|-activate|p1a: Krokorok|move: Protect\n|move|p1b: Sandygast|Earth Power|p2b: Qwilfish\n|-supereffective|p2b: Qwilfish\n|-damage|p2b: Qwilfish|12\/100\n|\n|upkeep\n|turn|4\n|\n|t:|1700918679\n|switch|p1a: Cetoddle|Cetoddle, M|100\/100\n|move|p2b: Qwilfish|Destiny Bond|p2b: Qwilfish\n|-singlemove|p2b: Qwilfish|Destiny Bond\n|move|p2a: Piloswine|Icicle Crash|p1a: Cetoddle\n|-resisted|p1a: Cetoddle\n|-damage|p1a: Cetoddle|87\/100\n|move|p1b: Sandygast|Shadow Ball|p2b: Qwilfish\n|-resisted|p2b: Qwilfish\n|-damage|p2b: Qwilfish|0 fnt\n|faint|p2b: Qwilfish\n|-activate|p2b: Qwilfish|move: Destiny Bond\n|faint|p1b: Sandygast\n|\n|upkeep\n|\n|t:|1700918692\n|switch|p2b: Corvisquire|Corvisquire, M|100\/100\n|switch|p1b: Krokorok|Krokorok, F|100\/100\n|-ability|p2b: Corvisquire|Unnerve\n|-ability|p1b: Krokorok|Intimidate|boost\n|-unboost|p2a: Piloswine|atk|1\n|-unboost|p2b: Corvisquire|atk|1\n|turn|5\n|inactive|carlolucarelli has 120 seconds left.\n|\n|t:|1700918728\n|move|p2b: Corvisquire|Tailwind|p2b: Corvisquire\n|-sidestart|p2: Iamssss|move: Tailwind\n|move|p2a: Piloswine|Stone Edge|p1a: Cetoddle|[miss]\n|-miss|p2a: Piloswine|p1a: Cetoddle\n|move|p1b: Krokorok|Knock Off|p2b: Corvisquire\n|-damage|p2b: Corvisquire|59\/100\n|-enditem|p2b: Corvisquire|Eviolite|[from] move: Knock Off|[of] p1b: Krokorok\n|move|p1a: Cetoddle|Icicle Crash|p2b: Corvisquire\n|-supereffective|p2b: Corvisquire\n|-damage|p2b: Corvisquire|0 fnt\n|faint|p2b: Corvisquire\n|\n|upkeep\n|\n|t:|1700918736\n|switch|p2b: Gholdengo|Gholdengo|100\/100\n|turn|6\n|\n|t:|1700918745\n|-terastallize|p2b: Gholdengo|Steel\n|-terastallize|p1b: Krokorok|Ground\n|move|p1a: Cetoddle|Protect|p1a: Cetoddle\n|-singleturn|p1a: Cetoddle|Protect\n|move|p2b: Gholdengo|Make It Rain|p1b: Krokorok|[spread] p1b\n|-activate|p1a: Cetoddle|move: Protect\n|-damage|p1b: Krokorok|14\/100\n|-unboost|p2b: Gholdengo|spa|1\n|move|p2a: Piloswine|Icicle Crash|p1b: Krokorok\n|-supereffective|p1b: Krokorok\n|-damage|p1b: Krokorok|0 fnt\n|faint|p1b: Krokorok\n|\n|upkeep\n|\n|t:|1700918758\n|switch|p1b: Phanpy|Phanpy, M|100\/100\n|turn|7\n|c|\u2606Iamssss|gg\n|\n|t:|1700918766\n|move|p2b: Gholdengo|Make It Rain|p1a: Cetoddle|[spread] p1a,p1b\n|-supereffective|p1a: Cetoddle\n|-crit|p1b: Phanpy\n|-damage|p1a: Cetoddle|0 fnt\n|-damage|p1b: Phanpy|0 fnt\n|-unboost|p2b: Gholdengo|spa|1\n|faint|p1a: Cetoddle\n|faint|p1b: Phanpy\n|\n|win|Iamssss\n|n|\u2606carlolucarelli|carlolucarelli\n|n|\u2606Iamssss|iamssss\n|n|*Lady Monita \u2746|ladymonita\n|n| HunterBear4|hunterbear4\n|n| sevenwik|sevenwik\n|n| Piccolodaimaojr|piccolodaimaojr\n","uploadtime":1700918767,"views":4,"p1id":"carlolucarelli","p2id":"iamssss","formatid":"gen9doublesou","rating":0,"private":0,"password":""}