{"id":"gen9doublesou-1991391361","p1":"Caitlin 0","p2":"Orix_IsntHere","format":"[Gen 9] Doubles OU","log":"|j|\u2606Caitlin 0\n|j|\u2606Orix_IsntHere\n|t:|1700073198\n|gametype|doubles\n|player|p1|Caitlin 0|battlegirl-gen4|1046\n|player|p2|Orix_IsntHere|tate|1013\n|teamsize|p1|6\n|teamsize|p2|6\n|gen|9\n|tier|[Gen 9] Doubles OU\n|rated|\n|rule|Species Clause: Limit one of each Pok\u00e9mon\n|rule|OHKO Clause: OHKO moves are banned\n|rule|Evasion Moves Clause: Evasion moves are banned\n|rule|Gravity Sleep Clause: The combination of sleep-inducing moves with imperfect accuracy and Gravity or Gigantamax Orbeetle are banned\n|rule|Endless Battle Clause: Forcing endless battles is banned\n|rule|HP Percentage Mod: HP is shown in percentages\n|clearpoke\n|poke|p1|Corviknight, F|\n|poke|p1|Tinkaton, F|\n|poke|p1|Chandelure, F|\n|poke|p1|Flutter Mane|\n|poke|p1|Amoonguss, M|\n|poke|p1|Ambipom, M|\n|poke|p2|Glimmora, F|\n|poke|p2|Flutter Mane|\n|poke|p2|Arcanine-Hisui, M|\n|poke|p2|Floatzel, M|\n|poke|p2|Kilowattrel, F|\n|poke|p2|Meowscarada, F|\n|teampreview\n|\n|t:|1700073208\n|start\n|switch|p1a: Corviknight|Corviknight, F, shiny|100\/100\n|switch|p1b: Tinkaton|Tinkaton, F|100\/100\n|switch|p2a: Glimmora|Glimmora, F|100\/100\n|switch|p2b: Floatzel|Floatzel, M|100\/100\n|turn|1\n|\n|t:|1700073220\n|move|p2b: Floatzel|Dig||[still]\n|-prepare|p2b: Floatzel|Dig\n|move|p1b: Tinkaton|Swords Dance|p1b: Tinkaton\n|-boost|p1b: Tinkaton|atk|2\n|move|p2a: Glimmora|Light Screen|p2a: Glimmora\n|-sidestart|p2: Orix_IsntHere|move: Light Screen\n|move|p1a: Corviknight|Swagger|p1b: Tinkaton\n|-boost|p1b: Tinkaton|atk|2\n|-immune|p1b: Tinkaton|confusion|[from] ability: Own Tempo\n|\n|upkeep\n|turn|2\n|\n|t:|1700073249\n|-terastallize|p1b: Tinkaton|Water\n|move|p2b: Floatzel|Dig|p1b: Tinkaton|[from]lockedmove\n|-damage|p1b: Tinkaton|56\/100\n|-damage|p2b: Floatzel|91\/100|[from] item: Life Orb\n|move|p1b: Tinkaton|Ice Hammer|p2a: Glimmora\n|-damage|p2a: Glimmora|22\/100\n|-unboost|p1b: Tinkaton|spe|1\n|-activate|p2a: Glimmora|ability: Toxic Debris\n|-sidestart|p1: Caitlin 0|move: Toxic Spikes\n|move|p2a: Glimmora|Reflect|p2a: Glimmora\n|-sidestart|p2: Orix_IsntHere|Reflect\n|move|p1a: Corviknight|Tailwind|p1a: Corviknight\n|-sidestart|p1: Caitlin 0|move: Tailwind\n|\n|upkeep\n|turn|3\n|\n|t:|1700073281\n|move|p1b: Tinkaton|Protect|p1b: Tinkaton\n|-singleturn|p1b: Tinkaton|Protect\n|move|p2b: Floatzel|Aqua Jet|p1b: Tinkaton\n|-activate|p1b: Tinkaton|move: Protect\n|move|p1a: Corviknight|U-turn|p2b: Floatzel\n|-damage|p2b: Floatzel|73\/100\n|\n|t:|1700073290\n|switch|p1a: Ambipom|Ambipom, M, shiny|100\/100|[from] U-turn\n|-status|p1a: Ambipom|psn\n|move|p2a: Glimmora|Stone Edge|p1a: Ambipom\n|-damage|p1a: Ambipom|66\/100 psn\n|\n|-damage|p1a: Ambipom|54\/100 psn|[from] psn\n|upkeep\n|turn|4\n|\n|t:|1700073307\n|move|p1a: Ambipom|Fake Out|p2b: Floatzel\n|-damage|p2b: Floatzel|53\/100\n|move|p1b: Tinkaton|Play Rough|p2a: Glimmora\n|-resisted|p2a: Glimmora\n|-damage|p2a: Glimmora|0 fnt\n|-activate|p2a: Glimmora|ability: Toxic Debris\n|-sidestart|p1: Caitlin 0|move: Toxic Spikes\n|faint|p2a: Glimmora\n|cant|p2b: Floatzel|flinch\n|\n|-damage|p1a: Ambipom|41\/100 psn|[from] psn\n|upkeep\n|\n|t:|1700073317\n|switch|p2a: Meowscarada|Meowscarada, F|100\/100\n|turn|5\n|\n|t:|1700073334\n|move|p2b: Floatzel|Aqua Jet|p1a: Ambipom\n|-damage|p1a: Ambipom|0 fnt\n|faint|p1a: Ambipom\n|-damage|p2b: Floatzel|43\/100|[from] item: Life Orb\n|move|p1b: Tinkaton|Ice Hammer|p2a: Meowscarada\n|-supereffective|p2a: Meowscarada\n|-damage|p2a: Meowscarada|0 fnt\n|-unboost|p1b: Tinkaton|spe|1\n|faint|p2a: Meowscarada\n|\n|-sideend|p1: Caitlin 0|move: Tailwind\n|upkeep\n|\n|t:|1700073350\n|switch|p2a: Kilowattrel|Kilowattrel, F|100\/100\n|switch|p1a: Amoonguss|Amoonguss, M|100\/100\n|-sideend|p1: Caitlin 0|move: Toxic Spikes|[of] p1a: Amoonguss\n|turn|6\n|\n|t:|1700073369\n|move|p1b: Tinkaton|Protect|p1b: Tinkaton\n|-singleturn|p1b: Tinkaton|Protect\n|move|p2a: Kilowattrel|Volt Switch|p1b: Tinkaton\n|-activate|p1b: Tinkaton|move: Protect\n|move|p2b: Floatzel|Dig||[still]\n|-prepare|p2b: Floatzel|Dig\n|move|p1a: Amoonguss|Spore|p2a: Kilowattrel\n|-status|p2a: Kilowattrel|slp|[from] move: Spore\n|\n|upkeep\n|turn|7\n|\n|t:|1700073391\n|move|p1a: Amoonguss|Rage Powder|p1a: Amoonguss\n|-singleturn|p1a: Amoonguss|move: Rage Powder\n|cant|p2a: Kilowattrel|slp\n|move|p2b: Floatzel|Dig|p1a: Amoonguss|[from]lockedmove\n|-damage|p1a: Amoonguss|64\/100\n|-damage|p2b: Floatzel|33\/100|[from] item: Life Orb\n|move|p1b: Tinkaton|Play Rough|p2b: Floatzel\n|-damage|p2b: Floatzel|0 fnt\n|faint|p2b: Floatzel\n|\n|-heal|p1a: Amoonguss|70\/100|[from] item: Leftovers\n|upkeep\n|\n|t:|1700073400\n|switch|p2b: Arcanine|Arcanine-Hisui, M|100\/100\n|turn|8\n|\n|t:|1700073422\n|-terastallize|p2b: Arcanine|Steel\n|cant|p2a: Kilowattrel|slp\n|move|p2b: Arcanine|Flare Blitz|p1a: Amoonguss\n|-supereffective|p1a: Amoonguss\n|-damage|p1a: Amoonguss|0 fnt\n|faint|p1a: Amoonguss\n|move|p1b: Tinkaton|Ice Hammer|p2a: Kilowattrel\n|-supereffective|p2a: Kilowattrel\n|-damage|p2a: Kilowattrel|0 fnt\n|-unboost|p1b: Tinkaton|spe|1\n|faint|p2a: Kilowattrel\n|\n|-sideend|p2: Orix_IsntHere|move: Light Screen\n|upkeep\n|\n|t:|1700073439\n|switch|p2a: Flutter Mane|Flutter Mane|100\/100\n|switch|p1a: Flutter Mane|Flutter Mane|100\/100\n|-enditem|p2a: Flutter Mane|Booster Energy\n|-activate|p2a: Flutter Mane|ability: Protosynthesis|[fromitem]\n|-start|p2a: Flutter Mane|protosynthesisspa\n|turn|9\n|\n|t:|1700073452\n|move|p2a: Flutter Mane|Protect|p2a: Flutter Mane\n|-singleturn|p2a: Flutter Mane|Protect\n|move|p2b: Arcanine|Iron Head|p1b: Tinkaton\n|-resisted|p1b: Tinkaton\n|-damage|p1b: Tinkaton|30\/100\n|cant|p1b: Tinkaton|flinch\n|move|p1a: Flutter Mane|Trick Room|p1a: Flutter Mane\n|-fieldstart|move: Trick Room|[of] p1a: Flutter Mane\n|\n|-sideend|p2: Orix_IsntHere|Reflect\n|upkeep\n|turn|10\n|\n|t:|1700073481\n|switch|p1b: Chandelure|Chandelure, F|100\/100\n|move|p1a: Flutter Mane|Hyper Voice|p2a: Flutter Mane|[spread] p2b\n|-immune|p2a: Flutter Mane\n|-resisted|p2b: Arcanine\n|-damage|p2b: Arcanine|84\/100\n|move|p2b: Arcanine|Double-Edge|p1b: Chandelure\n|-immune|p1b: Chandelure\n|move|p2a: Flutter Mane|Dazzling Gleam|p1a: Flutter Mane|[spread] p1a,p1b\n|-resisted|p1b: Chandelure\n|-damage|p1a: Flutter Mane|59\/100\n|-damage|p1b: Chandelure|67\/100\n|\n|upkeep\n|turn|11\n|\n|t:|1700073498\n|move|p1a: Flutter Mane|Helping Hand|p1b: Chandelure\n|-singleturn|p1b: Chandelure|Helping Hand|[of] p1a: Flutter Mane\n|move|p2a: Flutter Mane|Protect|p2a: Flutter Mane\n|-singleturn|p2a: Flutter Mane|Protect\n|move|p1b: Chandelure|Heat Wave|p2a: Flutter Mane|[spread] p2b\n|-activate|p2a: Flutter Mane|move: Protect\n|-supereffective|p2b: Arcanine\n|-damage|p2b: Arcanine|0 fnt\n|faint|p2b: Arcanine\n|-damage|p1b: Chandelure|57\/100|[from] item: Life Orb\n|\n|upkeep\n|turn|12\n|\n|t:|1700073513\n|move|p1a: Flutter Mane|Helping Hand|p1b: Chandelure\n|-singleturn|p1b: Chandelure|Helping Hand|[of] p1a: Flutter Mane\n|move|p1b: Chandelure|Shadow Ball|p2a: Flutter Mane\n|-supereffective|p2a: Flutter Mane\n|-damage|p2a: Flutter Mane|0 fnt\n|faint|p2a: Flutter Mane\n|-end|p2a: Flutter Mane|Protosynthesis|[silent]\n|-damage|p1b: Chandelure|47\/100|[from] item: Life Orb\n|\n|win|Caitlin 0\n|raw|Caitlin 0's rating: 1046 &rarr; <strong>1076<\/strong><br \/>(+30 for winning)\n|raw|Orix_IsntHere's rating: 1013 &rarr; <strong>1002<\/strong><br \/>(-11 for losing)\n|l|\u2606Orix_IsntHere\n","uploadtime":1700073572,"views":24,"p1id":"caitlin0","p2id":"orixisnthere","formatid":"gen9doublesou","rating":1002,"private":0,"password":""}