{"id":"gen9doublesou-1985422542","p1":"Dudu_2209","p2":"chichi099","format":"[Gen 9] Doubles OU","log":"|j|\u2606Dudu_2209\n|j|\u2606chichi099\n|t:|1699373413\n|gametype|doubles\n|player|p1|Dudu_2209|266|1144\n|player|p2|chichi099|giovanni|1181\n|teamsize|p1|6\n|teamsize|p2|6\n|gen|9\n|tier|[Gen 9] Doubles OU\n|rated|\n|rule|Species Clause: Limit one of each Pok\u00e9mon\n|rule|OHKO Clause: OHKO moves are banned\n|rule|Evasion Moves Clause: Evasion moves are banned\n|rule|Gravity Sleep Clause: The combination of sleep-inducing moves with imperfect accuracy and Gravity or Gigantamax Orbeetle are banned\n|rule|Endless Battle Clause: Forcing endless battles is banned\n|rule|HP Percentage Mod: HP is shown in percentages\n|clearpoke\n|poke|p1|Sinistcha-Masterpiece|\n|poke|p1|Shaymin-Sky|\n|poke|p1|Ogerpon-Hearthflame, F|\n|poke|p1|Amoonguss, F|\n|poke|p1|Rillaboom, F|\n|poke|p1|Meowscarada, M|\n|poke|p2|Iron Bundle|\n|poke|p2|Dragonite, F|\n|poke|p2|Gothitelle, F|\n|poke|p2|Amoonguss, F|\n|poke|p2|Tinkaton, F|\n|poke|p2|Chandelure, F|\n|teampreview\n|inactive|Battle timer is ON: inactive players will automatically lose when time's up. (requested by chichi099)\n|\n|t:|1699373418\n|start\n|switch|p1a: Shaymin|Shaymin-Sky|100\/100\n|switch|p1b: Rillaboom|Rillaboom, F|100\/100\n|switch|p2a: Iron Bundle|Iron Bundle|100\/100\n|switch|p2b: Dragonite|Dragonite, F|100\/100\n|-fieldstart|move: Grassy Terrain|[from] ability: Grassy Surge|[of] p1b: Rillaboom\n|-enditem|p1b: Rillaboom|Grassy Seed\n|-boost|p1b: Rillaboom|def|1|[from] item: Grassy Seed\n|turn|1\n|\n|t:|1699373436\n|move|p2a: Iron Bundle|Protect|p2a: Iron Bundle\n|-singleturn|p2a: Iron Bundle|Protect\n|move|p1b: Rillaboom|Fake Out|p2a: Iron Bundle\n|-activate|p2a: Iron Bundle|move: Protect\n|move|p1a: Shaymin|Dazzling Gleam|p2a: Iron Bundle|[spread] p2b\n|-activate|p2a: Iron Bundle|move: Protect\n|-supereffective|p2b: Dragonite\n|-damage|p2b: Dragonite|79\/100\n|-enditem|p2b: Dragonite|Weakness Policy\n|-boost|p2b: Dragonite|atk|2|[from] item: Weakness Policy\n|-boost|p2b: Dragonite|spa|2|[from] item: Weakness Policy\n|move|p2b: Dragonite|Dragon Dance|p2b: Dragonite\n|-boost|p2b: Dragonite|atk|1\n|-boost|p2b: Dragonite|spe|1\n|\n|upkeep\n|turn|2\n|\n|t:|1699373464\n|move|p2a: Iron Bundle|Freeze-Dry|p1b: Rillaboom\n|-supereffective|p1b: Rillaboom\n|-damage|p1b: Rillaboom|3\/100\n|move|p2b: Dragonite|Thunder Punch|p1a: Shaymin\n|-damage|p1a: Shaymin|28\/100\n|move|p1a: Shaymin|Dazzling Gleam|p2a: Iron Bundle|[spread] p2a,p2b\n|-supereffective|p2b: Dragonite\n|-damage|p2a: Iron Bundle|60\/100\n|-damage|p2b: Dragonite|32\/100\n|move|p1b: Rillaboom|Drum Beating|p2a: Iron Bundle\n|-supereffective|p2a: Iron Bundle\n|-damage|p2a: Iron Bundle|0 fnt\n|faint|p2a: Iron Bundle\n|-end|p2a: Iron Bundle|Quark Drive|[silent]\n|\n|-heal|p1b: Rillaboom|9\/100|[from] Grassy Terrain\n|upkeep\n|\n|t:|1699373482\n|switch|p2a: Tinkaton|Tinkaton, F|100\/100\n|-ability|p2a: Tinkaton|Mold Breaker\n|turn|3\n|\n|t:|1699373500\n|move|p2a: Tinkaton|Fake Out|p1b: Rillaboom\n|-damage|p1b: Rillaboom|1\/100\n|move|p2b: Dragonite|Extreme Speed|p1a: Shaymin\n|-damage|p1a: Shaymin|0 fnt\n|faint|p1a: Shaymin\n|cant|p1b: Rillaboom|flinch\n|\n|-heal|p1b: Rillaboom|8\/100|[from] Grassy Terrain\n|upkeep\n|\n|t:|1699373508\n|switch|p1a: Sinistcha|Sinistcha-Masterpiece|100\/100\n|-heal|p1b: Rillaboom|32\/100|[from] ability: Hospitality|[of] p1a: Sinistcha\n|turn|4\n|\n|t:|1699373519\n|move|p2a: Tinkaton|Protect|p2a: Tinkaton\n|-singleturn|p2a: Tinkaton|Protect\n|move|p2b: Dragonite|Extreme Speed|p1b: Rillaboom\n|-damage|p1b: Rillaboom|0 fnt\n|faint|p1b: Rillaboom\n|move|p1a: Sinistcha|Scald|p2b: Dragonite\n|-resisted|p2b: Dragonite\n|-damage|p2b: Dragonite|21\/100\n|\n|upkeep\n|\n|t:|1699373529\n|switch|p1b: Ogerpon|Ogerpon-Hearthflame, F|100\/100\n|-ability|p1b: Ogerpon|Mold Breaker\n|turn|5\n|\n|t:|1699373539\n|move|p2a: Tinkaton|Protect||[still]\n|-fail|p2a: Tinkaton\n|move|p2b: Dragonite|Earthquake|p1b: Ogerpon|[spread] p2a,p1a,p1b\n|-supereffective|p2a: Tinkaton\n|-resisted|p1a: Sinistcha\n|-damage|p2a: Tinkaton|12\/100\n|-damage|p1a: Sinistcha|85\/100\n|-damage|p1b: Ogerpon|50\/100\n|move|p1b: Ogerpon|Ivy Cudgel|p2a: Tinkaton\n|-supereffective|p2a: Tinkaton\n|-damage|p2a: Tinkaton|0 fnt\n|faint|p2a: Tinkaton\n|move|p1a: Sinistcha|Matcha Gotcha|p2b: Dragonite\n|-resisted|p2b: Dragonite\n|-damage|p2b: Dragonite|9\/100\n|-heal|p1a: Sinistcha|91\/100|[from] drain|[of] p2b: Dragonite\n|\n|-heal|p1b: Ogerpon|56\/100|[from] Grassy Terrain\n|-heal|p1a: Sinistcha|97\/100|[from] Grassy Terrain\n|-fieldend|move: Grassy Terrain\n|upkeep\n|\n|t:|1699373558\n|switch|p2a: Amoonguss|Amoonguss, F|100\/100\n|turn|6\n|inactive|Dudu_2209 has 120 seconds left.\n|\n|t:|1699373604\n|move|p2a: Amoonguss|Protect|p2a: Amoonguss\n|-singleturn|p2a: Amoonguss|Protect\n|move|p2b: Dragonite|Earthquake|p1a: Sinistcha|[spread] p1a,p1b\n|-activate|p2a: Amoonguss|move: Protect\n|-resisted|p1a: Sinistcha\n|-damage|p1a: Sinistcha|66\/100\n|-damage|p1b: Ogerpon|0 fnt\n|faint|p1b: Ogerpon\n|move|p1a: Sinistcha|Matcha Gotcha|p2b: Dragonite|[spread] p2b\n|-activate|p2a: Amoonguss|move: Protect\n|-resisted|p2b: Dragonite\n|-damage|p2b: Dragonite|2\/100\n|-heal|p1a: Sinistcha|69\/100|[from] drain|[of] p2b: Dragonite\n|\n|upkeep\n|\n|t:|1699373608\n|switch|p1b: Meowscarada|Meowscarada, M|100\/100\n|turn|7\n|inactive|Dudu_2209 has 120 seconds left.\n|\n|t:|1699373630\n|move|p2b: Dragonite|Extreme Speed|p1b: Meowscarada\n|-damage|p1b: Meowscarada|0 fnt\n|faint|p1b: Meowscarada\n|move|p1a: Sinistcha|Matcha Gotcha|p2b: Dragonite|[spread] p2a,p2b\n|-resisted|p2a: Amoonguss\n|-resisted|p2b: Dragonite\n|-damage|p2a: Amoonguss|96\/100\n|-heal|p1a: Sinistcha|72\/100|[from] drain|[of] p2a: Amoonguss\n|-damage|p2b: Dragonite|0 fnt\n|-heal|p1a: Sinistcha|73\/100|[from] drain|[of] p2b: Dragonite\n|faint|p2b: Dragonite\n|move|p2a: Amoonguss|Pollen Puff|p1a: Sinistcha\n|-damage|p1a: Sinistcha|55\/100\n|\n|-heal|p2a: Amoonguss|100\/100|[from] item: Black Sludge\n|upkeep\n|\n|t:|1699373647\n|switch|p1b: Amoonguss|Amoonguss, F|100\/100\n|switch|p2b: Chandelure|Chandelure, F|100\/100\n|turn|8\n|\n|t:|1699373668\n|-terastallize|p1a: Sinistcha|Water\n|move|p2a: Amoonguss|Protect|p2a: Amoonguss\n|-singleturn|p2a: Amoonguss|Protect\n|move|p2b: Chandelure|Heat Wave|p1b: Amoonguss|[spread] p1a,p1b\n|-resisted|p1a: Sinistcha\n|-supereffective|p1b: Amoonguss\n|-damage|p1a: Sinistcha|37\/100\n|-damage|p1b: Amoonguss|38\/100\n|move|p1a: Sinistcha|Scald|p2b: Chandelure\n|-supereffective|p2b: Chandelure\n|-damage|p2b: Chandelure|10\/100\n|move|p1b: Amoonguss|Pollen Puff|p2a: Amoonguss\n|-activate|p2a: Amoonguss|move: Protect\n|\n|upkeep\n|turn|9\n|\n|t:|1699373692\n|switch|p2b: Gothitelle|Gothitelle, F, shiny|100\/100\n|move|p1a: Sinistcha|Matcha Gotcha|p2a: Amoonguss|[spread] p2a,p2b\n|-resisted|p2a: Amoonguss\n|-damage|p2a: Amoonguss|97\/100\n|-heal|p1a: Sinistcha|40\/100|[from] drain|[of] p2a: Amoonguss\n|-damage|p2b: Gothitelle|83\/100\n|-heal|p1a: Sinistcha|49\/100|[from] drain|[of] p2b: Gothitelle\n|move|p2a: Amoonguss|Spore|p1a: Sinistcha\n|-status|p1a: Sinistcha|slp|[from] move: Spore\n|move|p1b: Amoonguss|Pollen Puff|p1a: Sinistcha\n|-heal|p1a: Sinistcha|99\/100 slp\n|\n|-heal|p2a: Amoonguss|100\/100|[from] item: Black Sludge\n|upkeep\n|turn|10\n|inactive|chichi099 has 120 seconds left.\n|\n|t:|1699373722\n|move|p2a: Amoonguss|Protect|p2a: Amoonguss\n|-singleturn|p2a: Amoonguss|Protect\n|cant|p1a: Sinistcha|slp\n|move|p2b: Gothitelle|Psychic|p1b: Amoonguss\n|-supereffective|p1b: Amoonguss\n|-damage|p1b: Amoonguss|0 fnt\n|faint|p1b: Amoonguss\n|\n|upkeep\n|turn|11\n|\n|t:|1699373746\n|switch|p2b: Chandelure|Chandelure, F|10\/100\n|cant|p1a: Sinistcha|slp\n|move|p2a: Amoonguss|Pollen Puff|p1a: Sinistcha\n|-damage|p1a: Sinistcha|83\/100 slp\n|\n|upkeep\n|turn|12\n|\n|t:|1699373760\n|move|p2b: Chandelure|Energy Ball|p1a: Sinistcha\n|-supereffective|p1a: Sinistcha\n|-damage|p1a: Sinistcha|27\/100 slp\n|-curestatus|p1a: Sinistcha|slp|[msg]\n|move|p1a: Sinistcha|Hex|p2b: Chandelure\n|-supereffective|p2b: Chandelure\n|-damage|p2b: Chandelure|0 fnt\n|faint|p2b: Chandelure\n|move|p2a: Amoonguss|Pollen Puff|p2: Chandelure|[notarget]\n|-fail|p2a: Amoonguss\n|\n|upkeep\n|\n|t:|1699373771\n|switch|p2b: Gothitelle|Gothitelle, F, shiny|83\/100\n|turn|13\n|\n|t:|1699373784\n|move|p1a: Sinistcha|Strength Sap|p2b: Gothitelle\n|-unboost|p2b: Gothitelle|atk|1\n|-ability|p2b: Gothitelle|Competitive|boost\n|-boost|p2b: Gothitelle|spa|2\n|-heal|p1a: Sinistcha|60\/100\n|move|p2b: Gothitelle|Psychic|p1a: Sinistcha\n|-damage|p1a: Sinistcha|8\/100\n|move|p2a: Amoonguss|Sludge Bomb|p1a: Sinistcha\n|-damage|p1a: Sinistcha|0 fnt\n|faint|p1a: Sinistcha\n|\n|win|chichi099\n|raw|Dudu_2209's rating: 1144 &rarr; <strong>1122<\/strong><br \/>(-22 for losing)\n|raw|chichi099's rating: 1181 &rarr; <strong>1203<\/strong><br \/>(+22 for winning)\n|l|\u2606Dudu_2209\n","uploadtime":1699373810,"views":8,"p1id":"dudu2209","p2id":"chichi099","formatid":"gen9doublesou","rating":1122,"private":0,"password":""}