{"id":"gen9doublesou-1982241592","p1":"Brigandine","p2":"VikrThe","format":"[Gen 9] Doubles OU","log":"|j|\u2606Brigandine\n|j|\u2606VikrThe\n|t:|1698983352\n|gametype|doubles\n|player|p1|Brigandine|169|1204\n|player|p2|VikrThe|102|1334\n|teamsize|p1|6\n|teamsize|p2|6\n|gen|9\n|tier|[Gen 9] Doubles OU\n|rated|\n|rule|Species Clause: Limit one of each Pok\u00e9mon\n|rule|OHKO Clause: OHKO moves are banned\n|rule|Evasion Moves Clause: Evasion moves are banned\n|rule|Gravity Sleep Clause: The combination of sleep-inducing moves with imperfect accuracy and Gravity or Gigantamax Orbeetle are banned\n|rule|Endless Battle Clause: Forcing endless battles is banned\n|rule|HP Percentage Mod: HP is shown in percentages\n|clearpoke\n|poke|p1|Chien-Pao|\n|poke|p1|Corviknight, M|\n|poke|p1|Floatzel, F|\n|poke|p1|Pelipper, F|\n|poke|p1|Kilowattrel, F|\n|poke|p1|Amoonguss, F|\n|poke|p2|Iron Hands|\n|poke|p2|Grimmsnarl, M|\n|poke|p2|Ogerpon-Hearthflame, F|\n|poke|p2|Clefairy, F|\n|poke|p2|Roaring Moon|\n|poke|p2|Kommo-o, M|\n|teampreview\n|\n|t:|1698983362\n|start\n|switch|p1a: Pelipper|Pelipper, F|100\/100\n|switch|p1b: Amoonguss|Amoonguss, F|100\/100\n|switch|p2a: Grimmsnarl|Grimmsnarl, M|100\/100\n|switch|p2b: Iron Hands|Iron Hands|100\/100\n|-weather|RainDance|[from] ability: Drizzle|[of] p1a: Pelipper\n|turn|1\n|\n|t:|1698983381\n|move|p2b: Iron Hands|Fake Out|p1b: Amoonguss\n|-damage|p1b: Amoonguss|87\/100\n|move|p2a: Grimmsnarl|Light Screen|p2a: Grimmsnarl\n|-sidestart|p2: VikrThe|move: Light Screen\n|move|p1a: Pelipper|U-turn|p2a: Grimmsnarl\n|-damage|p2a: Grimmsnarl|93\/100\n|\n|t:|1698983392\n|switch|p1a: Kilowattrel|Kilowattrel, F|100\/100|[from] U-turn\n|cant|p1b: Amoonguss|flinch\n|\n|-weather|RainDance|[upkeep]\n|-heal|p1b: Amoonguss|94\/100|[from] item: Leftovers\n|upkeep\n|turn|2\n|\n|t:|1698983411\n|move|p2b: Iron Hands|Protect|p2b: Iron Hands\n|-singleturn|p2b: Iron Hands|Protect\n|move|p2a: Grimmsnarl|Parting Shot|p1a: Kilowattrel\n|-unboost|p1a: Kilowattrel|atk|1\n|-unboost|p1a: Kilowattrel|spa|1\n|\n|t:|1698983415\n|switch|p2a: Roaring Moon|Roaring Moon|100\/100|[from] Parting Shot\n|move|p1a: Kilowattrel|Hurricane|p2b: Iron Hands\n|-activate|p2b: Iron Hands|move: Protect\n|move|p1b: Amoonguss|Spore|p2b: Iron Hands\n|-activate|p2b: Iron Hands|move: Protect\n|\n|-weather|RainDance|[upkeep]\n|-heal|p1b: Amoonguss|99\/100|[from] item: Leftovers\n|upkeep\n|turn|3\n|\n|t:|1698983435\n|move|p1a: Kilowattrel|Hurricane|p2b: Iron Hands\n|-damage|p2b: Iron Hands|87\/100\n|move|p2a: Roaring Moon|Taunt|p1b: Amoonguss\n|-start|p1b: Amoonguss|move: Taunt\n|move|p2b: Iron Hands|Drain Punch|p1a: Kilowattrel\n|-resisted|p1a: Kilowattrel\n|-damage|p1a: Kilowattrel|62\/100\n|-heal|p2b: Iron Hands|99\/100|[from] drain|[of] p1a: Kilowattrel\n|cant|p1b: Amoonguss|move: Taunt|Spore\n|\n|-weather|RainDance|[upkeep]\n|-heal|p1b: Amoonguss|100\/100|[from] item: Leftovers\n|upkeep\n|turn|4\n|\n|t:|1698983459\n|switch|p1a: Chien-Pao|Chien-Pao|100\/100\n|-ability|p1a: Chien-Pao|Sword of Ruin\n|move|p2a: Roaring Moon|Knock Off|p1b: Amoonguss\n|-damage|p1b: Amoonguss|47\/100\n|-enditem|p1b: Amoonguss|Leftovers|[from] move: Knock Off|[of] p2a: Roaring Moon\n|move|p2b: Iron Hands|Thunder Punch|p1a: Chien-Pao\n|-crit|p1a: Chien-Pao\n|-damage|p1a: Chien-Pao|8\/100\n|move|p1b: Amoonguss|Pollen Puff|p1a: Chien-Pao\n|-heal|p1a: Chien-Pao|58\/100\n|\n|-weather|RainDance|[upkeep]\n|upkeep\n|turn|5\n|\n|t:|1698983492\n|move|p1a: Chien-Pao|Ice Spinner|p2a: Roaring Moon\n|-supereffective|p2a: Roaring Moon\n|-damage|p2a: Roaring Moon|0 fnt\n|faint|p2a: Roaring Moon\n|-end|p2a: Roaring Moon|Protosynthesis|[silent]\n|move|p2b: Iron Hands|Drain Punch|p1b: Amoonguss\n|-resisted|p1b: Amoonguss\n|-damage|p1b: Amoonguss|24\/100\n|-heal|p2b: Iron Hands|100\/100|[from] drain|[of] p1b: Amoonguss\n|move|p1b: Amoonguss|Pollen Puff|p1a: Chien-Pao\n|-heal|p1a: Chien-Pao|100\/100\n|\n|-weather|RainDance|[upkeep]\n|-end|p1b: Amoonguss|move: Taunt\n|upkeep\n|\n|t:|1698983500\n|switch|p2a: Grimmsnarl|Grimmsnarl, M|93\/100\n|turn|6\n|\n|t:|1698983508\n|switch|p1b: Kilowattrel|Kilowattrel, F|62\/100\n|move|p2a: Grimmsnarl|Swagger|p1b: Kilowattrel\n|-boost|p1b: Kilowattrel|atk|2\n|-enditem|p2b: Iron Hands|Mirror Herb\n|-boost|p2b: Iron Hands|atk|2|[from] item: Mirror Herb\n|-start|p1b: Kilowattrel|confusion\n|move|p1a: Chien-Pao|Ice Spinner|p2a: Grimmsnarl\n|-damage|p2a: Grimmsnarl|51\/100\n|move|p2b: Iron Hands|Drain Punch|p1b: Kilowattrel\n|-resisted|p1b: Kilowattrel\n|-damage|p1b: Kilowattrel|0 fnt\n|faint|p1b: Kilowattrel\n|\n|-weather|RainDance|[upkeep]\n|upkeep\n|\n|t:|1698983526\n|switch|p1b: Amoonguss|Amoonguss, F|57\/100\n|turn|7\n|\n|t:|1698983537\n|move|p2a: Grimmsnarl|Reflect|p2a: Grimmsnarl\n|-sidestart|p2: VikrThe|Reflect\n|move|p1a: Chien-Pao|Ice Spinner|p2a: Grimmsnarl\n|-damage|p2a: Grimmsnarl|21\/100\n|move|p2b: Iron Hands|Drain Punch|p1b: Amoonguss\n|-resisted|p1b: Amoonguss\n|-damage|p1b: Amoonguss|12\/100\n|move|p1b: Amoonguss|Spore|p2b: Iron Hands\n|-status|p2b: Iron Hands|slp|[from] move: Spore\n|\n|-weather|RainDance|[upkeep]\n|upkeep\n|turn|8\n|\n|t:|1698983557\n|switch|p1b: Corviknight|Corviknight, M|100\/100\n|move|p2a: Grimmsnarl|Parting Shot|p1a: Chien-Pao\n|-hint|Since gen 7, Dark is immune to Prankster moves.\n|-immune|p1a: Chien-Pao\n|move|p1a: Chien-Pao|Ice Spinner|p2a: Grimmsnarl\n|-damage|p2a: Grimmsnarl|0 fnt\n|faint|p2a: Grimmsnarl\n|cant|p2b: Iron Hands|slp\n|\n|-weather|none\n|-sideend|p2: VikrThe|move: Light Screen\n|upkeep\n|\n|t:|1698983573\n|switch|p2a: Ogerpon|Ogerpon-Hearthflame, F|100\/100\n|-ability|p2a: Ogerpon|Mold Breaker\n|turn|9\n|\n|t:|1698983603\n|-terastallize|p2a: Ogerpon|Fire\n|detailschange|p2a: Ogerpon|Ogerpon-Hearthflame-Tera, F, tera:Fire\n|-ability|p2a: Ogerpon|Embody Aspect (Hearthflame)|boost\n|-boost|p2a: Ogerpon|atk|1\n|-terastallize|p1b: Corviknight|Ground\n|move|p1a: Chien-Pao|Crunch|p2a: Ogerpon\n|-damage|p2a: Ogerpon|54\/100\n|-unboost|p2a: Ogerpon|def|1\n|move|p2a: Ogerpon|Ivy Cudgel|p1b: Corviknight\n|-crit|p1b: Corviknight\n|-damage|p1b: Corviknight|0 fnt\n|faint|p1b: Corviknight\n|cant|p2b: Iron Hands|slp\n|\n|upkeep\n|\n|t:|1698983616\n|switch|p1b: Floatzel|Floatzel, F|100\/100\n|turn|10\n|\n|t:|1698983635\n|move|p2a: Ogerpon|Spiky Shield|p2a: Ogerpon\n|-singleturn|p2a: Ogerpon|move: Protect\n|move|p1a: Chien-Pao|Crunch|p2a: Ogerpon\n|-activate|p2a: Ogerpon|move: Protect\n|-damage|p1a: Chien-Pao|88\/100|[from] Spiky Shield|[of] p2a: Ogerpon\n|move|p1b: Floatzel|Wave Crash|p2a: Ogerpon\n|-activate|p2a: Ogerpon|move: Protect\n|-damage|p1b: Floatzel|88\/100|[from] Spiky Shield|[of] p2a: Ogerpon\n|-curestatus|p2b: Iron Hands|slp|[msg]\n|move|p2b: Iron Hands|Thunder Punch|p1b: Floatzel\n|-supereffective|p1b: Floatzel\n|-damage|p1b: Floatzel|0 fnt\n|faint|p1b: Floatzel\n|\n|upkeep\n|\n|t:|1698983640\n|switch|p1b: Amoonguss|Amoonguss, F|45\/100\n|turn|11\n|\n|t:|1698983657\n|move|p1b: Amoonguss|Rage Powder|p1b: Amoonguss\n|-singleturn|p1b: Amoonguss|move: Rage Powder\n|move|p1a: Chien-Pao|Crunch|p2a: Ogerpon\n|-damage|p2a: Ogerpon|0 fnt\n|faint|p2a: Ogerpon\n|move|p2b: Iron Hands|Drain Punch|p1b: Amoonguss\n|-resisted|p1b: Amoonguss\n|-damage|p1b: Amoonguss|0 fnt\n|faint|p1b: Amoonguss\n|\n|upkeep\n|\n|t:|1698983664\n|switch|p2a: Clefairy|Clefairy, F|100\/100\n|switch|p1b: Pelipper|Pelipper, F|100\/100\n|-weather|RainDance|[from] ability: Drizzle|[of] p1b: Pelipper\n|turn|12\n|\n|t:|1698983675\n|move|p2a: Clefairy|Follow Me|p2a: Clefairy\n|-singleturn|p2a: Clefairy|move: Follow Me\n|move|p1a: Chien-Pao|Crunch|p2a: Clefairy\n|-resisted|p2a: Clefairy\n|-damage|p2a: Clefairy|84\/100\n|move|p1b: Pelipper|Hurricane|p2a: Clefairy\n|-crit|p2a: Clefairy\n|-damage|p2a: Clefairy|41\/100\n|move|p2b: Iron Hands|Drain Punch|p1a: Chien-Pao\n|-supereffective|p1a: Chien-Pao\n|-crit|p1a: Chien-Pao\n|-damage|p1a: Chien-Pao|0 fnt\n|faint|p1a: Chien-Pao\n|\n|-weather|RainDance|[upkeep]\n|upkeep\n|turn|13\n|-message|Brigandine forfeited.\n|\n|win|VikrThe\n|raw|Brigandine's rating: 1204 &rarr; <strong>1188<\/strong><br \/>(-16 for losing)\n|raw|VikrThe's rating: 1334 &rarr; <strong>1347<\/strong><br \/>(+13 for winning)\n|l|\u2606Brigandine\n","uploadtime":1698983696,"views":18,"p1id":"brigandine","p2id":"vikrthe","formatid":"gen9doublesou","rating":1188,"private":0,"password":""}