{"id":"gen9doublesou-1991637269","p1":"random927372935","p2":"GRIZZLYSRAGE","format":"[Gen 9] Doubles OU","log":"|j|\u2606random927372935\n|j|\u2606GRIZZLYSRAGE\n|t:|1700096977\n|gametype|doubles\n|player|p1|random927372935|youngster-gen4dp|1036\n|player|p2|GRIZZLYSRAGE|veteran|1000\n|teamsize|p1|6\n|teamsize|p2|6\n|gen|9\n|tier|[Gen 9] Doubles OU\n|rated|\n|rule|Species Clause: Limit one of each Pok\u00e9mon\n|rule|OHKO Clause: OHKO moves are banned\n|rule|Evasion Moves Clause: Evasion moves are banned\n|rule|Gravity Sleep Clause: The combination of sleep-inducing moves with imperfect accuracy and Gravity or Gigantamax Orbeetle are banned\n|rule|Endless Battle Clause: Forcing endless battles is banned\n|rule|HP Percentage Mod: HP is shown in percentages\n|clearpoke\n|poke|p1|Dragapult, M|\n|poke|p1|Cresselia, F|\n|poke|p1|Clefable, M|\n|poke|p1|Ceruledge, M|\n|poke|p1|Iron Jugulis|\n|poke|p1|Toxapex, F|\n|poke|p2|Oricorio-Pom-Pom, F|\n|poke|p2|Mimikyu, F|\n|poke|p2|Kommo-o, F|\n|poke|p2|Goodra, M|\n|poke|p2|Iron Moth|\n|poke|p2|Dragonite, F|\n|teampreview\n|\n|t:|1700096983\n|start\n|switch|p1a: Clefable|Clefable, M|100\/100\n|switch|p1b: Ceruledge|Ceruledge, M|100\/100\n|switch|p2a: Kommo-o|Kommo-o, F|100\/100\n|switch|p2b: Oricorio|Oricorio-Pom-Pom, F|100\/100\n|turn|1\n|j| Dropadracofan211\n|\n|t:|1700096999\n|move|p1a: Clefable|Follow Me|p1a: Clefable\n|-singleturn|p1a: Clefable|move: Follow Me\n|move|p2b: Oricorio|Quiver Dance|p2b: Oricorio\n|-boost|p2b: Oricorio|spa|1\n|-boost|p2b: Oricorio|spd|1\n|-boost|p2b: Oricorio|spe|1\n|move|p1b: Ceruledge|Sunny Day|p1b: Ceruledge\n|-weather|SunnyDay\n|move|p2a: Kommo-o|Clangorous Soul|p2a: Kommo-o\n|-boost|p2a: Kommo-o|atk|1\n|-boost|p2a: Kommo-o|def|1\n|-boost|p2a: Kommo-o|spa|1\n|-boost|p2a: Kommo-o|spd|1\n|-boost|p2a: Kommo-o|spe|1\n|-damage|p2a: Kommo-o|68\/100\n|-activate|p2b: Oricorio|ability: Dancer\n|move|p2b: Oricorio|Clangorous Soul|p2b: Oricorio|[from]ability: Dancer\n|-boost|p2b: Oricorio|atk|1\n|-boost|p2b: Oricorio|def|1\n|-boost|p2b: Oricorio|spa|1\n|-boost|p2b: Oricorio|spd|1\n|-boost|p2b: Oricorio|spe|1\n|-damage|p2b: Oricorio|68\/100\n|\n|-weather|SunnyDay|[upkeep]\n|-heal|p2a: Kommo-o|74\/100|[from] item: Leftovers\n|upkeep\n|turn|2\n|\n|t:|1700097034\n|move|p2b: Oricorio|Revelation Dance|p1b: Ceruledge\n|-damage|p1b: Ceruledge|35\/100\n|move|p2a: Kommo-o|Clanging Scales|p1a: Clefable|[spread] p1b\n|-immune|p1a: Clefable\n|-damage|p1b: Ceruledge|0 fnt\n|faint|p1b: Ceruledge\n|-unboost|p2a: Kommo-o|def|1\n|move|p1a: Clefable|Flamethrower|p2b: Oricorio\n|-damage|p2b: Oricorio|22\/100\n|\n|-weather|SunnyDay|[upkeep]\n|-heal|p2a: Kommo-o|80\/100|[from] item: Leftovers\n|upkeep\n|\n|t:|1700097043\n|switch|p1b: Dragapult|Dragapult, M|100\/100\n|turn|3\n|\n|t:|1700097054\n|move|p2b: Oricorio|Baton Pass|p2b: Oricorio\n|\n|t:|1700097061\n|switch|p2b: Goodra|Goodra, M|100\/100|[from] Baton Pass\n|move|p1b: Dragapult|Dragon Darts|p2a: Kommo-o\n|-supereffective|p2a: Kommo-o\n|-damage|p2a: Kommo-o|51\/100\n|-anim|p1b: Dragapult|Dragon Darts|p2b: Goodra\n|-supereffective|p2b: Goodra\n|-damage|p2b: Goodra|65\/100\n|move|p2a: Kommo-o|Clangorous Soul|p2a: Kommo-o\n|-boost|p2a: Kommo-o|atk|1\n|-boost|p2a: Kommo-o|def|1\n|-boost|p2a: Kommo-o|spa|1\n|-boost|p2a: Kommo-o|spd|1\n|-boost|p2a: Kommo-o|spe|1\n|-damage|p2a: Kommo-o|18\/100\n|move|p1a: Clefable|Dazzling Gleam|p2a: Kommo-o|[spread] p2a,p2b\n|-supereffective|p2a: Kommo-o\n|-supereffective|p2b: Goodra\n|-damage|p2a: Kommo-o|0 fnt\n|-damage|p2b: Goodra|42\/100\n|faint|p2a: Kommo-o\n|\n|-weather|SunnyDay|[upkeep]\n|upkeep\n|\n|t:|1700097083\n|switch|p2a: Iron Moth|Iron Moth|100\/100\n|turn|4\n|\n|t:|1700097100\n|-terastallize|p2b: Goodra|Steel\n|move|p1a: Clefable|Follow Me|p1a: Clefable\n|-singleturn|p1a: Clefable|move: Follow Me\n|move|p1b: Dragapult|Dragon Darts|p2b: Goodra\n|-resisted|p2b: Goodra\n|-damage|p2b: Goodra|33\/100\n|-anim|p1b: Dragapult|Dragon Darts|p2a: Iron Moth\n|-damage|p2a: Iron Moth|63\/100\n|move|p2b: Goodra|Rain Dance|p2b: Goodra\n|-weather|RainDance\n|move|p2a: Iron Moth|Fiery Dance|p1a: Clefable\n|-damage|p1a: Clefable|80\/100\n|\n|-weather|RainDance|[upkeep]\n|-heal|p2a: Iron Moth|69\/100|[from] item: Leftovers\n|-heal|p1a: Clefable|86\/100|[from] item: Leftovers\n|upkeep\n|turn|5\n|\n|t:|1700097122\n|move|p1b: Dragapult|Thunderbolt|p2a: Iron Moth\n|-damage|p2a: Iron Moth|42\/100\n|move|p2b: Goodra|Rest|p2b: Goodra\n|-status|p2b: Goodra|slp|[from] move: Rest\n|-heal|p2b: Goodra|100\/100 slp|[silent]\n|move|p2a: Iron Moth|Hurricane|p1a: Clefable\n|-damage|p1a: Clefable|51\/100\n|move|p1a: Clefable|Flamethrower|p2b: Goodra\n|-supereffective|p2b: Goodra\n|-damage|p2b: Goodra|90\/100 slp\n|\n|-weather|RainDance|[upkeep]\n|-activate|p2b: Goodra|ability: Hydration\n|-curestatus|p2b: Goodra|slp|[msg]\n|-heal|p2a: Iron Moth|48\/100|[from] item: Leftovers\n|-heal|p1a: Clefable|57\/100|[from] item: Leftovers\n|upkeep\n|turn|6\n|\n|t:|1700097152\n|move|p1b: Dragapult|Dragon Darts|p2a: Iron Moth\n|-damage|p2a: Iron Moth|7\/100\n|-anim|p1b: Dragapult|Dragon Darts|p2b: Goodra\n|-resisted|p2b: Goodra\n|-damage|p2b: Goodra|81\/100\n|move|p2b: Goodra|Thunder|p1b: Dragapult\n|-resisted|p1b: Dragapult\n|-damage|p1b: Dragapult|54\/100\n|-status|p1b: Dragapult|par\n|-damage|p2b: Goodra|71\/100|[from] item: Life Orb\n|move|p2a: Iron Moth|Hurricane|p1b: Dragapult\n|-damage|p1b: Dragapult|0 fnt\n|faint|p1b: Dragapult\n|move|p1a: Clefable|Flamethrower|p2b: Goodra\n|-supereffective|p2b: Goodra\n|-damage|p2b: Goodra|61\/100\n|\n|-weather|RainDance|[upkeep]\n|-heal|p2a: Iron Moth|13\/100|[from] item: Leftovers\n|-heal|p1a: Clefable|63\/100|[from] item: Leftovers\n|upkeep\n|\n|t:|1700097158\n|switch|p1b: Iron Jugulis|Iron Jugulis|100\/100\n|-enditem|p1b: Iron Jugulis|Booster Energy\n|-activate|p1b: Iron Jugulis|ability: Quark Drive|[fromitem]\n|-start|p1b: Iron Jugulis|quarkdrivespa\n|turn|7\n|\n|t:|1700097184\n|move|p2b: Goodra|Thunder|p1b: Iron Jugulis\n|-supereffective|p1b: Iron Jugulis\n|-damage|p1b: Iron Jugulis|0 fnt\n|faint|p1b: Iron Jugulis\n|-end|p1b: Iron Jugulis|Quark Drive|[silent]\n|-damage|p2b: Goodra|52\/100|[from] item: Life Orb\n|move|p2a: Iron Moth|Energy Ball|p1a: Clefable\n|-damage|p1a: Clefable|32\/100\n|move|p1a: Clefable|Flamethrower|p2b: Goodra\n|-supereffective|p2b: Goodra\n|-damage|p2b: Goodra|42\/100\n|\n|-weather|RainDance|[upkeep]\n|-heal|p2a: Iron Moth|19\/100|[from] item: Leftovers\n|-heal|p1a: Clefable|38\/100|[from] item: Leftovers\n|upkeep\n|\n|t:|1700097188\n|switch|p1b: Toxapex|Toxapex, F|100\/100\n|turn|8\n|\n|t:|1700097209\n|move|p1b: Toxapex|Baneful Bunker|p1b: Toxapex\n|-singleturn|p1b: Toxapex|move: Protect\n|move|p2b: Goodra|Rest|p2b: Goodra\n|-status|p2b: Goodra|slp|[from] move: Rest\n|-heal|p2b: Goodra|100\/100 slp|[silent]\n|move|p2a: Iron Moth|Energy Ball|p1b: Toxapex\n|-activate|p1b: Toxapex|move: Protect\n|move|p1a: Clefable|Flamethrower|p2b: Goodra\n|-supereffective|p2b: Goodra\n|-damage|p2b: Goodra|91\/100 slp\n|\n|-weather|none\n|-heal|p2a: Iron Moth|25\/100|[from] item: Leftovers\n|-heal|p1a: Clefable|44\/100|[from] item: Leftovers\n|upkeep\n|turn|9\n|\n|t:|1700097239\n|cant|p2b: Goodra|slp\n|move|p2a: Iron Moth|Energy Ball|p1b: Toxapex\n|-crit|p1b: Toxapex\n|-damage|p1b: Toxapex|55\/100\n|move|p1a: Clefable|Flamethrower|p2b: Goodra\n|-supereffective|p2b: Goodra\n|-damage|p2b: Goodra|68\/100 slp\n|move|p1b: Toxapex|Surf|p2b: Goodra|[spread] p1a,p2a,p2b\n|-supereffective|p2a: Iron Moth\n|-damage|p1a: Clefable|26\/100\n|-damage|p2a: Iron Moth|0 fnt\n|-damage|p2b: Goodra|63\/100 slp\n|faint|p2a: Iron Moth\n|-end|p2a: Iron Moth|Quark Drive|[silent]\n|\n|-heal|p1a: Clefable|32\/100|[from] item: Leftovers\n|-heal|p1b: Toxapex|61\/100|[from] item: Black Sludge\n|upkeep\n|\n|t:|1700097257\n|switch|p2a: Dragonite|Dragonite, F|100\/100\n|turn|10\n|\n|t:|1700097267\n|move|p1a: Clefable|Follow Me|p1a: Clefable\n|-singleturn|p1a: Clefable|move: Follow Me\n|cant|p2b: Goodra|slp\n|move|p2a: Dragonite|Earthquake|p1a: Clefable|[spread] p2b,p1a,p1b\n|-supereffective|p2b: Goodra\n|-supereffective|p1b: Toxapex\n|-damage|p2b: Goodra|24\/100 slp\n|-damage|p1a: Clefable|2\/100\n|-damage|p1b: Toxapex|16\/100\n|move|p1b: Toxapex|Ice Spinner|p2a: Dragonite\n|-supereffective|p2a: Dragonite\n|-damage|p2a: Dragonite|72\/100\n|\n|-heal|p1a: Clefable|8\/100|[from] item: Leftovers\n|-heal|p1b: Toxapex|22\/100|[from] item: Black Sludge\n|upkeep\n|turn|11\n|l| Dropadracofan211\n|\n|t:|1700097287\n|move|p1b: Toxapex|Baneful Bunker|p1b: Toxapex\n|-singleturn|p1b: Toxapex|move: Protect\n|-curestatus|p2b: Goodra|slp|[msg]\n|move|p2b: Goodra|Rest|p2b: Goodra\n|-status|p2b: Goodra|slp|[from] move: Rest\n|-heal|p2b: Goodra|100\/100 slp|[silent]\n|move|p2a: Dragonite|Earthquake|p1b: Toxapex|[spread] p2b,p1a\n|-activate|p1b: Toxapex|move: Protect\n|-supereffective|p2b: Goodra\n|-damage|p2b: Goodra|60\/100 slp\n|-damage|p1a: Clefable|0 fnt\n|faint|p1a: Clefable\n|\n|-heal|p1b: Toxapex|29\/100|[from] item: Black Sludge\n|upkeep\n|\n|t:|1700097290\n|switch|p1a: Cresselia|Cresselia, F|100\/100\n|turn|12\n|\n|t:|1700097307\n|cant|p2b: Goodra|slp\n|move|p1a: Cresselia|Icy Wind|p2b: Goodra|[spread] p2a,p2b\n|-supereffective|p2a: Dragonite\n|-resisted|p2b: Goodra\n|-crit|p2b: Goodra\n|-damage|p2a: Dragonite|35\/100\n|-damage|p2b: Goodra|57\/100 slp\n|-unboost|p2a: Dragonite|spe|1\n|-unboost|p2b: Goodra|spe|1\n|move|p2a: Dragonite|Dragon Dance|p2a: Dragonite\n|-boost|p2a: Dragonite|atk|1\n|-boost|p2a: Dragonite|spe|1\n|move|p1b: Toxapex|Surf|p2b: Goodra|[spread] p1a,p2a,p2b\n|-resisted|p2a: Dragonite\n|-damage|p1a: Cresselia|88\/100\n|-damage|p2a: Dragonite|27\/100\n|-damage|p2b: Goodra|52\/100 slp\n|\n|-heal|p1b: Toxapex|35\/100|[from] item: Black Sludge\n|upkeep\n|turn|13\n|\n|t:|1700097327\n|cant|p2b: Goodra|slp\n|move|p1a: Cresselia|Moonblast|p2a: Dragonite\n|-supereffective|p2a: Dragonite\n|-damage|p2a: Dragonite|0 fnt\n|faint|p2a: Dragonite\n|move|p1b: Toxapex|Ice Spinner|p2b: Goodra\n|-resisted|p2b: Goodra\n|-damage|p2b: Goodra|46\/100 slp\n|\n|-heal|p1b: Toxapex|41\/100|[from] item: Black Sludge\n|upkeep\n|\n|t:|1700097339\n|switch|p2a: Oricorio|Oricorio-Pom-Pom, F|22\/100\n|turn|14\n|\n|t:|1700097346\n|move|p2a: Oricorio|Protect|p2a: Oricorio\n|-singleturn|p2a: Oricorio|Protect\n|-curestatus|p2b: Goodra|slp|[msg]\n|move|p2b: Goodra|Rain Dance|p2b: Goodra\n|-weather|RainDance\n|move|p1a: Cresselia|Icy Wind|p2b: Goodra|[spread] p2b\n|-activate|p2a: Oricorio|move: Protect\n|-resisted|p2b: Goodra\n|-damage|p2b: Goodra|45\/100\n|-unboost|p2b: Goodra|spe|1\n|move|p1b: Toxapex|Surf|p2b: Goodra|[spread] p1a,p2b\n|-activate|p2a: Oricorio|move: Protect\n|-damage|p1a: Cresselia|69\/100\n|-damage|p2b: Goodra|39\/100\n|\n|-weather|RainDance|[upkeep]\n|-heal|p1b: Toxapex|47\/100|[from] item: Black Sludge\n|upkeep\n|turn|15\n|\n|t:|1700097369\n|move|p2a: Oricorio|Revelation Dance|p1b: Toxapex\n|-supereffective|p1b: Toxapex\n|-damage|p1b: Toxapex|0 fnt\n|faint|p1b: Toxapex\n|move|p1a: Cresselia|Icy Wind|p2b: Goodra|[spread] p2a,p2b\n|-supereffective|p2a: Oricorio\n|-resisted|p2b: Goodra\n|-damage|p2a: Oricorio|0 fnt\n|-damage|p2b: Goodra|37\/100\n|-unboost|p2b: Goodra|spe|1\n|faint|p2a: Oricorio\n|move|p2b: Goodra|Rest|p2b: Goodra\n|-status|p2b: Goodra|slp|[from] move: Rest\n|-heal|p2b: Goodra|100\/100 slp|[silent]\n|\n|-weather|RainDance|[upkeep]\n|-activate|p2b: Goodra|ability: Hydration\n|-curestatus|p2b: Goodra|slp|[msg]\n|upkeep\n|\n|t:|1700097387\n|switch|p2a: Mimikyu|Mimikyu, F|100\/100\n|turn|16\n|\n|t:|1700097393\n|move|p2a: Mimikyu|Swords Dance|p2a: Mimikyu\n|-boost|p2a: Mimikyu|atk|2\n|move|p1a: Cresselia|Light Screen|p1a: Cresselia\n|-sidestart|p1: random927372935|move: Light Screen\n|move|p2b: Goodra|Thunder|p1a: Cresselia\n|-damage|p1a: Cresselia|38\/100\n|-damage|p2b: Goodra|91\/100|[from] item: Life Orb\n|\n|-weather|RainDance|[upkeep]\n|upkeep\n|turn|17\n|\n|t:|1700097407\n|move|p2a: Mimikyu|Swords Dance|p2a: Mimikyu\n|-boost|p2a: Mimikyu|atk|2\n|move|p1a: Cresselia|Icy Wind|p2b: Goodra|[spread] p2a,p2b\n|-resisted|p2b: Goodra\n|-activate|p2a: Mimikyu|ability: Disguise\n|-damage|p2a: Mimikyu|100\/100\n|-damage|p2b: Goodra|90\/100\n|-unboost|p2a: Mimikyu|spe|1\n|-unboost|p2b: Goodra|spe|1\n|detailschange|p2a: Mimikyu|Mimikyu-Busted, F\n|-damage|p2a: Mimikyu|88\/100|[from] pokemon: Mimikyu-Busted\n|move|p2b: Goodra|Thunder|p1a: Cresselia\n|-damage|p1a: Cresselia|4\/100\n|-damage|p2b: Goodra|80\/100|[from] item: Life Orb\n|\n|-weather|RainDance|[upkeep]\n|upkeep\n|turn|18\n|\n|t:|1700097431\n|move|p1a: Cresselia|Moonblast|p2a: Mimikyu\n|-damage|p2a: Mimikyu|60\/100\n|move|p2a: Mimikyu|X-Scissor|p1a: Cresselia\n|-supereffective|p1a: Cresselia\n|-damage|p1a: Cresselia|0 fnt\n|faint|p1a: Cresselia\n|-damage|p2a: Mimikyu|50\/100|[from] item: Life Orb\n|\n|win|GRIZZLYSRAGE\n|raw|random927372935's rating: 1036 &rarr; <strong>1019<\/strong><br \/>(-17 for losing)\n|raw|GRIZZLYSRAGE's rating: 1000 &rarr; <strong>1044<\/strong><br \/>(+44 for winning)\n|l|\u2606random927372935\n","uploadtime":1700097452,"views":20,"p1id":"random927372935","p2id":"grizzlysrage","formatid":"gen9doublesou","rating":1019,"private":0,"password":""}