{"id":"gen9doublesou-1995513844","p1":"gwithy16","p2":"Happy1912owl","format":"[Gen 9] Doubles OU","log":"|j|\u2606gwithy16\n|j|\u2606Happy1912owl\n|t:|1700578745\n|gametype|doubles\n|player|p1|gwithy16|2|\n|player|p2|Happy1912owl|steven|\n|teamsize|p1|6\n|teamsize|p2|6\n|gen|9\n|tier|[Gen 9] Doubles OU\n|rule|Species Clause: Limit one of each Pok\u00e9mon\n|rule|OHKO Clause: OHKO moves are banned\n|rule|Evasion Moves Clause: Evasion moves are banned\n|rule|Gravity Sleep Clause: The combination of sleep-inducing moves with imperfect accuracy and Gravity or Gigantamax Orbeetle are banned\n|rule|Endless Battle Clause: Forcing endless battles is banned\n|rule|HP Percentage Mod: HP is shown in percentages\n|clearpoke\n|poke|p1|Fezandipiti, M|\n|poke|p1|Ogerpon-Wellspring, F|\n|poke|p1|Krookodile, M|\n|poke|p1|Rillaboom, M|\n|poke|p1|Iron Thorns|\n|poke|p1|Hawlucha, F|\n|poke|p2|Dipplin, F|\n|poke|p2|Scovillain, M|\n|poke|p2|Tropius, M|\n|poke|p2|Scream Tail|\n|poke|p2|Farigiraf, M|\n|poke|p2|Azumarill, M|\n|teampreview\n|\n|t:|1700578786\n|start\n|switch|p1a: Rillaboom|Rillaboom, M|100\/100\n|switch|p1b: Krookodile|Krookodile, M, shiny|100\/100\n|switch|p2a: Flying mower|Tropius, M, shiny|100\/100\n|switch|p2b: Carolina Reaper|Scovillain, M, shiny|100\/100\n|-ability|p1b: Krookodile|Intimidate|boost\n|-unboost|p2a: Flying mower|atk|1\n|-unboost|p2b: Carolina Reaper|atk|1\n|-fieldstart|move: Grassy Terrain|[from] ability: Grassy Surge|[of] p1a: Rillaboom\n|-enditem|p2a: Flying mower|Grassy Seed\n|-boost|p2a: Flying mower|def|1|[from] item: Grassy Seed\n|turn|1\n|\n|t:|1700578816\n|move|p1a: Rillaboom|Fake Out|p2b: Carolina Reaper\n|-damage|p2b: Carolina Reaper|76\/100\n|move|p1b: Krookodile|High Horsepower|p2b: Carolina Reaper\n|-damage|p2b: Carolina Reaper|9\/100\n|cant|p2b: Carolina Reaper|flinch\n|move|p2a: Flying mower|Sunny Day|p2a: Flying mower\n|-weather|SunnyDay\n|\n|-weather|SunnyDay|[upkeep]\n|-heal|p2b: Carolina Reaper|15\/100|[from] Grassy Terrain\n|upkeep\n|turn|2\n|j| ff4fan\n|c| ff4fan|o\/\n|\n|t:|1700578849\n|switch|p1a: Fezandipiti|Fezandipiti, M|100\/100\n|move|p1b: Krookodile|Protect|p1b: Krookodile\n|-singleturn|p1b: Krookodile|Protect\n|move|p2b: Carolina Reaper|Fire Fang|p1a: Fezandipiti\n|-damage|p1a: Fezandipiti|72\/100\n|move|p2a: Flying mower|Tailwind|p2a: Flying mower\n|-sidestart|p2: Happy1912owl|move: Tailwind\n|\n|-weather|SunnyDay|[upkeep]\n|-heal|p2b: Carolina Reaper|21\/100|[from] Grassy Terrain\n|-heal|p1a: Fezandipiti|78\/100|[from] Grassy Terrain\n|-heal|p1a: Fezandipiti|84\/100|[from] item: Leftovers\n|upkeep\n|turn|3\n|\n|t:|1700578879\n|move|p2b: Carolina Reaper|Helping Hand|p2a: Flying mower\n|-singleturn|p2a: Flying mower|Helping Hand|[of] p2b: Carolina Reaper\n|move|p2a: Flying mower|Giga Drain|p1b: Krookodile\n|-supereffective|p1b: Krookodile\n|-damage|p1b: Krookodile|1\/100\n|move|p1a: Fezandipiti|Icy Wind|p2a: Flying mower|[spread] p2a,p2b\n|-supereffective|p2a: Flying mower\n|-damage|p2a: Flying mower|64\/100\n|-damage|p2b: Carolina Reaper|6\/100\n|-unboost|p2a: Flying mower|spe|1\n|-unboost|p2b: Carolina Reaper|spe|1\n|-status|p2a: Flying mower|tox|[from] ability: Toxic Chain|[of] p1a: Fezandipiti\n|move|p1b: Krookodile|Knock Off|p2a: Flying mower\n|-damage|p2a: Flying mower|38\/100 tox\n|\n|-weather|SunnyDay|[upkeep]\n|-heal|p2b: Carolina Reaper|12\/100|[from] Grassy Terrain\n|-heal|p1a: Fezandipiti|90\/100|[from] Grassy Terrain\n|-heal|p1a: Fezandipiti|96\/100|[from] item: Leftovers\n|-heal|p1b: Krookodile|7\/100|[from] Grassy Terrain\n|-damage|p2a: Flying mower|32\/100 tox|[from] psn\n|upkeep\n|turn|4\n|\n|t:|1700578912\n|move|p1b: Krookodile|Protect|p1b: Krookodile\n|-singleturn|p1b: Krookodile|Protect\n|move|p2b: Carolina Reaper|Lash Out|p1a: Fezandipiti\n|-resisted|p1a: Fezandipiti\n|-damage|p1a: Fezandipiti|89\/100\n|move|p2a: Flying mower|Giga Drain|p1b: Krookodile\n|-activate|p1b: Krookodile|move: Protect\n|move|p1a: Fezandipiti|Icy Wind|p2b: Carolina Reaper|[spread] p2a,p2b\n|-supereffective|p2a: Flying mower\n|-damage|p2a: Flying mower|0 fnt\n|-damage|p2b: Carolina Reaper|0 fnt\n|faint|p2a: Flying mower\n|faint|p2b: Carolina Reaper\n|\n|-weather|SunnyDay|[upkeep]\n|-heal|p1a: Fezandipiti|95\/100|[from] Grassy Terrain\n|-heal|p1a: Fezandipiti|100\/100|[from] item: Leftovers\n|-heal|p1b: Krookodile|13\/100|[from] Grassy Terrain\n|upkeep\n|\n|t:|1700578940\n|switch|p2b: Zombie Happy|Scream Tail, shiny|100\/100\n|switch|p2a: Belly rubs please|Azumarill, M, shiny|100\/100\n|-activate|p2b: Zombie Happy|ability: Protosynthesis\n|-start|p2b: Zombie Happy|protosynthesisspd\n|turn|5\n|\n|t:|1700578971\n|switch|p2a: Safari Guardians|Farigiraf, M, shiny|100\/100\n|move|p2b: Zombie Happy|Ice Punch|p1b: Krookodile\n|-supereffective|p1b: Krookodile\n|-damage|p1b: Krookodile|0 fnt\n|faint|p1b: Krookodile\n|move|p1a: Fezandipiti|Tailwind|p1a: Fezandipiti\n|-sidestart|p1: gwithy16|move: Tailwind\n|\n|-weather|none\n|-end|p2b: Zombie Happy|Protosynthesis\n|-sideend|p2: Happy1912owl|move: Tailwind\n|-fieldend|move: Grassy Terrain\n|upkeep\n|\n|t:|1700578995\n|switch|p1b: Rillaboom|Rillaboom, M|100\/100\n|-fieldstart|move: Grassy Terrain|[from] ability: Grassy Surge|[of] p1b: Rillaboom\n|turn|6\n|\n|t:|1700579014\n|move|p1b: Rillaboom|Fake Out|p2a: Safari Guardians\n|-damage|p2a: Safari Guardians|85\/100\n|move|p1a: Fezandipiti|Dazzling Gleam|p2b: Zombie Happy|[spread] p2a,p2b\n|-damage|p2a: Safari Guardians|64\/100\n|-damage|p2b: Zombie Happy|87\/100\n|move|p2b: Zombie Happy|Ice Punch|p1b: Rillaboom\n|-supereffective|p1b: Rillaboom\n|-damage|p1b: Rillaboom|68\/100\n|cant|p2a: Safari Guardians|flinch\n|\n|-heal|p1b: Rillaboom|74\/100|[from] Grassy Terrain\n|-heal|p2b: Zombie Happy|93\/100|[from] Grassy Terrain\n|-heal|p2a: Safari Guardians|70\/100|[from] Grassy Terrain\n|upkeep\n|turn|7\n|\n|t:|1700579042\n|move|p1a: Fezandipiti|Dazzling Gleam|p2b: Zombie Happy|[spread] p2a,p2b\n|-damage|p2a: Safari Guardians|50\/100\n|-damage|p2b: Zombie Happy|80\/100\n|move|p1b: Rillaboom|Knock Off|p2a: Safari Guardians\n|-supereffective|p2a: Safari Guardians\n|-damage|p2a: Safari Guardians|0 fnt\n|-enditem|p2a: Safari Guardians|Expert Belt|[from] move: Knock Off|[of] p1b: Rillaboom\n|faint|p2a: Safari Guardians\n|move|p2b: Zombie Happy|Psychic Fangs|p1b: Rillaboom\n|-damage|p1b: Rillaboom|44\/100\n|\n|-heal|p1b: Rillaboom|50\/100|[from] Grassy Terrain\n|-heal|p2b: Zombie Happy|86\/100|[from] Grassy Terrain\n|upkeep\n|\n|t:|1700579057\n|switch|p2a: Happy\u2019s revenge|Dipplin, F, shiny|100\/100\n|-ability|p2a: Happy\u2019s revenge|Supersweet Syrup\n|-ability|p2a: Happy\u2019s revenge|Supersweet Syrup|boost\n|-unboost|p1a: Fezandipiti|evasion|1\n|-unboost|p1b: Rillaboom|evasion|1\n|turn|8\n|\n|t:|1700579089\n|move|p1a: Fezandipiti|Icy Wind|p2a: Happy\u2019s revenge|[spread] p2a,p2b\n|-supereffective|p2a: Happy\u2019s revenge\n|-damage|p2a: Happy\u2019s revenge|52\/100\n|-damage|p2b: Zombie Happy|80\/100\n|-unboost|p2a: Happy\u2019s revenge|spe|1\n|-status|p2b: Zombie Happy|tox|[from] ability: Toxic Chain|[of] p1a: Fezandipiti\n|move|p1b: Rillaboom|Knock Off|p2a: Happy\u2019s revenge\n|-damage|p2a: Happy\u2019s revenge|23\/100\n|-enditem|p2a: Happy\u2019s revenge|Leftovers|[from] move: Knock Off|[of] p1b: Rillaboom\n|move|p2b: Zombie Happy|Ice Punch|p1b: Rillaboom\n|-supereffective|p1b: Rillaboom\n|-damage|p1b: Rillaboom|18\/100\n|-status|p1b: Rillaboom|frz\n|move|p2a: Happy\u2019s revenge|Syrup Bomb|p1a: Fezandipiti\n|-resisted|p1a: Fezandipiti\n|-damage|p1a: Fezandipiti|86\/100\n|-start|p1a: Fezandipiti|Syrup Bomb\n|\n|-heal|p1a: Fezandipiti|92\/100|[from] Grassy Terrain\n|-heal|p1a: Fezandipiti|98\/100|[from] item: Leftovers\n|-heal|p1b: Rillaboom|24\/100 frz|[from] Grassy Terrain\n|-heal|p2b: Zombie Happy|86\/100 tox|[from] Grassy Terrain\n|-heal|p2a: Happy\u2019s revenge|29\/100|[from] Grassy Terrain\n|-damage|p2b: Zombie Happy|80\/100 tox|[from] psn\n|-unboost|p1a: Fezandipiti|spe|1\n|-sideend|p1: gwithy16|move: Tailwind\n|upkeep\n|turn|9\n|\n|t:|1700579122\n|switch|p1b: Ogerpon|Ogerpon-Wellspring, F|100\/100\n|move|p2b: Zombie Happy|Ice Punch|p1a: Fezandipiti\n|-damage|p1a: Fezandipiti|79\/100\n|move|p1a: Fezandipiti|Icy Wind|p2a: Happy\u2019s revenge|[spread] p2a,p2b\n|-supereffective|p2a: Happy\u2019s revenge\n|-damage|p2a: Happy\u2019s revenge|0 fnt\n|-damage|p2b: Zombie Happy|74\/100 tox\n|faint|p2a: Happy\u2019s revenge\n|\n|-heal|p2b: Zombie Happy|80\/100 tox|[from] Grassy Terrain\n|-heal|p1a: Fezandipiti|85\/100|[from] Grassy Terrain\n|-heal|p1a: Fezandipiti|91\/100|[from] item: Leftovers\n|-damage|p2b: Zombie Happy|68\/100 tox|[from] psn\n|-unboost|p1a: Fezandipiti|spe|1\n|upkeep\n|\n|t:|1700579139\n|switch|p2a: Belly rubs please|Azumarill, M, shiny|100\/100\n|turn|10\n|\n|t:|1700579156\n|-terastallize|p1b: Ogerpon|Water\n|detailschange|p1b: Ogerpon|Ogerpon-Wellspring-Tera, F, tera:Water\n|-ability|p1b: Ogerpon|Embody Aspect (Wellspring)|boost\n|-boost|p1b: Ogerpon|spd|1\n|move|p1b: Ogerpon|Horn Leech|p2a: Belly rubs please\n|-supereffective|p2a: Belly rubs please\n|-damage|p2a: Belly rubs please|0 fnt\n|faint|p2a: Belly rubs please\n|move|p2b: Zombie Happy|Thunder Punch|p1b: Ogerpon\n|-supereffective|p1b: Ogerpon\n|-damage|p1b: Ogerpon|58\/100\n|move|p1a: Fezandipiti|Dazzling Gleam|p2b: Zombie Happy\n|-damage|p2b: Zombie Happy|50\/100 tox\n|\n|-heal|p1b: Ogerpon|64\/100|[from] Grassy Terrain\n|-heal|p2b: Zombie Happy|56\/100 tox|[from] Grassy Terrain\n|-heal|p1a: Fezandipiti|97\/100|[from] Grassy Terrain\n|-heal|p1a: Fezandipiti|100\/100|[from] item: Leftovers\n|-damage|p2b: Zombie Happy|37\/100 tox|[from] psn\n|-unboost|p1a: Fezandipiti|spe|1\n|-fieldend|move: Grassy Terrain\n|upkeep\n|turn|11\n|\n|t:|1700579180\n|move|p1b: Ogerpon|Ivy Cudgel|p2b: Zombie Happy|[anim] Ivy Cudgel Water\n|-crit|p2b: Zombie Happy\n|-damage|p2b: Zombie Happy|0 fnt\n|faint|p2b: Zombie Happy\n|-end|p2b: Zombie Happy|Protosynthesis|[silent]\n|\n|win|gwithy16\n","uploadtime":1700579187,"views":4,"p1id":"gwithy16","p2id":"happy1912owl","formatid":"gen9doublesou","rating":0,"private":0,"password":""}