{"id":"gen9doublesou-1973926984","p1":"UwU_Kingz","p2":"sadboigaming","format":"[Gen 9] Doubles OU","log":"|j|\u2606UwU_Kingz\n|j|\u2606sadboigaming\n|t:|1698029007\n|gametype|doubles\n|player|p1|UwU_Kingz|265|\n|player|p2|sadboigaming|unknown|\n|teamsize|p1|6\n|teamsize|p2|6\n|gen|9\n|tier|[Gen 9] Doubles OU\n|rule|Species Clause: Limit one of each Pok\u00e9mon\n|rule|OHKO Clause: OHKO moves are banned\n|rule|Evasion Moves Clause: Evasion moves are banned\n|rule|Gravity Sleep Clause: The combination of sleep-inducing moves with imperfect accuracy and Gravity or Gigantamax Orbeetle are banned\n|rule|Endless Battle Clause: Forcing endless battles is banned\n|rule|HP Percentage Mod: HP is shown in percentages\n|clearpoke\n|poke|p1|Landorus, M|\n|poke|p1|Mesprit|\n|poke|p1|Hatterene, F|\n|poke|p1|Iron Hands|\n|poke|p1|Samurott-Hisui, F|\n|poke|p1|Arcanine-Hisui, F|\n|poke|p2|Regidrago|\n|poke|p2|Hoopa|\n|poke|p2|Torkoal, F|\n|poke|p2|Great Tusk|\n|poke|p2|Thundurus, M|\n|poke|p2|Enamorus-Therian, F|\n|teampreview\n|\n|t:|1698029016\n|start\n|switch|p1a: Landorus|Landorus, M|100\/100\n|switch|p1b: Iron Hands|Iron Hands|100\/100\n|switch|p2a: Great Tusk|Great Tusk|100\/100\n|switch|p2b: Hoopa|Hoopa|100\/100\n|-enditem|p2a: Great Tusk|Booster Energy\n|-activate|p2a: Great Tusk|ability: Protosynthesis|[fromitem]\n|-start|p2a: Great Tusk|protosynthesisatk\n|turn|1\n|j| Redzone92\n|\n|t:|1698029051\n|-terastallize|p1a: Landorus|Ice\n|move|p2b: Hoopa|Psychic|p1b: Iron Hands\n|-supereffective|p1b: Iron Hands\n|-crit|p1b: Iron Hands\n|-damage|p1b: Iron Hands|0 fnt\n|faint|p1b: Iron Hands\n|-end|p1b: Iron Hands|Quark Drive|[silent]\n|move|p1a: Landorus|Tera Blast|p2a: Great Tusk|[anim] Tera Blast Ice\n|-supereffective|p2a: Great Tusk\n|-damage|p2a: Great Tusk|0 fnt\n|faint|p2a: Great Tusk\n|-end|p2a: Great Tusk|Protosynthesis|[silent]\n|-damage|p1a: Landorus|91\/100|[from] item: Life Orb\n|\n|upkeep\n|\n|t:|1698029079\n|switch|p2a: Torkoal|Torkoal, F, shiny|100\/100\n|switch|p1b: Hatterene|Hatterene, F|100\/100\n|turn|2\n|j| GoDDanteX\n|\n|t:|1698029090\n|switch|p2b: Enamorus|Enamorus-Therian, F|100\/100\n|move|p1a: Landorus|Earth Power|p2a: Torkoal\n|-supereffective|p2a: Torkoal\n|-damage|p2a: Torkoal|0 fnt\n|faint|p2a: Torkoal\n|move|p1b: Hatterene|Shadow Ball|p2b: Enamorus\n|-crit|p2b: Enamorus\n|-damage|p2b: Enamorus|49\/100\n|\n|upkeep\n|\n|t:|1698029107\n|switch|p2a: Hoopa|Hoopa|100\/100\n|turn|3\n|\n|t:|1698029123\n|-terastallize|p2a: Hoopa|Fighting\n|move|p2a: Hoopa|Shadow Ball|p1a: Landorus\n|-crit|p1a: Landorus\n|-damage|p1a: Landorus|0 fnt\n|faint|p1a: Landorus\n|move|p2b: Enamorus|Sludge Bomb|p1b: Hatterene\n|-supereffective|p1b: Hatterene\n|-damage|p1b: Hatterene|11\/100\n|-status|p1b: Hatterene|psn\n|-damage|p2b: Enamorus|39\/100|[from] item: Life Orb\n|move|p1b: Hatterene|Shadow Ball|p2a: Hoopa\n|-damage|p2a: Hoopa|71\/100\n|\n|-heal|p1b: Hatterene|17\/100 psn|[from] item: Leftovers\n|-damage|p1b: Hatterene|4\/100 psn|[from] psn\n|upkeep\n|\n|t:|1698029141\n|switch|p1a: Mesprit|Mesprit|100\/100\n|turn|4\n|\n|t:|1698029150\n|move|p2a: Hoopa|Shadow Ball|p1a: Mesprit\n|-supereffective|p1a: Mesprit\n|-damage|p1a: Mesprit|0 fnt\n|faint|p1a: Mesprit\n|move|p2b: Enamorus|Sludge Bomb|p1b: Hatterene\n|-supereffective|p1b: Hatterene\n|-damage|p1b: Hatterene|0 fnt\n|faint|p1b: Hatterene\n|-damage|p2b: Enamorus|30\/100|[from] item: Life Orb\n|\n|upkeep\n|\n|t:|1698029164\n|switch|p1a: Fluffy|Arcanine-Hisui, F, shiny|100\/100\n|switch|p1b: Samurott|Samurott-Hisui, F, shiny|100\/100\n|turn|5\n|\n|t:|1698029182\n|switch|p2a: Regidrago|Regidrago, shiny|100\/100\n|move|p1a: Fluffy|Extreme Speed|p2a: Regidrago\n|-damage|p2a: Regidrago|68\/100\n|move|p1b: Samurott|Ceaseless Edge|p2b: Enamorus\n|-resisted|p2b: Enamorus\n|-damage|p2b: Enamorus|7\/100\n|-sidestart|p2: sadboigaming|Spikes\n|move|p2b: Enamorus|Dazzling Gleam|p1b: Samurott|[spread] p1a,p1b\n|-resisted|p1a: Fluffy\n|-supereffective|p1b: Samurott\n|-damage|p1a: Fluffy|72\/100\n|-damage|p1b: Samurott|0 fnt\n|faint|p1b: Samurott\n|-damage|p2b: Enamorus|0 fnt|[from] item: Life Orb\n|faint|p2b: Enamorus\n|\n|upkeep\n|\n|t:|1698029197\n|switch|p2b: Thundurus|Thundurus, M, shiny|100\/100\n|turn|6\n|l| GoDDanteX\n|\n|t:|1698029208\n|move|p2b: Thundurus|Thunder Wave|p1a: Fluffy|[miss]\n|-miss|p2b: Thundurus|p1a: Fluffy\n|move|p2a: Regidrago|Earth Power|p1a: Fluffy\n|-supereffective|p1a: Fluffy\n|-damage|p1a: Fluffy|0 fnt\n|faint|p1a: Fluffy\n|\n|win|sadboigaming\n","uploadtime":1698029265,"views":23,"p1id":"uwukingz","p2id":"sadboigaming","formatid":"gen9doublesou","rating":0,"private":0,"password":""}