{"id":"gen9doublesou-1973040099","p1":"zeref203","p2":"royfisherwoods","format":"[Gen 9] Doubles OU","log":"|j|\u2606zeref203\n|j|\u2606royfisherwoods\n|t:|1697921194\n|gametype|doubles\n|player|p1|zeref203|1|1084\n|player|p2|royfisherwoods|fisherman-gen4|1075\n|teamsize|p1|6\n|teamsize|p2|6\n|gen|9\n|tier|[Gen 9] Doubles OU\n|rated|\n|rule|Species Clause: Limit one of each Pok\u00e9mon\n|rule|OHKO Clause: OHKO moves are banned\n|rule|Evasion Moves Clause: Evasion moves are banned\n|rule|Gravity Sleep Clause: The combination of sleep-inducing moves with imperfect accuracy and Gravity or Gigantamax Orbeetle are banned\n|rule|Endless Battle Clause: Forcing endless battles is banned\n|rule|HP Percentage Mod: HP is shown in percentages\n|clearpoke\n|poke|p1|Baxcalibur, M|\n|poke|p1|Slowking-Galar, F|\n|poke|p1|Goodra-Hisui, M|\n|poke|p1|Arcanine-Hisui, F|\n|poke|p1|Dedenne, F|\n|poke|p1|Gardevoir, F|\n|poke|p2|Clefairy, F|\n|poke|p2|Golduck, M|\n|poke|p2|Manaphy|\n|poke|p2|Clawitzer, M|\n|poke|p2|Politoed, M|\n|poke|p2|Flamigo, F|\n|teampreview\n|inactive|Battle timer is ON: inactive players will automatically lose when time's up. (requested by zeref203)\n|\n|t:|1697921207\n|start\n|switch|p1a: Asia|Slowking-Galar, F|100\/100\n|switch|p1b: Xenovia|Gardevoir, F|100\/100\n|switch|p2a: Clefikachu|Clefairy, F, shiny|100\/100\n|switch|p2b: Gol D. Uck|Golduck, M, shiny|100\/100\n|-ability|p2b: Gol D. Uck|Cloud Nine\n|turn|1\n|\n|t:|1697921220\n|move|p2b: Gol D. Uck|Simple Beam|p2a: Clefikachu\n|-endability|p2a: Clefikachu|Friend Guard|[from] move: Simple Beam\n|-ability|p2a: Clefikachu|Simple|[from] move: Simple Beam\n|move|p2a: Clefikachu|Cosmic Power|p2a: Clefikachu\n|-boost|p2a: Clefikachu|def|2\n|-boost|p2a: Clefikachu|spd|2\n|move|p1a: Asia|Chilly Reception|p1a: Asia\n|-weather|Snow\n|\n|t:|1697921237\n|switch|p1a: Issei|Goodra-Hisui, M, shiny|100\/100|[from] Chilly Reception\n|move|p1b: Xenovia|Trick Room|p1b: Xenovia\n|-fieldstart|move: Trick Room|[of] p1b: Xenovia\n|\n|-weather|Snow|[upkeep]\n|upkeep\n|turn|2\n|\n|t:|1697921259\n|move|p2a: Clefikachu|Cosmic Power|p2a: Clefikachu\n|-boost|p2a: Clefikachu|def|2\n|-boost|p2a: Clefikachu|spd|2\n|move|p1a: Issei|Muddy Water|p2a: Clefikachu|[spread] p2a,p2b\n|-resisted|p2b: Gol D. Uck\n|-damage|p2a: Clefikachu|94\/100\n|-damage|p2b: Gol D. Uck|87\/100\n|move|p1b: Xenovia|Psychic|p2a: Clefikachu\n|-damage|p2a: Clefikachu|83\/100\n|move|p2b: Gol D. Uck|Flip Turn|p1b: Xenovia\n|-damage|p1b: Xenovia|84\/100\n|\n|t:|1697921274\n|switch|p2b: Garlic Bread|Clawitzer, M, shiny|100\/100|[from] Flip Turn\n|\n|-weather|Snow|[upkeep]\n|-heal|p1b: Xenovia|91\/100|[from] item: Leftovers\n|upkeep\n|turn|3\n|\n|t:|1697921285\n|move|p1b: Xenovia|Helping Hand|p1a: Issei\n|-singleturn|p1a: Issei|Helping Hand|[of] p1b: Xenovia\n|move|p2a: Clefikachu|Cosmic Power|p2a: Clefikachu\n|-boost|p2a: Clefikachu|def|2\n|-boost|p2a: Clefikachu|spd|2\n|move|p1a: Issei|Flash Cannon|p1b: Xenovia\n|-activate|p1b: Xenovia|ability: Telepathy\n|move|p2b: Garlic Bread|Aura Sphere|p1a: Issei\n|-supereffective|p1a: Issei\n|-damage|p1a: Issei|67\/100\n|\n|-weather|Snow|[upkeep]\n|-heal|p1b: Xenovia|97\/100|[from] item: Leftovers\n|upkeep\n|turn|4\n|\n|t:|1697921304\n|switch|p2b: Shamon'a|Flamigo, F, shiny|100\/100\n|-copyboost|p2b: Shamon'a|p2a: Clefikachu|[from] ability: Costar\n|move|p2a: Clefikachu|Icy Wind|p1a: Issei|[spread] p1a,p1b\n|-damage|p1a: Issei|64\/100\n|-damage|p1b: Xenovia|92\/100\n|-unboost|p1a: Issei|spe|1\n|-unboost|p1b: Xenovia|spe|1\n|move|p1a: Issei|Flash Cannon|p2a: Clefikachu\n|-supereffective|p2a: Clefikachu\n|-crit|p2a: Clefikachu\n|-damage|p2a: Clefikachu|0 fnt\n|faint|p2a: Clefikachu\n|move|p1b: Xenovia|Life Dew|p1b: Xenovia|[spread] p1a,p1b\n|-heal|p1a: Issei|89\/100\n|-heal|p1b: Xenovia|100\/100\n|\n|-weather|Snow|[upkeep]\n|upkeep\n|\n|t:|1697921319\n|switch|p2a: Shit Ass McGee|Manaphy, shiny|100\/100\n|turn|5\n|\n|t:|1697921329\n|-terastallize|p1a: Issei|Water\n|move|p1a: Issei|Blizzard|p2b: Shamon'a|[spread] p2a,p2b\n|-resisted|p2a: Shit Ass McGee\n|-supereffective|p2b: Shamon'a\n|-damage|p2a: Shit Ass McGee|87\/100\n|-damage|p2b: Shamon'a|81\/100\n|move|p1b: Xenovia|Psychic|p2b: Shamon'a\n|-supereffective|p2b: Shamon'a\n|-damage|p2b: Shamon'a|56\/100\n|move|p2b: Shamon'a|Swords Dance|p2b: Shamon'a\n|-boost|p2b: Shamon'a|atk|2\n|move|p2a: Shit Ass McGee|Skill Swap|p2b: Shamon'a\n|-activate|p2a: Shit Ass McGee|move: Skill Swap|||[of] p2b: Shamon'a\n|-copyboost|p2a: Shit Ass McGee|p2b: Shamon'a|[from] ability: Costar\n|\n|-weather|none\n|-heal|p2b: Shamon'a|63\/100|[from] item: Leftovers\n|-heal|p2a: Shit Ass McGee|93\/100|[from] item: Leftovers\n|-fieldend|move: Trick Room\n|upkeep\n|turn|6\n|\n|t:|1697921347\n|switch|p1a: Akeno|Dedenne, F, shiny|100\/100\n|move|p2a: Shit Ass McGee|Tail Glow|p2a: Shit Ass McGee\n|-boost|p2a: Shit Ass McGee|spa|3\n|move|p2b: Shamon'a|Swords Dance|p2b: Shamon'a\n|-boost|p2b: Shamon'a|atk|2\n|move|p1b: Xenovia|Trick Room|p1b: Xenovia\n|-fieldstart|move: Trick Room|[of] p1b: Xenovia\n|\n|-heal|p2b: Shamon'a|69\/100|[from] item: Leftovers\n|-heal|p2a: Shit Ass McGee|99\/100|[from] item: Leftovers\n|upkeep\n|turn|7\n|\n|t:|1697921365\n|move|p1b: Xenovia|Helping Hand|p1a: Akeno\n|-singleturn|p1a: Akeno|Helping Hand|[of] p1b: Xenovia\n|move|p2b: Shamon'a|Brave Bird|p1b: Xenovia\n|-damage|p1b: Xenovia|0 fnt\n|faint|p1b: Xenovia\n|-damage|p2b: Shamon'a|42\/100|[from] Recoil\n|move|p2a: Shit Ass McGee|Tail Glow|p2a: Shit Ass McGee\n|-boost|p2a: Shit Ass McGee|spa|3\n|move|p1a: Akeno|Parabolic Charge|p2b: Shamon'a|[spread] p2a,p2b\n|-supereffective|p2a: Shit Ass McGee\n|-supereffective|p2b: Shamon'a\n|-damage|p2a: Shit Ass McGee|85\/100\n|-damage|p2b: Shamon'a|23\/100\n|\n|-heal|p2b: Shamon'a|29\/100|[from] item: Leftovers\n|-heal|p2a: Shit Ass McGee|91\/100|[from] item: Leftovers\n|upkeep\n|inactive|zeref203 has 120 seconds left.\n|\n|t:|1697921390\n|switch|p1b: Issei|Goodra-Hisui, M, shiny, tera:Water|89\/100\n|turn|8\n|\n|t:|1697921399\n|move|p1b: Issei|Muddy Water|p2b: Shamon'a|[spread] p2a,p2b\n|-resisted|p2a: Shit Ass McGee\n|-damage|p2a: Shit Ass McGee|86\/100\n|-damage|p2b: Shamon'a|18\/100\n|move|p2b: Shamon'a|Roost|p2b: Shamon'a\n|-heal|p2b: Shamon'a|68\/100\n|-singleturn|p2b: Shamon'a|move: Roost\n|move|p2a: Shit Ass McGee|Dazzling Gleam|p1a: Akeno|[spread] p1a,p1b\n|-damage|p1a: Akeno|0 fnt\n|-damage|p1b: Issei|55\/100\n|faint|p1a: Akeno\n|\n|-heal|p2b: Shamon'a|74\/100|[from] item: Leftovers\n|-heal|p2a: Shit Ass McGee|93\/100|[from] item: Leftovers\n|upkeep\n|\n|t:|1697921415\n|switch|p1a: Vali|Baxcalibur, M, shiny|100\/100\n|turn|9\n|\n|t:|1697921430\n|move|p1b: Issei|Ice Spinner|p2b: Shamon'a\n|-supereffective|p2b: Shamon'a\n|-damage|p2b: Shamon'a|63\/100\n|move|p2b: Shamon'a|Brave Bird|p1b: Issei\n|-damage|p1b: Issei|0 fnt\n|faint|p1b: Issei\n|-damage|p2b: Shamon'a|49\/100|[from] Recoil\n|move|p1a: Vali|Scale Shot|p2a: Shit Ass McGee\n|-damage|p2a: Shit Ass McGee|89\/100\n|-damage|p2a: Shit Ass McGee|85\/100\n|-damage|p2a: Shit Ass McGee|82\/100\n|-damage|p2a: Shit Ass McGee|78\/100\n|-damage|p2a: Shit Ass McGee|74\/100\n|-hitcount|p2a: Shit Ass McGee|5\n|-unboost|p1a: Vali|def|1\n|-boost|p1a: Vali|spe|1\n|move|p2a: Shit Ass McGee|Dazzling Gleam|p1a: Vali\n|-supereffective|p1a: Vali\n|-damage|p1a: Vali|0 fnt\n|faint|p1a: Vali\n|\n|-heal|p2b: Shamon'a|55\/100|[from] item: Leftovers\n|-heal|p2a: Shit Ass McGee|80\/100|[from] item: Leftovers\n|upkeep\n|-message|zeref203 forfeited.\n|\n|win|royfisherwoods\n|raw|zeref203's rating: 1084 &rarr; <strong>1061<\/strong><br \/>(-23 for losing)\n|raw|royfisherwoods's rating: 1075 &rarr; <strong>1104<\/strong><br \/>(+29 for winning)\n|l|\u2606zeref203\n","uploadtime":1697921479,"views":32,"p1id":"zeref203","p2id":"royfisherwoods","formatid":"gen9doublesou","rating":1061,"private":0,"password":""}