{"id":"gen9doublesou-1991486484","p1":"Blue Syrius","p2":"Coralzon","format":"[Gen 9] Doubles OU","log":"|j|\u2606Blue Syrius\n|j|\u2606Coralzon\n|t:|1700081359\n|gametype|doubles\n|player|p1|Blue Syrius|ninjaboy|1301\n|player|p2|Coralzon|steven|1230\n|teamsize|p1|6\n|teamsize|p2|6\n|gen|9\n|tier|[Gen 9] Doubles OU\n|rated|\n|rule|Species Clause: Limit one of each Pok\u00e9mon\n|rule|OHKO Clause: OHKO moves are banned\n|rule|Evasion Moves Clause: Evasion moves are banned\n|rule|Gravity Sleep Clause: The combination of sleep-inducing moves with imperfect accuracy and Gravity or Gigantamax Orbeetle are banned\n|rule|Endless Battle Clause: Forcing endless battles is banned\n|rule|HP Percentage Mod: HP is shown in percentages\n|clearpoke\n|poke|p1|Ninetales-Alola, F|\n|poke|p1|Munkidori, M|\n|poke|p1|Slowking-Galar, F|\n|poke|p1|Flutter Mane|\n|poke|p1|Roaring Moon|\n|poke|p1|Maushold|\n|poke|p2|Regieleki|\n|poke|p2|Landorus-Therian, M|\n|poke|p2|Rillaboom, M|\n|poke|p2|Sinistcha|\n|poke|p2|Amoonguss, M|\n|poke|p2|Kommo-o, F|\n|teampreview\n|\n|t:|1700081373\n|start\n|switch|p1a: Monkey D. Dori|Munkidori, M|100\/100\n|switch|p1b: MC Slowman|Slowking-Galar, F, shiny|100\/100\n|switch|p2a: Ricky Bobby|Regieleki|100\/100\n|switch|p2b: Dr. Rick Marshall|Rillaboom, M|100\/100\n|-fieldstart|move: Grassy Terrain|[from] ability: Grassy Surge|[of] p2b: Dr. Rick Marshall\n|turn|1\n|inactive|Battle timer is ON: inactive players will automatically lose when time's up. (requested by Blue Syrius)\n|\n|t:|1700081392\n|move|p1a: Monkey D. Dori|Fake Out|p2b: Dr. Rick Marshall\n|-crit|p2b: Dr. Rick Marshall\n|-damage|p2b: Dr. Rick Marshall|91\/100\n|-status|p2b: Dr. Rick Marshall|tox|[from] ability: Toxic Chain|[of] p1a: Monkey D. Dori\n|cant|p2b: Dr. Rick Marshall|flinch\n|move|p2a: Ricky Bobby|Thunder Wave|p1b: MC Slowman|[miss]\n|-miss|p2a: Ricky Bobby|p1b: MC Slowman\n|move|p1b: MC Slowman|Acid Spray|p2a: Ricky Bobby\n|-damage|p2a: Ricky Bobby|70\/100\n|-unboost|p2a: Ricky Bobby|spd|2\n|\n|-heal|p2a: Ricky Bobby|76\/100|[from] Grassy Terrain\n|-heal|p2b: Dr. Rick Marshall|97\/100 tox|[from] Grassy Terrain\n|-damage|p2b: Dr. Rick Marshall|91\/100 tox|[from] psn\n|upkeep\n|turn|2\n|\n|t:|1700081414\n|move|p2a: Ricky Bobby|Volt Switch|p1a: Monkey D. Dori\n|-damage|p1a: Monkey D. Dori|57\/100\n|\n|t:|1700081419\n|switch|p2a: Nighthawk|Landorus-Therian, M|100\/100|[from] Volt Switch\n|-ability|p2a: Nighthawk|Intimidate|boost\n|-unboost|p1a: Monkey D. Dori|atk|1\n|-unboost|p1b: MC Slowman|atk|1\n|move|p1a: Monkey D. Dori|Psyshock|p2a: Nighthawk\n|-damage|p2a: Nighthawk|54\/100\n|move|p2b: Dr. Rick Marshall|Knock Off|p1a: Monkey D. Dori\n|-supereffective|p1a: Monkey D. Dori\n|-damage|p1a: Monkey D. Dori|0 fnt\n|-enditem|p1a: Monkey D. Dori|Sitrus Berry|[from] move: Knock Off|[of] p2b: Dr. Rick Marshall\n|faint|p1a: Monkey D. Dori\n|move|p1b: MC Slowman|Icy Wind|p2b: Dr. Rick Marshall|[spread] p2a,p2b\n|-supereffective|p2a: Nighthawk\n|-supereffective|p2b: Dr. Rick Marshall\n|-damage|p2a: Nighthawk|4\/100\n|-damage|p2b: Dr. Rick Marshall|75\/100 tox\n|-unboost|p2a: Nighthawk|spe|1\n|-unboost|p2b: Dr. Rick Marshall|spe|1\n|\n|-heal|p2b: Dr. Rick Marshall|81\/100 tox|[from] Grassy Terrain\n|-damage|p2b: Dr. Rick Marshall|69\/100 tox|[from] psn\n|upkeep\n|\n|t:|1700081437\n|switch|p1a: 69 Tales|Ninetales-Alola, F, shiny|100\/100\n|-weather|Snow|[from] ability: Snow Warning|[of] p1a: 69 Tales\n|turn|3\n|\n|t:|1700081459\n|switch|p2a: Ricky Bobby|Regieleki|76\/100\n|move|p1a: 69 Tales|Blizzard|p2b: Dr. Rick Marshall|[spread] p2a,p2b\n|-supereffective|p2b: Dr. Rick Marshall\n|-damage|p2a: Ricky Bobby|13\/100\n|-damage|p2b: Dr. Rick Marshall|21\/100 tox\n|move|p2b: Dr. Rick Marshall|Wood Hammer|p1a: 69 Tales\n|-damage|p1a: 69 Tales|11\/100\n|-damage|p2b: Dr. Rick Marshall|0 fnt|[from] Recoil\n|faint|p2b: Dr. Rick Marshall\n|move|p1b: MC Slowman|Icy Wind|p2a: Ricky Bobby\n|-damage|p2a: Ricky Bobby|0 fnt\n|faint|p2a: Ricky Bobby\n|\n|-weather|Snow|[upkeep]\n|-heal|p1a: 69 Tales|17\/100|[from] Grassy Terrain\n|upkeep\n|inactive|Coralzon has 120 seconds left.\n|\n|t:|1700081480\n|switch|p2a: Nighthawk|Landorus-Therian, M|4\/100\n|switch|p2b: Buddy|Sinistcha|100\/100\n|-ability|p2a: Nighthawk|Intimidate|boost\n|-unboost|p1a: 69 Tales|atk|1\n|-unboost|p1b: MC Slowman|atk|1\n|-heal|p2a: Nighthawk|29\/100|[from] ability: Hospitality|[of] p2b: Buddy\n|turn|4\n|inactive|Coralzon has 120 seconds left.\n|\n|t:|1700081503\n|move|p2a: Nighthawk|U-turn|p1a: 69 Tales\n|-resisted|p1a: 69 Tales\n|-damage|p1a: 69 Tales|5\/100\n|inactive|Coralzon has 120 seconds left.\n|\n|t:|1700081508\n|switch|p2a: Megamind|Amoonguss, M|100\/100|[from] U-turn\n|move|p1a: 69 Tales|Blizzard|p2a: Megamind|[spread] p2a,p2b\n|-supereffective|p2a: Megamind\n|-supereffective|p2b: Buddy\n|-damage|p2a: Megamind|52\/100\n|-damage|p2b: Buddy|14\/100\n|move|p2b: Buddy|Shadow Ball|p1b: MC Slowman\n|-supereffective|p1b: MC Slowman\n|-crit|p1b: MC Slowman\n|-damage|p1b: MC Slowman|16\/100\n|-unboost|p1b: MC Slowman|spd|1\n|-enditem|p1b: MC Slowman|Sitrus Berry|[eat]\n|-heal|p1b: MC Slowman|41\/100|[from] item: Sitrus Berry\n|move|p1b: MC Slowman|Acid Spray|p2b: Buddy\n|-damage|p2b: Buddy|0 fnt\n|faint|p2b: Buddy\n|\n|-weather|Snow|[upkeep]\n|-heal|p1a: 69 Tales|11\/100|[from] Grassy Terrain\n|-heal|p1b: MC Slowman|47\/100|[from] Grassy Terrain\n|-heal|p2a: Megamind|58\/100|[from] Grassy Terrain\n|-heal|p2a: Megamind|64\/100|[from] item: Black Sludge\n|upkeep\n|inactive|Coralzon has 120 seconds left.\n|\n|t:|1700081528\n|switch|p2b: Frank the Tank|Kommo-o, F|100\/100\n|turn|5\n|\n|t:|1700081544\n|-terastallize|p2b: Frank the Tank|Steel\n|move|p1a: 69 Tales|Blizzard|p2b: Frank the Tank|[spread] p2a,p2b\n|-supereffective|p2a: Megamind\n|-resisted|p2b: Frank the Tank\n|-damage|p2a: Megamind|11\/100\n|-damage|p2b: Frank the Tank|82\/100\n|-status|p2b: Frank the Tank|frz\n|-curestatus|p2b: Frank the Tank|frz|[msg]\n|move|p2b: Frank the Tank|Clangorous Soul|p2b: Frank the Tank\n|-boost|p2b: Frank the Tank|atk|1\n|-boost|p2b: Frank the Tank|def|1\n|-boost|p2b: Frank the Tank|spa|1\n|-boost|p2b: Frank the Tank|spd|1\n|-boost|p2b: Frank the Tank|spe|1\n|-damage|p2b: Frank the Tank|49\/100\n|move|p2a: Megamind|Spore|p1b: MC Slowman\n|-status|p1b: MC Slowman|slp|[from] move: Spore\n|cant|p1b: MC Slowman|slp\n|\n|-weather|Snow|[upkeep]\n|-heal|p2b: Frank the Tank|55\/100|[from] Grassy Terrain\n|-heal|p1a: 69 Tales|17\/100|[from] Grassy Terrain\n|-heal|p1b: MC Slowman|53\/100 slp|[from] Grassy Terrain\n|-heal|p2a: Megamind|17\/100|[from] Grassy Terrain\n|-heal|p2a: Megamind|23\/100|[from] item: Black Sludge\n|-fieldend|move: Grassy Terrain\n|upkeep\n|turn|6\n|inactive|Blue Syrius has 120 seconds left.\n|inactive|Coralzon has 120 seconds left.\n|\n|t:|1700081583\n|move|p2a: Megamind|Protect|p2a: Megamind\n|-singleturn|p2a: Megamind|Protect\n|move|p2b: Frank the Tank|Clangorous Soul|p2b: Frank the Tank\n|-boost|p2b: Frank the Tank|atk|1\n|-boost|p2b: Frank the Tank|def|1\n|-boost|p2b: Frank the Tank|spa|1\n|-boost|p2b: Frank the Tank|spd|1\n|-boost|p2b: Frank the Tank|spe|1\n|-damage|p2b: Frank the Tank|22\/100\n|-enditem|p2b: Frank the Tank|Aguav Berry|[eat]\n|-heal|p2b: Frank the Tank|55\/100|[from] item: Aguav Berry\n|move|p1a: 69 Tales|Encore|p2b: Frank the Tank\n|-start|p2b: Frank the Tank|Encore\n|cant|p1b: MC Slowman|slp\n|\n|-weather|Snow|[upkeep]\n|-heal|p2a: Megamind|29\/100|[from] item: Black Sludge\n|upkeep\n|turn|7\n|\n|t:|1700081601\n|move|p2b: Frank the Tank|Clangorous Soul|p2b: Frank the Tank\n|-boost|p2b: Frank the Tank|atk|1\n|-boost|p2b: Frank the Tank|def|1\n|-boost|p2b: Frank the Tank|spa|1\n|-boost|p2b: Frank the Tank|spd|1\n|-boost|p2b: Frank the Tank|spe|1\n|-damage|p2b: Frank the Tank|22\/100\n|move|p1a: 69 Tales|Blizzard|p2a: Megamind|[spread] p2a,p2b\n|-supereffective|p2a: Megamind\n|-resisted|p2b: Frank the Tank\n|-damage|p2a: Megamind|0 fnt\n|-damage|p2b: Frank the Tank|15\/100\n|faint|p2a: Megamind\n|-curestatus|p1b: MC Slowman|slp|[msg]\n|move|p1b: MC Slowman|Icy Wind|p2b: Frank the Tank\n|-resisted|p2b: Frank the Tank\n|-damage|p2b: Frank the Tank|11\/100\n|-unboost|p2b: Frank the Tank|spe|1\n|\n|-weather|none\n|upkeep\n|-message|Coralzon forfeited.\n|\n|win|Blue Syrius\n|raw|Blue Syrius's rating: 1301 &rarr; <strong>1317<\/strong><br \/>(+16 for winning)\n|raw|Coralzon's rating: 1230 &rarr; <strong>1210<\/strong><br \/>(-20 for losing)\n|l|\u2606Coralzon\n","uploadtime":1700081618,"views":8,"p1id":"bluesyrius","p2id":"coralzon","formatid":"gen9doublesou","rating":1210,"private":0,"password":""}