{"id":"gen9doublesou-1998697297","p1":"laharl905","p2":"Sidds","format":"[Gen 9] Doubles OU","log":"|j|\u2606laharl905\n|j|\u2606Sidds\n|t:|1700974017\n|gametype|doubles\n|player|p1|laharl905|169|1026\n|player|p2|Sidds|266|1000\n|teamsize|p1|6\n|teamsize|p2|6\n|gen|9\n|tier|[Gen 9] Doubles OU\n|rated|\n|rule|Species Clause: Limit one of each Pok\u00e9mon\n|rule|OHKO Clause: OHKO moves are banned\n|rule|Evasion Moves Clause: Evasion moves are banned\n|rule|Gravity Sleep Clause: The combination of sleep-inducing moves with imperfect accuracy and Gravity or Gigantamax Orbeetle are banned\n|rule|Endless Battle Clause: Forcing endless battles is banned\n|rule|HP Percentage Mod: HP is shown in percentages\n|clearpoke\n|poke|p1|Greedent, F|\n|poke|p1|Carbink|\n|poke|p1|Uxie|\n|poke|p1|Skeledirge, F|\n|poke|p1|Eiscue, M|\n|poke|p1|Abomasnow, M|\n|poke|p2|Amoonguss, F|\n|poke|p2|Flamigo, M|\n|poke|p2|Lucario, M|\n|poke|p2|Maushold-Four|\n|poke|p2|Iron Moth|\n|poke|p2|Regieleki|\n|teampreview\n|\n|t:|1700974024\n|start\n|switch|p1a: Carbink|Carbink|100\/100\n|switch|p1b: Eiscue|Eiscue, M|100\/100\n|switch|p2a: Amoonguss|Amoonguss, F|100\/100\n|switch|p2b: Regieleki|Regieleki|100\/100\n|turn|1\n|\n|t:|1700974062\n|move|p2b: Regieleki|Volt Switch|p1b: Eiscue\n|-damage|p1b: Eiscue|57\/100\n|\n|t:|1700974066\n|switch|p2b: Iron Moth|Iron Moth|100\/100|[from] Volt Switch\n|move|p1b: Eiscue|Soak|p2a: Amoonguss\n|-start|p2a: Amoonguss|typechange|Water\n|move|p1a: Carbink|Light Screen|p1a: Carbink\n|-sidestart|p1: laharl905|move: Light Screen\n|move|p2a: Amoonguss|Spore|p1a: Carbink\n|-status|p1a: Carbink|slp|[from] move: Spore\n|\n|upkeep\n|turn|2\n|\n|t:|1700974098\n|move|p2b: Iron Moth|Sludge Wave|p1a: Carbink|[spread] p2a,p1a,p1b\n|-crit|p2a: Amoonguss\n|-crit|p1a: Carbink\n|-damage|p2a: Amoonguss|54\/100\n|-damage|p1a: Carbink|62\/100 slp\n|-damage|p1b: Eiscue|28\/100\n|move|p1b: Eiscue|Freeze-Dry|p2a: Amoonguss\n|-supereffective|p2a: Amoonguss\n|-damage|p2a: Amoonguss|0 fnt\n|faint|p2a: Amoonguss\n|-damage|p1b: Eiscue|18\/100|[from] item: Life Orb\n|cant|p1a: Carbink|slp\n|\n|upkeep\n|\n|t:|1700974110\n|switch|p2a: Regieleki|Regieleki|100\/100\n|turn|3\n|\n|t:|1700974122\n|move|p2a: Regieleki|Electroweb|p1b: Eiscue|[spread] \n|-miss|p2a: Regieleki|p1a: Carbink\n|-miss|p2a: Regieleki|p1b: Eiscue\n|move|p2b: Iron Moth|Fiery Dance|p1a: Carbink\n|-resisted|p1a: Carbink\n|-damage|p1a: Carbink|53\/100 slp\n|-boost|p2b: Iron Moth|spa|1\n|move|p1b: Eiscue|Freeze-Dry|p2a: Regieleki\n|-damage|p2a: Regieleki|33\/100\n|-damage|p1b: Eiscue|8\/100|[from] item: Life Orb\n|-curestatus|p1a: Carbink|slp|[msg]\n|move|p1a: Carbink|Rock Tomb|p2b: Iron Moth\n|-supereffective|p2b: Iron Moth\n|-damage|p2b: Iron Moth|60\/100\n|-unboost|p2b: Iron Moth|spe|1\n|\n|upkeep\n|turn|4\n|\n|t:|1700974145\n|move|p2b: Iron Moth|Protect|p2b: Iron Moth\n|-singleturn|p2b: Iron Moth|Protect\n|move|p2a: Regieleki|Electro Ball|p1b: Eiscue\n|-damage|p1b: Eiscue|0 fnt\n|faint|p1b: Eiscue\n|move|p1a: Carbink|Reflect|p1a: Carbink\n|-sidestart|p1: laharl905|Reflect\n|\n|upkeep\n|\n|t:|1700974175\n|switch|p1b: Greedent|Greedent, F|100\/100\n|turn|5\n|\n|t:|1700974214\n|move|p2a: Regieleki|Electro Ball|p1b: Greedent\n|-damage|p1b: Greedent|49\/100\n|-enditem|p1b: Greedent|Lansat Berry|[eat]\n|-start|p1b: Greedent|move: Focus Energy\n|move|p2b: Iron Moth|Energy Ball|p1a: Carbink\n|-supereffective|p1a: Carbink\n|-damage|p1a: Carbink|9\/100\n|move|p1a: Carbink|Rock Tomb|p2b: Iron Moth\n|-supereffective|p2b: Iron Moth\n|-damage|p2b: Iron Moth|19\/100\n|-unboost|p2b: Iron Moth|spe|1\n|move|p1b: Greedent|Belly Drum||[still]\n|-fail|p1b: Greedent\n|\n|upkeep\n|turn|6\n|\n|t:|1700974267\n|move|p2a: Regieleki|Electro Ball|p1b: Greedent\n|-damage|p1b: Greedent|0 fnt\n|faint|p1b: Greedent\n|move|p2b: Iron Moth|Energy Ball|p1a: Carbink\n|-supereffective|p1a: Carbink\n|-damage|p1a: Carbink|0 fnt\n|faint|p1a: Carbink\n|\n|upkeep\n|\n|t:|1700974278\n|switch|p1a: Uxie|Uxie|100\/100\n|switch|p1b: Skeledirge|Skeledirge, F|100\/100\n|turn|7\n|\n|t:|1700974320\n|move|p2a: Regieleki|Electro Ball|p1b: Skeledirge\n|-damage|p1b: Skeledirge|56\/100\n|move|p1a: Uxie|Round|p2b: Iron Moth\n|-damage|p2b: Iron Moth|4\/100\n|-enditem|p1a: Uxie|Throat Spray\n|-boost|p1a: Uxie|spa|1|[from] item: Throat Spray\n|move|p1b: Skeledirge|Round|p2a: Regieleki|[from]move: Round\n|-damage|p2a: Regieleki|0 fnt\n|faint|p2a: Regieleki\n|-enditem|p1b: Skeledirge|Throat Spray\n|-boost|p1b: Skeledirge|spa|1|[from] item: Throat Spray\n|move|p2b: Iron Moth|Fiery Dance|p1a: Uxie\n|-damage|p1a: Uxie|61\/100\n|-boost|p2b: Iron Moth|spa|1\n|\n|upkeep\n|\n|t:|1700974345\n|switch|p2a: Maushold|Maushold-Four|100\/100\n|turn|8\n|\n|t:|1700974403\n|move|p2a: Maushold|Population Bomb|p1a: Uxie\n|-damage|p1a: Uxie|58\/100\n|-damage|p1a: Uxie|54\/100\n|-damage|p1a: Uxie|50\/100\n|-damage|p1a: Uxie|47\/100\n|-damage|p1a: Uxie|43\/100\n|-damage|p1a: Uxie|40\/100\n|-damage|p1a: Uxie|36\/100\n|-damage|p1a: Uxie|32\/100\n|-hitcount|p1a: Uxie|8\n|move|p1a: Uxie|Tri Attack|p2b: Iron Moth\n|-damage|p2b: Iron Moth|0 fnt\n|faint|p2b: Iron Moth\n|-end|p2b: Iron Moth|Quark Drive|[silent]\n|move|p1b: Skeledirge|Torch Song|p2a: Maushold\n|-damage|p2a: Maushold|35\/100\n|-boost|p1b: Skeledirge|spa|1\n|\n|-sideend|p1: laharl905|move: Light Screen\n|upkeep\n|\n|t:|1700974421\n|switch|p2b: Lucario|Lucario, M|100\/100\n|turn|9\n|\n|t:|1700974431\n|move|p2b: Lucario|Endure|p2b: Lucario\n|-singleturn|p2b: Lucario|move: Endure\n|move|p2a: Maushold|Beat Up|p2b: Lucario\n|-resisted|p2b: Lucario\n|-damage|p2b: Lucario|99\/100\n|-ability|p2b: Lucario|Justified|boost\n|-boost|p2b: Lucario|atk|1\n|-resisted|p2b: Lucario\n|-damage|p2b: Lucario|98\/100\n|-ability|p2b: Lucario|Justified|boost\n|-boost|p2b: Lucario|atk|1\n|-resisted|p2b: Lucario\n|-damage|p2b: Lucario|96\/100\n|-ability|p2b: Lucario|Justified|boost\n|-boost|p2b: Lucario|atk|1\n|-hitcount|p2b: Lucario|3\n|move|p1a: Uxie|Extrasensory|p2b: Lucario\n|-damage|p2b: Lucario|41\/100\n|move|p1b: Skeledirge|Round|p2a: Maushold\n|-damage|p2a: Maushold|0 fnt\n|faint|p2a: Maushold\n|\n|upkeep\n|\n|t:|1700974448\n|switch|p2a: Flamigo|Flamigo, M|100\/100\n|-copyboost|p2a: Flamigo|p2b: Lucario|[from] ability: Costar\n|turn|10\n|\n|t:|1700974509\n|move|p1a: Uxie|Encore|p2b: Lucario\n|-start|p2b: Lucario|Encore\n|move|p2b: Lucario|Endure||[still]\n|-fail|p2b: Lucario\n|move|p2a: Flamigo|Brave Bird|p1b: Skeledirge\n|-damage|p1b: Skeledirge|18\/100\n|-damage|p2a: Flamigo|86\/100|[from] Recoil\n|cant|p1b: Skeledirge|flinch\n|\n|upkeep\n|turn|11\n|\n|t:|1700974541\n|move|p2b: Lucario|Endure|p2b: Lucario\n|-singleturn|p2b: Lucario|move: Endure\n|move|p1a: Uxie|Extrasensory|p2a: Flamigo\n|-supereffective|p2a: Flamigo\n|-damage|p2a: Flamigo|0 fnt\n|faint|p2a: Flamigo\n|move|p1b: Skeledirge|Torch Song|p2b: Lucario\n|-supereffective|p2b: Lucario\n|-activate|p2b: Lucario|move: Endure\n|-damage|p2b: Lucario|1\/100\n|-boost|p1b: Skeledirge|spa|1\n|-enditem|p2b: Lucario|Salac Berry|[eat]\n|-boost|p2b: Lucario|spe|1|[from] item: Salac Berry\n|\n|-sideend|p1: laharl905|Reflect\n|upkeep\n|turn|12\n|\n|t:|1700974559\n|move|p2b: Lucario|Endure||[still]\n|-fail|p2b: Lucario\n|move|p1a: Uxie|Round|p2b: Lucario\n|-resisted|p2b: Lucario\n|-damage|p2b: Lucario|0 fnt\n|faint|p2b: Lucario\n|\n|win|laharl905\n|raw|laharl905's rating: 1026 &rarr; <strong>1059<\/strong><br \/>(+33 for winning)\n|raw|Sidds's rating: 1000 &rarr; <strong>1000<\/strong><br \/>(+0 for losing)\n|l|\u2606Sidds\n","uploadtime":1700974568,"views":9,"p1id":"laharl905","p2id":"sidds","formatid":"gen9doublesou","rating":1000,"private":0,"password":""}