{"id":"gen9doublesou-1991698359","p1":"Bonkist","p2":"flipplebop","format":"[Gen 9] Doubles OU","log":"|j|\u2606Bonkist\n|j|\u2606flipplebop\n|t:|1700104005\n|gametype|doubles\n|player|p1|Bonkist|swimmerf|1301\n|player|p2|flipplebop|266|1400\n|teamsize|p1|6\n|teamsize|p2|6\n|gen|9\n|tier|[Gen 9] Doubles OU\n|rated|\n|rule|Species Clause: Limit one of each Pok\u00e9mon\n|rule|OHKO Clause: OHKO moves are banned\n|rule|Evasion Moves Clause: Evasion moves are banned\n|rule|Gravity Sleep Clause: The combination of sleep-inducing moves with imperfect accuracy and Gravity or Gigantamax Orbeetle are banned\n|rule|Endless Battle Clause: Forcing endless battles is banned\n|rule|HP Percentage Mod: HP is shown in percentages\n|clearpoke\n|poke|p1|Murkrow, F|\n|poke|p1|Gholdengo|\n|poke|p1|Glimmora, M|\n|poke|p1|Landorus-Therian, M|\n|poke|p1|Chi-Yu|\n|poke|p1|Iron Bundle|\n|poke|p2|Ting-Lu|\n|poke|p2|Chien-Pao|\n|poke|p2|Murkrow, M|\n|poke|p2|Dragonite, M|\n|poke|p2|Scizor, F|\n|poke|p2|Walking Wake|\n|teampreview\n|inactive|Battle timer is ON: inactive players will automatically lose when time's up. (requested by flipplebop)\n|\n|t:|1700104021\n|start\n|switch|p1a: Murkrow|Murkrow, F, shiny|100\/100\n|switch|p1b: Landorus|Landorus-Therian, M, shiny|100\/100\n|switch|p2a: Ting-Lu|Ting-Lu|100\/100\n|switch|p2b: Murkrow|Murkrow, M|100\/100\n|-ability|p1b: Landorus|Intimidate|boost\n|-unboost|p2a: Ting-Lu|atk|1\n|-unboost|p2b: Murkrow|atk|1\n|-ability|p2a: Ting-Lu|Vessel of Ruin\n|turn|1\n|\n|t:|1700104041\n|move|p1a: Murkrow|Tailwind|p1a: Murkrow\n|-sidestart|p1: Bonkist|move: Tailwind\n|move|p2b: Murkrow|Tailwind|p2b: Murkrow\n|-sidestart|p2: flipplebop|move: Tailwind\n|move|p1b: Landorus|Rock Slide|p2a: Ting-Lu|[spread] p2a,p2b\n|-resisted|p2a: Ting-Lu\n|-supereffective|p2b: Murkrow\n|-damage|p2a: Ting-Lu|96\/100\n|-damage|p2b: Murkrow|31\/100\n|move|p2a: Ting-Lu|Stealth Rock|p1a: Murkrow\n|-sidestart|p1: Bonkist|move: Stealth Rock\n|\n|upkeep\n|turn|2\n|\n|t:|1700104060\n|switch|p2b: Scizor|Scizor, F|100\/100\n|move|p1b: Landorus|Rock Slide|p2b: Scizor|[spread] p2a,p2b\n|-resisted|p2a: Ting-Lu\n|-damage|p2a: Ting-Lu|92\/100\n|-damage|p2b: Scizor|78\/100\n|move|p1a: Murkrow|Foul Play|p2a: Ting-Lu\n|-resisted|p2a: Ting-Lu\n|-damage|p2a: Ting-Lu|87\/100\n|cant|p2a: Ting-Lu|flinch\n|\n|upkeep\n|turn|3\n|inactive|Bonkist has 120 seconds left.\n|\n|t:|1700104104\n|switch|p1b: Glimmora|Glimmora, M|100\/100\n|-damage|p1b: Glimmora|88\/100|[from] Stealth Rock\n|move|p1a: Murkrow|Foul Play|p2b: Scizor\n|-damage|p2b: Scizor|20\/100\n|move|p2b: Scizor|Pounce|p1a: Murkrow\n|-damage|p1a: Murkrow|56\/100\n|-unboost|p1a: Murkrow|spe|1\n|move|p2a: Ting-Lu|Spikes|p1a: Murkrow\n|-sidestart|p1: Bonkist|Spikes\n|\n|upkeep\n|turn|4\n|inactive|Bonkist has 120 seconds left.\n|inactive|flipplebop has 120 seconds left.\n|\n|t:|1700104135\n|switch|p2b: Murkrow|Murkrow, M|31\/100\n|move|p1b: Glimmora|Mortal Spin|p2b: Murkrow|[spread] p2a,p2b\n|-resisted|p2a: Ting-Lu\n|-crit|p2a: Ting-Lu\n|-damage|p2a: Ting-Lu|86\/100\n|-damage|p2b: Murkrow|25\/100\n|-status|p2a: Ting-Lu|psn\n|-status|p2b: Murkrow|psn\n|-sideend|p1: Bonkist|Spikes|[from] move: Mortal Spin|[of] p1b: Glimmora\n|-sideend|p1: Bonkist|Stealth Rock|[from] move: Mortal Spin|[of] p1b: Glimmora\n|move|p1a: Murkrow|Foul Play|p2b: Murkrow\n|-resisted|p2b: Murkrow\n|-damage|p2b: Murkrow|11\/100 psn\n|move|p2a: Ting-Lu|Whirlwind|p1b: Glimmora\n|drag|p1b: Chi-Yu|Chi-Yu|100\/100\n|-ability|p1b: Chi-Yu|Beads of Ruin\n|\n|-damage|p2b: Murkrow|0 fnt|[from] psn\n|faint|p2b: Murkrow\n|-damage|p2a: Ting-Lu|73\/100 psn|[from] psn\n|-sideend|p2: flipplebop|move: Tailwind\n|-sideend|p1: Bonkist|move: Tailwind\n|upkeep\n|inactive|flipplebop has 120 seconds left.\n|\n|t:|1700104148\n|switch|p2b: Walking Wake|Walking Wake|100\/100\n|turn|5\n|inactive|Bonkist has 120 seconds left.\n|\n|t:|1700104186\n|switch|p1b: Gholdengo|Gholdengo|100\/100\n|move|p1a: Murkrow|Tailwind|p1a: Murkrow\n|-sidestart|p1: Bonkist|move: Tailwind\n|move|p2b: Walking Wake|Hydro Steam|p1b: Gholdengo\n|-damage|p1b: Gholdengo|59\/100\n|move|p2a: Ting-Lu|Stealth Rock|p1a: Murkrow\n|-sidestart|p1: Bonkist|move: Stealth Rock\n|\n|-damage|p2a: Ting-Lu|61\/100 psn|[from] psn\n|upkeep\n|turn|6\n|inactive|Bonkist has 120 seconds left.\n|\n|t:|1700104219\n|move|p1b: Gholdengo|Protect|p1b: Gholdengo\n|-singleturn|p1b: Gholdengo|Protect\n|move|p2b: Walking Wake|Hydro Steam|p1a: Murkrow\n|-damage|p1a: Murkrow|19\/100\n|move|p1a: Murkrow|Foul Play|p2b: Walking Wake\n|-damage|p2b: Walking Wake|78\/100\n|move|p2a: Ting-Lu|Spikes|p1b: Gholdengo\n|-sidestart|p1: Bonkist|Spikes\n|\n|-damage|p2a: Ting-Lu|49\/100 psn|[from] psn\n|upkeep\n|turn|7\n|inactive|Bonkist has 90 seconds left.\n|\n|t:|1700104249\n|-terastallize|p1b: Gholdengo|Steel\n|move|p1b: Gholdengo|Make It Rain|p2a: Ting-Lu|[spread] p2a,p2b\n|-resisted|p2b: Walking Wake\n|-damage|p2a: Ting-Lu|2\/100 psn\n|-damage|p2b: Walking Wake|41\/100\n|-unboost|p1b: Gholdengo|spa|1\n|-enditem|p2a: Ting-Lu|Figy Berry|[eat]\n|-heal|p2a: Ting-Lu|36\/100 psn|[from] item: Figy Berry\n|-damage|p1b: Gholdengo|49\/100|[from] item: Life Orb\n|move|p2b: Walking Wake|Hydro Steam|p1a: Murkrow\n|-damage|p1a: Murkrow|0 fnt\n|faint|p1a: Murkrow\n|move|p2a: Ting-Lu|Ruination|p1b: Gholdengo\n|-damage|p1b: Gholdengo|25\/100\n|\n|-damage|p2a: Ting-Lu|23\/100 psn|[from] psn\n|upkeep\n|inactive|Bonkist has 90 seconds left.\n|\n|t:|1700104270\n|switch|p1a: Jelibirb|Iron Bundle|100\/100\n|-damage|p1a: Jelibirb|76\/100|[from] Stealth Rock\n|-damage|p1a: Jelibirb|63\/100|[from] Spikes\n|-enditem|p1a: Jelibirb|Booster Energy\n|-activate|p1a: Jelibirb|ability: Quark Drive|[fromitem]\n|-start|p1a: Jelibirb|quarkdrivespe\n|turn|8\n|inactive|Bonkist has 90 seconds left.\n|\n|t:|1700104283\n|move|p1a: Jelibirb|Freeze-Dry|p2b: Walking Wake\n|-supereffective|p2b: Walking Wake\n|-damage|p2b: Walking Wake|0 fnt\n|faint|p2b: Walking Wake\n|-end|p2b: Walking Wake|Protosynthesis|[silent]\n|move|p1b: Gholdengo|Nasty Plot|p1b: Gholdengo\n|-boost|p1b: Gholdengo|spa|2\n|move|p2a: Ting-Lu|Spikes|p1a: Jelibirb\n|-sidestart|p1: Bonkist|Spikes\n|\n|-damage|p2a: Ting-Lu|11\/100 psn|[from] psn\n|-sideend|p1: Bonkist|move: Tailwind\n|upkeep\n|\n|t:|1700104296\n|switch|p2b: Scizor|Scizor, F|20\/100\n|turn|9\n|\n|t:|1700104316\n|move|p2b: Scizor|Bullet Punch|p1a: Jelibirb\n|-damage|p1a: Jelibirb|21\/100\n|move|p1a: Jelibirb|Icy Wind|p2b: Scizor|[spread] p2b\n|-miss|p1a: Jelibirb|p2a: Ting-Lu\n|-resisted|p2b: Scizor\n|-damage|p2b: Scizor|11\/100\n|-unboost|p2b: Scizor|spe|1\n|move|p1b: Gholdengo|Shadow Ball|p2b: Scizor\n|-damage|p2b: Scizor|0 fnt\n|faint|p2b: Scizor\n|-damage|p1b: Gholdengo|15\/100|[from] item: Life Orb\n|move|p2a: Ting-Lu|Ruination|p1b: Gholdengo\n|-damage|p1b: Gholdengo|8\/100\n|\n|-damage|p2a: Ting-Lu|0 fnt|[from] psn\n|faint|p2a: Ting-Lu\n|upkeep\n|\n|t:|1700104332\n|switch|p2b: Dragonite|Dragonite, M|100\/100\n|switch|p2a: Chien-Pao|Chien-Pao|100\/100\n|-ability|p2a: Chien-Pao|Sword of Ruin\n|turn|10\n|\n|t:|1700104359\n|-terastallize|p2b: Dragonite|Normal\n|move|p2b: Dragonite|Extreme Speed|p1a: Jelibirb\n|-damage|p1a: Jelibirb|0 fnt\n|faint|p1a: Jelibirb\n|-end|p1a: Jelibirb|Quark Drive|[silent]\n|-damage|p2b: Dragonite|91\/100|[from] item: Life Orb\n|move|p2a: Chien-Pao|Sucker Punch|p1b: Gholdengo\n|-damage|p1b: Gholdengo|0 fnt\n|faint|p1b: Gholdengo\n|\n|upkeep\n|inactive|Bonkist has 120 seconds left.\n|\n|t:|1700104373\n|switch|p1a: Glimmora|Glimmora, M|88\/100\n|switch|p1b: Chi-Yu|Chi-Yu|100\/100\n|-damage|p1b: Chi-Yu|76\/100|[from] Stealth Rock\n|-damage|p1b: Chi-Yu|59\/100|[from] Spikes\n|-ability|p1b: Chi-Yu|Beads of Ruin\n|-damage|p1a: Glimmora|76\/100|[from] Stealth Rock\n|-damage|p1a: Glimmora|59\/100|[from] Spikes\n|turn|11\n|\n|t:|1700104397\n|move|p2b: Dragonite|Extreme Speed|p1b: Chi-Yu\n|-damage|p1b: Chi-Yu|0 fnt\n|faint|p1b: Chi-Yu\n|-damage|p2b: Dragonite|81\/100|[from] item: Life Orb\n|move|p2a: Chien-Pao|Sucker Punch|p1a: Glimmora\n|-damage|p1a: Glimmora|6\/100\n|-activate|p1a: Glimmora|ability: Toxic Debris\n|-sidestart|p2: flipplebop|move: Toxic Spikes\n|move|p1a: Glimmora|Mortal Spin|p2a: Chien-Pao|[spread] p2a,p2b\n|-damage|p2a: Chien-Pao|95\/100\n|-damage|p2b: Dragonite|74\/100\n|-status|p2a: Chien-Pao|psn\n|-status|p2b: Dragonite|psn\n|-sideend|p1: Bonkist|Spikes|[from] move: Mortal Spin|[of] p1a: Glimmora\n|-sideend|p1: Bonkist|Stealth Rock|[from] move: Mortal Spin|[of] p1a: Glimmora\n|\n|-damage|p2a: Chien-Pao|82\/100 psn|[from] psn\n|-damage|p2b: Dragonite|62\/100 psn|[from] psn\n|upkeep\n|inactive|Bonkist has 120 seconds left.\n|\n|t:|1700104413\n|switch|p1b: Landorus|Landorus-Therian, M, shiny|100\/100\n|-ability|p1b: Landorus|Intimidate|boost\n|-unboost|p2a: Chien-Pao|atk|1\n|-unboost|p2b: Dragonite|atk|1\n|turn|12\n|\n|t:|1700104433\n|move|p1a: Glimmora|Spiky Shield|p1a: Glimmora\n|-singleturn|p1a: Glimmora|move: Protect\n|move|p2b: Dragonite|Extreme Speed|p1a: Glimmora\n|-activate|p1a: Glimmora|move: Protect\n|-damage|p2b: Dragonite|49\/100 psn|[from] Spiky Shield|[of] p1a: Glimmora\n|move|p1b: Landorus|Rock Slide|p2a: Chien-Pao|[spread] p2a,p2b\n|-supereffective|p2a: Chien-Pao\n|-damage|p2a: Chien-Pao|18\/100 psn\n|-damage|p2b: Dragonite|14\/100 psn\n|move|p2a: Chien-Pao|Ice Spinner|p1b: Landorus\n|-supereffective|p1b: Landorus\n|-damage|p1b: Landorus|0 fnt\n|faint|p1b: Landorus\n|\n|-damage|p2a: Chien-Pao|5\/100 psn|[from] psn\n|-damage|p2b: Dragonite|2\/100 psn|[from] psn\n|upkeep\n|turn|13\n|c|\u2606flipplebop|Wow gg\n|c|\u2606Bonkist|haha gg\n|\n|t:|1700104461\n|move|p1a: Glimmora|Spiky Shield|p1a: Glimmora\n|-singleturn|p1a: Glimmora|move: Protect\n|move|p2b: Dragonite|Extreme Speed|p1a: Glimmora\n|-activate|p1a: Glimmora|move: Protect\n|-damage|p2b: Dragonite|0 fnt|[from] Spiky Shield|[of] p1a: Glimmora\n|faint|p2b: Dragonite\n|move|p2a: Chien-Pao|Ice Shard|p1a: Glimmora\n|-activate|p1a: Glimmora|move: Protect\n|\n|-damage|p2a: Chien-Pao|0 fnt|[from] psn\n|faint|p2a: Chien-Pao\n|\n|win|Bonkist\n|upkeep\n|raw|Bonkist's rating: 1301 &rarr; <strong>1327<\/strong><br \/>(+26 for winning)\n|raw|flipplebop's rating: 1400 &rarr; <strong>1374<\/strong><br \/>(-26 for losing)\n","uploadtime":1700104464,"views":8,"p1id":"bonkist","p2id":"flipplebop","formatid":"gen9doublesou","rating":1327,"private":0,"password":""}