{"id":"gen9doublesou-1987544031","p1":"MooseOfTheSea","p2":"OPieceOfHeroGhost","format":"[Gen 9] Doubles OU","log":"|j|\u2606MooseOfTheSea\n|j|\u2606OPieceOfHeroGhost\n|t:|1699609598\n|gametype|doubles\n|player|p1|MooseOfTheSea|scientist|1330\n|player|p2|OPieceOfHeroGhost|morty|1417\n|teamsize|p1|6\n|teamsize|p2|6\n|gen|9\n|tier|[Gen 9] Doubles OU\n|rated|\n|rule|Species Clause: Limit one of each Pok\u00e9mon\n|rule|OHKO Clause: OHKO moves are banned\n|rule|Evasion Moves Clause: Evasion moves are banned\n|rule|Gravity Sleep Clause: The combination of sleep-inducing moves with imperfect accuracy and Gravity or Gigantamax Orbeetle are banned\n|rule|Endless Battle Clause: Forcing endless battles is banned\n|rule|HP Percentage Mod: HP is shown in percentages\n|clearpoke\n|poke|p1|Dachsbun, M|\n|poke|p1|Torkoal, M|\n|poke|p1|Frosmoth, M|\n|poke|p1|Abomasnow, M|\n|poke|p1|Skeledirge, F|\n|poke|p1|Arboliva, F|\n|poke|p2|Heatran, F|\n|poke|p2|Amoonguss, M|\n|poke|p2|Farigiraf, F|\n|poke|p2|Chien-Pao|\n|poke|p2|Iron Hands|\n|poke|p2|Flutter Mane|\n|teampreview\n|\n|t:|1699609614\n|start\n|switch|p1a: Mr. Tortoise|Torkoal, M|100\/100\n|switch|p1b: Gregorny|Dachsbun, M|100\/100\n|switch|p2a: \u8ffd\u730e\u7684\u54e5\u54e5|Heatran, F|100\/100\n|switch|p2b: \u62cd\u5927\u661f|Iron Hands|100\/100\n|-weather|SunnyDay|[from] ability: Drought|[of] p1a: Mr. Tortoise\n|-item|p1a: Mr. Tortoise|Air Balloon\n|turn|1\n|c|\u2606MooseOfTheSea|glhf\n|\n|t:|1699609632\n|move|p2b: \u62cd\u5927\u661f|Fake Out|p1a: Mr. Tortoise\n|-damage|p1a: Mr. Tortoise|90\/100\n|-enditem|p1a: Mr. Tortoise|Air Balloon\n|move|p1b: Gregorny|Substitute|p1b: Gregorny\n|-start|p1b: Gregorny|Substitute\n|-damage|p1b: Gregorny|76\/100\n|move|p2a: \u8ffd\u730e\u7684\u54e5\u54e5|Earth Power|p1b: Gregorny\n|-end|p1b: Gregorny|Substitute\n|cant|p1a: Mr. Tortoise|flinch\n|\n|-weather|SunnyDay|[upkeep]\n|-heal|p1b: Gregorny|82\/100|[from] item: Leftovers\n|upkeep\n|turn|2\n|\n|t:|1699609653\n|move|p1b: Gregorny|Substitute|p1b: Gregorny\n|-start|p1b: Gregorny|Substitute\n|-damage|p1b: Gregorny|57\/100\n|move|p2a: \u8ffd\u730e\u7684\u54e5\u54e5|Earth Power|p1a: Mr. Tortoise\n|-supereffective|p1a: Mr. Tortoise\n|-damage|p1a: Mr. Tortoise|30\/100\n|move|p2b: \u62cd\u5927\u661f|Heavy Slam|p1b: Gregorny\n|-supereffective|p1b: Gregorny\n|-end|p1b: Gregorny|Substitute\n|move|p1a: Mr. Tortoise|Lava Plume|p2b: \u62cd\u5927\u661f|[spread] p2b\n|-ability|p1b: Gregorny|Well-Baked Body|boost\n|-boost|p1b: Gregorny|def|2\n|-start|p2a: \u8ffd\u730e\u7684\u54e5\u54e5|ability: Flash Fire\n|-damage|p2b: \u62cd\u5927\u661f|88\/100\n|\n|-weather|SunnyDay|[upkeep]\n|-heal|p1b: Gregorny|63\/100|[from] item: Leftovers\n|upkeep\n|turn|3\n|\n|t:|1699609673\n|move|p1b: Gregorny|Body Press|p2a: \u8ffd\u730e\u7684\u54e5\u54e5\n|-supereffective|p2a: \u8ffd\u730e\u7684\u54e5\u54e5\n|-damage|p2a: \u8ffd\u730e\u7684\u54e5\u54e5|22\/100\n|move|p2a: \u8ffd\u730e\u7684\u54e5\u54e5|Earth Power|p1a: Mr. Tortoise\n|-supereffective|p1a: Mr. Tortoise\n|-damage|p1a: Mr. Tortoise|0 fnt\n|faint|p1a: Mr. Tortoise\n|move|p2b: \u62cd\u5927\u661f|Heavy Slam|p1b: Gregorny\n|-supereffective|p1b: Gregorny\n|-damage|p1b: Gregorny|17\/100\n|\n|-weather|SunnyDay|[upkeep]\n|-heal|p1b: Gregorny|23\/100|[from] item: Leftovers\n|-heal|p2a: \u8ffd\u730e\u7684\u54e5\u54e5|29\/100|[from] item: Leftovers\n|upkeep\n|\n|t:|1699609686\n|switch|p1a: Olive-you|Arboliva, F|100\/100\n|turn|4\n|\n|t:|1699609691\n|move|p2a: \u8ffd\u730e\u7684\u54e5\u54e5|Protect|p2a: \u8ffd\u730e\u7684\u54e5\u54e5\n|-singleturn|p2a: \u8ffd\u730e\u7684\u54e5\u54e5|Protect\n|move|p1b: Gregorny|Body Press|p2a: \u8ffd\u730e\u7684\u54e5\u54e5\n|-activate|p2a: \u8ffd\u730e\u7684\u54e5\u54e5|move: Protect\n|move|p2b: \u62cd\u5927\u661f|Heavy Slam|p1b: Gregorny\n|-supereffective|p1b: Gregorny\n|-damage|p1b: Gregorny|0 fnt\n|faint|p1b: Gregorny\n|move|p1a: Olive-you|Pollen Puff|p1: Gregorny|[notarget]\n|-fail|p1a: Olive-you\n|\n|-weather|SunnyDay|[upkeep]\n|-heal|p2a: \u8ffd\u730e\u7684\u54e5\u54e5|35\/100|[from] item: Leftovers\n|upkeep\n|\n|t:|1699609703\n|switch|p1b: Mr. Hat|Skeledirge, F|100\/100\n|turn|5\n|\n|t:|1699609722\n|-end|p2b: \u62cd\u5927\u661f|Quark Drive|[silent]\n|switch|p2b: \u96ea\u8c79\u95ed\u5634|Chien-Pao|100\/100\n|-ability|p2b: \u96ea\u8c79\u95ed\u5634|Sword of Ruin\n|move|p1a: Olive-you|Protect|p1a: Olive-you\n|-singleturn|p1a: Olive-you|Protect\n|move|p2a: \u8ffd\u730e\u7684\u54e5\u54e5|Earth Power|p1b: Mr. Hat\n|-supereffective|p1b: Mr. Hat\n|-damage|p1b: Mr. Hat|45\/100\n|move|p1b: Mr. Hat|Will-O-Wisp|p2b: \u96ea\u8c79\u95ed\u5634\n|-status|p2b: \u96ea\u8c79\u95ed\u5634|brn\n|\n|-weather|none\n|-heal|p2a: \u8ffd\u730e\u7684\u54e5\u54e5|41\/100|[from] item: Leftovers\n|-damage|p2b: \u96ea\u8c79\u95ed\u5634|95\/100 brn|[from] brn\n|upkeep\n|turn|6\n|\n|t:|1699609754\n|switch|p1b: Mr. Lamp|Frosmoth, M|100\/100\n|switch|p1a: Mr. President|Abomasnow, M|100\/100\n|-weather|Snow|[from] ability: Snow Warning|[of] p1a: Mr. President\n|move|p2b: \u96ea\u8c79\u95ed\u5634|Crunch|p1b: Mr. Lamp\n|-damage|p1b: Mr. Lamp|67\/100\n|move|p2a: \u8ffd\u730e\u7684\u54e5\u54e5|Heat Wave|p1b: Mr. Lamp|[spread] p1a\n|-miss|p2a: \u8ffd\u730e\u7684\u54e5\u54e5|p1b: Mr. Lamp\n|-supereffective|p1a: Mr. President\n|-enditem|p1a: Mr. President|Focus Sash\n|-damage|p1a: Mr. President|1\/100\n|\n|-weather|Snow|[upkeep]\n|-heal|p2a: \u8ffd\u730e\u7684\u54e5\u54e5|47\/100|[from] item: Leftovers\n|-damage|p2b: \u96ea\u8c79\u95ed\u5634|89\/100 brn|[from] brn\n|upkeep\n|turn|7\n|\n|t:|1699609779\n|move|p2b: \u96ea\u8c79\u95ed\u5634|Crunch|p1b: Mr. Lamp\n|-damage|p1b: Mr. Lamp|35\/100\n|move|p1b: Mr. Lamp|Quiver Dance|p1b: Mr. Lamp\n|-boost|p1b: Mr. Lamp|spa|1\n|-boost|p1b: Mr. Lamp|spd|1\n|-boost|p1b: Mr. Lamp|spe|1\n|move|p2a: \u8ffd\u730e\u7684\u54e5\u54e5|Heat Wave|p1a: Mr. President|[spread] p1a,p1b\n|-supereffective|p1a: Mr. President\n|-crit|p1a: Mr. President\n|-supereffective|p1b: Mr. Lamp\n|-damage|p1a: Mr. President|0 fnt\n|-damage|p1b: Mr. Lamp|0 fnt\n|faint|p1a: Mr. President\n|faint|p1b: Mr. Lamp\n|\n|-weather|Snow|[upkeep]\n|-heal|p2a: \u8ffd\u730e\u7684\u54e5\u54e5|54\/100|[from] item: Leftovers\n|-damage|p2b: \u96ea\u8c79\u95ed\u5634|83\/100 brn|[from] brn\n|upkeep\n|-message|MooseOfTheSea forfeited.\n|\n|win|OPieceOfHeroGhost\n|raw|MooseOfTheSea's rating: 1330 &rarr; <strong>1315<\/strong><br \/>(-15 for losing)\n|raw|OPieceOfHeroGhost's rating: 1417 &rarr; <strong>1432<\/strong><br \/>(+15 for winning)\n|l|\u2606MooseOfTheSea\n|l|\u2606OPieceOfHeroGhost\n|j|\u2606OPieceOfHeroGhost\n|player|p2|OPieceOfHeroGhost|morty\n","uploadtime":1699610113,"views":7,"p1id":"mooseofthesea","p2id":"opieceofheroghost","formatid":"gen9doublesou","rating":1315,"private":0,"password":""}