{"id":"gen9doublesou-1994778531","p1":"CoreSolis","p2":"DkDong","format":"[Gen 9] Doubles OU","log":"|j|\u2606CoreSolis\n|j|\u2606DkDong\n|t:|1700491875\n|gametype|doubles\n|player|p1|CoreSolis|pokemonrangerf|1156\n|player|p2|DkDong|bugcatcher-gen4dp|1157\n|teamsize|p1|6\n|teamsize|p2|6\n|gen|9\n|tier|[Gen 9] Doubles OU\n|rated|\n|rule|Species Clause: Limit one of each Pok\u00e9mon\n|rule|OHKO Clause: OHKO moves are banned\n|rule|Evasion Moves Clause: Evasion moves are banned\n|rule|Gravity Sleep Clause: The combination of sleep-inducing moves with imperfect accuracy and Gravity or Gigantamax Orbeetle are banned\n|rule|Endless Battle Clause: Forcing endless battles is banned\n|rule|HP Percentage Mod: HP is shown in percentages\n|clearpoke\n|poke|p1|Sinistcha-Masterpiece|\n|poke|p1|Enamorus, F|\n|poke|p1|Tornadus, M|\n|poke|p1|Volcarona, M|\n|poke|p1|Ogerpon-Hearthflame, F|\n|poke|p1|Iron Hands|\n|poke|p2|Ogerpon-Wellspring, F|\n|poke|p2|Chi-Yu|\n|poke|p2|Talonflame, F|\n|poke|p2|Arcanine-Hisui, M|\n|poke|p2|Leafeon, F|\n|poke|p2|Torkoal, F|\n|teampreview\n|inactive|Battle timer is ON: inactive players will automatically lose when time's up. (requested by DkDong)\n|c|\u2606CoreSolis|glhf\n|inactive|DkDong has 120 seconds left.\n|\n|t:|1700491915\n|start\n|switch|p1a: daddy|Tornadus, M|100\/100\n|switch|p1b: nuh uh|Iron Hands|100\/100\n|switch|p2a: Torkoal|Torkoal, F|100\/100\n|switch|p2b: Ogerpon|Ogerpon-Wellspring, F|100\/100\n|-weather|SunnyDay|[from] ability: Drought|[of] p2a: Torkoal\n|turn|1\n|inactive|DkDong has 120 seconds left.\n|\n|t:|1700491946\n|move|p1b: nuh uh|Fake Out|p2a: Torkoal\n|-damage|p2a: Torkoal|91\/100\n|move|p1a: daddy|Tailwind|p1a: daddy\n|-sidestart|p1: CoreSolis|move: Tailwind\n|move|p2b: Ogerpon|Ivy Cudgel|p1a: daddy|[anim] Ivy Cudgel Water\n|-damage|p1a: daddy|54\/100\n|cant|p2a: Torkoal|flinch\n|\n|-weather|SunnyDay|[upkeep]\n|upkeep\n|turn|2\n|\n|t:|1700491972\n|move|p1a: daddy|Taunt|p2a: Torkoal\n|-start|p2a: Torkoal|move: Taunt\n|move|p2b: Ogerpon|Knock Off|p1b: nuh uh\n|-resisted|p1b: nuh uh\n|-damage|p1b: nuh uh|88\/100\n|-enditem|p1b: nuh uh|Assault Vest|[from] move: Knock Off|[of] p2b: Ogerpon\n|move|p1b: nuh uh|Wild Charge|p2b: Ogerpon\n|-damage|p2b: Ogerpon|30\/100\n|-damage|p1b: nuh uh|76\/100|[from] Recoil\n|cant|p2a: Torkoal|move: Taunt|Stealth Rock\n|\n|-weather|SunnyDay|[upkeep]\n|upkeep\n|turn|3\n|inactive|DkDong has 120 seconds left.\n|\n|t:|1700492012\n|-end|p1b: nuh uh|Quark Drive|[silent]\n|switch|p1b: ''herb''Tea|Sinistcha-Masterpiece, shiny|100\/100\n|-heal|p1a: daddy|79\/100|[from] ability: Hospitality|[of] p1b: ''herb''Tea\n|switch|p2a: Arcanine|Arcanine-Hisui, M|100\/100\n|-ability|p2a: Arcanine|Intimidate|boost\n|-unboost|p1a: daddy|atk|1\n|-unboost|p1b: ''herb''Tea|atk|1\n|-item|p2a: Arcanine|Air Balloon\n|move|p1a: daddy|Protect|p1a: daddy\n|-singleturn|p1a: daddy|Protect\n|move|p2b: Ogerpon|Knock Off|p1a: daddy\n|-activate|p1a: daddy|move: Protect\n|\n|-weather|SunnyDay|[upkeep]\n|upkeep\n|turn|4\n|inactive|DkDong has 120 seconds left.\n|inactive|CoreSolis has 120 seconds left.\n|\n|t:|1700492055\n|switch|p1a: nuh uh|Iron Hands|76\/100\n|move|p1b: ''herb''Tea|Rage Powder|p1b: ''herb''Tea\n|-singleturn|p1b: ''herb''Tea|move: Rage Powder\n|move|p2b: Ogerpon|Knock Off|p1b: ''herb''Tea\n|-supereffective|p1b: ''herb''Tea\n|-damage|p1b: ''herb''Tea|25\/100\n|-enditem|p1b: ''herb''Tea|Leftovers|[from] move: Knock Off|[of] p2b: Ogerpon\n|move|p2a: Arcanine|Psychic Fangs|p1b: ''herb''Tea\n|-damage|p1b: ''herb''Tea|5\/100\n|\n|-weather|SunnyDay|[upkeep]\n|-sideend|p1: CoreSolis|move: Tailwind\n|upkeep\n|turn|5\n|inactive|DkDong has 120 seconds left.\n|inactive|CoreSolis has 120 seconds left.\n|\n|t:|1700492079\n|switch|p2b: Leafeon|Leafeon, F|100\/100\n|move|p1a: nuh uh|Fake Out|p2b: Leafeon\n|-damage|p2b: Leafeon|87\/100\n|move|p2a: Arcanine|Will-O-Wisp|p1a: nuh uh\n|-status|p1a: nuh uh|brn\n|move|p1b: ''herb''Tea|Matcha Gotcha|p2b: Leafeon|[spread] p2a\n|-miss|p1b: ''herb''Tea|p2b: Leafeon\n|-damage|p2a: Arcanine|69\/100\n|-heal|p1b: ''herb''Tea|23\/100|[from] drain|[of] p2a: Arcanine\n|-enditem|p2a: Arcanine|Air Balloon\n|\n|-weather|none\n|-damage|p1a: nuh uh|70\/100 brn|[from] brn\n|upkeep\n|turn|6\n|inactive|DkDong has 120 seconds left.\n|inactive|DkDong has 90 seconds left.\n|\n|t:|1700492131\n|-end|p1a: nuh uh|Quark Drive|[silent]\n|switch|p1a: daddy|Tornadus, M|79\/100\n|move|p1b: ''herb''Tea|Rage Powder|p1b: ''herb''Tea\n|-singleturn|p1b: ''herb''Tea|move: Rage Powder\n|move|p2b: Leafeon|Knock Off|p1b: ''herb''Tea\n|-supereffective|p1b: ''herb''Tea\n|-damage|p1b: ''herb''Tea|0 fnt\n|faint|p1b: ''herb''Tea\n|move|p2a: Arcanine|Psychic Fangs|p1a: daddy\n|-damage|p1a: daddy|47\/100\n|\n|upkeep\n|inactive|CoreSolis has 120 seconds left.\n|\n|t:|1700492152\n|switch|p1b: twinky mcgee|Enamorus, F|100\/100\n|turn|7\n|\n|t:|1700492170\n|switch|p2b: Torkoal|Torkoal, F|91\/100\n|-weather|SunnyDay|[from] ability: Drought|[of] p2b: Torkoal\n|move|p1a: daddy|Tailwind|p1a: daddy\n|-sidestart|p1: CoreSolis|move: Tailwind\n|move|p1b: twinky mcgee|Superpower|p2a: Arcanine\n|-supereffective|p2a: Arcanine\n|-damage|p2a: Arcanine|15\/100\n|-boost|p1b: twinky mcgee|atk|1\n|-boost|p1b: twinky mcgee|def|1\n|move|p2a: Arcanine|Will-O-Wisp|p1b: twinky mcgee\n|-status|p1b: twinky mcgee|brn\n|\n|-weather|SunnyDay|[upkeep]\n|-damage|p1b: twinky mcgee|94\/100 brn|[from] brn\n|upkeep\n|turn|8\n|inactive|DkDong has 120 seconds left.\n|\n|t:|1700492190\n|switch|p2a: Talonflame|Talonflame, F, shiny|100\/100\n|move|p1a: daddy|Taunt|p2b: Torkoal\n|-start|p2b: Torkoal|move: Taunt\n|move|p1b: twinky mcgee|Superpower|p2a: Talonflame\n|-resisted|p2a: Talonflame\n|-damage|p2a: Talonflame|81\/100\n|-boost|p1b: twinky mcgee|atk|1\n|-boost|p1b: twinky mcgee|def|1\n|cant|p2b: Torkoal|move: Taunt|Stealth Rock\n|\n|-weather|SunnyDay|[upkeep]\n|-damage|p1b: twinky mcgee|88\/100 brn|[from] brn\n|upkeep\n|turn|9\n|inactive|DkDong has 120 seconds left.\n|\n|t:|1700492213\n|move|p1a: daddy|Bleakwind Storm|p2a: Talonflame|[spread] p2a,p2b\n|-damage|p2a: Talonflame|50\/100\n|-damage|p2b: Torkoal|38\/100\n|-unboost|p2b: Torkoal|spe|1\n|move|p1b: twinky mcgee|Play Rough|p2a: Talonflame\n|-resisted|p2a: Talonflame\n|-damage|p2a: Talonflame|23\/100\n|move|p2a: Talonflame|Tailwind|p2a: Talonflame\n|-sidestart|p2: DkDong|move: Tailwind\n|move|p2b: Torkoal|Burning Jealousy|p1a: daddy|[spread] p1a,p1b\n|-damage|p1a: daddy|17\/100\n|-damage|p1b: twinky mcgee|66\/100 brn\n|\n|-weather|SunnyDay|[upkeep]\n|-damage|p1b: twinky mcgee|60\/100 brn|[from] brn\n|upkeep\n|turn|10\n|\n|t:|1700492229\n|switch|p2b: Ogerpon|Ogerpon-Wellspring, F|30\/100\n|move|p1a: daddy|Protect|p1a: daddy\n|-singleturn|p1a: daddy|Protect\n|move|p1b: twinky mcgee|Play Rough|p2a: Talonflame\n|-resisted|p2a: Talonflame\n|-damage|p2a: Talonflame|0 fnt\n|faint|p2a: Talonflame\n|\n|-weather|SunnyDay|[upkeep]\n|-damage|p1b: twinky mcgee|53\/100 brn|[from] brn\n|-sideend|p1: CoreSolis|move: Tailwind\n|upkeep\n|\n|t:|1700492237\n|switch|p2a: Leafeon|Leafeon, F|87\/100\n|turn|11\n|\n|t:|1700492265\n|move|p2b: Ogerpon|Follow Me|p2b: Ogerpon\n|-singleturn|p2b: Ogerpon|move: Follow Me\n|move|p1a: daddy|Tailwind|p1a: daddy\n|-sidestart|p1: CoreSolis|move: Tailwind\n|move|p2a: Leafeon|Double-Edge|p1b: twinky mcgee\n|-crit|p1b: twinky mcgee\n|-damage|p1b: twinky mcgee|0 fnt\n|faint|p1b: twinky mcgee\n|-damage|p2a: Leafeon|70\/100|[from] Recoil\n|\n|-weather|none\n|upkeep\n|\n|t:|1700492275\n|switch|p1b: nuh uh|Iron Hands|70\/100 brn\n|turn|12\n|\n|t:|1700492299\n|switch|p2b: Torkoal|Torkoal, F|38\/100\n|-weather|SunnyDay|[from] ability: Drought|[of] p2b: Torkoal\n|move|p1b: nuh uh|Fake Out|p2b: Torkoal\n|-damage|p2b: Torkoal|33\/100\n|move|p2a: Leafeon|Solar Blade||[still]\n|-prepare|p2a: Leafeon|Solar Blade\n|-anim|p2a: Leafeon|Solar Blade|p1b: nuh uh\n|-crit|p1b: nuh uh\n|-damage|p1b: nuh uh|0 fnt\n|faint|p1b: nuh uh\n|-end|p1b: nuh uh|Quark Drive|[silent]\n|move|p1a: daddy|Bleakwind Storm|p2b: Torkoal|[spread] p2b\n|-miss|p1a: daddy|p2a: Leafeon\n|-damage|p2b: Torkoal|0 fnt\n|faint|p2b: Torkoal\n|\n|-weather|SunnyDay|[upkeep]\n|-sideend|p2: DkDong|move: Tailwind\n|upkeep\n|\n|t:|1700492319\n|switch|p1b: fire booty|Volcarona, M|100\/100\n|switch|p2b: Chi-Yu|Chi-Yu|100\/100\n|-ability|p2b: Chi-Yu|Beads of Ruin\n|turn|13\n|\n|t:|1700492336\n|move|p1a: daddy|Protect|p1a: daddy\n|-singleturn|p1a: daddy|Protect\n|move|p1b: fire booty|Protect|p1b: fire booty\n|-singleturn|p1b: fire booty|Protect\n|move|p2a: Leafeon|Knock Off|p1b: fire booty\n|-activate|p1b: fire booty|move: Protect\n|move|p2b: Chi-Yu|Snarl|p1a: daddy|[spread] \n|-activate|p1a: daddy|move: Protect\n|-activate|p1b: fire booty|move: Protect\n|\n|-weather|SunnyDay|[upkeep]\n|upkeep\n|turn|14\n|\n|t:|1700492361\n|switch|p2a: Arcanine|Arcanine-Hisui, M|15\/100\n|-ability|p2a: Arcanine|Intimidate|boost\n|-unboost|p1a: daddy|atk|1\n|-unboost|p1b: fire booty|atk|1\n|move|p1a: daddy|Bleakwind Storm|p2b: Chi-Yu|[spread] p2a,p2b\n|-resisted|p2a: Arcanine\n|-damage|p2a: Arcanine|0 fnt\n|-damage|p2b: Chi-Yu|56\/100\n|faint|p2a: Arcanine\n|move|p1b: fire booty|Heat Wave|p2b: Chi-Yu\n|-resisted|p2b: Chi-Yu\n|-damage|p2b: Chi-Yu|14\/100\n|move|p2b: Chi-Yu|Snarl|p1b: fire booty|[spread] p1a,p1b\n|-damage|p1a: daddy|0 fnt\n|-damage|p1b: fire booty|65\/100\n|-unboost|p1b: fire booty|spa|1\n|faint|p1a: daddy\n|\n|-weather|SunnyDay|[upkeep]\n|-sideend|p1: CoreSolis|move: Tailwind\n|upkeep\n|\n|t:|1700492386\n|switch|p1a: pom pom|Ogerpon-Hearthflame, F|100\/100\n|switch|p2a: Ogerpon|Ogerpon-Wellspring, F|30\/100\n|-ability|p1a: pom pom|Mold Breaker\n|turn|15\n|c|\u2606DkDong|like star rail pom pom?\n|c|\u2606CoreSolis|yuh\n|inactive|CoreSolis has 120 seconds left.\n|\n|t:|1700492416\n|-terastallize|p2a: Ogerpon|Water\n|detailschange|p2a: Ogerpon|Ogerpon-Wellspring-Tera, F, tera:Water\n|-ability|p2a: Ogerpon|Embody Aspect (Wellspring)|boost\n|-boost|p2a: Ogerpon|spd|1\n|move|p2b: Chi-Yu|Snarl|p1b: fire booty|[spread] p1a,p1b\n|-damage|p1a: pom pom|62\/100\n|-damage|p1b: fire booty|30\/100\n|-unboost|p1a: pom pom|spa|1\n|-unboost|p1b: fire booty|spa|1\n|move|p2a: Ogerpon|Ivy Cudgel|p1a: pom pom|[anim] Ivy Cudgel Water\n|-damage|p1a: pom pom|13\/100\n|move|p1b: fire booty|Heat Wave|p2a: Ogerpon|[spread] p2a,p2b\n|-resisted|p2a: Ogerpon\n|-crit|p2a: Ogerpon\n|-resisted|p2b: Chi-Yu\n|-damage|p2a: Ogerpon|0 fnt\n|-damage|p2b: Chi-Yu|0 fnt\n|faint|p2a: Ogerpon\n|faint|p2b: Chi-Yu\n|move|p1a: pom pom|Horn Leech|p2: Ogerpon|[notarget]\n|-fail|p1a: pom pom\n|\n|-weather|SunnyDay|[upkeep]\n|upkeep\n|c|\u2606DkDong|cool\n|\n|t:|1700492435\n|switch|p2b: Leafeon|Leafeon, F|70\/100\n|turn|16\n|inactive|DkDong has 120 seconds left.\n|\n|t:|1700492466\n|-terastallize|p1a: pom pom|Fire\n|detailschange|p1a: pom pom|Ogerpon-Hearthflame-Tera, F, tera:Fire\n|-ability|p1a: pom pom|Embody Aspect (Hearthflame)|boost\n|-boost|p1a: pom pom|atk|1\n|move|p2b: Leafeon|Knock Off|p1b: fire booty\n|-damage|p1b: fire booty|0 fnt\n|-enditem|p1b: fire booty|Heavy-Duty Boots|[from] move: Knock Off|[of] p2b: Leafeon\n|faint|p1b: fire booty\n|move|p1a: pom pom|Ivy Cudgel|p2b: Leafeon|[anim] Ivy Cudgel Fire\n|-supereffective|p2b: Leafeon\n|-damage|p2b: Leafeon|0 fnt\n|faint|p2b: Leafeon\n|\n|win|CoreSolis\n|raw|CoreSolis's rating: 1156 &rarr; <strong>1181<\/strong><br \/>(+25 for winning)\n|raw|DkDong's rating: 1157 &rarr; <strong>1132<\/strong><br \/>(-25 for losing)\n|l|\u2606DkDong\n|c|\u2606CoreSolis|gg\n|c|\u2606CoreSolis|close game\n","uploadtime":1700492484,"views":20,"p1id":"coresolis","p2id":"dkdong","formatid":"gen9doublesou","rating":1132,"private":0,"password":""}