{"id":"gen9doublesou-1974308434","p1":"Zhan Lu","p2":"SXD2002","format":"[Gen 9] Doubles OU","log":"|j|\u2606Zhan Lu\n|j|\u2606SXD2002\n|t:|1698076642\n|gametype|doubles\n|player|p1|Zhan Lu|veteranf|1189\n|player|p2|SXD2002|silver-masters|1058\n|teamsize|p1|6\n|teamsize|p2|6\n|gen|9\n|tier|[Gen 9] Doubles OU\n|rated|\n|rule|Species Clause: Limit one of each Pok\u00e9mon\n|rule|OHKO Clause: OHKO moves are banned\n|rule|Evasion Moves Clause: Evasion moves are banned\n|rule|Gravity Sleep Clause: The combination of sleep-inducing moves with imperfect accuracy and Gravity or Gigantamax Orbeetle are banned\n|rule|Endless Battle Clause: Forcing endless battles is banned\n|rule|HP Percentage Mod: HP is shown in percentages\n|clearpoke\n|poke|p1|Tyranitar, M|\n|poke|p1|Kommo-o, M|\n|poke|p1|Meowscarada, F|\n|poke|p1|Iron Bundle|\n|poke|p1|Fezandipiti, M|\n|poke|p1|Gastrodon, M|\n|poke|p2|Lurantis, M|\n|poke|p2|Murkrow, M|\n|poke|p2|Grimmsnarl, M|\n|poke|p2|Clefairy, M|\n|poke|p2|Talonflame, F|\n|poke|p2|Espeon, F|\n|teampreview\n|inactive|Battle timer is ON: inactive players will automatically lose when time's up. (requested by SXD2002)\n|\n|t:|1698076667\n|start\n|switch|p1a: Godzilla|Tyranitar, M|100\/100\n|switch|p1b: Aluber|Meowscarada, F|100\/100\n|switch|p2a: Murkrow|Murkrow, M|100\/100\n|switch|p2b: Lurantis|Lurantis, M|100\/100\n|-weather|Sandstorm|[from] ability: Sand Stream|[of] p1a: Godzilla\n|turn|1\n|\n|t:|1698076683\n|-terastallize|p2b: Lurantis|Steel\n|move|p1b: Aluber|Ally Switch|p1b: Aluber\n|-start|p1b: Aluber|typechange|Psychic|[from] ability: Protean\n|swap|p1b: Aluber|0|[from] move: Ally Switch\n|move|p2a: Murkrow|Screech|p2b: Lurantis\n|-boost|p2b: Lurantis|def|2\n|move|p1b: Godzilla|Rock Slide|p2b: Lurantis|[spread] p2a,p2b\n|-supereffective|p2a: Murkrow\n|-resisted|p2b: Lurantis\n|-damage|p2a: Murkrow|0 fnt\n|-damage|p2b: Lurantis|88\/100\n|faint|p2a: Murkrow\n|move|p2b: Lurantis|Superpower|p1a: Aluber\n|-resisted|p1a: Aluber\n|-damage|p1a: Aluber|83\/100\n|-boost|p2b: Lurantis|atk|1\n|-boost|p2b: Lurantis|def|1\n|-enditem|p1a: Aluber|Red Card|[of] p2b: Lurantis\n|drag|p2b: Espeon|Espeon, F|100\/100\n|\n|-weather|Sandstorm|[upkeep]\n|-damage|p1a: Aluber|77\/100|[from] Sandstorm\n|-damage|p2b: Espeon|95\/100|[from] Sandstorm\n|-heal|p2b: Espeon|100\/100|[from] item: Leftovers\n|upkeep\n|inactive|SXD2002 has 120 seconds left.\n|\n|t:|1698076708\n|switch|p2a: Talonflame|Talonflame, F|100\/100\n|turn|2\n|\n|t:|1698076721\n|switch|p2b: Lurantis|Lurantis, M, tera:Steel|88\/100\n|move|p2a: Talonflame|Defog|p2b: Lurantis\n|-boost|p2b: Lurantis|evasion|1\n|move|p1a: Aluber|Flower Trick|p2b: Lurantis\n|-resisted|p2b: Lurantis\n|-crit|p2b: Lurantis\n|-damage|p2b: Lurantis|75\/100\n|move|p1b: Godzilla|Rock Slide|p2b: Lurantis|[spread] p2a,p2b\n|-supereffective|p2a: Talonflame\n|-resisted|p2b: Lurantis\n|-enditem|p2a: Talonflame|Focus Sash\n|-damage|p2a: Talonflame|1\/100\n|-damage|p2b: Lurantis|51\/100\n|\n|-weather|Sandstorm|[upkeep]\n|-damage|p2a: Talonflame|0 fnt|[from] Sandstorm\n|-damage|p1a: Aluber|71\/100|[from] Sandstorm\n|faint|p2a: Talonflame\n|-heal|p2b: Lurantis|57\/100|[from] item: Leftovers\n|upkeep\n|\n|t:|1698076735\n|switch|p2a: Grimmsnarl|Grimmsnarl, M|100\/100\n|turn|3\n|\n|t:|1698076759\n|switch|p1b: The Boi|Gastrodon, M|100\/100\n|move|p2a: Grimmsnarl|Scary Face|p2b: Lurantis\n|-boost|p2b: Lurantis|spe|2\n|move|p1a: Aluber|U-turn|p2a: Grimmsnarl\n|-damage|p2a: Grimmsnarl|77\/100\n|\n|t:|1698076773\n|switch|p1a: Fezandipiti|Fezandipiti, M|100\/100|[from] U-turn\n|move|p2b: Lurantis|Leech Life|p1b: The Boi\n|-crit|p1b: The Boi\n|-damage|p1b: The Boi|68\/100\n|-heal|p2b: Lurantis|77\/100|[from] drain|[of] p1b: The Boi\n|\n|-weather|Sandstorm|[upkeep]\n|-damage|p1a: Fezandipiti|94\/100|[from] Sandstorm\n|-damage|p2a: Grimmsnarl|71\/100|[from] Sandstorm\n|-heal|p2b: Lurantis|83\/100|[from] item: Leftovers\n|-heal|p2a: Grimmsnarl|77\/100|[from] item: Leftovers\n|upkeep\n|turn|4\n|\n|t:|1698076791\n|move|p2a: Grimmsnarl|Fake Tears|p2b: Lurantis\n|-boost|p2b: Lurantis|spd|2\n|move|p1a: Fezandipiti|Sludge Bomb|p2a: Grimmsnarl\n|-supereffective|p2a: Grimmsnarl\n|-damage|p2a: Grimmsnarl|32\/100\n|-status|p2a: Grimmsnarl|psn\n|move|p2b: Lurantis|Leaf Storm|p1b: The Boi\n|-supereffective|p1b: The Boi\n|-damage|p1b: The Boi|0 fnt\n|-boost|p2b: Lurantis|spa|2\n|faint|p1b: The Boi\n|\n|-weather|Sandstorm|[upkeep]\n|-damage|p1a: Fezandipiti|88\/100|[from] Sandstorm\n|-damage|p2a: Grimmsnarl|26\/100 psn|[from] Sandstorm\n|-heal|p2b: Lurantis|89\/100|[from] item: Leftovers\n|-heal|p2a: Grimmsnarl|32\/100 psn|[from] item: Leftovers\n|-damage|p2a: Grimmsnarl|20\/100 psn|[from] psn\n|upkeep\n|inactive|Zhan Lu has 120 seconds left.\n|\n|t:|1698076825\n|switch|p1b: Greymon|Kommo-o, M|100\/100\n|turn|5\n|inactive|Zhan Lu has 120 seconds left.\n|\n|t:|1698076852\n|move|p1b: Greymon|Protect|p1b: Greymon\n|-singleturn|p1b: Greymon|Protect\n|move|p2a: Grimmsnarl|Parting Shot|p2b: Lurantis|[miss]\n|-miss|p2a: Grimmsnarl|p2b: Lurantis\n|move|p1a: Fezandipiti|Dazzling Gleam|p2a: Grimmsnarl|[spread] p2a,p2b\n|-supereffective|p2a: Grimmsnarl\n|-resisted|p2b: Lurantis\n|-crit|p2b: Lurantis\n|-damage|p2a: Grimmsnarl|0 fnt\n|-damage|p2b: Lurantis|78\/100\n|faint|p2a: Grimmsnarl\n|move|p2b: Lurantis|Superpower|p1b: Greymon\n|-activate|p1b: Greymon|move: Protect\n|\n|-weather|none\n|-heal|p2b: Lurantis|84\/100|[from] item: Leftovers\n|upkeep\n|\n|t:|1698076862\n|switch|p2a: Clefairy|Clefairy, M|100\/100\n|turn|6\n|\n|t:|1698076874\n|switch|p1a: Tokoyami|Iron Bundle|100\/100\n|-enditem|p1a: Tokoyami|Booster Energy\n|-activate|p1a: Tokoyami|ability: Quark Drive|[fromitem]\n|-start|p1a: Tokoyami|quarkdrivespe\n|move|p2a: Clefairy|Follow Me|p2a: Clefairy\n|-singleturn|p2a: Clefairy|move: Follow Me\n|move|p2b: Lurantis|Superpower|p1b: Greymon\n|-damage|p1b: Greymon|78\/100\n|-boost|p2b: Lurantis|atk|1\n|-boost|p2b: Lurantis|def|1\n|move|p1b: Greymon|Clangorous Soul|p1b: Greymon\n|-boost|p1b: Greymon|atk|1\n|-boost|p1b: Greymon|def|1\n|-boost|p1b: Greymon|spa|1\n|-boost|p1b: Greymon|spd|1\n|-boost|p1b: Greymon|spe|1\n|-damage|p1b: Greymon|45\/100\n|-enditem|p1b: Greymon|Sitrus Berry|[eat]\n|-heal|p1b: Greymon|70\/100|[from] item: Sitrus Berry\n|\n|-heal|p2b: Lurantis|90\/100|[from] item: Leftovers\n|upkeep\n|turn|7\n|\n|t:|1698076893\n|move|p2a: Clefairy|Follow Me|p2a: Clefairy\n|-singleturn|p2a: Clefairy|move: Follow Me\n|move|p1a: Tokoyami|Hydro Pump|p2a: Clefairy|[miss]\n|-miss|p1a: Tokoyami|p2a: Clefairy\n|move|p1b: Greymon|Drain Punch|p2a: Clefairy\n|-resisted|p2a: Clefairy\n|-damage|p2a: Clefairy|66\/100\n|-heal|p1b: Greymon|87\/100|[from] drain|[of] p2a: Clefairy\n|move|p2b: Lurantis|Superpower|p1b: Greymon\n|-damage|p1b: Greymon|63\/100\n|-boost|p2b: Lurantis|atk|1\n|-boost|p2b: Lurantis|def|1\n|\n|-heal|p2b: Lurantis|96\/100|[from] item: Leftovers\n|upkeep\n|turn|8\n|\n|t:|1698076911\n|move|p2b: Lurantis|Protect|p2b: Lurantis\n|-singleturn|p2b: Lurantis|Protect\n|move|p1a: Tokoyami|Hydro Pump|p2a: Clefairy\n|-damage|p2a: Clefairy|34\/100\n|move|p1b: Greymon|Shadow Claw|p2a: Clefairy\n|-damage|p2a: Clefairy|0 fnt\n|faint|p2a: Clefairy\n|\n|-heal|p2b: Lurantis|100\/100|[from] item: Leftovers\n|upkeep\n|\n|t:|1698076920\n|switch|p2a: Espeon|Espeon, F|100\/100\n|turn|9\n|\n|t:|1698076933\n|move|p1a: Tokoyami|Hydro Pump|p2a: Espeon|[miss]\n|-miss|p1a: Tokoyami|p2a: Espeon\n|move|p2a: Espeon|Psych Up|p2b: Lurantis\n|-copyboost|p2a: Espeon|p2b: Lurantis|[from] move: Psych Up\n|move|p1b: Greymon|Drain Punch|p2b: Lurantis\n|-supereffective|p2b: Lurantis\n|-damage|p2b: Lurantis|37\/100\n|-heal|p1b: Greymon|94\/100|[from] drain|[of] p2b: Lurantis\n|move|p2b: Lurantis|Superpower|p1a: Tokoyami\n|-supereffective|p1a: Tokoyami\n|-damage|p1a: Tokoyami|0 fnt\n|-boost|p2b: Lurantis|atk|1\n|-boost|p2b: Lurantis|def|1\n|faint|p1a: Tokoyami\n|-end|p1a: Tokoyami|Quark Drive|[silent]\n|\n|-heal|p2b: Lurantis|43\/100|[from] item: Leftovers\n|upkeep\n|\n|t:|1698076944\n|switch|p1a: Godzilla|Tyranitar, M|100\/100\n|-weather|Sandstorm|[from] ability: Sand Stream|[of] p1a: Godzilla\n|turn|10\n|\n|t:|1698076955\n|move|p2b: Lurantis|Protect|p2b: Lurantis\n|-singleturn|p2b: Lurantis|Protect\n|move|p2a: Espeon|Stored Power|p1b: Greymon\n|-supereffective|p1b: Greymon\n|-damage|p1b: Greymon|0 fnt\n|faint|p1b: Greymon\n|move|p1a: Godzilla|Rock Slide|p2b: Lurantis|[spread] \n|-activate|p2b: Lurantis|move: Protect\n|-miss|p1a: Godzilla|p2a: Espeon\n|\n|-weather|Sandstorm|[upkeep]\n|-damage|p2a: Espeon|95\/100|[from] Sandstorm\n|-heal|p2a: Espeon|100\/100|[from] item: Leftovers\n|-heal|p2b: Lurantis|49\/100|[from] item: Leftovers\n|upkeep\n|\n|t:|1698076968\n|switch|p1b: Aluber|Meowscarada, F|71\/100\n|turn|11\n|\n|t:|1698076977\n|move|p1b: Aluber|Sucker Punch|p2a: Espeon\n|-start|p1b: Aluber|typechange|Dark|[from] ability: Protean\n|-supereffective|p2a: Espeon\n|-damage|p2a: Espeon|51\/100\n|move|p2a: Espeon|Draining Kiss|p1b: Aluber\n|-supereffective|p1b: Aluber\n|-damage|p1b: Aluber|0 fnt\n|-heal|p2a: Espeon|100\/100|[from] drain|[of] p1b: Aluber\n|faint|p1b: Aluber\n|move|p2b: Lurantis|Leech Life|p1a: Godzilla\n|-supereffective|p1a: Godzilla\n|-damage|p1a: Godzilla|29\/100\n|-heal|p2b: Lurantis|91\/100|[from] drain|[of] p1a: Godzilla\n|move|p1a: Godzilla|Rock Slide|p2a: Espeon|[spread] p2a,p2b\n|-resisted|p2b: Lurantis\n|-damage|p2a: Espeon|51\/100\n|-damage|p2b: Lurantis|82\/100\n|\n|-weather|Sandstorm|[upkeep]\n|-damage|p2a: Espeon|46\/100|[from] Sandstorm\n|-heal|p2a: Espeon|51\/100|[from] item: Leftovers\n|-heal|p2b: Lurantis|88\/100|[from] item: Leftovers\n|upkeep\n|\n|t:|1698076982\n|switch|p1b: Fezandipiti|Fezandipiti, M|88\/100\n|turn|12\n|\n|t:|1698077000\n|move|p2a: Espeon|Stored Power|p1b: Fezandipiti\n|-supereffective|p1b: Fezandipiti\n|-damage|p1b: Fezandipiti|0 fnt\n|faint|p1b: Fezandipiti\n|move|p2b: Lurantis|Superpower|p1a: Godzilla\n|-supereffective|p1a: Godzilla\n|-damage|p1a: Godzilla|0 fnt\n|-boost|p2b: Lurantis|atk|1\n|-boost|p2b: Lurantis|def|1\n|faint|p1a: Godzilla\n|\n|win|SXD2002\n|raw|Zhan Lu's rating: 1189 &rarr; <strong>1155<\/strong><br \/>(-34 for losing)\n|raw|SXD2002's rating: 1058 &rarr; <strong>1101<\/strong><br \/>(+43 for winning)\n|c|\u2606SXD2002|gg\n|l|\u2606Zhan Lu\n","uploadtime":1698077011,"views":19,"p1id":"zhanlu","p2id":"sxd2002","formatid":"gen9doublesou","rating":1101,"private":0,"password":""}