{"id":"gen9doublesou-1995158308","p1":"Kurs8it","p2":"reposefulpallas","format":"[Gen 9] Doubles OU","log":"|j|\u2606Kurs8it\n|j|\u2606reposefulpallas\n|t:|1700529090\n|gametype|doubles\n|player|p1|Kurs8it|hilda|1516\n|player|p2|reposefulpallas|psychic-gen3|1546\n|teamsize|p1|6\n|teamsize|p2|6\n|gen|9\n|tier|[Gen 9] Doubles OU\n|rated|\n|rule|Species Clause: Limit one of each Pok\u00e9mon\n|rule|OHKO Clause: OHKO moves are banned\n|rule|Evasion Moves Clause: Evasion moves are banned\n|rule|Gravity Sleep Clause: The combination of sleep-inducing moves with imperfect accuracy and Gravity or Gigantamax Orbeetle are banned\n|rule|Endless Battle Clause: Forcing endless battles is banned\n|rule|HP Percentage Mod: HP is shown in percentages\n|clearpoke\n|poke|p1|Gardevoir, F|\n|poke|p1|Kingambit, F|\n|poke|p1|Amoonguss, M|\n|poke|p1|Weavile, M|\n|poke|p1|Garchomp, F|\n|poke|p1|Tyranitar, F|\n|poke|p2|Kommo-o, M|\n|poke|p2|Arcanine-Hisui, M|\n|poke|p2|Sinistcha|\n|poke|p2|Illumise, F|\n|poke|p2|Oricorio-Pom-Pom, M|\n|poke|p2|Chi-Yu|\n|teampreview\n|inactive|Battle timer is ON: inactive players will automatically lose when time's up. (requested by Kurs8it)\n|\n|t:|1700529106\n|start\n|switch|p1a: Tyranitar|Tyranitar, F|100\/100\n|switch|p1b: Garchomp|Garchomp, F|100\/100\n|switch|p2a: Trap Queen|Illumise, F|100\/100\n|switch|p2b: Le Fishe Au Magma|Chi-Yu|100\/100\n|-ability|p2b: Le Fishe Au Magma|Beads of Ruin\n|-weather|Sandstorm|[from] ability: Sand Stream|[of] p1a: Tyranitar\n|turn|1\n|\n|t:|1700529115\n|move|p2a: Trap Queen|Tailwind|p2a: Trap Queen\n|-sidestart|p2: reposefulpallas|move: Tailwind\n|move|p2b: Le Fishe Au Magma|Dark Pulse|p1b: Garchomp\n|-damage|p1b: Garchomp|6\/100\n|move|p1b: Garchomp|Rock Slide|p2b: Le Fishe Au Magma|[spread] p2a,p2b\n|-supereffective|p2a: Trap Queen\n|-supereffective|p2b: Le Fishe Au Magma\n|-damage|p2a: Trap Queen|47\/100\n|-damage|p2b: Le Fishe Au Magma|24\/100\n|move|p1a: Tyranitar|Rock Slide|p2a: Trap Queen|[spread] p2a,p2b\n|-supereffective|p2a: Trap Queen\n|-supereffective|p2b: Le Fishe Au Magma\n|-damage|p2a: Trap Queen|0 fnt\n|-damage|p2b: Le Fishe Au Magma|0 fnt\n|faint|p2a: Trap Queen\n|faint|p2b: Le Fishe Au Magma\n|\n|-weather|Sandstorm|[upkeep]\n|upkeep\n|\n|t:|1700529127\n|switch|p2b: Disco King|Kommo-o, M|100\/100\n|switch|p2a: Cup of Cancer|Sinistcha|100\/100\n|turn|2\n|\n|t:|1700529154\n|switch|p1b: Amoonguss|Amoonguss, M|100\/100\n|move|p2b: Disco King|Iron Head|p1a: Tyranitar|[miss]\n|-miss|p2b: Disco King|p1a: Tyranitar\n|move|p2a: Cup of Cancer|Matcha Gotcha|p1b: Amoonguss|[spread] p1a,p1b\n|-supereffective|p1a: Tyranitar\n|-resisted|p1b: Amoonguss\n|-damage|p1a: Tyranitar|62\/100\n|-damage|p1b: Amoonguss|94\/100\n|move|p1a: Tyranitar|Crunch|p2a: Cup of Cancer\n|-supereffective|p2a: Cup of Cancer\n|-damage|p2a: Cup of Cancer|20\/100\n|\n|-weather|Sandstorm|[upkeep]\n|-damage|p2b: Disco King|94\/100|[from] Sandstorm\n|-damage|p2a: Cup of Cancer|14\/100|[from] Sandstorm\n|-damage|p1b: Amoonguss|88\/100|[from] Sandstorm\n|-heal|p2a: Cup of Cancer|20\/100|[from] item: Leftovers\n|-heal|p1b: Amoonguss|94\/100|[from] item: Leftovers\n|upkeep\n|turn|3\n|\n|t:|1700529169\n|switch|p2a: Backup Dancer|Oricorio-Pom-Pom, M|100\/100\n|move|p1a: Tyranitar|Protect|p1a: Tyranitar\n|-singleturn|p1a: Tyranitar|Protect\n|move|p2b: Disco King|Clangorous Soul|p2b: Disco King\n|-boost|p2b: Disco King|atk|1\n|-boost|p2b: Disco King|def|1\n|-boost|p2b: Disco King|spa|1\n|-boost|p2b: Disco King|spd|1\n|-boost|p2b: Disco King|spe|1\n|-damage|p2b: Disco King|61\/100\n|-activate|p2a: Backup Dancer|ability: Dancer\n|move|p2a: Backup Dancer|Clangorous Soul|p2a: Backup Dancer|[from]ability: Dancer\n|-boost|p2a: Backup Dancer|atk|1\n|-boost|p2a: Backup Dancer|def|1\n|-boost|p2a: Backup Dancer|spa|1\n|-boost|p2a: Backup Dancer|spd|1\n|-boost|p2a: Backup Dancer|spe|1\n|-damage|p2a: Backup Dancer|68\/100\n|move|p1b: Amoonguss|Toxic|p2b: Disco King\n|-status|p2b: Disco King|tox\n|\n|-weather|Sandstorm|[upkeep]\n|-damage|p2b: Disco King|55\/100 tox|[from] Sandstorm\n|-damage|p2a: Backup Dancer|62\/100|[from] Sandstorm\n|-damage|p1b: Amoonguss|88\/100|[from] Sandstorm\n|-heal|p2a: Backup Dancer|68\/100|[from] item: Leftovers\n|-heal|p1b: Amoonguss|94\/100|[from] item: Leftovers\n|-damage|p2b: Disco King|49\/100 tox|[from] psn\n|upkeep\n|turn|4\n|\n|t:|1700529190\n|move|p1b: Amoonguss|Protect|p1b: Amoonguss\n|-singleturn|p1b: Amoonguss|Protect\n|move|p2b: Disco King|Drain Punch|p1a: Tyranitar\n|-supereffective|p1a: Tyranitar\n|-damage|p1a: Tyranitar|0 fnt\n|-heal|p2b: Disco King|88\/100 tox|[from] drain|[of] p1a: Tyranitar\n|faint|p1a: Tyranitar\n|move|p2a: Backup Dancer|Air Slash|p1b: Amoonguss\n|-activate|p1b: Amoonguss|move: Protect\n|\n|-weather|Sandstorm|[upkeep]\n|-damage|p2b: Disco King|82\/100 tox|[from] Sandstorm\n|-damage|p2a: Backup Dancer|62\/100|[from] Sandstorm\n|-damage|p1b: Amoonguss|88\/100|[from] Sandstorm\n|-heal|p2a: Backup Dancer|68\/100|[from] item: Leftovers\n|-heal|p1b: Amoonguss|94\/100|[from] item: Leftovers\n|-damage|p2b: Disco King|70\/100 tox|[from] psn\n|-sideend|p2: reposefulpallas|move: Tailwind\n|upkeep\n|\n|t:|1700529204\n|switch|p1a: Garchomp|Garchomp, F|6\/100\n|turn|5\n|\n|t:|1700529210\n|move|p2b: Disco King|Drain Punch|p1a: Garchomp\n|-damage|p1a: Garchomp|0 fnt\n|-heal|p2b: Disco King|73\/100 tox|[from] drain|[of] p1a: Garchomp\n|faint|p1a: Garchomp\n|move|p2a: Backup Dancer|Air Slash|p1b: Amoonguss\n|-supereffective|p1b: Amoonguss\n|-damage|p1b: Amoonguss|0 fnt\n|faint|p1b: Amoonguss\n|\n|-weather|none\n|-heal|p2a: Backup Dancer|74\/100|[from] item: Leftovers\n|-damage|p2b: Disco King|55\/100 tox|[from] psn\n|upkeep\n|\n|t:|1700529219\n|switch|p1a: Kingambit|Kingambit, F|100\/100\n|switch|p1b: Gardevoir|Gardevoir, F|100\/100\n|turn|6\n|\n|t:|1700529229\n|-terastallize|p1a: Kingambit|Dark\n|move|p1a: Kingambit|Sucker Punch|p2b: Disco King\n|-resisted|p2b: Disco King\n|-damage|p2b: Disco King|27\/100 tox\n|move|p2b: Disco King|Drain Punch|p1a: Kingambit\n|-supereffective|p1a: Kingambit\n|-damage|p1a: Kingambit|31\/100\n|-heal|p2b: Disco King|71\/100 tox|[from] drain|[of] p1a: Kingambit\n|move|p2a: Backup Dancer|Quiver Dance|p2a: Backup Dancer\n|-boost|p2a: Backup Dancer|spa|1\n|-boost|p2a: Backup Dancer|spd|1\n|-boost|p2a: Backup Dancer|spe|1\n|move|p1b: Gardevoir|Mystical Fire|p2a: Backup Dancer\n|-damage|p2a: Backup Dancer|52\/100\n|-unboost|p2a: Backup Dancer|spa|1\n|\n|-heal|p2a: Backup Dancer|58\/100|[from] item: Leftovers\n|-damage|p2b: Disco King|47\/100 tox|[from] psn\n|upkeep\n|turn|7\n|-message|Kurs8it forfeited.\n|\n|win|reposefulpallas\n|raw|Kurs8it's rating: 1516 &rarr; <strong>1498<\/strong><br \/>(-18 for losing)\n|raw|reposefulpallas's rating: 1546 &rarr; <strong>1564<\/strong><br \/>(+18 for winning)\n|l|\u2606Kurs8it\n|l|\u2606reposefulpallas\n|j|\u2606reposefulpallas\n|player|p2|reposefulpallas|psychic-gen3\n","uploadtime":1700529441,"views":17,"p1id":"kurs8it","p2id":"reposefulpallas","formatid":"gen9doublesou","rating":1498,"private":0,"password":""}