{"id":"gen9doublesou-1993006830","p1":"its-sam87","p2":"Inimicus2000","format":"[Gen 9] Doubles OU","log":"|j|\u2606its-sam87\n|j|\u2606Inimicus2000\n|t:|1700254852\n|gametype|doubles\n|player|p1|its-sam87|acetrainer-gen2|1528\n|player|p2|Inimicus2000|169|1435\n|teamsize|p1|6\n|teamsize|p2|6\n|gen|9\n|tier|[Gen 9] Doubles OU\n|rated|\n|rule|Species Clause: Limit one of each Pok\u00e9mon\n|rule|OHKO Clause: OHKO moves are banned\n|rule|Evasion Moves Clause: Evasion moves are banned\n|rule|Gravity Sleep Clause: The combination of sleep-inducing moves with imperfect accuracy and Gravity or Gigantamax Orbeetle are banned\n|rule|Endless Battle Clause: Forcing endless battles is banned\n|rule|HP Percentage Mod: HP is shown in percentages\n|clearpoke\n|poke|p1|Tornadus, M|\n|poke|p1|Amoonguss, M|\n|poke|p1|Basculegion-F, F|\n|poke|p1|Pelipper, F|\n|poke|p1|Palafin, M|\n|poke|p1|Regieleki|\n|poke|p2|Roaring Moon|\n|poke|p2|Flutter Mane|\n|poke|p2|Walking Wake|\n|poke|p2|Torkoal, F|\n|poke|p2|Volcarona, F|\n|poke|p2|Chi-Yu|\n|teampreview\n|inactive|Battle timer is ON: inactive players will automatically lose when time's up. (requested by Inimicus2000)\n|inactive|its-sam87 also wants the timer to be on.\n|c|\u2606its-sam87|gl hf\n|c|\u2606Inimicus2000|u 2\n|inactive|its-sam87 has 120 seconds left.\n|\n|t:|1700254903\n|start\n|switch|p1a: Tornadus|Tornadus, M, shiny|100\/100\n|switch|p1b: Palafin|Palafin, M|100\/100\n|switch|p2a: Torkoal|Torkoal, F, shiny|100\/100\n|switch|p2b: Volcarona|Volcarona, F|100\/100\n|-weather|SunnyDay|[from] ability: Drought|[of] p2a: Torkoal\n|turn|1\n|\n|t:|1700254930\n|detailschange|p1b: Palafin|Palafin-Hero, M\n|switch|p1b: Amoonguss|Amoonguss, M, shiny|100\/100\n|-terastallize|p2b: Volcarona|Water\n|move|p1a: Tornadus|Rain Dance|p1a: Tornadus\n|-weather|RainDance\n|move|p2b: Volcarona|Quiver Dance|p2b: Volcarona\n|-boost|p2b: Volcarona|spa|1\n|-boost|p2b: Volcarona|spd|1\n|-boost|p2b: Volcarona|spe|1\n|move|p2a: Torkoal|Will-O-Wisp|p1a: Tornadus\n|-status|p1a: Tornadus|brn\n|\n|-weather|RainDance|[upkeep]\n|-damage|p1a: Tornadus|94\/100 brn|[from] brn\n|upkeep\n|turn|2\n|\n|t:|1700254951\n|switch|p2a: Walking Wake|Walking Wake|100\/100\n|move|p1a: Tornadus|Taunt|p2b: Volcarona\n|-start|p2b: Volcarona|move: Taunt\n|cant|p2b: Volcarona|move: Taunt|Quiver Dance\n|move|p1b: Amoonguss|Spore|p2a: Walking Wake\n|-status|p2a: Walking Wake|slp|[from] move: Spore\n|\n|-weather|RainDance|[upkeep]\n|-damage|p1a: Tornadus|88\/100 brn|[from] brn\n|upkeep\n|turn|3\n|\n|t:|1700254971\n|-end|p2a: Walking Wake|Protosynthesis|[silent]\n|switch|p2a: Torkoal|Torkoal, F, shiny|100\/100\n|-weather|SunnyDay|[from] ability: Drought|[of] p2a: Torkoal\n|switch|p1a: Regieleki|Regieleki, shiny|100\/100\n|move|p1b: Amoonguss|Rage Powder|p1b: Amoonguss\n|-singleturn|p1b: Amoonguss|move: Rage Powder\n|move|p2b: Volcarona|Heat Wave|p1a: Regieleki|[spread] p1a,p1b\n|-supereffective|p1b: Amoonguss\n|-damage|p1a: Regieleki|0 fnt\n|-damage|p1b: Amoonguss|0 fnt\n|faint|p1a: Regieleki\n|faint|p1b: Amoonguss\n|-damage|p2b: Volcarona|91\/100|[from] item: Life Orb\n|\n|-weather|SunnyDay|[upkeep]\n|upkeep\n|\n|t:|1700254984\n|switch|p1a: Palafin|Palafin-Hero, M|100\/100\n|switch|p1b: Pelipper|Pelipper, F, shiny|100\/100\n|-activate|p1a: Palafin|ability: Zero to Hero\n|-weather|RainDance|[from] ability: Drizzle|[of] p1b: Pelipper\n|turn|4\n|\n|t:|1700255000\n|switch|p2a: Walking Wake|Walking Wake|100\/100 slp\n|move|p2b: Volcarona|Heat Wave|p1a: Palafin|[spread] p1a,p1b\n|-resisted|p1a: Palafin\n|-resisted|p1b: Pelipper\n|-damage|p1a: Palafin|81\/100\n|-damage|p1b: Pelipper|71\/100\n|-damage|p2b: Volcarona|81\/100|[from] item: Life Orb\n|move|p1a: Palafin|Wave Crash|p2b: Volcarona\n|-resisted|p2b: Volcarona\n|-crit|p2b: Volcarona\n|-damage|p2b: Volcarona|0 fnt\n|faint|p2b: Volcarona\n|-damage|p1a: Palafin|61\/100|[from] Recoil\n|move|p1b: Pelipper|U-turn|p2a: Walking Wake\n|-damage|p2a: Walking Wake|91\/100 slp\n|\n|t:|1700255014\n|switch|p1b: Basculegion|Basculegion-F, F|100\/100|[from] U-turn\n|\n|-weather|RainDance|[upkeep]\n|upkeep\n|\n|t:|1700255018\n|switch|p2b: Torkoal|Torkoal, F, shiny|100\/100\n|-weather|SunnyDay|[from] ability: Drought|[of] p2b: Torkoal\n|-activate|p2a: Walking Wake|ability: Protosynthesis\n|-start|p2a: Walking Wake|protosynthesisspe\n|turn|5\n|\n|t:|1700255028\n|switch|p1a: Pelipper|Pelipper, F, shiny|71\/100\n|-weather|RainDance|[from] ability: Drizzle|[of] p1a: Pelipper\n|-end|p2a: Walking Wake|Protosynthesis\n|switch|p2b: Roaring Moon|Roaring Moon, shiny|100\/100\n|-terastallize|p1b: Basculegion|Ghost\n|move|p1b: Basculegion|Last Respects|p2a: Walking Wake\n|-damage|p2a: Walking Wake|0 fnt\n|faint|p2a: Walking Wake\n|-end|p2a: Walking Wake|Protosynthesis|[silent]\n|\n|-weather|RainDance|[upkeep]\n|upkeep\n|\n|t:|1700255040\n|switch|p2a: Torkoal|Torkoal, F, shiny|100\/100\n|-weather|SunnyDay|[from] ability: Drought|[of] p2a: Torkoal\n|-activate|p2b: Roaring Moon|ability: Protosynthesis\n|-start|p2b: Roaring Moon|protosynthesisspe\n|turn|6\n|\n|t:|1700255055\n|switch|p1b: Tornadus|Tornadus, M, shiny|88\/100 brn\n|switch|p2a: Flutter Mane|Flutter Mane|100\/100\n|-activate|p2a: Flutter Mane|ability: Protosynthesis\n|-start|p2a: Flutter Mane|protosynthesisspe\n|move|p2b: Roaring Moon|Outrage|p1b: Tornadus\n|-damage|p1b: Tornadus|13\/100 brn\n|-damage|p2b: Roaring Moon|91\/100|[from] item: Life Orb\n|move|p1a: Pelipper|U-turn|p2b: Roaring Moon\n|-supereffective|p2b: Roaring Moon\n|-damage|p2b: Roaring Moon|66\/100\n|\n|t:|1700255068\n|switch|p1a: Basculegion|Basculegion-F, F, tera:Ghost|100\/100|[from] U-turn\n|\n|-weather|SunnyDay|[upkeep]\n|-damage|p1b: Tornadus|7\/100 brn|[from] brn\n|upkeep\n|turn|7\n|\n|t:|1700255076\n|move|p1b: Tornadus|Rain Dance|p1b: Tornadus\n|-weather|RainDance\n|-end|p2a: Flutter Mane|Protosynthesis\n|-end|p2b: Roaring Moon|Protosynthesis\n|move|p1a: Basculegion|Last Respects|p2a: Flutter Mane\n|-supereffective|p2a: Flutter Mane\n|-damage|p2a: Flutter Mane|0 fnt\n|faint|p2a: Flutter Mane\n|-end|p2a: Flutter Mane|Protosynthesis|[silent]\n|move|p2b: Roaring Moon|Outrage|p1a: Basculegion|[from]lockedmove\n|-damage|p1a: Basculegion|2\/100\n|-damage|p2b: Roaring Moon|56\/100|[from] item: Life Orb\n|\n|-weather|RainDance|[upkeep]\n|-damage|p1b: Tornadus|0 fnt|[from] brn\n|faint|p1b: Tornadus\n|upkeep\n|\n|t:|1700255089\n|switch|p2a: Torkoal|Torkoal, F, shiny|100\/100\n|switch|p1b: Palafin|Palafin-Hero, M|61\/100\n|-weather|SunnyDay|[from] ability: Drought|[of] p2a: Torkoal\n|-activate|p2b: Roaring Moon|ability: Protosynthesis\n|-start|p2b: Roaring Moon|protosynthesisspe\n|turn|8\n|\n|t:|1700255095\n|switch|p1b: Pelipper|Pelipper, F, shiny|71\/100\n|-weather|RainDance|[from] ability: Drizzle|[of] p1b: Pelipper\n|-end|p2b: Roaring Moon|Protosynthesis\n|switch|p2a: Chi-Yu|Chi-Yu|100\/100\n|-ability|p2a: Chi-Yu|Beads of Ruin\n|move|p1a: Basculegion|Last Respects|p2b: Roaring Moon\n|-resisted|p2b: Roaring Moon\n|-damage|p2b: Roaring Moon|0 fnt\n|faint|p2b: Roaring Moon\n|-end|p2b: Roaring Moon|Protosynthesis|[silent]\n|\n|-weather|RainDance|[upkeep]\n|upkeep\n|\n|t:|1700255105\n|switch|p2b: Torkoal|Torkoal, F, shiny|100\/100\n|-weather|SunnyDay|[from] ability: Drought|[of] p2b: Torkoal\n|turn|9\n|inactive|Inimicus2000 has 120 seconds left.\n|c|\u2606its-sam87|ur rlly good at handling rain teams\n|\n|t:|1700255140\n|switch|p1b: Palafin|Palafin-Hero, M|61\/100\n|move|p2a: Chi-Yu|Heat Wave|p1a: Basculegion|[spread] p1a,p1b\n|-resisted|p1b: Palafin\n|-crit|p1b: Palafin\n|-damage|p1a: Basculegion|0 fnt\n|-damage|p1b: Palafin|5\/100\n|faint|p1a: Basculegion\n|move|p2b: Torkoal|Will-O-Wisp|p1b: Palafin\n|-status|p1b: Palafin|brn\n|\n|-weather|SunnyDay|[upkeep]\n|-damage|p1b: Palafin|0 fnt|[from] brn\n|faint|p1b: Palafin\n|upkeep\n|\n|t:|1700255152\n|switch|p1b: Pelipper|Pelipper, F, shiny|71\/100\n|-weather|RainDance|[from] ability: Drizzle|[of] p1b: Pelipper\n|turn|10\n|\n|t:|1700255163\n|move|p2a: Chi-Yu|Heat Wave|p1b: Pelipper\n|-resisted|p1b: Pelipper\n|-damage|p1b: Pelipper|49\/100\n|move|p1b: Pelipper|Hydro Pump|p2a: Chi-Yu\n|-supereffective|p2a: Chi-Yu\n|-damage|p2a: Chi-Yu|0 fnt\n|faint|p2a: Chi-Yu\n|move|p2b: Torkoal|Rapid Spin|p1b: Pelipper\n|-damage|p1b: Pelipper|42\/100\n|-boost|p2b: Torkoal|spe|1\n|\n|-weather|RainDance|[upkeep]\n|upkeep\n|turn|11\n|\n|t:|1700255174\n|move|p1b: Pelipper|Hydro Pump|p2b: Torkoal\n|-supereffective|p2b: Torkoal\n|-damage|p2b: Torkoal|1\/100\n|move|p2b: Torkoal|Will-O-Wisp|p1b: Pelipper\n|-status|p1b: Pelipper|brn\n|\n|-weather|RainDance|[upkeep]\n|-damage|p1b: Pelipper|36\/100 brn|[from] brn\n|upkeep\n|turn|12\n|\n|t:|1700255181\n|move|p1b: Pelipper|U-turn|p2b: Torkoal\n|-resisted|p2b: Torkoal\n|-damage|p2b: Torkoal|0 fnt\n|faint|p2b: Torkoal\n|\n|win|its-sam87\n|raw|its-sam87's rating: 1528 &rarr; <strong>1543<\/strong><br \/>(+15 for winning)\n|raw|Inimicus2000's rating: 1435 &rarr; <strong>1420<\/strong><br \/>(-15 for losing)\n|l|\u2606Inimicus2000\n|c|\u2606its-sam87|gg\n","uploadtime":1700255197,"views":7,"p1id":"itssam87","p2id":"inimicus2000","formatid":"gen9doublesou","rating":1420,"private":0,"password":""}