{"id":"gen9doublesou-1979980292","p1":"Metal Jester","p2":"aquahabanero","format":"[Gen 9] Doubles OU","log":"|j|\u2606Metal Jester\n|j|\u2606aquahabanero\n|t:|1698741106\n|gametype|doubles\n|player|p1|Metal Jester|guitarist|1259\n|player|p2|aquahabanero|102|1117\n|teamsize|p1|6\n|teamsize|p2|6\n|gen|9\n|tier|[Gen 9] Doubles OU\n|rated|\n|rule|Species Clause: Limit one of each Pok\u00e9mon\n|rule|OHKO Clause: OHKO moves are banned\n|rule|Evasion Moves Clause: Evasion moves are banned\n|rule|Gravity Sleep Clause: The combination of sleep-inducing moves with imperfect accuracy and Gravity or Gigantamax Orbeetle are banned\n|rule|Endless Battle Clause: Forcing endless battles is banned\n|rule|HP Percentage Mod: HP is shown in percentages\n|clearpoke\n|poke|p1|Tornadus, M|\n|poke|p1|Stonjourner, M|\n|poke|p1|Flutter Mane|\n|poke|p1|Iron Hands|\n|poke|p1|Landorus-Therian, M|\n|poke|p1|Chien-Pao|\n|poke|p2|Empoleon, M|\n|poke|p2|Clefable, F|\n|poke|p2|Wyrdeer, M|\n|poke|p2|Okidogi, M|\n|poke|p2|Milotic, M|\n|poke|p2|Ninetales-Alola, M|\n|teampreview\n|inactive|Battle timer is ON: inactive players will automatically lose when time's up. (requested by Metal Jester)\n|\n|t:|1698741122\n|start\n|switch|p1a: Tornadus|Tornadus, M|100\/100\n|switch|p1b: Landorus|Landorus-Therian, M|100\/100\n|switch|p2a: Wyrdeer|Wyrdeer, M|100\/100\n|switch|p2b: Okidogi|Okidogi, M|100\/100\n|-ability|p1b: Landorus|Intimidate|boost\n|-unboost|p2a: Wyrdeer|atk|1\n|-enditem|p2a: Wyrdeer|Eject Pack\n|-ability|p2b: Okidogi|Guard Dog|boost\n|-boost|p2b: Okidogi|atk|1\n|\n|t:|1698741137\n|switch|p2a: Clefable|Clefable, F|100\/100\n|turn|1\n|\n|t:|1698741157\n|switch|p2a: Wyrdeer|Wyrdeer, M|100\/100\n|-ability|p2a: Wyrdeer|Intimidate|boost\n|-unboost|p1a: Tornadus|atk|1\n|-unboost|p1b: Landorus|atk|1\n|move|p1a: Tornadus|Tailwind|p1a: Tornadus\n|-sidestart|p1: Metal Jester|move: Tailwind\n|move|p1b: Landorus|Earthquake|p2b: Okidogi|[spread] p2a,p2b\n|-immune|p1a: Tornadus\n|-supereffective|p2b: Okidogi\n|-damage|p2a: Wyrdeer|63\/100\n|-damage|p2b: Okidogi|26\/100\n|-damage|p1b: Landorus|91\/100|[from] item: Life Orb\n|move|p2b: Okidogi|Thunder Punch|p1a: Tornadus\n|-supereffective|p1a: Tornadus\n|-damage|p1a: Tornadus|0 fnt\n|faint|p1a: Tornadus\n|-damage|p2b: Okidogi|16\/100|[from] item: Life Orb\n|\n|upkeep\n|\n|t:|1698741178\n|switch|p1a: Chien-Pao|Chien-Pao|100\/100\n|-ability|p1a: Chien-Pao|Sword of Ruin\n|turn|2\n|\n|t:|1698741191\n|move|p1a: Chien-Pao|Icicle Crash|p2a: Wyrdeer|[miss]\n|-miss|p1a: Chien-Pao|p2a: Wyrdeer\n|move|p1b: Landorus|Tera Blast|p2b: Okidogi\n|-damage|p2b: Okidogi|0 fnt\n|faint|p2b: Okidogi\n|-damage|p1b: Landorus|81\/100|[from] item: Life Orb\n|move|p2a: Wyrdeer|Skill Swap|p1b: Landorus\n|-activate|p2a: Wyrdeer|move: Skill Swap|Intimidate|Intimidate|[of] p1b: Landorus\n|-ability|p2a: Wyrdeer|Intimidate|boost\n|-unboost|p1a: Chien-Pao|atk|1\n|-unboost|p1b: Landorus|atk|1\n|-ability|p1b: Landorus|Intimidate|boost\n|-unboost|p2a: Wyrdeer|atk|1\n|\n|upkeep\n|\n|t:|1698741203\n|switch|p2b: Empoleon|Empoleon, M|100\/100\n|turn|3\n|\n|t:|1698741215\n|switch|p1a: Iron Hands|Iron Hands|100\/100\n|switch|p1b: Stonjourner|Stonjourner, M, shiny|100\/100\n|move|p2a: Wyrdeer|Skill Swap|p1b: Stonjourner\n|-activate|p2a: Wyrdeer|move: Skill Swap|Power Spot|Intimidate|[of] p1b: Stonjourner\n|-ability|p1b: Stonjourner|Intimidate|boost\n|-unboost|p2a: Wyrdeer|atk|1\n|-unboost|p2b: Empoleon|atk|1\n|-ability|p2b: Empoleon|Competitive|boost\n|-boost|p2b: Empoleon|spa|2\n|move|p2b: Empoleon|Blizzard|p1b: Stonjourner|[spread] p1a,p1b\n|-damage|p1a: Iron Hands|60\/100\n|-damage|p1b: Stonjourner|0 fnt\n|faint|p1b: Stonjourner\n|\n|upkeep\n|\n|t:|1698741223\n|switch|p1b: Landorus|Landorus-Therian, M|81\/100\n|-ability|p1b: Landorus|Intimidate|boost\n|-unboost|p2a: Wyrdeer|atk|1\n|-unboost|p2b: Empoleon|atk|1\n|-ability|p2b: Empoleon|Competitive|boost\n|-boost|p2b: Empoleon|spa|2\n|turn|4\n|inactive|aquahabanero has 120 seconds left.\n|\n|t:|1698741254\n|switch|p2a: Ninetales|Ninetales-Alola, M|100\/100\n|-weather|Snow|[from] ability: Snow Warning|[of] p2a: Ninetales\n|move|p1b: Landorus|Rock Slide|p2a: Ninetales|[spread] p2a,p2b\n|-supereffective|p2a: Ninetales\n|-resisted|p2b: Empoleon\n|-damage|p2a: Ninetales|43\/100\n|-damage|p2b: Empoleon|85\/100\n|-damage|p1b: Landorus|71\/100|[from] item: Life Orb\n|move|p1a: Iron Hands|Close Combat|p2b: Empoleon\n|-supereffective|p2b: Empoleon\n|-damage|p2b: Empoleon|0 fnt\n|-unboost|p1a: Iron Hands|def|1\n|-unboost|p1a: Iron Hands|spd|1\n|faint|p2b: Empoleon\n|\n|-weather|Snow|[upkeep]\n|-sideend|p1: Metal Jester|move: Tailwind\n|upkeep\n|inactive|aquahabanero has 120 seconds left.\n|\n|t:|1698741266\n|switch|p2b: Milotic|Milotic, M|100\/100\n|turn|5\n|-message|aquahabanero forfeited.\n|\n|win|Metal Jester\n|raw|Metal Jester's rating: 1259 &rarr; <strong>1274<\/strong><br \/>(+15 for winning)\n|raw|aquahabanero's rating: 1117 &rarr; <strong>1102<\/strong><br \/>(-15 for losing)\n|l|\u2606aquahabanero\n","uploadtime":1698741273,"views":25,"p1id":"metaljester","p2id":"aquahabanero","formatid":"gen9doublesou","rating":1102,"private":0,"password":""}