{"id":"gen9doublesou-1988592172","p1":"Megatoxicroak101","p2":"penguinking132","format":"[Gen 9] Doubles OU","log":"|j|\u2606Megatoxicroak101\n|j|\u2606penguinking132\n|t:|1699739664\n|gametype|doubles\n|player|p1|Megatoxicroak101|brycenman|1375\n|player|p2|penguinking132|burglar|1424\n|teamsize|p1|6\n|teamsize|p2|6\n|gen|9\n|tier|[Gen 9] Doubles OU\n|rated|\n|rule|Species Clause: Limit one of each Pok\u00e9mon\n|rule|OHKO Clause: OHKO moves are banned\n|rule|Evasion Moves Clause: Evasion moves are banned\n|rule|Gravity Sleep Clause: The combination of sleep-inducing moves with imperfect accuracy and Gravity or Gigantamax Orbeetle are banned\n|rule|Endless Battle Clause: Forcing endless battles is banned\n|rule|HP Percentage Mod: HP is shown in percentages\n|clearpoke\n|poke|p1|Sneasler, M|\n|poke|p1|Indeedee, M|\n|poke|p1|Thundurus, M|\n|poke|p1|Regieleki|\n|poke|p1|Arcanine-Hisui, F|\n|poke|p1|Garchomp, F|\n|poke|p2|Ursaluna-Bloodmoon, M|\n|poke|p2|Chi-Yu|\n|poke|p2|Iron Hands|\n|poke|p2|Amoonguss, M|\n|poke|p2|Cresselia, F|\n|poke|p2|Ogerpon-Hearthflame, F|\n|teampreview\n|inactive|Battle timer is ON: inactive players will automatically lose when time's up. (requested by Megatoxicroak101)\n|\n|t:|1699739682\n|start\n|switch|p1a: Indeedee|Indeedee, M|100\/100\n|switch|p1b: Regieleki|Regieleki, shiny|100\/100\n|switch|p2a: Cresselia|Cresselia, F|100\/100\n|switch|p2b: Amoonguss|Amoonguss, M|100\/100\n|-fieldstart|move: Psychic Terrain|[from] ability: Psychic Surge|[of] p1a: Indeedee\n|turn|1\n|\n|t:|1699739696\n|-terastallize|p1b: Regieleki|Ice\n|move|p2b: Amoonguss|Rage Powder|p2b: Amoonguss\n|-singleturn|p2b: Amoonguss|move: Rage Powder\n|move|p1b: Regieleki|Tera Blast|p2b: Amoonguss|[anim] Tera Blast Ice\n|-supereffective|p2b: Amoonguss\n|-damage|p2b: Amoonguss|30\/100\n|move|p1a: Indeedee|Imprison|p1a: Indeedee\n|-start|p1a: Indeedee|move: Imprison\n|cant|p2a: Cresselia|move: Imprison|Trick Room\n|\n|upkeep\n|turn|2\n|c|\u2606penguinking132|hah thats a smart counter\n|inactive|penguinking132 has 120 seconds left.\n|\n|t:|1699739728\n|move|p1b: Regieleki|Volt Switch|p2a: Cresselia\n|-damage|p2a: Cresselia|76\/100\n|inactive|Megatoxicroak101 has 120 seconds left.\n|\n|t:|1699739738\n|switch|p1b: Mega toxicroak|Sneasler, M, shiny|100\/100|[from] Volt Switch\n|-enditem|p1b: Mega toxicroak|Psychic Seed\n|-boost|p1b: Mega toxicroak|spd|1|[from] item: Psychic Seed\n|move|p1a: Indeedee|Psyshock|p2b: Amoonguss\n|-supereffective|p2b: Amoonguss\n|-damage|p2b: Amoonguss|0 fnt\n|faint|p2b: Amoonguss\n|-damage|p1a: Indeedee|91\/100|[from] item: Life Orb\n|move|p2a: Cresselia|Lunar Blessing|p2a: Cresselia\n|-heal|p2a: Cresselia|100\/100\n|\n|upkeep\n|inactive|penguinking132 has 120 seconds left.\n|\n|t:|1699739749\n|switch|p2b: Ogerpon|Ogerpon-Hearthflame, F|100\/100\n|-ability|p2b: Ogerpon|Mold Breaker\n|turn|3\n|\n|t:|1699739773\n|-terastallize|p2b: Ogerpon|Fire\n|detailschange|p2b: Ogerpon|Ogerpon-Hearthflame-Tera, F, tera:Fire\n|-ability|p2b: Ogerpon|Embody Aspect (Hearthflame)|boost\n|-boost|p2b: Ogerpon|atk|1\n|move|p1b: Mega toxicroak|Dire Claw|p2a: Cresselia\n|-damage|p2a: Cresselia|70\/100\n|move|p2b: Ogerpon|Knock Off|p1a: Indeedee\n|-supereffective|p1a: Indeedee\n|-damage|p1a: Indeedee|0 fnt\n|-enditem|p1a: Indeedee|Life Orb|[from] move: Knock Off|[of] p2b: Ogerpon\n|faint|p1a: Indeedee\n|move|p2a: Cresselia|Thunderbolt|p1b: Mega toxicroak\n|-damage|p1b: Mega toxicroak|81\/100\n|\n|-heal|p2a: Cresselia|76\/100|[from] item: Leftovers\n|upkeep\n|\n|t:|1699739787\n|switch|p1a: Garchomp|Garchomp, F|100\/100\n|turn|4\n|\n|t:|1699739809\n|switch|p1b: Thundurus|Thundurus, M|100\/100\n|move|p2b: Ogerpon|Ivy Cudgel|p1b: Thundurus\n|-crit|p1b: Thundurus\n|-damage|p1b: Thundurus|0 fnt\n|faint|p1b: Thundurus\n|move|p1a: Garchomp|Rock Slide|p2b: Ogerpon|[spread] p2a,p2b\n|-supereffective|p2b: Ogerpon\n|-damage|p2a: Cresselia|62\/100\n|-damage|p2b: Ogerpon|53\/100\n|cant|p2a: Cresselia|flinch\n|\n|-heal|p2a: Cresselia|68\/100|[from] item: Leftovers\n|upkeep\n|\n|t:|1699739821\n|switch|p1b: Arcanine|Arcanine-Hisui, F|100\/100\n|turn|5\n|\n|t:|1699739833\n|move|p2b: Ogerpon|Horn Leech|p1b: Arcanine\n|-damage|p1b: Arcanine|18\/100\n|-heal|p2b: Ogerpon|98\/100|[from] drain|[of] p1b: Arcanine\n|move|p1a: Garchomp|Rock Slide|p2b: Ogerpon|[spread] p2b\n|-miss|p1a: Garchomp|p2a: Cresselia\n|-supereffective|p2b: Ogerpon\n|-damage|p2b: Ogerpon|48\/100\n|move|p1b: Arcanine|Head Smash|p2a: Cresselia\n|-damage|p2a: Cresselia|6\/100\n|-damage|p1b: Arcanine|8\/100|[from] item: Life Orb\n|move|p2a: Cresselia|Lunar Blessing|p2a: Cresselia|[spread] p2a,p2b\n|-heal|p2a: Cresselia|31\/100\n|-heal|p2b: Ogerpon|73\/100\n|\n|-heal|p2a: Cresselia|37\/100|[from] item: Leftovers\n|-fieldend|move: Psychic Terrain\n|upkeep\n|turn|6\n|\n|t:|1699739854\n|move|p2b: Ogerpon|Horn Leech|p1a: Garchomp\n|-damage|p1a: Garchomp|32\/100\n|-heal|p2b: Ogerpon|100\/100|[from] drain|[of] p1a: Garchomp\n|-damage|p2b: Ogerpon|88\/100|[from] ability: Rough Skin|[of] p1a: Garchomp\n|-damage|p2b: Ogerpon|72\/100|[from] item: Rocky Helmet|[of] p1a: Garchomp\n|move|p1a: Garchomp|Rock Slide|p2b: Ogerpon|[spread] p2b\n|-miss|p1a: Garchomp|p2a: Cresselia\n|-supereffective|p2b: Ogerpon\n|-damage|p2b: Ogerpon|23\/100\n|move|p1b: Arcanine|Head Smash|p2a: Cresselia\n|-damage|p2a: Cresselia|0 fnt\n|faint|p2a: Cresselia\n|-damage|p1b: Arcanine|0 fnt|[from] item: Life Orb\n|faint|p1b: Arcanine\n|\n|upkeep\n|\n|t:|1699739867\n|switch|p1b: Regieleki|Regieleki, shiny, tera:Ice|100\/100\n|switch|p2a: Iron Hands|Iron Hands|100\/100\n|turn|7\n|\n|t:|1699739878\n|move|p1b: Regieleki|Protect|p1b: Regieleki\n|-singleturn|p1b: Regieleki|Protect\n|move|p2a: Iron Hands|Fake Out|p1b: Regieleki\n|-activate|p1b: Regieleki|move: Protect\n|move|p2b: Ogerpon|Ivy Cudgel|p1b: Regieleki\n|-activate|p1b: Regieleki|move: Protect\n|move|p1a: Garchomp|Earthquake|p2a: Iron Hands|[spread] p2a,p2b\n|-activate|p1b: Regieleki|move: Protect\n|-supereffective|p2a: Iron Hands\n|-supereffective|p2b: Ogerpon\n|-damage|p2a: Iron Hands|48\/100\n|-damage|p2b: Ogerpon|0 fnt\n|faint|p2b: Ogerpon\n|\n|upkeep\n|\n|t:|1699739881\n|switch|p2b: Chi-Yu|Chi-Yu|100\/100\n|-ability|p2b: Chi-Yu|Beads of Ruin\n|turn|8\n|c|\u2606penguinking132|ok fair i got greedy\n|\n|t:|1699739901\n|move|p1b: Regieleki|Thunderbolt|p2b: Chi-Yu\n|-damage|p2b: Chi-Yu|38\/100\n|move|p1a: Garchomp|Earthquake|p2b: Chi-Yu|[spread] p1b,p2a,p2b\n|-supereffective|p2a: Iron Hands\n|-supereffective|p2b: Chi-Yu\n|-crit|p2b: Chi-Yu\n|-damage|p1b: Regieleki|28\/100\n|-damage|p2a: Iron Hands|0 fnt\n|-damage|p2b: Chi-Yu|0 fnt\n|faint|p2a: Iron Hands\n|-end|p2a: Iron Hands|Quark Drive|[silent]\n|faint|p2b: Chi-Yu\n|\n|upkeep\n|\n|t:|1699739907\n|switch|p2a: Ursaluna|Ursaluna-Bloodmoon, M|100\/100\n|turn|9\n|c|\u2606penguinking132|i love your team, im gonna study it for later\n|\n|t:|1699739921\n|move|p1b: Regieleki|Tera Blast|p2a: Ursaluna|[anim] Tera Blast Ice\n|-supereffective|p2a: Ursaluna\n|-damage|p2a: Ursaluna|29\/100\n|move|p1a: Garchomp|Earthquake|p2a: Ursaluna|[spread] p1b,p2a\n|-damage|p1b: Regieleki|0 fnt\n|-damage|p2a: Ursaluna|2\/100\n|faint|p1b: Regieleki\n|move|p2a: Ursaluna|Hyper Voice|p1a: Garchomp\n|-damage|p1a: Garchomp|0 fnt\n|faint|p1a: Garchomp\n|-damage|p2a: Ursaluna|0 fnt|[from] item: Life Orb\n|faint|p2a: Ursaluna\n|\n|win|Megatoxicroak101\n|raw|Megatoxicroak101's rating: 1375 &rarr; <strong>1398<\/strong><br \/>(+23 for winning)\n|raw|penguinking132's rating: 1424 &rarr; <strong>1401<\/strong><br \/>(-23 for losing)\n","uploadtime":1699739928,"views":4,"p1id":"megatoxicroak101","p2id":"penguinking132","formatid":"gen9doublesou","rating":1398,"private":0,"password":""}