{"id":"gen9doublesou-1997107082","p1":"snitker","p2":"Ratgamer","format":"[Gen 9] Doubles OU","log":"|j|\u2606snitker\n|j|\u2606Ratgamer\n|t:|1700765204\n|gametype|doubles\n|player|p1|snitker|170|1292\n|player|p2|Ratgamer|101|1301\n|teamsize|p1|6\n|teamsize|p2|6\n|gen|9\n|tier|[Gen 9] Doubles OU\n|rated|\n|rule|Species Clause: Limit one of each Pok\u00e9mon\n|rule|OHKO Clause: OHKO moves are banned\n|rule|Evasion Moves Clause: Evasion moves are banned\n|rule|Gravity Sleep Clause: The combination of sleep-inducing moves with imperfect accuracy and Gravity or Gigantamax Orbeetle are banned\n|rule|Endless Battle Clause: Forcing endless battles is banned\n|rule|HP Percentage Mod: HP is shown in percentages\n|clearpoke\n|poke|p1|Torterra, F|\n|poke|p1|Indeedee-F, F|\n|poke|p1|Amoonguss, F|\n|poke|p1|Pelipper, F|\n|poke|p1|Armarouge, F|\n|poke|p1|Overqwil, M|\n|poke|p2|Sneasler, F|\n|poke|p2|Rillaboom, M|\n|poke|p2|Flutter Mane|\n|poke|p2|Ogerpon-Hearthflame, F|\n|poke|p2|Amoonguss, M|\n|poke|p2|Arcanine-Hisui, M|\n|teampreview\n|inactive|Battle timer is ON: inactive players will automatically lose when time's up. (requested by snitker)\n|\n|t:|1700765218\n|start\n|switch|p1a: Armarouge|Armarouge, F|100\/100\n|switch|p1b: Overqwil|Overqwil, M|100\/100\n|switch|p2a: Flutter Mane|Flutter Mane|100\/100\n|switch|p2b: Amoonguss|Amoonguss, M|100\/100\n|-enditem|p2a: Flutter Mane|Booster Energy\n|-activate|p2a: Flutter Mane|ability: Protosynthesis|[fromitem]\n|-start|p2a: Flutter Mane|protosynthesisspa\n|turn|1\n|\n|t:|1700765235\n|switch|p1a: Pelipper|Pelipper, F|100\/100\n|-weather|RainDance|[from] ability: Drizzle|[of] p1a: Pelipper\n|move|p1b: Overqwil|Poison Jab|p2a: Flutter Mane\n|-damage|p2a: Flutter Mane|0 fnt\n|faint|p2a: Flutter Mane\n|-end|p2a: Flutter Mane|Protosynthesis|[silent]\n|move|p2b: Amoonguss|Spore|p1b: Overqwil\n|-status|p1b: Overqwil|slp|[from] move: Spore\n|\n|-weather|RainDance|[upkeep]\n|upkeep\n|\n|t:|1700765249\n|switch|p2a: Rillaboom|Rillaboom, M|100\/100\n|-fieldstart|move: Grassy Terrain|[from] ability: Grassy Surge|[of] p2a: Rillaboom\n|turn|2\n|\n|t:|1700765271\n|switch|p1b: Indeedee|Indeedee-F, F|100\/100\n|-fieldstart|move: Psychic Terrain|[from] ability: Psychic Surge|[of] p1b: Indeedee\n|move|p2a: Rillaboom|Fake Out|p1a: Pelipper\n|-hint|Psychic Terrain doesn't affect Pok\u00e9mon immune to Ground.\n|-damage|p1a: Pelipper|85\/100\n|cant|p1a: Pelipper|flinch\n|move|p2b: Amoonguss|Spore|p1a: Pelipper\n|-status|p1a: Pelipper|slp|[from] move: Spore\n|\n|-weather|RainDance|[upkeep]\n|upkeep\n|turn|3\n|\n|t:|1700765290\n|move|p1b: Indeedee|Psychic|p2b: Amoonguss\n|-supereffective|p2b: Amoonguss\n|-damage|p2b: Amoonguss|36\/100\n|move|p2a: Rillaboom|U-turn|p1b: Indeedee\n|-supereffective|p1b: Indeedee\n|-damage|p1b: Indeedee|56\/100\n|\n|t:|1700765299\n|switch|p2a: Arcanine|Arcanine-Hisui, M|100\/100|[from] U-turn\n|-ability|p2a: Arcanine|Intimidate|boost\n|-unboost|p1a: Pelipper|atk|1\n|-unboost|p1b: Indeedee|atk|1\n|cant|p1a: Pelipper|slp\n|move|p2b: Amoonguss|Spore|p1a: Pelipper\n|-fail|p1a: Pelipper|slp\n|\n|-weather|RainDance|[upkeep]\n|upkeep\n|turn|4\n|\n|t:|1700765312\n|move|p2b: Amoonguss|Protect|p2b: Amoonguss\n|-singleturn|p2b: Amoonguss|Protect\n|move|p2a: Arcanine|Rock Slide|p1a: Pelipper|[spread] p1a\n|-miss|p2a: Arcanine|p1b: Indeedee\n|-supereffective|p1a: Pelipper\n|-damage|p1a: Pelipper|20\/100 slp\n|move|p1b: Indeedee|Psychic|p2b: Amoonguss\n|-activate|p2b: Amoonguss|move: Protect\n|-curestatus|p1a: Pelipper|slp|[msg]\n|move|p1a: Pelipper|Hydro Pump|p2a: Arcanine\n|-supereffective|p2a: Arcanine\n|-damage|p2a: Arcanine|0 fnt\n|faint|p2a: Arcanine\n|\n|-weather|RainDance|[upkeep]\n|upkeep\n|\n|t:|1700765327\n|switch|p2a: Rillaboom|Rillaboom, M|100\/100\n|-fieldstart|move: Grassy Terrain|[from] ability: Grassy Surge|[of] p2a: Rillaboom\n|turn|5\n|\n|t:|1700765339\n|switch|p2b: Sneasler|Sneasler, F|100\/100\n|-enditem|p2b: Sneasler|Grassy Seed\n|-boost|p2b: Sneasler|def|1|[from] item: Grassy Seed\n|move|p2a: Rillaboom|Fake Out|p1b: Indeedee\n|-damage|p1b: Indeedee|41\/100\n|cant|p1b: Indeedee|flinch\n|move|p1a: Pelipper|Hurricane|p2b: Sneasler\n|-supereffective|p2b: Sneasler\n|-damage|p2b: Sneasler|0 fnt\n|faint|p2b: Sneasler\n|\n|-weather|none\n|-heal|p1b: Indeedee|47\/100|[from] Grassy Terrain\n|upkeep\n|\n|t:|1700765352\n|switch|p2b: Ogerpon|Ogerpon-Hearthflame, F|100\/100\n|-ability|p2b: Ogerpon|Mold Breaker\n|turn|6\n|\n|t:|1700765362\n|-terastallize|p2b: Ogerpon|Fire\n|detailschange|p2b: Ogerpon|Ogerpon-Hearthflame-Tera, F, tera:Fire\n|-ability|p2b: Ogerpon|Embody Aspect (Hearthflame)|boost\n|-boost|p2b: Ogerpon|atk|1\n|move|p1b: Indeedee|Helping Hand|p1a: Pelipper\n|-singleturn|p1a: Pelipper|Helping Hand|[of] p1b: Indeedee\n|move|p2a: Rillaboom|Grassy Glide|p1a: Pelipper\n|-damage|p1a: Pelipper|0 fnt\n|faint|p1a: Pelipper\n|move|p2b: Ogerpon|Swords Dance|p2b: Ogerpon\n|-boost|p2b: Ogerpon|atk|2\n|\n|-heal|p1b: Indeedee|53\/100|[from] Grassy Terrain\n|upkeep\n|\n|t:|1700765383\n|switch|p1a: Armarouge|Armarouge, F|100\/100\n|turn|7\n|\n|t:|1700765410\n|move|p1b: Indeedee|Helping Hand|p1a: Armarouge\n|-singleturn|p1a: Armarouge|Helping Hand|[of] p1b: Indeedee\n|move|p1a: Armarouge|Armor Cannon|p2a: Rillaboom\n|-supereffective|p2a: Rillaboom\n|-damage|p2a: Rillaboom|0 fnt\n|-unboost|p1a: Armarouge|def|1\n|-unboost|p1a: Armarouge|spd|1\n|faint|p2a: Rillaboom\n|move|p2b: Ogerpon|Horn Leech|p1a: Armarouge\n|-resisted|p1a: Armarouge\n|-damage|p1a: Armarouge|0 fnt\n|faint|p1a: Armarouge\n|\n|-heal|p1b: Indeedee|59\/100|[from] Grassy Terrain\n|upkeep\n|\n|t:|1700765428\n|switch|p1a: Amoonguss|Amoonguss, F|100\/100\n|switch|p2a: Amoonguss|Amoonguss, M|69\/100\n|turn|8\n|\n|t:|1700765435\n|move|p2a: Amoonguss|Protect|p2a: Amoonguss\n|-singleturn|p2a: Amoonguss|Protect\n|move|p1b: Indeedee|Follow Me|p1b: Indeedee\n|-singleturn|p1b: Indeedee|move: Follow Me\n|move|p2b: Ogerpon|Ivy Cudgel|p1b: Indeedee|[anim] Ivy Cudgel Fire\n|-crit|p1b: Indeedee\n|-damage|p1b: Indeedee|0 fnt\n|faint|p1b: Indeedee\n|move|p1a: Amoonguss|Spore|p2b: Ogerpon\n|-status|p2b: Ogerpon|slp|[from] move: Spore\n|\n|-heal|p2a: Amoonguss|75\/100|[from] Grassy Terrain\n|upkeep\n|\n|t:|1700765446\n|switch|p1b: Torterra|Torterra, F|100\/100\n|turn|9\n|inactive|Ratgamer has 120 seconds left.\n|inactive|Ratgamer has 90 seconds left.\n|\n|t:|1700765527\n|cant|p2b: Ogerpon|slp\n|move|p1b: Torterra|Shell Smash|p1b: Torterra\n|-unboost|p1b: Torterra|def|1\n|-unboost|p1b: Torterra|spd|1\n|-boost|p1b: Torterra|atk|2\n|-boost|p1b: Torterra|spa|2\n|-boost|p1b: Torterra|spe|2\n|-enditem|p1b: Torterra|White Herb\n|-clearnegativeboost|p1b: Torterra|[silent]\n|move|p1a: Amoonguss|Pollen Puff|p2a: Amoonguss\n|-damage|p2a: Amoonguss|59\/100\n|move|p2a: Amoonguss|Pollen Puff|p1b: Torterra\n|-supereffective|p1b: Torterra\n|-damage|p1b: Torterra|58\/100\n|\n|-heal|p1b: Torterra|65\/100|[from] Grassy Terrain\n|-heal|p2a: Amoonguss|65\/100|[from] Grassy Terrain\n|-fieldend|move: Grassy Terrain\n|upkeep\n|turn|10\n|inactive|Ratgamer has 90 seconds left.\n|\n|t:|1700765552\n|cant|p2b: Ogerpon|slp\n|move|p1b: Torterra|Earthquake|p2b: Ogerpon|[spread] p1a,p2a,p2b\n|-supereffective|p2b: Ogerpon\n|-damage|p1a: Amoonguss|48\/100\n|-damage|p2a: Amoonguss|5\/100\n|-damage|p2b: Ogerpon|0 fnt\n|faint|p2b: Ogerpon\n|move|p1a: Amoonguss|Pollen Puff|p2a: Amoonguss\n|-damage|p2a: Amoonguss|0 fnt\n|faint|p2a: Amoonguss\n|\n|win|snitker\n|raw|snitker's rating: 1292 &rarr; <strong>1318<\/strong><br \/>(+26 for winning)\n|raw|Ratgamer's rating: 1301 &rarr; <strong>1280<\/strong><br \/>(-21 for losing)\n|c|\u2606snitker|Gg\n|l|\u2606Ratgamer\n","uploadtime":1700765569,"views":7,"p1id":"snitker","p2id":"ratgamer","formatid":"gen9doublesou","rating":1280,"private":0,"password":""}