{"id":"gen9doublesou-1998987591","p1":"Penter","p2":"jubgrdhjj","format":"[Gen 9] Doubles OU","log":"|j|\u2606Penter\n|j|\u2606jubgrdhjj\n|inactive|Battle timer is ON: inactive players will automatically lose when time's up.\n|t:|1701021093\n|gametype|doubles\n|player|p1|Penter|n|\n|player|p2|jubgrdhjj|unknown|\n|teamsize|p1|6\n|teamsize|p2|6\n|gen|9\n|tier|[Gen 9] Doubles OU\n|rated|Tournament battle\n|rule|Species Clause: Limit one of each Pok\u00e9mon\n|rule|OHKO Clause: OHKO moves are banned\n|rule|Evasion Moves Clause: Evasion moves are banned\n|rule|Gravity Sleep Clause: The combination of sleep-inducing moves with imperfect accuracy and Gravity or Gigantamax Orbeetle are banned\n|rule|Endless Battle Clause: Forcing endless battles is banned\n|rule|HP Percentage Mod: HP is shown in percentages\n|clearpoke\n|poke|p1|Glimmora, M|\n|poke|p1|Landorus-Therian, M|\n|poke|p1|Gholdengo|\n|poke|p1|Volcanion|\n|poke|p1|Rillaboom, M|\n|poke|p1|Roaring Moon|\n|poke|p2|Amoonguss, M|\n|poke|p2|Rillaboom, F|\n|poke|p2|Sneasler, F|\n|poke|p2|Roaring Moon|\n|poke|p2|Palafin, F|\n|poke|p2|Pelipper, F|\n|teampreview\n|j|*Lady Monita \u2746\n|inactive|jubgrdhjj also wants the timer to be on.\n|inactive|Penter has 120 seconds left.\n|j| brocharizard\n|c|\u2606jubgrdhjj|hi\n|c|\u2606jubgrdhjj|glhf\n|c| brocharizard|hi\n|inactive|Penter has 90 seconds left.\n|\n|t:|1701021154\n|start\n|switch|p1a: Landorus|Landorus-Therian, M|100\/100\n|switch|p1b: Roaring Moon|Roaring Moon|100\/100\n|switch|p2a: Rillaboom|Rillaboom, F|100\/100\n|switch|p2b: Sneasler|Sneasler, F|100\/100\n|-ability|p1a: Landorus|Intimidate|boost\n|-unboost|p2a: Rillaboom|atk|1\n|-unboost|p2b: Sneasler|atk|1\n|-fieldstart|move: Grassy Terrain|[from] ability: Grassy Surge|[of] p2a: Rillaboom\n|-enditem|p2b: Sneasler|Grassy Seed\n|-boost|p2b: Sneasler|def|1|[from] item: Grassy Seed\n|-enditem|p1b: Roaring Moon|Grassy Seed\n|-boost|p1b: Roaring Moon|def|1|[from] item: Grassy Seed\n|turn|1\n|\n|t:|1701021178\n|switch|p1a: Glimmora|Glimmora, M|100\/100\n|move|p1b: Roaring Moon|Protect|p1b: Roaring Moon\n|-singleturn|p1b: Roaring Moon|Protect\n|move|p2a: Rillaboom|Fake Out|p1b: Roaring Moon\n|-activate|p1b: Roaring Moon|move: Protect\n|move|p2b: Sneasler|Swords Dance|p2b: Sneasler\n|-boost|p2b: Sneasler|atk|2\n|\n|upkeep\n|turn|2\n|c| brocharizard|are any of you muslim\n|c| brocharizard|iam muslim\n|\n|t:|1701021202\n|-terastallize|p2b: Sneasler|Flying\n|-terastallize|p1b: Roaring Moon|Poison\n|move|p2b: Sneasler|Acrobatics|p1b: Roaring Moon\n|-damage|p1b: Roaring Moon|45\/100\n|move|p1b: Roaring Moon|Dragon Dance|p1b: Roaring Moon\n|-boost|p1b: Roaring Moon|atk|1\n|-boost|p1b: Roaring Moon|spe|1\n|move|p1a: Glimmora|Earth Power|p2b: Sneasler\n|-immune|p2b: Sneasler\n|move|p2a: Rillaboom|High Horsepower|p1a: Glimmora\n|-supereffective|p1a: Glimmora\n|-enditem|p1a: Glimmora|Focus Sash\n|-damage|p1a: Glimmora|1\/100\n|-activate|p1a: Glimmora|ability: Toxic Debris\n|-sidestart|p2: jubgrdhjj|move: Toxic Spikes\n|\n|-heal|p1b: Roaring Moon|51\/100|[from] Grassy Terrain\n|-heal|p1a: Glimmora|7\/100|[from] Grassy Terrain\n|upkeep\n|turn|3\n|c|\u2606jubgrdhjj|no\n|c| brocharizard|free palistine\n|c|\u2606jubgrdhjj|yes\n|c| brocharizard|are you christian\n|inactive|jubgrdhjj has 120 seconds left.\n|c|\u2606jubgrdhjj|yes\n|\n|t:|1701021239\n|move|p2b: Sneasler|Protect|p2b: Sneasler\n|-singleturn|p2b: Sneasler|Protect\n|move|p1b: Roaring Moon|Protect|p1b: Roaring Moon\n|-singleturn|p1b: Roaring Moon|Protect\n|move|p1a: Glimmora|Mortal Spin|p2b: Sneasler|[spread] p2a\n|-activate|p2b: Sneasler|move: Protect\n|-supereffective|p2a: Rillaboom\n|-damage|p2a: Rillaboom|92\/100\n|-status|p2a: Rillaboom|psn\n|move|p2a: Rillaboom|High Horsepower|p1b: Roaring Moon\n|-activate|p1b: Roaring Moon|move: Protect\n|\n|-heal|p1b: Roaring Moon|57\/100|[from] Grassy Terrain\n|-heal|p1a: Glimmora|13\/100|[from] Grassy Terrain\n|-heal|p2a: Rillaboom|98\/100 psn|[from] Grassy Terrain\n|-damage|p2a: Rillaboom|85\/100 psn|[from] psn\n|upkeep\n|turn|4\n|inactive|jubgrdhjj has 120 seconds left.\n|inactive|jubgrdhjj has 90 seconds left.\n|\n|t:|1701021301\n|switch|p1a: Landorus|Landorus-Therian, M|100\/100\n|-ability|p1a: Landorus|Intimidate|boost\n|-unboost|p2a: Rillaboom|atk|1\n|-unboost|p2b: Sneasler|atk|1\n|move|p2b: Sneasler|Acrobatics|p1a: Landorus\n|-damage|p1a: Landorus|30\/100\n|move|p1b: Roaring Moon|Acrobatics|p2a: Rillaboom\n|-supereffective|p2a: Rillaboom\n|-damage|p2a: Rillaboom|0 fnt\n|faint|p2a: Rillaboom\n|\n|-heal|p1b: Roaring Moon|63\/100|[from] Grassy Terrain\n|upkeep\n|\n|t:|1701021312\n|switch|p2a: Palafin|Palafin, F|100\/100\n|-status|p2a: Palafin|psn\n|turn|5\n|\n|t:|1701021325\n|switch|p1a: Gholdengo|Gholdengo|100\/100\n|detailschange|p2a: Palafin|Palafin-Hero, F\n|switch|p2a: Pelipper|Pelipper, F|100\/100\n|-weather|RainDance|[from] ability: Drizzle|[of] p2a: Pelipper\n|move|p2b: Sneasler|Acrobatics|p1b: Roaring Moon\n|-damage|p1b: Roaring Moon|28\/100\n|move|p1b: Roaring Moon|Acrobatics|p2b: Sneasler\n|-damage|p2b: Sneasler|30\/100\n|\n|-weather|RainDance|[upkeep]\n|-heal|p1b: Roaring Moon|34\/100|[from] Grassy Terrain\n|-fieldend|move: Grassy Terrain\n|upkeep\n|turn|6\n|\n|t:|1701021344\n|move|p1b: Roaring Moon|Protect|p1b: Roaring Moon\n|-singleturn|p1b: Roaring Moon|Protect\n|move|p2b: Sneasler|Acrobatics|p1b: Roaring Moon\n|-activate|p1b: Roaring Moon|move: Protect\n|move|p1a: Gholdengo|Shadow Ball|p2b: Sneasler\n|-damage|p2b: Sneasler|0 fnt\n|faint|p2b: Sneasler\n|move|p2a: Pelipper|Tailwind|p2a: Pelipper\n|-sidestart|p2: jubgrdhjj|move: Tailwind\n|\n|-weather|RainDance|[upkeep]\n|upkeep\n|\n|t:|1701021351\n|switch|p2b: Roaring Moon|Roaring Moon|100\/100\n|-status|p2b: Roaring Moon|psn\n|-enditem|p2b: Roaring Moon|Booster Energy\n|-activate|p2b: Roaring Moon|ability: Protosynthesis|[fromitem]\n|-start|p2b: Roaring Moon|protosynthesisatk\n|turn|7\n|inactive|jubgrdhjj has 120 seconds left.\n|inactive|Penter has 120 seconds left.\n|\n|t:|1701021388\n|switch|p1a: Volcanion|Volcanion|100\/100\n|move|p2b: Roaring Moon|Outrage|p1a: Volcanion\n|-damage|p1a: Volcanion|35\/100\n|move|p1b: Roaring Moon|Acrobatics|p2b: Roaring Moon\n|-damage|p2b: Roaring Moon|20\/100 psn\n|move|p2a: Pelipper|Hydro Pump|p1b: Roaring Moon\n|-damage|p1b: Roaring Moon|0 fnt\n|faint|p1b: Roaring Moon\n|-end|p1b: Roaring Moon|Protosynthesis|[silent]\n|\n|-weather|RainDance|[upkeep]\n|-damage|p2b: Roaring Moon|7\/100 psn|[from] psn\n|upkeep\n|\n|t:|1701021402\n|switch|p1b: Rillaboom|Rillaboom, M|100\/100\n|-fieldstart|move: Grassy Terrain|[from] ability: Grassy Surge|[of] p1b: Rillaboom\n|turn|8\n|\n|t:|1701021416\n|switch|p1a: Gholdengo|Gholdengo|100\/100\n|move|p1b: Rillaboom|Grassy Glide|p2b: Roaring Moon\n|-resisted|p2b: Roaring Moon\n|-damage|p2b: Roaring Moon|0 fnt\n|faint|p2b: Roaring Moon\n|-end|p2b: Roaring Moon|Protosynthesis|[silent]\n|move|p2a: Pelipper|Air Slash|p1b: Rillaboom\n|-supereffective|p1b: Rillaboom\n|-damage|p1b: Rillaboom|56\/100\n|\n|-weather|RainDance|[upkeep]\n|-heal|p1b: Rillaboom|62\/100|[from] Grassy Terrain\n|upkeep\n|inactive|jubgrdhjj has 120 seconds left.\n|\n|t:|1701021447\n|switch|p2b: Amoonguss|Amoonguss, M|100\/100\n|-sideend|p2: jubgrdhjj|move: Toxic Spikes|[of] p2b: Amoonguss\n|turn|9\n|inactive|jubgrdhjj has 120 seconds left.\n|inactive|Penter has 120 seconds left.\n|\n|t:|1701021485\n|move|p1b: Rillaboom|Grassy Glide|p2a: Pelipper\n|-damage|p2a: Pelipper|54\/100\n|move|p2a: Pelipper|Air Slash|p1b: Rillaboom\n|-supereffective|p1b: Rillaboom\n|-damage|p1b: Rillaboom|23\/100\n|move|p1a: Gholdengo|Nasty Plot|p1a: Gholdengo\n|-boost|p1a: Gholdengo|spa|2\n|move|p2b: Amoonguss|Pollen Puff|p1b: Rillaboom\n|-supereffective|p1b: Rillaboom\n|-crit|p1b: Rillaboom\n|-damage|p1b: Rillaboom|0 fnt\n|faint|p1b: Rillaboom\n|\n|-weather|RainDance|[upkeep]\n|-sideend|p2: jubgrdhjj|move: Tailwind\n|upkeep\n|inactive|Penter has 90 seconds left.\n|inactive|Penter has 60 seconds left.\n|\n|t:|1701021566\n|switch|p1b: Landorus|Landorus-Therian, M|30\/100\n|-ability|p1b: Landorus|Intimidate|boost\n|-unboost|p2a: Pelipper|atk|1\n|-unboost|p2b: Amoonguss|atk|1\n|turn|10\n|inactive|Penter has 60 seconds left.\n|\n|t:|1701021578\n|move|p2b: Amoonguss|Rage Powder|p2b: Amoonguss\n|-singleturn|p2b: Amoonguss|move: Rage Powder\n|move|p1b: Landorus|Rock Slide|p2a: Pelipper|[spread] p2b\n|-miss|p1b: Landorus|p2a: Pelipper\n|-damage|p2b: Amoonguss|81\/100\n|move|p1a: Gholdengo|Make It Rain|p2a: Pelipper|[spread] p2a,p2b\n|-resisted|p2a: Pelipper\n|-damage|p2a: Pelipper|0 fnt\n|-damage|p2b: Amoonguss|3\/100\n|-unboost|p1a: Gholdengo|spa|1\n|faint|p2a: Pelipper\n|\n|-weather|RainDance|[upkeep]\n|-heal|p2b: Amoonguss|9\/100|[from] Grassy Terrain\n|-heal|p2b: Amoonguss|15\/100|[from] item: Leftovers\n|upkeep\n|\n|t:|1701021597\n|switch|p2a: Palafin|Palafin-Hero, F|100\/100 psn\n|-activate|p2a: Palafin|ability: Zero to Hero\n|turn|11\n|\n|t:|1701021613\n|switch|p1b: Volcanion|Volcanion|35\/100\n|move|p1a: Gholdengo|Protect|p1a: Gholdengo\n|-singleturn|p1a: Gholdengo|Protect\n|move|p2a: Palafin|Jet Punch|p1b: Volcanion\n|-heal|p1b: Volcanion|60\/100|[from] ability: Water Absorb|[of] p2a: Palafin\n|move|p2b: Amoonguss|Pollen Puff|p2a: Palafin\n|-immune|p2a: Palafin\n|\n|-weather|RainDance|[upkeep]\n|-heal|p1b: Volcanion|66\/100|[from] Grassy Terrain\n|-heal|p2b: Amoonguss|21\/100|[from] Grassy Terrain\n|-heal|p2b: Amoonguss|27\/100|[from] item: Leftovers\n|-damage|p2a: Palafin|88\/100 psn|[from] psn\n|upkeep\n|turn|12\n|\n|t:|1701021628\n|switch|p1b: Landorus|Landorus-Therian, M|30\/100\n|-ability|p1b: Landorus|Intimidate|boost\n|-unboost|p2a: Palafin|atk|1\n|-unboost|p2b: Amoonguss|atk|1\n|move|p2a: Palafin|Wave Crash|p1a: Gholdengo\n|-damage|p1a: Gholdengo|22\/100\n|-damage|p2a: Palafin|62\/100 psn|[from] Recoil\n|move|p1a: Gholdengo|Make It Rain|p2a: Palafin|[spread] p2a,p2b\n|-resisted|p2a: Palafin\n|-damage|p2a: Palafin|24\/100 psn\n|-damage|p2b: Amoonguss|0 fnt\n|-unboost|p1a: Gholdengo|spa|1\n|faint|p2b: Amoonguss\n|\n|-weather|none\n|-heal|p2a: Palafin|30\/100 psn|[from] Grassy Terrain\n|-heal|p1a: Gholdengo|28\/100|[from] Grassy Terrain\n|-heal|p1a: Gholdengo|34\/100|[from] item: Leftovers\n|-damage|p2a: Palafin|18\/100 psn|[from] psn\n|-fieldend|move: Grassy Terrain\n|upkeep\n|turn|13\n|\n|t:|1701021639\n|move|p2a: Palafin|Jet Punch|p1a: Gholdengo\n|-damage|p1a: Gholdengo|10\/100\n|move|p1b: Landorus|Stomping Tantrum|p2a: Palafin\n|-damage|p2a: Palafin|0 fnt\n|faint|p2a: Palafin\n|\n|win|Penter\n","uploadtime":1701021262,"views":6,"p1id":"penter","p2id":"jubgrdhjj","formatid":"gen9doublesou","rating":0,"private":0,"password":""}