{"id":"gen9doublesou-1974819449","p1":"Justin150910","p2":"Nrn28","format":"[Gen 9] Doubles OU","log":"|j|\u2606Justin150910\n|j|\u2606Nrn28\n|t:|1698129718\n|gametype|doubles\n|player|p1|Justin150910|2|\n|player|p2|Nrn28|169|\n|teamsize|p1|6\n|teamsize|p2|6\n|gen|9\n|tier|[Gen 9] Doubles OU\n|rule|Species Clause: Limit one of each Pok\u00e9mon\n|rule|OHKO Clause: OHKO moves are banned\n|rule|Evasion Moves Clause: Evasion moves are banned\n|rule|Gravity Sleep Clause: The combination of sleep-inducing moves with imperfect accuracy and Gravity or Gigantamax Orbeetle are banned\n|rule|Endless Battle Clause: Forcing endless battles is banned\n|rule|HP Percentage Mod: HP is shown in percentages\n|clearpoke\n|poke|p1|Espathra, M|\n|poke|p1|Clefable, F|\n|poke|p1|Armarouge, M|\n|poke|p1|Basculegion-F, F|\n|poke|p1|Amoonguss, M|\n|poke|p1|Zapdos|\n|poke|p2|Blissey, F|\n|poke|p2|Ditto|\n|poke|p2|Dondozo, F|\n|poke|p2|Toxapex, F|\n|poke|p2|Alomomola, F|\n|poke|p2|Ting-Lu|\n|teampreview\n|inactive|Battle timer is ON: inactive players will automatically lose when time's up. (requested by Nrn28)\n|c|\u2606Nrn28|hehehheheheh\n|\n|t:|1698129742\n|start\n|switch|p1a: Espathra|Espathra, M, shiny|100\/100\n|switch|p1b: Clefable|Clefable, F, shiny|100\/100\n|switch|p2a: Dondozo|Dondozo, F|100\/100\n|switch|p2b: Toxapex|Toxapex, F|100\/100\n|turn|1\n|c|\u2606Nrn28|heeeeeeeeeeeeheeeeeeeeeeeeeeeheeeeeeeeeeee\n|inactive|Nrn28 has 270 seconds left.\n|\n|t:|1698129780\n|-terastallize|p2a: Dondozo|Ghost\n|move|p1a: Espathra|Calm Mind|p1a: Espathra\n|-boost|p1a: Espathra|spa|1\n|-boost|p1a: Espathra|spd|1\n|move|p1b: Clefable|Reflect|p1b: Clefable\n|-sidestart|p1: Justin150910|Reflect\n|move|p2b: Toxapex|Toxic Spikes|p1b: Clefable\n|-sidestart|p1: Justin150910|move: Toxic Spikes\n|move|p2a: Dondozo|Body Press|p1b: Clefable\n|-resisted|p1b: Clefable\n|-damage|p1b: Clefable|92\/100\n|\n|-heal|p1b: Clefable|98\/100|[from] item: Leftovers\n|-ability|p1a: Espathra|Speed Boost|boost\n|-boost|p1a: Espathra|spe|1\n|upkeep\n|turn|2\n|inactive|Nrn28 has 270 seconds left.\n|inactive|Justin150910 has 270 seconds left.\n|c|\u2606Nrn28|:0\n|\n|t:|1698129829\n|move|p1a: Espathra|Calm Mind|p1a: Espathra\n|-boost|p1a: Espathra|spa|1\n|-boost|p1a: Espathra|spd|1\n|move|p1b: Clefable|Light Screen|p1b: Clefable\n|-sidestart|p1: Justin150910|move: Light Screen\n|move|p2a: Dondozo|Body Press|p1b: Clefable\n|-resisted|p1b: Clefable\n|-damage|p1b: Clefable|90\/100\n|move|p2b: Toxapex|Toxic Spikes|p1b: Clefable\n|-sidestart|p1: Justin150910|move: Toxic Spikes\n|\n|-heal|p1b: Clefable|96\/100|[from] item: Leftovers\n|-ability|p1a: Espathra|Speed Boost|boost\n|-boost|p1a: Espathra|spe|1\n|upkeep\n|turn|3\n|inactive|Justin150910 has 270 seconds left.\n|inactive|Nrn28 has 270 seconds left.\n|\n|t:|1698129847\n|move|p1b: Clefable|Follow Me|p1b: Clefable\n|-singleturn|p1b: Clefable|move: Follow Me\n|move|p1a: Espathra|Calm Mind|p1a: Espathra\n|-boost|p1a: Espathra|spa|1\n|-boost|p1a: Espathra|spd|1\n|move|p2a: Dondozo|Body Press|p1b: Clefable\n|-resisted|p1b: Clefable\n|-damage|p1b: Clefable|88\/100\n|move|p2b: Toxapex|Toxic Spikes||[still]\n|-fail|p2b: Toxapex\n|\n|-heal|p1b: Clefable|94\/100|[from] item: Leftovers\n|-ability|p1a: Espathra|Speed Boost|boost\n|-boost|p1a: Espathra|spe|1\n|upkeep\n|turn|4\n|inactive|Justin150910 has 270 seconds left.\n|inactive|Nrn28 has 270 seconds left.\n|\n|t:|1698129873\n|move|p1b: Clefable|Follow Me|p1b: Clefable\n|-singleturn|p1b: Clefable|move: Follow Me\n|move|p1a: Espathra|Calm Mind|p1a: Espathra\n|-boost|p1a: Espathra|spa|1\n|-boost|p1a: Espathra|spd|1\n|move|p2b: Toxapex|Haze|p2b: Toxapex\n|-clearallboost\n|move|p2a: Dondozo|Sleep Talk||[still]\n|-fail|p2a: Dondozo\n|\n|-heal|p1b: Clefable|99\/100|[from] item: Leftovers\n|-ability|p1a: Espathra|Speed Boost|boost\n|-boost|p1a: Espathra|spe|1\n|upkeep\n|turn|5\n|inactive|Nrn28 has 270 seconds left.\n|\n|t:|1698129897\n|move|p1b: Clefable|Follow Me|p1b: Clefable\n|-singleturn|p1b: Clefable|move: Follow Me\n|move|p1a: Espathra|Calm Mind|p1a: Espathra\n|-boost|p1a: Espathra|spa|1\n|-boost|p1a: Espathra|spd|1\n|move|p2b: Toxapex|Toxic Spikes||[still]\n|-fail|p2b: Toxapex\n|move|p2a: Dondozo|Avalanche|p1b: Clefable\n|-damage|p1b: Clefable|93\/100\n|\n|-heal|p1b: Clefable|99\/100|[from] item: Leftovers\n|-sideend|p1: Justin150910|Reflect\n|-ability|p1a: Espathra|Speed Boost|boost\n|-boost|p1a: Espathra|spe|1\n|upkeep\n|turn|6\n|l|\u2606Nrn28\n|inactive|Nrn28 disconnected and has 300 seconds to reconnect!\n|player|p2|\n|inactive|Justin150910 has 270 seconds left.\n|inactive|Nrn28 has 270 seconds to reconnect!\n|inactive|Justin150910 has 240 seconds left.\n|inactive|Nrn28 has 240 seconds to reconnect!\n|inactive|Justin150910 has 210 seconds left.\n|inactive|Nrn28 has 210 seconds to reconnect!\n|j|\u2606Nrn28\n|inactive|Nrn28 reconnected and has 295 seconds left.\n|player|p2|Nrn28|169\n|inactive|Justin150910 has 180 seconds left.\n|\n|t:|1698130020\n|switch|p2b: Blissey|Blissey, F|100\/100\n|switch|p2a: Ditto|Ditto|100\/100\n|-transform|p2a: Ditto|p1b: Clefable|[from] ability: Imposter\n|-item|p2a: Ditto|Air Balloon\n|move|p1a: Espathra|Calm Mind|p1a: Espathra\n|-boost|p1a: Espathra|spa|1\n|-boost|p1a: Espathra|spd|1\n|move|p1b: Clefable|Reflect|p1b: Clefable\n|-sidestart|p1: Justin150910|Reflect\n|\n|-heal|p1b: Clefable|100\/100|[from] item: Leftovers\n|-sideend|p1: Justin150910|move: Light Screen\n|-ability|p1a: Espathra|Speed Boost|boost\n|-boost|p1a: Espathra|spe|1\n|upkeep\n|turn|7\n|inactive|Justin150910 has 180 seconds left.\n|inactive|Nrn28 has 270 seconds left.\n|\n|t:|1698130051\n|move|p1a: Espathra|Calm Mind|p1a: Espathra\n|-boost|p1a: Espathra|spa|1\n|-boost|p1a: Espathra|spd|1\n|move|p2a: Ditto|Light Screen|p2a: Ditto\n|-sidestart|p2: Nrn28|move: Light Screen\n|move|p1b: Clefable|Light Screen|p1b: Clefable\n|-sidestart|p1: Justin150910|move: Light Screen\n|move|p2b: Blissey|Calm Mind|p2b: Blissey\n|-boost|p2b: Blissey|spa|1\n|-boost|p2b: Blissey|spd|1\n|\n|-ability|p1a: Espathra|Speed Boost|boost\n|-boost|p1a: Espathra|spe|1\n|upkeep\n|turn|8\n|\n|t:|1698130072\n|switch|p1b: Amoonguss|Amoonguss, M, shiny|100\/100\n|-sideend|p1: Justin150910|move: Toxic Spikes|[of] p1b: Amoonguss\n|move|p1a: Espathra|Calm Mind|p1a: Espathra\n|-boost|p1a: Espathra|spa|1\n|-boost|p1a: Espathra|spd|1\n|move|p2a: Ditto|Reflect|p2a: Ditto\n|-sidestart|p2: Nrn28|Reflect\n|move|p2b: Blissey|Stealth Rock|p1a: Espathra\n|-sidestart|p1: Justin150910|move: Stealth Rock\n|\n|-ability|p1a: Espathra|Speed Boost|boost\n|-boost|p1a: Espathra|spe|1\n|upkeep\n|turn|9\n|inactive|Nrn28 has 270 seconds left.\n|inactive|Nrn28 has 240 seconds left.\n|inactive|Nrn28 has 210 seconds left.\n|\n|t:|1698130176\n|move|p2a: Ditto|Follow Me|p2a: Ditto\n|-singleturn|p2a: Ditto|move: Follow Me\n|move|p1a: Espathra|Baton Pass|p1a: Espathra\n|\n|t:|1698130185\n|switch|p1a: Zapdos|Zapdos|100\/100|[from] Baton Pass\n|-damage|p1a: Zapdos|76\/100|[from] Stealth Rock\n|move|p2b: Blissey|Calm Mind|p2b: Blissey\n|-boost|p2b: Blissey|spa|1\n|-boost|p2b: Blissey|spd|1\n|move|p1b: Amoonguss|Spore|p2a: Ditto\n|-status|p2a: Ditto|slp|[from] move: Spore\n|\n|upkeep\n|turn|10\n|inactive|Justin150910 has 210 seconds left.\n|inactive|Nrn28 has 210 seconds left.\n|\n|t:|1698130215\n|move|p1a: Zapdos|Discharge|p2b: Blissey|[spread] p1b,p2a,p2b\n|-resisted|p1b: Amoonguss\n|-damage|p1b: Amoonguss|57\/100\n|-damage|p2a: Ditto|4\/100 slp\n|-damage|p2b: Blissey|86\/100\n|-enditem|p2a: Ditto|Air Balloon\n|cant|p2a: Ditto|slp\n|move|p2b: Blissey|Seismic Toss|p1a: Zapdos\n|-damage|p1a: Zapdos|45\/100\n|-status|p2b: Blissey|par|[from] ability: Static|[of] p1a: Zapdos\n|move|p1b: Amoonguss|Spore||[still]\n|-fail|p1b: Amoonguss\n|\n|-heal|p1b: Amoonguss|63\/100|[from] item: Leftovers\n|-sideend|p1: Justin150910|Reflect\n|upkeep\n|turn|11\n|inactive|Justin150910 has 210 seconds left.\n|inactive|Nrn28 has 210 seconds left.\n|\n|t:|1698130242\n|switch|p1b: Basculegion|Basculegion-F, F, shiny|100\/100\n|-damage|p1b: Basculegion|88\/100|[from] Stealth Rock\n|move|p1a: Zapdos|Discharge|p2a: Ditto|[spread] p1b,p2a,p2b\n|-supereffective|p1b: Basculegion\n|-damage|p1b: Basculegion|0 fnt\n|-damage|p2a: Ditto|0 fnt\n|-damage|p2b: Blissey|71\/100 par\n|faint|p1b: Basculegion\n|faint|p2a: Ditto\n|move|p2b: Blissey|Soft-Boiled|p2b: Blissey\n|-heal|p2b: Blissey|100\/100 par\n|\n|-sideend|p1: Justin150910|move: Light Screen\n|-sideend|p2: Nrn28|move: Light Screen\n|upkeep\n|inactive|Justin150910 has 210 seconds left.\n|\n|t:|1698130259\n|switch|p1b: Espathra|Espathra, M, shiny|100\/100\n|switch|p2a: Alomomola|Alomomola, F|100\/100\n|-damage|p1b: Espathra|88\/100|[from] Stealth Rock\n|turn|12\n|inactive|Nrn28 has 240 seconds left.\n|inactive|Justin150910 has 210 seconds left.\n|\n|t:|1698130285\n|switch|p1b: Amoonguss|Amoonguss, M, shiny|97\/100\n|-damage|p1b: Amoonguss|84\/100|[from] Stealth Rock\n|move|p1a: Zapdos|Discharge|p2a: Alomomola|[spread] p1b,p2a,p2b\n|-resisted|p1b: Amoonguss\n|-supereffective|p2a: Alomomola\n|-damage|p1b: Amoonguss|16\/100\n|-damage|p2a: Alomomola|0 fnt\n|-damage|p2b: Blissey|79\/100 par\n|-status|p1b: Amoonguss|par\n|faint|p2a: Alomomola\n|move|p2b: Blissey|Seismic Toss|p1a: Zapdos\n|-damage|p1a: Zapdos|14\/100\n|\n|-heal|p1b: Amoonguss|22\/100 par|[from] item: Leftovers\n|-sideend|p2: Nrn28|Reflect\n|upkeep\n|inactive|Nrn28 has 210 seconds left.\n|\n|t:|1698130307\n|switch|p2a: Ting-Lu|Ting-Lu|100\/100\n|-ability|p2a: Ting-Lu|Vessel of Ruin\n|turn|13\n|\n|t:|1698130325\n|move|p1b: Amoonguss|Protect|p1b: Amoonguss\n|-singleturn|p1b: Amoonguss|Protect\n|move|p1a: Zapdos|Discharge|p2a: Ting-Lu|[spread] p2b\n|-activate|p1b: Amoonguss|move: Protect\n|-immune|p2a: Ting-Lu\n|-damage|p2b: Blissey|64\/100 par\n|move|p2a: Ting-Lu|Spikes|p1b: Amoonguss\n|-sidestart|p1: Justin150910|Spikes\n|move|p2b: Blissey|Seismic Toss|p1a: Zapdos\n|-damage|p1a: Zapdos|0 fnt\n|faint|p1a: Zapdos\n|\n|-heal|p1b: Amoonguss|29\/100 par|[from] item: Leftovers\n|upkeep\n|\n|t:|1698130341\n|switch|p1a: Armarouge|Armarouge, M, shiny|100\/100\n|-damage|p1a: Armarouge|76\/100|[from] Stealth Rock\n|-damage|p1a: Armarouge|64\/100|[from] Spikes\n|turn|14\n|inactive|Nrn28 has 240 seconds left.\n|c|\u2606Nrn28|:)\n|inactive|Justin150910 has 210 seconds left.\n|\n|t:|1698130372\n|switch|p1a: Clefable|Clefable, F, shiny|100\/100\n|move|p2a: Ting-Lu|Spikes|p1a: Clefable\n|-sidestart|p1: Justin150910|Spikes\n|move|p2b: Blissey|Seismic Toss|p1a: Clefable\n|-damage|p1a: Clefable|75\/100\n|move|p1b: Amoonguss|Spore|p2a: Ting-Lu\n|-status|p2a: Ting-Lu|slp|[from] move: Spore\n|\n|-heal|p1a: Clefable|81\/100|[from] item: Leftovers\n|-heal|p1b: Amoonguss|35\/100 par|[from] item: Leftovers\n|upkeep\n|turn|15\n|inactive|Justin150910 has 210 seconds left.\n|\n|t:|1698130400\n|move|p1a: Clefable|Follow Me|p1a: Clefable\n|-singleturn|p1a: Clefable|move: Follow Me\n|cant|p2a: Ting-Lu|slp\n|move|p2b: Blissey|Seismic Toss|p1a: Clefable\n|-damage|p1a: Clefable|56\/100\n|move|p1b: Amoonguss|Synthesis|p1b: Amoonguss\n|-heal|p1b: Amoonguss|85\/100 par\n|\n|-heal|p1a: Clefable|62\/100|[from] item: Leftovers\n|-heal|p1b: Amoonguss|91\/100 par|[from] item: Leftovers\n|upkeep\n|turn|16\n|\n|t:|1698130421\n|switch|p1b: Armarouge|Armarouge, M, shiny|64\/100\n|-damage|p1b: Armarouge|39\/100|[from] Stealth Rock\n|-damage|p1b: Armarouge|22\/100|[from] Spikes\n|-enditem|p1b: Armarouge|Sitrus Berry|[eat]\n|-heal|p1b: Armarouge|47\/100|[from] item: Sitrus Berry\n|move|p1a: Clefable|Follow Me|p1a: Clefable\n|-singleturn|p1a: Clefable|move: Follow Me\n|cant|p2a: Ting-Lu|slp\n|move|p2b: Blissey|Seismic Toss|p1a: Clefable\n|-damage|p1a: Clefable|37\/100\n|\n|-heal|p1a: Clefable|43\/100|[from] item: Leftovers\n|upkeep\n|turn|17\n|inactive|Justin150910 has 240 seconds left.\n|inactive|Nrn28 has 270 seconds left.\n|\n|t:|1698130450\n|move|p1b: Armarouge|Calm Mind|p1b: Armarouge\n|-boost|p1b: Armarouge|spa|1\n|-boost|p1b: Armarouge|spd|1\n|move|p1a: Clefable|Heal Pulse|p1b: Armarouge\n|-heal|p1b: Armarouge|97\/100\n|cant|p2a: Ting-Lu|slp\n|cant|p2b: Blissey|par\n|\n|-heal|p1a: Clefable|49\/100|[from] item: Leftovers\n|upkeep\n|turn|18\n|inactive|Justin150910 has 240 seconds left.\n|inactive|Nrn28 has 270 seconds left.\n|inactive|Nrn28 has 240 seconds left.\n|\n|t:|1698130519\n|move|p1a: Clefable|Follow Me|p1a: Clefable\n|-singleturn|p1a: Clefable|move: Follow Me\n|move|p1b: Armarouge|Calm Mind|p1b: Armarouge\n|-boost|p1b: Armarouge|spa|1\n|-boost|p1b: Armarouge|spd|1\n|-curestatus|p2a: Ting-Lu|slp|[msg]\n|move|p2a: Ting-Lu|Spikes|p1a: Clefable\n|-sidestart|p1: Justin150910|Spikes\n|move|p2b: Blissey|Seismic Toss|p1a: Clefable\n|-damage|p1a: Clefable|23\/100\n|\n|-heal|p1a: Clefable|29\/100|[from] item: Leftovers\n|upkeep\n|turn|19\n|inactive|Justin150910 has 240 seconds left.\n|\n|t:|1698130544\n|move|p1a: Clefable|Follow Me|p1a: Clefable\n|-singleturn|p1a: Clefable|move: Follow Me\n|move|p1b: Armarouge|Stored Power|p2b: Blissey\n|-damage|p2b: Blissey|52\/100 par\n|move|p2a: Ting-Lu|Spikes||[still]\n|-fail|p2a: Ting-Lu\n|move|p2b: Blissey|Seismic Toss|p1a: Clefable\n|-damage|p1a: Clefable|4\/100\n|\n|-heal|p1a: Clefable|10\/100|[from] item: Leftovers\n|upkeep\n|turn|20\n|inactive|Nrn28 has 240 seconds left.\n|inactive|Justin150910 has 240 seconds left.\n|\n|t:|1698130570\n|move|p1a: Clefable|Follow Me|p1a: Clefable\n|-singleturn|p1a: Clefable|move: Follow Me\n|move|p1b: Armarouge|Armor Cannon|p2b: Blissey\n|-damage|p2b: Blissey|39\/100 par\n|-unboost|p1b: Armarouge|def|1\n|-unboost|p1b: Armarouge|spd|1\n|move|p2a: Ting-Lu|Spikes||[still]\n|-fail|p2a: Ting-Lu\n|move|p2b: Blissey|Seismic Toss|p1a: Clefable\n|-damage|p1a: Clefable|0 fnt\n|faint|p1a: Clefable\n|\n|upkeep\n|inactive|Justin150910 has 240 seconds left.\n|\n|t:|1698130588\n|switch|p1a: Espathra|Espathra, M, shiny|88\/100\n|-damage|p1a: Espathra|76\/100|[from] Stealth Rock\n|-damage|p1a: Espathra|51\/100|[from] Spikes\n|turn|21\n|\n|t:|1698130600\n|move|p1a: Espathra|Dazzling Gleam|p2b: Blissey|[spread] p2a,p2b\n|-supereffective|p2a: Ting-Lu\n|-damage|p2a: Ting-Lu|89\/100\n|-damage|p2b: Blissey|37\/100 par\n|move|p1b: Armarouge|Armor Cannon|p2b: Blissey\n|-damage|p2b: Blissey|24\/100 par\n|-unboost|p1b: Armarouge|def|1\n|-unboost|p1b: Armarouge|spd|1\n|move|p2a: Ting-Lu|Spikes||[still]\n|-fail|p2a: Ting-Lu\n|move|p2b: Blissey|Seismic Toss|p1a: Espathra\n|-damage|p1a: Espathra|24\/100\n|\n|-heal|p1a: Espathra|30\/100|[from] item: Leftovers\n|-ability|p1a: Espathra|Speed Boost|boost\n|-boost|p1a: Espathra|spe|1\n|upkeep\n|turn|22\n|inactive|Nrn28 has 240 seconds left.\n|\n|t:|1698130642\n|move|p1a: Espathra|Dazzling Gleam|p2a: Ting-Lu|[spread] p2a,p2b\n|-supereffective|p2a: Ting-Lu\n|-damage|p2a: Ting-Lu|78\/100\n|-damage|p2b: Blissey|22\/100 par\n|move|p1b: Armarouge|Armor Cannon|p2b: Blissey\n|-damage|p2b: Blissey|8\/100 par\n|-unboost|p1b: Armarouge|def|1\n|-unboost|p1b: Armarouge|spd|1\n|move|p2a: Ting-Lu|Spikes||[still]\n|-fail|p2a: Ting-Lu\n|move|p2b: Blissey|Seismic Toss|p1a: Espathra\n|-damage|p1a: Espathra|3\/100\n|\n|-heal|p1a: Espathra|9\/100|[from] item: Leftovers\n|-ability|p1a: Espathra|Speed Boost|boost\n|-boost|p1a: Espathra|spe|1\n|upkeep\n|turn|23\n|inactive|Justin150910 has 270 seconds left.\n|inactive|Nrn28 has 240 seconds left.\n|\n|t:|1698130664\n|move|p1a: Espathra|Calm Mind|p1a: Espathra\n|-boost|p1a: Espathra|spa|1\n|-boost|p1a: Espathra|spd|1\n|move|p1b: Armarouge|Armor Cannon|p2b: Blissey\n|-damage|p2b: Blissey|0 fnt\n|-unboost|p1b: Armarouge|def|1\n|-unboost|p1b: Armarouge|spd|1\n|faint|p2b: Blissey\n|move|p2a: Ting-Lu|Rest|p2a: Ting-Lu\n|-status|p2a: Ting-Lu|slp|[from] move: Rest\n|-heal|p2a: Ting-Lu|100\/100 slp|[silent]\n|\n|-heal|p1a: Espathra|15\/100|[from] item: Leftovers\n|-ability|p1a: Espathra|Speed Boost|boost\n|-boost|p1a: Espathra|spe|1\n|upkeep\n|c|\u2606Nrn28|I HATE ESPARTHAAA\n|inactive|Nrn28 has 240 seconds left.\n|\n|t:|1698130678\n|switch|p2b: Dondozo|Dondozo, F, tera:Ghost|100\/100\n|turn|24\n|c|\u2606Nrn28|go\n|inactive|Justin150910 has 270 seconds left.\n|c|\u2606Nrn28|go\n|c|\u2606Nrn28|go\n|c|\u2606Nrn28|ogo\n|\n|t:|1698130700\n|move|p1a: Espathra|Baton Pass|p1a: Espathra\n|c|\u2606Nrn28|go\n|c|\u2606Nrn28|go\n|c|\u2606Nrn28|go\n|\n|t:|1698130704\n|switch|p1a: Amoonguss|Amoonguss, M, shiny|100\/100 par|[from] Baton Pass\n|-damage|p1a: Amoonguss|88\/100 par|[from] Stealth Rock\n|-damage|p1a: Amoonguss|63\/100 par|[from] Spikes\n|move|p1b: Armarouge|Psychic|p2b: Dondozo\n|-damage|p2b: Dondozo|68\/100\n|cant|p2a: Ting-Lu|slp\n|move|p2b: Dondozo|Body Press|p1a: Amoonguss\n|-resisted|p1a: Amoonguss\n|-damage|p1a: Amoonguss|49\/100 par\n|\n|-heal|p1a: Amoonguss|56\/100 par|[from] item: Leftovers\n|upkeep\n|turn|25\n|c|\u2606Nrn28|go\n|c|\u2606Nrn28|go\n|c|\u2606Nrn28|go\n|c|\u2606Nrn28|go\n|c|\u2606Nrn28|go\n|c|\u2606Nrn28|go\n|c|\u2606Nrn28|go\n|c|\u2606Nrn28|go\n|c|\u2606Nrn28|go\n|c|\u2606Nrn28|go\n|c|\u2606Nrn28|go\n|c|\u2606Nrn28|go\n|inactive|Nrn28 has 270 seconds left.\n|\n|t:|1698130733\n|move|p1b: Armarouge|Calm Mind|p1b: Armarouge\n|-boost|p1b: Armarouge|spa|1\n|-boost|p1b: Armarouge|spd|1\n|cant|p2a: Ting-Lu|slp\n|cant|p1a: Amoonguss|par\n|move|p2b: Dondozo|Avalanche|p1a: Amoonguss\n|-supereffective|p1a: Amoonguss\n|-damage|p1a: Amoonguss|27\/100 par\n|\n|-heal|p1a: Amoonguss|34\/100 par|[from] item: Leftovers\n|upkeep\n|turn|26\n|c|\u2606Nrn28|go\n|c|\u2606Nrn28|go\n|c|\u2606Nrn28|go\n|c|\u2606Nrn28|go\n|c|\u2606Nrn28|go\n|c|\u2606Nrn28|go\n|c|\u2606Nrn28|go\n|c|\u2606Nrn28|go\n|c|\u2606Nrn28|go\n|c|\u2606Nrn28|go\n|c|\u2606Nrn28|go\n|c|\u2606Nrn28|go\n|c|\u2606Nrn28|go\n|c|\u2606Nrn28|go\n|c|\u2606Nrn28|go\n|c|\u2606Nrn28|go\n|c|\u2606Nrn28|go\n|c|\u2606Nrn28|go\n|c|\u2606Nrn28|go\n|c|\u2606Nrn28|go\n|c|\u2606Nrn28|go\n|c|\u2606Nrn28|go\n|c|\u2606Nrn28|go\n|c|\u2606Nrn28|go\n|c|\u2606Nrn28|go\n|inactive|Nrn28 has 270 seconds left.\n|inactive|Nrn28 has 240 seconds left.\n|inactive|Nrn28 has 210 seconds left.\n|inactive|Nrn28 has 180 seconds left.\n|\n|t:|1698130855\n|move|p1b: Armarouge|Calm Mind|p1b: Armarouge\n|-boost|p1b: Armarouge|spa|1\n|-boost|p1b: Armarouge|spd|1\n|-curestatus|p2a: Ting-Lu|slp|[msg]\n|move|p2a: Ting-Lu|Earthquake|p1a: Amoonguss|[spread] p2b,p1a,p1b\n|-supereffective|p1b: Armarouge\n|-damage|p2b: Dondozo|55\/100\n|-damage|p1a: Amoonguss|4\/100 par\n|-damage|p1b: Armarouge|0 fnt\n|faint|p1b: Armarouge\n|move|p1a: Amoonguss|Spore|p2b: Dondozo\n|-status|p2b: Dondozo|slp|[from] move: Spore\n|cant|p2b: Dondozo|slp\n|\n|-heal|p1a: Amoonguss|10\/100 par|[from] item: Leftovers\n|upkeep\n|\n|t:|1698130871\n|switch|p1b: Espathra|Espathra, M, shiny|15\/100\n|-damage|p1b: Espathra|3\/100|[from] Stealth Rock\n|-damage|p1b: Espathra|0 fnt|[from] Spikes\n|faint|p1b: Espathra\n|turn|27\n|\n|t:|1698130890\n|-terastallize|p1a: Amoonguss|Electric\n|move|p2a: Ting-Lu|Earthquake|p1a: Amoonguss|[spread] p2b,p1a\n|-supereffective|p1a: Amoonguss\n|-damage|p2b: Dondozo|41\/100 slp\n|-damage|p1a: Amoonguss|0 fnt\n|faint|p1a: Amoonguss\n|\n|win|Nrn28\n|l|\u2606Justin150910\n","uploadtime":1698131078,"views":12,"p1id":"justin150910","p2id":"nrn28","formatid":"gen9doublesou","rating":0,"private":0,"password":""}