{"id":"gen9doublesou-1987297318","p1":"Losconosciuto","p2":"Asereje ja de je","format":"[Gen 9] Doubles OU","log":"|j|\u2606Losconosciuto\n|j|\u2606Asereje ja de je\n|t:|1699574527\n|gametype|doubles\n|player|p1|Losconosciuto|#losconosciuto|\n|player|p2|Asereje ja de je|#rbtt6teamyveltalf|\n|teamsize|p1|6\n|teamsize|p2|6\n|gen|9\n|tier|[Gen 9] Doubles OU\n|rule|Species Clause: Limit one of each Pok\u00e9mon\n|rule|OHKO Clause: OHKO moves are banned\n|rule|Evasion Moves Clause: Evasion moves are banned\n|rule|Gravity Sleep Clause: The combination of sleep-inducing moves with imperfect accuracy and Gravity or Gigantamax Orbeetle are banned\n|rule|Endless Battle Clause: Forcing endless battles is banned\n|rule|HP Percentage Mod: HP is shown in percentages\n|clearpoke\n|poke|p1|Roaring Moon|\n|poke|p1|Weezing, M|\n|poke|p1|Heatran, M|\n|poke|p1|Rillaboom, M|\n|poke|p1|Flutter Mane|\n|poke|p1|Great Tusk|\n|poke|p2|Glimmora, F|\n|poke|p2|Landorus-Therian, M|\n|poke|p2|Tornadus, M|\n|poke|p2|Chi-Yu|\n|poke|p2|Flutter Mane|\n|poke|p2|Indeedee-F, F|\n|teampreview\n|inactive|Battle timer is ON: inactive players will automatically lose when time's up. (requested by Losconosciuto)\n|j| F3rrari450\n|j| Entrocefalo\n|c|\u2606Asereje ja de je|hf\n|c|\u2606Losconosciuto|hf\n|j| tera ghost\n|j| MADARAAAA\n|inactive|Losconosciuto has 270 seconds left.\n|j| Cholena\n|inactive|Losconosciuto has 240 seconds left.\n|j| Smudge\n|j|+zoe\n|j| eragon11145\n|\n|t:|1699574604\n|start\n|switch|p1a: Roaring Moon|Roaring Moon|100\/100\n|switch|p1b: Weezing|Weezing, M|100\/100\n|switch|p2a: MADKID|Landorus-Therian, M|100\/100\n|switch|p2b: BURNOUT SYNDROMES|Tornadus, M|100\/100\n|-ability|p1b: Weezing|Neutralizing Gas\n|-enditem|p1a: Roaring Moon|Booster Energy\n|-activate|p1a: Roaring Moon|ability: Protosynthesis|[fromitem]\n|-start|p1a: Roaring Moon|protosynthesisspe\n|turn|1\n|j| GuitarheroVGC\n|j| Feyette\n|l| Feyette\n|j| kaori\n|j| RelicanthPrimal<><\n|j| pipppo\n|inactive|Losconosciuto has 270 seconds left.\n|j| EGAWalreins\n|j| Schister\n|j| Papiloco\n|l| Smudge\n|l| EGAWalreins\n|inactive|Asereje ja de je has 270 seconds left.\n|inactive|Losconosciuto has 240 seconds left.\n|j| VGCLTE Lem\n|\n|t:|1699574667\n|move|p1a: Roaring Moon|Knock Off|p2b: BURNOUT SYNDROMES\n|-damage|p2b: BURNOUT SYNDROMES|33\/100\n|-enditem|p2b: BURNOUT SYNDROMES|Sitrus Berry|[from] move: Knock Off|[of] p1a: Roaring Moon\n|move|p2b: BURNOUT SYNDROMES|Tailwind|p2b: BURNOUT SYNDROMES\n|-sidestart|p2: Asereje ja de je|move: Tailwind\n|move|p2a: MADKID|U-turn|p1a: Roaring Moon\n|-supereffective|p1a: Roaring Moon\n|-damage|p1a: Roaring Moon|0 fnt\n|faint|p1a: Roaring Moon\n|-end|p1a: Roaring Moon|Protosynthesis|[silent]\n|j| R4ye\n|\n|t:|1699574673\n|switch|p2a: Aimer|Glimmora, F|100\/100|[from] U-turn\n|move|p1b: Weezing|Will-O-Wisp|p2a: Aimer\n|-status|p2a: Aimer|brn\n|\n|-damage|p2a: Aimer|94\/100 brn|[from] brn\n|upkeep\n|l| R4ye\n|inactive|Losconosciuto has 240 seconds left.\n|j|+ILoveMashing\u2764\n|inactive|Losconosciuto has 210 seconds left.\n|inactive|Losconosciuto has 180 seconds left.\n|j| xHys\n|inactive|Losconosciuto has 150 seconds left.\n|\n|t:|1699574774\n|switch|p1a: Flutter Mane|Flutter Mane|100\/100\n|turn|2\n|j| babiola\n|l| MADARAAAA\n|inactive|Losconosciuto has 150 seconds left.\n|j| Amaranth\n|j| Fakee\n|inactive|Losconosciuto has 120 seconds left.\n|inactive|Asereje ja de je has 270 seconds left.\n|\n|t:|1699574848\n|move|p2b: BURNOUT SYNDROMES|Protect|p2b: BURNOUT SYNDROMES\n|-singleturn|p2b: BURNOUT SYNDROMES|Protect\n|move|p1b: Weezing|Protect|p1b: Weezing\n|-singleturn|p1b: Weezing|Protect\n|move|p2a: Aimer|Sludge Bomb|p1a: Flutter Mane\n|-damage|p1a: Flutter Mane|64\/100\n|move|p1a: Flutter Mane|Shadow Ball|p2a: Aimer\n|-damage|p2a: Aimer|57\/100 brn\n|\n|-damage|p2a: Aimer|51\/100 brn|[from] brn\n|upkeep\n|turn|3\n|inactive|Losconosciuto has 120 seconds left.\n|l| babiola\n|inactive|Asereje ja de je has 270 seconds left.\n|\n|t:|1699574881\n|switch|p2b: fripSide|Indeedee-F, F|100\/100\n|-end|p1a: Flutter Mane|Protosynthesis|[silent]\n|switch|p1a: Heatran|Heatran, M|100\/100\n|move|p2a: Aimer|Earth Power|p1a: Heatran\n|-supereffective|p1a: Heatran\n|-damage|p1a: Heatran|0 fnt\n|faint|p1a: Heatran\n|move|p1b: Weezing|Gunk Shot|p2b: fripSide|[miss]\n|-miss|p1b: Weezing|p2b: fripSide\n|\n|-damage|p2a: Aimer|45\/100 brn|[from] brn\n|upkeep\n|\n|t:|1699574900\n|switch|p1a: Rillaboom|Rillaboom, M|100\/100\n|turn|4\n|j| babiola\n|j| Enzonana\n|c| Enzonana|aaaaaalamierda\n|inactive|Losconosciuto has 90 seconds left.\n|j| SeraphZ\u2605\n|\n|t:|1699574953\n|-end|p1b: Weezing|ability: Neutralizing Gas\n|-fieldstart|move: Psychic Terrain|[from] ability: Psychic Surge|[of] p2b: fripSide\n|-fieldstart|move: Grassy Terrain|[from] ability: Grassy Surge|[of] p1a: Rillaboom\n|switch|p1b: Flutter Mane|Flutter Mane|64\/100\n|move|p2b: fripSide|Protect|p2b: fripSide\n|-singleturn|p2b: fripSide|Protect\n|move|p1a: Rillaboom|Fake Out|p2a: Aimer\n|-resisted|p2a: Aimer\n|-damage|p2a: Aimer|38\/100 brn\n|-activate|p2a: Aimer|ability: Toxic Debris\n|-sidestart|p1: Losconosciuto|move: Toxic Spikes\n|cant|p2a: Aimer|flinch\n|\n|-heal|p2a: Aimer|44\/100 brn|[from] Grassy Terrain\n|-heal|p1b: Flutter Mane|70\/100|[from] Grassy Terrain\n|-damage|p2a: Aimer|38\/100 brn|[from] brn\n|-sideend|p2: Asereje ja de je|move: Tailwind\n|upkeep\n|turn|5\n|inactive|Losconosciuto has 90 seconds left.\n|inactive|Asereje ja de je has 270 seconds left.\n|inactive|Losconosciuto has 60 seconds left.\n|\n|t:|1699575013\n|switch|p2b: TrySail|Chi-Yu|100\/100\n|-ability|p2b: TrySail|Beads of Ruin\n|move|p1a: Rillaboom|Grassy Glide|p2a: Aimer\n|-damage|p2a: Aimer|2\/100 brn\n|-activate|p2a: Aimer|ability: Toxic Debris\n|-sidestart|p1: Losconosciuto|move: Toxic Spikes\n|move|p1b: Flutter Mane|Dazzling Gleam|p2a: Aimer|[spread] p2a,p2b\n|-resisted|p2a: Aimer\n|-damage|p2a: Aimer|0 fnt\n|-damage|p2b: TrySail|60\/100\n|faint|p2a: Aimer\n|\n|-heal|p1b: Flutter Mane|76\/100|[from] Grassy Terrain\n|-heal|p2b: TrySail|66\/100|[from] Grassy Terrain\n|upkeep\n|l| SeraphZ\u2605\n|inactive|Asereje ja de je has 240 seconds left.\n|l| babiola\n|inactive|Asereje ja de je has 210 seconds left.\n|j| babiola\n|\n|t:|1699575084\n|switch|p2a: MADKID|Landorus-Therian, M|100\/100\n|-ability|p2a: MADKID|Intimidate|boost\n|-unboost|p1a: Rillaboom|atk|1\n|-unboost|p1b: Flutter Mane|atk|1\n|turn|6\n|inactive|Losconosciuto has 60 seconds left.\n|inactive|Asereje ja de je has 210 seconds left.\n|j|+edgar\n|inactive|Losconosciuto has 30 seconds left.\n|inactive|Losconosciuto has 20 seconds left.\n|l| Schister\n|inactive|Losconosciuto has 15 seconds left.\n|j| Schister\n|\n|t:|1699575139\n|-end|p1b: Flutter Mane|Protosynthesis|[silent]\n|switch|p1b: Great Tusk|Great Tusk|100\/100\n|-status|p1b: Great Tusk|tox\n|-terastallize|p1a: Rillaboom|Fire\n|move|p2b: TrySail|Heat Wave|p1b: Great Tusk|[spread] p1a,p1b\n|-resisted|p1a: Rillaboom\n|-damage|p1a: Rillaboom|75\/100\n|-damage|p1b: Great Tusk|28\/100 tox\n|move|p2a: MADKID|Stomping Tantrum|p1b: Great Tusk\n|-damage|p1b: Great Tusk|0 fnt\n|faint|p1b: Great Tusk\n|-end|p1b: Great Tusk|Protosynthesis|[silent]\n|move|p1a: Rillaboom|High Horsepower|p2b: TrySail\n|-supereffective|p2b: TrySail\n|-damage|p2b: TrySail|16\/100\n|-enditem|p2b: TrySail|Sitrus Berry|[eat]\n|-heal|p2b: TrySail|41\/100|[from] item: Sitrus Berry\n|\n|-heal|p2b: TrySail|47\/100|[from] Grassy Terrain\n|-heal|p1a: Rillaboom|81\/100|[from] Grassy Terrain\n|upkeep\n|inactive|Losconosciuto has 20 seconds left this turn.\n|inactive|Losconosciuto has 15 seconds left.\n|inactive|Losconosciuto has 10 seconds left.\n|inactive|Losconosciuto has 5 seconds left.\n|\n|t:|1699575157\n|switch|p1b: Flutter Mane|Flutter Mane|76\/100\n|-status|p1b: Flutter Mane|tox\n|turn|7\n|inactive|Losconosciuto has 30 seconds left this turn.\n|inactive|Losconosciuto has 20 seconds left.\n|\n|t:|1699575172\n|switch|p2b: fripSide|Indeedee-F, F|100\/100\n|-fieldstart|move: Psychic Terrain|[from] ability: Psychic Surge|[of] p2b: fripSide\n|move|p1b: Flutter Mane|Moonblast|p2a: MADKID\n|-damage|p2a: MADKID|26\/100\n|-unboost|p2a: MADKID|spa|1\n|move|p2a: MADKID|Stomping Tantrum|p1b: Flutter Mane\n|-damage|p1b: Flutter Mane|0 fnt\n|faint|p1b: Flutter Mane\n|-end|p1b: Flutter Mane|Protosynthesis|[silent]\n|move|p1a: Rillaboom|Grassy Glide|p2a: MADKID\n|-damage|p2a: MADKID|9\/100\n|\n|upkeep\n|inactive|Losconosciuto has 25 seconds left this turn.\n|inactive|Losconosciuto has 20 seconds left.\n|\n|t:|1699575181\n|switch|p1b: Weezing|Weezing, M|100\/100\n|-ability|p1b: Weezing|Neutralizing Gas\n|-sideend|p1: Losconosciuto|move: Toxic Spikes|[of] p1b: Weezing\n|turn|8\n|c|\u2606Losconosciuto|gg\n|c|\u2606Asereje ja de je|gg\n|l|+ILoveMashing\u2764\n|l| Schister\n|\n|t:|1699575189\n|move|p2a: MADKID|Stomping Tantrum|p1a: Rillaboom\n|-supereffective|p1a: Rillaboom\n|-damage|p1a: Rillaboom|0 fnt\n|faint|p1a: Rillaboom\n|move|p2b: fripSide|Psychic|p1b: Weezing\n|-supereffective|p1b: Weezing\n|-damage|p1b: Weezing|18\/100\n|-unboost|p1b: Weezing|spd|1\n|-enditem|p1b: Weezing|Sitrus Berry|[eat]\n|-heal|p1b: Weezing|43\/100|[from] item: Sitrus Berry\n|move|p1b: Weezing|Gunk Shot|p2b: fripSide\n|-damage|p2b: fripSide|66\/100\n|-status|p2b: fripSide|psn\n|\n|-damage|p2b: fripSide|54\/100 psn|[from] psn\n|upkeep\n|turn|9\n|\n|t:|1699575194\n|move|p2a: MADKID|Stomping Tantrum|p1b: Weezing\n|-supereffective|p1b: Weezing\n|-damage|p1b: Weezing|0 fnt\n|faint|p1b: Weezing\n|-end|p1b: Weezing|ability: Neutralizing Gas\n|\n|win|Asereje ja de je\n|l| Fakee\n","uploadtime":1699575198,"views":185,"p1id":"losconosciuto","p2id":"aserejejadeje","formatid":"gen9doublesou","rating":0,"private":0,"password":""}