{"id":"gen9doublesou-1976052421","p1":"Poison2W","p2":"Kongojongo","format":"[Gen 9] Doubles OU","log":"|j|\u2606Poison2W\n|j|\u2606Kongojongo\n|t:|1698259659\n|gametype|doubles\n|player|p1|Poison2W|102|1045\n|player|p2|Kongojongo|harlequin|1047\n|teamsize|p1|6\n|teamsize|p2|6\n|gen|9\n|tier|[Gen 9] Doubles OU\n|rated|\n|rule|Species Clause: Limit one of each Pok\u00e9mon\n|rule|OHKO Clause: OHKO moves are banned\n|rule|Evasion Moves Clause: Evasion moves are banned\n|rule|Gravity Sleep Clause: The combination of sleep-inducing moves with imperfect accuracy and Gravity or Gigantamax Orbeetle are banned\n|rule|Endless Battle Clause: Forcing endless battles is banned\n|rule|HP Percentage Mod: HP is shown in percentages\n|clearpoke\n|poke|p1|Lilligant-Hisui, F|\n|poke|p1|Torkoal, L97, F|\n|poke|p1|Flutter Mane|\n|poke|p1|Chien-Pao|\n|poke|p1|Great Tusk|\n|poke|p1|Dragapult, M|\n|poke|p2|Ogerpon-Hearthflame, F|\n|poke|p2|Ursaluna-Bloodmoon, M|\n|poke|p2|Cramorant, M|\n|poke|p2|Gastrodon-East, M|\n|poke|p2|Iron Hands|\n|poke|p2|Toxapex, F|\n|teampreview\n|inactive|Battle timer is ON: inactive players will automatically lose when time's up. (requested by Poison2W)\n|\n|t:|1698259674\n|start\n|switch|p1a: Flutter Mane|Flutter Mane|100\/100\n|switch|p1b: Dragapult|Dragapult, M|100\/100\n|switch|p2a: Ogerpon|Ogerpon-Hearthflame, F|100\/100\n|switch|p2b: Slappems|Iron Hands|100\/100\n|-ability|p2a: Ogerpon|Mold Breaker\n|-enditem|p2b: Slappems|Booster Energy\n|-activate|p2b: Slappems|ability: Quark Drive|[fromitem]\n|-start|p2b: Slappems|quarkdriveatk\n|turn|1\n|inactive|Kongojongo has 120 seconds left.\n|\n|t:|1698259716\n|-end|p2b: Slappems|Quark Drive|[silent]\n|switch|p2b: Har har har har|Ursaluna-Bloodmoon, M|100\/100\n|move|p1b: Dragapult|Shadow Ball|p2b: Har har har har\n|-immune|p2b: Har har har har\n|move|p1a: Flutter Mane|Dazzling Gleam|p2a: Ogerpon|[spread] p2a,p2b\n|-resisted|p2a: Ogerpon\n|-damage|p2a: Ogerpon|86\/100\n|-damage|p2b: Har har har har|70\/100\n|move|p2a: Ogerpon|Swords Dance|p2a: Ogerpon\n|-boost|p2a: Ogerpon|atk|2\n|\n|upkeep\n|turn|2\n|inactive|Kongojongo has 120 seconds left.\n|inactive|Poison2W has 120 seconds left.\n|\n|t:|1698259752\n|-terastallize|p2b: Har har har har|Ghost\n|move|p2a: Ogerpon|Spiky Shield|p2a: Ogerpon\n|-singleturn|p2a: Ogerpon|move: Protect\n|move|p1b: Dragapult|Shadow Ball|p2a: Ogerpon\n|-activate|p2a: Ogerpon|move: Protect\n|move|p1a: Flutter Mane|Shadow Ball|p2a: Ogerpon\n|-activate|p2a: Ogerpon|move: Protect\n|move|p2b: Har har har har|Tera Blast|p1a: Flutter Mane|[anim] Tera Blast Ghost\n|-supereffective|p1a: Flutter Mane\n|-enditem|p1a: Flutter Mane|Focus Sash\n|-damage|p1a: Flutter Mane|1\/100\n|\n|upkeep\n|turn|3\n|inactive|Kongojongo has 120 seconds left.\n|\n|t:|1698259780\n|switch|p2b: Red Velvet|Toxapex, F, shiny|100\/100\n|move|p1b: Dragapult|Shadow Ball|p2b: Red Velvet\n|-damage|p2b: Red Velvet|59\/100\n|-unboost|p2b: Red Velvet|spd|1\n|-damage|p1b: Dragapult|91\/100|[from] item: Life Orb\n|move|p1a: Flutter Mane|Shadow Ball|p2a: Ogerpon\n|-damage|p2a: Ogerpon|42\/100\n|move|p2a: Ogerpon|Ivy Cudgel|p1a: Flutter Mane\n|-damage|p1a: Flutter Mane|0 fnt\n|faint|p1a: Flutter Mane\n|-end|p1a: Flutter Mane|Protosynthesis|[silent]\n|\n|upkeep\n|inactive|Poison2W has 120 seconds left.\n|\n|t:|1698259800\n|switch|p1a: Great Tusk|Great Tusk|100\/100\n|turn|4\n|\n|t:|1698259824\n|move|p2a: Ogerpon|Spiky Shield|p2a: Ogerpon\n|-singleturn|p2a: Ogerpon|move: Protect\n|move|p2b: Red Velvet|Baneful Bunker|p2b: Red Velvet\n|-singleturn|p2b: Red Velvet|move: Protect\n|move|p1b: Dragapult|Shadow Ball|p2a: Ogerpon\n|-activate|p2a: Ogerpon|move: Protect\n|move|p1a: Great Tusk|High Horsepower|p2b: Red Velvet\n|-activate|p2b: Red Velvet|move: Protect\n|-status|p1a: Great Tusk|psn\n|\n|-damage|p1a: Great Tusk|88\/100 psn|[from] psn\n|upkeep\n|turn|5\n|\n|t:|1698259842\n|switch|p2b: Cramorant|Cramorant, M|100\/100\n|move|p1b: Dragapult|Thunderbolt|p2b: Cramorant\n|-supereffective|p2b: Cramorant\n|-enditem|p2b: Cramorant|Focus Sash\n|-damage|p2b: Cramorant|1\/100\n|-damage|p1b: Dragapult|81\/100|[from] item: Life Orb\n|move|p2a: Ogerpon|Horn Leech|p1a: Great Tusk\n|-supereffective|p1a: Great Tusk\n|-damage|p1a: Great Tusk|0 fnt\n|-heal|p2a: Ogerpon|100\/100|[from] drain|[of] p1a: Great Tusk\n|faint|p1a: Great Tusk\n|-end|p1a: Great Tusk|Protosynthesis|[silent]\n|\n|upkeep\n|inactive|Poison2W has 120 seconds left.\n|\n|t:|1698259863\n|switch|p1a: Chien-Pao|Chien-Pao|100\/100\n|-ability|p1a: Chien-Pao|Sword of Ruin\n|turn|6\n|inactive|Poison2W has 120 seconds left.\n|\n|t:|1698259890\n|switch|p2b: Slappems|Iron Hands|100\/100\n|move|p1b: Dragapult|Flamethrower|p2b: Slappems\n|-crit|p2b: Slappems\n|-damage|p2b: Slappems|59\/100\n|-damage|p1b: Dragapult|71\/100|[from] item: Life Orb\n|move|p1a: Chien-Pao|Throat Chop|p2a: Ogerpon\n|-damage|p2a: Ogerpon|46\/100\n|-start|p2a: Ogerpon|Throat Chop|[silent]\n|move|p2a: Ogerpon|Ivy Cudgel|p1a: Chien-Pao\n|-supereffective|p1a: Chien-Pao\n|-enditem|p1a: Chien-Pao|Focus Sash\n|-damage|p1a: Chien-Pao|1\/100\n|\n|upkeep\n|turn|7\n|\n|t:|1698259913\n|switch|p1a: Torkoal|Torkoal, L97, F|100\/100\n|-weather|SunnyDay|[from] ability: Drought|[of] p1a: Torkoal\n|move|p2a: Ogerpon|Spiky Shield|p2a: Ogerpon\n|-singleturn|p2a: Ogerpon|move: Protect\n|move|p2b: Slappems|Fake Out|p1a: Torkoal\n|-damage|p1a: Torkoal|90\/100\n|move|p1b: Dragapult|Shadow Ball|p2b: Slappems\n|-damage|p2b: Slappems|26\/100\n|-damage|p1b: Dragapult|61\/100|[from] item: Life Orb\n|\n|-weather|SunnyDay|[upkeep]\n|-end|p2a: Ogerpon|Throat Chop|[silent]\n|upkeep\n|turn|8\n|inactive|Kongojongo has 120 seconds left.\n|\n|t:|1698259963\n|move|p1b: Dragapult|Flamethrower|p2a: Ogerpon\n|-damage|p2a: Ogerpon|0 fnt\n|faint|p2a: Ogerpon\n|-damage|p1b: Dragapult|52\/100|[from] item: Life Orb\n|move|p2b: Slappems|Heavy Slam|p1b: Dragapult\n|-damage|p1b: Dragapult|0 fnt\n|faint|p1b: Dragapult\n|move|p1a: Torkoal|Flamethrower|p2b: Slappems\n|-damage|p2b: Slappems|0 fnt\n|faint|p2b: Slappems\n|-end|p2b: Slappems|Quark Drive|[silent]\n|\n|-weather|SunnyDay|[upkeep]\n|upkeep\n|inactive|Kongojongo has 120 seconds left.\n|\n|t:|1698259985\n|switch|p1b: Lilligant|Lilligant-Hisui, F|100\/100\n|switch|p2a: Blumby|Gastrodon-East, M|100\/100\n|switch|p2b: Cramorant|Cramorant, M|1\/100\n|turn|9\n|inactive|Kongojongo has 120 seconds left.\n|\n|t:|1698260002\n|switch|p2a: Red Velvet|Toxapex, F, shiny|59\/100\n|move|p1a: Torkoal|Protect|p1a: Torkoal\n|-singleturn|p1a: Torkoal|Protect\n|move|p1b: Lilligant|Leaf Blade|p2a: Red Velvet\n|-damage|p2a: Red Velvet|18\/100\n|-enditem|p2a: Red Velvet|Sitrus Berry|[eat]\n|-heal|p2a: Red Velvet|43\/100|[from] item: Sitrus Berry\n|move|p2b: Cramorant|Chilling Water|p1a: Torkoal\n|-activate|p1a: Torkoal|move: Protect\n|\n|-weather|SunnyDay|[upkeep]\n|upkeep\n|turn|10\n|\n|t:|1698260016\n|-terastallize|p1a: Torkoal|Fire\n|move|p1b: Lilligant|After You|p1a: Torkoal\n|-activate|p1a: Torkoal|move: After You\n|move|p1a: Torkoal|Eruption|p2b: Cramorant|[spread] p2a,p2b\n|-resisted|p2a: Red Velvet\n|-resisted|p2b: Cramorant\n|-damage|p2a: Red Velvet|0 fnt\n|-damage|p2b: Cramorant|0 fnt\n|faint|p2a: Red Velvet\n|faint|p2b: Cramorant\n|\n|-weather|SunnyDay|[upkeep]\n|upkeep\n|\n|t:|1698260025\n|switch|p2b: Blumby|Gastrodon-East, M|100\/100\n|switch|p2a: Har har har har|Ursaluna-Bloodmoon, M, tera:Ghost|70\/100\n|turn|11\n|\n|t:|1698260037\n|move|p1b: Lilligant|Solar Blade||[still]\n|-prepare|p1b: Lilligant|Solar Blade\n|-anim|p1b: Lilligant|Solar Blade|p2b: Blumby\n|-supereffective|p2b: Blumby\n|-damage|p2b: Blumby|0 fnt\n|faint|p2b: Blumby\n|move|p2a: Har har har har|Moonblast|p1b: Lilligant\n|-supereffective|p1b: Lilligant\n|-enditem|p1b: Lilligant|Focus Sash\n|-damage|p1b: Lilligant|1\/100\n|move|p1a: Torkoal|Flamethrower|p2a: Har har har har\n|-damage|p2a: Har har har har|0 fnt\n|faint|p2a: Har har har har\n|\n|win|Poison2W\n|raw|Poison2W's rating: 1045 &rarr; <strong>1078<\/strong><br \/>(+33 for winning)\n|raw|Kongojongo's rating: 1047 &rarr; <strong>1030<\/strong><br \/>(-17 for losing)\n|l|\u2606Poison2W\n|c|\u2606Kongojongo|gg\n","uploadtime":1698260062,"views":13,"p1id":"poison2w","p2id":"kongojongo","formatid":"gen9doublesou","rating":1030,"private":0,"password":""}