{"id":"gen9doublesou-2000565041","p1":"pablo ruiz pikachu","p2":"meep3636","format":"[Gen 9] Doubles OU","log":"|j|\u2606pablo ruiz pikachu\n|j|\u2606meep3636\n|t:|1701205820\n|gametype|doubles\n|player|p1|pablo ruiz pikachu|artist|1239\n|player|p2|meep3636|101|1119\n|teamsize|p1|6\n|teamsize|p2|4\n|gen|9\n|tier|[Gen 9] Doubles OU\n|rated|\n|rule|Species Clause: Limit one of each Pok\u00e9mon\n|rule|OHKO Clause: OHKO moves are banned\n|rule|Evasion Moves Clause: Evasion moves are banned\n|rule|Gravity Sleep Clause: The combination of sleep-inducing moves with imperfect accuracy and Gravity or Gigantamax Orbeetle are banned\n|rule|Endless Battle Clause: Forcing endless battles is banned\n|rule|HP Percentage Mod: HP is shown in percentages\n|clearpoke\n|poke|p1|Lucario, M|\n|poke|p1|Weavile, M|\n|poke|p1|Sinistcha-Masterpiece|\n|poke|p1|Garganacl, F|\n|poke|p1|Flutter Mane|\n|poke|p1|Grimmsnarl, M|\n|poke|p2|Amoonguss, F|\n|poke|p2|Brute Bonnet|\n|poke|p2|Ursaluna, F|\n|poke|p2|Landorus-Therian, M|\n|teampreview\n|inactive|Battle timer is ON: inactive players will automatically lose when time's up. (requested by pablo ruiz pikachu)\n|\n|t:|1701205832\n|start\n|switch|p1a: molestio|Grimmsnarl, M, shiny|100\/100\n|switch|p1b: melenaleteo|Flutter Mane|100\/100\n|switch|p2a: Brute Bonnet|Brute Bonnet|100\/100\n|switch|p2b: Ursaluna|Ursaluna, F|100\/100\n|-enditem|p2a: Brute Bonnet|Booster Energy\n|-activate|p2a: Brute Bonnet|ability: Protosynthesis|[fromitem]\n|-start|p2a: Brute Bonnet|protosynthesisdef\n|turn|1\n|\n|t:|1701205852\n|move|p2a: Brute Bonnet|Rage Powder|p2a: Brute Bonnet\n|-singleturn|p2a: Brute Bonnet|move: Rage Powder\n|move|p1a: molestio|Reflect|p1a: molestio\n|-sidestart|p1: pablo ruiz pikachu|Reflect\n|move|p1b: melenaleteo|Taunt|p2a: Brute Bonnet\n|-start|p2a: Brute Bonnet|move: Taunt\n|move|p2b: Ursaluna|Belly Drum|p2b: Ursaluna\n|-damage|p2b: Ursaluna|51\/100\n|-setboost|p2b: Ursaluna|atk|6|[from] move: Belly Drum\n|\n|-status|p2b: Ursaluna|brn|[from] item: Flame Orb\n|upkeep\n|turn|2\n|\n|t:|1701205875\n|move|p1a: molestio|Parting Shot|p2b: Ursaluna\n|-unboost|p2b: Ursaluna|atk|1\n|-unboost|p2b: Ursaluna|spa|1\n|\n|t:|1701205882\n|switch|p1a: nacha la matcha|Sinistcha-Masterpiece|100\/100|[from] Parting Shot\n|move|p1b: melenaleteo|Perish Song|p1b: melenaleteo\n|-start|p1a: nacha la matcha|perish3|[silent]\n|-start|p1b: melenaleteo|perish3|[silent]\n|-start|p2a: Brute Bonnet|perish3|[silent]\n|-start|p2b: Ursaluna|perish3|[silent]\n|-fieldactivate|move: Perish Song\n|move|p2a: Brute Bonnet|Pollen Puff|p2b: Ursaluna\n|-heal|p2b: Ursaluna|100\/100 brn\n|move|p2b: Ursaluna|Earthquake|p1a: nacha la matcha|[spread] p2a,p1a,p1b\n|-resisted|p2a: Brute Bonnet\n|-resisted|p1a: nacha la matcha\n|-damage|p2a: Brute Bonnet|50\/100\n|-damage|p1a: nacha la matcha|49\/100\n|-enditem|p1b: melenaleteo|Focus Sash\n|-damage|p1b: melenaleteo|1\/100\n|\n|-heal|p1a: nacha la matcha|55\/100|[from] item: Leftovers\n|-damage|p2b: Ursaluna|94\/100 brn|[from] brn\n|-start|p1b: melenaleteo|perish3\n|-start|p1a: nacha la matcha|perish3\n|-start|p2a: Brute Bonnet|perish3\n|-start|p2b: Ursaluna|perish3\n|upkeep\n|turn|3\n|inactive|pablo ruiz pikachu has 120 seconds left.\n|\n|t:|1701205917\n|move|p1b: melenaleteo|Dazzling Gleam|p2a: Brute Bonnet|[spread] p2a,p2b\n|-supereffective|p2a: Brute Bonnet\n|-damage|p2a: Brute Bonnet|0 fnt\n|-damage|p2b: Ursaluna|69\/100 brn\n|faint|p2a: Brute Bonnet\n|-end|p2a: Brute Bonnet|Protosynthesis|[silent]\n|move|p1a: nacha la matcha|Strength Sap|p2b: Ursaluna\n|-unboost|p2b: Ursaluna|atk|1\n|-heal|p1a: nacha la matcha|100\/100\n|move|p2b: Ursaluna|Earthquake|p1b: melenaleteo|[spread] p1a,p1b\n|-resisted|p1a: nacha la matcha\n|-damage|p1a: nacha la matcha|52\/100\n|-damage|p1b: melenaleteo|0 fnt\n|faint|p1b: melenaleteo\n|-end|p1b: melenaleteo|Protosynthesis|[silent]\n|\n|-heal|p1a: nacha la matcha|58\/100|[from] item: Leftovers\n|-damage|p2b: Ursaluna|63\/100 brn|[from] brn\n|-start|p1a: nacha la matcha|perish2\n|-start|p2b: Ursaluna|perish2\n|upkeep\n|\n|t:|1701205942\n|switch|p1b: el palizas|Weavile, M|100\/100\n|switch|p2a: Amoonguss|Amoonguss, F|100\/100\n|-ability|p1b: el palizas|Pressure\n|turn|4\n|\n|t:|1701205958\n|move|p2a: Amoonguss|Rage Powder|p2a: Amoonguss\n|-singleturn|p2a: Amoonguss|move: Rage Powder\n|move|p1b: el palizas|Ice Spinner|p2a: Amoonguss\n|-supereffective|p2a: Amoonguss\n|-damage|p2a: Amoonguss|17\/100\n|-damage|p1b: el palizas|84\/100|[from] item: Rocky Helmet|[of] p2a: Amoonguss\n|-status|p1b: el palizas|par|[from] ability: Effect Spore|[of] p2a: Amoonguss\n|move|p1a: nacha la matcha|Strength Sap|p2b: Ursaluna\n|-unboost|p2b: Ursaluna|atk|1\n|-heal|p1a: nacha la matcha|100\/100\n|move|p2b: Ursaluna|Earthquake|p1b: el palizas|[spread] p2a,p1a,p1b\n|-resisted|p1a: nacha la matcha\n|-damage|p2a: Amoonguss|0 fnt\n|-damage|p1a: nacha la matcha|59\/100\n|-damage|p1b: el palizas|0 fnt\n|faint|p2a: Amoonguss\n|faint|p1b: el palizas\n|\n|-heal|p1a: nacha la matcha|65\/100|[from] item: Leftovers\n|-damage|p2b: Ursaluna|57\/100 brn|[from] brn\n|-start|p1a: nacha la matcha|perish1\n|-start|p2b: Ursaluna|perish1\n|upkeep\n|\n|t:|1701205985\n|switch|p1b: molestio|Grimmsnarl, M, shiny|100\/100\n|switch|p2a: Landorus|Landorus-Therian, M|100\/100\n|-ability|p2a: Landorus|Intimidate|boost\n|-unboost|p1a: nacha la matcha|atk|1\n|-unboost|p1b: molestio|atk|1\n|turn|5\n|\n|t:|1701206003\n|switch|p1a: macario|Lucario, M|100\/100\n|move|p1b: molestio|Taunt|p2a: Landorus\n|-start|p2a: Landorus|move: Taunt\n|move|p2a: Landorus|Earthquake|p1a: macario|[spread] p2b,p1a,p1b\n|-supereffective|p1a: macario\n|-damage|p2b: Ursaluna|5\/100 brn\n|-damage|p1a: macario|0 fnt\n|-damage|p1b: molestio|69\/100\n|faint|p1a: macario\n|-damage|p2a: Landorus|90\/100|[from] item: Life Orb\n|move|p2b: Ursaluna|Facade|p1b: molestio\n|-damage|p1b: molestio|0 fnt\n|faint|p1b: molestio\n|\n|-damage|p2b: Ursaluna|0 fnt|[from] brn\n|faint|p2b: Ursaluna\n|upkeep\n|inactive|pablo ruiz pikachu has 120 seconds left.\n|\n|t:|1701206024\n|switch|p1a: hada de la sal|Garganacl, F|100\/100\n|switch|p1b: nacha la matcha|Sinistcha-Masterpiece|65\/100\n|turn|6\n|\n|t:|1701206040\n|-terastallize|p1a: hada de la sal|Fairy\n|move|p2a: Landorus|Smack Down|p1a: hada de la sal\n|-damage|p1a: hada de la sal|91\/100\n|-damage|p2a: Landorus|80\/100|[from] item: Life Orb\n|move|p1b: nacha la matcha|Matcha Gotcha|p2a: Landorus\n|-damage|p2a: Landorus|36\/100\n|-heal|p1b: nacha la matcha|86\/100|[from] drain|[of] p2a: Landorus\n|move|p1a: hada de la sal|Curse|p1a: hada de la sal\n|-unboost|p1a: hada de la sal|spe|1\n|-boost|p1a: hada de la sal|atk|1\n|-boost|p1a: hada de la sal|def|1\n|\n|-heal|p1b: nacha la matcha|92\/100|[from] item: Leftovers\n|-heal|p1a: hada de la sal|97\/100|[from] item: Leftovers\n|upkeep\n|turn|7\n|\n|t:|1701206061\n|-terastallize|p2a: Landorus|Ground\n|move|p2a: Landorus|Earthquake|p1b: nacha la matcha|[spread] p1a,p1b\n|-resisted|p1b: nacha la matcha\n|-damage|p1a: hada de la sal|77\/100\n|-damage|p1b: nacha la matcha|73\/100\n|-damage|p2a: Landorus|26\/100|[from] item: Life Orb\n|move|p1b: nacha la matcha|Calm Mind|p1b: nacha la matcha\n|-boost|p1b: nacha la matcha|spa|1\n|-boost|p1b: nacha la matcha|spd|1\n|move|p1a: hada de la sal|Salt Cure|p2a: Landorus\n|-resisted|p2a: Landorus\n|-damage|p2a: Landorus|15\/100\n|-start|p2a: Landorus|Salt Cure\n|\n|-heal|p1b: nacha la matcha|79\/100|[from] item: Leftovers\n|-heal|p1a: hada de la sal|83\/100|[from] item: Leftovers\n|-damage|p2a: Landorus|2\/100|[from] Salt Cure\n|-end|p2a: Landorus|move: Taunt\n|upkeep\n|turn|8\n|-message|meep3636 forfeited.\n|\n|win|pablo ruiz pikachu\n|raw|pablo ruiz pikachu's rating: 1239 &rarr; <strong>1256<\/strong><br \/>(+17 for winning)\n|raw|meep3636's rating: 1119 &rarr; <strong>1102<\/strong><br \/>(-17 for losing)\n|l|\u2606meep3636\n","uploadtime":1701206263,"views":2,"p1id":"pabloruizpikachu","p2id":"meep3636","formatid":"gen9doublesou","rating":1102,"private":0,"password":""}