{"id":"gen9doublesou-1978491954","p1":"Lord Bromosalino","p2":"SamuelRH","format":"[Gen 9] Doubles OU","log":"|j|\u2606Lord Bromosalino\n|j|\u2606SamuelRH\n|t:|1698545974\n|gametype|doubles\n|player|p1|Lord Bromosalino|veteran|1402\n|player|p2|SamuelRH|lance|1188\n|teamsize|p1|6\n|teamsize|p2|6\n|gen|9\n|tier|[Gen 9] Doubles OU\n|rated|\n|rule|Species Clause: Limit one of each Pok\u00e9mon\n|rule|OHKO Clause: OHKO moves are banned\n|rule|Evasion Moves Clause: Evasion moves are banned\n|rule|Gravity Sleep Clause: The combination of sleep-inducing moves with imperfect accuracy and Gravity or Gigantamax Orbeetle are banned\n|rule|Endless Battle Clause: Forcing endless battles is banned\n|rule|HP Percentage Mod: HP is shown in percentages\n|clearpoke\n|poke|p1|Dragapult, F|\n|poke|p1|Infernape, M|\n|poke|p1|Sylveon, F|\n|poke|p1|Kleavor, M|\n|poke|p1|Meowscarada, F|\n|poke|p1|Golem, F|\n|poke|p2|Palafin, F|\n|poke|p2|Amoonguss, F|\n|poke|p2|Tyranitar, M|\n|poke|p2|Clefable, F|\n|poke|p2|Gholdengo|\n|poke|p2|Great Tusk|\n|teampreview\n|inactive|Battle timer is ON: inactive players will automatically lose when time's up. (requested by Lord Bromosalino)\n|\n|t:|1698545996\n|start\n|switch|p1a: Infernape|Infernape, M|100\/100\n|switch|p1b: Kleavor|Kleavor, M|100\/100\n|switch|p2a: Amoonguss|Amoonguss, F|100\/100\n|switch|p2b: Gholdengo|Gholdengo|100\/100\n|turn|1\n|\n|t:|1698546011\n|move|p2b: Gholdengo|Protect|p2b: Gholdengo\n|-singleturn|p2b: Gholdengo|Protect\n|move|p1a: Infernape|Flare Blitz|p2b: Gholdengo\n|-activate|p2b: Gholdengo|move: Protect\n|move|p1b: Kleavor|Stone Axe|p2a: Amoonguss\n|-damage|p2a: Amoonguss|57\/100\n|-status|p1b: Kleavor|slp|[from] ability: Effect Spore|[of] p2a: Amoonguss\n|-sidestart|p2: SamuelRH|move: Stealth Rock\n|move|p2a: Amoonguss|Spore|p1a: Infernape\n|-status|p1a: Infernape|slp|[from] move: Spore\n|\n|upkeep\n|turn|2\n|\n|t:|1698546037\n|switch|p2a: Palafin|Palafin, F|100\/100\n|-damage|p2a: Palafin|88\/100|[from] Stealth Rock\n|cant|p1a: Infernape|slp\n|cant|p1b: Kleavor|slp\n|move|p2b: Gholdengo|Thunderbolt|p1a: Infernape\n|-damage|p1a: Infernape|45\/100 slp\n|\n|upkeep\n|turn|3\n|\n|t:|1698546058\n|-curestatus|p1a: Infernape|slp|[msg]\n|move|p1a: Infernape|Flare Blitz|p2b: Gholdengo\n|-supereffective|p2b: Gholdengo\n|-damage|p2b: Gholdengo|0 fnt\n|faint|p2b: Gholdengo\n|-damage|p1a: Infernape|10\/100|[from] Recoil\n|-damage|p1a: Infernape|0 fnt|[from] item: Life Orb\n|faint|p1a: Infernape\n|move|p2a: Palafin|Flip Turn|p1b: Kleavor\n|-supereffective|p1b: Kleavor\n|-damage|p1b: Kleavor|49\/100 slp\n|inactive|SamuelRH has 120 seconds left.\n|\n|t:|1698546079\n|detailschange|p2a: Palafin|Palafin-Hero, F\n|switch|p2a: Great Tusk|Great Tusk|100\/100|[from] Flip Turn\n|-damage|p2a: Great Tusk|98\/100|[from] Stealth Rock\n|cant|p1b: Kleavor|slp\n|\n|upkeep\n|\n|t:|1698546092\n|switch|p1a: Meowscarada|Meowscarada, F|100\/100\n|switch|p2b: Palafin|Palafin-Hero, F|88\/100\n|-damage|p2b: Palafin|76\/100|[from] Stealth Rock\n|-activate|p2b: Palafin|ability: Zero to Hero\n|turn|4\n|\n|t:|1698546106\n|-terastallize|p2b: Palafin|Fighting\n|move|p1a: Meowscarada|Flower Trick|p2a: Great Tusk\n|-start|p1a: Meowscarada|typechange|Grass|[from] ability: Protean\n|-supereffective|p2a: Great Tusk\n|-crit|p2a: Great Tusk\n|-damage|p2a: Great Tusk|5\/100\n|move|p2b: Palafin|Bulk Up|p2b: Palafin\n|-boost|p2b: Palafin|atk|1\n|-boost|p2b: Palafin|def|1\n|cant|p1b: Kleavor|slp\n|move|p2a: Great Tusk|Close Combat|p1a: Meowscarada\n|-damage|p1a: Meowscarada|8\/100\n|-unboost|p2a: Great Tusk|def|1\n|-unboost|p2a: Great Tusk|spd|1\n|\n|upkeep\n|turn|5\n|\n|t:|1698546135\n|move|p2b: Palafin|Jet Punch|p1b: Kleavor\n|-supereffective|p1b: Kleavor\n|-damage|p1b: Kleavor|0 fnt\n|faint|p1b: Kleavor\n|move|p1a: Meowscarada|Flower Trick|p2b: Palafin\n|-crit|p2b: Palafin\n|-damage|p2b: Palafin|3\/100\n|move|p2a: Great Tusk|Ice Spinner|p1a: Meowscarada\n|-supereffective|p1a: Meowscarada\n|-damage|p1a: Meowscarada|0 fnt\n|faint|p1a: Meowscarada\n|\n|upkeep\n|inactive|Lord Bromosalino has 120 seconds left.\n|\n|t:|1698546153\n|switch|p1a: Sylveon|Sylveon, F|100\/100\n|switch|p1b: Dragapult|Dragapult, F|100\/100\n|turn|6\n|inactive|SamuelRH has 120 seconds left.\n|\n|t:|1698546201\n|-terastallize|p1b: Dragapult|Steel\n|move|p1b: Dragapult|Shadow Ball|p2a: Great Tusk\n|-damage|p2a: Great Tusk|0 fnt\n|faint|p2a: Great Tusk\n|-end|p2a: Great Tusk|Protosynthesis|[silent]\n|-damage|p1b: Dragapult|91\/100|[from] item: Life Orb\n|move|p2b: Palafin|Drain Punch|p1a: Sylveon\n|-resisted|p1a: Sylveon\n|-damage|p1a: Sylveon|58\/100\n|-heal|p2b: Palafin|27\/100|[from] drain|[of] p1a: Sylveon\n|move|p1a: Sylveon|Hyper Voice|p2b: Palafin\n|-supereffective|p2b: Palafin\n|-damage|p2b: Palafin|0 fnt\n|faint|p2b: Palafin\n|-enditem|p1a: Sylveon|Throat Spray\n|-boost|p1a: Sylveon|spa|1|[from] item: Throat Spray\n|\n|upkeep\n|\n|t:|1698546221\n|switch|p2b: Amoonguss|Amoonguss, F|57\/100\n|switch|p2a: Clefable|Clefable, F|100\/100\n|-damage|p2b: Amoonguss|44\/100|[from] Stealth Rock\n|turn|7\n|inactive|Lord Bromosalino has 120 seconds left.\n|\n|t:|1698546257\n|move|p2a: Clefable|Follow Me|p2a: Clefable\n|-singleturn|p2a: Clefable|move: Follow Me\n|move|p1b: Dragapult|Flamethrower|p2a: Clefable\n|-crit|p2a: Clefable\n|-damage|p2a: Clefable|52\/100\n|-damage|p1b: Dragapult|81\/100|[from] item: Life Orb\n|move|p1a: Sylveon|Psychic|p2a: Clefable\n|-damage|p2a: Clefable|13\/100\n|move|p2b: Amoonguss|Spore|p1b: Dragapult\n|-status|p1b: Dragapult|slp|[from] move: Spore\n|\n|-heal|p2a: Clefable|19\/100|[from] item: Leftovers\n|upkeep\n|turn|8\n|inactive|SamuelRH has 120 seconds left.\n|\n|t:|1698546274\n|move|p2a: Clefable|Follow Me|p2a: Clefable\n|-singleturn|p2a: Clefable|move: Follow Me\n|cant|p1b: Dragapult|slp\n|move|p1a: Sylveon|Hyper Voice|p2b: Amoonguss|[spread] p2a,p2b\n|-resisted|p2b: Amoonguss\n|-damage|p2a: Clefable|0 fnt\n|-damage|p2b: Amoonguss|20\/100\n|faint|p2a: Clefable\n|move|p2b: Amoonguss|Spore|p1a: Sylveon\n|-status|p1a: Sylveon|slp|[from] move: Spore\n|\n|upkeep\n|inactive|SamuelRH has 120 seconds left.\n|\n|t:|1698546286\n|switch|p2a: Tyranitar|Tyranitar, M|100\/100\n|-damage|p2a: Tyranitar|88\/100|[from] Stealth Rock\n|-weather|Sandstorm|[from] ability: Sand Stream|[of] p2a: Tyranitar\n|turn|9\n|\n|t:|1698546302\n|cant|p1b: Dragapult|slp\n|move|p2a: Tyranitar|Dragon Dance|p2a: Tyranitar\n|-boost|p2a: Tyranitar|atk|1\n|-boost|p2a: Tyranitar|spe|1\n|cant|p1a: Sylveon|slp\n|move|p2b: Amoonguss|Spore|p1b: Dragapult\n|-fail|p1b: Dragapult|slp\n|\n|-weather|Sandstorm|[upkeep]\n|-damage|p1a: Sylveon|52\/100 slp|[from] Sandstorm\n|-damage|p2b: Amoonguss|14\/100|[from] Sandstorm\n|upkeep\n|turn|10\n|\n|t:|1698546322\n|cant|p1b: Dragapult|slp\n|move|p2a: Tyranitar|Fire Punch|p1b: Dragapult\n|-supereffective|p1b: Dragapult\n|-damage|p1b: Dragapult|0 fnt\n|faint|p1b: Dragapult\n|cant|p1a: Sylveon|slp\n|move|p2b: Amoonguss|Clear Smog|p1a: Sylveon\n|-supereffective|p1a: Sylveon\n|-damage|p1a: Sylveon|31\/100 slp\n|-clearboost|p1a: Sylveon\n|\n|-weather|Sandstorm|[upkeep]\n|-damage|p1a: Sylveon|25\/100 slp|[from] Sandstorm\n|-damage|p2b: Amoonguss|7\/100|[from] Sandstorm\n|upkeep\n|\n|t:|1698546327\n|switch|p1b: Golem|Golem, F|100\/100\n|turn|11\n|inactive|SamuelRH has 120 seconds left.\n|\n|t:|1698546368\n|move|p2a: Tyranitar|Crunch|p1b: Golem\n|-damage|p1b: Golem|51\/100\n|-unboost|p1b: Golem|def|1\n|-curestatus|p1a: Sylveon|slp|[msg]\n|move|p1a: Sylveon|Hyper Voice|p2b: Amoonguss|[spread] p2a,p2b\n|-supereffective|p2a: Tyranitar\n|-resisted|p2b: Amoonguss\n|-damage|p2a: Tyranitar|35\/100\n|-damage|p2b: Amoonguss|0 fnt\n|-enditem|p2a: Tyranitar|Sitrus Berry|[eat]\n|-heal|p2a: Tyranitar|60\/100|[from] item: Sitrus Berry\n|faint|p2b: Amoonguss\n|move|p1b: Golem|Bulldoze|p2a: Tyranitar|[spread] p1a,p2a\n|-supereffective|p2a: Tyranitar\n|-damage|p1a: Sylveon|0 fnt\n|-damage|p2a: Tyranitar|19\/100\n|-unboost|p2a: Tyranitar|spe|1\n|faint|p1a: Sylveon\n|\n|-weather|Sandstorm|[upkeep]\n|upkeep\n|turn|12\n|inactive|SamuelRH has 120 seconds left.\n|\n|t:|1698546388\n|move|p2a: Tyranitar|Crunch|p1b: Golem\n|-damage|p1b: Golem|0 fnt\n|faint|p1b: Golem\n|\n|win|SamuelRH\n|raw|Lord Bromosalino's rating: 1402 &rarr; <strong>1371<\/strong><br \/>(-31 for losing)\n|raw|SamuelRH's rating: 1188 &rarr; <strong>1227<\/strong><br \/>(+39 for winning)\n|l|\u2606Lord Bromosalino\n","uploadtime":1698546516,"views":17,"p1id":"lordbromosalino","p2id":"samuelrh","formatid":"gen9doublesou","rating":1227,"private":0,"password":""}