{"id":"gen9doublesou-1973747107","p1":"PokeCraft89","p2":"C trepas drole","format":"[Gen 9] Doubles OU","log":"|j|\u2606PokeCraft89\n|j|\u2606C trepas drole\n|t:|1698009318\n|gametype|doubles\n|player|p1|PokeCraft89|alder|1181\n|player|p2|C trepas drole|266|1095\n|teamsize|p1|6\n|teamsize|p2|6\n|gen|9\n|tier|[Gen 9] Doubles OU\n|rated|\n|rule|Species Clause: Limit one of each Pok\u00e9mon\n|rule|OHKO Clause: OHKO moves are banned\n|rule|Evasion Moves Clause: Evasion moves are banned\n|rule|Gravity Sleep Clause: The combination of sleep-inducing moves with imperfect accuracy and Gravity or Gigantamax Orbeetle are banned\n|rule|Endless Battle Clause: Forcing endless battles is banned\n|rule|HP Percentage Mod: HP is shown in percentages\n|clearpoke\n|poke|p1|Flutter Mane|\n|poke|p1|Landorus-Therian, M|\n|poke|p1|Chien-Pao|\n|poke|p1|Rillaboom, M|\n|poke|p1|Amoonguss, M|\n|poke|p1|Kingambit, M|\n|poke|p2|Goodra-Hisui, F|\n|poke|p2|Dedenne, M|\n|poke|p2|Empoleon, F|\n|poke|p2|Bronzong|\n|poke|p2|Politoed, M|\n|poke|p2|Skuntank, F|\n|teampreview\n|inactive|Battle timer is ON: inactive players will automatically lose when time's up. (requested by C trepas drole)\n|\n|t:|1698009339\n|start\n|switch|p1a: Rillaboom|Rillaboom, M|100\/100\n|switch|p1b: Chien-Pao|Chien-Pao|100\/100\n|switch|p2a: Bronzong|Bronzong|100\/100\n|switch|p2b: Empoleon|Empoleon, F|100\/100\n|-ability|p1b: Chien-Pao|Sword of Ruin\n|-fieldstart|move: Grassy Terrain|[from] ability: Grassy Surge|[of] p1a: Rillaboom\n|-enditem|p1a: Rillaboom|Grassy Seed\n|-boost|p1a: Rillaboom|def|1|[from] item: Grassy Seed\n|turn|1\n|\n|t:|1698009358\n|switch|p2b: Goodra|Goodra-Hisui, F|100\/100\n|move|p1b: Chien-Pao|Crunch|p2a: Bronzong\n|-supereffective|p2a: Bronzong\n|-damage|p2a: Bronzong|9\/100\n|-unboost|p2a: Bronzong|def|1\n|move|p1a: Rillaboom|Drum Beating|p2b: Goodra\n|-ability|p2b: Goodra|Sap Sipper|boost\n|-boost|p2b: Goodra|atk|1\n|move|p2a: Bronzong|Trick Room|p2a: Bronzong\n|-fieldstart|move: Trick Room|[of] p2a: Bronzong\n|\n|-heal|p2a: Bronzong|15\/100|[from] item: Leftovers\n|upkeep\n|turn|2\n|inactive|C trepas drole has 120 seconds left.\n|\n|t:|1698009389\n|move|p1b: Chien-Pao|Ice Shard|p2b: Goodra\n|-crit|p2b: Goodra\n|-damage|p2b: Goodra|66\/100\n|move|p2a: Bronzong|Metal Sound|p1b: Chien-Pao\n|-unboost|p1b: Chien-Pao|spd|2\n|move|p2b: Goodra|Flamethrower|p1b: Chien-Pao\n|-supereffective|p1b: Chien-Pao\n|-enditem|p1b: Chien-Pao|Focus Sash\n|-damage|p1b: Chien-Pao|1\/100\n|move|p1a: Rillaboom|Drum Beating|p2a: Bronzong\n|-resisted|p2a: Bronzong\n|-damage|p2a: Bronzong|0 fnt\n|faint|p2a: Bronzong\n|\n|-heal|p2b: Goodra|72\/100|[from] Grassy Terrain\n|-heal|p2b: Goodra|78\/100|[from] item: Leftovers\n|-heal|p1b: Chien-Pao|7\/100|[from] Grassy Terrain\n|upkeep\n|inactive|C trepas drole has 120 seconds left.\n|\n|t:|1698009409\n|switch|p2a: Dedenne|Dedenne, M|100\/100\n|turn|3\n|\n|t:|1698009420\n|move|p1a: Rillaboom|Protect|p1a: Rillaboom\n|-singleturn|p1a: Rillaboom|Protect\n|move|p1b: Chien-Pao|Ice Shard|p2b: Goodra\n|-damage|p2b: Goodra|53\/100\n|move|p2b: Goodra|Flamethrower|p1a: Rillaboom\n|-activate|p1a: Rillaboom|move: Protect\n|move|p2a: Dedenne|Parabolic Charge|p1a: Rillaboom|[spread] p2b,p1b\n|-activate|p1a: Rillaboom|move: Protect\n|-resisted|p2b: Goodra\n|-damage|p2b: Goodra|46\/100\n|-damage|p1b: Chien-Pao|0 fnt\n|faint|p1b: Chien-Pao\n|\n|-heal|p2b: Goodra|52\/100|[from] Grassy Terrain\n|-heal|p2b: Goodra|58\/100|[from] item: Leftovers\n|upkeep\n|\n|t:|1698009426\n|switch|p1b: Landorus|Landorus-Therian, M|100\/100\n|-ability|p1b: Landorus|Intimidate|boost\n|-unboost|p2a: Dedenne|atk|1\n|-unboost|p2b: Goodra|atk|1\n|turn|4\n|\n|t:|1698009451\n|move|p2b: Goodra|Flamethrower|p1a: Rillaboom\n|-supereffective|p1a: Rillaboom\n|-damage|p1a: Rillaboom|22\/100\n|move|p1a: Rillaboom|Drum Beating|p2a: Dedenne\n|-damage|p2a: Dedenne|3\/100\n|-unboost|p2a: Dedenne|spe|1\n|-enditem|p2a: Dedenne|Sitrus Berry|[eat]\n|-heal|p2a: Dedenne|28\/100|[from] item: Sitrus Berry\n|-heal|p2a: Dedenne|61\/100|[from] ability: Cheek Pouch\n|move|p2a: Dedenne|Tearful Look|p1b: Landorus\n|-unboost|p1b: Landorus|atk|1\n|-unboost|p1b: Landorus|spa|1\n|move|p1b: Landorus|Bulk Up|p1b: Landorus\n|-boost|p1b: Landorus|atk|1\n|-boost|p1b: Landorus|def|1\n|\n|-heal|p2b: Goodra|64\/100|[from] Grassy Terrain\n|-heal|p2b: Goodra|70\/100|[from] item: Leftovers\n|-heal|p2a: Dedenne|67\/100|[from] Grassy Terrain\n|-heal|p1a: Rillaboom|28\/100|[from] Grassy Terrain\n|upkeep\n|turn|5\n|\n|t:|1698009481\n|move|p1a: Rillaboom|Protect|p1a: Rillaboom\n|-singleturn|p1a: Rillaboom|Protect\n|move|p2b: Goodra|Surf|p1b: Landorus|[spread] p2a,p1b\n|-activate|p1a: Rillaboom|move: Protect\n|-supereffective|p1b: Landorus\n|-damage|p2a: Dedenne|27\/100\n|-damage|p1b: Landorus|42\/100\n|move|p2a: Dedenne|Tearful Look|p1a: Rillaboom\n|-unboost|p1a: Rillaboom|atk|1\n|-unboost|p1a: Rillaboom|spa|1\n|move|p1b: Landorus|Earthquake|p2b: Goodra|[spread] p2a,p2b\n|-activate|p1a: Rillaboom|move: Protect\n|-supereffective|p2a: Dedenne\n|-supereffective|p2b: Goodra\n|-damage|p2a: Dedenne|0 fnt\n|-damage|p2b: Goodra|33\/100\n|faint|p2a: Dedenne\n|\n|-heal|p2b: Goodra|39\/100|[from] Grassy Terrain\n|-heal|p2b: Goodra|45\/100|[from] item: Leftovers\n|-heal|p1a: Rillaboom|34\/100|[from] Grassy Terrain\n|-fieldend|move: Trick Room\n|-fieldend|move: Grassy Terrain\n|upkeep\n|inactive|C trepas drole has 120 seconds left.\n|\n|t:|1698009502\n|switch|p2a: Skuntank|Skuntank, F|100\/100\n|turn|6\n|\n|t:|1698009517\n|move|p2a: Skuntank|Sucker Punch|p1b: Landorus\n|-damage|p1b: Landorus|18\/100\n|cant|p1b: Landorus|flinch\n|move|p1a: Rillaboom|Wood Hammer|p2a: Skuntank\n|-resisted|p2a: Skuntank\n|-damage|p2a: Skuntank|78\/100\n|-damage|p1a: Rillaboom|25\/100|[from] Recoil\n|move|p2b: Goodra|Surf|p1b: Landorus|[spread] p2a,p1a,p1b\n|-resisted|p1a: Rillaboom\n|-supereffective|p1b: Landorus\n|-damage|p2a: Skuntank|47\/100\n|-damage|p1a: Rillaboom|9\/100\n|-damage|p1b: Landorus|0 fnt\n|faint|p1b: Landorus\n|\n|-heal|p2b: Goodra|51\/100|[from] item: Leftovers\n|upkeep\n|\n|t:|1698009523\n|switch|p1b: Flutter Mane|Flutter Mane|100\/100\n|turn|7\n|\n|t:|1698009551\n|move|p2a: Skuntank|Sucker Punch|p1b: Flutter Mane\n|-damage|p1b: Flutter Mane|35\/100\n|move|p1b: Flutter Mane|Dazzling Gleam|p2b: Goodra|[spread] p2a,p2b\n|-damage|p2a: Skuntank|0 fnt\n|-damage|p2b: Goodra|17\/100\n|faint|p2a: Skuntank\n|move|p1a: Rillaboom|Wood Hammer|p2b: Goodra\n|-ability|p2b: Goodra|Sap Sipper|boost\n|-boost|p2b: Goodra|atk|1\n|move|p2b: Goodra|Surf|p1a: Rillaboom|[spread] p1a,p1b\n|-resisted|p1a: Rillaboom\n|-damage|p1a: Rillaboom|0 fnt\n|-damage|p1b: Flutter Mane|9\/100\n|faint|p1a: Rillaboom\n|\n|-heal|p2b: Goodra|23\/100|[from] item: Leftovers\n|upkeep\n|\n|t:|1698009571\n|switch|p1a: Amoonguss|Amoonguss, M|100\/100\n|switch|p2a: Empoleon|Empoleon, F|100\/100\n|turn|8\n|\n|t:|1698009587\n|-terastallize|p2b: Goodra|Steel\n|move|p1a: Amoonguss|Rage Powder|p1a: Amoonguss\n|-singleturn|p1a: Amoonguss|move: Rage Powder\n|move|p1b: Flutter Mane|Dazzling Gleam|p2b: Goodra|[spread] p2a,p2b\n|-resisted|p2a: Empoleon\n|-resisted|p2b: Goodra\n|-damage|p2a: Empoleon|77\/100\n|-damage|p2b: Goodra|6\/100\n|move|p2b: Goodra|Surf|p1a: Amoonguss|[spread] p2a,p1a,p1b\n|-resisted|p2a: Empoleon\n|-resisted|p1a: Amoonguss\n|-damage|p2a: Empoleon|67\/100\n|-damage|p1a: Amoonguss|93\/100\n|-damage|p1b: Flutter Mane|0 fnt\n|faint|p1b: Flutter Mane\n|-end|p1b: Flutter Mane|Protosynthesis|[silent]\n|move|p2a: Empoleon|Ice Beam|p1a: Amoonguss\n|-supereffective|p1a: Amoonguss\n|-damage|p1a: Amoonguss|52\/100\n|\n|-heal|p2b: Goodra|12\/100|[from] item: Leftovers\n|upkeep\n|\n|t:|1698009590\n|switch|p1b: Kingambit|Kingambit, M|100\/100\n|-ability|p1b: Kingambit|Pressure\n|turn|9\n|\n|t:|1698009615\n|move|p2b: Goodra|Earthquake|p1b: Kingambit|[spread] p2a,p1a,p1b\n|-supereffective|p2a: Empoleon\n|-supereffective|p1b: Kingambit\n|-damage|p2a: Empoleon|24\/100\n|-damage|p1a: Amoonguss|30\/100\n|-damage|p1b: Kingambit|66\/100\n|-enditem|p2a: Empoleon|Weakness Policy\n|-boost|p2a: Empoleon|atk|2|[from] item: Weakness Policy\n|-boost|p2a: Empoleon|spa|2|[from] item: Weakness Policy\n|move|p2a: Empoleon|Ice Beam|p1a: Amoonguss\n|-supereffective|p1a: Amoonguss\n|-damage|p1a: Amoonguss|0 fnt\n|faint|p1a: Amoonguss\n|move|p1b: Kingambit|Kowtow Cleave|p2b: Goodra\n|-damage|p2b: Goodra|0 fnt\n|faint|p2b: Goodra\n|-damage|p1b: Kingambit|56\/100|[from] item: Life Orb\n|\n|upkeep\n|inactive|C trepas drole has 120 seconds left.\n|\n|t:|1698009631\n|switch|p2b: Politoed|Politoed, M|100\/100\n|turn|10\n|\n|t:|1698009641\n|-terastallize|p1b: Kingambit|Dark\n|move|p2b: Politoed|Chilling Water|p1b: Kingambit\n|-damage|p1b: Kingambit|35\/100\n|-unboost|p1b: Kingambit|atk|1\n|move|p2a: Empoleon|Roost|p2a: Empoleon\n|-heal|p2a: Empoleon|74\/100\n|-singleturn|p2a: Empoleon|move: Roost\n|move|p1b: Kingambit|Kowtow Cleave|p2a: Empoleon\n|-damage|p2a: Empoleon|18\/100\n|-damage|p1b: Kingambit|25\/100|[from] item: Life Orb\n|\n|upkeep\n|turn|11\n|\n|t:|1698009657\n|move|p2b: Politoed|Chilling Water|p1b: Kingambit\n|-damage|p1b: Kingambit|7\/100\n|-unboost|p1b: Kingambit|atk|1\n|move|p2a: Empoleon|Roost|p2a: Empoleon\n|-heal|p2a: Empoleon|68\/100\n|-singleturn|p2a: Empoleon|move: Roost\n|move|p1b: Kingambit|Kowtow Cleave|p2a: Empoleon\n|-damage|p2a: Empoleon|24\/100\n|-damage|p1b: Kingambit|0 fnt|[from] item: Life Orb\n|faint|p1b: Kingambit\n|\n|win|C trepas drole\n|raw|PokeCraft89's rating: 1181 &rarr; <strong>1150<\/strong><br \/>(-31 for losing)\n|raw|C trepas drole's rating: 1095 &rarr; <strong>1127<\/strong><br \/>(+32 for winning)\n|l|\u2606PokeCraft89\n|c|\u2606C trepas drole|Gg\n","uploadtime":1698009672,"views":13,"p1id":"pokecraft89","p2id":"ctrepasdrole","formatid":"gen9doublesou","rating":1127,"private":0,"password":""}