{"id":"gen9doublesou-1999557297","p1":"Iq is 100","p2":"ratpacker","format":"[Gen 9] Doubles OU","log":"|j|\u2606Iq is 100\n|j|\u2606ratpacker\n|inactive|Battle timer is ON: inactive players will automatically lose when time's up.\n|t:|1701095901\n|gametype|doubles\n|player|p1|Iq is 100|hooligans|\n|player|p2|ratpacker|twins|\n|teamsize|p1|6\n|teamsize|p2|6\n|gen|9\n|tier|[Gen 9] Doubles OU\n|rated|Tournament battle\n|rule|Species Clause: Limit one of each Pok\u00e9mon\n|rule|OHKO Clause: OHKO moves are banned\n|rule|Evasion Moves Clause: Evasion moves are banned\n|rule|Gravity Sleep Clause: The combination of sleep-inducing moves with imperfect accuracy and Gravity or Gigantamax Orbeetle are banned\n|rule|Endless Battle Clause: Forcing endless battles is banned\n|rule|HP Percentage Mod: HP is shown in percentages\n|clearpoke\n|poke|p1|Ceruledge, M|\n|poke|p1|Landorus-Therian, M|\n|poke|p1|Chien-Pao|\n|poke|p1|Iron Hands|\n|poke|p1|Sinistcha|\n|poke|p1|Clefairy, M|\n|poke|p2|Baxcalibur, F|\n|poke|p2|Dondozo, M|\n|poke|p2|Heatran, M|\n|poke|p2|Landorus-Therian, M|\n|poke|p2|Ninetales-Alola, M|\n|poke|p2|Sinistcha|\n|teampreview\n|j|*Lady Monita \u2746\n|inactive|ratpacker also wants the timer to be on.\n|c|\u2606Iq is 100|gl\n|c|\u2606ratpacker|gl\n|inactive|ratpacker has 120 seconds left.\n|inactive|ratpacker has 90 seconds left.\n|\n|t:|1701095968\n|start\n|switch|p1a: Cutie pie|Clefairy, M, shiny|100\/100\n|switch|p1b: Boo!|Ceruledge, M, shiny|100\/100\n|switch|p2a: Ninetales|Ninetales-Alola, M|100\/100\n|switch|p2b: Baxcalibur|Baxcalibur, F|100\/100\n|-weather|Snow|[from] ability: Snow Warning|[of] p2a: Ninetales\n|turn|1\n|inactive|ratpacker has 120 seconds left.\n|\n|t:|1701095999\n|move|p1a: Cutie pie|Follow Me|p1a: Cutie pie\n|-singleturn|p1a: Cutie pie|move: Follow Me\n|move|p2a: Ninetales|Aurora Veil|p2a: Ninetales\n|-sidestart|p2: ratpacker|move: Aurora Veil\n|move|p1b: Boo!|Bulk Up|p1b: Boo!\n|-boost|p1b: Boo!|atk|1\n|-boost|p1b: Boo!|def|1\n|move|p2b: Baxcalibur|Icicle Crash|p1a: Cutie pie\n|-damage|p1a: Cutie pie|49\/100\n|\n|-weather|Snow|[upkeep]\n|upkeep\n|turn|2\n|\n|t:|1701096015\n|switch|p2a: Dondozo|Dondozo, M|100\/100\n|move|p1a: Cutie pie|Follow Me|p1a: Cutie pie\n|-singleturn|p1a: Cutie pie|move: Follow Me\n|move|p1b: Boo!|Bulk Up|p1b: Boo!\n|-boost|p1b: Boo!|atk|1\n|-boost|p1b: Boo!|def|1\n|move|p2b: Baxcalibur|Icicle Crash|p1a: Cutie pie\n|-damage|p1a: Cutie pie|0 fnt\n|faint|p1a: Cutie pie\n|\n|-weather|Snow|[upkeep]\n|upkeep\n|inactive|Iq is 100 has 120 seconds left.\n|\n|t:|1701096035\n|switch|p1a: Earth bender|Landorus-Therian, M, shiny|100\/100\n|-ability|p1a: Earth bender|Intimidate|boost\n|-fail|p2a: Dondozo|unboost|Attack|[from] ability: Oblivious|[of] p2a: Dondozo\n|-unboost|p2b: Baxcalibur|atk|1\n|turn|3\n|\n|t:|1701096056\n|switch|p1a: Catch these|Iron Hands, shiny|100\/100\n|move|p2b: Baxcalibur|Ice Shard|p1a: Catch these\n|-damage|p1a: Catch these|91\/100\n|move|p1b: Boo!|Phantom Force||[still]\n|-prepare|p1b: Boo!|Phantom Force\n|move|p2a: Dondozo|Yawn|p1b: Boo!|[miss]\n|-miss|p2a: Dondozo|p1b: Boo!\n|\n|-weather|Snow|[upkeep]\n|upkeep\n|turn|4\n|inactive|ratpacker has 120 seconds left.\n|inactive|ratpacker has 90 seconds left.\n|\n|t:|1701096122\n|switch|p2b: Heatran|Heatran, M|100\/100\n|move|p1a: Catch these|Fake Out|p2a: Dondozo\n|-damage|p2a: Dondozo|95\/100\n|move|p1b: Boo!|Phantom Force|p2a: Dondozo|[from]lockedmove\n|-damage|p2a: Dondozo|60\/100\n|cant|p2a: Dondozo|flinch\n|\n|-weather|Snow|[upkeep]\n|-heal|p2a: Dondozo|66\/100|[from] item: Leftovers\n|upkeep\n|turn|5\n|\n|t:|1701096141\n|-end|p1a: Catch these|Quark Drive|[silent]\n|switch|p1a: Earth bender|Landorus-Therian, M, shiny|100\/100\n|-ability|p1a: Earth bender|Intimidate|boost\n|-fail|p2a: Dondozo|unboost|Attack|[from] ability: Oblivious|[of] p2a: Dondozo\n|-unboost|p2b: Heatran|atk|1\n|move|p1b: Boo!|Phantom Force||[still]\n|-prepare|p1b: Boo!|Phantom Force\n|move|p2b: Heatran|Magma Storm|p1a: Earth bender\n|-damage|p1a: Earth bender|34\/100\n|-activate|p1a: Earth bender|move: Magma Storm|[of] p2b: Heatran\n|move|p2a: Dondozo|Yawn|p1a: Earth bender\n|-start|p1a: Earth bender|move: Yawn|[of] p2a: Dondozo\n|\n|-weather|none\n|-heal|p2a: Dondozo|72\/100|[from] item: Leftovers\n|-damage|p1a: Earth bender|22\/100|[from] move: Magma Storm|[partiallytrapped]\n|upkeep\n|turn|6\n|\n|t:|1701096167\n|switch|p2b: Sinistcha|Sinistcha|100\/100\n|-heal|p2a: Dondozo|97\/100|[from] ability: Hospitality|[of] p2b: Sinistcha\n|move|p1a: Earth bender|Earthquake|p2b: Sinistcha|[spread] p2a,p2b\n|-miss|p1a: Earth bender|p1b: Boo!\n|-resisted|p2b: Sinistcha\n|-crit|p2b: Sinistcha\n|-damage|p2a: Dondozo|81\/100\n|-damage|p2b: Sinistcha|76\/100\n|-enditem|p2b: Sinistcha|Eject Button\n|\n|t:|1701096176\n|switch|p2b: Ninetales|Ninetales-Alola, M|100\/100\n|-weather|Snow|[from] ability: Snow Warning|[of] p2b: Ninetales\n|move|p1b: Boo!|Phantom Force|p2a: Dondozo|[from]lockedmove\n|-damage|p2a: Dondozo|50\/100\n|move|p2a: Dondozo|Yawn|p1b: Boo!\n|-start|p1b: Boo!|move: Yawn|[of] p2a: Dondozo\n|\n|-weather|Snow|[upkeep]\n|-heal|p2a: Dondozo|56\/100|[from] item: Leftovers\n|-end|p1a: Earth bender|Magma Storm|[partiallytrapped]|[silent]\n|-end|p1a: Earth bender|move: Yawn|[silent]\n|-status|p1a: Earth bender|slp\n|upkeep\n|turn|7\n|\n|t:|1701096202\n|switch|p1a: Catch these|Iron Hands, shiny|91\/100\n|-terastallize|p1b: Boo!|Fire\n|move|p2b: Ninetales|Aurora Veil||[still]\n|-fail|p2b: Ninetales\n|move|p1b: Boo!|Bitter Blade|p2b: Ninetales\n|-supereffective|p2b: Ninetales\n|-damage|p2b: Ninetales|0 fnt\n|faint|p2b: Ninetales\n|move|p2a: Dondozo|Wave Crash|p1b: Boo!\n|-supereffective|p1b: Boo!\n|-damage|p1b: Boo!|49\/100\n|-ability|p1b: Boo!|Weak Armor|boost\n|-unboost|p1b: Boo!|def|1\n|-boost|p1b: Boo!|spe|2\n|-enditem|p1b: Boo!|Weakness Policy\n|-boost|p1b: Boo!|atk|2|[from] item: Weakness Policy\n|-boost|p1b: Boo!|spa|2|[from] item: Weakness Policy\n|-damage|p2a: Dondozo|44\/100|[from] Recoil\n|\n|-weather|Snow|[upkeep]\n|-heal|p2a: Dondozo|50\/100|[from] item: Leftovers\n|-end|p1b: Boo!|move: Yawn|[silent]\n|-status|p1b: Boo!|slp\n|upkeep\n|\n|t:|1701096216\n|switch|p2b: Landorus|Landorus-Therian, M|100\/100\n|-ability|p2b: Landorus|Intimidate|boost\n|-unboost|p1a: Catch these|atk|1\n|-unboost|p1b: Boo!|atk|1\n|turn|8\n|inactive|ratpacker has 120 seconds left.\n|\n|t:|1701096240\n|move|p1a: Catch these|Fake Out|p2b: Landorus\n|-damage|p2b: Landorus|95\/100\n|cant|p1b: Boo!|slp\n|cant|p2b: Landorus|flinch\n|move|p2a: Dondozo|Wave Crash|p1b: Boo!\n|-supereffective|p1b: Boo!\n|-damage|p1b: Boo!|0 fnt\n|faint|p1b: Boo!\n|-damage|p2a: Dondozo|38\/100|[from] Recoil\n|\n|-weather|Snow|[upkeep]\n|-heal|p2a: Dondozo|44\/100|[from] item: Leftovers\n|-sideend|p2: ratpacker|move: Aurora Veil\n|upkeep\n|\n|t:|1701096251\n|switch|p1b: Earth bender|Landorus-Therian, M, shiny|22\/100 slp\n|-ability|p1b: Earth bender|Intimidate|boost\n|-fail|p2a: Dondozo|unboost|Attack|[from] ability: Oblivious|[of] p2a: Dondozo\n|-unboost|p2b: Landorus|atk|1\n|turn|9\n|\n|t:|1701096268\n|switch|p2a: Baxcalibur|Baxcalibur, F|100\/100\n|cant|p1b: Earth bender|slp\n|move|p2b: Landorus|Stealth Rock|p1b: Earth bender\n|-sidestart|p1: Iq is 100|move: Stealth Rock\n|move|p1a: Catch these|Thunder Punch|p2a: Baxcalibur\n|-resisted|p2a: Baxcalibur\n|-damage|p2a: Baxcalibur|93\/100\n|\n|-weather|Snow|[upkeep]\n|upkeep\n|turn|10\n|inactive|Iq is 100 has 120 seconds left.\n|\n|t:|1701096310\n|-curestatus|p1b: Earth bender|slp|[msg]\n|move|p1b: Earth bender|Bulk Up|p1b: Earth bender\n|-boost|p1b: Earth bender|atk|1\n|-boost|p1b: Earth bender|def|1\n|move|p2b: Landorus|Sandsear Storm|p1b: Earth bender|[spread] p1a\n|-immune|p1b: Earth bender\n|-supereffective|p1a: Catch these\n|-damage|p1a: Catch these|59\/100\n|move|p2a: Baxcalibur|High Horsepower|p1a: Catch these\n|-supereffective|p1a: Catch these\n|-damage|p1a: Catch these|10\/100\n|move|p1a: Catch these|Drain Punch|p2a: Baxcalibur\n|-supereffective|p2a: Baxcalibur\n|-damage|p2a: Baxcalibur|63\/100\n|-heal|p1a: Catch these|23\/100|[from] drain|[of] p2a: Baxcalibur\n|\n|-weather|none\n|upkeep\n|turn|11\n|inactive|Iq is 100 has 120 seconds left.\n|\n|t:|1701096337\n|move|p2a: Baxcalibur|Ice Shard|p1b: Earth bender\n|-supereffective|p1b: Earth bender\n|-damage|p1b: Earth bender|0 fnt\n|faint|p1b: Earth bender\n|move|p2b: Landorus|Sandsear Storm|p1a: Catch these\n|-supereffective|p1a: Catch these\n|-damage|p1a: Catch these|0 fnt\n|faint|p1a: Catch these\n|-end|p1a: Catch these|Quark Drive|[silent]\n|\n|upkeep\n|\n|t:|1701096352\n|switch|p1b: tea|Sinistcha|100\/100\n|switch|p1a: Cold as ice|Chien-Pao|100\/100\n|-damage|p1a: Cold as ice|75\/100|[from] Stealth Rock\n|-ability|p1a: Cold as ice|Sword of Ruin\n|-damage|p1b: tea|88\/100|[from] Stealth Rock\n|-heal|p1a: Cold as ice|100\/100|[from] ability: Hospitality|[of] p1b: tea\n|turn|12\n|inactive|Iq is 100 has 120 seconds left.\n|\n|t:|1701096363\n|switch|p2b: Sinistcha|Sinistcha|76\/100\n|-heal|p2a: Baxcalibur|88\/100|[from] ability: Hospitality|[of] p2b: Sinistcha\n|move|p1a: Cold as ice|Swords Dance|p1a: Cold as ice\n|-boost|p1a: Cold as ice|atk|2\n|move|p2a: Baxcalibur|Icicle Crash|p1b: tea\n|-supereffective|p1b: tea\n|-damage|p1b: tea|0 fnt\n|faint|p1b: tea\n|\n|upkeep\n|turn|13\n|\n|t:|1701096379\n|move|p1a: Cold as ice|Ice Shard|p2b: Sinistcha\n|-supereffective|p2b: Sinistcha\n|-damage|p2b: Sinistcha|0 fnt\n|faint|p2b: Sinistcha\n|move|p2a: Baxcalibur|Glaive Rush|p1a: Cold as ice\n|-damage|p1a: Cold as ice|21\/100\n|-singlemove|p2a: Baxcalibur|Glaive Rush|[silent]\n|\n|upkeep\n|\n|t:|1701096386\n|switch|p2b: Landorus|Landorus-Therian, M|95\/100\n|-ability|p2b: Landorus|Intimidate|boost\n|-unboost|p1a: Cold as ice|atk|1\n|turn|14\n|\n|t:|1701096390\n|move|p1a: Cold as ice|Ice Shard|p2b: Landorus\n|-supereffective|p2b: Landorus\n|-damage|p2b: Landorus|0 fnt\n|faint|p2b: Landorus\n|move|p2a: Baxcalibur|Ice Shard|p1a: Cold as ice\n|-resisted|p1a: Cold as ice\n|-damage|p1a: Cold as ice|8\/100\n|\n|upkeep\n|\n|t:|1701096393\n|switch|p2b: Heatran|Heatran, M|100\/100\n|turn|15\n|\n|t:|1701096402\n|move|p2a: Baxcalibur|Ice Shard|p1a: Cold as ice\n|-resisted|p1a: Cold as ice\n|-damage|p1a: Cold as ice|0 fnt\n|faint|p1a: Cold as ice\n|\n|win|ratpacker\n|n|\u2606Iq is 100|iqis100\n|n|\u2606ratpacker|ratpacker\n|n|*Lady Monita \u2746|ladymonita\n|l|*Lady Monita \u2746\n|l|\u2606Iq is 100\n","uploadtime":1701096411,"views":21,"p1id":"iqis100","p2id":"ratpacker","formatid":"gen9doublesou","rating":0,"private":0,"password":""}