{"id":"gen9doublesou-1983989805","p1":"Zor_Fen","p2":"DefnotDio","format":"[Gen 9] Doubles OU","log":"|j|\u2606Zor_Fen\n|j|\u2606DefnotDio\n|t:|1699207399\n|gametype|doubles\n|player|p1|Zor_Fen|zinnia|1000\n|player|p2|DefnotDio|101|1000\n|teamsize|p1|6\n|teamsize|p2|6\n|gen|9\n|tier|[Gen 9] Doubles OU\n|rated|\n|rule|Species Clause: Limit one of each Pok\u00e9mon\n|rule|OHKO Clause: OHKO moves are banned\n|rule|Evasion Moves Clause: Evasion moves are banned\n|rule|Gravity Sleep Clause: The combination of sleep-inducing moves with imperfect accuracy and Gravity or Gigantamax Orbeetle are banned\n|rule|Endless Battle Clause: Forcing endless battles is banned\n|rule|HP Percentage Mod: HP is shown in percentages\n|clearpoke\n|poke|p1|Kricketune, M|\n|poke|p1|Chien-Pao|\n|poke|p1|Iron Bundle|\n|poke|p1|Iron Hands|\n|poke|p1|Indeedee-F, F|\n|poke|p1|Flutter Mane|\n|poke|p2|Falinks|\n|poke|p2|Oricorio-Pom-Pom, M|\n|poke|p2|Vivillon-Pokeball, M|\n|poke|p2|Pincurchin, F|\n|poke|p2|Overqwil, M|\n|poke|p2|Avalugg-Hisui, M|\n|teampreview\n|inactive|Battle timer is ON: inactive players will automatically lose when time's up. (requested by Zor_Fen)\n|\n|t:|1699207404\n|start\n|switch|p1a: Kricketune|Kricketune, M|100\/100\n|switch|p1b: Indeedee|Indeedee-F, F|100\/100\n|switch|p2a: Poppy|Oricorio-Pom-Pom, M|100\/100\n|switch|p2b: Poky|Vivillon-Pokeball, M|100\/100\n|-fieldstart|move: Psychic Terrain|[from] ability: Psychic Surge|[of] p1b: Indeedee\n|turn|1\n|c|\u2606Zor_Fen|glhf\n|\n|t:|1699207423\n|move|p2a: Poppy|Agility|p2a: Poppy\n|-boost|p2a: Poppy|spe|2\n|move|p2b: Poky|Quiver Dance|p2b: Poky\n|-boost|p2b: Poky|spa|1\n|-boost|p2b: Poky|spd|1\n|-boost|p2b: Poky|spe|1\n|-activate|p2a: Poppy|ability: Dancer\n|move|p2a: Poppy|Quiver Dance|p2a: Poppy|[from]ability: Dancer\n|-boost|p2a: Poppy|spa|1\n|-boost|p2a: Poppy|spd|1\n|-boost|p2a: Poppy|spe|1\n|move|p1a: Kricketune|Swords Dance|p1a: Kricketune\n|-boost|p1a: Kricketune|atk|2\n|-activate|p2a: Poppy|ability: Dancer\n|move|p2a: Poppy|Swords Dance|p2a: Poppy|[from]ability: Dancer\n|-boost|p2a: Poppy|atk|2\n|move|p1b: Indeedee|Trick Room|p1b: Indeedee\n|-fieldstart|move: Trick Room|[of] p1b: Indeedee\n|\n|upkeep\n|turn|2\n|inactive|Zor_Fen has 120 seconds left.\n|inactive|DefnotDio has 120 seconds left.\n|\n|t:|1699207457\n|move|p1b: Indeedee|Follow Me|p1b: Indeedee\n|-singleturn|p1b: Indeedee|move: Follow Me\n|move|p1a: Kricketune|Aerial Ace|p2b: Poky\n|-supereffective|p2b: Poky\n|-damage|p2b: Poky|0 fnt\n|faint|p2b: Poky\n|move|p2a: Poppy|Baton Pass|p2a: Poppy\n|inactive|DefnotDio has 120 seconds left.\n|\n|t:|1699207463\n|switch|p2a: Alvin|Avalugg-Hisui, M|100\/100|[from] Baton Pass\n|\n|upkeep\n|inactive|DefnotDio has 120 seconds left.\n|\n|t:|1699207471\n|switch|p2b: Fugu|Overqwil, M|100\/100\n|-ability|p2b: Fugu|Intimidate|boost\n|-unboost|p1a: Kricketune|atk|1\n|-unboost|p1b: Indeedee|atk|1\n|turn|3\n|\n|t:|1699207491\n|-terastallize|p1a: Kricketune|Bug\n|move|p1b: Indeedee|Follow Me|p1b: Indeedee\n|-singleturn|p1b: Indeedee|move: Follow Me\n|move|p1a: Kricketune|Fell Stinger|p2b: Fugu\n|-damage|p2b: Fugu|28\/100\n|move|p2a: Alvin|Body Press|p1b: Indeedee\n|-damage|p1b: Indeedee|61\/100\n|move|p2b: Fugu|Surf|p1b: Indeedee|[spread] p2a,p1a,p1b\n|-supereffective|p2a: Alvin\n|-damage|p2a: Alvin|48\/100\n|-damage|p1a: Kricketune|69\/100\n|-damage|p1b: Indeedee|43\/100\n|-damage|p2b: Fugu|19\/100|[from] item: Life Orb\n|\n|upkeep\n|turn|4\n|\n|t:|1699207512\n|move|p1a: Kricketune|Fell Stinger|p2b: Fugu\n|-damage|p2b: Fugu|0 fnt\n|faint|p2b: Fugu\n|-boost|p1a: Kricketune|atk|3\n|move|p1b: Indeedee|Psychic|p2a: Alvin\n|-damage|p2a: Alvin|0 fnt\n|faint|p2a: Alvin\n|\n|upkeep\n|\n|t:|1699207521\n|switch|p2a: Poccy|Pincurchin, F|100\/100\n|switch|p2b: Roman|Falinks, shiny|100\/100\n|-fieldstart|move: Electric Terrain|[from] ability: Electric Surge|[of] p2a: Poccy\n|turn|5\n|\n|t:|1699207535\n|move|p1b: Indeedee|Follow Me|p1b: Indeedee\n|-singleturn|p1b: Indeedee|move: Follow Me\n|move|p2a: Poccy|Poison Jab|p1b: Indeedee\n|-damage|p1b: Indeedee|23\/100\n|move|p1a: Kricketune|Aerial Ace|p2b: Roman\n|-supereffective|p2b: Roman\n|-damage|p2b: Roman|0 fnt\n|faint|p2b: Roman\n|\n|-fieldend|move: Trick Room\n|upkeep\n|\n|t:|1699207544\n|switch|p2b: Poppy|Oricorio-Pom-Pom, M|100\/100\n|turn|6\n|\n|t:|1699207564\n|move|p1b: Indeedee|Follow Me|p1b: Indeedee\n|-singleturn|p1b: Indeedee|move: Follow Me\n|move|p2b: Poppy|Revelation Dance|p1b: Indeedee\n|-damage|p1b: Indeedee|0 fnt\n|faint|p1b: Indeedee\n|move|p1a: Kricketune|Aerial Ace|p2b: Poppy\n|-resisted|p2b: Poppy\n|-damage|p2b: Poppy|40\/100\n|move|p2a: Poccy|Zing Zap|p1a: Kricketune\n|-damage|p1a: Kricketune|11\/100\n|\n|upkeep\n|\n|t:|1699207579\n|switch|p1b: Iron Bundle|Iron Bundle|100\/100\n|-activate|p1b: Iron Bundle|ability: Quark Drive\n|-start|p1b: Iron Bundle|quarkdrivespe\n|turn|7\n|\n|t:|1699207595\n|move|p1b: Iron Bundle|Icy Wind|p2a: Poccy|[spread] p2a,p2b\n|-supereffective|p2b: Poppy\n|-damage|p2a: Poccy|73\/100\n|-damage|p2b: Poppy|0 fnt\n|-unboost|p2a: Poccy|spe|1\n|faint|p2b: Poppy\n|move|p1a: Kricketune|Brick Break|p2a: Poccy\n|-damage|p2a: Poccy|0 fnt\n|faint|p2a: Poccy\n|\n|win|Zor_Fen\n|raw|Zor_Fen's rating: 1000 &rarr; <strong>1040<\/strong><br \/>(+40 for winning)\n|raw|DefnotDio's rating: 1000 &rarr; <strong>1000<\/strong><br \/>(+0 for losing)\n|c|\u2606DefnotDio|gg\n|c|\u2606Zor_Fen|tillililtuuu\n|c|\u2606Zor_Fen|gg\n|l|\u2606DefnotDio\n","uploadtime":1699207612,"views":8,"p1id":"zorfen","p2id":"defnotdio","formatid":"gen9doublesou","rating":1000,"private":0,"password":""}