{"id":"gen9doublesou-1971783353","p1":"Mizuhime","p2":"aceofspadez669","format":"[Gen 9] Doubles OU","log":"|j|\u2606Mizuhime\n|j|\u2606aceofspadez669\n|t:|1697771772\n|gametype|doubles\n|player|p1|Mizuhime|#mizuhime|1465\n|player|p2|aceofspadez669|acetrainer-gen4|1520\n|teamsize|p1|6\n|teamsize|p2|6\n|gen|9\n|tier|[Gen 9] Doubles OU\n|rated|\n|rule|Species Clause: Limit one of each Pok\u00e9mon\n|rule|OHKO Clause: OHKO moves are banned\n|rule|Evasion Moves Clause: Evasion moves are banned\n|rule|Gravity Sleep Clause: The combination of sleep-inducing moves with imperfect accuracy and Gravity or Gigantamax Orbeetle are banned\n|rule|Endless Battle Clause: Forcing endless battles is banned\n|rule|HP Percentage Mod: HP is shown in percentages\n|clearpoke\n|poke|p1|Torkoal, M|\n|poke|p1|Indeedee-F, F|\n|poke|p1|Numel, M|\n|poke|p1|Flutter Mane|\n|poke|p1|Landorus-Therian, M|\n|poke|p1|Ogerpon-Cornerstone, F|\n|poke|p2|Staraptor, M|\n|poke|p2|Volbeat, M|\n|poke|p2|Shiftry, M|\n|poke|p2|Basculegion, M|\n|poke|p2|Amoonguss, M|\n|poke|p2|Politoed, M|\n|teampreview\n|inactive|Battle timer is ON: inactive players will automatically lose when time's up. (requested by aceofspadez669)\n|\n|t:|1697771788\n|start\n|switch|p1a: Indeedee|Indeedee-F, F|100\/100\n|switch|p1b: Ogerpon|Ogerpon-Cornerstone, F|100\/100\n|switch|p2a: Star lord|Staraptor, M|100\/100\n|switch|p2b: thanos|Volbeat, M|100\/100\n|-ability|p2a: Star lord|Intimidate|boost\n|-unboost|p1a: Indeedee|atk|1\n|-unboost|p1b: Ogerpon|atk|1\n|-fieldstart|move: Psychic Terrain|[from] ability: Psychic Surge|[of] p1a: Indeedee\n|turn|1\n|\n|t:|1697771801\n|move|p2b: thanos|Tailwind|p2b: thanos\n|-sidestart|p2: aceofspadez669|move: Tailwind\n|move|p2a: Star lord|U-turn|p1b: Ogerpon\n|-supereffective|p1b: Ogerpon\n|-damage|p1b: Ogerpon|33\/100\n|\n|t:|1697771811\n|switch|p2a: draxx|Amoonguss, M|100\/100|[from] U-turn\n|move|p1b: Ogerpon|Ivy Cudgel|p2a: draxx\n|-crit|p2a: draxx\n|-damage|p2a: draxx|9\/100\n|move|p1a: Indeedee|Trick Room|p1a: Indeedee\n|-fieldstart|move: Trick Room|[of] p1a: Indeedee\n|\n|-heal|p2a: draxx|15\/100|[from] item: Black Sludge\n|upkeep\n|turn|2\n|\n|t:|1697771834\n|switch|p2a: I am groot|Shiftry, M|100\/100\n|-ability|p2a: I am groot|Wind Rider|boost\n|-boost|p2a: I am groot|atk|1\n|switch|p1a: Torkoal|Torkoal, M|100\/100\n|-weather|SunnyDay|[from] ability: Drought|[of] p1a: Torkoal\n|move|p1b: Ogerpon|Ivy Cudgel|p2b: thanos\n|-supereffective|p2b: thanos\n|-damage|p2b: thanos|34\/100\n|move|p2b: thanos|Infestation|p1b: Ogerpon\n|-supereffective|p1b: Ogerpon\n|-damage|p1b: Ogerpon|23\/100\n|-activate|p1b: Ogerpon|move: Infestation|[of] p2b: thanos\n|\n|-weather|SunnyDay|[upkeep]\n|-damage|p1b: Ogerpon|10\/100|[from] move: Infestation|[partiallytrapped]\n|upkeep\n|turn|3\n|\n|t:|1697771854\n|switch|p2b: Politoed|Politoed, M|100\/100\n|-weather|RainDance|[from] ability: Drizzle|[of] p2b: Politoed\n|-terastallize|p2a: I am groot|Rock\n|move|p1a: Torkoal|Overheat|p2a: I am groot\n|-resisted|p2a: I am groot\n|-damage|p2a: I am groot|78\/100\n|-unboost|p1a: Torkoal|spa|2\n|-enditem|p1a: Torkoal|Eject Pack\n|\n|t:|1697771867\n|switch|p1a: Landorus|Landorus-Therian, M|100\/100\n|-ability|p1a: Landorus|Intimidate|boost\n|-unboost|p2a: I am groot|atk|1\n|-unboost|p2b: Politoed|atk|1\n|move|p1b: Ogerpon|Ivy Cudgel|p2b: Politoed\n|-damage|p2b: Politoed|58\/100\n|move|p2a: I am groot|Tera Blast|p1a: Landorus|[anim] Tera Blast Rock\n|-damage|p1a: Landorus|47\/100\n|-damage|p2a: I am groot|68\/100|[from] item: Life Orb\n|\n|-weather|RainDance|[upkeep]\n|-end|p1b: Ogerpon|Infestation|[partiallytrapped]|[silent]\n|upkeep\n|turn|4\n|\n|t:|1697771877\n|switch|p2a: Star lord|Staraptor, M|100\/100\n|-ability|p2a: Star lord|Intimidate|boost\n|-unboost|p1a: Landorus|atk|1\n|-unboost|p1b: Ogerpon|atk|1\n|move|p1a: Landorus|Stomping Tantrum|p2a: Star lord\n|-immune|p2a: Star lord\n|move|p1b: Ogerpon|Horn Leech|p2a: Star lord\n|-resisted|p2a: Star lord\n|-crit|p2a: Star lord\n|-damage|p2a: Star lord|57\/100\n|-heal|p1b: Ogerpon|37\/100|[from] drain|[of] p2a: Star lord\n|move|p2b: Politoed|Muddy Water|p1a: Landorus|[spread] p1a,p1b\n|-supereffective|p1a: Landorus\n|-damage|p1a: Landorus|0 fnt\n|-damage|p1b: Ogerpon|0 fnt\n|faint|p1a: Landorus\n|faint|p1b: Ogerpon\n|\n|-weather|RainDance|[upkeep]\n|-sideend|p2: aceofspadez669|move: Tailwind\n|upkeep\n|\n|t:|1697771882\n|switch|p1a: Numel|Numel, M, shiny|100\/100\n|switch|p1b: Torkoal|Torkoal, M|100\/100\n|-weather|SunnyDay|[from] ability: Drought|[of] p1b: Torkoal\n|turn|5\n|\n|t:|1697771905\n|move|p2b: Politoed|Protect|p2b: Politoed\n|-singleturn|p2b: Politoed|Protect\n|move|p1a: Numel|Growth|p1a: Numel\n|-boost|p1a: Numel|atk|4\n|-boost|p1a: Numel|spa|4\n|move|p1b: Torkoal|Stealth Rock|p2b: Politoed\n|-sidestart|p2: aceofspadez669|move: Stealth Rock\n|move|p2a: Star lord|U-turn|p1a: Numel\n|-resisted|p1a: Numel\n|-damage|p1a: Numel|81\/100\n|inactive|aceofspadez669 has 120 seconds left.\n|\n|t:|1697771921\n|switch|p2a: thanos|Volbeat, M|34\/100|[from] U-turn\n|-damage|p2a: thanos|9\/100|[from] Stealth Rock\n|\n|-weather|SunnyDay|[upkeep]\n|-fieldend|move: Trick Room\n|-fieldend|move: Psychic Terrain\n|upkeep\n|turn|6\n|\n|t:|1697771932\n|switch|p1b: Indeedee|Indeedee-F, F|100\/100\n|-fieldstart|move: Psychic Terrain|[from] ability: Psychic Surge|[of] p1b: Indeedee\n|move|p1a: Numel|Protect|p1a: Numel\n|-singleturn|p1a: Numel|Protect\n|move|p2a: thanos|Encore|p1b: Indeedee\n|-activate|p1b: Indeedee|move: Psychic Terrain\n|move|p2b: Politoed|Muddy Water|p1b: Indeedee|[spread] p1b\n|-activate|p1a: Numel|move: Protect\n|-damage|p1b: Indeedee|91\/100\n|\n|-weather|SunnyDay|[upkeep]\n|upkeep\n|turn|7\n|\n|t:|1697771939\n|move|p1b: Indeedee|Follow Me|p1b: Indeedee\n|-singleturn|p1b: Indeedee|move: Follow Me\n|move|p2a: thanos|Roost|p2a: thanos\n|-heal|p2a: thanos|59\/100\n|-singleturn|p2a: thanos|move: Roost\n|move|p2b: Politoed|Muddy Water|p1b: Indeedee|[spread] p1a,p1b\n|-supereffective|p1a: Numel\n|-damage|p1a: Numel|22\/100\n|-damage|p1b: Indeedee|82\/100\n|move|p1a: Numel|Heat Wave|p2b: Politoed|[spread] p2a,p2b\n|-supereffective|p2a: thanos\n|-resisted|p2b: Politoed\n|-damage|p2a: thanos|0 fnt\n|-damage|p2b: Politoed|20\/100\n|faint|p2a: thanos\n|\n|-weather|SunnyDay|[upkeep]\n|upkeep\n|\n|t:|1697771949\n|switch|p2a: Star lord|Staraptor, M|57\/100\n|-damage|p2a: Star lord|32\/100|[from] Stealth Rock\n|-ability|p2a: Star lord|Intimidate|boost\n|-unboost|p1a: Numel|atk|2\n|-unboost|p1b: Indeedee|atk|1\n|turn|8\n|\n|t:|1697771957\n|move|p1a: Numel|Protect|p1a: Numel\n|-singleturn|p1a: Numel|Protect\n|move|p2a: Star lord|U-turn|p1b: Indeedee\n|-supereffective|p1b: Indeedee\n|-damage|p1b: Indeedee|26\/100\n|-enditem|p1b: Indeedee|Sitrus Berry|[eat]\n|-heal|p1b: Indeedee|51\/100|[from] item: Sitrus Berry\n|\n|t:|1697771970\n|switch|p2a: draxx|Amoonguss, M|48\/100|[from] U-turn\n|-damage|p2a: draxx|36\/100|[from] Stealth Rock\n|move|p2b: Politoed|Muddy Water|p1a: Numel|[spread] p1b\n|-activate|p1a: Numel|move: Protect\n|-damage|p1b: Indeedee|42\/100\n|move|p1b: Indeedee|Trick Room|p1b: Indeedee\n|-fieldstart|move: Trick Room|[of] p1b: Indeedee\n|\n|-weather|SunnyDay|[upkeep]\n|-heal|p2a: draxx|42\/100|[from] item: Black Sludge\n|upkeep\n|turn|9\n|\n|t:|1697771980\n|switch|p2b: Basculegion|Basculegion, M|100\/100\n|-damage|p2b: Basculegion|88\/100|[from] Stealth Rock\n|move|p1b: Indeedee|Follow Me|p1b: Indeedee\n|-singleturn|p1b: Indeedee|move: Follow Me\n|move|p2a: draxx|Spore|p1b: Indeedee\n|-status|p1b: Indeedee|slp|[from] move: Spore\n|move|p1a: Numel|Heat Wave|p2b: Basculegion|[spread] p2a,p2b\n|-supereffective|p2a: draxx\n|-resisted|p2b: Basculegion\n|-damage|p2a: draxx|0 fnt\n|-damage|p2b: Basculegion|26\/100\n|faint|p2a: draxx\n|\n|-weather|none\n|upkeep\n|\n|t:|1697771985\n|switch|p2a: Politoed|Politoed, M|20\/100\n|-damage|p2a: Politoed|8\/100|[from] Stealth Rock\n|-weather|RainDance|[from] ability: Drizzle|[of] p2a: Politoed\n|turn|10\n|\n|t:|1697771996\n|switch|p1b: Torkoal|Torkoal, M|100\/100\n|-weather|SunnyDay|[from] ability: Drought|[of] p1b: Torkoal\n|move|p1a: Numel|Protect|p1a: Numel\n|-singleturn|p1a: Numel|Protect\n|move|p2b: Basculegion|Aqua Jet|p1a: Numel\n|-activate|p1a: Numel|move: Psychic Terrain\n|move|p2a: Politoed|Muddy Water|p1b: Torkoal|[spread] \n|-activate|p1a: Numel|move: Protect\n|-miss|p2a: Politoed|p1b: Torkoal\n|\n|-weather|SunnyDay|[upkeep]\n|-fieldend|move: Psychic Terrain\n|upkeep\n|turn|11\n|\n|t:|1697772007\n|switch|p1b: Indeedee|Indeedee-F, F|42\/100 slp\n|-fieldstart|move: Psychic Terrain|[from] ability: Psychic Surge|[of] p1b: Indeedee\n|move|p2a: Politoed|Protect|p2a: Politoed\n|-singleturn|p2a: Politoed|Protect\n|move|p2b: Basculegion|Aqua Jet|p1a: Numel\n|-activate|p1a: Numel|move: Psychic Terrain\n|move|p1a: Numel|Heat Wave|p2a: Politoed|[spread] p2b\n|-activate|p2a: Politoed|move: Protect\n|-resisted|p2b: Basculegion\n|-damage|p2b: Basculegion|0 fnt\n|faint|p2b: Basculegion\n|\n|-weather|SunnyDay|[upkeep]\n|upkeep\n|\n|t:|1697772010\n|switch|p2b: I am groot|Shiftry, M, tera:Rock|68\/100\n|-damage|p2b: I am groot|56\/100|[from] Stealth Rock\n|turn|12\n|\n|t:|1697772018\n|move|p1a: Numel|Earth Power|p2b: I am groot\n|-supereffective|p2b: I am groot\n|-crit|p2b: I am groot\n|-damage|p2b: I am groot|0 fnt\n|faint|p2b: I am groot\n|move|p2a: Politoed|Muddy Water|p1b: Indeedee|[spread] p1b\n|-miss|p2a: Politoed|p1a: Numel\n|-damage|p1b: Indeedee|33\/100 slp\n|cant|p1b: Indeedee|slp\n|\n|-weather|SunnyDay|[upkeep]\n|-fieldend|move: Trick Room\n|upkeep\n|\n|t:|1697772022\n|switch|p2b: Star lord|Staraptor, M|32\/100\n|-damage|p2b: Star lord|7\/100|[from] Stealth Rock\n|-ability|p2b: Star lord|Intimidate|boost\n|-unboost|p1a: Numel|atk|2\n|-unboost|p1b: Indeedee|atk|1\n|turn|13\n|-message|aceofspadez669 forfeited.\n|\n|win|Mizuhime\n|raw|Mizuhime's rating: 1465 &rarr; <strong>1488<\/strong><br \/>(+23 for winning)\n|raw|aceofspadez669's rating: 1520 &rarr; <strong>1497<\/strong><br \/>(-23 for losing)\n|l|\u2606aceofspadez669\n","uploadtime":1697772118,"views":8,"p1id":"mizuhime","p2id":"aceofspadez669","formatid":"gen9doublesou","rating":1488,"private":0,"password":""}