{"id":"gen9doublesou-1990825641","p1":"Dan el Soldador","p2":"Travenant Forestry","format":"[Gen 9] Doubles OU","log":"|j|\u2606Dan el Soldador\n|j|\u2606Travenant Forestry\n|t:|1700004748\n|gametype|doubles\n|player|p1|Dan el Soldador|steven|1202\n|player|p2|Travenant Forestry|2|1144\n|teamsize|p1|6\n|teamsize|p2|6\n|gen|9\n|tier|[Gen 9] Doubles OU\n|rated|\n|rule|Species Clause: Limit one of each Pok\u00e9mon\n|rule|OHKO Clause: OHKO moves are banned\n|rule|Evasion Moves Clause: Evasion moves are banned\n|rule|Gravity Sleep Clause: The combination of sleep-inducing moves with imperfect accuracy and Gravity or Gigantamax Orbeetle are banned\n|rule|Endless Battle Clause: Forcing endless battles is banned\n|rule|HP Percentage Mod: HP is shown in percentages\n|clearpoke\n|poke|p1|Empoleon, M|\n|poke|p1|Iron Hands|\n|poke|p1|Landorus-Therian, M|\n|poke|p1|Flutter Mane|\n|poke|p1|Farigiraf, M|\n|poke|p1|Ogerpon-Hearthflame, F|\n|poke|p2|Pelipper, M|\n|poke|p2|Politoed, M|\n|poke|p2|Poliwrath, F|\n|poke|p2|Ogerpon-Wellspring, F|\n|poke|p2|Clodsire, M|\n|poke|p2|Tornadus, M|\n|teampreview\n|inactive|Battle timer is ON: inactive players will automatically lose when time's up. (requested by Travenant Forestry)\n|\n|t:|1700004776\n|start\n|switch|p1a: Iron Hands|Iron Hands|100\/100\n|switch|p1b: Flutter Mane|Flutter Mane|100\/100\n|switch|p2a: EZ Breezy|Tornadus, M, shiny|100\/100\n|switch|p2b: Ogerpon|Ogerpon-Wellspring, F|100\/100\n|-enditem|p1b: Flutter Mane|Booster Energy\n|-activate|p1b: Flutter Mane|ability: Protosynthesis|[fromitem]\n|-start|p1b: Flutter Mane|protosynthesisspe\n|turn|1\n|\n|t:|1700004801\n|move|p1a: Iron Hands|Fake Out|p2b: Ogerpon\n|-damage|p2b: Ogerpon|83\/100\n|move|p2a: EZ Breezy|Tailwind|p2a: EZ Breezy\n|-sidestart|p2: Travenant Forestry|move: Tailwind\n|move|p1b: Flutter Mane|Thunderbolt|p2a: EZ Breezy\n|-supereffective|p2a: EZ Breezy\n|-damage|p2a: EZ Breezy|26\/100\n|-enditem|p2a: EZ Breezy|Sitrus Berry|[eat]\n|-heal|p2a: EZ Breezy|51\/100|[from] item: Sitrus Berry\n|cant|p2b: Ogerpon|flinch\n|\n|upkeep\n|turn|2\n|\n|t:|1700004822\n|-end|p1b: Flutter Mane|Protosynthesis|[silent]\n|switch|p1b: Farigiraf|Farigiraf, M|100\/100\n|move|p2a: EZ Breezy|Bleakwind Storm|p1b: Farigiraf|[spread] p1a,p1b\n|-damage|p1a: Iron Hands|75\/100\n|-damage|p1b: Farigiraf|62\/100\n|-unboost|p1b: Farigiraf|spe|1\n|move|p2b: Ogerpon|Horn Leech|p1b: Farigiraf\n|-damage|p1b: Farigiraf|32\/100\n|-heal|p2b: Ogerpon|100\/100|[from] drain|[of] p1b: Farigiraf\n|-enditem|p1b: Farigiraf|Sitrus Berry|[eat]\n|-heal|p1b: Farigiraf|57\/100|[from] item: Sitrus Berry\n|move|p1a: Iron Hands|Wild Charge|p2b: Ogerpon\n|-damage|p2b: Ogerpon|47\/100\n|-damage|p1a: Iron Hands|67\/100|[from] Recoil\n|\n|upkeep\n|turn|3\n|\n|t:|1700004852\n|-terastallize|p2b: Ogerpon|Water\n|detailschange|p2b: Ogerpon|Ogerpon-Wellspring-Tera, F, tera:Water\n|-ability|p2b: Ogerpon|Embody Aspect (Wellspring)|boost\n|-boost|p2b: Ogerpon|spd|1\n|move|p2a: EZ Breezy|Rain Dance|p2a: EZ Breezy\n|-weather|RainDance\n|move|p2b: Ogerpon|Ivy Cudgel|p1b: Farigiraf|[anim] Ivy Cudgel Water\n|-damage|p1b: Farigiraf|0 fnt\n|faint|p1b: Farigiraf\n|move|p1a: Iron Hands|Wild Charge|p2a: EZ Breezy\n|-supereffective|p2a: EZ Breezy\n|-damage|p2a: EZ Breezy|0 fnt\n|faint|p2a: EZ Breezy\n|-damage|p1a: Iron Hands|58\/100|[from] Recoil\n|\n|-weather|RainDance|[upkeep]\n|upkeep\n|\n|t:|1700004875\n|switch|p2a: Sir Pelipper|Pelipper, M, shiny|100\/100\n|switch|p1b: Ogerpon|Ogerpon-Hearthflame, F|100\/100\n|-ability|p1b: Ogerpon|Mold Breaker\n|turn|4\n|\n|t:|1700004890\n|move|p1b: Ogerpon|Spiky Shield|p1b: Ogerpon\n|-singleturn|p1b: Ogerpon|move: Protect\n|move|p2b: Ogerpon|Ivy Cudgel|p1a: Iron Hands|[anim] Ivy Cudgel Water\n|-damage|p1a: Iron Hands|0 fnt\n|faint|p1a: Iron Hands\n|-end|p1a: Iron Hands|Quark Drive|[silent]\n|move|p2a: Sir Pelipper|Surf|p1b: Ogerpon|[spread] p2b\n|-activate|p1b: Ogerpon|move: Protect\n|-resisted|p2b: Ogerpon\n|-damage|p2b: Ogerpon|27\/100\n|\n|-weather|RainDance|[upkeep]\n|-sideend|p2: Travenant Forestry|move: Tailwind\n|upkeep\n|\n|t:|1700004905\n|switch|p1a: Flutter Mane|Flutter Mane|100\/100\n|turn|5\n|\n|t:|1700004914\n|switch|p2b: Squishy|Clodsire, M, shiny|100\/100\n|move|p1a: Flutter Mane|Thunderbolt|p2a: Sir Pelipper\n|-supereffective|p2a: Sir Pelipper\n|-damage|p2a: Sir Pelipper|0 fnt\n|faint|p2a: Sir Pelipper\n|move|p1b: Ogerpon|Wood Hammer|p2b: Squishy\n|-damage|p2b: Squishy|25\/100\n|-damage|p1b: Ogerpon|69\/100|[from] Recoil\n|\n|-weather|RainDance|[upkeep]\n|-heal|p2b: Squishy|31\/100|[from] item: Leftovers\n|upkeep\n|\n|t:|1700004926\n|switch|p2a: Fiona|Poliwrath, F, shiny|100\/100\n|turn|6\n|\n|t:|1700004945\n|move|p2a: Fiona|Waterfall|p1a: Flutter Mane\n|-damage|p1a: Flutter Mane|0 fnt\n|faint|p1a: Flutter Mane\n|-end|p1a: Flutter Mane|Protosynthesis|[silent]\n|move|p1b: Ogerpon|Wood Hammer|p2a: Fiona\n|-supereffective|p2a: Fiona\n|-damage|p2a: Fiona|0 fnt\n|faint|p2a: Fiona\n|-damage|p1b: Ogerpon|35\/100|[from] Recoil\n|move|p2b: Squishy|Recover|p2b: Squishy\n|-heal|p2b: Squishy|81\/100\n|\n|-weather|RainDance|[upkeep]\n|-heal|p2b: Squishy|87\/100|[from] item: Leftovers\n|upkeep\n|\n|t:|1700004961\n|switch|p1a: Empoleon|Empoleon, M|100\/100\n|switch|p2a: Raspberry|Politoed, M, shiny|100\/100\n|turn|7\n|\n|t:|1700004978\n|move|p1b: Ogerpon|Spiky Shield|p1b: Ogerpon\n|-singleturn|p1b: Ogerpon|move: Protect\n|move|p2a: Raspberry|Protect|p2a: Raspberry\n|-singleturn|p2a: Raspberry|Protect\n|move|p1a: Empoleon|Surf|p2b: Squishy|[spread] \n|-activate|p1b: Ogerpon|move: Protect\n|-activate|p2a: Raspberry|move: Protect\n|-heal|p2b: Squishy|100\/100|[from] ability: Water Absorb|[of] p1a: Empoleon\n|move|p2b: Squishy|Sludge Bomb|p1b: Ogerpon\n|-activate|p1b: Ogerpon|move: Protect\n|\n|-weather|none\n|upkeep\n|turn|8\n|\n|t:|1700005005\n|move|p1b: Ogerpon|Wood Hammer|p2a: Raspberry\n|-supereffective|p2a: Raspberry\n|-damage|p2a: Raspberry|0 fnt\n|faint|p2a: Raspberry\n|-damage|p1b: Ogerpon|0 fnt|[from] Recoil\n|faint|p1b: Ogerpon\n|move|p1a: Empoleon|Ice Beam|p2b: Squishy\n|-supereffective|p2b: Squishy\n|-damage|p2b: Squishy|68\/100\n|move|p2b: Squishy|Earth Power|p1a: Empoleon\n|-supereffective|p1a: Empoleon\n|-damage|p1a: Empoleon|55\/100\n|\n|-heal|p1a: Empoleon|61\/100|[from] item: Leftovers\n|-heal|p2b: Squishy|74\/100|[from] item: Leftovers\n|upkeep\n|\n|t:|1700005022\n|switch|p1b: Landorus|Landorus-Therian, M|100\/100\n|switch|p2a: Ogerpon|Ogerpon-Wellspring-Tera, F, tera:Water|27\/100\n|-ability|p1b: Landorus|Intimidate|boost\n|-unboost|p2a: Ogerpon|atk|1\n|-unboost|p2b: Squishy|atk|1\n|-ability|p2a: Ogerpon|Embody Aspect (Wellspring)|boost\n|-boost|p2a: Ogerpon|spd|1\n|turn|9\n|inactive|Travenant Forestry has 120 seconds left.\n|\n|t:|1700005052\n|move|p1b: Landorus|Stomping Tantrum|p2a: Ogerpon\n|-damage|p2a: Ogerpon|0 fnt\n|faint|p2a: Ogerpon\n|move|p1a: Empoleon|Ice Beam|p2b: Squishy\n|-supereffective|p2b: Squishy\n|-damage|p2b: Squishy|37\/100\n|move|p2b: Squishy|Earth Power|p1a: Empoleon\n|-supereffective|p1a: Empoleon\n|-damage|p1a: Empoleon|19\/100\n|-unboost|p1a: Empoleon|spd|1\n|-ability|p1a: Empoleon|Competitive|boost\n|-boost|p1a: Empoleon|spa|2\n|\n|-heal|p1a: Empoleon|25\/100|[from] item: Leftovers\n|-heal|p2b: Squishy|44\/100|[from] item: Leftovers\n|upkeep\n|turn|10\n|\n|t:|1700005072\n|move|p1b: Landorus|Stomping Tantrum|p2b: Squishy\n|-supereffective|p2b: Squishy\n|-damage|p2b: Squishy|0 fnt\n|faint|p2b: Squishy\n|\n|win|Dan el Soldador\n|raw|Dan el Soldador's rating: 1202 &rarr; <strong>1223<\/strong><br \/>(+21 for winning)\n|raw|Travenant Forestry's rating: 1144 &rarr; <strong>1123<\/strong><br \/>(-21 for losing)\n|l|\u2606Travenant Forestry\n","uploadtime":1700005089,"views":15,"p1id":"danelsoldador","p2id":"travenantforestry","formatid":"gen9doublesou","rating":1123,"private":0,"password":""}