{"id":"gen9doublesou-1974187502","p1":"GDMaster1045","p2":"TheDigiJester","format":"[Gen 9] Doubles OU","log":"|j|\u2606GDMaster1045\n|j|\u2606TheDigiJester\n|t:|1698066433\n|gametype|doubles\n|player|p1|GDMaster1045|lance|1118\n|player|p2|TheDigiJester|unknown|1138\n|teamsize|p1|6\n|teamsize|p2|6\n|gen|9\n|tier|[Gen 9] Doubles OU\n|rated|\n|rule|Species Clause: Limit one of each Pok\u00e9mon\n|rule|OHKO Clause: OHKO moves are banned\n|rule|Evasion Moves Clause: Evasion moves are banned\n|rule|Gravity Sleep Clause: The combination of sleep-inducing moves with imperfect accuracy and Gravity or Gigantamax Orbeetle are banned\n|rule|Endless Battle Clause: Forcing endless battles is banned\n|rule|HP Percentage Mod: HP is shown in percentages\n|clearpoke\n|poke|p1|Cresselia, F|\n|poke|p1|Iron Hands|\n|poke|p1|Torkoal, F|\n|poke|p1|Walking Wake|\n|poke|p1|Ogerpon-Hearthflame, F|\n|poke|p1|Sinistcha|\n|poke|p2|Furret, M|\n|poke|p2|Grimmsnarl, M|\n|poke|p2|Drifblim, M|\n|poke|p2|Iron Hands|\n|poke|p2|Arcanine, F|\n|poke|p2|Lycanroc-Midnight, M|\n|teampreview\n|inactive|Battle timer is ON: inactive players will automatically lose when time's up. (requested by GDMaster1045)\n|\n|t:|1698066448\n|start\n|switch|p1a: Iron Hands|Iron Hands|100\/100\n|switch|p1b: Cresselia|Cresselia, F|100\/100\n|switch|p2a: Furret|Furret, M|100\/100\n|switch|p2b: Drifblim|Drifblim, M|100\/100\n|-item|p1a: Iron Hands|Booster Energy|[from] ability: Frisk|[of] p2a: Furret|[identify]\n|-item|p1b: Cresselia|Leftovers|[from] ability: Frisk|[of] p2a: Furret|[identify]\n|-enditem|p1a: Iron Hands|Booster Energy\n|-activate|p1a: Iron Hands|ability: Quark Drive|[fromitem]\n|-start|p1a: Iron Hands|quarkdriveatk\n|turn|1\n|\n|t:|1698066473\n|move|p2a: Furret|Sucker Punch||[still]\n|-fail|p2a: Furret\n|move|p1b: Cresselia|Psychic|p2b: Drifblim\n|-damage|p2b: Drifblim|77\/100\n|move|p2b: Drifblim|Strength Sap|p1a: Iron Hands\n|-unboost|p1a: Iron Hands|atk|1\n|-heal|p2b: Drifblim|100\/100\n|move|p1a: Iron Hands|Drain Punch|p2a: Furret\n|-supereffective|p2a: Furret\n|-enditem|p2a: Furret|Focus Sash\n|-damage|p2a: Furret|1\/100\n|\n|upkeep\n|turn|2\n|\n|t:|1698066494\n|move|p1a: Iron Hands|Detect|p1a: Iron Hands\n|-singleturn|p1a: Iron Hands|Protect\n|move|p2a: Furret|Super Fang|p1a: Iron Hands\n|-activate|p1a: Iron Hands|move: Protect\n|move|p2b: Drifblim|Strength Sap|p1a: Iron Hands\n|-activate|p1a: Iron Hands|move: Protect\n|move|p1b: Cresselia|Psychic|p2b: Drifblim\n|-damage|p2b: Drifblim|76\/100\n|\n|upkeep\n|turn|3\n|\n|t:|1698066514\n|move|p2a: Furret|Super Fang|p1a: Iron Hands\n|-damage|p1a: Iron Hands|50\/100\n|move|p2b: Drifblim|Strength Sap|p1a: Iron Hands\n|-unboost|p1a: Iron Hands|atk|1\n|-heal|p2b: Drifblim|100\/100\n|move|p1b: Cresselia|Psychic|p2a: Furret\n|-damage|p2a: Furret|0 fnt\n|faint|p2a: Furret\n|move|p1a: Iron Hands|Wild Charge|p2b: Drifblim\n|-supereffective|p2b: Drifblim\n|-damage|p2b: Drifblim|16\/100\n|-enditem|p2b: Drifblim|Weakness Policy\n|-boost|p2b: Drifblim|atk|2|[from] item: Weakness Policy\n|-boost|p2b: Drifblim|spa|2|[from] item: Weakness Policy\n|-damage|p1a: Iron Hands|31\/100|[from] Recoil\n|\n|upkeep\n|inactive|TheDigiJester has 120 seconds left.\n|\n|t:|1698066535\n|switch|p2a: Iron Hands|Iron Hands|100\/100\n|turn|4\n|\n|t:|1698066554\n|move|p2a: Iron Hands|Fake Out|p1a: Iron Hands\n|-damage|p1a: Iron Hands|22\/100\n|move|p2b: Drifblim|Strength Sap|p1a: Iron Hands\n|-unboost|p1a: Iron Hands|atk|1\n|-heal|p2b: Drifblim|60\/100\n|move|p1b: Cresselia|Psychic|p2a: Iron Hands\n|-supereffective|p2a: Iron Hands\n|-damage|p2a: Iron Hands|75\/100\n|cant|p1a: Iron Hands|flinch\n|\n|upkeep\n|turn|5\n|\n|t:|1698066575\n|move|p2b: Drifblim|Psychic|p1a: Iron Hands\n|-supereffective|p1a: Iron Hands\n|-crit|p1a: Iron Hands\n|-damage|p1a: Iron Hands|0 fnt\n|faint|p1a: Iron Hands\n|-end|p1a: Iron Hands|Quark Drive|[silent]\n|move|p1b: Cresselia|Lunar Blessing||[still]\n|-fail|p1b: Cresselia\n|move|p2a: Iron Hands|Thunder Punch|p1b: Cresselia\n|-damage|p1b: Cresselia|73\/100\n|\n|-heal|p1b: Cresselia|80\/100|[from] item: Leftovers\n|upkeep\n|c|\u2606GDMaster1045|bro stop with the strength sap\n|inactive|GDMaster1045 has 120 seconds left.\n|\n|t:|1698066596\n|switch|p1a: Sinistcha|Sinistcha|100\/100\n|turn|6\n|\n|t:|1698066614\n|move|p1b: Cresselia|Ally Switch|p1b: Cresselia\n|swap|p1b: Cresselia|0|[from] move: Ally Switch\n|move|p2b: Drifblim|Shadow Ball|p1a: Cresselia\n|-supereffective|p1a: Cresselia\n|-damage|p1a: Cresselia|16\/100\n|move|p1b: Sinistcha|Nasty Plot|p1b: Sinistcha\n|-boost|p1b: Sinistcha|spa|2\n|move|p2a: Iron Hands|Thunder Punch|p1b: Sinistcha\n|-resisted|p1b: Sinistcha\n|-damage|p1b: Sinistcha|82\/100\n|-status|p1b: Sinistcha|par\n|\n|-heal|p1a: Cresselia|22\/100|[from] item: Leftovers\n|-heal|p1b: Sinistcha|88\/100 par|[from] item: Leftovers\n|upkeep\n|turn|7\n|\n|t:|1698066638\n|move|p2b: Drifblim|Shadow Ball|p1b: Sinistcha\n|-supereffective|p1b: Sinistcha\n|-damage|p1b: Sinistcha|0 fnt\n|faint|p1b: Sinistcha\n|move|p1a: Cresselia|Lunar Blessing|p1a: Cresselia\n|-heal|p1a: Cresselia|47\/100\n|move|p2a: Iron Hands|Ice Punch|p1a: Cresselia\n|-damage|p1a: Cresselia|26\/100\n|\n|-heal|p1a: Cresselia|32\/100|[from] item: Leftovers\n|upkeep\n|inactive|GDMaster1045 has 120 seconds left.\n|\n|t:|1698066655\n|switch|p1b: Ogerpon|Ogerpon-Hearthflame, F|100\/100\n|-ability|p1b: Ogerpon|Mold Breaker\n|turn|8\n|\n|t:|1698066669\n|move|p1a: Cresselia|Protect|p1a: Cresselia\n|-singleturn|p1a: Cresselia|Protect\n|move|p2b: Drifblim|Shadow Ball|p1b: Ogerpon\n|-damage|p1b: Ogerpon|29\/100\n|move|p1b: Ogerpon|Zen Headbutt|p2a: Iron Hands\n|-supereffective|p2a: Iron Hands\n|-damage|p2a: Iron Hands|38\/100\n|cant|p2a: Iron Hands|flinch\n|\n|-heal|p1a: Cresselia|38\/100|[from] item: Leftovers\n|upkeep\n|turn|9\n|\n|t:|1698066687\n|move|p1b: Ogerpon|Spiky Shield|p1b: Ogerpon\n|-singleturn|p1b: Ogerpon|move: Protect\n|move|p2b: Drifblim|Strength Sap|p1b: Ogerpon\n|-activate|p1b: Ogerpon|move: Protect\n|move|p1a: Cresselia|Lunar Blessing|p1a: Cresselia|[spread] p1a,p1b\n|-heal|p1a: Cresselia|63\/100\n|-heal|p1b: Ogerpon|54\/100\n|move|p2a: Iron Hands|Drain Punch|p1a: Cresselia\n|-resisted|p1a: Cresselia\n|-damage|p1a: Cresselia|48\/100\n|-heal|p2a: Iron Hands|44\/100|[from] drain|[of] p1a: Cresselia\n|\n|-heal|p1a: Cresselia|54\/100|[from] item: Leftovers\n|upkeep\n|turn|10\n|\n|t:|1698066710\n|move|p2b: Drifblim|Shadow Ball|p1b: Ogerpon\n|-damage|p1b: Ogerpon|0 fnt\n|faint|p1b: Ogerpon\n|move|p1a: Cresselia|Lunar Blessing|p1a: Cresselia\n|-heal|p1a: Cresselia|79\/100\n|move|p2a: Iron Hands|Drain Punch|p1a: Cresselia\n|-resisted|p1a: Cresselia\n|-damage|p1a: Cresselia|64\/100\n|-heal|p2a: Iron Hands|51\/100|[from] drain|[of] p1a: Cresselia\n|\n|-heal|p1a: Cresselia|70\/100|[from] item: Leftovers\n|upkeep\n|\n|t:|1698066723\n|switch|p1b: Torkoal|Torkoal, F|100\/100\n|-weather|SunnyDay|[from] ability: Drought|[of] p1b: Torkoal\n|turn|11\n|\n|t:|1698066733\n|move|p2b: Drifblim|Shadow Ball|p1b: Torkoal\n|-damage|p1b: Torkoal|41\/100\n|move|p1a: Cresselia|Psychic|p2a: Iron Hands\n|-supereffective|p2a: Iron Hands\n|-damage|p2a: Iron Hands|25\/100\n|move|p2a: Iron Hands|Drain Punch|p1b: Torkoal\n|-damage|p1b: Torkoal|13\/100\n|-heal|p2a: Iron Hands|35\/100|[from] drain|[of] p1b: Torkoal\n|move|p1b: Torkoal|Iron Defense|p1b: Torkoal\n|-boost|p1b: Torkoal|def|2\n|\n|-weather|SunnyDay|[upkeep]\n|-heal|p1a: Cresselia|76\/100|[from] item: Leftovers\n|upkeep\n|turn|12\n|\n|t:|1698066757\n|move|p2b: Drifblim|Shadow Ball|p1a: Cresselia\n|-supereffective|p1a: Cresselia\n|-damage|p1a: Cresselia|15\/100\n|move|p1a: Cresselia|Lunar Blessing|p1a: Cresselia|[spread] p1a,p1b\n|-heal|p1a: Cresselia|40\/100\n|-heal|p1b: Torkoal|38\/100\n|move|p2a: Iron Hands|Drain Punch|p1b: Torkoal\n|-damage|p1b: Torkoal|23\/100\n|-heal|p2a: Iron Hands|40\/100|[from] drain|[of] p1b: Torkoal\n|move|p1b: Torkoal|Heat Wave|p2b: Drifblim|[spread] p2a,p2b\n|-damage|p2a: Iron Hands|24\/100\n|-damage|p2b: Drifblim|29\/100\n|\n|-weather|SunnyDay|[upkeep]\n|-heal|p1a: Cresselia|46\/100|[from] item: Leftovers\n|upkeep\n|turn|13\n|\n|t:|1698066781\n|move|p2b: Drifblim|Shadow Ball|p1b: Torkoal\n|-damage|p1b: Torkoal|0 fnt\n|faint|p1b: Torkoal\n|move|p1a: Cresselia|Lunar Blessing|p1a: Cresselia\n|-heal|p1a: Cresselia|71\/100\n|move|p2a: Iron Hands|Drain Punch|p1a: Cresselia\n|-resisted|p1a: Cresselia\n|-damage|p1a: Cresselia|57\/100\n|-heal|p2a: Iron Hands|30\/100|[from] drain|[of] p1a: Cresselia\n|\n|-weather|SunnyDay|[upkeep]\n|-heal|p1a: Cresselia|63\/100|[from] item: Leftovers\n|upkeep\n|\n|t:|1698066794\n|switch|p1b: Walking Wake|Walking Wake|100\/100\n|-activate|p1b: Walking Wake|ability: Protosynthesis\n|-start|p1b: Walking Wake|protosynthesisspa\n|turn|14\n|\n|t:|1698066809\n|move|p1a: Cresselia|Protect|p1a: Cresselia\n|-singleturn|p1a: Cresselia|Protect\n|move|p2b: Drifblim|Strength Sap|p1b: Walking Wake\n|-unboost|p1b: Walking Wake|atk|1\n|-heal|p2b: Drifblim|62\/100\n|move|p1b: Walking Wake|Hydro Steam|p2b: Drifblim\n|-damage|p2b: Drifblim|0 fnt\n|faint|p2b: Drifblim\n|move|p2a: Iron Hands|Drain Punch|p1b: Walking Wake\n|-damage|p1b: Walking Wake|59\/100\n|-heal|p2a: Iron Hands|44\/100|[from] drain|[of] p1b: Walking Wake\n|\n|-weather|SunnyDay|[upkeep]\n|-heal|p1a: Cresselia|69\/100|[from] item: Leftovers\n|upkeep\n|\n|t:|1698066828\n|switch|p2b: Grimmsnarl|Grimmsnarl, M|100\/100\n|turn|15\n|\n|t:|1698066839\n|move|p2b: Grimmsnarl|Light Screen|p2b: Grimmsnarl\n|-sidestart|p2: TheDigiJester|move: Light Screen\n|move|p1b: Walking Wake|Dragon Pulse|p2a: Iron Hands\n|-damage|p2a: Iron Hands|19\/100\n|move|p1a: Cresselia|Psychic|p2b: Grimmsnarl\n|-immune|p2b: Grimmsnarl\n|move|p2a: Iron Hands|Drain Punch|p1b: Walking Wake\n|-damage|p1b: Walking Wake|17\/100\n|-heal|p2a: Iron Hands|33\/100|[from] drain|[of] p1b: Walking Wake\n|-enditem|p1b: Walking Wake|Aguav Berry|[eat]\n|-heal|p1b: Walking Wake|50\/100|[from] item: Aguav Berry\n|\n|-weather|none\n|-end|p1b: Walking Wake|Protosynthesis\n|-heal|p1a: Cresselia|75\/100|[from] item: Leftovers\n|upkeep\n|turn|16\n|\n|t:|1698066860\n|move|p2b: Grimmsnarl|Thunder Wave|p1b: Walking Wake\n|-status|p1b: Walking Wake|par\n|move|p1a: Cresselia|Psychic|p2a: Iron Hands\n|-supereffective|p2a: Iron Hands\n|-damage|p2a: Iron Hands|16\/100\n|-unboost|p2a: Iron Hands|spd|1\n|move|p1b: Walking Wake|Hydro Steam|p2b: Grimmsnarl\n|-damage|p2b: Grimmsnarl|73\/100\n|move|p2a: Iron Hands|Drain Punch|p1b: Walking Wake\n|-damage|p1b: Walking Wake|5\/100 par\n|-heal|p2a: Iron Hands|31\/100|[from] drain|[of] p1b: Walking Wake\n|\n|-heal|p1a: Cresselia|81\/100|[from] item: Leftovers\n|upkeep\n|turn|17\n|\n|t:|1698066881\n|move|p1a: Cresselia|Psychic|p2a: Iron Hands\n|-supereffective|p2a: Iron Hands\n|-damage|p2a: Iron Hands|5\/100\n|cant|p1b: Walking Wake|par\n|move|p2b: Grimmsnarl|Spirit Break|p1a: Cresselia\n|-damage|p1a: Cresselia|61\/100\n|-unboost|p1a: Cresselia|spa|1\n|move|p2a: Iron Hands|Drain Punch|p1b: Walking Wake\n|-damage|p1b: Walking Wake|0 fnt\n|-heal|p2a: Iron Hands|7\/100|[from] drain|[of] p1b: Walking Wake\n|faint|p1b: Walking Wake\n|-end|p1b: Walking Wake|Protosynthesis|[silent]\n|\n|-heal|p1a: Cresselia|67\/100|[from] item: Leftovers\n|upkeep\n|turn|18\n|\n|t:|1698066903\n|move|p1a: Cresselia|Psychic|p2a: Iron Hands\n|-supereffective|p2a: Iron Hands\n|-damage|p2a: Iron Hands|0 fnt\n|faint|p2a: Iron Hands\n|-end|p2a: Iron Hands|Quark Drive|[silent]\n|move|p2b: Grimmsnarl|Spirit Break|p1a: Cresselia\n|-damage|p1a: Cresselia|47\/100\n|-unboost|p1a: Cresselia|spa|1\n|\n|-heal|p1a: Cresselia|53\/100|[from] item: Leftovers\n|upkeep\n|\n|t:|1698066915\n|switch|p2a: Lycanroc|Lycanroc-Midnight, M|100\/100\n|turn|19\n|c|\u2606GDMaster1045|I already lost\n|c|\u2606GDMaster1045|no damaging moves against you\n|-message|GDMaster1045 forfeited.\n|\n|win|TheDigiJester\n|raw|GDMaster1045's rating: 1118 &rarr; <strong>1094<\/strong><br \/>(-24 for losing)\n|raw|TheDigiJester's rating: 1138 &rarr; <strong>1162<\/strong><br \/>(+24 for winning)\n|l|\u2606GDMaster1045\n","uploadtime":1698067241,"views":17,"p1id":"gdmaster1045","p2id":"thedigijester","formatid":"gen9doublesou","rating":1094,"private":0,"password":""}