{"id":"gen9doublesou-1980892462","p1":"ionnss","p2":"Realblazing2","format":"[Gen 9] Doubles OU","log":"|j|\u2606ionnss\n|j|\u2606Realblazing2\n|t:|1698846548\n|gametype|doubles\n|player|p1|ionnss|pokekid-gen8|\n|player|p2|Realblazing2|hilbert|\n|teamsize|p1|6\n|teamsize|p2|6\n|gen|9\n|tier|[Gen 9] Doubles OU\n|rule|Species Clause: Limit one of each Pok\u00e9mon\n|rule|OHKO Clause: OHKO moves are banned\n|rule|Evasion Moves Clause: Evasion moves are banned\n|rule|Gravity Sleep Clause: The combination of sleep-inducing moves with imperfect accuracy and Gravity or Gigantamax Orbeetle are banned\n|rule|Endless Battle Clause: Forcing endless battles is banned\n|rule|HP Percentage Mod: HP is shown in percentages\n|clearpoke\n|poke|p1|Iron Bundle|\n|poke|p1|Heatran, M|\n|poke|p1|Rillaboom, F|\n|poke|p1|Landorus-Therian, M|\n|poke|p1|Ogerpon-Hearthflame, F|\n|poke|p1|Iron Hands|\n|poke|p2|Chien-Pao|\n|poke|p2|Dragapult, F|\n|poke|p2|Ogerpon-Hearthflame, F|\n|poke|p2|Tornadus, M|\n|poke|p2|Farigiraf, F|\n|poke|p2|Samurott-Hisui, M|\n|teampreview\n|inactive|Battle timer is ON: inactive players will automatically lose when time's up. (requested by ionnss)\n|inactive|ionnss has 270 seconds left.\n|\n|t:|1698846584\n|start\n|switch|p1a: Iron Hands|Iron Hands|100\/100\n|switch|p1b: Landorus|Landorus-Therian, M|100\/100\n|switch|p2a: Chien-Pao|Chien-Pao|100\/100\n|switch|p2b: Tornadus|Tornadus, M|100\/100\n|-ability|p1b: Landorus|Intimidate|boost\n|-unboost|p2a: Chien-Pao|atk|1\n|-unboost|p2b: Tornadus|atk|1\n|-ability|p2a: Chien-Pao|Sword of Ruin\n|turn|1\n|inactive|Realblazing2 has 270 seconds left.\n|\n|t:|1698846618\n|switch|p1b: Heatran|Heatran, M|100\/100\n|move|p2a: Chien-Pao|Protect|p2a: Chien-Pao\n|-singleturn|p2a: Chien-Pao|Protect\n|move|p2b: Tornadus|Tailwind|p2b: Tornadus\n|-sidestart|p2: Realblazing2|move: Tailwind\n|move|p1a: Iron Hands|Wild Charge|p2b: Tornadus\n|-supereffective|p2b: Tornadus\n|-enditem|p2b: Tornadus|Focus Sash\n|-damage|p2b: Tornadus|1\/100\n|-damage|p1a: Iron Hands|84\/100|[from] Recoil\n|\n|upkeep\n|turn|2\n|inactive|Realblazing2 has 270 seconds left.\n|inactive|ionnss has 270 seconds left.\n|\n|t:|1698846649\n|switch|p2a: Samurott|Samurott-Hisui, M|100\/100\n|move|p1b: Heatran|Protect|p1b: Heatran\n|-singleturn|p1b: Heatran|Protect\n|move|p2b: Tornadus|Bleakwind Storm|p1a: Iron Hands|[spread] p1a\n|-activate|p1b: Heatran|move: Protect\n|-damage|p1a: Iron Hands|63\/100\n|-unboost|p1a: Iron Hands|spe|1\n|move|p1a: Iron Hands|Drain Punch|p2a: Samurott\n|-supereffective|p2a: Samurott\n|-damage|p2a: Samurott|0 fnt\n|-heal|p1a: Iron Hands|99\/100|[from] drain|[of] p2a: Samurott\n|faint|p2a: Samurott\n|\n|upkeep\n|inactive|Realblazing2 has 270 seconds left.\n|c|\u2606Realblazing2|Yeah I don't know what I'm doing\n|j| Kinzo Ketchum\n|\n|t:|1698846677\n|switch|p2a: Ogerpon|Ogerpon-Hearthflame, F|100\/100\n|-ability|p2a: Ogerpon|Mold Breaker\n|turn|3\n|c|\u2606ionnss|:\/\n|\n|t:|1698846684\n|switch|p2b: Chien-Pao|Chien-Pao|100\/100\n|-ability|p2b: Chien-Pao|Sword of Ruin\n|move|p2a: Ogerpon|Ivy Cudgel|p1b: Heatran\n|-damage|p1b: Heatran|28\/100\n|move|p1b: Heatran|Heat Wave|p2a: Ogerpon|[spread] p2a\n|-miss|p1b: Heatran|p2b: Chien-Pao\n|-damage|p2a: Ogerpon|43\/100\n|-damage|p1b: Heatran|18\/100|[from] item: Life Orb\n|move|p1a: Iron Hands|Drain Punch|p2a: Ogerpon\n|-damage|p2a: Ogerpon|0 fnt\n|-heal|p1a: Iron Hands|100\/100|[from] drain|[of] p2a: Ogerpon\n|faint|p2a: Ogerpon\n|\n|upkeep\n|inactive|Realblazing2 has 270 seconds left.\n|\n|t:|1698846700\n|switch|p2a: Farigiraf|Farigiraf, F|100\/100\n|turn|4\n|\n|t:|1698846711\n|move|p2b: Chien-Pao|Brick Break|p1b: Heatran\n|-supereffective|p1b: Heatran\n|-damage|p1b: Heatran|0 fnt\n|faint|p1b: Heatran\n|move|p2a: Farigiraf|Psychic|p1a: Iron Hands\n|-supereffective|p1a: Iron Hands\n|-damage|p1a: Iron Hands|55\/100\n|move|p1a: Iron Hands|Wild Charge|p2b: Chien-Pao\n|-damage|p2b: Chien-Pao|22\/100\n|-damage|p1a: Iron Hands|42\/100|[from] Recoil\n|\n|-sideend|p2: Realblazing2|move: Tailwind\n|upkeep\n|\n|t:|1698846720\n|switch|p1b: Landorus|Landorus-Therian, M|100\/100\n|-ability|p1b: Landorus|Intimidate|boost\n|-unboost|p2a: Farigiraf|atk|1\n|-unboost|p2b: Chien-Pao|atk|1\n|turn|5\n|l| Kinzo Ketchum\n|\n|t:|1698846742\n|move|p2b: Chien-Pao|Protect|p2b: Chien-Pao\n|-singleturn|p2b: Chien-Pao|Protect\n|move|p1b: Landorus|U-turn|p2b: Chien-Pao\n|-activate|p2b: Chien-Pao|move: Protect\n|move|p2a: Farigiraf|Psychic|p1a: Iron Hands\n|-supereffective|p1a: Iron Hands\n|-damage|p1a: Iron Hands|0 fnt\n|faint|p1a: Iron Hands\n|-end|p1a: Iron Hands|Quark Drive|[silent]\n|\n|upkeep\n|\n|t:|1698846749\n|switch|p1a: Ogerpon|Ogerpon-Hearthflame, F|100\/100\n|-ability|p1a: Ogerpon|Mold Breaker\n|turn|6\n|\n|t:|1698846772\n|switch|p2b: Dragapult|Dragapult, F|100\/100\n|-terastallize|p1a: Ogerpon|Fire\n|detailschange|p1a: Ogerpon|Ogerpon-Hearthflame-Tera, F, tera:Fire\n|-ability|p1a: Ogerpon|Embody Aspect (Hearthflame)|boost\n|-boost|p1a: Ogerpon|atk|1\n|move|p1b: Landorus|U-turn|p2b: Dragapult\n|-resisted|p2b: Dragapult\n|-damage|p2b: Dragapult|82\/100\n|c|\u2606Realblazing2|Oh no\n|\n|t:|1698846789\n|switch|p1b: Iron Bundle|Iron Bundle|100\/100|[from] U-turn\n|-enditem|p1b: Iron Bundle|Booster Energy\n|-activate|p1b: Iron Bundle|ability: Quark Drive|[fromitem]\n|-start|p1b: Iron Bundle|quarkdrivespe\n|move|p1a: Ogerpon|Ivy Cudgel|p2a: Farigiraf\n|-damage|p2a: Farigiraf|0 fnt\n|faint|p2a: Farigiraf\n|\n|upkeep\n|\n|t:|1698846798\n|switch|p2a: Tornadus|Tornadus, M|1\/100\n|turn|7\n|\n|t:|1698846815\n|-terastallize|p2b: Dragapult|Ghost\n|move|p2a: Tornadus|Tailwind|p2a: Tornadus\n|-sidestart|p2: Realblazing2|move: Tailwind\n|move|p2b: Dragapult|Tera Blast|p1a: Ogerpon|[anim] Tera Blast Ghost\n|-damage|p1a: Ogerpon|6\/100\n|move|p1b: Iron Bundle|Freeze-Dry|p2b: Dragapult\n|-damage|p2b: Dragapult|34\/100\n|move|p1a: Ogerpon|Ivy Cudgel|p2b: Dragapult\n|-damage|p2b: Dragapult|0 fnt\n|faint|p2b: Dragapult\n|\n|upkeep\n|\n|t:|1698846824\n|switch|p2b: Chien-Pao|Chien-Pao|22\/100\n|-ability|p2b: Chien-Pao|Sword of Ruin\n|turn|8\n|\n|t:|1698846829\n|move|p1a: Ogerpon|Spiky Shield|p1a: Ogerpon\n|-singleturn|p1a: Ogerpon|move: Protect\n|move|p2b: Chien-Pao|Brick Break|p1b: Iron Bundle\n|-supereffective|p1b: Iron Bundle\n|-damage|p1b: Iron Bundle|24\/100\n|move|p2a: Tornadus|Bleakwind Storm|p1b: Iron Bundle|[spread] \n|-activate|p1a: Ogerpon|move: Protect\n|-miss|p2a: Tornadus|p1b: Iron Bundle\n|move|p1b: Iron Bundle|Icy Wind|p2b: Chien-Pao|[spread] p2a,p2b\n|-supereffective|p2a: Tornadus\n|-resisted|p2b: Chien-Pao\n|-damage|p2a: Tornadus|0 fnt\n|-damage|p2b: Chien-Pao|6\/100\n|-unboost|p2b: Chien-Pao|spe|1\n|faint|p2a: Tornadus\n|\n|upkeep\n|turn|9\n|c|\u2606Realblazing2|Welp\n|c|\u2606ionnss|gg\n|c|\u2606Realblazing2|Ggs\n|inactive|Realblazing2 has 270 seconds left.\n|\n|t:|1698846861\n|move|p1b: Iron Bundle|Freeze-Dry|p2b: Chien-Pao\n|-resisted|p2b: Chien-Pao\n|-crit|p2b: Chien-Pao\n|-damage|p2b: Chien-Pao|0 fnt\n|faint|p2b: Chien-Pao\n|\n|win|ionnss\n|c|\u2606ionnss|wait\n|c|\u2606ionnss|what was\n|c|\u2606ionnss|speed on pao\n","uploadtime":1698846877,"views":36,"p1id":"ionnss","p2id":"realblazing2","formatid":"gen9doublesou","rating":0,"private":0,"password":""}