{"id":"gen9doublesou-2000201738","p1":"Luuk_15","p2":"pablo ruiz pikachu","format":"[Gen 9] Doubles OU","log":"|j|\u2606Luuk_15\n|j|\u2606pablo ruiz pikachu\n|t:|1701171369\n|gametype|doubles\n|player|p1|Luuk_15|backpacker|1156\n|player|p2|pablo ruiz pikachu|artist|1203\n|teamsize|p1|6\n|teamsize|p2|6\n|gen|9\n|tier|[Gen 9] Doubles OU\n|rated|\n|rule|Species Clause: Limit one of each Pok\u00e9mon\n|rule|OHKO Clause: OHKO moves are banned\n|rule|Evasion Moves Clause: Evasion moves are banned\n|rule|Gravity Sleep Clause: The combination of sleep-inducing moves with imperfect accuracy and Gravity or Gigantamax Orbeetle are banned\n|rule|Endless Battle Clause: Forcing endless battles is banned\n|rule|HP Percentage Mod: HP is shown in percentages\n|clearpoke\n|poke|p1|Ursaluna, M|\n|poke|p1|Grimmsnarl, M|\n|poke|p1|Cresselia, F|\n|poke|p1|Flutter Mane|\n|poke|p1|Chien-Pao|\n|poke|p1|Volcanion|\n|poke|p2|Lucario, M|\n|poke|p2|Weavile, M|\n|poke|p2|Sinistcha-Masterpiece|\n|poke|p2|Garganacl, F|\n|poke|p2|Flutter Mane|\n|poke|p2|Grimmsnarl, M|\n|teampreview\n|inactive|Battle timer is ON: inactive players will automatically lose when time's up. (requested by pablo ruiz pikachu)\n|\n|t:|1701171399\n|start\n|switch|p1a: Grimmsnarl|Grimmsnarl, M|100\/100\n|switch|p1b: Cresselia|Cresselia, F|100\/100\n|switch|p2a: macario|Lucario, M|100\/100\n|switch|p2b: el palizas|Weavile, M|100\/100\n|-ability|p2b: el palizas|Pressure\n|turn|1\n|\n|t:|1701171425\n|move|p2a: macario|Bullet Punch|p1a: Grimmsnarl\n|-supereffective|p1a: Grimmsnarl\n|-damage|p1a: Grimmsnarl|54\/100\n|move|p2b: el palizas|Beat Up|p2a: macario\n|-resisted|p2a: macario\n|-damage|p2a: macario|95\/100\n|-ability|p2a: macario|Justified|boost\n|-boost|p2a: macario|atk|1\n|-resisted|p2a: macario\n|-damage|p2a: macario|89\/100\n|-ability|p2a: macario|Justified|boost\n|-boost|p2a: macario|atk|1\n|-resisted|p2a: macario\n|-damage|p2a: macario|86\/100\n|-ability|p2a: macario|Justified|boost\n|-boost|p2a: macario|atk|1\n|-resisted|p2a: macario\n|-damage|p2a: macario|80\/100\n|-ability|p2a: macario|Justified|boost\n|-boost|p2a: macario|atk|1\n|-resisted|p2a: macario\n|-damage|p2a: macario|77\/100\n|-ability|p2a: macario|Justified|boost\n|-boost|p2a: macario|atk|1\n|-resisted|p2a: macario\n|-damage|p2a: macario|71\/100\n|-ability|p2a: macario|Justified|boost\n|-boost|p2a: macario|atk|1\n|-hitcount|p2a: macario|6\n|move|p1a: Grimmsnarl|Drain Punch|p2a: macario\n|-supereffective|p2a: macario\n|-damage|p2a: macario|0 fnt\n|-heal|p1a: Grimmsnarl|85\/100|[from] drain|[of] p2a: macario\n|faint|p2a: macario\n|move|p1b: Cresselia|Trick Room|p1b: Cresselia\n|-fieldstart|move: Trick Room|[of] p1b: Cresselia\n|\n|upkeep\n|inactive|pablo ruiz pikachu has 120 seconds left.\n|\n|t:|1701171454\n|switch|p2a: hada de la sal|Garganacl, F|100\/100\n|turn|2\n|\n|t:|1701171472\n|-terastallize|p2a: hada de la sal|Fairy\n|move|p1b: Cresselia|Helping Hand|p1a: Grimmsnarl\n|-singleturn|p1a: Grimmsnarl|Helping Hand|[of] p1b: Cresselia\n|move|p2a: hada de la sal|Curse|p2a: hada de la sal\n|-unboost|p2a: hada de la sal|spe|1\n|-boost|p2a: hada de la sal|atk|1\n|-boost|p2a: hada de la sal|def|1\n|move|p1a: Grimmsnarl|False Surrender|p2b: el palizas\n|-resisted|p2b: el palizas\n|-damage|p2b: el palizas|44\/100\n|-damage|p1a: Grimmsnarl|69\/100|[from] item: Rocky Helmet|[of] p2b: el palizas\n|move|p2b: el palizas|Beat Up|p1b: Cresselia\n|-supereffective|p1b: Cresselia\n|-damage|p1b: Cresselia|92\/100\n|-supereffective|p1b: Cresselia\n|-damage|p1b: Cresselia|82\/100\n|-supereffective|p1b: Cresselia\n|-damage|p1b: Cresselia|75\/100\n|-supereffective|p1b: Cresselia\n|-damage|p1b: Cresselia|69\/100\n|-supereffective|p1b: Cresselia\n|-damage|p1b: Cresselia|58\/100\n|-hitcount|p1b: Cresselia|5\n|\n|upkeep\n|turn|3\n|inactive|Luuk_15 has 120 seconds left.\n|\n|t:|1701171504\n|move|p1b: Cresselia|Helping Hand|p1a: Grimmsnarl\n|-singleturn|p1a: Grimmsnarl|Helping Hand|[of] p1b: Cresselia\n|move|p1a: Grimmsnarl|Parting Shot|p2b: el palizas\n|-hint|Since gen 7, Dark is immune to Prankster moves.\n|-immune|p2b: el palizas\n|move|p2b: el palizas|Ice Shard|p1b: Cresselia\n|-damage|p1b: Cresselia|46\/100\n|move|p2a: hada de la sal|Curse|p2a: hada de la sal\n|-unboost|p2a: hada de la sal|spe|1\n|-boost|p2a: hada de la sal|atk|1\n|-boost|p2a: hada de la sal|def|1\n|\n|upkeep\n|turn|4\n|j| klaylton\n|l| klaylton\n|\n|t:|1701171521\n|move|p1b: Cresselia|Helping Hand|p1a: Grimmsnarl\n|-singleturn|p1a: Grimmsnarl|Helping Hand|[of] p1b: Cresselia\n|move|p2a: hada de la sal|Salt Cure|p1b: Cresselia\n|-damage|p1b: Cresselia|29\/100\n|-start|p1b: Cresselia|Salt Cure\n|move|p1a: Grimmsnarl|False Surrender|p2b: el palizas\n|-resisted|p2b: el palizas\n|-damage|p2b: el palizas|0 fnt\n|-damage|p1a: Grimmsnarl|52\/100|[from] item: Rocky Helmet|[of] p2b: el palizas\n|faint|p2b: el palizas\n|\n|-damage|p1b: Cresselia|17\/100|[from] Salt Cure\n|upkeep\n|\n|t:|1701171535\n|switch|p2b: molestio|Grimmsnarl, M, shiny|100\/100\n|turn|5\n|\n|t:|1701171558\n|move|p1a: Grimmsnarl|Parting Shot|p2a: hada de la sal\n|-unboost|p2a: hada de la sal|atk|1\n|-unboost|p2a: hada de la sal|spa|1\n|\n|t:|1701171569\n|switch|p1a: Volcanion|Volcanion|100\/100|[from] Parting Shot\n|move|p2b: molestio|Light Screen|p2b: molestio\n|-sidestart|p2: pablo ruiz pikachu|move: Light Screen\n|move|p2a: hada de la sal|Body Press|p1b: Cresselia\n|-resisted|p1b: Cresselia\n|-damage|p1b: Cresselia|0 fnt\n|faint|p1b: Cresselia\n|\n|-fieldend|move: Trick Room\n|upkeep\n|inactive|Luuk_15 has 120 seconds left.\n|\n|t:|1701171594\n|switch|p1b: Grimmsnarl|Grimmsnarl, M|52\/100\n|turn|6\n|\n|t:|1701171607\n|move|p1b: Grimmsnarl|Fake Out|p2a: hada de la sal\n|-damage|p2a: hada de la sal|96\/100\n|move|p2b: molestio|Reflect|p2b: molestio\n|-sidestart|p2: pablo ruiz pikachu|Reflect\n|move|p1a: Volcanion|Steam Eruption|p2a: hada de la sal\n|-damage|p2a: hada de la sal|69\/100\n|cant|p2a: hada de la sal|flinch\n|\n|-heal|p2a: hada de la sal|75\/100|[from] item: Leftovers\n|upkeep\n|turn|7\n|\n|t:|1701171635\n|move|p2b: molestio|Parting Shot|p1a: Volcanion\n|-unboost|p1a: Volcanion|atk|1\n|-unboost|p1a: Volcanion|spa|1\n|\n|t:|1701171640\n|switch|p2b: nacha la matcha|Sinistcha-Masterpiece|100\/100|[from] Parting Shot\n|move|p1b: Grimmsnarl|Parting Shot|p2a: hada de la sal\n|-unboost|p2a: hada de la sal|atk|1\n|-unboost|p2a: hada de la sal|spa|1\n|\n|t:|1701171654\n|switch|p1b: Chien-Pao|Chien-Pao|100\/100|[from] Parting Shot\n|-ability|p1b: Chien-Pao|Sword of Ruin\n|move|p1a: Volcanion|Sludge Bomb|p2a: hada de la sal\n|-supereffective|p2a: hada de la sal\n|-damage|p2a: hada de la sal|54\/100\n|move|p2a: hada de la sal|Salt Cure|p1a: Volcanion\n|-supereffective|p1a: Volcanion\n|-damage|p1a: Volcanion|77\/100\n|-start|p1a: Volcanion|Salt Cure\n|\n|-heal|p2a: hada de la sal|60\/100|[from] item: Leftovers\n|-damage|p1a: Volcanion|52\/100|[from] Salt Cure\n|upkeep\n|turn|8\n|inactive|Luuk_15 has 120 seconds left.\n|\n|t:|1701171708\n|switch|p1a: Grimmsnarl|Grimmsnarl, M|52\/100\n|move|p1b: Chien-Pao|Ice Spinner|p2b: nacha la matcha\n|-supereffective|p2b: nacha la matcha\n|-damage|p2b: nacha la matcha|40\/100\n|-damage|p1b: Chien-Pao|91\/100|[from] item: Life Orb\n|move|p2b: nacha la matcha|Strength Sap|p1b: Chien-Pao\n|-unboost|p1b: Chien-Pao|atk|1\n|-heal|p2b: nacha la matcha|100\/100\n|move|p2a: hada de la sal|Recover|p2a: hada de la sal\n|-heal|p2a: hada de la sal|100\/100\n|\n|upkeep\n|turn|9\n|inactive|Luuk_15 has 120 seconds left.\n|\n|t:|1701171735\n|move|p1a: Grimmsnarl|Fake Out|p2a: hada de la sal\n|-damage|p2a: hada de la sal|97\/100\n|move|p1b: Chien-Pao|Ice Spinner|p2b: nacha la matcha\n|-supereffective|p2b: nacha la matcha\n|-damage|p2b: nacha la matcha|60\/100\n|-damage|p1b: Chien-Pao|81\/100|[from] item: Life Orb\n|move|p2b: nacha la matcha|Calm Mind|p2b: nacha la matcha\n|-boost|p2b: nacha la matcha|spa|1\n|-boost|p2b: nacha la matcha|spd|1\n|cant|p2a: hada de la sal|flinch\n|\n|-heal|p2b: nacha la matcha|66\/100|[from] item: Leftovers\n|-heal|p2a: hada de la sal|100\/100|[from] item: Leftovers\n|upkeep\n|turn|10\n|inactive|Luuk_15 has 120 seconds left.\n|\n|t:|1701171763\n|move|p1b: Chien-Pao|Ice Spinner|p2b: nacha la matcha\n|-supereffective|p2b: nacha la matcha\n|-damage|p2b: nacha la matcha|27\/100\n|-damage|p1b: Chien-Pao|71\/100|[from] item: Life Orb\n|move|p2b: nacha la matcha|Strength Sap|p1b: Chien-Pao\n|-unboost|p1b: Chien-Pao|atk|1\n|-heal|p2b: nacha la matcha|92\/100\n|move|p1a: Grimmsnarl|False Surrender|p2b: nacha la matcha\n|-supereffective|p2b: nacha la matcha\n|-damage|p2b: nacha la matcha|35\/100\n|move|p2a: hada de la sal|Curse|p2a: hada de la sal\n|-unboost|p2a: hada de la sal|spe|1\n|-boost|p2a: hada de la sal|atk|1\n|-boost|p2a: hada de la sal|def|1\n|\n|-heal|p2b: nacha la matcha|41\/100|[from] item: Leftovers\n|upkeep\n|turn|11\n|inactive|Luuk_15 has 120 seconds left.\n|\n|t:|1701171792\n|move|p1a: Grimmsnarl|Parting Shot|p2a: hada de la sal\n|-unboost|p2a: hada de la sal|atk|1\n|-unboost|p2a: hada de la sal|spa|1\n|\n|t:|1701171799\n|switch|p1a: Ursaluna|Ursaluna, M|100\/100|[from] Parting Shot\n|move|p1b: Chien-Pao|Ice Spinner|p2b: nacha la matcha\n|-supereffective|p2b: nacha la matcha\n|-damage|p2b: nacha la matcha|10\/100\n|-damage|p1b: Chien-Pao|61\/100|[from] item: Life Orb\n|move|p2b: nacha la matcha|Matcha Gotcha|p1b: Chien-Pao|[spread] p1a,p1b\n|-supereffective|p1a: Ursaluna\n|-damage|p1a: Ursaluna|33\/100\n|-heal|p2b: nacha la matcha|55\/100|[from] drain|[of] p1a: Ursaluna\n|-damage|p1b: Chien-Pao|4\/100\n|-heal|p2b: nacha la matcha|80\/100|[from] drain|[of] p1b: Chien-Pao\n|move|p2a: hada de la sal|Salt Cure|p1b: Chien-Pao\n|-supereffective|p1b: Chien-Pao\n|-crit|p1b: Chien-Pao\n|-damage|p1b: Chien-Pao|0 fnt\n|faint|p1b: Chien-Pao\n|\n|-heal|p2b: nacha la matcha|86\/100|[from] item: Leftovers\n|-status|p1a: Ursaluna|brn|[from] item: Flame Orb\n|upkeep\n|inactive|Luuk_15 has 90 seconds left.\n|\n|t:|1701171830\n|switch|p1b: Flutter Mane|Flutter Mane|100\/100\n|-enditem|p1b: Flutter Mane|Booster Energy\n|-activate|p1b: Flutter Mane|ability: Protosynthesis|[fromitem]\n|-start|p1b: Flutter Mane|protosynthesisspe\n|turn|12\n|inactive|Luuk_15 has 90 seconds left.\n|\n|t:|1701171843\n|move|p1a: Ursaluna|Protect|p1a: Ursaluna\n|-singleturn|p1a: Ursaluna|Protect\n|move|p1b: Flutter Mane|Shadow Ball|p2b: nacha la matcha\n|-supereffective|p2b: nacha la matcha\n|-damage|p2b: nacha la matcha|41\/100\n|move|p2b: nacha la matcha|Matcha Gotcha|p1b: Flutter Mane|[spread] \n|-activate|p1a: Ursaluna|move: Protect\n|-miss|p2b: nacha la matcha|p1b: Flutter Mane\n|move|p2a: hada de la sal|Salt Cure|p1a: Ursaluna\n|-activate|p1a: Ursaluna|move: Protect\n|\n|-heal|p2b: nacha la matcha|47\/100|[from] item: Leftovers\n|-damage|p1a: Ursaluna|27\/100 brn|[from] brn\n|-sideend|p2: pablo ruiz pikachu|move: Light Screen\n|upkeep\n|turn|13\n|inactive|Luuk_15 has 90 seconds left.\n|\n|t:|1701171872\n|move|p1b: Flutter Mane|Shadow Ball|p2b: nacha la matcha\n|-supereffective|p2b: nacha la matcha\n|-damage|p2b: nacha la matcha|0 fnt\n|faint|p2b: nacha la matcha\n|move|p1a: Ursaluna|Facade|p2a: hada de la sal\n|-damage|p2a: hada de la sal|80\/100\n|move|p2a: hada de la sal|Salt Cure|p1a: Ursaluna\n|-resisted|p1a: Ursaluna\n|-damage|p1a: Ursaluna|22\/100 brn\n|-start|p1a: Ursaluna|Salt Cure\n|\n|-heal|p2a: hada de la sal|87\/100|[from] item: Leftovers\n|-damage|p1a: Ursaluna|16\/100 brn|[from] brn\n|-damage|p1a: Ursaluna|4\/100 brn|[from] Salt Cure\n|-sideend|p2: pablo ruiz pikachu|Reflect\n|upkeep\n|inactive|pablo ruiz pikachu has 120 seconds left.\n|\n|t:|1701171888\n|switch|p2b: molestio|Grimmsnarl, M, shiny|100\/100\n|turn|14\n|\n|t:|1701171913\n|move|p2b: molestio|Light Screen|p2b: molestio\n|-sidestart|p2: pablo ruiz pikachu|move: Light Screen\n|move|p1b: Flutter Mane|Shadow Ball|p2a: hada de la sal\n|-crit|p2a: hada de la sal\n|-damage|p2a: hada de la sal|62\/100\n|-unboost|p2a: hada de la sal|spd|1\n|move|p1a: Ursaluna|Facade|p2b: molestio\n|-damage|p2b: molestio|6\/100\n|move|p2a: hada de la sal|Salt Cure|p1b: Flutter Mane\n|-damage|p1b: Flutter Mane|73\/100\n|-start|p1b: Flutter Mane|Salt Cure\n|\n|-heal|p2a: hada de la sal|68\/100|[from] item: Leftovers\n|-damage|p1a: Ursaluna|0 fnt|[from] brn\n|faint|p1a: Ursaluna\n|-damage|p1b: Flutter Mane|60\/100|[from] Salt Cure\n|upkeep\n|inactive|Luuk_15 has 90 seconds left.\n|\n|t:|1701171947\n|switch|p1a: Grimmsnarl|Grimmsnarl, M|52\/100\n|turn|15\n|inactive|Luuk_15 has 90 seconds left.\n|\n|t:|1701171959\n|move|p1a: Grimmsnarl|Fake Out|p2b: molestio\n|-damage|p2b: molestio|0 fnt\n|faint|p2b: molestio\n|move|p1b: Flutter Mane|Shadow Ball|p2a: hada de la sal\n|-damage|p2a: hada de la sal|49\/100\n|move|p2a: hada de la sal|Recover|p2a: hada de la sal\n|-heal|p2a: hada de la sal|99\/100\n|\n|-heal|p2a: hada de la sal|100\/100|[from] item: Leftovers\n|-damage|p1b: Flutter Mane|48\/100|[from] Salt Cure\n|upkeep\n|\n|t:|1701171972\n|switch|p2b: melenaleteo|Flutter Mane|100\/100\n|turn|16\n|\n|t:|1701171993\n|move|p1b: Flutter Mane|Shadow Ball|p2b: melenaleteo\n|-supereffective|p2b: melenaleteo\n|-damage|p2b: melenaleteo|46\/100\n|move|p2b: melenaleteo|Dazzling Gleam|p1a: Grimmsnarl|[spread] p1a,p1b\n|-supereffective|p1a: Grimmsnarl\n|-damage|p1a: Grimmsnarl|0 fnt\n|-damage|p1b: Flutter Mane|17\/100\n|faint|p1a: Grimmsnarl\n|move|p2a: hada de la sal|Curse|p2a: hada de la sal\n|-unboost|p2a: hada de la sal|spe|1\n|-boost|p2a: hada de la sal|atk|1\n|-boost|p2a: hada de la sal|def|1\n|\n|-damage|p1b: Flutter Mane|4\/100|[from] Salt Cure\n|upkeep\n|inactive|Luuk_15 has 90 seconds left.\n|\n|t:|1701172008\n|switch|p1a: Volcanion|Volcanion|52\/100\n|turn|17\n|\n|t:|1701172022\n|move|p1b: Flutter Mane|Shadow Ball|p2b: melenaleteo\n|-supereffective|p2b: melenaleteo\n|-damage|p2b: melenaleteo|0 fnt\n|faint|p2b: melenaleteo\n|-end|p2b: melenaleteo|Protosynthesis|[silent]\n|move|p1a: Volcanion|Sludge Bomb|p2a: hada de la sal\n|-supereffective|p2a: hada de la sal\n|-damage|p2a: hada de la sal|53\/100\n|move|p2a: hada de la sal|Salt Cure|p1a: Volcanion\n|-supereffective|p1a: Volcanion\n|-damage|p1a: Volcanion|26\/100\n|-start|p1a: Volcanion|Salt Cure\n|\n|-heal|p2a: hada de la sal|59\/100|[from] item: Leftovers\n|-damage|p1b: Flutter Mane|0 fnt|[from] Salt Cure\n|faint|p1b: Flutter Mane\n|-end|p1b: Flutter Mane|Protosynthesis|[silent]\n|-damage|p1a: Volcanion|1\/100|[from] Salt Cure\n|upkeep\n|turn|18\n|inactive|Luuk_15 has 120 seconds left.\n|\n|t:|1701172043\n|move|p1a: Volcanion|Sludge Bomb|p2a: hada de la sal\n|-supereffective|p2a: hada de la sal\n|-damage|p2a: hada de la sal|15\/100\n|move|p2a: hada de la sal|Recover|p2a: hada de la sal\n|-heal|p2a: hada de la sal|65\/100\n|\n|-heal|p2a: hada de la sal|71\/100|[from] item: Leftovers\n|-damage|p1a: Volcanion|0 fnt|[from] Salt Cure\n|faint|p1a: Volcanion\n|\n|win|pablo ruiz pikachu\n|upkeep\n|raw|Luuk_15's rating: 1156 &rarr; <strong>1134<\/strong><br \/>(-22 for losing)\n|raw|pablo ruiz pikachu's rating: 1203 &rarr; <strong>1225<\/strong><br \/>(+22 for winning)\n","uploadtime":1701172060,"views":4,"p1id":"luuk15","p2id":"pabloruizpikachu","formatid":"gen9doublesou","rating":1134,"private":0,"password":""}