{"id":"gen9doublesou-1995273100","p1":"EddieJay","p2":"Kuzwa","format":"[Gen 9] Doubles OU","log":"|j|\u2606EddieJay\n|j|\u2606Kuzwa\n|t:|1700544846\n|gametype|doubles\n|player|p1|EddieJay|bruno|1390\n|player|p2|Kuzwa|pokemonbreeder-gen4|1354\n|teamsize|p1|6\n|teamsize|p2|6\n|gen|9\n|tier|[Gen 9] Doubles OU\n|rated|\n|rule|Species Clause: Limit one of each Pok\u00e9mon\n|rule|OHKO Clause: OHKO moves are banned\n|rule|Evasion Moves Clause: Evasion moves are banned\n|rule|Gravity Sleep Clause: The combination of sleep-inducing moves with imperfect accuracy and Gravity or Gigantamax Orbeetle are banned\n|rule|Endless Battle Clause: Forcing endless battles is banned\n|rule|HP Percentage Mod: HP is shown in percentages\n|clearpoke\n|poke|p1|Ogerpon-Hearthflame, F|\n|poke|p1|Iron Hands|\n|poke|p1|Landorus-Therian, M|\n|poke|p1|Sinistcha-Masterpiece|\n|poke|p1|Flutter Mane|\n|poke|p1|Gholdengo|\n|poke|p2|Chi-Yu|\n|poke|p2|Torkoal, M|\n|poke|p2|Glimmora, M|\n|poke|p2|Gallade, M|\n|poke|p2|Cinderace, M|\n|poke|p2|Gardevoir, F|\n|teampreview\n|inactive|Battle timer is ON: inactive players will automatically lose when time's up. (requested by EddieJay)\n|\n|t:|1700544861\n|start\n|switch|p1a: Gholdengo|Gholdengo|100\/100\n|switch|p1b: Iron Hands|Iron Hands|100\/100\n|switch|p2a: Tortissed|Torkoal, M|100\/100\n|switch|p2b: Nyx|Gardevoir, F, shiny|100\/100\n|-weather|SunnyDay|[from] ability: Drought|[of] p2a: Tortissed\n|-enditem|p1b: Iron Hands|Booster Energy\n|-activate|p1b: Iron Hands|ability: Quark Drive|[fromitem]\n|-start|p1b: Iron Hands|quarkdriveatk\n|turn|1\n|\n|t:|1700544874\n|-terastallize|p1a: Gholdengo|Steel\n|move|p1b: Iron Hands|Fake Out|p2a: Tortissed\n|-damage|p2a: Tortissed|86\/100\n|move|p1a: Gholdengo|Make It Rain|p2b: Nyx|[spread] p2a,p2b\n|-resisted|p2a: Tortissed\n|-supereffective|p2b: Nyx\n|-damage|p2a: Tortissed|45\/100\n|-damage|p2b: Nyx|0 fnt\n|-unboost|p1a: Gholdengo|spa|1\n|faint|p2b: Nyx\n|cant|p2a: Tortissed|flinch\n|\n|-weather|SunnyDay|[upkeep]\n|upkeep\n|\n|t:|1700544888\n|switch|p2b: Strega|Glimmora, M|100\/100\n|-item|p2b: Strega|Air Balloon\n|turn|2\n|\n|t:|1700544911\n|switch|p1a: Landorus|Landorus-Therian, M|100\/100\n|-ability|p1a: Landorus|Intimidate|boost\n|-unboost|p2a: Tortissed|atk|1\n|-unboost|p2b: Strega|atk|1\n|move|p2b: Strega|Earth Power|p1a: Landorus\n|-immune|p1a: Landorus\n|move|p1b: Iron Hands|Drain Punch|p2b: Strega\n|-damage|p2b: Strega|29\/100\n|-activate|p2b: Strega|ability: Toxic Debris\n|-sidestart|p1: EddieJay|move: Toxic Spikes\n|-enditem|p2b: Strega|Air Balloon\n|move|p2a: Tortissed|Eruption|p1a: Landorus|[spread] p1a,p1b\n|-damage|p1a: Landorus|60\/100\n|-damage|p1b: Iron Hands|73\/100\n|\n|-weather|SunnyDay|[upkeep]\n|upkeep\n|turn|3\n|\n|t:|1700544936\n|move|p1a: Landorus|Stomping Tantrum|p2a: Tortissed\n|-supereffective|p2a: Tortissed\n|-damage|p2a: Tortissed|0 fnt\n|faint|p2a: Tortissed\n|-damage|p1a: Landorus|50\/100|[from] item: Life Orb\n|move|p2b: Strega|Mortal Spin|p1b: Iron Hands|[spread] p1a,p1b\n|-resisted|p1a: Landorus\n|-damage|p1a: Landorus|49\/100\n|-damage|p1b: Iron Hands|71\/100\n|-status|p1a: Landorus|psn\n|-status|p1b: Iron Hands|psn\n|move|p1b: Iron Hands|Drain Punch|p2b: Strega\n|-crit|p2b: Strega\n|-damage|p2b: Strega|0 fnt\n|-heal|p1b: Iron Hands|80\/100 psn|[from] drain|[of] p2b: Strega\n|-activate|p2b: Strega|ability: Toxic Debris\n|-sidestart|p1: EddieJay|move: Toxic Spikes\n|faint|p2b: Strega\n|\n|-weather|SunnyDay|[upkeep]\n|-damage|p1a: Landorus|37\/100 psn|[from] psn\n|-damage|p1b: Iron Hands|67\/100 psn|[from] psn\n|upkeep\n|\n|t:|1700544945\n|switch|p2b: Mortissed|Cinderace, M|100\/100\n|switch|p2a: Ryoji Mochizuki|Chi-Yu|100\/100\n|-ability|p2a: Ryoji Mochizuki|Beads of Ruin\n|turn|4\n|\n|t:|1700544954\n|move|p2b: Mortissed|Pyro Ball|p1a: Landorus\n|-damage|p1a: Landorus|0 fnt\n|faint|p1a: Landorus\n|move|p2a: Ryoji Mochizuki|Lava Plume|p1b: Iron Hands|[spread] p2b,p1b\n|-resisted|p2b: Mortissed\n|-damage|p2b: Mortissed|57\/100\n|-damage|p1b: Iron Hands|8\/100 psn\n|move|p1b: Iron Hands|Drain Punch|p2a: Ryoji Mochizuki\n|-supereffective|p2a: Ryoji Mochizuki\n|-damage|p2a: Ryoji Mochizuki|0 fnt\n|-heal|p1b: Iron Hands|33\/100 psn|[from] drain|[of] p2a: Ryoji Mochizuki\n|faint|p2a: Ryoji Mochizuki\n|\n|-weather|SunnyDay|[upkeep]\n|-damage|p1b: Iron Hands|20\/100 psn|[from] psn\n|upkeep\n|\n|t:|1700544971\n|switch|p2a: Makoto Yuki|Gallade, M|100\/100\n|switch|p1a: Flutter Mane|Flutter Mane, shiny|100\/100\n|-status|p1a: Flutter Mane|tox\n|-activate|p1a: Flutter Mane|ability: Protosynthesis\n|-start|p1a: Flutter Mane|protosynthesisspe\n|turn|5\n|\n|t:|1700544980\n|move|p1a: Flutter Mane|Shadow Ball|p2a: Makoto Yuki\n|-supereffective|p2a: Makoto Yuki\n|-damage|p2a: Makoto Yuki|19\/100\n|move|p2b: Mortissed|Pyro Ball|p1b: Iron Hands\n|-damage|p1b: Iron Hands|0 fnt\n|faint|p1b: Iron Hands\n|-end|p1b: Iron Hands|Quark Drive|[silent]\n|move|p2a: Makoto Yuki|Trick Room|p2a: Makoto Yuki\n|-fieldstart|move: Trick Room|[of] p2a: Makoto Yuki\n|\n|-weather|SunnyDay|[upkeep]\n|-damage|p1a: Flutter Mane|95\/100 tox|[from] psn\n|upkeep\n|\n|t:|1700544991\n|switch|p1b: Sinistcha|Sinistcha-Masterpiece|100\/100\n|-status|p1b: Sinistcha|tox\n|-heal|p1a: Flutter Mane|100\/100 tox|[from] ability: Hospitality|[of] p1b: Sinistcha\n|turn|6\n|\n|t:|1700545000\n|move|p1a: Flutter Mane|Protect|p1a: Flutter Mane\n|-singleturn|p1a: Flutter Mane|Protect\n|move|p2a: Makoto Yuki|Solar Blade||[still]\n|-prepare|p2a: Makoto Yuki|Solar Blade\n|-anim|p2a: Makoto Yuki|Solar Blade|p1a: Flutter Mane\n|-activate|p1a: Flutter Mane|move: Protect\n|move|p2b: Mortissed|Pyro Ball|p1b: Sinistcha\n|-supereffective|p1b: Sinistcha\n|-damage|p1b: Sinistcha|0 fnt\n|faint|p1b: Sinistcha\n|\n|-weather|SunnyDay|[upkeep]\n|-damage|p1a: Flutter Mane|89\/100 tox|[from] psn\n|upkeep\n|\n|t:|1700545010\n|switch|p1b: Ogerpon|Ogerpon-Hearthflame, F|100\/100\n|-status|p1b: Ogerpon|tox\n|-ability|p1b: Ogerpon|Mold Breaker\n|turn|7\n|\n|t:|1700545017\n|move|p1b: Ogerpon|Spiky Shield|p1b: Ogerpon\n|-singleturn|p1b: Ogerpon|move: Protect\n|move|p2a: Makoto Yuki|Solar Blade||[still]\n|-prepare|p2a: Makoto Yuki|Solar Blade\n|-anim|p2a: Makoto Yuki|Solar Blade|p1a: Flutter Mane\n|-damage|p1a: Flutter Mane|0 fnt\n|faint|p1a: Flutter Mane\n|-end|p1a: Flutter Mane|Protosynthesis|[silent]\n|move|p2b: Mortissed|Pyro Ball|p1b: Ogerpon\n|-activate|p1b: Ogerpon|move: Protect\n|\n|-weather|SunnyDay|[upkeep]\n|-damage|p1b: Ogerpon|95\/100 tox|[from] psn\n|upkeep\n|\n|t:|1700545030\n|switch|p1a: Gholdengo|Gholdengo, tera:Steel|100\/100\n|turn|8\n|\n|t:|1700545041\n|move|p2a: Makoto Yuki|Sacred Sword|p1a: Gholdengo\n|-supereffective|p1a: Gholdengo\n|-damage|p1a: Gholdengo|0 fnt\n|faint|p1a: Gholdengo\n|move|p1b: Ogerpon|Knock Off|p2a: Makoto Yuki\n|-damage|p2a: Makoto Yuki|0 fnt\n|-enditem|p2a: Makoto Yuki|Focus Sash|[from] move: Knock Off|[of] p1b: Ogerpon\n|faint|p2a: Makoto Yuki\n|move|p2b: Mortissed|Pyro Ball|p1b: Ogerpon\n|-damage|p1b: Ogerpon|0 fnt\n|faint|p1b: Ogerpon\n|\n|win|Kuzwa\n|raw|EddieJay's rating: 1390 &rarr; <strong>1368<\/strong><br \/>(-22 for losing)\n|raw|Kuzwa's rating: 1354 &rarr; <strong>1376<\/strong><br \/>(+22 for winning)\n|l|\u2606EddieJay\n","uploadtime":1700545046,"views":4,"p1id":"eddiejay","p2id":"kuzwa","formatid":"gen9doublesou","rating":1368,"private":0,"password":""}