{"id":"gen9doublesou-1978612166","p1":"Metal Jester","p2":"turniplayzyt","format":"[Gen 9] Doubles OU","log":"|j|\u2606Metal Jester\n|j|\u2606turniplayzyt\n|t:|1698566641\n|gametype|doubles\n|player|p1|Metal Jester|guitarist|1215\n|player|p2|turniplayzyt|102|1151\n|teamsize|p1|6\n|teamsize|p2|6\n|gen|9\n|tier|[Gen 9] Doubles OU\n|rated|\n|rule|Species Clause: Limit one of each Pok\u00e9mon\n|rule|OHKO Clause: OHKO moves are banned\n|rule|Evasion Moves Clause: Evasion moves are banned\n|rule|Gravity Sleep Clause: The combination of sleep-inducing moves with imperfect accuracy and Gravity or Gigantamax Orbeetle are banned\n|rule|Endless Battle Clause: Forcing endless battles is banned\n|rule|HP Percentage Mod: HP is shown in percentages\n|clearpoke\n|poke|p1|Tornadus, M|\n|poke|p1|Stonjourner, M|\n|poke|p1|Flutter Mane|\n|poke|p1|Iron Hands|\n|poke|p1|Landorus-Therian, M|\n|poke|p1|Goodra-Hisui, M|\n|poke|p2|Grimmsnarl, M|\n|poke|p2|Basculegion-F, F|\n|poke|p2|Chi-Yu|\n|poke|p2|Tornadus, M|\n|poke|p2|Landorus-Therian, M|\n|poke|p2|Diancie|\n|teampreview\n|inactive|Battle timer is ON: inactive players will automatically lose when time's up. (requested by Metal Jester)\n|\n|t:|1698566663\n|start\n|switch|p1a: Tornadus|Tornadus, M|100\/100\n|switch|p1b: Stonjourner|Stonjourner, M, shiny|100\/100\n|switch|p2a: Landorus|Landorus-Therian, M|100\/100\n|switch|p2b: Diancie|Diancie|100\/100\n|-ability|p2a: Landorus|Intimidate|boost\n|-unboost|p1a: Tornadus|atk|1\n|-unboost|p1b: Stonjourner|atk|1\n|turn|1\n|\n|t:|1698566689\n|move|p1b: Stonjourner|Wide Guard|p1b: Stonjourner\n|-singleturn|p1b: Stonjourner|Wide Guard\n|move|p1a: Tornadus|Taunt|p2b: Diancie\n|-start|p2b: Diancie|move: Taunt\n|move|p2a: Landorus|Earthquake|p1a: Tornadus|[spread] p2b\n|-activate|p1a: Tornadus|move: Wide Guard\n|-activate|p1b: Stonjourner|move: Wide Guard\n|-supereffective|p2b: Diancie\n|-damage|p2b: Diancie|33\/100\n|move|p2b: Diancie|Diamond Storm|p1b: Stonjourner|[spread] \n|-activate|p1a: Tornadus|move: Wide Guard\n|-activate|p1b: Stonjourner|move: Wide Guard\n|\n|upkeep\n|turn|2\n|inactive|turniplayzyt has 120 seconds left.\n|\n|t:|1698566720\n|switch|p1b: Landorus|Landorus-Therian, M|100\/100\n|-ability|p1b: Landorus|Intimidate|boost\n|-unboost|p2a: Landorus|atk|1\n|-fail|p2b: Diancie|unboost|[from] ability: Clear Body|[of] p2b: Diancie\n|switch|p2b: Grimmsnarl|Grimmsnarl, M|100\/100\n|move|p1a: Tornadus|Bleakwind Storm|p2b: Grimmsnarl|[spread] p2a\n|-miss|p1a: Tornadus|p2b: Grimmsnarl\n|-damage|p2a: Landorus|69\/100\n|move|p2a: Landorus|U-turn|p1b: Landorus\n|-resisted|p1b: Landorus\n|-damage|p1b: Landorus|90\/100\n|inactive|turniplayzyt has 120 seconds left.\n|\n|t:|1698566735\n|switch|p2a: Basculegion|Basculegion-F, F|100\/100|[from] U-turn\n|\n|upkeep\n|turn|3\n|inactive|turniplayzyt has 120 seconds left.\n|\n|t:|1698566752\n|-terastallize|p1b: Landorus|Flying\n|move|p2b: Grimmsnarl|Fake Out|p1a: Tornadus\n|-damage|p1a: Tornadus|82\/100\n|move|p1a: Tornadus|Tailwind|p1a: Tornadus\n|-sidestart|p1: Metal Jester|move: Tailwind\n|move|p1b: Landorus|Earthquake|p2b: Grimmsnarl|[spread] p2a,p2b\n|-immune|p1a: Tornadus\n|-damage|p2a: Basculegion|53\/100\n|-damage|p2b: Grimmsnarl|58\/100\n|move|p2a: Basculegion|Surf|p1b: Landorus|[spread] p2b,p1a,p1b\n|-damage|p2b: Grimmsnarl|0 fnt\n|-damage|p1a: Tornadus|0 fnt\n|-damage|p1b: Landorus|0 fnt\n|faint|p2b: Grimmsnarl\n|faint|p1a: Tornadus\n|faint|p1b: Landorus\n|\n|upkeep\n|inactive|turniplayzyt has 120 seconds left.\n|\n|t:|1698566789\n|switch|p1a: Flutter Mane|Flutter Mane|100\/100\n|switch|p1b: Goodra|Goodra-Hisui, M|100\/100\n|switch|p2b: Chi-Yu|Chi-Yu|100\/100\n|-ability|p2b: Chi-Yu|Beads of Ruin\n|turn|4\n|inactive|turniplayzyt has 120 seconds left.\n|\n|t:|1698566816\n|switch|p2a: Diancie|Diancie|33\/100\n|move|p1a: Flutter Mane|Dazzling Gleam|p2a: Diancie|[spread] p2a,p2b\n|-damage|p2a: Diancie|0 fnt\n|-damage|p2b: Chi-Yu|52\/100\n|faint|p2a: Diancie\n|move|p1b: Goodra|Chilling Water|p2b: Chi-Yu\n|-supereffective|p2b: Chi-Yu\n|-damage|p2b: Chi-Yu|24\/100\n|-unboost|p2b: Chi-Yu|atk|1\n|move|p2b: Chi-Yu|Flamethrower|p1a: Flutter Mane\n|-damage|p1a: Flutter Mane|13\/100\n|-damage|p2b: Chi-Yu|14\/100|[from] item: Life Orb\n|\n|upkeep\n|\n|t:|1698566831\n|switch|p2a: Basculegion|Basculegion-F, F|53\/100\n|turn|5\n|inactive|turniplayzyt has 120 seconds left.\n|\n|t:|1698566842\n|move|p1a: Flutter Mane|Dazzling Gleam|p2b: Chi-Yu|[spread] p2a,p2b\n|-damage|p2a: Basculegion|0 fnt\n|-damage|p2b: Chi-Yu|0 fnt\n|faint|p2a: Basculegion\n|faint|p2b: Chi-Yu\n|move|p1b: Goodra|Flash Cannon|p2: Basculegion|[notarget]\n|-fail|p1b: Goodra\n|\n|upkeep\n|\n|t:|1698566846\n|switch|p2b: Landorus|Landorus-Therian, M|69\/100\n|switch|p2a: Tornadus|Tornadus, M|100\/100\n|-ability|p2b: Landorus|Intimidate|boost\n|-unboost|p1a: Flutter Mane|atk|1\n|-unboost|p1b: Goodra|atk|1\n|turn|6\n|\n|t:|1698566856\n|move|p2a: Tornadus|Tailwind|p2a: Tornadus\n|-sidestart|p2: turniplayzyt|move: Tailwind\n|move|p1a: Flutter Mane|Dazzling Gleam|p2a: Tornadus|[spread] p2a,p2b\n|-damage|p2a: Tornadus|64\/100\n|-damage|p2b: Landorus|27\/100\n|move|p2b: Landorus|Earthquake|p1a: Flutter Mane|[spread] p1a,p1b\n|-immune|p2a: Tornadus\n|-supereffective|p1b: Goodra\n|-damage|p1a: Flutter Mane|0 fnt\n|-damage|p1b: Goodra|42\/100\n|faint|p1a: Flutter Mane\n|-end|p1a: Flutter Mane|Protosynthesis|[silent]\n|move|p1b: Goodra|Draco Meteor|p2b: Landorus\n|-damage|p2b: Landorus|0 fnt\n|-unboost|p1b: Goodra|spa|2\n|faint|p2b: Landorus\n|\n|-heal|p1b: Goodra|48\/100|[from] item: Leftovers\n|-sideend|p1: Metal Jester|move: Tailwind\n|upkeep\n|\n|t:|1698566876\n|switch|p1a: Stonjourner|Stonjourner, M, shiny|100\/100\n|turn|7\n|\n|t:|1698566889\n|move|p1a: Stonjourner|Wide Guard|p1a: Stonjourner\n|-singleturn|p1a: Stonjourner|Wide Guard\n|move|p2a: Tornadus|Bleakwind Storm|p1b: Goodra|[spread] \n|-activate|p1a: Stonjourner|move: Wide Guard\n|-activate|p1b: Goodra|move: Wide Guard\n|move|p1b: Goodra|Draco Meteor|p2a: Tornadus\n|-damage|p2a: Tornadus|38\/100\n|-unboost|p1b: Goodra|spa|2\n|-enditem|p2a: Tornadus|Sitrus Berry|[eat]\n|-heal|p2a: Tornadus|62\/100|[from] item: Sitrus Berry\n|\n|-heal|p1b: Goodra|54\/100|[from] item: Leftovers\n|upkeep\n|turn|8\n|\n|t:|1698566905\n|move|p2a: Tornadus|Taunt|p1a: Stonjourner\n|-start|p1a: Stonjourner|move: Taunt\n|move|p1a: Stonjourner|Heat Crash|p2a: Tornadus\n|-damage|p2a: Tornadus|23\/100\n|move|p1b: Goodra|Life Dew||[still]|[spread] p1a,p1b\n|-fail|p1a: Stonjourner|heal\n|-heal|p1b: Goodra|79\/100\n|\n|-heal|p1b: Goodra|85\/100|[from] item: Leftovers\n|upkeep\n|turn|9\n|\n|t:|1698566916\n|move|p2a: Tornadus|Bleakwind Storm|p1b: Goodra|[spread] \n|-miss|p2a: Tornadus|p1a: Stonjourner\n|-miss|p2a: Tornadus|p1b: Goodra\n|move|p1a: Stonjourner|Heat Crash|p2a: Tornadus\n|-damage|p2a: Tornadus|0 fnt\n|faint|p2a: Tornadus\n|\n|win|Metal Jester\n|raw|Metal Jester's rating: 1215 &rarr; <strong>1235<\/strong><br \/>(+20 for winning)\n|raw|turniplayzyt's rating: 1151 &rarr; <strong>1131<\/strong><br \/>(-20 for losing)\n|l|\u2606turniplayzyt\n","uploadtime":1698566927,"views":20,"p1id":"metaljester","p2id":"turniplayzyt","formatid":"gen9doublesou","rating":1131,"private":0,"password":""}