{"id":"gen9doublesou-1982388444","p1":"OwenWLY2","p2":"RLisanidiot","format":"[Gen 9] Doubles OU","log":"|j|\u2606OwenWLY2\n|j|\u2606RLisanidiot\n|t:|1699008329\n|gametype|doubles\n|player|p1|OwenWLY2|bugcatcher-gen4dp|1189\n|player|p2|RLisanidiot|cynthia-masters|1301\n|teamsize|p1|6\n|teamsize|p2|6\n|gen|9\n|tier|[Gen 9] Doubles OU\n|rated|\n|rule|Species Clause: Limit one of each Pok\u00e9mon\n|rule|OHKO Clause: OHKO moves are banned\n|rule|Evasion Moves Clause: Evasion moves are banned\n|rule|Gravity Sleep Clause: The combination of sleep-inducing moves with imperfect accuracy and Gravity or Gigantamax Orbeetle are banned\n|rule|Endless Battle Clause: Forcing endless battles is banned\n|rule|HP Percentage Mod: HP is shown in percentages\n|clearpoke\n|poke|p1|Sinistcha-Masterpiece|\n|poke|p1|Iron Hands|\n|poke|p1|Gyarados, M|\n|poke|p1|Heatran, F|\n|poke|p1|Grimmsnarl, M|\n|poke|p1|Kommo-o, F|\n|poke|p2|Ninetales-Alola, F|\n|poke|p2|Chien-Pao|\n|poke|p2|Flutter Mane|\n|poke|p2|Tornadus, M|\n|poke|p2|Pachirisu, M|\n|poke|p2|Rillaboom, M|\n|teampreview\n|inactive|Battle timer is ON: inactive players will automatically lose when time's up. (requested by RLisanidiot)\n|\n|t:|1699008348\n|start\n|switch|p1a: Grimmsnarl|Grimmsnarl, M|100\/100\n|switch|p1b: Iron Hands|Iron Hands|100\/100\n|switch|p2a: Tornadus|Tornadus, M|100\/100\n|switch|p2b: Pachirisu|Pachirisu, M|100\/100\n|turn|1\n|\n|t:|1699008370\n|move|p1a: Grimmsnarl|Fake Out|p2b: Pachirisu\n|-crit|p2b: Pachirisu\n|-damage|p2b: Pachirisu|81\/100\n|move|p2a: Tornadus|Tailwind|p2a: Tornadus\n|-sidestart|p2: RLisanidiot|move: Tailwind\n|cant|p2b: Pachirisu|flinch\n|move|p1b: Iron Hands|Wild Charge|p2a: Tornadus\n|-supereffective|p2a: Tornadus\n|-damage|p2a: Tornadus|2\/100\n|-damage|p1b: Iron Hands|83\/100|[from] Recoil\n|\n|upkeep\n|turn|2\n|\n|t:|1699008397\n|move|p2b: Pachirisu|Follow Me|p2b: Pachirisu\n|-singleturn|p2b: Pachirisu|move: Follow Me\n|move|p1a: Grimmsnarl|Sucker Punch||[still]\n|-fail|p1a: Grimmsnarl\n|move|p2a: Tornadus|Bleakwind Storm|p1a: Grimmsnarl|[spread] p1a,p1b\n|-damage|p1a: Grimmsnarl|78\/100\n|-damage|p1b: Iron Hands|65\/100\n|move|p1b: Iron Hands|Volt Switch|p2b: Pachirisu\n|-heal|p2b: Pachirisu|100\/100|[from] ability: Volt Absorb|[of] p1b: Iron Hands\n|\n|-heal|p1a: Grimmsnarl|85\/100|[from] item: Leftovers\n|upkeep\n|turn|3\n|\n|t:|1699008425\n|move|p2b: Pachirisu|Follow Me|p2b: Pachirisu\n|-singleturn|p2b: Pachirisu|move: Follow Me\n|move|p1a: Grimmsnarl|Parting Shot|p2b: Pachirisu\n|-unboost|p2b: Pachirisu|atk|1\n|-unboost|p2b: Pachirisu|spa|1\n|\n|t:|1699008428\n|switch|p1a: Heatran|Heatran, F|100\/100|[from] Parting Shot\n|move|p2a: Tornadus|Bleakwind Storm|p1a: Heatran|[spread] p1b\n|-miss|p2a: Tornadus|p1a: Heatran\n|-damage|p1b: Iron Hands|45\/100\n|move|p1b: Iron Hands|Drain Punch|p2b: Pachirisu\n|-damage|p2b: Pachirisu|46\/100\n|-heal|p1b: Iron Hands|63\/100|[from] drain|[of] p2b: Pachirisu\n|-enditem|p2b: Pachirisu|Sitrus Berry|[eat]\n|-heal|p2b: Pachirisu|71\/100|[from] item: Sitrus Berry\n|\n|upkeep\n|turn|4\n|\n|t:|1699008445\n|move|p2a: Tornadus|Taunt|p1a: Heatran\n|-start|p1a: Heatran|move: Taunt\n|move|p2b: Pachirisu|Nuzzle|p1a: Heatran\n|-damage|p1a: Heatran|98\/100\n|-status|p1a: Heatran|par\n|-damage|p2b: Pachirisu|55\/100|[from] item: Rocky Helmet|[of] p1a: Heatran\n|move|p1b: Iron Hands|Drain Punch|p2b: Pachirisu\n|-damage|p2b: Pachirisu|8\/100\n|-heal|p1b: Iron Hands|78\/100|[from] drain|[of] p2b: Pachirisu\n|move|p1a: Heatran|Heat Wave|p2b: Pachirisu|[spread] p2a,p2b\n|-crit|p2b: Pachirisu\n|-damage|p2a: Tornadus|0 fnt\n|-damage|p2b: Pachirisu|0 fnt\n|faint|p2a: Tornadus\n|faint|p2b: Pachirisu\n|\n|-sideend|p2: RLisanidiot|move: Tailwind\n|upkeep\n|\n|t:|1699008462\n|switch|p2a: Ninetales|Ninetales-Alola, F, shiny|100\/100\n|switch|p2b: Chien-Pao|Chien-Pao|100\/100\n|-weather|Snow|[from] ability: Snow Warning|[of] p2a: Ninetales\n|-ability|p2b: Chien-Pao|Sword of Ruin\n|turn|5\n|\n|t:|1699008477\n|-end|p1b: Iron Hands|Quark Drive|[silent]\n|switch|p1b: Grimmsnarl|Grimmsnarl, M|85\/100\n|-terastallize|p2b: Chien-Pao|Electric\n|move|p2a: Ninetales|Confuse Ray|p1a: Heatran\n|-start|p1a: Heatran|confusion\n|move|p2b: Chien-Pao|Ice Spinner|p1b: Grimmsnarl\n|-damage|p1b: Grimmsnarl|25\/100\n|-activate|p1a: Heatran|confusion\n|move|p1a: Heatran|Flash Cannon|p2a: Ninetales\n|-supereffective|p2a: Ninetales\n|-damage|p2a: Ninetales|0 fnt\n|faint|p2a: Ninetales\n|\n|-weather|Snow|[upkeep]\n|-heal|p1b: Grimmsnarl|31\/100|[from] item: Leftovers\n|upkeep\n|\n|t:|1699008490\n|switch|p2a: Rillaboom|Rillaboom, M|100\/100\n|-fieldstart|move: Grassy Terrain|[from] ability: Grassy Surge|[of] p2a: Rillaboom\n|turn|6\n|\n|t:|1699008501\n|move|p1b: Grimmsnarl|Fake Out|p2b: Chien-Pao\n|-damage|p2b: Chien-Pao|88\/100\n|cant|p2b: Chien-Pao|flinch\n|move|p2a: Rillaboom|U-turn|p1b: Grimmsnarl\n|-damage|p1b: Grimmsnarl|0 fnt\n|faint|p1b: Grimmsnarl\n|\n|t:|1699008510\n|switch|p2a: Flutter Mane|Flutter Mane|100\/100|[from] U-turn\n|-activate|p1a: Heatran|confusion\n|cant|p1a: Heatran|par\n|\n|-weather|Snow|[upkeep]\n|-heal|p2b: Chien-Pao|94\/100|[from] Grassy Terrain\n|-heal|p1a: Heatran|100\/100 par|[from] Grassy Terrain\n|-end|p1a: Heatran|move: Taunt\n|upkeep\n|\n|t:|1699008539\n|switch|p1b: Gyarados|Gyarados, M|100\/100\n|-ability|p1b: Gyarados|Intimidate|boost\n|-unboost|p2a: Flutter Mane|atk|1\n|-unboost|p2b: Chien-Pao|atk|1\n|turn|7\n|\n|t:|1699008549\n|switch|p1a: Iron Hands|Iron Hands|78\/100\n|move|p2a: Flutter Mane|Hex|p1a: Iron Hands\n|-damage|p1a: Iron Hands|45\/100\n|move|p2b: Chien-Pao|Tera Blast|p1b: Gyarados|[anim] Tera Blast Electric\n|-supereffective|p1b: Gyarados\n|-damage|p1b: Gyarados|0 fnt\n|faint|p1b: Gyarados\n|\n|-weather|Snow|[upkeep]\n|-heal|p2b: Chien-Pao|99\/100|[from] Grassy Terrain\n|-heal|p1a: Iron Hands|51\/100|[from] Grassy Terrain\n|upkeep\n|\n|t:|1699008566\n|switch|p1b: Kommo-o|Kommo-o, F|100\/100\n|turn|8\n|\n|t:|1699008575\n|-end|p2a: Flutter Mane|Protosynthesis|[silent]\n|switch|p2a: Rillaboom|Rillaboom, M|100\/100\n|-terastallize|p1b: Kommo-o|Steel\n|move|p1a: Iron Hands|Fake Out|p2b: Chien-Pao\n|-damage|p2b: Chien-Pao|80\/100\n|cant|p2b: Chien-Pao|flinch\n|move|p1b: Kommo-o|Flash Cannon|p2a: Rillaboom\n|-damage|p2a: Rillaboom|62\/100\n|\n|-weather|Snow|[upkeep]\n|-heal|p2b: Chien-Pao|86\/100|[from] Grassy Terrain\n|-heal|p2a: Rillaboom|68\/100|[from] Grassy Terrain\n|-heal|p1a: Iron Hands|57\/100|[from] Grassy Terrain\n|upkeep\n|turn|9\n|\n|t:|1699008595\n|move|p2b: Chien-Pao|Sacred Sword|p1b: Kommo-o\n|-supereffective|p1b: Kommo-o\n|-damage|p1b: Kommo-o|49\/100\n|move|p1b: Kommo-o|Clangorous Soul|p1b: Kommo-o\n|-boost|p1b: Kommo-o|atk|1\n|-boost|p1b: Kommo-o|def|1\n|-boost|p1b: Kommo-o|spa|1\n|-boost|p1b: Kommo-o|spd|1\n|-boost|p1b: Kommo-o|spe|1\n|-damage|p1b: Kommo-o|16\/100\n|-enditem|p1b: Kommo-o|Throat Spray\n|-boost|p1b: Kommo-o|spa|1|[from] item: Throat Spray\n|move|p2a: Rillaboom|Drain Punch|p1b: Kommo-o\n|-supereffective|p1b: Kommo-o\n|-damage|p1b: Kommo-o|0 fnt\n|-heal|p2a: Rillaboom|74\/100|[from] drain|[of] p1b: Kommo-o\n|faint|p1b: Kommo-o\n|move|p1a: Iron Hands|Drain Punch|p2a: Rillaboom\n|-damage|p2a: Rillaboom|15\/100\n|-heal|p1a: Iron Hands|80\/100|[from] drain|[of] p2a: Rillaboom\n|\n|-weather|none\n|-heal|p2b: Chien-Pao|92\/100|[from] Grassy Terrain\n|-heal|p2a: Rillaboom|21\/100|[from] Grassy Terrain\n|-heal|p1a: Iron Hands|86\/100|[from] Grassy Terrain\n|upkeep\n|-message|OwenWLY2 forfeited.\n|\n|win|RLisanidiot\n|raw|OwenWLY2's rating: 1189 &rarr; <strong>1172<\/strong><br \/>(-17 for losing)\n|raw|RLisanidiot's rating: 1301 &rarr; <strong>1315<\/strong><br \/>(+14 for winning)\n|l|\u2606OwenWLY2\n","uploadtime":1699008626,"views":45,"p1id":"owenwly2","p2id":"rlisanidiot","formatid":"gen9doublesou","rating":1172,"private":0,"password":""}