{"id":"gen9doublesou-1998256193","p1":"wegmisbruiker","p2":"ishikusan","format":"[Gen 9] Doubles OU","log":"|j|\u2606wegmisbruiker\n|j|\u2606ishikusan\n|inactive|Battle timer is ON: inactive players will automatically lose when time's up.\n|t:|1700920714\n|gametype|doubles\n|player|p1|wegmisbruiker|biker-gen4|\n|player|p2|ishikusan|101|\n|teamsize|p1|6\n|teamsize|p2|6\n|gen|9\n|tier|[Gen 9] Doubles OU\n|rated|Tournament battle\n|rule|Species Clause: Limit one of each Pok\u00e9mon\n|rule|OHKO Clause: OHKO moves are banned\n|rule|Evasion Moves Clause: Evasion moves are banned\n|rule|Gravity Sleep Clause: The combination of sleep-inducing moves with imperfect accuracy and Gravity or Gigantamax Orbeetle are banned\n|rule|Endless Battle Clause: Forcing endless battles is banned\n|rule|HP Percentage Mod: HP is shown in percentages\n|clearpoke\n|poke|p1|Tyranitar, M|\n|poke|p1|Swalot, M|\n|poke|p1|Espathra, F|\n|poke|p1|Avalugg-Hisui, M|\n|poke|p1|Arbok, M|\n|poke|p1|Toedscruel, F|\n|poke|p2|Sawsbuck, F|\n|poke|p2|Hatterene, F|\n|poke|p2|Sliggoo-Hisui, F|\n|poke|p2|Charjabug, M|\n|poke|p2|Armarouge, F|\n|poke|p2|Gastrodon, F|\n|teampreview\n|j|*Lady Monita \u2746\n|c|\u2606ishikusan|glhf\n|c|\u2606wegmisbruiker|you too!\n|\n|t:|1700920727\n|start\n|switch|p1a: Tyranitar|Tyranitar, M, shiny|100\/100\n|switch|p1b: Toedscruel|Toedscruel, F|100\/100\n|switch|p2a: Armarouge|Armarouge, F|100\/100\n|switch|p2b: Charjabug|Charjabug, M|100\/100\n|-weather|Sandstorm|[from] ability: Sand Stream|[of] p1a: Tyranitar\n|turn|1\n|\n|t:|1700920745\n|move|p2a: Armarouge|Aura Sphere|p1a: Tyranitar\n|-supereffective|p1a: Tyranitar\n|-damage|p1a: Tyranitar|6\/100\n|-enditem|p1a: Tyranitar|Sitrus Berry|[eat]\n|-heal|p1a: Tyranitar|31\/100|[from] item: Sitrus Berry\n|move|p1b: Toedscruel|Earth Power|p2a: Armarouge\n|-supereffective|p2a: Armarouge\n|-damage|p2a: Armarouge|13\/100\n|move|p1a: Tyranitar|Stone Edge|p2b: Charjabug\n|-supereffective|p2b: Charjabug\n|-enditem|p2b: Charjabug|Focus Sash\n|-damage|p2b: Charjabug|1\/100\n|move|p2b: Charjabug|Lunge|p1b: Toedscruel\n|-supereffective|p1b: Toedscruel\n|-damage|p1b: Toedscruel|0 fnt\n|faint|p1b: Toedscruel\n|\n|-weather|Sandstorm|[upkeep]\n|-damage|p2a: Armarouge|7\/100|[from] Sandstorm\n|-damage|p2b: Charjabug|0 fnt|[from] Sandstorm\n|faint|p2b: Charjabug\n|upkeep\n|\n|t:|1700920772\n|switch|p1b: Arbok|Arbok, M|100\/100\n|switch|p2b: Gastrodon|Gastrodon, F|100\/100\n|-ability|p1b: Arbok|Intimidate|boost\n|-unboost|p2a: Armarouge|atk|1\n|-unboost|p2b: Gastrodon|atk|1\n|turn|2\n|\n|t:|1700920788\n|switch|p2a: Sawsbuck|Sawsbuck, F|100\/100\n|move|p1b: Arbok|Crunch|p2a: Sawsbuck\n|-damage|p2a: Sawsbuck|56\/100\n|move|p1a: Tyranitar|Stealth Rock|p2a: Sawsbuck\n|-sidestart|p2: ishikusan|move: Stealth Rock\n|move|p2b: Gastrodon|Muddy Water|p1a: Tyranitar|[spread] p1a\n|-miss|p2b: Gastrodon|p1b: Arbok\n|-supereffective|p1a: Tyranitar\n|-damage|p1a: Tyranitar|9\/100\n|\n|-weather|Sandstorm|[upkeep]\n|-damage|p1b: Arbok|94\/100|[from] Sandstorm\n|-damage|p2a: Sawsbuck|50\/100|[from] Sandstorm\n|upkeep\n|turn|3\n|\n|t:|1700920806\n|move|p2a: Sawsbuck|Protect|p2a: Sawsbuck\n|-singleturn|p2a: Sawsbuck|Protect\n|move|p1b: Arbok|Crunch|p2a: Sawsbuck\n|-activate|p2a: Sawsbuck|move: Protect\n|move|p1a: Tyranitar|Crunch|p2b: Gastrodon\n|-damage|p2b: Gastrodon|46\/100\n|move|p2b: Gastrodon|Muddy Water|p1a: Tyranitar|[spread] p1a\n|-miss|p2b: Gastrodon|p1b: Arbok\n|-supereffective|p1a: Tyranitar\n|-damage|p1a: Tyranitar|0 fnt\n|faint|p1a: Tyranitar\n|\n|-weather|Sandstorm|[upkeep]\n|-damage|p1b: Arbok|88\/100|[from] Sandstorm\n|-damage|p2a: Sawsbuck|44\/100|[from] Sandstorm\n|-heal|p2b: Gastrodon|52\/100|[from] item: Leftovers\n|upkeep\n|\n|t:|1700920817\n|switch|p1a: Espathra|Espathra, F, shiny|100\/100\n|turn|4\n|\n|t:|1700920825\n|move|p1a: Espathra|Calm Mind|p1a: Espathra\n|-boost|p1a: Espathra|spa|1\n|-boost|p1a: Espathra|spd|1\n|move|p1b: Arbok|Crunch|p2a: Sawsbuck\n|-damage|p2a: Sawsbuck|0 fnt\n|faint|p2a: Sawsbuck\n|move|p2b: Gastrodon|Muddy Water|p1a: Espathra|[spread] p1a,p1b\n|-damage|p1a: Espathra|80\/100\n|-damage|p1b: Arbok|53\/100\n|-unboost|p1a: Espathra|accuracy|1\n|\n|-weather|Sandstorm|[upkeep]\n|-damage|p1a: Espathra|74\/100|[from] Sandstorm\n|-damage|p1b: Arbok|47\/100|[from] Sandstorm\n|-heal|p2b: Gastrodon|58\/100|[from] item: Leftovers\n|-ability|p1a: Espathra|Speed Boost|boost\n|-boost|p1a: Espathra|spe|1\n|upkeep\n|\n|t:|1700920834\n|switch|p2a: Sliggoo|Sliggoo-Hisui, F|100\/100\n|-damage|p2a: Sliggoo|95\/100|[from] Stealth Rock\n|turn|5\n|\n|t:|1700920849\n|switch|p1b: Swalot|Swalot, M|100\/100\n|move|p1a: Espathra|Stored Power|p2b: Gastrodon|[miss]\n|-miss|p1a: Espathra|p2b: Gastrodon\n|move|p2b: Gastrodon|Muddy Water|p1a: Espathra|[spread] p1a,p1b\n|-damage|p1a: Espathra|53\/100\n|-damage|p1b: Swalot|77\/100\n|move|p2a: Sliggoo|Gyro Ball|p1a: Espathra\n|-damage|p1a: Espathra|15\/100\n|-enditem|p1a: Espathra|Salac Berry|[eat]\n|-boost|p1a: Espathra|spe|1|[from] item: Salac Berry\n|\n|-weather|none\n|-heal|p1b: Swalot|83\/100|[from] item: Leftovers\n|-heal|p2b: Gastrodon|65\/100|[from] item: Leftovers\n|-ability|p1a: Espathra|Speed Boost|boost\n|-boost|p1a: Espathra|spe|1\n|upkeep\n|turn|6\n|\n|t:|1700920872\n|move|p1a: Espathra|Stored Power|p2b: Gastrodon\n|-damage|p2b: Gastrodon|20\/100\n|move|p1b: Swalot|Acid Armor|p1b: Swalot\n|-boost|p1b: Swalot|def|2\n|move|p2b: Gastrodon|Muddy Water|p1b: Swalot|[spread] p1a,p1b\n|-damage|p1a: Espathra|0 fnt\n|-damage|p1b: Swalot|63\/100\n|faint|p1a: Espathra\n|move|p2a: Sliggoo|Gyro Ball|p1b: Swalot\n|-damage|p1b: Swalot|59\/100\n|\n|-heal|p1b: Swalot|65\/100|[from] item: Leftovers\n|-heal|p2b: Gastrodon|26\/100|[from] item: Leftovers\n|upkeep\n|\n|t:|1700920876\n|switch|p1a: Avalugg|Avalugg-Hisui, M, shiny|100\/100\n|turn|7\n|\n|t:|1700920884\n|switch|p2b: Armarouge|Armarouge, F|7\/100\n|-damage|p2b: Armarouge|0 fnt|[from] Stealth Rock\n|faint|p2b: Armarouge\n|move|p2a: Sliggoo|Protect|p2a: Sliggoo\n|-singleturn|p2a: Sliggoo|Protect\n|move|p1b: Swalot|Body Press|p2a: Sliggoo\n|-activate|p2a: Sliggoo|move: Protect\n|move|p1a: Avalugg|Rock Slide|p2a: Sliggoo\n|-activate|p2a: Sliggoo|move: Protect\n|\n|-heal|p1b: Swalot|71\/100|[from] item: Leftovers\n|upkeep\n|\n|t:|1700920894\n|switch|p2b: Hatterene|Hatterene, F, shiny|100\/100\n|-damage|p2b: Hatterene|88\/100|[from] Stealth Rock\n|turn|8\n|\n|t:|1700920908\n|-terastallize|p1b: Swalot|Ghost\n|-terastallize|p2a: Sliggoo|Fairy\n|move|p1b: Swalot|Body Press|p2a: Sliggoo\n|-resisted|p2a: Sliggoo\n|-damage|p2a: Sliggoo|77\/100\n|move|p1a: Avalugg|Rock Slide|p2b: Hatterene|[spread] p2a,p2b\n|-damage|p2a: Sliggoo|50\/100\n|-damage|p2b: Hatterene|50\/100\n|move|p2a: Sliggoo|Curse|p2a: Sliggoo\n|-unboost|p2a: Sliggoo|spe|1\n|-boost|p2a: Sliggoo|atk|1\n|-boost|p2a: Sliggoo|def|1\n|move|p2b: Hatterene|Trick Room|p2b: Hatterene\n|-fieldstart|move: Trick Room|[of] p2b: Hatterene\n|\n|-heal|p2b: Hatterene|56\/100|[from] item: Leftovers\n|-heal|p1b: Swalot|77\/100|[from] item: Leftovers\n|upkeep\n|turn|9\n|inactive|ishikusan has 120 seconds left.\n|c|\u2606wegmisbruiker|you're strong\n|\n|t:|1700920946\n|move|p2a: Sliggoo|Curse|p2a: Sliggoo\n|-unboost|p2a: Sliggoo|spe|1\n|-boost|p2a: Sliggoo|atk|1\n|-boost|p2a: Sliggoo|def|1\n|move|p2b: Hatterene|Life Dew|p2b: Hatterene|[spread] p2a,p2b\n|-heal|p2a: Sliggoo|75\/100\n|-heal|p2b: Hatterene|81\/100\n|move|p1a: Avalugg|Rock Slide|p2a: Sliggoo|[spread] p2a,p2b\n|-damage|p2a: Sliggoo|60\/100\n|-damage|p2b: Hatterene|41\/100\n|move|p1b: Swalot|Gunk Shot|p2a: Sliggoo\n|-supereffective|p2a: Sliggoo\n|-damage|p2a: Sliggoo|33\/100\n|\n|-heal|p2b: Hatterene|47\/100|[from] item: Leftovers\n|-heal|p1b: Swalot|84\/100|[from] item: Leftovers\n|upkeep\n|turn|10\n|c|\u2606wegmisbruiker|But strong enough to handle my jank?\n|\n|t:|1700920966\n|move|p2a: Sliggoo|Gyro Ball|p1a: Avalugg\n|-supereffective|p1a: Avalugg\n|-damage|p1a: Avalugg|40\/100\n|move|p2b: Hatterene|Life Dew|p2b: Hatterene|[spread] p2a,p2b\n|-heal|p2a: Sliggoo|58\/100\n|-heal|p2b: Hatterene|72\/100\n|move|p1a: Avalugg|Rock Slide|p2b: Hatterene|[spread] p2b\n|-miss|p1a: Avalugg|p2a: Sliggoo\n|-damage|p2b: Hatterene|32\/100\n|move|p1b: Swalot|Toxic|p2a: Sliggoo|[miss]\n|-miss|p1b: Swalot|p2a: Sliggoo\n|\n|-heal|p2b: Hatterene|38\/100|[from] item: Leftovers\n|-heal|p1b: Swalot|90\/100|[from] item: Leftovers\n|upkeep\n|turn|11\n|\n|t:|1700920987\n|move|p2a: Sliggoo|Gyro Ball|p1a: Avalugg\n|-supereffective|p1a: Avalugg\n|-damage|p1a: Avalugg|0 fnt\n|faint|p1a: Avalugg\n|move|p2b: Hatterene|Life Dew|p2b: Hatterene|[spread] p2a,p2b\n|-heal|p2a: Sliggoo|83\/100\n|-heal|p2b: Hatterene|63\/100\n|move|p1b: Swalot|Toxic|p2a: Sliggoo\n|-status|p2a: Sliggoo|tox\n|\n|-heal|p2b: Hatterene|69\/100|[from] item: Leftovers\n|-heal|p1b: Swalot|96\/100|[from] item: Leftovers\n|-damage|p2a: Sliggoo|77\/100 tox|[from] psn\n|upkeep\n|\n|t:|1700920995\n|switch|p1a: Arbok|Arbok, M|47\/100\n|-ability|p1a: Arbok|Intimidate|boost\n|-unboost|p2a: Sliggoo|atk|1\n|-unboost|p2b: Hatterene|atk|1\n|turn|12\n|\n|t:|1700921010\n|move|p2a: Sliggoo|Gyro Ball|p1a: Arbok\n|-damage|p1a: Arbok|0 fnt\n|faint|p1a: Arbok\n|move|p2b: Hatterene|Mystical Fire|p1b: Swalot\n|-damage|p1b: Swalot|75\/100\n|-unboost|p1b: Swalot|spa|1\n|move|p1b: Swalot|Gunk Shot|p2a: Sliggoo\n|-supereffective|p2a: Sliggoo\n|-crit|p2a: Sliggoo\n|-damage|p2a: Sliggoo|3\/100 tox\n|\n|-heal|p2b: Hatterene|75\/100|[from] item: Leftovers\n|-heal|p1b: Swalot|82\/100|[from] item: Leftovers\n|-damage|p2a: Sliggoo|0 fnt|[from] psn\n|faint|p2a: Sliggoo\n|-fieldend|move: Trick Room\n|upkeep\n|\n|t:|1700921017\n|switch|p2a: Gastrodon|Gastrodon, F|26\/100\n|-damage|p2a: Gastrodon|20\/100|[from] Stealth Rock\n|turn|13\n|j| Piccolodaimaojr\n|\n|t:|1700921029\n|move|p2a: Gastrodon|Protect|p2a: Gastrodon\n|-singleturn|p2a: Gastrodon|Protect\n|move|p1b: Swalot|Gunk Shot|p2b: Hatterene|[miss]\n|-miss|p1b: Swalot|p2b: Hatterene\n|move|p2b: Hatterene|Trick Room|p2b: Hatterene\n|-fieldstart|move: Trick Room|[of] p2b: Hatterene\n|\n|-heal|p2b: Hatterene|81\/100|[from] item: Leftovers\n|-heal|p2a: Gastrodon|26\/100|[from] item: Leftovers\n|-heal|p1b: Swalot|88\/100|[from] item: Leftovers\n|upkeep\n|turn|14\n|\n|t:|1700921044\n|move|p2b: Hatterene|Mystical Fire|p1b: Swalot\n|-damage|p1b: Swalot|64\/100\n|-unboost|p1b: Swalot|spa|1\n|move|p2a: Gastrodon|Recover|p2a: Gastrodon\n|-heal|p2a: Gastrodon|76\/100\n|move|p1b: Swalot|Body Press|p2a: Gastrodon\n|-damage|p2a: Gastrodon|29\/100\n|\n|-heal|p2b: Hatterene|87\/100|[from] item: Leftovers\n|-heal|p2a: Gastrodon|35\/100|[from] item: Leftovers\n|-heal|p1b: Swalot|70\/100|[from] item: Leftovers\n|upkeep\n|turn|15\n|l| Piccolodaimaojr\n|\n|t:|1700921053\n|move|p2b: Hatterene|Mystical Fire|p1b: Swalot\n|-damage|p1b: Swalot|48\/100\n|-unboost|p1b: Swalot|spa|1\n|move|p2a: Gastrodon|Recover|p2a: Gastrodon\n|-heal|p2a: Gastrodon|85\/100\n|move|p1b: Swalot|Body Press|p2a: Gastrodon\n|-damage|p2a: Gastrodon|31\/100\n|\n|-heal|p2b: Hatterene|93\/100|[from] item: Leftovers\n|-heal|p2a: Gastrodon|38\/100|[from] item: Leftovers\n|-heal|p1b: Swalot|54\/100|[from] item: Leftovers\n|upkeep\n|turn|16\n|\n|t:|1700921064\n|move|p2b: Hatterene|Mystical Fire|p1b: Swalot\n|-damage|p1b: Swalot|32\/100\n|-unboost|p1b: Swalot|spa|1\n|move|p2a: Gastrodon|Recover|p2a: Gastrodon\n|-heal|p2a: Gastrodon|88\/100\n|move|p1b: Swalot|Gunk Shot|p2b: Hatterene\n|-supereffective|p2b: Hatterene\n|-damage|p2b: Hatterene|17\/100\n|\n|-heal|p2b: Hatterene|23\/100|[from] item: Leftovers\n|-heal|p2a: Gastrodon|94\/100|[from] item: Leftovers\n|-heal|p1b: Swalot|38\/100|[from] item: Leftovers\n|upkeep\n|turn|17\n|\n|t:|1700921078\n|move|p2b: Hatterene|Mystical Fire|p1b: Swalot\n|-damage|p1b: Swalot|17\/100\n|-unboost|p1b: Swalot|spa|1\n|move|p2a: Gastrodon|Muddy Water|p1b: Swalot\n|-damage|p1b: Swalot|0 fnt\n|faint|p1b: Swalot\n|\n|win|ishikusan\n|n|\u2606wegmisbruiker|wegmisbruiker\n|n|\u2606ishikusan|ishikusan\n|n|*Lady Monita \u2746|ladymonita\n","uploadtime":1700921079,"views":4,"p1id":"wegmisbruiker","p2id":"ishikusan","formatid":"gen9doublesou","rating":0,"private":0,"password":""}