{"id":"gen9doublesou-1968490577","p1":"hoiymenomimnn 4v6","p2":"ButWhyThough_2","format":"[Gen 9] Doubles OU","log":"|j|\u2606hoiymenomimnn 4v6\n|j|\u2606ButWhyThough_2\n|t:|1697424289\n|gametype|doubles\n|player|p1|hoiymenomimnn 4v6|policeman-gen4|\n|player|p2|ButWhyThough_2|hilbert-wonderlauncher|\n|teamsize|p1|6\n|teamsize|p2|6\n|gen|9\n|tier|[Gen 9] Doubles OU\n|rule|Species Clause: Limit one of each Pok\u00e9mon\n|rule|OHKO Clause: OHKO moves are banned\n|rule|Evasion Moves Clause: Evasion moves are banned\n|rule|Gravity Sleep Clause: The combination of sleep-inducing moves with imperfect accuracy and Gravity or Gigantamax Orbeetle are banned\n|rule|Endless Battle Clause: Forcing endless battles is banned\n|rule|HP Percentage Mod: HP is shown in percentages\n|clearpoke\n|poke|p1|Ursaluna, M|\n|poke|p1|Torkoal, L98, M|\n|poke|p1|Armarouge, M|\n|poke|p1|Indeedee-F, F|\n|poke|p1|Sinistcha|\n|poke|p1|Regidrago|\n|poke|p2|Chi-Yu|\n|poke|p2|Iron Hands|\n|poke|p2|Flutter Mane|\n|poke|p2|Kingambit, M|\n|poke|p2|Torkoal, M|\n|poke|p2|Spectrier|\n|teampreview\n|\n|t:|1697424302\n|start\n|switch|p1a: ChaScrnPulsWisFO|Indeedee-F, F|100\/100\n|switch|p1b: stlgrsfig Db Ally|Armarouge, M|100\/100\n|switch|p2a: Still here|Chi-Yu|100\/100\n|switch|p2b: Torkoal|Torkoal, M|100\/100\n|-ability|p2a: Still here|Beads of Ruin\n|-fieldstart|move: Psychic Terrain|[from] ability: Psychic Surge|[of] p1a: ChaScrnPulsWisFO\n|-weather|SunnyDay|[from] ability: Drought|[of] p2b: Torkoal\n|turn|1\n|c|\u2606hoiymenomimnn 4v6|O SHIT\n|\n|t:|1697424338\n|switch|p2b: Iron Hands|Iron Hands|100\/100\n|move|p1a: ChaScrnPulsWisFO|Follow Me|p1a: ChaScrnPulsWisFO\n|-singleturn|p1a: ChaScrnPulsWisFO|move: Follow Me\n|move|p2a: Still here|Snarl|p1a: ChaScrnPulsWisFO|[spread] p1a,p1b\n|-supereffective|p1a: ChaScrnPulsWisFO\n|-supereffective|p1b: stlgrsfig Db Ally\n|-damage|p1a: ChaScrnPulsWisFO|53\/100\n|-damage|p1b: stlgrsfig Db Ally|40\/100\n|-unboost|p1a: ChaScrnPulsWisFO|spa|1\n|-unboost|p1b: stlgrsfig Db Ally|spa|1\n|-enditem|p1a: ChaScrnPulsWisFO|Eject Button\n|c|\u2606ButWhyThough_2|sir, i have a sun boosted overheat ready to fire\n|\n|t:|1697424369\n|switch|p1a: Close Combat|Ursaluna, M|100\/100\n|move|p1b: stlgrsfig Db Ally|Expanding Force|p2a: Still here|[spread] p2b\n|-immune|p2a: Still here\n|-supereffective|p2b: Iron Hands\n|-damage|p2b: Iron Hands|19\/100\n|-damage|p1b: stlgrsfig Db Ally|30\/100|[from] item: Life Orb\n|\n|-weather|SunnyDay|[upkeep]\n|-status|p1a: Close Combat|brn|[from] item: Flame Orb\n|upkeep\n|turn|2\n|c|\u2606hoiymenomimnn 4v6|:(\n|\n|t:|1697424387\n|move|p1b: stlgrsfig Db Ally|Ally Switch|p1b: stlgrsfig Db Ally\n|swap|p1b: stlgrsfig Db Ally|0|[from] move: Ally Switch\n|move|p2a: Still here|Overheat|p1a: stlgrsfig Db Ally\n|-start|p1a: stlgrsfig Db Ally|ability: Flash Fire\n|move|p2b: Iron Hands|Wild Charge|p1b: Close Combat\n|-immune|p1b: Close Combat\n|move|p1b: Close Combat|Earthquake|p2b: Iron Hands|[spread] p1a,p2a,p2b\n|-supereffective|p1a: stlgrsfig Db Ally\n|-supereffective|p2a: Still here\n|-supereffective|p2b: Iron Hands\n|-damage|p1a: stlgrsfig Db Ally|0 fnt\n|-damage|p2a: Still here|0 fnt\n|-damage|p2b: Iron Hands|0 fnt\n|faint|p1a: stlgrsfig Db Ally\n|faint|p2a: Still here\n|faint|p2b: Iron Hands\n|-end|p2b: Iron Hands|Quark Drive|[silent]\n|\n|-weather|SunnyDay|[upkeep]\n|-damage|p1b: Close Combat|94\/100 brn|[from] brn\n|upkeep\n|c|\u2606ButWhyThough_2|shoot\n|c|\u2606hoiymenomimnn 4v6|LMFAO\n|c|\u2606ButWhyThough_2|it gets that move?\n|c|\u2606hoiymenomimnn 4v6|yes\n|c|\u2606hoiymenomimnn 4v6|tect is useless on most tr mons\n|c|\u2606ButWhyThough_2|hmmmm\n|c|\u2606hoiymenomimnn 4v6|so i thought hwy not\n|\n|t:|1697424425\n|switch|p2a: Spectrier|Spectrier|100\/100\n|switch|p2b: Othermeta|Flutter Mane|100\/100\n|switch|p1a: Shadow Ball|Sinistcha|100\/100\n|-activate|p2b: Othermeta|ability: Protosynthesis\n|-start|p2b: Othermeta|protosynthesisspe\n|-heal|p1b: Close Combat|100\/100 brn|[from] ability: Hospitality|[of] p1a: Shadow Ball\n|turn|3\n|c|\u2606hoiymenomimnn 4v6|ahaha u cant burn me when im already burnt\n|\n|t:|1697424464\n|switch|p1a: ChaScrnPulsWisFO|Indeedee-F, F|53\/100\n|move|p2b: Othermeta|Dazzling Gleam|p1a: ChaScrnPulsWisFO|[spread] p1a,p1b\n|-crit|p1b: Close Combat\n|-damage|p1a: ChaScrnPulsWisFO|30\/100\n|-damage|p1b: Close Combat|63\/100 brn\n|move|p2a: Spectrier|Will-O-Wisp|p1a: ChaScrnPulsWisFO\n|-status|p1a: ChaScrnPulsWisFO|brn\n|move|p1b: Close Combat|Headlong Rush|p2b: Othermeta\n|-damage|p2b: Othermeta|0 fnt\n|-unboost|p1b: Close Combat|def|1\n|-unboost|p1b: Close Combat|spd|1\n|faint|p2b: Othermeta\n|-end|p2b: Othermeta|Protosynthesis|[silent]\n|\n|-weather|SunnyDay|[upkeep]\n|-damage|p1a: ChaScrnPulsWisFO|23\/100 brn|[from] brn\n|-damage|p1b: Close Combat|57\/100 brn|[from] brn\n|upkeep\n|c|\u2606ButWhyThough_2|im going for something else that's stupid\n|\n|t:|1697424478\n|switch|p2b: Kingambit|Kingambit, M|100\/100\n|turn|4\n|\n|t:|1697424490\n|move|p2b: Kingambit|Protect|p2b: Kingambit\n|-singleturn|p2b: Kingambit|Protect\n|move|p1a: ChaScrnPulsWisFO|Follow Me|p1a: ChaScrnPulsWisFO\n|-singleturn|p1a: ChaScrnPulsWisFO|move: Follow Me\n|move|p2a: Spectrier|Psychic|p1a: ChaScrnPulsWisFO\n|-resisted|p1a: ChaScrnPulsWisFO\n|-damage|p1a: ChaScrnPulsWisFO|8\/100 brn\n|move|p1b: Close Combat|Earthquake|p2b: Kingambit|[spread] p1a,p2a\n|-activate|p2b: Kingambit|move: Protect\n|-damage|p1a: ChaScrnPulsWisFO|0 fnt\n|-damage|p2a: Spectrier|7\/100\n|faint|p1a: ChaScrnPulsWisFO\n|\n|-weather|SunnyDay|[upkeep]\n|-damage|p1b: Close Combat|50\/100 brn|[from] brn\n|upkeep\n|\n|t:|1697424501\n|switch|p1a: Shadow Ball|Sinistcha|100\/100\n|-heal|p1b: Close Combat|75\/100 brn|[from] ability: Hospitality|[of] p1a: Shadow Ball\n|turn|5\n|\n|t:|1697424510\n|switch|p2b: Torkoal|Torkoal, M|100\/100\n|move|p2a: Spectrier|Protect|p2a: Spectrier\n|-singleturn|p2a: Spectrier|Protect\n|move|p1a: Shadow Ball|Rage Powder|p1a: Shadow Ball\n|-singleturn|p1a: Shadow Ball|move: Rage Powder\n|move|p1b: Close Combat|Earthquake|p2a: Spectrier|[spread] p1a,p2b\n|-activate|p2a: Spectrier|move: Protect\n|-resisted|p1a: Shadow Ball\n|-supereffective|p2b: Torkoal\n|-damage|p1a: Shadow Ball|77\/100\n|-damage|p2b: Torkoal|0 fnt\n|faint|p2b: Torkoal\n|\n|-weather|SunnyDay|[upkeep]\n|-damage|p1b: Close Combat|69\/100 brn|[from] brn\n|-fieldend|move: Psychic Terrain\n|upkeep\n|\n|t:|1697424519\n|switch|p2b: Kingambit|Kingambit, M|100\/100\n|turn|6\n|\n|t:|1697424526\n|-terastallize|p2b: Kingambit|Dark\n|move|p1a: Shadow Ball|Rage Powder|p1a: Shadow Ball\n|-singleturn|p1a: Shadow Ball|move: Rage Powder\n|move|p2a: Spectrier|Hex|p1a: Shadow Ball\n|-supereffective|p1a: Shadow Ball\n|-damage|p1a: Shadow Ball|0 fnt\n|faint|p1a: Shadow Ball\n|-ability|p2a: Spectrier|Grim Neigh|boost\n|-boost|p2a: Spectrier|spa|1\n|move|p2b: Kingambit|Kowtow Cleave|p1b: Close Combat\n|-damage|p1b: Close Combat|0 fnt\n|faint|p1b: Close Combat\n|\n|-weather|SunnyDay|[upkeep]\n|upkeep\n|c|\u2606hoiymenomimnn 4v6|:(\n|\n|t:|1697424541\n|switch|p1a: Solar Beam|Torkoal, L98, M|100\/100\n|switch|p1b: Regidrago|Regidrago|100\/100\n|turn|7\n|\n|t:|1697424562\n|-terastallize|p1b: Regidrago|Steel\n|move|p2b: Kingambit|Sucker Punch|p1a: Solar Beam\n|-damage|p1a: Solar Beam|49\/100\n|move|p2a: Spectrier|Hex|p1b: Regidrago\n|-damage|p1b: Regidrago|44\/100\n|move|p1b: Regidrago|Dragon Energy|p2b: Kingambit|[spread] p2a,p2b\n|-damage|p2a: Spectrier|0 fnt\n|-damage|p2b: Kingambit|60\/100\n|faint|p2a: Spectrier\n|move|p1a: Solar Beam|Eruption|p2b: Kingambit\n|-damage|p2b: Kingambit|6\/100\n|\n|-weather|SunnyDay|[upkeep]\n|upkeep\n|turn|8\n|c|\u2606ButWhyThough_2|im in danger\n|\n|t:|1697424579\n|move|p2b: Kingambit|Sucker Punch|p1a: Solar Beam\n|-damage|p1a: Solar Beam|0 fnt\n|faint|p1a: Solar Beam\n|move|p1b: Regidrago|Dragon Energy|p2b: Kingambit\n|-damage|p2b: Kingambit|0 fnt\n|faint|p2b: Kingambit\n|\n|win|hoiymenomimnn 4v6\n|c|\u2606hoiymenomimnn 4v6|lol\n|c|\u2606hoiymenomimnn 4v6|gg\n|c|\u2606hoiymenomimnn 4v6|spectrier is just a wow bot tho\n|c|\u2606hoiymenomimnn 4v6|not so useful\n|c|\u2606hoiymenomimnn 4v6|since u already have ghost dmg too\n|c|\u2606ButWhyThough_2|team in testing still\n|c|\u2606ButWhyThough_2|hoping for 1600 someday\n|c|\u2606hoiymenomimnn 4v6|why not try a twinder?\n|c|\u2606hoiymenomimnn 4v6|like walkign wake\n|c|\u2606ButWhyThough_2|didn't work\n|c|\u2606hoiymenomimnn 4v6|that would fit perfectly\n|c|\u2606ButWhyThough_2|hmmm\n|c|\u2606hoiymenomimnn 4v6|tbf the ally switch is what won me lol\n","uploadtime":1697424677,"views":10,"p1id":"hoiymenomimnn4v6","p2id":"butwhythough2","formatid":"gen9doublesou","rating":0,"private":0,"password":""}