{"id":"gen9doublesou-1970210095","p1":"Damipoo","p2":"Isaiaspink","format":"[Gen 9] Doubles OU","log":"|j|\u2606Damipoo\n|j|\u2606Isaiaspink\n|t:|1697610952\n|gametype|doubles\n|player|p1|Damipoo|sage|1182\n|player|p2|Isaiaspink|102|1074\n|teamsize|p1|6\n|teamsize|p2|6\n|gen|9\n|tier|[Gen 9] Doubles OU\n|rated|\n|rule|Species Clause: Limit one of each Pok\u00e9mon\n|rule|OHKO Clause: OHKO moves are banned\n|rule|Evasion Moves Clause: Evasion moves are banned\n|rule|Gravity Sleep Clause: The combination of sleep-inducing moves with imperfect accuracy and Gravity or Gigantamax Orbeetle are banned\n|rule|Endless Battle Clause: Forcing endless battles is banned\n|rule|HP Percentage Mod: HP is shown in percentages\n|clearpoke\n|poke|p1|Chandelure, F|\n|poke|p1|Lokix, F|\n|poke|p1|Glimmora, M|\n|poke|p1|Blissey, F|\n|poke|p1|Arboliva, M|\n|poke|p1|Bruxish, F|\n|poke|p2|Arboliva, F|\n|poke|p2|Torkoal, M|\n|poke|p2|Chandelure, F|\n|poke|p2|Walking Wake|\n|poke|p2|Sinistcha|\n|poke|p2|Poliwrath, M|\n|teampreview\n|\n|t:|1697610964\n|start\n|switch|p1a: Chandelure|Chandelure, F|100\/100\n|switch|p1b: Glimmora|Glimmora, M|100\/100\n|switch|p2a: Sinistcha|Sinistcha, shiny|100\/100\n|switch|p2b: Poliwrath|Poliwrath, M|100\/100\n|turn|1\n|\n|t:|1697610989\n|switch|p2b: Walking Wake|Walking Wake|100\/100\n|-enditem|p2b: Walking Wake|Booster Energy\n|-activate|p2b: Walking Wake|ability: Protosynthesis|[fromitem]\n|-start|p2b: Walking Wake|protosynthesisspa\n|-terastallize|p2a: Sinistcha|Water\n|move|p1a: Chandelure|Shadow Ball|p2a: Sinistcha\n|-damage|p2a: Sinistcha|51\/100\n|move|p1b: Glimmora|Sludge Bomb|p2a: Sinistcha\n|-damage|p2a: Sinistcha|0 fnt\n|faint|p2a: Sinistcha\n|\n|upkeep\n|\n|t:|1697611003\n|switch|p2a: Chandelure|Chandelure, F, shiny|100\/100\n|turn|2\n|inactive|Battle timer is ON: inactive players will automatically lose when time's up. (requested by Isaiaspink)\n|\n|t:|1697611029\n|move|p1a: Chandelure|Protect|p1a: Chandelure\n|-singleturn|p1a: Chandelure|Protect\n|move|p2a: Chandelure|Shadow Ball|p1a: Chandelure\n|-activate|p1a: Chandelure|move: Protect\n|move|p2b: Walking Wake|Hydro Steam|p1a: Chandelure\n|-activate|p1a: Chandelure|move: Protect\n|move|p1b: Glimmora|Rock Polish|p1b: Glimmora\n|-boost|p1b: Glimmora|spe|2\n|\n|upkeep\n|turn|3\n|\n|t:|1697611040\n|switch|p1a: Blissey|Blissey, F|100\/100\n|move|p1b: Glimmora|Power Gem|p2a: Chandelure\n|-supereffective|p2a: Chandelure\n|-damage|p2a: Chandelure|0 fnt\n|faint|p2a: Chandelure\n|move|p2b: Walking Wake|Hydro Steam|p1b: Glimmora\n|-supereffective|p1b: Glimmora\n|-enditem|p1b: Glimmora|Focus Sash\n|-damage|p1b: Glimmora|1\/100\n|\n|upkeep\n|\n|t:|1697611054\n|switch|p2a: Arboliva|Arboliva, F, shiny|100\/100\n|turn|4\n|\n|t:|1697611061\n|move|p1b: Glimmora|Sludge Bomb|p2b: Walking Wake\n|-damage|p2b: Walking Wake|38\/100\n|move|p2b: Walking Wake|Hydro Steam|p1b: Glimmora\n|-supereffective|p1b: Glimmora\n|-damage|p1b: Glimmora|0 fnt\n|faint|p1b: Glimmora\n|move|p1a: Blissey|Ice Beam|p2a: Arboliva\n|-supereffective|p2a: Arboliva\n|-damage|p2a: Arboliva|74\/100\n|move|p2a: Arboliva|Leech Seed|p1a: Blissey\n|-start|p1a: Blissey|move: Leech Seed\n|\n|-damage|p1a: Blissey|88\/100|[from] Leech Seed|[of] p2a: Arboliva\n|-heal|p2a: Arboliva|100\/100|[silent]\n|upkeep\n|\n|t:|1697611069\n|switch|p1b: Lokix|Lokix, F|100\/100\n|turn|5\n|l|\u2606Damipoo\n|inactive|Damipoo disconnected and has a minute to reconnect!\n|player|p1|\n|\n|t:|1697611090\n|switch|p1a: Arboliva|Arboliva, M|100\/100\n|switch|p2a: Torkoal|Torkoal, M|100\/100\n|-weather|SunnyDay|[from] ability: Drought|[of] p2a: Torkoal\n|move|p1b: Lokix|First Impression|p2b: Walking Wake\n|-damage|p2b: Walking Wake|0 fnt\n|faint|p2b: Walking Wake\n|-end|p2b: Walking Wake|Protosynthesis|[silent]\n|-damage|p1b: Lokix|91\/100|[from] item: Life Orb\n|\n|-weather|SunnyDay|[upkeep]\n|upkeep\n|inactive|Isaiaspink has 120 seconds left.\n|\n|t:|1697611106\n|switch|p2b: Arboliva|Arboliva, F, shiny|100\/100\n|turn|6\n|j|\u2606Damipoo\n|inactive|Damipoo reconnected and has 135 seconds left.\n|player|p1|Damipoo|sage\n|\n|t:|1697611131\n|-terastallize|p1a: Arboliva|Rock\n|move|p1b: Lokix|Swords Dance|p1b: Lokix\n|-boost|p1b: Lokix|atk|2\n|move|p1a: Arboliva|Tera Blast|p2a: Torkoal|[anim] Tera Blast Rock\n|-supereffective|p2a: Torkoal\n|-damage|p2a: Torkoal|9\/100\n|move|p2b: Arboliva|Leech Seed|p1b: Lokix\n|-start|p1b: Lokix|move: Leech Seed\n|move|p2a: Torkoal|Eruption|p1a: Arboliva|[spread] p1a,p1b\n|-resisted|p1a: Arboliva\n|-supereffective|p1b: Lokix\n|-damage|p1a: Arboliva|99\/100\n|-damage|p1b: Lokix|72\/100\n|-fieldstart|move: Grassy Terrain|[from] ability: Seed Sower|[of] p1a: Arboliva\n|\n|-weather|SunnyDay|[upkeep]\n|-heal|p1b: Lokix|78\/100|[from] Grassy Terrain\n|-heal|p1a: Arboliva|100\/100|[from] Grassy Terrain\n|-heal|p2a: Torkoal|15\/100|[from] Grassy Terrain\n|-damage|p1b: Lokix|65\/100|[from] Leech Seed|[of] p2b: Arboliva\n|upkeep\n|turn|7\n|-message|Isaiaspink forfeited.\n|\n|win|Damipoo\n|raw|Damipoo's rating: 1182 &rarr; <strong>1199<\/strong><br \/>(+17 for winning)\n|raw|Isaiaspink's rating: 1074 &rarr; <strong>1059<\/strong><br \/>(-15 for losing)\n|l|\u2606Isaiaspink\n","uploadtime":1697611172,"views":15,"p1id":"damipoo","p2id":"isaiaspink","formatid":"gen9doublesou","rating":1059,"private":0,"password":""}