{"id":"gen9doublesou-1973293210","p1":"DratiniKing10","p2":"Kerazs","format":"[Gen 9] Doubles OU","log":"|j|\u2606DratiniKing10\n|j|\u2606Kerazs\n|t:|1697949977\n|gametype|doubles\n|player|p1|DratiniKing10|lucas|1226\n|player|p2|Kerazs|101|1300\n|teamsize|p1|6\n|teamsize|p2|6\n|gen|9\n|tier|[Gen 9] Doubles OU\n|rated|\n|rule|Species Clause: Limit one of each Pok\u00e9mon\n|rule|OHKO Clause: OHKO moves are banned\n|rule|Evasion Moves Clause: Evasion moves are banned\n|rule|Gravity Sleep Clause: The combination of sleep-inducing moves with imperfect accuracy and Gravity or Gigantamax Orbeetle are banned\n|rule|Endless Battle Clause: Forcing endless battles is banned\n|rule|HP Percentage Mod: HP is shown in percentages\n|clearpoke\n|poke|p1|Ting-Lu|\n|poke|p1|Arcanine, M|\n|poke|p1|Kingambit, M|\n|poke|p1|Tornadus, M|\n|poke|p1|Sneasler, M|\n|poke|p1|Ogerpon-Wellspring, F|\n|poke|p2|Indeedee-F, F|\n|poke|p2|Armarouge, F|\n|poke|p2|Ursaluna, F|\n|poke|p2|Cresselia, F|\n|poke|p2|Amoonguss, F|\n|poke|p2|Glastrier|\n|teampreview\n|inactive|Battle timer is ON: inactive players will automatically lose when time's up. (requested by Kerazs)\n|\n|t:|1697949984\n|start\n|switch|p1a: &IHaveAnAxe|Kingambit, M, shiny|100\/100\n|switch|p1b: Tavi|Sneasler, M|100\/100\n|switch|p2a: Amoonguss|Amoonguss, F|100\/100\n|switch|p2b: Cresselia|Cresselia, F|100\/100\n|turn|1\n|\n|t:|1697950006\n|move|p1b: Tavi|Fake Out|p2a: Amoonguss\n|-damage|p2a: Amoonguss|88\/100\n|move|p1a: &IHaveAnAxe|Kowtow Cleave|p2b: Cresselia\n|-supereffective|p2b: Cresselia\n|-damage|p2b: Cresselia|21\/100\n|-damage|p1a: &IHaveAnAxe|91\/100|[from] item: Life Orb\n|cant|p2a: Amoonguss|flinch\n|move|p2b: Cresselia|Trick Room|p2b: Cresselia\n|-fieldstart|move: Trick Room|[of] p2b: Cresselia\n|\n|-heal|p2b: Cresselia|27\/100|[from] item: Leftovers\n|upkeep\n|turn|2\n|\n|t:|1697950026\n|switch|p2b: Armarouge|Armarouge, F|100\/100\n|move|p2a: Amoonguss|Spore|p1a: &IHaveAnAxe\n|-status|p1a: &IHaveAnAxe|slp|[from] move: Spore\n|cant|p1a: &IHaveAnAxe|slp\n|move|p1b: Tavi|Dire Claw|p2b: Armarouge\n|-damage|p2b: Armarouge|61\/100\n|\n|upkeep\n|turn|3\n|\n|t:|1697950045\n|switch|p2a: Ursaluna|Ursaluna, F|100\/100\n|cant|p1a: &IHaveAnAxe|slp\n|move|p2b: Armarouge|Expanding Force|p1b: Tavi\n|-supereffective|p1b: Tavi\n|-enditem|p1b: Tavi|Focus Sash\n|-damage|p1b: Tavi|1\/100\n|move|p1b: Tavi|Dire Claw|p2b: Armarouge\n|-damage|p2b: Armarouge|20\/100\n|\n|-status|p2a: Ursaluna|brn|[from] item: Flame Orb\n|upkeep\n|turn|4\n|\n|t:|1697950062\n|move|p1b: Tavi|Protect|p1b: Tavi\n|-singleturn|p1b: Tavi|Protect\n|move|p2a: Ursaluna|Drain Punch|p1a: &IHaveAnAxe\n|-supereffective|p1a: &IHaveAnAxe\n|-damage|p1a: &IHaveAnAxe|0 fnt\n|faint|p1a: &IHaveAnAxe\n|move|p2b: Armarouge|Expanding Force|p1b: Tavi\n|-activate|p1b: Tavi|move: Protect\n|\n|-damage|p2a: Ursaluna|94\/100 brn|[from] brn\n|upkeep\n|\n|t:|1697950075\n|switch|p1a: Julica|Ogerpon-Wellspring, F|100\/100\n|turn|5\n|\n|t:|1697950086\n|-terastallize|p2a: Ursaluna|Normal\n|move|p2a: Ursaluna|Facade|p1a: Julica\n|-damage|p1a: Julica|0 fnt\n|faint|p1a: Julica\n|move|p2b: Armarouge|Expanding Force|p1b: Tavi\n|-supereffective|p1b: Tavi\n|-damage|p1b: Tavi|0 fnt\n|faint|p1b: Tavi\n|\n|-damage|p2a: Ursaluna|88\/100 brn|[from] brn\n|-fieldend|move: Trick Room\n|upkeep\n|\n|t:|1697950097\n|switch|p1b: Zach|Arcanine, M, shiny|100\/100\n|switch|p1a: MooseCraft|Ting-Lu|100\/100\n|-ability|p1b: Zach|Intimidate|boost\n|-unboost|p2a: Ursaluna|atk|1\n|-unboost|p2b: Armarouge|atk|1\n|-ability|p1a: MooseCraft|Vessel of Ruin\n|turn|6\n|\n|t:|1697950110\n|switch|p2b: Amoonguss|Amoonguss, F|100\/100\n|switch|p2a: Cresselia|Cresselia, F|27\/100\n|-terastallize|p1b: Zach|Water\n|move|p1b: Zach|Extreme Speed|p2b: Amoonguss\n|-damage|p2b: Amoonguss|81\/100\n|move|p1a: MooseCraft|Ruination|p2a: Cresselia\n|-damage|p2a: Cresselia|14\/100\n|\n|-heal|p2a: Cresselia|20\/100|[from] item: Leftovers\n|upkeep\n|turn|7\n|\n|t:|1697950138\n|move|p1b: Zach|Extreme Speed|p2a: Cresselia\n|-damage|p2a: Cresselia|7\/100\n|move|p1a: MooseCraft|Ruination|p2b: Amoonguss\n|-damage|p2b: Amoonguss|41\/100\n|move|p2b: Amoonguss|Spore|p1b: Zach\n|-status|p1b: Zach|slp|[from] move: Spore\n|move|p2a: Cresselia|Trick Room|p2a: Cresselia\n|-fieldstart|move: Trick Room|[of] p2a: Cresselia\n|\n|-heal|p2a: Cresselia|13\/100|[from] item: Leftovers\n|upkeep\n|turn|8\n|\n|t:|1697950160\n|switch|p2a: Ursaluna|Ursaluna, F, tera:Normal|88\/100 brn\n|move|p2b: Amoonguss|Spore|p1a: MooseCraft\n|-status|p1a: MooseCraft|slp|[from] move: Spore\n|cant|p1a: MooseCraft|slp\n|cant|p1b: Zach|slp\n|\n|-damage|p2a: Ursaluna|82\/100 brn|[from] brn\n|upkeep\n|turn|9\n|\n|t:|1697950175\n|move|p2b: Amoonguss|Pollen Puff|p1a: MooseCraft\n|-supereffective|p1a: MooseCraft\n|-damage|p1a: MooseCraft|82\/100 slp\n|move|p2a: Ursaluna|Facade|p1b: Zach\n|-damage|p1b: Zach|0 fnt\n|faint|p1b: Zach\n|cant|p1a: MooseCraft|slp\n|\n|-heal|p1a: MooseCraft|88\/100 slp|[from] item: Leftovers\n|-damage|p2a: Ursaluna|76\/100 brn|[from] brn\n|upkeep\n|inactive|DratiniKing10 has 120 seconds left.\n|inactive|DratiniKing10 has 90 seconds left.\n|c|\u2606Kerazs|Gg\n|\n|t:|1697950244\n|switch|p1b: Miles|Tornadus, M|100\/100\n|turn|10\n|\n|t:|1697950251\n|move|p2b: Amoonguss|Spore|p1b: Miles\n|-status|p1b: Miles|slp|[from] move: Spore\n|move|p2a: Ursaluna|Facade|p1a: MooseCraft\n|-damage|p1a: MooseCraft|3\/100 slp\n|cant|p1a: MooseCraft|slp\n|cant|p1b: Miles|slp\n|\n|-heal|p1a: MooseCraft|9\/100 slp|[from] item: Leftovers\n|-damage|p2a: Ursaluna|70\/100 brn|[from] brn\n|upkeep\n|turn|11\n|inactive|DratiniKing10 has 120 seconds left.\n|\n|t:|1697950267\n|move|p2b: Amoonguss|Pollen Puff|p1a: MooseCraft\n|-supereffective|p1a: MooseCraft\n|-damage|p1a: MooseCraft|0 fnt\n|faint|p1a: MooseCraft\n|move|p2a: Ursaluna|Facade|p1b: Miles\n|-damage|p1b: Miles|0 fnt\n|faint|p1b: Miles\n|\n|win|Kerazs\n|raw|DratiniKing10's rating: 1226 &rarr; <strong>1206<\/strong><br \/>(-20 for losing)\n|raw|Kerazs's rating: 1300 &rarr; <strong>1320<\/strong><br \/>(+20 for winning)\n","uploadtime":1697950276,"views":18,"p1id":"dratiniking10","p2id":"kerazs","formatid":"gen9doublesou","rating":1206,"private":0,"password":""}