{"id":"gen9doublesou-1999482527","p1":"Aldo Ganteng Amat","p2":"NeroFireSpeed","format":"[Gen 9] Doubles OU","log":"|j|\u2606Aldo Ganteng Amat\n|j|\u2606NeroFireSpeed\n|t:|1701087230\n|gametype|doubles\n|player|p1|Aldo Ganteng Amat|benga|1082\n|player|p2|NeroFireSpeed|unknown|1055\n|teamsize|p1|6\n|teamsize|p2|6\n|gen|9\n|tier|[Gen 9] Doubles OU\n|rated|\n|rule|Species Clause: Limit one of each Pok\u00e9mon\n|rule|OHKO Clause: OHKO moves are banned\n|rule|Evasion Moves Clause: Evasion moves are banned\n|rule|Gravity Sleep Clause: The combination of sleep-inducing moves with imperfect accuracy and Gravity or Gigantamax Orbeetle are banned\n|rule|Endless Battle Clause: Forcing endless battles is banned\n|rule|HP Percentage Mod: HP is shown in percentages\n|clearpoke\n|poke|p1|Pelipper, F|\n|poke|p1|Kilowattrel, M|\n|poke|p1|Lucario, M|\n|poke|p1|Maushold|\n|poke|p1|Flutter Mane|\n|poke|p1|Farigiraf, M|\n|poke|p2|Zoroark, M|\n|poke|p2|Haxorus, M|\n|poke|p2|Toxtricity, M|\n|poke|p2|Pyroar, M|\n|poke|p2|Cetitan, M|\n|poke|p2|Floatzel, M|\n|teampreview\n|inactive|Battle timer is ON: inactive players will automatically lose when time's up. (requested by Aldo Ganteng Amat)\n|\n|t:|1701087248\n|start\n|switch|p1a: Maushold|Maushold|100\/100\n|switch|p1b: Lucario|Lucario, M|100\/100\n|switch|p2a: Toxtricity|Toxtricity, M|100\/100\n|switch|p2b: Pyroar|Pyroar, M|100\/100\n|-ability|p2b: Pyroar|Unnerve\n|-item|p2a: Toxtricity|Air Balloon\n|turn|1\n|\n|t:|1701087264\n|-terastallize|p1b: Lucario|Fighting\n|move|p1a: Maushold|Beat Up|p1b: Lucario\n|-resisted|p1b: Lucario\n|-damage|p1b: Lucario|98\/100\n|-ability|p1b: Lucario|Justified|boost\n|-boost|p1b: Lucario|atk|1\n|-resisted|p1b: Lucario\n|-damage|p1b: Lucario|94\/100\n|-ability|p1b: Lucario|Justified|boost\n|-boost|p1b: Lucario|atk|1\n|-resisted|p1b: Lucario\n|-damage|p1b: Lucario|91\/100\n|-ability|p1b: Lucario|Justified|boost\n|-boost|p1b: Lucario|atk|1\n|-resisted|p1b: Lucario\n|-damage|p1b: Lucario|88\/100\n|-ability|p1b: Lucario|Justified|boost\n|-boost|p1b: Lucario|atk|1\n|-resisted|p1b: Lucario\n|-damage|p1b: Lucario|86\/100\n|-ability|p1b: Lucario|Justified|boost\n|-boost|p1b: Lucario|atk|1\n|-resisted|p1b: Lucario\n|-damage|p1b: Lucario|83\/100\n|-ability|p1b: Lucario|Justified|boost\n|-boost|p1b: Lucario|atk|1\n|-hitcount|p1b: Lucario|6\n|move|p2b: Pyroar|Fire Blast|p1b: Lucario\n|-damage|p1b: Lucario|4\/100\n|move|p1b: Lucario|Close Combat|p2b: Pyroar\n|-supereffective|p2b: Pyroar\n|-damage|p2b: Pyroar|0 fnt\n|-unboost|p1b: Lucario|def|1\n|-unboost|p1b: Lucario|spd|1\n|faint|p2b: Pyroar\n|move|p2a: Toxtricity|Volt Switch|p1a: Maushold\n|-damage|p1a: Maushold|65\/100\n|inactive|NeroFireSpeed has 120 seconds left.\n|\n|t:|1701087293\n|switch|p2a: Cetitan|Cetitan, M|100\/100|[from] Volt Switch\n|\n|upkeep\n|inactive|NeroFireSpeed has 120 seconds left.\n|\n|t:|1701087303\n|switch|p2b: Floatzel|Floatzel, M|100\/100\n|turn|2\n|\n|t:|1701087315\n|move|p2a: Cetitan|Ice Shard|p1b: Lucario\n|-damage|p1b: Lucario|0 fnt\n|faint|p1b: Lucario\n|-damage|p2a: Cetitan|91\/100|[from] item: Life Orb\n|move|p2b: Floatzel|Brick Break|p1a: Maushold\n|-supereffective|p1a: Maushold\n|-damage|p1a: Maushold|5\/100\n|-damage|p2b: Floatzel|84\/100|[from] item: Rocky Helmet|[of] p1a: Maushold\n|move|p1a: Maushold|Thunder Wave|p2b: Floatzel\n|-status|p2b: Floatzel|par\n|\n|upkeep\n|\n|t:|1701087318\n|switch|p1b: Farigiraf|Farigiraf, M|100\/100\n|turn|3\n|\n|t:|1701087336\n|move|p2b: Floatzel|Helping Hand|p2a: Cetitan\n|-singleturn|p2a: Cetitan|Helping Hand|[of] p2b: Floatzel\n|move|p1a: Maushold|Follow Me|p1a: Maushold\n|-singleturn|p1a: Maushold|move: Follow Me\n|move|p2a: Cetitan|Icicle Crash|p1a: Maushold|[miss]\n|-miss|p2a: Cetitan|p1a: Maushold\n|move|p1b: Farigiraf|Sunny Day|p1b: Farigiraf\n|-weather|SunnyDay\n|\n|-weather|SunnyDay|[upkeep]\n|upkeep\n|turn|4\n|inactive|Aldo Ganteng Amat has 120 seconds left.\n|\n|t:|1701087371\n|move|p1b: Farigiraf|Protect|p1b: Farigiraf\n|-singleturn|p1b: Farigiraf|Protect\n|move|p2a: Cetitan|Ice Shard||[still]\n|cant|p1b: Farigiraf|ability: Armor Tail|Ice Shard|[of] p2a: Cetitan\n|move|p1a: Maushold|Thunder Wave|p2a: Cetitan\n|-status|p2a: Cetitan|par\n|move|p2b: Floatzel|Brick Break|p1b: Farigiraf\n|-activate|p1b: Farigiraf|move: Protect\n|\n|-weather|SunnyDay|[upkeep]\n|upkeep\n|turn|5\n|inactive|NeroFireSpeed has 120 seconds left.\n|\n|t:|1701087415\n|move|p1a: Maushold|Follow Me|p1a: Maushold\n|-singleturn|p1a: Maushold|move: Follow Me\n|move|p2b: Floatzel|Brick Break|p1a: Maushold\n|-supereffective|p1a: Maushold\n|-damage|p1a: Maushold|0 fnt\n|-damage|p2b: Floatzel|68\/100 par|[from] item: Rocky Helmet|[of] p1a: Maushold\n|faint|p1a: Maushold\n|move|p1b: Farigiraf|Hyper Voice|p2b: Floatzel|[spread] p2a,p2b\n|-damage|p2a: Cetitan|64\/100 par\n|-damage|p2b: Floatzel|13\/100 par\n|move|p2a: Cetitan|Icicle Crash|p1b: Farigiraf\n|-damage|p1b: Farigiraf|21\/100\n|\n|-weather|SunnyDay|[upkeep]\n|upkeep\n|\n|t:|1701087419\n|switch|p1a: Flutter Mane|Flutter Mane|100\/100\n|-activate|p1a: Flutter Mane|ability: Protosynthesis\n|-start|p1a: Flutter Mane|protosynthesisspe\n|turn|6\n|inactive|NeroFireSpeed has 120 seconds left.\n|\n|t:|1701087440\n|move|p2b: Floatzel|Protect|p2b: Floatzel\n|-singleturn|p2b: Floatzel|Protect\n|move|p1b: Farigiraf|Protect|p1b: Farigiraf\n|-singleturn|p1b: Farigiraf|Protect\n|move|p1a: Flutter Mane|Dazzling Gleam|p2a: Cetitan|[spread] p2a\n|-activate|p2b: Floatzel|move: Protect\n|-damage|p2a: Cetitan|20\/100 par\n|-damage|p1a: Flutter Mane|91\/100|[from] item: Life Orb\n|move|p2a: Cetitan|Icicle Crash|p1a: Flutter Mane\n|-damage|p1a: Flutter Mane|0 fnt\n|faint|p1a: Flutter Mane\n|-end|p1a: Flutter Mane|Protosynthesis|[silent]\n|\n|-weather|SunnyDay|[upkeep]\n|upkeep\n|\n|t:|1701087457\n|switch|p1a: Pelipper|Pelipper, F|100\/100\n|-weather|RainDance|[from] ability: Drizzle|[of] p1a: Pelipper\n|turn|7\n|\n|t:|1701087476\n|move|p1a: Pelipper|Tailwind|p1a: Pelipper\n|-sidestart|p1: Aldo Ganteng Amat|move: Tailwind\n|move|p1b: Farigiraf|Hyper Voice|p2a: Cetitan|[spread] p2a,p2b\n|-damage|p2a: Cetitan|0 fnt\n|-damage|p2b: Floatzel|0 fnt\n|faint|p2a: Cetitan\n|faint|p2b: Floatzel\n|\n|-weather|RainDance|[upkeep]\n|upkeep\n|\n|t:|1701087485\n|switch|p2b: Haxorus|Haxorus, M|100\/100\n|switch|p2a: Toxtricity|Toxtricity, M|100\/100\n|-item|p2a: Toxtricity|Air Balloon\n|turn|8\n|\n|t:|1701087493\n|move|p1a: Pelipper|Protect|p1a: Pelipper\n|-singleturn|p1a: Pelipper|Protect\n|move|p2b: Haxorus|Nasty Plot|p2b: Haxorus\n|-boost|p2b: Haxorus|spa|2\n|move|p1b: Farigiraf|Hyper Voice|p2a: Toxtricity|[spread] p2a,p2b\n|-damage|p2a: Toxtricity|76\/100\n|-damage|p2b: Haxorus|45\/100\n|-enditem|p2a: Toxtricity|Air Balloon\n|replace|p2b: Zoroark|Zoroark, M\n|-end|p2b: Zoroark|Illusion\n|move|p2a: Toxtricity|Overdrive|p1b: Farigiraf|[spread] p1b\n|-activate|p1a: Pelipper|move: Protect\n|-damage|p1b: Farigiraf|4\/100\n|\n|-weather|RainDance|[upkeep]\n|upkeep\n|turn|9\n|\n|t:|1701087514\n|move|p1a: Pelipper|Hydro Pump|p2a: Toxtricity\n|-damage|p2a: Toxtricity|19\/100\n|move|p2b: Zoroark|Night Daze|p1b: Farigiraf\n|-supereffective|p1b: Farigiraf\n|-damage|p1b: Farigiraf|0 fnt\n|faint|p1b: Farigiraf\n|-heal|p2b: Zoroark|45\/100|[from] item: Shell Bell|[of] p1: Farigiraf\n|move|p2a: Toxtricity|Overdrive|p1a: Pelipper\n|-supereffective|p1a: Pelipper\n|-enditem|p1a: Pelipper|Focus Sash\n|-damage|p1a: Pelipper|1\/100\n|\n|-weather|RainDance|[upkeep]\n|upkeep\n|\n|t:|1701087518\n|switch|p1b: Kilowattrel|Kilowattrel, M|100\/100\n|turn|10\n|\n|t:|1701087539\n|move|p2b: Zoroark|Protect|p2b: Zoroark\n|-singleturn|p2b: Zoroark|Protect\n|move|p1b: Kilowattrel|U-turn|p2b: Zoroark\n|-activate|p2b: Zoroark|move: Protect\n|move|p1a: Pelipper|Hydro Pump|p2a: Toxtricity\n|-damage|p2a: Toxtricity|0 fnt\n|faint|p2a: Toxtricity\n|\n|-weather|RainDance|[upkeep]\n|-sideend|p1: Aldo Ganteng Amat|move: Tailwind\n|upkeep\n|\n|t:|1701087549\n|switch|p2a: Haxorus|Haxorus, M|100\/100\n|-ability|p2a: Haxorus|Mold Breaker\n|turn|11\n|\n|t:|1701087556\n|move|p1a: Pelipper|Protect|p1a: Pelipper\n|-singleturn|p1a: Pelipper|Protect\n|move|p1b: Kilowattrel|Thunder Wave|p2a: Haxorus\n|-status|p2a: Haxorus|par\n|move|p2b: Zoroark|Night Daze|p1b: Kilowattrel\n|-enditem|p1b: Kilowattrel|Focus Sash\n|-damage|p1b: Kilowattrel|1\/100\n|-heal|p2b: Zoroark|59\/100|[from] item: Shell Bell|[of] p1b: Kilowattrel\n|move|p2a: Haxorus|Dragon Dance|p2a: Haxorus\n|-boost|p2a: Haxorus|atk|1\n|-boost|p2a: Haxorus|spe|1\n|\n|-weather|none\n|upkeep\n|turn|12\n|\n|t:|1701087584\n|move|p1b: Kilowattrel|Thunder|p2b: Zoroark\n|-damage|p2b: Zoroark|0 fnt\n|faint|p2b: Zoroark\n|move|p1a: Pelipper|Hurricane|p2a: Haxorus\n|-damage|p2a: Haxorus|32\/100 par\n|move|p2a: Haxorus|Rock Slide|p1b: Kilowattrel|[spread] p1b\n|-miss|p2a: Haxorus|p1a: Pelipper\n|-supereffective|p1b: Kilowattrel\n|-damage|p1b: Kilowattrel|0 fnt\n|faint|p1b: Kilowattrel\n|\n|-heal|p2a: Haxorus|38\/100 par|[from] item: Leftovers\n|upkeep\n|turn|13\n|\n|t:|1701087601\n|move|p1a: Pelipper|Hurricane|p2a: Haxorus\n|-damage|p2a: Haxorus|0 fnt\n|faint|p2a: Haxorus\n|\n|win|Aldo Ganteng Amat\n|raw|Aldo Ganteng Amat's rating: 1082 &rarr; <strong>1108<\/strong><br \/>(+26 for winning)\n|raw|NeroFireSpeed's rating: 1055 &rarr; <strong>1038<\/strong><br \/>(-17 for losing)\n|c|\u2606Aldo Ganteng Amat|gg\n|l|\u2606NeroFireSpeed\n","uploadtime":1701087622,"views":7,"p1id":"aldogantengamat","p2id":"nerofirespeed","formatid":"gen9doublesou","rating":1038,"private":0,"password":""}