{"id":"gen9doublesou-1977719023","p1":"Jejdkdk","p2":"DannySexbangAvidan","format":"[Gen 9] Doubles OU","log":"|j|\u2606Jejdkdk\n|j|\u2606DannySexbangAvidan\n|t:|1698441872\n|gametype|doubles\n|player|p1|Jejdkdk|maid|1083\n|player|p2|DannySexbangAvidan|fisherman-gen4|1000\n|teamsize|p1|6\n|teamsize|p2|6\n|gen|9\n|tier|[Gen 9] Doubles OU\n|rated|\n|rule|Species Clause: Limit one of each Pok\u00e9mon\n|rule|OHKO Clause: OHKO moves are banned\n|rule|Evasion Moves Clause: Evasion moves are banned\n|rule|Gravity Sleep Clause: The combination of sleep-inducing moves with imperfect accuracy and Gravity or Gigantamax Orbeetle are banned\n|rule|Endless Battle Clause: Forcing endless battles is banned\n|rule|HP Percentage Mod: HP is shown in percentages\n|clearpoke\n|poke|p1|Snorlax, M|\n|poke|p1|Bronzong|\n|poke|p1|Medicham, M|\n|poke|p1|Gastrodon-East, M|\n|poke|p1|Dragonair, M|\n|poke|p1|Mew|\n|poke|p2|Falinks|\n|poke|p2|Glalie, F|\n|poke|p2|Slowking, M|\n|poke|p2|Chien-Pao|\n|poke|p2|Ursaluna-Bloodmoon, M|\n|poke|p2|Clefable, F|\n|teampreview\n|\n|t:|1698441878\n|start\n|switch|p1a: Bronzong|Bronzong|100\/100\n|switch|p1b: Medicham|Medicham, M|100\/100\n|switch|p2a: Slowking|Slowking, M, shiny|100\/100\n|switch|p2b: Glalie|Glalie, F, shiny|100\/100\n|turn|1\n|\n|t:|1698441900\n|move|p1b: Medicham|Fake Out|p2a: Slowking\n|-damage|p2a: Slowking|82\/100\n|move|p2b: Glalie|Chilling Water|p1b: Medicham\n|-crit|p1b: Medicham\n|-damage|p1b: Medicham|75\/100\n|-unboost|p1b: Medicham|atk|1\n|move|p1a: Bronzong|Stealth Rock|p2a: Slowking\n|-sidestart|p2: DannySexbangAvidan|move: Stealth Rock\n|cant|p2a: Slowking|flinch\n|\n|-heal|p2a: Slowking|89\/100|[from] item: Leftovers\n|upkeep\n|turn|2\n|\n|t:|1698441915\n|switch|p1b: Gastrodon|Gastrodon-East, M, shiny|100\/100\n|move|p2b: Glalie|Chilling Water|p1b: Gastrodon\n|-ability|p1b: Gastrodon|Storm Drain|boost\n|-boost|p1b: Gastrodon|spa|1\n|move|p1a: Bronzong|Rock Slide|p2a: Slowking|[spread] p2a,p2b\n|-supereffective|p2b: Glalie\n|-damage|p2a: Slowking|76\/100\n|-damage|p2b: Glalie|63\/100\n|move|p2a: Slowking|Chilly Reception|p2a: Slowking\n|-weather|Snow\n|\n|t:|1698441926\n|switch|p2a: Chien-Pao|Chien-Pao|100\/100|[from] Chilly Reception\n|-damage|p2a: Chien-Pao|76\/100|[from] Stealth Rock\n|-ability|p2a: Chien-Pao|Sword of Ruin\n|\n|-weather|Snow|[upkeep]\n|-heal|p2b: Glalie|69\/100|[from] ability: Ice Body\n|upkeep\n|turn|3\n|\n|t:|1698441940\n|-terastallize|p1b: Gastrodon|Fire\n|move|p2a: Chien-Pao|Swords Dance|p2a: Chien-Pao\n|-boost|p2a: Chien-Pao|atk|2\n|move|p2b: Glalie|Freeze-Dry|p1b: Gastrodon\n|-resisted|p1b: Gastrodon\n|-damage|p1b: Gastrodon|87\/100\n|move|p1b: Gastrodon|Muddy Water|p2a: Chien-Pao|[spread] p2a\n|-miss|p1b: Gastrodon|p2b: Glalie\n|-damage|p2a: Chien-Pao|12\/100\n|move|p1a: Bronzong|Trick Room|p1a: Bronzong\n|-fieldstart|move: Trick Room|[of] p1a: Bronzong\n|\n|-weather|Snow|[upkeep]\n|-heal|p2b: Glalie|75\/100|[from] ability: Ice Body\n|-heal|p1b: Gastrodon|93\/100|[from] item: Leftovers\n|upkeep\n|turn|4\n|\n|t:|1698441963\n|move|p1a: Bronzong|Rock Slide|p2a: Chien-Pao|[spread] p2a,p2b\n|-supereffective|p2a: Chien-Pao\n|-supereffective|p2b: Glalie\n|-crit|p2b: Glalie\n|-damage|p2a: Chien-Pao|0 fnt\n|-damage|p2b: Glalie|28\/100\n|faint|p2a: Chien-Pao\n|move|p1b: Gastrodon|Clear Smog|p2b: Glalie\n|-damage|p2b: Glalie|4\/100\n|-clearboost|p2b: Glalie\n|cant|p2b: Glalie|flinch\n|\n|-weather|Snow|[upkeep]\n|-heal|p2b: Glalie|10\/100|[from] ability: Ice Body\n|-heal|p1b: Gastrodon|99\/100|[from] item: Leftovers\n|upkeep\n|\n|t:|1698441978\n|switch|p2a: Slowking|Slowking, M, shiny|100\/100\n|-damage|p2a: Slowking|88\/100|[from] Stealth Rock\n|turn|5\n|\n|t:|1698441993\n|move|p1a: Bronzong|Rock Slide|p2b: Glalie|[spread] p2a,p2b\n|-supereffective|p2b: Glalie\n|-damage|p2a: Slowking|76\/100\n|-damage|p2b: Glalie|0 fnt\n|faint|p2b: Glalie\n|move|p1b: Gastrodon|Earth Power|p2a: Slowking\n|-damage|p2a: Slowking|50\/100\n|-unboost|p2a: Slowking|spd|1\n|cant|p2a: Slowking|flinch\n|\n|-weather|Snow|[upkeep]\n|-heal|p2a: Slowking|56\/100|[from] item: Leftovers\n|-heal|p1b: Gastrodon|100\/100|[from] item: Leftovers\n|upkeep\n|\n|t:|1698442007\n|switch|p2b: Falinks|Falinks|100\/100\n|-damage|p2b: Falinks|95\/100|[from] Stealth Rock\n|turn|6\n|\n|t:|1698442021\n|move|p1a: Bronzong|Skill Swap|p2b: Falinks\n|-activate|p1a: Bronzong|move: Skill Swap|Battle Armor|Heatproof|[of] p2b: Falinks\n|move|p1b: Gastrodon|Muddy Water|p2b: Falinks|[spread] p2a,p2b\n|-resisted|p2a: Slowking\n|-damage|p2a: Slowking|42\/100\n|-damage|p2b: Falinks|34\/100\n|move|p2b: Falinks|No Retreat|p2b: Falinks\n|-boost|p2b: Falinks|atk|1\n|-boost|p2b: Falinks|def|1\n|-boost|p2b: Falinks|spa|1\n|-boost|p2b: Falinks|spd|1\n|-boost|p2b: Falinks|spe|1\n|-start|p2b: Falinks|move: No Retreat\n|move|p2a: Slowking|Avalanche|p1a: Bronzong\n|-resisted|p1a: Bronzong\n|-damage|p1a: Bronzong|96\/100\n|\n|-weather|none\n|-heal|p2a: Slowking|48\/100|[from] item: Leftovers\n|-heal|p1a: Bronzong|100\/100|[from] item: Leftovers\n|upkeep\n|turn|7\n|\n|t:|1698442043\n|move|p2a: Slowking|Chilly Reception|p2a: Slowking\n|-weather|Snow\n|\n|t:|1698442049\n|switch|p2a: Ursaluna|Ursaluna-Bloodmoon, M|100\/100|[from] Chilly Reception\n|-damage|p2a: Ursaluna|95\/100|[from] Stealth Rock\n|move|p1a: Bronzong|Rock Slide|p2a: Ursaluna|[spread] p2a\n|-miss|p1a: Bronzong|p2b: Falinks\n|-resisted|p2a: Ursaluna\n|-damage|p2a: Ursaluna|90\/100\n|move|p1b: Gastrodon|Clear Smog|p2b: Falinks\n|-damage|p2b: Falinks|15\/100\n|-clearboost|p2b: Falinks\n|move|p2b: Falinks|Body Press|p1b: Gastrodon\n|-damage|p1b: Gastrodon|76\/100\n|\n|-weather|Snow|[upkeep]\n|-heal|p1b: Gastrodon|82\/100|[from] item: Leftovers\n|-fieldend|move: Trick Room\n|upkeep\n|turn|8\n|\n|t:|1698442074\n|move|p2a: Ursaluna|Snore||[still]\n|-fail|p2a: Ursaluna\n|move|p2b: Falinks|Bulk Up|p2b: Falinks\n|-boost|p2b: Falinks|atk|1\n|-boost|p2b: Falinks|def|1\n|move|p1b: Gastrodon|Muddy Water|p2b: Falinks|[spread] p2a,p2b\n|-supereffective|p2a: Ursaluna\n|-damage|p2a: Ursaluna|11\/100\n|-damage|p2b: Falinks|0 fnt\n|faint|p2b: Falinks\n|move|p1a: Bronzong|Trick Room|p1a: Bronzong\n|-fieldstart|move: Trick Room|[of] p1a: Bronzong\n|\n|-weather|Snow|[upkeep]\n|-heal|p1b: Gastrodon|88\/100|[from] item: Leftovers\n|upkeep\n|\n|t:|1698442089\n|switch|p2b: Clefable|Clefable, F, shiny|100\/100\n|-damage|p2b: Clefable|88\/100|[from] Stealth Rock\n|turn|9\n|\n|t:|1698442098\n|switch|p2a: Slowking|Slowking, M, shiny|82\/100\n|-damage|p2a: Slowking|69\/100|[from] Stealth Rock\n|move|p1a: Bronzong|Skill Swap|p2b: Clefable\n|-activate|p1a: Bronzong|move: Skill Swap|Cute Charm|Battle Armor|[of] p2b: Clefable\n|move|p1b: Gastrodon|Muddy Water|p2b: Clefable|[spread] p2b\n|-miss|p1b: Gastrodon|p2a: Slowking\n|-damage|p2b: Clefable|58\/100\n|-unboost|p2b: Clefable|accuracy|1\n|move|p2b: Clefable|Healing Wish|p2b: Clefable\n|faint|p2b: Clefable\n|\n|-weather|Snow|[upkeep]\n|-heal|p2a: Slowking|75\/100|[from] item: Leftovers\n|-heal|p1b: Gastrodon|94\/100|[from] item: Leftovers\n|upkeep\n|\n|t:|1698442113\n|switch|p2b: Ursaluna|Ursaluna-Bloodmoon, M|11\/100\n|-heal|p2b: Ursaluna|100\/100|[from] move: Healing Wish\n|-damage|p2b: Ursaluna|95\/100|[from] Stealth Rock\n|turn|10\n|\n|t:|1698442123\n|move|p2a: Slowking|Helping Hand|p2b: Ursaluna\n|-singleturn|p2b: Ursaluna|Helping Hand|[of] p2a: Slowking\n|move|p1a: Bronzong|Skill Swap|p2b: Ursaluna\n|-activate|p1a: Bronzong|move: Skill Swap|Mind's Eye|Cute Charm|[of] p2b: Ursaluna\n|move|p1b: Gastrodon|Muddy Water|p2a: Slowking|[spread] p2a\n|-miss|p1b: Gastrodon|p2b: Ursaluna\n|-resisted|p2a: Slowking\n|-damage|p2a: Slowking|66\/100\n|move|p2b: Ursaluna|Blood Moon|p1a: Bronzong\n|-resisted|p1a: Bronzong\n|-damage|p1a: Bronzong|59\/100\n|\n|-weather|Snow|[upkeep]\n|-heal|p2a: Slowking|72\/100|[from] item: Leftovers\n|-heal|p1a: Bronzong|65\/100|[from] item: Leftovers\n|-heal|p1b: Gastrodon|99\/100|[from] item: Leftovers\n|upkeep\n|turn|11\n|\n|t:|1698442145\n|move|p2a: Slowking|Blizzard|p1a: Bronzong|[spread] p1a,p1b\n|-resisted|p1a: Bronzong\n|-resisted|p1b: Gastrodon\n|-damage|p1a: Bronzong|58\/100\n|-damage|p1b: Gastrodon|93\/100\n|-status|p1a: Bronzong|frz\n|cant|p1a: Bronzong|frz\n|move|p1b: Gastrodon|Muddy Water|p2b: Ursaluna|[spread] p2a,p2b\n|-resisted|p2a: Slowking\n|-supereffective|p2b: Ursaluna\n|-damage|p2a: Slowking|62\/100\n|-damage|p2b: Ursaluna|12\/100\n|-activate|p2b: Ursaluna|move: Struggle\n|move|p2b: Ursaluna|Struggle|p1a: Bronzong\n|-damage|p1a: Bronzong|53\/100 frz\n|-damage|p2b: Ursaluna|0 fnt|[from] recoil\n|faint|p2b: Ursaluna\n|\n|-weather|none\n|-heal|p2a: Slowking|68\/100|[from] item: Leftovers\n|-heal|p1a: Bronzong|59\/100 frz|[from] item: Leftovers\n|-heal|p1b: Gastrodon|99\/100|[from] item: Leftovers\n|upkeep\n|turn|12\n|\n|t:|1698442166\n|move|p2a: Slowking|Chilly Reception|p2a: Slowking\n|-weather|Snow\n|-curestatus|p1a: Bronzong|frz|[msg]\n|move|p1a: Bronzong|Rock Slide|p2a: Slowking\n|-damage|p2a: Slowking|53\/100\n|move|p1b: Gastrodon|Muddy Water|p2a: Slowking\n|-resisted|p2a: Slowking\n|-damage|p2a: Slowking|39\/100\n|-unboost|p2a: Slowking|accuracy|1\n|\n|-weather|Snow|[upkeep]\n|-heal|p2a: Slowking|45\/100|[from] item: Leftovers\n|-heal|p1a: Bronzong|65\/100|[from] item: Leftovers\n|-heal|p1b: Gastrodon|100\/100|[from] item: Leftovers\n|-fieldend|move: Trick Room\n|upkeep\n|turn|13\n|l|\u2606Jejdkdk\n|player|p1|\n|inactive|Battle timer is ON: inactive players will automatically lose when time's up. (requested by DannySexbangAvidan)\n|inactive|Jejdkdk has 30 seconds to reconnect!\n|inactive|Jejdkdk has 20 seconds to reconnect!\n|inactive|Jejdkdk has 15 seconds to reconnect!\n|inactive|Jejdkdk has 10 seconds to reconnect!\n|inactive|Jejdkdk has 5 seconds to reconnect!\n|-message|Jejdkdk lost due to inactivity.\n|\n|win|DannySexbangAvidan\n|raw|Jejdkdk's rating: 1083 &rarr; <strong>1055<\/strong><br \/>(-28 for losing)\n|raw|DannySexbangAvidan's rating: 1000 &rarr; <strong>1049<\/strong><br \/>(+49 for winning)\n","uploadtime":1698442392,"views":35,"p1id":"jejdkdk","p2id":"dannysexbangavidan","formatid":"gen9doublesou","rating":1049,"private":0,"password":""}