{"id":"gen9doublesou-1989288467","p1":"FoolGroucho","p2":"Sumlax","format":"[Gen 9] Doubles OU","log":"|j|\u2606FoolGroucho\n|j|\u2606Sumlax\n|t:|1699832266\n|gametype|doubles\n|player|p1|FoolGroucho|janitor|1569\n|player|p2|Sumlax|hilda-wonderlauncher|1469\n|teamsize|p1|6\n|teamsize|p2|6\n|gen|9\n|tier|[Gen 9] Doubles OU\n|rated|\n|rule|Species Clause: Limit one of each Pok\u00e9mon\n|rule|OHKO Clause: OHKO moves are banned\n|rule|Evasion Moves Clause: Evasion moves are banned\n|rule|Gravity Sleep Clause: The combination of sleep-inducing moves with imperfect accuracy and Gravity or Gigantamax Orbeetle are banned\n|rule|Endless Battle Clause: Forcing endless battles is banned\n|rule|HP Percentage Mod: HP is shown in percentages\n|clearpoke\n|poke|p1|Sableye, M|\n|poke|p1|Rillaboom, F|\n|poke|p1|Torkoal, M|\n|poke|p1|Ceruledge, F|\n|poke|p1|Lilligant-Hisui, F|\n|poke|p1|Scizor, F|\n|poke|p2|Kommo-o, M|\n|poke|p2|Glimmora, M|\n|poke|p2|Ninetales-Alola, F|\n|poke|p2|Rillaboom, M|\n|poke|p2|Armarouge, F|\n|poke|p2|Empoleon, F|\n|teampreview\n|inactive|Battle timer is ON: inactive players will automatically lose when time's up. (requested by FoolGroucho)\n|\n|t:|1699832292\n|start\n|switch|p1a: Sableye|Sableye, M|100\/100\n|switch|p1b: Ceruledge|Ceruledge, F|100\/100\n|switch|p2a: Armarouge|Armarouge, F|100\/100\n|switch|p2b: Ninetales|Ninetales-Alola, F|100\/100\n|-weather|Snow|[from] ability: Snow Warning|[of] p2b: Ninetales\n|turn|1\n|\n|t:|1699832312\n|switch|p2a: Glimmora|Glimmora, M|100\/100\n|move|p1a: Sableye|Light Screen|p1a: Sableye\n|-sidestart|p1: FoolGroucho|move: Light Screen\n|move|p2b: Ninetales|Aurora Veil|p2b: Ninetales\n|-sidestart|p2: Sumlax|move: Aurora Veil\n|move|p1b: Ceruledge|Bitter Blade|p2b: Ninetales\n|-supereffective|p2b: Ninetales\n|-damage|p2b: Ninetales|45\/100\n|\n|-weather|Snow|[upkeep]\n|upkeep\n|turn|2\n|\n|t:|1699832331\n|switch|p2b: Armarouge|Armarouge, F|100\/100\n|move|p1a: Sableye|Encore||[still]\n|-fail|p1a: Sableye\n|move|p2a: Glimmora|Power Gem|p1b: Ceruledge\n|-supereffective|p1b: Ceruledge\n|-damage|p1b: Ceruledge|44\/100\n|move|p1b: Ceruledge|Swords Dance|p1b: Ceruledge\n|-boost|p1b: Ceruledge|atk|2\n|\n|-weather|Snow|[upkeep]\n|upkeep\n|turn|3\n|\n|t:|1699832344\n|move|p1b: Ceruledge|Protect|p1b: Ceruledge\n|-singleturn|p1b: Ceruledge|Protect\n|move|p2b: Armarouge|Protect|p2b: Armarouge\n|-singleturn|p2b: Armarouge|Protect\n|move|p1a: Sableye|Encore|p2a: Glimmora\n|-start|p2a: Glimmora|Encore\n|move|p2a: Glimmora|Power Gem|p1b: Ceruledge\n|-activate|p1b: Ceruledge|move: Protect\n|\n|-weather|Snow|[upkeep]\n|upkeep\n|turn|4\n|\n|t:|1699832352\n|switch|p2b: Empoleon|Empoleon, F|100\/100\n|move|p1b: Ceruledge|Shadow Sneak|p2b: Empoleon\n|-damage|p2b: Empoleon|71\/100\n|move|p1a: Sableye|Disable|p2a: Glimmora\n|-start|p2a: Glimmora|Disable|Power Gem\n|cant|p2a: Glimmora|Disable|Power Gem\n|\n|-weather|Snow|[upkeep]\n|upkeep\n|turn|5\n|inactive|Sumlax has 120 seconds left.\n|\n|t:|1699832394\n|switch|p2a: Kommo-o|Kommo-o, M|100\/100\n|switch|p2b: Armarouge|Armarouge, F|100\/100\n|move|p1a: Sableye|Reflect|p1a: Sableye\n|-sidestart|p1: FoolGroucho|Reflect\n|move|p1b: Ceruledge|Bitter Blade|p2b: Armarouge\n|-start|p2b: Armarouge|ability: Flash Fire\n|\n|-weather|none\n|upkeep\n|turn|6\n|\n|t:|1699832409\n|switch|p1a: Scizor|Scizor, F|100\/100\n|move|p1b: Ceruledge|Shadow Sneak|p2b: Armarouge\n|-supereffective|p2b: Armarouge\n|-damage|p2b: Armarouge|56\/100\n|move|p2a: Kommo-o|Shadow Claw|p1b: Ceruledge\n|-supereffective|p1b: Ceruledge\n|-damage|p1b: Ceruledge|8\/100\n|move|p2b: Armarouge|Expanding Force|p1b: Ceruledge\n|-damage|p1b: Ceruledge|0 fnt\n|faint|p1b: Ceruledge\n|\n|-heal|p2b: Armarouge|62\/100|[from] item: Leftovers\n|upkeep\n|\n|t:|1699832424\n|switch|p1b: Rillaboom|Rillaboom, F|100\/100\n|-fieldstart|move: Grassy Terrain|[from] ability: Grassy Surge|[of] p1b: Rillaboom\n|turn|7\n|\n|t:|1699832432\n|move|p2b: Armarouge|Protect|p2b: Armarouge\n|-singleturn|p2b: Armarouge|Protect\n|move|p1b: Rillaboom|Fake Out|p2b: Armarouge\n|-activate|p2b: Armarouge|move: Protect\n|move|p2a: Kommo-o|Dragon Dance|p2a: Kommo-o\n|-boost|p2a: Kommo-o|atk|1\n|-boost|p2a: Kommo-o|spe|1\n|move|p1a: Scizor|Swords Dance|p1a: Scizor\n|-boost|p1a: Scizor|atk|2\n|\n|-heal|p2b: Armarouge|68\/100|[from] Grassy Terrain\n|-heal|p2b: Armarouge|74\/100|[from] item: Leftovers\n|upkeep\n|turn|8\n|\n|t:|1699832452\n|move|p1a: Scizor|Protect|p1a: Scizor\n|-singleturn|p1a: Scizor|Protect\n|move|p2a: Kommo-o|Drain Punch|p1a: Scizor\n|-activate|p1a: Scizor|move: Protect\n|move|p1b: Rillaboom|High Horsepower|p2b: Armarouge\n|-supereffective|p2b: Armarouge\n|-damage|p2b: Armarouge|40\/100\n|move|p2b: Armarouge|Armor Cannon|p1a: Scizor\n|-activate|p1a: Scizor|move: Protect\n|\n|-heal|p2b: Armarouge|46\/100|[from] Grassy Terrain\n|-heal|p2b: Armarouge|52\/100|[from] item: Leftovers\n|-sideend|p1: FoolGroucho|move: Light Screen\n|-sideend|p2: Sumlax|move: Aurora Veil\n|upkeep\n|turn|9\n|\n|t:|1699832472\n|move|p2a: Kommo-o|Ice Punch|p1b: Rillaboom\n|-supereffective|p1b: Rillaboom\n|-damage|p1b: Rillaboom|43\/100\n|move|p1b: Rillaboom|High Horsepower|p2b: Armarouge\n|-supereffective|p2b: Armarouge\n|-damage|p2b: Armarouge|0 fnt\n|faint|p2b: Armarouge\n|move|p1a: Scizor|Lunge|p2a: Kommo-o\n|-resisted|p2a: Kommo-o\n|-damage|p2a: Kommo-o|63\/100\n|\n|-heal|p2a: Kommo-o|69\/100|[from] Grassy Terrain\n|-heal|p1b: Rillaboom|49\/100|[from] Grassy Terrain\n|upkeep\n|\n|t:|1699832486\n|switch|p2b: Rillaboom|Rillaboom, M|100\/100\n|turn|10\n|\n|t:|1699832494\n|switch|p1b: Sableye|Sableye, M|100\/100\n|move|p2b: Rillaboom|Fake Out|p1a: Scizor\n|-resisted|p1a: Scizor\n|-damage|p1a: Scizor|95\/100\n|move|p2a: Kommo-o|Dragon Dance|p2a: Kommo-o\n|-boost|p2a: Kommo-o|atk|1\n|-boost|p2a: Kommo-o|spe|1\n|move|p1a: Scizor|Lunge|p2b: Rillaboom\n|-supereffective|p2b: Rillaboom\n|-damage|p2b: Rillaboom|0 fnt\n|faint|p2b: Rillaboom\n|\n|-heal|p2a: Kommo-o|75\/100|[from] Grassy Terrain\n|-heal|p1a: Scizor|100\/100|[from] Grassy Terrain\n|upkeep\n|\n|t:|1699832516\n|switch|p2b: Empoleon|Empoleon, F|71\/100\n|turn|11\n|\n|t:|1699832527\n|move|p1b: Sableye|Encore|p2a: Kommo-o\n|-start|p2a: Kommo-o|Encore\n|move|p2a: Kommo-o|Dragon Dance|p2a: Kommo-o\n|-boost|p2a: Kommo-o|atk|1\n|-boost|p2a: Kommo-o|spe|1\n|move|p1a: Scizor|Lunge|p2b: Empoleon\n|-resisted|p2b: Empoleon\n|-damage|p2b: Empoleon|22\/100\n|-unboost|p2b: Empoleon|atk|1\n|-ability|p2b: Empoleon|Competitive|boost\n|-boost|p2b: Empoleon|spa|2\n|move|p2b: Empoleon|Yawn|p1a: Scizor\n|-start|p1a: Scizor|move: Yawn|[of] p2b: Empoleon\n|\n|-heal|p2a: Kommo-o|81\/100|[from] Grassy Terrain\n|-heal|p2b: Empoleon|28\/100|[from] Grassy Terrain\n|-fieldend|move: Grassy Terrain\n|upkeep\n|turn|12\n|inactive|FoolGroucho has 120 seconds left.\n|\n|t:|1699832559\n|move|p2b: Empoleon|Protect|p2b: Empoleon\n|-singleturn|p2b: Empoleon|Protect\n|move|p1b: Sableye|Disable|p2a: Kommo-o\n|-start|p2a: Kommo-o|Disable|Dragon Dance\n|cant|p2a: Kommo-o|Disable|Dragon Dance\n|move|p1a: Scizor|Lunge|p2b: Empoleon\n|-activate|p2b: Empoleon|move: Protect\n|\n|-end|p1a: Scizor|move: Yawn|[silent]\n|-status|p1a: Scizor|slp\n|-sideend|p1: FoolGroucho|Reflect\n|upkeep\n|turn|13\n|inactive|Sumlax has 120 seconds left.\n|\n|t:|1699832590\n|switch|p2b: Ninetales|Ninetales-Alola, F|45\/100\n|-weather|Snow|[from] ability: Snow Warning|[of] p2b: Ninetales\n|move|p1b: Sableye|Encore||[still]\n|-fail|p1b: Sableye\n|-activate|p2a: Kommo-o|move: Struggle\n|move|p2a: Kommo-o|Struggle|p1b: Sableye\n|-damage|p1b: Sableye|44\/100\n|-damage|p2a: Kommo-o|56\/100|[from] recoil\n|cant|p1a: Scizor|slp\n|\n|-weather|Snow|[upkeep]\n|-end|p2a: Kommo-o|Encore\n|upkeep\n|turn|14\n|\n|t:|1699832602\n|move|p1b: Sableye|Encore||[still]\n|-fail|p1b: Sableye\n|cant|p1a: Scizor|slp\n|move|p2a: Kommo-o|Drain Punch|p1a: Scizor\n|-damage|p1a: Scizor|7\/100 slp\n|-heal|p2a: Kommo-o|100\/100|[from] drain|[of] p1a: Scizor\n|move|p2b: Ninetales|Aurora Veil|p2b: Ninetales\n|-sidestart|p2: Sumlax|move: Aurora Veil\n|\n|-weather|Snow|[upkeep]\n|upkeep\n|turn|15\n|\n|t:|1699832618\n|switch|p2b: Empoleon|Empoleon, F|28\/100\n|move|p1b: Sableye|Reflect|p1b: Sableye\n|-sidestart|p1: FoolGroucho|Reflect\n|cant|p1a: Scizor|slp\n|move|p2a: Kommo-o|Drain Punch|p1a: Scizor\n|-damage|p1a: Scizor|0 fnt\n|faint|p1a: Scizor\n|\n|-weather|Snow|[upkeep]\n|-end|p2a: Kommo-o|Disable\n|upkeep\n|\n|t:|1699832628\n|switch|p1a: Rillaboom|Rillaboom, F|49\/100\n|-fieldstart|move: Grassy Terrain|[from] ability: Grassy Surge|[of] p1a: Rillaboom\n|turn|16\n|\n|t:|1699832639\n|switch|p2b: Glimmora|Glimmora, M|100\/100\n|move|p1a: Rillaboom|Grassy Glide|p2b: Glimmora\n|-damage|p2b: Glimmora|73\/100\n|-activate|p2b: Glimmora|ability: Toxic Debris\n|-sidestart|p1: FoolGroucho|move: Toxic Spikes\n|move|p1b: Sableye|Encore|p2a: Kommo-o\n|-start|p2a: Kommo-o|Encore\n|move|p2a: Kommo-o|Drain Punch|p1a: Rillaboom\n|-damage|p1a: Rillaboom|0 fnt\n|faint|p1a: Rillaboom\n|\n|-weather|Snow|[upkeep]\n|-heal|p2b: Glimmora|79\/100|[from] Grassy Terrain\n|-heal|p1b: Sableye|50\/100|[from] Grassy Terrain\n|upkeep\n|\n|t:|1699832647\n|switch|p1a: Lilligant|Lilligant-Hisui, F|100\/100\n|-status|p1a: Lilligant|psn\n|turn|17\n|\n|t:|1699832666\n|switch|p1b: Torkoal|Torkoal, M|100\/100\n|-status|p1b: Torkoal|psn\n|-weather|SunnyDay|[from] ability: Drought|[of] p1b: Torkoal\n|move|p1a: Lilligant|Sleep Powder|p2a: Kommo-o\n|-immune|p2a: Kommo-o|[from] ability: Overcoat\n|move|p2a: Kommo-o|Drain Punch|p1a: Lilligant\n|-enditem|p1a: Lilligant|Focus Sash\n|-damage|p1a: Lilligant|1\/100 psn\n|move|p2b: Glimmora|Power Gem|p1b: Torkoal\n|-supereffective|p1b: Torkoal\n|-damage|p1b: Torkoal|0 fnt\n|faint|p1b: Torkoal\n|\n|-weather|SunnyDay|[upkeep]\n|-heal|p1a: Lilligant|7\/100 psn|[from] Grassy Terrain\n|-heal|p2b: Glimmora|85\/100|[from] Grassy Terrain\n|-damage|p1a: Lilligant|0 fnt|[from] psn\n|faint|p1a: Lilligant\n|upkeep\n|-message|FoolGroucho forfeited.\n|\n|win|Sumlax\n|raw|FoolGroucho's rating: 1569 &rarr; <strong>1543<\/strong><br \/>(-26 for losing)\n|raw|Sumlax's rating: 1469 &rarr; <strong>1495<\/strong><br \/>(+26 for winning)\n|l|\u2606FoolGroucho\n|c|\u2606Sumlax|gg\n","uploadtime":1699832687,"views":48,"p1id":"foolgroucho","p2id":"sumlax","formatid":"gen9doublesou","rating":1495,"private":0,"password":""}