{"id":"gen9doublesou-1999478893","p1":"FemboyShady","p2":"fart1103","format":"[Gen 9] Doubles OU","log":"|j|\u2606FemboyShady\n|j|\u2606fart1103\n|inactive|Battle timer is ON: inactive players will automatically lose when time's up.\n|t:|1701086721\n|gametype|doubles\n|player|p1|FemboyShady|marnie-league|\n|player|p2|fart1103|cilan|\n|teamsize|p1|6\n|teamsize|p2|6\n|gen|9\n|tier|[Gen 9] Doubles OU\n|rated|Tournament battle\n|rule|Species Clause: Limit one of each Pok\u00e9mon\n|rule|OHKO Clause: OHKO moves are banned\n|rule|Evasion Moves Clause: Evasion moves are banned\n|rule|Gravity Sleep Clause: The combination of sleep-inducing moves with imperfect accuracy and Gravity or Gigantamax Orbeetle are banned\n|rule|Endless Battle Clause: Forcing endless battles is banned\n|rule|HP Percentage Mod: HP is shown in percentages\n|clearpoke\n|poke|p1|Sinistcha|\n|poke|p1|Corviknight, M|\n|poke|p1|Glalie, F|\n|poke|p1|Cinderace, M|\n|poke|p1|Cacturne, F|\n|poke|p1|Floatzel, F|\n|poke|p2|Gholdengo|\n|poke|p2|Ninetales-Alola, M|\n|poke|p2|Farigiraf, M|\n|poke|p2|Dusclops, M|\n|poke|p2|Gastrodon, M|\n|poke|p2|Azumarill, F|\n|teampreview\n|j|*Lady Monita \u2746\n|inactive|fart1103 also wants the timer to be on.\n|inactive|FemboyShady has 120 seconds left.\n|inactive|FemboyShady has 90 seconds left.\n|\n|t:|1701086801\n|start\n|switch|p1a: Glalie|Glalie, F|100\/100\n|switch|p1b: Cinderace|Cinderace, M|100\/100\n|switch|p2a: Gholdengo|Gholdengo|100\/100\n|switch|p2b: Ninetales|Ninetales-Alola, M|100\/100\n|-weather|Snow|[from] ability: Snow Warning|[of] p2b: Ninetales\n|turn|1\n|\n|t:|1701086815\n|move|p2a: Gholdengo|Protect|p2a: Gholdengo\n|-singleturn|p2a: Gholdengo|Protect\n|move|p1b: Cinderace|Pyro Ball|p2b: Ninetales\n|-supereffective|p2b: Ninetales\n|-damage|p2b: Ninetales|0 fnt\n|faint|p2b: Ninetales\n|move|p1a: Glalie|Shadow Ball|p2a: Gholdengo\n|-activate|p2a: Gholdengo|move: Protect\n|\n|-weather|Snow|[upkeep]\n|-ability|p1a: Glalie|Moody|boost\n|-boost|p1a: Glalie|def|2\n|-unboost|p1a: Glalie|spd|1\n|upkeep\n|\n|t:|1701086830\n|switch|p2b: Dusclops|Dusclops, M|100\/100\n|-item|p1a: Glalie|Leftovers|[from] ability: Frisk|[of] p2b: Dusclops|[identify]\n|-item|p1b: Cinderace|Focus Sash|[from] ability: Frisk|[of] p2b: Dusclops|[identify]\n|turn|2\n|\n|t:|1701086841\n|-terastallize|p2a: Gholdengo|Water\n|move|p1b: Cinderace|Pyro Ball|p2a: Gholdengo|[miss]\n|-miss|p1b: Cinderace|p2a: Gholdengo\n|move|p2a: Gholdengo|Make It Rain|p1a: Glalie|[spread] p1a,p1b\n|-supereffective|p1a: Glalie\n|-resisted|p1b: Cinderace\n|-damage|p1a: Glalie|0 fnt\n|-damage|p1b: Cinderace|64\/100\n|-unboost|p2a: Gholdengo|spa|1\n|faint|p1a: Glalie\n|move|p2b: Dusclops|Trick Room|p2b: Dusclops\n|-fieldstart|move: Trick Room|[of] p2b: Dusclops\n|\n|-weather|Snow|[upkeep]\n|upkeep\n|\n|t:|1701086865\n|switch|p1a: Cacturne|Cacturne, F|100\/100\n|turn|3\n|j| CrusaderOfCalamity\n|\n|t:|1701086884\n|switch|p2a: Farigiraf|Farigiraf, M|100\/100\n|move|p2b: Dusclops|Will-O-Wisp|p1a: Cacturne\n|-status|p1a: Cacturne|brn\n|move|p1a: Cacturne|Drain Punch|p2a: Farigiraf\n|-damage|p2a: Farigiraf|83\/100\n|-damage|p1a: Cacturne|91\/100 brn|[from] item: Life Orb\n|move|p1b: Cinderace|U-turn|p2b: Dusclops\n|-start|p1b: Cinderace|typechange|Bug|[from] ability: Libero\n|-resisted|p2b: Dusclops\n|-damage|p2b: Dusclops|90\/100\n|\n|t:|1701086892\n|switch|p1b: Floatzel|Floatzel, F|100\/100|[from] U-turn\n|\n|-weather|Snow|[upkeep]\n|-damage|p1a: Cacturne|85\/100 brn|[from] brn\n|upkeep\n|turn|4\n|\n|t:|1701086912\n|switch|p1a: Cinderace|Cinderace, M|64\/100\n|move|p2b: Dusclops|Will-O-Wisp|p1b: Floatzel|[miss]\n|-miss|p2b: Dusclops|p1b: Floatzel\n|move|p2a: Farigiraf|Dazzling Gleam|p1a: Cinderace|[spread] p1a,p1b\n|-resisted|p1a: Cinderace\n|-damage|p1a: Cinderace|50\/100\n|-damage|p1b: Floatzel|62\/100\n|move|p1b: Floatzel|Wave Crash|p2b: Dusclops\n|-damage|p2b: Dusclops|42\/100\n|-damage|p1b: Floatzel|48\/100|[from] Recoil\n|\n|-weather|Snow|[upkeep]\n|upkeep\n|turn|5\n|\n|t:|1701086933\n|switch|p2b: Gastrodon|Gastrodon, M|100\/100\n|move|p2a: Farigiraf|Psychic|p1b: Floatzel\n|-damage|p1b: Floatzel|0 fnt\n|faint|p1b: Floatzel\n|move|p1a: Cinderace|Pyro Ball|p2a: Farigiraf\n|-damage|p2a: Farigiraf|23\/100\n|-status|p2a: Farigiraf|brn\n|-enditem|p2a: Farigiraf|Sitrus Berry|[eat]\n|-heal|p2a: Farigiraf|48\/100 brn|[from] item: Sitrus Berry\n|\n|-weather|none\n|-damage|p2a: Farigiraf|42\/100 brn|[from] brn\n|upkeep\n|inactive|FemboyShady has 120 seconds left.\n|\n|t:|1701086974\n|switch|p1b: Sinistcha|Sinistcha|100\/100\n|-heal|p1a: Cinderace|74\/100|[from] ability: Hospitality|[of] p1b: Sinistcha\n|turn|6\n|\n|t:|1701086993\n|move|p2a: Farigiraf|Protect|p2a: Farigiraf\n|-singleturn|p2a: Farigiraf|Protect\n|move|p2b: Gastrodon|Earth Power|p1a: Cinderace\n|-supereffective|p1a: Cinderace\n|-damage|p1a: Cinderace|0 fnt\n|faint|p1a: Cinderace\n|move|p1b: Sinistcha|Matcha Gotcha|p2a: Farigiraf|[spread] p2b\n|-activate|p2a: Farigiraf|move: Protect\n|-supereffective|p2b: Gastrodon\n|-damage|p2b: Gastrodon|0 fnt\n|faint|p2b: Gastrodon\n|\n|-damage|p2a: Farigiraf|36\/100 brn|[from] brn\n|-fieldend|move: Trick Room\n|upkeep\n|inactive|FemboyShady has 120 seconds left.\n|\n|t:|1701087033\n|switch|p1a: Corviknight|Corviknight, M|100\/100\n|switch|p2b: Dusclops|Dusclops, M|42\/100\n|-item|p1a: Corviknight|Sitrus Berry|[from] ability: Frisk|[of] p2b: Dusclops|[identify]\n|-item|p1b: Sinistcha|Sitrus Berry|[from] ability: Frisk|[of] p2b: Dusclops|[identify]\n|turn|7\n|\n|t:|1701087041\n|move|p1b: Sinistcha|Matcha Gotcha|p2b: Dusclops|[spread] p2a,p2b\n|-damage|p2a: Farigiraf|5\/100 brn\n|-damage|p2b: Dusclops|28\/100\n|move|p1a: Corviknight|Brave Bird|p2b: Dusclops\n|-damage|p2b: Dusclops|2\/100\n|-damage|p1a: Corviknight|94\/100|[from] Recoil\n|move|p2a: Farigiraf|Trick Room|p2a: Farigiraf\n|-fieldstart|move: Trick Room|[of] p2a: Farigiraf\n|move|p2b: Dusclops|Trick Room|p2b: Dusclops\n|-fieldend|move: Trick Room\n|\n|-damage|p2a: Farigiraf|0 fnt|[from] brn\n|faint|p2a: Farigiraf\n|upkeep\n|c|\u2606fart1103|lol\n|c|\u2606FemboyShady|damn\n|c|\u2606FemboyShady|honestly\n|c|\u2606FemboyShady|i respect it\n|c|\u2606FemboyShady|good ass play but i didnt think you'd live either\n|\n|t:|1701087069\n|switch|p2a: Gholdengo|Gholdengo, tera:Water|100\/100\n|turn|8\n|\n|t:|1701087079\n|move|p2a: Gholdengo|Shadow Ball|p1b: Sinistcha\n|-supereffective|p1b: Sinistcha\n|-damage|p1b: Sinistcha|0 fnt\n|faint|p1b: Sinistcha\n|move|p1a: Corviknight|Brave Bird|p2b: Dusclops\n|-damage|p2b: Dusclops|0 fnt\n|faint|p2b: Dusclops\n|-damage|p1a: Corviknight|94\/100|[from] Recoil\n|\n|upkeep\n|c|\u2606FemboyShady|huh\n|\n|t:|1701087086\n|switch|p1b: Cacturne|Cacturne, F|85\/100 brn\n|switch|p2b: Azumarill|Azumarill, F|100\/100\n|turn|9\n|c|\u2606FemboyShady|nah cause i defo pressed tera\n|c|\u2606FemboyShady|but okay\n|\n|t:|1701087109\n|-terastallize|p1a: Corviknight|Dragon\n|move|p2a: Gholdengo|Make It Rain|p1b: Cacturne|[spread] p1a,p1b\n|-damage|p1a: Corviknight|42\/100\n|-damage|p1b: Cacturne|16\/100 brn\n|-unboost|p2a: Gholdengo|spa|1\n|-enditem|p1a: Corviknight|Sitrus Berry|[eat]\n|-heal|p1a: Corviknight|67\/100|[from] item: Sitrus Berry\n|move|p1a: Corviknight|Body Press|p2a: Gholdengo\n|-damage|p2a: Gholdengo|78\/100\n|move|p1b: Cacturne|Drain Punch|p2a: Gholdengo\n|-crit|p2a: Gholdengo\n|-damage|p2a: Gholdengo|56\/100\n|-heal|p1b: Cacturne|29\/100 brn|[from] drain|[of] p2a: Gholdengo\n|-damage|p1b: Cacturne|19\/100 brn|[from] item: Life Orb\n|move|p2b: Azumarill|Play Rough|p1b: Cacturne\n|-supereffective|p1b: Cacturne\n|-damage|p1b: Cacturne|0 fnt\n|faint|p1b: Cacturne\n|-damage|p2b: Azumarill|91\/100|[from] item: Life Orb\n|\n|-heal|p2a: Gholdengo|62\/100|[from] item: Leftovers\n|upkeep\n|turn|10\n|-message|FemboyShady forfeited.\n|\n|win|fart1103\n|n|\u2606FemboyShady|femboyshady\n|n|\u2606fart1103|fart1103\n|n|*Lady Monita \u2746|ladymonita\n|n| CrusaderOfCalamity|crusaderofcalamity\n","uploadtime":1701087117,"views":15,"p1id":"femboyshady","p2id":"fart1103","formatid":"gen9doublesou","rating":0,"private":0,"password":""}