{"id":"gen9doublesou-1996622836","p1":"joe1808","p2":"MDRSGAMES","format":"[Gen 9] Doubles OU","log":"|j|\u2606joe1808\n|j|\u2606MDRSGAMES\n|t:|1700701809\n|gametype|doubles\n|player|p1|joe1808|n|1224\n|player|p2|MDRSGAMES|265|1234\n|teamsize|p1|6\n|teamsize|p2|6\n|gen|9\n|tier|[Gen 9] Doubles OU\n|rated|\n|rule|Species Clause: Limit one of each Pok\u00e9mon\n|rule|OHKO Clause: OHKO moves are banned\n|rule|Evasion Moves Clause: Evasion moves are banned\n|rule|Gravity Sleep Clause: The combination of sleep-inducing moves with imperfect accuracy and Gravity or Gigantamax Orbeetle are banned\n|rule|Endless Battle Clause: Forcing endless battles is banned\n|rule|HP Percentage Mod: HP is shown in percentages\n|clearpoke\n|poke|p1|Armarouge, M|\n|poke|p1|Indeedee-F, F|\n|poke|p1|Chien-Pao|\n|poke|p1|Tornadus, M|\n|poke|p1|Ursaluna, M|\n|poke|p1|Flutter Mane|\n|poke|p2|Mienshao, M|\n|poke|p2|Grimmsnarl, M|\n|poke|p2|Ninetales-Alola, M|\n|poke|p2|Landorus-Therian, M|\n|poke|p2|Greninja-*, M|\n|poke|p2|Iron Moth|\n|teampreview\n|inactive|Battle timer is ON: inactive players will automatically lose when time's up. (requested by MDRSGAMES)\n|\n|t:|1700701822\n|start\n|switch|p1a: Armarouge|Armarouge, M|100\/100\n|switch|p1b: Indeedee|Indeedee-F, F|100\/100\n|switch|p2a: Mienshao|Mienshao, M|100\/100\n|switch|p2b: Ninetales|Ninetales-Alola, M|100\/100\n|-weather|Snow|[from] ability: Snow Warning|[of] p2b: Ninetales\n|-fieldstart|move: Psychic Terrain|[from] ability: Psychic Surge|[of] p1b: Indeedee\n|turn|1\n|\n|t:|1700701837\n|move|p1b: Indeedee|Helping Hand|p1a: Armarouge\n|-singleturn|p1a: Armarouge|Helping Hand|[of] p1b: Indeedee\n|move|p2a: Mienshao|Fake Out|p1b: Indeedee\n|-activate|p1b: Indeedee|move: Psychic Terrain\n|move|p2b: Ninetales|Aurora Veil|p2b: Ninetales\n|-sidestart|p2: MDRSGAMES|move: Aurora Veil\n|move|p1a: Armarouge|Expanding Force|p2a: Mienshao|[spread] p2a,p2b\n|-supereffective|p2a: Mienshao\n|-damage|p2a: Mienshao|0 fnt\n|-damage|p2b: Ninetales|36\/100\n|faint|p2a: Mienshao\n|\n|-weather|Snow|[upkeep]\n|upkeep\n|\n|t:|1700701846\n|switch|p2a: Grimmsnarl|Grimmsnarl, M, shiny|100\/100\n|turn|2\n|\n|t:|1700701856\n|move|p1b: Indeedee|Follow Me|p1b: Indeedee\n|-singleturn|p1b: Indeedee|move: Follow Me\n|move|p2b: Ninetales|Blizzard|p1a: Armarouge|[spread] p1a,p1b\n|-resisted|p1a: Armarouge\n|-damage|p1a: Armarouge|78\/100\n|-damage|p1b: Indeedee|68\/100\n|move|p1a: Armarouge|Armor Cannon|p2b: Ninetales\n|-supereffective|p2b: Ninetales\n|-damage|p2b: Ninetales|0 fnt\n|-unboost|p1a: Armarouge|def|1\n|-unboost|p1a: Armarouge|spd|1\n|faint|p2b: Ninetales\n|move|p2a: Grimmsnarl|False Surrender|p1b: Indeedee\n|-supereffective|p1b: Indeedee\n|-damage|p1b: Indeedee|0 fnt\n|-damage|p2a: Grimmsnarl|84\/100|[from] item: Rocky Helmet|[of] p1b: Indeedee\n|faint|p1b: Indeedee\n|\n|-weather|Snow|[upkeep]\n|upkeep\n|\n|t:|1700701878\n|switch|p2b: Landorus|Landorus-Therian, M|100\/100\n|switch|p1b: Chien-Pao|Chien-Pao|100\/100\n|-ability|p1b: Chien-Pao|Sword of Ruin\n|-ability|p2b: Landorus|Intimidate|boost\n|-unboost|p1a: Armarouge|atk|1\n|-unboost|p1b: Chien-Pao|atk|1\n|turn|3\n|\n|t:|1700701891\n|move|p1a: Armarouge|Endure|p1a: Armarouge\n|-singleturn|p1a: Armarouge|move: Endure\n|move|p2a: Grimmsnarl|Thunder Wave|p1b: Chien-Pao\n|-activate|p1b: Chien-Pao|move: Psychic Terrain\n|move|p1b: Chien-Pao|Icicle Crash|p2a: Grimmsnarl\n|-damage|p2a: Grimmsnarl|46\/100\n|-damage|p1b: Chien-Pao|91\/100|[from] item: Life Orb\n|move|p2b: Landorus|U-turn|p1b: Chien-Pao\n|-supereffective|p1b: Chien-Pao\n|-damage|p1b: Chien-Pao|41\/100\n|\n|t:|1700701903\n|switch|p2b: Iron Moth|Iron Moth|100\/100|[from] U-turn\n|-enditem|p2b: Iron Moth|Booster Energy\n|-activate|p2b: Iron Moth|ability: Quark Drive|[fromitem]\n|-start|p2b: Iron Moth|quarkdrivespa\n|\n|-weather|Snow|[upkeep]\n|upkeep\n|turn|4\n|\n|t:|1700701917\n|move|p1b: Chien-Pao|Icicle Crash|p2a: Grimmsnarl\n|-damage|p2a: Grimmsnarl|6\/100\n|-damage|p1b: Chien-Pao|31\/100|[from] item: Life Orb\n|move|p2b: Iron Moth|Fiery Dance|p1b: Chien-Pao\n|-supereffective|p1b: Chien-Pao\n|-damage|p1b: Chien-Pao|0 fnt\n|-boost|p2b: Iron Moth|spa|1\n|faint|p1b: Chien-Pao\n|move|p1a: Armarouge|Expanding Force|p2a: Grimmsnarl|[spread] p2b\n|-immune|p2a: Grimmsnarl\n|-supereffective|p2b: Iron Moth\n|-damage|p2b: Iron Moth|26\/100\n|move|p2a: Grimmsnarl|Spirit Break|p1a: Armarouge\n|-resisted|p1a: Armarouge\n|-damage|p1a: Armarouge|43\/100\n|-unboost|p1a: Armarouge|spa|1\n|-ability|p1a: Armarouge|Weak Armor|boost\n|-unboost|p1a: Armarouge|def|1\n|-boost|p1a: Armarouge|spe|2\n|\n|-weather|Snow|[upkeep]\n|upkeep\n|\n|t:|1700701934\n|switch|p1b: Ursaluna|Ursaluna, M|100\/100\n|turn|5\n|\n|t:|1700701957\n|move|p1a: Armarouge|Endure|p1a: Armarouge\n|-singleturn|p1a: Armarouge|move: Endure\n|move|p2a: Grimmsnarl|Thunder Wave|p1a: Armarouge\n|-activate|p1a: Armarouge|move: Psychic Terrain\n|move|p2b: Iron Moth|Energy Ball|p1b: Ursaluna\n|-supereffective|p1b: Ursaluna\n|-damage|p1b: Ursaluna|0 fnt\n|faint|p1b: Ursaluna\n|\n|-weather|none\n|-fieldend|move: Psychic Terrain\n|upkeep\n|inactive|joe1808 has 120 seconds left.\n|\n|t:|1700701987\n|switch|p1b: Flutter Mane|Flutter Mane|100\/100\n|turn|6\n|inactive|joe1808 has 120 seconds left.\n|\n|t:|1700702003\n|move|p2a: Grimmsnarl|Thunder Wave|p1b: Flutter Mane\n|-status|p1b: Flutter Mane|par\n|move|p1a: Armarouge|Expanding Force|p2b: Iron Moth\n|-supereffective|p2b: Iron Moth\n|-damage|p2b: Iron Moth|0 fnt\n|faint|p2b: Iron Moth\n|-end|p2b: Iron Moth|Quark Drive|[silent]\n|move|p1b: Flutter Mane|Dazzling Gleam|p2a: Grimmsnarl\n|-supereffective|p2a: Grimmsnarl\n|-damage|p2a: Grimmsnarl|0 fnt\n|faint|p2a: Grimmsnarl\n|\n|upkeep\n|\n|t:|1700702012\n|switch|p2b: Landorus|Landorus-Therian, M|100\/100\n|switch|p2a: Greninja|Greninja, M|100\/100\n|-ability|p2b: Landorus|Intimidate|boost\n|-unboost|p1a: Armarouge|atk|1\n|-unboost|p1b: Flutter Mane|atk|1\n|turn|7\n|\n|t:|1700702032\n|-terastallize|p2b: Landorus|Flying\n|move|p1a: Armarouge|Armor Cannon|p2b: Landorus\n|-crit|p2b: Landorus\n|-damage|p2b: Landorus|25\/100\n|-unboost|p1a: Armarouge|def|1\n|-unboost|p1a: Armarouge|spd|1\n|move|p2a: Greninja|Surf|p1a: Armarouge|[spread] p2b,p1a,p1b\n|-crit|p2b: Landorus\n|-supereffective|p1a: Armarouge\n|-crit|p1b: Flutter Mane\n|-damage|p2b: Landorus|0 fnt\n|-damage|p1a: Armarouge|0 fnt\n|-damage|p1b: Flutter Mane|33\/100 par\n|faint|p2b: Landorus\n|faint|p1a: Armarouge\n|-ability|p2a: Greninja|Battle Bond|boost\n|-boost|p2a: Greninja|atk|1\n|-boost|p2a: Greninja|spa|1\n|-boost|p2a: Greninja|spe|1\n|-activate|p2a: Greninja|ability: Battle Bond\n|-damage|p2a: Greninja|91\/100|[from] item: Life Orb\n|move|p1b: Flutter Mane|Dazzling Gleam|p2a: Greninja\n|-supereffective|p2a: Greninja\n|-damage|p2a: Greninja|0 fnt\n|faint|p2a: Greninja\n|\n|win|joe1808\n|raw|joe1808's rating: 1224 &rarr; <strong>1250<\/strong><br \/>(+26 for winning)\n|raw|MDRSGAMES's rating: 1234 &rarr; <strong>1208<\/strong><br \/>(-26 for losing)\n|l|\u2606MDRSGAMES\n|l|\u2606joe1808\n|j|\u2606joe1808\n|player|p1|joe1808|n\n","uploadtime":1700702065,"views":17,"p1id":"joe1808","p2id":"mdrsgames","formatid":"gen9doublesou","rating":1208,"private":0,"password":""}