{"id":"gen9doublesou-1976934654","p1":"Trickster Jester","p2":"SXD2002","format":"[Gen 9] Doubles OU","log":"|j|\u2606Trickster Jester\n|j|\u2606SXD2002\n|t:|1698353842\n|gametype|doubles\n|player|p1|Trickster Jester|juggler|1088\n|player|p2|SXD2002|silver-masters|1144\n|teamsize|p1|6\n|teamsize|p2|6\n|gen|9\n|tier|[Gen 9] Doubles OU\n|rated|\n|rule|Species Clause: Limit one of each Pok\u00e9mon\n|rule|OHKO Clause: OHKO moves are banned\n|rule|Evasion Moves Clause: Evasion moves are banned\n|rule|Gravity Sleep Clause: The combination of sleep-inducing moves with imperfect accuracy and Gravity or Gigantamax Orbeetle are banned\n|rule|Endless Battle Clause: Forcing endless battles is banned\n|rule|HP Percentage Mod: HP is shown in percentages\n|clearpoke\n|poke|p1|Empoleon, M|\n|poke|p1|Typhlosion, M|\n|poke|p1|Torterra, M|\n|poke|p1|Zapdos|\n|poke|p1|Mandibuzz, F|\n|poke|p1|Ribombee, F|\n|poke|p2|Lurantis, F|\n|poke|p2|Murkrow, M|\n|poke|p2|Grimmsnarl, M|\n|poke|p2|Clefairy, F|\n|poke|p2|Talonflame, F|\n|poke|p2|Espeon, M|\n|teampreview\n|inactive|Battle timer is ON: inactive players will automatically lose when time's up. (requested by SXD2002)\n|\n|t:|1698353847\n|start\n|switch|p1a: Torterra|Torterra, M, shiny|100\/100\n|switch|p1b: Ribombee|Ribombee, F, shiny|100\/100\n|switch|p2a: Murkrow|Murkrow, M|100\/100\n|switch|p2b: Lurantis|Lurantis, F|100\/100\n|turn|1\n|\n|t:|1698353864\n|move|p2a: Murkrow|Screech|p2b: Lurantis\n|-boost|p2b: Lurantis|def|2\n|move|p1b: Ribombee|Sticky Web|p2b: Lurantis\n|-sidestart|p2: SXD2002|move: Sticky Web\n|move|p1a: Torterra|Shell Smash|p1a: Torterra\n|-unboost|p1a: Torterra|def|1\n|-unboost|p1a: Torterra|spd|1\n|-boost|p1a: Torterra|atk|2\n|-boost|p1a: Torterra|spa|2\n|-boost|p1a: Torterra|spe|2\n|move|p2b: Lurantis|Superpower|p1a: Torterra\n|-damage|p1a: Torterra|61\/100\n|-boost|p2b: Lurantis|atk|1\n|-boost|p2b: Lurantis|def|1\n|\n|upkeep\n|turn|2\n|\n|t:|1698353880\n|move|p2a: Murkrow|Screech|p2b: Lurantis\n|-boost|p2b: Lurantis|def|2\n|move|p1a: Torterra|Rock Blast|p2a: Murkrow\n|-supereffective|p2a: Murkrow\n|-damage|p2a: Murkrow|55\/100\n|-supereffective|p2a: Murkrow\n|-damage|p2a: Murkrow|6\/100\n|-supereffective|p2a: Murkrow\n|-damage|p2a: Murkrow|0 fnt\n|faint|p2a: Murkrow\n|-hitcount|p2: Murkrow|3\n|move|p1b: Ribombee|Tailwind|p1b: Ribombee\n|-sidestart|p1: Trickster Jester|move: Tailwind\n|move|p2b: Lurantis|Superpower|p1a: Torterra\n|-damage|p1a: Torterra|0 fnt\n|-boost|p2b: Lurantis|atk|1\n|-boost|p2b: Lurantis|def|1\n|faint|p1a: Torterra\n|\n|upkeep\n|\n|t:|1698353896\n|switch|p2a: Grimmsnarl|Grimmsnarl, M|100\/100\n|switch|p1a: Mandibuzz|Mandibuzz, F, shiny|100\/100\n|-activate|p2a: Grimmsnarl|move: Sticky Web\n|-unboost|p2a: Grimmsnarl|spe|1\n|turn|3\n|\n|t:|1698353910\n|-terastallize|p2b: Lurantis|Steel\n|move|p2a: Grimmsnarl|Fake Tears|p2b: Lurantis\n|-boost|p2b: Lurantis|spd|2\n|move|p1b: Ribombee|Leech Life|p2a: Grimmsnarl\n|-damage|p2a: Grimmsnarl|81\/100\n|move|p1a: Mandibuzz|Foul Play|p2b: Lurantis\n|-damage|p2b: Lurantis|82\/100\n|move|p2b: Lurantis|Superpower|p1a: Mandibuzz\n|-damage|p1a: Mandibuzz|65\/100\n|-boost|p2b: Lurantis|atk|1\n|\n|-heal|p2b: Lurantis|88\/100|[from] item: Leftovers\n|-heal|p2a: Grimmsnarl|87\/100|[from] item: Leftovers\n|upkeep\n|turn|4\n|\n|t:|1698353931\n|move|p1b: Ribombee|Helping Hand|p1a: Mandibuzz\n|-singleturn|p1a: Mandibuzz|Helping Hand|[of] p1b: Ribombee\n|move|p2a: Grimmsnarl|Fake Tears|p2b: Lurantis\n|-boost|p2b: Lurantis|spd|2\n|move|p1a: Mandibuzz|Foul Play|p2b: Lurantis\n|-damage|p2b: Lurantis|53\/100\n|move|p2b: Lurantis|Superpower|p1a: Mandibuzz\n|-damage|p1a: Mandibuzz|24\/100\n|-boost|p2b: Lurantis|atk|1\n|\n|-heal|p2b: Lurantis|59\/100|[from] item: Leftovers\n|-heal|p2a: Grimmsnarl|93\/100|[from] item: Leftovers\n|upkeep\n|turn|5\n|\n|t:|1698353952\n|move|p2b: Lurantis|Protect|p2b: Lurantis\n|-singleturn|p2b: Lurantis|Protect\n|move|p1b: Ribombee|Sticky Web||[still]\n|-fail|p1b: Ribombee\n|move|p1a: Mandibuzz|Foul Play|p2b: Lurantis\n|-activate|p2b: Lurantis|move: Protect\n|move|p2a: Grimmsnarl|Dazzling Gleam|p1b: Ribombee|[spread] p1a,p1b\n|-supereffective|p1a: Mandibuzz\n|-damage|p1a: Mandibuzz|0 fnt\n|-damage|p1b: Ribombee|67\/100\n|faint|p1a: Mandibuzz\n|\n|-heal|p2b: Lurantis|65\/100|[from] item: Leftovers\n|-heal|p2a: Grimmsnarl|99\/100|[from] item: Leftovers\n|-sideend|p1: Trickster Jester|move: Tailwind\n|upkeep\n|-message|Trickster Jester forfeited.\n|\n|win|SXD2002\n|raw|Trickster Jester's rating: 1088 &rarr; <strong>1069<\/strong><br \/>(-19 for losing)\n|raw|SXD2002's rating: 1144 &rarr; <strong>1165<\/strong><br \/>(+21 for winning)\n|l|\u2606Trickster Jester\n","uploadtime":1698353967,"views":23,"p1id":"tricksterjester","p2id":"sxd2002","formatid":"gen9doublesou","rating":1069,"private":0,"password":""}