{"id":"gen9doublesou-1983436222","p1":"orlando525","p2":"Thyplo510n","format":"[Gen 9] Doubles OU","log":"|j|\u2606orlando525\n|j|\u2606Thyplo510n\n|t:|1699129957\n|gametype|doubles\n|player|p1|orlando525|n|1091\n|player|p2|Thyplo510n|ethan|1086\n|teamsize|p1|6\n|teamsize|p2|6\n|gen|9\n|tier|[Gen 9] Doubles OU\n|rated|\n|rule|Species Clause: Limit one of each Pok\u00e9mon\n|rule|OHKO Clause: OHKO moves are banned\n|rule|Evasion Moves Clause: Evasion moves are banned\n|rule|Gravity Sleep Clause: The combination of sleep-inducing moves with imperfect accuracy and Gravity or Gigantamax Orbeetle are banned\n|rule|Endless Battle Clause: Forcing endless battles is banned\n|rule|HP Percentage Mod: HP is shown in percentages\n|clearpoke\n|poke|p1|Sinistcha-Masterpiece|\n|poke|p1|Ursaluna-Bloodmoon, M|\n|poke|p1|Cresselia, F|\n|poke|p1|Iron Hands|\n|poke|p1|Ogerpon-Wellspring, F|\n|poke|p1|Landorus-Therian, M|\n|poke|p2|Mimikyu, M|\n|poke|p2|Grimmsnarl, M|\n|poke|p2|Amoonguss, M|\n|poke|p2|Ursaluna-Bloodmoon, M|\n|poke|p2|Umbreon, F|\n|poke|p2|Dusclops, F|\n|teampreview\n|inactive|Battle timer is ON: inactive players will automatically lose when time's up. (requested by orlando525)\n|\n|t:|1699129979\n|start\n|switch|p1a: Iron Hands|Iron Hands|100\/100\n|switch|p1b: Ursaluna|Ursaluna-Bloodmoon, M|100\/100\n|switch|p2a: Mimikyu|Mimikyu, M|100\/100\n|switch|p2b: Ursaluna|Ursaluna-Bloodmoon, M|100\/100\n|turn|1\n|\n|t:|1699130000\n|move|p2b: Ursaluna|Protect|p2b: Ursaluna\n|-singleturn|p2b: Ursaluna|Protect\n|move|p1a: Iron Hands|Fake Out|p2b: Ursaluna\n|-activate|p2b: Ursaluna|move: Protect\n|move|p1b: Ursaluna|Blood Moon|p2a: Mimikyu\n|-activate|p2a: Mimikyu|ability: Disguise\n|-damage|p2a: Mimikyu|100\/100\n|detailschange|p2a: Mimikyu|Mimikyu-Busted, M\n|-damage|p2a: Mimikyu|88\/100|[from] pokemon: Mimikyu-Busted\n|-damage|p1b: Ursaluna|91\/100|[from] item: Life Orb\n|move|p2a: Mimikyu|Trick Room|p2a: Mimikyu\n|-fieldstart|move: Trick Room|[of] p2a: Mimikyu\n|\n|upkeep\n|turn|2\n|inactive|Thyplo510n has 120 seconds left.\n|\n|t:|1699130037\n|-end|p1a: Iron Hands|Quark Drive|[silent]\n|switch|p1a: Landorus|Landorus-Therian, M|100\/100\n|-ability|p1a: Landorus|Intimidate|boost\n|-unboost|p2a: Mimikyu|atk|1\n|-unboost|p2b: Ursaluna|atk|1\n|move|p1b: Ursaluna|Hyper Voice|p2b: Ursaluna|[spread] p2a,p2b\n|-damage|p2a: Mimikyu|36\/100\n|-damage|p2b: Ursaluna|40\/100\n|-damage|p1b: Ursaluna|81\/100|[from] item: Life Orb\n|move|p2b: Ursaluna|Hyper Voice|p1a: Landorus|[spread] p1a,p1b\n|-damage|p1a: Landorus|54\/100\n|-damage|p1b: Ursaluna|39\/100\n|-enditem|p2b: Ursaluna|Throat Spray\n|-boost|p2b: Ursaluna|spa|1|[from] item: Throat Spray\n|move|p2a: Mimikyu|Play Rough|p1a: Landorus\n|-damage|p1a: Landorus|13\/100\n|-damage|p2a: Mimikyu|26\/100|[from] item: Life Orb\n|\n|upkeep\n|turn|3\n|inactive|Thyplo510n has 120 seconds left.\n|\n|t:|1699130062\n|switch|p2a: Amoonguss|Amoonguss, M|100\/100\n|switch|p1a: Sinistcha|Sinistcha-Masterpiece|100\/100\n|-heal|p1b: Ursaluna|64\/100|[from] ability: Hospitality|[of] p1a: Sinistcha\n|move|p2b: Ursaluna|Protect|p2b: Ursaluna\n|-singleturn|p2b: Ursaluna|Protect\n|move|p1b: Ursaluna|Blood Moon|p2b: Ursaluna\n|-activate|p2b: Ursaluna|move: Protect\n|\n|upkeep\n|turn|4\n|\n|t:|1699130082\n|switch|p1a: Landorus|Landorus-Therian, M|13\/100\n|-ability|p1a: Landorus|Intimidate|boost\n|-unboost|p2a: Amoonguss|atk|1\n|-unboost|p2b: Ursaluna|atk|1\n|-terastallize|p2b: Ursaluna|Normal\n|move|p1b: Ursaluna|Protect|p1b: Ursaluna\n|-singleturn|p1b: Ursaluna|Protect\n|move|p2a: Amoonguss|Rage Powder|p2a: Amoonguss\n|-singleturn|p2a: Amoonguss|move: Rage Powder\n|move|p2b: Ursaluna|Hyper Voice|p1b: Ursaluna|[spread] p1a\n|-activate|p1b: Ursaluna|move: Protect\n|-damage|p1a: Landorus|0 fnt\n|faint|p1a: Landorus\n|\n|upkeep\n|inactive|orlando525 has 120 seconds left.\n|\n|t:|1699130106\n|switch|p1a: Sinistcha|Sinistcha-Masterpiece|100\/100\n|-heal|p1b: Ursaluna|89\/100|[from] ability: Hospitality|[of] p1a: Sinistcha\n|turn|5\n|\n|t:|1699130120\n|move|p1a: Sinistcha|Rage Powder|p1a: Sinistcha\n|-singleturn|p1a: Sinistcha|move: Rage Powder\n|move|p2a: Amoonguss|Pollen Puff|p2b: Ursaluna\n|-heal|p2b: Ursaluna|90\/100\n|move|p1b: Ursaluna|Hyper Voice|p2a: Amoonguss|[spread] p2a,p2b\n|-damage|p2a: Amoonguss|59\/100\n|-damage|p2b: Ursaluna|34\/100\n|-damage|p1b: Ursaluna|79\/100|[from] item: Life Orb\n|move|p2b: Ursaluna|Hyper Voice|p1b: Ursaluna|[spread] p1a,p1b\n|-damage|p1a: Sinistcha|14\/100\n|-damage|p1b: Ursaluna|0 fnt\n|-enditem|p1a: Sinistcha|Wiki Berry|[eat]\n|-heal|p1a: Sinistcha|47\/100|[from] item: Wiki Berry\n|faint|p1b: Ursaluna\n|\n|-fieldend|move: Trick Room\n|upkeep\n|\n|t:|1699130135\n|switch|p1b: Iron Hands|Iron Hands|100\/100\n|turn|6\n|\n|t:|1699130159\n|switch|p2b: Mimikyu|Mimikyu-Busted, M|26\/100\n|move|p1b: Iron Hands|Fake Out|p2a: Amoonguss\n|-damage|p2a: Amoonguss|47\/100\n|-enditem|p2a: Amoonguss|Sitrus Berry|[eat]\n|-heal|p2a: Amoonguss|72\/100|[from] item: Sitrus Berry\n|move|p1a: Sinistcha|Matcha Gotcha|p2a: Amoonguss|[spread] p2a\n|-miss|p1a: Sinistcha|p2b: Mimikyu\n|-resisted|p2a: Amoonguss\n|-damage|p2a: Amoonguss|67\/100\n|-heal|p1a: Sinistcha|51\/100|[from] drain|[of] p2a: Amoonguss\n|cant|p2a: Amoonguss|flinch\n|\n|upkeep\n|turn|7\n|inactive|orlando525 has 120 seconds left.\n|\n|t:|1699130196\n|move|p2a: Amoonguss|Rage Powder|p2a: Amoonguss\n|-singleturn|p2a: Amoonguss|move: Rage Powder\n|move|p1a: Sinistcha|Strength Sap|p2b: Mimikyu\n|-unboost|p2b: Mimikyu|atk|1\n|-heal|p1a: Sinistcha|100\/100\n|move|p1b: Iron Hands|Wild Charge|p2a: Amoonguss\n|-resisted|p2a: Amoonguss\n|-damage|p2a: Amoonguss|47\/100\n|-damage|p1b: Iron Hands|96\/100|[from] Recoil\n|move|p2b: Mimikyu|Trick Room|p2b: Mimikyu\n|-fieldstart|move: Trick Room|[of] p2b: Mimikyu\n|\n|upkeep\n|turn|8\n|inactive|orlando525 has 120 seconds left.\n|\n|t:|1699130226\n|switch|p1a: Cresselia|Cresselia, F|100\/100\n|switch|p2b: Grimmsnarl|Grimmsnarl, M|100\/100\n|move|p2a: Amoonguss|Spore|p1b: Iron Hands\n|-status|p1b: Iron Hands|slp|[from] move: Spore\n|cant|p1b: Iron Hands|slp\n|\n|upkeep\n|turn|9\n|-message|orlando525 forfeited.\n|\n|win|Thyplo510n\n|raw|orlando525's rating: 1091 &rarr; <strong>1067<\/strong><br \/>(-24 for losing)\n|raw|Thyplo510n's rating: 1086 &rarr; <strong>1113<\/strong><br \/>(+27 for winning)\n|l|\u2606orlando525\n","uploadtime":1699130251,"views":17,"p1id":"orlando525","p2id":"thyplo510n","formatid":"gen9doublesou","rating":1067,"private":0,"password":""}