{"id":"gen9doublesou-1973280223","p1":"Forzarismo","p2":"nikhil_1812","format":"[Gen 9] Doubles OU","log":"|j|\u2606Forzarismo\n|j|\u2606nikhil_1812\n|t:|1697948126\n|gametype|doubles\n|player|p1|Forzarismo|veteran|1368\n|player|p2|nikhil_1812|norman|1353\n|teamsize|p1|6\n|teamsize|p2|6\n|gen|9\n|tier|[Gen 9] Doubles OU\n|rated|\n|rule|Species Clause: Limit one of each Pok\u00e9mon\n|rule|OHKO Clause: OHKO moves are banned\n|rule|Evasion Moves Clause: Evasion moves are banned\n|rule|Gravity Sleep Clause: The combination of sleep-inducing moves with imperfect accuracy and Gravity or Gigantamax Orbeetle are banned\n|rule|Endless Battle Clause: Forcing endless battles is banned\n|rule|HP Percentage Mod: HP is shown in percentages\n|clearpoke\n|poke|p1|Pincurchin, M|\n|poke|p1|Iron Leaves|\n|poke|p1|Iron Bundle|\n|poke|p1|Iron Moth|\n|poke|p1|Iron Hands|\n|poke|p1|Iron Valiant|\n|poke|p2|Grimmsnarl, M|\n|poke|p2|Flutter Mane|\n|poke|p2|Walking Wake|\n|poke|p2|Iron Hands|\n|poke|p2|Sinistcha-Masterpiece|\n|poke|p2|Landorus-Therian, M|\n|teampreview\n|\n|t:|1697948135\n|start\n|switch|p1a: Pincurchin|Pincurchin, M|100\/100\n|switch|p1b: Iron Moth|Iron Moth|100\/100\n|switch|p2a: Grimmsnarl|Grimmsnarl, M|100\/100\n|switch|p2b: Sinistcha|Sinistcha-Masterpiece|100\/100\n|-fieldstart|move: Electric Terrain|[from] ability: Electric Surge|[of] p1a: Pincurchin\n|-activate|p1b: Iron Moth|ability: Quark Drive\n|-start|p1b: Iron Moth|quarkdrivespa\n|turn|1\n|\n|t:|1697948159\n|move|p2a: Grimmsnarl|Light Screen|p2a: Grimmsnarl\n|-sidestart|p2: nikhil_1812|move: Light Screen\n|move|p1b: Iron Moth|Fiery Dance|p2b: Sinistcha\n|-supereffective|p2b: Sinistcha\n|-crit|p2b: Sinistcha\n|-damage|p2b: Sinistcha|0 fnt\n|-boost|p1b: Iron Moth|spa|1\n|faint|p2b: Sinistcha\n|move|p1a: Pincurchin|Acupressure|p1b: Iron Moth\n|-boost|p1b: Iron Moth|def|2\n|\n|upkeep\n|\n|t:|1697948176\n|switch|p2b: Landorus|Landorus-Therian, M|100\/100\n|-ability|p2b: Landorus|Intimidate|boost\n|-unboost|p1a: Pincurchin|atk|1\n|-unboost|p1b: Iron Moth|atk|1\n|turn|2\n|\n|t:|1697948198\n|switch|p1a: Iron Leaves|Iron Leaves|100\/100\n|-activate|p1a: Iron Leaves|ability: Quark Drive\n|-start|p1a: Iron Leaves|quarkdriveatk\n|move|p2a: Grimmsnarl|Taunt|p1a: Iron Leaves\n|-start|p1a: Iron Leaves|move: Taunt\n|move|p1b: Iron Moth|Fiery Dance|p2b: Landorus\n|-damage|p2b: Landorus|28\/100\n|move|p2b: Landorus|Rock Slide|p1a: Iron Leaves|[spread] p1a,p1b\n|-supereffective|p1b: Iron Moth\n|-damage|p1a: Iron Leaves|71\/100\n|-damage|p1b: Iron Moth|56\/100\n|-damage|p2b: Landorus|19\/100|[from] item: Life Orb\n|\n|upkeep\n|turn|3\n|\n|t:|1697948227\n|move|p2b: Landorus|Protect|p2b: Landorus\n|-singleturn|p2b: Landorus|Protect\n|move|p1b: Iron Moth|Fiery Dance|p2a: Grimmsnarl\n|-damage|p2a: Grimmsnarl|41\/100\n|move|p1a: Iron Leaves|Psyblade|p2b: Landorus\n|-activate|p2b: Landorus|move: Protect\n|move|p2a: Grimmsnarl|Spirit Break|p1b: Iron Moth\n|-resisted|p1b: Iron Moth\n|-damage|p1b: Iron Moth|45\/100\n|-unboost|p1b: Iron Moth|spa|1\n|-damage|p2a: Grimmsnarl|32\/100|[from] item: Life Orb\n|\n|upkeep\n|turn|4\n|\n|t:|1697948244\n|move|p2a: Grimmsnarl|Reflect|p2a: Grimmsnarl\n|-sidestart|p2: nikhil_1812|Reflect\n|move|p1b: Iron Moth|Fiery Dance|p2a: Grimmsnarl\n|-damage|p2a: Grimmsnarl|0 fnt\n|faint|p2a: Grimmsnarl\n|move|p1a: Iron Leaves|Psyblade|p2b: Landorus\n|-damage|p2b: Landorus|0 fnt\n|faint|p2b: Landorus\n|\n|-end|p1a: Iron Leaves|move: Taunt\n|upkeep\n|\n|t:|1697948261\n|switch|p2b: Iron Hands|Iron Hands|100\/100\n|switch|p2a: Walking Wake|Walking Wake|100\/100\n|-activate|p2b: Iron Hands|ability: Quark Drive\n|-start|p2b: Iron Hands|quarkdriveatk\n|-enditem|p2a: Walking Wake|Booster Energy\n|-activate|p2a: Walking Wake|ability: Protosynthesis|[fromitem]\n|-start|p2a: Walking Wake|protosynthesisspa\n|turn|5\n|\n|t:|1697948287\n|move|p2b: Iron Hands|Fake Out|p1a: Iron Leaves\n|-crit|p1a: Iron Leaves\n|-damage|p1a: Iron Leaves|40\/100\n|move|p1b: Iron Moth|Dazzling Gleam|p2a: Walking Wake|[spread] p2a,p2b\n|-supereffective|p2a: Walking Wake\n|-supereffective|p2b: Iron Hands\n|-damage|p2a: Walking Wake|59\/100\n|-damage|p2b: Iron Hands|69\/100\n|cant|p1a: Iron Leaves|flinch\n|move|p2a: Walking Wake|Hydro Steam|p1b: Iron Moth\n|-supereffective|p1b: Iron Moth\n|-damage|p1b: Iron Moth|0 fnt\n|faint|p1b: Iron Moth\n|-end|p1b: Iron Moth|Quark Drive|[silent]\n|\n|-sideend|p2: nikhil_1812|move: Light Screen\n|upkeep\n|\n|t:|1697948300\n|switch|p1b: Iron Bundle|Iron Bundle|100\/100\n|-activate|p1b: Iron Bundle|ability: Quark Drive\n|-start|p1b: Iron Bundle|quarkdrivespe\n|turn|6\n|\n|t:|1697948316\n|-terastallize|p2a: Walking Wake|Steel\n|move|p1b: Iron Bundle|Freeze-Dry|p2a: Walking Wake\n|-resisted|p2a: Walking Wake\n|-damage|p2a: Walking Wake|29\/100\n|move|p1a: Iron Leaves|Psyblade|p2b: Iron Hands\n|-supereffective|p2b: Iron Hands\n|-damage|p2b: Iron Hands|0 fnt\n|faint|p2b: Iron Hands\n|-end|p2b: Iron Hands|Quark Drive|[silent]\n|move|p2a: Walking Wake|Flamethrower|p1a: Iron Leaves\n|-supereffective|p1a: Iron Leaves\n|-damage|p1a: Iron Leaves|0 fnt\n|faint|p1a: Iron Leaves\n|-end|p1a: Iron Leaves|Quark Drive|[silent]\n|\n|upkeep\n|\n|t:|1697948331\n|switch|p1a: Iron Valiant|Iron Valiant|100\/100\n|switch|p2b: Flutter Mane|Flutter Mane|100\/100\n|-activate|p1a: Iron Valiant|ability: Quark Drive\n|-start|p1a: Iron Valiant|quarkdrivespe\n|turn|7\n|\n|t:|1697948357\n|-terastallize|p1b: Iron Bundle|Ice\n|move|p1a: Iron Valiant|Shadow Sneak|p2b: Flutter Mane\n|-supereffective|p2b: Flutter Mane\n|-damage|p2b: Flutter Mane|53\/100\n|-damage|p1a: Iron Valiant|91\/100|[from] item: Life Orb\n|move|p1b: Iron Bundle|Freeze-Dry|p2a: Walking Wake\n|-resisted|p2a: Walking Wake\n|-damage|p2a: Walking Wake|0 fnt\n|faint|p2a: Walking Wake\n|-end|p2a: Walking Wake|Protosynthesis|[silent]\n|move|p2b: Flutter Mane|Dazzling Gleam|p1b: Iron Bundle|[spread] p1a,p1b\n|-supereffective|p1a: Iron Valiant\n|-damage|p1a: Iron Valiant|0 fnt\n|-damage|p1b: Iron Bundle|20\/100\n|faint|p1a: Iron Valiant\n|-end|p1a: Iron Valiant|Quark Drive|[silent]\n|-damage|p2b: Flutter Mane|43\/100|[from] item: Life Orb\n|\n|upkeep\n|\n|t:|1697948363\n|switch|p1a: Iron Hands|Iron Hands|100\/100\n|-activate|p1a: Iron Hands|ability: Quark Drive\n|-start|p1a: Iron Hands|quarkdriveatk\n|turn|8\n|inactive|Battle timer is ON: inactive players will automatically lose when time's up. (requested by Forzarismo)\n|inactive|nikhil_1812 has 120 seconds left.\n|\n|t:|1697948414\n|move|p1b: Iron Bundle|Freeze-Dry|p2b: Flutter Mane\n|-damage|p2b: Flutter Mane|0 fnt\n|faint|p2b: Flutter Mane\n|-end|p2b: Flutter Mane|Protosynthesis|[silent]\n|\n|win|Forzarismo\n|raw|Forzarismo's rating: 1368 &rarr; <strong>1387<\/strong><br \/>(+19 for winning)\n|raw|nikhil_1812's rating: 1353 &rarr; <strong>1334<\/strong><br \/>(-19 for losing)\n|l|\u2606nikhil_1812\n","uploadtime":1697948424,"views":21,"p1id":"forzarismo","p2id":"nikhil1812","formatid":"gen9doublesou","rating":1334,"private":0,"password":""}