{"id":"gen9doublesou-1999179436","p1":"Shiverito","p2":"UnluckyFoxRot","format":"[Gen 9] Doubles OU","log":"|j|\u2606Shiverito\n|j|\u2606UnluckyFoxRot\n|t:|1701042059\n|gametype|doubles\n|player|p1|Shiverito|266|1000\n|player|p2|UnluckyFoxRot|hilbert|1030\n|teamsize|p1|6\n|teamsize|p2|6\n|gen|9\n|tier|[Gen 9] Doubles OU\n|rated|\n|rule|Species Clause: Limit one of each Pok\u00e9mon\n|rule|OHKO Clause: OHKO moves are banned\n|rule|Evasion Moves Clause: Evasion moves are banned\n|rule|Gravity Sleep Clause: The combination of sleep-inducing moves with imperfect accuracy and Gravity or Gigantamax Orbeetle are banned\n|rule|Endless Battle Clause: Forcing endless battles is banned\n|rule|HP Percentage Mod: HP is shown in percentages\n|clearpoke\n|poke|p1|Toxapex, M|\n|poke|p1|Salazzle, F|\n|poke|p1|Roaring Moon|\n|poke|p1|Flutter Mane|\n|poke|p1|Glimmora, F|\n|poke|p1|Gengar, M|\n|poke|p2|Meowscarada, M|\n|poke|p2|Muk-Alola, M|\n|poke|p2|Mandibuzz, F|\n|poke|p2|Krookodile, M|\n|poke|p2|Tyranitar, M|\n|poke|p2|Roaring Moon|\n|teampreview\n|\n|t:|1701042065\n|start\n|switch|p1a: Toxapex|Toxapex, M|100\/100\n|switch|p1b: Glimmora|Glimmora, F|100\/100\n|switch|p2a: Wizard|Meowscarada, M|100\/100\n|switch|p2b: Krook|Krookodile, M|100\/100\n|turn|1\n|\n|t:|1701042092\n|move|p2a: Wizard|Flower Trick|p2b: Krook\n|-start|p2a: Wizard|typechange|Grass|[from] ability: Protean\n|-supereffective|p2b: Krook\n|-crit|p2b: Krook\n|-damage|p2b: Krook|31\/100\n|-setboost|p2b: Krook|atk|6|[from] ability: Anger Point\n|move|p1b: Glimmora|Toxic|p2a: Wizard\n|-status|p2a: Wizard|tox\n|move|p2b: Krook|Earthquake|p1a: Toxapex|[spread] p2a,p1a,p1b\n|-resisted|p2a: Wizard\n|-supereffective|p1a: Toxapex\n|-supereffective|p1b: Glimmora\n|-damage|p2a: Wizard|22\/100 tox\n|-damage|p1a: Toxapex|0 fnt\n|-damage|p1b: Glimmora|0 fnt\n|-activate|p1b: Glimmora|ability: Toxic Debris\n|-sidestart|p2: UnluckyFoxRot|move: Toxic Spikes\n|faint|p1a: Toxapex\n|faint|p1b: Glimmora\n|-enditem|p2a: Wizard|Eject Button\n|\n|t:|1701042113\n|switch|p2a: Fro-Yo|Muk-Alola, M, shiny|100\/100\n|-sideend|p2: UnluckyFoxRot|move: Toxic Spikes|[of] p2a: Fro-Yo\n|\n|upkeep\n|\n|t:|1701042133\n|switch|p1b: Flutter Mane|Flutter Mane|100\/100\n|switch|p1a: Salazzle|Salazzle, F|100\/100\n|-enditem|p1b: Flutter Mane|Booster Energy\n|-activate|p1b: Flutter Mane|ability: Protosynthesis|[fromitem]\n|-start|p1b: Flutter Mane|protosynthesisspe\n|turn|2\n|\n|t:|1701042153\n|move|p1b: Flutter Mane|Energy Ball|p2b: Krook\n|-supereffective|p2b: Krook\n|-damage|p2b: Krook|0 fnt\n|faint|p2b: Krook\n|move|p1a: Salazzle|Toxic|p2a: Fro-Yo\n|-status|p2a: Fro-Yo|tox\n|move|p2a: Fro-Yo|Gunk Shot|p1b: Flutter Mane\n|-damage|p1b: Flutter Mane|0 fnt\n|faint|p1b: Flutter Mane\n|-end|p1b: Flutter Mane|Protosynthesis|[silent]\n|\n|-damage|p2a: Fro-Yo|94\/100 tox|[from] psn\n|upkeep\n|\n|t:|1701042172\n|switch|p1b: Gengar|Gengar, M|100\/100\n|switch|p2b: Roaring Moon|Roaring Moon|100\/100\n|-enditem|p2b: Roaring Moon|Booster Energy\n|-activate|p2b: Roaring Moon|ability: Protosynthesis|[fromitem]\n|-start|p2b: Roaring Moon|protosynthesisatk\n|turn|3\n|\n|t:|1701042205\n|move|p1a: Salazzle|Toxic|p2b: Roaring Moon\n|-status|p2b: Roaring Moon|tox\n|move|p2b: Roaring Moon|Dragon Dance|p2b: Roaring Moon\n|-boost|p2b: Roaring Moon|atk|1\n|-boost|p2b: Roaring Moon|spe|1\n|move|p1b: Gengar|Venoshock|p2b: Roaring Moon\n|-damage|p2b: Roaring Moon|0 fnt\n|faint|p2b: Roaring Moon\n|-end|p2b: Roaring Moon|Protosynthesis|[silent]\n|move|p2a: Fro-Yo|Knock Off|p1b: Gengar\n|-supereffective|p1b: Gengar\n|-damage|p1b: Gengar|0 fnt\n|-start|p2a: Fro-Yo|Disable|Knock Off|[from] ability: Cursed Body|[of] p1b: Gengar\n|-enditem|p1b: Gengar|Choice Specs|[from] move: Knock Off|[of] p2a: Fro-Yo\n|faint|p1b: Gengar\n|\n|-damage|p2a: Fro-Yo|82\/100 tox|[from] psn\n|upkeep\n|\n|t:|1701042225\n|switch|p2b: Buzzkill|Mandibuzz, F|100\/100\n|switch|p1b: Roaring Moon|Roaring Moon|100\/100\n|-enditem|p1b: Roaring Moon|Booster Energy\n|-activate|p1b: Roaring Moon|ability: Protosynthesis|[fromitem]\n|-start|p1b: Roaring Moon|protosynthesisatk\n|turn|4\n|\n|t:|1701042266\n|move|p1a: Salazzle|Venoshock|p2a: Fro-Yo\n|-resisted|p2a: Fro-Yo\n|-damage|p2a: Fro-Yo|49\/100 tox\n|-damage|p1a: Salazzle|91\/100|[from] item: Life Orb\n|move|p1b: Roaring Moon|Dragon Dance|p1b: Roaring Moon\n|-boost|p1b: Roaring Moon|atk|1\n|-boost|p1b: Roaring Moon|spe|1\n|move|p2b: Buzzkill|Tailwind|p2b: Buzzkill\n|-sidestart|p2: UnluckyFoxRot|move: Tailwind\n|move|p2a: Fro-Yo|Curse|p2a: Fro-Yo\n|-unboost|p2a: Fro-Yo|spe|1\n|-boost|p2a: Fro-Yo|atk|1\n|-boost|p2a: Fro-Yo|def|1\n|\n|-damage|p2a: Fro-Yo|30\/100 tox|[from] psn\n|upkeep\n|turn|5\n|\n|t:|1701042294\n|move|p1b: Roaring Moon|Dragon Dance|p1b: Roaring Moon\n|-boost|p1b: Roaring Moon|atk|1\n|-boost|p1b: Roaring Moon|spe|1\n|move|p2b: Buzzkill|Foul Play|p1b: Roaring Moon\n|-resisted|p1b: Roaring Moon\n|-damage|p1b: Roaring Moon|24\/100\n|move|p1a: Salazzle|Toxic|p2b: Buzzkill\n|-status|p2b: Buzzkill|tox\n|move|p2a: Fro-Yo|Gunk Shot|p1b: Roaring Moon\n|-damage|p1b: Roaring Moon|0 fnt\n|faint|p1b: Roaring Moon\n|-end|p1b: Roaring Moon|Protosynthesis|[silent]\n|\n|-damage|p2b: Buzzkill|94\/100 tox|[from] psn\n|-damage|p2a: Fro-Yo|6\/100 tox|[from] psn\n|upkeep\n|-enditem|p2a: Fro-Yo|Figy Berry|[eat]\n|-heal|p2a: Fro-Yo|40\/100 tox|[from] item: Figy Berry\n|turn|6\n|\n|t:|1701042317\n|move|p2a: Fro-Yo|Shadow Sneak|p1a: Salazzle\n|-damage|p1a: Salazzle|55\/100\n|move|p2b: Buzzkill|Rock Tomb|p1a: Salazzle\n|-supereffective|p1a: Salazzle\n|-damage|p1a: Salazzle|17\/100\n|-unboost|p1a: Salazzle|spe|1\n|move|p1a: Salazzle|Venoshock|p2b: Buzzkill\n|-damage|p2b: Buzzkill|23\/100 tox\n|-damage|p1a: Salazzle|7\/100|[from] item: Life Orb\n|\n|-heal|p2b: Buzzkill|29\/100 tox|[from] item: Leftovers\n|-damage|p2b: Buzzkill|17\/100 tox|[from] psn\n|-damage|p2a: Fro-Yo|9\/100 tox|[from] psn\n|-end|p2a: Fro-Yo|Disable\n|upkeep\n|turn|7\n|\n|t:|1701042342\n|move|p2a: Fro-Yo|Shadow Sneak|p1a: Salazzle\n|-damage|p1a: Salazzle|0 fnt\n|faint|p1a: Salazzle\n|\n|win|UnluckyFoxRot\n|raw|Shiverito's rating: 1000 &rarr; <strong>1000<\/strong><br \/>(+0 for losing)\n|raw|UnluckyFoxRot's rating: 1030 &rarr; <strong>1062<\/strong><br \/>(+32 for winning)\n|l|\u2606Shiverito\n","uploadtime":1701042395,"views":17,"p1id":"shiverito","p2id":"unluckyfoxrot","formatid":"gen9doublesou","rating":1000,"private":0,"password":""}