{"id":"gen9doublesou-1994207376","p1":"chichi099","p2":"kevvo15","format":"[Gen 9] Doubles OU","log":"|j|\u2606chichi099\n|j|\u2606kevvo15\n|t:|1700418951\n|gametype|doubles\n|player|p1|chichi099|giovanni|1195\n|player|p2|kevvo15|colress|1246\n|teamsize|p1|6\n|teamsize|p2|6\n|gen|9\n|tier|[Gen 9] Doubles OU\n|rated|\n|rule|Species Clause: Limit one of each Pok\u00e9mon\n|rule|OHKO Clause: OHKO moves are banned\n|rule|Evasion Moves Clause: Evasion moves are banned\n|rule|Gravity Sleep Clause: The combination of sleep-inducing moves with imperfect accuracy and Gravity or Gigantamax Orbeetle are banned\n|rule|Endless Battle Clause: Forcing endless battles is banned\n|rule|HP Percentage Mod: HP is shown in percentages\n|clearpoke\n|poke|p1|Iron Bundle|\n|poke|p1|Dragonite, M|\n|poke|p1|Gothitelle, F|\n|poke|p1|Amoonguss, F|\n|poke|p1|Tinkaton, F|\n|poke|p1|Chandelure, F|\n|poke|p2|Vikavolt, F|\n|poke|p2|Iron Bundle|\n|poke|p2|Thundurus, M|\n|poke|p2|Iron Valiant|\n|poke|p2|Chi-Yu|\n|poke|p2|Iron Hands|\n|teampreview\n|inactive|Battle timer is ON: inactive players will automatically lose when time's up. (requested by chichi099)\n|\n|t:|1700418958\n|start\n|switch|p1a: Tinkaton|Tinkaton, F|100\/100\n|switch|p1b: Chandelure|Chandelure, F|100\/100\n|switch|p2a: Thundurus|Thundurus, M|100\/100\n|switch|p2b: Iron Hands|Iron Hands|100\/100\n|-ability|p1a: Tinkaton|Mold Breaker\n|turn|1\n|\n|t:|1700418986\n|move|p1a: Tinkaton|Fake Out|p2a: Thundurus\n|-damage|p2a: Thundurus|85\/100\n|cant|p2a: Thundurus|flinch\n|move|p1b: Chandelure|Heat Wave|p2b: Iron Hands|[spread] p2a\n|-miss|p1b: Chandelure|p2b: Iron Hands\n|-damage|p2a: Thundurus|33\/100\n|move|p2b: Iron Hands|Wild Charge|p1b: Chandelure\n|-damage|p1b: Chandelure|25\/100\n|-damage|p2b: Iron Hands|91\/100|[from] Recoil\n|\n|upkeep\n|turn|2\n|\n|t:|1700419006\n|move|p1a: Tinkaton|Helping Hand|p1b: Chandelure\n|-singleturn|p1b: Chandelure|Helping Hand|[of] p1a: Tinkaton\n|move|p2a: Thundurus|Electric Terrain|p2a: Thundurus\n|-fieldstart|move: Electric Terrain\n|-activate|p2b: Iron Hands|ability: Quark Drive\n|-start|p2b: Iron Hands|quarkdriveatk\n|move|p1b: Chandelure|Heat Wave|p2b: Iron Hands|[spread] p2a,p2b\n|-damage|p2a: Thundurus|0 fnt\n|-damage|p2b: Iron Hands|38\/100\n|faint|p2a: Thundurus\n|move|p2b: Iron Hands|Wild Charge|p1b: Chandelure\n|-damage|p1b: Chandelure|0 fnt\n|-status|p2b: Iron Hands|brn|[from] ability: Flame Body|[of] p1b: Chandelure\n|faint|p1b: Chandelure\n|-damage|p2b: Iron Hands|35\/100 brn|[from] Recoil\n|\n|-damage|p2b: Iron Hands|29\/100 brn|[from] brn\n|upkeep\n|\n|t:|1700419026\n|switch|p2a: Chi-Yu|Chi-Yu|100\/100\n|switch|p1b: Iron Bundle|Iron Bundle|100\/100\n|-activate|p1b: Iron Bundle|ability: Quark Drive\n|-start|p1b: Iron Bundle|quarkdrivespe\n|-ability|p2a: Chi-Yu|Beads of Ruin\n|turn|3\n|\n|t:|1700419043\n|move|p2a: Chi-Yu|Protect|p2a: Chi-Yu\n|-singleturn|p2a: Chi-Yu|Protect\n|move|p1a: Tinkaton|Protect|p1a: Tinkaton\n|-singleturn|p1a: Tinkaton|Protect\n|move|p1b: Iron Bundle|Hydro Pump|p2a: Chi-Yu\n|-activate|p2a: Chi-Yu|move: Protect\n|move|p2b: Iron Hands|Wild Charge|p1b: Iron Bundle\n|-supereffective|p1b: Iron Bundle\n|-enditem|p1b: Iron Bundle|Focus Sash\n|-damage|p1b: Iron Bundle|1\/100\n|-damage|p2b: Iron Hands|16\/100 brn|[from] Recoil\n|\n|-damage|p2b: Iron Hands|10\/100 brn|[from] brn\n|upkeep\n|turn|4\n|\n|t:|1700419068\n|switch|p2a: Iron Bundle|Iron Bundle|100\/100\n|-activate|p2a: Iron Bundle|ability: Quark Drive\n|-start|p2a: Iron Bundle|quarkdrivespe\n|move|p1b: Iron Bundle|Hydro Pump|p2a: Iron Bundle\n|-resisted|p2a: Iron Bundle\n|-damage|p2a: Iron Bundle|43\/100\n|move|p1a: Tinkaton|Gigaton Hammer|p2b: Iron Hands\n|-resisted|p2b: Iron Hands\n|-damage|p2b: Iron Hands|0 fnt\n|faint|p2b: Iron Hands\n|-end|p2b: Iron Hands|Quark Drive|[silent]\n|\n|upkeep\n|inactive|kevvo15 has 120 seconds left.\n|\n|t:|1700419085\n|switch|p2b: Chi-Yu|Chi-Yu|100\/100\n|-ability|p2b: Chi-Yu|Beads of Ruin\n|turn|5\n|\n|t:|1700419098\n|switch|p1a: Dragonite|Dragonite, M|100\/100\n|move|p1b: Iron Bundle|Protect|p1b: Iron Bundle\n|-singleturn|p1b: Iron Bundle|Protect\n|move|p2a: Iron Bundle|Icy Wind|p1a: Dragonite|[spread] p1a\n|-activate|p1b: Iron Bundle|move: Protect\n|-supereffective|p1a: Dragonite\n|-damage|p1a: Dragonite|31\/100\n|-unboost|p1a: Dragonite|spe|1\n|-enditem|p1a: Dragonite|Weakness Policy\n|-boost|p1a: Dragonite|atk|2|[from] item: Weakness Policy\n|-boost|p1a: Dragonite|spa|2|[from] item: Weakness Policy\n|move|p2b: Chi-Yu|Heat Wave|p1a: Dragonite|[spread] p1a\n|-activate|p1b: Iron Bundle|move: Protect\n|-resisted|p1a: Dragonite\n|-damage|p1a: Dragonite|0 fnt\n|faint|p1a: Dragonite\n|-damage|p2b: Chi-Yu|91\/100|[from] item: Life Orb\n|\n|upkeep\n|\n|t:|1700419120\n|switch|p1a: Tinkaton|Tinkaton, F|100\/100\n|-ability|p1a: Tinkaton|Mold Breaker\n|turn|6\n|\n|t:|1700419142\n|-terastallize|p2b: Chi-Yu|Water\n|move|p1a: Tinkaton|Fake Out|p2a: Iron Bundle\n|-damage|p2a: Iron Bundle|30\/100\n|move|p1b: Iron Bundle|Hydro Pump|p2b: Chi-Yu\n|-resisted|p2b: Chi-Yu\n|-damage|p2b: Chi-Yu|58\/100\n|cant|p2a: Iron Bundle|flinch\n|move|p2b: Chi-Yu|Heat Wave|p1b: Iron Bundle|[spread] p1a,p1b\n|-supereffective|p1a: Tinkaton\n|-damage|p1a: Tinkaton|0 fnt\n|-damage|p1b: Iron Bundle|0 fnt\n|faint|p1a: Tinkaton\n|faint|p1b: Iron Bundle\n|-end|p1b: Iron Bundle|Quark Drive|[silent]\n|-damage|p2b: Chi-Yu|48\/100|[from] item: Life Orb\n|\n|upkeep\n|\n|t:|1700419159\n|switch|p1b: Gothitelle|Gothitelle, F, shiny|100\/100\n|switch|p1a: Amoonguss|Amoonguss, F|100\/100\n|turn|7\n|\n|t:|1700419170\n|-terastallize|p1b: Gothitelle|Fighting\n|move|p1a: Amoonguss|Protect|p1a: Amoonguss\n|-singleturn|p1a: Amoonguss|Protect\n|move|p2a: Iron Bundle|Freeze-Dry|p1a: Amoonguss\n|-activate|p1a: Amoonguss|move: Protect\n|move|p2b: Chi-Yu|Dark Pulse|p1b: Gothitelle\n|-resisted|p1b: Gothitelle\n|-damage|p1b: Gothitelle|77\/100\n|-damage|p2b: Chi-Yu|38\/100|[from] item: Life Orb\n|move|p1b: Gothitelle|Trick Room|p1b: Gothitelle\n|-fieldstart|move: Trick Room|[of] p1b: Gothitelle\n|\n|upkeep\n|turn|8\n|\n|t:|1700419199\n|move|p1a: Amoonguss|Sludge Bomb|p2b: Chi-Yu\n|-damage|p2b: Chi-Yu|5\/100\n|move|p1b: Gothitelle|Psychic|p2a: Iron Bundle\n|-damage|p2a: Iron Bundle|0 fnt\n|faint|p2a: Iron Bundle\n|-end|p2a: Iron Bundle|Quark Drive|[silent]\n|move|p2b: Chi-Yu|Heat Wave|p1b: Gothitelle|[spread] p1a,p1b\n|-supereffective|p1a: Amoonguss\n|-damage|p1a: Amoonguss|11\/100\n|-damage|p1b: Gothitelle|32\/100\n|-damage|p2b: Chi-Yu|0 fnt|[from] item: Life Orb\n|faint|p2b: Chi-Yu\n|\n|-heal|p1a: Amoonguss|18\/100|[from] item: Black Sludge\n|upkeep\n|\n|t:|1700419212\n|switch|p2b: Iron Valiant|Iron Valiant|100\/100\n|switch|p2a: Vikavolt|Vikavolt, F|100\/100\n|-activate|p2b: Iron Valiant|ability: Quark Drive\n|-start|p2b: Iron Valiant|quarkdriveatk\n|turn|9\n|\n|t:|1700419238\n|move|p1a: Amoonguss|Pollen Puff|p1b: Gothitelle\n|-heal|p1b: Gothitelle|82\/100\n|move|p2a: Vikavolt|Bug Buzz|p1a: Amoonguss\n|-damage|p1a: Amoonguss|0 fnt\n|faint|p1a: Amoonguss\n|move|p1b: Gothitelle|Psychic|p2b: Iron Valiant\n|-supereffective|p2b: Iron Valiant\n|-damage|p2b: Iron Valiant|0 fnt\n|faint|p2b: Iron Valiant\n|-end|p2b: Iron Valiant|Quark Drive|[silent]\n|\n|-fieldend|move: Electric Terrain\n|upkeep\n|turn|10\n|\n|t:|1700419260\n|move|p2a: Vikavolt|Bug Buzz|p1b: Gothitelle\n|-resisted|p1b: Gothitelle\n|-damage|p1b: Gothitelle|55\/100\n|move|p1b: Gothitelle|Nasty Plot|p1b: Gothitelle\n|-boost|p1b: Gothitelle|spa|2\n|\n|upkeep\n|turn|11\n|\n|t:|1700419268\n|move|p2a: Vikavolt|Bug Buzz|p1b: Gothitelle\n|-resisted|p1b: Gothitelle\n|-damage|p1b: Gothitelle|26\/100\n|move|p1b: Gothitelle|Psychic|p2a: Vikavolt\n|-damage|p2a: Vikavolt|29\/100\n|\n|-fieldend|move: Trick Room\n|upkeep\n|turn|12\n|\n|t:|1700419276\n|move|p1b: Gothitelle|Psychic|p2a: Vikavolt\n|-damage|p2a: Vikavolt|0 fnt\n|faint|p2a: Vikavolt\n|\n|win|chichi099\n|raw|chichi099's rating: 1195 &rarr; <strong>1221<\/strong><br \/>(+26 for winning)\n|raw|kevvo15's rating: 1215 &rarr; <strong>1189<\/strong><br \/>(-26 for losing)\n|c|\u2606kevvo15|gg\n|l|\u2606kevvo15\n","uploadtime":1700419298,"views":26,"p1id":"chichi099","p2id":"kevvo15","formatid":"gen9doublesou","rating":1189,"private":0,"password":""}