{"id":"gen9doublesou-1980568099","p1":"chuache","p2":"Magatsu(S.Bisharp)","format":"[Gen 9] Doubles OU","log":"|j|\u2606chuache\n|j|\u2606Magatsu(S.Bisharp)\n|inactive|Battle timer is ON: inactive players will automatically lose when time's up.\n|t:|1698798288\n|gametype|doubles\n|player|p1|chuache|psychic|\n|player|p2|Magatsu(S.Bisharp)|102|\n|teamsize|p1|6\n|teamsize|p2|6\n|gen|9\n|tier|[Gen 9] Doubles OU\n|rated|Tournament battle\n|rule|Species Clause: Limit one of each Pok\u00e9mon\n|rule|OHKO Clause: OHKO moves are banned\n|rule|Evasion Moves Clause: Evasion moves are banned\n|rule|Gravity Sleep Clause: The combination of sleep-inducing moves with imperfect accuracy and Gravity or Gigantamax Orbeetle are banned\n|rule|Endless Battle Clause: Forcing endless battles is banned\n|rule|HP Percentage Mod: HP is shown in percentages\n|clearpoke\n|poke|p1|Slowking-Galar, F|\n|poke|p1|Clawitzer, M|\n|poke|p1|Braviary, M|\n|poke|p1|Sandaconda, M|\n|poke|p1|Weezing-Galar, F|\n|poke|p1|Lurantis, F|\n|poke|p2|Gumshoos, F|\n|poke|p2|Toedscruel, M|\n|poke|p2|Magcargo, M|\n|poke|p2|Gardevoir, F|\n|poke|p2|Abomasnow, F|\n|poke|p2|Conkeldurr, F|\n|teampreview\n|j|*Lady Monita \u263d\n|j| HEAVY-DUTY B0OTY\n|inactive|chuache has 120 seconds left.\n|\n|t:|1698798321\n|start\n|switch|p1a: Clawitzer|Clawitzer, M|100\/100\n|switch|p1b: Sandaconda|Sandaconda, M|100\/100\n|switch|p2a: Magcargo|Magcargo, M|100\/100\n|switch|p2b: Toedscruel|Toedscruel, M|100\/100\n|turn|1\n|inactive|chuache has 120 seconds left.\n|\n|t:|1698798360\n|switch|p1b: Lurantis|Lurantis, F|100\/100\n|move|p2b: Toedscruel|Rage Powder|p2b: Toedscruel\n|-singleturn|p2b: Toedscruel|move: Rage Powder\n|move|p1a: Clawitzer|Water Pulse|p2b: Toedscruel\n|-damage|p2b: Toedscruel|31\/100\n|-enditem|p2b: Toedscruel|Sitrus Berry|[eat]\n|-heal|p2b: Toedscruel|56\/100|[from] item: Sitrus Berry\n|move|p2a: Magcargo|Shell Smash|p2a: Magcargo\n|-unboost|p2a: Magcargo|def|1\n|-unboost|p2a: Magcargo|spd|1\n|-boost|p2a: Magcargo|atk|2\n|-boost|p2a: Magcargo|spa|2\n|-boost|p2a: Magcargo|spe|2\n|\n|upkeep\n|turn|2\n|j| BigSilverBilver\n|inactive|chuache has 120 seconds left.\n|\n|t:|1698798382\n|switch|p1b: Sandaconda|Sandaconda, M|100\/100\n|move|p2b: Toedscruel|Giga Drain|p1a: Clawitzer\n|-supereffective|p1a: Clawitzer\n|-damage|p1a: Clawitzer|19\/100\n|-heal|p2b: Toedscruel|94\/100|[from] drain|[of] p1a: Clawitzer\n|move|p2a: Magcargo|Heat Wave|p1a: Clawitzer|[spread] p1a,p1b\n|-resisted|p1a: Clawitzer\n|-damage|p1a: Clawitzer|0 fnt\n|-damage|p1b: Sandaconda|23\/100\n|faint|p1a: Clawitzer\n|\n|upkeep\n|inactive|chuache has 120 seconds left.\n|inactive|chuache has 90 seconds left.\n|\n|t:|1698798434\n|switch|p1a: Slowking|Slowking-Galar, F|100\/100\n|turn|3\n|c|\u2606Magatsu(S.Bisharp)|Toed tech.\n|inactive|chuache has 90 seconds left.\n|\n|t:|1698798459\n|-terastallize|p1a: Slowking|Fairy\n|move|p2b: Toedscruel|Giga Drain|p1b: Sandaconda\n|-supereffective|p1b: Sandaconda\n|-damage|p1b: Sandaconda|0 fnt\n|-heal|p2b: Toedscruel|100\/100|[from] drain|[of] p1b: Sandaconda\n|faint|p1b: Sandaconda\n|move|p2a: Magcargo|Earth Power|p1a: Slowking\n|-damage|p1a: Slowking|77\/100\n|move|p1a: Slowking|Surf|p2b: Toedscruel|[spread] p2a,p2b\n|-supereffective|p2a: Magcargo\n|-enditem|p2a: Magcargo|Focus Sash\n|-damage|p2a: Magcargo|1\/100\n|-damage|p2b: Toedscruel|81\/100\n|\n|upkeep\n|j| UsernameNotVisible\n|\n|t:|1698798476\n|switch|p1b: Weezing|Weezing-Galar, F|100\/100\n|turn|4\n|inactive|Magatsu(S.Bisharp) has 120 seconds left.\n|c|\u2606chuache|i missclicked the water pulse\n|l| UsernameNotVisible\n|inactive|Magatsu(S.Bisharp) has 90 seconds left.\n|\n|t:|1698798552\n|move|p2b: Toedscruel|Rage Powder|p2b: Toedscruel\n|-singleturn|p2b: Toedscruel|move: Rage Powder\n|move|p2a: Magcargo|Heat Wave|p1a: Slowking|[spread] p1a\n|-miss|p2a: Magcargo|p1b: Weezing\n|-damage|p1a: Slowking|50\/100\n|move|p1b: Weezing|Strange Steam|p2b: Toedscruel\n|-damage|p2b: Toedscruel|56\/100\n|move|p1a: Slowking|Surf|p2b: Toedscruel|[spread] p1b,p2a,p2b\n|-supereffective|p2a: Magcargo\n|-crit|p2a: Magcargo\n|-damage|p1b: Weezing|75\/100\n|-damage|p2a: Magcargo|0 fnt\n|-damage|p2b: Toedscruel|36\/100\n|faint|p2a: Magcargo\n|\n|upkeep\n|\n|t:|1698798565\n|switch|p2a: Abomasnow|Abomasnow, F|100\/100\n|-weather|Snow|[from] ability: Snow Warning|[of] p2a: Abomasnow\n|turn|5\n|\n|t:|1698798574\n|move|p2a: Abomasnow|Aurora Veil|p2a: Abomasnow\n|-sidestart|p2: Magatsu(S.Bisharp)|move: Aurora Veil\n|move|p1b: Weezing|Strange Steam|p2b: Toedscruel\n|-damage|p2b: Toedscruel|20\/100\n|-start|p2b: Toedscruel|confusion\n|move|p1a: Slowking|Flamethrower|p2a: Abomasnow\n|-supereffective|p2a: Abomasnow\n|-enditem|p2a: Abomasnow|Occa Berry|[eat]\n|-enditem|p2a: Abomasnow|Occa Berry|[weaken]\n|-damage|p2a: Abomasnow|76\/100\n|-activate|p2b: Toedscruel|confusion\n|move|p2b: Toedscruel|Spore|p1b: Weezing\n|-status|p1b: Weezing|slp|[from] move: Spore\n|\n|-weather|Snow|[upkeep]\n|upkeep\n|turn|6\n|inactive|chuache has 120 seconds left.\n|\n|t:|1698798603\n|-activate|p2b: Toedscruel|confusion\n|-damage|p2b: Toedscruel|12\/100|[from] confusion\n|move|p2a: Abomasnow|Blizzard|p1b: Weezing|[spread] p1a,p1b\n|-damage|p1a: Slowking|38\/100\n|-damage|p1b: Weezing|38\/100 slp\n|cant|p1b: Weezing|slp\n|move|p1a: Slowking|Flamethrower|p2a: Abomasnow\n|-supereffective|p2a: Abomasnow\n|-damage|p2a: Abomasnow|23\/100\n|\n|-weather|Snow|[upkeep]\n|upkeep\n|turn|7\n|inactive|Magatsu(S.Bisharp) has 120 seconds left.\n|inactive|Magatsu(S.Bisharp) has 90 seconds left.\n|\n|t:|1698798652\n|-activate|p2b: Toedscruel|confusion\n|move|p2b: Toedscruel|Giga Drain|p1a: Slowking\n|-damage|p1a: Slowking|27\/100\n|-heal|p2b: Toedscruel|20\/100|[from] drain|[of] p1a: Slowking\n|move|p2a: Abomasnow|Blizzard|p1a: Slowking|[spread] p1a,p1b\n|-damage|p1a: Slowking|14\/100\n|-damage|p1b: Weezing|2\/100 slp\n|-status|p1a: Slowking|frz\n|cant|p1b: Weezing|slp\n|cant|p1a: Slowking|frz\n|\n|-weather|Snow|[upkeep]\n|upkeep\n|turn|8\n|\n|t:|1698798672\n|switch|p2b: Conkeldurr|Conkeldurr, F|100\/100\n|-curestatus|p1b: Weezing|slp|[msg]\n|move|p1b: Weezing|Strange Steam|p2b: Conkeldurr\n|-supereffective|p2b: Conkeldurr\n|-damage|p2b: Conkeldurr|60\/100\n|-start|p2b: Conkeldurr|confusion\n|move|p2a: Abomasnow|Blizzard|p1a: Slowking|[spread] p1a,p1b\n|-damage|p1a: Slowking|1\/100 frz\n|-damage|p1b: Weezing|0 fnt\n|faint|p1b: Weezing\n|cant|p1a: Slowking|frz\n|\n|-weather|Snow|[upkeep]\n|-status|p2b: Conkeldurr|brn|[from] item: Flame Orb\n|upkeep\n|\n|t:|1698798685\n|switch|p1b: Lurantis|Lurantis, F|100\/100\n|turn|9\n|inactive|Magatsu(S.Bisharp) has 120 seconds left.\n|\n|t:|1698798701\n|move|p2a: Abomasnow|Icy Wind|p1a: Slowking|[spread] p1a,p1b\n|-supereffective|p1b: Lurantis\n|-damage|p1a: Slowking|0 fnt\n|-damage|p1b: Lurantis|70\/100\n|-boost|p1b: Lurantis|spe|1\n|faint|p1a: Slowking\n|move|p1b: Lurantis|Superpower|p2a: Abomasnow\n|-supereffective|p2a: Abomasnow\n|-crit|p2a: Abomasnow\n|-damage|p2a: Abomasnow|0 fnt\n|-boost|p1b: Lurantis|atk|1\n|-boost|p1b: Lurantis|def|1\n|faint|p2a: Abomasnow\n|-activate|p2b: Conkeldurr|confusion\n|move|p2b: Conkeldurr|Bulldoze|p1b: Lurantis\n|-resisted|p1b: Lurantis\n|-damage|p1b: Lurantis|57\/100\n|-boost|p1b: Lurantis|spe|1\n|\n|-weather|none\n|-heal|p1b: Lurantis|63\/100|[from] item: Leftovers\n|-damage|p2b: Conkeldurr|54\/100 brn|[from] brn\n|-sideend|p2: Magatsu(S.Bisharp)|move: Aurora Veil\n|upkeep\n|\n|t:|1698798718\n|switch|p2a: Gumshoos|Gumshoos, F|100\/100\n|switch|p1a: Braviary|Braviary, M|100\/100\n|turn|10\n|\n|t:|1698798727\n|-terastallize|p2a: Gumshoos|Psychic\n|move|p1a: Braviary|Bulk Up|p1a: Braviary\n|-boost|p1a: Braviary|atk|1\n|-boost|p1a: Braviary|def|1\n|move|p1b: Lurantis|Superpower|p2a: Gumshoos\n|-resisted|p2a: Gumshoos\n|-damage|p2a: Gumshoos|62\/100\n|-boost|p1b: Lurantis|atk|1\n|-boost|p1b: Lurantis|def|1\n|move|p2a: Gumshoos|Ice Fang|p1b: Lurantis\n|-supereffective|p1b: Lurantis\n|-damage|p1b: Lurantis|10\/100\n|-activate|p2b: Conkeldurr|confusion\n|move|p2b: Conkeldurr|Rock Slide|p1a: Braviary|[spread] p1a,p1b\n|-supereffective|p1a: Braviary\n|-damage|p1a: Braviary|38\/100\n|-damage|p1b: Lurantis|0 fnt\n|faint|p1b: Lurantis\n|\n|-damage|p2b: Conkeldurr|48\/100 brn|[from] brn\n|upkeep\n|turn|11\n|j| UsernameNotVisible\n|j| Rodriguin_Gamer23\n|j| Legobff\n|c|\u2606Magatsu(S.Bisharp)|gg\n|\n|t:|1698798753\n|-activate|p2b: Conkeldurr|confusion\n|move|p2b: Conkeldurr|Mach Punch|p1a: Braviary\n|-damage|p1a: Braviary|10\/100\n|move|p1a: Braviary|Roost|p1a: Braviary\n|-heal|p1a: Braviary|60\/100\n|-singleturn|p1a: Braviary|move: Roost\n|move|p2a: Gumshoos|Ice Fang|p1a: Braviary\n|-damage|p1a: Braviary|15\/100\n|\n|-damage|p2b: Conkeldurr|42\/100 brn|[from] brn\n|upkeep\n|turn|12\n|c|\u2606chuache|gg\n|\n|t:|1698798764\n|-end|p2b: Conkeldurr|confusion\n|move|p2b: Conkeldurr|Mach Punch|p1a: Braviary\n|-damage|p1a: Braviary|0 fnt\n|faint|p1a: Braviary\n|\n|win|Magatsu(S.Bisharp)\n|n|\u2606chuache|chuache\n|n|\u2606Magatsu(S.Bisharp)|magatsusbisharp\n|n|*Lady Monita \u263d|ladymonita\n|n| HEAVY-DUTY B0OTY|heavydutyb0oty\n|n| BigSilverBilver|bigsilverbilver\n|n| UsernameNotVisible|usernamenotvisible\n|n| Rodriguin_Gamer23|rodriguingamer23\n|n| Legobff|legobff\n","uploadtime":1698798765,"views":24,"p1id":"chuache","p2id":"magatsusbisharp","formatid":"gen9doublesou","rating":0,"private":0,"password":""}