{"id":"gen9doublesou-1993690951","p1":"Mr. Alola Tales","p2":"EkCantDrawLol","format":"[Gen 9] Doubles OU","log":"|j|\u2606Mr. Alola Tales\n|j|\u2606EkCantDrawLol\n|t:|1700346016\n|gametype|doubles\n|player|p1|Mr. Alola Tales|archer|1460\n|player|p2|EkCantDrawLol|skierf|1520\n|teamsize|p1|6\n|teamsize|p2|6\n|gen|9\n|tier|[Gen 9] Doubles OU\n|rated|\n|rule|Species Clause: Limit one of each Pok\u00e9mon\n|rule|OHKO Clause: OHKO moves are banned\n|rule|Evasion Moves Clause: Evasion moves are banned\n|rule|Gravity Sleep Clause: The combination of sleep-inducing moves with imperfect accuracy and Gravity or Gigantamax Orbeetle are banned\n|rule|Endless Battle Clause: Forcing endless battles is banned\n|rule|HP Percentage Mod: HP is shown in percentages\n|clearpoke\n|poke|p1|Landorus, M|\n|poke|p1|Tornadus, M|\n|poke|p1|Politoed, F|\n|poke|p1|Iron Hands|\n|poke|p1|Ursaluna, M|\n|poke|p1|Ogerpon-Wellspring, F|\n|poke|p2|Ogerpon-Hearthflame, F|\n|poke|p2|Kingambit, M|\n|poke|p2|Tornadus, M|\n|poke|p2|Flutter Mane|\n|poke|p2|Walking Wake|\n|poke|p2|Landorus-Therian, M|\n|teampreview\n|inactive|Battle timer is ON: inactive players will automatically lose when time's up. (requested by Mr. Alola Tales)\n|\n|t:|1700346056\n|start\n|switch|p1a: Tornadus|Tornadus, M|100\/100\n|switch|p1b: Iron Hands|Iron Hands|100\/100\n|switch|p2a: Flutter Mane|Flutter Mane, shiny|100\/100\n|switch|p2b: Tornadus|Tornadus, M, shiny|100\/100\n|-enditem|p2a: Flutter Mane|Booster Energy\n|-activate|p2a: Flutter Mane|ability: Protosynthesis|[fromitem]\n|-start|p2a: Flutter Mane|protosynthesisspe\n|turn|1\n|\n|t:|1700346073\n|-terastallize|p1a: Tornadus|Dark\n|move|p2b: Tornadus|Protect|p2b: Tornadus\n|-singleturn|p2b: Tornadus|Protect\n|move|p1b: Iron Hands|Fake Out|p2b: Tornadus\n|-activate|p2b: Tornadus|move: Protect\n|move|p2a: Flutter Mane|Moonblast|p1b: Iron Hands\n|-supereffective|p1b: Iron Hands\n|-damage|p1b: Iron Hands|41\/100\n|move|p1a: Tornadus|Dark Pulse|p2a: Flutter Mane\n|-crit|p2a: Flutter Mane\n|-damage|p2a: Flutter Mane|32\/100\n|\n|upkeep\n|turn|2\n|\n|t:|1700346091\n|move|p2a: Flutter Mane|Protect|p2a: Flutter Mane\n|-singleturn|p2a: Flutter Mane|Protect\n|move|p1a: Tornadus|Tailwind|p1a: Tornadus\n|-sidestart|p1: Mr. Alola Tales|move: Tailwind\n|move|p2b: Tornadus|Tailwind|p2b: Tornadus\n|-sidestart|p2: EkCantDrawLol|move: Tailwind\n|move|p1b: Iron Hands|Thunder Punch|p2a: Flutter Mane\n|-activate|p2a: Flutter Mane|move: Protect\n|\n|upkeep\n|turn|3\n|\n|t:|1700346116\n|switch|p1a: Politoed|Politoed, F, shiny|100\/100\n|-weather|RainDance|[from] ability: Drizzle|[of] p1a: Politoed\n|move|p2a: Flutter Mane|Moonblast|p1a: Politoed\n|-damage|p1a: Politoed|68\/100\n|-unboost|p1a: Politoed|spa|1\n|move|p2b: Tornadus|Bleakwind Storm|p1a: Politoed|[spread] p1a,p1b\n|-damage|p1a: Politoed|44\/100\n|-damage|p1b: Iron Hands|19\/100\n|move|p1b: Iron Hands|Thunder Punch|p2a: Flutter Mane\n|-damage|p2a: Flutter Mane|0 fnt\n|faint|p2a: Flutter Mane\n|-end|p2a: Flutter Mane|Protosynthesis|[silent]\n|\n|-weather|RainDance|[upkeep]\n|upkeep\n|\n|t:|1700346127\n|switch|p2a: Landorus|Landorus-Therian, M, shiny|100\/100\n|-ability|p2a: Landorus|Intimidate|boost\n|-unboost|p1a: Politoed|atk|1\n|-unboost|p1b: Iron Hands|atk|1\n|turn|4\n|\n|t:|1700346144\n|move|p1a: Politoed|Protect|p1a: Politoed\n|-singleturn|p1a: Politoed|Protect\n|move|p2a: Landorus|Rock Slide|p1a: Politoed|[spread] p1b\n|-activate|p1a: Politoed|move: Protect\n|-resisted|p1b: Iron Hands\n|-damage|p1b: Iron Hands|12\/100\n|move|p2b: Tornadus|Bleakwind Storm|p1a: Politoed|[spread] p1b\n|-activate|p1a: Politoed|move: Protect\n|-damage|p1b: Iron Hands|0 fnt\n|faint|p1b: Iron Hands\n|-end|p1b: Iron Hands|Quark Drive|[silent]\n|\n|-weather|RainDance|[upkeep]\n|upkeep\n|inactive|Mr. Alola Tales has 120 seconds left.\n|\n|t:|1700346166\n|switch|p1b: Ogerpon|Ogerpon-Wellspring, F|100\/100\n|turn|5\n|\n|t:|1700346184\n|-terastallize|p2b: Tornadus|Flying\n|move|p2a: Landorus|Rock Slide|p1b: Ogerpon|[spread] p1a,p1b\n|-crit|p1a: Politoed\n|-damage|p1a: Politoed|10\/100\n|-damage|p1b: Ogerpon|74\/100\n|move|p2b: Tornadus|Bleakwind Storm|p1b: Ogerpon|[spread] p1a,p1b\n|-supereffective|p1b: Ogerpon\n|-damage|p1a: Politoed|0 fnt\n|-damage|p1b: Ogerpon|0 fnt\n|faint|p1a: Politoed\n|faint|p1b: Ogerpon\n|\n|-weather|RainDance|[upkeep]\n|-sideend|p1: Mr. Alola Tales|move: Tailwind\n|-sideend|p2: EkCantDrawLol|move: Tailwind\n|upkeep\n|inactive|Mr. Alola Tales has 120 seconds left.\n|\n|t:|1700346204\n|switch|p1b: Landorus|Landorus, M|100\/100\n|switch|p1a: Tornadus|Tornadus, M, tera:Dark|100\/100\n|turn|6\n|\n|t:|1700346216\n|move|p2b: Tornadus|Tailwind|p2b: Tornadus\n|-sidestart|p2: EkCantDrawLol|move: Tailwind\n|move|p2a: Landorus|Rock Slide|p1b: Landorus|[spread] p1a\n|-miss|p2a: Landorus|p1b: Landorus\n|-damage|p1a: Tornadus|70\/100\n|move|p1a: Tornadus|Bleakwind Storm|p2a: Landorus|[spread] p2a,p2b\n|-damage|p2a: Landorus|48\/100\n|-damage|p2b: Tornadus|49\/100\n|move|p1b: Landorus|Weather Ball|p2a: Landorus\n|-supereffective|p2a: Landorus\n|-damage|p2a: Landorus|0 fnt\n|faint|p2a: Landorus\n|-damage|p1b: Landorus|91\/100|[from] item: Life Orb\n|\n|-weather|RainDance|[upkeep]\n|upkeep\n|\n|t:|1700346228\n|switch|p2a: Ogerpon|Ogerpon-Hearthflame, F|100\/100\n|-ability|p2a: Ogerpon|Mold Breaker\n|turn|7\n|\n|t:|1700346234\n|move|p1b: Landorus|Protect|p1b: Landorus\n|-singleturn|p1b: Landorus|Protect\n|move|p1a: Tornadus|Tailwind|p1a: Tornadus\n|-sidestart|p1: Mr. Alola Tales|move: Tailwind\n|move|p2b: Tornadus|Bleakwind Storm|p1a: Tornadus|[spread] p1a\n|-activate|p1b: Landorus|move: Protect\n|-damage|p1a: Tornadus|0 fnt\n|faint|p1a: Tornadus\n|move|p2a: Ogerpon|Horn Leech|p1b: Landorus\n|-activate|p1b: Landorus|move: Protect\n|\n|-weather|RainDance|[upkeep]\n|upkeep\n|\n|t:|1700346245\n|switch|p1a: Ursaluna|Ursaluna, M|100\/100\n|turn|8\n|\n|t:|1700346258\n|move|p2b: Tornadus|Bleakwind Storm|p1a: Ursaluna|[spread] p1a,p1b\n|-damage|p1a: Ursaluna|50\/100\n|-damage|p1b: Landorus|29\/100\n|move|p2a: Ogerpon|Swords Dance|p2a: Ogerpon\n|-boost|p2a: Ogerpon|atk|2\n|move|p1b: Landorus|Sandsear Storm|p2b: Tornadus|[spread] p2a\n|-immune|p2b: Tornadus\n|-damage|p2a: Ogerpon|36\/100\n|move|p1a: Ursaluna|Trailblaze|p2b: Tornadus\n|-resisted|p2b: Tornadus\n|-damage|p2b: Tornadus|35\/100\n|-boost|p1a: Ursaluna|spe|1\n|\n|-weather|RainDance|[upkeep]\n|-status|p1a: Ursaluna|brn|[from] item: Flame Orb\n|upkeep\n|turn|9\n|\n|t:|1700346278\n|move|p2a: Ogerpon|Spiky Shield|p2a: Ogerpon\n|-singleturn|p2a: Ogerpon|move: Protect\n|move|p2b: Tornadus|Bleakwind Storm|p1b: Landorus|[spread] p1a,p1b\n|-damage|p1a: Ursaluna|2\/100 brn\n|-damage|p1b: Landorus|0 fnt\n|faint|p1b: Landorus\n|move|p1a: Ursaluna|Facade|p2a: Ogerpon\n|-activate|p2a: Ogerpon|move: Protect\n|-damage|p1a: Ursaluna|0 fnt|[from] Spiky Shield|[of] p2a: Ogerpon\n|faint|p1a: Ursaluna\n|\n|win|EkCantDrawLol\n|raw|Mr. Alola Tales's rating: 1460 &rarr; <strong>1443<\/strong><br \/>(-17 for losing)\n|raw|EkCantDrawLol's rating: 1520 &rarr; <strong>1537<\/strong><br \/>(+17 for winning)\n|l|\u2606Mr. Alola Tales\n","uploadtime":1700346291,"views":9,"p1id":"mralolatales","p2id":"ekcantdrawlol","formatid":"gen9doublesou","rating":1443,"private":0,"password":""}