{"id":"gen9doublesou-1993951143","p1":"kittyredheart","p2":"OPieceOfHeroGhost","format":"[Gen 9] Doubles OU","log":"|j|\u2606kittyredheart\n|j|\u2606OPieceOfHeroGhost\n|t:|1700381438\n|gametype|doubles\n|player|p1|kittyredheart|elesa|1346\n|player|p2|OPieceOfHeroGhost|morty|1523\n|teamsize|p1|6\n|teamsize|p2|6\n|gen|9\n|tier|[Gen 9] Doubles OU\n|rated|\n|rule|Species Clause: Limit one of each Pok\u00e9mon\n|rule|OHKO Clause: OHKO moves are banned\n|rule|Evasion Moves Clause: Evasion moves are banned\n|rule|Gravity Sleep Clause: The combination of sleep-inducing moves with imperfect accuracy and Gravity or Gigantamax Orbeetle are banned\n|rule|Endless Battle Clause: Forcing endless battles is banned\n|rule|HP Percentage Mod: HP is shown in percentages\n|clearpoke\n|poke|p1|Landorus-Therian, M|\n|poke|p1|Milotic, F|\n|poke|p1|Jirachi|\n|poke|p1|Grimmsnarl, M|\n|poke|p1|Chien-Pao|\n|poke|p1|Espathra, M|\n|poke|p2|Heatran, F|\n|poke|p2|Rillaboom, F|\n|poke|p2|Flutter Mane|\n|poke|p2|Chien-Pao|\n|poke|p2|Iron Hands|\n|poke|p2|Landorus-Therian, M|\n|teampreview\n|inactive|Battle timer is ON: inactive players will automatically lose when time's up. (requested by kittyredheart)\n|c|\u2606OPieceOfHeroGhost|wait second\n|\n|t:|1700381459\n|start\n|switch|p1a: Chicky Wicky|Grimmsnarl, M, shiny|100\/100\n|switch|p1b: Iron Fangs|Chien-Pao|100\/100\n|switch|p2a: \u62cd\u6253\u7329|Rillaboom, F|100\/100\n|switch|p2b: \u571f\u732b\u8e29\u6211|Landorus-Therian, M|100\/100\n|-ability|p2b: \u571f\u732b\u8e29\u6211|Intimidate|boost\n|-unboost|p1a: Chicky Wicky|atk|1\n|-unboost|p1b: Iron Fangs|atk|1\n|-ability|p1b: Iron Fangs|Sword of Ruin\n|-fieldstart|move: Grassy Terrain|[from] ability: Grassy Surge|[of] p2a: \u62cd\u6253\u7329\n|turn|1\n|\n|t:|1700381480\n|switch|p1b: Cloud Terra|Landorus-Therian, M|100\/100\n|-ability|p1b: Cloud Terra|Intimidate|boost\n|-unboost|p2a: \u62cd\u6253\u7329|atk|1\n|-unboost|p2b: \u571f\u732b\u8e29\u6211|atk|1\n|move|p2a: \u62cd\u6253\u7329|Fake Out|p1a: Chicky Wicky\n|-damage|p1a: Chicky Wicky|91\/100\n|cant|p1a: Chicky Wicky|flinch\n|move|p2b: \u571f\u732b\u8e29\u6211|U-turn|p1b: Cloud Terra\n|-resisted|p1b: Cloud Terra\n|-damage|p1b: Cloud Terra|89\/100\n|-enditem|p1b: Cloud Terra|Eject Button\n|\n|t:|1700381499\n|switch|p1b: Espathra|Espathra, M|100\/100\n|\n|-heal|p1a: Chicky Wicky|97\/100|[from] Grassy Terrain\n|upkeep\n|turn|2\n|\n|t:|1700381517\n|move|p1b: Espathra|Protect|p1b: Espathra\n|-singleturn|p1b: Espathra|Protect\n|move|p2a: \u62cd\u6253\u7329|Grassy Glide|p1a: Chicky Wicky\n|-damage|p1a: Chicky Wicky|64\/100\n|move|p1a: Chicky Wicky|Thunder Wave|p2a: \u62cd\u6253\u7329\n|-status|p2a: \u62cd\u6253\u7329|par\n|move|p2b: \u571f\u732b\u8e29\u6211|U-turn|p1a: Chicky Wicky\n|-damage|p1a: Chicky Wicky|45\/100\n|\n|t:|1700381532\n|switch|p2b: ku\ud83d\udcb0\u70ae|Chien-Pao|100\/100|[from] U-turn\n|-ability|p2b: ku\ud83d\udcb0\u70ae|Sword of Ruin\n|\n|-heal|p1a: Chicky Wicky|51\/100|[from] Grassy Terrain\n|-ability|p1b: Espathra|Speed Boost|boost\n|-boost|p1b: Espathra|spe|1\n|upkeep\n|turn|3\n|inactive|kittyredheart has 120 seconds left.\n|\n|t:|1700381583\n|switch|p1b: Cloud Terra|Landorus-Therian, M|89\/100\n|-ability|p1b: Cloud Terra|Intimidate|boost\n|-unboost|p2a: \u62cd\u6253\u7329|atk|1\n|-unboost|p2b: ku\ud83d\udcb0\u70ae|atk|1\n|move|p2b: ku\ud83d\udcb0\u70ae|Icicle Crash|p1a: Chicky Wicky\n|-damage|p1a: Chicky Wicky|8\/100\n|move|p1a: Chicky Wicky|Spirit Break|p2b: ku\ud83d\udcb0\u70ae\n|-supereffective|p2b: ku\ud83d\udcb0\u70ae\n|-damage|p2b: ku\ud83d\udcb0\u70ae|55\/100\n|-unboost|p2b: ku\ud83d\udcb0\u70ae|spa|1\n|move|p2a: \u62cd\u6253\u7329|U-turn|p1b: Cloud Terra\n|-resisted|p1b: Cloud Terra\n|-damage|p1b: Cloud Terra|80\/100\n|\n|t:|1700381598\n|switch|p2a: \u571f\u732b\u8e29\u6211|Landorus-Therian, M|100\/100|[from] U-turn\n|-ability|p2a: \u571f\u732b\u8e29\u6211|Intimidate|boost\n|-unboost|p1a: Chicky Wicky|atk|1\n|-unboost|p1b: Cloud Terra|atk|1\n|\n|-heal|p2b: ku\ud83d\udcb0\u70ae|61\/100|[from] Grassy Terrain\n|-heal|p1a: Chicky Wicky|14\/100|[from] Grassy Terrain\n|upkeep\n|turn|4\n|inactive|kittyredheart has 120 seconds left.\n|\n|t:|1700381620\n|switch|p1b: Iron Wish|Jirachi|100\/100\n|move|p2b: ku\ud83d\udcb0\u70ae|Protect|p2b: ku\ud83d\udcb0\u70ae\n|-singleturn|p2b: ku\ud83d\udcb0\u70ae|Protect\n|move|p1a: Chicky Wicky|Parting Shot|p2a: \u571f\u732b\u8e29\u6211\n|-unboost|p2a: \u571f\u732b\u8e29\u6211|atk|1\n|-unboost|p2a: \u571f\u732b\u8e29\u6211|spa|1\n|\n|t:|1700381629\n|switch|p1a: Cloud Terra|Landorus-Therian, M|80\/100|[from] Parting Shot\n|-ability|p1a: Cloud Terra|Intimidate|boost\n|-unboost|p2a: \u571f\u732b\u8e29\u6211|atk|1\n|-unboost|p2b: ku\ud83d\udcb0\u70ae|atk|1\n|move|p2a: \u571f\u732b\u8e29\u6211|Rock Slide|p1a: Cloud Terra|[spread] p1a,p1b\n|-resisted|p1b: Iron Wish\n|-crit|p1b: Iron Wish\n|-damage|p1a: Cloud Terra|63\/100\n|-damage|p1b: Iron Wish|84\/100\n|\n|-heal|p2b: ku\ud83d\udcb0\u70ae|67\/100|[from] Grassy Terrain\n|-heal|p1b: Iron Wish|91\/100|[from] Grassy Terrain\n|-heal|p1b: Iron Wish|97\/100|[from] item: Leftovers\n|upkeep\n|turn|5\n|inactive|kittyredheart has 120 seconds left.\n|\n|t:|1700381656\n|switch|p2a: \u989d\u554a\uff01\u8150\u8680\u80c6\u6c41\uff01|Heatran, F|100\/100\n|switch|p2b: \u4f60\u62cd\u4e94\uff0c\u6211\u62cd\u516d\uff0c\u51fb\u638c\u5947\u88ad\u754f\u4e2a\u7f29|Iron Hands|100\/100\n|switch|p1a: Aqua Marine|Milotic, F|100\/100\n|move|p1b: Iron Wish|Fire Punch|p2b: \u4f60\u62cd\u4e94\uff0c\u6211\u62cd\u516d\uff0c\u51fb\u638c\u5947\u88ad\u754f\u4e2a\u7f29\n|-damage|p2b: \u4f60\u62cd\u4e94\uff0c\u6211\u62cd\u516d\uff0c\u51fb\u638c\u5947\u88ad\u754f\u4e2a\u7f29|89\/100\n|\n|-heal|p1b: Iron Wish|100\/100|[from] Grassy Terrain\n|-heal|p2b: \u4f60\u62cd\u4e94\uff0c\u6211\u62cd\u516d\uff0c\u51fb\u638c\u5947\u88ad\u754f\u4e2a\u7f29|95\/100|[from] Grassy Terrain\n|-fieldend|move: Grassy Terrain\n|upkeep\n|turn|6\n|\n|t:|1700381675\n|switch|p1b: Cloud Terra|Landorus-Therian, M|63\/100\n|-ability|p1b: Cloud Terra|Intimidate|boost\n|-unboost|p2a: \u989d\u554a\uff01\u8150\u8680\u80c6\u6c41\uff01|atk|1\n|-unboost|p2b: \u4f60\u62cd\u4e94\uff0c\u6211\u62cd\u516d\uff0c\u51fb\u638c\u5947\u88ad\u754f\u4e2a\u7f29|atk|1\n|-terastallize|p1a: Aqua Marine|Electric\n|move|p2b: \u4f60\u62cd\u4e94\uff0c\u6211\u62cd\u516d\uff0c\u51fb\u638c\u5947\u88ad\u754f\u4e2a\u7f29|Fake Out|p1b: Cloud Terra\n|-damage|p1b: Cloud Terra|52\/100\n|move|p1a: Aqua Marine|Coil|p1a: Aqua Marine\n|-boost|p1a: Aqua Marine|atk|1\n|-boost|p1a: Aqua Marine|def|1\n|-boost|p1a: Aqua Marine|accuracy|1\n|move|p2a: \u989d\u554a\uff01\u8150\u8680\u80c6\u6c41\uff01|Heat Wave|p1b: Cloud Terra|[spread] p1a\n|-miss|p2a: \u989d\u554a\uff01\u8150\u8680\u80c6\u6c41\uff01|p1b: Cloud Terra\n|-damage|p1a: Aqua Marine|75\/100\n|\n|upkeep\n|turn|7\n|inactive|OPieceOfHeroGhost has 120 seconds left.\n|\n|t:|1700381710\n|-end|p2b: \u4f60\u62cd\u4e94\uff0c\u6211\u62cd\u516d\uff0c\u51fb\u638c\u5947\u88ad\u754f\u4e2a\u7f29|Quark Drive|[silent]\n|switch|p2b: \u4f60\u53d1\u59d0\u6c38\u8fdc\u662f\u4f60\u53d1\u59d0|Flutter Mane|100\/100\n|-terastallize|p2a: \u989d\u554a\uff01\u8150\u8680\u80c6\u6c41\uff01|Grass\n|move|p1b: Cloud Terra|Stealth Rock|p2a: \u989d\u554a\uff01\u8150\u8680\u80c6\u6c41\uff01\n|-sidestart|p2: OPieceOfHeroGhost|move: Stealth Rock\n|move|p1a: Aqua Marine|Coil|p1a: Aqua Marine\n|-boost|p1a: Aqua Marine|atk|1\n|-boost|p1a: Aqua Marine|def|1\n|-boost|p1a: Aqua Marine|accuracy|1\n|move|p2a: \u989d\u554a\uff01\u8150\u8680\u80c6\u6c41\uff01|Earth Power|p1a: Aqua Marine\n|-supereffective|p1a: Aqua Marine\n|-damage|p1a: Aqua Marine|30\/100\n|\n|upkeep\n|turn|8\n|\n|t:|1700381736\n|move|p2b: \u4f60\u53d1\u59d0\u6c38\u8fdc\u662f\u4f60\u53d1\u59d0|Moonblast|p1a: Aqua Marine\n|-crit|p1a: Aqua Marine\n|-damage|p1a: Aqua Marine|0 fnt\n|faint|p1a: Aqua Marine\n|move|p1b: Cloud Terra|Rock Slide|p2a: \u989d\u554a\uff01\u8150\u8680\u80c6\u6c41\uff01|[spread] p2b\n|-miss|p1b: Cloud Terra|p2a: \u989d\u554a\uff01\u8150\u8680\u80c6\u6c41\uff01\n|-damage|p2b: \u4f60\u53d1\u59d0\u6c38\u8fdc\u662f\u4f60\u53d1\u59d0|61\/100\n|move|p2a: \u989d\u554a\uff01\u8150\u8680\u80c6\u6c41\uff01|Heat Wave|p1b: Cloud Terra\n|-damage|p1b: Cloud Terra|0 fnt\n|faint|p1b: Cloud Terra\n|\n|upkeep\n|inactive|kittyredheart has 120 seconds left.\n|\n|t:|1700381757\n|switch|p1b: Espathra|Espathra, M|100\/100\n|switch|p1a: Chicky Wicky|Grimmsnarl, M, shiny|14\/100\n|turn|9\n|\n|t:|1700381766\n|move|p2a: \u989d\u554a\uff01\u8150\u8680\u80c6\u6c41\uff01|Protect|p2a: \u989d\u554a\uff01\u8150\u8680\u80c6\u6c41\uff01\n|-singleturn|p2a: \u989d\u554a\uff01\u8150\u8680\u80c6\u6c41\uff01|Protect\n|move|p1a: Chicky Wicky|Thunder Wave|p2b: \u4f60\u53d1\u59d0\u6c38\u8fdc\u662f\u4f60\u53d1\u59d0\n|-status|p2b: \u4f60\u53d1\u59d0\u6c38\u8fdc\u662f\u4f60\u53d1\u59d0|par\n|move|p1b: Espathra|Calm Mind|p1b: Espathra\n|-boost|p1b: Espathra|spa|1\n|-boost|p1b: Espathra|spd|1\n|move|p2b: \u4f60\u53d1\u59d0\u6c38\u8fdc\u662f\u4f60\u53d1\u59d0|Moonblast|p1a: Chicky Wicky\n|-supereffective|p1a: Chicky Wicky\n|-damage|p1a: Chicky Wicky|0 fnt\n|faint|p1a: Chicky Wicky\n|\n|-ability|p1b: Espathra|Speed Boost|boost\n|-boost|p1b: Espathra|spe|1\n|upkeep\n|inactive|kittyredheart has 120 seconds left.\n|\n|t:|1700381784\n|switch|p1a: Iron Fangs|Chien-Pao|100\/100\n|-ability|p1a: Iron Fangs|Sword of Ruin\n|turn|10\n|\n|t:|1700381794\n|-end|p2b: \u4f60\u53d1\u59d0\u6c38\u8fdc\u662f\u4f60\u53d1\u59d0|Protosynthesis|[silent]\n|switch|p2b: \u571f\u732b\u8e29\u6211|Landorus-Therian, M|100\/100\n|-damage|p2b: \u571f\u732b\u8e29\u6211|88\/100|[from] Stealth Rock\n|-ability|p2b: \u571f\u732b\u8e29\u6211|Intimidate|boost\n|-unboost|p1a: Iron Fangs|atk|1\n|-unboost|p1b: Espathra|atk|1\n|move|p1b: Espathra|Lumina Crash|p2b: \u571f\u732b\u8e29\u6211\n|-damage|p2b: \u571f\u732b\u8e29\u6211|16\/100\n|-unboost|p2b: \u571f\u732b\u8e29\u6211|spd|2\n|move|p1a: Iron Fangs|Ice Spinner|p2a: \u989d\u554a\uff01\u8150\u8680\u80c6\u6c41\uff01\n|-supereffective|p2a: \u989d\u554a\uff01\u8150\u8680\u80c6\u6c41\uff01\n|-damage|p2a: \u989d\u554a\uff01\u8150\u8680\u80c6\u6c41\uff01|10\/100\n|move|p2a: \u989d\u554a\uff01\u8150\u8680\u80c6\u6c41\uff01|Heat Wave|p1b: Espathra|[spread] p1a,p1b\n|-supereffective|p1a: Iron Fangs\n|-damage|p1a: Iron Fangs|0 fnt\n|-damage|p1b: Espathra|66\/100\n|-status|p1b: Espathra|brn\n|faint|p1a: Iron Fangs\n|\n|-heal|p2a: \u989d\u554a\uff01\u8150\u8680\u80c6\u6c41\uff01|16\/100|[from] item: Leftovers\n|-damage|p1b: Espathra|60\/100 brn|[from] brn\n|-ability|p1b: Espathra|Speed Boost|boost\n|-boost|p1b: Espathra|spe|1\n|upkeep\n|\n|t:|1700381812\n|switch|p1a: Iron Wish|Jirachi|100\/100\n|turn|11\n|\n|t:|1700381824\n|switch|p2b: \u62cd\u6253\u7329|Rillaboom, F|100\/100 par\n|-damage|p2b: \u62cd\u6253\u7329|88\/100 par|[from] Stealth Rock\n|-fieldstart|move: Grassy Terrain|[from] ability: Grassy Surge|[of] p2b: \u62cd\u6253\u7329\n|move|p2a: \u989d\u554a\uff01\u8150\u8680\u80c6\u6c41\uff01|Protect|p2a: \u989d\u554a\uff01\u8150\u8680\u80c6\u6c41\uff01\n|-singleturn|p2a: \u989d\u554a\uff01\u8150\u8680\u80c6\u6c41\uff01|Protect\n|move|p1b: Espathra|Dazzling Gleam|p2b: \u62cd\u6253\u7329|[spread] p2b\n|-activate|p2a: \u989d\u554a\uff01\u8150\u8680\u80c6\u6c41\uff01|move: Protect\n|-damage|p2b: \u62cd\u6253\u7329|51\/100 par\n|move|p1a: Iron Wish|Cosmic Power|p1a: Iron Wish\n|-boost|p1a: Iron Wish|def|1\n|-boost|p1a: Iron Wish|spd|1\n|\n|-heal|p1b: Espathra|66\/100 brn|[from] Grassy Terrain\n|-heal|p2a: \u989d\u554a\uff01\u8150\u8680\u80c6\u6c41\uff01|22\/100|[from] Grassy Terrain\n|-heal|p2a: \u989d\u554a\uff01\u8150\u8680\u80c6\u6c41\uff01|29\/100|[from] item: Leftovers\n|-heal|p2b: \u62cd\u6253\u7329|57\/100 par|[from] Grassy Terrain\n|-damage|p1b: Espathra|60\/100 brn|[from] brn\n|-ability|p1b: Espathra|Speed Boost|boost\n|-boost|p1b: Espathra|spe|1\n|upkeep\n|turn|12\n|inactive|OPieceOfHeroGhost has 120 seconds left.\n|\n|t:|1700381855\n|move|p1b: Espathra|Protect|p1b: Espathra\n|-singleturn|p1b: Espathra|Protect\n|move|p2b: \u62cd\u6253\u7329|Fake Out|p1b: Espathra\n|-activate|p1b: Espathra|move: Protect\n|move|p1a: Iron Wish|Stored Power|p2a: \u989d\u554a\uff01\u8150\u8680\u80c6\u6c41\uff01\n|-damage|p2a: \u989d\u554a\uff01\u8150\u8680\u80c6\u6c41\uff01|11\/100\n|move|p2a: \u989d\u554a\uff01\u8150\u8680\u80c6\u6c41\uff01|Heat Wave|p1a: Iron Wish|[spread] p1a\n|-activate|p1b: Espathra|move: Protect\n|-supereffective|p1a: Iron Wish\n|-damage|p1a: Iron Wish|58\/100\n|\n|-heal|p1b: Espathra|66\/100 brn|[from] Grassy Terrain\n|-heal|p1a: Iron Wish|64\/100|[from] Grassy Terrain\n|-heal|p1a: Iron Wish|71\/100|[from] item: Leftovers\n|-heal|p2a: \u989d\u554a\uff01\u8150\u8680\u80c6\u6c41\uff01|17\/100|[from] Grassy Terrain\n|-heal|p2a: \u989d\u554a\uff01\u8150\u8680\u80c6\u6c41\uff01|24\/100|[from] item: Leftovers\n|-heal|p2b: \u62cd\u6253\u7329|64\/100 par|[from] Grassy Terrain\n|-damage|p1b: Espathra|60\/100 brn|[from] brn\n|-ability|p1b: Espathra|Speed Boost|boost\n|-boost|p1b: Espathra|spe|1\n|upkeep\n|turn|13\n|inactive|OPieceOfHeroGhost has 120 seconds left.\n|\n|t:|1700381882\n|move|p2a: \u989d\u554a\uff01\u8150\u8680\u80c6\u6c41\uff01|Protect|p2a: \u989d\u554a\uff01\u8150\u8680\u80c6\u6c41\uff01\n|-singleturn|p2a: \u989d\u554a\uff01\u8150\u8680\u80c6\u6c41\uff01|Protect\n|move|p1b: Espathra|Lumina Crash|p2b: \u62cd\u6253\u7329\n|-damage|p2b: \u62cd\u6253\u7329|1\/100 par\n|-unboost|p2b: \u62cd\u6253\u7329|spd|2\n|move|p1a: Iron Wish|Wish|p1a: Iron Wish\n|move|p2b: \u62cd\u6253\u7329|U-turn|p1b: Espathra\n|-supereffective|p1b: Espathra\n|-damage|p1b: Espathra|0 fnt\n|faint|p1b: Espathra\n|inactive|OPieceOfHeroGhost has 120 seconds left.\n|\n|t:|1700381896\n|switch|p2b: ku\ud83d\udcb0\u70ae|Chien-Pao|67\/100|[from] U-turn\n|-damage|p2b: ku\ud83d\udcb0\u70ae|42\/100|[from] Stealth Rock\n|-ability|p2b: ku\ud83d\udcb0\u70ae|Sword of Ruin\n|\n|-heal|p2b: ku\ud83d\udcb0\u70ae|48\/100|[from] Grassy Terrain\n|-heal|p1a: Iron Wish|77\/100|[from] Grassy Terrain\n|-heal|p1a: Iron Wish|83\/100|[from] item: Leftovers\n|-heal|p2a: \u989d\u554a\uff01\u8150\u8680\u80c6\u6c41\uff01|30\/100|[from] Grassy Terrain\n|-heal|p2a: \u989d\u554a\uff01\u8150\u8680\u80c6\u6c41\uff01|36\/100|[from] item: Leftovers\n|upkeep\n|turn|14\n|\n|t:|1700381912\n|move|p2b: ku\ud83d\udcb0\u70ae|Sucker Punch||[still]\n|-fail|p2b: ku\ud83d\udcb0\u70ae\n|move|p1a: Iron Wish|Cosmic Power|p1a: Iron Wish\n|-boost|p1a: Iron Wish|def|1\n|-boost|p1a: Iron Wish|spd|1\n|move|p2a: \u989d\u554a\uff01\u8150\u8680\u80c6\u6c41\uff01|Heat Wave|p1a: Iron Wish\n|-supereffective|p1a: Iron Wish\n|-damage|p1a: Iron Wish|44\/100\n|-status|p1a: Iron Wish|brn\n|\n|-heal|p1a: Iron Wish|93\/100 brn|[from] move: Wish|[wisher] Iron Wish\n|-heal|p2b: ku\ud83d\udcb0\u70ae|54\/100|[from] Grassy Terrain\n|-heal|p1a: Iron Wish|99\/100 brn|[from] Grassy Terrain\n|-heal|p1a: Iron Wish|100\/100 brn|[from] item: Leftovers\n|-heal|p2a: \u989d\u554a\uff01\u8150\u8680\u80c6\u6c41\uff01|42\/100|[from] Grassy Terrain\n|-heal|p2a: \u989d\u554a\uff01\u8150\u8680\u80c6\u6c41\uff01|49\/100|[from] item: Leftovers\n|-damage|p1a: Iron Wish|94\/100 brn|[from] brn\n|upkeep\n|turn|15\n|\n|t:|1700381925\n|move|p2b: ku\ud83d\udcb0\u70ae|Sacred Sword|p1a: Iron Wish\n|-damage|p1a: Iron Wish|61\/100 brn\n|move|p1a: Iron Wish|Wish|p1a: Iron Wish\n|move|p2a: \u989d\u554a\uff01\u8150\u8680\u80c6\u6c41\uff01|Heat Wave|p1a: Iron Wish\n|-supereffective|p1a: Iron Wish\n|-damage|p1a: Iron Wish|19\/100 brn\n|\n|-heal|p2b: ku\ud83d\udcb0\u70ae|60\/100|[from] Grassy Terrain\n|-heal|p1a: Iron Wish|25\/100 brn|[from] Grassy Terrain\n|-heal|p1a: Iron Wish|31\/100 brn|[from] item: Leftovers\n|-heal|p2a: \u989d\u554a\uff01\u8150\u8680\u80c6\u6c41\uff01|55\/100|[from] Grassy Terrain\n|-heal|p2a: \u989d\u554a\uff01\u8150\u8680\u80c6\u6c41\uff01|61\/100|[from] item: Leftovers\n|-damage|p1a: Iron Wish|25\/100 brn|[from] brn\n|-fieldend|move: Grassy Terrain\n|upkeep\n|turn|16\n|\n|t:|1700381939\n|move|p2b: ku\ud83d\udcb0\u70ae|Sacred Sword|p1a: Iron Wish\n|-damage|p1a: Iron Wish|0 fnt\n|faint|p1a: Iron Wish\n|\n|win|OPieceOfHeroGhost\n|raw|kittyredheart's rating: 1346 &rarr; <strong>1335<\/strong><br \/>(-11 for losing)\n|raw|OPieceOfHeroGhost's rating: 1523 &rarr; <strong>1534<\/strong><br \/>(+11 for winning)\n|l|\u2606kittyredheart\n|c|\u2606OPieceOfHeroGhost|revange\n|c|\u2606OPieceOfHeroGhost|23333\n|c|\u2606OPieceOfHeroGhost|tm\u590d\u4ec7\u771f\u5c3c\u739b\u723d\n|c|\u2606OPieceOfHeroGhost|\u53bb\u4f60\u5988\u7684\n|c|\u2606OPieceOfHeroGhost|\u57fa\u62c9\u7948\u8fd9\u4e48\u840c\u840c\u54d2\u7684\u7cbe\u7075\u600e\u4e48\u8fd9\u4e48\u810f\u554a\n|c|\u2606OPieceOfHeroGhost|md\u7b11\u6b7b\u7237\u4e86\n","uploadtime":1700381960,"views":10,"p1id":"kittyredheart","p2id":"opieceofheroghost","formatid":"gen9doublesou","rating":1335,"private":0,"password":""}