{"id":"gen9doublesou-1973170895","p1":"Ghastlypixie","p2":"jswann90","format":"[Gen 9] Doubles OU","log":"|j|\u2606Ghastlypixie\n|j|\u2606jswann90\n|t:|1697935476\n|gametype|doubles\n|player|p1|Ghastlypixie|plasmagruntf|1209\n|player|p2|jswann90|dancer|1203\n|teamsize|p1|6\n|teamsize|p2|6\n|gen|9\n|tier|[Gen 9] Doubles OU\n|rated|\n|rule|Species Clause: Limit one of each Pok\u00e9mon\n|rule|OHKO Clause: OHKO moves are banned\n|rule|Evasion Moves Clause: Evasion moves are banned\n|rule|Gravity Sleep Clause: The combination of sleep-inducing moves with imperfect accuracy and Gravity or Gigantamax Orbeetle are banned\n|rule|Endless Battle Clause: Forcing endless battles is banned\n|rule|HP Percentage Mod: HP is shown in percentages\n|clearpoke\n|poke|p1|Tornadus, M|\n|poke|p1|Chien-Pao|\n|poke|p1|Glimmora, F|\n|poke|p1|Dragonite, F|\n|poke|p1|Chi-Yu|\n|poke|p1|Dragapult, F|\n|poke|p2|Empoleon, M|\n|poke|p2|Rillaboom, F|\n|poke|p2|Arcanine-Hisui, F|\n|poke|p2|Gliscor, M|\n|poke|p2|Weezing-Galar, M|\n|poke|p2|Sinistcha|\n|teampreview\n|inactive|Battle timer is ON: inactive players will automatically lose when time's up. (requested by Ghastlypixie)\n|\n|t:|1697935484\n|start\n|switch|p1a: Glimmora|Glimmora, F, shiny|100\/100\n|switch|p1b: Dragapult|Dragapult, F, shiny|100\/100\n|switch|p2a: Weezing|Weezing-Galar, M|100\/100\n|switch|p2b: Gliscor|Gliscor, M|100\/100\n|-ability|p2a: Weezing|Neutralizing Gas\n|turn|1\n|\n|t:|1697935506\n|move|p2a: Weezing|Protect|p2a: Weezing\n|-singleturn|p2a: Weezing|Protect\n|move|p1b: Dragapult|Psychic Fangs|p2a: Weezing\n|-activate|p2a: Weezing|move: Protect\n|move|p2b: Gliscor|Toxic Spikes|p1b: Dragapult\n|-sidestart|p1: Ghastlypixie|move: Toxic Spikes\n|move|p1a: Glimmora|Stealth Rock|p2b: Gliscor\n|-sidestart|p2: jswann90|move: Stealth Rock\n|\n|-status|p2b: Gliscor|tox|[from] item: Toxic Orb\n|upkeep\n|turn|2\n|inactive|jswann90 has 120 seconds left.\n|\n|t:|1697935555\n|switch|p1a: Tornadus|Tornadus, M|100\/100\n|move|p1b: Dragapult|Psychic Fangs|p2a: Weezing\n|-supereffective|p2a: Weezing\n|-damage|p2a: Weezing|22\/100\n|-damage|p1b: Dragapult|84\/100|[from] item: Rocky Helmet|[of] p2a: Weezing\n|move|p2b: Gliscor|Earthquake|p1b: Dragapult|[spread] p2a,p1b\n|-immune|p1a: Tornadus\n|-supereffective|p2a: Weezing\n|-damage|p2a: Weezing|0 fnt\n|-damage|p1b: Dragapult|43\/100\n|faint|p2a: Weezing\n|-end|p2a: Weezing|ability: Neutralizing Gas\n|\n|upkeep\n|\n|t:|1697935568\n|switch|p2a: Arcanine|Arcanine-Hisui, F|100\/100\n|-damage|p2a: Arcanine|76\/100|[from] Stealth Rock\n|turn|3\n|inactive|jswann90 has 120 seconds left.\n|\n|t:|1697935581\n|switch|p1b: Glimmora|Glimmora, F, shiny|100\/100\n|-sideend|p1: Ghastlypixie|move: Toxic Spikes|[of] p1b: Glimmora\n|move|p1a: Tornadus|Protect|p1a: Tornadus\n|-singleturn|p1a: Tornadus|Protect\n|move|p2b: Gliscor|Poison Jab|p1b: Glimmora\n|-resisted|p1b: Glimmora\n|-damage|p1b: Glimmora|95\/100\n|-activate|p1b: Glimmora|ability: Toxic Debris\n|-sidestart|p2: jswann90|move: Toxic Spikes\n|move|p2a: Arcanine|Wild Charge|p1a: Tornadus\n|-activate|p1a: Tornadus|move: Protect\n|\n|upkeep\n|turn|4\n|\n|t:|1697935601\n|switch|p2b: Empoleon|Empoleon, M|100\/100\n|-damage|p2b: Empoleon|94\/100|[from] Stealth Rock\n|switch|p1a: Dragapult|Dragapult, F, shiny|43\/100\n|move|p2a: Arcanine|Rock Slide|p1a: Dragapult|[spread] p1b\n|-miss|p2a: Arcanine|p1a: Dragapult\n|-damage|p1b: Glimmora|70\/100\n|-activate|p1b: Glimmora|ability: Toxic Debris\n|-sidestart|p2: jswann90|move: Toxic Spikes\n|cant|p1b: Glimmora|flinch\n|\n|-heal|p2b: Empoleon|100\/100|[from] item: Leftovers\n|upkeep\n|turn|5\n|inactive|jswann90 has 120 seconds left.\n|\n|t:|1697935632\n|move|p1b: Glimmora|Spiky Shield|p1b: Glimmora\n|-singleturn|p1b: Glimmora|move: Protect\n|move|p1a: Dragapult|Phantom Force||[still]\n|-prepare|p1a: Dragapult|Phantom Force\n|move|p2a: Arcanine|Rock Slide|p1a: Dragapult|[spread] \n|-miss|p2a: Arcanine|p1a: Dragapult\n|-activate|p1b: Glimmora|move: Protect\n|move|p2b: Empoleon|Flip Turn|p1b: Glimmora\n|-activate|p1b: Glimmora|move: Protect\n|-damage|p2b: Empoleon|88\/100|[from] Spiky Shield|[of] p1b: Glimmora\n|\n|-heal|p2b: Empoleon|94\/100|[from] item: Leftovers\n|upkeep\n|turn|6\n|inactive|jswann90 has 120 seconds left.\n|\n|t:|1697935658\n|move|p1a: Dragapult|Phantom Force|p2a: Arcanine|[from]lockedmove\n|-damage|p2a: Arcanine|0 fnt\n|faint|p2a: Arcanine\n|move|p1b: Glimmora|Stealth Rock||[still]\n|-fail|p1b: Glimmora\n|move|p2b: Empoleon|Ice Beam|p1b: Glimmora\n|-damage|p1b: Glimmora|35\/100\n|\n|-heal|p2b: Empoleon|100\/100|[from] item: Leftovers\n|upkeep\n|inactive|jswann90 has 120 seconds left.\n|\n|t:|1697935668\n|switch|p2a: Gliscor|Gliscor, M|100\/100 tox\n|-damage|p2a: Gliscor|88\/100 tox|[from] Stealth Rock\n|turn|7\n|inactive|jswann90 has 120 seconds left.\n|\n|t:|1697935726\n|switch|p2b: Sinistcha|Sinistcha|100\/100\n|-damage|p2b: Sinistcha|88\/100|[from] Stealth Rock\n|-status|p2b: Sinistcha|tox\n|-heal|p2a: Gliscor|100\/100 tox|[from] ability: Hospitality|[of] p2b: Sinistcha\n|move|p1b: Glimmora|Spiky Shield|p1b: Glimmora\n|-singleturn|p1b: Glimmora|move: Protect\n|move|p1a: Dragapult|Phantom Force||[still]\n|-prepare|p1a: Dragapult|Phantom Force\n|move|p2a: Gliscor|Earthquake|p1b: Glimmora|[spread] p2b\n|-miss|p2a: Gliscor|p1a: Dragapult\n|-activate|p1b: Glimmora|move: Protect\n|-resisted|p2b: Sinistcha\n|-damage|p2b: Sinistcha|74\/100 tox\n|\n|-damage|p2b: Sinistcha|68\/100 tox|[from] psn\n|upkeep\n|turn|8\n|inactive|jswann90 has 90 seconds left.\n|\n|t:|1697935767\n|move|p2a: Gliscor|Protect|p2a: Gliscor\n|-singleturn|p2a: Gliscor|Protect\n|move|p1a: Dragapult|Phantom Force|p2b: Sinistcha|[from]lockedmove\n|-supereffective|p2b: Sinistcha\n|-damage|p2b: Sinistcha|0 fnt\n|faint|p2b: Sinistcha\n|move|p1b: Glimmora|Spikes|p2a: Gliscor\n|-sidestart|p2: jswann90|Spikes\n|\n|upkeep\n|\n|t:|1697935780\n|switch|p2b: Empoleon|Empoleon, M|100\/100\n|-damage|p2b: Empoleon|94\/100|[from] Stealth Rock\n|-damage|p2b: Empoleon|82\/100|[from] Spikes\n|turn|9\n|inactive|jswann90 has 90 seconds left.\n|\n|t:|1697935805\n|switch|p1b: Tornadus|Tornadus, M|100\/100\n|move|p2b: Empoleon|Aqua Jet|p1b: Tornadus\n|-damage|p1b: Tornadus|86\/100\n|move|p1a: Dragapult|Phantom Force||[still]\n|-prepare|p1a: Dragapult|Phantom Force\n|move|p2a: Gliscor|Poison Jab|p1a: Dragapult|[miss]\n|-miss|p2a: Gliscor|p1a: Dragapult\n|\n|-heal|p2b: Empoleon|88\/100|[from] item: Leftovers\n|upkeep\n|turn|10\n|inactive|jswann90 has 90 seconds left.\n|\n|t:|1697935836\n|move|p1b: Tornadus|Tailwind|p1b: Tornadus\n|-sidestart|p1: Ghastlypixie|move: Tailwind\n|move|p1a: Dragapult|Phantom Force|p2b: Empoleon|[from]lockedmove\n|-damage|p2b: Empoleon|25\/100\n|move|p2a: Gliscor|Poison Jab|p1b: Tornadus\n|-damage|p1b: Tornadus|55\/100\n|move|p2b: Empoleon|Flip Turn|p1b: Tornadus\n|-damage|p1b: Tornadus|32\/100\n|\n|t:|1697935846\n|switch|p2b: Rillaboom|Rillaboom, F|100\/100|[from] Flip Turn\n|-damage|p2b: Rillaboom|88\/100|[from] Stealth Rock\n|-status|p2b: Rillaboom|tox\n|-damage|p2b: Rillaboom|76\/100 tox|[from] Spikes\n|-fieldstart|move: Grassy Terrain|[from] ability: Grassy Surge|[of] p2b: Rillaboom\n|\n|-heal|p1a: Dragapult|49\/100|[from] Grassy Terrain\n|-heal|p2b: Rillaboom|82\/100 tox|[from] Grassy Terrain\n|-damage|p2b: Rillaboom|76\/100 tox|[from] psn\n|upkeep\n|turn|11\n|inactive|jswann90 has 90 seconds left.\n|\n|t:|1697935865\n|move|p2b: Rillaboom|Fake Out|p1a: Dragapult\n|-immune|p1a: Dragapult\n|move|p1a: Dragapult|Phantom Force||[still]\n|-prepare|p1a: Dragapult|Phantom Force\n|move|p1b: Tornadus|Bleakwind Storm|p2a: Gliscor|[spread] p2b\n|-miss|p1b: Tornadus|p2a: Gliscor\n|-supereffective|p2b: Rillaboom\n|-damage|p2b: Rillaboom|0 fnt\n|faint|p2b: Rillaboom\n|move|p2a: Gliscor|Poison Jab|p1a: Dragapult|[miss]\n|-miss|p2a: Gliscor|p1a: Dragapult\n|\n|upkeep\n|\n|t:|1697935875\n|switch|p2b: Empoleon|Empoleon, M|25\/100\n|-damage|p2b: Empoleon|19\/100|[from] Stealth Rock\n|-damage|p2b: Empoleon|6\/100|[from] Spikes\n|turn|12\n|\n|t:|1697935888\n|-terastallize|p1b: Tornadus|Flying\n|move|p1a: Dragapult|Phantom Force|p2a: Gliscor|[from]lockedmove\n|-damage|p2a: Gliscor|34\/100 tox\n|move|p1b: Tornadus|Bleakwind Storm|p2a: Gliscor|[spread] p2a\n|-miss|p1b: Tornadus|p2b: Empoleon\n|-damage|p2a: Gliscor|0 fnt\n|faint|p2a: Gliscor\n|move|p2b: Empoleon|Ice Beam|p1b: Tornadus\n|-supereffective|p1b: Tornadus\n|-damage|p1b: Tornadus|0 fnt\n|faint|p1b: Tornadus\n|\n|-heal|p1a: Dragapult|55\/100|[from] Grassy Terrain\n|-heal|p2b: Empoleon|13\/100|[from] Grassy Terrain\n|-heal|p2b: Empoleon|19\/100|[from] item: Leftovers\n|upkeep\n|\n|t:|1697935904\n|switch|p1b: Chien-Pao|Chien-Pao|100\/100\n|-ability|p1b: Chien-Pao|Sword of Ruin\n|turn|13\n|\n|t:|1697935912\n|move|p1a: Dragapult|Phantom Force||[still]\n|-prepare|p1a: Dragapult|Phantom Force\n|move|p1b: Chien-Pao|Sacred Sword|p2b: Empoleon\n|-supereffective|p2b: Empoleon\n|-damage|p2b: Empoleon|0 fnt\n|faint|p2b: Empoleon\n|\n|win|Ghastlypixie\n|raw|Ghastlypixie's rating: 1209 &rarr; <strong>1234<\/strong><br \/>(+25 for winning)\n|raw|jswann90's rating: 1203 &rarr; <strong>1178<\/strong><br \/>(-25 for losing)\n","uploadtime":1697935921,"views":23,"p1id":"ghastlypixie","p2id":"jswann90","formatid":"gen9doublesou","rating":1178,"private":0,"password":""}