{"id":"gen9doublesou-1990627963","p1":"Blue Syrius","p2":"ihgftyujhvf","format":"[Gen 9] Doubles OU","log":"|j|\u2606Blue Syrius\n|j|\u2606ihgftyujhvf\n|t:|1699986943\n|gametype|doubles\n|player|p1|Blue Syrius|youngster-gen4dp|1089\n|player|p2|ihgftyujhvf|2|1000\n|teamsize|p1|6\n|teamsize|p2|6\n|gen|9\n|tier|[Gen 9] Doubles OU\n|rated|\n|rule|Species Clause: Limit one of each Pok\u00e9mon\n|rule|OHKO Clause: OHKO moves are banned\n|rule|Evasion Moves Clause: Evasion moves are banned\n|rule|Gravity Sleep Clause: The combination of sleep-inducing moves with imperfect accuracy and Gravity or Gigantamax Orbeetle are banned\n|rule|Endless Battle Clause: Forcing endless battles is banned\n|rule|HP Percentage Mod: HP is shown in percentages\n|clearpoke\n|poke|p1|Oranguru, F|\n|poke|p1|Diancie|\n|poke|p1|Grimmsnarl, M|\n|poke|p1|Arcanine-Hisui, M|\n|poke|p1|Flutter Mane|\n|poke|p1|Roaring Moon|\n|poke|p2|Flutter Mane|\n|poke|p2|Lilligant, F|\n|poke|p2|Torkoal, M|\n|poke|p2|Roaring Moon|\n|poke|p2|Dragonite, M|\n|poke|p2|Kingambit, M|\n|teampreview\n|\n|t:|1699986947\n|start\n|switch|p1a: Grimmsnarl|Grimmsnarl, M, shiny|100\/100\n|switch|p1b: Diancie|Diancie, shiny|100\/100\n|switch|p2a: Lilligant|Lilligant, F, shiny|100\/100\n|switch|p2b: Torkoal|Torkoal, M, shiny|100\/100\n|-weather|SunnyDay|[from] ability: Drought|[of] p2b: Torkoal\n|turn|1\n|inactive|Battle timer is ON: inactive players will automatically lose when time's up. (requested by Blue Syrius)\n|\n|t:|1699986960\n|move|p1a: Grimmsnarl|Light Screen|p1a: Grimmsnarl\n|-sidestart|p1: Blue Syrius|move: Light Screen\n|move|p2a: Lilligant|After You|p2b: Torkoal\n|-activate|p2b: Torkoal|move: After You\n|move|p2b: Torkoal|Eruption|p1a: Grimmsnarl|[spread] p1a,p1b\n|-resisted|p1b: Diancie\n|-damage|p1a: Grimmsnarl|71\/100\n|-damage|p1b: Diancie|85\/100\n|move|p1b: Diancie|Calm Mind|p1b: Diancie\n|-boost|p1b: Diancie|spa|1\n|-boost|p1b: Diancie|spd|1\n|\n|-weather|SunnyDay|[upkeep]\n|upkeep\n|turn|2\n|\n|t:|1699986990\n|move|p1a: Grimmsnarl|Thunder Wave|p2b: Torkoal\n|-status|p2b: Torkoal|par\n|move|p2a: Lilligant|Leaf Storm|p1b: Diancie\n|-supereffective|p1b: Diancie\n|-damage|p1b: Diancie|51\/100\n|-unboost|p2a: Lilligant|spa|2\n|move|p1b: Diancie|Calm Mind|p1b: Diancie\n|-boost|p1b: Diancie|spa|1\n|-boost|p1b: Diancie|spd|1\n|move|p2b: Torkoal|Lava Plume|p1a: Grimmsnarl|[spread] p2a,p1a,p1b\n|-supereffective|p2a: Lilligant\n|-resisted|p1b: Diancie\n|-damage|p2a: Lilligant|12\/100\n|-damage|p1a: Grimmsnarl|56\/100\n|-damage|p1b: Diancie|47\/100\n|-enditem|p1b: Diancie|Sitrus Berry|[eat]\n|-heal|p1b: Diancie|72\/100|[from] item: Sitrus Berry\n|\n|-weather|SunnyDay|[upkeep]\n|upkeep\n|turn|3\n|\n|t:|1699987010\n|move|p2a: Lilligant|Helping Hand|p2b: Torkoal\n|-singleturn|p2b: Torkoal|Helping Hand|[of] p2a: Lilligant\n|move|p1a: Grimmsnarl|Reflect|p1a: Grimmsnarl\n|-sidestart|p1: Blue Syrius|Reflect\n|move|p1b: Diancie|Iron Defense|p1b: Diancie\n|-boost|p1b: Diancie|def|2\n|move|p2b: Torkoal|Lava Plume|p1b: Diancie|[spread] p2a,p1a,p1b\n|-supereffective|p2a: Lilligant\n|-resisted|p1b: Diancie\n|-damage|p2a: Lilligant|0 fnt\n|-damage|p1a: Grimmsnarl|29\/100\n|-damage|p1b: Diancie|65\/100\n|faint|p2a: Lilligant\n|\n|-weather|SunnyDay|[upkeep]\n|upkeep\n|\n|t:|1699987020\n|switch|p2a: Kingambit|Kingambit, M, shiny|100\/100\n|-activate|p2a: Kingambit|ability: Supreme Overlord\n|-start|p2a: Kingambit|fallen1|[silent]\n|turn|4\n|\n|t:|1699987036\n|move|p1a: Grimmsnarl|Parting Shot|p2b: Torkoal\n|-unboost|p2b: Torkoal|atk|1\n|-unboost|p2b: Torkoal|spa|1\n|\n|t:|1699987049\n|switch|p1a: Arcanine|Arcanine-Hisui, M, shiny|100\/100|[from] Parting Shot\n|-ability|p1a: Arcanine|Intimidate|boost\n|-unboost|p2a: Kingambit|atk|1\n|-unboost|p2b: Torkoal|atk|1\n|move|p2a: Kingambit|Brick Break|p1a: Arcanine\n|-sideend|p1: Blue Syrius|Reflect\n|-sideend|p1: Blue Syrius|move: Light Screen\n|-supereffective|p1a: Arcanine\n|-damage|p1a: Arcanine|62\/100\n|move|p1b: Diancie|Substitute|p1b: Diancie\n|-start|p1b: Diancie|Substitute\n|-damage|p1b: Diancie|40\/100\n|cant|p2b: Torkoal|par\n|\n|-weather|SunnyDay|[upkeep]\n|upkeep\n|turn|5\n|\n|t:|1699987069\n|move|p1a: Arcanine|Flare Blitz|p2a: Kingambit\n|-supereffective|p2a: Kingambit\n|-damage|p2a: Kingambit|0 fnt\n|faint|p2a: Kingambit\n|-end|p2a: Kingambit|fallen1|[silent]\n|-damage|p1a: Arcanine|28\/100|[from] Recoil\n|-enditem|p1a: Arcanine|Sitrus Berry|[eat]\n|-heal|p1a: Arcanine|53\/100|[from] item: Sitrus Berry\n|move|p1b: Diancie|Baton Pass|p1b: Diancie\n|\n|t:|1699987077\n|switch|p1b: Oranguru|Oranguru, F|100\/100|[from] Baton Pass\n|cant|p2b: Torkoal|par\n|\n|-weather|none\n|upkeep\n|\n|t:|1699987085\n|switch|p2a: Roaring Moon|Roaring Moon, shiny|100\/100\n|turn|6\n|\n|t:|1699987108\n|switch|p1a: Grimmsnarl|Grimmsnarl, M, shiny|29\/100\n|switch|p2b: Dragonite|Dragonite, M, shiny|100\/100\n|move|p2a: Roaring Moon|Draco Meteor|p1a: Grimmsnarl\n|-immune|p1a: Grimmsnarl\n|move|p1b: Oranguru|Yawn|p2a: Roaring Moon\n|-start|p2a: Roaring Moon|move: Yawn|[of] p1b: Oranguru\n|\n|upkeep\n|turn|7\n|\n|t:|1699987125\n|switch|p2b: Torkoal|Torkoal, M, shiny|100\/100 par\n|-weather|SunnyDay|[from] ability: Drought|[of] p2b: Torkoal\n|-activate|p2a: Roaring Moon|ability: Protosynthesis\n|-start|p2a: Roaring Moon|protosynthesisatk\n|move|p1a: Grimmsnarl|Reflect|p1a: Grimmsnarl\n|-sidestart|p1: Blue Syrius|Reflect\n|move|p2a: Roaring Moon|U-turn|p1a: Grimmsnarl\n|-damage|p1a: Grimmsnarl|7\/100\n|\n|t:|1699987136\n|-end|p2a: Roaring Moon|Protosynthesis|[silent]\n|switch|p2a: Flutter Mane|Flutter Mane|100\/100|[from] U-turn\n|-activate|p2a: Flutter Mane|ability: Protosynthesis\n|-start|p2a: Flutter Mane|protosynthesisspa\n|move|p1b: Oranguru|Yawn||[still]\n|-fail|p1b: Oranguru\n|\n|-weather|SunnyDay|[upkeep]\n|upkeep\n|turn|8\n|\n|t:|1699987145\n|move|p1a: Grimmsnarl|Light Screen|p1a: Grimmsnarl\n|-sidestart|p1: Blue Syrius|move: Light Screen\n|move|p2a: Flutter Mane|Dazzling Gleam|p1b: Oranguru|[spread] p1a,p1b\n|-activate|p1b: Oranguru|move: Substitute|[damage]\n|-supereffective|p1a: Grimmsnarl\n|-damage|p1a: Grimmsnarl|0 fnt\n|faint|p1a: Grimmsnarl\n|move|p1b: Oranguru|Yawn|p2a: Flutter Mane\n|-start|p2a: Flutter Mane|move: Yawn|[of] p1b: Oranguru\n|cant|p2b: Torkoal|par\n|\n|-weather|SunnyDay|[upkeep]\n|upkeep\n|\n|t:|1699987164\n|switch|p1a: Roaring Moon|Roaring Moon|100\/100\n|-activate|p1a: Roaring Moon|ability: Protosynthesis\n|-start|p1a: Roaring Moon|protosynthesisatk\n|turn|9\n|\n|t:|1699987178\n|move|p1a: Roaring Moon|Earthquake|p2b: Torkoal|[spread] p2a,p2b\n|-activate|p1b: Oranguru|ability: Telepathy\n|-supereffective|p2b: Torkoal\n|-damage|p2a: Flutter Mane|40\/100\n|-damage|p2b: Torkoal|48\/100 par\n|move|p2a: Flutter Mane|Dazzling Gleam|p1a: Roaring Moon|[spread] p1a,p1b\n|-end|p1b: Oranguru|Substitute\n|-supereffective|p1a: Roaring Moon\n|-damage|p1a: Roaring Moon|0 fnt\n|faint|p1a: Roaring Moon\n|-end|p1a: Roaring Moon|Protosynthesis|[silent]\n|move|p1b: Oranguru|Instruct|p1: Roaring Moon|[notarget]\n|-fail|p1b: Oranguru\n|cant|p2b: Torkoal|par\n|\n|-weather|SunnyDay|[upkeep]\n|-end|p2a: Flutter Mane|move: Yawn|[silent]\n|-status|p2a: Flutter Mane|slp\n|upkeep\n|\n|t:|1699987193\n|switch|p1a: Flutter Mane|Flutter Mane|100\/100\n|-activate|p1a: Flutter Mane|ability: Protosynthesis\n|-start|p1a: Flutter Mane|protosynthesisspa\n|turn|10\n|\n|t:|1699987204\n|-end|p2a: Flutter Mane|Protosynthesis|[silent]\n|switch|p2a: Dragonite|Dragonite, M, shiny|100\/100\n|move|p1a: Flutter Mane|Dazzling Gleam|p2b: Torkoal|[spread] p2a,p2b\n|-supereffective|p2a: Dragonite\n|-resisted|p2b: Torkoal\n|-damage|p2a: Dragonite|58\/100\n|-damage|p2b: Torkoal|17\/100 par\n|move|p1b: Oranguru|Instruct|p1a: Flutter Mane\n|-singleturn|p1a: Flutter Mane|move: Instruct|[of] p1b: Oranguru\n|move|p1a: Flutter Mane|Dazzling Gleam|p2b: Torkoal|[spread] p2a,p2b\n|-supereffective|p2a: Dragonite\n|-resisted|p2b: Torkoal\n|-damage|p2a: Dragonite|0 fnt\n|-damage|p2b: Torkoal|0 fnt\n|faint|p2a: Dragonite\n|faint|p2b: Torkoal\n|\n|-weather|SunnyDay|[upkeep]\n|upkeep\n|\n|t:|1699987210\n|switch|p2a: Roaring Moon|Roaring Moon, shiny|100\/100\n|switch|p2b: Flutter Mane|Flutter Mane|40\/100 slp\n|-activate|p2b: Flutter Mane|ability: Protosynthesis\n|-start|p2b: Flutter Mane|protosynthesisspa\n|-activate|p2a: Roaring Moon|ability: Protosynthesis\n|-start|p2a: Roaring Moon|protosynthesisatk\n|turn|11\n|\n|t:|1699987225\n|-terastallize|p2a: Roaring Moon|Ground\n|move|p1a: Flutter Mane|Protect|p1a: Flutter Mane\n|-singleturn|p1a: Flutter Mane|Protect\n|cant|p2b: Flutter Mane|slp\n|move|p2a: Roaring Moon|Iron Head|p1a: Flutter Mane\n|-activate|p1a: Flutter Mane|move: Protect\n|move|p1b: Oranguru|Yawn|p2a: Roaring Moon\n|-start|p2a: Roaring Moon|move: Yawn|[of] p1b: Oranguru\n|\n|-weather|none\n|-end|p1a: Flutter Mane|Protosynthesis\n|-end|p2b: Flutter Mane|Protosynthesis\n|-end|p2a: Roaring Moon|Protosynthesis\n|upkeep\n|-enditem|p1a: Flutter Mane|Booster Energy\n|-activate|p1a: Flutter Mane|ability: Protosynthesis|[fromitem]\n|-start|p1a: Flutter Mane|protosynthesisspa\n|turn|12\n|\n|t:|1699987244\n|-terastallize|p1a: Flutter Mane|Ghost\n|move|p1a: Flutter Mane|Shadow Ball|p2a: Roaring Moon\n|-damage|p2a: Roaring Moon|50\/100\n|-unboost|p2a: Roaring Moon|spd|1\n|cant|p2b: Flutter Mane|slp\n|move|p2a: Roaring Moon|Iron Head|p1a: Flutter Mane\n|-damage|p1a: Flutter Mane|65\/100\n|move|p1b: Oranguru|Instruct|p1a: Flutter Mane\n|-singleturn|p1a: Flutter Mane|move: Instruct|[of] p1b: Oranguru\n|cant|p1a: Flutter Mane|flinch\n|\n|-end|p2a: Roaring Moon|move: Yawn|[silent]\n|-status|p2a: Roaring Moon|slp\n|upkeep\n|turn|13\n|\n|t:|1699987262\n|move|p1a: Flutter Mane|Shadow Ball|p2b: Flutter Mane\n|-supereffective|p2b: Flutter Mane\n|-damage|p2b: Flutter Mane|0 fnt\n|faint|p2b: Flutter Mane\n|-end|p2b: Flutter Mane|Protosynthesis|[silent]\n|cant|p2a: Roaring Moon|slp\n|move|p1b: Oranguru|Instruct|p1a: Flutter Mane\n|-singleturn|p1a: Flutter Mane|move: Instruct|[of] p1b: Oranguru\n|move|p1a: Flutter Mane|Shadow Ball|p2a: Roaring Moon\n|-damage|p2a: Roaring Moon|0 fnt\n|faint|p2a: Roaring Moon\n|-end|p2a: Roaring Moon|Protosynthesis|[silent]\n|\n|win|Blue Syrius\n|raw|Blue Syrius's rating: 1089 &rarr; <strong>1109<\/strong><br \/>(+20 for winning)\n|raw|ihgftyujhvf's rating: 1000 &rarr; <strong>1000<\/strong><br \/>(+0 for losing)\n|l|\u2606ihgftyujhvf\n","uploadtime":1699987275,"views":5,"p1id":"bluesyrius","p2id":"ihgftyujhvf","formatid":"gen9doublesou","rating":1000,"private":0,"password":""}