{"id":"gen9doublesou-1987710593","p1":"Carso","p2":"buddhist ameba","format":"[Gen 9] Doubles OU","log":"|j|\u2606Carso\n|j|\u2606buddhist ameba\n|t:|1699629875\n|gametype|doubles\n|player|p1|Carso|nate|1511\n|player|p2|buddhist ameba|266|1635\n|teamsize|p1|6\n|teamsize|p2|6\n|gen|9\n|tier|[Gen 9] Doubles OU\n|rated|\n|rule|Species Clause: Limit one of each Pok\u00e9mon\n|rule|OHKO Clause: OHKO moves are banned\n|rule|Evasion Moves Clause: Evasion moves are banned\n|rule|Gravity Sleep Clause: The combination of sleep-inducing moves with imperfect accuracy and Gravity or Gigantamax Orbeetle are banned\n|rule|Endless Battle Clause: Forcing endless battles is banned\n|rule|HP Percentage Mod: HP is shown in percentages\n|clearpoke\n|poke|p1|Fezandipiti, M|\n|poke|p1|Ogerpon-Hearthflame, F|\n|poke|p1|Weavile, F|\n|poke|p1|Basculegion-F, F|\n|poke|p1|Ursaluna, F|\n|poke|p1|Amoonguss, M|\n|poke|p2|Iron Hands|\n|poke|p2|Iron Bundle|\n|poke|p2|Chi-Yu|\n|poke|p2|Diancie|\n|poke|p2|Ninetales-Alola, M|\n|poke|p2|Heatran, F|\n|teampreview\n|inactive|Battle timer is ON: inactive players will automatically lose when time's up. (requested by buddhist ameba)\n|\n|t:|1699629892\n|start\n|switch|p1a: Ogerpon|Ogerpon-Hearthflame, F|100\/100\n|switch|p1b: Weavile|Weavile, F|100\/100\n|switch|p2a: Ninetales|Ninetales-Alola, M|100\/100\n|switch|p2b: Heatran|Heatran, F|100\/100\n|-ability|p1a: Ogerpon|Mold Breaker\n|-weather|Snow|[from] ability: Snow Warning|[of] p2a: Ninetales\n|turn|1\n|inactive|Carso has 120 seconds left.\n|inactive|Carso has 90 seconds left.\n|\n|t:|1699629963\n|move|p2a: Ninetales|Protect|p2a: Ninetales\n|-singleturn|p2a: Ninetales|Protect\n|move|p1b: Weavile|Fake Out|p2a: Ninetales\n|-activate|p2a: Ninetales|move: Protect\n|move|p1a: Ogerpon|Ivy Cudgel|p2a: Ninetales\n|-activate|p2a: Ninetales|move: Protect\n|move|p2b: Heatran|Heat Wave|p1a: Ogerpon|[spread] p1a\n|-miss|p2b: Heatran|p1b: Weavile\n|-damage|p1a: Ogerpon|53\/100\n|\n|-weather|Snow|[upkeep]\n|upkeep\n|turn|2\n|inactive|Carso has 90 seconds left.\n|\n|t:|1699629992\n|move|p1b: Weavile|Knock Off|p2b: Heatran\n|-crit|p2b: Heatran\n|-damage|p2b: Heatran|35\/100\n|-enditem|p2b: Heatran|Assault Vest|[from] move: Knock Off|[of] p1b: Weavile\n|move|p1a: Ogerpon|Ivy Cudgel|p2a: Ninetales\n|-supereffective|p2a: Ninetales\n|-damage|p2a: Ninetales|0 fnt\n|faint|p2a: Ninetales\n|move|p2b: Heatran|Heat Wave|p1a: Ogerpon|[spread] p1a,p1b\n|-supereffective|p1b: Weavile\n|-damage|p1a: Ogerpon|8\/100\n|-enditem|p1b: Weavile|Focus Sash\n|-damage|p1b: Weavile|1\/100\n|\n|-weather|Snow|[upkeep]\n|upkeep\n|\n|t:|1699630001\n|switch|p2a: Iron Hands|Iron Hands|100\/100\n|turn|3\n|\n|t:|1699630012\n|move|p2a: Iron Hands|Fake Out|p1b: Weavile\n|-damage|p1b: Weavile|0 fnt\n|faint|p1b: Weavile\n|move|p1a: Ogerpon|Ivy Cudgel|p2b: Heatran\n|-damage|p2b: Heatran|0 fnt\n|faint|p2b: Heatran\n|\n|-weather|Snow|[upkeep]\n|upkeep\n|inactive|Carso has 120 seconds left.\n|\n|t:|1699630027\n|switch|p1b: Amoonguss|Amoonguss, M|100\/100\n|switch|p2b: Iron Bundle|Iron Bundle|100\/100\n|-enditem|p2b: Iron Bundle|Booster Energy\n|-activate|p2b: Iron Bundle|ability: Quark Drive|[fromitem]\n|-start|p2b: Iron Bundle|quarkdrivespe\n|turn|4\n|inactive|buddhist ameba has 120 seconds left.\n|\n|t:|1699630062\n|move|p1a: Ogerpon|Spiky Shield|p1a: Ogerpon\n|-singleturn|p1a: Ogerpon|move: Protect\n|move|p2b: Iron Bundle|Icy Wind|p1a: Ogerpon|[spread] p1b\n|-activate|p1a: Ogerpon|move: Protect\n|-supereffective|p1b: Amoonguss\n|-damage|p1b: Amoonguss|63\/100\n|-unboost|p1b: Amoonguss|spe|1\n|move|p2a: Iron Hands|Swords Dance|p2a: Iron Hands\n|-boost|p2a: Iron Hands|atk|2\n|move|p1b: Amoonguss|Spore|p2b: Iron Bundle\n|-status|p2b: Iron Bundle|slp|[from] move: Spore\n|\n|-weather|Snow|[upkeep]\n|-heal|p1b: Amoonguss|69\/100|[from] item: Leftovers\n|upkeep\n|turn|5\n|\n|t:|1699630077\n|cant|p2b: Iron Bundle|slp\n|move|p1a: Ogerpon|Horn Leech|p2b: Iron Bundle\n|-supereffective|p2b: Iron Bundle\n|-damage|p2b: Iron Bundle|26\/100 slp\n|-heal|p1a: Ogerpon|39\/100|[from] drain|[of] p2b: Iron Bundle\n|move|p2a: Iron Hands|Drain Punch|p1a: Ogerpon\n|-damage|p1a: Ogerpon|0 fnt\n|faint|p1a: Ogerpon\n|move|p1b: Amoonguss|Spore|p2a: Iron Hands\n|-status|p2a: Iron Hands|slp|[from] move: Spore\n|\n|-weather|none\n|-heal|p1b: Amoonguss|75\/100|[from] item: Leftovers\n|upkeep\n|\n|t:|1699630087\n|switch|p1a: Ursaluna|Ursaluna, F|100\/100\n|turn|6\n|inactive|buddhist ameba has 120 seconds left.\n|\n|t:|1699630145\n|-curestatus|p2b: Iron Bundle|slp|[msg]\n|move|p2b: Iron Bundle|Freeze-Dry|p1b: Amoonguss\n|-supereffective|p1b: Amoonguss\n|-damage|p1b: Amoonguss|7\/100\n|cant|p2a: Iron Hands|slp\n|move|p1a: Ursaluna|Headlong Rush|p2a: Iron Hands\n|-supereffective|p2a: Iron Hands\n|-damage|p2a: Iron Hands|0 fnt\n|-unboost|p1a: Ursaluna|def|1\n|-unboost|p1a: Ursaluna|spd|1\n|faint|p2a: Iron Hands\n|-end|p2a: Iron Hands|Quark Drive|[silent]\n|move|p1b: Amoonguss|Giga Drain|p2b: Iron Bundle\n|-supereffective|p2b: Iron Bundle\n|-damage|p2b: Iron Bundle|0 fnt\n|-heal|p1b: Amoonguss|14\/100|[from] drain|[of] p2b: Iron Bundle\n|faint|p2b: Iron Bundle\n|-end|p2b: Iron Bundle|Quark Drive|[silent]\n|\n|-heal|p1b: Amoonguss|20\/100|[from] item: Leftovers\n|-status|p1a: Ursaluna|brn|[from] item: Flame Orb\n|upkeep\n|\n|t:|1699630154\n|switch|p2b: Diancie|Diancie|100\/100\n|switch|p2a: Chi-Yu|Chi-Yu|100\/100\n|-ability|p2a: Chi-Yu|Beads of Ruin\n|turn|7\n|\n|t:|1699630180\n|move|p1a: Ursaluna|Protect|p1a: Ursaluna\n|-singleturn|p1a: Ursaluna|Protect\n|move|p2a: Chi-Yu|Heat Wave|p1b: Amoonguss|[spread] p1b\n|-activate|p1a: Ursaluna|move: Protect\n|-supereffective|p1b: Amoonguss\n|-damage|p1b: Amoonguss|0 fnt\n|faint|p1b: Amoonguss\n|move|p2b: Diancie|Diamond Storm|p1a: Ursaluna\n|-activate|p1a: Ursaluna|move: Protect\n|\n|-damage|p1a: Ursaluna|94\/100 brn|[from] brn\n|upkeep\n|\n|t:|1699630186\n|switch|p1b: Fezandipiti|Fezandipiti, M|100\/100\n|turn|8\n|inactive|buddhist ameba has 120 seconds left.\n|\n|t:|1699630220\n|move|p2a: Chi-Yu|Heat Wave|p1b: Fezandipiti|[spread] p1a,p1b\n|-damage|p1a: Ursaluna|0 fnt\n|-damage|p1b: Fezandipiti|45\/100\n|faint|p1a: Ursaluna\n|move|p1b: Fezandipiti|Icy Wind|p2b: Diancie|[spread] p2a,p2b\n|-resisted|p2a: Chi-Yu\n|-damage|p2a: Chi-Yu|95\/100\n|-damage|p2b: Diancie|89\/100\n|-unboost|p2a: Chi-Yu|spe|1\n|move|p2b: Diancie|Diamond Storm|p1b: Fezandipiti\n|-damage|p1b: Fezandipiti|0 fnt\n|faint|p1b: Fezandipiti\n|\n|upkeep\n|\n|t:|1699630236\n|switch|p1b: Basculegion|Basculegion-F, F|100\/100\n|turn|9\n|\n|t:|1699630249\n|move|p1b: Basculegion|Wave Crash|p2b: Diancie\n|-supereffective|p2b: Diancie\n|-damage|p2b: Diancie|0 fnt\n|faint|p2b: Diancie\n|-damage|p1b: Basculegion|77\/100|[from] Recoil\n|move|p2a: Chi-Yu|Heat Wave|p1b: Basculegion\n|-resisted|p1b: Basculegion\n|-damage|p1b: Basculegion|16\/100\n|\n|upkeep\n|turn|10\n|\n|t:|1699630257\n|-terastallize|p2a: Chi-Yu|Grass\n|move|p1b: Basculegion|Wave Crash|p2a: Chi-Yu\n|-resisted|p2a: Chi-Yu\n|-damage|p2a: Chi-Yu|41\/100\n|-damage|p1b: Basculegion|4\/100|[from] Recoil\n|move|p2a: Chi-Yu|Heat Wave|p1b: Basculegion\n|-resisted|p1b: Basculegion\n|-damage|p1b: Basculegion|0 fnt\n|faint|p1b: Basculegion\n|\n|win|buddhist ameba\n|raw|Carso's rating: 1511 &rarr; <strong>1498<\/strong><br \/>(-13 for losing)\n|raw|buddhist ameba's rating: 1635 &rarr; <strong>1648<\/strong><br \/>(+13 for winning)\n|l|\u2606Carso\n","uploadtime":1699630325,"views":5,"p1id":"carso","p2id":"buddhistameba","formatid":"gen9doublesou","rating":1498,"private":0,"password":""}