{"id":"gen9doublesou-1970504514","p1":"JBERGEY13","p2":"Roku18","format":"[Gen 9] Doubles OU","log":"|j|\u2606JBERGEY13\n|j|\u2606Roku18\n|t:|1697644126\n|gametype|doubles\n|player|p1|JBERGEY13|preschooler|1150\n|player|p2|Roku18|nate|1158\n|teamsize|p1|6\n|teamsize|p2|6\n|gen|9\n|tier|[Gen 9] Doubles OU\n|rated|\n|rule|Species Clause: Limit one of each Pok\u00e9mon\n|rule|OHKO Clause: OHKO moves are banned\n|rule|Evasion Moves Clause: Evasion moves are banned\n|rule|Gravity Sleep Clause: The combination of sleep-inducing moves with imperfect accuracy and Gravity or Gigantamax Orbeetle are banned\n|rule|Endless Battle Clause: Forcing endless battles is banned\n|rule|HP Percentage Mod: HP is shown in percentages\n|clearpoke\n|poke|p1|Garganacl, M|\n|poke|p1|Rabsca, M|\n|poke|p1|Grafaiai, M|\n|poke|p1|Forretress, M|\n|poke|p1|Staraptor, F|\n|poke|p1|Golem-Alola, M|\n|poke|p2|Garganacl, M|\n|poke|p2|Grimmsnarl, M|\n|poke|p2|Ting-Lu|\n|poke|p2|Gyarados, F|\n|poke|p2|Wo-Chien|\n|poke|p2|Flutter Mane|\n|teampreview\n|inactive|Battle timer is ON: inactive players will automatically lose when time's up. (requested by JBERGEY13)\n|\n|t:|1697644136\n|start\n|switch|p1a: Staraptor|Staraptor, F|100\/100\n|switch|p1b: Golem|Golem-Alola, M|100\/100\n|switch|p2a: Garganacl|Garganacl, M, shiny|100\/100\n|switch|p2b: Grimmsnarl|Grimmsnarl, M|100\/100\n|turn|1\n|\n|t:|1697644160\n|move|p1a: Staraptor|Helping Hand|p1b: Golem\n|-singleturn|p1b: Golem|Helping Hand|[of] p1a: Staraptor\n|move|p2b: Grimmsnarl|Fake Out|p1b: Golem\n|-resisted|p1b: Golem\n|-damage|p1b: Golem|96\/100\n|cant|p1b: Golem|flinch\n|move|p2a: Garganacl|Salt Cure|p1a: Staraptor\n|-supereffective|p1a: Staraptor\n|-damage|p1a: Staraptor|65\/100\n|-start|p1a: Staraptor|Salt Cure\n|\n|-damage|p1a: Staraptor|52\/100|[from] Salt Cure\n|upkeep\n|turn|2\n|\n|t:|1697644184\n|move|p1a: Staraptor|Helping Hand|p1b: Golem\n|-singleturn|p1b: Golem|Helping Hand|[of] p1a: Staraptor\n|move|p2b: Grimmsnarl|Reflect|p2b: Grimmsnarl\n|-sidestart|p2: Roku18|Reflect\n|move|p1b: Golem|Explosion|p2a: Garganacl|[spread] p1a,p2a,p2b\n|-supereffective|p1a: Staraptor\n|-damage|p1a: Staraptor|0 fnt\n|-damage|p2a: Garganacl|22\/100\n|-damage|p2b: Grimmsnarl|1\/100\n|faint|p1b: Golem\n|faint|p1a: Staraptor\n|move|p2a: Garganacl|Salt Cure|p1: Staraptor|[notarget]\n|-fail|p2a: Garganacl\n|\n|-heal|p2a: Garganacl|28\/100|[from] item: Leftovers\n|upkeep\n|\n|t:|1697644197\n|switch|p1a: Forretress|Forretress, M|100\/100\n|switch|p1b: Grafaiai|Grafaiai, M|100\/100\n|turn|3\n|\n|t:|1697644211\n|-terastallize|p2a: Garganacl|Poison\n|move|p1b: Grafaiai|Protect|p1b: Grafaiai\n|-singleturn|p1b: Grafaiai|Protect\n|move|p2b: Grimmsnarl|Parting Shot|p1b: Grafaiai\n|-activate|p1b: Grafaiai|move: Protect\n|move|p1a: Forretress|Explosion|p2a: Garganacl|[spread] p2a,p2b\n|-activate|p1b: Grafaiai|move: Protect\n|-damage|p2a: Garganacl|12\/100\n|-damage|p2b: Grimmsnarl|0 fnt\n|faint|p1a: Forretress\n|faint|p2b: Grimmsnarl\n|move|p2a: Garganacl|Recover|p2a: Garganacl\n|-heal|p2a: Garganacl|62\/100\n|\n|-heal|p2a: Garganacl|69\/100|[from] item: Leftovers\n|upkeep\n|\n|t:|1697644230\n|switch|p2b: Wo-Chien|Wo-Chien|100\/100\n|switch|p1a: Rabsca|Rabsca, M|100\/100\n|-ability|p2b: Wo-Chien|Tablets of Ruin\n|turn|4\n|\n|t:|1697644242\n|move|p1b: Grafaiai|Copycat|p1b: Grafaiai\n|move|p1b: Grafaiai|Recover||[from]move: Copycat|[still]\n|-fail|p1b: Grafaiai|heal\n|move|p2b: Wo-Chien|Pollen Puff|p2a: Garganacl\n|-heal|p2a: Garganacl|100\/100\n|move|p2a: Garganacl|Salt Cure|p1a: Rabsca\n|-supereffective|p1a: Rabsca\n|-damage|p1a: Rabsca|75\/100\n|-start|p1a: Rabsca|Salt Cure\n|move|p1a: Rabsca|Trick Room|p1a: Rabsca\n|-fieldstart|move: Trick Room|[of] p1a: Rabsca\n|\n|-damage|p1a: Rabsca|62\/100|[from] Salt Cure\n|upkeep\n|turn|5\n|\n|t:|1697644267\n|move|p1a: Rabsca|Protect|p1a: Rabsca\n|-singleturn|p1a: Rabsca|Protect\n|move|p1b: Grafaiai|Parting Shot|p2a: Garganacl\n|-unboost|p2a: Garganacl|atk|1\n|-unboost|p2a: Garganacl|spa|1\n|\n|t:|1697644272\n|switch|p1b: Garganacl|Garganacl, M|100\/100|[from] Parting Shot\n|move|p2a: Garganacl|Salt Cure|p1b: Garganacl\n|-damage|p1b: Garganacl|95\/100\n|-start|p1b: Garganacl|Salt Cure\n|move|p2b: Wo-Chien|Leech Seed|p1b: Garganacl\n|-start|p1b: Garganacl|move: Leech Seed\n|\n|-damage|p1b: Garganacl|83\/100|[from] Leech Seed|[of] p2b: Wo-Chien\n|-damage|p1b: Garganacl|71\/100|[from] Salt Cure\n|-damage|p1a: Rabsca|50\/100|[from] Salt Cure\n|upkeep\n|turn|6\n|\n|t:|1697644303\n|switch|p2a: Ting-Lu|Ting-Lu|100\/100\n|-ability|p2a: Ting-Lu|Vessel of Ruin\n|-terastallize|p1b: Garganacl|Normal\n|move|p1b: Garganacl|Explosion|p2a: Ting-Lu|[spread] p2a,p2b\n|-activate|p1a: Rabsca|ability: Telepathy\n|-damage|p2a: Ting-Lu|69\/100\n|-damage|p2b: Wo-Chien|59\/100\n|faint|p1b: Garganacl\n|move|p1a: Rabsca|Revival Blessing|p1a: Rabsca\n|-enditem|p1a: Rabsca|Leppa Berry|[eat]\n|-activate|p1a: Rabsca|item: Leppa Berry|Revival Blessing|[consumed]\n|inactive|JBERGEY13 has 120 seconds left.\n|\n|t:|1697644317\n|-heal|p1: Garganacl|50\/100|[from] move: Revival Blessing\n|switch|p1b: Garganacl|Garganacl, M|50\/100\n|move|p2b: Wo-Chien|Leech Seed|p1a: Rabsca\n|-start|p1a: Rabsca|move: Leech Seed\n|\n|-damage|p1a: Rabsca|37\/100|[from] Leech Seed|[of] p2b: Wo-Chien\n|-heal|p2b: Wo-Chien|71\/100|[silent]\n|-damage|p1a: Rabsca|25\/100|[from] Salt Cure\n|upkeep\n|turn|7\n|-message|JBERGEY13 forfeited.\n|\n|win|Roku18\n|raw|JBERGEY13's rating: 1150 &rarr; <strong>1126<\/strong><br \/>(-24 for losing)\n|raw|Roku18's rating: 1158 &rarr; <strong>1182<\/strong><br \/>(+24 for winning)\n|l|\u2606JBERGEY13\n","uploadtime":1697644363,"views":33,"p1id":"jbergey13","p2id":"roku18","formatid":"gen9doublesou","rating":1126,"private":0,"password":""}