{"id":"gen9doublesou-1994050199","p1":"alicengmoon","p2":"defnotapenguin","format":"[Gen 9] Doubles OU","log":"|j|\u2606alicengmoon\n|j|\u2606defnotapenguin\n|t:|1700399923\n|gametype|doubles\n|player|p1|alicengmoon|cynthia|1000\n|player|p2|defnotapenguin|265|1081\n|teamsize|p1|6\n|teamsize|p2|6\n|gen|9\n|tier|[Gen 9] Doubles OU\n|rated|\n|rule|Species Clause: Limit one of each Pok\u00e9mon\n|rule|OHKO Clause: OHKO moves are banned\n|rule|Evasion Moves Clause: Evasion moves are banned\n|rule|Gravity Sleep Clause: The combination of sleep-inducing moves with imperfect accuracy and Gravity or Gigantamax Orbeetle are banned\n|rule|Endless Battle Clause: Forcing endless battles is banned\n|rule|HP Percentage Mod: HP is shown in percentages\n|clearpoke\n|poke|p1|Ceruledge, F|\n|poke|p1|Goodra-Hisui, M|\n|poke|p1|Milotic, F|\n|poke|p1|Meowscarada, M|\n|poke|p1|Chien-Pao|\n|poke|p1|Regieleki|\n|poke|p2|Amoonguss, F|\n|poke|p2|Flutter Mane|\n|poke|p2|Landorus-Therian, M|\n|poke|p2|Gholdengo|\n|poke|p2|Sinistcha-Masterpiece|\n|poke|p2|Chi-Yu|\n|teampreview\n|inactive|Battle timer is ON: inactive players will automatically lose when time's up. (requested by defnotapenguin)\n|\n|t:|1700399935\n|start\n|switch|p1a: Milotic|Milotic, F|100\/100\n|switch|p1b: Goodra|Goodra-Hisui, M|100\/100\n|switch|p2a: No awake 4 u|Amoonguss, F|100\/100\n|switch|p2b: Chi-Yu|Chi-Yu|100\/100\n|-ability|p2b: Chi-Yu|Beads of Ruin\n|turn|1\n|\n|t:|1700399952\n|-terastallize|p2b: Chi-Yu|Fire\n|move|p2a: No awake 4 u|Rage Powder|p2a: No awake 4 u\n|-singleturn|p2a: No awake 4 u|move: Rage Powder\n|move|p2b: Chi-Yu|Heat Wave|p1b: Goodra|[spread] p1a,p1b\n|-resisted|p1a: Milotic\n|-damage|p1a: Milotic|69\/100\n|-damage|p1b: Goodra|42\/100\n|move|p1a: Milotic|Scald|p2a: No awake 4 u\n|-resisted|p2a: No awake 4 u\n|-damage|p2a: No awake 4 u|85\/100\n|move|p1b: Goodra|Flamethrower|p2a: No awake 4 u\n|-supereffective|p2a: No awake 4 u\n|-damage|p2a: No awake 4 u|31\/100\n|-enditem|p2a: No awake 4 u|Sitrus Berry|[eat]\n|-heal|p2a: No awake 4 u|56\/100|[from] item: Sitrus Berry\n|\n|-heal|p1b: Goodra|48\/100|[from] item: Leftovers\n|upkeep\n|turn|2\n|inactive|defnotapenguin has 120 seconds left.\n|\n|t:|1700399986\n|switch|p2b: Sinistcha|Sinistcha-Masterpiece|100\/100\n|-heal|p2a: No awake 4 u|81\/100|[from] ability: Hospitality|[of] p2b: Sinistcha\n|switch|p1b: Ceruledge|Ceruledge, F|100\/100\n|move|p1a: Milotic|Scald|p2b: Sinistcha\n|-resisted|p2b: Sinistcha\n|-damage|p2b: Sinistcha|86\/100\n|move|p2a: No awake 4 u|Spore|p1a: Milotic\n|-status|p1a: Milotic|slp|[from] move: Spore\n|\n|upkeep\n|turn|3\n|inactive|defnotapenguin has 120 seconds left.\n|inactive|alicengmoon has 120 seconds left.\n|\n|t:|1700400031\n|switch|p1a: Chien-Pao|Chien-Pao|100\/100\n|-ability|p1a: Chien-Pao|Sword of Ruin\n|switch|p2a: Pls no kill :(|Landorus-Therian, M|100\/100\n|-ability|p2a: Pls no kill :(|Intimidate|boost\n|-unboost|p1a: Chien-Pao|atk|1\n|-unboost|p1b: Ceruledge|atk|1\n|move|p1b: Ceruledge|Bitter Blade|p2a: Pls no kill :(\n|-damage|p2a: Pls no kill :(|61\/100\n|move|p2b: Sinistcha|Matcha Gotcha|p1b: Ceruledge|[spread] p1a,p1b\n|-resisted|p1b: Ceruledge\n|-damage|p1a: Chien-Pao|52\/100\n|-heal|p2b: Sinistcha|100\/100|[from] drain|[of] p1a: Chien-Pao\n|-damage|p1b: Ceruledge|83\/100\n|\n|upkeep\n|turn|4\n|inactive|defnotapenguin has 120 seconds left.\n|\n|t:|1700400061\n|move|p1a: Chien-Pao|Icicle Crash|p2a: Pls no kill :(\n|-supereffective|p2a: Pls no kill :(\n|-damage|p2a: Pls no kill :(|0 fnt\n|faint|p2a: Pls no kill :(\n|move|p1b: Ceruledge|Bitter Blade|p2b: Sinistcha\n|-supereffective|p2b: Sinistcha\n|-damage|p2b: Sinistcha|28\/100\n|-heal|p1b: Ceruledge|100\/100|[from] drain|[of] p2b: Sinistcha\n|move|p2b: Sinistcha|Life Dew|p2b: Sinistcha\n|-heal|p2b: Sinistcha|53\/100\n|\n|upkeep\n|inactive|defnotapenguin has 90 seconds left.\n|\n|t:|1700400078\n|switch|p2a: Chi-Yu|Chi-Yu, tera:Fire|100\/100\n|-ability|p2a: Chi-Yu|Beads of Ruin\n|turn|5\n|\n|t:|1700400095\n|move|p2b: Sinistcha|Protect|p2b: Sinistcha\n|-singleturn|p2b: Sinistcha|Protect\n|move|p1a: Chien-Pao|Sucker Punch||[still]\n|-fail|p1a: Chien-Pao\n|move|p2a: Chi-Yu|Heat Wave|p1b: Ceruledge|[spread] p1a,p1b\n|-supereffective|p1a: Chien-Pao\n|-resisted|p1b: Ceruledge\n|-damage|p1a: Chien-Pao|0 fnt\n|-damage|p1b: Ceruledge|38\/100\n|faint|p1a: Chien-Pao\n|move|p1b: Ceruledge|Swords Dance|p1b: Ceruledge\n|-boost|p1b: Ceruledge|atk|2\n|\n|upkeep\n|\n|t:|1700400108\n|switch|p1a: Milotic|Milotic, F|69\/100 slp\n|turn|6\n|\n|t:|1700400118\n|move|p2a: Chi-Yu|Heat Wave|p1a: Milotic|[spread] p1a,p1b\n|-resisted|p1a: Milotic\n|-crit|p1a: Milotic\n|-resisted|p1b: Ceruledge\n|-damage|p1a: Milotic|21\/100 slp\n|-damage|p1b: Ceruledge|0 fnt\n|faint|p1b: Ceruledge\n|cant|p1a: Milotic|slp\n|move|p2b: Sinistcha|Matcha Gotcha|p1a: Milotic\n|-supereffective|p1a: Milotic\n|-damage|p1a: Milotic|0 fnt\n|-heal|p2b: Sinistcha|64\/100|[from] drain|[of] p1a: Milotic\n|faint|p1a: Milotic\n|\n|upkeep\n|\n|t:|1700400136\n|switch|p1b: Regieleki|Regieleki, shiny|100\/100\n|switch|p1a: Goodra|Goodra-Hisui, M|48\/100\n|turn|7\n|\n|t:|1700400149\n|switch|p2b: No support 4 u|Gholdengo|100\/100\n|move|p1b: Regieleki|Thunder|p2b: No support 4 u\n|-damage|p2b: No support 4 u|22\/100\n|move|p2a: Chi-Yu|Heat Wave|p1b: Regieleki|[spread] p1a,p1b\n|-damage|p1a: Goodra|0 fnt\n|-damage|p1b: Regieleki|0 fnt\n|faint|p1a: Goodra\n|faint|p1b: Regieleki\n|\n|upkeep\n|\n|t:|1700400161\n|switch|p1b: Meowscarada|Meowscarada, M|100\/100\n|turn|8\n|\n|t:|1700400171\n|move|p1b: Meowscarada|Play Rough|p2b: No support 4 u\n|-start|p1b: Meowscarada|typechange|Fairy|[from] ability: Protean\n|-resisted|p2b: No support 4 u\n|-damage|p2b: No support 4 u|0 fnt\n|faint|p2b: No support 4 u\n|move|p2a: Chi-Yu|Heat Wave|p1b: Meowscarada\n|-damage|p1b: Meowscarada|0 fnt\n|faint|p1b: Meowscarada\n|\n|win|defnotapenguin\n|raw|alicengmoon's rating: 1000 &rarr; <strong>1000<\/strong><br \/>(+0 for losing)\n|raw|defnotapenguin's rating: 1081 &rarr; <strong>1102<\/strong><br \/>(+21 for winning)\n|l|\u2606alicengmoon\n","uploadtime":1700400183,"views":7,"p1id":"alicengmoon","p2id":"defnotapenguin","formatid":"gen9doublesou","rating":1000,"private":0,"password":""}