{"id":"gen9doublesou-1984490083","p1":"BenioAda","p2":"FEARLESS PARROT","format":"[Gen 9] Doubles OU","log":"|j|\u2606BenioAda\n|j|\u2606FEARLESS PARROT\n|t:|1699271699\n|gametype|doubles\n|player|p1|BenioAda|2|\n|player|p2|FEARLESS PARROT|steven|\n|teamsize|p1|6\n|teamsize|p2|6\n|gen|9\n|tier|[Gen 9] Doubles OU\n|rule|Species Clause: Limit one of each Pok\u00e9mon\n|rule|OHKO Clause: OHKO moves are banned\n|rule|Evasion Moves Clause: Evasion moves are banned\n|rule|Gravity Sleep Clause: The combination of sleep-inducing moves with imperfect accuracy and Gravity or Gigantamax Orbeetle are banned\n|rule|Endless Battle Clause: Forcing endless battles is banned\n|rule|HP Percentage Mod: HP is shown in percentages\n|clearpoke\n|poke|p1|Shiftry, F|\n|poke|p1|Flutter Mane|\n|poke|p1|Ogerpon-Wellspring, F|\n|poke|p1|Heatran, M|\n|poke|p1|Amoonguss, M|\n|poke|p1|Kingambit, F|\n|poke|p2|Tornadus, M|\n|poke|p2|Arcanine-Hisui, F|\n|poke|p2|Iron Hands|\n|poke|p2|Dragapult, M|\n|poke|p2|Sinistcha|\n|poke|p2|Chien-Pao|\n|teampreview\n|inactive|Battle timer is ON: inactive players will automatically lose when time's up. (requested by FEARLESS PARROT)\n|\n|t:|1699271719\n|start\n|switch|p1a: Shiftry|Shiftry, F|100\/100\n|switch|p1b: Flutter Mane|Flutter Mane|100\/100\n|switch|p2a: .|Tornadus, M|100\/100\n|switch|p2b: ..|Arcanine-Hisui, F|100\/100\n|-ability|p2b: ..|Intimidate|boost\n|-unboost|p1a: Shiftry|atk|1\n|-unboost|p1b: Flutter Mane|atk|1\n|-enditem|p1b: Flutter Mane|Booster Energy\n|-activate|p1b: Flutter Mane|ability: Protosynthesis|[fromitem]\n|-start|p1b: Flutter Mane|protosynthesisspa\n|turn|1\n|\n|t:|1699271734\n|move|p1a: Shiftry|Fake Out|p2b: ..\n|-resisted|p2b: ..\n|-damage|p2b: ..|96\/100\n|move|p2a: .|Leer|p1a: Shiftry|[spread] p1b\n|-hint|Since gen 7, Dark is immune to Prankster moves.\n|-immune|p1a: Shiftry\n|-unboost|p1b: Flutter Mane|def|1\n|move|p1b: Flutter Mane|Perish Song|p1b: Flutter Mane\n|-start|p1a: Shiftry|perish3|[silent]\n|-start|p1b: Flutter Mane|perish3|[silent]\n|-start|p2a: .|perish3|[silent]\n|-start|p2b: ..|perish3|[silent]\n|-fieldactivate|move: Perish Song\n|cant|p2b: ..|flinch\n|\n|-start|p1a: Shiftry|perish3\n|-start|p2a: .|perish3\n|-start|p1b: Flutter Mane|perish3\n|-start|p2b: ..|perish3\n|upkeep\n|turn|2\n|\n|t:|1699271753\n|switch|p1a: Ogerpon|Ogerpon-Wellspring, F|100\/100\n|switch|p2a: ...|Iron Hands|100\/100\n|move|p1b: Flutter Mane|Protect|p1b: Flutter Mane\n|-singleturn|p1b: Flutter Mane|Protect\n|move|p2b: ..|Flare Blitz|p1a: Ogerpon\n|-damage|p1a: Ogerpon|0 fnt\n|faint|p1a: Ogerpon\n|-damage|p2b: ..|65\/100|[from] Recoil\n|\n|-start|p1b: Flutter Mane|perish2\n|-start|p2b: ..|perish2\n|upkeep\n|inactive|BenioAda has 270 seconds left.\n|\n|t:|1699271777\n|switch|p1a: Heatran|Heatran, M|100\/100\n|turn|3\n|\n|t:|1699271799\n|move|p1b: Flutter Mane|Dazzling Gleam|p2a: ...|[spread] p2a,p2b\n|-supereffective|p2a: ...\n|-resisted|p2b: ..\n|-damage|p2a: ...|28\/100\n|-damage|p2b: ..|41\/100\n|move|p2b: ..|Flare Blitz|p1b: Flutter Mane\n|-damage|p1b: Flutter Mane|0 fnt\n|faint|p1b: Flutter Mane\n|-end|p1b: Flutter Mane|Protosynthesis|[silent]\n|-damage|p2b: ..|12\/100|[from] Recoil\n|move|p1a: Heatran|Earth Power|p2a: ...\n|-supereffective|p2a: ...\n|-damage|p2a: ...|0 fnt\n|faint|p2a: ...\n|-end|p2a: ...|Quark Drive|[silent]\n|\n|-start|p2b: ..|perish1\n|upkeep\n|\n|t:|1699271813\n|switch|p1b: Shiftry|Shiftry, F|100\/100\n|switch|p2a: ....|Dragapult, M|100\/100\n|turn|4\n|\n|t:|1699271826\n|switch|p2b: .|Tornadus, M|100\/100\n|move|p1b: Shiftry|Tailwind|p1b: Shiftry\n|-sidestart|p1: BenioAda|move: Tailwind\n|-ability|p1b: Shiftry|Wind Rider|boost\n|-boost|p1b: Shiftry|atk|1\n|move|p2a: ....|U-turn|p1b: Shiftry\n|-supereffective|p1b: Shiftry\n|-damage|p1b: Shiftry|0 fnt\n|faint|p1b: Shiftry\n|-damage|p2a: ....|91\/100|[from] item: Life Orb\n|c|\u2606FEARLESS PARROT|Knew it\n|\n|t:|1699271847\n|switch|p2a: ..|Arcanine-Hisui, F|12\/100|[from] U-turn\n|-ability|p2a: ..|Intimidate|boost\n|-unboost|p1a: Heatran|atk|1\n|move|p1a: Heatran|Flamethrower|p2b: .\n|-damage|p2b: .|34\/100\n|\n|upkeep\n|\n|t:|1699271851\n|switch|p1b: Kingambit|Kingambit, F|100\/100\n|turn|5\n|inactive|FEARLESS PARROT has 270 seconds left.\n|\n|t:|1699271894\n|switch|p2a: .....|Sinistcha|100\/100\n|move|p2b: .|Leer|p1b: Kingambit|[spread] p1a\n|-hint|Since gen 7, Dark is immune to Prankster moves.\n|-immune|p1b: Kingambit\n|-unboost|p1a: Heatran|def|1\n|move|p1b: Kingambit|Sucker Punch||[still]\n|-fail|p1b: Kingambit\n|move|p1a: Heatran|Flamethrower|p2b: .\n|-damage|p2b: .|0 fnt\n|faint|p2b: .\n|\n|upkeep\n|\n|t:|1699271907\n|switch|p2b: ..|Arcanine-Hisui, F|12\/100\n|-ability|p2b: ..|Intimidate|boost\n|-unboost|p1a: Heatran|atk|1\n|-unboost|p1b: Kingambit|atk|1\n|-ability|p1b: Kingambit|Defiant|boost\n|-boost|p1b: Kingambit|atk|2\n|turn|6\n|\n|t:|1699271927\n|move|p2a: .....|Rage Powder|p2a: .....\n|-singleturn|p2a: .....|move: Rage Powder\n|move|p1a: Heatran|Flamethrower|p2a: .....\n|-supereffective|p2a: .....\n|-crit|p2a: .....\n|-damage|p2a: .....|29\/100\n|-enditem|p2a: .....|Sitrus Berry|[eat]\n|-heal|p2a: .....|54\/100|[from] item: Sitrus Berry\n|move|p1b: Kingambit|Kowtow Cleave|p2a: .....\n|-supereffective|p2a: .....\n|-damage|p2a: .....|0 fnt\n|faint|p2a: .....\n|move|p2b: ..|Rock Slide|p1b: Kingambit|[spread] p1a,p1b\n|-resisted|p1b: Kingambit\n|-damage|p1a: Heatran|46\/100\n|-damage|p1b: Kingambit|86\/100\n|\n|upkeep\n|inactive|FEARLESS PARROT has 270 seconds left.\n|\n|t:|1699271942\n|switch|p2a: ....|Dragapult, M|91\/100\n|turn|7\n|\n|t:|1699271951\n|-terastallize|p2a: ....|Dragon\n|move|p2a: ....|Dragon Darts|p1b: Kingambit\n|-resisted|p1b: Kingambit\n|-damage|p1b: Kingambit|70\/100\n|-anim|p2a: ....|Dragon Darts|p1a: Heatran\n|-resisted|p1a: Heatran\n|-damage|p1a: Heatran|18\/100\n|-damage|p2a: ....|81\/100|[from] item: Life Orb\n|move|p1a: Heatran|Flamethrower|p2b: ..\n|-resisted|p2b: ..\n|-damage|p2b: ..|0 fnt\n|faint|p2b: ..\n|move|p1b: Kingambit|Kowtow Cleave|p2a: ....\n|-damage|p2a: ....|0 fnt\n|faint|p2a: ....\n|\n|-sideend|p1: BenioAda|move: Tailwind\n|upkeep\n|\n|t:|1699271964\n|switch|p2a: ......|Chien-Pao|100\/100\n|-ability|p2a: ......|Sword of Ruin\n|turn|8\n|\n|t:|1699271977\n|switch|p1a: Amoonguss|Amoonguss, M|100\/100\n|move|p2a: ......|Sucker Punch||[still]\n|-fail|p2a: ......\n|move|p1b: Kingambit|Iron Head|p2a: ......\n|-supereffective|p2a: ......\n|-enditem|p2a: ......|Focus Sash\n|-damage|p2a: ......|1\/100\n|\n|upkeep\n|turn|9\n|c|\u2606FEARLESS PARROT|Damn it well played\n|\n|t:|1699271990\n|switch|p1b: Heatran|Heatran, M|18\/100\n|-terastallize|p1a: Amoonguss|Ice\n|move|p2a: ......|Ice Spinner|p1a: Amoonguss\n|-resisted|p1a: Amoonguss\n|-damage|p1a: Amoonguss|77\/100\n|move|p1a: Amoonguss|Tera Blast|p2a: ......|[anim] Tera Blast Ice\n|-resisted|p2a: ......\n|-damage|p2a: ......|0 fnt\n|faint|p2a: ......\n|\n|win|BenioAda\n","uploadtime":1699271999,"views":10,"p1id":"benioada","p2id":"fearlessparrot","formatid":"gen9doublesou","rating":0,"private":0,"password":""}