{"id":"gen9doublesou-1979904205","p1":"kirigayaxr","p2":"Daniel de Tijer","format":"[Gen 9] Doubles OU","log":"|j|\u2606kirigayaxr\n|j|\u2606Daniel de Tijer\n|t:|1698726969\n|gametype|doubles\n|player|p1|kirigayaxr|alain|1197\n|player|p2|Daniel de Tijer|hiker-gen4|1111\n|teamsize|p1|6\n|teamsize|p2|6\n|gen|9\n|tier|[Gen 9] Doubles OU\n|rated|\n|rule|Species Clause: Limit one of each Pok\u00e9mon\n|rule|OHKO Clause: OHKO moves are banned\n|rule|Evasion Moves Clause: Evasion moves are banned\n|rule|Gravity Sleep Clause: The combination of sleep-inducing moves with imperfect accuracy and Gravity or Gigantamax Orbeetle are banned\n|rule|Endless Battle Clause: Forcing endless battles is banned\n|rule|HP Percentage Mod: HP is shown in percentages\n|clearpoke\n|poke|p1|Great Tusk|\n|poke|p1|Dragonite, M|\n|poke|p1|Flutter Mane|\n|poke|p1|Tornadus, M|\n|poke|p1|Amoonguss, M|\n|poke|p1|Ogerpon-Hearthflame, F|\n|poke|p2|Enamorus, F|\n|poke|p2|Grimmsnarl, M|\n|poke|p2|Thundurus, M|\n|poke|p2|Brute Bonnet|\n|poke|p2|Ogerpon-Wellspring, F|\n|poke|p2|Gholdengo|\n|teampreview\n|inactive|Battle timer is ON: inactive players will automatically lose when time's up. (requested by Daniel de Tijer)\n|\n|t:|1698726979\n|start\n|switch|p1a: Tornadus|Tornadus, M|100\/100\n|switch|p1b: Dragonite|Dragonite, M|100\/100\n|switch|p2a: Enamorus|Enamorus, F|100\/100\n|switch|p2b: Grimmsnarl|Grimmsnarl, M, shiny|100\/100\n|turn|1\n|\n|t:|1698726997\n|-terastallize|p1b: Dragonite|Normal\n|move|p1a: Tornadus|Tailwind|p1a: Tornadus\n|-sidestart|p1: kirigayaxr|move: Tailwind\n|move|p2b: Grimmsnarl|Fake Tears|p2a: Enamorus\n|-boost|p2a: Enamorus|spd|2\n|move|p1b: Dragonite|Iron Head|p2a: Enamorus\n|-supereffective|p2a: Enamorus\n|-damage|p2a: Enamorus|0 fnt\n|faint|p2a: Enamorus\n|\n|upkeep\n|\n|t:|1698727011\n|switch|p2a: Gholdengo|Gholdengo|100\/100\n|turn|2\n|\n|t:|1698727021\n|switch|p1b: Amoonguss|Amoonguss, M|100\/100\n|move|p1a: Tornadus|U-turn|p2b: Grimmsnarl\n|-damage|p2b: Grimmsnarl|79\/100\n|\n|t:|1698727029\n|switch|p1a: Great Tusk|Great Tusk|100\/100|[from] U-turn\n|move|p2a: Gholdengo|Make It Rain|p1a: Great Tusk|[spread] p1a,p1b\n|-damage|p1a: Great Tusk|64\/100\n|-damage|p1b: Amoonguss|68\/100\n|-unboost|p2a: Gholdengo|spa|1\n|move|p2b: Grimmsnarl|Spirit Break|p1a: Great Tusk\n|-supereffective|p1a: Great Tusk\n|-damage|p1a: Great Tusk|20\/100\n|-unboost|p1a: Great Tusk|spa|1\n|\n|upkeep\n|turn|3\n|inactive|Daniel de Tijer has 120 seconds left.\n|\n|t:|1698727062\n|move|p2b: Grimmsnarl|Fake Tears|p1b: Amoonguss\n|-unboost|p1b: Amoonguss|spd|2\n|move|p1a: Great Tusk|Earthquake|p2b: Grimmsnarl|[spread] p1b,p2a,p2b\n|-supereffective|p2a: Gholdengo\n|-damage|p1b: Amoonguss|30\/100\n|-damage|p2a: Gholdengo|12\/100\n|-damage|p2b: Grimmsnarl|33\/100\n|move|p2a: Gholdengo|Dazzling Gleam|p1a: Great Tusk|[spread] p1a,p1b\n|-supereffective|p1a: Great Tusk\n|-resisted|p1b: Amoonguss\n|-damage|p1a: Great Tusk|0 fnt\n|-damage|p1b: Amoonguss|19\/100\n|faint|p1a: Great Tusk\n|-end|p1a: Great Tusk|Protosynthesis|[silent]\n|move|p1b: Amoonguss|Spore|p2b: Grimmsnarl\n|-status|p2b: Grimmsnarl|slp|[from] move: Spore\n|\n|-heal|p2a: Gholdengo|18\/100|[from] item: Leftovers\n|upkeep\n|\n|t:|1698727077\n|switch|p1a: Ogerpon|Ogerpon-Hearthflame, F|100\/100\n|-ability|p1a: Ogerpon|Mold Breaker\n|turn|4\n|\n|t:|1698727097\n|switch|p2a: Ogerpon|Ogerpon-Wellspring, F|100\/100\n|cant|p2b: Grimmsnarl|slp\n|move|p1a: Ogerpon|Knock Off|p2a: Ogerpon\n|-damage|p2a: Ogerpon|65\/100\n|move|p1b: Amoonguss|Pollen Puff|p2b: Grimmsnarl\n|-damage|p2b: Grimmsnarl|20\/100 slp\n|\n|-sideend|p1: kirigayaxr|move: Tailwind\n|upkeep\n|turn|5\n|\n|t:|1698727118\n|move|p1a: Ogerpon|Horn Leech|p2a: Ogerpon\n|-damage|p2a: Ogerpon|6\/100\n|move|p2a: Ogerpon|Ivy Cudgel|p1a: Ogerpon\n|-damage|p1a: Ogerpon|16\/100\n|-curestatus|p2b: Grimmsnarl|slp|[msg]\n|move|p2b: Grimmsnarl|Spirit Break|p1b: Amoonguss\n|-resisted|p1b: Amoonguss\n|-damage|p1b: Amoonguss|3\/100\n|-unboost|p1b: Amoonguss|spa|1\n|move|p1b: Amoonguss|Giga Drain|p2a: Ogerpon\n|-damage|p2a: Ogerpon|0 fnt\n|-heal|p1b: Amoonguss|5\/100|[from] drain|[of] p2a: Ogerpon\n|faint|p2a: Ogerpon\n|\n|upkeep\n|inactive|Daniel de Tijer has 120 seconds left.\n|\n|t:|1698727137\n|switch|p2a: Thundurus|Thundurus, M|100\/100\n|turn|6\n|\n|t:|1698727145\n|move|p1a: Ogerpon|Ivy Cudgel|p2a: Thundurus\n|-damage|p2a: Thundurus|19\/100\n|move|p2a: Thundurus|Crunch|p1b: Amoonguss\n|-damage|p1b: Amoonguss|0 fnt\n|faint|p1b: Amoonguss\n|move|p2b: Grimmsnarl|Spirit Break|p1a: Ogerpon\n|-resisted|p1a: Ogerpon\n|-crit|p1a: Ogerpon\n|-damage|p1a: Ogerpon|0 fnt\n|faint|p1a: Ogerpon\n|\n|-heal|p2a: Thundurus|25\/100|[from] item: Leftovers\n|upkeep\n|\n|t:|1698727159\n|switch|p1a: Dragonite|Dragonite, M, tera:Normal|100\/100\n|switch|p1b: Tornadus|Tornadus, M|100\/100\n|turn|7\n|\n|t:|1698727171\n|move|p1a: Dragonite|Extreme Speed|p2a: Thundurus\n|-damage|p2a: Thundurus|0 fnt\n|faint|p2a: Thundurus\n|move|p1b: Tornadus|Taunt|p2b: Grimmsnarl\n|-hint|Since gen 7, Dark is immune to Prankster moves.\n|-immune|p2b: Grimmsnarl\n|move|p2b: Grimmsnarl|Spirit Break|p1a: Dragonite\n|-damage|p1a: Dragonite|70\/100\n|-unboost|p1a: Dragonite|spa|1\n|\n|upkeep\n|\n|t:|1698727186\n|switch|p2a: Gholdengo|Gholdengo|18\/100\n|turn|8\n|\n|t:|1698727193\n|move|p1b: Tornadus|Tailwind|p1b: Tornadus\n|-sidestart|p1: kirigayaxr|move: Tailwind\n|move|p2b: Grimmsnarl|Light Screen|p2b: Grimmsnarl\n|-sidestart|p2: Daniel de Tijer|move: Light Screen\n|move|p2a: Gholdengo|Recover|p2a: Gholdengo\n|-heal|p2a: Gholdengo|68\/100\n|move|p1a: Dragonite|Dragon Tail|p2a: Gholdengo\n|-resisted|p2a: Gholdengo\n|-damage|p2a: Gholdengo|47\/100\n|drag|p2a: Brute Bonnet|Brute Bonnet|100\/100\n|-enditem|p2a: Brute Bonnet|Booster Energy\n|-activate|p2a: Brute Bonnet|ability: Protosynthesis|[fromitem]\n|-start|p2a: Brute Bonnet|protosynthesisspd\n|\n|upkeep\n|turn|9\n|\n|t:|1698727222\n|-terastallize|p2a: Brute Bonnet|Fire\n|move|p1a: Dragonite|Extreme Speed|p2a: Brute Bonnet\n|-damage|p2a: Brute Bonnet|61\/100\n|move|p1b: Tornadus|U-turn|p2a: Brute Bonnet\n|-resisted|p2a: Brute Bonnet\n|-damage|p2a: Brute Bonnet|54\/100\n|\n|t:|1698727229\n|switch|p1b: Flutter Mane|Flutter Mane|100\/100|[from] U-turn\n|-enditem|p1b: Flutter Mane|Booster Energy\n|-activate|p1b: Flutter Mane|ability: Protosynthesis|[fromitem]\n|-start|p1b: Flutter Mane|protosynthesisspe\n|move|p2b: Grimmsnarl|Spirit Break|p1a: Dragonite\n|-damage|p1a: Dragonite|33\/100\n|-unboost|p1a: Dragonite|spa|1\n|move|p2a: Brute Bonnet|Spore|p1b: Flutter Mane\n|-status|p1b: Flutter Mane|slp|[from] move: Spore\n|\n|upkeep\n|turn|10\n|inactive|kirigayaxr has 120 seconds left.\n|\n|t:|1698727273\n|switch|p2b: Gholdengo|Gholdengo|47\/100\n|move|p1a: Dragonite|Extreme Speed|p2a: Brute Bonnet\n|-damage|p2a: Brute Bonnet|17\/100\n|cant|p1b: Flutter Mane|slp\n|move|p2a: Brute Bonnet|Spore|p1a: Dragonite\n|-status|p1a: Dragonite|slp|[from] move: Spore\n|-enditem|p1a: Dragonite|Lum Berry|[eat]\n|-curestatus|p1a: Dragonite|slp|[msg]\n|\n|-heal|p2b: Gholdengo|53\/100|[from] item: Leftovers\n|upkeep\n|turn|11\n|inactive|Daniel de Tijer has 120 seconds left.\n|\n|t:|1698727305\n|move|p1a: Dragonite|Extreme Speed|p2a: Brute Bonnet\n|-damage|p2a: Brute Bonnet|0 fnt\n|faint|p2a: Brute Bonnet\n|-end|p2a: Brute Bonnet|Protosynthesis|[silent]\n|cant|p1b: Flutter Mane|slp\n|move|p2b: Gholdengo|Make It Rain|p1b: Flutter Mane|[spread] p1a,p1b\n|-crit|p1a: Dragonite\n|-supereffective|p1b: Flutter Mane\n|-damage|p1a: Dragonite|0 fnt\n|-damage|p1b: Flutter Mane|0 fnt\n|-unboost|p2b: Gholdengo|spa|1\n|faint|p1a: Dragonite\n|faint|p1b: Flutter Mane\n|-end|p1b: Flutter Mane|Protosynthesis|[silent]\n|\n|-heal|p2b: Gholdengo|59\/100|[from] item: Leftovers\n|-sideend|p1: kirigayaxr|move: Tailwind\n|upkeep\n|\n|t:|1698727323\n|switch|p1b: Tornadus|Tornadus, M|100\/100\n|switch|p2a: Grimmsnarl|Grimmsnarl, M, shiny|20\/100\n|turn|12\n|\n|t:|1698727339\n|move|p2a: Grimmsnarl|Fake Tears|p1b: Tornadus\n|-unboost|p1b: Tornadus|spd|2\n|move|p2b: Gholdengo|Make It Rain|p1b: Tornadus\n|-damage|p1b: Tornadus|22\/100\n|-unboost|p2b: Gholdengo|spa|1\n|-enditem|p1b: Tornadus|Aguav Berry|[eat]\n|-heal|p1b: Tornadus|55\/100|[from] item: Aguav Berry\n|move|p1b: Tornadus|Air Slash|p2a: Grimmsnarl\n|-damage|p2a: Grimmsnarl|3\/100\n|\n|-heal|p2b: Gholdengo|65\/100|[from] item: Leftovers\n|upkeep\n|turn|13\n|-message|kirigayaxr forfeited.\n|\n|win|Daniel de Tijer\n|raw|kirigayaxr's rating: 1197 &rarr; <strong>1166<\/strong><br \/>(-31 for losing)\n|raw|Daniel de Tijer's rating: 1111 &rarr; <strong>1142<\/strong><br \/>(+31 for winning)\n|l|\u2606kirigayaxr\n|c|\u2606Daniel de Tijer|gg\n","uploadtime":1698727381,"views":21,"p1id":"kirigayaxr","p2id":"danieldetijer","formatid":"gen9doublesou","rating":1142,"private":0,"password":""}