{"id":"gen9doublesou-1989111634","p1":"frankocean$7","p2":"GaemerGang2","format":"[Gen 9] Doubles OU","log":"|j|\u2606frankocean$7\n|j|\u2606GaemerGang2\n|t:|1699813453\n|gametype|doubles\n|player|p1|frankocean$7|lucas|1381\n|player|p2|GaemerGang2|kieran-festival|1355\n|teamsize|p1|6\n|teamsize|p2|6\n|gen|9\n|tier|[Gen 9] Doubles OU\n|rated|\n|rule|Species Clause: Limit one of each Pok\u00e9mon\n|rule|OHKO Clause: OHKO moves are banned\n|rule|Evasion Moves Clause: Evasion moves are banned\n|rule|Gravity Sleep Clause: The combination of sleep-inducing moves with imperfect accuracy and Gravity or Gigantamax Orbeetle are banned\n|rule|Endless Battle Clause: Forcing endless battles is banned\n|rule|HP Percentage Mod: HP is shown in percentages\n|clearpoke\n|poke|p1|Iron Bundle|\n|poke|p1|Arcanine-Hisui, F|\n|poke|p1|Tyranitar, M|\n|poke|p1|Kommo-o, M|\n|poke|p1|Rillaboom, F|\n|poke|p1|Flutter Mane|\n|poke|p2|Sinistcha|\n|poke|p2|Indeedee-F, F|\n|poke|p2|Armarouge, F|\n|poke|p2|Ogerpon-Wellspring, F|\n|poke|p2|Farigiraf, F|\n|poke|p2|Chi-Yu|\n|teampreview\n|inactive|Battle timer is ON: inactive players will automatically lose when time's up. (requested by GaemerGang2)\n|\n|t:|1699813472\n|start\n|switch|p1a: Arcanine|Arcanine-Hisui, F|100\/100\n|switch|p1b: Tyranitar|Tyranitar, M|100\/100\n|switch|p2a: Farigiraf|Farigiraf, F, shiny|100\/100\n|switch|p2b: Indeedee|Indeedee-F, F|100\/100\n|-fieldstart|move: Psychic Terrain|[from] ability: Psychic Surge|[of] p2b: Indeedee\n|-ability|p1a: Arcanine|Intimidate|boost\n|-unboost|p2a: Farigiraf|atk|1\n|-unboost|p2b: Indeedee|atk|1\n|-weather|Sandstorm|[from] ability: Sand Stream|[of] p1b: Tyranitar\n|turn|1\n|\n|t:|1699813481\n|move|p2b: Indeedee|Energy Ball|p1b: Tyranitar\n|-supereffective|p1b: Tyranitar\n|-damage|p1b: Tyranitar|75\/100\n|move|p1a: Arcanine|Howl|p1a: Arcanine|[spread] p1a,p1b\n|-boost|p1a: Arcanine|atk|1\n|-boost|p1b: Tyranitar|atk|1\n|move|p1b: Tyranitar|Knock Off|p2a: Farigiraf\n|-supereffective|p2a: Farigiraf\n|-damage|p2a: Farigiraf|0 fnt\n|-enditem|p2a: Farigiraf|Sitrus Berry|[from] move: Knock Off|[of] p1b: Tyranitar\n|faint|p2a: Farigiraf\n|\n|-weather|Sandstorm|[upkeep]\n|-damage|p2b: Indeedee|94\/100|[from] Sandstorm\n|upkeep\n|\n|t:|1699813498\n|switch|p2a: Sinistcha|Sinistcha, shiny|100\/100\n|-heal|p2b: Indeedee|100\/100|[from] ability: Hospitality|[of] p2a: Sinistcha\n|turn|2\n|\n|t:|1699813506\n|-terastallize|p2a: Sinistcha|Dragon\n|move|p2b: Indeedee|Energy Ball|p1b: Tyranitar\n|-supereffective|p1b: Tyranitar\n|-damage|p1b: Tyranitar|50\/100\n|-unboost|p1b: Tyranitar|spd|1\n|move|p1a: Arcanine|Flare Blitz|p2a: Sinistcha\n|-resisted|p2a: Sinistcha\n|-damage|p2a: Sinistcha|56\/100\n|-damage|p1a: Arcanine|86\/100|[from] Recoil\n|move|p1b: Tyranitar|Knock Off|p2b: Indeedee\n|-supereffective|p2b: Indeedee\n|-enditem|p2b: Indeedee|Focus Sash\n|-damage|p2b: Indeedee|1\/100\n|move|p2a: Sinistcha|Matcha Gotcha|p1b: Tyranitar|[spread] p1a,p1b\n|-supereffective|p1b: Tyranitar\n|-damage|p1a: Arcanine|62\/100\n|-heal|p2a: Sinistcha|68\/100|[from] drain|[of] p1a: Arcanine\n|-damage|p1b: Tyranitar|10\/100\n|-heal|p2a: Sinistcha|87\/100|[from] drain|[of] p1b: Tyranitar\n|\n|-weather|Sandstorm|[upkeep]\n|-damage|p2b: Indeedee|0 fnt|[from] Sandstorm\n|-damage|p2a: Sinistcha|81\/100|[from] Sandstorm\n|faint|p2b: Indeedee\n|-heal|p2a: Sinistcha|87\/100|[from] item: Leftovers\n|upkeep\n|\n|t:|1699813533\n|switch|p2b: Ogerpon|Ogerpon-Wellspring, F|100\/100\n|turn|3\n|\n|t:|1699813541\n|move|p2b: Ogerpon|Ivy Cudgel|p1a: Arcanine\n|-supereffective|p1a: Arcanine\n|-damage|p1a: Arcanine|0 fnt\n|faint|p1a: Arcanine\n|move|p1b: Tyranitar|Knock Off|p2a: Sinistcha\n|-damage|p2a: Sinistcha|11\/100\n|-enditem|p2a: Sinistcha|Leftovers|[from] move: Knock Off|[of] p1b: Tyranitar\n|move|p2a: Sinistcha|Matcha Gotcha|p1b: Tyranitar\n|-supereffective|p1b: Tyranitar\n|-damage|p1b: Tyranitar|0 fnt\n|-heal|p2a: Sinistcha|16\/100|[from] drain|[of] p1b: Tyranitar\n|faint|p1b: Tyranitar\n|\n|-weather|Sandstorm|[upkeep]\n|-damage|p2b: Ogerpon|95\/100|[from] Sandstorm\n|-damage|p2a: Sinistcha|10\/100|[from] Sandstorm\n|upkeep\n|\n|t:|1699813566\n|switch|p1a: Iron Bundle|Iron Bundle|100\/100\n|switch|p1b: Flutter Mane|Flutter Mane|100\/100\n|-enditem|p1a: Iron Bundle|Booster Energy\n|-activate|p1a: Iron Bundle|ability: Quark Drive|[fromitem]\n|-start|p1a: Iron Bundle|quarkdrivespe\n|turn|4\n|\n|t:|1699813587\n|move|p1a: Iron Bundle|Freeze-Dry|p2b: Ogerpon\n|-supereffective|p2b: Ogerpon\n|-damage|p2b: Ogerpon|0 fnt\n|faint|p2b: Ogerpon\n|move|p1b: Flutter Mane|Shadow Ball|p2a: Sinistcha\n|-damage|p2a: Sinistcha|0 fnt\n|faint|p2a: Sinistcha\n|\n|-weather|Sandstorm|[upkeep]\n|-damage|p1a: Iron Bundle|95\/100|[from] Sandstorm\n|-damage|p1b: Flutter Mane|95\/100|[from] Sandstorm\n|upkeep\n|\n|t:|1699813590\n|switch|p2b: Chi-Yu|Chi-Yu|100\/100\n|switch|p2a: Armarouge|Armarouge, F|100\/100\n|-ability|p2b: Chi-Yu|Beads of Ruin\n|turn|5\n|\n|t:|1699813600\n|move|p1a: Iron Bundle|Hydro Pump|p2b: Chi-Yu\n|-supereffective|p2b: Chi-Yu\n|-enditem|p2b: Chi-Yu|Focus Sash\n|-damage|p2b: Chi-Yu|1\/100\n|move|p1b: Flutter Mane|Shadow Ball|p2a: Armarouge\n|-supereffective|p2a: Armarouge\n|-damage|p2a: Armarouge|0 fnt\n|faint|p2a: Armarouge\n|move|p2b: Chi-Yu|Heat Wave|p1b: Flutter Mane|[spread] p1a,p1b\n|-damage|p1a: Iron Bundle|0 fnt\n|-damage|p1b: Flutter Mane|37\/100\n|faint|p1a: Iron Bundle\n|-end|p1a: Iron Bundle|Quark Drive|[silent]\n|\n|-weather|none\n|-fieldend|move: Psychic Terrain\n|upkeep\n|\n|t:|1699813610\n|switch|p1a: Rillaboom|Rillaboom, F|100\/100\n|-fieldstart|move: Grassy Terrain|[from] ability: Grassy Surge|[of] p1a: Rillaboom\n|turn|6\n|-message|GaemerGang2 forfeited.\n|\n|win|frankocean$7\n|raw|frankocean$7's rating: 1381 &rarr; <strong>1400<\/strong><br \/>(+19 for winning)\n|raw|GaemerGang2's rating: 1355 &rarr; <strong>1336<\/strong><br \/>(-19 for losing)\n|l|\u2606GaemerGang2\n","uploadtime":1699813620,"views":9,"p1id":"frankocean7","p2id":"gaemergang2","formatid":"gen9doublesou","rating":1336,"private":0,"password":""}