{"id":"gen9doublesou-1974113635","p1":"Dr Depresserino","p2":"aenima72826","format":"[Gen 9] Doubles OU","log":"|j|\u2606Dr Depresserino\n|j|\u2606aenima72826\n|t:|1698057718\n|gametype|doubles\n|player|p1|Dr Depresserino|1|1160\n|player|p2|aenima72826|hilbert|1040\n|teamsize|p1|6\n|teamsize|p2|6\n|gen|9\n|tier|[Gen 9] Doubles OU\n|rated|\n|rule|Species Clause: Limit one of each Pok\u00e9mon\n|rule|OHKO Clause: OHKO moves are banned\n|rule|Evasion Moves Clause: Evasion moves are banned\n|rule|Gravity Sleep Clause: The combination of sleep-inducing moves with imperfect accuracy and Gravity or Gigantamax Orbeetle are banned\n|rule|Endless Battle Clause: Forcing endless battles is banned\n|rule|HP Percentage Mod: HP is shown in percentages\n|clearpoke\n|poke|p1|Muk-Alola, M|\n|poke|p1|Oricorio-Pa'u, L1, M|\n|poke|p1|Dragonite, M|\n|poke|p1|Altaria, M|\n|poke|p1|Lilligant-Hisui, F|\n|poke|p1|Quaquaval, M|\n|poke|p2|Houndstone, M|\n|poke|p2|Palossand, F|\n|poke|p2|Ceruledge, F|\n|poke|p2|Gengar, M|\n|poke|p2|Zoroark-Hisui, F|\n|poke|p2|Skeledirge, M|\n|teampreview\n|\n|t:|1698057741\n|start\n|switch|p1a: Muk|Muk-Alola, M, shiny|100\/100\n|switch|p1b: Oricorio|Oricorio-Pa'u, L1, M, shiny|100\/100\n|switch|p2a: Palossand|Palossand, F|100\/100\n|switch|p2b: Gengar|Gengar, M, shiny|100\/100\n|turn|1\n|\n|t:|1698057773\n|move|p1a: Muk|Protect|p1a: Muk\n|-singleturn|p1a: Muk|Protect\n|move|p2b: Gengar|Toxic|p1b: Oricorio\n|-status|p1b: Oricorio|tox\n|move|p2a: Palossand|Sandstorm|p2a: Palossand\n|-weather|Sandstorm\n|move|p1b: Oricorio|Teeter Dance|p2a: Palossand|[spread] p2a,p2b\n|-activate|p1a: Muk|move: Protect\n|-start|p2a: Palossand|confusion\n|-start|p2b: Gengar|confusion\n|\n|-weather|Sandstorm|[upkeep]\n|-damage|p2b: Gengar|94\/100|[from] Sandstorm\n|-damage|p1a: Muk|94\/100|[from] Sandstorm\n|-damage|p1b: Oricorio|93\/100 tox|[from] Sandstorm\n|-damage|p1b: Oricorio|85\/100 tox|[from] psn\n|-damage|p1b: Oricorio|77\/100 tox|[from] item: Sticky Barb\n|upkeep\n|turn|2\n|\n|t:|1698057796\n|switch|p2a: Houndstone|Houndstone, M|100\/100\n|-terastallize|p1a: Muk|Ground\n|-activate|p2b: Gengar|confusion\n|move|p2b: Gengar|Encore|p1a: Muk\n|-start|p1a: Muk|Encore\n|move|p1a: Muk|Protect|p1a: Muk\n|-singleturn|p1a: Muk|Protect\n|move|p1b: Oricorio|Defog|p2a: Houndstone\n|-unboost|p2a: Houndstone|evasion|1\n|\n|-weather|Sandstorm|[upkeep]\n|-damage|p2b: Gengar|88\/100|[from] Sandstorm\n|-damage|p1b: Oricorio|70\/100 tox|[from] Sandstorm\n|-damage|p1b: Oricorio|54\/100 tox|[from] psn\n|-damage|p1b: Oricorio|47\/100 tox|[from] item: Sticky Barb\n|upkeep\n|turn|3\n|\n|t:|1698057822\n|move|p1a: Muk|Protect||[still]\n|-fail|p1a: Muk\n|move|p2a: Houndstone|Phantom Force||[still]\n|-prepare|p2a: Houndstone|Phantom Force\n|-activate|p2b: Gengar|confusion\n|move|p2b: Gengar|Encore|p1b: Oricorio\n|-start|p1b: Oricorio|Encore\n|move|p1b: Oricorio|Defog|p2b: Gengar\n|-unboost|p2b: Gengar|evasion|1\n|\n|-weather|Sandstorm|[upkeep]\n|-damage|p2b: Gengar|82\/100|[from] Sandstorm\n|-damage|p1b: Oricorio|39\/100 tox|[from] Sandstorm\n|-damage|p1b: Oricorio|16\/100 tox|[from] psn\n|-damage|p1b: Oricorio|8\/100 tox|[from] item: Sticky Barb\n|upkeep\n|turn|4\n|\n|t:|1698057853\n|move|p1a: Muk|Protect|p1a: Muk\n|-singleturn|p1a: Muk|Protect\n|move|p2a: Houndstone|Phantom Force|p1a: Muk|[from]lockedmove\n|-activate|p1a: Muk|move: Phantom Force|[broken]\n|-damage|p1a: Muk|64\/100\n|-activate|p2b: Gengar|confusion\n|move|p2b: Gengar|Disable|p1b: Oricorio\n|-start|p1b: Oricorio|Disable|Defog\n|cant|p1b: Oricorio|Disable|Defog\n|\n|-weather|Sandstorm|[upkeep]\n|-damage|p2b: Gengar|76\/100|[from] Sandstorm\n|-damage|p1b: Oricorio|0 fnt|[from] Sandstorm\n|faint|p1b: Oricorio\n|-ability|p1a: Muk|Dancer|[from] ability: Power of Alchemy|[of] p1b: Oricorio\n|-end|p1a: Muk|Encore\n|upkeep\n|\n|t:|1698057861\n|switch|p1b: Altaria|Altaria, M, shiny|100\/100\n|-ability|p1b: Altaria|Cloud Nine\n|turn|5\n|\n|t:|1698057881\n|switch|p2a: Palossand|Palossand, F|100\/100\n|-activate|p2b: Gengar|confusion\n|move|p2b: Gengar|Destiny Bond|p2b: Gengar\n|-singlemove|p2b: Gengar|Destiny Bond\n|move|p1b: Altaria|Dragon Dance|p1b: Altaria\n|-boost|p1b: Altaria|atk|1\n|-boost|p1b: Altaria|spe|1\n|-activate|p1a: Muk|ability: Dancer\n|move|p1a: Muk|Dragon Dance|p1a: Muk|[from]ability: Dancer\n|-boost|p1a: Muk|atk|1\n|-boost|p1a: Muk|spe|1\n|move|p1a: Muk|Knock Off|p2b: Gengar\n|-supereffective|p2b: Gengar\n|-damage|p2b: Gengar|0 fnt\n|-enditem|p2b: Gengar|Focus Sash|[from] move: Knock Off|[of] p1a: Muk\n|faint|p2b: Gengar\n|-activate|p2b: Gengar|move: Destiny Bond\n|faint|p1a: Muk\n|\n|-weather|none\n|upkeep\n|-message|Dr Depresserino forfeited.\n|\n|win|aenima72826\n|raw|Dr Depresserino's rating: 1160 &rarr; <strong>1127<\/strong><br \/>(-33 for losing)\n|raw|aenima72826's rating: 1040 &rarr; <strong>1085<\/strong><br \/>(+45 for winning)\n|l|\u2606Dr Depresserino\n","uploadtime":1698057909,"views":14,"p1id":"drdepresserino","p2id":"aenima72826","formatid":"gen9doublesou","rating":1085,"private":0,"password":""}