{"id":"gen9doublesou-1998517037","p1":"Buzzpeep","p2":"Tippiiii","format":"[Gen 9] Doubles OU","log":"|j|\u2606Buzzpeep\n|j|\u2606Tippiiii\n|inactive|Battle timer is ON: inactive players will automatically lose when time's up.\n|t:|1700951289\n|gametype|doubles\n|player|p1|Buzzpeep|proton|\n|player|p2|Tippiiii|emma|\n|teamsize|p1|6\n|teamsize|p2|6\n|gen|9\n|tier|[Gen 9] Doubles OU\n|rated|Tournament battle\n|rule|Species Clause: Limit one of each Pok\u00e9mon\n|rule|OHKO Clause: OHKO moves are banned\n|rule|Evasion Moves Clause: Evasion moves are banned\n|rule|Gravity Sleep Clause: The combination of sleep-inducing moves with imperfect accuracy and Gravity or Gigantamax Orbeetle are banned\n|rule|Endless Battle Clause: Forcing endless battles is banned\n|rule|HP Percentage Mod: HP is shown in percentages\n|clearpoke\n|poke|p1|Vulpix-Alola, M|\n|poke|p1|Greavard, F|\n|poke|p1|Shellder, M|\n|poke|p1|Skiddo, M|\n|poke|p1|Meowth-Galar, M|\n|poke|p1|Stantler, M|\n|poke|p2|Piloswine, M|\n|poke|p2|Fletchling, M|\n|poke|p2|Flittle, F|\n|poke|p2|Cacnea, F|\n|poke|p2|Poltchageist-Artisan|\n|poke|p2|Aipom, M|\n|teampreview\n|j|*Lady Monita \u2746\n|j|^HEAVY-DUTY B0OTY\n|inactive|Tippiiii has 120 seconds left.\n|\n|t:|1700951323\n|start\n|switch|p1a: Meowth|Meowth-Galar, M|100\/100\n|switch|p1b: Greavard|Greavard, F|100\/100\n|switch|p2a: Aipom|Aipom, M, shiny|100\/100\n|switch|p2b: Piloswine|Piloswine, M|100\/100\n|turn|1\n|\n|t:|1700951339\n|move|p2b: Piloswine|Protect|p2b: Piloswine\n|-singleturn|p2b: Piloswine|Protect\n|move|p2a: Aipom|Knock Off|p1b: Greavard\n|-supereffective|p1b: Greavard\n|-damage|p1b: Greavard|65\/100\n|-enditem|p1b: Greavard|Choice Band|[from] move: Knock Off|[of] p2a: Aipom\n|move|p1a: Meowth|Stealth Rock|p2b: Piloswine\n|-sidestart|p2: Tippiiii|move: Stealth Rock\n|move|p1b: Greavard|Poltergeist|p2b: Piloswine\n|-activate|p2b: Piloswine|move: Protect\n|\n|upkeep\n|turn|2\n|j| RiciB\n|\n|t:|1700951362\n|move|p2a: Aipom|Knock Off|p1a: Meowth\n|-damage|p1a: Meowth|71\/100\n|-enditem|p1a: Meowth|Eviolite|[from] move: Knock Off|[of] p2a: Aipom\n|move|p2b: Piloswine|Icicle Crash|p1b: Greavard\n|-damage|p1b: Greavard|0 fnt\n|faint|p1b: Greavard\n|move|p1a: Meowth|Iron Head|p2b: Piloswine\n|-supereffective|p2b: Piloswine\n|-damage|p2b: Piloswine|40\/100\n|\n|upkeep\n|\n|t:|1700951373\n|switch|p1b: Vulpix|Vulpix-Alola, M|100\/100\n|-weather|Snow|[from] ability: Snow Warning|[of] p1b: Vulpix\n|turn|3\n|l| RiciB\n|\n|t:|1700951402\n|switch|p2b: Flittle|Flittle, F|100\/100\n|-damage|p2b: Flittle|88\/100|[from] Stealth Rock\n|move|p2a: Aipom|Knock Off|p1b: Vulpix\n|-damage|p1b: Vulpix|52\/100\n|-enditem|p1b: Vulpix|Light Clay|[from] move: Knock Off|[of] p2a: Aipom\n|move|p1b: Vulpix|Aurora Veil|p1b: Vulpix\n|-sidestart|p1: Buzzpeep|move: Aurora Veil\n|move|p1a: Meowth|Iron Head|p2b: Flittle\n|-damage|p2b: Flittle|8\/100\n|\n|-weather|Snow|[upkeep]\n|upkeep\n|turn|4\n|\n|t:|1700951424\n|move|p2a: Aipom|Thunder Wave|p1a: Meowth\n|-status|p1a: Meowth|par\n|move|p2b: Flittle|Reflect|p2b: Flittle\n|-sidestart|p2: Tippiiii|Reflect\n|move|p1b: Vulpix|Blizzard|p2a: Aipom|[spread] p2a,p2b\n|-damage|p2a: Aipom|66\/100\n|-damage|p2b: Flittle|0 fnt\n|-status|p2a: Aipom|frz\n|faint|p2b: Flittle\n|move|p1a: Meowth|Iron Head|p2a: Aipom\n|-damage|p2a: Aipom|26\/100 frz\n|\n|-weather|Snow|[upkeep]\n|upkeep\n|j| manjaloid\n|inactive|Tippiiii has 120 seconds left.\n|\n|t:|1700951452\n|switch|p2b: Fletchling|Fletchling, M|100\/100\n|-damage|p2b: Fletchling|76\/100|[from] Stealth Rock\n|turn|5\n|\n|t:|1700951462\n|move|p2b: Fletchling|Protect|p2b: Fletchling\n|-singleturn|p2b: Fletchling|Protect\n|cant|p2a: Aipom|frz\n|move|p1b: Vulpix|Blizzard|p2a: Aipom|[spread] p2a\n|-activate|p2b: Fletchling|move: Protect\n|-damage|p2a: Aipom|0 fnt\n|faint|p2a: Aipom\n|move|p1a: Meowth|Iron Head|p2b: Fletchling\n|-activate|p2b: Fletchling|move: Protect\n|\n|-weather|Snow|[upkeep]\n|upkeep\n|inactive|Tippiiii has 120 seconds left.\n|j| UFo3208_\n|\n|t:|1700951475\n|switch|p2a: Piloswine|Piloswine, M|40\/100\n|-damage|p2a: Piloswine|28\/100|[from] Stealth Rock\n|turn|6\n|\n|t:|1700951482\n|move|p2a: Piloswine|Protect|p2a: Piloswine\n|-singleturn|p2a: Piloswine|Protect\n|move|p1b: Vulpix|Blizzard|p2a: Piloswine|[spread] p2b\n|-activate|p2a: Piloswine|move: Protect\n|-supereffective|p2b: Fletchling\n|-damage|p2b: Fletchling|1\/100\n|move|p2b: Fletchling|Brave Bird|p1b: Vulpix\n|-damage|p1b: Vulpix|24\/100\n|-damage|p2b: Fletchling|0 fnt|[from] Recoil\n|faint|p2b: Fletchling\n|move|p1a: Meowth|Iron Head|p2a: Piloswine\n|-activate|p2a: Piloswine|move: Protect\n|\n|-weather|Snow|[upkeep]\n|upkeep\n|l| UFo3208_\n|j| mmcneil28\n|l| mmcneil28\n|\n|t:|1700951498\n|switch|p2b: Poltchageist|Poltchageist-Artisan, shiny|100\/100\n|-damage|p2b: Poltchageist|88\/100|[from] Stealth Rock\n|-heal|p2a: Piloswine|53\/100|[from] ability: Hospitality|[of] p2b: Poltchageist\n|turn|7\n|l| manjaloid\n|\n|t:|1700951516\n|switch|p2b: Cacnea|Cacnea, F|100\/100\n|-damage|p2b: Cacnea|88\/100|[from] Stealth Rock\n|-terastallize|p2a: Piloswine|Ground\n|move|p1b: Vulpix|Blizzard|p2a: Piloswine|[spread] p2a,p2b\n|-supereffective|p2a: Piloswine\n|-supereffective|p2b: Cacnea\n|-damage|p2a: Piloswine|30\/100\n|-damage|p2b: Cacnea|0 fnt\n|faint|p2b: Cacnea\n|move|p2a: Piloswine|Earthquake|p1b: Vulpix|[spread] p1a,p1b\n|-supereffective|p1a: Meowth\n|-damage|p1a: Meowth|0 fnt\n|-damage|p1b: Vulpix|0 fnt\n|faint|p1a: Meowth\n|faint|p1b: Vulpix\n|\n|-weather|none\n|-sideend|p1: Buzzpeep|move: Aurora Veil\n|upkeep\n|\n|t:|1700951531\n|switch|p1b: Skiddo|Skiddo, M|100\/100\n|switch|p2b: Poltchageist|Poltchageist-Artisan, shiny|88\/100\n|switch|p1a: Stantler|Stantler, M|100\/100\n|-damage|p2b: Poltchageist|76\/100|[from] Stealth Rock\n|-heal|p2a: Piloswine|55\/100|[from] ability: Hospitality|[of] p2b: Poltchageist\n|turn|8\n|\n|t:|1700951546\n|move|p2b: Poltchageist|Rage Powder|p2b: Poltchageist\n|-singleturn|p2b: Poltchageist|move: Rage Powder\n|move|p1a: Stantler|Calm Mind|p1a: Stantler\n|-boost|p1a: Stantler|spa|1\n|-boost|p1a: Stantler|spd|1\n|move|p2a: Piloswine|Icicle Crash|p1b: Skiddo\n|-supereffective|p1b: Skiddo\n|-damage|p1b: Skiddo|0 fnt\n|faint|p1b: Skiddo\n|\n|-sideend|p2: Tippiiii|Reflect\n|upkeep\n|\n|t:|1700951558\n|switch|p1b: Shellder|Shellder, M|100\/100\n|turn|9\n|\n|t:|1700951578\n|-terastallize|p1a: Stantler|Water\n|move|p1a: Stantler|Calm Mind|p1a: Stantler\n|-boost|p1a: Stantler|spa|1\n|-boost|p1a: Stantler|spd|1\n|move|p2a: Piloswine|Icicle Crash|p1a: Stantler\n|-resisted|p1a: Stantler\n|-damage|p1a: Stantler|88\/100\n|move|p1b: Shellder|Icicle Spear|p2a: Piloswine\n|-supereffective|p2a: Piloswine\n|-damage|p2a: Piloswine|49\/100\n|-supereffective|p2a: Piloswine\n|-damage|p2a: Piloswine|45\/100\n|-supereffective|p2a: Piloswine\n|-damage|p2a: Piloswine|40\/100\n|-supereffective|p2a: Piloswine\n|-damage|p2a: Piloswine|34\/100\n|-supereffective|p2a: Piloswine\n|-damage|p2a: Piloswine|28\/100\n|-hitcount|p2a: Piloswine|5\n|move|p2b: Poltchageist|Giga Drain|p1b: Shellder\n|-supereffective|p1b: Shellder\n|-enditem|p1b: Shellder|Focus Sash\n|-damage|p1b: Shellder|1\/100\n|-heal|p2b: Poltchageist|100\/100|[from] drain|[of] p1b: Shellder\n|\n|upkeep\n|turn|10\n|\n|t:|1700951602\n|move|p2a: Piloswine|Protect|p2a: Piloswine\n|-singleturn|p2a: Piloswine|Protect\n|move|p1a: Stantler|Tera Blast|p2a: Piloswine|[anim] Tera Blast Water\n|-activate|p2a: Piloswine|move: Protect\n|move|p1b: Shellder|Icicle Spear|p2b: Poltchageist\n|-supereffective|p2b: Poltchageist\n|-damage|p2b: Poltchageist|82\/100\n|-supereffective|p2b: Poltchageist\n|-damage|p2b: Poltchageist|65\/100\n|-supereffective|p2b: Poltchageist\n|-damage|p2b: Poltchageist|48\/100\n|-supereffective|p2b: Poltchageist\n|-damage|p2b: Poltchageist|29\/100\n|-supereffective|p2b: Poltchageist\n|-damage|p2b: Poltchageist|8\/100\n|-hitcount|p2b: Poltchageist|5\n|move|p2b: Poltchageist|Life Dew|p2b: Poltchageist|[spread] p2a,p2b\n|-heal|p2a: Piloswine|53\/100\n|-heal|p2b: Poltchageist|33\/100\n|\n|upkeep\n|turn|11\n|inactive|Tippiiii has 120 seconds left.\n|\n|t:|1700951643\n|move|p2b: Poltchageist|Rage Powder|p2b: Poltchageist\n|-singleturn|p2b: Poltchageist|move: Rage Powder\n|move|p2a: Piloswine|Ice Shard|p1b: Shellder\n|-resisted|p1b: Shellder\n|-damage|p1b: Shellder|0 fnt\n|faint|p1b: Shellder\n|move|p1a: Stantler|Tera Blast|p2b: Poltchageist|[anim] Tera Blast Water\n|-resisted|p2b: Poltchageist\n|-damage|p2b: Poltchageist|13\/100\n|\n|upkeep\n|turn|12\n|\n|t:|1700951656\n|move|p2b: Poltchageist|Rage Powder|p2b: Poltchageist\n|-singleturn|p2b: Poltchageist|move: Rage Powder\n|move|p1a: Stantler|Stored Power|p2b: Poltchageist\n|-damage|p2b: Poltchageist|0 fnt\n|faint|p2b: Poltchageist\n|move|p2a: Piloswine|Earthquake|p1a: Stantler\n|-damage|p1a: Stantler|51\/100\n|\n|upkeep\n|turn|13\n|\n|t:|1700951665\n|move|p1a: Stantler|Tera Blast|p2a: Piloswine|[anim] Tera Blast Water\n|-supereffective|p2a: Piloswine\n|-damage|p2a: Piloswine|0 fnt\n|faint|p2a: Piloswine\n|\n|win|Buzzpeep\n|n|\u2606Buzzpeep|buzzpeep\n|n|\u2606Tippiiii|tippiiii\n|n|*Lady Monita \u2746|ladymonita\n|n| HEAVY-DUTY B0OTY|heavydutyb0oty\n","uploadtime":1700951665,"views":6,"p1id":"buzzpeep","p2id":"tippiiii","formatid":"gen9doublesou","rating":0,"private":0,"password":""}