{"id":"gen9doublesou-1991342651","p1":"Pokemonek18","p2":"AdvancedDigit","format":"[Gen 9] Doubles OU","log":"|j|\u2606Pokemonek18\n|j|\u2606AdvancedDigit\n|t:|1700069194\n|gametype|doubles\n|player|p1|Pokemonek18|swimmerf-gen4|1189\n|player|p2|AdvancedDigit|hilbert|1255\n|teamsize|p1|6\n|teamsize|p2|6\n|gen|9\n|tier|[Gen 9] Doubles OU\n|rated|\n|rule|Species Clause: Limit one of each Pok\u00e9mon\n|rule|OHKO Clause: OHKO moves are banned\n|rule|Evasion Moves Clause: Evasion moves are banned\n|rule|Gravity Sleep Clause: The combination of sleep-inducing moves with imperfect accuracy and Gravity or Gigantamax Orbeetle are banned\n|rule|Endless Battle Clause: Forcing endless battles is banned\n|rule|HP Percentage Mod: HP is shown in percentages\n|clearpoke\n|poke|p1|Grumpig, M|\n|poke|p1|Volcarona, F|\n|poke|p1|Rillaboom, M|\n|poke|p1|Sinistcha-Masterpiece|\n|poke|p1|Kommo-o, M|\n|poke|p1|Zapdos|\n|poke|p2|Manaphy|\n|poke|p2|Clefable, F|\n|poke|p2|Sylveon, F|\n|poke|p2|Sneasler, F|\n|poke|p2|Azelf|\n|poke|p2|Gholdengo|\n|teampreview\n|inactive|Battle timer is ON: inactive players will automatically lose when time's up. (requested by Pokemonek18)\n|\n|t:|1700069220\n|start\n|switch|p1a: Grumpig|Grumpig, M, shiny|100\/100\n|switch|p1b: Kommo-o|Kommo-o, M|100\/100\n|switch|p2a: Manaphy|Manaphy|100\/100\n|switch|p2b: Clefable|Clefable, F|100\/100\n|turn|1\n|\n|t:|1700069231\n|move|p1a: Grumpig|Simple Beam|p1b: Kommo-o\n|-endability|p1b: Kommo-o|Bulletproof|[from] move: Simple Beam\n|-ability|p1b: Kommo-o|Simple|[from] move: Simple Beam\n|move|p1b: Kommo-o|Clangorous Soul|p1b: Kommo-o\n|-boost|p1b: Kommo-o|atk|2\n|-boost|p1b: Kommo-o|def|2\n|-boost|p1b: Kommo-o|spa|2\n|-boost|p1b: Kommo-o|spd|2\n|-boost|p1b: Kommo-o|spe|2\n|-damage|p1b: Kommo-o|68\/100\n|-enditem|p1b: Kommo-o|Throat Spray\n|-boost|p1b: Kommo-o|spa|2|[from] item: Throat Spray\n|move|p2a: Manaphy|Calm Mind|p2a: Manaphy\n|-boost|p2a: Manaphy|spa|1\n|-boost|p2a: Manaphy|spd|1\n|move|p2b: Clefable|Skill Swap|p2a: Manaphy\n|-activate|p2b: Clefable|move: Skill Swap|||[of] p2a: Manaphy\n|\n|upkeep\n|turn|2\n|inactive|Pokemonek18 has 120 seconds left.\n|\n|t:|1700069271\n|switch|p1a: Sinistcha|Sinistcha-Masterpiece|100\/100\n|-heal|p1b: Kommo-o|93\/100|[from] ability: Hospitality|[of] p1a: Sinistcha\n|move|p1b: Kommo-o|Boomburst|p2b: Clefable|[spread] p2a,p2b\n|-immune|p1a: Sinistcha\n|-damage|p2a: Manaphy|89\/100\n|-damage|p2b: Clefable|44\/100\n|move|p2a: Manaphy|Calm Mind|p2a: Manaphy\n|-boost|p2a: Manaphy|spa|1\n|-boost|p2a: Manaphy|spd|1\n|move|p2b: Clefable|Moonblast|p1b: Kommo-o\n|-supereffective|p1b: Kommo-o\n|-damage|p1b: Kommo-o|16\/100\n|-unboost|p1b: Kommo-o|spa|2\n|\n|-heal|p2a: Manaphy|95\/100|[from] item: Leftovers\n|-heal|p2b: Clefable|50\/100|[from] item: Leftovers\n|upkeep\n|turn|3\n|inactive|Pokemonek18 has 120 seconds left.\n|\n|t:|1700069301\n|move|p1b: Kommo-o|Boomburst|p2b: Clefable|[spread] p2a,p2b\n|-immune|p1a: Sinistcha\n|-damage|p2a: Manaphy|86\/100\n|-damage|p2b: Clefable|13\/100\n|move|p2a: Manaphy|Acid Armor|p2a: Manaphy\n|-boost|p2a: Manaphy|def|2\n|move|p2b: Clefable|Stealth Rock|p1b: Kommo-o\n|-sidestart|p1: Pokemonek18|move: Stealth Rock\n|move|p1a: Sinistcha|Matcha Gotcha|p2a: Manaphy|[spread] p2a,p2b\n|-supereffective|p2a: Manaphy\n|-damage|p2a: Manaphy|67\/100\n|-damage|p2b: Clefable|0 fnt\n|faint|p2b: Clefable\n|\n|-heal|p2a: Manaphy|73\/100|[from] item: Leftovers\n|upkeep\n|inactive|AdvancedDigit has 120 seconds left.\n|\n|t:|1700069319\n|switch|p2b: Sylveon|Sylveon, F|100\/100\n|turn|4\n|\n|t:|1700069328\n|move|p1a: Sinistcha|Rage Powder|p1a: Sinistcha\n|-singleturn|p1a: Sinistcha|move: Rage Powder\n|move|p1b: Kommo-o|Close Combat|p2a: Manaphy\n|-damage|p2a: Manaphy|53\/100\n|-unboost|p1b: Kommo-o|def|2\n|-unboost|p1b: Kommo-o|spd|2\n|move|p2a: Manaphy|Stored Power|p1a: Sinistcha\n|-damage|p1a: Sinistcha|30\/100\n|move|p2b: Sylveon|Psych Up|p1a: Sinistcha\n|-copyboost|p2b: Sylveon|p1a: Sinistcha|[from] move: Psych Up\n|\n|-heal|p2a: Manaphy|60\/100|[from] item: Leftovers\n|upkeep\n|turn|5\n|inactive|Pokemonek18 has 120 seconds left.\n|\n|t:|1700069372\n|move|p1a: Sinistcha|Rage Powder|p1a: Sinistcha\n|-singleturn|p1a: Sinistcha|move: Rage Powder\n|move|p1b: Kommo-o|Boomburst|p2b: Sylveon|[spread] p2a,p2b\n|-immune|p1a: Sinistcha\n|-damage|p2a: Manaphy|50\/100\n|-damage|p2b: Sylveon|62\/100\n|move|p2a: Manaphy|Stored Power|p1a: Sinistcha\n|-damage|p1a: Sinistcha|0 fnt\n|faint|p1a: Sinistcha\n|move|p2b: Sylveon|Psych Up|p2a: Manaphy\n|-copyboost|p2b: Sylveon|p2a: Manaphy|[from] move: Psych Up\n|\n|-heal|p2a: Manaphy|56\/100|[from] item: Leftovers\n|-heal|p2b: Sylveon|68\/100|[from] item: Leftovers\n|upkeep\n|\n|t:|1700069382\n|switch|p1a: Rillaboom|Rillaboom, M, shiny|100\/100\n|-damage|p1a: Rillaboom|88\/100|[from] Stealth Rock\n|-fieldstart|move: Grassy Terrain|[from] ability: Grassy Surge|[of] p1a: Rillaboom\n|turn|6\n|\n|t:|1700069393\n|move|p1a: Rillaboom|Fake Out|p2a: Manaphy\n|-damage|p2a: Manaphy|49\/100\n|-damage|p1a: Rillaboom|78\/100|[from] item: Life Orb\n|move|p1b: Kommo-o|Close Combat|p2a: Manaphy\n|-damage|p2a: Manaphy|29\/100\n|-unboost|p1b: Kommo-o|def|2\n|-unboost|p1b: Kommo-o|spd|2\n|cant|p2a: Manaphy|flinch\n|move|p2b: Sylveon|Hyper Voice|p1b: Kommo-o|[spread] p1a,p1b\n|-supereffective|p1b: Kommo-o\n|-damage|p1a: Rillaboom|0 fnt\n|-damage|p1b: Kommo-o|0 fnt\n|faint|p1a: Rillaboom\n|faint|p1b: Kommo-o\n|\n|-heal|p2a: Manaphy|35\/100|[from] Grassy Terrain\n|-heal|p2a: Manaphy|41\/100|[from] item: Leftovers\n|-heal|p2b: Sylveon|74\/100|[from] Grassy Terrain\n|-heal|p2b: Sylveon|80\/100|[from] item: Leftovers\n|upkeep\n|inactive|Pokemonek18 has 120 seconds left.\n|\n|t:|1700069424\n|switch|p1a: Volcarona|Volcarona, F, shiny|100\/100\n|switch|p1b: Zapdos|Zapdos, shiny|100\/100\n|-damage|p1a: Volcarona|51\/100|[from] Stealth Rock\n|-damage|p1b: Zapdos|76\/100|[from] Stealth Rock\n|turn|7\n|inactive|Pokemonek18 has 120 seconds left.\n|\n|t:|1700069445\n|move|p1a: Volcarona|Protect|p1a: Volcarona\n|-singleturn|p1a: Volcarona|Protect\n|move|p2a: Manaphy|Scald|p1a: Volcarona\n|-activate|p1a: Volcarona|move: Protect\n|move|p1b: Zapdos|Thunderbolt|p2a: Manaphy\n|-supereffective|p2a: Manaphy\n|-damage|p2a: Manaphy|9\/100\n|move|p2b: Sylveon|Hyper Voice|p1b: Zapdos|[spread] p1b\n|-activate|p1a: Volcarona|move: Protect\n|-damage|p1b: Zapdos|1\/100\n|\n|-heal|p1a: Volcarona|57\/100|[from] Grassy Terrain\n|-heal|p2a: Manaphy|15\/100|[from] Grassy Terrain\n|-heal|p2a: Manaphy|21\/100|[from] item: Leftovers\n|-heal|p1b: Zapdos|7\/100|[from] item: Leftovers\n|-heal|p2b: Sylveon|86\/100|[from] Grassy Terrain\n|-heal|p2b: Sylveon|92\/100|[from] item: Leftovers\n|upkeep\n|turn|8\n|\n|t:|1700069461\n|move|p1a: Volcarona|Bug Buzz|p2a: Manaphy\n|-damage|p2a: Manaphy|6\/100\n|move|p1b: Zapdos|Thunderbolt|p2a: Manaphy\n|-supereffective|p2a: Manaphy\n|-damage|p2a: Manaphy|0 fnt\n|faint|p2a: Manaphy\n|move|p2b: Sylveon|Hyper Voice|p1b: Zapdos|[spread] p1a,p1b\n|-resisted|p1a: Volcarona\n|-damage|p1a: Volcarona|14\/100\n|-damage|p1b: Zapdos|0 fnt\n|faint|p1b: Zapdos\n|\n|-heal|p1a: Volcarona|20\/100|[from] Grassy Terrain\n|-heal|p2b: Sylveon|98\/100|[from] Grassy Terrain\n|-heal|p2b: Sylveon|100\/100|[from] item: Leftovers\n|upkeep\n|\n|t:|1700069471\n|switch|p1b: Grumpig|Grumpig, M, shiny|100\/100\n|switch|p2a: Gholdengo|Gholdengo|100\/100\n|-damage|p1b: Grumpig|88\/100|[from] Stealth Rock\n|turn|9\n|\n|t:|1700069485\n|move|p2a: Gholdengo|Shadow Ball|p1b: Grumpig\n|-supereffective|p1b: Grumpig\n|-damage|p1b: Grumpig|0 fnt\n|faint|p1b: Grumpig\n|-damage|p2a: Gholdengo|91\/100|[from] item: Life Orb\n|move|p1a: Volcarona|Heat Wave|p2a: Gholdengo|[spread] p2a,p2b\n|-supereffective|p2a: Gholdengo\n|-damage|p2a: Gholdengo|0 fnt\n|-damage|p2b: Sylveon|85\/100\n|faint|p2a: Gholdengo\n|move|p2b: Sylveon|Hyper Voice|p1a: Volcarona\n|-resisted|p1a: Volcarona\n|-damage|p1a: Volcarona|0 fnt\n|faint|p1a: Volcarona\n|\n|win|AdvancedDigit\n|raw|Pokemonek18's rating: 1189 &rarr; <strong>1169<\/strong><br \/>(-20 for losing)\n|raw|AdvancedDigit's rating: 1255 &rarr; <strong>1275<\/strong><br \/>(+20 for winning)\n|l|\u2606Pokemonek18\n|c|\u2606AdvancedDigit|gg\n","uploadtime":1700069491,"views":5,"p1id":"pokemonek18","p2id":"advanceddigit","formatid":"gen9doublesou","rating":1169,"private":0,"password":""}