{"id":"gen9doublesou-1993453199","p1":"SMB","p2":"Raf","format":"[Gen 9] Doubles OU","log":"|j|\u2606SMB\n|j|\u2606Raf\n|t:|1700319774\n|gametype|doubles\n|player|p1|SMB|#dpl8ducks|\n|player|p2|Raf|#scl3dynamos2|\n|teamsize|p1|6\n|teamsize|p2|6\n|gen|9\n|tier|[Gen 9] Doubles OU\n|rule|Species Clause: Limit one of each Pok\u00e9mon\n|rule|OHKO Clause: OHKO moves are banned\n|rule|Evasion Moves Clause: Evasion moves are banned\n|rule|Gravity Sleep Clause: The combination of sleep-inducing moves with imperfect accuracy and Gravity or Gigantamax Orbeetle are banned\n|rule|Endless Battle Clause: Forcing endless battles is banned\n|rule|HP Percentage Mod: HP is shown in percentages\n|clearpoke\n|poke|p1|Regidrago|\n|poke|p1|Manaphy|\n|poke|p1|Ogerpon-Hearthflame, F|\n|poke|p1|Tornadus, M|\n|poke|p1|Gholdengo|\n|poke|p1|Rillaboom, F|\n|poke|p2|Flutter Mane|\n|poke|p2|Ogerpon-Wellspring, F|\n|poke|p2|Iron Hands|\n|poke|p2|Glimmora, F|\n|poke|p2|Kingambit, F|\n|poke|p2|Landorus-Therian, M|\n|teampreview\n|inactive|Battle timer is ON: inactive players will automatically lose when time's up. (requested by Raf)\n|c|\u2606SMB|glhf\n|c|\u2606Raf|hf\n|inactive|SMB has 270 seconds left.\n|inactive|Raf has 270 seconds left.\n|j| theyummybagel\n|inactive|SMB has 240 seconds left.\n|j| ratpacker\n|j|+zoe\n|\n|t:|1700319861\n|start\n|switch|p1a: Tornadus|Tornadus, M|100\/100\n|switch|p1b: Gholdengo|Gholdengo|100\/100\n|switch|p2a: Iron Hands|Iron Hands|100\/100\n|switch|p2b: Glimmora|Glimmora, F|100\/100\n|-item|p2b: Glimmora|Air Balloon\n|turn|1\n|j| Jello1231\n|inactive|SMB has 270 seconds left.\n|inactive|Raf has 270 seconds left.\n|\n|t:|1700319892\n|switch|p1a: Rillaboom|Rillaboom, F|100\/100\n|-fieldstart|move: Grassy Terrain|[from] ability: Grassy Surge|[of] p1a: Rillaboom\n|move|p2b: Glimmora|Earth Power|p1b: Gholdengo\n|-supereffective|p1b: Gholdengo\n|-damage|p1b: Gholdengo|41\/100\n|move|p1b: Gholdengo|Make It Rain|p2a: Iron Hands|[spread] p2a,p2b\n|-resisted|p2a: Iron Hands\n|-supereffective|p2b: Glimmora\n|-damage|p2a: Iron Hands|91\/100\n|-damage|p2b: Glimmora|0 fnt\n|-unboost|p1b: Gholdengo|spa|1\n|-enditem|p2b: Glimmora|Air Balloon\n|faint|p2b: Glimmora\n|move|p2a: Iron Hands|Wild Charge|p1b: Gholdengo\n|-crit|p1b: Gholdengo\n|-damage|p1b: Gholdengo|0 fnt\n|faint|p1b: Gholdengo\n|-damage|p2a: Iron Hands|82\/100|[from] Recoil\n|\n|-heal|p2a: Iron Hands|89\/100|[from] Grassy Terrain\n|upkeep\n|j| sunk or swam\n|inactive|SMB has 270 seconds left.\n|j| RelicanthPrimal<><\n|inactive|SMB has 240 seconds left.\n|\n|t:|1700319951\n|switch|p2b: Landorus|Landorus-Therian, M|100\/100\n|switch|p1b: Manaphy|Manaphy|100\/100\n|-ability|p2b: Landorus|Intimidate|boost\n|-unboost|p1a: Rillaboom|atk|1\n|-unboost|p1b: Manaphy|atk|1\n|turn|2\n|inactive|Raf has 270 seconds left.\n|\n|t:|1700319983\n|move|p1a: Rillaboom|Fake Out|p2a: Iron Hands\n|-damage|p2a: Iron Hands|82\/100\n|move|p2b: Landorus|Stomping Tantrum|p1b: Manaphy\n|-damage|p1b: Manaphy|63\/100\n|move|p1b: Manaphy|Tail Glow|p1b: Manaphy\n|-boost|p1b: Manaphy|spa|3\n|cant|p2a: Iron Hands|flinch\n|\n|-heal|p1b: Manaphy|69\/100|[from] Grassy Terrain\n|-heal|p1b: Manaphy|75\/100|[from] item: Leftovers\n|-heal|p2a: Iron Hands|89\/100|[from] Grassy Terrain\n|upkeep\n|turn|3\n|inactive|SMB has 270 seconds left.\n|\n|t:|1700320000\n|switch|p2b: Ogerpon|Ogerpon-Wellspring, F|100\/100\n|move|p1b: Manaphy|Protect|p1b: Manaphy\n|-singleturn|p1b: Manaphy|Protect\n|move|p1a: Rillaboom|U-turn|p2b: Ogerpon\n|-supereffective|p2b: Ogerpon\n|-damage|p2b: Ogerpon|64\/100\n|inactive|SMB has 240 seconds left.\n|\n|t:|1700320045\n|switch|p1a: Regidrago|Regidrago|100\/100|[from] U-turn\n|move|p2a: Iron Hands|Wild Charge|p1b: Manaphy\n|-activate|p1b: Manaphy|move: Protect\n|\n|-heal|p2b: Ogerpon|70\/100|[from] Grassy Terrain\n|-heal|p1b: Manaphy|81\/100|[from] Grassy Terrain\n|-heal|p1b: Manaphy|87\/100|[from] item: Leftovers\n|-heal|p2a: Iron Hands|95\/100|[from] Grassy Terrain\n|upkeep\n|turn|4\n|inactive|SMB has 240 seconds left.\n|inactive|Raf has 270 seconds left.\n|\n|t:|1700320081\n|-terastallize|p1b: Manaphy|Poison\n|move|p2b: Ogerpon|Spiky Shield|p2b: Ogerpon\n|-singleturn|p2b: Ogerpon|move: Protect\n|move|p1a: Regidrago|Dragon Energy|p2a: Iron Hands|[spread] p2a\n|-activate|p2b: Ogerpon|move: Protect\n|-damage|p2a: Iron Hands|54\/100\n|move|p1b: Manaphy|Scald|p2a: Iron Hands\n|-damage|p2a: Iron Hands|15\/100\n|-status|p2a: Iron Hands|brn\n|move|p2a: Iron Hands|Drain Punch|p1a: Regidrago\n|-damage|p1a: Regidrago|76\/100\n|-heal|p2a: Iron Hands|29\/100 brn|[from] drain|[of] p1a: Regidrago\n|\n|-heal|p1a: Regidrago|82\/100|[from] Grassy Terrain\n|-heal|p2b: Ogerpon|76\/100|[from] Grassy Terrain\n|-heal|p1b: Manaphy|94\/100|[from] Grassy Terrain\n|-heal|p1b: Manaphy|99\/100|[from] item: Leftovers\n|-heal|p2a: Iron Hands|35\/100 brn|[from] Grassy Terrain\n|-damage|p2a: Iron Hands|29\/100 brn|[from] brn\n|upkeep\n|turn|5\n|inactive|SMB has 240 seconds left.\n|inactive|Raf has 270 seconds left.\n|\n|t:|1700320114\n|-end|p2a: Iron Hands|Quark Drive|[silent]\n|switch|p2a: Flutter Mane|Flutter Mane|100\/100\n|move|p2b: Ogerpon|Follow Me|p2b: Ogerpon\n|-singleturn|p2b: Ogerpon|move: Follow Me\n|move|p1a: Regidrago|Dragon Energy|p2b: Ogerpon|[spread] p2b\n|-immune|p2a: Flutter Mane\n|-damage|p2b: Ogerpon|10\/100\n|move|p1b: Manaphy|Tera Blast|p2b: Ogerpon|[anim] Tera Blast Poison\n|-supereffective|p2b: Ogerpon\n|-damage|p2b: Ogerpon|0 fnt\n|faint|p2b: Ogerpon\n|\n|-heal|p1a: Regidrago|88\/100|[from] Grassy Terrain\n|-heal|p1b: Manaphy|100\/100|[from] Grassy Terrain\n|-fieldend|move: Grassy Terrain\n|upkeep\n|\n|t:|1700320124\n|switch|p2b: Landorus|Landorus-Therian, M|100\/100\n|-ability|p2b: Landorus|Intimidate|boost\n|-unboost|p1a: Regidrago|atk|1\n|-unboost|p1b: Manaphy|atk|1\n|turn|6\n|inactive|Raf has 270 seconds left.\n|\n|t:|1700320160\n|switch|p1a: Rillaboom|Rillaboom, F|100\/100\n|-fieldstart|move: Grassy Terrain|[from] ability: Grassy Surge|[of] p1a: Rillaboom\n|move|p1b: Manaphy|Protect|p1b: Manaphy\n|-singleturn|p1b: Manaphy|Protect\n|move|p2b: Landorus|U-turn|p1a: Rillaboom\n|-supereffective|p1a: Rillaboom\n|-damage|p1a: Rillaboom|50\/100\n|\n|t:|1700320169\n|switch|p2b: Iron Hands|Iron Hands|29\/100 brn|[from] U-turn\n|move|p2a: Flutter Mane|Dazzling Gleam|p1b: Manaphy|[spread] p1a\n|-activate|p1b: Manaphy|move: Protect\n|-damage|p1a: Rillaboom|20\/100\n|\n|-heal|p1a: Rillaboom|26\/100|[from] Grassy Terrain\n|-heal|p2b: Iron Hands|35\/100 brn|[from] Grassy Terrain\n|-damage|p2b: Iron Hands|29\/100 brn|[from] brn\n|upkeep\n|turn|7\n|inactive|SMB has 270 seconds left.\n|l|+zoe\n|inactive|Raf has 240 seconds left.\n|\n|t:|1700320204\n|move|p1a: Rillaboom|Fake Out|p2b: Iron Hands\n|-damage|p2b: Iron Hands|19\/100 brn\n|cant|p2b: Iron Hands|flinch\n|move|p2a: Flutter Mane|Dazzling Gleam|p1b: Manaphy|[spread] p1a,p1b\n|-resisted|p1b: Manaphy\n|-damage|p1a: Rillaboom|0 fnt\n|-damage|p1b: Manaphy|84\/100\n|faint|p1a: Rillaboom\n|move|p1b: Manaphy|Scald|p2a: Flutter Mane\n|-damage|p2a: Flutter Mane|21\/100\n|\n|-heal|p2a: Flutter Mane|27\/100|[from] Grassy Terrain\n|-heal|p1b: Manaphy|90\/100|[from] Grassy Terrain\n|-heal|p1b: Manaphy|97\/100|[from] item: Leftovers\n|-heal|p2b: Iron Hands|25\/100 brn|[from] Grassy Terrain\n|-damage|p2b: Iron Hands|19\/100 brn|[from] brn\n|upkeep\n|\n|t:|1700320227\n|switch|p1a: Tornadus|Tornadus, M|100\/100\n|turn|8\n|inactive|SMB has 270 seconds left.\n|\n|t:|1700320249\n|move|p1a: Tornadus|Tailwind|p1a: Tornadus\n|-sidestart|p1: SMB|move: Tailwind\n|move|p1b: Manaphy|Scald|p2a: Flutter Mane\n|-damage|p2a: Flutter Mane|0 fnt\n|faint|p2a: Flutter Mane\n|-end|p2a: Flutter Mane|Protosynthesis|[silent]\n|move|p2b: Iron Hands|Wild Charge|p1a: Tornadus\n|-supereffective|p1a: Tornadus\n|-damage|p1a: Tornadus|38\/100\n|-enditem|p1a: Tornadus|Sitrus Berry|[eat]\n|-heal|p1a: Tornadus|63\/100|[from] item: Sitrus Berry\n|-damage|p2b: Iron Hands|8\/100 brn|[from] Recoil\n|\n|-heal|p1b: Manaphy|100\/100|[from] Grassy Terrain\n|-heal|p2b: Iron Hands|14\/100 brn|[from] Grassy Terrain\n|-damage|p2b: Iron Hands|8\/100 brn|[from] brn\n|upkeep\n|\n|t:|1700320262\n|switch|p2a: Kingambit|Kingambit, F|100\/100\n|turn|9\n|inactive|Raf has 240 seconds left.\n|inactive|Raf has 210 seconds left.\n|\n|t:|1700320329\n|move|p1a: Tornadus|Bleakwind Storm|p2a: Kingambit|[spread] p2a,p2b\n|-resisted|p2a: Kingambit\n|-damage|p2a: Kingambit|84\/100\n|-damage|p2b: Iron Hands|0 fnt\n|faint|p2b: Iron Hands\n|-end|p2b: Iron Hands|Quark Drive|[silent]\n|move|p1b: Manaphy|Scald|p2a: Kingambit\n|-damage|p2a: Kingambit|0 fnt\n|faint|p2a: Kingambit\n|\n|upkeep\n|\n|t:|1700320333\n|switch|p2b: Landorus|Landorus-Therian, M|100\/100\n|-ability|p2b: Landorus|Intimidate|boost\n|-unboost|p1a: Tornadus|atk|1\n|-unboost|p1b: Manaphy|atk|1\n|turn|10\n|\n|t:|1700320342\n|-terastallize|p2b: Landorus|Flying\n|move|p1a: Tornadus|Bleakwind Storm|p2b: Landorus\n|-damage|p2b: Landorus|49\/100\n|-unboost|p2b: Landorus|spe|1\n|move|p1b: Manaphy|Scald|p2b: Landorus\n|-damage|p2b: Landorus|0 fnt\n|faint|p2b: Landorus\n|\n|win|SMB\n|c|\u2606Raf|gg\n|c|\u2606SMB|gg\n","uploadtime":1700320350,"views":94,"p1id":"smb","p2id":"raf","formatid":"gen9doublesou","rating":0,"private":0,"password":""}