{"id":"gen9doublesou-1994099171","p1":"steelpupa","p2":"Nephtyrix","format":"[Gen 9] Doubles OU","log":"|j|\u2606steelpupa\n|j|\u2606Nephtyrix\n|t:|1700406701\n|gametype|doubles\n|player|p1|steelpupa|#vgcplzoruas|\n|player|p2|Nephtyrix|chase|\n|teamsize|p1|6\n|teamsize|p2|6\n|gen|9\n|tier|[Gen 9] Doubles OU\n|rule|Species Clause: Limit one of each Pok\u00e9mon\n|rule|OHKO Clause: OHKO moves are banned\n|rule|Evasion Moves Clause: Evasion moves are banned\n|rule|Gravity Sleep Clause: The combination of sleep-inducing moves with imperfect accuracy and Gravity or Gigantamax Orbeetle are banned\n|rule|Endless Battle Clause: Forcing endless battles is banned\n|rule|HP Percentage Mod: HP is shown in percentages\n|clearpoke\n|poke|p1|Kommo-o, M|\n|poke|p1|Kingambit, F|\n|poke|p1|Flutter Mane|\n|poke|p1|Cresselia, F|\n|poke|p1|Glimmora, F|\n|poke|p1|Landorus-Therian, M|\n|poke|p2|Gholdengo|\n|poke|p2|Ogerpon-Wellspring, F|\n|poke|p2|Ninetales-Alola, F|\n|poke|p2|Tornadus, M|\n|poke|p2|Rillaboom, F|\n|poke|p2|Iron Hands|\n|teampreview\n|c|\u2606Nephtyrix|gl hf\n|j| ratpacker\n|j| AIRedzone\n|c|\u2606steelpupa|glhf\n|j| theyummybagel\n|j|+zoe\n|j| Papiloco\n|j| Feyette\n|j| Tenzai\n|j| tianlengmeihou\n|j| QQuemQuem\n|j| scpSeptember\n|j| smudgerox\n|j| cbbggnhhj\n|l| AIRedzone\n|l| scpSeptember\n|j| Givrix\n|l| QQuemQuem\n|\n|t:|1700406797\n|start\n|switch|p1a: Glimmora|Glimmora, F|100\/100\n|switch|p1b: Kingambit|Kingambit, F|100\/100\n|switch|p2a: Hola Chicas|Iron Hands|100\/100\n|switch|p2b: StompThat|Tornadus, M|100\/100\n|turn|1\n|j|+Frixel\n|c| Givrix|GO NEPH\n|j| Waffle2O23\n|l| Feyette\n|j| AIRedzone\n|j| scpSeptember\n|\n|t:|1700406849\n|switch|p1b: Landorus|Landorus-Therian, M|100\/100\n|-ability|p1b: Landorus|Intimidate|boost\n|-unboost|p2a: Hola Chicas|atk|1\n|-unboost|p2b: StompThat|atk|1\n|move|p2b: StompThat|Tailwind|p2b: StompThat\n|-sidestart|p2: Nephtyrix|move: Tailwind\n|move|p1a: Glimmora|Stealth Rock|p2a: Hola Chicas\n|-sidestart|p2: Nephtyrix|move: Stealth Rock\n|move|p2a: Hola Chicas|Heavy Slam|p1a: Glimmora\n|-supereffective|p1a: Glimmora\n|-crit|p1a: Glimmora\n|-enditem|p1a: Glimmora|Focus Sash\n|-damage|p1a: Glimmora|1\/100\n|-activate|p1a: Glimmora|ability: Toxic Debris\n|-sidestart|p2: Nephtyrix|move: Toxic Spikes\n|\n|upkeep\n|turn|2\n|j| xqiht\n|j| SEROO\n|j| PUVL sero\n|j| Lemurro\n|l| SEROO\n|\n|t:|1700406883\n|-end|p2a: Hola Chicas|Quark Drive|[silent]\n|switch|p2a: Hi chance to sweep|Rillaboom, F|100\/100\n|-damage|p2a: Hi chance to sweep|88\/100|[from] Stealth Rock\n|-status|p2a: Hi chance to sweep|psn\n|-fieldstart|move: Grassy Terrain|[from] ability: Grassy Surge|[of] p2a: Hi chance to sweep\n|move|p1a: Glimmora|Spiky Shield|p1a: Glimmora\n|-singleturn|p1a: Glimmora|move: Protect\n|move|p2b: StompThat|Bleakwind Storm|p1a: Glimmora|[spread] \n|-activate|p1a: Glimmora|move: Protect\n|-miss|p2b: StompThat|p1b: Landorus\n|move|p1b: Landorus|U-turn|p2a: Hi chance to sweep\n|-supereffective|p2a: Hi chance to sweep\n|-damage|p2a: Hi chance to sweep|44\/100 psn\n|j| infinity yone\n|j| Suverenna\n|\n|t:|1700406916\n|switch|p1b: Kingambit|Kingambit, F|100\/100|[from] U-turn\n|\n|-heal|p2a: Hi chance to sweep|50\/100 psn|[from] Grassy Terrain\n|-heal|p1a: Glimmora|7\/100|[from] Grassy Terrain\n|-damage|p2a: Hi chance to sweep|37\/100 psn|[from] psn\n|upkeep\n|turn|3\n|j| sjsishd\n|j| pudim31\n|\n|t:|1700406970\n|switch|p2a: Hola Chicas|Iron Hands|100\/100\n|-damage|p2a: Hola Chicas|94\/100|[from] Stealth Rock\n|-status|p2a: Hola Chicas|psn\n|move|p2b: StompThat|Bleakwind Storm|p1a: Glimmora|[spread] p1a\n|-miss|p2b: StompThat|p1b: Kingambit\n|-resisted|p1a: Glimmora\n|-damage|p1a: Glimmora|0 fnt\n|faint|p1a: Glimmora\n|move|p1b: Kingambit|Kowtow Cleave|p2b: StompThat\n|-damage|p2b: StompThat|33\/100\n|-enditem|p2b: StompThat|Sitrus Berry|[eat]\n|-heal|p2b: StompThat|58\/100|[from] item: Sitrus Berry\n|\n|-heal|p2a: Hola Chicas|100\/100 psn|[from] Grassy Terrain\n|-damage|p2a: Hola Chicas|88\/100 psn|[from] psn\n|upkeep\n|\n|t:|1700406986\n|switch|p1a: Landorus|Landorus-Therian, M|100\/100\n|-ability|p1a: Landorus|Intimidate|boost\n|-unboost|p2a: Hola Chicas|atk|1\n|-unboost|p2b: StompThat|atk|1\n|turn|4\n|j| Nido-Rus\n|l| scpSeptember\n|\n|t:|1700407027\n|switch|p1b: Cresselia|Cresselia, F|100\/100\n|move|p2b: StompThat|Protect|p2b: StompThat\n|-singleturn|p2b: StompThat|Protect\n|move|p1a: Landorus|Stomping Tantrum|p2a: Hola Chicas\n|-supereffective|p2a: Hola Chicas\n|-damage|p2a: Hola Chicas|27\/100 psn\n|move|p2a: Hola Chicas|Drain Punch|p1b: Cresselia\n|-resisted|p1b: Cresselia\n|-damage|p1b: Cresselia|92\/100\n|-heal|p2a: Hola Chicas|32\/100 psn|[from] drain|[of] p1b: Cresselia\n|\n|-heal|p2a: Hola Chicas|38\/100 psn|[from] Grassy Terrain\n|-damage|p2a: Hola Chicas|26\/100 psn|[from] psn\n|-sideend|p2: Nephtyrix|move: Tailwind\n|upkeep\n|turn|5\n|\n|t:|1700407045\n|move|p2b: StompThat|Taunt|p1b: Cresselia\n|-start|p1b: Cresselia|move: Taunt\n|move|p1a: Landorus|Stomping Tantrum|p2a: Hola Chicas\n|-supereffective|p2a: Hola Chicas\n|-crit|p2a: Hola Chicas\n|-damage|p2a: Hola Chicas|0 fnt\n|faint|p2a: Hola Chicas\n|-end|p2a: Hola Chicas|Quark Drive|[silent]\n|cant|p1b: Cresselia|move: Taunt|Trick Room\n|\n|upkeep\n|j| scpSeptember\n|j| glimmeraqua\n|\n|t:|1700407052\n|switch|p2a: Go France|Ogerpon-Wellspring, F|100\/100\n|-damage|p2a: Go France|88\/100|[from] Stealth Rock\n|-status|p2a: Go France|psn\n|turn|6\n|l| AIRedzone\n|\n|t:|1700407065\n|switch|p1a: Kommo-o|Kommo-o, M|100\/100\n|move|p2a: Go France|Swords Dance|p2a: Go France\n|-boost|p2a: Go France|atk|2\n|move|p2b: StompThat|Bleakwind Storm|p1b: Cresselia|[spread] p1a,p1b\n|-supereffective|p1a: Kommo-o\n|-damage|p1a: Kommo-o|39\/100\n|-damage|p1b: Cresselia|71\/100\n|-unboost|p1a: Kommo-o|spe|1\n|move|p1b: Cresselia|Icy Wind|p2b: StompThat|[spread] p2a,p2b\n|-supereffective|p2b: StompThat\n|-damage|p2a: Go France|81\/100 psn\n|-damage|p2b: StompThat|39\/100\n|-unboost|p2a: Go France|spe|1\n|-unboost|p2b: StompThat|spe|1\n|\n|-heal|p2a: Go France|87\/100 psn|[from] Grassy Terrain\n|-heal|p1a: Kommo-o|45\/100|[from] Grassy Terrain\n|-heal|p1a: Kommo-o|51\/100|[from] item: Leftovers\n|-damage|p2a: Go France|75\/100 psn|[from] psn\n|-fieldend|move: Grassy Terrain\n|upkeep\n|turn|7\n|l| PUVL sero\n|j| SEROO\n|\n|t:|1700407094\n|switch|p1a: Landorus|Landorus-Therian, M|100\/100\n|-ability|p1a: Landorus|Intimidate|boost\n|-unboost|p2a: Go France|atk|1\n|-unboost|p2b: StompThat|atk|1\n|move|p1b: Cresselia|Icy Wind|p2a: Go France|[spread] p2a,p2b\n|-supereffective|p2b: StompThat\n|-damage|p2a: Go France|67\/100 psn\n|-damage|p2b: StompThat|22\/100\n|-unboost|p2a: Go France|spe|1\n|-unboost|p2b: StompThat|spe|1\n|move|p2a: Go France|Ivy Cudgel|p1b: Cresselia|[anim] Ivy Cudgel Water\n|-damage|p1b: Cresselia|26\/100\n|move|p2b: StompThat|Bleakwind Storm|p1b: Cresselia|[spread] p1a,p1b\n|-damage|p1a: Landorus|56\/100\n|-damage|p1b: Cresselia|5\/100\n|\n|-damage|p2a: Go France|55\/100 psn|[from] psn\n|-end|p1b: Cresselia|move: Taunt\n|upkeep\n|turn|8\n|j| AIRedzone\n|\n|t:|1700407131\n|-terastallize|p1a: Landorus|Flying\n|move|p2a: Go France|Spiky Shield|p2a: Go France\n|-singleturn|p2a: Go France|move: Protect\n|move|p2b: StompThat|Taunt|p1b: Cresselia\n|-start|p1b: Cresselia|move: Taunt\n|move|p1a: Landorus|Tera Blast|p2a: Go France|[anim] Tera Blast Flying\n|-activate|p2a: Go France|move: Protect\n|move|p1b: Cresselia|Psyshock|p2b: StompThat\n|-damage|p2b: StompThat|0 fnt\n|faint|p2b: StompThat\n|\n|-damage|p2a: Go France|42\/100 psn|[from] psn\n|upkeep\n|j| sisjsjdjdn\n|j| qsns\n|\n|t:|1700407167\n|switch|p2b: Hi chance to sweep|Rillaboom, F|37\/100 psn\n|-damage|p2b: Hi chance to sweep|25\/100 psn|[from] Stealth Rock\n|-fieldstart|move: Grassy Terrain|[from] ability: Grassy Surge|[of] p2b: Hi chance to sweep\n|turn|9\n|\n|t:|1700407215\n|switch|p1a: Kommo-o|Kommo-o, M|51\/100\n|move|p2b: Hi chance to sweep|Fake Out|p1a: Kommo-o\n|-damage|p1a: Kommo-o|43\/100\n|move|p2a: Go France|Grassy Glide|p1b: Cresselia\n|-damage|p1b: Cresselia|0 fnt\n|faint|p1b: Cresselia\n|\n|-heal|p1a: Kommo-o|49\/100|[from] Grassy Terrain\n|-heal|p1a: Kommo-o|55\/100|[from] item: Leftovers\n|-heal|p2b: Hi chance to sweep|31\/100 psn|[from] Grassy Terrain\n|-heal|p2a: Go France|48\/100 psn|[from] Grassy Terrain\n|-damage|p2b: Hi chance to sweep|19\/100 psn|[from] psn\n|-damage|p2a: Go France|36\/100 psn|[from] psn\n|upkeep\n|j| GuitarheroVGC\n|\n|t:|1700407226\n|switch|p1b: Landorus|Landorus-Therian, M, tera:Flying|56\/100\n|-ability|p1b: Landorus|Intimidate|boost\n|-unboost|p2a: Go France|atk|1\n|-unboost|p2b: Hi chance to sweep|atk|1\n|turn|10\n|j| qiwiwuj\n|\n|t:|1700407248\n|switch|p2a: Weirdo UwU|Ninetales-Alola, F|100\/100\n|-damage|p2a: Weirdo UwU|76\/100|[from] Stealth Rock\n|-status|p2a: Weirdo UwU|psn\n|-weather|Snow|[from] ability: Snow Warning|[of] p2a: Weirdo UwU\n|move|p1b: Landorus|Tera Blast|p2a: Weirdo UwU|[anim] Tera Blast Flying\n|-damage|p2a: Weirdo UwU|13\/100 psn\n|move|p1a: Kommo-o|Iron Defense|p1a: Kommo-o\n|-boost|p1a: Kommo-o|def|2\n|move|p2b: Hi chance to sweep|High Horsepower|p1a: Kommo-o\n|-crit|p1a: Kommo-o\n|-damage|p1a: Kommo-o|24\/100\n|\n|-weather|Snow|[upkeep]\n|-heal|p2a: Weirdo UwU|19\/100 psn|[from] Grassy Terrain\n|-heal|p1a: Kommo-o|30\/100|[from] Grassy Terrain\n|-heal|p1a: Kommo-o|36\/100|[from] item: Leftovers\n|-heal|p2b: Hi chance to sweep|25\/100 psn|[from] Grassy Terrain\n|-damage|p2a: Weirdo UwU|7\/100 psn|[from] psn\n|-damage|p2b: Hi chance to sweep|13\/100 psn|[from] psn\n|upkeep\n|turn|11\n|\n|t:|1700407271\n|move|p2b: Hi chance to sweep|Grassy Glide|p1b: Landorus\n|-resisted|p1b: Landorus\n|-damage|p1b: Landorus|43\/100\n|move|p1b: Landorus|Tera Blast|p2a: Weirdo UwU|[anim] Tera Blast Flying\n|-damage|p2a: Weirdo UwU|0 fnt\n|faint|p2a: Weirdo UwU\n|move|p1a: Kommo-o|Body Press|p2b: Hi chance to sweep\n|-crit|p2b: Hi chance to sweep\n|-damage|p2b: Hi chance to sweep|0 fnt\n|faint|p2b: Hi chance to sweep\n|\n|-weather|Snow|[upkeep]\n|-heal|p1a: Kommo-o|43\/100|[from] Grassy Terrain\n|-heal|p1a: Kommo-o|49\/100|[from] item: Leftovers\n|upkeep\n|\n|t:|1700407276\n|switch|p2a: Go France|Ogerpon-Wellspring, F|36\/100 psn\n|switch|p2b: IronMan|Gholdengo, shiny|100\/100\n|-damage|p2a: Go France|24\/100 psn|[from] Stealth Rock\n|-damage|p2b: IronMan|94\/100|[from] Stealth Rock\n|turn|12\n|l| AIRedzone\n|\n|t:|1700407306\n|switch|p1b: Kingambit|Kingambit, F|100\/100\n|move|p2a: Go France|Spiky Shield|p2a: Go France\n|-singleturn|p2a: Go France|move: Protect\n|move|p1a: Kommo-o|Protect|p1a: Kommo-o\n|-singleturn|p1a: Kommo-o|Protect\n|move|p2b: IronMan|Nasty Plot|p2b: IronMan\n|-boost|p2b: IronMan|spa|2\n|\n|-weather|Snow|[upkeep]\n|-heal|p2a: Go France|30\/100 psn|[from] Grassy Terrain\n|-heal|p2b: IronMan|100\/100|[from] Grassy Terrain\n|-heal|p1a: Kommo-o|55\/100|[from] Grassy Terrain\n|-heal|p1a: Kommo-o|61\/100|[from] item: Leftovers\n|-damage|p2a: Go France|17\/100 psn|[from] psn\n|upkeep\n|turn|13\n|\n|t:|1700407336\n|-terastallize|p2b: IronMan|Dragon\n|move|p1b: Kingambit|Sucker Punch|p2b: IronMan\n|-damage|p2b: IronMan|59\/100\n|move|p2a: Go France|Ivy Cudgel|p1b: Kingambit|[anim] Ivy Cudgel Water\n|-damage|p1b: Kingambit|63\/100\n|move|p2b: IronMan|Make It Rain|p1b: Kingambit|[spread] p1a,p1b\n|-resisted|p1b: Kingambit\n|-damage|p1a: Kommo-o|0 fnt\n|-damage|p1b: Kingambit|21\/100\n|-unboost|p2b: IronMan|spa|1\n|faint|p1a: Kommo-o\n|\n|-weather|Snow|[upkeep]\n|-heal|p2a: Go France|23\/100 psn|[from] Grassy Terrain\n|-heal|p2b: IronMan|65\/100|[from] Grassy Terrain\n|-heal|p2b: IronMan|71\/100|[from] item: Leftovers\n|-heal|p1b: Kingambit|27\/100|[from] Grassy Terrain\n|-damage|p2a: Go France|11\/100 psn|[from] psn\n|-fieldend|move: Grassy Terrain\n|upkeep\n|j| Jello1231\n|\n|t:|1700407347\n|switch|p1a: Flutter Mane|Flutter Mane|100\/100\n|turn|14\n|\n|t:|1700407360\n|move|p1b: Kingambit|Sucker Punch|p2b: IronMan\n|-damage|p2b: IronMan|29\/100\n|move|p1a: Flutter Mane|Dazzling Gleam|p2b: IronMan|[spread] p2a,p2b\n|-supereffective|p2b: IronMan\n|-damage|p2a: Go France|0 fnt\n|-damage|p2b: IronMan|0 fnt\n|faint|p2a: Go France\n|faint|p2b: IronMan\n|\n|win|steelpupa\n|c|\u2606Nephtyrix|gg\n|c|\u2606steelpupa|gg\n|l| Waffle2O23\n|l|+Frixel\n|l| infinity yone\n|c| xqiht|china\uff01\n|l|+zoe\n|l| ratpacker\n|l| pudim31\n|l| tianlengmeihou\n|l| scpSeptember\n|l| Nido-Rus\n|j| AIRedzone\n|l| AIRedzone\n|l| Lemurro\n","uploadtime":1700407389,"views":134,"p1id":"steelpupa","p2id":"nephtyrix","formatid":"gen9doublesou","rating":0,"private":0,"password":""}