{"id":"gen9doublesou-1993655030","p1":"Smol123","p2":"Linxus888","format":"[Gen 9] Doubles OU","log":"|j|\u2606Smol123\n|j|\u2606Linxus888\n|t:|1700342083\n|gametype|doubles\n|player|p1|Smol123|benga|1034\n|player|p2|Linxus888|kiawe|1084\n|teamsize|p1|6\n|teamsize|p2|6\n|gen|9\n|tier|[Gen 9] Doubles OU\n|rated|\n|rule|Species Clause: Limit one of each Pok\u00e9mon\n|rule|OHKO Clause: OHKO moves are banned\n|rule|Evasion Moves Clause: Evasion moves are banned\n|rule|Gravity Sleep Clause: The combination of sleep-inducing moves with imperfect accuracy and Gravity or Gigantamax Orbeetle are banned\n|rule|Endless Battle Clause: Forcing endless battles is banned\n|rule|HP Percentage Mod: HP is shown in percentages\n|clearpoke\n|poke|p1|Walking Wake|\n|poke|p1|Torkoal, M|\n|poke|p1|Scovillain, F|\n|poke|p1|Trevenant, M|\n|poke|p1|Wyrdeer, F|\n|poke|p1|Charizard, M|\n|poke|p2|Oricorio-Pom-Pom, F|\n|poke|p2|Volcarona, F|\n|poke|p2|Maushold-Four|\n|poke|p2|Grafaiai, M|\n|poke|p2|Slaking, F|\n|poke|p2|Arcanine, M|\n|teampreview\n|\n|t:|1700342105\n|start\n|switch|p1a: Wyrdeer|Wyrdeer, F|100\/100\n|switch|p1b: Torkoal|Torkoal, M|100\/100\n|switch|p2a: Grafaiai|Grafaiai, M|100\/100\n|switch|p2b: Slaking|Slaking, F|100\/100\n|-ability|p1a: Wyrdeer|Intimidate|boost\n|-unboost|p2a: Grafaiai|atk|1\n|-unboost|p2b: Slaking|atk|1\n|-weather|SunnyDay|[from] ability: Drought|[of] p1b: Torkoal\n|turn|1\n|\n|t:|1700342147\n|switch|p1a: Walking Wake|Walking Wake|100\/100\n|-activate|p1a: Walking Wake|ability: Protosynthesis\n|-start|p1a: Walking Wake|protosynthesisspa\n|move|p2a: Grafaiai|Doodle||[still]\n|-fail|p2a: Grafaiai\n|move|p2b: Slaking|Bulk Up|p2b: Slaking\n|-boost|p2b: Slaking|atk|1\n|-boost|p2b: Slaking|def|1\n|move|p1b: Torkoal|Yawn|p2b: Slaking\n|-start|p2b: Slaking|move: Yawn|[of] p1b: Torkoal\n|\n|-weather|SunnyDay|[upkeep]\n|upkeep\n|turn|2\n|\n|t:|1700342194\n|switch|p1b: Wyrdeer|Wyrdeer, F|100\/100\n|-ability|p1b: Wyrdeer|Intimidate|boost\n|-unboost|p2a: Grafaiai|atk|1\n|-unboost|p2b: Slaking|atk|1\n|move|p2a: Grafaiai|Doodle|p1b: Wyrdeer\n|-endability|p2a: Grafaiai|Prankster|[from] move: Doodle\n|-ability|p2a: Grafaiai|Intimidate|boost\n|-unboost|p1a: Walking Wake|atk|1\n|-unboost|p1b: Wyrdeer|atk|1\n|-ability|p2a: Grafaiai|Intimidate|[from] move: Doodle\n|-endability|p2b: Slaking|Truant|[from] move: Doodle\n|-ability|p2b: Slaking|Intimidate|boost\n|-unboost|p1a: Walking Wake|atk|1\n|-unboost|p1b: Wyrdeer|atk|1\n|-ability|p2b: Slaking|Intimidate|[from] move: Doodle\n|move|p1a: Walking Wake|Weather Ball|p2a: Grafaiai\n|-damage|p2a: Grafaiai|0 fnt\n|faint|p2a: Grafaiai\n|move|p2b: Slaking|Drain Punch|p1a: Walking Wake\n|-damage|p1a: Walking Wake|75\/100\n|\n|-weather|SunnyDay|[upkeep]\n|-end|p2b: Slaking|move: Yawn|[silent]\n|-status|p2b: Slaking|slp\n|upkeep\n|\n|t:|1700342214\n|switch|p2a: Maushold|Maushold-Four, shiny|100\/100\n|turn|3\n|\n|t:|1700342226\n|switch|p2b: Arcanine|Arcanine, M|100\/100\n|switch|p1b: Trevenant|Trevenant, M|100\/100\n|move|p2a: Maushold|Beat Up|p2b: Arcanine\n|-damage|p2b: Arcanine|98\/100\n|-ability|p2b: Arcanine|Justified|boost\n|-boost|p2b: Arcanine|atk|1\n|-damage|p2b: Arcanine|94\/100\n|-ability|p2b: Arcanine|Justified|boost\n|-boost|p2b: Arcanine|atk|1\n|-damage|p2b: Arcanine|91\/100\n|-ability|p2b: Arcanine|Justified|boost\n|-boost|p2b: Arcanine|atk|1\n|-damage|p2b: Arcanine|88\/100\n|-ability|p2b: Arcanine|Justified|boost\n|-boost|p2b: Arcanine|atk|1\n|-hitcount|p2b: Arcanine|4\n|move|p1a: Walking Wake|Weather Ball|p2a: Maushold\n|-damage|p2a: Maushold|0 fnt\n|faint|p2a: Maushold\n|\n|-weather|SunnyDay|[upkeep]\n|upkeep\n|\n|t:|1700342246\n|switch|p2a: Slaking|Slaking, F|100\/100 slp\n|turn|4\n|\n|t:|1700342258\n|-end|p1a: Walking Wake|Protosynthesis|[silent]\n|switch|p1a: Wyrdeer|Wyrdeer, F|100\/100\n|-ability|p1a: Wyrdeer|Intimidate|boost\n|-unboost|p2a: Slaking|atk|1\n|-unboost|p2b: Arcanine|atk|1\n|move|p2b: Arcanine|Extreme Speed|p1a: Wyrdeer\n|-damage|p1a: Wyrdeer|34\/100\n|cant|p2a: Slaking|slp\n|move|p1b: Trevenant|Will-O-Wisp|p2b: Arcanine\n|-immune|p2b: Arcanine\n|\n|-weather|SunnyDay|[upkeep]\n|upkeep\n|turn|5\n|\n|t:|1700342280\n|switch|p1a: Charizard|Charizard, M|100\/100\n|move|p1b: Trevenant|Protect|p1b: Trevenant\n|-singleturn|p1b: Trevenant|Protect\n|move|p2b: Arcanine|Extreme Speed|p1a: Charizard\n|-damage|p1a: Charizard|20\/100\n|-curestatus|p2a: Slaking|slp|[msg]\n|move|p2a: Slaking|Bulk Up|p2a: Slaking\n|-boost|p2a: Slaking|atk|1\n|-boost|p2a: Slaking|def|1\n|\n|-weather|SunnyDay|[upkeep]\n|upkeep\n|turn|6\n|\n|t:|1700342301\n|move|p2b: Arcanine|Crunch|p1b: Trevenant\n|-supereffective|p1b: Trevenant\n|-damage|p1b: Trevenant|0 fnt\n|faint|p1b: Trevenant\n|cant|p2a: Slaking|ability: Truant\n|move|p1a: Charizard|Roar|p2b: Arcanine\n|drag|p2b: Volcarona|Volcarona, F|100\/100\n|\n|-weather|SunnyDay|[upkeep]\n|upkeep\n|\n|t:|1700342319\n|switch|p1b: Torkoal|Torkoal, M|100\/100\n|turn|7\n|\n|t:|1700342335\n|-terastallize|p2b: Volcarona|Flying\n|move|p1a: Charizard|Air Slash|p2b: Volcarona\n|-damage|p2b: Volcarona|61\/100\n|move|p2b: Volcarona|Quiver Dance|p2b: Volcarona\n|-boost|p2b: Volcarona|spa|1\n|-boost|p2b: Volcarona|spd|1\n|-boost|p2b: Volcarona|spe|1\n|move|p2a: Slaking|Rock Slide|p1a: Charizard|[spread] p1a,p1b\n|-supereffective|p1a: Charizard\n|-supereffective|p1b: Torkoal\n|-damage|p1a: Charizard|0 fnt\n|-damage|p1b: Torkoal|61\/100\n|faint|p1a: Charizard\n|move|p1b: Torkoal|Will-O-Wisp|p2a: Slaking|[miss]\n|-miss|p1b: Torkoal|p2a: Slaking\n|\n|-weather|SunnyDay|[upkeep]\n|-heal|p2b: Volcarona|67\/100|[from] item: Leftovers\n|upkeep\n|\n|t:|1700342356\n|switch|p1a: Walking Wake|Walking Wake|75\/100\n|-activate|p1a: Walking Wake|ability: Protosynthesis\n|-start|p1a: Walking Wake|protosynthesisspa\n|turn|8\n|\n|t:|1700342372\n|switch|p2a: Oricorio|Oricorio-Pom-Pom, F, shiny|100\/100\n|move|p2b: Volcarona|Quiver Dance|p2b: Volcarona\n|-boost|p2b: Volcarona|spa|1\n|-boost|p2b: Volcarona|spd|1\n|-boost|p2b: Volcarona|spe|1\n|-activate|p2a: Oricorio|ability: Dancer\n|move|p2a: Oricorio|Quiver Dance|p2a: Oricorio|[from]ability: Dancer\n|-boost|p2a: Oricorio|spa|1\n|-boost|p2a: Oricorio|spd|1\n|-boost|p2a: Oricorio|spe|1\n|move|p1a: Walking Wake|Weather Ball|p2b: Volcarona\n|-damage|p2b: Volcarona|17\/100\n|move|p1b: Torkoal|Will-O-Wisp|p2a: Oricorio|[miss]\n|-miss|p1b: Torkoal|p2a: Oricorio\n|\n|-weather|none\n|-end|p1a: Walking Wake|Protosynthesis\n|-heal|p2b: Volcarona|23\/100|[from] item: Leftovers\n|upkeep\n|turn|9\n|\n|t:|1700342406\n|-end|p1a: Walking Wake|Protosynthesis|[silent]\n|switch|p1a: Scovillain|Scovillain, F|100\/100\n|switch|p1b: Wyrdeer|Wyrdeer, F|34\/100\n|-ability|p1b: Wyrdeer|Intimidate|boost\n|-unboost|p2a: Oricorio|atk|1\n|-unboost|p2b: Volcarona|atk|1\n|move|p2b: Volcarona|Giga Drain|p1a: Scovillain\n|-resisted|p1a: Scovillain\n|-damage|p1a: Scovillain|76\/100\n|-heal|p2b: Volcarona|34\/100|[from] drain|[of] p1a: Scovillain\n|move|p2a: Oricorio|Revelation Dance|p1a: Scovillain\n|-resisted|p1a: Scovillain\n|-damage|p1a: Scovillain|20\/100\n|\n|-heal|p2b: Volcarona|40\/100|[from] item: Leftovers\n|upkeep\n|turn|10\n|\n|t:|1700342435\n|switch|p1b: Torkoal|Torkoal, M|61\/100\n|-weather|SunnyDay|[from] ability: Drought|[of] p1b: Torkoal\n|move|p2a: Oricorio|Protect|p2a: Oricorio\n|-singleturn|p2a: Oricorio|Protect\n|move|p2b: Volcarona|Quiver Dance|p2b: Volcarona\n|-boost|p2b: Volcarona|spa|1\n|-boost|p2b: Volcarona|spd|1\n|-boost|p2b: Volcarona|spe|1\n|-activate|p2a: Oricorio|ability: Dancer\n|move|p2a: Oricorio|Quiver Dance|p2a: Oricorio|[from]ability: Dancer\n|-boost|p2a: Oricorio|spa|1\n|-boost|p2a: Oricorio|spd|1\n|-boost|p2a: Oricorio|spe|1\n|move|p1a: Scovillain|Flamethrower|p2b: Volcarona\n|-damage|p2b: Volcarona|9\/100\n|-status|p2b: Volcarona|brn\n|\n|-weather|SunnyDay|[upkeep]\n|-heal|p2b: Volcarona|15\/100 brn|[from] item: Leftovers\n|-damage|p2b: Volcarona|9\/100 brn|[from] brn\n|upkeep\n|turn|11\n|\n|t:|1700342465\n|move|p1a: Scovillain|Protect|p1a: Scovillain\n|-singleturn|p1a: Scovillain|Protect\n|move|p2b: Volcarona|Giga Drain|p1b: Torkoal\n|-resisted|p1b: Torkoal\n|-damage|p1b: Torkoal|28\/100\n|-heal|p2b: Volcarona|27\/100 brn|[from] drain|[of] p1b: Torkoal\n|move|p2a: Oricorio|Air Slash|p1a: Scovillain\n|-activate|p1a: Scovillain|move: Protect\n|move|p1b: Torkoal|Clear Smog|p2a: Oricorio\n|-damage|p2a: Oricorio|92\/100\n|-clearboost|p2a: Oricorio\n|\n|-weather|SunnyDay|[upkeep]\n|-heal|p2b: Volcarona|33\/100 brn|[from] item: Leftovers\n|-damage|p2b: Volcarona|27\/100 brn|[from] brn\n|upkeep\n|turn|12\n|\n|t:|1700342495\n|move|p2b: Volcarona|Fiery Dance|p1b: Torkoal\n|-resisted|p1b: Torkoal\n|-damage|p1b: Torkoal|0 fnt\n|faint|p1b: Torkoal\n|-activate|p2a: Oricorio|ability: Dancer\n|move|p2a: Oricorio|Fiery Dance|p1a: Scovillain|[from]ability: Dancer\n|-damage|p1a: Scovillain|0 fnt\n|faint|p1a: Scovillain\n|move|p2a: Oricorio|Air Slash|p1: Scovillain|[notarget]\n|-fail|p2a: Oricorio\n|\n|-weather|SunnyDay|[upkeep]\n|-heal|p2b: Volcarona|33\/100 brn|[from] item: Leftovers\n|-damage|p2b: Volcarona|27\/100 brn|[from] brn\n|upkeep\n|\n|t:|1700342508\n|switch|p1a: Walking Wake|Walking Wake|75\/100\n|switch|p1b: Wyrdeer|Wyrdeer, F|34\/100\n|-activate|p1a: Walking Wake|ability: Protosynthesis\n|-start|p1a: Walking Wake|protosynthesisspa\n|-ability|p1b: Wyrdeer|Intimidate|boost\n|-unboost|p2a: Oricorio|atk|1\n|-unboost|p2b: Volcarona|atk|1\n|turn|13\n|\n|t:|1700342537\n|move|p2a: Oricorio|Protect|p2a: Oricorio\n|-singleturn|p2a: Oricorio|Protect\n|move|p2b: Volcarona|Quiver Dance|p2b: Volcarona\n|-boost|p2b: Volcarona|spa|1\n|-boost|p2b: Volcarona|spd|1\n|-boost|p2b: Volcarona|spe|1\n|-activate|p2a: Oricorio|ability: Dancer\n|move|p2a: Oricorio|Quiver Dance|p2a: Oricorio|[from]ability: Dancer\n|-boost|p2a: Oricorio|spa|1\n|-boost|p2a: Oricorio|spd|1\n|-boost|p2a: Oricorio|spe|1\n|move|p1a: Walking Wake|Hydro Steam|p2a: Oricorio\n|-activate|p2a: Oricorio|move: Protect\n|move|p1b: Wyrdeer|Thunderbolt|p2b: Volcarona\n|-supereffective|p2b: Volcarona\n|-damage|p2b: Volcarona|11\/100 brn\n|\n|-weather|SunnyDay|[upkeep]\n|-heal|p2b: Volcarona|18\/100 brn|[from] item: Leftovers\n|-damage|p2b: Volcarona|11\/100 brn|[from] brn\n|upkeep\n|turn|14\n|\n|t:|1700342561\n|move|p2b: Volcarona|Giga Drain|p1a: Walking Wake\n|-damage|p1a: Walking Wake|0 fnt\n|-heal|p2b: Volcarona|52\/100 brn|[from] drain|[of] p1a: Walking Wake\n|faint|p1a: Walking Wake\n|-end|p1a: Walking Wake|Protosynthesis|[silent]\n|move|p2a: Oricorio|Revelation Dance|p1b: Wyrdeer\n|-damage|p1b: Wyrdeer|0 fnt\n|faint|p1b: Wyrdeer\n|\n|win|Linxus888\n|raw|Smol123's rating: 1034 &rarr; <strong>1021<\/strong><br \/>(-13 for losing)\n|raw|Linxus888's rating: 1084 &rarr; <strong>1107<\/strong><br \/>(+23 for winning)\n|l|\u2606Smol123\n","uploadtime":1700342579,"views":7,"p1id":"smol123","p2id":"linxus888","formatid":"gen9doublesou","rating":1021,"private":0,"password":""}