{"id":"gen9doublesou-1986046750","p1":"TomBatt07","p2":"xxgodzilla1.0","format":"[Gen 9] Doubles OU","log":"|j|\u2606TomBatt07\n|j|\u2606xxgodzilla1.0\n|inactive|Battle timer is ON: inactive players will automatically lose when time's up.\n|t:|1699443495\n|gametype|doubles\n|player|p1|TomBatt07|2|\n|player|p2|xxgodzilla1.0|266|\n|teamsize|p1|6\n|teamsize|p2|6\n|gen|9\n|tier|[Gen 9] Doubles OU\n|rated|Tournament battle\n|rule|Species Clause: Limit one of each Pok\u00e9mon\n|rule|OHKO Clause: OHKO moves are banned\n|rule|Evasion Moves Clause: Evasion moves are banned\n|rule|Gravity Sleep Clause: The combination of sleep-inducing moves with imperfect accuracy and Gravity or Gigantamax Orbeetle are banned\n|rule|Endless Battle Clause: Forcing endless battles is banned\n|rule|HP Percentage Mod: HP is shown in percentages\n|clearpoke\n|poke|p1|Slaking, M|\n|poke|p1|Fidough, M|\n|poke|p1|Voltorb-Hisui|\n|poke|p1|Venomoth, F|\n|poke|p1|Maschiff, M|\n|poke|p1|Rookidee, M|\n|poke|p2|Sandaconda, M|\n|poke|p2|Clefairy, F|\n|poke|p2|Mamoswine, F|\n|poke|p2|Bellsprout, M|\n|poke|p2|Gholdengo|\n|poke|p2|Eelektrik, F|\n|teampreview\n|j|*Lady Monita \u263d\n|inactive|xxgodzilla1.0 also wants the timer to be on.\n|j| Darv1n\n|c|\u2606xxgodzilla1.0|glhf\n|c|\u2606TomBatt07|you too!\n|\n|t:|1699443517\n|start\n|switch|p1a: Slaking|Slaking, M|100\/100\n|switch|p1b: Fidough|Fidough, M|100\/100\n|switch|p2a: Eelektrik|Eelektrik, F|100\/100\n|switch|p2b: Gholdengo|Gholdengo|100\/100\n|turn|1\n|\n|t:|1699443534\n|-terastallize|p1a: Slaking|Ground\n|move|p2b: Gholdengo|Protect|p2b: Gholdengo\n|-singleturn|p2b: Gholdengo|Protect\n|move|p1b: Fidough|Protect|p1b: Fidough\n|-singleturn|p1b: Fidough|Protect\n|move|p1a: Slaking|Earthquake|p2a: Eelektrik|[spread] \n|-activate|p1b: Fidough|move: Protect\n|-activate|p2b: Gholdengo|move: Protect\n|-immune|p2a: Eelektrik|[from] ability: Levitate\n|move|p2a: Eelektrik|Discharge|p1a: Slaking|[spread] \n|-activate|p2b: Gholdengo|move: Protect\n|-activate|p1b: Fidough|move: Protect\n|-immune|p1a: Slaking\n|\n|upkeep\n|turn|2\n|inactive|TomBatt07 has 120 seconds left.\n|\n|t:|1699443565\n|move|p2b: Gholdengo|Make It Rain|p1a: Slaking|[spread] p1a,p1b\n|-supereffective|p1b: Fidough\n|-damage|p1a: Slaking|58\/100\n|-damage|p1b: Fidough|0 fnt\n|-unboost|p2b: Gholdengo|spa|1\n|faint|p1b: Fidough\n|cant|p1a: Slaking|ability: Truant\n|move|p2a: Eelektrik|U-turn|p1a: Slaking\n|-damage|p1a: Slaking|48\/100\n|inactive|xxgodzilla1.0 has 120 seconds left.\n|\n|t:|1699443584\n|switch|p2a: Bellsprout|Bellsprout, M|100\/100|[from] U-turn\n|\n|upkeep\n|inactive|TomBatt07 has 120 seconds left.\n|\n|t:|1699443595\n|switch|p1b: Maschiff|Maschiff, M|100\/100\n|-ability|p1b: Maschiff|Intimidate|boost\n|-unboost|p2a: Bellsprout|atk|1\n|-unboost|p2b: Gholdengo|atk|1\n|turn|3\n|\n|t:|1699443621\n|move|p2b: Gholdengo|Protect|p2b: Gholdengo\n|-singleturn|p2b: Gholdengo|Protect\n|move|p1a: Slaking|Slack Off|p1a: Slaking\n|-heal|p1a: Slaking|98\/100\n|move|p2a: Bellsprout|Strength Sap|p1a: Slaking\n|-unboost|p1a: Slaking|atk|1\n|move|p1b: Maschiff|Ice Fang|p2a: Bellsprout\n|-supereffective|p2a: Bellsprout\n|-damage|p2a: Bellsprout|41\/100\n|\n|upkeep\n|turn|4\n|j| Fiddlw\n|inactive|xxgodzilla1.0 has 120 seconds left.\n|\n|t:|1699443657\n|-terastallize|p2b: Gholdengo|Steel\n|move|p2b: Gholdengo|Nasty Plot|p2b: Gholdengo\n|-boost|p2b: Gholdengo|spa|2\n|cant|p1a: Slaking|ability: Truant\n|move|p2a: Bellsprout|Strength Sap|p1b: Maschiff\n|-unboost|p1b: Maschiff|atk|1\n|-heal|p2a: Bellsprout|100\/100\n|move|p1b: Maschiff|Ice Fang|p2a: Bellsprout\n|-supereffective|p2a: Bellsprout\n|-damage|p2a: Bellsprout|63\/100\n|-status|p2a: Bellsprout|frz\n|\n|upkeep\n|turn|5\n|inactive|xxgodzilla1.0 has 120 seconds left.\n|inactive|TomBatt07 has 120 seconds left.\n|\n|t:|1699443701\n|move|p2b: Gholdengo|Protect|p2b: Gholdengo\n|-singleturn|p2b: Gholdengo|Protect\n|move|p1a: Slaking|Body Slam|p2a: Bellsprout\n|-crit|p2a: Bellsprout\n|-damage|p2a: Bellsprout|0 fnt\n|faint|p2a: Bellsprout\n|move|p1b: Maschiff|Destiny Bond|p1b: Maschiff\n|-singlemove|p1b: Maschiff|Destiny Bond\n|\n|upkeep\n|inactive|xxgodzilla1.0 has 90 seconds left.\n|\n|t:|1699443717\n|switch|p2a: Mamoswine|Mamoswine, F|100\/100\n|turn|6\n|\n|t:|1699443735\n|move|p2b: Gholdengo|Shadow Ball|p1a: Slaking\n|-damage|p1a: Slaking|33\/100\n|move|p2a: Mamoswine|Trailblaze|p1a: Slaking\n|-supereffective|p1a: Slaking\n|-crit|p1a: Slaking\n|-damage|p1a: Slaking|0 fnt\n|-boost|p2a: Mamoswine|spe|1\n|faint|p1a: Slaking\n|-damage|p2a: Mamoswine|91\/100|[from] item: Life Orb\n|move|p1b: Maschiff|Crunch|p2b: Gholdengo\n|-damage|p2b: Gholdengo|76\/100\n|\n|upkeep\n|inactive|TomBatt07 has 120 seconds left.\n|\n|t:|1699443753\n|switch|p1a: Venomoth|Venomoth, F|100\/100\n|turn|7\n|inactive|xxgodzilla1.0 has 120 seconds left.\n|\n|t:|1699443774\n|move|p2b: Gholdengo|Protect|p2b: Gholdengo\n|-singleturn|p2b: Gholdengo|Protect\n|move|p2a: Mamoswine|Earthquake|p1a: Venomoth|[spread] p1a,p1b\n|-activate|p2b: Gholdengo|move: Protect\n|-damage|p1a: Venomoth|0 fnt\n|-damage|p1b: Maschiff|46\/100\n|faint|p1a: Venomoth\n|-damage|p2a: Mamoswine|81\/100|[from] item: Life Orb\n|move|p1b: Maschiff|Destiny Bond|p1b: Maschiff\n|-singlemove|p1b: Maschiff|Destiny Bond\n|\n|upkeep\n|j| kanishk0612d\n|inactive|TomBatt07 has 120 seconds left.\n|\n|t:|1699443786\n|switch|p1a: Voltorb|Voltorb-Hisui|100\/100\n|turn|8\n|\n|t:|1699443799\n|move|p2a: Mamoswine|Ice Shard|p1a: Voltorb\n|-supereffective|p1a: Voltorb\n|-enditem|p1a: Voltorb|Focus Sash\n|-damage|p1a: Voltorb|1\/100\n|-damage|p2a: Mamoswine|71\/100|[from] item: Life Orb\n|move|p1a: Voltorb|Giga Drain|p2a: Mamoswine\n|-supereffective|p2a: Mamoswine\n|-damage|p2a: Mamoswine|2\/100\n|-heal|p1a: Voltorb|57\/100|[from] drain|[of] p2a: Mamoswine\n|move|p2b: Gholdengo|Shadow Ball|p1a: Voltorb\n|-damage|p1a: Voltorb|0 fnt\n|faint|p1a: Voltorb\n|move|p1b: Maschiff|Crunch|p2b: Gholdengo\n|-damage|p2b: Gholdengo|50\/100\n|-enditem|p2b: Gholdengo|Sitrus Berry|[eat]\n|-heal|p2b: Gholdengo|74\/100|[from] item: Sitrus Berry\n|\n|upkeep\n|\n|t:|1699443818\n|switch|p1a: Rookidee|Rookidee, M|100\/100\n|turn|9\n|\n|t:|1699443840\n|move|p2a: Mamoswine|Ice Shard|p1a: Rookidee\n|-supereffective|p1a: Rookidee\n|-damage|p1a: Rookidee|0 fnt\n|faint|p1a: Rookidee\n|-damage|p2a: Mamoswine|0 fnt|[from] item: Life Orb\n|faint|p2a: Mamoswine\n|move|p2b: Gholdengo|Make It Rain|p1b: Maschiff\n|-crit|p1b: Maschiff\n|-damage|p1b: Maschiff|0 fnt\n|-unboost|p2b: Gholdengo|spa|1\n|faint|p1b: Maschiff\n|\n|win|xxgodzilla1.0\n|n|\u2606TomBatt07|tombatt07\n|n|\u2606xxgodzilla1.0|xxgodzilla10\n|n|*Lady Monita \u263d|ladymonita\n|n| Darv1n|darv1n\n|n| Fiddlw|fiddlw\n|n| kanishk0612d|kanishk0612d\n","uploadtime":1699443841,"views":16,"p1id":"tombatt07","p2id":"xxgodzilla10","formatid":"gen9doublesou","rating":0,"private":0,"password":""}