{"id":"gen9doublesou-1991255644","p1":"cdaivies77","p2":"Finkle2","format":"[Gen 9] Doubles OU","log":"|j|\u2606cdaivies77\n|j|\u2606Finkle2\n|t:|1700061739\n|gametype|doubles\n|player|p1|cdaivies77|2|1143\n|player|p2|Finkle2|ghetsis|1130\n|teamsize|p1|6\n|teamsize|p2|6\n|gen|9\n|tier|[Gen 9] Doubles OU\n|rated|\n|rule|Species Clause: Limit one of each Pok\u00e9mon\n|rule|OHKO Clause: OHKO moves are banned\n|rule|Evasion Moves Clause: Evasion moves are banned\n|rule|Gravity Sleep Clause: The combination of sleep-inducing moves with imperfect accuracy and Gravity or Gigantamax Orbeetle are banned\n|rule|Endless Battle Clause: Forcing endless battles is banned\n|rule|HP Percentage Mod: HP is shown in percentages\n|clearpoke\n|poke|p1|Baxcalibur, F|\n|poke|p1|Tauros-Paldea-Blaze, M|\n|poke|p1|Sinistcha-Masterpiece|\n|poke|p1|Flamigo, F|\n|poke|p1|Ogerpon-Wellspring, F|\n|poke|p1|Grimmsnarl, M|\n|poke|p2|Sinistcha-Masterpiece|\n|poke|p2|Iron Hands|\n|poke|p2|Ninetales-Alola, M|\n|poke|p2|Amoonguss, M|\n|poke|p2|Goodra-Hisui, F|\n|poke|p2|Ursaluna-Bloodmoon, M|\n|teampreview\n|\n|t:|1700061752\n|start\n|switch|p1a: Baxcalibur|Baxcalibur, F|100\/100\n|switch|p1b: Tauros|Tauros-Paldea-Blaze, M|100\/100\n|switch|p2a: Shane Dawson|Sinistcha-Masterpiece|100\/100\n|switch|p2b: Fancy Claw|Ninetales-Alola, M, shiny|100\/100\n|-weather|Snow|[from] ability: Snow Warning|[of] p2b: Fancy Claw\n|turn|1\n|inactive|Battle timer is ON: inactive players will automatically lose when time's up. (requested by Finkle2)\n|\n|t:|1700061770\n|-terastallize|p2a: Shane Dawson|Ground\n|move|p1b: Tauros|Flame Charge|p2b: Fancy Claw\n|-supereffective|p2b: Fancy Claw\n|-damage|p2b: Fancy Claw|73\/100\n|-boost|p1b: Tauros|spe|1\n|move|p1a: Baxcalibur|Focus Energy|p1a: Baxcalibur\n|-start|p1a: Baxcalibur|move: Focus Energy\n|move|p2b: Fancy Claw|Aurora Veil|p2b: Fancy Claw\n|-sidestart|p2: Finkle2|move: Aurora Veil\n|move|p2a: Shane Dawson|Trick Room|p2a: Shane Dawson\n|-fieldstart|move: Trick Room|[of] p2a: Shane Dawson\n|\n|-weather|Snow|[upkeep]\n|upkeep\n|turn|2\n|\n|t:|1700061797\n|switch|p2b: Mr. Snail|Goodra-Hisui, F|100\/100\n|move|p1a: Baxcalibur|Ice Shard|p1b: Tauros\n|-resisted|p1b: Tauros\n|-crit|p1b: Tauros\n|-damage|p1b: Tauros|86\/100\n|-setboost|p1b: Tauros|atk|6|[from] ability: Anger Point\n|move|p2a: Shane Dawson|Matcha Gotcha|p1a: Baxcalibur|[spread] p1a,p1b\n|-resisted|p1a: Baxcalibur\n|-resisted|p1b: Tauros\n|-damage|p1a: Baxcalibur|87\/100\n|-damage|p1b: Tauros|70\/100\n|-damage|p2a: Shane Dawson|91\/100|[from] item: Life Orb\n|move|p1b: Tauros|Raging Bull|p2a: Shane Dawson\n|-sideend|p2: Finkle2|move: Aurora Veil\n|-damage|p2a: Shane Dawson|0 fnt\n|faint|p2a: Shane Dawson\n|\n|-weather|Snow|[upkeep]\n|upkeep\n|inactive|Finkle2 has 120 seconds left.\n|\n|t:|1700061820\n|switch|p2a: Lame|Ursaluna-Bloodmoon, M|100\/100\n|turn|3\n|\n|t:|1700061836\n|switch|p1a: Sinistcha|Sinistcha-Masterpiece|100\/100\n|-heal|p1b: Tauros|95\/100|[from] ability: Hospitality|[of] p1a: Sinistcha\n|move|p2a: Lame|Earth Power|p1b: Tauros\n|-supereffective|p1b: Tauros\n|-crit|p1b: Tauros\n|-damage|p1b: Tauros|0 fnt\n|faint|p1b: Tauros\n|move|p2b: Mr. Snail|Draco Meteor|p1a: Sinistcha|[miss]\n|-miss|p2b: Mr. Snail|p1a: Sinistcha\n|\n|-weather|Snow|[upkeep]\n|upkeep\n|\n|t:|1700061853\n|switch|p1b: Baxcalibur|Baxcalibur, F|87\/100\n|turn|4\n|\n|t:|1700061863\n|switch|p1a: Grimmsnarl|Grimmsnarl, M|100\/100\n|move|p2a: Lame|Blood Moon|p1a: Grimmsnarl\n|-damage|p1a: Grimmsnarl|12\/100\n|move|p2b: Mr. Snail|Draco Meteor|p1b: Baxcalibur\n|-supereffective|p1b: Baxcalibur\n|-damage|p1b: Baxcalibur|0 fnt\n|-unboost|p2b: Mr. Snail|spa|2\n|faint|p1b: Baxcalibur\n|\n|-weather|Snow|[upkeep]\n|upkeep\n|\n|t:|1700061877\n|switch|p1b: Ogerpon|Ogerpon-Wellspring, F|100\/100\n|turn|5\n|\n|t:|1700061894\n|switch|p2b: Amoongus|Amoonguss, M, shiny|100\/100\n|move|p1a: Grimmsnarl|Fake Out|p2b: Amoongus\n|-damage|p2b: Amoongus|89\/100\n|-damage|p1a: Grimmsnarl|0 fnt|[from] item: Rocky Helmet|[of] p2b: Amoongus\n|faint|p1a: Grimmsnarl\n|move|p2a: Lame|Hyper Voice|p1b: Ogerpon\n|-damage|p1b: Ogerpon|43\/100\n|move|p1b: Ogerpon|Ivy Cudgel|p2a: Lame|[anim] Ivy Cudgel Water\n|-supereffective|p2a: Lame\n|-damage|p2a: Lame|28\/100\n|\n|-weather|none\n|-fieldend|move: Trick Room\n|upkeep\n|\n|t:|1700061908\n|switch|p1a: Sinistcha|Sinistcha-Masterpiece|100\/100\n|-heal|p1b: Ogerpon|68\/100|[from] ability: Hospitality|[of] p1a: Sinistcha\n|turn|6\n|\n|t:|1700061931\n|switch|p2a: Mr. Snail|Goodra-Hisui, F|100\/100\n|move|p1b: Ogerpon|Ivy Cudgel|p2b: Amoongus|[anim] Ivy Cudgel Water\n|-resisted|p2b: Amoongus\n|-damage|p2b: Amoongus|60\/100\n|move|p1a: Sinistcha|Matcha Gotcha|p2a: Mr. Snail|[spread] p2b\n|-ability|p2a: Mr. Snail|Sap Sipper|boost\n|-boost|p2a: Mr. Snail|atk|1\n|-resisted|p2b: Amoongus\n|-damage|p2b: Amoongus|57\/100\n|move|p2b: Amoongus|Spore|p1b: Ogerpon\n|-immune|p1b: Ogerpon\n|\n|upkeep\n|turn|7\n|inactive|cdaivies77 has 120 seconds left.\n|\n|t:|1700061962\n|-terastallize|p1b: Ogerpon|Water\n|detailschange|p1b: Ogerpon|Ogerpon-Wellspring-Tera, F, tera:Water\n|-ability|p1b: Ogerpon|Embody Aspect (Wellspring)|boost\n|-boost|p1b: Ogerpon|spd|1\n|move|p2b: Amoongus|Protect|p2b: Amoongus\n|-singleturn|p2b: Amoongus|Protect\n|move|p1b: Ogerpon|Ivy Cudgel|p2a: Mr. Snail|[anim] Ivy Cudgel Water\n|-resisted|p2a: Mr. Snail\n|-damage|p2a: Mr. Snail|68\/100\n|move|p1a: Sinistcha|Life Dew||[still]|[spread] p1a,p1b\n|-fail|p1a: Sinistcha|heal\n|-heal|p1b: Ogerpon|93\/100\n|move|p2a: Mr. Snail|Draco Meteor|p1b: Ogerpon\n|-damage|p1b: Ogerpon|45\/100\n|-unboost|p2a: Mr. Snail|spa|2\n|\n|-heal|p2a: Mr. Snail|74\/100|[from] item: Leftovers\n|upkeep\n|turn|8\n|inactive|cdaivies77 has 120 seconds left.\n|\n|t:|1700061989\n|switch|p1a: Flamigo|Flamigo, F|100\/100\n|-copyboost|p1a: Flamigo|p1b: Ogerpon|[from] ability: Costar\n|switch|p2a: Sir Hands|Iron Hands|100\/100\n|switch|p2b: Fancy Claw|Ninetales-Alola, M, shiny|73\/100\n|-weather|Snow|[from] ability: Snow Warning|[of] p2b: Fancy Claw\n|move|p1b: Ogerpon|Ivy Cudgel|p2a: Sir Hands|[anim] Ivy Cudgel Water\n|-damage|p2a: Sir Hands|57\/100\n|\n|-weather|Snow|[upkeep]\n|upkeep\n|turn|9\n|inactive|cdaivies77 has 120 seconds left.\n|\n|t:|1700062017\n|move|p1b: Ogerpon|Spiky Shield|p1b: Ogerpon\n|-singleturn|p1b: Ogerpon|move: Protect\n|move|p1a: Flamigo|Sky Attack||[still]\n|-prepare|p1a: Flamigo|Sky Attack\n|-enditem|p1a: Flamigo|Power Herb\n|-anim|p1a: Flamigo|Sky Attack|p2a: Sir Hands\n|-crit|p2a: Sir Hands\n|-damage|p2a: Sir Hands|9\/100\n|move|p2b: Fancy Claw|Aurora Veil|p2b: Fancy Claw\n|-sidestart|p2: Finkle2|move: Aurora Veil\n|move|p2a: Sir Hands|Wild Charge|p1b: Ogerpon\n|-activate|p1b: Ogerpon|move: Protect\n|-damage|p2a: Sir Hands|0 fnt|[from] Spiky Shield|[of] p1b: Ogerpon\n|faint|p2a: Sir Hands\n|-end|p2a: Sir Hands|Quark Drive|[silent]\n|\n|-weather|Snow|[upkeep]\n|upkeep\n|inactive|Finkle2 has 120 seconds left.\n|\n|t:|1700062032\n|switch|p2a: Mr. Snail|Goodra-Hisui, F|74\/100\n|turn|10\n|\n|t:|1700062062\n|switch|p1a: Sinistcha|Sinistcha-Masterpiece|100\/100\n|-heal|p1b: Ogerpon|70\/100|[from] ability: Hospitality|[of] p1a: Sinistcha\n|move|p1b: Ogerpon|Encore|p2b: Fancy Claw\n|-start|p2b: Fancy Claw|Encore\n|move|p2b: Fancy Claw|Aurora Veil||[still]\n|-fail|p2b: Fancy Claw\n|move|p2a: Mr. Snail|Draco Meteor|p1b: Ogerpon|[miss]\n|-miss|p2a: Mr. Snail|p1b: Ogerpon\n|\n|-weather|Snow|[upkeep]\n|-heal|p2a: Mr. Snail|80\/100|[from] item: Leftovers\n|upkeep\n|turn|11\n|\n|t:|1700062088\n|switch|p2b: Amoongus|Amoonguss, M, shiny|57\/100\n|move|p1b: Ogerpon|Ivy Cudgel|p2a: Mr. Snail|[anim] Ivy Cudgel Water\n|-resisted|p2a: Mr. Snail\n|-damage|p2a: Mr. Snail|60\/100\n|move|p1a: Sinistcha|Life Dew||[still]|[spread] p1a,p1b\n|-fail|p1a: Sinistcha|heal\n|-heal|p1b: Ogerpon|95\/100\n|move|p2a: Mr. Snail|Draco Meteor|p1b: Ogerpon\n|-damage|p1b: Ogerpon|45\/100\n|-unboost|p2a: Mr. Snail|spa|2\n|\n|-weather|Snow|[upkeep]\n|-heal|p2a: Mr. Snail|66\/100|[from] item: Leftovers\n|upkeep\n|turn|12\n|\n|t:|1700062106\n|move|p1b: Ogerpon|Spiky Shield|p1b: Ogerpon\n|-singleturn|p1b: Ogerpon|move: Protect\n|move|p1a: Sinistcha|Life Dew||[still]|[spread] p1a,p1b\n|-fail|p1a: Sinistcha|heal\n|-heal|p1b: Ogerpon|70\/100\n|move|p2a: Mr. Snail|Draco Meteor|p1b: Ogerpon\n|-activate|p1b: Ogerpon|move: Protect\n|move|p2b: Amoongus|Pollen Puff|p2a: Mr. Snail\n|-heal|p2a: Mr. Snail|100\/100\n|\n|-weather|none\n|upkeep\n|turn|13\n|inactive|cdaivies77 has 120 seconds left.\n|\n|t:|1700062138\n|move|p1b: Ogerpon|Ivy Cudgel|p2a: Mr. Snail|[anim] Ivy Cudgel Water\n|-resisted|p2a: Mr. Snail\n|-damage|p2a: Mr. Snail|78\/100\n|move|p1a: Sinistcha|Life Dew||[still]|[spread] p1a,p1b\n|-fail|p1a: Sinistcha|heal\n|-heal|p1b: Ogerpon|95\/100\n|move|p2a: Mr. Snail|Draco Meteor|p1b: Ogerpon\n|-damage|p1b: Ogerpon|73\/100\n|-unboost|p2a: Mr. Snail|spa|2\n|move|p2b: Amoongus|Spore|p1b: Ogerpon\n|-status|p1b: Ogerpon|slp|[from] move: Spore\n|\n|-heal|p2a: Mr. Snail|84\/100|[from] item: Leftovers\n|upkeep\n|turn|14\n|\n|t:|1700062160\n|switch|p1a: Flamigo|Flamigo, F|100\/100\n|-copyboost|p1a: Flamigo|p1b: Ogerpon|[from] ability: Costar\n|switch|p2a: Lame|Ursaluna-Bloodmoon, M|28\/100\n|cant|p1b: Ogerpon|slp\n|move|p2b: Amoongus|Pollen Puff|p2a: Lame\n|-heal|p2a: Lame|78\/100\n|\n|upkeep\n|turn|15\n|\n|t:|1700062181\n|-curestatus|p1b: Ogerpon|slp|[msg]\n|move|p1b: Ogerpon|Spiky Shield|p1b: Ogerpon\n|-singleturn|p1b: Ogerpon|move: Protect\n|move|p1a: Flamigo|Brave Bird|p2a: Lame\n|-damage|p2a: Lame|56\/100\n|-damage|p1a: Flamigo|91\/100|[from] Recoil\n|move|p2a: Lame|Blood Moon|p1b: Ogerpon\n|-activate|p1b: Ogerpon|move: Protect\n|move|p2b: Amoongus|Spore|p1a: Flamigo\n|-status|p1a: Flamigo|slp|[from] move: Spore\n|\n|upkeep\n|turn|16\n|\n|t:|1700062202\n|switch|p2a: Fancy Claw|Ninetales-Alola, M, shiny|73\/100\n|-weather|Snow|[from] ability: Snow Warning|[of] p2a: Fancy Claw\n|move|p1b: Ogerpon|Ivy Cudgel|p2a: Fancy Claw|[anim] Ivy Cudgel Water\n|-damage|p2a: Fancy Claw|47\/100\n|cant|p1a: Flamigo|slp\n|move|p2b: Amoongus|Spore|p1b: Ogerpon\n|-status|p1b: Ogerpon|slp|[from] move: Spore\n|\n|-weather|Snow|[upkeep]\n|-sideend|p2: Finkle2|move: Aurora Veil\n|upkeep\n|turn|17\n|\n|t:|1700062223\n|switch|p2b: Lame|Ursaluna-Bloodmoon, M|56\/100\n|cant|p1b: Ogerpon|slp\n|-curestatus|p1a: Flamigo|slp|[msg]\n|move|p1a: Flamigo|Brave Bird|p2b: Lame\n|-damage|p2b: Lame|26\/100\n|-damage|p1a: Flamigo|78\/100|[from] Recoil\n|move|p2a: Fancy Claw|Blizzard|p1b: Ogerpon|[spread] p1a,p1b\n|-supereffective|p1a: Flamigo\n|-resisted|p1b: Ogerpon\n|-damage|p1a: Flamigo|40\/100\n|-damage|p1b: Ogerpon|65\/100 slp\n|\n|-weather|Snow|[upkeep]\n|upkeep\n|turn|18\n|inactive|cdaivies77 has 120 seconds left.\n|inactive|Finkle2 has 120 seconds left.\n|\n|t:|1700062256\n|switch|p2b: Mr. Snail|Goodra-Hisui, F|84\/100\n|cant|p1b: Ogerpon|slp\n|move|p1a: Flamigo|Brave Bird|p2b: Mr. Snail\n|-resisted|p2b: Mr. Snail\n|-damage|p2b: Mr. Snail|60\/100\n|-damage|p1a: Flamigo|32\/100|[from] Recoil\n|move|p2a: Fancy Claw|Blizzard|p1a: Flamigo|[spread] p1a,p1b\n|-supereffective|p1a: Flamigo\n|-resisted|p1b: Ogerpon\n|-damage|p1a: Flamigo|0 fnt\n|-damage|p1b: Ogerpon|57\/100 slp\n|faint|p1a: Flamigo\n|\n|-weather|Snow|[upkeep]\n|-heal|p2b: Mr. Snail|66\/100|[from] item: Leftovers\n|upkeep\n|inactive|cdaivies77 has 120 seconds left.\n|\n|t:|1700062271\n|switch|p1a: Sinistcha|Sinistcha-Masterpiece|100\/100\n|-heal|p1b: Ogerpon|82\/100 slp|[from] ability: Hospitality|[of] p1a: Sinistcha\n|turn|19\n|\n|t:|1700062287\n|move|p1a: Sinistcha|Protect|p1a: Sinistcha\n|-singleturn|p1a: Sinistcha|Protect\n|-curestatus|p1b: Ogerpon|slp|[msg]\n|move|p1b: Ogerpon|Ivy Cudgel|p2a: Fancy Claw|[anim] Ivy Cudgel Water\n|-damage|p2a: Fancy Claw|3\/100\n|move|p2a: Fancy Claw|Aurora Veil|p2a: Fancy Claw\n|-sidestart|p2: Finkle2|move: Aurora Veil\n|move|p2b: Mr. Snail|Flamethrower|p1a: Sinistcha\n|-activate|p1a: Sinistcha|move: Protect\n|\n|-weather|Snow|[upkeep]\n|-heal|p2b: Mr. Snail|72\/100|[from] item: Leftovers\n|upkeep\n|turn|20\n|\n|t:|1700062313\n|move|p2a: Fancy Claw|Protect|p2a: Fancy Claw\n|-singleturn|p2a: Fancy Claw|Protect\n|move|p1b: Ogerpon|Ivy Cudgel|p2a: Fancy Claw|[anim] Ivy Cudgel Water\n|-activate|p2a: Fancy Claw|move: Protect\n|move|p1a: Sinistcha|Life Dew||[still]|[spread] p1a,p1b\n|-fail|p1a: Sinistcha|heal\n|-heal|p1b: Ogerpon|100\/100\n|move|p2b: Mr. Snail|Flamethrower|p1a: Sinistcha\n|-supereffective|p1a: Sinistcha\n|-damage|p1a: Sinistcha|32\/100\n|-enditem|p1a: Sinistcha|Sitrus Berry|[eat]\n|-heal|p1a: Sinistcha|57\/100|[from] item: Sitrus Berry\n|\n|-weather|none\n|-heal|p2b: Mr. Snail|78\/100|[from] item: Leftovers\n|upkeep\n|turn|21\n|\n|t:|1700062332\n|move|p1b: Ogerpon|Ivy Cudgel|p2a: Fancy Claw|[anim] Ivy Cudgel Water\n|-crit|p2a: Fancy Claw\n|-damage|p2a: Fancy Claw|0 fnt\n|faint|p2a: Fancy Claw\n|move|p1a: Sinistcha|Life Dew||[still]|[spread] p1a,p1b\n|-heal|p1a: Sinistcha|82\/100\n|-fail|p1b: Ogerpon|heal\n|move|p2b: Mr. Snail|Flamethrower|p1a: Sinistcha\n|-supereffective|p1a: Sinistcha\n|-damage|p1a: Sinistcha|18\/100\n|\n|-heal|p2b: Mr. Snail|84\/100|[from] item: Leftovers\n|upkeep\n|\n|t:|1700062338\n|switch|p2a: Amoongus|Amoonguss, M, shiny|57\/100\n|turn|22\n|\n|t:|1700062352\n|move|p1a: Sinistcha|Protect|p1a: Sinistcha\n|-singleturn|p1a: Sinistcha|Protect\n|move|p1b: Ogerpon|Ivy Cudgel|p2a: Amoongus|[anim] Ivy Cudgel Water\n|-resisted|p2a: Amoongus\n|-damage|p2a: Amoongus|31\/100\n|move|p2b: Mr. Snail|Flamethrower|p1a: Sinistcha\n|-activate|p1a: Sinistcha|move: Protect\n|move|p2a: Amoongus|Spore|p1b: Ogerpon\n|-status|p1b: Ogerpon|slp|[from] move: Spore\n|\n|-heal|p2b: Mr. Snail|90\/100|[from] item: Leftovers\n|upkeep\n|turn|23\n|\n|t:|1700062375\n|cant|p1b: Ogerpon|slp\n|move|p1a: Sinistcha|Life Dew||[still]|[spread] p1a,p1b\n|-heal|p1a: Sinistcha|43\/100\n|-fail|p1b: Ogerpon|heal\n|move|p2b: Mr. Snail|Flamethrower|p1a: Sinistcha\n|-supereffective|p1a: Sinistcha\n|-damage|p1a: Sinistcha|0 fnt\n|faint|p1a: Sinistcha\n|move|p2a: Amoongus|Pollen Puff|p1b: Ogerpon\n|-damage|p1b: Ogerpon|86\/100 slp\n|\n|-heal|p2b: Mr. Snail|96\/100|[from] item: Leftovers\n|upkeep\n|turn|24\n|\n|t:|1700062390\n|switch|p2a: Lame|Ursaluna-Bloodmoon, M|26\/100\n|cant|p1b: Ogerpon|slp\n|move|p2b: Mr. Snail|Draco Meteor|p1b: Ogerpon\n|-damage|p1b: Ogerpon|41\/100 slp\n|-unboost|p2b: Mr. Snail|spa|2\n|\n|-heal|p2b: Mr. Snail|100\/100|[from] item: Leftovers\n|upkeep\n|turn|25\n|\n|t:|1700062403\n|-curestatus|p1b: Ogerpon|slp|[msg]\n|move|p1b: Ogerpon|Spiky Shield|p1b: Ogerpon\n|-singleturn|p1b: Ogerpon|move: Protect\n|move|p2b: Mr. Snail|Flash Cannon|p1b: Ogerpon\n|-activate|p1b: Ogerpon|move: Protect\n|move|p2a: Lame|Blood Moon|p1b: Ogerpon\n|-activate|p1b: Ogerpon|move: Protect\n|\n|upkeep\n|turn|26\n|\n|t:|1700062414\n|move|p1b: Ogerpon|Ivy Cudgel|p2a: Lame|[anim] Ivy Cudgel Water\n|-supereffective|p2a: Lame\n|-damage|p2a: Lame|0 fnt\n|faint|p2a: Lame\n|move|p2b: Mr. Snail|Flash Cannon|p1b: Ogerpon\n|-resisted|p1b: Ogerpon\n|-damage|p1b: Ogerpon|35\/100\n|\n|-sideend|p2: Finkle2|move: Aurora Veil\n|upkeep\n|\n|t:|1700062420\n|switch|p2a: Amoongus|Amoonguss, M, shiny|31\/100\n|turn|27\n|\n|t:|1700062432\n|move|p1b: Ogerpon|Spiky Shield|p1b: Ogerpon\n|-singleturn|p1b: Ogerpon|move: Protect\n|move|p2b: Mr. Snail|Flash Cannon|p1b: Ogerpon\n|-activate|p1b: Ogerpon|move: Protect\n|move|p2a: Amoongus|Spore|p1b: Ogerpon\n|-activate|p1b: Ogerpon|move: Protect\n|\n|upkeep\n|turn|28\n|\n|t:|1700062444\n|move|p1b: Ogerpon|Ivy Cudgel|p2a: Amoongus|[anim] Ivy Cudgel Water\n|-resisted|p2a: Amoongus\n|-crit|p2a: Amoongus\n|-damage|p2a: Amoongus|0 fnt\n|faint|p2a: Amoongus\n|move|p2b: Mr. Snail|Flash Cannon|p1b: Ogerpon\n|-resisted|p1b: Ogerpon\n|-damage|p1b: Ogerpon|27\/100\n|\n|upkeep\n|turn|29\n|\n|t:|1700062452\n|move|p1b: Ogerpon|Spiky Shield|p1b: Ogerpon\n|-singleturn|p1b: Ogerpon|move: Protect\n|move|p2b: Mr. Snail|Flash Cannon|p1b: Ogerpon\n|-activate|p1b: Ogerpon|move: Protect\n|\n|upkeep\n|turn|30\n|\n|t:|1700062462\n|move|p1b: Ogerpon|Ivy Cudgel|p2b: Mr. Snail|[anim] Ivy Cudgel Water\n|-resisted|p2b: Mr. Snail\n|-damage|p2b: Mr. Snail|67\/100\n|move|p2b: Mr. Snail|Flash Cannon|p1b: Ogerpon\n|-resisted|p1b: Ogerpon\n|-damage|p1b: Ogerpon|20\/100\n|-unboost|p1b: Ogerpon|spd|1\n|\n|-heal|p2b: Mr. Snail|73\/100|[from] item: Leftovers\n|upkeep\n|turn|31\n|\n|t:|1700062476\n|move|p1b: Ogerpon|Ivy Cudgel|p2b: Mr. Snail|[anim] Ivy Cudgel Water\n|-resisted|p2b: Mr. Snail\n|-crit|p2b: Mr. Snail\n|-damage|p2b: Mr. Snail|21\/100\n|move|p2b: Mr. Snail|Flash Cannon|p1b: Ogerpon\n|-resisted|p1b: Ogerpon\n|-crit|p1b: Ogerpon\n|-damage|p1b: Ogerpon|0 fnt\n|faint|p1b: Ogerpon\n|\n|win|Finkle2\n|raw|cdaivies77's rating: 1143 &rarr; <strong>1117<\/strong><br \/>(-26 for losing)\n|raw|Finkle2's rating: 1130 &rarr; <strong>1156<\/strong><br \/>(+26 for winning)\n|c|\u2606cdaivies77|gg\n","uploadtime":1700062489,"views":7,"p1id":"cdaivies77","p2id":"finkle2","formatid":"gen9doublesou","rating":1117,"private":0,"password":""}