{"id":"gen9doublesou-1998109499","p1":"doodoodfgh","p2":"FireFrostDragon","format":"[Gen 9] Doubles OU","log":"|j|\u2606doodoodfgh\n|j|\u2606FireFrostDragon\n|inactive|Battle timer is ON: inactive players will automatically lose when time's up.\n|t:|1700892933\n|gametype|doubles\n|player|p1|doodoodfgh|169|\n|player|p2|FireFrostDragon|acetrainerf|\n|teamsize|p1|2\n|teamsize|p2|2\n|gen|9\n|tier|[Gen 9] Doubles OU\n|rated|Tournament battle\n|rule|Species Clause: Limit one of each Pok\u00e9mon\n|rule|OHKO Clause: OHKO moves are banned\n|rule|Evasion Moves Clause: Evasion moves are banned\n|rule|Gravity Sleep Clause: The combination of sleep-inducing moves with imperfect accuracy and Gravity or Gigantamax Orbeetle are banned\n|rule|Endless Battle Clause: Forcing endless battles is banned\n|rule|HP Percentage Mod: HP is shown in percentages\n|clearpoke\n|poke|p1|Gothita, M|\n|poke|p1|Meowth-Galar, M|\n|poke|p2|Quaxwell, F|\n|poke|p2|Croagunk, M|\n|teampreview\n|j|*Lady Monita \u2746\n|c|\u2606doodoodfgh|glhf\n|\n|t:|1700892939\n|start\n|switch|p1a: Meowth|Meowth-Galar, M|100\/100\n|switch|p1b: Gothita|Gothita, M|100\/100\n|switch|p2a: Croagunk|Croagunk, M|100\/100\n|switch|p2b: Quaxwell|Quaxwell, F|100\/100\n|-item|p2a: Croagunk|Focus Sash|[from] ability: Frisk|[of] p1b: Gothita|[identify]\n|-item|p2b: Quaxwell|Eviolite|[from] ability: Frisk|[of] p1b: Gothita|[identify]\n|turn|1\n|\n|t:|1700892953\n|move|p2a: Croagunk|Fake Out|p1b: Gothita\n|-damage|p1b: Gothita|88\/100\n|move|p1a: Meowth|Fake Out|p2b: Quaxwell\n|-damage|p2b: Quaxwell|89\/100\n|-damage|p1a: Meowth|91\/100|[from] item: Life Orb\n|cant|p2b: Quaxwell|flinch\n|cant|p1b: Gothita|flinch\n|\n|upkeep\n|turn|2\n|\n|t:|1700892970\n|move|p2b: Quaxwell|Feather Dance|p1a: Meowth\n|-unboost|p1a: Meowth|atk|2\n|move|p2a: Croagunk|Gunk Shot|p1b: Gothita\n|-damage|p1b: Gothita|31\/100\n|-status|p1b: Gothita|psn\n|move|p1a: Meowth|Seed Bomb|p2b: Quaxwell\n|-supereffective|p2b: Quaxwell\n|-damage|p2b: Quaxwell|72\/100\n|-damage|p1a: Meowth|81\/100|[from] item: Life Orb\n|move|p1b: Gothita|Trick Room|p1b: Gothita\n|-fieldstart|move: Trick Room|[of] p1b: Gothita\n|\n|-damage|p1b: Gothita|19\/100 psn|[from] psn\n|upkeep\n|turn|3\n|\n|t:|1700892989\n|-terastallize|p2b: Quaxwell|Grass\n|move|p2a: Croagunk|Sucker Punch|p1b: Gothita\n|-supereffective|p1b: Gothita\n|-damage|p1b: Gothita|0 fnt\n|faint|p1b: Gothita\n|move|p1a: Meowth|Iron Head|p2a: Croagunk\n|-damage|p2a: Croagunk|41\/100\n|-damage|p1a: Meowth|71\/100|[from] item: Life Orb\n|move|p2b: Quaxwell|Feather Dance|p1a: Meowth\n|-unboost|p1a: Meowth|atk|2\n|\n|upkeep\n|turn|4\n|\n|t:|1700893002\n|move|p1a: Meowth|Iron Head|p2a: Croagunk\n|-damage|p2a: Croagunk|0 fnt\n|faint|p2a: Croagunk\n|-damage|p1a: Meowth|61\/100|[from] item: Life Orb\n|move|p2b: Quaxwell|Liquidation|p1a: Meowth\n|-damage|p1a: Meowth|17\/100\n|\n|upkeep\n|turn|5\n|\n|t:|1700893010\n|-terastallize|p1a: Meowth|Steel\n|move|p1a: Meowth|Iron Head|p2b: Quaxwell\n|-damage|p2b: Quaxwell|58\/100\n|-damage|p1a: Meowth|7\/100|[from] item: Life Orb\n|move|p2b: Quaxwell|Liquidation|p1a: Meowth\n|-damage|p1a: Meowth|0 fnt\n|faint|p1a: Meowth\n|\n|win|FireFrostDragon\n|n|\u2606doodoodfgh|doodoodfgh\n|n|\u2606FireFrostDragon|firefrostdragon\n|n|*Lady Monita \u2746|ladymonita\n","uploadtime":1700893011,"views":6,"p1id":"doodoodfgh","p2id":"firefrostdragon","formatid":"gen9doublesou","rating":0,"private":0,"password":""}