{"id":"gen9doublesou-1979211826","p1":"Schister","p2":"Trickroom4dumies","format":"[Gen 9] Doubles OU","log":"|j|\u2606Schister\n|j|\u2606Trickroom4dumies\n|t:|1698652959\n|gametype|doubles\n|player|p1|Schister|clair|1633\n|player|p2|Trickroom4dumies|hexmaniac-gen3|1712\n|teamsize|p1|6\n|teamsize|p2|6\n|gen|9\n|tier|[Gen 9] Doubles OU\n|rated|\n|rule|Species Clause: Limit one of each Pok\u00e9mon\n|rule|OHKO Clause: OHKO moves are banned\n|rule|Evasion Moves Clause: Evasion moves are banned\n|rule|Gravity Sleep Clause: The combination of sleep-inducing moves with imperfect accuracy and Gravity or Gigantamax Orbeetle are banned\n|rule|Endless Battle Clause: Forcing endless battles is banned\n|rule|HP Percentage Mod: HP is shown in percentages\n|clearpoke\n|poke|p1|Skeledirge, F|\n|poke|p1|Flutter Mane|\n|poke|p1|Ursaluna-Bloodmoon, M|\n|poke|p1|Iron Hands|\n|poke|p1|Cresselia, F|\n|poke|p1|Sinistcha-Masterpiece|\n|poke|p2|Ninetales-Alola, F|\n|poke|p2|Moltres-Galar|\n|poke|p2|Rillaboom, M|\n|poke|p2|Spectrier|\n|poke|p2|Goodra-Hisui, M|\n|poke|p2|Ogerpon-Wellspring, F|\n|teampreview\n|inactive|Battle timer is ON: inactive players will automatically lose when time's up. (requested by Schister)\n|inactive|Schister has 120 seconds left.\n|inactive|Trickroom4dumies has 120 seconds left.\n|\n|t:|1698653005\n|start\n|switch|p1a: Skeledirge|Skeledirge, F|100\/100\n|switch|p1b: Flutter Mane|Flutter Mane|100\/100\n|switch|p2a: Ninetales|Ninetales-Alola, F|100\/100\n|switch|p2b: Rillaboom|Rillaboom, M, shiny|100\/100\n|-weather|Snow|[from] ability: Snow Warning|[of] p2a: Ninetales\n|-fieldstart|move: Grassy Terrain|[from] ability: Grassy Surge|[of] p2b: Rillaboom\n|turn|1\n|\n|t:|1698653019\n|-end|p1b: Flutter Mane|Protosynthesis|[silent]\n|switch|p1b: Cresselia|Cresselia, F|100\/100\n|move|p2a: Ninetales|Aurora Veil|p2a: Ninetales\n|-sidestart|p2: Trickroom4dumies|move: Aurora Veil\n|move|p2b: Rillaboom|Wood Hammer|p1b: Cresselia\n|-damage|p1b: Cresselia|60\/100\n|-damage|p2b: Rillaboom|86\/100|[from] Recoil\n|move|p1a: Skeledirge|Torch Song|p2a: Ninetales\n|-supereffective|p2a: Ninetales\n|-damage|p2a: Ninetales|61\/100\n|-boost|p1a: Skeledirge|spa|1\n|\n|-weather|Snow|[upkeep]\n|-heal|p2a: Ninetales|67\/100|[from] Grassy Terrain\n|-heal|p2b: Rillaboom|92\/100|[from] Grassy Terrain\n|-heal|p1b: Cresselia|66\/100|[from] item: Leftovers\n|upkeep\n|turn|2\n|inactive|Trickroom4dumies has 120 seconds left.\n|\n|t:|1698653055\n|switch|p2a: Moltres|Moltres-Galar|100\/100\n|switch|p2b: Ogerpon|Ogerpon-Wellspring, F|100\/100\n|move|p1a: Skeledirge|Torch Song|p2b: Ogerpon\n|-damage|p2b: Ogerpon|66\/100\n|-boost|p1a: Skeledirge|spa|1\n|move|p1b: Cresselia|Trick Room|p1b: Cresselia\n|-fieldstart|move: Trick Room|[of] p1b: Cresselia\n|\n|-weather|Snow|[upkeep]\n|-heal|p1b: Cresselia|72\/100|[from] item: Leftovers\n|-heal|p2b: Ogerpon|73\/100|[from] Grassy Terrain\n|upkeep\n|turn|3\n|\n|t:|1698653079\n|move|p1a: Skeledirge|Will-O-Wisp|p2b: Ogerpon\n|-status|p2b: Ogerpon|brn\n|move|p1b: Cresselia|Psychic|p2b: Ogerpon\n|-damage|p2b: Ogerpon|55\/100 brn\n|move|p2a: Moltres|Fiery Wrath|p1a: Skeledirge|[spread] p1a,p1b\n|-supereffective|p1a: Skeledirge\n|-supereffective|p1b: Cresselia\n|-damage|p1a: Skeledirge|58\/100\n|-damage|p1b: Cresselia|34\/100\n|move|p2b: Ogerpon|Ivy Cudgel|p1a: Skeledirge\n|-supereffective|p1a: Skeledirge\n|-damage|p1a: Skeledirge|19\/100\n|\n|-weather|Snow|[upkeep]\n|-heal|p1a: Skeledirge|25\/100|[from] Grassy Terrain\n|-heal|p1a: Skeledirge|31\/100|[from] item: Leftovers\n|-heal|p1b: Cresselia|40\/100|[from] item: Leftovers\n|-heal|p2b: Ogerpon|61\/100 brn|[from] Grassy Terrain\n|-damage|p2b: Ogerpon|55\/100 brn|[from] brn\n|upkeep\n|turn|4\n|inactive|Schister has 120 seconds left.\n|\n|t:|1698653121\n|move|p1a: Skeledirge|Torch Song|p2a: Moltres\n|-damage|p2a: Moltres|65\/100\n|-boost|p1a: Skeledirge|spa|1\n|move|p1b: Cresselia|Lunar Blessing|p1b: Cresselia|[spread] p1a,p1b\n|-heal|p1a: Skeledirge|56\/100\n|-heal|p1b: Cresselia|65\/100\n|move|p2a: Moltres|Fiery Wrath|p1a: Skeledirge|[spread] p1a,p1b\n|-supereffective|p1a: Skeledirge\n|-supereffective|p1b: Cresselia\n|-damage|p1a: Skeledirge|13\/100\n|-damage|p1b: Cresselia|31\/100\n|move|p2b: Ogerpon|Ivy Cudgel|p1a: Skeledirge\n|-supereffective|p1a: Skeledirge\n|-damage|p1a: Skeledirge|0 fnt\n|faint|p1a: Skeledirge\n|\n|-weather|Snow|[upkeep]\n|-heal|p1b: Cresselia|37\/100|[from] item: Leftovers\n|-heal|p2b: Ogerpon|61\/100 brn|[from] Grassy Terrain\n|-damage|p2b: Ogerpon|55\/100 brn|[from] brn\n|upkeep\n|\n|t:|1698653128\n|switch|p1a: Iron Hands|Iron Hands|100\/100\n|turn|5\n|inactive|Schister has 120 seconds left.\n|l|\u2606Schister\n|inactive|Schister disconnected and has a minute to reconnect!\n|player|p1|\n|inactive|Schister has 30 seconds to reconnect!\n|inactive|Schister has 20 seconds to reconnect!\n|inactive|Schister has 15 seconds to reconnect!\n|inactive|Schister has 10 seconds to reconnect!\n|j|\u2606Schister\n|inactive|Schister reconnected and has 60 seconds left.\n|player|p1|Schister|clair\n|\n|t:|1698653219\n|move|p2b: Ogerpon|Follow Me|p2b: Ogerpon\n|-singleturn|p2b: Ogerpon|move: Follow Me\n|move|p1a: Iron Hands|Thunder Punch|p2b: Ogerpon\n|-damage|p2b: Ogerpon|21\/100 brn\n|move|p1b: Cresselia|Lunar Blessing|p1b: Cresselia|[spread] p1a,p1b\n|-heal|p1b: Cresselia|62\/100\n|move|p2a: Moltres|Nasty Plot|p2a: Moltres\n|-boost|p2a: Moltres|spa|2\n|\n|-weather|none\n|-heal|p1b: Cresselia|68\/100|[from] item: Leftovers\n|-heal|p2b: Ogerpon|28\/100 brn|[from] Grassy Terrain\n|-damage|p2b: Ogerpon|21\/100 brn|[from] brn\n|-fieldend|move: Grassy Terrain\n|upkeep\n|turn|6\n|inactive|Schister has 60 seconds left.\n|\n|t:|1698653258\n|switch|p2b: Rillaboom|Rillaboom, M, shiny|92\/100\n|-fieldstart|move: Grassy Terrain|[from] ability: Grassy Surge|[of] p2b: Rillaboom\n|-terastallize|p1b: Cresselia|Grass\n|move|p2a: Moltres|Protect|p2a: Moltres\n|-singleturn|p2a: Moltres|Protect\n|move|p1a: Iron Hands|Thunder Punch|p2a: Moltres\n|-activate|p2a: Moltres|move: Protect\n|move|p1b: Cresselia|Lunar Blessing|p1b: Cresselia|[spread] p1a,p1b\n|-heal|p1b: Cresselia|93\/100\n|\n|-heal|p1b: Cresselia|99\/100|[from] item: Leftovers\n|-heal|p2b: Rillaboom|98\/100|[from] Grassy Terrain\n|-fieldend|move: Trick Room\n|upkeep\n|turn|7\n|inactive|Schister has 60 seconds left.\n|\n|t:|1698653279\n|-terastallize|p2a: Moltres|Poison\n|move|p2a: Moltres|Fiery Wrath|p1b: Cresselia|[spread] p1a,p1b\n|-resisted|p1a: Iron Hands\n|-damage|p1a: Iron Hands|84\/100\n|-damage|p1b: Cresselia|64\/100\n|move|p2b: Rillaboom|Wood Hammer|p1a: Iron Hands\n|-damage|p1a: Iron Hands|30\/100\n|-damage|p2b: Rillaboom|77\/100|[from] Recoil\n|move|p1a: Iron Hands|Thunder Punch|p2a: Moltres\n|-damage|p2a: Moltres|31\/100\n|-ability|p2a: Moltres|Berserk|boost\n|-boost|p2a: Moltres|spa|1\n|-enditem|p2a: Moltres|Sitrus Berry|[eat]\n|-heal|p2a: Moltres|56\/100|[from] item: Sitrus Berry\n|move|p1b: Cresselia|Trick Room|p1b: Cresselia\n|-fieldstart|move: Trick Room|[of] p1b: Cresselia\n|\n|-heal|p1a: Iron Hands|36\/100|[from] Grassy Terrain\n|-heal|p1b: Cresselia|70\/100|[from] item: Leftovers\n|-heal|p2b: Rillaboom|84\/100|[from] Grassy Terrain\n|-heal|p2a: Moltres|62\/100|[from] Grassy Terrain\n|upkeep\n|turn|8\n|\n|t:|1698653303\n|move|p2a: Moltres|Protect|p2a: Moltres\n|-singleturn|p2a: Moltres|Protect\n|move|p1a: Iron Hands|Drain Punch|p2b: Rillaboom\n|-damage|p2b: Rillaboom|56\/100\n|-heal|p1a: Iron Hands|48\/100|[from] drain|[of] p2b: Rillaboom\n|move|p1b: Cresselia|Psychic|p2a: Moltres\n|-activate|p2a: Moltres|move: Protect\n|move|p2b: Rillaboom|Wood Hammer|p1a: Iron Hands\n|-damage|p1a: Iron Hands|0 fnt\n|faint|p1a: Iron Hands\n|-end|p1a: Iron Hands|Quark Drive|[silent]\n|-damage|p2b: Rillaboom|38\/100|[from] Recoil\n|-enditem|p2b: Rillaboom|Sitrus Berry|[eat]\n|-heal|p2b: Rillaboom|63\/100|[from] item: Sitrus Berry\n|\n|-heal|p1b: Cresselia|76\/100|[from] item: Leftovers\n|-heal|p2b: Rillaboom|69\/100|[from] Grassy Terrain\n|-heal|p2a: Moltres|68\/100|[from] Grassy Terrain\n|-sideend|p2: Trickroom4dumies|move: Aurora Veil\n|upkeep\n|\n|t:|1698653306\n|switch|p1a: Ursaluna|Ursaluna-Bloodmoon, M|100\/100\n|turn|9\n|inactive|Schister has 90 seconds left.\n|\n|t:|1698653331\n|move|p1b: Cresselia|Ally Switch|p1b: Cresselia\n|swap|p1b: Cresselia|0|[from] move: Ally Switch\n|move|p1b: Ursaluna|Earth Power|p2a: Moltres\n|-supereffective|p2a: Moltres\n|-damage|p2a: Moltres|0 fnt\n|faint|p2a: Moltres\n|move|p2b: Rillaboom|Wood Hammer|p1a: Cresselia\n|-resisted|p1a: Cresselia\n|-damage|p1a: Cresselia|55\/100\n|-damage|p2b: Rillaboom|61\/100|[from] Recoil\n|\n|-heal|p1a: Cresselia|61\/100|[from] item: Leftovers\n|-heal|p2b: Rillaboom|67\/100|[from] Grassy Terrain\n|upkeep\n|inactive|Trickroom4dumies has 120 seconds left.\n|\n|t:|1698653349\n|switch|p2a: Spectrier|Spectrier|100\/100\n|-enditem|p2a: Spectrier|Grassy Seed\n|-boost|p2a: Spectrier|def|1|[from] item: Grassy Seed\n|turn|10\n|\n|t:|1698653360\n|move|p2a: Spectrier|Protect|p2a: Spectrier\n|-singleturn|p2a: Spectrier|Protect\n|move|p1b: Ursaluna|Blood Moon|p2b: Rillaboom\n|-damage|p2b: Rillaboom|0 fnt\n|faint|p2b: Rillaboom\n|move|p1a: Cresselia|Psychic|p2a: Spectrier\n|-activate|p2a: Spectrier|move: Protect\n|\n|-heal|p1a: Cresselia|67\/100|[from] item: Leftovers\n|-fieldend|move: Grassy Terrain\n|upkeep\n|\n|t:|1698653366\n|switch|p2b: Ninetales|Ninetales-Alola, F|67\/100\n|-weather|Snow|[from] ability: Snow Warning|[of] p2b: Ninetales\n|turn|11\n|\n|t:|1698653377\n|move|p1b: Ursaluna|Hyper Voice|p2b: Ninetales|[spread] p2a,p2b\n|-damage|p2a: Spectrier|62\/100\n|-damage|p2b: Ninetales|29\/100\n|move|p1a: Cresselia|Psychic|p2b: Ninetales\n|-damage|p2b: Ninetales|2\/100\n|move|p2b: Ninetales|Aurora Veil|p2b: Ninetales\n|-sidestart|p2: Trickroom4dumies|move: Aurora Veil\n|move|p2a: Spectrier|Nasty Plot|p2a: Spectrier\n|-boost|p2a: Spectrier|spa|2\n|\n|-weather|Snow|[upkeep]\n|-heal|p1a: Cresselia|73\/100|[from] item: Leftovers\n|-fieldend|move: Trick Room\n|upkeep\n|turn|12\n|inactive|Trickroom4dumies has 120 seconds left.\n|\n|t:|1698653412\n|move|p1b: Ursaluna|Vacuum Wave|p2b: Ninetales\n|-damage|p2b: Ninetales|0 fnt\n|faint|p2b: Ninetales\n|move|p2a: Spectrier|Shadow Ball|p1a: Cresselia\n|-damage|p1a: Cresselia|19\/100\n|move|p1a: Cresselia|Trick Room|p1a: Cresselia\n|-fieldstart|move: Trick Room|[of] p1a: Cresselia\n|\n|-weather|Snow|[upkeep]\n|-heal|p1a: Cresselia|25\/100|[from] item: Leftovers\n|upkeep\n|inactive|Trickroom4dumies has 120 seconds left.\n|\n|t:|1698653439\n|switch|p2b: Goodra|Goodra-Hisui, M, shiny|100\/100\n|turn|13\n|inactive|Trickroom4dumies has 120 seconds left.\n|\n|t:|1698653456\n|move|p2a: Spectrier|Protect|p2a: Spectrier\n|-singleturn|p2a: Spectrier|Protect\n|move|p1b: Ursaluna|Earth Power|p2b: Goodra\n|-supereffective|p2b: Goodra\n|-damage|p2b: Goodra|57\/100\n|move|p2b: Goodra|Acid Armor|p2b: Goodra\n|-boost|p2b: Goodra|def|2\n|move|p1a: Cresselia|Lunar Blessing|p1a: Cresselia|[spread] p1a,p1b\n|-heal|p1a: Cresselia|50\/100\n|\n|-weather|Snow|[upkeep]\n|-heal|p2b: Goodra|64\/100|[from] item: Leftovers\n|-heal|p1a: Cresselia|56\/100|[from] item: Leftovers\n|upkeep\n|turn|14\n|inactive|Trickroom4dumies has 120 seconds left.\n|\n|t:|1698653499\n|move|p1b: Ursaluna|Blood Moon|p2a: Spectrier\n|-damage|p2a: Spectrier|3\/100\n|move|p2b: Goodra|Body Press|p1b: Ursaluna\n|-supereffective|p1b: Ursaluna\n|-damage|p1b: Ursaluna|38\/100\n|move|p1a: Cresselia|Lunar Blessing|p1a: Cresselia|[spread] p1a,p1b\n|-heal|p1a: Cresselia|81\/100\n|-heal|p1b: Ursaluna|63\/100\n|move|p2a: Spectrier|Draining Kiss|p1a: Cresselia\n|-damage|p1a: Cresselia|56\/100\n|-heal|p2a: Spectrier|27\/100|[from] drain|[of] p1a: Cresselia\n|\n|-weather|Snow|[upkeep]\n|-heal|p2b: Goodra|70\/100|[from] item: Leftovers\n|-heal|p1a: Cresselia|62\/100|[from] item: Leftovers\n|upkeep\n|turn|15\n|inactive|Trickroom4dumies has 120 seconds left.\n|\n|t:|1698653533\n|move|p1a: Cresselia|Ally Switch|p1a: Cresselia\n|swap|p1a: Cresselia|1|[from] move: Ally Switch\n|move|p1a: Ursaluna|Hyper Voice|p2a: Spectrier|[spread] p2a,p2b\n|-resisted|p2b: Goodra\n|-damage|p2a: Spectrier|0 fnt\n|-damage|p2b: Goodra|62\/100\n|faint|p2a: Spectrier\n|move|p2b: Goodra|Acid Armor|p2b: Goodra\n|-boost|p2b: Goodra|def|2\n|\n|-weather|none\n|-heal|p2b: Goodra|69\/100|[from] item: Leftovers\n|-heal|p1b: Cresselia|68\/100|[from] item: Leftovers\n|upkeep\n|-message|Trickroom4dumies forfeited.\n|\n|win|Schister\n|raw|Schister's rating: 1633 &rarr; <strong>1657<\/strong><br \/>(+24 for winning)\n|raw|Trickroom4dumies's rating: 1712 &rarr; <strong>1688<\/strong><br \/>(-24 for losing)\n|l|\u2606Trickroom4dumies\n","uploadtime":1698653554,"views":27,"p1id":"schister","p2id":"trickroom4dumies","formatid":"gen9doublesou","rating":1657,"private":0,"password":""}