{"id":"gen9doublesou-1978461614","p1":"SXD2002","p2":"ApolonTheImmoral","format":"[Gen 9] Doubles OU","log":"|j|\u2606SXD2002\n|j|\u2606ApolonTheImmoral\n|t:|1698542007\n|gametype|doubles\n|player|p1|SXD2002|silver-masters|1106\n|player|p2|ApolonTheImmoral|ethan|1084\n|teamsize|p1|6\n|teamsize|p2|6\n|gen|9\n|tier|[Gen 9] Doubles OU\n|rated|\n|rule|Species Clause: Limit one of each Pok\u00e9mon\n|rule|OHKO Clause: OHKO moves are banned\n|rule|Evasion Moves Clause: Evasion moves are banned\n|rule|Gravity Sleep Clause: The combination of sleep-inducing moves with imperfect accuracy and Gravity or Gigantamax Orbeetle are banned\n|rule|Endless Battle Clause: Forcing endless battles is banned\n|rule|HP Percentage Mod: HP is shown in percentages\n|clearpoke\n|poke|p1|Lurantis, M|\n|poke|p1|Murkrow, F|\n|poke|p1|Grimmsnarl, M|\n|poke|p1|Clefairy, M|\n|poke|p1|Talonflame, M|\n|poke|p1|Espeon, F|\n|poke|p2|Kingambit, M|\n|poke|p2|Golem, F|\n|poke|p2|Torkoal, F|\n|poke|p2|Dusclops, M|\n|poke|p2|Gastrodon, F|\n|poke|p2|Hatterene, F|\n|teampreview\n|inactive|Battle timer is ON: inactive players will automatically lose when time's up. (requested by SXD2002)\n|inactive|SXD2002 has 120 seconds left.\n|\n|t:|1698542049\n|start\n|switch|p1a: Murkrow|Murkrow, F|100\/100\n|switch|p1b: Lurantis|Lurantis, M|100\/100\n|switch|p2a: Dusclops|Dusclops, M, shiny|100\/100\n|switch|p2b: Hatterene|Hatterene, F|100\/100\n|-ability|p2a: Dusclops|Pressure\n|turn|1\n|\n|t:|1698542061\n|move|p1a: Murkrow|Snarl|p2a: Dusclops|[spread] p2a,p2b\n|-supereffective|p2a: Dusclops\n|-damage|p2a: Dusclops|85\/100\n|-damage|p2b: Hatterene|88\/100\n|-unboost|p2a: Dusclops|spa|1\n|-unboost|p2b: Hatterene|spa|1\n|move|p1b: Lurantis|Leaf Storm|p2b: Hatterene\n|-damage|p2b: Hatterene|51\/100\n|-boost|p1b: Lurantis|spa|2\n|move|p2b: Hatterene|Dazzling Gleam|p1b: Lurantis|[spread] p1a,p1b\n|-supereffective|p1a: Murkrow\n|-crit|p1a: Murkrow\n|-damage|p1a: Murkrow|7\/100\n|-damage|p1b: Lurantis|83\/100\n|move|p2a: Dusclops|Trick Room|p2a: Dusclops\n|-fieldstart|move: Trick Room|[of] p2a: Dusclops\n|\n|-heal|p1b: Lurantis|89\/100|[from] item: Leftovers\n|upkeep\n|turn|2\n|\n|t:|1698542081\n|move|p1a: Murkrow|Thunder Wave|p2a: Dusclops|[miss]\n|-miss|p1a: Murkrow|p2a: Dusclops\n|move|p2a: Dusclops|Will-O-Wisp|p1b: Lurantis\n|-status|p1b: Lurantis|brn\n|move|p2b: Hatterene|Dazzling Gleam|p1a: Murkrow|[spread] p1a,p1b\n|-supereffective|p1a: Murkrow\n|-damage|p1a: Murkrow|0 fnt\n|-damage|p1b: Lurantis|72\/100 brn\n|faint|p1a: Murkrow\n|move|p1b: Lurantis|Leaf Storm|p2b: Hatterene\n|-damage|p2b: Hatterene|0 fnt\n|-boost|p1b: Lurantis|spa|2\n|faint|p2b: Hatterene\n|\n|-heal|p1b: Lurantis|78\/100 brn|[from] item: Leftovers\n|-damage|p1b: Lurantis|72\/100 brn|[from] brn\n|upkeep\n|\n|t:|1698542099\n|switch|p2b: Golem|Golem, F, shiny|100\/100\n|switch|p1a: Grimmsnarl|Grimmsnarl, M|100\/100\n|turn|3\n|\n|t:|1698542112\n|move|p1b: Lurantis|Protect|p1b: Lurantis\n|-singleturn|p1b: Lurantis|Protect\n|move|p1a: Grimmsnarl|Fake Tears|p2a: Dusclops\n|-unboost|p2a: Dusclops|spd|2\n|move|p2a: Dusclops|Night Shade|p1b: Lurantis\n|-activate|p1b: Lurantis|move: Protect\n|move|p2b: Golem|Rock Slide|p1a: Grimmsnarl|[spread] p1a\n|-activate|p1b: Lurantis|move: Protect\n|-damage|p1a: Grimmsnarl|64\/100\n|\n|-heal|p1b: Lurantis|78\/100 brn|[from] item: Leftovers\n|-heal|p1a: Grimmsnarl|71\/100|[from] item: Leftovers\n|-damage|p1b: Lurantis|72\/100 brn|[from] brn\n|upkeep\n|turn|4\n|\n|t:|1698542132\n|-terastallize|p1b: Lurantis|Steel\n|move|p1a: Grimmsnarl|Fake Tears|p1b: Lurantis\n|-boost|p1b: Lurantis|spd|2\n|move|p2a: Dusclops|Night Shade|p1b: Lurantis\n|-damage|p1b: Lurantis|43\/100 brn\n|move|p2b: Golem|Rock Slide|p1a: Grimmsnarl|[spread] p1b\n|-miss|p2b: Golem|p1a: Grimmsnarl\n|-resisted|p1b: Lurantis\n|-damage|p1b: Lurantis|27\/100 brn\n|move|p1b: Lurantis|Leaf Storm|p2b: Golem\n|-supereffective|p2b: Golem\n|-ability|p2b: Golem|Sturdy\n|-damage|p2b: Golem|1\/100\n|-boost|p1b: Lurantis|spa|2\n|-enditem|p2b: Golem|Weakness Policy\n|-boost|p2b: Golem|atk|2|[from] item: Weakness Policy\n|-boost|p2b: Golem|spa|2|[from] item: Weakness Policy\n|\n|-heal|p1b: Lurantis|33\/100 brn|[from] item: Leftovers\n|-heal|p1a: Grimmsnarl|77\/100|[from] item: Leftovers\n|-damage|p1b: Lurantis|27\/100 brn|[from] brn\n|upkeep\n|turn|5\n|\n|t:|1698542155\n|move|p1b: Lurantis|Protect|p1b: Lurantis\n|-singleturn|p1b: Lurantis|Protect\n|move|p2a: Dusclops|Night Shade|p1b: Lurantis\n|-activate|p1b: Lurantis|move: Protect\n|move|p2b: Golem|Earthquake|p1a: Grimmsnarl|[spread] p2a,p1a\n|-activate|p1b: Lurantis|move: Protect\n|-damage|p2a: Dusclops|49\/100\n|-damage|p1a: Grimmsnarl|0 fnt\n|faint|p1a: Grimmsnarl\n|\n|-heal|p1b: Lurantis|33\/100 brn|[from] item: Leftovers\n|-damage|p1b: Lurantis|27\/100 brn|[from] brn\n|-fieldend|move: Trick Room\n|upkeep\n|\n|t:|1698542169\n|switch|p1a: Talonflame|Talonflame, M|100\/100\n|turn|6\n|\n|t:|1698542186\n|move|p2b: Golem|Protect|p2b: Golem\n|-singleturn|p2b: Golem|Protect\n|move|p1a: Talonflame|Defog|p1b: Lurantis\n|-boost|p1b: Lurantis|evasion|1\n|move|p1b: Lurantis|Leaf Storm|p2a: Dusclops\n|-crit|p2a: Dusclops\n|-damage|p2a: Dusclops|0 fnt\n|faint|p2a: Dusclops\n|\n|-heal|p1b: Lurantis|33\/100 brn|[from] item: Leftovers\n|-damage|p1b: Lurantis|27\/100 brn|[from] brn\n|upkeep\n|\n|t:|1698542198\n|switch|p2a: Torkoal|Torkoal, F, shiny|100\/100\n|turn|7\n|\n|t:|1698542222\n|move|p1b: Lurantis|Protect|p1b: Lurantis\n|-singleturn|p1b: Lurantis|Protect\n|move|p1a: Talonflame|Will-O-Wisp|p2b: Golem\n|-status|p2b: Golem|brn\n|move|p2b: Golem|Rock Slide|p1b: Lurantis|[spread] p1a\n|-activate|p1b: Lurantis|move: Protect\n|-supereffective|p1a: Talonflame\n|-damage|p1a: Talonflame|0 fnt\n|faint|p1a: Talonflame\n|move|p2a: Torkoal|Overheat|p1b: Lurantis\n|-activate|p1b: Lurantis|move: Protect\n|\n|-heal|p1b: Lurantis|33\/100 brn|[from] item: Leftovers\n|-damage|p1b: Lurantis|27\/100 brn|[from] brn\n|-damage|p2b: Golem|0 fnt|[from] brn\n|faint|p2b: Golem\n|upkeep\n|\n|t:|1698542241\n|switch|p1a: Espeon|Espeon, F|100\/100\n|switch|p2b: Gastrodon|Gastrodon, F, shiny|100\/100\n|turn|8\n|\n|t:|1698542251\n|move|p1a: Espeon|Psych Up|p1b: Lurantis\n|-copyboost|p1a: Espeon|p1b: Lurantis|[from] move: Psych Up\n|move|p1b: Lurantis|Leaf Storm|p2b: Gastrodon\n|-supereffective|p2b: Gastrodon\n|-damage|p2b: Gastrodon|0 fnt\n|faint|p2b: Gastrodon\n|move|p2a: Torkoal|Overheat|p1b: Lurantis\n|-supereffective|p1b: Lurantis\n|-damage|p1b: Lurantis|0 fnt\n|-unboost|p2a: Torkoal|spa|2\n|faint|p1b: Lurantis\n|\n|upkeep\n|\n|t:|1698542263\n|switch|p1b: Clefairy|Clefairy, M|100\/100\n|switch|p2b: Kingambit|Kingambit, M, shiny|100\/100\n|-activate|p2b: Kingambit|ability: Supreme Overlord\n|-start|p2b: Kingambit|fallen4|[silent]\n|turn|9\n|\n|t:|1698542282\n|move|p2b: Kingambit|Protect|p2b: Kingambit\n|-singleturn|p2b: Kingambit|Protect\n|move|p1b: Clefairy|Follow Me|p1b: Clefairy\n|-singleturn|p1b: Clefairy|move: Follow Me\n|move|p1a: Espeon|Draining Kiss|p2b: Kingambit\n|-activate|p2b: Kingambit|move: Protect\n|move|p2a: Torkoal|Overheat|p1b: Clefairy\n|-damage|p1b: Clefairy|75\/100\n|-unboost|p2a: Torkoal|spa|2\n|\n|upkeep\n|turn|10\n|\n|t:|1698542300\n|move|p1b: Clefairy|Helping Hand|p1a: Espeon\n|-singleturn|p1a: Espeon|Helping Hand|[of] p1b: Clefairy\n|move|p2b: Kingambit|Sucker Punch|p1a: Espeon|[miss]\n|-miss|p2b: Kingambit|p1a: Espeon\n|move|p1a: Espeon|Draining Kiss|p2b: Kingambit\n|-damage|p2b: Kingambit|0 fnt\n|faint|p2b: Kingambit\n|-end|p2b: Kingambit|fallen4|[silent]\n|move|p2a: Torkoal|Overheat|p1b: Clefairy\n|-damage|p1b: Clefairy|56\/100\n|-unboost|p2a: Torkoal|spa|2\n|\n|upkeep\n|turn|11\n|c|\u2606ApolonTheImmoral|gg\n|\n|t:|1698542314\n|move|p1b: Clefairy|Helping Hand|p1a: Espeon\n|-singleturn|p1a: Espeon|Helping Hand|[of] p1b: Clefairy\n|move|p1a: Espeon|Stored Power|p2a: Torkoal\n|-damage|p2a: Torkoal|0 fnt\n|faint|p2a: Torkoal\n|\n|win|SXD2002\n|raw|SXD2002's rating: 1106 &rarr; <strong>1129<\/strong><br \/>(+23 for winning)\n|raw|ApolonTheImmoral's rating: 1084 &rarr; <strong>1063<\/strong><br \/>(-21 for losing)\n|c|\u2606SXD2002|gg\n|l|\u2606ApolonTheImmoral\n","uploadtime":1698542322,"views":13,"p1id":"sxd2002","p2id":"apolontheimmoral","formatid":"gen9doublesou","rating":1063,"private":0,"password":""}