{"id":"gen9doublesou-1983981306","p1":"Bugcatcher1045","p2":"Drago0315","format":"[Gen 9] Doubles OU","log":"|j|\u2606Bugcatcher1045\n|j|\u2606Drago0315\n|t:|1699206523\n|gametype|doubles\n|player|p1|Bugcatcher1045|rocket-gen1rb|1348\n|player|p2|Drago0315|pokekid|1253\n|teamsize|p1|6\n|teamsize|p2|6\n|gen|9\n|tier|[Gen 9] Doubles OU\n|rated|\n|rule|Species Clause: Limit one of each Pok\u00e9mon\n|rule|OHKO Clause: OHKO moves are banned\n|rule|Evasion Moves Clause: Evasion moves are banned\n|rule|Gravity Sleep Clause: The combination of sleep-inducing moves with imperfect accuracy and Gravity or Gigantamax Orbeetle are banned\n|rule|Endless Battle Clause: Forcing endless battles is banned\n|rule|HP Percentage Mod: HP is shown in percentages\n|clearpoke\n|poke|p1|Florges, F|\n|poke|p1|Meowscarada, M|\n|poke|p1|Goodra-Hisui, M|\n|poke|p1|Golduck, F|\n|poke|p1|Sinistcha|\n|poke|p1|Kommo-o, M|\n|poke|p2|Rillaboom, F|\n|poke|p2|Landorus-Therian, M|\n|poke|p2|Snorlax, M|\n|poke|p2|Clefairy, F|\n|poke|p2|Sinistcha-Masterpiece|\n|poke|p2|Sneasler, F|\n|teampreview\n|\n|t:|1699206528\n|start\n|switch|p1a: Meowscarada|Meowscarada, M|100\/100\n|switch|p1b: Goodra|Goodra-Hisui, M|100\/100\n|switch|p2a: Sneasler|Sneasler, F, shiny|100\/100\n|switch|p2b: Rillaboom|Rillaboom, F, shiny|100\/100\n|-fieldstart|move: Grassy Terrain|[from] ability: Grassy Surge|[of] p2b: Rillaboom\n|-enditem|p2a: Sneasler|Grassy Seed\n|-boost|p2a: Sneasler|def|1|[from] item: Grassy Seed\n|-enditem|p2b: Rillaboom|Grassy Seed\n|-boost|p2b: Rillaboom|def|1|[from] item: Grassy Seed\n|turn|1\n|\n|t:|1699206544\n|-terastallize|p1b: Goodra|Flying\n|move|p2b: Rillaboom|Fake Out|p1a: Meowscarada\n|-damage|p1a: Meowscarada|81\/100\n|move|p2a: Sneasler|Swords Dance|p2a: Sneasler\n|-boost|p2a: Sneasler|atk|2\n|cant|p1a: Meowscarada|flinch\n|move|p1b: Goodra|Dragon Tail|p2a: Sneasler\n|-damage|p2a: Sneasler|59\/100\n|-damage|p1b: Goodra|91\/100|[from] item: Life Orb\n|drag|p2a: Snorlax|Snorlax, M, shiny|100\/100\n|\n|-heal|p1a: Meowscarada|87\/100|[from] Grassy Terrain\n|upkeep\n|turn|2\n|\n|t:|1699206564\n|switch|p2b: Landorus|Landorus-Therian, M|100\/100\n|-ability|p2b: Landorus|Intimidate|boost\n|-unboost|p1a: Meowscarada|atk|1\n|-unboost|p1b: Goodra|atk|1\n|move|p1a: Meowscarada|Petal Blizzard|p2a: Snorlax|[spread] p2a,p2b\n|-ability|p1b: Goodra|Sap Sipper|boost\n|-boost|p1b: Goodra|atk|1\n|-damage|p2a: Snorlax|76\/100\n|-damage|p2b: Landorus|71\/100\n|move|p2a: Snorlax|Belly Drum|p2a: Snorlax\n|-damage|p2a: Snorlax|26\/100\n|-setboost|p2a: Snorlax|atk|6|[from] move: Belly Drum\n|-enditem|p2a: Snorlax|Sitrus Berry|[eat]\n|-heal|p2a: Snorlax|51\/100|[from] item: Sitrus Berry\n|move|p1b: Goodra|Dragon Tail|p2a: Snorlax\n|-crit|p2a: Snorlax\n|-damage|p2a: Snorlax|0 fnt\n|faint|p2a: Snorlax\n|-damage|p1b: Goodra|81\/100|[from] item: Life Orb\n|\n|-heal|p1a: Meowscarada|93\/100|[from] Grassy Terrain\n|upkeep\n|\n|t:|1699206583\n|switch|p2a: Sneasler|Sneasler, F, shiny|59\/100\n|turn|3\n|\n|t:|1699206587\n|move|p1a: Meowscarada|Petal Blizzard|p2a: Sneasler|[spread] p2a,p2b\n|-ability|p1b: Goodra|Sap Sipper|boost\n|-boost|p1b: Goodra|atk|1\n|-resisted|p2a: Sneasler\n|-damage|p2a: Sneasler|36\/100\n|-damage|p2b: Landorus|42\/100\n|move|p2a: Sneasler|Acrobatics|p1a: Meowscarada\n|-supereffective|p1a: Meowscarada\n|-damage|p1a: Meowscarada|0 fnt\n|faint|p1a: Meowscarada\n|move|p2b: Landorus|Rock Slide|p1b: Goodra\n|-supereffective|p1b: Goodra\n|-damage|p1b: Goodra|0 fnt\n|faint|p1b: Goodra\n|\n|-heal|p2a: Sneasler|42\/100|[from] Grassy Terrain\n|upkeep\n|\n|t:|1699206612\n|switch|p1a: Kommo-o|Kommo-o, M|100\/100\n|switch|p1b: Florges|Florges, F|100\/100\n|turn|4\n|\n|t:|1699206625\n|switch|p2b: Sinistcha|Sinistcha-Masterpiece, shiny|100\/100\n|-heal|p2a: Sneasler|67\/100|[from] ability: Hospitality|[of] p2b: Sinistcha\n|move|p2a: Sneasler|Dire Claw|p1b: Florges\n|-supereffective|p1b: Florges\n|-damage|p1b: Florges|9\/100\n|-damage|p2a: Sneasler|50\/100|[from] item: Rocky Helmet|[of] p1b: Florges\n|move|p1a: Kommo-o|Clanging Scales|p2a: Sneasler|[spread] p2a,p2b\n|-damage|p2a: Sneasler|11\/100\n|-damage|p2b: Sinistcha|67\/100\n|-unboost|p1a: Kommo-o|def|1\n|-enditem|p1a: Kommo-o|Throat Spray\n|-boost|p1a: Kommo-o|spa|1|[from] item: Throat Spray\n|move|p1b: Florges|Moonblast|p2a: Sneasler\n|-damage|p2a: Sneasler|0 fnt\n|faint|p2a: Sneasler\n|\n|-heal|p1b: Florges|15\/100|[from] Grassy Terrain\n|-heal|p2b: Sinistcha|73\/100|[from] Grassy Terrain\n|upkeep\n|\n|t:|1699206641\n|switch|p2a: Rillaboom|Rillaboom, F, shiny|100\/100\n|turn|5\n|\n|t:|1699206650\n|move|p1b: Florges|Protect|p1b: Florges\n|-singleturn|p1b: Florges|Protect\n|move|p2a: Rillaboom|Fake Out|p1a: Kommo-o\n|-damage|p1a: Kommo-o|84\/100\n|cant|p1a: Kommo-o|flinch\n|move|p2b: Sinistcha|Trick Room|p2b: Sinistcha\n|-fieldstart|move: Trick Room|[of] p2b: Sinistcha\n|\n|-heal|p2b: Sinistcha|79\/100|[from] Grassy Terrain\n|-heal|p1b: Florges|21\/100|[from] Grassy Terrain\n|-heal|p1a: Kommo-o|90\/100|[from] Grassy Terrain\n|-fieldend|move: Grassy Terrain\n|upkeep\n|turn|6\n|\n|t:|1699206671\n|move|p2b: Sinistcha|Matcha Gotcha|p1a: Kommo-o|[spread] p1a,p1b\n|-resisted|p1a: Kommo-o\n|-damage|p1a: Kommo-o|76\/100\n|-heal|p2b: Sinistcha|86\/100|[from] drain|[of] p1a: Kommo-o\n|-damage|p1b: Florges|0 fnt\n|-heal|p2b: Sinistcha|97\/100|[from] drain|[of] p1b: Florges\n|faint|p1b: Florges\n|move|p1a: Kommo-o|Clanging Scales|p2a: Rillaboom|[spread] p2a,p2b\n|-damage|p2a: Rillaboom|41\/100\n|-damage|p2b: Sinistcha|47\/100\n|-unboost|p1a: Kommo-o|def|1\n|move|p2a: Rillaboom|Drum Beating|p1a: Kommo-o\n|-resisted|p1a: Kommo-o\n|-damage|p1a: Kommo-o|46\/100\n|-unboost|p1a: Kommo-o|spe|1\n|\n|upkeep\n|\n|t:|1699206677\n|switch|p1b: Sinistcha|Sinistcha|100\/100\n|-heal|p1a: Kommo-o|71\/100|[from] ability: Hospitality|[of] p1b: Sinistcha\n|turn|7\n|\n|t:|1699206694\n|move|p2b: Sinistcha|Strength Sap|p1a: Kommo-o\n|-unboost|p1a: Kommo-o|atk|1\n|-heal|p2b: Sinistcha|100\/100\n|move|p1b: Sinistcha|Imprison|p1b: Sinistcha\n|-start|p1b: Sinistcha|move: Imprison\n|move|p1a: Kommo-o|Clangorous Soul|p1a: Kommo-o\n|-boost|p1a: Kommo-o|atk|1\n|-boost|p1a: Kommo-o|def|1\n|-boost|p1a: Kommo-o|spa|1\n|-boost|p1a: Kommo-o|spd|1\n|-boost|p1a: Kommo-o|spe|1\n|-damage|p1a: Kommo-o|38\/100\n|move|p2a: Rillaboom|Grassy Glide|p1a: Kommo-o\n|-resisted|p1a: Kommo-o\n|-damage|p1a: Kommo-o|21\/100\n|\n|upkeep\n|turn|8\n|\n|t:|1699206725\n|switch|p2b: Clefairy|Clefairy, F, shiny|100\/100\n|move|p1b: Sinistcha|Shadow Ball|p2a: Rillaboom\n|-damage|p2a: Rillaboom|0 fnt\n|faint|p2a: Rillaboom\n|move|p1a: Kommo-o|Clanging Scales|p2b: Clefairy\n|-immune|p2b: Clefairy\n|\n|upkeep\n|\n|t:|1699206737\n|switch|p2a: Landorus|Landorus-Therian, M|42\/100\n|-ability|p2a: Landorus|Intimidate|boost\n|-unboost|p1a: Kommo-o|atk|1\n|-unboost|p1b: Sinistcha|atk|1\n|turn|9\n|\n|t:|1699206753\n|-terastallize|p2a: Landorus|Flying\n|move|p2b: Clefairy|Follow Me|p2b: Clefairy\n|-singleturn|p2b: Clefairy|move: Follow Me\n|move|p1b: Sinistcha|Matcha Gotcha|p2b: Clefairy|[spread] p2a,p2b\n|-resisted|p2a: Landorus\n|-damage|p2a: Landorus|24\/100\n|-damage|p2b: Clefairy|80\/100\n|-status|p2a: Landorus|brn\n|move|p1a: Kommo-o|Hyper Voice|p2b: Clefairy|[spread] p2a,p2b\n|-damage|p2a: Landorus|0 fnt\n|-damage|p2b: Clefairy|60\/100\n|faint|p2a: Landorus\n|\n|-fieldend|move: Trick Room\n|upkeep\n|\n|t:|1699206765\n|switch|p2a: Sinistcha|Sinistcha-Masterpiece, shiny|100\/100\n|-heal|p2b: Clefairy|85\/100|[from] ability: Hospitality|[of] p2a: Sinistcha\n|turn|10\n|\n|t:|1699206771\n|move|p2b: Clefairy|Protect|p2b: Clefairy\n|-singleturn|p2b: Clefairy|Protect\n|move|p1a: Kommo-o|Hyper Voice|p2b: Clefairy|[spread] \n|-activate|p2b: Clefairy|move: Protect\n|-immune|p2a: Sinistcha\n|move|p1b: Sinistcha|Shadow Ball|p2a: Sinistcha\n|-supereffective|p2a: Sinistcha\n|-damage|p2a: Sinistcha|19\/100\n|move|p2a: Sinistcha|Trick Room|p2a: Sinistcha\n|-fieldstart|move: Trick Room|[of] p2a: Sinistcha\n|\n|upkeep\n|turn|11\n|-message|Drago0315 forfeited.\n|\n|win|Bugcatcher1045\n|raw|Bugcatcher1045's rating: 1348 &rarr; <strong>1363<\/strong><br \/>(+15 for winning)\n|raw|Drago0315's rating: 1253 &rarr; <strong>1235<\/strong><br \/>(-18 for losing)\n|l|\u2606Drago0315\n|j|\u2606Drago0315\n|player|p2|Drago0315|pokekid\n|l|\u2606Drago0315\n|player|p2|\n","uploadtime":1699206789,"views":12,"p1id":"bugcatcher1045","p2id":"drago0315","formatid":"gen9doublesou","rating":1235,"private":0,"password":""}