{"id":"gen9doublesou-1967829999","p1":"gayautisticspider","p2":"TripPJ","format":"[Gen 9] Doubles OU","log":"|html|<div class=\"broadcast-blue\"><strong>[Gen 9] Doubles OU is currently suspecting Basculegion & Flutter Mane! For information on how to participate check out the <a href=\"https:\/\/www.smogon.com\/forums\/threads\/np-sv-dou-stage-8-double-trouble.3729153\/\">suspect thread<\/a>.<\/strong><\/div>\n|j|\u2606gayautisticspider\n|j|\u2606TripPJ\n|t:|1697343753\n|gametype|doubles\n|player|p1|gayautisticspider|101|1178\n|player|p2|TripPJ|cynthia|1175\n|teamsize|p1|6\n|teamsize|p2|6\n|gen|9\n|tier|[Gen 9] Doubles OU\n|rated|\n|rule|Species Clause: Limit one of each Pok\u00e9mon\n|rule|OHKO Clause: OHKO moves are banned\n|rule|Evasion Moves Clause: Evasion moves are banned\n|rule|Gravity Sleep Clause: The combination of sleep-inducing moves with imperfect accuracy and Gravity or Gigantamax Orbeetle are banned\n|rule|Endless Battle Clause: Forcing endless battles is banned\n|rule|HP Percentage Mod: HP is shown in percentages\n|clearpoke\n|poke|p1|Ogerpon-Wellspring, F|\n|poke|p1|Arcanine, M|\n|poke|p1|Iron Bundle|\n|poke|p1|Glimmora, F|\n|poke|p1|Gholdengo|\n|poke|p1|Zapdos|\n|poke|p2|Ninetales-Alola, M|\n|poke|p2|Piloswine, F|\n|poke|p2|Abomasnow, F|\n|poke|p2|Sandslash-Alola, F|\n|poke|p2|Articuno|\n|poke|p2|Cloyster, F|\n|teampreview\n|inactive|Battle timer is ON: inactive players will automatically lose when time's up. (requested by gayautisticspider)\n|\n|t:|1697343780\n|start\n|switch|p1a: Gholdengo|Gholdengo|100\/100\n|switch|p1b: Arcanine|Arcanine, M, shiny|100\/100\n|switch|p2a: Abomasnow|Abomasnow, F, shiny|100\/100\n|switch|p2b: Cloyster|Cloyster, F|100\/100\n|-ability|p1b: Arcanine|Intimidate|boost\n|-unboost|p2a: Abomasnow|atk|1\n|-unboost|p2b: Cloyster|atk|1\n|-weather|Snow|[from] ability: Snow Warning|[of] p2a: Abomasnow\n|turn|1\n|inactive|TripPJ has 120 seconds left.\n|inactive|gayautisticspider has 120 seconds left.\n|\n|t:|1697343822\n|switch|p1b: Glimmora|Glimmora, F, shiny|100\/100\n|-terastallize|p1a: Gholdengo|Steel\n|move|p1a: Gholdengo|Make It Rain|p2b: Cloyster|[spread] p2a,p2b\n|-supereffective|p2a: Abomasnow\n|-damage|p2a: Abomasnow|0 fnt\n|-damage|p2b: Cloyster|34\/100\n|-unboost|p1a: Gholdengo|spa|1\n|faint|p2a: Abomasnow\n|move|p2b: Cloyster|Rock Blast|p1b: Glimmora\n|-damage|p1b: Glimmora|94\/100\n|-activate|p1b: Glimmora|ability: Toxic Debris\n|-sidestart|p2: TripPJ|move: Toxic Spikes\n|-damage|p1b: Glimmora|88\/100\n|-activate|p1b: Glimmora|ability: Toxic Debris\n|-sidestart|p2: TripPJ|move: Toxic Spikes\n|-damage|p1b: Glimmora|82\/100\n|-damage|p1b: Glimmora|76\/100\n|-damage|p1b: Glimmora|70\/100\n|-hitcount|p1b: Glimmora|5\n|\n|-weather|Snow|[upkeep]\n|upkeep\n|\n|t:|1697343847\n|switch|p2a: Piloswine|Piloswine, F, shiny|100\/100\n|-status|p2a: Piloswine|tox\n|turn|2\n|\n|t:|1697343869\n|switch|p2b: Sandslash|Sandslash-Alola, F|100\/100\n|-terastallize|p2a: Piloswine|Ghost\n|move|p1a: Gholdengo|Make It Rain|p2a: Piloswine|[spread] p2a,p2b\n|-damage|p2a: Piloswine|76\/100 tox\n|-damage|p2b: Sandslash|34\/100\n|-unboost|p1a: Gholdengo|spa|1\n|move|p1b: Glimmora|Stealth Rock|p2a: Piloswine\n|-sidestart|p2: TripPJ|move: Stealth Rock\n|move|p2a: Piloswine|High Horsepower|p1a: Gholdengo\n|-supereffective|p1a: Gholdengo\n|-damage|p1a: Gholdengo|26\/100\n|\n|-weather|Snow|[upkeep]\n|-damage|p2a: Piloswine|70\/100 tox|[from] psn\n|upkeep\n|turn|3\n|inactive|TripPJ has 120 seconds left.\n|\n|t:|1697343904\n|move|p1a: Gholdengo|Make It Rain|p2a: Piloswine|[spread] p2a,p2b\n|-damage|p2a: Piloswine|51\/100 tox\n|-damage|p2b: Sandslash|0 fnt\n|-unboost|p1a: Gholdengo|spa|1\n|faint|p2b: Sandslash\n|move|p1b: Glimmora|Sludge Bomb|p2a: Piloswine\n|-resisted|p2a: Piloswine\n|-damage|p2a: Piloswine|36\/100 tox\n|move|p2a: Piloswine|High Horsepower|p1b: Glimmora\n|-supereffective|p1b: Glimmora\n|-damage|p1b: Glimmora|0 fnt\n|faint|p1b: Glimmora\n|\n|-weather|Snow|[upkeep]\n|-damage|p2a: Piloswine|23\/100 tox|[from] psn\n|upkeep\n|inactive|TripPJ has 90 seconds left.\n|\n|t:|1697343938\n|switch|p1b: Arcanine|Arcanine, M, shiny|100\/100\n|switch|p2b: Cloyster|Cloyster, F|34\/100\n|-ability|p1b: Arcanine|Intimidate|boost\n|-fail|p2a: Piloswine|unboost|Attack|[from] ability: Oblivious|[of] p2a: Piloswine\n|-unboost|p2b: Cloyster|atk|1\n|-status|p2b: Cloyster|tox\n|-damage|p2b: Cloyster|9\/100 tox|[from] Stealth Rock\n|turn|4\n|inactive|TripPJ has 90 seconds left.\n|\n|t:|1697343976\n|switch|p1a: Iron Bundle|Iron Bundle, shiny|100\/100\n|-enditem|p1a: Iron Bundle|Booster Energy\n|-activate|p1a: Iron Bundle|ability: Quark Drive|[fromitem]\n|-start|p1a: Iron Bundle|quarkdrivespe\n|move|p1b: Arcanine|Extreme Speed|p2b: Cloyster\n|-damage|p2b: Cloyster|0 fnt\n|faint|p2b: Cloyster\n|move|p2a: Piloswine|High Horsepower|p1b: Arcanine\n|-supereffective|p1b: Arcanine\n|-damage|p1b: Arcanine|25\/100\n|\n|-weather|Snow|[upkeep]\n|-damage|p2a: Piloswine|4\/100 tox|[from] psn\n|upkeep\n|\n|t:|1697343992\n|switch|p2b: Articuno|Articuno|100\/100\n|-damage|p2b: Articuno|51\/100|[from] Stealth Rock\n|-ability|p2b: Articuno|Pressure\n|turn|5\n|inactive|TripPJ has 90 seconds left.\n|\n|t:|1697344019\n|move|p1a: Iron Bundle|Icy Wind|p2a: Piloswine|[spread] p2b\n|-miss|p1a: Iron Bundle|p2a: Piloswine\n|-damage|p2b: Articuno|35\/100\n|-unboost|p2b: Articuno|spe|1\n|move|p1b: Arcanine|Flare Blitz|p2b: Articuno\n|-supereffective|p2b: Articuno\n|-damage|p2b: Articuno|0 fnt\n|faint|p2b: Articuno\n|-damage|p1b: Arcanine|14\/100|[from] Recoil\n|move|p2a: Piloswine|High Horsepower|p1b: Arcanine\n|-supereffective|p1b: Arcanine\n|-damage|p1b: Arcanine|0 fnt\n|faint|p1b: Arcanine\n|\n|-weather|Snow|[upkeep]\n|-damage|p2a: Piloswine|0 fnt|[from] psn\n|faint|p2a: Piloswine\n|upkeep\n|inactive|TripPJ has 90 seconds left.\n|\n|t:|1697344036\n|switch|p1b: Gholdengo|Gholdengo, tera:Steel|26\/100\n|switch|p2b: Ninetales|Ninetales-Alola, M|100\/100\n|-status|p2b: Ninetales|tox\n|-damage|p2b: Ninetales|75\/100 tox|[from] Stealth Rock\n|turn|6\n|\n|t:|1697344045\n|move|p1a: Iron Bundle|Hydro Pump|p2b: Ninetales|[miss]\n|-miss|p1a: Iron Bundle|p2b: Ninetales\n|move|p1b: Gholdengo|Make It Rain|p2b: Ninetales\n|-supereffective|p2b: Ninetales\n|-damage|p2b: Ninetales|0 fnt\n|-unboost|p1b: Gholdengo|spa|1\n|faint|p2b: Ninetales\n|\n|win|gayautisticspider\n|raw|gayautisticspider's rating: 1178 &rarr; <strong>1203<\/strong><br \/>(+25 for winning)\n|raw|TripPJ's rating: 1175 &rarr; <strong>1150<\/strong><br \/>(-25 for losing)\n|l|\u2606TripPJ\n|l|\u2606gayautisticspider\n|j|\u2606gayautisticspider\n|player|p1|gayautisticspider|101\n","uploadtime":1697344071,"views":23,"p1id":"gayautisticspider","p2id":"trippj","formatid":"gen9doublesou","rating":1150,"private":0,"password":""}