{"id":"gen9doublesou-1974405442","p1":"CapnTophat","p2":"ZenHen","format":"[Gen 9] Doubles OU","log":"|j|\u2606CapnTophat\n|j|\u2606ZenHen\n|t:|1698084374\n|gametype|doubles\n|player|p1|CapnTophat|wallace|1633\n|player|p2|ZenHen|youngster-gen4dp|1643\n|teamsize|p1|6\n|teamsize|p2|6\n|gen|9\n|tier|[Gen 9] Doubles OU\n|rated|\n|rule|Species Clause: Limit one of each Pok\u00e9mon\n|rule|OHKO Clause: OHKO moves are banned\n|rule|Evasion Moves Clause: Evasion moves are banned\n|rule|Gravity Sleep Clause: The combination of sleep-inducing moves with imperfect accuracy and Gravity or Gigantamax Orbeetle are banned\n|rule|Endless Battle Clause: Forcing endless battles is banned\n|rule|HP Percentage Mod: HP is shown in percentages\n|clearpoke\n|poke|p1|Ogerpon, F|\n|poke|p1|Chien-Pao|\n|poke|p1|Farigiraf, M|\n|poke|p1|Arcanine-Hisui, M|\n|poke|p1|Rillaboom, M|\n|poke|p1|Iron Hands|\n|poke|p2|Salazzle, F|\n|poke|p2|Garchomp, F|\n|poke|p2|Farigiraf, M|\n|poke|p2|Arcanine, M|\n|poke|p2|Sylveon, F|\n|poke|p2|Kingambit, M|\n|teampreview\n|inactive|Battle timer is ON: inactive players will automatically lose when time's up. (requested by CapnTophat)\n|inactive|CapnTophat has 120 seconds left.\n|inactive|CapnTophat has 90 seconds left.\n|\n|t:|1698084437\n|start\n|switch|p1a: Chien-Pao|Chien-Pao|100\/100\n|switch|p1b: Rillaboom|Rillaboom, M|100\/100\n|switch|p2a: Sylveon|Sylveon, F|100\/100\n|switch|p2b: Arcanine|Arcanine, M|100\/100\n|-ability|p1a: Chien-Pao|Sword of Ruin\n|-ability|p2b: Arcanine|Intimidate|boost\n|-unboost|p1a: Chien-Pao|atk|1\n|-unboost|p1b: Rillaboom|atk|1\n|-fieldstart|move: Grassy Terrain|[from] ability: Grassy Surge|[of] p1b: Rillaboom\n|turn|1\n|\n|t:|1698084450\n|switch|p1a: Arcanine|Arcanine-Hisui, M|100\/100\n|-ability|p1a: Arcanine|Intimidate|boost\n|-unboost|p2a: Sylveon|atk|1\n|-unboost|p2b: Arcanine|atk|1\n|switch|p2b: Farigiraf|Farigiraf, M|100\/100\n|move|p1b: Rillaboom|Fake Out||[still]\n|cant|p2b: Farigiraf|ability: Armor Tail|Fake Out|[of] p1b: Rillaboom\n|move|p2a: Sylveon|Hyper Voice|p1b: Rillaboom|[spread] p1a,p1b\n|-resisted|p1a: Arcanine\n|-damage|p1a: Arcanine|78\/100\n|-damage|p1b: Rillaboom|72\/100\n|-enditem|p2a: Sylveon|Throat Spray\n|-boost|p2a: Sylveon|spa|1|[from] item: Throat Spray\n|\n|-heal|p1a: Arcanine|84\/100|[from] Grassy Terrain\n|-heal|p1b: Rillaboom|78\/100|[from] Grassy Terrain\n|upkeep\n|turn|2\n|\n|t:|1698084461\n|-terastallize|p2a: Sylveon|Ground\n|move|p1a: Arcanine|Rock Slide|p2a: Sylveon|[spread] p2b\n|-miss|p1a: Arcanine|p2a: Sylveon\n|-damage|p2b: Farigiraf|68\/100\n|move|p1b: Rillaboom|U-turn|p2b: Farigiraf\n|-supereffective|p2b: Farigiraf\n|-damage|p2b: Farigiraf|47\/100\n|-enditem|p2b: Farigiraf|Sitrus Berry|[eat]\n|-heal|p2b: Farigiraf|72\/100|[from] item: Sitrus Berry\n|\n|t:|1698084469\n|switch|p1b: Chien-Pao|Chien-Pao|100\/100|[from] U-turn\n|-ability|p1b: Chien-Pao|Sword of Ruin\n|move|p2a: Sylveon|Tera Blast|p1a: Arcanine|[anim] Tera Blast Ground\n|-supereffective|p1a: Arcanine\n|-damage|p1a: Arcanine|0 fnt\n|faint|p1a: Arcanine\n|cant|p2b: Farigiraf|flinch\n|\n|-heal|p2b: Farigiraf|78\/100|[from] Grassy Terrain\n|upkeep\n|\n|t:|1698084474\n|switch|p1a: Ogerpon|Ogerpon, F|100\/100\n|turn|3\n|\n|t:|1698084485\n|move|p2a: Sylveon|Protect|p2a: Sylveon\n|-singleturn|p2a: Sylveon|Protect\n|move|p1b: Chien-Pao|Throat Chop|p2b: Farigiraf\n|-supereffective|p2b: Farigiraf\n|-damage|p2b: Farigiraf|6\/100\n|-start|p2b: Farigiraf|Throat Chop|[silent]\n|move|p1a: Ogerpon|Ivy Cudgel|p2a: Sylveon\n|-activate|p2a: Sylveon|move: Protect\n|move|p2b: Farigiraf|Trick Room|p2b: Farigiraf\n|-fieldstart|move: Trick Room|[of] p2b: Farigiraf\n|\n|-heal|p2b: Farigiraf|12\/100|[from] Grassy Terrain\n|upkeep\n|turn|4\n|inactive|ZenHen has 120 seconds left.\n|\n|t:|1698084522\n|switch|p2b: Arcanine|Arcanine, M|100\/100\n|-ability|p2b: Arcanine|Intimidate|boost\n|-unboost|p1a: Ogerpon|atk|1\n|-ability|p1a: Ogerpon|Defiant|boost\n|-boost|p1a: Ogerpon|atk|2\n|-unboost|p1b: Chien-Pao|atk|1\n|move|p1b: Chien-Pao|Protect|p1b: Chien-Pao\n|-singleturn|p1b: Chien-Pao|Protect\n|move|p2a: Sylveon|Hyper Voice|p1a: Ogerpon|[spread] p1a\n|-activate|p1b: Chien-Pao|move: Protect\n|-damage|p1a: Ogerpon|32\/100\n|move|p1a: Ogerpon|Ivy Cudgel|p2a: Sylveon\n|-supereffective|p2a: Sylveon\n|-damage|p2a: Sylveon|0 fnt\n|faint|p2a: Sylveon\n|\n|-heal|p1a: Ogerpon|38\/100|[from] Grassy Terrain\n|upkeep\n|\n|t:|1698084537\n|switch|p2a: Farigiraf|Farigiraf, M|12\/100\n|turn|5\n|\n|t:|1698084563\n|move|p1a: Ogerpon|Spiky Shield|p1a: Ogerpon\n|-singleturn|p1a: Ogerpon|move: Protect\n|move|p2a: Farigiraf|Hyper Voice|p1b: Chien-Pao|[spread] p1b\n|-activate|p1a: Ogerpon|move: Protect\n|-damage|p1b: Chien-Pao|58\/100\n|move|p2b: Arcanine|Heat Wave|p1b: Chien-Pao|[spread] p1b\n|-activate|p1a: Ogerpon|move: Protect\n|-supereffective|p1b: Chien-Pao\n|-damage|p1b: Chien-Pao|0 fnt\n|faint|p1b: Chien-Pao\n|\n|-heal|p2a: Farigiraf|19\/100|[from] Grassy Terrain\n|-heal|p1a: Ogerpon|44\/100|[from] Grassy Terrain\n|-fieldend|move: Grassy Terrain\n|upkeep\n|\n|t:|1698084569\n|switch|p1b: Iron Hands|Iron Hands|100\/100\n|turn|6\n|\n|t:|1698084585\n|move|p2a: Farigiraf|Protect|p2a: Farigiraf\n|-singleturn|p2a: Farigiraf|Protect\n|move|p1b: Iron Hands|Drain Punch|p2a: Farigiraf\n|-activate|p2a: Farigiraf|move: Protect\n|move|p2b: Arcanine|Heat Wave|p1b: Iron Hands|[spread] p1a,p1b\n|-supereffective|p1a: Ogerpon\n|-damage|p1a: Ogerpon|0 fnt\n|-damage|p1b: Iron Hands|79\/100\n|faint|p1a: Ogerpon\n|\n|upkeep\n|\n|t:|1698084589\n|switch|p1a: Farigiraf|Farigiraf, M|100\/100\n|turn|7\n|\n|t:|1698084602\n|-terastallize|p1b: Iron Hands|Fire\n|move|p2a: Farigiraf|Psychic|p1b: Iron Hands\n|-damage|p1b: Iron Hands|55\/100\n|move|p1a: Farigiraf|Imprison|p1a: Farigiraf\n|-start|p1a: Farigiraf|move: Imprison\n|move|p1b: Iron Hands|Swords Dance|p1b: Iron Hands\n|-boost|p1b: Iron Hands|atk|2\n|move|p2b: Arcanine|Will-O-Wisp|p1b: Iron Hands\n|-immune|p1b: Iron Hands\n|\n|-fieldend|move: Trick Room\n|upkeep\n|turn|8\n|\n|t:|1698084612\n|move|p2b: Arcanine|Heat Wave|p1a: Farigiraf|[spread] p1a,p1b\n|-resisted|p1b: Iron Hands\n|-damage|p1a: Farigiraf|74\/100\n|-damage|p1b: Iron Hands|44\/100\n|move|p1b: Iron Hands|Drain Punch|p2a: Farigiraf\n|-damage|p2a: Farigiraf|0 fnt\n|-heal|p1b: Iron Hands|53\/100|[from] drain|[of] p2a: Farigiraf\n|faint|p2a: Farigiraf\n|move|p1a: Farigiraf|Psychic|p2b: Arcanine\n|-damage|p2b: Arcanine|66\/100\n|\n|upkeep\n|\n|t:|1698084619\n|switch|p2a: Garchomp|Garchomp, F|100\/100\n|turn|9\n|\n|t:|1698084623\n|move|p1b: Iron Hands|Detect|p1b: Iron Hands\n|-singleturn|p1b: Iron Hands|Protect\n|move|p2a: Garchomp|Rock Slide|p1b: Iron Hands|[spread] p1a\n|-activate|p1b: Iron Hands|move: Protect\n|-damage|p1a: Farigiraf|55\/100\n|move|p2b: Arcanine|Heat Wave|p1b: Iron Hands|[spread] p1a\n|-activate|p1b: Iron Hands|move: Protect\n|-damage|p1a: Farigiraf|28\/100\n|move|p1a: Farigiraf|Trick Room|p1a: Farigiraf\n|-fieldstart|move: Trick Room|[of] p1a: Farigiraf\n|\n|upkeep\n|turn|10\n|\n|t:|1698084636\n|switch|p2b: Salazzle|Salazzle, F|100\/100\n|move|p1a: Farigiraf|Psychic|p2a: Garchomp\n|-damage|p2a: Garchomp|60\/100\n|move|p1b: Iron Hands|Drain Punch|p2a: Garchomp\n|-damage|p2a: Garchomp|0 fnt\n|-heal|p1b: Iron Hands|76\/100|[from] drain|[of] p2a: Garchomp\n|-damage|p1b: Iron Hands|64\/100|[from] ability: Rough Skin|[of] p2a: Garchomp\n|faint|p2a: Garchomp\n|\n|upkeep\n|\n|t:|1698084644\n|switch|p2a: Arcanine|Arcanine, M|66\/100\n|-ability|p2a: Arcanine|Intimidate|boost\n|-unboost|p1a: Farigiraf|atk|1\n|-unboost|p1b: Iron Hands|atk|1\n|turn|11\n|\n|t:|1698084653\n|switch|p2b: Kingambit|Kingambit, M|100\/100\n|move|p1a: Farigiraf|Psychic|p2b: Kingambit\n|-immune|p2b: Kingambit\n|move|p1b: Iron Hands|Drain Punch|p2a: Arcanine\n|-damage|p2a: Arcanine|0 fnt\n|-heal|p1b: Iron Hands|92\/100|[from] drain|[of] p2a: Arcanine\n|faint|p2a: Arcanine\n|\n|upkeep\n|\n|t:|1698084661\n|switch|p2a: Salazzle|Salazzle, F|100\/100\n|turn|12\n|\n|t:|1698084671\n|move|p1a: Farigiraf|Protect|p1a: Farigiraf\n|-singleturn|p1a: Farigiraf|Protect\n|move|p2b: Kingambit|Kowtow Cleave|p1b: Iron Hands\n|-damage|p1b: Iron Hands|56\/100\n|move|p1b: Iron Hands|Drain Punch|p2b: Kingambit\n|-supereffective|p2b: Kingambit\n|-damage|p2b: Kingambit|0 fnt\n|-heal|p1b: Iron Hands|100\/100|[from] drain|[of] p2b: Kingambit\n|faint|p2b: Kingambit\n|move|p2a: Salazzle|Sludge Bomb|p1b: Iron Hands\n|-damage|p1b: Iron Hands|67\/100\n|\n|upkeep\n|turn|13\n|\n|t:|1698084678\n|move|p1a: Farigiraf|Psychic|p2a: Salazzle\n|-supereffective|p2a: Salazzle\n|-enditem|p2a: Salazzle|Focus Sash\n|-damage|p2a: Salazzle|1\/100\n|move|p1b: Iron Hands|Thunder Punch|p2a: Salazzle\n|-damage|p2a: Salazzle|0 fnt\n|faint|p2a: Salazzle\n|\n|win|CapnTophat\n|raw|CapnTophat's rating: 1633 &rarr; <strong>1654<\/strong><br \/>(+21 for winning)\n|raw|ZenHen's rating: 1643 &rarr; <strong>1622<\/strong><br \/>(-21 for losing)\n|l|\u2606ZenHen\n|l|\u2606CapnTophat\n|j|\u2606CapnTophat\n|player|p1|CapnTophat|wallace\n","uploadtime":1698084905,"views":10,"p1id":"capntophat","p2id":"zenhen","formatid":"gen9doublesou","rating":1622,"private":0,"password":""}