{"id":"gen9doublesou-1971424151","p1":"SuperStarCup","p2":"KizzaMaGee69","format":"[Gen 9] Doubles OU","log":"|j|\u2606SuperStarCup\n|j|\u2606KizzaMaGee69\n|t:|1697737388\n|gametype|doubles\n|player|p1|SuperStarCup|hiker|1041\n|player|p2|KizzaMaGee69|clown|1067\n|teamsize|p1|6\n|teamsize|p2|6\n|gen|9\n|tier|[Gen 9] Doubles OU\n|rated|\n|rule|Species Clause: Limit one of each Pok\u00e9mon\n|rule|OHKO Clause: OHKO moves are banned\n|rule|Evasion Moves Clause: Evasion moves are banned\n|rule|Gravity Sleep Clause: The combination of sleep-inducing moves with imperfect accuracy and Gravity or Gigantamax Orbeetle are banned\n|rule|Endless Battle Clause: Forcing endless battles is banned\n|rule|HP Percentage Mod: HP is shown in percentages\n|clearpoke\n|poke|p1|Mudbray, M|\n|poke|p1|Maushold-Four|\n|poke|p1|Sableye, M|\n|poke|p1|Brute Bonnet|\n|poke|p1|Clawitzer, M|\n|poke|p1|Chimecho, M|\n|poke|p2|Diancie|\n|poke|p2|Great Tusk|\n|poke|p2|Zoroark-Hisui, M|\n|poke|p2|Dragonite, M|\n|poke|p2|Armarouge, F|\n|poke|p2|Ambipom, M|\n|teampreview\n|inactive|Battle timer is ON: inactive players will automatically lose when time's up. (requested by KizzaMaGee69)\n|inactive|SuperStarCup also wants the timer to be on.\n|\n|t:|1697737398\n|start\n|switch|p1a: El Burro|Mudbray, M, shiny|100\/100\n|switch|p1b: Maushold|Maushold-Four|100\/100\n|switch|p2a: Diancie|Diancie|100\/100\n|switch|p2b: Armarouge|Armarouge, F|100\/100\n|turn|1\n|\n|t:|1697737415\n|-terastallize|p1a: El Burro|Ghost\n|move|p1b: Maushold|Beat Up|p1a: El Burro\n|-supereffective|p1a: El Burro\n|-damage|p1a: El Burro|93\/100\n|-ability|p1a: El Burro|Stamina|boost\n|-boost|p1a: El Burro|def|1\n|-enditem|p1a: El Burro|Weakness Policy\n|-boost|p1a: El Burro|atk|2|[from] item: Weakness Policy\n|-boost|p1a: El Burro|spa|2|[from] item: Weakness Policy\n|-supereffective|p1a: El Burro\n|-damage|p1a: El Burro|88\/100\n|-ability|p1a: El Burro|Stamina|boost\n|-boost|p1a: El Burro|def|1\n|-supereffective|p1a: El Burro\n|-damage|p1a: El Burro|85\/100\n|-ability|p1a: El Burro|Stamina|boost\n|-boost|p1a: El Burro|def|1\n|-supereffective|p1a: El Burro\n|-damage|p1a: El Burro|82\/100\n|-ability|p1a: El Burro|Stamina|boost\n|-boost|p1a: El Burro|def|1\n|-supereffective|p1a: El Burro\n|-damage|p1a: El Burro|80\/100\n|-ability|p1a: El Burro|Stamina|boost\n|-boost|p1a: El Burro|def|1\n|-supereffective|p1a: El Burro\n|-damage|p1a: El Burro|78\/100\n|-ability|p1a: El Burro|Stamina|boost\n|-boost|p1a: El Burro|def|1\n|-hitcount|p1a: El Burro|6\n|move|p2b: Armarouge|Icy Wind|p1b: Maushold|[spread] p1a,p1b\n|-damage|p1a: El Burro|55\/100\n|-damage|p1b: Maushold|75\/100\n|-unboost|p1a: El Burro|spe|1\n|-unboost|p1b: Maushold|spe|1\n|move|p2a: Diancie|Reflect|p2a: Diancie\n|-sidestart|p2: KizzaMaGee69|Reflect\n|move|p1a: El Burro|Earthquake|p2b: Armarouge|[spread] p1b,p2a,p2b\n|-supereffective|p2a: Diancie\n|-damage|p1b: Maushold|0 fnt\n|-damage|p2a: Diancie|37\/100\n|-damage|p2b: Armarouge|3\/100\n|replace|p2b: Zoroark|Zoroark-Hisui, M\n|-end|p2b: Zoroark|Illusion\n|faint|p1b: Maushold\n|\n|upkeep\n|inactive|SuperStarCup has 120 seconds left.\n|\n|t:|1697737450\n|switch|p1b: Clawitzer|Clawitzer, M|100\/100\n|turn|2\n|\n|t:|1697737457\n|move|p2b: Zoroark|Icy Wind|p1b: Clawitzer|[spread] p1a\n|-miss|p2b: Zoroark|p1b: Clawitzer\n|-damage|p1a: El Burro|22\/100\n|-unboost|p1a: El Burro|spe|1\n|move|p1b: Clawitzer|Heal Pulse|p1a: El Burro\n|-heal|p1a: El Burro|97\/100\n|move|p2a: Diancie|Light Screen|p2a: Diancie\n|-sidestart|p2: KizzaMaGee69|move: Light Screen\n|move|p1a: El Burro|Earthquake|p2b: Zoroark|[spread] p1b,p2a,p2b\n|-supereffective|p2a: Diancie\n|-damage|p1b: Clawitzer|27\/100\n|-damage|p2a: Diancie|0 fnt\n|-damage|p2b: Zoroark|0 fnt\n|faint|p2a: Diancie\n|faint|p2b: Zoroark\n|\n|upkeep\n|\n|t:|1697737476\n|switch|p2b: Great Tusk|Great Tusk|100\/100\n|switch|p2a: Armarouge|Armarouge, F|100\/100\n|turn|3\n|\n|t:|1697737496\n|-terastallize|p2a: Armarouge|Steel\n|move|p2b: Great Tusk|Rock Slide|p1b: Clawitzer|[spread] p1a,p1b\n|-damage|p1a: El Burro|89\/100\n|-damage|p1b: Clawitzer|6\/100\n|move|p1b: Clawitzer|Heal Pulse|p1a: El Burro\n|-heal|p1a: El Burro|100\/100\n|move|p2a: Armarouge|Heat Wave|p1a: El Burro|[spread] p1a,p1b\n|-resisted|p1b: Clawitzer\n|-damage|p1a: El Burro|26\/100\n|-damage|p1b: Clawitzer|0 fnt\n|faint|p1b: Clawitzer\n|cant|p1a: El Burro|flinch\n|\n|upkeep\n|\n|t:|1697737498\n|switch|p1b: Chimecho|Chimecho, M|100\/100\n|turn|4\n|\n|t:|1697737520\n|move|p2b: Great Tusk|Rock Slide|p1b: Chimecho|[spread] p1a,p1b\n|-damage|p1a: El Burro|17\/100\n|-damage|p1b: Chimecho|78\/100\n|cant|p1b: Chimecho|flinch\n|move|p2a: Armarouge|Heat Wave|p1b: Chimecho|[spread] \n|-miss|p2a: Armarouge|p1a: El Burro\n|-miss|p2a: Armarouge|p1b: Chimecho\n|move|p1a: El Burro|Earthquake|p2b: Great Tusk|[spread] p2a,p2b\n|-immune|p1b: Chimecho|[from] ability: Levitate\n|-supereffective|p2a: Armarouge\n|-damage|p2a: Armarouge|18\/100\n|-damage|p2b: Great Tusk|63\/100\n|\n|upkeep\n|turn|5\n|\n|t:|1697737535\n|move|p2b: Great Tusk|Rock Slide|p1a: El Burro|[spread] p1a,p1b\n|-damage|p1a: El Burro|9\/100\n|-damage|p1b: Chimecho|56\/100\n|cant|p1b: Chimecho|flinch\n|move|p2a: Armarouge|Heat Wave|p1b: Chimecho|[spread] p1a,p1b\n|-damage|p1a: El Burro|0 fnt\n|-damage|p1b: Chimecho|0 fnt\n|faint|p1a: El Burro\n|faint|p1b: Chimecho\n|\n|-sideend|p2: KizzaMaGee69|Reflect\n|upkeep\n|c|\u2606SuperStarCup|3 FLINCH?\n|c|\u2606SuperStarCup|BULLSHIT\n|c|\u2606SuperStarCup|Absolute bullshit, enjoy free win sucker\n|inactive|SuperStarCup has 120 seconds left.\n|-message|SuperStarCup forfeited.\n|\n|win|KizzaMaGee69\n|raw|SuperStarCup's rating: 1041 &rarr; <strong>1026<\/strong><br \/>(-15 for losing)\n|raw|KizzaMaGee69's rating: 1067 &rarr; <strong>1095<\/strong><br \/>(+28 for winning)\n|l|\u2606SuperStarCup\n","uploadtime":1697737564,"views":22,"p1id":"superstarcup","p2id":"kizzamagee69","formatid":"gen9doublesou","rating":1026,"private":0,"password":""}