{"id":"gen9doublesou-1979082726","p1":"Kingnick0825","p2":"Wacko6ixx","format":"[Gen 9] Doubles OU","log":"|j|\u2606Kingnick0825\n|j|\u2606Wacko6ixx\n|t:|1698629945\n|gametype|doubles\n|player|p1|Kingnick0825|steven|1312\n|player|p2|Wacko6ixx|hoopster|1229\n|teamsize|p1|6\n|teamsize|p2|6\n|gen|9\n|tier|[Gen 9] Doubles OU\n|rated|\n|rule|Species Clause: Limit one of each Pok\u00e9mon\n|rule|OHKO Clause: OHKO moves are banned\n|rule|Evasion Moves Clause: Evasion moves are banned\n|rule|Gravity Sleep Clause: The combination of sleep-inducing moves with imperfect accuracy and Gravity or Gigantamax Orbeetle are banned\n|rule|Endless Battle Clause: Forcing endless battles is banned\n|rule|HP Percentage Mod: HP is shown in percentages\n|clearpoke\n|poke|p1|Chi-Yu|\n|poke|p1|Quaquaval, F|\n|poke|p1|Roaring Moon|\n|poke|p1|Clodsire, F|\n|poke|p1|Iron Valiant|\n|poke|p1|Rotom-Fan|\n|poke|p2|Sableye, M|\n|poke|p2|Ninetales-Alola, F|\n|poke|p2|Baxcalibur, M|\n|poke|p2|Tornadus, M|\n|poke|p2|Chi-Yu|\n|poke|p2|Grimmsnarl, M|\n|teampreview\n|inactive|Battle timer is ON: inactive players will automatically lose when time's up. (requested by Kingnick0825)\n|\n|t:|1698629970\n|start\n|switch|p1a: Clodsire|Clodsire, F|100\/100\n|switch|p1b: Rotom|Rotom-Fan|100\/100\n|switch|p2a: Kurama|Ninetales-Alola, F|100\/100\n|switch|p2b: Aang|Tornadus, M|100\/100\n|-weather|Snow|[from] ability: Snow Warning|[of] p2a: Kurama\n|turn|1\n|\n|t:|1698629992\n|move|p2b: Aang|Bleakwind Storm|p1a: Clodsire|[spread] p1a,p1b\n|-resisted|p1b: Rotom\n|-damage|p1a: Clodsire|70\/100\n|-damage|p1b: Rotom|74\/100\n|move|p2a: Kurama|Blizzard|p1a: Clodsire|[spread] p1a,p1b\n|-supereffective|p1a: Clodsire\n|-supereffective|p1b: Rotom\n|-damage|p1a: Clodsire|13\/100\n|-damage|p1b: Rotom|0 fnt\n|-enditem|p1a: Clodsire|Aguav Berry|[eat]\n|-heal|p1a: Clodsire|47\/100|[from] item: Aguav Berry\n|faint|p1b: Rotom\n|move|p1a: Clodsire|Poison Jab|p2a: Kurama\n|-supereffective|p2a: Kurama\n|-damage|p2a: Kurama|42\/100\n|\n|-weather|Snow|[upkeep]\n|upkeep\n|inactive|Kingnick0825 has 120 seconds left.\n|\n|t:|1698630018\n|switch|p1b: Chi-Yu|Chi-Yu|100\/100\n|-ability|p1b: Chi-Yu|Beads of Ruin\n|turn|2\n|\n|t:|1698630036\n|move|p2b: Aang|Focus Blast|p1b: Chi-Yu\n|-supereffective|p1b: Chi-Yu\n|-damage|p1b: Chi-Yu|0 fnt\n|faint|p1b: Chi-Yu\n|move|p2a: Kurama|Aurora Veil|p2a: Kurama\n|-sidestart|p2: Wacko6ixx|move: Aurora Veil\n|move|p1a: Clodsire|Recover|p1a: Clodsire\n|-heal|p1a: Clodsire|97\/100\n|\n|-weather|Snow|[upkeep]\n|upkeep\n|\n|t:|1698630046\n|switch|p1b: Quaquaval|Quaquaval, F|100\/100\n|turn|3\n|\n|t:|1698630067\n|move|p2b: Aang|Tailwind|p2b: Aang\n|-sidestart|p2: Wacko6ixx|move: Tailwind\n|move|p2a: Kurama|Draining Kiss|p1b: Quaquaval\n|-supereffective|p1b: Quaquaval\n|-damage|p1b: Quaquaval|63\/100\n|-heal|p2a: Kurama|75\/100|[from] drain|[of] p1b: Quaquaval\n|move|p1b: Quaquaval|Brick Break|p2a: Kurama\n|-sideend|p2: Wacko6ixx|move: Aurora Veil\n|-damage|p2a: Kurama|47\/100\n|move|p1a: Clodsire|Toxic|p2b: Aang\n|-status|p2b: Aang|tox\n|\n|-weather|Snow|[upkeep]\n|-damage|p2b: Aang|94\/100 tox|[from] psn\n|upkeep\n|turn|4\n|\n|t:|1698630085\n|move|p2b: Aang|Bleakwind Storm|p1a: Clodsire|[spread] p1a,p1b\n|-supereffective|p1b: Quaquaval\n|-damage|p1a: Clodsire|65\/100\n|-damage|p1b: Quaquaval|0 fnt\n|faint|p1b: Quaquaval\n|move|p2a: Kurama|Aurora Veil|p2a: Kurama\n|-sidestart|p2: Wacko6ixx|move: Aurora Veil\n|move|p1a: Clodsire|Poison Jab|p2a: Kurama\n|-supereffective|p2a: Kurama\n|-damage|p2a: Kurama|6\/100\n|\n|-weather|Snow|[upkeep]\n|-damage|p2b: Aang|82\/100 tox|[from] psn\n|upkeep\n|inactive|Kingnick0825 has 120 seconds left.\n|\n|t:|1698630111\n|switch|p1b: Roaring Moon|Roaring Moon|100\/100\n|-enditem|p1b: Roaring Moon|Booster Energy\n|-activate|p1b: Roaring Moon|ability: Protosynthesis|[fromitem]\n|-start|p1b: Roaring Moon|protosynthesisspe\n|turn|5\n|\n|t:|1698630124\n|-terastallize|p1b: Roaring Moon|Fairy\n|move|p2b: Aang|Bleakwind Storm|p1a: Clodsire|[spread] p1a,p1b\n|-damage|p1a: Clodsire|32\/100\n|-damage|p1b: Roaring Moon|70\/100\n|-unboost|p1a: Clodsire|spe|1\n|-unboost|p1b: Roaring Moon|spe|1\n|move|p2a: Kurama|Blizzard|p1a: Clodsire|[spread] p1a,p1b\n|-supereffective|p1a: Clodsire\n|-damage|p1a: Clodsire|0 fnt\n|-damage|p1b: Roaring Moon|41\/100\n|-status|p1b: Roaring Moon|frz\n|faint|p1a: Clodsire\n|cant|p1b: Roaring Moon|frz\n|\n|-weather|none\n|-damage|p2b: Aang|64\/100 tox|[from] psn\n|upkeep\n|c|\u2606Wacko6ixx|gg\n|\n|t:|1698630140\n|switch|p1a: Iron Valiant|Iron Valiant|100\/100\n|turn|6\n|\n|t:|1698630150\n|move|p2b: Aang|Bleakwind Storm|p1a: Iron Valiant|[spread] p1a,p1b\n|-supereffective|p1a: Iron Valiant\n|-damage|p1a: Iron Valiant|20\/100\n|-damage|p1b: Roaring Moon|6\/100 frz\n|-unboost|p1b: Roaring Moon|spe|1\n|move|p2a: Kurama|Blizzard|p1a: Iron Valiant|[spread] p1a,p1b\n|-damage|p1a: Iron Valiant|0 fnt\n|-damage|p1b: Roaring Moon|0 fnt\n|faint|p1a: Iron Valiant\n|-end|p1a: Iron Valiant|Quark Drive|[silent]\n|faint|p1b: Roaring Moon\n|-end|p1b: Roaring Moon|Protosynthesis|[silent]\n|\n|win|Wacko6ixx\n|raw|Kingnick0825's rating: 1312 &rarr; <strong>1287<\/strong><br \/>(-25 for losing)\n|raw|Wacko6ixx's rating: 1229 &rarr; <strong>1260<\/strong><br \/>(+31 for winning)\n|l|\u2606Kingnick0825\n","uploadtime":1698630177,"views":14,"p1id":"kingnick0825","p2id":"wacko6ixx","formatid":"gen9doublesou","rating":1260,"private":0,"password":""}