{"id":"gen9doublesou-1981856373","p1":"KING GIGAS 2","p2":"AshenOne420","format":"[Gen 9] Doubles OU","log":"|j|\u2606KING GIGAS 2\n|j|\u2606AshenOne420\n|t:|1698946792\n|gametype|doubles\n|player|p1|KING GIGAS 2|veteran|1141\n|player|p2|AshenOne420|1|1181\n|teamsize|p1|6\n|teamsize|p2|6\n|gen|9\n|tier|[Gen 9] Doubles OU\n|rated|\n|rule|Species Clause: Limit one of each Pok\u00e9mon\n|rule|OHKO Clause: OHKO moves are banned\n|rule|Evasion Moves Clause: Evasion moves are banned\n|rule|Gravity Sleep Clause: The combination of sleep-inducing moves with imperfect accuracy and Gravity or Gigantamax Orbeetle are banned\n|rule|Endless Battle Clause: Forcing endless battles is banned\n|rule|HP Percentage Mod: HP is shown in percentages\n|clearpoke\n|poke|p1|Kilowattrel, F|\n|poke|p1|Clefairy, M|\n|poke|p1|Palafin, M|\n|poke|p1|Amoonguss, F|\n|poke|p1|Flutter Mane|\n|poke|p1|Landorus-Therian, M|\n|poke|p2|Kommo-o, F|\n|poke|p2|Clefairy, F|\n|poke|p2|Landorus-Therian, M|\n|poke|p2|Flutter Mane|\n|poke|p2|Rillaboom, F|\n|poke|p2|Grimmsnarl, M|\n|teampreview\n|inactive|Battle timer is ON: inactive players will automatically lose when time's up. (requested by KING GIGAS 2)\n|c|\u2606KING GIGAS 2|GLHF\n|\n|t:|1698946802\n|start\n|switch|p1a: Kilowattrel|Kilowattrel, F, shiny|100\/100\n|switch|p1b: Palafin|Palafin, M|100\/100\n|switch|p2a: Kommo-o|Kommo-o, F|100\/100\n|switch|p2b: Clefairy|Clefairy, F|100\/100\n|turn|1\n|\n|t:|1698946812\n|move|p2b: Clefairy|Follow Me|p2b: Clefairy\n|-singleturn|p2b: Clefairy|move: Follow Me\n|move|p1a: Kilowattrel|Tailwind|p1a: Kilowattrel\n|-sidestart|p1: KING GIGAS 2|move: Tailwind\n|-start|p1a: Kilowattrel|Charge|Tailwind|[from] ability: Wind Power\n|move|p1b: Palafin|Flip Turn|p2b: Clefairy\n|-damage|p2b: Clefairy|72\/100\n|\n|t:|1698946820\n|detailschange|p1b: Palafin|Palafin-Hero, M\n|switch|p1b: Amoonguss|Amoonguss, F, shiny|100\/100|[from] Flip Turn\n|move|p2a: Kommo-o|Clangorous Soul|p2a: Kommo-o\n|-boost|p2a: Kommo-o|atk|1\n|-boost|p2a: Kommo-o|def|1\n|-boost|p2a: Kommo-o|spa|1\n|-boost|p2a: Kommo-o|spd|1\n|-boost|p2a: Kommo-o|spe|1\n|-damage|p2a: Kommo-o|68\/100\n|-enditem|p2a: Kommo-o|Throat Spray\n|-boost|p2a: Kommo-o|spa|1|[from] item: Throat Spray\n|\n|upkeep\n|turn|2\n|\n|t:|1698946833\n|move|p2b: Clefairy|Follow Me|p2b: Clefairy\n|-singleturn|p2b: Clefairy|move: Follow Me\n|move|p1a: Kilowattrel|Volt Switch|p2b: Clefairy\n|-damage|p2b: Clefairy|7\/100\n|-damage|p1a: Kilowattrel|91\/100|[from] item: Life Orb\n|-end|p1a: Kilowattrel|Charge|[silent]\n|\n|t:|1698946839\n|switch|p1a: Landorus|Landorus-Therian, M, shiny|100\/100|[from] Volt Switch\n|-ability|p1a: Landorus|Intimidate|boost\n|-unboost|p2a: Kommo-o|atk|1\n|-unboost|p2b: Clefairy|atk|1\n|move|p2a: Kommo-o|Clanging Scales|p1b: Amoonguss|[spread] p1a,p1b\n|-damage|p1a: Landorus|14\/100\n|-damage|p1b: Amoonguss|47\/100\n|-unboost|p2a: Kommo-o|def|1\n|move|p1b: Amoonguss|Spore|p2b: Clefairy\n|-status|p2b: Clefairy|slp|[from] move: Spore\n|\n|upkeep\n|turn|3\n|inactive|AshenOne420 has 120 seconds left.\n|\n|t:|1698946871\n|move|p1b: Amoonguss|Protect|p1b: Amoonguss\n|-singleturn|p1b: Amoonguss|Protect\n|cant|p2b: Clefairy|slp\n|move|p1a: Landorus|Earthquake|p2a: Kommo-o|[spread] p2a,p2b\n|-activate|p1b: Amoonguss|move: Protect\n|-damage|p2a: Kommo-o|17\/100\n|-damage|p2b: Clefairy|0 fnt\n|faint|p2b: Clefairy\n|move|p2a: Kommo-o|Clanging Scales|p1b: Amoonguss|[spread] p1a\n|-activate|p1b: Amoonguss|move: Protect\n|-damage|p1a: Landorus|0 fnt\n|faint|p1a: Landorus\n|-unboost|p2a: Kommo-o|def|1\n|\n|upkeep\n|\n|t:|1698946894\n|switch|p1a: Flutter Mane|Flutter Mane, shiny|100\/100\n|switch|p2b: Grimmsnarl|Grimmsnarl, M|100\/100\n|-enditem|p1a: Flutter Mane|Booster Energy\n|-activate|p1a: Flutter Mane|ability: Protosynthesis|[fromitem]\n|-start|p1a: Flutter Mane|protosynthesisspa\n|turn|4\n|\n|t:|1698946906\n|-terastallize|p2a: Kommo-o|Steel\n|move|p2b: Grimmsnarl|Thunder Wave|p1a: Flutter Mane\n|-status|p1a: Flutter Mane|par\n|move|p2a: Kommo-o|Flash Cannon|p1a: Flutter Mane\n|-supereffective|p1a: Flutter Mane\n|-damage|p1a: Flutter Mane|0 fnt\n|faint|p1a: Flutter Mane\n|-end|p1a: Flutter Mane|Protosynthesis|[silent]\n|move|p1b: Amoonguss|Spore|p2b: Grimmsnarl\n|-status|p2b: Grimmsnarl|slp|[from] move: Spore\n|\n|-sideend|p1: KING GIGAS 2|move: Tailwind\n|upkeep\n|\n|t:|1698946914\n|switch|p1a: Palafin|Palafin-Hero, M|100\/100\n|-activate|p1a: Palafin|ability: Zero to Hero\n|turn|5\n|\n|t:|1698946930\n|move|p1b: Amoonguss|Rage Powder|p1b: Amoonguss\n|-singleturn|p1b: Amoonguss|move: Rage Powder\n|move|p1a: Palafin|Jet Punch|p2a: Kommo-o\n|-damage|p2a: Kommo-o|0 fnt\n|faint|p2a: Kommo-o\n|cant|p2b: Grimmsnarl|slp\n|\n|upkeep\n|\n|t:|1698946939\n|switch|p2a: Flutter Mane|Flutter Mane|100\/100\n|-enditem|p2a: Flutter Mane|Booster Energy\n|-activate|p2a: Flutter Mane|ability: Protosynthesis|[fromitem]\n|-start|p2a: Flutter Mane|protosynthesisspe\n|turn|6\n|\n|t:|1698946947\n|move|p1b: Amoonguss|Rage Powder|p1b: Amoonguss\n|-singleturn|p1b: Amoonguss|move: Rage Powder\n|move|p1a: Palafin|Jet Punch|p2a: Flutter Mane\n|-damage|p2a: Flutter Mane|0 fnt\n|faint|p2a: Flutter Mane\n|-end|p2a: Flutter Mane|Protosynthesis|[silent]\n|cant|p2b: Grimmsnarl|slp\n|\n|upkeep\n|\n|t:|1698946953\n|switch|p2a: Rillaboom|Rillaboom, F|100\/100\n|-fieldstart|move: Grassy Terrain|[from] ability: Grassy Surge|[of] p2a: Rillaboom\n|-enditem|p2a: Rillaboom|Grassy Seed\n|-boost|p2a: Rillaboom|def|1|[from] item: Grassy Seed\n|turn|7\n|\n|t:|1698946974\n|switch|p1b: Clefairy|Clefairy, M, shiny|100\/100\n|move|p1a: Palafin|Jet Punch|p2a: Rillaboom\n|-resisted|p2a: Rillaboom\n|-damage|p2a: Rillaboom|79\/100\n|-curestatus|p2b: Grimmsnarl|slp|[msg]\n|move|p2b: Grimmsnarl|Thunder Wave|p1a: Palafin\n|-status|p1a: Palafin|par\n|move|p2a: Rillaboom|Acrobatics|p1b: Clefairy\n|-damage|p1b: Clefairy|68\/100\n|\n|-heal|p2a: Rillaboom|85\/100|[from] Grassy Terrain\n|-heal|p1b: Clefairy|74\/100|[from] Grassy Terrain\n|upkeep\n|turn|8\n|\n|t:|1698946994\n|move|p1b: Clefairy|Helping Hand|p1a: Palafin\n|-singleturn|p1a: Palafin|Helping Hand|[of] p1b: Clefairy\n|move|p1a: Palafin|Jet Punch|p2b: Grimmsnarl\n|-damage|p2b: Grimmsnarl|4\/100\n|move|p2b: Grimmsnarl|Parting Shot|p1a: Palafin\n|-unboost|p1a: Palafin|atk|1\n|-unboost|p1a: Palafin|spa|1\n|\n|t:|1698947002\n|switch|p2b: Landorus|Landorus-Therian, M|100\/100|[from] Parting Shot\n|-ability|p2b: Landorus|Intimidate|boost\n|-unboost|p1a: Palafin|atk|1\n|-unboost|p1b: Clefairy|atk|1\n|move|p2a: Rillaboom|Swords Dance|p2a: Rillaboom\n|-boost|p2a: Rillaboom|atk|2\n|\n|-heal|p2a: Rillaboom|91\/100|[from] Grassy Terrain\n|-heal|p1b: Clefairy|80\/100|[from] Grassy Terrain\n|upkeep\n|turn|9\n|\n|t:|1698947021\n|switch|p1a: Kilowattrel|Kilowattrel, F, shiny|91\/100\n|move|p1b: Clefairy|Follow Me|p1b: Clefairy\n|-singleturn|p1b: Clefairy|move: Follow Me\n|move|p2a: Rillaboom|Grassy Glide|p1b: Clefairy\n|-damage|p1b: Clefairy|23\/100\n|move|p2b: Landorus|Stone Edge|p1b: Clefairy\n|-damage|p1b: Clefairy|0 fnt\n|faint|p1b: Clefairy\n|\n|-heal|p2a: Rillaboom|98\/100|[from] Grassy Terrain\n|upkeep\n|\n|t:|1698947023\n|switch|p1b: Amoonguss|Amoonguss, F, shiny|80\/100\n|turn|10\n|\n|t:|1698947041\n|move|p1a: Kilowattrel|Volt Switch|p2a: Rillaboom\n|-resisted|p2a: Rillaboom\n|-damage|p2a: Rillaboom|68\/100\n|-damage|p1a: Kilowattrel|81\/100|[from] item: Life Orb\n|\n|t:|1698947045\n|switch|p1a: Palafin|Palafin-Hero, M|100\/100 par|[from] Volt Switch\n|move|p2b: Landorus|Stone Edge|p1a: Palafin|[miss]\n|-miss|p2b: Landorus|p1a: Palafin\n|move|p2a: Rillaboom|Acrobatics|p1b: Amoonguss\n|-supereffective|p1b: Amoonguss\n|-damage|p1b: Amoonguss|0 fnt\n|faint|p1b: Amoonguss\n|\n|-heal|p2a: Rillaboom|74\/100|[from] Grassy Terrain\n|upkeep\n|\n|t:|1698947048\n|switch|p1b: Kilowattrel|Kilowattrel, F, shiny|81\/100\n|turn|11\n|\n|t:|1698947072\n|-terastallize|p1a: Palafin|Fighting\n|move|p2a: Rillaboom|Grassy Glide|p1a: Palafin\n|-damage|p1a: Palafin|22\/100 par\n|cant|p1a: Palafin|par\n|move|p1b: Kilowattrel|Volt Switch|p2a: Rillaboom\n|-resisted|p2a: Rillaboom\n|-damage|p2a: Rillaboom|48\/100\n|-damage|p1b: Kilowattrel|71\/100|[from] item: Life Orb\n|move|p2b: Landorus|Stone Edge|p1b: Kilowattrel\n|-supereffective|p1b: Kilowattrel\n|-damage|p1b: Kilowattrel|0 fnt\n|faint|p1b: Kilowattrel\n|\n|-heal|p2a: Rillaboom|54\/100|[from] Grassy Terrain\n|-heal|p1a: Palafin|28\/100 par|[from] Grassy Terrain\n|-fieldend|move: Grassy Terrain\n|upkeep\n|turn|12\n|c|\u2606KING GIGAS 2|GG\n|\n|t:|1698947092\n|move|p1a: Palafin|Jet Punch|p2b: Landorus\n|-supereffective|p2b: Landorus\n|-damage|p2b: Landorus|0 fnt\n|faint|p2b: Landorus\n|move|p2a: Rillaboom|Grassy Glide|p1a: Palafin\n|-damage|p1a: Palafin|0 fnt\n|faint|p1a: Palafin\n|\n|win|AshenOne420\n|raw|KING GIGAS 2's rating: 1141 &rarr; <strong>1119<\/strong><br \/>(-22 for losing)\n|raw|AshenOne420's rating: 1181 &rarr; <strong>1203<\/strong><br \/>(+22 for winning)\n|c|\u2606AshenOne420|Gg\n|l|\u2606KING GIGAS 2\n","uploadtime":1698947116,"views":25,"p1id":"kinggigas2","p2id":"ashenone420","formatid":"gen9doublesou","rating":1119,"private":0,"password":""}