{"id":"gen9doublesou-1971012922","p1":"Thehombre","p2":"sebastiangoca","format":"[Gen 9] Doubles OU","log":"|j|\u2606Thehombre\n|j|\u2606sebastiangoca\n|t:|1697692489\n|gametype|doubles\n|player|p1|Thehombre|169|1088\n|player|p2|sebastiangoca|fisherman-gen4|1135\n|teamsize|p1|6\n|teamsize|p2|6\n|gen|9\n|tier|[Gen 9] Doubles OU\n|rated|\n|rule|Species Clause: Limit one of each Pok\u00e9mon\n|rule|OHKO Clause: OHKO moves are banned\n|rule|Evasion Moves Clause: Evasion moves are banned\n|rule|Gravity Sleep Clause: The combination of sleep-inducing moves with imperfect accuracy and Gravity or Gigantamax Orbeetle are banned\n|rule|Endless Battle Clause: Forcing endless battles is banned\n|rule|HP Percentage Mod: HP is shown in percentages\n|clearpoke\n|poke|p1|Fezandipiti, M|\n|poke|p1|Overqwil, M|\n|poke|p1|Munkidori, M|\n|poke|p1|Landorus, M|\n|poke|p1|Corviknight, M|\n|poke|p1|Muk-Alola, F|\n|poke|p2|Hatterene, F|\n|poke|p2|Snorlax, F|\n|poke|p2|Bronzong|\n|poke|p2|Amoonguss, F|\n|poke|p2|Glastrier|\n|poke|p2|Dragalge, F|\n|teampreview\n|j| dsfsdfhdg\n|\n|t:|1697692504\n|start\n|switch|p1a: Munkidori|Munkidori, M|100\/100\n|switch|p1b: Fezandipiti|Fezandipiti, M|100\/100\n|switch|p2a: Bronzong|Bronzong|100\/100\n|switch|p2b: Glastrier|Glastrier|100\/100\n|turn|1\n|inactive|Battle timer is ON: inactive players will automatically lose when time's up. (requested by Thehombre)\n|\n|t:|1697692517\n|move|p1a: Munkidori|Focus Blast|p2b: Glastrier\n|-supereffective|p2b: Glastrier\n|-damage|p2b: Glastrier|29\/100\n|-status|p2b: Glastrier|tox|[from] ability: Toxic Chain|[of] p1a: Munkidori\n|move|p1b: Fezandipiti|Heat Wave|p2b: Glastrier|[spread] p2a,p2b\n|-supereffective|p2a: Bronzong\n|-supereffective|p2b: Glastrier\n|-damage|p2a: Bronzong|76\/100\n|-damage|p2b: Glastrier|1\/100 tox\n|move|p2b: Glastrier|Avalanche|p1b: Fezandipiti\n|-damage|p1b: Fezandipiti|5\/100\n|move|p2a: Bronzong|Trick Room|p2a: Bronzong\n|-fieldstart|move: Trick Room|[of] p2a: Bronzong\n|\n|-heal|p2b: Glastrier|7\/100 tox|[from] item: Leftovers\n|-heal|p1b: Fezandipiti|11\/100|[from] item: Leftovers\n|-damage|p2b: Glastrier|1\/100 tox|[from] psn\n|upkeep\n|turn|2\n|\n|t:|1697692539\n|switch|p1b: Overqwil|Overqwil, M|100\/100\n|switch|p1a: Muk|Muk-Alola, F|100\/100\n|move|p2a: Bronzong|Confuse Ray|p1a: Muk\n|-start|p1a: Muk|confusion\n|move|p2b: Glastrier|Avalanche|p1b: Overqwil\n|-damage|p1b: Overqwil|60\/100\n|\n|-heal|p2b: Glastrier|7\/100 tox|[from] item: Leftovers\n|-damage|p2b: Glastrier|0 fnt|[from] psn\n|faint|p2b: Glastrier\n|upkeep\n|inactive|sebastiangoca has 120 seconds left.\n|\n|t:|1697692557\n|switch|p2b: Amoonguss|Amoonguss, F|100\/100\n|turn|3\n|\n|t:|1697692572\n|move|p2b: Amoonguss|Spore|p1b: Overqwil\n|-status|p1b: Overqwil|slp|[from] move: Spore\n|move|p2a: Bronzong|Confuse Ray|p1b: Overqwil\n|-start|p1b: Overqwil|confusion\n|-activate|p1a: Muk|confusion\n|move|p1a: Muk|Curse|p1a: Muk\n|-unboost|p1a: Muk|spe|1\n|-boost|p1a: Muk|atk|1\n|-boost|p1a: Muk|def|1\n|cant|p1b: Overqwil|slp\n|\n|upkeep\n|turn|4\n|\n|t:|1697692588\n|move|p2b: Amoonguss|Hex|p1b: Overqwil\n|-resisted|p1b: Overqwil\n|-damage|p1b: Overqwil|32\/100 slp\n|-end|p1a: Muk|confusion\n|move|p1a: Muk|Ice Punch|p2b: Amoonguss\n|-supereffective|p2b: Amoonguss\n|-damage|p2b: Amoonguss|19\/100\n|-enditem|p2b: Amoonguss|Aguav Berry|[eat]\n|-heal|p2b: Amoonguss|52\/100|[from] item: Aguav Berry\n|move|p2a: Bronzong|Flash Cannon|p1b: Overqwil\n|-damage|p1b: Overqwil|0 fnt\n|faint|p1b: Overqwil\n|\n|upkeep\n|\n|t:|1697692602\n|switch|p1b: Munkidori|Munkidori, M|100\/100\n|turn|5\n|\n|t:|1697692610\n|move|p2b: Amoonguss|Spore|p1a: Muk\n|-status|p1a: Muk|slp|[from] move: Spore\n|cant|p1a: Muk|slp\n|move|p2a: Bronzong|Confuse Ray|p1b: Munkidori\n|-start|p1b: Munkidori|confusion\n|-activate|p1b: Munkidori|confusion\n|-damage|p1b: Munkidori|91\/100|[from] confusion\n|\n|-fieldend|move: Trick Room\n|upkeep\n|turn|6\n|\n|t:|1697692625\n|switch|p1b: Fezandipiti|Fezandipiti, M|11\/100\n|-curestatus|p1a: Muk|slp|[msg]\n|move|p1a: Muk|Curse|p1a: Muk\n|-unboost|p1a: Muk|spe|1\n|-boost|p1a: Muk|atk|1\n|-boost|p1a: Muk|def|1\n|move|p2b: Amoonguss|Hex|p1a: Muk\n|-resisted|p1a: Muk\n|-damage|p1a: Muk|92\/100\n|move|p2a: Bronzong|Trick Room|p2a: Bronzong\n|-fieldstart|move: Trick Room|[of] p2a: Bronzong\n|\n|-heal|p1a: Muk|98\/100|[from] item: Leftovers\n|-heal|p1b: Fezandipiti|17\/100|[from] item: Leftovers\n|upkeep\n|turn|7\n|c|\u2606Thehombre|Ok\n|\n|t:|1697692645\n|move|p1a: Muk|Ice Punch|p2b: Amoonguss\n|-supereffective|p2b: Amoonguss\n|-damage|p2b: Amoonguss|0 fnt\n|faint|p2b: Amoonguss\n|move|p2a: Bronzong|Flash Cannon|p1b: Fezandipiti\n|-supereffective|p1b: Fezandipiti\n|-damage|p1b: Fezandipiti|0 fnt\n|faint|p1b: Fezandipiti\n|\n|-heal|p1a: Muk|100\/100|[from] item: Leftovers\n|upkeep\n|\n|t:|1697692660\n|switch|p2b: Hatterene|Hatterene, F|100\/100\n|switch|p1b: Landorus|Landorus, M|100\/100\n|-ability|p2b: Hatterene|Anticipation\n|-item|p2b: Hatterene|Air Balloon\n|turn|8\n|l| dsfsdfhdg\n|inactive|sebastiangoca has 120 seconds left.\n|\n|t:|1697692716\n|move|p1a: Muk|Poison Jab|p2b: Hatterene\n|-supereffective|p2b: Hatterene\n|-damage|p2b: Hatterene|0 fnt\n|-enditem|p2b: Hatterene|Air Balloon\n|faint|p2b: Hatterene\n|move|p2a: Bronzong|Confuse Ray|p1b: Landorus\n|-start|p1b: Landorus|confusion\n|-activate|p1b: Landorus|confusion\n|-damage|p1b: Landorus|90\/100|[from] confusion\n|\n|-heal|p1b: Landorus|96\/100|[from] item: Leftovers\n|upkeep\n|inactive|sebastiangoca has 90 seconds left.\n|\n|t:|1697692729\n|switch|p2b: Dragalge|Dragalge, F|100\/100\n|turn|9\n|\n|t:|1697692746\n|move|p1a: Muk|Ice Punch|p2b: Dragalge\n|-supereffective|p2b: Dragalge\n|-damage|p2b: Dragalge|0 fnt\n|faint|p2b: Dragalge\n|move|p2a: Bronzong|Flash Cannon|p1b: Landorus\n|-damage|p1b: Landorus|69\/100\n|-activate|p1b: Landorus|confusion\n|move|p1b: Landorus|Calm Mind|p1b: Landorus\n|-boost|p1b: Landorus|spa|1\n|-boost|p1b: Landorus|spd|1\n|\n|-heal|p1b: Landorus|75\/100|[from] item: Leftovers\n|upkeep\n|-message|sebastiangoca forfeited.\n|\n|win|Thehombre\n|raw|Thehombre's rating: 1088 &rarr; <strong>1118<\/strong><br \/>(+30 for winning)\n|raw|sebastiangoca's rating: 1135 &rarr; <strong>1107<\/strong><br \/>(-28 for losing)\n|l|\u2606sebastiangoca\n","uploadtime":1697692760,"views":13,"p1id":"thehombre","p2id":"sebastiangoca","formatid":"gen9doublesou","rating":1107,"private":0,"password":""}