{"id":"gen9doublesou-1971041763","p1":"dangledipipples","p2":"Blackula206","format":"[Gen 9] Doubles OU","log":"|j|\u203ddangledipipples\n|j|\u2606Blackula206\n|t:|1697697299\n|gametype|doubles\n|player|p1|dangledipipples|veteran|1122\n|player|p2|Blackula206|1|1135\n|teamsize|p1|6\n|teamsize|p2|6\n|gen|9\n|tier|[Gen 9] Doubles OU\n|rated|\n|rule|Species Clause: Limit one of each Pok\u00e9mon\n|rule|OHKO Clause: OHKO moves are banned\n|rule|Evasion Moves Clause: Evasion moves are banned\n|rule|Gravity Sleep Clause: The combination of sleep-inducing moves with imperfect accuracy and Gravity or Gigantamax Orbeetle are banned\n|rule|Endless Battle Clause: Forcing endless battles is banned\n|rule|HP Percentage Mod: HP is shown in percentages\n|clearpoke\n|poke|p1|Poliwrath, F|\n|poke|p1|Pelipper, F|\n|poke|p1|Landorus-Therian, M|\n|poke|p1|Amoonguss, M|\n|poke|p1|Raichu, M|\n|poke|p1|Bronzong|\n|poke|p2|Ogerpon-Hearthflame, F|\n|poke|p2|Skeledirge, F|\n|poke|p2|Ninetales, F|\n|poke|p2|Tauros-Paldea-Blaze, M|\n|poke|p2|Arcanine, M|\n|poke|p2|Typhlosion-Hisui, M|\n|teampreview\n|\n|t:|1697697320\n|start\n|switch|p1a: Raichu|Raichu, M, shiny|100\/100\n|switch|p1b: Poliwrath|Poliwrath, F|100\/100\n|switch|p2a: Ogerpon|Ogerpon-Hearthflame, F|100\/100\n|switch|p2b: Skeledirge|Skeledirge, F|100\/100\n|-ability|p2a: Ogerpon|Mold Breaker\n|turn|1\n|\n|t:|1697697342\n|switch|p2b: Tauros|Tauros-Paldea-Blaze, M|100\/100\n|-ability|p2b: Tauros|Intimidate|boost\n|-unboost|p1a: Raichu|atk|1\n|-unboost|p1b: Poliwrath|atk|1\n|move|p1a: Raichu|Fake Out|p2a: Ogerpon\n|-damage|p2a: Ogerpon|94\/100\n|cant|p2a: Ogerpon|flinch\n|move|p1b: Poliwrath|Belly Drum|p1b: Poliwrath\n|-damage|p1b: Poliwrath|50\/100\n|-setboost|p1b: Poliwrath|atk|6|[from] move: Belly Drum\n|-enditem|p1b: Poliwrath|Sitrus Berry|[eat]\n|-heal|p1b: Poliwrath|75\/100|[from] item: Sitrus Berry\n|\n|upkeep\n|turn|2\n|\n|t:|1697697363\n|switch|p1a: Pelipper|Pelipper, F|100\/100\n|-weather|RainDance|[from] ability: Drizzle|[of] p1a: Pelipper\n|move|p2b: Tauros|Protect|p2b: Tauros\n|-singleturn|p2b: Tauros|Protect\n|move|p1b: Poliwrath|Drain Punch|p2a: Ogerpon\n|-damage|p2a: Ogerpon|0 fnt\n|-heal|p1b: Poliwrath|100\/100|[from] drain|[of] p2a: Ogerpon\n|faint|p2a: Ogerpon\n|\n|-weather|RainDance|[upkeep]\n|upkeep\n|\n|t:|1697697375\n|switch|p2a: Skeledirge|Skeledirge, F|100\/100\n|turn|3\n|\n|t:|1697697389\n|switch|p2b: Ninetales|Ninetales, F|100\/100\n|-weather|SunnyDay|[from] ability: Drought|[of] p2b: Ninetales\n|-terastallize|p2a: Skeledirge|Fairy\n|move|p1b: Poliwrath|Protect|p1b: Poliwrath\n|-singleturn|p1b: Poliwrath|Protect\n|move|p1a: Pelipper|Tailwind|p1a: Pelipper\n|-sidestart|p1: dangledipipples|move: Tailwind\n|move|p2a: Skeledirge|Will-O-Wisp|p1b: Poliwrath\n|-activate|p1b: Poliwrath|move: Protect\n|\n|-weather|SunnyDay|[upkeep]\n|upkeep\n|turn|4\n|\n|t:|1697697422\n|switch|p1a: Landorus|Landorus-Therian, M|100\/100\n|-ability|p1a: Landorus|Intimidate|boost\n|-unboost|p2a: Skeledirge|atk|1\n|-unboost|p2b: Ninetales|atk|1\n|move|p1b: Poliwrath|Drain Punch|p2b: Ninetales\n|-damage|p2b: Ninetales|0 fnt\n|faint|p2b: Ninetales\n|move|p2a: Skeledirge|Will-O-Wisp|p1b: Poliwrath\n|-status|p1b: Poliwrath|brn\n|\n|-weather|SunnyDay|[upkeep]\n|-damage|p1b: Poliwrath|94\/100 brn|[from] brn\n|upkeep\n|\n|t:|1697697439\n|switch|p2b: Arcanine|Arcanine, M|100\/100\n|-ability|p2b: Arcanine|Intimidate|boost\n|-unboost|p1a: Landorus|atk|1\n|-unboost|p1b: Poliwrath|atk|1\n|turn|5\n|\n|t:|1697697463\n|switch|p1a: Pelipper|Pelipper, F|100\/100\n|-weather|RainDance|[from] ability: Drizzle|[of] p1a: Pelipper\n|move|p2b: Arcanine|Protect|p2b: Arcanine\n|-singleturn|p2b: Arcanine|Protect\n|move|p1b: Poliwrath|Liquidation|p2b: Arcanine\n|-activate|p2b: Arcanine|move: Protect\n|move|p2a: Skeledirge|Torch Song|p1b: Poliwrath\n|-resisted|p1b: Poliwrath\n|-damage|p1b: Poliwrath|87\/100 brn\n|-boost|p2a: Skeledirge|spa|1\n|\n|-weather|RainDance|[upkeep]\n|-damage|p1b: Poliwrath|80\/100 brn|[from] brn\n|upkeep\n|turn|6\n|\n|t:|1697697483\n|switch|p2b: Tauros|Tauros-Paldea-Blaze, M|100\/100\n|-ability|p2b: Tauros|Intimidate|boost\n|-unboost|p1a: Pelipper|atk|1\n|-unboost|p1b: Poliwrath|atk|1\n|move|p1b: Poliwrath|Liquidation|p2a: Skeledirge\n|-damage|p2a: Skeledirge|79\/100\n|move|p1a: Pelipper|Weather Ball|p2a: Skeledirge\n|-damage|p2a: Skeledirge|44\/100\n|move|p2a: Skeledirge|Torch Song|p1b: Poliwrath\n|-resisted|p1b: Poliwrath\n|-damage|p1b: Poliwrath|70\/100 brn\n|-boost|p2a: Skeledirge|spa|1\n|\n|-weather|RainDance|[upkeep]\n|-heal|p2a: Skeledirge|50\/100|[from] item: Leftovers\n|-damage|p1b: Poliwrath|63\/100 brn|[from] brn\n|-sideend|p1: dangledipipples|move: Tailwind\n|upkeep\n|turn|7\n|\n|t:|1697697510\n|switch|p2b: Arcanine|Arcanine, M|100\/100\n|-ability|p2b: Arcanine|Intimidate|boost\n|-unboost|p1a: Pelipper|atk|1\n|-unboost|p1b: Poliwrath|atk|1\n|move|p1b: Poliwrath|Liquidation|p2b: Arcanine\n|-supereffective|p2b: Arcanine\n|-damage|p2b: Arcanine|0 fnt\n|faint|p2b: Arcanine\n|move|p1a: Pelipper|Weather Ball|p2a: Skeledirge\n|-damage|p2a: Skeledirge|16\/100\n|move|p2a: Skeledirge|Slack Off|p2a: Skeledirge\n|-heal|p2a: Skeledirge|66\/100\n|\n|-weather|RainDance|[upkeep]\n|-heal|p2a: Skeledirge|72\/100|[from] item: Leftovers\n|-damage|p1b: Poliwrath|57\/100 brn|[from] brn\n|upkeep\n|\n|t:|1697697523\n|switch|p2b: Tauros|Tauros-Paldea-Blaze, M|100\/100\n|-ability|p2b: Tauros|Intimidate|boost\n|-unboost|p1a: Pelipper|atk|1\n|-unboost|p1b: Poliwrath|atk|1\n|turn|8\n|\n|t:|1697697536\n|move|p2b: Tauros|Protect|p2b: Tauros\n|-singleturn|p2b: Tauros|Protect\n|move|p1b: Poliwrath|Liquidation|p2b: Tauros\n|-activate|p2b: Tauros|move: Protect\n|move|p1a: Pelipper|Tailwind|p1a: Pelipper\n|-sidestart|p1: dangledipipples|move: Tailwind\n|move|p2a: Skeledirge|Torch Song|p1b: Poliwrath\n|-resisted|p1b: Poliwrath\n|-damage|p1b: Poliwrath|42\/100 brn\n|-boost|p2a: Skeledirge|spa|1\n|\n|-weather|RainDance|[upkeep]\n|-heal|p2a: Skeledirge|78\/100|[from] item: Leftovers\n|-damage|p1b: Poliwrath|36\/100 brn|[from] brn\n|upkeep\n|turn|9\n|\n|t:|1697697570\n|switch|p2b: Typhlosion|Typhlosion-Hisui, M|100\/100\n|-item|p1a: Pelipper|Safety Goggles|[from] ability: Frisk|[of] p2b: Typhlosion|[identify]\n|move|p1b: Poliwrath|Liquidation|p2b: Typhlosion\n|-supereffective|p2b: Typhlosion\n|-damage|p2b: Typhlosion|0 fnt\n|faint|p2b: Typhlosion\n|move|p1a: Pelipper|Weather Ball|p2a: Skeledirge\n|-damage|p2a: Skeledirge|46\/100\n|move|p2a: Skeledirge|Torch Song|p1b: Poliwrath\n|-resisted|p1b: Poliwrath\n|-damage|p1b: Poliwrath|16\/100 brn\n|-boost|p2a: Skeledirge|spa|1\n|\n|-weather|none\n|-heal|p2a: Skeledirge|52\/100|[from] item: Leftovers\n|-damage|p1b: Poliwrath|10\/100 brn|[from] brn\n|upkeep\n|\n|t:|1697697577\n|switch|p2b: Tauros|Tauros-Paldea-Blaze, M|100\/100\n|-ability|p2b: Tauros|Intimidate|boost\n|-unboost|p1a: Pelipper|atk|1\n|-unboost|p1b: Poliwrath|atk|1\n|turn|10\n|\n|t:|1697697604\n|move|p2b: Tauros|Protect|p2b: Tauros\n|-singleturn|p2b: Tauros|Protect\n|move|p1b: Poliwrath|Liquidation|p2a: Skeledirge\n|-damage|p2a: Skeledirge|37\/100\n|move|p1a: Pelipper|Weather Ball|p2a: Skeledirge\n|-damage|p2a: Skeledirge|29\/100\n|move|p2a: Skeledirge|Torch Song|p1b: Poliwrath\n|-resisted|p1b: Poliwrath\n|-damage|p1b: Poliwrath|0 fnt\n|-boost|p2a: Skeledirge|spa|1\n|faint|p1b: Poliwrath\n|\n|-heal|p2a: Skeledirge|35\/100|[from] item: Leftovers\n|upkeep\n|\n|t:|1697697620\n|switch|p1b: Landorus|Landorus-Therian, M|100\/100\n|-ability|p1b: Landorus|Intimidate|boost\n|-unboost|p2a: Skeledirge|atk|1\n|-unboost|p2b: Tauros|atk|1\n|turn|11\n|\n|t:|1697697651\n|-terastallize|p1b: Landorus|Ground\n|move|p1b: Landorus|Earthquake|p2a: Skeledirge|[spread] p2a,p2b\n|-immune|p1a: Pelipper\n|-supereffective|p2b: Tauros\n|-damage|p2a: Skeledirge|0 fnt\n|-damage|p2b: Tauros|8\/100\n|faint|p2a: Skeledirge\n|-damage|p1b: Landorus|91\/100|[from] item: Life Orb\n|move|p1a: Pelipper|Hurricane|p2b: Tauros\n|-supereffective|p2b: Tauros\n|-damage|p2b: Tauros|0 fnt\n|faint|p2b: Tauros\n|\n|win|dangledipipples\n|raw|dangledipipples's rating: 1122 &rarr; <strong>1148<\/strong><br \/>(+26 for winning)\n|raw|Blackula206's rating: 1135 &rarr; <strong>1109<\/strong><br \/>(-26 for losing)\n|l|\u2606Blackula206\n","uploadtime":1697698068,"views":17,"p1id":"dangledipipples","p2id":"blackula206","formatid":"gen9doublesou","rating":1109,"private":0,"password":""}