{"id":"gen9doublesou-1989052087","p1":"Pearsquare","p2":"Norafumi","format":"[Gen 9] Doubles OU","log":"|j|\u2606Pearsquare\n|j|\u2606Norafumi\n|t:|1699806835\n|gametype|doubles\n|player|p1|Pearsquare|caitlin|1101\n|player|p2|Norafumi|steven|1179\n|teamsize|p1|6\n|teamsize|p2|6\n|gen|9\n|tier|[Gen 9] Doubles OU\n|rated|\n|rule|Species Clause: Limit one of each Pok\u00e9mon\n|rule|OHKO Clause: OHKO moves are banned\n|rule|Evasion Moves Clause: Evasion moves are banned\n|rule|Gravity Sleep Clause: The combination of sleep-inducing moves with imperfect accuracy and Gravity or Gigantamax Orbeetle are banned\n|rule|Endless Battle Clause: Forcing endless battles is banned\n|rule|HP Percentage Mod: HP is shown in percentages\n|clearpoke\n|poke|p1|Meloetta|\n|poke|p1|Kricketune, M|\n|poke|p1|Luxray, M|\n|poke|p1|Mienshao, M|\n|poke|p1|Kommo-o, F|\n|poke|p1|Diancie|\n|poke|p2|Maushold|\n|poke|p2|Lucario, F|\n|poke|p2|Toxapex, M|\n|poke|p2|Gliscor, M|\n|poke|p2|Arboliva, F|\n|poke|p2|Charizard, M|\n|teampreview\n|\n|t:|1699806840\n|start\n|switch|p1a: Tazi|Luxray, M, shiny|100\/100\n|switch|p1b: Ein|Mienshao, M|100\/100\n|switch|p2a: Maushold|Maushold|100\/100\n|switch|p2b: Lucario|Lucario, F|100\/100\n|-ability|p1a: Tazi|Intimidate|boost\n|-unboost|p2a: Maushold|atk|1\n|-unboost|p2b: Lucario|atk|1\n|turn|1\n|\n|t:|1699806856\n|move|p1b: Ein|Fake Out|p2b: Lucario\n|-resisted|p2b: Lucario\n|-damage|p2b: Lucario|92\/100\n|move|p2a: Maushold|Beat Up|p2b: Lucario\n|-resisted|p2b: Lucario\n|-damage|p2b: Lucario|91\/100\n|-ability|p2b: Lucario|Justified|boost\n|-boost|p2b: Lucario|atk|1\n|-resisted|p2b: Lucario\n|-damage|p2b: Lucario|90\/100\n|-ability|p2b: Lucario|Justified|boost\n|-boost|p2b: Lucario|atk|1\n|-resisted|p2b: Lucario\n|-damage|p2b: Lucario|89\/100\n|-ability|p2b: Lucario|Justified|boost\n|-boost|p2b: Lucario|atk|1\n|-resisted|p2b: Lucario\n|-damage|p2b: Lucario|88\/100\n|-ability|p2b: Lucario|Justified|boost\n|-boost|p2b: Lucario|atk|1\n|-resisted|p2b: Lucario\n|-crit|p2b: Lucario\n|-damage|p2b: Lucario|87\/100\n|-ability|p2b: Lucario|Justified|boost\n|-boost|p2b: Lucario|atk|1\n|-resisted|p2b: Lucario\n|-damage|p2b: Lucario|86\/100\n|-ability|p2b: Lucario|Justified|boost\n|-boost|p2b: Lucario|atk|1\n|-hitcount|p2b: Lucario|6\n|cant|p2b: Lucario|flinch\n|move|p1a: Tazi|Volt Switch|p2b: Lucario\n|-damage|p2b: Lucario|60\/100\n|\n|t:|1699806888\n|switch|p1a: Artemis|Kommo-o, F|100\/100|[from] Volt Switch\n|\n|upkeep\n|turn|2\n|\n|t:|1699806902\n|switch|p2a: Charizard|Charizard, M|100\/100\n|-terastallize|p1a: Artemis|Normal\n|move|p1b: Ein|Helping Hand|p1a: Artemis\n|-singleturn|p1a: Artemis|Helping Hand|[of] p1b: Ein\n|move|p2b: Lucario|Earthquake|p1b: Ein|[spread] p1a,p1b\n|-immune|p2a: Charizard\n|-damage|p1a: Artemis|19\/100\n|-damage|p1b: Ein|0 fnt\n|faint|p1b: Ein\n|move|p1a: Artemis|Boomburst|p2b: Lucario|[spread] p2a,p2b\n|-resisted|p2b: Lucario\n|-crit|p2b: Lucario\n|-damage|p2a: Charizard|4\/100\n|-damage|p2b: Lucario|0 fnt\n|faint|p2b: Lucario\n|-enditem|p1a: Artemis|Throat Spray\n|-boost|p1a: Artemis|spa|1|[from] item: Throat Spray\n|\n|upkeep\n|\n|t:|1699806920\n|switch|p1b: Tazi|Luxray, M, shiny|100\/100\n|switch|p2b: Maushold|Maushold|100\/100\n|-ability|p1b: Tazi|Intimidate|boost\n|-unboost|p2a: Charizard|atk|1\n|-unboost|p2b: Maushold|atk|1\n|turn|3\n|\n|t:|1699806938\n|move|p1b: Tazi|Quick Attack|p2a: Charizard\n|-damage|p2a: Charizard|0 fnt\n|faint|p2a: Charizard\n|move|p2b: Maushold|After You|p2: Charizard|[notarget]\n|-fail|p2b: Maushold\n|move|p1a: Artemis|Drain Punch|p2b: Maushold\n|-supereffective|p2b: Maushold\n|-damage|p2b: Maushold|37\/100\n|-heal|p1a: Artemis|58\/100|[from] drain|[of] p2b: Maushold\n|\n|upkeep\n|\n|t:|1699806948\n|switch|p2a: Gliscor|Gliscor, M|100\/100\n|turn|4\n|\n|t:|1699806956\n|move|p1b: Tazi|Quick Attack|p2a: Gliscor\n|-damage|p2a: Gliscor|91\/100\n|move|p2b: Maushold|After You|p2a: Gliscor\n|-activate|p2a: Gliscor|move: After You\n|move|p2a: Gliscor|Toxic|p1a: Artemis\n|-status|p1a: Artemis|tox\n|move|p1a: Artemis|Boomburst|p2b: Maushold|[spread] p1b,p2a,p2b\n|-damage|p1b: Tazi|2\/100\n|-damage|p2a: Gliscor|24\/100\n|-damage|p2b: Maushold|0 fnt\n|faint|p2b: Maushold\n|\n|-damage|p1a: Artemis|51\/100 tox|[from] psn\n|-status|p2a: Gliscor|tox|[from] item: Toxic Orb\n|upkeep\n|\n|t:|1699806968\n|switch|p2b: Toxapex|Toxapex, M|100\/100\n|turn|5\n|\n|t:|1699806980\n|move|p2a: Gliscor|Protect|p2a: Gliscor\n|-singleturn|p2a: Gliscor|Protect\n|move|p2b: Toxapex|Baneful Bunker|p2b: Toxapex\n|-singleturn|p2b: Toxapex|move: Protect\n|move|p1b: Tazi|Quick Attack|p2b: Toxapex\n|-activate|p2b: Toxapex|move: Protect\n|-status|p1b: Tazi|psn\n|move|p1a: Artemis|Boomburst|p2a: Gliscor|[spread] p1b\n|-activate|p2a: Gliscor|move: Protect\n|-activate|p2b: Toxapex|move: Protect\n|-damage|p1b: Tazi|0 fnt\n|faint|p1b: Tazi\n|\n|-damage|p1a: Artemis|39\/100 tox|[from] psn\n|-heal|p2a: Gliscor|36\/100 tox|[from] ability: Poison Heal\n|upkeep\n|\n|t:|1699806996\n|switch|p1b: Beatrice|Kricketune, M|100\/100\n|turn|6\n|\n|t:|1699807008\n|switch|p2a: Arboliva|Arboliva, F|100\/100\n|move|p1b: Beatrice|Helping Hand|p1a: Artemis\n|-singleturn|p1a: Artemis|Helping Hand|[of] p1b: Beatrice\n|move|p1a: Artemis|Boomburst|p2b: Toxapex|[spread] p1b,p2a,p2b\n|-enditem|p1b: Beatrice|Focus Sash\n|-damage|p1b: Beatrice|1\/100\n|-damage|p2a: Arboliva|35\/100\n|-damage|p2b: Toxapex|16\/100\n|-enditem|p2a: Arboliva|Sitrus Berry|[eat]\n|-heal|p2a: Arboliva|60\/100|[from] item: Sitrus Berry\n|move|p2b: Toxapex|Haze|p2b: Toxapex\n|-clearallboost\n|\n|-heal|p2b: Toxapex|22\/100|[from] item: Leftovers\n|-damage|p1a: Artemis|20\/100 tox|[from] psn\n|upkeep\n|turn|7\n|\n|t:|1699807031\n|move|p2b: Toxapex|Baneful Bunker|p2b: Toxapex\n|-singleturn|p2b: Toxapex|move: Protect\n|move|p1a: Artemis|Drain Punch|p2a: Arboliva\n|-supereffective|p2a: Arboliva\n|-damage|p2a: Arboliva|9\/100\n|-heal|p1a: Artemis|52\/100 tox|[from] drain|[of] p2a: Arboliva\n|move|p1b: Beatrice|Sticky Web|p2b: Toxapex\n|-sidestart|p2: Norafumi|move: Sticky Web\n|move|p2a: Arboliva|Substitute|p2a: Arboliva\n|-fail|p2a: Arboliva|move: Substitute|[weak]\n|\n|-heal|p2b: Toxapex|28\/100|[from] item: Leftovers\n|-damage|p1a: Artemis|27\/100 tox|[from] psn\n|-item|p2a: Arboliva|Sitrus Berry|[from] ability: Harvest\n|upkeep\n|-enditem|p2a: Arboliva|Sitrus Berry|[eat]\n|-heal|p2a: Arboliva|34\/100|[from] item: Sitrus Berry\n|turn|8\n|\n|t:|1699807059\n|move|p2a: Arboliva|Protect|p2a: Arboliva\n|-singleturn|p2a: Arboliva|Protect\n|move|p1a: Artemis|Drain Punch|p2b: Toxapex\n|-resisted|p2b: Toxapex\n|-damage|p2b: Toxapex|21\/100\n|-heal|p1a: Artemis|31\/100 tox|[from] drain|[of] p2b: Toxapex\n|move|p1b: Beatrice|Fell Stinger|p2a: Arboliva\n|-activate|p2a: Arboliva|move: Protect\n|move|p2b: Toxapex|Recover|p2b: Toxapex\n|-heal|p2b: Toxapex|71\/100\n|\n|-heal|p2b: Toxapex|77\/100|[from] item: Leftovers\n|-damage|p1a: Artemis|0 fnt|[from] psn\n|faint|p1a: Artemis\n|-item|p2a: Arboliva|Sitrus Berry|[from] ability: Harvest\n|upkeep\n|-enditem|p2a: Arboliva|Sitrus Berry|[eat]\n|-heal|p2a: Arboliva|59\/100|[from] item: Sitrus Berry\n|\n|t:|1699807078\n|switch|p1a: Aria|Meloetta|100\/100\n|turn|9\n|\n|t:|1699807100\n|move|p1b: Beatrice|Helping Hand|p1a: Aria\n|-singleturn|p1a: Aria|Helping Hand|[of] p1b: Beatrice\n|move|p1a: Aria|Dazzling Gleam|p2b: Toxapex|[spread] p2a,p2b\n|-resisted|p2b: Toxapex\n|-damage|p2a: Arboliva|42\/100\n|-damage|p2b: Toxapex|67\/100\n|move|p2a: Arboliva|Sunny Day|p2a: Arboliva\n|-weather|SunnyDay\n|move|p2b: Toxapex|Toxic|p1a: Aria\n|-status|p1a: Aria|tox\n|\n|-weather|SunnyDay|[upkeep]\n|-heal|p2b: Toxapex|73\/100|[from] item: Leftovers\n|-damage|p1a: Aria|94\/100 tox|[from] psn\n|-item|p2a: Arboliva|Sitrus Berry|[from] ability: Harvest\n|upkeep\n|-enditem|p2a: Arboliva|Sitrus Berry|[eat]\n|-heal|p2a: Arboliva|67\/100|[from] item: Sitrus Berry\n|turn|10\n|\n|t:|1699807126\n|move|p1a: Aria|Dazzling Gleam|p2b: Toxapex|[spread] p2a,p2b\n|-resisted|p2b: Toxapex\n|-damage|p2a: Arboliva|56\/100\n|-damage|p2b: Toxapex|66\/100\n|move|p1b: Beatrice|Fell Stinger|p2a: Arboliva\n|-supereffective|p2a: Arboliva\n|-damage|p2a: Arboliva|0 fnt\n|faint|p2a: Arboliva\n|-boost|p1b: Beatrice|atk|3\n|move|p2b: Toxapex|Toxic|p1b: Beatrice\n|-status|p1b: Beatrice|tox\n|\n|-weather|SunnyDay|[upkeep]\n|-heal|p2b: Toxapex|73\/100|[from] item: Leftovers\n|-damage|p1a: Aria|82\/100 tox|[from] psn\n|-damage|p1b: Beatrice|0 fnt|[from] psn\n|faint|p1b: Beatrice\n|upkeep\n|\n|t:|1699807140\n|switch|p1b: Aphrodite|Diancie|100\/100\n|switch|p2a: Gliscor|Gliscor, M|36\/100 tox\n|turn|11\n|\n|t:|1699807148\n|move|p2a: Gliscor|Protect|p2a: Gliscor\n|-singleturn|p2a: Gliscor|Protect\n|move|p1a: Aria|Psychic|p2b: Toxapex\n|-supereffective|p2b: Toxapex\n|-damage|p2b: Toxapex|3\/100\n|-unboost|p2b: Toxapex|spd|1\n|move|p1b: Aphrodite|Diamond Storm|p2a: Gliscor|[spread] p2b\n|-activate|p2a: Gliscor|move: Protect\n|-damage|p2b: Toxapex|0 fnt\n|-boost|p1b: Aphrodite|def|2\n|faint|p2b: Toxapex\n|-damage|p1b: Aphrodite|91\/100|[from] item: Life Orb\n|\n|-weather|SunnyDay|[upkeep]\n|-damage|p1a: Aria|63\/100 tox|[from] psn\n|-heal|p2a: Gliscor|49\/100 tox|[from] ability: Poison Heal\n|upkeep\n|turn|12\n|\n|t:|1699807176\n|-terastallize|p2a: Gliscor|Normal\n|move|p1a: Aria|Psychic|p2a: Gliscor\n|-damage|p2a: Gliscor|1\/100 tox\n|move|p2a: Gliscor|Substitute|p2a: Gliscor\n|-fail|p2a: Gliscor|move: Substitute|[weak]\n|move|p1b: Aphrodite|Moonblast|p2a: Gliscor\n|-damage|p2a: Gliscor|0 fnt\n|faint|p2a: Gliscor\n|-damage|p1b: Aphrodite|81\/100|[from] item: Life Orb\n|\n|win|Pearsquare\n|raw|Pearsquare's rating: 1101 &rarr; <strong>1132<\/strong><br \/>(+31 for winning)\n|raw|Norafumi's rating: 1179 &rarr; <strong>1148<\/strong><br \/>(-31 for losing)\n|l|\u2606Norafumi\n","uploadtime":1699807188,"views":9,"p1id":"pearsquare","p2id":"norafumi","formatid":"gen9doublesou","rating":1132,"private":0,"password":""}