{"id":"gen9doublesou-1977463717","p1":"Rexluser","p2":"OReiii","format":"[Gen 9] Doubles OU","log":"|j|\u2606Rexluser\n|j|\u2606OReiii\n|t:|1698419264\n|gametype|doubles\n|player|p1|Rexluser|265|1372\n|player|p2|OReiii|1|1509\n|teamsize|p1|6\n|teamsize|p2|6\n|gen|9\n|tier|[Gen 9] Doubles OU\n|rated|\n|rule|Species Clause: Limit one of each Pok\u00e9mon\n|rule|OHKO Clause: OHKO moves are banned\n|rule|Evasion Moves Clause: Evasion moves are banned\n|rule|Gravity Sleep Clause: The combination of sleep-inducing moves with imperfect accuracy and Gravity or Gigantamax Orbeetle are banned\n|rule|Endless Battle Clause: Forcing endless battles is banned\n|rule|HP Percentage Mod: HP is shown in percentages\n|clearpoke\n|poke|p1|Chien-Pao|\n|poke|p1|Basculegion-F, F|\n|poke|p1|Goodra-Hisui, F|\n|poke|p1|Iron Hands|\n|poke|p1|Ogerpon-Hearthflame, F|\n|poke|p1|Tornadus, M|\n|poke|p2|Glalie, F|\n|poke|p2|Squawkabilly, M|\n|poke|p2|Grimmsnarl, M|\n|poke|p2|Grafaiai, F|\n|poke|p2|Scovillain, M|\n|poke|p2|Morpeko, F|\n|teampreview\n|inactive|Battle timer is ON: inactive players will automatically lose when time's up. (requested by Rexluser)\n|inactive|OReiii has 120 seconds left.\n|\n|t:|1698419327\n|start\n|switch|p1a: Tornadus|Tornadus, M|100\/100\n|switch|p1b: Chien-Pao|Chien-Pao|100\/100\n|switch|p2a: Squawkabilly|Squawkabilly, M|100\/100\n|switch|p2b: Grimmsnarl|Grimmsnarl, M|100\/100\n|-ability|p1b: Chien-Pao|Sword of Ruin\n|-ability|p2a: Squawkabilly|Intimidate|boost\n|-unboost|p1a: Tornadus|atk|1\n|-unboost|p1b: Chien-Pao|atk|1\n|turn|1\n|inactive|Rexluser has 120 seconds left.\n|\n|t:|1698419357\n|switch|p1b: Goodra|Goodra-Hisui, F|100\/100\n|move|p2b: Grimmsnarl|Fake Out|p1b: Goodra\n|-resisted|p1b: Goodra\n|-damage|p1b: Goodra|94\/100\n|move|p1a: Tornadus|Tailwind|p1a: Tornadus\n|-sidestart|p1: Rexluser|move: Tailwind\n|move|p2a: Squawkabilly|Parting Shot|p1b: Goodra\n|-unboost|p1b: Goodra|atk|1\n|-unboost|p1b: Goodra|spa|1\n|\n|t:|1698419371\n|switch|p2a: Glalie|Glalie, F|100\/100|[from] Parting Shot\n|\n|-heal|p1b: Goodra|99\/100|[from] item: Leftovers\n|-ability|p2a: Glalie|Moody|boost\n|-boost|p2a: Glalie|spa|2\n|-unboost|p2a: Glalie|spe|1\n|upkeep\n|turn|2\n|\n|t:|1698419384\n|move|p2a: Glalie|Protect|p2a: Glalie\n|-singleturn|p2a: Glalie|Protect\n|move|p2b: Grimmsnarl|Parting Shot|p1b: Goodra\n|-unboost|p1b: Goodra|atk|1\n|-unboost|p1b: Goodra|spa|1\n|\n|t:|1698419392\n|switch|p2b: Morpeko|Morpeko, F|100\/100|[from] Parting Shot\n|move|p1a: Tornadus|Bleakwind Storm|p2b: Morpeko|[spread] p2b\n|-activate|p2a: Glalie|move: Protect\n|-resisted|p2b: Morpeko\n|-damage|p2b: Morpeko|64\/100\n|move|p1b: Goodra|Flash Cannon|p2a: Glalie\n|-activate|p2a: Glalie|move: Protect\n|\n|-heal|p2b: Morpeko|70\/100|[from] item: Leftovers\n|-heal|p1b: Goodra|100\/100|[from] item: Leftovers\n|-ability|p2a: Glalie|Moody|boost\n|-boost|p2a: Glalie|spe|2\n|-unboost|p2a: Glalie|spa|1\n|-formechange|p2b: Morpeko|Morpeko-Hangry||[from] ability: Hunger Switch\n|upkeep\n|turn|3\n|inactive|OReiii has 120 seconds left.\n|\n|t:|1698419423\n|switch|p1a: Iron Hands|Iron Hands|100\/100\n|switch|p1b: Basculegion|Basculegion-F, F|100\/100\n|-ability|p1b: Basculegion|Mold Breaker\n|move|p2b: Morpeko|Fake Out|p1b: Basculegion\n|-immune|p1b: Basculegion\n|move|p2a: Glalie|Substitute|p2a: Glalie\n|-start|p2a: Glalie|Substitute\n|-damage|p2a: Glalie|76\/100\n|\n|-heal|p2b: Morpeko|76\/100|[from] item: Leftovers\n|-heal|p2a: Glalie|82\/100|[from] item: Leftovers\n|-ability|p2a: Glalie|Moody|boost\n|-boost|p2a: Glalie|spd|2\n|-unboost|p2a: Glalie|atk|1\n|-formechange|p2b: Morpeko|Morpeko||[from] ability: Hunger Switch\n|upkeep\n|turn|4\n|\n|t:|1698419444\n|move|p2a: Glalie|Protect|p2a: Glalie\n|-singleturn|p2a: Glalie|Protect\n|move|p1b: Basculegion|Flip Turn|p2b: Morpeko\n|-crit|p2b: Morpeko\n|-damage|p2b: Morpeko|0 fnt\n|faint|p2b: Morpeko\n|\n|t:|1698419458\n|switch|p1b: Goodra|Goodra-Hisui, F|100\/100|[from] Flip Turn\n|move|p1a: Iron Hands|Stomping Tantrum|p2a: Glalie\n|-activate|p2a: Glalie|move: Protect\n|\n|-heal|p2a: Glalie|88\/100|[from] item: Leftovers\n|-sideend|p1: Rexluser|move: Tailwind\n|-ability|p2a: Glalie|Moody|boost\n|-boost|p2a: Glalie|spe|2\n|-unboost|p2a: Glalie|def|1\n|upkeep\n|c|\u2606OReiii|lmao\n|\n|t:|1698419469\n|switch|p2b: Grimmsnarl|Grimmsnarl, M|100\/100\n|turn|5\n|inactive|Rexluser has 120 seconds left.\n|\n|t:|1698419506\n|move|p2b: Grimmsnarl|Fake Out|p1a: Iron Hands\n|-damage|p1a: Iron Hands|93\/100\n|move|p2a: Glalie|Freeze-Dry|p1a: Iron Hands\n|-damage|p1a: Iron Hands|77\/100\n|-status|p1a: Iron Hands|frz\n|move|p1b: Goodra|Flash Cannon|p2b: Grimmsnarl\n|-supereffective|p2b: Grimmsnarl\n|-damage|p2b: Grimmsnarl|33\/100\n|cant|p1a: Iron Hands|frz\n|\n|-heal|p2a: Glalie|94\/100|[from] item: Leftovers\n|-heal|p2b: Grimmsnarl|40\/100|[from] item: Leftovers\n|-ability|p2a: Glalie|Moody|boost\n|-boost|p2a: Glalie|spa|2\n|-unboost|p2a: Glalie|atk|1\n|upkeep\n|turn|6\n|\n|t:|1698419519\n|move|p2b: Grimmsnarl|Parting Shot|p1b: Goodra\n|-unboost|p1b: Goodra|atk|1\n|-unboost|p1b: Goodra|spa|1\n|\n|t:|1698419523\n|switch|p2b: Squawkabilly|Squawkabilly, M|100\/100|[from] Parting Shot\n|-ability|p2b: Squawkabilly|Intimidate|boost\n|-unboost|p1a: Iron Hands|atk|1\n|-unboost|p1b: Goodra|atk|1\n|move|p2a: Glalie|Earthquake|p1a: Iron Hands|[spread] p1a,p1b\n|-immune|p2b: Squawkabilly\n|-supereffective|p1a: Iron Hands\n|-supereffective|p1b: Goodra\n|-damage|p1a: Iron Hands|69\/100 frz\n|-damage|p1b: Goodra|88\/100\n|move|p1b: Goodra|Flash Cannon|p2b: Squawkabilly\n|-damage|p2b: Squawkabilly|81\/100\n|-unboost|p2b: Squawkabilly|spd|1\n|-curestatus|p1a: Iron Hands|frz|[msg]\n|move|p1a: Iron Hands|Stomping Tantrum|p2a: Glalie\n|-end|p2a: Glalie|Substitute\n|\n|-heal|p2a: Glalie|99\/100|[from] item: Leftovers\n|-heal|p2b: Squawkabilly|88\/100|[from] item: Leftovers\n|-heal|p1b: Goodra|94\/100|[from] item: Leftovers\n|-ability|p2a: Glalie|Moody|boost\n|-boost|p2a: Glalie|spd|2\n|-unboost|p2a: Glalie|def|1\n|upkeep\n|turn|7\n|\n|t:|1698419552\n|move|p2a: Glalie|Protect|p2a: Glalie\n|-singleturn|p2a: Glalie|Protect\n|move|p2b: Squawkabilly|Parting Shot|p1a: Iron Hands\n|-unboost|p1a: Iron Hands|atk|1\n|-unboost|p1a: Iron Hands|spa|1\n|inactive|OReiii has 120 seconds left.\n|\n|t:|1698419570\n|switch|p2b: Grafaiai|Grafaiai, F|100\/100|[from] Parting Shot\n|move|p1b: Goodra|Flash Cannon|p2a: Glalie\n|-activate|p2a: Glalie|move: Protect\n|move|p1a: Iron Hands|Drain Punch|p2b: Grafaiai\n|-damage|p2b: Grafaiai|71\/100\n|-heal|p1a: Iron Hands|79\/100|[from] drain|[of] p2b: Grafaiai\n|\n|-heal|p2a: Glalie|100\/100|[from] item: Leftovers\n|-heal|p2b: Grafaiai|77\/100|[from] item: Leftovers\n|-heal|p1b: Goodra|99\/100|[from] item: Leftovers\n|-ability|p2a: Glalie|Moody|boost\n|-boost|p2a: Glalie|spa|2\n|-unboost|p2a: Glalie|atk|1\n|upkeep\n|turn|8\n|\n|t:|1698419587\n|-end|p1a: Iron Hands|Quark Drive|[silent]\n|switch|p1a: Basculegion|Basculegion-F, F|100\/100\n|-ability|p1a: Basculegion|Mold Breaker\n|move|p2b: Grafaiai|Parting Shot|p1b: Goodra\n|-unboost|p1b: Goodra|atk|1\n|-unboost|p1b: Goodra|spa|1\n|\n|t:|1698419593\n|switch|p2b: Grimmsnarl|Grimmsnarl, M|40\/100|[from] Parting Shot\n|move|p2a: Glalie|Substitute|p2a: Glalie\n|-start|p2a: Glalie|Substitute\n|-damage|p2a: Glalie|76\/100\n|move|p1b: Goodra|Flash Cannon|p2a: Glalie\n|-supereffective|p2a: Glalie\n|-activate|p2a: Glalie|move: Substitute|[damage]\n|\n|-heal|p2a: Glalie|82\/100|[from] item: Leftovers\n|-heal|p1b: Goodra|100\/100|[from] item: Leftovers\n|-heal|p2b: Grimmsnarl|46\/100|[from] item: Leftovers\n|-ability|p2a: Glalie|Moody|boost\n|-boost|p2a: Glalie|spa|1\n|-unboost|p2a: Glalie|spe|1\n|upkeep\n|turn|9\n|\n|t:|1698419612\n|move|p2a: Glalie|Freeze-Dry|p1a: Basculegion\n|-supereffective|p1a: Basculegion\n|-damage|p1a: Basculegion|0 fnt\n|faint|p1a: Basculegion\n|move|p1b: Goodra|Flash Cannon|p2b: Grimmsnarl\n|-supereffective|p2b: Grimmsnarl\n|-damage|p2b: Grimmsnarl|13\/100\n|move|p2b: Grimmsnarl|Spirit Break|p1b: Goodra\n|-damage|p1b: Goodra|68\/100\n|-unboost|p1b: Goodra|spa|1\n|\n|-heal|p2a: Glalie|88\/100|[from] item: Leftovers\n|-heal|p1b: Goodra|74\/100|[from] item: Leftovers\n|-heal|p2b: Grimmsnarl|19\/100|[from] item: Leftovers\n|-ability|p2a: Glalie|Moody|boost\n|-boost|p2a: Glalie|atk|2\n|-unboost|p2a: Glalie|def|1\n|upkeep\n|\n|t:|1698419625\n|switch|p1a: Iron Hands|Iron Hands|79\/100\n|turn|10\n|\n|t:|1698419634\n|move|p1a: Iron Hands|Fake Out|p2b: Grimmsnarl\n|-damage|p2b: Grimmsnarl|2\/100\n|move|p2a: Glalie|Freeze-Dry|p1a: Iron Hands\n|-damage|p1a: Iron Hands|34\/100\n|move|p1b: Goodra|Flash Cannon|p2b: Grimmsnarl\n|-supereffective|p2b: Grimmsnarl\n|-damage|p2b: Grimmsnarl|0 fnt\n|faint|p2b: Grimmsnarl\n|\n|-heal|p2a: Glalie|94\/100|[from] item: Leftovers\n|-heal|p1b: Goodra|80\/100|[from] item: Leftovers\n|-ability|p2a: Glalie|Moody|boost\n|-boost|p2a: Glalie|atk|2\n|-unboost|p2a: Glalie|spe|1\n|upkeep\n|\n|t:|1698419651\n|switch|p2b: Squawkabilly|Squawkabilly, M|88\/100\n|-ability|p2b: Squawkabilly|Intimidate|boost\n|-unboost|p1a: Iron Hands|atk|1\n|-unboost|p1b: Goodra|atk|1\n|turn|11\n|\n|t:|1698419660\n|move|p2a: Glalie|Freeze-Dry|p1a: Iron Hands\n|-damage|p1a: Iron Hands|0 fnt\n|faint|p1a: Iron Hands\n|-end|p1a: Iron Hands|Quark Drive|[silent]\n|move|p2b: Squawkabilly|Parting Shot|p1b: Goodra\n|-unboost|p1b: Goodra|atk|1\n|-unboost|p1b: Goodra|spa|1\n|\n|t:|1698419668\n|switch|p2b: Grafaiai|Grafaiai, F|77\/100|[from] Parting Shot\n|move|p1b: Goodra|Flash Cannon|p2a: Glalie\n|-supereffective|p2a: Glalie\n|-activate|p2a: Glalie|move: Substitute|[damage]\n|\n|-heal|p2a: Glalie|99\/100|[from] item: Leftovers\n|-heal|p2b: Grafaiai|84\/100|[from] item: Leftovers\n|-heal|p1b: Goodra|86\/100|[from] item: Leftovers\n|-ability|p2a: Glalie|Moody|boost\n|-boost|p2a: Glalie|spd|2\n|-unboost|p2a: Glalie|spe|1\n|upkeep\n|\n|t:|1698419673\n|switch|p1a: Tornadus|Tornadus, M|100\/100\n|turn|12\n|\n|t:|1698419686\n|switch|p1b: Ogerpon|Ogerpon-Hearthflame, F|100\/100\n|-ability|p1b: Ogerpon|Mold Breaker\n|move|p1a: Tornadus|Tailwind|p1a: Tornadus\n|-sidestart|p1: Rexluser|move: Tailwind\n|move|p2b: Grafaiai|Knock Off|p1b: Ogerpon\n|-damage|p1b: Ogerpon|84\/100\n|move|p2a: Glalie|Freeze-Dry|p1a: Tornadus\n|-supereffective|p1a: Tornadus\n|-enditem|p1a: Tornadus|Focus Sash\n|-damage|p1a: Tornadus|1\/100\n|\n|-heal|p2b: Grafaiai|90\/100|[from] item: Leftovers\n|-heal|p2a: Glalie|100\/100|[from] item: Leftovers\n|-ability|p2a: Glalie|Moody|boost\n|-boost|p2a: Glalie|spe|2\n|-unboost|p2a: Glalie|spa|1\n|upkeep\n|turn|13\n|\n|t:|1698419705\n|-terastallize|p1b: Ogerpon|Fire\n|detailschange|p1b: Ogerpon|Ogerpon-Hearthflame-Tera, F, tera:Fire\n|-ability|p1b: Ogerpon|Embody Aspect (Hearthflame)|boost\n|-boost|p1b: Ogerpon|atk|1\n|move|p2b: Grafaiai|Toxic|p1b: Ogerpon\n|-status|p1b: Ogerpon|tox\n|move|p1a: Tornadus|Bleakwind Storm|p2a: Glalie|[spread] p2a\n|-miss|p1a: Tornadus|p2b: Grafaiai\n|-activate|p2a: Glalie|move: Substitute|[damage]\n|move|p1b: Ogerpon|Ivy Cudgel|p2a: Glalie\n|-supereffective|p2a: Glalie\n|-end|p2a: Glalie|Substitute\n|move|p2a: Glalie|Freeze-Dry|p1b: Ogerpon\n|-resisted|p1b: Ogerpon\n|-damage|p1b: Ogerpon|45\/100 tox\n|\n|-heal|p2b: Grafaiai|96\/100|[from] item: Leftovers\n|-damage|p1b: Ogerpon|39\/100 tox|[from] psn\n|-ability|p2a: Glalie|Moody|boost\n|-boost|p2a: Glalie|def|2\n|-unboost|p2a: Glalie|spd|1\n|upkeep\n|turn|14\n|\n|t:|1698419729\n|move|p2a: Glalie|Protect|p2a: Glalie\n|-singleturn|p2a: Glalie|Protect\n|move|p1a: Tornadus|Bleakwind Storm|p2b: Grafaiai|[spread] p2b\n|-activate|p2a: Glalie|move: Protect\n|-damage|p2b: Grafaiai|59\/100\n|move|p1b: Ogerpon|Ivy Cudgel|p2a: Glalie\n|-activate|p2a: Glalie|move: Protect\n|move|p2b: Grafaiai|Knock Off|p1b: Ogerpon\n|-damage|p1b: Ogerpon|23\/100 tox\n|\n|-heal|p2b: Grafaiai|65\/100|[from] item: Leftovers\n|-damage|p1b: Ogerpon|11\/100 tox|[from] psn\n|-ability|p2a: Glalie|Moody|boost\n|-boost|p2a: Glalie|atk|2\n|-unboost|p2a: Glalie|spe|1\n|upkeep\n|turn|15\n|inactive|OReiii has 120 seconds left.\n|\n|t:|1698419762\n|-terastallize|p2a: Glalie|Ground\n|move|p2b: Grafaiai|Parting Shot|p1b: Ogerpon\n|-unboost|p1b: Ogerpon|atk|1\n|-unboost|p1b: Ogerpon|spa|1\n|\n|t:|1698419767\n|switch|p2b: Squawkabilly|Squawkabilly, M|88\/100|[from] Parting Shot\n|-ability|p2b: Squawkabilly|Intimidate|boost\n|-unboost|p1a: Tornadus|atk|1\n|-unboost|p1b: Ogerpon|atk|1\n|move|p1a: Tornadus|Bleakwind Storm|p2b: Squawkabilly|[spread] p2a,p2b\n|-damage|p2a: Glalie|92\/100\n|-damage|p2b: Squawkabilly|48\/100\n|-unboost|p2a: Glalie|spe|1\n|move|p1b: Ogerpon|Ivy Cudgel|p2a: Glalie\n|-damage|p2a: Glalie|0 fnt\n|faint|p2a: Glalie\n|\n|-heal|p2b: Squawkabilly|55\/100|[from] item: Leftovers\n|-damage|p1b: Ogerpon|0 fnt|[from] psn\n|faint|p1b: Ogerpon\n|-sideend|p1: Rexluser|move: Tailwind\n|upkeep\n|\n|t:|1698419788\n|switch|p1b: Chien-Pao|Chien-Pao|100\/100\n|switch|p2a: Scovillain|Scovillain, M, shiny|100\/100\n|-ability|p1b: Chien-Pao|Sword of Ruin\n|turn|16\n|\n|t:|1698419803\n|move|p2a: Scovillain|Protect|p2a: Scovillain\n|-singleturn|p2a: Scovillain|Protect\n|move|p1a: Tornadus|Tailwind|p1a: Tornadus\n|-sidestart|p1: Rexluser|move: Tailwind\n|move|p1b: Chien-Pao|Ice Spinner|p2b: Squawkabilly\n|-supereffective|p2b: Squawkabilly\n|-damage|p2b: Squawkabilly|0 fnt\n|faint|p2b: Squawkabilly\n|\n|-ability|p2a: Scovillain|Moody|boost\n|-boost|p2a: Scovillain|def|2\n|-unboost|p2a: Scovillain|atk|1\n|upkeep\n|\n|t:|1698419810\n|switch|p2b: Grafaiai|Grafaiai, F|65\/100\n|turn|17\n|\n|t:|1698419826\n|move|p2b: Grafaiai|Toxic|p1a: Tornadus\n|-status|p1a: Tornadus|tox\n|move|p1b: Chien-Pao|Ice Spinner|p2a: Scovillain\n|-damage|p2a: Scovillain|35\/100\n|move|p1a: Tornadus|Bleakwind Storm|p2b: Grafaiai|[spread] p2a,p2b\n|-supereffective|p2a: Scovillain\n|-damage|p2a: Scovillain|0 fnt\n|-damage|p2b: Grafaiai|30\/100\n|faint|p2a: Scovillain\n|\n|-heal|p2b: Grafaiai|36\/100|[from] item: Leftovers\n|-damage|p1a: Tornadus|0 fnt|[from] psn\n|faint|p1a: Tornadus\n|upkeep\n|\n|t:|1698419837\n|switch|p1a: Goodra|Goodra-Hisui, F|86\/100\n|turn|18\n|inactive|OReiii has 120 seconds left.\n|inactive|OReiii has 90 seconds left.\n|inactive|OReiii has 60 seconds left.\n|inactive|OReiii has 30 seconds left.\n|inactive|OReiii has 20 seconds left.\n|inactive|OReiii has 15 seconds left.\n|inactive|OReiii has 10 seconds left.\n|inactive|OReiii has 5 seconds left.\n|-message|OReiii lost due to inactivity.\n|\n|win|Rexluser\n|raw|Rexluser's rating: 1372 &rarr; <strong>1400<\/strong><br \/>(+28 for winning)\n|raw|OReiii's rating: 1509 &rarr; <strong>1481<\/strong><br \/>(-28 for losing)\n|l|\u2606OReiii\n","uploadtime":1698420007,"views":39,"p1id":"rexluser","p2id":"oreiii","formatid":"gen9doublesou","rating":1400,"private":0,"password":""}