{"id":"gen9doublesou-1987023281","p1":"why on","p2":"jhghuijhb","format":"[Gen 9] Doubles OU","log":"|j|\u2606why on\n|j|\u2606jhghuijhb\n|t:|1699549824\n|gametype|doubles\n|player|p1|why on|266|1051\n|player|p2|jhghuijhb|1|1028\n|teamsize|p1|6\n|teamsize|p2|6\n|gen|9\n|tier|[Gen 9] Doubles OU\n|rated|\n|rule|Species Clause: Limit one of each Pok\u00e9mon\n|rule|OHKO Clause: OHKO moves are banned\n|rule|Evasion Moves Clause: Evasion moves are banned\n|rule|Gravity Sleep Clause: The combination of sleep-inducing moves with imperfect accuracy and Gravity or Gigantamax Orbeetle are banned\n|rule|Endless Battle Clause: Forcing endless battles is banned\n|rule|HP Percentage Mod: HP is shown in percentages\n|clearpoke\n|poke|p1|Rotom-Mow|\n|poke|p1|Palafin, M|\n|poke|p1|Arcanine-Hisui, F|\n|poke|p1|Landorus-Therian, M|\n|poke|p1|Gholdengo|\n|poke|p1|Tornadus, M|\n|poke|p2|Garchomp, M|\n|poke|p2|Volcarona, F|\n|poke|p2|Amoonguss, F|\n|poke|p2|Gholdengo|\n|poke|p2|Dragonite, M|\n|poke|p2|Kingambit, M|\n|teampreview\n|\n|t:|1699549842\n|start\n|switch|p1a: Landorus|Landorus-Therian, M|100\/100\n|switch|p1b: Palafin|Palafin, M|100\/100\n|switch|p2a: Amoonguss|Amoonguss, F, shiny|100\/100\n|switch|p2b: Garchomp|Garchomp, M, shiny|100\/100\n|-ability|p1a: Landorus|Intimidate|boost\n|-unboost|p2a: Amoonguss|atk|1\n|-unboost|p2b: Garchomp|atk|1\n|turn|1\n|\n|t:|1699549864\n|detailschange|p1b: Palafin|Palafin-Hero, M\n|switch|p1b: Rotom|Rotom-Mow|100\/100\n|move|p2a: Amoonguss|Rage Powder|p2a: Amoonguss\n|-singleturn|p2a: Amoonguss|move: Rage Powder\n|move|p1a: Landorus|U-turn|p2a: Amoonguss\n|-damage|p2a: Amoonguss|79\/100\n|\n|t:|1699549871\n|switch|p1a: Palafin|Palafin-Hero, M|100\/100|[from] U-turn\n|-activate|p1a: Palafin|ability: Zero to Hero\n|move|p2b: Garchomp|Iron Head|p1a: Palafin\n|-resisted|p1a: Palafin\n|-damage|p1a: Palafin|89\/100\n|\n|upkeep\n|turn|2\n|\n|t:|1699549889\n|move|p1b: Rotom|Trick|p2a: Amoonguss\n|-activate|p1b: Rotom|move: Trick|[of] p2a: Amoonguss\n|-item|p2a: Amoonguss|Choice Scarf|[from] move: Trick\n|-item|p1b: Rotom|Sitrus Berry|[from] move: Trick\n|move|p2b: Garchomp|Iron Head|p1a: Palafin\n|-resisted|p1a: Palafin\n|-damage|p1a: Palafin|78\/100\n|move|p1a: Palafin|Drain Punch|p2b: Garchomp\n|-damage|p2b: Garchomp|66\/100\n|-heal|p1a: Palafin|93\/100|[from] drain|[of] p2b: Garchomp\n|-damage|p1a: Palafin|81\/100|[from] ability: Rough Skin|[of] p2b: Garchomp\n|move|p2a: Amoonguss|Spore|p1a: Palafin\n|-status|p1a: Palafin|slp|[from] move: Spore\n|\n|upkeep\n|turn|3\n|\n|t:|1699549918\n|switch|p2b: Dragonite|Dragonite, M, shiny|100\/100\n|switch|p2a: Volcarona|Volcarona, F, shiny|100\/100\n|move|p1b: Rotom|Volt Switch|p2a: Volcarona\n|-crit|p2a: Volcarona\n|-damage|p2a: Volcarona|60\/100\n|\n|t:|1699549931\n|switch|p1b: Arcanine|Arcanine-Hisui, F|100\/100|[from] Volt Switch\n|-ability|p1b: Arcanine|Intimidate|boost\n|-unboost|p2a: Volcarona|atk|1\n|-unboost|p2b: Dragonite|atk|1\n|cant|p1a: Palafin|slp\n|\n|upkeep\n|turn|4\n|\n|t:|1699549938\n|-terastallize|p2a: Volcarona|Fairy\n|cant|p1a: Palafin|slp\n|move|p1b: Arcanine|Rock Slide|p2b: Dragonite|[spread] p2a,p2b\n|-supereffective|p2b: Dragonite\n|-damage|p2a: Volcarona|35\/100\n|-damage|p2b: Dragonite|78\/100\n|move|p2a: Volcarona|Quiver Dance|p2a: Volcarona\n|-boost|p2a: Volcarona|spa|1\n|-boost|p2a: Volcarona|spd|1\n|-boost|p2a: Volcarona|spe|1\n|move|p2b: Dragonite|Blizzard|p1a: Palafin|[spread] p1a\n|-miss|p2b: Dragonite|p1b: Arcanine\n|-resisted|p1a: Palafin\n|-damage|p1a: Palafin|71\/100 slp\n|\n|-heal|p2b: Dragonite|84\/100|[from] item: Leftovers\n|upkeep\n|turn|5\n|\n|t:|1699549955\n|-curestatus|p1a: Palafin|slp|[msg]\n|move|p1a: Palafin|Jet Punch|p2a: Volcarona\n|-damage|p2a: Volcarona|0 fnt\n|faint|p2a: Volcarona\n|move|p1b: Arcanine|Rock Slide|p2b: Dragonite\n|-supereffective|p2b: Dragonite\n|-damage|p2b: Dragonite|27\/100\n|cant|p2b: Dragonite|flinch\n|\n|-heal|p2b: Dragonite|33\/100|[from] item: Leftovers\n|upkeep\n|\n|t:|1699549962\n|switch|p2a: Amoonguss|Amoonguss, F, shiny|100\/100\n|turn|6\n|\n|t:|1699549975\n|switch|p1a: Rotom|Rotom-Mow|100\/100\n|move|p1b: Arcanine|Flare Blitz|p2a: Amoonguss\n|-supereffective|p2a: Amoonguss\n|-damage|p2a: Amoonguss|8\/100\n|-damage|p1b: Arcanine|61\/100|[from] Recoil\n|move|p2b: Dragonite|Draco Meteor|p1b: Arcanine\n|-damage|p1b: Arcanine|4\/100\n|-unboost|p2b: Dragonite|spa|2\n|-enditem|p1b: Arcanine|Sitrus Berry|[eat]\n|-heal|p1b: Arcanine|28\/100|[from] item: Sitrus Berry\n|move|p2a: Amoonguss|Pollen Puff|p2b: Dragonite\n|-heal|p2b: Dragonite|83\/100\n|\n|-heal|p2b: Dragonite|89\/100|[from] item: Leftovers\n|upkeep\n|turn|7\n|\n|t:|1699550000\n|switch|p2a: Garchomp|Garchomp, M, shiny|66\/100\n|move|p1b: Arcanine|Rock Slide|p2a: Garchomp|[spread] p2a,p2b\n|-resisted|p2a: Garchomp\n|-supereffective|p2b: Dragonite\n|-damage|p2a: Garchomp|52\/100\n|-damage|p2b: Dragonite|49\/100\n|move|p1a: Rotom|Volt Switch|p2b: Dragonite\n|-damage|p2b: Dragonite|22\/100\n|\n|t:|1699550012\n|switch|p1a: Palafin|Palafin-Hero, M|71\/100|[from] Volt Switch\n|move|p2b: Dragonite|Blizzard|p1b: Arcanine|[spread] p1a,p1b\n|-resisted|p1a: Palafin\n|-resisted|p1b: Arcanine\n|-damage|p1a: Palafin|67\/100\n|-damage|p1b: Arcanine|23\/100\n|\n|-heal|p2b: Dragonite|28\/100|[from] item: Leftovers\n|upkeep\n|turn|8\n|\n|t:|1699550020\n|move|p1a: Palafin|Jet Punch|p2a: Garchomp\n|-damage|p2a: Garchomp|15\/100\n|-damage|p1a: Palafin|54\/100|[from] ability: Rough Skin|[of] p2a: Garchomp\n|move|p1b: Arcanine|Rock Slide|p2b: Dragonite|[spread] p2a,p2b\n|-resisted|p2a: Garchomp\n|-crit|p2a: Garchomp\n|-supereffective|p2b: Dragonite\n|-damage|p2a: Garchomp|0 fnt\n|-damage|p2b: Dragonite|0 fnt\n|faint|p2a: Garchomp\n|faint|p2b: Dragonite\n|\n|upkeep\n|\n|t:|1699550028\n|switch|p2a: Gholdengo|Gholdengo, shiny|100\/100\n|switch|p2b: Kingambit|Kingambit, M, shiny|100\/100\n|-activate|p2b: Kingambit|ability: Supreme Overlord\n|-start|p2b: Kingambit|fallen3|[silent]\n|turn|9\n|\n|t:|1699550038\n|move|p1b: Arcanine|Flare Blitz|p2a: Gholdengo\n|-supereffective|p2a: Gholdengo\n|-damage|p2a: Gholdengo|11\/100\n|-damage|p1b: Arcanine|6\/100|[from] item: Rocky Helmet|[of] p2a: Gholdengo\n|-damage|p1b: Arcanine|0 fnt|[from] Recoil\n|faint|p1b: Arcanine\n|move|p1a: Palafin|Drain Punch|p2b: Kingambit\n|-supereffective|p2b: Kingambit\n|-damage|p2b: Kingambit|0 fnt\n|-heal|p1a: Palafin|97\/100|[from] drain|[of] p2b: Kingambit\n|faint|p2b: Kingambit\n|-end|p2b: Kingambit|fallen3|[silent]\n|move|p2a: Gholdengo|Thunder Wave|p1a: Palafin\n|-status|p1a: Palafin|par\n|\n|upkeep\n|\n|t:|1699550056\n|switch|p1b: Tornadus|Tornadus, M|100\/100\n|switch|p2b: Amoonguss|Amoonguss, F, shiny|42\/100\n|turn|10\n|\n|t:|1699550062\n|move|p1a: Palafin|Jet Punch|p2a: Gholdengo\n|-damage|p2a: Gholdengo|0 fnt\n|-damage|p1a: Palafin|80\/100 par|[from] item: Rocky Helmet|[of] p2a: Gholdengo\n|faint|p2a: Gholdengo\n|move|p1b: Tornadus|Bleakwind Storm|p2b: Amoonguss\n|-supereffective|p2b: Amoonguss\n|-damage|p2b: Amoonguss|0 fnt\n|faint|p2b: Amoonguss\n|\n|win|why on\n|raw|why on's rating: 1051 &rarr; <strong>1081<\/strong><br \/>(+30 for winning)\n|raw|jhghuijhb's rating: 1028 &rarr; <strong>1015<\/strong><br \/>(-13 for losing)\n|l|\u2606jhghuijhb\n","uploadtime":1699550125,"views":9,"p1id":"whyon","p2id":"jhghuijhb","formatid":"gen9doublesou","rating":1015,"private":0,"password":""}