{"id":"gen9doublesou-1981658303","p1":"tripleesama","p2":"Mr.X&Y97","format":"[Gen 9] Doubles OU","log":"|j|\u2606tripleesama\n|j|\u2606Mr.X&Y97\n|t:|1698931022\n|gametype|doubles\n|player|p1|tripleesama|cynthia-gen4|1541\n|player|p2|Mr.X&Y97|blue|1617\n|teamsize|p1|6\n|teamsize|p2|6\n|gen|9\n|tier|[Gen 9] Doubles OU\n|rated|\n|rule|Species Clause: Limit one of each Pok\u00e9mon\n|rule|OHKO Clause: OHKO moves are banned\n|rule|Evasion Moves Clause: Evasion moves are banned\n|rule|Gravity Sleep Clause: The combination of sleep-inducing moves with imperfect accuracy and Gravity or Gigantamax Orbeetle are banned\n|rule|Endless Battle Clause: Forcing endless battles is banned\n|rule|HP Percentage Mod: HP is shown in percentages\n|clearpoke\n|poke|p1|Diancie|\n|poke|p1|Cresselia, F|\n|poke|p1|Amoonguss, F|\n|poke|p1|Snorlax, F|\n|poke|p1|Zoroark-Hisui, F|\n|poke|p1|Kleavor, F|\n|poke|p2|Armarouge, M|\n|poke|p2|Indeedee-F, F|\n|poke|p2|Stonjourner, F|\n|poke|p2|Kingambit, M|\n|poke|p2|Abomasnow, M|\n|poke|p2|Chien-Pao|\n|teampreview\n|inactive|Battle timer is ON: inactive players will automatically lose when time's up. (requested by Mr.X&Y97)\n|inactive|tripleesama also wants the timer to be on.\n|\n|t:|1698931047\n|start\n|switch|p1a: Diancie|Diancie, shiny|100\/100\n|switch|p1b: Kleavor|Kleavor, F, shiny|100\/100\n|switch|p2a: Amelia Bedelia|Indeedee-F, F|100\/100\n|switch|p2b: Mega Man X|Armarouge, M|100\/100\n|-fieldstart|move: Psychic Terrain|[from] ability: Psychic Surge|[of] p2a: Amelia Bedelia\n|-item|p1a: Diancie|Air Balloon\n|turn|1\n|\n|t:|1698931066\n|move|p2a: Amelia Bedelia|Follow Me|p2a: Amelia Bedelia\n|-singleturn|p2a: Amelia Bedelia|move: Follow Me\n|move|p1b: Kleavor|Bitter Malice|p2a: Amelia Bedelia\n|-immune|p2a: Amelia Bedelia\n|move|p2b: Mega Man X|Expanding Force|p1a: Diancie|[spread] p1a,p1b\n|-damage|p1a: Diancie|35\/100\n|-damage|p1b: Kleavor|0 fnt\n|-enditem|p1a: Diancie|Air Balloon\n|replace|p1b: Zoroark|Zoroark-Hisui, F, shiny\n|-end|p1b: Zoroark|Illusion\n|faint|p1b: Zoroark\n|-damage|p2b: Mega Man X|91\/100|[from] item: Life Orb\n|move|p1a: Diancie|Trick Room|p1a: Diancie\n|-fieldstart|move: Trick Room|[of] p1a: Diancie\n|\n|upkeep\n|\n|t:|1698931073\n|switch|p1b: Snorlax|Snorlax, F, shiny|100\/100\n|turn|2\n|\n|t:|1698931079\n|-terastallize|p1a: Diancie|Grass\n|move|p2a: Amelia Bedelia|Follow Me|p2a: Amelia Bedelia\n|-singleturn|p2a: Amelia Bedelia|move: Follow Me\n|move|p1b: Snorlax|Earthquake|p2a: Amelia Bedelia|[spread] p1a,p2a,p2b\n|-resisted|p1a: Diancie\n|-supereffective|p2b: Mega Man X\n|-damage|p1a: Diancie|27\/100\n|-damage|p2a: Amelia Bedelia|75\/100\n|-damage|p2b: Mega Man X|44\/100\n|move|p1a: Diancie|Diamond Storm|p2b: Mega Man X|[spread] p2a,p2b\n|-crit|p2a: Amelia Bedelia\n|-supereffective|p2b: Mega Man X\n|-damage|p2a: Amelia Bedelia|32\/100\n|-damage|p2b: Mega Man X|0 fnt\n|-boost|p1a: Diancie|def|2\n|faint|p2b: Mega Man X\n|\n|upkeep\n|\n|t:|1698931107\n|switch|p2b: Stoney J.|Stonjourner, F|100\/100\n|turn|3\n|\n|t:|1698931119\n|switch|p2a: Snowball|Abomasnow, M|100\/100\n|-weather|Snow|[from] ability: Snow Warning|[of] p2a: Snowball\n|move|p2b: Stoney J.|Wide Guard|p2b: Stoney J.\n|-singleturn|p2b: Stoney J.|Wide Guard\n|move|p1b: Snorlax|Crunch|p2a: Snowball\n|-damage|p2a: Snowball|80\/100\n|move|p1a: Diancie|Body Press|p2b: Stoney J.\n|-supereffective|p2b: Stoney J.\n|-damage|p2b: Stoney J.|15\/100\n|\n|-weather|Snow|[upkeep]\n|upkeep\n|turn|4\n|\n|t:|1698931144\n|move|p2b: Stoney J.|Wide Guard|p2b: Stoney J.\n|-singleturn|p2b: Stoney J.|Wide Guard\n|move|p1b: Snorlax|Crunch|p2b: Stoney J.\n|-damage|p2b: Stoney J.|0 fnt\n|faint|p2b: Stoney J.\n|move|p1a: Diancie|Body Press|p2a: Snowball\n|-supereffective|p2a: Snowball\n|-damage|p2a: Snowball|0 fnt\n|faint|p2a: Snowball\n|\n|-weather|Snow|[upkeep]\n|upkeep\n|\n|t:|1698931156\n|switch|p2a: Lord Kanbei|Kingambit, M|100\/100\n|switch|p2b: Weasel|Chien-Pao|100\/100\n|-ability|p2b: Weasel|Sword of Ruin\n|turn|5\n|\n|t:|1698931160\n|move|p2a: Lord Kanbei|Protect|p2a: Lord Kanbei\n|-singleturn|p2a: Lord Kanbei|Protect\n|move|p2b: Weasel|Protect|p2b: Weasel\n|-singleturn|p2b: Weasel|Protect\n|move|p1b: Snorlax|Earthquake|p2b: Weasel|[spread] p1a\n|-activate|p2a: Lord Kanbei|move: Protect\n|-activate|p2b: Weasel|move: Protect\n|-resisted|p1a: Diancie\n|-damage|p1a: Diancie|21\/100\n|move|p1a: Diancie|Diamond Storm|p2b: Weasel|[spread] \n|-activate|p2a: Lord Kanbei|move: Protect\n|-activate|p2b: Weasel|move: Protect\n|\n|-weather|Snow|[upkeep]\n|-fieldend|move: Trick Room\n|-fieldend|move: Psychic Terrain\n|upkeep\n|turn|6\n|\n|t:|1698931182\n|move|p2b: Weasel|Ice Spinner|p1a: Diancie\n|-supereffective|p1a: Diancie\n|-damage|p1a: Diancie|0 fnt\n|faint|p1a: Diancie\n|move|p2a: Lord Kanbei|Iron Head|p1b: Snorlax\n|-damage|p1b: Snorlax|34\/100\n|cant|p1b: Snorlax|flinch\n|\n|-weather|Snow|[upkeep]\n|-heal|p1b: Snorlax|40\/100|[from] item: Leftovers\n|upkeep\n|\n|t:|1698931191\n|switch|p1a: Cresselia|Cresselia, F, shiny|100\/100\n|turn|7\n|\n|t:|1698931218\n|-terastallize|p2a: Lord Kanbei|Flying\n|move|p1a: Cresselia|Protect|p1a: Cresselia\n|-singleturn|p1a: Cresselia|Protect\n|move|p2b: Weasel|Ice Spinner|p1a: Cresselia\n|-activate|p1a: Cresselia|move: Protect\n|move|p2a: Lord Kanbei|Kowtow Cleave|p1a: Cresselia\n|-activate|p1a: Cresselia|move: Protect\n|move|p1b: Snorlax|Earthquake|p2b: Weasel|[spread] p2b\n|-activate|p1a: Cresselia|move: Protect\n|-immune|p2a: Lord Kanbei\n|-damage|p2b: Weasel|78\/100\n|\n|-weather|none\n|-heal|p1b: Snorlax|47\/100|[from] item: Leftovers\n|upkeep\n|turn|8\n|\n|t:|1698931238\n|move|p2b: Weasel|Ice Spinner|p1a: Cresselia\n|-damage|p1a: Cresselia|66\/100\n|move|p2a: Lord Kanbei|Kowtow Cleave|p1a: Cresselia\n|-supereffective|p1a: Cresselia\n|-damage|p1a: Cresselia|0 fnt\n|faint|p1a: Cresselia\n|move|p1b: Snorlax|Curse|p1b: Snorlax\n|-unboost|p1b: Snorlax|spe|1\n|-boost|p1b: Snorlax|atk|1\n|-boost|p1b: Snorlax|def|1\n|\n|-heal|p1b: Snorlax|53\/100|[from] item: Leftovers\n|upkeep\n|\n|t:|1698931242\n|switch|p1a: Amoonguss|Amoonguss, F, shiny|100\/100\n|turn|9\n|\n|t:|1698931252\n|move|p1a: Amoonguss|Rage Powder|p1a: Amoonguss\n|-singleturn|p1a: Amoonguss|move: Rage Powder\n|move|p2b: Weasel|Ice Spinner|p1a: Amoonguss\n|-supereffective|p1a: Amoonguss\n|-damage|p1a: Amoonguss|0 fnt\n|-damage|p2b: Weasel|61\/100|[from] item: Rocky Helmet|[of] p1a: Amoonguss\n|faint|p1a: Amoonguss\n|move|p2a: Lord Kanbei|Tera Blast|p1b: Snorlax|[anim] Tera Blast Flying\n|-damage|p1b: Snorlax|13\/100\n|move|p1b: Snorlax|Curse|p1b: Snorlax\n|-unboost|p1b: Snorlax|spe|1\n|-boost|p1b: Snorlax|atk|1\n|-boost|p1b: Snorlax|def|1\n|\n|-heal|p1b: Snorlax|19\/100|[from] item: Leftovers\n|upkeep\n|\n|t:|1698931257\n|switch|p1a: Kleavor|Kleavor, F, shiny|100\/100\n|turn|10\n|inactive|Mr.X&Y97 has 120 seconds left.\n|\n|t:|1698931295\n|move|p2b: Weasel|Sacred Sword|p1b: Snorlax\n|-supereffective|p1b: Snorlax\n|-damage|p1b: Snorlax|0 fnt\n|faint|p1b: Snorlax\n|move|p1a: Kleavor|X-Scissor|p2b: Weasel\n|-supereffective|p2b: Weasel\n|-damage|p2b: Weasel|0 fnt\n|faint|p2b: Weasel\n|move|p2a: Lord Kanbei|Iron Head|p1a: Kleavor\n|-supereffective|p1a: Kleavor\n|-enditem|p1a: Kleavor|Focus Sash\n|-damage|p1a: Kleavor|1\/100\n|\n|upkeep\n|\n|t:|1698931299\n|switch|p2b: Amelia Bedelia|Indeedee-F, F|32\/100\n|-fieldstart|move: Psychic Terrain|[from] ability: Psychic Surge|[of] p2b: Amelia Bedelia\n|turn|11\n|\n|t:|1698931302\n|move|p2b: Amelia Bedelia|Follow Me|p2b: Amelia Bedelia\n|-singleturn|p2b: Amelia Bedelia|move: Follow Me\n|move|p1a: Kleavor|Stone Axe|p2b: Amelia Bedelia\n|-damage|p2b: Amelia Bedelia|0 fnt\n|-sidestart|p2: Mr.X&Y97|move: Stealth Rock\n|faint|p2b: Amelia Bedelia\n|move|p2a: Lord Kanbei|Iron Head|p1a: Kleavor\n|-supereffective|p1a: Kleavor\n|-damage|p1a: Kleavor|0 fnt\n|faint|p1a: Kleavor\n|\n|win|Mr.X&Y97\n|raw|tripleesama's rating: 1541 &rarr; <strong>1525<\/strong><br \/>(-16 for losing)\n|raw|Mr.X&amp;Y97's rating: 1617 &rarr; <strong>1633<\/strong><br \/>(+16 for winning)\n|c|\u2606Mr.X&Y97|Ggs wp!\n","uploadtime":1698931315,"views":21,"p1id":"tripleesama","p2id":"mrxy97","formatid":"gen9doublesou","rating":1525,"private":0,"password":""}