{"id":"gen9doublesou-1973632281","p1":"momento memento","p2":"galewingshonchkrow","format":"[Gen 9] Doubles OU","log":"|j|\u2606momento memento\n|j|\u2606galewingshonchkrow\n|inactive|Battle timer is ON: inactive players will automatically lose when time's up.\n|t:|1697998061\n|gametype|doubles\n|player|p1|momento memento|clown|\n|player|p2|galewingshonchkrow|volo-ginkgo|\n|teamsize|p1|6\n|teamsize|p2|6\n|gen|9\n|tier|[Gen 9] Doubles OU\n|rated|Tournament battle\n|rule|Species Clause: Limit one of each Pok\u00e9mon\n|rule|OHKO Clause: OHKO moves are banned\n|rule|Evasion Moves Clause: Evasion moves are banned\n|rule|Gravity Sleep Clause: The combination of sleep-inducing moves with imperfect accuracy and Gravity or Gigantamax Orbeetle are banned\n|rule|Endless Battle Clause: Forcing endless battles is banned\n|rule|HP Percentage Mod: HP is shown in percentages\n|clearpoke\n|poke|p1|Ogerpon-Wellspring, F|\n|poke|p1|Iron Hands|\n|poke|p1|Basculegion-F, F|\n|poke|p1|Indeedee-F, F|\n|poke|p1|Landorus-Therian, M|\n|poke|p1|Armarouge, M|\n|poke|p2|Torkoal, F|\n|poke|p2|Indeedee-F, F|\n|poke|p2|Armarouge, M|\n|poke|p2|Lilligant-Hisui, F|\n|poke|p2|Flutter Mane|\n|poke|p2|Kleavor, M|\n|teampreview\n|inactive|galewingshonchkrow also wants the timer to be on.\n|c|\u2606galewingshonchkrow|sorry if i disconnect mid battle kinda in a thunder storm\n|inactive|momento memento has 120 seconds left.\n|\n|t:|1697998096\n|start\n|switch|p1a: Landorus|Landorus-Therian, M|100\/100\n|switch|p1b: Ogerpon|Ogerpon-Wellspring, F|100\/100\n|switch|p2a: Torkoal|Torkoal, F|100\/100\n|switch|p2b: Indeedee|Indeedee-F, F|100\/100\n|-ability|p1a: Landorus|Intimidate|boost\n|-unboost|p2a: Torkoal|atk|1\n|-unboost|p2b: Indeedee|atk|1\n|-fieldstart|move: Psychic Terrain|[from] ability: Psychic Surge|[of] p2b: Indeedee\n|-weather|SunnyDay|[from] ability: Drought|[of] p2a: Torkoal\n|turn|1\n|\n|t:|1697998122\n|switch|p1b: Armarouge|Armarouge, M|100\/100\n|switch|p2a: Armarouge|Armarouge, M|100\/100\n|move|p1a: Landorus|Stealth Rock|p2b: Indeedee\n|-sidestart|p2: galewingshonchkrow|move: Stealth Rock\n|move|p2b: Indeedee|Trick Room|p2b: Indeedee\n|-fieldstart|move: Trick Room|[of] p2b: Indeedee\n|\n|-weather|SunnyDay|[upkeep]\n|upkeep\n|turn|2\n|inactive|momento memento has 120 seconds left.\n|\n|t:|1697998179\n|-terastallize|p1b: Armarouge|Psychic\n|move|p2b: Indeedee|Helping Hand|p2a: Armarouge\n|-singleturn|p2a: Armarouge|Helping Hand|[of] p2b: Indeedee\n|move|p2a: Armarouge|Expanding Force|p1a: Landorus|[spread] p1a,p1b\n|-resisted|p1b: Armarouge\n|-damage|p1a: Landorus|0 fnt\n|-damage|p1b: Armarouge|30\/100\n|faint|p1a: Landorus\n|-damage|p2a: Armarouge|91\/100|[from] item: Life Orb\n|move|p1b: Armarouge|Expanding Force|p2b: Indeedee|[spread] p2a,p2b\n|-resisted|p2a: Armarouge\n|-resisted|p2b: Indeedee\n|-damage|p2a: Armarouge|34\/100\n|-damage|p2b: Indeedee|57\/100\n|-damage|p1b: Armarouge|20\/100|[from] item: Life Orb\n|\n|-weather|SunnyDay|[upkeep]\n|upkeep\n|inactive|momento memento has 90 seconds left.\n|\n|t:|1697998200\n|switch|p1a: Iron Hands|Iron Hands|100\/100\n|turn|3\n|\n|t:|1697998227\n|move|p1a: Iron Hands|Thunder Punch|p2a: Armarouge\n|-damage|p2a: Armarouge|0 fnt\n|faint|p2a: Armarouge\n|move|p1b: Armarouge|Expanding Force|p2b: Indeedee\n|-resisted|p2b: Indeedee\n|-damage|p2b: Indeedee|0 fnt\n|faint|p2b: Indeedee\n|-damage|p1b: Armarouge|10\/100|[from] item: Life Orb\n|\n|-weather|SunnyDay|[upkeep]\n|upkeep\n|j| Denvah_17\n|inactive|galewingshonchkrow has 120 seconds left.\n|\n|t:|1697998243\n|switch|p2a: Torkoal|Torkoal, F|100\/100\n|switch|p2b: Kleavor|Kleavor, M|100\/100\n|-damage|p2a: Torkoal|75\/100|[from] Stealth Rock\n|-damage|p2b: Kleavor|76\/100|[from] Stealth Rock\n|turn|4\n|inactive|momento memento has 120 seconds left.\n|\n|t:|1697998258\n|-terastallize|p2a: Torkoal|Fire\n|move|p1b: Armarouge|Protect|p1b: Armarouge\n|-singleturn|p1b: Armarouge|Protect\n|move|p2a: Torkoal|Heat Wave|p1a: Iron Hands|[spread] p1a\n|-activate|p1b: Armarouge|move: Protect\n|-damage|p1a: Iron Hands|53\/100\n|move|p1a: Iron Hands|Swords Dance|p1a: Iron Hands\n|-boost|p1a: Iron Hands|atk|2\n|move|p2b: Kleavor|X-Scissor|p1a: Iron Hands\n|-resisted|p1a: Iron Hands\n|-damage|p1a: Iron Hands|33\/100\n|-enditem|p1a: Iron Hands|Sitrus Berry|[eat]\n|-heal|p1a: Iron Hands|58\/100|[from] item: Sitrus Berry\n|\n|-weather|SunnyDay|[upkeep]\n|upkeep\n|turn|5\n|inactive|momento memento has 120 seconds left.\n|\n|t:|1697998279\n|move|p2a: Torkoal|Heat Wave|p1b: Armarouge|[spread] p1a\n|-start|p1b: Armarouge|ability: Flash Fire\n|-damage|p1a: Iron Hands|14\/100\n|move|p1a: Iron Hands|Drain Punch|p2b: Kleavor\n|-damage|p2b: Kleavor|0 fnt\n|-heal|p1a: Iron Hands|40\/100|[from] drain|[of] p2b: Kleavor\n|faint|p2b: Kleavor\n|move|p1b: Armarouge|Expanding Force|p2a: Torkoal\n|-crit|p2a: Torkoal\n|-damage|p2a: Torkoal|0 fnt\n|faint|p2a: Torkoal\n|-damage|p1b: Armarouge|0 fnt|[from] item: Life Orb\n|faint|p1b: Armarouge\n|\n|-weather|SunnyDay|[upkeep]\n|-fieldend|move: Trick Room\n|-fieldend|move: Psychic Terrain\n|upkeep\n|c|\u2606galewingshonchkrow|gg(?)\n|inactive|momento memento has 120 seconds left.\n|\n|t:|1697998313\n|switch|p2b: Flutter Mane|Flutter Mane|100\/100\n|switch|p1b: Indeedee|Indeedee-F, F|100\/100\n|switch|p2a: Lilligant|Lilligant-Hisui, F|100\/100\n|-damage|p2a: Lilligant|94\/100|[from] Stealth Rock\n|-damage|p2b: Flutter Mane|88\/100|[from] Stealth Rock\n|-activate|p2b: Flutter Mane|ability: Protosynthesis\n|-start|p2b: Flutter Mane|protosynthesisspe\n|-fieldstart|move: Psychic Terrain|[from] ability: Psychic Surge|[of] p1b: Indeedee\n|turn|6\n|inactive|momento memento has 120 seconds left.\n|\n|t:|1697998344\n|move|p2a: Lilligant|Solar Blade||[still]\n|-prepare|p2a: Lilligant|Solar Blade\n|-anim|p2a: Lilligant|Solar Blade|p1a: Iron Hands\n|-damage|p1a: Iron Hands|7\/100\n|move|p2b: Flutter Mane|Dazzling Gleam|p1b: Indeedee|[spread] p1a,p1b\n|-supereffective|p1a: Iron Hands\n|-damage|p1a: Iron Hands|0 fnt\n|-damage|p1b: Indeedee|63\/100\n|faint|p1a: Iron Hands\n|-end|p1a: Iron Hands|Quark Drive|[silent]\n|move|p1b: Indeedee|Psychic|p2a: Lilligant\n|-supereffective|p2a: Lilligant\n|-damage|p2a: Lilligant|0 fnt\n|faint|p2a: Lilligant\n|\n|-weather|SunnyDay|[upkeep]\n|upkeep\n|\n|t:|1697998357\n|switch|p1a: Basculegion|Basculegion-F, F|100\/100\n|turn|7\n|\n|t:|1697998364\n|move|p1b: Indeedee|Follow Me|p1b: Indeedee\n|-singleturn|p1b: Indeedee|move: Follow Me\n|move|p2b: Flutter Mane|Dazzling Gleam|p1b: Indeedee|[spread] p1a,p1b\n|-damage|p1a: Basculegion|49\/100\n|-damage|p1b: Indeedee|22\/100\n|-enditem|p1b: Indeedee|Sitrus Berry|[eat]\n|-heal|p1b: Indeedee|47\/100|[from] item: Sitrus Berry\n|move|p1a: Basculegion|Last Respects|p2b: Flutter Mane\n|-supereffective|p2b: Flutter Mane\n|-damage|p2b: Flutter Mane|0 fnt\n|faint|p2b: Flutter Mane\n|-end|p2b: Flutter Mane|Protosynthesis|[silent]\n|\n|win|momento memento\n|n|\u2606momento memento|momentomemento\n|n|\u2606galewingshonchkrow|galewingshonchkrow\n|n| Denvah_17|denvah17\n","uploadtime":1697998365,"views":17,"p1id":"momentomemento","p2id":"galewingshonchkrow","formatid":"gen9doublesou","rating":0,"private":0,"password":""}