{"id":"gen9doublesou-1970077598","p1":"DekerXD994","p2":"Thehombre","format":"[Gen 9] Doubles OU","log":"|j|\u2606DekerXD994\n|j|\u2606Thehombre\n|t:|1697591845\n|gametype|doubles\n|player|p1|DekerXD994|hilda|1201\n|player|p2|Thehombre|102|1078\n|teamsize|p1|6\n|teamsize|p2|6\n|gen|9\n|tier|[Gen 9] Doubles OU\n|rated|\n|rule|Species Clause: Limit one of each Pok\u00e9mon\n|rule|OHKO Clause: OHKO moves are banned\n|rule|Evasion Moves Clause: Evasion moves are banned\n|rule|Gravity Sleep Clause: The combination of sleep-inducing moves with imperfect accuracy and Gravity or Gigantamax Orbeetle are banned\n|rule|Endless Battle Clause: Forcing endless battles is banned\n|rule|HP Percentage Mod: HP is shown in percentages\n|clearpoke\n|poke|p1|Armarouge, F|\n|poke|p1|Oranguru, F|\n|poke|p1|Indeedee-F, F|\n|poke|p1|Kingambit, M|\n|poke|p1|Amoonguss, F|\n|poke|p1|Okidogi, M|\n|poke|p2|Chi-Yu|\n|poke|p2|Torkoal, F|\n|poke|p2|Gastrodon, F|\n|poke|p2|Iron Moth|\n|poke|p2|Houndoom, M|\n|poke|p2|Dragonite, M|\n|teampreview\n|inactive|Battle timer is ON: inactive players will automatically lose when time's up. (requested by Thehombre)\n|\n|t:|1697591853\n|start\n|switch|p1a: Armarouge|Armarouge, F|100\/100\n|switch|p1b: Oranguru|Oranguru, F|100\/100\n|switch|p2a: Chi-Yu|Chi-Yu|100\/100\n|switch|p2b: Iron Moth|Iron Moth|100\/100\n|-ability|p2a: Chi-Yu|Beads of Ruin\n|turn|1\n|\n|t:|1697591879\n|move|p1a: Armarouge|Protect|p1a: Armarouge\n|-singleturn|p1a: Armarouge|Protect\n|move|p2b: Iron Moth|Heat Wave|p1a: Armarouge|[spread] p1b\n|-activate|p1a: Armarouge|move: Protect\n|-damage|p1b: Oranguru|49\/100\n|move|p2a: Chi-Yu|Dark Pulse|p1a: Armarouge\n|-activate|p1a: Armarouge|move: Protect\n|move|p1b: Oranguru|Trick Room|p1b: Oranguru\n|-fieldstart|move: Trick Room|[of] p1b: Oranguru\n|\n|-heal|p1b: Oranguru|55\/100|[from] item: Leftovers\n|upkeep\n|turn|2\n|\n|t:|1697591893\n|move|p1b: Oranguru|Knock Off|p2a: Chi-Yu\n|-resisted|p2a: Chi-Yu\n|-damage|p2a: Chi-Yu|81\/100\n|-enditem|p2a: Chi-Yu|Charcoal|[from] move: Knock Off|[of] p1b: Oranguru\n|move|p1a: Armarouge|Calm Mind|p1a: Armarouge\n|-boost|p1a: Armarouge|spa|1\n|-boost|p1a: Armarouge|spd|1\n|move|p2a: Chi-Yu|Dark Pulse|p1a: Armarouge\n|-supereffective|p1a: Armarouge\n|-damage|p1a: Armarouge|20\/100\n|-enditem|p1a: Armarouge|Weakness Policy\n|-boost|p1a: Armarouge|atk|2|[from] item: Weakness Policy\n|-boost|p1a: Armarouge|spa|2|[from] item: Weakness Policy\n|-activate|p1b: Oranguru|ability: Symbiosis|Leftovers|[of] p1a: Armarouge\n|move|p2b: Iron Moth|Electric Terrain|p2b: Iron Moth\n|-fieldstart|move: Electric Terrain\n|-activate|p2b: Iron Moth|ability: Quark Drive\n|-start|p2b: Iron Moth|quarkdrivespa\n|\n|-heal|p1a: Armarouge|26\/100|[from] item: Leftovers\n|upkeep\n|turn|3\n|\n|t:|1697591913\n|switch|p1b: Indeedee|Indeedee-F, F|100\/100\n|-fieldstart|move: Psychic Terrain|[from] ability: Psychic Surge|[of] p1b: Indeedee\n|-end|p2b: Iron Moth|Quark Drive\n|-end|p2b: Iron Moth|Quark Drive|[silent]\n|switch|p2b: Houndoom|Houndoom, M|100\/100\n|move|p1a: Armarouge|Expanding Force|p2b: Houndoom|[spread] \n|-immune|p2a: Chi-Yu\n|-immune|p2b: Houndoom\n|move|p2a: Chi-Yu|Dark Pulse|p1a: Armarouge\n|-supereffective|p1a: Armarouge\n|-damage|p1a: Armarouge|0 fnt\n|faint|p1a: Armarouge\n|\n|upkeep\n|\n|t:|1697591920\n|switch|p1a: Oranguru|Oranguru, F|55\/100\n|turn|4\n|\n|t:|1697591936\n|switch|p2a: Torkoal|Torkoal, F|100\/100\n|-weather|SunnyDay|[from] ability: Drought|[of] p2a: Torkoal\n|move|p1a: Oranguru|Foul Play|p2b: Houndoom\n|-resisted|p2b: Houndoom\n|-damage|p2b: Houndoom|86\/100\n|move|p1b: Indeedee|Light Screen|p1b: Indeedee\n|-sidestart|p1: DekerXD994|move: Light Screen\n|move|p2b: Houndoom|Dark Pulse|p1a: Oranguru\n|-supereffective|p1a: Oranguru\n|-damage|p1a: Oranguru|11\/100\n|\n|-weather|SunnyDay|[upkeep]\n|upkeep\n|turn|5\n|\n|t:|1697591959\n|switch|p1b: Okidogi|Okidogi, M|100\/100\n|move|p2a: Torkoal|Stealth Rock|p1a: Oranguru\n|-sidestart|p1: DekerXD994|move: Stealth Rock\n|move|p1a: Oranguru|Knock Off|p2b: Houndoom\n|-resisted|p2b: Houndoom\n|-damage|p2b: Houndoom|63\/100\n|-enditem|p2b: Houndoom|Charcoal|[from] move: Knock Off|[of] p1a: Oranguru\n|move|p2b: Houndoom|Heat Wave|p1b: Okidogi|[spread] p1a,p1b\n|-damage|p1a: Oranguru|0 fnt\n|-damage|p1b: Okidogi|68\/100\n|faint|p1a: Oranguru\n|\n|-weather|SunnyDay|[upkeep]\n|-fieldend|move: Trick Room\n|upkeep\n|\n|t:|1697591972\n|switch|p1a: Indeedee|Indeedee-F, F|100\/100\n|-damage|p1a: Indeedee|88\/100|[from] Stealth Rock\n|turn|6\n|\n|t:|1697591982\n|switch|p2b: Iron Moth|Iron Moth|100\/100\n|move|p1a: Indeedee|Follow Me|p1a: Indeedee\n|-singleturn|p1a: Indeedee|move: Follow Me\n|move|p1b: Okidogi|Bulk Up|p1b: Okidogi\n|-boost|p1b: Okidogi|atk|1\n|-boost|p1b: Okidogi|def|1\n|move|p2a: Torkoal|Heat Wave|p1b: Okidogi|[spread] p1a\n|-miss|p2a: Torkoal|p1b: Okidogi\n|-damage|p1a: Indeedee|53\/100\n|\n|-weather|SunnyDay|[upkeep]\n|upkeep\n|turn|7\n|\n|t:|1697592000\n|move|p1a: Indeedee|Helping Hand|p1b: Okidogi\n|-singleturn|p1b: Okidogi|Helping Hand|[of] p1a: Indeedee\n|move|p2b: Iron Moth|Electric Terrain|p2b: Iron Moth\n|-fieldstart|move: Electric Terrain\n|-activate|p2b: Iron Moth|ability: Quark Drive\n|-start|p2b: Iron Moth|quarkdrivespa\n|move|p1b: Okidogi|Drain Punch|p2a: Torkoal\n|-damage|p2a: Torkoal|29\/100\n|-heal|p1b: Okidogi|100\/100|[from] drain|[of] p2a: Torkoal\n|move|p2a: Torkoal|Heat Wave|p1b: Okidogi|[spread] p1a,p1b\n|-damage|p1a: Indeedee|16\/100\n|-damage|p1b: Okidogi|62\/100\n|\n|-weather|SunnyDay|[upkeep]\n|upkeep\n|turn|8\n|\n|t:|1697592019\n|move|p1a: Indeedee|Helping Hand|p1b: Okidogi\n|-singleturn|p1b: Okidogi|Helping Hand|[of] p1a: Indeedee\n|move|p2b: Iron Moth|Heat Wave|p1b: Okidogi|[spread] p1a,p1b\n|-damage|p1a: Indeedee|0 fnt\n|-damage|p1b: Okidogi|4\/100\n|-enditem|p1b: Okidogi|Aguav Berry|[eat]\n|-heal|p1b: Okidogi|37\/100|[from] item: Aguav Berry\n|faint|p1a: Indeedee\n|move|p1b: Okidogi|Drain Punch|p2a: Torkoal\n|-damage|p2a: Torkoal|0 fnt\n|-heal|p1b: Okidogi|50\/100|[from] drain|[of] p2a: Torkoal\n|faint|p2a: Torkoal\n|\n|-weather|none\n|-sideend|p1: DekerXD994|move: Light Screen\n|upkeep\n|\n|t:|1697592030\n|switch|p1a: Amoonguss|Amoonguss, F|100\/100\n|switch|p2a: Chi-Yu|Chi-Yu|81\/100\n|-ability|p2a: Chi-Yu|Beads of Ruin\n|-damage|p1a: Amoonguss|88\/100|[from] Stealth Rock\n|turn|9\n|\n|t:|1697592038\n|move|p1a: Amoonguss|Rage Powder|p1a: Amoonguss\n|-singleturn|p1a: Amoonguss|move: Rage Powder\n|move|p2b: Iron Moth|Heat Wave|p1b: Okidogi|[spread] p1a,p1b\n|-supereffective|p1a: Amoonguss\n|-damage|p1a: Amoonguss|0 fnt\n|-damage|p1b: Okidogi|0 fnt\n|faint|p1a: Amoonguss\n|faint|p1b: Okidogi\n|move|p2a: Chi-Yu|Heat Wave|p1: Amoonguss|[notarget]\n|-fail|p2a: Chi-Yu\n|\n|upkeep\n|\n|t:|1697592042\n|switch|p1b: Kingambit|Kingambit, M|100\/100\n|-damage|p1b: Kingambit|94\/100|[from] Stealth Rock\n|-activate|p1b: Kingambit|ability: Supreme Overlord\n|-start|p1b: Kingambit|fallen5|[silent]\n|turn|10\n|\n|t:|1697592045\n|move|p1b: Kingambit|Sucker Punch|p2b: Iron Moth\n|-damage|p2b: Iron Moth|0 fnt\n|faint|p2b: Iron Moth\n|-end|p2b: Iron Moth|Quark Drive|[silent]\n|-damage|p1b: Kingambit|84\/100|[from] item: Life Orb\n|move|p2a: Chi-Yu|Heat Wave|p1b: Kingambit\n|-supereffective|p1b: Kingambit\n|-damage|p1b: Kingambit|0 fnt\n|faint|p1b: Kingambit\n|-end|p1b: Kingambit|fallen5|[silent]\n|\n|win|Thehombre\n|raw|DekerXD994's rating: 1201 &rarr; <strong>1168<\/strong><br \/>(-33 for losing)\n|raw|Thehombre's rating: 1078 &rarr; <strong>1116<\/strong><br \/>(+38 for winning)\n","uploadtime":1697592049,"views":13,"p1id":"dekerxd994","p2id":"thehombre","formatid":"gen9doublesou","rating":1116,"private":0,"password":""}