{"id":"gen9doublesou-1978144189","p1":"Rawbear88","p2":"yante","format":"[Gen 9] Doubles OU","log":"|j|\u2606Rawbear88\n|j|\u2606yante\n|t:|1698504780\n|gametype|doubles\n|player|p1|Rawbear88|elesa|1339\n|player|p2|yante|266|1380\n|teamsize|p1|6\n|teamsize|p2|6\n|gen|9\n|tier|[Gen 9] Doubles OU\n|rated|\n|rule|Species Clause: Limit one of each Pok\u00e9mon\n|rule|OHKO Clause: OHKO moves are banned\n|rule|Evasion Moves Clause: Evasion moves are banned\n|rule|Gravity Sleep Clause: The combination of sleep-inducing moves with imperfect accuracy and Gravity or Gigantamax Orbeetle are banned\n|rule|Endless Battle Clause: Forcing endless battles is banned\n|rule|HP Percentage Mod: HP is shown in percentages\n|clearpoke\n|poke|p1|Dudunsparce-*, F|\n|poke|p1|Jolteon, M|\n|poke|p1|Gardevoir, F|\n|poke|p1|Ceruledge, F|\n|poke|p1|Flamigo, F|\n|poke|p1|Scizor, F|\n|poke|p2|Flutter Mane|\n|poke|p2|Chi-Yu|\n|poke|p2|Torkoal, M|\n|poke|p2|Iron Hands|\n|poke|p2|Lilligant-Hisui, F|\n|poke|p2|Ogerpon-Cornerstone, F|\n|teampreview\n|inactive|Battle timer is ON: inactive players will automatically lose when time's up. (requested by Rawbear88)\n|\n|t:|1698504803\n|start\n|switch|p1a: Flamigo|Flamigo, F|100\/100\n|switch|p1b: Ceruledge|Ceruledge, F|100\/100\n|switch|p2a: Flutter Mane|Flutter Mane|100\/100\n|switch|p2b: Torkoal|Torkoal, M|100\/100\n|-copyboost|p1a: Flamigo|p1b: Ceruledge|[from] ability: Costar\n|-weather|SunnyDay|[from] ability: Drought|[of] p2b: Torkoal\n|-activate|p2a: Flutter Mane|ability: Protosynthesis\n|-start|p2a: Flutter Mane|protosynthesisspe\n|turn|1\n|inactive|yante has 120 seconds left.\n|\n|t:|1698504841\n|move|p1a: Flamigo|Wide Guard|p1a: Flamigo\n|-singleturn|p1a: Flamigo|Wide Guard\n|move|p2a: Flutter Mane|Shadow Ball|p1b: Ceruledge\n|-supereffective|p1b: Ceruledge\n|-damage|p1b: Ceruledge|0 fnt\n|faint|p1b: Ceruledge\n|-damage|p2a: Flutter Mane|91\/100|[from] item: Life Orb\n|move|p2b: Torkoal|Heat Wave|p1a: Flamigo\n|-activate|p1a: Flamigo|move: Wide Guard\n|\n|-weather|SunnyDay|[upkeep]\n|upkeep\n|\n|t:|1698504855\n|switch|p1b: Scizor|Scizor, F|100\/100\n|turn|2\n|\n|t:|1698504870\n|move|p1a: Flamigo|Wide Guard|p1a: Flamigo\n|-singleturn|p1a: Flamigo|Wide Guard\n|move|p1b: Scizor|Bullet Punch|p2a: Flutter Mane\n|-supereffective|p2a: Flutter Mane\n|-damage|p2a: Flutter Mane|0 fnt\n|faint|p2a: Flutter Mane\n|-end|p2a: Flutter Mane|Protosynthesis|[silent]\n|move|p2b: Torkoal|Eruption|p1a: Flamigo|[spread] \n|-activate|p1a: Flamigo|move: Wide Guard\n|-activate|p1b: Scizor|move: Wide Guard\n|\n|-weather|SunnyDay|[upkeep]\n|upkeep\n|\n|t:|1698504881\n|switch|p2a: Iron Hands|Iron Hands|100\/100\n|turn|3\n|\n|t:|1698504891\n|move|p2a: Iron Hands|Fake Out|p1a: Flamigo\n|-damage|p1a: Flamigo|86\/100\n|move|p1a: Flamigo|Brave Bird|p2a: Iron Hands\n|-damage|p2a: Iron Hands|69\/100\n|-damage|p1a: Flamigo|70\/100|[from] Recoil\n|move|p1b: Scizor|Iron Head|p2b: Torkoal\n|-resisted|p2b: Torkoal\n|-damage|p2b: Torkoal|83\/100\n|move|p2b: Torkoal|Heat Wave|p1b: Scizor|[spread] p1a,p1b\n|-supereffective|p1b: Scizor\n|-damage|p1a: Flamigo|3\/100\n|-damage|p1b: Scizor|0 fnt\n|faint|p1b: Scizor\n|\n|-weather|SunnyDay|[upkeep]\n|upkeep\n|\n|t:|1698504909\n|switch|p1b: Gardevoir|Gardevoir, F|100\/100\n|turn|4\n|\n|t:|1698504920\n|move|p1a: Flamigo|Brave Bird|p2a: Iron Hands\n|-damage|p2a: Iron Hands|34\/100\n|-damage|p1a: Flamigo|0 fnt|[from] Recoil\n|faint|p1a: Flamigo\n|move|p1b: Gardevoir|Moonblast|p2a: Iron Hands\n|-supereffective|p2a: Iron Hands\n|-damage|p2a: Iron Hands|0 fnt\n|faint|p2a: Iron Hands\n|-end|p2a: Iron Hands|Quark Drive|[silent]\n|move|p2b: Torkoal|Heat Wave|p1b: Gardevoir\n|-damage|p1b: Gardevoir|37\/100\n|\n|-weather|SunnyDay|[upkeep]\n|upkeep\n|\n|t:|1698504934\n|switch|p1a: Dudunsparce|Dudunsparce, F|100\/100\n|switch|p2a: Lilligant|Lilligant-Hisui, F|100\/100\n|turn|5\n|\n|t:|1698504946\n|-terastallize|p1a: Dudunsparce|Psychic\n|move|p1b: Gardevoir|Shadow Sneak|p1a: Dudunsparce\n|-supereffective|p1a: Dudunsparce\n|-damage|p1a: Dudunsparce|89\/100\n|-ability|p1a: Dudunsparce|Rattled|boost\n|-boost|p1a: Dudunsparce|spe|1\n|-enditem|p1a: Dudunsparce|Weakness Policy\n|-boost|p1a: Dudunsparce|atk|2|[from] item: Weakness Policy\n|-boost|p1a: Dudunsparce|spa|2|[from] item: Weakness Policy\n|move|p2a: Lilligant|Close Combat|p1a: Dudunsparce\n|-resisted|p1a: Dudunsparce\n|-damage|p1a: Dudunsparce|59\/100\n|-unboost|p2a: Lilligant|def|1\n|-unboost|p2a: Lilligant|spd|1\n|move|p1a: Dudunsparce|Boomburst|p2a: Lilligant|[spread] p2a,p2b\n|-activate|p1b: Gardevoir|ability: Telepathy\n|-enditem|p2a: Lilligant|Focus Sash\n|-damage|p2a: Lilligant|1\/100\n|-damage|p2b: Torkoal|0 fnt\n|faint|p2b: Torkoal\n|\n|-weather|none\n|upkeep\n|\n|t:|1698504970\n|switch|p2b: Chi-Yu|Chi-Yu|100\/100\n|-ability|p2b: Chi-Yu|Beads of Ruin\n|turn|6\n|\n|t:|1698504977\n|move|p1b: Gardevoir|Shadow Sneak|p1a: Dudunsparce\n|-supereffective|p1a: Dudunsparce\n|-damage|p1a: Dudunsparce|46\/100\n|-ability|p1a: Dudunsparce|Rattled|boost\n|-boost|p1a: Dudunsparce|spe|1\n|move|p2b: Chi-Yu|Dark Pulse|p1a: Dudunsparce\n|-supereffective|p1a: Dudunsparce\n|-damage|p1a: Dudunsparce|0 fnt\n|faint|p1a: Dudunsparce\n|move|p2a: Lilligant|Sleep Powder|p1b: Gardevoir\n|-status|p1b: Gardevoir|slp|[from] move: Sleep Powder\n|\n|upkeep\n|\n|t:|1698504988\n|switch|p1a: Jolteon|Jolteon, M|100\/100\n|turn|7\n|\n|t:|1698504996\n|move|p2b: Chi-Yu|Dark Pulse|p1b: Gardevoir\n|-damage|p1b: Gardevoir|0 fnt\n|faint|p1b: Gardevoir\n|move|p1a: Jolteon|Hyper Voice|p2a: Lilligant|[spread] p2a,p2b\n|-crit|p2b: Chi-Yu\n|-damage|p2a: Lilligant|0 fnt\n|-damage|p2b: Chi-Yu|67\/100\n|faint|p2a: Lilligant\n|\n|upkeep\n|\n|t:|1698505003\n|switch|p2a: Ogerpon|Ogerpon-Cornerstone, F|100\/100\n|turn|8\n|-message|Rawbear88 forfeited.\n|\n|win|yante\n|raw|Rawbear88's rating: 1339 &rarr; <strong>1321<\/strong><br \/>(-18 for losing)\n|raw|yante's rating: 1380 &rarr; <strong>1398<\/strong><br \/>(+18 for winning)\n|l|\u2606Rawbear88\n","uploadtime":1698505016,"views":29,"p1id":"rawbear88","p2id":"yante","formatid":"gen9doublesou","rating":1321,"private":0,"password":""}