{"id":"gen9doublesou-1997918643","p1":"Never5678","p2":"Sec-able4","format":"[Gen 9] Doubles OU","log":"|j|\u2606Never5678\n|j|\u2606Sec-able4\n|t:|1700867375\n|gametype|doubles\n|player|p1|Never5678|ingo|1070\n|player|p2|Sec-able4|wallace|1155\n|teamsize|p1|6\n|teamsize|p2|6\n|gen|9\n|tier|[Gen 9] Doubles OU\n|rated|\n|rule|Species Clause: Limit one of each Pok\u00e9mon\n|rule|OHKO Clause: OHKO moves are banned\n|rule|Evasion Moves Clause: Evasion moves are banned\n|rule|Gravity Sleep Clause: The combination of sleep-inducing moves with imperfect accuracy and Gravity or Gigantamax Orbeetle are banned\n|rule|Endless Battle Clause: Forcing endless battles is banned\n|rule|HP Percentage Mod: HP is shown in percentages\n|clearpoke\n|poke|p1|Azumarill, M|\n|poke|p1|Clefairy, M|\n|poke|p1|Enamorus, F|\n|poke|p1|Flutter Mane|\n|poke|p1|Grimmsnarl, M|\n|poke|p1|Weezing-Galar, M|\n|poke|p2|Tornadus, M|\n|poke|p2|Iron Hands|\n|poke|p2|Rillaboom, M|\n|poke|p2|Flutter Mane|\n|poke|p2|Ogerpon-Hearthflame, F|\n|poke|p2|Heatran, F|\n|teampreview\n|inactive|Battle timer is ON: inactive players will automatically lose when time's up. (requested by Sec-able4)\n|c|\u2606Sec-able4|gl\n|\n|t:|1700867390\n|start\n|switch|p1a: Enamorus|Enamorus, F|100\/100\n|switch|p1b: Grimmsnarl|Grimmsnarl, M|100\/100\n|switch|p2a: Tornadus|Tornadus, M|100\/100\n|switch|p2b: Heatran|Heatran, F|100\/100\n|turn|1\n|\n|t:|1700867403\n|move|p1b: Grimmsnarl|Fake Out|p2a: Tornadus\n|-damage|p2a: Tornadus|90\/100\n|move|p2a: Tornadus|Taunt|p1b: Grimmsnarl\n|-hint|Since gen 7, Dark is immune to Prankster moves.\n|-immune|p1b: Grimmsnarl\n|move|p1a: Enamorus|Earth Power|p2b: Heatran\n|-supereffective|p2b: Heatran\n|-damage|p2b: Heatran|33\/100\n|move|p2b: Heatran|Flash Cannon|p1a: Enamorus\n|-supereffective|p1a: Enamorus\n|-damage|p1a: Enamorus|0 fnt\n|faint|p1a: Enamorus\n|\n|upkeep\n|\n|t:|1700867418\n|switch|p1a: Azumarill|Azumarill, M|100\/100\n|turn|2\n|\n|t:|1700867432\n|move|p2a: Tornadus|Tailwind|p2a: Tornadus\n|-sidestart|p2: Sec-able4|move: Tailwind\n|move|p1b: Grimmsnarl|Light Screen|p1b: Grimmsnarl\n|-sidestart|p1: Never5678|move: Light Screen\n|move|p1a: Azumarill|Aqua Jet|p2b: Heatran\n|-supereffective|p2b: Heatran\n|-crit|p2b: Heatran\n|-damage|p2b: Heatran|0 fnt\n|faint|p2b: Heatran\n|\n|upkeep\n|\n|t:|1700867440\n|switch|p2b: Rillaboom|Rillaboom, M|100\/100\n|-fieldstart|move: Grassy Terrain|[from] ability: Grassy Surge|[of] p2b: Rillaboom\n|turn|3\n|\n|t:|1700867461\n|-terastallize|p1a: Azumarill|Steel\n|move|p2b: Rillaboom|Fake Out|p1b: Grimmsnarl\n|-crit|p1b: Grimmsnarl\n|-damage|p1b: Grimmsnarl|82\/100\n|cant|p1b: Grimmsnarl|flinch\n|move|p2a: Tornadus|Bleakwind Storm|p1a: Azumarill|[spread] p1a\n|-miss|p2a: Tornadus|p1b: Grimmsnarl\n|-resisted|p1a: Azumarill\n|-damage|p1a: Azumarill|92\/100\n|move|p1a: Azumarill|Belly Drum|p1a: Azumarill\n|-damage|p1a: Azumarill|42\/100\n|-setboost|p1a: Azumarill|atk|6|[from] move: Belly Drum\n|\n|-heal|p1b: Grimmsnarl|88\/100|[from] Grassy Terrain\n|-heal|p1a: Azumarill|48\/100|[from] Grassy Terrain\n|-heal|p1a: Azumarill|54\/100|[from] item: Leftovers\n|upkeep\n|turn|4\n|inactive|Never5678 has 120 seconds left.\n|\n|t:|1700867498\n|move|p1b: Grimmsnarl|Parting Shot|p2b: Rillaboom\n|-unboost|p2b: Rillaboom|atk|1\n|-unboost|p2b: Rillaboom|spa|1\n|\n|t:|1700867503\n|switch|p1b: Clefairy|Clefairy, M|100\/100|[from] Parting Shot\n|move|p2a: Tornadus|Bleakwind Storm|p1a: Azumarill|[spread] p1a\n|-miss|p2a: Tornadus|p1b: Clefairy\n|-resisted|p1a: Azumarill\n|-damage|p1a: Azumarill|48\/100\n|move|p2b: Rillaboom|High Horsepower|p1a: Azumarill\n|-supereffective|p1a: Azumarill\n|-damage|p1a: Azumarill|15\/100\n|move|p1a: Azumarill|Brick Break|p2b: Rillaboom\n|-damage|p2b: Rillaboom|20\/100\n|\n|-heal|p2b: Rillaboom|26\/100|[from] Grassy Terrain\n|-heal|p1a: Azumarill|22\/100|[from] Grassy Terrain\n|-heal|p1a: Azumarill|28\/100|[from] item: Leftovers\n|upkeep\n|turn|5\n|inactive|Never5678 has 120 seconds left.\n|\n|t:|1700867537\n|move|p1b: Clefairy|Follow Me|p1b: Clefairy\n|-singleturn|p1b: Clefairy|move: Follow Me\n|move|p2a: Tornadus|Bleakwind Storm|p1a: Azumarill|[spread] p1b\n|-miss|p2a: Tornadus|p1a: Azumarill\n|-damage|p1b: Clefairy|86\/100\n|move|p2b: Rillaboom|U-turn|p1b: Clefairy\n|-resisted|p1b: Clefairy\n|-damage|p1b: Clefairy|78\/100\n|\n|t:|1700867545\n|switch|p2b: Iron Hands|Iron Hands|100\/100|[from] U-turn\n|move|p1a: Azumarill|Brick Break|p2b: Iron Hands\n|-damage|p2b: Iron Hands|34\/100\n|-enditem|p2b: Iron Hands|Sitrus Berry|[eat]\n|-heal|p2b: Iron Hands|59\/100|[from] item: Sitrus Berry\n|\n|-heal|p2b: Iron Hands|65\/100|[from] Grassy Terrain\n|-heal|p1a: Azumarill|34\/100|[from] Grassy Terrain\n|-heal|p1a: Azumarill|40\/100|[from] item: Leftovers\n|-heal|p1b: Clefairy|84\/100|[from] Grassy Terrain\n|-sideend|p2: Sec-able4|move: Tailwind\n|upkeep\n|turn|6\n|\n|t:|1700867564\n|move|p1b: Clefairy|Follow Me|p1b: Clefairy\n|-singleturn|p1b: Clefairy|move: Follow Me\n|move|p2a: Tornadus|Tailwind|p2a: Tornadus\n|-sidestart|p2: Sec-able4|move: Tailwind\n|move|p2b: Iron Hands|Drain Punch|p1b: Clefairy\n|-resisted|p1b: Clefairy\n|-damage|p1b: Clefairy|66\/100\n|-heal|p2b: Iron Hands|72\/100|[from] drain|[of] p1b: Clefairy\n|move|p1a: Azumarill|Play Rough|p2b: Iron Hands\n|-supereffective|p2b: Iron Hands\n|-damage|p2b: Iron Hands|0 fnt\n|faint|p2b: Iron Hands\n|-end|p2b: Iron Hands|Quark Drive|[silent]\n|\n|-heal|p1a: Azumarill|46\/100|[from] Grassy Terrain\n|-heal|p1a: Azumarill|52\/100|[from] item: Leftovers\n|-heal|p1b: Clefairy|73\/100|[from] Grassy Terrain\n|upkeep\n|\n|t:|1700867578\n|switch|p2b: Ogerpon|Ogerpon-Hearthflame, F|100\/100\n|-ability|p2b: Ogerpon|Mold Breaker\n|turn|7\n|\n|t:|1700867592\n|move|p1b: Clefairy|Follow Me|p1b: Clefairy\n|-singleturn|p1b: Clefairy|move: Follow Me\n|move|p2b: Ogerpon|Ivy Cudgel|p1b: Clefairy|[anim] Ivy Cudgel Fire\n|-damage|p1b: Clefairy|15\/100\n|move|p2a: Tornadus|Bleakwind Storm|p1a: Azumarill|[spread] p1a,p1b\n|-resisted|p1a: Azumarill\n|-damage|p1a: Azumarill|46\/100\n|-damage|p1b: Clefairy|0 fnt\n|faint|p1b: Clefairy\n|move|p1a: Azumarill|Brick Break|p2b: Ogerpon\n|-damage|p2b: Ogerpon|0 fnt\n|faint|p2b: Ogerpon\n|\n|-heal|p1a: Azumarill|52\/100|[from] Grassy Terrain\n|-heal|p1a: Azumarill|58\/100|[from] item: Leftovers\n|-fieldend|move: Grassy Terrain\n|upkeep\n|\n|t:|1700867608\n|switch|p2b: Rillaboom|Rillaboom, M|26\/100\n|switch|p1b: Grimmsnarl|Grimmsnarl, M|88\/100\n|-fieldstart|move: Grassy Terrain|[from] ability: Grassy Surge|[of] p2b: Rillaboom\n|turn|8\n|inactive|Never5678 has 120 seconds left.\n|\n|t:|1700867650\n|move|p2b: Rillaboom|Fake Out|p1a: Azumarill\n|-resisted|p1a: Azumarill\n|-damage|p1a: Azumarill|51\/100\n|move|p1b: Grimmsnarl|Reflect|p1b: Grimmsnarl\n|-sidestart|p1: Never5678|Reflect\n|cant|p1a: Azumarill|flinch\n|move|p2a: Tornadus|Bleakwind Storm|p1a: Azumarill|[spread] p1a\n|-miss|p2a: Tornadus|p1b: Grimmsnarl\n|-resisted|p1a: Azumarill\n|-damage|p1a: Azumarill|43\/100\n|\n|-heal|p2b: Rillaboom|32\/100|[from] Grassy Terrain\n|-heal|p1b: Grimmsnarl|94\/100|[from] Grassy Terrain\n|-heal|p1a: Azumarill|49\/100|[from] Grassy Terrain\n|-heal|p1a: Azumarill|55\/100|[from] item: Leftovers\n|upkeep\n|turn|9\n|inactive|Never5678 has 120 seconds left.\n|\n|t:|1700867679\n|move|p1b: Grimmsnarl|Parting Shot|p2a: Tornadus\n|-unboost|p2a: Tornadus|atk|1\n|-unboost|p2a: Tornadus|spa|1\n|\n|t:|1700867684\n|switch|p1b: Weezing|Weezing-Galar, M|100\/100|[from] Parting Shot\n|move|p1a: Azumarill|Aqua Jet|p2b: Rillaboom\n|-resisted|p2b: Rillaboom\n|-damage|p2b: Rillaboom|0 fnt\n|faint|p2b: Rillaboom\n|move|p2a: Tornadus|Bleakwind Storm|p1a: Azumarill|[spread] p1a,p1b\n|-resisted|p1a: Azumarill\n|-damage|p1a: Azumarill|50\/100\n|-damage|p1b: Weezing|87\/100\n|-unboost|p1a: Azumarill|spe|1\n|\n|-heal|p1a: Azumarill|56\/100|[from] Grassy Terrain\n|-heal|p1a: Azumarill|62\/100|[from] item: Leftovers\n|-sideend|p1: Never5678|move: Light Screen\n|-sideend|p2: Sec-able4|move: Tailwind\n|upkeep\n|\n|t:|1700867693\n|switch|p2b: Flutter Mane|Flutter Mane|100\/100\n|turn|10\n|\n|t:|1700867710\n|move|p2a: Tornadus|Sunny Day|p2a: Tornadus\n|-weather|SunnyDay\n|-activate|p2b: Flutter Mane|ability: Protosynthesis\n|-start|p2b: Flutter Mane|protosynthesisspa\n|move|p1a: Azumarill|Aqua Jet|p2b: Flutter Mane\n|-damage|p2b: Flutter Mane|42\/100\n|move|p2b: Flutter Mane|Shadow Ball|p1a: Azumarill\n|-damage|p1a: Azumarill|0 fnt\n|faint|p1a: Azumarill\n|move|p1b: Weezing|Dazzling Gleam|p2b: Flutter Mane|[spread] p2a,p2b\n|-damage|p2a: Tornadus|68\/100\n|-damage|p2b: Flutter Mane|26\/100\n|\n|-weather|SunnyDay|[upkeep]\n|-heal|p2b: Flutter Mane|32\/100|[from] Grassy Terrain\n|upkeep\n|inactive|Never5678 has 120 seconds left.\n|\n|t:|1700867726\n|switch|p1a: Grimmsnarl|Grimmsnarl, M|94\/100\n|turn|11\n|\n|t:|1700867744\n|move|p1a: Grimmsnarl|Light Screen|p1a: Grimmsnarl\n|-sidestart|p1: Never5678|move: Light Screen\n|move|p2b: Flutter Mane|Shadow Ball|p1b: Weezing\n|-damage|p1b: Weezing|33\/100\n|-enditem|p1b: Weezing|Sitrus Berry|[eat]\n|-heal|p1b: Weezing|58\/100|[from] item: Sitrus Berry\n|move|p2a: Tornadus|Bleakwind Storm|p1b: Weezing|[spread] p1a,p1b\n|-damage|p1a: Grimmsnarl|79\/100\n|-damage|p1b: Weezing|45\/100\n|-unboost|p1a: Grimmsnarl|spe|1\n|move|p1b: Weezing|Sludge Bomb|p2b: Flutter Mane\n|-damage|p2b: Flutter Mane|9\/100\n|\n|-weather|SunnyDay|[upkeep]\n|-heal|p2b: Flutter Mane|15\/100|[from] Grassy Terrain\n|-heal|p1a: Grimmsnarl|85\/100|[from] Grassy Terrain\n|upkeep\n|turn|12\n|\n|t:|1700867771\n|move|p1a: Grimmsnarl|Parting Shot|p2b: Flutter Mane\n|-unboost|p2b: Flutter Mane|atk|1\n|-unboost|p2b: Flutter Mane|spa|1\n|\n|t:|1700867777\n|switch|p1a: Flutter Mane|Flutter Mane|100\/100|[from] Parting Shot\n|-activate|p1a: Flutter Mane|ability: Protosynthesis\n|-start|p1a: Flutter Mane|protosynthesisspe\n|move|p2b: Flutter Mane|Shadow Ball|p1b: Weezing\n|-damage|p1b: Weezing|8\/100\n|-unboost|p1b: Weezing|spd|1\n|move|p2a: Tornadus|Bleakwind Storm|p1b: Weezing|[spread] p1a\n|-miss|p2a: Tornadus|p1b: Weezing\n|-damage|p1a: Flutter Mane|89\/100\n|-unboost|p1a: Flutter Mane|spe|1\n|move|p1b: Weezing|Sludge Bomb|p2b: Flutter Mane\n|-damage|p2b: Flutter Mane|0 fnt\n|faint|p2b: Flutter Mane\n|-end|p2b: Flutter Mane|Protosynthesis|[silent]\n|\n|-weather|SunnyDay|[upkeep]\n|-heal|p1a: Flutter Mane|95\/100|[from] Grassy Terrain\n|-fieldend|move: Grassy Terrain\n|upkeep\n|turn|13\n|-message|Sec-able4 forfeited.\n|\n|win|Never5678\n|raw|Never5678's rating: 1070 &rarr; <strong>1107<\/strong><br \/>(+37 for winning)\n|raw|Sec-able4's rating: 1155 &rarr; <strong>1124<\/strong><br \/>(-31 for losing)\n|l|\u2606Sec-able4\n","uploadtime":1700867806,"views":2,"p1id":"never5678","p2id":"secable4","formatid":"gen9doublesou","rating":1107,"private":0,"password":""}