{"id":"gen9doublesou-1972333112","p1":"GoDDanteX","p2":"Redzone92","format":"[Gen 9] Doubles OU","log":"|j|\u2606GoDDanteX\n|j|\u2606Redzone92\n|t:|1697832242\n|gametype|doubles\n|player|p1|GoDDanteX|265|\n|player|p2|Redzone92|alder|\n|teamsize|p1|6\n|teamsize|p2|6\n|gen|9\n|tier|[Gen 9] Doubles OU\n|rule|Species Clause: Limit one of each Pok\u00e9mon\n|rule|OHKO Clause: OHKO moves are banned\n|rule|Evasion Moves Clause: Evasion moves are banned\n|rule|Gravity Sleep Clause: The combination of sleep-inducing moves with imperfect accuracy and Gravity or Gigantamax Orbeetle are banned\n|rule|Endless Battle Clause: Forcing endless battles is banned\n|rule|HP Percentage Mod: HP is shown in percentages\n|clearpoke\n|poke|p1|Pawmot, M|\n|poke|p1|Arcanine, M|\n|poke|p1|Dragapult, M|\n|poke|p1|Iron Valiant|\n|poke|p1|Umbreon, M|\n|poke|p1|Espeon, F|\n|poke|p2|Farigiraf, F|\n|poke|p2|Landorus-Therian, M|\n|poke|p2|Diancie|\n|poke|p2|Iron Moth|\n|poke|p2|Hydreigon, M|\n|poke|p2|Kleavor, M|\n|teampreview\n|\n|t:|1697832253\n|start\n|switch|p1a: Anakin|Iron Valiant, shiny|100\/100\n|switch|p1b: H|Espeon, F, shiny|100\/100\n|switch|p2a: Pete|Hydreigon, M|100\/100\n|switch|p2b: Edward|Kleavor, M, shiny|100\/100\n|-enditem|p1a: Anakin|Booster Energy\n|-activate|p1a: Anakin|ability: Quark Drive|[fromitem]\n|-start|p1a: Anakin|quarkdrivespe\n|turn|1\n|\n|t:|1697832284\n|-terastallize|p2a: Pete|Poison\n|move|p1a: Anakin|Dazzling Gleam|p2b: Edward|[spread] p2a,p2b\n|-resisted|p2a: Pete\n|-damage|p2a: Pete|87\/100\n|-damage|p2b: Edward|51\/100\n|move|p1b: H|Dazzling Gleam|p2a: Pete|[spread] p2a,p2b\n|-resisted|p2a: Pete\n|-damage|p2a: Pete|77\/100\n|-damage|p2b: Edward|15\/100\n|move|p2a: Pete|Tailwind|p2a: Pete\n|-sidestart|p2: Redzone92|move: Tailwind\n|move|p2b: Edward|Stone Axe|p1a: Anakin\n|-resisted|p1a: Anakin\n|-damage|p1a: Anakin|68\/100\n|-sidestart|p1: GoDDanteX|move: Stealth Rock\n|\n|upkeep\n|turn|2\n|\n|t:|1697832304\n|-terastallize|p1a: Anakin|Water\n|move|p2a: Pete|Dark Pulse|p1b: H\n|-supereffective|p1b: H\n|-damage|p1b: H|10\/100\n|move|p2b: Edward|Aerial Ace|p1a: Anakin\n|-damage|p1a: Anakin|25\/100\n|move|p1a: Anakin|Psyshock|p2a: Pete\n|-supereffective|p2a: Pete\n|-damage|p2a: Pete|25\/100\n|move|p1b: H|Dazzling Gleam|p2a: Pete|[spread] p2a,p2b\n|-resisted|p2a: Pete\n|-damage|p2a: Pete|14\/100\n|-damage|p2b: Edward|0 fnt\n|faint|p2b: Edward\n|\n|upkeep\n|\n|t:|1697832323\n|switch|p2b: Rufus|Landorus-Therian, M|100\/100\n|-ability|p2b: Rufus|Intimidate|boost\n|-unboost|p1a: Anakin|atk|1\n|-unboost|p1b: H|atk|1\n|turn|3\n|\n|t:|1697832348\n|switch|p1b: Minx|Umbreon, M, shiny|100\/100\n|-damage|p1b: Minx|88\/100|[from] Stealth Rock\n|move|p2a: Pete|Dark Pulse|p1b: Minx\n|-resisted|p1b: Minx\n|-damage|p1b: Minx|80\/100\n|move|p2b: Rufus|Earthquake|p1a: Anakin|[spread] p1a,p1b\n|-immune|p2a: Pete|[from] ability: Levitate\n|-damage|p1a: Anakin|0 fnt\n|-damage|p1b: Minx|22\/100\n|faint|p1a: Anakin\n|-end|p1a: Anakin|Quark Drive|[silent]\n|\n|-heal|p1b: Minx|28\/100|[from] item: Leftovers\n|upkeep\n|\n|t:|1697832363\n|switch|p1a: Spike|Arcanine, M, shiny|100\/100\n|-damage|p1a: Spike|76\/100|[from] Stealth Rock\n|-ability|p1a: Spike|Intimidate|boost\n|-unboost|p2a: Pete|atk|1\n|-unboost|p2b: Rufus|atk|1\n|turn|4\n|\n|t:|1697832390\n|move|p1b: Minx|Protect|p1b: Minx\n|-singleturn|p1b: Minx|Protect\n|move|p2a: Pete|Heat Wave|p1b: Minx|[spread] p1a\n|-activate|p1b: Minx|move: Protect\n|-resisted|p1a: Spike\n|-damage|p1a: Spike|63\/100\n|-enditem|p1a: Spike|Red Card|[of] p2a: Pete\n|drag|p2a: cyborg mothra|Iron Moth, shiny|100\/100\n|-enditem|p2a: cyborg mothra|Booster Energy\n|-activate|p2a: cyborg mothra|ability: Quark Drive|[fromitem]\n|-start|p2a: cyborg mothra|quarkdrivespa\n|move|p2b: Rufus|Earthquake|p1b: Minx|[spread] p2a,p1a\n|-activate|p1b: Minx|move: Protect\n|-supereffective|p2a: cyborg mothra\n|-crit|p2a: cyborg mothra\n|-supereffective|p1a: Spike\n|-damage|p2a: cyborg mothra|0 fnt\n|-damage|p1a: Spike|0 fnt\n|faint|p2a: cyborg mothra\n|-end|p2a: cyborg mothra|Quark Drive|[silent]\n|faint|p1a: Spike\n|\n|-heal|p1b: Minx|34\/100|[from] item: Leftovers\n|-sideend|p2: Redzone92|move: Tailwind\n|upkeep\n|c|\u2606Redzone92|thats good stuff\n|\n|t:|1697832415\n|switch|p2a: Pete|Hydreigon, M, tera:Poison|14\/100\n|switch|p1a: H|Espeon, F, shiny|10\/100\n|-damage|p1a: H|0 fnt|[from] Stealth Rock\n|faint|p1a: H\n|\n|t:|1697832423\n|switch|p1a: Danny|Dragapult, M, shiny|100\/100\n|-damage|p1a: Danny|88\/100|[from] Stealth Rock\n|turn|5\n|\n|t:|1697832440\n|switch|p2b: Tiana|Diancie, shiny|100\/100\n|move|p1a: Danny|Surf|p2b: Tiana|[spread] p1b,p2a,p2b\n|-supereffective|p2b: Tiana\n|-damage|p1b: Minx|23\/100\n|-damage|p2a: Pete|0 fnt\n|-damage|p2b: Tiana|64\/100\n|faint|p2a: Pete\n|move|p1b: Minx|Wish|p1b: Minx\n|\n|-heal|p1b: Minx|29\/100|[from] item: Leftovers\n|-heal|p2b: Tiana|70\/100|[from] item: Leftovers\n|upkeep\n|j| Wookiebacon\n|\n|t:|1697832450\n|switch|p2a: Martty|Farigiraf, F|100\/100\n|turn|6\n|\n|t:|1697832463\n|move|p1b: Minx|Protect|p1b: Minx\n|-singleturn|p1b: Minx|Protect\n|move|p1a: Danny|Draco Meteor|p2a: Martty\n|-damage|p2a: Martty|39\/100\n|-unboost|p1a: Danny|spa|2\n|-enditem|p2a: Martty|Sitrus Berry|[eat]\n|-heal|p2a: Martty|64\/100|[from] item: Sitrus Berry\n|move|p2a: Martty|Dazzling Gleam|p1a: Danny|[spread] p1a\n|-activate|p1b: Minx|move: Protect\n|-supereffective|p1a: Danny\n|-damage|p1a: Danny|50\/100\n|move|p2b: Tiana|Diamond Storm|p1b: Minx|[spread] p1a\n|-activate|p1b: Minx|move: Protect\n|-damage|p1a: Danny|10\/100\n|\n|-heal|p1b: Minx|79\/100|[from] move: Wish|[wisher] Minx\n|-heal|p1b: Minx|85\/100|[from] item: Leftovers\n|-heal|p2b: Tiana|76\/100|[from] item: Leftovers\n|upkeep\n|turn|7\n|\n|t:|1697832500\n|move|p1a: Danny|Draco Meteor|p2a: Martty\n|-damage|p2a: Martty|30\/100\n|-unboost|p1a: Danny|spa|2\n|move|p1b: Minx|Foul Play|p2a: Martty\n|-supereffective|p2a: Martty\n|-damage|p2a: Martty|0 fnt\n|faint|p2a: Martty\n|move|p2b: Tiana|Diamond Storm|p1b: Minx|[spread] p1a,p1b\n|-damage|p1a: Danny|0 fnt\n|-damage|p1b: Minx|64\/100\n|faint|p1a: Danny\n|\n|-heal|p1b: Minx|70\/100|[from] item: Leftovers\n|-heal|p2b: Tiana|83\/100|[from] item: Leftovers\n|upkeep\n|\n|t:|1697832513\n|switch|p1a: Ali|Pawmot, M, shiny|100\/100\n|switch|p2a: Rufus|Landorus-Therian, M|100\/100\n|-damage|p1a: Ali|94\/100|[from] Stealth Rock\n|-ability|p2a: Rufus|Intimidate|boost\n|-unboost|p1a: Ali|atk|1\n|-unboost|p1b: Minx|atk|1\n|turn|8\n|\n|t:|1697832536\n|move|p2b: Tiana|Protect|p2b: Tiana\n|-singleturn|p2b: Tiana|Protect\n|move|p1a: Ali|Fake Out|p2a: Rufus\n|-damage|p2a: Rufus|87\/100\n|-damage|p1a: Ali|84\/100|[from] item: Life Orb\n|cant|p2a: Rufus|flinch\n|move|p1b: Minx|Wish|p1b: Minx\n|\n|-heal|p1b: Minx|76\/100|[from] item: Leftovers\n|-heal|p2b: Tiana|89\/100|[from] item: Leftovers\n|upkeep\n|turn|9\n|\n|t:|1697832564\n|move|p1b: Minx|Protect|p1b: Minx\n|-singleturn|p1b: Minx|Protect\n|move|p1a: Ali|Revival Blessing|p1a: Ali\n|\n|t:|1697832573\n|-heal|p1: Danny|50\/100|[from] move: Revival Blessing\n|move|p2a: Rufus|Earthquake|p1a: Ali|[spread] p2b,p1a\n|-activate|p1b: Minx|move: Protect\n|-supereffective|p2b: Tiana\n|-supereffective|p1a: Ali\n|-damage|p2b: Tiana|0 fnt\n|-damage|p1a: Ali|0 fnt\n|faint|p2b: Tiana\n|faint|p1a: Ali\n|\n|-heal|p1b: Minx|100\/100|[from] move: Wish|[wisher] Minx\n|upkeep\n|\n|t:|1697832580\n|switch|p1a: Danny|Dragapult, M, shiny|50\/100\n|-damage|p1a: Danny|38\/100|[from] Stealth Rock\n|turn|10\n|\n|t:|1697832586\n|move|p1a: Danny|Surf|p2a: Rufus|[spread] p1b,p2a\n|-supereffective|p2a: Rufus\n|-damage|p1b: Minx|88\/100\n|-damage|p2a: Rufus|29\/100\n|move|p2a: Rufus|Earthquake|p1a: Danny|[spread] p1a,p1b\n|-damage|p1a: Danny|0 fnt\n|-damage|p1b: Minx|33\/100\n|faint|p1a: Danny\n|move|p1b: Minx|Foul Play|p2a: Rufus\n|-damage|p2a: Rufus|0 fnt\n|faint|p2a: Rufus\n|\n|win|GoDDanteX\n|l|\u2606GoDDanteX\n","uploadtime":1697832601,"views":17,"p1id":"goddantex","p2id":"redzone92","formatid":"gen9doublesou","rating":0,"private":0,"password":""}