{"id":"gen9doublesou-1977229804","p1":"bananaszn","p2":"Rizzo26","format":"[Gen 9] Doubles OU","log":"|j|\u2606bananaszn\n|j|\u2606Rizzo26\n|t:|1698390515\n|gametype|doubles\n|player|p1|bananaszn|brycen|1227\n|player|p2|Rizzo26|101|1134\n|teamsize|p1|6\n|teamsize|p2|6\n|gen|9\n|tier|[Gen 9] Doubles OU\n|rated|\n|rule|Species Clause: Limit one of each Pok\u00e9mon\n|rule|OHKO Clause: OHKO moves are banned\n|rule|Evasion Moves Clause: Evasion moves are banned\n|rule|Gravity Sleep Clause: The combination of sleep-inducing moves with imperfect accuracy and Gravity or Gigantamax Orbeetle are banned\n|rule|Endless Battle Clause: Forcing endless battles is banned\n|rule|HP Percentage Mod: HP is shown in percentages\n|clearpoke\n|poke|p1|Gengar, F|\n|poke|p1|Basculegion-F, F|\n|poke|p1|Diancie|\n|poke|p1|Chi-Yu|\n|poke|p1|Indeedee-F, F|\n|poke|p1|Cresselia, F|\n|poke|p2|Kleavor, F|\n|poke|p2|Maushold-Four|\n|poke|p2|Empoleon, F|\n|poke|p2|Hydreigon, M|\n|poke|p2|Sinistcha-Masterpiece|\n|poke|p2|Rotom-Heat|\n|teampreview\n|inactive|Battle timer is ON: inactive players will automatically lose when time's up. (requested by Rizzo26)\n|\n|t:|1698390523\n|start\n|switch|p1a: Gengar|Gengar, F|100\/100\n|switch|p1b: Chi-Yu|Chi-Yu|100\/100\n|switch|p2a: Rotom|Rotom-Heat|100\/100\n|switch|p2b: Maushold|Maushold-Four, shiny|100\/100\n|-ability|p1b: Chi-Yu|Beads of Ruin\n|turn|1\n|\n|t:|1698390543\n|move|p1b: Chi-Yu|Heat Wave|p2a: Rotom|[spread] p2a,p2b\n|-resisted|p2a: Rotom\n|-damage|p2a: Rotom|72\/100\n|-damage|p2b: Maushold|0 fnt\n|faint|p2b: Maushold\n|move|p2a: Rotom|Volt Switch|p1b: Chi-Yu\n|-damage|p1b: Chi-Yu|65\/100\n|\n|t:|1698390553\n|switch|p2a: Hydreigon|Hydreigon, M|100\/100|[from] Volt Switch\n|move|p1a: Gengar|Trick Room|p1a: Gengar\n|-fieldstart|move: Trick Room|[of] p1a: Gengar\n|\n|upkeep\n|\n|t:|1698390564\n|switch|p2b: Empoleon|Empoleon, F|100\/100\n|turn|2\n|\n|t:|1698390580\n|move|p2b: Empoleon|Knock Off|p1a: Gengar\n|-supereffective|p1a: Gengar\n|-damage|p1a: Gengar|9\/100\n|-enditem|p1a: Gengar|Focus Sash|[from] move: Knock Off|[of] p2b: Empoleon\n|move|p2a: Hydreigon|Dark Pulse|p1a: Gengar\n|-supereffective|p1a: Gengar\n|-damage|p1a: Gengar|0 fnt\n|faint|p1a: Gengar\n|-damage|p2a: Hydreigon|91\/100|[from] item: Life Orb\n|move|p1b: Chi-Yu|Heat Wave|p2b: Empoleon|[spread] p2a,p2b\n|-resisted|p2a: Hydreigon\n|-damage|p2a: Hydreigon|50\/100\n|-damage|p2b: Empoleon|28\/100\n|\n|upkeep\n|c|\u2606bananaszn|ik what im doing trust :moyai:\n|\n|t:|1698390598\n|switch|p1a: Basculegion|Basculegion-F, F|100\/100\n|turn|3\n|\n|t:|1698390610\n|move|p1a: Basculegion|Last Respects|p2b: Empoleon\n|-damage|p2b: Empoleon|0 fnt\n|faint|p2b: Empoleon\n|move|p2a: Hydreigon|Dark Pulse|p1a: Basculegion\n|-supereffective|p1a: Basculegion\n|-damage|p1a: Basculegion|0 fnt\n|faint|p1a: Basculegion\n|-damage|p2a: Hydreigon|40\/100|[from] item: Life Orb\n|move|p1b: Chi-Yu|Heat Wave|p2a: Hydreigon\n|-resisted|p2a: Hydreigon\n|-damage|p2a: Hydreigon|0 fnt\n|faint|p2a: Hydreigon\n|\n|upkeep\n|\n|t:|1698390623\n|switch|p2b: Rotom|Rotom-Heat|72\/100\n|switch|p1a: Diancie|Diancie|100\/100\n|switch|p2a: Sinistcha|Sinistcha-Masterpiece|100\/100\n|-heal|p2b: Rotom|97\/100|[from] ability: Hospitality|[of] p2a: Sinistcha\n|turn|4\n|\n|t:|1698390646\n|-terastallize|p2a: Sinistcha|Fire\n|move|p1a: Diancie|Diamond Storm|p2a: Sinistcha|[spread] p2a,p2b\n|-supereffective|p2a: Sinistcha\n|-crit|p2a: Sinistcha\n|-supereffective|p2b: Rotom\n|-damage|p2a: Sinistcha|21\/100\n|-damage|p2b: Rotom|35\/100\n|-boost|p1a: Diancie|def|2\n|-enditem|p2a: Sinistcha|Sitrus Berry|[eat]\n|-heal|p2a: Sinistcha|46\/100|[from] item: Sitrus Berry\n|move|p2a: Sinistcha|Matcha Gotcha|p1a: Diancie|[spread] p1a,p1b\n|-supereffective|p1a: Diancie\n|-resisted|p1b: Chi-Yu\n|-damage|p1a: Diancie|45\/100\n|-heal|p2a: Sinistcha|71\/100|[from] drain|[of] p1a: Diancie\n|-damage|p1b: Chi-Yu|49\/100\n|-heal|p2a: Sinistcha|78\/100|[from] drain|[of] p1b: Chi-Yu\n|-status|p1a: Diancie|brn\n|-enditem|p1a: Diancie|Weakness Policy\n|-boost|p1a: Diancie|atk|2|[from] item: Weakness Policy\n|-boost|p1a: Diancie|spa|2|[from] item: Weakness Policy\n|move|p2b: Rotom|Volt Switch|p1b: Chi-Yu\n|-damage|p1b: Chi-Yu|15\/100\n|inactive|Rizzo26 has 120 seconds left.\n|\n|t:|1698390667\n|switch|p2b: Kleavor|Kleavor, F|100\/100|[from] Volt Switch\n|move|p1b: Chi-Yu|Heat Wave|p2a: Sinistcha|[spread] p2a,p2b\n|-resisted|p2a: Sinistcha\n|-damage|p2a: Sinistcha|36\/100\n|-damage|p2b: Kleavor|0 fnt\n|faint|p2b: Kleavor\n|\n|-damage|p1a: Diancie|38\/100 brn|[from] brn\n|upkeep\n|\n|t:|1698390673\n|switch|p2b: Rotom|Rotom-Heat|35\/100\n|turn|5\n|\n|t:|1698390686\n|move|p1a: Diancie|Diamond Storm|p2b: Rotom|[spread] p2a,p2b\n|-supereffective|p2a: Sinistcha\n|-supereffective|p2b: Rotom\n|-damage|p2a: Sinistcha|0 fnt\n|-damage|p2b: Rotom|0 fnt\n|-boost|p1a: Diancie|def|2\n|faint|p2a: Sinistcha\n|faint|p2b: Rotom\n|\n|win|bananaszn\n|raw|bananaszn's rating: 1227 &rarr; <strong>1245<\/strong><br \/>(+18 for winning)\n|raw|Rizzo26's rating: 1134 &rarr; <strong>1116<\/strong><br \/>(-18 for losing)\n|l|\u2606Rizzo26\n|c|\u2606bananaszn|this idea was so bad how did i win\n","uploadtime":1698390700,"views":26,"p1id":"bananaszn","p2id":"rizzo26","formatid":"gen9doublesou","rating":1116,"private":0,"password":""}