{"id":"gen9doublesou-1987310801","p1":"FeioNando","p2":"Phasmosix","format":"[Gen 9] Doubles OU","log":"|j|\u2606FeioNando\n|j|\u2606Phasmosix\n|t:|1699576066\n|gametype|doubles\n|player|p1|FeioNando|serena-anime|1092\n|player|p2|Phasmosix|n-masters|1000\n|teamsize|p1|6\n|teamsize|p2|6\n|gen|9\n|tier|[Gen 9] Doubles OU\n|rated|\n|rule|Species Clause: Limit one of each Pok\u00e9mon\n|rule|OHKO Clause: OHKO moves are banned\n|rule|Evasion Moves Clause: Evasion moves are banned\n|rule|Gravity Sleep Clause: The combination of sleep-inducing moves with imperfect accuracy and Gravity or Gigantamax Orbeetle are banned\n|rule|Endless Battle Clause: Forcing endless battles is banned\n|rule|HP Percentage Mod: HP is shown in percentages\n|clearpoke\n|poke|p1|Weezing-Galar, M|\n|poke|p1|Grafaiai, F|\n|poke|p1|Slaking, F|\n|poke|p1|Qwilfish-Hisui, M|\n|poke|p1|Ribombee, F|\n|poke|p1|Dragapult, F|\n|poke|p2|Maushold-Four|\n|poke|p2|Armarouge, F|\n|poke|p2|Indeedee-F, F|\n|poke|p2|Skeledirge, F|\n|poke|p2|Scream Tail|\n|poke|p2|Dragonite, M|\n|teampreview\n|inactive|Battle timer is ON: inactive players will automatically lose when time's up. (requested by FeioNando)\n|inactive|Phasmosix has 120 seconds left.\n|inactive|Phasmosix has 90 seconds left.\n|inactive|Phasmosix has 60 seconds left.\n|inactive|Phasmosix has 30 seconds left.\n|\n|t:|1699576210\n|start\n|switch|p1a: Dragapult|Dragapult, F|100\/100\n|switch|p1b: Qwilfish|Qwilfish-Hisui, M|100\/100\n|switch|p2a: Maushold|Maushold-Four|100\/100\n|switch|p2b: Armarouge|Armarouge, F|100\/100\n|-ability|p1b: Qwilfish|Intimidate|boost\n|-unboost|p2a: Maushold|atk|1\n|-unboost|p2b: Armarouge|atk|1\n|turn|1\n|\n|t:|1699576232\n|move|p2a: Maushold|Tidy Up|p2a: Maushold\n|-boost|p2a: Maushold|atk|1\n|-boost|p2a: Maushold|spe|1\n|move|p1a: Dragapult|Reflect|p1a: Dragapult\n|-sidestart|p1: FeioNando|Reflect\n|move|p1b: Qwilfish|Acupressure|p1a: Dragapult\n|-boost|p1a: Dragapult|spa|2\n|move|p2b: Armarouge|Dragon Pulse|p1b: Qwilfish\n|-damage|p1b: Qwilfish|60\/100\n|\n|upkeep\n|turn|2\n|inactive|Phasmosix has 90 seconds left.\n|\n|t:|1699576275\n|switch|p2a: Indeedee|Indeedee-F, F|100\/100\n|-fieldstart|move: Psychic Terrain|[from] ability: Psychic Surge|[of] p2a: Indeedee\n|move|p1a: Dragapult|Light Screen|p1a: Dragapult\n|-sidestart|p1: FeioNando|move: Light Screen\n|move|p1b: Qwilfish|Acupressure|p1a: Dragapult\n|-boost|p1a: Dragapult|spe|2\n|move|p2b: Armarouge|Armor Cannon|p1b: Qwilfish\n|-damage|p1b: Qwilfish|8\/100\n|-unboost|p2b: Armarouge|def|1\n|-unboost|p2b: Armarouge|spd|1\n|\n|upkeep\n|turn|3\n|inactive|Phasmosix has 90 seconds left.\n|\n|t:|1699576294\n|move|p1a: Dragapult|Dragon Dance|p1a: Dragapult\n|-boost|p1a: Dragapult|atk|1\n|-boost|p1a: Dragapult|spe|1\n|move|p2a: Indeedee|Psych Up|p1a: Dragapult\n|-copyboost|p2a: Indeedee|p1a: Dragapult|[from] move: Psych Up\n|move|p1b: Qwilfish|Destiny Bond|p1b: Qwilfish\n|-singlemove|p1b: Qwilfish|Destiny Bond\n|move|p2b: Armarouge|Flash Cannon|p1a: Dragapult\n|-damage|p1a: Dragapult|76\/100\n|\n|upkeep\n|turn|4\n|\n|t:|1699576313\n|move|p1a: Dragapult|Dragon Darts|p2a: Indeedee\n|-damage|p2a: Indeedee|27\/100\n|-anim|p1a: Dragapult|Dragon Darts|p2b: Armarouge\n|-damage|p2b: Armarouge|46\/100\n|-ability|p2b: Armarouge|Weak Armor|boost\n|-unboost|p2b: Armarouge|def|1\n|-boost|p2b: Armarouge|spe|2\n|move|p2a: Indeedee|Stored Power|p1a: Dragapult\n|-damage|p1a: Dragapult|0 fnt\n|faint|p1a: Dragapult\n|move|p2b: Armarouge|Dragon Pulse|p1b: Qwilfish\n|-damage|p1b: Qwilfish|0 fnt\n|faint|p1b: Qwilfish\n|-activate|p1b: Qwilfish|move: Destiny Bond\n|faint|p2b: Armarouge\n|\n|upkeep\n|inactive|Phasmosix has 120 seconds left.\n|\n|t:|1699576336\n|switch|p1a: Slaking|Slaking, F|100\/100\n|switch|p1b: Weezing|Weezing-Galar, M|100\/100\n|switch|p2b: Maushold|Maushold-Four|100\/100\n|-ability|p1b: Weezing|Neutralizing Gas\n|turn|5\n|inactive|Phasmosix has 120 seconds left.\n|\n|t:|1699576367\n|move|p2a: Indeedee|Stored Power|p1b: Weezing\n|-supereffective|p1b: Weezing\n|-crit|p1b: Weezing\n|-damage|p1b: Weezing|0 fnt\n|faint|p1b: Weezing\n|-end|p1b: Weezing|ability: Neutralizing Gas\n|move|p2b: Maushold|Population Bomb|p1a: Slaking\n|-damage|p1a: Slaking|98\/100\n|-damage|p1a: Slaking|95\/100\n|-damage|p1a: Slaking|92\/100\n|-damage|p1a: Slaking|89\/100\n|-damage|p1a: Slaking|86\/100\n|-damage|p1a: Slaking|83\/100\n|-damage|p1a: Slaking|81\/100\n|-damage|p1a: Slaking|78\/100\n|-damage|p1a: Slaking|75\/100\n|-damage|p1a: Slaking|72\/100\n|-hitcount|p1a: Slaking|10\n|move|p1a: Slaking|Drain Punch|p2b: Maushold\n|-supereffective|p2b: Maushold\n|-damage|p2b: Maushold|16\/100\n|-heal|p1a: Slaking|99\/100|[from] drain|[of] p2b: Maushold\n|\n|upkeep\n|inactive|FeioNando has 120 seconds left.\n|\n|t:|1699576389\n|switch|p1b: Ribombee|Ribombee, F|100\/100\n|turn|6\n|inactive|FeioNando has 120 seconds left.\n|\n|t:|1699576405\n|move|p2a: Indeedee|Stored Power|p1a: Slaking\n|-damage|p1a: Slaking|22\/100\n|move|p2b: Maushold|Population Bomb|p1b: Ribombee\n|-damage|p1b: Ribombee|92\/100\n|-damage|p1b: Ribombee|85\/100\n|-damage|p1b: Ribombee|78\/100\n|-damage|p1b: Ribombee|70\/100\n|-damage|p1b: Ribombee|61\/100\n|-damage|p1b: Ribombee|53\/100\n|-hitcount|p1b: Ribombee|6\n|move|p1b: Ribombee|Skill Swap|p2b: Maushold\n|-activate|p1b: Ribombee|move: Skill Swap|Friend Guard|Honey Gather|[of] p2b: Maushold\n|cant|p1a: Slaking|ability: Truant\n|\n|-fieldend|move: Psychic Terrain\n|upkeep\n|turn|7\n|inactive|Phasmosix has 120 seconds left.\n|\n|t:|1699576440\n|move|p2a: Indeedee|Stored Power|p1a: Slaking\n|-damage|p1a: Slaking|0 fnt\n|faint|p1a: Slaking\n|move|p2b: Maushold|Population Bomb|p1b: Ribombee\n|-damage|p1b: Ribombee|45\/100\n|-damage|p1b: Ribombee|37\/100\n|-damage|p1b: Ribombee|29\/100\n|-damage|p1b: Ribombee|20\/100\n|-damage|p1b: Ribombee|13\/100\n|-damage|p1b: Ribombee|5\/100\n|-damage|p1b: Ribombee|0 fnt\n|faint|p1b: Ribombee\n|-hitcount|p1: Ribombee|7\n|\n|upkeep\n|inactive|FeioNando has 120 seconds left.\n|\n|t:|1699576473\n|switch|p1b: Grafaiai|Grafaiai, F|100\/100\n|turn|8\n|inactive|FeioNando has 120 seconds left.\n|inactive|Phasmosix has 120 seconds left.\n|-message|FeioNando forfeited.\n|\n|win|Phasmosix\n|raw|FeioNando's rating: 1092 &rarr; <strong>1062<\/strong><br \/>(-30 for losing)\n|raw|Phasmosix's rating: 1000 &rarr; <strong>1050<\/strong><br \/>(+50 for winning)\n|l|\u2606FeioNando\n|l|\u2606Phasmosix\n|j|\u2606Phasmosix\n|player|p2|Phasmosix|n-masters\n","uploadtime":1699576524,"views":8,"p1id":"feionando","p2id":"phasmosix","formatid":"gen9doublesou","rating":1050,"private":0,"password":""}