{"id":"gen9doublesou-2000406379","p1":"OPieceOfHeroGhost","p2":"IIYUMIKO","format":"[Gen 9] Doubles OU","log":"|j|\u2606OPieceOfHeroGhost\n|j|\u2606IIYUMIKO\n|t:|1701192143\n|gametype|doubles\n|player|p1|OPieceOfHeroGhost|morty|1471\n|player|p2|IIYUMIKO|alder|1437\n|teamsize|p1|6\n|teamsize|p2|6\n|gen|9\n|tier|[Gen 9] Doubles OU\n|rated|\n|rule|Species Clause: Limit one of each Pok\u00e9mon\n|rule|OHKO Clause: OHKO moves are banned\n|rule|Evasion Moves Clause: Evasion moves are banned\n|rule|Gravity Sleep Clause: The combination of sleep-inducing moves with imperfect accuracy and Gravity or Gigantamax Orbeetle are banned\n|rule|Endless Battle Clause: Forcing endless battles is banned\n|rule|HP Percentage Mod: HP is shown in percentages\n|clearpoke\n|poke|p1|Heatran, F|\n|poke|p1|Ting-Lu|\n|poke|p1|Tornadus, M|\n|poke|p1|Rillaboom, M|\n|poke|p1|Ogerpon-Wellspring, F|\n|poke|p1|Flutter Mane|\n|poke|p2|Politoed, M|\n|poke|p2|Manaphy|\n|poke|p2|Ludicolo, F|\n|poke|p2|Scizor, F|\n|poke|p2|Chi-Yu|\n|poke|p2|Regieleki|\n|teampreview\n|\n|t:|1701192155\n|start\n|switch|p1a: \u5486\u54ee\u864e\u597d\u5144\u5f1f|Rillaboom, M|100\/100\n|switch|p1b: \u971c\u4e4b\u9057\u5b40|Ogerpon-Wellspring, F|100\/100\n|switch|p2a: Ludicolo|Ludicolo, F|100\/100\n|switch|p2b: Regieleki|Regieleki|100\/100\n|-fieldstart|move: Grassy Terrain|[from] ability: Grassy Surge|[of] p1a: \u5486\u54ee\u864e\u597d\u5144\u5f1f\n|turn|1\n|\n|t:|1701192172\n|move|p2b: Regieleki|Protect|p2b: Regieleki\n|-singleturn|p2b: Regieleki|Protect\n|move|p2a: Ludicolo|Protect|p2a: Ludicolo\n|-singleturn|p2a: Ludicolo|Protect\n|move|p1a: \u5486\u54ee\u864e\u597d\u5144\u5f1f|Fake Out|p2b: Regieleki\n|-activate|p2b: Regieleki|move: Protect\n|move|p1b: \u971c\u4e4b\u9057\u5b40|Swords Dance|p1b: \u971c\u4e4b\u9057\u5b40\n|-boost|p1b: \u971c\u4e4b\u9057\u5b40|atk|2\n|\n|upkeep\n|turn|2\n|\n|t:|1701192203\n|switch|p2a: Scizor|Scizor, F|100\/100\n|move|p1b: \u971c\u4e4b\u9057\u5b40|Grassy Glide|p2b: Regieleki\n|-damage|p2b: Regieleki|0 fnt\n|faint|p2b: Regieleki\n|move|p1a: \u5486\u54ee\u864e\u597d\u5144\u5f1f|Grassy Glide|p2a: Scizor\n|-resisted|p2a: Scizor\n|-damage|p2a: Scizor|91\/100\n|\n|-heal|p2a: Scizor|98\/100|[from] Grassy Terrain\n|upkeep\n|\n|t:|1701192217\n|switch|p2b: Manaphy|Manaphy|100\/100\n|turn|3\n|\n|t:|1701192225\n|-terastallize|p2b: Manaphy|Poison\n|move|p1b: \u971c\u4e4b\u9057\u5b40|Grassy Glide|p2b: Manaphy\n|-resisted|p2b: Manaphy\n|-damage|p2b: Manaphy|65\/100\n|move|p1a: \u5486\u54ee\u864e\u597d\u5144\u5f1f|Grassy Glide|p2b: Manaphy\n|-resisted|p2b: Manaphy\n|-damage|p2b: Manaphy|49\/100\n|move|p2b: Manaphy|Icy Wind|p1a: \u5486\u54ee\u864e\u597d\u5144\u5f1f|[spread] p1a,p1b\n|-supereffective|p1a: \u5486\u54ee\u864e\u597d\u5144\u5f1f\n|-damage|p1a: \u5486\u54ee\u864e\u597d\u5144\u5f1f|83\/100\n|-damage|p1b: \u971c\u4e4b\u9057\u5b40|90\/100\n|-unboost|p1a: \u5486\u54ee\u864e\u597d\u5144\u5f1f|spe|1\n|-unboost|p1b: \u971c\u4e4b\u9057\u5b40|spe|1\n|move|p2a: Scizor|U-turn|p1b: \u971c\u4e4b\u9057\u5b40\n|-supereffective|p1b: \u971c\u4e4b\u9057\u5b40\n|-damage|p1b: \u971c\u4e4b\u9057\u5b40|0 fnt\n|faint|p1b: \u971c\u4e4b\u9057\u5b40\n|l|\u2606OPieceOfHeroGhost\n|player|p1|\n|\n|t:|1701192248\n|switch|p2a: Ludicolo|Ludicolo, F|100\/100|[from] U-turn\n|\n|-heal|p2b: Manaphy|55\/100|[from] Grassy Terrain\n|-heal|p2b: Manaphy|61\/100|[from] item: Leftovers\n|-heal|p1a: \u5486\u54ee\u864e\u597d\u5144\u5f1f|89\/100|[from] Grassy Terrain\n|upkeep\n|j|\u2606OPieceOfHeroGhost\n|player|p1|OPieceOfHeroGhost|morty\n|inactive|Battle timer is ON: inactive players will automatically lose when time's up. (requested by IIYUMIKO)\n|\n|t:|1701192264\n|switch|p1b: MadeInHeaven!|Tornadus, M|100\/100\n|turn|4\n|\n|t:|1701192278\n|switch|p1a: \u53d1\u59d0\u5956\u52b1\u4f60\u770b\u88d9\u5e95\u54df|Flutter Mane|100\/100\n|move|p2a: Ludicolo|Fake Out|p1b: MadeInHeaven!\n|-damage|p1b: MadeInHeaven!|92\/100\n|-damage|p2a: Ludicolo|91\/100|[from] item: Life Orb\n|move|p1b: MadeInHeaven!|Tailwind|p1b: MadeInHeaven!\n|-sidestart|p1: OPieceOfHeroGhost|move: Tailwind\n|move|p2b: Manaphy|Tail Glow|p2b: Manaphy\n|-boost|p2b: Manaphy|spa|3\n|\n|-heal|p2a: Ludicolo|97\/100|[from] Grassy Terrain\n|-heal|p2b: Manaphy|67\/100|[from] Grassy Terrain\n|-heal|p2b: Manaphy|74\/100|[from] item: Leftovers\n|upkeep\n|turn|5\n|\n|t:|1701192298\n|switch|p2a: Politoed|Politoed, M|100\/100\n|-weather|RainDance|[from] ability: Drizzle|[of] p2a: Politoed\n|-terastallize|p1a: \u53d1\u59d0\u5956\u52b1\u4f60\u770b\u88d9\u5e95\u54df|Fairy\n|move|p1b: MadeInHeaven!|Taunt|p2b: Manaphy\n|-start|p2b: Manaphy|move: Taunt\n|move|p1a: \u53d1\u59d0\u5956\u52b1\u4f60\u770b\u88d9\u5e95\u54df|Moonblast|p2b: Manaphy\n|-resisted|p2b: Manaphy\n|-damage|p2b: Manaphy|33\/100\n|move|p2b: Manaphy|Icy Wind|p1b: MadeInHeaven!|[spread] p1a,p1b\n|-supereffective|p1b: MadeInHeaven!\n|-damage|p1a: \u53d1\u59d0\u5956\u52b1\u4f60\u770b\u88d9\u5e95\u54df|75\/100\n|-damage|p1b: MadeInHeaven!|30\/100\n|-unboost|p1a: \u53d1\u59d0\u5956\u52b1\u4f60\u770b\u88d9\u5e95\u54df|spe|1\n|\n|-weather|RainDance|[upkeep]\n|-heal|p1a: \u53d1\u59d0\u5956\u52b1\u4f60\u770b\u88d9\u5e95\u54df|81\/100|[from] Grassy Terrain\n|-heal|p2b: Manaphy|39\/100|[from] Grassy Terrain\n|-heal|p2b: Manaphy|45\/100|[from] item: Leftovers\n|-fieldend|move: Grassy Terrain\n|upkeep\n|turn|6\n|\n|t:|1701192325\n|move|p2a: Politoed|Protect|p2a: Politoed\n|-singleturn|p2a: Politoed|Protect\n|move|p1b: MadeInHeaven!|Bleakwind Storm|p2a: Politoed|[spread] p2b\n|-activate|p2a: Politoed|move: Protect\n|-damage|p2b: Manaphy|19\/100\n|move|p1a: \u53d1\u59d0\u5956\u52b1\u4f60\u770b\u88d9\u5e95\u54df|Moonblast|p2b: Manaphy\n|-resisted|p2b: Manaphy\n|-damage|p2b: Manaphy|0 fnt\n|faint|p2b: Manaphy\n|\n|-weather|RainDance|[upkeep]\n|upkeep\n|inactive|IIYUMIKO has 120 seconds left.\n|\n|t:|1701192339\n|switch|p2b: Scizor|Scizor, F|98\/100\n|turn|7\n|\n|t:|1701192354\n|-end|p1a: \u53d1\u59d0\u5956\u52b1\u4f60\u770b\u88d9\u5e95\u54df|Protosynthesis|[silent]\n|switch|p1a: \u5486\u54ee\u864e\u597d\u5144\u5f1f|Rillaboom, M|89\/100\n|-fieldstart|move: Grassy Terrain|[from] ability: Grassy Surge|[of] p1a: \u5486\u54ee\u864e\u597d\u5144\u5f1f\n|move|p1b: MadeInHeaven!|Taunt|p2b: Scizor\n|-start|p2b: Scizor|move: Taunt\n|move|p2b: Scizor|Bullet Punch|p1b: MadeInHeaven!\n|-damage|p1b: MadeInHeaven!|0 fnt\n|faint|p1b: MadeInHeaven!\n|move|p2a: Politoed|Chilling Water|p1a: \u5486\u54ee\u864e\u597d\u5144\u5f1f\n|-resisted|p1a: \u5486\u54ee\u864e\u597d\u5144\u5f1f\n|-damage|p1a: \u5486\u54ee\u864e\u597d\u5144\u5f1f|81\/100\n|-unboost|p1a: \u5486\u54ee\u864e\u597d\u5144\u5f1f|atk|1\n|\n|-weather|RainDance|[upkeep]\n|-heal|p1a: \u5486\u54ee\u864e\u597d\u5144\u5f1f|87\/100|[from] Grassy Terrain\n|-heal|p2b: Scizor|100\/100|[from] Grassy Terrain\n|-sideend|p1: OPieceOfHeroGhost|move: Tailwind\n|upkeep\n|\n|t:|1701192362\n|switch|p1b: \u706b\u8d5e\u4f01|Heatran, F|100\/100\n|turn|8\n|\n|t:|1701192379\n|switch|p2a: Chi-Yu|Chi-Yu|100\/100\n|-ability|p2a: Chi-Yu|Beads of Ruin\n|switch|p2b: Ludicolo|Ludicolo, F|97\/100\n|move|p1b: \u706b\u8d5e\u4f01|Protect|p1b: \u706b\u8d5e\u4f01\n|-singleturn|p1b: \u706b\u8d5e\u4f01|Protect\n|move|p1a: \u5486\u54ee\u864e\u597d\u5144\u5f1f|Grassy Glide|p2a: Chi-Yu\n|-resisted|p2a: Chi-Yu\n|-damage|p2a: Chi-Yu|81\/100\n|\n|-weather|RainDance|[upkeep]\n|-heal|p2b: Ludicolo|100\/100|[from] Grassy Terrain\n|-heal|p2a: Chi-Yu|87\/100|[from] Grassy Terrain\n|-heal|p1a: \u5486\u54ee\u864e\u597d\u5144\u5f1f|94\/100|[from] Grassy Terrain\n|upkeep\n|turn|9\n|inactive|IIYUMIKO has 120 seconds left.\n|\n|t:|1701192410\n|switch|p1b: \u9ed1\u68ee\u6797\u86cb\u7cd5|Ting-Lu|100\/100\n|-ability|p1b: \u9ed1\u68ee\u6797\u86cb\u7cd5|Vessel of Ruin\n|move|p2b: Ludicolo|Protect|p2b: Ludicolo\n|-singleturn|p2b: Ludicolo|Protect\n|move|p2a: Chi-Yu|Protect|p2a: Chi-Yu\n|-singleturn|p2a: Chi-Yu|Protect\n|move|p1a: \u5486\u54ee\u864e\u597d\u5144\u5f1f|High Horsepower|p2a: Chi-Yu\n|-activate|p2a: Chi-Yu|move: Protect\n|\n|-weather|none\n|-heal|p2a: Chi-Yu|93\/100|[from] Grassy Terrain\n|-heal|p1a: \u5486\u54ee\u864e\u597d\u5144\u5f1f|99\/100|[from] Grassy Terrain\n|upkeep\n|turn|10\n|\n|t:|1701192430\n|switch|p2a: Politoed|Politoed, M|100\/100\n|-weather|RainDance|[from] ability: Drizzle|[of] p2a: Politoed\n|move|p2b: Ludicolo|Surf|p1b: \u9ed1\u68ee\u6797\u86cb\u7cd5|[spread] p2a,p1a,p1b\n|-resisted|p2a: Politoed\n|-resisted|p1a: \u5486\u54ee\u864e\u597d\u5144\u5f1f\n|-supereffective|p1b: \u9ed1\u68ee\u6797\u86cb\u7cd5\n|-damage|p2a: Politoed|86\/100\n|-damage|p1a: \u5486\u54ee\u864e\u597d\u5144\u5f1f|85\/100\n|-damage|p1b: \u9ed1\u68ee\u6797\u86cb\u7cd5|43\/100\n|-damage|p2b: Ludicolo|91\/100|[from] item: Life Orb\n|move|p1a: \u5486\u54ee\u864e\u597d\u5144\u5f1f|High Horsepower|p2a: Politoed|[miss]\n|-miss|p1a: \u5486\u54ee\u864e\u597d\u5144\u5f1f|p2a: Politoed\n|move|p1b: \u9ed1\u68ee\u6797\u86cb\u7cd5|Payback|p2b: Ludicolo\n|-damage|p2b: Ludicolo|0 fnt\n|faint|p2b: Ludicolo\n|\n|-weather|RainDance|[upkeep]\n|-heal|p1a: \u5486\u54ee\u864e\u597d\u5144\u5f1f|92\/100|[from] Grassy Terrain\n|-heal|p2a: Politoed|92\/100|[from] Grassy Terrain\n|-heal|p1b: \u9ed1\u68ee\u6797\u86cb\u7cd5|49\/100|[from] Grassy Terrain\n|upkeep\n|inactive|IIYUMIKO has 120 seconds left.\n|\n|t:|1701192455\n|switch|p2b: Scizor|Scizor, F|100\/100\n|turn|11\n|\n|t:|1701192465\n|switch|p1a: \u53d1\u59d0\u5956\u52b1\u4f60\u770b\u88d9\u5e95\u54df|Flutter Mane, tera:Fairy|81\/100\n|move|p2a: Politoed|Protect|p2a: Politoed\n|-singleturn|p2a: Politoed|Protect\n|move|p2b: Scizor|U-turn|p1a: \u53d1\u59d0\u5956\u52b1\u4f60\u770b\u88d9\u5e95\u54df\n|-resisted|p1a: \u53d1\u59d0\u5956\u52b1\u4f60\u770b\u88d9\u5e95\u54df\n|-crit|p1a: \u53d1\u59d0\u5956\u52b1\u4f60\u770b\u88d9\u5e95\u54df\n|-damage|p1a: \u53d1\u59d0\u5956\u52b1\u4f60\u770b\u88d9\u5e95\u54df|6\/100\n|\n|t:|1701192480\n|switch|p2b: Chi-Yu|Chi-Yu|93\/100|[from] U-turn\n|-ability|p2b: Chi-Yu|Beads of Ruin\n|move|p1b: \u9ed1\u68ee\u6797\u86cb\u7cd5|Payback|p2b: Chi-Yu\n|-resisted|p2b: Chi-Yu\n|-damage|p2b: Chi-Yu|59\/100\n|\n|-weather|RainDance|[upkeep]\n|-heal|p1a: \u53d1\u59d0\u5956\u52b1\u4f60\u770b\u88d9\u5e95\u54df|12\/100|[from] Grassy Terrain\n|-heal|p2b: Chi-Yu|65\/100|[from] Grassy Terrain\n|-heal|p2a: Politoed|98\/100|[from] Grassy Terrain\n|-heal|p1b: \u9ed1\u68ee\u6797\u86cb\u7cd5|55\/100|[from] Grassy Terrain\n|-fieldend|move: Grassy Terrain\n|upkeep\n|turn|12\n|\n|t:|1701192498\n|move|p2b: Chi-Yu|Protect|p2b: Chi-Yu\n|-singleturn|p2b: Chi-Yu|Protect\n|move|p1a: \u53d1\u59d0\u5956\u52b1\u4f60\u770b\u88d9\u5e95\u54df|Moonblast|p2b: Chi-Yu\n|-activate|p2b: Chi-Yu|move: Protect\n|move|p2a: Politoed|Chilling Water|p1b: \u9ed1\u68ee\u6797\u86cb\u7cd5\n|-supereffective|p1b: \u9ed1\u68ee\u6797\u86cb\u7cd5\n|-damage|p1b: \u9ed1\u68ee\u6797\u86cb\u7cd5|24\/100\n|-unboost|p1b: \u9ed1\u68ee\u6797\u86cb\u7cd5|atk|1\n|move|p1b: \u9ed1\u68ee\u6797\u86cb\u7cd5|Payback|p2a: Politoed\n|-damage|p2a: Politoed|53\/100\n|\n|-weather|RainDance|[upkeep]\n|upkeep\n|turn|13\n|\n|t:|1701192525\n|switch|p2a: Scizor|Scizor, F|100\/100\n|switch|p1b: \u5486\u54ee\u864e\u597d\u5144\u5f1f|Rillaboom, M|92\/100\n|-fieldstart|move: Grassy Terrain|[from] ability: Grassy Surge|[of] p1b: \u5486\u54ee\u864e\u597d\u5144\u5f1f\n|move|p1a: \u53d1\u59d0\u5956\u52b1\u4f60\u770b\u88d9\u5e95\u54df|Moonblast|p2b: Chi-Yu\n|-damage|p2b: Chi-Yu|0 fnt\n|faint|p2b: Chi-Yu\n|\n|-weather|RainDance|[upkeep]\n|-heal|p1a: \u53d1\u59d0\u5956\u52b1\u4f60\u770b\u88d9\u5e95\u54df|18\/100|[from] Grassy Terrain\n|-heal|p1b: \u5486\u54ee\u864e\u597d\u5144\u5f1f|98\/100|[from] Grassy Terrain\n|upkeep\n|inactive|IIYUMIKO has 120 seconds left.\n|\n|t:|1701192545\n|switch|p2b: Politoed|Politoed, M|53\/100\n|turn|14\n|inactive|IIYUMIKO has 120 seconds left.\n|inactive|IIYUMIKO has 90 seconds left.\n|\n|t:|1701192590\n|move|p1b: \u5486\u54ee\u864e\u597d\u5144\u5f1f|Fake Out|p2a: Scizor\n|-resisted|p2a: Scizor\n|-damage|p2a: Scizor|94\/100\n|move|p1a: \u53d1\u59d0\u5956\u52b1\u4f60\u770b\u88d9\u5e95\u54df|Moonblast|p2b: Politoed\n|-damage|p2b: Politoed|0 fnt\n|faint|p2b: Politoed\n|cant|p2a: Scizor|flinch\n|\n|-weather|none\n|-heal|p1a: \u53d1\u59d0\u5956\u52b1\u4f60\u770b\u88d9\u5e95\u54df|24\/100|[from] Grassy Terrain\n|-heal|p1b: \u5486\u54ee\u864e\u597d\u5144\u5f1f|100\/100|[from] Grassy Terrain\n|-heal|p2a: Scizor|99\/100|[from] Grassy Terrain\n|upkeep\n|turn|15\n|l|\u2606IIYUMIKO\n|inactive|IIYUMIKO disconnected and has a minute to reconnect!\n|player|p2|\n|inactive|IIYUMIKO has 30 seconds to reconnect!\n|inactive|IIYUMIKO has 20 seconds to reconnect!\n|inactive|IIYUMIKO has 15 seconds to reconnect!\n|inactive|IIYUMIKO has 10 seconds to reconnect!\n|inactive|IIYUMIKO has 5 seconds to reconnect!\n|-message|IIYUMIKO lost due to inactivity.\n|\n|win|OPieceOfHeroGhost\n|raw|OPieceOfHeroGhost's rating: 1471 &rarr; <strong>1489<\/strong><br \/>(+18 for winning)\n|raw|IIYUMIKO's rating: 1437 &rarr; <strong>1419<\/strong><br \/>(-18 for losing)\n","uploadtime":1701192685,"views":5,"p1id":"opieceofheroghost","p2id":"iiyumiko","formatid":"gen9doublesou","rating":1419,"private":0,"password":""}