{"id":"gen9doublesou-1998032937","p1":"Tay2252","p2":"Harchitkamal","format":"[Gen 9] Doubles OU","log":"|j|\u2606Tay2252\n|j|\u2606Harchitkamal\n|t:|1700881489\n|gametype|doubles\n|player|p1|Tay2252|marlon|1116\n|player|p2|Harchitkamal|266|1105\n|teamsize|p1|6\n|teamsize|p2|6\n|gen|9\n|tier|[Gen 9] Doubles OU\n|rated|\n|rule|Species Clause: Limit one of each Pok\u00e9mon\n|rule|OHKO Clause: OHKO moves are banned\n|rule|Evasion Moves Clause: Evasion moves are banned\n|rule|Gravity Sleep Clause: The combination of sleep-inducing moves with imperfect accuracy and Gravity or Gigantamax Orbeetle are banned\n|rule|Endless Battle Clause: Forcing endless battles is banned\n|rule|HP Percentage Mod: HP is shown in percentages\n|clearpoke\n|poke|p1|Jirachi|\n|poke|p1|Enamorus, F|\n|poke|p1|Ursaluna, F|\n|poke|p1|Azumarill, F|\n|poke|p1|Avalugg-Hisui, F|\n|poke|p1|Espeon, M|\n|poke|p2|Garganacl, F|\n|poke|p2|Goodra-Hisui, M|\n|poke|p2|Slowbro, M|\n|poke|p2|Grimmsnarl, M|\n|poke|p2|Hippowdon, M|\n|poke|p2|Garchomp, F|\n|teampreview\n|inactive|Battle timer is ON: inactive players will automatically lose when time's up. (requested by Tay2252)\n|c|\u2606Tay2252|Gl\n|\n|t:|1700881509\n|start\n|switch|p1a: Jirachi|Jirachi|100\/100\n|switch|p1b: Avalugg|Avalugg-Hisui, F|100\/100\n|switch|p2a: Hippowdon|Hippowdon, M|100\/100\n|switch|p2b: Garchomp|Garchomp, F|100\/100\n|-weather|Sandstorm|[from] ability: Sand Stream|[of] p2a: Hippowdon\n|turn|1\n|\n|t:|1700881524\n|move|p2b: Garchomp|Spikes|p1a: Jirachi\n|-sidestart|p1: Tay2252|Spikes\n|move|p1a: Jirachi|Cosmic Power|p1a: Jirachi\n|-boost|p1a: Jirachi|def|1\n|-boost|p1a: Jirachi|spd|1\n|move|p2a: Hippowdon|Stealth Rock|p1b: Avalugg\n|-sidestart|p1: Tay2252|move: Stealth Rock\n|move|p1b: Avalugg|Snowscape|p1b: Avalugg\n|-weather|Snow\n|\n|-weather|Snow|[upkeep]\n|upkeep\n|turn|2\n|\n|t:|1700881552\n|move|p1a: Jirachi|Cosmic Power|p1a: Jirachi\n|-boost|p1a: Jirachi|def|1\n|-boost|p1a: Jirachi|spd|1\n|move|p1b: Avalugg|Aurora Veil|p1b: Avalugg\n|-sidestart|p1: Tay2252|move: Aurora Veil\n|move|p2b: Garchomp|Dragon Tail|p1b: Avalugg\n|-damage|p1b: Avalugg|93\/100\n|drag|p1b: Espeon|Espeon, M|100\/100\n|-damage|p1b: Espeon|88\/100|[from] Spikes\n|-damage|p1b: Espeon|76\/100|[from] Stealth Rock\n|move|p2a: Hippowdon|Whirlwind|p1a: Jirachi\n|drag|p1a: Ursaluna|Ursaluna, F|100\/100\n|-damage|p1a: Ursaluna|88\/100|[from] Spikes\n|-damage|p1a: Ursaluna|82\/100|[from] Stealth Rock\n|\n|-weather|Snow|[upkeep]\n|upkeep\n|turn|3\n|inactive|Harchitkamal has 120 seconds left.\n|\n|t:|1700881582\n|move|p1b: Espeon|Dazzling Gleam|p2b: Garchomp|[spread] p2a,p2b\n|-supereffective|p2b: Garchomp\n|-damage|p2a: Hippowdon|77\/100\n|-damage|p2b: Garchomp|56\/100\n|move|p1a: Ursaluna|Ice Punch|p2b: Garchomp|[miss]\n|-miss|p1a: Ursaluna|p2b: Garchomp\n|move|p2b: Garchomp|Dragon Tail|p1b: Espeon\n|-damage|p1b: Espeon|37\/100\n|drag|p1b: Avalugg|Avalugg-Hisui, F|93\/100\n|-damage|p1b: Avalugg|81\/100|[from] Spikes\n|-damage|p1b: Avalugg|56\/100|[from] Stealth Rock\n|move|p2a: Hippowdon|Whirlwind|p1a: Ursaluna\n|drag|p1a: Jirachi|Jirachi|100\/100\n|-damage|p1a: Jirachi|88\/100|[from] Spikes\n|-damage|p1a: Jirachi|82\/100|[from] Stealth Rock\n|\n|-weather|Snow|[upkeep]\n|upkeep\n|turn|4\n|\n|t:|1700881606\n|move|p1a: Jirachi|Life Dew|p1a: Jirachi|[spread] p1a,p1b\n|-heal|p1a: Jirachi|100\/100\n|-heal|p1b: Avalugg|81\/100\n|move|p1b: Avalugg|Rapid Spin|p2a: Hippowdon\n|-damage|p2a: Hippowdon|70\/100\n|-boost|p1b: Avalugg|spe|1\n|-sideend|p1: Tay2252|Spikes|[from] move: Rapid Spin|[of] p1b: Avalugg\n|-sideend|p1: Tay2252|Stealth Rock|[from] move: Rapid Spin|[of] p1b: Avalugg\n|move|p2b: Garchomp|Dragon Tail|p1a: Jirachi\n|-resisted|p1a: Jirachi\n|-damage|p1a: Jirachi|92\/100\n|drag|p1a: Ursaluna|Ursaluna, F|82\/100\n|move|p2a: Hippowdon|Whirlwind|p1b: Avalugg\n|drag|p1b: Azumarill|Azumarill, F|100\/100\n|\n|-weather|Snow|[upkeep]\n|upkeep\n|turn|5\n|\n|t:|1700881629\n|move|p1b: Azumarill|Ice Spinner|p2b: Garchomp\n|-supereffective|p2b: Garchomp\n|-crit|p2b: Garchomp\n|-damage|p2b: Garchomp|0 fnt\n|faint|p2b: Garchomp\n|move|p1a: Ursaluna|Ice Punch|p2a: Hippowdon\n|-supereffective|p2a: Hippowdon\n|-crit|p2a: Hippowdon\n|-damage|p2a: Hippowdon|24\/100\n|move|p2a: Hippowdon|Whirlwind|p1b: Azumarill\n|drag|p1b: Avalugg|Avalugg-Hisui, F|81\/100\n|\n|-weather|none\n|upkeep\n|inactive|Harchitkamal has 120 seconds left.\n|\n|t:|1700881654\n|switch|p2b: Slowbro|Slowbro, M|100\/100\n|turn|6\n|\n|t:|1700881671\n|switch|p1a: Espeon|Espeon, M|37\/100\n|move|p1b: Avalugg|Snowscape|p1b: Avalugg\n|-weather|Snow\n|move|p2a: Hippowdon|Whirlwind|p1b: Avalugg\n|drag|p1b: Ursaluna|Ursaluna, F|82\/100\n|move|p2b: Slowbro|Trick Room|p2b: Slowbro\n|-fieldstart|move: Trick Room|[of] p2b: Slowbro\n|\n|-weather|Snow|[upkeep]\n|upkeep\n|turn|7\n|\n|t:|1700881688\n|switch|p1b: Azumarill|Azumarill, F|100\/100\n|move|p2b: Slowbro|Scald|p1b: Azumarill\n|-resisted|p1b: Azumarill\n|-damage|p1b: Azumarill|88\/100\n|move|p1a: Espeon|Thunder Wave|p2b: Slowbro\n|-status|p2b: Slowbro|par\n|move|p2a: Hippowdon|Whirlwind|p1a: Espeon\n|move|p1a: Espeon|Whirlwind|p2a: Hippowdon|[from]ability: Magic Bounce\n|drag|p2a: Goodra|Goodra-Hisui, M|100\/100\n|\n|-weather|Snow|[upkeep]\n|upkeep\n|turn|8\n|\n|t:|1700881708\n|switch|p1b: Jirachi|Jirachi|92\/100\n|move|p2b: Slowbro|Scald|p1a: Espeon\n|-damage|p1a: Espeon|12\/100\n|move|p2a: Goodra|Sludge Bomb|p1b: Jirachi\n|-immune|p1b: Jirachi\n|move|p1a: Espeon|Thunder Wave|p2a: Goodra\n|-status|p2a: Goodra|par\n|\n|-weather|Snow|[upkeep]\n|upkeep\n|turn|9\n|inactive|Tay2252 has 120 seconds left.\n|\n|t:|1700881739\n|move|p2b: Slowbro|Scald|p1a: Espeon\n|-damage|p1a: Espeon|0 fnt\n|faint|p1a: Espeon\n|move|p2a: Goodra|Fire Blast|p1b: Jirachi|[miss]\n|-miss|p2a: Goodra|p1b: Jirachi\n|move|p1b: Jirachi|Cosmic Power|p1b: Jirachi\n|-boost|p1b: Jirachi|def|1\n|-boost|p1b: Jirachi|spd|1\n|\n|-weather|Snow|[upkeep]\n|-sideend|p1: Tay2252|move: Aurora Veil\n|upkeep\n|inactive|Tay2252 has 120 seconds left.\n|\n|t:|1700881749\n|switch|p1a: Avalugg|Avalugg-Hisui, F|81\/100\n|turn|10\n|\n|t:|1700881772\n|move|p2b: Slowbro|Scald|p1b: Jirachi\n|-damage|p1b: Jirachi|78\/100\n|move|p1a: Avalugg|Aurora Veil|p1a: Avalugg\n|-sidestart|p1: Tay2252|move: Aurora Veil\n|move|p2a: Goodra|Iron Head|p1a: Avalugg\n|-supereffective|p1a: Avalugg\n|-crit|p1a: Avalugg\n|-damage|p1a: Avalugg|23\/100\n|move|p1b: Jirachi|Cosmic Power|p1b: Jirachi\n|-boost|p1b: Jirachi|def|1\n|-boost|p1b: Jirachi|spd|1\n|\n|-weather|none\n|-fieldend|move: Trick Room\n|upkeep\n|turn|11\n|\n|t:|1700881790\n|move|p1b: Jirachi|Life Dew|p1b: Jirachi|[spread] p1a,p1b\n|-heal|p1a: Avalugg|48\/100\n|-heal|p1b: Jirachi|100\/100\n|move|p1a: Avalugg|Snowscape|p1a: Avalugg\n|-weather|Snow\n|move|p2b: Slowbro|Calm Mind|p2b: Slowbro\n|-boost|p2b: Slowbro|spa|1\n|-boost|p2b: Slowbro|spd|1\n|cant|p2a: Goodra|par\n|\n|-weather|Snow|[upkeep]\n|upkeep\n|turn|12\n|\n|t:|1700881807\n|move|p1b: Jirachi|Doom Desire|p2b: Slowbro\n|-start|p1b: Jirachi|Doom Desire\n|move|p1a: Avalugg|Rapid Spin|p2b: Slowbro\n|-damage|p2b: Slowbro|93\/100 par\n|-boost|p1a: Avalugg|spe|1\n|move|p2b: Slowbro|Scald|p1a: Avalugg\n|-supereffective|p1a: Avalugg\n|-damage|p1a: Avalugg|0 fnt\n|faint|p1a: Avalugg\n|move|p2a: Goodra|Dragon Tail|p1b: Jirachi\n|-resisted|p1b: Jirachi\n|-damage|p1b: Jirachi|98\/100\n|drag|p1b: Enamorus|Enamorus, F|100\/100\n|\n|-weather|Snow|[upkeep]\n|upkeep\n|\n|t:|1700881817\n|switch|p1a: Jirachi|Jirachi|98\/100\n|turn|13\n|\n|t:|1700881838\n|move|p1b: Enamorus|Taunt|p2b: Slowbro\n|-immune|p2b: Slowbro|[from] ability: Oblivious\n|move|p1a: Jirachi|Skill Swap|p1b: Enamorus\n|-activate|p1a: Jirachi|move: Skill Swap|||[of] p1b: Enamorus\n|move|p2a: Goodra|Sludge Bomb|p1b: Enamorus\n|-supereffective|p1b: Enamorus\n|-damage|p1b: Enamorus|52\/100\n|cant|p2b: Slowbro|par\n|\n|-weather|Snow|[upkeep]\n|upkeep\n|turn|14\n|\n|t:|1700881859\n|switch|p1b: Ursaluna|Ursaluna, F|82\/100\n|move|p1a: Jirachi|Skill Swap|p1b: Ursaluna\n|-activate|p1a: Jirachi|move: Skill Swap|||[of] p1b: Ursaluna\n|move|p2a: Goodra|Sludge Bomb|p1b: Ursaluna\n|-resisted|p1b: Ursaluna\n|-damage|p1b: Ursaluna|78\/100\n|move|p2b: Slowbro|Scald|p1a: Jirachi\n|-damage|p1a: Jirachi|79\/100\n|\n|-weather|Snow|[upkeep]\n|-end|p2b: Slowbro|move: Doom Desire\n|-resisted|p2b: Slowbro\n|-damage|p2b: Slowbro|75\/100 par\n|upkeep\n|turn|15\n|\n|t:|1700881889\n|move|p1a: Jirachi|Life Dew|p1a: Jirachi|[spread] p1a,p1b\n|-heal|p1a: Jirachi|100\/100\n|-heal|p1b: Ursaluna|100\/100\n|move|p1b: Ursaluna|Headlong Rush|p2a: Goodra\n|-supereffective|p2a: Goodra\n|-damage|p2a: Goodra|0 fnt\n|-boost|p1b: Ursaluna|def|1\n|-boost|p1b: Ursaluna|spd|1\n|faint|p2a: Goodra\n|move|p2b: Slowbro|Scald|p1b: Ursaluna\n|-supereffective|p1b: Ursaluna\n|-damage|p1b: Ursaluna|79\/100\n|\n|-weather|none\n|upkeep\n|inactive|Harchitkamal has 120 seconds left.\n|\n|t:|1700881907\n|switch|p2a: Grimmsnarl|Grimmsnarl, M|100\/100\n|turn|16\n|\n|t:|1700881931\n|move|p1a: Jirachi|Doom Desire|p2a: Grimmsnarl\n|-start|p1a: Jirachi|Doom Desire\n|move|p2a: Grimmsnarl|Spirit Break|p1b: Ursaluna\n|-damage|p1b: Ursaluna|69\/100\n|-boost|p1b: Ursaluna|spa|1\n|move|p1b: Ursaluna|Headlong Rush|p2a: Grimmsnarl\n|-damage|p2a: Grimmsnarl|7\/100\n|-boost|p1b: Ursaluna|def|1\n|-boost|p1b: Ursaluna|spd|1\n|move|p2b: Slowbro|Scald|p1b: Ursaluna\n|-supereffective|p1b: Ursaluna\n|-damage|p1b: Ursaluna|53\/100\n|\n|upkeep\n|turn|17\n|\n|t:|1700881957\n|move|p1a: Jirachi|Life Dew||[still]|[spread] p1a,p1b\n|-fail|p1a: Jirachi|heal\n|-heal|p1b: Ursaluna|78\/100\n|move|p2a: Grimmsnarl|Spirit Break|p1b: Ursaluna\n|-damage|p1b: Ursaluna|70\/100\n|-boost|p1b: Ursaluna|spa|1\n|move|p1b: Ursaluna|Hammer Arm|p2a: Grimmsnarl\n|-damage|p2a: Grimmsnarl|0 fnt\n|-boost|p1b: Ursaluna|spe|1\n|faint|p2a: Grimmsnarl\n|move|p2b: Slowbro|Scald|p1b: Ursaluna\n|-supereffective|p1b: Ursaluna\n|-damage|p1b: Ursaluna|55\/100\n|\n|-sideend|p1: Tay2252|move: Aurora Veil\n|upkeep\n|inactive|Harchitkamal has 120 seconds left.\n|\n|t:|1700881975\n|switch|p2a: Hippowdon|Hippowdon, M|24\/100\n|-weather|Sandstorm|[from] ability: Sand Stream|[of] p2a: Hippowdon\n|turn|18\n|inactive|Tay2252 has 120 seconds left.\n|\n|t:|1700882021\n|move|p1a: Jirachi|Life Dew||[still]|[spread] p1a,p1b\n|-fail|p1a: Jirachi|heal\n|-heal|p1b: Ursaluna|80\/100\n|move|p1b: Ursaluna|Close Combat|p2a: Hippowdon\n|-damage|p2a: Hippowdon|0 fnt\n|-boost|p1b: Ursaluna|def|1\n|-boost|p1b: Ursaluna|spd|1\n|faint|p2a: Hippowdon\n|move|p2b: Slowbro|Trick Room|p2b: Slowbro\n|-fieldstart|move: Trick Room|[of] p2b: Slowbro\n|\n|-weather|Sandstorm|[upkeep]\n|-damage|p2b: Slowbro|69\/100 par|[from] Sandstorm\n|-hint|Doom Desire did not hit because the target is fainted.\n|upkeep\n|\n|t:|1700882034\n|switch|p2a: Garganacl|Garganacl, F|100\/100\n|turn|19\n|inactive|Tay2252 has 120 seconds left.\n|\n|t:|1700882062\n|move|p2b: Slowbro|Scald|p1b: Ursaluna\n|-supereffective|p1b: Ursaluna\n|-damage|p1b: Ursaluna|60\/100\n|-status|p1b: Ursaluna|brn\n|move|p2a: Garganacl|Salt Cure|p1a: Jirachi\n|-resisted|p1a: Jirachi\n|-damage|p1a: Jirachi|95\/100\n|-start|p1a: Jirachi|Salt Cure\n|move|p1b: Ursaluna|Hammer Arm|p2a: Garganacl\n|-supereffective|p2a: Garganacl\n|-damage|p2a: Garganacl|72\/100\n|-boost|p1b: Ursaluna|spe|1\n|move|p1a: Jirachi|Skill Swap|p2a: Garganacl\n|-activate|p1a: Jirachi|move: Skill Swap|Purifying Salt|Guts|[of] p2a: Garganacl\n|\n|-weather|Sandstorm|[upkeep]\n|-damage|p2b: Slowbro|63\/100 par|[from] Sandstorm\n|-heal|p2a: Garganacl|78\/100|[from] item: Leftovers\n|-damage|p1b: Ursaluna|54\/100 brn|[from] brn\n|-damage|p1a: Jirachi|70\/100|[from] Salt Cure\n|upkeep\n|turn|20\n|inactive|Tay2252 has 120 seconds left.\n|\n|t:|1700882089\n|cant|p2b: Slowbro|par\n|move|p2a: Garganacl|Salt Cure|p1b: Ursaluna\n|-resisted|p1b: Ursaluna\n|-damage|p1b: Ursaluna|52\/100 brn\n|-start|p1b: Ursaluna|Salt Cure\n|move|p1a: Jirachi|Doom Desire|p2a: Garganacl\n|-start|p1a: Jirachi|Doom Desire\n|move|p1b: Ursaluna|Close Combat|p2b: Slowbro\n|-resisted|p2b: Slowbro\n|-damage|p2b: Slowbro|56\/100 par\n|-boost|p1b: Ursaluna|def|1\n|-boost|p1b: Ursaluna|spd|1\n|\n|-weather|Sandstorm|[upkeep]\n|-damage|p2b: Slowbro|50\/100 par|[from] Sandstorm\n|-heal|p2a: Garganacl|84\/100|[from] item: Leftovers\n|-damage|p1b: Ursaluna|46\/100 brn|[from] brn\n|-damage|p1a: Jirachi|45\/100|[from] Salt Cure\n|-damage|p1b: Ursaluna|34\/100 brn|[from] Salt Cure\n|upkeep\n|turn|21\n|inactive|Tay2252 has 120 seconds left.\n|\n|t:|1700882118\n|-terastallize|p1b: Ursaluna|Ghost\n|move|p2b: Slowbro|Scald|p1a: Jirachi\n|-damage|p1a: Jirachi|13\/100\n|move|p2a: Garganacl|Salt Cure|p1b: Ursaluna\n|-damage|p1b: Ursaluna|30\/100 brn\n|move|p1a: Jirachi|Life Dew|p1a: Jirachi|[spread] p1a,p1b\n|-heal|p1a: Jirachi|38\/100\n|-heal|p1b: Ursaluna|55\/100 brn\n|move|p1b: Ursaluna|Headlong Rush|p2a: Garganacl\n|-supereffective|p2a: Garganacl\n|-damage|p2a: Garganacl|32\/100\n|-boost|p1b: Ursaluna|def|1\n|-boost|p1b: Ursaluna|spd|1\n|\n|-weather|Sandstorm|[upkeep]\n|-damage|p2b: Slowbro|44\/100 par|[from] Sandstorm\n|-damage|p1b: Ursaluna|49\/100 brn|[from] Sandstorm\n|-heal|p2a: Garganacl|38\/100|[from] item: Leftovers\n|-damage|p1b: Ursaluna|43\/100 brn|[from] brn\n|-damage|p1a: Jirachi|13\/100|[from] Salt Cure\n|-damage|p1b: Ursaluna|30\/100 brn|[from] Salt Cure\n|upkeep\n|turn|22\n|inactive|Harchitkamal has 120 seconds left.\n|\n|t:|1700882157\n|move|p2a: Garganacl|Protect|p2a: Garganacl\n|-singleturn|p2a: Garganacl|Protect\n|cant|p2b: Slowbro|par\n|move|p1a: Jirachi|Life Dew|p1a: Jirachi|[spread] p1a,p1b\n|-heal|p1a: Jirachi|38\/100\n|-heal|p1b: Ursaluna|55\/100 brn\n|move|p1b: Ursaluna|Headlong Rush|p2a: Garganacl\n|-activate|p2a: Garganacl|move: Protect\n|\n|-weather|none\n|-end|p2a: Garganacl|move: Doom Desire\n|-supereffective|p2a: Garganacl\n|-damage|p2a: Garganacl|0 fnt\n|faint|p2a: Garganacl\n|-damage|p1b: Ursaluna|49\/100 brn|[from] brn\n|-damage|p1a: Jirachi|13\/100|[from] Salt Cure\n|-damage|p1b: Ursaluna|37\/100 brn|[from] Salt Cure\n|-fieldend|move: Trick Room\n|upkeep\n|turn|23\n|inactive|Harchitkamal has 120 seconds left.\n|\n|t:|1700882180\n|move|p1b: Ursaluna|Headlong Rush|p2b: Slowbro\n|-damage|p2b: Slowbro|23\/100 par\n|-boost|p1b: Ursaluna|def|1\n|-boost|p1b: Ursaluna|spd|1\n|move|p1a: Jirachi|Doom Desire|p2b: Slowbro\n|-start|p1a: Jirachi|Doom Desire\n|cant|p2b: Slowbro|par\n|\n|-damage|p1b: Ursaluna|31\/100 brn|[from] brn\n|-damage|p1b: Ursaluna|18\/100 brn|[from] Salt Cure\n|-damage|p1a: Jirachi|0 fnt|[from] Salt Cure\n|faint|p1a: Jirachi\n|upkeep\n|\n|t:|1700882185\n|switch|p1a: Azumarill|Azumarill, F|88\/100\n|turn|24\n|\n|t:|1700882198\n|move|p1b: Ursaluna|Headlong Rush|p2b: Slowbro\n|-damage|p2b: Slowbro|3\/100 par\n|move|p1a: Azumarill|Knock Off|p2b: Slowbro\n|-supereffective|p2b: Slowbro\n|-damage|p2b: Slowbro|0 fnt\n|-enditem|p2b: Slowbro|Wise Glasses|[from] move: Knock Off|[of] p1a: Azumarill\n|faint|p2b: Slowbro\n|\n|win|Tay2252\n|raw|Tay2252's rating: 1116 &rarr; <strong>1140<\/strong><br \/>(+24 for winning)\n|raw|Harchitkamal's rating: 1105 &rarr; <strong>1081<\/strong><br \/>(-24 for losing)\n|c|\u2606Tay2252|Gg\n|l|\u2606Harchitkamal\n","uploadtime":1700882208,"views":2,"p1id":"tay2252","p2id":"harchitkamal","formatid":"gen9doublesou","rating":1081,"private":0,"password":""}