{"id":"gen9doublesou-1991917288","p1":"Diniz41","p2":"ReligiousTweezer","format":"[Gen 9] Doubles OU","log":"|j|\u2606Diniz41\n|j|\u2606ReligiousTweezer\n|t:|1700137920\n|gametype|doubles\n|player|p1|Diniz41|hiker|1401\n|player|p2|ReligiousTweezer|medium|1273\n|teamsize|p1|6\n|teamsize|p2|6\n|gen|9\n|tier|[Gen 9] Doubles OU\n|rated|\n|rule|Species Clause: Limit one of each Pok\u00e9mon\n|rule|OHKO Clause: OHKO moves are banned\n|rule|Evasion Moves Clause: Evasion moves are banned\n|rule|Gravity Sleep Clause: The combination of sleep-inducing moves with imperfect accuracy and Gravity or Gigantamax Orbeetle are banned\n|rule|Endless Battle Clause: Forcing endless battles is banned\n|rule|HP Percentage Mod: HP is shown in percentages\n|clearpoke\n|poke|p1|Oranguru, F|\n|poke|p1|Gastrodon, F|\n|poke|p1|Chi-Yu|\n|poke|p1|Slowbro-Galar, M|\n|poke|p1|Sinistcha|\n|poke|p1|Wo-Chien|\n|poke|p2|Empoleon, M|\n|poke|p2|Torterra, M|\n|poke|p2|Corviknight, M|\n|poke|p2|Skeledirge, M|\n|poke|p2|Umbreon, M|\n|poke|p2|Ninetales-Alola, F|\n|teampreview\n|inactive|Battle timer is ON: inactive players will automatically lose when time's up. (requested by ReligiousTweezer)\n|\n|t:|1700137946\n|start\n|switch|p1a: Gastrodon|Gastrodon, F|100\/100\n|switch|p1b: Oranguru|Oranguru, F|100\/100\n|switch|p2a: Ring Doorbell|Umbreon, M, shiny|100\/100\n|switch|p2b: Birdman|Corviknight, M, shiny|100\/100\n|turn|1\n|\n|t:|1700137954\n|move|p2b: Birdman|Brave Bird|p1b: Oranguru\n|-damage|p1b: Oranguru|54\/100\n|-damage|p2b: Birdman|83\/100|[from] Recoil\n|move|p2a: Ring Doorbell|Calm Mind|p2a: Ring Doorbell\n|-boost|p2a: Ring Doorbell|spa|1\n|-boost|p2a: Ring Doorbell|spd|1\n|move|p1a: Gastrodon|Stockpile|p1a: Gastrodon\n|-start|p1a: Gastrodon|stockpile1\n|-boost|p1a: Gastrodon|def|1\n|-boost|p1a: Gastrodon|spd|1\n|move|p1b: Oranguru|Trick Room|p1b: Oranguru\n|-fieldstart|move: Trick Room|[of] p1b: Oranguru\n|\n|-heal|p2b: Birdman|89\/100|[from] item: Leftovers\n|upkeep\n|turn|2\n|\n|t:|1700137969\n|move|p1a: Gastrodon|Stockpile|p1a: Gastrodon\n|-start|p1a: Gastrodon|stockpile2\n|-boost|p1a: Gastrodon|def|1\n|-boost|p1a: Gastrodon|spd|1\n|move|p1b: Oranguru|Encore|p2a: Ring Doorbell\n|-start|p2a: Ring Doorbell|Encore\n|move|p2a: Ring Doorbell|Calm Mind|p2a: Ring Doorbell\n|-boost|p2a: Ring Doorbell|spa|1\n|-boost|p2a: Ring Doorbell|spd|1\n|move|p2b: Birdman|Brave Bird|p1b: Oranguru\n|-damage|p1b: Oranguru|5\/100\n|-damage|p2b: Birdman|71\/100|[from] Recoil\n|\n|-heal|p2b: Birdman|77\/100|[from] item: Leftovers\n|upkeep\n|turn|3\n|\n|t:|1700137990\n|switch|p1b: Slowbro|Slowbro-Galar, M|100\/100\n|move|p1a: Gastrodon|Icy Wind|p2b: Birdman|[spread] p2a,p2b\n|-damage|p2a: Ring Doorbell|97\/100\n|-damage|p2b: Birdman|68\/100\n|-unboost|p2a: Ring Doorbell|spe|1\n|-ability|p2b: Birdman|Mirror Armor\n|-unboost|p1a: Gastrodon|spe|1\n|move|p2a: Ring Doorbell|Calm Mind|p2a: Ring Doorbell\n|-boost|p2a: Ring Doorbell|spa|1\n|-boost|p2a: Ring Doorbell|spd|1\n|move|p2b: Birdman|Brave Bird|p1b: Slowbro\n|-damage|p1b: Slowbro|64\/100\n|-damage|p2b: Birdman|54\/100|[from] Recoil\n|\n|-heal|p2b: Birdman|60\/100|[from] item: Leftovers\n|upkeep\n|turn|4\n|\n|t:|1700138014\n|move|p2b: Birdman|Protect|p2b: Birdman\n|-singleturn|p2b: Birdman|Protect\n|move|p1a: Gastrodon|Stockpile|p1a: Gastrodon\n|-start|p1a: Gastrodon|stockpile3\n|-boost|p1a: Gastrodon|def|1\n|-boost|p1a: Gastrodon|spd|1\n|move|p1b: Slowbro|Psych Up|p1a: Gastrodon\n|-copyboost|p1b: Slowbro|p1a: Gastrodon|[from] move: Psych Up\n|move|p2a: Ring Doorbell|Calm Mind|p2a: Ring Doorbell\n|-boost|p2a: Ring Doorbell|spa|1\n|-boost|p2a: Ring Doorbell|spd|1\n|\n|-heal|p2b: Birdman|66\/100|[from] item: Leftovers\n|-end|p2a: Ring Doorbell|Encore\n|upkeep\n|turn|5\n|\n|t:|1700138037\n|move|p1a: Gastrodon|Icy Wind|p2a: Ring Doorbell|[spread] p2a,p2b\n|-damage|p2a: Ring Doorbell|95\/100\n|-damage|p2b: Birdman|56\/100\n|-unboost|p2a: Ring Doorbell|spe|1\n|-ability|p2b: Birdman|Mirror Armor\n|-unboost|p1a: Gastrodon|spe|1\n|move|p1b: Slowbro|Shell Side Arm|p2a: Ring Doorbell|[anim] Shell Side Arm Physical\n|-damage|p2a: Ring Doorbell|74\/100\n|-hint|Physical Shell Side Arm\n|move|p2a: Ring Doorbell|Baton Pass|p2a: Ring Doorbell\n|inactive|ReligiousTweezer has 120 seconds left.\n|\n|t:|1700138067\n|switch|p2a: Blue Man Group|Empoleon, M, shiny|100\/100|[from] Baton Pass\n|move|p2b: Birdman|Brave Bird|p1b: Slowbro\n|-damage|p1b: Slowbro|50\/100\n|-damage|p2b: Birdman|50\/100|[from] Recoil\n|\n|-heal|p2b: Birdman|56\/100|[from] item: Leftovers\n|-fieldend|move: Trick Room\n|upkeep\n|turn|6\n|inactive|ReligiousTweezer has 120 seconds left.\n|\n|t:|1700138093\n|switch|p2b: Galadriel|Ninetales-Alola, F, shiny|100\/100\n|-weather|Snow|[from] ability: Snow Warning|[of] p2b: Galadriel\n|move|p2a: Blue Man Group|Blizzard|p1a: Gastrodon|[spread] p1a,p1b\n|-crit|p1b: Slowbro\n|-damage|p1a: Gastrodon|79\/100\n|-damage|p1b: Slowbro|0 fnt\n|faint|p1b: Slowbro\n|move|p1a: Gastrodon|Earth Power|p2a: Blue Man Group\n|-supereffective|p2a: Blue Man Group\n|-damage|p2a: Blue Man Group|86\/100\n|\n|-weather|Snow|[upkeep]\n|-heal|p1a: Gastrodon|85\/100|[from] item: Leftovers\n|upkeep\n|\n|t:|1700138108\n|switch|p1b: Chi-Yu|Chi-Yu|100\/100\n|-ability|p1b: Chi-Yu|Beads of Ruin\n|turn|7\n|\n|t:|1700138126\n|switch|p2b: Ring Doorbell|Umbreon, M, shiny|74\/100\n|-terastallize|p2a: Blue Man Group|Ground\n|move|p1b: Chi-Yu|Heat Wave|p2b: Ring Doorbell|[spread] p2a,p2b\n|-damage|p2a: Blue Man Group|73\/100\n|-damage|p2b: Ring Doorbell|31\/100\n|-damage|p1b: Chi-Yu|91\/100|[from] item: Life Orb\n|move|p2a: Blue Man Group|Tera Blast|p1b: Chi-Yu|[anim] Tera Blast Ground\n|-supereffective|p1b: Chi-Yu\n|-damage|p1b: Chi-Yu|0 fnt\n|faint|p1b: Chi-Yu\n|move|p1a: Gastrodon|Earth Power|p2a: Blue Man Group\n|-damage|p2a: Blue Man Group|67\/100\n|\n|-weather|Snow|[upkeep]\n|-heal|p1a: Gastrodon|91\/100|[from] item: Leftovers\n|upkeep\n|\n|t:|1700138134\n|switch|p1b: Sinistcha|Sinistcha|100\/100\n|-heal|p1a: Gastrodon|100\/100|[from] ability: Hospitality|[of] p1b: Sinistcha\n|turn|8\n|\n|t:|1700138142\n|move|p2b: Ring Doorbell|Protect|p2b: Ring Doorbell\n|-singleturn|p2b: Ring Doorbell|Protect\n|move|p1b: Sinistcha|Matcha Gotcha|p2a: Blue Man Group|[spread] p2a\n|-activate|p2b: Ring Doorbell|move: Protect\n|-supereffective|p2a: Blue Man Group\n|-damage|p2a: Blue Man Group|56\/100\n|move|p2a: Blue Man Group|Blizzard|p1a: Gastrodon|[spread] p1a,p1b\n|-supereffective|p1b: Sinistcha\n|-damage|p1a: Gastrodon|80\/100\n|-damage|p1b: Sinistcha|0 fnt\n|faint|p1b: Sinistcha\n|move|p1a: Gastrodon|Icy Wind|p2b: Ring Doorbell|[spread] p2a\n|-activate|p2b: Ring Doorbell|move: Protect\n|-supereffective|p2a: Blue Man Group\n|-damage|p2a: Blue Man Group|52\/100\n|-unboost|p2a: Blue Man Group|spe|1\n|-ability|p2a: Blue Man Group|Competitive|boost\n|-boost|p2a: Blue Man Group|spa|2\n|\n|-weather|Snow|[upkeep]\n|-heal|p1a: Gastrodon|86\/100|[from] item: Leftovers\n|upkeep\n|\n|t:|1700138154\n|switch|p1b: Wo-Chien|Wo-Chien|100\/100\n|-ability|p1b: Wo-Chien|Tablets of Ruin\n|turn|9\n|\n|t:|1700138167\n|switch|p2b: Galadriel|Ninetales-Alola, F, shiny|100\/100\n|move|p1b: Wo-Chien|Giga Drain|p2a: Blue Man Group\n|-supereffective|p2a: Blue Man Group\n|-damage|p2a: Blue Man Group|41\/100\n|move|p2a: Blue Man Group|Blizzard|p1a: Gastrodon|[spread] p1a,p1b\n|-supereffective|p1b: Wo-Chien\n|-damage|p1a: Gastrodon|60\/100\n|-damage|p1b: Wo-Chien|0 fnt\n|faint|p1b: Wo-Chien\n|move|p1a: Gastrodon|Icy Wind|p2a: Blue Man Group|[spread] p2a,p2b\n|-supereffective|p2a: Blue Man Group\n|-resisted|p2b: Galadriel\n|-damage|p2a: Blue Man Group|37\/100\n|-damage|p2b: Galadriel|96\/100\n|-unboost|p2a: Blue Man Group|spe|1\n|-boost|p2a: Blue Man Group|spa|0\n|-unboost|p2b: Galadriel|spe|1\n|-enditem|p2b: Galadriel|Red Card|[of] p1a: Gastrodon\n|drag|p1a: Oranguru|Oranguru, F|5\/100\n|\n|-weather|Snow|[upkeep]\n|upkeep\n|-message|Diniz41 forfeited.\n|\n|win|ReligiousTweezer\n|raw|Diniz41's rating: 1401 &rarr; <strong>1374<\/strong><br \/>(-27 for losing)\n|raw|ReligiousTweezer's rating: 1273 &rarr; <strong>1307<\/strong><br \/>(+34 for winning)\n|l|\u2606Diniz41\n","uploadtime":1700138204,"views":6,"p1id":"diniz41","p2id":"religioustweezer","formatid":"gen9doublesou","rating":1307,"private":0,"password":""}