{"id":"gen9doublesou-1972945485","p1":"edgypunishment","p2":"Odj1022","format":"[Gen 9] Doubles OU","log":"|j|\u2606edgypunishment\n|j|\u2606Odj1022\n|t:|1697911522\n|gametype|doubles\n|player|p1|edgypunishment|dawn|1264\n|player|p2|Odj1022|alder|1116\n|teamsize|p1|6\n|teamsize|p2|6\n|gen|9\n|tier|[Gen 9] Doubles OU\n|rated|\n|rule|Species Clause: Limit one of each Pok\u00e9mon\n|rule|OHKO Clause: OHKO moves are banned\n|rule|Evasion Moves Clause: Evasion moves are banned\n|rule|Gravity Sleep Clause: The combination of sleep-inducing moves with imperfect accuracy and Gravity or Gigantamax Orbeetle are banned\n|rule|Endless Battle Clause: Forcing endless battles is banned\n|rule|HP Percentage Mod: HP is shown in percentages\n|clearpoke\n|poke|p1|Dachsbun, M|\n|poke|p1|Iron Valiant|\n|poke|p1|Flutter Mane|\n|poke|p1|Azumarill, M|\n|poke|p1|Carbink|\n|poke|p1|Tinkaton, F|\n|poke|p2|Sinistcha-Masterpiece|\n|poke|p2|Volbeat, M|\n|poke|p2|Maushold-Four|\n|poke|p2|Clefable, F|\n|poke|p2|Clefairy, F|\n|poke|p2|Indeedee-F, F|\n|teampreview\n|inactive|Battle timer is ON: inactive players will automatically lose when time's up. (requested by edgypunishment)\n|inactive|Odj1022 has 120 seconds left.\n|\n|t:|1697911569\n|start\n|switch|p1a: Dachsbun|Dachsbun, M|100\/100\n|switch|p1b: Iron Valiant|Iron Valiant|100\/100\n|switch|p2a: Volbeat|Volbeat, M|100\/100\n|switch|p2b: Indeedee|Indeedee-F, F|100\/100\n|-enditem|p1b: Iron Valiant|Booster Energy\n|-activate|p1b: Iron Valiant|ability: Quark Drive|[fromitem]\n|-start|p1b: Iron Valiant|quarkdrivespe\n|turn|1\n|\n|t:|1697911587\n|move|p2b: Indeedee|Follow Me|p2b: Indeedee\n|-singleturn|p2b: Indeedee|move: Follow Me\n|move|p2a: Volbeat|Tail Glow|p2a: Volbeat\n|-boost|p2a: Volbeat|spa|3\n|move|p1b: Iron Valiant|Swords Dance|p1b: Iron Valiant\n|-boost|p1b: Iron Valiant|atk|2\n|move|p1a: Dachsbun|Trailblaze|p2b: Indeedee\n|-damage|p2b: Indeedee|76\/100\n|-boost|p1a: Dachsbun|spe|1\n|\n|upkeep\n|turn|2\n|\n|t:|1697911607\n|move|p2b: Indeedee|Follow Me|p2b: Indeedee\n|-singleturn|p2b: Indeedee|move: Follow Me\n|move|p2a: Volbeat|Tail Glow|p2a: Volbeat\n|-boost|p2a: Volbeat|spa|3\n|move|p1b: Iron Valiant|Spirit Break|p2b: Indeedee\n|-crit|p2b: Indeedee\n|-damage|p2b: Indeedee|0 fnt\n|faint|p2b: Indeedee\n|move|p1a: Dachsbun|Play Rough|p2a: Volbeat\n|-damage|p2a: Volbeat|55\/100\n|\n|upkeep\n|inactive|Odj1022 has 120 seconds left.\n|\n|t:|1697911633\n|switch|p2b: Clefairy|Clefairy, F|100\/100\n|turn|3\n|\n|t:|1697911641\n|move|p2b: Clefairy|Follow Me|p2b: Clefairy\n|-singleturn|p2b: Clefairy|move: Follow Me\n|move|p2a: Volbeat|Baton Pass|p2a: Volbeat\n|\n|t:|1697911647\n|switch|p2a: Sinistcha|Sinistcha-Masterpiece|100\/100|[from] Baton Pass\n|move|p1b: Iron Valiant|Spirit Break|p2b: Clefairy\n|-damage|p2b: Clefairy|9\/100\n|-unboost|p2b: Clefairy|spa|1\n|move|p1a: Dachsbun|Play Rough|p2b: Clefairy\n|-damage|p2b: Clefairy|0 fnt\n|faint|p2b: Clefairy\n|\n|upkeep\n|\n|t:|1697911654\n|switch|p2b: Clefable|Clefable, F|100\/100\n|turn|4\n|\n|t:|1697911666\n|-terastallize|p2a: Sinistcha|Grass\n|move|p2b: Clefable|Follow Me|p2b: Clefable\n|-singleturn|p2b: Clefable|move: Follow Me\n|move|p1b: Iron Valiant|Spirit Break|p2b: Clefable\n|-damage|p2b: Clefable|18\/100\n|-unboost|p2b: Clefable|spa|1\n|move|p1a: Dachsbun|Play Rough|p2b: Clefable\n|-damage|p2b: Clefable|0 fnt\n|faint|p2b: Clefable\n|move|p2a: Sinistcha|Matcha Gotcha|p1b: Iron Valiant|[spread] p1a,p1b\n|-damage|p1a: Dachsbun|0 fnt\n|-damage|p1b: Iron Valiant|0 fnt\n|faint|p1a: Dachsbun\n|faint|p1b: Iron Valiant\n|-end|p1b: Iron Valiant|Quark Drive|[silent]\n|\n|upkeep\n|\n|t:|1697911691\n|switch|p1b: Tinkaton|Tinkaton, F|100\/100\n|switch|p2b: Maushold|Maushold-Four|100\/100\n|switch|p1a: Carbink|Carbink|100\/100\n|turn|5\n|-activate|p1b: Tinkaton|item: Quick Claw\n|\n|t:|1697911699\n|move|p2b: Maushold|Follow Me|p2b: Maushold\n|-singleturn|p2b: Maushold|move: Follow Me\n|move|p1b: Tinkaton|Swords Dance|p1b: Tinkaton\n|-boost|p1b: Tinkaton|atk|2\n|move|p2a: Sinistcha|Matcha Gotcha|p1a: Carbink|[spread] p1a\n|-miss|p2a: Sinistcha|p1b: Tinkaton\n|-supereffective|p1a: Carbink\n|-ability|p1a: Carbink|Sturdy\n|-damage|p1a: Carbink|1\/100\n|move|p1a: Carbink|Trick Room|p1a: Carbink\n|-fieldstart|move: Trick Room|[of] p1a: Carbink\n|\n|upkeep\n|turn|6\n|-activate|p1b: Tinkaton|item: Quick Claw\n|\n|t:|1697911726\n|move|p2b: Maushold|Follow Me|p2b: Maushold\n|-singleturn|p2b: Maushold|move: Follow Me\n|move|p1b: Tinkaton|Gigaton Hammer|p2b: Maushold\n|-enditem|p2b: Maushold|Focus Sash\n|-damage|p2b: Maushold|1\/100\n|move|p1a: Carbink|Body Press|p2b: Maushold\n|-supereffective|p2b: Maushold\n|-damage|p2b: Maushold|0 fnt\n|faint|p2b: Maushold\n|move|p2a: Sinistcha|Matcha Gotcha|p1a: Carbink|[spread] p1a,p1b\n|-supereffective|p1a: Carbink\n|-crit|p1a: Carbink\n|-resisted|p1b: Tinkaton\n|-damage|p1a: Carbink|0 fnt\n|-damage|p1b: Tinkaton|0 fnt\n|faint|p1a: Carbink\n|faint|p1b: Tinkaton\n|\n|upkeep\n|\n|t:|1697911742\n|switch|p1a: Flutter Mane|Flutter Mane|100\/100\n|switch|p1b: Azumarill|Azumarill, M|100\/100\n|switch|p2b: Volbeat|Volbeat, M|55\/100\n|turn|7\n|\n|t:|1697911768\n|move|p1b: Azumarill|Play Rough|p2a: Sinistcha\n|-damage|p2a: Sinistcha|39\/100\n|move|p2a: Sinistcha|Matcha Gotcha|p1b: Azumarill|[spread] p1a\n|-miss|p2a: Sinistcha|p1b: Azumarill\n|-damage|p1a: Flutter Mane|0 fnt\n|-heal|p2a: Sinistcha|84\/100|[from] drain|[of] p1a: Flutter Mane\n|faint|p1a: Flutter Mane\n|-end|p1a: Flutter Mane|Protosynthesis|[silent]\n|move|p2b: Volbeat|Dazzling Gleam|p1b: Azumarill\n|-damage|p1b: Azumarill|92\/100\n|\n|upkeep\n|turn|8\n|\n|t:|1697911788\n|-terastallize|p1b: Azumarill|Fairy\n|move|p1b: Azumarill|Play Rough|p2a: Sinistcha\n|-damage|p2a: Sinistcha|0 fnt\n|faint|p2a: Sinistcha\n|move|p2b: Volbeat|Dazzling Gleam|p1b: Azumarill\n|-damage|p1b: Azumarill|84\/100\n|\n|upkeep\n|turn|9\n|\n|t:|1697911812\n|move|p1b: Azumarill|Liquidation|p2b: Volbeat\n|-damage|p2b: Volbeat|0 fnt\n|faint|p2b: Volbeat\n|\n|win|edgypunishment\n|raw|edgypunishment's rating: 1234 &rarr; <strong>1251<\/strong><br \/>(+17 for winning)\n|raw|Odj1022's rating: 1116 &rarr; <strong>1099<\/strong><br \/>(-17 for losing)\n","uploadtime":1697911821,"views":19,"p1id":"edgypunishment","p2id":"odj1022","formatid":"gen9doublesou","rating":1099,"private":0,"password":""}