{"id":"gen9doublesou-1968097722","p1":"GoroCeles","p2":"xjuanfe1","format":"[Gen 9] Doubles OU","log":"|html|<div class=\"broadcast-blue\"><strong>[Gen 9] Doubles OU is currently suspecting Basculegion & Flutter Mane! For information on how to participate check out the <a href=\"https:\/\/www.smogon.com\/forums\/threads\/np-sv-dou-stage-8-double-trouble.3729153\/\">suspect thread<\/a>.<\/strong><\/div>\n|j|\u2606GoroCeles\n|j|\u2606xjuanfe1\n|t:|1697384059\n|gametype|doubles\n|player|p1|GoroCeles|brock|\n|player|p2|xjuanfe1|101|\n|teamsize|p1|6\n|teamsize|p2|6\n|gen|9\n|tier|[Gen 9] Doubles OU\n|rule|Species Clause: Limit one of each Pok\u00e9mon\n|rule|OHKO Clause: OHKO moves are banned\n|rule|Evasion Moves Clause: Evasion moves are banned\n|rule|Gravity Sleep Clause: The combination of sleep-inducing moves with imperfect accuracy and Gravity or Gigantamax Orbeetle are banned\n|rule|Endless Battle Clause: Forcing endless battles is banned\n|rule|HP Percentage Mod: HP is shown in percentages\n|clearpoke\n|poke|p1|Ogerpon-Hearthflame, F|\n|poke|p1|Chien-Pao|\n|poke|p1|Gyarados, F|\n|poke|p1|Goodra-Hisui, F|\n|poke|p1|Farigiraf, F|\n|poke|p1|Munkidori, M|\n|poke|p2|Arcanine, M|\n|poke|p2|Glimmora, M|\n|poke|p2|Chansey, F|\n|poke|p2|Ting-Lu|\n|poke|p2|Wo-Chien|\n|poke|p2|Kingambit, F|\n|teampreview\n|j| Garje\n|\n|t:|1697384205\n|start\n|switch|p1a: Sogeking|Ogerpon-Hearthflame, F|100\/100\n|switch|p1b: Chingchengchanchin|Chien-Pao|100\/100\n|switch|p2a: Arcanine|Arcanine, M|100\/100\n|switch|p2b: Glimmora|Glimmora, M|100\/100\n|-ability|p1b: Chingchengchanchin|Sword of Ruin\n|-ability|p1a: Sogeking|Mold Breaker\n|-ability|p2a: Arcanine|Intimidate|boost\n|-unboost|p1a: Sogeking|atk|1\n|-unboost|p1b: Chingchengchanchin|atk|1\n|turn|1\n|l| Garje\n|j| garlicup\n|l| garlicup\n|\n|t:|1697384254\n|-terastallize|p1a: Sogeking|Fire\n|detailschange|p1a: Sogeking|Ogerpon-Hearthflame-Tera, F, tera:Fire\n|-ability|p1a: Sogeking|Embody Aspect (Hearthflame)|boost\n|-boost|p1a: Sogeking|atk|1\n|move|p2b: Glimmora|Spiky Shield|p2b: Glimmora\n|-singleturn|p2b: Glimmora|move: Protect\n|move|p1b: Chingchengchanchin|Sucker Punch||[still]\n|-fail|p1b: Chingchengchanchin\n|move|p1a: Sogeking|Horn Leech|p2b: Glimmora\n|-activate|p2b: Glimmora|move: Protect\n|-damage|p1a: Sogeking|88\/100|[from] Spiky Shield|[of] p2b: Glimmora\n|move|p2a: Arcanine|Will-O-Wisp|p1a: Sogeking\n|-immune|p1a: Sogeking\n|\n|upkeep\n|turn|2\n|\n|t:|1697384279\n|move|p1b: Chingchengchanchin|Protect|p1b: Chingchengchanchin\n|-singleturn|p1b: Chingchengchanchin|Protect\n|move|p1a: Sogeking|Horn Leech|p2b: Glimmora\n|-damage|p2b: Glimmora|41\/100\n|-heal|p1a: Sogeking|100\/100|[from] drain|[of] p2b: Glimmora\n|-activate|p2b: Glimmora|ability: Toxic Debris\n|-sidestart|p1: GoroCeles|move: Toxic Spikes\n|move|p2b: Glimmora|Toxic Spikes|p1a: Sogeking\n|-sidestart|p1: GoroCeles|move: Toxic Spikes\n|move|p2a: Arcanine|Flamethrower|p1b: Chingchengchanchin\n|-activate|p1b: Chingchengchanchin|move: Protect\n|\n|upkeep\n|turn|3\n|\n|t:|1697384308\n|move|p2b: Glimmora|Spiky Shield|p2b: Glimmora\n|-singleturn|p2b: Glimmora|move: Protect\n|move|p1b: Chingchengchanchin|Sucker Punch|p2a: Arcanine\n|-damage|p2a: Arcanine|67\/100\n|move|p1a: Sogeking|Horn Leech|p2b: Glimmora\n|-activate|p2b: Glimmora|move: Protect\n|-damage|p1a: Sogeking|88\/100|[from] Spiky Shield|[of] p2b: Glimmora\n|move|p2a: Arcanine|Snarl|p1b: Chingchengchanchin|[spread] p1a,p1b\n|-resisted|p1b: Chingchengchanchin\n|-damage|p1a: Sogeking|77\/100\n|-damage|p1b: Chingchengchanchin|93\/100\n|-unboost|p1a: Sogeking|spa|1\n|-unboost|p1b: Chingchengchanchin|spa|1\n|\n|upkeep\n|turn|4\n|j| PJtheMagnificus\n|\n|t:|1697384343\n|switch|p1b: 42|Goodra-Hisui, F, shiny|100\/100\n|move|p2b: Glimmora|Spiky Shield||[still]\n|-fail|p2b: Glimmora\n|move|p1a: Sogeking|Horn Leech|p2b: Glimmora\n|-crit|p2b: Glimmora\n|-damage|p2b: Glimmora|0 fnt\n|-heal|p1a: Sogeking|100\/100|[from] drain|[of] p2b: Glimmora\n|faint|p2b: Glimmora\n|move|p2a: Arcanine|Snarl|p1b: 42|[spread] p1a,p1b\n|-damage|p1a: Sogeking|90\/100\n|-damage|p1b: 42|95\/100\n|-unboost|p1a: Sogeking|spa|1\n|-unboost|p1b: 42|spa|1\n|\n|-heal|p1b: 42|100\/100|[from] item: Leftovers\n|upkeep\n|\n|t:|1697384358\n|switch|p2b: Ting-Lu|Ting-Lu|100\/100\n|-ability|p2b: Ting-Lu|Vessel of Ruin\n|turn|5\n|\n|t:|1697384377\n|move|p1a: Sogeking|Horn Leech|p2b: Ting-Lu\n|-supereffective|p2b: Ting-Lu\n|-damage|p2b: Ting-Lu|49\/100\n|-heal|p1a: Sogeking|100\/100|[from] drain|[of] p2b: Ting-Lu\n|move|p2a: Arcanine|Snarl|p1a: Sogeking|[spread] p1a\n|-miss|p2a: Arcanine|p1b: 42\n|-damage|p1a: Sogeking|93\/100\n|-unboost|p1a: Sogeking|spa|1\n|move|p1b: 42|Shelter|p1b: 42\n|-boost|p1b: 42|def|2\n|move|p2b: Ting-Lu|Spikes|p1b: 42\n|-sidestart|p1: GoroCeles|Spikes\n|\n|-heal|p2b: Ting-Lu|55\/100|[from] item: Leftovers\n|upkeep\n|turn|6\n|\n|t:|1697384419\n|move|p1a: Sogeking|Horn Leech|p2b: Ting-Lu\n|-supereffective|p2b: Ting-Lu\n|-damage|p2b: Ting-Lu|8\/100\n|-heal|p1a: Sogeking|100\/100|[from] drain|[of] p2b: Ting-Lu\n|move|p2a: Arcanine|Flamethrower|p1b: 42\n|-damage|p1b: 42|86\/100\n|-status|p1b: 42|brn\n|move|p1b: 42|Body Press|p2a: Arcanine\n|-damage|p2a: Arcanine|41\/100\n|-enditem|p2a: Arcanine|Sitrus Berry|[eat]\n|-heal|p2a: Arcanine|66\/100|[from] item: Sitrus Berry\n|move|p2b: Ting-Lu|Whirlwind|p1a: Sogeking\n|drag|p1a: Chingchengchanchin|Chien-Pao|93\/100\n|-status|p1a: Chingchengchanchin|tox\n|-damage|p1a: Chingchengchanchin|81\/100 tox|[from] Spikes\n|-ability|p1a: Chingchengchanchin|Sword of Ruin\n|\n|-heal|p1b: 42|93\/100 brn|[from] item: Leftovers\n|-heal|p2b: Ting-Lu|15\/100|[from] item: Leftovers\n|-damage|p1a: Chingchengchanchin|75\/100 tox|[from] psn\n|-damage|p1b: 42|86\/100 brn|[from] brn\n|upkeep\n|turn|7\n|\n|t:|1697384471\n|move|p2b: Ting-Lu|Protect|p2b: Ting-Lu\n|-singleturn|p2b: Ting-Lu|Protect\n|move|p1a: Chingchengchanchin|Sacred Sword|p2b: Ting-Lu\n|-activate|p2b: Ting-Lu|move: Protect\n|move|p2a: Arcanine|Snarl|p1a: Chingchengchanchin|[spread] p1a,p1b\n|-resisted|p1a: Chingchengchanchin\n|-damage|p1a: Chingchengchanchin|69\/100 tox\n|-damage|p1b: 42|82\/100 brn\n|-unboost|p1a: Chingchengchanchin|spa|1\n|-unboost|p1b: 42|spa|1\n|move|p1b: 42|Body Press|p2a: Arcanine\n|-damage|p2a: Arcanine|36\/100\n|\n|-heal|p1b: 42|88\/100 brn|[from] item: Leftovers\n|-heal|p2b: Ting-Lu|21\/100|[from] item: Leftovers\n|-damage|p1a: Chingchengchanchin|57\/100 tox|[from] psn\n|-damage|p1b: 42|82\/100 brn|[from] brn\n|upkeep\n|turn|8\n|\n|t:|1697384500\n|move|p1a: Chingchengchanchin|Sacred Sword|p2a: Arcanine\n|-damage|p2a: Arcanine|0 fnt\n|faint|p2a: Arcanine\n|move|p1b: 42|Body Press|p2b: Ting-Lu\n|-supereffective|p2b: Ting-Lu\n|-damage|p2b: Ting-Lu|0 fnt\n|faint|p2b: Ting-Lu\n|\n|-heal|p1b: 42|88\/100 brn|[from] item: Leftovers\n|-damage|p1a: Chingchengchanchin|39\/100 tox|[from] psn\n|-damage|p1b: 42|82\/100 brn|[from] brn\n|upkeep\n|\n|t:|1697384512\n|switch|p2a: Chansey|Chansey, F|100\/100\n|switch|p2b: Wo-Chien|Wo-Chien|100\/100\n|-ability|p2b: Wo-Chien|Tablets of Ruin\n|turn|9\n|\n|t:|1697384525\n|move|p2b: Wo-Chien|Protect|p2b: Wo-Chien\n|-singleturn|p2b: Wo-Chien|Protect\n|move|p1a: Chingchengchanchin|Sacred Sword|p2b: Wo-Chien\n|-activate|p2b: Wo-Chien|move: Protect\n|move|p1b: 42|Body Press|p2b: Wo-Chien\n|-activate|p2b: Wo-Chien|move: Protect\n|move|p2a: Chansey|Stealth Rock|p1a: Chingchengchanchin\n|-sidestart|p1: GoroCeles|move: Stealth Rock\n|\n|-heal|p1b: 42|88\/100 brn|[from] item: Leftovers\n|-damage|p1a: Chingchengchanchin|15\/100 tox|[from] psn\n|-damage|p1b: 42|82\/100 brn|[from] brn\n|upkeep\n|turn|10\n|\n|t:|1697384557\n|-terastallize|p2b: Wo-Chien|Water\n|move|p1a: Chingchengchanchin|Sacred Sword|p2b: Wo-Chien\n|-damage|p2b: Wo-Chien|75\/100\n|move|p2b: Wo-Chien|Foul Play|p1b: 42\n|-damage|p1b: 42|65\/100 brn\n|move|p1b: 42|Body Press|p2b: Wo-Chien\n|-damage|p2b: Wo-Chien|57\/100\n|move|p2a: Chansey|Seismic Toss|p1b: 42\n|-damage|p1b: 42|38\/100 brn\n|\n|-heal|p2b: Wo-Chien|63\/100|[from] item: Leftovers\n|-heal|p1b: 42|44\/100 brn|[from] item: Leftovers\n|-damage|p1a: Chingchengchanchin|0 fnt|[from] psn\n|faint|p1a: Chingchengchanchin\n|-damage|p1b: 42|38\/100 brn|[from] brn\n|upkeep\n|\n|t:|1697384577\n|switch|p1a: Sogeking|Ogerpon-Hearthflame-Tera, F, tera:Fire|100\/100\n|-status|p1a: Sogeking|tox\n|-damage|p1a: Sogeking|88\/100 tox|[from] Spikes\n|-damage|p1a: Sogeking|63\/100 tox|[from] Stealth Rock\n|-ability|p1a: Sogeking|Embody Aspect (Hearthflame)|boost\n|-boost|p1a: Sogeking|atk|1\n|turn|11\n|\n|t:|1697384594\n|move|p2b: Wo-Chien|Protect|p2b: Wo-Chien\n|-singleturn|p2b: Wo-Chien|Protect\n|move|p1a: Sogeking|Horn Leech|p2b: Wo-Chien\n|-activate|p2b: Wo-Chien|move: Protect\n|move|p1b: 42|Body Press|p2b: Wo-Chien\n|-activate|p2b: Wo-Chien|move: Protect\n|move|p2a: Chansey|Seismic Toss|p1a: Sogeking\n|-damage|p1a: Sogeking|30\/100 tox\n|\n|-heal|p2b: Wo-Chien|69\/100|[from] item: Leftovers\n|-heal|p1b: 42|44\/100 brn|[from] item: Leftovers\n|-damage|p1a: Sogeking|24\/100 tox|[from] psn\n|-damage|p1b: 42|38\/100 brn|[from] brn\n|upkeep\n|turn|12\n|\n|t:|1697384621\n|move|p1a: Sogeking|Horn Leech|p2b: Wo-Chien\n|-supereffective|p2b: Wo-Chien\n|-damage|p2b: Wo-Chien|0 fnt\n|-heal|p1a: Sogeking|66\/100 tox|[from] drain|[of] p2b: Wo-Chien\n|faint|p2b: Wo-Chien\n|move|p1b: 42|Life Dew|p1b: 42|[spread] p1a,p1b\n|-heal|p1a: Sogeking|91\/100 tox\n|-heal|p1b: 42|63\/100 brn\n|move|p2a: Chansey|Seismic Toss|p1a: Sogeking\n|-damage|p1a: Sogeking|59\/100 tox\n|\n|-heal|p1b: 42|69\/100 brn|[from] item: Leftovers\n|-damage|p1a: Sogeking|46\/100 tox|[from] psn\n|-damage|p1b: 42|63\/100 brn|[from] brn\n|upkeep\n|\n|t:|1697384636\n|switch|p2b: Kingambit|Kingambit, F|100\/100\n|turn|13\n|\n|t:|1697384650\n|move|p2b: Kingambit|Protect|p2b: Kingambit\n|-singleturn|p2b: Kingambit|Protect\n|move|p1a: Sogeking|Horn Leech|p2a: Chansey\n|-damage|p2a: Chansey|55\/100\n|-heal|p1a: Sogeking|99\/100 tox|[from] drain|[of] p2a: Chansey\n|move|p1b: 42|Body Press|p2b: Kingambit\n|-activate|p2b: Kingambit|move: Protect\n|move|p2a: Chansey|Seismic Toss|p1a: Sogeking\n|-damage|p1a: Sogeking|66\/100 tox\n|\n|-heal|p1b: 42|69\/100 brn|[from] item: Leftovers\n|-damage|p1a: Sogeking|47\/100 tox|[from] psn\n|-damage|p1b: 42|63\/100 brn|[from] brn\n|upkeep\n|turn|14\n|\n|t:|1697384670\n|move|p2b: Kingambit|Sucker Punch|p1a: Sogeking\n|-damage|p1a: Sogeking|0 fnt\n|faint|p1a: Sogeking\n|move|p1b: 42|Body Press|p2b: Kingambit\n|-supereffective|p2b: Kingambit\n|-damage|p2b: Kingambit|39\/100\n|move|p2a: Chansey|Seismic Toss|p1b: 42\n|-damage|p1b: 42|35\/100 brn\n|\n|-heal|p1b: 42|41\/100 brn|[from] item: Leftovers\n|-damage|p1b: 42|35\/100 brn|[from] brn\n|upkeep\n|\n|t:|1697384692\n|switch|p1a: MojoDojoCasaHouse|Munkidori, M|100\/100\n|-sideend|p1: GoroCeles|move: Toxic Spikes|[of] p1a: MojoDojoCasaHouse\n|-damage|p1a: MojoDojoCasaHouse|88\/100|[from] Spikes\n|-damage|p1a: MojoDojoCasaHouse|76\/100|[from] Stealth Rock\n|turn|15\n|\n|t:|1697384711\n|move|p1a: MojoDojoCasaHouse|Fake Out|p2b: Kingambit\n|-resisted|p2b: Kingambit\n|-damage|p2b: Kingambit|37\/100\n|cant|p2b: Kingambit|flinch\n|move|p1b: 42|Body Press|p2b: Kingambit\n|-supereffective|p2b: Kingambit\n|-damage|p2b: Kingambit|0 fnt\n|faint|p2b: Kingambit\n|move|p2a: Chansey|Soft-Boiled|p2a: Chansey\n|-heal|p2a: Chansey|100\/100\n|\n|-heal|p1b: 42|41\/100 brn|[from] item: Leftovers\n|-damage|p1b: 42|35\/100 brn|[from] brn\n|upkeep\n|turn|16\n|\n|t:|1697384744\n|move|p1a: MojoDojoCasaHouse|Sludge Bomb|p2a: Chansey\n|-damage|p2a: Chansey|87\/100\n|-status|p2a: Chansey|tox|[from] ability: Toxic Chain|[of] p1a: MojoDojoCasaHouse\n|move|p1b: 42|Body Press|p2a: Chansey\n|-supereffective|p2a: Chansey\n|-damage|p2a: Chansey|58\/100 tox\n|move|p2a: Chansey|Thunderbolt|p1a: MojoDojoCasaHouse\n|-damage|p1a: MojoDojoCasaHouse|65\/100\n|\n|-heal|p1b: 42|41\/100 brn|[from] item: Leftovers\n|-damage|p2a: Chansey|52\/100 tox|[from] psn\n|-damage|p1b: 42|35\/100 brn|[from] brn\n|upkeep\n|turn|17\n|j| Garje\n|\n|t:|1697384776\n|move|p1a: MojoDojoCasaHouse|Sludge Bomb|p2a: Chansey\n|-damage|p2a: Chansey|37\/100 tox\n|move|p1b: 42|Life Dew|p1b: 42|[spread] p1a,p1b\n|-heal|p1a: MojoDojoCasaHouse|90\/100\n|-heal|p1b: 42|60\/100 brn\n|move|p2a: Chansey|Seismic Toss|p1b: 42\n|-damage|p1b: 42|33\/100 brn\n|\n|-heal|p1b: 42|39\/100 brn|[from] item: Leftovers\n|-damage|p2a: Chansey|25\/100 tox|[from] psn\n|-damage|p1b: 42|33\/100 brn|[from] brn\n|upkeep\n|turn|18\n|\n|t:|1697384792\n|move|p1a: MojoDojoCasaHouse|Sludge Bomb|p2a: Chansey\n|-damage|p2a: Chansey|9\/100 tox\n|move|p1b: 42|Body Press|p2a: Chansey\n|-supereffective|p2a: Chansey\n|-damage|p2a: Chansey|0 fnt\n|faint|p2a: Chansey\n|\n|win|GoroCeles\n","uploadtime":1697384808,"views":13,"p1id":"goroceles","p2id":"xjuanfe1","formatid":"gen9doublesou","rating":0,"private":0,"password":""}