{"id":"gen9doublesou-1992906461","p1":"GohanDiamonD","p2":"its-sam87","format":"[Gen 9] Doubles OU","log":"|j|\u2606GohanDiamonD\n|j|\u2606its-sam87\n|t:|1700245699\n|gametype|doubles\n|player|p1|GohanDiamonD|benga|1397\n|player|p2|its-sam87|acetrainer-gen2|1447\n|teamsize|p1|6\n|teamsize|p2|6\n|gen|9\n|tier|[Gen 9] Doubles OU\n|rated|\n|rule|Species Clause: Limit one of each Pok\u00e9mon\n|rule|OHKO Clause: OHKO moves are banned\n|rule|Evasion Moves Clause: Evasion moves are banned\n|rule|Gravity Sleep Clause: The combination of sleep-inducing moves with imperfect accuracy and Gravity or Gigantamax Orbeetle are banned\n|rule|Endless Battle Clause: Forcing endless battles is banned\n|rule|HP Percentage Mod: HP is shown in percentages\n|clearpoke\n|poke|p1|Murkrow, F|\n|poke|p1|Torterra, F|\n|poke|p1|Gholdengo|\n|poke|p1|Iron Hands|\n|poke|p1|Flutter Mane|\n|poke|p1|Ogerpon-Hearthflame, F|\n|poke|p2|Tornadus, M|\n|poke|p2|Amoonguss, M|\n|poke|p2|Basculegion-F, F|\n|poke|p2|Pelipper, F|\n|poke|p2|Palafin, M|\n|poke|p2|Farigiraf, M|\n|teampreview\n|inactive|Battle timer is ON: inactive players will automatically lose when time's up. (requested by its-sam87)\n|c|\u2606its-sam87|gl hf\n|inactive|its-sam87 has 120 seconds left.\n|c|\u2606GohanDiamonD|gl hf\n|\n|t:|1700245741\n|start\n|switch|p1a: Murkrow|Murkrow, F|100\/100\n|switch|p1b: Iron Hands|Iron Hands|100\/100\n|switch|p2a: Palafin|Palafin, M|100\/100\n|switch|p2b: Pelipper|Pelipper, F, shiny|100\/100\n|-weather|RainDance|[from] ability: Drizzle|[of] p2b: Pelipper\n|turn|1\n|\n|t:|1700245757\n|detailschange|p2a: Palafin|Palafin-Hero, M\n|switch|p2a: Tornadus|Tornadus, M, shiny|100\/100\n|switch|p2b: Amoonguss|Amoonguss, M, shiny|100\/100\n|move|p1b: Iron Hands|Fake Out|p2a: Tornadus\n|-damage|p2a: Tornadus|87\/100\n|move|p1a: Murkrow|Taunt|p2b: Amoonguss\n|-start|p2b: Amoonguss|move: Taunt\n|\n|-weather|RainDance|[upkeep]\n|upkeep\n|turn|2\n|\n|t:|1700245773\n|switch|p2b: Farigiraf|Farigiraf, M, shiny|100\/100\n|move|p1a: Murkrow|Tailwind|p1a: Murkrow\n|-sidestart|p1: GohanDiamonD|move: Tailwind\n|move|p1b: Iron Hands|Wild Charge|p2a: Tornadus\n|-supereffective|p2a: Tornadus\n|-damage|p2a: Tornadus|2\/100\n|-damage|p1b: Iron Hands|83\/100|[from] Recoil\n|move|p2a: Tornadus|Bleakwind Storm|p1b: Iron Hands|[spread] p1a,p1b\n|-damage|p1a: Murkrow|64\/100\n|-damage|p1b: Iron Hands|67\/100\n|-unboost|p1a: Murkrow|spe|1\n|\n|-weather|RainDance|[upkeep]\n|upkeep\n|turn|3\n|\n|t:|1700245795\n|move|p2b: Farigiraf|Ally Switch|p2b: Farigiraf\n|swap|p2b: Farigiraf|0|[from] move: Ally Switch\n|move|p2b: Tornadus|Tailwind|p2b: Tornadus\n|-sidestart|p2: its-sam87|move: Tailwind\n|move|p1a: Murkrow|Foul Play|p2b: Tornadus\n|-damage|p2b: Tornadus|0 fnt\n|faint|p2b: Tornadus\n|move|p1b: Iron Hands|Close Combat|p2a: Farigiraf\n|-damage|p2a: Farigiraf|46\/100\n|-unboost|p1b: Iron Hands|def|1\n|-unboost|p1b: Iron Hands|spd|1\n|\n|-weather|RainDance|[upkeep]\n|upkeep\n|\n|t:|1700245805\n|switch|p2b: Palafin|Palafin-Hero, M|100\/100\n|-activate|p2b: Palafin|ability: Zero to Hero\n|turn|4\n|\n|t:|1700245816\n|move|p2b: Palafin|Wave Crash|p1b: Iron Hands\n|-damage|p1b: Iron Hands|0 fnt\n|faint|p1b: Iron Hands\n|-end|p1b: Iron Hands|Quark Drive|[silent]\n|-damage|p2b: Palafin|76\/100|[from] Recoil\n|move|p2a: Farigiraf|Hyper Voice|p1a: Murkrow\n|-damage|p1a: Murkrow|29\/100\n|move|p1a: Murkrow|Foul Play|p2a: Farigiraf\n|-supereffective|p2a: Farigiraf\n|-damage|p2a: Farigiraf|14\/100\n|\n|-weather|RainDance|[upkeep]\n|upkeep\n|\n|t:|1700245829\n|switch|p1b: Ogerpon|Ogerpon-Hearthflame, F|100\/100\n|-ability|p1b: Ogerpon|Mold Breaker\n|turn|5\n|\n|t:|1700245849\n|move|p2a: Farigiraf|Ally Switch|p2a: Farigiraf\n|swap|p2a: Farigiraf|1|[from] move: Ally Switch\n|move|p1b: Ogerpon|Trailblaze|p2b: Farigiraf\n|-damage|p2b: Farigiraf|0 fnt\n|-boost|p1b: Ogerpon|spe|1\n|faint|p2b: Farigiraf\n|move|p2a: Palafin|Wave Crash|p1b: Ogerpon\n|-damage|p1b: Ogerpon|0 fnt\n|faint|p1b: Ogerpon\n|-damage|p2a: Palafin|51\/100|[from] Recoil\n|move|p1a: Murkrow|Foul Play|p2a: Palafin\n|-damage|p2a: Palafin|0 fnt\n|faint|p2a: Palafin\n|\n|-weather|RainDance|[upkeep]\n|-sideend|p1: GohanDiamonD|move: Tailwind\n|upkeep\n|\n|t:|1700245860\n|switch|p1b: Torterra|Torterra, F|100\/100\n|switch|p2a: Amoonguss|Amoonguss, M, shiny|100\/100\n|switch|p2b: Basculegion|Basculegion-F, F|100\/100\n|turn|6\n|\n|t:|1700245874\n|-terastallize|p2b: Basculegion|Ghost\n|move|p2a: Amoonguss|Protect|p2a: Amoonguss\n|-singleturn|p2a: Amoonguss|Protect\n|move|p1a: Murkrow|Taunt|p2a: Amoonguss\n|-activate|p2a: Amoonguss|move: Protect\n|move|p2b: Basculegion|Last Respects|p1a: Murkrow\n|-resisted|p1a: Murkrow\n|-damage|p1a: Murkrow|0 fnt\n|faint|p1a: Murkrow\n|move|p1b: Torterra|Bullet Seed|p2b: Basculegion\n|-damage|p2b: Basculegion|84\/100\n|-damage|p2b: Basculegion|66\/100\n|-damage|p2b: Basculegion|51\/100\n|-damage|p2b: Basculegion|34\/100\n|-damage|p2b: Basculegion|17\/100\n|-hitcount|p2b: Basculegion|5\n|\n|-weather|RainDance|[upkeep]\n|-sideend|p2: its-sam87|move: Tailwind\n|upkeep\n|\n|t:|1700245879\n|switch|p1a: Flutter Mane|Flutter Mane|100\/100\n|-enditem|p1a: Flutter Mane|Booster Energy\n|-activate|p1a: Flutter Mane|ability: Protosynthesis|[fromitem]\n|-start|p1a: Flutter Mane|protosynthesisspe\n|turn|7\n|\n|t:|1700245898\n|move|p1a: Flutter Mane|Protect|p1a: Flutter Mane\n|-singleturn|p1a: Flutter Mane|Protect\n|move|p2a: Amoonguss|Rage Powder|p2a: Amoonguss\n|-singleturn|p2a: Amoonguss|move: Rage Powder\n|move|p2b: Basculegion|Last Respects|p1b: Torterra\n|-damage|p1b: Torterra|0 fnt\n|faint|p1b: Torterra\n|\n|-weather|RainDance|[upkeep]\n|upkeep\n|\n|t:|1700245906\n|switch|p1b: Gholdengo|Gholdengo|100\/100\n|-item|p1b: Gholdengo|Air Balloon\n|turn|8\n|\n|t:|1700245918\n|move|p2a: Amoonguss|Rage Powder|p2a: Amoonguss\n|-singleturn|p2a: Amoonguss|move: Rage Powder\n|move|p2b: Basculegion|Last Respects|p1b: Gholdengo\n|-supereffective|p1b: Gholdengo\n|-damage|p1b: Gholdengo|0 fnt\n|-enditem|p1b: Gholdengo|Air Balloon\n|faint|p1b: Gholdengo\n|move|p1a: Flutter Mane|Dazzling Gleam|p2a: Amoonguss|[spread] p2a,p2b\n|-resisted|p2a: Amoonguss\n|-damage|p2a: Amoonguss|89\/100\n|-damage|p2b: Basculegion|0 fnt\n|faint|p2b: Basculegion\n|\n|-weather|none\n|upkeep\n|\n|t:|1700245927\n|switch|p2b: Pelipper|Pelipper, F, shiny|100\/100\n|-weather|RainDance|[from] ability: Drizzle|[of] p2b: Pelipper\n|turn|9\n|\n|t:|1700245933\n|move|p1a: Flutter Mane|Moonblast|p2b: Pelipper\n|-damage|p2b: Pelipper|35\/100\n|-unboost|p2b: Pelipper|spa|1\n|move|p2b: Pelipper|Hydro Pump|p1a: Flutter Mane|[miss]\n|-miss|p2b: Pelipper|p1a: Flutter Mane\n|move|p2a: Amoonguss|Spore|p1a: Flutter Mane\n|-status|p1a: Flutter Mane|slp|[from] move: Spore\n|\n|-weather|RainDance|[upkeep]\n|upkeep\n|turn|10\n|\n|t:|1700245942\n|cant|p1a: Flutter Mane|slp\n|move|p2b: Pelipper|Hydro Pump|p1a: Flutter Mane\n|-damage|p1a: Flutter Mane|72\/100 slp\n|move|p2a: Amoonguss|Pollen Puff|p2b: Pelipper\n|-heal|p2b: Pelipper|85\/100\n|\n|-weather|RainDance|[upkeep]\n|upkeep\n|turn|11\n|inactive|its-sam87 has 120 seconds left.\n|\n|t:|1700245978\n|cant|p1a: Flutter Mane|slp\n|move|p2b: Pelipper|Hydro Pump|p1a: Flutter Mane|[miss]\n|-miss|p2b: Pelipper|p1a: Flutter Mane\n|move|p2a: Amoonguss|Pollen Puff|p2b: Pelipper\n|-heal|p2b: Pelipper|100\/100\n|\n|-weather|RainDance|[upkeep]\n|upkeep\n|turn|12\n|\n|t:|1700245992\n|-curestatus|p1a: Flutter Mane|slp|[msg]\n|move|p1a: Flutter Mane|Moonblast|p2b: Pelipper\n|-damage|p2b: Pelipper|38\/100\n|-unboost|p2b: Pelipper|spa|1\n|move|p2b: Pelipper|Hydro Pump|p1a: Flutter Mane\n|-damage|p1a: Flutter Mane|48\/100\n|move|p2a: Amoonguss|Spore|p1a: Flutter Mane\n|-status|p1a: Flutter Mane|slp|[from] move: Spore\n|\n|-weather|RainDance|[upkeep]\n|upkeep\n|turn|13\n|\n|t:|1700246010\n|cant|p1a: Flutter Mane|slp\n|move|p2b: Pelipper|Hydro Pump|p1a: Flutter Mane|[miss]\n|-miss|p2b: Pelipper|p1a: Flutter Mane\n|move|p2a: Amoonguss|Pollen Puff|p2b: Pelipper\n|-heal|p2b: Pelipper|88\/100\n|\n|-weather|RainDance|[upkeep]\n|upkeep\n|turn|14\n|c|\u2606its-sam87|ffs pelipper\n|\n|t:|1700246039\n|-curestatus|p1a: Flutter Mane|slp|[msg]\n|move|p1a: Flutter Mane|Protect|p1a: Flutter Mane\n|-singleturn|p1a: Flutter Mane|Protect\n|move|p2b: Pelipper|Hydro Pump|p1a: Flutter Mane\n|-activate|p1a: Flutter Mane|move: Protect\n|move|p2a: Amoonguss|Pollen Puff|p2b: Pelipper\n|-heal|p2b: Pelipper|100\/100\n|\n|-weather|RainDance|[upkeep]\n|upkeep\n|turn|15\n|\n|t:|1700246055\n|-terastallize|p1a: Flutter Mane|Fairy\n|move|p1a: Flutter Mane|Moonblast|p2b: Pelipper\n|-damage|p2b: Pelipper|18\/100\n|move|p2b: Pelipper|Hydro Pump|p1a: Flutter Mane\n|-damage|p1a: Flutter Mane|23\/100\n|move|p2a: Amoonguss|Spore|p1a: Flutter Mane\n|-status|p1a: Flutter Mane|slp|[from] move: Spore\n|\n|-weather|RainDance|[upkeep]\n|upkeep\n|turn|16\n|inactive|its-sam87 has 120 seconds left.\n|\n|t:|1700246086\n|cant|p1a: Flutter Mane|slp\n|move|p2b: Pelipper|Hydro Pump|p1a: Flutter Mane|[miss]\n|-miss|p2b: Pelipper|p1a: Flutter Mane\n|move|p2a: Amoonguss|Pollen Puff|p2b: Pelipper\n|-heal|p2b: Pelipper|68\/100\n|\n|-weather|none\n|upkeep\n|turn|17\n|\n|t:|1700246105\n|cant|p1a: Flutter Mane|slp\n|move|p2b: Pelipper|U-turn|p1a: Flutter Mane\n|-resisted|p1a: Flutter Mane\n|-damage|p1a: Flutter Mane|17\/100 slp\n|move|p2a: Amoonguss|Pollen Puff|p2b: Pelipper\n|-heal|p2b: Pelipper|100\/100\n|\n|upkeep\n|turn|18\n|\n|t:|1700246118\n|cant|p1a: Flutter Mane|slp\n|move|p2a: Amoonguss|Rage Powder|p2a: Amoonguss\n|-singleturn|p2a: Amoonguss|move: Rage Powder\n|move|p2b: Pelipper|U-turn|p1a: Flutter Mane\n|-resisted|p1a: Flutter Mane\n|-damage|p1a: Flutter Mane|11\/100 slp\n|\n|upkeep\n|turn|19\n|\n|t:|1700246132\n|-curestatus|p1a: Flutter Mane|slp|[msg]\n|move|p1a: Flutter Mane|Shadow Ball|p2a: Amoonguss\n|-damage|p2a: Amoonguss|56\/100\n|move|p2b: Pelipper|U-turn|p1a: Flutter Mane\n|-resisted|p1a: Flutter Mane\n|-damage|p1a: Flutter Mane|6\/100\n|move|p2a: Amoonguss|Spore|p1a: Flutter Mane\n|-status|p1a: Flutter Mane|slp|[from] move: Spore\n|\n|upkeep\n|turn|20\n|\n|t:|1700246152\n|cant|p1a: Flutter Mane|slp\n|move|p2b: Pelipper|U-turn|p1a: Flutter Mane\n|-resisted|p1a: Flutter Mane\n|-damage|p1a: Flutter Mane|0 fnt\n|faint|p1a: Flutter Mane\n|-end|p1a: Flutter Mane|Protosynthesis|[silent]\n|\n|win|its-sam87\n|raw|GohanDiamonD's rating: 1351 &rarr; <strong>1336<\/strong><br \/>(-15 for losing)\n|raw|its-sam87's rating: 1447 &rarr; <strong>1462<\/strong><br \/>(+15 for winning)\n|c|\u2606its-sam87|gg\n|c|\u2606GohanDiamonD|gg\n|l|\u2606GohanDiamonD\n","uploadtime":1700246228,"views":10,"p1id":"gohandiamond","p2id":"itssam87","formatid":"gen9doublesou","rating":1336,"private":0,"password":""}