{"id":"gen9doublesou-1986557942","p1":"Sm0k3y","p2":"biddyboyy","format":"[Gen 9] Doubles OU","log":"|j|\u2606Sm0k3y\n|j|\u2606biddyboyy\n|t:|1699491766\n|gametype|doubles\n|player|p1|Sm0k3y|silver|1288\n|player|p2|biddyboyy|gentleman-gen4dp|1351\n|teamsize|p1|6\n|teamsize|p2|6\n|gen|9\n|tier|[Gen 9] Doubles OU\n|rated|\n|rule|Species Clause: Limit one of each Pok\u00e9mon\n|rule|OHKO Clause: OHKO moves are banned\n|rule|Evasion Moves Clause: Evasion moves are banned\n|rule|Gravity Sleep Clause: The combination of sleep-inducing moves with imperfect accuracy and Gravity or Gigantamax Orbeetle are banned\n|rule|Endless Battle Clause: Forcing endless battles is banned\n|rule|HP Percentage Mod: HP is shown in percentages\n|clearpoke\n|poke|p1|Sinistcha-Masterpiece|\n|poke|p1|Okidogi, M|\n|poke|p1|Rillaboom, F|\n|poke|p1|Ursaluna-Bloodmoon, M|\n|poke|p1|Ariados, F|\n|poke|p1|Grimmsnarl, M|\n|poke|p2|Roaring Moon|\n|poke|p2|Sinistcha|\n|poke|p2|Iron Hands|\n|poke|p2|Arcanine-Hisui, F|\n|poke|p2|Gholdengo|\n|poke|p2|Ogerpon-Wellspring, F|\n|teampreview\n|\n|t:|1699491784\n|start\n|switch|p1a: Ariados|Ariados, F, shiny|100\/100\n|switch|p1b: Grimmsnarl|Grimmsnarl, M, shiny|100\/100\n|switch|p2a: Roaring Moon|Roaring Moon|100\/100\n|switch|p2b: Arcanine|Arcanine-Hisui, F|100\/100\n|-ability|p2b: Arcanine|Intimidate|boost\n|-unboost|p1a: Ariados|atk|1\n|-unboost|p1b: Grimmsnarl|atk|1\n|turn|1\n|\n|t:|1699491806\n|-terastallize|p2b: Arcanine|Fairy\n|move|p1b: Grimmsnarl|Reflect|p1b: Grimmsnarl\n|-sidestart|p1: Sm0k3y|Reflect\n|move|p2a: Roaring Moon|Tailwind|p2a: Roaring Moon\n|-sidestart|p2: biddyboyy|move: Tailwind\n|move|p2b: Arcanine|Tera Blast|p1b: Grimmsnarl|[anim] Tera Blast Fairy\n|-supereffective|p1b: Grimmsnarl\n|-damage|p1b: Grimmsnarl|37\/100\n|move|p1a: Ariados|Toxic Thread|p2a: Roaring Moon\n|-unboost|p2a: Roaring Moon|spe|1\n|-status|p2a: Roaring Moon|psn\n|\n|-damage|p2a: Roaring Moon|88\/100 psn|[from] psn\n|upkeep\n|turn|2\n|\n|t:|1699491839\n|move|p1b: Grimmsnarl|Light Screen|p1b: Grimmsnarl\n|-sidestart|p1: Sm0k3y|move: Light Screen\n|move|p2b: Arcanine|Flare Blitz|p1a: Ariados\n|-supereffective|p1a: Ariados\n|-enditem|p1a: Ariados|Focus Sash\n|-damage|p1a: Ariados|1\/100\n|-damage|p2b: Arcanine|68\/100|[from] Recoil\n|move|p2a: Roaring Moon|Knock Off|p1b: Grimmsnarl\n|-resisted|p1b: Grimmsnarl\n|-damage|p1b: Grimmsnarl|27\/100\n|-enditem|p1b: Grimmsnarl|Light Clay|[from] move: Knock Off|[of] p2a: Roaring Moon\n|move|p1a: Ariados|Cross Poison|p2b: Arcanine\n|-supereffective|p2b: Arcanine\n|-damage|p2b: Arcanine|16\/100\n|\n|-damage|p2a: Roaring Moon|76\/100 psn|[from] psn\n|upkeep\n|turn|3\n|\n|t:|1699491885\n|-end|p2a: Roaring Moon|Protosynthesis|[silent]\n|switch|p2a: Ogerpon|Ogerpon-Wellspring, F|100\/100\n|move|p2b: Arcanine|Rock Slide|p1b: Grimmsnarl|[spread] p1a,p1b\n|-supereffective|p1a: Ariados\n|-damage|p1a: Ariados|0 fnt\n|-damage|p1b: Grimmsnarl|3\/100\n|faint|p1a: Ariados\n|move|p1b: Grimmsnarl|Spirit Break|p2a: Ogerpon\n|-damage|p2a: Ogerpon|76\/100\n|-unboost|p2a: Ogerpon|spa|1\n|\n|upkeep\n|\n|t:|1699491892\n|switch|p1a: Rillaboom|Rillaboom, F, shiny|100\/100\n|-fieldstart|move: Grassy Terrain|[from] ability: Grassy Surge|[of] p1a: Rillaboom\n|turn|4\n|\n|t:|1699491942\n|switch|p2b: Gholdengo|Gholdengo|100\/100\n|move|p1a: Rillaboom|Fake Out|p2b: Gholdengo\n|-immune|p2b: Gholdengo\n|move|p2a: Ogerpon|Horn Leech|p1b: Grimmsnarl\n|-damage|p1b: Grimmsnarl|0 fnt\n|-heal|p2a: Ogerpon|78\/100|[from] drain|[of] p1b: Grimmsnarl\n|faint|p1b: Grimmsnarl\n|\n|-heal|p2a: Ogerpon|84\/100|[from] Grassy Terrain\n|-sideend|p2: biddyboyy|move: Tailwind\n|upkeep\n|inactive|Battle timer is ON: inactive players will automatically lose when time's up. (requested by Sm0k3y)\n|\n|t:|1699491960\n|switch|p1b: Okidogi|Okidogi, M|100\/100\n|turn|5\n|\n|t:|1699491978\n|move|p2a: Ogerpon|Ivy Cudgel|p1b: Okidogi\n|-damage|p1b: Okidogi|69\/100\n|move|p1a: Rillaboom|Drain Punch|p2a: Ogerpon\n|-crit|p2a: Ogerpon\n|-damage|p2a: Ogerpon|31\/100\n|move|p2b: Gholdengo|Nasty Plot|p2b: Gholdengo\n|-boost|p2b: Gholdengo|spa|2\n|move|p1b: Okidogi|Crunch|p2b: Gholdengo\n|-supereffective|p2b: Gholdengo\n|-damage|p2b: Gholdengo|27\/100\n|-enditem|p2b: Gholdengo|Sitrus Berry|[eat]\n|-heal|p2b: Gholdengo|52\/100|[from] item: Sitrus Berry\n|\n|-heal|p2a: Ogerpon|37\/100|[from] Grassy Terrain\n|-heal|p2b: Gholdengo|58\/100|[from] Grassy Terrain\n|-heal|p1b: Okidogi|75\/100|[from] Grassy Terrain\n|upkeep\n|turn|6\n|inactive|biddyboyy has 120 seconds left.\n|\n|t:|1699492012\n|switch|p2a: Sinistcha|Sinistcha|100\/100\n|-heal|p2b: Gholdengo|83\/100|[from] ability: Hospitality|[of] p2a: Sinistcha\n|move|p1a: Rillaboom|Grassy Glide|p2a: Sinistcha\n|-resisted|p2a: Sinistcha\n|-damage|p2a: Sinistcha|88\/100\n|-damage|p1a: Rillaboom|84\/100|[from] item: Rocky Helmet|[of] p2a: Sinistcha\n|move|p2b: Gholdengo|Make It Rain|p1a: Rillaboom|[spread] p1a,p1b\n|-damage|p1a: Rillaboom|2\/100\n|-damage|p1b: Okidogi|15\/100\n|-unboost|p2b: Gholdengo|spa|1\n|move|p1b: Okidogi|Crunch|p2b: Gholdengo\n|-supereffective|p2b: Gholdengo\n|-damage|p2b: Gholdengo|12\/100\n|-unboost|p2b: Gholdengo|def|1\n|\n|-heal|p1a: Rillaboom|8\/100|[from] Grassy Terrain\n|-heal|p2b: Gholdengo|18\/100|[from] Grassy Terrain\n|-heal|p1b: Okidogi|21\/100|[from] Grassy Terrain\n|-heal|p2a: Sinistcha|94\/100|[from] Grassy Terrain\n|upkeep\n|turn|7\n|inactive|biddyboyy has 120 seconds left.\n|inactive|Sm0k3y has 120 seconds left.\n|\n|t:|1699492046\n|move|p1a: Rillaboom|Grassy Glide|p2b: Gholdengo\n|-resisted|p2b: Gholdengo\n|-damage|p2b: Gholdengo|0 fnt\n|faint|p2b: Gholdengo\n|move|p1b: Okidogi|Crunch|p2a: Sinistcha\n|-supereffective|p2a: Sinistcha\n|-damage|p2a: Sinistcha|49\/100\n|-damage|p1b: Okidogi|4\/100|[from] item: Rocky Helmet|[of] p2a: Sinistcha\n|move|p2a: Sinistcha|Matcha Gotcha|p1a: Rillaboom|[spread] p1a,p1b\n|-resisted|p1a: Rillaboom\n|-resisted|p1b: Okidogi\n|-damage|p1a: Rillaboom|0 fnt\n|-heal|p2a: Sinistcha|53\/100|[from] drain|[of] p1a: Rillaboom\n|-damage|p1b: Okidogi|0 fnt\n|-heal|p2a: Sinistcha|55\/100|[from] drain|[of] p1b: Okidogi\n|faint|p1a: Rillaboom\n|faint|p1b: Okidogi\n|\n|-heal|p2a: Sinistcha|61\/100|[from] Grassy Terrain\n|upkeep\n|inactive|biddyboyy has 120 seconds left.\n|\n|t:|1699492073\n|switch|p1a: Ursaluna|Ursaluna-Bloodmoon, M|100\/100\n|switch|p2b: Roaring Moon|Roaring Moon|76\/100 psn\n|switch|p1b: Sinistcha|Sinistcha-Masterpiece, shiny|100\/100\n|turn|8\n|inactive|biddyboyy has 120 seconds left.\n|\n|t:|1699492107\n|move|p2b: Roaring Moon|Knock Off|p1b: Sinistcha\n|-supereffective|p1b: Sinistcha\n|-damage|p1b: Sinistcha|32\/100\n|-enditem|p1b: Sinistcha|Leftovers|[from] move: Knock Off|[of] p2b: Roaring Moon\n|move|p1b: Sinistcha|Hex|p2a: Sinistcha\n|-supereffective|p2a: Sinistcha\n|-damage|p2a: Sinistcha|0 fnt\n|faint|p2a: Sinistcha\n|move|p1a: Ursaluna|Calm Mind|p1a: Ursaluna\n|-boost|p1a: Ursaluna|spa|1\n|-boost|p1a: Ursaluna|spd|1\n|\n|-heal|p2b: Roaring Moon|82\/100 psn|[from] Grassy Terrain\n|-heal|p1b: Sinistcha|38\/100|[from] Grassy Terrain\n|-damage|p2b: Roaring Moon|70\/100 psn|[from] psn\n|-sideend|p1: Sm0k3y|Reflect\n|upkeep\n|\n|t:|1699492120\n|switch|p2a: Iron Hands|Iron Hands|100\/100\n|-enditem|p2a: Iron Hands|Booster Energy\n|-activate|p2a: Iron Hands|ability: Quark Drive|[fromitem]\n|-start|p2a: Iron Hands|quarkdriveatk\n|turn|9\n|\n|t:|1699492129\n|-terastallize|p1b: Sinistcha|Water\n|move|p2a: Iron Hands|Fake Out|p1a: Ursaluna\n|-damage|p1a: Ursaluna|87\/100\n|move|p2b: Roaring Moon|Knock Off|p1b: Sinistcha\n|-damage|p1b: Sinistcha|6\/100\n|move|p1b: Sinistcha|Matcha Gotcha|p2a: Iron Hands|[spread] p2a,p2b\n|-resisted|p2b: Roaring Moon\n|-damage|p2a: Iron Hands|67\/100\n|-heal|p1b: Sinistcha|28\/100|[from] drain|[of] p2a: Iron Hands\n|-damage|p2b: Roaring Moon|51\/100 psn\n|-heal|p1b: Sinistcha|38\/100|[from] drain|[of] p2b: Roaring Moon\n|cant|p1a: Ursaluna|flinch\n|\n|-heal|p2b: Roaring Moon|57\/100 psn|[from] Grassy Terrain\n|-heal|p1b: Sinistcha|44\/100|[from] Grassy Terrain\n|-heal|p1a: Ursaluna|93\/100|[from] Grassy Terrain\n|-heal|p1a: Ursaluna|99\/100|[from] item: Leftovers\n|-heal|p2a: Iron Hands|73\/100|[from] Grassy Terrain\n|-damage|p2b: Roaring Moon|45\/100 psn|[from] psn\n|-sideend|p1: Sm0k3y|move: Light Screen\n|upkeep\n|turn|10\n|\n|t:|1699492158\n|move|p2b: Roaring Moon|Knock Off|p1a: Ursaluna\n|-damage|p1a: Ursaluna|61\/100\n|-enditem|p1a: Ursaluna|Leftovers|[from] move: Knock Off|[of] p2b: Roaring Moon\n|move|p1b: Sinistcha|Scald|p2a: Iron Hands\n|-damage|p2a: Iron Hands|38\/100\n|move|p1a: Ursaluna|Hyper Voice|p2b: Roaring Moon|[spread] p2a,p2b\n|-damage|p2a: Iron Hands|0 fnt\n|-damage|p2b: Roaring Moon|0 fnt\n|faint|p2a: Iron Hands\n|-end|p2a: Iron Hands|Quark Drive|[silent]\n|faint|p2b: Roaring Moon\n|-end|p2b: Roaring Moon|Protosynthesis|[silent]\n|\n|-heal|p1b: Sinistcha|50\/100|[from] Grassy Terrain\n|-heal|p1a: Ursaluna|67\/100|[from] Grassy Terrain\n|upkeep\n|inactive|biddyboyy has 120 seconds left.\n|\n|t:|1699492172\n|switch|p2b: Arcanine|Arcanine-Hisui, F, tera:Fairy|16\/100\n|switch|p2a: Ogerpon|Ogerpon-Wellspring, F|37\/100\n|-ability|p2b: Arcanine|Intimidate|boost\n|-unboost|p1a: Ursaluna|atk|1\n|-unboost|p1b: Sinistcha|atk|1\n|turn|11\n|\n|t:|1699492196\n|move|p2a: Ogerpon|Horn Leech|p1b: Sinistcha\n|-supereffective|p1b: Sinistcha\n|-damage|p1b: Sinistcha|0 fnt\n|-heal|p2a: Ogerpon|65\/100|[from] drain|[of] p1b: Sinistcha\n|faint|p1b: Sinistcha\n|move|p2b: Arcanine|Tera Blast|p1a: Ursaluna|[anim] Tera Blast Fairy\n|-damage|p1a: Ursaluna|39\/100\n|move|p1a: Ursaluna|Hyper Voice|p2b: Arcanine|[spread] p2a,p2b\n|-damage|p2a: Ogerpon|0 fnt\n|-damage|p2b: Arcanine|0 fnt\n|faint|p2a: Ogerpon\n|faint|p2b: Arcanine\n|\n|win|Sm0k3y\n|raw|Sm0k3y's rating: 1288 &rarr; <strong>1317<\/strong><br \/>(+29 for winning)\n|raw|biddyboyy's rating: 1351 &rarr; <strong>1327<\/strong><br \/>(-24 for losing)\n|c|\u2606biddyboyy|fuuuck wp\n|l|\u2606biddyboyy\n","uploadtime":1699492236,"views":11,"p1id":"sm0k3y","p2id":"biddyboyy","formatid":"gen9doublesou","rating":1317,"private":0,"password":""}