{"id":"gen9doublesou-1971267638","p1":"kevmn163","p2":"MattCol","format":"[Gen 9] Doubles OU","log":"|j|\u2606kevmn163\n|j|\u2606MattCol\n|t:|1697725131\n|gametype|doubles\n|player|p1|kevmn163|266|1255\n|player|p2|MattCol|crasherwake|1243\n|teamsize|p1|6\n|teamsize|p2|6\n|gen|9\n|tier|[Gen 9] Doubles OU\n|rated|\n|rule|Species Clause: Limit one of each Pok\u00e9mon\n|rule|OHKO Clause: OHKO moves are banned\n|rule|Evasion Moves Clause: Evasion moves are banned\n|rule|Gravity Sleep Clause: The combination of sleep-inducing moves with imperfect accuracy and Gravity or Gigantamax Orbeetle are banned\n|rule|Endless Battle Clause: Forcing endless battles is banned\n|rule|HP Percentage Mod: HP is shown in percentages\n|clearpoke\n|poke|p1|Indeedee-F, F|\n|poke|p1|Armarouge, M|\n|poke|p1|Baxcalibur, M|\n|poke|p1|Hydreigon, F|\n|poke|p1|Kingambit, M|\n|poke|p1|Landorus, M|\n|poke|p2|Quaquaval, M|\n|poke|p2|Baxcalibur, M|\n|poke|p2|Cinderace, F|\n|poke|p2|Slowbro-Galar, F|\n|poke|p2|Zarude-Dada|\n|poke|p2|Pelipper, M|\n|teampreview\n|\n|t:|1697725145\n|start\n|switch|p1a: Indeedee|Indeedee-F, F|100\/100\n|switch|p1b: Armarouge|Armarouge, M|100\/100\n|switch|p2a: Cinderace|Cinderace, F|100\/100\n|switch|p2b: Slowbro|Slowbro-Galar, F|100\/100\n|-fieldstart|move: Psychic Terrain|[from] ability: Psychic Surge|[of] p1a: Indeedee\n|turn|1\n|\n|t:|1697725179\n|-terastallize|p1b: Armarouge|Psychic\n|-terastallize|p2b: Slowbro|Dark\n|move|p1a: Indeedee|Follow Me|p1a: Indeedee\n|-singleturn|p1a: Indeedee|move: Follow Me\n|move|p2a: Cinderace|U-turn|p1a: Indeedee\n|-start|p2a: Cinderace|typechange|Bug|[from] ability: Libero\n|-supereffective|p1a: Indeedee\n|-damage|p1a: Indeedee|38\/100\n|\n|t:|1697725189\n|switch|p2a: Zarude|Zarude-Dada|100\/100|[from] U-turn\n|move|p1b: Armarouge|Expanding Force|p2b: Slowbro|[spread] \n|-immune|p2a: Zarude\n|-immune|p2b: Slowbro\n|move|p2b: Slowbro|Nasty Plot|p2b: Slowbro\n|-boost|p2b: Slowbro|spa|2\n|\n|-heal|p1a: Indeedee|44\/100|[from] item: Leftovers\n|upkeep\n|turn|2\n|-activate|p2b: Slowbro|item: Quick Claw\n|\n|t:|1697725212\n|switch|p1b: Hydreigon|Hydreigon, F|100\/100\n|move|p1a: Indeedee|Protect|p1a: Indeedee\n|-singleturn|p1a: Indeedee|Protect\n|move|p2b: Slowbro|Shell Side Arm|p1b: Hydreigon|[anim] Shell Side Arm Special\n|-damage|p1b: Hydreigon|6\/100\n|-hint|Special Shell Side Arm\n|-status|p1b: Hydreigon|psn\n|move|p2a: Zarude|Knock Off|p1b: Hydreigon\n|-resisted|p1b: Hydreigon\n|-damage|p1b: Hydreigon|0 fnt\n|-damage|p2a: Zarude|84\/100|[from] item: Rocky Helmet|[of] p1b: Hydreigon\n|-enditem|p1b: Hydreigon|Rocky Helmet|[from] move: Knock Off|[of] p2a: Zarude\n|faint|p1b: Hydreigon\n|\n|-heal|p1a: Indeedee|50\/100|[from] item: Leftovers\n|upkeep\n|\n|t:|1697725224\n|switch|p1b: Landorus|Landorus, M|100\/100\n|turn|3\n|\n|t:|1697725237\n|move|p1a: Indeedee|Helping Hand|p1b: Landorus\n|-singleturn|p1b: Landorus|Helping Hand|[of] p1a: Indeedee\n|move|p2a: Zarude|Knock Off|p1a: Indeedee\n|-supereffective|p1a: Indeedee\n|-damage|p1a: Indeedee|0 fnt\n|-enditem|p1a: Indeedee|Leftovers|[from] move: Knock Off|[of] p2a: Zarude\n|faint|p1a: Indeedee\n|move|p1b: Landorus|Sludge Bomb|p2a: Zarude\n|-supereffective|p2a: Zarude\n|-damage|p2a: Zarude|0 fnt\n|faint|p2a: Zarude\n|move|p2b: Slowbro|Surf|p1b: Landorus\n|-supereffective|p1b: Landorus\n|-damage|p1b: Landorus|0 fnt\n|faint|p1b: Landorus\n|\n|upkeep\n|\n|t:|1697725254\n|switch|p2a: Cinderace|Cinderace, F|100\/100\n|switch|p1b: Armarouge|Armarouge, M, tera:Psychic|100\/100\n|switch|p1a: Baxcalibur|Baxcalibur, M|100\/100\n|turn|4\n|-activate|p2b: Slowbro|ability: Quick Draw\n|\n|t:|1697725265\n|move|p2b: Slowbro|Shell Side Arm|p1b: Armarouge|[anim] Shell Side Arm Special\n|-damage|p1b: Armarouge|0 fnt\n|-hint|Special Shell Side Arm\n|faint|p1b: Armarouge\n|move|p2a: Cinderace|Pyro Ball|p1a: Baxcalibur\n|-damage|p1a: Baxcalibur|45\/100\n|-ability|p1a: Baxcalibur|Thermal Exchange|boost\n|-boost|p1a: Baxcalibur|atk|1\n|move|p1a: Baxcalibur|Glaive Rush|p2b: Slowbro\n|-damage|p2b: Slowbro|8\/100\n|-singlemove|p1a: Baxcalibur|Glaive Rush|[silent]\n|\n|upkeep\n|\n|t:|1697725275\n|switch|p1b: Kingambit|Kingambit, M|100\/100\n|-activate|p1b: Kingambit|ability: Supreme Overlord\n|-start|p1b: Kingambit|fallen4|[silent]\n|turn|5\n|\n|t:|1697725302\n|move|p1b: Kingambit|Sucker Punch|p2a: Cinderace\n|-activate|p2a: Cinderace|move: Psychic Terrain\n|move|p2a: Cinderace|High Jump Kick|p1b: Kingambit\n|-start|p2a: Cinderace|typechange|Fighting|[from] ability: Libero\n|-supereffective|p1b: Kingambit\n|-damage|p1b: Kingambit|0 fnt\n|faint|p1b: Kingambit\n|-end|p1b: Kingambit|fallen4|[silent]\n|move|p1a: Baxcalibur|Glaive Rush|p2a: Cinderace\n|-damage|p2a: Cinderace|0 fnt\n|-singlemove|p1a: Baxcalibur|Glaive Rush|[silent]\n|faint|p2a: Cinderace\n|move|p2b: Slowbro|Shell Side Arm|p1a: Baxcalibur|[anim] Shell Side Arm Special\n|-damage|p1a: Baxcalibur|0 fnt\n|-hint|Special Shell Side Arm\n|faint|p1a: Baxcalibur\n|\n|win|MattCol\n|raw|kevmn163's rating: 1255 &rarr; <strong>1229<\/strong><br \/>(-26 for losing)\n|raw|MattCol's rating: 1243 &rarr; <strong>1269<\/strong><br \/>(+26 for winning)\n|l|\u2606kevmn163\n","uploadtime":1697725321,"views":16,"p1id":"kevmn163","p2id":"mattcol","formatid":"gen9doublesou","rating":1229,"private":0,"password":""}