{"id":"gen9doublesou-1993708381","p1":"schoolplays","p2":"DabBuster184","format":"[Gen 9] Doubles OU","log":"|j|\u2606schoolplays\n|j|\u2606DabBuster184\n|inactive|Battle timer is ON: inactive players will automatically lose when time's up.\n|t:|1700347938\n|gametype|doubles\n|player|p1|schoolplays|flannery|\n|player|p2|DabBuster184|caitlin|\n|teamsize|p1|6\n|teamsize|p2|6\n|gen|9\n|tier|[Gen 9] Doubles OU\n|rated|Tournament battle\n|rule|Species Clause: Limit one of each Pok\u00e9mon\n|rule|OHKO Clause: OHKO moves are banned\n|rule|Evasion Moves Clause: Evasion moves are banned\n|rule|Gravity Sleep Clause: The combination of sleep-inducing moves with imperfect accuracy and Gravity or Gigantamax Orbeetle are banned\n|rule|Endless Battle Clause: Forcing endless battles is banned\n|rule|HP Percentage Mod: HP is shown in percentages\n|clearpoke\n|poke|p1|Silicobra, M|\n|poke|p1|Ekans, M|\n|poke|p1|Skrelp, M|\n|poke|p1|Bisharp, M|\n|poke|p1|Fidough, F|\n|poke|p1|Tadbulb, F|\n|poke|p2|Spinarak, M|\n|poke|p2|Vullaby, F|\n|poke|p2|Sandshrew, M|\n|poke|p2|Tarountula, F|\n|poke|p2|Arctibax, F|\n|poke|p2|Aipom, M|\n|teampreview\n|j|*Lady Monita \u2746\n|inactive|DabBuster184 also wants the timer to be on.\n|c|\u2606DabBuster184|glhf\n|inactive|DabBuster184 has 120 seconds left.\n|\n|t:|1700347970\n|start\n|switch|p1a: Ekans|Ekans, M|100\/100\n|switch|p1b: Skrelp|Skrelp, M|100\/100\n|switch|p2a: Spinarak|Spinarak, M|100\/100\n|switch|p2b: Aipom|Aipom, M|100\/100\n|-ability|p1a: Ekans|Intimidate|boost\n|-unboost|p2a: Spinarak|atk|1\n|-unboost|p2b: Aipom|atk|1\n|turn|1\n|\n|t:|1700347978\n|move|p2b: Aipom|Fake Out|p1a: Ekans\n|-damage|p1a: Ekans|79\/100\n|cant|p1a: Ekans|flinch\n|move|p1b: Skrelp|Toxic Spikes|p2a: Spinarak\n|-sidestart|p2: DabBuster184|move: Toxic Spikes\n|move|p2a: Spinarak|Sticky Web|p1b: Skrelp\n|-sidestart|p1: schoolplays|move: Sticky Web\n|\n|-heal|p1a: Ekans|85\/100|[from] item: Black Sludge\n|upkeep\n|turn|2\n|j| zacianboi101\n|\n|t:|1700347995\n|move|p2b: Aipom|Knock Off|p1a: Ekans\n|-damage|p1a: Ekans|47\/100\n|-enditem|p1a: Ekans|Black Sludge|[from] move: Knock Off|[of] p2b: Aipom\n|move|p1a: Ekans|Knock Off|p2b: Aipom\n|-damage|p2b: Aipom|67\/100\n|-enditem|p2b: Aipom|Focus Sash|[from] move: Knock Off|[of] p1a: Ekans\n|move|p1b: Skrelp|Dragon Pulse|p2a: Spinarak\n|-damage|p2a: Spinarak|72\/100\n|move|p2a: Spinarak|Infestation|p1b: Skrelp\n|-resisted|p1b: Skrelp\n|-damage|p1b: Skrelp|99\/100\n|-activate|p1b: Skrelp|move: Infestation|[of] p2a: Spinarak\n|\n|-damage|p1b: Skrelp|86\/100|[from] move: Infestation|[partiallytrapped]\n|upkeep\n|turn|3\n|\n|t:|1700348013\n|move|p2a: Spinarak|Rage Powder|p2a: Spinarak\n|-singleturn|p2a: Spinarak|move: Rage Powder\n|move|p2b: Aipom|Knock Off|p1b: Skrelp\n|-damage|p1b: Skrelp|70\/100\n|-enditem|p1b: Skrelp|Eviolite|[from] move: Knock Off|[of] p2b: Aipom\n|move|p1a: Ekans|Switcheroo|p2a: Spinarak\n|-activate|p1a: Ekans|move: Trick|[of] p2a: Spinarak\n|-enditem|p2a: Spinarak|Focus Sash|[silent]|[from] move: Switcheroo\n|-item|p1a: Ekans|Focus Sash|[from] move: Switcheroo\n|move|p1b: Skrelp|Sludge Bomb|p2a: Spinarak\n|-resisted|p2a: Spinarak\n|-damage|p2a: Spinarak|42\/100\n|\n|-damage|p1b: Skrelp|58\/100|[from] move: Infestation|[partiallytrapped]\n|upkeep\n|turn|4\n|j| E4Everyone\n|inactive|DabBuster184 has 120 seconds left.\n|\n|t:|1700348044\n|move|p2a: Spinarak|Rage Powder|p2a: Spinarak\n|-singleturn|p2a: Spinarak|move: Rage Powder\n|move|p2b: Aipom|Knock Off|p1a: Ekans\n|-damage|p1a: Ekans|10\/100\n|-enditem|p1a: Ekans|Focus Sash|[from] move: Knock Off|[of] p2b: Aipom\n|move|p1a: Ekans|Glare|p2a: Spinarak\n|-status|p2a: Spinarak|par\n|move|p1b: Skrelp|Dragon Pulse|p2a: Spinarak\n|-damage|p2a: Spinarak|13\/100 par\n|\n|-damage|p1b: Skrelp|45\/100|[from] move: Infestation|[partiallytrapped]\n|upkeep\n|turn|5\n|\n|t:|1700348060\n|cant|p2a: Spinarak|par\n|move|p2b: Aipom|Knock Off|p1a: Ekans\n|-damage|p1a: Ekans|0 fnt\n|faint|p1a: Ekans\n|move|p1b: Skrelp|Sludge Bomb|p2b: Aipom\n|-damage|p2b: Aipom|0 fnt\n|faint|p2b: Aipom\n|\n|-damage|p1b: Skrelp|33\/100|[from] move: Infestation|[partiallytrapped]\n|upkeep\n|\n|t:|1700348075\n|switch|p2b: Tarountula|Tarountula, F|100\/100\n|switch|p1a: Fidough|Fidough, F|100\/100\n|-activate|p1a: Fidough|move: Sticky Web\n|-unboost|p1a: Fidough|spe|1\n|-status|p2b: Tarountula|psn\n|turn|6\n|j| Fatol\n|\n|t:|1700348094\n|move|p1a: Fidough|Play Rough|p2b: Tarountula\n|-damage|p2b: Tarountula|73\/100 psn\n|move|p1b: Skrelp|Sludge Bomb|p2b: Tarountula\n|-damage|p2b: Tarountula|2\/100 psn\n|move|p2b: Tarountula|Spikes|p1a: Fidough\n|-sidestart|p1: schoolplays|Spikes\n|move|p2a: Spinarak|Toxic|p1a: Fidough\n|-status|p1a: Fidough|tox\n|\n|-damage|p1a: Fidough|94\/100 tox|[from] psn\n|-damage|p2b: Tarountula|0 fnt|[from] psn\n|faint|p2b: Tarountula\n|-damage|p1b: Skrelp|20\/100|[from] move: Infestation|[partiallytrapped]\n|upkeep\n|l| Fatol\n|\n|t:|1700348109\n|switch|p2b: Sandshrew|Sandshrew, M|100\/100\n|-status|p2b: Sandshrew|psn\n|turn|7\n|\n|t:|1700348135\n|cant|p2a: Spinarak|par\n|move|p2b: Sandshrew|Stealth Rock|p1a: Fidough\n|-sidestart|p1: schoolplays|move: Stealth Rock\n|move|p1a: Fidough|Play Rough|p2b: Sandshrew\n|-damage|p2b: Sandshrew|84\/100 psn\n|move|p1b: Skrelp|Dragon Pulse|p2b: Sandshrew\n|-damage|p2b: Sandshrew|47\/100 psn\n|\n|-damage|p2b: Sandshrew|34\/100 psn|[from] psn\n|-damage|p1a: Fidough|82\/100 tox|[from] psn\n|-end|p1b: Skrelp|Infestation|[partiallytrapped]\n|upkeep\n|turn|8\n|\n|t:|1700348156\n|move|p1b: Skrelp|Protect|p1b: Skrelp\n|-singleturn|p1b: Skrelp|Protect\n|cant|p2a: Spinarak|par\n|move|p2b: Sandshrew|Stomping Tantrum|p1b: Skrelp\n|-activate|p1b: Skrelp|move: Protect\n|move|p1a: Fidough|Play Rough|p2b: Sandshrew\n|-damage|p2b: Sandshrew|18\/100 psn\n|\n|-damage|p2b: Sandshrew|5\/100 psn|[from] psn\n|-damage|p1a: Fidough|64\/100 tox|[from] psn\n|upkeep\n|turn|9\n|\n|t:|1700348174\n|move|p2a: Spinarak|Rage Powder|p2a: Spinarak\n|-singleturn|p2a: Spinarak|move: Rage Powder\n|move|p2b: Sandshrew|Stomping Tantrum|p1b: Skrelp\n|-supereffective|p1b: Skrelp\n|-damage|p1b: Skrelp|0 fnt\n|faint|p1b: Skrelp\n|move|p1a: Fidough|Wish|p1a: Fidough\n|\n|-damage|p2b: Sandshrew|0 fnt|[from] psn\n|faint|p2b: Sandshrew\n|-damage|p1a: Fidough|39\/100 tox|[from] psn\n|upkeep\n|\n|t:|1700348186\n|switch|p2b: Vullaby|Vullaby, F|100\/100\n|switch|p1b: Tadbulb|Tadbulb, F|100\/100\n|-activate|p1b: Tadbulb|move: Sticky Web\n|-unboost|p1b: Tadbulb|spe|1\n|-damage|p1b: Tadbulb|88\/100|[from] Spikes\n|-damage|p1b: Tadbulb|76\/100|[from] Stealth Rock\n|turn|10\n|\n|t:|1700348198\n|cant|p2a: Spinarak|par\n|move|p2b: Vullaby|Tailwind|p2b: Vullaby\n|-sidestart|p2: DabBuster184|move: Tailwind\n|move|p1a: Fidough|Play Rough|p2b: Vullaby\n|-supereffective|p2b: Vullaby\n|-damage|p2b: Vullaby|78\/100\n|move|p1b: Tadbulb|Discharge|p2a: Spinarak|[spread] p1a,p2a,p2b\n|-supereffective|p2b: Vullaby\n|-damage|p1a: Fidough|12\/100 tox\n|-damage|p2a: Spinarak|0 fnt\n|-damage|p2b: Vullaby|40\/100\n|faint|p2a: Spinarak\n|\n|-heal|p1a: Fidough|62\/100 tox|[from] move: Wish|[wisher] Fidough\n|-damage|p1a: Fidough|32\/100 tox|[from] psn\n|upkeep\n|\n|t:|1700348210\n|switch|p2a: Arctibax|Arctibax, F|100\/100\n|-status|p2a: Arctibax|psn\n|turn|11\n|\n|t:|1700348223\n|move|p2a: Arctibax|Iron Head|p1a: Fidough\n|-supereffective|p1a: Fidough\n|-damage|p1a: Fidough|0 fnt\n|faint|p1a: Fidough\n|move|p2b: Vullaby|Taunt|p1b: Tadbulb\n|-start|p1b: Tadbulb|move: Taunt\n|move|p1b: Tadbulb|Discharge|p2a: Arctibax|[spread] p2a,p2b\n|-resisted|p2a: Arctibax\n|-supereffective|p2b: Vullaby\n|-damage|p2a: Arctibax|92\/100 psn\n|-damage|p2b: Vullaby|0 fnt\n|faint|p2b: Vullaby\n|\n|-damage|p2a: Arctibax|80\/100 psn|[from] psn\n|upkeep\n|\n|t:|1700348231\n|switch|p1a: Silicobra|Silicobra, M|100\/100\n|-activate|p1a: Silicobra|move: Sticky Web\n|-unboost|p1a: Silicobra|spe|1\n|-damage|p1a: Silicobra|88\/100|[from] Spikes\n|-damage|p1a: Silicobra|82\/100|[from] Stealth Rock\n|turn|12\n|\n|t:|1700348246\n|move|p2a: Arctibax|Icicle Crash|p1a: Silicobra\n|-supereffective|p1a: Silicobra\n|-damage|p1a: Silicobra|11\/100\n|cant|p1a: Silicobra|flinch\n|move|p1b: Tadbulb|Hyper Voice|p2a: Arctibax\n|-damage|p2a: Arctibax|63\/100 psn\n|\n|-damage|p2a: Arctibax|51\/100 psn|[from] psn\n|upkeep\n|turn|13\n|\n|t:|1700348258\n|move|p2a: Arctibax|Icicle Crash|p1a: Silicobra\n|-supereffective|p1a: Silicobra\n|-damage|p1a: Silicobra|0 fnt\n|faint|p1a: Silicobra\n|move|p1b: Tadbulb|Hyper Voice|p2a: Arctibax\n|-damage|p2a: Arctibax|32\/100 psn\n|\n|-damage|p2a: Arctibax|20\/100 psn|[from] psn\n|-end|p1b: Tadbulb|move: Taunt\n|-sideend|p2: DabBuster184|move: Tailwind\n|upkeep\n|\n|t:|1700348264\n|switch|p1a: Bisharp|Bisharp, M|100\/100\n|-activate|p1a: Bisharp|move: Sticky Web\n|-unboost|p1a: Bisharp|spe|1\n|-ability|p1a: Bisharp|Defiant|boost\n|-boost|p1a: Bisharp|atk|2\n|-damage|p1a: Bisharp|88\/100|[from] Spikes\n|-damage|p1a: Bisharp|82\/100|[from] Stealth Rock\n|turn|14\n|c|\u2606DabBuster184|yeah i lost gg\n|\n|t:|1700348270\n|move|p1a: Bisharp|Sucker Punch|p2a: Arctibax\n|-damage|p2a: Arctibax|0 fnt\n|faint|p2a: Arctibax\n|\n|win|schoolplays\n|n|\u2606schoolplays|schoolplays\n|n|\u2606DabBuster184|dabbuster184\n|n|*Lady Monita \u2746|ladymonita\n|n| zacianboi101|zacianboi101\n|n| E4Everyone|e4everyone\n","uploadtime":1700348271,"views":4,"p1id":"schoolplays","p2id":"dabbuster184","formatid":"gen9doublesou","rating":0,"private":0,"password":""}