{"id":"gen9doublesou-1972583910","p1":"majdmypants","p2":"DratiniKing10","format":"[Gen 9] Doubles OU","log":"|j|\u2606majdmypants\n|j|\u2606DratiniKing10\n|t:|1697860167\n|gametype|doubles\n|player|p1|majdmypants|cynthia|1306\n|player|p2|DratiniKing10|lucas|1280\n|teamsize|p1|6\n|teamsize|p2|6\n|gen|9\n|tier|[Gen 9] Doubles OU\n|rated|\n|rule|Species Clause: Limit one of each Pok\u00e9mon\n|rule|OHKO Clause: OHKO moves are banned\n|rule|Evasion Moves Clause: Evasion moves are banned\n|rule|Gravity Sleep Clause: The combination of sleep-inducing moves with imperfect accuracy and Gravity or Gigantamax Orbeetle are banned\n|rule|Endless Battle Clause: Forcing endless battles is banned\n|rule|HP Percentage Mod: HP is shown in percentages\n|clearpoke\n|poke|p1|Armarouge, M|\n|poke|p1|Indeedee-F, F|\n|poke|p1|Kingambit, F|\n|poke|p1|Torkoal, M|\n|poke|p1|Maushold-Four|\n|poke|p1|Flutter Mane|\n|poke|p2|Ting-Lu|\n|poke|p2|Arcanine, M|\n|poke|p2|Kingambit, M|\n|poke|p2|Tornadus, M|\n|poke|p2|Sneasler, M|\n|poke|p2|Ogerpon-Wellspring, F|\n|teampreview\n|inactive|Battle timer is ON: inactive players will automatically lose when time's up. (requested by majdmypants)\n|\n|t:|1697860181\n|start\n|switch|p1a: Indeedee|Indeedee-F, F|100\/100\n|switch|p1b: Armarouge|Armarouge, M|100\/100\n|switch|p2a: Miles|Tornadus, M|100\/100\n|switch|p2b: &IHaveAnAxe|Kingambit, M, shiny|100\/100\n|-fieldstart|move: Psychic Terrain|[from] ability: Psychic Surge|[of] p1a: Indeedee\n|-enditem|p1a: Indeedee|Psychic Seed\n|-boost|p1a: Indeedee|spd|1|[from] item: Psychic Seed\n|turn|1\n|\n|t:|1697860206\n|move|p1b: Armarouge|Protect|p1b: Armarouge\n|-singleturn|p1b: Armarouge|Protect\n|move|p2a: Miles|Rain Dance|p2a: Miles\n|-weather|RainDance\n|move|p2b: &IHaveAnAxe|Kowtow Cleave|p1b: Armarouge\n|-activate|p1b: Armarouge|move: Protect\n|move|p1a: Indeedee|Trick Room|p1a: Indeedee\n|-fieldstart|move: Trick Room|[of] p1a: Indeedee\n|\n|-weather|RainDance|[upkeep]\n|upkeep\n|turn|2\n|\n|t:|1697860221\n|move|p1a: Indeedee|Follow Me|p1a: Indeedee\n|-singleturn|p1a: Indeedee|move: Follow Me\n|move|p2b: &IHaveAnAxe|Kowtow Cleave|p1a: Indeedee\n|-supereffective|p1a: Indeedee\n|-damage|p1a: Indeedee|0 fnt\n|faint|p1a: Indeedee\n|-damage|p2b: &IHaveAnAxe|91\/100|[from] item: Life Orb\n|move|p1b: Armarouge|Armor Cannon|p2b: &IHaveAnAxe\n|-supereffective|p2b: &IHaveAnAxe\n|-damage|p2b: &IHaveAnAxe|2\/100\n|-unboost|p1b: Armarouge|def|1\n|-unboost|p1b: Armarouge|spd|1\n|-damage|p1b: Armarouge|91\/100|[from] item: Life Orb\n|move|p2a: Miles|Bleakwind Storm|p1b: Armarouge\n|-damage|p1b: Armarouge|20\/100\n|-unboost|p1b: Armarouge|spe|1\n|\n|-weather|RainDance|[upkeep]\n|upkeep\n|\n|t:|1697860237\n|switch|p1a: Torkoal|Torkoal, M|100\/100\n|-weather|SunnyDay|[from] ability: Drought|[of] p1a: Torkoal\n|turn|3\n|\n|t:|1697860246\n|move|p1b: Armarouge|Protect|p1b: Armarouge\n|-singleturn|p1b: Armarouge|Protect\n|move|p2a: Miles|Rain Dance|p2a: Miles\n|-weather|RainDance\n|move|p1a: Torkoal|Eruption|p2b: &IHaveAnAxe|[spread] p2a,p2b\n|-supereffective|p2b: &IHaveAnAxe\n|-damage|p2a: Miles|75\/100\n|-damage|p2b: &IHaveAnAxe|0 fnt\n|faint|p2b: &IHaveAnAxe\n|\n|-weather|RainDance|[upkeep]\n|upkeep\n|\n|t:|1697860255\n|switch|p2b: Zach|Arcanine, M, shiny|100\/100\n|-ability|p2b: Zach|Intimidate|boost\n|-unboost|p1a: Torkoal|atk|1\n|-unboost|p1b: Armarouge|atk|1\n|turn|4\n|\n|t:|1697860265\n|move|p2b: Zach|Extreme Speed|p1b: Armarouge\n|-activate|p1b: Armarouge|move: Psychic Terrain\n|move|p1a: Torkoal|Earth Power|p2b: Zach\n|-supereffective|p2b: Zach\n|-damage|p2b: Zach|48\/100\n|move|p1b: Armarouge|Expanding Force|p2a: Miles|[spread] p2a,p2b\n|-damage|p2a: Miles|0 fnt\n|-damage|p2b: Zach|0 fnt\n|faint|p2a: Miles\n|faint|p2b: Zach\n|-damage|p1b: Armarouge|11\/100|[from] item: Life Orb\n|\n|-weather|RainDance|[upkeep]\n|upkeep\n|\n|t:|1697860281\n|switch|p2a: Tavi|Sneasler, M|100\/100\n|switch|p2b: Julica|Ogerpon-Wellspring, F|100\/100\n|turn|5\n|\n|t:|1697860299\n|move|p2a: Tavi|Fake Out|p1b: Armarouge\n|-activate|p1b: Armarouge|move: Psychic Terrain\n|move|p1a: Torkoal|Eruption|p2a: Tavi|[spread] p2a,p2b\n|-damage|p2a: Tavi|70\/100\n|-damage|p2b: Julica|71\/100\n|move|p1b: Armarouge|Expanding Force|p2a: Tavi|[spread] p2a,p2b\n|-supereffective|p2a: Tavi\n|-damage|p2a: Tavi|0 fnt\n|-damage|p2b: Julica|0 fnt\n|faint|p2a: Tavi\n|faint|p2b: Julica\n|-damage|p1b: Armarouge|1\/100|[from] item: Life Orb\n|\n|-weather|RainDance|[upkeep]\n|-fieldend|move: Trick Room\n|-fieldend|move: Psychic Terrain\n|upkeep\n|\n|t:|1697860312\n|switch|p2a: MooseCraft|Ting-Lu|100\/100\n|-ability|p2a: MooseCraft|Vessel of Ruin\n|turn|6\n|\n|t:|1697860327\n|move|p2a: MooseCraft|Rock Slide|p1b: Armarouge|[spread] p1a,p1b\n|-supereffective|p1a: Torkoal\n|-supereffective|p1b: Armarouge\n|-damage|p1a: Torkoal|78\/100\n|-damage|p1b: Armarouge|0 fnt\n|faint|p1b: Armarouge\n|cant|p1a: Torkoal|flinch\n|\n|-weather|RainDance|[upkeep]\n|-heal|p1a: Torkoal|84\/100|[from] item: Leftovers\n|upkeep\n|\n|t:|1697860338\n|switch|p1b: Maushold|Maushold-Four|100\/100\n|turn|7\n|inactive|DratiniKing10 has 120 seconds left.\n|\n|t:|1697860370\n|switch|p1a: Flutter Mane|Flutter Mane|100\/100\n|move|p1b: Maushold|Protect|p1b: Maushold\n|-singleturn|p1b: Maushold|Protect\n|move|p2a: MooseCraft|Ruination|p1b: Maushold\n|-activate|p1b: Maushold|move: Protect\n|\n|-weather|none\n|upkeep\n|turn|8\n|\n|t:|1697860393\n|-terastallize|p1a: Flutter Mane|Fairy\n|-terastallize|p2a: MooseCraft|Poison\n|move|p1b: Maushold|Helping Hand|p1a: Flutter Mane\n|-singleturn|p1a: Flutter Mane|Helping Hand|[of] p1b: Maushold\n|move|p1a: Flutter Mane|Moonblast|p2a: MooseCraft\n|-resisted|p2a: MooseCraft\n|-damage|p2a: MooseCraft|62\/100\n|move|p2a: MooseCraft|Heavy Slam|p1a: Flutter Mane\n|-supereffective|p1a: Flutter Mane\n|-damage|p1a: Flutter Mane|0 fnt\n|faint|p1a: Flutter Mane\n|-end|p1a: Flutter Mane|Protosynthesis|[silent]\n|\n|-heal|p2a: MooseCraft|68\/100|[from] item: Leftovers\n|upkeep\n|inactive|majdmypants has 120 seconds left.\n|\n|t:|1697860410\n|switch|p1a: Torkoal|Torkoal, M|84\/100\n|-weather|SunnyDay|[from] ability: Drought|[of] p1a: Torkoal\n|turn|9\n|\n|t:|1697860428\n|move|p1b: Maushold|Population Bomb|p2a: MooseCraft\n|-damage|p2a: MooseCraft|62\/100\n|-damage|p2a: MooseCraft|56\/100\n|-damage|p2a: MooseCraft|50\/100\n|-damage|p2a: MooseCraft|44\/100\n|-damage|p2a: MooseCraft|38\/100\n|-damage|p2a: MooseCraft|32\/100\n|-damage|p2a: MooseCraft|26\/100\n|-damage|p2a: MooseCraft|20\/100\n|-damage|p2a: MooseCraft|14\/100\n|-damage|p2a: MooseCraft|8\/100\n|-hitcount|p2a: MooseCraft|10\n|move|p2a: MooseCraft|Rock Slide|p1b: Maushold|[spread] p1a,p1b\n|-supereffective|p1a: Torkoal\n|-damage|p1a: Torkoal|63\/100\n|-damage|p1b: Maushold|81\/100\n|move|p1a: Torkoal|Earth Power|p2a: MooseCraft\n|-supereffective|p2a: MooseCraft\n|-damage|p2a: MooseCraft|0 fnt\n|faint|p2a: MooseCraft\n|\n|win|majdmypants\n|raw|majdmypants's rating: 1306 &rarr; <strong>1325<\/strong><br \/>(+19 for winning)\n|raw|DratiniKing10's rating: 1280 &rarr; <strong>1257<\/strong><br \/>(-23 for losing)\n","uploadtime":1697860449,"views":16,"p1id":"majdmypants","p2id":"dratiniking10","formatid":"gen9doublesou","rating":1257,"private":0,"password":""}