{"id":"gen9doublesou-1970923711","p1":"godziolla","p2":"lunarlith","format":"[Gen 9] Doubles OU","log":"|j|\u2606godziolla\n|j|\u2606lunarlith\n|t:|1697681269\n|gametype|doubles\n|player|p1|godziolla|silver|1043\n|player|p2|lunarlith|clair|1108\n|teamsize|p1|6\n|teamsize|p2|4\n|gen|9\n|tier|[Gen 9] Doubles OU\n|rated|\n|rule|Species Clause: Limit one of each Pok\u00e9mon\n|rule|OHKO Clause: OHKO moves are banned\n|rule|Evasion Moves Clause: Evasion moves are banned\n|rule|Gravity Sleep Clause: The combination of sleep-inducing moves with imperfect accuracy and Gravity or Gigantamax Orbeetle are banned\n|rule|Endless Battle Clause: Forcing endless battles is banned\n|rule|HP Percentage Mod: HP is shown in percentages\n|clearpoke\n|poke|p1|Garganacl, M|\n|poke|p1|Cinderace, F|\n|poke|p1|Palafin, F|\n|poke|p1|Jirachi|\n|poke|p1|Ursaluna-Bloodmoon, M|\n|poke|p1|Enamorus-Therian, F|\n|poke|p2|Indeedee-F, F|\n|poke|p2|Torkoal, F|\n|poke|p2|Numel, M|\n|poke|p2|Charjabug, M|\n|teampreview\n|inactive|Battle timer is ON: inactive players will automatically lose when time's up. (requested by lunarlith)\n|\n|t:|1697681276\n|start\n|switch|p1a: Garganacl|Garganacl, M|100\/100\n|switch|p1b: Palafin|Palafin, F|100\/100\n|switch|p2a: Indeedee|Indeedee-F, F|100\/100\n|switch|p2b: Torkoal|Torkoal, F|100\/100\n|-fieldstart|move: Psychic Terrain|[from] ability: Psychic Surge|[of] p2a: Indeedee\n|-enditem|p2a: Indeedee|Psychic Seed\n|-boost|p2a: Indeedee|spd|1|[from] item: Psychic Seed\n|-weather|SunnyDay|[from] ability: Drought|[of] p2b: Torkoal\n|turn|1\n|\n|t:|1697681296\n|move|p1b: Palafin|Flip Turn|p2a: Indeedee\n|-damage|p2a: Indeedee|90\/100\n|\n|t:|1697681302\n|detailschange|p1b: Palafin|Palafin-Hero, F\n|switch|p1b: Jirachi|Jirachi|100\/100|[from] Flip Turn\n|move|p1a: Garganacl|Salt Cure|p2b: Torkoal\n|-supereffective|p2b: Torkoal\n|-damage|p2b: Torkoal|82\/100\n|-start|p2b: Torkoal|Salt Cure\n|-enditem|p2b: Torkoal|Eject Button\n|\n|t:|1697681310\n|switch|p2b: Numel|Numel, M|100\/100\n|move|p2a: Indeedee|Trick Room|p2a: Indeedee\n|-fieldstart|move: Trick Room|[of] p2a: Indeedee\n|\n|-weather|SunnyDay|[upkeep]\n|upkeep\n|turn|2\n|\n|t:|1697681339\n|move|p2a: Indeedee|Follow Me|p2a: Indeedee\n|-singleturn|p2a: Indeedee|move: Follow Me\n|move|p2b: Numel|Growth|p2b: Numel\n|-boost|p2b: Numel|atk|4\n|-boost|p2b: Numel|spa|4\n|move|p1a: Garganacl|Salt Cure|p2a: Indeedee\n|-damage|p2a: Indeedee|65\/100\n|-start|p2a: Indeedee|Salt Cure\n|move|p1b: Jirachi|Aura Sphere|p2a: Indeedee\n|-damage|p2a: Indeedee|57\/100\n|\n|-weather|SunnyDay|[upkeep]\n|-damage|p2a: Indeedee|45\/100|[from] Salt Cure\n|upkeep\n|turn|3\n|\n|t:|1697681363\n|move|p2a: Indeedee|Follow Me|p2a: Indeedee\n|-singleturn|p2a: Indeedee|move: Follow Me\n|move|p2b: Numel|Heat Wave|p1b: Jirachi|[spread] p1a,p1b\n|-resisted|p1a: Garganacl\n|-supereffective|p1b: Jirachi\n|-damage|p1a: Garganacl|75\/100\n|-damage|p1b: Jirachi|0 fnt\n|faint|p1b: Jirachi\n|move|p1a: Garganacl|Stone Edge|p2a: Indeedee\n|-damage|p2a: Indeedee|0 fnt\n|faint|p2a: Indeedee\n|\n|-weather|SunnyDay|[upkeep]\n|upkeep\n|\n|t:|1697681375\n|switch|p2a: Charjabug|Charjabug, M|100\/100\n|switch|p1b: Ursaluna|Ursaluna-Bloodmoon, M|100\/100\n|turn|4\n|\n|t:|1697681389\n|move|p2b: Numel|Heat Wave|p1a: Garganacl|[spread] p1a,p1b\n|-resisted|p1a: Garganacl\n|-damage|p1a: Garganacl|41\/100\n|-damage|p1b: Ursaluna|0 fnt\n|faint|p1b: Ursaluna\n|move|p2a: Charjabug|Thunder Wave|p1a: Garganacl\n|-status|p1a: Garganacl|par\n|move|p1a: Garganacl|Iron Head|p2b: Numel\n|-resisted|p2b: Numel\n|-damage|p2b: Numel|87\/100\n|\n|-weather|SunnyDay|[upkeep]\n|upkeep\n|\n|t:|1697681400\n|switch|p1b: Palafin|Palafin-Hero, F|100\/100\n|-activate|p1b: Palafin|ability: Zero to Hero\n|turn|5\n|\n|t:|1697681412\n|move|p1b: Palafin|Jet Punch|p2b: Numel\n|-activate|p2b: Numel|move: Psychic Terrain\n|move|p1a: Garganacl|Stone Edge|p2a: Charjabug\n|-supereffective|p2a: Charjabug\n|-damage|p2a: Charjabug|56\/100\n|move|p2b: Numel|Earth Power|p1a: Garganacl\n|-supereffective|p1a: Garganacl\n|-damage|p1a: Garganacl|0 fnt\n|faint|p1a: Garganacl\n|move|p2a: Charjabug|Wild Charge|p1b: Palafin\n|-supereffective|p1b: Palafin\n|-damage|p1b: Palafin|52\/100\n|-damage|p2a: Charjabug|43\/100|[from] Recoil\n|\n|-weather|none\n|-fieldend|move: Trick Room\n|-fieldend|move: Psychic Terrain\n|upkeep\n|\n|t:|1697681425\n|switch|p1a: Enamorus|Enamorus-Therian, F|100\/100\n|turn|6\n|\n|t:|1697681440\n|move|p1b: Palafin|Aura Sphere|p2a: Charjabug\n|-resisted|p2a: Charjabug\n|-damage|p2a: Charjabug|34\/100\n|move|p1a: Enamorus|Springtide Storm|p2b: Numel|[spread] p2a,p2b\n|-resisted|p2b: Numel\n|-damage|p2a: Charjabug|0 fnt\n|-damage|p2b: Numel|61\/100\n|faint|p2a: Charjabug\n|move|p2b: Numel|Heat Wave|p1b: Palafin|[spread] p1b\n|-miss|p2b: Numel|p1a: Enamorus\n|-resisted|p1b: Palafin\n|-damage|p1b: Palafin|16\/100\n|-enditem|p1b: Palafin|Sitrus Berry|[eat]\n|-heal|p1b: Palafin|41\/100|[from] item: Sitrus Berry\n|\n|upkeep\n|\n|t:|1697681453\n|switch|p2a: Torkoal|Torkoal, F|82\/100\n|-weather|SunnyDay|[from] ability: Drought|[of] p2a: Torkoal\n|turn|7\n|\n|t:|1697681465\n|move|p1b: Palafin|Jet Punch|p2a: Torkoal\n|-supereffective|p2a: Torkoal\n|-damage|p2a: Torkoal|65\/100\n|move|p1a: Enamorus|Springtide Storm|p2a: Torkoal|[spread] p2b\n|-miss|p1a: Enamorus|p2a: Torkoal\n|-resisted|p2b: Numel\n|-damage|p2b: Numel|34\/100\n|-unboost|p2b: Numel|atk|2\n|move|p2b: Numel|Heat Wave|p1b: Palafin|[spread] p1a,p1b\n|-resisted|p1b: Palafin\n|-damage|p1a: Enamorus|4\/100\n|-damage|p1b: Palafin|0 fnt\n|-status|p1a: Enamorus|brn\n|faint|p1b: Palafin\n|move|p2a: Torkoal|Heat Wave|p1a: Enamorus\n|-damage|p1a: Enamorus|0 fnt\n|faint|p1a: Enamorus\n|\n|-weather|SunnyDay|[upkeep]\n|upkeep\n|\n|t:|1697681483\n|switch|p1a: Cinderace|Cinderace, F|100\/100\n|turn|8\n|\n|t:|1697681492\n|move|p1a: Cinderace|Sucker Punch|p2b: Numel\n|-start|p1a: Cinderace|typechange|Dark|[from] ability: Libero\n|-damage|p2b: Numel|0 fnt\n|faint|p2b: Numel\n|move|p2a: Torkoal|Curse|p2a: Torkoal\n|-unboost|p2a: Torkoal|spe|1\n|-boost|p2a: Torkoal|atk|1\n|-boost|p2a: Torkoal|def|1\n|\n|-weather|SunnyDay|[upkeep]\n|upkeep\n|turn|9\n|\n|t:|1697681511\n|-terastallize|p2a: Torkoal|Fire\n|move|p1a: Cinderace|Gunk Shot|p2a: Torkoal\n|-damage|p2a: Torkoal|51\/100\n|move|p2a: Torkoal|Heat Wave|p1a: Cinderace|[miss]\n|-miss|p2a: Torkoal|p1a: Cinderace\n|\n|-weather|SunnyDay|[upkeep]\n|upkeep\n|turn|10\n|\n|t:|1697681524\n|-terastallize|p1a: Cinderace|Fire\n|move|p1a: Cinderace|Sucker Punch|p2a: Torkoal\n|-damage|p2a: Torkoal|39\/100\n|move|p2a: Torkoal|Heat Wave|p1a: Cinderace\n|-resisted|p1a: Cinderace\n|-damage|p1a: Cinderace|69\/100\n|\n|-weather|SunnyDay|[upkeep]\n|upkeep\n|turn|11\n|\n|t:|1697681534\n|move|p1a: Cinderace|Sucker Punch|p2a: Torkoal\n|-damage|p2a: Torkoal|27\/100\n|move|p2a: Torkoal|Heat Wave|p1a: Cinderace\n|-resisted|p1a: Cinderace\n|-damage|p1a: Cinderace|35\/100\n|\n|-weather|none\n|upkeep\n|turn|12\n|\n|t:|1697681543\n|move|p1a: Cinderace|Sucker Punch|p2a: Torkoal\n|-damage|p2a: Torkoal|15\/100\n|move|p2a: Torkoal|Heat Wave|p1a: Cinderace\n|-resisted|p1a: Cinderace\n|-damage|p1a: Cinderace|12\/100\n|\n|upkeep\n|turn|13\n|\n|t:|1697681549\n|move|p1a: Cinderace|Sucker Punch|p2a: Torkoal\n|-damage|p2a: Torkoal|3\/100\n|move|p2a: Torkoal|Heat Wave|p1a: Cinderace\n|-resisted|p1a: Cinderace\n|-damage|p1a: Cinderace|0 fnt\n|faint|p1a: Cinderace\n|\n|win|lunarlith\n|raw|godziolla's rating: 1043 &rarr; <strong>1030<\/strong><br \/>(-13 for losing)\n|raw|lunarlith's rating: 1108 &rarr; <strong>1128<\/strong><br \/>(+20 for winning)\n|l|\u2606godziolla\n","uploadtime":1697681561,"views":21,"p1id":"godziolla","p2id":"lunarlith","formatid":"gen9doublesou","rating":1030,"private":0,"password":""}