{"id":"gen9doublesou-1997854524","p1":"cotesmcgotes","p2":"Shoutinggoose","format":"[Gen 9] Doubles OU","log":"|j|\u2606cotesmcgotes\n|j|\u2606Shoutinggoose\n|t:|1700860072\n|gametype|doubles\n|player|p1|cotesmcgotes|flannery|1309\n|player|p2|Shoutinggoose|hilda-wonderlauncher|1230\n|teamsize|p1|6\n|teamsize|p2|6\n|gen|9\n|tier|[Gen 9] Doubles OU\n|rated|\n|rule|Species Clause: Limit one of each Pok\u00e9mon\n|rule|OHKO Clause: OHKO moves are banned\n|rule|Evasion Moves Clause: Evasion moves are banned\n|rule|Gravity Sleep Clause: The combination of sleep-inducing moves with imperfect accuracy and Gravity or Gigantamax Orbeetle are banned\n|rule|Endless Battle Clause: Forcing endless battles is banned\n|rule|HP Percentage Mod: HP is shown in percentages\n|clearpoke\n|poke|p1|Cresselia, F|\n|poke|p1|Tornadus, M|\n|poke|p1|Overqwil, F|\n|poke|p1|Walking Wake|\n|poke|p1|Ogerpon-Hearthflame, F|\n|poke|p1|Okidogi, M|\n|poke|p2|Snom, F|\n|poke|p2|Ekans, M|\n|poke|p2|Glimmet, M|\n|poke|p2|Sinistea|\n|poke|p2|Mienfoo, F|\n|poke|p2|Pikachu, M|\n|teampreview\n|\n|t:|1700860081\n|start\n|switch|p1a: Tornadus|Tornadus, M, shiny|100\/100\n|switch|p1b: Overqwil|Overqwil, F|100\/100\n|switch|p2a: Simon|Snom, F|100\/100\n|switch|p2b: Sack??!!|Glimmet, M|100\/100\n|turn|1\n|inactive|Battle timer is ON: inactive players will automatically lose when time's up. (requested by cotesmcgotes)\n|\n|t:|1700860101\n|move|p1a: Tornadus|Taunt|p2a: Simon\n|-start|p2a: Simon|move: Taunt\n|move|p1b: Overqwil|Swords Dance|p1b: Overqwil\n|-boost|p1b: Overqwil|atk|2\n|move|p2b: Sack??!!|Stealth Rock|p1b: Overqwil\n|-sidestart|p1: cotesmcgotes|move: Stealth Rock\n|move|p2a: Simon|Icy Wind|p1a: Tornadus|[spread] p1a,p1b\n|-supereffective|p1a: Tornadus\n|-damage|p1a: Tornadus|88\/100\n|-damage|p1b: Overqwil|90\/100\n|-unboost|p1a: Tornadus|spe|1\n|-unboost|p1b: Overqwil|spe|1\n|\n|-heal|p1b: Overqwil|96\/100|[from] item: Black Sludge\n|upkeep\n|turn|2\n|\n|t:|1700860126\n|move|p1a: Tornadus|Taunt|p2b: Sack??!!\n|-start|p2b: Sack??!!|move: Taunt\n|move|p2b: Sack??!!|Sludge Bomb|p1a: Tornadus\n|-damage|p1a: Tornadus|56\/100\n|move|p1b: Overqwil|Barb Barrage|p2a: Simon\n|-damage|p2a: Simon|0 fnt\n|faint|p2a: Simon\n|\n|-heal|p1b: Overqwil|100\/100|[from] item: Black Sludge\n|upkeep\n|inactive|Shoutinggoose has 120 seconds left.\n|\n|t:|1700860143\n|switch|p2a: Pachirisu?|Pikachu, M|100\/100\n|turn|3\n|\n|t:|1700860163\n|switch|p2b: Sauna snek|Ekans, M|100\/100\n|-ability|p2b: Sauna snek|Intimidate|boost\n|-unboost|p1a: Tornadus|atk|1\n|-unboost|p1b: Overqwil|atk|1\n|-terastallize|p2a: Pachirisu?|Electric\n|move|p1a: Tornadus|Tailwind|p1a: Tornadus\n|-sidestart|p1: cotesmcgotes|move: Tailwind\n|move|p1b: Overqwil|Crunch|p2a: Pachirisu?\n|-damage|p2a: Pachirisu?|0 fnt\n|faint|p2a: Pachirisu?\n|\n|upkeep\n|inactive|Shoutinggoose has 120 seconds left.\n|\n|t:|1700860177\n|switch|p2a: He got caught :(|Mienfoo, F|100\/100\n|turn|4\n|\n|t:|1700860192\n|move|p1a: Tornadus|Rain Dance|p1a: Tornadus\n|-weather|RainDance\n|move|p2b: Sauna snek|Sucker Punch||[still]\n|-fail|p2b: Sauna snek\n|move|p1b: Overqwil|Barb Barrage|p2a: He got caught :(\n|-damage|p2a: He got caught :(|7\/100\n|-status|p2a: He got caught :(|psn\n|move|p2a: He got caught :(|Take Down|p1a: Tornadus\n|-damage|p1a: Tornadus|17\/100\n|-damage|p2a: He got caught :(|0 fnt|[from] Recoil\n|faint|p2a: He got caught :(\n|\n|-weather|RainDance|[upkeep]\n|upkeep\n|\n|t:|1700860205\n|switch|p2a: Sack??!!|Glimmet, M|100\/100\n|turn|5\n|\n|t:|1700860223\n|move|p2b: Sauna snek|Sucker Punch|p1a: Tornadus\n|-damage|p1a: Tornadus|0 fnt\n|faint|p1a: Tornadus\n|move|p1b: Overqwil|Swords Dance|p1b: Overqwil\n|-boost|p1b: Overqwil|atk|2\n|move|p2a: Sack??!!|Light Screen|p2a: Sack??!!\n|-sidestart|p2: Shoutinggoose|move: Light Screen\n|\n|-weather|RainDance|[upkeep]\n|upkeep\n|\n|t:|1700860236\n|switch|p1a: Okidogi|Okidogi, M|100\/100\n|-damage|p1a: Okidogi|94\/100|[from] Stealth Rock\n|turn|6\n|\n|t:|1700860265\n|move|p1b: Overqwil|Crunch|p2b: Sauna snek\n|-damage|p2b: Sauna snek|0 fnt\n|faint|p2b: Sauna snek\n|move|p1a: Okidogi|Drain Punch|p2a: Sack??!!\n|-enditem|p2a: Sack??!!|Focus Sash\n|-damage|p2a: Sack??!!|1\/100\n|-heal|p1a: Okidogi|100\/100|[from] drain|[of] p2a: Sack??!!\n|-activate|p2a: Sack??!!|ability: Toxic Debris\n|-sidestart|p1: cotesmcgotes|move: Toxic Spikes\n|move|p2a: Sack??!!|Sludge Bomb|p1a: Okidogi\n|-resisted|p1a: Okidogi\n|-crit|p1a: Okidogi\n|-damage|p1a: Okidogi|81\/100\n|\n|-weather|RainDance|[upkeep]\n|-sideend|p1: cotesmcgotes|move: Tailwind\n|upkeep\n|inactive|Shoutinggoose has 120 seconds left.\n|\n|t:|1700860280\n|switch|p2b: BRI\u2019ISH|Sinistea|100\/100\n|turn|7\n|\n|t:|1700860297\n|move|p1b: Overqwil|Crunch|p2b: BRI\u2019ISH\n|-supereffective|p2b: BRI\u2019ISH\n|-damage|p2b: BRI\u2019ISH|0 fnt\n|faint|p2b: BRI\u2019ISH\n|move|p2a: Sack??!!|Memento|p1b: Overqwil\n|-unboost|p1b: Overqwil|atk|2\n|-unboost|p1b: Overqwil|spa|2\n|faint|p2a: Sack??!!\n|\n|win|cotesmcgotes\n|raw|cotesmcgotes's rating: 1309 &rarr; <strong>1325<\/strong><br \/>(+16 for winning)\n|raw|Shoutinggoose's rating: 1230 &rarr; <strong>1211<\/strong><br \/>(-19 for losing)\n","uploadtime":1700860312,"views":3,"p1id":"cotesmcgotes","p2id":"shoutinggoose","formatid":"gen9doublesou","rating":1211,"private":0,"password":""}