{"id":"gen9doublesou-2000339768","p1":"LukeTheDwarf336","p2":"ImperialDramon46","format":"[Gen 9] Doubles OU","log":"|j|\u2606LukeTheDwarf336\n|j|\u2606ImperialDramon46\n|t:|1701186399\n|gametype|doubles\n|player|p1|LukeTheDwarf336|265|1463\n|player|p2|ImperialDramon46|lance-gen2|1486\n|teamsize|p1|6\n|teamsize|p2|6\n|gen|9\n|tier|[Gen 9] Doubles OU\n|rated|\n|rule|Species Clause: Limit one of each Pok\u00e9mon\n|rule|OHKO Clause: OHKO moves are banned\n|rule|Evasion Moves Clause: Evasion moves are banned\n|rule|Gravity Sleep Clause: The combination of sleep-inducing moves with imperfect accuracy and Gravity or Gigantamax Orbeetle are banned\n|rule|Endless Battle Clause: Forcing endless battles is banned\n|rule|HP Percentage Mod: HP is shown in percentages\n|clearpoke\n|poke|p1|Flutter Mane|\n|poke|p1|Tornadus, M|\n|poke|p1|Amoonguss, M|\n|poke|p1|Heatran, M|\n|poke|p1|Arcanine-Hisui, M|\n|poke|p1|Chien-Pao|\n|poke|p2|Volcanion|\n|poke|p2|Diancie|\n|poke|p2|Kingambit, M|\n|poke|p2|Landorus-Therian, M|\n|poke|p2|Rillaboom, F|\n|poke|p2|Tornadus, M|\n|teampreview\n|inactive|Battle timer is ON: inactive players will automatically lose when time's up. (requested by LukeTheDwarf336)\n|\n|t:|1701186418\n|start\n|switch|p1a: Amoonguss|Amoonguss, M|100\/100\n|switch|p1b: Chien-Pao|Chien-Pao|100\/100\n|switch|p2a: Volcanion|Volcanion|100\/100\n|switch|p2b: Tornadus|Tornadus, M|100\/100\n|-ability|p1b: Chien-Pao|Sword of Ruin\n|turn|1\n|\n|t:|1701186429\n|move|p1b: Chien-Pao|Protect|p1b: Chien-Pao\n|-singleturn|p1b: Chien-Pao|Protect\n|move|p2b: Tornadus|Taunt|p1a: Amoonguss\n|-start|p1a: Amoonguss|move: Taunt\n|move|p2a: Volcanion|Heat Wave|p1b: Chien-Pao|[spread] p1a\n|-activate|p1b: Chien-Pao|move: Protect\n|-supereffective|p1a: Amoonguss\n|-damage|p1a: Amoonguss|36\/100\n|-enditem|p1a: Amoonguss|Sitrus Berry|[eat]\n|-heal|p1a: Amoonguss|61\/100|[from] item: Sitrus Berry\n|cant|p1a: Amoonguss|move: Taunt|Spore\n|\n|upkeep\n|turn|2\n|\n|t:|1701186449\n|switch|p1b: Heatran|Heatran, M|100\/100\n|move|p2b: Tornadus|Tailwind|p2b: Tornadus\n|-sidestart|p2: ImperialDramon46|move: Tailwind\n|move|p2a: Volcanion|Heat Wave|p1b: Heatran|[spread] p1a\n|-start|p1b: Heatran|ability: Flash Fire\n|-supereffective|p1a: Amoonguss\n|-crit|p1a: Amoonguss\n|-damage|p1a: Amoonguss|0 fnt\n|faint|p1a: Amoonguss\n|\n|upkeep\n|\n|t:|1701186460\n|switch|p1a: Tornadus|Tornadus, M|100\/100\n|turn|3\n|\n|t:|1701186472\n|-terastallize|p1b: Heatran|Grass\n|move|p2b: Tornadus|Taunt|p1a: Tornadus\n|-start|p1a: Tornadus|move: Taunt\n|cant|p1a: Tornadus|move: Taunt|Tailwind\n|move|p2a: Volcanion|Steam Eruption|p1b: Heatran\n|-resisted|p1b: Heatran\n|-damage|p1b: Heatran|84\/100\n|move|p1b: Heatran|Earth Power|p2a: Volcanion\n|-supereffective|p2a: Volcanion\n|-damage|p2a: Volcanion|33\/100\n|\n|-heal|p2a: Volcanion|39\/100|[from] item: Leftovers\n|upkeep\n|turn|4\n|\n|t:|1701186491\n|move|p2b: Tornadus|Bleakwind Storm|p1b: Heatran|[spread] p1a,p1b\n|-supereffective|p1b: Heatran\n|-damage|p1a: Tornadus|45\/100\n|-damage|p1b: Heatran|42\/100\n|move|p1a: Tornadus|Bleakwind Storm|p2a: Volcanion|[spread] p2a,p2b\n|-damage|p2a: Volcanion|2\/100\n|-damage|p2b: Tornadus|52\/100\n|move|p2a: Volcanion|Steam Eruption|p1a: Tornadus\n|-damage|p1a: Tornadus|0 fnt\n|faint|p1a: Tornadus\n|move|p1b: Heatran|Heat Wave|p2b: Tornadus|[spread] p2a,p2b\n|-resisted|p2a: Volcanion\n|-damage|p2a: Volcanion|0 fnt\n|-damage|p2b: Tornadus|0 fnt\n|faint|p2a: Volcanion\n|faint|p2b: Tornadus\n|\n|upkeep\n|\n|t:|1701186515\n|switch|p2b: Landorus|Landorus-Therian, M|100\/100\n|switch|p1a: Chien-Pao|Chien-Pao|100\/100\n|switch|p2a: Diancie|Diancie|100\/100\n|-ability|p2b: Landorus|Intimidate|boost\n|-unboost|p1a: Chien-Pao|atk|1\n|-unboost|p1b: Heatran|atk|1\n|-ability|p1a: Chien-Pao|Sword of Ruin\n|turn|5\n|\n|t:|1701186529\n|-terastallize|p2a: Diancie|Flying\n|move|p1a: Chien-Pao|Protect|p1a: Chien-Pao\n|-singleturn|p1a: Chien-Pao|Protect\n|move|p2b: Landorus|U-turn|p1b: Heatran\n|-supereffective|p1b: Heatran\n|-crit|p1b: Heatran\n|-damage|p1b: Heatran|0 fnt\n|faint|p1b: Heatran\n|\n|t:|1701186537\n|switch|p2b: Kingambit|Kingambit, M|100\/100|[from] U-turn\n|move|p2a: Diancie|Trick Room|p2a: Diancie\n|-fieldstart|move: Trick Room|[of] p2a: Diancie\n|\n|-sideend|p2: ImperialDramon46|move: Tailwind\n|upkeep\n|\n|t:|1701186542\n|switch|p1b: Arcanine|Arcanine-Hisui, M|100\/100\n|-ability|p1b: Arcanine|Intimidate|boost\n|-fail|p2a: Diancie|unboost|[from] ability: Clear Body|[of] p2a: Diancie\n|-unboost|p2b: Kingambit|atk|1\n|-ability|p2b: Kingambit|Defiant|boost\n|-boost|p2b: Kingambit|atk|2\n|turn|6\n|\n|t:|1701186554\n|move|p2a: Diancie|Diamond Storm|p1a: Chien-Pao|[spread] p1a,p1b\n|-supereffective|p1a: Chien-Pao\n|-supereffective|p1b: Arcanine\n|-damage|p1a: Chien-Pao|9\/100\n|-damage|p1b: Arcanine|0 fnt\n|faint|p1b: Arcanine\n|move|p2b: Kingambit|Iron Head|p1a: Chien-Pao\n|-supereffective|p1a: Chien-Pao\n|-damage|p1a: Chien-Pao|0 fnt\n|faint|p1a: Chien-Pao\n|\n|upkeep\n|\n|t:|1701186561\n|switch|p1b: Flutter Mane|Flutter Mane|100\/100\n|turn|7\n|-message|LukeTheDwarf336 forfeited.\n|\n|win|ImperialDramon46\n|raw|LukeTheDwarf336's rating: 1463 &rarr; <strong>1444<\/strong><br \/>(-19 for losing)\n|raw|ImperialDramon46's rating: 1486 &rarr; <strong>1505<\/strong><br \/>(+19 for winning)\n|l|\u2606LukeTheDwarf336\n|c|\u2606ImperialDramon46|Did you had any chance=\n","uploadtime":1701186581,"views":7,"p1id":"lukethedwarf336","p2id":"imperialdramon46","formatid":"gen9doublesou","rating":1444,"private":0,"password":""}