{"id":"gen9doublesou-1977056164","p1":"DiamondDiancie25","p2":"lilbookcase","format":"[Gen 9] Doubles OU","log":"|j|\u2606DiamondDiancie25\n|j|\u2606lilbookcase\n|t:|1698366605\n|gametype|doubles\n|player|p1|DiamondDiancie25|psychic-gen4|\n|player|p2|lilbookcase|rocketgruntf|\n|teamsize|p1|6\n|teamsize|p2|6\n|gen|9\n|tier|[Gen 9] Doubles OU\n|rule|Species Clause: Limit one of each Pok\u00e9mon\n|rule|OHKO Clause: OHKO moves are banned\n|rule|Evasion Moves Clause: Evasion moves are banned\n|rule|Gravity Sleep Clause: The combination of sleep-inducing moves with imperfect accuracy and Gravity or Gigantamax Orbeetle are banned\n|rule|Endless Battle Clause: Forcing endless battles is banned\n|rule|HP Percentage Mod: HP is shown in percentages\n|clearpoke\n|poke|p1|Tyranitar, M|\n|poke|p1|Houndstone, M|\n|poke|p1|Gholdengo|\n|poke|p1|Enamorus-Therian, F|\n|poke|p1|Murkrow, F|\n|poke|p1|Glimmora, M|\n|poke|p2|Roaring Moon|\n|poke|p2|Weezing-Galar, M|\n|poke|p2|Gholdengo|\n|poke|p2|Ursaluna, M|\n|poke|p2|Hatterene, F|\n|poke|p2|Gothitelle, F|\n|teampreview\n|\n|t:|1698366856\n|start\n|switch|p1a: Tyranitar|Tyranitar, M|100\/100\n|switch|p1b: Salt|Murkrow, F|100\/100\n|switch|p2a: Roaring Gibbous|Roaring Moon|100\/100\n|switch|p2b: Waxaluna|Ursaluna, M|100\/100\n|-weather|Sandstorm|[from] ability: Sand Stream|[of] p1a: Tyranitar\n|-enditem|p2a: Roaring Gibbous|Booster Energy\n|-activate|p2a: Roaring Gibbous|ability: Protosynthesis|[fromitem]\n|-start|p2a: Roaring Gibbous|protosynthesisspe\n|turn|1\n|\n|t:|1698366900\n|move|p2a: Roaring Gibbous|Protect|p2a: Roaring Gibbous\n|-singleturn|p2a: Roaring Gibbous|Protect\n|move|p1b: Salt|Tailwind|p1b: Salt\n|-sidestart|p1: DiamondDiancie25|move: Tailwind\n|move|p1a: Tyranitar|Ice Fang|p2a: Roaring Gibbous\n|-activate|p2a: Roaring Gibbous|move: Protect\n|move|p2b: Waxaluna|Headlong Rush|p1a: Tyranitar\n|-supereffective|p1a: Tyranitar\n|-damage|p1a: Tyranitar|0 fnt\n|-unboost|p2b: Waxaluna|def|1\n|-unboost|p2b: Waxaluna|spd|1\n|faint|p1a: Tyranitar\n|\n|-weather|Sandstorm|[upkeep]\n|-damage|p2a: Roaring Gibbous|94\/100|[from] Sandstorm\n|-damage|p1b: Salt|94\/100|[from] Sandstorm\n|-status|p2b: Waxaluna|brn|[from] item: Flame Orb\n|upkeep\n|\n|t:|1698366921\n|switch|p1a: Enamorus|Enamorus-Therian, F|100\/100\n|turn|2\n|\n|t:|1698366941\n|-end|p2a: Roaring Gibbous|Protosynthesis|[silent]\n|switch|p2a: Treat|Gothitelle, F|100\/100\n|-item|p1a: Enamorus|Leftovers|[from] ability: Frisk|[of] p2a: Treat|[identify]\n|-item|p1b: Salt|Eviolite|[from] ability: Frisk|[of] p2a: Treat|[identify]\n|move|p1b: Salt|Foul Play|p2b: Waxaluna\n|-damage|p2b: Waxaluna|39\/100 brn\n|move|p1a: Enamorus|Draining Kiss|p2a: Treat\n|-damage|p2a: Treat|76\/100\n|move|p2b: Waxaluna|Facade|p1a: Enamorus\n|-damage|p1a: Enamorus|0 fnt\n|faint|p1a: Enamorus\n|\n|-weather|Sandstorm|[upkeep]\n|-damage|p1b: Salt|88\/100|[from] Sandstorm\n|-damage|p2a: Treat|70\/100|[from] Sandstorm\n|-damage|p2b: Waxaluna|33\/100 brn|[from] brn\n|upkeep\n|\n|t:|1698366959\n|switch|p1a: Gholdengo|Gholdengo|100\/100\n|turn|3\n|\n|t:|1698367011\n|move|p1b: Salt|Protect|p1b: Salt\n|-singleturn|p1b: Salt|Protect\n|move|p2a: Treat|Fake Out|p1b: Salt\n|-activate|p1b: Salt|move: Protect\n|move|p1a: Gholdengo|Make It Rain|p2a: Treat|[spread] p2a,p2b\n|-crit|p2b: Waxaluna\n|-damage|p2a: Treat|26\/100\n|-damage|p2b: Waxaluna|0 fnt\n|-unboost|p1a: Gholdengo|spa|1\n|-enditem|p2a: Treat|Sitrus Berry|[eat]\n|-heal|p2a: Treat|51\/100|[from] item: Sitrus Berry\n|faint|p2b: Waxaluna\n|\n|-weather|Sandstorm|[upkeep]\n|-damage|p1b: Salt|82\/100|[from] Sandstorm\n|-damage|p2a: Treat|45\/100|[from] Sandstorm\n|upkeep\n|\n|t:|1698367019\n|switch|p2b: Roaring Gibbous|Roaring Moon|94\/100\n|turn|4\n|\n|t:|1698367032\n|move|p1a: Gholdengo|Focus Blast|p2b: Roaring Gibbous\n|-supereffective|p2b: Roaring Gibbous\n|-damage|p2b: Roaring Gibbous|41\/100\n|move|p1b: Salt|Foul Play|p2b: Roaring Gibbous\n|-resisted|p2b: Roaring Gibbous\n|-damage|p2b: Roaring Gibbous|12\/100\n|move|p2b: Roaring Gibbous|Tailwind|p2b: Roaring Gibbous\n|-sidestart|p2: lilbookcase|move: Tailwind\n|move|p2a: Treat|Heal Pulse|p2b: Roaring Gibbous\n|-heal|p2b: Roaring Gibbous|62\/100\n|\n|-weather|Sandstorm|[upkeep]\n|-damage|p2b: Roaring Gibbous|56\/100|[from] Sandstorm\n|-damage|p1b: Salt|76\/100|[from] Sandstorm\n|-damage|p2a: Treat|39\/100|[from] Sandstorm\n|-sideend|p1: DiamondDiancie25|move: Tailwind\n|upkeep\n|turn|5\n|\n|t:|1698367065\n|move|p2a: Treat|Helping Hand|p2b: Roaring Gibbous\n|-singleturn|p2b: Roaring Gibbous|Helping Hand|[of] p2a: Treat\n|move|p1a: Gholdengo|Protect|p1a: Gholdengo\n|-singleturn|p1a: Gholdengo|Protect\n|move|p1b: Salt|Tailwind|p1b: Salt\n|-sidestart|p1: DiamondDiancie25|move: Tailwind\n|move|p2b: Roaring Gibbous|Knock Off|p1a: Gholdengo\n|-activate|p1a: Gholdengo|move: Protect\n|\n|-weather|none\n|upkeep\n|turn|6\n|\n|t:|1698367115\n|-terastallize|p1a: Gholdengo|Steel\n|move|p2b: Roaring Gibbous|Knock Off|p1a: Gholdengo\n|-damage|p1a: Gholdengo|46\/100\n|-enditem|p1a: Gholdengo|Kasib Berry|[from] move: Knock Off|[of] p2b: Roaring Gibbous\n|move|p1a: Gholdengo|Make It Rain|p2b: Roaring Gibbous|[spread] p2a,p2b\n|-damage|p2a: Treat|4\/100\n|-damage|p2b: Roaring Gibbous|13\/100\n|-unboost|p1a: Gholdengo|spa|1\n|move|p1b: Salt|Foul Play|p2b: Roaring Gibbous\n|-resisted|p2b: Roaring Gibbous\n|-damage|p2b: Roaring Gibbous|0 fnt\n|faint|p2b: Roaring Gibbous\n|-end|p2b: Roaring Gibbous|Protosynthesis|[silent]\n|move|p2a: Treat|Heal Pulse|p2: Roaring Gibbous|[notarget]\n|-fail|p2a: Treat\n|\n|upkeep\n|\n|t:|1698367132\n|switch|p2b: Mr. Joe|Gholdengo|100\/100\n|turn|7\n|\n|t:|1698367193\n|switch|p1a: Glimmora|Glimmora, M|100\/100\n|switch|p2a: Trick|Hatterene, F|100\/100\n|move|p1b: Salt|Foul Play|p2a: Trick\n|-damage|p2a: Trick|70\/100\n|move|p2b: Mr. Joe|Shadow Ball|p1a: Glimmora\n|-enditem|p1a: Glimmora|Focus Sash\n|-damage|p1a: Glimmora|1\/100\n|\n|-sideend|p2: lilbookcase|move: Tailwind\n|upkeep\n|turn|8\n|\n|t:|1698367231\n|switch|p2a: Smokin that Toxin|Weezing-Galar, M|100\/100\n|-ability|p2a: Smokin that Toxin|Neutralizing Gas\n|move|p1a: Glimmora|Earth Power|p2b: Mr. Joe\n|-supereffective|p2b: Mr. Joe\n|-damage|p2b: Mr. Joe|36\/100\n|move|p1b: Salt|Foul Play|p2b: Mr. Joe\n|-supereffective|p2b: Mr. Joe\n|-damage|p2b: Mr. Joe|5\/100\n|move|p2b: Mr. Joe|Shadow Ball|p1a: Glimmora\n|-damage|p1a: Glimmora|0 fnt\n|faint|p1a: Glimmora\n|\n|-sideend|p1: DiamondDiancie25|move: Tailwind\n|upkeep\n|\n|t:|1698367248\n|switch|p1a: Gholdengo|Gholdengo, tera:Steel|46\/100\n|turn|9\n|\n|t:|1698367271\n|-terastallize|p2a: Smokin that Toxin|Fire\n|move|p1a: Gholdengo|Protect|p1a: Gholdengo\n|-singleturn|p1a: Gholdengo|Protect\n|move|p1b: Salt|Tailwind|p1b: Salt\n|-sidestart|p1: DiamondDiancie25|move: Tailwind\n|move|p2b: Mr. Joe|Shadow Ball|p1a: Gholdengo\n|-activate|p1a: Gholdengo|move: Protect\n|move|p2a: Smokin that Toxin|Will-O-Wisp|p1a: Gholdengo\n|-activate|p1a: Gholdengo|move: Protect\n|\n|upkeep\n|turn|10\n|\n|t:|1698367308\n|move|p1a: Gholdengo|Shadow Ball|p2b: Mr. Joe\n|-supereffective|p2b: Mr. Joe\n|-damage|p2b: Mr. Joe|0 fnt\n|faint|p2b: Mr. Joe\n|move|p1b: Salt|Foul Play|p2a: Smokin that Toxin\n|-damage|p2a: Smokin that Toxin|79\/100\n|move|p2a: Smokin that Toxin|Will-O-Wisp|p1a: Gholdengo\n|-status|p1a: Gholdengo|brn\n|\n|-heal|p2a: Smokin that Toxin|85\/100|[from] item: Leftovers\n|-damage|p1a: Gholdengo|40\/100 brn|[from] brn\n|upkeep\n|\n|t:|1698367318\n|switch|p2b: Treat|Gothitelle, F|4\/100\n|turn|11\n|\n|t:|1698367339\n|move|p2b: Treat|Fake Out|p1b: Salt\n|-damage|p1b: Salt|69\/100\n|move|p1a: Gholdengo|Shadow Ball|p2a: Smokin that Toxin\n|-damage|p2a: Smokin that Toxin|42\/100\n|cant|p1b: Salt|flinch\n|move|p2a: Smokin that Toxin|Dazzling Gleam|p1b: Salt|[spread] p1a,p1b\n|-resisted|p1a: Gholdengo\n|-supereffective|p1b: Salt\n|-damage|p1a: Gholdengo|30\/100 brn\n|-damage|p1b: Salt|40\/100\n|\n|-heal|p2a: Smokin that Toxin|48\/100|[from] item: Leftovers\n|-damage|p1a: Gholdengo|24\/100 brn|[from] brn\n|upkeep\n|turn|12\n|\n|t:|1698367379\n|move|p1a: Gholdengo|Protect|p1a: Gholdengo\n|-singleturn|p1a: Gholdengo|Protect\n|move|p2a: Smokin that Toxin|Protect|p2a: Smokin that Toxin\n|-singleturn|p2a: Smokin that Toxin|Protect\n|move|p1b: Salt|Foul Play|p2b: Treat\n|-supereffective|p2b: Treat\n|-damage|p2b: Treat|0 fnt\n|faint|p2b: Treat\n|\n|-heal|p2a: Smokin that Toxin|54\/100|[from] item: Leftovers\n|-damage|p1a: Gholdengo|18\/100 brn|[from] brn\n|-sideend|p1: DiamondDiancie25|move: Tailwind\n|upkeep\n|\n|t:|1698367383\n|switch|p2b: Trick|Hatterene, F|70\/100\n|turn|13\n|\n|t:|1698367404\n|move|p2b: Trick|Protect|p2b: Trick\n|-singleturn|p2b: Trick|Protect\n|move|p1a: Gholdengo|Shadow Ball|p2a: Smokin that Toxin\n|-damage|p2a: Smokin that Toxin|16\/100\n|move|p1b: Salt|Foul Play|p2a: Smokin that Toxin\n|-damage|p2a: Smokin that Toxin|0 fnt\n|faint|p2a: Smokin that Toxin\n|-end|p2a: Smokin that Toxin|ability: Neutralizing Gas\n|\n|-damage|p1a: Gholdengo|12\/100 brn|[from] brn\n|upkeep\n|turn|14\n|\n|t:|1698367416\n|move|p1a: Gholdengo|Make It Rain|p2b: Trick\n|-supereffective|p2b: Trick\n|-damage|p2b: Trick|0 fnt\n|-unboost|p1a: Gholdengo|spa|1\n|faint|p2b: Trick\n|\n|win|DiamondDiancie25\n","uploadtime":1698367421,"views":14,"p1id":"diamonddiancie25","p2id":"lilbookcase","formatid":"gen9doublesou","rating":0,"private":0,"password":""}