{"id":"gen9doublesou-1977470514","p1":"Rungy","p2":"base2","format":"[Gen 9] Doubles OU","log":"|j|\u2606Rungy\n|j|\u2606base2\n|t:|1698419835\n|gametype|doubles\n|player|p1|Rungy|gambler|1152\n|player|p2|base2|alec-anime|1198\n|teamsize|p1|6\n|teamsize|p2|6\n|gen|9\n|tier|[Gen 9] Doubles OU\n|rated|\n|rule|Species Clause: Limit one of each Pok\u00e9mon\n|rule|OHKO Clause: OHKO moves are banned\n|rule|Evasion Moves Clause: Evasion moves are banned\n|rule|Gravity Sleep Clause: The combination of sleep-inducing moves with imperfect accuracy and Gravity or Gigantamax Orbeetle are banned\n|rule|Endless Battle Clause: Forcing endless battles is banned\n|rule|HP Percentage Mod: HP is shown in percentages\n|clearpoke\n|poke|p1|Grimmsnarl, M|\n|poke|p1|Sinistcha|\n|poke|p1|Gastrodon-East, M|\n|poke|p1|Arcanine, M|\n|poke|p1|Ninetales-Alola, M|\n|poke|p1|Wyrdeer, M|\n|poke|p2|Walking Wake|\n|poke|p2|Torkoal, F|\n|poke|p2|Okidogi, M|\n|poke|p2|Diancie|\n|poke|p2|Chien-Pao|\n|poke|p2|Basculegion-F, F|\n|teampreview\n|inactive|Battle timer is ON: inactive players will automatically lose when time's up. (requested by base2)\n|c|\u2606Rungy|glhf!\n|c|\u2606base2|gl\n|\n|t:|1698419852\n|start\n|switch|p1a: Grimey|Grimmsnarl, M|100\/100\n|switch|p1b: O'deer|Wyrdeer, M|100\/100\n|switch|p2a: Walking Wake|Walking Wake|100\/100\n|switch|p2b: Torkoal|Torkoal, F, shiny|100\/100\n|-weather|SunnyDay|[from] ability: Drought|[of] p2b: Torkoal\n|-activate|p2a: Walking Wake|ability: Protosynthesis\n|-start|p2a: Walking Wake|protosynthesisspa\n|turn|1\n|c|\u2606base2|its a try match so ya it might go bad for me\n|\n|t:|1698419874\n|switch|p1b: SLUG|Gastrodon-East, M|100\/100\n|move|p1a: Grimey|Misty Terrain|p1a: Grimey\n|-fieldstart|move: Misty Terrain\n|move|p2a: Walking Wake|Hydro Steam|p1b: SLUG\n|-activate|p1b: SLUG|ability: Storm Drain\n|-ability|p1b: SLUG|Storm Drain|boost\n|-boost|p1b: SLUG|spa|1\n|move|p2b: Torkoal|Lava Plume|p1b: SLUG|[spread] p2a,p1a,p1b\n|-resisted|p2a: Walking Wake\n|-resisted|p1b: SLUG\n|-damage|p2a: Walking Wake|88\/100\n|-damage|p1a: Grimey|59\/100\n|-damage|p1b: SLUG|88\/100\n|\n|-weather|SunnyDay|[upkeep]\n|-heal|p2a: Walking Wake|94\/100|[from] item: Leftovers\n|upkeep\n|turn|2\n|\n|t:|1698419902\n|-terastallize|p1b: SLUG|Fire\n|move|p1a: Grimey|Parting Shot|p2b: Torkoal\n|-unboost|p2b: Torkoal|atk|1\n|-unboost|p2b: Torkoal|spa|1\n|\n|t:|1698419909\n|switch|p1a: Zoomies|Arcanine, M|100\/100|[from] Parting Shot\n|move|p2a: Walking Wake|Dragon Pulse|p1b: SLUG\n|-damage|p1b: SLUG|69\/100\n|move|p2b: Torkoal|Solar Beam||[still]\n|-prepare|p2b: Torkoal|Solar Beam\n|-anim|p2b: Torkoal|Solar Beam|p1b: SLUG\n|-resisted|p1b: SLUG\n|-damage|p1b: SLUG|62\/100\n|move|p1b: SLUG|Earth Power|p2b: Torkoal\n|-supereffective|p2b: Torkoal\n|-damage|p2b: Torkoal|0 fnt\n|faint|p2b: Torkoal\n|\n|-weather|SunnyDay|[upkeep]\n|-heal|p2a: Walking Wake|100\/100|[from] item: Leftovers\n|upkeep\n|\n|t:|1698419921\n|switch|p2b: Diancie|Diancie|100\/100\n|turn|3\n|\n|t:|1698419940\n|-end|p2a: Walking Wake|Protosynthesis|[silent]\n|switch|p2a: Okidogi|Okidogi, M|100\/100\n|move|p1a: Zoomies|Iron Head|p2b: Diancie\n|-supereffective|p2b: Diancie\n|-damage|p2b: Diancie|4\/100\n|cant|p2b: Diancie|flinch\n|move|p1b: SLUG|Earth Power|p2b: Diancie\n|-supereffective|p2b: Diancie\n|-damage|p2b: Diancie|0 fnt\n|faint|p2b: Diancie\n|\n|-weather|SunnyDay|[upkeep]\n|upkeep\n|\n|t:|1698419953\n|switch|p2b: Walking Wake|Walking Wake|100\/100\n|-activate|p2b: Walking Wake|ability: Protosynthesis\n|-start|p2b: Walking Wake|protosynthesisspa\n|turn|4\n|\n|t:|1698419966\n|move|p2b: Walking Wake|Dragon Pulse|p1a: Zoomies\n|-damage|p1a: Zoomies|62\/100\n|move|p1a: Zoomies|Psychic Fangs|p2a: Okidogi\n|-supereffective|p2a: Okidogi\n|-damage|p2a: Okidogi|0 fnt\n|faint|p2a: Okidogi\n|-heal|p1a: Zoomies|74\/100|[from] item: Shell Bell|[of] p2: Okidogi\n|move|p1b: SLUG|Earth Power|p2b: Walking Wake\n|-damage|p2b: Walking Wake|29\/100\n|\n|-weather|SunnyDay|[upkeep]\n|-heal|p2b: Walking Wake|36\/100|[from] item: Leftovers\n|upkeep\n|\n|t:|1698419971\n|switch|p2a: Chien-Pao|Chien-Pao|100\/100\n|-ability|p2a: Chien-Pao|Sword of Ruin\n|turn|5\n|\n|t:|1698419985\n|move|p2a: Chien-Pao|Crunch|p1b: SLUG\n|-damage|p1b: SLUG|3\/100\n|-unboost|p1b: SLUG|def|1\n|move|p1a: Zoomies|Flare Blitz|p2a: Chien-Pao\n|-supereffective|p2a: Chien-Pao\n|-damage|p2a: Chien-Pao|0 fnt\n|-damage|p1a: Zoomies|58\/100|[from] item: Rocky Helmet|[of] p2a: Chien-Pao\n|faint|p2a: Chien-Pao\n|-damage|p1a: Zoomies|27\/100|[from] Recoil\n|-heal|p1a: Zoomies|38\/100|[from] item: Shell Bell|[of] p2: Chien-Pao\n|move|p2b: Walking Wake|Dragon Pulse|p1a: Zoomies\n|-damage|p1a: Zoomies|0 fnt\n|faint|p1a: Zoomies\n|move|p1b: SLUG|Earth Power|p2b: Walking Wake\n|-damage|p2b: Walking Wake|0 fnt\n|faint|p2b: Walking Wake\n|-end|p2b: Walking Wake|Protosynthesis|[silent]\n|\n|-weather|none\n|upkeep\n|c|\u2606base2|u violated me\n|\n|t:|1698420003\n|switch|p2a: Basculegion|Basculegion-F, F, shiny|100\/100\n|switch|p1a: Kratom|Sinistcha|100\/100\n|-heal|p1b: SLUG|28\/100|[from] ability: Hospitality|[of] p1a: Kratom\n|turn|6\n|c|\u2606Rungy|gg!\n|\n|t:|1698420011\n|-terastallize|p2a: Basculegion|Water\n|move|p2a: Basculegion|Last Respects|p1a: Kratom\n|-supereffective|p1a: Kratom\n|-damage|p1a: Kratom|0 fnt\n|faint|p1a: Kratom\n|move|p1b: SLUG|Earth Power|p2a: Basculegion\n|-damage|p2a: Basculegion|34\/100\n|\n|upkeep\n|c|\u2606base2|gg\n|\n|t:|1698420019\n|switch|p1a: Gumiho|Ninetales-Alola, M|100\/100\n|-weather|Snow|[from] ability: Snow Warning|[of] p1a: Gumiho\n|turn|7\n|\n|t:|1698420025\n|move|p2a: Basculegion|Last Respects|p1b: SLUG\n|-damage|p1b: SLUG|0 fnt\n|faint|p1b: SLUG\n|move|p1a: Gumiho|Freeze-Dry|p2a: Basculegion\n|-supereffective|p2a: Basculegion\n|-damage|p2a: Basculegion|0 fnt\n|faint|p2a: Basculegion\n|\n|win|Rungy\n|raw|Rungy's rating: 1152 &rarr; <strong>1180<\/strong><br \/>(+28 for winning)\n|raw|base2's rating: 1198 &rarr; <strong>1170<\/strong><br \/>(-28 for losing)\n|l|\u2606base2\n","uploadtime":1698420078,"views":25,"p1id":"rungy","p2id":"base2","formatid":"gen9doublesou","rating":1170,"private":0,"password":""}