{"id":"gen9doublesou-1996913453","p1":"cotesmcgotes","p2":"keepingitreel","format":"[Gen 9] Doubles OU","log":"|j|\u2606cotesmcgotes\n|j|\u2606keepingitreel\n|t:|1700744056\n|gametype|doubles\n|player|p1|cotesmcgotes|flannery|1267\n|player|p2|keepingitreel|fisherman-gen4|1315\n|teamsize|p1|6\n|teamsize|p2|6\n|gen|9\n|tier|[Gen 9] Doubles OU\n|rated|\n|rule|Species Clause: Limit one of each Pok\u00e9mon\n|rule|OHKO Clause: OHKO moves are banned\n|rule|Evasion Moves Clause: Evasion moves are banned\n|rule|Gravity Sleep Clause: The combination of sleep-inducing moves with imperfect accuracy and Gravity or Gigantamax Orbeetle are banned\n|rule|Endless Battle Clause: Forcing endless battles is banned\n|rule|HP Percentage Mod: HP is shown in percentages\n|clearpoke\n|poke|p1|Cresselia, F|\n|poke|p1|Tornadus, M|\n|poke|p1|Overqwil, M|\n|poke|p1|Walking Wake|\n|poke|p1|Ogerpon-Hearthflame, F|\n|poke|p1|Gallade, M|\n|poke|p2|Lilligant-Hisui, F|\n|poke|p2|Tinkaton, F|\n|poke|p2|Rabsca, M|\n|poke|p2|Illumise, F|\n|poke|p2|Shaymin-Sky|\n|poke|p2|Kleavor, F|\n|teampreview\n|inactive|Battle timer is ON: inactive players will automatically lose when time's up. (requested by keepingitreel)\n|\n|t:|1700744072\n|start\n|switch|p1a: Tornadus|Tornadus, M, shiny|100\/100\n|switch|p1b: Ogerpon|Ogerpon-Hearthflame, F|100\/100\n|switch|p2a: Tinkaton|Tinkaton, F|100\/100\n|switch|p2b: Lilligant|Lilligant-Hisui, F|100\/100\n|-ability|p1b: Ogerpon|Mold Breaker\n|turn|1\n|\n|t:|1700744096\n|move|p2a: Tinkaton|Fake Out|p1b: Ogerpon\n|-damage|p1b: Ogerpon|87\/100\n|move|p1a: Tornadus|Tailwind|p1a: Tornadus\n|-sidestart|p1: cotesmcgotes|move: Tailwind\n|cant|p1b: Ogerpon|flinch\n|move|p2b: Lilligant|Teeter Dance|p1b: Ogerpon|[spread] p2a,p1a,p1b\n|-immune|p2a: Tinkaton|confusion|[from] ability: Own Tempo\n|-start|p1a: Tornadus|confusion\n|-start|p1b: Ogerpon|confusion\n|\n|upkeep\n|turn|2\n|inactive|keepingitreel has 120 seconds left.\n|\n|t:|1700744130\n|switch|p2a: Kleavor|Kleavor, F|100\/100\n|-activate|p1b: Ogerpon|confusion\n|-damage|p1b: Ogerpon|69\/100|[from] confusion\n|-activate|p1a: Tornadus|confusion\n|move|p1a: Tornadus|Rain Dance|p1a: Tornadus\n|-weather|RainDance\n|move|p2b: Lilligant|Close Combat|p1b: Ogerpon\n|-damage|p1b: Ogerpon|0 fnt\n|-unboost|p2b: Lilligant|def|1\n|-unboost|p2b: Lilligant|spd|1\n|faint|p1b: Ogerpon\n|\n|-weather|RainDance|[upkeep]\n|upkeep\n|inactive|cotesmcgotes has 120 seconds left.\n|\n|t:|1700744165\n|switch|p1b: Overqwil|Overqwil, M|100\/100\n|turn|3\n|\n|t:|1700744188\n|switch|p2a: Shaymin|Shaymin-Sky|100\/100\n|move|p1b: Overqwil|Barb Barrage|p2b: Lilligant\n|-supereffective|p2b: Lilligant\n|-enditem|p2b: Lilligant|Focus Sash\n|-damage|p2b: Lilligant|1\/100\n|-status|p2b: Lilligant|psn\n|-activate|p1a: Tornadus|confusion\n|move|p1a: Tornadus|Bleakwind Storm|p2b: Lilligant|[spread] p2a,p2b\n|-supereffective|p2a: Shaymin\n|-supereffective|p2b: Lilligant\n|-damage|p2a: Shaymin|16\/100\n|-damage|p2b: Lilligant|0 fnt\n|faint|p2b: Lilligant\n|\n|-weather|RainDance|[upkeep]\n|upkeep\n|inactive|keepingitreel has 120 seconds left.\n|\n|t:|1700744216\n|switch|p2b: Illumise|Illumise, F|100\/100\n|turn|4\n|inactive|keepingitreel has 120 seconds left.\n|\n|t:|1700744244\n|-activate|p1a: Tornadus|confusion\n|-damage|p1a: Tornadus|90\/100|[from] confusion\n|move|p2b: Illumise|Attract|p1a: Tornadus\n|-start|p1a: Tornadus|Attract\n|move|p1b: Overqwil|Barb Barrage|p2a: Shaymin\n|-supereffective|p2a: Shaymin\n|-damage|p2a: Shaymin|0 fnt\n|faint|p2a: Shaymin\n|\n|-weather|RainDance|[upkeep]\n|-sideend|p1: cotesmcgotes|move: Tailwind\n|upkeep\n|\n|t:|1700744255\n|switch|p2a: Kleavor|Kleavor, F|100\/100\n|turn|5\n|inactive|cotesmcgotes has 120 seconds left.\n|\n|t:|1700744288\n|switch|p1a: Cresselia|Cresselia, F, shiny|100\/100\n|move|p2b: Illumise|Sunny Day|p2b: Illumise\n|-weather|SunnyDay\n|move|p2a: Kleavor|Rock Slide|p1a: Cresselia|[spread] p1a\n|-miss|p2a: Kleavor|p1b: Overqwil\n|-damage|p1a: Cresselia|79\/100\n|move|p1b: Overqwil|Acupressure|p1a: Cresselia\n|-boost|p1a: Cresselia|spd|2\n|\n|-weather|SunnyDay|[upkeep]\n|-heal|p1a: Cresselia|85\/100|[from] item: Leftovers\n|upkeep\n|turn|6\n|\n|t:|1700744306\n|-terastallize|p1a: Cresselia|Electric\n|move|p2a: Kleavor|Rock Slide|p1b: Overqwil|[spread] p1a\n|-miss|p2a: Kleavor|p1b: Overqwil\n|-damage|p1a: Cresselia|63\/100\n|move|p1b: Overqwil|Acupressure|p1a: Cresselia\n|-boost|p1a: Cresselia|spa|2\n|move|p1a: Cresselia|Calm Mind|p1a: Cresselia\n|-boost|p1a: Cresselia|spa|1\n|-boost|p1a: Cresselia|spd|1\n|move|p2b: Illumise|Struggle Bug|p1b: Overqwil|[spread] p1a,p1b\n|-damage|p1a: Cresselia|60\/100\n|-damage|p1b: Overqwil|85\/100\n|-unboost|p1a: Cresselia|spa|1\n|-unboost|p1b: Overqwil|spa|1\n|\n|-weather|SunnyDay|[upkeep]\n|-heal|p1b: Overqwil|91\/100|[from] item: Black Sludge\n|-heal|p1a: Cresselia|66\/100|[from] item: Leftovers\n|upkeep\n|turn|7\n|\n|t:|1700744326\n|move|p2a: Kleavor|Rock Slide|p1b: Overqwil|[spread] p1a,p1b\n|-damage|p1a: Cresselia|43\/100\n|-damage|p1b: Overqwil|56\/100\n|cant|p1b: Overqwil|flinch\n|cant|p1a: Cresselia|flinch\n|move|p2b: Illumise|Struggle Bug|p1a: Cresselia|[spread] p1a,p1b\n|-damage|p1a: Cresselia|40\/100\n|-damage|p1b: Overqwil|41\/100\n|-unboost|p1a: Cresselia|spa|1\n|-unboost|p1b: Overqwil|spa|1\n|\n|-weather|SunnyDay|[upkeep]\n|-heal|p1b: Overqwil|47\/100|[from] item: Black Sludge\n|-heal|p1a: Cresselia|46\/100|[from] item: Leftovers\n|upkeep\n|turn|8\n|\n|t:|1700744336\n|move|p2a: Kleavor|Rock Slide|p1b: Overqwil|[spread] p1a\n|-miss|p2a: Kleavor|p1b: Overqwil\n|-damage|p1a: Cresselia|23\/100\n|move|p1b: Overqwil|Acupressure|p1a: Cresselia\n|-boost|p1a: Cresselia|evasion|2\n|move|p1a: Cresselia|Lunar Blessing|p1a: Cresselia|[spread] p1a,p1b\n|-heal|p1a: Cresselia|48\/100\n|-heal|p1b: Overqwil|73\/100\n|move|p2b: Illumise|Struggle Bug|p1a: Cresselia|[spread] p1b\n|-miss|p2b: Illumise|p1a: Cresselia\n|-damage|p1b: Overqwil|56\/100\n|-unboost|p1b: Overqwil|spa|1\n|\n|-weather|SunnyDay|[upkeep]\n|-heal|p1b: Overqwil|62\/100|[from] item: Black Sludge\n|-heal|p1a: Cresselia|54\/100|[from] item: Leftovers\n|upkeep\n|turn|9\n|\n|t:|1700744361\n|switch|p2b: Rabsca|Rabsca, M|100\/100\n|move|p2a: Kleavor|Rock Slide|p1a: Cresselia|[spread] p1a\n|-miss|p2a: Kleavor|p1b: Overqwil\n|-damage|p1a: Cresselia|32\/100\n|move|p1b: Overqwil|Acupressure|p1a: Cresselia\n|-boost|p1a: Cresselia|def|2\n|move|p1a: Cresselia|Lunar Blessing|p1a: Cresselia|[spread] p1a,p1b\n|-heal|p1a: Cresselia|57\/100\n|-heal|p1b: Overqwil|87\/100\n|\n|-weather|none\n|-heal|p1b: Overqwil|93\/100|[from] item: Black Sludge\n|-heal|p1a: Cresselia|64\/100|[from] item: Leftovers\n|upkeep\n|turn|10\n|\n|t:|1700744387\n|move|p2a: Kleavor|Rock Slide|p1b: Overqwil|[spread] p1b\n|-miss|p2a: Kleavor|p1a: Cresselia\n|-damage|p1b: Overqwil|58\/100\n|move|p1b: Overqwil|Crunch|p2b: Rabsca\n|-supereffective|p2b: Rabsca\n|-damage|p2b: Rabsca|2\/100\n|move|p1a: Cresselia|Stored Power|p2a: Kleavor\n|-damage|p2a: Kleavor|0 fnt\n|faint|p2a: Kleavor\n|move|p2b: Rabsca|Psychic|p1a: Cresselia|[miss]\n|-miss|p2b: Rabsca|p1a: Cresselia\n|\n|-heal|p1b: Overqwil|64\/100|[from] item: Black Sludge\n|-heal|p1a: Cresselia|70\/100|[from] item: Leftovers\n|-heal|p2b: Rabsca|8\/100|[from] item: Leftovers\n|upkeep\n|-message|keepingitreel forfeited.\n|\n|win|cotesmcgotes\n|raw|cotesmcgotes's rating: 1267 &rarr; <strong>1295<\/strong><br \/>(+28 for winning)\n|raw|keepingitreel's rating: 1315 &rarr; <strong>1292<\/strong><br \/>(-23 for losing)\n|l|\u2606keepingitreel\n","uploadtime":1700744405,"views":1,"p1id":"cotesmcgotes","p2id":"keepingitreel","formatid":"gen9doublesou","rating":1292,"private":0,"password":""}