{"id":"gen9doublesou-1975797718","p1":"Shinra92","p2":"erce1234","format":"[Gen 9] Doubles OU","log":"|j|\u2606Shinra92\n|j|\u2606erce1234\n|t:|1698239029\n|gametype|doubles\n|player|p1|Shinra92|266|1044\n|player|p2|erce1234|bugsy|1105\n|teamsize|p1|6\n|teamsize|p2|6\n|gen|9\n|tier|[Gen 9] Doubles OU\n|rated|\n|rule|Species Clause: Limit one of each Pok\u00e9mon\n|rule|OHKO Clause: OHKO moves are banned\n|rule|Evasion Moves Clause: Evasion moves are banned\n|rule|Gravity Sleep Clause: The combination of sleep-inducing moves with imperfect accuracy and Gravity or Gigantamax Orbeetle are banned\n|rule|Endless Battle Clause: Forcing endless battles is banned\n|rule|HP Percentage Mod: HP is shown in percentages\n|clearpoke\n|poke|p1|Goodra, M|\n|poke|p1|Ludicolo, M|\n|poke|p1|Pelipper, F|\n|poke|p1|Clefable, F|\n|poke|p1|Barraskewda, F|\n|poke|p1|Politoed, F|\n|poke|p2|Indeedee-F, F|\n|poke|p2|Snorlax, F|\n|poke|p2|Hatterene, F|\n|poke|p2|Scizor, M|\n|poke|p2|Garganacl, F|\n|poke|p2|Dragapult, F|\n|teampreview\n|\n|t:|1698239034\n|start\n|switch|p1a: Pelipper|Pelipper, F, shiny|100\/100\n|switch|p1b: Barraskewda|Barraskewda, F, shiny|100\/100\n|switch|p2a: Indeedee|Indeedee-F, F|100\/100\n|switch|p2b: Snorlax|Snorlax, F|100\/100\n|-weather|RainDance|[from] ability: Drizzle|[of] p1a: Pelipper\n|turn|1\n|c|\u2606erce1234|omg,,,politoed\n|\n|t:|1698239054\n|move|p1b: Barraskewda|Flip Turn|p2b: Snorlax\n|-damage|p2b: Snorlax|42\/100\n|-enditem|p2b: Snorlax|Aguav Berry|[eat]\n|-heal|p2b: Snorlax|75\/100|[from] item: Aguav Berry\n|-damage|p1b: Barraskewda|91\/100|[from] item: Life Orb\n|\n|t:|1698239062\n|switch|p1b: Goodra|Goodra, M, shiny|100\/100|[from] Flip Turn\n|move|p1a: Pelipper|U-turn|p2a: Indeedee\n|-supereffective|p2a: Indeedee\n|-damage|p2a: Indeedee|77\/100\n|\n|t:|1698239069\n|switch|p1a: Ludicolo|Ludicolo, M, shiny|100\/100|[from] U-turn\n|move|p2b: Snorlax|Belly Drum|p2b: Snorlax\n|-damage|p2b: Snorlax|25\/100\n|-setboost|p2b: Snorlax|atk|6|[from] move: Belly Drum\n|move|p2a: Indeedee|Trick Room|p2a: Indeedee\n|-fieldstart|move: Trick Room|[of] p2a: Indeedee\n|\n|-weather|RainDance|[upkeep]\n|upkeep\n|turn|2\n|\n|t:|1698239108\n|move|p1a: Ludicolo|Protect|p1a: Ludicolo\n|-singleturn|p1a: Ludicolo|Protect\n|move|p2b: Snorlax|Body Slam|p1a: Ludicolo\n|-activate|p1a: Ludicolo|move: Protect\n|move|p2a: Indeedee|Heal Pulse|p2b: Snorlax\n|-heal|p2b: Snorlax|75\/100\n|move|p1b: Goodra|Blizzard|p2b: Snorlax|[spread] p2a,p2b\n|-damage|p2a: Indeedee|57\/100\n|-damage|p2b: Snorlax|59\/100\n|\n|-weather|RainDance|[upkeep]\n|upkeep\n|turn|3\n|\n|t:|1698239132\n|move|p2b: Snorlax|Body Slam|p1a: Ludicolo\n|-damage|p1a: Ludicolo|0 fnt\n|faint|p1a: Ludicolo\n|move|p2a: Indeedee|Heal Pulse|p2b: Snorlax\n|-heal|p2b: Snorlax|100\/100\n|move|p1b: Goodra|Thunderbolt|p2b: Snorlax\n|-crit|p2b: Snorlax\n|-damage|p2b: Snorlax|71\/100\n|\n|-weather|RainDance|[upkeep]\n|upkeep\n|\n|t:|1698239145\n|switch|p1a: Clefable|Clefable, F, shiny|100\/100\n|turn|4\n|\n|t:|1698239159\n|move|p2a: Indeedee|Follow Me|p2a: Indeedee\n|-singleturn|p2a: Indeedee|move: Follow Me\n|move|p2b: Snorlax|Body Slam|p1b: Goodra\n|-damage|p1b: Goodra|0 fnt\n|faint|p1b: Goodra\n|move|p1a: Clefable|Dazzling Gleam|p2a: Indeedee|[spread] p2a,p2b\n|-damage|p2a: Indeedee|33\/100\n|-damage|p2b: Snorlax|52\/100\n|-enditem|p2a: Indeedee|Sitrus Berry|[eat]\n|-heal|p2a: Indeedee|58\/100|[from] item: Sitrus Berry\n|\n|-weather|RainDance|[upkeep]\n|upkeep\n|\n|t:|1698239172\n|switch|p1b: Barraskewda|Barraskewda, F, shiny|91\/100\n|turn|5\n|\n|t:|1698239189\n|-terastallize|p1b: Barraskewda|Water\n|move|p2b: Snorlax|Body Slam|p1b: Barraskewda\n|-damage|p1b: Barraskewda|0 fnt\n|faint|p1b: Barraskewda\n|move|p1a: Clefable|Moonblast|p2a: Indeedee\n|-damage|p2a: Indeedee|21\/100\n|-unboost|p2a: Indeedee|spa|1\n|move|p2a: Indeedee|Heal Pulse|p2b: Snorlax\n|-heal|p2b: Snorlax|100\/100\n|\n|-weather|none\n|-fieldend|move: Trick Room\n|upkeep\n|-message|Shinra92 forfeited.\n|\n|win|erce1234\n|raw|Shinra92's rating: 1044 &rarr; <strong>1030<\/strong><br \/>(-14 for losing)\n|raw|erce1234's rating: 1105 &rarr; <strong>1126<\/strong><br \/>(+21 for winning)\n|l|\u2606Shinra92\n","uploadtime":1698239209,"views":15,"p1id":"shinra92","p2id":"erce1234","formatid":"gen9doublesou","rating":1030,"private":0,"password":""}