{"id":"gen9doublesou-1990064531","p1":"Yakogoro","p2":"Kyukutsu","format":"[Gen 9] Doubles OU","log":"|j|\u2606Yakogoro\n|j|\u2606Kyukutsu\n|t:|1699920708\n|gametype|doubles\n|player|p1|Yakogoro|workerice|1388\n|player|p2|Kyukutsu|chuck|1570\n|teamsize|p1|6\n|teamsize|p2|6\n|gen|9\n|tier|[Gen 9] Doubles OU\n|rated|\n|rule|Species Clause: Limit one of each Pok\u00e9mon\n|rule|OHKO Clause: OHKO moves are banned\n|rule|Evasion Moves Clause: Evasion moves are banned\n|rule|Gravity Sleep Clause: The combination of sleep-inducing moves with imperfect accuracy and Gravity or Gigantamax Orbeetle are banned\n|rule|Endless Battle Clause: Forcing endless battles is banned\n|rule|HP Percentage Mod: HP is shown in percentages\n|clearpoke\n|poke|p1|Weezing, F|\n|poke|p1|Roaring Moon|\n|poke|p1|Landorus-Therian, M|\n|poke|p1|Ogerpon-Wellspring, F|\n|poke|p1|Iron Hands|\n|poke|p1|Flutter Mane|\n|poke|p2|Lilligant-Hisui, F|\n|poke|p2|Torkoal, M|\n|poke|p2|Flutter Mane|\n|poke|p2|Walking Wake|\n|poke|p2|Gholdengo|\n|poke|p2|Roaring Moon|\n|teampreview\n|inactive|Battle timer is ON: inactive players will automatically lose when time's up. (requested by Yakogoro)\n|inactive|Yakogoro has 120 seconds left.\n|c|\u2606Kyukutsu|glhf\n|\n|t:|1699920754\n|start\n|switch|p1a: Weezing|Weezing, F, shiny|100\/100\n|switch|p1b: Roaring Moon|Roaring Moon|100\/100\n|switch|p2a: Lilligant|Lilligant-Hisui, F|100\/100\n|switch|p2b: Torkoal|Torkoal, M|100\/100\n|-ability|p1a: Weezing|Neutralizing Gas\n|-enditem|p1b: Roaring Moon|Booster Energy\n|-activate|p1b: Roaring Moon|ability: Protosynthesis|[fromitem]\n|-start|p1b: Roaring Moon|protosynthesisatk\n|turn|1\n|\n|t:|1699920776\n|move|p1b: Roaring Moon|Tailwind|p1b: Roaring Moon\n|-sidestart|p1: Yakogoro|move: Tailwind\n|move|p2a: Lilligant|After You|p2b: Torkoal\n|-activate|p2b: Torkoal|move: After You\n|move|p2b: Torkoal|Earth Power|p1a: Weezing\n|-supereffective|p1a: Weezing\n|-damage|p1a: Weezing|26\/100\n|-enditem|p1a: Weezing|Sitrus Berry|[eat]\n|-heal|p1a: Weezing|50\/100|[from] item: Sitrus Berry\n|move|p1a: Weezing|Will-O-Wisp|p2a: Lilligant|[miss]\n|-miss|p1a: Weezing|p2a: Lilligant\n|\n|upkeep\n|turn|2\n|c|\u2606Yakogoro|h\n|c|\u2606Yakogoro|tragic miss\n|\n|t:|1699920800\n|move|p1b: Roaring Moon|Knock Off|p2b: Torkoal\n|-damage|p2b: Torkoal|45\/100\n|-enditem|p2b: Torkoal|Choice Specs|[from] move: Knock Off|[of] p1b: Roaring Moon\n|move|p2a: Lilligant|Sleep Powder|p1b: Roaring Moon\n|-status|p1b: Roaring Moon|slp|[from] move: Sleep Powder\n|move|p1a: Weezing|Will-O-Wisp|p2a: Lilligant\n|-status|p2a: Lilligant|brn\n|move|p2b: Torkoal|Earth Power|p1a: Weezing\n|-supereffective|p1a: Weezing\n|-damage|p1a: Weezing|6\/100\n|-unboost|p1a: Weezing|spd|1\n|\n|-damage|p2a: Lilligant|94\/100 brn|[from] brn\n|upkeep\n|turn|3\n|inactive|Kyukutsu has 120 seconds left.\n|\n|t:|1699920834\n|move|p1a: Weezing|Protect|p1a: Weezing\n|-singleturn|p1a: Weezing|Protect\n|cant|p1b: Roaring Moon|slp\n|move|p2a: Lilligant|Pollen Puff|p2b: Torkoal\n|-heal|p2b: Torkoal|94\/100\n|move|p2b: Torkoal|Body Press|p1b: Roaring Moon\n|-supereffective|p1b: Roaring Moon\n|-damage|p1b: Roaring Moon|41\/100 slp\n|\n|-damage|p2a: Lilligant|88\/100 brn|[from] brn\n|upkeep\n|turn|4\n|\n|t:|1699920862\n|cant|p1b: Roaring Moon|slp\n|move|p2a: Lilligant|After You|p2b: Torkoal\n|-activate|p2b: Torkoal|move: After You\n|move|p2b: Torkoal|Eruption|p1b: Roaring Moon|[spread] p1a,p1b\n|-resisted|p1b: Roaring Moon\n|-damage|p1a: Weezing|0 fnt\n|-damage|p1b: Roaring Moon|19\/100 slp\n|faint|p1a: Weezing\n|-end|p1a: Weezing|ability: Neutralizing Gas\n|-weather|SunnyDay|[from] ability: Drought|[of] p2b: Torkoal\n|\n|-weather|SunnyDay|[upkeep]\n|-damage|p2a: Lilligant|82\/100 brn|[from] brn\n|-sideend|p1: Yakogoro|move: Tailwind\n|upkeep\n|inactive|Yakogoro has 120 seconds left.\n|\n|t:|1699920872\n|switch|p1a: Iron Hands|Iron Hands|100\/100\n|turn|5\n|\n|t:|1699920900\n|move|p1a: Iron Hands|Fake Out|p2a: Lilligant\n|-damage|p2a: Lilligant|60\/100 brn\n|cant|p2a: Lilligant|flinch\n|cant|p1b: Roaring Moon|slp\n|move|p2b: Torkoal|Earth Power|p1a: Iron Hands\n|-supereffective|p1a: Iron Hands\n|-damage|p1a: Iron Hands|68\/100\n|\n|-weather|SunnyDay|[upkeep]\n|-damage|p2a: Lilligant|54\/100 brn|[from] brn\n|upkeep\n|turn|6\n|inactive|Yakogoro has 120 seconds left.\n|\n|t:|1699920940\n|-curestatus|p1b: Roaring Moon|slp|[msg]\n|move|p1b: Roaring Moon|Protect|p1b: Roaring Moon\n|-singleturn|p1b: Roaring Moon|Protect\n|move|p2a: Lilligant|After You|p2b: Torkoal\n|-activate|p2b: Torkoal|move: After You\n|move|p2b: Torkoal|Eruption|p1a: Iron Hands|[spread] p1a\n|-activate|p1b: Roaring Moon|move: Protect\n|-damage|p1a: Iron Hands|28\/100\n|move|p1a: Iron Hands|Drain Punch|p2b: Torkoal\n|-crit|p2b: Torkoal\n|-damage|p2b: Torkoal|41\/100\n|-heal|p1a: Iron Hands|46\/100|[from] drain|[of] p2b: Torkoal\n|\n|-weather|SunnyDay|[upkeep]\n|-damage|p2a: Lilligant|48\/100 brn|[from] brn\n|upkeep\n|turn|7\n|inactive|Yakogoro has 120 seconds left.\n|inactive|Kyukutsu has 120 seconds left.\n|inactive|Yakogoro has 90 seconds left.\n|\n|t:|1699921002\n|switch|p2b: Flutter Mane|Flutter Mane|100\/100\n|-activate|p2b: Flutter Mane|ability: Protosynthesis\n|-start|p2b: Flutter Mane|protosynthesisspe\n|move|p2a: Lilligant|Axe Kick|p1b: Roaring Moon\n|-supereffective|p1b: Roaring Moon\n|-damage|p1b: Roaring Moon|0 fnt\n|faint|p1b: Roaring Moon\n|-end|p1b: Roaring Moon|Protosynthesis|[silent]\n|move|p1a: Iron Hands|Drain Punch|p2b: Flutter Mane\n|-immune|p2b: Flutter Mane\n|\n|-weather|SunnyDay|[upkeep]\n|-damage|p2a: Lilligant|42\/100 brn|[from] brn\n|upkeep\n|\n|t:|1699921013\n|switch|p1b: Flutter Mane|Flutter Mane|100\/100\n|-activate|p1b: Flutter Mane|ability: Protosynthesis\n|-start|p1b: Flutter Mane|protosynthesisspe\n|turn|8\n|inactive|Yakogoro has 90 seconds left.\n|inactive|Kyukutsu has 120 seconds left.\n|\n|t:|1699921043\n|-terastallize|p1b: Flutter Mane|Fairy\n|move|p2b: Flutter Mane|Protect|p2b: Flutter Mane\n|-singleturn|p2b: Flutter Mane|Protect\n|move|p2a: Lilligant|Sleep Powder|p1b: Flutter Mane\n|-status|p1b: Flutter Mane|slp|[from] move: Sleep Powder\n|cant|p1b: Flutter Mane|slp\n|move|p1a: Iron Hands|Heavy Slam|p2b: Flutter Mane\n|-activate|p2b: Flutter Mane|move: Protect\n|\n|-weather|none\n|-end|p2b: Flutter Mane|Protosynthesis\n|-end|p1b: Flutter Mane|Protosynthesis\n|-damage|p2a: Lilligant|36\/100 brn|[from] brn\n|upkeep\n|turn|9\n|inactive|Yakogoro has 90 seconds left.\n|\n|t:|1699921061\n|move|p2b: Flutter Mane|Dazzling Gleam|p1a: Iron Hands|[spread] p1a,p1b\n|-supereffective|p1a: Iron Hands\n|-damage|p1a: Iron Hands|8\/100\n|-damage|p1b: Flutter Mane|67\/100 slp\n|cant|p1b: Flutter Mane|slp\n|move|p2a: Lilligant|Axe Kick|p1a: Iron Hands\n|-damage|p1a: Iron Hands|0 fnt\n|faint|p1a: Iron Hands\n|-end|p1a: Iron Hands|Quark Drive|[silent]\n|\n|-damage|p2a: Lilligant|30\/100 brn|[from] brn\n|upkeep\n|inactive|Yakogoro has 90 seconds left.\n|\n|t:|1699921069\n|switch|p1a: Landorus|Landorus-Therian, M|100\/100\n|-ability|p1a: Landorus|Intimidate|boost\n|-unboost|p2a: Lilligant|atk|1\n|-unboost|p2b: Flutter Mane|atk|1\n|turn|10\n|\n|t:|1699921096\n|move|p1a: Landorus|Rock Slide|p2b: Flutter Mane|[spread] p2a,p2b\n|-resisted|p2a: Lilligant\n|-damage|p2a: Lilligant|14\/100 brn\n|-damage|p2b: Flutter Mane|52\/100\n|move|p2b: Flutter Mane|Shadow Ball|p1b: Flutter Mane\n|-damage|p1b: Flutter Mane|24\/100 slp\n|cant|p1b: Flutter Mane|slp\n|move|p2a: Lilligant|Sleep Powder|p1a: Landorus|[miss]\n|-miss|p2a: Lilligant|p1a: Landorus\n|\n|-damage|p2a: Lilligant|8\/100 brn|[from] brn\n|upkeep\n|turn|11\n|inactive|Kyukutsu has 120 seconds left.\n|\n|t:|1699921132\n|move|p1a: Landorus|Rock Slide|p2b: Flutter Mane|[spread] p2a,p2b\n|-resisted|p2a: Lilligant\n|-damage|p2a: Lilligant|0 fnt\n|-damage|p2b: Flutter Mane|5\/100\n|faint|p2a: Lilligant\n|-curestatus|p1b: Flutter Mane|slp|[msg]\n|move|p1b: Flutter Mane|Dazzling Gleam|p2b: Flutter Mane\n|-damage|p2b: Flutter Mane|0 fnt\n|faint|p2b: Flutter Mane\n|-end|p2b: Flutter Mane|Protosynthesis|[silent]\n|\n|upkeep\n|inactive|Kyukutsu has 90 seconds left.\n|\n|t:|1699921174\n|switch|p2b: Roaring Moon|Roaring Moon|100\/100\n|switch|p2a: Gholdengo|Gholdengo|100\/100\n|-enditem|p2b: Roaring Moon|Booster Energy\n|-activate|p2b: Roaring Moon|ability: Protosynthesis|[fromitem]\n|-start|p2b: Roaring Moon|protosynthesisspe\n|turn|12\n|inactive|Kyukutsu has 90 seconds left.\n|\n|t:|1699921204\n|-terastallize|p2b: Roaring Moon|Poison\n|move|p2b: Roaring Moon|Tailwind|p2b: Roaring Moon\n|-sidestart|p2: Kyukutsu|move: Tailwind\n|move|p2a: Gholdengo|Make It Rain|p1b: Flutter Mane|[spread] p1a,p1b\n|-supereffective|p1b: Flutter Mane\n|-damage|p1a: Landorus|43\/100\n|-damage|p1b: Flutter Mane|0 fnt\n|-unboost|p2a: Gholdengo|spa|1\n|faint|p1b: Flutter Mane\n|-end|p1b: Flutter Mane|Protosynthesis|[silent]\n|move|p1a: Landorus|Rock Slide|p2a: Gholdengo|[spread] p2a,p2b\n|-resisted|p2a: Gholdengo\n|-damage|p2a: Gholdengo|87\/100\n|-damage|p2b: Roaring Moon|75\/100\n|\n|upkeep\n|\n|t:|1699921211\n|switch|p1b: Ogerpon|Ogerpon-Wellspring, F|100\/100\n|turn|13\n|\n|t:|1699921225\n|switch|p2a: Torkoal|Torkoal, M|41\/100\n|-weather|SunnyDay|[from] ability: Drought|[of] p2a: Torkoal\n|move|p1b: Ogerpon|Spiky Shield|p1b: Ogerpon\n|-singleturn|p1b: Ogerpon|move: Protect\n|move|p2b: Roaring Moon|Breaking Swipe|p1a: Landorus|[spread] p1a\n|-activate|p1b: Ogerpon|move: Protect\n|-damage|p2b: Roaring Moon|62\/100|[from] Spiky Shield|[of] p1b: Ogerpon\n|-damage|p1a: Landorus|17\/100\n|-unboost|p1a: Landorus|atk|1\n|move|p1a: Landorus|Rock Slide|p2b: Roaring Moon|[spread] p2a,p2b\n|-supereffective|p2a: Torkoal\n|-damage|p2a: Torkoal|19\/100\n|-damage|p2b: Roaring Moon|46\/100\n|\n|-weather|SunnyDay|[upkeep]\n|upkeep\n|turn|14\n|inactive|Kyukutsu has 120 seconds left.\n|\n|t:|1699921251\n|move|p2b: Roaring Moon|Breaking Swipe|p1b: Ogerpon|[spread] p1a,p1b\n|-damage|p1a: Landorus|0 fnt\n|-damage|p1b: Ogerpon|73\/100\n|-unboost|p1b: Ogerpon|atk|1\n|faint|p1a: Landorus\n|move|p1b: Ogerpon|Swords Dance|p1b: Ogerpon\n|-boost|p1b: Ogerpon|atk|2\n|move|p2a: Torkoal|Solar Beam||[still]\n|-prepare|p2a: Torkoal|Solar Beam\n|-anim|p2a: Torkoal|Solar Beam|p1b: Ogerpon\n|-damage|p1b: Ogerpon|30\/100\n|\n|-weather|SunnyDay|[upkeep]\n|upkeep\n|turn|15\n|inactive|Kyukutsu has 120 seconds left.\n|\n|t:|1699921284\n|move|p2b: Roaring Moon|Protect|p2b: Roaring Moon\n|-singleturn|p2b: Roaring Moon|Protect\n|move|p1b: Ogerpon|Spiky Shield|p1b: Ogerpon\n|-singleturn|p1b: Ogerpon|move: Protect\n|move|p2a: Torkoal|Solar Beam||[still]\n|-prepare|p2a: Torkoal|Solar Beam\n|-anim|p2a: Torkoal|Solar Beam|p1b: Ogerpon\n|-activate|p1b: Ogerpon|move: Protect\n|\n|-weather|SunnyDay|[upkeep]\n|-sideend|p2: Kyukutsu|move: Tailwind\n|upkeep\n|turn|16\n|inactive|Kyukutsu has 120 seconds left.\n|inactive|Yakogoro has 120 seconds left.\n|\n|t:|1699921330\n|move|p2b: Roaring Moon|Breaking Swipe|p1b: Ogerpon\n|-damage|p1b: Ogerpon|0 fnt\n|faint|p1b: Ogerpon\n|\n|win|Kyukutsu\n|raw|Yakogoro's rating: 1388 &rarr; <strong>1378<\/strong><br \/>(-10 for losing)\n|raw|Kyukutsu's rating: 1570 &rarr; <strong>1580<\/strong><br \/>(+10 for winning)\n|l|\u2606Yakogoro\n","uploadtime":1699921352,"views":40,"p1id":"yakogoro","p2id":"kyukutsu","formatid":"gen9doublesou","rating":1378,"private":0,"password":""}