{"id":"gen9doublesou-1980907644","p1":"TestesAccount","p2":"clepea","format":"[Gen 9] Doubles OU","log":"|j|\u2606TestesAccount\n|j|\u2606clepea\n|t:|1698847950\n|gametype|doubles\n|player|p1|TestesAccount|cynthia|1383\n|player|p2|clepea|ingo|1303\n|teamsize|p1|6\n|teamsize|p2|6\n|gen|9\n|tier|[Gen 9] Doubles OU\n|rated|\n|rule|Species Clause: Limit one of each Pok\u00e9mon\n|rule|OHKO Clause: OHKO moves are banned\n|rule|Evasion Moves Clause: Evasion moves are banned\n|rule|Gravity Sleep Clause: The combination of sleep-inducing moves with imperfect accuracy and Gravity or Gigantamax Orbeetle are banned\n|rule|Endless Battle Clause: Forcing endless battles is banned\n|rule|HP Percentage Mod: HP is shown in percentages\n|clearpoke\n|poke|p1|Sableye, F|\n|poke|p1|Dragapult, F|\n|poke|p1|Gothitelle, F|\n|poke|p1|Heatran, M|\n|poke|p1|Amoonguss, M|\n|poke|p1|Iron Hands|\n|poke|p2|Spiritomb, M|\n|poke|p2|Sinistcha-Masterpiece|\n|poke|p2|Hatterene, F|\n|poke|p2|Ursaluna-Bloodmoon, M|\n|poke|p2|Slowbro-Galar, M|\n|poke|p2|Indeedee-F, F|\n|teampreview\n|\n|t:|1698847961\n|start\n|switch|p1a: Sableye|Sableye, F|100\/100\n|switch|p1b: Dragapult|Dragapult, F, shiny|100\/100\n|switch|p2a: Hat in Time|Hatterene, F, shiny|100\/100\n|switch|p2b: Nuke|Ursaluna-Bloodmoon, M|100\/100\n|turn|1\n|\n|t:|1698847985\n|move|p2b: Nuke|Protect|p2b: Nuke\n|-singleturn|p2b: Nuke|Protect\n|move|p1a: Sableye|Light Screen|p1a: Sableye\n|-sidestart|p1: TestesAccount|move: Light Screen\n|move|p1b: Dragapult|U-turn|p2b: Nuke\n|-activate|p2b: Nuke|move: Protect\n|move|p2a: Hat in Time|Trick Room|p2a: Hat in Time\n|-fieldstart|move: Trick Room|[of] p2a: Hat in Time\n|\n|upkeep\n|turn|2\n|\n|t:|1698848003\n|switch|p1b: Amoonguss|Amoonguss, M, shiny|100\/100\n|-terastallize|p2b: Nuke|Normal\n|move|p1a: Sableye|Reflect|p1a: Sableye\n|-sidestart|p1: TestesAccount|Reflect\n|move|p2a: Hat in Time|Draining Kiss|p1a: Sableye\n|-supereffective|p1a: Sableye\n|-damage|p1a: Sableye|41\/100\n|-damage|p2a: Hat in Time|91\/100|[from] item: Life Orb\n|move|p2b: Nuke|Blood Moon|p1b: Amoonguss\n|-damage|p1b: Amoonguss|43\/100\n|\n|upkeep\n|turn|3\n|\n|t:|1698848029\n|switch|p1a: Gothitelle|Gothitelle, F|100\/100\n|move|p2b: Nuke|Protect|p2b: Nuke\n|-singleturn|p2b: Nuke|Protect\n|move|p1b: Amoonguss|Spore|p2b: Nuke\n|-activate|p2b: Nuke|move: Protect\n|move|p2a: Hat in Time|Psychic|p1b: Amoonguss\n|-supereffective|p1b: Amoonguss\n|-damage|p1b: Amoonguss|0 fnt\n|faint|p1b: Amoonguss\n|-damage|p2a: Hat in Time|81\/100|[from] item: Life Orb\n|\n|upkeep\n|\n|t:|1698848040\n|switch|p1b: Heatran|Heatran, M|100\/100\n|turn|4\n|\n|t:|1698848058\n|-terastallize|p1b: Heatran|Grass\n|move|p2a: Hat in Time|Draining Kiss|p1a: Gothitelle\n|-damage|p1a: Gothitelle|81\/100\n|-heal|p2a: Hat in Time|97\/100|[from] drain|[of] p1a: Gothitelle\n|-damage|p2a: Hat in Time|87\/100|[from] item: Life Orb\n|move|p2b: Nuke|Earth Power|p1b: Heatran\n|-resisted|p1b: Heatran\n|-damage|p1b: Heatran|90\/100\n|move|p1a: Gothitelle|Psychic|p2b: Nuke\n|-damage|p2b: Nuke|70\/100\n|move|p1b: Heatran|Flash Cannon|p2a: Hat in Time\n|-supereffective|p2a: Hat in Time\n|-damage|p2a: Hat in Time|0 fnt\n|faint|p2a: Hat in Time\n|\n|-heal|p2b: Nuke|76\/100|[from] item: Leftovers\n|-heal|p1a: Gothitelle|87\/100|[from] item: Leftovers\n|upkeep\n|\n|t:|1698848075\n|switch|p2a: Queendeedeedee|Indeedee-F, F, shiny|100\/100\n|-fieldstart|move: Psychic Terrain|[from] ability: Psychic Surge|[of] p2a: Queendeedeedee\n|-enditem|p2a: Queendeedeedee|Psychic Seed\n|-boost|p2a: Queendeedeedee|spd|1|[from] item: Psychic Seed\n|turn|5\n|\n|t:|1698848093\n|move|p2b: Nuke|Blood Moon|p1b: Heatran\n|-damage|p1b: Heatran|51\/100\n|move|p1a: Gothitelle|Psychic|p2b: Nuke\n|-damage|p2b: Nuke|36\/100\n|move|p2a: Queendeedeedee|Hyper Voice|p1a: Gothitelle|[spread] p1a,p1b\n|-damage|p1a: Gothitelle|71\/100\n|-damage|p1b: Heatran|40\/100\n|move|p1b: Heatran|Heat Wave|p2a: Queendeedeedee|[spread] p2a\n|-miss|p1b: Heatran|p2b: Nuke\n|-damage|p2a: Queendeedeedee|72\/100\n|-status|p2a: Queendeedeedee|brn\n|\n|-heal|p2b: Nuke|42\/100|[from] item: Leftovers\n|-heal|p1a: Gothitelle|77\/100|[from] item: Leftovers\n|-damage|p2a: Queendeedeedee|66\/100 brn|[from] brn\n|-fieldend|move: Trick Room\n|upkeep\n|turn|6\n|\n|t:|1698848112\n|move|p2b: Nuke|Protect|p2b: Nuke\n|-singleturn|p2b: Nuke|Protect\n|move|p1b: Heatran|Heat Wave|p2b: Nuke|[spread] p2a\n|-activate|p2b: Nuke|move: Protect\n|-damage|p2a: Queendeedeedee|41\/100 brn\n|move|p1a: Gothitelle|Heal Pulse|p1b: Heatran\n|-heal|p1b: Heatran|90\/100\n|move|p2a: Queendeedeedee|Trick Room|p2a: Queendeedeedee\n|-fieldstart|move: Trick Room|[of] p2a: Queendeedeedee\n|\n|-heal|p2b: Nuke|48\/100|[from] item: Leftovers\n|-heal|p1a: Gothitelle|83\/100|[from] item: Leftovers\n|-damage|p2a: Queendeedeedee|35\/100 brn|[from] brn\n|upkeep\n|turn|7\n|\n|t:|1698848127\n|move|p2b: Nuke|Blood Moon|p1b: Heatran\n|-damage|p1b: Heatran|51\/100\n|move|p1a: Gothitelle|Psychic|p2b: Nuke\n|-damage|p2b: Nuke|8\/100\n|move|p2a: Queendeedeedee|Psychic|p1b: Heatran\n|-damage|p1b: Heatran|32\/100\n|move|p1b: Heatran|Heat Wave|p2a: Queendeedeedee|[spread] \n|-miss|p1b: Heatran|p2a: Queendeedeedee\n|-miss|p1b: Heatran|p2b: Nuke\n|\n|-heal|p2b: Nuke|14\/100|[from] item: Leftovers\n|-heal|p1a: Gothitelle|89\/100|[from] item: Leftovers\n|-damage|p2a: Queendeedeedee|28\/100 brn|[from] brn\n|upkeep\n|turn|8\n|\n|t:|1698848147\n|move|p2b: Nuke|Focus Blast|p1b: Heatran\n|-damage|p1b: Heatran|16\/100\n|move|p1a: Gothitelle|Heal Pulse|p1b: Heatran\n|-heal|p1b: Heatran|66\/100\n|move|p2a: Queendeedeedee|Psychic|p1b: Heatran\n|-damage|p1b: Heatran|46\/100\n|move|p1b: Heatran|Heat Wave|p2a: Queendeedeedee|[spread] p2a\n|-miss|p1b: Heatran|p2b: Nuke\n|-damage|p2a: Queendeedeedee|3\/100 brn\n|\n|-heal|p2b: Nuke|20\/100|[from] item: Leftovers\n|-heal|p1a: Gothitelle|95\/100|[from] item: Leftovers\n|-damage|p2a: Queendeedeedee|0 fnt|[from] brn\n|faint|p2a: Queendeedeedee\n|-sideend|p1: TestesAccount|move: Light Screen\n|upkeep\n|\n|t:|1698848157\n|switch|p2a: Blickey Ah|Slowbro-Galar, M, shiny|100\/100\n|turn|9\n|c|\u2606TestesAccount|WHY I'M MISSING\n|c|\u2606clepea|idk\n|c|\u2606clepea|bad luck\n|-activate|p2a: Blickey Ah|ability: Quick Draw\n|\n|t:|1698848180\n|move|p2a: Blickey Ah|Shell Side Arm|p1b: Heatran|[anim] Shell Side Arm Special\n|-supereffective|p1b: Heatran\n|-damage|p1b: Heatran|0 fnt\n|-hint|Special Shell Side Arm\n|faint|p1b: Heatran\n|-damage|p2a: Blickey Ah|91\/100|[from] item: Life Orb\n|move|p2b: Nuke|Blood Moon|p1a: Gothitelle\n|-damage|p1a: Gothitelle|4\/100\n|move|p1a: Gothitelle|Psychic|p2a: Blickey Ah\n|-damage|p2a: Blickey Ah|45\/100\n|\n|-heal|p2b: Nuke|26\/100|[from] item: Leftovers\n|-heal|p1a: Gothitelle|10\/100|[from] item: Leftovers\n|-sideend|p1: TestesAccount|Reflect\n|-fieldend|move: Psychic Terrain\n|upkeep\n|\n|t:|1698848196\n|switch|p1b: Iron Hands|Iron Hands|100\/100\n|turn|10\n|\n|t:|1698848216\n|move|p2b: Nuke|Protect|p2b: Nuke\n|-singleturn|p2b: Nuke|Protect\n|move|p1b: Iron Hands|Fake Out|p2a: Blickey Ah\n|-damage|p2a: Blickey Ah|30\/100\n|cant|p2a: Blickey Ah|flinch\n|move|p1a: Gothitelle|Psychic|p2b: Nuke\n|-activate|p2b: Nuke|move: Protect\n|\n|-heal|p2b: Nuke|32\/100|[from] item: Leftovers\n|-heal|p1a: Gothitelle|16\/100|[from] item: Leftovers\n|-fieldend|move: Trick Room\n|upkeep\n|turn|11\n|\n|t:|1698848247\n|switch|p2a: Galaxy|Spiritomb, M, shiny|100\/100\n|move|p1a: Gothitelle|Psychic|p2a: Galaxy\n|-immune|p2a: Galaxy\n|move|p1b: Iron Hands|Drain Punch|p2b: Nuke\n|-supereffective|p2b: Nuke\n|-damage|p2b: Nuke|0 fnt\n|faint|p2b: Nuke\n|\n|-heal|p1a: Gothitelle|22\/100|[from] item: Leftovers\n|upkeep\n|\n|t:|1698848256\n|switch|p2b: Blickey Ah|Slowbro-Galar, M, shiny|30\/100\n|turn|12\n|\n|t:|1698848281\n|move|p1a: Gothitelle|Psychic|p2b: Blickey Ah\n|-damage|p2b: Blickey Ah|0 fnt\n|faint|p2b: Blickey Ah\n|move|p1b: Iron Hands|Wild Charge|p2a: Galaxy\n|-damage|p2a: Galaxy|48\/100\n|-damage|p1b: Iron Hands|92\/100|[from] Recoil\n|move|p2a: Galaxy|Trick Room|p2a: Galaxy\n|-fieldstart|move: Trick Room|[of] p2a: Galaxy\n|\n|-heal|p2a: Galaxy|54\/100|[from] item: Leftovers\n|-heal|p1a: Gothitelle|28\/100|[from] item: Leftovers\n|upkeep\n|\n|t:|1698848294\n|switch|p2b: Mr. T|Sinistcha-Masterpiece, shiny|100\/100\n|-heal|p2a: Galaxy|78\/100|[from] ability: Hospitality|[of] p2b: Mr. T\n|turn|13\n|\n|t:|1698848319\n|move|p2a: Galaxy|Poltergeist|p1a: Gothitelle\n|-activate|p1a: Gothitelle|move: Poltergeist|Leftovers\n|-supereffective|p1a: Gothitelle\n|-damage|p1a: Gothitelle|0 fnt\n|faint|p1a: Gothitelle\n|move|p2b: Mr. T|Matcha Gotcha|p1b: Iron Hands\n|-damage|p1b: Iron Hands|70\/100\n|move|p1b: Iron Hands|Ice Punch|p2b: Mr. T\n|-supereffective|p2b: Mr. T\n|-damage|p2b: Mr. T|50\/100\n|\n|-heal|p2a: Galaxy|84\/100|[from] item: Leftovers\n|-heal|p2b: Mr. T|56\/100|[from] item: Leftovers\n|upkeep\n|\n|t:|1698848332\n|switch|p1a: Sableye|Sableye, F|41\/100\n|turn|14\n|\n|t:|1698848343\n|move|p1a: Sableye|Light Screen|p1a: Sableye\n|-sidestart|p1: TestesAccount|move: Light Screen\n|move|p2a: Galaxy|Taunt|p1a: Sableye\n|-start|p1a: Sableye|move: Taunt\n|move|p2b: Mr. T|Matcha Gotcha|p1b: Iron Hands|[spread] p1a,p1b\n|-damage|p1a: Sableye|13\/100\n|-heal|p2b: Mr. T|69\/100|[from] drain|[of] p1a: Sableye\n|-damage|p1b: Iron Hands|61\/100\n|-heal|p2b: Mr. T|75\/100|[from] drain|[of] p1b: Iron Hands\n|move|p1b: Iron Hands|Ice Punch|p2b: Mr. T\n|-supereffective|p2b: Mr. T\n|-damage|p2b: Mr. T|27\/100\n|\n|-heal|p2a: Galaxy|90\/100|[from] item: Leftovers\n|-heal|p2b: Mr. T|33\/100|[from] item: Leftovers\n|upkeep\n|turn|15\n|\n|t:|1698848374\n|move|p2a: Galaxy|Poltergeist|p1b: Iron Hands\n|-activate|p1b: Iron Hands|move: Poltergeist|Assault Vest\n|-damage|p1b: Iron Hands|34\/100\n|move|p2b: Mr. T|Strength Sap|p1b: Iron Hands\n|-unboost|p1b: Iron Hands|atk|1\n|-heal|p2b: Mr. T|100\/100\n|-activate|p1a: Sableye|move: Struggle\n|move|p1a: Sableye|Struggle|p2b: Mr. T\n|-damage|p2b: Mr. T|94\/100\n|-damage|p1a: Sableye|0 fnt|[from] recoil\n|faint|p1a: Sableye\n|move|p1b: Iron Hands|Wild Charge|p2a: Galaxy\n|-damage|p2a: Galaxy|57\/100\n|-damage|p1b: Iron Hands|28\/100|[from] Recoil\n|\n|-heal|p2a: Galaxy|63\/100|[from] item: Leftovers\n|-heal|p2b: Mr. T|100\/100|[from] item: Leftovers\n|upkeep\n|\n|t:|1698848392\n|switch|p1a: Dragapult|Dragapult, F, shiny|100\/100\n|turn|16\n|c|\u2606TestesAccount|GG bro\n|c|\u2606clepea|gg\n|\n|t:|1698848415\n|move|p2a: Galaxy|Poltergeist|p1a: Dragapult\n|-activate|p1a: Dragapult|move: Poltergeist|Choice Band\n|-supereffective|p1a: Dragapult\n|-damage|p1a: Dragapult|1\/100\n|move|p2b: Mr. T|Matcha Gotcha|p1b: Iron Hands|[spread] p1a,p1b\n|-resisted|p1a: Dragapult\n|-damage|p1a: Dragapult|0 fnt\n|-damage|p1b: Iron Hands|18\/100\n|faint|p1a: Dragapult\n|move|p1b: Iron Hands|Wild Charge|p2a: Galaxy\n|-damage|p2a: Galaxy|27\/100\n|-damage|p1b: Iron Hands|12\/100|[from] Recoil\n|\n|-heal|p2a: Galaxy|33\/100|[from] item: Leftovers\n|-fieldend|move: Trick Room\n|upkeep\n|turn|17\n|c|\u2606clepea|I probably lost\n|c|\u2606clepea|nvm\n|-message|TestesAccount forfeited.\n|\n|win|clepea\n|raw|TestesAccount's rating: 1383 &rarr; <strong>1358<\/strong><br \/>(-25 for losing)\n|raw|clepea's rating: 1303 &rarr; <strong>1328<\/strong><br \/>(+25 for winning)\n|l|\u2606TestesAccount\n","uploadtime":1698848431,"views":17,"p1id":"testesaccount","p2id":"clepea","formatid":"gen9doublesou","rating":1328,"private":0,"password":""}