{"id":"gen9doublesou-1982566959","p1":"GOD MAGIKARP11","p2":"Rungy","format":"[Gen 9] Doubles OU","log":"|j|\u2606GOD MAGIKARP11\n|j|\u2606Rungy\n|t:|1699026139\n|gametype|doubles\n|player|p1|GOD MAGIKARP11|1|1258\n|player|p2|Rungy|gambler|1284\n|teamsize|p1|6\n|teamsize|p2|6\n|gen|9\n|tier|[Gen 9] Doubles OU\n|rated|\n|rule|Species Clause: Limit one of each Pok\u00e9mon\n|rule|OHKO Clause: OHKO moves are banned\n|rule|Evasion Moves Clause: Evasion moves are banned\n|rule|Gravity Sleep Clause: The combination of sleep-inducing moves with imperfect accuracy and Gravity or Gigantamax Orbeetle are banned\n|rule|Endless Battle Clause: Forcing endless battles is banned\n|rule|HP Percentage Mod: HP is shown in percentages\n|clearpoke\n|poke|p1|Azelf|\n|poke|p1|Flutter Mane|\n|poke|p1|Bronzong|\n|poke|p1|Garganacl, M|\n|poke|p1|Arcanine, F|\n|poke|p1|Samurott-Hisui, F|\n|poke|p2|Weezing-Galar, M|\n|poke|p2|Farigiraf, M|\n|poke|p2|Gastrodon-East, M|\n|poke|p2|Wyrdeer, M|\n|poke|p2|Arcanine, F|\n|poke|p2|Mamoswine, F|\n|teampreview\n|c|\u2606Rungy|glhf!\n|c|\u2606GOD MAGIKARP11|hi same 2 u\n|inactive|Battle timer is ON: inactive players will automatically lose when time's up. (requested by GOD MAGIKARP11)\n|\n|t:|1699026155\n|start\n|switch|p1a: Azelf|Azelf|100\/100\n|switch|p1b: Flutter Mane|Flutter Mane|100\/100\n|switch|p2a: Assmar|Weezing-Galar, M|100\/100\n|switch|p2b: Mr. Rothschild|Farigiraf, M|100\/100\n|-fieldstart|move: Misty Terrain|[from] ability: Misty Surge|[of] p2a: Assmar\n|turn|1\n|inactive|GOD MAGIKARP11 has 120 seconds left.\n|\n|t:|1699026195\n|switch|p2b: Fang|Arcanine, F|100\/100\n|move|p1b: Flutter Mane|Hyper Voice|p2b: Fang|[spread] p2a,p2b\n|-crit|p2b: Fang\n|-damage|p2a: Assmar|68\/100\n|-damage|p2b: Fang|51\/100\n|move|p1a: Azelf|Explosion|p2b: Fang|[spread] p2a,p2b\n|-immune|p1b: Flutter Mane\n|-enditem|p1a: Azelf|Normal Gem|[from] gem\n|-damage|p2a: Assmar|0 fnt\n|-damage|p2b: Fang|0 fnt\n|faint|p1a: Azelf\n|faint|p2a: Assmar\n|faint|p2b: Fang\n|\n|upkeep\n|\n|t:|1699026210\n|switch|p1a: Samurott|Samurott-Hisui, F, shiny|100\/100\n|switch|p2b: Khan|Gastrodon-East, M|100\/100\n|switch|p2a: Pearls|Mamoswine, F|100\/100\n|turn|2\n|\n|t:|1699026223\n|move|p2a: Pearls|Ice Shard|p1b: Flutter Mane\n|-damage|p1b: Flutter Mane|57\/100\n|move|p1b: Flutter Mane|Dazzling Gleam|p2b: Khan|[spread] p2a,p2b\n|-crit|p2b: Khan\n|-damage|p2a: Pearls|57\/100\n|-damage|p2b: Khan|70\/100\n|move|p1a: Samurott|Ceaseless Edge|p2b: Khan\n|-damage|p2b: Khan|24\/100\n|-sidestart|p2: Rungy|Spikes\n|move|p2b: Khan|Water Pulse|p1b: Flutter Mane\n|-damage|p1b: Flutter Mane|27\/100\n|\n|upkeep\n|turn|3\n|\n|t:|1699026240\n|move|p2a: Pearls|Ice Shard|p1b: Flutter Mane\n|-damage|p1b: Flutter Mane|0 fnt\n|faint|p1b: Flutter Mane\n|-end|p1b: Flutter Mane|Protosynthesis|[silent]\n|move|p1a: Samurott|Ceaseless Edge|p2b: Khan\n|-damage|p2b: Khan|0 fnt\n|-sidestart|p2: Rungy|Spikes\n|faint|p2b: Khan\n|\n|upkeep\n|\n|t:|1699026251\n|switch|p1b: Garganacl|Garganacl, M|100\/100\n|switch|p2b: O'deer|Wyrdeer, M|100\/100\n|-damage|p2b: O'deer|84\/100|[from] Spikes\n|turn|4\n|\n|t:|1699026267\n|-terastallize|p2b: O'deer|Normal\n|-terastallize|p1b: Garganacl|Ghost\n|move|p1a: Samurott|Ceaseless Edge|p2b: O'deer\n|-crit|p2b: O'deer\n|-damage|p2b: O'deer|0 fnt\n|-sidestart|p2: Rungy|Spikes\n|faint|p2b: O'deer\n|move|p2a: Pearls|High Horsepower|p1b: Garganacl\n|-damage|p1b: Garganacl|69\/100\n|move|p1b: Garganacl|Iron Defense|p1b: Garganacl\n|-boost|p1b: Garganacl|def|2\n|\n|upkeep\n|\n|t:|1699026278\n|switch|p2b: Mr. Rothschild|Farigiraf, M|100\/100\n|-damage|p2b: Mr. Rothschild|75\/100|[from] Spikes\n|turn|5\n|c|\u2606Rungy|gg\n|\n|t:|1699026288\n|move|p2a: Pearls|Ice Shard|p1b: Garganacl\n|-damage|p1b: Garganacl|62\/100\n|move|p1a: Samurott|Ceaseless Edge|p2b: Mr. Rothschild\n|-supereffective|p2b: Mr. Rothschild\n|-damage|p2b: Mr. Rothschild|0 fnt\n|faint|p2b: Mr. Rothschild\n|move|p1b: Garganacl|Body Press|p2a: Pearls\n|-supereffective|p2a: Pearls\n|-damage|p2a: Pearls|0 fnt\n|faint|p2a: Pearls\n|\n|win|GOD MAGIKARP11\n|raw|GOD MAGIKARP11's rating: 1258 &rarr; <strong>1285<\/strong><br \/>(+27 for winning)\n|raw|Rungy's rating: 1284 &rarr; <strong>1257<\/strong><br \/>(-27 for losing)\n|c|\u2606GOD MAGIKARP11|gg\n|l|\u2606Rungy\n","uploadtime":1699026301,"views":17,"p1id":"godmagikarp11","p2id":"rungy","formatid":"gen9doublesou","rating":1257,"private":0,"password":""}