{"id":"gen9doublesou-1977077598","p1":"gileko213","p2":"Thehombre","format":"[Gen 9] Doubles OU","log":"|j|\u2606gileko213\n|j|\u2606Thehombre\n|t:|1698369018\n|gametype|doubles\n|player|p1|gileko213|pokekid|1000\n|player|p2|Thehombre|1|1071\n|teamsize|p1|6\n|teamsize|p2|6\n|gen|9\n|tier|[Gen 9] Doubles OU\n|rated|\n|rule|Species Clause: Limit one of each Pok\u00e9mon\n|rule|OHKO Clause: OHKO moves are banned\n|rule|Evasion Moves Clause: Evasion moves are banned\n|rule|Gravity Sleep Clause: The combination of sleep-inducing moves with imperfect accuracy and Gravity or Gigantamax Orbeetle are banned\n|rule|Endless Battle Clause: Forcing endless battles is banned\n|rule|HP Percentage Mod: HP is shown in percentages\n|clearpoke\n|poke|p1|Hatterene, F|\n|poke|p1|Pachirisu, F|\n|poke|p1|Appletun, F|\n|poke|p1|Sinistcha-Masterpiece|\n|poke|p1|Gastrodon, F|\n|poke|p1|Cramorant, M|\n|poke|p2|Overqwil, M|\n|poke|p2|Jirachi|\n|poke|p2|Umbreon, F|\n|poke|p2|Tsareena, F|\n|poke|p2|Vaporeon, F|\n|poke|p2|Articuno|\n|teampreview\n|inactive|Battle timer is ON: inactive players will automatically lose when time's up. (requested by gileko213)\n|inactive|Thehombre has 120 seconds left.\n|\n|t:|1698369053\n|start\n|switch|p1a: Cramorant|Cramorant, M|100\/100\n|switch|p1b: Gastrodon|Gastrodon, F|100\/100\n|switch|p2a: Overqwil|Overqwil, M|100\/100\n|switch|p2b: Jirachi|Jirachi|100\/100\n|turn|1\n|\n|t:|1698369063\n|move|p2a: Overqwil|Acupressure|p2b: Jirachi\n|-boost|p2b: Jirachi|accuracy|2\n|move|p2b: Jirachi|Calm Mind|p2b: Jirachi\n|-boost|p2b: Jirachi|spa|1\n|-boost|p2b: Jirachi|spd|1\n|move|p1a: Cramorant|Surf|p2a: Overqwil|[spread] p2a,p2b\n|-ability|p1b: Gastrodon|Storm Drain|boost\n|-boost|p1b: Gastrodon|spa|1\n|-formechange|p1a: Cramorant|Cramorant-Gulping|\n|-damage|p2a: Overqwil|66\/100\n|-damage|p2b: Jirachi|89\/100\n|move|p1b: Gastrodon|Stealth Rock|p2a: Overqwil\n|-sidestart|p2: Thehombre|move: Stealth Rock\n|\n|-heal|p2b: Jirachi|95\/100|[from] item: Leftovers\n|upkeep\n|turn|2\n|\n|t:|1698369081\n|move|p1a: Cramorant|Protect|p1a: Cramorant\n|-singleturn|p1a: Cramorant|Protect\n|move|p2a: Overqwil|Acupressure|p2b: Jirachi\n|-boost|p2b: Jirachi|spa|2\n|move|p2b: Jirachi|Calm Mind|p2b: Jirachi\n|-boost|p2b: Jirachi|spa|1\n|-boost|p2b: Jirachi|spd|1\n|move|p1b: Gastrodon|Icy Wind|p2b: Jirachi|[spread] p2a\n|-miss|p1b: Gastrodon|p2b: Jirachi\n|-damage|p2a: Overqwil|44\/100\n|-unboost|p2a: Overqwil|spe|1\n|\n|-heal|p2b: Jirachi|100\/100|[from] item: Leftovers\n|upkeep\n|turn|3\n|\n|t:|1698369100\n|move|p2b: Jirachi|Stored Power|p1b: Gastrodon\n|-damage|p1b: Gastrodon|0 fnt\n|faint|p1b: Gastrodon\n|move|p1a: Cramorant|Surf|p2b: Jirachi|[spread] p2a,p2b\n|-damage|p2a: Overqwil|9\/100\n|-damage|p2b: Jirachi|91\/100\n|move|p2a: Overqwil|Acupressure|p2b: Jirachi\n|-boost|p2b: Jirachi|spa|2\n|\n|-heal|p2b: Jirachi|97\/100|[from] item: Leftovers\n|upkeep\n|\n|t:|1698369114\n|switch|p1b: Pachirisu|Pachirisu, F|100\/100\n|turn|4\n|\n|t:|1698369123\n|move|p1b: Pachirisu|Nuzzle|p2b: Jirachi\n|-damage|p2b: Jirachi|94\/100\n|-status|p2b: Jirachi|par\n|move|p1a: Cramorant|Surf|p2b: Jirachi|[spread] p1b,p2a,p2b\n|-damage|p1b: Pachirisu|69\/100\n|-damage|p2a: Overqwil|0 fnt\n|-damage|p2b: Jirachi|85\/100 par\n|faint|p2a: Overqwil\n|move|p2b: Jirachi|Stored Power|p1b: Pachirisu\n|-damage|p1b: Pachirisu|0 fnt\n|faint|p1b: Pachirisu\n|\n|-heal|p2b: Jirachi|91\/100 par|[from] item: Leftovers\n|upkeep\n|\n|t:|1698369150\n|switch|p2a: Tsareena|Tsareena, F|100\/100\n|switch|p1b: Appletun|Appletun, F|100\/100\n|-damage|p2a: Tsareena|88\/100|[from] Stealth Rock\n|turn|5\n|\n|t:|1698369162\n|-terastallize|p1b: Appletun|Steel\n|move|p1a: Cramorant|Protect|p1a: Cramorant\n|-singleturn|p1a: Cramorant|Protect\n|move|p2a: Tsareena|Acupressure|p2b: Jirachi\n|-boost|p2b: Jirachi|accuracy|2\n|move|p2b: Jirachi|Stored Power|p1b: Appletun\n|-resisted|p1b: Appletun\n|-damage|p1b: Appletun|0 fnt\n|faint|p1b: Appletun\n|\n|-heal|p2b: Jirachi|97\/100 par|[from] item: Leftovers\n|upkeep\n|inactive|gileko213 has 120 seconds left.\n|inactive|gileko213 has 90 seconds left.\n|inactive|gileko213 has 60 seconds left.\n|inactive|gileko213 has 30 seconds left.\n|\n|t:|1698369281\n|switch|p1b: Sinistcha|Sinistcha-Masterpiece|100\/100\n|turn|6\n|-message|gileko213 forfeited.\n|\n|win|Thehombre\n|raw|gileko213's rating: 1000 &rarr; <strong>1000<\/strong><br \/>(+0 for losing)\n|raw|Thehombre's rating: 1071 &rarr; <strong>1094<\/strong><br \/>(+23 for winning)\n|l|\u2606gileko213\n","uploadtime":1698369293,"views":13,"p1id":"gileko213","p2id":"thehombre","formatid":"gen9doublesou","rating":1000,"private":0,"password":""}