{"id":"gen9doublesou-1997175335","p1":"deadpurp","p2":"PoliteGhost","format":"[Gen 9] Doubles OU","log":"|j|\u2606deadpurp\n|j|\u2606PoliteGhost\n|t:|1700772240\n|gametype|doubles\n|player|p1|deadpurp|will|1358\n|player|p2|PoliteGhost|giovanni|1483\n|teamsize|p1|6\n|teamsize|p2|6\n|gen|9\n|tier|[Gen 9] Doubles OU\n|rated|\n|rule|Species Clause: Limit one of each Pok\u00e9mon\n|rule|OHKO Clause: OHKO moves are banned\n|rule|Evasion Moves Clause: Evasion moves are banned\n|rule|Gravity Sleep Clause: The combination of sleep-inducing moves with imperfect accuracy and Gravity or Gigantamax Orbeetle are banned\n|rule|Endless Battle Clause: Forcing endless battles is banned\n|rule|HP Percentage Mod: HP is shown in percentages\n|clearpoke\n|poke|p1|Chi-Yu|\n|poke|p1|Amoonguss, F|\n|poke|p1|Tornadus, M|\n|poke|p1|Flutter Mane|\n|poke|p1|Iron Hands|\n|poke|p1|Ursaluna, M|\n|poke|p2|Amoonguss, M|\n|poke|p2|Iron Hands|\n|poke|p2|Landorus-Therian, M|\n|poke|p2|Flutter Mane|\n|poke|p2|Iron Bundle|\n|poke|p2|Chi-Yu|\n|teampreview\n|inactive|Battle timer is ON: inactive players will automatically lose when time's up. (requested by deadpurp)\n|\n|t:|1700772266\n|start\n|switch|p1a: Iron Hands|Iron Hands|100\/100\n|switch|p1b: Chi-Yu|Chi-Yu|100\/100\n|switch|p2a: Iron Hands|Iron Hands|100\/100\n|switch|p2b: Flutter Mane|Flutter Mane|100\/100\n|-ability|p1b: Chi-Yu|Beads of Ruin\n|-enditem|p2b: Flutter Mane|Booster Energy\n|-activate|p2b: Flutter Mane|ability: Protosynthesis|[fromitem]\n|-start|p2b: Flutter Mane|protosynthesisspe\n|turn|1\n|\n|t:|1700772295\n|move|p1a: Iron Hands|Fake Out|p2a: Iron Hands\n|-damage|p2a: Iron Hands|89\/100\n|cant|p2a: Iron Hands|flinch\n|move|p2b: Flutter Mane|Dazzling Gleam|p1b: Chi-Yu|[spread] p1a,p1b\n|-supereffective|p1a: Iron Hands\n|-damage|p1a: Iron Hands|50\/100\n|-damage|p1b: Chi-Yu|65\/100\n|move|p1b: Chi-Yu|Flamethrower|p2b: Flutter Mane\n|-damage|p2b: Flutter Mane|0 fnt\n|faint|p2b: Flutter Mane\n|-end|p2b: Flutter Mane|Protosynthesis|[silent]\n|\n|upkeep\n|\n|t:|1700772307\n|switch|p2b: Landorus|Landorus-Therian, M|100\/100\n|-ability|p2b: Landorus|Intimidate|boost\n|-unboost|p1a: Iron Hands|atk|1\n|-unboost|p1b: Chi-Yu|atk|1\n|turn|2\n|\n|t:|1700772332\n|-end|p1a: Iron Hands|Quark Drive|[silent]\n|switch|p1a: Tornadus|Tornadus, M|100\/100\n|move|p1b: Chi-Yu|Flamethrower|p2b: Landorus\n|-damage|p2b: Landorus|0 fnt\n|faint|p2b: Landorus\n|move|p2a: Iron Hands|Drain Punch|p1b: Chi-Yu\n|-supereffective|p1b: Chi-Yu\n|-crit|p1b: Chi-Yu\n|-damage|p1b: Chi-Yu|0 fnt\n|-heal|p2a: Iron Hands|100\/100|[from] drain|[of] p1b: Chi-Yu\n|faint|p1b: Chi-Yu\n|\n|upkeep\n|\n|t:|1700772354\n|switch|p1b: Flutter Mane|Flutter Mane|100\/100\n|switch|p2b: Iron Bundle|Iron Bundle|100\/100\n|-enditem|p1b: Flutter Mane|Booster Energy\n|-activate|p1b: Flutter Mane|ability: Protosynthesis|[fromitem]\n|-start|p1b: Flutter Mane|protosynthesisspa\n|turn|3\n|\n|t:|1700772375\n|move|p1a: Tornadus|Tailwind|p1a: Tornadus\n|-sidestart|p1: deadpurp|move: Tailwind\n|move|p1b: Flutter Mane|Moonblast|p2a: Iron Hands\n|-supereffective|p2a: Iron Hands\n|-damage|p2a: Iron Hands|27\/100\n|-unboost|p2a: Iron Hands|spa|1\n|move|p2b: Iron Bundle|Freeze-Dry|p1a: Tornadus\n|-supereffective|p1a: Tornadus\n|-damage|p1a: Tornadus|41\/100\n|move|p2a: Iron Hands|Heavy Slam|p1b: Flutter Mane\n|-supereffective|p1b: Flutter Mane\n|-damage|p1b: Flutter Mane|0 fnt\n|faint|p1b: Flutter Mane\n|-end|p1b: Flutter Mane|Protosynthesis|[silent]\n|\n|upkeep\n|inactive|deadpurp has 120 seconds left.\n|\n|t:|1700772391\n|switch|p1b: Iron Hands|Iron Hands|50\/100\n|turn|4\n|\n|t:|1700772400\n|move|p2b: Iron Bundle|Protect|p2b: Iron Bundle\n|-singleturn|p2b: Iron Bundle|Protect\n|move|p1b: Iron Hands|Fake Out|p2b: Iron Bundle\n|-activate|p2b: Iron Bundle|move: Protect\n|move|p1a: Tornadus|Bleakwind Storm|p2a: Iron Hands|[spread] p2a\n|-activate|p2b: Iron Bundle|move: Protect\n|-damage|p2a: Iron Hands|11\/100\n|move|p2a: Iron Hands|Wild Charge|p1a: Tornadus\n|-supereffective|p1a: Tornadus\n|-damage|p1a: Tornadus|0 fnt\n|faint|p1a: Tornadus\n|-damage|p2a: Iron Hands|3\/100|[from] Recoil\n|\n|upkeep\n|\n|t:|1700772410\n|switch|p1a: Ursaluna|Ursaluna, M|100\/100\n|turn|5\n|\n|t:|1700772429\n|-end|p2a: Iron Hands|Quark Drive|[silent]\n|switch|p2a: Amoonguss|Amoonguss, M|100\/100\n|-terastallize|p2b: Iron Bundle|Ghost\n|-terastallize|p1a: Ursaluna|Normal\n|move|p2b: Iron Bundle|Freeze-Dry|p1a: Ursaluna\n|-damage|p1a: Ursaluna|71\/100\n|move|p1a: Ursaluna|Facade|p2b: Iron Bundle\n|-immune|p2b: Iron Bundle\n|move|p1b: Iron Hands|Drain Punch|p2a: Amoonguss\n|-resisted|p2a: Amoonguss\n|-damage|p2a: Amoonguss|79\/100\n|-heal|p1b: Iron Hands|59\/100|[from] drain|[of] p2a: Amoonguss\n|-damage|p1b: Iron Hands|43\/100|[from] item: Rocky Helmet|[of] p2a: Amoonguss\n|\n|-status|p1a: Ursaluna|brn|[from] item: Flame Orb\n|upkeep\n|turn|6\n|inactive|PoliteGhost has 120 seconds left.\n|\n|t:|1700772462\n|-end|p1b: Iron Hands|Quark Drive|[silent]\n|switch|p1b: Amoonguss|Amoonguss, F|100\/100\n|move|p2a: Amoonguss|Rage Powder|p2a: Amoonguss\n|-singleturn|p2a: Amoonguss|move: Rage Powder\n|move|p2b: Iron Bundle|Freeze-Dry|p1a: Ursaluna\n|-damage|p1a: Ursaluna|38\/100 brn\n|move|p1a: Ursaluna|Headlong Rush|p2a: Amoonguss\n|-damage|p2a: Amoonguss|0 fnt\n|-unboost|p1a: Ursaluna|def|1\n|-unboost|p1a: Ursaluna|spd|1\n|-damage|p1a: Ursaluna|21\/100 brn|[from] item: Rocky Helmet|[of] p2a: Amoonguss\n|faint|p2a: Amoonguss\n|\n|-damage|p1a: Ursaluna|15\/100 brn|[from] brn\n|-sideend|p1: deadpurp|move: Tailwind\n|upkeep\n|inactive|PoliteGhost has 120 seconds left.\n|\n|t:|1700772471\n|switch|p2a: Chi-Yu|Chi-Yu|100\/100\n|-ability|p2a: Chi-Yu|Beads of Ruin\n|turn|7\n|\n|t:|1700772480\n|move|p2b: Iron Bundle|Freeze-Dry|p1a: Ursaluna\n|-damage|p1a: Ursaluna|0 fnt\n|faint|p1a: Ursaluna\n|move|p2a: Chi-Yu|Heat Wave|p1b: Amoonguss\n|-supereffective|p1b: Amoonguss\n|-damage|p1b: Amoonguss|0 fnt\n|faint|p1b: Amoonguss\n|\n|upkeep\n|\n|t:|1700772484\n|switch|p1b: Iron Hands|Iron Hands|43\/100\n|turn|8\n|c|\u2606deadpurp|gg\n|\n|t:|1700772493\n|move|p1b: Iron Hands|Fake Out|p2a: Chi-Yu\n|-damage|p2a: Chi-Yu|74\/100\n|move|p2b: Iron Bundle|Freeze-Dry|p1b: Iron Hands\n|-damage|p1b: Iron Hands|17\/100\n|cant|p2a: Chi-Yu|flinch\n|\n|upkeep\n|turn|9\n|\n|t:|1700772500\n|move|p2b: Iron Bundle|Freeze-Dry|p1b: Iron Hands\n|-damage|p1b: Iron Hands|0 fnt\n|faint|p1b: Iron Hands\n|-end|p1b: Iron Hands|Quark Drive|[silent]\n|\n|win|PoliteGhost\n|raw|deadpurp's rating: 1358 &rarr; <strong>1345<\/strong><br \/>(-13 for losing)\n|raw|PoliteGhost's rating: 1483 &rarr; <strong>1496<\/strong><br \/>(+13 for winning)\n|l|\u2606deadpurp\n|c|\u2606PoliteGhost|g\n","uploadtime":1700772520,"views":5,"p1id":"deadpurp","p2id":"politeghost","formatid":"gen9doublesou","rating":1345,"private":0,"password":""}