{"id":"gen9doublesou-1971665112","p1":"CunnyEnjoyer69","p2":"Colinc222","format":"[Gen 9] Doubles OU","log":"|j|\u2606CunnyEnjoyer69\n|j|\u2606Colinc222\n|t:|1697758796\n|gametype|doubles\n|player|p1|CunnyEnjoyer69|schoolkidf-gen4|1258\n|player|p2|Colinc222|bugcatcher-gen4dp|1370\n|teamsize|p1|6\n|teamsize|p2|6\n|gen|9\n|tier|[Gen 9] Doubles OU\n|rated|\n|rule|Species Clause: Limit one of each Pok\u00e9mon\n|rule|OHKO Clause: OHKO moves are banned\n|rule|Evasion Moves Clause: Evasion moves are banned\n|rule|Gravity Sleep Clause: The combination of sleep-inducing moves with imperfect accuracy and Gravity or Gigantamax Orbeetle are banned\n|rule|Endless Battle Clause: Forcing endless battles is banned\n|rule|HP Percentage Mod: HP is shown in percentages\n|clearpoke\n|poke|p1|Meowscarada, F|\n|poke|p1|Torkoal, F|\n|poke|p1|Ursaluna-Bloodmoon, M|\n|poke|p1|Great Tusk|\n|poke|p1|Enamorus-Therian, F|\n|poke|p1|Dusclops, M|\n|poke|p2|Ogerpon-Hearthflame, F|\n|poke|p2|Iron Hands|\n|poke|p2|Grimmsnarl, M|\n|poke|p2|Heatran, F|\n|poke|p2|Dragonite, M|\n|poke|p2|Sinistcha-Masterpiece|\n|teampreview\n|inactive|Battle timer is ON: inactive players will automatically lose when time's up. (requested by Colinc222)\n|\n|t:|1697758809\n|start\n|switch|p1a: Torkoal|Torkoal, F|100\/100\n|switch|p1b: Meowscarada|Meowscarada, F|100\/100\n|switch|p2a: Iron Hands|Iron Hands|100\/100\n|switch|p2b: Grimmsnarl|Grimmsnarl, M|100\/100\n|-weather|SunnyDay|[from] ability: Drought|[of] p1a: Torkoal\n|turn|1\n|\n|t:|1697758821\n|move|p2a: Iron Hands|Fake Out|p1b: Meowscarada\n|-damage|p1b: Meowscarada|80\/100\n|move|p2b: Grimmsnarl|Light Screen|p2b: Grimmsnarl\n|-sidestart|p2: Colinc222|move: Light Screen\n|move|p1a: Torkoal|Eruption|p2b: Grimmsnarl|[spread] p2a,p2b\n|-damage|p2a: Iron Hands|32\/100\n|-damage|p2b: Grimmsnarl|26\/100\n|cant|p1b: Meowscarada|flinch\n|\n|-weather|SunnyDay|[upkeep]\n|-heal|p1b: Meowscarada|86\/100|[from] item: Leftovers\n|upkeep\n|turn|2\n|\n|t:|1697758833\n|move|p2b: Grimmsnarl|Parting Shot|p1a: Torkoal\n|-unboost|p1a: Torkoal|atk|1\n|-unboost|p1a: Torkoal|spa|1\n|\n|t:|1697758836\n|switch|p2b: Heatran|Heatran, F|100\/100|[from] Parting Shot\n|move|p2a: Iron Hands|Drain Punch|p1b: Meowscarada\n|-supereffective|p1b: Meowscarada\n|-damage|p1b: Meowscarada|0 fnt\n|-heal|p2a: Iron Hands|62\/100|[from] drain|[of] p1b: Meowscarada\n|faint|p1b: Meowscarada\n|move|p1a: Torkoal|Eruption|p2a: Iron Hands|[spread] p2a\n|-start|p2b: Heatran|ability: Flash Fire\n|-damage|p2a: Iron Hands|20\/100\n|\n|-weather|SunnyDay|[upkeep]\n|upkeep\n|\n|t:|1697758858\n|switch|p1b: Great Tusk|Great Tusk|100\/100\n|-activate|p1b: Great Tusk|ability: Protosynthesis\n|-start|p1b: Great Tusk|protosynthesisatk\n|turn|3\n|\n|t:|1697758870\n|switch|p1a: Dusclops|Dusclops, M|100\/100\n|-ability|p1a: Dusclops|Pressure\n|-terastallize|p2b: Heatran|Grass\n|move|p2b: Heatran|Tera Blast|p1b: Great Tusk|[anim] Tera Blast Grass\n|-supereffective|p1b: Great Tusk\n|-damage|p1b: Great Tusk|17\/100\n|move|p1b: Great Tusk|Close Combat|p2b: Heatran\n|-crit|p2b: Heatran\n|-damage|p2b: Heatran|0 fnt\n|-unboost|p1b: Great Tusk|def|1\n|-unboost|p1b: Great Tusk|spd|1\n|faint|p2b: Heatran\n|-damage|p1b: Great Tusk|8\/100|[from] item: Life Orb\n|move|p2a: Iron Hands|Drain Punch|p1a: Dusclops\n|-immune|p1a: Dusclops\n|\n|-weather|SunnyDay|[upkeep]\n|upkeep\n|\n|t:|1697758876\n|switch|p2b: Sinistcha|Sinistcha-Masterpiece|100\/100\n|-heal|p2a: Iron Hands|45\/100|[from] ability: Hospitality|[of] p2b: Sinistcha\n|turn|4\n|\n|t:|1697758899\n|-end|p1b: Great Tusk|Protosynthesis|[silent]\n|switch|p1b: Ursaluna|Ursaluna-Bloodmoon, M|100\/100\n|move|p2b: Sinistcha|Shadow Ball|p1a: Dusclops\n|-supereffective|p1a: Dusclops\n|-damage|p1a: Dusclops|62\/100\n|-unboost|p1a: Dusclops|spd|1\n|move|p2a: Iron Hands|Drain Punch|p1b: Ursaluna\n|-supereffective|p1b: Ursaluna\n|-crit|p1b: Ursaluna\n|-damage|p1b: Ursaluna|0 fnt\n|-heal|p2a: Iron Hands|87\/100|[from] drain|[of] p1b: Ursaluna\n|faint|p1b: Ursaluna\n|move|p1a: Dusclops|Will-O-Wisp|p2a: Iron Hands\n|-status|p2a: Iron Hands|brn\n|\n|-weather|SunnyDay|[upkeep]\n|-damage|p2a: Iron Hands|81\/100 brn|[from] brn\n|upkeep\n|\n|t:|1697758911\n|switch|p1b: Torkoal|Torkoal, F|100\/100\n|turn|5\n|\n|t:|1697758924\n|-end|p2a: Iron Hands|Quark Drive|[silent]\n|switch|p2a: Grimmsnarl|Grimmsnarl, M|26\/100\n|move|p1a: Dusclops|Helping Hand|p1b: Torkoal\n|-singleturn|p1b: Torkoal|Helping Hand|[of] p1a: Dusclops\n|move|p2b: Sinistcha|Matcha Gotcha|p1a: Dusclops|[spread] p1a\n|-miss|p2b: Sinistcha|p1b: Torkoal\n|-damage|p1a: Dusclops|41\/100\n|move|p1b: Torkoal|Eruption|p2b: Sinistcha|[spread] p2a,p2b\n|-supereffective|p2b: Sinistcha\n|-damage|p2a: Grimmsnarl|0 fnt\n|-damage|p2b: Sinistcha|0 fnt\n|faint|p2a: Grimmsnarl\n|faint|p2b: Sinistcha\n|\n|-weather|none\n|upkeep\n|\n|t:|1697758938\n|switch|p2b: Dragonite|Dragonite, M|100\/100\n|switch|p2a: Iron Hands|Iron Hands|81\/100 brn\n|turn|6\n|\n|t:|1697758946\n|switch|p1b: Enamorus|Enamorus-Therian, F|100\/100\n|move|p2a: Iron Hands|Fake Out|p1b: Enamorus\n|-damage|p1b: Enamorus|93\/100\n|move|p2b: Dragonite|Extreme Speed|p1b: Enamorus\n|-damage|p1b: Enamorus|49\/100\n|move|p1a: Dusclops|Will-O-Wisp|p2b: Dragonite\n|-status|p2b: Dragonite|brn\n|\n|-damage|p2b: Dragonite|94\/100 brn|[from] brn\n|-damage|p2a: Iron Hands|75\/100 brn|[from] brn\n|upkeep\n|turn|7\n|\n|t:|1697758965\n|switch|p2b: Ogerpon|Ogerpon-Hearthflame, F|100\/100\n|-ability|p2b: Ogerpon|Mold Breaker\n|move|p1a: Dusclops|Protect|p1a: Dusclops\n|-singleturn|p1a: Dusclops|Protect\n|move|p2a: Iron Hands|Wild Charge|p1b: Enamorus\n|-supereffective|p1b: Enamorus\n|-damage|p1b: Enamorus|0 fnt\n|faint|p1b: Enamorus\n|-damage|p2a: Iron Hands|67\/100 brn|[from] Recoil\n|\n|-damage|p2a: Iron Hands|60\/100 brn|[from] brn\n|upkeep\n|\n|t:|1697758975\n|switch|p1b: Torkoal|Torkoal, F|100\/100\n|-weather|SunnyDay|[from] ability: Drought|[of] p1b: Torkoal\n|turn|8\n|\n|t:|1697758986\n|-end|p2a: Iron Hands|Quark Drive|[silent]\n|switch|p2a: Dragonite|Dragonite, M|94\/100 brn\n|-terastallize|p1b: Torkoal|Fire\n|move|p2b: Ogerpon|Ivy Cudgel|p1a: Dusclops\n|-damage|p1a: Dusclops|0 fnt\n|faint|p1a: Dusclops\n|move|p1b: Torkoal|Eruption|p2a: Dragonite|[spread] p2a,p2b\n|-resisted|p2a: Dragonite\n|-damage|p2a: Dragonite|54\/100 brn\n|-damage|p2b: Ogerpon|8\/100\n|\n|-weather|SunnyDay|[upkeep]\n|-damage|p2a: Dragonite|47\/100 brn|[from] brn\n|-sideend|p2: Colinc222|move: Light Screen\n|upkeep\n|\n|t:|1697758997\n|switch|p1a: Great Tusk|Great Tusk|8\/100\n|-activate|p1a: Great Tusk|ability: Protosynthesis\n|-start|p1a: Great Tusk|protosynthesisatk\n|turn|9\n|\n|t:|1697759006\n|move|p2a: Dragonite|Extreme Speed|p1a: Great Tusk\n|-damage|p1a: Great Tusk|0 fnt\n|faint|p1a: Great Tusk\n|-end|p1a: Great Tusk|Protosynthesis|[silent]\n|move|p2b: Ogerpon|Ivy Cudgel|p1b: Torkoal\n|-resisted|p1b: Torkoal\n|-damage|p1b: Torkoal|69\/100\n|move|p1b: Torkoal|Eruption|p2a: Dragonite|[spread] p2a,p2b\n|-resisted|p2a: Dragonite\n|-damage|p2a: Dragonite|3\/100 brn\n|-damage|p2b: Ogerpon|0 fnt\n|faint|p2b: Ogerpon\n|\n|-weather|SunnyDay|[upkeep]\n|-damage|p2a: Dragonite|0 fnt|[from] brn\n|faint|p2a: Dragonite\n|upkeep\n|\n|t:|1697759020\n|switch|p2b: Iron Hands|Iron Hands|60\/100 brn\n|turn|10\n|\n|t:|1697759023\n|move|p2b: Iron Hands|Fake Out|p1b: Torkoal\n|-damage|p1b: Torkoal|63\/100\n|cant|p1b: Torkoal|flinch\n|\n|-weather|SunnyDay|[upkeep]\n|-damage|p2b: Iron Hands|54\/100 brn|[from] brn\n|upkeep\n|turn|11\n|\n|t:|1697759026\n|move|p2b: Iron Hands|Drain Punch|p1b: Torkoal\n|-damage|p1b: Torkoal|43\/100\n|-heal|p2b: Iron Hands|61\/100 brn|[from] drain|[of] p1b: Torkoal\n|move|p1b: Torkoal|Eruption|p2b: Iron Hands\n|-damage|p2b: Iron Hands|0 fnt\n|faint|p2b: Iron Hands\n|-end|p2b: Iron Hands|Quark Drive|[silent]\n|\n|win|CunnyEnjoyer69\n|raw|CunnyEnjoyer69's rating: 1258 &rarr; <strong>1291<\/strong><br \/>(+33 for winning)\n|raw|Colinc222's rating: 1370 &rarr; <strong>1344<\/strong><br \/>(-26 for losing)\n|l|\u2606Colinc222\n","uploadtime":1697759153,"views":18,"p1id":"cunnyenjoyer69","p2id":"colinc222","formatid":"gen9doublesou","rating":1291,"private":0,"password":""}