{"id":"gen9doublesou-1981539882","p1":"ChowDonThis","p2":"Haneoka_Meimi","format":"[Gen 9] Doubles OU","log":"|j|\u2606ChowDonThis\n|j|\u2606Haneoka_Meimi\n|t:|1698914966\n|gametype|doubles\n|player|p1|ChowDonThis|hilda|1547\n|player|p2|Haneoka_Meimi|170|1482\n|teamsize|p1|6\n|teamsize|p2|6\n|gen|9\n|tier|[Gen 9] Doubles OU\n|rated|\n|rule|Species Clause: Limit one of each Pok\u00e9mon\n|rule|OHKO Clause: OHKO moves are banned\n|rule|Evasion Moves Clause: Evasion moves are banned\n|rule|Gravity Sleep Clause: The combination of sleep-inducing moves with imperfect accuracy and Gravity or Gigantamax Orbeetle are banned\n|rule|Endless Battle Clause: Forcing endless battles is banned\n|rule|HP Percentage Mod: HP is shown in percentages\n|clearpoke\n|poke|p1|Ogerpon-Cornerstone, F|\n|poke|p1|Arcanine-Hisui, F|\n|poke|p1|Poliwrath, M|\n|poke|p1|Pelipper, F|\n|poke|p1|Sinistcha|\n|poke|p1|Iron Bundle|\n|poke|p2|Tornadus, M|\n|poke|p2|Ursaluna-Bloodmoon, M|\n|poke|p2|Chi-Yu|\n|poke|p2|Iron Hands|\n|poke|p2|Armarouge, M|\n|poke|p2|Indeedee-F, F|\n|teampreview\n|\n|t:|1698914988\n|start\n|switch|p1a: Tea Time|Sinistcha|100\/100\n|switch|p1b: IMMA PUNCH YOU|Poliwrath, M|100\/100\n|switch|p2a: Indeedee|Indeedee-F, F|100\/100\n|switch|p2b: Armarouge|Armarouge, M|100\/100\n|-fieldstart|move: Psychic Terrain|[from] ability: Psychic Surge|[of] p2a: Indeedee\n|turn|1\n|inactive|Battle timer is ON: inactive players will automatically lose when time's up. (requested by Haneoka_Meimi)\n|\n|t:|1698915010\n|-terastallize|p1b: IMMA PUNCH YOU|Steel\n|-terastallize|p2b: Armarouge|Psychic\n|move|p2a: Indeedee|Helping Hand|p2b: Armarouge\n|-singleturn|p2b: Armarouge|Helping Hand|[of] p2a: Indeedee\n|move|p1b: IMMA PUNCH YOU|Belly Drum|p1b: IMMA PUNCH YOU\n|-damage|p1b: IMMA PUNCH YOU|50\/100\n|-setboost|p1b: IMMA PUNCH YOU|atk|6|[from] move: Belly Drum\n|move|p2b: Armarouge|Expanding Force|p1b: IMMA PUNCH YOU|[spread] p1a,p1b\n|-resisted|p1b: IMMA PUNCH YOU\n|-enditem|p1a: Tea Time|Focus Sash\n|-damage|p1a: Tea Time|1\/100\n|-damage|p1b: IMMA PUNCH YOU|0 fnt\n|faint|p1b: IMMA PUNCH YOU\n|move|p1a: Tea Time|Imprison|p1a: Tea Time\n|-start|p1a: Tea Time|move: Imprison\n|\n|upkeep\n|\n|t:|1698915018\n|switch|p1b: MINE MINE MINE!!!|Pelipper, F|100\/100\n|-weather|RainDance|[from] ability: Drizzle|[of] p1b: MINE MINE MINE!!!\n|turn|2\n|\n|t:|1698915034\n|move|p2a: Indeedee|Helping Hand|p2b: Armarouge\n|-singleturn|p2b: Armarouge|Helping Hand|[of] p2a: Indeedee\n|move|p2b: Armarouge|Expanding Force|p1b: MINE MINE MINE!!!|[spread] p1a,p1b\n|-damage|p1a: Tea Time|0 fnt\n|-enditem|p1b: MINE MINE MINE!!!|Focus Sash\n|-damage|p1b: MINE MINE MINE!!!|1\/100\n|faint|p1a: Tea Time\n|move|p1b: MINE MINE MINE!!!|Hurricane|p2a: Indeedee\n|-damage|p2a: Indeedee|67\/100\n|-start|p2a: Indeedee|confusion\n|\n|-weather|RainDance|[upkeep]\n|-heal|p2a: Indeedee|73\/100|[from] item: Leftovers\n|upkeep\n|\n|t:|1698915039\n|switch|p1a: SO CUTE!!!|Ogerpon-Cornerstone, F|100\/100\n|turn|3\n|\n|t:|1698915052\n|move|p1b: MINE MINE MINE!!!|Wide Guard|p1b: MINE MINE MINE!!!\n|-singleturn|p1b: MINE MINE MINE!!!|Wide Guard\n|-activate|p2a: Indeedee|confusion\n|move|p2a: Indeedee|Follow Me|p2a: Indeedee\n|-singleturn|p2a: Indeedee|move: Follow Me\n|move|p1a: SO CUTE!!!|Ivy Cudgel|p2a: Indeedee\n|-damage|p2a: Indeedee|0 fnt\n|faint|p2a: Indeedee\n|move|p2b: Armarouge|Expanding Force|p1a: SO CUTE!!!|[spread] \n|-activate|p1a: SO CUTE!!!|move: Wide Guard\n|-activate|p1b: MINE MINE MINE!!!|move: Wide Guard\n|\n|-weather|RainDance|[upkeep]\n|upkeep\n|\n|t:|1698915065\n|switch|p2a: Ursaluna|Ursaluna-Bloodmoon, M|100\/100\n|turn|4\n|\n|t:|1698915075\n|switch|p2b: Iron Hands|Iron Hands|100\/100\n|move|p1b: MINE MINE MINE!!!|Wide Guard|p1b: MINE MINE MINE!!!\n|-singleturn|p1b: MINE MINE MINE!!!|Wide Guard\n|move|p2a: Ursaluna|Vacuum Wave|p1b: MINE MINE MINE!!!\n|-hint|Psychic Terrain doesn't affect Pok\u00e9mon immune to Ground.\n|-resisted|p1b: MINE MINE MINE!!!\n|-damage|p1b: MINE MINE MINE!!!|0 fnt\n|faint|p1b: MINE MINE MINE!!!\n|move|p1a: SO CUTE!!!|Ivy Cudgel|p2b: Iron Hands\n|-resisted|p2b: Iron Hands\n|-damage|p2b: Iron Hands|84\/100\n|\n|-weather|RainDance|[upkeep]\n|upkeep\n|\n|t:|1698915084\n|switch|p1b: Robot Santa|Iron Bundle|100\/100\n|-enditem|p1b: Robot Santa|Booster Energy\n|-activate|p1b: Robot Santa|ability: Quark Drive|[fromitem]\n|-start|p1b: Robot Santa|quarkdrivespe\n|turn|5\n|\n|t:|1698915103\n|move|p2b: Iron Hands|Fake Out|p1b: Robot Santa\n|-activate|p1b: Robot Santa|move: Psychic Terrain\n|move|p1b: Robot Santa|Hydro Pump|p2b: Iron Hands\n|-damage|p2b: Iron Hands|29\/100\n|move|p1a: SO CUTE!!!|Horn Leech|p2b: Iron Hands\n|-damage|p2b: Iron Hands|0 fnt\n|faint|p2b: Iron Hands\n|-end|p2b: Iron Hands|Quark Drive|[silent]\n|move|p2a: Ursaluna|Blood Moon|p1b: Robot Santa\n|-damage|p1b: Robot Santa|0 fnt\n|faint|p1b: Robot Santa\n|-end|p1b: Robot Santa|Quark Drive|[silent]\n|\n|-weather|RainDance|[upkeep]\n|-fieldend|move: Psychic Terrain\n|upkeep\n|\n|t:|1698915120\n|switch|p1b: BARK BARK!!!|Arcanine-Hisui, F|100\/100\n|switch|p2b: Tornadus|Tornadus, M|100\/100\n|turn|6\n|\n|t:|1698915130\n|move|p2b: Tornadus|Bleakwind Storm|p1a: SO CUTE!!!|[spread] p1a,p1b\n|-resisted|p1b: BARK BARK!!!\n|-damage|p1a: SO CUTE!!!|57\/100\n|-damage|p1b: BARK BARK!!!|75\/100\n|-unboost|p1a: SO CUTE!!!|spe|1\n|-unboost|p1b: BARK BARK!!!|spe|1\n|move|p1a: SO CUTE!!!|Ivy Cudgel|p2b: Tornadus\n|-supereffective|p2b: Tornadus\n|-damage|p2b: Tornadus|0 fnt\n|faint|p2b: Tornadus\n|move|p1b: BARK BARK!!!|Close Combat|p2a: Ursaluna\n|-supereffective|p2a: Ursaluna\n|-damage|p2a: Ursaluna|32\/100\n|-unboost|p1b: BARK BARK!!!|def|1\n|-unboost|p1b: BARK BARK!!!|spd|1\n|-damage|p1b: BARK BARK!!!|65\/100|[from] item: Life Orb\n|move|p2a: Ursaluna|Earth Power|p1b: BARK BARK!!!\n|-supereffective|p1b: BARK BARK!!!\n|-crit|p1b: BARK BARK!!!\n|-damage|p1b: BARK BARK!!!|0 fnt\n|faint|p1b: BARK BARK!!!\n|\n|-weather|none\n|upkeep\n|-message|ChowDonThis forfeited.\n|\n|win|Haneoka_Meimi\n|raw|ChowDonThis's rating: 1547 &rarr; <strong>1523<\/strong><br \/>(-24 for losing)\n|raw|Haneoka_Meimi's rating: 1482 &rarr; <strong>1506<\/strong><br \/>(+24 for winning)\n|l|\u2606ChowDonThis\n","uploadtime":1698915278,"views":28,"p1id":"chowdonthis","p2id":"haneokameimi","formatid":"gen9doublesou","rating":1506,"private":0,"password":""}