{"id":"gen9doublesou-1985496078","p1":"B-Nut17","p2":"WendigoJugo","format":"[Gen 9] Doubles OU","log":"|j|\u2606B-Nut17\n|j|\u2606WendigoJugo\n|t:|1699379430\n|gametype|doubles\n|player|p1|B-Nut17|170|1309\n|player|p2|WendigoJugo|burgh|1396\n|teamsize|p1|6\n|teamsize|p2|6\n|gen|9\n|tier|[Gen 9] Doubles OU\n|rated|\n|rule|Species Clause: Limit one of each Pok\u00e9mon\n|rule|OHKO Clause: OHKO moves are banned\n|rule|Evasion Moves Clause: Evasion moves are banned\n|rule|Gravity Sleep Clause: The combination of sleep-inducing moves with imperfect accuracy and Gravity or Gigantamax Orbeetle are banned\n|rule|Endless Battle Clause: Forcing endless battles is banned\n|rule|HP Percentage Mod: HP is shown in percentages\n|clearpoke\n|poke|p1|Empoleon, M|\n|poke|p1|Sinistcha-Masterpiece|\n|poke|p1|Grimmsnarl, M|\n|poke|p1|Arcanine-Hisui, M|\n|poke|p1|Gallade, M|\n|poke|p1|Glimmora, F|\n|poke|p2|Chien-Pao|\n|poke|p2|Gholdengo|\n|poke|p2|Ogerpon-Wellspring, F|\n|poke|p2|Armarouge, M|\n|poke|p2|Torkoal, F|\n|poke|p2|Amoonguss, M|\n|teampreview\n|\n|t:|1699379439\n|start\n|switch|p1a: Grimmsnarl|Grimmsnarl, M, shiny|100\/100\n|switch|p1b: Glimmora|Glimmora, F|100\/100\n|switch|p2a: StraightEdge|Chien-Pao|100\/100\n|switch|p2b: Trippin|Ogerpon-Wellspring, F|100\/100\n|-ability|p2a: StraightEdge|Sword of Ruin\n|turn|1\n|\n|t:|1699379460\n|move|p1a: Grimmsnarl|Reflect|p1a: Grimmsnarl\n|-sidestart|p1: B-Nut17|Reflect\n|move|p2a: StraightEdge|Ice Spinner|p1a: Grimmsnarl\n|-damage|p1a: Grimmsnarl|46\/100\n|move|p2b: Trippin|Ivy Cudgel|p1a: Grimmsnarl\n|-crit|p1a: Grimmsnarl\n|-damage|p1a: Grimmsnarl|0 fnt\n|faint|p1a: Grimmsnarl\n|move|p1b: Glimmora|Sludge Bomb|p2b: Trippin\n|-supereffective|p2b: Trippin\n|-damage|p2b: Trippin|0 fnt\n|faint|p2b: Trippin\n|-damage|p1b: Glimmora|91\/100|[from] item: Life Orb\n|\n|upkeep\n|\n|t:|1699379474\n|switch|p2b: Kyle|Gholdengo|100\/100\n|switch|p1a: Arcanine|Arcanine-Hisui, M|100\/100\n|-ability|p1a: Arcanine|Intimidate|boost\n|-unboost|p2a: StraightEdge|atk|1\n|-unboost|p2b: Kyle|atk|1\n|turn|2\n|\n|t:|1699379499\n|switch|p1b: Empoleon|Empoleon, M|100\/100\n|-terastallize|p2b: Kyle|Fairy\n|move|p1a: Arcanine|Protect|p1a: Arcanine\n|-singleturn|p1a: Arcanine|Protect\n|move|p2a: StraightEdge|Ice Spinner|p1b: Empoleon\n|-resisted|p1b: Empoleon\n|-damage|p1b: Empoleon|90\/100\n|move|p2b: Kyle|Substitute|p2b: Kyle\n|-start|p2b: Kyle|Substitute\n|-damage|p2b: Kyle|76\/100\n|\n|-heal|p2b: Kyle|82\/100|[from] item: Leftovers\n|upkeep\n|turn|3\n|\n|t:|1699379520\n|move|p1b: Empoleon|Vacuum Wave|p2a: StraightEdge\n|-supereffective|p2a: StraightEdge\n|-damage|p2a: StraightEdge|10\/100\n|move|p2a: StraightEdge|Ice Spinner|p1a: Arcanine\n|-resisted|p1a: Arcanine\n|-damage|p1a: Arcanine|83\/100\n|move|p2b: Kyle|Nasty Plot|p2b: Kyle\n|-boost|p2b: Kyle|spa|2\n|move|p1a: Arcanine|Rock Slide|p2b: Kyle|[spread] p2b\n|-miss|p1a: Arcanine|p2a: StraightEdge\n|-end|p2b: Kyle|Substitute\n|\n|-heal|p2b: Kyle|88\/100|[from] item: Leftovers\n|upkeep\n|turn|4\n|\n|t:|1699379557\n|switch|p2a: Shrooms|Amoonguss, M|100\/100\n|move|p1a: Arcanine|Extreme Speed|p2a: Shrooms\n|-damage|p2a: Shrooms|76\/100\n|-status|p1a: Arcanine|slp|[from] ability: Effect Spore|[of] p2a: Shrooms\n|move|p2b: Kyle|Make It Rain|p1a: Arcanine|[spread] p1a,p1b\n|-resisted|p1b: Empoleon\n|-damage|p1a: Arcanine|3\/100 slp\n|-damage|p1b: Empoleon|74\/100\n|-unboost|p2b: Kyle|spa|1\n|-enditem|p1a: Arcanine|Sitrus Berry|[eat]\n|-heal|p1a: Arcanine|28\/100 slp|[from] item: Sitrus Berry\n|move|p1b: Empoleon|Flash Cannon|p2b: Kyle\n|-supereffective|p2b: Kyle\n|-damage|p2b: Kyle|0 fnt\n|faint|p2b: Kyle\n|\n|-heal|p2a: Shrooms|82\/100|[from] item: Black Sludge\n|upkeep\n|\n|t:|1699379579\n|switch|p2b: Bong|Armarouge, M|100\/100\n|turn|5\n|\n|t:|1699379590\n|-terastallize|p1b: Empoleon|Grass\n|cant|p1a: Arcanine|slp\n|move|p1b: Empoleon|Hydro Pump|p2b: Bong\n|-supereffective|p2b: Bong\n|-damage|p2b: Bong|0 fnt\n|faint|p2b: Bong\n|move|p2a: Shrooms|Energy Ball|p1b: Empoleon\n|-resisted|p1b: Empoleon\n|-damage|p1b: Empoleon|63\/100\n|-unboost|p1b: Empoleon|spd|1\n|-ability|p1b: Empoleon|Competitive|boost\n|-boost|p1b: Empoleon|spa|2\n|\n|-heal|p2a: Shrooms|88\/100|[from] item: Black Sludge\n|upkeep\n|\n|t:|1699379606\n|switch|p2b: StraightEdge|Chien-Pao|10\/100\n|-ability|p2b: StraightEdge|Sword of Ruin\n|turn|6\n|\n|t:|1699379615\n|move|p1b: Empoleon|Vacuum Wave|p2b: StraightEdge\n|-supereffective|p2b: StraightEdge\n|-damage|p2b: StraightEdge|0 fnt\n|faint|p2b: StraightEdge\n|cant|p1a: Arcanine|slp\n|move|p2a: Shrooms|Substitute|p2a: Shrooms\n|-start|p2a: Shrooms|Substitute\n|-damage|p2a: Shrooms|63\/100\n|\n|-heal|p2a: Shrooms|69\/100|[from] item: Black Sludge\n|upkeep\n|\n|t:|1699379625\n|switch|p2b: Hotbox|Torkoal, F|100\/100\n|-weather|SunnyDay|[from] ability: Drought|[of] p2b: Hotbox\n|turn|7\n|inactive|Battle timer is ON: inactive players will automatically lose when time's up. (requested by B-Nut17)\n|\n|t:|1699379649\n|-curestatus|p1a: Arcanine|slp|[msg]\n|move|p1a: Arcanine|Rock Slide|p2a: Shrooms|[spread] p2a,p2b\n|-crit|p2a: Shrooms\n|-end|p2a: Shrooms|Substitute\n|-supereffective|p2b: Hotbox\n|-damage|p2b: Hotbox|62\/100\n|move|p1b: Empoleon|Ice Beam|p2a: Shrooms\n|-supereffective|p2a: Shrooms\n|-damage|p2a: Shrooms|0 fnt\n|faint|p2a: Shrooms\n|cant|p2b: Hotbox|flinch\n|\n|-weather|SunnyDay|[upkeep]\n|upkeep\n|turn|8\n|\n|t:|1699379667\n|move|p1a: Arcanine|Rock Slide|p2b: Hotbox\n|-supereffective|p2b: Hotbox\n|-damage|p2b: Hotbox|15\/100\n|move|p1b: Empoleon|Hydro Pump|p2b: Hotbox\n|-supereffective|p2b: Hotbox\n|-damage|p2b: Hotbox|0 fnt\n|faint|p2b: Hotbox\n|\n|win|B-Nut17\n|raw|B-Nut17's rating: 1309 &rarr; <strong>1334<\/strong><br \/>(+25 for winning)\n|raw|WendigoJugo's rating: 1396 &rarr; <strong>1371<\/strong><br \/>(-25 for losing)\n|l|\u2606WendigoJugo\n","uploadtime":1699379680,"views":18,"p1id":"bnut17","p2id":"wendigojugo","formatid":"gen9doublesou","rating":1334,"private":0,"password":""}