{"id":"gen9doublesou-1986310200","p1":"Penter","p2":"RUMYMOME","format":"[Gen 9] Doubles OU","log":"|j|\u2606Penter\n|j|\u2606RUMYMOME\n|inactive|Battle timer is ON: inactive players will automatically lose when time's up.\n|t:|1699468199\n|gametype|doubles\n|player|p1|Penter|n|\n|player|p2|RUMYMOME|marshal|\n|teamsize|p1|6\n|teamsize|p2|6\n|gen|9\n|tier|[Gen 9] Doubles OU\n|rated|Tournament battle\n|rule|Species Clause: Limit one of each Pok\u00e9mon\n|rule|OHKO Clause: OHKO moves are banned\n|rule|Evasion Moves Clause: Evasion moves are banned\n|rule|Gravity Sleep Clause: The combination of sleep-inducing moves with imperfect accuracy and Gravity or Gigantamax Orbeetle are banned\n|rule|Endless Battle Clause: Forcing endless battles is banned\n|rule|HP Percentage Mod: HP is shown in percentages\n|clearpoke\n|poke|p1|Munkidori, M|\n|poke|p1|Chien-Pao|\n|poke|p1|Ogerpon-Wellspring, F|\n|poke|p1|Arcanine-Hisui, F|\n|poke|p1|Rillaboom, F|\n|poke|p1|Flutter Mane|\n|poke|p2|Kleavor, F|\n|poke|p2|Gholdengo|\n|poke|p2|Chi-Yu|\n|poke|p2|Palafin, M|\n|poke|p2|Chien-Pao|\n|poke|p2|Dragonite, M|\n|teampreview\n|j|*Lady Monita \u263d\n|\n|t:|1699468225\n|start\n|switch|p1a: Arcanine|Arcanine-Hisui, F|100\/100\n|switch|p1b: Rillaboom|Rillaboom, F|100\/100\n|switch|p2a: Palafin|Palafin, M|100\/100\n|switch|p2b: Kleavor|Kleavor, F|100\/100\n|-ability|p1a: Arcanine|Intimidate|boost\n|-unboost|p2a: Palafin|atk|1\n|-unboost|p2b: Kleavor|atk|1\n|-fieldstart|move: Grassy Terrain|[from] ability: Grassy Surge|[of] p1b: Rillaboom\n|turn|1\n|\n|t:|1699468246\n|switch|p1a: Ogerpon|Ogerpon-Wellspring, F|100\/100\n|move|p1b: Rillaboom|Fake Out|p2b: Kleavor\n|-resisted|p2b: Kleavor\n|-damage|p2b: Kleavor|91\/100\n|move|p2a: Palafin|Flip Turn|p1a: Ogerpon\n|-immune|p1a: Ogerpon|[from] ability: Water Absorb\n|cant|p2b: Kleavor|flinch\n|\n|-heal|p2b: Kleavor|97\/100|[from] Grassy Terrain\n|upkeep\n|turn|2\n|inactive|RUMYMOME has 120 seconds left.\n|\n|t:|1699468280\n|detailschange|p2a: Palafin|Palafin-Hero, M\n|switch|p2a: Gholdengo|Gholdengo|100\/100\n|-item|p2a: Gholdengo|Air Balloon\n|move|p2b: Kleavor|Protect|p2b: Kleavor\n|-singleturn|p2b: Kleavor|Protect\n|move|p1a: Ogerpon|Horn Leech|p2a: Gholdengo\n|-resisted|p2a: Gholdengo\n|-damage|p2a: Gholdengo|67\/100\n|-enditem|p2a: Gholdengo|Air Balloon\n|move|p1b: Rillaboom|Wood Hammer|p2b: Kleavor\n|-activate|p2b: Kleavor|move: Protect\n|\n|-heal|p2b: Kleavor|100\/100|[from] Grassy Terrain\n|-heal|p2a: Gholdengo|73\/100|[from] Grassy Terrain\n|upkeep\n|turn|3\n|inactive|RUMYMOME has 120 seconds left.\n|inactive|Penter has 120 seconds left.\n|\n|t:|1699468328\n|move|p2b: Kleavor|Stone Axe|p1b: Rillaboom\n|-damage|p1b: Rillaboom|68\/100\n|-sidestart|p1: Penter|move: Stealth Rock\n|move|p2a: Gholdengo|Shadow Ball|p1b: Rillaboom\n|-damage|p1b: Rillaboom|38\/100\n|-unboost|p1b: Rillaboom|spd|1\n|move|p1a: Ogerpon|Ivy Cudgel|p2b: Kleavor\n|-supereffective|p2b: Kleavor\n|-crit|p2b: Kleavor\n|-enditem|p2b: Kleavor|Focus Sash\n|-damage|p2b: Kleavor|1\/100\n|move|p1b: Rillaboom|Wood Hammer|p2b: Kleavor\n|-crit|p2b: Kleavor\n|-damage|p2b: Kleavor|0 fnt\n|faint|p2b: Kleavor\n|-damage|p1b: Rillaboom|37\/100|[from] Recoil\n|\n|-heal|p2a: Gholdengo|79\/100|[from] Grassy Terrain\n|-heal|p1b: Rillaboom|43\/100|[from] Grassy Terrain\n|upkeep\n|inactive|RUMYMOME has 120 seconds left.\n|inactive|RUMYMOME has 90 seconds left.\n|\n|t:|1699468364\n|switch|p2b: Dragonite|Dragonite, M|100\/100\n|turn|4\n|inactive|Penter has 120 seconds left.\n|inactive|Penter has 90 seconds left.\n|\n|t:|1699468413\n|move|p1a: Ogerpon|Spiky Shield|p1a: Ogerpon\n|-singleturn|p1a: Ogerpon|move: Protect\n|move|p2a: Gholdengo|Shadow Ball|p1b: Rillaboom\n|-damage|p1b: Rillaboom|0 fnt\n|faint|p1b: Rillaboom\n|move|p2b: Dragonite|Dragon Dance|p2b: Dragonite\n|-boost|p2b: Dragonite|atk|1\n|-boost|p2b: Dragonite|spe|1\n|\n|-heal|p2a: Gholdengo|85\/100|[from] Grassy Terrain\n|upkeep\n|inactive|Penter has 90 seconds left.\n|\n|t:|1699468432\n|switch|p1b: Arcanine|Arcanine-Hisui, F|100\/100\n|-damage|p1b: Arcanine|76\/100|[from] Stealth Rock\n|-ability|p1b: Arcanine|Intimidate|boost\n|-unboost|p2a: Gholdengo|atk|1\n|-unboost|p2b: Dragonite|atk|1\n|turn|5\n|\n|t:|1699468452\n|move|p1a: Ogerpon|Follow Me|p1a: Ogerpon\n|-singleturn|p1a: Ogerpon|move: Follow Me\n|move|p2b: Dragonite|Dragon Dance|p2b: Dragonite\n|-boost|p2b: Dragonite|atk|1\n|-boost|p2b: Dragonite|spe|1\n|move|p1b: Arcanine|Flare Blitz|p2a: Gholdengo\n|-supereffective|p2a: Gholdengo\n|-damage|p2a: Gholdengo|0 fnt\n|faint|p2a: Gholdengo\n|-damage|p1b: Arcanine|49\/100|[from] Recoil\n|\n|-heal|p1b: Arcanine|55\/100|[from] Grassy Terrain\n|-fieldend|move: Grassy Terrain\n|upkeep\n|inactive|RUMYMOME has 120 seconds left.\n|inactive|RUMYMOME has 90 seconds left.\n|\n|t:|1699468496\n|switch|p2a: Palafin|Palafin-Hero, M|100\/100\n|-activate|p2a: Palafin|ability: Zero to Hero\n|turn|6\n|inactive|Penter has 120 seconds left.\n|inactive|RUMYMOME has 90 seconds left.\n|\n|t:|1699468527\n|switch|p1b: Munkidori|Munkidori, M|100\/100\n|-damage|p1b: Munkidori|88\/100|[from] Stealth Rock\n|move|p2a: Palafin|Jet Punch|p1b: Munkidori\n|-damage|p1b: Munkidori|29\/100\n|move|p2b: Dragonite|Dragon Dance|p2b: Dragonite\n|-boost|p2b: Dragonite|atk|1\n|-boost|p2b: Dragonite|spe|1\n|move|p1a: Ogerpon|Horn Leech|p2a: Palafin\n|-supereffective|p2a: Palafin\n|-enditem|p2a: Palafin|Focus Sash\n|-damage|p2a: Palafin|1\/100\n|\n|upkeep\n|turn|7\n|inactive|Penter has 120 seconds left.\n|inactive|RUMYMOME has 90 seconds left.\n|\n|t:|1699468555\n|move|p1a: Ogerpon|Follow Me|p1a: Ogerpon\n|-singleturn|p1a: Ogerpon|move: Follow Me\n|move|p2a: Palafin|Jet Punch|p1a: Ogerpon\n|-immune|p1a: Ogerpon|[from] ability: Water Absorb\n|move|p2b: Dragonite|Dragon Dance|p2b: Dragonite\n|-boost|p2b: Dragonite|atk|1\n|-boost|p2b: Dragonite|spe|1\n|move|p1b: Munkidori|Sludge Bomb|p2b: Dragonite\n|-damage|p2b: Dragonite|65\/100\n|-status|p2b: Dragonite|tox|[from] ability: Toxic Chain|[of] p1b: Munkidori\n|\n|-damage|p2b: Dragonite|59\/100 tox|[from] psn\n|upkeep\n|turn|8\n|inactive|RUMYMOME has 90 seconds left.\n|\n|t:|1699468581\n|move|p1a: Ogerpon|Spiky Shield|p1a: Ogerpon\n|-singleturn|p1a: Ogerpon|move: Protect\n|move|p2b: Dragonite|Earthquake|p1b: Munkidori|[spread] p2a,p1b\n|-activate|p1a: Ogerpon|move: Protect\n|-supereffective|p1b: Munkidori\n|-damage|p2a: Palafin|0 fnt\n|-damage|p1b: Munkidori|0 fnt\n|faint|p2a: Palafin\n|faint|p1b: Munkidori\n|\n|-damage|p2b: Dragonite|47\/100 tox|[from] psn\n|upkeep\n|inactive|Penter has 120 seconds left.\n|\n|t:|1699468636\n|switch|p1b: Arcanine|Arcanine-Hisui, F|55\/100\n|switch|p2a: Chi-Yu|Chi-Yu|100\/100\n|-ability|p2a: Chi-Yu|Beads of Ruin\n|-damage|p1b: Arcanine|30\/100|[from] Stealth Rock\n|-ability|p1b: Arcanine|Intimidate|boost\n|-unboost|p2a: Chi-Yu|atk|1\n|-unboost|p2b: Dragonite|atk|1\n|turn|9\n|inactive|Penter has 120 seconds left.\n|inactive|RUMYMOME has 120 seconds left.\n|\n|t:|1699468655\n|move|p2a: Chi-Yu|Protect|p2a: Chi-Yu\n|-singleturn|p2a: Chi-Yu|Protect\n|move|p1b: Arcanine|Extreme Speed|p2b: Dragonite\n|-damage|p2b: Dragonite|2\/100 tox\n|move|p2b: Dragonite|Earthquake|p1b: Arcanine|[spread] p1a,p1b\n|-activate|p2a: Chi-Yu|move: Protect\n|-resisted|p1a: Ogerpon\n|-supereffective|p1b: Arcanine\n|-damage|p1a: Ogerpon|72\/100\n|-damage|p1b: Arcanine|0 fnt\n|faint|p1b: Arcanine\n|move|p1a: Ogerpon|Ivy Cudgel|p2a: Chi-Yu\n|-activate|p2a: Chi-Yu|move: Protect\n|\n|-damage|p2b: Dragonite|0 fnt|[from] psn\n|faint|p2b: Dragonite\n|upkeep\n|\n|t:|1699468671\n|switch|p1b: Chien-Pao|Chien-Pao|100\/100\n|switch|p2b: Chien-Pao|Chien-Pao|100\/100\n|-damage|p1b: Chien-Pao|76\/100|[from] Stealth Rock\n|-ability|p1b: Chien-Pao|Sword of Ruin\n|-ability|p2b: Chien-Pao|Sword of Ruin\n|turn|10\n|\n|t:|1699468696\n|-terastallize|p1a: Ogerpon|Water\n|detailschange|p1a: Ogerpon|Ogerpon-Wellspring-Tera, F, tera:Water\n|-ability|p1a: Ogerpon|Embody Aspect (Wellspring)|boost\n|-boost|p1a: Ogerpon|spd|1\n|move|p1b: Chien-Pao|Protect|p1b: Chien-Pao\n|-singleturn|p1b: Chien-Pao|Protect\n|move|p2b: Chien-Pao|Icicle Crash|p1a: Ogerpon\n|-resisted|p1a: Ogerpon\n|-damage|p1a: Ogerpon|37\/100\n|move|p2a: Chi-Yu|Heat Wave|p1b: Chien-Pao|[spread] p1a\n|-activate|p1b: Chien-Pao|move: Protect\n|-resisted|p1a: Ogerpon\n|-damage|p1a: Ogerpon|20\/100\n|cant|p1a: Ogerpon|flinch\n|\n|upkeep\n|turn|11\n|inactive|RUMYMOME has 120 seconds left.\n|\n|t:|1699468727\n|move|p1a: Ogerpon|Spiky Shield|p1a: Ogerpon\n|-singleturn|p1a: Ogerpon|move: Protect\n|move|p1b: Chien-Pao|Sucker Punch|p2b: Chien-Pao\n|-resisted|p2b: Chien-Pao\n|-damage|p2b: Chien-Pao|71\/100\n|-damage|p1b: Chien-Pao|66\/100|[from] item: Life Orb\n|move|p2b: Chien-Pao|Sacred Sword|p1b: Chien-Pao\n|-supereffective|p1b: Chien-Pao\n|-damage|p1b: Chien-Pao|0 fnt\n|faint|p1b: Chien-Pao\n|move|p2a: Chi-Yu|Snarl|p1a: Ogerpon\n|-activate|p1a: Ogerpon|move: Protect\n|\n|upkeep\n|\n|t:|1699468730\n|switch|p1b: Flutter Mane|Flutter Mane|100\/100\n|-damage|p1b: Flutter Mane|88\/100|[from] Stealth Rock\n|-enditem|p1b: Flutter Mane|Booster Energy\n|-activate|p1b: Flutter Mane|ability: Protosynthesis|[fromitem]\n|-start|p1b: Flutter Mane|protosynthesisspe\n|turn|12\n|inactive|RUMYMOME has 120 seconds left.\n|\n|t:|1699468764\n|move|p1a: Ogerpon|Follow Me|p1a: Ogerpon\n|-singleturn|p1a: Ogerpon|move: Follow Me\n|move|p2b: Chien-Pao|Ice Shard|p1a: Ogerpon\n|-resisted|p1a: Ogerpon\n|-damage|p1a: Ogerpon|6\/100\n|move|p1b: Flutter Mane|Moonblast|p2b: Chien-Pao\n|-supereffective|p2b: Chien-Pao\n|-crit|p2b: Chien-Pao\n|-damage|p2b: Chien-Pao|0 fnt\n|faint|p2b: Chien-Pao\n|move|p2a: Chi-Yu|Snarl|p1b: Flutter Mane|[spread] p1a,p1b\n|-damage|p1a: Ogerpon|0 fnt\n|-damage|p1b: Flutter Mane|59\/100\n|-unboost|p1b: Flutter Mane|spa|1\n|faint|p1a: Ogerpon\n|\n|upkeep\n|turn|13\n|inactive|RUMYMOME has 120 seconds left.\n|\n|t:|1699468791\n|move|p1b: Flutter Mane|Moonblast|p2a: Chi-Yu\n|-damage|p2a: Chi-Yu|65\/100\n|move|p2a: Chi-Yu|Heat Wave|p1b: Flutter Mane\n|-damage|p1b: Flutter Mane|0 fnt\n|faint|p1b: Flutter Mane\n|-end|p1b: Flutter Mane|Protosynthesis|[silent]\n|\n|win|RUMYMOME\n|n|\u2606Penter|penter\n|n|\u2606RUMYMOME|rumymome\n|n|*Lady Monita \u263d|ladymonita\n|l|*Lady Monita \u263d\n","uploadtime":1699468801,"views":10,"p1id":"penter","p2id":"rumymome","formatid":"gen9doublesou","rating":0,"private":0,"password":""}