{"id":"gen9doublesou-1983983763","p1":"Xenophoresis","p2":"Wisdom1472","format":"[Gen 9] Doubles OU","log":"|j|\u2606Xenophoresis\n|j|\u2606Wisdom1472\n|t:|1699206780\n|gametype|doubles\n|player|p1|Xenophoresis|2|1180\n|player|p2|Wisdom1472|swimmer|1252\n|teamsize|p1|6\n|teamsize|p2|6\n|gen|9\n|tier|[Gen 9] Doubles OU\n|rated|\n|rule|Species Clause: Limit one of each Pok\u00e9mon\n|rule|OHKO Clause: OHKO moves are banned\n|rule|Evasion Moves Clause: Evasion moves are banned\n|rule|Gravity Sleep Clause: The combination of sleep-inducing moves with imperfect accuracy and Gravity or Gigantamax Orbeetle are banned\n|rule|Endless Battle Clause: Forcing endless battles is banned\n|rule|HP Percentage Mod: HP is shown in percentages\n|clearpoke\n|poke|p1|Rillaboom, F|\n|poke|p1|Mew|\n|poke|p1|Spectrier|\n|poke|p1|Espathra, M|\n|poke|p1|Ursaluna-Bloodmoon, M|\n|poke|p1|Murkrow, M|\n|poke|p2|Glimmora, M|\n|poke|p2|Sinistcha|\n|poke|p2|Ursaluna-Bloodmoon, M|\n|poke|p2|Okidogi, M|\n|poke|p2|Flutter Mane|\n|poke|p2|Kommo-o, M|\n|teampreview\n|inactive|Battle timer is ON: inactive players will automatically lose when time's up. (requested by Xenophoresis)\n|inactive|Wisdom1472 has 120 seconds left.\n|\n|t:|1699206819\n|start\n|switch|p1a: Mew|Mew|100\/100\n|switch|p1b: Espathra|Espathra, M|100\/100\n|switch|p2a: Glimmorbin time|Glimmora, M|100\/100\n|switch|p2b: Bowow|Okidogi, M|100\/100\n|-item|p2a: Glimmorbin time|Air Balloon\n|turn|1\n|\n|t:|1699206842\n|move|p1b: Espathra|Calm Mind|p1b: Espathra\n|-boost|p1b: Espathra|spa|1\n|-boost|p1b: Espathra|spd|1\n|move|p1a: Mew|Toxic Spikes|p2b: Bowow\n|-sidestart|p2: Wisdom1472|move: Toxic Spikes\n|move|p2a: Glimmorbin time|Stealth Rock|p1a: Mew\n|-sidestart|p1: Xenophoresis|move: Stealth Rock\n|move|p2b: Bowow|Crunch|p1a: Mew\n|-supereffective|p1a: Mew\n|-damage|p1a: Mew|54\/100\n|\n|-ability|p1b: Espathra|Speed Boost|boost\n|-boost|p1b: Espathra|spe|1\n|upkeep\n|turn|2\n|\n|t:|1699206856\n|move|p1b: Espathra|Stored Power|p2b: Bowow\n|-supereffective|p2b: Bowow\n|-damage|p2b: Bowow|0 fnt\n|faint|p2b: Bowow\n|move|p1a: Mew|Stealth Rock|p2a: Glimmorbin time\n|-sidestart|p2: Wisdom1472|move: Stealth Rock\n|move|p2a: Glimmorbin time|Mortal Spin|p1b: Espathra|[spread] p1a,p1b\n|-damage|p1a: Mew|51\/100\n|-damage|p1b: Espathra|95\/100\n|-status|p1a: Mew|psn\n|-activate|p1a: Mew|ability: Synchronize\n|-immune|p2a: Glimmorbin time\n|-status|p1b: Espathra|psn\n|-sideend|p2: Wisdom1472|Toxic Spikes|[from] move: Mortal Spin|[of] p2a: Glimmorbin time\n|-sideend|p2: Wisdom1472|Stealth Rock|[from] move: Mortal Spin|[of] p2a: Glimmorbin time\n|\n|-damage|p1b: Espathra|82\/100 psn|[from] psn\n|-damage|p1a: Mew|39\/100 psn|[from] psn\n|-ability|p1b: Espathra|Speed Boost|boost\n|-boost|p1b: Espathra|spe|1\n|upkeep\n|inactive|Wisdom1472 has 120 seconds left.\n|\n|t:|1699206886\n|switch|p2b: Baloo|Ursaluna-Bloodmoon, M|100\/100\n|turn|3\n|\n|t:|1699206903\n|move|p1b: Espathra|Protect|p1b: Espathra\n|-singleturn|p1b: Espathra|Protect\n|move|p1a: Mew|Transform|p1b: Espathra\n|-transform|p1a: Mew|p1b: Espathra\n|move|p2a: Glimmorbin time|Power Gem|p1b: Espathra\n|-activate|p1b: Espathra|move: Protect\n|move|p2b: Baloo|Hyper Voice|p1b: Espathra|[spread] p1a\n|-activate|p1b: Espathra|move: Protect\n|-damage|p1a: Mew|3\/100 psn\n|-enditem|p2b: Baloo|Throat Spray\n|-boost|p2b: Baloo|spa|1|[from] item: Throat Spray\n|\n|-damage|p1a: Mew|0 fnt|[from] psn\n|faint|p1a: Mew\n|-damage|p1b: Espathra|70\/100 psn|[from] psn\n|-ability|p1b: Espathra|Speed Boost|boost\n|-boost|p1b: Espathra|spe|1\n|upkeep\n|\n|t:|1699206919\n|switch|p1a: Rillaboom|Rillaboom, F|100\/100\n|-damage|p1a: Rillaboom|88\/100|[from] Stealth Rock\n|-fieldstart|move: Grassy Terrain|[from] ability: Grassy Surge|[of] p1a: Rillaboom\n|turn|4\n|\n|t:|1699206940\n|-terastallize|p2b: Baloo|Normal\n|move|p1a: Rillaboom|Grassy Glide|p2b: Baloo\n|-damage|p2b: Baloo|73\/100\n|move|p1b: Espathra|Baton Pass|p1b: Espathra\n|\n|t:|1699206945\n|switch|p1b: Ursaluna|Ursaluna-Bloodmoon, M|100\/100|[from] Baton Pass\n|-damage|p1b: Ursaluna|94\/100|[from] Stealth Rock\n|move|p2a: Glimmorbin time|Sludge Bomb|p1a: Rillaboom\n|-supereffective|p1a: Rillaboom\n|-damage|p1a: Rillaboom|0 fnt\n|faint|p1a: Rillaboom\n|move|p2b: Baloo|Hyper Voice|p1b: Ursaluna\n|-damage|p1b: Ursaluna|31\/100\n|\n|-heal|p1b: Ursaluna|37\/100|[from] Grassy Terrain\n|-heal|p1b: Ursaluna|43\/100|[from] item: Leftovers\n|-heal|p2b: Baloo|79\/100|[from] Grassy Terrain\n|upkeep\n|\n|t:|1699206959\n|switch|p1a: Spectrier|Spectrier|100\/100\n|-damage|p1a: Spectrier|88\/100|[from] Stealth Rock\n|turn|5\n|\n|t:|1699206973\n|switch|p2a: Tea time|Sinistcha|100\/100\n|-heal|p2b: Baloo|100\/100|[from] ability: Hospitality|[of] p2a: Tea time\n|move|p2b: Baloo|Vacuum Wave|p1b: Ursaluna\n|-supereffective|p1b: Ursaluna\n|-crit|p1b: Ursaluna\n|-damage|p1b: Ursaluna|0 fnt\n|faint|p1b: Ursaluna\n|move|p1a: Spectrier|Psychic|p2b: Baloo\n|-damage|p2b: Baloo|63\/100\n|\n|-heal|p1a: Spectrier|94\/100|[from] Grassy Terrain\n|-heal|p2b: Baloo|69\/100|[from] Grassy Terrain\n|upkeep\n|\n|t:|1699206988\n|switch|p1b: Espathra|Espathra, M|70\/100 psn\n|-damage|p1b: Espathra|58\/100 psn|[from] Stealth Rock\n|turn|6\n|\n|t:|1699206995\n|move|p1a: Spectrier|Foul Play|p2b: Baloo\n|-damage|p2b: Baloo|61\/100\n|move|p1b: Espathra|Calm Mind|p1b: Espathra\n|-boost|p1b: Espathra|spa|1\n|-boost|p1b: Espathra|spd|1\n|move|p2b: Baloo|Blood Moon|p1a: Spectrier\n|-damage|p1a: Spectrier|0 fnt\n|faint|p1a: Spectrier\n|move|p2a: Tea time|Trick Room|p2a: Tea time\n|-fieldstart|move: Trick Room|[of] p2a: Tea time\n|\n|-heal|p2b: Baloo|67\/100|[from] Grassy Terrain\n|-heal|p1b: Espathra|64\/100 psn|[from] Grassy Terrain\n|-damage|p1b: Espathra|51\/100 psn|[from] psn\n|-ability|p1b: Espathra|Speed Boost|boost\n|-boost|p1b: Espathra|spe|1\n|upkeep\n|-message|Xenophoresis forfeited.\n|\n|win|Wisdom1472\n|raw|Xenophoresis's rating: 1180 &rarr; <strong>1160<\/strong><br \/>(-20 for losing)\n|raw|Wisdom1472's rating: 1252 &rarr; <strong>1272<\/strong><br \/>(+20 for winning)\n|l|\u2606Xenophoresis\n","uploadtime":1699207012,"views":7,"p1id":"xenophoresis","p2id":"wisdom1472","formatid":"gen9doublesou","rating":1160,"private":0,"password":""}