{"id":"gen9doublesou-1977984607","p1":"Gen1victoryroad","p2":"Darcoco14","format":"[Gen 9] Doubles OU","log":"|j|\u2606Gen1victoryroad\n|j|\u2606Darcoco14\n|t:|1698478551\n|gametype|doubles\n|player|p1|Gen1victoryroad|170|1082\n|player|p2|Darcoco14|169|1114\n|teamsize|p1|6\n|teamsize|p2|6\n|gen|9\n|tier|[Gen 9] Doubles OU\n|rated|\n|rule|Species Clause: Limit one of each Pok\u00e9mon\n|rule|OHKO Clause: OHKO moves are banned\n|rule|Evasion Moves Clause: Evasion moves are banned\n|rule|Gravity Sleep Clause: The combination of sleep-inducing moves with imperfect accuracy and Gravity or Gigantamax Orbeetle are banned\n|rule|Endless Battle Clause: Forcing endless battles is banned\n|rule|HP Percentage Mod: HP is shown in percentages\n|clearpoke\n|poke|p1|Baxcalibur, F|\n|poke|p1|Torkoal, M|\n|poke|p1|Walking Wake|\n|poke|p1|Gholdengo|\n|poke|p1|Amoonguss, F|\n|poke|p1|Rillaboom, M|\n|poke|p2|Empoleon, M|\n|poke|p2|Azumarill, M|\n|poke|p2|Jumpluff, F|\n|poke|p2|Espathra, M|\n|poke|p2|Basculin-Blue-Striped, M|\n|poke|p2|Golem-Alola, F|\n|teampreview\n|\n|t:|1698478568\n|start\n|switch|p1a: Rillaboom|Rillaboom, M|100\/100\n|switch|p1b: Gholdengo|Gholdengo|100\/100\n|switch|p2a: Empoleon|Empoleon, M, shiny|100\/100\n|switch|p2b: Azumarill|Azumarill, M|100\/100\n|-fieldstart|move: Grassy Terrain|[from] ability: Grassy Surge|[of] p1a: Rillaboom\n|turn|1\n|\n|t:|1698478604\n|move|p1a: Rillaboom|Fake Out|p2a: Empoleon\n|-resisted|p2a: Empoleon\n|-damage|p2a: Empoleon|92\/100\n|move|p1b: Gholdengo|Thunderbolt|p2b: Azumarill\n|-supereffective|p2b: Azumarill\n|-damage|p2b: Azumarill|33\/100\n|move|p2b: Azumarill|Chilling Water|p2a: Empoleon\n|-resisted|p2a: Empoleon\n|-damage|p2a: Empoleon|88\/100\n|-unboost|p2a: Empoleon|atk|1\n|cant|p2a: Empoleon|flinch\n|\n|-heal|p2b: Azumarill|39\/100|[from] Grassy Terrain\n|-heal|p2a: Empoleon|94\/100|[from] Grassy Terrain\n|upkeep\n|turn|2\n|\n|t:|1698478622\n|move|p2b: Azumarill|Helping Hand|p2a: Empoleon\n|-singleturn|p2a: Empoleon|Helping Hand|[of] p2b: Azumarill\n|move|p1a: Rillaboom|Grassy Glide|p2a: Empoleon\n|-damage|p2a: Empoleon|50\/100\n|move|p1b: Gholdengo|Thunderbolt|p2a: Empoleon\n|-supereffective|p2a: Empoleon\n|-damage|p2a: Empoleon|0 fnt\n|faint|p2a: Empoleon\n|\n|-heal|p2b: Azumarill|45\/100|[from] Grassy Terrain\n|upkeep\n|\n|t:|1698478631\n|switch|p2a: Jumpluff|Jumpluff, F|100\/100\n|turn|3\n|\n|t:|1698478648\n|switch|p1b: Amoonguss|Amoonguss, F|100\/100\n|move|p1a: Rillaboom|Grassy Glide|p2b: Azumarill\n|-ability|p2b: Azumarill|Sap Sipper|boost\n|-boost|p2b: Azumarill|atk|1\n|move|p2a: Jumpluff|Tailwind|p2a: Jumpluff\n|-sidestart|p2: Darcoco14|move: Tailwind\n|move|p2b: Azumarill|Play Rough|p1a: Rillaboom\n|-damage|p1a: Rillaboom|74\/100\n|\n|-heal|p2b: Azumarill|52\/100|[from] Grassy Terrain\n|-heal|p1a: Rillaboom|80\/100|[from] Grassy Terrain\n|upkeep\n|turn|4\n|\n|t:|1698478678\n|switch|p1b: Torkoal|Torkoal, M|100\/100\n|-weather|SunnyDay|[from] ability: Drought|[of] p1b: Torkoal\n|move|p2a: Jumpluff|Pollen Puff|p2b: Azumarill\n|-heal|p2b: Azumarill|100\/100\n|move|p2b: Azumarill|Chilling Water|p1a: Rillaboom\n|-resisted|p1a: Rillaboom\n|-damage|p1a: Rillaboom|79\/100\n|-unboost|p1a: Rillaboom|atk|1\n|move|p1a: Rillaboom|U-turn|p2b: Azumarill\n|-resisted|p2b: Azumarill\n|-damage|p2b: Azumarill|92\/100\n|\n|t:|1698478697\n|switch|p1a: Gholdengo|Gholdengo|100\/100|[from] U-turn\n|\n|-weather|SunnyDay|[upkeep]\n|-heal|p2b: Azumarill|98\/100|[from] Grassy Terrain\n|upkeep\n|turn|5\n|\n|t:|1698478716\n|switch|p2a: Golem|Golem-Alola, F|100\/100\n|move|p1b: Torkoal|Helping Hand|p1a: Gholdengo\n|-immune|p1a: Gholdengo|[from] ability: Good as Gold\n|move|p2b: Azumarill|Trailblaze|p1a: Gholdengo\n|-resisted|p1a: Gholdengo\n|-damage|p1a: Gholdengo|94\/100\n|-boost|p2b: Azumarill|spe|1\n|move|p1a: Gholdengo|Make It Rain|p2a: Golem|[spread] p2a,p2b\n|-damage|p2a: Golem|57\/100\n|-damage|p2b: Azumarill|47\/100\n|-unboost|p1a: Gholdengo|spa|1\n|\n|-weather|SunnyDay|[upkeep]\n|-heal|p2b: Azumarill|53\/100|[from] Grassy Terrain\n|-heal|p2a: Golem|63\/100|[from] Grassy Terrain\n|-heal|p1a: Gholdengo|100\/100|[from] Grassy Terrain\n|-fieldend|move: Grassy Terrain\n|upkeep\n|turn|6\n|\n|t:|1698478751\n|switch|p1b: Walking Wake|Walking Wake|100\/100\n|-activate|p1b: Walking Wake|ability: Protosynthesis\n|-start|p1b: Walking Wake|protosynthesisspe\n|move|p2b: Azumarill|Trailblaze|p1a: Gholdengo\n|-resisted|p1a: Gholdengo\n|-damage|p1a: Gholdengo|95\/100\n|-boost|p2b: Azumarill|spe|1\n|move|p2a: Golem|Earthquake|p1b: Walking Wake|[spread] p2b,p1a,p1b\n|-crit|p2b: Azumarill\n|-supereffective|p1a: Gholdengo\n|-damage|p2b: Azumarill|12\/100\n|-damage|p1a: Gholdengo|46\/100\n|-damage|p1b: Walking Wake|73\/100\n|-enditem|p2b: Azumarill|Mago Berry|[eat]\n|-heal|p2b: Azumarill|45\/100|[from] item: Mago Berry\n|move|p1a: Gholdengo|Thunderbolt|p2b: Azumarill\n|-supereffective|p2b: Azumarill\n|-damage|p2b: Azumarill|0 fnt\n|faint|p2b: Azumarill\n|\n|-weather|SunnyDay|[upkeep]\n|-heal|p1a: Gholdengo|52\/100|[from] item: Leftovers\n|-sideend|p2: Darcoco14|move: Tailwind\n|upkeep\n|\n|t:|1698478767\n|switch|p2b: Jumpluff|Jumpluff, F|100\/100\n|turn|7\n|\n|t:|1698478786\n|switch|p1a: Amoonguss|Amoonguss, F|100\/100\n|move|p2b: Jumpluff|Pollen Puff|p2a: Golem\n|-heal|p2a: Golem|100\/100\n|move|p1b: Walking Wake|Hydro Steam|p2a: Golem\n|-supereffective|p2a: Golem\n|-damage|p2a: Golem|0 fnt\n|faint|p2a: Golem\n|\n|-weather|SunnyDay|[upkeep]\n|upkeep\n|\n|t:|1698478795\n|switch|p2a: Espathra|Espathra, M|100\/100\n|turn|8\n|\n|t:|1698478812\n|-end|p1b: Walking Wake|Protosynthesis|[silent]\n|switch|p1b: Torkoal|Torkoal, M|100\/100\n|move|p2a: Espathra|Protect|p2a: Espathra\n|-singleturn|p2a: Espathra|Protect\n|move|p2b: Jumpluff|Tailwind|p2b: Jumpluff\n|-sidestart|p2: Darcoco14|move: Tailwind\n|move|p1a: Amoonguss|Spore|p2a: Espathra\n|-activate|p2a: Espathra|move: Protect\n|\n|-weather|SunnyDay|[upkeep]\n|-ability|p2a: Espathra|Speed Boost|boost\n|-boost|p2a: Espathra|spe|1\n|upkeep\n|turn|9\n|\n|t:|1698478836\n|move|p2b: Jumpluff|Pollen Puff|p1a: Amoonguss\n|-damage|p1a: Amoonguss|92\/100\n|move|p2a: Espathra|Calm Mind|p2a: Espathra\n|-boost|p2a: Espathra|spa|1\n|-boost|p2a: Espathra|spd|1\n|move|p1a: Amoonguss|Spore|p2a: Espathra\n|-status|p2a: Espathra|slp|[from] move: Spore\n|move|p1b: Torkoal|Yawn||[still]\n|-fail|p1b: Torkoal\n|\n|-weather|SunnyDay|[upkeep]\n|-ability|p2a: Espathra|Speed Boost|boost\n|-boost|p2a: Espathra|spe|1\n|upkeep\n|turn|10\n|\n|t:|1698478893\n|switch|p2b: Basculin|Basculin-Blue-Striped, M|100\/100\n|switch|p1b: Baxcalibur|Baxcalibur, F|100\/100\n|cant|p2a: Espathra|slp\n|move|p1a: Amoonguss|Clear Smog|p2a: Espathra\n|-damage|p2a: Espathra|84\/100 slp\n|-clearboost|p2a: Espathra\n|\n|-weather|SunnyDay|[upkeep]\n|-ability|p2a: Espathra|Speed Boost|boost\n|-boost|p2a: Espathra|spe|1\n|upkeep\n|turn|11\n|\n|t:|1698478921\n|move|p2b: Basculin|Head Smash|p1b: Baxcalibur\n|-supereffective|p1b: Baxcalibur\n|-damage|p1b: Baxcalibur|13\/100\n|-curestatus|p2a: Espathra|slp|[msg]\n|move|p2a: Espathra|Calm Mind|p2a: Espathra\n|-boost|p2a: Espathra|spa|1\n|-boost|p2a: Espathra|spd|1\n|move|p1b: Baxcalibur|Icicle Spear|p2a: Espathra\n|-damage|p2a: Espathra|62\/100\n|-damage|p2a: Espathra|40\/100\n|-damage|p2a: Espathra|19\/100\n|-damage|p2a: Espathra|0 fnt\n|faint|p2a: Espathra\n|-hitcount|p2: Espathra|4\n|move|p1a: Amoonguss|Spore|p2b: Basculin\n|-status|p2b: Basculin|slp|[from] move: Spore\n|\n|-weather|none\n|-sideend|p2: Darcoco14|move: Tailwind\n|upkeep\n|\n|t:|1698478929\n|switch|p2a: Jumpluff|Jumpluff, F|100\/100\n|turn|12\n|\n|t:|1698478948\n|switch|p1b: Walking Wake|Walking Wake|73\/100\n|switch|p1a: Torkoal|Torkoal, M|100\/100\n|-weather|SunnyDay|[from] ability: Drought|[of] p1a: Torkoal\n|-activate|p1b: Walking Wake|ability: Protosynthesis\n|-start|p1b: Walking Wake|protosynthesisspe\n|move|p2a: Jumpluff|Tailwind|p2a: Jumpluff\n|-sidestart|p2: Darcoco14|move: Tailwind\n|cant|p2b: Basculin|slp\n|\n|-weather|SunnyDay|[upkeep]\n|upkeep\n|turn|13\n|\n|t:|1698478978\n|move|p2a: Jumpluff|Pollen Puff|p2b: Basculin\n|-immune|p2b: Basculin\n|cant|p2b: Basculin|slp\n|move|p1b: Walking Wake|Dragon Pulse|p2b: Basculin\n|-damage|p2b: Basculin|0 fnt\n|faint|p2b: Basculin\n|move|p1a: Torkoal|Yawn|p2a: Jumpluff\n|-start|p2a: Jumpluff|move: Yawn|[of] p1a: Torkoal\n|\n|-weather|SunnyDay|[upkeep]\n|upkeep\n|turn|14\n|-message|Darcoco14 forfeited.\n|\n|win|Gen1victoryroad\n|raw|Gen1victoryroad's rating: 1082 &rarr; <strong>1112<\/strong><br \/>(+30 for winning)\n|raw|Darcoco14's rating: 1114 &rarr; <strong>1087<\/strong><br \/>(-27 for losing)\n|l|\u2606Darcoco14\n","uploadtime":1698478994,"views":17,"p1id":"gen1victoryroad","p2id":"darcoco14","formatid":"gen9doublesou","rating":1087,"private":0,"password":""}