{"id":"gen9doublesou-1992259719","p1":"screaming_g0at","p2":"DukeDevlin494","format":"[Gen 9] Doubles OU","log":"|j|\u2606screaming_g0at\n|j|\u2606DukeDevlin494\n|t:|1700168552\n|gametype|doubles\n|player|p1|screaming_g0at|bellelba|1227\n|player|p2|DukeDevlin494|benga|1147\n|teamsize|p1|6\n|teamsize|p2|6\n|gen|9\n|tier|[Gen 9] Doubles OU\n|rated|\n|rule|Species Clause: Limit one of each Pok\u00e9mon\n|rule|OHKO Clause: OHKO moves are banned\n|rule|Evasion Moves Clause: Evasion moves are banned\n|rule|Gravity Sleep Clause: The combination of sleep-inducing moves with imperfect accuracy and Gravity or Gigantamax Orbeetle are banned\n|rule|Endless Battle Clause: Forcing endless battles is banned\n|rule|HP Percentage Mod: HP is shown in percentages\n|clearpoke\n|poke|p1|Medicham, F|\n|poke|p1|Slaking, F|\n|poke|p1|Sinistcha|\n|poke|p1|Murkrow, F|\n|poke|p1|Regieleki|\n|poke|p1|Chien-Pao|\n|poke|p2|Sableye, M|\n|poke|p2|Clefairy, F|\n|poke|p2|Dragonite, F|\n|poke|p2|Kommo-o, F|\n|poke|p2|Corviknight, M|\n|poke|p2|Arcanine-Hisui, M|\n|teampreview\n|inactive|Battle timer is ON: inactive players will automatically lose when time's up. (requested by screaming_g0at)\n|\n|t:|1700168603\n|start\n|switch|p1a: mother|Slaking, F, shiny|100\/100\n|switch|p1b: testing this|Medicham, F|100\/100\n|switch|p2a: Elise|Clefairy, F, shiny|100\/100\n|switch|p2b: Camille|Kommo-o, F, shiny|100\/100\n|turn|1\n|\n|t:|1700168621\n|-terastallize|p1a: mother|Fairy\n|move|p2b: Camille|Clangorous Soul|p2b: Camille\n|-boost|p2b: Camille|atk|1\n|-boost|p2b: Camille|def|1\n|-boost|p2b: Camille|spa|1\n|-boost|p2b: Camille|spd|1\n|-boost|p2b: Camille|spe|1\n|-damage|p2b: Camille|68\/100\n|-enditem|p2b: Camille|Throat Spray\n|-boost|p2b: Camille|spa|1|[from] item: Throat Spray\n|move|p1b: testing this|Skill Swap|p1a: mother\n|-activate|p1b: testing this|move: Skill Swap|||[of] p1a: mother\n|move|p1a: mother|Drain Punch|p2b: Camille\n|-damage|p2b: Camille|38\/100\n|move|p2a: Elise|Icy Wind|p1b: testing this|[spread] p1a,p1b\n|-damage|p1a: mother|94\/100\n|-damage|p1b: testing this|92\/100\n|-unboost|p1a: mother|spe|1\n|-unboost|p1b: testing this|spe|1\n|\n|-heal|p1a: mother|99\/100|[from] item: Leftovers\n|upkeep\n|turn|2\n|\n|t:|1700168648\n|cant|p1b: testing this|ability: Truant\n|move|p1a: mother|Protect|p1a: mother\n|-singleturn|p1a: mother|Protect\n|move|p2a: Elise|Protect|p2a: Elise\n|-singleturn|p2a: Elise|Protect\n|move|p2b: Camille|Boomburst|p1a: mother|[spread] p1b\n|-activate|p2a: Elise|move: Protect\n|-activate|p1a: mother|move: Protect\n|-damage|p1b: testing this|12\/100\n|\n|-heal|p1a: mother|100\/100|[from] item: Leftovers\n|upkeep\n|turn|3\n|\n|t:|1700168674\n|move|p2a: Elise|Follow Me|p2a: Elise\n|-singleturn|p2a: Elise|move: Follow Me\n|move|p2b: Camille|Boomburst|p1a: mother|[spread] p2a,p1a,p1b\n|-damage|p2a: Elise|41\/100\n|-damage|p1a: mother|39\/100\n|-damage|p1b: testing this|0 fnt\n|faint|p1b: testing this\n|move|p1a: mother|Throat Chop|p2a: Elise\n|-resisted|p2a: Elise\n|-damage|p2a: Elise|13\/100\n|-start|p2a: Elise|Throat Chop|[silent]\n|\n|-heal|p1a: mother|45\/100|[from] item: Leftovers\n|upkeep\n|\n|t:|1700168685\n|switch|p1b: bird|Murkrow, F|100\/100\n|turn|4\n|\n|t:|1700168704\n|move|p1a: mother|Protect|p1a: mother\n|-singleturn|p1a: mother|Protect\n|move|p2a: Elise|Protect|p2a: Elise\n|-singleturn|p2a: Elise|Protect\n|move|p1b: bird|Haze|p1b: bird\n|-clearallboost\n|move|p2b: Camille|Boomburst|p1b: bird|[spread] p1b\n|-activate|p2a: Elise|move: Protect\n|-activate|p1a: mother|move: Protect\n|-damage|p1b: bird|65\/100\n|\n|-heal|p1a: mother|51\/100|[from] item: Leftovers\n|-end|p2a: Elise|Throat Chop|[silent]\n|upkeep\n|turn|5\n|inactive|DukeDevlin494 has 120 seconds left.\n|\n|t:|1700168740\n|move|p2a: Elise|Protect|p2a: Elise\n|-singleturn|p2a: Elise|Protect\n|move|p1b: bird|Tailwind|p1b: bird\n|-sidestart|p1: screaming_g0at|move: Tailwind\n|move|p1a: mother|Rock Slide|p2a: Elise|[spread] p2b\n|-activate|p2a: Elise|move: Protect\n|-resisted|p2b: Camille\n|-damage|p2b: Camille|19\/100\n|move|p2b: Camille|Flamethrower|p1b: bird\n|-damage|p1b: bird|35\/100\n|\n|-heal|p1a: mother|57\/100|[from] item: Leftovers\n|upkeep\n|turn|6\n|inactive|DukeDevlin494 has 120 seconds left.\n|\n|t:|1700168776\n|switch|p1b: heal!|Sinistcha|100\/100\n|-heal|p1a: mother|82\/100|[from] ability: Hospitality|[of] p1b: heal!\n|move|p2a: Elise|Helping Hand|p2b: Camille\n|-singleturn|p2b: Camille|Helping Hand|[of] p2a: Elise\n|move|p1a: mother|Rock Slide|p2b: Camille|[spread] p2a,p2b\n|-resisted|p2b: Camille\n|-damage|p2a: Elise|0 fnt\n|-damage|p2b: Camille|1\/100\n|faint|p2a: Elise\n|cant|p2b: Camille|flinch\n|\n|-heal|p1a: mother|88\/100|[from] item: Leftovers\n|upkeep\n|\n|t:|1700168796\n|switch|p2a: Rueben|Sableye, M, shiny|100\/100\n|turn|7\n|\n|t:|1700168818\n|move|p2a: Rueben|Will-O-Wisp|p1a: mother\n|-status|p1a: mother|brn\n|move|p1b: heal!|Matcha Gotcha|p2a: Rueben|[spread] p2a,p2b\n|-resisted|p2b: Camille\n|-damage|p2a: Rueben|50\/100\n|-damage|p2b: Camille|0 fnt\n|faint|p2b: Camille\n|move|p1a: mother|Rock Slide|p2a: Rueben\n|-damage|p2a: Rueben|16\/100\n|\n|-heal|p1a: mother|94\/100 brn|[from] item: Leftovers\n|-heal|p2a: Rueben|22\/100|[from] item: Leftovers\n|-damage|p1a: mother|88\/100 brn|[from] brn\n|upkeep\n|inactive|DukeDevlin494 has 90 seconds left.\n|\n|t:|1700168840\n|switch|p2b: Gawain|Corviknight, M, shiny|100\/100\n|turn|8\n|\n|t:|1700168858\n|move|p1a: mother|Protect|p1a: mother\n|-singleturn|p1a: mother|Protect\n|move|p2a: Rueben|Recover|p2a: Rueben\n|-heal|p2a: Rueben|72\/100\n|move|p1b: heal!|Matcha Gotcha|p2a: Rueben|[spread] p2a,p2b\n|-resisted|p2b: Gawain\n|-damage|p2a: Rueben|24\/100\n|-damage|p2b: Gawain|93\/100\n|move|p2b: Gawain|Brave Bird|p1b: heal!\n|-supereffective|p1b: heal!\n|-damage|p1b: heal!|9\/100\n|-damage|p2b: Gawain|72\/100|[from] Recoil\n|\n|-heal|p1a: mother|94\/100 brn|[from] item: Leftovers\n|-heal|p2a: Rueben|30\/100|[from] item: Leftovers\n|-damage|p1a: mother|88\/100 brn|[from] brn\n|-sideend|p1: screaming_g0at|move: Tailwind\n|upkeep\n|turn|9\n|inactive|screaming_g0at has 120 seconds left.\n|inactive|DukeDevlin494 has 90 seconds left.\n|\n|t:|1700168897\n|move|p2a: Rueben|Recover|p2a: Rueben\n|-heal|p2a: Rueben|80\/100\n|move|p1b: heal!|Matcha Gotcha|p2a: Rueben|[spread] \n|-miss|p1b: heal!|p2a: Rueben\n|-miss|p1b: heal!|p2b: Gawain\n|move|p1a: mother|Drain Punch|p2b: Gawain\n|-damage|p2b: Gawain|49\/100\n|-heal|p1a: mother|97\/100 brn|[from] drain|[of] p2b: Gawain\n|-enditem|p2b: Gawain|Sitrus Berry|[eat]\n|-heal|p2b: Gawain|74\/100|[from] item: Sitrus Berry\n|move|p2b: Gawain|Brave Bird|p1b: heal!\n|-supereffective|p1b: heal!\n|-damage|p1b: heal!|0 fnt\n|faint|p1b: heal!\n|-damage|p2b: Gawain|72\/100|[from] Recoil\n|\n|-heal|p1a: mother|100\/100 brn|[from] item: Leftovers\n|-heal|p2a: Rueben|86\/100|[from] item: Leftovers\n|-damage|p1a: mother|94\/100 brn|[from] brn\n|upkeep\n|inactive|screaming_g0at has 120 seconds left.\n|\n|t:|1700168915\n|switch|p1b: fast asf|Regieleki|100\/100\n|turn|10\n|inactive|screaming_g0at has 120 seconds left.\n|\n|t:|1700168944\n|move|p1b: fast asf|Thunder Cage|p2b: Gawain\n|-supereffective|p2b: Gawain\n|-damage|p2b: Gawain|0 fnt\n|faint|p2b: Gawain\n|move|p1a: mother|Drain Punch|p2a: Rueben\n|-immune|p2a: Rueben\n|move|p2a: Rueben|Knock Off|p1b: fast asf\n|-damage|p1b: fast asf|52\/100\n|-enditem|p1b: fast asf|Magnet|[from] move: Knock Off|[of] p2a: Rueben\n|\n|-heal|p1a: mother|100\/100 brn|[from] item: Leftovers\n|-heal|p2a: Rueben|92\/100|[from] item: Leftovers\n|-damage|p1a: mother|94\/100 brn|[from] brn\n|upkeep\n|inactive|DukeDevlin494 has 90 seconds left.\n|\n|t:|1700168960\n|switch|p2b: Mila|Dragonite, F, shiny|100\/100\n|turn|11\n|\n|t:|1700168977\n|move|p2a: Rueben|Encore|p1a: mother\n|-start|p1a: mother|Encore\n|move|p1b: fast asf|Thunder Cage|p2a: Rueben\n|-damage|p2a: Rueben|20\/100\n|-activate|p2a: Rueben|move: Thunder Cage|[of] p1b: fast asf\n|move|p2b: Mila|Dragon Dance|p2b: Mila\n|-boost|p2b: Mila|atk|1\n|-boost|p2b: Mila|spe|1\n|move|p1a: mother|Drain Punch|p2a: Rueben\n|-immune|p2a: Rueben\n|\n|-heal|p1a: mother|100\/100 brn|[from] item: Leftovers\n|-heal|p2a: Rueben|26\/100|[from] item: Leftovers\n|-damage|p1a: mother|94\/100 brn|[from] brn\n|-damage|p2a: Rueben|14\/100|[from] move: Thunder Cage|[partiallytrapped]\n|upkeep\n|turn|12\n|\n|t:|1700169004\n|move|p2b: Mila|Extreme Speed|p1b: fast asf\n|-damage|p1b: fast asf|0 fnt\n|faint|p1b: fast asf\n|-damage|p2b: Mila|91\/100|[from] item: Life Orb\n|move|p2a: Rueben|Recover|p2a: Rueben\n|-heal|p2a: Rueben|64\/100\n|move|p1a: mother|Drain Punch|p2b: Mila\n|-resisted|p2b: Mila\n|-damage|p2b: Mila|71\/100\n|-heal|p1a: mother|100\/100 brn|[from] drain|[of] p2b: Mila\n|\n|-heal|p2a: Rueben|70\/100|[from] item: Leftovers\n|-damage|p1a: mother|94\/100 brn|[from] brn\n|-end|p2a: Rueben|Thunder Cage|[partiallytrapped]|[silent]\n|upkeep\n|\n|t:|1700169012\n|switch|p1b: kitty|Chien-Pao|100\/100\n|-ability|p1b: kitty|Sword of Ruin\n|turn|13\n|inactive|DukeDevlin494 has 120 seconds left.\n|\n|t:|1700169039\n|-terastallize|p2b: Mila|Normal\n|move|p2b: Mila|Extreme Speed|p1b: kitty\n|-damage|p1b: kitty|0 fnt\n|faint|p1b: kitty\n|-damage|p2b: Mila|61\/100|[from] item: Life Orb\n|move|p1a: mother|Drain Punch|p2b: Mila\n|-supereffective|p2b: Mila\n|-damage|p2b: Mila|0 fnt\n|-heal|p1a: mother|100\/100 brn|[from] drain|[of] p2b: Mila\n|faint|p2b: Mila\n|move|p2a: Rueben|Knock Off|p1a: mother\n|-resisted|p1a: mother\n|-damage|p1a: mother|92\/100 brn\n|-enditem|p1a: mother|Leftovers|[from] move: Knock Off|[of] p2a: Rueben\n|\n|-heal|p2a: Rueben|76\/100|[from] item: Leftovers\n|-damage|p1a: mother|86\/100 brn|[from] brn\n|-end|p1a: mother|Encore\n|upkeep\n|inactive|DukeDevlin494 has 120 seconds left.\n|\n|t:|1700169057\n|switch|p1b: bird|Murkrow, F|35\/100\n|switch|p2b: Obsidian|Arcanine-Hisui, M|100\/100\n|-ability|p2b: Obsidian|Intimidate|boost\n|-unboost|p1a: mother|atk|1\n|-unboost|p1b: bird|atk|1\n|turn|14\n|inactive|DukeDevlin494 has 120 seconds left.\n|\n|t:|1700169081\n|move|p2b: Obsidian|Extreme Speed|p1b: bird\n|-damage|p1b: bird|7\/100\n|move|p1b: bird|Haze|p1b: bird\n|-clearallboost\n|move|p2a: Rueben|Encore|p1a: mother\n|-start|p1a: mother|Encore\n|move|p1a: mother|Drain Punch|p2b: Obsidian\n|-supereffective|p2b: Obsidian\n|-damage|p2b: Obsidian|24\/100\n|-heal|p1a: mother|100\/100 brn|[from] drain|[of] p2b: Obsidian\n|\n|-heal|p2a: Rueben|82\/100|[from] item: Leftovers\n|-damage|p1a: mother|94\/100 brn|[from] brn\n|upkeep\n|turn|15\n|inactive|DukeDevlin494 has 120 seconds left.\n|\n|t:|1700169109\n|move|p1b: bird|Tailwind|p1b: bird\n|-sidestart|p1: screaming_g0at|move: Tailwind\n|move|p1a: mother|Drain Punch|p2b: Obsidian\n|-supereffective|p2b: Obsidian\n|-damage|p2b: Obsidian|0 fnt\n|-heal|p1a: mother|100\/100 brn|[from] drain|[of] p2b: Obsidian\n|faint|p2b: Obsidian\n|move|p2a: Rueben|Knock Off|p1b: bird\n|-resisted|p1b: bird\n|-damage|p1b: bird|0 fnt\n|-enditem|p1b: bird|Eviolite|[from] move: Knock Off|[of] p2a: Rueben\n|faint|p1b: bird\n|\n|-heal|p2a: Rueben|89\/100|[from] item: Leftovers\n|-damage|p1a: mother|94\/100 brn|[from] brn\n|upkeep\n|turn|16\n|\n|t:|1700169126\n|move|p1a: mother|Drain Punch|p2a: Rueben\n|-immune|p2a: Rueben\n|move|p2a: Rueben|Knock Off|p1a: mother\n|-resisted|p1a: mother\n|-damage|p1a: mother|88\/100 brn\n|\n|-heal|p2a: Rueben|95\/100|[from] item: Leftovers\n|-damage|p1a: mother|82\/100 brn|[from] brn\n|-end|p1a: mother|Encore\n|upkeep\n|turn|17\n|\n|t:|1700169137\n|move|p2a: Rueben|Encore|p1a: mother\n|-start|p1a: mother|Encore\n|move|p1a: mother|Drain Punch|p2a: Rueben\n|-immune|p2a: Rueben\n|\n|-heal|p2a: Rueben|100\/100|[from] item: Leftovers\n|-damage|p1a: mother|75\/100 brn|[from] brn\n|upkeep\n|turn|18\n|\n|t:|1700169145\n|move|p1a: mother|Drain Punch|p2a: Rueben\n|-immune|p2a: Rueben\n|move|p2a: Rueben|Knock Off|p1a: mother\n|-resisted|p1a: mother\n|-damage|p1a: mother|69\/100 brn\n|\n|-damage|p1a: mother|63\/100 brn|[from] brn\n|-sideend|p1: screaming_g0at|move: Tailwind\n|upkeep\n|turn|19\n|\n|t:|1700169155\n|move|p1a: mother|Drain Punch|p2a: Rueben\n|-immune|p2a: Rueben\n|move|p2a: Rueben|Knock Off|p1a: mother\n|-resisted|p1a: mother\n|-damage|p1a: mother|57\/100 brn\n|\n|-damage|p1a: mother|51\/100 brn|[from] brn\n|-end|p1a: mother|Encore\n|upkeep\n|turn|20\n|\n|t:|1700169165\n|move|p1a: mother|Protect|p1a: mother\n|-singleturn|p1a: mother|Protect\n|move|p2a: Rueben|Encore|p1a: mother\n|-activate|p1a: mother|move: Protect\n|\n|-damage|p1a: mother|45\/100 brn|[from] brn\n|upkeep\n|turn|21\n|\n|t:|1700169173\n|move|p1a: mother|Protect||[still]\n|-fail|p1a: mother\n|move|p2a: Rueben|Encore|p1a: mother\n|-start|p1a: mother|Encore\n|\n|-damage|p1a: mother|39\/100 brn|[from] brn\n|upkeep\n|turn|22\n|\n|t:|1700169184\n|move|p1a: mother|Protect|p1a: mother\n|-singleturn|p1a: mother|Protect\n|move|p2a: Rueben|Knock Off|p1a: mother\n|-activate|p1a: mother|move: Protect\n|\n|-damage|p1a: mother|32\/100 brn|[from] brn\n|upkeep\n|turn|23\n|\n|t:|1700169193\n|move|p1a: mother|Protect||[still]\n|-fail|p1a: mother\n|move|p2a: Rueben|Will-O-Wisp|p1a: mother\n|-fail|p1a: mother|brn\n|\n|-damage|p1a: mother|26\/100 brn|[from] brn\n|upkeep\n|turn|24\n|\n|t:|1700169203\n|move|p1a: mother|Protect|p1a: mother\n|-singleturn|p1a: mother|Protect\n|move|p2a: Rueben|Will-O-Wisp|p1a: mother\n|-activate|p1a: mother|move: Protect\n|\n|-damage|p1a: mother|20\/100 brn|[from] brn\n|-end|p1a: mother|Encore\n|upkeep\n|turn|25\n|\n|t:|1700169212\n|move|p2a: Rueben|Encore|p1a: mother\n|-start|p1a: mother|Encore\n|move|p1a: mother|Protect||[still]\n|-fail|p1a: mother\n|\n|-damage|p1a: mother|14\/100 brn|[from] brn\n|upkeep\n|turn|26\n|\n|t:|1700169218\n|move|p1a: mother|Protect|p1a: mother\n|-singleturn|p1a: mother|Protect\n|move|p2a: Rueben|Will-O-Wisp|p1a: mother\n|-activate|p1a: mother|move: Protect\n|\n|-damage|p1a: mother|8\/100 brn|[from] brn\n|upkeep\n|turn|27\n|\n|t:|1700169227\n|move|p1a: mother|Protect||[still]\n|-fail|p1a: mother\n|move|p2a: Rueben|Knock Off|p1a: mother\n|-resisted|p1a: mother\n|-damage|p1a: mother|2\/100 brn\n|\n|-damage|p1a: mother|0 fnt|[from] brn\n|faint|p1a: mother\n|\n|win|DukeDevlin494\n|upkeep\n|raw|screaming_g0at's rating: 1227 &rarr; <strong>1196<\/strong><br \/>(-31 for losing)\n|raw|DukeDevlin494's rating: 1147 &rarr; <strong>1178<\/strong><br \/>(+31 for winning)\n|l|\u2606screaming_g0at\n","uploadtime":1700169239,"views":10,"p1id":"screamingg0at","p2id":"dukedevlin494","formatid":"gen9doublesou","rating":1178,"private":0,"password":""}