{"id":"gen9doublesou-1993444779","p1":"Prob62","p2":"conepipe","format":"[Gen 9] Doubles OU","log":"|j|\u2606Prob62\n|j|\u2606conepipe\n|t:|1700318750\n|gametype|doubles\n|player|p1|Prob62|cynthia|1459\n|player|p2|conepipe|169|1289\n|teamsize|p1|6\n|teamsize|p2|6\n|gen|9\n|tier|[Gen 9] Doubles OU\n|rated|\n|rule|Species Clause: Limit one of each Pok\u00e9mon\n|rule|OHKO Clause: OHKO moves are banned\n|rule|Evasion Moves Clause: Evasion moves are banned\n|rule|Gravity Sleep Clause: The combination of sleep-inducing moves with imperfect accuracy and Gravity or Gigantamax Orbeetle are banned\n|rule|Endless Battle Clause: Forcing endless battles is banned\n|rule|HP Percentage Mod: HP is shown in percentages\n|clearpoke\n|poke|p1|Brute Bonnet|\n|poke|p1|Chien-Pao|\n|poke|p1|Landorus-Therian, M|\n|poke|p1|Flutter Mane|\n|poke|p1|Grimmsnarl, M|\n|poke|p1|Ogerpon-Hearthflame, F|\n|poke|p2|Illumise, F|\n|poke|p2|Ogerpon-Hearthflame, F|\n|poke|p2|Lycanroc-Dusk, F|\n|poke|p2|Victreebel, F|\n|poke|p2|Chandelure, F|\n|poke|p2|Ursaluna-Bloodmoon, M|\n|teampreview\n|inactive|Battle timer is ON: inactive players will automatically lose when time's up. (requested by Prob62)\n|\n|t:|1700318784\n|start\n|switch|p1a: Grimmsnarl|Grimmsnarl, M|100\/100\n|switch|p1b: Flutter Mane|Flutter Mane|100\/100\n|switch|p2a: Illumise|Illumise, F|100\/100\n|switch|p2b: Lycanroc|Lycanroc-Dusk, F|100\/100\n|-enditem|p1b: Flutter Mane|Booster Energy\n|-activate|p1b: Flutter Mane|ability: Protosynthesis|[fromitem]\n|-start|p1b: Flutter Mane|protosynthesisspe\n|turn|1\n|\n|t:|1700318796\n|move|p2a: Illumise|Tailwind|p2a: Illumise\n|-sidestart|p2: conepipe|move: Tailwind\n|move|p1a: Grimmsnarl|Reflect|p1a: Grimmsnarl\n|-sidestart|p1: Prob62|Reflect\n|move|p2b: Lycanroc|Rock Slide|p1b: Flutter Mane|[spread] p1a,p1b\n|-damage|p1a: Grimmsnarl|67\/100\n|-damage|p1b: Flutter Mane|38\/100\n|move|p1b: Flutter Mane|Dazzling Gleam|p2b: Lycanroc|[spread] p2a,p2b\n|-damage|p2a: Illumise|61\/100\n|-damage|p2b: Lycanroc|43\/100\n|\n|upkeep\n|turn|2\n|\n|t:|1700318809\n|move|p2a: Illumise|Sunny Day|p2a: Illumise\n|-weather|SunnyDay\n|move|p1a: Grimmsnarl|Parting Shot|p2b: Lycanroc\n|-unboost|p2b: Lycanroc|atk|1\n|-unboost|p2b: Lycanroc|spa|1\n|\n|t:|1700318814\n|switch|p1a: Landorus|Landorus-Therian, M|100\/100|[from] Parting Shot\n|-ability|p1a: Landorus|Intimidate|boost\n|-unboost|p2a: Illumise|atk|1\n|-unboost|p2b: Lycanroc|atk|1\n|move|p2b: Lycanroc|Rock Slide|p1b: Flutter Mane|[spread] p1a,p1b\n|-damage|p1a: Landorus|81\/100\n|-damage|p1b: Flutter Mane|3\/100\n|cant|p1b: Flutter Mane|flinch\n|\n|-weather|SunnyDay|[upkeep]\n|upkeep\n|turn|3\n|c|\u2606Prob62|come on\n|\n|t:|1700318831\n|switch|p2a: Ursaluna|Ursaluna-Bloodmoon, M|100\/100\n|move|p1b: Flutter Mane|Protect|p1b: Flutter Mane\n|-singleturn|p1b: Flutter Mane|Protect\n|move|p2b: Lycanroc|Rock Slide|p1b: Flutter Mane|[spread] p1a\n|-activate|p1b: Flutter Mane|move: Protect\n|-damage|p1a: Landorus|64\/100\n|cant|p1a: Landorus|flinch\n|\n|-weather|SunnyDay|[upkeep]\n|upkeep\n|turn|4\n|n|!Prob62|prob62\n|\n|t:|1700318855\n|-end|p1b: Flutter Mane|Protosynthesis|[silent]\n|switch|p1b: Grimmsnarl|Grimmsnarl, M|67\/100\n|move|p1a: Landorus|Protect|p1a: Landorus\n|-singleturn|p1a: Landorus|Protect\n|move|p2b: Lycanroc|Rock Slide|p1b: Grimmsnarl|[spread] p1b\n|-activate|p1a: Landorus|move: Protect\n|-damage|p1b: Grimmsnarl|49\/100\n|move|p2a: Ursaluna|Moonblast|p1b: Grimmsnarl\n|-supereffective|p1b: Grimmsnarl\n|-damage|p1b: Grimmsnarl|0 fnt\n|faint|p1b: Grimmsnarl\n|\n|-weather|SunnyDay|[upkeep]\n|-sideend|p2: conepipe|move: Tailwind\n|upkeep\n|\n|t:|1700318866\n|switch|p1b: Flutter Mane|Flutter Mane|3\/100\n|-activate|p1b: Flutter Mane|ability: Protosynthesis\n|-start|p1b: Flutter Mane|protosynthesisspe\n|turn|5\n|\n|t:|1700318874\n|switch|p2a: Ogerpon|Ogerpon-Hearthflame, F|100\/100\n|-ability|p2a: Ogerpon|Mold Breaker\n|move|p1b: Flutter Mane|Dazzling Gleam|p2b: Lycanroc|[spread] p2a,p2b\n|-resisted|p2a: Ogerpon\n|-damage|p2a: Ogerpon|83\/100\n|-damage|p2b: Lycanroc|0 fnt\n|faint|p2b: Lycanroc\n|move|p1a: Landorus|Stomping Tantrum|p2a: Ogerpon\n|-damage|p2a: Ogerpon|6\/100\n|-damage|p1a: Landorus|54\/100|[from] item: Life Orb\n|\n|-weather|SunnyDay|[upkeep]\n|upkeep\n|\n|t:|1700318880\n|switch|p2b: Illumise|Illumise, F|61\/100\n|turn|6\n|\n|t:|1700318891\n|move|p1b: Flutter Mane|Protect|p1b: Flutter Mane\n|-singleturn|p1b: Flutter Mane|Protect\n|move|p2b: Illumise|Tailwind|p2b: Illumise\n|-sidestart|p2: conepipe|move: Tailwind\n|move|p2a: Ogerpon|Ivy Cudgel|p1b: Flutter Mane|[anim] Ivy Cudgel Fire\n|-activate|p1b: Flutter Mane|move: Protect\n|move|p1a: Landorus|U-turn|p2a: Ogerpon\n|-damage|p2a: Ogerpon|0 fnt\n|faint|p2a: Ogerpon\n|-damage|p1a: Landorus|44\/100|[from] item: Life Orb\n|\n|t:|1700318902\n|switch|p1a: Brute Bonnet|Brute Bonnet|100\/100|[from] U-turn\n|-activate|p1a: Brute Bonnet|ability: Protosynthesis\n|-start|p1a: Brute Bonnet|protosynthesisspd\n|\n|-weather|none\n|-end|p1b: Flutter Mane|Protosynthesis\n|-end|p1a: Brute Bonnet|Protosynthesis\n|upkeep\n|\n|t:|1700318908\n|switch|p2a: Chandelure|Chandelure, F|100\/100\n|turn|7\n|\n|t:|1700318917\n|-end|p1b: Flutter Mane|Protosynthesis|[silent]\n|switch|p1b: Landorus|Landorus-Therian, M|44\/100\n|-ability|p1b: Landorus|Intimidate|boost\n|-unboost|p2a: Chandelure|atk|1\n|-unboost|p2b: Illumise|atk|1\n|-terastallize|p2a: Chandelure|Grass\n|move|p2b: Illumise|Sunny Day|p2b: Illumise\n|-weather|SunnyDay\n|-activate|p1a: Brute Bonnet|ability: Protosynthesis\n|-start|p1a: Brute Bonnet|protosynthesisspd\n|move|p2a: Chandelure|Heat Wave|p1a: Brute Bonnet|[spread] p1a,p1b\n|-supereffective|p1a: Brute Bonnet\n|-crit|p1a: Brute Bonnet\n|-damage|p1a: Brute Bonnet|14\/100\n|-damage|p1b: Landorus|0 fnt\n|-status|p1a: Brute Bonnet|brn\n|faint|p1b: Landorus\n|move|p1a: Brute Bonnet|Spore|p2a: Chandelure\n|-immune|p2a: Chandelure\n|\n|-weather|SunnyDay|[upkeep]\n|-heal|p1a: Brute Bonnet|20\/100 brn|[from] item: Leftovers\n|-damage|p1a: Brute Bonnet|14\/100 brn|[from] brn\n|upkeep\n|\n|t:|1700318938\n|switch|p1b: Chien-Pao|Chien-Pao|100\/100\n|-ability|p1b: Chien-Pao|Sword of Ruin\n|turn|8\n|\n|t:|1700318946\n|move|p2b: Illumise|Charm|p1b: Chien-Pao\n|-hint|Since gen 7, Dark is immune to Prankster moves.\n|-immune|p1b: Chien-Pao\n|move|p1a: Brute Bonnet|Sucker Punch|p2a: Chandelure\n|-damage|p2a: Chandelure|75\/100\n|move|p2a: Chandelure|Heat Wave|p1b: Chien-Pao|[spread] p1b\n|-miss|p2a: Chandelure|p1a: Brute Bonnet\n|-supereffective|p1b: Chien-Pao\n|-enditem|p1b: Chien-Pao|Focus Sash\n|-damage|p1b: Chien-Pao|1\/100\n|move|p1b: Chien-Pao|Ice Spinner|p2a: Chandelure\n|-supereffective|p2a: Chandelure\n|-damage|p2a: Chandelure|0 fnt\n|faint|p2a: Chandelure\n|\n|-weather|SunnyDay|[upkeep]\n|-heal|p1a: Brute Bonnet|20\/100 brn|[from] item: Leftovers\n|-damage|p1a: Brute Bonnet|14\/100 brn|[from] brn\n|-sideend|p1: Prob62|Reflect\n|upkeep\n|\n|t:|1700318952\n|switch|p2a: Ursaluna|Ursaluna-Bloodmoon, M|100\/100\n|turn|9\n|\n|t:|1700318973\n|move|p2b: Illumise|Struggle Bug|p1b: Chien-Pao|[spread] p1a,p1b\n|-supereffective|p1a: Brute Bonnet\n|-supereffective|p1b: Chien-Pao\n|-damage|p1a: Brute Bonnet|0 fnt\n|-damage|p1b: Chien-Pao|0 fnt\n|faint|p1a: Brute Bonnet\n|-end|p1a: Brute Bonnet|Protosynthesis|[silent]\n|faint|p1b: Chien-Pao\n|move|p2a: Ursaluna|Hyper Voice|p1: Brute Bonnet|[notarget]\n|-fail|p2a: Ursaluna\n|\n|-weather|SunnyDay|[upkeep]\n|-sideend|p2: conepipe|move: Tailwind\n|upkeep\n|\n|t:|1700318981\n|switch|p1b: Ogerpon|Ogerpon-Hearthflame, F|100\/100\n|switch|p1a: Flutter Mane|Flutter Mane|3\/100\n|-activate|p1a: Flutter Mane|ability: Protosynthesis\n|-start|p1a: Flutter Mane|protosynthesisspe\n|-ability|p1b: Ogerpon|Mold Breaker\n|turn|10\n|\n|t:|1700318993\n|-terastallize|p1b: Ogerpon|Fire\n|detailschange|p1b: Ogerpon|Ogerpon-Hearthflame-Tera, F, tera:Fire\n|-ability|p1b: Ogerpon|Embody Aspect (Hearthflame)|boost\n|-boost|p1b: Ogerpon|atk|1\n|move|p2b: Illumise|Tailwind|p2b: Illumise\n|-sidestart|p2: conepipe|move: Tailwind\n|move|p1a: Flutter Mane|Shadow Ball|p2b: Illumise\n|-damage|p2b: Illumise|8\/100\n|move|p2a: Ursaluna|Blood Moon|p1b: Ogerpon\n|-damage|p1b: Ogerpon|7\/100\n|move|p1b: Ogerpon|Ivy Cudgel|p2a: Ursaluna|[anim] Ivy Cudgel Fire\n|-damage|p2a: Ursaluna|0 fnt\n|faint|p2a: Ursaluna\n|\n|-weather|SunnyDay|[upkeep]\n|upkeep\n|\n|t:|1700318999\n|switch|p2a: Victreebel|Victreebel, F|100\/100\n|turn|11\n|\n|t:|1700319013\n|move|p2a: Victreebel|Protect|p2a: Victreebel\n|-singleturn|p2a: Victreebel|Protect\n|move|p1b: Ogerpon|Spiky Shield|p1b: Ogerpon\n|-singleturn|p1b: Ogerpon|move: Protect\n|move|p1a: Flutter Mane|Dazzling Gleam|p2a: Victreebel|[spread] p2b\n|-activate|p2a: Victreebel|move: Protect\n|-damage|p2b: Illumise|0 fnt\n|faint|p2b: Illumise\n|\n|-weather|none\n|-end|p1a: Flutter Mane|Protosynthesis\n|upkeep\n|turn|12\n|\n|t:|1700319034\n|move|p2a: Victreebel|Sludge Bomb|p1b: Ogerpon\n|-damage|p1b: Ogerpon|0 fnt\n|faint|p1b: Ogerpon\n|-damage|p2a: Victreebel|91\/100|[from] item: Life Orb\n|move|p1a: Flutter Mane|Shadow Ball|p2a: Victreebel\n|-damage|p2a: Victreebel|36\/100\n|\n|upkeep\n|turn|13\n|\n|t:|1700319043\n|move|p1a: Flutter Mane|Protect|p1a: Flutter Mane\n|-singleturn|p1a: Flutter Mane|Protect\n|move|p2a: Victreebel|Sludge Bomb|p1a: Flutter Mane\n|-activate|p1a: Flutter Mane|move: Protect\n|\n|-sideend|p2: conepipe|move: Tailwind\n|upkeep\n|turn|14\n|\n|t:|1700319049\n|move|p1a: Flutter Mane|Shadow Ball|p2a: Victreebel\n|-damage|p2a: Victreebel|0 fnt\n|faint|p2a: Victreebel\n|\n|win|Prob62\n|raw|Prob62's rating: 1459 &rarr; <strong>1470<\/strong><br \/>(+11 for winning)\n|raw|conepipe's rating: 1289 &rarr; <strong>1275<\/strong><br \/>(-14 for losing)\n","uploadtime":1700318844,"views":5,"p1id":"prob62","p2id":"conepipe","formatid":"gen9doublesou","rating":1275,"private":0,"password":""}