{"id":"gen9doublesou-1968787969","p1":"PinkBeachBoy","p2":"Sargenbob","format":"[Gen 9] Doubles OU","log":"|j|\u2606PinkBeachBoy\n|j|\u2606Sargenbob\n|t:|1697464777\n|gametype|doubles\n|player|p1|PinkBeachBoy|gentleman-gen4dp|1124\n|player|p2|Sargenbob|red|1090\n|teamsize|p1|6\n|teamsize|p2|6\n|gen|9\n|tier|[Gen 9] Doubles OU\n|rated|\n|rule|Species Clause: Limit one of each Pok\u00e9mon\n|rule|OHKO Clause: OHKO moves are banned\n|rule|Evasion Moves Clause: Evasion moves are banned\n|rule|Gravity Sleep Clause: The combination of sleep-inducing moves with imperfect accuracy and Gravity or Gigantamax Orbeetle are banned\n|rule|Endless Battle Clause: Forcing endless battles is banned\n|rule|HP Percentage Mod: HP is shown in percentages\n|clearpoke\n|poke|p1|Baxcalibur, M|\n|poke|p1|Abomasnow, M|\n|poke|p1|Sableye, F|\n|poke|p1|Slowking, M|\n|poke|p1|Chien-Pao|\n|poke|p1|Gholdengo|\n|poke|p2|Torkoal, F|\n|poke|p2|Ceruledge, F|\n|poke|p2|Great Tusk|\n|poke|p2|Flutter Mane|\n|poke|p2|Walking Wake|\n|poke|p2|Murkrow, M|\n|teampreview\n|inactive|Battle timer is ON: inactive players will automatically lose when time's up. (requested by Sargenbob)\n|\n|t:|1697464801\n|start\n|switch|p1a: Abomasnow|Abomasnow, M|100\/100\n|switch|p1b: Slowking|Slowking, M, shiny|100\/100\n|switch|p2a: Rafael|Torkoal, F, shiny|100\/100\n|switch|p2b: Pyro|Walking Wake|100\/100\n|-weather|Snow|[from] ability: Snow Warning|[of] p1a: Abomasnow\n|-weather|SunnyDay|[from] ability: Drought|[of] p2a: Rafael\n|-activate|p2b: Pyro|ability: Protosynthesis\n|-start|p2b: Pyro|protosynthesisspe\n|turn|1\n|\n|t:|1697464824\n|move|p1a: Abomasnow|Protect|p1a: Abomasnow\n|-singleturn|p1a: Abomasnow|Protect\n|move|p2b: Pyro|Draco Meteor|p1b: Slowking\n|-damage|p1b: Slowking|48\/100\n|-unboost|p2b: Pyro|spa|2\n|move|p1b: Slowking|Surf|p2a: Rafael|[spread] p2a,p2b\n|-activate|p1a: Abomasnow|move: Protect\n|-supereffective|p2a: Rafael\n|-resisted|p2b: Pyro\n|-damage|p2a: Rafael|72\/100\n|-damage|p2b: Pyro|97\/100\n|move|p2a: Rafael|Eruption|p1a: Abomasnow|[spread] p1b\n|-activate|p1a: Abomasnow|move: Protect\n|-resisted|p1b: Slowking\n|-damage|p1b: Slowking|29\/100\n|\n|-weather|SunnyDay|[upkeep]\n|-heal|p1b: Slowking|35\/100|[from] item: Leftovers\n|upkeep\n|turn|2\n|inactive|PinkBeachBoy has 120 seconds left.\n|\n|t:|1697464859\n|move|p2b: Pyro|Draco Meteor|p1b: Slowking\n|-crit|p1b: Slowking\n|-damage|p1b: Slowking|0 fnt\n|-unboost|p2b: Pyro|spa|2\n|faint|p1b: Slowking\n|move|p1a: Abomasnow|Energy Ball|p2b: Pyro\n|-damage|p2b: Pyro|62\/100\n|move|p2a: Rafael|Eruption|p1a: Abomasnow\n|-supereffective|p1a: Abomasnow\n|-damage|p1a: Abomasnow|0 fnt\n|faint|p1a: Abomasnow\n|\n|-weather|SunnyDay|[upkeep]\n|upkeep\n|inactive|PinkBeachBoy has 120 seconds left.\n|\n|t:|1697464881\n|switch|p1a: Sableye|Sableye, F|100\/100\n|switch|p1b: Baxcalibur|Baxcalibur, M|100\/100\n|turn|3\n|\n|t:|1697464897\n|-end|p2b: Pyro|Protosynthesis|[silent]\n|switch|p2b: Dumbo|Great Tusk|100\/100\n|-activate|p2b: Dumbo|ability: Protosynthesis\n|-start|p2b: Dumbo|protosynthesisatk\n|move|p1a: Sableye|Fake Out|p2a: Rafael\n|-damage|p2a: Rafael|67\/100\n|move|p1b: Baxcalibur|Icicle Spear|p2b: Dumbo\n|-supereffective|p2b: Dumbo\n|-damage|p2b: Dumbo|82\/100\n|-supereffective|p2b: Dumbo\n|-damage|p2b: Dumbo|63\/100\n|-supereffective|p2b: Dumbo\n|-damage|p2b: Dumbo|41\/100\n|-supereffective|p2b: Dumbo\n|-damage|p2b: Dumbo|20\/100\n|-hitcount|p2b: Dumbo|4\n|cant|p2a: Rafael|flinch\n|\n|-weather|SunnyDay|[upkeep]\n|upkeep\n|turn|4\n|\n|t:|1697464920\n|move|p1a: Sableye|Disable|p2a: Rafael\n|-start|p2a: Rafael|Disable|Eruption\n|move|p1b: Baxcalibur|Icicle Spear|p2b: Dumbo\n|-supereffective|p2b: Dumbo\n|-damage|p2b: Dumbo|0 fnt\n|faint|p2b: Dumbo\n|-end|p2b: Dumbo|Protosynthesis|[silent]\n|-hitcount|p2: Dumbo|1\n|cant|p2a: Rafael|Disable|Eruption\n|\n|-weather|SunnyDay|[upkeep]\n|upkeep\n|\n|t:|1697464927\n|switch|p2b: Pyro|Walking Wake|62\/100\n|-activate|p2b: Pyro|ability: Protosynthesis\n|-start|p2b: Pyro|protosynthesisspe\n|turn|5\n|\n|t:|1697464940\n|move|p1a: Sableye|Thunder Wave|p2a: Rafael\n|-status|p2a: Rafael|par\n|move|p2b: Pyro|Draco Meteor|p1b: Baxcalibur|[miss]\n|-miss|p2b: Pyro|p1b: Baxcalibur\n|move|p1b: Baxcalibur|Icicle Spear|p2b: Pyro\n|-damage|p2b: Pyro|46\/100\n|-damage|p2b: Pyro|31\/100\n|-damage|p2b: Pyro|16\/100\n|-damage|p2b: Pyro|1\/100\n|-hitcount|p2b: Pyro|4\n|move|p2a: Rafael|Heat Wave|p1b: Baxcalibur|[spread] p1a,p1b\n|-damage|p1a: Sableye|30\/100\n|-damage|p1b: Baxcalibur|47\/100\n|-status|p1a: Sableye|brn\n|-ability|p1b: Baxcalibur|Thermal Exchange|boost\n|-boost|p1b: Baxcalibur|atk|1\n|\n|-weather|none\n|-end|p2b: Pyro|Protosynthesis\n|-damage|p1a: Sableye|24\/100 brn|[from] brn\n|upkeep\n|turn|6\n|\n|t:|1697464962\n|move|p2a: Rafael|Protect|p2a: Rafael\n|-singleturn|p2a: Rafael|Protect\n|move|p1a: Sableye|Fake Out||[still]\n|-hint|Fake Out only works on your first turn out.\n|-fail|p1a: Sableye\n|move|p2b: Pyro|Draco Meteor|p1b: Baxcalibur\n|-supereffective|p1b: Baxcalibur\n|-damage|p1b: Baxcalibur|0 fnt\n|-unboost|p2b: Pyro|spa|2\n|faint|p1b: Baxcalibur\n|\n|-damage|p1a: Sableye|18\/100 brn|[from] brn\n|upkeep\n|\n|t:|1697464973\n|switch|p1b: Chien-Pao|Chien-Pao|100\/100\n|-ability|p1b: Chien-Pao|Sword of Ruin\n|turn|7\n|\n|t:|1697464990\n|-end|p2b: Pyro|Protosynthesis|[silent]\n|switch|p2b: Casper|Flutter Mane|100\/100\n|move|p1b: Chien-Pao|Sucker Punch|p2a: Rafael\n|-damage|p2a: Rafael|20\/100 par\n|-damage|p1b: Chien-Pao|91\/100|[from] item: Life Orb\n|move|p1a: Sableye|Foul Play|p2b: Casper\n|-damage|p2b: Casper|84\/100\n|move|p2a: Rafael|Heat Wave|p1a: Sableye|[spread] p1a,p1b\n|-supereffective|p1b: Chien-Pao\n|-damage|p1a: Sableye|0 fnt\n|-damage|p1b: Chien-Pao|0 fnt\n|faint|p1a: Sableye\n|faint|p1b: Chien-Pao\n|\n|-end|p2a: Rafael|Disable\n|upkeep\n|\n|t:|1697465005\n|switch|p1b: Gholdengo|Gholdengo, shiny|100\/100\n|turn|8\n|\n|t:|1697465010\n|move|p2b: Casper|Shadow Ball|p1b: Gholdengo\n|-supereffective|p1b: Gholdengo\n|-damage|p1b: Gholdengo|12\/100\n|move|p1b: Gholdengo|Make It Rain|p2a: Rafael|[spread] p2a,p2b\n|-resisted|p2a: Rafael\n|-supereffective|p2b: Casper\n|-damage|p2a: Rafael|0 fnt\n|-damage|p2b: Casper|0 fnt\n|-unboost|p1b: Gholdengo|spa|1\n|faint|p2a: Rafael\n|faint|p2b: Casper\n|-end|p2b: Casper|Protosynthesis|[silent]\n|\n|upkeep\n|\n|t:|1697465020\n|switch|p2b: Excalibur|Ceruledge, F|100\/100\n|switch|p2a: \u6232\u78bc\u70ba\u81ea\u5df1|Murkrow, M, shiny|100\/100\n|turn|9\n|\n|t:|1697465032\n|move|p2a: \u6232\u78bc\u70ba\u81ea\u5df1|Tailwind|p2a: \u6232\u78bc\u70ba\u81ea\u5df1\n|-sidestart|p2: Sargenbob|move: Tailwind\n|move|p2b: Excalibur|Bitter Blade|p1b: Gholdengo\n|-supereffective|p1b: Gholdengo\n|-damage|p1b: Gholdengo|0 fnt\n|faint|p1b: Gholdengo\n|\n|win|Sargenbob\n|raw|PinkBeachBoy's rating: 1124 &rarr; <strong>1097<\/strong><br \/>(-27 for losing)\n|raw|Sargenbob's rating: 1090 &rarr; <strong>1119<\/strong><br \/>(+29 for winning)\n|c|\u2606Sargenbob|gg\n","uploadtime":1697465040,"views":18,"p1id":"pinkbeachboy","p2id":"sargenbob","formatid":"gen9doublesou","rating":1097,"private":0,"password":""}