{"id":"gen9doublesou-1997691131","p1":"BBFLEUR32","p2":"Osvalduquii","format":"[Gen 9] Doubles OU","log":"|j|\u2606BBFLEUR32\n|j|\u2606Osvalduquii\n|t:|1700842257\n|gametype|doubles\n|player|p1|BBFLEUR32|1|1183\n|player|p2|Osvalduquii|101|1060\n|teamsize|p1|6\n|teamsize|p2|6\n|gen|9\n|tier|[Gen 9] Doubles OU\n|rated|\n|rule|Species Clause: Limit one of each Pok\u00e9mon\n|rule|OHKO Clause: OHKO moves are banned\n|rule|Evasion Moves Clause: Evasion moves are banned\n|rule|Gravity Sleep Clause: The combination of sleep-inducing moves with imperfect accuracy and Gravity or Gigantamax Orbeetle are banned\n|rule|Endless Battle Clause: Forcing endless battles is banned\n|rule|HP Percentage Mod: HP is shown in percentages\n|clearpoke\n|poke|p1|Torkoal, F|\n|poke|p1|Great Tusk|\n|poke|p1|Walking Wake|\n|poke|p1|Hatterene, F|\n|poke|p1|Iron Moth|\n|poke|p1|Rillaboom, F|\n|poke|p2|Meowscarada, F|\n|poke|p2|Blissey, F|\n|poke|p2|Milotic, F|\n|poke|p2|Goodra-Hisui, F|\n|poke|p2|Florges, F|\n|poke|p2|Ursaluna, F|\n|teampreview\n|inactive|Battle timer is ON: inactive players will automatically lose when time's up. (requested by BBFLEUR32)\n|\n|t:|1700842275\n|start\n|switch|p1a: Torkoal|Torkoal, F, shiny|100\/100\n|switch|p1b: Rillaboom|Rillaboom, F|100\/100\n|switch|p2a: Milotic|Milotic, F, shiny|100\/100\n|switch|p2b: Ursaluna|Ursaluna, F|100\/100\n|-fieldstart|move: Grassy Terrain|[from] ability: Grassy Surge|[of] p1b: Rillaboom\n|-weather|SunnyDay|[from] ability: Drought|[of] p1a: Torkoal\n|turn|1\n|\n|t:|1700842289\n|move|p2b: Ursaluna|Protect|p2b: Ursaluna\n|-singleturn|p2b: Ursaluna|Protect\n|move|p1b: Rillaboom|Grassy Glide|p2a: Milotic\n|-supereffective|p2a: Milotic\n|-damage|p2a: Milotic|0 fnt\n|faint|p2a: Milotic\n|move|p1a: Torkoal|Stealth Rock|p2b: Ursaluna\n|-sidestart|p2: Osvalduquii|move: Stealth Rock\n|\n|-weather|SunnyDay|[upkeep]\n|-status|p2b: Ursaluna|brn|[from] item: Flame Orb\n|upkeep\n|\n|t:|1700842303\n|switch|p2a: Goodra|Goodra-Hisui, F|100\/100\n|-damage|p2a: Goodra|95\/100|[from] Stealth Rock\n|turn|2\n|\n|t:|1700842317\n|-terastallize|p2b: Ursaluna|Fairy\n|move|p1b: Rillaboom|Grassy Glide|p2a: Goodra\n|-ability|p2a: Goodra|Sap Sipper|boost\n|-boost|p2a: Goodra|atk|1\n|move|p2a: Goodra|Shelter|p2a: Goodra\n|-boost|p2a: Goodra|def|2\n|move|p2b: Ursaluna|Facade|p1b: Rillaboom\n|-damage|p1b: Rillaboom|0 fnt\n|faint|p1b: Rillaboom\n|move|p1a: Torkoal|Flamethrower|p2a: Goodra\n|-damage|p2a: Goodra|64\/100\n|\n|-weather|SunnyDay|[upkeep]\n|-heal|p2a: Goodra|70\/100|[from] Grassy Terrain\n|-damage|p2b: Ursaluna|94\/100 brn|[from] brn\n|upkeep\n|\n|t:|1700842332\n|switch|p1b: Walking Wake|Walking Wake|100\/100\n|-activate|p1b: Walking Wake|ability: Protosynthesis\n|-start|p1b: Walking Wake|protosynthesisspe\n|turn|3\n|\n|t:|1700842346\n|move|p1b: Walking Wake|Hydro Steam|p2b: Ursaluna\n|-damage|p2b: Ursaluna|0 fnt\n|faint|p2b: Ursaluna\n|move|p2a: Goodra|Body Press|p1a: Torkoal\n|-damage|p1a: Torkoal|61\/100\n|move|p1a: Torkoal|Flamethrower|p2a: Goodra\n|-damage|p2a: Goodra|44\/100\n|\n|-weather|SunnyDay|[upkeep]\n|-heal|p2a: Goodra|50\/100|[from] Grassy Terrain\n|-heal|p1a: Torkoal|67\/100|[from] Grassy Terrain\n|upkeep\n|\n|t:|1700842359\n|switch|p2b: Blissey|Blissey, F|100\/100\n|-damage|p2b: Blissey|88\/100|[from] Stealth Rock\n|turn|4\n|\n|t:|1700842367\n|move|p1b: Walking Wake|Hydro Steam|p2b: Blissey\n|-damage|p2b: Blissey|62\/100\n|move|p2a: Goodra|Body Press|p1a: Torkoal\n|-damage|p1a: Torkoal|29\/100\n|move|p2b: Blissey|Heal Pulse|p2a: Goodra\n|-heal|p2a: Goodra|99\/100\n|move|p1a: Torkoal|Flamethrower|p2b: Blissey\n|-damage|p2b: Blissey|50\/100\n|-status|p2b: Blissey|brn\n|\n|-weather|SunnyDay|[upkeep]\n|-heal|p2a: Goodra|100\/100|[from] Grassy Terrain\n|-heal|p2b: Blissey|56\/100 brn|[from] Grassy Terrain\n|-heal|p2b: Blissey|62\/100 brn|[from] item: Leftovers\n|-heal|p1a: Torkoal|35\/100|[from] Grassy Terrain\n|-damage|p2b: Blissey|56\/100 brn|[from] brn\n|upkeep\n|turn|5\n|\n|t:|1700842389\n|switch|p1a: Great Tusk|Great Tusk|100\/100\n|-activate|p1a: Great Tusk|ability: Protosynthesis\n|-start|p1a: Great Tusk|protosynthesisspe\n|move|p1b: Walking Wake|Hydro Steam|p2a: Goodra\n|-resisted|p2a: Goodra\n|-damage|p2a: Goodra|70\/100\n|move|p2a: Goodra|Body Press|p1a: Great Tusk\n|-damage|p1a: Great Tusk|70\/100\n|move|p2b: Blissey|Soft-Boiled|p2b: Blissey\n|-heal|p2b: Blissey|100\/100 brn\n|\n|-weather|SunnyDay|[upkeep]\n|-heal|p1a: Great Tusk|77\/100|[from] Grassy Terrain\n|-heal|p1a: Great Tusk|83\/100|[from] item: Leftovers\n|-heal|p2a: Goodra|76\/100|[from] Grassy Terrain\n|-damage|p2b: Blissey|94\/100 brn|[from] brn\n|-fieldend|move: Grassy Terrain\n|upkeep\n|turn|6\n|inactive|Osvalduquii has 120 seconds left.\n|\n|t:|1700842420\n|-curestatus|p2b: Blissey|brn|[from] ability: Natural Cure\n|switch|p2b: Meowscarada|Meowscarada, F|100\/100\n|-damage|p2b: Meowscarada|88\/100|[from] Stealth Rock\n|move|p1b: Walking Wake|Hydro Steam|p2a: Goodra\n|-resisted|p2a: Goodra\n|-damage|p2a: Goodra|47\/100\n|move|p1a: Great Tusk|Headlong Rush|p2b: Meowscarada\n|-resisted|p2b: Meowscarada\n|-damage|p2b: Meowscarada|45\/100\n|-unboost|p1a: Great Tusk|def|1\n|-unboost|p1a: Great Tusk|spd|1\n|move|p2a: Goodra|Ice Spinner|p1a: Great Tusk\n|-supereffective|p1a: Great Tusk\n|-damage|p1a: Great Tusk|28\/100\n|\n|-weather|SunnyDay|[upkeep]\n|-heal|p1a: Great Tusk|34\/100|[from] item: Leftovers\n|-heal|p2b: Meowscarada|51\/100|[from] item: Leftovers\n|upkeep\n|turn|7\n|\n|t:|1700842444\n|move|p1b: Walking Wake|Hydro Steam|p2a: Goodra\n|-resisted|p2a: Goodra\n|-damage|p2a: Goodra|18\/100\n|move|p1a: Great Tusk|Ice Spinner|p2b: Meowscarada\n|-supereffective|p2b: Meowscarada\n|-damage|p2b: Meowscarada|0 fnt\n|faint|p2b: Meowscarada\n|move|p2a: Goodra|Ice Spinner|p1a: Great Tusk\n|-supereffective|p1a: Great Tusk\n|-damage|p1a: Great Tusk|0 fnt\n|faint|p1a: Great Tusk\n|-end|p1a: Great Tusk|Protosynthesis|[silent]\n|\n|-weather|SunnyDay|[upkeep]\n|upkeep\n|\n|t:|1700842457\n|switch|p2b: Blissey|Blissey, F|94\/100\n|switch|p1a: Iron Moth|Iron Moth|100\/100\n|-damage|p2b: Blissey|82\/100|[from] Stealth Rock\n|-enditem|p1a: Iron Moth|Booster Energy\n|-activate|p1a: Iron Moth|ability: Quark Drive|[fromitem]\n|-start|p1a: Iron Moth|quarkdrivespe\n|turn|8\n|\n|t:|1700842476\n|-terastallize|p1a: Iron Moth|Ghost\n|move|p1a: Iron Moth|Fiery Dance|p2b: Blissey\n|-damage|p2b: Blissey|65\/100\n|-boost|p1a: Iron Moth|spa|1\n|move|p1b: Walking Wake|Hydro Steam|p2b: Blissey\n|-damage|p2b: Blissey|39\/100\n|move|p2a: Goodra|Life Dew|p2a: Goodra|[spread] p2a,p2b\n|-heal|p2a: Goodra|43\/100\n|-heal|p2b: Blissey|64\/100\n|move|p2b: Blissey|Soft-Boiled|p2b: Blissey\n|-heal|p2b: Blissey|100\/100\n|\n|-weather|none\n|-end|p1b: Walking Wake|Protosynthesis\n|upkeep\n|turn|9\n|\n|t:|1700842497\n|move|p1a: Iron Moth|Fiery Dance|p2b: Blissey\n|-damage|p2b: Blissey|83\/100\n|-boost|p1a: Iron Moth|spa|1\n|move|p1b: Walking Wake|Hydro Steam|p2b: Blissey\n|-damage|p2b: Blissey|66\/100\n|move|p2a: Goodra|Body Press|p1b: Walking Wake\n|-damage|p1b: Walking Wake|43\/100\n|move|p2b: Blissey|Heal Pulse|p2a: Goodra\n|-heal|p2a: Goodra|93\/100\n|\n|-heal|p2b: Blissey|72\/100|[from] item: Leftovers\n|upkeep\n|turn|10\n|\n|t:|1700842515\n|move|p1a: Iron Moth|Fiery Dance|p2b: Blissey\n|-damage|p2b: Blissey|49\/100\n|-boost|p1a: Iron Moth|spa|1\n|move|p1b: Walking Wake|Hydro Steam|p2b: Blissey\n|-damage|p2b: Blissey|30\/100\n|move|p2a: Goodra|Body Press|p1b: Walking Wake\n|-damage|p1b: Walking Wake|0 fnt\n|faint|p1b: Walking Wake\n|-end|p1b: Walking Wake|Protosynthesis|[silent]\n|move|p2b: Blissey|Soft-Boiled|p2b: Blissey\n|-heal|p2b: Blissey|80\/100\n|\n|-heal|p2b: Blissey|86\/100|[from] item: Leftovers\n|upkeep\n|\n|t:|1700842529\n|switch|p1b: Hatterene|Hatterene, F|100\/100\n|turn|11\n|\n|t:|1700842535\n|move|p1a: Iron Moth|Fiery Dance|p2b: Blissey\n|-damage|p2b: Blissey|57\/100\n|-boost|p1a: Iron Moth|spa|1\n|move|p2a: Goodra|Ice Spinner|p1a: Iron Moth\n|-damage|p1a: Iron Moth|58\/100\n|move|p2b: Blissey|Soft-Boiled|p2b: Blissey\n|-heal|p2b: Blissey|100\/100\n|move|p1b: Hatterene|Healing Wish|p1b: Hatterene\n|faint|p1b: Hatterene\n|\n|upkeep\n|\n|t:|1700842545\n|switch|p1b: Torkoal|Torkoal, F, shiny|35\/100\n|-heal|p1b: Torkoal|100\/100|[from] move: Healing Wish\n|-weather|SunnyDay|[from] ability: Drought|[of] p1b: Torkoal\n|turn|12\n|\n|t:|1700842554\n|move|p1a: Iron Moth|Fiery Dance|p2a: Goodra\n|-damage|p2a: Goodra|0 fnt\n|faint|p2a: Goodra\n|move|p2b: Blissey|Soft-Boiled||[still]\n|-fail|p2b: Blissey|heal\n|move|p1b: Torkoal|Yawn|p2b: Blissey\n|-start|p2b: Blissey|move: Yawn|[of] p1b: Torkoal\n|\n|-weather|SunnyDay|[upkeep]\n|upkeep\n|\n|t:|1700842564\n|switch|p2a: Florges|Florges, F|100\/100\n|-damage|p2a: Florges|88\/100|[from] Stealth Rock\n|turn|13\n|\n|t:|1700842576\n|move|p1a: Iron Moth|Sludge Wave|p2b: Blissey|[spread] p1b,p2a,p2b\n|-supereffective|p2a: Florges\n|-damage|p1b: Torkoal|1\/100\n|-damage|p2a: Florges|0 fnt\n|-damage|p2b: Blissey|69\/100\n|faint|p2a: Florges\n|move|p2b: Blissey|Heal Bell||[still]\n|-activate|p2b: Blissey|move: Heal Bell\n|-fail|p2b: Blissey\n|move|p1b: Torkoal|Flamethrower|p2b: Blissey\n|-damage|p2b: Blissey|57\/100\n|\n|-weather|SunnyDay|[upkeep]\n|-heal|p2b: Blissey|63\/100|[from] item: Leftovers\n|-end|p2b: Blissey|move: Yawn|[silent]\n|-status|p2b: Blissey|slp\n|upkeep\n|turn|14\n|-message|Osvalduquii forfeited.\n|\n|win|BBFLEUR32\n|raw|BBFLEUR32's rating: 1183 &rarr; <strong>1200<\/strong><br \/>(+17 for winning)\n|raw|Osvalduquii's rating: 1060 &rarr; <strong>1047<\/strong><br \/>(-13 for losing)\n|l|\u2606Osvalduquii\n","uploadtime":1700842599,"views":3,"p1id":"bbfleur32","p2id":"osvalduquii","formatid":"gen9doublesou","rating":1047,"private":0,"password":""}