{"id":"gen9doublesou-1998400667","p1":"bb493","p2":"BullishBandit","format":"[Gen 9] Doubles OU","log":"|j|\u2606bb493\n|j|\u2606BullishBandit\n|t:|1700938136\n|gametype|doubles\n|player|p1|bb493|102|1043\n|player|p2|BullishBandit|102|1140\n|teamsize|p1|6\n|teamsize|p2|6\n|gen|9\n|tier|[Gen 9] Doubles OU\n|rated|\n|rule|Species Clause: Limit one of each Pok\u00e9mon\n|rule|OHKO Clause: OHKO moves are banned\n|rule|Evasion Moves Clause: Evasion moves are banned\n|rule|Gravity Sleep Clause: The combination of sleep-inducing moves with imperfect accuracy and Gravity or Gigantamax Orbeetle are banned\n|rule|Endless Battle Clause: Forcing endless battles is banned\n|rule|HP Percentage Mod: HP is shown in percentages\n|clearpoke\n|poke|p1|Salazzle, F|\n|poke|p1|Sandy Shocks|\n|poke|p1|Politoed, F|\n|poke|p1|Ludicolo, F|\n|poke|p1|Maushold-Four|\n|poke|p1|Gastrodon, F|\n|poke|p2|Gholdengo|\n|poke|p2|Garganacl, F|\n|poke|p2|Maushold|\n|poke|p2|Toxapex, F|\n|poke|p2|Garchomp, F|\n|poke|p2|Tinkaton, F|\n|teampreview\n|\n|t:|1700938147\n|start\n|switch|p1a: Sandy Shocks|Sandy Shocks|100\/100\n|switch|p1b: Salazzle|Salazzle, F|100\/100\n|switch|p2a: Gholdengo|Gholdengo|100\/100\n|switch|p2b: Tinkaton|Tinkaton, F|100\/100\n|turn|1\n|\n|t:|1700938165\n|move|p2b: Tinkaton|Fake Out|p1b: Salazzle\n|-damage|p1b: Salazzle|86\/100\n|cant|p1b: Salazzle|flinch\n|move|p1a: Sandy Shocks|Thunderbolt|p2a: Gholdengo\n|-damage|p2a: Gholdengo|51\/100\n|move|p2a: Gholdengo|Nasty Plot|p2a: Gholdengo\n|-boost|p2a: Gholdengo|spa|2\n|\n|upkeep\n|turn|2\n|\n|t:|1700938186\n|switch|p2b: Garchomp|Garchomp, F|100\/100\n|move|p2a: Gholdengo|Protect|p2a: Gholdengo\n|-singleturn|p2a: Gholdengo|Protect\n|move|p1b: Salazzle|Fire Blast|p2a: Gholdengo\n|-activate|p2a: Gholdengo|move: Protect\n|move|p1a: Sandy Shocks|Thunderbolt|p2a: Gholdengo\n|-activate|p2a: Gholdengo|move: Protect\n|\n|upkeep\n|turn|3\n|\n|t:|1700938203\n|switch|p1b: Politoed|Politoed, F|100\/100\n|-weather|RainDance|[from] ability: Drizzle|[of] p1b: Politoed\n|switch|p2a: Toxapex|Toxapex, F|100\/100\n|move|p2b: Garchomp|Liquidation|p1b: Politoed\n|-resisted|p1b: Politoed\n|-damage|p1b: Politoed|78\/100\n|-unboost|p1b: Politoed|def|1\n|move|p1a: Sandy Shocks|Thunderbolt|p2a: Toxapex\n|-supereffective|p2a: Toxapex\n|-damage|p2a: Toxapex|11\/100\n|\n|-weather|RainDance|[upkeep]\n|upkeep\n|turn|4\n|inactive|Battle timer is ON: inactive players will automatically lose when time's up. (requested by bb493)\n|inactive|BullishBandit has 120 seconds left.\n|\n|t:|1700938234\n|move|p2a: Toxapex|Baneful Bunker|p2a: Toxapex\n|-singleturn|p2a: Toxapex|move: Protect\n|move|p2b: Garchomp|Earthquake|p1b: Politoed|[spread] p1a,p1b\n|-activate|p2a: Toxapex|move: Protect\n|-supereffective|p1a: Sandy Shocks\n|-damage|p1a: Sandy Shocks|42\/100\n|-damage|p1b: Politoed|16\/100\n|-enditem|p1b: Politoed|Aguav Berry|[eat]\n|-heal|p1b: Politoed|49\/100|[from] item: Aguav Berry\n|move|p1a: Sandy Shocks|Stealth Rock|p2b: Garchomp\n|-sidestart|p2: BullishBandit|move: Stealth Rock\n|move|p1b: Politoed|Perish Song|p1b: Politoed\n|-start|p1a: Sandy Shocks|perish3|[silent]\n|-start|p1b: Politoed|perish3|[silent]\n|-start|p2a: Toxapex|perish3|[silent]\n|-start|p2b: Garchomp|perish3|[silent]\n|-fieldactivate|move: Perish Song\n|\n|-weather|RainDance|[upkeep]\n|-start|p2b: Garchomp|perish3\n|-start|p1a: Sandy Shocks|perish3\n|-start|p1b: Politoed|perish3\n|-start|p2a: Toxapex|perish3\n|upkeep\n|turn|5\n|\n|t:|1700938260\n|switch|p1b: Gastrodon|Gastrodon, F|100\/100\n|move|p2b: Garchomp|Earthquake|p1a: Sandy Shocks|[spread] p2a,p1a,p1b\n|-supereffective|p2a: Toxapex\n|-supereffective|p1a: Sandy Shocks\n|-damage|p2a: Toxapex|0 fnt\n|-damage|p1a: Sandy Shocks|0 fnt\n|-damage|p1b: Gastrodon|69\/100\n|faint|p2a: Toxapex\n|faint|p1a: Sandy Shocks\n|-end|p1a: Sandy Shocks|Protosynthesis|[silent]\n|\n|-weather|RainDance|[upkeep]\n|-start|p2b: Garchomp|perish2\n|upkeep\n|\n|t:|1700938271\n|switch|p1a: Ludicolo|Ludicolo, F|100\/100\n|switch|p2a: Tinkaton|Tinkaton, F|100\/100\n|-damage|p2a: Tinkaton|94\/100|[from] Stealth Rock\n|turn|6\n|\n|t:|1700938286\n|switch|p2b: Maushold|Maushold|100\/100\n|-damage|p2b: Maushold|88\/100|[from] Stealth Rock\n|move|p2a: Tinkaton|Fake Out|p1b: Gastrodon\n|-damage|p1b: Gastrodon|59\/100\n|move|p1a: Ludicolo|Leech Seed|p2a: Tinkaton\n|-start|p2a: Tinkaton|move: Leech Seed\n|cant|p1b: Gastrodon|flinch\n|\n|-weather|RainDance|[upkeep]\n|-damage|p2a: Tinkaton|82\/100|[from] Leech Seed|[of] p1a: Ludicolo\n|upkeep\n|turn|7\n|\n|t:|1700938314\n|move|p2b: Maushold|Population Bomb|p1a: Ludicolo\n|-damage|p1a: Ludicolo|91\/100\n|-damage|p1a: Ludicolo|83\/100\n|-damage|p1a: Ludicolo|74\/100\n|-damage|p1a: Ludicolo|64\/100\n|-damage|p1a: Ludicolo|56\/100\n|-damage|p1a: Ludicolo|48\/100\n|-damage|p1a: Ludicolo|39\/100\n|-damage|p1a: Ludicolo|30\/100\n|-damage|p1a: Ludicolo|22\/100\n|-damage|p1a: Ludicolo|14\/100\n|-hitcount|p1a: Ludicolo|10\n|move|p2a: Tinkaton|Gigaton Hammer|p1b: Gastrodon\n|-resisted|p1b: Gastrodon\n|-damage|p1b: Gastrodon|32\/100\n|move|p1a: Ludicolo|Leech Seed|p2b: Maushold\n|-start|p2b: Maushold|move: Leech Seed\n|move|p1b: Gastrodon|Yawn|p2b: Maushold\n|-start|p2b: Maushold|move: Yawn|[of] p1b: Gastrodon\n|\n|-weather|none\n|-heal|p1a: Ludicolo|20\/100|[from] item: Leftovers\n|-damage|p2b: Maushold|76\/100|[from] Leech Seed|[of] p1a: Ludicolo\n|-heal|p1a: Ludicolo|32\/100|[silent]\n|-damage|p2a: Tinkaton|70\/100|[from] Leech Seed|[of] p1a: Ludicolo\n|-heal|p1a: Ludicolo|43\/100|[silent]\n|upkeep\n|turn|8\n|inactive|bb493 has 120 seconds left.\n|inactive|BullishBandit has 120 seconds left.\n|\n|t:|1700938354\n|-terastallize|p2a: Tinkaton|Fairy\n|move|p1a: Ludicolo|Protect|p1a: Ludicolo\n|-singleturn|p1a: Ludicolo|Protect\n|move|p2b: Maushold|Population Bomb|p1b: Gastrodon\n|-damage|p1b: Gastrodon|25\/100\n|-enditem|p1b: Gastrodon|Aguav Berry|[eat]\n|-heal|p1b: Gastrodon|59\/100|[from] item: Aguav Berry\n|-damage|p1b: Gastrodon|52\/100\n|-damage|p1b: Gastrodon|46\/100\n|-damage|p1b: Gastrodon|39\/100\n|-damage|p1b: Gastrodon|33\/100\n|-damage|p1b: Gastrodon|25\/100\n|-damage|p1b: Gastrodon|19\/100\n|-damage|p1b: Gastrodon|12\/100\n|-damage|p1b: Gastrodon|5\/100\n|-damage|p1b: Gastrodon|0 fnt\n|faint|p1b: Gastrodon\n|-hitcount|p1: Gastrodon|10\n|move|p2a: Tinkaton|Play Rough|p1a: Ludicolo\n|-activate|p1a: Ludicolo|move: Protect\n|\n|-heal|p1a: Ludicolo|50\/100|[from] item: Leftovers\n|-damage|p2b: Maushold|63\/100|[from] Leech Seed|[of] p1a: Ludicolo\n|-heal|p1a: Ludicolo|61\/100|[silent]\n|-damage|p2a: Tinkaton|57\/100|[from] Leech Seed|[of] p1a: Ludicolo\n|-heal|p1a: Ludicolo|72\/100|[silent]\n|-end|p2b: Maushold|move: Yawn|[silent]\n|-status|p2b: Maushold|slp\n|upkeep\n|\n|t:|1700938368\n|switch|p1b: Maushold|Maushold-Four|100\/100\n|turn|9\n|\n|t:|1700938397\n|switch|p1a: Politoed|Politoed, F|49\/100\n|-weather|RainDance|[from] ability: Drizzle|[of] p1a: Politoed\n|cant|p2b: Maushold|slp\n|move|p2a: Tinkaton|Play Rough|p1b: Maushold\n|-damage|p1b: Maushold|56\/100\n|move|p1b: Maushold|Tidy Up|p1b: Maushold\n|-sideend|p2: BullishBandit|Stealth Rock\n|-activate|p1b: Maushold|move: Tidy Up\n|-boost|p1b: Maushold|atk|1\n|-boost|p1b: Maushold|spe|1\n|\n|-weather|RainDance|[upkeep]\n|-damage|p2b: Maushold|51\/100 slp|[from] Leech Seed|[of] p1a: Politoed\n|-heal|p1a: Politoed|60\/100|[silent]\n|-damage|p2a: Tinkaton|45\/100|[from] Leech Seed|[of] p1a: Politoed\n|-heal|p1a: Politoed|72\/100|[silent]\n|upkeep\n|turn|10\n|\n|t:|1700938427\n|switch|p2a: Garchomp|Garchomp, F|100\/100\n|move|p1b: Maushold|Population Bomb|p2b: Maushold\n|-damage|p2b: Maushold|36\/100 slp\n|-damage|p2b: Maushold|20\/100 slp\n|-damage|p2b: Maushold|4\/100 slp\n|-damage|p2b: Maushold|0 fnt\n|faint|p2b: Maushold\n|-hitcount|p2: Maushold|4\n|move|p1a: Politoed|Metronome|p1a: Politoed\n|move|p1a: Politoed|Baby-Doll Eyes|p2a: Garchomp|[from]move: Metronome\n|-unboost|p2a: Garchomp|atk|1\n|\n|-weather|RainDance|[upkeep]\n|upkeep\n|\n|t:|1700938442\n|switch|p2b: Tinkaton|Tinkaton, F, tera:Fairy|45\/100\n|turn|11\n|\n|t:|1700938456\n|move|p2b: Tinkaton|Fake Out|p1b: Maushold\n|-damage|p1b: Maushold|46\/100\n|cant|p1b: Maushold|flinch\n|move|p2a: Garchomp|Earth Power|p1b: Maushold\n|-damage|p1b: Maushold|20\/100\n|-enditem|p1b: Maushold|Figy Berry|[eat]\n|-heal|p1b: Maushold|54\/100|[from] item: Figy Berry\n|move|p1a: Politoed|Metronome|p1a: Politoed\n|move|p1a: Politoed|Dragon Breath|p2a: Garchomp|[from]move: Metronome\n|-supereffective|p2a: Garchomp\n|-damage|p2a: Garchomp|71\/100\n|-status|p2a: Garchomp|par\n|\n|-weather|RainDance|[upkeep]\n|upkeep\n|turn|12\n|\n|t:|1700938477\n|move|p2b: Tinkaton|Protect|p2b: Tinkaton\n|-singleturn|p2b: Tinkaton|Protect\n|move|p1b: Maushold|Population Bomb|p2b: Tinkaton\n|-activate|p2b: Tinkaton|move: Protect\n|move|p1a: Politoed|Metronome|p1a: Politoed\n|move|p1a: Politoed|Icicle Crash|p2a: Garchomp|[from]move: Metronome\n|-supereffective|p2a: Garchomp\n|-damage|p2a: Garchomp|22\/100 par\n|move|p2a: Garchomp|Earthquake|p1a: Politoed|[spread] p1a,p1b\n|-activate|p2b: Tinkaton|move: Protect\n|-damage|p1a: Politoed|46\/100\n|-damage|p1b: Maushold|31\/100\n|\n|-weather|RainDance|[upkeep]\n|upkeep\n|turn|13\n|\n|t:|1700938499\n|switch|p2b: Gholdengo|Gholdengo|51\/100\n|move|p1b: Maushold|Population Bomb|p2b: Gholdengo\n|-immune|p2b: Gholdengo\n|move|p1a: Politoed|Metronome|p1a: Politoed\n|move|p1a: Politoed|Fire Punch|p2b: Gholdengo|[from]move: Metronome\n|-supereffective|p2b: Gholdengo\n|-damage|p2b: Gholdengo|38\/100\n|move|p2a: Garchomp|Liquidation|p1b: Maushold\n|-damage|p1b: Maushold|5\/100\n|\n|-weather|none\n|upkeep\n|turn|14\n|inactive|bb493 has 120 seconds left.\n|\n|t:|1700938535\n|move|p1b: Maushold|Baton Pass|p1b: Maushold\n|\n|t:|1700938536\n|switch|p1b: Ludicolo|Ludicolo, F|72\/100|[from] Baton Pass\n|move|p2b: Gholdengo|Make It Rain|p1a: Politoed|[spread] p1a,p1b\n|-resisted|p1a: Politoed\n|-resisted|p1b: Ludicolo\n|-damage|p1a: Politoed|26\/100\n|-damage|p1b: Ludicolo|56\/100\n|-unboost|p2b: Gholdengo|spa|1\n|move|p1a: Politoed|Surf|p2b: Gholdengo|[spread] p1b,p2a,p2b\n|-resisted|p1b: Ludicolo\n|-damage|p1b: Ludicolo|51\/100\n|-damage|p2a: Garchomp|0 fnt\n|-damage|p2b: Gholdengo|11\/100\n|faint|p2a: Garchomp\n|\n|-heal|p1b: Ludicolo|57\/100|[from] item: Leftovers\n|upkeep\n|\n|t:|1700938553\n|switch|p2a: Tinkaton|Tinkaton, F, tera:Fairy|45\/100\n|turn|15\n|\n|t:|1700938568\n|move|p1b: Ludicolo|Protect|p1b: Ludicolo\n|-singleturn|p1b: Ludicolo|Protect\n|move|p2a: Tinkaton|Fake Out|p1a: Politoed\n|-crit|p1a: Politoed\n|-damage|p1a: Politoed|8\/100\n|move|p2b: Gholdengo|Shadow Ball|p1a: Politoed\n|-damage|p1a: Politoed|0 fnt\n|faint|p1a: Politoed\n|\n|-heal|p1b: Ludicolo|63\/100|[from] item: Leftovers\n|upkeep\n|\n|t:|1700938573\n|switch|p1a: Maushold|Maushold-Four|5\/100\n|turn|16\n|\n|t:|1700938587\n|move|p2a: Tinkaton|Protect|p2a: Tinkaton\n|-singleturn|p2a: Tinkaton|Protect\n|move|p1b: Ludicolo|Leech Seed|p2b: Gholdengo\n|-immune|p2b: Gholdengo|[from] ability: Good as Gold\n|move|p1a: Maushold|Population Bomb|p2a: Tinkaton\n|-activate|p2a: Tinkaton|move: Protect\n|move|p2b: Gholdengo|Make It Rain|p1b: Ludicolo|[spread] p1a,p1b\n|-resisted|p1b: Ludicolo\n|-damage|p1a: Maushold|0 fnt\n|-damage|p1b: Ludicolo|52\/100\n|-unboost|p2b: Gholdengo|spa|1\n|faint|p1a: Maushold\n|\n|-heal|p1b: Ludicolo|58\/100|[from] item: Leftovers\n|upkeep\n|c|\u2606BullishBandit|oof\n|\n|t:|1700938603\n|switch|p1a: Salazzle|Salazzle, F|86\/100\n|turn|17\n|\n|t:|1700938622\n|switch|p2a: Garganacl|Garganacl, F, shiny|100\/100\n|move|p2b: Gholdengo|Protect|p2b: Gholdengo\n|-singleturn|p2b: Gholdengo|Protect\n|move|p1a: Salazzle|Fire Blast|p2b: Gholdengo\n|-activate|p2b: Gholdengo|move: Protect\n|move|p1b: Ludicolo|Leech Seed|p2a: Garganacl\n|-start|p2a: Garganacl|move: Leech Seed\n|\n|-heal|p1b: Ludicolo|64\/100|[from] item: Leftovers\n|-damage|p2a: Garganacl|88\/100|[from] Leech Seed|[of] p1b: Ludicolo\n|-heal|p1b: Ludicolo|77\/100|[silent]\n|upkeep\n|turn|18\n|\n|t:|1700938651\n|move|p1b: Ludicolo|Protect|p1b: Ludicolo\n|-singleturn|p1b: Ludicolo|Protect\n|move|p1a: Salazzle|Poison Gas|p2a: Garganacl|[spread] \n|-immune|p2b: Gholdengo|[from] ability: Good as Gold\n|-immune|p2a: Garganacl|[from] ability: Purifying Salt\n|move|p2b: Gholdengo|Shadow Ball|p1a: Salazzle\n|-damage|p1a: Salazzle|62\/100\n|move|p2a: Garganacl|Salt Cure|p1a: Salazzle\n|-supereffective|p1a: Salazzle\n|-damage|p1a: Salazzle|14\/100\n|-start|p1a: Salazzle|Salt Cure\n|-enditem|p1a: Salazzle|Aguav Berry|[eat]\n|-heal|p1a: Salazzle|47\/100|[from] item: Aguav Berry\n|\n|-heal|p1b: Ludicolo|83\/100|[from] item: Leftovers\n|-heal|p2a: Garganacl|94\/100|[from] item: Leftovers\n|-damage|p2a: Garganacl|82\/100|[from] Leech Seed|[of] p1b: Ludicolo\n|-heal|p1b: Ludicolo|96\/100|[silent]\n|-damage|p1a: Salazzle|35\/100|[from] Salt Cure\n|upkeep\n|turn|19\n|c|\u2606BullishBandit|oof\n|c|\u2606BullishBandit|lool\n|inactive|bb493 has 120 seconds left.\n|\n|t:|1700938700\n|move|p2b: Gholdengo|Protect|p2b: Gholdengo\n|-singleturn|p2b: Gholdengo|Protect\n|move|p1a: Salazzle|Fire Blast|p2b: Gholdengo\n|-activate|p2b: Gholdengo|move: Protect\n|move|p1b: Ludicolo|Encore|p2b: Gholdengo\n|-activate|p2b: Gholdengo|move: Protect\n|move|p2a: Garganacl|Salt Cure|p1b: Ludicolo\n|-damage|p1b: Ludicolo|76\/100\n|-start|p1b: Ludicolo|Salt Cure\n|\n|-heal|p1b: Ludicolo|82\/100|[from] item: Leftovers\n|-heal|p2a: Garganacl|88\/100|[from] item: Leftovers\n|-damage|p2a: Garganacl|76\/100|[from] Leech Seed|[of] p1b: Ludicolo\n|-heal|p1b: Ludicolo|95\/100|[silent]\n|-damage|p1a: Salazzle|22\/100|[from] Salt Cure\n|-damage|p1b: Ludicolo|70\/100|[from] Salt Cure\n|upkeep\n|turn|20\n|inactive|bb493 has 120 seconds left.\n|\n|t:|1700938720\n|move|p1b: Ludicolo|Protect|p1b: Ludicolo\n|-singleturn|p1b: Ludicolo|Protect\n|move|p2a: Garganacl|Protect|p2a: Garganacl\n|-singleturn|p2a: Garganacl|Protect\n|move|p1a: Salazzle|Fire Blast|p2b: Gholdengo\n|-supereffective|p2b: Gholdengo\n|-damage|p2b: Gholdengo|0 fnt\n|faint|p2b: Gholdengo\n|\n|-heal|p1b: Ludicolo|76\/100|[from] item: Leftovers\n|-heal|p2a: Garganacl|82\/100|[from] item: Leftovers\n|-damage|p2a: Garganacl|70\/100|[from] Leech Seed|[of] p1b: Ludicolo\n|-heal|p1b: Ludicolo|89\/100|[silent]\n|-damage|p1a: Salazzle|10\/100|[from] Salt Cure\n|-damage|p1b: Ludicolo|64\/100|[from] Salt Cure\n|upkeep\n|\n|t:|1700938735\n|switch|p2b: Tinkaton|Tinkaton, F, tera:Fairy|45\/100\n|turn|21\n|c|\u2606BullishBandit|:(\n|\n|t:|1700938749\n|move|p2b: Tinkaton|Fake Out|p1a: Salazzle\n|-damage|p1a: Salazzle|0 fnt\n|faint|p1a: Salazzle\n|move|p1b: Ludicolo|Leech Seed|p2b: Tinkaton\n|-start|p2b: Tinkaton|move: Leech Seed\n|move|p2a: Garganacl|Recover|p2a: Garganacl\n|-heal|p2a: Garganacl|100\/100\n|\n|-heal|p1b: Ludicolo|70\/100|[from] item: Leftovers\n|-damage|p2b: Tinkaton|33\/100|[from] Leech Seed|[of] p1b: Ludicolo\n|-heal|p1b: Ludicolo|82\/100|[silent]\n|-damage|p2a: Garganacl|88\/100|[from] Leech Seed|[of] p1b: Ludicolo\n|-heal|p1b: Ludicolo|95\/100|[silent]\n|-damage|p1b: Ludicolo|70\/100|[from] Salt Cure\n|upkeep\n|turn|22\n|\n|t:|1700938765\n|move|p1b: Ludicolo|Protect|p1b: Ludicolo\n|-singleturn|p1b: Ludicolo|Protect\n|move|p2b: Tinkaton|Play Rough|p1b: Ludicolo\n|-activate|p1b: Ludicolo|move: Protect\n|move|p2a: Garganacl|Salt Cure|p1b: Ludicolo\n|-activate|p1b: Ludicolo|move: Protect\n|\n|-heal|p1b: Ludicolo|76\/100|[from] item: Leftovers\n|-heal|p2a: Garganacl|94\/100|[from] item: Leftovers\n|-damage|p2b: Tinkaton|20\/100|[from] Leech Seed|[of] p1b: Ludicolo\n|-heal|p1b: Ludicolo|88\/100|[silent]\n|-damage|p2a: Garganacl|82\/100|[from] Leech Seed|[of] p1b: Ludicolo\n|-heal|p1b: Ludicolo|100\/100|[silent]\n|-damage|p1b: Ludicolo|76\/100|[from] Salt Cure\n|upkeep\n|turn|23\n|\n|t:|1700938788\n|move|p1b: Ludicolo|Substitute|p1b: Ludicolo\n|-start|p1b: Ludicolo|Substitute\n|-damage|p1b: Ludicolo|51\/100\n|move|p2b: Tinkaton|Play Rough|p1b: Ludicolo\n|-end|p1b: Ludicolo|Substitute\n|move|p2a: Garganacl|Heavy Slam|p1b: Ludicolo\n|-resisted|p1b: Ludicolo\n|-damage|p1b: Ludicolo|36\/100\n|\n|-heal|p1b: Ludicolo|42\/100|[from] item: Leftovers\n|-heal|p2a: Garganacl|88\/100|[from] item: Leftovers\n|-damage|p2b: Tinkaton|8\/100|[from] Leech Seed|[of] p1b: Ludicolo\n|-heal|p1b: Ludicolo|54\/100|[silent]\n|-damage|p2a: Garganacl|76\/100|[from] Leech Seed|[of] p1b: Ludicolo\n|-heal|p1b: Ludicolo|67\/100|[silent]\n|-damage|p1b: Ludicolo|42\/100|[from] Salt Cure\n|upkeep\n|turn|24\n|\n|t:|1700938808\n|move|p1b: Ludicolo|Protect|p1b: Ludicolo\n|-singleturn|p1b: Ludicolo|Protect\n|move|p2b: Tinkaton|Gigaton Hammer|p1b: Ludicolo\n|-activate|p1b: Ludicolo|move: Protect\n|move|p2a: Garganacl|Heavy Slam|p1b: Ludicolo\n|-activate|p1b: Ludicolo|move: Protect\n|\n|-heal|p1b: Ludicolo|48\/100|[from] item: Leftovers\n|-heal|p2a: Garganacl|82\/100|[from] item: Leftovers\n|-damage|p2b: Tinkaton|0 fnt|[from] Leech Seed|[of] p1b: Ludicolo\n|-heal|p1b: Ludicolo|55\/100|[silent]\n|faint|p2b: Tinkaton\n|-damage|p2a: Garganacl|70\/100|[from] Leech Seed|[of] p1b: Ludicolo\n|-heal|p1b: Ludicolo|68\/100|[silent]\n|-damage|p1b: Ludicolo|43\/100|[from] Salt Cure\n|upkeep\n|turn|25\n|\n|t:|1700938827\n|move|p1b: Ludicolo|Substitute|p1b: Ludicolo\n|-start|p1b: Ludicolo|Substitute\n|-damage|p1b: Ludicolo|18\/100\n|move|p2a: Garganacl|Heavy Slam|p1b: Ludicolo\n|-resisted|p1b: Ludicolo\n|-activate|p1b: Ludicolo|move: Substitute|[damage]\n|\n|-heal|p1b: Ludicolo|24\/100|[from] item: Leftovers\n|-heal|p2a: Garganacl|76\/100|[from] item: Leftovers\n|-damage|p2a: Garganacl|63\/100|[from] Leech Seed|[of] p1b: Ludicolo\n|-heal|p1b: Ludicolo|37\/100|[silent]\n|-damage|p1b: Ludicolo|12\/100|[from] Salt Cure\n|upkeep\n|turn|26\n|\n|t:|1700938839\n|move|p1b: Ludicolo|Protect|p1b: Ludicolo\n|-singleturn|p1b: Ludicolo|Protect\n|move|p2a: Garganacl|Recover|p2a: Garganacl\n|-heal|p2a: Garganacl|100\/100\n|\n|-heal|p1b: Ludicolo|18\/100|[from] item: Leftovers\n|-damage|p2a: Garganacl|88\/100|[from] Leech Seed|[of] p1b: Ludicolo\n|-heal|p1b: Ludicolo|31\/100|[silent]\n|-damage|p1b: Ludicolo|6\/100|[from] Salt Cure\n|upkeep\n|turn|27\n|c|\u2606BullishBandit|gg\n|\n|t:|1700938850\n|move|p1b: Ludicolo|Protect||[still]\n|-fail|p1b: Ludicolo\n|move|p2a: Garganacl|Protect||[still]\n|-fail|p2a: Garganacl\n|\n|-heal|p1b: Ludicolo|13\/100|[from] item: Leftovers\n|-heal|p2a: Garganacl|94\/100|[from] item: Leftovers\n|-damage|p2a: Garganacl|82\/100|[from] Leech Seed|[of] p1b: Ludicolo\n|-heal|p1b: Ludicolo|25\/100|[silent]\n|-damage|p1b: Ludicolo|0 fnt|[from] Salt Cure\n|faint|p1b: Ludicolo\n|\n|win|BullishBandit\n|upkeep\n|raw|bb493's rating: 1043 &rarr; <strong>1031<\/strong><br \/>(-12 for losing)\n|raw|BullishBandit's rating: 1140 &rarr; <strong>1158<\/strong><br \/>(+18 for winning)\n|l|\u2606bb493\n","uploadtime":1700938866,"views":5,"p1id":"bb493","p2id":"bullishbandit","formatid":"gen9doublesou","rating":1031,"private":0,"password":""}