{"id":"gen9doublesou-1970954454","p1":"Rex_llx","p2":"tatorhicks09","format":"[Gen 9] Doubles OU","log":"|j|\u2606Rex_llx\n|j|\u2606tatorhicks09\n|t:|1697684665\n|gametype|doubles\n|player|p1|Rex_llx|cowgirl|1150\n|player|p2|tatorhicks09|266|1134\n|teamsize|p1|6\n|teamsize|p2|6\n|gen|9\n|tier|[Gen 9] Doubles OU\n|rated|\n|rule|Species Clause: Limit one of each Pok\u00e9mon\n|rule|OHKO Clause: OHKO moves are banned\n|rule|Evasion Moves Clause: Evasion moves are banned\n|rule|Gravity Sleep Clause: The combination of sleep-inducing moves with imperfect accuracy and Gravity or Gigantamax Orbeetle are banned\n|rule|Endless Battle Clause: Forcing endless battles is banned\n|rule|HP Percentage Mod: HP is shown in percentages\n|clearpoke\n|poke|p1|Milotic, F|\n|poke|p1|Ribombee, F|\n|poke|p1|Kingambit, M|\n|poke|p1|Toxtricity, M|\n|poke|p1|Arcanine-Hisui, M|\n|poke|p1|Abomasnow, F|\n|poke|p2|Hypno, F|\n|poke|p2|Sinistcha-Masterpiece|\n|poke|p2|Gardevoir, M|\n|poke|p2|Ursaluna-Bloodmoon, M|\n|poke|p2|Snorlax, F|\n|poke|p2|Crawdaunt, M|\n|teampreview\n|\n|t:|1697684720\n|start\n|switch|p1a: Ribombee|Ribombee, F|100\/100\n|switch|p1b: Toxtricity|Toxtricity, M|100\/100\n|switch|p2a: Gardevoir|Gardevoir, M, shiny|100\/100\n|switch|p2b: Crawdaunt|Crawdaunt, M|100\/100\n|turn|1\n|\n|t:|1697684773\n|-terastallize|p1b: Toxtricity|Flying\n|-terastallize|p2b: Crawdaunt|Grass\n|move|p1a: Ribombee|Dazzling Gleam|p2a: Gardevoir|[spread] p2a,p2b\n|-damage|p2a: Gardevoir|79\/100\n|-damage|p2b: Crawdaunt|58\/100\n|move|p1b: Toxtricity|Overdrive|p2b: Crawdaunt|[spread] p2a,p2b\n|-resisted|p2b: Crawdaunt\n|-damage|p2a: Gardevoir|35\/100\n|-damage|p2b: Crawdaunt|15\/100\n|-damage|p1b: Toxtricity|91\/100|[from] item: Life Orb\n|move|p2b: Crawdaunt|Crabhammer|p1b: Toxtricity\n|-damage|p1b: Toxtricity|0 fnt\n|faint|p1b: Toxtricity\n|-damage|p2b: Crawdaunt|5\/100|[from] item: Life Orb\n|move|p2a: Gardevoir|Trick Room|p2a: Gardevoir\n|-fieldstart|move: Trick Room|[of] p2a: Gardevoir\n|\n|upkeep\n|\n|t:|1697684795\n|switch|p1b: Kingambit|Kingambit, M|100\/100\n|-activate|p1b: Kingambit|ability: Supreme Overlord\n|-start|p1b: Kingambit|fallen1|[silent]\n|turn|2\n|\n|t:|1697684805\n|move|p2a: Gardevoir|Protect|p2a: Gardevoir\n|-singleturn|p2a: Gardevoir|Protect\n|move|p1b: Kingambit|Sucker Punch|p2b: Crawdaunt\n|-damage|p2b: Crawdaunt|0 fnt\n|faint|p2b: Crawdaunt\n|move|p1a: Ribombee|Pollen Puff|p2a: Gardevoir\n|-activate|p2a: Gardevoir|move: Protect\n|\n|upkeep\n|\n|t:|1697684823\n|switch|p2b: Ursaluna|Ursaluna-Bloodmoon, M|100\/100\n|turn|3\n|\n|t:|1697684844\n|-end|p1b: Kingambit|fallen1|[silent]\n|switch|p1b: Milotic|Milotic, F|100\/100\n|move|p2b: Ursaluna|Earth Power|p1b: Milotic\n|-damage|p1b: Milotic|71\/100\n|move|p2a: Gardevoir|Will-O-Wisp|p1b: Milotic\n|-status|p1b: Milotic|brn\n|move|p1a: Ribombee|Pollen Puff|p2a: Gardevoir\n|-damage|p2a: Gardevoir|1\/100\n|\n|-heal|p1b: Milotic|77\/100 brn|[from] item: Leftovers\n|-damage|p1b: Milotic|71\/100 brn|[from] brn\n|upkeep\n|turn|4\n|\n|t:|1697684887\n|move|p2a: Gardevoir|Protect|p2a: Gardevoir\n|-singleturn|p2a: Gardevoir|Protect\n|move|p2b: Ursaluna|Hyper Voice|p1a: Ribombee|[spread] p1a,p1b\n|-damage|p1a: Ribombee|36\/100\n|-damage|p1b: Milotic|49\/100 brn\n|-enditem|p2b: Ursaluna|Throat Spray\n|-boost|p2b: Ursaluna|spa|1|[from] item: Throat Spray\n|move|p1b: Milotic|Icy Wind|p2b: Ursaluna|[spread] p2b\n|-activate|p2a: Gardevoir|move: Protect\n|-supereffective|p2b: Ursaluna\n|-damage|p2b: Ursaluna|77\/100\n|-unboost|p2b: Ursaluna|spe|1\n|move|p1a: Ribombee|Dazzling Gleam|p2b: Ursaluna|[spread] p2b\n|-activate|p2a: Gardevoir|move: Protect\n|-damage|p2b: Ursaluna|47\/100\n|\n|-heal|p1b: Milotic|55\/100 brn|[from] item: Leftovers\n|-damage|p1b: Milotic|49\/100 brn|[from] brn\n|upkeep\n|turn|5\n|\n|t:|1697684916\n|move|p2b: Ursaluna|Hyper Voice|p1a: Ribombee|[spread] p1a,p1b\n|-damage|p1a: Ribombee|0 fnt\n|-damage|p1b: Milotic|15\/100 brn\n|faint|p1a: Ribombee\n|move|p2a: Gardevoir|Dazzling Gleam|p1b: Milotic\n|-damage|p1b: Milotic|0 fnt\n|faint|p1b: Milotic\n|\n|-fieldend|move: Trick Room\n|upkeep\n|\n|t:|1697684927\n|switch|p1a: Kingambit|Kingambit, M|100\/100\n|switch|p1b: Arcanine|Arcanine-Hisui, M|100\/100\n|-activate|p1a: Kingambit|ability: Supreme Overlord\n|-start|p1a: Kingambit|fallen3|[silent]\n|turn|6\n|\n|t:|1697684954\n|move|p2b: Ursaluna|Protect|p2b: Ursaluna\n|-singleturn|p2b: Ursaluna|Protect\n|move|p1b: Arcanine|Extreme Speed|p2a: Gardevoir\n|-damage|p2a: Gardevoir|0 fnt\n|faint|p2a: Gardevoir\n|move|p1a: Kingambit|Sucker Punch||[still]\n|-fail|p1a: Kingambit\n|\n|upkeep\n|\n|t:|1697684970\n|switch|p2a: Sinistcha|Sinistcha-Masterpiece|100\/100\n|-heal|p2b: Ursaluna|71\/100|[from] ability: Hospitality|[of] p2a: Sinistcha\n|turn|7\n|\n|t:|1697684988\n|move|p1b: Arcanine|Extreme Speed|p2b: Ursaluna\n|-damage|p2b: Ursaluna|53\/100\n|move|p2a: Sinistcha|Rage Powder|p2a: Sinistcha\n|-singleturn|p2a: Sinistcha|move: Rage Powder\n|move|p1a: Kingambit|Sucker Punch||[still]\n|-fail|p1a: Kingambit\n|move|p2b: Ursaluna|Earth Power|p1b: Arcanine\n|-supereffective|p1b: Arcanine\n|-damage|p1b: Arcanine|0 fnt\n|faint|p1b: Arcanine\n|\n|upkeep\n|\n|t:|1697684998\n|switch|p1b: Abomasnow|Abomasnow, F, shiny|100\/100\n|turn|8\n|\n|t:|1697685020\n|move|p1a: Kingambit|Protect|p1a: Kingambit\n|-singleturn|p1a: Kingambit|Protect\n|move|p2a: Sinistcha|Rage Powder|p2a: Sinistcha\n|-singleturn|p2a: Sinistcha|move: Rage Powder\n|move|p1b: Abomasnow|Blizzard|p2b: Ursaluna|[spread] p2a,p2b\n|-supereffective|p2a: Sinistcha\n|-supereffective|p2b: Ursaluna\n|-damage|p2a: Sinistcha|27\/100\n|-damage|p2b: Ursaluna|0 fnt\n|faint|p2b: Ursaluna\n|\n|upkeep\n|\n|t:|1697685033\n|switch|p2b: Hypno|Hypno, F|100\/100\n|turn|9\n|\n|t:|1697685045\n|move|p2a: Sinistcha|Strength Sap|p1a: Kingambit\n|-unboost|p1a: Kingambit|atk|1\n|-heal|p2a: Sinistcha|100\/100\n|move|p1b: Abomasnow|Blizzard|p2a: Sinistcha|[spread] p2a,p2b\n|-supereffective|p2a: Sinistcha\n|-damage|p2a: Sinistcha|31\/100\n|-damage|p2b: Hypno|72\/100\n|move|p1a: Kingambit|Iron Head|p2b: Hypno\n|-damage|p2b: Hypno|36\/100\n|move|p2b: Hypno|Trick Room|p2b: Hypno\n|-fieldstart|move: Trick Room|[of] p2b: Hypno\n|\n|upkeep\n|turn|10\n|\n|t:|1697685071\n|move|p2b: Hypno|Night Shade|p1b: Abomasnow\n|-damage|p1b: Abomasnow|74\/100\n|move|p1a: Kingambit|Iron Head|p2b: Hypno\n|-damage|p2b: Hypno|2\/100\n|move|p1b: Abomasnow|Blizzard|p2a: Sinistcha|[spread] p2b\n|-miss|p1b: Abomasnow|p2a: Sinistcha\n|-damage|p2b: Hypno|0 fnt\n|faint|p2b: Hypno\n|move|p2a: Sinistcha|Strength Sap|p1a: Kingambit\n|-unboost|p1a: Kingambit|atk|1\n|-heal|p2a: Sinistcha|100\/100\n|\n|-heal|p1b: Abomasnow|81\/100|[from] item: Leftovers\n|upkeep\n|\n|t:|1697685087\n|switch|p2b: Snorlax|Snorlax, F|100\/100\n|turn|11\n|\n|t:|1697685103\n|move|p2b: Snorlax|Belly Drum|p2b: Snorlax\n|-damage|p2b: Snorlax|50\/100\n|-setboost|p2b: Snorlax|atk|6|[from] move: Belly Drum\n|-enditem|p2b: Snorlax|Sitrus Berry|[eat]\n|-heal|p2b: Snorlax|75\/100|[from] item: Sitrus Berry\n|move|p1a: Kingambit|Iron Head|p2b: Snorlax\n|-damage|p2b: Snorlax|50\/100\n|move|p1b: Abomasnow|Blizzard|p2b: Snorlax|[spread] p2a,p2b\n|-supereffective|p2a: Sinistcha\n|-crit|p2b: Snorlax\n|-damage|p2a: Sinistcha|32\/100\n|-damage|p2b: Snorlax|14\/100\n|move|p2a: Sinistcha|Strength Sap|p1a: Kingambit\n|-unboost|p1a: Kingambit|atk|1\n|-heal|p2a: Sinistcha|91\/100\n|\n|-heal|p1b: Abomasnow|87\/100|[from] item: Leftovers\n|upkeep\n|turn|12\n|inactive|Battle timer is ON: inactive players will automatically lose when time's up. (requested by Rex_llx)\n|\n|t:|1697685136\n|move|p2a: Sinistcha|Rage Powder|p2a: Sinistcha\n|-singleturn|p2a: Sinistcha|move: Rage Powder\n|move|p1a: Kingambit|Sucker Punch||[still]\n|-fail|p1a: Kingambit\n|move|p2b: Snorlax|Brick Break|p1b: Abomasnow\n|-supereffective|p1b: Abomasnow\n|-damage|p1b: Abomasnow|0 fnt\n|faint|p1b: Abomasnow\n|\n|upkeep\n|turn|13\n|-message|Rex_llx forfeited.\n|\n|win|tatorhicks09\n|raw|Rex_llx's rating: 1150 &rarr; <strong>1124<\/strong><br \/>(-26 for losing)\n|raw|tatorhicks09's rating: 1134 &rarr; <strong>1160<\/strong><br \/>(+26 for winning)\n|l|\u2606Rex_llx\n","uploadtime":1697685166,"views":11,"p1id":"rexllx","p2id":"tatorhicks09","formatid":"gen9doublesou","rating":1124,"private":0,"password":""}