{"id":"gen9doublesou-1992591191","p1":"Blaze1911","p2":"Goosie_911","format":"[Gen 9] Doubles OU","log":"|j|\u2606Blaze1911\n|j|\u2606Goosie_911\n|t:|1700211186\n|gametype|doubles\n|player|p1|Blaze1911|1|1051\n|player|p2|Goosie_911|102|1058\n|teamsize|p1|6\n|teamsize|p2|6\n|gen|9\n|tier|[Gen 9] Doubles OU\n|rated|\n|rule|Species Clause: Limit one of each Pok\u00e9mon\n|rule|OHKO Clause: OHKO moves are banned\n|rule|Evasion Moves Clause: Evasion moves are banned\n|rule|Gravity Sleep Clause: The combination of sleep-inducing moves with imperfect accuracy and Gravity or Gigantamax Orbeetle are banned\n|rule|Endless Battle Clause: Forcing endless battles is banned\n|rule|HP Percentage Mod: HP is shown in percentages\n|clearpoke\n|poke|p1|Dragonite, M|\n|poke|p1|Grimmsnarl, M|\n|poke|p1|Torterra, M|\n|poke|p1|Poliwrath, F|\n|poke|p1|Ceruledge, F|\n|poke|p1|Great Tusk|\n|poke|p2|Azumarill, F|\n|poke|p2|Torkoal, F|\n|poke|p2|Oranguru, M|\n|poke|p2|Chien-Pao|\n|poke|p2|Iron Hands|\n|poke|p2|Farigiraf, M|\n|teampreview\n|\n|t:|1700211192\n|start\n|switch|p1a: Poliwrath|Poliwrath, F, shiny|100\/100\n|switch|p1b: Grimmsnarl|Grimmsnarl, M, shiny|100\/100\n|switch|p2a: ORANGE|Oranguru, M|100\/100\n|switch|p2b: MAGGOT|Azumarill, F|100\/100\n|turn|1\n|inactive|Battle timer is ON: inactive players will automatically lose when time's up. (requested by Goosie_911)\n|\n|t:|1700211204\n|-terastallize|p1a: Poliwrath|Ground\n|move|p1b: Grimmsnarl|Reflect|p1b: Grimmsnarl\n|-sidestart|p1: Blaze1911|Reflect\n|move|p1a: Poliwrath|Belly Drum|p1a: Poliwrath\n|-damage|p1a: Poliwrath|50\/100\n|-setboost|p1a: Poliwrath|atk|6|[from] move: Belly Drum\n|-enditem|p1a: Poliwrath|Sitrus Berry|[eat]\n|-heal|p1a: Poliwrath|75\/100|[from] item: Sitrus Berry\n|move|p2b: MAGGOT|Belly Drum|p2b: MAGGOT\n|-damage|p2b: MAGGOT|50\/100\n|-setboost|p2b: MAGGOT|atk|6|[from] move: Belly Drum\n|move|p2a: ORANGE|Trick Room|p2a: ORANGE\n|-fieldstart|move: Trick Room|[of] p2a: ORANGE\n|\n|upkeep\n|turn|2\n|\n|t:|1700211229\n|move|p2b: MAGGOT|Aqua Jet|p1a: Poliwrath\n|-heal|p1a: Poliwrath|100\/100|[from] ability: Water Absorb|[of] p2b: MAGGOT\n|move|p2a: ORANGE|Instruct|p2b: MAGGOT\n|-singleturn|p2b: MAGGOT|move: Instruct|[of] p2a: ORANGE\n|move|p2b: MAGGOT|Aqua Jet|p1a: Poliwrath\n|-immune|p1a: Poliwrath|[from] ability: Water Absorb\n|move|p1b: Grimmsnarl|Spirit Break|p2b: MAGGOT\n|-damage|p2b: MAGGOT|21\/100\n|-unboost|p2b: MAGGOT|spa|1\n|move|p1a: Poliwrath|Baton Pass|p1a: Poliwrath\n|\n|t:|1700211238\n|switch|p1a: Dragonite|Dragonite, M, shiny|100\/100|[from] Baton Pass\n|\n|upkeep\n|turn|3\n|\n|t:|1700211256\n|switch|p1b: Poliwrath|Poliwrath, F, shiny, tera:Ground|100\/100\n|move|p1a: Dragonite|Extreme Speed|p2b: MAGGOT\n|-damage|p2b: MAGGOT|0 fnt\n|faint|p2b: MAGGOT\n|move|p2a: ORANGE|Instruct|p2: MAGGOT|[notarget]\n|-fail|p2a: ORANGE\n|\n|upkeep\n|\n|t:|1700211267\n|switch|p2b: Chien-Pao|Chien-Pao|100\/100\n|-ability|p2b: Chien-Pao|Sword of Ruin\n|turn|4\n|\n|t:|1700211288\n|move|p1a: Dragonite|Extreme Speed|p2b: Chien-Pao\n|-enditem|p2b: Chien-Pao|Focus Sash\n|-damage|p2b: Chien-Pao|1\/100\n|move|p2a: ORANGE|Instruct||[still]\n|-fail|p2a: ORANGE\n|move|p1b: Poliwrath|Belly Drum|p1b: Poliwrath\n|-damage|p1b: Poliwrath|50\/100\n|-setboost|p1b: Poliwrath|atk|6|[from] move: Belly Drum\n|move|p2b: Chien-Pao|Icicle Crash|p1a: Dragonite|[miss]\n|-miss|p2b: Chien-Pao|p1a: Dragonite\n|\n|upkeep\n|turn|5\n|\n|t:|1700211308\n|move|p1a: Dragonite|Aqua Jet|p2b: Chien-Pao\n|-damage|p2b: Chien-Pao|0 fnt\n|faint|p2b: Chien-Pao\n|move|p2a: ORANGE|Instruct|p2: Chien-Pao|[notarget]\n|-fail|p2a: ORANGE\n|move|p1b: Poliwrath|Baton Pass|p1b: Poliwrath\n|l|\u2606Blaze1911\n|inactive|Blaze1911 disconnected and has a minute to reconnect!\n|player|p1|\n|j|\u2606Blaze1911\n|inactive|Blaze1911 reconnected and has 130 seconds left.\n|player|p1|Blaze1911|1\n|\n|t:|1700211327\n|switch|p1b: Great Tusk|Great Tusk, shiny|100\/100|[from] Baton Pass\n|-enditem|p1b: Great Tusk|Booster Energy\n|-activate|p1b: Great Tusk|ability: Protosynthesis|[fromitem]\n|-start|p1b: Great Tusk|protosynthesisatk\n|\n|-fieldend|move: Trick Room\n|upkeep\n|\n|t:|1700211342\n|switch|p2b: Farigiraf|Farigiraf, M|100\/100\n|turn|6\n|\n|t:|1700211351\n|move|p1b: Great Tusk|Earthquake|p2b: Farigiraf|[spread] p2a,p2b\n|-immune|p1a: Dragonite\n|-enditem|p2a: ORANGE|Focus Sash\n|-damage|p2a: ORANGE|1\/100\n|-damage|p2b: Farigiraf|0 fnt\n|faint|p2b: Farigiraf\n|move|p1a: Dragonite|Outrage|p2a: ORANGE\n|-damage|p2a: ORANGE|0 fnt\n|faint|p2a: ORANGE\n|\n|upkeep\n|\n|t:|1700211362\n|switch|p2b: Iron Hands|Iron Hands|100\/100\n|switch|p2a: TOAD|Torkoal, F|100\/100\n|-weather|SunnyDay|[from] ability: Drought|[of] p2a: TOAD\n|-enditem|p2b: Iron Hands|Booster Energy\n|-activate|p2b: Iron Hands|ability: Quark Drive|[fromitem]\n|-start|p2b: Iron Hands|quarkdriveatk\n|turn|7\n|\n|t:|1700211372\n|move|p1b: Great Tusk|Earthquake|p2a: TOAD|[spread] p2a,p2b\n|-immune|p1a: Dragonite\n|-supereffective|p2a: TOAD\n|-supereffective|p2b: Iron Hands\n|-damage|p2a: TOAD|0 fnt\n|-damage|p2b: Iron Hands|0 fnt\n|faint|p2a: TOAD\n|faint|p2b: Iron Hands\n|-end|p2b: Iron Hands|Quark Drive|[silent]\n|\n|win|Blaze1911\n|raw|Blaze1911's rating: 1051 &rarr; <strong>1084<\/strong><br \/>(+33 for winning)\n|raw|Goosie_911's rating: 1058 &rarr; <strong>1039<\/strong><br \/>(-19 for losing)\n|l|\u2606Goosie_911\n","uploadtime":1700211385,"views":25,"p1id":"blaze1911","p2id":"goosie911","formatid":"gen9doublesou","rating":1039,"private":0,"password":""}