{"id":"gen9doublesou-1979042974","p1":"Mezziegamer","p2":"EkCantDrawLol","format":"[Gen 9] Doubles OU","log":"|j|\u2606Mezziegamer\n|j|\u2606EkCantDrawLol\n|inactive|Battle timer is ON: inactive players will automatically lose when time's up.\n|t:|1698624895\n|gametype|doubles\n|j|*Lady Monita \u263d\n|player|p1|Mezziegamer|hiker|\n|player|p2|EkCantDrawLol|skierf|\n|teamsize|p1|4\n|teamsize|p2|4\n|gen|9\n|tier|[Gen 9] Doubles OU\n|rated|Tournament battle\n|rule|Species Clause: Limit one of each Pok\u00e9mon\n|rule|OHKO Clause: OHKO moves are banned\n|rule|Evasion Moves Clause: Evasion moves are banned\n|rule|Gravity Sleep Clause: The combination of sleep-inducing moves with imperfect accuracy and Gravity or Gigantamax Orbeetle are banned\n|rule|Endless Battle Clause: Forcing endless battles is banned\n|rule|HP Percentage Mod: HP is shown in percentages\n|clearpoke\n|poke|p1|Kingambit, F|\n|poke|p1|Azumarill, F|\n|poke|p1|Wooper-Paldea, F|\n|poke|p1|Luxio, M|\n|poke|p2|Chewtle, M|\n|poke|p2|Espathra, F|\n|poke|p2|Hydreigon, F|\n|poke|p2|Fletchinder, M|\n|teampreview\n|inactive|Mezziegamer also wants the timer to be on.\n|\n|t:|1698624913\n|start\n|switch|p1a: Wooper|Wooper-Paldea, F|100\/100\n|switch|p1b: Luxio|Luxio, M|100\/100\n|switch|p2a: Espathra|Espathra, F, shiny|100\/100\n|switch|p2b: Hydreigon|Hydreigon, F, shiny|100\/100\n|-ability|p1b: Luxio|Intimidate|boost\n|-unboost|p2a: Espathra|atk|1\n|-unboost|p2b: Hydreigon|atk|1\n|turn|1\n|\n|t:|1698624927\n|move|p2a: Espathra|Hypnosis|p1a: Wooper\n|-status|p1a: Wooper|slp|[from] move: Hypnosis\n|move|p2b: Hydreigon|Dark Pulse|p1b: Luxio\n|-damage|p1b: Luxio|54\/100\n|move|p1b: Luxio|Ice Fang|p2b: Hydreigon\n|-supereffective|p2b: Hydreigon\n|-damage|p2b: Hydreigon|60\/100\n|cant|p1a: Wooper|slp\n|\n|-ability|p2a: Espathra|Speed Boost|boost\n|-boost|p2a: Espathra|spe|1\n|upkeep\n|turn|2\n|\n|t:|1698624949\n|move|p2a: Espathra|Hypnosis|p1a: Wooper\n|-fail|p1a: Wooper|slp\n|move|p2b: Hydreigon|Dragon Pulse|p1b: Luxio\n|-crit|p1b: Luxio\n|-damage|p1b: Luxio|0 fnt\n|faint|p1b: Luxio\n|cant|p1a: Wooper|slp\n|\n|-ability|p2a: Espathra|Speed Boost|boost\n|-boost|p2a: Espathra|spe|1\n|upkeep\n|\n|t:|1698624958\n|switch|p1b: Azumarill|Azumarill, F|100\/100\n|turn|3\n|\n|t:|1698624969\n|-terastallize|p2b: Hydreigon|Poison\n|-terastallize|p1b: Azumarill|Fairy\n|move|p2a: Espathra|Hypnosis|p1b: Azumarill|[miss]\n|-miss|p2a: Espathra|p1b: Azumarill\n|move|p2b: Hydreigon|Dark Pulse|p1b: Azumarill\n|-resisted|p1b: Azumarill\n|-damage|p1b: Azumarill|80\/100\n|move|p1b: Azumarill|Ice Spinner|p2b: Hydreigon\n|-damage|p2b: Hydreigon|21\/100\n|cant|p1a: Wooper|slp\n|\n|-heal|p1b: Azumarill|86\/100|[from] item: Leftovers\n|-ability|p2a: Espathra|Speed Boost|boost\n|-boost|p2a: Espathra|spe|1\n|upkeep\n|turn|4\n|\n|t:|1698624987\n|move|p2b: Hydreigon|Protect|p2b: Hydreigon\n|-singleturn|p2b: Hydreigon|Protect\n|move|p2a: Espathra|Hypnosis|p1b: Azumarill\n|-status|p1b: Azumarill|slp|[from] move: Hypnosis\n|cant|p1b: Azumarill|slp\n|-curestatus|p1a: Wooper|slp|[msg]\n|move|p1a: Wooper|Stealth Rock|p2b: Hydreigon\n|-sidestart|p2: EkCantDrawLol|move: Stealth Rock\n|\n|-heal|p1b: Azumarill|92\/100 slp|[from] item: Leftovers\n|-ability|p2a: Espathra|Speed Boost|boost\n|-boost|p2a: Espathra|spe|1\n|upkeep\n|turn|5\n|\n|t:|1698625001\n|switch|p1b: Kingambit|Kingambit, F|100\/100\n|-activate|p1b: Kingambit|ability: Supreme Overlord\n|-start|p1b: Kingambit|fallen1|[silent]\n|move|p2a: Espathra|Lumina Crash|p1b: Kingambit\n|-immune|p1b: Kingambit\n|move|p2b: Hydreigon|Dark Pulse|p1b: Kingambit\n|-resisted|p1b: Kingambit\n|-damage|p1b: Kingambit|80\/100\n|move|p1a: Wooper|Toxic Spikes|p2a: Espathra\n|-sidestart|p2: EkCantDrawLol|move: Toxic Spikes\n|\n|-heal|p1b: Kingambit|86\/100|[from] item: Leftovers\n|-ability|p2a: Espathra|Speed Boost|boost\n|-boost|p2a: Espathra|spe|1\n|upkeep\n|turn|6\n|\n|t:|1698625019\n|move|p2a: Espathra|Hypnosis|p1b: Kingambit|[miss]\n|-miss|p2a: Espathra|p1b: Kingambit\n|move|p2b: Hydreigon|Dragon Pulse|p1a: Wooper\n|-enditem|p1a: Wooper|Focus Sash\n|-damage|p1a: Wooper|1\/100\n|move|p1b: Kingambit|Kowtow Cleave|p2a: Espathra\n|-supereffective|p2a: Espathra\n|-enditem|p2a: Espathra|Focus Sash\n|-damage|p2a: Espathra|1\/100\n|move|p1a: Wooper|Toxic Spikes|p2b: Hydreigon\n|-sidestart|p2: EkCantDrawLol|move: Toxic Spikes\n|\n|-heal|p1b: Kingambit|92\/100|[from] item: Leftovers\n|-ability|p2a: Espathra|Speed Boost|boost\n|-boost|p2a: Espathra|spe|1\n|upkeep\n|turn|7\n|j| UsernameNotVisible\n|\n|t:|1698625037\n|move|p2b: Hydreigon|Protect|p2b: Hydreigon\n|-singleturn|p2b: Hydreigon|Protect\n|move|p2a: Espathra|Hypnosis|p1b: Kingambit\n|-status|p1b: Kingambit|slp|[from] move: Hypnosis\n|cant|p1b: Kingambit|slp\n|move|p1a: Wooper|Spikes|p2b: Hydreigon\n|-sidestart|p2: EkCantDrawLol|Spikes\n|\n|-heal|p1b: Kingambit|98\/100 slp|[from] item: Leftovers\n|upkeep\n|turn|8\n|l| UsernameNotVisible\n|\n|t:|1698625062\n|switch|p2b: Chewtle|Chewtle, M|100\/100\n|-damage|p2b: Chewtle|88\/100|[from] Stealth Rock\n|-status|p2b: Chewtle|tox\n|-damage|p2b: Chewtle|76\/100 tox|[from] Spikes\n|-end|p1b: Kingambit|fallen1|[silent]\n|switch|p1b: Azumarill|Azumarill, F, tera:Fairy|92\/100 slp\n|move|p2a: Espathra|Lumina Crash|p1a: Wooper\n|-supereffective|p1a: Wooper\n|-damage|p1a: Wooper|0 fnt\n|faint|p1a: Wooper\n|\n|-heal|p1b: Azumarill|98\/100 slp|[from] item: Leftovers\n|-damage|p2b: Chewtle|69\/100 tox|[from] psn\n|upkeep\n|\n|t:|1698625075\n|switch|p1a: Kingambit|Kingambit, F|98\/100 slp\n|-activate|p1a: Kingambit|ability: Supreme Overlord\n|-start|p1a: Kingambit|fallen2|[silent]\n|turn|9\n|\n|t:|1698625086\n|move|p2a: Espathra|Lumina Crash|p1b: Azumarill\n|-damage|p1b: Azumarill|70\/100 slp\n|-unboost|p1b: Azumarill|spd|2\n|move|p2b: Chewtle|Shell Smash|p2b: Chewtle\n|-unboost|p2b: Chewtle|def|1\n|-unboost|p2b: Chewtle|spd|1\n|-boost|p2b: Chewtle|atk|2\n|-boost|p2b: Chewtle|spa|2\n|-boost|p2b: Chewtle|spe|2\n|-enditem|p2b: Chewtle|White Herb\n|-clearnegativeboost|p2b: Chewtle|[silent]\n|cant|p1a: Kingambit|slp\n|cant|p1b: Azumarill|slp\n|\n|-heal|p1a: Kingambit|100\/100 slp|[from] item: Leftovers\n|-heal|p1b: Azumarill|76\/100 slp|[from] item: Leftovers\n|-damage|p2b: Chewtle|57\/100 tox|[from] psn\n|upkeep\n|turn|10\n|\n|t:|1698625116\n|move|p2a: Espathra|Helping Hand|p2b: Chewtle\n|-singleturn|p2b: Chewtle|Helping Hand|[of] p2a: Espathra\n|move|p2b: Chewtle|Liquidation|p1a: Kingambit\n|-damage|p1a: Kingambit|36\/100 slp\n|-curestatus|p1a: Kingambit|slp|[msg]\n|move|p1a: Kingambit|Kowtow Cleave|p2b: Chewtle\n|-damage|p2b: Chewtle|0 fnt\n|faint|p2b: Chewtle\n|-curestatus|p1b: Azumarill|slp|[msg]\n|move|p1b: Azumarill|Play Rough|p2a: Espathra\n|-damage|p2a: Espathra|0 fnt\n|faint|p2a: Espathra\n|\n|-heal|p1a: Kingambit|43\/100|[from] item: Leftovers\n|-heal|p1b: Azumarill|82\/100|[from] item: Leftovers\n|upkeep\n|inactive|EkCantDrawLol has 120 seconds left.\n|\n|t:|1698625130\n|switch|p2a: Fletchinder|Fletchinder, M, shiny|100\/100\n|switch|p2b: Hydreigon|Hydreigon, F, shiny, tera:Poison|21\/100\n|-damage|p2b: Hydreigon|8\/100|[from] Stealth Rock\n|turn|11\n|\n|t:|1698625143\n|move|p2b: Hydreigon|Dark Pulse|p1b: Azumarill\n|-resisted|p1b: Azumarill\n|-damage|p1b: Azumarill|40\/100\n|move|p2a: Fletchinder|Flare Blitz|p1a: Kingambit\n|-supereffective|p1a: Kingambit\n|-damage|p1a: Kingambit|0 fnt\n|faint|p1a: Kingambit\n|-end|p1a: Kingambit|fallen2|[silent]\n|-damage|p2a: Fletchinder|79\/100|[from] Recoil\n|move|p1b: Azumarill|Ice Spinner|p2a: Fletchinder\n|-damage|p2a: Fletchinder|7\/100\n|\n|-heal|p1b: Azumarill|46\/100|[from] item: Leftovers\n|upkeep\n|turn|12\n|\n|t:|1698625158\n|move|p2b: Hydreigon|Dark Pulse|p1b: Azumarill\n|-resisted|p1b: Azumarill\n|-damage|p1b: Azumarill|7\/100\n|move|p2a: Fletchinder|Brave Bird|p1b: Azumarill\n|-damage|p1b: Azumarill|0 fnt\n|faint|p1b: Azumarill\n|-damage|p2a: Fletchinder|4\/100|[from] Recoil\n|\n|win|EkCantDrawLol\n|n|\u2606Mezziegamer|mezziegamer\n|n|\u2606EkCantDrawLol|ekcantdrawlol\n|n|*Lady Monita \u263d|ladymonita\n|l|*Lady Monita \u263d\n|l|\u2606Mezziegamer\n","uploadtime":1698625170,"views":15,"p1id":"mezziegamer","p2id":"ekcantdrawlol","formatid":"gen9doublesou","rating":0,"private":0,"password":""}