{"id":"gen9doublesou-1985468202","p1":"Obeezer","p2":"UY QUE RICO PAPI","format":"[Gen 9] Doubles OU","log":"|j|\u2606Obeezer\n|j|\u2606UY QUE RICO PAPI\n|t:|1699377164\n|gametype|doubles\n|player|p1|Obeezer|102|1291\n|player|p2|UY QUE RICO PAPI|266|1387\n|teamsize|p1|6\n|teamsize|p2|6\n|gen|9\n|tier|[Gen 9] Doubles OU\n|rated|\n|rule|Species Clause: Limit one of each Pok\u00e9mon\n|rule|OHKO Clause: OHKO moves are banned\n|rule|Evasion Moves Clause: Evasion moves are banned\n|rule|Gravity Sleep Clause: The combination of sleep-inducing moves with imperfect accuracy and Gravity or Gigantamax Orbeetle are banned\n|rule|Endless Battle Clause: Forcing endless battles is banned\n|rule|HP Percentage Mod: HP is shown in percentages\n|clearpoke\n|poke|p1|Cyclizar, F|\n|poke|p1|Toxapex, M|\n|poke|p1|Wo-Chien|\n|poke|p1|Chansey, F|\n|poke|p1|Gliscor, M|\n|poke|p1|Thundurus, M|\n|poke|p2|Trevenant, F|\n|poke|p2|Sableye, F|\n|poke|p2|Garganacl, F|\n|poke|p2|Ting-Lu|\n|poke|p2|Sinistcha|\n|poke|p2|Scream Tail|\n|teampreview\n|\n|t:|1699377180\n|start\n|switch|p1a: The Cycle|Cyclizar, F|100\/100\n|switch|p1b: The Silly|Thundurus, M|100\/100\n|switch|p2a: Sableye|Sableye, F|100\/100\n|switch|p2b: Scream Tail|Scream Tail|100\/100\n|turn|1\n|inactive|Battle timer is ON: inactive players will automatically lose when time's up. (requested by UY QUE RICO PAPI)\n|\n|t:|1699377211\n|-end|p2b: Scream Tail|Protosynthesis|[silent]\n|switch|p2b: Ting-Lu|Ting-Lu|100\/100\n|-ability|p2b: Ting-Lu|Vessel of Ruin\n|move|p1a: The Cycle|Protect|p1a: The Cycle\n|-singleturn|p1a: The Cycle|Protect\n|move|p1b: The Silly|Taunt|p2a: Sableye\n|-hint|Since gen 7, Dark is immune to Prankster moves.\n|-immune|p2a: Sableye\n|move|p2a: Sableye|Taunt|p1a: The Cycle\n|-activate|p1a: The Cycle|move: Protect\n|\n|upkeep\n|turn|2\n|inactive|Obeezer has 120 seconds left.\n|\n|t:|1699377258\n|switch|p1a: The GOAT|Gliscor, M|100\/100\n|move|p2a: Sableye|Taunt|p1b: The Silly\n|-start|p1b: The Silly|move: Taunt\n|-enditem|p1b: The Silly|Mental Herb\n|-end|p1b: The Silly|move: Taunt\n|move|p1b: The Silly|Wildbolt Storm|p2b: Ting-Lu|[spread] p2a\n|-immune|p2b: Ting-Lu\n|-damage|p2a: Sableye|75\/100\n|move|p2b: Ting-Lu|Spikes|p1b: The Silly\n|-sidestart|p1: Obeezer|Spikes\n|\n|-status|p1a: The GOAT|tox|[from] item: Toxic Orb\n|upkeep\n|turn|3\n|inactive|Obeezer has 120 seconds left.\n|inactive|UY QUE RICO PAPI has 120 seconds left.\n|\n|t:|1699377292\n|move|p1b: The Silly|Taunt|p2b: Ting-Lu\n|-hint|Since gen 7, Dark is immune to Prankster moves.\n|-immune|p2b: Ting-Lu\n|move|p2a: Sableye|Taunt|p1a: The GOAT\n|-start|p1a: The GOAT|move: Taunt\n|cant|p1a: The GOAT|move: Taunt|Substitute\n|move|p2b: Ting-Lu|Spikes|p1a: The GOAT\n|-sidestart|p1: Obeezer|Spikes\n|\n|upkeep\n|turn|4\n|inactive|Obeezer has 120 seconds left.\n|\n|t:|1699377311\n|move|p2a: Sableye|Skill Swap|p1a: The GOAT\n|-activate|p2a: Sableye|move: Skill Swap|Poison Heal|Prankster|[of] p1a: The GOAT\n|move|p1b: The Silly|Wildbolt Storm|p2a: Sableye|[spread] p2a\n|-immune|p2b: Ting-Lu\n|-damage|p2a: Sableye|50\/100\n|move|p1a: The GOAT|Rock Slide|p2a: Sableye|[spread] p2a,p2b\n|-resisted|p2b: Ting-Lu\n|-damage|p2a: Sableye|33\/100\n|-damage|p2b: Ting-Lu|98\/100\n|move|p2b: Ting-Lu|Spikes|p1b: The Silly\n|-sidestart|p1: Obeezer|Spikes\n|\n|-heal|p2b: Ting-Lu|100\/100|[from] item: Leftovers\n|-damage|p1a: The GOAT|88\/100 tox|[from] psn\n|upkeep\n|turn|5\n|\n|t:|1699377330\n|switch|p1a: The Egg|Chansey, F|100\/100\n|-damage|p1a: The Egg|75\/100|[from] Spikes\n|switch|p2a: Scream Tail|Scream Tail|100\/100\n|move|p1b: The Silly|Wildbolt Storm|p2b: Ting-Lu|[spread] p2a\n|-immune|p2b: Ting-Lu\n|-damage|p2a: Scream Tail|84\/100\n|move|p2b: Ting-Lu|Mean Look|p1a: The Egg\n|-activate|p1a: The Egg|trapped\n|\n|upkeep\n|turn|6\n|inactive|Obeezer has 120 seconds left.\n|inactive|UY QUE RICO PAPI has 120 seconds left.\n|\n|t:|1699377388\n|switch|p1b: The Cycle|Cyclizar, F|100\/100\n|-damage|p1b: The Cycle|75\/100|[from] Spikes\n|move|p2a: Scream Tail|Encore||[still]\n|-fail|p2a: Scream Tail\n|move|p1a: The Egg|Life Dew|p1a: The Egg|[spread] p1a,p1b\n|-heal|p1a: The Egg|100\/100\n|-heal|p1b: The Cycle|100\/100\n|move|p2b: Ting-Lu|Mean Look|p1b: The Cycle\n|-activate|p1b: The Cycle|trapped\n|\n|upkeep\n|turn|7\n|\n|t:|1699377417\n|move|p2a: Scream Tail|Stealth Rock|p1a: The Egg\n|-sidestart|p1: Obeezer|move: Stealth Rock\n|move|p1a: The Egg|Seismic Toss|p2b: Ting-Lu\n|-damage|p2b: Ting-Lu|81\/100\n|move|p1b: The Cycle|Dragon Tail|p2a: Scream Tail\n|-immune|p2a: Scream Tail\n|move|p2b: Ting-Lu|Whirlwind|p1b: The Cycle\n|drag|p1b: The Snail|Wo-Chien|100\/100\n|-damage|p1b: The Snail|76\/100|[from] Spikes\n|-damage|p1b: The Snail|63\/100|[from] Stealth Rock\n|-ability|p1b: The Snail|Tablets of Ruin\n|\n|-heal|p1b: The Snail|69\/100|[from] item: Leftovers\n|-heal|p2b: Ting-Lu|87\/100|[from] item: Leftovers\n|upkeep\n|turn|8\n|inactive|UY QUE RICO PAPI has 120 seconds left.\n|inactive|UY QUE RICO PAPI has 90 seconds left.\n|inactive|UY QUE RICO PAPI has 60 seconds left.\n|\n|t:|1699377510\n|move|p2a: Scream Tail|Encore|p1a: The Egg\n|-start|p1a: The Egg|Encore\n|move|p1b: The Snail|Substitute|p1b: The Snail\n|-start|p1b: The Snail|Substitute\n|-damage|p1b: The Snail|45\/100\n|move|p1a: The Egg|Seismic Toss|p2b: Ting-Lu\n|-damage|p2b: Ting-Lu|68\/100\n|move|p2b: Ting-Lu|Mean Look||[still]\n|-fail|p2b: Ting-Lu\n|\n|-heal|p1b: The Snail|51\/100|[from] item: Leftovers\n|-heal|p2b: Ting-Lu|74\/100|[from] item: Leftovers\n|upkeep\n|turn|9\n|inactive|Obeezer has 120 seconds left.\n|inactive|UY QUE RICO PAPI has 60 seconds left.\n|\n|t:|1699377535\n|move|p2b: Ting-Lu|Protect|p2b: Ting-Lu\n|-singleturn|p2b: Ting-Lu|Protect\n|move|p2a: Scream Tail|Amnesia|p2a: Scream Tail\n|-boost|p2a: Scream Tail|spd|2\n|move|p1b: The Snail|Leech Seed|p2a: Scream Tail\n|-start|p2a: Scream Tail|move: Leech Seed\n|move|p1a: The Egg|Seismic Toss|p2b: Ting-Lu\n|-activate|p2b: Ting-Lu|move: Protect\n|\n|-heal|p1b: The Snail|57\/100|[from] item: Leftovers\n|-heal|p2b: Ting-Lu|80\/100|[from] item: Leftovers\n|-damage|p2a: Scream Tail|71\/100|[from] Leech Seed|[of] p1b: The Snail\n|-heal|p1b: The Snail|71\/100|[silent]\n|upkeep\n|turn|10\n|inactive|Obeezer has 120 seconds left.\n|\n|t:|1699377554\n|move|p2a: Scream Tail|Baton Pass|p2a: Scream Tail\n|\n|t:|1699377560\n|-end|p2a: Scream Tail|Protosynthesis|[silent]\n|switch|p2a: Trevenant|Trevenant, F|100\/100|[from] Baton Pass\n|move|p1b: The Snail|Leech Seed|p2b: Ting-Lu\n|-start|p2b: Ting-Lu|move: Leech Seed\n|move|p1a: The Egg|Seismic Toss|p2b: Ting-Lu\n|-damage|p2b: Ting-Lu|61\/100\n|move|p2b: Ting-Lu|Whirlwind|p1b: The Snail\n|drag|p1b: The Pex|Toxapex, M|100\/100\n|-damage|p1b: The Pex|75\/100|[from] Spikes\n|-damage|p1b: The Pex|63\/100|[from] Stealth Rock\n|\n|-heal|p2b: Ting-Lu|67\/100|[from] item: Leftovers\n|-heal|p1b: The Pex|69\/100|[from] item: Leftovers\n|-damage|p2a: Trevenant|88\/100|[from] Leech Seed|[of] p1b: The Pex\n|-heal|p1b: The Pex|84\/100|[silent]\n|-damage|p2b: Ting-Lu|55\/100|[from] Leech Seed|[of] p1b: The Pex\n|-heal|p1b: The Pex|100\/100|[silent]\n|-end|p1a: The Egg|Encore\n|upkeep\n|turn|11\n|inactive|UY QUE RICO PAPI has 90 seconds left.\n|inactive|Obeezer has 120 seconds left.\n|inactive|UY QUE RICO PAPI has 60 seconds left.\n|\n|t:|1699377605\n|switch|p2a: Scream Tail|Scream Tail|71\/100\n|switch|p2b: Sinistcha|Sinistcha|100\/100\n|-heal|p2a: Scream Tail|96\/100|[from] ability: Hospitality|[of] p2b: Sinistcha\n|-terastallize|p1b: The Pex|Steel\n|move|p1a: The Egg|Life Dew||[still]|[still]|[spread] \n|-fail|p1a: The Egg|heal\n|-fail|p1b: The Pex|heal\n|move|p1b: The Pex|Stockpile|p1b: The Pex\n|-start|p1b: The Pex|stockpile1\n|-boost|p1b: The Pex|def|1\n|-boost|p1b: The Pex|spd|1\n|\n|upkeep\n|turn|12\n|inactive|Obeezer has 120 seconds left.\n|inactive|UY QUE RICO PAPI has 60 seconds left.\n|\n|t:|1699377634\n|switch|p2b: Trevenant|Trevenant, F|88\/100\n|move|p2a: Scream Tail|Encore|p1b: The Pex\n|-start|p1b: The Pex|Encore\n|move|p1a: The Egg|Seismic Toss|p2a: Scream Tail\n|-damage|p2a: Scream Tail|73\/100\n|move|p1b: The Pex|Stockpile|p1b: The Pex\n|-start|p1b: The Pex|stockpile2\n|-boost|p1b: The Pex|def|1\n|-boost|p1b: The Pex|spd|1\n|\n|upkeep\n|turn|13\n|inactive|Obeezer has 120 seconds left.\n|\n|t:|1699377657\n|move|p2a: Scream Tail|Baton Pass|p2a: Scream Tail\n|\n|t:|1699377662\n|-end|p2a: Scream Tail|Protosynthesis|[silent]\n|switch|p2a: Ting-Lu|Ting-Lu|55\/100|[from] Baton Pass\n|-ability|p2a: Ting-Lu|Vessel of Ruin\n|move|p2b: Trevenant|Substitute|p2b: Trevenant\n|-start|p2b: Trevenant|Substitute\n|-damage|p2b: Trevenant|63\/100\n|move|p1a: The Egg|Seismic Toss|p2a: Ting-Lu\n|-damage|p2a: Ting-Lu|35\/100\n|move|p1b: The Pex|Stockpile|p1b: The Pex\n|-start|p1b: The Pex|stockpile3\n|-boost|p1b: The Pex|def|1\n|-boost|p1b: The Pex|spd|1\n|\n|-heal|p2a: Ting-Lu|41\/100|[from] item: Leftovers\n|upkeep\n|turn|14\n|inactive|UY QUE RICO PAPI has 90 seconds left.\n|inactive|UY QUE RICO PAPI has 60 seconds left.\n|\n|t:|1699377698\n|move|p2b: Trevenant|Curse|p1a: The Egg\n|-start|p1a: The Egg|Curse|[of] p2b: Trevenant\n|-damage|p2b: Trevenant|13\/100\n|-enditem|p2b: Trevenant|Sitrus Berry|[eat]\n|-heal|p2b: Trevenant|38\/100|[from] item: Sitrus Berry\n|move|p1a: The Egg|Seismic Toss|p2a: Ting-Lu\n|-damage|p2a: Ting-Lu|22\/100\n|move|p2a: Ting-Lu|Mean Look|p1a: The Egg\n|-activate|p1a: The Egg|trapped\n|move|p1b: The Pex|Stockpile||[still]\n|-fail|p1b: The Pex\n|\n|-heal|p2a: Ting-Lu|28\/100|[from] item: Leftovers\n|-damage|p1a: The Egg|75\/100|[from] Curse\n|-end|p1b: The Pex|Encore\n|upkeep\n|turn|15\n|inactive|Obeezer has 120 seconds left.\n|\n|t:|1699377732\n|move|p2a: Ting-Lu|Protect|p2a: Ting-Lu\n|-singleturn|p2a: Ting-Lu|Protect\n|move|p2b: Trevenant|Leech Seed|p1a: The Egg|[miss]\n|-miss|p2b: Trevenant|p1a: The Egg\n|move|p1a: The Egg|Life Dew||[still]|[spread] p1a,p1b\n|-heal|p1a: The Egg|100\/100\n|-fail|p1b: The Pex|heal\n|move|p1b: The Pex|Toxic|p2a: Ting-Lu\n|-activate|p2a: Ting-Lu|move: Protect\n|\n|-heal|p2a: Ting-Lu|34\/100|[from] item: Leftovers\n|-damage|p1a: The Egg|75\/100|[from] Curse\n|-item|p2b: Trevenant|Sitrus Berry|[from] ability: Harvest\n|upkeep\n|-enditem|p2b: Trevenant|Sitrus Berry|[eat]\n|-heal|p2b: Trevenant|63\/100|[from] item: Sitrus Berry\n|turn|16\n|c|\u2606Obeezer|this is such a silly game\n|inactive|UY QUE RICO PAPI has 60 seconds left.\n|\n|t:|1699377770\n|-terastallize|p2a: Ting-Lu|Poison\n|move|p2b: Trevenant|Leech Seed|p1a: The Egg|[miss]\n|-miss|p2b: Trevenant|p1a: The Egg\n|move|p1a: The Egg|Life Dew||[still]|[spread] p1a,p1b\n|-heal|p1a: The Egg|100\/100\n|-fail|p1b: The Pex|heal\n|move|p2a: Ting-Lu|Mean Look|p1b: The Pex\n|-activate|p1b: The Pex|trapped\n|move|p1b: The Pex|Toxic|p2a: Ting-Lu\n|-immune|p2a: Ting-Lu\n|\n|-heal|p2a: Ting-Lu|41\/100|[from] item: Leftovers\n|-damage|p1a: The Egg|75\/100|[from] Curse\n|upkeep\n|turn|17\n|c|\u2606Obeezer|your team is very creative I love it\n|\n|t:|1699377800\n|move|p2a: Ting-Lu|Protect|p2a: Ting-Lu\n|-singleturn|p2a: Ting-Lu|Protect\n|move|p2b: Trevenant|Leech Seed|p1a: The Egg\n|-start|p1a: The Egg|move: Leech Seed\n|move|p1a: The Egg|Seismic Toss|p2a: Ting-Lu\n|-activate|p2a: Ting-Lu|move: Protect\n|move|p1b: The Pex|Infestation|p2a: Ting-Lu\n|-activate|p2a: Ting-Lu|move: Protect\n|\n|-heal|p2a: Ting-Lu|47\/100|[from] item: Leftovers\n|-damage|p1a: The Egg|63\/100|[from] Leech Seed|[of] p2b: Trevenant\n|-heal|p2b: Trevenant|87\/100|[silent]\n|-damage|p1a: The Egg|38\/100|[from] Curse\n|upkeep\n|turn|18\n|\n|t:|1699377819\n|move|p2a: Ting-Lu|Protect|p2a: Ting-Lu\n|-singleturn|p2a: Ting-Lu|Protect\n|move|p2b: Trevenant|Curse|p1b: The Pex\n|-start|p1b: The Pex|Curse|[of] p2b: Trevenant\n|-damage|p2b: Trevenant|37\/100\n|move|p1a: The Egg|Soft-Boiled|p1a: The Egg\n|-heal|p1a: The Egg|88\/100\n|move|p1b: The Pex|Infestation|p2a: Ting-Lu\n|-activate|p2a: Ting-Lu|move: Protect\n|\n|-heal|p2a: Ting-Lu|53\/100|[from] item: Leftovers\n|-damage|p1a: The Egg|75\/100|[from] Leech Seed|[of] p2b: Trevenant\n|-heal|p2b: Trevenant|60\/100|[silent]\n|-damage|p1a: The Egg|50\/100|[from] Curse\n|-damage|p1b: The Pex|75\/100|[from] Curse\n|-item|p2b: Trevenant|Sitrus Berry|[from] ability: Harvest\n|upkeep\n|turn|19\n|inactive|UY QUE RICO PAPI has 90 seconds left.\n|\n|t:|1699377839\n|move|p2a: Ting-Lu|Protect||[still]\n|-fail|p2a: Ting-Lu\n|move|p2b: Trevenant|Leech Seed|p1b: The Pex\n|-start|p1b: The Pex|move: Leech Seed\n|move|p1a: The Egg|Soft-Boiled|p1a: The Egg\n|-heal|p1a: The Egg|100\/100\n|move|p1b: The Pex|Infestation|p2a: Ting-Lu\n|-resisted|p2a: Ting-Lu\n|-damage|p2a: Ting-Lu|52\/100\n|-activate|p2a: Ting-Lu|move: Infestation|[of] p1b: The Pex\n|\n|-heal|p2a: Ting-Lu|58\/100|[from] item: Leftovers\n|-heal|p1b: The Pex|82\/100|[from] item: Leftovers\n|-damage|p1a: The Egg|88\/100|[from] Leech Seed|[of] p2b: Trevenant\n|-heal|p2b: Trevenant|84\/100|[silent]\n|-damage|p1b: The Pex|69\/100|[from] Leech Seed|[of] p2b: Trevenant\n|-heal|p2b: Trevenant|94\/100|[silent]\n|-damage|p1a: The Egg|63\/100|[from] Curse\n|-damage|p1b: The Pex|44\/100|[from] Curse\n|-damage|p2a: Ting-Lu|46\/100|[from] move: Infestation|[partiallytrapped]\n|upkeep\n|turn|20\n|inactive|UY QUE RICO PAPI has 90 seconds left.\n|\n|t:|1699377864\n|move|p2b: Trevenant|Protect|p2b: Trevenant\n|-singleturn|p2b: Trevenant|Protect\n|move|p2a: Ting-Lu|Protect|p2a: Ting-Lu\n|-singleturn|p2a: Ting-Lu|Protect\n|move|p1a: The Egg|Soft-Boiled|p1a: The Egg\n|-heal|p1a: The Egg|100\/100\n|move|p1b: The Pex|Recover|p1b: The Pex\n|-heal|p1b: The Pex|94\/100\n|\n|-heal|p2a: Ting-Lu|52\/100|[from] item: Leftovers\n|-heal|p1b: The Pex|100\/100|[from] item: Leftovers\n|-damage|p1a: The Egg|88\/100|[from] Leech Seed|[of] p2b: Trevenant\n|-heal|p2b: Trevenant|100\/100|[silent]\n|-damage|p1b: The Pex|88\/100|[from] Leech Seed|[of] p2b: Trevenant\n|-damage|p1a: The Egg|63\/100|[from] Curse\n|-damage|p1b: The Pex|63\/100|[from] Curse\n|-damage|p2a: Ting-Lu|40\/100|[from] move: Infestation|[partiallytrapped]\n|upkeep\n|turn|21\n|inactive|Obeezer has 120 seconds left.\n|inactive|UY QUE RICO PAPI has 90 seconds left.\n|inactive|Obeezer has 90 seconds left.\n|inactive|Obeezer has 60 seconds left.\n|\n|t:|1699377957\n|move|p2b: Trevenant|Protect||[still]\n|-fail|p2b: Trevenant\n|move|p2a: Ting-Lu|Protect||[still]\n|-fail|p2a: Ting-Lu\n|move|p1a: The Egg|Seismic Toss|p2a: Ting-Lu\n|-damage|p2a: Ting-Lu|20\/100\n|move|p1b: The Pex|Infestation|p2b: Trevenant\n|-activate|p2b: Trevenant|move: Substitute|[damage]\n|\n|-heal|p2a: Ting-Lu|27\/100|[from] item: Leftovers\n|-heal|p1b: The Pex|69\/100|[from] item: Leftovers\n|-damage|p1a: The Egg|50\/100|[from] Leech Seed|[of] p2b: Trevenant\n|-damage|p1b: The Pex|57\/100|[from] Leech Seed|[of] p2b: Trevenant\n|-damage|p1a: The Egg|25\/100|[from] Curse\n|-damage|p1b: The Pex|32\/100|[from] Curse\n|-damage|p2a: Ting-Lu|14\/100|[from] move: Infestation|[partiallytrapped]\n|upkeep\n|turn|22\n|inactive|UY QUE RICO PAPI has 90 seconds left.\n|\n|t:|1699377990\n|move|p2b: Trevenant|Protect|p2b: Trevenant\n|-singleturn|p2b: Trevenant|Protect\n|move|p2a: Ting-Lu|Protect|p2a: Ting-Lu\n|-singleturn|p2a: Ting-Lu|Protect\n|move|p1a: The Egg|Soft-Boiled|p1a: The Egg\n|-heal|p1a: The Egg|75\/100\n|move|p1b: The Pex|Recover|p1b: The Pex\n|-heal|p1b: The Pex|82\/100\n|\n|-heal|p2a: Ting-Lu|20\/100|[from] item: Leftovers\n|-heal|p1b: The Pex|88\/100|[from] item: Leftovers\n|-damage|p1a: The Egg|63\/100|[from] Leech Seed|[of] p2b: Trevenant\n|-damage|p1b: The Pex|75\/100|[from] Leech Seed|[of] p2b: Trevenant\n|-damage|p1a: The Egg|38\/100|[from] Curse\n|-damage|p1b: The Pex|50\/100|[from] Curse\n|-damage|p2a: Ting-Lu|8\/100|[from] move: Infestation|[partiallytrapped]\n|upkeep\n|turn|23\n|inactive|UY QUE RICO PAPI has 90 seconds left.\n|inactive|Obeezer has 60 seconds left.\n|\n|t:|1699378029\n|move|p2b: Trevenant|Protect||[still]\n|-fail|p2b: Trevenant\n|move|p2a: Ting-Lu|Protect|p2a: Ting-Lu\n|-singleturn|p2a: Ting-Lu|Protect\n|move|p1a: The Egg|Soft-Boiled|p1a: The Egg\n|-heal|p1a: The Egg|88\/100\n|move|p1b: The Pex|Recover|p1b: The Pex\n|-heal|p1b: The Pex|100\/100\n|\n|-heal|p2a: Ting-Lu|14\/100|[from] item: Leftovers\n|-damage|p1a: The Egg|75\/100|[from] Leech Seed|[of] p2b: Trevenant\n|-damage|p1b: The Pex|88\/100|[from] Leech Seed|[of] p2b: Trevenant\n|-damage|p1a: The Egg|50\/100|[from] Curse\n|-damage|p1b: The Pex|63\/100|[from] Curse\n|-end|p2a: Ting-Lu|Infestation|[partiallytrapped]\n|upkeep\n|turn|24\n|inactive|UY QUE RICO PAPI has 90 seconds left.\n|inactive|Obeezer has 60 seconds left.\n|\n|t:|1699378060\n|switch|p2b: Sinistcha|Sinistcha|100\/100\n|-heal|p2a: Ting-Lu|39\/100|[from] ability: Hospitality|[of] p2b: Sinistcha\n|move|p2a: Ting-Lu|Protect||[still]\n|-fail|p2a: Ting-Lu\n|move|p1a: The Egg|Seismic Toss|p2a: Ting-Lu\n|-damage|p2a: Ting-Lu|20\/100\n|move|p1b: The Pex|Recover|p1b: The Pex\n|-heal|p1b: The Pex|100\/100\n|\n|-heal|p2a: Ting-Lu|26\/100|[from] item: Leftovers\n|-damage|p1a: The Egg|38\/100|[from] Leech Seed|[of] p2b: Sinistcha\n|-damage|p1b: The Pex|88\/100|[from] Leech Seed|[of] p2b: Sinistcha\n|-damage|p1a: The Egg|13\/100|[from] Curse\n|-damage|p1b: The Pex|63\/100|[from] Curse\n|upkeep\n|turn|25\n|inactive|UY QUE RICO PAPI has 90 seconds left.\n|inactive|Obeezer has 60 seconds left.\n|\n|t:|1699378086\n|move|p2a: Ting-Lu|Protect|p2a: Ting-Lu\n|-singleturn|p2a: Ting-Lu|Protect\n|move|p2b: Sinistcha|Life Dew||[still]|[spread] p2a,p2b\n|-heal|p2a: Ting-Lu|51\/100\n|-fail|p2b: Sinistcha|heal\n|move|p1a: The Egg|Soft-Boiled|p1a: The Egg\n|-heal|p1a: The Egg|63\/100\n|move|p1b: The Pex|Toxic|p2b: Sinistcha\n|-status|p2b: Sinistcha|tox\n|\n|-heal|p2a: Ting-Lu|57\/100|[from] item: Leftovers\n|-heal|p1b: The Pex|69\/100|[from] item: Leftovers\n|-damage|p1a: The Egg|50\/100|[from] Leech Seed|[of] p2b: Sinistcha\n|-damage|p1b: The Pex|57\/100|[from] Leech Seed|[of] p2b: Sinistcha\n|-damage|p2b: Sinistcha|94\/100 tox|[from] psn\n|-damage|p1a: The Egg|25\/100|[from] Curse\n|-damage|p1b: The Pex|32\/100|[from] Curse\n|upkeep\n|turn|26\n|inactive|Obeezer has 60 seconds left.\n|\n|t:|1699378109\n|switch|p2b: Garganacl|Garganacl, F|100\/100\n|move|p1a: The Egg|Life Dew|p1a: The Egg|[spread] p1a,p1b\n|-heal|p1a: The Egg|50\/100\n|-heal|p1b: The Pex|57\/100\n|move|p2a: Ting-Lu|Spikes||[still]\n|-fail|p2a: Ting-Lu\n|move|p1b: The Pex|Infestation|p2a: Ting-Lu\n|-resisted|p2a: Ting-Lu\n|-damage|p2a: Ting-Lu|56\/100\n|-activate|p2a: Ting-Lu|move: Infestation|[of] p1b: The Pex\n|\n|-heal|p2a: Ting-Lu|63\/100|[from] item: Leftovers\n|-heal|p1b: The Pex|63\/100|[from] item: Leftovers\n|-damage|p1a: The Egg|38\/100|[from] Leech Seed|[of] p2b: Garganacl\n|-damage|p1b: The Pex|50\/100|[from] Leech Seed|[of] p2b: Garganacl\n|-damage|p1a: The Egg|13\/100|[from] Curse\n|-damage|p1b: The Pex|25\/100|[from] Curse\n|-damage|p2a: Ting-Lu|50\/100|[from] move: Infestation|[partiallytrapped]\n|upkeep\n|turn|27\n|inactive|Obeezer has 60 seconds left.\n|\n|t:|1699378144\n|move|p2a: Ting-Lu|Protect|p2a: Ting-Lu\n|-singleturn|p2a: Ting-Lu|Protect\n|move|p1a: The Egg|Life Dew|p1a: The Egg|[spread] p1a,p1b\n|-heal|p1a: The Egg|38\/100\n|-heal|p1b: The Pex|50\/100\n|move|p2b: Garganacl|Salt Cure|p1b: The Pex\n|-resisted|p1b: The Pex\n|-damage|p1b: The Pex|49\/100\n|-start|p1b: The Pex|Salt Cure\n|move|p1b: The Pex|Recover|p1b: The Pex\n|-heal|p1b: The Pex|99\/100\n|\n|-heal|p2a: Ting-Lu|56\/100|[from] item: Leftovers\n|-heal|p1b: The Pex|100\/100|[from] item: Leftovers\n|-damage|p1a: The Egg|25\/100|[from] Leech Seed|[of] p2b: Garganacl\n|-damage|p1b: The Pex|88\/100|[from] Leech Seed|[of] p2b: Garganacl\n|-damage|p1a: The Egg|0 fnt|[from] Curse\n|faint|p1a: The Egg\n|-damage|p1b: The Pex|63\/100|[from] Curse\n|-damage|p2a: Ting-Lu|44\/100|[from] move: Infestation|[partiallytrapped]\n|-damage|p1b: The Pex|38\/100|[from] Salt Cure\n|upkeep\n|inactive|Obeezer has 30 seconds left.\n|\n|t:|1699378172\n|switch|p1a: The Silly|Thundurus, M|100\/100\n|-damage|p1a: The Silly|76\/100|[from] Stealth Rock\n|turn|28\n|inactive|UY QUE RICO PAPI has 120 seconds left.\n|\n|t:|1699378189\n|move|p2a: Ting-Lu|Protect|p2a: Ting-Lu\n|-singleturn|p2a: Ting-Lu|Protect\n|move|p1a: The Silly|Taunt|p2b: Garganacl\n|-start|p2b: Garganacl|move: Taunt\n|move|p2b: Garganacl|Salt Cure|p1a: The Silly\n|-supereffective|p1a: The Silly\n|-damage|p1a: The Silly|44\/100\n|-start|p1a: The Silly|Salt Cure\n|move|p1b: The Pex|Infestation|p2b: Garganacl\n|-damage|p2b: Garganacl|98\/100\n|-activate|p2b: Garganacl|move: Infestation|[of] p1b: The Pex\n|\n|-heal|p2a: Ting-Lu|50\/100|[from] item: Leftovers\n|-heal|p1b: The Pex|44\/100|[from] item: Leftovers\n|-damage|p1b: The Pex|32\/100|[from] Leech Seed|[of] p2b: Garganacl\n|-heal|p2b: Garganacl|100\/100|[silent]\n|-damage|p1b: The Pex|7\/100|[from] Curse\n|-damage|p1a: The Silly|31\/100|[from] Salt Cure\n|-damage|p2a: Ting-Lu|38\/100|[from] move: Infestation|[partiallytrapped]\n|-damage|p2b: Garganacl|88\/100|[from] move: Infestation|[partiallytrapped]\n|-damage|p1b: The Pex|0 fnt|[from] Salt Cure\n|faint|p1b: The Pex\n|upkeep\n|inactive|Obeezer has 30 seconds left.\n|inactive|Obeezer has 20 seconds left.\n|inactive|Obeezer has 15 seconds left.\n|inactive|Obeezer has 10 seconds left.\n|\n|t:|1699378225\n|switch|p1b: The Cycle|Cyclizar, F|100\/100\n|-damage|p1b: The Cycle|75\/100|[from] Spikes\n|-damage|p1b: The Cycle|63\/100|[from] Stealth Rock\n|turn|29\n|inactive|Obeezer has 30 seconds left.\n|\n|t:|1699378240\n|move|p2a: Ting-Lu|Protect||[still]\n|-fail|p2a: Ting-Lu\n|move|p1a: The Silly|Taunt|p2a: Ting-Lu\n|-start|p2a: Ting-Lu|move: Taunt\n|move|p1b: The Cycle|Shed Tail|p1b: The Cycle\n|-start|p1b: The Cycle|Substitute|[from] move: Shed Tail\n|-damage|p1b: The Cycle|13\/100\n|-enditem|p1b: The Cycle|Sitrus Berry|[eat]\n|-heal|p1b: The Cycle|38\/100|[from] item: Sitrus Berry\n|inactive|Obeezer has 30 seconds left this turn.\n|inactive|Obeezer has 20 seconds left.\n|\n|t:|1699378253\n|switch|p1b: The Snail|Wo-Chien|71\/100|[from] Shed Tail\n|-damage|p1b: The Snail|46\/100|[from] Spikes\n|-damage|p1b: The Snail|34\/100|[from] Stealth Rock\n|-ability|p1b: The Snail|Tablets of Ruin\n|move|p2b: Garganacl|Salt Cure|p1a: The Silly\n|-supereffective|p1a: The Silly\n|-damage|p1a: The Silly|4\/100\n|\n|-heal|p1b: The Snail|40\/100|[from] item: Leftovers\n|-heal|p2a: Ting-Lu|44\/100|[from] item: Leftovers\n|-damage|p1a: The Silly|0 fnt|[from] Salt Cure\n|faint|p1a: The Silly\n|-end|p2a: Ting-Lu|Infestation|[partiallytrapped]|[silent]\n|-end|p2b: Garganacl|Infestation|[partiallytrapped]|[silent]\n|upkeep\n|inactive|Obeezer has 25 seconds left this turn.\n|inactive|Obeezer has 20 seconds left.\n|inactive|Obeezer has 15 seconds left.\n|inactive|Obeezer has 10 seconds left.\n|\n|t:|1699378270\n|switch|p1a: The Cycle|Cyclizar, F|71\/100\n|-damage|p1a: The Cycle|46\/100|[from] Spikes\n|-damage|p1a: The Cycle|34\/100|[from] Stealth Rock\n|turn|30\n|inactive|Obeezer has 30 seconds left.\n|inactive|Obeezer has 20 seconds left.\n|inactive|Obeezer has 15 seconds left.\n|\n|t:|1699378290\n|switch|p2a: Sableye|Sableye, F|33\/100\n|switch|p2b: Sinistcha|Sinistcha|94\/100 tox\n|-heal|p2a: Sableye|58\/100|[from] ability: Hospitality|[of] p2b: Sinistcha\n|move|p1a: The Cycle|Rapid Spin|p2b: Sinistcha\n|-immune|p2b: Sinistcha\n|move|p1b: The Snail|Leech Seed|p2a: Sableye\n|-start|p2a: Sableye|move: Leech Seed\n|\n|-heal|p2b: Sinistcha|100\/100 tox|[from] item: Leftovers\n|-heal|p1b: The Snail|46\/100|[from] item: Leftovers\n|-damage|p2a: Sableye|46\/100|[from] Leech Seed|[of] p1b: The Snail\n|-heal|p1b: The Snail|57\/100|[silent]\n|-damage|p2b: Sinistcha|94\/100 tox|[from] psn\n|upkeep\n|turn|31\n|inactive|Obeezer has 30 seconds left.\n|inactive|Obeezer has 20 seconds left.\n|\n|t:|1699378318\n|move|p2a: Sableye|Reflect|p2a: Sableye\n|-sidestart|p2: UY QUE RICO PAPI|Reflect\n|move|p1a: The Cycle|Rapid Spin|p2a: Sableye\n|-immune|p2a: Sableye\n|move|p2b: Sinistcha|Life Dew|p2b: Sinistcha|[spread] p2a,p2b\n|-heal|p2a: Sableye|71\/100\n|-heal|p2b: Sinistcha|100\/100 tox\n|move|p1b: The Snail|Pollen Puff|p1a: The Cycle\n|-heal|p1a: The Cycle|84\/100\n|\n|-heal|p1b: The Snail|63\/100|[from] item: Leftovers\n|-damage|p2a: Sableye|58\/100|[from] Leech Seed|[of] p1b: The Snail\n|-heal|p1b: The Snail|73\/100|[silent]\n|-damage|p2b: Sinistcha|88\/100 tox|[from] psn\n|upkeep\n|turn|32\n|inactive|Obeezer has 30 seconds left.\n|inactive|Obeezer has 20 seconds left.\n|inactive|Obeezer has 15 seconds left.\n|inactive|Obeezer has 10 seconds left.\n|inactive|Obeezer has 5 seconds left.\n|\n|t:|1699378363\n|move|p2a: Sableye|Light Screen|p2a: Sableye\n|-sidestart|p2: UY QUE RICO PAPI|move: Light Screen\n|move|p2b: Sinistcha|Life Dew|p2b: Sinistcha|[spread] p2a,p2b\n|-heal|p2a: Sableye|83\/100\n|-heal|p2b: Sinistcha|100\/100 tox\n|move|p1b: The Snail|Pollen Puff|p2a: Sableye\n|-damage|p2a: Sableye|69\/100\n|move|p1a: The Cycle|Dragon Tail|p2a: Sableye\n|-damage|p2a: Sableye|56\/100\n|drag|p2a: Garganacl|Garganacl, F|88\/100\n|\n|-heal|p1b: The Snail|79\/100|[from] item: Leftovers\n|-damage|p2b: Sinistcha|82\/100 tox|[from] psn\n|upkeep\n|turn|33\n|inactive|Obeezer has 30 seconds left this turn.\n|inactive|Obeezer has 20 seconds left.\n|inactive|Obeezer has 15 seconds left.\n|inactive|Obeezer has 10 seconds left.\n|\n|t:|1699378390\n|switch|p2b: Ting-Lu|Ting-Lu, tera:Poison|44\/100\n|-ability|p2b: Ting-Lu|Vessel of Ruin\n|move|p2a: Garganacl|Protect|p2a: Garganacl\n|-singleturn|p2a: Garganacl|Protect\n|move|p1a: The Cycle|Rapid Spin|p2a: Garganacl\n|-activate|p2a: Garganacl|move: Protect\n|move|p1b: The Snail|Leech Seed|p2a: Garganacl\n|-activate|p2a: Garganacl|move: Protect\n|\n|-heal|p1b: The Snail|85\/100|[from] item: Leftovers\n|-heal|p2b: Ting-Lu|50\/100|[from] item: Leftovers\n|upkeep\n|turn|34\n|inactive|Obeezer has 30 seconds left.\n|inactive|Obeezer has 20 seconds left.\n|inactive|Obeezer has 15 seconds left.\n|inactive|Obeezer has 10 seconds left.\n|\n|t:|1699378416\n|switch|p2a: Trevenant|Trevenant, F|100\/100\n|move|p1a: The Cycle|Rapid Spin|p2a: Trevenant\n|-immune|p2a: Trevenant\n|move|p1b: The Snail|Leech Seed|p2b: Ting-Lu\n|-start|p2b: Ting-Lu|move: Leech Seed\n|move|p2b: Ting-Lu|Whirlwind|p1b: The Snail\n|drag|p1b: The GOAT|Gliscor, M|88\/100 tox\n|-damage|p1b: The GOAT|76\/100 tox|[from] Stealth Rock\n|\n|-heal|p2b: Ting-Lu|56\/100|[from] item: Leftovers\n|-damage|p2b: Ting-Lu|44\/100|[from] Leech Seed|[of] p1b: The GOAT\n|-heal|p1b: The GOAT|94\/100 tox|[silent]\n|-heal|p1b: The GOAT|100\/100 tox|[from] ability: Poison Heal\n|upkeep\n|turn|35\n|inactive|Obeezer has 30 seconds left.\n|inactive|Obeezer has 20 seconds left.\n|inactive|Obeezer has 15 seconds left.\n|inactive|Obeezer has 10 seconds left.\n|\n|t:|1699378444\n|switch|p2b: Sableye|Sableye, F|56\/100\n|move|p1a: The Cycle|Rapid Spin|p2b: Sableye\n|-immune|p2b: Sableye\n|move|p1b: The GOAT|Substitute|p1b: The GOAT\n|-start|p1b: The GOAT|Substitute\n|-damage|p1b: The GOAT|76\/100 tox\n|move|p2a: Trevenant|Curse|p1b: The GOAT\n|-start|p1b: The GOAT|Curse|[of] p2a: Trevenant\n|-damage|p2a: Trevenant|50\/100\n|-enditem|p2a: Trevenant|Sitrus Berry|[eat]\n|-heal|p2a: Trevenant|75\/100|[from] item: Sitrus Berry\n|\n|-heal|p1b: The GOAT|88\/100 tox|[from] ability: Poison Heal\n|-damage|p1b: The GOAT|63\/100 tox|[from] Curse\n|-item|p2a: Trevenant|Sitrus Berry|[from] ability: Harvest\n|upkeep\n|turn|36\n|inactive|Obeezer has 30 seconds left.\n|inactive|Obeezer has 20 seconds left.\n|inactive|Obeezer has 15 seconds left.\n|inactive|Obeezer has 10 seconds left.\n|inactive|Obeezer has 5 seconds left.\n|inactive|UY QUE RICO PAPI has 120 seconds left.\n|\n|t:|1699378476\n|switch|p1b: The Snail|Wo-Chien|85\/100\n|-damage|p1b: The Snail|60\/100|[from] Spikes\n|-damage|p1b: The Snail|48\/100|[from] Stealth Rock\n|-ability|p1b: The Snail|Tablets of Ruin\n|switch|p2b: Sinistcha|Sinistcha|82\/100 tox\n|-heal|p2a: Trevenant|99\/100|[from] ability: Hospitality|[of] p2b: Sinistcha\n|move|p2a: Trevenant|Curse|p1a: The Cycle\n|-start|p1a: The Cycle|Curse|[of] p2a: Trevenant\n|-damage|p2a: Trevenant|50\/100\n|-enditem|p2a: Trevenant|Sitrus Berry|[eat]\n|-heal|p2a: Trevenant|75\/100|[from] item: Sitrus Berry\n|move|p1a: The Cycle|Dragon Tail|p2a: Trevenant\n|-damage|p2a: Trevenant|68\/100\n|drag|p2a: Ting-Lu|Ting-Lu, tera:Poison|44\/100\n|-ability|p2a: Ting-Lu|Vessel of Ruin\n|\n|-heal|p2b: Sinistcha|88\/100 tox|[from] item: Leftovers\n|-heal|p1b: The Snail|54\/100|[from] item: Leftovers\n|-heal|p2a: Ting-Lu|50\/100|[from] item: Leftovers\n|-damage|p2b: Sinistcha|82\/100 tox|[from] psn\n|-damage|p1a: The Cycle|59\/100|[from] Curse\n|upkeep\n|turn|37\n|inactive|Obeezer has 30 seconds left this turn.\n|inactive|Obeezer has 20 seconds left.\n|inactive|Obeezer has 15 seconds left.\n|inactive|Obeezer has 10 seconds left.\n|inactive|UY QUE RICO PAPI has 120 seconds left.\n|\n|t:|1699378511\n|switch|p1a: The GOAT|Gliscor, M|63\/100 tox\n|-damage|p1a: The GOAT|51\/100 tox|[from] Stealth Rock\n|switch|p2a: Sableye|Sableye, F|56\/100\n|move|p2b: Sinistcha|Life Dew|p2b: Sinistcha|[spread] p2a,p2b\n|-heal|p2a: Sableye|81\/100\n|-heal|p2b: Sinistcha|100\/100 tox\n|move|p1b: The Snail|Leech Seed|p2a: Sableye\n|-start|p2a: Sableye|move: Leech Seed\n|\n|-heal|p1b: The Snail|60\/100|[from] item: Leftovers\n|-damage|p2a: Sableye|69\/100|[from] Leech Seed|[of] p1b: The Snail\n|-heal|p1b: The Snail|71\/100|[silent]\n|-heal|p1a: The GOAT|63\/100 tox|[from] ability: Poison Heal\n|-damage|p2b: Sinistcha|88\/100 tox|[from] psn\n|upkeep\n|turn|38\n|inactive|Obeezer has 30 seconds left.\n|inactive|Obeezer has 20 seconds left.\n|inactive|UY QUE RICO PAPI has 120 seconds left.\n|inactive|Obeezer has 15 seconds left.\n|inactive|Obeezer has 10 seconds left.\n|inactive|Obeezer has 5 seconds left.\n|\n|t:|1699378541\n|move|p2a: Sableye|Skill Swap|p1a: The GOAT\n|-activate|p2a: Sableye|move: Skill Swap|Poison Heal|Prankster|[of] p1a: The GOAT\n|move|p1a: The GOAT|Rock Slide|p2a: Sableye|[spread] p2a\n|-miss|p1a: The GOAT|p2b: Sinistcha\n|-damage|p2a: Sableye|61\/100\n|move|p2b: Sinistcha|Life Dew|p2b: Sinistcha|[spread] p2a,p2b\n|-heal|p2a: Sableye|86\/100\n|-heal|p2b: Sinistcha|100\/100 tox\n|move|p1b: The Snail|Pollen Puff|p2b: Sinistcha\n|-damage|p2b: Sinistcha|85\/100 tox\n|\n|-heal|p2b: Sinistcha|91\/100 tox|[from] item: Leftovers\n|-heal|p1b: The Snail|77\/100|[from] item: Leftovers\n|-damage|p2a: Sableye|74\/100|[from] Leech Seed|[of] p1b: The Snail\n|-heal|p1b: The Snail|87\/100|[silent]\n|-damage|p1a: The GOAT|51\/100 tox|[from] psn\n|-damage|p2b: Sinistcha|72\/100 tox|[from] psn\n|-sideend|p2: UY QUE RICO PAPI|Reflect\n|upkeep\n|turn|39\n|inactive|Obeezer has 30 seconds left this turn.\n|inactive|Obeezer has 20 seconds left.\n|inactive|UY QUE RICO PAPI has 120 seconds left.\n|\n|t:|1699378564\n|switch|p1a: The Cycle|Cyclizar, F|92\/100\n|-damage|p1a: The Cycle|67\/100|[from] Spikes\n|-damage|p1a: The Cycle|54\/100|[from] Stealth Rock\n|move|p2b: Sinistcha|Life Dew|p2b: Sinistcha|[spread] p2a,p2b\n|-heal|p2a: Sableye|99\/100\n|-heal|p2b: Sinistcha|98\/100 tox\n|move|p1b: The Snail|Pollen Puff|p1a: The Cycle\n|-heal|p1a: The Cycle|100\/100\n|move|p2a: Sableye|Skill Swap|p2b: Sinistcha\n|-activate|p2a: Sableye|move: Skill Swap|||[of] p2b: Sinistcha\n|-heal|p2b: Sinistcha|100\/100 tox|[from] ability: Hospitality|[of] p2a: Sableye\n|\n|-heal|p1b: The Snail|93\/100|[from] item: Leftovers\n|-damage|p2a: Sableye|86\/100|[from] Leech Seed|[of] p1b: The Snail\n|-heal|p1b: The Snail|100\/100|[silent]\n|-sideend|p2: UY QUE RICO PAPI|move: Light Screen\n|upkeep\n|turn|40\n|inactive|Obeezer has 30 seconds left.\n|inactive|Obeezer has 20 seconds left.\n|inactive|UY QUE RICO PAPI has 120 seconds left.\n|inactive|Obeezer has 15 seconds left.\n|inactive|Obeezer has 10 seconds left.\n|\n|t:|1699378600\n|switch|p2a: Scream Tail|Scream Tail|73\/100\n|move|p2b: Sinistcha|Matcha Gotcha|p1b: The Snail|[spread] p1a,p1b\n|-resisted|p1a: The Cycle\n|-resisted|p1b: The Snail\n|-damage|p1a: The Cycle|85\/100\n|-damage|p1b: The Snail|93\/100\n|-status|p1b: The Snail|brn\n|move|p1b: The Snail|Leech Seed|p2b: Sinistcha\n|-immune|p2b: Sinistcha\n|move|p1a: The Cycle|Dragon Tail|p2b: Sinistcha\n|-damage|p2b: Sinistcha|90\/100 tox\n|drag|p2b: Garganacl|Garganacl, F|88\/100\n|\n|-heal|p1b: The Snail|99\/100 brn|[from] item: Leftovers\n|-damage|p1b: The Snail|93\/100 brn|[from] brn\n|upkeep\n|turn|41\n|inactive|Obeezer has 30 seconds left.\n|inactive|UY QUE RICO PAPI has 120 seconds left.\n|\n|t:|1699378626\n|move|p2a: Scream Tail|Encore|p1b: The Snail\n|-start|p1b: The Snail|Encore\n|move|p1b: The Snail|Leech Seed|p2a: Scream Tail\n|-start|p2a: Scream Tail|move: Leech Seed\n|move|p2b: Garganacl|Salt Cure|p1b: The Snail\n|-damage|p1b: The Snail|85\/100 brn\n|-start|p1b: The Snail|Salt Cure\n|move|p1a: The Cycle|Dragon Tail|p2b: Garganacl\n|-damage|p2b: Garganacl|80\/100\n|drag|p2b: Trevenant|Trevenant, F|68\/100\n|\n|-heal|p1b: The Snail|91\/100 brn|[from] item: Leftovers\n|-damage|p2a: Scream Tail|61\/100|[from] Leech Seed|[of] p1b: The Snail\n|-heal|p1b: The Snail|100\/100 brn|[silent]\n|-damage|p1b: The Snail|94\/100 brn|[from] brn\n|-damage|p1b: The Snail|82\/100 brn|[from] Salt Cure\n|-item|p2b: Trevenant|Sitrus Berry|[from] ability: Harvest\n|upkeep\n|turn|42\n|inactive|Obeezer has 30 seconds left.\n|\n|t:|1699378654\n|-end|p2a: Scream Tail|Protosynthesis|[silent]\n|switch|p2a: Sinistcha|Sinistcha|90\/100 tox\n|-heal|p2b: Trevenant|93\/100|[from] ability: Hospitality|[of] p2a: Sinistcha\n|switch|p1b: The GOAT|Gliscor, M|51\/100 tox\n|-damage|p1b: The GOAT|38\/100 tox|[from] Stealth Rock\n|move|p1a: The Cycle|Rapid Spin|p2a: Sinistcha\n|-immune|p2a: Sinistcha\n|move|p2b: Trevenant|Curse|p1b: The GOAT\n|-start|p1b: The GOAT|Curse|[of] p2b: Trevenant\n|-damage|p2b: Trevenant|43\/100\n|-enditem|p2b: Trevenant|Sitrus Berry|[eat]\n|-heal|p2b: Trevenant|68\/100|[from] item: Sitrus Berry\n|\n|-heal|p2a: Sinistcha|96\/100 tox|[from] item: Leftovers\n|-heal|p1b: The GOAT|51\/100 tox|[from] ability: Poison Heal\n|-damage|p2a: Sinistcha|90\/100 tox|[from] psn\n|-damage|p1b: The GOAT|26\/100 tox|[from] Curse\n|-item|p2b: Trevenant|Sitrus Berry|[from] ability: Harvest\n|upkeep\n|turn|43\n|inactive|Obeezer has 30 seconds left.\n|\n|t:|1699378681\n|switch|p1b: The Snail|Wo-Chien|82\/100 brn\n|-damage|p1b: The Snail|57\/100 brn|[from] Spikes\n|-damage|p1b: The Snail|45\/100 brn|[from] Stealth Rock\n|-ability|p1b: The Snail|Tablets of Ruin\n|move|p2b: Trevenant|Protect|p2b: Trevenant\n|-singleturn|p2b: Trevenant|Protect\n|move|p2a: Sinistcha|Life Dew|p2a: Sinistcha|[spread] p2a,p2b\n|-heal|p2a: Sinistcha|100\/100 tox\n|-heal|p2b: Trevenant|93\/100\n|move|p1a: The Cycle|Dragon Tail|p2b: Trevenant\n|-activate|p2b: Trevenant|move: Protect\n|\n|-heal|p1b: The Snail|51\/100 brn|[from] item: Leftovers\n|-damage|p2a: Sinistcha|88\/100 tox|[from] psn\n|-damage|p1b: The Snail|45\/100 brn|[from] brn\n|upkeep\n|turn|44\n|inactive|Obeezer has 30 seconds left.\n|inactive|Obeezer has 20 seconds left.\n|inactive|Obeezer has 15 seconds left.\n|inactive|Obeezer has 10 seconds left.\n|inactive|Obeezer has 5 seconds left.\n|\n|t:|1699378731\n|move|p2a: Sinistcha|Rage Powder|p2a: Sinistcha\n|-singleturn|p2a: Sinistcha|move: Rage Powder\n|move|p1b: The Snail|Leech Seed|p2b: Trevenant\n|-immune|p2b: Trevenant\n|move|p2b: Trevenant|Curse|p1b: The Snail\n|-start|p1b: The Snail|Curse|[of] p2b: Trevenant\n|-damage|p2b: Trevenant|43\/100\n|-enditem|p2b: Trevenant|Sitrus Berry|[eat]\n|-heal|p2b: Trevenant|68\/100|[from] item: Sitrus Berry\n|move|p1a: The Cycle|Dragon Tail|p2a: Sinistcha\n|-damage|p2a: Sinistcha|79\/100 tox\n|drag|p2a: Scream Tail|Scream Tail|61\/100\n|\n|-heal|p1b: The Snail|51\/100 brn|[from] item: Leftovers\n|-damage|p1b: The Snail|45\/100 brn|[from] brn\n|-damage|p1b: The Snail|20\/100 brn|[from] Curse\n|upkeep\n|turn|45\n|inactive|Obeezer has 30 seconds left this turn.\n|inactive|Obeezer has 20 seconds left.\n|inactive|Obeezer has 15 seconds left.\n|inactive|Obeezer has 10 seconds left.\n|inactive|UY QUE RICO PAPI has 120 seconds left.\n|\n|t:|1699378774\n|-end|p2a: Scream Tail|Protosynthesis|[silent]\n|switch|p2a: Sinistcha|Sinistcha|79\/100 tox\n|-heal|p2b: Trevenant|92\/100|[from] ability: Hospitality|[of] p2a: Sinistcha\n|switch|p1b: The GOAT|Gliscor, M|26\/100 tox\n|-damage|p1b: The GOAT|13\/100 tox|[from] Stealth Rock\n|move|p2b: Trevenant|Protect|p2b: Trevenant\n|-singleturn|p2b: Trevenant|Protect\n|move|p1a: The Cycle|Dragon Tail|p2a: Sinistcha\n|-damage|p2a: Sinistcha|64\/100 tox\n|drag|p2a: Ting-Lu|Ting-Lu, tera:Poison|50\/100\n|-ability|p2a: Ting-Lu|Vessel of Ruin\n|\n|-heal|p2a: Ting-Lu|56\/100|[from] item: Leftovers\n|-heal|p1b: The GOAT|26\/100 tox|[from] ability: Poison Heal\n|upkeep\n|turn|46\n|inactive|Obeezer has 30 seconds left.\n|inactive|Obeezer has 20 seconds left.\n|inactive|UY QUE RICO PAPI has 120 seconds left.\n|inactive|Obeezer has 15 seconds left.\n|\n|t:|1699378808\n|move|p1a: The Cycle|Protect|p1a: The Cycle\n|-singleturn|p1a: The Cycle|Protect\n|move|p1b: The GOAT|Protect|p1b: The GOAT\n|-singleturn|p1b: The GOAT|Protect\n|move|p2b: Trevenant|Leech Seed|p1a: The Cycle\n|-activate|p1a: The Cycle|move: Protect\n|move|p2a: Ting-Lu|Whirlwind|p1b: The GOAT\n|drag|p1b: The Snail|Wo-Chien|20\/100 brn\n|-damage|p1b: The Snail|0 fnt|[from] Spikes\n|faint|p1b: The Snail\n|\n|-heal|p2a: Ting-Lu|63\/100|[from] item: Leftovers\n|-item|p2b: Trevenant|Sitrus Berry|[from] ability: Harvest\n|upkeep\n|inactive|Obeezer has 20 seconds left this turn.\n|inactive|Obeezer has 15 seconds left.\n|inactive|Obeezer has 10 seconds left.\n|\n|t:|1699378821\n|switch|p1b: The GOAT|Gliscor, M|26\/100 tox\n|-damage|p1b: The GOAT|13\/100 tox|[from] Stealth Rock\n|turn|47\n|inactive|Obeezer has 30 seconds left.\n|inactive|UY QUE RICO PAPI has 120 seconds left.\n|\n|t:|1699378842\n|switch|p2a: Scream Tail|Scream Tail|61\/100\n|move|p1b: The GOAT|Protect|p1b: The GOAT\n|-singleturn|p1b: The GOAT|Protect\n|move|p2b: Trevenant|Protect|p2b: Trevenant\n|-singleturn|p2b: Trevenant|Protect\n|move|p1a: The Cycle|Rapid Spin|p2a: Scream Tail\n|-damage|p2a: Scream Tail|50\/100\n|-boost|p1a: The Cycle|spe|1\n|-sideend|p1: Obeezer|Spikes|[from] move: Rapid Spin|[of] p1a: The Cycle\n|-sideend|p1: Obeezer|Stealth Rock|[from] move: Rapid Spin|[of] p1a: The Cycle\n|-enditem|p2a: Scream Tail|Sitrus Berry|[eat]\n|-heal|p2a: Scream Tail|75\/100|[from] item: Sitrus Berry\n|\n|-heal|p1b: The GOAT|26\/100 tox|[from] ability: Poison Heal\n|upkeep\n|turn|48\n|inactive|Obeezer has 30 seconds left.\n|inactive|UY QUE RICO PAPI has 120 seconds left.\n|\n|t:|1699378872\n|switch|p2b: Sinistcha|Sinistcha|64\/100 tox\n|-heal|p2a: Scream Tail|99\/100|[from] ability: Hospitality|[of] p2b: Sinistcha\n|move|p2a: Scream Tail|Encore|p1b: The GOAT\n|-start|p1b: The GOAT|Encore\n|move|p1b: The GOAT|Protect||[still]\n|-fail|p1b: The GOAT\n|move|p1a: The Cycle|Dragon Tail|p2b: Sinistcha\n|-damage|p2b: Sinistcha|50\/100 tox\n|drag|p2b: Ting-Lu|Ting-Lu, tera:Poison|63\/100\n|-ability|p2b: Ting-Lu|Vessel of Ruin\n|\n|-heal|p2b: Ting-Lu|69\/100|[from] item: Leftovers\n|-heal|p1b: The GOAT|38\/100 tox|[from] ability: Poison Heal\n|upkeep\n|turn|49\n|inactive|UY QUE RICO PAPI has 120 seconds left.\n|inactive|Obeezer has 30 seconds left.\n|-message|Obeezer forfeited.\n|\n|win|UY QUE RICO PAPI\n|raw|Obeezer's rating: 1291 &rarr; <strong>1273<\/strong><br \/>(-18 for losing)\n|raw|UY QUE RICO PAPI's rating: 1387 &rarr; <strong>1402<\/strong><br \/>(+15 for winning)\n|l|\u2606UY QUE RICO PAPI\n","uploadtime":1699378902,"views":9,"p1id":"obeezer","p2id":"uyquericopapi","formatid":"gen9doublesou","rating":1273,"private":0,"password":""}