{"id":"gen9doublesou-1998311489","p1":"shanepokemon78","p2":"temp6tcomefightme","format":"[Gen 9] Doubles OU","log":"|j|\u2606shanepokemon78\n|j|\u2606temp6tcomefightme\n|t:|1700927990\n|gametype|doubles\n|player|p1|shanepokemon78|ethan|1262\n|player|p2|temp6tcomefightme|cynthia-gen4|1360\n|teamsize|p1|6\n|teamsize|p2|6\n|gen|9\n|tier|[Gen 9] Doubles OU\n|rated|\n|rule|Species Clause: Limit one of each Pok\u00e9mon\n|rule|OHKO Clause: OHKO moves are banned\n|rule|Evasion Moves Clause: Evasion moves are banned\n|rule|Gravity Sleep Clause: The combination of sleep-inducing moves with imperfect accuracy and Gravity or Gigantamax Orbeetle are banned\n|rule|Endless Battle Clause: Forcing endless battles is banned\n|rule|HP Percentage Mod: HP is shown in percentages\n|clearpoke\n|poke|p1|Cinderace, F|\n|poke|p1|Primeape, M|\n|poke|p1|Salamence, M|\n|poke|p1|Tyranitar, M|\n|poke|p1|Flutter Mane|\n|poke|p1|Manaphy|\n|poke|p2|Muk-Alola, F|\n|poke|p2|Azumarill, M|\n|poke|p2|Iron Hands|\n|poke|p2|Sinistcha-Masterpiece|\n|poke|p2|Ting-Lu|\n|poke|p2|Appletun, F|\n|teampreview\n|\n|t:|1700928039\n|start\n|switch|p1a: Salamence|Salamence, M|100\/100\n|switch|p1b: Primeape|Primeape, M|100\/100\n|switch|p2a: Appletun|Appletun, F|100\/100\n|switch|p2b: Iron Hands|Iron Hands|100\/100\n|-ability|p1a: Salamence|Intimidate|boost\n|-unboost|p2a: Appletun|atk|1\n|-unboost|p2b: Iron Hands|atk|1\n|turn|1\n|\n|t:|1700928073\n|move|p2b: Iron Hands|Fake Out|p1a: Salamence\n|-crit|p1a: Salamence\n|-damage|p1a: Salamence|71\/100\n|move|p1b: Primeape|Ice Punch|p2a: Appletun\n|-supereffective|p2a: Appletun\n|-damage|p2a: Appletun|40\/100\n|-activate|p2a: Appletun|ability: Ripen\n|-enditem|p2a: Appletun|Sitrus Berry|[eat]\n|-heal|p2a: Appletun|90\/100|[from] item: Sitrus Berry\n|cant|p1a: Salamence|flinch\n|move|p2a: Appletun|Iron Defense|p2a: Appletun\n|-boost|p2a: Appletun|def|2\n|\n|upkeep\n|turn|2\n|\n|t:|1700928093\n|move|p1b: Primeape|Ice Punch|p2a: Appletun\n|-supereffective|p2a: Appletun\n|-damage|p2a: Appletun|58\/100\n|move|p1a: Salamence|Dragon Dance|p1a: Salamence\n|-boost|p1a: Salamence|atk|1\n|-boost|p1a: Salamence|spe|1\n|move|p2b: Iron Hands|Play Rough|p1a: Salamence\n|-supereffective|p1a: Salamence\n|-damage|p1a: Salamence|8\/100\n|move|p2a: Appletun|Recycle|p2a: Appletun\n|-item|p2a: Appletun|Sitrus Berry|[from] move: Recycle\n|\n|upkeep\n|turn|3\n|\n|t:|1700928115\n|-terastallize|p1b: Primeape|Ghost\n|move|p1a: Salamence|Dragon Claw|p2a: Appletun\n|-supereffective|p2a: Appletun\n|-damage|p2a: Appletun|0 fnt\n|faint|p2a: Appletun\n|-damage|p1a: Salamence|0 fnt|[from] item: Life Orb\n|faint|p1a: Salamence\n|move|p1b: Primeape|Curse|p2b: Iron Hands\n|-start|p2b: Iron Hands|Curse|[of] p1b: Primeape\n|-damage|p1b: Primeape|51\/100\n|move|p2b: Iron Hands|Drain Punch|p1b: Primeape\n|-immune|p1b: Primeape\n|\n|-damage|p2b: Iron Hands|75\/100|[from] Curse\n|upkeep\n|\n|t:|1700928146\n|switch|p1a: Cinderace|Cinderace, F|100\/100\n|switch|p2a: Muk|Muk-Alola, F, shiny|100\/100\n|turn|4\n|\n|t:|1700928158\n|-end|p2b: Iron Hands|Quark Drive|[silent]\n|switch|p2b: Azumarill|Azumarill, M|100\/100\n|move|p1a: Cinderace|High Jump Kick|p2a: Muk\n|-start|p1a: Cinderace|typechange|Fighting|[from] ability: Libero\n|-damage|p2a: Muk|34\/100\n|move|p1b: Primeape|Drain Punch|p2a: Muk\n|-damage|p2a: Muk|0 fnt\n|-heal|p1b: Primeape|77\/100|[from] drain|[of] p2a: Muk\n|faint|p2a: Muk\n|\n|upkeep\n|\n|t:|1700928174\n|switch|p2a: Iron Hands|Iron Hands|75\/100\n|turn|5\n|\n|t:|1700928184\n|move|p2a: Iron Hands|Fake Out|p1a: Cinderace\n|-damage|p1a: Cinderace|77\/100\n|cant|p1a: Cinderace|flinch\n|move|p1b: Primeape|Curse|p2b: Azumarill\n|-start|p2b: Azumarill|Curse|[of] p1b: Primeape\n|-damage|p1b: Primeape|27\/100\n|move|p2b: Azumarill|Play Rough|p1b: Primeape|[miss]\n|-miss|p2b: Azumarill|p1b: Primeape\n|\n|-damage|p2b: Azumarill|75\/100|[from] Curse\n|upkeep\n|turn|6\n|\n|t:|1700928207\n|move|p1a: Cinderace|Gunk Shot|p2b: Azumarill\n|-supereffective|p2b: Azumarill\n|-damage|p2b: Azumarill|3\/100\n|move|p1b: Primeape|Rage Fist|p2a: Iron Hands\n|-damage|p2a: Iron Hands|60\/100\n|move|p2b: Azumarill|Play Rough|p1b: Primeape\n|-damage|p1b: Primeape|0 fnt\n|faint|p1b: Primeape\n|move|p2a: Iron Hands|Play Rough|p1a: Cinderace\n|-supereffective|p1a: Cinderace\n|-damage|p1a: Cinderace|0 fnt\n|faint|p1a: Cinderace\n|\n|-damage|p2b: Azumarill|0 fnt|[from] Curse\n|faint|p2b: Azumarill\n|upkeep\n|\n|t:|1700928227\n|switch|p1a: Flutter Mane|Flutter Mane|100\/100\n|switch|p1b: Manaphy|Manaphy|100\/100\n|switch|p2b: Sinistcha|Sinistcha-Masterpiece|100\/100\n|-heal|p2a: Iron Hands|85\/100|[from] ability: Hospitality|[of] p2b: Sinistcha\n|-enditem|p1a: Flutter Mane|Booster Energy\n|-activate|p1a: Flutter Mane|ability: Protosynthesis|[fromitem]\n|-start|p1a: Flutter Mane|protosynthesisspe\n|turn|7\n|\n|t:|1700928259\n|move|p1a: Flutter Mane|Dazzling Gleam|p2a: Iron Hands|[spread] p2a,p2b\n|-supereffective|p2a: Iron Hands\n|-damage|p2a: Iron Hands|49\/100\n|-damage|p2b: Sinistcha|66\/100\n|move|p1b: Manaphy|Scald|p2a: Iron Hands\n|-damage|p2a: Iron Hands|29\/100\n|move|p2b: Sinistcha|Life Dew|p2b: Sinistcha|[spread] p2a,p2b\n|-heal|p2a: Iron Hands|54\/100\n|-heal|p2b: Sinistcha|91\/100\n|move|p2a: Iron Hands|Thunder Punch|p1b: Manaphy\n|-supereffective|p1b: Manaphy\n|-damage|p1b: Manaphy|8\/100\n|-enditem|p1b: Manaphy|Sitrus Berry|[eat]\n|-heal|p1b: Manaphy|33\/100|[from] item: Sitrus Berry\n|\n|upkeep\n|turn|8\n|\n|t:|1700928280\n|-end|p2a: Iron Hands|Quark Drive|[silent]\n|switch|p2a: Ting-Lu|Ting-Lu|100\/100\n|-ability|p2a: Ting-Lu|Vessel of Ruin\n|move|p1a: Flutter Mane|Dazzling Gleam|p2a: Ting-Lu|[spread] p2a,p2b\n|-supereffective|p2a: Ting-Lu\n|-damage|p2a: Ting-Lu|72\/100\n|-damage|p2b: Sinistcha|63\/100\n|move|p1b: Manaphy|Scald|p2a: Ting-Lu\n|-supereffective|p2a: Ting-Lu\n|-damage|p2a: Ting-Lu|44\/100\n|move|p2b: Sinistcha|Matcha Gotcha|p1a: Flutter Mane|[spread] p1a,p1b\n|-supereffective|p1b: Manaphy\n|-damage|p1a: Flutter Mane|78\/100\n|-heal|p2b: Sinistcha|71\/100|[from] drain|[of] p1a: Flutter Mane\n|-damage|p1b: Manaphy|0 fnt\n|-heal|p2b: Sinistcha|87\/100|[from] drain|[of] p1b: Manaphy\n|-status|p1a: Flutter Mane|brn\n|faint|p1b: Manaphy\n|\n|-damage|p1a: Flutter Mane|72\/100 brn|[from] brn\n|upkeep\n|\n|t:|1700928302\n|switch|p1b: Tyranitar|Tyranitar, M|100\/100\n|-weather|Sandstorm|[from] ability: Sand Stream|[of] p1b: Tyranitar\n|turn|9\n|\n|t:|1700928328\n|move|p1a: Flutter Mane|Dazzling Gleam|p2b: Sinistcha|[spread] p2a,p2b\n|-supereffective|p2a: Ting-Lu\n|-damage|p2a: Ting-Lu|19\/100\n|-damage|p2b: Sinistcha|59\/100\n|move|p1b: Tyranitar|Dragon Dance|p1b: Tyranitar\n|-boost|p1b: Tyranitar|atk|1\n|-boost|p1b: Tyranitar|spe|1\n|move|p2b: Sinistcha|Matcha Gotcha|p1a: Flutter Mane|[spread] \n|-miss|p2b: Sinistcha|p1a: Flutter Mane\n|-miss|p2b: Sinistcha|p1b: Tyranitar\n|move|p2a: Ting-Lu|Body Press|p1b: Tyranitar\n|-supereffective|p1b: Tyranitar\n|-damage|p1b: Tyranitar|0 fnt\n|faint|p1b: Tyranitar\n|\n|-weather|Sandstorm|[upkeep]\n|-damage|p1a: Flutter Mane|66\/100 brn|[from] Sandstorm\n|-damage|p2b: Sinistcha|53\/100|[from] Sandstorm\n|-damage|p1a: Flutter Mane|60\/100 brn|[from] brn\n|upkeep\n|turn|10\n|\n|t:|1700928349\n|move|p1a: Flutter Mane|Dazzling Gleam|p2b: Sinistcha|[spread] p2a,p2b\n|-supereffective|p2a: Ting-Lu\n|-damage|p2a: Ting-Lu|0 fnt\n|-damage|p2b: Sinistcha|28\/100\n|-enditem|p2b: Sinistcha|Sitrus Berry|[eat]\n|-heal|p2b: Sinistcha|53\/100|[from] item: Sitrus Berry\n|faint|p2a: Ting-Lu\n|move|p2b: Sinistcha|Matcha Gotcha|p1a: Flutter Mane\n|-damage|p1a: Flutter Mane|19\/100 brn\n|-heal|p2b: Sinistcha|67\/100|[from] drain|[of] p1a: Flutter Mane\n|\n|-weather|Sandstorm|[upkeep]\n|-damage|p1a: Flutter Mane|13\/100 brn|[from] Sandstorm\n|-damage|p2b: Sinistcha|61\/100|[from] Sandstorm\n|-damage|p1a: Flutter Mane|7\/100 brn|[from] brn\n|upkeep\n|l|\u2606shanepokemon78\n|player|p1|\n|\n|t:|1700928361\n|switch|p2a: Iron Hands|Iron Hands|54\/100\n|turn|11\n|inactive|Battle timer is ON: inactive players will automatically lose when time's up. (requested by temp6tcomefightme)\n|c|\u2606temp6tcomefightme|why do u try to waste my time by leaving?\n|n|!temp6tcomefightme|temp6tcomefightme\n|inactive|shanepokemon78 has 30 seconds to reconnect!\n|inactive|shanepokemon78 has 20 seconds to reconnect!\n|inactive|shanepokemon78 has 15 seconds to reconnect!\n|inactive|shanepokemon78 has 10 seconds to reconnect!\n|inactive|shanepokemon78 has 5 seconds to reconnect!\n|-message|shanepokemon78 lost due to inactivity.\n|\n|win|temp6tcomefightme\n|raw|shanepokemon78's rating: 1262 &rarr; <strong>1244<\/strong><br \/>(-18 for losing)\n|raw|temp6tcomefightme's rating: 1360 &rarr; <strong>1375<\/strong><br \/>(+15 for winning)\n","uploadtime":1700928448,"views":5,"p1id":"shanepokemon78","p2id":"temp6tcomefightme","formatid":"gen9doublesou","rating":1244,"private":0,"password":""}