{"id":"gen9doublesou-1974369805","p1":"Pizzasauce6789","p2":"Petir Gruffin","format":"[Gen 9] Doubles OU","log":"|j|\u2606Pizzasauce6789\n|j|\u203dPetir Gruffin\n|t:|1698081560\n|gametype|doubles\n|player|p1|Pizzasauce6789|tuber|1166\n|player|p2|Petir Gruffin|winona|1050\n|teamsize|p1|6\n|teamsize|p2|6\n|gen|9\n|tier|[Gen 9] Doubles OU\n|rated|\n|rule|Species Clause: Limit one of each Pok\u00e9mon\n|rule|OHKO Clause: OHKO moves are banned\n|rule|Evasion Moves Clause: Evasion moves are banned\n|rule|Gravity Sleep Clause: The combination of sleep-inducing moves with imperfect accuracy and Gravity or Gigantamax Orbeetle are banned\n|rule|Endless Battle Clause: Forcing endless battles is banned\n|rule|HP Percentage Mod: HP is shown in percentages\n|clearpoke\n|poke|p1|Quaquaval, F|\n|poke|p1|Amoonguss, M|\n|poke|p1|Volbeat, M|\n|poke|p1|Oranguru, M|\n|poke|p1|Iron Moth|\n|poke|p1|Ursaluna, F|\n|poke|p2|Oricorio, M|\n|poke|p2|Volcarona, F|\n|poke|p2|Lilligant-Hisui, F|\n|poke|p2|Kommo-o, M|\n|poke|p2|Muk-Alola, M|\n|poke|p2|Clefairy, F|\n|teampreview\n|\n|t:|1698081583\n|start\n|switch|p1a: Quaquaval|Quaquaval, F|100\/100\n|switch|p1b: Oranguru|Oranguru, M|100\/100\n|switch|p2a: Oricorio|Oricorio, M|100\/100\n|switch|p2b: Muk|Muk-Alola, M|100\/100\n|turn|1\n|inactive|Battle timer is ON: inactive players will automatically lose when time's up. (requested by Petir Gruffin)\n|\n|t:|1698081599\n|move|p1a: Quaquaval|Aqua Step|p2a: Oricorio\n|-supereffective|p2a: Oricorio\n|-damage|p2a: Oricorio|0 fnt\n|-boost|p1a: Quaquaval|spe|1\n|faint|p2a: Oricorio\n|-ability|p2b: Muk|Dancer|[from] ability: Power of Alchemy|[of] p2a: Oricorio\n|-ability|p1a: Quaquaval|Moxie|boost\n|-boost|p1a: Quaquaval|atk|1\n|-damage|p1a: Quaquaval|91\/100|[from] item: Life Orb\n|-activate|p2b: Muk|ability: Dancer\n|move|p2b: Muk|Aqua Step|p1a: Quaquaval|[from]ability: Dancer\n|-resisted|p1a: Quaquaval\n|-damage|p1a: Quaquaval|73\/100\n|-boost|p2b: Muk|spe|1\n|move|p2b: Muk|Substitute|p2b: Muk\n|-start|p2b: Muk|Substitute\n|-damage|p2b: Muk|76\/100\n|move|p1b: Oranguru|Instruct|p1a: Quaquaval\n|-singleturn|p1a: Quaquaval|move: Instruct|[of] p1b: Oranguru\n|move|p1a: Quaquaval|Aqua Step|p2b: Muk\n|-end|p2b: Muk|Substitute\n|-boost|p1a: Quaquaval|spe|1\n|-damage|p1a: Quaquaval|63\/100|[from] item: Life Orb\n|-activate|p2b: Muk|ability: Dancer\n|move|p2b: Muk|Aqua Step|p1a: Quaquaval|[from]ability: Dancer\n|-resisted|p1a: Quaquaval\n|-damage|p1a: Quaquaval|46\/100\n|-boost|p2b: Muk|spe|1\n|\n|-heal|p2b: Muk|82\/100|[from] item: Leftovers\n|upkeep\n|c|\u2606Pizzasauce6789|what is that ability\n|c|\u2606Pizzasauce6789|that's crazy\n|inactive|Petir Gruffin has 120 seconds left.\n|\n|t:|1698081633\n|switch|p2a: Kommo-o|Kommo-o, M|100\/100\n|turn|2\n|\n|t:|1698081645\n|move|p1a: Quaquaval|Brave Bird|p2a: Kommo-o\n|-supereffective|p2a: Kommo-o\n|-damage|p2a: Kommo-o|0 fnt\n|faint|p2a: Kommo-o\n|-ability|p1a: Quaquaval|Moxie|boost\n|-boost|p1a: Quaquaval|atk|1\n|-damage|p1a: Quaquaval|15\/100|[from] Recoil\n|-damage|p1a: Quaquaval|5\/100|[from] item: Life Orb\n|move|p2b: Muk|Drain Punch|p1b: Oranguru\n|-damage|p1b: Oranguru|73\/100\n|-heal|p2b: Muk|94\/100|[from] drain|[of] p1b: Oranguru\n|move|p1b: Oranguru|Psych Up|p1a: Quaquaval\n|-copyboost|p1b: Oranguru|p1a: Quaquaval|[from] move: Psych Up\n|\n|-heal|p1b: Oranguru|80\/100|[from] item: Leftovers\n|-heal|p2b: Muk|99\/100|[from] item: Leftovers\n|upkeep\n|\n|t:|1698081662\n|switch|p2a: Lilligant|Lilligant-Hisui, F|100\/100\n|turn|3\n|\n|t:|1698081675\n|-terastallize|p1b: Oranguru|Dark\n|move|p1a: Quaquaval|Brave Bird|p2a: Lilligant\n|-supereffective|p2a: Lilligant\n|-enditem|p2a: Lilligant|Focus Sash\n|-damage|p2a: Lilligant|1\/100\n|-damage|p1a: Quaquaval|0 fnt|[from] Recoil\n|faint|p1a: Quaquaval\n|move|p1b: Oranguru|Tera Blast|p2b: Muk|[anim] Tera Blast Dark\n|-resisted|p2b: Muk\n|-damage|p2b: Muk|87\/100\n|move|p2a: Lilligant|Victory Dance|p2a: Lilligant\n|-boost|p2a: Lilligant|atk|1\n|-boost|p2a: Lilligant|def|1\n|-boost|p2a: Lilligant|spe|1\n|-activate|p2b: Muk|ability: Dancer\n|move|p2b: Muk|Victory Dance|p2b: Muk|[from]ability: Dancer\n|-boost|p2b: Muk|atk|1\n|-boost|p2b: Muk|def|1\n|-boost|p2b: Muk|spe|1\n|move|p2b: Muk|Knock Off|p1b: Oranguru\n|-resisted|p1b: Oranguru\n|-damage|p1b: Oranguru|42\/100\n|-enditem|p1b: Oranguru|Leftovers|[from] move: Knock Off|[of] p2b: Muk\n|\n|-heal|p2b: Muk|93\/100|[from] item: Leftovers\n|upkeep\n|\n|t:|1698081699\n|switch|p1a: Ursaluna|Ursaluna, F|100\/100\n|turn|4\n|\n|t:|1698081724\n|-terastallize|p2b: Muk|Flying\n|move|p1a: Ursaluna|Protect|p1a: Ursaluna\n|-singleturn|p1a: Ursaluna|Protect\n|move|p2a: Lilligant|Victory Dance|p2a: Lilligant\n|-boost|p2a: Lilligant|atk|1\n|-boost|p2a: Lilligant|def|1\n|-boost|p2a: Lilligant|spe|1\n|-activate|p2b: Muk|ability: Dancer\n|move|p2b: Muk|Victory Dance|p2b: Muk|[from]ability: Dancer\n|-boost|p2b: Muk|atk|1\n|-boost|p2b: Muk|def|1\n|-boost|p2b: Muk|spe|1\n|move|p2b: Muk|Drain Punch|p1a: Ursaluna\n|-activate|p1a: Ursaluna|move: Protect\n|move|p1b: Oranguru|Stored Power|p2a: Lilligant\n|-supereffective|p2a: Lilligant\n|-damage|p2a: Lilligant|0 fnt\n|faint|p2a: Lilligant\n|\n|-heal|p2b: Muk|99\/100|[from] item: Leftovers\n|-status|p1a: Ursaluna|brn|[from] item: Flame Orb\n|upkeep\n|\n|t:|1698081734\n|switch|p2a: Volcarona|Volcarona, F|100\/100\n|turn|5\n|\n|t:|1698081751\n|switch|p1b: Iron Moth|Iron Moth|100\/100\n|move|p2b: Muk|Drain Punch|p1a: Ursaluna\n|-supereffective|p1a: Ursaluna\n|-damage|p1a: Ursaluna|34\/100 brn\n|-heal|p2b: Muk|100\/100|[from] drain|[of] p1a: Ursaluna\n|move|p2a: Volcarona|Quiver Dance|p2a: Volcarona\n|-boost|p2a: Volcarona|spa|1\n|-boost|p2a: Volcarona|spd|1\n|-boost|p2a: Volcarona|spe|1\n|-activate|p2b: Muk|ability: Dancer\n|move|p2b: Muk|Quiver Dance|p2b: Muk|[from]ability: Dancer\n|-boost|p2b: Muk|spa|1\n|-boost|p2b: Muk|spd|1\n|-boost|p2b: Muk|spe|1\n|move|p1a: Ursaluna|Rock Slide|p2b: Muk|[spread] p2a\n|-miss|p1a: Ursaluna|p2b: Muk\n|-supereffective|p2a: Volcarona\n|-enditem|p2a: Volcarona|Focus Sash\n|-damage|p2a: Volcarona|1\/100\n|\n|-damage|p1a: Ursaluna|28\/100 brn|[from] brn\n|upkeep\n|turn|6\n|j| Pou_360\n|l| Pou_360\n|\n|t:|1698081779\n|move|p1a: Ursaluna|Protect|p1a: Ursaluna\n|-singleturn|p1a: Ursaluna|Protect\n|move|p1b: Iron Moth|Discharge|p2a: Volcarona|[spread] p2a,p2b\n|-activate|p1a: Ursaluna|move: Protect\n|-supereffective|p2b: Muk\n|-damage|p2a: Volcarona|0 fnt\n|-damage|p2b: Muk|78\/100\n|faint|p2a: Volcarona\n|move|p2b: Muk|Substitute|p2b: Muk\n|-start|p2b: Muk|Substitute\n|-damage|p2b: Muk|53\/100\n|\n|-heal|p2b: Muk|59\/100|[from] item: Leftovers\n|-damage|p1a: Ursaluna|22\/100 brn|[from] brn\n|upkeep\n|\n|t:|1698081788\n|switch|p2a: Clefairy|Clefairy, F|100\/100\n|turn|7\n|\n|t:|1698081798\n|move|p1b: Iron Moth|Discharge|p2a: Clefairy|[spread] p2a,p2b\n|-immune|p1a: Ursaluna\n|-supereffective|p2b: Muk\n|-end|p2b: Muk|Substitute\n|-damage|p2a: Clefairy|87\/100\n|move|p2b: Muk|Drain Punch|p1a: Ursaluna\n|-supereffective|p1a: Ursaluna\n|-damage|p1a: Ursaluna|0 fnt\n|-heal|p2b: Muk|71\/100|[from] drain|[of] p1a: Ursaluna\n|faint|p1a: Ursaluna\n|move|p2a: Clefairy|Life Dew|p2a: Clefairy|[spread] p2a,p2b\n|-heal|p2a: Clefairy|100\/100\n|-heal|p2b: Muk|96\/100\n|\n|-heal|p2b: Muk|100\/100|[from] item: Leftovers\n|upkeep\n|\n|t:|1698081806\n|switch|p1a: Volbeat|Volbeat, M|100\/100\n|turn|8\n|\n|t:|1698081829\n|-end|p1b: Iron Moth|Quark Drive|[silent]\n|switch|p1b: Amoonguss|Amoonguss, M|100\/100\n|move|p2a: Clefairy|Follow Me|p2a: Clefairy\n|-singleturn|p2a: Clefairy|move: Follow Me\n|move|p1a: Volbeat|Tailwind|p1a: Volbeat\n|-sidestart|p1: Pizzasauce6789|move: Tailwind\n|move|p2b: Muk|Poison Jab|p1a: Volbeat\n|-crit|p1a: Volbeat\n|-enditem|p1a: Volbeat|Focus Sash\n|-damage|p1a: Volbeat|1\/100\n|-status|p1a: Volbeat|psn\n|\n|-damage|p1a: Volbeat|0 fnt|[from] psn\n|faint|p1a: Volbeat\n|upkeep\n|\n|t:|1698081841\n|switch|p1a: Oranguru|Oranguru, M, tera:Dark|42\/100\n|turn|9\n|\n|t:|1698081849\n|move|p2a: Clefairy|Follow Me|p2a: Clefairy\n|-singleturn|p2a: Clefairy|move: Follow Me\n|move|p2b: Muk|Drain Punch|p1a: Oranguru\n|-supereffective|p1a: Oranguru\n|-damage|p1a: Oranguru|0 fnt\n|faint|p1a: Oranguru\n|move|p1b: Amoonguss|Spore|p2a: Clefairy\n|-status|p2a: Clefairy|slp|[from] move: Spore\n|\n|upkeep\n|\n|t:|1698081856\n|switch|p1a: Iron Moth|Iron Moth|100\/100\n|turn|10\n|\n|t:|1698081869\n|cant|p2a: Clefairy|slp\n|move|p1a: Iron Moth|Dazzling Gleam|p2a: Clefairy|[spread] p2a,p2b\n|-damage|p2a: Clefairy|86\/100 slp\n|-damage|p2b: Muk|89\/100\n|move|p2b: Muk|Knock Off|p1b: Amoonguss\n|-damage|p1b: Amoonguss|31\/100\n|-status|p2b: Muk|par|[from] ability: Effect Spore|[of] p1b: Amoonguss\n|-enditem|p1b: Amoonguss|Black Sludge|[from] move: Knock Off|[of] p2b: Muk\n|move|p1b: Amoonguss|Clear Smog|p2b: Muk\n|-damage|p2b: Muk|81\/100 par\n|-clearboost|p2b: Muk\n|\n|-heal|p2b: Muk|87\/100 par|[from] item: Leftovers\n|upkeep\n|turn|11\n|\n|t:|1698081889\n|-curestatus|p2a: Clefairy|slp|[msg]\n|move|p2a: Clefairy|Follow Me|p2a: Clefairy\n|-singleturn|p2a: Clefairy|move: Follow Me\n|move|p1a: Iron Moth|Dazzling Gleam|p2b: Muk|[spread] p2a,p2b\n|-damage|p2a: Clefairy|71\/100\n|-damage|p2b: Muk|70\/100 par\n|move|p1b: Amoonguss|Pollen Puff|p2a: Clefairy\n|-resisted|p2a: Clefairy\n|-damage|p2a: Clefairy|65\/100\n|move|p2b: Muk|Knock Off|p1b: Amoonguss\n|-damage|p1b: Amoonguss|7\/100\n|\n|-heal|p2b: Muk|76\/100 par|[from] item: Leftovers\n|-sideend|p1: Pizzasauce6789|move: Tailwind\n|upkeep\n|turn|12\n|\n|t:|1698081905\n|move|p1a: Iron Moth|Dazzling Gleam|p2a: Clefairy|[spread] p2a,p2b\n|-damage|p2a: Clefairy|53\/100\n|-damage|p2b: Muk|59\/100 par\n|move|p2a: Clefairy|Life Dew|p2a: Clefairy|[spread] p2a,p2b\n|-heal|p2a: Clefairy|78\/100\n|-heal|p2b: Muk|84\/100 par\n|move|p1b: Amoonguss|Spore|p2a: Clefairy\n|-status|p2a: Clefairy|slp|[from] move: Spore\n|move|p2b: Muk|Poison Jab|p1b: Amoonguss\n|-damage|p1b: Amoonguss|0 fnt\n|faint|p1b: Amoonguss\n|\n|-heal|p2b: Muk|90\/100 par|[from] item: Leftovers\n|upkeep\n|turn|13\n|\n|t:|1698081921\n|cant|p2a: Clefairy|slp\n|move|p1a: Iron Moth|Dazzling Gleam|p2b: Muk|[spread] p2a,p2b\n|-damage|p2a: Clefairy|64\/100 slp\n|-damage|p2b: Muk|71\/100 par\n|move|p2b: Muk|Knock Off|p1a: Iron Moth\n|-damage|p1a: Iron Moth|14\/100\n|-enditem|p1a: Iron Moth|Choice Scarf|[from] move: Knock Off|[of] p2b: Muk\n|\n|-heal|p2b: Muk|77\/100 par|[from] item: Leftovers\n|upkeep\n|turn|14\n|\n|t:|1698081934\n|move|p1a: Iron Moth|Sludge Wave|p2a: Clefairy|[spread] p2a,p2b\n|-supereffective|p2a: Clefairy\n|-damage|p2a: Clefairy|17\/100 slp\n|-damage|p2b: Muk|44\/100 par\n|-curestatus|p2a: Clefairy|slp|[msg]\n|move|p2a: Clefairy|Life Dew|p2a: Clefairy|[spread] p2a,p2b\n|-heal|p2a: Clefairy|42\/100\n|-heal|p2b: Muk|69\/100 par\n|cant|p2b: Muk|par\n|\n|-heal|p2b: Muk|75\/100 par|[from] item: Leftovers\n|upkeep\n|turn|15\n|\n|t:|1698081944\n|move|p1a: Iron Moth|Sludge Wave|p2a: Clefairy|[spread] p2a,p2b\n|-supereffective|p2a: Clefairy\n|-damage|p2a: Clefairy|0 fnt\n|-damage|p2b: Muk|45\/100 par\n|faint|p2a: Clefairy\n|move|p2b: Muk|Knock Off|p1a: Iron Moth\n|-damage|p1a: Iron Moth|0 fnt\n|faint|p1a: Iron Moth\n|-end|p1a: Iron Moth|Quark Drive|[silent]\n|\n|win|Petir Gruffin\n|raw|Pizzasauce6789's rating: 1166 &rarr; <strong>1133<\/strong><br \/>(-33 for losing)\n|raw|Petir Gruffin's rating: 1050 &rarr; <strong>1093<\/strong><br \/>(+43 for winning)\n|l|\u2606Pizzasauce6789\n","uploadtime":1698081957,"views":12,"p1id":"pizzasauce6789","p2id":"petirgruffin","formatid":"gen9doublesou","rating":1093,"private":0,"password":""}