{"id":"gen9doublesou-1999437150","p1":"goesbystupidnames","p2":"sapphic suporter","format":"[Gen 9] Doubles OU","log":"|j|\u2606goesbystupidnames\n|j|\u2606sapphic suporter\n|t:|1701080351\n|gametype|doubles\n|player|p1|goesbystupidnames|hilda|1224\n|player|p2|sapphic suporter|cynthia-masters3|1366\n|teamsize|p1|6\n|teamsize|p2|6\n|gen|9\n|tier|[Gen 9] Doubles OU\n|rated|\n|rule|Species Clause: Limit one of each Pok\u00e9mon\n|rule|OHKO Clause: OHKO moves are banned\n|rule|Evasion Moves Clause: Evasion moves are banned\n|rule|Gravity Sleep Clause: The combination of sleep-inducing moves with imperfect accuracy and Gravity or Gigantamax Orbeetle are banned\n|rule|Endless Battle Clause: Forcing endless battles is banned\n|rule|HP Percentage Mod: HP is shown in percentages\n|clearpoke\n|poke|p1|Flutter Mane|\n|poke|p1|Chi-Yu|\n|poke|p1|Milotic, F|\n|poke|p1|Scream Tail|\n|poke|p1|Arcanine-Hisui, M|\n|poke|p1|Ogerpon-Wellspring, F|\n|poke|p2|Sneasler, F|\n|poke|p2|Rillaboom, M|\n|poke|p2|Armarouge, M|\n|poke|p2|Indeedee-F, F|\n|poke|p2|Farigiraf, F|\n|poke|p2|Landorus-Therian, M|\n|teampreview\n|\n|t:|1701080391\n|start\n|switch|p1a: Scream Tail|Scream Tail, shiny|100\/100\n|switch|p1b: Ogerpon|Ogerpon-Wellspring, F|100\/100\n|switch|p2a: Rillaboom|Rillaboom, M|100\/100\n|switch|p2b: Sneasler|Sneasler, F|100\/100\n|-fieldstart|move: Grassy Terrain|[from] ability: Grassy Surge|[of] p2a: Rillaboom\n|-enditem|p2b: Sneasler|Grassy Seed\n|-boost|p2b: Sneasler|def|1|[from] item: Grassy Seed\n|-enditem|p1a: Scream Tail|Booster Energy\n|-activate|p1a: Scream Tail|ability: Protosynthesis|[fromitem]\n|-start|p1a: Scream Tail|protosynthesisspe\n|turn|1\n|inactive|Battle timer is ON: inactive players will automatically lose when time's up. (requested by goesbystupidnames)\n|\n|t:|1701080422\n|move|p2b: Sneasler|Swords Dance|p2b: Sneasler\n|-boost|p2b: Sneasler|atk|2\n|move|p1a: Scream Tail|Encore|p2b: Sneasler\n|-start|p2b: Sneasler|Encore\n|move|p2a: Rillaboom|U-turn|p1b: Ogerpon\n|-supereffective|p1b: Ogerpon\n|-damage|p1b: Ogerpon|35\/100\n|\n|t:|1701080443\n|switch|p2a: Indeedee|Indeedee-F, F, shiny|100\/100|[from] U-turn\n|-fieldstart|move: Psychic Terrain|[from] ability: Psychic Surge|[of] p2a: Indeedee\n|move|p1b: Ogerpon|U-turn|p2a: Indeedee\n|-supereffective|p2a: Indeedee\n|-damage|p2a: Indeedee|29\/100\n|\n|t:|1701080450\n|switch|p1b: Arcanine|Arcanine-Hisui, M|100\/100|[from] U-turn\n|\n|-heal|p2a: Indeedee|35\/100|[from] item: Leftovers\n|upkeep\n|turn|2\n|\n|t:|1701080459\n|move|p2b: Sneasler|Swords Dance|p2b: Sneasler\n|-boost|p2b: Sneasler|atk|2\n|move|p1a: Scream Tail|Stealth Rock|p2b: Sneasler\n|-sidestart|p2: sapphic suporter|move: Stealth Rock\n|move|p1b: Arcanine|Head Smash|p2b: Sneasler|[miss]\n|-miss|p1b: Arcanine|p2b: Sneasler\n|move|p2a: Indeedee|Trick Room|p2a: Indeedee\n|-fieldstart|move: Trick Room|[of] p2a: Indeedee\n|\n|-heal|p2a: Indeedee|41\/100|[from] item: Leftovers\n|upkeep\n|turn|3\n|\n|t:|1701080478\n|move|p2a: Indeedee|Heal Pulse|p2b: Sneasler\n|-fail|p2b: Sneasler|heal\n|move|p1b: Arcanine|Head Smash|p2b: Sneasler\n|-resisted|p2b: Sneasler\n|-damage|p2b: Sneasler|36\/100\n|move|p1a: Scream Tail|Psychic Fangs|p2b: Sneasler\n|-supereffective|p2b: Sneasler\n|-damage|p2b: Sneasler|0 fnt\n|faint|p2b: Sneasler\n|\n|-heal|p2a: Indeedee|47\/100|[from] item: Leftovers\n|upkeep\n|\n|t:|1701080487\n|switch|p2b: Armarouge|Armarouge, M, shiny|100\/100\n|-damage|p2b: Armarouge|76\/100|[from] Stealth Rock\n|turn|4\n|\n|t:|1701080499\n|-terastallize|p2b: Armarouge|Psychic\n|move|p2a: Indeedee|Helping Hand|p2b: Armarouge\n|-singleturn|p2b: Armarouge|Helping Hand|[of] p2a: Indeedee\n|move|p2b: Armarouge|Expanding Force|p1a: Scream Tail|[spread] p1a,p1b\n|-resisted|p1a: Scream Tail\n|-damage|p1a: Scream Tail|52\/100\n|-damage|p1b: Arcanine|0 fnt\n|faint|p1b: Arcanine\n|move|p1a: Scream Tail|Psychic Fangs|p2b: Armarouge\n|-resisted|p2b: Armarouge\n|-damage|p2b: Armarouge|63\/100\n|\n|-heal|p2b: Armarouge|69\/100|[from] item: Leftovers\n|-heal|p2a: Indeedee|53\/100|[from] item: Leftovers\n|upkeep\n|\n|t:|1701080519\n|switch|p1b: Milotic|Milotic, F|100\/100\n|turn|5\n|\n|t:|1701080533\n|move|p2a: Indeedee|Helping Hand|p2b: Armarouge\n|-singleturn|p2b: Armarouge|Helping Hand|[of] p2a: Indeedee\n|move|p2b: Armarouge|Expanding Force|p1a: Scream Tail|[spread] p1a,p1b\n|-resisted|p1a: Scream Tail\n|-damage|p1a: Scream Tail|8\/100\n|-damage|p1b: Milotic|20\/100\n|move|p1b: Milotic|Scald|p2b: Armarouge\n|-damage|p2b: Armarouge|37\/100\n|move|p1a: Scream Tail|Psychic Fangs|p2b: Armarouge\n|-resisted|p2b: Armarouge\n|-damage|p2b: Armarouge|26\/100\n|\n|-heal|p2b: Armarouge|32\/100|[from] item: Leftovers\n|-heal|p2a: Indeedee|60\/100|[from] item: Leftovers\n|-fieldend|move: Psychic Terrain\n|upkeep\n|turn|6\n|inactive|goesbystupidnames has 120 seconds left.\n|\n|t:|1701080563\n|switch|p2a: Landorus|Landorus-Therian, M, shiny|100\/100\n|-damage|p2a: Landorus|88\/100|[from] Stealth Rock\n|-ability|p2a: Landorus|Intimidate|boost\n|-unboost|p1a: Scream Tail|atk|1\n|-unboost|p1b: Milotic|atk|1\n|move|p2b: Armarouge|Expanding Force|p1b: Milotic\n|-damage|p1b: Milotic|0 fnt\n|faint|p1b: Milotic\n|move|p1a: Scream Tail|Psychic Fangs|p2b: Armarouge\n|-resisted|p2b: Armarouge\n|-damage|p2b: Armarouge|25\/100\n|\n|-heal|p2b: Armarouge|32\/100|[from] item: Leftovers\n|-fieldend|move: Trick Room\n|upkeep\n|inactive|goesbystupidnames has 120 seconds left.\n|\n|t:|1701080575\n|switch|p1b: Ogerpon|Ogerpon-Wellspring, F|35\/100\n|turn|7\n|\n|t:|1701080595\n|move|p1a: Scream Tail|Psychic Fangs|p2a: Landorus\n|-damage|p2a: Landorus|73\/100\n|move|p2a: Landorus|U-turn|p1b: Ogerpon\n|-supereffective|p1b: Ogerpon\n|-damage|p1b: Ogerpon|0 fnt\n|faint|p1b: Ogerpon\n|\n|t:|1701080600\n|switch|p2a: Indeedee|Indeedee-F, F, shiny|60\/100|[from] U-turn\n|-damage|p2a: Indeedee|47\/100|[from] Stealth Rock\n|-fieldstart|move: Psychic Terrain|[from] ability: Psychic Surge|[of] p2a: Indeedee\n|move|p2b: Armarouge|Expanding Force|p1a: Scream Tail\n|-resisted|p1a: Scream Tail\n|-crit|p1a: Scream Tail\n|-damage|p1a: Scream Tail|0 fnt\n|faint|p1a: Scream Tail\n|-end|p1a: Scream Tail|Protosynthesis|[silent]\n|\n|-heal|p2a: Indeedee|53\/100|[from] item: Leftovers\n|-heal|p2b: Armarouge|38\/100|[from] item: Leftovers\n|upkeep\n|\n|t:|1701080613\n|switch|p1a: Flutter Mane|Flutter Mane, shiny|100\/100\n|switch|p1b: Chi-Yu|Chi-Yu|100\/100\n|-ability|p1b: Chi-Yu|Beads of Ruin\n|-enditem|p1a: Flutter Mane|Booster Energy\n|-activate|p1a: Flutter Mane|ability: Protosynthesis|[fromitem]\n|-start|p1a: Flutter Mane|protosynthesisspe\n|turn|8\n|\n|t:|1701080627\n|move|p2b: Armarouge|Wide Guard|p2b: Armarouge\n|-singleturn|p2b: Armarouge|Wide Guard\n|move|p1a: Flutter Mane|Shadow Ball|p2b: Armarouge\n|-supereffective|p2b: Armarouge\n|-damage|p2b: Armarouge|0 fnt\n|faint|p2b: Armarouge\n|move|p1b: Chi-Yu|Snarl|p2a: Indeedee\n|-activate|p2a: Indeedee|move: Wide Guard\n|move|p2a: Indeedee|Trick Room|p2a: Indeedee\n|-fieldstart|move: Trick Room|[of] p2a: Indeedee\n|\n|-heal|p2a: Indeedee|59\/100|[from] item: Leftovers\n|upkeep\n|\n|t:|1701080638\n|switch|p2b: Farigiraf|Farigiraf, F, shiny|100\/100\n|-damage|p2b: Farigiraf|88\/100|[from] Stealth Rock\n|turn|9\n|\n|t:|1701080652\n|move|p2a: Indeedee|Follow Me|p2a: Indeedee\n|-singleturn|p2a: Indeedee|move: Follow Me\n|move|p2b: Farigiraf|Nasty Plot|p2b: Farigiraf\n|-boost|p2b: Farigiraf|spa|2\n|move|p1b: Chi-Yu|Snarl|p2b: Farigiraf|[spread] p2a,p2b\n|-supereffective|p2a: Indeedee\n|-supereffective|p2b: Farigiraf\n|-damage|p2a: Indeedee|3\/100\n|-damage|p2b: Farigiraf|7\/100\n|-unboost|p2a: Indeedee|spa|1\n|-unboost|p2b: Farigiraf|spa|1\n|-damage|p1b: Chi-Yu|91\/100|[from] item: Life Orb\n|move|p1a: Flutter Mane|Shadow Ball|p2a: Indeedee\n|-immune|p2a: Indeedee\n|\n|-heal|p2b: Farigiraf|13\/100|[from] item: Leftovers\n|-heal|p2a: Indeedee|9\/100|[from] item: Leftovers\n|upkeep\n|turn|10\n|\n|t:|1701080679\n|move|p2b: Farigiraf|Hyper Voice|p1a: Flutter Mane|[spread] p1b\n|-immune|p1a: Flutter Mane\n|-damage|p1b: Chi-Yu|34\/100\n|move|p2a: Indeedee|Heal Pulse|p2b: Farigiraf\n|-heal|p2b: Farigiraf|63\/100\n|move|p1b: Chi-Yu|Snarl|p2a: Indeedee|[spread] p2a,p2b\n|-supereffective|p2a: Indeedee\n|-supereffective|p2b: Farigiraf\n|-damage|p2a: Indeedee|0 fnt\n|-damage|p2b: Farigiraf|0 fnt\n|faint|p2a: Indeedee\n|faint|p2b: Farigiraf\n|-damage|p1b: Chi-Yu|24\/100|[from] item: Life Orb\n|move|p1a: Flutter Mane|Shadow Ball|p2: Indeedee|[notarget]\n|-fail|p1a: Flutter Mane\n|\n|upkeep\n|inactive|sapphic suporter has 120 seconds left.\n|\n|t:|1701080689\n|switch|p2b: Rillaboom|Rillaboom, M|100\/100\n|switch|p2a: Landorus|Landorus-Therian, M, shiny|73\/100\n|-damage|p2b: Rillaboom|88\/100|[from] Stealth Rock\n|-fieldstart|move: Grassy Terrain|[from] ability: Grassy Surge|[of] p2b: Rillaboom\n|-damage|p2a: Landorus|61\/100|[from] Stealth Rock\n|-ability|p2a: Landorus|Intimidate|boost\n|-unboost|p1a: Flutter Mane|atk|1\n|-unboost|p1b: Chi-Yu|atk|1\n|turn|11\n|\n|t:|1701080710\n|move|p1b: Chi-Yu|Protect|p1b: Chi-Yu\n|-singleturn|p1b: Chi-Yu|Protect\n|move|p2b: Rillaboom|Wood Hammer|p1a: Flutter Mane\n|-crit|p1a: Flutter Mane\n|-damage|p1a: Flutter Mane|0 fnt\n|faint|p1a: Flutter Mane\n|-end|p1a: Flutter Mane|Protosynthesis|[silent]\n|-damage|p2b: Rillaboom|64\/100|[from] Recoil\n|move|p2a: Landorus|Rock Slide|p1b: Chi-Yu\n|-activate|p1b: Chi-Yu|move: Protect\n|\n|-heal|p1b: Chi-Yu|30\/100|[from] Grassy Terrain\n|-heal|p2b: Rillaboom|70\/100|[from] Grassy Terrain\n|upkeep\n|turn|12\n|\n|t:|1701080727\n|-terastallize|p1b: Chi-Yu|Dark\n|move|p1b: Chi-Yu|Heat Wave|p2a: Landorus|[spread] p2a,p2b\n|-supereffective|p2b: Rillaboom\n|-damage|p2a: Landorus|0 fnt\n|-damage|p2b: Rillaboom|0 fnt\n|faint|p2a: Landorus\n|faint|p2b: Rillaboom\n|-damage|p1b: Chi-Yu|20\/100|[from] item: Life Orb\n|\n|win|goesbystupidnames\n|raw|goesbystupidnames's rating: 1224 &rarr; <strong>1259<\/strong><br \/>(+35 for winning)\n|raw|sapphic suporter's rating: 1366 &rarr; <strong>1338<\/strong><br \/>(-28 for losing)\n|c|\u2606sapphic suporter|ggw p\n|c|\u2606goesbystupidnames|gg wp\n|l|\u2606sapphic suporter\n","uploadtime":1701080744,"views":19,"p1id":"goesbystupidnames","p2id":"sapphicsuporter","formatid":"gen9doublesou","rating":1259,"private":0,"password":""}