{"id":"gen9doublesou-1984049332","p1":"Wisdom1472","p2":"Marie Kong","format":"[Gen 9] Doubles OU","log":"|j|\u2606Wisdom1472\n|j|\u2606Marie Kong\n|t:|1699213453\n|gametype|doubles\n|player|p1|Wisdom1472|swimmer|1390\n|player|p2|Marie Kong|furisodegirl-pink|1303\n|teamsize|p1|6\n|teamsize|p2|6\n|gen|9\n|tier|[Gen 9] Doubles OU\n|rated|\n|rule|Species Clause: Limit one of each Pok\u00e9mon\n|rule|OHKO Clause: OHKO moves are banned\n|rule|Evasion Moves Clause: Evasion moves are banned\n|rule|Gravity Sleep Clause: The combination of sleep-inducing moves with imperfect accuracy and Gravity or Gigantamax Orbeetle are banned\n|rule|Endless Battle Clause: Forcing endless battles is banned\n|rule|HP Percentage Mod: HP is shown in percentages\n|clearpoke\n|poke|p1|Glimmora, F|\n|poke|p1|Sinistcha|\n|poke|p1|Ursaluna-Bloodmoon, M|\n|poke|p1|Okidogi, M|\n|poke|p1|Flutter Mane|\n|poke|p1|Kommo-o, F|\n|poke|p2|Tauros-Paldea-Blaze, M|\n|poke|p2|Meowscarada, F|\n|poke|p2|Cryogonal|\n|poke|p2|Murkrow, M|\n|poke|p2|Gallade, M|\n|poke|p2|Kilowattrel, F|\n|teampreview\n|\n|t:|1699213472\n|start\n|switch|p1a: Flutter Mane|Flutter Mane|100\/100\n|switch|p1b: Glimmorbin time|Glimmora, F|100\/100\n|switch|p2a: Murkrow|Murkrow, M, shiny|100\/100\n|switch|p2b: Kilowattrel|Kilowattrel, F|100\/100\n|-item|p1b: Glimmorbin time|Air Balloon\n|turn|1\n|\n|t:|1699213495\n|-end|p1a: Flutter Mane|Protosynthesis|[silent]\n|switch|p1a: Baloo|Ursaluna-Bloodmoon, M|100\/100\n|-terastallize|p2a: Murkrow|Ground\n|move|p2a: Murkrow|Tailwind|p2a: Murkrow\n|-sidestart|p2: Marie Kong|move: Tailwind\n|-start|p2b: Kilowattrel|Charge|Tailwind|[from] ability: Wind Power\n|move|p2b: Kilowattrel|Discharge|p1a: Baloo|[spread] p1b\n|-immune|p2a: Murkrow\n|-immune|p1a: Baloo\n|-damage|p1b: Glimmorbin time|25\/100\n|-enditem|p1b: Glimmorbin time|Air Balloon\n|-end|p2b: Kilowattrel|Charge|[silent]\n|move|p1b: Glimmorbin time|Mortal Spin|p2a: Murkrow|[spread] p2a,p2b\n|-resisted|p2a: Murkrow\n|-crit|p2a: Murkrow\n|-damage|p2a: Murkrow|91\/100\n|-damage|p2b: Kilowattrel|92\/100\n|-status|p2a: Murkrow|psn\n|-status|p2b: Kilowattrel|psn\n|\n|-damage|p2b: Kilowattrel|80\/100 psn|[from] psn\n|-damage|p2a: Murkrow|79\/100 psn|[from] psn\n|upkeep\n|turn|2\n|\n|t:|1699213570\n|-terastallize|p1a: Baloo|Normal\n|move|p2a: Murkrow|Taunt|p1b: Glimmorbin time\n|-start|p1b: Glimmorbin time|move: Taunt\n|move|p2b: Kilowattrel|Air Slash|p1a: Baloo\n|-damage|p1a: Baloo|56\/100\n|cant|p1b: Glimmorbin time|move: Taunt|Stealth Rock\n|move|p1a: Baloo|Hyper Voice|p2a: Murkrow|[spread] p2a,p2b\n|-damage|p2a: Murkrow|0 fnt\n|-damage|p2b: Kilowattrel|0 fnt\n|faint|p2a: Murkrow\n|faint|p2b: Kilowattrel\n|-enditem|p1a: Baloo|Throat Spray\n|-boost|p1a: Baloo|spa|1|[from] item: Throat Spray\n|\n|upkeep\n|\n|t:|1699213584\n|switch|p2b: Tauros|Tauros-Paldea-Blaze, M|100\/100\n|switch|p2a: Cryogonal|Cryogonal, shiny|100\/100\n|turn|3\n|\n|t:|1699213601\n|switch|p1b: Tea time|Sinistcha|100\/100\n|-heal|p1a: Baloo|81\/100|[from] ability: Hospitality|[of] p1b: Tea time\n|move|p1a: Baloo|Vacuum Wave|p2a: Cryogonal\n|-supereffective|p2a: Cryogonal\n|-damage|p2a: Cryogonal|65\/100\n|move|p2a: Cryogonal|Frost Breath|p2b: Tauros\n|-resisted|p2b: Tauros\n|-crit|p2b: Tauros\n|-damage|p2b: Tauros|75\/100\n|-setboost|p2b: Tauros|atk|6|[from] ability: Anger Point\n|move|p2b: Tauros|Earthquake|p1b: Tea time|[spread] p1a,p1b\n|-immune|p2a: Cryogonal|[from] ability: Levitate\n|-resisted|p1b: Tea time\n|-damage|p1a: Baloo|11\/100\n|-damage|p1b: Tea time|66\/100\n|\n|-heal|p1b: Tea time|72\/100|[from] item: Leftovers\n|upkeep\n|turn|4\n|\n|t:|1699213620\n|move|p1b: Tea time|Rage Powder|p1b: Tea time\n|-singleturn|p1b: Tea time|move: Rage Powder\n|move|p2a: Cryogonal|Icy Wind|p1b: Tea time|[spread] p1a,p1b\n|-supereffective|p1b: Tea time\n|-damage|p1a: Baloo|0 fnt\n|-damage|p1b: Tea time|35\/100\n|-unboost|p1b: Tea time|spe|1\n|faint|p1a: Baloo\n|move|p2b: Tauros|Raging Bull|p1b: Tea time\n|-supereffective|p1b: Tea time\n|-damage|p1b: Tea time|0 fnt\n|faint|p1b: Tea time\n|\n|-sideend|p2: Marie Kong|move: Tailwind\n|upkeep\n|\n|t:|1699213631\n|switch|p1b: Kommo-o|Kommo-o, F|100\/100\n|switch|p1a: Flutter Mane|Flutter Mane|100\/100\n|turn|5\n|\n|t:|1699213643\n|move|p2b: Tauros|Protect|p2b: Tauros\n|-singleturn|p2b: Tauros|Protect\n|move|p1a: Flutter Mane|Moonblast|p2b: Tauros\n|-activate|p2b: Tauros|move: Protect\n|move|p2a: Cryogonal|Icy Wind|p1a: Flutter Mane|[spread] p1a,p1b\n|-supereffective|p1b: Kommo-o\n|-damage|p1a: Flutter Mane|85\/100\n|-damage|p1b: Kommo-o|69\/100\n|-unboost|p1a: Flutter Mane|spe|1\n|-unboost|p1b: Kommo-o|spe|1\n|move|p1b: Kommo-o|Clangorous Soul|p1b: Kommo-o\n|-boost|p1b: Kommo-o|atk|1\n|-boost|p1b: Kommo-o|def|1\n|-boost|p1b: Kommo-o|spa|1\n|-boost|p1b: Kommo-o|spd|1\n|-boost|p1b: Kommo-o|spe|1\n|-damage|p1b: Kommo-o|36\/100\n|\n|-heal|p1b: Kommo-o|42\/100|[from] item: Leftovers\n|upkeep\n|turn|6\n|\n|t:|1699213679\n|-end|p1a: Flutter Mane|Protosynthesis|[silent]\n|switch|p1a: Glimmorbin time|Glimmora, F|25\/100\n|move|p2a: Cryogonal|Icy Wind|p1a: Glimmorbin time|[spread] p1a,p1b\n|-supereffective|p1b: Kommo-o\n|-damage|p1a: Glimmorbin time|9\/100\n|-damage|p1b: Kommo-o|21\/100\n|-unboost|p1a: Glimmorbin time|spe|1\n|-unboost|p1b: Kommo-o|spe|1\n|move|p2b: Tauros|Earthquake|p1a: Glimmorbin time|[spread] p1a,p1b\n|-immune|p2a: Cryogonal|[from] ability: Levitate\n|-supereffective|p1a: Glimmorbin time\n|-damage|p1a: Glimmorbin time|0 fnt\n|-damage|p1b: Kommo-o|0 fnt\n|-activate|p1a: Glimmorbin time|ability: Toxic Debris\n|-sidestart|p2: Marie Kong|move: Toxic Spikes\n|faint|p1a: Glimmorbin time\n|faint|p1b: Kommo-o\n|\n|upkeep\n|\n|t:|1699213691\n|switch|p1b: Bowow|Okidogi, M|100\/100\n|switch|p1a: Flutter Mane|Flutter Mane|85\/100\n|turn|7\n|\n|t:|1699213706\n|move|p2b: Tauros|Protect|p2b: Tauros\n|-singleturn|p2b: Tauros|Protect\n|move|p1a: Flutter Mane|Dazzling Gleam|p2a: Cryogonal|[spread] p2a\n|-activate|p2b: Tauros|move: Protect\n|-damage|p2a: Cryogonal|31\/100\n|move|p2a: Cryogonal|Icy Wind|p1a: Flutter Mane|[spread] p1a,p1b\n|-damage|p1a: Flutter Mane|70\/100\n|-damage|p1b: Bowow|90\/100\n|-unboost|p1a: Flutter Mane|spe|1\n|-unboost|p1b: Bowow|spe|1\n|move|p1b: Bowow|Drain Punch|p2a: Cryogonal\n|-supereffective|p2a: Cryogonal\n|-damage|p2a: Cryogonal|0 fnt\n|-heal|p1b: Bowow|100\/100|[from] drain|[of] p2a: Cryogonal\n|faint|p2a: Cryogonal\n|\n|upkeep\n|\n|t:|1699213722\n|switch|p2a: Gallade|Gallade, M, shiny|100\/100\n|-status|p2a: Gallade|psn\n|turn|8\n|\n|t:|1699213728\n|move|p2b: Tauros|Earthquake|p1b: Bowow|[spread] p2a,p1a,p1b\n|-supereffective|p1b: Bowow\n|-damage|p2a: Gallade|0 fnt\n|-damage|p1a: Flutter Mane|0 fnt\n|-damage|p1b: Bowow|0 fnt\n|faint|p2a: Gallade\n|faint|p1a: Flutter Mane\n|-end|p1a: Flutter Mane|Protosynthesis|[silent]\n|faint|p1b: Bowow\n|\n|win|Marie Kong\n|raw|Wisdom1472's rating: 1390 &rarr; <strong>1366<\/strong><br \/>(-24 for losing)\n|raw|Marie Kong's rating: 1323 &rarr; <strong>1347<\/strong><br \/>(+24 for winning)\n|l|\u2606Wisdom1472\n","uploadtime":1699213741,"views":7,"p1id":"wisdom1472","p2id":"mariekong","formatid":"gen9doublesou","rating":1347,"private":0,"password":""}