{"id":"gen9doublesou-1992915487","p1":"MageDream\/UHE","p2":"Ss2110","format":"[Gen 9] Doubles OU","log":"|j|\u2606MageDream\/UHE\n|j|\u2606Ss2110\n|t:|1700246484\n|gametype|doubles\n|player|p1|MageDream\/UHE|chuck|1404\n|player|p2|Ss2110|benga|1413\n|teamsize|p1|6\n|teamsize|p2|6\n|gen|9\n|tier|[Gen 9] Doubles OU\n|rated|\n|rule|Species Clause: Limit one of each Pok\u00e9mon\n|rule|OHKO Clause: OHKO moves are banned\n|rule|Evasion Moves Clause: Evasion moves are banned\n|rule|Gravity Sleep Clause: The combination of sleep-inducing moves with imperfect accuracy and Gravity or Gigantamax Orbeetle are banned\n|rule|Endless Battle Clause: Forcing endless battles is banned\n|rule|HP Percentage Mod: HP is shown in percentages\n|clearpoke\n|poke|p1|Scizor, F|\n|poke|p1|Rillaboom, M|\n|poke|p1|Pelipper, F|\n|poke|p1|Walking Wake|\n|poke|p1|Tornadus, M|\n|poke|p1|Clefable, F|\n|poke|p2|Clefairy, M|\n|poke|p2|Chi-Yu|\n|poke|p2|Rillaboom, F|\n|poke|p2|Sneasler, F|\n|poke|p2|Ursaluna, M|\n|poke|p2|Sinistcha|\n|teampreview\n|\n|t:|1700246495\n|start\n|switch|p1a: Walking Wake|Walking Wake|100\/100\n|switch|p1b: Tornadus|Tornadus, M|100\/100\n|switch|p2a: Rillaboom|Rillaboom, F, shiny|100\/100\n|switch|p2b: Sneasler|Sneasler, F|100\/100\n|-fieldstart|move: Grassy Terrain|[from] ability: Grassy Surge|[of] p2a: Rillaboom\n|-enditem|p2b: Sneasler|Grassy Seed\n|-boost|p2b: Sneasler|def|1|[from] item: Grassy Seed\n|-enditem|p1a: Walking Wake|Grassy Seed\n|-boost|p1a: Walking Wake|def|1|[from] item: Grassy Seed\n|turn|1\n|\n|t:|1700246515\n|move|p2a: Rillaboom|Fake Out|p1b: Tornadus\n|-damage|p1b: Tornadus|81\/100\n|move|p2b: Sneasler|Swords Dance|p2b: Sneasler\n|-boost|p2b: Sneasler|atk|2\n|move|p1a: Walking Wake|Hydro Steam|p2b: Sneasler\n|-damage|p2b: Sneasler|50\/100\n|move|p1b: Tornadus|Bleakwind Storm|p2a: Rillaboom|[spread] p2a\n|-miss|p1b: Tornadus|p2b: Sneasler\n|-supereffective|p2a: Rillaboom\n|-damage|p2a: Rillaboom|38\/100\n|-unboost|p2a: Rillaboom|spe|1\n|\n|-heal|p2b: Sneasler|56\/100|[from] Grassy Terrain\n|-heal|p2a: Rillaboom|44\/100|[from] Grassy Terrain\n|upkeep\n|turn|2\n|c|\u2606MageDream\/UHE|!dt unburden\n|raw|<ul class=\"utilichart\"><li class=\"result\"><span class=\"col namecol\"><a href=\"https:\/\/dex.pokemonshowdown.com\/abilities\/unburden\">Unburden<\/a><\/span> <span class=\"col abilitydesccol\">Speed is doubled on held item loss; boost is lost if it switches, gets new item\/Ability.<\/span> <\/li><li style=\"clear:both\"><\/li><\/ul>\n|raw|<font size=\"1\"><font color=\"#686868\">Gen:<\/font> 4<\/font>\n\n|\n|t:|1700246550\n|-end|p1a: Walking Wake|Protosynthesis|[silent]\n|switch|p1a: Pelipper|Pelipper, F|100\/100\n|-weather|RainDance|[from] ability: Drizzle|[of] p1a: Pelipper\n|switch|p2a: Clefairy|Clefairy, M|100\/100\n|-terastallize|p2b: Sneasler|Flying\n|move|p2b: Sneasler|Acrobatics|p1b: Tornadus\n|-damage|p1b: Tornadus|0 fnt\n|faint|p1b: Tornadus\n|\n|-weather|RainDance|[upkeep]\n|upkeep\n|\n|t:|1700246563\n|switch|p1b: Clefable|Clefable, F|100\/100\n|turn|3\n|\n|t:|1700246576\n|move|p1b: Clefable|Follow Me|p1b: Clefable\n|-singleturn|p1b: Clefable|move: Follow Me\n|move|p2a: Clefairy|Follow Me|p2a: Clefairy\n|-singleturn|p2a: Clefairy|move: Follow Me\n|move|p2b: Sneasler|Acrobatics|p1b: Clefable\n|-damage|p1b: Clefable|0 fnt\n|-damage|p2b: Sneasler|39\/100|[from] item: Rocky Helmet|[of] p1b: Clefable\n|faint|p1b: Clefable\n|move|p1a: Pelipper|Surf|p2a: Clefairy|[spread] p2a,p2b\n|-damage|p2a: Clefairy|67\/100\n|-damage|p2b: Sneasler|0 fnt\n|faint|p2b: Sneasler\n|\n|-weather|RainDance|[upkeep]\n|-heal|p2a: Clefairy|73\/100|[from] Grassy Terrain\n|upkeep\n|\n|t:|1700246590\n|switch|p2b: Chi-Yu|Chi-Yu|100\/100\n|switch|p1b: Scizor|Scizor, F|100\/100\n|-ability|p2b: Chi-Yu|Beads of Ruin\n|turn|4\n|\n|t:|1700246610\n|switch|p1b: Walking Wake|Walking Wake|100\/100\n|move|p2b: Chi-Yu|Protect|p2b: Chi-Yu\n|-singleturn|p2b: Chi-Yu|Protect\n|move|p1a: Pelipper|Protect|p1a: Pelipper\n|-singleturn|p1a: Pelipper|Protect\n|move|p2a: Clefairy|Sunny Day|p2a: Clefairy\n|-weather|SunnyDay\n|-activate|p1b: Walking Wake|ability: Protosynthesis\n|-start|p1b: Walking Wake|protosynthesisspa\n|\n|-weather|SunnyDay|[upkeep]\n|-heal|p2a: Clefairy|79\/100|[from] Grassy Terrain\n|upkeep\n|turn|5\n|\n|t:|1700246634\n|move|p2a: Clefairy|Helping Hand|p2b: Chi-Yu\n|-singleturn|p2b: Chi-Yu|Helping Hand|[of] p2a: Clefairy\n|move|p1b: Walking Wake|Hydro Steam|p2b: Chi-Yu\n|-supereffective|p2b: Chi-Yu\n|-damage|p2b: Chi-Yu|0 fnt\n|faint|p2b: Chi-Yu\n|move|p1a: Pelipper|Surf|p2a: Clefairy|[spread] p1b,p2a\n|-resisted|p1b: Walking Wake\n|-damage|p1b: Walking Wake|96\/100\n|-damage|p2a: Clefairy|69\/100\n|\n|-weather|SunnyDay|[upkeep]\n|-heal|p1b: Walking Wake|100\/100|[from] Grassy Terrain\n|-heal|p2a: Clefairy|75\/100|[from] Grassy Terrain\n|-fieldend|move: Grassy Terrain\n|upkeep\n|\n|t:|1700246651\n|switch|p2b: Rillaboom|Rillaboom, F, shiny|44\/100\n|-fieldstart|move: Grassy Terrain|[from] ability: Grassy Surge|[of] p2b: Rillaboom\n|turn|6\n|\n|t:|1700246660\n|switch|p1a: Scizor|Scizor, F|100\/100\n|-terastallize|p1b: Walking Wake|Steel\n|move|p2b: Rillaboom|Fake Out|p1b: Walking Wake\n|-resisted|p1b: Walking Wake\n|-damage|p1b: Walking Wake|92\/100\n|cant|p1b: Walking Wake|flinch\n|move|p2a: Clefairy|Heal Pulse|p2b: Rillaboom\n|-heal|p2b: Rillaboom|94\/100\n|\n|-weather|SunnyDay|[upkeep]\n|-heal|p1b: Walking Wake|98\/100|[from] Grassy Terrain\n|-heal|p2b: Rillaboom|100\/100|[from] Grassy Terrain\n|-heal|p2a: Clefairy|81\/100|[from] Grassy Terrain\n|upkeep\n|turn|7\n|\n|t:|1700246698\n|move|p2a: Clefairy|Follow Me|p2a: Clefairy\n|-singleturn|p2a: Clefairy|move: Follow Me\n|move|p1a: Scizor|Bullet Punch|p2a: Clefairy\n|-supereffective|p2a: Clefairy\n|-damage|p2a: Clefairy|23\/100\n|move|p1b: Walking Wake|Breaking Swipe|p2a: Clefairy|[spread] p2b\n|-immune|p2a: Clefairy\n|-damage|p2b: Rillaboom|89\/100\n|-unboost|p2b: Rillaboom|atk|1\n|move|p2b: Rillaboom|U-turn|p1b: Walking Wake\n|-resisted|p1b: Walking Wake\n|-damage|p1b: Walking Wake|87\/100\n|\n|t:|1700246710\n|switch|p2b: Sinistcha|Sinistcha|100\/100|[from] U-turn\n|-heal|p2a: Clefairy|48\/100|[from] ability: Hospitality|[of] p2b: Sinistcha\n|\n|-weather|SunnyDay|[upkeep]\n|-heal|p1b: Walking Wake|93\/100|[from] Grassy Terrain\n|-heal|p2a: Clefairy|54\/100|[from] Grassy Terrain\n|upkeep\n|turn|8\n|\n|t:|1700246728\n|move|p2a: Clefairy|Follow Me|p2a: Clefairy\n|-singleturn|p2a: Clefairy|move: Follow Me\n|move|p1b: Walking Wake|Hydro Steam|p2a: Clefairy\n|-damage|p2a: Clefairy|0 fnt\n|faint|p2a: Clefairy\n|move|p1a: Scizor|Knock Off|p2b: Sinistcha\n|-supereffective|p2b: Sinistcha\n|-damage|p2b: Sinistcha|33\/100\n|-enditem|p2b: Sinistcha|Sitrus Berry|[from] move: Knock Off|[of] p1a: Scizor\n|move|p2b: Sinistcha|Trick Room|p2b: Sinistcha\n|-fieldstart|move: Trick Room|[of] p2b: Sinistcha\n|\n|-weather|none\n|-end|p1b: Walking Wake|Protosynthesis\n|-heal|p2b: Sinistcha|39\/100|[from] Grassy Terrain\n|-heal|p1b: Walking Wake|99\/100|[from] Grassy Terrain\n|upkeep\n|\n|t:|1700246741\n|switch|p2a: Ursaluna|Ursaluna, M|100\/100\n|turn|9\n|\n|t:|1700246762\n|-end|p1b: Walking Wake|Protosynthesis|[silent]\n|switch|p1b: Rillaboom|Rillaboom, M|100\/100\n|move|p2b: Sinistcha|Rage Powder|p2b: Sinistcha\n|-singleturn|p2b: Sinistcha|move: Rage Powder\n|move|p1a: Scizor|U-turn|p2b: Sinistcha\n|-damage|p2b: Sinistcha|2\/100\n|\n|t:|1700246769\n|switch|p1a: Pelipper|Pelipper, F|100\/100|[from] U-turn\n|-weather|RainDance|[from] ability: Drizzle|[of] p1a: Pelipper\n|move|p2a: Ursaluna|Swords Dance|p2a: Ursaluna\n|-boost|p2a: Ursaluna|atk|2\n|\n|-weather|RainDance|[upkeep]\n|-heal|p2b: Sinistcha|8\/100|[from] Grassy Terrain\n|-status|p2a: Ursaluna|brn|[from] item: Flame Orb\n|upkeep\n|turn|10\n|\n|t:|1700246811\n|move|p2b: Sinistcha|Rage Powder|p2b: Sinistcha\n|-singleturn|p2b: Sinistcha|move: Rage Powder\n|move|p1b: Rillaboom|Grassy Glide|p2a: Ursaluna\n|-supereffective|p2a: Ursaluna\n|-damage|p2a: Ursaluna|16\/100 brn\n|move|p2a: Ursaluna|Facade|p1b: Rillaboom\n|-damage|p1b: Rillaboom|0 fnt\n|faint|p1b: Rillaboom\n|move|p1a: Pelipper|Surf|p2b: Sinistcha|[spread] p2a,p2b\n|-supereffective|p2a: Ursaluna\n|-resisted|p2b: Sinistcha\n|-damage|p2a: Ursaluna|0 fnt\n|-damage|p2b: Sinistcha|0 fnt\n|faint|p2a: Ursaluna\n|faint|p2b: Sinistcha\n|\n|-weather|RainDance|[upkeep]\n|-fieldend|move: Grassy Terrain\n|upkeep\n|-message|Ss2110 forfeited.\n|\n|win|MageDream\/UHE\n|raw|MageDream&#x2f;UHE's rating: 1404 &rarr; <strong>1425<\/strong><br \/>(+21 for winning)\n|raw|Ss2110's rating: 1413 &rarr; <strong>1392<\/strong><br \/>(-21 for losing)\n|l|\u2606Ss2110\n|l|\u2606MageDream\/UHE\n|j|\u2606MageDream\/UHE\n|player|p1|MageDream\/UHE|chuck\n","uploadtime":1700248621,"views":14,"p1id":"magedreamuhe","p2id":"ss2110","formatid":"gen9doublesou","rating":1392,"private":0,"password":""}