{"id":"gen9doublesou-1992200396","p1":"TheNormalGym123","p2":"Kordelion","format":"[Gen 9] Doubles OU","log":"|j|\u2606TheNormalGym123\n|j|\u2606Kordelion\n|t:|1700163323\n|gametype|doubles\n|player|p1|TheNormalGym123|hiker-gen4|1365\n|player|p2|Kordelion|rood|1324\n|teamsize|p1|6\n|teamsize|p2|6\n|gen|9\n|tier|[Gen 9] Doubles OU\n|rated|\n|rule|Species Clause: Limit one of each Pok\u00e9mon\n|rule|OHKO Clause: OHKO moves are banned\n|rule|Evasion Moves Clause: Evasion moves are banned\n|rule|Gravity Sleep Clause: The combination of sleep-inducing moves with imperfect accuracy and Gravity or Gigantamax Orbeetle are banned\n|rule|Endless Battle Clause: Forcing endless battles is banned\n|rule|HP Percentage Mod: HP is shown in percentages\n|clearpoke\n|poke|p1|Tornadus, M|\n|poke|p1|Ursaluna-Bloodmoon, M|\n|poke|p1|Arcanine, M|\n|poke|p1|Sinistcha-Masterpiece|\n|poke|p1|Kommo-o, M|\n|poke|p1|Gholdengo|\n|poke|p2|Sinistcha|\n|poke|p2|Cresselia, F|\n|poke|p2|Garganacl, M|\n|poke|p2|Ting-Lu|\n|poke|p2|Gliscor, M|\n|poke|p2|Ogerpon-Wellspring, F|\n|teampreview\n|\n|t:|1700163344\n|start\n|switch|p1a: Tornadus|Tornadus, M|100\/100\n|switch|p1b: Arcanine|Arcanine, M|100\/100\n|switch|p2a: Ting-Lu|Ting-Lu|100\/100\n|switch|p2b: Cresselia|Cresselia, F|100\/100\n|-ability|p1b: Arcanine|Intimidate|boost\n|-unboost|p2a: Ting-Lu|atk|1\n|-unboost|p2b: Cresselia|atk|1\n|-ability|p2a: Ting-Lu|Vessel of Ruin\n|turn|1\n|\n|t:|1700163356\n|move|p1a: Tornadus|Tailwind|p1a: Tornadus\n|-sidestart|p1: TheNormalGym123|move: Tailwind\n|move|p1b: Arcanine|Close Combat|p2a: Ting-Lu\n|-supereffective|p2a: Ting-Lu\n|-damage|p2a: Ting-Lu|71\/100\n|-unboost|p1b: Arcanine|def|1\n|-unboost|p1b: Arcanine|spd|1\n|move|p2b: Cresselia|Icy Wind|p1a: Tornadus|[spread] p1a,p1b\n|-supereffective|p1a: Tornadus\n|-resisted|p1b: Arcanine\n|-damage|p1a: Tornadus|86\/100\n|-damage|p1b: Arcanine|95\/100\n|-unboost|p1a: Tornadus|spe|1\n|-ability|p1a: Tornadus|Defiant|boost\n|-boost|p1a: Tornadus|atk|2\n|-unboost|p1b: Arcanine|spe|1\n|move|p2a: Ting-Lu|Spikes|p1b: Arcanine\n|-sidestart|p1: TheNormalGym123|Spikes\n|\n|-heal|p2a: Ting-Lu|77\/100|[from] item: Leftovers\n|upkeep\n|turn|2\n|\n|t:|1700163388\n|switch|p1b: Sinistcha|Sinistcha-Masterpiece|100\/100\n|-damage|p1b: Sinistcha|88\/100|[from] Spikes\n|-heal|p1a: Tornadus|100\/100|[from] ability: Hospitality|[of] p1b: Sinistcha\n|-terastallize|p1a: Tornadus|Flying\n|move|p1a: Tornadus|Acrobatics|p2b: Cresselia\n|-damage|p2b: Cresselia|7\/100\n|move|p2b: Cresselia|Lunar Blessing|p2b: Cresselia|[spread] p2a,p2b\n|-heal|p2a: Ting-Lu|100\/100\n|-heal|p2b: Cresselia|32\/100\n|move|p2a: Ting-Lu|Stealth Rock|p1b: Sinistcha\n|-sidestart|p1: TheNormalGym123|move: Stealth Rock\n|\n|-heal|p2b: Cresselia|38\/100|[from] item: Leftovers\n|upkeep\n|turn|3\n|\n|t:|1700163413\n|move|p2b: Cresselia|Protect|p2b: Cresselia\n|-singleturn|p2b: Cresselia|Protect\n|move|p1a: Tornadus|Acrobatics|p2a: Ting-Lu\n|-damage|p2a: Ting-Lu|41\/100\n|move|p1b: Sinistcha|Shadow Ball|p2b: Cresselia\n|-activate|p2b: Cresselia|move: Protect\n|move|p2a: Ting-Lu|Whirlwind|p1a: Tornadus\n|drag|p1a: Ursaluna|Ursaluna-Bloodmoon, M|100\/100\n|-damage|p1a: Ursaluna|88\/100|[from] Spikes\n|-damage|p1a: Ursaluna|82\/100|[from] Stealth Rock\n|\n|-heal|p1a: Ursaluna|88\/100|[from] item: Leftovers\n|-heal|p2b: Cresselia|44\/100|[from] item: Leftovers\n|-heal|p2a: Ting-Lu|48\/100|[from] item: Leftovers\n|upkeep\n|turn|4\n|\n|t:|1700163456\n|switch|p2a: Gliscor|Gliscor, M|100\/100\n|move|p1b: Sinistcha|Matcha Gotcha|p2a: Gliscor|[spread] p2a,p2b\n|-damage|p2a: Gliscor|65\/100\n|-heal|p1b: Sinistcha|100\/100|[from] drain|[of] p2a: Gliscor\n|-damage|p2b: Cresselia|26\/100\n|move|p1a: Ursaluna|Blood Moon|p2b: Cresselia\n|-damage|p2b: Cresselia|0 fnt\n|faint|p2b: Cresselia\n|\n|-heal|p1a: Ursaluna|94\/100|[from] item: Leftovers\n|-sideend|p1: TheNormalGym123|move: Tailwind\n|-status|p2a: Gliscor|tox|[from] item: Toxic Orb\n|upkeep\n|\n|t:|1700163481\n|switch|p2b: Ogerpon|Ogerpon-Wellspring, F|100\/100\n|turn|5\n|\n|t:|1700163494\n|move|p1a: Ursaluna|Protect|p1a: Ursaluna\n|-singleturn|p1a: Ursaluna|Protect\n|move|p2b: Ogerpon|Leech Seed|p1a: Ursaluna\n|-activate|p1a: Ursaluna|move: Protect\n|move|p2a: Gliscor|Toxic|p1a: Ursaluna\n|-activate|p1a: Ursaluna|move: Protect\n|move|p1b: Sinistcha|Matcha Gotcha|p2b: Ogerpon|[spread] p2a,p2b\n|-damage|p2a: Gliscor|30\/100 tox\n|-damage|p2b: Ogerpon|75\/100\n|\n|-heal|p1a: Ursaluna|99\/100|[from] item: Leftovers\n|-heal|p2a: Gliscor|42\/100 tox|[from] ability: Poison Heal\n|upkeep\n|turn|6\n|inactive|Battle timer is ON: inactive players will automatically lose when time's up. (requested by Kordelion)\n|\n|t:|1700163514\n|move|p2b: Ogerpon|Spiky Shield|p2b: Ogerpon\n|-singleturn|p2b: Ogerpon|move: Protect\n|move|p2a: Gliscor|Protect|p2a: Gliscor\n|-singleturn|p2a: Gliscor|Protect\n|move|p1b: Sinistcha|Matcha Gotcha|p2b: Ogerpon|[spread] \n|-activate|p2a: Gliscor|move: Protect\n|-activate|p2b: Ogerpon|move: Protect\n|move|p1a: Ursaluna|Hyper Voice|p2a: Gliscor|[spread] \n|-activate|p2a: Gliscor|move: Protect\n|-activate|p2b: Ogerpon|move: Protect\n|\n|-heal|p1a: Ursaluna|100\/100|[from] item: Leftovers\n|-heal|p2a: Gliscor|55\/100 tox|[from] ability: Poison Heal\n|upkeep\n|turn|7\n|inactive|Kordelion has 120 seconds left.\n|\n|t:|1700163562\n|switch|p1a: Tornadus|Tornadus, M, tera:Flying|100\/100\n|-damage|p1a: Tornadus|76\/100|[from] Stealth Rock\n|-terastallize|p2b: Ogerpon|Water\n|detailschange|p2b: Ogerpon|Ogerpon-Wellspring-Tera, F, tera:Water\n|-ability|p2b: Ogerpon|Embody Aspect (Wellspring)|boost\n|-boost|p2b: Ogerpon|spd|1\n|move|p2b: Ogerpon|Leech Seed|p1a: Tornadus\n|-start|p1a: Tornadus|move: Leech Seed\n|move|p2a: Gliscor|Knock Off|p1b: Sinistcha\n|-supereffective|p1b: Sinistcha\n|-damage|p1b: Sinistcha|57\/100\n|-enditem|p1b: Sinistcha|Sitrus Berry|[from] move: Knock Off|[of] p2a: Gliscor\n|move|p1b: Sinistcha|Matcha Gotcha|p2b: Ogerpon|[spread] p2a,p2b\n|-supereffective|p2b: Ogerpon\n|-damage|p2a: Gliscor|19\/100 tox\n|-heal|p1b: Sinistcha|75\/100|[from] drain|[of] p2a: Gliscor\n|-damage|p2b: Ogerpon|40\/100\n|-heal|p1b: Sinistcha|93\/100|[from] drain|[of] p2b: Ogerpon\n|\n|-damage|p1a: Tornadus|63\/100|[from] Leech Seed|[of] p2b: Ogerpon\n|-heal|p2b: Ogerpon|50\/100|[silent]\n|-heal|p2a: Gliscor|31\/100 tox|[from] ability: Poison Heal\n|upkeep\n|turn|8\n|inactive|Kordelion has 120 seconds left.\n|\n|t:|1700163588\n|move|p2b: Ogerpon|Spiky Shield|p2b: Ogerpon\n|-singleturn|p2b: Ogerpon|move: Protect\n|move|p2a: Gliscor|Protect|p2a: Gliscor\n|-singleturn|p2a: Gliscor|Protect\n|move|p1a: Tornadus|Acrobatics|p2b: Ogerpon\n|-activate|p2b: Ogerpon|move: Protect\n|-damage|p1a: Tornadus|51\/100|[from] Spiky Shield|[of] p2b: Ogerpon\n|move|p1b: Sinistcha|Matcha Gotcha|p2b: Ogerpon|[spread] \n|-activate|p2a: Gliscor|move: Protect\n|-activate|p2b: Ogerpon|move: Protect\n|\n|-damage|p1a: Tornadus|39\/100|[from] Leech Seed|[of] p2b: Ogerpon\n|-heal|p2b: Ogerpon|60\/100|[silent]\n|-heal|p2a: Gliscor|44\/100 tox|[from] ability: Poison Heal\n|upkeep\n|turn|9\n|inactive|Kordelion has 120 seconds left.\n|inactive|Kordelion has 90 seconds left.\n|\n|t:|1700163650\n|switch|p2b: Ting-Lu|Ting-Lu|48\/100\n|-ability|p2b: Ting-Lu|Vessel of Ruin\n|switch|p2a: Sinistcha|Sinistcha|100\/100\n|-heal|p2b: Ting-Lu|72\/100|[from] ability: Hospitality|[of] p2a: Sinistcha\n|move|p1a: Tornadus|Tailwind|p1a: Tornadus\n|-sidestart|p1: TheNormalGym123|move: Tailwind\n|move|p1b: Sinistcha|Matcha Gotcha|p2b: Ting-Lu|[spread] p2a,p2b\n|-resisted|p2a: Sinistcha\n|-supereffective|p2b: Ting-Lu\n|-damage|p2a: Sinistcha|87\/100\n|-heal|p1b: Sinistcha|99\/100|[from] drain|[of] p2a: Sinistcha\n|-damage|p2b: Ting-Lu|33\/100\n|-heal|p1b: Sinistcha|100\/100|[from] drain|[of] p2b: Ting-Lu\n|\n|-heal|p2b: Ting-Lu|39\/100|[from] item: Leftovers\n|-damage|p1a: Tornadus|26\/100|[from] Leech Seed|[of] p2b: Ting-Lu\n|-heal|p2b: Ting-Lu|46\/100|[silent]\n|upkeep\n|turn|10\n|inactive|Kordelion has 90 seconds left.\n|\n|t:|1700163695\n|switch|p2a: Garganacl|Garganacl, M|100\/100\n|move|p1a: Tornadus|Acrobatics|p2a: Garganacl\n|-resisted|p2a: Garganacl\n|-damage|p2a: Garganacl|82\/100\n|move|p1b: Sinistcha|Matcha Gotcha|p2b: Ting-Lu|[spread] p2b\n|-miss|p1b: Sinistcha|p2a: Garganacl\n|-supereffective|p2b: Ting-Lu\n|-damage|p2b: Ting-Lu|11\/100\n|move|p2b: Ting-Lu|Spikes|p1a: Tornadus\n|-sidestart|p1: TheNormalGym123|Spikes\n|\n|-heal|p2b: Ting-Lu|17\/100|[from] item: Leftovers\n|-heal|p2a: Garganacl|89\/100|[from] item: Leftovers\n|-damage|p1a: Tornadus|14\/100|[from] Leech Seed|[of] p2b: Ting-Lu\n|-heal|p2b: Ting-Lu|24\/100|[silent]\n|upkeep\n|turn|11\n|inactive|Kordelion has 60 seconds left.\n|\n|t:|1700163754\n|move|p2a: Garganacl|Protect|p2a: Garganacl\n|-singleturn|p2a: Garganacl|Protect\n|move|p1a: Tornadus|Knock Off|p2a: Garganacl\n|-activate|p2a: Garganacl|move: Protect\n|move|p1b: Sinistcha|Matcha Gotcha|p2a: Garganacl|[spread] p2b\n|-activate|p2a: Garganacl|move: Protect\n|-supereffective|p2b: Ting-Lu\n|-damage|p2b: Ting-Lu|0 fnt\n|faint|p2b: Ting-Lu\n|\n|-heal|p2a: Garganacl|95\/100|[from] item: Leftovers\n|upkeep\n|inactive|Kordelion has 30 seconds left.\n|\n|t:|1700163769\n|switch|p2b: Gliscor|Gliscor, M|44\/100 tox\n|turn|12\n|\n|t:|1700163779\n|move|p2b: Gliscor|Protect|p2b: Gliscor\n|-singleturn|p2b: Gliscor|Protect\n|move|p1a: Tornadus|Acrobatics|p2b: Gliscor\n|-activate|p2b: Gliscor|move: Protect\n|move|p1b: Sinistcha|Matcha Gotcha|p2a: Garganacl|[spread] p2a\n|-activate|p2b: Gliscor|move: Protect\n|-supereffective|p2a: Garganacl\n|-damage|p2a: Garganacl|34\/100\n|move|p2a: Garganacl|Salt Cure|p1b: Sinistcha\n|-damage|p1b: Sinistcha|87\/100\n|-start|p1b: Sinistcha|Salt Cure\n|\n|-heal|p2a: Garganacl|40\/100|[from] item: Leftovers\n|-damage|p1a: Tornadus|2\/100|[from] Leech Seed|[of] p2b: Gliscor\n|-heal|p2b: Gliscor|54\/100 tox|[silent]\n|-heal|p2b: Gliscor|67\/100 tox|[from] ability: Poison Heal\n|-damage|p1b: Sinistcha|75\/100|[from] Salt Cure\n|-sideend|p1: TheNormalGym123|move: Tailwind\n|upkeep\n|turn|13\n|inactive|Kordelion has 60 seconds left.\n|\n|t:|1700163811\n|move|p2a: Garganacl|Protect|p2a: Garganacl\n|-singleturn|p2a: Garganacl|Protect\n|move|p1a: Tornadus|Acrobatics|p2b: Gliscor\n|-damage|p2b: Gliscor|16\/100 tox\n|move|p2b: Gliscor|Toxic|p1b: Sinistcha\n|-status|p1b: Sinistcha|tox\n|move|p1b: Sinistcha|Matcha Gotcha|p2b: Gliscor|[spread] p2b\n|-activate|p2a: Garganacl|move: Protect\n|-damage|p2b: Gliscor|0 fnt\n|-heal|p1b: Sinistcha|83\/100 tox|[from] drain|[of] p2b: Gliscor\n|faint|p2b: Gliscor\n|\n|-heal|p2a: Garganacl|46\/100|[from] item: Leftovers\n|-damage|p1b: Sinistcha|77\/100 tox|[from] psn\n|-damage|p1b: Sinistcha|64\/100 tox|[from] Salt Cure\n|upkeep\n|inactive|Kordelion has 30 seconds left.\n|inactive|Kordelion has 20 seconds left.\n|\n|t:|1700163840\n|switch|p2b: Ogerpon|Ogerpon-Wellspring-Tera, F, tera:Water|60\/100\n|-ability|p2b: Ogerpon|Embody Aspect (Wellspring)|boost\n|-boost|p2b: Ogerpon|spd|1\n|turn|14\n|\n|t:|1700163846\n|move|p2b: Ogerpon|Spiky Shield|p2b: Ogerpon\n|-singleturn|p2b: Ogerpon|move: Protect\n|move|p2a: Garganacl|Protect||[still]\n|-fail|p2a: Garganacl\n|move|p1a: Tornadus|Acrobatics|p2b: Ogerpon\n|-activate|p2b: Ogerpon|move: Protect\n|-damage|p1a: Tornadus|0 fnt|[from] Spiky Shield|[of] p2b: Ogerpon\n|faint|p1a: Tornadus\n|move|p1b: Sinistcha|Matcha Gotcha|p2a: Garganacl|[spread] p2a\n|-activate|p2b: Ogerpon|move: Protect\n|-supereffective|p2a: Garganacl\n|-damage|p2a: Garganacl|0 fnt\n|-heal|p1b: Sinistcha|91\/100 tox|[from] drain|[of] p2a: Garganacl\n|faint|p2a: Garganacl\n|\n|-damage|p1b: Sinistcha|79\/100 tox|[from] psn\n|-damage|p1b: Sinistcha|67\/100 tox|[from] Salt Cure\n|upkeep\n|inactive|Kordelion has 60 seconds left.\n|\n|t:|1700163873\n|switch|p1a: Arcanine|Arcanine, M|95\/100\n|switch|p2a: Sinistcha|Sinistcha|87\/100\n|-ability|p1a: Arcanine|Intimidate|boost\n|-unboost|p2a: Sinistcha|atk|1\n|-unboost|p2b: Ogerpon|atk|1\n|-heal|p2b: Ogerpon|85\/100|[from] ability: Hospitality|[of] p2a: Sinistcha\n|turn|15\n|inactive|Kordelion has 60 seconds left.\n|\n|t:|1700163886\n|move|p2b: Ogerpon|Follow Me|p2b: Ogerpon\n|-singleturn|p2b: Ogerpon|move: Follow Me\n|move|p1a: Arcanine|Flare Blitz|p2b: Ogerpon\n|-resisted|p2b: Ogerpon\n|-damage|p2b: Ogerpon|59\/100\n|-damage|p1a: Arcanine|85\/100|[from] Recoil\n|move|p2a: Sinistcha|Strength Sap|p1a: Arcanine\n|-unboost|p1a: Arcanine|atk|1\n|-heal|p2a: Sinistcha|100\/100\n|move|p1b: Sinistcha|Matcha Gotcha|p2b: Ogerpon|[spread] p2a,p2b\n|-resisted|p2a: Sinistcha\n|-supereffective|p2b: Ogerpon\n|-damage|p2a: Sinistcha|81\/100\n|-heal|p1b: Sinistcha|76\/100 tox|[from] drain|[of] p2a: Sinistcha\n|-damage|p2b: Ogerpon|23\/100\n|-heal|p1b: Sinistcha|95\/100 tox|[from] drain|[of] p2b: Ogerpon\n|-status|p2b: Ogerpon|brn\n|\n|-damage|p1b: Sinistcha|77\/100 tox|[from] psn\n|-damage|p2b: Ogerpon|17\/100 brn|[from] brn\n|-damage|p1b: Sinistcha|65\/100 tox|[from] Salt Cure\n|upkeep\n|turn|16\n|inactive|Kordelion has 60 seconds left.\n|\n|t:|1700163918\n|move|p2b: Ogerpon|Spiky Shield|p2b: Ogerpon\n|-singleturn|p2b: Ogerpon|move: Protect\n|move|p1a: Arcanine|Extreme Speed|p2b: Ogerpon\n|-activate|p2b: Ogerpon|move: Protect\n|-damage|p1a: Arcanine|72\/100|[from] Spiky Shield|[of] p2b: Ogerpon\n|move|p1b: Sinistcha|Shadow Ball|p2a: Sinistcha\n|-supereffective|p2a: Sinistcha\n|-damage|p2a: Sinistcha|0 fnt\n|faint|p2a: Sinistcha\n|\n|-damage|p1b: Sinistcha|40\/100 tox|[from] psn\n|-damage|p2b: Ogerpon|11\/100 brn|[from] brn\n|-damage|p1b: Sinistcha|28\/100 tox|[from] Salt Cure\n|upkeep\n|turn|17\n|-message|Kordelion forfeited.\n|\n|win|TheNormalGym123\n|raw|TheNormalGym123's rating: 1365 &rarr; <strong>1383<\/strong><br \/>(+18 for winning)\n|raw|Kordelion's rating: 1324 &rarr; <strong>1306<\/strong><br \/>(-18 for losing)\n|l|\u2606Kordelion\n|c|\u2606TheNormalGym123|Gg\n","uploadtime":1700163942,"views":22,"p1id":"thenormalgym123","p2id":"kordelion","formatid":"gen9doublesou","rating":1306,"private":0,"password":""}