{"id":"gen9doublesou-1984338478","p1":"sleepcooling","p2":"Silverrey","format":"[Gen 9] Doubles OU","log":"|j|\u2606sleepcooling\n|j|\u2606Silverrey\n|t:|1699245879\n|gametype|doubles\n|player|p1|sleepcooling|gloria|1379\n|player|p2|Silverrey|acetrainer-gen4|1437\n|teamsize|p1|6\n|teamsize|p2|6\n|gen|9\n|tier|[Gen 9] Doubles OU\n|rated|\n|rule|Species Clause: Limit one of each Pok\u00e9mon\n|rule|OHKO Clause: OHKO moves are banned\n|rule|Evasion Moves Clause: Evasion moves are banned\n|rule|Gravity Sleep Clause: The combination of sleep-inducing moves with imperfect accuracy and Gravity or Gigantamax Orbeetle are banned\n|rule|Endless Battle Clause: Forcing endless battles is banned\n|rule|HP Percentage Mod: HP is shown in percentages\n|clearpoke\n|poke|p1|Golduck, F|\n|poke|p1|Murkrow, M|\n|poke|p1|Kommo-o, M|\n|poke|p1|Volcarona, M|\n|poke|p1|Sinistcha-Masterpiece|\n|poke|p1|Chi-Yu|\n|poke|p2|Chi-Yu|\n|poke|p2|Sinistcha|\n|poke|p2|Grimmsnarl, M|\n|poke|p2|Flutter Mane|\n|poke|p2|Ogerpon-Hearthflame, F|\n|poke|p2|Torkoal, M|\n|teampreview\n|inactive|Battle timer is ON: inactive players will automatically lose when time's up. (requested by Silverrey)\n|inactive|Silverrey has 120 seconds left.\n|inactive|Silverrey has 90 seconds left.\n|\n|t:|1699245966\n|start\n|switch|p1a: \u505c\u9e7f|Golduck, F|100\/100\n|switch|p1b: ting lu|Kommo-o, M|100\/100\n|switch|p2a: Flutter Mane|Flutter Mane|100\/100\n|switch|p2b: Ogerpon|Ogerpon-Hearthflame, F|100\/100\n|-ability|p2b: Ogerpon|Mold Breaker\n|-ability|p1a: \u505c\u9e7f|Cloud Nine\n|turn|1\n|j| La_Colonia\n|inactive|sleepcooling has 120 seconds left.\n|\n|t:|1699246004\n|move|p1b: ting lu|Protect|p1b: ting lu\n|-singleturn|p1b: ting lu|Protect\n|move|p2a: Flutter Mane|Dazzling Gleam|p1b: ting lu|[spread] p1a\n|-activate|p1b: ting lu|move: Protect\n|-damage|p1a: \u505c\u9e7f|40\/100\n|move|p2b: Ogerpon|Ivy Cudgel|p1b: ting lu\n|-activate|p1b: ting lu|move: Protect\n|move|p1a: \u505c\u9e7f|Yawn|p2a: Flutter Mane\n|-start|p2a: Flutter Mane|move: Yawn|[of] p1a: \u505c\u9e7f\n|\n|upkeep\n|turn|2\n|inactive|sleepcooling has 120 seconds left.\n|inactive|Silverrey has 120 seconds left.\n|\n|t:|1699246054\n|-end|p2a: Flutter Mane|Protosynthesis|[silent]\n|switch|p2a: Grimmsnarl|Grimmsnarl, M|100\/100\n|switch|p1a: \u5403\u9c7c|Chi-Yu|100\/100\n|-ability|p1a: \u5403\u9c7c|Beads of Ruin\n|-terastallize|p1b: ting lu|Normal\n|move|p2b: Ogerpon|Grassy Glide|p1a: \u5403\u9c7c\n|-resisted|p1a: \u5403\u9c7c\n|-damage|p1a: \u5403\u9c7c|74\/100\n|move|p1b: ting lu|Clangorous Soul|p1b: ting lu\n|-boost|p1b: ting lu|atk|1\n|-boost|p1b: ting lu|def|1\n|-boost|p1b: ting lu|spa|1\n|-boost|p1b: ting lu|spd|1\n|-boost|p1b: ting lu|spe|1\n|-damage|p1b: ting lu|68\/100\n|\n|-heal|p1b: ting lu|74\/100|[from] item: Leftovers\n|upkeep\n|turn|3\n|inactive|sleepcooling has 90 seconds left.\n|\n|t:|1699246096\n|move|p2b: Ogerpon|Spiky Shield|p2b: Ogerpon\n|-singleturn|p2b: Ogerpon|move: Protect\n|move|p2a: Grimmsnarl|Light Screen|p2a: Grimmsnarl\n|-sidestart|p2: Silverrey|move: Light Screen\n|move|p1b: ting lu|Drain Punch|p2a: Grimmsnarl\n|-damage|p2a: Grimmsnarl|56\/100\n|-heal|p1b: ting lu|99\/100|[from] drain|[of] p2a: Grimmsnarl\n|move|p1a: \u5403\u9c7c|Overheat|p2a: Grimmsnarl\n|-damage|p2a: Grimmsnarl|0 fnt\n|-unboost|p1a: \u5403\u9c7c|spa|2\n|faint|p2a: Grimmsnarl\n|\n|-heal|p1b: ting lu|100\/100|[from] item: Leftovers\n|upkeep\n|\n|t:|1699246106\n|switch|p2a: Flutter Mane|Flutter Mane|100\/100\n|turn|4\n|inactive|sleepcooling has 90 seconds left.\n|\n|t:|1699246130\n|switch|p1a: \u4f60\u5e72\u561b\u54c8\u54c8\u54ce\u54df|Sinistcha-Masterpiece|100\/100\n|move|p1b: ting lu|Drain Punch|p2b: Ogerpon\n|-damage|p2b: Ogerpon|55\/100\n|move|p2a: Flutter Mane|Dazzling Gleam|p1b: ting lu|[spread] p1a,p1b\n|-damage|p1a: \u4f60\u5e72\u561b\u54c8\u54c8\u54ce\u54df|59\/100\n|-damage|p1b: ting lu|66\/100\n|move|p2b: Ogerpon|Superpower|p1b: ting lu\n|-supereffective|p1b: ting lu\n|-damage|p1b: ting lu|11\/100\n|-unboost|p2b: Ogerpon|atk|1\n|-unboost|p2b: Ogerpon|def|1\n|\n|-heal|p1b: ting lu|17\/100|[from] item: Leftovers\n|upkeep\n|turn|5\n|inactive|sleepcooling has 90 seconds left.\n|\n|t:|1699246159\n|switch|p2b: Torkoal|Torkoal, M|100\/100\n|-weather|SunnyDay|[from] ability: Drought|[of] p2b: Torkoal\n|-activate|p2a: Flutter Mane|ability: Protosynthesis\n|-start|p2a: Flutter Mane|protosynthesisspe\n|move|p1b: ting lu|Protect|p1b: ting lu\n|-singleturn|p1b: ting lu|Protect\n|move|p2a: Flutter Mane|Dazzling Gleam|p1a: \u4f60\u5e72\u561b\u54c8\u54c8\u54ce\u54df|[spread] p1a\n|-activate|p1b: ting lu|move: Protect\n|-damage|p1a: \u4f60\u5e72\u561b\u54c8\u54c8\u54ce\u54df|22\/100\n|-enditem|p1a: \u4f60\u5e72\u561b\u54c8\u54c8\u54ce\u54df|Sitrus Berry|[eat]\n|-heal|p1a: \u4f60\u5e72\u561b\u54c8\u54c8\u54ce\u54df|47\/100|[from] item: Sitrus Berry\n|move|p1a: \u4f60\u5e72\u561b\u54c8\u54c8\u54ce\u54df|Life Dew|p1a: \u4f60\u5e72\u561b\u54c8\u54c8\u54ce\u54df|[spread] p1a,p1b\n|-heal|p1a: \u4f60\u5e72\u561b\u54c8\u54c8\u54ce\u54df|72\/100\n|-heal|p1b: ting lu|42\/100\n|\n|-weather|SunnyDay|[upkeep]\n|-heal|p1b: ting lu|48\/100|[from] item: Leftovers\n|upkeep\n|turn|6\n|inactive|sleepcooling has 90 seconds left.\n|inactive|Silverrey has 120 seconds left.\n|\n|t:|1699246193\n|switch|p1a: \u505c\u9e7f|Golduck, F|40\/100\n|-ability|p1a: \u505c\u9e7f|Cloud Nine\n|-end|p2a: Flutter Mane|Protosynthesis\n|move|p1b: ting lu|Drain Punch|p2b: Torkoal\n|-damage|p2b: Torkoal|79\/100\n|-heal|p1b: ting lu|59\/100|[from] drain|[of] p2b: Torkoal\n|move|p2a: Flutter Mane|Dazzling Gleam|p1b: ting lu|[spread] p1a,p1b\n|-damage|p1a: \u505c\u9e7f|0 fnt\n|-damage|p1b: ting lu|24\/100\n|faint|p1a: \u505c\u9e7f\n|move|p2b: Torkoal|Stealth Rock|p1b: ting lu\n|-sidestart|p1: sleepcooling|move: Stealth Rock\n|\n|-weather|SunnyDay|[upkeep]\n|-heal|p1b: ting lu|30\/100|[from] item: Leftovers\n|upkeep\n|\n|t:|1699246205\n|switch|p1a: \u4f60\u5e72\u561b\u54c8\u54c8\u54ce\u54df|Sinistcha-Masterpiece|72\/100\n|-damage|p1a: \u4f60\u5e72\u561b\u54c8\u54c8\u54ce\u54df|59\/100|[from] Stealth Rock\n|-heal|p1b: ting lu|55\/100|[from] ability: Hospitality|[of] p1a: \u4f60\u5e72\u561b\u54c8\u54c8\u54ce\u54df\n|turn|7\n|\n|t:|1699246227\n|-end|p2a: Flutter Mane|Protosynthesis|[silent]\n|switch|p2a: Sinistcha|Sinistcha|100\/100\n|-heal|p2b: Torkoal|100\/100|[from] ability: Hospitality|[of] p2a: Sinistcha\n|move|p1b: ting lu|Protect|p1b: ting lu\n|-singleturn|p1b: ting lu|Protect\n|move|p1a: \u4f60\u5e72\u561b\u54c8\u54c8\u54ce\u54df|Life Dew|p1a: \u4f60\u5e72\u561b\u54c8\u54c8\u54ce\u54df|[spread] p1a,p1b\n|-heal|p1a: \u4f60\u5e72\u561b\u54c8\u54c8\u54ce\u54df|85\/100\n|-heal|p1b: ting lu|80\/100\n|move|p2b: Torkoal|Heat Wave|p1a: \u4f60\u5e72\u561b\u54c8\u54c8\u54ce\u54df|[spread] p1a\n|-activate|p1b: ting lu|move: Protect\n|-supereffective|p1a: \u4f60\u5e72\u561b\u54c8\u54c8\u54ce\u54df\n|-damage|p1a: \u4f60\u5e72\u561b\u54c8\u54c8\u54ce\u54df|31\/100\n|\n|-weather|SunnyDay|[upkeep]\n|-heal|p1b: ting lu|86\/100|[from] item: Leftovers\n|upkeep\n|turn|8\n|inactive|sleepcooling has 120 seconds left.\n|\n|t:|1699246257\n|switch|p2a: Chi-Yu|Chi-Yu|100\/100\n|-ability|p2a: Chi-Yu|Beads of Ruin\n|move|p1b: ting lu|Clangorous Soul|p1b: ting lu\n|-boost|p1b: ting lu|atk|1\n|-boost|p1b: ting lu|def|1\n|-boost|p1b: ting lu|spa|1\n|-boost|p1b: ting lu|spd|1\n|-boost|p1b: ting lu|spe|1\n|-damage|p1b: ting lu|53\/100\n|move|p1a: \u4f60\u5e72\u561b\u54c8\u54c8\u54ce\u54df|Life Dew|p1a: \u4f60\u5e72\u561b\u54c8\u54c8\u54ce\u54df|[spread] p1a,p1b\n|-heal|p1a: \u4f60\u5e72\u561b\u54c8\u54c8\u54ce\u54df|56\/100\n|-heal|p1b: ting lu|78\/100\n|move|p2b: Torkoal|Heat Wave|p1a: \u4f60\u5e72\u561b\u54c8\u54c8\u54ce\u54df|[spread] p1a,p1b\n|-supereffective|p1a: \u4f60\u5e72\u561b\u54c8\u54c8\u54ce\u54df\n|-damage|p1a: \u4f60\u5e72\u561b\u54c8\u54c8\u54ce\u54df|0 fnt\n|-damage|p1b: ting lu|59\/100\n|-status|p1b: ting lu|brn\n|faint|p1a: \u4f60\u5e72\u561b\u54c8\u54c8\u54ce\u54df\n|\n|-weather|SunnyDay|[upkeep]\n|-heal|p1b: ting lu|65\/100 brn|[from] item: Leftovers\n|-damage|p1b: ting lu|59\/100 brn|[from] brn\n|upkeep\n|inactive|sleepcooling has 90 seconds left.\n|\n|t:|1699246278\n|switch|p1a: \u4f60\u77e5\u9053\u6211\u8981\u5e72\u561b|Murkrow, M|100\/100\n|-damage|p1a: \u4f60\u77e5\u9053\u6211\u8981\u5e72\u561b|76\/100|[from] Stealth Rock\n|turn|9\n|\n|t:|1699246286\n|switch|p2a: Flutter Mane|Flutter Mane|100\/100\n|-activate|p2a: Flutter Mane|ability: Protosynthesis\n|-start|p2a: Flutter Mane|protosynthesisspe\n|move|p1a: \u4f60\u77e5\u9053\u6211\u8981\u5e72\u561b|Tailwind|p1a: \u4f60\u77e5\u9053\u6211\u8981\u5e72\u561b\n|-sidestart|p1: sleepcooling|move: Tailwind\n|move|p1b: ting lu|Drain Punch|p2a: Flutter Mane\n|-immune|p2a: Flutter Mane\n|move|p2b: Torkoal|Clear Smog|p1b: ting lu\n|-crit|p1b: ting lu\n|-damage|p1b: ting lu|44\/100 brn\n|-clearboost|p1b: ting lu\n|\n|-weather|none\n|-end|p2a: Flutter Mane|Protosynthesis\n|-heal|p1b: ting lu|50\/100 brn|[from] item: Leftovers\n|-damage|p1b: ting lu|44\/100 brn|[from] brn\n|upkeep\n|turn|10\n|inactive|sleepcooling has 120 seconds left.\n|l| La_Colonia\n|inactive|sleepcooling has 90 seconds left.\n|\n|t:|1699246327\n|switch|p1b: chi yu|Volcarona, M|100\/100\n|-damage|p1b: chi yu|51\/100|[from] Stealth Rock\n|move|p1a: \u4f60\u77e5\u9053\u6211\u8981\u5e72\u561b|Thunder Wave|p2a: Flutter Mane\n|-status|p2a: Flutter Mane|par\n|cant|p2a: Flutter Mane|par\n|move|p2b: Torkoal|Heat Wave|p1b: chi yu|[spread] p1a,p1b\n|-damage|p1a: \u4f60\u77e5\u9053\u6211\u8981\u5e72\u561b|31\/100\n|-damage|p1b: chi yu|29\/100\n|\n|-heal|p1b: chi yu|35\/100|[from] item: Leftovers\n|-sideend|p2: Silverrey|move: Light Screen\n|upkeep\n|turn|11\n|\n|t:|1699246347\n|move|p1a: \u4f60\u77e5\u9053\u6211\u8981\u5e72\u561b|Thunder Wave|p2b: Torkoal\n|-status|p2b: Torkoal|par\n|move|p1b: chi yu|Quiver Dance|p1b: chi yu\n|-boost|p1b: chi yu|spa|1\n|-boost|p1b: chi yu|spd|1\n|-boost|p1b: chi yu|spe|1\n|cant|p2a: Flutter Mane|par\n|move|p2b: Torkoal|Heat Wave|p1b: chi yu|[spread] p1a,p1b\n|-damage|p1a: \u4f60\u77e5\u9053\u6211\u8981\u5e72\u561b|0 fnt\n|-damage|p1b: chi yu|21\/100\n|faint|p1a: \u4f60\u77e5\u9053\u6211\u8981\u5e72\u561b\n|\n|-heal|p1b: chi yu|27\/100|[from] item: Leftovers\n|upkeep\n|\n|t:|1699246359\n|switch|p1a: \u5403\u9c7c|Chi-Yu|74\/100\n|-damage|p1a: \u5403\u9c7c|49\/100|[from] Stealth Rock\n|-ability|p1a: \u5403\u9c7c|Beads of Ruin\n|turn|12\n|\n|t:|1699246379\n|move|p1b: chi yu|Heat Wave|p2b: Torkoal|[spread] p2a,p2b\n|-crit|p2a: Flutter Mane\n|-resisted|p2b: Torkoal\n|-damage|p2a: Flutter Mane|6\/100 par\n|-damage|p2b: Torkoal|55\/100 par\n|move|p1a: \u5403\u9c7c|Heat Wave|p2b: Torkoal|[spread] p2b\n|-miss|p1a: \u5403\u9c7c|p2a: Flutter Mane\n|-resisted|p2b: Torkoal\n|-damage|p2b: Torkoal|21\/100 par\n|cant|p2a: Flutter Mane|par\n|move|p2b: Torkoal|Clear Smog|p1b: chi yu\n|-damage|p1b: chi yu|19\/100\n|-clearboost|p1b: chi yu\n|\n|-heal|p1b: chi yu|25\/100|[from] item: Leftovers\n|-sideend|p1: sleepcooling|move: Tailwind\n|upkeep\n|turn|13\n|inactive|Silverrey has 120 seconds left.\n|\n|t:|1699246410\n|-end|p2a: Flutter Mane|Protosynthesis|[silent]\n|switch|p2a: Sinistcha|Sinistcha|100\/100\n|-heal|p2b: Torkoal|46\/100 par|[from] ability: Hospitality|[of] p2a: Sinistcha\n|move|p1a: \u5403\u9c7c|Heat Wave|p2a: Sinistcha|[spread] p2a,p2b\n|-supereffective|p2a: Sinistcha\n|-resisted|p2b: Torkoal\n|-damage|p2a: Sinistcha|0 fnt\n|-damage|p2b: Torkoal|11\/100 par\n|faint|p2a: Sinistcha\n|move|p1b: chi yu|Quiver Dance|p1b: chi yu\n|-boost|p1b: chi yu|spa|1\n|-boost|p1b: chi yu|spd|1\n|-boost|p1b: chi yu|spe|1\n|cant|p2b: Torkoal|par\n|\n|-heal|p1b: chi yu|31\/100|[from] item: Leftovers\n|upkeep\n|inactive|Silverrey has 120 seconds left.\n|\n|t:|1699246416\n|switch|p2a: Ogerpon|Ogerpon-Hearthflame, F|55\/100\n|-ability|p2a: Ogerpon|Mold Breaker\n|turn|14\n|\n|t:|1699246439\n|switch|p2b: Flutter Mane|Flutter Mane|6\/100 par\n|move|p2a: Ogerpon|Spiky Shield|p2a: Ogerpon\n|-singleturn|p2a: Ogerpon|move: Protect\n|move|p1b: chi yu|Heat Wave|p2b: Flutter Mane|[spread] p2b\n|-activate|p2a: Ogerpon|move: Protect\n|-damage|p2b: Flutter Mane|0 fnt\n|faint|p2b: Flutter Mane\n|-end|p2b: Flutter Mane|Protosynthesis|[silent]\n|move|p1a: \u5403\u9c7c|Dark Pulse|p2a: Ogerpon\n|-activate|p2a: Ogerpon|move: Protect\n|\n|-heal|p1b: chi yu|37\/100|[from] item: Leftovers\n|upkeep\n|\n|t:|1699246454\n|switch|p2b: Torkoal|Torkoal, M|11\/100 par\n|-weather|SunnyDay|[from] ability: Drought|[of] p2b: Torkoal\n|turn|15\n|\n|t:|1699246460\n|move|p1b: chi yu|Heat Wave|p2a: Ogerpon|[spread] p2a,p2b\n|-resisted|p2b: Torkoal\n|-damage|p2a: Ogerpon|0 fnt\n|-damage|p2b: Torkoal|0 fnt\n|faint|p2a: Ogerpon\n|faint|p2b: Torkoal\n|move|p1a: \u5403\u9c7c|Heat Wave|p2: Ogerpon|[notarget]\n|-fail|p1a: \u5403\u9c7c\n|\n|-weather|SunnyDay|[upkeep]\n|-heal|p1b: chi yu|43\/100|[from] item: Leftovers\n|upkeep\n|\n|t:|1699246477\n|switch|p2b: Chi-Yu|Chi-Yu|100\/100\n|-ability|p2b: Chi-Yu|Beads of Ruin\n|turn|16\n|\n|t:|1699246488\n|move|p1b: chi yu|Protect|p1b: chi yu\n|-singleturn|p1b: chi yu|Protect\n|move|p1a: \u5403\u9c7c|Protect|p1a: \u5403\u9c7c\n|-singleturn|p1a: \u5403\u9c7c|Protect\n|move|p2b: Chi-Yu|Snarl|p1b: chi yu|[spread] \n|-activate|p1a: \u5403\u9c7c|move: Protect\n|-activate|p1b: chi yu|move: Protect\n|\n|-weather|SunnyDay|[upkeep]\n|-heal|p1b: chi yu|49\/100|[from] item: Leftovers\n|upkeep\n|turn|17\n|\n|t:|1699246504\n|move|p1b: chi yu|Heat Wave|p2b: Chi-Yu\n|-resisted|p2b: Chi-Yu\n|-damage|p2b: Chi-Yu|45\/100\n|move|p2b: Chi-Yu|Snarl|p1a: \u5403\u9c7c|[spread] p1a,p1b\n|-resisted|p1a: \u5403\u9c7c\n|-damage|p1a: \u5403\u9c7c|37\/100\n|-damage|p1b: chi yu|29\/100\n|-unboost|p1a: \u5403\u9c7c|spa|1\n|-unboost|p1b: chi yu|spa|1\n|move|p1a: \u5403\u9c7c|Overheat|p2b: Chi-Yu\n|-resisted|p2b: Chi-Yu\n|-damage|p2b: Chi-Yu|4\/100\n|-unboost|p1a: \u5403\u9c7c|spa|2\n|\n|-weather|SunnyDay|[upkeep]\n|-heal|p1b: chi yu|35\/100|[from] item: Leftovers\n|upkeep\n|turn|18\n|\n|t:|1699246519\n|move|p1b: chi yu|Giga Drain|p2b: Chi-Yu\n|-resisted|p2b: Chi-Yu\n|-damage|p2b: Chi-Yu|0 fnt\n|-heal|p1b: chi yu|37\/100|[from] drain|[of] p2b: Chi-Yu\n|faint|p2b: Chi-Yu\n|\n|win|sleepcooling\n|raw|sleepcooling's rating: 1379 &rarr; <strong>1402<\/strong><br \/>(+23 for winning)\n|raw|Silverrey's rating: 1437 &rarr; <strong>1414<\/strong><br \/>(-23 for losing)\n|l|\u2606Silverrey\n","uploadtime":1699246994,"views":8,"p1id":"sleepcooling","p2id":"silverrey","formatid":"gen9doublesou","rating":1402,"private":0,"password":""}