{"id":"gen9doublesou-1995885482","p1":"Josuedavid26","p2":"RLisanidiot","format":"[Gen 9] Doubles OU","log":"|j|\u2606Josuedavid26\n|j|\u2606RLisanidiot\n|t:|1700613526\n|gametype|doubles\n|player|p1|Josuedavid26|101|1182\n|player|p2|RLisanidiot|unknownf|1321\n|teamsize|p1|6\n|teamsize|p2|6\n|gen|9\n|tier|[Gen 9] Doubles OU\n|rated|\n|rule|Species Clause: Limit one of each Pok\u00e9mon\n|rule|OHKO Clause: OHKO moves are banned\n|rule|Evasion Moves Clause: Evasion moves are banned\n|rule|Gravity Sleep Clause: The combination of sleep-inducing moves with imperfect accuracy and Gravity or Gigantamax Orbeetle are banned\n|rule|Endless Battle Clause: Forcing endless battles is banned\n|rule|HP Percentage Mod: HP is shown in percentages\n|clearpoke\n|poke|p1|Pelipper, M|\n|poke|p1|Palafin, M|\n|poke|p1|Regieleki|\n|poke|p1|Arcanine, M|\n|poke|p1|Gastrodon, M|\n|poke|p1|Sneasler, M|\n|poke|p2|Ninetales-Alola, F|\n|poke|p2|Chien-Pao|\n|poke|p2|Flutter Mane|\n|poke|p2|Tornadus, M|\n|poke|p2|Pachirisu, M|\n|poke|p2|Landorus-Therian, M|\n|teampreview\n|inactive|Battle timer is ON: inactive players will automatically lose when time's up. (requested by RLisanidiot)\n|\n|t:|1700613551\n|start\n|switch|p1a: Palafin|Palafin, M|100\/100\n|switch|p1b: Sneasler|Sneasler, M|100\/100\n|switch|p2a: Tornadus|Tornadus, M|100\/100\n|switch|p2b: Landorus|Landorus-Therian, M, shiny|100\/100\n|-ability|p2b: Landorus|Intimidate|boost\n|-unboost|p1a: Palafin|atk|1\n|-unboost|p1b: Sneasler|atk|1\n|turn|1\n|\n|t:|1700613579\n|detailschange|p1a: Palafin|Palafin-Hero, M\n|switch|p1a: Pelipper|Pelipper, M|100\/100\n|-weather|RainDance|[from] ability: Drizzle|[of] p1a: Pelipper\n|move|p1b: Sneasler|Fake Out|p2a: Tornadus\n|-damage|p2a: Tornadus|91\/100\n|move|p2b: Landorus|U-turn|p1a: Pelipper\n|-resisted|p1a: Pelipper\n|-damage|p1a: Pelipper|93\/100\n|\n|t:|1700613592\n|switch|p2b: Ninetales|Ninetales-Alola, F, shiny|100\/100|[from] U-turn\n|-weather|Snow|[from] ability: Snow Warning|[of] p2b: Ninetales\n|cant|p2a: Tornadus|flinch\n|\n|-weather|Snow|[upkeep]\n|upkeep\n|turn|2\n|\n|t:|1700613610\n|switch|p1b: Regieleki|Regieleki|100\/100\n|switch|p1a: Arcanine|Arcanine, M|100\/100\n|-ability|p1a: Arcanine|Intimidate|boost\n|-unboost|p2a: Tornadus|atk|1\n|-unboost|p2b: Ninetales|atk|1\n|move|p2b: Ninetales|Aurora Veil|p2b: Ninetales\n|-sidestart|p2: RLisanidiot|move: Aurora Veil\n|move|p2a: Tornadus|Bleakwind Storm|p1a: Arcanine|[spread] p1a,p1b\n|-resisted|p1b: Regieleki\n|-damage|p1a: Arcanine|77\/100\n|-damage|p1b: Regieleki|72\/100\n|\n|-weather|Snow|[upkeep]\n|upkeep\n|turn|3\n|\n|t:|1700613631\n|switch|p2a: Landorus|Landorus-Therian, M, shiny|100\/100\n|-ability|p2a: Landorus|Intimidate|boost\n|-unboost|p1a: Arcanine|atk|1\n|-unboost|p1b: Regieleki|atk|1\n|switch|p1a: Pelipper|Pelipper, M|93\/100\n|-weather|RainDance|[from] ability: Drizzle|[of] p1a: Pelipper\n|move|p1b: Regieleki|Thunder|p2a: Landorus\n|-immune|p2a: Landorus\n|move|p2b: Ninetales|Icy Wind|p1a: Pelipper|[spread] p1a,p1b\n|-damage|p1a: Pelipper|75\/100\n|-damage|p1b: Regieleki|47\/100\n|-unboost|p1a: Pelipper|spe|1\n|-unboost|p1b: Regieleki|spe|1\n|\n|-weather|RainDance|[upkeep]\n|upkeep\n|turn|4\n|\n|t:|1700613653\n|switch|p1b: Gastrodon|Gastrodon, M|100\/100\n|move|p2b: Ninetales|Helping Hand|p2a: Landorus\n|-singleturn|p2a: Landorus|Helping Hand|[of] p2b: Ninetales\n|move|p2a: Landorus|U-turn|p1b: Gastrodon\n|-damage|p1b: Gastrodon|64\/100\n|\n|t:|1700613663\n|switch|p2a: Pachirisu|Pachirisu, M|100\/100|[from] U-turn\n|move|p1a: Pelipper|Surf|p2b: Ninetales|[spread] p2a,p2b\n|-ability|p1b: Gastrodon|Storm Drain|boost\n|-boost|p1b: Gastrodon|spa|1\n|-damage|p2a: Pachirisu|78\/100\n|-damage|p2b: Ninetales|77\/100\n|\n|-weather|RainDance|[upkeep]\n|-heal|p1b: Gastrodon|70\/100|[from] item: Leftovers\n|upkeep\n|turn|5\n|inactive|Josuedavid26 has 120 seconds left.\n|\n|t:|1700613711\n|move|p1a: Pelipper|Protect|p1a: Pelipper\n|-singleturn|p1a: Pelipper|Protect\n|move|p2b: Ninetales|Confuse Ray|p1a: Pelipper\n|-activate|p1a: Pelipper|move: Protect\n|move|p2a: Pachirisu|Nuzzle|p1a: Pelipper\n|-activate|p1a: Pelipper|move: Protect\n|move|p1b: Gastrodon|Earth Power|p2a: Pachirisu\n|-supereffective|p2a: Pachirisu\n|-damage|p2a: Pachirisu|13\/100\n|-enditem|p2a: Pachirisu|Sitrus Berry|[eat]\n|-heal|p2a: Pachirisu|38\/100|[from] item: Sitrus Berry\n|\n|-weather|RainDance|[upkeep]\n|-heal|p1b: Gastrodon|76\/100|[from] item: Leftovers\n|upkeep\n|turn|6\n|inactive|Josuedavid26 has 120 seconds left.\n|\n|t:|1700613738\n|switch|p1a: Regieleki|Regieleki|47\/100\n|move|p2b: Ninetales|Confuse Ray|p1b: Gastrodon\n|-start|p1b: Gastrodon|confusion\n|move|p2a: Pachirisu|U-turn|p1b: Gastrodon\n|-damage|p1b: Gastrodon|66\/100\n|\n|t:|1700613747\n|switch|p2a: Flutter Mane|Flutter Mane|100\/100|[from] U-turn\n|-activate|p1b: Gastrodon|confusion\n|move|p1b: Gastrodon|Earth Power|p2a: Flutter Mane\n|-damage|p2a: Flutter Mane|71\/100\n|\n|-weather|RainDance|[upkeep]\n|-heal|p1b: Gastrodon|72\/100|[from] item: Leftovers\n|upkeep\n|turn|7\n|inactive|Josuedavid26 has 120 seconds left.\n|\n|t:|1700613768\n|move|p2b: Ninetales|Helping Hand|p2a: Flutter Mane\n|-singleturn|p2a: Flutter Mane|Helping Hand|[of] p2b: Ninetales\n|move|p1a: Regieleki|Volt Switch|p2a: Flutter Mane\n|-damage|p2a: Flutter Mane|43\/100\n|\n|t:|1700613795\n|switch|p1a: Palafin|Palafin-Hero, M|100\/100|[from] Volt Switch\n|-activate|p1a: Palafin|ability: Zero to Hero\n|move|p2a: Flutter Mane|Dazzling Gleam|p1b: Gastrodon|[spread] p1a,p1b\n|-damage|p1a: Palafin|18\/100\n|-damage|p1b: Gastrodon|23\/100\n|-activate|p1b: Gastrodon|confusion\n|move|p1b: Gastrodon|Recover|p1b: Gastrodon\n|-heal|p1b: Gastrodon|73\/100\n|\n|-weather|RainDance|[upkeep]\n|-heal|p1b: Gastrodon|79\/100|[from] item: Leftovers\n|upkeep\n|turn|8\n|\n|t:|1700613811\n|-end|p2a: Flutter Mane|Protosynthesis|[silent]\n|switch|p2a: Pachirisu|Pachirisu, M|38\/100\n|move|p1a: Palafin|Jet Punch|p1b: Gastrodon\n|-activate|p1b: Gastrodon|ability: Storm Drain\n|-ability|p1b: Gastrodon|Storm Drain|boost\n|-boost|p1b: Gastrodon|spa|1\n|move|p2b: Ninetales|Icy Wind|p1b: Gastrodon|[spread] p1a,p1b\n|-resisted|p1a: Palafin\n|-damage|p1a: Palafin|10\/100\n|-damage|p1b: Gastrodon|70\/100\n|-unboost|p1a: Palafin|spe|1\n|-unboost|p1b: Gastrodon|spe|1\n|-end|p1b: Gastrodon|confusion\n|move|p1b: Gastrodon|Earth Power|p2b: Ninetales\n|-damage|p2b: Ninetales|36\/100\n|-unboost|p2b: Ninetales|spd|1\n|\n|-weather|RainDance|[upkeep]\n|-heal|p1b: Gastrodon|77\/100|[from] item: Leftovers\n|upkeep\n|turn|9\n|inactive|Josuedavid26 has 120 seconds left.\n|\n|t:|1700613833\n|switch|p1a: Regieleki|Regieleki|47\/100\n|move|p2b: Ninetales|Confuse Ray|p1b: Gastrodon\n|-start|p1b: Gastrodon|confusion\n|move|p2a: Pachirisu|Nuzzle|p1a: Regieleki\n|-resisted|p1a: Regieleki\n|-damage|p1a: Regieleki|43\/100\n|-activate|p1b: Gastrodon|confusion\n|-damage|p1b: Gastrodon|70\/100|[from] confusion\n|\n|-weather|RainDance|[upkeep]\n|-heal|p1b: Gastrodon|76\/100|[from] item: Leftovers\n|-sideend|p2: RLisanidiot|move: Aurora Veil\n|upkeep\n|turn|10\n|\n|t:|1700613855\n|switch|p2b: Flutter Mane|Flutter Mane|43\/100\n|move|p2a: Pachirisu|Follow Me|p2a: Pachirisu\n|-singleturn|p2a: Pachirisu|move: Follow Me\n|move|p1a: Regieleki|Volt Switch|p2a: Pachirisu\n|-heal|p2a: Pachirisu|63\/100|[from] ability: Volt Absorb|[of] p1a: Regieleki\n|-end|p1b: Gastrodon|confusion\n|move|p1b: Gastrodon|Earth Power|p2a: Pachirisu\n|-supereffective|p2a: Pachirisu\n|-damage|p2a: Pachirisu|0 fnt\n|faint|p2a: Pachirisu\n|\n|-weather|none\n|-heal|p1b: Gastrodon|82\/100|[from] item: Leftovers\n|upkeep\n|\n|t:|1700613865\n|switch|p2a: Ninetales|Ninetales-Alola, F, shiny|36\/100\n|-weather|Snow|[from] ability: Snow Warning|[of] p2a: Ninetales\n|turn|11\n|\n|t:|1700613892\n|switch|p1a: Pelipper|Pelipper, M|75\/100\n|-weather|RainDance|[from] ability: Drizzle|[of] p1a: Pelipper\n|move|p2a: Ninetales|Helping Hand|p2b: Flutter Mane\n|-singleturn|p2b: Flutter Mane|Helping Hand|[of] p2a: Ninetales\n|move|p2b: Flutter Mane|Moonblast|p1b: Gastrodon\n|-damage|p1b: Gastrodon|8\/100\n|-unboost|p1b: Gastrodon|spa|1\n|move|p1b: Gastrodon|Earth Power|p2b: Flutter Mane\n|-damage|p2b: Flutter Mane|0 fnt\n|faint|p2b: Flutter Mane\n|-end|p2b: Flutter Mane|Protosynthesis|[silent]\n|\n|-weather|RainDance|[upkeep]\n|-heal|p1b: Gastrodon|14\/100|[from] item: Leftovers\n|upkeep\n|\n|t:|1700613905\n|switch|p2b: Chien-Pao|Chien-Pao|100\/100\n|-ability|p2b: Chien-Pao|Sword of Ruin\n|turn|12\n|\n|t:|1700613929\n|switch|p2a: Tornadus|Tornadus, M|91\/100\n|move|p1a: Pelipper|Protect|p1a: Pelipper\n|-singleturn|p1a: Pelipper|Protect\n|move|p2b: Chien-Pao|Ice Spinner|p1b: Gastrodon\n|-damage|p1b: Gastrodon|0 fnt\n|faint|p1b: Gastrodon\n|\n|-weather|RainDance|[upkeep]\n|upkeep\n|\n|t:|1700613942\n|switch|p1b: Arcanine|Arcanine, M|77\/100\n|-ability|p1b: Arcanine|Intimidate|boost\n|-unboost|p2a: Tornadus|atk|1\n|-unboost|p2b: Chien-Pao|atk|1\n|turn|13\n|\n|t:|1700613952\n|switch|p1a: Sneasler|Sneasler, M|100\/100\n|-terastallize|p2b: Chien-Pao|Electric\n|move|p2a: Tornadus|Snowscape|p2a: Tornadus\n|-weather|Snow\n|move|p2b: Chien-Pao|Tera Blast|p1a: Sneasler|[anim] Tera Blast Electric\n|-damage|p1a: Sneasler|48\/100\n|-enditem|p1a: Sneasler|Sitrus Berry|[eat]\n|-heal|p1a: Sneasler|73\/100|[from] item: Sitrus Berry\n|move|p1b: Arcanine|Close Combat|p2b: Chien-Pao\n|-damage|p2b: Chien-Pao|66\/100\n|-unboost|p1b: Arcanine|def|1\n|-unboost|p1b: Arcanine|spd|1\n|\n|-weather|Snow|[upkeep]\n|upkeep\n|turn|14\n|\n|t:|1700613975\n|switch|p2b: Ninetales|Ninetales-Alola, F, shiny|36\/100\n|move|p1a: Sneasler|Fake Out|p2b: Ninetales\n|-damage|p2b: Ninetales|23\/100\n|move|p1b: Arcanine|Extreme Speed|p2a: Tornadus\n|-damage|p2a: Tornadus|67\/100\n|move|p2a: Tornadus|Tailwind|p2a: Tornadus\n|-sidestart|p2: RLisanidiot|move: Tailwind\n|\n|-weather|Snow|[upkeep]\n|upkeep\n|turn|15\n|inactive|Josuedavid26 has 120 seconds left.\n|\n|t:|1700614028\n|switch|p1b: Pelipper|Pelipper, M|75\/100\n|-weather|RainDance|[from] ability: Drizzle|[of] p1b: Pelipper\n|move|p2b: Ninetales|Helping Hand|p2a: Tornadus\n|-singleturn|p2a: Tornadus|Helping Hand|[of] p2b: Ninetales\n|move|p1a: Sneasler|Dire Claw|p2b: Ninetales\n|-supereffective|p2b: Ninetales\n|-damage|p2b: Ninetales|0 fnt\n|faint|p2b: Ninetales\n|move|p2a: Tornadus|Bleakwind Storm|p1b: Pelipper|[spread] p1a,p1b\n|-supereffective|p1a: Sneasler\n|-damage|p1a: Sneasler|0 fnt\n|-damage|p1b: Pelipper|9\/100\n|faint|p1a: Sneasler\n|\n|-weather|RainDance|[upkeep]\n|upkeep\n|inactive|Josuedavid26 has 120 seconds left.\n|\n|t:|1700614045\n|switch|p2b: Chien-Pao|Chien-Pao, tera:Electric|66\/100\n|switch|p1a: Regieleki|Regieleki|43\/100\n|-ability|p2b: Chien-Pao|Sword of Ruin\n|turn|16\n|\n|t:|1700614056\n|move|p1b: Pelipper|Protect|p1b: Pelipper\n|-singleturn|p1b: Pelipper|Protect\n|move|p2b: Chien-Pao|Sucker Punch|p1a: Regieleki\n|-damage|p1a: Regieleki|0 fnt\n|faint|p1a: Regieleki\n|move|p2a: Tornadus|Snowscape|p2a: Tornadus\n|-weather|Snow\n|\n|-weather|Snow|[upkeep]\n|upkeep\n|inactive|Josuedavid26 has 120 seconds left.\n|\n|t:|1700614075\n|switch|p1a: Arcanine|Arcanine, M|77\/100\n|-ability|p1a: Arcanine|Intimidate|boost\n|-unboost|p2a: Tornadus|atk|1\n|-unboost|p2b: Chien-Pao|atk|1\n|turn|17\n|\n|t:|1700614082\n|switch|p2b: Landorus|Landorus-Therian, M, shiny|100\/100\n|-ability|p2b: Landorus|Intimidate|boost\n|-unboost|p1a: Arcanine|atk|1\n|-unboost|p1b: Pelipper|atk|1\n|move|p1a: Arcanine|Extreme Speed|p2b: Landorus\n|-crit|p2b: Landorus\n|-damage|p2b: Landorus|65\/100\n|move|p2a: Tornadus|Bleakwind Storm|p1a: Arcanine|[spread] p1a,p1b\n|-damage|p1a: Arcanine|53\/100\n|-damage|p1b: Pelipper|0 fnt\n|faint|p1b: Pelipper\n|\n|-weather|Snow|[upkeep]\n|-sideend|p2: RLisanidiot|move: Tailwind\n|upkeep\n|\n|t:|1700614095\n|switch|p1b: Palafin|Palafin-Hero, M|10\/100\n|turn|18\n|\n|t:|1700614104\n|move|p1a: Arcanine|Extreme Speed|p2a: Tornadus\n|-crit|p2a: Tornadus\n|-damage|p2a: Tornadus|31\/100\n|move|p1b: Palafin|Jet Punch|p2b: Landorus\n|-supereffective|p2b: Landorus\n|-damage|p2b: Landorus|0 fnt\n|faint|p2b: Landorus\n|move|p2a: Tornadus|Tailwind|p2a: Tornadus\n|-sidestart|p2: RLisanidiot|move: Tailwind\n|\n|-weather|Snow|[upkeep]\n|upkeep\n|\n|t:|1700614109\n|switch|p2b: Chien-Pao|Chien-Pao, tera:Electric|66\/100\n|-ability|p2b: Chien-Pao|Sword of Ruin\n|turn|19\n|inactive|Josuedavid26 has 120 seconds left.\n|\n|t:|1700614153\n|move|p1a: Arcanine|Extreme Speed|p2b: Chien-Pao\n|-damage|p2b: Chien-Pao|47\/100\n|move|p2b: Chien-Pao|Sucker Punch|p1b: Palafin\n|-damage|p1b: Palafin|0 fnt\n|faint|p1b: Palafin\n|move|p2a: Tornadus|Bleakwind Storm|p1a: Arcanine\n|-crit|p1a: Arcanine\n|-damage|p1a: Arcanine|9\/100\n|-unboost|p1a: Arcanine|spe|1\n|\n|-weather|Snow|[upkeep]\n|upkeep\n|turn|20\n|\n|t:|1700614163\n|-terastallize|p1a: Arcanine|Normal\n|move|p1a: Arcanine|Extreme Speed|p2a: Tornadus\n|-damage|p2a: Tornadus|0 fnt\n|faint|p2a: Tornadus\n|move|p2b: Chien-Pao|Sucker Punch||[still]\n|-fail|p2b: Chien-Pao\n|\n|-weather|none\n|upkeep\n|turn|21\n|\n|t:|1700614172\n|move|p1a: Arcanine|Extreme Speed|p2b: Chien-Pao\n|-damage|p2b: Chien-Pao|19\/100\n|move|p2b: Chien-Pao|Ice Spinner|p1a: Arcanine\n|-damage|p1a: Arcanine|0 fnt\n|faint|p1a: Arcanine\n|\n|win|RLisanidiot\n|raw|Josuedavid26's rating: 1182 &rarr; <strong>1167<\/strong><br \/>(-15 for losing)\n|raw|RLisanidiot's rating: 1321 &rarr; <strong>1333<\/strong><br \/>(+12 for winning)\n","uploadtime":1700614181,"views":8,"p1id":"josuedavid26","p2id":"rlisanidiot","formatid":"gen9doublesou","rating":1167,"private":0,"password":""}