{"id":"gen9doublesou-1982284798","p1":"MonikakinoM","p2":"TwentyTap","format":"[Gen 9] Doubles OU","log":"|j|\u2606MonikakinoM\n|j|\u2606TwentyTap\n|t:|1698989866\n|gametype|doubles\n|player|p1|MonikakinoM|hilda-wonderlauncher|\n|player|p2|TwentyTap|ghetsis-gen5bw|\n|teamsize|p1|6\n|teamsize|p2|6\n|gen|9\n|tier|[Gen 9] Doubles OU\n|rule|Species Clause: Limit one of each Pok\u00e9mon\n|rule|OHKO Clause: OHKO moves are banned\n|rule|Evasion Moves Clause: Evasion moves are banned\n|rule|Gravity Sleep Clause: The combination of sleep-inducing moves with imperfect accuracy and Gravity or Gigantamax Orbeetle are banned\n|rule|Endless Battle Clause: Forcing endless battles is banned\n|rule|HP Percentage Mod: HP is shown in percentages\n|clearpoke\n|poke|p1|Indeedee-F, F|\n|poke|p1|Avalugg, M|\n|poke|p1|Armarouge, M|\n|poke|p1|Torkoal, M|\n|poke|p1|Wooper, F|\n|poke|p1|Amoonguss, F|\n|poke|p2|Kingambit, F|\n|poke|p2|Sinistcha|\n|poke|p2|Salamence, M|\n|poke|p2|Ogerpon-Wellspring, F|\n|poke|p2|Chi-Yu|\n|poke|p2|Flutter Mane|\n|teampreview\n|\n|t:|1698989904\n|start\n|switch|p1a: Indeedee|Indeedee-F, F|100\/100\n|switch|p1b: Avalugg|Avalugg, M|100\/100\n|switch|p2a: Kingambit|Kingambit, F|100\/100\n|switch|p2b: Salamence|Salamence, M|100\/100\n|-ability|p2b: Salamence|Intimidate|boost\n|-unboost|p1a: Indeedee|atk|1\n|-unboost|p1b: Avalugg|atk|1\n|-fieldstart|move: Psychic Terrain|[from] ability: Psychic Surge|[of] p1a: Indeedee\n|-enditem|p1a: Indeedee|Psychic Seed\n|-boost|p1a: Indeedee|spd|1|[from] item: Psychic Seed\n|-enditem|p1b: Avalugg|Psychic Seed\n|-boost|p1b: Avalugg|spd|1|[from] item: Psychic Seed\n|turn|1\n|\n|t:|1698989941\n|move|p1a: Indeedee|Follow Me|p1a: Indeedee\n|-singleturn|p1a: Indeedee|move: Follow Me\n|move|p2b: Salamence|Iron Head|p1a: Indeedee\n|-damage|p1a: Indeedee|66\/100\n|move|p2a: Kingambit|Iron Head|p1a: Indeedee\n|-damage|p1a: Indeedee|17\/100\n|move|p1b: Avalugg|Iron Defense|p1b: Avalugg\n|-boost|p1b: Avalugg|def|2\n|\n|upkeep\n|turn|2\n|\n|t:|1698989971\n|move|p2a: Kingambit|Sucker Punch|p1b: Avalugg\n|-activate|p1b: Avalugg|move: Psychic Terrain\n|move|p2b: Salamence|Iron Head|p1a: Indeedee\n|-damage|p1a: Indeedee|0 fnt\n|faint|p1a: Indeedee\n|move|p1b: Avalugg|Body Press|p2b: Salamence\n|-resisted|p2b: Salamence\n|-damage|p2b: Salamence|58\/100\n|-damage|p1b: Avalugg|84\/100|[from] item: Rocky Helmet|[of] p2b: Salamence\n|\n|upkeep\n|\n|t:|1698989979\n|switch|p1a: Armarouge|Armarouge, M|100\/100\n|turn|3\n|\n|t:|1698990007\n|switch|p2a: Chi-Yu|Chi-Yu|100\/100\n|-ability|p2a: Chi-Yu|Beads of Ruin\n|move|p2b: Salamence|Tailwind|p2b: Salamence\n|-sidestart|p2: TwentyTap|move: Tailwind\n|move|p1a: Armarouge|Expanding Force|p2a: Chi-Yu|[spread] p2b\n|-immune|p2a: Chi-Yu\n|-damage|p2b: Salamence|0 fnt\n|faint|p2b: Salamence\n|move|p1b: Avalugg|Iron Defense|p1b: Avalugg\n|-boost|p1b: Avalugg|def|2\n|\n|upkeep\n|\n|t:|1698990023\n|switch|p2b: Flutter Mane|Flutter Mane|100\/100\n|-enditem|p2b: Flutter Mane|Booster Energy\n|-activate|p2b: Flutter Mane|ability: Protosynthesis|[fromitem]\n|-start|p2b: Flutter Mane|protosynthesisspe\n|turn|4\n|\n|t:|1698990051\n|move|p2b: Flutter Mane|Moonblast|p1a: Armarouge\n|-resisted|p1a: Armarouge\n|-damage|p1a: Armarouge|77\/100\n|-unboost|p1a: Armarouge|spa|1\n|move|p2a: Chi-Yu|Dark Pulse|p1a: Armarouge\n|-supereffective|p1a: Armarouge\n|-damage|p1a: Armarouge|0 fnt\n|faint|p1a: Armarouge\n|move|p1b: Avalugg|Body Press|p2a: Chi-Yu\n|-supereffective|p2a: Chi-Yu\n|-damage|p2a: Chi-Yu|0 fnt\n|faint|p2a: Chi-Yu\n|\n|upkeep\n|\n|t:|1698990071\n|switch|p2a: Kingambit|Kingambit, F|100\/100\n|switch|p1a: Torkoal|Torkoal, M|100\/100\n|turn|5\n|\n|t:|1698990089\n|move|p2b: Flutter Mane|Icy Wind|p1b: Avalugg|[spread] p1a,p1b\n|-resisted|p1a: Torkoal\n|-resisted|p1b: Avalugg\n|-damage|p1a: Torkoal|89\/100\n|-damage|p1b: Avalugg|74\/100\n|-unboost|p1b: Avalugg|spe|1\n|move|p2a: Kingambit|Iron Head|p1b: Avalugg\n|-supereffective|p1b: Avalugg\n|-crit|p1b: Avalugg\n|-damage|p1b: Avalugg|6\/100\n|move|p1a: Torkoal|Shell Smash|p1a: Torkoal\n|-unboost|p1a: Torkoal|def|1\n|-unboost|p1a: Torkoal|spd|1\n|-boost|p1a: Torkoal|atk|2\n|-boost|p1a: Torkoal|spa|2\n|-boost|p1a: Torkoal|spe|2\n|move|p1b: Avalugg|Body Press|p2b: Flutter Mane\n|-immune|p2b: Flutter Mane\n|\n|-heal|p1a: Torkoal|95\/100|[from] item: Leftovers\n|-fieldend|move: Psychic Terrain\n|upkeep\n|turn|6\n|\n|t:|1698990117\n|move|p2a: Kingambit|Sucker Punch||[still]\n|-fail|p2a: Kingambit\n|move|p2b: Flutter Mane|Moonblast|p1a: Torkoal\n|-resisted|p1a: Torkoal\n|-damage|p1a: Torkoal|35\/100\n|move|p1a: Torkoal|Iron Defense|p1a: Torkoal\n|-boost|p1a: Torkoal|def|2\n|move|p1b: Avalugg|Recover|p1b: Avalugg\n|-heal|p1b: Avalugg|56\/100\n|\n|-heal|p1a: Torkoal|41\/100|[from] item: Leftovers\n|-sideend|p2: TwentyTap|move: Tailwind\n|upkeep\n|turn|7\n|\n|t:|1698990140\n|move|p2b: Flutter Mane|Moonblast|p1a: Torkoal\n|-resisted|p1a: Torkoal\n|-damage|p1a: Torkoal|0 fnt\n|faint|p1a: Torkoal\n|move|p2a: Kingambit|Iron Head|p1b: Avalugg\n|-supereffective|p1b: Avalugg\n|-damage|p1b: Avalugg|41\/100\n|move|p1b: Avalugg|Recover|p1b: Avalugg\n|-heal|p1b: Avalugg|91\/100\n|\n|upkeep\n|\n|t:|1698990153\n|switch|p1a: Amoonguss|Amoonguss, F|100\/100\n|turn|8\n|\n|t:|1698990174\n|move|p2b: Flutter Mane|Icy Wind|p1b: Avalugg|[spread] p1a,p1b\n|-supereffective|p1a: Amoonguss\n|-resisted|p1b: Avalugg\n|-damage|p1a: Amoonguss|67\/100\n|-damage|p1b: Avalugg|80\/100\n|-unboost|p1a: Amoonguss|spe|1\n|-unboost|p1b: Avalugg|spe|1\n|move|p2a: Kingambit|Air Slash|p1a: Amoonguss\n|-supereffective|p1a: Amoonguss\n|-damage|p1a: Amoonguss|39\/100\n|move|p1a: Amoonguss|Spore|p2b: Flutter Mane\n|-status|p2b: Flutter Mane|slp|[from] move: Spore\n|move|p1b: Avalugg|Body Press|p2a: Kingambit\n|-supereffective|p2a: Kingambit\n|-damage|p2a: Kingambit|0 fnt\n|faint|p2a: Kingambit\n|\n|upkeep\n|\n|t:|1698990198\n|switch|p2a: Ogerpon|Ogerpon-Wellspring, F|100\/100\n|turn|9\n|\n|t:|1698990241\n|cant|p2b: Flutter Mane|slp\n|move|p2a: Ogerpon|Spiky Shield|p2a: Ogerpon\n|-singleturn|p2a: Ogerpon|move: Protect\n|move|p1a: Amoonguss|Toxic|p2a: Ogerpon\n|-activate|p2a: Ogerpon|move: Protect\n|move|p1b: Avalugg|Body Press|p2a: Ogerpon\n|-activate|p2a: Ogerpon|move: Protect\n|-damage|p1b: Avalugg|68\/100|[from] Spiky Shield|[of] p2a: Ogerpon\n|\n|upkeep\n|turn|10\n|\n|t:|1698990260\n|-terastallize|p2a: Ogerpon|Water\n|detailschange|p2a: Ogerpon|Ogerpon-Wellspring-Tera, F, tera:Water\n|-ability|p2a: Ogerpon|Embody Aspect (Wellspring)|boost\n|-boost|p2a: Ogerpon|spd|1\n|cant|p2b: Flutter Mane|slp\n|move|p2a: Ogerpon|Ivy Cudgel|p1b: Avalugg\n|-damage|p1b: Avalugg|54\/100\n|move|p1a: Amoonguss|Toxic||[still]\n|-fail|p1a: Amoonguss\n|move|p1b: Avalugg|Body Press|p2a: Ogerpon\n|-damage|p2a: Ogerpon|0 fnt\n|faint|p2a: Ogerpon\n|\n|upkeep\n|\n|t:|1698990275\n|switch|p2a: Sinistcha|Sinistcha|100\/100\n|turn|11\n|\n|t:|1698990291\n|cant|p2b: Flutter Mane|slp\n|move|p2a: Sinistcha|Strength Sap|p1b: Avalugg\n|-unboost|p1b: Avalugg|atk|1\n|move|p1a: Amoonguss|Toxic||[still]\n|-fail|p1a: Amoonguss\n|move|p1b: Avalugg|Body Press|p2a: Sinistcha\n|-immune|p2a: Sinistcha\n|\n|upkeep\n|turn|12\n|\n|t:|1698990311\n|-curestatus|p2b: Flutter Mane|slp|[msg]\n|move|p2b: Flutter Mane|Icy Wind|p1b: Avalugg|[spread] p1a,p1b\n|-supereffective|p1a: Amoonguss\n|-resisted|p1b: Avalugg\n|-damage|p1a: Amoonguss|5\/100\n|-damage|p1b: Avalugg|43\/100\n|-unboost|p1a: Amoonguss|spe|1\n|-unboost|p1b: Avalugg|spe|1\n|move|p2a: Sinistcha|Matcha Gotcha|p1a: Amoonguss|[spread] p1a,p1b\n|-resisted|p1a: Amoonguss\n|-damage|p1a: Amoonguss|0 fnt\n|-damage|p1b: Avalugg|6\/100\n|-status|p1b: Avalugg|brn\n|faint|p1a: Amoonguss\n|move|p1b: Avalugg|Gyro Ball|p2a: Sinistcha\n|-damage|p2a: Sinistcha|92\/100\n|\n|-damage|p1b: Avalugg|0 fnt|[from] brn\n|faint|p1b: Avalugg\n|upkeep\n|\n|t:|1698990328\n|switch|p1b: Wooper|Wooper, F|100\/100\n|turn|13\n|\n|t:|1698990345\n|move|p2b: Flutter Mane|Dark Pulse|p1b: Wooper\n|-damage|p1b: Wooper|15\/100\n|move|p2a: Sinistcha|Matcha Gotcha|p1b: Wooper\n|-supereffective|p1b: Wooper\n|-damage|p1b: Wooper|0 fnt\n|-heal|p2a: Sinistcha|99\/100|[from] drain|[of] p1b: Wooper\n|faint|p1b: Wooper\n|\n|win|TwentyTap\n|l|\u2606TwentyTap\n","uploadtime":1698990356,"views":22,"p1id":"monikakinom","p2id":"twentytap","formatid":"gen9doublesou","rating":0,"private":0,"password":""}