{"id":"gen9doublesou-1984782906","p1":"1000s are weird","p2":"firewing270","format":"[Gen 9] Doubles OU","log":"|j|\u26061000s are weird\n|j|\u2606firewing270\n|t:|1699298625\n|gametype|doubles\n|player|p1|1000s are weird|cynthia|1154\n|player|p2|firewing270|lucas|1060\n|teamsize|p1|6\n|teamsize|p2|6\n|gen|9\n|tier|[Gen 9] Doubles OU\n|rated|\n|rule|Species Clause: Limit one of each Pok\u00e9mon\n|rule|OHKO Clause: OHKO moves are banned\n|rule|Evasion Moves Clause: Evasion moves are banned\n|rule|Gravity Sleep Clause: The combination of sleep-inducing moves with imperfect accuracy and Gravity or Gigantamax Orbeetle are banned\n|rule|Endless Battle Clause: Forcing endless battles is banned\n|rule|HP Percentage Mod: HP is shown in percentages\n|clearpoke\n|poke|p1|Oinkologne-F, F|\n|poke|p1|Goodra-Hisui, M|\n|poke|p1|Rotom-Heat|\n|poke|p1|Dusclops, F|\n|poke|p1|Gastrodon-East, F|\n|poke|p1|Electrode-Hisui|\n|poke|p2|Ninetales-Alola, F|\n|poke|p2|Glaceon, M|\n|poke|p2|Articuno|\n|poke|p2|Rotom-Frost|\n|poke|p2|Iron Bundle|\n|poke|p2|Abomasnow, M|\n|teampreview\n|inactive|Battle timer is ON: inactive players will automatically lose when time's up. (requested by firewing270)\n|\n|t:|1699298639\n|start\n|switch|p1a: Electrode|Electrode-Hisui|100\/100\n|switch|p1b: Dusclops|Dusclops, F|100\/100\n|switch|p2a: Ninetales|Ninetales-Alola, F|100\/100\n|switch|p2b: Articuno|Articuno|100\/100\n|-weather|Snow|[from] ability: Snow Warning|[of] p2a: Ninetales\n|-ability|p2b: Articuno|Pressure\n|-item|p2a: Ninetales|Light Clay|[from] ability: Frisk|[of] p1b: Dusclops|[identify]\n|-item|p2b: Articuno|Focus Sash|[from] ability: Frisk|[of] p1b: Dusclops|[identify]\n|turn|1\n|\n|t:|1699298658\n|-terastallize|p1a: Electrode|Steel\n|move|p1a: Electrode|Tera Blast|p2a: Ninetales|[anim] Tera Blast Steel\n|-supereffective|p2a: Ninetales\n|-damage|p2a: Ninetales|0 fnt\n|faint|p2a: Ninetales\n|move|p2b: Articuno|Tailwind|p2b: Articuno\n|-sidestart|p2: firewing270|move: Tailwind\n|move|p1b: Dusclops|Curse|p2b: Articuno\n|-start|p2b: Articuno|Curse|[of] p1b: Dusclops\n|-damage|p1b: Dusclops|50\/100\n|\n|-weather|Snow|[upkeep]\n|-damage|p2b: Articuno|76\/100|[from] Curse\n|upkeep\n|\n|t:|1699298673\n|switch|p2a: Iron Bundle|Iron Bundle|100\/100\n|turn|2\n|\n|t:|1699298689\n|switch|p1a: Gastrodon|Gastrodon-East, F|100\/100\n|move|p2a: Iron Bundle|Blizzard|p1b: Dusclops|[spread] p1a,p1b\n|-damage|p1a: Gastrodon|56\/100\n|-damage|p1b: Dusclops|18\/100\n|-status|p1b: Dusclops|frz\n|move|p2b: Articuno|Blizzard|p1b: Dusclops|[spread] p1a,p1b\n|-crit|p1a: Gastrodon\n|-damage|p1a: Gastrodon|21\/100\n|-damage|p1b: Dusclops|0 fnt\n|-enditem|p1a: Gastrodon|Aguav Berry|[eat]\n|-heal|p1a: Gastrodon|54\/100|[from] item: Aguav Berry\n|faint|p1b: Dusclops\n|\n|-weather|Snow|[upkeep]\n|-damage|p2b: Articuno|51\/100|[from] Curse\n|upkeep\n|\n|t:|1699298700\n|switch|p1b: Rotom|Rotom-Heat|100\/100\n|turn|3\n|\n|t:|1699298709\n|move|p2a: Iron Bundle|Blizzard|p1a: Gastrodon|[spread] p1a,p1b\n|-resisted|p1b: Rotom\n|-damage|p1a: Gastrodon|10\/100\n|-damage|p1b: Rotom|69\/100\n|move|p2b: Articuno|Blizzard|p1b: Rotom|[spread] p1a,p1b\n|-resisted|p1b: Rotom\n|-damage|p1a: Gastrodon|0 fnt\n|-damage|p1b: Rotom|50\/100\n|faint|p1a: Gastrodon\n|move|p1b: Rotom|Volt Switch|p2a: Iron Bundle\n|-supereffective|p2a: Iron Bundle\n|-damage|p2a: Iron Bundle|0 fnt\n|faint|p2a: Iron Bundle\n|-end|p2a: Iron Bundle|Quark Drive|[silent]\n|\n|t:|1699298720\n|switch|p1b: Oinkologne|Oinkologne-F, F|100\/100|[from] Volt Switch\n|\n|-weather|Snow|[upkeep]\n|-damage|p2b: Articuno|26\/100|[from] Curse\n|upkeep\n|\n|t:|1699298735\n|switch|p2a: Glaceon|Glaceon, M|100\/100\n|switch|p1a: Goodra|Goodra-Hisui, M|100\/100\n|turn|4\n|\n|t:|1699298753\n|move|p2b: Articuno|Blizzard|p1b: Oinkologne|[spread] p1a,p1b\n|-damage|p1a: Goodra|78\/100\n|-damage|p1b: Oinkologne|89\/100\n|-status|p1a: Goodra|frz\n|-status|p1b: Oinkologne|frz\n|move|p2a: Glaceon|Blizzard|p1a: Goodra|[spread] p1a,p1b\n|-damage|p1a: Goodra|49\/100 frz\n|-damage|p1b: Oinkologne|72\/100 frz\n|cant|p1b: Oinkologne|frz\n|cant|p1a: Goodra|frz\n|\n|-weather|Snow|[upkeep]\n|-damage|p2b: Articuno|1\/100|[from] Curse\n|-sideend|p2: firewing270|move: Tailwind\n|upkeep\n|turn|5\n|c|\u26061000s are weird|this is what you wanted isn't it\n|c|\u2606firewing270|I didn't know this would happen ngl\n|c|\u26061000s are weird|lies\n|\n|t:|1699298782\n|move|p2b: Articuno|Tailwind|p2b: Articuno\n|-sidestart|p2: firewing270|move: Tailwind\n|move|p2a: Glaceon|Blizzard|p1b: Oinkologne|[spread] p1a,p1b\n|-damage|p1a: Goodra|17\/100 frz\n|-damage|p1b: Oinkologne|56\/100 frz\n|cant|p1b: Oinkologne|frz\n|cant|p1a: Goodra|frz\n|\n|-weather|none\n|-damage|p2b: Articuno|0 fnt|[from] Curse\n|faint|p2b: Articuno\n|upkeep\n|inactive|firewing270 has 120 seconds left.\n|\n|t:|1699298793\n|switch|p2b: Abomasnow|Abomasnow, M|100\/100\n|-weather|Snow|[from] ability: Snow Warning|[of] p2b: Abomasnow\n|turn|6\n|\n|t:|1699298801\n|move|p2a: Glaceon|Blizzard|p1b: Oinkologne|[spread] p1a,p1b\n|-damage|p1a: Goodra|0 fnt\n|-damage|p1b: Oinkologne|39\/100 frz\n|faint|p1a: Goodra\n|move|p2b: Abomasnow|Blizzard|p1b: Oinkologne\n|-damage|p1b: Oinkologne|22\/100 frz\n|-enditem|p1b: Oinkologne|Apicot Berry|[eat]\n|-boost|p1b: Oinkologne|spd|1|[from] item: Apicot Berry\n|cant|p1b: Oinkologne|frz\n|\n|-weather|Snow|[upkeep]\n|upkeep\n|\n|t:|1699298813\n|switch|p1a: Rotom|Rotom-Heat|50\/100\n|turn|7\n|c|\u2606firewing270|I just thought all blizzard would be funny\n|\n|t:|1699298825\n|move|p2a: Glaceon|Blizzard|p1b: Oinkologne|[spread] p1a,p1b\n|-resisted|p1a: Rotom\n|-damage|p1a: Rotom|24\/100\n|-damage|p1b: Oinkologne|12\/100 frz\n|move|p2b: Abomasnow|Blizzard|p1a: Rotom|[spread] p1a,p1b\n|-resisted|p1a: Rotom\n|-damage|p1a: Rotom|5\/100\n|-damage|p1b: Oinkologne|3\/100 frz\n|-status|p1a: Rotom|frz\n|cant|p1a: Rotom|frz\n|cant|p1b: Oinkologne|frz\n|\n|-weather|Snow|[upkeep]\n|upkeep\n|turn|8\n|c|\u26061000s are weird|ya hilarious\n|\n|t:|1699298839\n|move|p2a: Glaceon|Blizzard|p1b: Oinkologne|[spread] p1a,p1b\n|-resisted|p1a: Rotom\n|-crit|p1a: Rotom\n|-damage|p1a: Rotom|0 fnt\n|-damage|p1b: Oinkologne|0 fnt\n|faint|p1a: Rotom\n|faint|p1b: Oinkologne\n|move|p2b: Abomasnow|Blizzard|p1: Rotom|[notarget]\n|-fail|p2b: Abomasnow\n|\n|-weather|Snow|[upkeep]\n|-sideend|p2: firewing270|move: Tailwind\n|upkeep\n|\n|t:|1699298843\n|switch|p1b: Electrode|Electrode-Hisui, tera:Steel|100\/100\n|turn|9\n|\n|t:|1699298861\n|move|p1b: Electrode|Tera Blast|p2b: Abomasnow|[anim] Tera Blast Steel\n|-supereffective|p2b: Abomasnow\n|-damage|p2b: Abomasnow|14\/100\n|move|p2a: Glaceon|Blizzard|p1b: Electrode\n|-resisted|p1b: Electrode\n|-damage|p1b: Electrode|52\/100\n|move|p2b: Abomasnow|Blizzard|p1b: Electrode\n|-resisted|p1b: Electrode\n|-damage|p1b: Electrode|17\/100\n|\n|-weather|Snow|[upkeep]\n|upkeep\n|turn|10\n|\n|t:|1699298872\n|move|p1b: Electrode|Tera Blast|p2b: Abomasnow|[anim] Tera Blast Steel\n|-supereffective|p2b: Abomasnow\n|-damage|p2b: Abomasnow|0 fnt\n|faint|p2b: Abomasnow\n|move|p2a: Glaceon|Blizzard|p1b: Electrode\n|-resisted|p1b: Electrode\n|-damage|p1b: Electrode|0 fnt\n|faint|p1b: Electrode\n|\n|win|firewing270\n|raw|1000s are weird's rating: 1154 &rarr; <strong>1122<\/strong><br \/>(-32 for losing)\n|raw|firewing270's rating: 1060 &rarr; <strong>1099<\/strong><br \/>(+39 for winning)\n|c|\u2606firewing270|gg\n|l|\u26061000s are weird\n","uploadtime":1699298881,"views":10,"p1id":"1000sareweird","p2id":"firewing270","formatid":"gen9doublesou","rating":1099,"private":0,"password":""}