{"id":"gen9doublesou-1977170998","p1":"bibeanjelly","p2":"mikeyuwu","format":"[Gen 9] Doubles OU","log":"|j|\u2606bibeanjelly\n|j|\u2606mikeyuwu\n|t:|1698380537\n|gametype|doubles\n|player|p1|bibeanjelly|blue|1246\n|player|p2|mikeyuwu|psychic-gen4|1260\n|teamsize|p1|6\n|teamsize|p2|6\n|gen|9\n|tier|[Gen 9] Doubles OU\n|rated|\n|rule|Species Clause: Limit one of each Pok\u00e9mon\n|rule|OHKO Clause: OHKO moves are banned\n|rule|Evasion Moves Clause: Evasion moves are banned\n|rule|Gravity Sleep Clause: The combination of sleep-inducing moves with imperfect accuracy and Gravity or Gigantamax Orbeetle are banned\n|rule|Endless Battle Clause: Forcing endless battles is banned\n|rule|HP Percentage Mod: HP is shown in percentages\n|clearpoke\n|poke|p1|Indeedee-F, F|\n|poke|p1|Walking Wake|\n|poke|p1|Baxcalibur, F|\n|poke|p1|Landorus-Therian, M|\n|poke|p1|Slaking, F|\n|poke|p1|Weezing-Galar, F|\n|poke|p2|Garchomp, M|\n|poke|p2|Tyranitar, F|\n|poke|p2|Vaporeon, F|\n|poke|p2|Toxicroak, M|\n|poke|p2|Pelipper, F|\n|poke|p2|Abomasnow, M|\n|teampreview\n|\n|t:|1698380553\n|start\n|switch|p1a: Yajirobe|Weezing-Galar, F|100\/100\n|switch|p1b: Lassy|Slaking, F, shiny|100\/100\n|switch|p2a: Extra Spicy|Garchomp, M|100\/100\n|switch|p2b: Cold Shoulder|Abomasnow, M, shiny|100\/100\n|-ability|p1a: Yajirobe|Neutralizing Gas\n|turn|1\n|\n|t:|1698380573\n|move|p2a: Extra Spicy|Earthquake|p1a: Yajirobe|[spread] p2b,p1a,p1b\n|-resisted|p2b: Cold Shoulder\n|-supereffective|p1a: Yajirobe\n|-damage|p2b: Cold Shoulder|88\/100\n|-damage|p1a: Yajirobe|46\/100\n|-damage|p1b: Lassy|77\/100\n|move|p1b: Lassy|Knock Off|p2b: Cold Shoulder\n|-damage|p2b: Cold Shoulder|48\/100\n|-enditem|p2b: Cold Shoulder|Wide Lens|[from] move: Knock Off|[of] p1b: Lassy\n|move|p2b: Cold Shoulder|Leech Seed|p1b: Lassy\n|-start|p1b: Lassy|move: Leech Seed\n|move|p1a: Yajirobe|Sludge Bomb|p2b: Cold Shoulder\n|-supereffective|p2b: Cold Shoulder\n|-damage|p2b: Cold Shoulder|0 fnt\n|faint|p2b: Cold Shoulder\n|\n|-heal|p1b: Lassy|83\/100|[from] item: Leftovers\n|upkeep\n|\n|t:|1698380587\n|switch|p2b: Harmacy|Vaporeon, F|100\/100\n|turn|2\n|\n|t:|1698380597\n|move|p1a: Yajirobe|Protect|p1a: Yajirobe\n|-singleturn|p1a: Yajirobe|Protect\n|move|p2a: Extra Spicy|Liquidation|p1b: Lassy\n|-damage|p1b: Lassy|68\/100\n|move|p1b: Lassy|Ice Punch|p2a: Extra Spicy\n|-supereffective|p2a: Extra Spicy\n|-damage|p2a: Extra Spicy|14\/100\n|-damage|p1b: Lassy|51\/100|[from] item: Rocky Helmet|[of] p2a: Extra Spicy\n|move|p2b: Harmacy|Icy Wind|p1b: Lassy|[spread] p1b\n|-activate|p1a: Yajirobe|move: Protect\n|-damage|p1b: Lassy|41\/100\n|-unboost|p1b: Lassy|spe|1\n|\n|-heal|p1b: Lassy|47\/100|[from] item: Leftovers\n|-damage|p1b: Lassy|35\/100|[from] Leech Seed|[of] p2b: Harmacy\n|upkeep\n|turn|3\n|\n|t:|1698380614\n|switch|p2a: Weather War|Pelipper, F|100\/100\n|move|p2b: Harmacy|Weather Ball|p1b: Lassy\n|-damage|p1b: Lassy|22\/100\n|move|p1b: Lassy|Earthquake|p2a: Weather War|[spread] p1a,p2b\n|-immune|p2a: Weather War\n|-supereffective|p1a: Yajirobe\n|-damage|p1a: Yajirobe|0 fnt\n|-damage|p2b: Harmacy|75\/100\n|faint|p1a: Yajirobe\n|-end|p1a: Yajirobe|ability: Neutralizing Gas\n|-weather|RainDance|[from] ability: Drizzle|[of] p2a: Weather War\n|\n|-weather|RainDance|[upkeep]\n|-heal|p2b: Harmacy|81\/100|[from] item: Leftovers\n|-heal|p1b: Lassy|28\/100|[from] item: Leftovers\n|-damage|p1b: Lassy|15\/100|[from] Leech Seed|[of] p2b: Harmacy\n|-heal|p2b: Harmacy|94\/100|[silent]\n|upkeep\n|\n|t:|1698380643\n|switch|p1a: Indeedee|Indeedee-F, F|100\/100\n|-fieldstart|move: Psychic Terrain|[from] ability: Psychic Surge|[of] p1a: Indeedee\n|turn|4\n|\n|t:|1698380652\n|move|p1a: Indeedee|Dazzling Gleam|p2b: Harmacy|[spread] p2a,p2b\n|-damage|p2a: Weather War|81\/100\n|-damage|p2b: Harmacy|85\/100\n|move|p2a: Weather War|Hurricane|p1b: Lassy\n|-damage|p1b: Lassy|0 fnt\n|faint|p1b: Lassy\n|move|p2b: Harmacy|Weather Ball|p1a: Indeedee\n|-damage|p1a: Indeedee|60\/100\n|\n|-weather|RainDance|[upkeep]\n|-heal|p1a: Indeedee|66\/100|[from] item: Leftovers\n|-heal|p2b: Harmacy|91\/100|[from] item: Leftovers\n|upkeep\n|\n|t:|1698380658\n|switch|p1b: Mr Cuddles|Baxcalibur, F, shiny|100\/100\n|turn|5\n|\n|t:|1698380674\n|move|p1a: Indeedee|Helping Hand|p1b: Mr Cuddles\n|-singleturn|p1b: Mr Cuddles|Helping Hand|[of] p1a: Indeedee\n|move|p1b: Mr Cuddles|Icicle Spear|p2a: Weather War\n|-damage|p2a: Weather War|65\/100\n|-damage|p2a: Weather War|49\/100\n|-crit|p2a: Weather War\n|-damage|p2a: Weather War|27\/100\n|-damage|p2a: Weather War|11\/100\n|-damage|p2a: Weather War|0 fnt\n|faint|p2a: Weather War\n|-hitcount|p2: Weather War|5\n|move|p2b: Harmacy|Icy Wind|p1a: Indeedee|[spread] p1a,p1b\n|-damage|p1a: Indeedee|59\/100\n|-damage|p1b: Mr Cuddles|90\/100\n|-unboost|p1a: Indeedee|spe|1\n|-unboost|p1b: Mr Cuddles|spe|1\n|\n|-weather|RainDance|[upkeep]\n|-heal|p2b: Harmacy|97\/100|[from] item: Leftovers\n|-heal|p1a: Indeedee|65\/100|[from] item: Leftovers\n|upkeep\n|\n|t:|1698380686\n|switch|p2a: OTLHPM|Toxicroak, M|100\/100\n|turn|6\n|\n|t:|1698380706\n|move|p1a: Indeedee|Helping Hand|p1b: Mr Cuddles\n|-singleturn|p1b: Mr Cuddles|Helping Hand|[of] p1a: Indeedee\n|move|p2a: OTLHPM|Drain Punch|p1b: Mr Cuddles\n|-supereffective|p1b: Mr Cuddles\n|-damage|p1b: Mr Cuddles|22\/100\n|move|p1b: Mr Cuddles|Scale Shot|p2a: OTLHPM|[miss]\n|-miss|p1b: Mr Cuddles|p2a: OTLHPM\n|move|p2b: Harmacy|Icy Wind|p1a: Indeedee|[spread] p1a,p1b\n|-damage|p1a: Indeedee|57\/100\n|-damage|p1b: Mr Cuddles|12\/100\n|-unboost|p1a: Indeedee|spe|1\n|-unboost|p1b: Mr Cuddles|spe|1\n|\n|-weather|RainDance|[upkeep]\n|-heal|p2b: Harmacy|100\/100|[from] item: Leftovers\n|-heal|p1a: Indeedee|64\/100|[from] item: Leftovers\n|upkeep\n|turn|7\n|\n|t:|1698380725\n|move|p1a: Indeedee|Protect|p1a: Indeedee\n|-singleturn|p1a: Indeedee|Protect\n|move|p2a: OTLHPM|Earthquake|p1a: Indeedee|[spread] p2b,p1b\n|-activate|p1a: Indeedee|move: Protect\n|-damage|p2b: Harmacy|83\/100\n|-damage|p1b: Mr Cuddles|0 fnt\n|faint|p1b: Mr Cuddles\n|move|p2b: Harmacy|Weather Ball|p1a: Indeedee\n|-activate|p1a: Indeedee|move: Protect\n|\n|-weather|none\n|-heal|p2b: Harmacy|89\/100|[from] item: Leftovers\n|-heal|p1a: Indeedee|70\/100|[from] item: Leftovers\n|upkeep\n|\n|t:|1698380733\n|switch|p1b: *squash*|Landorus-Therian, M, shiny|100\/100\n|-ability|p1b: *squash*|Intimidate|boost\n|-unboost|p2a: OTLHPM|atk|1\n|-unboost|p2b: Harmacy|atk|1\n|turn|8\n|\n|t:|1698380743\n|switch|p2a: Extra Spicy|Garchomp, M|14\/100\n|move|p1a: Indeedee|Helping Hand|p1b: *squash*\n|-singleturn|p1b: *squash*|Helping Hand|[of] p1a: Indeedee\n|move|p1b: *squash*|Grass Knot|p2b: Harmacy\n|-supereffective|p2b: Harmacy\n|-damage|p2b: Harmacy|57\/100\n|move|p2b: Harmacy|Icy Wind|p1a: Indeedee|[spread] p1a,p1b\n|-supereffective|p1b: *squash*\n|-damage|p1a: Indeedee|62\/100\n|-damage|p1b: *squash*|40\/100\n|-unboost|p1a: Indeedee|spe|1\n|-unboost|p1b: *squash*|spe|1\n|\n|-heal|p1b: *squash*|46\/100|[from] item: Leftovers\n|-heal|p2b: Harmacy|63\/100|[from] item: Leftovers\n|-heal|p1a: Indeedee|68\/100|[from] item: Leftovers\n|-fieldend|move: Psychic Terrain\n|upkeep\n|turn|9\n|\n|t:|1698380759\n|-terastallize|p1b: *squash*|Rock\n|move|p2a: Extra Spicy|Liquidation|p1b: *squash*\n|-supereffective|p1b: *squash*\n|-damage|p1b: *squash*|0 fnt\n|faint|p1b: *squash*\n|move|p2b: Harmacy|Icy Wind|p1a: Indeedee\n|-damage|p1a: Indeedee|58\/100\n|-unboost|p1a: Indeedee|spe|1\n|move|p1a: Indeedee|Heal Pulse|p1: *squash*|[notarget]\n|-fail|p1a: Indeedee\n|\n|-heal|p2b: Harmacy|69\/100|[from] item: Leftovers\n|-heal|p1a: Indeedee|64\/100|[from] item: Leftovers\n|upkeep\n|\n|t:|1698380764\n|switch|p1b: Walking Wake|Walking Wake|100\/100\n|turn|10\n|\n|t:|1698380777\n|switch|p2a: ThcrThnSnkr|Tyranitar, F|100\/100\n|-weather|Sandstorm|[from] ability: Sand Stream|[of] p2a: ThcrThnSnkr\n|move|p1b: Walking Wake|Hydro Steam|p2a: ThcrThnSnkr\n|-supereffective|p2a: ThcrThnSnkr\n|-damage|p2a: ThcrThnSnkr|77\/100\n|move|p2b: Harmacy|Copycat|p2b: Harmacy\n|move|p2b: Harmacy|Hydro Steam|p1b: Walking Wake|[from]move: Copycat\n|-resisted|p1b: Walking Wake\n|-damage|p1b: Walking Wake|95\/100\n|move|p1a: Indeedee|Dazzling Gleam|p2a: ThcrThnSnkr|[spread] p2a,p2b\n|-supereffective|p2a: ThcrThnSnkr\n|-damage|p2a: ThcrThnSnkr|70\/100\n|-damage|p2b: Harmacy|58\/100\n|\n|-weather|Sandstorm|[upkeep]\n|-damage|p1b: Walking Wake|89\/100|[from] Sandstorm\n|-damage|p2b: Harmacy|52\/100|[from] Sandstorm\n|-damage|p1a: Indeedee|58\/100|[from] Sandstorm\n|-heal|p2b: Harmacy|58\/100|[from] item: Leftovers\n|-heal|p1a: Indeedee|64\/100|[from] item: Leftovers\n|upkeep\n|turn|11\n|\n|t:|1698380794\n|move|p1a: Indeedee|Helping Hand|p1b: Walking Wake\n|-singleturn|p1b: Walking Wake|Helping Hand|[of] p1a: Indeedee\n|move|p1b: Walking Wake|Hydro Steam|p2a: ThcrThnSnkr\n|-supereffective|p2a: ThcrThnSnkr\n|-damage|p2a: ThcrThnSnkr|34\/100\n|move|p2a: ThcrThnSnkr|Rock Slide|p1a: Indeedee|[spread] p1a,p1b\n|-damage|p1a: Indeedee|27\/100\n|-damage|p1b: Walking Wake|62\/100\n|move|p2b: Harmacy|Wish|p2b: Harmacy\n|\n|-weather|Sandstorm|[upkeep]\n|-damage|p1b: Walking Wake|56\/100|[from] Sandstorm\n|-damage|p2b: Harmacy|52\/100|[from] Sandstorm\n|-damage|p1a: Indeedee|21\/100|[from] Sandstorm\n|-heal|p2b: Harmacy|58\/100|[from] item: Leftovers\n|-heal|p1a: Indeedee|27\/100|[from] item: Leftovers\n|upkeep\n|turn|12\n|\n|t:|1698380810\n|switch|p2a: OTLHPM|Toxicroak, M|100\/100\n|switch|p2b: Extra Spicy|Garchomp, M|14\/100\n|move|p1a: Indeedee|Helping Hand|p1b: Walking Wake\n|-singleturn|p1b: Walking Wake|Helping Hand|[of] p1a: Indeedee\n|move|p1b: Walking Wake|Hydro Steam|p2a: OTLHPM\n|-immune|p2a: OTLHPM|[from] ability: Dry Skin\n|\n|-weather|Sandstorm|[upkeep]\n|-damage|p1b: Walking Wake|49\/100|[from] Sandstorm\n|-damage|p2a: OTLHPM|94\/100|[from] Sandstorm\n|-damage|p1a: Indeedee|21\/100|[from] Sandstorm\n|-heal|p2b: Extra Spicy|69\/100|[from] move: Wish|[wisher] Harmacy\n|-heal|p2a: OTLHPM|100\/100|[from] item: Black Sludge\n|-heal|p1a: Indeedee|27\/100|[from] item: Leftovers\n|upkeep\n|turn|13\n|\n|t:|1698380823\n|switch|p2b: Harmacy|Vaporeon, F|58\/100\n|move|p1b: Walking Wake|Hydro Steam|p2b: Harmacy\n|-resisted|p2b: Harmacy\n|-damage|p2b: Harmacy|43\/100\n|move|p2a: OTLHPM|Poison Jab|p1b: Walking Wake\n|-damage|p1b: Walking Wake|7\/100\n|move|p1a: Indeedee|Heal Pulse|p1b: Walking Wake\n|-heal|p1b: Walking Wake|57\/100\n|\n|-weather|Sandstorm|[upkeep]\n|-damage|p1b: Walking Wake|51\/100|[from] Sandstorm\n|-damage|p2a: OTLHPM|94\/100|[from] Sandstorm\n|-damage|p2b: Harmacy|37\/100|[from] Sandstorm\n|-damage|p1a: Indeedee|21\/100|[from] Sandstorm\n|-heal|p2a: OTLHPM|100\/100|[from] item: Black Sludge\n|-heal|p2b: Harmacy|43\/100|[from] item: Leftovers\n|-heal|p1a: Indeedee|27\/100|[from] item: Leftovers\n|upkeep\n|turn|14\n|\n|t:|1698380845\n|move|p1b: Walking Wake|Flamethrower|p2a: OTLHPM\n|-damage|p2a: OTLHPM|55\/100\n|move|p2a: OTLHPM|Poison Jab|p1a: Indeedee\n|-damage|p1a: Indeedee|0 fnt\n|faint|p1a: Indeedee\n|move|p2b: Harmacy|Icy Wind|p1b: Walking Wake\n|-damage|p1b: Walking Wake|41\/100\n|-unboost|p1b: Walking Wake|spe|1\n|\n|-weather|none\n|-heal|p2a: OTLHPM|61\/100|[from] item: Black Sludge\n|-heal|p2b: Harmacy|49\/100|[from] item: Leftovers\n|upkeep\n|turn|15\n|c|\u2606bibeanjelly|gg\\\n|\n|t:|1698380860\n|move|p1b: Walking Wake|Draco Meteor|p2a: OTLHPM\n|-damage|p2a: OTLHPM|0 fnt\n|-unboost|p1b: Walking Wake|spa|2\n|faint|p2a: OTLHPM\n|move|p2b: Harmacy|Wish|p2b: Harmacy\n|\n|-heal|p2b: Harmacy|55\/100|[from] item: Leftovers\n|upkeep\n|\n|t:|1698380863\n|switch|p2a: Extra Spicy|Garchomp, M|69\/100\n|turn|16\n|-message|bibeanjelly forfeited.\n|\n|win|mikeyuwu\n|raw|bibeanjelly's rating: 1246 &rarr; <strong>1222<\/strong><br \/>(-24 for losing)\n|raw|mikeyuwu's rating: 1260 &rarr; <strong>1284<\/strong><br \/>(+24 for winning)\n|l|\u2606bibeanjelly\n","uploadtime":1698380877,"views":32,"p1id":"bibeanjelly","p2id":"mikeyuwu","formatid":"gen9doublesou","rating":1222,"private":0,"password":""}