{"id":"gen9doublesou-1982188078","p1":"mikeyuwu","p2":"ballersume","format":"[Gen 9] Doubles OU","log":"|j|\u2606mikeyuwu\n|j|\u2606ballersume\n|t:|1698977092\n|gametype|doubles\n|player|p1|mikeyuwu|psychic-gen4|1185\n|player|p2|ballersume|silver|1206\n|teamsize|p1|6\n|teamsize|p2|6\n|gen|9\n|tier|[Gen 9] Doubles OU\n|rated|\n|rule|Species Clause: Limit one of each Pok\u00e9mon\n|rule|OHKO Clause: OHKO moves are banned\n|rule|Evasion Moves Clause: Evasion moves are banned\n|rule|Gravity Sleep Clause: The combination of sleep-inducing moves with imperfect accuracy and Gravity or Gigantamax Orbeetle are banned\n|rule|Endless Battle Clause: Forcing endless battles is banned\n|rule|HP Percentage Mod: HP is shown in percentages\n|clearpoke\n|poke|p1|Garchomp, M|\n|poke|p1|Tyranitar, F|\n|poke|p1|Vaporeon, F|\n|poke|p1|Toxicroak, M|\n|poke|p1|Pelipper, F|\n|poke|p1|Abomasnow, M|\n|poke|p2|Ogerpon-Cornerstone, F|\n|poke|p2|Sinistcha-Masterpiece|\n|poke|p2|Glimmora, M|\n|poke|p2|Chien-Pao|\n|poke|p2|Landorus-Therian, M|\n|poke|p2|Gholdengo|\n|teampreview\n|\n|t:|1698977104\n|start\n|switch|p1a: OTLHPM|Toxicroak, M|100\/100\n|switch|p1b: Cold Shoulder|Abomasnow, M, shiny|100\/100\n|switch|p2a: Sinistcha|Sinistcha-Masterpiece|100\/100\n|switch|p2b: Glimmora|Glimmora, M|100\/100\n|-weather|Snow|[from] ability: Snow Warning|[of] p1b: Cold Shoulder\n|turn|1\n|\n|t:|1698977116\n|move|p2b: Glimmora|Spikes|p1a: OTLHPM\n|-sidestart|p1: mikeyuwu|Spikes\n|move|p1a: OTLHPM|Earthquake|p2b: Glimmora|[spread] p1b,p2a,p2b\n|-resisted|p1b: Cold Shoulder\n|-resisted|p2a: Sinistcha\n|-supereffective|p2b: Glimmora\n|-damage|p1b: Cold Shoulder|94\/100\n|-damage|p2a: Sinistcha|89\/100\n|-damage|p2b: Glimmora|19\/100\n|-activate|p2b: Glimmora|ability: Toxic Debris\n|-sidestart|p1: mikeyuwu|move: Toxic Spikes\n|move|p1b: Cold Shoulder|Blizzard|p2b: Glimmora|[spread] p2a,p2b\n|-supereffective|p2a: Sinistcha\n|-damage|p2a: Sinistcha|43\/100\n|-damage|p2b: Glimmora|0 fnt\n|faint|p2b: Glimmora\n|move|p2a: Sinistcha|Trick Room|p2a: Sinistcha\n|-fieldstart|move: Trick Room|[of] p2a: Sinistcha\n|\n|-weather|Snow|[upkeep]\n|upkeep\n|\n|t:|1698977133\n|switch|p2b: Ogerpon|Ogerpon-Cornerstone, F|100\/100\n|turn|2\n|\n|t:|1698977146\n|switch|p1b: Weather War|Pelipper, F|100\/100\n|-weather|RainDance|[from] ability: Drizzle|[of] p1b: Weather War\n|move|p2b: Ogerpon|Spiky Shield|p2b: Ogerpon\n|-singleturn|p2b: Ogerpon|move: Protect\n|move|p2a: Sinistcha|Matcha Gotcha|p1a: OTLHPM|[spread] p1a,p1b\n|-resisted|p1a: OTLHPM\n|-damage|p1a: OTLHPM|86\/100\n|-heal|p2a: Sinistcha|50\/100|[from] drain|[of] p1a: OTLHPM\n|-damage|p1b: Weather War|63\/100\n|-heal|p2a: Sinistcha|68\/100|[from] drain|[of] p1b: Weather War\n|-status|p1b: Weather War|brn\n|move|p1a: OTLHPM|Drain Punch|p2b: Ogerpon\n|-activate|p2b: Ogerpon|move: Protect\n|-damage|p1a: OTLHPM|73\/100|[from] Spiky Shield|[of] p2b: Ogerpon\n|\n|-weather|RainDance|[upkeep]\n|-heal|p1a: OTLHPM|86\/100|[from] ability: Dry Skin\n|-heal|p1a: OTLHPM|92\/100|[from] item: Black Sludge\n|-damage|p1b: Weather War|57\/100 brn|[from] brn\n|upkeep\n|turn|3\n|\n|t:|1698977171\n|switch|p1a: Harmacy|Vaporeon, F|100\/100\n|-damage|p1a: Harmacy|88\/100|[from] Spikes\n|-status|p1a: Harmacy|psn\n|move|p1b: Weather War|Hurricane|p2a: Sinistcha\n|-supereffective|p2a: Sinistcha\n|-damage|p2a: Sinistcha|5\/100\n|-start|p2a: Sinistcha|confusion\n|-enditem|p2a: Sinistcha|Wiki Berry|[eat]\n|-heal|p2a: Sinistcha|38\/100|[from] item: Wiki Berry\n|-activate|p2a: Sinistcha|confusion\n|move|p2a: Sinistcha|Strength Sap|p1a: Harmacy\n|-unboost|p1a: Harmacy|atk|1\n|-heal|p2a: Sinistcha|81\/100\n|move|p2b: Ogerpon|Ivy Cudgel|p1b: Weather War\n|-supereffective|p1b: Weather War\n|-damage|p1b: Weather War|0 fnt\n|faint|p1b: Weather War\n|\n|-weather|RainDance|[upkeep]\n|-activate|p1a: Harmacy|ability: Hydration\n|-curestatus|p1a: Harmacy|psn|[msg]\n|-heal|p1a: Harmacy|94\/100|[from] item: Leftovers\n|upkeep\n|\n|t:|1698977188\n|switch|p1b: OTLHPM|Toxicroak, M|92\/100\n|-damage|p1b: OTLHPM|80\/100|[from] Spikes\n|-sideend|p1: mikeyuwu|move: Toxic Spikes|[of] p1b: OTLHPM\n|turn|4\n|\n|t:|1698977213\n|switch|p1b: Cold Shoulder|Abomasnow, M, shiny|94\/100\n|-damage|p1b: Cold Shoulder|82\/100|[from] Spikes\n|-weather|Snow|[from] ability: Snow Warning|[of] p1b: Cold Shoulder\n|move|p2b: Ogerpon|Spiky Shield|p2b: Ogerpon\n|-singleturn|p2b: Ogerpon|move: Protect\n|move|p1a: Harmacy|Weather Ball|p2a: Sinistcha\n|-supereffective|p2a: Sinistcha\n|-damage|p2a: Sinistcha|38\/100\n|-activate|p2a: Sinistcha|confusion\n|-damage|p2a: Sinistcha|34\/100|[from] confusion\n|\n|-weather|Snow|[upkeep]\n|-heal|p1a: Harmacy|99\/100|[from] item: Leftovers\n|upkeep\n|turn|5\n|\n|t:|1698977242\n|switch|p1a: OTLHPM|Toxicroak, M|80\/100\n|-damage|p1a: OTLHPM|67\/100|[from] Spikes\n|move|p2b: Ogerpon|Follow Me|p2b: Ogerpon\n|-singleturn|p2b: Ogerpon|move: Follow Me\n|move|p1b: Cold Shoulder|Blizzard|p2b: Ogerpon|[spread] p2a,p2b\n|-supereffective|p2a: Sinistcha\n|-supereffective|p2b: Ogerpon\n|-damage|p2a: Sinistcha|0 fnt\n|-damage|p2b: Ogerpon|43\/100\n|faint|p2a: Sinistcha\n|\n|-weather|Snow|[upkeep]\n|-heal|p1a: OTLHPM|73\/100|[from] item: Black Sludge\n|-fieldend|move: Trick Room\n|upkeep\n|\n|t:|1698977255\n|switch|p2a: Chien-Pao|Chien-Pao|100\/100\n|-ability|p2a: Chien-Pao|Sword of Ruin\n|turn|6\n|\n|t:|1698977268\n|switch|p1b: Extra Spicy|Garchomp, M|100\/100\n|-damage|p1b: Extra Spicy|88\/100|[from] Spikes\n|move|p2a: Chien-Pao|Psychic Fangs|p1a: OTLHPM\n|-supereffective|p1a: OTLHPM\n|-damage|p1a: OTLHPM|0 fnt\n|faint|p1a: OTLHPM\n|move|p2b: Ogerpon|Ivy Cudgel|p1b: Extra Spicy\n|-resisted|p1b: Extra Spicy\n|-damage|p1b: Extra Spicy|67\/100\n|\n|-weather|Snow|[upkeep]\n|upkeep\n|\n|t:|1698977293\n|switch|p1a: Harmacy|Vaporeon, F|99\/100\n|-damage|p1a: Harmacy|88\/100|[from] Spikes\n|turn|7\n|\n|t:|1698977313\n|switch|p1b: ThcrThnSnkr|Tyranitar, F|100\/100\n|-damage|p1b: ThcrThnSnkr|88\/100|[from] Spikes\n|-weather|Sandstorm|[from] ability: Sand Stream|[of] p1b: ThcrThnSnkr\n|-terastallize|p2a: Chien-Pao|Psychic\n|move|p2b: Ogerpon|Spiky Shield|p2b: Ogerpon\n|-singleturn|p2b: Ogerpon|move: Protect\n|move|p2a: Chien-Pao|Crunch|p1b: ThcrThnSnkr\n|-resisted|p1b: ThcrThnSnkr\n|-damage|p1b: ThcrThnSnkr|61\/100\n|move|p1a: Harmacy|Weather Ball|p2a: Chien-Pao\n|-damage|p2a: Chien-Pao|74\/100\n|\n|-weather|Sandstorm|[upkeep]\n|-damage|p2a: Chien-Pao|68\/100|[from] Sandstorm\n|-damage|p1a: Harmacy|82\/100|[from] Sandstorm\n|-heal|p1a: Harmacy|88\/100|[from] item: Leftovers\n|upkeep\n|turn|8\n|\n|t:|1698977335\n|switch|p1b: Extra Spicy|Garchomp, M|67\/100\n|-damage|p1b: Extra Spicy|55\/100|[from] Spikes\n|move|p2b: Ogerpon|Follow Me|p2b: Ogerpon\n|-singleturn|p2b: Ogerpon|move: Follow Me\n|move|p2a: Chien-Pao|Sacred Sword|p1b: Extra Spicy\n|-damage|p1b: Extra Spicy|32\/100\n|-damage|p2a: Chien-Pao|55\/100|[from] ability: Rough Skin|[of] p1b: Extra Spicy\n|-damage|p2a: Chien-Pao|39\/100|[from] item: Rocky Helmet|[of] p1b: Extra Spicy\n|move|p1a: Harmacy|Icy Wind|p2b: Ogerpon|[spread] p2a,p2b\n|-supereffective|p2b: Ogerpon\n|-damage|p2a: Chien-Pao|27\/100\n|-damage|p2b: Ogerpon|30\/100\n|-unboost|p2a: Chien-Pao|spe|1\n|-unboost|p2b: Ogerpon|spe|1\n|\n|-weather|Sandstorm|[upkeep]\n|-damage|p2a: Chien-Pao|21\/100|[from] Sandstorm\n|-damage|p1a: Harmacy|82\/100|[from] Sandstorm\n|-heal|p1a: Harmacy|88\/100|[from] item: Leftovers\n|upkeep\n|turn|9\n|\n|t:|1698977358\n|switch|p2a: Landorus|Landorus-Therian, M|100\/100\n|-ability|p2a: Landorus|Intimidate|boost\n|-unboost|p1a: Harmacy|atk|1\n|-unboost|p1b: Extra Spicy|atk|1\n|move|p1b: Extra Spicy|Earthquake|p2b: Ogerpon|[spread] p1a,p2b\n|-immune|p2a: Landorus\n|-damage|p1a: Harmacy|73\/100\n|-damage|p2b: Ogerpon|10\/100\n|move|p2b: Ogerpon|Horn Leech|p1a: Harmacy\n|-supereffective|p1a: Harmacy\n|-damage|p1a: Harmacy|21\/100\n|-heal|p2b: Ogerpon|50\/100|[from] drain|[of] p1a: Harmacy\n|move|p1a: Harmacy|Icy Wind|p2b: Ogerpon|[spread] p2a,p2b\n|-supereffective|p2a: Landorus\n|-supereffective|p2b: Ogerpon\n|-damage|p2a: Landorus|45\/100\n|-damage|p2b: Ogerpon|36\/100\n|-unboost|p2a: Landorus|spe|1\n|-unboost|p2b: Ogerpon|spe|1\n|\n|-weather|Sandstorm|[upkeep]\n|-damage|p1a: Harmacy|15\/100|[from] Sandstorm\n|-heal|p1a: Harmacy|21\/100|[from] item: Leftovers\n|upkeep\n|turn|10\n|\n|t:|1698977386\n|move|p2b: Ogerpon|Follow Me|p2b: Ogerpon\n|-singleturn|p2b: Ogerpon|move: Follow Me\n|move|p2a: Landorus|Rock Slide|p1a: Harmacy|[spread] p1a,p1b\n|-resisted|p1b: Extra Spicy\n|-damage|p1a: Harmacy|4\/100\n|-damage|p1b: Extra Spicy|25\/100\n|move|p1b: Extra Spicy|Poison Jab|p2b: Ogerpon\n|-damage|p2b: Ogerpon|22\/100\n|cant|p1a: Harmacy|flinch\n|\n|-weather|Sandstorm|[upkeep]\n|-damage|p1a: Harmacy|0 fnt|[from] Sandstorm\n|faint|p1a: Harmacy\n|upkeep\n|\n|t:|1698977422\n|switch|p1a: Cold Shoulder|Abomasnow, M, shiny|82\/100\n|-damage|p1a: Cold Shoulder|69\/100|[from] Spikes\n|-weather|Snow|[from] ability: Snow Warning|[of] p1a: Cold Shoulder\n|turn|11\n|\n|t:|1698977434\n|switch|p2a: Gholdengo|Gholdengo|100\/100\n|move|p2b: Ogerpon|Spiky Shield|p2b: Ogerpon\n|-singleturn|p2b: Ogerpon|move: Protect\n|move|p1b: Extra Spicy|Poison Jab|p2b: Ogerpon\n|-activate|p2b: Ogerpon|move: Protect\n|-damage|p1b: Extra Spicy|13\/100|[from] Spiky Shield|[of] p2b: Ogerpon\n|move|p1a: Cold Shoulder|Blizzard|p2b: Ogerpon|[spread] p2a\n|-activate|p2b: Ogerpon|move: Protect\n|-resisted|p2a: Gholdengo\n|-damage|p2a: Gholdengo|82\/100\n|-status|p2a: Gholdengo|frz\n|\n|-weather|Snow|[upkeep]\n|upkeep\n|turn|12\n|\n|t:|1698977466\n|switch|p2a: Chien-Pao|Chien-Pao, tera:Psychic|21\/100\n|-ability|p2a: Chien-Pao|Sword of Ruin\n|move|p1b: Extra Spicy|Earthquake|p2b: Ogerpon|[spread] p1a,p2a,p2b\n|-resisted|p1a: Cold Shoulder\n|-damage|p1a: Cold Shoulder|60\/100\n|-damage|p2a: Chien-Pao|0 fnt\n|-damage|p2b: Ogerpon|0 fnt\n|faint|p2a: Chien-Pao\n|faint|p2b: Ogerpon\n|move|p1a: Cold Shoulder|Blizzard|p2: Chien-Pao|[notarget]\n|-fail|p1a: Cold Shoulder\n|\n|-weather|Snow|[upkeep]\n|upkeep\n|\n|t:|1698977478\n|switch|p2a: Gholdengo|Gholdengo|82\/100 frz\n|switch|p2b: Landorus|Landorus-Therian, M|45\/100\n|-ability|p2b: Landorus|Intimidate|boost\n|-unboost|p1a: Cold Shoulder|atk|1\n|-unboost|p1b: Extra Spicy|atk|1\n|turn|13\n|\n|t:|1698977497\n|move|p2b: Landorus|Rock Slide|p1b: Extra Spicy|[spread] p1a,p1b\n|-supereffective|p1a: Cold Shoulder\n|-resisted|p1b: Extra Spicy\n|-damage|p1a: Cold Shoulder|37\/100\n|-damage|p1b: Extra Spicy|6\/100\n|cant|p2a: Gholdengo|frz\n|cant|p1b: Extra Spicy|flinch\n|move|p1a: Cold Shoulder|Blizzard|p2a: Gholdengo|[spread] p2a,p2b\n|-resisted|p2a: Gholdengo\n|-supereffective|p2b: Landorus\n|-damage|p2a: Gholdengo|65\/100 frz\n|-damage|p2b: Landorus|0 fnt\n|faint|p2b: Landorus\n|\n|-weather|Snow|[upkeep]\n|upkeep\n|turn|14\n|c|\u2606ballersume|um\n|\n|t:|1698977520\n|switch|p1a: ThcrThnSnkr|Tyranitar, F|61\/100\n|-damage|p1a: ThcrThnSnkr|49\/100|[from] Spikes\n|-weather|Sandstorm|[from] ability: Sand Stream|[of] p1a: ThcrThnSnkr\n|cant|p2a: Gholdengo|frz\n|move|p1b: Extra Spicy|Liquidation|p2a: Gholdengo\n|-damage|p2a: Gholdengo|52\/100 frz\n|\n|-weather|Sandstorm|[upkeep]\n|upkeep\n|turn|15\n|\n|t:|1698977533\n|cant|p2a: Gholdengo|frz\n|move|p1b: Extra Spicy|Liquidation|p2a: Gholdengo\n|-damage|p2a: Gholdengo|37\/100 frz\n|move|p1a: ThcrThnSnkr|Knock Off|p2a: Gholdengo\n|-supereffective|p2a: Gholdengo\n|-damage|p2a: Gholdengo|0 fnt\n|-enditem|p2a: Gholdengo|Toxic Orb|[from] move: Knock Off|[of] p1a: ThcrThnSnkr\n|faint|p2a: Gholdengo\n|\n|win|mikeyuwu\n|raw|mikeyuwu's rating: 1185 &rarr; <strong>1212<\/strong><br \/>(+27 for winning)\n|raw|ballersume's rating: 1206 &rarr; <strong>1179<\/strong><br \/>(-27 for losing)\n|l|\u2606ballersume\n","uploadtime":1698977553,"views":16,"p1id":"mikeyuwu","p2id":"ballersume","formatid":"gen9doublesou","rating":1179,"private":0,"password":""}