{"id":"gen9doublesou-1997914430","p1":"Prob63","p2":"Blue Syrius","format":"[Gen 9] Doubles OU","log":"|j|\u2606Prob63\n|j|\u2606Blue Syrius\n|t:|1700866884\n|gametype|doubles\n|player|p1|Prob63|cynthia|1333\n|player|p2|Blue Syrius|ninjaboy|1362\n|teamsize|p1|6\n|teamsize|p2|6\n|gen|9\n|tier|[Gen 9] Doubles OU\n|rated|\n|rule|Species Clause: Limit one of each Pok\u00e9mon\n|rule|OHKO Clause: OHKO moves are banned\n|rule|Evasion Moves Clause: Evasion moves are banned\n|rule|Gravity Sleep Clause: The combination of sleep-inducing moves with imperfect accuracy and Gravity or Gigantamax Orbeetle are banned\n|rule|Endless Battle Clause: Forcing endless battles is banned\n|rule|HP Percentage Mod: HP is shown in percentages\n|clearpoke\n|poke|p1|Gholdengo|\n|poke|p1|Sneasler, M|\n|poke|p1|Rillaboom, M|\n|poke|p1|Ursaluna-Bloodmoon, M|\n|poke|p1|Sinistcha-Masterpiece|\n|poke|p1|Heatran, F|\n|poke|p2|Landorus, M|\n|poke|p2|Tornadus, M|\n|poke|p2|Politoed, F|\n|poke|p2|Iron Hands|\n|poke|p2|Sinistcha|\n|poke|p2|Ogerpon-Wellspring, F|\n|teampreview\n|inactive|Battle timer is ON: inactive players will automatically lose when time's up. (requested by Prob63)\n|\n|t:|1700866896\n|start\n|switch|p1a: Rillaboom|Rillaboom, M|100\/100\n|switch|p1b: Heatran|Heatran, F|100\/100\n|switch|p2a: Iron Hands|Iron Hands|100\/100\n|switch|p2b: Sinistcha|Sinistcha|100\/100\n|-fieldstart|move: Grassy Terrain|[from] ability: Grassy Surge|[of] p1a: Rillaboom\n|turn|1\n|\n|t:|1700866912\n|move|p1a: Rillaboom|Fake Out|p2a: Iron Hands\n|-damage|p2a: Iron Hands|91\/100\n|cant|p2a: Iron Hands|flinch\n|move|p2b: Sinistcha|Strength Sap|p1a: Rillaboom\n|-unboost|p1a: Rillaboom|atk|1\n|move|p1b: Heatran|Heat Wave|p2b: Sinistcha|[spread] p2a,p2b\n|-supereffective|p2b: Sinistcha\n|-damage|p2a: Iron Hands|64\/100\n|-damage|p2b: Sinistcha|10\/100\n|-status|p2b: Sinistcha|brn\n|-enditem|p2b: Sinistcha|Sitrus Berry|[eat]\n|-heal|p2b: Sinistcha|35\/100 brn|[from] item: Sitrus Berry\n|\n|-heal|p2b: Sinistcha|41\/100 brn|[from] Grassy Terrain\n|-heal|p2a: Iron Hands|70\/100|[from] Grassy Terrain\n|-damage|p2b: Sinistcha|35\/100 brn|[from] brn\n|upkeep\n|turn|2\n|inactive|Prob63 has 120 seconds left.\n|inactive|Blue Syrius has 120 seconds left.\n|\n|t:|1700866956\n|move|p1a: Rillaboom|Grassy Glide|p2a: Iron Hands\n|-damage|p2a: Iron Hands|53\/100\n|move|p2b: Sinistcha|Strength Sap|p1a: Rillaboom\n|-unboost|p1a: Rillaboom|atk|1\n|-heal|p2b: Sinistcha|100\/100 brn\n|move|p1b: Heatran|Earth Power|p2a: Iron Hands\n|-supereffective|p2a: Iron Hands\n|-damage|p2a: Iron Hands|10\/100\n|-unboost|p2a: Iron Hands|spd|1\n|move|p2a: Iron Hands|Drain Punch|p1b: Heatran\n|-supereffective|p1b: Heatran\n|-damage|p1b: Heatran|24\/100\n|-heal|p2a: Iron Hands|39\/100|[from] drain|[of] p1b: Heatran\n|\n|-heal|p1b: Heatran|30\/100|[from] Grassy Terrain\n|-heal|p2a: Iron Hands|45\/100|[from] Grassy Terrain\n|-damage|p2b: Sinistcha|94\/100 brn|[from] brn\n|upkeep\n|turn|3\n|c|\u2606Prob63|bruh\n|c|\u2606Prob63|fucking die\n|inactive|Prob63 has 120 seconds left.\n|inactive|Blue Syrius has 120 seconds left.\n|\n|t:|1700866989\n|switch|p1a: String Cheese|Gholdengo|100\/100\n|switch|p1b: Sinistcha|Sinistcha-Masterpiece|100\/100\n|-end|p2a: Iron Hands|Quark Drive|[silent]\n|switch|p2a: Tornadus|Tornadus, M|100\/100\n|move|p2b: Sinistcha|Rage Powder|p2b: Sinistcha\n|-singleturn|p2b: Sinistcha|move: Rage Powder\n|\n|-heal|p2b: Sinistcha|100\/100 brn|[from] Grassy Terrain\n|-damage|p2b: Sinistcha|94\/100 brn|[from] brn\n|upkeep\n|turn|4\n|inactive|Prob63 has 120 seconds left.\n|\n|t:|1700867013\n|switch|p2b: Politoed|Politoed, F, shiny|100\/100\n|-weather|RainDance|[from] ability: Drizzle|[of] p2b: Politoed\n|move|p2a: Tornadus|Bleakwind Storm|p1b: Sinistcha|[spread] p1a,p1b\n|-resisted|p1a: String Cheese\n|-supereffective|p1b: Sinistcha\n|-damage|p1a: String Cheese|78\/100\n|-damage|p1b: Sinistcha|7\/100\n|move|p1a: String Cheese|Shadow Ball|p2b: Politoed\n|-crit|p2b: Politoed\n|-damage|p2b: Politoed|45\/100\n|-damage|p1a: String Cheese|68\/100|[from] item: Life Orb\n|move|p1b: Sinistcha|Matcha Gotcha|p2a: Tornadus|[spread] p2a,p2b\n|-resisted|p2a: Tornadus\n|-supereffective|p2b: Politoed\n|-damage|p2a: Tornadus|80\/100\n|-heal|p1b: Sinistcha|16\/100|[from] drain|[of] p2a: Tornadus\n|-damage|p2b: Politoed|7\/100\n|-heal|p1b: Sinistcha|37\/100|[from] drain|[of] p2b: Politoed\n|-status|p2b: Politoed|brn\n|\n|-weather|RainDance|[upkeep]\n|-heal|p1a: String Cheese|74\/100|[from] Grassy Terrain\n|-heal|p1b: Sinistcha|43\/100|[from] Grassy Terrain\n|-heal|p2b: Politoed|13\/100 brn|[from] Grassy Terrain\n|-heal|p1b: Sinistcha|49\/100|[from] item: Leftovers\n|-damage|p2b: Politoed|7\/100 brn|[from] brn\n|upkeep\n|turn|5\n|inactive|Prob63 has 120 seconds left.\n|inactive|Blue Syrius has 120 seconds left.\n|\n|t:|1700867055\n|switch|p2b: Iron Hands|Iron Hands|45\/100\n|-terastallize|p2a: Tornadus|Dark\n|move|p1b: Sinistcha|Protect|p1b: Sinistcha\n|-singleturn|p1b: Sinistcha|Protect\n|move|p2a: Tornadus|Dark Pulse|p1a: String Cheese\n|-supereffective|p1a: String Cheese\n|-damage|p1a: String Cheese|0 fnt\n|faint|p1a: String Cheese\n|\n|-weather|RainDance|[upkeep]\n|-heal|p2a: Tornadus|86\/100|[from] Grassy Terrain\n|-heal|p1b: Sinistcha|55\/100|[from] Grassy Terrain\n|-heal|p1b: Sinistcha|61\/100|[from] item: Leftovers\n|-heal|p2b: Iron Hands|51\/100|[from] Grassy Terrain\n|-fieldend|move: Grassy Terrain\n|upkeep\n|inactive|Prob63 has 90 seconds left.\n|\n|t:|1700867086\n|switch|p1a: Rillaboom|Rillaboom, M|100\/100\n|-fieldstart|move: Grassy Terrain|[from] ability: Grassy Surge|[of] p1a: Rillaboom\n|turn|6\n|inactive|Blue Syrius has 120 seconds left.\n|\n|t:|1700867108\n|switch|p2a: Sinistcha|Sinistcha|94\/100 brn\n|-heal|p2b: Iron Hands|76\/100|[from] ability: Hospitality|[of] p2a: Sinistcha\n|move|p1a: Rillaboom|Fake Out|p2b: Iron Hands\n|-damage|p2b: Iron Hands|66\/100\n|move|p1b: Sinistcha|Matcha Gotcha|p2b: Iron Hands|[spread] p2a,p2b\n|-resisted|p2a: Sinistcha\n|-damage|p2a: Sinistcha|76\/100 brn\n|-heal|p1b: Sinistcha|70\/100|[from] drain|[of] p2a: Sinistcha\n|-damage|p2b: Iron Hands|48\/100\n|-heal|p1b: Sinistcha|84\/100|[from] drain|[of] p2b: Iron Hands\n|cant|p2b: Iron Hands|flinch\n|\n|-weather|RainDance|[upkeep]\n|-heal|p2a: Sinistcha|82\/100 brn|[from] Grassy Terrain\n|-heal|p1b: Sinistcha|90\/100|[from] Grassy Terrain\n|-heal|p1b: Sinistcha|96\/100|[from] item: Leftovers\n|-heal|p2b: Iron Hands|54\/100|[from] Grassy Terrain\n|-damage|p2a: Sinistcha|76\/100 brn|[from] brn\n|upkeep\n|turn|7\n|inactive|Blue Syrius has 120 seconds left.\n|\n|t:|1700867141\n|move|p1b: Sinistcha|Rage Powder|p1b: Sinistcha\n|-singleturn|p1b: Sinistcha|move: Rage Powder\n|move|p1a: Rillaboom|Grassy Glide|p2b: Iron Hands\n|-damage|p2b: Iron Hands|28\/100\n|move|p2a: Sinistcha|Strength Sap|p1a: Rillaboom\n|-unboost|p1a: Rillaboom|atk|1\n|-heal|p2a: Sinistcha|100\/100 brn\n|move|p2b: Iron Hands|Volt Switch|p1b: Sinistcha\n|-resisted|p1b: Sinistcha\n|-damage|p1b: Sinistcha|89\/100\n|\n|t:|1700867156\n|-end|p2b: Iron Hands|Quark Drive|[silent]\n|switch|p2b: Tornadus|Tornadus, M, tera:Dark|86\/100|[from] Volt Switch\n|\n|-weather|RainDance|[upkeep]\n|-heal|p2b: Tornadus|92\/100|[from] Grassy Terrain\n|-heal|p1b: Sinistcha|95\/100|[from] Grassy Terrain\n|-heal|p1b: Sinistcha|100\/100|[from] item: Leftovers\n|-damage|p2a: Sinistcha|94\/100 brn|[from] brn\n|upkeep\n|turn|8\n|inactive|Prob63 has 120 seconds left.\n|inactive|Blue Syrius has 120 seconds left.\n|\n|t:|1700867171\n|move|p1a: Rillaboom|Grassy Glide|p2b: Tornadus\n|-damage|p2b: Tornadus|53\/100\n|move|p2b: Tornadus|Bleakwind Storm|p1b: Sinistcha|[spread] p1a,p1b\n|-supereffective|p1a: Rillaboom\n|-supereffective|p1b: Sinistcha\n|-damage|p1a: Rillaboom|38\/100\n|-damage|p1b: Sinistcha|16\/100\n|-unboost|p1a: Rillaboom|spe|1\n|move|p1b: Sinistcha|Matcha Gotcha|p2a: Sinistcha|[spread] p2a,p2b\n|-resisted|p2a: Sinistcha\n|-damage|p2a: Sinistcha|74\/100 brn\n|-heal|p1b: Sinistcha|26\/100|[from] drain|[of] p2a: Sinistcha\n|-damage|p2b: Tornadus|14\/100\n|-heal|p1b: Sinistcha|43\/100|[from] drain|[of] p2b: Tornadus\n|move|p2a: Sinistcha|Nasty Plot|p2a: Sinistcha\n|-boost|p2a: Sinistcha|spa|2\n|\n|-weather|RainDance|[upkeep]\n|-heal|p2b: Tornadus|20\/100|[from] Grassy Terrain\n|-heal|p1b: Sinistcha|49\/100|[from] Grassy Terrain\n|-heal|p2a: Sinistcha|81\/100 brn|[from] Grassy Terrain\n|-heal|p1b: Sinistcha|55\/100|[from] item: Leftovers\n|-heal|p1a: Rillaboom|44\/100|[from] Grassy Terrain\n|-damage|p2a: Sinistcha|74\/100 brn|[from] brn\n|upkeep\n|turn|9\n|inactive|Blue Syrius has 120 seconds left.\n|\n|t:|1700867205\n|switch|p2b: Iron Hands|Iron Hands|28\/100\n|move|p1a: Rillaboom|Grassy Glide|p2b: Iron Hands\n|-damage|p2b: Iron Hands|11\/100\n|move|p2a: Sinistcha|Matcha Gotcha|p1b: Sinistcha|[spread] p1a,p1b\n|-resisted|p1a: Rillaboom\n|-resisted|p1b: Sinistcha\n|-damage|p1a: Rillaboom|12\/100\n|-heal|p2a: Sinistcha|94\/100 brn|[from] drain|[of] p1a: Rillaboom\n|-damage|p1b: Sinistcha|6\/100\n|-heal|p2a: Sinistcha|100\/100 brn|[from] drain|[of] p1b: Sinistcha\n|-status|p1b: Sinistcha|brn\n|move|p1b: Sinistcha|Life Dew|p1b: Sinistcha|[spread] p1a,p1b\n|-heal|p1a: Rillaboom|37\/100\n|-heal|p1b: Sinistcha|31\/100 brn\n|\n|-weather|RainDance|[upkeep]\n|-heal|p1b: Sinistcha|37\/100 brn|[from] Grassy Terrain\n|-heal|p1b: Sinistcha|44\/100 brn|[from] item: Leftovers\n|-heal|p1a: Rillaboom|43\/100|[from] Grassy Terrain\n|-heal|p2b: Iron Hands|17\/100|[from] Grassy Terrain\n|-damage|p2a: Sinistcha|94\/100 brn|[from] brn\n|-damage|p1b: Sinistcha|37\/100 brn|[from] brn\n|upkeep\n|turn|10\n|inactive|Blue Syrius has 120 seconds left.\n|\n|t:|1700867230\n|move|p2b: Iron Hands|Fake Out|p1a: Rillaboom\n|-damage|p1a: Rillaboom|27\/100\n|cant|p1a: Rillaboom|flinch\n|move|p2a: Sinistcha|Matcha Gotcha|p1b: Sinistcha|[spread] p1a,p1b\n|-resisted|p1a: Rillaboom\n|-resisted|p1b: Sinistcha\n|-damage|p1a: Rillaboom|0 fnt\n|-heal|p2a: Sinistcha|100\/100 brn|[from] drain|[of] p1a: Rillaboom\n|-damage|p1b: Sinistcha|0 fnt\n|faint|p1a: Rillaboom\n|faint|p1b: Sinistcha\n|\n|-weather|RainDance|[upkeep]\n|-heal|p2b: Iron Hands|23\/100|[from] Grassy Terrain\n|-damage|p2a: Sinistcha|94\/100 brn|[from] brn\n|-fieldend|move: Grassy Terrain\n|upkeep\n|\n|t:|1700867241\n|switch|p1a: the Snizzler|Sneasler, M|100\/100\n|switch|p1b: hur hur hur|Ursaluna-Bloodmoon, M|100\/100\n|turn|11\n|\n|t:|1700867259\n|move|p1a: the Snizzler|Dire Claw|p2b: Iron Hands\n|-damage|p2b: Iron Hands|0 fnt\n|faint|p2b: Iron Hands\n|-end|p2b: Iron Hands|Quark Drive|[silent]\n|move|p2a: Sinistcha|Matcha Gotcha|p1b: hur hur hur|[spread] p1a,p1b\n|-resisted|p1a: the Snizzler\n|-supereffective|p1b: hur hur hur\n|-damage|p1a: the Snizzler|54\/100\n|-heal|p2a: Sinistcha|100\/100 brn|[from] drain|[of] p1a: the Snizzler\n|-damage|p1b: hur hur hur|0 fnt\n|faint|p1b: hur hur hur\n|\n|-weather|none\n|-damage|p2a: Sinistcha|94\/100 brn|[from] brn\n|upkeep\n|-message|Prob63 forfeited.\n|\n|win|Blue Syrius\n|raw|Prob63's rating: 1333 &rarr; <strong>1315<\/strong><br \/>(-18 for losing)\n|raw|Blue Syrius's rating: 1362 &rarr; <strong>1380<\/strong><br \/>(+18 for winning)\n|l|\u2606Prob63\n","uploadtime":1700866971,"views":1,"p1id":"prob63","p2id":"bluesyrius","formatid":"gen9doublesou","rating":1315,"private":0,"password":""}