{"id":"gen9doublesou-1967976527","p1":"Rufflet_Rowlet","p2":"Windyligth","format":"[Gen 9] Doubles OU","log":"|html|<div class=\"broadcast-blue\"><strong>[Gen 9] Doubles OU is currently suspecting Basculegion & Flutter Mane! For information on how to participate check out the <a href=\"https:\/\/www.smogon.com\/forums\/threads\/np-sv-dou-stage-8-double-trouble.3729153\/\">suspect thread<\/a>.<\/strong><\/div>\n|j|\u2606Rufflet_Rowlet\n|j|\u2606Windyligth\n|t:|1697368442\n|gametype|doubles\n|player|p1|Rufflet_Rowlet|darach-caitlin|1178\n|player|p2|Windyligth|265|1073\n|teamsize|p1|6\n|teamsize|p2|6\n|gen|9\n|tier|[Gen 9] Doubles OU\n|rated|\n|rule|Species Clause: Limit one of each Pok\u00e9mon\n|rule|OHKO Clause: OHKO moves are banned\n|rule|Evasion Moves Clause: Evasion moves are banned\n|rule|Gravity Sleep Clause: The combination of sleep-inducing moves with imperfect accuracy and Gravity or Gigantamax Orbeetle are banned\n|rule|Endless Battle Clause: Forcing endless battles is banned\n|rule|HP Percentage Mod: HP is shown in percentages\n|clearpoke\n|poke|p1|Samurott-Hisui, F|\n|poke|p1|Flutter Mane|\n|poke|p1|Palafin, M|\n|poke|p1|Regidrago|\n|poke|p1|Pelipper, F|\n|poke|p1|Sneasler, F|\n|poke|p2|Iron Hands|\n|poke|p2|Diancie|\n|poke|p2|Heatran, M|\n|poke|p2|Bronzong|\n|poke|p2|Cacturne, M|\n|poke|p2|Sinistcha|\n|teampreview\n|\n|t:|1697368455\n|start\n|switch|p1a: Sneasler|Sneasler, F|100\/100\n|switch|p1b: Samurott|Samurott-Hisui, F|100\/100\n|switch|p2a: Cuauht\u00e9moc|Diancie|100\/100\n|switch|p2b: Motecuhzoma|Heatran, M, shiny|100\/100\n|turn|1\n|inactive|Battle timer is ON: inactive players will automatically lose when time's up. (requested by Rufflet_Rowlet)\n|inactive|Windyligth has 120 seconds left.\n|c|\u2606Windyligth|gen 5 starter is water dark type now?\n|inactive|Windyligth has 90 seconds left.\n|c|\u2606Windyligth|wow\n|c|\u2606Windyligth|stuff yall did fucked this game right up huh?\n|c|\u2606Rufflet_Rowlet|this is um\n|c|\u2606Rufflet_Rowlet|a hisuin form\n|inactive|Windyligth has 60 seconds left.\n|\n|t:|1697368548\n|-terastallize|p2a: Cuauht\u00e9moc|Poison\n|move|p1a: Sneasler|Fake Out|p2a: Cuauht\u00e9moc\n|-damage|p2a: Cuauht\u00e9moc|86\/100\n|-damage|p1a: Sneasler|91\/100|[from] item: Life Orb\n|move|p1b: Samurott|Aqua Cutter|p2b: Motecuhzoma\n|-supereffective|p2b: Motecuhzoma\n|-damage|p2b: Motecuhzoma|22\/100\n|move|p2b: Motecuhzoma|Will-O-Wisp|p1b: Samurott\n|-status|p1b: Samurott|brn\n|cant|p2a: Cuauht\u00e9moc|flinch\n|\n|-heal|p2b: Motecuhzoma|28\/100|[from] item: Leftovers\n|-damage|p1b: Samurott|94\/100 brn|[from] brn\n|upkeep\n|turn|2\n|c|\u2606Rufflet_Rowlet|ah\n|c|\u2606Windyligth|excuse me?\n|c|\u2606Rufflet_Rowlet|will-o-wisp heatran?\n|c|\u2606Windyligth|a what?\n|inactive|Windyligth has 120 seconds left.\n|c|\u2606Rufflet_Rowlet|hisuin form\n|inactive|Rufflet_Rowlet has 120 seconds left.\n|c|\u2606Windyligth|Is that not common in gen 9?\n|c|\u2606Windyligth|Back then we used it to stop physical threats\n|c|\u2606Rufflet_Rowlet|nope\n|inactive|Windyligth has 90 seconds left.\n|c|\u2606Rufflet_Rowlet|in gen 9\n|c|\u2606Windyligth|Heatran was for special defense\n|c|\u2606Rufflet_Rowlet|heatran is all tera grass trick room eruption\n|c|\u2606Windyligth|Wow gross\n|c|\u2606Rufflet_Rowlet|now hes a special sweeper under trickroom\n|inactive|Windyligth has 60 seconds left.\n|c|\u2606Rufflet_Rowlet|people usually pair him with torkal as well\n|c|\u2606Windyligth|give me a sec\n|c|\u2606Rufflet_Rowlet|alr bett\n|inactiveoff|Battle timer is now OFF.\n|c|\u2606Windyligth|Im not from your time treat me as a dinosaur\n|\n|t:|1697368679\n|switch|p1a: Pelipper|Pelipper, F|100\/100\n|-weather|RainDance|[from] ability: Drizzle|[of] p1a: Pelipper\n|switch|p2a: Nezahualcoyotol|Bronzong, shiny|100\/100\n|move|p2b: Motecuhzoma|Protect|p2b: Motecuhzoma\n|-singleturn|p2b: Motecuhzoma|Protect\n|move|p1b: Samurott|Aqua Cutter|p2b: Motecuhzoma\n|-activate|p2b: Motecuhzoma|move: Protect\n|\n|-weather|RainDance|[upkeep]\n|-heal|p2b: Motecuhzoma|35\/100|[from] item: Leftovers\n|-damage|p1b: Samurott|88\/100 brn|[from] brn\n|upkeep\n|turn|3\n|c|\u2606Rufflet_Rowlet|okieokie\n|c|\u2606Rufflet_Rowlet|i assume you're a trick room team\n|\n|t:|1697368712\n|switch|p2b: Odenathus|Cacturne, M, shiny|100\/100\n|move|p1b: Samurott|Ceaseless Edge|p2a: Nezahualcoyotol\n|-supereffective|p2a: Nezahualcoyotol\n|-damage|p2a: Nezahualcoyotol|63\/100\n|-sidestart|p2: Windyligth|Spikes\n|move|p1a: Pelipper|Hydro Pump|p2b: Odenathus\n|-immune|p2b: Odenathus|[from] ability: Water Absorb\n|move|p2a: Nezahualcoyotol|Trick Room|p2a: Nezahualcoyotol\n|-fieldstart|move: Trick Room|[of] p2a: Nezahualcoyotol\n|\n|-weather|RainDance|[upkeep]\n|-damage|p1b: Samurott|82\/100 brn|[from] brn\n|upkeep\n|turn|4\n|c|\u2606Windyligth|assume correct\n|c|\u2606Rufflet_Rowlet|nice read btw\n|c|\u2606Windyligth|I played a lot in gen 5 and 6\n|c|\u2606Rufflet_Rowlet|ahh\n|c|\u2606Rufflet_Rowlet|i used to as well\n|c|\u2606Windyligth|Weather wars is my home\n|c|\u2606Rufflet_Rowlet|haha\n|c|\u2606Windyligth|I never used weather in weather wars back then\n|c|\u2606Windyligth|tho\n|c|\u2606Rufflet_Rowlet|we had terrains back then in gen 6 as well :p\n|c|\u2606Windyligth|I used TR\n|c|\u2606Rufflet_Rowlet|sorry 7\n|c|\u2606Windyligth|This new generation confuses me\n|c|\u2606Rufflet_Rowlet|oh yeah tr teams in gen 5 were really good\n|c|\u2606Rufflet_Rowlet|yeah terrastallisation makes things a bit wierd\n|\n|t:|1697368810\n|switch|p2b: Zenobia|Sinistcha|100\/100\n|-damage|p2b: Zenobia|88\/100|[from] Spikes\n|-heal|p2a: Nezahualcoyotol|88\/100|[from] ability: Hospitality|[of] p2b: Zenobia\n|move|p1b: Samurott|Protect|p1b: Samurott\n|-singleturn|p1b: Samurott|Protect\n|move|p2a: Nezahualcoyotol|Light Screen|p2a: Nezahualcoyotol\n|-sidestart|p2: Windyligth|move: Light Screen\n|move|p1a: Pelipper|Hurricane|p2b: Zenobia\n|-supereffective|p2b: Zenobia\n|-damage|p2b: Zenobia|27\/100\n|\n|-weather|RainDance|[upkeep]\n|-heal|p2b: Zenobia|33\/100|[from] item: Leftovers\n|-damage|p1b: Samurott|76\/100 brn|[from] brn\n|upkeep\n|turn|5\n|c|\u2606Windyligth|Yeah I never see the musketeers\n|c|\u2606Rufflet_Rowlet|i was wondering what you used to beat swift swim teams\n|c|\u2606Windyligth|weird\n|c|\u2606Rufflet_Rowlet|i think\n|c|\u2606Windyligth|I always saw the musketeers\n|c|\u2606Rufflet_Rowlet|but not now\n|c|\u2606Windyligth|and the hurricane daddys\n|c|\u2606Rufflet_Rowlet|they got overshadowed\n|c|\u2606Rufflet_Rowlet|hurricane is still here to stay though\n|\n|t:|1697368868\n|switch|p2b: Cuauht\u00e9moc|Diancie, tera:Poison|86\/100\n|-damage|p2b: Cuauht\u00e9moc|74\/100|[from] Spikes\n|move|p2a: Nezahualcoyotol|Gyro Ball|p1a: Pelipper\n|-resisted|p1a: Pelipper\n|-damage|p1a: Pelipper|81\/100\n|move|p1a: Pelipper|Hurricane|p2b: Cuauht\u00e9moc\n|-damage|p2b: Cuauht\u00e9moc|56\/100\n|-start|p2b: Cuauht\u00e9moc|confusion\n|move|p1b: Samurott|Ceaseless Edge|p2a: Nezahualcoyotol\n|-supereffective|p2a: Nezahualcoyotol\n|-damage|p2a: Nezahualcoyotol|49\/100\n|-sidestart|p2: Windyligth|Spikes\n|\n|-weather|RainDance|[upkeep]\n|-heal|p1a: Pelipper|87\/100|[from] item: Leftovers\n|-damage|p1b: Samurott|69\/100 brn|[from] brn\n|upkeep\n|turn|6\n|c|\u2606Rufflet_Rowlet|the geninies are looking really good now as well\n|\n|t:|1697368893\n|move|p1a: Pelipper|Wide Guard|p1a: Pelipper\n|-singleturn|p1a: Pelipper|Wide Guard\n|move|p2a: Nezahualcoyotol|Reflect|p2a: Nezahualcoyotol\n|-sidestart|p2: Windyligth|Reflect\n|-activate|p2b: Cuauht\u00e9moc|confusion\n|-damage|p2b: Cuauht\u00e9moc|49\/100|[from] confusion\n|move|p1b: Samurott|Ceaseless Edge|p2a: Nezahualcoyotol\n|-supereffective|p2a: Nezahualcoyotol\n|-crit|p2a: Nezahualcoyotol\n|-damage|p2a: Nezahualcoyotol|0 fnt\n|-sidestart|p2: Windyligth|Spikes\n|faint|p2a: Nezahualcoyotol\n|\n|-weather|none\n|-heal|p1a: Pelipper|93\/100|[from] item: Leftovers\n|-damage|p1b: Samurott|63\/100 brn|[from] brn\n|upkeep\n|c|\u2606Windyligth|wide guard into diance\n|c|\u2606Windyligth|good one\n|\n|t:|1697368915\n|switch|p2a: Zenobia|Sinistcha|33\/100\n|-damage|p2a: Zenobia|8\/100|[from] Spikes\n|-heal|p2b: Cuauht\u00e9moc|73\/100|[from] ability: Hospitality|[of] p2a: Zenobia\n|turn|7\n|c|\u2606Rufflet_Rowlet|yeah\n|c|\u2606Rufflet_Rowlet|not common on pelliper\n|\n|t:|1697368940\n|move|p1b: Samurott|Aqua Jet|p2a: Zenobia\n|-resisted|p2a: Zenobia\n|-damage|p2a: Zenobia|5\/100\n|-activate|p2b: Cuauht\u00e9moc|confusion\n|-damage|p2b: Cuauht\u00e9moc|66\/100|[from] confusion\n|move|p1a: Pelipper|Hydro Pump|p2b: Cuauht\u00e9moc\n|-damage|p2b: Cuauht\u00e9moc|50\/100\n|move|p2a: Zenobia|Trick Room|p2a: Zenobia\n|-fieldend|move: Trick Room\n|\n|-heal|p1a: Pelipper|99\/100|[from] item: Leftovers\n|-heal|p2a: Zenobia|11\/100|[from] item: Leftovers\n|-damage|p1b: Samurott|57\/100 brn|[from] brn\n|upkeep\n|turn|8\n|c|\u2606Windyligth|not used to pelliper\n|c|\u2606Rufflet_Rowlet|awww\n|c|\u2606Windyligth|is he common?\n|c|\u2606Rufflet_Rowlet|really\n|c|\u2606Rufflet_Rowlet|classic rain setter\n|c|\u2606Rufflet_Rowlet|alongside palafin\n|c|\u2606Windyligth|Okay but weather fell to TR back then\n|c|\u2606Rufflet_Rowlet|yep\n|c|\u2606Rufflet_Rowlet|no swift swim abuses\n|c|\u2606Windyligth|and the weather guy was politoed not this guy\n|c|\u2606Rufflet_Rowlet|yess\n|c|\u2606Rufflet_Rowlet|and kingdra was the threat\n|c|\u2606Windyligth|Kingdra was shit\n|c|\u2606Rufflet_Rowlet|ludicolo very rarely seen but still up there\n|c|\u2606Rufflet_Rowlet|?\n|c|\u2606Windyligth|Politoed was where it was at\n|\n|t:|1697369033\n|switch|p1a: Sneasler|Sneasler, F|91\/100\n|move|p1b: Samurott|Ceaseless Edge|p2a: Zenobia\n|-supereffective|p2a: Zenobia\n|-damage|p2a: Zenobia|0 fnt\n|faint|p2a: Zenobia\n|-end|p2b: Cuauht\u00e9moc|confusion\n|move|p2b: Cuauht\u00e9moc|Trick Room|p2b: Cuauht\u00e9moc\n|-fieldstart|move: Trick Room|[of] p2b: Cuauht\u00e9moc\n|\n|-damage|p1b: Samurott|51\/100 brn|[from] brn\n|upkeep\n|c|\u2606Windyligth|Is that a fuckin fighting type sneasle?\n|c|\u2606Rufflet_Rowlet|and poison\n|\n|t:|1697369063\n|switch|p2a: Odenathus|Cacturne, M, shiny|100\/100\n|-damage|p2a: Odenathus|75\/100|[from] Spikes\n|turn|9\n|c|\u2606Rufflet_Rowlet|yeah this game is wild\n|c|\u2606Windyligth|Oh man\n|c|\u2606Windyligth|Jess\n|\n|t:|1697369085\n|move|p1a: Sneasler|Fake Out|p2a: Odenathus\n|-damage|p2a: Odenathus|58\/100\n|-damage|p1a: Sneasler|81\/100|[from] item: Life Orb\n|move|p2b: Cuauht\u00e9moc|Diamond Storm|p1b: Samurott|[spread] \n|-miss|p2b: Cuauht\u00e9moc|p1a: Sneasler\n|-miss|p2b: Cuauht\u00e9moc|p1b: Samurott\n|cant|p2a: Odenathus|flinch\n|move|p1b: Samurott|Ceaseless Edge|p2a: Odenathus\n|-resisted|p2a: Odenathus\n|-damage|p2a: Odenathus|47\/100\n|\n|-heal|p2a: Odenathus|53\/100|[from] item: Leftovers\n|-damage|p1b: Samurott|44\/100 brn|[from] brn\n|upkeep\n|turn|10\n|c|\u2606Windyligth|I deserve this loss\n|c|\u2606Rufflet_Rowlet|why\n|c|\u2606Windyligth|I look nothing u[\n|c|\u2606Windyligth|I should\n|c|\u2606Rufflet_Rowlet|u missed\n|c|\u2606Rufflet_Rowlet|its not ur fault\n|\n|t:|1697369114\n|move|p2b: Cuauht\u00e9moc|Dazzling Gleam|p1a: Sneasler|[spread] p1a,p1b\n|-supereffective|p1b: Samurott\n|-damage|p1a: Sneasler|53\/100\n|-damage|p1b: Samurott|0 fnt\n|faint|p1b: Samurott\n|move|p2a: Odenathus|Destiny Bond|p2a: Odenathus\n|-singlemove|p2a: Odenathus|Destiny Bond\n|move|p1a: Sneasler|Dire Claw|p2a: Odenathus\n|-supereffective|p2a: Odenathus\n|-damage|p2a: Odenathus|0 fnt\n|faint|p2a: Odenathus\n|-activate|p2a: Odenathus|move: Destiny Bond\n|faint|p1a: Sneasler\n|\n|upkeep\n|c|\u2606Windyligth|miss what\n|c|\u2606Rufflet_Rowlet|wow\n|c|\u2606Windyligth|the last 7 years\n|c|\u2606Rufflet_Rowlet|thats rare\n|c|\u2606Rufflet_Rowlet|and smart\n|\n|t:|1697369138\n|switch|p2a: Lovelace|Iron Hands|100\/100\n|switch|p1b: Palafin|Palafin, M|100\/100\n|switch|p1a: Pelipper|Pelipper, F|99\/100\n|-damage|p2a: Lovelace|75\/100|[from] Spikes\n|-weather|RainDance|[from] ability: Drizzle|[of] p1a: Pelipper\n|turn|11\n|c|\u2606Windyligth|see back when I played singles in gen 3 spikes was the shit\n|c|\u2606Rufflet_Rowlet|mm\n|\n|t:|1697369177\n|move|p2b: Cuauht\u00e9moc|Protect|p2b: Cuauht\u00e9moc\n|-singleturn|p2b: Cuauht\u00e9moc|Protect\n|move|p2a: Lovelace|Earthquake|p1b: Palafin|[spread] p1b\n|-activate|p2b: Cuauht\u00e9moc|move: Protect\n|-immune|p1a: Pelipper\n|-damage|p1b: Palafin|38\/100\n|move|p1a: Pelipper|Hurricane|p2a: Lovelace\n|-damage|p2a: Lovelace|52\/100\n|-start|p2a: Lovelace|confusion\n|move|p1b: Palafin|Wave Crash|p2a: Lovelace\n|-damage|p2a: Lovelace|15\/100\n|-damage|p1b: Palafin|20\/100|[from] Recoil\n|\n|-weather|RainDance|[upkeep]\n|-heal|p1a: Pelipper|100\/100|[from] item: Leftovers\n|-sideend|p2: Windyligth|move: Light Screen\n|upkeep\n|turn|12\n|c|\u2606Rufflet_Rowlet|i cant fight this iron hands\n|c|\u2606Windyligth|iron hands is like wtf kinda pokemon\n|c|\u2606Rufflet_Rowlet|paradox\n|c|\u2606Rufflet_Rowlet|very bulky and hits hard\n|c|\u2606Windyligth|it aint even hariyama and it should be\n|\n|t:|1697369218\n|move|p2b: Cuauht\u00e9moc|Protect|p2b: Cuauht\u00e9moc\n|-singleturn|p2b: Cuauht\u00e9moc|Protect\n|move|p1a: Pelipper|Wide Guard|p1a: Pelipper\n|-singleturn|p1a: Pelipper|Wide Guard\n|-activate|p2a: Lovelace|confusion\n|move|p2a: Lovelace|Earthquake|p1b: Palafin|[spread] \n|-activate|p1a: Pelipper|move: Wide Guard\n|-activate|p1b: Palafin|move: Wide Guard\n|-activate|p2b: Cuauht\u00e9moc|move: Protect\n|move|p1b: Palafin|Wave Crash|p2b: Cuauht\u00e9moc\n|-activate|p2b: Cuauht\u00e9moc|move: Protect\n|\n|-weather|RainDance|[upkeep]\n|-fieldend|move: Trick Room\n|upkeep\n|turn|13\n|c|\u2606Rufflet_Rowlet|wa double protect\n|\n|t:|1697369239\n|move|p2b: Cuauht\u00e9moc|Protect||[still]\n|-fail|p2b: Cuauht\u00e9moc\n|move|p1b: Palafin|Wave Crash|p2b: Cuauht\u00e9moc\n|-damage|p2b: Cuauht\u00e9moc|0 fnt\n|faint|p2b: Cuauht\u00e9moc\n|-damage|p1b: Palafin|5\/100|[from] Recoil\n|move|p1a: Pelipper|Hurricane|p2a: Lovelace\n|-damage|p2a: Lovelace|0 fnt\n|faint|p2a: Lovelace\n|-end|p2a: Lovelace|Quark Drive|[silent]\n|\n|-weather|RainDance|[upkeep]\n|-sideend|p2: Windyligth|Reflect\n|upkeep\n|c|\u2606Windyligth|trip\n|\n|t:|1697369254\n|switch|p2b: Motecuhzoma|Heatran, M, shiny|35\/100\n|-damage|p2b: Motecuhzoma|10\/100|[from] Spikes\n|turn|14\n|c|\u2606Rufflet_Rowlet|gg\n|c|\u2606Windyligth|gg tho i got a lot to learn if I wanna fight in gen 9\n|c|\u2606Rufflet_Rowlet|see you around ig\n|\n|t:|1697369275\n|move|p1b: Palafin|Wave Crash|p2b: Motecuhzoma\n|-supereffective|p2b: Motecuhzoma\n|-damage|p2b: Motecuhzoma|0 fnt\n|faint|p2b: Motecuhzoma\n|-damage|p1b: Palafin|2\/100|[from] Recoil\n|\n|win|Rufflet_Rowlet\n|raw|Rufflet_Rowlet's rating: 1198 &rarr; <strong>1214<\/strong><br \/>(+16 for winning)\n|raw|Windyligth's rating: 1073 &rarr; <strong>1059<\/strong><br \/>(-14 for losing)\n|c|\u2606Rufflet_Rowlet|yeah i can help u if uw\n|c|\u2606Windyligth|u2 m8\n|c|\u2606Windyligth|eh\n|c|\u2606Rufflet_Rowlet|:)\n|c|\u2606Windyligth|im a learn by doier\n|c|\u2606Windyligth|you helped me here\n|c|\u2606Rufflet_Rowlet|okie\n|c|\u2606Rufflet_Rowlet|good luck out there!\n|c|\u2606Windyligth|u2 m8\n|c|\u2606Rufflet_Rowlet|tyty\n","uploadtime":1697369457,"views":12,"p1id":"ruffletrowlet","p2id":"windyligth","formatid":"gen9doublesou","rating":1059,"private":0,"password":""}