{"id":"gen9doublesou-1997968308","p1":"SkeletonPee","p2":"alchemistarcana","format":"[Gen 9] Doubles OU","log":"|j|\u2606SkeletonPee\n|j|\u2606alchemistarcana\n|t:|1700873392\n|gametype|doubles\n|player|p1|SkeletonPee|rocketgruntf|1222\n|player|p2|alchemistarcana|1|1155\n|teamsize|p1|6\n|teamsize|p2|6\n|gen|9\n|tier|[Gen 9] Doubles OU\n|rated|\n|rule|Species Clause: Limit one of each Pok\u00e9mon\n|rule|OHKO Clause: OHKO moves are banned\n|rule|Evasion Moves Clause: Evasion moves are banned\n|rule|Gravity Sleep Clause: The combination of sleep-inducing moves with imperfect accuracy and Gravity or Gigantamax Orbeetle are banned\n|rule|Endless Battle Clause: Forcing endless battles is banned\n|rule|HP Percentage Mod: HP is shown in percentages\n|clearpoke\n|poke|p1|Landorus, M|\n|poke|p1|Flutter Mane|\n|poke|p1|Thundurus-Therian, M|\n|poke|p1|Ursaluna, F|\n|poke|p1|Kingambit, F|\n|poke|p1|Tornadus, M|\n|poke|p2|Typhlosion-Hisui, M|\n|poke|p2|Sinistcha-Masterpiece|\n|poke|p2|Talonflame, M|\n|poke|p2|Samurott-Hisui, M|\n|poke|p2|Glimmora, M|\n|poke|p2|Ambipom, M|\n|teampreview\n|inactive|Battle timer is ON: inactive players will automatically lose when time's up. (requested by SkeletonPee)\n|inactive|alchemistarcana also wants the timer to be on.\n|\n|t:|1700873400\n|start\n|switch|p1a: OG|Landorus, M|100\/100\n|switch|p1b: Hermes|Tornadus, M|100\/100\n|switch|p2a: Ambipom|Ambipom, M|100\/100\n|switch|p2b: Glimmora|Glimmora, M|100\/100\n|turn|1\n|\n|t:|1700873419\n|switch|p1a: Luna|Ursaluna, F, shiny|100\/100\n|switch|p1b: Gucci Mane|Flutter Mane|100\/100\n|move|p2a: Ambipom|Fake Out|p1a: Luna\n|-enditem|p2a: Ambipom|Normal Gem|[from] gem\n|-damage|p1a: Luna|83\/100\n|move|p2b: Glimmora|Mortal Spin|p1b: Gucci Mane|[spread] p1a,p1b\n|-resisted|p1a: Luna\n|-damage|p1a: Luna|82\/100\n|-damage|p1b: Gucci Mane|90\/100\n|-status|p1a: Luna|psn\n|-status|p1b: Gucci Mane|psn\n|\n|-damage|p1b: Gucci Mane|77\/100 psn|[from] psn\n|-damage|p1a: Luna|69\/100 psn|[from] psn\n|upkeep\n|turn|2\n|inactive|alchemistarcana has 120 seconds left.\n|\n|t:|1700873458\n|-end|p1b: Gucci Mane|Protosynthesis|[silent]\n|switch|p1b: Hermes|Tornadus, M|100\/100\n|move|p2a: Ambipom|Switcheroo|p1b: Hermes\n|-activate|p2a: Ambipom|move: Trick|[of] p1b: Hermes\n|-enditem|p1b: Hermes|Sitrus Berry|[silent]|[from] move: Switcheroo\n|-item|p2a: Ambipom|Sitrus Berry|[from] move: Switcheroo\n|move|p2b: Glimmora|Venoshock|p1b: Hermes\n|-damage|p1b: Hermes|66\/100\n|move|p1a: Luna|Earthquake|p2b: Glimmora|[spread] p2a,p2b\n|-immune|p1b: Hermes\n|-supereffective|p2b: Glimmora\n|-damage|p2a: Ambipom|0 fnt\n|-enditem|p2b: Glimmora|Focus Sash\n|-damage|p2b: Glimmora|1\/100\n|-activate|p2b: Glimmora|ability: Toxic Debris\n|-sidestart|p1: SkeletonPee|move: Toxic Spikes\n|faint|p2a: Ambipom\n|\n|-damage|p1a: Luna|57\/100 psn|[from] psn\n|upkeep\n|inactive|alchemistarcana has 90 seconds left.\n|\n|t:|1700873498\n|switch|p2a: Talonflame|Talonflame, M|100\/100\n|turn|3\n|\n|t:|1700873508\n|move|p2a: Talonflame|Tailwind|p2a: Talonflame\n|-sidestart|p2: alchemistarcana|move: Tailwind\n|move|p1b: Hermes|Tailwind|p1b: Hermes\n|-sidestart|p1: SkeletonPee|move: Tailwind\n|move|p2b: Glimmora|Venoshock|p1a: Luna\n|-resisted|p1a: Luna\n|-damage|p1a: Luna|21\/100 psn\n|move|p1a: Luna|Facade|p2a: Talonflame\n|-damage|p2a: Talonflame|0 fnt\n|faint|p2a: Talonflame\n|\n|-damage|p1a: Luna|9\/100 psn|[from] psn\n|upkeep\n|inactive|alchemistarcana has 90 seconds left.\n|\n|t:|1700873528\n|switch|p2a: Samurott|Samurott-Hisui, M|100\/100\n|turn|4\n|\n|t:|1700873553\n|switch|p1b: Gucci Mane|Flutter Mane|77\/100 psn\n|move|p2a: Samurott|Ceaseless Edge|p1a: Luna\n|-damage|p1a: Luna|0 fnt\n|-sidestart|p1: SkeletonPee|Spikes\n|faint|p1a: Luna\n|move|p2b: Glimmora|Stealth Rock|p1b: Gucci Mane\n|-sidestart|p1: SkeletonPee|move: Stealth Rock\n|\n|-damage|p1b: Gucci Mane|65\/100 psn|[from] psn\n|upkeep\n|inactive|SkeletonPee has 120 seconds left.\n|\n|t:|1700873564\n|switch|p1a: OG|Landorus, M|100\/100\n|-damage|p1a: OG|88\/100|[from] Stealth Rock\n|turn|5\n|inactive|alchemistarcana has 120 seconds left.\n|\n|t:|1700873591\n|move|p1b: Gucci Mane|Moonblast|p2a: Samurott\n|-supereffective|p2a: Samurott\n|-damage|p2a: Samurott|0 fnt\n|faint|p2a: Samurott\n|move|p1a: OG|Bulldoze|p2b: Glimmora|[spread] p1b,p2b\n|-supereffective|p2b: Glimmora\n|-damage|p1b: Gucci Mane|0 fnt\n|-damage|p2b: Glimmora|0 fnt\n|-activate|p2b: Glimmora|ability: Toxic Debris\n|-sidestart|p1: SkeletonPee|move: Toxic Spikes\n|faint|p1b: Gucci Mane\n|-end|p1b: Gucci Mane|Protosynthesis|[silent]\n|faint|p2b: Glimmora\n|\n|upkeep\n|\n|t:|1700873602\n|switch|p1b: Hermes|Tornadus, M|66\/100\n|switch|p2a: Sinistcha|Sinistcha-Masterpiece|100\/100\n|switch|p2b: Typhlosion|Typhlosion-Hisui, M|100\/100\n|-damage|p1b: Hermes|41\/100|[from] Stealth Rock\n|-item|p1a: OG|Life Orb|[from] ability: Frisk|[of] p2b: Typhlosion|[identify]\n|turn|6\n|inactive|alchemistarcana has 120 seconds left.\n|\n|t:|1700873639\n|move|p1a: OG|Bulldoze|p2a: Sinistcha|[spread] p2a,p2b\n|-immune|p1b: Hermes\n|-resisted|p2a: Sinistcha\n|-supereffective|p2b: Typhlosion\n|-damage|p2a: Sinistcha|81\/100\n|-damage|p2b: Typhlosion|0 fnt\n|faint|p2b: Typhlosion\n|move|p1b: Hermes|Knock Off|p2a: Sinistcha\n|-supereffective|p2a: Sinistcha\n|-damage|p2a: Sinistcha|34\/100\n|-enditem|p2a: Sinistcha|Custap Berry|[from] move: Knock Off|[of] p1b: Hermes\n|move|p2a: Sinistcha|Strength Sap|p1a: OG\n|-unboost|p1a: OG|atk|1\n|-heal|p2a: Sinistcha|100\/100\n|\n|-sideend|p1: SkeletonPee|move: Tailwind\n|-sideend|p2: alchemistarcana|move: Tailwind\n|upkeep\n|turn|7\n|inactive|alchemistarcana has 120 seconds left.\n|\n|t:|1700873660\n|-terastallize|p2a: Sinistcha|Grass\n|move|p1b: Hermes|Taunt|p2a: Sinistcha\n|-start|p2a: Sinistcha|move: Taunt\n|move|p1a: OG|Crunch|p2a: Sinistcha\n|-damage|p2a: Sinistcha|71\/100\n|move|p2a: Sinistcha|Matcha Gotcha|p1a: OG|[spread] p1a,p1b\n|-resisted|p1b: Hermes\n|-damage|p1a: OG|37\/100\n|-heal|p2a: Sinistcha|95\/100|[from] drain|[of] p1a: OG\n|-damage|p1b: Hermes|21\/100\n|-heal|p2a: Sinistcha|100\/100|[from] drain|[of] p1b: Hermes\n|-status|p1b: Hermes|brn\n|\n|-damage|p1b: Hermes|15\/100 brn|[from] brn\n|upkeep\n|turn|8\n|inactive|SkeletonPee has 120 seconds left.\n|\n|t:|1700873700\n|move|p1a: OG|Bulldoze|p2a: Sinistcha|[spread] p2a\n|-immune|p1b: Hermes\n|-resisted|p2a: Sinistcha\n|-damage|p2a: Sinistcha|88\/100\n|move|p1b: Hermes|U-turn|p2a: Sinistcha\n|-supereffective|p2a: Sinistcha\n|-damage|p2a: Sinistcha|72\/100\n|\n|t:|1700873710\n|switch|p1b: J. Cole|Thundurus-Therian, M|100\/100|[from] U-turn\n|-damage|p1b: J. Cole|76\/100|[from] Stealth Rock\n|move|p2a: Sinistcha|Matcha Gotcha|p1b: J. Cole|[spread] p1a,p1b\n|-resisted|p1b: J. Cole\n|-damage|p1a: OG|0 fnt\n|-heal|p2a: Sinistcha|89\/100|[from] drain|[of] p1a: OG\n|-damage|p1b: J. Cole|48\/100\n|-heal|p2a: Sinistcha|100\/100|[from] drain|[of] p1b: J. Cole\n|faint|p1a: OG\n|\n|upkeep\n|\n|t:|1700873714\n|switch|p1a: Suzette|Kingambit, F, shiny|100\/100\n|-damage|p1a: Suzette|88\/100|[from] Spikes\n|-damage|p1a: Suzette|82\/100|[from] Stealth Rock\n|-activate|p1a: Suzette|ability: Supreme Overlord\n|-start|p1a: Suzette|fallen3|[silent]\n|turn|9\n|\n|t:|1700873731\n|-terastallize|p1a: Suzette|Dark\n|move|p1b: J. Cole|Sludge Bomb|p2a: Sinistcha\n|-supereffective|p2a: Sinistcha\n|-damage|p2a: Sinistcha|0 fnt\n|faint|p2a: Sinistcha\n|\n|win|SkeletonPee\n|raw|SkeletonPee's rating: 1222 &rarr; <strong>1242<\/strong><br \/>(+20 for winning)\n|raw|alchemistarcana's rating: 1155 &rarr; <strong>1135<\/strong><br \/>(-20 for losing)\n|c|\u2606SkeletonPee|Gg\n|c|\u2606alchemistarcana|gg\n|l|\u2606alchemistarcana\n|l|\u2606SkeletonPee\n|j|\u2606SkeletonPee\n|player|p1|SkeletonPee|rocketgruntf\n","uploadtime":1700873791,"views":1,"p1id":"skeletonpee","p2id":"alchemistarcana","formatid":"gen9doublesou","rating":1135,"private":0,"password":""}