{"id":"gen9doublesou-1970624274","p1":"MageDream\/UHE","p2":"h3nl0v3r","format":"[Gen 9] Doubles OU","log":"|j|\u2606MageDream\/UHE\n|j|\u2606h3nl0v3r\n|t:|1697653297\n|gametype|doubles\n|player|p1|MageDream\/UHE|chuck|1166\n|player|p2|h3nl0v3r|youngcouple|1286\n|teamsize|p1|6\n|teamsize|p2|6\n|gen|9\n|tier|[Gen 9] Doubles OU\n|rated|\n|rule|Species Clause: Limit one of each Pok\u00e9mon\n|rule|OHKO Clause: OHKO moves are banned\n|rule|Evasion Moves Clause: Evasion moves are banned\n|rule|Gravity Sleep Clause: The combination of sleep-inducing moves with imperfect accuracy and Gravity or Gigantamax Orbeetle are banned\n|rule|Endless Battle Clause: Forcing endless battles is banned\n|rule|HP Percentage Mod: HP is shown in percentages\n|clearpoke\n|poke|p1|Scizor, F|\n|poke|p1|Rillaboom, F|\n|poke|p1|Pelipper, F|\n|poke|p1|Walking Wake|\n|poke|p1|Murkrow, M|\n|poke|p1|Clefable, F|\n|poke|p2|Amoonguss, F|\n|poke|p2|Chien-Pao|\n|poke|p2|Landorus-Therian, M|\n|poke|p2|Iron Hands|\n|poke|p2|Flutter Mane|\n|poke|p2|Corviknight, M|\n|teampreview\n|\n|t:|1697653349\n|start\n|switch|p1a: Pelipper|Pelipper, F|100\/100\n|switch|p1b: Murkrow|Murkrow, M, shiny|100\/100\n|switch|p2a: Corviknight|Corviknight, M|100\/100\n|switch|p2b: Iron Hands|Iron Hands, shiny|100\/100\n|-ability|p2a: Corviknight|Pressure\n|-weather|RainDance|[from] ability: Drizzle|[of] p1a: Pelipper\n|-enditem|p2b: Iron Hands|Booster Energy\n|-activate|p2b: Iron Hands|ability: Quark Drive|[fromitem]\n|-start|p2b: Iron Hands|quarkdriveatk\n|turn|1\n|\n|t:|1697653407\n|-terastallize|p1a: Pelipper|Dragon\n|move|p1b: Murkrow|Tailwind|p1b: Murkrow\n|-sidestart|p1: MageDream\/UHE|move: Tailwind\n|move|p1a: Pelipper|Hurricane|p2b: Iron Hands\n|-damage|p2b: Iron Hands|59\/100\n|-start|p2b: Iron Hands|confusion\n|move|p2a: Corviknight|Tailwind|p2a: Corviknight\n|-sidestart|p2: h3nl0v3r|move: Tailwind\n|-activate|p2b: Iron Hands|confusion\n|move|p2b: Iron Hands|Wild Charge|p1b: Murkrow\n|-supereffective|p1b: Murkrow\n|-damage|p1b: Murkrow|0 fnt\n|faint|p1b: Murkrow\n|-damage|p2b: Iron Hands|41\/100|[from] Recoil\n|\n|-weather|RainDance|[upkeep]\n|upkeep\n|\n|t:|1697653426\n|switch|p1b: Rillaboom|Rillaboom, F|100\/100\n|-fieldstart|move: Grassy Terrain|[from] ability: Grassy Surge|[of] p1b: Rillaboom\n|turn|2\n|\n|t:|1697653445\n|move|p1b: Rillaboom|Wood Hammer|p2b: Iron Hands\n|-damage|p2b: Iron Hands|0 fnt\n|faint|p2b: Iron Hands\n|-end|p2b: Iron Hands|Quark Drive|[silent]\n|-damage|p1b: Rillaboom|82\/100|[from] Recoil\n|move|p2a: Corviknight|Brave Bird|p1b: Rillaboom\n|-supereffective|p1b: Rillaboom\n|-damage|p1b: Rillaboom|6\/100\n|-damage|p2a: Corviknight|79\/100|[from] Recoil\n|move|p1a: Pelipper|Surf|p2a: Corviknight|[spread] p1b,p2a\n|-resisted|p1b: Rillaboom\n|-damage|p1b: Rillaboom|0 fnt\n|-damage|p2a: Corviknight|33\/100\n|faint|p1b: Rillaboom\n|\n|-weather|RainDance|[upkeep]\n|-heal|p2a: Corviknight|39\/100|[from] item: Leftovers\n|upkeep\n|\n|t:|1697653463\n|switch|p1b: Walking Wake|Walking Wake|100\/100\n|switch|p2b: Flutter Mane|Flutter Mane|100\/100\n|-enditem|p1b: Walking Wake|Grassy Seed\n|-boost|p1b: Walking Wake|def|1|[from] item: Grassy Seed\n|turn|3\n|\n|t:|1697653501\n|move|p1a: Pelipper|Wide Guard|p1a: Pelipper\n|-singleturn|p1a: Pelipper|Wide Guard\n|move|p2b: Flutter Mane|Dazzling Gleam|p1a: Pelipper|[spread] \n|-activate|p1a: Pelipper|move: Wide Guard\n|-activate|p1b: Walking Wake|move: Wide Guard\n|move|p1b: Walking Wake|Dragon Dance|p1b: Walking Wake\n|-boost|p1b: Walking Wake|atk|1\n|-boost|p1b: Walking Wake|spe|1\n|move|p2a: Corviknight|Defog|p1b: Walking Wake\n|-unboost|p1b: Walking Wake|evasion|1\n|-fieldend|move: Grassy Terrain\n|\n|-weather|RainDance|[upkeep]\n|-heal|p2a: Corviknight|46\/100|[from] item: Leftovers\n|upkeep\n|turn|4\n|\n|t:|1697653538\n|move|p1b: Walking Wake|Waterfall|p2b: Flutter Mane\n|-damage|p2b: Flutter Mane|0 fnt\n|faint|p2b: Flutter Mane\n|-end|p2b: Flutter Mane|Protosynthesis|[silent]\n|move|p2a: Corviknight|Brave Bird|p1a: Pelipper\n|-crit|p1a: Pelipper\n|-damage|p1a: Pelipper|37\/100\n|-damage|p2a: Corviknight|29\/100|[from] Recoil\n|move|p1a: Pelipper|Surf|p2a: Corviknight|[spread] p1b,p2a\n|-resisted|p1b: Walking Wake\n|-damage|p1b: Walking Wake|86\/100\n|-damage|p2a: Corviknight|0 fnt\n|faint|p2a: Corviknight\n|\n|-weather|RainDance|[upkeep]\n|-heal|p1a: Pelipper|44\/100|[from] item: Leftovers\n|-sideend|p2: h3nl0v3r|move: Tailwind\n|-sideend|p1: MageDream\/UHE|move: Tailwind\n|upkeep\n|\n|t:|1697653556\n|switch|p2b: Amoonguss|Amoonguss, F|100\/100\n|switch|p2a: Chien-Pao|Chien-Pao|100\/100\n|-ability|p2a: Chien-Pao|Sword of Ruin\n|turn|5\n|\n|t:|1697653586\n|move|p1b: Walking Wake|Breaking Swipe|p2a: Chien-Pao|[spread] p2a,p2b\n|-damage|p2a: Chien-Pao|64\/100\n|-damage|p2b: Amoonguss|71\/100\n|-unboost|p2a: Chien-Pao|atk|1\n|-unboost|p2b: Amoonguss|atk|1\n|-damage|p1b: Walking Wake|70\/100|[from] item: Rocky Helmet|[of] p2b: Amoonguss\n|move|p2a: Chien-Pao|Icicle Crash|p1b: Walking Wake\n|-damage|p1b: Walking Wake|42\/100\n|move|p1a: Pelipper|Hurricane|p2b: Amoonguss\n|-supereffective|p2b: Amoonguss\n|-damage|p2b: Amoonguss|0 fnt\n|faint|p2b: Amoonguss\n|\n|-weather|none\n|-heal|p1a: Pelipper|50\/100|[from] item: Leftovers\n|upkeep\n|\n|t:|1697653599\n|switch|p2b: Landorus|Landorus-Therian, M|100\/100\n|-ability|p2b: Landorus|Intimidate|boost\n|-unboost|p1a: Pelipper|atk|1\n|-unboost|p1b: Walking Wake|atk|1\n|turn|6\n|\n|t:|1697653636\n|switch|p1a: Clefable|Clefable, F|100\/100\n|move|p1b: Walking Wake|Breaking Swipe|p2b: Landorus|[spread] p2a,p2b\n|-damage|p2a: Chien-Pao|44\/100\n|-damage|p2b: Landorus|76\/100\n|-unboost|p2a: Chien-Pao|atk|1\n|-unboost|p2b: Landorus|atk|1\n|move|p2b: Landorus|Earthquake|p1a: Clefable|[spread] p2a,p1a,p1b\n|-damage|p2a: Chien-Pao|7\/100\n|-damage|p1a: Clefable|58\/100\n|-damage|p1b: Walking Wake|10\/100\n|move|p2a: Chien-Pao|Icicle Crash|p1a: Clefable\n|-damage|p1a: Clefable|28\/100\n|\n|upkeep\n|turn|7\n|\n|t:|1697653652\n|move|p2a: Chien-Pao|Protect|p2a: Chien-Pao\n|-singleturn|p2a: Chien-Pao|Protect\n|move|p1b: Walking Wake|Hydro Steam|p2b: Landorus\n|-supereffective|p2b: Landorus\n|-damage|p2b: Landorus|0 fnt\n|faint|p2b: Landorus\n|move|p1a: Clefable|Moonblast|p2a: Chien-Pao\n|-activate|p2a: Chien-Pao|move: Protect\n|\n|upkeep\n|turn|8\n|\n|t:|1697653660\n|move|p2a: Chien-Pao|Sucker Punch|p1b: Walking Wake\n|-damage|p1b: Walking Wake|0 fnt\n|faint|p1b: Walking Wake\n|-end|p1b: Walking Wake|Protosynthesis|[silent]\n|move|p1a: Clefable|Moonblast|p2a: Chien-Pao\n|-supereffective|p2a: Chien-Pao\n|-damage|p2a: Chien-Pao|0 fnt\n|faint|p2a: Chien-Pao\n|\n|win|MageDream\/UHE\n|raw|MageDream&#x2f;UHE's rating: 1166 &rarr; <strong>1199<\/strong><br \/>(+33 for winning)\n|raw|h3nl0v3r's rating: 1286 &rarr; <strong>1253<\/strong><br \/>(-33 for losing)\n|l|\u2606h3nl0v3r\n|l|\u2606MageDream\/UHE\n|j|\u2606MageDream\/UHE\n|player|p1|MageDream\/UHE|chuck\n","uploadtime":1697654897,"views":19,"p1id":"magedreamuhe","p2id":"h3nl0v3r","formatid":"gen9doublesou","rating":1199,"private":0,"password":""}