{"id":"gen9doublesou-1978824889","p1":"DefinitelyDani","p2":"insect gym leader","format":"[Gen 9] Doubles OU","log":"|j|\u2606DefinitelyDani\n|j|\u2606insect gym leader\n|t:|1698599646\n|gametype|doubles\n|player|p1|DefinitelyDani|hilda-wonderlauncher|1219\n|player|p2|insect gym leader|drayden|1192\n|teamsize|p1|6\n|teamsize|p2|6\n|gen|9\n|tier|[Gen 9] Doubles OU\n|rated|\n|rule|Species Clause: Limit one of each Pok\u00e9mon\n|rule|OHKO Clause: OHKO moves are banned\n|rule|Evasion Moves Clause: Evasion moves are banned\n|rule|Gravity Sleep Clause: The combination of sleep-inducing moves with imperfect accuracy and Gravity or Gigantamax Orbeetle are banned\n|rule|Endless Battle Clause: Forcing endless battles is banned\n|rule|HP Percentage Mod: HP is shown in percentages\n|clearpoke\n|poke|p1|Baxcalibur, M|\n|poke|p1|Landorus-Therian, M|\n|poke|p1|Ninetales-Alola, M|\n|poke|p1|Iron Hands|\n|poke|p1|Rillaboom, F|\n|poke|p1|Heatran, M|\n|poke|p2|Dragonite, M|\n|poke|p2|Ogerpon-Hearthflame, F|\n|poke|p2|Froslass, F|\n|poke|p2|Tauros-Paldea-Blaze, M|\n|poke|p2|Chien-Pao|\n|poke|p2|Chesnaught, F|\n|teampreview\n|inactive|Battle timer is ON: inactive players will automatically lose when time's up. (requested by DefinitelyDani)\n|inactive|DefinitelyDani has 120 seconds left.\n|\n|t:|1698599682\n|start\n|switch|p1a: Ninetales|Ninetales-Alola, M|100\/100\n|switch|p1b: Iron Hands|Iron Hands|100\/100\n|switch|p2a: Ogerpon|Ogerpon-Hearthflame, F|100\/100\n|switch|p2b: Dragonite|Dragonite, M|100\/100\n|-ability|p2a: Ogerpon|Mold Breaker\n|-weather|Snow|[from] ability: Snow Warning|[of] p1a: Ninetales\n|turn|1\n|\n|t:|1698599696\n|move|p1b: Iron Hands|Fake Out|p2b: Dragonite\n|-damage|p2b: Dragonite|84\/100\n|move|p2a: Ogerpon|Ivy Cudgel|p1a: Ninetales\n|-supereffective|p1a: Ninetales\n|-damage|p1a: Ninetales|0 fnt\n|faint|p1a: Ninetales\n|move|p2b: Dragonite|Dragon Dance|p2b: Dragonite\n|-boost|p2b: Dragonite|atk|1\n|-boost|p2b: Dragonite|spe|1\n|\n|-weather|Snow|[upkeep]\n|upkeep\n|\n|t:|1698599707\n|switch|p1a: Baxcalibur|Baxcalibur, M, shiny|100\/100\n|turn|2\n|\n|t:|1698599729\n|move|p2a: Ogerpon|Follow Me|p2a: Ogerpon\n|-singleturn|p2a: Ogerpon|move: Follow Me\n|move|p2b: Dragonite|Dragon Claw|p1a: Baxcalibur\n|-supereffective|p1a: Baxcalibur\n|-damage|p1a: Baxcalibur|11\/100\n|move|p1a: Baxcalibur|Icicle Spear|p2a: Ogerpon\n|-damage|p2a: Ogerpon|83\/100\n|-damage|p2a: Ogerpon|67\/100\n|-damage|p2a: Ogerpon|51\/100\n|-crit|p2a: Ogerpon\n|-damage|p2a: Ogerpon|26\/100\n|-hitcount|p2a: Ogerpon|4\n|move|p1b: Iron Hands|Drain Punch|p2a: Ogerpon\n|-damage|p2a: Ogerpon|0 fnt\n|faint|p2a: Ogerpon\n|\n|-weather|Snow|[upkeep]\n|-heal|p1a: Baxcalibur|17\/100|[from] ability: Ice Body\n|upkeep\n|inactive|insect gym leader has 120 seconds left.\n|\n|t:|1698599745\n|switch|p2a: Froslass|Froslass, F|100\/100\n|turn|3\n|\n|t:|1698599762\n|move|p2b: Dragonite|Extreme Speed|p1a: Baxcalibur\n|-damage|p1a: Baxcalibur|0 fnt\n|faint|p1a: Baxcalibur\n|move|p2a: Froslass|Frost Breath|p1b: Iron Hands\n|-crit|p1b: Iron Hands\n|-damage|p1b: Iron Hands|86\/100\n|move|p1b: Iron Hands|Heavy Slam|p2a: Froslass\n|-supereffective|p2a: Froslass\n|-damage|p2a: Froslass|16\/100\n|\n|-weather|Snow|[upkeep]\n|upkeep\n|\n|t:|1698599767\n|switch|p1a: Rillaboom|Rillaboom, F, shiny|100\/100\n|-fieldstart|move: Grassy Terrain|[from] ability: Grassy Surge|[of] p1a: Rillaboom\n|turn|4\n|\n|t:|1698599789\n|-terastallize|p2b: Dragonite|Normal\n|move|p1a: Rillaboom|Fake Out|p2b: Dragonite\n|-damage|p2b: Dragonite|68\/100\n|move|p2b: Dragonite|Extreme Speed|p1a: Rillaboom\n|-damage|p1a: Rillaboom|15\/100\n|-enditem|p1a: Rillaboom|Sitrus Berry|[eat]\n|-heal|p1a: Rillaboom|40\/100|[from] item: Sitrus Berry\n|move|p2a: Froslass|Frost Breath|p1a: Rillaboom\n|-supereffective|p1a: Rillaboom\n|-crit|p1a: Rillaboom\n|-damage|p1a: Rillaboom|0 fnt\n|faint|p1a: Rillaboom\n|move|p1b: Iron Hands|Heavy Slam|p2a: Froslass\n|-supereffective|p2a: Froslass\n|-damage|p2a: Froslass|0 fnt\n|faint|p2a: Froslass\n|\n|-weather|Snow|[upkeep]\n|-heal|p2b: Dragonite|74\/100|[from] Grassy Terrain\n|-heal|p1b: Iron Hands|92\/100|[from] Grassy Terrain\n|upkeep\n|inactive|DefinitelyDani has 120 seconds left.\n|inactive|DefinitelyDani has 90 seconds left.\n|inactive|DefinitelyDani has 60 seconds left.\n|\n|t:|1698599885\n|switch|p2a: Chien-Pao|Chien-Pao|100\/100\n|switch|p1a: Landorus|Landorus-Therian, M|100\/100\n|-ability|p2a: Chien-Pao|Sword of Ruin\n|-ability|p1a: Landorus|Intimidate|boost\n|-unboost|p2a: Chien-Pao|atk|1\n|-fail|p2b: Dragonite|unboost|Attack|[from] ability: Inner Focus|[of] p2b: Dragonite\n|turn|5\n|inactive|DefinitelyDani has 60 seconds left.\n|\n|t:|1698599918\n|move|p2a: Chien-Pao|Psychic Fangs|p1b: Iron Hands\n|-supereffective|p1b: Iron Hands\n|-damage|p1b: Iron Hands|47\/100\n|move|p2b: Dragonite|Dragon Claw|p1b: Iron Hands\n|-damage|p1b: Iron Hands|0 fnt\n|faint|p1b: Iron Hands\n|-end|p1b: Iron Hands|Quark Drive|[silent]\n|move|p1a: Landorus|Rock Slide|p2b: Dragonite|[spread] p2b\n|-miss|p1a: Landorus|p2a: Chien-Pao\n|-damage|p2b: Dragonite|40\/100\n|\n|-weather|none\n|-heal|p2b: Dragonite|47\/100|[from] Grassy Terrain\n|upkeep\n|\n|t:|1698599921\n|switch|p1b: Heatran|Heatran, M, shiny|100\/100\n|turn|6\n|inactive|insect gym leader has 120 seconds left.\n|\n|t:|1698599956\n|-terastallize|p1b: Heatran|Fire\n|move|p2b: Dragonite|Extreme Speed|p1a: Landorus\n|-damage|p1a: Landorus|0 fnt\n|faint|p1a: Landorus\n|move|p2a: Chien-Pao|Psychic Fangs|p1b: Heatran\n|-damage|p1b: Heatran|70\/100\n|move|p1b: Heatran|Heat Wave|p2a: Chien-Pao|[spread] p2a,p2b\n|-supereffective|p2a: Chien-Pao\n|-damage|p2a: Chien-Pao|0 fnt\n|-damage|p2b: Dragonite|1\/100\n|faint|p2a: Chien-Pao\n|\n|-heal|p2b: Dragonite|7\/100|[from] Grassy Terrain\n|-heal|p1b: Heatran|76\/100|[from] Grassy Terrain\n|-heal|p1b: Heatran|82\/100|[from] item: Leftovers\n|upkeep\n|inactive|insect gym leader has 120 seconds left.\n|\n|t:|1698599969\n|switch|p2a: Chesnaught|Chesnaught, F|100\/100\n|turn|7\n|\n|t:|1698599974\n|move|p2a: Chesnaught|Wide Guard|p2a: Chesnaught\n|-singleturn|p2a: Chesnaught|Wide Guard\n|move|p2b: Dragonite|Extreme Speed|p1b: Heatran\n|-crit|p1b: Heatran\n|-damage|p1b: Heatran|0 fnt\n|faint|p1b: Heatran\n|\n|win|insect gym leader\n|raw|DefinitelyDani's rating: 1219 &rarr; <strong>1192<\/strong><br \/>(-27 for losing)\n|raw|insect gym leader's rating: 1192 &rarr; <strong>1219<\/strong><br \/>(+27 for winning)\n|l|\u2606DefinitelyDani\n","uploadtime":1698600208,"views":14,"p1id":"definitelydani","p2id":"insectgymleader","formatid":"gen9doublesou","rating":1192,"private":0,"password":""}