{"id":"gen9doublesou-1980553504","p1":"Critian Caceorte","p2":"KittyKatz10","format":"[Gen 9] Doubles OU","log":"|j|\u2606Critian Caceorte\n|j|\u2606KittyKatz10\n|t:|1698796624\n|gametype|doubles\n|player|p1|Critian Caceorte|hilda|1060\n|player|p2|KittyKatz10|2|1082\n|teamsize|p1|6\n|teamsize|p2|6\n|gen|9\n|tier|[Gen 9] Doubles OU\n|rated|\n|rule|Species Clause: Limit one of each Pok\u00e9mon\n|rule|OHKO Clause: OHKO moves are banned\n|rule|Evasion Moves Clause: Evasion moves are banned\n|rule|Gravity Sleep Clause: The combination of sleep-inducing moves with imperfect accuracy and Gravity or Gigantamax Orbeetle are banned\n|rule|Endless Battle Clause: Forcing endless battles is banned\n|rule|HP Percentage Mod: HP is shown in percentages\n|clearpoke\n|poke|p1|Politoed, M|\n|poke|p1|Azumarill, M|\n|poke|p1|Cramorant, M|\n|poke|p1|Gastrodon, F|\n|poke|p1|Ludicolo, F|\n|poke|p1|Samurott-Hisui, M|\n|poke|p2|Chien-Pao|\n|poke|p2|Meowscarada, F|\n|poke|p2|Sylveon, F|\n|poke|p2|Luxray, M|\n|poke|p2|Vaporeon, M|\n|poke|p2|Zangoose, M|\n|teampreview\n|\n|t:|1698796629\n|start\n|switch|p1a: Politoed|Politoed, M|100\/100\n|switch|p1b: Cramorant|Cramorant, M|100\/100\n|switch|p2a: Chien-Pao|Chien-Pao|100\/100\n|switch|p2b: Meowscarada|Meowscarada, F|100\/100\n|-ability|p2a: Chien-Pao|Sword of Ruin\n|-weather|RainDance|[from] ability: Drizzle|[of] p1a: Politoed\n|turn|1\n|\n|t:|1698796652\n|move|p2a: Chien-Pao|Ice Spinner|p1b: Cramorant\n|-damage|p1b: Cramorant|20\/100\n|move|p2b: Meowscarada|Toxic Spikes|p1a: Politoed\n|-start|p2b: Meowscarada|typechange|Poison|[from] ability: Protean\n|-sidestart|p1: Critian Caceorte|move: Toxic Spikes\n|move|p1b: Cramorant|Tailwind|p1b: Cramorant\n|-sidestart|p1: Critian Caceorte|move: Tailwind\n|move|p1a: Politoed|Ice Beam|p2b: Meowscarada\n|-damage|p2b: Meowscarada|68\/100\n|\n|-weather|RainDance|[upkeep]\n|upkeep\n|turn|2\n|\n|t:|1698796679\n|move|p1b: Cramorant|Surf|p2b: Meowscarada|[spread] p1a,p2a,p2b\n|-formechange|p1b: Cramorant|Cramorant-Gorging|\n|-resisted|p1a: Politoed\n|-damage|p1a: Politoed|86\/100\n|-damage|p2a: Chien-Pao|58\/100\n|-damage|p2b: Meowscarada|0 fnt\n|faint|p2b: Meowscarada\n|move|p2a: Chien-Pao|Ice Spinner|p1b: Cramorant\n|-damage|p1b: Cramorant|0 fnt\n|-damage|p2a: Chien-Pao|33\/100|[from] ability: Gulp Missile|[of] p1b: Cramorant\n|-status|p2a: Chien-Pao|par\n|-formechange|p1b: Cramorant|Cramorant|\n|faint|p1b: Cramorant\n|move|p1a: Politoed|Hydro Pump|p2a: Chien-Pao\n|-damage|p2a: Chien-Pao|0 fnt\n|faint|p2a: Chien-Pao\n|\n|-weather|RainDance|[upkeep]\n|upkeep\n|\n|t:|1698796703\n|switch|p2a: Luxray|Luxray, M|100\/100\n|switch|p2b: Vaporeon|Vaporeon, M|100\/100\n|switch|p1b: Ludicolo|Ludicolo, F|100\/100\n|-status|p1b: Ludicolo|psn\n|turn|3\n|\n|t:|1698796723\n|switch|p1a: Gastrodon|Gastrodon, F|100\/100\n|-status|p1a: Gastrodon|psn\n|move|p1b: Ludicolo|Leech Seed|p2a: Luxray\n|-start|p2a: Luxray|move: Leech Seed\n|move|p2a: Luxray|Wild Charge|p1a: Gastrodon\n|-immune|p1a: Gastrodon\n|move|p2b: Vaporeon|Aqua Ring|p2b: Vaporeon\n|-start|p2b: Vaporeon|Aqua Ring\n|\n|-weather|RainDance|[upkeep]\n|-damage|p2a: Luxray|88\/100|[from] Leech Seed|[of] p1b: Ludicolo\n|-damage|p1b: Ludicolo|88\/100 psn|[from] psn\n|-damage|p1a: Gastrodon|88\/100 psn|[from] psn\n|-status|p2a: Luxray|brn|[from] item: Flame Orb\n|upkeep\n|turn|4\n|\n|t:|1698796752\n|move|p1b: Ludicolo|Giga Drain|p2b: Vaporeon\n|-supereffective|p2b: Vaporeon\n|-damage|p2b: Vaporeon|57\/100\n|-heal|p1b: Ludicolo|100\/100 psn|[from] drain|[of] p2b: Vaporeon\n|move|p2a: Luxray|Facade|p1a: Gastrodon\n|-damage|p1a: Gastrodon|20\/100 psn\n|move|p1a: Gastrodon|Earth Power|p2a: Luxray\n|-supereffective|p2a: Luxray\n|-damage|p2a: Luxray|18\/100 brn\n|move|p2b: Vaporeon|Acid Armor|p2b: Vaporeon\n|-boost|p2b: Vaporeon|def|2\n|\n|-weather|RainDance|[upkeep]\n|-heal|p2b: Vaporeon|63\/100|[from] item: Leftovers\n|-heal|p2b: Vaporeon|69\/100|[from] Aqua Ring\n|-damage|p2a: Luxray|5\/100 brn|[from] Leech Seed|[of] p1b: Ludicolo\n|-damage|p1b: Ludicolo|88\/100 psn|[from] psn\n|-damage|p1a: Gastrodon|8\/100 psn|[from] psn\n|-damage|p2a: Luxray|0 fnt|[from] brn\n|faint|p2a: Luxray\n|-sideend|p1: Critian Caceorte|move: Tailwind\n|upkeep\n|\n|t:|1698796773\n|switch|p2a: Zangoose|Zangoose, M, shiny|100\/100\n|turn|5\n|\n|t:|1698796798\n|move|p1b: Ludicolo|Giga Drain|p2b: Vaporeon\n|-supereffective|p2b: Vaporeon\n|-crit|p2b: Vaporeon\n|-damage|p2b: Vaporeon|2\/100\n|-heal|p1b: Ludicolo|100\/100 psn|[from] drain|[of] p2b: Vaporeon\n|move|p2a: Zangoose|Facade|p1a: Gastrodon\n|-crit|p1a: Gastrodon\n|-damage|p1a: Gastrodon|0 fnt\n|faint|p1a: Gastrodon\n|move|p2b: Vaporeon|Acid Armor|p2b: Vaporeon\n|-boost|p2b: Vaporeon|def|2\n|\n|-weather|RainDance|[upkeep]\n|-heal|p2b: Vaporeon|8\/100|[from] item: Leftovers\n|-heal|p2b: Vaporeon|14\/100|[from] Aqua Ring\n|-damage|p1b: Ludicolo|88\/100 psn|[from] psn\n|-status|p2a: Zangoose|tox|[from] item: Toxic Orb\n|upkeep\n|\n|t:|1698796812\n|switch|p1a: Azumarill|Azumarill, M|100\/100\n|-status|p1a: Azumarill|psn\n|turn|6\n|\n|t:|1698796827\n|-terastallize|p1a: Azumarill|Water\n|move|p1a: Azumarill|Aqua Jet|p2a: Zangoose\n|-damage|p2a: Zangoose|0 fnt\n|faint|p2a: Zangoose\n|move|p1b: Ludicolo|Giga Drain|p2b: Vaporeon\n|-supereffective|p2b: Vaporeon\n|-damage|p2b: Vaporeon|0 fnt\n|-heal|p1b: Ludicolo|100\/100 psn|[from] drain|[of] p2b: Vaporeon\n|faint|p2b: Vaporeon\n|\n|-weather|RainDance|[upkeep]\n|-damage|p1b: Ludicolo|88\/100 psn|[from] psn\n|-damage|p1a: Azumarill|88\/100 psn|[from] psn\n|upkeep\n|-message|KittyKatz10 forfeited.\n|\n|win|Critian Caceorte\n|raw|Critian Caceorte's rating: 1060 &rarr; <strong>1093<\/strong><br \/>(+33 for winning)\n|raw|KittyKatz10's rating: 1082 &rarr; <strong>1058<\/strong><br \/>(-24 for losing)\n|l|\u2606KittyKatz10\n","uploadtime":1698796841,"views":17,"p1id":"critiancaceorte","p2id":"kittykatz10","formatid":"gen9doublesou","rating":1058,"private":0,"password":""}