{"id":"gen9doublesou-1969970021","p1":"userextremescratch","p2":"Todredmi","format":"[Gen 9] Doubles OU","log":"|j|\u2606userextremescratch\n|j|\u2606Todredmi\n|t:|1697580682\n|gametype|doubles\n|player|p1|userextremescratch|169|1000\n|player|p2|Todredmi|1|1094\n|teamsize|p1|6\n|teamsize|p2|3\n|gen|9\n|tier|[Gen 9] Doubles OU\n|rated|\n|rule|Species Clause: Limit one of each Pok\u00e9mon\n|rule|OHKO Clause: OHKO moves are banned\n|rule|Evasion Moves Clause: Evasion moves are banned\n|rule|Gravity Sleep Clause: The combination of sleep-inducing moves with imperfect accuracy and Gravity or Gigantamax Orbeetle are banned\n|rule|Endless Battle Clause: Forcing endless battles is banned\n|rule|HP Percentage Mod: HP is shown in percentages\n|clearpoke\n|poke|p1|Blissey, F|\n|poke|p1|Azumarill, F|\n|poke|p1|Azurill, M|\n|poke|p1|Clefairy, F|\n|poke|p1|Shaymin|\n|poke|p1|Sandslash, M|\n|poke|p2|Kommo-o, F|\n|poke|p2|Polteageist-Antique|\n|poke|p2|Oricorio-Sensu, M|\n|teampreview\n|\n|t:|1697580696\n|start\n|switch|p1a: Azurill|Azurill, M, shiny|100\/100\n|switch|p1b: Shaymin|Shaymin|100\/100\n|switch|p2a: Polteageist|Polteageist-Antique|100\/100\n|switch|p2b: Oricorio|Oricorio-Sensu, M|100\/100\n|turn|1\n|\n|t:|1697580726\n|move|p2b: Oricorio|Tailwind|p2b: Oricorio\n|-sidestart|p2: Todredmi|move: Tailwind\n|move|p2a: Polteageist|Skill Swap|p2b: Oricorio\n|-activate|p2a: Polteageist|move: Skill Swap|||[of] p2b: Oricorio\n|move|p1b: Shaymin|Leech Seed|p2b: Oricorio\n|-start|p2b: Oricorio|move: Leech Seed\n|move|p1a: Azurill|Substitute|p1a: Azurill\n|-start|p1a: Azurill|Substitute\n|-damage|p1a: Azurill|76\/100\n|\n|-damage|p2b: Oricorio|88\/100|[from] Leech Seed|[of] p1b: Shaymin\n|upkeep\n|turn|2\n|\n|t:|1697580755\n|-terastallize|p1b: Shaymin|Grass\n|move|p2b: Oricorio|Quiver Dance|p2b: Oricorio\n|-boost|p2b: Oricorio|spa|1\n|-boost|p2b: Oricorio|spd|1\n|-boost|p2b: Oricorio|spe|1\n|-activate|p2a: Polteageist|ability: Dancer\n|move|p2a: Polteageist|Quiver Dance|p2a: Polteageist|[from]ability: Dancer\n|-boost|p2a: Polteageist|spa|1\n|-boost|p2a: Polteageist|spd|1\n|-boost|p2a: Polteageist|spe|1\n|move|p2a: Polteageist|Stored Power|p1b: Shaymin\n|-damage|p1b: Shaymin|63\/100\n|move|p1b: Shaymin|Giga Drain|p2a: Polteageist\n|-damage|p2a: Polteageist|78\/100\n|-heal|p1b: Shaymin|73\/100|[from] drain|[of] p2a: Polteageist\n|move|p1a: Azurill|Ice Beam|p2b: Oricorio\n|-supereffective|p2b: Oricorio\n|-damage|p2b: Oricorio|70\/100\n|\n|-damage|p2b: Oricorio|58\/100|[from] Leech Seed|[of] p1b: Shaymin\n|-heal|p1b: Shaymin|83\/100|[silent]\n|upkeep\n|turn|3\n|\n|t:|1697580786\n|move|p2b: Oricorio|Quiver Dance|p2b: Oricorio\n|-boost|p2b: Oricorio|spa|1\n|-boost|p2b: Oricorio|spd|1\n|-boost|p2b: Oricorio|spe|1\n|-activate|p2a: Polteageist|ability: Dancer\n|move|p2a: Polteageist|Quiver Dance|p2a: Polteageist|[from]ability: Dancer\n|-boost|p2a: Polteageist|spa|1\n|-boost|p2a: Polteageist|spd|1\n|-boost|p2a: Polteageist|spe|1\n|move|p2a: Polteageist|Stored Power|p1a: Azurill\n|-end|p1a: Azurill|Substitute\n|move|p1b: Shaymin|Play Rough|p2a: Polteageist\n|-damage|p2a: Polteageist|46\/100\n|move|p1a: Azurill|Belly Drum|p1a: Azurill\n|-damage|p1a: Azurill|26\/100\n|-setboost|p1a: Azurill|atk|6|[from] move: Belly Drum\n|\n|-damage|p2b: Oricorio|46\/100|[from] Leech Seed|[of] p1b: Shaymin\n|-heal|p1b: Shaymin|93\/100|[silent]\n|upkeep\n|turn|4\n|\n|t:|1697580812\n|move|p1a: Azurill|Protect|p1a: Azurill\n|-singleturn|p1a: Azurill|Protect\n|move|p2b: Oricorio|Revelation Dance|p1a: Azurill\n|-activate|p1a: Azurill|move: Protect\n|move|p2a: Polteageist|Stored Power|p1b: Shaymin\n|-damage|p1b: Shaymin|3\/100\n|move|p1b: Shaymin|Substitute|p1b: Shaymin\n|-fail|p1b: Shaymin|move: Substitute|[weak]\n|\n|-damage|p2b: Oricorio|33\/100|[from] Leech Seed|[of] p1b: Shaymin\n|-heal|p1b: Shaymin|13\/100|[silent]\n|-sideend|p2: Todredmi|move: Tailwind\n|upkeep\n|turn|5\n|\n|t:|1697580840\n|move|p2b: Oricorio|Revelation Dance|p1a: Azurill\n|-immune|p1a: Azurill\n|move|p2a: Polteageist|Stored Power|p1b: Shaymin\n|-damage|p1b: Shaymin|0 fnt\n|faint|p1b: Shaymin\n|move|p1a: Azurill|Ice Beam|p2a: Polteageist\n|-damage|p2a: Polteageist|42\/100\n|\n|upkeep\n|\n|t:|1697580854\n|switch|p1b: Blissey|Blissey, F|100\/100\n|turn|6\n|\n|t:|1697580866\n|switch|p2b: Kommo-o|Kommo-o, F|100\/100\n|move|p1b: Blissey|Helping Hand|p1a: Azurill\n|-singleturn|p1a: Azurill|Helping Hand|[of] p1b: Blissey\n|move|p1a: Azurill|Protect|p1a: Azurill\n|-singleturn|p1a: Azurill|Protect\n|move|p2a: Polteageist|Giga Drain|p1b: Blissey\n|-damage|p1b: Blissey|78\/100\n|-heal|p2a: Polteageist|65\/100|[from] drain|[of] p1b: Blissey\n|\n|-heal|p1b: Blissey|84\/100|[from] item: Leftovers\n|upkeep\n|turn|7\n|\n|t:|1697580889\n|move|p1b: Blissey|Helping Hand|p1a: Azurill\n|-singleturn|p1a: Azurill|Helping Hand|[of] p1b: Blissey\n|move|p2a: Polteageist|Giga Drain|p1b: Blissey\n|-damage|p1b: Blissey|63\/100\n|-heal|p2a: Polteageist|88\/100|[from] drain|[of] p1b: Blissey\n|move|p2b: Kommo-o|Clangorous Soul|p2b: Kommo-o\n|-boost|p2b: Kommo-o|atk|1\n|-boost|p2b: Kommo-o|def|1\n|-boost|p2b: Kommo-o|spa|1\n|-boost|p2b: Kommo-o|spd|1\n|-boost|p2b: Kommo-o|spe|1\n|-damage|p2b: Kommo-o|68\/100\n|-activate|p2a: Polteageist|ability: Dancer\n|move|p2a: Polteageist|Clangorous Soul|p2a: Polteageist|[from]ability: Dancer\n|-boost|p2a: Polteageist|atk|1\n|-boost|p2a: Polteageist|def|1\n|-boost|p2a: Polteageist|spa|1\n|-boost|p2a: Polteageist|spd|1\n|-boost|p2a: Polteageist|spe|1\n|-damage|p2a: Polteageist|55\/100\n|move|p1a: Azurill|Ice Beam|p2a: Polteageist\n|-damage|p2a: Polteageist|50\/100\n|\n|-heal|p1b: Blissey|69\/100|[from] item: Leftovers\n|upkeep\n|turn|8\n|\n|t:|1697580923\n|move|p2b: Kommo-o|Clangorous Soul|p2b: Kommo-o\n|-boost|p2b: Kommo-o|atk|1\n|-boost|p2b: Kommo-o|def|1\n|-boost|p2b: Kommo-o|spa|1\n|-boost|p2b: Kommo-o|spd|1\n|-boost|p2b: Kommo-o|spe|1\n|-damage|p2b: Kommo-o|35\/100\n|-activate|p2a: Polteageist|ability: Dancer\n|move|p2a: Polteageist|Clangorous Soul|p2a: Polteageist|[from]ability: Dancer\n|-boost|p2a: Polteageist|atk|1\n|-boost|p2a: Polteageist|def|1\n|-boost|p2a: Polteageist|spa|1\n|-boost|p2a: Polteageist|spd|1\n|-boost|p2a: Polteageist|spe|1\n|-damage|p2a: Polteageist|17\/100\n|move|p2a: Polteageist|Giga Drain|p1b: Blissey\n|-damage|p1b: Blissey|40\/100\n|-heal|p2a: Polteageist|47\/100|[from] drain|[of] p1b: Blissey\n|move|p1b: Blissey|Seismic Toss|p2b: Kommo-o\n|-damage|p2b: Kommo-o|0 fnt\n|faint|p2b: Kommo-o\n|move|p1a: Azurill|Ice Beam|p2a: Polteageist\n|-damage|p2a: Polteageist|44\/100\n|\n|-heal|p1b: Blissey|46\/100|[from] item: Leftovers\n|upkeep\n|\n|t:|1697580948\n|switch|p2b: Oricorio|Oricorio-Sensu, M|33\/100\n|turn|9\n|\n|t:|1697580973\n|move|p2a: Polteageist|Giga Drain|p1b: Blissey\n|-damage|p1b: Blissey|11\/100\n|-heal|p2a: Polteageist|80\/100|[from] drain|[of] p1b: Blissey\n|move|p2b: Oricorio|Air Slash|p1a: Azurill\n|-damage|p1a: Azurill|0 fnt\n|faint|p1a: Azurill\n|move|p1b: Blissey|Seismic Toss|p2b: Oricorio\n|-immune|p2b: Oricorio\n|\n|-heal|p1b: Blissey|18\/100|[from] item: Leftovers\n|upkeep\n|\n|t:|1697580987\n|switch|p1a: Clefairy|Clefairy, F|100\/100\n|turn|10\n|\n|t:|1697580999\n|move|p2a: Polteageist|Stored Power|p1a: Clefairy\n|-enditem|p1a: Clefairy|Focus Sash\n|-damage|p1a: Clefairy|1\/100\n|move|p2b: Oricorio|Quiver Dance|p2b: Oricorio\n|-boost|p2b: Oricorio|spa|1\n|-boost|p2b: Oricorio|spd|1\n|-boost|p2b: Oricorio|spe|1\n|-activate|p2a: Polteageist|ability: Dancer\n|move|p2a: Polteageist|Quiver Dance|p2a: Polteageist|[from]ability: Dancer\n|-boost|p2a: Polteageist|spa|1\n|-boost|p2a: Polteageist|spd|1\n|-boost|p2a: Polteageist|spe|1\n|move|p1b: Blissey|Seismic Toss|p2a: Polteageist\n|-immune|p2a: Polteageist\n|move|p1a: Clefairy|Heal Pulse|p1b: Blissey\n|-heal|p1b: Blissey|68\/100\n|\n|-heal|p1b: Blissey|74\/100|[from] item: Leftovers\n|upkeep\n|turn|11\n|\n|t:|1697581030\n|move|p2a: Polteageist|Stored Power|p1b: Blissey\n|-damage|p1b: Blissey|0 fnt\n|faint|p1b: Blissey\n|move|p2b: Oricorio|Quiver Dance|p2b: Oricorio\n|-boost|p2b: Oricorio|spa|1\n|-boost|p2b: Oricorio|spd|1\n|-boost|p2b: Oricorio|spe|1\n|-activate|p2a: Polteageist|ability: Dancer\n|move|p2a: Polteageist|Quiver Dance|p2a: Polteageist|[from]ability: Dancer\n|-boost|p2a: Polteageist|spa|1\n|-boost|p2a: Polteageist|spd|1\n|-boost|p2a: Polteageist|spe|1\n|move|p1a: Clefairy|Flamethrower|p2b: Oricorio\n|-damage|p2b: Oricorio|21\/100\n|\n|upkeep\n|\n|t:|1697581045\n|switch|p1b: Sandslash|Sandslash, M|100\/100\n|turn|12\n|\n|t:|1697581060\n|move|p2a: Polteageist|Giga Drain|p1b: Sandslash\n|-supereffective|p1b: Sandslash\n|-damage|p1b: Sandslash|0 fnt\n|-heal|p2a: Polteageist|100\/100|[from] drain|[of] p1b: Sandslash\n|faint|p1b: Sandslash\n|move|p2b: Oricorio|Air Slash|p1a: Clefairy\n|-damage|p1a: Clefairy|0 fnt\n|faint|p1a: Clefairy\n|\n|upkeep\n|\n|t:|1697581070\n|switch|p1b: Azumarill|Azumarill, F, shiny|100\/100\n|turn|13\n|\n|t:|1697581083\n|move|p2a: Polteageist|Giga Drain|p1b: Azumarill\n|-supereffective|p1b: Azumarill\n|-damage|p1b: Azumarill|0 fnt\n|faint|p1b: Azumarill\n|\n|win|Todredmi\n|raw|userextremescratch's rating: 1000 &rarr; <strong>1000<\/strong><br \/>(+0 for losing)\n|raw|Todredmi's rating: 1094 &rarr; <strong>1113<\/strong><br \/>(+19 for winning)\n","uploadtime":1697581092,"views":22,"p1id":"userextremescratch","p2id":"todredmi","formatid":"gen9doublesou","rating":1000,"private":0,"password":""}