{"id":"gen9doublesou-1988617481","p1":"dphoenix84","p2":"CROCODLLE","format":"[Gen 9] Doubles OU","log":"|j|\u2606dphoenix84\n|j|\u2606CROCODLLE\n|t:|1699742478\n|gametype|doubles\n|player|p1|dphoenix84|brycen|\n|player|p2|CROCODLLE|102|\n|teamsize|p1|6\n|teamsize|p2|6\n|gen|9\n|tier|[Gen 9] Doubles OU\n|rule|Species Clause: Limit one of each Pok\u00e9mon\n|rule|OHKO Clause: OHKO moves are banned\n|rule|Evasion Moves Clause: Evasion moves are banned\n|rule|Gravity Sleep Clause: The combination of sleep-inducing moves with imperfect accuracy and Gravity or Gigantamax Orbeetle are banned\n|rule|Endless Battle Clause: Forcing endless battles is banned\n|rule|HP Percentage Mod: HP is shown in percentages\n|clearpoke\n|poke|p1|Kilowattrel, M|\n|poke|p1|Empoleon, M|\n|poke|p1|Indeedee-F, F|\n|poke|p1|Wyrdeer, M|\n|poke|p1|Ninetales-Alola, M|\n|poke|p1|Sandslash-Alola, M|\n|poke|p2|Lilligant-Hisui, F|\n|poke|p2|Dipplin, F|\n|poke|p2|Armarouge, F|\n|poke|p2|Mamoswine, F|\n|poke|p2|Slowking-Galar, F|\n|poke|p2|Azumarill, F|\n|teampreview\n|\n|t:|1699742507\n|start\n|switch|p1a: Ninetales|Ninetales-Alola, M|100\/100\n|switch|p1b: Sandslash|Sandslash-Alola, M|100\/100\n|switch|p2a: Lilligant|Lilligant-Hisui, F|100\/100\n|switch|p2b: Dipplin|Dipplin, F|100\/100\n|-weather|Snow|[from] ability: Snow Warning|[of] p1a: Ninetales\n|-ability|p2b: Dipplin|Supersweet Syrup\n|-ability|p2b: Dipplin|Supersweet Syrup|boost\n|-unboost|p1a: Ninetales|evasion|1\n|-unboost|p1b: Sandslash|evasion|1\n|turn|1\n|\n|t:|1699742544\n|move|p1b: Sandslash|Ice Punch|p2a: Lilligant\n|-supereffective|p2a: Lilligant\n|-enditem|p2a: Lilligant|Focus Sash\n|-damage|p2a: Lilligant|1\/100\n|move|p2a: Lilligant|Close Combat|p1b: Sandslash\n|-supereffective|p1b: Sandslash\n|-damage|p1b: Sandslash|0 fnt\n|-unboost|p2a: Lilligant|def|1\n|-unboost|p2a: Lilligant|spd|1\n|faint|p1b: Sandslash\n|move|p1a: Ninetales|Blizzard|p2a: Lilligant|[spread] p2a,p2b\n|-supereffective|p2a: Lilligant\n|-supereffective|p2b: Dipplin\n|-damage|p2a: Lilligant|0 fnt\n|-damage|p2b: Dipplin|0 fnt\n|faint|p2a: Lilligant\n|faint|p2b: Dipplin\n|\n|-weather|Snow|[upkeep]\n|upkeep\n|\n|t:|1699742577\n|switch|p2a: Mamoswine|Mamoswine, F|100\/100\n|switch|p1b: Kilowattrel|Kilowattrel, M|100\/100\n|switch|p2b: Armarouge|Armarouge, F|100\/100\n|turn|2\n|\n|t:|1699742601\n|switch|p1a: Indeedee|Indeedee-F, F|100\/100\n|-fieldstart|move: Psychic Terrain|[from] ability: Psychic Surge|[of] p1a: Indeedee\n|move|p2a: Mamoswine|Ice Shard|p1b: Kilowattrel\n|-hint|Psychic Terrain doesn't affect Pok\u00e9mon immune to Ground.\n|-supereffective|p1b: Kilowattrel\n|-enditem|p1b: Kilowattrel|Focus Sash\n|-damage|p1b: Kilowattrel|1\/100\n|move|p1b: Kilowattrel|Volt Switch|p2b: Armarouge\n|-damage|p2b: Armarouge|67\/100\n|\n|t:|1699742616\n|switch|p1b: Wyrdeer|Wyrdeer, M|100\/100|[from] Volt Switch\n|-ability|p1b: Wyrdeer|Intimidate|boost\n|-unboost|p2a: Mamoswine|atk|1\n|-unboost|p2b: Armarouge|atk|1\n|move|p2b: Armarouge|Trick Room|p2b: Armarouge\n|-fieldstart|move: Trick Room|[of] p2b: Armarouge\n|-enditem|p1b: Wyrdeer|Room Service\n|-unboost|p1b: Wyrdeer|spe|1|[from] item: Room Service\n|\n|-weather|Snow|[upkeep]\n|upkeep\n|turn|3\n|\n|t:|1699742658\n|move|p1a: Indeedee|Follow Me|p1a: Indeedee\n|-singleturn|p1a: Indeedee|move: Follow Me\n|move|p2a: Mamoswine|Ice Shard|p1a: Indeedee\n|-activate|p1a: Indeedee|move: Psychic Terrain\n|move|p1b: Wyrdeer|Gravity|p1b: Wyrdeer\n|-fieldstart|move: Gravity\n|move|p2b: Armarouge|Armor Cannon|p1a: Indeedee\n|-damage|p1a: Indeedee|37\/100\n|-unboost|p2b: Armarouge|def|1\n|-unboost|p2b: Armarouge|spd|1\n|-enditem|p1a: Indeedee|Eject Button\n|\n|t:|1699742668\n|switch|p1a: Empoleon|Empoleon, M|100\/100\n|\n|-weather|Snow|[upkeep]\n|upkeep\n|turn|4\n|\n|t:|1699742729\n|switch|p2a: Slowking|Slowking-Galar, F|100\/100\n|-clearboost|p2b: Armarouge|[from] ability: Curious Medicine|[of] p2a: Slowking\n|move|p1b: Wyrdeer|Skill Swap|p2b: Armarouge\n|-activate|p1b: Wyrdeer|move: Skill Swap|Flash Fire|Intimidate|[of] p2b: Armarouge\n|-ability|p2b: Armarouge|Intimidate|boost\n|-unboost|p1a: Empoleon|atk|1\n|-ability|p1a: Empoleon|Competitive|boost\n|-boost|p1a: Empoleon|spa|2\n|-unboost|p1b: Wyrdeer|atk|1\n|move|p1a: Empoleon|Hydro Pump|p2b: Armarouge\n|-supereffective|p2b: Armarouge\n|-damage|p2b: Armarouge|0 fnt\n|faint|p2b: Armarouge\n|\n|-weather|Snow|[upkeep]\n|upkeep\n|\n|t:|1699742743\n|switch|p2b: Azumarill|Azumarill, F|100\/100\n|turn|5\n|\n|t:|1699742776\n|move|p1b: Wyrdeer|Skill Swap|p2b: Azumarill\n|-activate|p1b: Wyrdeer|move: Skill Swap|Thick Fat|Flash Fire|[of] p2b: Azumarill\n|move|p2b: Azumarill|Chilling Water|p1b: Wyrdeer\n|-damage|p1b: Wyrdeer|92\/100\n|-unboost|p1b: Wyrdeer|atk|1\n|move|p2a: Slowking|Chilling Water|p1b: Wyrdeer\n|-damage|p1b: Wyrdeer|79\/100\n|-unboost|p1b: Wyrdeer|atk|1\n|move|p1a: Empoleon|Blizzard|p2a: Slowking|[spread] p2a,p2b\n|-resisted|p2b: Azumarill\n|-damage|p2a: Slowking|71\/100\n|-damage|p2b: Azumarill|84\/100\n|\n|-weather|none\n|-heal|p2b: Azumarill|90\/100|[from] item: Leftovers\n|upkeep\n|turn|6\n|\n|t:|1699742857\n|move|p1b: Wyrdeer|Skill Swap|p2a: Slowking\n|-activate|p1b: Wyrdeer|move: Skill Swap|Curious Medicine|Thick Fat|[of] p2a: Slowking\n|-clearboost|p1a: Empoleon|[from] ability: Curious Medicine|[of] p1b: Wyrdeer\n|move|p2b: Azumarill|Play Rough|p1b: Wyrdeer\n|-damage|p1b: Wyrdeer|59\/100\n|move|p2a: Slowking|Flamethrower|p1b: Wyrdeer\n|-damage|p1b: Wyrdeer|38\/100\n|move|p1a: Empoleon|Hydro Pump|p2b: Azumarill\n|-resisted|p2b: Azumarill\n|-damage|p2b: Azumarill|70\/100\n|\n|-heal|p2b: Azumarill|76\/100|[from] item: Leftovers\n|-fieldend|move: Trick Room\n|-fieldend|move: Psychic Terrain\n|upkeep\n|turn|7\n|\n|t:|1699742892\n|switch|p1b: Indeedee|Indeedee-F, F|37\/100\n|-fieldstart|move: Psychic Terrain|[from] ability: Psychic Surge|[of] p1b: Indeedee\n|move|p1a: Empoleon|Air Slash|p2b: Azumarill\n|-damage|p2b: Azumarill|58\/100\n|move|p2a: Slowking|Flamethrower|p1b: Indeedee\n|-damage|p1b: Indeedee|7\/100\n|-status|p1b: Indeedee|brn\n|move|p2b: Azumarill|Ice Spinner|p1b: Indeedee\n|-damage|p1b: Indeedee|0 fnt\n|-fieldend|move: Psychic Terrain\n|faint|p1b: Indeedee\n|\n|-heal|p2b: Azumarill|64\/100|[from] item: Leftovers\n|-fieldend|move: Gravity\n|upkeep\n|\n|t:|1699742914\n|switch|p1b: Kilowattrel|Kilowattrel, M|1\/100\n|turn|8\n|\n|t:|1699742943\n|switch|p1b: Wyrdeer|Wyrdeer, M|38\/100\n|-ability|p1b: Wyrdeer|Intimidate|boost\n|-unboost|p2a: Slowking|atk|1\n|-unboost|p2b: Azumarill|atk|1\n|move|p1a: Empoleon|Blizzard|p2b: Azumarill|[spread] p2b\n|-miss|p1a: Empoleon|p2a: Slowking\n|-resisted|p2b: Azumarill\n|-damage|p2b: Azumarill|55\/100\n|move|p2a: Slowking|Psychic|p1b: Wyrdeer\n|-resisted|p1b: Wyrdeer\n|-crit|p1b: Wyrdeer\n|-damage|p1b: Wyrdeer|14\/100\n|move|p2b: Azumarill|Play Rough|p1b: Wyrdeer|[miss]\n|-miss|p2b: Azumarill|p1b: Wyrdeer\n|\n|-heal|p2b: Azumarill|61\/100|[from] item: Leftovers\n|upkeep\n|turn|9\n|\n|t:|1699742997\n|move|p1b: Wyrdeer|Skill Swap|p2a: Slowking\n|-activate|p1b: Wyrdeer|move: Skill Swap|Thick Fat|Intimidate|[of] p2a: Slowking\n|-ability|p2a: Slowking|Intimidate|boost\n|-unboost|p1a: Empoleon|atk|1\n|-ability|p1a: Empoleon|Competitive|boost\n|-boost|p1a: Empoleon|spa|2\n|-unboost|p1b: Wyrdeer|atk|1\n|move|p1a: Empoleon|Air Slash|p2a: Slowking\n|-damage|p2a: Slowking|44\/100\n|cant|p2a: Slowking|flinch\n|move|p2b: Azumarill|Ice Spinner|p1b: Wyrdeer\n|-damage|p1b: Wyrdeer|10\/100\n|\n|-heal|p2b: Azumarill|67\/100|[from] item: Leftovers\n|upkeep\n|turn|10\n|\n|t:|1699743028\n|switch|p1b: Ninetales|Ninetales-Alola, M|100\/100\n|-weather|Snow|[from] ability: Snow Warning|[of] p1b: Ninetales\n|move|p1a: Empoleon|Blizzard|p2b: Azumarill|[spread] p2a,p2b\n|-resisted|p2b: Azumarill\n|-damage|p2a: Slowking|16\/100\n|-damage|p2b: Azumarill|50\/100\n|move|p2a: Slowking|Chilling Water|p1b: Ninetales\n|-damage|p1b: Ninetales|83\/100\n|-unboost|p1b: Ninetales|atk|1\n|move|p2b: Azumarill|Play Rough|p1b: Ninetales\n|-damage|p1b: Ninetales|73\/100\n|\n|-weather|Snow|[upkeep]\n|-heal|p2b: Azumarill|57\/100|[from] item: Leftovers\n|upkeep\n|turn|11\n|\n|t:|1699743069\n|move|p1b: Ninetales|Freeze-Dry|p2b: Azumarill\n|-supereffective|p2b: Azumarill\n|-damage|p2b: Azumarill|0 fnt\n|faint|p2b: Azumarill\n|move|p1a: Empoleon|Blizzard|p2a: Slowking\n|-damage|p2a: Slowking|0 fnt\n|faint|p2a: Slowking\n|\n|-weather|Snow|[upkeep]\n|upkeep\n|\n|t:|1699743097\n|switch|p2b: Mamoswine|Mamoswine, F|100\/100\n|turn|12\n|\n|t:|1699743104\n|switch|p1b: Wyrdeer|Wyrdeer, M|10\/100\n|-ability|p1b: Wyrdeer|Intimidate|boost\n|-unboost|p2b: Mamoswine|atk|1\n|move|p2b: Mamoswine|High Horsepower|p1a: Empoleon\n|-supereffective|p1a: Empoleon\n|-damage|p1a: Empoleon|17\/100\n|move|p1a: Empoleon|Blizzard|p2b: Mamoswine\n|-damage|p2b: Mamoswine|54\/100\n|\n|-weather|Snow|[upkeep]\n|upkeep\n|turn|13\n|\n|t:|1699743121\n|switch|p1b: Kilowattrel|Kilowattrel, M|1\/100\n|move|p2b: Mamoswine|High Horsepower|p1a: Empoleon\n|-supereffective|p1a: Empoleon\n|-damage|p1a: Empoleon|0 fnt\n|faint|p1a: Empoleon\n|\n|-weather|Snow|[upkeep]\n|upkeep\n|\n|t:|1699743133\n|switch|p1a: Ninetales|Ninetales-Alola, M|73\/100\n|turn|14\n|\n|t:|1699743145\n|switch|p1b: Wyrdeer|Wyrdeer, M|10\/100\n|-ability|p1b: Wyrdeer|Intimidate|boost\n|-unboost|p2b: Mamoswine|atk|1\n|move|p2b: Mamoswine|High Horsepower|p1a: Ninetales\n|-damage|p1a: Ninetales|43\/100\n|move|p1a: Ninetales|Blizzard|p2b: Mamoswine\n|-damage|p2b: Mamoswine|2\/100\n|\n|-weather|none\n|upkeep\n|turn|15\n|\n|t:|1699743158\n|switch|p1a: Kilowattrel|Kilowattrel, M|1\/100\n|move|p2b: Mamoswine|High Horsepower|p1b: Wyrdeer\n|-damage|p1b: Wyrdeer|0 fnt\n|faint|p1b: Wyrdeer\n|\n|upkeep\n|\n|t:|1699743165\n|switch|p1b: Ninetales|Ninetales-Alola, M|43\/100\n|-weather|Snow|[from] ability: Snow Warning|[of] p1b: Ninetales\n|turn|16\n|\n|t:|1699743176\n|move|p1b: Ninetales|Ice Shard|p2b: Mamoswine\n|-damage|p2b: Mamoswine|0 fnt\n|faint|p2b: Mamoswine\n|\n|win|dphoenix84\n","uploadtime":1699743185,"views":14,"p1id":"dphoenix84","p2id":"crocodlle","formatid":"gen9doublesou","rating":0,"private":0,"password":""}