{"id":"gen9doublesou-1983214695","p1":"Hueberfal12","p2":"SakakibaraKotone","format":"[Gen 9] Doubles OU","log":"|j|\u2606Hueberfal12\n|j|\u2606SakakibaraKotone\n|t:|1699106154\n|gametype|doubles\n|player|p1|Hueberfal12|gambler|1371\n|player|p2|SakakibaraKotone|irida|1578\n|teamsize|p1|6\n|teamsize|p2|6\n|gen|9\n|tier|[Gen 9] Doubles OU\n|rated|\n|rule|Species Clause: Limit one of each Pok\u00e9mon\n|rule|OHKO Clause: OHKO moves are banned\n|rule|Evasion Moves Clause: Evasion moves are banned\n|rule|Gravity Sleep Clause: The combination of sleep-inducing moves with imperfect accuracy and Gravity or Gigantamax Orbeetle are banned\n|rule|Endless Battle Clause: Forcing endless battles is banned\n|rule|HP Percentage Mod: HP is shown in percentages\n|clearpoke\n|poke|p1|Ninetales-Alola, M|\n|poke|p1|Kommo-o, F|\n|poke|p1|Sinistcha|\n|poke|p1|Iron Hands|\n|poke|p1|Volcanion|\n|poke|p1|Tornadus, M|\n|poke|p2|Ninetales-Alola, M|\n|poke|p2|Heatran, M|\n|poke|p2|Flutter Mane|\n|poke|p2|Amoonguss, F|\n|poke|p2|Roaring Moon|\n|poke|p2|Iron Hands|\n|teampreview\n|inactive|Battle timer is ON: inactive players will automatically lose when time's up. (requested by Hueberfal12)\n|\n|t:|1699106171\n|start\n|switch|p1a: Ninetales|Ninetales-Alola, M|100\/100\n|switch|p1b: Kommo-o|Kommo-o, F|100\/100\n|switch|p2a: Roaring Moon|Roaring Moon|100\/100\n|switch|p2b: Iron Hands|Iron Hands|100\/100\n|-weather|Snow|[from] ability: Snow Warning|[of] p1a: Ninetales\n|-enditem|p2a: Roaring Moon|Booster Energy\n|-activate|p2a: Roaring Moon|ability: Protosynthesis|[fromitem]\n|-start|p2a: Roaring Moon|protosynthesisspe\n|turn|1\n|\n|t:|1699106185\n|move|p2b: Iron Hands|Fake Out|p1a: Ninetales\n|-damage|p1a: Ninetales|85\/100\n|move|p2a: Roaring Moon|Dragon Dance|p2a: Roaring Moon\n|-boost|p2a: Roaring Moon|atk|1\n|-boost|p2a: Roaring Moon|spe|1\n|cant|p1a: Ninetales|flinch\n|move|p1b: Kommo-o|Clangorous Soul|p1b: Kommo-o\n|-boost|p1b: Kommo-o|atk|1\n|-boost|p1b: Kommo-o|def|1\n|-boost|p1b: Kommo-o|spa|1\n|-boost|p1b: Kommo-o|spd|1\n|-boost|p1b: Kommo-o|spe|1\n|-damage|p1b: Kommo-o|68\/100\n|\n|-weather|Snow|[upkeep]\n|upkeep\n|turn|2\n|\n|t:|1699106209\n|-terastallize|p2a: Roaring Moon|Flying\n|-terastallize|p1b: Kommo-o|Steel\n|move|p2a: Roaring Moon|Acrobatics|p1b: Kommo-o\n|-resisted|p1b: Kommo-o\n|-damage|p1b: Kommo-o|37\/100\n|move|p1b: Kommo-o|Clangorous Soul|p1b: Kommo-o\n|-boost|p1b: Kommo-o|atk|1\n|-boost|p1b: Kommo-o|def|1\n|-boost|p1b: Kommo-o|spa|1\n|-boost|p1b: Kommo-o|spd|1\n|-boost|p1b: Kommo-o|spe|1\n|-damage|p1b: Kommo-o|4\/100\n|-enditem|p1b: Kommo-o|Aguav Berry|[eat]\n|-heal|p1b: Kommo-o|37\/100|[from] item: Aguav Berry\n|move|p1a: Ninetales|Dazzling Gleam|p2a: Roaring Moon|[spread] p2a,p2b\n|-supereffective|p2b: Iron Hands\n|-damage|p2a: Roaring Moon|80\/100\n|-damage|p2b: Iron Hands|77\/100\n|move|p2b: Iron Hands|Heavy Slam|p1a: Ninetales\n|-supereffective|p1a: Ninetales\n|-damage|p1a: Ninetales|0 fnt\n|faint|p1a: Ninetales\n|\n|-weather|Snow|[upkeep]\n|upkeep\n|\n|t:|1699106227\n|switch|p1a: Sinistcha|Sinistcha|100\/100\n|-heal|p1b: Kommo-o|62\/100|[from] ability: Hospitality|[of] p1a: Sinistcha\n|turn|3\n|\n|t:|1699106243\n|-end|p2b: Iron Hands|Quark Drive|[silent]\n|switch|p2b: Flutter Mane|Flutter Mane|100\/100\n|move|p1a: Sinistcha|Rage Powder|p1a: Sinistcha\n|-singleturn|p1a: Sinistcha|move: Rage Powder\n|move|p2a: Roaring Moon|Knock Off|p1a: Sinistcha\n|-supereffective|p1a: Sinistcha\n|-damage|p1a: Sinistcha|0 fnt\n|-enditem|p1a: Sinistcha|Wiki Berry|[from] move: Knock Off|[of] p2a: Roaring Moon\n|faint|p1a: Sinistcha\n|move|p1b: Kommo-o|Clanging Scales|p2b: Flutter Mane|[spread] p2a\n|-immune|p2b: Flutter Mane\n|-damage|p2a: Roaring Moon|11\/100\n|-unboost|p1b: Kommo-o|def|1\n|\n|-weather|Snow|[upkeep]\n|upkeep\n|\n|t:|1699106257\n|switch|p1a: Iron Hands|Iron Hands|100\/100\n|turn|4\n|\n|t:|1699106267\n|-end|p2b: Flutter Mane|Protosynthesis|[silent]\n|switch|p2b: Heatran|Heatran, M|100\/100\n|move|p2a: Roaring Moon|Protect|p2a: Roaring Moon\n|-singleturn|p2a: Roaring Moon|Protect\n|move|p1a: Iron Hands|Fake Out|p2a: Roaring Moon\n|-activate|p2a: Roaring Moon|move: Protect\n|move|p1b: Kommo-o|Flash Cannon|p2b: Heatran\n|-resisted|p2b: Heatran\n|-damage|p2b: Heatran|91\/100\n|\n|-weather|Snow|[upkeep]\n|upkeep\n|turn|5\n|\n|t:|1699106291\n|switch|p2b: Flutter Mane|Flutter Mane|100\/100\n|move|p2a: Roaring Moon|Knock Off|p1b: Kommo-o\n|-damage|p1b: Kommo-o|26\/100\n|move|p1b: Kommo-o|Clanging Scales|p2a: Roaring Moon|[spread] p2a\n|-immune|p2b: Flutter Mane\n|-damage|p2a: Roaring Moon|0 fnt\n|faint|p2a: Roaring Moon\n|-end|p2a: Roaring Moon|Protosynthesis|[silent]\n|-unboost|p1b: Kommo-o|def|1\n|move|p1a: Iron Hands|Stomping Tantrum|p2b: Flutter Mane\n|-damage|p2b: Flutter Mane|55\/100\n|\n|-weather|none\n|upkeep\n|\n|t:|1699106302\n|switch|p2a: Ninetales|Ninetales-Alola, M|100\/100\n|-weather|Snow|[from] ability: Snow Warning|[of] p2a: Ninetales\n|turn|6\n|\n|t:|1699106313\n|move|p1b: Kommo-o|Flash Cannon|p2a: Ninetales\n|-supereffective|p2a: Ninetales\n|-damage|p2a: Ninetales|0 fnt\n|faint|p2a: Ninetales\n|move|p2b: Flutter Mane|Shadow Ball|p1b: Kommo-o\n|-damage|p1b: Kommo-o|0 fnt\n|faint|p1b: Kommo-o\n|move|p1a: Iron Hands|Wild Charge|p2b: Flutter Mane\n|-damage|p2b: Flutter Mane|0 fnt\n|faint|p2b: Flutter Mane\n|-end|p2b: Flutter Mane|Protosynthesis|[silent]\n|-damage|p1a: Iron Hands|93\/100|[from] Recoil\n|\n|-weather|Snow|[upkeep]\n|upkeep\n|\n|t:|1699106327\n|switch|p2b: Amoonguss|Amoonguss, F|100\/100\n|switch|p2a: Iron Hands|Iron Hands|77\/100\n|switch|p1b: Tornadus|Tornadus, M|100\/100\n|turn|7\n|\n|t:|1699106346\n|move|p2a: Iron Hands|Fake Out|p1b: Tornadus\n|-damage|p1b: Tornadus|74\/100\n|cant|p1b: Tornadus|flinch\n|move|p1a: Iron Hands|Stomping Tantrum|p2a: Iron Hands\n|-supereffective|p2a: Iron Hands\n|-damage|p2a: Iron Hands|37\/100\n|move|p2b: Amoonguss|Spore|p1b: Tornadus\n|-status|p1b: Tornadus|slp|[from] move: Spore\n|\n|-weather|Snow|[upkeep]\n|upkeep\n|turn|8\n|\n|t:|1699106359\n|cant|p1b: Tornadus|slp\n|move|p2a: Iron Hands|Drain Punch|p1a: Iron Hands\n|-damage|p1a: Iron Hands|67\/100\n|-heal|p2a: Iron Hands|51\/100|[from] drain|[of] p1a: Iron Hands\n|move|p1a: Iron Hands|Stomping Tantrum|p2a: Iron Hands\n|-supereffective|p2a: Iron Hands\n|-damage|p2a: Iron Hands|11\/100\n|move|p2b: Amoonguss|Spore|p1a: Iron Hands\n|-status|p1a: Iron Hands|slp|[from] move: Spore\n|\n|-weather|Snow|[upkeep]\n|upkeep\n|turn|9\n|\n|t:|1699106375\n|cant|p1b: Tornadus|slp\n|move|p2a: Iron Hands|Drain Punch|p1a: Iron Hands\n|-damage|p1a: Iron Hands|39\/100 slp\n|-heal|p2a: Iron Hands|26\/100|[from] drain|[of] p1a: Iron Hands\n|cant|p1a: Iron Hands|slp\n|move|p2b: Amoonguss|Pollen Puff|p2a: Iron Hands\n|-heal|p2a: Iron Hands|76\/100\n|\n|-weather|Snow|[upkeep]\n|upkeep\n|turn|10\n|inactive|SakakibaraKotone has 120 seconds left.\n|\n|t:|1699106406\n|-curestatus|p1b: Tornadus|slp|[msg]\n|move|p1b: Tornadus|Knock Off|p2b: Amoonguss\n|-damage|p2b: Amoonguss|80\/100\n|-damage|p1b: Tornadus|57\/100|[from] item: Rocky Helmet|[of] p2b: Amoonguss\n|-enditem|p2b: Amoonguss|Rocky Helmet|[from] move: Knock Off|[of] p1b: Tornadus\n|move|p2a: Iron Hands|Wild Charge|p1b: Tornadus\n|-supereffective|p1b: Tornadus\n|-damage|p1b: Tornadus|0 fnt\n|faint|p1b: Tornadus\n|-damage|p2a: Iron Hands|67\/100|[from] Recoil\n|cant|p1a: Iron Hands|slp\n|move|p2b: Amoonguss|Spore|p1a: Iron Hands\n|-fail|p1a: Iron Hands|slp\n|\n|-weather|none\n|upkeep\n|\n|t:|1699106414\n|switch|p1b: Volcanion|Volcanion|100\/100\n|turn|11\n|\n|t:|1699106425\n|move|p2b: Amoonguss|Protect|p2b: Amoonguss\n|-singleturn|p2b: Amoonguss|Protect\n|move|p1b: Volcanion|Heat Wave|p2a: Iron Hands|[spread] p2a\n|-activate|p2b: Amoonguss|move: Protect\n|-damage|p2a: Iron Hands|47\/100\n|move|p2a: Iron Hands|Wild Charge|p1b: Volcanion\n|-supereffective|p1b: Volcanion\n|-damage|p1b: Volcanion|18\/100\n|-damage|p2a: Iron Hands|32\/100|[from] Recoil\n|cant|p1a: Iron Hands|slp\n|\n|upkeep\n|turn|12\n|\n|t:|1699106453\n|move|p1b: Volcanion|Heat Wave|p2b: Amoonguss|[spread] p2a,p2b\n|-supereffective|p2b: Amoonguss\n|-damage|p2a: Iron Hands|12\/100\n|-damage|p2b: Amoonguss|12\/100\n|-status|p2a: Iron Hands|brn\n|move|p2a: Iron Hands|Drain Punch|p1b: Volcanion\n|-damage|p1b: Volcanion|2\/100\n|-heal|p2a: Iron Hands|18\/100 brn|[from] drain|[of] p1b: Volcanion\n|-curestatus|p1a: Iron Hands|slp|[msg]\n|move|p1a: Iron Hands|Drain Punch|p2a: Iron Hands\n|-damage|p2a: Iron Hands|0 fnt\n|-heal|p1a: Iron Hands|47\/100|[from] drain|[of] p2a: Iron Hands\n|faint|p2a: Iron Hands\n|-end|p2a: Iron Hands|Quark Drive|[silent]\n|move|p2b: Amoonguss|Spore|p1a: Iron Hands\n|-status|p1a: Iron Hands|slp|[from] move: Spore\n|\n|upkeep\n|inactive|SakakibaraKotone has 120 seconds left.\n|\n|t:|1699106464\n|switch|p2a: Heatran|Heatran, M|91\/100\n|turn|13\n|\n|t:|1699106476\n|move|p2b: Amoonguss|Protect|p2b: Amoonguss\n|-singleturn|p2b: Amoonguss|Protect\n|move|p2a: Heatran|Heat Wave|p1b: Volcanion|[spread] p1a,p1b\n|-resisted|p1b: Volcanion\n|-damage|p1a: Iron Hands|24\/100 slp\n|-damage|p1b: Volcanion|0 fnt\n|faint|p1b: Volcanion\n|cant|p1a: Iron Hands|slp\n|\n|upkeep\n|turn|14\n|\n|t:|1699106483\n|move|p2b: Amoonguss|Rage Powder|p2b: Amoonguss\n|-singleturn|p2b: Amoonguss|move: Rage Powder\n|move|p2a: Heatran|Earth Power|p1a: Iron Hands\n|-supereffective|p1a: Iron Hands\n|-damage|p1a: Iron Hands|0 fnt\n|faint|p1a: Iron Hands\n|-end|p1a: Iron Hands|Quark Drive|[silent]\n|\n|win|SakakibaraKotone\n|raw|Hueberfal12's rating: 1371 &rarr; <strong>1362<\/strong><br \/>(-9 for losing)\n|raw|SakakibaraKotone's rating: 1578 &rarr; <strong>1587<\/strong><br \/>(+9 for winning)\n|l|\u2606Hueberfal12\n","uploadtime":1699106503,"views":11,"p1id":"hueberfal12","p2id":"sakakibarakotone","formatid":"gen9doublesou","rating":1362,"private":0,"password":""}