{"id":"gen9doublesou-1973063246","p1":"Liam Doria Vinck","p2":"Pizzacat1720","format":"[Gen 9] Doubles OU","log":"|j|\u2606Liam Doria Vinck\n|j|\u2606Pizzacat1720\n|t:|1697923605\n|gametype|doubles\n|player|p1|Liam Doria Vinck|n|1263\n|player|p2|Pizzacat1720|linebacker|1344\n|teamsize|p1|6\n|teamsize|p2|6\n|gen|9\n|tier|[Gen 9] Doubles OU\n|rated|\n|rule|Species Clause: Limit one of each Pok\u00e9mon\n|rule|OHKO Clause: OHKO moves are banned\n|rule|Evasion Moves Clause: Evasion moves are banned\n|rule|Gravity Sleep Clause: The combination of sleep-inducing moves with imperfect accuracy and Gravity or Gigantamax Orbeetle are banned\n|rule|Endless Battle Clause: Forcing endless battles is banned\n|rule|HP Percentage Mod: HP is shown in percentages\n|clearpoke\n|poke|p1|Pachirisu, M|\n|poke|p1|Pikachu-Partner, M|\n|poke|p1|Iron Valiant|\n|poke|p1|Sableye, F|\n|poke|p1|Jirachi|\n|poke|p1|Shaymin-Sky|\n|poke|p2|Gogoat, M|\n|poke|p2|Rillaboom, M|\n|poke|p2|Goodra-Hisui, F|\n|poke|p2|Meowscarada, F|\n|poke|p2|Heatran, M|\n|poke|p2|Persian-Alola, M|\n|teampreview\n|\n|t:|1697923620\n|start\n|switch|p1a: Sableye|Sableye, F|100\/100\n|switch|p1b: Jirachi|Jirachi|100\/100\n|switch|p2a: Persian|Persian-Alola, M|100\/100\n|switch|p2b: Heatran|Heatran, M|100\/100\n|turn|1\n|\n|t:|1697923631\n|move|p1a: Sableye|Light Screen|p1a: Sableye\n|-sidestart|p1: Liam Doria Vinck|move: Light Screen\n|move|p2a: Persian|Fake Tears|p1a: Sableye\n|-unboost|p1a: Sableye|spd|2\n|move|p1b: Jirachi|Cosmic Power|p1b: Jirachi\n|-boost|p1b: Jirachi|def|1\n|-boost|p1b: Jirachi|spd|1\n|move|p2b: Heatran|Heat Wave|p1b: Jirachi|[spread] p1a\n|-miss|p2b: Heatran|p1b: Jirachi\n|-damage|p1a: Sableye|54\/100\n|\n|upkeep\n|turn|2\n|\n|t:|1697923654\n|move|p1a: Sableye|Disable|p2b: Heatran\n|-start|p2b: Heatran|Disable|Heat Wave\n|move|p2a: Persian|Fake Tears|p1b: Jirachi\n|-fail|p1b: Jirachi|unboost|[from] item: Clear Amulet|[of] p1b: Jirachi\n|move|p1b: Jirachi|Cosmic Power|p1b: Jirachi\n|-boost|p1b: Jirachi|def|1\n|-boost|p1b: Jirachi|spd|1\n|cant|p2b: Heatran|Disable|Heat Wave\n|\n|upkeep\n|turn|3\n|\n|t:|1697923674\n|move|p1a: Sableye|Encore|p2b: Heatran\n|-start|p2b: Heatran|Encore\n|move|p2a: Persian|Parting Shot|p1b: Jirachi\n|-fail|p1b: Jirachi|unboost|[from] item: Clear Amulet|[of] p1b: Jirachi\n|move|p1b: Jirachi|Iron Head|p2a: Persian\n|-damage|p2a: Persian|76\/100\n|cant|p2b: Heatran|Disable|Heat Wave\n|\n|upkeep\n|turn|4\n|\n|t:|1697923685\n|switch|p2b: Rillaboom|Rillaboom, M|100\/100\n|-fieldstart|move: Grassy Terrain|[from] ability: Grassy Surge|[of] p2b: Rillaboom\n|move|p1a: Sableye|Reflect|p1a: Sableye\n|-sidestart|p1: Liam Doria Vinck|Reflect\n|move|p2a: Persian|Dark Pulse|p1b: Jirachi\n|-supereffective|p1b: Jirachi\n|-damage|p1b: Jirachi|85\/100\n|move|p1b: Jirachi|Iron Head|p2a: Persian\n|-damage|p2a: Persian|53\/100\n|\n|-heal|p2a: Persian|58\/100|[from] Grassy Terrain\n|-heal|p1b: Jirachi|91\/100|[from] Grassy Terrain\n|-heal|p1a: Sableye|60\/100|[from] Grassy Terrain\n|upkeep\n|turn|5\n|\n|t:|1697923719\n|switch|p1a: Shaymin|Shaymin-Sky|100\/100\n|move|p2b: Rillaboom|Fake Out|p1b: Jirachi\n|-resisted|p1b: Jirachi\n|-damage|p1b: Jirachi|89\/100\n|move|p2a: Persian|Parting Shot|p1a: Shaymin\n|-unboost|p1a: Shaymin|atk|1\n|-unboost|p1a: Shaymin|spa|1\n|\n|t:|1697923724\n|switch|p2a: Heatran|Heatran, M|100\/100|[from] Parting Shot\n|cant|p1b: Jirachi|flinch\n|\n|-heal|p1b: Jirachi|95\/100|[from] Grassy Terrain\n|upkeep\n|turn|6\n|\n|t:|1697923739\n|switch|p1a: Pachirisu|Pachirisu, M|100\/100\n|switch|p2b: Goodra|Goodra-Hisui, F|100\/100\n|move|p1b: Jirachi|Baton Pass|p1b: Jirachi\n|\n|t:|1697923745\n|switch|p1b: Pikachu|Pikachu-Partner, M|100\/100|[from] Baton Pass\n|move|p2a: Heatran|Will-O-Wisp|p1b: Pikachu\n|-status|p1b: Pikachu|brn\n|\n|-damage|p1b: Pikachu|94\/100 brn|[from] brn\n|upkeep\n|turn|7\n|\n|t:|1697923758\n|-terastallize|p1b: Pikachu|Water\n|move|p1a: Pachirisu|Discharge|p2b: Goodra|[spread] p2a,p2b\n|-ability|p1b: Pikachu|Lightning Rod|boost\n|-boost|p1b: Pikachu|spa|1\n|-resisted|p2b: Goodra\n|-damage|p2a: Heatran|94\/100\n|-damage|p2b: Goodra|98\/100\n|move|p2b: Goodra|Acid Spray|p1a: Pachirisu\n|-damage|p1a: Pachirisu|91\/100\n|-unboost|p1a: Pachirisu|spd|2\n|move|p1b: Pikachu|Agility|p1b: Pikachu\n|-boost|p1b: Pikachu|spe|2\n|move|p2a: Heatran|Earth Power|p1b: Pikachu\n|-damage|p1b: Pikachu|76\/100 brn\n|\n|-heal|p1b: Pikachu|82\/100 brn|[from] Grassy Terrain\n|-heal|p1a: Pachirisu|97\/100|[from] Grassy Terrain\n|-heal|p2b: Goodra|100\/100|[from] Grassy Terrain\n|-heal|p2a: Heatran|99\/100|[from] Grassy Terrain\n|-heal|p2a: Heatran|100\/100|[from] item: Leftovers\n|-damage|p1b: Pikachu|76\/100 brn|[from] brn\n|upkeep\n|turn|8\n|\n|t:|1697923783\n|move|p2a: Heatran|Protect|p2a: Heatran\n|-singleturn|p2a: Heatran|Protect\n|move|p1a: Pachirisu|Follow Me|p1a: Pachirisu\n|-singleturn|p1a: Pachirisu|move: Follow Me\n|move|p1b: Pikachu|Discharge|p2a: Heatran|[spread] p2b\n|-activate|p2a: Heatran|move: Protect\n|-heal|p1a: Pachirisu|100\/100|[from] ability: Volt Absorb|[of] p1b: Pikachu\n|-resisted|p2b: Goodra\n|-damage|p2b: Goodra|86\/100\n|-status|p2b: Goodra|par\n|move|p2b: Goodra|Acid Spray|p1a: Pachirisu\n|-damage|p1a: Pachirisu|84\/100\n|-unboost|p1a: Pachirisu|spd|2\n|\n|-heal|p1b: Pikachu|82\/100 brn|[from] Grassy Terrain\n|-heal|p1a: Pachirisu|90\/100|[from] Grassy Terrain\n|-heal|p2b: Goodra|92\/100 par|[from] Grassy Terrain\n|-damage|p1b: Pikachu|76\/100 brn|[from] brn\n|-sideend|p1: Liam Doria Vinck|move: Light Screen\n|-fieldend|move: Grassy Terrain\n|upkeep\n|turn|9\n|\n|t:|1697923812\n|-terastallize|p2a: Heatran|Grass\n|move|p1a: Pachirisu|Follow Me|p1a: Pachirisu\n|-singleturn|p1a: Pachirisu|move: Follow Me\n|move|p1b: Pikachu|Discharge|p2a: Heatran|[spread] p2a,p2b\n|-heal|p1a: Pachirisu|100\/100|[from] ability: Volt Absorb|[of] p1b: Pikachu\n|-resisted|p2a: Heatran\n|-resisted|p2b: Goodra\n|-damage|p2a: Heatran|83\/100\n|-damage|p2b: Goodra|77\/100 par\n|move|p2a: Heatran|Heat Wave|p1b: Pikachu|[spread] p1a\n|-miss|p2a: Heatran|p1b: Pikachu\n|-damage|p1a: Pachirisu|6\/100\n|cant|p2b: Goodra|par\n|\n|-heal|p2a: Heatran|89\/100|[from] item: Leftovers\n|-damage|p1b: Pikachu|70\/100 brn|[from] brn\n|upkeep\n|turn|10\n|\n|t:|1697923833\n|move|p2a: Heatran|Protect|p2a: Heatran\n|-singleturn|p2a: Heatran|Protect\n|move|p1b: Pikachu|Discharge|p2b: Goodra|[spread] p2b\n|-activate|p2a: Heatran|move: Protect\n|-heal|p1a: Pachirisu|31\/100|[from] ability: Volt Absorb|[of] p1b: Pikachu\n|-resisted|p2b: Goodra\n|-damage|p2b: Goodra|60\/100 par\n|move|p1a: Pachirisu|Discharge|p2b: Goodra|[spread] p2b\n|-activate|p2a: Heatran|move: Protect\n|-ability|p1b: Pikachu|Lightning Rod|boost\n|-boost|p1b: Pikachu|spa|1\n|-resisted|p2b: Goodra\n|-damage|p2b: Goodra|58\/100 par\n|move|p2b: Goodra|Acid Spray|p1a: Pachirisu\n|-damage|p1a: Pachirisu|0 fnt\n|faint|p1a: Pachirisu\n|\n|-heal|p2a: Heatran|96\/100|[from] item: Leftovers\n|-damage|p1b: Pikachu|64\/100 brn|[from] brn\n|upkeep\n|\n|t:|1697923857\n|switch|p1a: Sableye|Sableye, F|60\/100\n|turn|11\n|\n|t:|1697923864\n|switch|p2a: Rillaboom|Rillaboom, M|100\/100\n|-fieldstart|move: Grassy Terrain|[from] ability: Grassy Surge|[of] p2a: Rillaboom\n|move|p1a: Sableye|Disable|p2b: Goodra\n|-start|p2b: Goodra|Disable|Acid Spray\n|move|p1b: Pikachu|Draining Kiss|p2a: Rillaboom\n|-damage|p2a: Rillaboom|40\/100\n|-heal|p1b: Pikachu|100\/100 brn|[from] drain|[of] p2a: Rillaboom\n|-enditem|p2a: Rillaboom|Eject Button\n|\n|t:|1697923873\n|switch|p2a: Gogoat|Gogoat, M, shiny|100\/100\n|-enditem|p2a: Gogoat|Grassy Seed\n|-boost|p2a: Gogoat|def|1|[from] item: Grassy Seed\n|cant|p2b: Goodra|Disable|Acid Spray\n|\n|-heal|p1a: Sableye|67\/100|[from] Grassy Terrain\n|-heal|p2b: Goodra|64\/100 par|[from] Grassy Terrain\n|-damage|p1b: Pikachu|94\/100 brn|[from] brn\n|-sideend|p1: Liam Doria Vinck|Reflect\n|upkeep\n|turn|12\n|\n|t:|1697923892\n|switch|p2b: Heatran|Heatran, M, tera:Grass|96\/100\n|move|p1a: Sableye|Encore||[still]\n|-fail|p1a: Sableye\n|move|p1b: Pikachu|Draining Kiss|p2a: Gogoat\n|-damage|p2a: Gogoat|75\/100\n|-heal|p1b: Pikachu|100\/100 brn|[from] drain|[of] p2a: Gogoat\n|move|p2a: Gogoat|Horn Leech|p1b: Pikachu\n|-supereffective|p1b: Pikachu\n|-damage|p1b: Pikachu|6\/100 brn\n|-heal|p2a: Gogoat|100\/100|[from] drain|[of] p1b: Pikachu\n|\n|-heal|p1b: Pikachu|13\/100 brn|[from] Grassy Terrain\n|-heal|p2b: Heatran|100\/100|[from] Grassy Terrain\n|-heal|p1a: Sableye|73\/100|[from] Grassy Terrain\n|-damage|p1b: Pikachu|6\/100 brn|[from] brn\n|upkeep\n|turn|13\n|\n|t:|1697923920\n|move|p1a: Sableye|Disable|p2a: Gogoat\n|-start|p2a: Gogoat|Disable|Horn Leech\n|move|p1b: Pikachu|Draining Kiss|p2a: Gogoat\n|-damage|p2a: Gogoat|74\/100\n|-heal|p1b: Pikachu|39\/100 brn|[from] drain|[of] p2a: Gogoat\n|move|p2b: Heatran|Earth Power|p1b: Pikachu\n|-damage|p1b: Pikachu|8\/100 brn\n|move|p2a: Gogoat|Earthquake|p1a: Sableye|[spread] p2b,p1a,p1b\n|-resisted|p2b: Heatran\n|-damage|p2b: Heatran|97\/100\n|-damage|p1a: Sableye|63\/100\n|-damage|p1b: Pikachu|0 fnt\n|faint|p1b: Pikachu\n|\n|-heal|p2b: Heatran|100\/100|[from] Grassy Terrain\n|-heal|p2a: Gogoat|80\/100|[from] Grassy Terrain\n|-heal|p1a: Sableye|69\/100|[from] Grassy Terrain\n|upkeep\n|\n|t:|1697923933\n|switch|p1b: Shaymin|Shaymin-Sky|100\/100\n|turn|14\n|\n|t:|1697923940\n|switch|p2a: Goodra|Goodra-Hisui, F|64\/100 par\n|move|p1a: Sableye|Light Screen|p1a: Sableye\n|-sidestart|p1: Liam Doria Vinck|move: Light Screen\n|move|p1b: Shaymin|Air Slash|p2b: Heatran\n|-supereffective|p2b: Heatran\n|-damage|p2b: Heatran|52\/100\n|cant|p2b: Heatran|flinch\n|\n|-heal|p2b: Heatran|59\/100|[from] Grassy Terrain\n|-heal|p2b: Heatran|65\/100|[from] item: Leftovers\n|-heal|p1a: Sableye|75\/100|[from] Grassy Terrain\n|-heal|p2a: Goodra|70\/100 par|[from] Grassy Terrain\n|upkeep\n|turn|15\n|\n|t:|1697923964\n|move|p1a: Sableye|Reflect|p1a: Sableye\n|-sidestart|p1: Liam Doria Vinck|Reflect\n|move|p1b: Shaymin|Air Slash|p2b: Heatran\n|-supereffective|p2b: Heatran\n|-damage|p2b: Heatran|16\/100\n|move|p2b: Heatran|Heat Wave|p1a: Sableye|[spread] \n|-miss|p2b: Heatran|p1a: Sableye\n|-miss|p2b: Heatran|p1b: Shaymin\n|move|p2a: Goodra|Acid Spray|p1b: Shaymin\n|-supereffective|p1b: Shaymin\n|-damage|p1b: Shaymin|78\/100\n|-unboost|p1b: Shaymin|spd|2\n|\n|-heal|p2b: Heatran|22\/100|[from] Grassy Terrain\n|-heal|p2b: Heatran|28\/100|[from] item: Leftovers\n|-heal|p1a: Sableye|82\/100|[from] Grassy Terrain\n|-heal|p2a: Goodra|76\/100 par|[from] Grassy Terrain\n|-fieldend|move: Grassy Terrain\n|upkeep\n|turn|16\n|\n|t:|1697923978\n|switch|p1b: Jirachi|Jirachi|95\/100\n|move|p2b: Heatran|Protect|p2b: Heatran\n|-singleturn|p2b: Heatran|Protect\n|move|p1a: Sableye|Disable|p2b: Heatran\n|-activate|p2b: Heatran|move: Protect\n|move|p2a: Goodra|Flamethrower|p1b: Jirachi\n|-supereffective|p1b: Jirachi\n|-damage|p1b: Jirachi|63\/100\n|-status|p1b: Jirachi|brn\n|\n|-heal|p2b: Heatran|35\/100|[from] item: Leftovers\n|-damage|p1b: Jirachi|57\/100 brn|[from] brn\n|upkeep\n|turn|17\n|\n|t:|1697923991\n|switch|p2b: Rillaboom|Rillaboom, M|40\/100\n|-fieldstart|move: Grassy Terrain|[from] ability: Grassy Surge|[of] p2b: Rillaboom\n|move|p1a: Sableye|Disable||[still]\n|-fail|p1a: Sableye\n|move|p1b: Jirachi|Cosmic Power|p1b: Jirachi\n|-boost|p1b: Jirachi|def|1\n|-boost|p1b: Jirachi|spd|1\n|cant|p2a: Goodra|par\n|\n|-heal|p1b: Jirachi|63\/100 brn|[from] Grassy Terrain\n|-heal|p2b: Rillaboom|47\/100|[from] Grassy Terrain\n|-heal|p1a: Sableye|88\/100|[from] Grassy Terrain\n|-heal|p2a: Goodra|82\/100 par|[from] Grassy Terrain\n|-damage|p1b: Jirachi|57\/100 brn|[from] brn\n|upkeep\n|turn|18\n|\n|t:|1697924004\n|move|p2b: Rillaboom|Fake Out|p1b: Jirachi\n|-resisted|p1b: Jirachi\n|-damage|p1b: Jirachi|54\/100 brn\n|move|p1a: Sableye|Disable|p2a: Goodra\n|-start|p2a: Goodra|Disable|Flamethrower\n|cant|p1b: Jirachi|flinch\n|cant|p2a: Goodra|Disable|Flamethrower\n|\n|-heal|p1b: Jirachi|61\/100 brn|[from] Grassy Terrain\n|-heal|p2b: Rillaboom|53\/100|[from] Grassy Terrain\n|-heal|p1a: Sableye|94\/100|[from] Grassy Terrain\n|-heal|p2a: Goodra|88\/100 par|[from] Grassy Terrain\n|-damage|p1b: Jirachi|54\/100 brn|[from] brn\n|upkeep\n|turn|19\n|\n|t:|1697924015\n|switch|p2a: Heatran|Heatran, M, tera:Grass|35\/100\n|move|p1a: Sableye|Encore|p2b: Rillaboom\n|-start|p2b: Rillaboom|Encore\n|move|p1b: Jirachi|Cosmic Power|p1b: Jirachi\n|-boost|p1b: Jirachi|def|1\n|-boost|p1b: Jirachi|spd|1\n|move|p2b: Rillaboom|Fake Out||[still]\n|-hint|Fake Out only works on your first turn out.\n|-fail|p2b: Rillaboom\n|\n|-heal|p1b: Jirachi|61\/100 brn|[from] Grassy Terrain\n|-heal|p2b: Rillaboom|59\/100|[from] Grassy Terrain\n|-heal|p2a: Heatran|41\/100|[from] Grassy Terrain\n|-heal|p2a: Heatran|47\/100|[from] item: Leftovers\n|-heal|p1a: Sableye|100\/100|[from] Grassy Terrain\n|-damage|p1b: Jirachi|54\/100 brn|[from] brn\n|upkeep\n|turn|20\n|\n|t:|1697924038\n|switch|p2b: Meowscarada|Meowscarada, F|100\/100\n|switch|p1a: Shaymin|Shaymin-Sky|78\/100\n|move|p1b: Jirachi|Baton Pass|p1b: Jirachi\n|\n|t:|1697924044\n|switch|p1b: Iron Valiant|Iron Valiant|100\/100|[from] Baton Pass\n|move|p2a: Heatran|Heat Wave|p1b: Iron Valiant|[spread] p1a,p1b\n|-supereffective|p1a: Shaymin\n|-damage|p1a: Shaymin|23\/100\n|-damage|p1b: Iron Valiant|85\/100\n|\n|-heal|p1b: Iron Valiant|91\/100|[from] Grassy Terrain\n|-heal|p2a: Heatran|53\/100|[from] Grassy Terrain\n|-heal|p2a: Heatran|60\/100|[from] item: Leftovers\n|upkeep\n|turn|21\n|\n|t:|1697924060\n|move|p2b: Meowscarada|Protect|p2b: Meowscarada\n|-singleturn|p2b: Meowscarada|Protect\n|move|p1a: Shaymin|Air Slash|p2b: Meowscarada\n|-activate|p2b: Meowscarada|move: Protect\n|move|p1b: Iron Valiant|Calm Mind|p1b: Iron Valiant\n|-boost|p1b: Iron Valiant|spa|1\n|-boost|p1b: Iron Valiant|spd|1\n|move|p2a: Heatran|Heat Wave|p1b: Iron Valiant|[spread] p1a,p1b\n|-supereffective|p1a: Shaymin\n|-damage|p1a: Shaymin|0 fnt\n|-damage|p1b: Iron Valiant|79\/100\n|faint|p1a: Shaymin\n|\n|-heal|p1b: Iron Valiant|85\/100|[from] Grassy Terrain\n|-heal|p2a: Heatran|66\/100|[from] Grassy Terrain\n|-heal|p2a: Heatran|72\/100|[from] item: Leftovers\n|-sideend|p1: Liam Doria Vinck|move: Light Screen\n|-fieldend|move: Grassy Terrain\n|upkeep\n|\n|t:|1697924073\n|switch|p1a: Jirachi|Jirachi|54\/100 brn\n|turn|22\n|\n|t:|1697924084\n|switch|p2a: Rillaboom|Rillaboom, M|59\/100\n|-fieldstart|move: Grassy Terrain|[from] ability: Grassy Surge|[of] p2a: Rillaboom\n|move|p2b: Meowscarada|Flower Trick|p1b: Iron Valiant\n|-crit|p1b: Iron Valiant\n|-damage|p1b: Iron Valiant|17\/100\n|move|p1b: Iron Valiant|Moonblast|p2b: Meowscarada\n|-supereffective|p2b: Meowscarada\n|-enditem|p2b: Meowscarada|Focus Sash\n|-damage|p2b: Meowscarada|1\/100\n|move|p1a: Jirachi|Cosmic Power|p1a: Jirachi\n|-boost|p1a: Jirachi|def|1\n|-boost|p1a: Jirachi|spd|1\n|\n|-heal|p2b: Meowscarada|7\/100|[from] Grassy Terrain\n|-heal|p1b: Iron Valiant|24\/100|[from] Grassy Terrain\n|-heal|p1a: Jirachi|61\/100 brn|[from] Grassy Terrain\n|-heal|p2a: Rillaboom|65\/100|[from] Grassy Terrain\n|-damage|p1a: Jirachi|54\/100 brn|[from] brn\n|-sideend|p1: Liam Doria Vinck|Reflect\n|upkeep\n|turn|23\n|c|\u2606Liam Doria Vinck|gg wp\n|-message|Liam Doria Vinck forfeited.\n|\n|win|Pizzacat1720\n|raw|Liam Doria Vinck's rating: 1263 &rarr; <strong>1244<\/strong><br \/>(-19 for losing)\n|raw|Pizzacat1720's rating: 1344 &rarr; <strong>1359<\/strong><br \/>(+15 for winning)\n|l|\u2606Liam Doria Vinck\n|c|\u2606Pizzacat1720|Gg\n","uploadtime":1697924125,"views":11,"p1id":"liamdoriavinck","p2id":"pizzacat1720","formatid":"gen9doublesou","rating":1244,"private":0,"password":""}