{"id":"gen9doublesou-1970193973","p1":"TheKingDrac","p2":"Rex Complex","format":"[Gen 9] Doubles OU","log":"|j|\u2606TheKingDrac\n|j|\u2606Rex Complex\n|t:|1697608227\n|gametype|doubles\n|player|p1|TheKingDrac|gambler|1314\n|player|p2|Rex Complex|swimmer-gen4dp|1298\n|teamsize|p1|6\n|teamsize|p2|6\n|gen|9\n|tier|[Gen 9] Doubles OU\n|rated|\n|rule|Species Clause: Limit one of each Pok\u00e9mon\n|rule|OHKO Clause: OHKO moves are banned\n|rule|Evasion Moves Clause: Evasion moves are banned\n|rule|Gravity Sleep Clause: The combination of sleep-inducing moves with imperfect accuracy and Gravity or Gigantamax Orbeetle are banned\n|rule|Endless Battle Clause: Forcing endless battles is banned\n|rule|HP Percentage Mod: HP is shown in percentages\n|clearpoke\n|poke|p1|Gholdengo|\n|poke|p1|Iron Hands|\n|poke|p1|Flutter Mane|\n|poke|p1|Amoonguss, F|\n|poke|p1|Ogerpon-Wellspring, F|\n|poke|p1|Heatran, F|\n|poke|p2|Gallade, M|\n|poke|p2|Hatterene, F|\n|poke|p2|Bronzong|\n|poke|p2|Farigiraf, F|\n|poke|p2|Slowbro, F|\n|poke|p2|Medicham, F|\n|teampreview\n|\n|t:|1697608239\n|start\n|switch|p1a: Gholdengo|Gholdengo|100\/100\n|switch|p1b: Iron Hands|Iron Hands|100\/100\n|switch|p2a: Hatterene|Hatterene, F|100\/100\n|switch|p2b: Bronzong|Bronzong|100\/100\n|turn|1\n|\n|t:|1697608253\n|move|p1b: Iron Hands|Fake Out|p2a: Hatterene\n|-damage|p2a: Hatterene|80\/100\n|move|p1a: Gholdengo|Nasty Plot|p1a: Gholdengo\n|-boost|p1a: Gholdengo|spa|2\n|cant|p2a: Hatterene|flinch\n|move|p2b: Bronzong|Trick Room|p2b: Bronzong\n|-fieldstart|move: Trick Room|[of] p2b: Bronzong\n|\n|-heal|p2a: Hatterene|86\/100|[from] item: Leftovers\n|upkeep\n|turn|2\n|\n|t:|1697608279\n|move|p2a: Hatterene|Dark Pulse|p1a: Gholdengo\n|-supereffective|p1a: Gholdengo\n|-damage|p1a: Gholdengo|22\/100\n|move|p2b: Bronzong|Zen Headbutt|p1b: Iron Hands\n|-supereffective|p1b: Iron Hands\n|-damage|p1b: Iron Hands|49\/100\n|move|p1b: Iron Hands|Drain Punch|p2b: Bronzong\n|-damage|p2b: Bronzong|55\/100\n|-heal|p1b: Iron Hands|62\/100|[from] drain|[of] p2b: Bronzong\n|move|p1a: Gholdengo|Nasty Plot|p1a: Gholdengo\n|-boost|p1a: Gholdengo|spa|2\n|\n|-heal|p2a: Hatterene|93\/100|[from] item: Leftovers\n|-heal|p2b: Bronzong|62\/100|[from] item: Leftovers\n|-heal|p1a: Gholdengo|28\/100|[from] item: Leftovers\n|upkeep\n|turn|3\n|\n|t:|1697608321\n|-end|p1b: Iron Hands|Quark Drive|[silent]\n|switch|p1b: Heatran|Heatran, F|100\/100\n|move|p1a: Gholdengo|Protect|p1a: Gholdengo\n|-singleturn|p1a: Gholdengo|Protect\n|move|p2a: Hatterene|Psychic|p1b: Heatran\n|-resisted|p1b: Heatran\n|-damage|p1b: Heatran|75\/100\n|-unboost|p1b: Heatran|spd|1\n|move|p2b: Bronzong|Zen Headbutt|p1b: Heatran\n|-resisted|p1b: Heatran\n|-damage|p1b: Heatran|58\/100\n|\n|-heal|p2a: Hatterene|99\/100|[from] item: Leftovers\n|-heal|p2b: Bronzong|68\/100|[from] item: Leftovers\n|-heal|p1a: Gholdengo|34\/100|[from] item: Leftovers\n|upkeep\n|turn|4\n|\n|t:|1697608355\n|switch|p2b: Slowbro|Slowbro, F|100\/100\n|move|p2a: Hatterene|Dark Pulse|p1a: Gholdengo\n|-supereffective|p1a: Gholdengo\n|-damage|p1a: Gholdengo|0 fnt\n|faint|p1a: Gholdengo\n|move|p1b: Heatran|Heat Wave|p2b: Slowbro|[spread] p2a,p2b\n|-resisted|p2b: Slowbro\n|-damage|p2a: Hatterene|50\/100\n|-damage|p2b: Slowbro|83\/100\n|\n|-heal|p2a: Hatterene|56\/100|[from] item: Leftovers\n|-heal|p2b: Slowbro|89\/100|[from] item: Leftovers\n|upkeep\n|\n|t:|1697608368\n|switch|p1a: Amoonguss|Amoonguss, F|100\/100\n|turn|5\n|\n|t:|1697608407\n|move|p1a: Amoonguss|Protect|p1a: Amoonguss\n|-singleturn|p1a: Amoonguss|Protect\n|move|p2a: Hatterene|Psychic|p1a: Amoonguss\n|-activate|p1a: Amoonguss|move: Protect\n|move|p2b: Slowbro|Scald|p1b: Heatran\n|-supereffective|p1b: Heatran\n|-damage|p1b: Heatran|0 fnt\n|faint|p1b: Heatran\n|\n|-heal|p2a: Hatterene|62\/100|[from] item: Leftovers\n|-heal|p2b: Slowbro|95\/100|[from] item: Leftovers\n|-fieldend|move: Trick Room\n|upkeep\n|\n|t:|1697608421\n|switch|p1b: Ogerpon|Ogerpon-Wellspring, F|100\/100\n|turn|6\n|\n|t:|1697608432\n|move|p1a: Amoonguss|Rage Powder|p1a: Amoonguss\n|-singleturn|p1a: Amoonguss|move: Rage Powder\n|move|p1b: Ogerpon|Horn Leech|p2b: Slowbro\n|-supereffective|p2b: Slowbro\n|-damage|p2b: Slowbro|8\/100\n|move|p2a: Hatterene|Psychic|p1a: Amoonguss\n|-supereffective|p1a: Amoonguss\n|-damage|p1a: Amoonguss|16\/100\n|-enditem|p1a: Amoonguss|Aguav Berry|[eat]\n|-heal|p1a: Amoonguss|49\/100|[from] item: Aguav Berry\n|move|p2b: Slowbro|Trick Room|p2b: Slowbro\n|-fieldstart|move: Trick Room|[of] p2b: Slowbro\n|\n|-heal|p2a: Hatterene|69\/100|[from] item: Leftovers\n|-heal|p2b: Slowbro|14\/100|[from] item: Leftovers\n|upkeep\n|turn|7\n|\n|t:|1697608452\n|switch|p2b: Bronzong|Bronzong|68\/100\n|move|p1a: Amoonguss|Protect|p1a: Amoonguss\n|-singleturn|p1a: Amoonguss|Protect\n|move|p1b: Ogerpon|Spiky Shield|p1b: Ogerpon\n|-singleturn|p1b: Ogerpon|move: Protect\n|move|p2a: Hatterene|Psychic|p1a: Amoonguss\n|-activate|p1a: Amoonguss|move: Protect\n|\n|-heal|p2a: Hatterene|75\/100|[from] item: Leftovers\n|-heal|p2b: Bronzong|74\/100|[from] item: Leftovers\n|upkeep\n|turn|8\n|\n|t:|1697608483\n|-terastallize|p1b: Ogerpon|Water\n|detailschange|p1b: Ogerpon|Ogerpon-Wellspring-Tera, F, tera:Water\n|-ability|p1b: Ogerpon|Embody Aspect (Wellspring)|boost\n|-boost|p1b: Ogerpon|spd|1\n|move|p2a: Hatterene|Psychic|p1a: Amoonguss\n|-supereffective|p1a: Amoonguss\n|-damage|p1a: Amoonguss|0 fnt\n|faint|p1a: Amoonguss\n|move|p2b: Bronzong|Zen Headbutt|p1b: Ogerpon\n|-damage|p1b: Ogerpon|54\/100\n|move|p1b: Ogerpon|Ivy Cudgel|p2b: Bronzong\n|-crit|p2b: Bronzong\n|-damage|p2b: Bronzong|0 fnt\n|faint|p2b: Bronzong\n|\n|-heal|p2a: Hatterene|81\/100|[from] item: Leftovers\n|upkeep\n|\n|t:|1697608500\n|switch|p1a: Iron Hands|Iron Hands|62\/100\n|switch|p2b: Gallade|Gallade, M|100\/100\n|turn|9\n|\n|t:|1697608515\n|move|p1a: Iron Hands|Fake Out|p2b: Gallade\n|-damage|p2b: Gallade|80\/100\n|move|p2a: Hatterene|Dazzling Gleam|p1b: Ogerpon|[spread] p1a,p1b\n|-supereffective|p1a: Iron Hands\n|-damage|p1a: Iron Hands|21\/100\n|-damage|p1b: Ogerpon|24\/100\n|cant|p2b: Gallade|flinch\n|move|p1b: Ogerpon|Horn Leech|p2a: Hatterene\n|-damage|p2a: Hatterene|30\/100\n|-heal|p1b: Ogerpon|46\/100|[from] drain|[of] p2a: Hatterene\n|\n|-heal|p2a: Hatterene|36\/100|[from] item: Leftovers\n|upkeep\n|turn|10\n|\n|t:|1697608535\n|move|p1b: Ogerpon|Spiky Shield|p1b: Ogerpon\n|-singleturn|p1b: Ogerpon|move: Protect\n|move|p2a: Hatterene|Dazzling Gleam|p1a: Iron Hands|[spread] p1a\n|-activate|p1b: Ogerpon|move: Protect\n|-supereffective|p1a: Iron Hands\n|-damage|p1a: Iron Hands|0 fnt\n|faint|p1a: Iron Hands\n|-end|p1a: Iron Hands|Quark Drive|[silent]\n|move|p2b: Gallade|Leaf Blade|p1b: Ogerpon\n|-activate|p1b: Ogerpon|move: Protect\n|-damage|p2b: Gallade|68\/100|[from] Spiky Shield|[of] p1b: Ogerpon\n|\n|-heal|p2a: Hatterene|42\/100|[from] item: Leftovers\n|-fieldend|move: Trick Room\n|upkeep\n|\n|t:|1697608550\n|switch|p1a: Flutter Mane|Flutter Mane|100\/100\n|-enditem|p1a: Flutter Mane|Booster Energy\n|-activate|p1a: Flutter Mane|ability: Protosynthesis|[fromitem]\n|-start|p1a: Flutter Mane|protosynthesisspe\n|turn|11\n|\n|t:|1697608564\n|move|p2b: Gallade|Wide Guard|p2b: Gallade\n|-singleturn|p2b: Gallade|Wide Guard\n|move|p1a: Flutter Mane|Dazzling Gleam|p2a: Hatterene|[spread] \n|-activate|p2a: Hatterene|move: Wide Guard\n|-activate|p2b: Gallade|move: Wide Guard\n|move|p1b: Ogerpon|Horn Leech|p2a: Hatterene\n|-damage|p2a: Hatterene|0 fnt\n|-heal|p1b: Ogerpon|64\/100|[from] drain|[of] p2a: Hatterene\n|faint|p2a: Hatterene\n|\n|upkeep\n|\n|t:|1697608576\n|switch|p2a: Medicham|Medicham, F|100\/100\n|turn|12\n|\n|t:|1697608584\n|move|p1b: Ogerpon|Spiky Shield|p1b: Ogerpon\n|-singleturn|p1b: Ogerpon|move: Protect\n|move|p2a: Medicham|Fake Out|p1b: Ogerpon\n|-activate|p1b: Ogerpon|move: Protect\n|-damage|p2a: Medicham|88\/100|[from] Spiky Shield|[of] p1b: Ogerpon\n|move|p1a: Flutter Mane|Dazzling Gleam|p2b: Gallade|[spread] p2a,p2b\n|-supereffective|p2a: Medicham\n|-supereffective|p2b: Gallade\n|-damage|p2a: Medicham|0 fnt\n|-damage|p2b: Gallade|0 fnt\n|faint|p2a: Medicham\n|faint|p2b: Gallade\n|\n|upkeep\n|\n|t:|1697608600\n|switch|p2b: Slowbro|Slowbro, F|47\/100\n|switch|p2a: Farigiraf|Farigiraf, F|100\/100\n|turn|13\n|\n|t:|1697608616\n|move|p1a: Flutter Mane|Protect|p1a: Flutter Mane\n|-singleturn|p1a: Flutter Mane|Protect\n|move|p1b: Ogerpon|Horn Leech|p2b: Slowbro\n|-supereffective|p2b: Slowbro\n|-damage|p2b: Slowbro|0 fnt\n|-heal|p1b: Ogerpon|90\/100|[from] drain|[of] p2b: Slowbro\n|faint|p2b: Slowbro\n|move|p2a: Farigiraf|Trick Room|p2a: Farigiraf\n|-fieldstart|move: Trick Room|[of] p2a: Farigiraf\n|\n|upkeep\n|turn|14\n|c|\u2606Rex Complex|GG\n|\n|t:|1697608640\n|move|p2a: Farigiraf|Thunderbolt|p1b: Ogerpon\n|-supereffective|p1b: Ogerpon\n|-damage|p1b: Ogerpon|38\/100\n|move|p1b: Ogerpon|Ivy Cudgel|p2a: Farigiraf\n|-damage|p2a: Farigiraf|21\/100\n|move|p1a: Flutter Mane|Shadow Ball|p2a: Farigiraf\n|-immune|p2a: Farigiraf\n|\n|-heal|p2a: Farigiraf|27\/100|[from] item: Leftovers\n|upkeep\n|turn|15\n|\n|t:|1697608662\n|move|p1b: Ogerpon|Spiky Shield|p1b: Ogerpon\n|-singleturn|p1b: Ogerpon|move: Protect\n|move|p2a: Farigiraf|Thunderbolt|p1a: Flutter Mane\n|-damage|p1a: Flutter Mane|69\/100\n|move|p1a: Flutter Mane|Moonblast|p2a: Farigiraf\n|-damage|p2a: Farigiraf|0 fnt\n|faint|p2a: Farigiraf\n|\n|win|TheKingDrac\n|raw|TheKingDrac's rating: 1314 &rarr; <strong>1333<\/strong><br \/>(+19 for winning)\n|raw|Rex Complex's rating: 1298 &rarr; <strong>1274<\/strong><br \/>(-24 for losing)\n|l|\u2606Rex Complex\n","uploadtime":1697608675,"views":19,"p1id":"thekingdrac","p2id":"rexcomplex","formatid":"gen9doublesou","rating":1274,"private":0,"password":""}