{"id":"gen9doublesou-1991464227","p1":"Trabaguana123","p2":"Agme","format":"[Gen 9] Doubles OU","log":"|j|\u2606Trabaguana123\n|j|\u2606Agme\n|t:|1700079375\n|gametype|doubles\n|player|p1|Trabaguana123|shadowtriad|1496\n|player|p2|Agme|102|1745\n|teamsize|p1|6\n|teamsize|p2|6\n|gen|9\n|tier|[Gen 9] Doubles OU\n|rated|\n|rule|Species Clause: Limit one of each Pok\u00e9mon\n|rule|OHKO Clause: OHKO moves are banned\n|rule|Evasion Moves Clause: Evasion moves are banned\n|rule|Gravity Sleep Clause: The combination of sleep-inducing moves with imperfect accuracy and Gravity or Gigantamax Orbeetle are banned\n|rule|Endless Battle Clause: Forcing endless battles is banned\n|rule|HP Percentage Mod: HP is shown in percentages\n|clearpoke\n|poke|p1|Gholdengo|\n|poke|p1|Murkrow, F|\n|poke|p1|Flutter Mane|\n|poke|p1|Iron Hands|\n|poke|p1|Garchomp, F|\n|poke|p1|Chi-Yu|\n|poke|p2|Flutter Mane|\n|poke|p2|Dragonite, M|\n|poke|p2|Goodra-Hisui, M|\n|poke|p2|Kleavor, M|\n|poke|p2|Zapdos|\n|poke|p2|Volcanion|\n|teampreview\n|\n|t:|1700079387\n|start\n|switch|p1a: Flutter Mane|Flutter Mane|100\/100\n|switch|p1b: Chi-Yu|Chi-Yu|100\/100\n|switch|p2a: Volcanion|Volcanion|100\/100\n|switch|p2b: Flutter Mane|Flutter Mane|100\/100\n|-ability|p1b: Chi-Yu|Beads of Ruin\n|turn|1\n|\n|t:|1700079404\n|move|p2b: Flutter Mane|Protect|p2b: Flutter Mane\n|-singleturn|p2b: Flutter Mane|Protect\n|move|p1b: Chi-Yu|Dark Pulse|p2a: Volcanion\n|-damage|p2a: Volcanion|61\/100\n|move|p1a: Flutter Mane|Power Gem|p2a: Volcanion\n|-supereffective|p2a: Volcanion\n|-damage|p2a: Volcanion|0 fnt\n|faint|p2a: Volcanion\n|-damage|p1a: Flutter Mane|91\/100|[from] item: Life Orb\n|\n|upkeep\n|\n|t:|1700079416\n|switch|p2a: Goodra|Goodra-Hisui, M|100\/100\n|turn|2\n|\n|t:|1700079422\n|move|p2b: Flutter Mane|Shadow Ball|p1a: Flutter Mane\n|-supereffective|p1a: Flutter Mane\n|-damage|p1a: Flutter Mane|0 fnt\n|faint|p1a: Flutter Mane\n|-end|p1a: Flutter Mane|Protosynthesis|[silent]\n|move|p1b: Chi-Yu|Dark Pulse|p2a: Goodra\n|-damage|p2a: Goodra|58\/100\n|move|p2a: Goodra|Acid Armor|p2a: Goodra\n|-boost|p2a: Goodra|def|2\n|\n|-heal|p2a: Goodra|64\/100|[from] item: Leftovers\n|upkeep\n|\n|t:|1700079427\n|switch|p1a: Garchomp|Garchomp, F|100\/100\n|turn|3\n|\n|t:|1700079439\n|-terastallize|p1a: Garchomp|Steel\n|move|p2b: Flutter Mane|Dazzling Gleam|p1a: Garchomp|[spread] p1a,p1b\n|-resisted|p1a: Garchomp\n|-damage|p1a: Garchomp|79\/100\n|-damage|p1b: Chi-Yu|66\/100\n|move|p1b: Chi-Yu|Dark Pulse|p2b: Flutter Mane\n|-damage|p2b: Flutter Mane|38\/100\n|move|p1a: Garchomp|Earthquake|p2a: Goodra|[spread] p1b,p2a,p2b\n|-supereffective|p1b: Chi-Yu\n|-supereffective|p2a: Goodra\n|-damage|p1b: Chi-Yu|0 fnt\n|-damage|p2a: Goodra|32\/100\n|-damage|p2b: Flutter Mane|0 fnt\n|faint|p1b: Chi-Yu\n|faint|p2b: Flutter Mane\n|-end|p2b: Flutter Mane|Protosynthesis|[silent]\n|move|p2a: Goodra|Ice Beam|p1a: Garchomp\n|-resisted|p1a: Garchomp\n|-damage|p1a: Garchomp|69\/100\n|\n|-heal|p2a: Goodra|38\/100|[from] item: Leftovers\n|upkeep\n|\n|t:|1700079458\n|switch|p2b: Zapdos|Zapdos|100\/100\n|switch|p1b: Murkrow|Murkrow, F|100\/100\n|turn|4\n|\n|t:|1700079467\n|move|p1b: Murkrow|Haze|p1b: Murkrow\n|-clearallboost\n|move|p1a: Garchomp|Earthquake|p2b: Zapdos|[spread] p2a\n|-immune|p1b: Murkrow\n|-immune|p2b: Zapdos\n|-supereffective|p2a: Goodra\n|-damage|p2a: Goodra|0 fnt\n|faint|p2a: Goodra\n|move|p2b: Zapdos|Heat Wave|p1a: Garchomp|[spread] p1a,p1b\n|-supereffective|p1a: Garchomp\n|-crit|p1a: Garchomp\n|-damage|p1a: Garchomp|0 fnt\n|-damage|p1b: Murkrow|75\/100\n|faint|p1a: Garchomp\n|\n|upkeep\n|inactive|Battle timer is ON: inactive players will automatically lose when time's up. (requested by Trabaguana123)\n|\n|t:|1700079482\n|switch|p1a: Gholdengo|Gholdengo|100\/100\n|switch|p2a: Kleavor|Kleavor, M|100\/100\n|turn|5\n|\n|t:|1700079492\n|move|p1b: Murkrow|Tailwind|p1b: Murkrow\n|-sidestart|p1: Trabaguana123|move: Tailwind\n|move|p1a: Gholdengo|Make It Rain|p2a: Kleavor|[spread] p2a,p2b\n|-supereffective|p2a: Kleavor\n|-resisted|p2b: Zapdos\n|-enditem|p2a: Kleavor|Focus Sash\n|-damage|p2a: Kleavor|1\/100\n|-damage|p2b: Zapdos|78\/100\n|-unboost|p1a: Gholdengo|spa|1\n|move|p2a: Kleavor|Stone Axe|p1b: Murkrow\n|-supereffective|p1b: Murkrow\n|-damage|p1b: Murkrow|0 fnt\n|-sidestart|p1: Trabaguana123|move: Stealth Rock\n|faint|p1b: Murkrow\n|move|p2b: Zapdos|Heat Wave|p1a: Gholdengo|[miss]\n|-miss|p2b: Zapdos|p1a: Gholdengo\n|\n|upkeep\n|\n|t:|1700079501\n|switch|p1b: Iron Hands|Iron Hands|100\/100\n|-damage|p1b: Iron Hands|94\/100|[from] Stealth Rock\n|turn|6\n|\n|t:|1700079513\n|move|p1b: Iron Hands|Fake Out|p2b: Zapdos\n|-damage|p2b: Zapdos|64\/100\n|-damage|p1b: Iron Hands|78\/100|[from] item: Rocky Helmet|[of] p2b: Zapdos\n|move|p1a: Gholdengo|Nasty Plot|p1a: Gholdengo\n|-boost|p1a: Gholdengo|spa|2\n|move|p2a: Kleavor|Tailwind|p2a: Kleavor\n|-sidestart|p2: Agme|move: Tailwind\n|cant|p2b: Zapdos|flinch\n|\n|-heal|p1b: Iron Hands|84\/100|[from] item: Leftovers\n|upkeep\n|turn|7\n|\n|t:|1700079531\n|move|p2a: Kleavor|Close Combat|p1b: Iron Hands\n|-damage|p1b: Iron Hands|59\/100\n|-unboost|p2a: Kleavor|def|1\n|-unboost|p2a: Kleavor|spd|1\n|move|p1a: Gholdengo|Shadow Ball|p2b: Zapdos\n|-damage|p2b: Zapdos|5\/100\n|move|p2b: Zapdos|Heat Wave|p1a: Gholdengo|[spread] p1a\n|-miss|p2b: Zapdos|p1b: Iron Hands\n|-supereffective|p1a: Gholdengo\n|-damage|p1a: Gholdengo|44\/100\n|-status|p1a: Gholdengo|brn\n|move|p1b: Iron Hands|Ice Punch|p2b: Zapdos\n|-supereffective|p2b: Zapdos\n|-damage|p2b: Zapdos|0 fnt\n|-damage|p1b: Iron Hands|42\/100|[from] item: Rocky Helmet|[of] p2b: Zapdos\n|faint|p2b: Zapdos\n|\n|-heal|p1a: Gholdengo|50\/100 brn|[from] item: Leftovers\n|-heal|p1b: Iron Hands|48\/100|[from] item: Leftovers\n|-damage|p1a: Gholdengo|44\/100 brn|[from] brn\n|upkeep\n|\n|t:|1700079554\n|switch|p2b: Dragonite|Dragonite, M|100\/100\n|turn|8\n|\n|t:|1700079563\n|move|p2a: Kleavor|Close Combat|p1b: Iron Hands\n|-damage|p1b: Iron Hands|25\/100\n|-unboost|p2a: Kleavor|def|1\n|-unboost|p2a: Kleavor|spd|1\n|move|p1a: Gholdengo|Make It Rain|p2a: Kleavor|[spread] p2a,p2b\n|-supereffective|p2a: Kleavor\n|-damage|p2a: Kleavor|0 fnt\n|-damage|p2b: Dragonite|66\/100\n|-unboost|p1a: Gholdengo|spa|1\n|faint|p2a: Kleavor\n|move|p2b: Dragonite|Earthquake|p1b: Iron Hands|[spread] p1a,p1b\n|-supereffective|p1a: Gholdengo\n|-supereffective|p1b: Iron Hands\n|-damage|p1a: Gholdengo|0 fnt\n|-damage|p1b: Iron Hands|0 fnt\n|faint|p1a: Gholdengo\n|faint|p1b: Iron Hands\n|-end|p1b: Iron Hands|Quark Drive|[silent]\n|\n|win|Agme\n|raw|Trabaguana123's rating: 1496 &rarr; <strong>1488<\/strong><br \/>(-8 for losing)\n|raw|Agme's rating: 1745 &rarr; <strong>1753<\/strong><br \/>(+8 for winning)\n|l|\u2606Trabaguana123\n|l|\u2606Agme\n","uploadtime":1700080214,"views":7,"p1id":"trabaguana123","p2id":"agme","formatid":"gen9doublesou","rating":1488,"private":0,"password":""}