{"id":"gen9doublesou-1972839617","p1":"ganymedes17","p2":"badplayerisplaying","format":"[Gen 9] Doubles OU","log":"|j|\u2606ganymedes17\n|j|\u2606badplayerisplaying\n|t:|1697900962\n|gametype|doubles\n|player|p1|ganymedes17|169|1371\n|player|p2|badplayerisplaying|tuber|1321\n|teamsize|p1|6\n|teamsize|p2|6\n|gen|9\n|tier|[Gen 9] Doubles OU\n|rated|\n|rule|Species Clause: Limit one of each Pok\u00e9mon\n|rule|OHKO Clause: OHKO moves are banned\n|rule|Evasion Moves Clause: Evasion moves are banned\n|rule|Gravity Sleep Clause: The combination of sleep-inducing moves with imperfect accuracy and Gravity or Gigantamax Orbeetle are banned\n|rule|Endless Battle Clause: Forcing endless battles is banned\n|rule|HP Percentage Mod: HP is shown in percentages\n|clearpoke\n|poke|p1|Flutter Mane|\n|poke|p1|Amoonguss, F|\n|poke|p1|Torkoal, F|\n|poke|p1|Iron Hands|\n|poke|p1|Ursaluna, F|\n|poke|p1|Cresselia, F|\n|poke|p2|Meowscarada, F|\n|poke|p2|Empoleon, F|\n|poke|p2|Ninetales-Alola, F|\n|poke|p2|Armarouge, F|\n|poke|p2|Indeedee-F, F|\n|poke|p2|Garganacl, M|\n|teampreview\n|inactive|Battle timer is ON: inactive players will automatically lose when time's up. (requested by ganymedes17)\n|\n|t:|1697900983\n|start\n|switch|p1a: Amoonguss|Amoonguss, F, shiny|100\/100\n|switch|p1b: Cresselia|Cresselia, F, shiny|100\/100\n|switch|p2a: Meowscarada|Meowscarada, F|100\/100\n|switch|p2b: Empoleon|Empoleon, F|100\/100\n|turn|1\n|\n|t:|1697901003\n|move|p2a: Meowscarada|Taunt|p1a: Amoonguss\n|-start|p2a: Meowscarada|typechange|Dark|[from] ability: Protean\n|-start|p1a: Amoonguss|move: Taunt\n|move|p2b: Empoleon|Water Pledge|p1b: Cresselia\n|-damage|p1b: Cresselia|75\/100\n|cant|p1a: Amoonguss|move: Taunt|Spore\n|move|p1b: Cresselia|Trick Room|p1b: Cresselia\n|-fieldstart|move: Trick Room|[of] p1b: Cresselia\n|\n|upkeep\n|turn|2\n|inactive|ganymedes17 has 120 seconds left.\n|inactive|badplayerisplaying has 120 seconds left.\n|\n|t:|1697901040\n|switch|p1a: Iron Hands|Iron Hands, shiny|100\/100\n|switch|p2a: Ninetales|Ninetales-Alola, F|100\/100\n|-weather|Snow|[from] ability: Snow Warning|[of] p2a: Ninetales\n|-terastallize|p1b: Cresselia|Fairy\n|move|p2b: Empoleon|Blizzard|p1b: Cresselia|[spread] p1a,p1b\n|-damage|p1a: Iron Hands|86\/100\n|-damage|p1b: Cresselia|58\/100\n|move|p1b: Cresselia|Moonblast|p2a: Ninetales\n|-damage|p2a: Ninetales|72\/100\n|\n|-weather|Snow|[upkeep]\n|upkeep\n|turn|3\n|inactive|badplayerisplaying has 120 seconds left.\n|inactive|ganymedes17 has 120 seconds left.\n|\n|t:|1697901069\n|move|p1b: Cresselia|Helping Hand|p1a: Iron Hands\n|-singleturn|p1a: Iron Hands|Helping Hand|[of] p1b: Cresselia\n|move|p1a: Iron Hands|Drain Punch|p2b: Empoleon\n|-supereffective|p2b: Empoleon\n|-damage|p2b: Empoleon|0 fnt\n|-heal|p1a: Iron Hands|100\/100|[from] drain|[of] p2b: Empoleon\n|faint|p2b: Empoleon\n|move|p2a: Ninetales|Aurora Veil|p2a: Ninetales\n|-sidestart|p2: badplayerisplaying|move: Aurora Veil\n|\n|-weather|Snow|[upkeep]\n|upkeep\n|inactive|badplayerisplaying has 120 seconds left.\n|\n|t:|1697901085\n|switch|p2b: Armarouge|Armarouge, F|100\/100\n|turn|4\n|inactive|badplayerisplaying has 120 seconds left.\n|\n|t:|1697901108\n|switch|p2a: Indeedee|Indeedee-F, F|100\/100\n|-fieldstart|move: Psychic Terrain|[from] ability: Psychic Surge|[of] p2a: Indeedee\n|-enditem|p2a: Indeedee|Psychic Seed\n|-boost|p2a: Indeedee|spd|1|[from] item: Psychic Seed\n|move|p1b: Cresselia|Helping Hand|p1a: Iron Hands\n|-singleturn|p1a: Iron Hands|Helping Hand|[of] p1b: Cresselia\n|move|p1a: Iron Hands|Wild Charge|p2b: Armarouge\n|-damage|p2b: Armarouge|51\/100\n|-ability|p2b: Armarouge|Weak Armor|boost\n|-unboost|p2b: Armarouge|def|1\n|-boost|p2b: Armarouge|spe|2\n|-damage|p1a: Iron Hands|92\/100|[from] Recoil\n|move|p2b: Armarouge|Expanding Force|p1b: Cresselia|[spread] p1a,p1b\n|-supereffective|p1a: Iron Hands\n|-damage|p1a: Iron Hands|23\/100\n|-damage|p1b: Cresselia|20\/100\n|\n|-weather|Snow|[upkeep]\n|upkeep\n|turn|5\n|inactive|badplayerisplaying has 120 seconds left.\n|\n|t:|1697901133\n|move|p2a: Indeedee|Follow Me|p2a: Indeedee\n|-singleturn|p2a: Indeedee|move: Follow Me\n|move|p1a: Iron Hands|Wild Charge|p2a: Indeedee\n|-damage|p2a: Indeedee|52\/100\n|-damage|p1a: Iron Hands|15\/100|[from] Recoil\n|move|p1b: Cresselia|Lunar Blessing|p1b: Cresselia|[spread] p1a,p1b\n|-heal|p1a: Iron Hands|40\/100\n|-heal|p1b: Cresselia|45\/100\n|move|p2b: Armarouge|Expanding Force|p1b: Cresselia|[spread] p1a,p1b\n|-supereffective|p1a: Iron Hands\n|-damage|p1a: Iron Hands|0 fnt\n|-damage|p1b: Cresselia|6\/100\n|faint|p1a: Iron Hands\n|-end|p1a: Iron Hands|Quark Drive|[silent]\n|\n|-weather|Snow|[upkeep]\n|-fieldend|move: Trick Room\n|upkeep\n|\n|t:|1697901148\n|switch|p1a: Flutter Mane|Flutter Mane, shiny|100\/100\n|turn|6\n|\n|t:|1697901159\n|switch|p1b: Torkoal|Torkoal, F, shiny|100\/100\n|-weather|SunnyDay|[from] ability: Drought|[of] p1b: Torkoal\n|-activate|p1a: Flutter Mane|ability: Protosynthesis\n|-start|p1a: Flutter Mane|protosynthesisspe\n|move|p1a: Flutter Mane|Dazzling Gleam|p2a: Indeedee|[spread] p2a,p2b\n|-resisted|p2b: Armarouge\n|-damage|p2a: Indeedee|33\/100\n|-damage|p2b: Armarouge|32\/100\n|move|p2b: Armarouge|Expanding Force|p1a: Flutter Mane|[spread] p1a,p1b\n|-damage|p1a: Flutter Mane|34\/100\n|-damage|p1b: Torkoal|30\/100\n|move|p2a: Indeedee|Heal Pulse|p2b: Armarouge\n|-heal|p2b: Armarouge|82\/100\n|\n|-weather|SunnyDay|[upkeep]\n|upkeep\n|turn|7\n|\n|t:|1697901180\n|move|p2a: Indeedee|Follow Me|p2a: Indeedee\n|-singleturn|p2a: Indeedee|move: Follow Me\n|move|p1a: Flutter Mane|Dazzling Gleam|p2b: Armarouge|[spread] p2a,p2b\n|-resisted|p2b: Armarouge\n|-damage|p2a: Indeedee|12\/100\n|-damage|p2b: Armarouge|65\/100\n|move|p2b: Armarouge|Expanding Force|p1b: Torkoal|[spread] p1a,p1b\n|-damage|p1a: Flutter Mane|0 fnt\n|-damage|p1b: Torkoal|0 fnt\n|faint|p1a: Flutter Mane\n|-end|p1a: Flutter Mane|Protosynthesis|[silent]\n|faint|p1b: Torkoal\n|\n|-weather|SunnyDay|[upkeep]\n|-sideend|p2: badplayerisplaying|move: Aurora Veil\n|upkeep\n|\n|t:|1697901192\n|switch|p1a: Amoonguss|Amoonguss, F, shiny|100\/100\n|switch|p1b: Ursaluna|Ursaluna, F, shiny|100\/100\n|turn|8\n|\n|t:|1697901214\n|switch|p2a: Ninetales|Ninetales-Alola, F|72\/100\n|-weather|Snow|[from] ability: Snow Warning|[of] p2a: Ninetales\n|move|p2b: Armarouge|Expanding Force|p1b: Ursaluna|[spread] p1a,p1b\n|-supereffective|p1a: Amoonguss\n|-crit|p1b: Ursaluna\n|-enditem|p1a: Amoonguss|Focus Sash\n|-damage|p1a: Amoonguss|1\/100\n|-damage|p1b: Ursaluna|17\/100\n|move|p1b: Ursaluna|Facade|p2a: Ninetales\n|-damage|p2a: Ninetales|34\/100\n|move|p1a: Amoonguss|Spore|p2b: Armarouge\n|-status|p2b: Armarouge|slp|[from] move: Spore\n|\n|-weather|Snow|[upkeep]\n|-fieldend|move: Psychic Terrain\n|-status|p1b: Ursaluna|brn|[from] item: Flame Orb\n|upkeep\n|turn|9\n|inactive|badplayerisplaying has 120 seconds left.\n|\n|t:|1697901263\n|switch|p1a: Cresselia|Cresselia, F, shiny, tera:Fairy|6\/100\n|cant|p2b: Armarouge|slp\n|move|p2a: Ninetales|Blizzard|p1a: Cresselia|[spread] p1a,p1b\n|-supereffective|p1b: Ursaluna\n|-damage|p1a: Cresselia|0 fnt\n|-damage|p1b: Ursaluna|0 fnt\n|faint|p1a: Cresselia\n|faint|p1b: Ursaluna\n|\n|-weather|Snow|[upkeep]\n|upkeep\n|\n|t:|1697901273\n|switch|p1b: Amoonguss|Amoonguss, F, shiny|34\/100\n|turn|10\n|-message|ganymedes17 forfeited.\n|\n|win|badplayerisplaying\n|raw|ganymedes17's rating: 1371 &rarr; <strong>1348<\/strong><br \/>(-23 for losing)\n|raw|badplayerisplaying's rating: 1321 &rarr; <strong>1344<\/strong><br \/>(+23 for winning)\n|l|\u2606ganymedes17\n","uploadtime":1697901282,"views":10,"p1id":"ganymedes17","p2id":"badplayerisplaying","formatid":"gen9doublesou","rating":1344,"private":0,"password":""}