{"id":"gen9doublesou-1991670783","p1":"Gableables","p2":"Justy-pregymleader","format":"[Gen 9] Doubles OU","log":"|j|\u2606Gableables\n|j|\u2606Justy-pregymleader\n|t:|1700100793\n|gametype|doubles\n|player|p1|Gableables|marlon|1250\n|player|p2|Justy-pregymleader|lucian|1330\n|teamsize|p1|6\n|teamsize|p2|6\n|gen|9\n|tier|[Gen 9] Doubles OU\n|rated|\n|rule|Species Clause: Limit one of each Pok\u00e9mon\n|rule|OHKO Clause: OHKO moves are banned\n|rule|Evasion Moves Clause: Evasion moves are banned\n|rule|Gravity Sleep Clause: The combination of sleep-inducing moves with imperfect accuracy and Gravity or Gigantamax Orbeetle are banned\n|rule|Endless Battle Clause: Forcing endless battles is banned\n|rule|HP Percentage Mod: HP is shown in percentages\n|clearpoke\n|poke|p1|Snorlax, M|\n|poke|p1|Sinistcha|\n|poke|p1|Clefairy, F|\n|poke|p1|Kommo-o, F|\n|poke|p1|Landorus-Therian, M|\n|poke|p1|Iron Hands|\n|poke|p2|Rockruff, L1, F|\n|poke|p2|Arcanine-Hisui, M|\n|poke|p2|Gastrodon, M|\n|poke|p2|Hippowdon, M|\n|poke|p2|Great Tusk|\n|poke|p2|Tyranitar, F|\n|teampreview\n|inactive|Battle timer is ON: inactive players will automatically lose when time's up. (requested by Justy-pregymleader)\n|\n|t:|1700100809\n|start\n|switch|p1a: Melatonin|Snorlax, M|100\/100\n|switch|p1b: Deez Hands|Iron Hands|100\/100\n|switch|p2a: Rockruff|Rockruff, L1, F|100\/100\n|switch|p2b: Hippowdon|Hippowdon, M|100\/100\n|-weather|Sandstorm|[from] ability: Sand Stream|[of] p2b: Hippowdon\n|turn|1\n|\n|t:|1700100813\n|move|p2a: Rockruff|Protect|p2a: Rockruff\n|-singleturn|p2a: Rockruff|Protect\n|move|p1b: Deez Hands|Fake Out|p2a: Rockruff\n|-activate|p2a: Rockruff|move: Protect\n|move|p2b: Hippowdon|Curse|p2b: Hippowdon\n|-unboost|p2b: Hippowdon|spe|1\n|-boost|p2b: Hippowdon|atk|1\n|-boost|p2b: Hippowdon|def|1\n|move|p1a: Melatonin|Facade|p2a: Rockruff\n|-activate|p2a: Rockruff|move: Protect\n|\n|-weather|Sandstorm|[upkeep]\n|-damage|p1b: Deez Hands|94\/100|[from] Sandstorm\n|-damage|p1a: Melatonin|94\/100|[from] Sandstorm\n|upkeep\n|turn|2\n|\n|t:|1700100834\n|move|p1b: Deez Hands|Drain Punch|p2a: Rockruff\n|-supereffective|p2a: Rockruff\n|-enditem|p2a: Rockruff|Focus Sash\n|-damage|p2a: Rockruff|10\/100\n|-heal|p1b: Deez Hands|95\/100|[from] drain|[of] p2a: Rockruff\n|move|p1a: Melatonin|Facade|p2a: Rockruff\n|-resisted|p2a: Rockruff\n|-damage|p2a: Rockruff|0 fnt\n|faint|p2a: Rockruff\n|move|p2b: Hippowdon|Curse|p2b: Hippowdon\n|-unboost|p2b: Hippowdon|spe|1\n|-boost|p2b: Hippowdon|atk|1\n|-boost|p2b: Hippowdon|def|1\n|\n|-weather|Sandstorm|[upkeep]\n|-damage|p1b: Deez Hands|89\/100|[from] Sandstorm\n|-damage|p1a: Melatonin|88\/100|[from] Sandstorm\n|upkeep\n|\n|t:|1700100846\n|switch|p2a: Great Tusk|Great Tusk|100\/100\n|-enditem|p2a: Great Tusk|Booster Energy\n|-activate|p2a: Great Tusk|ability: Protosynthesis|[fromitem]\n|-start|p2a: Great Tusk|protosynthesisspe\n|turn|3\n|\n|t:|1700100866\n|-end|p1b: Deez Hands|Quark Drive|[silent]\n|switch|p1b: Grande|Sinistcha|100\/100\n|-heal|p1a: Melatonin|100\/100|[from] ability: Hospitality|[of] p1b: Grande\n|-terastallize|p1a: Melatonin|Water\n|move|p2a: Great Tusk|Headlong Rush|p1b: Grande\n|-resisted|p1b: Grande\n|-damage|p1b: Grande|78\/100\n|-unboost|p2a: Great Tusk|def|1\n|-unboost|p2a: Great Tusk|spd|1\n|move|p1a: Melatonin|Belly Drum|p1a: Melatonin\n|-damage|p1a: Melatonin|50\/100\n|-setboost|p1a: Melatonin|atk|6|[from] move: Belly Drum\n|-enditem|p1a: Melatonin|Sitrus Berry|[eat]\n|-heal|p1a: Melatonin|75\/100|[from] item: Sitrus Berry\n|move|p2b: Hippowdon|High Horsepower|p1a: Melatonin\n|-crit|p1a: Melatonin\n|-damage|p1a: Melatonin|0 fnt\n|faint|p1a: Melatonin\n|\n|-weather|Sandstorm|[upkeep]\n|-damage|p1b: Grande|72\/100|[from] Sandstorm\n|upkeep\n|\n|t:|1700100880\n|switch|p1a: We are so in|Landorus-Therian, M|100\/100\n|-ability|p1a: We are so in|Intimidate|boost\n|-unboost|p2a: Great Tusk|atk|1\n|-unboost|p2b: Hippowdon|atk|1\n|turn|4\n|\n|t:|1700100903\n|-terastallize|p2b: Hippowdon|Dragon\n|move|p2a: Great Tusk|Endure|p2a: Great Tusk\n|-singleturn|p2a: Great Tusk|move: Endure\n|move|p1a: We are so in|U-turn|p2a: Great Tusk\n|-resisted|p2a: Great Tusk\n|-damage|p2a: Great Tusk|88\/100\n|\n|t:|1700100911\n|switch|p1a: Cotton Candy|Clefairy, F|100\/100|[from] U-turn\n|move|p1b: Grande|Matcha Gotcha|p2a: Great Tusk|[spread] p2a,p2b\n|-supereffective|p2a: Great Tusk\n|-resisted|p2b: Hippowdon\n|-activate|p2a: Great Tusk|move: Endure\n|-damage|p2a: Great Tusk|1\/100\n|-heal|p1b: Grande|100\/100|[from] drain|[of] p2a: Great Tusk\n|-damage|p2b: Hippowdon|86\/100\n|-status|p2b: Hippowdon|brn\n|move|p2b: Hippowdon|Yawn|p1b: Grande\n|-start|p1b: Grande|move: Yawn|[of] p2b: Hippowdon\n|\n|-weather|Sandstorm|[upkeep]\n|-damage|p1b: Grande|94\/100|[from] Sandstorm\n|-damage|p1a: Cotton Candy|94\/100|[from] Sandstorm\n|-damage|p2b: Hippowdon|80\/100 brn|[from] Sandstorm\n|-heal|p2b: Hippowdon|86\/100 brn|[from] item: Leftovers\n|-damage|p2b: Hippowdon|80\/100 brn|[from] brn\n|upkeep\n|turn|5\n|\n|t:|1700100940\n|move|p1a: Cotton Candy|Protect|p1a: Cotton Candy\n|-singleturn|p1a: Cotton Candy|Protect\n|move|p2a: Great Tusk|Endeavor|p1a: Cotton Candy\n|-activate|p1a: Cotton Candy|move: Protect\n|move|p1b: Grande|Matcha Gotcha|p2a: Great Tusk|[spread] p2a,p2b\n|-supereffective|p2a: Great Tusk\n|-resisted|p2b: Hippowdon\n|-damage|p2a: Great Tusk|0 fnt\n|-heal|p1b: Grande|95\/100|[from] drain|[of] p2a: Great Tusk\n|-damage|p2b: Hippowdon|64\/100 brn\n|-heal|p1b: Grande|100\/100|[from] drain|[of] p2b: Hippowdon\n|faint|p2a: Great Tusk\n|-end|p2a: Great Tusk|Protosynthesis|[silent]\n|move|p2b: Hippowdon|Stealth Rock|p1b: Grande\n|-sidestart|p1: Gableables|move: Stealth Rock\n|\n|-weather|none\n|-heal|p2b: Hippowdon|71\/100 brn|[from] item: Leftovers\n|-damage|p2b: Hippowdon|64\/100 brn|[from] brn\n|-end|p1b: Grande|move: Yawn|[silent]\n|-status|p1b: Grande|slp\n|upkeep\n|\n|t:|1700100954\n|switch|p2a: Arcanine|Arcanine-Hisui, M|100\/100\n|-ability|p2a: Arcanine|Intimidate|boost\n|-unboost|p1a: Cotton Candy|atk|1\n|-unboost|p1b: Grande|atk|1\n|turn|6\n|\n|t:|1700100966\n|switch|p1b: We are so in|Landorus-Therian, M|100\/100\n|-damage|p1b: We are so in|88\/100|[from] Stealth Rock\n|-ability|p1b: We are so in|Intimidate|boost\n|-unboost|p2a: Arcanine|atk|1\n|-unboost|p2b: Hippowdon|atk|1\n|switch|p1a: Deez Hands|Iron Hands|89\/100\n|-damage|p1a: Deez Hands|83\/100|[from] Stealth Rock\n|move|p2a: Arcanine|Crunch|p1b: We are so in\n|-damage|p1b: We are so in|66\/100\n|move|p2b: Hippowdon|Curse|p2b: Hippowdon\n|-unboost|p2b: Hippowdon|spe|1\n|-boost|p2b: Hippowdon|atk|1\n|-boost|p2b: Hippowdon|def|1\n|\n|-heal|p2b: Hippowdon|71\/100 brn|[from] item: Leftovers\n|-damage|p2b: Hippowdon|64\/100 brn|[from] brn\n|upkeep\n|turn|7\n|\n|t:|1700100986\n|switch|p2a: Gastrodon|Gastrodon, M|100\/100\n|move|p1b: We are so in|Earth Power|p2a: Gastrodon\n|-damage|p2a: Gastrodon|71\/100\n|move|p1a: Deez Hands|Drain Punch|p2a: Gastrodon\n|-damage|p2a: Gastrodon|39\/100\n|-heal|p1a: Deez Hands|98\/100|[from] drain|[of] p2a: Gastrodon\n|move|p2b: Hippowdon|Curse|p2b: Hippowdon\n|-unboost|p2b: Hippowdon|spe|1\n|-boost|p2b: Hippowdon|atk|1\n|-boost|p2b: Hippowdon|def|1\n|\n|-heal|p2b: Hippowdon|71\/100 brn|[from] item: Leftovers\n|-damage|p2b: Hippowdon|64\/100 brn|[from] brn\n|upkeep\n|turn|8\n|\n|t:|1700100999\n|move|p1b: We are so in|Earth Power|p2a: Gastrodon\n|-damage|p2a: Gastrodon|10\/100\n|-unboost|p2a: Gastrodon|spd|1\n|move|p1a: Deez Hands|Drain Punch|p2a: Gastrodon\n|-damage|p2a: Gastrodon|0 fnt\n|-heal|p1a: Deez Hands|100\/100|[from] drain|[of] p2a: Gastrodon\n|faint|p2a: Gastrodon\n|move|p2b: Hippowdon|Curse|p2b: Hippowdon\n|-unboost|p2b: Hippowdon|spe|1\n|-boost|p2b: Hippowdon|atk|1\n|-boost|p2b: Hippowdon|def|1\n|\n|-heal|p2b: Hippowdon|71\/100 brn|[from] item: Leftovers\n|-damage|p2b: Hippowdon|64\/100 brn|[from] brn\n|upkeep\n|\n|t:|1700101015\n|switch|p2a: Arcanine|Arcanine-Hisui, M|100\/100\n|-ability|p2a: Arcanine|Intimidate|boost\n|-unboost|p1a: Deez Hands|atk|1\n|-unboost|p1b: We are so in|atk|1\n|turn|9\n|\n|t:|1700101026\n|switch|p1b: Cotton Candy|Clefairy, F|94\/100\n|-damage|p1b: Cotton Candy|82\/100|[from] Stealth Rock\n|move|p2a: Arcanine|Will-O-Wisp|p1a: Deez Hands\n|-status|p1a: Deez Hands|brn\n|move|p1a: Deez Hands|Drain Punch|p2a: Arcanine\n|-supereffective|p2a: Arcanine\n|-damage|p2a: Arcanine|64\/100\n|-damage|p1a: Deez Hands|84\/100 brn|[from] item: Rocky Helmet|[of] p2a: Arcanine\n|move|p2b: Hippowdon|Curse|p2b: Hippowdon\n|-unboost|p2b: Hippowdon|spe|1\n|-boost|p2b: Hippowdon|atk|1\n|-boost|p2b: Hippowdon|def|1\n|\n|-heal|p2b: Hippowdon|71\/100 brn|[from] item: Leftovers\n|-damage|p1a: Deez Hands|78\/100 brn|[from] brn\n|-damage|p2b: Hippowdon|64\/100 brn|[from] brn\n|upkeep\n|turn|10\n|\n|t:|1700101041\n|move|p1b: Cotton Candy|Helping Hand|p1a: Deez Hands\n|-singleturn|p1a: Deez Hands|Helping Hand|[of] p1b: Cotton Candy\n|move|p2a: Arcanine|Flare Blitz|p1b: Cotton Candy\n|-damage|p1b: Cotton Candy|3\/100\n|-damage|p2a: Arcanine|38\/100|[from] Recoil\n|move|p1a: Deez Hands|Drain Punch|p2a: Arcanine\n|-supereffective|p2a: Arcanine\n|-damage|p2a: Arcanine|0 fnt\n|-heal|p1a: Deez Hands|91\/100 brn|[from] drain|[of] p2a: Arcanine\n|-damage|p1a: Deez Hands|75\/100 brn|[from] item: Rocky Helmet|[of] p2a: Arcanine\n|faint|p2a: Arcanine\n|move|p2b: Hippowdon|High Horsepower|p1b: Cotton Candy|[miss]\n|-miss|p2b: Hippowdon|p1b: Cotton Candy\n|\n|-heal|p2b: Hippowdon|71\/100 brn|[from] item: Leftovers\n|-damage|p1a: Deez Hands|68\/100 brn|[from] brn\n|-damage|p2b: Hippowdon|64\/100 brn|[from] brn\n|upkeep\n|\n|t:|1700101053\n|switch|p2a: Tyranitar|Tyranitar, F|100\/100\n|-weather|Sandstorm|[from] ability: Sand Stream|[of] p2a: Tyranitar\n|turn|11\n|\n|t:|1700101064\n|move|p1b: Cotton Candy|Helping Hand|p1a: Deez Hands\n|-singleturn|p1a: Deez Hands|Helping Hand|[of] p1b: Cotton Candy\n|move|p1a: Deez Hands|Drain Punch|p2a: Tyranitar\n|-supereffective|p2a: Tyranitar\n|-damage|p2a: Tyranitar|14\/100\n|-heal|p1a: Deez Hands|100\/100 brn|[from] drain|[of] p2a: Tyranitar\n|move|p2a: Tyranitar|Earth Power|p1a: Deez Hands\n|-supereffective|p1a: Deez Hands\n|-damage|p1a: Deez Hands|82\/100 brn\n|-unboost|p1a: Deez Hands|spd|1\n|move|p2b: Hippowdon|High Horsepower|p1a: Deez Hands\n|-supereffective|p1a: Deez Hands\n|-damage|p1a: Deez Hands|10\/100 brn\n|\n|-weather|Sandstorm|[upkeep]\n|-damage|p1a: Deez Hands|4\/100 brn|[from] Sandstorm\n|-damage|p1b: Cotton Candy|0 fnt|[from] Sandstorm\n|-damage|p2b: Hippowdon|58\/100 brn|[from] Sandstorm\n|faint|p1b: Cotton Candy\n|-heal|p2b: Hippowdon|64\/100 brn|[from] item: Leftovers\n|-damage|p1a: Deez Hands|0 fnt|[from] brn\n|faint|p1a: Deez Hands\n|-end|p1a: Deez Hands|Quark Drive|[silent]\n|-damage|p2b: Hippowdon|58\/100 brn|[from] brn\n|upkeep\n|\n|t:|1700101078\n|switch|p1a: Grande|Sinistcha|100\/100 slp\n|switch|p1b: We are so in|Landorus-Therian, M|66\/100\n|-damage|p1b: We are so in|54\/100|[from] Stealth Rock\n|-ability|p1b: We are so in|Intimidate|boost\n|-unboost|p2a: Tyranitar|atk|1\n|-unboost|p2b: Hippowdon|atk|1\n|-damage|p1a: Grande|88\/100 slp|[from] Stealth Rock\n|-heal|p1b: We are so in|79\/100|[from] ability: Hospitality|[of] p1a: Grande\n|turn|12\n|\n|t:|1700101093\n|move|p1b: We are so in|Earth Power|p2a: Tyranitar\n|-supereffective|p2a: Tyranitar\n|-damage|p2a: Tyranitar|0 fnt\n|faint|p2a: Tyranitar\n|cant|p1a: Grande|slp\n|move|p2b: Hippowdon|High Horsepower|p1a: Grande\n|-resisted|p1a: Grande\n|-damage|p1a: Grande|61\/100 slp\n|\n|-weather|Sandstorm|[upkeep]\n|-damage|p1a: Grande|55\/100 slp|[from] Sandstorm\n|-damage|p2b: Hippowdon|52\/100 brn|[from] Sandstorm\n|-heal|p2b: Hippowdon|58\/100 brn|[from] item: Leftovers\n|-damage|p2b: Hippowdon|52\/100 brn|[from] brn\n|upkeep\n|turn|13\n|-message|Justy-pregymleader forfeited.\n|\n|win|Gableables\n|raw|Gableables's rating: 1250 &rarr; <strong>1281<\/strong><br \/>(+31 for winning)\n|raw|Justy-pregymleader's rating: 1330 &rarr; <strong>1305<\/strong><br \/>(-25 for losing)\n|l|\u2606Justy-pregymleader\n","uploadtime":1700101105,"views":5,"p1id":"gableables","p2id":"justypregymleader","formatid":"gen9doublesou","rating":1281,"private":0,"password":""}