{"id":"gen9doublesou-1976555108","p1":"charlymax","p2":"cotesmcgotes","format":"[Gen 9] Doubles OU","log":"|j|\u2606charlymax\n|j|\u2606cotesmcgotes\n|t:|1698321173\n|gametype|doubles\n|player|p1|charlymax|scientist|1412\n|player|p2|cotesmcgotes|flannery|1338\n|teamsize|p1|6\n|teamsize|p2|6\n|gen|9\n|tier|[Gen 9] Doubles OU\n|rated|\n|rule|Species Clause: Limit one of each Pok\u00e9mon\n|rule|OHKO Clause: OHKO moves are banned\n|rule|Evasion Moves Clause: Evasion moves are banned\n|rule|Gravity Sleep Clause: The combination of sleep-inducing moves with imperfect accuracy and Gravity or Gigantamax Orbeetle are banned\n|rule|Endless Battle Clause: Forcing endless battles is banned\n|rule|HP Percentage Mod: HP is shown in percentages\n|clearpoke\n|poke|p1|Sinistcha|\n|poke|p1|Iron Hands|\n|poke|p1|Muk-Alola, F|\n|poke|p1|Cresselia, F|\n|poke|p1|Milotic, M|\n|poke|p1|Arcanine, M|\n|poke|p2|Cresselia, F|\n|poke|p2|Enamorus-Therian, F|\n|poke|p2|Ogerpon-Hearthflame, F|\n|poke|p2|Roaring Moon|\n|poke|p2|Great Tusk|\n|poke|p2|Manaphy|\n|teampreview\n|inactive|Battle timer is ON: inactive players will automatically lose when time's up. (requested by cotesmcgotes)\n|\n|t:|1698321196\n|start\n|switch|p1a: Sinistcha|Sinistcha|100\/100\n|switch|p1b: Milotic|Milotic, M|100\/100\n|switch|p2a: Ogerpon|Ogerpon-Hearthflame, F|100\/100\n|switch|p2b: Enamorus|Enamorus-Therian, F|100\/100\n|-ability|p2a: Ogerpon|Mold Breaker\n|turn|1\n|\n|t:|1698321222\n|-terastallize|p1a: Sinistcha|Water\n|move|p2a: Ogerpon|Horn Leech|p1b: Milotic\n|-supereffective|p1b: Milotic\n|-damage|p1b: Milotic|24\/100\n|move|p1b: Milotic|Ice Beam|p2b: Enamorus\n|-supereffective|p2b: Enamorus\n|-damage|p2b: Enamorus|48\/100\n|-status|p2b: Enamorus|frz\n|move|p1a: Sinistcha|Calm Mind|p1a: Sinistcha\n|-boost|p1a: Sinistcha|spa|1\n|-boost|p1a: Sinistcha|spd|1\n|-curestatus|p2b: Enamorus|frz|[msg]\n|move|p2b: Enamorus|Tailwind|p2b: Enamorus\n|-sidestart|p2: cotesmcgotes|move: Tailwind\n|\n|-heal|p1b: Milotic|30\/100|[from] item: Leftovers\n|upkeep\n|turn|2\n|\n|t:|1698321246\n|move|p2a: Ogerpon|Horn Leech|p1a: Sinistcha\n|-supereffective|p1a: Sinistcha\n|-damage|p1a: Sinistcha|13\/100\n|move|p2b: Enamorus|Draining Kiss|p1b: Milotic\n|-damage|p1b: Milotic|4\/100\n|-heal|p2b: Enamorus|73\/100|[from] drain|[of] p1b: Milotic\n|move|p1b: Milotic|Scald|p2a: Ogerpon\n|-damage|p2a: Ogerpon|62\/100\n|move|p1a: Sinistcha|Shadow Ball|p2a: Ogerpon\n|-damage|p2a: Ogerpon|2\/100\n|\n|-heal|p1b: Milotic|11\/100|[from] item: Leftovers\n|-heal|p1a: Sinistcha|19\/100|[from] item: Leftovers\n|upkeep\n|turn|3\n|\n|t:|1698321271\n|move|p1b: Milotic|Protect|p1b: Milotic\n|-singleturn|p1b: Milotic|Protect\n|move|p2a: Ogerpon|Horn Leech|p1a: Sinistcha\n|-supereffective|p1a: Sinistcha\n|-damage|p1a: Sinistcha|0 fnt\n|-heal|p2a: Ogerpon|13\/100|[from] drain|[of] p1a: Sinistcha\n|faint|p1a: Sinistcha\n|move|p2b: Enamorus|Draining Kiss|p1b: Milotic\n|-activate|p1b: Milotic|move: Protect\n|\n|-heal|p1b: Milotic|17\/100|[from] item: Leftovers\n|upkeep\n|\n|t:|1698321282\n|switch|p1a: Arcanine|Arcanine, M|100\/100\n|-ability|p1a: Arcanine|Intimidate|boost\n|-unboost|p2a: Ogerpon|atk|1\n|-unboost|p2b: Enamorus|atk|1\n|turn|4\n|\n|t:|1698321291\n|switch|p2a: Manaphy|Manaphy|100\/100\n|move|p1a: Arcanine|Extreme Speed|p2a: Manaphy\n|-damage|p2a: Manaphy|84\/100\n|move|p2b: Enamorus|Earth Power|p1a: Arcanine\n|-supereffective|p1a: Arcanine\n|-damage|p1a: Arcanine|31\/100\n|move|p1b: Milotic|Recover|p1b: Milotic\n|-heal|p1b: Milotic|67\/100\n|\n|-heal|p2a: Manaphy|90\/100|[from] item: Leftovers\n|-heal|p1b: Milotic|73\/100|[from] item: Leftovers\n|-sideend|p2: cotesmcgotes|move: Tailwind\n|upkeep\n|turn|5\n|\n|t:|1698321312\n|move|p1a: Arcanine|Protect|p1a: Arcanine\n|-singleturn|p1a: Arcanine|Protect\n|move|p2a: Manaphy|Scald|p1a: Arcanine\n|-activate|p1a: Arcanine|move: Protect\n|move|p1b: Milotic|Ice Beam|p2b: Enamorus\n|-supereffective|p2b: Enamorus\n|-damage|p2b: Enamorus|22\/100\n|move|p2b: Enamorus|Tailwind|p2b: Enamorus\n|-sidestart|p2: cotesmcgotes|move: Tailwind\n|\n|-heal|p2a: Manaphy|97\/100|[from] item: Leftovers\n|-heal|p1b: Milotic|79\/100|[from] item: Leftovers\n|upkeep\n|turn|6\n|inactive|charlymax has 120 seconds left.\n|\n|t:|1698321351\n|switch|p1b: Iron Hands|Iron Hands|100\/100\n|move|p1a: Arcanine|Extreme Speed|p2b: Enamorus\n|-damage|p2b: Enamorus|6\/100\n|move|p2a: Manaphy|Scald|p1a: Arcanine\n|-supereffective|p1a: Arcanine\n|-damage|p1a: Arcanine|0 fnt\n|faint|p1a: Arcanine\n|move|p2b: Enamorus|Draining Kiss|p1b: Iron Hands\n|-supereffective|p1b: Iron Hands\n|-damage|p1b: Iron Hands|68\/100\n|-heal|p2b: Enamorus|47\/100|[from] drain|[of] p1b: Iron Hands\n|\n|-heal|p2a: Manaphy|100\/100|[from] item: Leftovers\n|upkeep\n|\n|t:|1698321370\n|switch|p1a: Milotic|Milotic, M|79\/100\n|turn|7\n|\n|t:|1698321377\n|switch|p2a: Great Tusk|Great Tusk|100\/100\n|move|p2b: Enamorus|Draining Kiss|p1b: Iron Hands\n|-supereffective|p1b: Iron Hands\n|-damage|p1b: Iron Hands|37\/100\n|-heal|p2b: Enamorus|85\/100|[from] drain|[of] p1b: Iron Hands\n|move|p1a: Milotic|Ice Beam|p2b: Enamorus\n|-supereffective|p2b: Enamorus\n|-damage|p2b: Enamorus|37\/100\n|move|p1b: Iron Hands|Thunder Punch|p2a: Great Tusk\n|-immune|p2a: Great Tusk\n|\n|-heal|p1a: Milotic|86\/100|[from] item: Leftovers\n|upkeep\n|turn|8\n|\n|t:|1698321404\n|-end|p1b: Iron Hands|Quark Drive|[silent]\n|switch|p1b: Cresselia|Cresselia, F|100\/100\n|move|p2a: Great Tusk|Headlong Rush|p1a: Milotic\n|-damage|p1a: Milotic|24\/100\n|-unboost|p2a: Great Tusk|def|1\n|-unboost|p2a: Great Tusk|spd|1\n|move|p2b: Enamorus|Draining Kiss|p1b: Cresselia\n|-damage|p1b: Cresselia|85\/100\n|-heal|p2b: Enamorus|56\/100|[from] drain|[of] p1b: Cresselia\n|move|p1a: Milotic|Scald|p2a: Great Tusk\n|-supereffective|p2a: Great Tusk\n|-damage|p2a: Great Tusk|9\/100\n|-status|p2a: Great Tusk|brn\n|\n|-heal|p1a: Milotic|30\/100|[from] item: Leftovers\n|-damage|p2a: Great Tusk|3\/100 brn|[from] brn\n|-sideend|p2: cotesmcgotes|move: Tailwind\n|upkeep\n|turn|9\n|\n|t:|1698321427\n|move|p1a: Milotic|Protect|p1a: Milotic\n|-singleturn|p1a: Milotic|Protect\n|move|p2a: Great Tusk|Headlong Rush|p1a: Milotic\n|-activate|p1a: Milotic|move: Protect\n|move|p2b: Enamorus|Draining Kiss|p1a: Milotic\n|-activate|p1a: Milotic|move: Protect\n|move|p1b: Cresselia|Trick Room|p1b: Cresselia\n|-fieldstart|move: Trick Room|[of] p1b: Cresselia\n|\n|-heal|p1a: Milotic|36\/100|[from] item: Leftovers\n|-damage|p2a: Great Tusk|0 fnt|[from] brn\n|faint|p2a: Great Tusk\n|-end|p2a: Great Tusk|Protosynthesis|[silent]\n|upkeep\n|\n|t:|1698321438\n|switch|p2a: Ogerpon|Ogerpon-Hearthflame, F|13\/100\n|-ability|p2a: Ogerpon|Mold Breaker\n|turn|10\n|\n|t:|1698321455\n|move|p2b: Enamorus|Draining Kiss|p1a: Milotic\n|-damage|p1a: Milotic|15\/100\n|-heal|p2b: Enamorus|77\/100|[from] drain|[of] p1a: Milotic\n|move|p1a: Milotic|Recover|p1a: Milotic\n|-heal|p1a: Milotic|65\/100\n|move|p1b: Cresselia|Psychic|p2a: Ogerpon\n|-crit|p2a: Ogerpon\n|-damage|p2a: Ogerpon|0 fnt\n|faint|p2a: Ogerpon\n|\n|-heal|p1a: Milotic|71\/100|[from] item: Leftovers\n|upkeep\n|\n|t:|1698321469\n|switch|p2a: Cresselia|Cresselia, F|100\/100\n|turn|11\n|\n|t:|1698321480\n|move|p2b: Enamorus|Draining Kiss|p1a: Milotic\n|-damage|p1a: Milotic|46\/100\n|-heal|p2b: Enamorus|100\/100|[from] drain|[of] p1a: Milotic\n|move|p1a: Milotic|Ice Beam|p2b: Enamorus\n|-supereffective|p2b: Enamorus\n|-damage|p2b: Enamorus|51\/100\n|move|p1b: Cresselia|Psychic|p2b: Enamorus\n|-damage|p2b: Enamorus|26\/100\n|move|p2a: Cresselia|Thunder Wave|p1a: Milotic\n|-status|p1a: Milotic|par\n|\n|-heal|p1a: Milotic|52\/100 par|[from] item: Leftovers\n|upkeep\n|turn|12\n|\n|t:|1698321499\n|cant|p1a: Milotic|par\n|move|p2b: Enamorus|Draining Kiss|p1a: Milotic\n|-damage|p1a: Milotic|28\/100 par\n|-heal|p2b: Enamorus|50\/100|[from] drain|[of] p1a: Milotic\n|move|p1b: Cresselia|Moonblast|p2b: Enamorus\n|-damage|p2b: Enamorus|34\/100\n|move|p2a: Cresselia|Lunar Blessing|p2a: Cresselia|[spread] p2a,p2b\n|-heal|p2b: Enamorus|59\/100\n|\n|-heal|p1a: Milotic|34\/100 par|[from] item: Leftovers\n|upkeep\n|turn|13\n|\n|t:|1698321515\n|move|p1a: Milotic|Ice Beam|p2b: Enamorus\n|-supereffective|p2b: Enamorus\n|-damage|p2b: Enamorus|8\/100\n|move|p2b: Enamorus|Draining Kiss|p1a: Milotic\n|-damage|p1a: Milotic|9\/100 par\n|-heal|p2b: Enamorus|33\/100|[from] drain|[of] p1a: Milotic\n|move|p2a: Cresselia|Thunder Wave|p1b: Cresselia\n|-status|p1b: Cresselia|par\n|move|p1b: Cresselia|Psychic|p2b: Enamorus\n|-damage|p2b: Enamorus|9\/100\n|\n|-heal|p1a: Milotic|15\/100 par|[from] item: Leftovers\n|-fieldend|move: Trick Room\n|upkeep\n|turn|14\n|\n|t:|1698321536\n|switch|p1b: Iron Hands|Iron Hands|37\/100\n|move|p2a: Cresselia|Lunar Blessing|p2a: Cresselia|[spread] p2a,p2b\n|-heal|p2b: Enamorus|34\/100\n|move|p2b: Enamorus|Draining Kiss|p1a: Milotic\n|-damage|p1a: Milotic|0 fnt\n|-heal|p2b: Enamorus|48\/100|[from] drain|[of] p1a: Milotic\n|faint|p1a: Milotic\n|\n|upkeep\n|\n|t:|1698321545\n|switch|p1a: Muk|Muk-Alola, F|100\/100\n|turn|15\n|\n|t:|1698321559\n|move|p2a: Cresselia|Thunder Wave|p1a: Muk\n|-status|p1a: Muk|par\n|move|p1b: Iron Hands|Thunder Punch|p2b: Enamorus\n|-supereffective|p2b: Enamorus\n|-damage|p2b: Enamorus|0 fnt\n|faint|p2b: Enamorus\n|move|p1a: Muk|Crunch|p2a: Cresselia\n|-supereffective|p2a: Cresselia\n|-damage|p2a: Cresselia|49\/100\n|\n|upkeep\n|\n|t:|1698321582\n|switch|p2b: Manaphy|Manaphy|100\/100\n|turn|16\n|\n|t:|1698321588\n|-terastallize|p2b: Manaphy|Electric\n|move|p2b: Manaphy|Tail Glow|p2b: Manaphy\n|-boost|p2b: Manaphy|spa|3\n|move|p2a: Cresselia|Skill Swap|p2b: Manaphy\n|-activate|p2a: Cresselia|move: Skill Swap|||[of] p2b: Manaphy\n|move|p1b: Iron Hands|Thunder Punch|p2b: Manaphy\n|-resisted|p2b: Manaphy\n|-damage|p2b: Manaphy|80\/100\n|move|p1a: Muk|Crunch|p2a: Cresselia\n|-supereffective|p2a: Cresselia\n|-damage|p2a: Cresselia|0 fnt\n|faint|p2a: Cresselia\n|\n|-heal|p2b: Manaphy|87\/100|[from] item: Leftovers\n|upkeep\n|\n|t:|1698321598\n|switch|p2a: Roaring Moon|Roaring Moon|100\/100\n|-enditem|p2a: Roaring Moon|Booster Energy\n|-activate|p2a: Roaring Moon|ability: Protosynthesis|[fromitem]\n|-start|p2a: Roaring Moon|protosynthesisatk\n|turn|17\n|\n|t:|1698321619\n|move|p2a: Roaring Moon|Acrobatics|p1b: Iron Hands\n|-damage|p1b: Iron Hands|0 fnt\n|faint|p1b: Iron Hands\n|-end|p1b: Iron Hands|Quark Drive|[silent]\n|move|p2b: Manaphy|Scald|p1a: Muk\n|-damage|p1a: Muk|22\/100 par\n|-enditem|p1a: Muk|Aguav Berry|[eat]\n|-heal|p1a: Muk|56\/100 par|[from] item: Aguav Berry\n|move|p1a: Muk|Drain Punch|p2a: Roaring Moon\n|-supereffective|p2a: Roaring Moon\n|-damage|p2a: Roaring Moon|52\/100\n|-heal|p1a: Muk|85\/100 par|[from] drain|[of] p2a: Roaring Moon\n|\n|-heal|p2b: Manaphy|93\/100|[from] item: Leftovers\n|upkeep\n|\n|t:|1698321637\n|switch|p1b: Cresselia|Cresselia, F|85\/100 par\n|turn|18\n|\n|t:|1698321644\n|move|p1a: Muk|Protect|p1a: Muk\n|-singleturn|p1a: Muk|Protect\n|move|p2a: Roaring Moon|Crunch|p1b: Cresselia\n|-supereffective|p1b: Cresselia\n|-damage|p1b: Cresselia|7\/100 par\n|move|p2b: Manaphy|Scald|p1a: Muk\n|-activate|p1a: Muk|move: Protect\n|move|p1b: Cresselia|Trick Room|p1b: Cresselia\n|-fieldstart|move: Trick Room|[of] p1b: Cresselia\n|\n|-heal|p2b: Manaphy|99\/100|[from] item: Leftovers\n|upkeep\n|turn|19\n|\n|t:|1698321659\n|cant|p1a: Muk|par\n|move|p1b: Cresselia|Moonblast|p2a: Roaring Moon\n|-supereffective|p2a: Roaring Moon\n|-damage|p2a: Roaring Moon|0 fnt\n|faint|p2a: Roaring Moon\n|-end|p2a: Roaring Moon|Protosynthesis|[silent]\n|move|p2b: Manaphy|Scald|p1a: Muk\n|-damage|p1a: Muk|10\/100 par\n|\n|-heal|p2b: Manaphy|100\/100|[from] item: Leftovers\n|upkeep\n|turn|20\n|\n|t:|1698321673\n|move|p1a: Muk|Poison Jab|p2b: Manaphy\n|-damage|p2b: Manaphy|73\/100\n|move|p1b: Cresselia|Psychic|p2b: Manaphy\n|-damage|p2b: Manaphy|53\/100\n|move|p2b: Manaphy|Scald|p1a: Muk\n|-damage|p1a: Muk|0 fnt\n|faint|p1a: Muk\n|\n|-heal|p2b: Manaphy|59\/100|[from] item: Leftovers\n|upkeep\n|turn|21\n|\n|t:|1698321686\n|move|p1b: Cresselia|Psychic|p2b: Manaphy\n|-crit|p2b: Manaphy\n|-damage|p2b: Manaphy|29\/100\n|move|p2b: Manaphy|Scald|p1b: Cresselia\n|-damage|p1b: Cresselia|0 fnt\n|faint|p1b: Cresselia\n|\n|win|cotesmcgotes\n|raw|charlymax's rating: 1412 &rarr; <strong>1388<\/strong><br \/>(-24 for losing)\n|raw|cotesmcgotes's rating: 1338 &rarr; <strong>1362<\/strong><br \/>(+24 for winning)\n","uploadtime":1698321694,"views":18,"p1id":"charlymax","p2id":"cotesmcgotes","formatid":"gen9doublesou","rating":1362,"private":0,"password":""}