{"id":"gen9doublesou-1968148165","p1":"elenjendro8581","p2":"PJtheMagnificus","format":"[Gen 9] Doubles OU","log":"|html|<div class=\"broadcast-blue\"><strong>[Gen 9] Doubles OU is currently suspecting Basculegion & Flutter Mane! For information on how to participate check out the <a href=\"https:\/\/www.smogon.com\/forums\/threads\/np-sv-dou-stage-8-double-trouble.3729153\/\">suspect thread<\/a>.<\/strong><\/div>\n|j|\u2606elenjendro8581\n|j|\u2606PJtheMagnificus\n|t:|1697389106\n|gametype|doubles\n|player|p1|elenjendro8581|266|\n|player|p2|PJtheMagnificus|101|\n|teamsize|p1|6\n|teamsize|p2|6\n|gen|9\n|tier|[Gen 9] Doubles OU\n|rule|Species Clause: Limit one of each Pok\u00e9mon\n|rule|OHKO Clause: OHKO moves are banned\n|rule|Evasion Moves Clause: Evasion moves are banned\n|rule|Gravity Sleep Clause: The combination of sleep-inducing moves with imperfect accuracy and Gravity or Gigantamax Orbeetle are banned\n|rule|Endless Battle Clause: Forcing endless battles is banned\n|rule|HP Percentage Mod: HP is shown in percentages\n|clearpoke\n|poke|p1|Sinistcha-Masterpiece|\n|poke|p1|Ursaluna, F|\n|poke|p1|Empoleon, M|\n|poke|p1|Gliscor, F|\n|poke|p1|Samurott-Hisui, F|\n|poke|p1|Ninetales-Alola, F|\n|poke|p2|Gliscor, M|\n|poke|p2|Talonflame, F|\n|poke|p2|Flutter Mane|\n|poke|p2|Landorus-Therian, M|\n|poke|p2|Arcanine, M|\n|poke|p2|Grimmsnarl, M|\n|teampreview\n|j| Garje\n|\n|t:|1697389192\n|start\n|switch|p1a: Good Soup|Sinistcha-Masterpiece, shiny|100\/100\n|switch|p1b: Burpees|Ninetales-Alola, F, shiny|100\/100\n|switch|p2a: Gliscor|Gliscor, M|100\/100\n|switch|p2b: Flutter Mane|Flutter Mane|100\/100\n|-weather|Snow|[from] ability: Snow Warning|[of] p1b: Burpees\n|-enditem|p2b: Flutter Mane|Booster Energy\n|-activate|p2b: Flutter Mane|ability: Protosynthesis|[fromitem]\n|-start|p2b: Flutter Mane|protosynthesisspa\n|turn|1\n|\n|t:|1697389221\n|-terastallize|p1a: Good Soup|Fairy\n|move|p2b: Flutter Mane|Dazzling Gleam|p1a: Good Soup|[spread] p1a,p1b\n|-damage|p1a: Good Soup|49\/100\n|-damage|p1b: Burpees|61\/100\n|move|p1b: Burpees|Freeze-Dry|p2a: Gliscor\n|-supereffective|p2a: Gliscor\n|-damage|p2a: Gliscor|0 fnt\n|faint|p2a: Gliscor\n|move|p1a: Good Soup|Trick Room|p1a: Good Soup\n|-fieldstart|move: Trick Room|[of] p1a: Good Soup\n|\n|-weather|Snow|[upkeep]\n|upkeep\n|\n|t:|1697389293\n|switch|p2a: Arcanine|Arcanine, M|100\/100\n|-ability|p2a: Arcanine|Intimidate|boost\n|-unboost|p1a: Good Soup|atk|1\n|-unboost|p1b: Burpees|atk|1\n|turn|2\n|\n|t:|1697389306\n|move|p2b: Flutter Mane|Protect|p2b: Flutter Mane\n|-singleturn|p2b: Flutter Mane|Protect\n|move|p1a: Good Soup|Strength Sap|p2a: Arcanine\n|-unboost|p2a: Arcanine|atk|1\n|-heal|p1a: Good Soup|100\/100\n|move|p2a: Arcanine|Heat Wave|p1b: Burpees|[spread] p1a,p1b\n|-supereffective|p1b: Burpees\n|-damage|p1a: Good Soup|74\/100\n|-damage|p1b: Burpees|18\/100\n|move|p1b: Burpees|Aurora Veil|p1b: Burpees\n|-sidestart|p1: elenjendro8581|move: Aurora Veil\n|\n|-weather|Snow|[upkeep]\n|upkeep\n|turn|3\n|\n|t:|1697389329\n|switch|p1b: Princesa|Ursaluna, F, shiny|100\/100\n|-end|p2b: Flutter Mane|Protosynthesis|[silent]\n|switch|p2b: Grimmsnarl|Grimmsnarl, M|100\/100\n|move|p1a: Good Soup|Matcha Gotcha|p2a: Arcanine|[spread] p2a,p2b\n|-resisted|p2a: Arcanine\n|-crit|p2a: Arcanine\n|-damage|p2a: Arcanine|88\/100\n|-heal|p1a: Good Soup|81\/100|[from] drain|[of] p2a: Arcanine\n|-damage|p2b: Grimmsnarl|83\/100\n|-heal|p1a: Good Soup|91\/100|[from] drain|[of] p2b: Grimmsnarl\n|move|p2a: Arcanine|Heat Wave|p1a: Good Soup|[spread] p1b\n|-miss|p2a: Arcanine|p1a: Good Soup\n|-damage|p1b: Princesa|85\/100\n|\n|-weather|Snow|[upkeep]\n|-heal|p2a: Arcanine|94\/100|[from] item: Leftovers\n|-status|p1b: Princesa|brn|[from] item: Flame Orb\n|upkeep\n|turn|4\n|\n|t:|1697389360\n|move|p2b: Grimmsnarl|Reflect|p2b: Grimmsnarl\n|-sidestart|p2: PJtheMagnificus|Reflect\n|move|p1b: Princesa|Facade|p2a: Arcanine\n|-damage|p2a: Arcanine|6\/100\n|move|p1a: Good Soup|Strength Sap|p2a: Arcanine\n|-unboost|p2a: Arcanine|atk|1\n|-heal|p1a: Good Soup|100\/100\n|move|p2a: Arcanine|Snarl|p1b: Princesa|[spread] p1a,p1b\n|-resisted|p1a: Good Soup\n|-crit|p1a: Good Soup\n|-damage|p1a: Good Soup|92\/100\n|-damage|p1b: Princesa|79\/100 brn\n|-unboost|p1a: Good Soup|spa|1\n|-unboost|p1b: Princesa|spa|1\n|\n|-weather|Snow|[upkeep]\n|-heal|p2a: Arcanine|13\/100|[from] item: Leftovers\n|-damage|p1b: Princesa|73\/100 brn|[from] brn\n|upkeep\n|turn|5\n|\n|t:|1697389400\n|move|p2b: Grimmsnarl|Light Screen|p2b: Grimmsnarl\n|-sidestart|p2: PJtheMagnificus|move: Light Screen\n|move|p1b: Princesa|Play Rough|p2b: Grimmsnarl\n|-supereffective|p2b: Grimmsnarl\n|-damage|p2b: Grimmsnarl|0 fnt\n|faint|p2b: Grimmsnarl\n|move|p1a: Good Soup|Matcha Gotcha|p2a: Arcanine\n|-resisted|p2a: Arcanine\n|-damage|p2a: Arcanine|8\/100\n|-heal|p1a: Good Soup|95\/100|[from] drain|[of] p2a: Arcanine\n|move|p2a: Arcanine|Heat Wave|p1a: Good Soup|[spread] p1a,p1b\n|-damage|p1a: Good Soup|77\/100\n|-damage|p1b: Princesa|59\/100 brn\n|\n|-weather|none\n|-heal|p2a: Arcanine|14\/100|[from] item: Leftovers\n|-damage|p1b: Princesa|53\/100 brn|[from] brn\n|-fieldend|move: Trick Room\n|upkeep\n|\n|t:|1697389448\n|switch|p2b: Flutter Mane|Flutter Mane|100\/100\n|turn|6\n|\n|t:|1697389459\n|move|p1b: Princesa|Protect|p1b: Princesa\n|-singleturn|p1b: Princesa|Protect\n|move|p2b: Flutter Mane|Dazzling Gleam|p1b: Princesa|[spread] p1a\n|-activate|p1b: Princesa|move: Protect\n|-damage|p1a: Good Soup|48\/100\n|move|p2a: Arcanine|Heat Wave|p1b: Princesa|[spread] \n|-activate|p1b: Princesa|move: Protect\n|-miss|p2a: Arcanine|p1a: Good Soup\n|move|p1a: Good Soup|Trick Room|p1a: Good Soup\n|-fieldstart|move: Trick Room|[of] p1a: Good Soup\n|\n|-heal|p2a: Arcanine|20\/100|[from] item: Leftovers\n|-damage|p1b: Princesa|47\/100 brn|[from] brn\n|upkeep\n|turn|7\n|\n|t:|1697389492\n|-end|p2b: Flutter Mane|Protosynthesis|[silent]\n|switch|p2b: Landorus|Landorus-Therian, M|100\/100\n|-ability|p2b: Landorus|Intimidate|boost\n|-unboost|p1a: Good Soup|atk|1\n|-unboost|p1b: Princesa|atk|1\n|move|p1b: Princesa|Headlong Rush|p2b: Landorus\n|-immune|p2b: Landorus\n|move|p1a: Good Soup|Matcha Gotcha|p2b: Landorus|[spread] p2a,p2b\n|-resisted|p2a: Arcanine\n|-damage|p2a: Arcanine|16\/100\n|-heal|p1a: Good Soup|51\/100|[from] drain|[of] p2a: Arcanine\n|-damage|p2b: Landorus|88\/100\n|-heal|p1a: Good Soup|58\/100|[from] drain|[of] p2b: Landorus\n|move|p2a: Arcanine|Heat Wave|p1a: Good Soup|[spread] p1a,p1b\n|-damage|p1a: Good Soup|39\/100\n|-damage|p1b: Princesa|33\/100 brn\n|\n|-heal|p2b: Landorus|94\/100|[from] item: Leftovers\n|-heal|p2a: Arcanine|22\/100|[from] item: Leftovers\n|-damage|p1b: Princesa|27\/100 brn|[from] brn\n|upkeep\n|turn|8\n|\n|t:|1697389519\n|move|p1b: Princesa|Facade|p2a: Arcanine\n|-damage|p2a: Arcanine|0 fnt\n|faint|p2a: Arcanine\n|move|p1a: Good Soup|Strength Sap|p2b: Landorus\n|-unboost|p2b: Landorus|atk|1\n|-heal|p1a: Good Soup|100\/100\n|move|p2b: Landorus|Rock Slide|p1b: Princesa|[spread] p1a,p1b\n|-resisted|p1b: Princesa\n|-damage|p1a: Good Soup|96\/100\n|-damage|p1b: Princesa|24\/100 brn\n|\n|-heal|p2b: Landorus|99\/100|[from] item: Leftovers\n|-damage|p1b: Princesa|18\/100 brn|[from] brn\n|upkeep\n|\n|t:|1697389539\n|switch|p2a: Talonflame|Talonflame, F|100\/100\n|turn|9\n|\n|t:|1697389552\n|move|p1a: Good Soup|Rage Powder|p1a: Good Soup\n|-singleturn|p1a: Good Soup|move: Rage Powder\n|move|p2a: Talonflame|Air Slash|p1a: Good Soup\n|-damage|p1a: Good Soup|79\/100\n|move|p1b: Princesa|Facade|p2b: Landorus\n|-damage|p2b: Landorus|63\/100\n|move|p2b: Landorus|Stealth Rock|p1a: Good Soup\n|-sidestart|p1: elenjendro8581|move: Stealth Rock\n|\n|-heal|p2b: Landorus|69\/100|[from] item: Leftovers\n|-damage|p1b: Princesa|12\/100 brn|[from] brn\n|-sideend|p1: elenjendro8581|move: Aurora Veil\n|upkeep\n|turn|10\n|\n|t:|1697389580\n|move|p1b: Princesa|Protect|p1b: Princesa\n|-singleturn|p1b: Princesa|Protect\n|move|p1a: Good Soup|Matcha Gotcha|p2a: Talonflame|[spread] p2a,p2b\n|-resisted|p2a: Talonflame\n|-damage|p2a: Talonflame|97\/100\n|-heal|p1a: Good Soup|81\/100|[from] drain|[of] p2a: Talonflame\n|-damage|p2b: Landorus|57\/100\n|-heal|p1a: Good Soup|88\/100|[from] drain|[of] p2b: Landorus\n|move|p2b: Landorus|Rock Slide|p1b: Princesa|[spread] p1a\n|-activate|p1b: Princesa|move: Protect\n|-damage|p1a: Good Soup|80\/100\n|move|p2a: Talonflame|Taunt|p1a: Good Soup\n|-start|p1a: Good Soup|move: Taunt\n|\n|-heal|p2b: Landorus|63\/100|[from] item: Leftovers\n|-damage|p1b: Princesa|6\/100 brn|[from] brn\n|-fieldend|move: Trick Room\n|upkeep\n|turn|11\n|\n|t:|1697389605\n|switch|p1a: Batman|Gliscor, F, shiny|100\/100\n|-damage|p1a: Batman|88\/100|[from] Stealth Rock\n|move|p2b: Landorus|Protect|p2b: Landorus\n|-singleturn|p2b: Landorus|Protect\n|move|p2a: Talonflame|Tailwind|p2a: Talonflame\n|-sidestart|p2: PJtheMagnificus|move: Tailwind\n|move|p1b: Princesa|Facade|p2a: Talonflame\n|-damage|p2a: Talonflame|29\/100\n|\n|-heal|p2b: Landorus|69\/100|[from] item: Leftovers\n|-damage|p1b: Princesa|0 fnt|[from] brn\n|faint|p1b: Princesa\n|-sideend|p2: PJtheMagnificus|Reflect\n|-status|p1a: Batman|tox|[from] item: Toxic Orb\n|upkeep\n|\n|t:|1697389625\n|switch|p1b: Good Soup|Sinistcha-Masterpiece, shiny, tera:Fairy|80\/100\n|-damage|p1b: Good Soup|68\/100|[from] Stealth Rock\n|-heal|p1a: Batman|100\/100 tox|[from] ability: Hospitality|[of] p1b: Good Soup\n|turn|12\n|\n|t:|1697389647\n|move|p1a: Batman|Protect|p1a: Batman\n|-singleturn|p1a: Batman|Protect\n|move|p2a: Talonflame|Air Slash|p1b: Good Soup\n|-damage|p1b: Good Soup|43\/100\n|move|p2b: Landorus|U-turn|p1b: Good Soup\n|-resisted|p1b: Good Soup\n|-damage|p1b: Good Soup|38\/100\n|-damage|p2b: Landorus|52\/100|[from] item: Rocky Helmet|[of] p1b: Good Soup\n|\n|t:|1697389656\n|switch|p2b: Flutter Mane|Flutter Mane|100\/100|[from] U-turn\n|move|p1b: Good Soup|Strength Sap|p2b: Flutter Mane\n|-unboost|p2b: Flutter Mane|atk|1\n|-heal|p1b: Good Soup|68\/100\n|\n|-sideend|p2: PJtheMagnificus|move: Light Screen\n|upkeep\n|turn|13\n|\n|t:|1697389687\n|move|p2a: Talonflame|Taunt|p1b: Good Soup\n|-start|p1b: Good Soup|move: Taunt\n|move|p2b: Flutter Mane|Hex|p1a: Batman\n|-damage|p1a: Batman|13\/100 tox\n|move|p1a: Batman|Fling|p2a: Talonflame\n|-crit|p2a: Talonflame\n|-damage|p2a: Talonflame|12\/100\n|-status|p2a: Talonflame|tox\n|-enditem|p1a: Batman|Toxic Orb|[from] move: Fling\n|cant|p1b: Good Soup|move: Taunt|Trick Room\n|\n|-damage|p2a: Talonflame|6\/100 tox|[from] psn\n|-heal|p1a: Batman|25\/100 tox|[from] ability: Poison Heal\n|upkeep\n|turn|14\n|\n|t:|1697389709\n|move|p2a: Talonflame|Roost|p2a: Talonflame\n|-heal|p2a: Talonflame|56\/100 tox\n|-singleturn|p2a: Talonflame|move: Roost\n|move|p2b: Flutter Mane|Dazzling Gleam|p1a: Batman|[spread] p1a,p1b\n|-damage|p1a: Batman|0 fnt\n|-damage|p1b: Good Soup|24\/100\n|faint|p1a: Batman\n|move|p1b: Good Soup|Matcha Gotcha|p2a: Talonflame|[spread] p2b\n|-miss|p1b: Good Soup|p2a: Talonflame\n|-damage|p2b: Flutter Mane|76\/100\n|-heal|p1b: Good Soup|33\/100|[from] drain|[of] p2b: Flutter Mane\n|\n|-damage|p2a: Talonflame|44\/100 tox|[from] psn\n|-sideend|p2: PJtheMagnificus|move: Tailwind\n|upkeep\n|\n|t:|1697389726\n|switch|p1a: Nobunaga|Samurott-Hisui, F, shiny|100\/100\n|-damage|p1a: Nobunaga|88\/100|[from] Stealth Rock\n|turn|15\n|l| Garje\n|\n|t:|1697389753\n|switch|p1b: Nothing|Empoleon, M, shiny|100\/100\n|-damage|p1b: Nothing|94\/100|[from] Stealth Rock\n|move|p2a: Talonflame|Air Slash|p1b: Nothing\n|-resisted|p1b: Nothing\n|-damage|p1b: Nothing|87\/100\n|move|p2b: Flutter Mane|Dazzling Gleam|p1b: Nothing|[spread] p1a,p1b\n|-supereffective|p1a: Nobunaga\n|-resisted|p1b: Nothing\n|-damage|p1a: Nobunaga|13\/100\n|-damage|p1b: Nothing|74\/100\n|move|p1a: Nobunaga|Aqua Cutter|p2a: Talonflame\n|-supereffective|p2a: Talonflame\n|-damage|p2a: Talonflame|0 fnt\n|faint|p2a: Talonflame\n|\n|upkeep\n|\n|t:|1697389768\n|switch|p2a: Landorus|Landorus-Therian, M|52\/100\n|-ability|p2a: Landorus|Intimidate|boost\n|-unboost|p1a: Nobunaga|atk|1\n|-unboost|p1b: Nothing|atk|1\n|-ability|p1b: Nothing|Competitive|boost\n|-boost|p1b: Nothing|spa|2\n|-enditem|p1b: Nothing|Adrenaline Orb\n|-boost|p1b: Nothing|spe|1|[from] item: Adrenaline Orb\n|turn|16\n|\n|t:|1697389802\n|move|p2b: Flutter Mane|Dark Pulse|p1b: Nothing\n|-damage|p1b: Nothing|52\/100\n|move|p1a: Nobunaga|Aqua Cutter|p2a: Landorus\n|-supereffective|p2a: Landorus\n|-damage|p2a: Landorus|2\/100\n|move|p1b: Nothing|Air Slash|p2b: Flutter Mane\n|-damage|p2b: Flutter Mane|31\/100\n|move|p2a: Landorus|Rock Slide|p1b: Nothing|[spread] \n|-miss|p2a: Landorus|p1a: Nobunaga\n|-miss|p2a: Landorus|p1b: Nothing\n|\n|-heal|p2a: Landorus|8\/100|[from] item: Leftovers\n|upkeep\n|turn|17\n|j| Garje\n|\n|t:|1697389824\n|move|p2b: Flutter Mane|Dazzling Gleam|p1b: Nothing|[spread] p1a,p1b\n|-supereffective|p1a: Nobunaga\n|-resisted|p1b: Nothing\n|-damage|p1a: Nobunaga|0 fnt\n|-damage|p1b: Nothing|40\/100\n|faint|p1a: Nobunaga\n|move|p1b: Nothing|Air Slash|p2b: Flutter Mane\n|-damage|p2b: Flutter Mane|0 fnt\n|faint|p2b: Flutter Mane\n|-end|p2b: Flutter Mane|Protosynthesis|[silent]\n|move|p2a: Landorus|Rock Slide|p1b: Nothing\n|-resisted|p1b: Nothing\n|-damage|p1b: Nothing|26\/100\n|\n|-heal|p2a: Landorus|14\/100|[from] item: Leftovers\n|upkeep\n|\n|t:|1697389836\n|switch|p1a: Good Soup|Sinistcha-Masterpiece, shiny, tera:Fairy|33\/100\n|-damage|p1a: Good Soup|21\/100|[from] Stealth Rock\n|-heal|p1b: Nothing|51\/100|[from] ability: Hospitality|[of] p1a: Good Soup\n|turn|18\n|\n|t:|1697389850\n|move|p1b: Nothing|Flip Turn|p2a: Landorus\n|-supereffective|p2a: Landorus\n|-damage|p2a: Landorus|0 fnt\n|faint|p2a: Landorus\n|\n|win|elenjendro8581\n","uploadtime":1697389889,"views":6,"p1id":"elenjendro8581","p2id":"pjthemagnificus","formatid":"gen9doublesou","rating":0,"private":0,"password":""}