{"id":"gen9doublesou-1996243717","p1":"BubbaBeau","p2":"MochiMagnitude","format":"[Gen 9] Doubles OU","log":"|j|\u2606BubbaBeau\n|j|\u2606MochiMagnitude\n|t:|1700663300\n|gametype|doubles\n|player|p1|BubbaBeau|red|1371\n|player|p2|MochiMagnitude|dancer|1326\n|teamsize|p1|6\n|teamsize|p2|6\n|gen|9\n|tier|[Gen 9] Doubles OU\n|rated|\n|rule|Species Clause: Limit one of each Pok\u00e9mon\n|rule|OHKO Clause: OHKO moves are banned\n|rule|Evasion Moves Clause: Evasion moves are banned\n|rule|Gravity Sleep Clause: The combination of sleep-inducing moves with imperfect accuracy and Gravity or Gigantamax Orbeetle are banned\n|rule|Endless Battle Clause: Forcing endless battles is banned\n|rule|HP Percentage Mod: HP is shown in percentages\n|clearpoke\n|poke|p1|Hatterene, F|\n|poke|p1|Masquerain, F|\n|poke|p1|Passimian, F|\n|poke|p1|Kingambit, F|\n|poke|p1|Articuno-Galar|\n|poke|p1|Wigglytuff, F|\n|poke|p2|Rillaboom, M|\n|poke|p2|Okidogi, M|\n|poke|p2|Arcanine, F|\n|poke|p2|Kommo-o, M|\n|poke|p2|Heatran, F|\n|poke|p2|Rotom-Wash|\n|teampreview\n|inactive|Battle timer is ON: inactive players will automatically lose when time's up. (requested by BubbaBeau)\n|inactive|MochiMagnitude has 120 seconds left.\n|inactive|MochiMagnitude has 90 seconds left.\n|\n|t:|1700663377\n|start\n|switch|p1a: Hatterene|Hatterene, F|100\/100\n|switch|p1b: Masquerain|Masquerain, F|100\/100\n|switch|p2a: Okidogi|Okidogi, M|100\/100\n|switch|p2b: Heatran|Heatran, F|100\/100\n|-ability|p1b: Masquerain|Intimidate|boost\n|-unboost|p2a: Okidogi|atk|1\n|-unboost|p2b: Heatran|atk|1\n|turn|1\n|\n|t:|1700663397\n|switch|p2a: Rotom|Rotom-Wash|100\/100\n|-terastallize|p1a: Hatterene|Water\n|move|p1b: Masquerain|Protect|p1b: Masquerain\n|-singleturn|p1b: Masquerain|Protect\n|move|p2b: Heatran|Magma Storm|p1b: Masquerain\n|-activate|p1b: Masquerain|move: Protect\n|move|p1a: Hatterene|Trick Room|p1a: Hatterene\n|-fieldstart|move: Trick Room|[of] p1a: Hatterene\n|\n|upkeep\n|turn|2\n|\n|t:|1700663423\n|move|p1a: Hatterene|Skill Swap|p2b: Heatran\n|-activate|p1a: Hatterene|move: Skill Swap|Flash Fire|Magic Bounce|[of] p2b: Heatran\n|move|p1b: Masquerain|Sticky Web|p2a: Rotom\n|move|p2b: Heatran|Sticky Web|p1b: Masquerain|[from]ability: Magic Bounce\n|-sidestart|p1: BubbaBeau|move: Sticky Web\n|move|p2b: Heatran|Magma Storm|p1a: Hatterene\n|-start|p1a: Hatterene|ability: Flash Fire\n|move|p2a: Rotom|Thunderbolt|p1b: Masquerain\n|-supereffective|p1b: Masquerain\n|-damage|p1b: Masquerain|12\/100\n|\n|upkeep\n|turn|3\n|inactive|BubbaBeau has 120 seconds left.\n|inactive|MochiMagnitude has 120 seconds left.\n|\n|t:|1700663473\n|move|p1a: Hatterene|Light Screen|p1a: Hatterene\n|-sidestart|p1: BubbaBeau|move: Light Screen\n|move|p1b: Masquerain|Bug Buzz|p2a: Rotom\n|-damage|p2a: Rotom|49\/100\n|move|p2b: Heatran|Flash Cannon|p1b: Masquerain\n|-damage|p1b: Masquerain|0 fnt\n|faint|p1b: Masquerain\n|move|p2a: Rotom|Thunderbolt|p1a: Hatterene\n|-supereffective|p1a: Hatterene\n|-damage|p1a: Hatterene|47\/100\n|\n|-heal|p2a: Rotom|55\/100|[from] item: Leftovers\n|upkeep\n|\n|t:|1700663492\n|switch|p1b: Passimian|Passimian, F|100\/100\n|-activate|p1b: Passimian|move: Sticky Web\n|-unboost|p1b: Passimian|spe|1\n|-ability|p1b: Passimian|Defiant|boost\n|-boost|p1b: Passimian|atk|2\n|-enditem|p1b: Passimian|Room Service\n|-unboost|p1b: Passimian|spe|1|[from] item: Room Service\n|turn|4\n|inactive|BubbaBeau has 90 seconds left.\n|inactive|BubbaBeau has 60 seconds left.\n|inactive|BubbaBeau has 30 seconds left.\n|\n|t:|1700663591\n|move|p2b: Heatran|Protect|p2b: Heatran\n|-singleturn|p2b: Heatran|Protect\n|move|p2a: Rotom|Protect|p2a: Rotom\n|-singleturn|p2a: Rotom|Protect\n|move|p1a: Hatterene|Skill Swap|p1b: Passimian\n|-activate|p1a: Hatterene|move: Skill Swap|||[of] p1b: Passimian\n|-end|p1a: Hatterene|ability: Flash Fire|[silent]\n|move|p1b: Passimian|Drain Punch|p2b: Heatran\n|-activate|p2b: Heatran|move: Protect\n|\n|-heal|p2a: Rotom|61\/100|[from] item: Leftovers\n|upkeep\n|turn|5\n|\n|t:|1700663615\n|switch|p2b: Arcanine|Arcanine, F|100\/100\n|-ability|p2b: Arcanine|Intimidate|boost\n|-unboost|p1a: Hatterene|atk|1\n|-ability|p1a: Hatterene|Defiant|boost\n|-boost|p1a: Hatterene|atk|2\n|-unboost|p1b: Passimian|atk|1\n|move|p1a: Hatterene|Skill Swap|p1b: Passimian\n|-activate|p1a: Hatterene|move: Skill Swap|||[of] p1b: Passimian\n|move|p1b: Passimian|Drain Punch|p2b: Arcanine\n|-damage|p2b: Arcanine|25\/100\n|-enditem|p2b: Arcanine|Sitrus Berry|[eat]\n|-heal|p2b: Arcanine|50\/100|[from] item: Sitrus Berry\n|move|p2a: Rotom|Thunderbolt|p1a: Hatterene\n|-supereffective|p1a: Hatterene\n|-damage|p1a: Hatterene|0 fnt\n|faint|p1a: Hatterene\n|\n|-heal|p2a: Rotom|68\/100|[from] item: Leftovers\n|-fieldend|move: Trick Room\n|upkeep\n|inactive|BubbaBeau has 30 seconds left.\n|inactive|BubbaBeau has 20 seconds left.\n|inactive|BubbaBeau has 15 seconds left.\n|inactive|BubbaBeau has 10 seconds left.\n|inactive|BubbaBeau has 5 seconds left.\n|\n|t:|1700663658\n|switch|p1a: Kingambit|Kingambit, F|100\/100\n|-activate|p1a: Kingambit|move: Sticky Web\n|-unboost|p1a: Kingambit|spe|1\n|-ability|p1a: Kingambit|Defiant|boost\n|-boost|p1a: Kingambit|atk|2\n|turn|6\n|inactive|BubbaBeau has 30 seconds left this turn.\n|\n|t:|1700663672\n|move|p1a: Kingambit|Sucker Punch||[still]\n|-fail|p1a: Kingambit\n|move|p2b: Arcanine|Morning Sun|p2b: Arcanine\n|-heal|p2b: Arcanine|99\/100\n|move|p2a: Rotom|Will-O-Wisp|p1a: Kingambit\n|-status|p1a: Kingambit|brn\n|move|p1b: Passimian|Drain Punch|p2a: Rotom\n|-damage|p2a: Rotom|5\/100\n|\n|-heal|p2a: Rotom|11\/100|[from] item: Leftovers\n|-damage|p1a: Kingambit|94\/100 brn|[from] brn\n|upkeep\n|turn|7\n|l|\u2606MochiMagnitude\n|inactive|MochiMagnitude disconnected and has a minute to reconnect!\n|player|p2|\n|j|\u2606MochiMagnitude\n|inactive|MochiMagnitude reconnected and has 125 seconds left.\n|player|p2|MochiMagnitude|dancer\n|inactive|MochiMagnitude has 120 seconds left.\n|\n|t:|1700663705\n|move|p1a: Kingambit|Sucker Punch|p2b: Arcanine\n|-damage|p2b: Arcanine|56\/100\n|move|p2b: Arcanine|Flare Blitz|p1a: Kingambit\n|-supereffective|p1a: Kingambit\n|-damage|p1a: Kingambit|16\/100 brn\n|-damage|p2b: Arcanine|27\/100|[from] Recoil\n|move|p2a: Rotom|Will-O-Wisp|p1b: Passimian\n|-status|p1b: Passimian|brn\n|move|p1b: Passimian|Drain Punch|p2b: Arcanine\n|-damage|p2b: Arcanine|0 fnt\n|faint|p2b: Arcanine\n|\n|-heal|p2a: Rotom|17\/100|[from] item: Leftovers\n|-damage|p1b: Passimian|94\/100 brn|[from] brn\n|-damage|p1a: Kingambit|9\/100 brn|[from] brn\n|-sideend|p1: BubbaBeau|move: Light Screen\n|upkeep\n|inactive|MochiMagnitude has 120 seconds left.\n|\n|t:|1700663736\n|switch|p2b: Rillaboom|Rillaboom, M|100\/100\n|-fieldstart|move: Grassy Terrain|[from] ability: Grassy Surge|[of] p2b: Rillaboom\n|turn|8\n|inactive|BubbaBeau has 60 seconds left.\n|inactive|BubbaBeau has 30 seconds left.\n|inactive|BubbaBeau has 20 seconds left.\n|\n|t:|1700663793\n|move|p2a: Rotom|Protect|p2a: Rotom\n|-singleturn|p2a: Rotom|Protect\n|move|p2b: Rillaboom|Grassy Glide|p1a: Kingambit\n|-resisted|p1a: Kingambit\n|-damage|p1a: Kingambit|0 fnt\n|faint|p1a: Kingambit\n|move|p1b: Passimian|Acrobatics|p2b: Rillaboom\n|-supereffective|p2b: Rillaboom\n|-damage|p2b: Rillaboom|49\/100\n|\n|-heal|p2a: Rotom|23\/100|[from] item: Leftovers\n|-heal|p2b: Rillaboom|55\/100|[from] Grassy Terrain\n|-heal|p2b: Rillaboom|61\/100|[from] item: Leftovers\n|-heal|p1b: Passimian|100\/100 brn|[from] Grassy Terrain\n|-damage|p1b: Passimian|94\/100 brn|[from] brn\n|upkeep\n|inactive|BubbaBeau has 25 seconds left this turn.\n|inactive|BubbaBeau has 20 seconds left.\n|\n|t:|1700663803\n|switch|p1a: Articuno|Articuno-Galar|100\/100\n|-activate|p1a: Articuno|move: Sticky Web\n|-unboost|p1a: Articuno|spe|1\n|-ability|p1a: Articuno|Competitive|boost\n|-boost|p1a: Articuno|spa|2\n|turn|9\n|inactive|MochiMagnitude has 120 seconds left.\n|c|\u2606MochiMagnitude|How??\n|c|\u2606MochiMagnitude|Articuno is a flying type\n|inactive|MochiMagnitude has 90 seconds left.\n|\n|t:|1700663879\n|move|p2a: Rotom|Thunderbolt|p1a: Articuno\n|-supereffective|p1a: Articuno\n|-damage|p1a: Articuno|25\/100\n|move|p2b: Rillaboom|Wood Hammer|p1b: Passimian\n|-damage|p1b: Passimian|16\/100 brn\n|-damage|p2b: Rillaboom|35\/100|[from] Recoil\n|move|p1b: Passimian|Drain Punch|p2a: Rotom\n|-damage|p2a: Rotom|0 fnt\n|-heal|p1b: Passimian|23\/100 brn|[from] drain|[of] p2a: Rotom\n|faint|p2a: Rotom\n|move|p1a: Articuno|Trick Room|p1a: Articuno\n|-fieldstart|move: Trick Room|[of] p1a: Articuno\n|\n|-heal|p1a: Articuno|31\/100|[from] Grassy Terrain\n|-heal|p1b: Passimian|29\/100 brn|[from] Grassy Terrain\n|-heal|p2b: Rillaboom|41\/100|[from] Grassy Terrain\n|-heal|p2b: Rillaboom|48\/100|[from] item: Leftovers\n|-damage|p1b: Passimian|23\/100 brn|[from] brn\n|upkeep\n|inactive|MochiMagnitude has 60 seconds left.\n|inactive|MochiMagnitude has 30 seconds left.\n|\n|t:|1700663924\n|switch|p2a: Kommo-o|Kommo-o, M|100\/100\n|turn|10\n|\n|t:|1700663942\n|switch|p2a: Heatran|Heatran, F|100\/100\n|move|p2b: Rillaboom|Grassy Glide|p1b: Passimian\n|-damage|p1b: Passimian|0 fnt\n|faint|p1b: Passimian\n|move|p1a: Articuno|Air Cutter|p2a: Heatran|[spread] p2a,p2b\n|-resisted|p2a: Heatran\n|-supereffective|p2b: Rillaboom\n|-damage|p2a: Heatran|82\/100\n|-damage|p2b: Rillaboom|0 fnt\n|faint|p2b: Rillaboom\n|\n|-heal|p1a: Articuno|37\/100|[from] Grassy Terrain\n|-heal|p2a: Heatran|88\/100|[from] Grassy Terrain\n|-heal|p2a: Heatran|94\/100|[from] item: Leftovers\n|upkeep\n|inactive|MochiMagnitude has 60 seconds left.\n|\n|t:|1700663952\n|switch|p1b: Wigglytuff|Wigglytuff, F|100\/100\n|switch|p2b: Kommo-o|Kommo-o, M|100\/100\n|-activate|p1b: Wigglytuff|move: Sticky Web\n|-unboost|p1b: Wigglytuff|spe|1\n|-ability|p1b: Wigglytuff|Competitive|boost\n|-boost|p1b: Wigglytuff|spa|2\n|turn|11\n|\n|t:|1700663964\n|-terastallize|p2b: Kommo-o|Steel\n|move|p1b: Wigglytuff|Thunderbolt|p2a: Heatran\n|-damage|p2a: Heatran|41\/100\n|-damage|p1b: Wigglytuff|91\/100|[from] item: Life Orb\n|move|p1a: Articuno|Shadow Ball|p2a: Heatran\n|-damage|p2a: Heatran|0 fnt\n|faint|p2a: Heatran\n|move|p2b: Kommo-o|Flash Cannon|p1b: Wigglytuff\n|-supereffective|p1b: Wigglytuff\n|-damage|p1b: Wigglytuff|1\/100\n|\n|-heal|p1b: Wigglytuff|7\/100|[from] Grassy Terrain\n|-heal|p1a: Articuno|44\/100|[from] Grassy Terrain\n|upkeep\n|\n|t:|1700663976\n|switch|p2a: Okidogi|Okidogi, M|100\/100\n|turn|12\n|\n|t:|1700663989\n|move|p1b: Wigglytuff|Flamethrower|p2b: Kommo-o\n|-supereffective|p2b: Kommo-o\n|-damage|p2b: Kommo-o|0 fnt\n|faint|p2b: Kommo-o\n|-damage|p1b: Wigglytuff|0 fnt|[from] item: Life Orb\n|faint|p1b: Wigglytuff\n|move|p1a: Articuno|Freezing Glare|p2a: Okidogi\n|-supereffective|p2a: Okidogi\n|-damage|p2a: Okidogi|0 fnt\n|faint|p2a: Okidogi\n|\n|win|BubbaBeau\n|raw|BubbaBeau's rating: 1371 &rarr; <strong>1388<\/strong><br \/>(+17 for winning)\n|raw|MochiMagnitude's rating: 1326 &rarr; <strong>1309<\/strong><br \/>(-17 for losing)\n","uploadtime":1700663999,"views":3,"p1id":"bubbabeau","p2id":"mochimagnitude","formatid":"gen9doublesou","rating":1309,"private":0,"password":""}