{"id":"gen9doublesou-1990721541","p1":"Hadesll","p2":"Azuretx","format":"[Gen 9] Doubles OU","log":"|j|\u2606Hadesll\n|j|\u2606Azuretx\n|t:|1699994750\n|gametype|doubles\n|player|p1|Hadesll|n|1082\n|player|p2|Azuretx|boarder|1087\n|teamsize|p1|6\n|teamsize|p2|6\n|gen|9\n|tier|[Gen 9] Doubles OU\n|rated|\n|rule|Species Clause: Limit one of each Pok\u00e9mon\n|rule|OHKO Clause: OHKO moves are banned\n|rule|Evasion Moves Clause: Evasion moves are banned\n|rule|Gravity Sleep Clause: The combination of sleep-inducing moves with imperfect accuracy and Gravity or Gigantamax Orbeetle are banned\n|rule|Endless Battle Clause: Forcing endless battles is banned\n|rule|HP Percentage Mod: HP is shown in percentages\n|clearpoke\n|poke|p1|Poliwrath, M|\n|poke|p1|Pelipper, M|\n|poke|p1|Bombirdier, M|\n|poke|p1|Sableye, M|\n|poke|p1|Rillaboom, M|\n|poke|p1|Infernape, M|\n|poke|p2|Thundurus-Therian, M|\n|poke|p2|Bellibolt, F|\n|poke|p2|Muk-Alola, F|\n|poke|p2|Zapdos|\n|poke|p2|Sandy Shocks|\n|poke|p2|Toxtricity, F|\n|teampreview\n|\n|t:|1699994785\n|start\n|switch|p1a: Pelipper|Pelipper, M|100\/100\n|switch|p1b: Bombirdier|Bombirdier, M, shiny|100\/100\n|switch|p2a: Zapdos|Zapdos, shiny|100\/100\n|switch|p2b: Sandy Shocks|Sandy Shocks|100\/100\n|-weather|RainDance|[from] ability: Drizzle|[of] p1a: Pelipper\n|-ability|p2a: Zapdos|Pressure\n|-enditem|p2b: Sandy Shocks|Booster Energy\n|-activate|p2b: Sandy Shocks|ability: Protosynthesis|[fromitem]\n|-start|p2b: Sandy Shocks|protosynthesisspe\n|turn|1\n|\n|t:|1699994802\n|move|p2b: Sandy Shocks|Zap Cannon|p1a: Pelipper\n|-supereffective|p1a: Pelipper\n|-damage|p1a: Pelipper|0 fnt\n|faint|p1a: Pelipper\n|move|p2a: Zapdos|Electric Terrain|p2a: Zapdos\n|-fieldstart|move: Electric Terrain\n|-enditem|p2a: Zapdos|Electric Seed\n|-boost|p2a: Zapdos|def|1|[from] item: Electric Seed\n|move|p1b: Bombirdier|Rock Blast|p2a: Zapdos\n|-supereffective|p2a: Zapdos\n|-damage|p2a: Zapdos|84\/100\n|-supereffective|p2a: Zapdos\n|-damage|p2a: Zapdos|68\/100\n|-supereffective|p2a: Zapdos\n|-damage|p2a: Zapdos|50\/100\n|-hitcount|p2a: Zapdos|3\n|\n|-weather|RainDance|[upkeep]\n|upkeep\n|\n|t:|1699994809\n|switch|p1a: Poliwrath|Poliwrath, M|100\/100\n|turn|2\n|\n|t:|1699994836\n|-terastallize|p1a: Poliwrath|Poison\n|move|p1b: Bombirdier|Sucker Punch|p2a: Zapdos\n|-damage|p2a: Zapdos|30\/100\n|move|p1a: Poliwrath|Belly Drum|p1a: Poliwrath\n|-damage|p1a: Poliwrath|50\/100\n|-setboost|p1a: Poliwrath|atk|6|[from] move: Belly Drum\n|-enditem|p1a: Poliwrath|Sitrus Berry|[eat]\n|-heal|p1a: Poliwrath|75\/100|[from] item: Sitrus Berry\n|move|p2b: Sandy Shocks|Zap Cannon|p1a: Poliwrath\n|-damage|p1a: Poliwrath|2\/100\n|-status|p1a: Poliwrath|par\n|move|p2a: Zapdos|U-turn|p1a: Poliwrath\n|-resisted|p1a: Poliwrath\n|-damage|p1a: Poliwrath|0 fnt\n|faint|p1a: Poliwrath\n|\n|t:|1699994855\n|switch|p2a: Toxtricity|Toxtricity, F, shiny|100\/100|[from] U-turn\n|\n|-weather|RainDance|[upkeep]\n|upkeep\n|\n|t:|1699994877\n|switch|p1a: Sableye|Sableye, M, shiny|100\/100\n|turn|3\n|\n|t:|1699994894\n|move|p1a: Sableye|Trick|p1b: Bombirdier\n|-activate|p1a: Sableye|move: Trick|[of] p1b: Bombirdier\n|-item|p1b: Bombirdier|Loaded Dice|[from] move: Trick\n|-item|p1a: Sableye|Assault Vest|[from] move: Trick\n|move|p2b: Sandy Shocks|Gravity|p2b: Sandy Shocks\n|-fieldstart|move: Gravity\n|move|p1b: Bombirdier|Rock Blast|p2a: Toxtricity\n|-damage|p2a: Toxtricity|83\/100\n|-damage|p2a: Toxtricity|67\/100\n|-damage|p2a: Toxtricity|50\/100\n|-damage|p2a: Toxtricity|35\/100\n|-damage|p2a: Toxtricity|17\/100\n|-hitcount|p2a: Toxtricity|5\n|move|p2a: Toxtricity|Overdrive|p1a: Sableye|[spread] p1a,p1b\n|-supereffective|p1b: Bombirdier\n|-damage|p1a: Sableye|49\/100\n|-damage|p1b: Bombirdier|0 fnt\n|faint|p1b: Bombirdier\n|\n|-weather|RainDance|[upkeep]\n|upkeep\n|\n|t:|1699994907\n|switch|p1b: Rillaboom|Rillaboom, M|100\/100\n|-fieldstart|move: Grassy Terrain|[from] ability: Grassy Surge|[of] p1b: Rillaboom\n|turn|4\n|\n|t:|1699994923\n|-end|p2b: Sandy Shocks|Protosynthesis|[silent]\n|switch|p2b: Thundurus|Thundurus-Therian, M, shiny|100\/100\n|switch|p2a: Bellibolt|Bellibolt, F|100\/100\n|move|p1b: Rillaboom|Grassy Glide|p2b: Thundurus\n|-resisted|p2b: Thundurus\n|-damage|p2b: Thundurus|73\/100\n|move|p1a: Sableye|Shadow Sneak|p2a: Bellibolt\n|-damage|p2a: Bellibolt|91\/100\n|-start|p2a: Bellibolt|Charge|Shadow Sneak|[from] ability: Electromorphosis\n|\n|-weather|RainDance|[upkeep]\n|-heal|p2b: Thundurus|79\/100|[from] Grassy Terrain\n|-heal|p1a: Sableye|55\/100|[from] Grassy Terrain\n|-heal|p2a: Bellibolt|97\/100|[from] Grassy Terrain\n|upkeep\n|turn|5\n|\n|t:|1699994952\n|-terastallize|p2b: Thundurus|Electric\n|move|p1b: Rillaboom|Grassy Glide|p2b: Thundurus\n|-damage|p2b: Thundurus|29\/100\n|move|p1a: Sableye|Shadow Sneak|p2b: Thundurus\n|-damage|p2b: Thundurus|10\/100\n|move|p2b: Thundurus|Wildbolt Storm|p1a: Sableye|[spread] p1a,p1b\n|-resisted|p1b: Rillaboom\n|-damage|p1a: Sableye|3\/100\n|-damage|p1b: Rillaboom|66\/100\n|move|p2a: Bellibolt|Parabolic Charge|p1a: Sableye|[spread] p1a,p1b\n|-heal|p2b: Thundurus|35\/100|[from] ability: Volt Absorb|[of] p2a: Bellibolt\n|-crit|p1a: Sableye\n|-resisted|p1b: Rillaboom\n|-damage|p1a: Sableye|0 fnt\n|-heal|p2a: Bellibolt|98\/100|[from] drain|[of] p1a: Sableye\n|-damage|p1b: Rillaboom|46\/100\n|-heal|p2a: Bellibolt|100\/100|[from] drain|[of] p1b: Rillaboom\n|faint|p1a: Sableye\n|-end|p2a: Bellibolt|Charge|[silent]\n|\n|-weather|RainDance|[upkeep]\n|-heal|p2b: Thundurus|41\/100|[from] Grassy Terrain\n|-heal|p1b: Rillaboom|52\/100|[from] Grassy Terrain\n|upkeep\n|\n|t:|1699994959\n|switch|p1a: Infernape|Infernape, M, shiny|100\/100\n|turn|6\n|\n|t:|1699994980\n|move|p1b: Rillaboom|Protect|p1b: Rillaboom\n|-singleturn|p1b: Rillaboom|Protect\n|move|p2b: Thundurus|Wildbolt Storm|p1b: Rillaboom|[spread] p1a\n|-activate|p1b: Rillaboom|move: Protect\n|-damage|p1a: Infernape|24\/100\n|-status|p1a: Infernape|par\n|move|p1a: Infernape|Earthquake|p2b: Thundurus|[spread] p2a,p2b\n|-activate|p1b: Rillaboom|move: Protect\n|-supereffective|p2a: Bellibolt\n|-supereffective|p2b: Thundurus\n|-damage|p2a: Bellibolt|79\/100\n|-damage|p2b: Thundurus|8\/100\n|-start|p2a: Bellibolt|Charge|Earthquake|[from] ability: Electromorphosis\n|move|p2a: Bellibolt|Parabolic Charge|p1b: Rillaboom|[spread] p1a\n|-activate|p1b: Rillaboom|move: Protect\n|-heal|p2b: Thundurus|32\/100|[from] ability: Volt Absorb|[of] p2a: Bellibolt\n|-damage|p1a: Infernape|0 fnt\n|-heal|p2a: Bellibolt|88\/100|[from] drain|[of] p1a: Infernape\n|faint|p1a: Infernape\n|-end|p2a: Bellibolt|Charge|[silent]\n|\n|-weather|RainDance|[upkeep]\n|-heal|p2b: Thundurus|38\/100|[from] Grassy Terrain\n|-heal|p1b: Rillaboom|59\/100|[from] Grassy Terrain\n|-heal|p2a: Bellibolt|94\/100|[from] Grassy Terrain\n|upkeep\n|turn|7\n|n|\u203dHadesll|hadesll\n|\n|t:|1699995014\n|switch|p2b: Muk|Muk-Alola, F, shiny|100\/100\n|move|p1b: Rillaboom|Grassy Glide|p2b: Muk\n|-resisted|p2b: Muk\n|-damage|p2b: Muk|84\/100\n|move|p2a: Bellibolt|Sucker Punch||[still]\n|-fail|p2a: Bellibolt\n|\n|-weather|RainDance|[upkeep]\n|-heal|p1b: Rillaboom|65\/100|[from] Grassy Terrain\n|-heal|p2b: Muk|90\/100|[from] Grassy Terrain\n|-heal|p2a: Bellibolt|100\/100|[from] Grassy Terrain\n|-fieldend|move: Gravity\n|upkeep\n|turn|8\n|\n|t:|1699995045\n|move|p1b: Rillaboom|Protect|p1b: Rillaboom\n|-singleturn|p1b: Rillaboom|Protect\n|move|p2a: Bellibolt|Sucker Punch||[still]\n|-fail|p2a: Bellibolt\n|move|p2b: Muk|Poison Jab|p1b: Rillaboom\n|-activate|p1b: Rillaboom|move: Protect\n|\n|-weather|none\n|-heal|p1b: Rillaboom|71\/100|[from] Grassy Terrain\n|-heal|p2b: Muk|96\/100|[from] Grassy Terrain\n|-fieldend|move: Grassy Terrain\n|upkeep\n|turn|9\n|l|\u203dHadesll\n|player|p1|\n|inactive|Battle timer is ON: inactive players will automatically lose when time's up. (requested by Azuretx)\n|inactive|Hadesll has 30 seconds to reconnect!\n|inactive|Hadesll has 20 seconds to reconnect!\n|inactive|Hadesll has 15 seconds to reconnect!\n|inactive|Hadesll has 10 seconds to reconnect!\n|inactive|Hadesll has 5 seconds to reconnect!\n|-message|Hadesll lost due to inactivity.\n|\n|win|Azuretx\n|raw|Hadesll's rating: 1055 &rarr; <strong>1038<\/strong><br \/>(-17 for losing)\n|raw|Azuretx's rating: 1087 &rarr; <strong>1111<\/strong><br \/>(+24 for winning)\n","uploadtime":1699995004,"views":5,"p1id":"hadesll","p2id":"azuretx","formatid":"gen9doublesou","rating":1038,"private":0,"password":""}