{"id":"gen9doublesou-1974719854","p1":"Chargren","p2":"Shadow Ballers","format":"[Gen 9] Doubles OU","log":"|j|\u2606Chargren\n|j|\u2606Shadow Ballers\n|t:|1698113991\n|gametype|doubles\n|player|p1|Chargren|101|1358\n|player|p2|Shadow Ballers|blaine|1457\n|teamsize|p1|6\n|teamsize|p2|6\n|gen|9\n|tier|[Gen 9] Doubles OU\n|rated|\n|rule|Species Clause: Limit one of each Pok\u00e9mon\n|rule|OHKO Clause: OHKO moves are banned\n|rule|Evasion Moves Clause: Evasion moves are banned\n|rule|Gravity Sleep Clause: The combination of sleep-inducing moves with imperfect accuracy and Gravity or Gigantamax Orbeetle are banned\n|rule|Endless Battle Clause: Forcing endless battles is banned\n|rule|HP Percentage Mod: HP is shown in percentages\n|clearpoke\n|poke|p1|Hariyama, M|\n|poke|p1|Farigiraf, F|\n|poke|p1|Torkoal, M|\n|poke|p1|Amoonguss, M|\n|poke|p1|Indeedee-F, F|\n|poke|p1|Armarouge, M|\n|poke|p2|Talonflame, M|\n|poke|p2|Iron Hands|\n|poke|p2|Bruxish, M|\n|poke|p2|Weezing-Galar, F|\n|poke|p2|Ursaluna-Bloodmoon, M|\n|poke|p2|Sinistcha|\n|teampreview\n|c|\u2606Chargren|glhf\n|\n|t:|1698113998\n|start\n|switch|p1a: Farigiraf|Farigiraf, F|100\/100\n|switch|p1b: Hariyama|Hariyama, M|100\/100\n|switch|p2a: Bruxish|Bruxish, M, shiny|100\/100\n|switch|p2b: Weezing|Weezing-Galar, F, shiny|100\/100\n|-ability|p2b: Weezing|Neutralizing Gas\n|-block|p2a: Bruxish|item: Ability Shield\n|turn|1\n|inactive|Battle timer is ON: inactive players will automatically lose when time's up. (requested by Shadow Ballers)\n|c|\u2606Shadow Ballers|U2!\n|\n|t:|1698114032\n|-terastallize|p2a: Bruxish|Dark\n|-terastallize|p1b: Hariyama|Steel\n|move|p1b: Hariyama|Fake Out||[still]\n|cant|p2a: Bruxish|ability: Dazzling|Fake Out|[of] p1b: Hariyama\n|move|p2b: Weezing|Sludge Bomb|p1a: Farigiraf\n|-damage|p1a: Farigiraf|72\/100\n|move|p2a: Bruxish|Crunch|p1a: Farigiraf\n|-supereffective|p1a: Farigiraf\n|-damage|p1a: Farigiraf|0 fnt\n|faint|p1a: Farigiraf\n|\n|-status|p1b: Hariyama|brn|[from] item: Flame Orb\n|upkeep\n|inactive|Chargren has 120 seconds left.\n|\n|t:|1698114068\n|switch|p1a: Amoonguss|Amoonguss, M|100\/100\n|turn|2\n|\n|t:|1698114084\n|move|p2b: Weezing|Sludge Bomb|p1a: Amoonguss\n|-damage|p1a: Amoonguss|72\/100\n|move|p2a: Bruxish|Psychic Fangs|p1a: Amoonguss\n|-supereffective|p1a: Amoonguss\n|-damage|p1a: Amoonguss|0 fnt\n|faint|p1a: Amoonguss\n|move|p1b: Hariyama|Drain Punch|p2a: Bruxish\n|-supereffective|p2a: Bruxish\n|-damage|p2a: Bruxish|38\/100\n|\n|-damage|p1b: Hariyama|94\/100 brn|[from] brn\n|upkeep\n|inactive|Chargren has 120 seconds left.\n|\n|t:|1698114102\n|switch|p1a: Indeedee|Indeedee-F, F|100\/100\n|turn|3\n|\n|t:|1698114113\n|move|p1a: Indeedee|Protect|p1a: Indeedee\n|-singleturn|p1a: Indeedee|Protect\n|move|p2b: Weezing|Sludge Bomb|p1a: Indeedee\n|-activate|p1a: Indeedee|move: Protect\n|move|p2a: Bruxish|Crunch|p1a: Indeedee\n|-activate|p1a: Indeedee|move: Protect\n|move|p1b: Hariyama|Drain Punch|p2a: Bruxish\n|-supereffective|p2a: Bruxish\n|-damage|p2a: Bruxish|0 fnt\n|-heal|p1b: Hariyama|100\/100 brn|[from] drain|[of] p2a: Bruxish\n|faint|p2a: Bruxish\n|\n|-damage|p1b: Hariyama|94\/100 brn|[from] brn\n|upkeep\n|\n|t:|1698114129\n|switch|p2a: Ursaluna|Ursaluna-Bloodmoon, M|100\/100\n|turn|4\n|\n|t:|1698114136\n|move|p2b: Weezing|Sludge Bomb|p1a: Indeedee\n|-damage|p1a: Indeedee|69\/100\n|move|p2a: Ursaluna|Earth Power|p1b: Hariyama\n|-supereffective|p1b: Hariyama\n|-damage|p1b: Hariyama|0 fnt\n|faint|p1b: Hariyama\n|move|p1a: Indeedee|Trick Room|p1a: Indeedee\n|-fieldstart|move: Trick Room|[of] p1a: Indeedee\n|\n|upkeep\n|\n|t:|1698114146\n|switch|p1b: Armarouge|Armarouge, M|100\/100\n|turn|5\n|\n|t:|1698114153\n|move|p1a: Indeedee|Follow Me|p1a: Indeedee\n|-singleturn|p1a: Indeedee|move: Follow Me\n|move|p2a: Ursaluna|Earth Power|p1a: Indeedee\n|-damage|p1a: Indeedee|23\/100\n|move|p1b: Armarouge|Aura Sphere|p2a: Ursaluna\n|-supereffective|p2a: Ursaluna\n|-damage|p2a: Ursaluna|61\/100\n|move|p2b: Weezing|Sludge Bomb|p1a: Indeedee\n|-damage|p1a: Indeedee|0 fnt\n|faint|p1a: Indeedee\n|\n|upkeep\n|\n|t:|1698114164\n|switch|p1a: Torkoal|Torkoal, M|100\/100\n|turn|6\n|\n|t:|1698114179\n|switch|p2a: Iron Hands|Iron Hands, shiny|100\/100\n|move|p1a: Torkoal|Eruption|p2a: Iron Hands|[spread] p2a,p2b\n|-damage|p2a: Iron Hands|67\/100\n|-damage|p2b: Weezing|7\/100\n|move|p1b: Armarouge|Aura Sphere|p2a: Iron Hands\n|-damage|p2a: Iron Hands|52\/100\n|move|p2b: Weezing|Sludge Bomb|p1a: Torkoal\n|-damage|p1a: Torkoal|57\/100\n|\n|upkeep\n|turn|7\n|\n|t:|1698114195\n|move|p2a: Iron Hands|Fake Out|p1a: Torkoal\n|-damage|p1a: Torkoal|46\/100\n|cant|p1a: Torkoal|flinch\n|move|p1b: Armarouge|Expanding Force|p2a: Iron Hands\n|-supereffective|p2a: Iron Hands\n|-damage|p2a: Iron Hands|4\/100\n|move|p2b: Weezing|Sludge Bomb|p1a: Torkoal\n|-damage|p1a: Torkoal|0 fnt\n|faint|p1a: Torkoal\n|\n|upkeep\n|turn|8\n|c|\u2606Shadow Ballers|Gg\n|\n|t:|1698114219\n|-end|p2b: Weezing|ability: Neutralizing Gas\n|switch|p2b: Sinistcha|Sinistcha, shiny|100\/100\n|-heal|p2a: Iron Hands|28\/100|[from] ability: Hospitality|[of] p2b: Sinistcha\n|move|p2a: Iron Hands|Wild Charge|p1b: Armarouge\n|-crit|p1b: Armarouge\n|-damage|p1b: Armarouge|38\/100\n|-damage|p2a: Iron Hands|17\/100|[from] Recoil\n|move|p1b: Armarouge|Dark Pulse|p2a: Iron Hands\n|-resisted|p2a: Iron Hands\n|-damage|p2a: Iron Hands|9\/100\n|\n|-fieldend|move: Trick Room\n|upkeep\n|turn|9\n|\n|t:|1698114242\n|move|p2b: Sinistcha|Shadow Ball|p1b: Armarouge\n|-supereffective|p1b: Armarouge\n|-damage|p1b: Armarouge|0 fnt\n|faint|p1b: Armarouge\n|\n|win|Shadow Ballers\n|raw|Chargren's rating: 1358 &rarr; <strong>1344<\/strong><br \/>(-14 for losing)\n|raw|Shadow Ballers's rating: 1457 &rarr; <strong>1471<\/strong><br \/>(+14 for winning)\n|c|\u2606Chargren|gg\n|l|\u2606Chargren\n","uploadtime":1698114265,"views":20,"p1id":"chargren","p2id":"shadowballers","formatid":"gen9doublesou","rating":1344,"private":0,"password":""}