{"id":"gen9doublesou-1980081924","p1":"sqcred swords","p2":"Saadcmjjcg","format":"[Gen 9] Doubles OU","log":"|j|\u2606sqcred swords\n|j|\u2606Saadcmjjcg\n|t:|1698755361\n|gametype|doubles\n|player|p1|sqcred swords|102|1030\n|player|p2|Saadcmjjcg|170|1000\n|teamsize|p1|6\n|teamsize|p2|6\n|gen|9\n|tier|[Gen 9] Doubles OU\n|rated|\n|rule|Species Clause: Limit one of each Pok\u00e9mon\n|rule|OHKO Clause: OHKO moves are banned\n|rule|Evasion Moves Clause: Evasion moves are banned\n|rule|Gravity Sleep Clause: The combination of sleep-inducing moves with imperfect accuracy and Gravity or Gigantamax Orbeetle are banned\n|rule|Endless Battle Clause: Forcing endless battles is banned\n|rule|HP Percentage Mod: HP is shown in percentages\n|clearpoke\n|poke|p1|Iron Hands|\n|poke|p1|Clefable, M|\n|poke|p1|Ogerpon-Hearthflame, F|\n|poke|p1|Amoonguss, M|\n|poke|p1|Toxapex, M|\n|poke|p1|Roaring Moon|\n|poke|p2|Scovillain, M|\n|poke|p2|Cyclizar, F|\n|poke|p2|Tinkaton, F|\n|poke|p2|Pawmot, F|\n|poke|p2|Sandy Shocks|\n|poke|p2|Brute Bonnet|\n|teampreview\n|inactive|Battle timer is ON: inactive players will automatically lose when time's up. (requested by sqcred swords)\n|\n|t:|1698755376\n|start\n|switch|p1a: Clefable|Clefable, M|100\/100\n|switch|p1b: Iron Hands|Iron Hands|100\/100\n|switch|p2a: Tinkaton|Tinkaton, F|100\/100\n|switch|p2b: Cyclizar|Cyclizar, F|100\/100\n|turn|1\n|inactive|Saadcmjjcg has 120 seconds left.\n|inactive|Saadcmjjcg has 90 seconds left.\n|\n|t:|1698755458\n|-terastallize|p1b: Iron Hands|Fairy\n|move|p1a: Clefable|Follow Me|p1a: Clefable\n|-singleturn|p1a: Clefable|move: Follow Me\n|move|p2b: Cyclizar|Sunny Day|p2b: Cyclizar\n|-weather|SunnyDay\n|move|p2a: Tinkaton|Play Rough|p1a: Clefable\n|-damage|p1a: Clefable|72\/100\n|move|p1b: Iron Hands|Belly Drum|p1b: Iron Hands\n|-damage|p1b: Iron Hands|50\/100\n|-setboost|p1b: Iron Hands|atk|6|[from] move: Belly Drum\n|-enditem|p1b: Iron Hands|Sitrus Berry|[eat]\n|-heal|p1b: Iron Hands|75\/100|[from] item: Sitrus Berry\n|\n|-weather|SunnyDay|[upkeep]\n|-heal|p1a: Clefable|78\/100|[from] item: Leftovers\n|upkeep\n|turn|2\n|inactive|Saadcmjjcg has 90 seconds left.\n|\n|t:|1698755492\n|move|p1a: Clefable|Follow Me|p1a: Clefable\n|-singleturn|p1a: Clefable|move: Follow Me\n|move|p2b: Cyclizar|Shed Tail|p2b: Cyclizar\n|-start|p2b: Cyclizar|Substitute|[from] move: Shed Tail\n|-damage|p2b: Cyclizar|50\/100\n|inactive|Saadcmjjcg has 60 seconds left.\n|\n|t:|1698755503\n|switch|p2b: Scovillain|Scovillain, M|100\/100|[from] Shed Tail\n|move|p2a: Tinkaton|Gigaton Hammer|p1a: Clefable\n|-supereffective|p1a: Clefable\n|-damage|p1a: Clefable|0 fnt\n|faint|p1a: Clefable\n|move|p1b: Iron Hands|Drain Punch|p2a: Tinkaton\n|-damage|p2a: Tinkaton|0 fnt\n|-heal|p1b: Iron Hands|100\/100|[from] drain|[of] p2a: Tinkaton\n|faint|p2a: Tinkaton\n|\n|-weather|SunnyDay|[upkeep]\n|upkeep\n|inactive|Saadcmjjcg has 60 seconds left.\n|\n|t:|1698755552\n|switch|p2a: Brute Bonnet|Brute Bonnet|100\/100\n|switch|p1a: Toxapex|Toxapex, M|100\/100\n|-activate|p2a: Brute Bonnet|ability: Protosynthesis\n|-start|p2a: Brute Bonnet|protosynthesisatk\n|turn|3\n|inactive|Saadcmjjcg has 60 seconds left.\n|\n|t:|1698755581\n|move|p2b: Scovillain|Flamethrower|p1b: Iron Hands\n|-damage|p1b: Iron Hands|37\/100\n|-damage|p2b: Scovillain|91\/100|[from] item: Life Orb\n|move|p2a: Brute Bonnet|Spore|p1b: Iron Hands\n|-status|p1b: Iron Hands|slp|[from] move: Spore\n|cant|p1b: Iron Hands|slp\n|move|p1a: Toxapex|Toxic Spikes|p2b: Scovillain\n|-sidestart|p2: Saadcmjjcg|move: Toxic Spikes\n|\n|-weather|SunnyDay|[upkeep]\n|upkeep\n|turn|4\n|inactive|Saadcmjjcg has 60 seconds left.\n|inactive|Saadcmjjcg has 30 seconds left.\n|inactive|Saadcmjjcg has 20 seconds left.\n|inactive|Saadcmjjcg has 15 seconds left.\n|\n|t:|1698755634\n|move|p1a: Toxapex|Baneful Bunker|p1a: Toxapex\n|-singleturn|p1a: Toxapex|move: Protect\n|move|p2b: Scovillain|Flamethrower|p1b: Iron Hands\n|-damage|p1b: Iron Hands|0 fnt\n|faint|p1b: Iron Hands\n|-end|p1b: Iron Hands|Quark Drive|[silent]\n|-damage|p2b: Scovillain|81\/100|[from] item: Life Orb\n|move|p2a: Brute Bonnet|Crunch|p1a: Toxapex\n|-activate|p1a: Toxapex|move: Protect\n|-status|p2a: Brute Bonnet|psn\n|\n|-weather|SunnyDay|[upkeep]\n|-damage|p2a: Brute Bonnet|88\/100 psn|[from] psn\n|upkeep\n|inactive|Saadcmjjcg has 20 seconds left this turn.\n|\n|t:|1698755653\n|switch|p1b: Amoonguss|Amoonguss, M|100\/100\n|turn|5\n|inactive|Saadcmjjcg has 30 seconds left.\n|\n|t:|1698755674\n|move|p2b: Scovillain|Protect|p2b: Scovillain\n|-singleturn|p2b: Scovillain|Protect\n|move|p1a: Toxapex|Baneful Bunker|p1a: Toxapex\n|-singleturn|p1a: Toxapex|move: Protect\n|move|p2a: Brute Bonnet|Spore|p1b: Amoonguss\n|-immune|p1b: Amoonguss\n|move|p1b: Amoonguss|Clear Smog|p2a: Brute Bonnet\n|-supereffective|p2a: Brute Bonnet\n|-damage|p2a: Brute Bonnet|66\/100 psn\n|-clearboost|p2a: Brute Bonnet\n|\n|-weather|SunnyDay|[upkeep]\n|-heal|p2a: Brute Bonnet|72\/100 psn|[from] item: Leftovers\n|-damage|p2a: Brute Bonnet|59\/100 psn|[from] psn\n|upkeep\n|turn|6\n|inactive|Saadcmjjcg has 30 seconds left.\n|inactive|sqcred swords has 120 seconds left.\n|inactive|Saadcmjjcg has 20 seconds left.\n|\n|t:|1698755709\n|move|p1a: Toxapex|Baneful Bunker||[still]\n|-fail|p1a: Toxapex\n|move|p2b: Scovillain|Flamethrower|p1b: Amoonguss\n|-supereffective|p1b: Amoonguss\n|-damage|p1b: Amoonguss|0 fnt\n|faint|p1b: Amoonguss\n|-damage|p2b: Scovillain|71\/100|[from] item: Life Orb\n|move|p2a: Brute Bonnet|Spore|p1a: Toxapex\n|-status|p1a: Toxapex|slp|[from] move: Spore\n|\n|-weather|SunnyDay|[upkeep]\n|-heal|p2a: Brute Bonnet|65\/100 psn|[from] item: Leftovers\n|-damage|p2a: Brute Bonnet|53\/100 psn|[from] psn\n|upkeep\n|inactive|Saadcmjjcg has 25 seconds left this turn.\n|inactive|sqcred swords has 120 seconds left.\n|\n|t:|1698755717\n|switch|p1b: Ogerpon|Ogerpon-Hearthflame, F|100\/100\n|-ability|p1b: Ogerpon|Mold Breaker\n|turn|7\n|inactive|Saadcmjjcg has 30 seconds left.\n|inactive|Saadcmjjcg has 20 seconds left.\n|\n|t:|1698755748\n|move|p2b: Scovillain|Protect|p2b: Scovillain\n|-singleturn|p2b: Scovillain|Protect\n|move|p2a: Brute Bonnet|Protect|p2a: Brute Bonnet\n|-singleturn|p2a: Brute Bonnet|Protect\n|move|p1b: Ogerpon|Ivy Cudgel|p2b: Scovillain\n|-activate|p2b: Scovillain|move: Protect\n|cant|p1a: Toxapex|slp\n|\n|-weather|SunnyDay|[upkeep]\n|-heal|p2a: Brute Bonnet|59\/100 psn|[from] item: Leftovers\n|-damage|p2a: Brute Bonnet|47\/100 psn|[from] psn\n|upkeep\n|turn|8\n|inactive|Saadcmjjcg has 30 seconds left.\n|\n|t:|1698755772\n|cant|p1a: Toxapex|slp\n|move|p2b: Scovillain|Flamethrower|p1b: Ogerpon\n|-damage|p1b: Ogerpon|0 fnt\n|faint|p1b: Ogerpon\n|-damage|p2b: Scovillain|61\/100|[from] item: Life Orb\n|move|p2a: Brute Bonnet|Crunch|p1a: Toxapex\n|-damage|p1a: Toxapex|63\/100 slp\n|\n|-weather|none\n|-end|p2a: Brute Bonnet|Protosynthesis\n|-heal|p2a: Brute Bonnet|53\/100 psn|[from] item: Leftovers\n|-heal|p1a: Toxapex|69\/100 slp|[from] item: Black Sludge\n|-damage|p2a: Brute Bonnet|40\/100 psn|[from] psn\n|upkeep\n|inactive|Saadcmjjcg has 30 seconds left this turn.\n|\n|t:|1698755783\n|switch|p1b: Roaring Moon|Roaring Moon|100\/100\n|turn|9\n|\n|t:|1698755807\n|cant|p1a: Toxapex|slp\n|move|p1b: Roaring Moon|Iron Head|p2a: Brute Bonnet\n|-damage|p2a: Brute Bonnet|22\/100 psn\n|move|p2b: Scovillain|Sunny Day|p2b: Scovillain\n|-weather|SunnyDay\n|-activate|p1b: Roaring Moon|ability: Protosynthesis\n|-start|p1b: Roaring Moon|protosynthesisatk\n|-activate|p2a: Brute Bonnet|ability: Protosynthesis\n|-start|p2a: Brute Bonnet|protosynthesisatk\n|move|p2a: Brute Bonnet|Seed Bomb|p1b: Roaring Moon\n|-resisted|p1b: Roaring Moon\n|-damage|p1b: Roaring Moon|80\/100\n|\n|-weather|SunnyDay|[upkeep]\n|-heal|p2a: Brute Bonnet|28\/100 psn|[from] item: Leftovers\n|-heal|p1a: Toxapex|75\/100 slp|[from] item: Black Sludge\n|-damage|p2a: Brute Bonnet|16\/100 psn|[from] psn\n|upkeep\n|turn|10\n|inactive|Saadcmjjcg has 30 seconds left.\n|\n|t:|1698755839\n|move|p2a: Brute Bonnet|Protect|p2a: Brute Bonnet\n|-singleturn|p2a: Brute Bonnet|Protect\n|move|p2b: Scovillain|Flamethrower|p1b: Roaring Moon\n|-resisted|p1b: Roaring Moon\n|-damage|p1b: Roaring Moon|57\/100\n|-damage|p2b: Scovillain|51\/100|[from] item: Life Orb\n|move|p1b: Roaring Moon|Brick Break|p2a: Brute Bonnet\n|-activate|p2a: Brute Bonnet|move: Protect\n|-curestatus|p1a: Toxapex|slp|[msg]\n|move|p1a: Toxapex|Toxic||[still]\n|-fail|p1a: Toxapex\n|\n|-weather|SunnyDay|[upkeep]\n|-heal|p2a: Brute Bonnet|22\/100 psn|[from] item: Leftovers\n|-heal|p1a: Toxapex|82\/100|[from] item: Black Sludge\n|-damage|p2a: Brute Bonnet|9\/100 psn|[from] psn\n|upkeep\n|turn|11\n|inactive|Saadcmjjcg has 30 seconds left.\n|-message|sqcred swords forfeited.\n|\n|win|Saadcmjjcg\n|raw|sqcred swords's rating: 1030 &rarr; <strong>1014<\/strong><br \/>(-16 for losing)\n|raw|Saadcmjjcg's rating: 1000 &rarr; <strong>1043<\/strong><br \/>(+43 for winning)\n|l|\u2606sqcred swords\n","uploadtime":1698755871,"views":13,"p1id":"sqcredswords","p2id":"saadcmjjcg","formatid":"gen9doublesou","rating":1014,"private":0,"password":""}