{"id":"gen9doublesou-1995670061","p1":"NorthStar28","p2":"Pipiundkaka","format":"[Gen 9] Doubles OU","log":"|j|\u2606NorthStar28\n|j|\u2606Pipiundkaka\n|t:|1700592484\n|gametype|doubles\n|player|p1|NorthStar28|lucas|1093\n|player|p2|Pipiundkaka|buck|1032\n|teamsize|p1|6\n|teamsize|p2|6\n|gen|9\n|tier|[Gen 9] Doubles OU\n|rated|\n|rule|Species Clause: Limit one of each Pok\u00e9mon\n|rule|OHKO Clause: OHKO moves are banned\n|rule|Evasion Moves Clause: Evasion moves are banned\n|rule|Gravity Sleep Clause: The combination of sleep-inducing moves with imperfect accuracy and Gravity or Gigantamax Orbeetle are banned\n|rule|Endless Battle Clause: Forcing endless battles is banned\n|rule|HP Percentage Mod: HP is shown in percentages\n|clearpoke\n|poke|p1|Grafaiai, M|\n|poke|p1|Garganacl, M|\n|poke|p1|Forretress, M|\n|poke|p1|Rabsca, M|\n|poke|p1|Houndstone, M|\n|poke|p1|Kingambit, M|\n|poke|p2|Oricorio-Pom-Pom, M|\n|poke|p2|Quaquaval, F|\n|poke|p2|Florges-White, F|\n|poke|p2|Volcarona, M|\n|poke|p2|Lilligant-Hisui, F|\n|poke|p2|Flamigo, M|\n|teampreview\n|inactive|Battle timer is ON: inactive players will automatically lose when time's up. (requested by Pipiundkaka)\n|c|\u2606NorthStar28|Hello\n|c|\u2606NorthStar28|Good luck\n|inactive|Pipiundkaka has 120 seconds left.\n|c|\u2606Pipiundkaka|Good luck\n|inactive|Pipiundkaka has 90 seconds left.\n|\n|t:|1700592546\n|start\n|switch|p1a: Forretress|Forretress, M, shiny|100\/100\n|switch|p1b: Grafaiai|Grafaiai, M, shiny|100\/100\n|switch|p2a: Oricorio|Oricorio-Pom-Pom, M, shiny|100\/100\n|switch|p2b: Volcarona|Volcarona, M, shiny|100\/100\n|turn|1\n|\n|t:|1700592557\n|move|p1b: Grafaiai|Protect|p1b: Grafaiai\n|-singleturn|p1b: Grafaiai|Protect\n|move|p2b: Volcarona|Rage Powder|p2b: Volcarona\n|-singleturn|p2b: Volcarona|move: Rage Powder\n|move|p2a: Oricorio|Quiver Dance|p2a: Oricorio\n|-boost|p2a: Oricorio|spa|1\n|-boost|p2a: Oricorio|spd|1\n|-boost|p2a: Oricorio|spe|1\n|move|p1a: Forretress|Explosion|p2b: Volcarona|[spread] p2a,p2b\n|-activate|p1b: Grafaiai|move: Protect\n|-damage|p2a: Oricorio|49\/100\n|-damage|p2b: Volcarona|43\/100\n|-enditem|p2b: Volcarona|Sitrus Berry|[eat]\n|-heal|p2b: Volcarona|68\/100|[from] item: Sitrus Berry\n|faint|p1a: Forretress\n|\n|-heal|p2a: Oricorio|56\/100|[from] item: Leftovers\n|upkeep\n|\n|t:|1700592570\n|switch|p1a: Rabsca|Rabsca, M, shiny|100\/100\n|turn|2\n|\n|t:|1700592576\n|move|p2a: Oricorio|Protect|p2a: Oricorio\n|-singleturn|p2a: Oricorio|Protect\n|move|p1b: Grafaiai|Copycat||[still]\n|-fail|p1b: Grafaiai\n|move|p2b: Volcarona|Quiver Dance|p2b: Volcarona\n|-boost|p2b: Volcarona|spa|1\n|-boost|p2b: Volcarona|spd|1\n|-boost|p2b: Volcarona|spe|1\n|-activate|p2a: Oricorio|ability: Dancer\n|move|p2a: Oricorio|Quiver Dance|p2a: Oricorio|[from]ability: Dancer\n|-boost|p2a: Oricorio|spa|1\n|-boost|p2a: Oricorio|spd|1\n|-boost|p2a: Oricorio|spe|1\n|move|p1a: Rabsca|Trick Room|p1a: Rabsca\n|-fieldstart|move: Trick Room|[of] p1a: Rabsca\n|\n|-heal|p2a: Oricorio|62\/100|[from] item: Leftovers\n|upkeep\n|turn|3\n|\n|t:|1700592608\n|-terastallize|p2a: Oricorio|Fighting\n|move|p1b: Grafaiai|Copycat|p1b: Grafaiai\n|move|p1b: Grafaiai|Trick Room|p1b: Grafaiai|[from]move: Copycat\n|-fieldend|move: Trick Room\n|move|p2a: Oricorio|Revelation Dance|p1b: Grafaiai\n|-damage|p1b: Grafaiai|6\/100\n|move|p2b: Volcarona|Fiery Dance|p1a: Rabsca\n|-supereffective|p1a: Rabsca\n|-damage|p1a: Rabsca|0 fnt\n|-boost|p2b: Volcarona|spa|1\n|faint|p1a: Rabsca\n|-activate|p2a: Oricorio|ability: Dancer\n|move|p2a: Oricorio|Fiery Dance|p1b: Grafaiai|[from]ability: Dancer\n|-damage|p1b: Grafaiai|0 fnt\n|faint|p1b: Grafaiai\n|\n|-heal|p2a: Oricorio|68\/100|[from] item: Leftovers\n|upkeep\n|inactive|NorthStar28 has 120 seconds left.\n|\n|t:|1700592630\n|switch|p1b: Houndstone|Houndstone, M, shiny|100\/100\n|switch|p1a: Garganacl|Garganacl, M, shiny|100\/100\n|turn|4\n|inactive|NorthStar28 has 120 seconds left.\n|\n|t:|1700592650\n|-terastallize|p1b: Houndstone|Ghost\n|move|p2a: Oricorio|Protect|p2a: Oricorio\n|-singleturn|p2a: Oricorio|Protect\n|move|p2b: Volcarona|Quiver Dance|p2b: Volcarona\n|-boost|p2b: Volcarona|spa|1\n|-boost|p2b: Volcarona|spd|1\n|-boost|p2b: Volcarona|spe|1\n|-activate|p2a: Oricorio|ability: Dancer\n|move|p2a: Oricorio|Quiver Dance|p2a: Oricorio|[from]ability: Dancer\n|-boost|p2a: Oricorio|spa|1\n|-boost|p2a: Oricorio|spd|1\n|-boost|p2a: Oricorio|spe|1\n|move|p1b: Houndstone|Stomping Tantrum|p2b: Volcarona\n|-damage|p2b: Volcarona|33\/100\n|-status|p1b: Houndstone|brn|[from] ability: Flame Body|[of] p2b: Volcarona\n|move|p1a: Garganacl|Explosion|p2a: Oricorio|[spread] p2b\n|-activate|p2a: Oricorio|move: Protect\n|-immune|p1b: Houndstone\n|-damage|p2b: Volcarona|0 fnt\n|faint|p1a: Garganacl\n|faint|p2b: Volcarona\n|\n|-heal|p2a: Oricorio|74\/100|[from] item: Leftovers\n|-damage|p1b: Houndstone|95\/100 brn|[from] brn\n|upkeep\n|\n|t:|1700592678\n|switch|p2b: Lilligant|Lilligant-Hisui, F, shiny|100\/100\n|switch|p1a: Kingambit|Kingambit, M, shiny|100\/100\n|-activate|p1a: Kingambit|ability: Supreme Overlord\n|-start|p1a: Kingambit|fallen4|[silent]\n|turn|5\n|c|\u2606NorthStar28|That\u2019s a nice team you got there\n|inactive|Pipiundkaka has 120 seconds left.\n|c|\u2606Pipiundkaka|Thanks dude\n|c|\u2606Pipiundkaka|it has a weakness\n|inactive|Pipiundkaka has 90 seconds left.\n|c|\u2606NorthStar28|Well you just found the weakness of mine time\n|c|\u2606Pipiundkaka|it is hard to deal with physical attackers\n|c|\u2606Pipiundkaka|what was?\n|inactive|Pipiundkaka has 60 seconds left.\n|c|\u2606Pipiundkaka|I didn\u2019t pay attencion to it\n|c|\u2606Pipiundkaka|sorry ahaahah\n|c|\u2606NorthStar28|Grafaiai not using explosion\n|c|\u2606Pipiundkaka|oh shit\n|c|\u2606NorthStar28|After fortress\n|inactive|Pipiundkaka has 30 seconds left.\n|c|\u2606Pipiundkaka|why did it use trick room doh\n|inactive|Pipiundkaka has 20 seconds left.\n|c|\u2606NorthStar28|This team can have like 5 explosions\n|inactive|Pipiundkaka has 15 seconds left.\n|\n|t:|1700592814\n|move|p2a: Oricorio|Revelation Dance|p1a: Kingambit\n|-supereffective|p1a: Kingambit\n|-damage|p1a: Kingambit|0 fnt\n|faint|p1a: Kingambit\n|-end|p1a: Kingambit|fallen4|[silent]\n|move|p2b: Lilligant|Victory Dance|p2b: Lilligant\n|-boost|p2b: Lilligant|atk|1\n|-boost|p2b: Lilligant|def|1\n|-boost|p2b: Lilligant|spe|1\n|-activate|p2a: Oricorio|ability: Dancer\n|move|p2a: Oricorio|Victory Dance|p2a: Oricorio|[from]ability: Dancer\n|-boost|p2a: Oricorio|atk|1\n|-boost|p2a: Oricorio|def|1\n|-boost|p2a: Oricorio|spe|1\n|move|p1b: Houndstone|Last Respects|p2a: Oricorio\n|-damage|p2a: Oricorio|0 fnt\n|faint|p2a: Oricorio\n|\n|-damage|p1b: Houndstone|89\/100 brn|[from] brn\n|upkeep\n|inactive|Pipiundkaka has 20 seconds left this turn.\n|inactive|Pipiundkaka has 15 seconds left.\n|c|\u2606NorthStar28|I use trick room bc of garnixhe\n|inactive|Pipiundkaka has 10 seconds left.\n|inactiveoff|Battle timer is now OFF.\n|\n|t:|1700592838\n|switch|p2a: Flamigo|Flamigo, M|100\/100\n|-copyboost|p2a: Flamigo|p2b: Lilligant|[from] ability: Costar\n|turn|6\n|\n|t:|1700592860\n|move|p2b: Lilligant|Poison Jab|p1b: Houndstone\n|-resisted|p1b: Houndstone\n|-damage|p1b: Houndstone|77\/100 brn\n|move|p2a: Flamigo|Acrobatics|p1b: Houndstone\n|-damage|p1b: Houndstone|54\/100 brn\n|move|p1b: Houndstone|Last Respects|p2b: Lilligant\n|-enditem|p2b: Lilligant|Focus Sash\n|-damage|p2b: Lilligant|1\/100\n|\n|-damage|p1b: Houndstone|48\/100 brn|[from] brn\n|upkeep\n|turn|7\n|\n|t:|1700592878\n|move|p1b: Houndstone|Shadow Sneak|p2b: Lilligant\n|-damage|p2b: Lilligant|0 fnt\n|faint|p2b: Lilligant\n|move|p2a: Flamigo|Acrobatics|p1b: Houndstone\n|-damage|p1b: Houndstone|26\/100 brn\n|\n|-damage|p1b: Houndstone|20\/100 brn|[from] brn\n|upkeep\n|\n|t:|1700592887\n|switch|p2b: Florges|Florges-White, F, shiny|100\/100\n|turn|8\n|\n|t:|1700592900\n|move|p2a: Flamigo|Acrobatics|p1b: Houndstone\n|-damage|p1b: Houndstone|0 fnt\n|faint|p1b: Houndstone\n|\n|win|Pipiundkaka\n|raw|NorthStar28's rating: 1093 &rarr; <strong>1065<\/strong><br \/>(-28 for losing)\n|raw|Pipiundkaka's rating: 1032 &rarr; <strong>1073<\/strong><br \/>(+41 for winning)\n|c|\u2606NorthStar28|ig that\u2019s gg\n|c|\u2606Pipiundkaka|Gg bro\n|c|\u2606NorthStar28|Good game\n|l|\u2606NorthStar28\n|c|\u2606Pipiundkaka|i think Oricorio will be banned in like a moth\n","uploadtime":1700592933,"views":0,"p1id":"northstar28","p2id":"pipiundkaka","formatid":"gen9doublesou","rating":1065,"private":0,"password":""}