{"id":"gen9doublesou-1999722897","p1":"KELT-9b","p2":"gbutters19","format":"[Gen 9] Doubles OU","log":"|j|\u2606KELT-9b\n|j|\u2606gbutters19\n|t:|1701110977\n|gametype|doubles\n|player|p1|KELT-9b|169|1448\n|player|p2|gbutters19|chef|1514\n|teamsize|p1|6\n|teamsize|p2|6\n|gen|9\n|tier|[Gen 9] Doubles OU\n|rated|\n|rule|Species Clause: Limit one of each Pok\u00e9mon\n|rule|OHKO Clause: OHKO moves are banned\n|rule|Evasion Moves Clause: Evasion moves are banned\n|rule|Gravity Sleep Clause: The combination of sleep-inducing moves with imperfect accuracy and Gravity or Gigantamax Orbeetle are banned\n|rule|Endless Battle Clause: Forcing endless battles is banned\n|rule|HP Percentage Mod: HP is shown in percentages\n|clearpoke\n|poke|p1|Toxtricity, M|\n|poke|p1|Sableye, M|\n|poke|p1|Amoonguss, M|\n|poke|p1|Sinistcha-Masterpiece|\n|poke|p1|Heatran, F|\n|poke|p1|Landorus-Therian, M|\n|poke|p2|Iron Hands|\n|poke|p2|Cresselia, F|\n|poke|p2|Sylveon, F|\n|poke|p2|Snorlax, F|\n|poke|p2|Landorus-Therian, M|\n|poke|p2|Gothorita, F|\n|teampreview\n|inactive|Battle timer is ON: inactive players will automatically lose when time's up. (requested by KELT-9b)\n|\n|t:|1701110991\n|start\n|switch|p1a: Sableye|Sableye, M, shiny|100\/100\n|switch|p1b: Toxtricity|Toxtricity, M, shiny|100\/100\n|switch|p2a: Sylveon|Sylveon, F, shiny|100\/100\n|switch|p2b: Landorus|Landorus-Therian, M, shiny|100\/100\n|-ability|p2b: Landorus|Intimidate|boost\n|-unboost|p1a: Sableye|atk|1\n|-unboost|p1b: Toxtricity|atk|1\n|turn|1\n|\n|t:|1701111007\n|-terastallize|p1b: Toxtricity|Normal\n|move|p2a: Sylveon|Protect|p2a: Sylveon\n|-singleturn|p2a: Sylveon|Protect\n|move|p1a: Sableye|Fake Out|p2b: Landorus\n|-damage|p2b: Landorus|95\/100\n|cant|p2b: Landorus|flinch\n|move|p1b: Toxtricity|Boomburst|p2a: Sylveon|[spread] p2b\n|-activate|p2a: Sylveon|move: Protect\n|-immune|p1a: Sableye\n|-damage|p2b: Landorus|0 fnt\n|faint|p2b: Landorus\n|\n|upkeep\n|\n|t:|1701111024\n|switch|p2b: Iron Hands|Iron Hands, shiny|100\/100\n|turn|2\n|\n|t:|1701111038\n|switch|p1b: Amoonguss|Amoonguss, M, shiny|100\/100\n|switch|p1a: Landorus|Landorus-Therian, M, shiny|100\/100\n|-ability|p1a: Landorus|Intimidate|boost\n|-unboost|p2a: Sylveon|atk|1\n|-unboost|p2b: Iron Hands|atk|1\n|move|p2b: Iron Hands|Fake Out|p1b: Amoonguss\n|-damage|p1b: Amoonguss|92\/100\n|-damage|p2b: Iron Hands|84\/100|[from] item: Rocky Helmet|[of] p1b: Amoonguss\n|move|p2a: Sylveon|Hyper Voice|p1b: Amoonguss|[spread] p1a,p1b\n|-resisted|p1b: Amoonguss\n|-damage|p1a: Landorus|52\/100\n|-damage|p1b: Amoonguss|74\/100\n|\n|upkeep\n|turn|3\n|inactive|KELT-9b has 120 seconds left.\n|\n|t:|1701111072\n|switch|p1a: Heatran|Heatran, F, shiny|100\/100\n|-end|p2b: Iron Hands|Quark Drive|[silent]\n|switch|p2b: Gothorita|Gothorita, F|100\/100\n|-item|p1a: Heatran|Leftovers|[from] ability: Frisk|[of] p2b: Gothorita|[identify]\n|-item|p1b: Amoonguss|Rocky Helmet|[from] ability: Frisk|[of] p2b: Gothorita|[identify]\n|move|p2a: Sylveon|Substitute|p2a: Sylveon\n|-start|p2a: Sylveon|Substitute\n|-damage|p2a: Sylveon|76\/100\n|move|p1b: Amoonguss|Spore||[still]\n|-fail|p1b: Amoonguss\n|\n|-heal|p2a: Sylveon|82\/100|[from] item: Leftovers\n|upkeep\n|turn|4\n|inactive|KELT-9b has 120 seconds left.\n|\n|t:|1701111098\n|move|p2b: Gothorita|Fake Out|p1a: Heatran\n|-resisted|p1a: Heatran\n|-damage|p1a: Heatran|99\/100\n|cant|p1a: Heatran|flinch\n|move|p2a: Sylveon|Hyper Voice|p1a: Heatran|[spread] p1a,p1b\n|-resisted|p1a: Heatran\n|-resisted|p1b: Amoonguss\n|-damage|p1a: Heatran|93\/100\n|-damage|p1b: Amoonguss|54\/100\n|move|p1b: Amoonguss|Spore||[still]\n|-fail|p1b: Amoonguss\n|\n|-heal|p1a: Heatran|99\/100|[from] item: Leftovers\n|-heal|p2a: Sylveon|88\/100|[from] item: Leftovers\n|upkeep\n|turn|5\n|\n|t:|1701111126\n|switch|p2b: Snorlax|Snorlax, F|100\/100\n|move|p1a: Heatran|Heavy Slam|p2a: Sylveon\n|-supereffective|p2a: Sylveon\n|-end|p2a: Sylveon|Substitute\n|move|p2a: Sylveon|Tera Blast|p1b: Amoonguss\n|-resisted|p1b: Amoonguss\n|-damage|p1b: Amoonguss|31\/100\n|move|p1b: Amoonguss|Spore|p2a: Sylveon\n|-status|p2a: Sylveon|slp|[from] move: Spore\n|\n|-heal|p1a: Heatran|100\/100|[from] item: Leftovers\n|-heal|p2a: Sylveon|94\/100 slp|[from] item: Leftovers\n|upkeep\n|turn|6\n|\n|t:|1701111152\n|switch|p1b: Landorus|Landorus-Therian, M, shiny|52\/100\n|-ability|p1b: Landorus|Intimidate|boost\n|-unboost|p2a: Sylveon|atk|1\n|-unboost|p2b: Snorlax|atk|1\n|switch|p2b: Cresselia|Cresselia, F|100\/100\n|move|p1a: Heatran|Heavy Slam|p2a: Sylveon\n|-supereffective|p2a: Sylveon\n|-damage|p2a: Sylveon|2\/100 slp\n|cant|p2a: Sylveon|slp\n|\n|-heal|p2a: Sylveon|8\/100 slp|[from] item: Leftovers\n|upkeep\n|turn|7\n|\n|t:|1701111170\n|cant|p2a: Sylveon|slp\n|move|p1b: Landorus|Rock Slide|p2b: Cresselia|[spread] p2a,p2b\n|-damage|p2a: Sylveon|0 fnt\n|-damage|p2b: Cresselia|89\/100\n|faint|p2a: Sylveon\n|move|p1a: Heatran|Taunt|p2b: Cresselia\n|-start|p2b: Cresselia|move: Taunt\n|-enditem|p2b: Cresselia|Mental Herb\n|-end|p2b: Cresselia|move: Taunt\n|move|p2b: Cresselia|Trick Room|p2b: Cresselia\n|-fieldstart|move: Trick Room|[of] p2b: Cresselia\n|\n|upkeep\n|\n|t:|1701111181\n|switch|p2a: Snorlax|Snorlax, F|100\/100\n|turn|8\n|\n|t:|1701111200\n|switch|p1a: Sinistcha|Sinistcha-Masterpiece, shiny|100\/100\n|-heal|p1b: Landorus|77\/100|[from] ability: Hospitality|[of] p1a: Sinistcha\n|switch|p1b: Sableye|Sableye, M, shiny|100\/100\n|move|p2b: Cresselia|Ally Switch|p2b: Cresselia\n|swap|p2b: Cresselia|0|[from] move: Ally Switch\n|move|p2b: Snorlax|Belly Drum|p2b: Snorlax\n|-damage|p2b: Snorlax|50\/100\n|-setboost|p2b: Snorlax|atk|6|[from] move: Belly Drum\n|-enditem|p2b: Snorlax|Figy Berry|[eat]\n|-heal|p2b: Snorlax|84\/100|[from] item: Figy Berry\n|\n|upkeep\n|turn|9\n|\n|t:|1701111219\n|move|p2b: Snorlax|Protect|p2b: Snorlax\n|-singleturn|p2b: Snorlax|Protect\n|move|p1a: Sinistcha|Rage Powder|p1a: Sinistcha\n|-singleturn|p1a: Sinistcha|move: Rage Powder\n|move|p1b: Sableye|Foul Play|p2b: Snorlax\n|-activate|p2b: Snorlax|move: Protect\n|move|p2a: Cresselia|Moonblast|p1a: Sinistcha\n|-damage|p1a: Sinistcha|82\/100\n|\n|upkeep\n|turn|10\n|\n|t:|1701111231\n|-terastallize|p2b: Snorlax|Fairy\n|move|p1a: Sinistcha|Rage Powder|p1a: Sinistcha\n|-singleturn|p1a: Sinistcha|move: Rage Powder\n|move|p2a: Cresselia|Ally Switch|p2a: Cresselia\n|swap|p2a: Cresselia|1|[from] move: Ally Switch\n|move|p2a: Snorlax|High Horsepower|p1a: Sinistcha\n|-resisted|p1a: Sinistcha\n|-damage|p1a: Sinistcha|42\/100\n|move|p1b: Sableye|Foul Play|p2b: Cresselia\n|-supereffective|p2b: Cresselia\n|-damage|p2b: Cresselia|69\/100\n|\n|upkeep\n|turn|11\n|\n|t:|1701111259\n|switch|p1a: Landorus|Landorus-Therian, M, shiny|77\/100\n|-ability|p1a: Landorus|Intimidate|boost\n|-unboost|p2a: Snorlax|atk|1\n|-unboost|p2b: Cresselia|atk|1\n|move|p2a: Snorlax|High Horsepower|p1a: Landorus\n|-immune|p1a: Landorus\n|move|p1b: Sableye|Foul Play|p2a: Snorlax\n|-resisted|p2a: Snorlax\n|-damage|p2a: Snorlax|20\/100\n|move|p2b: Cresselia|Moonblast|p1a: Landorus\n|-damage|p1a: Landorus|56\/100\n|\n|-fieldend|move: Trick Room\n|upkeep\n|turn|12\n|\n|t:|1701111276\n|move|p2a: Snorlax|Protect|p2a: Snorlax\n|-singleturn|p2a: Snorlax|Protect\n|move|p1a: Landorus|Rock Slide|p2a: Snorlax|[spread] p2b\n|-activate|p2a: Snorlax|move: Protect\n|-damage|p2b: Cresselia|57\/100\n|move|p1b: Sableye|Foul Play|p2a: Snorlax\n|-activate|p2a: Snorlax|move: Protect\n|move|p2b: Cresselia|Trick Room|p2b: Cresselia\n|-fieldstart|move: Trick Room|[of] p2b: Cresselia\n|\n|upkeep\n|turn|13\n|\n|t:|1701111301\n|switch|p1b: Amoonguss|Amoonguss, M, shiny|65\/100\n|move|p1a: Landorus|Protect|p1a: Landorus\n|-singleturn|p1a: Landorus|Protect\n|move|p2a: Snorlax|High Horsepower|p1b: Amoonguss\n|-damage|p1b: Amoonguss|0 fnt\n|-damage|p2a: Snorlax|3\/100|[from] item: Rocky Helmet|[of] p1b: Amoonguss\n|faint|p1b: Amoonguss\n|move|p2b: Cresselia|Lunar Blessing|p2b: Cresselia|[spread] p2a,p2b\n|-heal|p2a: Snorlax|28\/100\n|-heal|p2b: Cresselia|82\/100\n|\n|upkeep\n|inactive|KELT-9b has 120 seconds left.\n|\n|t:|1701111322\n|switch|p1b: Sableye|Sableye, M, shiny|100\/100\n|turn|14\n|inactive|KELT-9b has 120 seconds left.\n|\n|t:|1701111347\n|switch|p1a: Sinistcha|Sinistcha-Masterpiece, shiny|42\/100\n|move|p2a: Snorlax|Protect|p2a: Snorlax\n|-singleturn|p2a: Snorlax|Protect\n|move|p1b: Sableye|Fake Out|p2b: Cresselia\n|-damage|p2b: Cresselia|78\/100\n|cant|p2b: Cresselia|flinch\n|\n|upkeep\n|turn|15\n|inactive|KELT-9b has 120 seconds left.\n|\n|t:|1701111373\n|move|p1a: Sinistcha|Rage Powder|p1a: Sinistcha\n|-singleturn|p1a: Sinistcha|move: Rage Powder\n|move|p2b: Cresselia|Ally Switch|p2b: Cresselia\n|swap|p2b: Cresselia|0|[from] move: Ally Switch\n|move|p2b: Snorlax|High Horsepower|p1a: Sinistcha\n|-resisted|p1a: Sinistcha\n|-damage|p1a: Sinistcha|6\/100\n|move|p1b: Sableye|Foul Play|p2a: Cresselia\n|-supereffective|p2a: Cresselia\n|-damage|p2a: Cresselia|63\/100\n|\n|upkeep\n|turn|16\n|\n|t:|1701111390\n|switch|p1a: Landorus|Landorus-Therian, M, shiny|56\/100\n|-ability|p1a: Landorus|Intimidate|boost\n|-unboost|p2a: Cresselia|atk|1\n|-unboost|p2b: Snorlax|atk|1\n|move|p2b: Snorlax|Protect|p2b: Snorlax\n|-singleturn|p2b: Snorlax|Protect\n|move|p1b: Sableye|Foul Play|p2b: Snorlax\n|-activate|p2b: Snorlax|move: Protect\n|move|p2a: Cresselia|Moonblast|p1a: Landorus\n|-damage|p1a: Landorus|33\/100\n|-unboost|p1a: Landorus|spa|1\n|\n|-fieldend|move: Trick Room\n|upkeep\n|turn|17\n|\n|t:|1701111416\n|move|p1a: Landorus|Rock Slide|p2b: Snorlax|[spread] p2a,p2b\n|-damage|p2a: Cresselia|50\/100\n|-damage|p2b: Snorlax|10\/100\n|move|p2a: Cresselia|Lunar Blessing|p2a: Cresselia|[spread] p2a,p2b\n|-heal|p2a: Cresselia|75\/100\n|-heal|p2b: Snorlax|35\/100\n|move|p1b: Sableye|Foul Play|p2a: Cresselia\n|-supereffective|p2a: Cresselia\n|-damage|p2a: Cresselia|64\/100\n|move|p2b: Snorlax|High Horsepower|p1b: Sableye\n|-damage|p1b: Sableye|0 fnt\n|faint|p1b: Sableye\n|\n|upkeep\n|inactive|KELT-9b has 120 seconds left.\n|\n|t:|1701111432\n|switch|p1b: Toxtricity|Toxtricity, M, shiny, tera:Normal|100\/100\n|turn|18\n|\n|t:|1701111440\n|switch|p1a: Sinistcha|Sinistcha-Masterpiece, shiny|6\/100\n|move|p2b: Snorlax|Protect|p2b: Snorlax\n|-singleturn|p2b: Snorlax|Protect\n|move|p1b: Toxtricity|Boomburst|p2b: Snorlax|[spread] p2a\n|-activate|p2b: Snorlax|move: Protect\n|-immune|p1a: Sinistcha\n|-damage|p2a: Cresselia|10\/100\n|move|p2a: Cresselia|Trick Room|p2a: Cresselia\n|-fieldstart|move: Trick Room|[of] p2a: Cresselia\n|\n|upkeep\n|turn|19\n|\n|t:|1701111456\n|move|p1a: Sinistcha|Rage Powder|p1a: Sinistcha\n|-singleturn|p1a: Sinistcha|move: Rage Powder\n|move|p2b: Snorlax|High Horsepower|p1a: Sinistcha\n|-resisted|p1a: Sinistcha\n|-damage|p1a: Sinistcha|0 fnt\n|faint|p1a: Sinistcha\n|move|p2a: Cresselia|Lunar Blessing|p2a: Cresselia|[spread] p2a,p2b\n|-heal|p2a: Cresselia|35\/100\n|-heal|p2b: Snorlax|60\/100\n|move|p1b: Toxtricity|Boomburst|p2a: Cresselia|[spread] p2a,p2b\n|-crit|p2b: Snorlax\n|-damage|p2a: Cresselia|0 fnt\n|-damage|p2b: Snorlax|0 fnt\n|faint|p2a: Cresselia\n|faint|p2b: Snorlax\n|\n|upkeep\n|\n|t:|1701111472\n|switch|p2b: Iron Hands|Iron Hands, shiny|84\/100\n|switch|p1a: Landorus|Landorus-Therian, M, shiny|33\/100\n|switch|p2a: Gothorita|Gothorita, F|100\/100\n|-item|p1a: Landorus|Focus Sash|[from] ability: Frisk|[of] p2a: Gothorita|[identify]\n|-item|p1b: Toxtricity|Choice Specs|[from] ability: Frisk|[of] p2a: Gothorita|[identify]\n|-ability|p1a: Landorus|Intimidate|boost\n|-unboost|p2a: Gothorita|atk|1\n|-unboost|p2b: Iron Hands|atk|1\n|turn|20\n|\n|t:|1701111487\n|switch|p1b: Heatran|Heatran, F, shiny|100\/100\n|move|p1a: Landorus|Protect|p1a: Landorus\n|-singleturn|p1a: Landorus|Protect\n|move|p2a: Gothorita|Fake Out|p1a: Landorus\n|-activate|p1a: Landorus|move: Protect\n|move|p2b: Iron Hands|Drain Punch|p1b: Heatran\n|-supereffective|p1b: Heatran\n|-damage|p1b: Heatran|55\/100\n|-heal|p2b: Iron Hands|100\/100|[from] drain|[of] p1b: Heatran\n|\n|-heal|p1b: Heatran|61\/100|[from] item: Leftovers\n|upkeep\n|turn|21\n|\n|t:|1701111515\n|switch|p1a: Toxtricity|Toxtricity, M, shiny, tera:Normal|100\/100\n|move|p1b: Heatran|Protect|p1b: Heatran\n|-singleturn|p1b: Heatran|Protect\n|move|p2a: Gothorita|Foul Play|p1b: Heatran\n|-activate|p1b: Heatran|move: Protect\n|move|p2b: Iron Hands|Drain Punch|p1b: Heatran\n|-activate|p1b: Heatran|move: Protect\n|\n|-heal|p1b: Heatran|67\/100|[from] item: Leftovers\n|upkeep\n|turn|22\n|\n|t:|1701111540\n|switch|p1a: Landorus|Landorus-Therian, M, shiny|33\/100\n|-ability|p1a: Landorus|Intimidate|boost\n|-unboost|p2a: Gothorita|atk|1\n|-unboost|p2b: Iron Hands|atk|1\n|move|p2a: Gothorita|Foul Play|p1a: Landorus\n|-damage|p1a: Landorus|0 fnt\n|faint|p1a: Landorus\n|move|p2b: Iron Hands|Drain Punch|p1b: Heatran\n|-supereffective|p1b: Heatran\n|-damage|p1b: Heatran|32\/100\n|move|p1b: Heatran|Heat Wave|p2a: Gothorita|[spread] p2a,p2b\n|-damage|p2a: Gothorita|79\/100\n|-damage|p2b: Iron Hands|85\/100\n|\n|-heal|p1b: Heatran|38\/100|[from] item: Leftovers\n|-fieldend|move: Trick Room\n|upkeep\n|\n|t:|1701111554\n|switch|p1a: Toxtricity|Toxtricity, M, shiny, tera:Normal|100\/100\n|turn|23\n|\n|t:|1701111581\n|move|p1a: Toxtricity|Boomburst|p2b: Iron Hands|[spread] p1b,p2a,p2b\n|-resisted|p1b: Heatran\n|-damage|p1b: Heatran|10\/100\n|-damage|p2a: Gothorita|10\/100\n|-damage|p2b: Iron Hands|33\/100\n|move|p1b: Heatran|Heat Wave|p2b: Iron Hands|[spread] p2a,p2b\n|-damage|p2a: Gothorita|0 fnt\n|-damage|p2b: Iron Hands|15\/100\n|faint|p2a: Gothorita\n|move|p2b: Iron Hands|Drain Punch|p1a: Toxtricity\n|-supereffective|p1a: Toxtricity\n|-crit|p1a: Toxtricity\n|-damage|p1a: Toxtricity|0 fnt\n|-heal|p2b: Iron Hands|46\/100|[from] drain|[of] p1a: Toxtricity\n|faint|p1a: Toxtricity\n|\n|-heal|p1b: Heatran|17\/100|[from] item: Leftovers\n|upkeep\n|turn|24\n|\n|t:|1701111595\n|move|p1b: Heatran|Protect|p1b: Heatran\n|-singleturn|p1b: Heatran|Protect\n|move|p2b: Iron Hands|Drain Punch|p1b: Heatran\n|-activate|p1b: Heatran|move: Protect\n|\n|-heal|p1b: Heatran|23\/100|[from] item: Leftovers\n|upkeep\n|turn|25\n|\n|t:|1701111602\n|move|p1b: Heatran|Heat Wave|p2b: Iron Hands\n|-damage|p2b: Iron Hands|22\/100\n|move|p2b: Iron Hands|Drain Punch|p1b: Heatran\n|-supereffective|p1b: Heatran\n|-damage|p1b: Heatran|0 fnt\n|-heal|p2b: Iron Hands|31\/100|[from] drain|[of] p1b: Heatran\n|faint|p1b: Heatran\n|\n|win|gbutters19\n|raw|KELT-9b's rating: 1448 &rarr; <strong>1432<\/strong><br \/>(-16 for losing)\n|raw|gbutters19's rating: 1514 &rarr; <strong>1530<\/strong><br \/>(+16 for winning)\n|c|\u2606gbutters19|gg\n","uploadtime":1701111614,"views":9,"p1id":"kelt9b","p2id":"gbutters19","formatid":"gen9doublesou","rating":1432,"private":0,"password":""}