{"id":"gen9doublesou-1992020232","p1":"pial hamfulpal","p2":"Atomic_Hedgefox","format":"[Gen 9] Doubles OU","log":"|j|\u2606pial hamfulpal\n|j|\u203dAtomic_Hedgefox\n|t:|1700148322\n|gametype|doubles\n|player|p1|pial hamfulpal|iris-gen5bw2|1071\n|player|p2|Atomic_Hedgefox|169|1192\n|teamsize|p1|6\n|teamsize|p2|6\n|gen|9\n|tier|[Gen 9] Doubles OU\n|rated|\n|rule|Species Clause: Limit one of each Pok\u00e9mon\n|rule|OHKO Clause: OHKO moves are banned\n|rule|Evasion Moves Clause: Evasion moves are banned\n|rule|Gravity Sleep Clause: The combination of sleep-inducing moves with imperfect accuracy and Gravity or Gigantamax Orbeetle are banned\n|rule|Endless Battle Clause: Forcing endless battles is banned\n|rule|HP Percentage Mod: HP is shown in percentages\n|clearpoke\n|poke|p1|Slither Wing|\n|poke|p1|Arcanine-Hisui, M|\n|poke|p1|Ogerpon-Wellspring, F|\n|poke|p1|Hatterene, F|\n|poke|p1|Chi-Yu|\n|poke|p1|Baxcalibur, M|\n|poke|p2|Charizard, F|\n|poke|p2|Ninetales, F|\n|poke|p2|Ribombee, F|\n|poke|p2|Torkoal, F|\n|poke|p2|Lilligant-Hisui, F|\n|poke|p2|Chi-Yu|\n|teampreview\n|inactive|Battle timer is ON: inactive players will automatically lose when time's up. (requested by pial hamfulpal)\n|\n|t:|1700148449\n|start\n|switch|p1a: Arcanine|Arcanine-Hisui, M|100\/100\n|switch|p1b: Baxcalibur|Baxcalibur, M|100\/100\n|switch|p2a: Torkoal|Torkoal, F|100\/100\n|switch|p2b: Chi-Yu|Chi-Yu|100\/100\n|-ability|p2b: Chi-Yu|Beads of Ruin\n|-ability|p1a: Arcanine|Intimidate|boost\n|-unboost|p2a: Torkoal|atk|1\n|-unboost|p2b: Chi-Yu|atk|1\n|-weather|SunnyDay|[from] ability: Drought|[of] p2a: Torkoal\n|turn|1\n|inactive|Atomic_Hedgefox has 120 seconds left.\n|\n|t:|1700148501\n|move|p2b: Chi-Yu|Heat Wave|p1b: Baxcalibur|[spread] p1a,p1b\n|-resisted|p1a: Arcanine\n|-damage|p1a: Arcanine|73\/100\n|-damage|p1b: Baxcalibur|3\/100\n|-ability|p1b: Baxcalibur|Thermal Exchange|boost\n|-boost|p1b: Baxcalibur|atk|1\n|move|p1a: Arcanine|Stealth Rock|p2a: Torkoal\n|-sidestart|p2: Atomic_Hedgefox|move: Stealth Rock\n|move|p1b: Baxcalibur|Stomping Tantrum|p2b: Chi-Yu\n|-supereffective|p2b: Chi-Yu\n|-damage|p2b: Chi-Yu|0 fnt\n|faint|p2b: Chi-Yu\n|move|p2a: Torkoal|Body Press|p1a: Arcanine\n|-supereffective|p1a: Arcanine\n|-damage|p1a: Arcanine|19\/100\n|-damage|p2a: Torkoal|84\/100|[from] item: Rocky Helmet|[of] p1a: Arcanine\n|\n|-weather|SunnyDay|[upkeep]\n|upkeep\n|\n|t:|1700148515\n|switch|p2b: Ninetales|Ninetales, F|100\/100\n|-damage|p2b: Ninetales|76\/100|[from] Stealth Rock\n|turn|2\n|inactive|pial hamfulpal has 120 seconds left.\n|\n|t:|1700148572\n|switch|p1a: Chi-Yu|Chi-Yu|100\/100\n|-ability|p1a: Chi-Yu|Beads of Ruin\n|move|p2b: Ninetales|Heat Wave|p1b: Baxcalibur|[spread] p1a,p1b\n|-resisted|p1a: Chi-Yu\n|-damage|p1a: Chi-Yu|81\/100\n|-damage|p1b: Baxcalibur|0 fnt\n|faint|p1b: Baxcalibur\n|move|p2a: Torkoal|Heat Wave|p1a: Chi-Yu\n|-resisted|p1a: Chi-Yu\n|-damage|p1a: Chi-Yu|45\/100\n|\n|-weather|SunnyDay|[upkeep]\n|-heal|p2b: Ninetales|82\/100|[from] item: Leftovers\n|upkeep\n|inactive|pial hamfulpal has 90 seconds left.\n|\n|t:|1700148584\n|switch|p1b: Ogerpon|Ogerpon-Wellspring, F|100\/100\n|turn|3\n|inactive|Atomic_Hedgefox has 120 seconds left.\n|\n|t:|1700148619\n|move|p1b: Ogerpon|Ivy Cudgel|p2a: Torkoal|[anim] Ivy Cudgel Water\n|-supereffective|p2a: Torkoal\n|-damage|p2a: Torkoal|36\/100\n|move|p1a: Chi-Yu|Overheat|p2b: Ninetales\n|-resisted|p2b: Ninetales\n|-damage|p2b: Ninetales|1\/100\n|-unboost|p1a: Chi-Yu|spa|2\n|move|p2b: Ninetales|Heat Wave|p1a: Chi-Yu|[spread] p1a,p1b\n|-resisted|p1a: Chi-Yu\n|-damage|p1a: Chi-Yu|27\/100\n|-damage|p1b: Ogerpon|50\/100\n|move|p2a: Torkoal|Clear Smog|p1b: Ogerpon\n|-supereffective|p1b: Ogerpon\n|-damage|p1b: Ogerpon|6\/100\n|-clearboost|p1b: Ogerpon\n|\n|-weather|SunnyDay|[upkeep]\n|-heal|p2b: Ninetales|7\/100|[from] item: Leftovers\n|upkeep\n|turn|4\n|inactive|pial hamfulpal has 120 seconds left.\n|\n|t:|1700148657\n|move|p1b: Ogerpon|Ivy Cudgel|p2a: Torkoal|[anim] Ivy Cudgel Water\n|-supereffective|p2a: Torkoal\n|-damage|p2a: Torkoal|0 fnt\n|faint|p2a: Torkoal\n|move|p1a: Chi-Yu|Overheat|p2b: Ninetales|[miss]\n|-miss|p1a: Chi-Yu|p2b: Ninetales\n|move|p2b: Ninetales|Heat Wave|p1b: Ogerpon|[spread] p1a,p1b\n|-resisted|p1a: Chi-Yu\n|-damage|p1a: Chi-Yu|10\/100\n|-damage|p1b: Ogerpon|0 fnt\n|faint|p1b: Ogerpon\n|\n|-weather|SunnyDay|[upkeep]\n|-heal|p2b: Ninetales|13\/100|[from] item: Leftovers\n|upkeep\n|\n|t:|1700148680\n|switch|p1b: The bulker upper|Slither Wing|100\/100\n|switch|p2a: Lilligant|Lilligant-Hisui, F|100\/100\n|-damage|p2a: Lilligant|94\/100|[from] Stealth Rock\n|-activate|p1b: The bulker upper|ability: Protosynthesis\n|-start|p1b: The bulker upper|protosynthesisatk\n|turn|5\n|\n|t:|1700148689\n|-terastallize|p1b: The bulker upper|Flying\n|move|p2a: Lilligant|Sleep Powder|p1a: Chi-Yu\n|-status|p1a: Chi-Yu|slp|[from] move: Sleep Powder\n|cant|p1a: Chi-Yu|slp\n|move|p1b: The bulker upper|Acrobatics|p2a: Lilligant\n|-supereffective|p2a: Lilligant\n|-damage|p2a: Lilligant|0 fnt\n|faint|p2a: Lilligant\n|move|p2b: Ninetales|Heat Wave|p1b: The bulker upper|[spread] p1a,p1b\n|-resisted|p1a: Chi-Yu\n|-damage|p1a: Chi-Yu|0 fnt\n|-damage|p1b: The bulker upper|63\/100\n|faint|p1a: Chi-Yu\n|\n|-weather|SunnyDay|[upkeep]\n|-heal|p2b: Ninetales|19\/100|[from] item: Leftovers\n|upkeep\n|\n|t:|1700148705\n|switch|p1a: Arcanine|Arcanine-Hisui, M|19\/100\n|switch|p2a: Charizard|Charizard, F|100\/100\n|-damage|p2a: Charizard|51\/100|[from] Stealth Rock\n|-ability|p1a: Arcanine|Intimidate|boost\n|-unboost|p2a: Charizard|atk|1\n|-unboost|p2b: Ninetales|atk|1\n|turn|6\n|\n|t:|1700148714\n|-terastallize|p2a: Charizard|Fire\n|move|p2a: Charizard|Heat Wave|p1a: Arcanine|[spread] p1a,p1b\n|-resisted|p1a: Arcanine\n|-damage|p1a: Arcanine|0 fnt\n|-damage|p1b: The bulker upper|0 fnt\n|faint|p1a: Arcanine\n|faint|p1b: The bulker upper\n|-end|p1b: The bulker upper|Protosynthesis|[silent]\n|move|p2b: Ninetales|Heat Wave|p1: Arcanine|[notarget]\n|-fail|p2b: Ninetales\n|\n|-weather|SunnyDay|[upkeep]\n|-damage|p2a: Charizard|38\/100|[from] ability: Solar Power|[of] p2a: Charizard\n|-heal|p2b: Ninetales|25\/100|[from] item: Leftovers\n|upkeep\n|\n|t:|1700148723\n|switch|p1b: Hatterene|Hatterene, F|100\/100\n|turn|7\n|\n|t:|1700148730\n|move|p2a: Charizard|Heat Wave|p1b: Hatterene\n|-crit|p1b: Hatterene\n|-damage|p1b: Hatterene|0 fnt\n|faint|p1b: Hatterene\n|\n|win|Atomic_Hedgefox\n|raw|pial hamfulpal's rating: 1071 &rarr; <strong>1057<\/strong><br \/>(-14 for losing)\n|raw|Atomic_Hedgefox's rating: 1192 &rarr; <strong>1209<\/strong><br \/>(+17 for winning)\n","uploadtime":1700148736,"views":10,"p1id":"pialhamfulpal","p2id":"atomichedgefox","formatid":"gen9doublesou","rating":1057,"private":0,"password":""}