{"id":"gen9doublesou-1994343847","p1":"Nubkk","p2":"carambolo","format":"[Gen 9] Doubles OU","log":"|j|\u2606Nubkk\n|j|\u2606carambolo\n|t:|1700433274\n|gametype|doubles\n|player|p1|Nubkk|caitlin|1522\n|player|p2|carambolo|265|1492\n|teamsize|p1|6\n|teamsize|p2|6\n|gen|9\n|tier|[Gen 9] Doubles OU\n|rated|\n|rule|Species Clause: Limit one of each Pok\u00e9mon\n|rule|OHKO Clause: OHKO moves are banned\n|rule|Evasion Moves Clause: Evasion moves are banned\n|rule|Gravity Sleep Clause: The combination of sleep-inducing moves with imperfect accuracy and Gravity or Gigantamax Orbeetle are banned\n|rule|Endless Battle Clause: Forcing endless battles is banned\n|rule|HP Percentage Mod: HP is shown in percentages\n|clearpoke\n|poke|p1|Indeedee-F, F|\n|poke|p1|Armarouge, M|\n|poke|p1|Hatterene, F|\n|poke|p1|Iron Hands|\n|poke|p1|Sinistcha-Masterpiece|\n|poke|p1|Ursaluna-Bloodmoon, M|\n|poke|p2|Spiritomb, M|\n|poke|p2|Gastrodon, M|\n|poke|p2|Kingambit, M|\n|poke|p2|Hatterene, F|\n|poke|p2|Armarouge, F|\n|poke|p2|Kommo-o, M|\n|teampreview\n|inactive|Battle timer is ON: inactive players will automatically lose when time's up. (requested by Nubkk)\n|\n|t:|1700433286\n|start\n|switch|p1a: Chap\u00e9u :D|Hatterene, F, shiny|100\/100\n|switch|p1b: HaryamaLubrificado|Iron Hands|100\/100\n|switch|p2a: Spektro|Spiritomb, M|100\/100\n|switch|p2b: Braza|Armarouge, F|100\/100\n|-ability|p2a: Spektro|Pressure\n|turn|1\n|c|\u2606Nubkk|glhf\n|\n|t:|1700433306\n|move|p2a: Spektro|Will-O-Wisp|p1b: HaryamaLubrificado\n|-status|p1b: HaryamaLubrificado|brn\n|move|p1b: HaryamaLubrificado|Belly Drum|p1b: HaryamaLubrificado\n|-damage|p1b: HaryamaLubrificado|50\/100 brn\n|-setboost|p1b: HaryamaLubrificado|atk|6|[from] move: Belly Drum\n|-enditem|p1b: HaryamaLubrificado|Sitrus Berry|[eat]\n|-heal|p1b: HaryamaLubrificado|75\/100 brn|[from] item: Sitrus Berry\n|move|p2b: Braza|Trick Room|p2b: Braza\n|-fieldstart|move: Trick Room|[of] p2b: Braza\n|move|p1a: Chap\u00e9u :D|Trick Room|p1a: Chap\u00e9u :D\n|-fieldend|move: Trick Room\n|\n|-damage|p1b: HaryamaLubrificado|69\/100 brn|[from] brn\n|upkeep\n|turn|2\n|\n|t:|1700433325\n|move|p2b: Braza|Psyshock|p1b: HaryamaLubrificado\n|-supereffective|p1b: HaryamaLubrificado\n|-damage|p1b: HaryamaLubrificado|18\/100 brn\n|move|p2a: Spektro|Hex|p1b: HaryamaLubrificado\n|-damage|p1b: HaryamaLubrificado|0 fnt\n|faint|p1b: HaryamaLubrificado\n|-end|p1b: HaryamaLubrificado|Quark Drive|[silent]\n|move|p1a: Chap\u00e9u :D|Dazzling Gleam|p2b: Braza|[spread] p2a,p2b\n|-supereffective|p2a: Spektro\n|-resisted|p2b: Braza\n|-damage|p2a: Spektro|51\/100\n|-damage|p2b: Braza|85\/100\n|\n|-heal|p2a: Spektro|57\/100|[from] item: Leftovers\n|upkeep\n|\n|t:|1700433337\n|switch|p1b: Blood Mon|Ursaluna-Bloodmoon, M|100\/100\n|turn|3\n|\n|t:|1700433355\n|move|p2b: Braza|Aura Sphere|p1b: Blood Mon\n|-supereffective|p1b: Blood Mon\n|-damage|p1b: Blood Mon|27\/100\n|move|p2a: Spektro|Snarl|p1a: Chap\u00e9u :D|[spread] p1a,p1b\n|-damage|p1a: Chap\u00e9u :D|88\/100\n|-damage|p1b: Blood Mon|11\/100\n|-unboost|p1b: Blood Mon|spa|1\n|move|p1b: Blood Mon|Earth Power|p2b: Braza\n|-supereffective|p2b: Braza\n|-damage|p2b: Braza|13\/100\n|move|p1a: Chap\u00e9u :D|Trick Room|p1a: Chap\u00e9u :D\n|-fieldstart|move: Trick Room|[of] p1a: Chap\u00e9u :D\n|\n|-heal|p2a: Spektro|63\/100|[from] item: Leftovers\n|upkeep\n|turn|4\n|\n|t:|1700433376\n|move|p1a: Chap\u00e9u :D|Mystical Fire|p2a: Spektro\n|-damage|p2a: Spektro|41\/100\n|-unboost|p2a: Spektro|spa|1\n|move|p1b: Blood Mon|Hyper Voice|p2b: Braza|[spread] p2a,p2b\n|-crit|p2b: Braza\n|-damage|p2a: Spektro|16\/100\n|-damage|p2b: Braza|0 fnt\n|faint|p2b: Braza\n|-enditem|p1b: Blood Mon|Throat Spray\n|-boost|p1b: Blood Mon|spa|1|[from] item: Throat Spray\n|move|p2a: Spektro|Snarl|p1b: Blood Mon|[spread] p1a\n|-miss|p2a: Spektro|p1b: Blood Mon\n|-damage|p1a: Chap\u00e9u :D|80\/100\n|\n|-heal|p2a: Spektro|22\/100|[from] item: Leftovers\n|upkeep\n|inactive|carambolo has 120 seconds left.\n|\n|t:|1700433394\n|switch|p2b: Bigotes|Kingambit, M|100\/100\n|turn|5\n|\n|t:|1700433406\n|move|p2b: Bigotes|Sucker Punch|p1b: Blood Mon\n|-damage|p1b: Blood Mon|0 fnt\n|faint|p1b: Blood Mon\n|move|p1a: Chap\u00e9u :D|Mystical Fire|p2b: Bigotes\n|-supereffective|p2b: Bigotes\n|-damage|p2b: Bigotes|73\/100\n|-unboost|p2b: Bigotes|spa|1\n|-ability|p2b: Bigotes|Defiant|boost\n|-boost|p2b: Bigotes|atk|2\n|move|p2a: Spektro|Hex|p1a: Chap\u00e9u :D\n|-supereffective|p1a: Chap\u00e9u :D\n|-damage|p1a: Chap\u00e9u :D|54\/100\n|\n|-heal|p2a: Spektro|28\/100|[from] item: Leftovers\n|upkeep\n|\n|t:|1700433419\n|switch|p1b: Soca Fogo kk|Armarouge, M|100\/100\n|turn|6\n|\n|t:|1700433428\n|move|p2b: Bigotes|Sucker Punch|p1b: Soca Fogo kk\n|-supereffective|p1b: Soca Fogo kk\n|-damage|p1b: Soca Fogo kk|0 fnt\n|faint|p1b: Soca Fogo kk\n|move|p1a: Chap\u00e9u :D|Mystical Fire|p2b: Bigotes\n|-supereffective|p2b: Bigotes\n|-damage|p2b: Bigotes|46\/100\n|-unboost|p2b: Bigotes|spa|1\n|-ability|p2b: Bigotes|Defiant|boost\n|-boost|p2b: Bigotes|atk|2\n|move|p2a: Spektro|Snarl|p1a: Chap\u00e9u :D\n|-damage|p1a: Chap\u00e9u :D|43\/100\n|\n|-heal|p2a: Spektro|34\/100|[from] item: Leftovers\n|upkeep\n|\n|t:|1700433437\n|switch|p1b: Rainha DOU :3|Indeedee-F, F, shiny|100\/100\n|-fieldstart|move: Psychic Terrain|[from] ability: Psychic Surge|[of] p1b: Rainha DOU :3\n|-enditem|p1b: Rainha DOU :3|Psychic Seed\n|-boost|p1b: Rainha DOU :3|spd|1|[from] item: Psychic Seed\n|turn|7\n|\n|t:|1700433454\n|switch|p2a: Gre\u00f1as|Hatterene, F|100\/100\n|move|p1b: Rainha DOU :3|Helping Hand|p1a: Chap\u00e9u :D\n|-singleturn|p1a: Chap\u00e9u :D|Helping Hand|[of] p1b: Rainha DOU :3\n|move|p2b: Bigotes|Sucker Punch|p1a: Chap\u00e9u :D\n|-activate|p1a: Chap\u00e9u :D|move: Psychic Terrain\n|move|p1a: Chap\u00e9u :D|Mystical Fire|p2b: Bigotes\n|-supereffective|p2b: Bigotes\n|-damage|p2b: Bigotes|0 fnt\n|faint|p2b: Bigotes\n|\n|-fieldend|move: Trick Room\n|upkeep\n|\n|t:|1700433470\n|switch|p2b: Kommo-o|Kommo-o, M|100\/100\n|turn|8\n|\n|t:|1700433477\n|-terastallize|p2b: Kommo-o|Steel\n|move|p1b: Rainha DOU :3|Follow Me|p1b: Rainha DOU :3\n|-singleturn|p1b: Rainha DOU :3|move: Follow Me\n|move|p2b: Kommo-o|Clangorous Soul|p2b: Kommo-o\n|-boost|p2b: Kommo-o|atk|1\n|-boost|p2b: Kommo-o|def|1\n|-boost|p2b: Kommo-o|spa|1\n|-boost|p2b: Kommo-o|spd|1\n|-boost|p2b: Kommo-o|spe|1\n|-damage|p2b: Kommo-o|68\/100\n|move|p2a: Gre\u00f1as|Life Dew||[still]|[spread] p2a,p2b\n|-fail|p2a: Gre\u00f1as|heal\n|-heal|p2b: Kommo-o|93\/100\n|move|p1a: Chap\u00e9u :D|Trick Room|p1a: Chap\u00e9u :D\n|-fieldstart|move: Trick Room|[of] p1a: Chap\u00e9u :D\n|\n|upkeep\n|turn|9\n|\n|t:|1700433499\n|move|p1b: Rainha DOU :3|Helping Hand|p1a: Chap\u00e9u :D\n|-singleturn|p1a: Chap\u00e9u :D|Helping Hand|[of] p1b: Rainha DOU :3\n|move|p1a: Chap\u00e9u :D|Mystical Fire|p2b: Kommo-o\n|-supereffective|p2b: Kommo-o\n|-crit|p2b: Kommo-o\n|-damage|p2b: Kommo-o|0 fnt\n|faint|p2b: Kommo-o\n|move|p2a: Gre\u00f1as|Dazzling Gleam|p1a: Chap\u00e9u :D|[spread] p1a,p1b\n|-damage|p1a: Chap\u00e9u :D|15\/100\n|-damage|p1b: Rainha DOU :3|81\/100\n|\n|upkeep\n|\n|t:|1700433511\n|switch|p2b: Trujo|Gastrodon, M|100\/100\n|turn|10\n|\n|t:|1700433527\n|move|p1b: Rainha DOU :3|Helping Hand|p1a: Chap\u00e9u :D\n|-singleturn|p1a: Chap\u00e9u :D|Helping Hand|[of] p1b: Rainha DOU :3\n|move|p1a: Chap\u00e9u :D|Psyshock|p2b: Trujo\n|-damage|p2b: Trujo|26\/100\n|move|p2a: Gre\u00f1as|Life Dew||[still]|[spread] \n|-ability|p2b: Trujo|Storm Drain|boost\n|-boost|p2b: Trujo|spa|1\n|-fail|p2a: Gre\u00f1as|heal\n|move|p2b: Trujo|Earth Power|p1a: Chap\u00e9u :D\n|-damage|p1a: Chap\u00e9u :D|0 fnt\n|faint|p1a: Chap\u00e9u :D\n|-heal|p2b: Trujo|28\/100|[from] item: Shell Bell|[of] p1: Chap\u00e9u :D\n|\n|upkeep\n|\n|t:|1700433547\n|switch|p1a: Ch\u00e1 verde|Sinistcha-Masterpiece, shiny|100\/100\n|-heal|p1b: Rainha DOU :3|100\/100|[from] ability: Hospitality|[of] p1a: Ch\u00e1 verde\n|turn|11\n|\n|t:|1700433554\n|switch|p2b: Spektro|Spiritomb, M|34\/100\n|-ability|p2b: Spektro|Pressure\n|move|p2a: Gre\u00f1as|Life Dew||[still]|[spread] p2a,p2b\n|-fail|p2a: Gre\u00f1as|heal\n|-heal|p2b: Spektro|59\/100\n|move|p1b: Rainha DOU :3|Dazzling Gleam|p2b: Spektro|[spread] p2a,p2b\n|-supereffective|p2b: Spektro\n|-damage|p2a: Gre\u00f1as|86\/100\n|-damage|p2b: Spektro|36\/100\n|move|p1a: Ch\u00e1 verde|Matcha Gotcha|p2b: Spektro|[spread] p2a,p2b\n|-damage|p2a: Gre\u00f1as|62\/100\n|-damage|p2b: Spektro|13\/100\n|\n|-heal|p2b: Spektro|19\/100|[from] item: Leftovers\n|-fieldend|move: Psychic Terrain\n|upkeep\n|turn|12\n|\n|t:|1700433576\n|move|p2a: Gre\u00f1as|Psychic|p1a: Ch\u00e1 verde\n|-damage|p1a: Ch\u00e1 verde|49\/100\n|move|p2b: Spektro|Snarl|p1b: Rainha DOU :3|[spread] p1a,p1b\n|-supereffective|p1a: Ch\u00e1 verde\n|-supereffective|p1b: Rainha DOU :3\n|-damage|p1a: Ch\u00e1 verde|18\/100\n|-damage|p1b: Rainha DOU :3|82\/100\n|-unboost|p1a: Ch\u00e1 verde|spa|1\n|-unboost|p1b: Rainha DOU :3|spa|1\n|move|p1b: Rainha DOU :3|Dazzling Gleam|p2a: Gre\u00f1as|[spread] p2a,p2b\n|-supereffective|p2b: Spektro\n|-damage|p2a: Gre\u00f1as|54\/100\n|-damage|p2b: Spektro|3\/100\n|move|p1a: Ch\u00e1 verde|Matcha Gotcha|p2a: Gre\u00f1as|[spread] p2a,p2b\n|-damage|p2a: Gre\u00f1as|38\/100\n|-heal|p1a: Ch\u00e1 verde|25\/100|[from] drain|[of] p2a: Gre\u00f1as\n|-damage|p2b: Spektro|0 fnt\n|-heal|p1a: Ch\u00e1 verde|26\/100|[from] drain|[of] p2b: Spektro\n|faint|p2b: Spektro\n|\n|-heal|p1a: Ch\u00e1 verde|32\/100|[from] item: Leftovers\n|-fieldend|move: Trick Room\n|upkeep\n|inactive|carambolo has 120 seconds left.\n|\n|t:|1700433599\n|switch|p2b: Trujo|Gastrodon, M|28\/100\n|turn|13\n|\n|t:|1700433615\n|move|p1b: Rainha DOU :3|Follow Me|p1b: Rainha DOU :3\n|-singleturn|p1b: Rainha DOU :3|move: Follow Me\n|move|p1a: Ch\u00e1 verde|Matcha Gotcha|p2a: Gre\u00f1as|[spread] p2a,p2b\n|-supereffective|p2b: Trujo\n|-damage|p2a: Gre\u00f1as|23\/100\n|-heal|p1a: Ch\u00e1 verde|39\/100|[from] drain|[of] p2a: Gre\u00f1as\n|-damage|p2b: Trujo|0 fnt\n|-heal|p1a: Ch\u00e1 verde|55\/100|[from] drain|[of] p2b: Trujo\n|faint|p2b: Trujo\n|move|p2a: Gre\u00f1as|Dazzling Gleam|p1a: Ch\u00e1 verde|[spread] p1a,p1b\n|-crit|p1b: Rainha DOU :3\n|-damage|p1a: Ch\u00e1 verde|21\/100\n|-damage|p1b: Rainha DOU :3|44\/100\n|\n|-heal|p1a: Ch\u00e1 verde|27\/100|[from] item: Leftovers\n|upkeep\n|turn|14\n|\n|t:|1700433632\n|move|p1a: Ch\u00e1 verde|Strength Sap|p2a: Gre\u00f1as\n|-unboost|p2a: Gre\u00f1as|atk|1\n|-heal|p1a: Ch\u00e1 verde|75\/100\n|move|p1b: Rainha DOU :3|Dazzling Gleam|p2a: Gre\u00f1as\n|-damage|p2a: Gre\u00f1as|11\/100\n|move|p2a: Gre\u00f1as|Dazzling Gleam|p1a: Ch\u00e1 verde|[spread] p1a,p1b\n|-damage|p1a: Ch\u00e1 verde|37\/100\n|-damage|p1b: Rainha DOU :3|25\/100\n|\n|-heal|p1a: Ch\u00e1 verde|44\/100|[from] item: Leftovers\n|upkeep\n|turn|15\n|\n|t:|1700433647\n|-terastallize|p1a: Ch\u00e1 verde|Poison\n|move|p1b: Rainha DOU :3|Helping Hand|p1a: Ch\u00e1 verde\n|-singleturn|p1a: Ch\u00e1 verde|Helping Hand|[of] p1b: Rainha DOU :3\n|move|p1a: Ch\u00e1 verde|Matcha Gotcha|p2a: Gre\u00f1as\n|-damage|p2a: Gre\u00f1as|0 fnt\n|-heal|p1a: Ch\u00e1 verde|48\/100|[from] drain|[of] p2a: Gre\u00f1as\n|faint|p2a: Gre\u00f1as\n|\n|win|Nubkk\n|raw|Nubkk's rating: 1522 &rarr; <strong>1540<\/strong><br \/>(+18 for winning)\n|raw|carambolo's rating: 1492 &rarr; <strong>1474<\/strong><br \/>(-18 for losing)\n|l|\u2606carambolo\n|c|\u2606Nubkk|gg\n","uploadtime":1700433690,"views":4,"p1id":"nubkk","p2id":"carambolo","formatid":"gen9doublesou","rating":1474,"private":0,"password":""}