{"id":"gen9doublesou-1970481134","p1":"Lenoxum","p2":"Bhaviswar 2","format":"[Gen 9] Doubles OU","log":"|j|\u2606Lenoxum\n|j|\u2606Bhaviswar 2\n|inactive|Battle timer is ON: inactive players will automatically lose when time's up.\n|t:|1697642346\n|gametype|doubles\n|player|p1|Lenoxum|turo-ai|\n|player|p2|Bhaviswar 2|volkner|\n|teamsize|p1|6\n|teamsize|p2|6\n|gen|9\n|tier|[Gen 9] Doubles OU\n|rated|Tournament battle\n|rule|Species Clause: Limit one of each Pok\u00e9mon\n|rule|OHKO Clause: OHKO moves are banned\n|rule|Evasion Moves Clause: Evasion moves are banned\n|rule|Gravity Sleep Clause: The combination of sleep-inducing moves with imperfect accuracy and Gravity or Gigantamax Orbeetle are banned\n|rule|Endless Battle Clause: Forcing endless battles is banned\n|rule|HP Percentage Mod: HP is shown in percentages\n|clearpoke\n|poke|p1|Slowking, F|\n|poke|p1|Mightyena, M|\n|poke|p1|Grumpig, F|\n|poke|p1|Toxicroak, M|\n|poke|p1|Drednaw, M|\n|poke|p1|Baxcalibur, F|\n|poke|p2|Noivern, M|\n|poke|p2|Slaking, F|\n|poke|p2|Kleavor, M|\n|poke|p2|Gothitelle, F|\n|poke|p2|Lycanroc-Midnight, M|\n|poke|p2|Rillaboom, F|\n|teampreview\n|j|*Lady Monita \u263d\n|j| ZacianBoi101\n|j| W0ober.\n|c|\u2606Lenoxum|glhf\n|l| ZacianBoi101\n|inactive|Lenoxum has 120 seconds left.\n|\n|t:|1697642377\n|start\n|switch|p1a: Mightyena|Mightyena, M, shiny|100\/100\n|switch|p1b: Baxcalibur|Baxcalibur, F, shiny|100\/100\n|switch|p2a: Slaking|Slaking, F|100\/100\n|switch|p2b: Gothitelle|Gothitelle, F|100\/100\n|-ability|p1a: Mightyena|Intimidate|boost\n|-unboost|p2a: Slaking|atk|1\n|-unboost|p2b: Gothitelle|atk|1\n|-ability|p2b: Gothitelle|Competitive|boost\n|-boost|p2b: Gothitelle|spa|2\n|turn|1\n|j| BensPajamas\n|j| Yeet259\n|c| BensPajamas|so monita actually dqd me wrong for once, but chat is locked so thats neat\n|\n|t:|1697642406\n|move|p2a: Slaking|Outrage|p1a: Mightyena\n|-damage|p1a: Mightyena|23\/100\n|move|p1b: Baxcalibur|Dragon Dance|p1b: Baxcalibur\n|-boost|p1b: Baxcalibur|atk|1\n|-boost|p1b: Baxcalibur|spe|1\n|move|p1a: Mightyena|Crunch|p2b: Gothitelle\n|-supereffective|p2b: Gothitelle\n|-damage|p2b: Gothitelle|28\/100\n|move|p2b: Gothitelle|Skill Swap|p2a: Slaking\n|-activate|p2b: Gothitelle|move: Skill Swap|||[of] p2a: Slaking\n|\n|upkeep\n|turn|2\n|c| BensPajamas|never seen it actually not work before\n|c| W0ober.|crazy\n|c|\u2606Lenoxum|oh shit\n|j| ZacianBoi101\n|j| beeg peeg\n|inactive|Lenoxum has 120 seconds left.\n|\n|t:|1697642448\n|switch|p2b: Lycanroc|Lycanroc-Midnight, M|100\/100\n|-terastallize|p1b: Baxcalibur|Steel\n|move|p1a: Mightyena|Sucker Punch||[still]\n|-fail|p1a: Mightyena\n|move|p1b: Baxcalibur|Iron Head|p2a: Slaking\n|-damage|p2a: Slaking|39\/100\n|move|p2a: Slaking|Outrage|p1b: Baxcalibur|[from]lockedmove\n|-resisted|p1b: Baxcalibur\n|-damage|p1b: Baxcalibur|77\/100\n|-start|p2a: Slaking|confusion|[fatigue]\n|\n|upkeep\n|turn|3\n|inactive|Lenoxum has 120 seconds left.\n|l| ZacianBoi101\n|j| kayden the evil v\n|inactive|Bhaviswar 2 has 120 seconds left.\n|l| kayden the evil v\n|\n|t:|1697642481\n|switch|p1a: Slowking|Slowking, F, shiny|100\/100\n|move|p1b: Baxcalibur|Iron Head|p2a: Slaking\n|-crit|p2a: Slaking\n|-damage|p2a: Slaking|0 fnt\n|faint|p2a: Slaking\n|move|p2b: Lycanroc|Close Combat|p1b: Baxcalibur\n|-supereffective|p1b: Baxcalibur\n|-damage|p1b: Baxcalibur|3\/100\n|-unboost|p2b: Lycanroc|def|1\n|-unboost|p2b: Lycanroc|spd|1\n|-enditem|p1b: Baxcalibur|Sitrus Berry|[eat]\n|-heal|p1b: Baxcalibur|28\/100|[from] item: Sitrus Berry\n|\n|upkeep\n|inactive|Bhaviswar 2 has 120 seconds left.\n|\n|t:|1697642488\n|switch|p2a: Rillaboom|Rillaboom, F|100\/100\n|-fieldstart|move: Grassy Terrain|[from] ability: Grassy Surge|[of] p2a: Rillaboom\n|turn|4\n|l| beeg peeg\n|\n|t:|1697642504\n|switch|p1a: Mightyena|Mightyena, M, shiny|23\/100\n|-ability|p1a: Mightyena|Intimidate|boost\n|-unboost|p2a: Rillaboom|atk|1\n|-unboost|p2b: Lycanroc|atk|1\n|move|p2a: Rillaboom|Fake Out|p1b: Baxcalibur\n|-resisted|p1b: Baxcalibur\n|-damage|p1b: Baxcalibur|24\/100\n|cant|p1b: Baxcalibur|flinch\n|move|p2b: Lycanroc|Close Combat|p1b: Baxcalibur\n|-supereffective|p1b: Baxcalibur\n|-crit|p1b: Baxcalibur\n|-damage|p1b: Baxcalibur|0 fnt\n|-unboost|p2b: Lycanroc|def|1\n|-unboost|p2b: Lycanroc|spd|1\n|faint|p1b: Baxcalibur\n|\n|-heal|p1a: Mightyena|29\/100|[from] Grassy Terrain\n|upkeep\n|j| ZacianBoi101\n|inactive|Lenoxum has 120 seconds left.\n|\n|t:|1697642515\n|switch|p1b: Toxicroak|Toxicroak, M, shiny|100\/100\n|turn|5\n|\n|t:|1697642531\n|switch|p2b: Gothitelle|Gothitelle, F|28\/100\n|move|p2a: Rillaboom|Drain Punch|p1a: Mightyena\n|-supereffective|p1a: Mightyena\n|-damage|p1a: Mightyena|0 fnt\n|faint|p1a: Mightyena\n|move|p1b: Toxicroak|Poison Jab|p2a: Rillaboom\n|-supereffective|p2a: Rillaboom\n|-damage|p2a: Rillaboom|27\/100\n|-status|p2a: Rillaboom|psn\n|\n|-heal|p2a: Rillaboom|33\/100 psn|[from] Grassy Terrain\n|-heal|p2b: Gothitelle|34\/100|[from] Grassy Terrain\n|-damage|p2a: Rillaboom|20\/100 psn|[from] psn\n|upkeep\n|\n|t:|1697642546\n|switch|p1a: Grumpig|Grumpig, F, shiny|100\/100\n|turn|6\n|c| W0ober.|toxicroaks shiny is p good\n|c| W0ober.|imo\n|inactive|Lenoxum has 120 seconds left.\n|c| ZacianBoi101|lol\n|\n|t:|1697642586\n|move|p2a: Rillaboom|Knock Off|p1a: Grumpig\n|-supereffective|p1a: Grumpig\n|-damage|p1a: Grumpig|32\/100\n|-enditem|p1a: Grumpig|Assault Vest|[from] move: Knock Off|[of] p2a: Rillaboom\n|move|p1b: Toxicroak|Poison Jab|p2a: Rillaboom\n|-supereffective|p2a: Rillaboom\n|-damage|p2a: Rillaboom|0 fnt\n|faint|p2a: Rillaboom\n|move|p1a: Grumpig|Energy Ball|p2b: Gothitelle\n|-damage|p2b: Gothitelle|13\/100\n|move|p2b: Gothitelle|Psychic|p1b: Toxicroak\n|-supereffective|p1b: Toxicroak\n|-enditem|p1b: Toxicroak|Focus Sash\n|-damage|p1b: Toxicroak|1\/100\n|\n|-heal|p1b: Toxicroak|7\/100|[from] Grassy Terrain\n|-heal|p1a: Grumpig|38\/100|[from] Grassy Terrain\n|-heal|p2b: Gothitelle|19\/100|[from] Grassy Terrain\n|upkeep\n|j| mrtoy\n|j| SkidAndPump102\n|j| UsernameNotVisible\n|\n|t:|1697642599\n|switch|p2a: Noivern|Noivern, M|100\/100\n|turn|7\n|\n|t:|1697642611\n|switch|p1b: Slowking|Slowking, F, shiny|100\/100\n|move|p2a: Noivern|Air Cutter|p1a: Grumpig|[spread] p1a,p1b\n|-damage|p1a: Grumpig|9\/100\n|-damage|p1b: Slowking|85\/100\n|move|p1a: Grumpig|Dazzling Gleam|p2a: Noivern|[spread] p2a,p2b\n|-supereffective|p2a: Noivern\n|-damage|p2a: Noivern|55\/100\n|-damage|p2b: Gothitelle|7\/100\n|move|p2b: Gothitelle|Psychic|p1a: Grumpig\n|-resisted|p1a: Grumpig\n|-damage|p1a: Grumpig|0 fnt\n|faint|p1a: Grumpig\n|\n|-heal|p2b: Gothitelle|14\/100|[from] Grassy Terrain\n|-heal|p1b: Slowking|91\/100|[from] Grassy Terrain\n|upkeep\n|\n|t:|1697642622\n|switch|p1a: Toxicroak|Toxicroak, M, shiny|7\/100\n|turn|8\n|l| UsernameNotVisible\n|inactive|Bhaviswar 2 has 120 seconds left.\n|\n|t:|1697642662\n|move|p1a: Toxicroak|Fake Out|p2b: Gothitelle\n|-damage|p2b: Gothitelle|1\/100\n|move|p2a: Noivern|Air Cutter|p1b: Slowking|[spread] p1a,p1b\n|-supereffective|p1a: Toxicroak\n|-crit|p1a: Toxicroak\n|-crit|p1b: Slowking\n|-damage|p1a: Toxicroak|0 fnt\n|-damage|p1b: Slowking|68\/100\n|faint|p1a: Toxicroak\n|cant|p2b: Gothitelle|flinch\n|move|p1b: Slowking|Ice Beam|p2a: Noivern\n|-supereffective|p2a: Noivern\n|-damage|p2a: Noivern|0 fnt\n|faint|p2a: Noivern\n|\n|-heal|p2b: Gothitelle|7\/100|[from] Grassy Terrain\n|-heal|p1b: Slowking|74\/100|[from] Grassy Terrain\n|-fieldend|move: Grassy Terrain\n|upkeep\n|\n|t:|1697642680\n|switch|p2a: Kleavor|Kleavor, M|100\/100\n|switch|p1a: Drednaw|Drednaw, M, shiny|100\/100\n|turn|9\n|\n|t:|1697642710\n|move|p2a: Kleavor|X-Scissor|p1b: Slowking\n|-supereffective|p1b: Slowking\n|-damage|p1b: Slowking|0 fnt\n|faint|p1b: Slowking\n|move|p1a: Drednaw|Shell Smash|p1a: Drednaw\n|-unboost|p1a: Drednaw|def|1\n|-unboost|p1a: Drednaw|spd|1\n|-boost|p1a: Drednaw|atk|2\n|-boost|p1a: Drednaw|spa|2\n|-boost|p1a: Drednaw|spe|2\n|-enditem|p1a: Drednaw|White Herb\n|-clearnegativeboost|p1a: Drednaw|[silent]\n|move|p2b: Gothitelle|Thunder Wave|p1a: Drednaw\n|-status|p1a: Drednaw|par\n|\n|upkeep\n|turn|10\n|c|\u2606Lenoxum|gg\n|\n|t:|1697642731\n|move|p2a: Kleavor|X-Scissor|p1a: Drednaw\n|-damage|p1a: Drednaw|34\/100 par\n|move|p1a: Drednaw|Rock Slide|p2b: Gothitelle|[spread] p2a,p2b\n|-supereffective|p2a: Kleavor\n|-damage|p2a: Kleavor|0 fnt\n|-damage|p2b: Gothitelle|0 fnt\n|faint|p2a: Kleavor\n|faint|p2b: Gothitelle\n|\n|upkeep\n|\n|t:|1697642736\n|switch|p2b: Lycanroc|Lycanroc-Midnight, M|100\/100\n|turn|11\n|\n|t:|1697642739\n|move|p2b: Lycanroc|Close Combat|p1a: Drednaw\n|-supereffective|p1a: Drednaw\n|-damage|p1a: Drednaw|0 fnt\n|-unboost|p2b: Lycanroc|def|1\n|-unboost|p2b: Lycanroc|spd|1\n|faint|p1a: Drednaw\n|\n|win|Bhaviswar 2\n|n|\u2606Lenoxum|lenoxum\n|n|\u2606Bhaviswar 2|bhaviswar2\n|n|*Lady Monita \u263d|ladymonita\n|n| W0ober.|w0ober\n|n| BensPajamas|benspajamas\n|n| Yeet259|yeet259\n|n| ZacianBoi101|zacianboi101\n|n| mrtoy|mrtoy\n|n| SkidAndPump102|skidandpump102\n","uploadtime":1697642740,"views":18,"p1id":"lenoxum","p2id":"bhaviswar2","formatid":"gen9doublesou","rating":0,"private":0,"password":""}