{"id":"gen9doublesou-1991663927","p1":"DragonBoy44287","p2":"GRIZZLYSRAGE","format":"[Gen 9] Doubles OU","log":"|j|\u2606DragonBoy44287\n|j|\u2606GRIZZLYSRAGE\n|t:|1700099999\n|gametype|doubles\n|player|p1|DragonBoy44287|102|1000\n|player|p2|GRIZZLYSRAGE|veteran|1000\n|teamsize|p1|6\n|teamsize|p2|6\n|gen|9\n|tier|[Gen 9] Doubles OU\n|rated|\n|rule|Species Clause: Limit one of each Pok\u00e9mon\n|rule|OHKO Clause: OHKO moves are banned\n|rule|Evasion Moves Clause: Evasion moves are banned\n|rule|Gravity Sleep Clause: The combination of sleep-inducing moves with imperfect accuracy and Gravity or Gigantamax Orbeetle are banned\n|rule|Endless Battle Clause: Forcing endless battles is banned\n|rule|HP Percentage Mod: HP is shown in percentages\n|clearpoke\n|poke|p1|Greninja-*, F|\n|poke|p1|Ogerpon-Wellspring, F|\n|poke|p1|Basculegion-F, F|\n|poke|p1|Toxapex, M|\n|poke|p1|Volcanion|\n|poke|p1|Azumarill, F|\n|poke|p2|Oricorio-Pom-Pom, M|\n|poke|p2|Mimikyu, F|\n|poke|p2|Kommo-o, M|\n|poke|p2|Goodra, F|\n|poke|p2|Iron Moth|\n|poke|p2|Dragonite, F|\n|teampreview\n|\n|t:|1700100036\n|start\n|switch|p1a: Toxapex|Toxapex, M|100\/100\n|switch|p1b: Volcanion|Volcanion|100\/100\n|switch|p2a: Kommo-o|Kommo-o, M|100\/100\n|switch|p2b: Oricorio|Oricorio-Pom-Pom, M|100\/100\n|-item|p1b: Volcanion|Air Balloon\n|turn|1\n|\n|t:|1700100057\n|move|p1a: Toxapex|Baneful Bunker|p1a: Toxapex\n|-singleturn|p1a: Toxapex|move: Protect\n|move|p2b: Oricorio|Quiver Dance|p2b: Oricorio\n|-boost|p2b: Oricorio|spa|1\n|-boost|p2b: Oricorio|spd|1\n|-boost|p2b: Oricorio|spe|1\n|move|p2a: Kommo-o|Clangorous Soul|p2a: Kommo-o\n|-boost|p2a: Kommo-o|atk|1\n|-boost|p2a: Kommo-o|def|1\n|-boost|p2a: Kommo-o|spa|1\n|-boost|p2a: Kommo-o|spd|1\n|-boost|p2a: Kommo-o|spe|1\n|-damage|p2a: Kommo-o|68\/100\n|-activate|p2b: Oricorio|ability: Dancer\n|move|p2b: Oricorio|Clangorous Soul|p2b: Oricorio|[from]ability: Dancer\n|-boost|p2b: Oricorio|atk|1\n|-boost|p2b: Oricorio|def|1\n|-boost|p2b: Oricorio|spa|1\n|-boost|p2b: Oricorio|spd|1\n|-boost|p2b: Oricorio|spe|1\n|-damage|p2b: Oricorio|68\/100\n|move|p1b: Volcanion|Body Press|p2b: Oricorio\n|-resisted|p2b: Oricorio\n|-damage|p2b: Oricorio|58\/100\n|\n|-heal|p2a: Kommo-o|74\/100|[from] item: Leftovers\n|upkeep\n|turn|2\n|\n|t:|1700100094\n|move|p1a: Toxapex|Baneful Bunker||[still]\n|-fail|p1a: Toxapex\n|move|p2b: Oricorio|Revelation Dance|p1b: Volcanion\n|-supereffective|p1b: Volcanion\n|-damage|p1b: Volcanion|0 fnt\n|-enditem|p1b: Volcanion|Air Balloon\n|faint|p1b: Volcanion\n|move|p2a: Kommo-o|Clanging Scales|p1a: Toxapex\n|-damage|p1a: Toxapex|56\/100\n|-unboost|p2a: Kommo-o|def|1\n|\n|-heal|p2a: Kommo-o|80\/100|[from] item: Leftovers\n|upkeep\n|\n|t:|1700100106\n|switch|p1b: Greninja|Greninja, F|100\/100\n|turn|3\n|\n|t:|1700100115\n|move|p1a: Toxapex|Baneful Bunker|p1a: Toxapex\n|-singleturn|p1a: Toxapex|move: Protect\n|move|p2b: Oricorio|Revelation Dance|p1b: Greninja\n|-supereffective|p1b: Greninja\n|-damage|p1b: Greninja|0 fnt\n|faint|p1b: Greninja\n|move|p2a: Kommo-o|Clangorous Soul|p2a: Kommo-o\n|-boost|p2a: Kommo-o|atk|1\n|-boost|p2a: Kommo-o|def|1\n|-boost|p2a: Kommo-o|spa|1\n|-boost|p2a: Kommo-o|spd|1\n|-boost|p2a: Kommo-o|spe|1\n|-damage|p2a: Kommo-o|47\/100\n|-activate|p2b: Oricorio|ability: Dancer\n|move|p2b: Oricorio|Clangorous Soul|p2b: Oricorio|[from]ability: Dancer\n|-boost|p2b: Oricorio|atk|1\n|-boost|p2b: Oricorio|def|1\n|-boost|p2b: Oricorio|spa|1\n|-boost|p2b: Oricorio|spd|1\n|-boost|p2b: Oricorio|spe|1\n|-damage|p2b: Oricorio|26\/100\n|\n|-heal|p2a: Kommo-o|54\/100|[from] item: Leftovers\n|upkeep\n|\n|t:|1700100124\n|switch|p1b: Azumarill|Azumarill, F|100\/100\n|turn|4\n|\n|t:|1700100153\n|move|p1a: Toxapex|Baneful Bunker|p1a: Toxapex\n|-singleturn|p1a: Toxapex|move: Protect\n|move|p2b: Oricorio|Revelation Dance|p1b: Azumarill\n|-supereffective|p1b: Azumarill\n|-crit|p1b: Azumarill\n|-damage|p1b: Azumarill|0 fnt\n|faint|p1b: Azumarill\n|move|p2a: Kommo-o|Draco Meteor|p1a: Toxapex\n|-activate|p1a: Toxapex|move: Protect\n|\n|-heal|p2a: Kommo-o|60\/100|[from] item: Leftovers\n|upkeep\n|inactive|Battle timer is ON: inactive players will automatically lose when time's up. (requested by DragonBoy44287)\n|\n|t:|1700100165\n|switch|p1b: Basculegion|Basculegion-F, F|100\/100\n|turn|5\n|\n|t:|1700100181\n|move|p2b: Oricorio|Revelation Dance|p1b: Basculegion\n|-supereffective|p1b: Basculegion\n|-damage|p1b: Basculegion|0 fnt\n|faint|p1b: Basculegion\n|move|p2a: Kommo-o|Clanging Scales|p1a: Toxapex\n|-damage|p1a: Toxapex|0 fnt\n|faint|p1a: Toxapex\n|-unboost|p2a: Kommo-o|def|1\n|\n|-heal|p2a: Kommo-o|66\/100|[from] item: Leftovers\n|upkeep\n|\n|t:|1700100191\n|switch|p1b: Ogerpon|Ogerpon-Wellspring, F|100\/100\n|turn|6\n|\n|t:|1700100205\n|-terastallize|p1b: Ogerpon|Water\n|detailschange|p1b: Ogerpon|Ogerpon-Wellspring-Tera, F, tera:Water\n|-ability|p1b: Ogerpon|Embody Aspect (Wellspring)|boost\n|-boost|p1b: Ogerpon|spd|1\n|move|p2b: Oricorio|Revelation Dance|p1b: Ogerpon\n|-supereffective|p1b: Ogerpon\n|-damage|p1b: Ogerpon|2\/100\n|move|p2a: Kommo-o|Clanging Scales|p1b: Ogerpon\n|-damage|p1b: Ogerpon|0 fnt\n|faint|p1b: Ogerpon\n|\n|win|GRIZZLYSRAGE\n|raw|DragonBoy44287's rating: 1000 &rarr; <strong>1000<\/strong><br \/>(+0 for losing)\n|raw|GRIZZLYSRAGE's rating: 1000 &rarr; <strong>1040<\/strong><br \/>(+40 for winning)\n|l|\u2606DragonBoy44287\n","uploadtime":1700100220,"views":8,"p1id":"dragonboy44287","p2id":"grizzlysrage","formatid":"gen9doublesou","rating":1000,"private":0,"password":""}