{"id":"gen9doublesou-1974275300","p1":"tu'ko delimo","p2":"hysali30","format":"[Gen 9] Doubles OU","log":"|j|\u2606tu'ko delimo\n|j|\u2606hysali30\n|t:|1698074021\n|gametype|doubles\n|player|p1|tu'ko delimo|iono|1116\n|player|p2|hysali30|dancer|1177\n|teamsize|p1|6\n|teamsize|p2|6\n|gen|9\n|tier|[Gen 9] Doubles OU\n|rated|\n|rule|Species Clause: Limit one of each Pok\u00e9mon\n|rule|OHKO Clause: OHKO moves are banned\n|rule|Evasion Moves Clause: Evasion moves are banned\n|rule|Gravity Sleep Clause: The combination of sleep-inducing moves with imperfect accuracy and Gravity or Gigantamax Orbeetle are banned\n|rule|Endless Battle Clause: Forcing endless battles is banned\n|rule|HP Percentage Mod: HP is shown in percentages\n|clearpoke\n|poke|p1|Kingambit, F|\n|poke|p1|Goodra-Hisui, F|\n|poke|p1|Gastrodon, F|\n|poke|p1|Ogerpon-Wellspring, F|\n|poke|p1|Ursaluna, F|\n|poke|p1|Meowscarada, F|\n|poke|p2|Abomasnow, F|\n|poke|p2|Froslass, F|\n|poke|p2|Articuno|\n|poke|p2|Glastrier|\n|poke|p2|Avalugg, M|\n|poke|p2|Beartic, M|\n|teampreview\n|inactive|Battle timer is ON: inactive players will automatically lose when time's up. (requested by hysali30)\n|inactive|tu'ko delimo also wants the timer to be on.\n|\n|t:|1698074041\n|start\n|switch|p1a: sik-em gerry|Goodra-Hisui, F|100\/100\n|switch|p1b: mish|Gastrodon, F|100\/100\n|switch|p2a: Articuno|Articuno|100\/100\n|switch|p2b: Abomasnow|Abomasnow, F|100\/100\n|-ability|p2a: Articuno|Pressure\n|-weather|Snow|[from] ability: Snow Warning|[of] p2b: Abomasnow\n|turn|1\n|\n|t:|1698074058\n|-terastallize|p1b: mish|Fire\n|move|p2a: Articuno|Freeze-Dry|p1b: mish\n|-resisted|p1b: mish\n|-damage|p1b: mish|82\/100\n|-damage|p2a: Articuno|91\/100|[from] item: Life Orb\n|move|p1a: sik-em gerry|Surf|p2a: Articuno|[spread] p2a,p2b\n|-ability|p1b: mish|Storm Drain|boost\n|-boost|p1b: mish|spa|1\n|-resisted|p2b: Abomasnow\n|-damage|p2a: Articuno|73\/100\n|-damage|p2b: Abomasnow|94\/100\n|move|p2b: Abomasnow|Earthquake|p1a: sik-em gerry|[spread] p1a,p1b\n|-immune|p2a: Articuno\n|-supereffective|p1a: sik-em gerry\n|-supereffective|p1b: mish\n|-damage|p1a: sik-em gerry|55\/100\n|-damage|p1b: mish|40\/100\n|-enditem|p1b: mish|Sitrus Berry|[eat]\n|-heal|p1b: mish|65\/100|[from] item: Sitrus Berry\n|move|p1b: mish|Ice Beam|p2a: Articuno\n|-damage|p2a: Articuno|41\/100\n|\n|-weather|Snow|[upkeep]\n|upkeep\n|turn|2\n|inactive|tu'ko delimo has 120 seconds left.\n|\n|t:|1698074093\n|move|p2a: Articuno|Hurricane|p1b: mish\n|-damage|p1b: mish|5\/100\n|-damage|p2a: Articuno|31\/100|[from] item: Life Orb\n|move|p1a: sik-em gerry|Surf|p2a: Articuno|[spread] p2a,p2b\n|-ability|p1b: mish|Storm Drain|boost\n|-boost|p1b: mish|spa|1\n|-resisted|p2b: Abomasnow\n|-damage|p2a: Articuno|15\/100\n|-damage|p2b: Abomasnow|87\/100\n|move|p2b: Abomasnow|Earthquake|p1a: sik-em gerry|[spread] p1a,p1b\n|-immune|p2a: Articuno\n|-supereffective|p1a: sik-em gerry\n|-supereffective|p1b: mish\n|-damage|p1a: sik-em gerry|8\/100\n|-damage|p1b: mish|0 fnt\n|faint|p1b: mish\n|\n|-weather|Snow|[upkeep]\n|upkeep\n|inactive|tu'ko delimo has 120 seconds left.\n|\n|t:|1698074106\n|switch|p1b: water tastes good|Ogerpon-Wellspring, F|100\/100\n|turn|3\n|\n|t:|1698074116\n|move|p2a: Articuno|Freeze-Dry|p1b: water tastes good\n|-supereffective|p1b: water tastes good\n|-damage|p1b: water tastes good|0 fnt\n|faint|p1b: water tastes good\n|-damage|p2a: Articuno|5\/100|[from] item: Life Orb\n|move|p2b: Abomasnow|Brick Break|p1a: sik-em gerry\n|-supereffective|p1a: sik-em gerry\n|-damage|p1a: sik-em gerry|0 fnt\n|-ability|p1a: sik-em gerry|Gooey\n|-unboost|p2b: Abomasnow|spe|1\n|faint|p1a: sik-em gerry\n|\n|-weather|Snow|[upkeep]\n|upkeep\n|\n|t:|1698074125\n|switch|p1b: Escanor|Ursaluna, F|100\/100\n|switch|p1a: more grass ass|Meowscarada, F|100\/100\n|turn|4\n|\n|t:|1698074141\n|switch|p1b: \"CHECKMATE\"|Kingambit, F|100\/100\n|move|p2b: Abomasnow|Ice Shard|p1a: more grass ass\n|-supereffective|p1a: more grass ass\n|-damage|p1a: more grass ass|43\/100\n|move|p1a: more grass ass|U-turn|p2b: Abomasnow\n|-start|p1a: more grass ass|typechange|Bug|[from] ability: Protean\n|-supereffective|p2b: Abomasnow\n|-damage|p2b: Abomasnow|15\/100\n|\n|t:|1698074150\n|switch|p1a: Escanor|Ursaluna, F|100\/100|[from] U-turn\n|move|p2a: Articuno|Blizzard|p1b: \"CHECKMATE\"|[spread] p1a,p1b\n|-supereffective|p1a: Escanor\n|-resisted|p1b: \"CHECKMATE\"\n|-damage|p1a: Escanor|36\/100\n|-damage|p1b: \"CHECKMATE\"|82\/100\n|-damage|p2a: Articuno|0 fnt|[from] item: Life Orb\n|faint|p2a: Articuno\n|\n|-weather|Snow|[upkeep]\n|-status|p1a: Escanor|brn|[from] item: Flame Orb\n|upkeep\n|\n|t:|1698074160\n|switch|p2a: Froslass|Froslass, F|100\/100\n|turn|5\n|\n|t:|1698074171\n|switch|p2b: Avalugg|Avalugg, M|100\/100\n|move|p1b: \"CHECKMATE\"|Sucker Punch|p2a: Froslass\n|-supereffective|p2a: Froslass\n|-damage|p2a: Froslass|30\/100\n|move|p2a: Froslass|Blizzard|p1a: Escanor|[spread] p1a,p1b\n|-supereffective|p1a: Escanor\n|-resisted|p1b: \"CHECKMATE\"\n|-damage|p1a: Escanor|0 fnt\n|-damage|p1b: \"CHECKMATE\"|65\/100\n|faint|p1a: Escanor\n|-damage|p2a: Froslass|20\/100|[from] item: Life Orb\n|\n|-weather|none\n|upkeep\n|\n|t:|1698074179\n|switch|p1a: more grass ass|Meowscarada, F|43\/100\n|turn|6\n|\n|t:|1698074190\n|move|p2a: Froslass|Protect|p2a: Froslass\n|-singleturn|p2a: Froslass|Protect\n|move|p1b: \"CHECKMATE\"|Sucker Punch||[still]\n|-fail|p1b: \"CHECKMATE\"\n|move|p1a: more grass ass|Flower Trick|p2b: Avalugg\n|-start|p1a: more grass ass|typechange|Grass|[from] ability: Protean\n|-crit|p2b: Avalugg\n|-damage|p2b: Avalugg|71\/100\n|move|p2b: Avalugg|Snowscape|p2b: Avalugg\n|-weather|Snow\n|\n|-weather|Snow|[upkeep]\n|-heal|p2b: Avalugg|77\/100|[from] ability: Ice Body\n|-heal|p2b: Avalugg|83\/100|[from] item: Leftovers\n|upkeep\n|turn|7\n|\n|t:|1698074207\n|move|p1b: \"CHECKMATE\"|Sucker Punch||[still]\n|-fail|p1b: \"CHECKMATE\"\n|move|p1a: more grass ass|Flower Trick|p2a: Froslass\n|-crit|p2a: Froslass\n|-damage|p2a: Froslass|0 fnt\n|faint|p2a: Froslass\n|move|p2b: Avalugg|Curse|p2b: Avalugg\n|-unboost|p2b: Avalugg|spe|1\n|-boost|p2b: Avalugg|atk|1\n|-boost|p2b: Avalugg|def|1\n|\n|-weather|Snow|[upkeep]\n|-heal|p2b: Avalugg|89\/100|[from] ability: Ice Body\n|-heal|p2b: Avalugg|95\/100|[from] item: Leftovers\n|upkeep\n|\n|t:|1698074218\n|switch|p2a: Glastrier|Glastrier|100\/100\n|turn|8\n|c|\u2606hysali30|Gg\n|\n|t:|1698074229\n|move|p1a: more grass ass|Flower Trick|p2a: Glastrier\n|-crit|p2a: Glastrier\n|-damage|p2a: Glastrier|65\/100\n|move|p1b: \"CHECKMATE\"|Poison Jab|p2b: Avalugg\n|-damage|p2b: Avalugg|90\/100\n|-status|p2b: Avalugg|psn\n|move|p2a: Glastrier|Body Press|p1b: \"CHECKMATE\"\n|-supereffective|p1b: \"CHECKMATE\"\n|-damage|p1b: \"CHECKMATE\"|0 fnt\n|faint|p1b: \"CHECKMATE\"\n|-ability|p2a: Glastrier|Chilling Neigh|boost\n|-boost|p2a: Glastrier|atk|1\n|move|p2b: Avalugg|Body Press|p1a: more grass ass\n|-damage|p1a: more grass ass|0 fnt\n|faint|p1a: more grass ass\n|\n|win|hysali30\n|raw|tu&apos;ko delimo's rating: 1116 &rarr; <strong>1095<\/strong><br \/>(-21 for losing)\n|raw|hysali30's rating: 1177 &rarr; <strong>1198<\/strong><br \/>(+21 for winning)\n|c|\u2606tu'ko delimo|gg\n|l|\u2606tu'ko delimo\n","uploadtime":1698074253,"views":24,"p1id":"tukodelimo","p2id":"hysali30","formatid":"gen9doublesou","rating":1095,"private":0,"password":""}