{"id":"gen9doublesou-1991521096","p1":"Elite.4.Challenger","p2":"Commonblue","format":"[Gen 9] Doubles OU","log":"|j|\u2606Elite.4.Challenger\n|j|\u2606Commonblue\n|t:|1700084565\n|gametype|doubles\n|player|p1|Elite.4.Challenger|koga|1351\n|player|p2|Commonblue|benga|1629\n|teamsize|p1|6\n|teamsize|p2|6\n|gen|9\n|tier|[Gen 9] Doubles OU\n|rated|\n|rule|Species Clause: Limit one of each Pok\u00e9mon\n|rule|OHKO Clause: OHKO moves are banned\n|rule|Evasion Moves Clause: Evasion moves are banned\n|rule|Gravity Sleep Clause: The combination of sleep-inducing moves with imperfect accuracy and Gravity or Gigantamax Orbeetle are banned\n|rule|Endless Battle Clause: Forcing endless battles is banned\n|rule|HP Percentage Mod: HP is shown in percentages\n|clearpoke\n|poke|p1|Zapdos|\n|poke|p1|Grimmsnarl, M|\n|poke|p1|Basculegion-F, F|\n|poke|p1|Goodra-Hisui, M|\n|poke|p1|Politoed, F|\n|poke|p1|Toxicroak, F|\n|poke|p2|Glimmora, M|\n|poke|p2|Chien-Pao|\n|poke|p2|Dragonite, M|\n|poke|p2|Flutter Mane|\n|poke|p2|Cresselia, F|\n|poke|p2|Landorus-Therian, M|\n|teampreview\n|\n|t:|1700084571\n|start\n|switch|p1a: Michael Phelps|Basculegion-F, F|100\/100\n|switch|p1b: Gollum|Grimmsnarl, M|100\/100\n|switch|p2a: Glimmora|Glimmora, M|100\/100\n|switch|p2b: Cresselia|Cresselia, F|100\/100\n|-item|p2a: Glimmora|Air Balloon\n|turn|1\n|\n|t:|1700084660\n|move|p1b: Gollum|Parting Shot|p2b: Cresselia\n|-unboost|p2b: Cresselia|atk|1\n|-unboost|p2b: Cresselia|spa|1\n|inactive|Battle timer is ON: inactive players will automatically lose when time's up. (requested by Elite.4.Challenger)\n|\n|t:|1700084663\n|switch|p1b: Kermit the Frog|Politoed, F|100\/100|[from] Parting Shot\n|-weather|RainDance|[from] ability: Drizzle|[of] p1b: Kermit the Frog\n|move|p1a: Michael Phelps|Surf|p2b: Cresselia|[spread] p1b,p2a,p2b\n|-resisted|p1b: Kermit the Frog\n|-supereffective|p2a: Glimmora\n|-damage|p1b: Kermit the Frog|76\/100\n|-damage|p2a: Glimmora|0 fnt\n|-damage|p2b: Cresselia|54\/100\n|-enditem|p2a: Glimmora|Air Balloon\n|faint|p2a: Glimmora\n|-enditem|p1b: Kermit the Frog|Eject Button\n|\n|t:|1700084674\n|switch|p1b: Kermit the Dawg|Toxicroak, F|100\/100\n|move|p2b: Cresselia|Icy Wind|p1a: Michael Phelps|[spread] p1a,p1b\n|-resisted|p1a: Michael Phelps\n|-damage|p1a: Michael Phelps|98\/100\n|-damage|p1b: Kermit the Dawg|93\/100\n|-unboost|p1a: Michael Phelps|spe|1\n|-unboost|p1b: Kermit the Dawg|spe|1\n|\n|-weather|RainDance|[upkeep]\n|-heal|p1b: Kermit the Dawg|100\/100|[from] ability: Dry Skin\n|-heal|p2b: Cresselia|60\/100|[from] item: Leftovers\n|upkeep\n|\n|t:|1700084687\n|switch|p2a: Flutter Mane|Flutter Mane|100\/100\n|-enditem|p2a: Flutter Mane|Booster Energy\n|-activate|p2a: Flutter Mane|ability: Protosynthesis|[fromitem]\n|-start|p2a: Flutter Mane|protosynthesisspe\n|turn|2\n|\n|t:|1700084695\n|move|p1b: Kermit the Dawg|Sucker Punch|p2a: Flutter Mane\n|-damage|p2a: Flutter Mane|32\/100\n|-damage|p1b: Kermit the Dawg|91\/100|[from] item: Life Orb\n|move|p2a: Flutter Mane|Hex|p1a: Michael Phelps\n|-supereffective|p1a: Michael Phelps\n|-damage|p1a: Michael Phelps|24\/100\n|move|p1a: Michael Phelps|Surf|p2a: Flutter Mane|[spread] p2a,p2b\n|-heal|p1b: Kermit the Dawg|100\/100|[from] ability: Dry Skin|[of] p1a: Michael Phelps\n|-damage|p2a: Flutter Mane|0 fnt\n|-damage|p2b: Cresselia|16\/100\n|faint|p2a: Flutter Mane\n|-end|p2a: Flutter Mane|Protosynthesis|[silent]\n|move|p2b: Cresselia|Psychic|p1b: Kermit the Dawg\n|-supereffective|p1b: Kermit the Dawg\n|-damage|p1b: Kermit the Dawg|0 fnt\n|faint|p1b: Kermit the Dawg\n|\n|-weather|RainDance|[upkeep]\n|-heal|p2b: Cresselia|22\/100|[from] item: Leftovers\n|upkeep\n|\n|t:|1700084717\n|switch|p2a: Landorus|Landorus-Therian, M|100\/100\n|switch|p1b: Big Bird|Zapdos|100\/100\n|-ability|p2a: Landorus|Intimidate|boost\n|-unboost|p1a: Michael Phelps|atk|1\n|-unboost|p1b: Big Bird|atk|1\n|turn|3\n|\n|t:|1700084733\n|switch|p1b: James Murray|Goodra-Hisui, M|100\/100\n|move|p2a: Landorus|Rock Slide|p1a: Michael Phelps|[spread] p1a,p1b\n|-resisted|p1b: James Murray\n|-damage|p1a: Michael Phelps|0 fnt\n|-damage|p1b: James Murray|91\/100\n|faint|p1a: Michael Phelps\n|move|p2b: Cresselia|Icy Wind|p1b: James Murray\n|-damage|p1b: James Murray|87\/100\n|-unboost|p1b: James Murray|spe|1\n|\n|-weather|RainDance|[upkeep]\n|-heal|p2b: Cresselia|28\/100|[from] item: Leftovers\n|upkeep\n|\n|t:|1700084752\n|switch|p1a: Gollum|Grimmsnarl, M|100\/100\n|turn|4\n|\n|t:|1700084760\n|switch|p2a: Dragonite|Dragonite, M|100\/100\n|move|p1a: Gollum|Fake Out|p2a: Dragonite\n|-damage|p2a: Dragonite|94\/100\n|move|p2b: Cresselia|Icy Wind|p1b: James Murray|[spread] p1a,p1b\n|-damage|p1a: Gollum|95\/100\n|-damage|p1b: James Murray|85\/100\n|-unboost|p1a: Gollum|spe|1\n|-unboost|p1b: James Murray|spe|1\n|move|p1b: James Murray|Acid Spray|p2a: Dragonite\n|-damage|p2a: Dragonite|84\/100\n|-unboost|p2a: Dragonite|spd|2\n|\n|-weather|RainDance|[upkeep]\n|-heal|p2b: Cresselia|35\/100|[from] item: Leftovers\n|upkeep\n|turn|5\n|\n|t:|1700084780\n|move|p1a: Gollum|Reflect|p1a: Gollum\n|-sidestart|p1: Elite.4.Challenger|Reflect\n|move|p2b: Cresselia|Lunar Blessing|p2b: Cresselia|[spread] p2a,p2b\n|-heal|p2a: Dragonite|100\/100\n|-heal|p2b: Cresselia|60\/100\n|move|p2a: Dragonite|Scale Shot|p1b: James Murray\n|-damage|p1b: James Murray|75\/100\n|-damage|p1b: James Murray|66\/100\n|-damage|p1b: James Murray|57\/100\n|-damage|p1b: James Murray|47\/100\n|-damage|p1b: James Murray|38\/100\n|-hitcount|p1b: James Murray|5\n|-unboost|p2a: Dragonite|def|1\n|-boost|p2a: Dragonite|spe|1\n|move|p1b: James Murray|Acid Spray|p2a: Dragonite\n|-damage|p2a: Dragonite|90\/100\n|-unboost|p2a: Dragonite|spd|2\n|\n|-weather|none\n|-heal|p2b: Cresselia|66\/100|[from] item: Leftovers\n|upkeep\n|turn|6\n|\n|t:|1700084809\n|move|p2a: Dragonite|Scale Shot|p1b: James Murray\n|-damage|p1b: James Murray|29\/100\n|-damage|p1b: James Murray|19\/100\n|-enditem|p1b: James Murray|Iapapa Berry|[eat]\n|-heal|p1b: James Murray|52\/100|[from] item: Iapapa Berry\n|-damage|p1b: James Murray|42\/100\n|-crit|p1b: James Murray\n|-damage|p1b: James Murray|21\/100\n|-hitcount|p1b: James Murray|4\n|-unboost|p2a: Dragonite|def|1\n|-boost|p2a: Dragonite|spe|1\n|move|p2b: Cresselia|Lunar Blessing|p2b: Cresselia|[spread] p2a,p2b\n|-heal|p2a: Dragonite|100\/100\n|-heal|p2b: Cresselia|91\/100\n|move|p1a: Gollum|Play Rough|p2a: Dragonite\n|-supereffective|p2a: Dragonite\n|-damage|p2a: Dragonite|10\/100\n|move|p1b: James Murray|Flash Cannon|p2a: Dragonite\n|-damage|p2a: Dragonite|0 fnt\n|faint|p2a: Dragonite\n|\n|-heal|p2b: Cresselia|97\/100|[from] item: Leftovers\n|upkeep\n|\n|t:|1700084823\n|switch|p2a: Landorus|Landorus-Therian, M|100\/100\n|-ability|p2a: Landorus|Intimidate|boost\n|-unboost|p1a: Gollum|atk|1\n|-unboost|p1b: James Murray|atk|1\n|turn|7\n|\n|t:|1700084843\n|move|p1a: Gollum|Parting Shot|p2a: Landorus\n|-unboost|p2a: Landorus|atk|1\n|-unboost|p2a: Landorus|spa|1\n|\n|t:|1700084847\n|switch|p1a: Kermit the Frog|Politoed, F|76\/100|[from] Parting Shot\n|-weather|RainDance|[from] ability: Drizzle|[of] p1a: Kermit the Frog\n|move|p2a: Landorus|Stomping Tantrum|p1b: James Murray\n|-supereffective|p1b: James Murray\n|-damage|p1b: James Murray|0 fnt\n|faint|p1b: James Murray\n|move|p2b: Cresselia|Icy Wind|p1a: Kermit the Frog\n|-resisted|p1a: Kermit the Frog\n|-damage|p1a: Kermit the Frog|74\/100\n|-unboost|p1a: Kermit the Frog|spe|1\n|\n|-weather|RainDance|[upkeep]\n|-heal|p2b: Cresselia|100\/100|[from] item: Leftovers\n|upkeep\n|\n|t:|1700084860\n|switch|p1b: Gollum|Grimmsnarl, M|95\/100\n|turn|8\n|\n|t:|1700084866\n|switch|p2a: Chien-Pao|Chien-Pao|100\/100\n|-ability|p2a: Chien-Pao|Sword of Ruin\n|move|p1b: Gollum|Fake Out|p2a: Chien-Pao\n|-damage|p2a: Chien-Pao|81\/100\n|move|p2b: Cresselia|Psychic|p1a: Kermit the Frog\n|-damage|p1a: Kermit the Frog|63\/100\n|-unboost|p1a: Kermit the Frog|spd|1\n|move|p1a: Kermit the Frog|Icy Wind|p2a: Chien-Pao|[spread] p2a,p2b\n|-resisted|p2a: Chien-Pao\n|-damage|p2a: Chien-Pao|74\/100\n|-damage|p2b: Cresselia|95\/100\n|-unboost|p2a: Chien-Pao|spe|1\n|-unboost|p2b: Cresselia|spe|1\n|\n|-weather|RainDance|[upkeep]\n|-heal|p2b: Cresselia|100\/100|[from] item: Leftovers\n|upkeep\n|turn|9\n|\n|t:|1700084884\n|move|p2a: Chien-Pao|Ice Spinner|p1b: Gollum\n|-damage|p1b: Gollum|55\/100\n|move|p1b: Gollum|Play Rough|p2a: Chien-Pao\n|-supereffective|p2a: Chien-Pao\n|-damage|p2a: Chien-Pao|0 fnt\n|faint|p2a: Chien-Pao\n|move|p2b: Cresselia|Psychic|p1a: Kermit the Frog\n|-damage|p1a: Kermit the Frog|47\/100\n|move|p1a: Kermit the Frog|Icy Wind|p2b: Cresselia\n|-damage|p2b: Cresselia|92\/100\n|-unboost|p2b: Cresselia|spe|1\n|\n|-weather|RainDance|[upkeep]\n|-heal|p2b: Cresselia|98\/100|[from] item: Leftovers\n|upkeep\n|\n|t:|1700084888\n|switch|p2a: Landorus|Landorus-Therian, M|100\/100\n|-ability|p2a: Landorus|Intimidate|boost\n|-unboost|p1a: Kermit the Frog|atk|1\n|-unboost|p1b: Gollum|atk|1\n|turn|10\n|-message|Commonblue forfeited.\n|\n|win|Elite.4.Challenger\n|raw|Elite.4.Challenger's rating: 1351 &rarr; <strong>1384<\/strong><br \/>(+33 for winning)\n|raw|Commonblue's rating: 1629 &rarr; <strong>1596<\/strong><br \/>(-33 for losing)\n|l|\u2606Commonblue\n|j| I like Glaceon yay\n|c| I like Glaceon yay|\u2026\n|c| I like Glaceon yay|1600\n|c| I like Glaceon yay|wow\n|c|\u2606Elite.4.Challenger|lol\n|c| I like Glaceon yay|?\n|c|\u2606Elite.4.Challenger|definitely saving this one\n|c| I like Glaceon yay|ye\n","uploadtime":1700085076,"views":20,"p1id":"elite4challenger","p2id":"commonblue","formatid":"gen9doublesou","rating":1384,"private":0,"password":""}