{"id":"gen9doublesou-1992900869","p1":"Wiccan-Kuro","p2":"cyberkitty02","format":"[Gen 9] Doubles OU","log":"|j|\u2606Wiccan-Kuro\n|j|\u2606cyberkitty02\n|t:|1700245208\n|gametype|doubles\n|player|p1|Wiccan-Kuro|wallace|\n|player|p2|cyberkitty02|marley|\n|teamsize|p1|6\n|teamsize|p2|6\n|gen|9\n|tier|[Gen 9] Doubles OU\n|rule|Species Clause: Limit one of each Pok\u00e9mon\n|rule|OHKO Clause: OHKO moves are banned\n|rule|Evasion Moves Clause: Evasion moves are banned\n|rule|Gravity Sleep Clause: The combination of sleep-inducing moves with imperfect accuracy and Gravity or Gigantamax Orbeetle are banned\n|rule|Endless Battle Clause: Forcing endless battles is banned\n|rule|HP Percentage Mod: HP is shown in percentages\n|clearpoke\n|poke|p1|Grafaiai, F|\n|poke|p1|Slaking, M|\n|poke|p1|Arcanine, F|\n|poke|p1|Arboliva, F|\n|poke|p1|Flutter Mane|\n|poke|p1|Dragonite, M|\n|poke|p2|Snorlax, F|\n|poke|p2|Greninja-*, F|\n|poke|p2|Iron Valiant|\n|poke|p2|Ceruledge, M|\n|poke|p2|Ditto|\n|poke|p2|Carbink|\n|teampreview\n|\n|t:|1700245238\n|start\n|switch|p1a: Grafaiai|Grafaiai, F|100\/100\n|switch|p1b: Slaking|Slaking, M|100\/100\n|switch|p2a: Carbink|Carbink|100\/100\n|switch|p2b: Ditto|Ditto|100\/100\n|-transform|p2b: Ditto|p1a: Grafaiai|[from] ability: Imposter\n|turn|1\n|inactive|Battle timer is ON: inactive players will automatically lose when time's up. (requested by Wiccan-Kuro)\n|c|\u2606Wiccan-Kuro|Prepare for some Slaking Gayming\n|c|\u2606Wiccan-Kuro|:)\n|inactive|cyberkitty02 has 270 seconds left.\n|\n|t:|1700245312\n|move|p2b: Ditto|Protect|p2b: Ditto\n|-singleturn|p2b: Ditto|Protect\n|move|p1a: Grafaiai|Doodle|p2a: Carbink\n|-endability|p1a: Grafaiai|Prankster|[from] move: Doodle\n|-ability|p1a: Grafaiai|Clear Body|[from] move: Doodle\n|-endability|p1b: Slaking|Truant|[from] move: Doodle\n|-ability|p1b: Slaking|Clear Body|[from] move: Doodle\n|move|p1b: Slaking|Bulk Up|p1b: Slaking\n|-boost|p1b: Slaking|atk|1\n|-boost|p1b: Slaking|def|1\n|move|p2a: Carbink|Ancient Power|p1b: Slaking\n|-damage|p1b: Slaking|89\/100\n|\n|upkeep\n|turn|2\n|\n|t:|1700245334\n|move|p2b: Ditto|Protect||[still]\n|-fail|p2b: Ditto\n|move|p1b: Slaking|Body Slam|p2a: Carbink\n|-resisted|p2a: Carbink\n|-damage|p2a: Carbink|72\/100\n|-status|p2a: Carbink|par\n|move|p1a: Grafaiai|Rain Dance|p1a: Grafaiai\n|-weather|RainDance\n|cant|p2a: Carbink|par\n|\n|-weather|RainDance|[upkeep]\n|upkeep\n|turn|3\n|inactive|cyberkitty02 has 270 seconds left.\n|\n|t:|1700245377\n|move|p2b: Ditto|Parting Shot|p1b: Slaking\n|-fail|p1b: Slaking|unboost|[from] ability: Clear Body|[of] p1b: Slaking\n|move|p1b: Slaking|Drain Punch|p2a: Carbink\n|-damage|p2a: Carbink|39\/100 par\n|-heal|p1b: Slaking|98\/100|[from] drain|[of] p2a: Carbink\n|move|p1a: Grafaiai|Parting Shot|p2a: Carbink\n|-fail|p2a: Carbink|unboost|[from] ability: Clear Body|[of] p2a: Carbink\n|move|p2a: Carbink|Giga Impact|p1b: Slaking\n|-damage|p1b: Slaking|88\/100\n|-mustrecharge|p2a: Carbink\n|\n|-weather|RainDance|[upkeep]\n|upkeep\n|turn|4\n|inactive|cyberkitty02 has 270 seconds left.\n|\n|t:|1700245397\n|move|p2b: Ditto|Parting Shot|p1a: Grafaiai\n|-fail|p1a: Grafaiai|unboost|[from] ability: Clear Body|[of] p1a: Grafaiai\n|move|p1b: Slaking|Bulk Up|p1b: Slaking\n|-boost|p1b: Slaking|atk|1\n|-boost|p1b: Slaking|def|1\n|move|p1a: Grafaiai|Parting Shot|p2b: Ditto\n|-unboost|p2b: Ditto|atk|1\n|-unboost|p2b: Ditto|spa|1\n|\n|t:|1700245409\n|switch|p1a: Dragonite|Dragonite, M|100\/100|[from] Parting Shot\n|cant|p2a: Carbink|recharge\n|\n|-weather|RainDance|[upkeep]\n|upkeep\n|turn|5\n|\n|t:|1700245432\n|move|p2b: Ditto|Protect|p2b: Ditto\n|-singleturn|p2b: Ditto|Protect\n|move|p2a: Carbink|Protect|p2a: Carbink\n|-singleturn|p2a: Carbink|Protect\n|move|p1b: Slaking|Sucker Punch||[still]\n|-fail|p1b: Slaking\n|move|p1a: Dragonite|Aqua Jet|p2b: Ditto\n|-activate|p2b: Ditto|move: Protect\n|\n|-weather|RainDance|[upkeep]\n|upkeep\n|turn|6\n|\n|t:|1700245449\n|move|p2b: Ditto|Protect||[still]\n|-fail|p2b: Ditto\n|move|p2a: Carbink|Protect||[still]\n|-fail|p2a: Carbink\n|move|p1a: Dragonite|Aqua Jet|p2a: Carbink\n|-supereffective|p2a: Carbink\n|-damage|p2a: Carbink|0 fnt\n|faint|p2a: Carbink\n|-damage|p1a: Dragonite|91\/100|[from] item: Life Orb\n|move|p1b: Slaking|Drain Punch|p2b: Ditto\n|-damage|p2b: Ditto|22\/100\n|-heal|p1b: Slaking|100\/100|[from] drain|[of] p2b: Ditto\n|\n|-weather|none\n|-heal|p2b: Ditto|28\/100|[from] item: Leftovers\n|upkeep\n|inactive|cyberkitty02 has 270 seconds left.\n|\n|t:|1700245472\n|switch|p2a: Greninja|Greninja, F|100\/100\n|turn|7\n|\n|t:|1700245494\n|move|p2b: Ditto|Rain Dance|p2b: Ditto\n|-weather|RainDance\n|move|p2a: Greninja|Switcheroo|p1a: Dragonite\n|-activate|p2a: Greninja|move: Trick|[of] p1a: Dragonite\n|-item|p1a: Dragonite|Black Sludge|[from] move: Switcheroo\n|-item|p2a: Greninja|Life Orb|[from] move: Switcheroo\n|move|p1b: Slaking|Drain Punch|p2b: Ditto\n|-crit|p2b: Ditto\n|-damage|p2b: Ditto|0 fnt\n|faint|p2b: Ditto\n|move|p1a: Dragonite|Iron Head|p2a: Greninja\n|-resisted|p2a: Greninja\n|-damage|p2a: Greninja|76\/100\n|\n|-weather|RainDance|[upkeep]\n|-damage|p1a: Dragonite|78\/100|[from] item: Black Sludge\n|upkeep\n|inactive|cyberkitty02 has 270 seconds left.\n|\n|t:|1700245517\n|switch|p2b: Iron Valiant|Iron Valiant|100\/100\n|turn|8\n|inactive|cyberkitty02 has 270 seconds left.\n|\n|t:|1700245543\n|move|p1a: Dragonite|Aqua Jet|p2b: Iron Valiant\n|-damage|p2b: Iron Valiant|67\/100\n|move|p1b: Slaking|Drain Punch|p2a: Greninja\n|-supereffective|p2a: Greninja\n|-damage|p2a: Greninja|0 fnt\n|faint|p2a: Greninja\n|move|p2b: Iron Valiant|Future Sight|p1b: Slaking\n|-start|p2b: Iron Valiant|move: Future Sight\n|\n|-weather|RainDance|[upkeep]\n|-damage|p1a: Dragonite|66\/100|[from] item: Black Sludge\n|upkeep\n|\n|t:|1700245556\n|switch|p2a: Snorlax|Snorlax, F|100\/100\n|turn|9\n|inactive|cyberkitty02 has 270 seconds left.\n|\n|t:|1700245580\n|move|p1a: Dragonite|Extreme Speed|p2b: Iron Valiant\n|-damage|p2b: Iron Valiant|29\/100\n|move|p1b: Slaking|Drain Punch|p2a: Snorlax\n|-supereffective|p2a: Snorlax\n|-damage|p2a: Snorlax|23\/100\n|-damage|p1b: Slaking|84\/100|[from] item: Rocky Helmet|[of] p2a: Snorlax\n|move|p2b: Iron Valiant|Hyper Beam|p1b: Slaking\n|-damage|p1b: Slaking|33\/100\n|-mustrecharge|p2b: Iron Valiant\n|move|p2a: Snorlax|Yawn|p1b: Slaking\n|-start|p1b: Slaking|move: Yawn|[of] p2a: Snorlax\n|\n|-weather|RainDance|[upkeep]\n|-damage|p1a: Dragonite|53\/100|[from] item: Black Sludge\n|upkeep\n|turn|10\n|inactive|cyberkitty02 has 270 seconds left.\n|\n|t:|1700245602\n|move|p1b: Slaking|Drain Punch|p2a: Snorlax\n|-supereffective|p2a: Snorlax\n|-damage|p2a: Snorlax|0 fnt\n|-heal|p1b: Slaking|45\/100|[from] drain|[of] p2a: Snorlax\n|-damage|p1b: Slaking|29\/100|[from] item: Rocky Helmet|[of] p2a: Snorlax\n|faint|p2a: Snorlax\n|cant|p2b: Iron Valiant|recharge\n|move|p1a: Dragonite|Iron Head|p2b: Iron Valiant\n|-supereffective|p2b: Iron Valiant\n|-damage|p2b: Iron Valiant|0 fnt\n|faint|p2b: Iron Valiant\n|-end|p2b: Iron Valiant|Quark Drive|[silent]\n|\n|-weather|RainDance|[upkeep]\n|-end|p1b: Slaking|move: Future Sight\n|-damage|p1b: Slaking|0 fnt\n|faint|p1b: Slaking\n|-damage|p1a: Dragonite|41\/100|[from] item: Black Sludge\n|upkeep\n|inactive|cyberkitty02 has 270 seconds left.\n|\n|t:|1700245629\n|switch|p1b: Grafaiai|Grafaiai, F|100\/100\n|switch|p2b: Ceruledge|Ceruledge, M|100\/100\n|turn|11\n|\n|t:|1700245637\n|move|p1b: Grafaiai|Protect|p1b: Grafaiai\n|-singleturn|p1b: Grafaiai|Protect\n|move|p1a: Dragonite|Aqua Jet|p2b: Ceruledge\n|-supereffective|p2b: Ceruledge\n|-damage|p2b: Ceruledge|34\/100\n|move|p2b: Ceruledge|Rest|p2b: Ceruledge\n|-status|p2b: Ceruledge|slp|[from] move: Rest\n|-heal|p2b: Ceruledge|100\/100 slp|[silent]\n|\n|-weather|none\n|-damage|p1a: Dragonite|28\/100|[from] item: Black Sludge\n|upkeep\n|turn|12\n|\n|t:|1700245651\n|move|p1b: Grafaiai|Rain Dance|p1b: Grafaiai\n|-weather|RainDance\n|move|p1a: Dragonite|Aqua Jet|p2b: Ceruledge\n|-supereffective|p2b: Ceruledge\n|-damage|p2b: Ceruledge|35\/100 slp\n|cant|p2b: Ceruledge|slp\n|move|p2b: Ceruledge|Sleep Talk|p2b: Ceruledge\n|move|p2b: Ceruledge|Flare Blitz|p1a: Dragonite|[from]move: Sleep Talk\n|-resisted|p1a: Dragonite\n|-damage|p1a: Dragonite|14\/100\n|-damage|p2b: Ceruledge|28\/100 slp|[from] Recoil\n|\n|-weather|RainDance|[upkeep]\n|-damage|p1a: Dragonite|1\/100|[from] item: Black Sludge\n|upkeep\n|turn|13\n|\n|t:|1700245676\n|move|p1b: Grafaiai|Protect|p1b: Grafaiai\n|-singleturn|p1b: Grafaiai|Protect\n|move|p1a: Dragonite|Aqua Jet|p2b: Ceruledge\n|-supereffective|p2b: Ceruledge\n|-damage|p2b: Ceruledge|0 fnt\n|faint|p2b: Ceruledge\n|\n|win|Wiccan-Kuro\n","uploadtime":1700245734,"views":18,"p1id":"wiccankuro","p2id":"cyberkitty02","formatid":"gen9doublesou","rating":0,"private":0,"password":""}