{"id":"gen9doublesou-1981406862","p1":"Kingnick0825","p2":"AzureDemonKing","format":"[Gen 9] Doubles OU","log":"|j|\u2606Kingnick0825\n|j|\u2606AzureDemonKing\n|t:|1698892335\n|gametype|doubles\n|player|p1|Kingnick0825|steven|1283\n|player|p2|AzureDemonKing|cynthia-gen4|1323\n|teamsize|p1|6\n|teamsize|p2|6\n|gen|9\n|tier|[Gen 9] Doubles OU\n|rated|\n|rule|Species Clause: Limit one of each Pok\u00e9mon\n|rule|OHKO Clause: OHKO moves are banned\n|rule|Evasion Moves Clause: Evasion moves are banned\n|rule|Gravity Sleep Clause: The combination of sleep-inducing moves with imperfect accuracy and Gravity or Gigantamax Orbeetle are banned\n|rule|Endless Battle Clause: Forcing endless battles is banned\n|rule|HP Percentage Mod: HP is shown in percentages\n|clearpoke\n|poke|p1|Chi-Yu|\n|poke|p1|Quaquaval, F|\n|poke|p1|Roaring Moon|\n|poke|p1|Clodsire, F|\n|poke|p1|Iron Valiant|\n|poke|p1|Rotom-Fan|\n|poke|p2|Raichu, F|\n|poke|p2|Ogerpon-Hearthflame, F|\n|poke|p2|Dragonite, M|\n|poke|p2|Samurott-Hisui, M|\n|poke|p2|Cresselia, F|\n|poke|p2|Empoleon, F|\n|teampreview\n|inactive|Battle timer is ON: inactive players will automatically lose when time's up. (requested by AzureDemonKing)\n|\n|t:|1698892345\n|start\n|switch|p1a: Clodsire|Clodsire, F|100\/100\n|switch|p1b: Rotom|Rotom-Fan|100\/100\n|switch|p2a: Raichu|Raichu, F|100\/100\n|switch|p2b: Samurott|Samurott-Hisui, M|100\/100\n|turn|1\n|\n|t:|1698892362\n|move|p1b: Rotom|Protect|p1b: Rotom\n|-singleturn|p1b: Rotom|Protect\n|move|p2a: Raichu|Fake Out|p1b: Rotom\n|-activate|p1b: Rotom|move: Protect\n|move|p2b: Samurott|Knock Off|p1a: Clodsire\n|-damage|p1a: Clodsire|57\/100\n|-enditem|p1a: Clodsire|Aguav Berry|[from] move: Knock Off|[of] p2b: Samurott\n|move|p1a: Clodsire|Earthquake|p2b: Samurott|[spread] p2a,p2b\n|-activate|p1b: Rotom|move: Protect\n|-supereffective|p2a: Raichu\n|-enditem|p2a: Raichu|Focus Sash\n|-damage|p2a: Raichu|1\/100\n|-damage|p2b: Samurott|67\/100\n|\n|upkeep\n|turn|2\n|\n|t:|1698892383\n|move|p2a: Raichu|Volt Switch|p1b: Rotom\n|-damage|p1b: Rotom|68\/100\n|\n|t:|1698892387\n|switch|p2a: Cresselia|Cresselia, F|100\/100|[from] Volt Switch\n|move|p1b: Rotom|Air Slash|p2b: Samurott\n|-damage|p2b: Samurott|22\/100\n|move|p2b: Samurott|Ceaseless Edge|p1a: Clodsire\n|-damage|p1a: Clodsire|9\/100\n|-sidestart|p1: Kingnick0825|Spikes\n|move|p1a: Clodsire|Earthquake|p2b: Samurott|[spread] p2b\n|-immune|p1b: Rotom\n|-immune|p2a: Cresselia|[from] ability: Levitate\n|-damage|p2b: Samurott|0 fnt\n|faint|p2b: Samurott\n|\n|-heal|p1b: Rotom|74\/100|[from] item: Leftovers\n|upkeep\n|\n|t:|1698892403\n|switch|p2b: Ogerpon|Ogerpon-Hearthflame, F|100\/100\n|-ability|p2b: Ogerpon|Mold Breaker\n|turn|3\n|\n|t:|1698892419\n|move|p2b: Ogerpon|U-turn|p1a: Clodsire\n|-resisted|p1a: Clodsire\n|-damage|p1a: Clodsire|0 fnt\n|faint|p1a: Clodsire\n|\n|t:|1698892425\n|switch|p2b: Empoleon|Empoleon, F|100\/100|[from] U-turn\n|move|p1b: Rotom|Air Slash|p2b: Empoleon\n|-resisted|p2b: Empoleon\n|-damage|p2b: Empoleon|88\/100\n|move|p2a: Cresselia|Icy Wind|p1b: Rotom\n|-supereffective|p1b: Rotom\n|-damage|p1b: Rotom|47\/100\n|-unboost|p1b: Rotom|spe|1\n|\n|-heal|p1b: Rotom|53\/100|[from] item: Leftovers\n|upkeep\n|\n|t:|1698892444\n|switch|p1a: Chi-Yu|Chi-Yu|100\/100\n|-damage|p1a: Chi-Yu|88\/100|[from] Spikes\n|-ability|p1a: Chi-Yu|Beads of Ruin\n|turn|4\n|\n|t:|1698892454\n|move|p1a: Chi-Yu|Protect|p1a: Chi-Yu\n|-singleturn|p1a: Chi-Yu|Protect\n|move|p2a: Cresselia|Thunder Wave|p1a: Chi-Yu\n|-activate|p1a: Chi-Yu|move: Protect\n|move|p1b: Rotom|Discharge|p2a: Cresselia|[spread] p2a,p2b\n|-activate|p1a: Chi-Yu|move: Protect\n|-supereffective|p2b: Empoleon\n|-damage|p2a: Cresselia|79\/100\n|-damage|p2b: Empoleon|31\/100\n|-status|p2a: Cresselia|par\n|-enditem|p2b: Empoleon|Weakness Policy\n|-boost|p2b: Empoleon|atk|2|[from] item: Weakness Policy\n|-boost|p2b: Empoleon|spa|2|[from] item: Weakness Policy\n|move|p2b: Empoleon|Ice Beam|p1b: Rotom\n|-supereffective|p1b: Rotom\n|-damage|p1b: Rotom|0 fnt\n|faint|p1b: Rotom\n|\n|-heal|p1a: Chi-Yu|94\/100|[from] item: Leftovers\n|-heal|p2a: Cresselia|85\/100 par|[from] item: Leftovers\n|upkeep\n|\n|t:|1698892472\n|switch|p1b: Iron Valiant|Iron Valiant|100\/100\n|-damage|p1b: Iron Valiant|88\/100|[from] Spikes\n|turn|5\n|\n|t:|1698892483\n|move|p1b: Iron Valiant|Aura Sphere|p2b: Empoleon\n|-supereffective|p2b: Empoleon\n|-damage|p2b: Empoleon|0 fnt\n|faint|p2b: Empoleon\n|move|p1a: Chi-Yu|Dark Pulse|p2a: Cresselia\n|-supereffective|p2a: Cresselia\n|-damage|p2a: Cresselia|25\/100 par\n|move|p2a: Cresselia|Thunder Wave|p1a: Chi-Yu|[miss]\n|-miss|p2a: Cresselia|p1a: Chi-Yu\n|\n|-heal|p1a: Chi-Yu|99\/100|[from] item: Leftovers\n|-heal|p2a: Cresselia|31\/100 par|[from] item: Leftovers\n|upkeep\n|\n|t:|1698892487\n|switch|p2b: Raichu|Raichu, F|1\/100\n|turn|6\n|\n|t:|1698892504\n|move|p2b: Raichu|Fake Out|p1b: Iron Valiant\n|-damage|p1b: Iron Valiant|80\/100\n|cant|p1b: Iron Valiant|flinch\n|move|p1a: Chi-Yu|Heat Wave|p2a: Cresselia|[spread] p2a\n|-miss|p1a: Chi-Yu|p2b: Raichu\n|-damage|p2a: Cresselia|5\/100 par\n|move|p2a: Cresselia|Thunder Wave|p2b: Raichu\n|-activate|p2b: Raichu|ability: Lightning Rod\n|-ability|p2b: Raichu|Lightning Rod|boost\n|-boost|p2b: Raichu|spa|1\n|\n|-heal|p1a: Chi-Yu|100\/100|[from] item: Leftovers\n|-heal|p2a: Cresselia|11\/100 par|[from] item: Leftovers\n|upkeep\n|turn|7\n|\n|t:|1698892523\n|move|p2b: Raichu|Nuzzle|p1b: Iron Valiant\n|-damage|p1b: Iron Valiant|74\/100\n|-status|p1b: Iron Valiant|par\n|move|p1a: Chi-Yu|Heat Wave|p2b: Raichu|[spread] p2a,p2b\n|-damage|p2a: Cresselia|0 fnt\n|-damage|p2b: Raichu|0 fnt\n|faint|p2a: Cresselia\n|faint|p2b: Raichu\n|move|p1b: Iron Valiant|Dazzling Gleam|p2: Cresselia|[notarget]\n|-fail|p1b: Iron Valiant\n|\n|upkeep\n|\n|t:|1698892528\n|switch|p2b: Dragonite|Dragonite, M|100\/100\n|switch|p2a: Ogerpon|Ogerpon-Hearthflame, F|100\/100\n|-ability|p2a: Ogerpon|Mold Breaker\n|turn|8\n|\n|t:|1698892544\n|-terastallize|p2b: Dragonite|Normal\n|move|p1a: Chi-Yu|Protect|p1a: Chi-Yu\n|-singleturn|p1a: Chi-Yu|Protect\n|move|p2a: Ogerpon|Ivy Cudgel|p1b: Iron Valiant\n|-damage|p1b: Iron Valiant|4\/100 par\n|move|p2b: Dragonite|Dragon Dance|p2b: Dragonite\n|-boost|p2b: Dragonite|atk|1\n|-boost|p2b: Dragonite|spe|1\n|move|p1b: Iron Valiant|Icy Wind|p2a: Ogerpon|[spread] p2a,p2b\n|-damage|p2a: Ogerpon|81\/100\n|-damage|p2b: Dragonite|92\/100\n|-unboost|p2a: Ogerpon|spe|1\n|-unboost|p2b: Dragonite|spe|1\n|\n|upkeep\n|turn|9\n|\n|t:|1698892572\n|-terastallize|p1b: Iron Valiant|Ghost\n|move|p2b: Dragonite|Extreme Speed|p1a: Chi-Yu\n|-damage|p1a: Chi-Yu|0 fnt\n|faint|p1a: Chi-Yu\n|move|p2a: Ogerpon|Ivy Cudgel|p1b: Iron Valiant\n|-damage|p1b: Iron Valiant|0 fnt\n|faint|p1b: Iron Valiant\n|-end|p1b: Iron Valiant|Quark Drive|[silent]\n|\n|upkeep\n|\n|t:|1698892577\n|switch|p1b: Roaring Moon|Roaring Moon|100\/100\n|switch|p1a: Quaquaval|Quaquaval, F|100\/100\n|-damage|p1b: Roaring Moon|88\/100|[from] Spikes\n|-enditem|p1b: Roaring Moon|Booster Energy\n|-activate|p1b: Roaring Moon|ability: Protosynthesis|[fromitem]\n|-start|p1b: Roaring Moon|protosynthesisspe\n|turn|10\n|\n|t:|1698892591\n|move|p2b: Dragonite|Extreme Speed|p1b: Roaring Moon\n|-damage|p1b: Roaring Moon|29\/100\n|move|p1b: Roaring Moon|Crunch|p2a: Ogerpon\n|-damage|p2a: Ogerpon|30\/100\n|-unboost|p2a: Ogerpon|def|1\n|move|p2a: Ogerpon|Horn Leech|p1a: Quaquaval\n|-supereffective|p1a: Quaquaval\n|-damage|p1a: Quaquaval|10\/100\n|-heal|p2a: Ogerpon|81\/100|[from] drain|[of] p1a: Quaquaval\n|move|p1a: Quaquaval|Brick Break|p2b: Dragonite\n|-supereffective|p2b: Dragonite\n|-crit|p2b: Dragonite\n|-damage|p2b: Dragonite|0 fnt\n|faint|p2b: Dragonite\n|-ability|p1a: Quaquaval|Moxie|boost\n|-boost|p1a: Quaquaval|atk|1\n|\n|upkeep\n|turn|11\n|\n|t:|1698892609\n|move|p1b: Roaring Moon|Crunch|p2a: Ogerpon\n|-damage|p2a: Ogerpon|5\/100\n|-unboost|p2a: Ogerpon|def|1\n|move|p2a: Ogerpon|Ivy Cudgel|p1b: Roaring Moon\n|-resisted|p1b: Roaring Moon\n|-damage|p1b: Roaring Moon|3\/100\n|move|p1a: Quaquaval|Roost|p1a: Quaquaval\n|-heal|p1a: Quaquaval|60\/100\n|-singleturn|p1a: Quaquaval|move: Roost\n|\n|upkeep\n|turn|12\n|\n|t:|1698892625\n|move|p1b: Roaring Moon|Crunch|p2a: Ogerpon\n|-damage|p2a: Ogerpon|0 fnt\n|faint|p2a: Ogerpon\n|\n|win|Kingnick0825\n|raw|Kingnick0825's rating: 1283 &rarr; <strong>1311<\/strong><br \/>(+28 for winning)\n|raw|AzureDemonKing's rating: 1323 &rarr; <strong>1301<\/strong><br \/>(-22 for losing)\n|l|\u2606AzureDemonKing\n","uploadtime":1698892636,"views":23,"p1id":"kingnick0825","p2id":"azuredemonking","formatid":"gen9doublesou","rating":1301,"private":0,"password":""}