{"id":"gen9doublesou-1982991439","p1":"EmeraldAggoen","p2":"trump43200","format":"[Gen 9] Doubles OU","log":"|j|\u2606EmeraldAggoen\n|j|\u2606trump43200\n|t:|1699067169\n|gametype|doubles\n|player|p1|EmeraldAggoen|acetrainer|1472\n|player|p2|trump43200|266|1460\n|teamsize|p1|6\n|teamsize|p2|6\n|gen|9\n|tier|[Gen 9] Doubles OU\n|rated|\n|rule|Species Clause: Limit one of each Pok\u00e9mon\n|rule|OHKO Clause: OHKO moves are banned\n|rule|Evasion Moves Clause: Evasion moves are banned\n|rule|Gravity Sleep Clause: The combination of sleep-inducing moves with imperfect accuracy and Gravity or Gigantamax Orbeetle are banned\n|rule|Endless Battle Clause: Forcing endless battles is banned\n|rule|HP Percentage Mod: HP is shown in percentages\n|clearpoke\n|poke|p1|Wyrdeer, F|\n|poke|p1|Empoleon, F|\n|poke|p1|Chi-Yu|\n|poke|p1|Chien-Pao|\n|poke|p1|Iron Hands|\n|poke|p1|Ogerpon-Cornerstone, F|\n|poke|p2|Articuno-Galar|\n|poke|p2|Chien-Pao|\n|poke|p2|Tornadus, M|\n|poke|p2|Wyrdeer, M|\n|poke|p2|Dragonite, F|\n|poke|p2|Indeedee-F, F|\n|teampreview\n|inactive|Battle timer is ON: inactive players will automatically lose when time's up. (requested by trump43200)\n|\n|t:|1699067193\n|start\n|switch|p1a: Empoleon|Empoleon, F|100\/100\n|switch|p1b: Iron Hands|Iron Hands|100\/100\n|switch|p2a: Articuno|Articuno-Galar, shiny|100\/100\n|switch|p2b: Wyrdeer|Wyrdeer, M, shiny|100\/100\n|-ability|p2b: Wyrdeer|Intimidate|boost\n|-unboost|p1a: Empoleon|atk|1\n|-ability|p1a: Empoleon|Competitive|boost\n|-boost|p1a: Empoleon|spa|2\n|-enditem|p1a: Empoleon|Adrenaline Orb\n|-boost|p1a: Empoleon|spe|1|[from] item: Adrenaline Orb\n|-unboost|p1b: Iron Hands|atk|1\n|turn|1\n|\n|t:|1699067218\n|move|p1b: Iron Hands|Fake Out|p2b: Wyrdeer\n|-damage|p2b: Wyrdeer|90\/100\n|move|p1a: Empoleon|Ice Beam|p2a: Articuno\n|-supereffective|p2a: Articuno\n|-damage|p2a: Articuno|0 fnt\n|faint|p2a: Articuno\n|cant|p2b: Wyrdeer|flinch\n|\n|upkeep\n|inactive|trump43200 has 120 seconds left.\n|\n|t:|1699067243\n|switch|p2a: Indeedee|Indeedee-F, F, shiny|100\/100\n|-fieldstart|move: Psychic Terrain|[from] ability: Psychic Surge|[of] p2a: Indeedee\n|turn|2\n|inactive|trump43200 has 120 seconds left.\n|\n|t:|1699067267\n|move|p1a: Empoleon|Water Pledge|p2b: Wyrdeer\n|-damage|p2b: Wyrdeer|17\/100\n|move|p2a: Indeedee|Psych Up|p1a: Empoleon\n|-copyboost|p2a: Indeedee|p1a: Empoleon|[from] move: Psych Up\n|move|p2b: Wyrdeer|Skill Swap|p1a: Empoleon\n|-activate|p2b: Wyrdeer|move: Skill Swap|Competitive|Intimidate|[of] p1a: Empoleon\n|-ability|p1a: Empoleon|Intimidate|boost\n|-unboost|p2a: Indeedee|atk|1\n|-unboost|p2b: Wyrdeer|atk|1\n|-ability|p2b: Wyrdeer|Competitive|boost\n|-boost|p2b: Wyrdeer|spa|2\n|move|p1b: Iron Hands|Drain Punch|p2b: Wyrdeer\n|-crit|p2b: Wyrdeer\n|-damage|p2b: Wyrdeer|0 fnt\n|faint|p2b: Wyrdeer\n|\n|upkeep\n|inactive|trump43200 has 120 seconds left.\n|\n|t:|1699067299\n|switch|p2b: Chien-Pao|Chien-Pao|100\/100\n|-ability|p2b: Chien-Pao|Sword of Ruin\n|turn|3\n|\n|t:|1699067307\n|move|p1a: Empoleon|Protect|p1a: Empoleon\n|-singleturn|p1a: Empoleon|Protect\n|move|p2b: Chien-Pao|Sacred Sword|p1a: Empoleon\n|-activate|p1a: Empoleon|move: Protect\n|move|p2a: Indeedee|Psychic|p1b: Iron Hands\n|-supereffective|p1b: Iron Hands\n|-damage|p1b: Iron Hands|0 fnt\n|faint|p1b: Iron Hands\n|-end|p1b: Iron Hands|Quark Drive|[silent]\n|\n|upkeep\n|inactive|EmeraldAggoen has 120 seconds left.\n|\n|t:|1699067349\n|switch|p1b: Chi-Yu|Chi-Yu|100\/100\n|-ability|p1b: Chi-Yu|Beads of Ruin\n|turn|4\n|\n|t:|1699067371\n|-terastallize|p1a: Empoleon|Grass\n|move|p2b: Chien-Pao|Sacred Sword|p1b: Chi-Yu\n|-supereffective|p1b: Chi-Yu\n|-enditem|p1b: Chi-Yu|Focus Sash\n|-damage|p1b: Chi-Yu|1\/100\n|move|p1a: Empoleon|Flash Cannon|p2b: Chien-Pao\n|-supereffective|p2b: Chien-Pao\n|-enditem|p2b: Chien-Pao|Focus Sash\n|-damage|p2b: Chien-Pao|1\/100\n|move|p1b: Chi-Yu|Snarl|p2a: Indeedee|[spread] p2a\n|-miss|p1b: Chi-Yu|p2b: Chien-Pao\n|-supereffective|p2a: Indeedee\n|-damage|p2a: Indeedee|45\/100\n|-unboost|p2a: Indeedee|spa|1\n|-enditem|p2a: Indeedee|Sitrus Berry|[eat]\n|-heal|p2a: Indeedee|70\/100|[from] item: Sitrus Berry\n|move|p2a: Indeedee|Psychic|p1a: Empoleon\n|-damage|p1a: Empoleon|6\/100\n|\n|upkeep\n|turn|5\n|inactive|EmeraldAggoen has 120 seconds left.\n|inactive|trump43200 has 120 seconds left.\n|inactive|EmeraldAggoen has 90 seconds left.\n|\n|t:|1699067439\n|move|p1a: Empoleon|Protect|p1a: Empoleon\n|-singleturn|p1a: Empoleon|Protect\n|move|p1b: Chi-Yu|Protect|p1b: Chi-Yu\n|-singleturn|p1b: Chi-Yu|Protect\n|move|p2a: Indeedee|Follow Me|p2a: Indeedee\n|-singleturn|p2a: Indeedee|move: Follow Me\n|move|p2b: Chien-Pao|Sacred Sword|p1b: Chi-Yu\n|-activate|p1b: Chi-Yu|move: Protect\n|\n|upkeep\n|turn|6\n|inactive|trump43200 has 120 seconds left.\n|\n|t:|1699067462\n|switch|p2b: Tornadus|Tornadus, M|100\/100\n|move|p1a: Empoleon|Water Pledge|p2a: Indeedee\n|-damage|p2a: Indeedee|0 fnt\n|faint|p2a: Indeedee\n|move|p1b: Chi-Yu|Snarl|p2b: Tornadus\n|-crit|p2b: Tornadus\n|-damage|p2b: Tornadus|23\/100\n|-unboost|p2b: Tornadus|spa|1\n|\n|-fieldend|move: Psychic Terrain\n|upkeep\n|\n|t:|1699067475\n|switch|p2a: Chien-Pao|Chien-Pao|1\/100\n|-ability|p2a: Chien-Pao|Sword of Ruin\n|turn|7\n|inactive|EmeraldAggoen has 120 seconds left.\n|inactive|trump43200 has 120 seconds left.\n|\n|t:|1699067501\n|move|p2a: Chien-Pao|Sacred Sword|p1b: Chi-Yu\n|-supereffective|p1b: Chi-Yu\n|-damage|p1b: Chi-Yu|0 fnt\n|faint|p1b: Chi-Yu\n|move|p1a: Empoleon|Water Pledge|p2b: Tornadus\n|-damage|p2b: Tornadus|0 fnt\n|faint|p2b: Tornadus\n|\n|upkeep\n|\n|t:|1699067510\n|switch|p2b: Dragonite|Dragonite, F, shiny|100\/100\n|switch|p1b: Chien-Pao|Chien-Pao|100\/100\n|-ability|p1b: Chien-Pao|Sword of Ruin\n|turn|8\n|-message|trump43200 forfeited.\n|\n|win|EmeraldAggoen\n|raw|EmeraldAggoen's rating: 1472 &rarr; <strong>1491<\/strong><br \/>(+19 for winning)\n|raw|trump43200's rating: 1460 &rarr; <strong>1441<\/strong><br \/>(-19 for losing)\n|l|\u2606trump43200\n","uploadtime":1699067726,"views":23,"p1id":"emeraldaggoen","p2id":"trump43200","formatid":"gen9doublesou","rating":1441,"private":0,"password":""}