{"id":"gen9doublesou-1987500742","p1":"sqcred swords","p2":"SappRavenger","format":"[Gen 9] Doubles OU","log":"|j|\u2606sqcred swords\n|j|\u2606SappRavenger\n|t:|1699602330\n|gametype|doubles\n|player|p1|sqcred swords|ingo|1124\n|player|p2|SappRavenger|102|1135\n|teamsize|p1|6\n|teamsize|p2|6\n|gen|9\n|tier|[Gen 9] Doubles OU\n|rated|\n|rule|Species Clause: Limit one of each Pok\u00e9mon\n|rule|OHKO Clause: OHKO moves are banned\n|rule|Evasion Moves Clause: Evasion moves are banned\n|rule|Gravity Sleep Clause: The combination of sleep-inducing moves with imperfect accuracy and Gravity or Gigantamax Orbeetle are banned\n|rule|Endless Battle Clause: Forcing endless battles is banned\n|rule|HP Percentage Mod: HP is shown in percentages\n|clearpoke\n|poke|p1|Iron Hands|\n|poke|p1|Ogerpon-Hearthflame, F|\n|poke|p1|Chien-Pao|\n|poke|p1|Clefairy, F|\n|poke|p1|Greninja-*, M|\n|poke|p1|Regieleki|\n|poke|p2|Vaporeon, F|\n|poke|p2|Jolteon, F|\n|poke|p2|Flareon, F|\n|poke|p2|Espeon, M|\n|poke|p2|Leafeon, F|\n|poke|p2|Umbreon, F|\n|teampreview\n|inactive|Battle timer is ON: inactive players will automatically lose when time's up. (requested by sqcred swords)\n|\n|t:|1699602335\n|start\n|switch|p1a: Clefairy|Clefairy, F|100\/100\n|switch|p1b: Iron Hands|Iron Hands|100\/100\n|switch|p2a: Vaporeon|Vaporeon, F|100\/100\n|switch|p2b: Jolteon|Jolteon, F|100\/100\n|turn|1\n|c|\u2606sqcred swords|What is that team\n|c|\u2606SappRavenger|eeveelutions\n|\n|t:|1699602360\n|-terastallize|p2a: Vaporeon|Ground\n|-terastallize|p1b: Iron Hands|Fairy\n|move|p1a: Clefairy|Follow Me|p1a: Clefairy\n|-singleturn|p1a: Clefairy|move: Follow Me\n|move|p2b: Jolteon|Discharge|p1a: Clefairy|[spread] p1a,p1b\n|-immune|p2a: Vaporeon\n|-damage|p1a: Clefairy|70\/100\n|-damage|p1b: Iron Hands|79\/100\n|move|p2a: Vaporeon|Acid Armor|p2a: Vaporeon\n|-boost|p2a: Vaporeon|def|2\n|move|p1b: Iron Hands|Belly Drum|p1b: Iron Hands\n|-damage|p1b: Iron Hands|29\/100\n|-setboost|p1b: Iron Hands|atk|6|[from] move: Belly Drum\n|-enditem|p1b: Iron Hands|Sitrus Berry|[eat]\n|-heal|p1b: Iron Hands|54\/100|[from] item: Sitrus Berry\n|\n|upkeep\n|turn|2\n|c|\u2606sqcred swords|Well I can see\n|c|\u2606sqcred swords|That\n|c|\u2606SappRavenger|then y ask lol\n|\n|t:|1699602383\n|move|p1a: Clefairy|Follow Me|p1a: Clefairy\n|-singleturn|p1a: Clefairy|move: Follow Me\n|move|p2b: Jolteon|Discharge|p1a: Clefairy|[spread] p1a,p1b\n|-immune|p2a: Vaporeon\n|-damage|p1a: Clefairy|39\/100\n|-damage|p1b: Iron Hands|34\/100\n|move|p2a: Vaporeon|Acid Armor|p2a: Vaporeon\n|-boost|p2a: Vaporeon|def|2\n|move|p1b: Iron Hands|Drain Punch|p2a: Vaporeon\n|-damage|p2a: Vaporeon|58\/100\n|-heal|p1b: Iron Hands|56\/100|[from] drain|[of] p2a: Vaporeon\n|\n|-heal|p2a: Vaporeon|65\/100|[from] item: Leftovers\n|upkeep\n|turn|3\n|\n|t:|1699602401\n|move|p1a: Clefairy|Follow Me|p1a: Clefairy\n|-singleturn|p1a: Clefairy|move: Follow Me\n|move|p2b: Jolteon|Discharge|p1b: Iron Hands|[spread] p1a,p1b\n|-immune|p2a: Vaporeon\n|-damage|p1a: Clefairy|7\/100\n|-damage|p1b: Iron Hands|33\/100\n|-status|p1a: Clefairy|par\n|-status|p1b: Iron Hands|par\n|move|p2a: Vaporeon|Acid Armor|p2a: Vaporeon\n|-boost|p2a: Vaporeon|def|2\n|move|p1b: Iron Hands|Drain Punch|p2b: Jolteon\n|-damage|p2b: Jolteon|0 fnt\n|-heal|p1b: Iron Hands|63\/100 par|[from] drain|[of] p2b: Jolteon\n|faint|p2b: Jolteon\n|\n|-heal|p2a: Vaporeon|71\/100|[from] item: Leftovers\n|upkeep\n|\n|t:|1699602421\n|switch|p2b: Flareon|Flareon, F|100\/100\n|turn|4\n|\n|t:|1699602437\n|move|p1a: Clefairy|Follow Me|p1a: Clefairy\n|-singleturn|p1a: Clefairy|move: Follow Me\n|move|p2b: Flareon|Trailblaze|p1a: Clefairy\n|-damage|p1a: Clefairy|0 fnt\n|-boost|p2b: Flareon|spe|1\n|faint|p1a: Clefairy\n|move|p2a: Vaporeon|Stored Power|p1b: Iron Hands\n|-damage|p1b: Iron Hands|40\/100 par\n|move|p1b: Iron Hands|Drain Punch|p2b: Flareon\n|-damage|p2b: Flareon|0 fnt\n|-heal|p1b: Iron Hands|77\/100 par|[from] drain|[of] p2b: Flareon\n|faint|p2b: Flareon\n|\n|-heal|p2a: Vaporeon|77\/100|[from] item: Leftovers\n|upkeep\n|\n|t:|1699602456\n|switch|p2b: Leafeon|Leafeon, F|100\/100\n|switch|p1a: Greninja|Greninja, M|100\/100\n|turn|5\n|\n|t:|1699602464\n|move|p1a: Greninja|Water Shuriken|p2a: Vaporeon\n|-heal|p2a: Vaporeon|100\/100|[from] ability: Water Absorb|[of] p1a: Greninja\n|move|p2b: Leafeon|Leaf Blade|p1a: Greninja\n|-supereffective|p1a: Greninja\n|-damage|p1a: Greninja|0 fnt\n|faint|p1a: Greninja\n|move|p2a: Vaporeon|Calm Mind|p2a: Vaporeon\n|-boost|p2a: Vaporeon|spa|1\n|-boost|p2a: Vaporeon|spd|1\n|move|p1b: Iron Hands|Drain Punch|p2b: Leafeon\n|-damage|p2b: Leafeon|0 fnt\n|-heal|p1b: Iron Hands|100\/100 par|[from] drain|[of] p2b: Leafeon\n|faint|p2b: Leafeon\n|\n|upkeep\n|\n|t:|1699602483\n|switch|p1a: Ogerpon|Ogerpon-Hearthflame, F|100\/100\n|switch|p2b: Espeon|Espeon, M|100\/100\n|-ability|p1a: Ogerpon|Mold Breaker\n|turn|6\n|\n|t:|1699602498\n|move|p2b: Espeon|Future Sight|p1a: Ogerpon\n|-start|p2b: Espeon|move: Future Sight\n|move|p1a: Ogerpon|Power Whip|p2a: Vaporeon|[miss]\n|-miss|p1a: Ogerpon|p2a: Vaporeon\n|move|p2a: Vaporeon|Icy Wind|p1a: Ogerpon|[spread] p1a,p1b\n|-damage|p1a: Ogerpon|84\/100\n|-damage|p1b: Iron Hands|90\/100 par\n|-unboost|p1a: Ogerpon|spe|1\n|-unboost|p1b: Iron Hands|spe|1\n|move|p1b: Iron Hands|Drain Punch|p2b: Espeon\n|-resisted|p2b: Espeon\n|-crit|p2b: Espeon\n|-enditem|p2b: Espeon|Focus Sash\n|-damage|p2b: Espeon|1\/100\n|-heal|p1b: Iron Hands|100\/100 par|[from] drain|[of] p2b: Espeon\n|\n|upkeep\n|turn|7\n|\n|t:|1699602518\n|move|p2b: Espeon|Future Sight|p1b: Iron Hands\n|-start|p2b: Espeon|move: Future Sight\n|move|p1a: Ogerpon|Power Whip|p2a: Vaporeon\n|-supereffective|p2a: Vaporeon\n|-damage|p2a: Vaporeon|72\/100\n|move|p2a: Vaporeon|Calm Mind|p2a: Vaporeon\n|-boost|p2a: Vaporeon|spa|1\n|-boost|p2a: Vaporeon|spd|1\n|cant|p1b: Iron Hands|par\n|\n|-heal|p2a: Vaporeon|78\/100|[from] item: Leftovers\n|upkeep\n|turn|8\n|c|\u2606sqcred swords|This is bs\n|\n|t:|1699602536\n|move|p2b: Espeon|Morning Sun|p2b: Espeon\n|-heal|p2b: Espeon|51\/100\n|move|p1a: Ogerpon|Horn Leech|p2a: Vaporeon\n|-supereffective|p2a: Vaporeon\n|-damage|p2a: Vaporeon|60\/100\n|-heal|p1a: Ogerpon|97\/100|[from] drain|[of] p2a: Vaporeon\n|move|p2a: Vaporeon|Icy Wind|p1b: Iron Hands|[spread] p1a,p1b\n|-damage|p1a: Ogerpon|72\/100\n|-damage|p1b: Iron Hands|85\/100 par\n|-unboost|p1a: Ogerpon|spe|1\n|-unboost|p1b: Iron Hands|spe|1\n|move|p1b: Iron Hands|Drain Punch|p2b: Espeon\n|-resisted|p2b: Espeon\n|-damage|p2b: Espeon|0 fnt\n|-heal|p1b: Iron Hands|99\/100 par|[from] drain|[of] p2b: Espeon\n|faint|p2b: Espeon\n|\n|-end|p1a: Ogerpon|move: Future Sight\n|-damage|p1a: Ogerpon|0 fnt\n|faint|p1a: Ogerpon\n|-heal|p2a: Vaporeon|66\/100|[from] item: Leftovers\n|upkeep\n|c|\u2606sqcred swords|HOW\n|c|\u2606sqcred swords|TF\n|c|\u2606SappRavenger|hm?\n|\n|t:|1699602558\n|switch|p2b: Umbreon|Umbreon, F|100\/100\n|switch|p1a: Chien-Pao|Chien-Pao|100\/100\n|-ability|p1a: Chien-Pao|Sword of Ruin\n|turn|9\n|\n|t:|1699602578\n|move|p1a: Chien-Pao|Ice Spinner|p2a: Vaporeon\n|-supereffective|p2a: Vaporeon\n|-damage|p2a: Vaporeon|46\/100\n|move|p2b: Umbreon|Foul Play|p1b: Iron Hands\n|-resisted|p1b: Iron Hands\n|-damage|p1b: Iron Hands|0 fnt\n|faint|p1b: Iron Hands\n|-end|p1b: Iron Hands|Quark Drive|[silent]\n|move|p2a: Vaporeon|Icy Wind|p1a: Chien-Pao\n|-resisted|p1a: Chien-Pao\n|-damage|p1a: Chien-Pao|81\/100\n|-unboost|p1a: Chien-Pao|spe|1\n|\n|-hint|Future Sight did not hit because the target is fainted.\n|-heal|p2a: Vaporeon|52\/100|[from] item: Leftovers\n|upkeep\n|\n|t:|1699602585\n|switch|p1b: Regieleki|Regieleki|100\/100\n|-item|p1b: Regieleki|Air Balloon\n|turn|10\n|\n|t:|1699602600\n|move|p1b: Regieleki|Thunderbolt|p2b: Umbreon\n|-crit|p2b: Umbreon\n|-damage|p2b: Umbreon|50\/100\n|-enditem|p2b: Umbreon|Sitrus Berry|[eat]\n|-heal|p2b: Umbreon|75\/100|[from] item: Sitrus Berry\n|move|p1a: Chien-Pao|Ice Spinner|p2a: Vaporeon\n|-supereffective|p2a: Vaporeon\n|-damage|p2a: Vaporeon|34\/100\n|move|p2b: Umbreon|Foul Play|p1a: Chien-Pao\n|-resisted|p1a: Chien-Pao\n|-damage|p1a: Chien-Pao|52\/100\n|move|p2a: Vaporeon|Stored Power|p1b: Regieleki\n|-damage|p1b: Regieleki|0 fnt\n|-enditem|p1b: Regieleki|Air Balloon\n|faint|p1b: Regieleki\n|\n|-heal|p2a: Vaporeon|41\/100|[from] item: Leftovers\n|upkeep\n|turn|11\n|\n|t:|1699602621\n|move|p1a: Chien-Pao|Sacred Sword|p2a: Vaporeon\n|-damage|p2a: Vaporeon|9\/100\n|move|p2b: Umbreon|Thief|p1a: Chien-Pao\n|-resisted|p1a: Chien-Pao\n|-damage|p1a: Chien-Pao|44\/100\n|-enditem|p1a: Chien-Pao|Focus Sash|[silent]|[from] move: Thief|[of] p2b: Umbreon\n|-item|p2b: Umbreon|Focus Sash|[from] move: Thief|[of] p1a: Chien-Pao\n|move|p2a: Vaporeon|Icy Wind|p1a: Chien-Pao\n|-resisted|p1a: Chien-Pao\n|-damage|p1a: Chien-Pao|24\/100\n|-unboost|p1a: Chien-Pao|spe|1\n|\n|-heal|p2a: Vaporeon|16\/100|[from] item: Leftovers\n|upkeep\n|turn|12\n|c|\u2606sqcred swords|Well\n|c|\u2606sqcred swords|Gf\n|\n|t:|1699602639\n|move|p1a: Chien-Pao|Sucker Punch|p2a: Vaporeon\n|-damage|p2a: Vaporeon|7\/100\n|move|p2b: Umbreon|Thunder Wave|p1a: Chien-Pao\n|-status|p1a: Chien-Pao|par\n|move|p2a: Vaporeon|Icy Wind|p1a: Chien-Pao\n|-resisted|p1a: Chien-Pao\n|-damage|p1a: Chien-Pao|6\/100 par\n|-unboost|p1a: Chien-Pao|spe|1\n|\n|-heal|p2a: Vaporeon|13\/100|[from] item: Leftovers\n|upkeep\n|turn|13\n|\n|t:|1699602654\n|move|p2a: Vaporeon|Calm Mind|p2a: Vaporeon\n|-boost|p2a: Vaporeon|spa|1\n|-boost|p2a: Vaporeon|spd|1\n|move|p2b: Umbreon|Foul Play|p1a: Chien-Pao\n|-resisted|p1a: Chien-Pao\n|-damage|p1a: Chien-Pao|0 fnt\n|faint|p1a: Chien-Pao\n|\n|win|SappRavenger\n|raw|sqcred swords's rating: 1124 &rarr; <strong>1100<\/strong><br \/>(-24 for losing)\n|raw|SappRavenger's rating: 1135 &rarr; <strong>1159<\/strong><br \/>(+24 for winning)\n|c|\u2606SappRavenger|gg\n","uploadtime":1699602688,"views":9,"p1id":"sqcredswords","p2id":"sappravenger","formatid":"gen9doublesou","rating":1100,"private":0,"password":""}