{"id":"gen9doublesou-1968178347","p1":"acroboyx","p2":"VikrThe","format":"[Gen 9] Doubles OU","log":"|html|<div class=\"broadcast-blue\"><strong>[Gen 9] Doubles OU is currently suspecting Basculegion & Flutter Mane! For information on how to participate check out the <a href=\"https:\/\/www.smogon.com\/forums\/threads\/np-sv-dou-stage-8-double-trouble.3729153\/\">suspect thread<\/a>.<\/strong><\/div>\n|j|\u2606acroboyx\n|j|\u2606VikrThe\n|t:|1697392056\n|gametype|doubles\n|player|p1|acroboyx|candice|1272\n|player|p2|VikrThe|2|1250\n|teamsize|p1|6\n|teamsize|p2|6\n|gen|9\n|tier|[Gen 9] Doubles OU\n|rated|\n|rule|Species Clause: Limit one of each Pok\u00e9mon\n|rule|OHKO Clause: OHKO moves are banned\n|rule|Evasion Moves Clause: Evasion moves are banned\n|rule|Gravity Sleep Clause: The combination of sleep-inducing moves with imperfect accuracy and Gravity or Gigantamax Orbeetle are banned\n|rule|Endless Battle Clause: Forcing endless battles is banned\n|rule|HP Percentage Mod: HP is shown in percentages\n|clearpoke\n|poke|p1|Appletun, M|\n|poke|p1|Grafaiai, M|\n|poke|p1|Slaking, M|\n|poke|p1|Luxray, F|\n|poke|p1|Gholdengo|\n|poke|p1|Ceruledge, M|\n|poke|p2|Raichu, M|\n|poke|p2|Pelipper, F|\n|poke|p2|Walking Wake|\n|poke|p2|Tornadus, M|\n|poke|p2|Basculegion, M|\n|poke|p2|Drednaw, M|\n|teampreview\n|inactive|Battle timer is ON: inactive players will automatically lose when time's up. (requested by acroboyx)\n|\n|t:|1697392068\n|start\n|switch|p1a: Monkey d luffy|Grafaiai, M, shiny|100\/100\n|switch|p1b: King Kong|Slaking, M, shiny|100\/100\n|switch|p2a: Raichu|Raichu, M|100\/100\n|switch|p2b: Pelipper|Pelipper, F|100\/100\n|-weather|RainDance|[from] ability: Drizzle|[of] p2b: Pelipper\n|turn|1\n|inactive|acroboyx has 120 seconds left.\n|\n|t:|1697392125\n|move|p1a: Monkey d luffy|Doodle|p2a: Raichu\n|-endability|p1a: Monkey d luffy|Prankster|[from] move: Doodle\n|-ability|p1a: Monkey d luffy|Lightning Rod|[from] move: Doodle\n|-endability|p1b: King Kong|Truant|[from] move: Doodle\n|-ability|p1b: King Kong|Lightning Rod|[from] move: Doodle\n|move|p2a: Raichu|Encore|p1a: Monkey d luffy\n|-start|p1a: Monkey d luffy|Encore\n|move|p1b: King Kong|Drain Punch|p2a: Raichu\n|-damage|p2a: Raichu|46\/100\n|move|p2b: Pelipper|Tailwind|p2b: Pelipper\n|-sidestart|p2: VikrThe|move: Tailwind\n|\n|-weather|RainDance|[upkeep]\n|upkeep\n|turn|2\n|\n|t:|1697392148\n|switch|p2a: Walking Wake|Walking Wake|100\/100\n|-enditem|p2a: Walking Wake|Booster Energy\n|-activate|p2a: Walking Wake|ability: Protosynthesis|[fromitem]\n|-start|p2a: Walking Wake|protosynthesisspa\n|switch|p1a: Princesa|Luxray, F, shiny|100\/100\n|move|p2b: Pelipper|Tailwind||[still]\n|-fail|p2b: Pelipper\n|move|p1b: King Kong|Drain Punch|p2a: Walking Wake\n|-damage|p2a: Walking Wake|66\/100\n|\n|-weather|RainDance|[upkeep]\n|-status|p1a: Princesa|brn|[from] item: Flame Orb\n|upkeep\n|turn|3\n|inactive|acroboyx has 120 seconds left.\n|inactive|VikrThe has 120 seconds left.\n|\n|t:|1697392179\n|switch|p2b: Raichu|Raichu, M|46\/100\n|move|p2a: Walking Wake|Hydro Steam|p1b: King Kong\n|-damage|p1b: King Kong|6\/100\n|move|p1b: King Kong|Ice Punch|p2a: Walking Wake\n|-damage|p2a: Walking Wake|29\/100\n|-status|p2a: Walking Wake|frz\n|move|p1a: Princesa|Facade|p2b: Raichu\n|-damage|p2b: Raichu|0 fnt\n|faint|p2b: Raichu\n|\n|-weather|RainDance|[upkeep]\n|-heal|p1b: King Kong|13\/100|[from] item: Leftovers\n|-damage|p1a: Princesa|95\/100 brn|[from] brn\n|upkeep\n|inactive|VikrThe has 120 seconds left.\n|\n|t:|1697392204\n|switch|p2b: Tornadus|Tornadus, M|100\/100\n|turn|4\n|inactive|VikrThe has 120 seconds left.\n|\n|t:|1697392212\n|move|p2b: Tornadus|Protect|p2b: Tornadus\n|-singleturn|p2b: Tornadus|Protect\n|move|p1b: King Kong|Protect|p1b: King Kong\n|-singleturn|p1b: King Kong|Protect\n|-curestatus|p2a: Walking Wake|frz|[from] move: Hydro Steam\n|move|p2a: Walking Wake|Hydro Steam|p1b: King Kong\n|-activate|p1b: King Kong|move: Protect\n|move|p1a: Princesa|Wild Charge|p1b: King Kong\n|-activate|p1b: King Kong|ability: Lightning Rod\n|-activate|p1b: King Kong|move: Protect\n|\n|-weather|RainDance|[upkeep]\n|-heal|p1b: King Kong|19\/100|[from] item: Leftovers\n|-damage|p1a: Princesa|89\/100 brn|[from] brn\n|-sideend|p2: VikrThe|move: Tailwind\n|upkeep\n|turn|5\n|\n|t:|1697392235\n|move|p2b: Tornadus|Tailwind|p2b: Tornadus\n|-sidestart|p2: VikrThe|move: Tailwind\n|move|p2a: Walking Wake|Hydro Steam|p1b: King Kong\n|-damage|p1b: King Kong|0 fnt\n|faint|p1b: King Kong\n|move|p1a: Princesa|Facade|p2b: Tornadus\n|-damage|p2b: Tornadus|0 fnt\n|faint|p2b: Tornadus\n|\n|-weather|none\n|-damage|p1a: Princesa|83\/100 brn|[from] brn\n|upkeep\n|\n|t:|1697392259\n|switch|p2b: Pelipper|Pelipper, F|100\/100\n|switch|p1b: Fido dido|Gholdengo, shiny|100\/100\n|-weather|RainDance|[from] ability: Drizzle|[of] p2b: Pelipper\n|turn|6\n|inactive|acroboyx has 120 seconds left.\n|\n|t:|1697392291\n|move|p2a: Walking Wake|Hydro Steam|p1a: Princesa\n|-damage|p1a: Princesa|0 fnt\n|faint|p1a: Princesa\n|move|p2b: Pelipper|Hydro Pump|p1b: Fido dido\n|-damage|p1b: Fido dido|32\/100\n|move|p1b: Fido dido|Shadow Ball|p2a: Walking Wake\n|-damage|p2a: Walking Wake|0 fnt\n|faint|p2a: Walking Wake\n|-end|p2a: Walking Wake|Protosynthesis|[silent]\n|\n|-weather|RainDance|[upkeep]\n|upkeep\n|\n|t:|1697392305\n|switch|p2a: Basculegion|Basculegion, M, shiny|100\/100\n|switch|p1a: Steve Jobs|Appletun, M, shiny|100\/100\n|turn|7\n|c|\u2606VikrThe|W nicknames\n|inactive|acroboyx has 120 seconds left.\n|\n|t:|1697392344\n|-terastallize|p1a: Steve Jobs|Steel\n|move|p2a: Basculegion|Last Respects|p1b: Fido dido\n|-supereffective|p1b: Fido dido\n|-damage|p1b: Fido dido|0 fnt\n|faint|p1b: Fido dido\n|move|p2b: Pelipper|Hurricane|p1a: Steve Jobs\n|-resisted|p1a: Steve Jobs\n|-damage|p1a: Steve Jobs|88\/100\n|move|p1a: Steve Jobs|Leech Seed|p2b: Pelipper\n|-start|p2b: Pelipper|move: Leech Seed\n|\n|-weather|RainDance|[upkeep]\n|-heal|p1a: Steve Jobs|95\/100|[from] item: Leftovers\n|-damage|p2b: Pelipper|88\/100|[from] Leech Seed|[of] p1a: Steve Jobs\n|-heal|p1a: Steve Jobs|100\/100|[silent]\n|upkeep\n|\n|t:|1697392357\n|switch|p1b: Espadita|Ceruledge, M, shiny|100\/100\n|turn|8\n|\n|t:|1697392368\n|move|p2a: Basculegion|Last Respects|p1b: Espadita\n|-supereffective|p1b: Espadita\n|-enditem|p1b: Espadita|Focus Sash\n|-damage|p1b: Espadita|1\/100\n|move|p2b: Pelipper|Hydro Pump|p1a: Steve Jobs|[miss]\n|-miss|p2b: Pelipper|p1a: Steve Jobs\n|move|p1b: Espadita|Shadow Claw|p2a: Basculegion\n|-supereffective|p2a: Basculegion\n|-damage|p2a: Basculegion|12\/100\n|move|p1a: Steve Jobs|Leech Seed|p2a: Basculegion\n|-start|p2a: Basculegion|move: Leech Seed\n|\n|-weather|RainDance|[upkeep]\n|-damage|p2a: Basculegion|0 fnt|[from] Leech Seed|[of] p1a: Steve Jobs\n|faint|p2a: Basculegion\n|-damage|p2b: Pelipper|76\/100|[from] Leech Seed|[of] p1a: Steve Jobs\n|-sideend|p2: VikrThe|move: Tailwind\n|upkeep\n|\n|t:|1697392386\n|switch|p2a: Drednaw|Drednaw, M, shiny|100\/100\n|turn|9\n|\n|t:|1697392400\n|switch|p1b: Monkey d luffy|Grafaiai, M, shiny|100\/100\n|move|p2a: Drednaw|Liquidation|p1b: Monkey d luffy\n|-damage|p1b: Monkey d luffy|0 fnt\n|faint|p1b: Monkey d luffy\n|move|p2b: Pelipper|Tailwind|p2b: Pelipper\n|-sidestart|p2: VikrThe|move: Tailwind\n|move|p1a: Steve Jobs|Leech Seed|p2a: Drednaw\n|-start|p2a: Drednaw|move: Leech Seed\n|\n|-weather|RainDance|[upkeep]\n|-damage|p2a: Drednaw|88\/100|[from] Leech Seed|[of] p1a: Steve Jobs\n|-damage|p2b: Pelipper|63\/100|[from] Leech Seed|[of] p1a: Steve Jobs\n|upkeep\n|\n|t:|1697392413\n|switch|p1b: Espadita|Ceruledge, M, shiny|1\/100\n|turn|10\n|\n|t:|1697392419\n|move|p1b: Espadita|Shadow Sneak|p2b: Pelipper\n|-damage|p2b: Pelipper|46\/100\n|move|p2a: Drednaw|Liquidation|p1a: Steve Jobs\n|-damage|p1a: Steve Jobs|0 fnt\n|faint|p1a: Steve Jobs\n|move|p2b: Pelipper|Hurricane|p1b: Espadita\n|-damage|p1b: Espadita|0 fnt\n|faint|p1b: Espadita\n|\n|win|VikrThe\n|raw|acroboyx's rating: 1272 &rarr; <strong>1245<\/strong><br \/>(-27 for losing)\n|raw|VikrThe's rating: 1250 &rarr; <strong>1277<\/strong><br \/>(+27 for winning)\n|l|\u2606acroboyx\n","uploadtime":1697392435,"views":11,"p1id":"acroboyx","p2id":"vikrthe","formatid":"gen9doublesou","rating":1245,"private":0,"password":""}