{"id":"gen9doublesou-1981363778","p1":"Chaotic1856","p2":"SupperYun","format":"[Gen 9] Doubles OU","log":"|j|\u2606Chaotic1856\n|j|\u2606SupperYun\n|t:|1698887791\n|gametype|doubles\n|player|p1|Chaotic1856|hugh|1195\n|player|p2|SupperYun|rosa-masters2|1277\n|teamsize|p1|6\n|teamsize|p2|6\n|gen|9\n|tier|[Gen 9] Doubles OU\n|rated|\n|rule|Species Clause: Limit one of each Pok\u00e9mon\n|rule|OHKO Clause: OHKO moves are banned\n|rule|Evasion Moves Clause: Evasion moves are banned\n|rule|Gravity Sleep Clause: The combination of sleep-inducing moves with imperfect accuracy and Gravity or Gigantamax Orbeetle are banned\n|rule|Endless Battle Clause: Forcing endless battles is banned\n|rule|HP Percentage Mod: HP is shown in percentages\n|clearpoke\n|poke|p1|Arcanine-Hisui, F|\n|poke|p1|Torkoal, F|\n|poke|p1|Iron Moth|\n|poke|p1|Lilligant, F|\n|poke|p1|Moltres|\n|poke|p1|Charizard, F|\n|poke|p2|Lilligant-Hisui, F|\n|poke|p2|Torkoal, M|\n|poke|p2|Flutter Mane|\n|poke|p2|Chien-Pao|\n|poke|p2|Dragonite, M|\n|poke|p2|Diancie|\n|teampreview\n|\n|t:|1698887816\n|start\n|switch|p1a: Torkoal|Torkoal, F, shiny|100\/100\n|switch|p1b: Lilligant|Lilligant, F, shiny|100\/100\n|switch|p2a: Lilligant|Lilligant-Hisui, F|100\/100\n|switch|p2b: Dragonite|Dragonite, M|100\/100\n|-weather|SunnyDay|[from] ability: Drought|[of] p1a: Torkoal\n|turn|1\n|\n|t:|1698887839\n|-terastallize|p2a: Lilligant|Ghost\n|move|p2a: Lilligant|After You|p2b: Dragonite\n|-activate|p2b: Dragonite|move: After You\n|move|p2b: Dragonite|Stomping Tantrum|p1a: Torkoal\n|-supereffective|p1a: Torkoal\n|-damage|p1a: Torkoal|47\/100\n|move|p1b: Lilligant|Sleep Powder|p2b: Dragonite\n|-status|p2b: Dragonite|slp|[from] move: Sleep Powder\n|move|p1a: Torkoal|Stealth Rock|p2b: Dragonite\n|-sidestart|p2: SupperYun|move: Stealth Rock\n|\n|-weather|SunnyDay|[upkeep]\n|upkeep\n|turn|2\n|\n|t:|1698887866\n|switch|p2b: Chien-Pao|Chien-Pao|100\/100\n|-damage|p2b: Chien-Pao|76\/100|[from] Stealth Rock\n|-ability|p2b: Chien-Pao|Sword of Ruin\n|switch|p1a: Arcanine|Arcanine-Hisui, F|100\/100\n|move|p2a: Lilligant|Encore||[still]\n|-fail|p2a: Lilligant\n|move|p1b: Lilligant|Solar Beam||[still]\n|-prepare|p1b: Lilligant|Solar Beam\n|-anim|p1b: Lilligant|Solar Beam|p2a: Lilligant\n|-damage|p2a: Lilligant|36\/100\n|\n|-weather|SunnyDay|[upkeep]\n|upkeep\n|turn|3\n|\n|t:|1698887914\n|move|p2b: Chien-Pao|Sucker Punch|p1b: Lilligant\n|-damage|p1b: Lilligant|53\/100\n|move|p2a: Lilligant|Close Combat|p1b: Lilligant\n|-crit|p1b: Lilligant\n|-damage|p1b: Lilligant|0 fnt\n|-unboost|p2a: Lilligant|def|1\n|-unboost|p2a: Lilligant|spd|1\n|faint|p1b: Lilligant\n|move|p1a: Arcanine|Flare Blitz|p2b: Chien-Pao\n|-supereffective|p2b: Chien-Pao\n|-damage|p2b: Chien-Pao|0 fnt\n|faint|p2b: Chien-Pao\n|\n|-weather|SunnyDay|[upkeep]\n|upkeep\n|\n|t:|1698887931\n|switch|p2b: Diancie|Diancie|100\/100\n|switch|p1b: Moltres|Moltres, shiny|100\/100\n|-damage|p2b: Diancie|88\/100|[from] Stealth Rock\n|turn|4\n|\n|t:|1698887946\n|switch|p1a: Iron Moth|Iron Moth|100\/100\n|-enditem|p1a: Iron Moth|Booster Energy\n|-activate|p1a: Iron Moth|ability: Quark Drive|[fromitem]\n|-start|p1a: Iron Moth|quarkdrivespa\n|move|p2a: Lilligant|After You|p2b: Diancie\n|-activate|p2b: Diancie|move: After You\n|move|p2b: Diancie|Diamond Storm|p1b: Moltres|[spread] p1b\n|-miss|p2b: Diancie|p1a: Iron Moth\n|-supereffective|p1b: Moltres\n|-damage|p1b: Moltres|0 fnt\n|-boost|p2b: Diancie|def|2\n|faint|p1b: Moltres\n|\n|-weather|SunnyDay|[upkeep]\n|upkeep\n|inactive|Battle timer is ON: inactive players will automatically lose when time's up. (requested by SupperYun)\n|\n|t:|1698887982\n|switch|p1b: Charizard|Charizard, F, shiny|100\/100\n|turn|5\n|inactive|Chaotic1856 has 120 seconds left.\n|\n|t:|1698888020\n|move|p2a: Lilligant|After You|p2b: Diancie\n|-activate|p2b: Diancie|move: After You\n|move|p2b: Diancie|Diamond Storm|p1a: Iron Moth|[spread] p1a,p1b\n|-supereffective|p1a: Iron Moth\n|-supereffective|p1b: Charizard\n|-damage|p1a: Iron Moth|0 fnt\n|-damage|p1b: Charizard|0 fnt\n|-boost|p2b: Diancie|def|2\n|faint|p1a: Iron Moth\n|-end|p1a: Iron Moth|Quark Drive|[silent]\n|faint|p1b: Charizard\n|\n|-weather|SunnyDay|[upkeep]\n|upkeep\n|\n|t:|1698888028\n|switch|p1a: Arcanine|Arcanine-Hisui, F|100\/100\n|switch|p1b: Torkoal|Torkoal, F, shiny|47\/100\n|turn|6\n|\n|t:|1698888050\n|-terastallize|p1a: Arcanine|Grass\n|move|p1b: Torkoal|Helping Hand|p1a: Arcanine\n|-singleturn|p1a: Arcanine|Helping Hand|[of] p1b: Torkoal\n|move|p2a: Lilligant|After You|p2b: Diancie\n|-activate|p2b: Diancie|move: After You\n|move|p2b: Diancie|Diamond Storm|p1a: Arcanine|[spread] p1a,p1b\n|-supereffective|p1b: Torkoal\n|-damage|p1a: Arcanine|57\/100\n|-damage|p1b: Torkoal|5\/100\n|-boost|p2b: Diancie|def|2\n|move|p1a: Arcanine|Head Smash|p2b: Diancie\n|-damage|p2b: Diancie|55\/100\n|\n|-weather|SunnyDay|[upkeep]\n|upkeep\n|turn|7\n|\n|t:|1698888079\n|move|p1b: Torkoal|Helping Hand|p1a: Arcanine\n|-singleturn|p1a: Arcanine|Helping Hand|[of] p1b: Torkoal\n|move|p2a: Lilligant|After You|p2b: Diancie\n|-activate|p2b: Diancie|move: After You\n|move|p2b: Diancie|Moonblast|p1a: Arcanine\n|-damage|p1a: Arcanine|15\/100\n|move|p1a: Arcanine|Head Smash|p2b: Diancie\n|-damage|p2b: Diancie|23\/100\n|\n|-weather|SunnyDay|[upkeep]\n|upkeep\n|turn|8\n|\n|t:|1698888094\n|move|p1b: Torkoal|Helping Hand|p1a: Arcanine\n|-singleturn|p1a: Arcanine|Helping Hand|[of] p1b: Torkoal\n|move|p2a: Lilligant|After You|p2b: Diancie\n|-activate|p2b: Diancie|move: After You\n|move|p2b: Diancie|Diamond Storm|p1a: Arcanine|[spread] p1a,p1b\n|-supereffective|p1b: Torkoal\n|-damage|p1a: Arcanine|0 fnt\n|-damage|p1b: Torkoal|0 fnt\n|faint|p1a: Arcanine\n|faint|p1b: Torkoal\n|\n|win|SupperYun\n|raw|Chaotic1856's rating: 1195 &rarr; <strong>1176<\/strong><br \/>(-19 for losing)\n|raw|SupperYun's rating: 1277 &rarr; <strong>1296<\/strong><br \/>(+19 for winning)\n","uploadtime":1698888107,"views":30,"p1id":"chaotic1856","p2id":"supperyun","formatid":"gen9doublesou","rating":1176,"private":0,"password":""}