{"id":"gen9doublesou-1979403417","p1":"Red_Maple_tree","p2":"splat4","format":"[Gen 9] Doubles OU","log":"|j|\u2606Red_Maple_tree\n|j|\u2606splat4\n|t:|1698679921\n|gametype|doubles\n|player|p1|Red_Maple_tree|swimmerf2-gen7|1154\n|player|p2|splat4|266|1045\n|teamsize|p1|6\n|teamsize|p2|6\n|gen|9\n|tier|[Gen 9] Doubles OU\n|rated|\n|rule|Species Clause: Limit one of each Pok\u00e9mon\n|rule|OHKO Clause: OHKO moves are banned\n|rule|Evasion Moves Clause: Evasion moves are banned\n|rule|Gravity Sleep Clause: The combination of sleep-inducing moves with imperfect accuracy and Gravity or Gigantamax Orbeetle are banned\n|rule|Endless Battle Clause: Forcing endless battles is banned\n|rule|HP Percentage Mod: HP is shown in percentages\n|clearpoke\n|poke|p1|Glastrier|\n|poke|p1|Clefairy, F|\n|poke|p1|Sinistcha-Masterpiece|\n|poke|p1|Kommo-o, M|\n|poke|p1|Landorus-Therian, M|\n|poke|p1|Roaring Moon|\n|poke|p2|Pelipper, M|\n|poke|p2|Basculegion-F, F|\n|poke|p2|Overqwil, F|\n|poke|p2|Glimmora, F|\n|poke|p2|Braviary-Hisui, M|\n|poke|p2|Tornadus, M|\n|teampreview\n|\n|t:|1698679943\n|start\n|switch|p1a: Glastrier|Glastrier|100\/100\n|switch|p1b: Clefairy|Clefairy, F|100\/100\n|switch|p2a: Overqwil|Overqwil, F|100\/100\n|switch|p2b: Pelipper|Pelipper, M, shiny|100\/100\n|-weather|RainDance|[from] ability: Drizzle|[of] p2b: Pelipper\n|turn|1\n|\n|t:|1698679992\n|switch|p2b: Basculegion|Basculegion-F, F|100\/100\n|move|p2a: Overqwil|Taunt|p1b: Clefairy\n|-start|p1b: Clefairy|move: Taunt\n|cant|p1b: Clefairy|move: Taunt|Heal Pulse\n|move|p1a: Glastrier|Substitute|p1a: Glastrier\n|-start|p1a: Glastrier|Substitute\n|-damage|p1a: Glastrier|75\/100\n|\n|-weather|RainDance|[upkeep]\n|-heal|p1a: Glastrier|82\/100|[from] item: Leftovers\n|upkeep\n|turn|2\n|\n|t:|1698680021\n|switch|p1b: Landorus|Landorus-Therian, M|100\/100\n|-ability|p1b: Landorus|Intimidate|boost\n|-unboost|p2a: Overqwil|atk|1\n|-unboost|p2b: Basculegion|atk|1\n|move|p2a: Overqwil|Barb Barrage|p1a: Glastrier\n|-activate|p1a: Glastrier|move: Substitute|[damage]\n|-damage|p2a: Overqwil|91\/100|[from] item: Life Orb\n|move|p2b: Basculegion|Waterfall|p1a: Glastrier\n|-end|p1a: Glastrier|Substitute\n|move|p1a: Glastrier|High Horsepower|p2b: Basculegion\n|-damage|p2b: Basculegion|68\/100\n|\n|-weather|RainDance|[upkeep]\n|-heal|p1a: Glastrier|88\/100|[from] item: Leftovers\n|upkeep\n|turn|3\n|\n|t:|1698680056\n|switch|p1b: Clefairy|Clefairy, F|100\/100\n|switch|p2b: Tornadus|Tornadus, M, shiny|100\/100\n|move|p2a: Overqwil|Barb Barrage|p1a: Glastrier\n|-damage|p1a: Glastrier|75\/100\n|-damage|p2a: Overqwil|81\/100|[from] item: Life Orb\n|move|p1a: Glastrier|Substitute|p1a: Glastrier\n|-start|p1a: Glastrier|Substitute\n|-damage|p1a: Glastrier|50\/100\n|\n|-weather|RainDance|[upkeep]\n|-heal|p1a: Glastrier|57\/100|[from] item: Leftovers\n|upkeep\n|turn|4\n|\n|t:|1698680079\n|switch|p1b: Landorus|Landorus-Therian, M|100\/100\n|-ability|p1b: Landorus|Intimidate|boost\n|-unboost|p2a: Overqwil|atk|1\n|-unboost|p2b: Tornadus|atk|1\n|move|p2a: Overqwil|Taunt|p1b: Landorus\n|-start|p1b: Landorus|move: Taunt\n|move|p2b: Tornadus|Bleakwind Storm|p1a: Glastrier|[spread] p1a,p1b\n|-end|p1a: Glastrier|Substitute\n|-damage|p1b: Landorus|41\/100\n|move|p1a: Glastrier|Swords Dance|p1a: Glastrier\n|-boost|p1a: Glastrier|atk|2\n|\n|-weather|RainDance|[upkeep]\n|-heal|p1a: Glastrier|63\/100|[from] item: Leftovers\n|upkeep\n|turn|5\n|\n|t:|1698680141\n|switch|p1b: Clefairy|Clefairy, F|100\/100\n|move|p2a: Overqwil|Aqua Tail|p1b: Clefairy\n|-damage|p1b: Clefairy|77\/100\n|-damage|p2a: Overqwil|71\/100|[from] item: Life Orb\n|move|p2b: Tornadus|Bleakwind Storm|p1a: Glastrier|[spread] p1a,p1b\n|-damage|p1a: Glastrier|42\/100\n|-damage|p1b: Clefairy|41\/100\n|move|p1a: Glastrier|Icicle Crash|p2b: Tornadus\n|-supereffective|p2b: Tornadus\n|-damage|p2b: Tornadus|0 fnt\n|faint|p2b: Tornadus\n|-ability|p1a: Glastrier|Chilling Neigh|boost\n|-boost|p1a: Glastrier|atk|1\n|\n|-weather|RainDance|[upkeep]\n|-heal|p1a: Glastrier|48\/100|[from] item: Leftovers\n|upkeep\n|\n|t:|1698680158\n|switch|p2b: Basculegion|Basculegion-F, F|68\/100\n|turn|6\n|\n|t:|1698680176\n|move|p1b: Clefairy|Follow Me|p1b: Clefairy\n|-singleturn|p1b: Clefairy|move: Follow Me\n|move|p2a: Overqwil|Barb Barrage|p1b: Clefairy\n|-supereffective|p1b: Clefairy\n|-damage|p1b: Clefairy|8\/100\n|-status|p1b: Clefairy|psn\n|-damage|p2a: Overqwil|61\/100|[from] item: Life Orb\n|move|p2b: Basculegion|Waterfall|p1b: Clefairy\n|-damage|p1b: Clefairy|0 fnt\n|faint|p1b: Clefairy\n|move|p1a: Glastrier|High Horsepower|p2b: Basculegion\n|-damage|p2b: Basculegion|0 fnt\n|faint|p2b: Basculegion\n|-ability|p1a: Glastrier|Chilling Neigh|boost\n|-boost|p1a: Glastrier|atk|1\n|\n|-weather|RainDance|[upkeep]\n|-heal|p1a: Glastrier|54\/100|[from] item: Leftovers\n|upkeep\n|\n|t:|1698680200\n|switch|p2b: Braviary|Braviary-Hisui, M, shiny|100\/100\n|switch|p1b: Sinistcha|Sinistcha-Masterpiece|100\/100\n|-heal|p1a: Glastrier|79\/100|[from] ability: Hospitality|[of] p1b: Sinistcha\n|turn|7\n|-message|splat4 forfeited.\n|\n|win|Red_Maple_tree\n|raw|Red_Maple_tree's rating: 1154 &rarr; <strong>1171<\/strong><br \/>(+17 for winning)\n|raw|splat4's rating: 1045 &rarr; <strong>1033<\/strong><br \/>(-12 for losing)\n|l|\u2606splat4\n","uploadtime":1698680235,"views":15,"p1id":"redmapletree","p2id":"splat4","formatid":"gen9doublesou","rating":1033,"private":0,"password":""}