{"id":"gen9doublesou-1971190726","p1":"mikeyuwu","p2":"RealTrashBag","format":"[Gen 9] Doubles OU","log":"|j|\u2606mikeyuwu\n|j|\u2606RealTrashBag\n|t:|1697718087\n|gametype|doubles\n|player|p1|mikeyuwu|psychic-gen4|1372\n|player|p2|RealTrashBag|266|1363\n|teamsize|p1|6\n|teamsize|p2|6\n|gen|9\n|tier|[Gen 9] Doubles OU\n|rated|\n|rule|Species Clause: Limit one of each Pok\u00e9mon\n|rule|OHKO Clause: OHKO moves are banned\n|rule|Evasion Moves Clause: Evasion moves are banned\n|rule|Gravity Sleep Clause: The combination of sleep-inducing moves with imperfect accuracy and Gravity or Gigantamax Orbeetle are banned\n|rule|Endless Battle Clause: Forcing endless battles is banned\n|rule|HP Percentage Mod: HP is shown in percentages\n|clearpoke\n|poke|p1|Garchomp, M|\n|poke|p1|Tyranitar, F|\n|poke|p1|Vaporeon, F|\n|poke|p1|Toxicroak, M|\n|poke|p1|Pelipper, F|\n|poke|p1|Abomasnow, M|\n|poke|p2|Lilligant-Hisui, F|\n|poke|p2|Torkoal, M|\n|poke|p2|Rillaboom, F|\n|poke|p2|Great Tusk|\n|poke|p2|Slowking-Galar, F|\n|poke|p2|Walking Wake|\n|teampreview\n|\n|t:|1697718097\n|start\n|switch|p1a: OTLHPM|Toxicroak, M|100\/100\n|switch|p1b: Harmacy|Vaporeon, F|100\/100\n|switch|p2a: Torkoal|Torkoal, M|100\/100\n|switch|p2b: Lilligant|Lilligant-Hisui, F|100\/100\n|-weather|SunnyDay|[from] ability: Drought|[of] p2a: Torkoal\n|turn|1\n|\n|t:|1697718127\n|switch|p1a: Weather War|Pelipper, F|100\/100\n|-weather|RainDance|[from] ability: Drizzle|[of] p1a: Weather War\n|-terastallize|p2a: Torkoal|Grass\n|move|p2b: Lilligant|Protect|p2b: Lilligant\n|-singleturn|p2b: Lilligant|Protect\n|move|p1b: Harmacy|Weather Ball|p2a: Torkoal\n|-resisted|p2a: Torkoal\n|-damage|p2a: Torkoal|61\/100\n|move|p2a: Torkoal|Solar Beam||[still]\n|-prepare|p2a: Torkoal|Solar Beam\n|\n|-weather|RainDance|[upkeep]\n|upkeep\n|turn|2\n|\n|t:|1697718152\n|switch|p2b: Rillaboom|Rillaboom, F|100\/100\n|-fieldstart|move: Grassy Terrain|[from] ability: Grassy Surge|[of] p2b: Rillaboom\n|move|p1a: Weather War|Hurricane|p2b: Rillaboom\n|-supereffective|p2b: Rillaboom\n|-damage|p2b: Rillaboom|17\/100\n|move|p1b: Harmacy|Copycat|p1b: Harmacy\n|move|p1b: Harmacy|Hurricane|p2a: Torkoal|[from]move: Copycat\n|-supereffective|p2a: Torkoal\n|-damage|p2a: Torkoal|0 fnt\n|faint|p2a: Torkoal\n|\n|-weather|RainDance|[upkeep]\n|-heal|p2b: Rillaboom|23\/100|[from] Grassy Terrain\n|-heal|p2b: Rillaboom|29\/100|[from] item: Leftovers\n|upkeep\n|\n|t:|1697718173\n|switch|p2a: Lilligant|Lilligant-Hisui, F|100\/100\n|turn|3\n|\n|t:|1697718196\n|switch|p1b: Cold Shoulder|Abomasnow, M, shiny|100\/100\n|-weather|Snow|[from] ability: Snow Warning|[of] p1b: Cold Shoulder\n|move|p2b: Rillaboom|Grassy Glide|p1b: Cold Shoulder\n|-resisted|p1b: Cold Shoulder\n|-damage|p1b: Cold Shoulder|89\/100\n|move|p2a: Lilligant|Axe Kick|p1b: Cold Shoulder\n|-supereffective|p1b: Cold Shoulder\n|-damage|p1b: Cold Shoulder|20\/100\n|move|p1a: Weather War|Blizzard|p2b: Rillaboom|[spread] p2a,p2b\n|-supereffective|p2a: Lilligant\n|-supereffective|p2b: Rillaboom\n|-damage|p2a: Lilligant|41\/100\n|-damage|p2b: Rillaboom|0 fnt\n|faint|p2b: Rillaboom\n|\n|-weather|Snow|[upkeep]\n|-heal|p2a: Lilligant|47\/100|[from] Grassy Terrain\n|-heal|p1b: Cold Shoulder|26\/100|[from] Grassy Terrain\n|upkeep\n|\n|t:|1697718211\n|switch|p2b: Great Tusk|Great Tusk|100\/100\n|turn|4\n|\n|t:|1697718223\n|switch|p1b: Extra Spicy|Garchomp, M|100\/100\n|move|p2a: Lilligant|Axe Kick|p1b: Extra Spicy\n|-damage|p1b: Extra Spicy|64\/100\n|-start|p1b: Extra Spicy|confusion\n|-damage|p2a: Lilligant|35\/100|[from] ability: Rough Skin|[of] p1b: Extra Spicy\n|-damage|p2a: Lilligant|19\/100|[from] item: Rocky Helmet|[of] p1b: Extra Spicy\n|move|p2b: Great Tusk|Knock Off|p1a: Weather War\n|-damage|p1a: Weather War|72\/100\n|-enditem|p1a: Weather War|Heavy-Duty Boots|[from] move: Knock Off|[of] p2b: Great Tusk\n|move|p1a: Weather War|Blizzard|p2a: Lilligant|[spread] p2a,p2b\n|-supereffective|p2a: Lilligant\n|-supereffective|p2b: Great Tusk\n|-damage|p2a: Lilligant|0 fnt\n|-damage|p2b: Great Tusk|66\/100\n|faint|p2a: Lilligant\n|\n|-weather|Snow|[upkeep]\n|-heal|p2b: Great Tusk|72\/100|[from] Grassy Terrain\n|-heal|p1b: Extra Spicy|70\/100|[from] Grassy Terrain\n|upkeep\n|\n|t:|1697718242\n|switch|p2a: Walking Wake|Walking Wake|100\/100\n|turn|5\n|inactive|Battle timer is ON: inactive players will automatically lose when time's up. (requested by mikeyuwu)\n|\n|t:|1697718286\n|switch|p1b: ThcrThnSnkr|Tyranitar, F|100\/100\n|-weather|Sandstorm|[from] ability: Sand Stream|[of] p1b: ThcrThnSnkr\n|move|p2a: Walking Wake|Dragon Pulse|p1b: ThcrThnSnkr\n|-damage|p1b: ThcrThnSnkr|84\/100\n|-damage|p2a: Walking Wake|91\/100|[from] item: Life Orb\n|move|p2b: Great Tusk|Megahorn|p1a: Weather War\n|-resisted|p1a: Weather War\n|-crit|p1a: Weather War\n|-damage|p1a: Weather War|45\/100\n|move|p1a: Weather War|Chilling Water|p2b: Great Tusk\n|-supereffective|p2b: Great Tusk\n|-damage|p2b: Great Tusk|41\/100\n|-unboost|p2b: Great Tusk|atk|1\n|\n|-weather|Sandstorm|[upkeep]\n|-damage|p2a: Walking Wake|84\/100|[from] Sandstorm\n|-damage|p1a: Weather War|39\/100|[from] Sandstorm\n|-heal|p2a: Walking Wake|91\/100|[from] Grassy Terrain\n|-heal|p2b: Great Tusk|47\/100|[from] Grassy Terrain\n|-heal|p1b: ThcrThnSnkr|90\/100|[from] Grassy Terrain\n|upkeep\n|turn|6\n|\n|t:|1697718309\n|switch|p1b: Extra Spicy|Garchomp, M|70\/100\n|move|p2a: Walking Wake|Hydro Steam|p1b: Extra Spicy\n|-damage|p1b: Extra Spicy|24\/100\n|-damage|p2a: Walking Wake|81\/100|[from] item: Life Orb\n|move|p2b: Great Tusk|Megahorn|p1a: Weather War\n|-resisted|p1a: Weather War\n|-damage|p1a: Weather War|28\/100\n|move|p1a: Weather War|Chilling Water|p2b: Great Tusk\n|-supereffective|p2b: Great Tusk\n|-damage|p2b: Great Tusk|14\/100\n|-unboost|p2b: Great Tusk|atk|1\n|\n|-weather|Sandstorm|[upkeep]\n|-damage|p2a: Walking Wake|74\/100|[from] Sandstorm\n|-damage|p1a: Weather War|22\/100|[from] Sandstorm\n|-heal|p2a: Walking Wake|81\/100|[from] Grassy Terrain\n|-heal|p2b: Great Tusk|20\/100|[from] Grassy Terrain\n|-heal|p1b: Extra Spicy|30\/100|[from] Grassy Terrain\n|-fieldend|move: Grassy Terrain\n|upkeep\n|turn|7\n|inactive|RealTrashBag has 120 seconds left.\n|\n|t:|1697718349\n|switch|p1b: Harmacy|Vaporeon, F|100\/100\n|switch|p1a: OTLHPM|Toxicroak, M|100\/100\n|move|p2a: Walking Wake|Dragon Pulse|p1b: Harmacy\n|-damage|p1b: Harmacy|55\/100\n|-damage|p2a: Walking Wake|71\/100|[from] item: Life Orb\n|move|p2b: Great Tusk|Megahorn|p1a: OTLHPM\n|-resisted|p1a: OTLHPM\n|-damage|p1a: OTLHPM|92\/100\n|\n|-weather|Sandstorm|[upkeep]\n|-damage|p2a: Walking Wake|64\/100|[from] Sandstorm\n|-damage|p1a: OTLHPM|86\/100|[from] Sandstorm\n|-damage|p1b: Harmacy|49\/100|[from] Sandstorm\n|-heal|p1a: OTLHPM|92\/100|[from] item: Black Sludge\n|-heal|p1b: Harmacy|55\/100|[from] item: Leftovers\n|upkeep\n|turn|8\n|\n|t:|1697718363\n|-end|p2b: Great Tusk|Protosynthesis|[silent]\n|switch|p2b: Slowking|Slowking-Galar, F|100\/100\n|-clearboost|p2a: Walking Wake|[from] ability: Curious Medicine|[of] p2b: Slowking\n|move|p2a: Walking Wake|Dragon Pulse|p1b: Harmacy\n|-damage|p1b: Harmacy|12\/100\n|-damage|p2a: Walking Wake|54\/100|[from] item: Life Orb\n|move|p1a: OTLHPM|Poison Jab|p2a: Walking Wake\n|-damage|p2a: Walking Wake|10\/100\n|-status|p2a: Walking Wake|psn\n|move|p1b: Harmacy|Icy Wind|p2a: Walking Wake|[spread] p2a,p2b\n|-damage|p2a: Walking Wake|0 fnt\n|-damage|p2b: Slowking|92\/100\n|-unboost|p2b: Slowking|spe|1\n|faint|p2a: Walking Wake\n|-end|p2a: Walking Wake|Protosynthesis|[silent]\n|\n|-weather|Sandstorm|[upkeep]\n|-damage|p1a: OTLHPM|86\/100|[from] Sandstorm\n|-damage|p1b: Harmacy|5\/100|[from] Sandstorm\n|-damage|p2b: Slowking|86\/100|[from] Sandstorm\n|-heal|p1a: OTLHPM|92\/100|[from] item: Black Sludge\n|-heal|p1b: Harmacy|12\/100|[from] item: Leftovers\n|-heal|p2b: Slowking|92\/100|[from] item: Leftovers\n|upkeep\n|\n|t:|1697718373\n|switch|p2a: Great Tusk|Great Tusk|20\/100\n|turn|9\n|\n|t:|1697718388\n|switch|p1a: Extra Spicy|Garchomp, M|30\/100\n|move|p2a: Great Tusk|Body Press|p1b: Harmacy\n|-damage|p1b: Harmacy|0 fnt\n|faint|p1b: Harmacy\n|move|p2b: Slowking|Eerie Spell|p1a: Extra Spicy\n|-damage|p1a: Extra Spicy|0 fnt\n|faint|p1a: Extra Spicy\n|\n|-weather|none\n|-heal|p2b: Slowking|98\/100|[from] item: Leftovers\n|upkeep\n|\n|t:|1697718399\n|switch|p1a: Cold Shoulder|Abomasnow, M, shiny|26\/100\n|switch|p1b: Weather War|Pelipper, F|22\/100\n|-weather|RainDance|[from] ability: Drizzle|[of] p1b: Weather War\n|-weather|Snow|[from] ability: Snow Warning|[of] p1a: Cold Shoulder\n|turn|10\n|\n|t:|1697718417\n|move|p2a: Great Tusk|Body Press|p1a: Cold Shoulder\n|-supereffective|p1a: Cold Shoulder\n|-damage|p1a: Cold Shoulder|0 fnt\n|faint|p1a: Cold Shoulder\n|move|p1b: Weather War|Blizzard|p2a: Great Tusk|[spread] p2a,p2b\n|-supereffective|p2a: Great Tusk\n|-damage|p2a: Great Tusk|0 fnt\n|-damage|p2b: Slowking|83\/100\n|faint|p2a: Great Tusk\n|-end|p2a: Great Tusk|Protosynthesis|[silent]\n|move|p2b: Slowking|Eerie Spell|p1b: Weather War\n|-damage|p1b: Weather War|0 fnt\n|faint|p1b: Weather War\n|\n|-weather|Snow|[upkeep]\n|-heal|p2b: Slowking|90\/100|[from] item: Leftovers\n|upkeep\n|\n|t:|1697718425\n|switch|p1b: ThcrThnSnkr|Tyranitar, F|90\/100\n|switch|p1a: OTLHPM|Toxicroak, M|92\/100\n|-weather|Sandstorm|[from] ability: Sand Stream|[of] p1b: ThcrThnSnkr\n|turn|11\n|\n|t:|1697718435\n|-terastallize|p1a: OTLHPM|Dark\n|move|p1a: OTLHPM|Poison Jab|p2b: Slowking\n|-resisted|p2b: Slowking\n|-damage|p2b: Slowking|68\/100\n|move|p1b: ThcrThnSnkr|Knock Off|p2b: Slowking\n|-supereffective|p2b: Slowking\n|-damage|p2b: Slowking|0 fnt\n|-enditem|p2b: Slowking|Leftovers|[from] move: Knock Off|[of] p1b: ThcrThnSnkr\n|faint|p2b: Slowking\n|\n|win|mikeyuwu\n|raw|mikeyuwu's rating: 1372 &rarr; <strong>1391<\/strong><br \/>(+19 for winning)\n|raw|RealTrashBag's rating: 1363 &rarr; <strong>1344<\/strong><br \/>(-19 for losing)\n|c|\u2606RealTrashBag|gg\n|c|\u2606mikeyuwu|Gg\n|l|\u2606RealTrashBag\n","uploadtime":1697718459,"views":22,"p1id":"mikeyuwu","p2id":"realtrashbag","formatid":"gen9doublesou","rating":1344,"private":0,"password":""}