{"id":"gen9doublesou-1987954691","p1":"Kingnick0825","p2":"keepingitreel","format":"[Gen 9] Doubles OU","log":"|j|\u2606Kingnick0825\n|j|\u2606keepingitreel\n|t:|1699652763\n|gametype|doubles\n|player|p1|Kingnick0825|steven|1389\n|player|p2|keepingitreel|fisherman-gen4|1449\n|teamsize|p1|6\n|teamsize|p2|6\n|gen|9\n|tier|[Gen 9] Doubles OU\n|rated|\n|rule|Species Clause: Limit one of each Pok\u00e9mon\n|rule|OHKO Clause: OHKO moves are banned\n|rule|Evasion Moves Clause: Evasion moves are banned\n|rule|Gravity Sleep Clause: The combination of sleep-inducing moves with imperfect accuracy and Gravity or Gigantamax Orbeetle are banned\n|rule|Endless Battle Clause: Forcing endless battles is banned\n|rule|HP Percentage Mod: HP is shown in percentages\n|clearpoke\n|poke|p1|Chi-Yu|\n|poke|p1|Quaquaval, M|\n|poke|p1|Roaring Moon|\n|poke|p1|Clodsire, M|\n|poke|p1|Iron Valiant|\n|poke|p1|Rotom-Fan|\n|poke|p2|Tornadus, M|\n|poke|p2|Brambleghast, M|\n|poke|p2|Landorus-Therian, M|\n|poke|p2|Bellibolt, F|\n|poke|p2|Arcanine-Hisui, M|\n|poke|p2|Crawdaunt, F|\n|teampreview\n|inactive|Battle timer is ON: inactive players will automatically lose when time's up. (requested by keepingitreel)\n|\n|t:|1699652778\n|start\n|switch|p1a: Clodsire|Clodsire, M|100\/100\n|switch|p1b: Rotom|Rotom-Fan|100\/100\n|switch|p2a: Landorus|Landorus-Therian, M|100\/100\n|switch|p2b: Crawdaunt|Crawdaunt, F|100\/100\n|-ability|p2a: Landorus|Intimidate|boost\n|-unboost|p1a: Clodsire|atk|1\n|-unboost|p1b: Rotom|atk|1\n|turn|1\n|\n|t:|1699652795\n|move|p2a: Landorus|Rock Slide|p1a: Clodsire|[spread] p1a,p1b\n|-resisted|p1a: Clodsire\n|-supereffective|p1b: Rotom\n|-damage|p1a: Clodsire|91\/100\n|-damage|p1b: Rotom|44\/100\n|move|p1b: Rotom|Discharge|p2b: Crawdaunt|[spread] p2b\n|-immune|p1a: Clodsire\n|-immune|p2a: Landorus\n|-supereffective|p2b: Crawdaunt\n|-damage|p2b: Crawdaunt|0 fnt\n|faint|p2b: Crawdaunt\n|move|p1a: Clodsire|Toxic|p2a: Landorus\n|-status|p2a: Landorus|tox\n|\n|-heal|p1b: Rotom|50\/100|[from] item: Leftovers\n|-damage|p2a: Landorus|94\/100 tox|[from] psn\n|upkeep\n|\n|t:|1699652812\n|switch|p2b: Tornadus|Tornadus, M|100\/100\n|turn|2\n|\n|t:|1699652818\n|move|p1b: Rotom|Protect|p1b: Rotom\n|-singleturn|p1b: Rotom|Protect\n|move|p2b: Tornadus|Tailwind|p2b: Tornadus\n|-sidestart|p2: keepingitreel|move: Tailwind\n|move|p2a: Landorus|Rock Slide|p1b: Rotom|[spread] p1a\n|-activate|p1b: Rotom|move: Protect\n|-resisted|p1a: Clodsire\n|-damage|p1a: Clodsire|81\/100\n|move|p1a: Clodsire|Poison Jab|p2b: Tornadus\n|-damage|p2b: Tornadus|75\/100\n|\n|-heal|p1b: Rotom|57\/100|[from] item: Leftovers\n|-damage|p2a: Landorus|82\/100 tox|[from] psn\n|upkeep\n|turn|3\n|inactive|Kingnick0825 has 120 seconds left.\n|\n|t:|1699652848\n|switch|p2b: Brambleghast|Brambleghast, M|100\/100\n|-ability|p2b: Brambleghast|Wind Rider|boost\n|-boost|p2b: Brambleghast|atk|1\n|switch|p1b: Quaquaval|Quaquaval, M|100\/100\n|move|p2a: Landorus|Rock Slide|p1b: Quaquaval|[spread] p1a,p1b\n|-resisted|p1a: Clodsire\n|-resisted|p1b: Quaquaval\n|-damage|p1a: Clodsire|69\/100\n|-damage|p1b: Quaquaval|89\/100\n|move|p1a: Clodsire|Toxic|p2b: Brambleghast\n|-status|p2b: Brambleghast|tox\n|\n|-damage|p2a: Landorus|63\/100 tox|[from] psn\n|-damage|p2b: Brambleghast|95\/100 tox|[from] psn\n|upkeep\n|turn|4\n|\n|t:|1699652871\n|switch|p2a: Arcanine|Arcanine-Hisui, M|100\/100\n|move|p2b: Brambleghast|Seed Bomb|p1b: Quaquaval\n|-supereffective|p1b: Quaquaval\n|-damage|p1b: Quaquaval|0 fnt\n|faint|p1b: Quaquaval\n|move|p1a: Clodsire|Recover|p1a: Clodsire\n|-heal|p1a: Clodsire|100\/100\n|\n|-damage|p2b: Brambleghast|83\/100 tox|[from] psn\n|upkeep\n|\n|t:|1699652883\n|switch|p1b: Rotom|Rotom-Fan|57\/100\n|turn|5\n|\n|t:|1699652892\n|move|p1b: Rotom|Protect|p1b: Rotom\n|-singleturn|p1b: Rotom|Protect\n|move|p2a: Arcanine|Head Smash|p1b: Rotom\n|-activate|p1b: Rotom|move: Protect\n|move|p2b: Brambleghast|Poltergeist|p1a: Clodsire\n|-activate|p1a: Clodsire|move: Poltergeist|Aguav Berry\n|-damage|p1a: Clodsire|25\/100\n|-enditem|p1a: Clodsire|Aguav Berry|[eat]\n|-heal|p1a: Clodsire|58\/100|[from] item: Aguav Berry\n|move|p1a: Clodsire|Earthquake|p2b: Brambleghast|[spread] p2a,p2b\n|-activate|p1b: Rotom|move: Protect\n|-supereffective|p2a: Arcanine\n|-resisted|p2b: Brambleghast\n|-damage|p2a: Arcanine|5\/100\n|-damage|p2b: Brambleghast|68\/100 tox\n|\n|-heal|p1b: Rotom|63\/100|[from] item: Leftovers\n|-damage|p2b: Brambleghast|50\/100 tox|[from] psn\n|-sideend|p2: keepingitreel|move: Tailwind\n|upkeep\n|turn|6\n|\n|t:|1699652916\n|switch|p2a: Landorus|Landorus-Therian, M|63\/100 tox\n|-ability|p2a: Landorus|Intimidate|boost\n|-unboost|p1a: Clodsire|atk|1\n|-unboost|p1b: Rotom|atk|1\n|move|p1b: Rotom|Discharge|p2b: Brambleghast|[spread] p2b\n|-immune|p1a: Clodsire\n|-immune|p2a: Landorus\n|-resisted|p2b: Brambleghast\n|-damage|p2b: Brambleghast|24\/100 tox\n|move|p2b: Brambleghast|Poltergeist||[still]\n|-fail|p2b: Brambleghast\n|move|p1a: Clodsire|Recover|p1a: Clodsire\n|-heal|p1a: Clodsire|100\/100\n|\n|-heal|p1b: Rotom|69\/100|[from] item: Leftovers\n|-damage|p2a: Landorus|57\/100 tox|[from] psn\n|-damage|p2b: Brambleghast|0 fnt|[from] psn\n|faint|p2b: Brambleghast\n|upkeep\n|\n|t:|1699652931\n|switch|p2b: Tornadus|Tornadus, M|75\/100\n|turn|7\n|\n|t:|1699652937\n|move|p2b: Tornadus|Tailwind|p2b: Tornadus\n|-sidestart|p2: keepingitreel|move: Tailwind\n|move|p2a: Landorus|Rock Slide|p1a: Clodsire|[spread] p1a,p1b\n|-resisted|p1a: Clodsire\n|-supereffective|p1b: Rotom\n|-damage|p1a: Clodsire|89\/100\n|-damage|p1b: Rotom|8\/100\n|move|p1b: Rotom|Discharge|p2a: Landorus|[spread] p2b\n|-immune|p1a: Clodsire\n|-immune|p2a: Landorus\n|-supereffective|p2b: Tornadus\n|-damage|p2b: Tornadus|10\/100\n|move|p1a: Clodsire|Poison Jab|p2b: Tornadus\n|-damage|p2b: Tornadus|0 fnt\n|faint|p2b: Tornadus\n|\n|-heal|p1b: Rotom|15\/100|[from] item: Leftovers\n|-damage|p2a: Landorus|44\/100 tox|[from] psn\n|upkeep\n|\n|t:|1699652948\n|switch|p2b: Bellibolt|Bellibolt, F|100\/100\n|turn|8\n|\n|t:|1699652955\n|move|p1b: Rotom|Protect|p1b: Rotom\n|-singleturn|p1b: Rotom|Protect\n|move|p2a: Landorus|Rock Slide|p1b: Rotom|[spread] p1a\n|-activate|p1b: Rotom|move: Protect\n|-resisted|p1a: Clodsire\n|-damage|p1a: Clodsire|79\/100\n|move|p2b: Bellibolt|Muddy Water|p1b: Rotom|[spread] \n|-activate|p1b: Rotom|move: Protect\n|-heal|p1a: Clodsire|100\/100|[from] ability: Water Absorb|[of] p2b: Bellibolt\n|cant|p1a: Clodsire|flinch\n|\n|-heal|p1b: Rotom|21\/100|[from] item: Leftovers\n|-damage|p2a: Landorus|25\/100 tox|[from] psn\n|upkeep\n|turn|9\n|\n|t:|1699652973\n|move|p2a: Landorus|Rock Slide|p1a: Clodsire|[spread] p1a,p1b\n|-resisted|p1a: Clodsire\n|-supereffective|p1b: Rotom\n|-damage|p1a: Clodsire|90\/100\n|-damage|p1b: Rotom|0 fnt\n|faint|p1b: Rotom\n|move|p2b: Bellibolt|Hyper Voice|p1a: Clodsire\n|-damage|p1a: Clodsire|67\/100\n|move|p1a: Clodsire|Earthquake|p2b: Bellibolt|[spread] p2b\n|-immune|p2a: Landorus\n|-supereffective|p2b: Bellibolt\n|-damage|p2b: Bellibolt|79\/100\n|-start|p2b: Bellibolt|Charge|Earthquake|[from] ability: Electromorphosis\n|\n|-heal|p2b: Bellibolt|85\/100|[from] item: Leftovers\n|-damage|p2a: Landorus|0 fnt|[from] psn\n|faint|p2a: Landorus\n|upkeep\n|\n|t:|1699652983\n|switch|p2a: Arcanine|Arcanine-Hisui, M|5\/100\n|switch|p1b: Chi-Yu|Chi-Yu|100\/100\n|-ability|p1b: Chi-Yu|Beads of Ruin\n|turn|10\n|\n|t:|1699653000\n|move|p1b: Chi-Yu|Protect|p1b: Chi-Yu\n|-singleturn|p1b: Chi-Yu|Protect\n|move|p2a: Arcanine|Flare Blitz|p1a: Clodsire\n|-damage|p1a: Clodsire|0 fnt\n|faint|p1a: Clodsire\n|-damage|p2a: Arcanine|0 fnt|[from] item: Life Orb\n|faint|p2a: Arcanine\n|move|p2b: Bellibolt|Parabolic Charge|p1b: Chi-Yu\n|-activate|p1b: Chi-Yu|move: Protect\n|-end|p2b: Bellibolt|Charge|[silent]\n|\n|-heal|p2b: Bellibolt|91\/100|[from] item: Leftovers\n|-sideend|p2: keepingitreel|move: Tailwind\n|upkeep\n|\n|t:|1699653013\n|switch|p1a: Roaring Moon|Roaring Moon|100\/100\n|-enditem|p1a: Roaring Moon|Booster Energy\n|-activate|p1a: Roaring Moon|ability: Protosynthesis|[fromitem]\n|-start|p1a: Roaring Moon|protosynthesisspe\n|turn|11\n|\n|t:|1699653021\n|move|p1a: Roaring Moon|Crunch|p2b: Bellibolt\n|-damage|p2b: Bellibolt|62\/100\n|-start|p2b: Bellibolt|Charge|Crunch|[from] ability: Electromorphosis\n|move|p1b: Chi-Yu|Dark Pulse|p2b: Bellibolt\n|-damage|p2b: Bellibolt|4\/100\n|-start|p2b: Bellibolt|Charge|Dark Pulse|[from] ability: Electromorphosis\n|move|p2b: Bellibolt|Parabolic Charge|p1a: Roaring Moon|[spread] p1a,p1b\n|-resisted|p1a: Roaring Moon\n|-damage|p1a: Roaring Moon|75\/100\n|-heal|p2b: Bellibolt|15\/100|[from] drain|[of] p1a: Roaring Moon\n|-damage|p1b: Chi-Yu|44\/100\n|-heal|p2b: Bellibolt|32\/100|[from] drain|[of] p1b: Chi-Yu\n|-end|p2b: Bellibolt|Charge|[silent]\n|\n|-heal|p1b: Chi-Yu|50\/100|[from] item: Leftovers\n|-heal|p2b: Bellibolt|38\/100|[from] item: Leftovers\n|upkeep\n|turn|12\n|\n|t:|1699653029\n|move|p2b: Bellibolt|Protect|p2b: Bellibolt\n|-singleturn|p2b: Bellibolt|Protect\n|move|p1a: Roaring Moon|Crunch|p2b: Bellibolt\n|-activate|p2b: Bellibolt|move: Protect\n|move|p1b: Chi-Yu|Dark Pulse|p2b: Bellibolt\n|-activate|p2b: Bellibolt|move: Protect\n|\n|-heal|p1b: Chi-Yu|56\/100|[from] item: Leftovers\n|-heal|p2b: Bellibolt|44\/100|[from] item: Leftovers\n|upkeep\n|turn|13\n|\n|t:|1699653045\n|-terastallize|p2b: Bellibolt|Water\n|move|p1a: Roaring Moon|Crunch|p2b: Bellibolt\n|-damage|p2b: Bellibolt|12\/100\n|-unboost|p2b: Bellibolt|def|1\n|-start|p2b: Bellibolt|Charge|Crunch|[from] ability: Electromorphosis\n|move|p1b: Chi-Yu|Dark Pulse|p2b: Bellibolt\n|-crit|p2b: Bellibolt\n|-damage|p2b: Bellibolt|0 fnt\n|faint|p2b: Bellibolt\n|\n|win|Kingnick0825\n|raw|Kingnick0825's rating: 1389 &rarr; <strong>1412<\/strong><br \/>(+23 for winning)\n|raw|keepingitreel's rating: 1449 &rarr; <strong>1426<\/strong><br \/>(-23 for losing)\n","uploadtime":1699653051,"views":9,"p1id":"kingnick0825","p2id":"keepingitreel","formatid":"gen9doublesou","rating":1412,"private":0,"password":""}