{"id":"gen9doublesou-1985869280","p1":"JacobMR527","p2":"MajorPeter","format":"[Gen 9] Doubles OU","log":"|j|\u2606JacobMR527\n|j|\u2606MajorPeter\n|inactive|Battle timer is ON: inactive players will automatically lose when time's up.\n|t:|1699415393\n|gametype|doubles\n|player|p1|JacobMR527|volo|\n|player|p2|MajorPeter|nessa-masters|\n|teamsize|p1|6\n|teamsize|p2|6\n|gen|9\n|tier|[Gen 9] Doubles OU\n|rated|Tournament battle\n|rule|Species Clause: Limit one of each Pok\u00e9mon\n|rule|OHKO Clause: OHKO moves are banned\n|rule|Evasion Moves Clause: Evasion moves are banned\n|rule|Gravity Sleep Clause: The combination of sleep-inducing moves with imperfect accuracy and Gravity or Gigantamax Orbeetle are banned\n|rule|Endless Battle Clause: Forcing endless battles is banned\n|rule|HP Percentage Mod: HP is shown in percentages\n|clearpoke\n|poke|p1|Garganacl, M|\n|poke|p1|Toedscruel, F|\n|poke|p1|Basculegion-F, F|\n|poke|p1|Pelipper, M|\n|poke|p1|Great Tusk|\n|poke|p1|Iron Hands|\n|poke|p2|Pachirisu, M|\n|poke|p2|Jumpluff, M|\n|poke|p2|Great Tusk|\n|poke|p2|Armarouge, F|\n|poke|p2|Indeedee-F, F|\n|poke|p2|Iron Hands|\n|teampreview\n|j|*Lady Monita \u263d\n|inactive|JacobMR527 also wants the timer to be on.\n|\n|t:|1699415417\n|start\n|switch|p1a: Toedscruel|Toedscruel, F|100\/100\n|switch|p1b: Garganacl|Garganacl, M|100\/100\n|switch|p2a: Jumpluff|Jumpluff, M|100\/100\n|switch|p2b: Great Tusk|Great Tusk|100\/100\n|turn|1\n|\n|t:|1699415438\n|move|p2a: Jumpluff|Sunny Day|p2a: Jumpluff\n|-weather|SunnyDay\n|-activate|p2b: Great Tusk|ability: Protosynthesis\n|-start|p2b: Great Tusk|protosynthesisatk\n|move|p2b: Great Tusk|Ice Spinner|p1a: Toedscruel\n|-supereffective|p1a: Toedscruel\n|-damage|p1a: Toedscruel|0 fnt\n|faint|p1a: Toedscruel\n|move|p1b: Garganacl|Stealth Rock|p2a: Jumpluff\n|-sidestart|p2: MajorPeter|move: Stealth Rock\n|\n|-weather|SunnyDay|[upkeep]\n|upkeep\n|j| luiyo22\n|\n|t:|1699415450\n|switch|p1a: Great Tusk|Great Tusk|100\/100\n|-activate|p1a: Great Tusk|ability: Protosynthesis\n|-start|p1a: Great Tusk|protosynthesisatk\n|turn|2\n|\n|t:|1699415478\n|move|p2a: Jumpluff|Tailwind|p2a: Jumpluff\n|-sidestart|p2: MajorPeter|move: Tailwind\n|move|p2b: Great Tusk|Ice Spinner|p1a: Great Tusk\n|-supereffective|p1a: Great Tusk\n|-damage|p1a: Great Tusk|33\/100\n|move|p1a: Great Tusk|Close Combat|p2b: Great Tusk\n|-damage|p2b: Great Tusk|44\/100\n|-unboost|p1a: Great Tusk|def|1\n|-unboost|p1a: Great Tusk|spd|1\n|move|p1b: Garganacl|Salt Cure|p2a: Jumpluff\n|-supereffective|p2a: Jumpluff\n|-damage|p2a: Jumpluff|54\/100\n|-start|p2a: Jumpluff|Salt Cure\n|\n|-weather|SunnyDay|[upkeep]\n|-damage|p2a: Jumpluff|42\/100|[from] Salt Cure\n|upkeep\n|turn|3\n|inactive|JacobMR527 has 120 seconds left.\n|inactive|MajorPeter has 120 seconds left.\n|\n|t:|1699415536\n|move|p1b: Garganacl|Protect|p1b: Garganacl\n|-singleturn|p1b: Garganacl|Protect\n|move|p2a: Jumpluff|Pollen Puff|p2b: Great Tusk\n|-heal|p2b: Great Tusk|94\/100\n|move|p2b: Great Tusk|Ice Spinner|p1a: Great Tusk\n|-supereffective|p1a: Great Tusk\n|-damage|p1a: Great Tusk|0 fnt\n|faint|p1a: Great Tusk\n|-end|p1a: Great Tusk|Protosynthesis|[silent]\n|\n|-weather|SunnyDay|[upkeep]\n|-damage|p2a: Jumpluff|30\/100|[from] Salt Cure\n|upkeep\n|\n|t:|1699415542\n|switch|p1a: Iron Hands|Iron Hands|100\/100\n|turn|4\n|\n|t:|1699415555\n|move|p1a: Iron Hands|Fake Out|p2b: Great Tusk\n|-damage|p2b: Great Tusk|82\/100\n|move|p2a: Jumpluff|Dazzling Gleam|p1a: Iron Hands|[spread] p1a,p1b\n|-supereffective|p1a: Iron Hands\n|-damage|p1a: Iron Hands|86\/100\n|-damage|p1b: Garganacl|91\/100\n|cant|p2b: Great Tusk|flinch\n|move|p1b: Garganacl|Salt Cure|p2b: Great Tusk\n|-resisted|p2b: Great Tusk\n|-damage|p2b: Great Tusk|80\/100\n|-start|p2b: Great Tusk|Salt Cure\n|\n|-weather|SunnyDay|[upkeep]\n|-heal|p1b: Garganacl|97\/100|[from] item: Leftovers\n|-damage|p2a: Jumpluff|17\/100|[from] Salt Cure\n|-damage|p2b: Great Tusk|67\/100|[from] Salt Cure\n|upkeep\n|turn|5\n|\n|t:|1699415585\n|-end|p1a: Iron Hands|Quark Drive|[silent]\n|switch|p1a: Pelipper|Pelipper, M|100\/100\n|-weather|RainDance|[from] ability: Drizzle|[of] p1a: Pelipper\n|-end|p2b: Great Tusk|Protosynthesis\n|move|p2a: Jumpluff|Pollen Puff|p2b: Great Tusk\n|-heal|p2b: Great Tusk|100\/100\n|move|p2b: Great Tusk|Earthquake|p1a: Pelipper|[spread] p1b\n|-immune|p2a: Jumpluff\n|-immune|p1a: Pelipper\n|-supereffective|p1b: Garganacl\n|-damage|p1b: Garganacl|36\/100\n|move|p1b: Garganacl|Body Press|p2b: Great Tusk\n|-damage|p2b: Great Tusk|80\/100\n|\n|-weather|RainDance|[upkeep]\n|-heal|p1b: Garganacl|42\/100|[from] item: Leftovers\n|-damage|p2a: Jumpluff|5\/100|[from] Salt Cure\n|-damage|p2b: Great Tusk|68\/100|[from] Salt Cure\n|-sideend|p2: MajorPeter|move: Tailwind\n|upkeep\n|turn|6\n|inactive|MajorPeter has 120 seconds left.\n|\n|t:|1699415637\n|move|p2a: Jumpluff|Sunny Day|p2a: Jumpluff\n|-weather|SunnyDay\n|-activate|p2b: Great Tusk|ability: Protosynthesis\n|-start|p2b: Great Tusk|protosynthesisatk\n|move|p2b: Great Tusk|Rock Slide|p1a: Pelipper|[spread] p1a,p1b\n|-supereffective|p1a: Pelipper\n|-damage|p1a: Pelipper|34\/100\n|-damage|p1b: Garganacl|26\/100\n|cant|p1a: Pelipper|flinch\n|move|p1b: Garganacl|Body Press|p2b: Great Tusk\n|-damage|p2b: Great Tusk|50\/100\n|\n|-weather|SunnyDay|[upkeep]\n|-heal|p1b: Garganacl|32\/100|[from] item: Leftovers\n|-damage|p2a: Jumpluff|0 fnt|[from] Salt Cure\n|faint|p2a: Jumpluff\n|-damage|p2b: Great Tusk|38\/100|[from] Salt Cure\n|upkeep\n|inactive|MajorPeter has 90 seconds left.\n|\n|t:|1699415674\n|switch|p2a: Pachirisu|Pachirisu, M|100\/100\n|-damage|p2a: Pachirisu|88\/100|[from] Stealth Rock\n|turn|7\n|inactive|MajorPeter has 90 seconds left.\n|\n|t:|1699415695\n|switch|p1a: Iron Hands|Iron Hands|86\/100\n|move|p2a: Pachirisu|Follow Me|p2a: Pachirisu\n|-singleturn|p2a: Pachirisu|move: Follow Me\n|move|p2b: Great Tusk|Ice Spinner|p1a: Iron Hands\n|-damage|p1a: Iron Hands|63\/100\n|move|p1b: Garganacl|Salt Cure|p2a: Pachirisu\n|-damage|p2a: Pachirisu|67\/100\n|-start|p2a: Pachirisu|Salt Cure\n|\n|-weather|SunnyDay|[upkeep]\n|-heal|p1b: Garganacl|38\/100|[from] item: Leftovers\n|-damage|p2b: Great Tusk|25\/100|[from] Salt Cure\n|-damage|p2a: Pachirisu|55\/100|[from] Salt Cure\n|upkeep\n|turn|8\n|inactive|MajorPeter has 90 seconds left.\n|\n|t:|1699415721\n|move|p1a: Iron Hands|Fake Out|p2b: Great Tusk\n|-damage|p2b: Great Tusk|13\/100\n|cant|p2b: Great Tusk|flinch\n|move|p2a: Pachirisu|Encore|p1b: Garganacl\n|-start|p1b: Garganacl|Encore\n|move|p1b: Garganacl|Salt Cure|p2a: Pachirisu\n|-damage|p2a: Pachirisu|34\/100\n|-enditem|p2a: Pachirisu|Sitrus Berry|[eat]\n|-heal|p2a: Pachirisu|59\/100|[from] item: Sitrus Berry\n|\n|-weather|SunnyDay|[upkeep]\n|-heal|p1b: Garganacl|44\/100|[from] item: Leftovers\n|-damage|p2b: Great Tusk|1\/100|[from] Salt Cure\n|-damage|p2a: Pachirisu|47\/100|[from] Salt Cure\n|upkeep\n|turn|9\n|inactive|MajorPeter has 90 seconds left.\n|\n|t:|1699415741\n|move|p2a: Pachirisu|Follow Me|p2a: Pachirisu\n|-singleturn|p2a: Pachirisu|move: Follow Me\n|move|p2b: Great Tusk|Earthquake|p1a: Iron Hands|[spread] p2a,p1a,p1b\n|-supereffective|p2a: Pachirisu\n|-supereffective|p1a: Iron Hands\n|-crit|p1a: Iron Hands\n|-supereffective|p1b: Garganacl\n|-crit|p1b: Garganacl\n|-damage|p2a: Pachirisu|0 fnt\n|-damage|p1a: Iron Hands|0 fnt\n|-damage|p1b: Garganacl|0 fnt\n|faint|p2a: Pachirisu\n|faint|p1a: Iron Hands\n|-end|p1a: Iron Hands|Quark Drive|[silent]\n|faint|p1b: Garganacl\n|\n|-weather|SunnyDay|[upkeep]\n|-damage|p2b: Great Tusk|0 fnt|[from] Salt Cure\n|faint|p2b: Great Tusk\n|-end|p2b: Great Tusk|Protosynthesis|[silent]\n|upkeep\n|inactive|MajorPeter has 90 seconds left.\n|\n|t:|1699415762\n|switch|p2b: Armarouge|Armarouge, F|100\/100\n|switch|p2a: Indeedee|Indeedee-F, F|100\/100\n|switch|p1a: Basculegion|Basculegion-F, F|100\/100\n|switch|p1b: Pelipper|Pelipper, M|34\/100\n|-damage|p2b: Armarouge|75\/100|[from] Stealth Rock\n|-damage|p2a: Indeedee|88\/100|[from] Stealth Rock\n|-fieldstart|move: Psychic Terrain|[from] ability: Psychic Surge|[of] p2a: Indeedee\n|-enditem|p2a: Indeedee|Psychic Seed\n|-boost|p2a: Indeedee|spd|1|[from] item: Psychic Seed\n|-weather|RainDance|[from] ability: Drizzle|[of] p1b: Pelipper\n|turn|10\n|inactive|MajorPeter has 90 seconds left.\n|inactive|JacobMR527 has 120 seconds left.\n|\n|t:|1699415808\n|move|p2a: Indeedee|Follow Me|p2a: Indeedee\n|-singleturn|p2a: Indeedee|move: Follow Me\n|move|p1a: Basculegion|Wave Crash|p2a: Indeedee\n|-damage|p2a: Indeedee|0 fnt\n|faint|p2a: Indeedee\n|-damage|p1a: Basculegion|75\/100|[from] Recoil\n|-heal|p1a: Basculegion|84\/100|[from] item: Shell Bell|[of] p2: Indeedee\n|move|p2b: Armarouge|Expanding Force|p1b: Pelipper|[spread] p1a,p1b\n|-damage|p1a: Basculegion|13\/100\n|-damage|p1b: Pelipper|0 fnt\n|faint|p1b: Pelipper\n|\n|-weather|RainDance|[upkeep]\n|upkeep\n|\n|t:|1699415820\n|switch|p2a: Iron Hands|Iron Hands|100\/100\n|-damage|p2a: Iron Hands|94\/100|[from] Stealth Rock\n|-enditem|p2a: Iron Hands|Booster Energy\n|-activate|p2a: Iron Hands|ability: Quark Drive|[fromitem]\n|-start|p2a: Iron Hands|quarkdriveatk\n|turn|11\n|\n|t:|1699415833\n|-terastallize|p2b: Armarouge|Grass\n|move|p1a: Basculegion|Last Respects|p2b: Armarouge\n|-damage|p2b: Armarouge|0 fnt\n|faint|p2b: Armarouge\n|-heal|p1a: Basculegion|21\/100|[from] item: Shell Bell|[of] p2: Armarouge\n|move|p2a: Iron Hands|Thunder Punch|p1a: Basculegion\n|-supereffective|p1a: Basculegion\n|-crit|p1a: Basculegion\n|-damage|p1a: Basculegion|0 fnt\n|faint|p1a: Basculegion\n|\n|win|MajorPeter\n|n|\u2606JacobMR527|jacobmr527\n|n|\u2606MajorPeter|majorpeter\n|n|*Lady Monita \u263d|ladymonita\n|n| luiyo22|luiyo22\n|l|*Lady Monita \u263d\n|l|\u2606JacobMR527\n","uploadtime":1699415857,"views":9,"p1id":"jacobmr527","p2id":"majorpeter","formatid":"gen9doublesou","rating":0,"private":0,"password":""}