{"id":"gen9doublesou-1998102610","p1":"Shelmett","p2":"Imagine A Place","format":"[Gen 9] Doubles OU","log":"|j|\u2606Shelmett\n|j|\u2606Imagine A Place\n|t:|1700891714\n|gametype|doubles\n|player|p1|Shelmett|roxie|1179\n|player|p2|Imagine A Place|youngster-gen4dp|1269\n|teamsize|p1|6\n|teamsize|p2|6\n|gen|9\n|tier|[Gen 9] Doubles OU\n|rated|\n|rule|Species Clause: Limit one of each Pok\u00e9mon\n|rule|OHKO Clause: OHKO moves are banned\n|rule|Evasion Moves Clause: Evasion moves are banned\n|rule|Gravity Sleep Clause: The combination of sleep-inducing moves with imperfect accuracy and Gravity or Gigantamax Orbeetle are banned\n|rule|Endless Battle Clause: Forcing endless battles is banned\n|rule|HP Percentage Mod: HP is shown in percentages\n|clearpoke\n|poke|p1|Ogerpon, F|\n|poke|p1|Skuntank, M|\n|poke|p1|Delibird, F|\n|poke|p1|Cresselia, F|\n|poke|p1|Flutter Mane|\n|poke|p1|Shroodle, F|\n|poke|p2|Cresselia, F|\n|poke|p2|Glimmora, M|\n|poke|p2|Landorus-Therian, M|\n|poke|p2|Iron Hands|\n|poke|p2|Rotom-Wash|\n|poke|p2|Arcanine-Hisui, M|\n|teampreview\n|inactive|Battle timer is ON: inactive players will automatically lose when time's up. (requested by Imagine A Place)\n|\n|t:|1700891737\n|start\n|switch|p1a: Skuntank|Skuntank, M|100\/100\n|switch|p1b: Shroodle|Shroodle, F|100\/100\n|switch|p2a: Landorus|Landorus-Therian, M|100\/100\n|switch|p2b: Rotom|Rotom-Wash|100\/100\n|-ability|p2a: Landorus|Intimidate|boost\n|-unboost|p1a: Skuntank|atk|1\n|-unboost|p1b: Shroodle|atk|1\n|turn|1\n|\n|t:|1700891756\n|switch|p1a: Cresselia|Cresselia, F|100\/100\n|move|p1b: Shroodle|Taunt|p2b: Rotom\n|-start|p2b: Rotom|move: Taunt\n|cant|p2b: Rotom|move: Taunt|Thunder Wave\n|move|p2a: Landorus|Stomping Tantrum|p1b: Shroodle\n|-supereffective|p1b: Shroodle\n|-enditem|p1b: Shroodle|Focus Sash\n|-damage|p1b: Shroodle|1\/100\n|\n|upkeep\n|turn|2\n|\n|t:|1700891777\n|move|p1b: Shroodle|Parting Shot|p2a: Landorus\n|-unboost|p2a: Landorus|atk|1\n|-unboost|p2a: Landorus|spa|1\n|\n|t:|1700891784\n|switch|p1b: Delibird|Delibird, F|100\/100|[from] Parting Shot\n|move|p2b: Rotom|Volt Switch|p1a: Cresselia\n|-damage|p1a: Cresselia|77\/100\n|\n|t:|1700891796\n|switch|p2b: Arcanine|Arcanine-Hisui, M|100\/100|[from] Volt Switch\n|move|p2a: Landorus|U-turn|p1b: Delibird\n|-resisted|p1b: Delibird\n|-crit|p1b: Delibird\n|-damage|p1b: Delibird|38\/100\n|\n|t:|1700891802\n|switch|p2a: Iron Hands|Iron Hands|100\/100|[from] U-turn\n|move|p1a: Cresselia|Calm Mind|p1a: Cresselia\n|-boost|p1a: Cresselia|spa|1\n|-boost|p1a: Cresselia|spd|1\n|\n|-heal|p1a: Cresselia|83\/100|[from] item: Leftovers\n|upkeep\n|turn|3\n|\n|t:|1700891816\n|-terastallize|p1a: Cresselia|Electric\n|move|p1b: Delibird|Fake Out|p2a: Iron Hands\n|-damage|p2a: Iron Hands|94\/100\n|cant|p2a: Iron Hands|flinch\n|move|p2b: Arcanine|Rock Slide|p1b: Delibird|[spread] p1a,p1b\n|-crit|p1a: Cresselia\n|-supereffective|p1b: Delibird\n|-damage|p1a: Cresselia|57\/100\n|-damage|p1b: Delibird|0 fnt\n|faint|p1b: Delibird\n|move|p1a: Cresselia|Thunderbolt|p2b: Arcanine\n|-damage|p2b: Arcanine|50\/100\n|\n|-heal|p1a: Cresselia|64\/100|[from] item: Leftovers\n|upkeep\n|\n|t:|1700891835\n|switch|p1b: Skuntank|Skuntank, M|100\/100\n|turn|4\n|\n|t:|1700891850\n|move|p1b: Skuntank|Sucker Punch|p2b: Arcanine\n|-damage|p2b: Arcanine|21\/100\n|move|p2b: Arcanine|Flare Blitz|p1a: Cresselia\n|-damage|p1a: Cresselia|28\/100\n|-damage|p2b: Arcanine|6\/100|[from] Recoil\n|move|p1a: Cresselia|Moonlight|p1a: Cresselia\n|-heal|p1a: Cresselia|78\/100\n|move|p2a: Iron Hands|Drain Punch|p1b: Skuntank\n|-damage|p1b: Skuntank|37\/100\n|-heal|p2a: Iron Hands|100\/100|[from] drain|[of] p1b: Skuntank\n|\n|-heal|p1a: Cresselia|84\/100|[from] item: Leftovers\n|upkeep\n|turn|5\n|inactive|Imagine A Place has 120 seconds left.\n|\n|t:|1700891888\n|switch|p2b: Glimmora|Glimmora, M|100\/100\n|move|p1b: Skuntank|Sucker Punch||[still]\n|-fail|p1b: Skuntank\n|move|p1a: Cresselia|Ice Beam|p2a: Iron Hands\n|-crit|p2a: Iron Hands\n|-damage|p2a: Iron Hands|73\/100\n|move|p2a: Iron Hands|Drain Punch|p1b: Skuntank\n|-damage|p1b: Skuntank|0 fnt\n|-heal|p2a: Iron Hands|87\/100|[from] drain|[of] p1b: Skuntank\n|faint|p1b: Skuntank\n|\n|-heal|p1a: Cresselia|90\/100|[from] item: Leftovers\n|upkeep\n|\n|t:|1700891903\n|switch|p1b: Flutter Mane|Flutter Mane|100\/100\n|-enditem|p1b: Flutter Mane|Booster Energy\n|-activate|p1b: Flutter Mane|ability: Protosynthesis|[fromitem]\n|-start|p1b: Flutter Mane|protosynthesisspe\n|turn|6\n|\n|t:|1700891919\n|move|p1b: Flutter Mane|Dazzling Gleam|p2b: Glimmora|[spread] p2a,p2b\n|-supereffective|p2a: Iron Hands\n|-resisted|p2b: Glimmora\n|-damage|p2a: Iron Hands|54\/100\n|-damage|p2b: Glimmora|83\/100\n|move|p2b: Glimmora|Mortal Spin|p1a: Cresselia|[spread] p1a,p1b\n|-damage|p1a: Cresselia|87\/100\n|-damage|p1b: Flutter Mane|90\/100\n|-status|p1a: Cresselia|psn\n|-status|p1b: Flutter Mane|psn\n|move|p1a: Cresselia|Thunderbolt|p2b: Glimmora\n|-damage|p2b: Glimmora|30\/100\n|move|p2a: Iron Hands|Ice Punch|p1a: Cresselia\n|-damage|p1a: Cresselia|66\/100 psn\n|\n|-heal|p2b: Glimmora|36\/100|[from] item: Black Sludge\n|-heal|p1a: Cresselia|72\/100 psn|[from] item: Leftovers\n|-damage|p1b: Flutter Mane|77\/100 psn|[from] psn\n|-damage|p1a: Cresselia|60\/100 psn|[from] psn\n|upkeep\n|turn|7\n|\n|t:|1700891939\n|-end|p2a: Iron Hands|Quark Drive|[silent]\n|switch|p2a: Cresselia|Cresselia, F|100\/100\n|move|p2b: Glimmora|Spiky Shield|p2b: Glimmora\n|-singleturn|p2b: Glimmora|move: Protect\n|move|p1b: Flutter Mane|Dazzling Gleam|p2b: Glimmora|[spread] p2a\n|-activate|p2b: Glimmora|move: Protect\n|-damage|p2a: Cresselia|82\/100\n|move|p1a: Cresselia|Ice Beam|p2a: Cresselia\n|-damage|p2a: Cresselia|61\/100\n|\n|-heal|p2b: Glimmora|43\/100|[from] item: Black Sludge\n|-heal|p1a: Cresselia|66\/100 psn|[from] item: Leftovers\n|-damage|p1b: Flutter Mane|65\/100 psn|[from] psn\n|-damage|p1a: Cresselia|54\/100 psn|[from] psn\n|upkeep\n|turn|8\n|\n|t:|1700891956\n|move|p1b: Flutter Mane|Shadow Ball|p2a: Cresselia\n|-supereffective|p2a: Cresselia\n|-damage|p2a: Cresselia|2\/100\n|-unboost|p2a: Cresselia|spd|1\n|move|p2b: Glimmora|Stealth Rock|p1a: Cresselia\n|-sidestart|p1: Shelmett|move: Stealth Rock\n|move|p2a: Cresselia|Lunar Blessing|p2a: Cresselia|[spread] p2a,p2b\n|-heal|p2a: Cresselia|27\/100\n|-heal|p2b: Glimmora|68\/100\n|move|p1a: Cresselia|Thunderbolt|p2b: Glimmora\n|-damage|p2b: Glimmora|13\/100\n|\n|-heal|p2b: Glimmora|19\/100|[from] item: Black Sludge\n|-heal|p1a: Cresselia|60\/100 psn|[from] item: Leftovers\n|-damage|p1b: Flutter Mane|53\/100 psn|[from] psn\n|-damage|p1a: Cresselia|47\/100 psn|[from] psn\n|upkeep\n|turn|9\n|\n|t:|1700891976\n|switch|p2a: Iron Hands|Iron Hands|54\/100\n|move|p2b: Glimmora|Spiky Shield|p2b: Glimmora\n|-singleturn|p2b: Glimmora|move: Protect\n|move|p1b: Flutter Mane|Dazzling Gleam|p2b: Glimmora|[spread] p2a\n|-activate|p2b: Glimmora|move: Protect\n|-supereffective|p2a: Iron Hands\n|-damage|p2a: Iron Hands|22\/100\n|move|p1a: Cresselia|Moonlight|p1a: Cresselia\n|-heal|p1a: Cresselia|97\/100 psn\n|\n|-heal|p2b: Glimmora|25\/100|[from] item: Black Sludge\n|-heal|p1a: Cresselia|100\/100 psn|[from] item: Leftovers\n|-damage|p1b: Flutter Mane|41\/100 psn|[from] psn\n|-damage|p1a: Cresselia|88\/100 psn|[from] psn\n|upkeep\n|turn|10\n|\n|t:|1700891994\n|move|p2a: Iron Hands|Fake Out|p1a: Cresselia\n|-damage|p1a: Cresselia|77\/100 psn\n|move|p1b: Flutter Mane|Dazzling Gleam|p2b: Glimmora|[spread] p2a,p2b\n|-supereffective|p2a: Iron Hands\n|-resisted|p2b: Glimmora\n|-damage|p2a: Iron Hands|0 fnt\n|-damage|p2b: Glimmora|8\/100\n|faint|p2a: Iron Hands\n|-end|p2a: Iron Hands|Quark Drive|[silent]\n|move|p2b: Glimmora|Acid Spray|p1b: Flutter Mane\n|-damage|p1b: Flutter Mane|21\/100 psn\n|-unboost|p1b: Flutter Mane|spd|2\n|cant|p1a: Cresselia|flinch\n|\n|-heal|p2b: Glimmora|15\/100|[from] item: Black Sludge\n|-heal|p1a: Cresselia|83\/100 psn|[from] item: Leftovers\n|-damage|p1b: Flutter Mane|9\/100 psn|[from] psn\n|-damage|p1a: Cresselia|71\/100 psn|[from] psn\n|upkeep\n|inactive|Imagine A Place has 120 seconds left.\n|\n|t:|1700892015\n|switch|p2a: Rotom|Rotom-Wash|100\/100\n|turn|11\n|\n|t:|1700892034\n|switch|p2b: Cresselia|Cresselia, F|27\/100\n|move|p1b: Flutter Mane|Memento|p2a: Rotom\n|-unboost|p2a: Rotom|atk|2\n|-unboost|p2a: Rotom|spa|2\n|faint|p1b: Flutter Mane\n|-end|p1b: Flutter Mane|Protosynthesis|[silent]\n|move|p2a: Rotom|Volt Switch|p1a: Cresselia\n|-resisted|p1a: Cresselia\n|-damage|p1a: Cresselia|67\/100 psn\n|\n|t:|1700892044\n|switch|p2a: Arcanine|Arcanine-Hisui, M|6\/100|[from] Volt Switch\n|move|p1a: Cresselia|Thunderbolt|p2a: Arcanine\n|-damage|p2a: Arcanine|0 fnt\n|faint|p2a: Arcanine\n|\n|-heal|p1a: Cresselia|73\/100 psn|[from] item: Leftovers\n|-damage|p1a: Cresselia|60\/100 psn|[from] psn\n|upkeep\n|\n|t:|1700892058\n|switch|p1b: Shroodle|Shroodle, F|1\/100\n|switch|p2a: Rotom|Rotom-Wash|100\/100\n|-damage|p1b: Shroodle|0 fnt|[from] Stealth Rock\n|faint|p1b: Shroodle\n|\n|t:|1700892059\n|switch|p1b: Ogerpon|Ogerpon, F|100\/100\n|-damage|p1b: Ogerpon|88\/100|[from] Stealth Rock\n|turn|12\n|\n|t:|1700892072\n|move|p2a: Rotom|Thunder Wave|p1b: Ogerpon\n|-status|p1b: Ogerpon|par\n|move|p2b: Cresselia|Lunar Blessing|p2b: Cresselia|[spread] p2a,p2b\n|-heal|p2b: Cresselia|52\/100\n|move|p1a: Cresselia|Thunderbolt|p2b: Cresselia\n|-damage|p2b: Cresselia|16\/100\n|move|p1b: Ogerpon|Horn Leech|p2a: Rotom\n|-supereffective|p2a: Rotom\n|-damage|p2a: Rotom|1\/100\n|-heal|p1b: Ogerpon|100\/100 par|[from] drain|[of] p2a: Rotom\n|\n|-heal|p1a: Cresselia|66\/100 psn|[from] item: Leftovers\n|-damage|p1a: Cresselia|54\/100 psn|[from] psn\n|upkeep\n|turn|13\n|\n|t:|1700892090\n|switch|p2a: Glimmora|Glimmora, M|15\/100\n|move|p1a: Cresselia|Moonlight|p1a: Cresselia\n|-heal|p1a: Cresselia|100\/100 psn\n|move|p2b: Cresselia|Lunar Blessing|p2b: Cresselia|[spread] p2a,p2b\n|-heal|p2a: Glimmora|40\/100\n|-heal|p2b: Cresselia|41\/100\n|move|p1b: Ogerpon|Horn Leech|p2b: Cresselia\n|-damage|p2b: Cresselia|17\/100\n|-damage|p1b: Ogerpon|84\/100 par|[from] item: Rocky Helmet|[of] p2b: Cresselia\n|\n|-heal|p2a: Glimmora|46\/100|[from] item: Black Sludge\n|-damage|p1a: Cresselia|88\/100 psn|[from] psn\n|upkeep\n|turn|14\n|\n|t:|1700892104\n|move|p2a: Glimmora|Acid Spray|p1b: Ogerpon\n|-supereffective|p1b: Ogerpon\n|-damage|p1b: Ogerpon|38\/100 par\n|-unboost|p1b: Ogerpon|spd|2\n|-ability|p1b: Ogerpon|Defiant|boost\n|-boost|p1b: Ogerpon|atk|2\n|-enditem|p1b: Ogerpon|Weakness Policy\n|-boost|p1b: Ogerpon|atk|2|[from] item: Weakness Policy\n|-boost|p1b: Ogerpon|spa|2|[from] item: Weakness Policy\n|move|p1a: Cresselia|Thunderbolt|p2b: Cresselia\n|-damage|p2b: Cresselia|0 fnt\n|faint|p2b: Cresselia\n|move|p1b: Ogerpon|Stomping Tantrum|p2a: Glimmora\n|-supereffective|p2a: Glimmora\n|-damage|p2a: Glimmora|0 fnt\n|-activate|p2a: Glimmora|ability: Toxic Debris\n|-sidestart|p1: Shelmett|move: Toxic Spikes\n|faint|p2a: Glimmora\n|\n|-heal|p1a: Cresselia|94\/100 psn|[from] item: Leftovers\n|-damage|p1a: Cresselia|82\/100 psn|[from] psn\n|upkeep\n|\n|t:|1700892119\n|switch|p2a: Rotom|Rotom-Wash|1\/100\n|switch|p2b: Landorus|Landorus-Therian, M|100\/100\n|-ability|p2b: Landorus|Intimidate|boost\n|-unboost|p1a: Cresselia|atk|1\n|-unboost|p1b: Ogerpon|atk|1\n|-ability|p1b: Ogerpon|Defiant|boost\n|-boost|p1b: Ogerpon|atk|2\n|turn|15\n|\n|t:|1700892136\n|move|p2a: Rotom|Trick|p1a: Cresselia\n|-activate|p2a: Rotom|move: Trick|[of] p1a: Cresselia\n|-item|p1a: Cresselia|Choice Scarf|[from] move: Trick\n|-item|p2a: Rotom|Leftovers|[from] move: Trick\n|move|p1a: Cresselia|Ice Beam|p2b: Landorus\n|-supereffective|p2b: Landorus\n|-damage|p2b: Landorus|0 fnt\n|faint|p2b: Landorus\n|move|p1b: Ogerpon|Horn Leech|p2a: Rotom\n|-supereffective|p2a: Rotom\n|-damage|p2a: Rotom|0 fnt\n|-heal|p1b: Ogerpon|39\/100 par|[from] drain|[of] p2a: Rotom\n|faint|p2a: Rotom\n|\n|win|Shelmett\n|raw|Shelmett's rating: 1179 &rarr; <strong>1210<\/strong><br \/>(+31 for winning)\n|raw|Imagine A Place's rating: 1269 &rarr; <strong>1238<\/strong><br \/>(-31 for losing)\n|c|\u2606Shelmett|gg\n|l|\u2606Imagine A Place\n","uploadtime":1700892149,"views":10,"p1id":"shelmett","p2id":"imagineaplace","formatid":"gen9doublesou","rating":1210,"private":0,"password":""}