{"id":"gen9doublesou-1980415589","p1":"EkCantDrawLol","p2":"fabianclaros","format":"[Gen 9] Doubles OU","log":"|j|\u2606EkCantDrawLol\n|j|\u2606fabianclaros\n|inactive|Battle timer is ON: inactive players will automatically lose when time's up.\n|t:|1698782939\n|gametype|doubles\n|player|p1|EkCantDrawLol|skierf|\n|player|p2|fabianclaros|volkner|\n|teamsize|p1|2\n|teamsize|p2|2\n|gen|9\n|tier|[Gen 9] Doubles OU\n|rated|Tournament battle\n|rule|Species Clause: Limit one of each Pok\u00e9mon\n|rule|OHKO Clause: OHKO moves are banned\n|rule|Evasion Moves Clause: Evasion moves are banned\n|rule|Gravity Sleep Clause: The combination of sleep-inducing moves with imperfect accuracy and Gravity or Gigantamax Orbeetle are banned\n|rule|Endless Battle Clause: Forcing endless battles is banned\n|rule|HP Percentage Mod: HP is shown in percentages\n|clearpoke\n|poke|p1|Tadbulb, F|\n|poke|p1|Misdreavus, F|\n|poke|p2|Magnemite|\n|poke|p2|Litwick, F|\n|teampreview\n|j|*Lady Monita \u263d\n|j| Calamarimar\n|c|\u2606EkCantDrawLol|Glhf\n|l| Calamarimar\n|\n|t:|1698782952\n|start\n|switch|p1a: Misdreavus|Misdreavus, F, shiny|100\/100\n|switch|p1b: Tadbulb|Tadbulb, F, shiny|100\/100\n|switch|p2a: Magnemite|Magnemite, shiny|100\/100\n|switch|p2b: Litwick|Litwick, F, shiny|100\/100\n|turn|1\n|j| Nitrobinet\n|\n|t:|1698782963\n|-terastallize|p1b: Tadbulb|Electric\n|-terastallize|p2b: Litwick|Grass\n|move|p1a: Misdreavus|Protect|p1a: Misdreavus\n|-singleturn|p1a: Misdreavus|Protect\n|move|p2a: Magnemite|Thunderbolt|p1a: Misdreavus\n|-activate|p1a: Misdreavus|move: Protect\n|move|p1b: Tadbulb|Parabolic Charge|p2a: Magnemite|[spread] p2a,p2b\n|-activate|p1a: Misdreavus|move: Protect\n|-resisted|p2a: Magnemite\n|-resisted|p2b: Litwick\n|-damage|p2a: Magnemite|84\/100\n|-damage|p2b: Litwick|86\/100\n|move|p2b: Litwick|Shadow Ball|p1a: Misdreavus\n|-activate|p1a: Misdreavus|move: Protect\n|\n|upkeep\n|turn|2\n|\n|t:|1698782993\n|move|p1a: Misdreavus|Shadow Ball|p2b: Litwick\n|-damage|p2b: Litwick|47\/100\n|move|p2a: Magnemite|Thunderbolt|p1a: Misdreavus\n|-damage|p1a: Misdreavus|43\/100\n|move|p1b: Tadbulb|Thunderbolt|p2b: Litwick\n|-resisted|p2b: Litwick\n|-damage|p2b: Litwick|23\/100\n|move|p2b: Litwick|Shadow Ball|p1a: Misdreavus\n|-supereffective|p1a: Misdreavus\n|-damage|p1a: Misdreavus|0 fnt\n|faint|p1a: Misdreavus\n|\n|upkeep\n|turn|3\n|\n|t:|1698783006\n|move|p2a: Magnemite|Flash Cannon|p1b: Tadbulb\n|-resisted|p1b: Tadbulb\n|-damage|p1b: Tadbulb|54\/100\n|move|p1b: Tadbulb|Parabolic Charge|p2b: Litwick|[spread] p2a,p2b\n|-resisted|p2a: Magnemite\n|-resisted|p2b: Litwick\n|-damage|p2a: Magnemite|67\/100\n|-heal|p1b: Tadbulb|61\/100|[from] drain|[of] p2a: Magnemite\n|-damage|p2b: Litwick|8\/100\n|-heal|p1b: Tadbulb|68\/100|[from] drain|[of] p2b: Litwick\n|move|p2b: Litwick|Shadow Ball|p1b: Tadbulb\n|-damage|p1b: Tadbulb|3\/100\n|-unboost|p1b: Tadbulb|spd|1\n|\n|-heal|p1b: Tadbulb|9\/100|[from] item: Leftovers\n|upkeep\n|turn|4\n|j| UsernameNotVisible\n|\n|t:|1698783019\n|move|p1b: Tadbulb|Protect|p1b: Tadbulb\n|-singleturn|p1b: Tadbulb|Protect\n|move|p2a: Magnemite|Thunderbolt|p1b: Tadbulb\n|-activate|p1b: Tadbulb|move: Protect\n|move|p2b: Litwick|Overheat|p1b: Tadbulb\n|-activate|p1b: Tadbulb|move: Protect\n|\n|-heal|p1b: Tadbulb|15\/100|[from] item: Leftovers\n|upkeep\n|turn|5\n|\n|t:|1698783025\n|move|p2a: Magnemite|Thunderbolt|p1b: Tadbulb\n|-resisted|p1b: Tadbulb\n|-damage|p1b: Tadbulb|0 fnt\n|faint|p1b: Tadbulb\n|\n|win|fabianclaros\n|n|\u2606EkCantDrawLol|ekcantdrawlol\n|n|\u2606fabianclaros|fabianclaros\n|n|*Lady Monita \u263d|ladymonita\n|n| Nitrobinet|nitrobinet\n|n| UsernameNotVisible|usernamenotvisible\n","uploadtime":1698783026,"views":13,"p1id":"ekcantdrawlol","p2id":"fabianclaros","formatid":"gen9doublesou","rating":0,"private":0,"password":""}