{"id":"gen9doublesou-1997526493","p1":"buddhist ameba","p2":"LordSandaime","format":"[Gen 9] Doubles OU","log":"|j|\u2606buddhist ameba\n|j|\u2606LordSandaime\n|t:|1700820360\n|gametype|doubles\n|player|p1|buddhist ameba|265|1569\n|player|p2|LordSandaime|alder|1598\n|teamsize|p1|6\n|teamsize|p2|6\n|gen|9\n|tier|[Gen 9] Doubles OU\n|rated|\n|rule|Species Clause: Limit one of each Pok\u00e9mon\n|rule|OHKO Clause: OHKO moves are banned\n|rule|Evasion Moves Clause: Evasion moves are banned\n|rule|Gravity Sleep Clause: The combination of sleep-inducing moves with imperfect accuracy and Gravity or Gigantamax Orbeetle are banned\n|rule|Endless Battle Clause: Forcing endless battles is banned\n|rule|HP Percentage Mod: HP is shown in percentages\n|clearpoke\n|poke|p1|Iron Hands|\n|poke|p1|Iron Bundle|\n|poke|p1|Chi-Yu|\n|poke|p1|Diancie|\n|poke|p1|Ninetales-Alola, M|\n|poke|p1|Heatran, M|\n|poke|p2|Kommo-o, M|\n|poke|p2|Iron Hands|\n|poke|p2|Ursaluna-Bloodmoon, M|\n|poke|p2|Rillaboom, M|\n|poke|p2|Arcanine-Hisui, M|\n|poke|p2|Corviknight, M|\n|teampreview\n|inactive|Battle timer is ON: inactive players will automatically lose when time's up. (requested by LordSandaime)\n|inactive|buddhist ameba has 120 seconds left.\n|\n|t:|1700820418\n|start\n|switch|p1a: Chi-Yu|Chi-Yu|100\/100\n|switch|p1b: Diancie|Diancie|100\/100\n|switch|p2a: Rillaboom|Rillaboom, M|100\/100\n|switch|p2b: Arcanine|Arcanine-Hisui, M|100\/100\n|-ability|p1a: Chi-Yu|Beads of Ruin\n|-fieldstart|move: Grassy Terrain|[from] ability: Grassy Surge|[of] p2a: Rillaboom\n|turn|1\n|\n|t:|1700820445\n|move|p2a: Rillaboom|Fake Out|p1b: Diancie\n|-resisted|p1b: Diancie\n|-damage|p1b: Diancie|96\/100\n|move|p1a: Chi-Yu|Dark Pulse|p2b: Arcanine\n|-damage|p2b: Arcanine|0 fnt\n|faint|p2b: Arcanine\n|cant|p1b: Diancie|flinch\n|\n|-heal|p1b: Diancie|100\/100|[from] Grassy Terrain\n|upkeep\n|inactive|LordSandaime has 120 seconds left.\n|\n|t:|1700820474\n|switch|p2b: Kommo-o|Kommo-o, M|100\/100\n|turn|2\n|\n|t:|1700820485\n|-terastallize|p2a: Rillaboom|Grass\n|move|p1a: Chi-Yu|Dark Pulse|p2a: Rillaboom\n|-damage|p2a: Rillaboom|18\/100\n|move|p2a: Rillaboom|Wood Hammer|p1b: Diancie\n|-supereffective|p1b: Diancie\n|-damage|p1b: Diancie|0 fnt\n|faint|p1b: Diancie\n|-damage|p2a: Rillaboom|0 fnt|[from] Recoil\n|faint|p2a: Rillaboom\n|move|p2b: Kommo-o|Clangorous Soul|p2b: Kommo-o\n|-boost|p2b: Kommo-o|atk|1\n|-boost|p2b: Kommo-o|def|1\n|-boost|p2b: Kommo-o|spa|1\n|-boost|p2b: Kommo-o|spd|1\n|-boost|p2b: Kommo-o|spe|1\n|-damage|p2b: Kommo-o|68\/100\n|\n|-heal|p2b: Kommo-o|74\/100|[from] Grassy Terrain\n|-heal|p2b: Kommo-o|80\/100|[from] item: Leftovers\n|upkeep\n|\n|t:|1700820495\n|switch|p2a: Iron Hands|Iron Hands|100\/100\n|switch|p1b: Iron Hands|Iron Hands|100\/100\n|turn|3\n|\n|t:|1700820507\n|move|p1b: Iron Hands|Fake Out|p2a: Iron Hands\n|-damage|p2a: Iron Hands|89\/100\n|move|p2b: Kommo-o|Clangorous Soul|p2b: Kommo-o\n|-boost|p2b: Kommo-o|atk|1\n|-boost|p2b: Kommo-o|def|1\n|-boost|p2b: Kommo-o|spa|1\n|-boost|p2b: Kommo-o|spd|1\n|-boost|p2b: Kommo-o|spe|1\n|-damage|p2b: Kommo-o|47\/100\n|move|p1a: Chi-Yu|Dark Pulse|p2b: Kommo-o\n|-resisted|p2b: Kommo-o\n|-damage|p2b: Kommo-o|20\/100\n|cant|p2a: Iron Hands|flinch\n|\n|-heal|p2b: Kommo-o|26\/100|[from] Grassy Terrain\n|-heal|p2b: Kommo-o|32\/100|[from] item: Leftovers\n|-heal|p2a: Iron Hands|95\/100|[from] Grassy Terrain\n|upkeep\n|turn|4\n|\n|t:|1700820525\n|move|p2b: Kommo-o|Drain Punch|p1a: Chi-Yu\n|-supereffective|p1a: Chi-Yu\n|-damage|p1a: Chi-Yu|0 fnt\n|-heal|p2b: Kommo-o|76\/100|[from] drain|[of] p1a: Chi-Yu\n|faint|p1a: Chi-Yu\n|move|p1b: Iron Hands|Drain Punch|p2b: Kommo-o\n|-damage|p2b: Kommo-o|55\/100\n|move|p2a: Iron Hands|Belly Drum|p2a: Iron Hands\n|-damage|p2a: Iron Hands|46\/100\n|-setboost|p2a: Iron Hands|atk|6|[from] move: Belly Drum\n|-enditem|p2a: Iron Hands|Sitrus Berry|[eat]\n|-heal|p2a: Iron Hands|70\/100|[from] item: Sitrus Berry\n|\n|-heal|p2b: Kommo-o|61\/100|[from] Grassy Terrain\n|-heal|p2b: Kommo-o|67\/100|[from] item: Leftovers\n|-heal|p2a: Iron Hands|76\/100|[from] Grassy Terrain\n|upkeep\n|inactive|buddhist ameba has 120 seconds left.\n|inactive|buddhist ameba has 90 seconds left.\n|inactive|buddhist ameba has 60 seconds left.\n|\n|t:|1700820605\n|switch|p1a: Ninetales|Ninetales-Alola, M|100\/100\n|-weather|Snow|[from] ability: Snow Warning|[of] p1a: Ninetales\n|turn|5\n|\n|t:|1700820614\n|move|p1a: Ninetales|Protect|p1a: Ninetales\n|-singleturn|p1a: Ninetales|Protect\n|move|p2b: Kommo-o|Flamethrower|p1a: Ninetales\n|-activate|p1a: Ninetales|move: Protect\n|move|p1b: Iron Hands|Swords Dance|p1b: Iron Hands\n|-boost|p1b: Iron Hands|atk|2\n|move|p2a: Iron Hands|Drain Punch|p1b: Iron Hands\n|-damage|p1b: Iron Hands|0 fnt\n|-heal|p2a: Iron Hands|100\/100|[from] drain|[of] p1b: Iron Hands\n|faint|p1b: Iron Hands\n|-end|p1b: Iron Hands|Quark Drive|[silent]\n|\n|-weather|Snow|[upkeep]\n|-heal|p2b: Kommo-o|73\/100|[from] Grassy Terrain\n|-heal|p2b: Kommo-o|80\/100|[from] item: Leftovers\n|-fieldend|move: Grassy Terrain\n|upkeep\n|c|\u2606buddhist ameba|gg\n|\n|t:|1700820625\n|switch|p1b: Heatran|Heatran, M|100\/100\n|turn|6\n|inactive|buddhist ameba has 90 seconds left.\n|\n|t:|1700820642\n|-terastallize|p1a: Ninetales|Water\n|move|p1b: Heatran|Protect|p1b: Heatran\n|-singleturn|p1b: Heatran|Protect\n|move|p2b: Kommo-o|Flamethrower|p1a: Ninetales\n|-resisted|p1a: Ninetales\n|-damage|p1a: Ninetales|69\/100\n|move|p1a: Ninetales|Moonblast|p2b: Kommo-o\n|-supereffective|p2b: Kommo-o\n|-damage|p2b: Kommo-o|0 fnt\n|faint|p2b: Kommo-o\n|move|p2a: Iron Hands|Drain Punch|p1b: Heatran\n|-activate|p1b: Heatran|move: Protect\n|\n|-weather|Snow|[upkeep]\n|upkeep\n|c|\u2606LordSandaime|Gg\n|\n|t:|1700820650\n|switch|p2b: Corviknight|Corviknight, M|100\/100\n|turn|7\n|\n|t:|1700820667\n|move|p1a: Ninetales|Moonblast|p2a: Iron Hands\n|-supereffective|p2a: Iron Hands\n|-damage|p2a: Iron Hands|38\/100\n|move|p1b: Heatran|Earth Power|p2a: Iron Hands\n|-supereffective|p2a: Iron Hands\n|-damage|p2a: Iron Hands|0 fnt\n|faint|p2a: Iron Hands\n|-end|p2a: Iron Hands|Quark Drive|[silent]\n|move|p2b: Corviknight|Tailwind|p2b: Corviknight\n|-sidestart|p2: LordSandaime|move: Tailwind\n|\n|-weather|Snow|[upkeep]\n|upkeep\n|\n|t:|1700820670\n|switch|p2a: Ursaluna|Ursaluna-Bloodmoon, M|100\/100\n|turn|8\n|inactive|buddhist ameba has 120 seconds left.\n|\n|t:|1700820698\n|move|p1a: Ninetales|Protect|p1a: Ninetales\n|-singleturn|p1a: Ninetales|Protect\n|move|p1b: Heatran|Protect|p1b: Heatran\n|-singleturn|p1b: Heatran|Protect\n|move|p2b: Corviknight|Iron Defense|p2b: Corviknight\n|-boost|p2b: Corviknight|def|2\n|move|p2a: Ursaluna|Blood Moon|p1b: Heatran\n|-activate|p1b: Heatran|move: Protect\n|\n|-weather|Snow|[upkeep]\n|upkeep\n|turn|9\n|\n|t:|1700820712\n|move|p1a: Ninetales|Blizzard|p2b: Corviknight|[spread] p2a,p2b\n|-supereffective|p2a: Ursaluna\n|-damage|p2a: Ursaluna|36\/100\n|-damage|p2b: Corviknight|78\/100\n|move|p2b: Corviknight|Body Press|p1a: Ninetales\n|-damage|p1a: Ninetales|8\/100\n|move|p2a: Ursaluna|Earth Power|p1b: Heatran\n|-supereffective|p1b: Heatran\n|-damage|p1b: Heatran|0 fnt\n|faint|p1b: Heatran\n|\n|-weather|none\n|-heal|p2b: Corviknight|84\/100|[from] item: Leftovers\n|upkeep\n|\n|t:|1700820721\n|switch|p1b: Iron Bundle|Iron Bundle|100\/100\n|-enditem|p1b: Iron Bundle|Booster Energy\n|-activate|p1b: Iron Bundle|ability: Quark Drive|[fromitem]\n|-start|p1b: Iron Bundle|quarkdrivespe\n|turn|10\n|\n|t:|1700820740\n|move|p1b: Iron Bundle|Protect|p1b: Iron Bundle\n|-singleturn|p1b: Iron Bundle|Protect\n|move|p1a: Ninetales|Protect|p1a: Ninetales\n|-singleturn|p1a: Ninetales|Protect\n|move|p2b: Corviknight|Body Press|p1b: Iron Bundle\n|-activate|p1b: Iron Bundle|move: Protect\n|move|p2a: Ursaluna|Hyper Voice|p1a: Ninetales|[spread] \n|-activate|p1a: Ninetales|move: Protect\n|-activate|p1b: Iron Bundle|move: Protect\n|\n|-heal|p2b: Corviknight|90\/100|[from] item: Leftovers\n|-sideend|p2: LordSandaime|move: Tailwind\n|upkeep\n|turn|11\n|\n|t:|1700820769\n|move|p1b: Iron Bundle|Freeze-Dry|p2b: Corviknight\n|-damage|p2b: Corviknight|64\/100\n|-status|p2b: Corviknight|frz\n|move|p1a: Ninetales|Blizzard|p2b: Corviknight|[spread] \n|-miss|p1a: Ninetales|p2a: Ursaluna\n|-miss|p1a: Ninetales|p2b: Corviknight\n|cant|p2b: Corviknight|frz\n|move|p2a: Ursaluna|Hyper Voice|p1a: Ninetales|[spread] p1a,p1b\n|-damage|p1a: Ninetales|0 fnt\n|-damage|p1b: Iron Bundle|22\/100\n|faint|p1a: Ninetales\n|-enditem|p2a: Ursaluna|Throat Spray\n|-boost|p2a: Ursaluna|spa|1|[from] item: Throat Spray\n|\n|-heal|p2b: Corviknight|70\/100 frz|[from] item: Leftovers\n|upkeep\n|turn|12\n|\n|t:|1700820781\n|move|p1b: Iron Bundle|Freeze-Dry|p2a: Ursaluna\n|-supereffective|p2a: Ursaluna\n|-damage|p2a: Ursaluna|0 fnt\n|faint|p2a: Ursaluna\n|cant|p2b: Corviknight|frz\n|\n|-heal|p2b: Corviknight|76\/100 frz|[from] item: Leftovers\n|upkeep\n|turn|13\n|\n|t:|1700820784\n|move|p1b: Iron Bundle|Hydro Pump|p2b: Corviknight\n|-damage|p2b: Corviknight|36\/100 frz\n|cant|p2b: Corviknight|frz\n|\n|-heal|p2b: Corviknight|42\/100 frz|[from] item: Leftovers\n|upkeep\n|turn|14\n|\n|t:|1700820790\n|move|p1b: Iron Bundle|Hydro Pump|p2b: Corviknight\n|-damage|p2b: Corviknight|4\/100 frz\n|cant|p2b: Corviknight|frz\n|\n|-heal|p2b: Corviknight|10\/100 frz|[from] item: Leftovers\n|upkeep\n|turn|15\n|\n|t:|1700820793\n|move|p1b: Iron Bundle|Freeze-Dry|p2b: Corviknight\n|-damage|p2b: Corviknight|0 fnt\n|faint|p2b: Corviknight\n|\n|win|buddhist ameba\n|raw|buddhist ameba's rating: 1569 &rarr; <strong>1591<\/strong><br \/>(+22 for winning)\n|raw|LordSandaime's rating: 1598 &rarr; <strong>1576<\/strong><br \/>(-22 for losing)\n|l|\u2606LordSandaime\n","uploadtime":1700820881,"views":6,"p1id":"buddhistameba","p2id":"lordsandaime","formatid":"gen9doublesou","rating":1576,"private":0,"password":""}