{"id":"gen9doublesou-1989442112","p1":"bruhschetta","p2":"Shadow Ballers","format":"[Gen 9] Doubles OU","log":"|j|\u2606bruhschetta\n|j|\u2606Shadow Ballers\n|t:|1699851053\n|gametype|doubles\n|player|p1|bruhschetta|psychicf-gen4|1635\n|player|p2|Shadow Ballers|roughneck|1622\n|teamsize|p1|6\n|teamsize|p2|6\n|gen|9\n|tier|[Gen 9] Doubles OU\n|rated|\n|rule|Species Clause: Limit one of each Pok\u00e9mon\n|rule|OHKO Clause: OHKO moves are banned\n|rule|Evasion Moves Clause: Evasion moves are banned\n|rule|Gravity Sleep Clause: The combination of sleep-inducing moves with imperfect accuracy and Gravity or Gigantamax Orbeetle are banned\n|rule|Endless Battle Clause: Forcing endless battles is banned\n|rule|HP Percentage Mod: HP is shown in percentages\n|clearpoke\n|poke|p1|Ting-Lu|\n|poke|p1|Heatran, F|\n|poke|p1|Sinistcha|\n|poke|p1|Palafin, F|\n|poke|p1|Rillaboom, M|\n|poke|p1|Diancie|\n|poke|p2|Ogerpon-Wellspring, F|\n|poke|p2|Ceruledge, M|\n|poke|p2|Iron Hands|\n|poke|p2|Landorus-Therian, M|\n|poke|p2|Weezing-Galar, F|\n|poke|p2|Weavile, M|\n|teampreview\n|\n|t:|1699851063\n|start\n|switch|p1a: Palafin|Palafin, F|100\/100\n|switch|p1b: Rillaboom|Rillaboom, M|100\/100\n|switch|p2a: Weavile|Weavile, M, shiny|100\/100\n|switch|p2b: Weezing|Weezing-Galar, F, shiny|100\/100\n|-ability|p2b: Weezing|Neutralizing Gas\n|turn|1\n|\n|t:|1699851086\n|detailschange|p1a: Palafin|Palafin-Hero, F\n|switch|p1a: Heatran|Heatran, F|100\/100\n|move|p2a: Weavile|Fake Out|p1a: Heatran\n|-resisted|p1a: Heatran\n|-crit|p1a: Heatran\n|-damage|p1a: Heatran|92\/100\n|move|p1b: Rillaboom|Fake Out|p2a: Weavile\n|-crit|p2a: Weavile\n|-damage|p2a: Weavile|68\/100\n|move|p2b: Weezing|Play Rough|p1a: Heatran\n|-resisted|p1a: Heatran\n|-damage|p1a: Heatran|84\/100\n|\n|upkeep\n|turn|2\n|\n|t:|1699851105\n|-terastallize|p2b: Weezing|Ground\n|move|p2a: Weavile|Icicle Spear|p1b: Rillaboom\n|-supereffective|p1b: Rillaboom\n|-damage|p1b: Rillaboom|78\/100\n|-supereffective|p1b: Rillaboom\n|-crit|p1b: Rillaboom\n|-damage|p1b: Rillaboom|44\/100\n|-supereffective|p1b: Rillaboom\n|-damage|p1b: Rillaboom|21\/100\n|-supereffective|p1b: Rillaboom\n|-damage|p1b: Rillaboom|0 fnt\n|faint|p1b: Rillaboom\n|-hitcount|p1: Rillaboom|4\n|move|p1a: Heatran|Flash Cannon|p2b: Weezing\n|-damage|p2b: Weezing|33\/100\n|move|p2b: Weezing|Tera Blast|p1a: Heatran|[anim] Tera Blast Ground\n|-supereffective|p1a: Heatran\n|-damage|p1a: Heatran|0 fnt\n|faint|p1a: Heatran\n|\n|upkeep\n|\n|t:|1699851123\n|switch|p1b: Sinistcha|Sinistcha|100\/100\n|switch|p1a: Palafin|Palafin-Hero, F|100\/100\n|-activate|p1a: Palafin|ability: Zero to Hero\n|turn|3\n|\n|t:|1699851132\n|-end|p2b: Weezing|ability: Neutralizing Gas\n|switch|p2b: Ogerpon|Ogerpon-Wellspring, F|100\/100\n|move|p1a: Palafin|Jet Punch|p2a: Weavile\n|-damage|p2a: Weavile|10\/100\n|move|p2a: Weavile|Icicle Spear|p1b: Sinistcha\n|-supereffective|p1b: Sinistcha\n|-damage|p1b: Sinistcha|81\/100\n|-supereffective|p1b: Sinistcha\n|-damage|p1b: Sinistcha|62\/100\n|-supereffective|p1b: Sinistcha\n|-damage|p1b: Sinistcha|40\/100\n|-supereffective|p1b: Sinistcha\n|-damage|p1b: Sinistcha|19\/100\n|-hitcount|p1b: Sinistcha|4\n|move|p1b: Sinistcha|Matcha Gotcha|p2a: Weavile|[spread] p2a,p2b\n|-damage|p2a: Weavile|0 fnt\n|-heal|p1b: Sinistcha|23\/100|[from] drain|[of] p2a: Weavile\n|-damage|p2b: Ogerpon|65\/100\n|-heal|p1b: Sinistcha|38\/100|[from] drain|[of] p2b: Ogerpon\n|faint|p2a: Weavile\n|\n|upkeep\n|\n|t:|1699851165\n|switch|p2a: Iron Hands|Iron Hands, shiny|100\/100\n|turn|4\n|\n|t:|1699851173\n|move|p2b: Ogerpon|Follow Me|p2b: Ogerpon\n|-singleturn|p2b: Ogerpon|move: Follow Me\n|move|p1a: Palafin|Bulk Up|p1a: Palafin\n|-boost|p1a: Palafin|atk|1\n|-boost|p1a: Palafin|def|1\n|move|p1b: Sinistcha|Matcha Gotcha|p2a: Iron Hands|[spread] p2a,p2b\n|-damage|p2a: Iron Hands|78\/100\n|-heal|p1b: Sinistcha|55\/100|[from] drain|[of] p2a: Iron Hands\n|-damage|p2b: Ogerpon|26\/100\n|-heal|p1b: Sinistcha|72\/100|[from] drain|[of] p2b: Ogerpon\n|move|p2a: Iron Hands|Wild Charge|p1a: Palafin\n|-supereffective|p1a: Palafin\n|-damage|p1a: Palafin|32\/100\n|-damage|p2a: Iron Hands|64\/100|[from] Recoil\n|\n|-heal|p1a: Palafin|38\/100|[from] item: Leftovers\n|upkeep\n|turn|5\n|\n|t:|1699851199\n|move|p1a: Palafin|Protect|p1a: Palafin\n|-singleturn|p1a: Palafin|Protect\n|move|p2b: Ogerpon|Horn Leech|p1a: Palafin\n|-activate|p1a: Palafin|move: Protect\n|move|p1b: Sinistcha|Matcha Gotcha|p2a: Iron Hands|[spread] p2a,p2b\n|-damage|p2a: Iron Hands|41\/100\n|-heal|p1b: Sinistcha|90\/100|[from] drain|[of] p2a: Iron Hands\n|-damage|p2b: Ogerpon|0 fnt\n|-heal|p1b: Sinistcha|100\/100|[from] drain|[of] p2b: Ogerpon\n|faint|p2b: Ogerpon\n|move|p2a: Iron Hands|Ice Punch|p1b: Sinistcha\n|-supereffective|p1b: Sinistcha\n|-damage|p1b: Sinistcha|47\/100\n|\n|-heal|p1a: Palafin|45\/100|[from] item: Leftovers\n|upkeep\n|\n|t:|1699851220\n|switch|p2b: Ceruledge|Ceruledge, M, shiny|100\/100\n|turn|6\n|\n|t:|1699851233\n|-terastallize|p1b: Sinistcha|Water\n|move|p1a: Palafin|Jet Punch|p2b: Ceruledge\n|-supereffective|p2b: Ceruledge\n|-damage|p2b: Ceruledge|0 fnt\n|faint|p2b: Ceruledge\n|move|p1b: Sinistcha|Matcha Gotcha|p2a: Iron Hands\n|-crit|p2a: Iron Hands\n|-damage|p2a: Iron Hands|0 fnt\n|-heal|p1b: Sinistcha|77\/100|[from] drain|[of] p2a: Iron Hands\n|faint|p2a: Iron Hands\n|-end|p2a: Iron Hands|Quark Drive|[silent]\n|\n|-heal|p1a: Palafin|51\/100|[from] item: Leftovers\n|upkeep\n|\n|t:|1699851251\n|switch|p2b: Weezing|Weezing-Galar, F, shiny, tera:Ground|33\/100\n|switch|p2a: Landorus|Landorus-Therian, M, shiny|100\/100\n|-ability|p2b: Weezing|Neutralizing Gas\n|turn|7\n|\n|t:|1699851262\n|move|p1a: Palafin|Jet Punch|p2a: Landorus\n|-supereffective|p2a: Landorus\n|-damage|p2a: Landorus|0 fnt\n|faint|p2a: Landorus\n|move|p1b: Sinistcha|Matcha Gotcha|p2b: Weezing\n|-supereffective|p2b: Weezing\n|-damage|p2b: Weezing|0 fnt\n|-heal|p1b: Sinistcha|93\/100|[from] drain|[of] p2b: Weezing\n|faint|p2b: Weezing\n|-end|p2b: Weezing|ability: Neutralizing Gas\n|\n|win|bruhschetta\n|raw|bruhschetta's rating: 1635 &rarr; <strong>1654<\/strong><br \/>(+19 for winning)\n|raw|Shadow Ballers's rating: 1622 &rarr; <strong>1603<\/strong><br \/>(-19 for losing)\n|l|\u2606Shadow Ballers\n","uploadtime":1699851276,"views":21,"p1id":"bruhschetta","p2id":"shadowballers","formatid":"gen9doublesou","rating":1603,"private":0,"password":""}