{"id":"gen9doublesou-1971468363","p1":"Rungy","p2":"Human_Toast18954","format":"[Gen 9] Doubles OU","log":"|j|\u2606Rungy\n|j|\u2606Human_Toast18954\n|t:|1697740864\n|gametype|doubles\n|player|p1|Rungy|gambler|1147\n|player|p2|Human_Toast18954|falkner|1000\n|teamsize|p1|6\n|teamsize|p2|6\n|gen|9\n|tier|[Gen 9] Doubles OU\n|rated|\n|rule|Species Clause: Limit one of each Pok\u00e9mon\n|rule|OHKO Clause: OHKO moves are banned\n|rule|Evasion Moves Clause: Evasion moves are banned\n|rule|Gravity Sleep Clause: The combination of sleep-inducing moves with imperfect accuracy and Gravity or Gigantamax Orbeetle are banned\n|rule|Endless Battle Clause: Forcing endless battles is banned\n|rule|HP Percentage Mod: HP is shown in percentages\n|clearpoke\n|poke|p1|Weezing-Galar, F|\n|poke|p1|Farigiraf, F|\n|poke|p1|Gastrodon-East, F|\n|poke|p1|Sinistcha|\n|poke|p1|Goodra-Hisui, F|\n|poke|p1|Rillaboom, M|\n|poke|p2|Iron Hands|\n|poke|p2|Indeedee-F, F|\n|poke|p2|Torkoal, F|\n|poke|p2|Fezandipiti, M|\n|poke|p2|Armarouge, M|\n|poke|p2|Amoonguss, M|\n|teampreview\n|c|\u2606Rungy|glhf!\n|\n|t:|1697740873\n|start\n|switch|p1a: Asthma|Weezing-Galar, F|100\/100\n|switch|p1b: Khan|Gastrodon-East, F|100\/100\n|switch|p2a: Indeedee|Indeedee-F, F|100\/100\n|switch|p2b: Fezandipiti|Fezandipiti, M|100\/100\n|-fieldstart|move: Psychic Terrain|[from] ability: Psychic Surge|[of] p2a: Indeedee\n|-fieldstart|move: Misty Terrain|[from] ability: Misty Surge|[of] p1a: Asthma\n|turn|1\n|c|\u2606Human_Toast18954|Thanks\n|\n|t:|1697740891\n|move|p2b: Fezandipiti|Dazzling Gleam|p1b: Khan|[spread] p1a,p1b\n|-resisted|p1a: Asthma\n|-damage|p1a: Asthma|91\/100\n|-damage|p1b: Khan|90\/100\n|move|p1a: Asthma|Dark Pulse|p2a: Indeedee\n|-supereffective|p2a: Indeedee\n|-damage|p2a: Indeedee|60\/100\n|move|p1b: Khan|Earth Power|p2b: Fezandipiti\n|-supereffective|p2b: Fezandipiti\n|-damage|p2b: Fezandipiti|43\/100\n|cant|p2a: Indeedee|flinch\n|\n|-heal|p2b: Fezandipiti|49\/100|[from] item: Leftovers\n|upkeep\n|turn|2\n|\n|t:|1697740919\n|switch|p1a: Mr. Rothschild|Farigiraf, F|100\/100\n|move|p2b: Fezandipiti|Dazzling Gleam|p1b: Khan|[spread] p1a,p1b\n|-damage|p1a: Mr. Rothschild|82\/100\n|-damage|p1b: Khan|80\/100\n|move|p1b: Khan|Earth Power|p2b: Fezandipiti\n|-supereffective|p2b: Fezandipiti\n|-damage|p2b: Fezandipiti|0 fnt\n|faint|p2b: Fezandipiti\n|move|p2a: Indeedee|Trick Room|p2a: Indeedee\n|-fieldstart|move: Trick Room|[of] p2a: Indeedee\n|\n|upkeep\n|\n|t:|1697740933\n|switch|p2b: Torkoal|Torkoal, F|100\/100\n|-weather|SunnyDay|[from] ability: Drought|[of] p2b: Torkoal\n|turn|3\n|\n|t:|1697740947\n|switch|p1a: Goo|Goodra-Hisui, F|100\/100\n|-terastallize|p1b: Khan|Fire\n|move|p2b: Torkoal|Eruption|p1b: Khan|[spread] p1a,p1b\n|-resisted|p1b: Khan\n|-damage|p1a: Goo|29\/100\n|-damage|p1b: Khan|53\/100\n|move|p1b: Khan|Earth Power|p2b: Torkoal\n|-supereffective|p2b: Torkoal\n|-damage|p2b: Torkoal|0 fnt\n|faint|p2b: Torkoal\n|move|p2a: Indeedee|Psychic|p1b: Khan\n|-damage|p1b: Khan|32\/100\n|\n|-weather|SunnyDay|[upkeep]\n|upkeep\n|\n|t:|1697740962\n|switch|p2b: Armarouge|Armarouge, M|100\/100\n|turn|4\n|\n|t:|1697740991\n|switch|p1a: Kratom|Sinistcha|100\/100\n|-heal|p1b: Khan|57\/100|[from] ability: Hospitality|[of] p1a: Kratom\n|-terastallize|p2b: Armarouge|Grass\n|move|p1b: Khan|Earth Power|p2b: Armarouge\n|-resisted|p2b: Armarouge\n|-damage|p2b: Armarouge|76\/100\n|move|p2b: Armarouge|Expanding Force|p1a: Kratom\n|-damage|p1a: Kratom|12\/100\n|-damage|p2b: Armarouge|67\/100|[from] item: Life Orb\n|move|p2a: Indeedee|Psychic|p1b: Khan\n|-damage|p1b: Khan|39\/100\n|\n|-weather|SunnyDay|[upkeep]\n|upkeep\n|turn|5\n|\n|t:|1697741012\n|move|p1b: Khan|Ice Beam|p2b: Armarouge\n|-supereffective|p2b: Armarouge\n|-damage|p2b: Armarouge|9\/100\n|move|p2b: Armarouge|Expanding Force|p1b: Khan\n|-damage|p1b: Khan|3\/100\n|-damage|p2b: Armarouge|0 fnt|[from] item: Life Orb\n|faint|p2b: Armarouge\n|move|p2a: Indeedee|Psychic|p1a: Kratom\n|-damage|p1a: Kratom|0 fnt\n|faint|p1a: Kratom\n|\n|-weather|SunnyDay|[upkeep]\n|upkeep\n|\n|t:|1697741031\n|switch|p2b: Iron Hands|Iron Hands|100\/100\n|switch|p1a: Goo|Goodra-Hisui, F|29\/100\n|turn|6\n|\n|t:|1697741046\n|switch|p1a: Mr. Rothschild|Farigiraf, F|82\/100\n|move|p1b: Khan|Earth Power|p2b: Iron Hands\n|-supereffective|p2b: Iron Hands\n|-damage|p2b: Iron Hands|60\/100\n|move|p2b: Iron Hands|Close Combat|p1a: Mr. Rothschild\n|-damage|p1a: Mr. Rothschild|0 fnt\n|-unboost|p2b: Iron Hands|def|1\n|-unboost|p2b: Iron Hands|spd|1\n|faint|p1a: Mr. Rothschild\n|move|p2a: Indeedee|Psychic|p1b: Khan\n|-damage|p1b: Khan|0 fnt\n|faint|p1b: Khan\n|\n|-weather|SunnyDay|[upkeep]\n|-fieldend|move: Trick Room\n|upkeep\n|\n|t:|1697741061\n|switch|p1a: Goo|Goodra-Hisui, F|29\/100\n|switch|p1b: Metro|Rillaboom, M|100\/100\n|-fieldstart|move: Grassy Terrain|[from] ability: Grassy Surge|[of] p1b: Metro\n|turn|7\n|\n|t:|1697741094\n|move|p1b: Metro|High Horsepower|p2b: Iron Hands\n|-supereffective|p2b: Iron Hands\n|-damage|p2b: Iron Hands|0 fnt\n|faint|p2b: Iron Hands\n|-end|p2b: Iron Hands|Quark Drive|[silent]\n|move|p1a: Goo|Dragon Claw|p2a: Indeedee\n|-damage|p2a: Indeedee|18\/100\n|move|p2a: Indeedee|Trick Room|p2a: Indeedee\n|-fieldstart|move: Trick Room|[of] p2a: Indeedee\n|\n|-weather|none\n|-heal|p1a: Goo|35\/100|[from] Grassy Terrain\n|-heal|p2a: Indeedee|24\/100|[from] Grassy Terrain\n|upkeep\n|\n|t:|1697741107\n|switch|p2b: Amoonguss|Amoonguss, M|100\/100\n|turn|8\n|\n|t:|1697741124\n|move|p1b: Metro|Grassy Glide|p2a: Indeedee\n|-damage|p2a: Indeedee|0 fnt\n|faint|p2a: Indeedee\n|move|p2b: Amoonguss|Spore|p1a: Goo\n|-ability|p1a: Goo|Sap Sipper|boost\n|-boost|p1a: Goo|atk|1\n|move|p1a: Goo|Ice Spinner|p2b: Amoonguss\n|-supereffective|p2b: Amoonguss\n|-damage|p2b: Amoonguss|34\/100\n|-fieldend|move: Grassy Terrain\n|-enditem|p2b: Amoonguss|Sitrus Berry|[eat]\n|-heal|p2b: Amoonguss|59\/100|[from] item: Sitrus Berry\n|\n|upkeep\n|turn|9\n|-message|Human_Toast18954 forfeited.\n|\n|win|Rungy\n|raw|Rungy's rating: 1147 &rarr; <strong>1162<\/strong><br \/>(+15 for winning)\n|raw|Human_Toast18954's rating: 1000 &rarr; <strong>1000<\/strong><br \/>(+0 for losing)\n|l|\u2606Human_Toast18954\n","uploadtime":1697741146,"views":15,"p1id":"rungy","p2id":"humantoast18954","formatid":"gen9doublesou","rating":1000,"private":0,"password":""}