{"id":"gen9doublesou-1975388695","p1":"Dear_RedF","p2":"RenCronos","format":"[Gen 9] Doubles OU","log":"|j|\u2606Dear_RedF\n|j|\u203dRenCronos\n|t:|1698186012\n|gametype|doubles\n|player|p1|Dear_RedF|veteran|1379\n|player|p2|RenCronos|ingo|1243\n|teamsize|p1|6\n|teamsize|p2|6\n|gen|9\n|tier|[Gen 9] Doubles OU\n|rated|\n|rule|Species Clause: Limit one of each Pok\u00e9mon\n|rule|OHKO Clause: OHKO moves are banned\n|rule|Evasion Moves Clause: Evasion moves are banned\n|rule|Gravity Sleep Clause: The combination of sleep-inducing moves with imperfect accuracy and Gravity or Gigantamax Orbeetle are banned\n|rule|Endless Battle Clause: Forcing endless battles is banned\n|rule|HP Percentage Mod: HP is shown in percentages\n|clearpoke\n|poke|p1|Salamence, M|\n|poke|p1|Iron Hands|\n|poke|p1|Flutter Mane|\n|poke|p1|Kingambit, M|\n|poke|p1|Amoonguss, M|\n|poke|p1|Cresselia, F|\n|poke|p2|Empoleon, F|\n|poke|p2|Ogerpon-Wellspring, F|\n|poke|p2|Pelipper, M|\n|poke|p2|Goodra-Hisui, M|\n|poke|p2|Pincurchin, F|\n|poke|p2|Gastrodon, F|\n|teampreview\n|inactive|Battle timer is ON: inactive players will automatically lose when time's up. (requested by Dear_RedF)\n|\n|t:|1698186046\n|start\n|switch|p1a: Iron Hands|Iron Hands|100\/100\n|switch|p1b: Amoonguss|Amoonguss, M|100\/100\n|switch|p2a: Pelipper|Pelipper, M|100\/100\n|switch|p2b: Ogerpon|Ogerpon-Wellspring, F|100\/100\n|-weather|RainDance|[from] ability: Drizzle|[of] p2a: Pelipper\n|turn|1\n|\n|t:|1698186076\n|switch|p1b: Cresselia|Cresselia, F|100\/100\n|move|p2b: Ogerpon|U-turn|p1b: Cresselia\n|-supereffective|p1b: Cresselia\n|-damage|p1b: Cresselia|65\/100\n|\n|t:|1698186084\n|switch|p2b: Pincurchin|Pincurchin, F|100\/100|[from] U-turn\n|move|p2a: Pelipper|Hurricane|p1b: Cresselia\n|-damage|p1b: Cresselia|44\/100\n|-start|p1b: Cresselia|confusion\n|move|p1a: Iron Hands|Wild Charge|p2b: Pincurchin\n|-ability|p2b: Pincurchin|Lightning Rod|boost\n|-boost|p2b: Pincurchin|spa|1\n|\n|-weather|RainDance|[upkeep]\n|upkeep\n|turn|2\n|inactive|RenCronos has 120 seconds left.\n|\n|t:|1698186124\n|switch|p2a: Gastrodon|Gastrodon, F|100\/100\n|-activate|p1b: Cresselia|confusion\n|move|p1b: Cresselia|Lunar Blessing|p1b: Cresselia|[spread] p1a,p1b\n|-heal|p1b: Cresselia|69\/100\n|move|p1a: Iron Hands|Earthquake|p2b: Pincurchin|[spread] p2a,p2b\n|-immune|p1b: Cresselia|[from] ability: Levitate\n|-supereffective|p2b: Pincurchin\n|-damage|p2a: Gastrodon|70\/100\n|-damage|p2b: Pincurchin|53\/100\n|move|p2b: Pincurchin|Toxic Spikes|p1a: Iron Hands\n|-sidestart|p1: Dear_RedF|move: Toxic Spikes\n|\n|-weather|RainDance|[upkeep]\n|upkeep\n|turn|3\n|inactive|RenCronos has 120 seconds left.\n|\n|t:|1698186151\n|switch|p2b: Pelipper|Pelipper, M|100\/100\n|-activate|p1b: Cresselia|confusion\n|-damage|p1b: Cresselia|66\/100|[from] confusion\n|move|p1a: Iron Hands|Earthquake|p2a: Gastrodon|[spread] p2a\n|-immune|p1b: Cresselia|[from] ability: Levitate\n|-immune|p2b: Pelipper\n|-damage|p2a: Gastrodon|34\/100\n|move|p2a: Gastrodon|Earth Power|p1a: Iron Hands\n|-supereffective|p1a: Iron Hands\n|-damage|p1a: Iron Hands|59\/100\n|\n|-weather|RainDance|[upkeep]\n|upkeep\n|turn|4\n|inactive|RenCronos has 120 seconds left.\n|\n|t:|1698186180\n|move|p2b: Pelipper|Wide Guard|p2b: Pelipper\n|-singleturn|p2b: Pelipper|Wide Guard\n|-activate|p1b: Cresselia|confusion\n|move|p1b: Cresselia|Lunar Blessing|p1b: Cresselia|[spread] p1a,p1b\n|-heal|p1a: Iron Hands|84\/100\n|-heal|p1b: Cresselia|91\/100\n|move|p1a: Iron Hands|Drain Punch|p2a: Gastrodon\n|-damage|p2a: Gastrodon|0 fnt\n|-heal|p1a: Iron Hands|99\/100|[from] drain|[of] p2a: Gastrodon\n|faint|p2a: Gastrodon\n|\n|-weather|RainDance|[upkeep]\n|upkeep\n|\n|t:|1698186200\n|switch|p2a: Ogerpon|Ogerpon-Wellspring, F|100\/100\n|turn|5\n|inactive|RenCronos has 120 seconds left.\n|\n|t:|1698186210\n|switch|p2b: Pincurchin|Pincurchin, F|53\/100\n|-activate|p1b: Cresselia|confusion\n|move|p1b: Cresselia|Helping Hand|p1a: Iron Hands\n|-singleturn|p1a: Iron Hands|Helping Hand|[of] p1b: Cresselia\n|move|p2a: Ogerpon|Play Rough|p1a: Iron Hands|[miss]\n|-miss|p2a: Ogerpon|p1a: Iron Hands\n|move|p1a: Iron Hands|Drain Punch|p2a: Ogerpon\n|-damage|p2a: Ogerpon|7\/100\n|-heal|p1a: Iron Hands|100\/100|[from] drain|[of] p2a: Ogerpon\n|\n|-weather|none\n|upkeep\n|turn|6\n|inactive|RenCronos has 120 seconds left.\n|\n|t:|1698186243\n|move|p2a: Ogerpon|Play Rough|p1a: Iron Hands\n|-supereffective|p1a: Iron Hands\n|-damage|p1a: Iron Hands|51\/100\n|-end|p1b: Cresselia|confusion\n|move|p1b: Cresselia|Psychic|p2b: Pincurchin\n|-damage|p2b: Pincurchin|20\/100\n|-enditem|p2b: Pincurchin|Aguav Berry|[eat]\n|-heal|p2b: Pincurchin|53\/100|[from] item: Aguav Berry\n|move|p1a: Iron Hands|Earthquake|p2a: Ogerpon|[spread] p2a,p2b\n|-immune|p1b: Cresselia|[from] ability: Levitate\n|-resisted|p2a: Ogerpon\n|-supereffective|p2b: Pincurchin\n|-damage|p2a: Ogerpon|0 fnt\n|-damage|p2b: Pincurchin|4\/100\n|faint|p2a: Ogerpon\n|move|p2b: Pincurchin|Thunder Wave|p1b: Cresselia\n|-status|p1b: Cresselia|par\n|\n|upkeep\n|\n|t:|1698186261\n|switch|p2a: Pelipper|Pelipper, M|100\/100\n|-weather|RainDance|[from] ability: Drizzle|[of] p2a: Pelipper\n|turn|7\n|\n|t:|1698186271\n|move|p2a: Pelipper|Hurricane|p1a: Iron Hands\n|-damage|p1a: Iron Hands|32\/100\n|move|p1a: Iron Hands|Earthquake|p2b: Pincurchin|[spread] p2b\n|-immune|p1b: Cresselia|[from] ability: Levitate\n|-immune|p2a: Pelipper\n|-supereffective|p2b: Pincurchin\n|-damage|p2b: Pincurchin|0 fnt\n|faint|p2b: Pincurchin\n|move|p1b: Cresselia|Lunar Blessing|p1b: Cresselia|[spread] p1a,p1b\n|-heal|p1a: Iron Hands|57\/100\n|-heal|p1b: Cresselia|100\/100 par\n|-curestatus|p1b: Cresselia|par|[msg]\n|\n|-weather|RainDance|[upkeep]\n|upkeep\n|inactive|RenCronos has 120 seconds left.\n|\n|t:|1698186295\n|switch|p2b: Empoleon|Empoleon, F|100\/100\n|turn|8\n|inactive|RenCronos has 120 seconds left.\n|\n|t:|1698186319\n|-terastallize|p2b: Empoleon|Ghost\n|move|p1b: Cresselia|Helping Hand|p1a: Iron Hands\n|-singleturn|p1a: Iron Hands|Helping Hand|[of] p1b: Cresselia\n|move|p2b: Empoleon|Ice Beam|p1a: Iron Hands\n|-damage|p1a: Iron Hands|41\/100\n|move|p2a: Pelipper|Tailwind|p2a: Pelipper\n|-sidestart|p2: RenCronos|move: Tailwind\n|move|p1a: Iron Hands|Drain Punch|p2b: Empoleon\n|-immune|p2b: Empoleon\n|\n|-weather|RainDance|[upkeep]\n|upkeep\n|turn|9\n|inactive|RenCronos has 120 seconds left.\n|\n|t:|1698186342\n|-end|p1a: Iron Hands|Quark Drive|[silent]\n|switch|p1a: Kingambit|Kingambit, M|100\/100\n|move|p1b: Cresselia|Ally Switch|p1b: Cresselia\n|swap|p1b: Cresselia|0|[from] move: Ally Switch\n|move|p2b: Empoleon|Tera Blast|p1b: Kingambit|[anim] Tera Blast Ghost\n|-resisted|p1b: Kingambit\n|-damage|p1b: Kingambit|78\/100\n|move|p2a: Pelipper|Knock Off|p1b: Kingambit\n|-resisted|p1b: Kingambit\n|-damage|p1b: Kingambit|73\/100\n|-enditem|p1b: Kingambit|Black Glasses|[from] move: Knock Off|[of] p2a: Pelipper\n|\n|-weather|RainDance|[upkeep]\n|upkeep\n|turn|10\n|inactive|RenCronos has 120 seconds left.\n|\n|t:|1698186370\n|move|p2b: Empoleon|Ice Beam|p1b: Kingambit\n|-resisted|p1b: Kingambit\n|-damage|p1b: Kingambit|58\/100\n|move|p2a: Pelipper|Hurricane|p1b: Kingambit\n|-resisted|p1b: Kingambit\n|-damage|p1b: Kingambit|38\/100\n|move|p1a: Cresselia|Lunar Blessing|p1a: Cresselia|[spread] p1a,p1b\n|-heal|p1b: Kingambit|63\/100\n|move|p1b: Kingambit|Swords Dance|p1b: Kingambit\n|-boost|p1b: Kingambit|atk|2\n|\n|-weather|RainDance|[upkeep]\n|upkeep\n|turn|11\n|\n|t:|1698186393\n|switch|p2b: Goodra|Goodra-Hisui, M|100\/100\n|move|p1a: Cresselia|Ally Switch|p1a: Cresselia\n|swap|p1a: Cresselia|1|[from] move: Ally Switch\n|move|p2a: Pelipper|Knock Off|p1a: Kingambit\n|-resisted|p1a: Kingambit\n|-damage|p1a: Kingambit|59\/100\n|move|p1a: Kingambit|Iron Head|p2a: Pelipper\n|-resisted|p2a: Pelipper\n|-damage|p2a: Pelipper|62\/100\n|\n|-weather|none\n|-sideend|p2: RenCronos|move: Tailwind\n|upkeep\n|turn|12\n|\n|t:|1698186417\n|move|p1a: Kingambit|Protect|p1a: Kingambit\n|-singleturn|p1a: Kingambit|Protect\n|move|p1b: Cresselia|Psychic|p2a: Pelipper\n|-damage|p2a: Pelipper|30\/100\n|move|p2b: Goodra|Rain Dance|p2b: Goodra\n|-weather|RainDance\n|move|p2a: Pelipper|Tailwind|p2a: Pelipper\n|-sidestart|p2: RenCronos|move: Tailwind\n|\n|-weather|RainDance|[upkeep]\n|upkeep\n|turn|13\n|\n|t:|1698186436\n|move|p2b: Goodra|Thunder|p1a: Kingambit\n|-damage|p1a: Kingambit|20\/100\n|move|p2a: Pelipper|Knock Off|p1a: Kingambit\n|-resisted|p1a: Kingambit\n|-damage|p1a: Kingambit|16\/100\n|move|p1b: Cresselia|Lunar Blessing|p1b: Cresselia|[spread] p1a,p1b\n|-heal|p1a: Kingambit|41\/100\n|move|p1a: Kingambit|Swords Dance|p1a: Kingambit\n|-boost|p1a: Kingambit|atk|2\n|\n|-weather|RainDance|[upkeep]\n|upkeep\n|turn|14\n|\n|t:|1698186459\n|move|p1b: Cresselia|Helping Hand|p1a: Kingambit\n|-singleturn|p1a: Kingambit|Helping Hand|[of] p1b: Cresselia\n|move|p1a: Kingambit|Sucker Punch|p2b: Goodra\n|-damage|p2b: Goodra|0 fnt\n|faint|p2b: Goodra\n|move|p2a: Pelipper|Hurricane|p1b: Cresselia\n|-damage|p1b: Cresselia|82\/100\n|-start|p1b: Cresselia|confusion\n|\n|-weather|RainDance|[upkeep]\n|upkeep\n|\n|t:|1698186464\n|switch|p2b: Empoleon|Empoleon, F, tera:Ghost|100\/100\n|turn|15\n|\n|t:|1698186475\n|move|p1a: Kingambit|Protect|p1a: Kingambit\n|-singleturn|p1a: Kingambit|Protect\n|move|p2b: Empoleon|Flash Cannon|p1a: Kingambit\n|-activate|p1a: Kingambit|move: Protect\n|move|p2a: Pelipper|Hurricane|p1a: Kingambit\n|-activate|p1a: Kingambit|move: Protect\n|-activate|p1b: Cresselia|confusion\n|-damage|p1b: Cresselia|79\/100|[from] confusion\n|\n|-weather|RainDance|[upkeep]\n|-sideend|p2: RenCronos|move: Tailwind\n|upkeep\n|turn|16\n|\n|t:|1698186491\n|-end|p1b: Cresselia|confusion\n|move|p1b: Cresselia|Ally Switch|p1b: Cresselia\n|swap|p1b: Cresselia|0|[from] move: Ally Switch\n|move|p1b: Kingambit|Sucker Punch|p2a: Pelipper\n|-damage|p2a: Pelipper|0 fnt\n|faint|p2a: Pelipper\n|move|p2b: Empoleon|Flash Cannon|p1a: Cresselia\n|-damage|p1a: Cresselia|57\/100\n|-unboost|p1a: Cresselia|spd|1\n|\n|-weather|none\n|upkeep\n|turn|17\n|\n|t:|1698186505\n|move|p1a: Cresselia|Lunar Blessing|p1a: Cresselia|[spread] p1a,p1b\n|-heal|p1a: Cresselia|82\/100\n|-heal|p1b: Kingambit|66\/100\n|move|p1b: Kingambit|Iron Head|p2b: Empoleon\n|-crit|p2b: Empoleon\n|-damage|p2b: Empoleon|0 fnt\n|faint|p2b: Empoleon\n|\n|win|Dear_RedF\n|raw|Dear_RedF's rating: 1379 &rarr; <strong>1392<\/strong><br \/>(+13 for winning)\n|raw|RenCronos's rating: 1243 &rarr; <strong>1227<\/strong><br \/>(-16 for losing)\n|l|\u203dRenCronos\n","uploadtime":1698186522,"views":19,"p1id":"dearredf","p2id":"rencronos","formatid":"gen9doublesou","rating":1227,"private":0,"password":""}