{"id":"gen9doublesou-1976092496","p1":"Kongojongo","p2":"xGodComplex","format":"[Gen 9] Doubles OU","log":"|j|\u2606Kongojongo\n|j|\u2606xGodComplex\n|t:|1698263015\n|gametype|doubles\n|player|p1|Kongojongo|harlequin|1059\n|player|p2|xGodComplex|brycenman|1108\n|teamsize|p1|6\n|teamsize|p2|6\n|gen|9\n|tier|[Gen 9] Doubles OU\n|rated|\n|rule|Species Clause: Limit one of each Pok\u00e9mon\n|rule|OHKO Clause: OHKO moves are banned\n|rule|Evasion Moves Clause: Evasion moves are banned\n|rule|Gravity Sleep Clause: The combination of sleep-inducing moves with imperfect accuracy and Gravity or Gigantamax Orbeetle are banned\n|rule|Endless Battle Clause: Forcing endless battles is banned\n|rule|HP Percentage Mod: HP is shown in percentages\n|clearpoke\n|poke|p1|Ogerpon-Hearthflame, F|\n|poke|p1|Ursaluna-Bloodmoon, M|\n|poke|p1|Cramorant, M|\n|poke|p1|Gastrodon-East, M|\n|poke|p1|Iron Hands|\n|poke|p1|Toxapex, F|\n|poke|p2|Flutter Mane|\n|poke|p2|Ninetales, M|\n|poke|p2|Ogerpon-Hearthflame, F|\n|poke|p2|Landorus-Therian, M|\n|poke|p2|Roaring Moon|\n|poke|p2|Amoonguss, F|\n|teampreview\n|\n|t:|1698263032\n|start\n|switch|p1a: Blumby|Gastrodon-East, M|100\/100\n|switch|p1b: Cramorant|Cramorant, M|100\/100\n|switch|p2a: Ninetales|Ninetales, M|100\/100\n|switch|p2b: Ogerpon|Ogerpon-Hearthflame, F|100\/100\n|-ability|p2b: Ogerpon|Mold Breaker\n|-weather|SunnyDay|[from] ability: Drought|[of] p2a: Ninetales\n|turn|1\n|\n|t:|1698263056\n|switch|p1a: Ogerpon|Ogerpon-Hearthflame, F|100\/100\n|-ability|p1a: Ogerpon|Mold Breaker\n|move|p2b: Ogerpon|Wood Hammer|p1a: Ogerpon\n|-resisted|p1a: Ogerpon\n|-damage|p1a: Ogerpon|84\/100\n|-damage|p2b: Ogerpon|95\/100|[from] Recoil\n|move|p2a: Ninetales|Will-O-Wisp|p1b: Cramorant|[miss]\n|-miss|p2a: Ninetales|p1b: Cramorant\n|move|p1b: Cramorant|Chilling Water|p2b: Ogerpon\n|-damage|p2b: Ogerpon|85\/100\n|-unboost|p2b: Ogerpon|atk|1\n|\n|-weather|SunnyDay|[upkeep]\n|upkeep\n|turn|2\n|\n|t:|1698263074\n|move|p2b: Ogerpon|Protect|p2b: Ogerpon\n|-singleturn|p2b: Ogerpon|Protect\n|move|p2a: Ninetales|Heat Wave|p1a: Ogerpon|[spread] p1a,p1b\n|-resisted|p1b: Cramorant\n|-damage|p1a: Ogerpon|44\/100\n|-damage|p1b: Cramorant|81\/100\n|move|p1a: Ogerpon|Swords Dance|p1a: Ogerpon\n|-boost|p1a: Ogerpon|atk|2\n|move|p1b: Cramorant|Chilling Water|p2a: Ninetales\n|-supereffective|p2a: Ninetales\n|-damage|p2a: Ninetales|79\/100\n|-unboost|p2a: Ninetales|atk|1\n|\n|-weather|SunnyDay|[upkeep]\n|upkeep\n|turn|3\n|\n|t:|1698263097\n|switch|p2b: Amoonguss|Amoonguss, F|100\/100\n|switch|p1b: Slappems|Iron Hands|100\/100\n|-enditem|p1b: Slappems|Booster Energy\n|-activate|p1b: Slappems|ability: Quark Drive|[fromitem]\n|-start|p1b: Slappems|quarkdriveatk\n|move|p1a: Ogerpon|Spiky Shield|p1a: Ogerpon\n|-singleturn|p1a: Ogerpon|move: Protect\n|move|p2a: Ninetales|Overheat|p1a: Ogerpon\n|-activate|p1a: Ogerpon|move: Protect\n|\n|-weather|SunnyDay|[upkeep]\n|upkeep\n|turn|4\n|\n|t:|1698263125\n|-terastallize|p1a: Ogerpon|Fire\n|detailschange|p1a: Ogerpon|Ogerpon-Hearthflame-Tera, F, tera:Fire\n|-ability|p1a: Ogerpon|Embody Aspect (Hearthflame)|boost\n|-boost|p1a: Ogerpon|atk|1\n|move|p1b: Slappems|Fake Out|p2a: Ninetales\n|-damage|p2a: Ninetales|53\/100\n|move|p2b: Amoonguss|Rage Powder|p2b: Amoonguss\n|-singleturn|p2b: Amoonguss|move: Rage Powder\n|cant|p2a: Ninetales|flinch\n|move|p1a: Ogerpon|Ivy Cudgel|p2b: Amoonguss\n|-supereffective|p2b: Amoonguss\n|-damage|p2b: Amoonguss|0 fnt\n|faint|p2b: Amoonguss\n|\n|-weather|SunnyDay|[upkeep]\n|upkeep\n|\n|t:|1698263141\n|switch|p2b: Flutter Mane|Flutter Mane|100\/100\n|-activate|p2b: Flutter Mane|ability: Protosynthesis\n|-start|p2b: Flutter Mane|protosynthesisspe\n|turn|5\n|\n|t:|1698263170\n|move|p1a: Ogerpon|Spiky Shield|p1a: Ogerpon\n|-singleturn|p1a: Ogerpon|move: Protect\n|move|p2b: Flutter Mane|Moonblast|p1b: Slappems\n|-supereffective|p1b: Slappems\n|-damage|p1b: Slappems|0 fnt\n|faint|p1b: Slappems\n|-end|p1b: Slappems|Quark Drive|[silent]\n|move|p2a: Ninetales|Overheat|p1a: Ogerpon\n|-activate|p1a: Ogerpon|move: Protect\n|\n|-weather|none\n|-end|p2b: Flutter Mane|Protosynthesis\n|upkeep\n|\n|t:|1698263184\n|switch|p1b: Har har har har|Ursaluna-Bloodmoon, M|100\/100\n|turn|6\n|\n|t:|1698263210\n|-end|p2b: Flutter Mane|Protosynthesis|[silent]\n|switch|p2b: Landorus|Landorus-Therian, M|100\/100\n|-ability|p2b: Landorus|Intimidate|boost\n|-unboost|p1a: Ogerpon|atk|1\n|-unboost|p1b: Har har har har|atk|1\n|move|p2a: Ninetales|Encore|p1a: Ogerpon\n|-start|p1a: Ogerpon|Encore\n|move|p1a: Ogerpon|Spiky Shield|p1a: Ogerpon\n|-singleturn|p1a: Ogerpon|move: Protect\n|move|p1b: Har har har har|Earth Power|p2b: Landorus\n|-immune|p2b: Landorus\n|\n|upkeep\n|turn|7\n|\n|t:|1698263237\n|switch|p2a: Ogerpon|Ogerpon-Hearthflame, F|85\/100\n|-ability|p2a: Ogerpon|Mold Breaker\n|switch|p1a: Red Velvet|Toxapex, F, shiny|100\/100\n|move|p2b: Landorus|Earthquake|p1a: Red Velvet|[spread] p2a,p1a,p1b\n|-supereffective|p1a: Red Velvet\n|-damage|p2a: Ogerpon|40\/100\n|-damage|p1a: Red Velvet|30\/100\n|-damage|p1b: Har har har har|73\/100\n|-enditem|p1a: Red Velvet|Sitrus Berry|[eat]\n|-heal|p1a: Red Velvet|55\/100|[from] item: Sitrus Berry\n|move|p1b: Har har har har|Earth Power|p2a: Ogerpon\n|-damage|p2a: Ogerpon|0 fnt\n|faint|p2a: Ogerpon\n|\n|upkeep\n|\n|t:|1698263254\n|switch|p2a: Ninetales|Ninetales, M|53\/100\n|-weather|SunnyDay|[from] ability: Drought|[of] p2a: Ninetales\n|turn|8\n|\n|t:|1698263266\n|-terastallize|p2b: Landorus|Flying\n|move|p2a: Ninetales|Overheat|p1b: Har har har har\n|-damage|p1b: Har har har har|2\/100\n|-unboost|p2a: Ninetales|spa|2\n|move|p2b: Landorus|Tera Blast|p1b: Har har har har|[anim] Tera Blast Flying\n|-damage|p1b: Har har har har|0 fnt\n|faint|p1b: Har har har har\n|move|p1a: Red Velvet|Acid Spray|p2b: Landorus\n|-damage|p2b: Landorus|88\/100\n|-unboost|p2b: Landorus|spd|2\n|-enditem|p2b: Landorus|Eject Button\n|\n|t:|1698263278\n|switch|p2b: Flutter Mane|Flutter Mane|100\/100\n|-activate|p2b: Flutter Mane|ability: Protosynthesis\n|-start|p2b: Flutter Mane|protosynthesisspe\n|\n|-weather|SunnyDay|[upkeep]\n|upkeep\n|\n|t:|1698263288\n|switch|p1b: Ogerpon|Ogerpon-Hearthflame-Tera, F, tera:Fire|44\/100\n|-ability|p1b: Ogerpon|Embody Aspect (Hearthflame)|boost\n|-boost|p1b: Ogerpon|atk|1\n|turn|9\n|\n|t:|1698263310\n|move|p2b: Flutter Mane|Shadow Ball|p1b: Ogerpon\n|-damage|p1b: Ogerpon|0 fnt\n|faint|p1b: Ogerpon\n|move|p2a: Ninetales|Will-O-Wisp|p1a: Red Velvet\n|-status|p1a: Red Velvet|brn\n|move|p1a: Red Velvet|Acid Spray|p2b: Flutter Mane\n|-crit|p2b: Flutter Mane\n|-damage|p2b: Flutter Mane|85\/100\n|-unboost|p2b: Flutter Mane|spd|2\n|\n|-weather|SunnyDay|[upkeep]\n|-damage|p1a: Red Velvet|49\/100 brn|[from] brn\n|upkeep\n|\n|t:|1698263324\n|switch|p1b: Cramorant|Cramorant, M|81\/100\n|turn|10\n|\n|t:|1698263331\n|switch|p1a: Blumby|Gastrodon-East, M|100\/100\n|move|p2b: Flutter Mane|Shadow Ball|p1b: Cramorant\n|-damage|p1b: Cramorant|16\/100\n|move|p2a: Ninetales|Heat Wave|p1a: Blumby|[spread] p1a,p1b\n|-resisted|p1a: Blumby\n|-resisted|p1b: Cramorant\n|-damage|p1a: Blumby|92\/100\n|-damage|p1b: Cramorant|7\/100\n|move|p1b: Cramorant|Surf|p2b: Flutter Mane|[spread] p2a,p2b\n|-ability|p1a: Blumby|Storm Drain|boost\n|-boost|p1a: Blumby|spa|1\n|-formechange|p1b: Cramorant|Cramorant-Gorging|\n|-supereffective|p2a: Ninetales\n|-damage|p2a: Ninetales|26\/100\n|-damage|p2b: Flutter Mane|57\/100\n|\n|-weather|SunnyDay|[upkeep]\n|-heal|p1a: Blumby|98\/100|[from] item: Leftovers\n|upkeep\n|turn|11\n|\n|t:|1698263355\n|move|p1b: Cramorant|Endure|p1b: Cramorant\n|-singleturn|p1b: Cramorant|move: Endure\n|move|p2b: Flutter Mane|Shadow Ball|p1a: Blumby\n|-damage|p1a: Blumby|42\/100\n|-unboost|p1a: Blumby|spd|1\n|move|p2a: Ninetales|Heat Wave|p1b: Cramorant|[spread] p1a,p1b\n|-resisted|p1a: Blumby\n|-resisted|p1b: Cramorant\n|-damage|p1a: Blumby|29\/100\n|-activate|p1b: Cramorant|move: Endure\n|-damage|p1b: Cramorant|1\/100\n|-damage|p2a: Ninetales|1\/100|[from] ability: Gulp Missile|[of] p1b: Cramorant\n|-status|p2a: Ninetales|par\n|-formechange|p1b: Cramorant|Cramorant|\n|move|p1a: Blumby|Chilling Water|p2b: Flutter Mane\n|-damage|p2b: Flutter Mane|31\/100\n|-unboost|p2b: Flutter Mane|atk|1\n|\n|-weather|SunnyDay|[upkeep]\n|-heal|p1a: Blumby|35\/100|[from] item: Leftovers\n|upkeep\n|turn|12\n|\n|t:|1698263385\n|move|p1b: Cramorant|Protect||[still]\n|-fail|p1b: Cramorant\n|move|p2b: Flutter Mane|Shadow Ball|p1a: Blumby\n|-damage|p1a: Blumby|0 fnt\n|faint|p1a: Blumby\n|cant|p2a: Ninetales|par\n|\n|-weather|none\n|-end|p2b: Flutter Mane|Protosynthesis\n|upkeep\n|\n|t:|1698263392\n|switch|p1a: Red Velvet|Toxapex, F, shiny|49\/100 brn\n|turn|13\n|\n|t:|1698263400\n|move|p2b: Flutter Mane|Shadow Ball|p1a: Red Velvet\n|-damage|p1a: Red Velvet|0 fnt\n|faint|p1a: Red Velvet\n|move|p1b: Cramorant|Surf|p2b: Flutter Mane|[spread] p2a,p2b\n|-formechange|p1b: Cramorant|Cramorant-Gorging|\n|-supereffective|p2a: Ninetales\n|-damage|p2a: Ninetales|0 fnt\n|-damage|p2b: Flutter Mane|0 fnt\n|faint|p2a: Ninetales\n|faint|p2b: Flutter Mane\n|-end|p2b: Flutter Mane|Protosynthesis|[silent]\n|\n|upkeep\n|\n|t:|1698263409\n|switch|p2b: Roaring Moon|Roaring Moon|100\/100\n|switch|p2a: Landorus|Landorus-Therian, M, tera:Flying|88\/100\n|-ability|p2a: Landorus|Intimidate|boost\n|-unboost|p1b: Cramorant|atk|1\n|turn|14\n|\n|t:|1698263422\n|move|p1b: Cramorant|Endure|p1b: Cramorant\n|-singleturn|p1b: Cramorant|move: Endure\n|move|p2b: Roaring Moon|Knock Off|p1b: Cramorant\n|-activate|p1b: Cramorant|move: Endure\n|-damage|p1b: Cramorant|1\/100\n|-damage|p2b: Roaring Moon|76\/100|[from] ability: Gulp Missile|[of] p1b: Cramorant\n|-status|p2b: Roaring Moon|par\n|-formechange|p1b: Cramorant|Cramorant|\n|-enditem|p1b: Cramorant|Focus Sash|[from] move: Knock Off|[of] p2b: Roaring Moon\n|move|p2a: Landorus|Taunt|p1b: Cramorant\n|-start|p1b: Cramorant|move: Taunt\n|\n|upkeep\n|turn|15\n|\n|t:|1698263438\n|move|p2a: Landorus|Tera Blast|p1b: Cramorant|[anim] Tera Blast Flying\n|-damage|p1b: Cramorant|0 fnt\n|faint|p1b: Cramorant\n|\n|win|xGodComplex\n|raw|Kongojongo's rating: 1059 &rarr; <strong>1042<\/strong><br \/>(-17 for losing)\n|raw|xGodComplex's rating: 1087 &rarr; <strong>1112<\/strong><br \/>(+25 for winning)\n|c|\u2606Kongojongo|gg\n|l|\u2606xGodComplex\n","uploadtime":1698263451,"views":9,"p1id":"kongojongo","p2id":"xgodcomplex","formatid":"gen9doublesou","rating":1042,"private":0,"password":""}