{"id":"gen9doublesou-1970919799","p1":"GOD MAGIKARP11","p2":"MikeAlan94","format":"[Gen 9] Doubles OU","log":"|j|\u2606GOD MAGIKARP11\n|j|\u2606MikeAlan94\n|t:|1697680849\n|gametype|doubles\n|player|p1|GOD MAGIKARP11|169|1268\n|player|p2|MikeAlan94|steven|1236\n|teamsize|p1|6\n|teamsize|p2|6\n|gen|9\n|tier|[Gen 9] Doubles OU\n|rated|\n|rule|Species Clause: Limit one of each Pok\u00e9mon\n|rule|OHKO Clause: OHKO moves are banned\n|rule|Evasion Moves Clause: Evasion moves are banned\n|rule|Gravity Sleep Clause: The combination of sleep-inducing moves with imperfect accuracy and Gravity or Gigantamax Orbeetle are banned\n|rule|Endless Battle Clause: Forcing endless battles is banned\n|rule|HP Percentage Mod: HP is shown in percentages\n|clearpoke\n|poke|p1|Azelf|\n|poke|p1|Flutter Mane|\n|poke|p1|Bronzong|\n|poke|p1|Garganacl, M|\n|poke|p1|Arcanine, M|\n|poke|p1|Samurott-Hisui, F|\n|poke|p2|Dragapult, F|\n|poke|p2|Iron Leaves|\n|poke|p2|Gardevoir, M|\n|poke|p2|Klefki, F|\n|poke|p2|Zapdos|\n|poke|p2|Maushold-Four|\n|teampreview\n|inactive|Battle timer is ON: inactive players will automatically lose when time's up. (requested by GOD MAGIKARP11)\n|\n|t:|1697680867\n|start\n|switch|p1a: Azelf|Azelf|100\/100\n|switch|p1b: Samurott|Samurott-Hisui, F, shiny|100\/100\n|switch|p2a: Klefki|Klefki, F|100\/100\n|switch|p2b: Gardevoir|Gardevoir, M|100\/100\n|-ability|p2b: Gardevoir|Levitate|[from] ability: Trace|[of] p1a: Azelf\n|turn|1\n|\n|t:|1697680891\n|-terastallize|p2b: Gardevoir|Fighting\n|move|p1b: Samurott|Protect|p1b: Samurott\n|-singleturn|p1b: Samurott|Protect\n|move|p2a: Klefki|Thunder Wave|p1a: Azelf|[miss]\n|-miss|p2a: Klefki|p1a: Azelf\n|move|p2b: Gardevoir|Aura Sphere|p1b: Samurott\n|-activate|p1b: Samurott|move: Protect\n|move|p1a: Azelf|Explosion|p2a: Klefki|[spread] p2a,p2b\n|-activate|p1b: Samurott|move: Protect\n|-enditem|p1a: Azelf|Normal Gem|[from] gem\n|-resisted|p2a: Klefki\n|-damage|p2a: Klefki|56\/100\n|-damage|p2b: Gardevoir|0 fnt\n|faint|p1a: Azelf\n|faint|p2b: Gardevoir\n|\n|upkeep\n|\n|t:|1697680914\n|switch|p1a: Garganacl|Garganacl, M|100\/100\n|switch|p2b: Zapdos|Zapdos|100\/100\n|turn|2\n|\n|t:|1697680936\n|switch|p1b: Bronzong|Bronzong|100\/100\n|move|p2b: Zapdos|Volt Switch|p1b: Bronzong\n|-damage|p1b: Bronzong|77\/100\n|\n|t:|1697680946\n|switch|p2b: Iron Leaves|Iron Leaves|100\/100|[from] Volt Switch\n|move|p2a: Klefki|Flash Cannon|p1a: Garganacl\n|-supereffective|p1a: Garganacl\n|-damage|p1a: Garganacl|71\/100\n|move|p1a: Garganacl|Salt Cure|p2b: Iron Leaves\n|-damage|p2b: Iron Leaves|89\/100\n|-start|p2b: Iron Leaves|Salt Cure\n|\n|-heal|p2b: Iron Leaves|96\/100|[from] item: Leftovers\n|-damage|p2b: Iron Leaves|83\/100|[from] Salt Cure\n|upkeep\n|turn|3\n|\n|t:|1697680970\n|-terastallize|p1a: Garganacl|Ghost\n|move|p2b: Iron Leaves|Leaf Blade|p1a: Garganacl\n|-damage|p1a: Garganacl|42\/100\n|move|p2a: Klefki|Flash Cannon|p1a: Garganacl\n|-damage|p1a: Garganacl|26\/100\n|move|p1a: Garganacl|Salt Cure|p2a: Klefki\n|-resisted|p2a: Klefki\n|-damage|p2a: Klefki|50\/100\n|-start|p2a: Klefki|Salt Cure\n|move|p1b: Bronzong|Light Screen|p1b: Bronzong\n|-sidestart|p1: GOD MAGIKARP11|move: Light Screen\n|\n|-heal|p2b: Iron Leaves|89\/100|[from] item: Leftovers\n|-damage|p2b: Iron Leaves|77\/100|[from] Salt Cure\n|-damage|p2a: Klefki|25\/100|[from] Salt Cure\n|upkeep\n|turn|4\n|\n|t:|1697680993\n|switch|p1a: Arcanine|Arcanine, M|100\/100\n|-ability|p1a: Arcanine|Intimidate|boost\n|-unboost|p2a: Klefki|atk|1\n|-unboost|p2b: Iron Leaves|atk|1\n|move|p2a: Klefki|Thunder Wave|p1b: Bronzong\n|-status|p1b: Bronzong|par\n|move|p2b: Iron Leaves|Leaf Blade|p1a: Arcanine\n|-resisted|p1a: Arcanine\n|-damage|p1a: Arcanine|84\/100\n|cant|p1b: Bronzong|par\n|\n|-heal|p2b: Iron Leaves|83\/100|[from] item: Leftovers\n|-damage|p2b: Iron Leaves|71\/100|[from] Salt Cure\n|-damage|p2a: Klefki|0 fnt|[from] Salt Cure\n|faint|p2a: Klefki\n|upkeep\n|inactive|MikeAlan94 has 120 seconds left.\n|\n|t:|1697681012\n|switch|p2a: Maushold|Maushold-Four|100\/100\n|turn|5\n|\n|t:|1697681026\n|-end|p2b: Iron Leaves|Quark Drive|[silent]\n|switch|p2b: Zapdos|Zapdos|100\/100\n|move|p2a: Maushold|Population Bomb|p1a: Arcanine\n|-damage|p1a: Arcanine|72\/100\n|-damage|p1a: Arcanine|60\/100\n|-damage|p1a: Arcanine|47\/100\n|-damage|p1a: Arcanine|35\/100\n|-damage|p1a: Arcanine|23\/100\n|-enditem|p1a: Arcanine|Aguav Berry|[eat]\n|-heal|p1a: Arcanine|56\/100|[from] item: Aguav Berry\n|-damage|p1a: Arcanine|43\/100\n|-damage|p1a: Arcanine|30\/100\n|-crit|p1a: Arcanine\n|-damage|p1a: Arcanine|11\/100\n|-damage|p1a: Arcanine|0 fnt\n|faint|p1a: Arcanine\n|-hitcount|p1: Arcanine|9\n|move|p1b: Bronzong|Gyro Ball|p2a: Maushold\n|-damage|p2a: Maushold|23\/100\n|\n|upkeep\n|\n|t:|1697681049\n|switch|p1a: Garganacl|Garganacl, M, tera:Ghost|26\/100\n|turn|6\n|inactive|MikeAlan94 has 120 seconds left.\n|\n|t:|1697681090\n|move|p2a: Maushold|Tidy Up|p2a: Maushold\n|-boost|p2a: Maushold|atk|1\n|-boost|p2a: Maushold|spe|1\n|move|p2b: Zapdos|Heat Wave|p1b: Bronzong|[spread] p1a,p1b\n|-supereffective|p1b: Bronzong\n|-enditem|p1b: Bronzong|Occa Berry|[eat]\n|-enditem|p1b: Bronzong|Occa Berry|[weaken]\n|-damage|p1a: Garganacl|16\/100\n|-damage|p1b: Bronzong|68\/100 par\n|move|p1a: Garganacl|Recover|p1a: Garganacl\n|-heal|p1a: Garganacl|66\/100\n|cant|p1b: Bronzong|par\n|\n|upkeep\n|turn|7\n|inactive|MikeAlan94 has 120 seconds left.\n|\n|t:|1697681112\n|move|p1b: Bronzong|Protect|p1b: Bronzong\n|-singleturn|p1b: Bronzong|Protect\n|move|p2a: Maushold|Population Bomb|p1b: Bronzong\n|-activate|p1b: Bronzong|move: Protect\n|move|p2b: Zapdos|Heat Wave|p1a: Garganacl|[spread] p1a\n|-activate|p1b: Bronzong|move: Protect\n|-damage|p1a: Garganacl|56\/100\n|move|p1a: Garganacl|Body Press|p2a: Maushold\n|-supereffective|p2a: Maushold\n|-damage|p2a: Maushold|0 fnt\n|faint|p2a: Maushold\n|\n|-sideend|p1: GOD MAGIKARP11|move: Light Screen\n|upkeep\n|\n|t:|1697681129\n|switch|p2a: Dragapult|Dragapult, F|100\/100\n|turn|8\n|inactive|MikeAlan94 has 120 seconds left.\n|\n|t:|1697681142\n|switch|p2b: Iron Leaves|Iron Leaves|71\/100\n|move|p2a: Dragapult|Phantom Force||[still]\n|-prepare|p2a: Dragapult|Phantom Force\n|move|p1a: Garganacl|Recover|p1a: Garganacl\n|-heal|p1a: Garganacl|100\/100\n|move|p1b: Bronzong|Stealth Rock|p2a: Dragapult\n|-sidestart|p2: MikeAlan94|move: Stealth Rock\n|\n|-heal|p2b: Iron Leaves|77\/100|[from] item: Leftovers\n|upkeep\n|turn|9\n|\n|t:|1697681159\n|switch|p1a: Samurott|Samurott-Hisui, F, shiny|100\/100\n|move|p2a: Dragapult|Phantom Force|p1b: Bronzong|[from]lockedmove\n|-supereffective|p1b: Bronzong\n|-damage|p1b: Bronzong|0 fnt\n|faint|p1b: Bronzong\n|move|p2b: Iron Leaves|Electric Terrain|p2b: Iron Leaves\n|-fieldstart|move: Electric Terrain\n|-activate|p2b: Iron Leaves|ability: Quark Drive\n|-start|p2b: Iron Leaves|quarkdriveatk\n|\n|-heal|p2b: Iron Leaves|83\/100|[from] item: Leftovers\n|upkeep\n|inactive|GOD MAGIKARP11 has 120 seconds left.\n|\n|t:|1697681179\n|switch|p1b: Garganacl|Garganacl, M, tera:Ghost|100\/100\n|turn|10\n|\n|t:|1697681194\n|move|p2a: Dragapult|Phantom Force||[still]\n|-prepare|p2a: Dragapult|Phantom Force\n|move|p1a: Samurott|Ceaseless Edge|p2b: Iron Leaves\n|-supereffective|p2b: Iron Leaves\n|-damage|p2b: Iron Leaves|6\/100\n|-sidestart|p2: MikeAlan94|Spikes\n|move|p2b: Iron Leaves|Leaf Blade|p1a: Samurott\n|-supereffective|p1a: Samurott\n|-damage|p1a: Samurott|0 fnt\n|faint|p1a: Samurott\n|move|p1b: Garganacl|Salt Cure|p2b: Iron Leaves\n|-damage|p2b: Iron Leaves|0 fnt\n|faint|p2b: Iron Leaves\n|-end|p2b: Iron Leaves|Quark Drive|[silent]\n|\n|upkeep\n|\n|t:|1697681208\n|switch|p1a: Flutter Mane|Flutter Mane|100\/100\n|switch|p2b: Zapdos|Zapdos|100\/100\n|-damage|p2b: Zapdos|75\/100|[from] Stealth Rock\n|turn|11\n|\n|t:|1697681220\n|move|p2a: Dragapult|Phantom Force|p1b: Garganacl|[from]lockedmove\n|-supereffective|p1b: Garganacl\n|-damage|p1b: Garganacl|71\/100\n|move|p1a: Flutter Mane|Dazzling Gleam|p2a: Dragapult|[spread] p2a,p2b\n|-supereffective|p2a: Dragapult\n|-damage|p2a: Dragapult|6\/100\n|-damage|p2b: Zapdos|49\/100\n|move|p2b: Zapdos|Roost|p2b: Zapdos\n|-heal|p2b: Zapdos|99\/100\n|-singleturn|p2b: Zapdos|move: Roost\n|move|p1b: Garganacl|Recover|p1b: Garganacl\n|-heal|p1b: Garganacl|100\/100\n|\n|upkeep\n|turn|12\n|\n|t:|1697681242\n|move|p2a: Dragapult|Phantom Force||[still]\n|-prepare|p2a: Dragapult|Phantom Force\n|move|p1a: Flutter Mane|Dazzling Gleam|p2b: Zapdos|[spread] p2b\n|-miss|p1a: Flutter Mane|p2a: Dragapult\n|-damage|p2b: Zapdos|73\/100\n|move|p2b: Zapdos|Volt Switch|p1b: Garganacl\n|-crit|p1b: Garganacl\n|-damage|p1b: Garganacl|66\/100\n|move|p1b: Garganacl|Iron Defense|p1b: Garganacl\n|-boost|p1b: Garganacl|def|2\n|\n|upkeep\n|turn|13\n|\n|t:|1697681258\n|move|p1a: Flutter Mane|Protect|p1a: Flutter Mane\n|-singleturn|p1a: Flutter Mane|Protect\n|move|p2a: Dragapult|Phantom Force|p1a: Flutter Mane|[from]lockedmove\n|-activate|p1a: Flutter Mane|move: Phantom Force|[broken]\n|-supereffective|p1a: Flutter Mane\n|-enditem|p1a: Flutter Mane|Focus Sash\n|-damage|p1a: Flutter Mane|1\/100\n|move|p2b: Zapdos|Volt Switch|p1b: Garganacl\n|-damage|p1b: Garganacl|46\/100\n|move|p1b: Garganacl|Salt Cure|p2a: Dragapult\n|-damage|p2a: Dragapult|0 fnt\n|faint|p2a: Dragapult\n|\n|-fieldend|move: Electric Terrain\n|upkeep\n|turn|14\n|\n|t:|1697681288\n|move|p1a: Flutter Mane|Shadow Ball|p2b: Zapdos\n|-damage|p2b: Zapdos|36\/100\n|move|p2b: Zapdos|Air Cutter|p1b: Garganacl|[spread] p1a,p1b\n|-damage|p1a: Flutter Mane|0 fnt\n|-damage|p1b: Garganacl|33\/100\n|faint|p1a: Flutter Mane\n|-end|p1a: Flutter Mane|Protosynthesis|[silent]\n|move|p1b: Garganacl|Salt Cure|p2b: Zapdos\n|-supereffective|p2b: Zapdos\n|-damage|p2b: Zapdos|10\/100\n|-start|p2b: Zapdos|Salt Cure\n|-enditem|p2b: Zapdos|Aguav Berry|[eat]\n|-heal|p2b: Zapdos|43\/100|[from] item: Aguav Berry\n|\n|-damage|p2b: Zapdos|30\/100|[from] Salt Cure\n|upkeep\n|turn|15\n|\n|t:|1697681303\n|move|p2b: Zapdos|Roost|p2b: Zapdos\n|-heal|p2b: Zapdos|80\/100\n|-singleturn|p2b: Zapdos|move: Roost\n|move|p1b: Garganacl|Recover|p1b: Garganacl\n|-heal|p1b: Garganacl|83\/100\n|\n|-damage|p2b: Zapdos|68\/100|[from] Salt Cure\n|upkeep\n|turn|16\n|\n|t:|1697681314\n|move|p2b: Zapdos|Volt Switch|p1b: Garganacl\n|-damage|p1b: Garganacl|63\/100\n|move|p1b: Garganacl|Iron Defense|p1b: Garganacl\n|-boost|p1b: Garganacl|def|2\n|\n|-damage|p2b: Zapdos|55\/100|[from] Salt Cure\n|upkeep\n|turn|17\n|\n|t:|1697681322\n|move|p2b: Zapdos|Roost|p2b: Zapdos\n|-heal|p2b: Zapdos|100\/100\n|-singleturn|p2b: Zapdos|move: Roost\n|move|p1b: Garganacl|Recover|p1b: Garganacl\n|-heal|p1b: Garganacl|100\/100\n|\n|-damage|p2b: Zapdos|88\/100|[from] Salt Cure\n|upkeep\n|turn|18\n|\n|t:|1697681332\n|move|p2b: Zapdos|Volt Switch|p1b: Garganacl\n|-damage|p1b: Garganacl|81\/100\n|move|p1b: Garganacl|Iron Defense|p1b: Garganacl\n|-boost|p1b: Garganacl|def|2\n|\n|-damage|p2b: Zapdos|75\/100|[from] Salt Cure\n|upkeep\n|turn|19\n|\n|t:|1697681344\n|move|p2b: Zapdos|Heat Wave|p1b: Garganacl\n|-damage|p1b: Garganacl|63\/100\n|move|p1b: Garganacl|Body Press|p2b: Zapdos\n|-resisted|p2b: Zapdos\n|-damage|p2b: Zapdos|35\/100\n|\n|-damage|p2b: Zapdos|23\/100|[from] Salt Cure\n|upkeep\n|turn|20\n|\n|t:|1697681354\n|move|p2b: Zapdos|Roost|p2b: Zapdos\n|-heal|p2b: Zapdos|73\/100\n|-singleturn|p2b: Zapdos|move: Roost\n|move|p1b: Garganacl|Salt Cure|p2b: Zapdos\n|-damage|p2b: Zapdos|61\/100\n|\n|-damage|p2b: Zapdos|48\/100|[from] Salt Cure\n|upkeep\n|turn|21\n|\n|t:|1697681369\n|move|p2b: Zapdos|Roost|p2b: Zapdos\n|-heal|p2b: Zapdos|98\/100\n|-singleturn|p2b: Zapdos|move: Roost\n|move|p1b: Garganacl|Recover|p1b: Garganacl\n|-heal|p1b: Garganacl|100\/100\n|\n|-damage|p2b: Zapdos|86\/100|[from] Salt Cure\n|upkeep\n|turn|22\n|\n|t:|1697681378\n|move|p2b: Zapdos|Heat Wave|p1b: Garganacl\n|-damage|p1b: Garganacl|82\/100\n|move|p1b: Garganacl|Body Press|p2b: Zapdos\n|-resisted|p2b: Zapdos\n|-damage|p2b: Zapdos|49\/100\n|\n|-damage|p2b: Zapdos|36\/100|[from] Salt Cure\n|upkeep\n|turn|23\n|\n|t:|1697681390\n|move|p2b: Zapdos|Heat Wave|p1b: Garganacl\n|-damage|p1b: Garganacl|62\/100\n|move|p1b: Garganacl|Body Press|p2b: Zapdos\n|-resisted|p2b: Zapdos\n|-damage|p2b: Zapdos|0 fnt\n|faint|p2b: Zapdos\n|\n|win|GOD MAGIKARP11\n|raw|GOD MAGIKARP11's rating: 1268 &rarr; <strong>1291<\/strong><br \/>(+23 for winning)\n|raw|MikeAlan94's rating: 1236 &rarr; <strong>1213<\/strong><br \/>(-23 for losing)\n|c|\u2606GOD MAGIKARP11|gg\n|c|\u2606MikeAlan94|gg\n|l|\u2606MikeAlan94\n","uploadtime":1697681428,"views":13,"p1id":"godmagikarp11","p2id":"mikealan94","formatid":"gen9doublesou","rating":1213,"private":0,"password":""}