{"id":"gen9doublesou-1980211248","p1":"veryepicindeed","p2":"Brewdingle","format":"[Gen 9] Doubles OU","log":"|j|\u2606veryepicindeed\n|j|\u2606Brewdingle\n|t:|1698766622\n|gametype|doubles\n|player|p1|veryepicindeed|101|1000\n|player|p2|Brewdingle|1|1087\n|teamsize|p1|6\n|teamsize|p2|6\n|gen|9\n|tier|[Gen 9] Doubles OU\n|rated|\n|rule|Species Clause: Limit one of each Pok\u00e9mon\n|rule|OHKO Clause: OHKO moves are banned\n|rule|Evasion Moves Clause: Evasion moves are banned\n|rule|Gravity Sleep Clause: The combination of sleep-inducing moves with imperfect accuracy and Gravity or Gigantamax Orbeetle are banned\n|rule|Endless Battle Clause: Forcing endless battles is banned\n|rule|HP Percentage Mod: HP is shown in percentages\n|clearpoke\n|poke|p1|Flutter Mane|\n|poke|p1|Chi-Yu|\n|poke|p1|Gholdengo|\n|poke|p1|Kingambit, F|\n|poke|p1|Amoonguss, F|\n|poke|p1|Palafin, M|\n|poke|p2|Sinistcha|\n|poke|p2|Clefable, F|\n|poke|p2|Kommo-o, F|\n|poke|p2|Yanmega, F|\n|poke|p2|Mienshao, F|\n|poke|p2|Ursaluna-Bloodmoon, M|\n|teampreview\n|\n|t:|1698766664\n|start\n|switch|p1a: Amoonguss|Amoonguss, F|100\/100\n|switch|p1b: Palafin|Palafin, M|100\/100\n|switch|p2a: Clefable|Clefable, F|100\/100\n|switch|p2b: Mienshao|Mienshao, F|100\/100\n|turn|1\n|inactive|Battle timer is ON: inactive players will automatically lose when time's up. (requested by Brewdingle)\n|\n|t:|1698766683\n|move|p2b: Mienshao|Fake Out|p1a: Amoonguss\n|-damage|p1a: Amoonguss|89\/100\n|move|p1b: Palafin|Flip Turn|p2a: Clefable\n|-damage|p2a: Clefable|74\/100\n|\n|t:|1698766692\n|detailschange|p1b: Palafin|Palafin-Hero, M\n|switch|p1b: Gholdengo|Gholdengo|100\/100|[from] Flip Turn\n|move|p2a: Clefable|Cosmic Power|p2a: Clefable\n|-boost|p2a: Clefable|def|1\n|-boost|p2a: Clefable|spd|1\n|cant|p1a: Amoonguss|flinch\n|\n|-heal|p2a: Clefable|80\/100|[from] item: Leftovers\n|upkeep\n|turn|2\n|\n|t:|1698766715\n|-terastallize|p2a: Clefable|Steel\n|move|p1b: Gholdengo|Make It Rain|p2a: Clefable|[spread] p2a,p2b\n|-resisted|p2a: Clefable\n|-damage|p2a: Clefable|68\/100\n|-damage|p2b: Mienshao|31\/100\n|-unboost|p1b: Gholdengo|spa|1\n|move|p2b: Mienshao|Ice Spinner|p1a: Amoonguss\n|-supereffective|p1a: Amoonguss\n|-crit|p1a: Amoonguss\n|-damage|p1a: Amoonguss|18\/100\n|move|p2a: Clefable|Cosmic Power|p2a: Clefable\n|-boost|p2a: Clefable|def|1\n|-boost|p2a: Clefable|spd|1\n|move|p1a: Amoonguss|Spore|p2b: Mienshao\n|-status|p2b: Mienshao|slp|[from] move: Spore\n|\n|-heal|p2b: Mienshao|37\/100 slp|[from] item: Leftovers\n|-heal|p2a: Clefable|74\/100|[from] item: Leftovers\n|upkeep\n|turn|3\n|inactive|veryepicindeed has 120 seconds left.\n|inactive|Brewdingle has 120 seconds left.\n|\n|t:|1698766750\n|switch|p1b: Chi-Yu|Chi-Yu|100\/100\n|-ability|p1b: Chi-Yu|Beads of Ruin\n|switch|p2b: Sinistcha|Sinistcha|100\/100\n|-heal|p2a: Clefable|99\/100|[from] ability: Hospitality|[of] p2b: Sinistcha\n|move|p2a: Clefable|Cosmic Power|p2a: Clefable\n|-boost|p2a: Clefable|def|1\n|-boost|p2a: Clefable|spd|1\n|move|p1a: Amoonguss|Spore|p2a: Clefable\n|-status|p2a: Clefable|slp|[from] move: Spore\n|\n|-heal|p2a: Clefable|100\/100 slp|[from] item: Leftovers\n|upkeep\n|turn|4\n|inactive|veryepicindeed has 120 seconds left.\n|inactive|Brewdingle has 120 seconds left.\n|\n|t:|1698766789\n|switch|p2b: Yanmega|Yanmega, F, shiny|100\/100\n|move|p1a: Amoonguss|Rage Powder|p1a: Amoonguss\n|-singleturn|p1a: Amoonguss|move: Rage Powder\n|move|p1b: Chi-Yu|Heat Wave|p2b: Yanmega|[spread] p2a,p2b\n|-supereffective|p2a: Clefable\n|-supereffective|p2b: Yanmega\n|-damage|p2a: Clefable|51\/100 slp\n|-damage|p2b: Yanmega|0 fnt\n|faint|p2b: Yanmega\n|cant|p2a: Clefable|slp\n|\n|-heal|p2a: Clefable|57\/100 slp|[from] item: Leftovers\n|upkeep\n|\n|t:|1698766801\n|switch|p2b: Ursaluna|Ursaluna-Bloodmoon, M|100\/100\n|turn|5\n|inactive|Brewdingle has 120 seconds left.\n|\n|t:|1698766820\n|switch|p1a: Palafin|Palafin-Hero, M|100\/100\n|-activate|p1a: Palafin|ability: Zero to Hero\n|move|p1b: Chi-Yu|Heat Wave|p2b: Ursaluna|[spread] p2a,p2b\n|-supereffective|p2a: Clefable\n|-damage|p2a: Clefable|4\/100 slp\n|-damage|p2b: Ursaluna|23\/100\n|-status|p2b: Ursaluna|brn\n|move|p2b: Ursaluna|Earth Power|p1b: Chi-Yu\n|-supereffective|p1b: Chi-Yu\n|-damage|p1b: Chi-Yu|0 fnt\n|faint|p1b: Chi-Yu\n|cant|p2a: Clefable|slp\n|\n|-heal|p2b: Ursaluna|29\/100 brn|[from] item: Leftovers\n|-heal|p2a: Clefable|10\/100 slp|[from] item: Leftovers\n|-damage|p2b: Ursaluna|23\/100 brn|[from] brn\n|upkeep\n|inactive|veryepicindeed has 120 seconds left.\n|\n|t:|1698766844\n|switch|p1b: Amoonguss|Amoonguss, F|51\/100\n|turn|6\n|\n|t:|1698766853\n|move|p1a: Palafin|Jet Punch|p2b: Ursaluna\n|-supereffective|p2b: Ursaluna\n|-damage|p2b: Ursaluna|0 fnt\n|faint|p2b: Ursaluna\n|cant|p2a: Clefable|slp\n|move|p1b: Amoonguss|Pollen Puff|p2a: Clefable\n|-resisted|p2a: Clefable\n|-damage|p2a: Clefable|7\/100 slp\n|\n|-heal|p2a: Clefable|13\/100 slp|[from] item: Leftovers\n|upkeep\n|\n|t:|1698766861\n|switch|p2b: Sinistcha|Sinistcha|100\/100\n|-heal|p2a: Clefable|38\/100 slp|[from] ability: Hospitality|[of] p2b: Sinistcha\n|turn|7\n|\n|t:|1698766877\n|move|p2b: Sinistcha|Rage Powder|p2b: Sinistcha\n|-singleturn|p2b: Sinistcha|move: Rage Powder\n|move|p1b: Amoonguss|Rage Powder|p1b: Amoonguss\n|-singleturn|p1b: Amoonguss|move: Rage Powder\n|move|p1a: Palafin|Jet Punch|p2b: Sinistcha\n|-resisted|p2b: Sinistcha\n|-damage|p2b: Sinistcha|76\/100\n|-curestatus|p2a: Clefable|slp|[msg]\n|move|p2a: Clefable|Moonlight|p2a: Clefable\n|-heal|p2a: Clefable|88\/100\n|\n|-heal|p2a: Clefable|94\/100|[from] item: Leftovers\n|upkeep\n|turn|8\n|\n|t:|1698766898\n|move|p1a: Palafin|Jet Punch|p2a: Clefable\n|-damage|p2a: Clefable|75\/100\n|move|p2b: Sinistcha|Matcha Gotcha|p1a: Palafin|[spread] p1a,p1b\n|-supereffective|p1a: Palafin\n|-resisted|p1b: Amoonguss\n|-damage|p1a: Palafin|45\/100\n|-heal|p2b: Sinistcha|100\/100|[from] drain|[of] p1a: Palafin\n|-damage|p1b: Amoonguss|47\/100\n|move|p2a: Clefable|Cosmic Power|p2a: Clefable\n|-boost|p2a: Clefable|def|1\n|-boost|p2a: Clefable|spd|1\n|move|p1b: Amoonguss|Spore|p2a: Clefable\n|-status|p2a: Clefable|slp|[from] move: Spore\n|\n|-heal|p2a: Clefable|81\/100 slp|[from] item: Leftovers\n|upkeep\n|turn|9\n|inactive|veryepicindeed has 120 seconds left.\n|\n|t:|1698766944\n|switch|p1a: Kingambit|Kingambit, F|100\/100\n|move|p2b: Sinistcha|Matcha Gotcha|p1b: Amoonguss|[spread] p1a,p1b\n|-resisted|p1a: Kingambit\n|-resisted|p1b: Amoonguss\n|-damage|p1a: Kingambit|88\/100\n|-damage|p1b: Amoonguss|42\/100\n|cant|p2a: Clefable|slp\n|move|p1b: Amoonguss|Spore|p2b: Sinistcha\n|-immune|p2b: Sinistcha\n|\n|-heal|p2a: Clefable|87\/100 slp|[from] item: Leftovers\n|upkeep\n|turn|10\n|inactive|veryepicindeed has 120 seconds left.\n|inactive|veryepicindeed has 90 seconds left.\n|\n|t:|1698766997\n|switch|p2b: Mienshao|Mienshao, F|71\/100 slp\n|-terastallize|p1a: Kingambit|Dark\n|cant|p2a: Clefable|slp\n|move|p1a: Kingambit|Kowtow Cleave|p2a: Clefable\n|-damage|p2a: Clefable|65\/100 slp\n|move|p1b: Amoonguss|Pollen Puff|p2b: Mienshao\n|-resisted|p2b: Mienshao\n|-damage|p2b: Mienshao|57\/100 slp\n|\n|-heal|p2b: Mienshao|63\/100 slp|[from] item: Leftovers\n|-heal|p2a: Clefable|72\/100 slp|[from] item: Leftovers\n|upkeep\n|turn|11\n|inactive|veryepicindeed has 90 seconds left.\n|inactive|Brewdingle has 120 seconds left.\n|\n|t:|1698767039\n|switch|p1a: Gholdengo|Gholdengo|100\/100\n|cant|p2b: Mienshao|slp\n|-curestatus|p2a: Clefable|slp|[msg]\n|move|p2a: Clefable|Cosmic Power|p2a: Clefable\n|-boost|p2a: Clefable|def|1\n|-boost|p2a: Clefable|spd|1\n|move|p1b: Amoonguss|Spore|p2a: Clefable\n|-status|p2a: Clefable|slp|[from] move: Spore\n|\n|-heal|p2b: Mienshao|69\/100 slp|[from] item: Leftovers\n|-heal|p2a: Clefable|78\/100 slp|[from] item: Leftovers\n|upkeep\n|turn|12\n|inactive|veryepicindeed has 90 seconds left.\n|inactive|Brewdingle has 120 seconds left.\n|\n|t:|1698767070\n|switch|p1b: Flutter Mane|Flutter Mane|100\/100\n|-enditem|p1b: Flutter Mane|Booster Energy\n|-activate|p1b: Flutter Mane|ability: Protosynthesis|[fromitem]\n|-start|p1b: Flutter Mane|protosynthesisspe\n|move|p1a: Gholdengo|Thunderbolt|p2b: Mienshao\n|-damage|p2b: Mienshao|17\/100 slp\n|cant|p2b: Mienshao|slp\n|cant|p2a: Clefable|slp\n|\n|-heal|p2b: Mienshao|23\/100 slp|[from] item: Leftovers\n|-heal|p2a: Clefable|84\/100 slp|[from] item: Leftovers\n|upkeep\n|turn|13\n|inactive|veryepicindeed has 90 seconds left.\n|\n|t:|1698767089\n|cant|p2a: Clefable|slp\n|move|p1b: Flutter Mane|Dazzling Gleam|p2b: Mienshao|[spread] p2a,p2b\n|-resisted|p2a: Clefable\n|-supereffective|p2b: Mienshao\n|-damage|p2a: Clefable|81\/100 slp\n|-damage|p2b: Mienshao|0 fnt\n|faint|p2b: Mienshao\n|move|p1a: Gholdengo|Thunderbolt|p2a: Clefable\n|-damage|p2a: Clefable|73\/100 slp\n|\n|-heal|p2a: Clefable|79\/100 slp|[from] item: Leftovers\n|upkeep\n|\n|t:|1698767097\n|switch|p2b: Sinistcha|Sinistcha|100\/100\n|-heal|p2a: Clefable|100\/100 slp|[from] ability: Hospitality|[of] p2b: Sinistcha\n|turn|14\n|\n|t:|1698767115\n|cant|p2a: Clefable|slp\n|move|p1b: Flutter Mane|Shadow Ball|p2b: Sinistcha\n|-supereffective|p2b: Sinistcha\n|-damage|p2b: Sinistcha|31\/100\n|move|p1a: Gholdengo|Thunderbolt|p2b: Sinistcha\n|-resisted|p2b: Sinistcha\n|-damage|p2b: Sinistcha|16\/100\n|move|p2b: Sinistcha|Shadow Ball|p1a: Gholdengo\n|-supereffective|p1a: Gholdengo\n|-damage|p1a: Gholdengo|13\/100\n|\n|upkeep\n|turn|15\n|inactive|veryepicindeed has 120 seconds left.\n|inactive|Brewdingle has 120 seconds left.\n|\n|t:|1698767154\n|switch|p1a: Palafin|Palafin-Hero, M|45\/100\n|-curestatus|p2a: Clefable|slp|[msg]\n|move|p2a: Clefable|Follow Me|p2a: Clefable\n|-singleturn|p2a: Clefable|move: Follow Me\n|move|p1b: Flutter Mane|Shadow Ball|p2a: Clefable\n|-damage|p2a: Clefable|91\/100\n|move|p2b: Sinistcha|Strength Sap|p1b: Flutter Mane\n|-unboost|p1b: Flutter Mane|atk|1\n|-heal|p2b: Sinistcha|50\/100\n|\n|-heal|p2a: Clefable|97\/100|[from] item: Leftovers\n|upkeep\n|turn|16\n|inactive|veryepicindeed has 120 seconds left.\n|inactive|Brewdingle has 120 seconds left.\n|\n|t:|1698767179\n|move|p2a: Clefable|Follow Me|p2a: Clefable\n|-singleturn|p2a: Clefable|move: Follow Me\n|move|p1a: Palafin|Jet Punch|p2a: Clefable\n|-damage|p2a: Clefable|84\/100\n|move|p1b: Flutter Mane|Dazzling Gleam|p2a: Clefable|[spread] p2a,p2b\n|-resisted|p2a: Clefable\n|-damage|p2a: Clefable|81\/100\n|-damage|p2b: Sinistcha|27\/100\n|move|p2b: Sinistcha|Strength Sap|p1a: Palafin\n|-unboost|p1a: Palafin|atk|1\n|-heal|p2b: Sinistcha|100\/100\n|\n|-heal|p2a: Clefable|87\/100|[from] item: Leftovers\n|upkeep\n|turn|17\n|inactive|veryepicindeed has 120 seconds left.\n|inactive|veryepicindeed has 90 seconds left.\n|\n|t:|1698767220\n|switch|p1a: Amoonguss|Amoonguss, F|75\/100\n|move|p2a: Clefable|Follow Me|p2a: Clefable\n|-singleturn|p2a: Clefable|move: Follow Me\n|move|p1b: Flutter Mane|Dazzling Gleam|p2a: Clefable|[spread] p2a,p2b\n|-resisted|p2a: Clefable\n|-damage|p2a: Clefable|84\/100\n|-damage|p2b: Sinistcha|74\/100\n|move|p2b: Sinistcha|Matcha Gotcha|p1a: Amoonguss|[spread] p1b\n|-miss|p2b: Sinistcha|p1a: Amoonguss\n|-crit|p1b: Flutter Mane\n|-damage|p1b: Flutter Mane|65\/100\n|-heal|p2b: Sinistcha|90\/100|[from] drain|[of] p1b: Flutter Mane\n|\n|-heal|p2a: Clefable|90\/100|[from] item: Leftovers\n|upkeep\n|turn|18\n|inactive|veryepicindeed has 90 seconds left.\n|inactive|Brewdingle has 120 seconds left.\n|\n|t:|1698767276\n|move|p1b: Flutter Mane|Shadow Ball|p2b: Sinistcha\n|-supereffective|p2b: Sinistcha\n|-damage|p2b: Sinistcha|26\/100\n|move|p2b: Sinistcha|Shadow Ball|p1a: Amoonguss\n|-damage|p1a: Amoonguss|46\/100\n|move|p2a: Clefable|Moonblast|p1b: Flutter Mane\n|-damage|p1b: Flutter Mane|41\/100\n|move|p1a: Amoonguss|Spore|p2a: Clefable\n|-status|p2a: Clefable|slp|[from] move: Spore\n|\n|-heal|p2a: Clefable|96\/100 slp|[from] item: Leftovers\n|upkeep\n|turn|19\n|inactive|veryepicindeed has 90 seconds left.\n|inactive|Brewdingle has 120 seconds left.\n|\n|t:|1698767309\n|cant|p2a: Clefable|slp\n|move|p1b: Flutter Mane|Shadow Ball|p2b: Sinistcha\n|-supereffective|p2b: Sinistcha\n|-damage|p2b: Sinistcha|0 fnt\n|faint|p2b: Sinistcha\n|move|p1a: Amoonguss|Clear Smog|p2a: Clefable\n|-immune|p2a: Clefable\n|\n|-heal|p2a: Clefable|100\/100 slp|[from] item: Leftovers\n|upkeep\n|\n|t:|1698767314\n|switch|p2b: Kommo-o|Kommo-o, F|100\/100\n|turn|20\n|inactive|veryepicindeed has 90 seconds left.\n|inactive|Brewdingle has 120 seconds left.\n|\n|t:|1698767337\n|cant|p2a: Clefable|slp\n|move|p1a: Amoonguss|Rage Powder|p1a: Amoonguss\n|-singleturn|p1a: Amoonguss|move: Rage Powder\n|move|p1b: Flutter Mane|Moonblast|p2b: Kommo-o\n|-supereffective|p2b: Kommo-o\n|-damage|p2b: Kommo-o|0 fnt\n|faint|p2b: Kommo-o\n|\n|upkeep\n|turn|21\n|-message|Brewdingle forfeited.\n|\n|win|veryepicindeed\n|raw|veryepicindeed's rating: 1000 &rarr; <strong>1050<\/strong><br \/>(+50 for winning)\n|raw|Brewdingle's rating: 1087 &rarr; <strong>1058<\/strong><br \/>(-29 for losing)\n|l|\u2606Brewdingle\n","uploadtime":1698767371,"views":19,"p1id":"veryepicindeed","p2id":"brewdingle","formatid":"gen9doublesou","rating":1050,"private":0,"password":""}