{"id":"gen9doublesou-1995546357","p1":"Detrimentalkev","p2":"sirazurill","format":"[Gen 9] Doubles OU","log":"|j|\u2606Detrimentalkev\n|j|\u2606sirazurill\n|t:|1700581693\n|gametype|doubles\n|player|p1|Detrimentalkev|brock|1513\n|player|p2|sirazurill|bugcatcher-gen4dp|1705\n|teamsize|p1|6\n|teamsize|p2|6\n|gen|9\n|tier|[Gen 9] Doubles OU\n|rated|\n|rule|Species Clause: Limit one of each Pok\u00e9mon\n|rule|OHKO Clause: OHKO moves are banned\n|rule|Evasion Moves Clause: Evasion moves are banned\n|rule|Gravity Sleep Clause: The combination of sleep-inducing moves with imperfect accuracy and Gravity or Gigantamax Orbeetle are banned\n|rule|Endless Battle Clause: Forcing endless battles is banned\n|rule|HP Percentage Mod: HP is shown in percentages\n|clearpoke\n|poke|p1|Torkoal, F|\n|poke|p1|Gastrodon, M|\n|poke|p1|Diancie|\n|poke|p1|Oranguru, F|\n|poke|p1|Clefairy, M|\n|poke|p1|Tyranitar, M|\n|poke|p2|Kingambit, F|\n|poke|p2|Tornadus, M|\n|poke|p2|Flutter Mane|\n|poke|p2|Landorus-Therian, M|\n|poke|p2|Ogerpon-Wellspring, F|\n|poke|p2|Heatran, M|\n|teampreview\n|\n|t:|1700581719\n|start\n|switch|p1a: Gastrodon|Gastrodon, M|100\/100\n|switch|p1b: Tyranitar|Tyranitar, M|100\/100\n|switch|p2a: Tornadus|Tornadus, M|100\/100\n|switch|p2b: Oregon-Wellspring|Ogerpon-Wellspring, F|100\/100\n|-weather|Sandstorm|[from] ability: Sand Stream|[of] p1b: Tyranitar\n|turn|1\n|inactive|Battle timer is ON: inactive players will automatically lose when time's up. (requested by Detrimentalkev)\n|inactive|Detrimentalkev has 120 seconds left.\n|\n|t:|1700581759\n|-terastallize|p1a: Gastrodon|Rock\n|move|p2a: Tornadus|Tailwind|p2a: Tornadus\n|-sidestart|p2: sirazurill|move: Tailwind\n|move|p2b: Oregon-Wellspring|Wood Hammer|p1b: Tyranitar\n|-supereffective|p1b: Tyranitar\n|-damage|p1b: Tyranitar|0 fnt\n|faint|p1b: Tyranitar\n|-damage|p2b: Oregon-Wellspring|61\/100|[from] Recoil\n|move|p1a: Gastrodon|Earth Power|p2b: Oregon-Wellspring\n|-resisted|p2b: Oregon-Wellspring\n|-damage|p2b: Oregon-Wellspring|44\/100\n|\n|-weather|Sandstorm|[upkeep]\n|-damage|p2b: Oregon-Wellspring|38\/100|[from] Sandstorm\n|-damage|p2a: Tornadus|94\/100|[from] Sandstorm\n|upkeep\n|\n|t:|1700581772\n|switch|p1b: Clefairy|Clefairy, M|100\/100\n|turn|2\n|\n|t:|1700581780\n|move|p2b: Oregon-Wellspring|Wood Hammer|p1a: Gastrodon\n|-supereffective|p1a: Gastrodon\n|-damage|p1a: Gastrodon|0 fnt\n|faint|p1a: Gastrodon\n|-damage|p2b: Oregon-Wellspring|0 fnt|[from] Recoil\n|faint|p2b: Oregon-Wellspring\n|move|p2a: Tornadus|Bleakwind Storm|p1b: Clefairy\n|-damage|p1b: Clefairy|59\/100\n|move|p1b: Clefairy|Life Dew|p1b: Clefairy\n|-heal|p1b: Clefairy|84\/100\n|\n|-weather|Sandstorm|[upkeep]\n|-damage|p2a: Tornadus|88\/100|[from] Sandstorm\n|-damage|p1b: Clefairy|78\/100|[from] Sandstorm\n|upkeep\n|\n|t:|1700581792\n|switch|p2b: Landorus|Landorus-Therian, M|100\/100\n|switch|p1a: Diancie|Diancie|100\/100\n|-ability|p2b: Landorus|Intimidate|boost\n|-fail|p1a: Diancie|unboost|[from] ability: Clear Body|[of] p1a: Diancie\n|-unboost|p1b: Clefairy|atk|1\n|turn|3\n|\n|t:|1700581802\n|-terastallize|p2b: Landorus|Ground\n|move|p1b: Clefairy|Follow Me|p1b: Clefairy\n|-singleturn|p1b: Clefairy|move: Follow Me\n|move|p2b: Landorus|Earthquake|p1a: Diancie|[spread] p1a,p1b\n|-immune|p2a: Tornadus\n|-supereffective|p1a: Diancie\n|-damage|p1a: Diancie|0 fnt\n|-damage|p1b: Clefairy|0 fnt\n|faint|p1a: Diancie\n|faint|p1b: Clefairy\n|move|p2a: Tornadus|Bleakwind Storm|p1: Diancie|[notarget]\n|-fail|p2a: Tornadus\n|\n|-weather|Sandstorm|[upkeep]\n|-damage|p2a: Tornadus|82\/100|[from] Sandstorm\n|upkeep\n|\n|t:|1700581817\n|switch|p1a: Torkoal|Torkoal, F|100\/100\n|switch|p1b: Oranguru|Oranguru, F|100\/100\n|-weather|SunnyDay|[from] ability: Drought|[of] p1a: Torkoal\n|turn|4\n|\n|t:|1700581824\n|move|p2a: Tornadus|Protect|p2a: Tornadus\n|-singleturn|p2a: Tornadus|Protect\n|move|p1a: Torkoal|Protect|p1a: Torkoal\n|-singleturn|p1a: Torkoal|Protect\n|move|p2b: Landorus|Earthquake|p1a: Torkoal|[spread] p1b\n|-activate|p2a: Tornadus|move: Protect\n|-activate|p1a: Torkoal|move: Protect\n|-damage|p1b: Oranguru|30\/100\n|move|p1b: Oranguru|Trick Room|p1b: Oranguru\n|-fieldstart|move: Trick Room|[of] p1b: Oranguru\n|\n|-weather|SunnyDay|[upkeep]\n|-sideend|p2: sirazurill|move: Tailwind\n|upkeep\n|turn|5\n|inactive|Detrimentalkev has 120 seconds left.\n|\n|t:|1700581857\n|switch|p2b: Heatran|Heatran, M|100\/100\n|move|p2a: Tornadus|Scary Face|p2b: Heatran\n|-unboost|p2b: Heatran|spe|2\n|move|p1a: Torkoal|Eruption|p2b: Heatran|[spread] p2a\n|-start|p2b: Heatran|ability: Flash Fire\n|-damage|p2a: Tornadus|0 fnt\n|faint|p2a: Tornadus\n|move|p1b: Oranguru|Psychic|p2b: Heatran\n|-resisted|p2b: Heatran\n|-damage|p2b: Heatran|88\/100\n|\n|-weather|SunnyDay|[upkeep]\n|-heal|p2b: Heatran|94\/100|[from] item: Leftovers\n|upkeep\n|inactive|sirazurill has 120 seconds left.\n|\n|t:|1700581870\n|switch|p2a: Kingambit|Kingambit, F|100\/100\n|-activate|p2a: Kingambit|ability: Supreme Overlord\n|-start|p2a: Kingambit|fallen2|[silent]\n|turn|6\n|\n|t:|1700581879\n|move|p2a: Kingambit|Sucker Punch|p1a: Torkoal\n|-damage|p1a: Torkoal|63\/100\n|move|p1a: Torkoal|Earth Power|p2b: Heatran\n|-supereffective|p2b: Heatran\n|-damage|p2b: Heatran|0 fnt\n|faint|p2b: Heatran\n|move|p1b: Oranguru|Instruct|p1a: Torkoal\n|-singleturn|p1a: Torkoal|move: Instruct|[of] p1b: Oranguru\n|move|p1a: Torkoal|Earth Power|p2a: Kingambit\n|-supereffective|p2a: Kingambit\n|-damage|p2a: Kingambit|69\/100\n|\n|-weather|SunnyDay|[upkeep]\n|upkeep\n|\n|t:|1700581904\n|switch|p2b: Flutter Mane|Flutter Mane|100\/100\n|-activate|p2b: Flutter Mane|ability: Protosynthesis\n|-start|p2b: Flutter Mane|protosynthesisspa\n|turn|7\n|\n|t:|1700581930\n|move|p2a: Kingambit|Sucker Punch|p1a: Torkoal\n|-damage|p1a: Torkoal|27\/100\n|move|p1a: Torkoal|Heat Wave|p2b: Flutter Mane|[spread] p2a,p2b\n|-supereffective|p2a: Kingambit\n|-damage|p2a: Kingambit|1\/100\n|-damage|p2b: Flutter Mane|46\/100\n|move|p1b: Oranguru|Instruct|p1a: Torkoal\n|-singleturn|p1a: Torkoal|move: Instruct|[of] p1b: Oranguru\n|move|p1a: Torkoal|Heat Wave|p2a: Kingambit|[spread] p2a,p2b\n|-supereffective|p2a: Kingambit\n|-damage|p2a: Kingambit|0 fnt\n|-damage|p2b: Flutter Mane|0 fnt\n|faint|p2a: Kingambit\n|-end|p2a: Kingambit|fallen2|[silent]\n|faint|p2b: Flutter Mane\n|-end|p2b: Flutter Mane|Protosynthesis|[silent]\n|\n|-weather|SunnyDay|[upkeep]\n|upkeep\n|inactive|sirazurill has 120 seconds left.\n|\n|t:|1700581944\n|switch|p2b: Landorus|Landorus-Therian, M, tera:Ground|100\/100\n|-ability|p2b: Landorus|Intimidate|boost\n|-unboost|p1a: Torkoal|atk|1\n|-fail|p1b: Oranguru|unboost|Attack|[from] ability: Inner Focus|[of] p1b: Oranguru\n|turn|8\n|\n|t:|1700581954\n|move|p1a: Torkoal|Heat Wave|p2b: Landorus\n|-damage|p2b: Landorus|9\/100\n|move|p1b: Oranguru|Psychic|p1a: Torkoal\n|-damage|p1a: Torkoal|0 fnt\n|faint|p1a: Torkoal\n|move|p2b: Landorus|Earthquake|p1b: Oranguru\n|-damage|p1b: Oranguru|0 fnt\n|faint|p1b: Oranguru\n|\n|win|sirazurill\n|raw|Detrimentalkev's rating: 1513 &rarr; <strong>1503<\/strong><br \/>(-10 for losing)\n|raw|sirazurill's rating: 1705 &rarr; <strong>1715<\/strong><br \/>(+10 for winning)\n|l|\u2606Detrimentalkev\n","uploadtime":1700581973,"views":0,"p1id":"detrimentalkev","p2id":"sirazurill","formatid":"gen9doublesou","rating":1503,"private":0,"password":""}