{"id":"gen9doublesou-1980802122","p1":"TrendEnder","p2":"darkninj7676","format":"[Gen 9] Doubles OU","log":"|j|\u2606TrendEnder\n|j|\u2606darkninj7676\n|t:|1698835590\n|gametype|doubles\n|player|p1|TrendEnder|will|1041\n|player|p2|darkninj7676|n|1101\n|teamsize|p1|6\n|teamsize|p2|6\n|gen|9\n|tier|[Gen 9] Doubles OU\n|rated|\n|rule|Species Clause: Limit one of each Pok\u00e9mon\n|rule|OHKO Clause: OHKO moves are banned\n|rule|Evasion Moves Clause: Evasion moves are banned\n|rule|Gravity Sleep Clause: The combination of sleep-inducing moves with imperfect accuracy and Gravity or Gigantamax Orbeetle are banned\n|rule|Endless Battle Clause: Forcing endless battles is banned\n|rule|HP Percentage Mod: HP is shown in percentages\n|clearpoke\n|poke|p1|Krookodile, M|\n|poke|p1|Flamigo, M|\n|poke|p1|Meowscarada, F|\n|poke|p1|Sableye, M|\n|poke|p1|Hatterene, F|\n|poke|p1|Clefairy, M|\n|poke|p2|Iron Hands|\n|poke|p2|Snorlax, F|\n|poke|p2|Sinistcha|\n|poke|p2|Kommo-o, F|\n|poke|p2|Landorus-Therian, M|\n|poke|p2|Clefairy, M|\n|teampreview\n|inactive|Battle timer is ON: inactive players will automatically lose when time's up. (requested by darkninj7676)\n|\n|t:|1698835601\n|start\n|switch|p1a: Meowscarada|Meowscarada, F|100\/100\n|switch|p1b: Krookodile|Krookodile, M|100\/100\n|switch|p2a: Snorlax|Snorlax, F|100\/100\n|switch|p2b: Clefairy|Clefairy, M|100\/100\n|turn|1\n|\n|t:|1698835627\n|-terastallize|p1b: Krookodile|Rock\n|move|p2b: Clefairy|Follow Me|p2b: Clefairy\n|-singleturn|p2b: Clefairy|move: Follow Me\n|move|p1a: Meowscarada|Flower Trick|p2b: Clefairy\n|-crit|p2b: Clefairy\n|-damage|p2b: Clefairy|67\/100\n|move|p1b: Krookodile|Rock Slide|p2a: Snorlax|[spread] p2a,p2b\n|-damage|p2a: Snorlax|84\/100\n|-damage|p2b: Clefairy|40\/100\n|cant|p2a: Snorlax|flinch\n|\n|upkeep\n|turn|2\n|\n|t:|1698835649\n|move|p2b: Clefairy|Follow Me|p2b: Clefairy\n|-singleturn|p2b: Clefairy|move: Follow Me\n|move|p1a: Meowscarada|Flower Trick|p2b: Clefairy\n|-crit|p2b: Clefairy\n|-damage|p2b: Clefairy|6\/100\n|move|p1b: Krookodile|Rock Slide|p2a: Snorlax|[spread] p2a,p2b\n|-damage|p2a: Snorlax|69\/100\n|-damage|p2b: Clefairy|0 fnt\n|faint|p2b: Clefairy\n|move|p2a: Snorlax|Belly Drum|p2a: Snorlax\n|-damage|p2a: Snorlax|19\/100\n|-setboost|p2a: Snorlax|atk|6|[from] move: Belly Drum\n|-enditem|p2a: Snorlax|Sitrus Berry|[eat]\n|-heal|p2a: Snorlax|44\/100|[from] item: Sitrus Berry\n|\n|upkeep\n|\n|t:|1698835661\n|switch|p2b: Sinistcha|Sinistcha|100\/100\n|-heal|p2a: Snorlax|69\/100|[from] ability: Hospitality|[of] p2b: Sinistcha\n|turn|3\n|\n|t:|1698835686\n|move|p2b: Sinistcha|Rage Powder|p2b: Sinistcha\n|-singleturn|p2b: Sinistcha|move: Rage Powder\n|move|p1a: Meowscarada|Flower Trick|p1b: Krookodile\n|-supereffective|p1b: Krookodile\n|-crit|p1b: Krookodile\n|-damage|p1b: Krookodile|7\/100\n|-setboost|p1b: Krookodile|atk|6|[from] ability: Anger Point\n|-enditem|p1b: Krookodile|Salac Berry|[eat]\n|-boost|p1b: Krookodile|spe|1|[from] item: Salac Berry\n|move|p1b: Krookodile|Rock Slide|p2b: Sinistcha|[spread] p2a,p2b\n|-damage|p2a: Snorlax|0 fnt\n|-damage|p2b: Sinistcha|0 fnt\n|faint|p2a: Snorlax\n|faint|p2b: Sinistcha\n|\n|upkeep\n|\n|t:|1698835706\n|switch|p2b: Landorus|Landorus-Therian, M|100\/100\n|switch|p2a: Iron Hands|Iron Hands|100\/100\n|-ability|p2b: Landorus|Intimidate|boost\n|-unboost|p1a: Meowscarada|atk|1\n|-unboost|p1b: Krookodile|atk|1\n|turn|4\n|\n|t:|1698835721\n|move|p1b: Krookodile|Protect|p1b: Krookodile\n|-singleturn|p1b: Krookodile|Protect\n|move|p2a: Iron Hands|Fake Out|p1b: Krookodile\n|-activate|p1b: Krookodile|move: Protect\n|move|p1a: Meowscarada|Ally Switch|p1a: Meowscarada\n|swap|p1a: Meowscarada|1|[from] move: Ally Switch\n|move|p2b: Landorus|U-turn|p1a: Krookodile\n|-activate|p1a: Krookodile|move: Protect\n|\n|upkeep\n|turn|5\n|-message|darkninj7676 forfeited.\n|\n|win|TrendEnder\n|raw|TrendEnder's rating: 1041 &rarr; <strong>1081<\/strong><br \/>(+40 for winning)\n|raw|darkninj7676's rating: 1101 &rarr; <strong>1072<\/strong><br \/>(-29 for losing)\n|l|\u2606darkninj7676\n","uploadtime":1698835784,"views":24,"p1id":"trendender","p2id":"darkninj7676","formatid":"gen9doublesou","rating":1072,"private":0,"password":""}