{"id":"gen9doublesou-1971456062","p1":"Kraffty","p2":"KingMeruem04","format":"[Gen 9] Doubles OU","log":"|j|\u2606Kraffty\n|j|\u2606KingMeruem04\n|t:|1697739899\n|gametype|doubles\n|player|p1|Kraffty|oak|1390\n|player|p2|KingMeruem04|ethan|1479\n|teamsize|p1|6\n|teamsize|p2|6\n|gen|9\n|tier|[Gen 9] Doubles OU\n|rated|\n|rule|Species Clause: Limit one of each Pok\u00e9mon\n|rule|OHKO Clause: OHKO moves are banned\n|rule|Evasion Moves Clause: Evasion moves are banned\n|rule|Gravity Sleep Clause: The combination of sleep-inducing moves with imperfect accuracy and Gravity or Gigantamax Orbeetle are banned\n|rule|Endless Battle Clause: Forcing endless battles is banned\n|rule|HP Percentage Mod: HP is shown in percentages\n|clearpoke\n|poke|p1|Ditto|\n|poke|p1|Cryogonal|\n|poke|p1|Sinistcha|\n|poke|p1|Landorus-Therian, M|\n|poke|p1|Tornadus, M|\n|poke|p1|Ogerpon-Hearthflame, F|\n|poke|p2|Dudunsparce-*, M|\n|poke|p2|Maushold-Four|\n|poke|p2|Flamigo, M|\n|poke|p2|Kingambit, M|\n|poke|p2|Dragonite, M|\n|poke|p2|Samurott-Hisui, F|\n|teampreview\n|inactive|Battle timer is ON: inactive players will automatically lose when time's up. (requested by KingMeruem04)\n|c|\u2606KingMeruem04|hey suck my balls\n|inactive|KingMeruem04 has 120 seconds left.\n|\n|t:|1697739938\n|start\n|switch|p1a: Ogerpon|Ogerpon-Hearthflame, F|100\/100\n|switch|p1b: Tornadus|Tornadus, M|100\/100\n|switch|p2a: Samurott|Samurott-Hisui, F|100\/100\n|switch|p2b: Flamigo|Flamigo, M|100\/100\n|-ability|p1a: Ogerpon|Mold Breaker\n|-copyboost|p2b: Flamigo|p2a: Samurott|[from] ability: Costar\n|turn|1\n|c|\u2606Kraffty|Ok. Address?\n|c|\u2606KingMeruem04|now you respond haha\n|inactive|Kraffty has 120 seconds left.\n|inactive|KingMeruem04 has 120 seconds left.\n|inactive|Kraffty has 90 seconds left.\n|\n|t:|1697740008\n|-terastallize|p1a: Ogerpon|Fire\n|detailschange|p1a: Ogerpon|Ogerpon-Hearthflame-Tera, F, tera:Fire\n|-ability|p1a: Ogerpon|Embody Aspect (Hearthflame)|boost\n|-boost|p1a: Ogerpon|atk|1\n|move|p1a: Ogerpon|Ivy Cudgel|p2b: Flamigo\n|-enditem|p2b: Flamigo|Focus Sash\n|-damage|p2b: Flamigo|1\/100\n|move|p2b: Flamigo|Close Combat|p1a: Ogerpon\n|-damage|p1a: Ogerpon|30\/100\n|-unboost|p2b: Flamigo|def|1\n|-unboost|p2b: Flamigo|spd|1\n|move|p2a: Samurott|Razor Shell|p1a: Ogerpon\n|-supereffective|p1a: Ogerpon\n|-damage|p1a: Ogerpon|0 fnt\n|faint|p1a: Ogerpon\n|move|p1b: Tornadus|U-turn|p2a: Samurott\n|-supereffective|p2a: Samurott\n|-damage|p2a: Samurott|59\/100\n|\n|t:|1697740030\n|switch|p1b: Landorus|Landorus-Therian, M|100\/100|[from] U-turn\n|-ability|p1b: Landorus|Intimidate|boost\n|-unboost|p2a: Samurott|atk|1\n|-unboost|p2b: Flamigo|atk|1\n|\n|upkeep\n|\n|t:|1697740038\n|switch|p1a: Cryogonal|Cryogonal|100\/100\n|turn|2\n|\n|t:|1697740050\n|move|p1a: Cryogonal|Ice Shard|p1b: Landorus\n|-supereffective|p1b: Landorus\n|-damage|p1b: Landorus|74\/100\n|-enditem|p1b: Landorus|Weakness Policy\n|-boost|p1b: Landorus|atk|2|[from] item: Weakness Policy\n|-boost|p1b: Landorus|spa|2|[from] item: Weakness Policy\n|move|p1b: Landorus|Rock Slide|p2b: Flamigo|[spread] p2b\n|-miss|p1b: Landorus|p2a: Samurott\n|-damage|p2b: Flamigo|0 fnt\n|faint|p2b: Flamigo\n|move|p2a: Samurott|Razor Shell|p1b: Landorus\n|-supereffective|p1b: Landorus\n|-damage|p1b: Landorus|0 fnt\n|faint|p1b: Landorus\n|\n|upkeep\n|c|\u2606Kraffty|Sorry, I\u2019m on my\n|c|\u2606Kraffty|phone\n|inactive|Kraffty has 90 seconds left.\n|c|\u2606KingMeruem04|naw its fine im jus goofin\n|\n|t:|1697740092\n|switch|p1b: Sinistcha|Sinistcha|100\/100\n|switch|p2b: Dragonite|Dragonite, M|100\/100\n|turn|3\n|inactive|Kraffty has 90 seconds left.\n|\n|t:|1697740120\n|move|p1a: Cryogonal|Icy Wind|p2b: Dragonite|[spread] p2a,p2b\n|-resisted|p2a: Samurott\n|-supereffective|p2b: Dragonite\n|-damage|p2a: Samurott|51\/100\n|-damage|p2b: Dragonite|78\/100\n|-unboost|p2a: Samurott|spe|1\n|-unboost|p2b: Dragonite|spe|1\n|move|p2a: Samurott|Sacred Sword|p1a: Cryogonal\n|-supereffective|p1a: Cryogonal\n|-damage|p1a: Cryogonal|0 fnt\n|faint|p1a: Cryogonal\n|move|p1b: Sinistcha|Matcha Gotcha|p2a: Samurott|[spread] p2a,p2b\n|-supereffective|p2a: Samurott\n|-resisted|p2b: Dragonite\n|-damage|p2a: Samurott|4\/100\n|-damage|p2b: Dragonite|74\/100\n|-status|p2a: Samurott|brn\n|-status|p2b: Dragonite|brn\n|move|p2b: Dragonite|Ice Spinner|p1b: Sinistcha\n|-supereffective|p1b: Sinistcha\n|-damage|p1b: Sinistcha|77\/100\n|-damage|p2b: Dragonite|57\/100 brn|[from] item: Rocky Helmet|[of] p1b: Sinistcha\n|\n|-damage|p2a: Samurott|0 fnt|[from] brn\n|faint|p2a: Samurott\n|-damage|p2b: Dragonite|51\/100 brn|[from] brn\n|upkeep\n|inactive|Kraffty has 90 seconds left.\n|\n|t:|1697740142\n|switch|p1a: Tornadus|Tornadus, M|100\/100\n|switch|p2a: Kingambit|Kingambit, M|100\/100\n|-activate|p2a: Kingambit|ability: Supreme Overlord\n|-start|p2a: Kingambit|fallen2|[silent]\n|turn|4\n|inactive|Kraffty has 90 seconds left.\n|\n|t:|1697740169\n|move|p1a: Tornadus|Bleakwind Storm|p2a: Kingambit|[spread] p2a,p2b\n|-resisted|p2a: Kingambit\n|-damage|p2a: Kingambit|84\/100\n|-damage|p2b: Dragonite|28\/100 brn\n|move|p1b: Sinistcha|Matcha Gotcha|p2a: Kingambit|[spread] p2a,p2b\n|-resisted|p2a: Kingambit\n|-resisted|p2b: Dragonite\n|-damage|p2a: Kingambit|70\/100\n|-heal|p1b: Sinistcha|85\/100|[from] drain|[of] p2a: Kingambit\n|-damage|p2b: Dragonite|24\/100 brn\n|-heal|p1b: Sinistcha|86\/100|[from] drain|[of] p2b: Dragonite\n|move|p2b: Dragonite|Ice Spinner|p1a: Tornadus\n|-supereffective|p1a: Tornadus\n|-damage|p1a: Tornadus|59\/100\n|move|p2a: Kingambit|Kowtow Cleave|p1b: Sinistcha\n|-supereffective|p1b: Sinistcha\n|-damage|p1b: Sinistcha|0 fnt\n|-damage|p2a: Kingambit|54\/100|[from] item: Rocky Helmet|[of] p1b: Sinistcha\n|faint|p1b: Sinistcha\n|-damage|p2a: Kingambit|44\/100|[from] item: Life Orb\n|\n|-damage|p2b: Dragonite|18\/100 brn|[from] brn\n|upkeep\n|inactive|Kraffty has 90 seconds left.\n|\n|t:|1697740185\n|switch|p1b: Ditto|Ditto|100\/100\n|-transform|p1b: Ditto|p2a: Kingambit|[from] ability: Imposter\n|-activate|p1b: Ditto|ability: Supreme Overlord\n|-start|p1b: Ditto|fallen4|[silent]\n|turn|5\n|inactive|Kraffty has 90 seconds left.\n|inactive|KingMeruem04 has 120 seconds left.\n|\n|t:|1697740216\n|move|p2a: Kingambit|Sucker Punch|p1a: Tornadus\n|-damage|p1a: Tornadus|0 fnt\n|faint|p1a: Tornadus\n|-damage|p2a: Kingambit|34\/100|[from] item: Life Orb\n|move|p1b: Ditto|Kowtow Cleave|p2a: Kingambit\n|-resisted|p2a: Kingambit\n|-damage|p2a: Kingambit|6\/100\n|move|p2b: Dragonite|Ice Spinner|p1b: Ditto\n|-resisted|p1b: Ditto\n|-damage|p1b: Ditto|93\/100\n|\n|-damage|p2b: Dragonite|12\/100 brn|[from] brn\n|upkeep\n|turn|6\n|\n|t:|1697740233\n|move|p2a: Kingambit|Sucker Punch|p1b: Ditto\n|-resisted|p1b: Ditto\n|-damage|p1b: Ditto|64\/100\n|-damage|p2a: Kingambit|0 fnt|[from] item: Life Orb\n|faint|p2a: Kingambit\n|-end|p2a: Kingambit|fallen2|[silent]\n|move|p1b: Ditto|Kowtow Cleave|p2b: Dragonite\n|-damage|p2b: Dragonite|0 fnt\n|faint|p2b: Dragonite\n|\n|upkeep\n|\n|t:|1697740243\n|switch|p2b: Maushold|Maushold-Four|100\/100\n|switch|p2a: Dudunsparce|Dudunsparce-Three-Segment, M|100\/100\n|turn|7\n|\n|t:|1697740264\n|move|p2b: Maushold|Follow Me|p2b: Maushold\n|-singleturn|p2b: Maushold|move: Follow Me\n|move|p1b: Ditto|Kowtow Cleave|p2b: Maushold\n|-damage|p2b: Maushold|4\/100\n|move|p2a: Dudunsparce|Coil|p2a: Dudunsparce\n|-boost|p2a: Dudunsparce|atk|1\n|-boost|p2a: Dudunsparce|def|1\n|-boost|p2a: Dudunsparce|accuracy|1\n|\n|upkeep\n|turn|8\n|\n|t:|1697740279\n|-terastallize|p2a: Dudunsparce|Psychic\n|move|p2b: Maushold|Beat Up|p2a: Dudunsparce\n|-supereffective|p2a: Dudunsparce\n|-damage|p2a: Dudunsparce|98\/100\n|-ability|p2a: Dudunsparce|Rattled|boost\n|-boost|p2a: Dudunsparce|spe|1\n|-enditem|p2a: Dudunsparce|Weakness Policy\n|-boost|p2a: Dudunsparce|atk|2|[from] item: Weakness Policy\n|-boost|p2a: Dudunsparce|spa|2|[from] item: Weakness Policy\n|-supereffective|p2a: Dudunsparce\n|-damage|p2a: Dudunsparce|97\/100\n|-ability|p2a: Dudunsparce|Rattled|boost\n|-boost|p2a: Dudunsparce|spe|1\n|-hitcount|p2a: Dudunsparce|2\n|move|p2a: Dudunsparce|Boomburst|p1b: Ditto|[spread] p2b,p1b\n|-resisted|p1b: Ditto\n|-damage|p2b: Maushold|0 fnt\n|-damage|p1b: Ditto|13\/100\n|faint|p2b: Maushold\n|move|p1b: Ditto|Kowtow Cleave|p2a: Dudunsparce\n|-supereffective|p2a: Dudunsparce\n|-damage|p2a: Dudunsparce|22\/100\n|-ability|p2a: Dudunsparce|Rattled|boost\n|-boost|p2a: Dudunsparce|spe|1\n|\n|upkeep\n|turn|9\n|\n|t:|1697740306\n|move|p2a: Dudunsparce|Boomburst|p1b: Ditto\n|-resisted|p1b: Ditto\n|-damage|p1b: Ditto|0 fnt\n|faint|p1b: Ditto\n|-end|p1b: Ditto|fallen4|[silent]\n|\n|win|KingMeruem04\n|raw|Kraffty's rating: 1390 &rarr; <strong>1375<\/strong><br \/>(-15 for losing)\n|raw|KingMeruem04's rating: 1479 &rarr; <strong>1494<\/strong><br \/>(+15 for winning)\n","uploadtime":1697739911,"views":5,"p1id":"kraffty","p2id":"kingmeruem04","formatid":"gen9doublesou","rating":1375,"private":0,"password":""}