{"id":"gen9doublesou-1980813875","p1":"TrendEnder","p2":"uncledicky","format":"[Gen 9] Doubles OU","log":"|j|\u2606TrendEnder\n|j|\u2606uncledicky\n|t:|1698837472\n|gametype|doubles\n|player|p1|TrendEnder|will|1081\n|player|p2|uncledicky|silver|1137\n|teamsize|p1|6\n|teamsize|p2|6\n|gen|9\n|tier|[Gen 9] Doubles OU\n|rated|\n|rule|Species Clause: Limit one of each Pok\u00e9mon\n|rule|OHKO Clause: OHKO moves are banned\n|rule|Evasion Moves Clause: Evasion moves are banned\n|rule|Gravity Sleep Clause: The combination of sleep-inducing moves with imperfect accuracy and Gravity or Gigantamax Orbeetle are banned\n|rule|Endless Battle Clause: Forcing endless battles is banned\n|rule|HP Percentage Mod: HP is shown in percentages\n|clearpoke\n|poke|p1|Kommo-o, M|\n|poke|p1|Ursaluna, F|\n|poke|p1|Flutter Mane|\n|poke|p1|Rillaboom, F|\n|poke|p1|Tornadus, M|\n|poke|p1|Chi-Yu|\n|poke|p2|Hoopa-Unbound|\n|poke|p2|Mimikyu, F|\n|poke|p2|Ogerpon-Hearthflame, F|\n|poke|p2|Volbeat, M|\n|poke|p2|Okidogi, M|\n|poke|p2|Empoleon, F|\n|teampreview\n|\n|t:|1698837500\n|start\n|switch|p1a: Tornadus|Tornadus, M|100\/100\n|switch|p1b: Kommo-o|Kommo-o, M|100\/100\n|switch|p2a: Volbeat|Volbeat, M|100\/100\n|switch|p2b: Empoleon|Empoleon, F|100\/100\n|turn|1\n|\n|t:|1698837536\n|move|p1a: Tornadus|Tailwind|p1a: Tornadus\n|-sidestart|p1: TrendEnder|move: Tailwind\n|move|p2a: Volbeat|Tailwind|p2a: Volbeat\n|-sidestart|p2: uncledicky|move: Tailwind\n|move|p1b: Kommo-o|Clangorous Soul|p1b: Kommo-o\n|-boost|p1b: Kommo-o|atk|1\n|-boost|p1b: Kommo-o|def|1\n|-boost|p1b: Kommo-o|spa|1\n|-boost|p1b: Kommo-o|spd|1\n|-boost|p1b: Kommo-o|spe|1\n|-damage|p1b: Kommo-o|68\/100\n|-enditem|p1b: Kommo-o|Throat Spray\n|-boost|p1b: Kommo-o|spa|1|[from] item: Throat Spray\n|move|p2b: Empoleon|Ice Beam|p1a: Tornadus\n|-supereffective|p1a: Tornadus\n|-damage|p1a: Tornadus|60\/100\n|\n|upkeep\n|turn|2\n|\n|t:|1698837576\n|-terastallize|p1b: Kommo-o|Steel\n|move|p2a: Volbeat|Taunt|p1a: Tornadus\n|-start|p1a: Tornadus|move: Taunt\n|move|p1b: Kommo-o|Clanging Scales|p2a: Volbeat|[spread] p2a,p2b\n|-resisted|p2b: Empoleon\n|-damage|p2a: Volbeat|39\/100\n|-damage|p2b: Empoleon|60\/100\n|-unboost|p1b: Kommo-o|def|1\n|move|p1a: Tornadus|Bleakwind Storm|p2b: Empoleon|[spread] p2a,p2b\n|-supereffective|p2a: Volbeat\n|-resisted|p2b: Empoleon\n|-damage|p2a: Volbeat|0 fnt\n|-damage|p2b: Empoleon|44\/100\n|faint|p2a: Volbeat\n|move|p2b: Empoleon|Roar|p1b: Kommo-o\n|drag|p1b: Flutter Mane|Flutter Mane|100\/100\n|\n|upkeep\n|\n|t:|1698837604\n|switch|p2a: Mimikyu|Mimikyu, F|100\/100\n|turn|3\n|\n|t:|1698837622\n|-end|p1b: Flutter Mane|Protosynthesis|[silent]\n|switch|p1b: Ursaluna|Ursaluna, F|100\/100\n|move|p2a: Mimikyu|Shadow Claw|p1b: Ursaluna\n|-immune|p1b: Ursaluna\n|move|p1a: Tornadus|Bleakwind Storm|p2b: Empoleon|[spread] p2b\n|-miss|p1a: Tornadus|p2a: Mimikyu\n|-resisted|p2b: Empoleon\n|-damage|p2b: Empoleon|28\/100\n|move|p2b: Empoleon|Ice Beam|p1a: Tornadus\n|-supereffective|p1a: Tornadus\n|-damage|p1a: Tornadus|19\/100\n|\n|-status|p1b: Ursaluna|brn|[from] item: Flame Orb\n|upkeep\n|turn|4\n|\n|t:|1698837651\n|move|p1b: Ursaluna|Protect|p1b: Ursaluna\n|-singleturn|p1b: Ursaluna|Protect\n|move|p2a: Mimikyu|Swords Dance|p2a: Mimikyu\n|-boost|p2a: Mimikyu|atk|2\n|move|p1a: Tornadus|Bleakwind Storm|p2a: Mimikyu|[spread] p2a,p2b\n|-resisted|p2b: Empoleon\n|-crit|p2b: Empoleon\n|-activate|p2a: Mimikyu|ability: Disguise\n|-damage|p2a: Mimikyu|100\/100\n|-damage|p2b: Empoleon|3\/100\n|-unboost|p2b: Empoleon|spe|1\n|-ability|p2b: Empoleon|Competitive|boost\n|-boost|p2b: Empoleon|spa|2\n|detailschange|p2a: Mimikyu|Mimikyu-Busted, F\n|-damage|p2a: Mimikyu|88\/100|[from] pokemon: Mimikyu-Busted\n|move|p2b: Empoleon|Hydro Pump|p1b: Ursaluna\n|-activate|p1b: Ursaluna|move: Protect\n|\n|-damage|p1b: Ursaluna|94\/100 brn|[from] brn\n|-end|p1a: Tornadus|move: Taunt\n|-sideend|p2: uncledicky|move: Tailwind\n|-sideend|p1: TrendEnder|move: Tailwind\n|upkeep\n|turn|5\n|\n|t:|1698837696\n|move|p1a: Tornadus|Tailwind|p1a: Tornadus\n|-sidestart|p1: TrendEnder|move: Tailwind\n|move|p2a: Mimikyu|Play Rough|p1a: Tornadus\n|-damage|p1a: Tornadus|0 fnt\n|faint|p1a: Tornadus\n|-damage|p2a: Mimikyu|78\/100|[from] item: Life Orb\n|move|p1b: Ursaluna|Headlong Rush|p2b: Empoleon\n|-supereffective|p2b: Empoleon\n|-damage|p2b: Empoleon|0 fnt\n|-unboost|p1b: Ursaluna|def|1\n|-unboost|p1b: Ursaluna|spd|1\n|faint|p2b: Empoleon\n|\n|-damage|p1b: Ursaluna|88\/100 brn|[from] brn\n|upkeep\n|\n|t:|1698837722\n|switch|p1a: Rillaboom|Rillaboom, F|100\/100\n|switch|p2b: Okidogi|Okidogi, M|100\/100\n|-fieldstart|move: Grassy Terrain|[from] ability: Grassy Surge|[of] p1a: Rillaboom\n|turn|6\n|\n|t:|1698837740\n|-terastallize|p2a: Mimikyu|Grass\n|move|p1a: Rillaboom|Fake Out|p2b: Okidogi\n|-damage|p2b: Okidogi|88\/100\n|move|p2a: Mimikyu|Wood Hammer|p1b: Ursaluna\n|-supereffective|p1b: Ursaluna\n|-damage|p1b: Ursaluna|0 fnt\n|faint|p1b: Ursaluna\n|-damage|p2a: Mimikyu|25\/100|[from] Recoil\n|-damage|p2a: Mimikyu|15\/100|[from] item: Life Orb\n|cant|p2b: Okidogi|flinch\n|\n|-heal|p2a: Mimikyu|21\/100|[from] Grassy Terrain\n|-heal|p2b: Okidogi|94\/100|[from] Grassy Terrain\n|upkeep\n|\n|t:|1698837755\n|switch|p1b: Flutter Mane|Flutter Mane|100\/100\n|turn|7\n|\n|t:|1698837792\n|move|p1b: Flutter Mane|Mystical Fire|p2a: Mimikyu\n|-supereffective|p2a: Mimikyu\n|-damage|p2a: Mimikyu|0 fnt\n|faint|p2a: Mimikyu\n|move|p1a: Rillaboom|U-turn|p2b: Okidogi\n|-resisted|p2b: Okidogi\n|-damage|p2b: Okidogi|89\/100\n|\n|t:|1698837803\n|switch|p1a: Kommo-o|Kommo-o, M, tera:Steel|68\/100|[from] U-turn\n|move|p2b: Okidogi|Gunk Shot|p1a: Kommo-o\n|-immune|p1a: Kommo-o\n|\n|-heal|p1a: Kommo-o|74\/100|[from] Grassy Terrain\n|-heal|p2b: Okidogi|95\/100|[from] Grassy Terrain\n|upkeep\n|\n|t:|1698837819\n|switch|p2a: Ogerpon|Ogerpon-Hearthflame, F|100\/100\n|-ability|p2a: Ogerpon|Mold Breaker\n|turn|8\n|\n|t:|1698837846\n|-end|p1b: Flutter Mane|Protosynthesis|[silent]\n|switch|p1b: Chi-Yu|Chi-Yu|100\/100\n|-ability|p1b: Chi-Yu|Beads of Ruin\n|move|p1a: Kommo-o|Clanging Scales|p2a: Ogerpon|[spread] p2a,p2b\n|-crit|p2a: Ogerpon\n|-damage|p2a: Ogerpon|18\/100\n|-damage|p2b: Okidogi|37\/100\n|-unboost|p1a: Kommo-o|def|1\n|move|p2a: Ogerpon|Stomping Tantrum|p1a: Kommo-o\n|-supereffective|p1a: Kommo-o\n|-damage|p1a: Kommo-o|0 fnt\n|faint|p1a: Kommo-o\n|move|p2b: Okidogi|Gunk Shot|p1b: Chi-Yu\n|-damage|p1b: Chi-Yu|0 fnt\n|faint|p1b: Chi-Yu\n|\n|-heal|p2a: Ogerpon|24\/100|[from] Grassy Terrain\n|-heal|p2b: Okidogi|43\/100|[from] Grassy Terrain\n|-sideend|p1: TrendEnder|move: Tailwind\n|upkeep\n|\n|t:|1698837864\n|switch|p1b: Rillaboom|Rillaboom, F|100\/100\n|switch|p1a: Flutter Mane|Flutter Mane|100\/100\n|turn|9\n|\n|t:|1698837884\n|move|p1b: Rillaboom|Fake Out|p2a: Ogerpon\n|-damage|p2a: Ogerpon|6\/100\n|move|p1a: Flutter Mane|Moonblast|p2b: Okidogi\n|-damage|p2b: Okidogi|0 fnt\n|faint|p2b: Okidogi\n|cant|p2a: Ogerpon|flinch\n|\n|-heal|p2a: Ogerpon|12\/100|[from] Grassy Terrain\n|upkeep\n|\n|t:|1698837892\n|switch|p2b: Hoopa|Hoopa-Unbound|100\/100\n|turn|10\n|\n|t:|1698837911\n|move|p1b: Rillaboom|Grassy Glide|p2a: Ogerpon\n|-resisted|p2a: Ogerpon\n|-damage|p2a: Ogerpon|0 fnt\n|faint|p2a: Ogerpon\n|move|p1a: Flutter Mane|Moonblast|p2b: Hoopa\n|-supereffective|p2b: Hoopa\n|-damage|p2b: Hoopa|0 fnt\n|faint|p2b: Hoopa\n|\n|win|TrendEnder\n|raw|TrendEnder's rating: 1081 &rarr; <strong>1113<\/strong><br \/>(+32 for winning)\n|raw|uncledicky's rating: 1137 &rarr; <strong>1108<\/strong><br \/>(-29 for losing)\n|c|\u2606uncledicky|ggs\n|c|\u2606TrendEnder|gg\n|l|\u2606uncledicky\n","uploadtime":1698837941,"views":18,"p1id":"trendender","p2id":"uncledicky","formatid":"gen9doublesou","rating":1108,"private":0,"password":""}