{"id":"gen9doublesou-1991544872","p1":"Buzzpeep","p2":"SoulSilverRetFan","format":"[Gen 9] Doubles OU","log":"|j|\u2606Buzzpeep\n|j|\u2606SoulSilverRetFan\n|inactive|Battle timer is ON: inactive players will automatically lose when time's up.\n|t:|1700086881\n|gametype|doubles\n|player|p1|Buzzpeep|proton|\n|player|p2|SoulSilverRetFan|clown|\n|teamsize|p1|2\n|teamsize|p2|2\n|gen|9\n|tier|[Gen 9] Doubles OU\n|rated|Tournament battle\n|rule|Species Clause: Limit one of each Pok\u00e9mon\n|rule|OHKO Clause: OHKO moves are banned\n|rule|Evasion Moves Clause: Evasion moves are banned\n|rule|Gravity Sleep Clause: The combination of sleep-inducing moves with imperfect accuracy and Gravity or Gigantamax Orbeetle are banned\n|rule|Endless Battle Clause: Forcing endless battles is banned\n|rule|HP Percentage Mod: HP is shown in percentages\n|clearpoke\n|poke|p1|Sinistcha|\n|poke|p1|Grimmsnarl, M|\n|poke|p2|Abomasnow, M|\n|poke|p2|Lumineon, F|\n|teampreview\n|j|*Lady Monita \u2746\n|\n|t:|1700086891\n|start\n|switch|p1a: Sinistcha|Sinistcha|100\/100\n|switch|p1b: Grimmsnarl|Grimmsnarl, M|100\/100\n|switch|p2a: Abomasnow|Abomasnow, M|100\/100\n|switch|p2b: Lumineon|Lumineon, F|100\/100\n|-weather|Snow|[from] ability: Snow Warning|[of] p2a: Abomasnow\n|turn|1\n|\n|t:|1700086912\n|-terastallize|p2b: Lumineon|Grass\n|-terastallize|p1a: Sinistcha|Water\n|move|p1b: Grimmsnarl|Light Screen|p1b: Grimmsnarl\n|-sidestart|p1: Buzzpeep|move: Light Screen\n|move|p2b: Lumineon|Ice Beam|p1a: Sinistcha\n|-resisted|p1a: Sinistcha\n|-damage|p1a: Sinistcha|94\/100\n|move|p2a: Abomasnow|Blizzard|p1a: Sinistcha|[spread] p1a,p1b\n|-resisted|p1a: Sinistcha\n|-damage|p1a: Sinistcha|80\/100\n|-damage|p1b: Grimmsnarl|71\/100\n|move|p1a: Sinistcha|Calm Mind|p1a: Sinistcha\n|-boost|p1a: Sinistcha|spa|1\n|-boost|p1a: Sinistcha|spd|1\n|\n|-weather|Snow|[upkeep]\n|-heal|p1a: Sinistcha|86\/100|[from] item: Leftovers\n|upkeep\n|turn|2\n|j| DIMU179\n|\n|t:|1700086931\n|move|p2b: Lumineon|Helping Hand|p2a: Abomasnow\n|-singleturn|p2a: Abomasnow|Helping Hand|[of] p2b: Lumineon\n|move|p1b: Grimmsnarl|Thunder Wave|p2b: Lumineon\n|-status|p2b: Lumineon|par\n|move|p2a: Abomasnow|Leaf Storm|p1a: Sinistcha\n|-supereffective|p1a: Sinistcha\n|-damage|p1a: Sinistcha|0 fnt\n|-unboost|p2a: Abomasnow|spa|2\n|faint|p1a: Sinistcha\n|\n|-weather|Snow|[upkeep]\n|upkeep\n|turn|3\n|j| Im dumb srly\n|j| doerdoes\n|\n|t:|1700086948\n|move|p2a: Abomasnow|Aurora Veil|p2a: Abomasnow\n|-sidestart|p2: SoulSilverRetFan|move: Aurora Veil\n|move|p1b: Grimmsnarl|Drain Punch|p2b: Lumineon\n|-damage|p2b: Lumineon|77\/100 par\n|-heal|p1b: Grimmsnarl|81\/100|[from] drain|[of] p2b: Lumineon\n|move|p2b: Lumineon|Encore|p1b: Grimmsnarl\n|-start|p1b: Grimmsnarl|Encore\n|\n|-weather|Snow|[upkeep]\n|-heal|p2b: Lumineon|84\/100 par|[from] item: Leftovers\n|upkeep\n|turn|4\n|j| BigSilverBilver\n|\n|t:|1700086969\n|move|p2a: Abomasnow|Blizzard|p1b: Grimmsnarl\n|-damage|p1b: Grimmsnarl|64\/100\n|move|p1b: Grimmsnarl|Drain Punch|p2b: Lumineon\n|-damage|p2b: Lumineon|60\/100 par\n|-heal|p1b: Grimmsnarl|74\/100|[from] drain|[of] p2b: Lumineon\n|move|p2b: Lumineon|Hydro Pump|p1b: Grimmsnarl\n|-damage|p1b: Grimmsnarl|53\/100\n|\n|-weather|Snow|[upkeep]\n|-heal|p2b: Lumineon|66\/100 par|[from] item: Leftovers\n|upkeep\n|turn|5\n|j| apoto\n|c| doerdoes|drain abomasnow\n|\n|t:|1700086995\n|move|p2a: Abomasnow|Blizzard|p1b: Grimmsnarl\n|-crit|p1b: Grimmsnarl\n|-damage|p1b: Grimmsnarl|0 fnt\n|faint|p1b: Grimmsnarl\n|\n|win|SoulSilverRetFan\n|n|\u2606Buzzpeep|buzzpeep\n|n|\u2606SoulSilverRetFan|soulsilverretfan\n|n|*Lady Monita \u2746|ladymonita\n|n| DIMU179|dimu179\n|n| Im dumb srly|imdumbsrly\n|n| doerdoes|doerdoes\n|n| BigSilverBilver|bigsilverbilver\n|n| apoto|apoto\n","uploadtime":1700086996,"views":5,"p1id":"buzzpeep","p2id":"soulsilverretfan","formatid":"gen9doublesou","rating":0,"private":0,"password":""}