{"id":"gen9doublesou-1971779014","p1":"mikeyuwu","p2":"Swirly1024","format":"[Gen 9] Doubles OU","log":"|j|\u2606mikeyuwu\n|j|\u2606Swirly1024\n|t:|1697771248\n|gametype|doubles\n|player|p1|mikeyuwu|psychic-gen4|1219\n|player|p2|Swirly1024|flannery|1221\n|teamsize|p1|6\n|teamsize|p2|6\n|gen|9\n|tier|[Gen 9] Doubles OU\n|rated|\n|rule|Species Clause: Limit one of each Pok\u00e9mon\n|rule|OHKO Clause: OHKO moves are banned\n|rule|Evasion Moves Clause: Evasion moves are banned\n|rule|Gravity Sleep Clause: The combination of sleep-inducing moves with imperfect accuracy and Gravity or Gigantamax Orbeetle are banned\n|rule|Endless Battle Clause: Forcing endless battles is banned\n|rule|HP Percentage Mod: HP is shown in percentages\n|clearpoke\n|poke|p1|Garchomp, M|\n|poke|p1|Tyranitar, F|\n|poke|p1|Vaporeon, F|\n|poke|p1|Toxicroak, M|\n|poke|p1|Pelipper, F|\n|poke|p1|Abomasnow, M|\n|poke|p2|Krookodile, M|\n|poke|p2|Meowscarada, F|\n|poke|p2|Flamigo, F|\n|poke|p2|Tauros-Paldea-Blaze, M|\n|poke|p2|Houndstone, F|\n|poke|p2|Dragapult, M|\n|teampreview\n|inactive|Battle timer is ON: inactive players will automatically lose when time's up. (requested by Swirly1024)\n|\n|t:|1697771255\n|start\n|switch|p1a: OTLHPM|Toxicroak, M|100\/100\n|switch|p1b: Harmacy|Vaporeon, F|100\/100\n|switch|p2a: Meowscarada|Meowscarada, F, shiny|100\/100\n|switch|p2b: Krookodile|Krookodile, M, shiny|100\/100\n|-item|p2a: Meowscarada|Air Balloon\n|turn|1\n|\n|t:|1697771264\n|switch|p1a: Weather War|Pelipper, F|100\/100\n|-weather|RainDance|[from] ability: Drizzle|[of] p1a: Weather War\n|move|p2a: Meowscarada|Flower Trick|p2b: Krookodile\n|-supereffective|p2b: Krookodile\n|-crit|p2b: Krookodile\n|-damage|p2b: Krookodile|11\/100\n|-setboost|p2b: Krookodile|atk|6|[from] ability: Anger Point\n|-enditem|p2b: Krookodile|Salac Berry|[eat]\n|-boost|p2b: Krookodile|spe|1|[from] item: Salac Berry\n|move|p2b: Krookodile|Earthquake|p1a: Weather War|[spread] p1b\n|-immune|p2a: Meowscarada\n|-immune|p1a: Weather War\n|-damage|p1b: Harmacy|1\/100\n|move|p1b: Harmacy|Weather Ball|p2b: Krookodile\n|-supereffective|p2b: Krookodile\n|-damage|p2b: Krookodile|0 fnt\n|faint|p2b: Krookodile\n|\n|-weather|RainDance|[upkeep]\n|-heal|p1b: Harmacy|7\/100|[from] item: Leftovers\n|upkeep\n|c|\u2606Swirly1024|NAHHHHHHHHHHHHHH\n|inactive|Swirly1024 has 120 seconds left.\n|c|\u2606mikeyuwu|29\n|\n|t:|1697771300\n|switch|p2b: Flamigo|Flamigo, F|100\/100\n|-copyboost|p2b: Flamigo|p2a: Meowscarada|[from] ability: Costar\n|turn|2\n|c|\u2606mikeyuwu|If you wanted the exact number\n|\n|t:|1697771318\n|switch|p1b: Cold Shoulder|Abomasnow, M, shiny|100\/100\n|-weather|Snow|[from] ability: Snow Warning|[of] p1b: Cold Shoulder\n|move|p2a: Meowscarada|Protect|p2a: Meowscarada\n|-singleturn|p2a: Meowscarada|Protect\n|move|p2b: Flamigo|Feint|p1b: Cold Shoulder\n|-damage|p1b: Cold Shoulder|95\/100\n|move|p1a: Weather War|Blizzard|p2a: Meowscarada|[spread] p2b\n|-activate|p2a: Meowscarada|move: Protect\n|-supereffective|p2b: Flamigo\n|-damage|p2b: Flamigo|39\/100\n|\n|-weather|Snow|[upkeep]\n|upkeep\n|turn|3\n|c|\u2606Swirly1024|29%?\n|c|\u2606mikeyuwu|29 hp\n|c|\u2606mikeyuwu|Remaining\n|\n|t:|1697771340\n|move|p2a: Meowscarada|Flower Trick|p1a: Weather War\n|-crit|p1a: Weather War\n|-damage|p1a: Weather War|72\/100\n|move|p2b: Flamigo|Close Combat|p1b: Cold Shoulder\n|-supereffective|p1b: Cold Shoulder\n|-damage|p1b: Cold Shoulder|22\/100\n|-unboost|p2b: Flamigo|def|1\n|-unboost|p2b: Flamigo|spd|1\n|move|p1a: Weather War|Blizzard|p2a: Meowscarada|[spread] p2a,p2b\n|-supereffective|p2a: Meowscarada\n|-supereffective|p2b: Flamigo\n|-damage|p2a: Meowscarada|57\/100\n|-damage|p2b: Flamigo|0 fnt\n|-enditem|p2a: Meowscarada|Air Balloon\n|faint|p2b: Flamigo\n|move|p1b: Cold Shoulder|Blizzard|p2a: Meowscarada\n|-supereffective|p2a: Meowscarada\n|-damage|p2a: Meowscarada|0 fnt\n|faint|p2a: Meowscarada\n|\n|-weather|Snow|[upkeep]\n|upkeep\n|c|\u2606Swirly1024|Damn\n|\n|t:|1697771352\n|switch|p2a: Tauros|Tauros-Paldea-Blaze, M, shiny|100\/100\n|switch|p2b: Houndstone|Houndstone, F|100\/100\n|turn|4\n|c|\u2606mikeyuwu|397 def in snow is spicy sometimes\n|c|\u2606Swirly1024|Well gg\n|\n|t:|1697771372\n|switch|p2b: Dragapult|Dragapult, M|100\/100\n|switch|p1b: Extra Spicy|Garchomp, M|100\/100\n|move|p2a: Tauros|Flare Blitz|p1b: Extra Spicy\n|-resisted|p1b: Extra Spicy\n|-damage|p1b: Extra Spicy|82\/100\n|-damage|p2a: Tauros|88\/100|[from] ability: Rough Skin|[of] p1b: Extra Spicy\n|-damage|p2a: Tauros|72\/100|[from] item: Rocky Helmet|[of] p1b: Extra Spicy\n|-damage|p2a: Tauros|63\/100|[from] Recoil\n|move|p1a: Weather War|Chilling Water|p2b: Dragapult\n|-resisted|p2b: Dragapult\n|-crit|p2b: Dragapult\n|-damage|p2b: Dragapult|85\/100\n|-unboost|p2b: Dragapult|atk|1\n|\n|-weather|Snow|[upkeep]\n|upkeep\n|turn|5\n|\n|t:|1697771382\n|-terastallize|p1b: Extra Spicy|Steel\n|move|p2b: Dragapult|Dragon Darts|p1b: Extra Spicy\n|-resisted|p1b: Extra Spicy\n|-damage|p1b: Extra Spicy|78\/100\n|-anim|p2b: Dragapult|Dragon Darts|p1a: Weather War\n|-damage|p1a: Weather War|60\/100\n|move|p2a: Tauros|Trailblaze|p1b: Extra Spicy\n|-resisted|p1b: Extra Spicy\n|-damage|p1b: Extra Spicy|73\/100\n|-boost|p2a: Tauros|spe|1\n|-damage|p2a: Tauros|51\/100|[from] ability: Rough Skin|[of] p1b: Extra Spicy\n|-damage|p2a: Tauros|34\/100|[from] item: Rocky Helmet|[of] p1b: Extra Spicy\n|move|p1b: Extra Spicy|Earthquake|p2a: Tauros|[spread] p2a,p2b\n|-immune|p1a: Weather War\n|-supereffective|p2a: Tauros\n|-crit|p2a: Tauros\n|-damage|p2a: Tauros|0 fnt\n|-damage|p2b: Dragapult|39\/100\n|faint|p2a: Tauros\n|move|p1a: Weather War|Chilling Water|p2b: Dragapult\n|-resisted|p2b: Dragapult\n|-damage|p2b: Dragapult|28\/100\n|-unboost|p2b: Dragapult|atk|1\n|\n|-weather|Snow|[upkeep]\n|upkeep\n|c|\u2606mikeyuwu|Gg\n|\n|t:|1697771384\n|switch|p2a: Houndstone|Houndstone, F|100\/100\n|turn|6\n|\n|t:|1697771400\n|-terastallize|p2a: Houndstone|Normal\n|move|p2b: Dragapult|Dragon Darts|p1a: Weather War\n|-damage|p1a: Weather War|51\/100\n|-anim|p2b: Dragapult|Dragon Darts|p1b: Extra Spicy\n|-resisted|p1b: Extra Spicy\n|-damage|p1b: Extra Spicy|69\/100\n|move|p1b: Extra Spicy|Earthquake|p2a: Houndstone|[spread] p2a,p2b\n|-immune|p1a: Weather War\n|-damage|p2a: Houndstone|71\/100\n|-damage|p2b: Dragapult|0 fnt\n|faint|p2b: Dragapult\n|move|p2a: Houndstone|Last Respects|p1b: Extra Spicy\n|-damage|p1b: Extra Spicy|0 fnt\n|faint|p1b: Extra Spicy\n|move|p1a: Weather War|Chilling Water|p2a: Houndstone\n|-damage|p2a: Houndstone|53\/100\n|-unboost|p2a: Houndstone|atk|1\n|\n|-weather|none\n|upkeep\n|-message|Swirly1024 forfeited.\n|\n|win|mikeyuwu\n|raw|mikeyuwu's rating: 1219 &rarr; <strong>1244<\/strong><br \/>(+25 for winning)\n|raw|Swirly1024's rating: 1221 &rarr; <strong>1196<\/strong><br \/>(-25 for losing)\n|l|\u2606Swirly1024\n","uploadtime":1697771416,"views":12,"p1id":"mikeyuwu","p2id":"swirly1024","formatid":"gen9doublesou","rating":1196,"private":0,"password":""}