{"id":"gen9doublesou-1976920350","p1":"Blaze1911","p2":"fif87fe7e9eeke","format":"[Gen 9] Doubles OU","log":"|j|\u2606Blaze1911\n|j|\u2606fif87fe7e9eeke\n|t:|1698352528\n|gametype|doubles\n|player|p1|Blaze1911|101|1000\n|player|p2|fif87fe7e9eeke|hilbert-wonderlauncher|1000\n|teamsize|p1|6\n|teamsize|p2|6\n|gen|9\n|tier|[Gen 9] Doubles OU\n|rated|\n|rule|Species Clause: Limit one of each Pok\u00e9mon\n|rule|OHKO Clause: OHKO moves are banned\n|rule|Evasion Moves Clause: Evasion moves are banned\n|rule|Gravity Sleep Clause: The combination of sleep-inducing moves with imperfect accuracy and Gravity or Gigantamax Orbeetle are banned\n|rule|Endless Battle Clause: Forcing endless battles is banned\n|rule|HP Percentage Mod: HP is shown in percentages\n|clearpoke\n|poke|p1|Ninetales, F|\n|poke|p1|Great Tusk|\n|poke|p1|Typhlosion-Hisui, M|\n|poke|p1|Scovillain, F|\n|poke|p1|Lilligant-Hisui, F|\n|poke|p1|Cinderace, F|\n|poke|p2|Oranguru, M|\n|poke|p2|Slowking, F|\n|poke|p2|Mimikyu, M|\n|poke|p2|Appletun, F|\n|poke|p2|Glimmora, F|\n|poke|p2|Farigiraf, F|\n|teampreview\n|\n|t:|1698352533\n|start\n|switch|p1a: Ninetales|Ninetales, F, shiny|100\/100\n|switch|p1b: Scovillain|Scovillain, F, shiny|100\/100\n|switch|p2a: Oranguru|Oranguru, M|100\/100\n|switch|p2b: Mimikyu|Mimikyu, M|100\/100\n|-weather|SunnyDay|[from] ability: Drought|[of] p1a: Ninetales\n|turn|1\n|\n|t:|1698352556\n|move|p1b: Scovillain|Protect|p1b: Scovillain\n|-singleturn|p1b: Scovillain|Protect\n|move|p1a: Ninetales|Will-O-Wisp|p2b: Mimikyu\n|-status|p2b: Mimikyu|brn\n|move|p2b: Mimikyu|Swords Dance|p2b: Mimikyu\n|-boost|p2b: Mimikyu|atk|2\n|move|p2a: Oranguru|Trick Room|p2a: Oranguru\n|-fieldstart|move: Trick Room|[of] p2a: Oranguru\n|\n|-weather|SunnyDay|[upkeep]\n|-damage|p2b: Mimikyu|94\/100 brn|[from] brn\n|upkeep\n|turn|2\n|\n|t:|1698352592\n|switch|p1a: Great Tusk|Great Tusk, shiny|100\/100\n|-activate|p1a: Great Tusk|ability: Protosynthesis\n|-start|p1a: Great Tusk|protosynthesisatk\n|move|p2a: Oranguru|Instruct|p2b: Mimikyu\n|-singleturn|p2b: Mimikyu|move: Instruct|[of] p2a: Oranguru\n|move|p2b: Mimikyu|Swords Dance|p2b: Mimikyu\n|-boost|p2b: Mimikyu|atk|2\n|move|p2b: Mimikyu|Swords Dance|p2b: Mimikyu\n|-boost|p2b: Mimikyu|atk|2\n|move|p1b: Scovillain|Spicy Extract|p1a: Great Tusk\n|-boost|p1a: Great Tusk|atk|2\n|-unboost|p1a: Great Tusk|def|2\n|\n|-weather|SunnyDay|[upkeep]\n|-damage|p2b: Mimikyu|88\/100 brn|[from] brn\n|upkeep\n|turn|3\n|\n|t:|1698352626\n|switch|p2a: Glimmora|Glimmora, F|100\/100\n|move|p1b: Scovillain|Protect|p1b: Scovillain\n|-singleturn|p1b: Scovillain|Protect\n|move|p2b: Mimikyu|Shadow Claw|p1b: Scovillain\n|-activate|p1b: Scovillain|move: Protect\n|move|p1a: Great Tusk|Earthquake|p2b: Mimikyu|[spread] p2a,p2b\n|-activate|p1b: Scovillain|move: Protect\n|-supereffective|p2a: Glimmora\n|-enditem|p2a: Glimmora|Focus Sash\n|-damage|p2a: Glimmora|1\/100\n|-activate|p2b: Mimikyu|ability: Disguise\n|-damage|p2b: Mimikyu|88\/100 brn\n|-activate|p2a: Glimmora|ability: Toxic Debris\n|-sidestart|p1: Blaze1911|move: Toxic Spikes\n|detailschange|p2b: Mimikyu|Mimikyu-Busted, M\n|-damage|p2b: Mimikyu|76\/100 brn|[from] pokemon: Mimikyu-Busted\n|\n|-weather|SunnyDay|[upkeep]\n|-damage|p2b: Mimikyu|70\/100 brn|[from] brn\n|upkeep\n|turn|4\n|\n|t:|1698352665\n|move|p2b: Mimikyu|Shadow Sneak|p1a: Great Tusk\n|-damage|p1a: Great Tusk|32\/100\n|-damage|p2b: Mimikyu|60\/100 brn|[from] item: Life Orb\n|move|p1a: Great Tusk|Earthquake|p2a: Glimmora|[spread] p1b,p2a,p2b\n|-supereffective|p2a: Glimmora\n|-damage|p1b: Scovillain|0 fnt\n|-damage|p2a: Glimmora|0 fnt\n|-damage|p2b: Mimikyu|0 fnt\n|-activate|p2a: Glimmora|ability: Toxic Debris\n|-sidestart|p1: Blaze1911|move: Toxic Spikes\n|faint|p1b: Scovillain\n|faint|p2a: Glimmora\n|faint|p2b: Mimikyu\n|\n|-weather|SunnyDay|[upkeep]\n|upkeep\n|\n|t:|1698352687\n|switch|p2b: Slowking|Slowking, F|100\/100\n|switch|p1b: Cinderace|Cinderace, F, shiny|100\/100\n|switch|p2a: Oranguru|Oranguru, M|100\/100\n|turn|5\n|\n|t:|1698352722\n|move|p1b: Cinderace|Sucker Punch|p2b: Slowking\n|-start|p1b: Cinderace|typechange|Dark|[from] ability: Libero\n|-supereffective|p2b: Slowking\n|-crit|p2b: Slowking\n|-damage|p2b: Slowking|0 fnt\n|faint|p2b: Slowking\n|move|p2a: Oranguru|Instruct|p2: Slowking|[notarget]\n|-fail|p2a: Oranguru\n|move|p1a: Great Tusk|Earthquake|p2a: Oranguru|[spread] p1b,p2a\n|-damage|p1b: Cinderace|0 fnt\n|-damage|p2a: Oranguru|4\/100\n|faint|p1b: Cinderace\n|\n|-weather|SunnyDay|[upkeep]\n|-fieldend|move: Trick Room\n|upkeep\n|\n|t:|1698352740\n|switch|p1b: Lilligant|Lilligant-Hisui, F, shiny|100\/100\n|switch|p2b: Appletun|Appletun, F|100\/100\n|-status|p1b: Lilligant|tox\n|turn|6\n|\n|t:|1698352762\n|move|p1b: Lilligant|Ice Spinner|p2a: Oranguru\n|-damage|p2a: Oranguru|0 fnt\n|faint|p2a: Oranguru\n|-damage|p1b: Lilligant|91\/100 tox|[from] item: Life Orb\n|move|p1a: Great Tusk|Ice Spinner|p2b: Appletun\n|-supereffective|p2b: Appletun\n|-damage|p2b: Appletun|0 fnt\n|faint|p2b: Appletun\n|\n|-weather|SunnyDay|[upkeep]\n|-damage|p1b: Lilligant|85\/100 tox|[from] psn\n|upkeep\n|-message|fif87fe7e9eeke forfeited.\n|\n|win|Blaze1911\n|raw|Blaze1911's rating: 1000 &rarr; <strong>1040<\/strong><br \/>(+40 for winning)\n|raw|fif87fe7e9eeke's rating: 1000 &rarr; <strong>1000<\/strong><br \/>(+0 for losing)\n|l|\u2606fif87fe7e9eeke\n","uploadtime":1698352792,"views":23,"p1id":"blaze1911","p2id":"fif87fe7e9eeke","formatid":"gen9doublesou","rating":1000,"private":0,"password":""}