{"id":"gen9doublesou-1995178650","p1":"Zell01","p2":"patrunk","format":"[Gen 9] Doubles OU","log":"|j|\u2606Zell01\n|j|\u2606patrunk\n|t:|1700531397\n|gametype|doubles\n|player|p1|Zell01|gambler|1174\n|player|p2|patrunk|169|1251\n|teamsize|p1|6\n|teamsize|p2|6\n|gen|9\n|tier|[Gen 9] Doubles OU\n|rated|\n|rule|Species Clause: Limit one of each Pok\u00e9mon\n|rule|OHKO Clause: OHKO moves are banned\n|rule|Evasion Moves Clause: Evasion moves are banned\n|rule|Gravity Sleep Clause: The combination of sleep-inducing moves with imperfect accuracy and Gravity or Gigantamax Orbeetle are banned\n|rule|Endless Battle Clause: Forcing endless battles is banned\n|rule|HP Percentage Mod: HP is shown in percentages\n|clearpoke\n|poke|p1|Sinistcha-Masterpiece|\n|poke|p1|Ogerpon-Hearthflame, F|\n|poke|p1|Landorus-Therian, M|\n|poke|p1|Iron Hands|\n|poke|p1|Flutter Mane|\n|poke|p1|Milotic, F|\n|poke|p2|Luxray, M|\n|poke|p2|Typhlosion, M|\n|poke|p2|Mightyena, M|\n|poke|p2|Arcanine-Hisui, F|\n|poke|p2|Scream Tail|\n|poke|p2|Ninetales, M|\n|teampreview\n|\n|t:|1700531414\n|start\n|switch|p1a: Sinistcha|Sinistcha-Masterpiece|100\/100\n|switch|p1b: Landorus|Landorus-Therian, M|100\/100\n|switch|p2a: Ninetales|Ninetales, M|100\/100\n|switch|p2b: Scream Tail|Scream Tail|100\/100\n|-weather|SunnyDay|[from] ability: Drought|[of] p2a: Ninetales\n|-activate|p2b: Scream Tail|ability: Protosynthesis\n|-start|p2b: Scream Tail|protosynthesisdef\n|-ability|p1b: Landorus|Intimidate|boost\n|-unboost|p2a: Ninetales|atk|1\n|-unboost|p2b: Scream Tail|atk|1\n|turn|1\n|\n|t:|1700531437\n|switch|p2a: Arcanine|Arcanine-Hisui, F|100\/100\n|-ability|p2a: Arcanine|Intimidate|boost\n|-unboost|p1a: Sinistcha|atk|1\n|-unboost|p1b: Landorus|atk|1\n|-item|p2a: Arcanine|Air Balloon\n|-end|p2b: Scream Tail|Protosynthesis|[silent]\n|switch|p2b: Mightyena|Mightyena, M|100\/100\n|-ability|p2b: Mightyena|Intimidate|boost\n|-unboost|p1a: Sinistcha|atk|1\n|-unboost|p1b: Landorus|atk|1\n|move|p1b: Landorus|Rock Slide|p2a: Arcanine|[spread] p2a,p2b\n|-supereffective|p2a: Arcanine\n|-damage|p2a: Arcanine|79\/100\n|-damage|p2b: Mightyena|86\/100\n|-enditem|p2a: Arcanine|Air Balloon\n|move|p1a: Sinistcha|Scald|p2a: Arcanine\n|-supereffective|p2a: Arcanine\n|-damage|p2a: Arcanine|24\/100\n|\n|-weather|SunnyDay|[upkeep]\n|upkeep\n|turn|2\n|\n|t:|1700531486\n|-terastallize|p2a: Arcanine|Flying\n|move|p1b: Landorus|U-turn|p2b: Mightyena\n|-supereffective|p2b: Mightyena\n|-damage|p2b: Mightyena|52\/100\n|\n|t:|1700531499\n|switch|p1b: Iron Hands|Iron Hands|100\/100|[from] U-turn\n|move|p2a: Arcanine|Head Smash|p1b: Iron Hands\n|-resisted|p1b: Iron Hands\n|-damage|p1b: Iron Hands|77\/100\n|-damage|p2a: Arcanine|6\/100|[from] Recoil\n|move|p2b: Mightyena|Play Rough|p1b: Iron Hands\n|-supereffective|p1b: Iron Hands\n|-damage|p1b: Iron Hands|39\/100\n|-unboost|p1b: Iron Hands|atk|1\n|move|p1a: Sinistcha|Scald|p2a: Arcanine\n|-damage|p2a: Arcanine|0 fnt\n|faint|p2a: Arcanine\n|\n|-weather|SunnyDay|[upkeep]\n|upkeep\n|\n|t:|1700531524\n|switch|p2a: Typhlosion|Typhlosion, M|100\/100\n|turn|3\n|\n|t:|1700531539\n|move|p1a: Sinistcha|Protect|p1a: Sinistcha\n|-singleturn|p1a: Sinistcha|Protect\n|move|p1b: Iron Hands|Fake Out|p2b: Mightyena\n|-damage|p2b: Mightyena|34\/100\n|move|p2a: Typhlosion|Flare Blitz|p1a: Sinistcha\n|-activate|p1a: Sinistcha|move: Protect\n|cant|p2b: Mightyena|flinch\n|\n|-weather|SunnyDay|[upkeep]\n|upkeep\n|turn|4\n|inactive|Battle timer is ON: inactive players will automatically lose when time's up. (requested by patrunk)\n|inactive|patrunk has 120 seconds left.\n|\n|t:|1700531574\n|switch|p1a: Milotic|Milotic, F|100\/100\n|move|p2a: Typhlosion|Flame Charge|p1b: Iron Hands\n|-damage|p1b: Iron Hands|16\/100\n|-boost|p2a: Typhlosion|spe|1\n|move|p2b: Mightyena|Play Rough|p1b: Iron Hands|[miss]\n|-miss|p2b: Mightyena|p1b: Iron Hands\n|move|p1b: Iron Hands|Drain Punch|p2b: Mightyena\n|-supereffective|p2b: Mightyena\n|-damage|p2b: Mightyena|0 fnt\n|-heal|p1b: Iron Hands|25\/100|[from] drain|[of] p2b: Mightyena\n|faint|p2b: Mightyena\n|\n|-weather|SunnyDay|[upkeep]\n|-status|p1a: Milotic|brn|[from] item: Flame Orb\n|upkeep\n|\n|t:|1700531593\n|switch|p2b: Luxray|Luxray, M|100\/100\n|-ability|p2b: Luxray|Intimidate|boost\n|-unboost|p1a: Milotic|atk|1\n|-unboost|p1b: Iron Hands|atk|1\n|turn|5\n|\n|t:|1700531605\n|move|p2a: Typhlosion|Howl|p2a: Typhlosion|[spread] p2a,p2b\n|-boost|p2a: Typhlosion|atk|1\n|-boost|p2b: Luxray|atk|1\n|move|p1a: Milotic|Icy Wind|p2a: Typhlosion|[spread] p2b\n|-miss|p1a: Milotic|p2a: Typhlosion\n|-damage|p2b: Luxray|88\/100\n|-unboost|p2b: Luxray|spe|1\n|move|p1b: Iron Hands|Heavy Slam|p2b: Luxray\n|-resisted|p2b: Luxray\n|-damage|p2b: Luxray|75\/100\n|move|p2b: Luxray|Wild Charge|p1a: Milotic\n|-supereffective|p1a: Milotic\n|-damage|p1a: Milotic|0 fnt\n|faint|p1a: Milotic\n|-damage|p2b: Luxray|43\/100|[from] Recoil\n|\n|-weather|SunnyDay|[upkeep]\n|-heal|p2b: Luxray|49\/100|[from] item: Leftovers\n|upkeep\n|\n|t:|1700531620\n|switch|p1a: Landorus|Landorus-Therian, M|100\/100\n|-ability|p1a: Landorus|Intimidate|boost\n|-unboost|p2a: Typhlosion|atk|1\n|-unboost|p2b: Luxray|atk|1\n|turn|6\n|inactive|patrunk has 120 seconds left.\n|\n|t:|1700531666\n|move|p2a: Typhlosion|Flare Blitz|p1a: Landorus\n|-damage|p1a: Landorus|0 fnt\n|faint|p1a: Landorus\n|-damage|p2a: Typhlosion|65\/100|[from] Recoil\n|move|p1b: Iron Hands|Drain Punch|p2b: Luxray\n|-damage|p2b: Luxray|24\/100\n|-heal|p1b: Iron Hands|33\/100|[from] drain|[of] p2b: Luxray\n|move|p2b: Luxray|Ice Fang|p1b: Iron Hands\n|-damage|p1b: Iron Hands|17\/100\n|\n|-weather|SunnyDay|[upkeep]\n|-heal|p2b: Luxray|30\/100|[from] item: Leftovers\n|upkeep\n|\n|t:|1700531678\n|switch|p1a: Ogerpon|Ogerpon-Hearthflame, F|100\/100\n|-ability|p1a: Ogerpon|Mold Breaker\n|turn|7\n|inactive|patrunk has 120 seconds left.\n|\n|t:|1700531696\n|-terastallize|p1a: Ogerpon|Fire\n|detailschange|p1a: Ogerpon|Ogerpon-Hearthflame-Tera, F, tera:Fire\n|-ability|p1a: Ogerpon|Embody Aspect (Hearthflame)|boost\n|-boost|p1a: Ogerpon|atk|1\n|move|p2a: Typhlosion|Flare Blitz|p1a: Ogerpon\n|-resisted|p1a: Ogerpon\n|-damage|p1a: Ogerpon|42\/100\n|-damage|p2a: Typhlosion|46\/100|[from] Recoil\n|move|p1a: Ogerpon|Ivy Cudgel|p2b: Luxray|[anim] Ivy Cudgel Fire\n|-damage|p2b: Luxray|0 fnt\n|faint|p2b: Luxray\n|move|p1b: Iron Hands|Wild Charge|p2a: Typhlosion\n|-damage|p2a: Typhlosion|4\/100\n|-damage|p1b: Iron Hands|11\/100|[from] Recoil\n|\n|-weather|SunnyDay|[upkeep]\n|upkeep\n|inactive|patrunk has 120 seconds left.\n|\n|t:|1700531717\n|switch|p2b: Scream Tail|Scream Tail|100\/100\n|-activate|p2b: Scream Tail|ability: Protosynthesis\n|-start|p2b: Scream Tail|protosynthesisdef\n|turn|8\n|inactive|patrunk has 120 seconds left.\n|\n|t:|1700531732\n|move|p1a: Ogerpon|Protect|p1a: Ogerpon\n|-singleturn|p1a: Ogerpon|Protect\n|move|p2a: Typhlosion|Earthquake|p1b: Iron Hands|[spread] p2b,p1b\n|-activate|p1a: Ogerpon|move: Protect\n|-supereffective|p1b: Iron Hands\n|-damage|p2b: Scream Tail|90\/100\n|-damage|p1b: Iron Hands|0 fnt\n|faint|p1b: Iron Hands\n|-end|p1b: Iron Hands|Quark Drive|[silent]\n|move|p2b: Scream Tail|Howl|p2b: Scream Tail|[spread] p2a,p2b\n|-boost|p2a: Typhlosion|atk|1\n|-boost|p2b: Scream Tail|atk|1\n|\n|-weather|none\n|-end|p2b: Scream Tail|Protosynthesis\n|-heal|p2b: Scream Tail|96\/100|[from] item: Leftovers\n|upkeep\n|\n|t:|1700531746\n|switch|p1b: Flutter Mane|Flutter Mane|100\/100\n|-enditem|p1b: Flutter Mane|Booster Energy\n|-activate|p1b: Flutter Mane|ability: Protosynthesis|[fromitem]\n|-start|p1b: Flutter Mane|protosynthesisspe\n|turn|9\n|inactive|patrunk has 120 seconds left.\n|\n|t:|1700531772\n|move|p1b: Flutter Mane|Shadow Ball|p2a: Typhlosion\n|-damage|p2a: Typhlosion|0 fnt\n|faint|p2a: Typhlosion\n|move|p1a: Ogerpon|Horn Leech|p2b: Scream Tail\n|-damage|p2b: Scream Tail|52\/100\n|-heal|p1a: Ogerpon|74\/100|[from] drain|[of] p2b: Scream Tail\n|move|p2b: Scream Tail|Drain Punch|p1a: Ogerpon\n|-damage|p1a: Ogerpon|50\/100\n|-heal|p2b: Scream Tail|60\/100|[from] drain|[of] p1a: Ogerpon\n|\n|-heal|p2b: Scream Tail|67\/100|[from] item: Leftovers\n|upkeep\n|inactive|patrunk has 120 seconds left.\n|\n|t:|1700531787\n|switch|p2a: Ninetales|Ninetales, M|100\/100\n|-weather|SunnyDay|[from] ability: Drought|[of] p2a: Ninetales\n|-activate|p2b: Scream Tail|ability: Protosynthesis\n|-start|p2b: Scream Tail|protosynthesisdef\n|turn|10\n|inactive|patrunk has 120 seconds left.\n|\n|t:|1700531831\n|move|p1a: Ogerpon|Protect|p1a: Ogerpon\n|-singleturn|p1a: Ogerpon|Protect\n|move|p1b: Flutter Mane|Shadow Ball|p2b: Scream Tail\n|-supereffective|p2b: Scream Tail\n|-damage|p2b: Scream Tail|9\/100\n|move|p2a: Ninetales|Howl|p2a: Ninetales|[spread] p2a,p2b\n|-boost|p2a: Ninetales|atk|1\n|-boost|p2b: Scream Tail|atk|1\n|move|p2b: Scream Tail|Drain Punch|p1a: Ogerpon\n|-activate|p1a: Ogerpon|move: Protect\n|\n|-weather|SunnyDay|[upkeep]\n|-heal|p2b: Scream Tail|15\/100|[from] item: Leftovers\n|upkeep\n|turn|11\n|inactive|patrunk has 120 seconds left.\n|\n|t:|1700531863\n|move|p1b: Flutter Mane|Shadow Ball|p2a: Ninetales\n|-damage|p2a: Ninetales|47\/100\n|move|p1a: Ogerpon|Horn Leech|p2b: Scream Tail\n|-damage|p2b: Scream Tail|0 fnt\n|-heal|p1a: Ogerpon|60\/100|[from] drain|[of] p2b: Scream Tail\n|faint|p2b: Scream Tail\n|-end|p2b: Scream Tail|Protosynthesis|[silent]\n|move|p2a: Ninetales|Flame Charge|p1b: Flutter Mane\n|-damage|p1b: Flutter Mane|10\/100\n|-boost|p2a: Ninetales|spe|1\n|\n|-weather|SunnyDay|[upkeep]\n|upkeep\n|turn|12\n|\n|t:|1700531883\n|move|p1b: Flutter Mane|Moonblast|p2a: Ninetales\n|-resisted|p2a: Ninetales\n|-damage|p2a: Ninetales|19\/100\n|move|p2a: Ninetales|Flame Charge|p1b: Flutter Mane\n|-damage|p1b: Flutter Mane|0 fnt\n|-boost|p2a: Ninetales|spe|1\n|faint|p1b: Flutter Mane\n|-end|p1b: Flutter Mane|Protosynthesis|[silent]\n|move|p1a: Ogerpon|Ivy Cudgel|p2a: Ninetales|[anim] Ivy Cudgel Fire\n|-resisted|p2a: Ninetales\n|-damage|p2a: Ninetales|0 fnt\n|faint|p2a: Ninetales\n|\n|win|Zell01\n|raw|Zell01's rating: 1174 &rarr; <strong>1204<\/strong><br \/>(+30 for winning)\n|raw|patrunk's rating: 1251 &rarr; <strong>1221<\/strong><br \/>(-30 for losing)\n|l|\u2606patrunk\n|c|\u2606Zell01|Gg\n","uploadtime":1700531912,"views":5,"p1id":"zell01","p2id":"patrunk","formatid":"gen9doublesou","rating":1204,"private":0,"password":""}