{"id":"gen9doublesou-1973077235","p1":"TTVsusWinter","p2":"yaoiLover774","format":"[Gen 9] Doubles OU","log":"|j|\u2606TTVsusWinter\n|j|\u2606yaoiLover774\n|t:|1697925077\n|gametype|doubles\n|player|p1|TTVsusWinter|carmine-festival|1128\n|player|p2|yaoiLover774|kieran-festival|1153\n|teamsize|p1|6\n|teamsize|p2|6\n|gen|9\n|tier|[Gen 9] Doubles OU\n|rated|\n|rule|Species Clause: Limit one of each Pok\u00e9mon\n|rule|OHKO Clause: OHKO moves are banned\n|rule|Evasion Moves Clause: Evasion moves are banned\n|rule|Gravity Sleep Clause: The combination of sleep-inducing moves with imperfect accuracy and Gravity or Gigantamax Orbeetle are banned\n|rule|Endless Battle Clause: Forcing endless battles is banned\n|rule|HP Percentage Mod: HP is shown in percentages\n|clearpoke\n|poke|p1|Ditto|\n|poke|p1|Sableye, F|\n|poke|p1|Poliwrath, F|\n|poke|p1|Dachsbun, M|\n|poke|p1|Tinkaton, F|\n|poke|p1|Ambipom, F|\n|poke|p2|Copperajah, F|\n|poke|p2|Sinistcha-Masterpiece|\n|poke|p2|Golem-Alola, M|\n|poke|p2|Hatterene, F|\n|poke|p2|Oranguru, M|\n|poke|p2|Vikavolt, M|\n|teampreview\n|inactive|Battle timer is ON: inactive players will automatically lose when time's up. (requested by TTVsusWinter)\n|c|\u2606yaoiLover774|gl hf\n|c|\u2606TTVsusWinter|You too :)\n|c|\u2606yaoiLover774|:D\n|inactive|TTVsusWinter has 120 seconds left.\n|\n|t:|1697925121\n|start\n|switch|p1a: Sableye|Sableye, F|100\/100\n|switch|p1b: Ambipom|Ambipom, F|100\/100\n|switch|p2a: Goodmorn Squidward|Hatterene, F, shiny|100\/100\n|switch|p2b: Hi Squidward :)|Copperajah, F, shiny|100\/100\n|turn|1\n|inactive|yaoiLover774 has 120 seconds left.\n|\n|t:|1697925160\n|-terastallize|p2b: Hi Squidward :)|Fire\n|move|p1b: Ambipom|Fake Out|p2a: Goodmorn Squidward\n|-enditem|p1b: Ambipom|Normal Gem|[from] gem\n|-damage|p2a: Goodmorn Squidward|60\/100\n|move|p1a: Sableye|Will-O-Wisp|p2b: Hi Squidward :)|[miss]\n|-miss|p1a: Sableye|p2b: Hi Squidward :)\n|move|p2b: Hi Squidward :)|Heat Crash|p1a: Sableye\n|-enditem|p1a: Sableye|Focus Sash\n|-damage|p1a: Sableye|1\/100\n|cant|p2a: Goodmorn Squidward|flinch\n|\n|-heal|p2a: Goodmorn Squidward|66\/100|[from] item: Leftovers\n|upkeep\n|turn|2\n|inactive|TTVsusWinter has 120 seconds left.\n|inactive|TTVsusWinter has 90 seconds left.\n|\n|t:|1697925222\n|switch|p1a: Dachsbun|Dachsbun, M|100\/100\n|move|p1b: Ambipom|Double Hit|p2a: Goodmorn Squidward\n|-crit|p2a: Goodmorn Squidward\n|-damage|p2a: Goodmorn Squidward|26\/100\n|-damage|p2a: Goodmorn Squidward|0 fnt\n|faint|p2a: Goodmorn Squidward\n|-hitcount|p2: Goodmorn Squidward|2\n|move|p2b: Hi Squidward :)|Heat Crash|p1b: Ambipom\n|-damage|p1b: Ambipom|0 fnt\n|faint|p1b: Ambipom\n|\n|upkeep\n|c|\u2606yaoiLover774|if ur streaming rn hi chat\n|inactive|TTVsusWinter has 90 seconds left.\n|c|\u2606TTVsusWinter|I'm not right now, I'm hanging out with my boyfriend. I'm not sure when I'll stream again.\n|\n|t:|1697925270\n|switch|p1b: Poliwrath|Poliwrath, F|100\/100\n|switch|p2a: Hello Squidward.|Oranguru, M, shiny|100\/100\n|turn|3\n|inactive|TTVsusWinter has 90 seconds left.\n|inactive|TTVsusWinter has 60 seconds left.\n|c|\u2606yaoiLover774|oohhh neat, good because idk how well twitch would take the name yaoiLover774\n|\n|t:|1697925307\n|switch|p2b: Hai Squidward! >_<|Vikavolt, M, shiny|100\/100\n|move|p1a: Dachsbun|Yawn|p2b: Hai Squidward! >_<\n|-start|p2b: Hai Squidward! >_<|move: Yawn|[of] p1a: Dachsbun\n|move|p1b: Poliwrath|Circle Throw|p2a: Hello Squidward.\n|-damage|p2a: Hello Squidward.|81\/100\n|drag|p2a: Bye Squidward :D|Sinistcha-Masterpiece|100\/100\n|\n|upkeep\n|turn|4\n|inactive|TTVsusWinter has 60 seconds left.\n|\n|t:|1697925342\n|switch|p2b: Hello Squidward.|Oranguru, M, shiny|81\/100\n|move|p1a: Dachsbun|Yawn|p2a: Bye Squidward :D\n|-start|p2a: Bye Squidward :D|move: Yawn|[of] p1a: Dachsbun\n|move|p1b: Poliwrath|Bulk Up|p1b: Poliwrath\n|-boost|p1b: Poliwrath|atk|1\n|-boost|p1b: Poliwrath|def|1\n|move|p2a: Bye Squidward :D|Matcha Gotcha|p1b: Poliwrath|[spread] p1a,p1b\n|-supereffective|p1b: Poliwrath\n|-damage|p1a: Dachsbun|70\/100\n|-damage|p1b: Poliwrath|50\/100\n|\n|-heal|p1a: Dachsbun|76\/100|[from] item: Leftovers\n|-heal|p1b: Poliwrath|56\/100|[from] item: Leftovers\n|upkeep\n|turn|5\n|inactive|TTVsusWinter has 60 seconds left.\n|\n|t:|1697925370\n|move|p1a: Dachsbun|Wish|p1a: Dachsbun\n|move|p2a: Bye Squidward :D|Matcha Gotcha|p1b: Poliwrath|[spread] p1a,p1b\n|-supereffective|p1b: Poliwrath\n|-damage|p1a: Dachsbun|46\/100\n|-damage|p1b: Poliwrath|6\/100\n|move|p2b: Hello Squidward.|Instruct|p2a: Bye Squidward :D\n|-singleturn|p2a: Bye Squidward :D|move: Instruct|[of] p2b: Hello Squidward.\n|move|p2a: Bye Squidward :D|Matcha Gotcha|p1b: Poliwrath|[spread] p1b\n|-miss|p2a: Bye Squidward :D|p1a: Dachsbun\n|-supereffective|p1b: Poliwrath\n|-damage|p1b: Poliwrath|0 fnt\n|faint|p1b: Poliwrath\n|\n|-heal|p1a: Dachsbun|52\/100|[from] item: Leftovers\n|-end|p2a: Bye Squidward :D|move: Yawn|[silent]\n|-status|p2a: Bye Squidward :D|slp\n|upkeep\n|\n|t:|1697925395\n|switch|p1b: Sableye|Sableye, F|1\/100\n|turn|6\n|\n|t:|1697925410\n|switch|p2a: Hai Squidward! >_<|Vikavolt, M, shiny|100\/100\n|move|p1b: Sableye|Encore|p2b: Hello Squidward.\n|-start|p2b: Hello Squidward.|Encore\n|-enditem|p2b: Hello Squidward.|Mental Herb\n|-end|p2b: Hello Squidward.|Encore\n|move|p1a: Dachsbun|Yawn|p2b: Hello Squidward.\n|-start|p2b: Hello Squidward.|move: Yawn|[of] p1a: Dachsbun\n|move|p2b: Hello Squidward.|Trick Room|p2b: Hello Squidward.\n|-fieldstart|move: Trick Room|[of] p2b: Hello Squidward.\n|\n|-heal|p1a: Dachsbun|100\/100|[from] move: Wish|[wisher] Dachsbun\n|upkeep\n|turn|7\n|inactive|TTVsusWinter has 60 seconds left.\n|inactive|TTVsusWinter has 30 seconds left.\n|\n|t:|1697925454\n|switch|p2b: Wsg Squidward|Golem-Alola, M, shiny|100\/100\n|switch|p1b: Tinkaton|Tinkaton, F|100\/100\n|-ability|p1b: Tinkaton|Mold Breaker\n|move|p2a: Hai Squidward! >_<|Discharge|p1b: Tinkaton|[spread] p2b,p1a,p1b\n|-resisted|p2b: Wsg Squidward\n|-damage|p2b: Wsg Squidward|74\/100\n|-damage|p1a: Dachsbun|33\/100\n|-damage|p1b: Tinkaton|45\/100\n|move|p1a: Dachsbun|Body Press|p2b: Wsg Squidward\n|-supereffective|p2b: Wsg Squidward\n|-damage|p2b: Wsg Squidward|31\/100\n|\n|-heal|p1a: Dachsbun|39\/100|[from] item: Leftovers\n|upkeep\n|turn|8\n|inactive|TTVsusWinter has 30 seconds left.\n|inactive|yaoiLover774 has 120 seconds left.\n|inactive|TTVsusWinter has 20 seconds left.\n|inactive|TTVsusWinter has 15 seconds left.\n|\n|t:|1697925496\n|move|p1b: Tinkaton|Fake Out|p2a: Hai Squidward! >_<\n|-damage|p2a: Hai Squidward! >_<|84\/100\n|cant|p2a: Hai Squidward! >_<|flinch\n|move|p2b: Wsg Squidward|Explosion|p1a: Dachsbun|[spread] p2a,p1a,p1b\n|-resisted|p2a: Hai Squidward! >_<\n|-damage|p2a: Hai Squidward! >_<|21\/100\n|-damage|p1a: Dachsbun|0 fnt\n|-damage|p1b: Tinkaton|0 fnt\n|faint|p2b: Wsg Squidward\n|faint|p1a: Dachsbun\n|faint|p1b: Tinkaton\n|\n|upkeep\n|inactive|TTVsusWinter has 30 seconds left.\n|\n|t:|1697925513\n|switch|p2b: Bye Squidward :D|Sinistcha-Masterpiece|100\/100 slp\n|switch|p1a: Ditto|Ditto, shiny|100\/100\n|switch|p1b: Sableye|Sableye, F|1\/100\n|-heal|p2a: Hai Squidward! >_<|45\/100|[from] ability: Hospitality|[of] p2b: Bye Squidward :D\n|-transform|p1a: Ditto|p2b: Bye Squidward :D|[from] ability: Imposter\n|-heal|p1b: Sableye|26\/100|[from] ability: Hospitality|[of] p1a: Ditto\n|turn|9\n|inactive|TTVsusWinter has 30 seconds left.\n|inactive|TTVsusWinter has 20 seconds left.\n|inactive|TTVsusWinter has 15 seconds left.\n|inactive|TTVsusWinter has 10 seconds left.\n|inactive|TTVsusWinter has 5 seconds left.\n|\n|t:|1697925559\n|cant|p2b: Bye Squidward :D|slp\n|move|p1b: Sableye|Encore|p2a: Hai Squidward! >_<\n|-start|p2a: Hai Squidward! >_<|Encore\n|move|p2a: Hai Squidward! >_<|Discharge|p1a: Ditto|[spread] p2b,p1a,p1b\n|-resisted|p2b: Bye Squidward :D\n|-resisted|p1a: Ditto\n|-damage|p2b: Bye Squidward :D|68\/100 slp\n|-damage|p1a: Ditto|61\/100\n|-damage|p1b: Sableye|0 fnt\n|faint|p1b: Sableye\n|move|p1a: Ditto|Matcha Gotcha|p2a: Hai Squidward! >_<|[spread] p2a,p2b\n|-resisted|p2a: Hai Squidward! >_<\n|-resisted|p2b: Bye Squidward :D\n|-damage|p2a: Hai Squidward! >_<|31\/100\n|-heal|p1a: Ditto|70\/100|[from] drain|[of] p2a: Hai Squidward! >_<\n|-damage|p2b: Bye Squidward :D|53\/100 slp\n|-heal|p1a: Ditto|79\/100|[from] drain|[of] p2b: Bye Squidward :D\n|\n|upkeep\n|turn|10\n|inactive|TTVsusWinter has 30 seconds left this turn.\n|inactive|TTVsusWinter has 20 seconds left.\n|inactive|TTVsusWinter has 15 seconds left.\n|inactive|TTVsusWinter has 10 seconds left.\n|c|\u2606TTVsusWinter|Hmm, you win, gg :)\n|inactive|TTVsusWinter has 5 seconds left.\n|-message|TTVsusWinter forfeited.\n|\n|win|yaoiLover774\n|inactive|TTVsusWinter has 10 seconds left this turn.\n|raw|TTVsusWinter's rating: 1128 &rarr; <strong>1105<\/strong><br \/>(-23 for losing)\n|raw|yaoiLover774's rating: 1153 &rarr; <strong>1176<\/strong><br \/>(+23 for winning)\n|c|\u2606yaoiLover774|gg :)\n","uploadtime":1697925589,"views":21,"p1id":"ttvsuswinter","p2id":"yaoilover774","formatid":"gen9doublesou","rating":1105,"private":0,"password":""}