{"id":"gen9doublesou-1968321846","p1":"edgypunishment","p2":"Joecheve13","format":"[Gen 9] Doubles OU","log":"|html|<div class=\"broadcast-blue\"><strong>[Gen 9] Doubles OU is currently suspecting Basculegion & Flutter Mane! For information on how to participate check out the <a href=\"https:\/\/www.smogon.com\/forums\/threads\/np-sv-dou-stage-8-double-trouble.3729153\/\">suspect thread<\/a>.<\/strong><\/div>\n|j|\u2606edgypunishment\n|j|\u2606Joecheve13\n|t:|1697405957\n|gametype|doubles\n|player|p1|edgypunishment|dawn|1140\n|player|p2|Joecheve13|bertha|1325\n|teamsize|p1|6\n|teamsize|p2|6\n|gen|9\n|tier|[Gen 9] Doubles OU\n|rated|\n|rule|Species Clause: Limit one of each Pok\u00e9mon\n|rule|OHKO Clause: OHKO moves are banned\n|rule|Evasion Moves Clause: Evasion moves are banned\n|rule|Gravity Sleep Clause: The combination of sleep-inducing moves with imperfect accuracy and Gravity or Gigantamax Orbeetle are banned\n|rule|Endless Battle Clause: Forcing endless battles is banned\n|rule|HP Percentage Mod: HP is shown in percentages\n|clearpoke\n|poke|p1|Mabosstiff, M|\n|poke|p1|Grimmsnarl, M|\n|poke|p1|Kingambit, M|\n|poke|p1|Iron Jugulis|\n|poke|p1|Sableye, M|\n|poke|p1|Overqwil, M|\n|poke|p2|Pelipper, M|\n|poke|p2|Tornadus, M|\n|poke|p2|Goodra-Hisui, F|\n|poke|p2|Tinkaton, F|\n|poke|p2|Garchomp, F|\n|poke|p2|Cresselia, F|\n|teampreview\n|inactive|Battle timer is ON: inactive players will automatically lose when time's up. (requested by edgypunishment)\n|\n|t:|1697405980\n|start\n|switch|p1a: Mabosstiff|Mabosstiff, M|100\/100\n|switch|p1b: Grimmsnarl|Grimmsnarl, M|100\/100\n|switch|p2a: Garchomp|Garchomp, F|100\/100\n|switch|p2b: Tornadus|Tornadus, M|100\/100\n|turn|1\n|\n|t:|1697406003\n|move|p2b: Tornadus|Tailwind|p2b: Tornadus\n|-sidestart|p2: Joecheve13|move: Tailwind\n|move|p1b: Grimmsnarl|Reflect|p1b: Grimmsnarl\n|-sidestart|p1: edgypunishment|Reflect\n|move|p2a: Garchomp|Stealth Rock|p1b: Grimmsnarl\n|-sidestart|p1: edgypunishment|move: Stealth Rock\n|move|p1a: Mabosstiff|Jaw Lock|p2b: Tornadus\n|-damage|p2b: Tornadus|52\/100\n|-activate|p1a: Mabosstiff|trapped\n|-activate|p2b: Tornadus|trapped\n|\n|upkeep\n|turn|2\n|\n|t:|1697406022\n|move|p2a: Garchomp|Brick Break|p1a: Mabosstiff\n|-sideend|p1: edgypunishment|Reflect\n|-supereffective|p1a: Mabosstiff\n|-damage|p1a: Mabosstiff|38\/100\n|move|p2b: Tornadus|Bleakwind Storm|p1b: Grimmsnarl|[spread] p1a,p1b\n|-damage|p1a: Mabosstiff|10\/100\n|-damage|p1b: Grimmsnarl|58\/100\n|move|p1a: Mabosstiff|Jaw Lock|p2b: Tornadus\n|-damage|p2b: Tornadus|2\/100\n|move|p1b: Grimmsnarl|Spirit Break|p2a: Garchomp\n|-supereffective|p2a: Garchomp\n|-damage|p2a: Garchomp|17\/100\n|-unboost|p2a: Garchomp|spa|1\n|-damage|p1b: Grimmsnarl|46\/100|[from] ability: Rough Skin|[of] p2a: Garchomp\n|\n|upkeep\n|turn|3\n|\n|t:|1697406043\n|move|p1b: Grimmsnarl|Light Screen|p1b: Grimmsnarl\n|-sidestart|p1: edgypunishment|move: Light Screen\n|move|p2a: Garchomp|Earthquake|p1b: Grimmsnarl|[spread] p1a,p1b\n|-immune|p2b: Tornadus\n|-damage|p1a: Mabosstiff|0 fnt\n|-damage|p1b: Grimmsnarl|0 fnt\n|faint|p1a: Mabosstiff\n|faint|p1b: Grimmsnarl\n|move|p2b: Tornadus|Bleakwind Storm|p1: Mabosstiff|[notarget]\n|-fail|p2b: Tornadus\n|\n|upkeep\n|inactive|edgypunishment has 120 seconds left.\n|\n|t:|1697406073\n|switch|p1a: Sableye|Sableye, M|100\/100\n|switch|p1b: Iron Jugulis|Iron Jugulis|100\/100\n|-damage|p1b: Iron Jugulis|76\/100|[from] Stealth Rock\n|-damage|p1a: Sableye|88\/100|[from] Stealth Rock\n|-enditem|p1b: Iron Jugulis|Booster Energy\n|-activate|p1b: Iron Jugulis|ability: Quark Drive|[fromitem]\n|-start|p1b: Iron Jugulis|quarkdrivespa\n|turn|4\n|inactive|edgypunishment has 120 seconds left.\n|\n|t:|1697406090\n|move|p1a: Sableye|Will-O-Wisp|p2a: Garchomp\n|-status|p2a: Garchomp|brn\n|move|p2a: Garchomp|Brick Break|p1b: Iron Jugulis\n|-sideend|p1: edgypunishment|move: Light Screen\n|-damage|p1b: Iron Jugulis|59\/100\n|move|p2b: Tornadus|Bleakwind Storm|p1a: Sableye|[spread] p1a,p1b\n|-damage|p1a: Sableye|50\/100\n|-damage|p1b: Iron Jugulis|16\/100\n|move|p1b: Iron Jugulis|Tailwind|p1b: Iron Jugulis\n|-sidestart|p1: edgypunishment|move: Tailwind\n|\n|-damage|p2a: Garchomp|11\/100 brn|[from] brn\n|-sideend|p2: Joecheve13|move: Tailwind\n|upkeep\n|turn|5\n|inactive|edgypunishment has 120 seconds left.\n|\n|t:|1697406122\n|move|p1a: Sableye|Disable|p2b: Tornadus\n|-start|p2b: Tornadus|Disable|Bleakwind Storm\n|move|p2b: Tornadus|Tailwind|p2b: Tornadus\n|-sidestart|p2: Joecheve13|move: Tailwind\n|move|p1b: Iron Jugulis|Dark Pulse|p2a: Garchomp\n|-damage|p2a: Garchomp|0 fnt\n|faint|p2a: Garchomp\n|\n|upkeep\n|\n|t:|1697406136\n|switch|p2a: Tinkaton|Tinkaton, F|100\/100\n|turn|6\n|\n|t:|1697406151\n|move|p2b: Tornadus|Swagger|p1b: Iron Jugulis\n|-hint|Since gen 7, Dark is immune to Prankster moves.\n|-immune|p1b: Iron Jugulis\n|move|p1a: Sableye|Will-O-Wisp|p2a: Tinkaton|[miss]\n|-miss|p1a: Sableye|p2a: Tinkaton\n|move|p1b: Iron Jugulis|Flash Cannon|p2a: Tinkaton\n|-damage|p2a: Tinkaton|80\/100\n|move|p2a: Tinkaton|Rock Slide|p1a: Sableye|[spread] p1a,p1b\n|-supereffective|p1b: Iron Jugulis\n|-damage|p1a: Sableye|32\/100\n|-damage|p1b: Iron Jugulis|0 fnt\n|faint|p1b: Iron Jugulis\n|-end|p1b: Iron Jugulis|Quark Drive|[silent]\n|\n|upkeep\n|\n|t:|1697406169\n|switch|p1b: Kingambit|Kingambit, M|100\/100\n|-damage|p1b: Kingambit|94\/100|[from] Stealth Rock\n|-activate|p1b: Kingambit|ability: Supreme Overlord\n|-start|p1b: Kingambit|fallen3|[silent]\n|turn|7\n|\n|t:|1697406194\n|move|p2b: Tornadus|Swagger|p2a: Tinkaton\n|-boost|p2a: Tinkaton|atk|2\n|-immune|p2a: Tinkaton|confusion|[from] ability: Own Tempo\n|move|p1a: Sableye|Will-O-Wisp|p2a: Tinkaton\n|-status|p2a: Tinkaton|brn\n|move|p2a: Tinkaton|Play Rough|p1a: Sableye\n|-supereffective|p1a: Sableye\n|-damage|p1a: Sableye|0 fnt\n|-damage|p2a: Tinkaton|63\/100 brn|[from] item: Rocky Helmet|[of] p1a: Sableye\n|faint|p1a: Sableye\n|move|p1b: Kingambit|Swords Dance|p1b: Kingambit\n|-boost|p1b: Kingambit|atk|2\n|\n|-heal|p1b: Kingambit|100\/100|[from] item: Leftovers\n|-damage|p2a: Tinkaton|57\/100 brn|[from] brn\n|-sideend|p1: edgypunishment|move: Tailwind\n|upkeep\n|\n|t:|1697406213\n|switch|p1a: Overqwil|Overqwil, M|100\/100\n|-damage|p1a: Overqwil|88\/100|[from] Stealth Rock\n|-ability|p1a: Overqwil|Intimidate|boost\n|-fail|p2a: Tinkaton|unboost|Attack|[from] ability: Own Tempo|[of] p2a: Tinkaton\n|-unboost|p2b: Tornadus|atk|1\n|-item|p1a: Overqwil|Air Balloon\n|turn|8\n|\n|t:|1697406237\n|move|p2b: Tornadus|Swagger|p2a: Tinkaton\n|-boost|p2a: Tinkaton|atk|2\n|-immune|p2a: Tinkaton|confusion|[from] ability: Own Tempo\n|move|p2a: Tinkaton|Gigaton Hammer|p1a: Overqwil\n|-damage|p1a: Overqwil|0 fnt\n|-enditem|p1a: Overqwil|Air Balloon\n|faint|p1a: Overqwil\n|move|p1b: Kingambit|Iron Head|p2a: Tinkaton\n|-damage|p2a: Tinkaton|0 fnt\n|faint|p2a: Tinkaton\n|\n|-end|p2b: Tornadus|Disable\n|-sideend|p2: Joecheve13|move: Tailwind\n|upkeep\n|\n|t:|1697406252\n|switch|p2a: Pelipper|Pelipper, M|100\/100\n|-weather|RainDance|[from] ability: Drizzle|[of] p2a: Pelipper\n|turn|9\n|\n|t:|1697406258\n|move|p2b: Tornadus|Bleakwind Storm|p1b: Kingambit\n|-resisted|p1b: Kingambit\n|-damage|p1b: Kingambit|79\/100\n|move|p2a: Pelipper|Chilling Water|p1b: Kingambit\n|-damage|p1b: Kingambit|57\/100\n|-unboost|p1b: Kingambit|atk|1\n|move|p1b: Kingambit|Kowtow Cleave|p2a: Pelipper\n|-damage|p2a: Pelipper|2\/100\n|\n|-weather|RainDance|[upkeep]\n|-heal|p1b: Kingambit|63\/100|[from] item: Leftovers\n|upkeep\n|turn|10\n|\n|t:|1697406276\n|move|p2b: Tornadus|Tailwind|p2b: Tornadus\n|-sidestart|p2: Joecheve13|move: Tailwind\n|move|p1b: Kingambit|Sucker Punch|p2a: Pelipper\n|-damage|p2a: Pelipper|0 fnt\n|faint|p2a: Pelipper\n|\n|-weather|RainDance|[upkeep]\n|-heal|p1b: Kingambit|69\/100|[from] item: Leftovers\n|upkeep\n|\n|t:|1697406289\n|switch|p2a: Goodra|Goodra-Hisui, F|100\/100\n|turn|11\n|\n|t:|1697406298\n|-terastallize|p1b: Kingambit|Dark\n|move|p2b: Tornadus|Bleakwind Storm|p1b: Kingambit\n|-damage|p1b: Kingambit|29\/100\n|-unboost|p1b: Kingambit|spe|1\n|move|p2a: Goodra|Curse|p2a: Goodra\n|-unboost|p2a: Goodra|spe|1\n|-boost|p2a: Goodra|atk|1\n|-boost|p2a: Goodra|def|1\n|move|p1b: Kingambit|Kowtow Cleave|p2a: Goodra\n|-damage|p2a: Goodra|30\/100\n|\n|-weather|RainDance|[upkeep]\n|-heal|p2a: Goodra|36\/100|[from] item: Leftovers\n|-heal|p1b: Kingambit|35\/100|[from] item: Leftovers\n|upkeep\n|turn|12\n|\n|t:|1697406316\n|move|p2a: Goodra|Protect|p2a: Goodra\n|-singleturn|p2a: Goodra|Protect\n|move|p1b: Kingambit|Sucker Punch|p2b: Tornadus\n|-crit|p2b: Tornadus\n|-damage|p2b: Tornadus|0 fnt\n|faint|p2b: Tornadus\n|\n|-weather|RainDance|[upkeep]\n|-heal|p2a: Goodra|42\/100|[from] item: Leftovers\n|-heal|p1b: Kingambit|41\/100|[from] item: Leftovers\n|upkeep\n|\n|t:|1697406321\n|switch|p2b: Cresselia|Cresselia, F|100\/100\n|turn|13\n|\n|t:|1697406329\n|move|p2b: Cresselia|Lunar Blessing|p2b: Cresselia|[spread] p2a,p2b\n|-heal|p2a: Goodra|67\/100\n|move|p2a: Goodra|Curse|p2a: Goodra\n|-unboost|p2a: Goodra|spe|1\n|-boost|p2a: Goodra|atk|1\n|-boost|p2a: Goodra|def|1\n|move|p1b: Kingambit|Kowtow Cleave|p2a: Goodra\n|-damage|p2a: Goodra|15\/100\n|\n|-weather|RainDance|[upkeep]\n|-heal|p2a: Goodra|21\/100|[from] item: Leftovers\n|-heal|p1b: Kingambit|47\/100|[from] item: Leftovers\n|-sideend|p2: Joecheve13|move: Tailwind\n|upkeep\n|turn|14\n|\n|t:|1697406347\n|move|p2a: Goodra|Protect|p2a: Goodra\n|-singleturn|p2a: Goodra|Protect\n|move|p2b: Cresselia|Lunar Blessing|p2b: Cresselia|[spread] p2a,p2b\n|-heal|p2a: Goodra|46\/100\n|move|p1b: Kingambit|Kowtow Cleave|p2b: Cresselia\n|-supereffective|p2b: Cresselia\n|-damage|p2b: Cresselia|0 fnt\n|faint|p2b: Cresselia\n|\n|-weather|RainDance|[upkeep]\n|-heal|p1b: Kingambit|53\/100|[from] item: Leftovers\n|-heal|p2a: Goodra|52\/100|[from] item: Leftovers\n|upkeep\n|turn|15\n|\n|t:|1697406364\n|move|p1b: Kingambit|Kowtow Cleave|p2a: Goodra\n|-damage|p2a: Goodra|3\/100\n|move|p2a: Goodra|Muddy Water|p1b: Kingambit\n|-damage|p1b: Kingambit|18\/100\n|\n|-weather|RainDance|[upkeep]\n|-heal|p1b: Kingambit|24\/100|[from] item: Leftovers\n|-heal|p2a: Goodra|9\/100|[from] item: Leftovers\n|upkeep\n|turn|16\n|\n|t:|1697406374\n|move|p1b: Kingambit|Kowtow Cleave|p2a: Goodra\n|-damage|p2a: Goodra|0 fnt\n|faint|p2a: Goodra\n|\n|win|edgypunishment\n|raw|edgypunishment's rating: 1140 &rarr; <strong>1177<\/strong><br \/>(+37 for winning)\n|raw|Joecheve13's rating: 1325 &rarr; <strong>1295<\/strong><br \/>(-30 for losing)\n|l|\u2606Joecheve13\n","uploadtime":1697406389,"views":13,"p1id":"edgypunishment","p2id":"joecheve13","formatid":"gen9doublesou","rating":1177,"private":0,"password":""}