{"id":"gen9doublesou-1991300632","p1":"dsmooth_supprise","p2":"DaQuanLol","format":"[Gen 9] Doubles OU","log":"|j|\u2606dsmooth_supprise\n|j|\u2606DaQuanLol\n|t:|1700065601\n|gametype|doubles\n|player|p1|dsmooth_supprise|n|1318\n|player|p2|DaQuanLol|ghetsis|1405\n|teamsize|p1|6\n|teamsize|p2|6\n|gen|9\n|tier|[Gen 9] Doubles OU\n|rated|\n|rule|Species Clause: Limit one of each Pok\u00e9mon\n|rule|OHKO Clause: OHKO moves are banned\n|rule|Evasion Moves Clause: Evasion moves are banned\n|rule|Gravity Sleep Clause: The combination of sleep-inducing moves with imperfect accuracy and Gravity or Gigantamax Orbeetle are banned\n|rule|Endless Battle Clause: Forcing endless battles is banned\n|rule|HP Percentage Mod: HP is shown in percentages\n|clearpoke\n|poke|p1|Typhlosion-Hisui, M|\n|poke|p1|Lilligant-Hisui, F|\n|poke|p1|Ursaluna, M|\n|poke|p1|Torkoal, F|\n|poke|p1|Flutter Mane|\n|poke|p1|Thundurus, M|\n|poke|p2|Iron Hands|\n|poke|p2|Landorus-Therian, M|\n|poke|p2|Iron Bundle|\n|poke|p2|Sylveon, M|\n|poke|p2|Chi-Yu|\n|poke|p2|Sinistcha|\n|teampreview\n|inactive|Battle timer is ON: inactive players will automatically lose when time's up. (requested by DaQuanLol)\n|\n|t:|1700065612\n|start\n|switch|p1a: stupid turtle|Torkoal, F|100\/100\n|switch|p1b: belongs in ubers|Flutter Mane|100\/100\n|switch|p2a: Iron Bundle|Iron Bundle|100\/100\n|switch|p2b: Landorus|Landorus-Therian, M|100\/100\n|-ability|p2b: Landorus|Intimidate|boost\n|-unboost|p1a: stupid turtle|atk|1\n|-unboost|p1b: belongs in ubers|atk|1\n|-weather|SunnyDay|[from] ability: Drought|[of] p1a: stupid turtle\n|-activate|p1b: belongs in ubers|ability: Protosynthesis\n|-start|p1b: belongs in ubers|protosynthesisspa\n|-enditem|p2a: Iron Bundle|Booster Energy\n|-activate|p2a: Iron Bundle|ability: Quark Drive|[fromitem]\n|-start|p2a: Iron Bundle|quarkdrivespa\n|turn|1\n|\n|t:|1700065640\n|-end|p2a: Iron Bundle|Quark Drive|[silent]\n|switch|p2a: Chi-Yu|Chi-Yu|100\/100\n|-ability|p2a: Chi-Yu|Beads of Ruin\n|move|p1a: stupid turtle|Helping Hand|p1b: belongs in ubers\n|-singleturn|p1b: belongs in ubers|Helping Hand|[of] p1a: stupid turtle\n|move|p2b: Landorus|Rock Slide|p1a: stupid turtle|[spread] p1a,p1b\n|-supereffective|p1a: stupid turtle\n|-damage|p1a: stupid turtle|73\/100\n|-damage|p1b: belongs in ubers|62\/100\n|move|p1b: belongs in ubers|Dazzling Gleam|p2b: Landorus|[spread] p2a,p2b\n|-damage|p2a: Chi-Yu|6\/100\n|-damage|p2b: Landorus|0 fnt\n|faint|p2b: Landorus\n|\n|-weather|SunnyDay|[upkeep]\n|upkeep\n|inactive|DaQuanLol has 120 seconds left.\n|c|\u2606DaQuanLol|stupid turtle is wild\n|\n|t:|1700065657\n|switch|p2b: Iron Bundle|Iron Bundle|100\/100\n|turn|2\n|c|\u2606dsmooth_supprise|he is dumb\n|\n|t:|1700065673\n|move|p1a: stupid turtle|Helping Hand|p1b: belongs in ubers\n|-singleturn|p1b: belongs in ubers|Helping Hand|[of] p1a: stupid turtle\n|move|p2b: Iron Bundle|Icy Wind|p1b: belongs in ubers|[spread] p1a,p1b\n|-resisted|p1a: stupid turtle\n|-damage|p1a: stupid turtle|55\/100\n|-damage|p1b: belongs in ubers|32\/100\n|-unboost|p1a: stupid turtle|spe|1\n|-unboost|p1b: belongs in ubers|spe|1\n|move|p2a: Chi-Yu|Heat Wave|p1a: stupid turtle|[spread] p1a\n|-miss|p2a: Chi-Yu|p1b: belongs in ubers\n|-resisted|p1a: stupid turtle\n|-damage|p1a: stupid turtle|11\/100\n|move|p1b: belongs in ubers|Dazzling Gleam|p2a: Chi-Yu|[spread] p2a,p2b\n|-damage|p2a: Chi-Yu|0 fnt\n|-damage|p2b: Iron Bundle|0 fnt\n|faint|p2a: Chi-Yu\n|faint|p2b: Iron Bundle\n|-end|p2b: Iron Bundle|Quark Drive|[silent]\n|\n|-weather|SunnyDay|[upkeep]\n|upkeep\n|c|\u2606DaQuanLol|BRO WHAT\n|c|\u2606DaQuanLol|YOU HIT THE USELESS ONE?\n|inactive|DaQuanLol has 120 seconds left.\n|\n|t:|1700065696\n|switch|p2b: Sylveon|Sylveon, M|100\/100\n|switch|p2a: Iron Hands|Iron Hands|100\/100\n|turn|3\n|c|\u2606dsmooth_supprise|belongs in ubers\n|\n|t:|1700065704\n|move|p1b: belongs in ubers|Protect|p1b: belongs in ubers\n|-singleturn|p1b: belongs in ubers|Protect\n|move|p1a: stupid turtle|Protect|p1a: stupid turtle\n|-singleturn|p1a: stupid turtle|Protect\n|move|p2a: Iron Hands|Fake Out|p1a: stupid turtle\n|-activate|p1a: stupid turtle|move: Protect\n|move|p2b: Sylveon|Hyper Voice|p1a: stupid turtle|[spread] \n|-activate|p1a: stupid turtle|move: Protect\n|-activate|p1b: belongs in ubers|move: Protect\n|\n|-weather|SunnyDay|[upkeep]\n|upkeep\n|turn|4\n|inactive|dsmooth_supprise has 120 seconds left.\n|\n|t:|1700065743\n|move|p1a: stupid turtle|Helping Hand|p1b: belongs in ubers\n|-singleturn|p1b: belongs in ubers|Helping Hand|[of] p1a: stupid turtle\n|move|p1b: belongs in ubers|Dazzling Gleam|p2b: Sylveon|[spread] p2a,p2b\n|-supereffective|p2a: Iron Hands\n|-damage|p2a: Iron Hands|3\/100\n|-damage|p2b: Sylveon|50\/100\n|move|p2b: Sylveon|Hyper Voice|p1a: stupid turtle|[spread] p1a,p1b\n|-resisted|p1a: stupid turtle\n|-crit|p1a: stupid turtle\n|-damage|p1a: stupid turtle|0 fnt\n|-damage|p1b: belongs in ubers|0 fnt\n|faint|p1a: stupid turtle\n|faint|p1b: belongs in ubers\n|-end|p1b: belongs in ubers|Protosynthesis|[silent]\n|move|p2a: Iron Hands|Heavy Slam|p1: stupid turtle|[notarget]\n|-fail|p2a: Iron Hands\n|\n|-weather|SunnyDay|[upkeep]\n|-heal|p2b: Sylveon|56\/100|[from] item: Leftovers\n|upkeep\n|c|\u2606DaQuanLol|IRON HANDS IS A TANKKK\n|\n|t:|1700065761\n|switch|p1b: Lilligant|Lilligant-Hisui, F|100\/100\n|switch|p1a: Typhlosion|Typhlosion-Hisui, M|100\/100\n|turn|5\n|inactive|dsmooth_supprise has 120 seconds left.\n|\n|t:|1700065772\n|move|p1b: Lilligant|Sleep Powder|p2b: Sylveon\n|-status|p2b: Sylveon|slp|[from] move: Sleep Powder\n|move|p1a: Typhlosion|Eruption|p2a: Iron Hands|[spread] p2a,p2b\n|-damage|p2a: Iron Hands|0 fnt\n|-damage|p2b: Sylveon|0 fnt\n|faint|p2a: Iron Hands\n|-end|p2a: Iron Hands|Quark Drive|[silent]\n|faint|p2b: Sylveon\n|\n|-weather|SunnyDay|[upkeep]\n|upkeep\n|-message|DaQuanLol forfeited.\n|\n|win|dsmooth_supprise\n|raw|dsmooth_supprise's rating: 1318 &rarr; <strong>1343<\/strong><br \/>(+25 for winning)\n|raw|DaQuanLol's rating: 1405 &rarr; <strong>1380<\/strong><br \/>(-25 for losing)\n|l|\u2606DaQuanLol\n|c|\u2606dsmooth_supprise|gg\n","uploadtime":1700065788,"views":18,"p1id":"dsmoothsupprise","p2id":"daquanlol","formatid":"gen9doublesou","rating":1343,"private":0,"password":""}