{"id":"gen9doublesou-1980732409","p1":"Qhillin","p2":"Carina17","format":"[Gen 9] Doubles OU","log":"|j|\u2606Qhillin\n|j|\u2606Carina17\n|t:|1698821642\n|gametype|doubles\n|player|p1|Qhillin|265|1058\n|player|p2|Carina17|cynthia|1045\n|teamsize|p1|6\n|teamsize|p2|3\n|gen|9\n|tier|[Gen 9] Doubles OU\n|rated|\n|rule|Species Clause: Limit one of each Pok\u00e9mon\n|rule|OHKO Clause: OHKO moves are banned\n|rule|Evasion Moves Clause: Evasion moves are banned\n|rule|Gravity Sleep Clause: The combination of sleep-inducing moves with imperfect accuracy and Gravity or Gigantamax Orbeetle are banned\n|rule|Endless Battle Clause: Forcing endless battles is banned\n|rule|HP Percentage Mod: HP is shown in percentages\n|clearpoke\n|poke|p1|Amoonguss, M|\n|poke|p1|Rotom-Wash|\n|poke|p1|Diancie|\n|poke|p1|Cresselia, F|\n|poke|p1|Landorus-Therian, M|\n|poke|p1|Ursaluna, F|\n|poke|p2|Enamorus, F|\n|poke|p2|Thundurus, M|\n|poke|p2|Talonflame, F|\n|teampreview\n|inactive|Battle timer is ON: inactive players will automatically lose when time's up. (requested by Carina17)\n|c|\u2606Qhillin|hello\n|\n|t:|1698821654\n|start\n|switch|p1a: Amoonguss|Amoonguss, M, shiny|100\/100\n|switch|p1b: Cresselia|Cresselia, F|100\/100\n|switch|p2a: Enamorus|Enamorus, F|100\/100\n|switch|p2b: Thundurus|Thundurus, M|100\/100\n|turn|1\n|\n|t:|1698821673\n|move|p2b: Thundurus|Eerie Impulse|p2a: Enamorus\n|-boost|p2a: Enamorus|spa|2\n|move|p2a: Enamorus|Psychic|p1a: Amoonguss\n|-supereffective|p1a: Amoonguss\n|-damage|p1a: Amoonguss|0 fnt\n|faint|p1a: Amoonguss\n|-damage|p2a: Enamorus|90\/100|[from] item: Life Orb\n|move|p1b: Cresselia|Light Screen|p1b: Cresselia\n|-sidestart|p1: Qhillin|move: Light Screen\n|\n|upkeep\n|\n|t:|1698821685\n|switch|p1a: Rotom|Rotom-Wash, shiny|100\/100\n|turn|2\n|\n|t:|1698821697\n|-terastallize|p2a: Enamorus|Fairy\n|move|p2b: Thundurus|Scary Face|p2a: Enamorus\n|-boost|p2a: Enamorus|spe|2\n|move|p2a: Enamorus|Dazzling Gleam|p1a: Rotom|[spread] p1a,p1b\n|-damage|p1a: Rotom|0 fnt\n|-damage|p1b: Cresselia|56\/100\n|faint|p1a: Rotom\n|-damage|p2a: Enamorus|80\/100|[from] item: Life Orb\n|move|p1b: Cresselia|Trick Room|p1b: Cresselia\n|-fieldstart|move: Trick Room|[of] p1b: Cresselia\n|\n|upkeep\n|\n|t:|1698821710\n|switch|p1a: Diancie|Diancie|100\/100\n|turn|3\n|\n|t:|1698821731\n|move|p2b: Thundurus|Taunt|p1b: Cresselia\n|-start|p1b: Cresselia|move: Taunt\n|move|p1a: Diancie|Calm Mind|p1a: Diancie\n|-boost|p1a: Diancie|spa|1\n|-boost|p1a: Diancie|spd|1\n|cant|p1b: Cresselia|move: Taunt|Reflect\n|move|p2a: Enamorus|Superpower|p1a: Diancie\n|-damage|p1a: Diancie|69\/100\n|-boost|p2a: Enamorus|atk|1\n|-boost|p2a: Enamorus|def|1\n|-damage|p2a: Enamorus|70\/100|[from] item: Life Orb\n|\n|upkeep\n|turn|4\n|\n|t:|1698821747\n|move|p2a: Enamorus|Protect|p2a: Enamorus\n|-singleturn|p2a: Enamorus|Protect\n|move|p2b: Thundurus|Taunt|p1a: Diancie\n|-start|p1a: Diancie|move: Taunt\n|move|p1a: Diancie|Draining Kiss|p2a: Enamorus\n|-activate|p2a: Enamorus|move: Protect\n|move|p1b: Cresselia|Moonblast|p2b: Thundurus\n|-damage|p2b: Thundurus|85\/100\n|\n|upkeep\n|turn|5\n|inactive|Carina17 has 120 seconds left.\n|\n|t:|1698821787\n|move|p2b: Thundurus|Scary Face|p1a: Diancie\n|-fail|p1a: Diancie|unboost|[from] ability: Clear Body|[of] p1a: Diancie\n|move|p1a: Diancie|Draining Kiss|p2b: Thundurus\n|-damage|p2b: Thundurus|58\/100\n|-heal|p1a: Diancie|98\/100|[from] drain|[of] p2b: Thundurus\n|move|p1b: Cresselia|Moonblast|p2b: Thundurus\n|-damage|p2b: Thundurus|40\/100\n|move|p2a: Enamorus|Superpower|p1a: Diancie\n|-damage|p1a: Diancie|51\/100\n|-boost|p2a: Enamorus|atk|1\n|-boost|p2a: Enamorus|def|1\n|-damage|p2a: Enamorus|60\/100|[from] item: Life Orb\n|\n|-end|p1b: Cresselia|move: Taunt\n|upkeep\n|turn|6\n|inactive|Carina17 has 120 seconds left.\n|\n|t:|1698821809\n|move|p2a: Enamorus|Protect|p2a: Enamorus\n|-singleturn|p2a: Enamorus|Protect\n|move|p2b: Thundurus|Taunt|p1b: Cresselia\n|-start|p1b: Cresselia|move: Taunt\n|move|p1a: Diancie|Draining Kiss|p2b: Thundurus\n|-damage|p2b: Thundurus|12\/100\n|-heal|p1a: Diancie|81\/100|[from] drain|[of] p2b: Thundurus\n|cant|p1b: Cresselia|move: Taunt|Reflect\n|\n|-end|p1a: Diancie|move: Taunt\n|-fieldend|move: Trick Room\n|upkeep\n|turn|7\n|\n|t:|1698821833\n|move|p2b: Thundurus|Eerie Impulse|p2a: Enamorus\n|-boost|p2a: Enamorus|spa|2\n|move|p2a: Enamorus|Superpower|p1a: Diancie\n|-damage|p1a: Diancie|17\/100\n|-boost|p2a: Enamorus|atk|1\n|-boost|p2a: Enamorus|def|1\n|-damage|p2a: Enamorus|50\/100|[from] item: Life Orb\n|move|p1b: Cresselia|Moonblast|p2b: Thundurus\n|-damage|p2b: Thundurus|0 fnt\n|faint|p2b: Thundurus\n|move|p1a: Diancie|Baton Pass|p1a: Diancie\n|inactive|Qhillin has 120 seconds left.\n|\n|t:|1698821854\n|switch|p1a: Landorus|Landorus-Therian, M|100\/100|[from] Baton Pass\n|-ability|p1a: Landorus|Intimidate|boost\n|-boost|p2a: Enamorus|atk|1\n|\n|upkeep\n|\n|t:|1698821860\n|switch|p2b: Talonflame|Talonflame, F|100\/100\n|turn|8\n|\n|t:|1698821885\n|move|p2b: Talonflame|Defog|p2a: Enamorus\n|-boost|p2a: Enamorus|evasion|1\n|move|p2a: Enamorus|Dazzling Gleam|p1b: Cresselia|[spread] p1a,p1b\n|-damage|p1a: Landorus|16\/100\n|-damage|p1b: Cresselia|0 fnt\n|faint|p1b: Cresselia\n|-damage|p2a: Enamorus|40\/100|[from] item: Life Orb\n|move|p1a: Landorus|U-turn|p2a: Enamorus\n|-resisted|p2a: Enamorus\n|-damage|p2a: Enamorus|30\/100\n|-damage|p1a: Landorus|7\/100|[from] item: Life Orb\n|inactive|Qhillin has 120 seconds left.\n|\n|t:|1698821896\n|switch|p1a: Diancie|Diancie|17\/100|[from] U-turn\n|\n|-sideend|p1: Qhillin|move: Light Screen\n|upkeep\n|\n|t:|1698821901\n|switch|p1b: Ursaluna|Ursaluna, F|100\/100\n|turn|9\n|\n|t:|1698821922\n|move|p2b: Talonflame|Defog|p2a: Enamorus\n|-boost|p2a: Enamorus|evasion|1\n|move|p2a: Enamorus|Dazzling Gleam|p1a: Diancie|[spread] p1a,p1b\n|-damage|p1a: Diancie|0 fnt\n|-damage|p1b: Ursaluna|0 fnt\n|faint|p1a: Diancie\n|faint|p1b: Ursaluna\n|-damage|p2a: Enamorus|20\/100|[from] item: Life Orb\n|\n|upkeep\n|-message|Qhillin forfeited.\n|\n|win|Carina17\n|raw|Qhillin's rating: 1058 &rarr; <strong>1039<\/strong><br \/>(-19 for losing)\n|raw|Carina17's rating: 1045 &rarr; <strong>1079<\/strong><br \/>(+34 for winning)\n|l|\u2606Qhillin\n","uploadtime":1698821938,"views":29,"p1id":"qhillin","p2id":"carina17","formatid":"gen9doublesou","rating":1039,"private":0,"password":""}