{"id":"gen9doublesou-1980633229","p1":"tynewname","p2":"Kernc","format":"[Gen 9] Doubles OU","log":"|j|\u2606tynewname\n|j|\u2606Kernc\n|t:|1698805639\n|gametype|doubles\n|player|p1|tynewname|veteran|1093\n|player|p2|Kernc|101|1033\n|teamsize|p1|6\n|teamsize|p2|6\n|gen|9\n|tier|[Gen 9] Doubles OU\n|rated|\n|rule|Species Clause: Limit one of each Pok\u00e9mon\n|rule|OHKO Clause: OHKO moves are banned\n|rule|Evasion Moves Clause: Evasion moves are banned\n|rule|Gravity Sleep Clause: The combination of sleep-inducing moves with imperfect accuracy and Gravity or Gigantamax Orbeetle are banned\n|rule|Endless Battle Clause: Forcing endless battles is banned\n|rule|HP Percentage Mod: HP is shown in percentages\n|clearpoke\n|poke|p1|Ribombee, M|\n|poke|p1|Kilowattrel, F|\n|poke|p1|Ogerpon-Hearthflame, F|\n|poke|p1|Flutter Mane|\n|poke|p1|Corviknight, F|\n|poke|p1|Hoopa-Unbound|\n|poke|p2|Palossand, M|\n|poke|p2|Volcanion|\n|poke|p2|Landorus-Therian, M|\n|poke|p2|Vikavolt, F|\n|poke|p2|Chandelure, F|\n|poke|p2|Haxorus, F|\n|teampreview\n|inactive|Battle timer is ON: inactive players will automatically lose when time's up. (requested by tynewname)\n|\n|t:|1698805643\n|start\n|switch|p1a: Ribombee|Ribombee, M|100\/100\n|switch|p1b: Kilowattrel|Kilowattrel, F, shiny|100\/100\n|switch|p2a: eventually|Palossand, M, shiny|100\/100\n|switch|p2b: donut|Volcanion|100\/100\n|turn|1\n|\n|t:|1698805654\n|move|p1b: Kilowattrel|Tailwind|p1b: Kilowattrel\n|-sidestart|p1: tynewname|move: Tailwind\n|-start|p1b: Kilowattrel|Charge|Tailwind|[from] ability: Wind Power\n|move|p1a: Ribombee|Sticky Web|p2a: eventually\n|-sidestart|p2: Kernc|move: Sticky Web\n|move|p2b: donut|Heat Wave|p1a: Ribombee|[spread] p1a,p1b\n|-supereffective|p1a: Ribombee\n|-enditem|p1a: Ribombee|Focus Sash\n|-damage|p1a: Ribombee|1\/100\n|-damage|p1b: Kilowattrel|8\/100\n|-start|p1b: Kilowattrel|Charge|Heat Wave|[from] ability: Wind Power\n|-damage|p2b: donut|91\/100|[from] item: Life Orb\n|move|p2a: eventually|Stealth Rock|p1b: Kilowattrel\n|-sidestart|p1: tynewname|move: Stealth Rock\n|\n|upkeep\n|turn|2\n|\n|t:|1698805672\n|move|p2a: eventually|Protect|p2a: eventually\n|-singleturn|p2a: eventually|Protect\n|move|p1b: Kilowattrel|Electro Ball|p2b: donut\n|-supereffective|p2b: donut\n|-damage|p2b: donut|0 fnt\n|faint|p2b: donut\n|-damage|p1b: Kilowattrel|0 fnt|[from] item: Life Orb\n|faint|p1b: Kilowattrel\n|move|p1a: Ribombee|Stun Spore|p2a: eventually\n|-activate|p2a: eventually|move: Protect\n|\n|upkeep\n|\n|t:|1698805685\n|switch|p1b: Ogerpon|Ogerpon-Hearthflame, F|100\/100\n|switch|p2b: jumper cables|Vikavolt, F|100\/100\n|-damage|p1b: Ogerpon|76\/100|[from] Stealth Rock\n|-ability|p1b: Ogerpon|Mold Breaker\n|turn|3\n|\n|t:|1698805696\n|-terastallize|p1b: Ogerpon|Fire\n|detailschange|p1b: Ogerpon|Ogerpon-Hearthflame-Tera, F, tera:Fire\n|-ability|p1b: Ogerpon|Embody Aspect (Hearthflame)|boost\n|-boost|p1b: Ogerpon|atk|1\n|move|p1a: Ribombee|Stun Spore|p2a: eventually\n|-status|p2a: eventually|par\n|move|p1b: Ogerpon|Ivy Cudgel|p2b: jumper cables\n|-supereffective|p2b: jumper cables\n|-damage|p2b: jumper cables|0 fnt\n|faint|p2b: jumper cables\n|move|p2a: eventually|Earth Power|p1b: Ogerpon\n|-supereffective|p1b: Ogerpon\n|-damage|p1b: Ogerpon|0 fnt\n|faint|p1b: Ogerpon\n|\n|upkeep\n|\n|t:|1698805711\n|switch|p1b: Hoopa|Hoopa-Unbound|100\/100\n|switch|p2b: stupid|Landorus-Therian, M|100\/100\n|-damage|p1b: Hoopa|88\/100|[from] Stealth Rock\n|-ability|p2b: stupid|Intimidate|boost\n|-unboost|p1a: Ribombee|atk|1\n|-unboost|p1b: Hoopa|atk|1\n|turn|4\n|\n|t:|1698805725\n|switch|p1b: Corviknight|Corviknight, F|100\/100\n|-damage|p1b: Corviknight|88\/100|[from] Stealth Rock\n|move|p1a: Ribombee|Stun Spore|p2b: stupid\n|-status|p2b: stupid|par\n|move|p2b: stupid|U-turn|p1b: Corviknight\n|-resisted|p1b: Corviknight\n|-damage|p1b: Corviknight|83\/100\n|-damage|p2b: stupid|84\/100 par|[from] item: Rocky Helmet|[of] p1b: Corviknight\n|\n|t:|1698805736\n|switch|p2b: what|Chandelure, F|100\/100|[from] U-turn\n|-activate|p2b: what|move: Sticky Web\n|-unboost|p2b: what|spe|1\n|cant|p2a: eventually|par\n|\n|-sideend|p1: tynewname|move: Tailwind\n|upkeep\n|turn|5\n|\n|t:|1698805759\n|switch|p1b: Flutter Mane|Flutter Mane|100\/100\n|-damage|p1b: Flutter Mane|88\/100|[from] Stealth Rock\n|-enditem|p1b: Flutter Mane|Booster Energy\n|-activate|p1b: Flutter Mane|ability: Protosynthesis|[fromitem]\n|-start|p1b: Flutter Mane|protosynthesisspe\n|move|p1a: Ribombee|Stun Spore|p2b: what|[miss]\n|-miss|p1a: Ribombee|p2b: what\n|move|p2b: what|Heat Wave|p1a: Ribombee|[spread] p1a,p1b\n|-supereffective|p1a: Ribombee\n|-damage|p1a: Ribombee|0 fnt\n|-damage|p1b: Flutter Mane|49\/100\n|-status|p1b: Flutter Mane|brn\n|faint|p1a: Ribombee\n|cant|p2a: eventually|par\n|\n|-damage|p1b: Flutter Mane|43\/100 brn|[from] brn\n|upkeep\n|\n|t:|1698805765\n|switch|p1a: Hoopa|Hoopa-Unbound|88\/100\n|-damage|p1a: Hoopa|76\/100|[from] Stealth Rock\n|turn|6\n|\n|t:|1698805779\n|move|p1b: Flutter Mane|Shadow Ball|p2a: eventually\n|-supereffective|p2a: eventually\n|-damage|p2a: eventually|0 fnt\n|faint|p2a: eventually\n|move|p1a: Hoopa|Knock Off|p2b: what\n|-supereffective|p2b: what\n|-damage|p2b: what|0 fnt\n|-enditem|p2b: what|Choice Scarf|[from] move: Knock Off|[of] p1a: Hoopa\n|faint|p2b: what\n|-damage|p1a: Hoopa|66\/100|[from] item: Life Orb\n|\n|-damage|p1b: Flutter Mane|37\/100 brn|[from] brn\n|upkeep\n|\n|t:|1698805790\n|switch|p2b: blaxorous|Haxorus, F, shiny|100\/100\n|switch|p2a: stupid|Landorus-Therian, M|84\/100 par\n|-activate|p2b: blaxorous|move: Sticky Web\n|-unboost|p2b: blaxorous|spe|1\n|-ability|p2b: blaxorous|Mold Breaker\n|-ability|p2a: stupid|Intimidate|boost\n|-unboost|p1a: Hoopa|atk|1\n|-unboost|p1b: Flutter Mane|atk|1\n|turn|7\n|\n|t:|1698805807\n|switch|p1a: Corviknight|Corviknight, F|83\/100\n|-damage|p1a: Corviknight|71\/100|[from] Stealth Rock\n|move|p2b: blaxorous|First Impression|p1a: Corviknight\n|-resisted|p1a: Corviknight\n|-damage|p1a: Corviknight|62\/100\n|-damage|p2b: blaxorous|84\/100|[from] item: Rocky Helmet|[of] p1a: Corviknight\n|-damage|p2b: blaxorous|74\/100|[from] item: Life Orb\n|move|p1b: Flutter Mane|Dazzling Gleam|p2a: stupid|[spread] p2a,p2b\n|-supereffective|p2b: blaxorous\n|-damage|p2a: stupid|41\/100 par\n|-damage|p2b: blaxorous|0 fnt\n|faint|p2b: blaxorous\n|move|p2a: stupid|Rock Slide|p1b: Flutter Mane|[spread] p1a,p1b\n|-damage|p1a: Corviknight|45\/100\n|-damage|p1b: Flutter Mane|0 fnt\n|faint|p1b: Flutter Mane\n|-end|p1b: Flutter Mane|Protosynthesis|[silent]\n|\n|upkeep\n|\n|t:|1698805820\n|switch|p1b: Hoopa|Hoopa-Unbound|66\/100\n|-damage|p1b: Hoopa|54\/100|[from] Stealth Rock\n|turn|8\n|\n|t:|1698805825\n|move|p1b: Hoopa|Knock Off|p2a: stupid\n|-damage|p2a: stupid|0 fnt\n|-enditem|p2a: stupid|Choice Scarf|[from] move: Knock Off|[of] p1b: Hoopa\n|faint|p2a: stupid\n|-damage|p1b: Hoopa|44\/100|[from] item: Life Orb\n|\n|win|tynewname\n|raw|tynewname's rating: 1093 &rarr; <strong>1115<\/strong><br \/>(+22 for winning)\n|raw|Kernc's rating: 1033 &rarr; <strong>1021<\/strong><br \/>(-12 for losing)\n|l|\u2606Kernc\n","uploadtime":1698805829,"views":20,"p1id":"tynewname","p2id":"kernc","formatid":"gen9doublesou","rating":1021,"private":0,"password":""}