{"id":"gen9doublesou-1981124074","p1":"FEESHdagoat","p2":"Kachiru","format":"[Gen 9] Doubles OU","log":"|j|\u2606FEESHdagoat\n|j|\u2606Kachiru\n|t:|1698865457\n|gametype|doubles\n|player|p1|FEESHdagoat|pokemaniac|1022\n|player|p2|Kachiru|caitlin|1023\n|teamsize|p1|6\n|teamsize|p2|6\n|gen|9\n|tier|[Gen 9] Doubles OU\n|rated|\n|rule|Species Clause: Limit one of each Pok\u00e9mon\n|rule|OHKO Clause: OHKO moves are banned\n|rule|Evasion Moves Clause: Evasion moves are banned\n|rule|Gravity Sleep Clause: The combination of sleep-inducing moves with imperfect accuracy and Gravity or Gigantamax Orbeetle are banned\n|rule|Endless Battle Clause: Forcing endless battles is banned\n|rule|HP Percentage Mod: HP is shown in percentages\n|clearpoke\n|poke|p1|Indeedee, M|\n|poke|p1|Armarouge, M|\n|poke|p1|Dragonite, F|\n|poke|p1|Rillaboom, M|\n|poke|p1|Ursaluna-Bloodmoon, M|\n|poke|p1|Walking Wake|\n|poke|p2|Indeedee-F, F|\n|poke|p2|Armarouge, M|\n|poke|p2|Gardevoir, M|\n|poke|p2|Hatterene, F|\n|poke|p2|Iron Moth|\n|poke|p2|Chimecho, M|\n|teampreview\n|\n|t:|1698865475\n|start\n|switch|p1a: Rillaboom|Rillaboom, M|100\/100\n|switch|p1b: Dragonite|Dragonite, F|100\/100\n|switch|p2a: Indeedee|Indeedee-F, F|100\/100\n|switch|p2b: Chimecho|Chimecho, M|100\/100\n|-fieldstart|move: Grassy Terrain|[from] ability: Grassy Surge|[of] p1a: Rillaboom\n|-fieldstart|move: Psychic Terrain|[from] ability: Psychic Surge|[of] p2a: Indeedee\n|turn|1\n|\n|t:|1698865494\n|switch|p1a: Armarouge|Armarouge, M|100\/100\n|move|p1b: Dragonite|Dragon Dance|p1b: Dragonite\n|-boost|p1b: Dragonite|atk|1\n|-boost|p1b: Dragonite|spe|1\n|move|p2a: Indeedee|Skill Swap|p1b: Dragonite\n|-activate|p2a: Indeedee|move: Skill Swap|Inner Focus|Psychic Surge|[of] p1b: Dragonite\n|move|p2b: Chimecho|Calm Mind|p2b: Chimecho\n|-boost|p2b: Chimecho|spa|1\n|-boost|p2b: Chimecho|spd|1\n|\n|upkeep\n|turn|2\n|\n|t:|1698865519\n|move|p2a: Indeedee|Follow Me|p2a: Indeedee\n|-singleturn|p2a: Indeedee|move: Follow Me\n|move|p1b: Dragonite|Dragon Claw|p2a: Indeedee\n|-damage|p2a: Indeedee|30\/100\n|move|p1a: Armarouge|Expanding Force|p2b: Chimecho|[spread] p2a,p2b\n|-resisted|p2a: Indeedee\n|-resisted|p2b: Chimecho\n|-damage|p2a: Indeedee|1\/100\n|-damage|p2b: Chimecho|78\/100\n|move|p2b: Chimecho|Dazzling Gleam|p1a: Armarouge|[spread] p1a,p1b\n|-resisted|p1a: Armarouge\n|-supereffective|p1b: Dragonite\n|-damage|p1a: Armarouge|89\/100\n|-damage|p1b: Dragonite|42\/100\n|\n|-heal|p1b: Dragonite|48\/100|[from] item: Leftovers\n|-heal|p2b: Chimecho|84\/100|[from] item: Leftovers\n|upkeep\n|turn|3\n|\n|t:|1698865543\n|move|p1b: Dragonite|Dragon Claw|p2b: Chimecho\n|-damage|p2b: Chimecho|6\/100\n|move|p1a: Armarouge|Expanding Force|p2a: Indeedee|[spread] p2a,p2b\n|-resisted|p2a: Indeedee\n|-resisted|p2b: Chimecho\n|-damage|p2a: Indeedee|0 fnt\n|-damage|p2b: Chimecho|0 fnt\n|faint|p2a: Indeedee\n|faint|p2b: Chimecho\n|\n|-heal|p1b: Dragonite|55\/100|[from] item: Leftovers\n|upkeep\n|\n|t:|1698865554\n|switch|p2a: Gardevoir|Gardevoir, M|100\/100\n|switch|p2b: Hatterene|Hatterene, F|100\/100\n|-ability|p2a: Gardevoir|Psychic Surge|[from] ability: Trace|[of] p1b: Dragonite\n|turn|4\n|\n|t:|1698865571\n|move|p1b: Dragonite|Earthquake|p2b: Hatterene|[spread] p1a,p2a,p2b\n|-supereffective|p1a: Armarouge\n|-damage|p1a: Armarouge|0 fnt\n|-damage|p2a: Gardevoir|23\/100\n|-damage|p2b: Hatterene|54\/100\n|faint|p1a: Armarouge\n|move|p2a: Gardevoir|Dazzling Gleam|p1b: Dragonite\n|-supereffective|p1b: Dragonite\n|-damage|p1b: Dragonite|0 fnt\n|faint|p1b: Dragonite\n|-damage|p2a: Gardevoir|13\/100|[from] item: Life Orb\n|move|p2b: Hatterene|Thunder Wave|p1: Armarouge|[notarget]\n|-fail|p2b: Hatterene\n|\n|upkeep\n|\n|t:|1698865584\n|switch|p1b: Ursaluna|Ursaluna-Bloodmoon, M|100\/100\n|switch|p1a: Rillaboom|Rillaboom, M|100\/100\n|-fieldstart|move: Grassy Terrain|[from] ability: Grassy Surge|[of] p1a: Rillaboom\n|turn|5\n|inactive|Battle timer is ON: inactive players will automatically lose when time's up. (requested by Kachiru)\n|\n|t:|1698865627\n|move|p1a: Rillaboom|Grassy Glide|p2b: Hatterene\n|-damage|p2b: Hatterene|11\/100\n|-damage|p1a: Rillaboom|84\/100|[from] item: Rocky Helmet|[of] p2b: Hatterene\n|move|p2a: Gardevoir|Dazzling Gleam|p1a: Rillaboom|[spread] p1a,p1b\n|-damage|p1a: Rillaboom|49\/100\n|-damage|p1b: Ursaluna|61\/100\n|-damage|p2a: Gardevoir|3\/100|[from] item: Life Orb\n|move|p1b: Ursaluna|Rock Slide|p2a: Gardevoir|[spread] p2a,p2b\n|-damage|p2a: Gardevoir|0 fnt\n|-damage|p2b: Hatterene|0 fnt\n|faint|p2a: Gardevoir\n|faint|p2b: Hatterene\n|\n|-heal|p1a: Rillaboom|55\/100|[from] Grassy Terrain\n|-heal|p1b: Ursaluna|67\/100|[from] Grassy Terrain\n|upkeep\n|\n|t:|1698865642\n|switch|p2a: Iron Moth|Iron Moth|100\/100\n|switch|p2b: Armarouge|Armarouge, M|100\/100\n|-enditem|p2a: Iron Moth|Booster Energy\n|-activate|p2a: Iron Moth|ability: Quark Drive|[fromitem]\n|-start|p2a: Iron Moth|quarkdrivespa\n|turn|6\n|\n|t:|1698865664\n|-terastallize|p2b: Armarouge|Bug\n|move|p2a: Iron Moth|Fiery Dance|p1a: Rillaboom\n|-supereffective|p1a: Rillaboom\n|-damage|p1a: Rillaboom|0 fnt\n|-boost|p2a: Iron Moth|spa|1\n|faint|p1a: Rillaboom\n|move|p2b: Armarouge|Calm Mind|p2b: Armarouge\n|-boost|p2b: Armarouge|spa|1\n|-boost|p2b: Armarouge|spd|1\n|move|p1b: Ursaluna|Rock Slide|p2a: Iron Moth|[spread] p2a,p2b\n|-supereffective|p2a: Iron Moth\n|-supereffective|p2b: Armarouge\n|-damage|p2a: Iron Moth|71\/100\n|-damage|p2b: Armarouge|86\/100\n|-ability|p2b: Armarouge|Weak Armor|boost\n|-unboost|p2b: Armarouge|def|1\n|-boost|p2b: Armarouge|spe|2\n|\n|-heal|p2b: Armarouge|92\/100|[from] Grassy Terrain\n|-heal|p2a: Iron Moth|77\/100|[from] Grassy Terrain\n|-heal|p1b: Ursaluna|73\/100|[from] Grassy Terrain\n|upkeep\n|inactive|FEESHdagoat has 120 seconds left.\n|\n|t:|1698865679\n|switch|p1a: Walking Wake|Walking Wake|100\/100\n|-enditem|p1a: Walking Wake|Booster Energy\n|-activate|p1a: Walking Wake|ability: Protosynthesis|[fromitem]\n|-start|p1a: Walking Wake|protosynthesisspe\n|turn|7\n|\n|t:|1698865698\n|move|p1a: Walking Wake|Hydro Steam|p2b: Armarouge\n|-damage|p2b: Armarouge|64\/100\n|move|p2b: Armarouge|Stored Power|p1a: Walking Wake\n|-damage|p1a: Walking Wake|5\/100\n|move|p2a: Iron Moth|Fiery Dance|p1a: Walking Wake\n|-resisted|p1a: Walking Wake\n|-damage|p1a: Walking Wake|0 fnt\n|faint|p1a: Walking Wake\n|-end|p1a: Walking Wake|Protosynthesis|[silent]\n|move|p1b: Ursaluna|Rock Slide|p2a: Iron Moth|[spread] p2a,p2b\n|-supereffective|p2a: Iron Moth\n|-supereffective|p2b: Armarouge\n|-damage|p2a: Iron Moth|49\/100\n|-damage|p2b: Armarouge|41\/100\n|-ability|p2b: Armarouge|Weak Armor|boost\n|-unboost|p2b: Armarouge|def|1\n|-boost|p2b: Armarouge|spe|2\n|\n|-heal|p2b: Armarouge|47\/100|[from] Grassy Terrain\n|-heal|p2a: Iron Moth|55\/100|[from] Grassy Terrain\n|-heal|p1b: Ursaluna|79\/100|[from] Grassy Terrain\n|upkeep\n|\n|t:|1698865716\n|switch|p1a: Indeedee|Indeedee, M|100\/100\n|-fieldstart|move: Psychic Terrain|[from] ability: Psychic Surge|[of] p1a: Indeedee\n|turn|8\n|\n|t:|1698865726\n|move|p2b: Armarouge|Stored Power|p1b: Ursaluna\n|-damage|p1b: Ursaluna|0 fnt\n|faint|p1b: Ursaluna\n|move|p2a: Iron Moth|Bug Buzz|p1a: Indeedee\n|-supereffective|p1a: Indeedee\n|-damage|p1a: Indeedee|0 fnt\n|faint|p1a: Indeedee\n|\n|win|Kachiru\n|raw|FEESHdagoat's rating: 1022 &rarr; <strong>1009<\/strong><br \/>(-13 for losing)\n|raw|Kachiru's rating: 1023 &rarr; <strong>1059<\/strong><br \/>(+36 for winning)\n","uploadtime":1698865737,"views":19,"p1id":"feeshdagoat","p2id":"kachiru","formatid":"gen9doublesou","rating":1009,"private":0,"password":""}