{"id":"gen9doublesou-1989934183","p1":"rando teams 7203","p2":"Dionaeamuscipul","format":"[Gen 9] Doubles OU","log":"|j|\u2606rando teams 7203\n|j|\u2606Dionaeamuscipul\n|t:|1699908023\n|gametype|doubles\n|player|p1|rando teams 7203|harlequin|1070\n|player|p2|Dionaeamuscipul|2|1091\n|teamsize|p1|6\n|teamsize|p2|6\n|gen|9\n|tier|[Gen 9] Doubles OU\n|rated|\n|rule|Species Clause: Limit one of each Pok\u00e9mon\n|rule|OHKO Clause: OHKO moves are banned\n|rule|Evasion Moves Clause: Evasion moves are banned\n|rule|Gravity Sleep Clause: The combination of sleep-inducing moves with imperfect accuracy and Gravity or Gigantamax Orbeetle are banned\n|rule|Endless Battle Clause: Forcing endless battles is banned\n|rule|HP Percentage Mod: HP is shown in percentages\n|clearpoke\n|poke|p1|Scream Tail|\n|poke|p1|Slowbro, M|\n|poke|p1|Dipplin, M|\n|poke|p1|Clodsire, F|\n|poke|p1|Sinistcha|\n|poke|p1|Goodra-Hisui, F|\n|poke|p2|Shiftry, F|\n|poke|p2|Ninetales, F|\n|poke|p2|Politoed, F|\n|poke|p2|Ribombee, M|\n|poke|p2|Grafaiai, M|\n|poke|p2|Charizard, F|\n|teampreview\n|\n|t:|1699908036\n|start\n|switch|p1a: WetA55Pu55y|Scream Tail|100\/100\n|switch|p1b: Deppresso|Goodra-Hisui, F|100\/100\n|switch|p2a: Ninetales|Ninetales, F|100\/100\n|switch|p2b: Ribombee|Ribombee, M|100\/100\n|-weather|SunnyDay|[from] ability: Drought|[of] p2a: Ninetales\n|-activate|p1a: WetA55Pu55y|ability: Protosynthesis\n|-start|p1a: WetA55Pu55y|protosynthesisdef\n|turn|1\n|\n|t:|1699908055\n|move|p2b: Ribombee|Tailwind|p2b: Ribombee\n|-sidestart|p2: Dionaeamuscipul|move: Tailwind\n|move|p2a: Ninetales|Heat Wave|p1b: Deppresso|[spread] p1a,p1b\n|-damage|p1a: WetA55Pu55y|79\/100\n|-damage|p1b: Deppresso|80\/100\n|move|p1b: Deppresso|Chilling Water|p2a: Ninetales\n|-supereffective|p2a: Ninetales\n|-damage|p2a: Ninetales|91\/100\n|-unboost|p2a: Ninetales|atk|1\n|move|p1a: WetA55Pu55y|Trick Room|p1a: WetA55Pu55y\n|-fieldstart|move: Trick Room|[of] p1a: WetA55Pu55y\n|\n|-weather|SunnyDay|[upkeep]\n|-heal|p1a: WetA55Pu55y|85\/100|[from] item: Leftovers\n|upkeep\n|turn|2\n|\n|t:|1699908076\n|-terastallize|p1b: Deppresso|Water\n|move|p1b: Deppresso|Blizzard|p2a: Ninetales|[spread] p2b\n|-miss|p1b: Deppresso|p2a: Ninetales\n|-damage|p2b: Ribombee|55\/100\n|move|p1a: WetA55Pu55y|Calm Mind|p1a: WetA55Pu55y\n|-boost|p1a: WetA55Pu55y|spa|1\n|-boost|p1a: WetA55Pu55y|spd|1\n|move|p2a: Ninetales|Heat Wave|p1a: WetA55Pu55y|[spread] p1b\n|-miss|p2a: Ninetales|p1a: WetA55Pu55y\n|-resisted|p1b: Deppresso\n|-damage|p1b: Deppresso|69\/100\n|move|p2b: Ribombee|Dazzling Gleam|p1a: WetA55Pu55y|[spread] p1a,p1b\n|-damage|p1a: WetA55Pu55y|74\/100\n|-damage|p1b: Deppresso|52\/100\n|\n|-weather|SunnyDay|[upkeep]\n|-heal|p1a: WetA55Pu55y|80\/100|[from] item: Leftovers\n|upkeep\n|turn|3\n|\n|t:|1699908105\n|move|p1b: Deppresso|Acid Spray|p2b: Ribombee\n|-supereffective|p2b: Ribombee\n|-damage|p2b: Ribombee|13\/100\n|move|p1a: WetA55Pu55y|Calm Mind|p1a: WetA55Pu55y\n|-boost|p1a: WetA55Pu55y|spa|1\n|-boost|p1a: WetA55Pu55y|spd|1\n|move|p2a: Ninetales|Solar Beam||[still]\n|-prepare|p2a: Ninetales|Solar Beam\n|-anim|p2a: Ninetales|Solar Beam|p1b: Deppresso\n|-ability|p1b: Deppresso|Sap Sipper|boost\n|-boost|p1b: Deppresso|atk|1\n|move|p2b: Ribombee|Dazzling Gleam|p1b: Deppresso|[spread] p1a,p1b\n|-damage|p1a: WetA55Pu55y|71\/100\n|-damage|p1b: Deppresso|35\/100\n|\n|-weather|SunnyDay|[upkeep]\n|-heal|p1a: WetA55Pu55y|77\/100|[from] item: Leftovers\n|upkeep\n|turn|4\n|\n|t:|1699908128\n|move|p1b: Deppresso|Chilling Water|p2a: Ninetales\n|-supereffective|p2a: Ninetales\n|-damage|p2a: Ninetales|70\/100\n|-unboost|p2a: Ninetales|atk|1\n|move|p1a: WetA55Pu55y|Dazzling Gleam|p2a: Ninetales|[spread] p2a,p2b\n|-resisted|p2a: Ninetales\n|-damage|p2a: Ninetales|60\/100\n|-damage|p2b: Ribombee|0 fnt\n|faint|p2b: Ribombee\n|move|p2a: Ninetales|Heat Wave|p1a: WetA55Pu55y|[spread] p1a,p1b\n|-resisted|p1b: Deppresso\n|-damage|p1a: WetA55Pu55y|68\/100\n|-damage|p1b: Deppresso|24\/100\n|-status|p1a: WetA55Pu55y|brn\n|-enditem|p1b: Deppresso|Iapapa Berry|[eat]\n|-heal|p1b: Deppresso|57\/100|[from] item: Iapapa Berry\n|\n|-weather|SunnyDay|[upkeep]\n|-heal|p1a: WetA55Pu55y|74\/100 brn|[from] item: Leftovers\n|-damage|p1a: WetA55Pu55y|68\/100 brn|[from] brn\n|-sideend|p2: Dionaeamuscipul|move: Tailwind\n|upkeep\n|\n|t:|1699908153\n|switch|p2b: Politoed|Politoed, F|100\/100\n|-weather|RainDance|[from] ability: Drizzle|[of] p2b: Politoed\n|-end|p1a: WetA55Pu55y|Protosynthesis\n|turn|5\n|\n|t:|1699908170\n|move|p2a: Ninetales|Protect|p2a: Ninetales\n|-singleturn|p2a: Ninetales|Protect\n|move|p1b: Deppresso|Chilling Water|p2a: Ninetales\n|-activate|p2a: Ninetales|move: Protect\n|move|p2b: Politoed|Liquidation|p1a: WetA55Pu55y\n|-damage|p1a: WetA55Pu55y|37\/100 brn\n|move|p1a: WetA55Pu55y|Dazzling Gleam|p2a: Ninetales|[spread] p2b\n|-activate|p2a: Ninetales|move: Protect\n|-damage|p2b: Politoed|75\/100\n|\n|-weather|RainDance|[upkeep]\n|-heal|p1a: WetA55Pu55y|43\/100 brn|[from] item: Leftovers\n|-damage|p1a: WetA55Pu55y|37\/100 brn|[from] brn\n|-fieldend|move: Trick Room\n|upkeep\n|turn|6\n|\n|t:|1699908192\n|move|p2a: Ninetales|Will-O-Wisp|p1b: Deppresso\n|-status|p1b: Deppresso|brn\n|move|p1a: WetA55Pu55y|Baton Pass|p1a: WetA55Pu55y\n|\n|t:|1699908197\n|-end|p1a: WetA55Pu55y|Protosynthesis|[silent]\n|switch|p1a: sizza|Slowbro, M, shiny|100\/100|[from] Baton Pass\n|move|p2b: Politoed|Liquidation|p1a: sizza\n|-resisted|p1a: sizza\n|-damage|p1a: sizza|78\/100\n|move|p1b: Deppresso|Chilling Water|p2a: Ninetales\n|-supereffective|p2a: Ninetales\n|-damage|p2a: Ninetales|2\/100\n|-unboost|p2a: Ninetales|atk|1\n|\n|-weather|RainDance|[upkeep]\n|-damage|p1b: Deppresso|51\/100 brn|[from] brn\n|upkeep\n|turn|7\n|\n|t:|1699908237\n|-terastallize|p2b: Politoed|Water\n|move|p2a: Ninetales|Solar Beam||[still]\n|-prepare|p2a: Ninetales|Solar Beam\n|move|p2b: Politoed|Liquidation|p1a: sizza\n|-resisted|p1a: sizza\n|-damage|p1a: sizza|48\/100\n|move|p1b: Deppresso|Chilling Water|p2a: Ninetales\n|-supereffective|p2a: Ninetales\n|-damage|p2a: Ninetales|0 fnt\n|faint|p2a: Ninetales\n|move|p1a: sizza|Ice Beam|p2b: Politoed\n|-resisted|p2b: Politoed\n|-damage|p2b: Politoed|51\/100\n|\n|-weather|RainDance|[upkeep]\n|-damage|p1b: Deppresso|45\/100 brn|[from] brn\n|upkeep\n|\n|t:|1699908253\n|switch|p2a: Grafaiai|Grafaiai, M|100\/100\n|turn|8\n|\n|t:|1699908270\n|move|p2a: Grafaiai|Encore|p1a: sizza\n|-start|p1a: sizza|Encore\n|move|p2b: Politoed|Liquidation|p1b: Deppresso\n|-resisted|p1b: Deppresso\n|-damage|p1b: Deppresso|17\/100 brn\n|move|p1b: Deppresso|Acid Spray|p2a: Grafaiai\n|-resisted|p2a: Grafaiai\n|-damage|p2a: Grafaiai|93\/100\n|-unboost|p2a: Grafaiai|spd|2\n|move|p1a: sizza|Ice Beam|p2b: Politoed\n|-resisted|p2b: Politoed\n|-damage|p2b: Politoed|26\/100\n|\n|-weather|RainDance|[upkeep]\n|-damage|p1b: Deppresso|11\/100 brn|[from] brn\n|upkeep\n|turn|9\n|\n|t:|1699908299\n|move|p2a: Grafaiai|Encore|p1b: Deppresso\n|-start|p1b: Deppresso|Encore\n|move|p2b: Politoed|Liquidation|p1a: sizza\n|-resisted|p1a: sizza\n|-damage|p1a: sizza|17\/100\n|-enditem|p1a: sizza|Aguav Berry|[eat]\n|-heal|p1a: sizza|50\/100|[from] item: Aguav Berry\n|move|p1b: Deppresso|Acid Spray|p2a: Grafaiai\n|-resisted|p2a: Grafaiai\n|-damage|p2a: Grafaiai|76\/100\n|-unboost|p2a: Grafaiai|spd|2\n|move|p1a: sizza|Ice Beam|p2b: Politoed\n|-resisted|p2b: Politoed\n|-damage|p2b: Politoed|3\/100\n|\n|-weather|RainDance|[upkeep]\n|-damage|p1b: Deppresso|5\/100 brn|[from] brn\n|upkeep\n|turn|10\n|\n|t:|1699908327\n|switch|p1a: WetA55Pu55y|Scream Tail|37\/100 brn\n|move|p2a: Grafaiai|Acid Spray|p1b: Deppresso\n|-damage|p1b: Deppresso|0 fnt\n|faint|p1b: Deppresso\n|move|p2b: Politoed|Liquidation|p1a: WetA55Pu55y\n|-damage|p1a: WetA55Pu55y|0 fnt\n|faint|p1a: WetA55Pu55y\n|-end|p1a: WetA55Pu55y|Protosynthesis|[silent]\n|\n|-weather|RainDance|[upkeep]\n|upkeep\n|\n|t:|1699908339\n|switch|p1a: espresso|Sinistcha|100\/100\n|switch|p1b: sizza|Slowbro, M, shiny|83\/100\n|-heal|p1b: sizza|100\/100|[from] ability: Hospitality|[of] p1a: espresso\n|turn|11\n|\n|t:|1699908353\n|move|p2a: Grafaiai|Super Fang|p1b: sizza\n|-damage|p1b: sizza|50\/100\n|move|p2b: Politoed|Liquidation|p1b: sizza\n|-resisted|p1b: sizza\n|-damage|p1b: sizza|18\/100\n|move|p1b: sizza|Ice Beam|p2a: Grafaiai\n|-damage|p2a: Grafaiai|0 fnt\n|faint|p2a: Grafaiai\n|move|p1a: espresso|Trick Room|p1a: espresso\n|-fieldstart|move: Trick Room|[of] p1a: espresso\n|\n|-weather|RainDance|[upkeep]\n|upkeep\n|\n|t:|1699908367\n|switch|p2a: Shiftry|Shiftry, F|100\/100\n|turn|12\n|\n|t:|1699908377\n|move|p1a: espresso|Rage Powder|p1a: espresso\n|-singleturn|p1a: espresso|move: Rage Powder\n|move|p1b: sizza|Ice Beam|p2a: Shiftry\n|-supereffective|p2a: Shiftry\n|-damage|p2a: Shiftry|25\/100\n|move|p2b: Politoed|Liquidation|p1a: espresso\n|-resisted|p1a: espresso\n|-crit|p1a: espresso\n|-damage|p1a: espresso|43\/100\n|move|p2a: Shiftry|Hurricane|p1a: espresso\n|-supereffective|p1a: espresso\n|-damage|p1a: espresso|0 fnt\n|faint|p1a: espresso\n|-damage|p2a: Shiftry|15\/100|[from] item: Life Orb\n|\n|-weather|none\n|upkeep\n|\n|t:|1699908394\n|switch|p1a: Toph|Clodsire, F|100\/100\n|turn|13\n|\n|t:|1699908409\n|move|p1a: Toph|Rock Slide|p2b: Politoed|[spread] p2a,p2b\n|-crit|p2a: Shiftry\n|-damage|p2a: Shiftry|0 fnt\n|-damage|p2b: Politoed|0 fnt\n|faint|p2a: Shiftry\n|faint|p2b: Politoed\n|-damage|p1a: Toph|91\/100|[from] item: Life Orb\n|move|p1b: sizza|Ice Beam|p2: Shiftry|[notarget]\n|-fail|p1b: sizza\n|\n|upkeep\n|c|\u2606rando teams 7203|gg\n|\n|t:|1699908423\n|switch|p2b: Charizard|Charizard, F, shiny|100\/100\n|turn|14\n|\n|t:|1699908433\n|move|p1a: Toph|Rock Slide|p2b: Charizard\n|-supereffective|p2b: Charizard\n|-damage|p2b: Charizard|0 fnt\n|faint|p2b: Charizard\n|-damage|p1a: Toph|81\/100|[from] item: Life Orb\n|\n|win|rando teams 7203\n|raw|rando teams 7203's rating: 1070 &rarr; <strong>1101<\/strong><br \/>(+31 for winning)\n|raw|Dionaeamuscipul's rating: 1091 &rarr; <strong>1066<\/strong><br \/>(-25 for losing)\n","uploadtime":1699908443,"views":6,"p1id":"randoteams7203","p2id":"dionaeamuscipul","formatid":"gen9doublesou","rating":1066,"private":0,"password":""}