{"id":"gen9doublesou-1984743927","p1":"Gen fiverrr","p2":"flitxry","format":"[Gen 9] Doubles OU","log":"|j|\u2606Gen fiverrr\n|j|\u2606flitxry\n|t:|1699295457\n|gametype|doubles\n|player|p1|Gen fiverrr|alder|1074\n|player|p2|flitxry|alder|1048\n|teamsize|p1|6\n|teamsize|p2|6\n|gen|9\n|tier|[Gen 9] Doubles OU\n|rated|\n|rule|Species Clause: Limit one of each Pok\u00e9mon\n|rule|OHKO Clause: OHKO moves are banned\n|rule|Evasion Moves Clause: Evasion moves are banned\n|rule|Gravity Sleep Clause: The combination of sleep-inducing moves with imperfect accuracy and Gravity or Gigantamax Orbeetle are banned\n|rule|Endless Battle Clause: Forcing endless battles is banned\n|rule|HP Percentage Mod: HP is shown in percentages\n|clearpoke\n|poke|p1|Stantler, F|\n|poke|p1|Articuno-Galar|\n|poke|p1|Sylveon, M|\n|poke|p1|Grimmsnarl, M|\n|poke|p1|Kleavor, F|\n|poke|p1|Forretress, F|\n|poke|p2|Ceruledge, M|\n|poke|p2|Empoleon, M|\n|poke|p2|Sinistcha-Masterpiece|\n|poke|p2|Clefairy, M|\n|poke|p2|Arcanine-Hisui, F|\n|poke|p2|Corviknight, M|\n|teampreview\n|inactive|Battle timer is ON: inactive players will automatically lose when time's up. (requested by Gen fiverrr)\n|\n|t:|1699295480\n|start\n|switch|p1a: Kleavor|Kleavor, F|100\/100\n|switch|p1b: Grimmsnarl|Grimmsnarl, M|100\/100\n|switch|p2a: Clefairy|Clefairy, M, shiny|100\/100\n|switch|p2b: Ceruledge|Ceruledge, M|100\/100\n|turn|1\n|\n|t:|1699295500\n|move|p1b: Grimmsnarl|Fake Out|p2a: Clefairy\n|-damage|p2a: Clefairy|91\/100\n|cant|p2a: Clefairy|flinch\n|move|p1a: Kleavor|Stone Axe|p2b: Ceruledge\n|-supereffective|p2b: Ceruledge\n|-damage|p2b: Ceruledge|3\/100\n|-sidestart|p2: flitxry|move: Stealth Rock\n|move|p2b: Ceruledge|Bitter Blade|p1a: Kleavor\n|-damage|p1a: Kleavor|40\/100\n|-heal|p2b: Ceruledge|32\/100|[from] drain|[of] p1a: Kleavor\n|\n|upkeep\n|turn|2\n|\n|t:|1699295522\n|switch|p2b: Empoleon|Empoleon, M, shiny|100\/100\n|-damage|p2b: Empoleon|94\/100|[from] Stealth Rock\n|move|p2a: Clefairy|Protect|p2a: Clefairy\n|-singleturn|p2a: Clefairy|Protect\n|move|p1b: Grimmsnarl|Taunt|p2a: Clefairy\n|-activate|p2a: Clefairy|move: Protect\n|move|p1a: Kleavor|Stone Axe|p2b: Empoleon\n|-resisted|p2b: Empoleon\n|-damage|p2b: Empoleon|72\/100\n|\n|-heal|p2b: Empoleon|78\/100|[from] item: Leftovers\n|upkeep\n|turn|3\n|\n|t:|1699295546\n|switch|p1a: Forretress|Forretress, F|100\/100\n|move|p1b: Grimmsnarl|Reflect|p1b: Grimmsnarl\n|-sidestart|p1: Gen fiverrr|Reflect\n|move|p2b: Empoleon|Hydro Pump|p1a: Forretress\n|-damage|p1a: Forretress|16\/100\n|-enditem|p1a: Forretress|Iapapa Berry|[eat]\n|-heal|p1a: Forretress|49\/100|[from] item: Iapapa Berry\n|move|p2a: Clefairy|Knock Off|p1b: Grimmsnarl\n|-resisted|p1b: Grimmsnarl\n|-damage|p1b: Grimmsnarl|98\/100\n|-enditem|p1b: Grimmsnarl|Red Card|[from] move: Knock Off|[of] p2a: Clefairy\n|\n|-heal|p2b: Empoleon|84\/100|[from] item: Leftovers\n|upkeep\n|turn|4\n|\n|t:|1699295570\n|move|p2a: Clefairy|Protect|p2a: Clefairy\n|-singleturn|p2a: Clefairy|Protect\n|move|p1b: Grimmsnarl|Taunt|p2a: Clefairy\n|-activate|p2a: Clefairy|move: Protect\n|move|p2b: Empoleon|Hydro Pump|p1a: Forretress\n|-damage|p1a: Forretress|0 fnt\n|faint|p1a: Forretress\n|\n|-heal|p2b: Empoleon|90\/100|[from] item: Leftovers\n|upkeep\n|\n|t:|1699295582\n|switch|p1a: Sylveon|Sylveon, M|100\/100\n|turn|5\n|\n|t:|1699295598\n|move|p1b: Grimmsnarl|Parting Shot|p2a: Clefairy\n|-unboost|p2a: Clefairy|atk|1\n|-unboost|p2a: Clefairy|spa|1\n|\n|t:|1699295603\n|switch|p1b: Articuno|Articuno-Galar|100\/100|[from] Parting Shot\n|move|p1a: Sylveon|Hyper Voice|p2b: Empoleon|[spread] p2a,p2b\n|-resisted|p2b: Empoleon\n|-damage|p2a: Clefairy|55\/100\n|-damage|p2b: Empoleon|75\/100\n|move|p2b: Empoleon|Yawn|p1a: Sylveon\n|-start|p1a: Sylveon|move: Yawn|[of] p2b: Empoleon\n|move|p2a: Clefairy|Knock Off|p1a: Sylveon\n|-resisted|p1a: Sylveon\n|-damage|p1a: Sylveon|97\/100\n|-enditem|p1a: Sylveon|Leftovers|[from] move: Knock Off|[of] p2a: Clefairy\n|\n|-heal|p2b: Empoleon|82\/100|[from] item: Leftovers\n|upkeep\n|turn|6\n|\n|t:|1699295622\n|switch|p1a: Stantler|Stantler, F|100\/100\n|-ability|p1a: Stantler|Intimidate|boost\n|-unboost|p2a: Clefairy|atk|1\n|-unboost|p2b: Empoleon|atk|1\n|-ability|p2b: Empoleon|Competitive|boost\n|-boost|p2b: Empoleon|spa|2\n|switch|p2b: Corviknight|Corviknight, M|100\/100\n|-damage|p2b: Corviknight|88\/100|[from] Stealth Rock\n|move|p1b: Articuno|Protect|p1b: Articuno\n|-singleturn|p1b: Articuno|Protect\n|move|p2a: Clefairy|Knock Off|p1b: Articuno\n|-activate|p1b: Articuno|move: Protect\n|\n|-heal|p2b: Corviknight|94\/100|[from] item: Leftovers\n|upkeep\n|turn|7\n|\n|t:|1699295644\n|switch|p2a: Arcanine|Arcanine-Hisui, F, shiny|100\/100\n|-damage|p2a: Arcanine|75\/100|[from] Stealth Rock\n|-ability|p2a: Arcanine|Intimidate|boost\n|-unboost|p1a: Stantler|atk|1\n|-unboost|p1b: Articuno|atk|1\n|-ability|p1b: Articuno|Competitive|boost\n|-boost|p1b: Articuno|spa|2\n|-enditem|p1b: Articuno|Adrenaline Orb\n|-boost|p1b: Articuno|spe|1|[from] item: Adrenaline Orb\n|-terastallize|p1b: Articuno|Psychic\n|move|p1b: Articuno|Freezing Glare|p2b: Corviknight\n|-resisted|p2b: Corviknight\n|-damage|p2b: Corviknight|29\/100\n|move|p1a: Stantler|Skill Swap|p2a: Arcanine\n|-activate|p1a: Stantler|move: Skill Swap|Intimidate|Intimidate|[of] p2a: Arcanine\n|-ability|p1a: Stantler|Intimidate|boost\n|-unboost|p2a: Arcanine|atk|1\n|-ability|p2b: Corviknight|Mirror Armor\n|-unboost|p1a: Stantler|atk|1\n|-ability|p2a: Arcanine|Intimidate|boost\n|-unboost|p1a: Stantler|atk|1\n|-unboost|p1b: Articuno|atk|1\n|-ability|p1b: Articuno|Competitive|boost\n|-boost|p1b: Articuno|spa|2\n|move|p2b: Corviknight|Brave Bird|p1b: Articuno\n|-damage|p1b: Articuno|61\/100\n|-damage|p2b: Corviknight|17\/100|[from] Recoil\n|\n|-heal|p2b: Corviknight|23\/100|[from] item: Leftovers\n|-sideend|p1: Gen fiverrr|Reflect\n|upkeep\n|turn|8\n|inactive|Gen fiverrr has 120 seconds left.\n|inactive|flitxry has 120 seconds left.\n|\n|t:|1699295686\n|switch|p2b: Clefairy|Clefairy, M, shiny|55\/100\n|-damage|p2b: Clefairy|42\/100|[from] Stealth Rock\n|move|p1b: Articuno|Protect|p1b: Articuno\n|-singleturn|p1b: Articuno|Protect\n|move|p2a: Arcanine|Extreme Speed|p1b: Articuno\n|-activate|p1b: Articuno|move: Protect\n|move|p1a: Stantler|Roar|p2a: Arcanine\n|drag|p2a: Corviknight|Corviknight, M|23\/100\n|-damage|p2a: Corviknight|11\/100|[from] Stealth Rock\n|\n|-heal|p2a: Corviknight|17\/100|[from] item: Leftovers\n|upkeep\n|turn|9\n|inactive|Gen fiverrr has 120 seconds left.\n|inactive|flitxry has 120 seconds left.\n|\n|t:|1699295706\n|switch|p2a: Empoleon|Empoleon, M, shiny|82\/100\n|-damage|p2a: Empoleon|75\/100|[from] Stealth Rock\n|move|p1b: Articuno|Hyper Voice|p2a: Empoleon|[spread] p2a,p2b\n|-resisted|p2a: Empoleon\n|-damage|p2a: Empoleon|53\/100\n|-damage|p2b: Clefairy|0 fnt\n|faint|p2b: Clefairy\n|move|p1a: Stantler|Thunder Wave|p2a: Empoleon\n|-status|p2a: Empoleon|par\n|\n|-heal|p2a: Empoleon|59\/100 par|[from] item: Leftovers\n|upkeep\n|inactive|flitxry has 120 seconds left.\n|\n|t:|1699295718\n|switch|p2b: Ceruledge|Ceruledge, M|32\/100\n|turn|10\n|\n|t:|1699295727\n|move|p2b: Ceruledge|Protect|p2b: Ceruledge\n|-singleturn|p2b: Ceruledge|Protect\n|move|p1b: Articuno|Freezing Glare|p2a: Empoleon\n|-resisted|p2a: Empoleon\n|-damage|p2a: Empoleon|0 fnt\n|faint|p2a: Empoleon\n|move|p1a: Stantler|Skill Swap|p2b: Ceruledge\n|-activate|p2b: Ceruledge|move: Protect\n|\n|upkeep\n|\n|t:|1699295735\n|switch|p2a: Sinistcha|Sinistcha-Masterpiece|100\/100\n|-damage|p2a: Sinistcha|88\/100|[from] Stealth Rock\n|-heal|p2b: Ceruledge|57\/100|[from] ability: Hospitality|[of] p2a: Sinistcha\n|turn|11\n|\n|t:|1699295746\n|switch|p2b: Arcanine|Arcanine-Hisui, F, shiny|75\/100\n|-damage|p2b: Arcanine|50\/100|[from] Stealth Rock\n|-ability|p2b: Arcanine|Intimidate|boost\n|-unboost|p1a: Stantler|atk|1\n|-unboost|p1b: Articuno|atk|1\n|-ability|p1b: Articuno|Competitive|boost\n|-boost|p1b: Articuno|spa|2\n|-enditem|p2b: Arcanine|Sitrus Berry|[eat]\n|-heal|p2b: Arcanine|75\/100|[from] item: Sitrus Berry\n|-terastallize|p2a: Sinistcha|Water\n|move|p1b: Articuno|Freezing Glare|p2b: Arcanine\n|-damage|p2b: Arcanine|0 fnt\n|faint|p2b: Arcanine\n|move|p1a: Stantler|Skill Swap|p2a: Sinistcha\n|-activate|p1a: Stantler|move: Skill Swap|Hospitality|Intimidate|[of] p2a: Sinistcha\n|-heal|p1b: Articuno|86\/100|[from] ability: Hospitality|[of] p1a: Stantler\n|-ability|p2a: Sinistcha|Intimidate|boost\n|-unboost|p1a: Stantler|atk|1\n|-unboost|p1b: Articuno|atk|1\n|-boost|p1b: Articuno|spa|0\n|move|p2a: Sinistcha|Shadow Ball|p1b: Articuno\n|-supereffective|p1b: Articuno\n|-damage|p1b: Articuno|9\/100\n|-unboost|p1b: Articuno|spd|1\n|-boost|p1b: Articuno|spa|0\n|\n|-heal|p2a: Sinistcha|94\/100|[from] item: Leftovers\n|upkeep\n|\n|t:|1699295774\n|switch|p2b: Ceruledge|Ceruledge, M|57\/100\n|turn|12\n|c|\u2606Gen fiverrr|GAMING\n|\n|t:|1699295785\n|move|p1b: Articuno|Air Cutter|p2a: Sinistcha|[spread] p2a,p2b\n|-damage|p2a: Sinistcha|0 fnt\n|-damage|p2b: Ceruledge|0 fnt\n|faint|p2a: Sinistcha\n|faint|p2b: Ceruledge\n|move|p1a: Stantler|Roar|p2: Sinistcha|[notarget]\n|-fail|p1a: Stantler\n|\n|upkeep\n|\n|t:|1699295797\n|switch|p2b: Corviknight|Corviknight, M|17\/100\n|-damage|p2b: Corviknight|5\/100|[from] Stealth Rock\n|turn|13\n|\n|t:|1699295803\n|move|p1b: Articuno|Protect|p1b: Articuno\n|-singleturn|p1b: Articuno|Protect\n|move|p1a: Stantler|Body Slam|p2b: Corviknight\n|-resisted|p2b: Corviknight\n|-damage|p2b: Corviknight|1\/100\n|move|p2b: Corviknight|U-turn|p1b: Articuno\n|-activate|p1b: Articuno|move: Protect\n|\n|-heal|p2b: Corviknight|7\/100|[from] item: Leftovers\n|upkeep\n|turn|14\n|\n|t:|1699295832\n|move|p1b: Articuno|Freezing Glare|p2b: Corviknight\n|-resisted|p2b: Corviknight\n|-damage|p2b: Corviknight|0 fnt\n|faint|p2b: Corviknight\n|\n|win|Gen fiverrr\n|raw|Gen fiverrr's rating: 1074 &rarr; <strong>1101<\/strong><br \/>(+27 for winning)\n|raw|flitxry's rating: 1048 &rarr; <strong>1032<\/strong><br \/>(-16 for losing)\n|l|\u2606flitxry\n","uploadtime":1699296029,"views":16,"p1id":"genfiverrr","p2id":"flitxry","formatid":"gen9doublesou","rating":1032,"private":0,"password":""}