{"id":"gen9doublesou-1997332467","p1":"Yuri134","p2":"kanako-kun","format":"[Gen 9] Doubles OU","log":"|j|\u2606Yuri134\n|j|\u2606kanako-kun\n|inactive|Battle timer is ON: inactive players will automatically lose when time's up.\n|t:|1700790522\n|gametype|doubles\n|player|p1|Yuri134|volkner|\n|player|p2|kanako-kun|proton|\n|teamsize|p1|2\n|teamsize|p2|2\n|gen|9\n|tier|[Gen 9] Doubles OU\n|rated|Tournament battle\n|rule|Species Clause: Limit one of each Pok\u00e9mon\n|rule|OHKO Clause: OHKO moves are banned\n|rule|Evasion Moves Clause: Evasion moves are banned\n|rule|Gravity Sleep Clause: The combination of sleep-inducing moves with imperfect accuracy and Gravity or Gigantamax Orbeetle are banned\n|rule|Endless Battle Clause: Forcing endless battles is banned\n|rule|HP Percentage Mod: HP is shown in percentages\n|clearpoke\n|poke|p1|Bronzong|\n|poke|p1|Poliwrath, M|\n|poke|p2|Amoonguss, M|\n|poke|p2|Slowking-Galar, F|\n|teampreview\n|j|*Lady Monita \u2746\n|\n|t:|1700790527\n|start\n|switch|p1a: Bronzong|Bronzong, shiny|100\/100\n|switch|p1b: Poliwrath|Poliwrath, M, shiny|100\/100\n|switch|p2a: Amoonguss|Amoonguss, M|100\/100\n|switch|p2b: Slowking|Slowking-Galar, F|100\/100\n|turn|1\n|c|\u2606Yuri134|glhf\n|c|\u2606kanako-kun|u2\n|\n|t:|1700790544\n|move|p1b: Poliwrath|Rain Dance|p1b: Poliwrath\n|-weather|RainDance\n|move|p1a: Bronzong|Calm Mind|p1a: Bronzong\n|-boost|p1a: Bronzong|spa|1\n|-boost|p1a: Bronzong|spd|1\n|move|p2b: Slowking|Psyshock|p1b: Poliwrath\n|-supereffective|p1b: Poliwrath\n|-damage|p1b: Poliwrath|0 fnt\n|faint|p1b: Poliwrath\n|-damage|p2b: Slowking|91\/100|[from] item: Life Orb\n|move|p2a: Amoonguss|Spore|p1a: Bronzong\n|-status|p1a: Bronzong|slp|[from] move: Spore\n|\n|-weather|RainDance|[upkeep]\n|upkeep\n|turn|2\n|\n|t:|1700790559\n|cant|p1a: Bronzong|slp\n|move|p2b: Slowking|Psyshock|p1a: Bronzong\n|-resisted|p1a: Bronzong\n|-damage|p1a: Bronzong|90\/100 slp\n|-damage|p2b: Slowking|81\/100|[from] item: Life Orb\n|move|p2a: Amoonguss|Pollen Puff|p1a: Bronzong\n|-damage|p1a: Bronzong|80\/100 slp\n|\n|-weather|RainDance|[upkeep]\n|-heal|p1a: Bronzong|86\/100 slp|[from] item: Leftovers\n|upkeep\n|turn|3\n|j| Im dumb srly\n|\n|t:|1700790587\n|cant|p1a: Bronzong|slp\n|move|p2b: Slowking|Psyshock|p1a: Bronzong\n|-resisted|p1a: Bronzong\n|-damage|p1a: Bronzong|77\/100 slp\n|-damage|p2b: Slowking|71\/100|[from] item: Life Orb\n|move|p2a: Amoonguss|Pollen Puff|p1a: Bronzong\n|-damage|p1a: Bronzong|67\/100 slp\n|\n|-weather|RainDance|[upkeep]\n|-heal|p1a: Bronzong|73\/100 slp|[from] item: Leftovers\n|upkeep\n|turn|4\n|\n|t:|1700790600\n|move|p2a: Amoonguss|Protect|p2a: Amoonguss\n|-singleturn|p2a: Amoonguss|Protect\n|cant|p1a: Bronzong|slp\n|move|p2b: Slowking|Trick Room|p2b: Slowking\n|-fieldstart|move: Trick Room|[of] p2b: Slowking\n|\n|-weather|RainDance|[upkeep]\n|-heal|p1a: Bronzong|79\/100 slp|[from] item: Leftovers\n|upkeep\n|turn|5\n|\n|t:|1700790612\n|-terastallize|p2a: Amoonguss|Water\n|move|p2a: Amoonguss|Pollen Puff|p1a: Bronzong\n|-damage|p1a: Bronzong|69\/100 slp\n|move|p2b: Slowking|Psyshock|p1a: Bronzong\n|-resisted|p1a: Bronzong\n|-damage|p1a: Bronzong|59\/100 slp\n|-damage|p2b: Slowking|61\/100|[from] item: Life Orb\n|-curestatus|p1a: Bronzong|slp|[msg]\n|move|p1a: Bronzong|Calm Mind|p1a: Bronzong\n|-boost|p1a: Bronzong|spa|1\n|-boost|p1a: Bronzong|spd|1\n|\n|-weather|none\n|-heal|p1a: Bronzong|65\/100|[from] item: Leftovers\n|upkeep\n|turn|6\n|\n|t:|1700790628\n|move|p1a: Bronzong|Protect|p1a: Bronzong\n|-singleturn|p1a: Bronzong|Protect\n|move|p2a: Amoonguss|Spore|p1a: Bronzong\n|-activate|p1a: Bronzong|move: Protect\n|move|p2b: Slowking|Psyshock|p1a: Bronzong\n|-activate|p1a: Bronzong|move: Protect\n|\n|-heal|p1a: Bronzong|71\/100|[from] item: Leftovers\n|upkeep\n|turn|7\n|\n|t:|1700790641\n|move|p2b: Slowking|Psyshock|p1a: Bronzong\n|-resisted|p1a: Bronzong\n|-damage|p1a: Bronzong|60\/100\n|-damage|p2b: Slowking|51\/100|[from] item: Life Orb\n|move|p2a: Amoonguss|Spore|p1a: Bronzong\n|-status|p1a: Bronzong|slp|[from] move: Spore\n|cant|p1a: Bronzong|slp\n|\n|-heal|p1a: Bronzong|66\/100 slp|[from] item: Leftovers\n|upkeep\n|turn|8\n|\n|t:|1700790652\n|-curestatus|p1a: Bronzong|slp|[msg]\n|move|p1a: Bronzong|Protect|p1a: Bronzong\n|-singleturn|p1a: Bronzong|Protect\n|move|p2a: Amoonguss|Pollen Puff|p1a: Bronzong\n|-activate|p1a: Bronzong|move: Protect\n|move|p2b: Slowking|Psyshock|p1a: Bronzong\n|-activate|p1a: Bronzong|move: Protect\n|\n|-heal|p1a: Bronzong|72\/100|[from] item: Leftovers\n|-fieldend|move: Trick Room\n|upkeep\n|turn|9\n|\n|t:|1700790668\n|move|p1a: Bronzong|Power Gem|p2b: Slowking\n|-damage|p2b: Slowking|24\/100\n|move|p2a: Amoonguss|Spore|p1a: Bronzong\n|-status|p1a: Bronzong|slp|[from] move: Spore\n|move|p2b: Slowking|Trick Room|p2b: Slowking\n|-fieldstart|move: Trick Room|[of] p2b: Slowking\n|\n|-heal|p1a: Bronzong|78\/100 slp|[from] item: Leftovers\n|upkeep\n|turn|10\n|\n|t:|1700790677\n|cant|p1a: Bronzong|slp\n|move|p2a: Amoonguss|Pollen Puff|p2b: Slowking\n|-heal|p2b: Slowking|74\/100\n|move|p2b: Slowking|Psyshock|p1a: Bronzong\n|-resisted|p1a: Bronzong\n|-damage|p1a: Bronzong|69\/100 slp\n|-damage|p2b: Slowking|64\/100|[from] item: Life Orb\n|\n|-heal|p1a: Bronzong|75\/100 slp|[from] item: Leftovers\n|upkeep\n|turn|11\n|\n|t:|1700790689\n|move|p2a: Amoonguss|Pollen Puff|p1a: Bronzong\n|-damage|p1a: Bronzong|67\/100 slp\n|move|p2b: Slowking|Psyshock|p1a: Bronzong\n|-resisted|p1a: Bronzong\n|-damage|p1a: Bronzong|57\/100 slp\n|-damage|p2b: Slowking|55\/100|[from] item: Life Orb\n|cant|p1a: Bronzong|slp\n|\n|-heal|p1a: Bronzong|63\/100 slp|[from] item: Leftovers\n|upkeep\n|turn|12\n|\n|t:|1700790702\n|move|p2a: Amoonguss|Pollen Puff|p1a: Bronzong\n|-damage|p1a: Bronzong|56\/100 slp\n|move|p2b: Slowking|Psyshock|p1a: Bronzong\n|-resisted|p1a: Bronzong\n|-damage|p1a: Bronzong|45\/100 slp\n|-damage|p2b: Slowking|45\/100|[from] item: Life Orb\n|cant|p1a: Bronzong|slp\n|\n|-heal|p1a: Bronzong|51\/100 slp|[from] item: Leftovers\n|upkeep\n|turn|13\n|\n|t:|1700790715\n|move|p2b: Slowking|Psyshock|p1a: Bronzong\n|-resisted|p1a: Bronzong\n|-damage|p1a: Bronzong|41\/100 slp\n|-damage|p2b: Slowking|35\/100|[from] item: Life Orb\n|move|p2a: Amoonguss|Pollen Puff|p1a: Bronzong\n|-damage|p1a: Bronzong|34\/100 slp\n|-curestatus|p1a: Bronzong|slp|[msg]\n|move|p1a: Bronzong|Calm Mind|p1a: Bronzong\n|-boost|p1a: Bronzong|spa|1\n|-boost|p1a: Bronzong|spd|1\n|\n|-heal|p1a: Bronzong|40\/100|[from] item: Leftovers\n|-fieldend|move: Trick Room\n|upkeep\n|turn|14\n|\n|t:|1700790740\n|move|p1a: Bronzong|Stored Power|p2b: Slowking\n|-damage|p2b: Slowking|0 fnt\n|faint|p2b: Slowking\n|move|p2a: Amoonguss|Spore|p1a: Bronzong\n|-status|p1a: Bronzong|slp|[from] move: Spore\n|\n|-heal|p1a: Bronzong|46\/100 slp|[from] item: Leftovers\n|upkeep\n|turn|15\n|inactive|Yuri134 has 120 seconds left.\n|\n|t:|1700790772\n|cant|p1a: Bronzong|slp\n|move|p2a: Amoonguss|Pollen Puff|p1a: Bronzong\n|-damage|p1a: Bronzong|40\/100 slp\n|\n|-heal|p1a: Bronzong|46\/100 slp|[from] item: Leftovers\n|upkeep\n|turn|16\n|\n|t:|1700790780\n|cant|p1a: Bronzong|slp\n|move|p2a: Amoonguss|Pollen Puff|p1a: Bronzong\n|-damage|p1a: Bronzong|40\/100 slp\n|\n|-heal|p1a: Bronzong|46\/100 slp|[from] item: Leftovers\n|upkeep\n|turn|17\n|\n|t:|1700790790\n|-curestatus|p1a: Bronzong|slp|[msg]\n|move|p1a: Bronzong|Calm Mind|p1a: Bronzong\n|-boost|p1a: Bronzong|spa|1\n|-boost|p1a: Bronzong|spd|1\n|move|p2a: Amoonguss|Pollen Puff|p1a: Bronzong\n|-damage|p1a: Bronzong|41\/100\n|\n|-heal|p1a: Bronzong|47\/100|[from] item: Leftovers\n|upkeep\n|turn|18\n|-message|kanako-kun forfeited.\n|\n|win|Yuri134\n|n|\u2606Yuri134|yuri134\n|n|\u2606kanako-kun|kanakokun\n|n|*Lady Monita \u2746|ladymonita\n|n| Im dumb srly|imdumbsrly\n","uploadtime":1700790798,"views":5,"p1id":"yuri134","p2id":"kanakokun","formatid":"gen9doublesou","rating":0,"private":0,"password":""}