{"id":"gen9doublesou-1973336029","p1":"Cubone is arceus","p2":"i am gamering","format":"[Gen 9] Doubles OU","log":"|j|\u2606Cubone is arceus\n|j|\u2606i am gamering\n|t:|1697956817\n|gametype|doubles\n|player|p1|Cubone is arceus|pokemaniac|1152\n|player|p2|i am gamering|battlegirl-gen4|1202\n|teamsize|p1|6\n|teamsize|p2|6\n|gen|9\n|tier|[Gen 9] Doubles OU\n|rated|\n|rule|Species Clause: Limit one of each Pok\u00e9mon\n|rule|OHKO Clause: OHKO moves are banned\n|rule|Evasion Moves Clause: Evasion moves are banned\n|rule|Gravity Sleep Clause: The combination of sleep-inducing moves with imperfect accuracy and Gravity or Gigantamax Orbeetle are banned\n|rule|Endless Battle Clause: Forcing endless battles is banned\n|rule|HP Percentage Mod: HP is shown in percentages\n|clearpoke\n|poke|p1|Milotic, F|\n|poke|p1|Landorus-Therian, M|\n|poke|p1|Rotom-Wash|\n|poke|p1|Dragonite, M|\n|poke|p1|Sandaconda, M|\n|poke|p1|Heatran, M|\n|poke|p2|Pelipper, M|\n|poke|p2|Manaphy|\n|poke|p2|Basculegion-F, F|\n|poke|p2|Barraskewda, M|\n|poke|p2|Zapdos|\n|poke|p2|Ogerpon-Wellspring, F|\n|teampreview\n|inactive|Battle timer is ON: inactive players will automatically lose when time's up. (requested by i am gamering)\n|c|\u2606i am gamering|glhf\n|inactive|Cubone is arceus has 120 seconds left.\n|\n|t:|1697956869\n|start\n|switch|p1a: Washer|Rotom-Wash, shiny|100\/100\n|switch|p1b: landiwandi|Landorus-Therian, M, shiny|100\/100\n|switch|p2a: Pelipper|Pelipper, M|100\/100\n|switch|p2b: Manaphy|Manaphy|100\/100\n|-ability|p1b: landiwandi|Intimidate|boost\n|-unboost|p2a: Pelipper|atk|1\n|-unboost|p2b: Manaphy|atk|1\n|-weather|RainDance|[from] ability: Drizzle|[of] p2a: Pelipper\n|turn|1\n|\n|t:|1697956889\n|move|p2a: Pelipper|Wide Guard|p2a: Pelipper\n|-singleturn|p2a: Pelipper|Wide Guard\n|move|p2b: Manaphy|Tail Glow|p2b: Manaphy\n|-boost|p2b: Manaphy|spa|3\n|move|p1a: Washer|Nasty Plot|p1a: Washer\n|-boost|p1a: Washer|spa|2\n|move|p1b: landiwandi|Stone Edge|p2a: Pelipper\n|-supereffective|p2a: Pelipper\n|-damage|p2a: Pelipper|45\/100\n|\n|-weather|RainDance|[upkeep]\n|upkeep\n|turn|2\n|\n|t:|1697956913\n|move|p2a: Pelipper|Wide Guard|p2a: Pelipper\n|-singleturn|p2a: Pelipper|Wide Guard\n|move|p2b: Manaphy|Surf|p1a: Washer|[spread] p1a,p1b\n|-activate|p2a: Pelipper|move: Wide Guard\n|-resisted|p1a: Washer\n|-supereffective|p1b: landiwandi\n|-damage|p1a: Washer|5\/100\n|-damage|p1b: landiwandi|0 fnt\n|faint|p1b: landiwandi\n|-damage|p2b: Manaphy|91\/100|[from] item: Life Orb\n|move|p1a: Washer|Discharge|p2b: Manaphy|[spread] \n|-activate|p2a: Pelipper|move: Wide Guard\n|-activate|p2b: Manaphy|move: Wide Guard\n|\n|-weather|RainDance|[upkeep]\n|-heal|p1a: Washer|11\/100|[from] item: Leftovers\n|upkeep\n|inactive|Cubone is arceus has 120 seconds left.\n|\n|t:|1697956935\n|switch|p1b: Mili|Milotic, F, shiny|100\/100\n|turn|3\n|\n|t:|1697956955\n|move|p2b: Manaphy|Surf|p1a: Washer|[spread] p2a,p1a,p1b\n|-resisted|p2a: Pelipper\n|-resisted|p1a: Washer\n|-resisted|p1b: Mili\n|-damage|p2a: Pelipper|0 fnt\n|-damage|p1a: Washer|0 fnt\n|-damage|p1b: Mili|67\/100\n|faint|p2a: Pelipper\n|faint|p1a: Washer\n|-damage|p2b: Manaphy|81\/100|[from] item: Life Orb\n|move|p1b: Mili|Draining Kiss|p2b: Manaphy\n|-damage|p2b: Manaphy|69\/100\n|-heal|p1b: Mili|74\/100|[from] drain|[of] p2b: Manaphy\n|\n|-weather|RainDance|[upkeep]\n|upkeep\n|\n|t:|1697956975\n|switch|p1a: joe momma|Dragonite, M, shiny|100\/100\n|switch|p2a: Zapdos|Zapdos|100\/100\n|turn|4\n|\n|t:|1697956994\n|switch|p1b: Shotgun|Sandaconda, M, shiny|100\/100\n|-terastallize|p1a: joe momma|Steel\n|move|p2b: Manaphy|Ice Beam|p1a: joe momma\n|-resisted|p1a: joe momma\n|-damage|p1a: joe momma|55\/100\n|-damage|p2b: Manaphy|59\/100|[from] item: Life Orb\n|move|p1a: joe momma|Dragon Dance|p1a: joe momma\n|-boost|p1a: joe momma|atk|1\n|-boost|p1a: joe momma|spe|1\n|move|p2a: Zapdos|Tailwind|p2a: Zapdos\n|-sidestart|p2: i am gamering|move: Tailwind\n|\n|-weather|RainDance|[upkeep]\n|upkeep\n|turn|5\n|\n|t:|1697957018\n|move|p2b: Manaphy|Surf|p1b: Shotgun|[spread] p2a,p1a,p1b\n|-supereffective|p1b: Shotgun\n|-damage|p2a: Zapdos|0 fnt\n|-damage|p1a: joe momma|0 fnt\n|-damage|p1b: Shotgun|0 fnt\n|faint|p2a: Zapdos\n|faint|p1a: joe momma\n|faint|p1b: Shotgun\n|-damage|p2b: Manaphy|49\/100|[from] item: Life Orb\n|\n|-weather|RainDance|[upkeep]\n|upkeep\n|\n|t:|1697957033\n|switch|p1a: hi there|Heatran, M, shiny|100\/100\n|switch|p2a: Basculegion|Basculegion-F, F|100\/100\n|switch|p1b: Mili|Milotic, F, shiny|74\/100\n|-item|p1a: hi there|Air Balloon\n|turn|6\n|\n|t:|1697957056\n|move|p1a: hi there|Protect|p1a: hi there\n|-singleturn|p1a: hi there|Protect\n|move|p2a: Basculegion|Last Respects|p1b: Mili\n|-damage|p1b: Mili|4\/100\n|move|p2b: Manaphy|Surf|p1a: hi there|[spread] p2a,p1b\n|-activate|p1a: hi there|move: Protect\n|-resisted|p2a: Basculegion\n|-resisted|p1b: Mili\n|-damage|p2a: Basculegion|20\/100\n|-damage|p1b: Mili|0 fnt\n|faint|p1b: Mili\n|-damage|p2b: Manaphy|39\/100|[from] item: Life Orb\n|\n|-weather|RainDance|[upkeep]\n|upkeep\n|turn|7\n|\n|t:|1697957071\n|move|p2a: Basculegion|Last Respects|p1a: hi there\n|-damage|p1a: hi there|15\/100\n|-enditem|p1a: hi there|Air Balloon\n|move|p2b: Manaphy|Surf|p1a: hi there|[spread] p2a,p1a\n|-resisted|p2a: Basculegion\n|-supereffective|p1a: hi there\n|-damage|p2a: Basculegion|0 fnt\n|-damage|p1a: hi there|0 fnt\n|faint|p2a: Basculegion\n|faint|p1a: hi there\n|-damage|p2b: Manaphy|29\/100|[from] item: Life Orb\n|\n|win|i am gamering\n|raw|Cubone is arceus's rating: 1152 &rarr; <strong>1131<\/strong><br \/>(-21 for losing)\n|raw|i am gamering's rating: 1202 &rarr; <strong>1223<\/strong><br \/>(+21 for winning)\n|l|\u2606Cubone is arceus\n","uploadtime":1697957205,"views":22,"p1id":"cuboneisarceus","p2id":"iamgamering","formatid":"gen9doublesou","rating":1131,"private":0,"password":""}