{"id":"gen9doublesou-1981834670","p1":"letsbegood","p2":"Zadom123","format":"[Gen 9] Doubles OU","log":"|j|\u2606letsbegood\n|j|\u203dZadom123\n|t:|1698945154\n|gametype|doubles\n|player|p1|letsbegood|psychicf-gen4|1137\n|player|p2|Zadom123|benga|1079\n|teamsize|p1|6\n|teamsize|p2|6\n|gen|9\n|tier|[Gen 9] Doubles OU\n|rated|\n|rule|Species Clause: Limit one of each Pok\u00e9mon\n|rule|OHKO Clause: OHKO moves are banned\n|rule|Evasion Moves Clause: Evasion moves are banned\n|rule|Gravity Sleep Clause: The combination of sleep-inducing moves with imperfect accuracy and Gravity or Gigantamax Orbeetle are banned\n|rule|Endless Battle Clause: Forcing endless battles is banned\n|rule|HP Percentage Mod: HP is shown in percentages\n|clearpoke\n|poke|p1|Fezandipiti, M|\n|poke|p1|Bisharp, M|\n|poke|p1|Gholdengo|\n|poke|p1|Garganacl, F|\n|poke|p1|Amoonguss, F|\n|poke|p1|Sinistcha-Masterpiece|\n|poke|p2|Glimmora, F|\n|poke|p2|Wo-Chien|\n|poke|p2|Arcanine-Hisui, F|\n|poke|p2|Sinistcha-Masterpiece|\n|poke|p2|Flutter Mane|\n|poke|p2|Palafin, F|\n|teampreview\n|inactive|Battle timer is ON: inactive players will automatically lose when time's up. (requested by Zadom123)\n|inactive|letsbegood also wants the timer to be on.\n|inactive|Zadom123 has 120 seconds left.\n|\n|t:|1698945186\n|start\n|switch|p1a: Fezandipiti|Fezandipiti, M|100\/100\n|switch|p1b: Garganacl|Garganacl, F, shiny|100\/100\n|switch|p2a: Glimmora|Glimmora, F|100\/100\n|switch|p2b: Arcanine|Arcanine-Hisui, F|100\/100\n|-ability|p2b: Arcanine|Intimidate|boost\n|-unboost|p1a: Fezandipiti|atk|1\n|-unboost|p1b: Garganacl|atk|1\n|turn|1\n|j| IromL1veLand\n|\n|t:|1698945206\n|move|p1a: Fezandipiti|Tailwind|p1a: Fezandipiti\n|-sidestart|p1: letsbegood|move: Tailwind\n|move|p1b: Garganacl|Salt Cure|p2b: Arcanine\n|-supereffective|p2b: Arcanine\n|-damage|p2b: Arcanine|84\/100\n|-start|p2b: Arcanine|Salt Cure\n|move|p2a: Glimmora|Mortal Spin|p1b: Garganacl|[spread] p1a,p1b\n|-resisted|p1b: Garganacl\n|-damage|p1a: Fezandipiti|95\/100\n|-damage|p1b: Garganacl|99\/100\n|move|p2b: Arcanine|Close Combat|p1b: Garganacl\n|-supereffective|p1b: Garganacl\n|-damage|p1b: Garganacl|56\/100\n|-unboost|p2b: Arcanine|def|1\n|-unboost|p2b: Arcanine|spd|1\n|\n|-damage|p2b: Arcanine|71\/100|[from] Salt Cure\n|upkeep\n|turn|2\n|inactive|Zadom123 has 120 seconds left.\n|\n|t:|1698945242\n|switch|p1a: Sinistcha|Sinistcha-Masterpiece|100\/100\n|-heal|p1b: Garganacl|81\/100|[from] ability: Hospitality|[of] p1a: Sinistcha\n|move|p1b: Garganacl|Salt Cure|p2a: Glimmora\n|-damage|p2a: Glimmora|91\/100\n|-start|p2a: Glimmora|Salt Cure\n|-activate|p2a: Glimmora|ability: Toxic Debris\n|-sidestart|p1: letsbegood|move: Toxic Spikes\n|move|p2a: Glimmora|Dazzling Gleam|p1b: Garganacl|[spread] p1a,p1b\n|-damage|p1a: Sinistcha|79\/100\n|-damage|p1b: Garganacl|67\/100\n|move|p2b: Arcanine|Close Combat|p1b: Garganacl\n|-supereffective|p1b: Garganacl\n|-damage|p1b: Garganacl|28\/100\n|-unboost|p2b: Arcanine|def|1\n|-unboost|p2b: Arcanine|spd|1\n|-enditem|p1b: Garganacl|Sitrus Berry|[eat]\n|-heal|p1b: Garganacl|53\/100|[from] item: Sitrus Berry\n|\n|-heal|p2a: Glimmora|98\/100|[from] item: Leftovers\n|-damage|p2a: Glimmora|85\/100|[from] Salt Cure\n|-damage|p2b: Arcanine|59\/100|[from] Salt Cure\n|upkeep\n|turn|3\n|inactive|Zadom123 has 120 seconds left.\n|\n|t:|1698945269\n|switch|p2b: Sinistcha|Sinistcha-Masterpiece|100\/100\n|-heal|p2a: Glimmora|100\/100|[from] ability: Hospitality|[of] p2b: Sinistcha\n|move|p1a: Sinistcha|Matcha Gotcha|p2a: Glimmora|[spread] p2a,p2b\n|-resisted|p2b: Sinistcha\n|-damage|p2a: Glimmora|72\/100\n|-heal|p1a: Sinistcha|92\/100|[from] drain|[of] p2a: Glimmora\n|-damage|p2b: Sinistcha|84\/100\n|-heal|p1a: Sinistcha|99\/100|[from] drain|[of] p2b: Sinistcha\n|move|p1b: Garganacl|Recover|p1b: Garganacl\n|-heal|p1b: Garganacl|100\/100\n|move|p2a: Glimmora|Dazzling Gleam|p1b: Garganacl|[spread] p1a,p1b\n|-damage|p1a: Sinistcha|77\/100\n|-damage|p1b: Garganacl|86\/100\n|\n|-heal|p2a: Glimmora|78\/100|[from] item: Leftovers\n|-heal|p2b: Sinistcha|90\/100|[from] item: Leftovers\n|-damage|p2a: Glimmora|66\/100|[from] Salt Cure\n|upkeep\n|turn|4\n|\n|t:|1698945293\n|move|p2a: Glimmora|Spiky Shield|p2a: Glimmora\n|-singleturn|p2a: Glimmora|move: Protect\n|move|p1a: Sinistcha|Shadow Ball|p2b: Sinistcha\n|-supereffective|p2b: Sinistcha\n|-damage|p2b: Sinistcha|9\/100\n|move|p1b: Garganacl|Salt Cure|p2b: Sinistcha\n|-damage|p2b: Sinistcha|1\/100\n|-start|p2b: Sinistcha|Salt Cure\n|move|p2b: Sinistcha|Matcha Gotcha|p1a: Sinistcha|[spread] p1a,p1b\n|-resisted|p1a: Sinistcha\n|-supereffective|p1b: Garganacl\n|-damage|p1a: Sinistcha|63\/100\n|-heal|p2b: Sinistcha|10\/100|[from] drain|[of] p1a: Sinistcha\n|-damage|p1b: Garganacl|45\/100\n|-heal|p2b: Sinistcha|34\/100|[from] drain|[of] p1b: Garganacl\n|\n|-heal|p2a: Glimmora|72\/100|[from] item: Leftovers\n|-heal|p2b: Sinistcha|40\/100|[from] item: Leftovers\n|-damage|p2a: Glimmora|60\/100|[from] Salt Cure\n|-damage|p2b: Sinistcha|28\/100|[from] Salt Cure\n|-sideend|p1: letsbegood|move: Tailwind\n|upkeep\n|turn|5\n|\n|t:|1698945320\n|switch|p2b: Wo-Chien|Wo-Chien|100\/100\n|-ability|p2b: Wo-Chien|Tablets of Ruin\n|move|p2a: Glimmora|Dazzling Gleam|p1b: Garganacl|[spread] p1a,p1b\n|-damage|p1a: Sinistcha|43\/100\n|-damage|p1b: Garganacl|33\/100\n|move|p1a: Sinistcha|Scald|p2a: Glimmora\n|-supereffective|p2a: Glimmora\n|-damage|p2a: Glimmora|2\/100\n|move|p1b: Garganacl|Salt Cure|p2b: Wo-Chien\n|-damage|p2b: Wo-Chien|95\/100\n|-start|p2b: Wo-Chien|Salt Cure\n|\n|-heal|p2a: Glimmora|8\/100|[from] item: Leftovers\n|-damage|p2a: Glimmora|0 fnt|[from] Salt Cure\n|faint|p2a: Glimmora\n|-damage|p2b: Wo-Chien|83\/100|[from] Salt Cure\n|upkeep\n|inactive|Zadom123 has 120 seconds left.\n|\n|t:|1698945336\n|switch|p2a: Palafin|Palafin, F|100\/100\n|turn|6\n|\n|t:|1698945348\n|move|p1b: Garganacl|Protect|p1b: Garganacl\n|-singleturn|p1b: Garganacl|Protect\n|move|p2a: Palafin|Flip Turn|p1b: Garganacl\n|-activate|p1b: Garganacl|move: Protect\n|move|p2b: Wo-Chien|Giga Drain|p1b: Garganacl\n|-activate|p1b: Garganacl|move: Protect\n|move|p1a: Sinistcha|Matcha Gotcha|p2b: Wo-Chien|[spread] p2a,p2b\n|-supereffective|p2a: Palafin\n|-resisted|p2b: Wo-Chien\n|-damage|p2a: Palafin|0 fnt\n|-heal|p1a: Sinistcha|93\/100|[from] drain|[of] p2a: Palafin\n|-damage|p2b: Wo-Chien|71\/100\n|-heal|p1a: Sinistcha|99\/100|[from] drain|[of] p2b: Wo-Chien\n|-status|p2b: Wo-Chien|brn\n|faint|p2a: Palafin\n|\n|-damage|p2b: Wo-Chien|65\/100 brn|[from] brn\n|-damage|p2b: Wo-Chien|53\/100 brn|[from] Salt Cure\n|upkeep\n|-message|Zadom123 forfeited.\n|\n|win|letsbegood\n|raw|letsbegood's rating: 1137 &rarr; <strong>1158<\/strong><br \/>(+21 for winning)\n|raw|Zadom123's rating: 1079 &rarr; <strong>1061<\/strong><br \/>(-18 for losing)\n|l|\u203dZadom123\n","uploadtime":1698945507,"views":21,"p1id":"letsbegood","p2id":"zadom123","formatid":"gen9doublesou","rating":1061,"private":0,"password":""}