{"id":"gen9doublesou-1977897670","p1":"Sir_chronicles","p2":"OPieceOfHeroGhost","format":"[Gen 9] Doubles OU","log":"|j|\u2606Sir_chronicles\n|j|\u2606OPieceOfHeroGhost\n|t:|1698463358\n|gametype|doubles\n|player|p1|Sir_chronicles|gambler|1531\n|player|p2|OPieceOfHeroGhost|102|1466\n|teamsize|p1|6\n|teamsize|p2|6\n|gen|9\n|tier|[Gen 9] Doubles OU\n|rated|\n|rule|Species Clause: Limit one of each Pok\u00e9mon\n|rule|OHKO Clause: OHKO moves are banned\n|rule|Evasion Moves Clause: Evasion moves are banned\n|rule|Gravity Sleep Clause: The combination of sleep-inducing moves with imperfect accuracy and Gravity or Gigantamax Orbeetle are banned\n|rule|Endless Battle Clause: Forcing endless battles is banned\n|rule|HP Percentage Mod: HP is shown in percentages\n|clearpoke\n|poke|p1|Gholdengo|\n|poke|p1|Iron Hands|\n|poke|p1|Amoonguss, M|\n|poke|p1|Ditto|\n|poke|p1|Dragonite, M|\n|poke|p1|Bronzong|\n|poke|p2|Flutter Mane|\n|poke|p2|Iron Hands|\n|poke|p2|Landorus-Therian, M|\n|poke|p2|Ogerpon-Wellspring, F|\n|poke|p2|Heatran, F|\n|poke|p2|Chien-Pao|\n|teampreview\n|inactive|Battle timer is ON: inactive players will automatically lose when time's up. (requested by Sir_chronicles)\n|\n|t:|1698463380\n|start\n|switch|p1a: Iron Hands|Iron Hands|100\/100\n|switch|p1b: Bronzong|Bronzong|100\/100\n|switch|p2a: \u706b\u8d5e\u4f01|Heatran, F|100\/100\n|switch|p2b: ku\u94b3\u70ae|Chien-Pao|100\/100\n|-ability|p2b: ku\u94b3\u70ae|Sword of Ruin\n|turn|1\n|\n|t:|1698463408\n|move|p2b: ku\u94b3\u70ae|Throat Chop|p1b: Bronzong\n|-supereffective|p1b: Bronzong\n|-damage|p1b: Bronzong|8\/100\n|-start|p1b: Bronzong|Throat Chop|[silent]\n|move|p2a: \u706b\u8d5e\u4f01|Heat Wave|p1a: Iron Hands|[spread] p1a\n|-miss|p2a: \u706b\u8d5e\u4f01|p1b: Bronzong\n|-damage|p1a: Iron Hands|82\/100\n|move|p1a: Iron Hands|Earthquake|p2a: \u706b\u8d5e\u4f01|[spread] p2a,p2b\n|-immune|p1b: Bronzong|[from] ability: Levitate\n|-supereffective|p2a: \u706b\u8d5e\u4f01\n|-damage|p2a: \u706b\u8d5e\u4f01|0 fnt\n|-damage|p2b: ku\u94b3\u70ae|56\/100\n|faint|p2a: \u706b\u8d5e\u4f01\n|move|p1b: Bronzong|Trick Room|p1b: Bronzong\n|-fieldstart|move: Trick Room|[of] p1b: Bronzong\n|\n|-heal|p1b: Bronzong|14\/100|[from] item: Leftovers\n|upkeep\n|inactive|OPieceOfHeroGhost has 120 seconds left.\n|\n|t:|1698463427\n|switch|p2a: \u8bf4\u7684\u9053\u7406|Iron Hands|100\/100\n|turn|2\n|\n|t:|1698463437\n|move|p2a: \u8bf4\u7684\u9053\u7406|Fake Out|p1a: Iron Hands\n|-damage|p1a: Iron Hands|67\/100\n|move|p1b: Bronzong|Hypnosis|p2a: \u8bf4\u7684\u9053\u7406\n|-status|p2a: \u8bf4\u7684\u9053\u7406|slp|[from] move: Hypnosis\n|cant|p1a: Iron Hands|flinch\n|move|p2b: ku\u94b3\u70ae|Throat Chop|p1b: Bronzong\n|-supereffective|p1b: Bronzong\n|-damage|p1b: Bronzong|0 fnt\n|faint|p1b: Bronzong\n|\n|upkeep\n|\n|t:|1698463448\n|switch|p1b: Ditto|Ditto|100\/100\n|-transform|p1b: Ditto|p2a: \u8bf4\u7684\u9053\u7406|[from] ability: Imposter\n|turn|3\n|\n|t:|1698463458\n|-end|p2a: \u8bf4\u7684\u9053\u7406|Quark Drive|[silent]\n|switch|p2a: \u6700\u5f3a\u4e4b\u866b|Landorus-Therian, M|100\/100\n|-ability|p2a: \u6700\u5f3a\u4e4b\u866b|Intimidate|boost\n|-unboost|p1a: Iron Hands|atk|1\n|-unboost|p1b: Ditto|atk|1\n|move|p2b: ku\u94b3\u70ae|Protect|p2b: ku\u94b3\u70ae\n|-singleturn|p2b: ku\u94b3\u70ae|Protect\n|move|p1b: Ditto|Fake Out|p2a: \u6700\u5f3a\u4e4b\u866b\n|-damage|p2a: \u6700\u5f3a\u4e4b\u866b|85\/100\n|move|p1a: Iron Hands|Drain Punch|p2b: ku\u94b3\u70ae\n|-activate|p2b: ku\u94b3\u70ae|move: Protect\n|\n|upkeep\n|turn|4\n|\n|t:|1698463477\n|-end|p1b: Ditto|Quark Drive|[silent]\n|switch|p1b: Amoonguss|Amoonguss, M|100\/100\n|switch|p2b: \u699c\u4e00\u5927\u59d0|Flutter Mane|100\/100\n|-enditem|p2b: \u699c\u4e00\u5927\u59d0|Booster Energy\n|-activate|p2b: \u699c\u4e00\u5927\u59d0|ability: Protosynthesis|[fromitem]\n|-start|p2b: \u699c\u4e00\u5927\u59d0|protosynthesisspa\n|move|p1a: Iron Hands|Drain Punch|p2b: \u699c\u4e00\u5927\u59d0\n|-immune|p2b: \u699c\u4e00\u5927\u59d0\n|move|p2a: \u6700\u5f3a\u4e4b\u866b|U-turn|p1b: Amoonguss\n|-damage|p1b: Amoonguss|78\/100\n|\n|t:|1698463493\n|switch|p2a: ku\u94b3\u70ae|Chien-Pao|56\/100|[from] U-turn\n|-ability|p2a: ku\u94b3\u70ae|Sword of Ruin\n|\n|-heal|p1b: Amoonguss|84\/100|[from] item: Black Sludge\n|upkeep\n|turn|5\n|\n|t:|1698463520\n|move|p2a: ku\u94b3\u70ae|Protect|p2a: ku\u94b3\u70ae\n|-singleturn|p2a: ku\u94b3\u70ae|Protect\n|move|p1b: Amoonguss|Rage Powder|p1b: Amoonguss\n|-singleturn|p1b: Amoonguss|move: Rage Powder\n|move|p1a: Iron Hands|Wild Charge|p2b: \u699c\u4e00\u5927\u59d0\n|-damage|p2b: \u699c\u4e00\u5927\u59d0|20\/100\n|-damage|p1a: Iron Hands|53\/100|[from] Recoil\n|move|p2b: \u699c\u4e00\u5927\u59d0|Moonblast|p1b: Amoonguss\n|-resisted|p1b: Amoonguss\n|-damage|p1b: Amoonguss|55\/100\n|\n|-heal|p1b: Amoonguss|61\/100|[from] item: Black Sludge\n|-fieldend|move: Trick Room\n|upkeep\n|turn|6\n|\n|t:|1698463544\n|-end|p1a: Iron Hands|Quark Drive|[silent]\n|switch|p1a: Dragonite|Dragonite, M|100\/100\n|move|p2a: ku\u94b3\u70ae|Icicle Crash|p1b: Amoonguss\n|-supereffective|p1b: Amoonguss\n|-damage|p1b: Amoonguss|0 fnt\n|faint|p1b: Amoonguss\n|move|p2b: \u699c\u4e00\u5927\u59d0|Moonblast|p1a: Dragonite\n|-supereffective|p1a: Dragonite\n|-damage|p1a: Dragonite|41\/100\n|-unboost|p1a: Dragonite|spa|1\n|\n|upkeep\n|\n|t:|1698463552\n|switch|p1b: Gholdengo|Gholdengo|100\/100\n|turn|7\n|\n|t:|1698463570\n|move|p2a: ku\u94b3\u70ae|Protect|p2a: ku\u94b3\u70ae\n|-singleturn|p2a: ku\u94b3\u70ae|Protect\n|move|p1b: Gholdengo|Make It Rain|p2b: \u699c\u4e00\u5927\u59d0|[spread] p2b\n|-activate|p2a: ku\u94b3\u70ae|move: Protect\n|-supereffective|p2b: \u699c\u4e00\u5927\u59d0\n|-damage|p2b: \u699c\u4e00\u5927\u59d0|0 fnt\n|-unboost|p1b: Gholdengo|spa|1\n|faint|p2b: \u699c\u4e00\u5927\u59d0\n|-end|p2b: \u699c\u4e00\u5927\u59d0|Protosynthesis|[silent]\n|move|p1a: Dragonite|Dragon Dance|p1a: Dragonite\n|-boost|p1a: Dragonite|atk|1\n|-boost|p1a: Dragonite|spe|1\n|\n|upkeep\n|\n|t:|1698463585\n|switch|p2b: \u6700\u5f3a\u4e4b\u866b|Landorus-Therian, M|85\/100\n|-ability|p2b: \u6700\u5f3a\u4e4b\u866b|Intimidate|boost\n|-unboost|p1a: Dragonite|atk|1\n|-unboost|p1b: Gholdengo|atk|1\n|turn|8\n|inactive|OPieceOfHeroGhost has 120 seconds left.\n|\n|t:|1698463621\n|move|p2a: ku\u94b3\u70ae|Sucker Punch|p1b: Gholdengo\n|-supereffective|p1b: Gholdengo\n|-damage|p1b: Gholdengo|0 fnt\n|faint|p1b: Gholdengo\n|move|p2b: \u6700\u5f3a\u4e4b\u866b|Rock Slide|p1a: Dragonite\n|-supereffective|p1a: Dragonite\n|-damage|p1a: Dragonite|0 fnt\n|faint|p1a: Dragonite\n|\n|upkeep\n|\n|t:|1698463627\n|switch|p1b: Iron Hands|Iron Hands|53\/100\n|switch|p1a: Ditto|Ditto|100\/100\n|-transform|p1a: Ditto|p2b: \u6700\u5f3a\u4e4b\u866b|[from] ability: Imposter\n|-ability|p1a: Ditto|Intimidate|boost\n|-unboost|p2a: ku\u94b3\u70ae|atk|1\n|-unboost|p2b: \u6700\u5f3a\u4e4b\u866b|atk|1\n|turn|9\n|\n|t:|1698463646\n|switch|p2b: \u8bf4\u7684\u9053\u7406|Iron Hands|100\/100 slp\n|move|p2a: ku\u94b3\u70ae|Protect|p2a: ku\u94b3\u70ae\n|-singleturn|p2a: ku\u94b3\u70ae|Protect\n|move|p1a: Ditto|U-turn|p2a: ku\u94b3\u70ae\n|-activate|p2a: ku\u94b3\u70ae|move: Protect\n|move|p1b: Iron Hands|Drain Punch|p2a: ku\u94b3\u70ae\n|-activate|p2a: ku\u94b3\u70ae|move: Protect\n|\n|upkeep\n|turn|10\n|\n|t:|1698463669\n|cant|p2b: \u8bf4\u7684\u9053\u7406|slp\n|move|p2a: ku\u94b3\u70ae|Sucker Punch|p1a: Ditto\n|-damage|p1a: Ditto|58\/100\n|move|p1a: Ditto|Tera Blast|p2b: \u8bf4\u7684\u9053\u7406\n|-damage|p2b: \u8bf4\u7684\u9053\u7406|91\/100 slp\n|move|p1b: Iron Hands|Drain Punch|p2a: ku\u94b3\u70ae\n|-supereffective|p2a: ku\u94b3\u70ae\n|-damage|p2a: ku\u94b3\u70ae|0 fnt\n|-heal|p1b: Iron Hands|71\/100|[from] drain|[of] p2a: ku\u94b3\u70ae\n|faint|p2a: ku\u94b3\u70ae\n|\n|upkeep\n|inactive|OPieceOfHeroGhost has 120 seconds left.\n|\n|t:|1698463691\n|switch|p2a: \u6700\u5f3a\u4e4b\u866b|Landorus-Therian, M|85\/100\n|-ability|p2a: \u6700\u5f3a\u4e4b\u866b|Intimidate|boost\n|-unboost|p1a: Ditto|atk|1\n|-unboost|p1b: Iron Hands|atk|1\n|turn|11\n|\n|t:|1698463701\n|move|p2a: \u6700\u5f3a\u4e4b\u866b|Rock Slide|p1b: Iron Hands|[spread] p1a,p1b\n|-resisted|p1b: Iron Hands\n|-crit|p1b: Iron Hands\n|-damage|p1a: Ditto|27\/100\n|-damage|p1b: Iron Hands|59\/100\n|move|p1a: Ditto|Tera Blast|p2a: \u6700\u5f3a\u4e4b\u866b\n|-damage|p2a: \u6700\u5f3a\u4e4b\u866b|63\/100\n|cant|p2b: \u8bf4\u7684\u9053\u7406|slp\n|move|p1b: Iron Hands|Play Rough|p2b: \u8bf4\u7684\u9053\u7406\n|-supereffective|p2b: \u8bf4\u7684\u9053\u7406\n|-damage|p2b: \u8bf4\u7684\u9053\u7406|58\/100 slp\n|\n|upkeep\n|turn|12\n|-message|Sir_chronicles forfeited.\n|\n|win|OPieceOfHeroGhost\n|raw|Sir_chronicles's rating: 1531 &rarr; <strong>1506<\/strong><br \/>(-25 for losing)\n|raw|OPieceOfHeroGhost's rating: 1440 &rarr; <strong>1465<\/strong><br \/>(+25 for winning)\n|l|\u2606Sir_chronicles\n","uploadtime":1698463725,"views":22,"p1id":"sirchronicles","p2id":"opieceofheroghost","formatid":"gen9doublesou","rating":1465,"private":0,"password":""}