{"id":"gen9doublesou-1989979622","p1":"gonegeb","p2":"Connor Nerdy Pants","format":"[Gen 9] Doubles OU","log":"|j|\u2606gonegeb\n|j|\u2606Connor Nerdy Pants\n|t:|1699912120\n|gametype|doubles\n|player|p1|gonegeb|alain|1108\n|player|p2|Connor Nerdy Pants|102|1200\n|teamsize|p1|6\n|teamsize|p2|6\n|gen|9\n|tier|[Gen 9] Doubles OU\n|rated|\n|rule|Species Clause: Limit one of each Pok\u00e9mon\n|rule|OHKO Clause: OHKO moves are banned\n|rule|Evasion Moves Clause: Evasion moves are banned\n|rule|Gravity Sleep Clause: The combination of sleep-inducing moves with imperfect accuracy and Gravity or Gigantamax Orbeetle are banned\n|rule|Endless Battle Clause: Forcing endless battles is banned\n|rule|HP Percentage Mod: HP is shown in percentages\n|clearpoke\n|poke|p1|Lucario, M|\n|poke|p1|Umbreon, M|\n|poke|p1|Arcanine, F|\n|poke|p1|Corviknight, M|\n|poke|p1|Ceruledge, M|\n|poke|p1|Maushold|\n|poke|p2|Armarouge, M|\n|poke|p2|Amoonguss, F|\n|poke|p2|Diancie|\n|poke|p2|Ursaluna, M|\n|poke|p2|Torkoal, M|\n|poke|p2|Walking Wake|\n|teampreview\n|\n|t:|1699912130\n|start\n|switch|p1a: Lucario|Lucario, M|100\/100\n|switch|p1b: Maushold|Maushold|100\/100\n|switch|p2a: Armarouge|Armarouge, M, shiny|100\/100\n|switch|p2b: Diancie|Diancie|100\/100\n|turn|1\n|\n|t:|1699912142\n|move|p2a: Armarouge|Ally Switch|p2a: Armarouge\n|swap|p2a: Armarouge|1|[from] move: Ally Switch\n|move|p1b: Maushold|Beat Up|p1a: Lucario\n|-resisted|p1a: Lucario\n|-damage|p1a: Lucario|98\/100\n|-ability|p1a: Lucario|Justified|boost\n|-boost|p1a: Lucario|atk|1\n|-resisted|p1a: Lucario\n|-damage|p1a: Lucario|97\/100\n|-ability|p1a: Lucario|Justified|boost\n|-boost|p1a: Lucario|atk|1\n|-resisted|p1a: Lucario\n|-damage|p1a: Lucario|94\/100\n|-ability|p1a: Lucario|Justified|boost\n|-boost|p1a: Lucario|atk|1\n|-resisted|p1a: Lucario\n|-damage|p1a: Lucario|92\/100\n|-ability|p1a: Lucario|Justified|boost\n|-boost|p1a: Lucario|atk|1\n|-resisted|p1a: Lucario\n|-damage|p1a: Lucario|90\/100\n|-ability|p1a: Lucario|Justified|boost\n|-boost|p1a: Lucario|atk|1\n|-resisted|p1a: Lucario\n|-damage|p1a: Lucario|88\/100\n|-ability|p1a: Lucario|Justified|boost\n|-boost|p1a: Lucario|atk|1\n|-hitcount|p1a: Lucario|6\n|move|p1a: Lucario|Drain Punch|p2b: Armarouge\n|-resisted|p2b: Armarouge\n|-damage|p2b: Armarouge|30\/100\n|-heal|p1a: Lucario|100\/100|[from] drain|[of] p2b: Armarouge\n|move|p2a: Diancie|Trick Room|p2a: Diancie\n|-fieldstart|move: Trick Room|[of] p2a: Diancie\n|\n|upkeep\n|turn|2\n|\n|t:|1699912176\n|-terastallize|p1a: Lucario|Normal\n|move|p1a: Lucario|Extreme Speed|p2b: Armarouge\n|-damage|p2b: Armarouge|0 fnt\n|faint|p2b: Armarouge\n|move|p2a: Diancie|Calm Mind|p2a: Diancie\n|-boost|p2a: Diancie|spa|1\n|-boost|p2a: Diancie|spd|1\n|move|p1b: Maushold|Taunt|p2a: Diancie\n|-start|p2a: Diancie|move: Taunt\n|\n|upkeep\n|\n|t:|1699912192\n|switch|p2b: Amoonguss|Amoonguss, F|100\/100\n|turn|3\n|inactive|Battle timer is ON: inactive players will automatically lose when time's up. (requested by Connor Nerdy Pants)\n|\n|t:|1699912291\n|switch|p2a: Torkoal|Torkoal, M|100\/100\n|-weather|SunnyDay|[from] ability: Drought|[of] p2a: Torkoal\n|move|p1a: Lucario|Extreme Speed|p2b: Amoonguss\n|-damage|p2b: Amoonguss|0 fnt\n|faint|p2b: Amoonguss\n|move|p1b: Maushold|Follow Me|p1b: Maushold\n|-singleturn|p1b: Maushold|move: Follow Me\n|\n|-weather|SunnyDay|[upkeep]\n|upkeep\n|\n|t:|1699912308\n|switch|p2b: Ursaluna|Ursaluna, M|100\/100\n|turn|4\n|\n|t:|1699912325\n|move|p1a: Lucario|Extreme Speed|p2a: Torkoal\n|-damage|p2a: Torkoal|1\/100\n|move|p1b: Maushold|Follow Me|p1b: Maushold\n|-singleturn|p1b: Maushold|move: Follow Me\n|move|p2a: Torkoal|Eruption|p1a: Lucario|[spread] p1a,p1b\n|-damage|p1a: Lucario|99\/100\n|-damage|p1b: Maushold|99\/100\n|move|p2b: Ursaluna|Headlong Rush|p1b: Maushold\n|-damage|p1b: Maushold|9\/100\n|-unboost|p2b: Ursaluna|def|1\n|-unboost|p2b: Ursaluna|spd|1\n|-enditem|p1b: Maushold|Sitrus Berry|[eat]\n|-heal|p1b: Maushold|34\/100|[from] item: Sitrus Berry\n|-heal|p1b: Maushold|67\/100|[from] ability: Cheek Pouch\n|\n|-weather|SunnyDay|[upkeep]\n|-status|p2b: Ursaluna|brn|[from] item: Flame Orb\n|upkeep\n|turn|5\n|-message|Connor Nerdy Pants forfeited.\n|\n|win|gonegeb\n|raw|gonegeb's rating: 1108 &rarr; <strong>1139<\/strong><br \/>(+31 for winning)\n|raw|Connor Nerdy Pants's rating: 1200 &rarr; <strong>1169<\/strong><br \/>(-31 for losing)\n|c|\u2606gonegeb|huh\n|l|\u2606Connor Nerdy Pants\n|c|\u2606gonegeb|why did that\n|c|\u2606gonegeb|do nothing\n","uploadtime":1699912655,"views":8,"p1id":"gonegeb","p2id":"connornerdypants","formatid":"gen9doublesou","rating":1139,"private":0,"password":""}