{"id":"gen9doublesou-1999701687","p1":"Tournesol Velvet","p2":"SSJayDK","format":"[Gen 9] Doubles OU","log":"|j|\u2606Tournesol Velvet\n|j|\u2606SSJayDK\n|t:|1701109114\n|gametype|doubles\n|player|p1|Tournesol Velvet|169|1076\n|player|p2|SSJayDK|richboy-gen4|1134\n|teamsize|p1|6\n|teamsize|p2|6\n|gen|9\n|tier|[Gen 9] Doubles OU\n|rated|\n|rule|Species Clause: Limit one of each Pok\u00e9mon\n|rule|OHKO Clause: OHKO moves are banned\n|rule|Evasion Moves Clause: Evasion moves are banned\n|rule|Gravity Sleep Clause: The combination of sleep-inducing moves with imperfect accuracy and Gravity or Gigantamax Orbeetle are banned\n|rule|Endless Battle Clause: Forcing endless battles is banned\n|rule|HP Percentage Mod: HP is shown in percentages\n|clearpoke\n|poke|p1|Gliscor, F|\n|poke|p1|Talonflame, F|\n|poke|p1|Gyarados, F|\n|poke|p1|Amoonguss, M|\n|poke|p1|Corviknight, M|\n|poke|p1|Rotom-Fan|\n|poke|p2|Ogerpon-Wellspring, F|\n|poke|p2|Gholdengo|\n|poke|p2|Goodra-Hisui, M|\n|poke|p2|Flutter Mane|\n|poke|p2|Ursaluna-Bloodmoon, M|\n|poke|p2|Amoonguss, M|\n|teampreview\n|\n|t:|1701109148\n|start\n|switch|p1a: Amoonguss|Amoonguss, M|100\/100\n|switch|p1b: Talonflame|Talonflame, F|100\/100\n|switch|p2a: Flutter Mane|Flutter Mane, shiny|100\/100\n|switch|p2b: Amoonguss|Amoonguss, M, shiny|100\/100\n|-enditem|p2a: Flutter Mane|Booster Energy\n|-activate|p2a: Flutter Mane|ability: Protosynthesis|[fromitem]\n|-start|p2a: Flutter Mane|protosynthesisspd\n|turn|1\n|\n|t:|1701109195\n|move|p2b: Amoonguss|Protect|p2b: Amoonguss\n|-singleturn|p2b: Amoonguss|Protect\n|move|p1b: Talonflame|Brave Bird|p2b: Amoonguss\n|-activate|p2b: Amoonguss|move: Protect\n|move|p1a: Amoonguss|Spore|p2a: Flutter Mane\n|-status|p2a: Flutter Mane|slp|[from] move: Spore\n|cant|p2a: Flutter Mane|slp\n|\n|upkeep\n|turn|2\n|\n|t:|1701109249\n|switch|p1b: Corviknight|Corviknight, M|100\/100\n|switch|p2b: Ursaluna|Ursaluna-Bloodmoon, M|100\/100\n|move|p1a: Amoonguss|Giga Drain|p2a: Flutter Mane\n|-damage|p2a: Flutter Mane|90\/100 slp\n|cant|p2a: Flutter Mane|slp\n|\n|upkeep\n|turn|3\n|\n|t:|1701109272\n|move|p1b: Corviknight|Iron Head|p2a: Flutter Mane\n|-supereffective|p2a: Flutter Mane\n|-damage|p2a: Flutter Mane|0 fnt\n|faint|p2a: Flutter Mane\n|-end|p2a: Flutter Mane|Protosynthesis|[silent]\n|move|p2b: Ursaluna|Yawn|p1a: Amoonguss\n|-start|p1a: Amoonguss|move: Yawn|[of] p2b: Ursaluna\n|move|p1a: Amoonguss|Giga Drain|p2b: Ursaluna\n|-supereffective|p2b: Ursaluna\n|-damage|p2b: Ursaluna|50\/100\n|\n|upkeep\n|\n|t:|1701109285\n|switch|p2a: Goodra|Goodra-Hisui, M, shiny|100\/100\n|turn|4\n|\n|t:|1701109303\n|switch|p1a: Gyarados|Gyarados, F, shiny|100\/100\n|-ability|p1a: Gyarados|Intimidate|boost\n|-unboost|p2a: Goodra|atk|1\n|-unboost|p2b: Ursaluna|atk|1\n|move|p1b: Corviknight|Iron Defense|p1b: Corviknight\n|-boost|p1b: Corviknight|def|2\n|move|p2a: Goodra|Life Dew||[still]|[spread] p2a,p2b\n|-fail|p2a: Goodra|heal\n|-heal|p2b: Ursaluna|75\/100\n|move|p2b: Ursaluna|Blood Moon|p1a: Gyarados\n|-damage|p1a: Gyarados|10\/100\n|-damage|p2b: Ursaluna|65\/100|[from] item: Life Orb\n|\n|upkeep\n|turn|5\n|\n|t:|1701109392\n|move|p1a: Gyarados|Waterfall|p2b: Ursaluna\n|-supereffective|p2b: Ursaluna\n|-damage|p2b: Ursaluna|24\/100\n|move|p1b: Corviknight|Body Press|p2a: Goodra\n|-supereffective|p2a: Goodra\n|-damage|p2a: Goodra|24\/100\n|move|p2a: Goodra|Life Dew|p2a: Goodra|[spread] p2a,p2b\n|-heal|p2a: Goodra|49\/100\n|-heal|p2b: Ursaluna|49\/100\n|move|p2b: Ursaluna|Yawn|p1a: Gyarados\n|-start|p1a: Gyarados|move: Yawn|[of] p2b: Ursaluna\n|\n|-heal|p2a: Goodra|55\/100|[from] item: Leftovers\n|upkeep\n|turn|6\n|\n|t:|1701109431\n|move|p2a: Goodra|Protect|p2a: Goodra\n|-singleturn|p2a: Goodra|Protect\n|move|p2b: Ursaluna|Protect|p2b: Ursaluna\n|-singleturn|p2b: Ursaluna|Protect\n|move|p1a: Gyarados|Ice Fang|p2a: Goodra\n|-activate|p2a: Goodra|move: Protect\n|move|p1b: Corviknight|Body Press|p2a: Goodra\n|-activate|p2a: Goodra|move: Protect\n|\n|-heal|p2a: Goodra|61\/100|[from] item: Leftovers\n|-end|p1a: Gyarados|move: Yawn|[silent]\n|-status|p1a: Gyarados|slp\n|upkeep\n|turn|7\n|\n|t:|1701109468\n|cant|p1a: Gyarados|slp\n|move|p1b: Corviknight|Body Press|p2a: Goodra\n|-supereffective|p2a: Goodra\n|-damage|p2a: Goodra|0 fnt\n|faint|p2a: Goodra\n|move|p2b: Ursaluna|Blood Moon|p1b: Corviknight\n|-resisted|p1b: Corviknight\n|-damage|p1b: Corviknight|53\/100\n|-damage|p2b: Ursaluna|39\/100|[from] item: Life Orb\n|\n|-heal|p1b: Corviknight|59\/100|[from] item: Leftovers\n|upkeep\n|\n|t:|1701109484\n|switch|p2a: Ogerpon|Ogerpon-Wellspring, F|100\/100\n|turn|8\n|\n|t:|1701109523\n|switch|p2b: Amoonguss|Amoonguss, M, shiny|100\/100\n|move|p2a: Ogerpon|Ivy Cudgel|p1a: Gyarados|[anim] Ivy Cudgel Water\n|-resisted|p1a: Gyarados\n|-crit|p1a: Gyarados\n|-damage|p1a: Gyarados|0 fnt\n|faint|p1a: Gyarados\n|move|p1b: Corviknight|Brave Bird|p2a: Ogerpon\n|-supereffective|p2a: Ogerpon\n|-damage|p2a: Ogerpon|0 fnt\n|faint|p2a: Ogerpon\n|-damage|p1b: Corviknight|30\/100|[from] Recoil\n|\n|-heal|p1b: Corviknight|36\/100|[from] item: Leftovers\n|upkeep\n|\n|t:|1701109560\n|switch|p2a: Ursaluna|Ursaluna-Bloodmoon, M|39\/100\n|switch|p1a: Rotom|Rotom-Fan|100\/100\n|turn|9\n|\n|t:|1701109617\n|move|p1b: Corviknight|Brave Bird|p2a: Ursaluna\n|-damage|p2a: Ursaluna|12\/100\n|-damage|p1b: Corviknight|25\/100|[from] Recoil\n|move|p1a: Rotom|Will-O-Wisp|p2a: Ursaluna\n|-status|p2a: Ursaluna|brn\n|move|p2a: Ursaluna|Blood Moon|p1b: Corviknight\n|-resisted|p1b: Corviknight\n|-damage|p1b: Corviknight|0 fnt\n|faint|p1b: Corviknight\n|-damage|p2a: Ursaluna|2\/100 brn|[from] item: Life Orb\n|move|p2b: Amoonguss|Pollen Puff|p2a: Ursaluna\n|-heal|p2a: Ursaluna|52\/100 brn\n|\n|-damage|p2a: Ursaluna|46\/100 brn|[from] brn\n|upkeep\n|\n|t:|1701109639\n|switch|p1b: Talonflame|Talonflame, F|100\/100\n|turn|10\n|\n|t:|1701109679\n|move|p2b: Amoonguss|Rage Powder|p2b: Amoonguss\n|-singleturn|p2b: Amoonguss|move: Rage Powder\n|move|p1b: Talonflame|Brave Bird|p2b: Amoonguss\n|-supereffective|p2b: Amoonguss\n|-damage|p2b: Amoonguss|0 fnt\n|faint|p2b: Amoonguss\n|-damage|p1b: Talonflame|53\/100|[from] Recoil\n|move|p1a: Rotom|Air Slash|p2a: Ursaluna\n|-damage|p2a: Ursaluna|14\/100 brn\n|move|p2a: Ursaluna|Yawn|p1b: Talonflame\n|-start|p1b: Talonflame|move: Yawn|[of] p2a: Ursaluna\n|\n|-damage|p2a: Ursaluna|8\/100 brn|[from] brn\n|upkeep\n|\n|t:|1701109693\n|switch|p2b: Gholdengo|Gholdengo, shiny|100\/100\n|turn|11\n|\n|t:|1701109705\n|switch|p1b: Gliscor|Gliscor, F|100\/100\n|move|p2b: Gholdengo|Make It Rain|p1a: Rotom|[spread] p1a,p1b\n|-resisted|p1a: Rotom\n|-damage|p1a: Rotom|65\/100\n|-damage|p1b: Gliscor|16\/100\n|-unboost|p2b: Gholdengo|spa|1\n|move|p1a: Rotom|Will-O-Wisp|p2b: Gholdengo\n|-immune|p2b: Gholdengo|[from] ability: Good as Gold\n|move|p2a: Ursaluna|Blood Moon|p1a: Rotom\n|-damage|p1a: Rotom|0 fnt\n|faint|p1a: Rotom\n|-damage|p2a: Ursaluna|0 fnt|[from] item: Life Orb\n|faint|p2a: Ursaluna\n|\n|-status|p1b: Gliscor|tox|[from] item: Toxic Orb\n|upkeep\n|\n|t:|1701109758\n|switch|p1a: Amoonguss|Amoonguss, M|100\/100\n|turn|12\n|\n|t:|1701109768\n|-terastallize|p2b: Gholdengo|Steel\n|move|p1b: Gliscor|Protect|p1b: Gliscor\n|-singleturn|p1b: Gliscor|Protect\n|move|p2b: Gholdengo|Make It Rain|p1a: Amoonguss|[spread] p1a\n|-activate|p1b: Gliscor|move: Protect\n|-damage|p1a: Amoonguss|57\/100\n|-unboost|p2b: Gholdengo|spa|1\n|move|p1a: Amoonguss|Giga Drain|p2b: Gholdengo\n|-resisted|p2b: Gholdengo\n|-damage|p2b: Gholdengo|88\/100\n|-heal|p1a: Amoonguss|62\/100|[from] drain|[of] p2b: Gholdengo\n|\n|-heal|p1b: Gliscor|28\/100 tox|[from] ability: Poison Heal\n|upkeep\n|turn|13\n|\n|t:|1701109840\n|move|p1a: Amoonguss|Rage Powder|p1a: Amoonguss\n|-singleturn|p1a: Amoonguss|move: Rage Powder\n|move|p2b: Gholdengo|Make It Rain|p1b: Gliscor|[spread] p1a,p1b\n|-damage|p1a: Amoonguss|31\/100\n|-damage|p1b: Gliscor|0 fnt\n|-unboost|p2b: Gholdengo|spa|1\n|faint|p1b: Gliscor\n|\n|upkeep\n|\n|t:|1701109848\n|switch|p1b: Talonflame|Talonflame, F|53\/100\n|turn|14\n|\n|t:|1701109856\n|move|p1b: Talonflame|Flare Blitz|p2b: Gholdengo\n|-supereffective|p2b: Gholdengo\n|-damage|p2b: Gholdengo|0 fnt\n|faint|p2b: Gholdengo\n|-damage|p1b: Talonflame|22\/100|[from] Recoil\n|\n|win|Tournesol Velvet\n|raw|Tournesol Velvet's rating: 1076 &rarr; <strong>1109<\/strong><br \/>(+33 for winning)\n|raw|SSJayDK's rating: 1134 &rarr; <strong>1105<\/strong><br \/>(-29 for losing)\n|l|\u2606SSJayDK\n","uploadtime":1701109876,"views":7,"p1id":"tournesolvelvet","p2id":"ssjaydk","formatid":"gen9doublesou","rating":1105,"private":0,"password":""}