{"id":"gen9doublesou-1974526549","p1":"HEAVY-DUTY B0OTY","p2":"jdois","format":"[Gen 9] Doubles OU","log":"|j|\u2606HEAVY-DUTY B0OTY\n|j|\u2606jdois\n|inactive|Battle timer is ON: inactive players will automatically lose when time's up.\n|t:|1698094365\n|gametype|doubles\n|player|p1|HEAVY-DUTY B0OTY|pokekid|\n|player|p2|jdois|cynthia-gen4|\n|teamsize|p1|2\n|teamsize|p2|2\n|gen|9\n|tier|[Gen 9] Doubles OU\n|rated|Tournament battle\n|rule|Species Clause: Limit one of each Pok\u00e9mon\n|rule|OHKO Clause: OHKO moves are banned\n|rule|Evasion Moves Clause: Evasion moves are banned\n|rule|Gravity Sleep Clause: The combination of sleep-inducing moves with imperfect accuracy and Gravity or Gigantamax Orbeetle are banned\n|rule|Endless Battle Clause: Forcing endless battles is banned\n|rule|HP Percentage Mod: HP is shown in percentages\n|clearpoke\n|poke|p1|Garganacl, M|\n|poke|p1|Bellibolt, F|\n|poke|p2|Ceruledge, M|\n|poke|p2|Snorlax, F|\n|teampreview\n|j|*Lady Monita \u263d\n|inactive|jdois also wants the timer to be on.\n|c|\u2606HEAVY-DUTY B0OTY|hf\ud83e\udd2d\n|\n|t:|1698094378\n|start\n|switch|p1a: Garganacl|Garganacl, M|100\/100\n|switch|p1b: Bellibolt|Bellibolt, F|100\/100\n|switch|p2a: Ceruledge|Ceruledge, M|100\/100\n|switch|p2b: Snorlax|Snorlax, F|100\/100\n|turn|1\n|c|\u2606jdois|sorry I took so long\n|c|\u2606HEAVY-DUTY B0OTY|np\n|\n|t:|1698094403\n|-terastallize|p1a: Garganacl|Fairy\n|move|p2a: Ceruledge|Endure|p2a: Ceruledge\n|-singleturn|p2a: Ceruledge|move: Endure\n|move|p1b: Bellibolt|Toxic|p2a: Ceruledge\n|-status|p2a: Ceruledge|tox\n|move|p1a: Garganacl|Iron Defense|p1a: Garganacl\n|-boost|p1a: Garganacl|def|2\n|move|p2b: Snorlax|Earthquake|p1a: Garganacl|[spread] p2a,p1a,p1b\n|-supereffective|p2a: Ceruledge\n|-supereffective|p1b: Bellibolt\n|-damage|p2a: Ceruledge|50\/100 tox\n|-damage|p1a: Garganacl|95\/100\n|-damage|p1b: Bellibolt|79\/100\n|-start|p1b: Bellibolt|Charge|Earthquake|[from] ability: Electromorphosis\n|-ability|p2a: Ceruledge|Weak Armor|boost\n|-unboost|p2a: Ceruledge|def|1\n|-boost|p2a: Ceruledge|spe|2\n|-enditem|p2a: Ceruledge|Weakness Policy\n|-boost|p2a: Ceruledge|atk|2|[from] item: Weakness Policy\n|-boost|p2a: Ceruledge|spa|2|[from] item: Weakness Policy\n|\n|-heal|p1b: Bellibolt|85\/100|[from] item: Leftovers\n|-heal|p1a: Garganacl|100\/100|[from] item: Leftovers\n|-damage|p2a: Ceruledge|43\/100 tox|[from] psn\n|upkeep\n|turn|2\n|\n|t:|1698094418\n|move|p2a: Ceruledge|Bitter Blade|p1b: Bellibolt\n|-damage|p1b: Bellibolt|25\/100\n|-heal|p2a: Ceruledge|87\/100 tox|[from] drain|[of] p1b: Bellibolt\n|-start|p1b: Bellibolt|Charge|Bitter Blade|[from] ability: Electromorphosis\n|move|p1b: Bellibolt|Thunderbolt|p2a: Ceruledge\n|-damage|p2a: Ceruledge|14\/100 tox\n|-end|p1b: Bellibolt|Charge|[silent]\n|move|p1a: Garganacl|Body Press|p2b: Snorlax\n|-supereffective|p2b: Snorlax\n|-damage|p2b: Snorlax|26\/100\n|move|p2b: Snorlax|Metronome|p2b: Snorlax\n|move|p2b: Snorlax|Guard Swap|p1a: Garganacl|[from]move: Metronome\n|-swapboost|p2b: Snorlax|p1a: Garganacl|def, spd|[from] move: Guard Swap\n|\n|-heal|p1b: Bellibolt|31\/100|[from] item: Leftovers\n|-heal|p2b: Snorlax|32\/100|[from] item: Leftovers\n|-damage|p2a: Ceruledge|2\/100 tox|[from] psn\n|upkeep\n|turn|3\n|c|\u2606HEAVY-DUTY B0OTY|lol that metronome\n|j| jzurf\n|\n|t:|1698094443\n|move|p2b: Snorlax|Protect|p2b: Snorlax\n|-singleturn|p2b: Snorlax|Protect\n|move|p2a: Ceruledge|Bitter Blade|p1a: Garganacl\n|-damage|p1a: Garganacl|56\/100\n|-heal|p2a: Ceruledge|33\/100 tox|[from] drain|[of] p1a: Garganacl\n|move|p1b: Bellibolt|Slack Off|p1b: Bellibolt\n|-heal|p1b: Bellibolt|81\/100\n|move|p1a: Garganacl|Salt Cure|p2a: Ceruledge\n|-supereffective|p2a: Ceruledge\n|-damage|p2a: Ceruledge|0 fnt\n|faint|p2a: Ceruledge\n|\n|-heal|p1b: Bellibolt|87\/100|[from] item: Leftovers\n|-heal|p1a: Garganacl|62\/100|[from] item: Leftovers\n|-heal|p2b: Snorlax|38\/100|[from] item: Leftovers\n|upkeep\n|turn|4\n|\n|t:|1698094451\n|move|p1b: Bellibolt|Toxic|p2b: Snorlax\n|-status|p2b: Snorlax|tox\n|move|p1a: Garganacl|Iron Defense|p1a: Garganacl\n|-boost|p1a: Garganacl|def|2\n|move|p2b: Snorlax|Metronome|p2b: Snorlax\n|move|p2b: Snorlax|Coaching|null|[from]move: Metronome|[notarget]\n|-fail|p2b: Snorlax\n|\n|-heal|p1b: Bellibolt|94\/100|[from] item: Leftovers\n|-heal|p1a: Garganacl|68\/100|[from] item: Leftovers\n|-heal|p2b: Snorlax|44\/100 tox|[from] item: Leftovers\n|-damage|p2b: Snorlax|38\/100 tox|[from] psn\n|upkeep\n|turn|5\n|l| jzurf\n|inactive|jdois has 120 seconds left.\n|c|\u2606jdois|you got this, let me just click metronome until toxic does it thing\n|c|\u2606HEAVY-DUTY B0OTY|the thing is igtg\n|inactive|HEAVY-DUTY B0OTY has 120 seconds left.\n|\n|t:|1698094502\n|move|p1b: Bellibolt|Thunderbolt|p2b: Snorlax\n|-damage|p2b: Snorlax|17\/100 tox\n|move|p1a: Garganacl|Body Press|p2b: Snorlax\n|-supereffective|p2b: Snorlax\n|-damage|p2b: Snorlax|0 fnt\n|faint|p2b: Snorlax\n|\n|win|HEAVY-DUTY B0OTY\n|n|\u2606HEAVY-DUTY B0OTY|heavydutyb0oty\n|n|\u2606jdois|jdois\n|n|*Lady Monita \u263d|ladymonita\n","uploadtime":1698094504,"views":9,"p1id":"heavydutyb0oty","p2id":"jdois","formatid":"gen9doublesou","rating":0,"private":0,"password":""}