{"id":"gen9doublesou-1984487873","p1":"FEARLESS PARROT","p2":"rominsk","format":"[Gen 9] Doubles OU","log":"|j|\u2606FEARLESS PARROT\n|j|\u2606rominsk\n|t:|1699271382\n|gametype|doubles\n|player|p1|FEARLESS PARROT|steven|1127\n|player|p2|rominsk|backpacker|1050\n|teamsize|p1|6\n|teamsize|p2|6\n|gen|9\n|tier|[Gen 9] Doubles OU\n|rated|\n|rule|Species Clause: Limit one of each Pok\u00e9mon\n|rule|OHKO Clause: OHKO moves are banned\n|rule|Evasion Moves Clause: Evasion moves are banned\n|rule|Gravity Sleep Clause: The combination of sleep-inducing moves with imperfect accuracy and Gravity or Gigantamax Orbeetle are banned\n|rule|Endless Battle Clause: Forcing endless battles is banned\n|rule|HP Percentage Mod: HP is shown in percentages\n|clearpoke\n|poke|p1|Tornadus, M|\n|poke|p1|Arcanine-Hisui, M|\n|poke|p1|Iron Hands|\n|poke|p1|Dragapult, M|\n|poke|p1|Sinistcha|\n|poke|p1|Chien-Pao|\n|poke|p2|Regieleki|\n|poke|p2|Amoonguss, M|\n|poke|p2|Chien-Pao|\n|poke|p2|Arcanine, F|\n|poke|p2|Iron Hands|\n|poke|p2|Rillaboom, M|\n|teampreview\n|inactive|Battle timer is ON: inactive players will automatically lose when time's up. (requested by FEARLESS PARROT)\n|\n|t:|1699271389\n|start\n|switch|p1a: .|Tornadus, M|100\/100\n|switch|p1b: ..|Arcanine-Hisui, M|100\/100\n|switch|p2a: Arcanine|Arcanine, F|100\/100\n|switch|p2b: Regieleki|Regieleki|100\/100\n|-ability|p2a: Arcanine|Intimidate|boost\n|-unboost|p1a: .|atk|1\n|-unboost|p1b: ..|atk|1\n|-ability|p1b: ..|Intimidate|boost\n|-unboost|p2a: Arcanine|atk|1\n|-unboost|p2b: Regieleki|atk|1\n|turn|1\n|\n|t:|1699271413\n|switch|p1a: ...|Iron Hands|100\/100\n|move|p2a: Arcanine|Helping Hand|p2b: Regieleki\n|-singleturn|p2b: Regieleki|Helping Hand|[of] p2a: Arcanine\n|move|p2b: Regieleki|Thunderbolt|p1a: ...\n|-resisted|p1a: ...\n|-damage|p1a: ...|44\/100\n|-damage|p2b: Regieleki|91\/100|[from] item: Life Orb\n|move|p1b: ..|Rock Slide|p2a: Arcanine|[spread] p2a,p2b\n|-supereffective|p2a: Arcanine\n|-damage|p2a: Arcanine|29\/100\n|-damage|p2b: Regieleki|36\/100\n|\n|-heal|p2a: Arcanine|36\/100|[from] item: Leftovers\n|upkeep\n|turn|2\n|\n|t:|1699271428\n|move|p2a: Arcanine|Helping Hand|p2b: Regieleki\n|-singleturn|p2b: Regieleki|Helping Hand|[of] p2a: Arcanine\n|move|p1a: ...|Fake Out|p2b: Regieleki\n|-damage|p2b: Regieleki|4\/100\n|cant|p2b: Regieleki|flinch\n|move|p1b: ..|Rock Slide|p2b: Regieleki|[spread] p2a,p2b\n|-supereffective|p2a: Arcanine\n|-damage|p2a: Arcanine|0 fnt\n|-damage|p2b: Regieleki|0 fnt\n|faint|p2a: Arcanine\n|faint|p2b: Regieleki\n|\n|upkeep\n|\n|t:|1699271453\n|switch|p2b: Iron Hands|Iron Hands|100\/100\n|switch|p2a: Rillaboom|Rillaboom, M|100\/100\n|-fieldstart|move: Grassy Terrain|[from] ability: Grassy Surge|[of] p2a: Rillaboom\n|turn|3\n|\n|t:|1699271463\n|switch|p1b: .|Tornadus, M|100\/100\n|-end|p1a: ...|Quark Drive|[silent]\n|switch|p1a: .....|Sinistcha|100\/100\n|-terastallize|p2a: Rillaboom|Rock\n|move|p2b: Iron Hands|Fake Out|p1b: .\n|-damage|p1b: .|80\/100\n|move|p2a: Rillaboom|Tera Blast|p1b: .|[anim] Tera Blast Rock\n|-supereffective|p1b: .\n|-damage|p1b: .|0 fnt\n|faint|p1b: .\n|\n|upkeep\n|\n|t:|1699271477\n|switch|p1b: ...|Iron Hands|44\/100\n|turn|4\n|\n|t:|1699271491\n|move|p2a: Rillaboom|Protect|p2a: Rillaboom\n|-singleturn|p2a: Rillaboom|Protect\n|move|p1b: ...|Fake Out|p2b: Iron Hands\n|-damage|p2b: Iron Hands|90\/100\n|move|p1a: .....|Matcha Gotcha|p2b: Iron Hands|[spread] p2b\n|-activate|p2a: Rillaboom|move: Protect\n|-damage|p2b: Iron Hands|71\/100\n|cant|p2b: Iron Hands|flinch\n|\n|-heal|p1b: ...|50\/100|[from] Grassy Terrain\n|-heal|p2b: Iron Hands|77\/100|[from] Grassy Terrain\n|upkeep\n|turn|5\n|\n|t:|1699271508\n|-end|p2b: Iron Hands|Quark Drive|[silent]\n|switch|p2b: Amoonguss|Amoonguss, M|100\/100\n|move|p2a: Rillaboom|Tera Blast|p1b: ...|[anim] Tera Blast Rock\n|-resisted|p1b: ...\n|-damage|p1b: ...|36\/100\n|move|p1b: ...|Close Combat|p2b: Amoonguss\n|-resisted|p2b: Amoonguss\n|-damage|p2b: Amoonguss|69\/100\n|-unboost|p1b: ...|def|1\n|-unboost|p1b: ...|spd|1\n|move|p1a: .....|Matcha Gotcha|p2b: Amoonguss|[spread] p2b\n|-miss|p1a: .....|p2a: Rillaboom\n|-resisted|p2b: Amoonguss\n|-damage|p2b: Amoonguss|61\/100\n|-status|p2b: Amoonguss|brn\n|\n|-heal|p1b: ...|42\/100|[from] Grassy Terrain\n|-heal|p2b: Amoonguss|67\/100 brn|[from] Grassy Terrain\n|-heal|p2b: Amoonguss|73\/100 brn|[from] item: Leftovers\n|-damage|p2b: Amoonguss|67\/100 brn|[from] brn\n|upkeep\n|turn|6\n|inactive|rominsk has 120 seconds left.\n|\n|t:|1699271538\n|move|p2a: Rillaboom|Grassy Glide|p1b: ...\n|-damage|p1b: ...|0 fnt\n|faint|p1b: ...\n|-end|p1b: ...|Quark Drive|[silent]\n|move|p1a: .....|Matcha Gotcha|p2a: Rillaboom|[spread] p2a,p2b\n|-supereffective|p2a: Rillaboom\n|-resisted|p2b: Amoonguss\n|-crit|p2b: Amoonguss\n|-damage|p2a: Rillaboom|17\/100\n|-damage|p2b: Amoonguss|57\/100 brn\n|move|p2b: Amoonguss|Pollen Puff|p1a: .....\n|-damage|p1a: .....|79\/100\n|\n|-heal|p2a: Rillaboom|23\/100|[from] Grassy Terrain\n|-heal|p1a: .....|85\/100|[from] Grassy Terrain\n|-heal|p2b: Amoonguss|63\/100 brn|[from] Grassy Terrain\n|-heal|p2b: Amoonguss|69\/100 brn|[from] item: Leftovers\n|-damage|p2b: Amoonguss|63\/100 brn|[from] brn\n|upkeep\n|\n|t:|1699271547\n|switch|p1b: ....|Dragapult, M|100\/100\n|turn|7\n|\n|t:|1699271562\n|move|p2a: Rillaboom|Grassy Glide|p1b: ....\n|-resisted|p1b: ....\n|-damage|p1b: ....|71\/100\n|move|p1b: ....|Dragon Darts|p2b: Amoonguss\n|-damage|p2b: Amoonguss|32\/100 brn\n|-anim|p1b: ....|Dragon Darts|p2a: Rillaboom\n|-damage|p2a: Rillaboom|0 fnt\n|faint|p2a: Rillaboom\n|-damage|p1b: ....|61\/100|[from] item: Life Orb\n|move|p1a: .....|Matcha Gotcha|p2b: Amoonguss\n|-resisted|p2b: Amoonguss\n|-damage|p2b: Amoonguss|21\/100 brn\n|-heal|p1a: .....|92\/100|[from] drain|[of] p2b: Amoonguss\n|move|p2b: Amoonguss|Pollen Puff|p2: Rillaboom|[notarget]\n|-fail|p2b: Amoonguss\n|\n|-heal|p1b: ....|67\/100|[from] Grassy Terrain\n|-heal|p1a: .....|98\/100|[from] Grassy Terrain\n|-heal|p2b: Amoonguss|27\/100 brn|[from] Grassy Terrain\n|-heal|p2b: Amoonguss|33\/100 brn|[from] item: Leftovers\n|-damage|p2b: Amoonguss|27\/100 brn|[from] brn\n|-fieldend|move: Grassy Terrain\n|upkeep\n|\n|t:|1699271571\n|switch|p2a: Chien-Pao|Chien-Pao|100\/100\n|-ability|p2a: Chien-Pao|Sword of Ruin\n|turn|8\n|\n|t:|1699271590\n|-terastallize|p1b: ....|Dragon\n|move|p1a: .....|Rage Powder|p1a: .....\n|-singleturn|p1a: .....|move: Rage Powder\n|move|p2b: Amoonguss|Rage Powder|p2b: Amoonguss\n|-singleturn|p2b: Amoonguss|move: Rage Powder\n|move|p2a: Chien-Pao|Sucker Punch||[still]\n|-fail|p2a: Chien-Pao\n|move|p1b: ....|Dragon Darts|p2b: Amoonguss\n|-damage|p2b: Amoonguss|0 fnt\n|faint|p2b: Amoonguss\n|-damage|p1b: ....|58\/100|[from] item: Life Orb\n|\n|upkeep\n|\n|t:|1699271599\n|switch|p2b: Iron Hands|Iron Hands|77\/100\n|turn|9\n|\n|t:|1699271619\n|move|p1a: .....|Rage Powder|p1a: .....\n|-singleturn|p1a: .....|move: Rage Powder\n|move|p2a: Chien-Pao|Sucker Punch||[still]\n|-fail|p2a: Chien-Pao\n|move|p1b: ....|Dragon Darts|p2a: Chien-Pao\n|-damage|p2a: Chien-Pao|31\/100\n|-anim|p1b: ....|Dragon Darts|p2b: Iron Hands\n|-crit|p2b: Iron Hands\n|-damage|p2b: Iron Hands|16\/100\n|-damage|p1b: ....|48\/100|[from] item: Life Orb\n|move|p2b: Iron Hands|Heavy Slam|p1a: .....\n|-damage|p1a: .....|42\/100\n|-enditem|p1a: .....|Sitrus Berry|[eat]\n|-heal|p1a: .....|67\/100|[from] item: Sitrus Berry\n|\n|upkeep\n|turn|10\n|\n|t:|1699271639\n|move|p1a: .....|Rage Powder|p1a: .....\n|-singleturn|p1a: .....|move: Rage Powder\n|move|p2a: Chien-Pao|Sucker Punch||[still]\n|-fail|p2a: Chien-Pao\n|move|p1b: ....|Dragon Darts|p2a: Chien-Pao\n|-damage|p2a: Chien-Pao|0 fnt\n|-anim|p1b: ....|Dragon Darts|p2b: Iron Hands\n|-damage|p2b: Iron Hands|0 fnt\n|faint|p2a: Chien-Pao\n|faint|p2b: Iron Hands\n|-end|p2b: Iron Hands|Quark Drive|[silent]\n|-damage|p1b: ....|38\/100|[from] item: Life Orb\n|\n|win|FEARLESS PARROT\n|raw|FEARLESS PARROT's rating: 1127 &rarr; <strong>1147<\/strong><br \/>(+20 for winning)\n|raw|rominsk's rating: 1050 &rarr; <strong>1036<\/strong><br \/>(-14 for losing)\n|l|\u2606rominsk\n","uploadtime":1699271647,"views":8,"p1id":"fearlessparrot","p2id":"rominsk","formatid":"gen9doublesou","rating":1036,"private":0,"password":""}