{"id":"gen9doublesou-1997231563","p1":"ionnss","p2":"bumblebottom","format":"[Gen 9] Doubles OU","log":"|j|\u2606ionnss\n|j|\u2606bumblebottom\n|inactive|Battle timer is ON: inactive players will automatically lose when time's up.\n|t:|1700778269\n|gametype|doubles\n|player|p1|ionnss|pokekid-gen8|\n|player|p2|bumblebottom|102|\n|teamsize|p1|6\n|teamsize|p2|6\n|gen|9\n|tier|[Gen 9] Doubles OU\n|rated|Tournament battle\n|rule|Species Clause: Limit one of each Pok\u00e9mon\n|rule|OHKO Clause: OHKO moves are banned\n|rule|Evasion Moves Clause: Evasion moves are banned\n|rule|Gravity Sleep Clause: The combination of sleep-inducing moves with imperfect accuracy and Gravity or Gigantamax Orbeetle are banned\n|rule|Endless Battle Clause: Forcing endless battles is banned\n|rule|HP Percentage Mod: HP is shown in percentages\n|clearpoke\n|poke|p1|Scorbunny, M|\n|poke|p1|Wooper, F|\n|poke|p1|Hydreigon, F|\n|poke|p1|Hoppip, M|\n|poke|p1|Glimmet, F|\n|poke|p1|Smoliv, F|\n|poke|p2|Cacnea, F|\n|poke|p2|Hatenna, F|\n|poke|p2|Mudbray, L5, M|\n|poke|p2|Cetitan, F|\n|poke|p2|Piplup, M|\n|poke|p2|Happiny, F|\n|teampreview\n|j|*Lady Monita \u2746\n|j| bleahey\n|c|\u2606ionnss|that mudbray is definitely level 5\n|j| saltyfur\n|c|\u2606bumblebottom|;)\n|j|^HEAVY-DUTY B0OTY\n|inactive|bumblebottom has 120 seconds left.\n|\n|t:|1700778305\n|start\n|switch|p1a: Milner|Scorbunny, M|100\/100\n|switch|p1b: :o|Glimmet, F|100\/100\n|switch|p2a: Mudbray|Mudbray, L5, M|100\/100\n|switch|p2b: Hatenna|Hatenna, F|100\/100\n|turn|1\n|c| bleahey|lc set in doubles moment\n|c|\u2606bumblebottom|(i copy and pasted i dont play this game ever)\n|inactive|bumblebottom has 120 seconds left.\n|\n|t:|1700778339\n|move|p1a: Milner|U-turn|p2b: Hatenna\n|-start|p1a: Milner|typechange|Bug|[from] ability: Libero\n|-supereffective|p2b: Hatenna\n|-damage|p2b: Hatenna|27\/100\n|\n|t:|1700778347\n|switch|p1a: >:)|Wooper, F|100\/100|[from] U-turn\n|move|p1b: :o|Acid Spray|p2a: Mudbray\n|-resisted|p2a: Mudbray\n|-damage|p2a: Mudbray|0 fnt\n|faint|p2a: Mudbray\n|move|p2b: Hatenna|Nuzzle|p1a: >:)\n|-immune|p1a: >:)\n|\n|upkeep\n|\n|t:|1700778356\n|switch|p2a: Cacnea|Cacnea, F|100\/100\n|turn|2\n|\n|t:|1700778381\n|switch|p1a: Milner|Scorbunny, M|100\/100\n|move|p1b: :o|Acid Spray|p2a: Cacnea\n|-supereffective|p2a: Cacnea\n|-damage|p2a: Cacnea|43\/100\n|-unboost|p2a: Cacnea|spd|2\n|move|p2a: Cacnea|Giga Drain|p1a: Milner\n|-resisted|p1a: Milner\n|-crit|p1a: Milner\n|-damage|p1a: Milner|65\/100\n|-heal|p2a: Cacnea|61\/100|[from] drain|[of] p1a: Milner\n|move|p2b: Hatenna|Rest|p2b: Hatenna\n|-status|p2b: Hatenna|slp|[from] move: Rest\n|-heal|p2b: Hatenna|100\/100 slp|[silent]\n|\n|upkeep\n|turn|3\n|\n|t:|1700778401\n|move|p1a: Milner|U-turn|p2b: Hatenna\n|-start|p1a: Milner|typechange|Bug|[from] ability: Libero\n|-supereffective|p2b: Hatenna\n|-damage|p2b: Hatenna|25\/100 slp\n|\n|t:|1700778405\n|switch|p1a: Bitter Rival|Hydreigon, F|100\/100|[from] U-turn\n|move|p1b: :o|Acid Spray|p2a: Cacnea\n|-supereffective|p2a: Cacnea\n|-damage|p2a: Cacnea|0 fnt\n|faint|p2a: Cacnea\n|cant|p2b: Hatenna|slp\n|move|p2b: Hatenna|Sleep Talk|p2b: Hatenna\n|move|p2b: Hatenna|Psychic|p1b: :o|[from]move: Sleep Talk\n|-supereffective|p1b: :o\n|-damage|p1b: :o|30\/100\n|\n|upkeep\n|\n|t:|1700778421\n|switch|p2a: Piplup|Piplup, M|100\/100\n|turn|4\n|\n|t:|1700778429\n|move|p1a: Bitter Rival|Dark Pulse|p2b: Hatenna\n|-supereffective|p2b: Hatenna\n|-damage|p2b: Hatenna|0 fnt\n|faint|p2b: Hatenna\n|move|p1b: :o|Stealth Rock|p2a: Piplup\n|-sidestart|p2: bumblebottom|move: Stealth Rock\n|move|p2a: Piplup|Icy Wind|p1b: :o|[spread] p1a,p1b\n|-supereffective|p1a: Bitter Rival\n|-damage|p1a: Bitter Rival|80\/100\n|-damage|p1b: :o|15\/100\n|-unboost|p1a: Bitter Rival|spe|1\n|-unboost|p1b: :o|spe|1\n|\n|-heal|p1a: Bitter Rival|86\/100|[from] item: Leftovers\n|upkeep\n|\n|t:|1700778441\n|switch|p2b: Cetitan|Cetitan, F|100\/100\n|-damage|p2b: Cetitan|76\/100|[from] Stealth Rock\n|turn|5\n|inactive|bumblebottom has 120 seconds left.\n|\n|t:|1700778485\n|-terastallize|p2b: Cetitan|Fairy\n|-terastallize|p1a: Bitter Rival|Fire\n|move|p2b: Cetitan|Play Rough|p1a: Bitter Rival\n|-resisted|p1a: Bitter Rival\n|-damage|p1a: Bitter Rival|59\/100\n|move|p1a: Bitter Rival|Dark Pulse|p2b: Cetitan\n|-resisted|p2b: Cetitan\n|-damage|p2b: Cetitan|53\/100\n|move|p1b: :o|Memento|p2b: Cetitan\n|-unboost|p2b: Cetitan|atk|2\n|-unboost|p2b: Cetitan|spa|2\n|faint|p1b: :o\n|move|p2a: Piplup|Icy Wind|p1a: Bitter Rival\n|-resisted|p1a: Bitter Rival\n|-damage|p1a: Bitter Rival|52\/100\n|-unboost|p1a: Bitter Rival|spe|1\n|\n|-heal|p1a: Bitter Rival|58\/100|[from] item: Leftovers\n|upkeep\n|\n|t:|1700778508\n|switch|p1b: D:|Smoliv, F|100\/100\n|turn|6\n|\n|t:|1700778532\n|switch|p2b: Happiny|Happiny, F|100\/100\n|-damage|p2b: Happiny|88\/100|[from] Stealth Rock\n|move|p1a: Bitter Rival|Heat Wave|p2b: Happiny|[spread] p2a,p2b\n|-resisted|p2a: Piplup\n|-damage|p2a: Piplup|81\/100\n|-damage|p2b: Happiny|61\/100\n|move|p2a: Piplup|Hydro Pump|p1a: Bitter Rival\n|-supereffective|p1a: Bitter Rival\n|-damage|p1a: Bitter Rival|0 fnt\n|faint|p1a: Bitter Rival\n|move|p1b: D:|Energy Ball|p2a: Piplup\n|-supereffective|p2a: Piplup\n|-damage|p2a: Piplup|32\/100\n|\n|-status|p2b: Happiny|tox|[from] item: Toxic Orb\n|upkeep\n|\n|t:|1700778543\n|switch|p1a: Milner|Scorbunny, M|65\/100\n|turn|7\n|\n|t:|1700778554\n|move|p1a: Milner|U-turn|p2b: Happiny\n|-start|p1a: Milner|typechange|Bug|[from] ability: Libero\n|-damage|p2b: Happiny|0 fnt\n|faint|p2b: Happiny\n|\n|t:|1700778565\n|switch|p1a: >:)|Wooper, F|100\/100|[from] U-turn\n|move|p2a: Piplup|Hydro Pump|p1a: >:)\n|-damage|p1a: >:)|29\/100\n|move|p1b: D:|Energy Ball|p2a: Piplup\n|-supereffective|p2a: Piplup\n|-damage|p2a: Piplup|0 fnt\n|faint|p2a: Piplup\n|\n|upkeep\n|\n|t:|1700778577\n|switch|p2a: Cetitan|Cetitan, F, tera:Fairy|53\/100\n|-damage|p2a: Cetitan|41\/100|[from] Stealth Rock\n|-enditem|p2a: Cetitan|Sitrus Berry|[eat]\n|-heal|p2a: Cetitan|66\/100|[from] item: Sitrus Berry\n|turn|8\n|\n|t:|1700778588\n|move|p2a: Cetitan|Ice Shard|p1b: D:\n|-supereffective|p1b: D:\n|-damage|p1b: D:|61\/100\n|move|p1b: D:|Energy Ball|p2a: Cetitan\n|-damage|p2a: Cetitan|41\/100\n|move|p1a: >:)|Yawn|p2a: Cetitan\n|-start|p2a: Cetitan|move: Yawn|[of] p1a: >:)\n|\n|upkeep\n|turn|9\n|c|\u2606ionnss|gg\n|c|\u2606bumblebottom|i got this\n|\n|t:|1700778601\n|move|p2a: Cetitan|Earthquake|p1a: >:)|[spread] p1a,p1b\n|-resisted|p1b: D:\n|-damage|p1a: >:)|7\/100\n|-damage|p1b: D:|49\/100\n|move|p1b: D:|Energy Ball|p2a: Cetitan\n|-damage|p2a: Cetitan|19\/100\n|move|p1a: >:)|Liquidation|p2a: Cetitan\n|-damage|p2a: Cetitan|5\/100\n|\n|-end|p2a: Cetitan|move: Yawn|[silent]\n|-status|p2a: Cetitan|slp\n|upkeep\n|turn|10\n|c|^HEAVY-DUTY B0OTY|bro played with 5 mons\n|\n|t:|1700778620\n|cant|p2a: Cetitan|slp\n|move|p1b: D:|Energy Ball|p2a: Cetitan\n|-crit|p2a: Cetitan\n|-damage|p2a: Cetitan|0 fnt\n|faint|p2a: Cetitan\n|\n|win|ionnss\n|n|\u2606ionnss|ionnss\n|n|\u2606bumblebottom|bumblebottom\n|n|*Lady Monita \u2746|ladymonita\n|n| bleahey|bleahey\n|n| saltyfur|saltyfur\n|n| HEAVY-DUTY B0OTY|heavydutyb0oty\n","uploadtime":1700778621,"views":6,"p1id":"ionnss","p2id":"bumblebottom","formatid":"gen9doublesou","rating":0,"private":0,"password":""}