{"id":"gen9doublesou-1988018841","p1":"cotesmcgotes","p2":"XenonZhin","format":"[Gen 9] Doubles OU","log":"|j|\u2606cotesmcgotes\n|j|\u2606XenonZhin\n|t:|1699659780\n|gametype|doubles\n|player|p1|cotesmcgotes|flannery|1368\n|player|p2|XenonZhin|2|1338\n|teamsize|p1|6\n|teamsize|p2|6\n|gen|9\n|tier|[Gen 9] Doubles OU\n|rated|\n|rule|Species Clause: Limit one of each Pok\u00e9mon\n|rule|OHKO Clause: OHKO moves are banned\n|rule|Evasion Moves Clause: Evasion moves are banned\n|rule|Gravity Sleep Clause: The combination of sleep-inducing moves with imperfect accuracy and Gravity or Gigantamax Orbeetle are banned\n|rule|Endless Battle Clause: Forcing endless battles is banned\n|rule|HP Percentage Mod: HP is shown in percentages\n|clearpoke\n|poke|p1|Cresselia, F|\n|poke|p1|Overqwil, M|\n|poke|p1|Tornadus, M|\n|poke|p1|Palafin, F|\n|poke|p1|Ursaluna-Bloodmoon, M|\n|poke|p1|Ogerpon-Hearthflame, F|\n|poke|p2|Arcanine-Hisui, M|\n|poke|p2|Gholdengo|\n|poke|p2|Tyranitar, F|\n|poke|p2|Lycanroc, M|\n|poke|p2|Rillaboom, F|\n|poke|p2|Rotom-Wash|\n|teampreview\n|inactive|Battle timer is ON: inactive players will automatically lose when time's up. (requested by XenonZhin)\n|\n|t:|1699659807\n|start\n|switch|p1a: Tornadus|Tornadus, M, shiny|100\/100\n|switch|p1b: Palafin|Palafin, F|100\/100\n|switch|p2a: Tyranitar|Tyranitar, F|100\/100\n|switch|p2b: Gholdengo|Gholdengo|100\/100\n|-weather|Sandstorm|[from] ability: Sand Stream|[of] p2a: Tyranitar\n|turn|1\n|inactive|cotesmcgotes has 120 seconds left.\n|\n|t:|1699659844\n|move|p1a: Tornadus|Rain Dance|p1a: Tornadus\n|-weather|RainDance\n|move|p1b: Palafin|Flip Turn|p2a: Tyranitar\n|-supereffective|p2a: Tyranitar\n|-damage|p2a: Tyranitar|49\/100\n|\n|t:|1699659853\n|detailschange|p1b: Palafin|Palafin-Hero, F\n|switch|p1b: Ursaluna|Ursaluna-Bloodmoon, M|100\/100|[from] Flip Turn\n|move|p2b: Gholdengo|Nasty Plot|p2b: Gholdengo\n|-boost|p2b: Gholdengo|spa|2\n|move|p2a: Tyranitar|Rock Slide|p1b: Ursaluna|[spread] p1a\n|-miss|p2a: Tyranitar|p1b: Ursaluna\n|-supereffective|p1a: Tornadus\n|-damage|p1a: Tornadus|28\/100\n|\n|-weather|RainDance|[upkeep]\n|upkeep\n|turn|2\n|inactive|cotesmcgotes has 120 seconds left.\n|\n|t:|1699659901\n|switch|p2a: Arcanine|Arcanine-Hisui, M|100\/100\n|-ability|p2a: Arcanine|Intimidate|boost\n|-unboost|p1a: Tornadus|atk|1\n|-unboost|p1b: Ursaluna|atk|1\n|move|p1a: Tornadus|Tailwind|p1a: Tornadus\n|-sidestart|p1: cotesmcgotes|move: Tailwind\n|move|p1b: Ursaluna|Earth Power|p2b: Gholdengo\n|-supereffective|p2b: Gholdengo\n|-damage|p2b: Gholdengo|0 fnt\n|faint|p2b: Gholdengo\n|\n|-weather|RainDance|[upkeep]\n|upkeep\n|inactive|XenonZhin has 120 seconds left.\n|\n|t:|1699659922\n|switch|p2b: Rillaboom|Rillaboom, F|100\/100\n|-fieldstart|move: Grassy Terrain|[from] ability: Grassy Surge|[of] p2b: Rillaboom\n|turn|3\n|inactive|cotesmcgotes has 120 seconds left.\n|\n|t:|1699659934\n|switch|p1b: Ogerpon|Ogerpon-Hearthflame, F|100\/100\n|-ability|p1b: Ogerpon|Mold Breaker\n|move|p2a: Arcanine|Protect|p2a: Arcanine\n|-singleturn|p2a: Arcanine|Protect\n|move|p2b: Rillaboom|Fake Out|p1a: Tornadus\n|-damage|p1a: Tornadus|3\/100\n|-damage|p2b: Rillaboom|91\/100|[from] item: Life Orb\n|cant|p1a: Tornadus|flinch\n|\n|-weather|RainDance|[upkeep]\n|-heal|p2b: Rillaboom|97\/100|[from] Grassy Terrain\n|upkeep\n|turn|4\n|\n|t:|1699659958\n|switch|p2b: Tyranitar|Tyranitar, F|49\/100\n|-weather|Sandstorm|[from] ability: Sand Stream|[of] p2b: Tyranitar\n|move|p1b: Ogerpon|Spiky Shield|p1b: Ogerpon\n|-singleturn|p1b: Ogerpon|move: Protect\n|move|p1a: Tornadus|Bleakwind Storm|p2b: Tyranitar|[spread] p2a,p2b\n|-resisted|p2a: Arcanine\n|-resisted|p2b: Tyranitar\n|-damage|p2a: Arcanine|87\/100\n|-damage|p2b: Tyranitar|43\/100\n|move|p2a: Arcanine|Head Smash|p1b: Ogerpon\n|-activate|p1b: Ogerpon|move: Protect\n|-damage|p2a: Arcanine|75\/100|[from] Spiky Shield|[of] p1b: Ogerpon\n|\n|-weather|Sandstorm|[upkeep]\n|-damage|p1b: Ogerpon|95\/100|[from] Sandstorm\n|-damage|p1a: Tornadus|0 fnt|[from] Sandstorm\n|faint|p1a: Tornadus\n|-heal|p1b: Ogerpon|100\/100|[from] Grassy Terrain\n|-heal|p2a: Arcanine|81\/100|[from] Grassy Terrain\n|-heal|p2b: Tyranitar|49\/100|[from] Grassy Terrain\n|upkeep\n|inactive|cotesmcgotes has 120 seconds left.\n|\n|t:|1699659974\n|switch|p1a: Palafin|Palafin-Hero, F|100\/100\n|-activate|p1a: Palafin|ability: Zero to Hero\n|turn|5\n|\n|t:|1699659991\n|move|p1a: Palafin|Jet Punch|p2a: Arcanine\n|-supereffective|p2a: Arcanine\n|-damage|p2a: Arcanine|0 fnt\n|faint|p2a: Arcanine\n|move|p1b: Ogerpon|Horn Leech|p2b: Tyranitar\n|-supereffective|p2b: Tyranitar\n|-damage|p2b: Tyranitar|0 fnt\n|faint|p2b: Tyranitar\n|\n|-weather|Sandstorm|[upkeep]\n|-damage|p1b: Ogerpon|95\/100|[from] Sandstorm\n|-damage|p1a: Palafin|94\/100|[from] Sandstorm\n|-heal|p1b: Ogerpon|100\/100|[from] Grassy Terrain\n|-heal|p1a: Palafin|100\/100|[from] Grassy Terrain\n|-sideend|p1: cotesmcgotes|move: Tailwind\n|upkeep\n|inactive|XenonZhin has 120 seconds left.\n|\n|t:|1699660013\n|switch|p2a: Rillaboom|Rillaboom, F|97\/100\n|switch|p2b: Lycanroc|Lycanroc, M|100\/100\n|turn|6\n|\n|t:|1699660031\n|switch|p1a: Overqwil|Overqwil, M|100\/100\n|move|p1b: Ogerpon|Spiky Shield|p1b: Ogerpon\n|-singleturn|p1b: Ogerpon|move: Protect\n|move|p2a: Rillaboom|Grassy Glide|p1a: Overqwil\n|-resisted|p1a: Overqwil\n|-damage|p1a: Overqwil|69\/100\n|-damage|p2a: Rillaboom|87\/100|[from] item: Life Orb\n|move|p2b: Lycanroc|Rock Slide|p1b: Ogerpon|[spread] p1a\n|-activate|p1b: Ogerpon|move: Protect\n|-damage|p1a: Overqwil|34\/100\n|\n|-weather|Sandstorm|[upkeep]\n|-damage|p1b: Ogerpon|95\/100|[from] Sandstorm\n|-damage|p1a: Overqwil|28\/100|[from] Sandstorm\n|-damage|p2a: Rillaboom|81\/100|[from] Sandstorm\n|-heal|p1b: Ogerpon|100\/100|[from] Grassy Terrain\n|-heal|p1a: Overqwil|34\/100|[from] Grassy Terrain\n|-heal|p1a: Overqwil|40\/100|[from] item: Black Sludge\n|-heal|p2a: Rillaboom|87\/100|[from] Grassy Terrain\n|upkeep\n|turn|7\n|inactive|cotesmcgotes has 120 seconds left.\n|inactive|XenonZhin has 120 seconds left.\n|\n|t:|1699660073\n|move|p2b: Lycanroc|Rock Slide|p1b: Ogerpon|[spread] p1a\n|-miss|p2b: Lycanroc|p1b: Ogerpon\n|-damage|p1a: Overqwil|3\/100\n|move|p1b: Ogerpon|Horn Leech|p2b: Lycanroc\n|-supereffective|p2b: Lycanroc\n|-enditem|p2b: Lycanroc|Focus Sash\n|-damage|p2b: Lycanroc|1\/100\n|move|p1a: Overqwil|Barb Barrage|p2a: Rillaboom\n|-supereffective|p2a: Rillaboom\n|-damage|p2a: Rillaboom|29\/100\n|move|p2a: Rillaboom|U-turn|p1a: Overqwil\n|-damage|p1a: Overqwil|0 fnt\n|faint|p1a: Overqwil\n|-damage|p2a: Rillaboom|19\/100|[from] item: Life Orb\n|\n|t:|1699660093\n|switch|p2a: Rotom|Rotom-Wash|100\/100|[from] U-turn\n|\n|-weather|Sandstorm|[upkeep]\n|-damage|p1b: Ogerpon|95\/100|[from] Sandstorm\n|-damage|p2a: Rotom|94\/100|[from] Sandstorm\n|-heal|p2b: Lycanroc|7\/100|[from] Grassy Terrain\n|-heal|p1b: Ogerpon|100\/100|[from] Grassy Terrain\n|-heal|p2a: Rotom|100\/100|[from] item: Leftovers\n|-fieldend|move: Grassy Terrain\n|upkeep\n|inactive|cotesmcgotes has 120 seconds left.\n|\n|t:|1699660110\n|switch|p1a: Ursaluna|Ursaluna-Bloodmoon, M|100\/100\n|turn|8\n|inactive|XenonZhin has 120 seconds left.\n|\n|t:|1699660128\n|move|p1b: Ogerpon|Spiky Shield|p1b: Ogerpon\n|-singleturn|p1b: Ogerpon|move: Protect\n|move|p1a: Ursaluna|Vacuum Wave|p2b: Lycanroc\n|-supereffective|p2b: Lycanroc\n|-crit|p2b: Lycanroc\n|-damage|p2b: Lycanroc|0 fnt\n|faint|p2b: Lycanroc\n|move|p2a: Rotom|Hydro Pump|p1a: Ursaluna|[miss]\n|-miss|p2a: Rotom|p1a: Ursaluna\n|\n|-weather|none\n|upkeep\n|\n|t:|1699660140\n|switch|p2b: Rillaboom|Rillaboom, F|19\/100\n|-fieldstart|move: Grassy Terrain|[from] ability: Grassy Surge|[of] p2b: Rillaboom\n|turn|9\n|\n|t:|1699660166\n|switch|p1b: Cresselia|Cresselia, F, shiny|100\/100\n|move|p2b: Rillaboom|Fake Out|p1b: Cresselia\n|-damage|p1b: Cresselia|86\/100\n|-damage|p2b: Rillaboom|9\/100|[from] item: Life Orb\n|move|p1a: Ursaluna|Vacuum Wave|p2b: Rillaboom\n|-crit|p2b: Rillaboom\n|-damage|p2b: Rillaboom|0 fnt\n|faint|p2b: Rillaboom\n|move|p2a: Rotom|Hydro Pump|p1a: Ursaluna\n|-supereffective|p1a: Ursaluna\n|-damage|p1a: Ursaluna|24\/100\n|\n|-heal|p1b: Cresselia|92\/100|[from] item: Leftovers\n|-heal|p1a: Ursaluna|30\/100|[from] Grassy Terrain\n|upkeep\n|turn|10\n|\n|t:|1699660196\n|move|p2a: Rotom|Hydro Pump|p1b: Cresselia|[miss]\n|-miss|p2a: Rotom|p1b: Cresselia\n|move|p1b: Cresselia|Calm Mind|p1b: Cresselia\n|-boost|p1b: Cresselia|spa|1\n|-boost|p1b: Cresselia|spd|1\n|move|p1a: Ursaluna|Blood Moon|p2a: Rotom\n|-damage|p2a: Rotom|14\/100\n|\n|-heal|p2a: Rotom|21\/100|[from] item: Leftovers\n|-heal|p1b: Cresselia|98\/100|[from] item: Leftovers\n|-heal|p1a: Ursaluna|36\/100|[from] Grassy Terrain\n|upkeep\n|turn|11\n|\n|t:|1699660213\n|move|p1a: Ursaluna|Vacuum Wave|p2a: Rotom\n|-damage|p2a: Rotom|4\/100\n|move|p2a: Rotom|Hydro Pump|p1a: Ursaluna|[miss]\n|-miss|p2a: Rotom|p1a: Ursaluna\n|move|p1b: Cresselia|Stored Power|p2a: Rotom\n|-damage|p2a: Rotom|0 fnt\n|faint|p2a: Rotom\n|\n|win|cotesmcgotes\n|raw|cotesmcgotes's rating: 1368 &rarr; <strong>1386<\/strong><br \/>(+18 for winning)\n|raw|XenonZhin's rating: 1338 &rarr; <strong>1320<\/strong><br \/>(-18 for losing)\n|l|\u2606XenonZhin\n","uploadtime":1699660228,"views":9,"p1id":"cotesmcgotes","p2id":"xenonzhin","formatid":"gen9doublesou","rating":1320,"private":0,"password":""}