{"id":"gen9doublesou-1999822896","p1":"Shuckle15","p2":"ombrax","format":"[Gen 9] Doubles OU","log":"|j|\u2606Shuckle15\n|j|\u2606ombrax\n|inactive|Battle timer is ON: inactive players will automatically lose when time's up.\n|j|*Lady Monita \u2746\n|t:|1701119992\n|gametype|doubles\n|player|p1|Shuckle15|cynthia-gen4|\n|player|p2|ombrax|hilbert|\n|teamsize|p1|6\n|teamsize|p2|6\n|gen|9\n|tier|[Gen 9] Doubles OU\n|rated|Tournament battle\n|rule|Species Clause: Limit one of each Pok\u00e9mon\n|rule|OHKO Clause: OHKO moves are banned\n|rule|Evasion Moves Clause: Evasion moves are banned\n|rule|Gravity Sleep Clause: The combination of sleep-inducing moves with imperfect accuracy and Gravity or Gigantamax Orbeetle are banned\n|rule|Endless Battle Clause: Forcing endless battles is banned\n|rule|HP Percentage Mod: HP is shown in percentages\n|clearpoke\n|poke|p1|Eelektrik, F|\n|poke|p1|Ekans, F|\n|poke|p1|Scorbunny, M|\n|poke|p1|Glimmet, F|\n|poke|p1|Sinistea|\n|poke|p1|Murkrow, F|\n|poke|p2|Skeledirge, M|\n|poke|p2|Dragonair, M|\n|poke|p2|Finneon, F|\n|poke|p2|Lotad, M|\n|poke|p2|Drakloak, F|\n|poke|p2|Deerling, M|\n|teampreview\n|inactive|Shuckle15 also wants the timer to be on.\n|\n|t:|1701120007\n|start\n|switch|p1a: Glimmet|Glimmet, F|100\/100\n|switch|p1b: Murkrow|Murkrow, F|100\/100\n|switch|p2a: Finneon|Finneon, F|100\/100\n|switch|p2b: Lotad|Lotad, M|100\/100\n|turn|1\n|\n|t:|1701120014\n|move|p1b: Murkrow|Tailwind|p1b: Murkrow\n|-sidestart|p1: Shuckle15|move: Tailwind\n|move|p1a: Glimmet|Stealth Rock|p2b: Lotad\n|-sidestart|p2: ombrax|move: Stealth Rock\n|move|p2a: Finneon|Chilling Water|p1a: Glimmet\n|-supereffective|p1a: Glimmet\n|-damage|p1a: Glimmet|30\/100\n|-unboost|p1a: Glimmet|atk|1\n|move|p2b: Lotad|Surf|p1b: Murkrow|[spread] p1a,p1b\n|-ability|p2a: Finneon|Storm Drain|boost\n|-boost|p2a: Finneon|spa|1\n|-supereffective|p1a: Glimmet\n|-damage|p1a: Glimmet|0 fnt\n|-damage|p1b: Murkrow|85\/100\n|faint|p1a: Glimmet\n|\n|upkeep\n|\n|t:|1701120024\n|switch|p1a: Eelektrik|Eelektrik, F|100\/100\n|turn|2\n|\n|t:|1701120039\n|-terastallize|p2a: Finneon|Grass\n|move|p1b: Murkrow|Haze|p1b: Murkrow\n|-clearallboost\n|move|p1a: Eelektrik|Discharge|p2a: Finneon|[spread] p1b,p2a,p2b\n|-supereffective|p1b: Murkrow\n|-resisted|p2a: Finneon\n|-damage|p1b: Murkrow|55\/100\n|-damage|p2a: Finneon|91\/100\n|-damage|p2b: Lotad|73\/100\n|-status|p2b: Lotad|par\n|move|p2a: Finneon|Icy Wind|p1a: Eelektrik|[spread] p1a,p1b\n|-supereffective|p1b: Murkrow\n|-damage|p1a: Eelektrik|95\/100\n|-damage|p1b: Murkrow|38\/100\n|-unboost|p1a: Eelektrik|spe|1\n|-unboost|p1b: Murkrow|spe|1\n|move|p2b: Lotad|Icy Wind|p1b: Murkrow|[spread] p1a,p1b\n|-supereffective|p1b: Murkrow\n|-damage|p1a: Eelektrik|90\/100\n|-damage|p1b: Murkrow|26\/100\n|-unboost|p1a: Eelektrik|spe|1\n|-unboost|p1b: Murkrow|spe|1\n|\n|upkeep\n|turn|3\n|\n|t:|1701120062\n|move|p1b: Murkrow|Haze|p1b: Murkrow\n|-clearallboost\n|move|p1a: Eelektrik|Discharge|p2a: Finneon|[spread] p1b,p2a,p2b\n|-supereffective|p1b: Murkrow\n|-resisted|p2a: Finneon\n|-damage|p1b: Murkrow|0 fnt\n|-damage|p2a: Finneon|82\/100\n|-damage|p2b: Lotad|42\/100 par\n|faint|p1b: Murkrow\n|move|p2a: Finneon|Tailwind|p2a: Finneon\n|-sidestart|p2: ombrax|move: Tailwind\n|move|p2b: Lotad|Surf|p1a: Eelektrik|[spread] p1a\n|-ability|p2a: Finneon|Storm Drain|boost\n|-boost|p2a: Finneon|spa|1\n|-damage|p1a: Eelektrik|78\/100\n|\n|upkeep\n|\n|t:|1701120072\n|switch|p1b: Ekans|Ekans, F|100\/100\n|-ability|p1b: Ekans|Intimidate|boost\n|-unboost|p2a: Finneon|atk|1\n|-unboost|p2b: Lotad|atk|1\n|turn|4\n|\n|t:|1701120089\n|move|p1b: Ekans|Gunk Shot|p2a: Finneon\n|-supereffective|p2a: Finneon\n|-damage|p2a: Finneon|0 fnt\n|faint|p2a: Finneon\n|move|p1a: Eelektrik|Acid Spray|p2b: Lotad\n|-supereffective|p2b: Lotad\n|-damage|p2b: Lotad|15\/100 par\n|-unboost|p2b: Lotad|spd|2\n|cant|p2b: Lotad|par\n|\n|-sideend|p1: Shuckle15|move: Tailwind\n|upkeep\n|\n|t:|1701120100\n|switch|p2a: Skeledirge|Skeledirge, M|100\/100\n|-damage|p2a: Skeledirge|76\/100|[from] Stealth Rock\n|turn|5\n|\n|t:|1701120110\n|-terastallize|p1b: Ekans|Ground\n|move|p2a: Skeledirge|Torch Song|p1b: Ekans\n|-crit|p1b: Ekans\n|-damage|p1b: Ekans|0 fnt\n|-boost|p2a: Skeledirge|spa|1\n|faint|p1b: Ekans\n|-enditem|p2a: Skeledirge|Throat Spray\n|-boost|p2a: Skeledirge|spa|1|[from] item: Throat Spray\n|move|p2b: Lotad|Icy Wind|p1a: Eelektrik\n|-damage|p1a: Eelektrik|72\/100\n|-unboost|p1a: Eelektrik|spe|1\n|move|p1a: Eelektrik|Discharge|p2b: Lotad|[spread] p2a,p2b\n|-damage|p2a: Skeledirge|57\/100\n|-damage|p2b: Lotad|0 fnt\n|faint|p2b: Lotad\n|\n|upkeep\n|\n|t:|1701120125\n|switch|p1b: Scorbunny|Scorbunny, M|100\/100\n|switch|p2b: Drakloak|Drakloak, F|100\/100\n|-damage|p2b: Drakloak|88\/100|[from] Stealth Rock\n|turn|6\n|\n|t:|1701120136\n|move|p2a: Skeledirge|Protect|p2a: Skeledirge\n|-singleturn|p2a: Skeledirge|Protect\n|move|p1b: Scorbunny|Protect|p1b: Scorbunny\n|-start|p1b: Scorbunny|typechange|Normal|[from] ability: Libero\n|-singleturn|p1b: Scorbunny|Protect\n|move|p2b: Drakloak|Will-O-Wisp|p1b: Scorbunny\n|-activate|p1b: Scorbunny|move: Protect\n|move|p1a: Eelektrik|Discharge|p2a: Skeledirge|[spread] p2b\n|-activate|p1b: Scorbunny|move: Protect\n|-activate|p2a: Skeledirge|move: Protect\n|-resisted|p2b: Drakloak\n|-damage|p2b: Drakloak|76\/100\n|-status|p2b: Drakloak|par\n|\n|-sideend|p2: ombrax|move: Tailwind\n|upkeep\n|turn|7\n|\n|t:|1701120157\n|move|p1b: Scorbunny|Flare Blitz|p2b: Drakloak\n|-resisted|p2b: Drakloak\n|-damage|p2b: Drakloak|48\/100 par\n|-damage|p1b: Scorbunny|90\/100|[from] Recoil\n|-damage|p1b: Scorbunny|80\/100|[from] item: Life Orb\n|move|p2a: Skeledirge|Torch Song|p1b: Scorbunny\n|-damage|p1b: Scorbunny|0 fnt\n|-boost|p2a: Skeledirge|spa|1\n|faint|p1b: Scorbunny\n|move|p2b: Drakloak|Curse|p1a: Eelektrik\n|-start|p1a: Eelektrik|Curse|[of] p2b: Drakloak\n|-damage|p2b: Drakloak|0 fnt\n|faint|p2b: Drakloak\n|move|p1a: Eelektrik|Discharge|p2a: Skeledirge\n|-damage|p2a: Skeledirge|33\/100\n|-status|p2a: Skeledirge|par\n|\n|-damage|p1a: Eelektrik|47\/100|[from] Curse\n|upkeep\n|\n|t:|1701120174\n|switch|p2b: Deerling|Deerling, M|100\/100\n|switch|p1b: Sinistea|Sinistea|100\/100\n|-damage|p2b: Deerling|88\/100|[from] Stealth Rock\n|turn|8\n|\n|t:|1701120185\n|move|p1b: Sinistea|Shell Smash|p1b: Sinistea\n|-unboost|p1b: Sinistea|def|1\n|-unboost|p1b: Sinistea|spd|1\n|-boost|p1b: Sinistea|atk|2\n|-boost|p1b: Sinistea|spa|2\n|-boost|p1b: Sinistea|spe|2\n|move|p2b: Deerling|Thunder Wave|p1b: Sinistea\n|-status|p1b: Sinistea|par\n|cant|p2a: Skeledirge|par\n|move|p1a: Eelektrik|Acid Spray|p2b: Deerling\n|-supereffective|p2b: Deerling\n|-damage|p2b: Deerling|70\/100\n|-unboost|p2b: Deerling|spd|2\n|\n|-damage|p1a: Eelektrik|22\/100|[from] Curse\n|upkeep\n|turn|9\n|\n|t:|1701120204\n|move|p1b: Sinistea|Shadow Ball|p2a: Skeledirge\n|-supereffective|p2a: Skeledirge\n|-damage|p2a: Skeledirge|0 fnt\n|faint|p2a: Skeledirge\n|move|p2b: Deerling|Seed Bomb|p1b: Sinistea\n|-enditem|p1b: Sinistea|Focus Sash\n|-damage|p1b: Sinistea|1\/100 par\n|-start|p2b: Deerling|Disable|Seed Bomb|[from] ability: Cursed Body|[of] p1b: Sinistea\n|move|p1a: Eelektrik|Acid Spray|p2b: Deerling\n|-supereffective|p2b: Deerling\n|-damage|p2b: Deerling|37\/100\n|-unboost|p2b: Deerling|spd|2\n|\n|-damage|p1a: Eelektrik|0 fnt|[from] Curse\n|faint|p1a: Eelektrik\n|upkeep\n|\n|t:|1701120214\n|switch|p2a: Dragonair|Dragonair, M|100\/100\n|-damage|p2a: Dragonair|88\/100|[from] Stealth Rock\n|turn|10\n|\n|t:|1701120220\n|move|p2a: Dragonair|Outrage|p1b: Sinistea\n|-damage|p1b: Sinistea|0 fnt\n|faint|p1b: Sinistea\n|\n|win|ombrax\n|n|\u2606Shuckle15|shuckle15\n|n|\u2606ombrax|ombrax\n|n|*Lady Monita \u2746|ladymonita\n|l|*Lady Monita \u2746\n|l|\u2606ombrax\n|l|\u2606Shuckle15\n|j| Ally Switch Andy\n","uploadtime":1701120521,"views":4,"p1id":"shuckle15","p2id":"ombrax","formatid":"gen9doublesou","rating":0,"private":0,"password":""}