{"id":"gen9doublesou-1991118610","p1":"Woogu","p2":"Vampirtulpe","format":"[Gen 9] Doubles OU","log":"|j|\u2606Woogu\n|j|\u2606Vampirtulpe\n|t:|1700045761\n|gametype|doubles\n|player|p1|Woogu|morgan|1311\n|player|p2|Vampirtulpe|grimsley|1460\n|teamsize|p1|6\n|teamsize|p2|6\n|gen|9\n|tier|[Gen 9] Doubles OU\n|rated|\n|rule|Species Clause: Limit one of each Pok\u00e9mon\n|rule|OHKO Clause: OHKO moves are banned\n|rule|Evasion Moves Clause: Evasion moves are banned\n|rule|Gravity Sleep Clause: The combination of sleep-inducing moves with imperfect accuracy and Gravity or Gigantamax Orbeetle are banned\n|rule|Endless Battle Clause: Forcing endless battles is banned\n|rule|HP Percentage Mod: HP is shown in percentages\n|clearpoke\n|poke|p1|Oricorio-Sensu, F|\n|poke|p1|Volcarona, F|\n|poke|p1|Torkoal, F|\n|poke|p1|Flamigo, F|\n|poke|p1|Great Tusk|\n|poke|p1|Lilligant, F|\n|poke|p2|Kommo-o, F|\n|poke|p2|Oricorio, F|\n|poke|p2|Volcarona, M|\n|poke|p2|Iron Moth|\n|poke|p2|Gliscor, F|\n|poke|p2|Tinkaton, F|\n|teampreview\n|inactive|Battle timer is ON: inactive players will automatically lose when time's up. (requested by Woogu)\n|c|\u2606Vampirtulpe|My brother, I found you\n|\n|t:|1700045778\n|start\n|switch|p1a: Oricorio|Oricorio-Sensu, F, shiny|100\/100\n|switch|p1b: Volcarona|Volcarona, F|100\/100\n|switch|p2a: Gliscor|Gliscor, F|100\/100\n|switch|p2b: Tinkaton|Tinkaton, F|100\/100\n|-ability|p2b: Tinkaton|Mold Breaker\n|turn|1\n|c|\u2606Woogu|Lol\n|\n|t:|1700045792\n|move|p2b: Tinkaton|Fake Out|p1b: Volcarona\n|-damage|p1b: Volcarona|92\/100\n|cant|p1b: Volcarona|flinch\n|move|p1a: Oricorio|Substitute|p1a: Oricorio\n|-start|p1a: Oricorio|Substitute\n|-damage|p1a: Oricorio|76\/100\n|move|p2a: Gliscor|Tailwind|p2a: Gliscor\n|-sidestart|p2: Vampirtulpe|move: Tailwind\n|\n|-heal|p1b: Volcarona|98\/100|[from] item: Leftovers\n|-heal|p1a: Oricorio|82\/100|[from] item: Leftovers\n|-status|p2a: Gliscor|tox|[from] item: Toxic Orb\n|upkeep\n|turn|2\n|c|\u2606Vampirtulpe|Fwellow Oricorio enjoyer\n|\n|t:|1700045810\n|move|p2b: Tinkaton|Thunder Wave|p1b: Volcarona\n|-status|p1b: Volcarona|par\n|move|p2a: Gliscor|Gunk Shot|p1b: Volcarona\n|-damage|p1b: Volcarona|57\/100 par\n|move|p1a: Oricorio|Revelation Dance|p2a: Gliscor\n|-damage|p2a: Gliscor|53\/100 tox\n|move|p1b: Volcarona|Quiver Dance|p1b: Volcarona\n|-boost|p1b: Volcarona|spa|1\n|-boost|p1b: Volcarona|spd|1\n|-boost|p1b: Volcarona|spe|1\n|-activate|p1a: Oricorio|ability: Dancer\n|move|p1a: Oricorio|Quiver Dance|p1a: Oricorio|[from]ability: Dancer\n|-boost|p1a: Oricorio|spa|1\n|-boost|p1a: Oricorio|spd|1\n|-boost|p1a: Oricorio|spe|1\n|\n|-heal|p1a: Oricorio|88\/100|[from] item: Leftovers\n|-heal|p1b: Volcarona|63\/100 par|[from] item: Leftovers\n|-heal|p2a: Gliscor|65\/100 tox|[from] ability: Poison Heal\n|upkeep\n|turn|3\n|c|\u2606Woogu|Yess\n|inactive|Vampirtulpe has 120 seconds left.\n|\n|t:|1700045841\n|switch|p2b: Oricorio|Oricorio, F, shiny|100\/100\n|move|p2a: Gliscor|Earthquake|p1b: Volcarona|[spread] p1b\n|-immune|p2b: Oricorio\n|-immune|p1a: Oricorio\n|-crit|p1b: Volcarona\n|-damage|p1b: Volcarona|11\/100 par\n|move|p1a: Oricorio|Revelation Dance|p2a: Gliscor\n|-damage|p2a: Gliscor|0 fnt\n|faint|p2a: Gliscor\n|-activate|p2b: Oricorio|ability: Dancer\n|move|p2b: Oricorio|Revelation Dance|p1a: Oricorio|[from]ability: Dancer\n|-end|p1a: Oricorio|Substitute\n|cant|p1b: Volcarona|par\n|\n|-heal|p1a: Oricorio|94\/100|[from] item: Leftovers\n|-heal|p1b: Volcarona|18\/100 par|[from] item: Leftovers\n|upkeep\n|inactive|Vampirtulpe has 120 seconds left.\n|c|\u2606Woogu|Oricorio dancer best strat\n|c|\u2606Vampirtulpe|For real its so funnnn\n|\n|t:|1700045866\n|switch|p2a: Iron Moth|Iron Moth|100\/100\n|-enditem|p2a: Iron Moth|Booster Energy\n|-activate|p2a: Iron Moth|ability: Quark Drive|[fromitem]\n|-start|p2a: Iron Moth|quarkdrivespe\n|turn|4\n|inactive|Vampirtulpe has 120 seconds left.\n|\n|t:|1700045887\n|-terastallize|p1a: Oricorio|Fire\n|move|p1b: Volcarona|Rage Powder|p1b: Volcarona\n|-singleturn|p1b: Volcarona|move: Rage Powder\n|move|p2a: Iron Moth|Fiery Dance|p1b: Volcarona\n|-damage|p1b: Volcarona|0 fnt\n|-boost|p2a: Iron Moth|spa|1\n|faint|p1b: Volcarona\n|-activate|p2b: Oricorio|ability: Dancer\n|move|p2b: Oricorio|Fiery Dance|p1a: Oricorio|[from]ability: Dancer\n|-resisted|p1a: Oricorio\n|-damage|p1a: Oricorio|74\/100\n|-activate|p1a: Oricorio|ability: Dancer\n|move|p1a: Oricorio|Fiery Dance|p2a: Iron Moth|[from]ability: Dancer\n|-resisted|p2a: Iron Moth\n|-damage|p2a: Iron Moth|77\/100\n|-boost|p1a: Oricorio|spa|1\n|move|p2b: Oricorio|Quiver Dance|p2b: Oricorio\n|-boost|p2b: Oricorio|spa|1\n|-boost|p2b: Oricorio|spd|1\n|-boost|p2b: Oricorio|spe|1\n|-activate|p1a: Oricorio|ability: Dancer\n|move|p1a: Oricorio|Quiver Dance|p1a: Oricorio|[from]ability: Dancer\n|-boost|p1a: Oricorio|spa|1\n|-boost|p1a: Oricorio|spd|1\n|-boost|p1a: Oricorio|spe|1\n|move|p1a: Oricorio|Revelation Dance|p2a: Iron Moth\n|-resisted|p2a: Iron Moth\n|-damage|p2a: Iron Moth|31\/100\n|-activate|p2b: Oricorio|ability: Dancer\n|move|p2b: Oricorio|Revelation Dance|p1a: Oricorio|[from]ability: Dancer\n|-resisted|p1a: Oricorio\n|-damage|p1a: Oricorio|48\/100\n|\n|-heal|p1a: Oricorio|54\/100|[from] item: Leftovers\n|-sideend|p2: Vampirtulpe|move: Tailwind\n|upkeep\n|inactive|Woogu has 120 seconds left.\n|c|\u2606Vampirtulpe|i cant stop laughing help me- xDDD\n|\n|t:|1700045926\n|switch|p1b: Flamigo|Flamigo, F|100\/100\n|-copyboost|p1b: Flamigo|p1a: Oricorio|[from] ability: Costar\n|turn|5\n|inactive|Woogu has 120 seconds left.\n|\n|t:|1700045937\n|move|p2b: Oricorio|Protect|p2b: Oricorio\n|-singleturn|p2b: Oricorio|Protect\n|move|p1a: Oricorio|Revelation Dance|p2b: Oricorio\n|-activate|p2b: Oricorio|move: Protect\n|move|p1b: Flamigo|Copycat|p1b: Flamigo\n|move|p1b: Flamigo|Revelation Dance|p2b: Oricorio|[from]move: Copycat\n|-activate|p2b: Oricorio|move: Protect\n|-activate|p2b: Oricorio|ability: Dancer\n|move|p2b: Oricorio|Revelation Dance|p1b: Flamigo|[from]ability: Dancer\n|-damage|p1b: Flamigo|50\/100\n|-activate|p1a: Oricorio|ability: Dancer\n|move|p1a: Oricorio|Revelation Dance|p2b: Oricorio|[from]ability: Dancer\n|-activate|p2b: Oricorio|move: Protect\n|move|p2a: Iron Moth|Fiery Dance|p1b: Flamigo\n|-damage|p1b: Flamigo|9\/100\n|-activate|p2b: Oricorio|ability: Dancer\n|move|p2b: Oricorio|Fiery Dance|p1b: Flamigo|[from]ability: Dancer\n|-damage|p1b: Flamigo|0 fnt\n|faint|p1b: Flamigo\n|-activate|p1a: Oricorio|ability: Dancer\n|move|p1a: Oricorio|Fiery Dance|p2a: Iron Moth|[from]ability: Dancer\n|-resisted|p2a: Iron Moth\n|-damage|p2a: Iron Moth|0 fnt\n|faint|p2a: Iron Moth\n|-end|p2a: Iron Moth|Quark Drive|[silent]\n|\n|-heal|p1a: Oricorio|61\/100|[from] item: Leftovers\n|upkeep\n|c|\u2606Vampirtulpe|AHH HELP ME xD\n|inactive|Woogu has 120 seconds left.\n|inactive|Vampirtulpe has 120 seconds left.\n|c|\u2606Woogu|Lol\n|\n|t:|1700045985\n|switch|p2a: Tinkaton|Tinkaton, F|100\/100\n|switch|p1b: Torkoal|Torkoal, F|100\/100\n|-ability|p2a: Tinkaton|Mold Breaker\n|-weather|SunnyDay|[from] ability: Drought|[of] p1b: Torkoal\n|turn|6\n|c|\u2606Vampirtulpe|this is the funniest shit ive eever seen\n|inactive|Woogu has 120 seconds left.\n|inactive|Vampirtulpe has 120 seconds left.\n|\n|t:|1700046010\n|-terastallize|p2a: Tinkaton|Water\n|move|p1a: Oricorio|Protect|p1a: Oricorio\n|-singleturn|p1a: Oricorio|Protect\n|move|p2a: Tinkaton|Fake Out|p1b: Torkoal\n|-damage|p1b: Torkoal|95\/100\n|move|p2b: Oricorio|Air Slash|p1a: Oricorio\n|-activate|p1a: Oricorio|move: Protect\n|cant|p1b: Torkoal|flinch\n|\n|-weather|SunnyDay|[upkeep]\n|-heal|p1a: Oricorio|67\/100|[from] item: Leftovers\n|upkeep\n|turn|7\n|c|\u2606Woogu|Yeah same\n|\n|t:|1700046024\n|move|p2b: Oricorio|Protect|p2b: Oricorio\n|-singleturn|p2b: Oricorio|Protect\n|move|p1a: Oricorio|Substitute|p1a: Oricorio\n|-start|p1a: Oricorio|Substitute\n|-damage|p1a: Oricorio|42\/100\n|move|p2a: Tinkaton|Thunder Wave|p1b: Torkoal\n|-status|p1b: Torkoal|par\n|move|p1b: Torkoal|Eruption|p2b: Oricorio|[spread] p2a\n|-activate|p2b: Oricorio|move: Protect\n|-resisted|p2a: Tinkaton\n|-damage|p2a: Tinkaton|72\/100\n|\n|-weather|SunnyDay|[upkeep]\n|-heal|p1a: Oricorio|48\/100|[from] item: Leftovers\n|-heal|p2a: Tinkaton|78\/100|[from] item: Leftovers\n|upkeep\n|turn|8\n|\n|t:|1700046052\n|switch|p1b: Lilligant|Lilligant, F|100\/100\n|move|p1a: Oricorio|Protect|p1a: Oricorio\n|-singleturn|p1a: Oricorio|Protect\n|move|p2b: Oricorio|Air Slash|p1b: Lilligant\n|-supereffective|p1b: Lilligant\n|-damage|p1b: Lilligant|0 fnt\n|faint|p1b: Lilligant\n|move|p2a: Tinkaton|Gigaton Hammer|p1a: Oricorio\n|-activate|p1a: Oricorio|move: Protect\n|\n|-weather|SunnyDay|[upkeep]\n|-heal|p1a: Oricorio|54\/100|[from] item: Leftovers\n|-heal|p2a: Tinkaton|84\/100|[from] item: Leftovers\n|upkeep\n|\n|t:|1700046060\n|switch|p1b: Great Tusk|Great Tusk|100\/100\n|-activate|p1b: Great Tusk|ability: Protosynthesis\n|-start|p1b: Great Tusk|protosynthesisatk\n|turn|9\n|\n|t:|1700046079\n|switch|p2a: Kommo-o|Kommo-o, F|100\/100\n|move|p1a: Oricorio|Revelation Dance|p2b: Oricorio\n|-resisted|p2b: Oricorio\n|-damage|p2b: Oricorio|19\/100\n|-activate|p2b: Oricorio|ability: Dancer\n|move|p2b: Oricorio|Revelation Dance|p1a: Oricorio|[from]ability: Dancer\n|-resisted|p1a: Oricorio\n|-end|p1a: Oricorio|Substitute\n|move|p2b: Oricorio|Air Slash|p1b: Great Tusk\n|-supereffective|p1b: Great Tusk\n|-damage|p1b: Great Tusk|0 fnt\n|faint|p1b: Great Tusk\n|-end|p1b: Great Tusk|Protosynthesis|[silent]\n|\n|-weather|SunnyDay|[upkeep]\n|-heal|p1a: Oricorio|61\/100|[from] item: Leftovers\n|-heal|p2b: Oricorio|25\/100|[from] item: Leftovers\n|upkeep\n|\n|t:|1700046094\n|switch|p1b: Torkoal|Torkoal, F|95\/100 par\n|turn|10\n|\n|t:|1700046106\n|move|p2b: Oricorio|Protect|p2b: Oricorio\n|-singleturn|p2b: Oricorio|Protect\n|move|p1a: Oricorio|Revelation Dance|p2b: Oricorio\n|-activate|p2b: Oricorio|move: Protect\n|move|p2a: Kommo-o|Clangorous Soul|p2a: Kommo-o\n|-boost|p2a: Kommo-o|atk|1\n|-boost|p2a: Kommo-o|def|1\n|-boost|p2a: Kommo-o|spa|1\n|-boost|p2a: Kommo-o|spd|1\n|-boost|p2a: Kommo-o|spe|1\n|-damage|p2a: Kommo-o|68\/100\n|-enditem|p2a: Kommo-o|Throat Spray\n|-boost|p2a: Kommo-o|spa|1|[from] item: Throat Spray\n|-activate|p2b: Oricorio|ability: Dancer\n|move|p2b: Oricorio|Clangorous Soul||[from]ability: Dancer|[still]\n|-fail|p2b: Oricorio\n|-activate|p1a: Oricorio|ability: Dancer\n|move|p1a: Oricorio|Clangorous Soul|p1a: Oricorio|[from]ability: Dancer\n|-boost|p1a: Oricorio|atk|1\n|-boost|p1a: Oricorio|def|1\n|-boost|p1a: Oricorio|spa|1\n|-boost|p1a: Oricorio|spd|1\n|-boost|p1a: Oricorio|spe|1\n|-damage|p1a: Oricorio|28\/100\n|cant|p1b: Torkoal|par\n|\n|-weather|SunnyDay|[upkeep]\n|-heal|p1a: Oricorio|34\/100|[from] item: Leftovers\n|-heal|p2b: Oricorio|31\/100|[from] item: Leftovers\n|upkeep\n|turn|11\n|inactive|Vampirtulpe has 120 seconds left.\n|\n|t:|1700046140\n|move|p1a: Oricorio|Protect|p1a: Oricorio\n|-singleturn|p1a: Oricorio|Protect\n|cant|p1b: Torkoal|par\n|move|p2b: Oricorio|Air Slash|p1a: Oricorio\n|-activate|p1a: Oricorio|move: Protect\n|move|p2a: Kommo-o|Clanging Scales|p1b: Torkoal|[spread] p1b\n|-activate|p1a: Oricorio|move: Protect\n|-damage|p1b: Torkoal|19\/100 par\n|-unboost|p2a: Kommo-o|def|1\n|\n|-weather|SunnyDay|[upkeep]\n|-heal|p1a: Oricorio|40\/100|[from] item: Leftovers\n|-heal|p2b: Oricorio|38\/100|[from] item: Leftovers\n|upkeep\n|turn|12\n|\n|t:|1700046161\n|move|p2b: Oricorio|Protect|p2b: Oricorio\n|-singleturn|p2b: Oricorio|Protect\n|move|p1a: Oricorio|Revelation Dance|p2b: Oricorio\n|-activate|p2b: Oricorio|move: Protect\n|move|p2a: Kommo-o|Clanging Scales|p1b: Torkoal|[spread] p1a,p1b\n|-damage|p1a: Oricorio|2\/100\n|-damage|p1b: Torkoal|0 fnt\n|faint|p1b: Torkoal\n|-unboost|p2a: Kommo-o|def|1\n|\n|-weather|SunnyDay|[upkeep]\n|-heal|p1a: Oricorio|8\/100|[from] item: Leftovers\n|-heal|p2b: Oricorio|44\/100|[from] item: Leftovers\n|upkeep\n|turn|13\n|c|\u2606Vampirtulpe|gg wp, thanks for the funniest battle\n|c|\u2606Woogu|Gg!\n|\n|t:|1700046179\n|move|p1a: Oricorio|Revelation Dance|p2b: Oricorio\n|-resisted|p2b: Oricorio\n|-damage|p2b: Oricorio|0 fnt\n|faint|p2b: Oricorio\n|move|p2a: Kommo-o|Clangorous Soul|p2a: Kommo-o\n|-boost|p2a: Kommo-o|atk|1\n|-boost|p2a: Kommo-o|def|1\n|-boost|p2a: Kommo-o|spa|1\n|-boost|p2a: Kommo-o|spd|1\n|-boost|p2a: Kommo-o|spe|1\n|-damage|p2a: Kommo-o|35\/100\n|-activate|p1a: Oricorio|ability: Dancer\n|move|p1a: Oricorio|Clangorous Soul||[from]ability: Dancer|[still]\n|-fail|p1a: Oricorio\n|\n|-weather|none\n|-heal|p1a: Oricorio|14\/100|[from] item: Leftovers\n|upkeep\n|c|\u2606Woogu|Let's finish by dancing\n|c|\u2606Vampirtulpe|I agree, let us dance\n|\n|t:|1700046198\n|switch|p2b: Volcarona|Volcarona, M|100\/100\n|turn|14\n|\n|t:|1700046203\n|move|p1a: Oricorio|Revelation Dance|p2b: Volcarona\n|-damage|p2b: Volcarona|0 fnt\n|faint|p2b: Volcarona\n|move|p2a: Kommo-o|Clanging Scales|p1a: Oricorio\n|-damage|p1a: Oricorio|0 fnt\n|faint|p1a: Oricorio\n|\n|win|Vampirtulpe\n|raw|Woogu's rating: 1311 &rarr; <strong>1299<\/strong><br \/>(-12 for losing)\n|raw|Vampirtulpe's rating: 1460 &rarr; <strong>1472<\/strong><br \/>(+12 for winning)\n|c|\u2606Woogu|Funny battle\n|c|\u2606Vampirtulpe|for real, thank you\n","uploadtime":1700046220,"views":7,"p1id":"woogu","p2id":"vampirtulpe","formatid":"gen9doublesou","rating":1299,"private":0,"password":""}