{"id":"gen9doublesou-1977548828","p1":"Bealue","p2":"RT-Bubblez","format":"[Gen 9] Doubles OU","log":"|j|\u2606Bealue\n|j|\u2606RT-Bubblez\n|t:|1698426403\n|gametype|doubles\n|player|p1|Bealue|caitlin|1114\n|player|p2|RT-Bubblez|1|1161\n|teamsize|p1|6\n|teamsize|p2|6\n|gen|9\n|tier|[Gen 9] Doubles OU\n|rated|\n|rule|Species Clause: Limit one of each Pok\u00e9mon\n|rule|OHKO Clause: OHKO moves are banned\n|rule|Evasion Moves Clause: Evasion moves are banned\n|rule|Gravity Sleep Clause: The combination of sleep-inducing moves with imperfect accuracy and Gravity or Gigantamax Orbeetle are banned\n|rule|Endless Battle Clause: Forcing endless battles is banned\n|rule|HP Percentage Mod: HP is shown in percentages\n|clearpoke\n|poke|p1|Arcanine-Hisui, F|\n|poke|p1|Samurott-Hisui, F|\n|poke|p1|Walking Wake|\n|poke|p1|Cyclizar, M|\n|poke|p1|Copperajah, F|\n|poke|p1|Maushold-Four|\n|poke|p2|Shiftry, F|\n|poke|p2|Enamorus, F|\n|poke|p2|Hoopa-Unbound|\n|poke|p2|Kingambit, F|\n|poke|p2|Chandelure, F|\n|poke|p2|Gholdengo|\n|teampreview\n|\n|t:|1698426423\n|start\n|switch|p1a: Walking Wake|Walking Wake|100\/100\n|switch|p1b: Maushold|Maushold-Four, shiny|100\/100\n|switch|p2a: Shiftry|Shiftry, F|100\/100\n|switch|p2b: Gholdengo|Gholdengo|100\/100\n|turn|1\n|\n|t:|1698426432\n|move|p1b: Maushold|Follow Me|p1b: Maushold\n|-singleturn|p1b: Maushold|move: Follow Me\n|move|p1a: Walking Wake|Sunny Day|p1a: Walking Wake\n|-weather|SunnyDay\n|-activate|p1a: Walking Wake|ability: Protosynthesis\n|-start|p1a: Walking Wake|protosynthesisspa\n|move|p2a: Shiftry|Tailwind|p2a: Shiftry\n|-sidestart|p2: RT-Bubblez|move: Tailwind\n|-ability|p2a: Shiftry|Wind Rider|boost\n|-boost|p2a: Shiftry|atk|1\n|move|p2b: Gholdengo|Nasty Plot|p2b: Gholdengo\n|-boost|p2b: Gholdengo|spa|2\n|\n|-weather|SunnyDay|[upkeep]\n|upkeep\n|turn|2\n|\n|t:|1698426455\n|move|p1b: Maushold|Helping Hand|p1a: Walking Wake\n|-singleturn|p1a: Walking Wake|Helping Hand|[of] p1b: Maushold\n|move|p2a: Shiftry|Leaf Blade|p1a: Walking Wake\n|-damage|p1a: Walking Wake|36\/100\n|move|p2b: Gholdengo|Make It Rain|p1b: Maushold|[spread] p1a,p1b\n|-resisted|p1a: Walking Wake\n|-damage|p1a: Walking Wake|0 fnt\n|-damage|p1b: Maushold|0 fnt\n|-unboost|p2b: Gholdengo|spa|1\n|faint|p1a: Walking Wake\n|-end|p1a: Walking Wake|Protosynthesis|[silent]\n|faint|p1b: Maushold\n|\n|-weather|SunnyDay|[upkeep]\n|upkeep\n|\n|t:|1698426486\n|switch|p1b: Cyclizar|Cyclizar, M, shiny|100\/100\n|switch|p1a: Arcanine|Arcanine-Hisui, F, shiny|100\/100\n|turn|3\n|\n|t:|1698426503\n|move|p2a: Shiftry|Leaf Blade|p1a: Arcanine\n|-damage|p1a: Arcanine|24\/100\n|move|p2b: Gholdengo|Make It Rain|p1a: Arcanine|[spread] p1a,p1b\n|-damage|p1a: Arcanine|0 fnt\n|-damage|p1b: Cyclizar|0 fnt\n|-unboost|p2b: Gholdengo|spa|1\n|faint|p1a: Arcanine\n|faint|p1b: Cyclizar\n|\n|-weather|SunnyDay|[upkeep]\n|upkeep\n|\n|t:|1698426509\n|switch|p1b: Samurott|Samurott-Hisui, F, shiny|100\/100\n|switch|p1a: Copperajah|Copperajah, F, shiny|100\/100\n|turn|4\n|\n|t:|1698426515\n|move|p1b: Samurott|Sucker Punch|p2b: Gholdengo\n|-supereffective|p2b: Gholdengo\n|-damage|p2b: Gholdengo|18\/100\n|move|p2a: Shiftry|Leaf Blade|p1b: Samurott\n|-supereffective|p1b: Samurott\n|-damage|p1b: Samurott|0 fnt\n|faint|p1b: Samurott\n|move|p2b: Gholdengo|Focus Blast|p1a: Copperajah\n|-supereffective|p1a: Copperajah\n|-damage|p1a: Copperajah|16\/100\n|move|p1a: Copperajah|Heavy Slam|p2a: Shiftry\n|-enditem|p2a: Shiftry|Focus Sash\n|-damage|p2a: Shiftry|1\/100\n|\n|-weather|SunnyDay|[upkeep]\n|-sideend|p2: RT-Bubblez|move: Tailwind\n|upkeep\n|turn|5\n|\n|t:|1698426531\n|move|p2a: Shiftry|Leaf Blade|p1a: Copperajah\n|-resisted|p1a: Copperajah\n|-damage|p1a: Copperajah|0 fnt\n|faint|p1a: Copperajah\n|\n|win|RT-Bubblez\n|raw|Bealue's rating: 1114 &rarr; <strong>1092<\/strong><br \/>(-22 for losing)\n|raw|RT-Bubblez's rating: 1161 &rarr; <strong>1183<\/strong><br \/>(+22 for winning)\n|l|\u2606Bealue\n","uploadtime":1698426539,"views":15,"p1id":"bealue","p2id":"rtbubblez","formatid":"gen9doublesou","rating":1092,"private":0,"password":""}