{"id":"gen9doublesou-1973861502","p1":"Gibblesbythedozen","p2":"Nurvis","format":"[Gen 9] Doubles OU","log":"|j|\u2606Gibblesbythedozen\n|j|\u2606Nurvis\n|t:|1698021636\n|gametype|doubles\n|player|p1|Gibblesbythedozen|li|\n|player|p2|Nurvis|musician|\n|teamsize|p1|6\n|teamsize|p2|6\n|gen|9\n|tier|[Gen 9] Doubles OU\n|rule|Species Clause: Limit one of each Pok\u00e9mon\n|rule|OHKO Clause: OHKO moves are banned\n|rule|Evasion Moves Clause: Evasion moves are banned\n|rule|Gravity Sleep Clause: The combination of sleep-inducing moves with imperfect accuracy and Gravity or Gigantamax Orbeetle are banned\n|rule|Endless Battle Clause: Forcing endless battles is banned\n|rule|HP Percentage Mod: HP is shown in percentages\n|clearpoke\n|poke|p1|Tornadus, M|\n|poke|p1|Furret, M|\n|poke|p1|Dugtrio, F|\n|poke|p1|Gardevoir, M|\n|poke|p1|Hydreigon, M|\n|poke|p1|Quagsire, F|\n|poke|p2|Arboliva, M|\n|poke|p2|Hawlucha, F|\n|poke|p2|Rotom-Wash|\n|poke|p2|Goodra-Hisui, M|\n|poke|p2|Ogerpon-Wellspring, F|\n|poke|p2|Fezandipiti, M|\n|teampreview\n|j| ProbablyJamesLive\n|\n|t:|1698021648\n|start\n|switch|p1a: Tornadus|Tornadus, M|100\/100\n|switch|p1b: Furret|Furret, M|100\/100\n|switch|p2a: Not-yo Libre|Hawlucha, F, shiny|100\/100\n|switch|p2b: Big Smoliv|Arboliva, M|100\/100\n|turn|1\n|j| Off Vigorously\n|\n|t:|1698021683\n|move|p2a: Not-yo Libre|Protect|p2a: Not-yo Libre\n|-singleturn|p2a: Not-yo Libre|Protect\n|move|p1a: Tornadus|Tailwind|p1a: Tornadus\n|-sidestart|p1: Gibblesbythedozen|move: Tailwind\n|move|p1b: Furret|Tidy Up|p1b: Furret\n|-boost|p1b: Furret|atk|1\n|-boost|p1b: Furret|spe|1\n|move|p2b: Big Smoliv|Light Screen|p2b: Big Smoliv\n|-sidestart|p2: Nurvis|move: Light Screen\n|\n|upkeep\n|turn|2\n|\n|t:|1698021705\n|move|p2a: Not-yo Libre|Protect||[still]\n|-fail|p2a: Not-yo Libre\n|move|p1a: Tornadus|Taunt|p2b: Big Smoliv\n|-start|p2b: Big Smoliv|move: Taunt\n|move|p1b: Furret|Double-Edge|p2a: Not-yo Libre\n|-damage|p2a: Not-yo Libre|0 fnt\n|faint|p2a: Not-yo Libre\n|-damage|p1b: Furret|69\/100|[from] Recoil\n|-damage|p1b: Furret|59\/100|[from] item: Life Orb\n|cant|p2b: Big Smoliv|move: Taunt|Reflect\n|\n|upkeep\n|\n|t:|1698021719\n|switch|p2a: Tera|Rotom-Wash|100\/100\n|turn|3\n|\n|t:|1698021744\n|move|p1b: Furret|Double-Edge|p2b: Big Smoliv\n|-crit|p2b: Big Smoliv\n|-damage|p2b: Big Smoliv|0 fnt\n|-fieldstart|move: Grassy Terrain|[from] ability: Seed Sower|[of] p2b: Big Smoliv\n|faint|p2b: Big Smoliv\n|-damage|p1b: Furret|28\/100|[from] Recoil\n|-damage|p1b: Furret|18\/100|[from] item: Life Orb\n|move|p1a: Tornadus|Bleakwind Storm|p2a: Tera\n|-resisted|p2a: Tera\n|-damage|p2a: Tera|79\/100\n|-unboost|p2a: Tera|spe|1\n|move|p2a: Tera|Thunderbolt|p1b: Furret\n|-damage|p1b: Furret|0 fnt\n|faint|p1b: Furret\n|\n|upkeep\n|\n|t:|1698021767\n|switch|p1b: Dugtrio|Dugtrio, F|100\/100\n|switch|p2b: War Criminale|Ogerpon-Wellspring, F|100\/100\n|turn|4\n|\n|t:|1698021786\n|-terastallize|p2a: Tera|Electric\n|move|p1b: Dugtrio|Earthquake|p2b: War Criminale|[spread] p2b\n|-immune|p1a: Tornadus\n|-immune|p2a: Tera|[from] ability: Levitate\n|-resisted|p2b: War Criminale\n|-damage|p2b: War Criminale|86\/100\n|-damage|p1b: Dugtrio|91\/100|[from] item: Life Orb\n|move|p1a: Tornadus|Bleakwind Storm|p2a: Tera|[spread] p2a\n|-miss|p1a: Tornadus|p2b: War Criminale\n|-resisted|p2a: Tera\n|-damage|p2a: Tera|62\/100\n|move|p2b: War Criminale|Ivy Cudgel|p1b: Dugtrio\n|-supereffective|p1b: Dugtrio\n|-damage|p1b: Dugtrio|0 fnt\n|faint|p1b: Dugtrio\n|move|p2a: Tera|Thunderbolt|p1a: Tornadus\n|-supereffective|p1a: Tornadus\n|-enditem|p1a: Tornadus|Focus Sash\n|-damage|p1a: Tornadus|1\/100\n|\n|-heal|p2b: War Criminale|92\/100|[from] Grassy Terrain\n|-sideend|p1: Gibblesbythedozen|move: Tailwind\n|upkeep\n|\n|t:|1698021811\n|switch|p1b: Gardevoir|Gardevoir, M|100\/100\n|-ability|p1b: Gardevoir|Water Absorb|[from] ability: Trace|[of] p2b: War Criminale\n|turn|5\n|\n|t:|1698021827\n|move|p1a: Tornadus|Protect|p1a: Tornadus\n|-singleturn|p1a: Tornadus|Protect\n|move|p1b: Gardevoir|Psychic|p2a: Tera\n|-damage|p2a: Tera|23\/100\n|move|p2b: War Criminale|Knock Off|p1b: Gardevoir\n|-damage|p1b: Gardevoir|39\/100\n|-enditem|p1b: Gardevoir|Choice Scarf|[from] move: Knock Off|[of] p2b: War Criminale\n|move|p2a: Tera|Nasty Plot|p2a: Tera\n|-boost|p2a: Tera|spa|2\n|\n|-heal|p2b: War Criminale|98\/100|[from] Grassy Terrain\n|-heal|p1b: Gardevoir|45\/100|[from] Grassy Terrain\n|-sideend|p2: Nurvis|move: Light Screen\n|upkeep\n|turn|6\n|\n|t:|1698021855\n|move|p2b: War Criminale|Ivy Cudgel|p1b: Gardevoir\n|-heal|p1b: Gardevoir|70\/100|[from] ability: Water Absorb|[of] p2b: War Criminale\n|move|p1a: Tornadus|Bleakwind Storm|p2a: Tera|[spread] p2a,p2b\n|-resisted|p2a: Tera\n|-supereffective|p2b: War Criminale\n|-damage|p2a: Tera|0 fnt\n|-damage|p2b: War Criminale|14\/100\n|faint|p2a: Tera\n|move|p1b: Gardevoir|Psychic|p2b: War Criminale\n|-damage|p2b: War Criminale|0 fnt\n|faint|p2b: War Criminale\n|\n|-heal|p1b: Gardevoir|76\/100|[from] Grassy Terrain\n|upkeep\n|\n|t:|1698021872\n|switch|p2b: War Criminal|Goodra-Hisui, M|100\/100\n|switch|p2a: War Criminole|Fezandipiti, M|100\/100\n|turn|7\n|\n|t:|1698021890\n|move|p1a: Tornadus|Tailwind|p1a: Tornadus\n|-sidestart|p1: Gibblesbythedozen|move: Tailwind\n|move|p1b: Gardevoir|Psychic|p2a: War Criminole\n|-supereffective|p2a: War Criminole\n|-damage|p2a: War Criminole|36\/100\n|-unboost|p2a: War Criminole|spd|1\n|move|p2a: War Criminole|Icy Wind|p1b: Gardevoir|[spread] p1a,p1b\n|-supereffective|p1a: Tornadus\n|-damage|p1a: Tornadus|0 fnt\n|-damage|p1b: Gardevoir|68\/100\n|-unboost|p1b: Gardevoir|spe|1\n|faint|p1a: Tornadus\n|move|p2b: War Criminal|Muddy Water|p1b: Gardevoir\n|-heal|p1b: Gardevoir|93\/100|[from] ability: Water Absorb|[of] p2b: War Criminal\n|\n|-heal|p1b: Gardevoir|99\/100|[from] Grassy Terrain\n|-heal|p2a: War Criminole|42\/100|[from] Grassy Terrain\n|-heal|p2a: War Criminole|48\/100|[from] item: Black Sludge\n|-fieldend|move: Grassy Terrain\n|upkeep\n|\n|t:|1698021910\n|switch|p1a: Hydreigon|Hydreigon, M|100\/100\n|turn|8\n|\n|t:|1698021926\n|move|p1a: Hydreigon|Draco Meteor|p2b: War Criminal\n|-damage|p2b: War Criminal|34\/100\n|-unboost|p1a: Hydreigon|spa|2\n|move|p1b: Gardevoir|Psychic|p2a: War Criminole\n|-supereffective|p2a: War Criminole\n|-damage|p2a: War Criminole|0 fnt\n|faint|p2a: War Criminole\n|move|p2b: War Criminal|Flash Cannon|p1b: Gardevoir\n|-supereffective|p1b: Gardevoir\n|-damage|p1b: Gardevoir|10\/100\n|\n|-heal|p2b: War Criminal|40\/100|[from] item: Leftovers\n|upkeep\n|turn|9\n|\n|t:|1698021963\n|move|p1a: Hydreigon|Draco Meteor|p2b: War Criminal\n|-damage|p2b: War Criminal|8\/100\n|-unboost|p1a: Hydreigon|spa|2\n|move|p1b: Gardevoir|Moonblast|p2b: War Criminal\n|-damage|p2b: War Criminal|0 fnt\n|faint|p2b: War Criminal\n|\n|win|Gibblesbythedozen\n","uploadtime":1698021976,"views":82,"p1id":"gibblesbythedozen","p2id":"nurvis","formatid":"gen9doublesou","rating":0,"private":0,"password":""}