{"id":"gen9doublesou-1973642471","p1":"LuwenGuy69","p2":"mikeyuwu","format":"[Gen 9] Doubles OU","log":"|j|\u2606LuwenGuy69\n|j|\u2606mikeyuwu\n|t:|1697999047\n|gametype|doubles\n|player|p1|LuwenGuy69|101|1219\n|player|p2|mikeyuwu|psychic-gen4|1177\n|teamsize|p1|6\n|teamsize|p2|6\n|gen|9\n|tier|[Gen 9] Doubles OU\n|rated|\n|rule|Species Clause: Limit one of each Pok\u00e9mon\n|rule|OHKO Clause: OHKO moves are banned\n|rule|Evasion Moves Clause: Evasion moves are banned\n|rule|Gravity Sleep Clause: The combination of sleep-inducing moves with imperfect accuracy and Gravity or Gigantamax Orbeetle are banned\n|rule|Endless Battle Clause: Forcing endless battles is banned\n|rule|HP Percentage Mod: HP is shown in percentages\n|clearpoke\n|poke|p1|Samurott-Hisui, F|\n|poke|p1|Flutter Mane|\n|poke|p1|Chien-Pao|\n|poke|p1|Amoonguss, F|\n|poke|p1|Snorlax, M|\n|poke|p1|Oranguru, F|\n|poke|p2|Garchomp, M|\n|poke|p2|Tyranitar, F|\n|poke|p2|Vaporeon, F|\n|poke|p2|Toxicroak, M|\n|poke|p2|Pelipper, F|\n|poke|p2|Abomasnow, M|\n|teampreview\n|\n|t:|1697999057\n|start\n|switch|p1a: rar|Chien-Pao|100\/100\n|switch|p1b: Samurott|Samurott-Hisui, F|100\/100\n|switch|p2a: OTLHPM|Toxicroak, M|100\/100\n|switch|p2b: Harmacy|Vaporeon, F|100\/100\n|-ability|p1a: rar|Sword of Ruin\n|turn|1\n|\n|t:|1697999076\n|move|p1a: rar|Ice Spinner|p2a: OTLHPM\n|-damage|p2a: OTLHPM|15\/100\n|move|p1b: Samurott|Ceaseless Edge|p2b: Harmacy\n|-damage|p2b: Harmacy|58\/100\n|-sidestart|p2: mikeyuwu|Spikes\n|move|p2a: OTLHPM|Drain Punch|p1a: rar\n|-supereffective|p1a: rar\n|-enditem|p1a: rar|Focus Sash\n|-damage|p1a: rar|1\/100\n|-heal|p2a: OTLHPM|60\/100|[from] drain|[of] p1a: rar\n|move|p2b: Harmacy|Icy Wind|p1a: rar|[spread] p1a\n|-miss|p2b: Harmacy|p1b: Samurott\n|-resisted|p1a: rar\n|-damage|p1a: rar|0 fnt\n|faint|p1a: rar\n|\n|-heal|p2a: OTLHPM|66\/100|[from] item: Black Sludge\n|-heal|p2b: Harmacy|64\/100|[from] item: Leftovers\n|upkeep\n|\n|t:|1697999101\n|switch|p1a: Amoonguss|Amoonguss, F|100\/100\n|turn|2\n|\n|t:|1697999111\n|switch|p2a: Weather War|Pelipper, F|100\/100\n|-weather|RainDance|[from] ability: Drizzle|[of] p2a: Weather War\n|move|p1a: Amoonguss|Rage Powder|p1a: Amoonguss\n|-singleturn|p1a: Amoonguss|move: Rage Powder\n|move|p1b: Samurott|Aqua Cutter|p2a: Weather War\n|-resisted|p2a: Weather War\n|-damage|p2a: Weather War|74\/100\n|move|p2b: Harmacy|Copycat|p2b: Harmacy\n|move|p2b: Harmacy|Aqua Cutter|p1a: Amoonguss|[from]move: Copycat\n|-resisted|p1a: Amoonguss\n|-crit|p1a: Amoonguss\n|-damage|p1a: Amoonguss|84\/100\n|\n|-weather|RainDance|[upkeep]\n|-heal|p2b: Harmacy|70\/100|[from] item: Leftovers\n|upkeep\n|turn|3\n|\n|t:|1697999132\n|move|p1b: Samurott|Ceaseless Edge|p2b: Harmacy\n|-damage|p2b: Harmacy|37\/100\n|-sidestart|p2: mikeyuwu|Spikes\n|move|p2a: Weather War|Hurricane|p1a: Amoonguss\n|-supereffective|p1a: Amoonguss\n|-damage|p1a: Amoonguss|20\/100\n|-start|p1a: Amoonguss|confusion\n|move|p2b: Harmacy|Copycat|p2b: Harmacy\n|move|p2b: Harmacy|Hurricane|p1b: Samurott|[from]move: Copycat\n|-damage|p1b: Samurott|56\/100\n|-activate|p1a: Amoonguss|confusion\n|-damage|p1a: Amoonguss|14\/100|[from] confusion\n|\n|-weather|RainDance|[upkeep]\n|-heal|p2b: Harmacy|43\/100|[from] item: Leftovers\n|upkeep\n|turn|4\n|\n|t:|1697999160\n|switch|p2b: Extra Spicy|Garchomp, M|100\/100\n|-damage|p2b: Extra Spicy|84\/100|[from] Spikes\n|move|p1b: Samurott|Ceaseless Edge|p2a: Weather War\n|-damage|p2a: Weather War|42\/100\n|-sidestart|p2: mikeyuwu|Spikes\n|move|p2a: Weather War|Hurricane|p1a: Amoonguss\n|-supereffective|p1a: Amoonguss\n|-damage|p1a: Amoonguss|0 fnt\n|faint|p1a: Amoonguss\n|\n|-weather|RainDance|[upkeep]\n|upkeep\n|\n|t:|1697999172\n|switch|p1a: Flutter Mane|Flutter Mane, shiny|100\/100\n|-enditem|p1a: Flutter Mane|Booster Energy\n|-activate|p1a: Flutter Mane|ability: Protosynthesis|[fromitem]\n|-start|p1a: Flutter Mane|protosynthesisspa\n|turn|5\n|\n|t:|1697999186\n|-terastallize|p2b: Extra Spicy|Steel\n|move|p1a: Flutter Mane|Dazzling Gleam|p2b: Extra Spicy|[spread] p2a,p2b\n|-resisted|p2b: Extra Spicy\n|-damage|p2a: Weather War|0 fnt\n|-damage|p2b: Extra Spicy|62\/100\n|faint|p2a: Weather War\n|move|p1b: Samurott|Aqua Cutter|p2b: Extra Spicy\n|-damage|p2b: Extra Spicy|15\/100\n|move|p2b: Extra Spicy|Poison Jab|p1a: Flutter Mane\n|-damage|p1a: Flutter Mane|51\/100\n|\n|-weather|RainDance|[upkeep]\n|upkeep\n|\n|t:|1697999192\n|switch|p2a: OTLHPM|Toxicroak, M|66\/100\n|-damage|p2a: OTLHPM|41\/100|[from] Spikes\n|turn|6\n|\n|t:|1697999206\n|move|p1a: Flutter Mane|Mystical Fire|p2b: Extra Spicy\n|-supereffective|p2b: Extra Spicy\n|-damage|p2b: Extra Spicy|0 fnt\n|faint|p2b: Extra Spicy\n|move|p1b: Samurott|Aqua Cutter|p2a: OTLHPM\n|-heal|p2a: OTLHPM|66\/100|[from] ability: Dry Skin|[of] p1b: Samurott\n|move|p2a: OTLHPM|Poison Jab|p1a: Flutter Mane\n|-damage|p1a: Flutter Mane|0 fnt\n|faint|p1a: Flutter Mane\n|-end|p1a: Flutter Mane|Protosynthesis|[silent]\n|\n|-weather|none\n|-heal|p2a: OTLHPM|72\/100|[from] item: Black Sludge\n|upkeep\n|\n|t:|1697999221\n|switch|p1a: Oranguru|Oranguru, F, shiny|100\/100\n|switch|p2b: Cold Shoulder|Abomasnow, M, shiny|100\/100\n|-damage|p2b: Cold Shoulder|76\/100|[from] Spikes\n|-weather|Snow|[from] ability: Snow Warning|[of] p2b: Cold Shoulder\n|turn|7\n|\n|t:|1697999234\n|move|p1b: Samurott|X-Scissor|p2b: Cold Shoulder\n|-supereffective|p2b: Cold Shoulder\n|-damage|p2b: Cold Shoulder|35\/100\n|move|p2a: OTLHPM|Drain Punch|p1b: Samurott\n|-supereffective|p1b: Samurott\n|-damage|p1b: Samurott|0 fnt\n|-heal|p2a: OTLHPM|99\/100|[from] drain|[of] p1b: Samurott\n|faint|p1b: Samurott\n|move|p2b: Cold Shoulder|Leech Seed|p1a: Oranguru\n|-start|p1a: Oranguru|move: Leech Seed\n|move|p1a: Oranguru|Foul Play|p2a: OTLHPM\n|-resisted|p2a: OTLHPM\n|-damage|p2a: OTLHPM|79\/100\n|\n|-weather|Snow|[upkeep]\n|-heal|p2a: OTLHPM|85\/100|[from] item: Black Sludge\n|-damage|p1a: Oranguru|88\/100|[from] Leech Seed|[of] p2b: Cold Shoulder\n|-heal|p2b: Cold Shoulder|48\/100|[silent]\n|upkeep\n|\n|t:|1697999249\n|switch|p1b: Snorlax|Snorlax, M|100\/100\n|turn|8\n|\n|t:|1697999255\n|move|p1b: Snorlax|Protect|p1b: Snorlax\n|-singleturn|p1b: Snorlax|Protect\n|move|p2a: OTLHPM|Drain Punch|p1b: Snorlax\n|-activate|p1b: Snorlax|move: Protect\n|move|p2b: Cold Shoulder|Leech Seed|p1b: Snorlax\n|-activate|p1b: Snorlax|move: Protect\n|move|p1a: Oranguru|Trick Room|p1a: Oranguru\n|-fieldstart|move: Trick Room|[of] p1a: Oranguru\n|\n|-weather|Snow|[upkeep]\n|-heal|p2a: OTLHPM|91\/100|[from] item: Black Sludge\n|-damage|p1a: Oranguru|76\/100|[from] Leech Seed|[of] p2b: Cold Shoulder\n|-heal|p2b: Cold Shoulder|61\/100|[silent]\n|upkeep\n|turn|9\n|\n|t:|1697999277\n|move|p1b: Snorlax|Earthquake|p2a: OTLHPM|[spread] p2a,p2b\n|-activate|p1a: Oranguru|ability: Telepathy\n|-supereffective|p2a: OTLHPM\n|-resisted|p2b: Cold Shoulder\n|-damage|p2a: OTLHPM|16\/100\n|-damage|p2b: Cold Shoulder|53\/100\n|move|p1a: Oranguru|Instruct|p1b: Snorlax\n|-singleturn|p1b: Snorlax|move: Instruct|[of] p1a: Oranguru\n|move|p1b: Snorlax|Earthquake|p2b: Cold Shoulder|[spread] p2a,p2b\n|-activate|p1a: Oranguru|ability: Telepathy\n|-supereffective|p2a: OTLHPM\n|-resisted|p2b: Cold Shoulder\n|-damage|p2a: OTLHPM|0 fnt\n|-damage|p2b: Cold Shoulder|46\/100\n|faint|p2a: OTLHPM\n|move|p2b: Cold Shoulder|Leech Seed|p1b: Snorlax\n|-start|p1b: Snorlax|move: Leech Seed\n|\n|-weather|Snow|[upkeep]\n|-damage|p1b: Snorlax|88\/100|[from] Leech Seed|[of] p2b: Cold Shoulder\n|-heal|p2b: Cold Shoulder|65\/100|[silent]\n|-damage|p1a: Oranguru|63\/100|[from] Leech Seed|[of] p2b: Cold Shoulder\n|-heal|p2b: Cold Shoulder|78\/100|[silent]\n|upkeep\n|\n|t:|1697999286\n|switch|p2a: Harmacy|Vaporeon, F|43\/100\n|-damage|p2a: Harmacy|18\/100|[from] Spikes\n|turn|10\n|\n|t:|1697999303\n|move|p1b: Snorlax|Earthquake|p2a: Harmacy|[spread] p2a,p2b\n|-activate|p1a: Oranguru|ability: Telepathy\n|-resisted|p2b: Cold Shoulder\n|-damage|p2a: Harmacy|1\/100\n|-damage|p2b: Cold Shoulder|70\/100\n|move|p1a: Oranguru|Instruct|p1b: Snorlax\n|-singleturn|p1b: Snorlax|move: Instruct|[of] p1a: Oranguru\n|move|p1b: Snorlax|Earthquake|p2b: Cold Shoulder|[spread] p2a,p2b\n|-activate|p1a: Oranguru|ability: Telepathy\n|-resisted|p2b: Cold Shoulder\n|-damage|p2a: Harmacy|0 fnt\n|-damage|p2b: Cold Shoulder|63\/100\n|faint|p2a: Harmacy\n|move|p2b: Cold Shoulder|Blizzard|p1b: Snorlax|[spread] p1a,p1b\n|-damage|p1a: Oranguru|40\/100\n|-damage|p1b: Snorlax|71\/100\n|\n|-weather|Snow|[upkeep]\n|-damage|p1b: Snorlax|59\/100|[from] Leech Seed|[of] p2b: Cold Shoulder\n|-heal|p2b: Cold Shoulder|82\/100|[silent]\n|-damage|p1a: Oranguru|27\/100|[from] Leech Seed|[of] p2b: Cold Shoulder\n|-heal|p2b: Cold Shoulder|94\/100|[silent]\n|upkeep\n|\n|t:|1697999312\n|switch|p2a: ThcrThnSnkr|Tyranitar, F|100\/100\n|-damage|p2a: ThcrThnSnkr|76\/100|[from] Spikes\n|-weather|Sandstorm|[from] ability: Sand Stream|[of] p2a: ThcrThnSnkr\n|turn|11\n|\n|t:|1697999332\n|move|p1b: Snorlax|Belly Drum|p1b: Snorlax\n|-damage|p1b: Snorlax|9\/100\n|-setboost|p1b: Snorlax|atk|6|[from] move: Belly Drum\n|-enditem|p1b: Snorlax|Sitrus Berry|[eat]\n|-heal|p1b: Snorlax|34\/100|[from] item: Sitrus Berry\n|move|p1a: Oranguru|Foul Play|p2a: ThcrThnSnkr\n|-resisted|p2a: ThcrThnSnkr\n|-damage|p2a: ThcrThnSnkr|62\/100\n|move|p2a: ThcrThnSnkr|Knock Off|p1b: Snorlax\n|-damage|p1b: Snorlax|9\/100\n|move|p2b: Cold Shoulder|Blizzard|p1a: Oranguru|[spread] p1a,p1b\n|-damage|p1a: Oranguru|6\/100\n|-damage|p1b: Snorlax|0 fnt\n|faint|p1b: Snorlax\n|\n|-weather|Sandstorm|[upkeep]\n|-damage|p1a: Oranguru|0 fnt|[from] Sandstorm\n|-damage|p2b: Cold Shoulder|88\/100|[from] Sandstorm\n|faint|p1a: Oranguru\n|\n|win|mikeyuwu\n|upkeep\n|raw|LuwenGuy69's rating: 1219 &rarr; <strong>1191<\/strong><br \/>(-28 for losing)\n|raw|mikeyuwu's rating: 1177 &rarr; <strong>1205<\/strong><br \/>(+28 for winning)\n|l|\u2606LuwenGuy69\n","uploadtime":1697999356,"views":13,"p1id":"luwenguy69","p2id":"mikeyuwu","formatid":"gen9doublesou","rating":1191,"private":0,"password":""}