{"id":"gen9doublesou-1973162625","p1":"12123434a","p2":"Zapboat","format":"[Gen 9] Doubles OU","log":"|j|\u260612123434a\n|j|\u2606Zapboat\n|t:|1697934563\n|gametype|doubles\n|player|p1|12123434a|twins-gen4dp|1463\n|player|p2|Zapboat|koga|1653\n|teamsize|p1|6\n|teamsize|p2|6\n|gen|9\n|tier|[Gen 9] Doubles OU\n|rated|\n|rule|Species Clause: Limit one of each Pok\u00e9mon\n|rule|OHKO Clause: OHKO moves are banned\n|rule|Evasion Moves Clause: Evasion moves are banned\n|rule|Gravity Sleep Clause: The combination of sleep-inducing moves with imperfect accuracy and Gravity or Gigantamax Orbeetle are banned\n|rule|Endless Battle Clause: Forcing endless battles is banned\n|rule|HP Percentage Mod: HP is shown in percentages\n|clearpoke\n|poke|p1|Chien-Pao|\n|poke|p1|Dragonite, F|\n|poke|p1|Gholdengo|\n|poke|p1|Chi-Yu|\n|poke|p1|Enamorus-Therian, F|\n|poke|p1|Glimmora, F|\n|poke|p2|Pelipper, F|\n|poke|p2|Volcanion|\n|poke|p2|Landorus-Therian, M|\n|poke|p2|Goodra-Hisui, F|\n|poke|p2|Palafin, F|\n|poke|p2|Sinistcha|\n|teampreview\n|inactive|Battle timer is ON: inactive players will automatically lose when time's up. (requested by 12123434a)\n|c|\u2606Zapboat|glhf\n|inactive|Zapboat has 120 seconds left.\n|\n|t:|1697934620\n|start\n|switch|p1a: Enamorus|Enamorus-Therian, F|100\/100\n|switch|p1b: Glimmora|Glimmora, F|100\/100\n|switch|p2a: Palafin|Palafin, F|100\/100\n|switch|p2b: Sinistcha|Sinistcha|100\/100\n|turn|1\n|inactive|12123434a has 120 seconds left.\n|\n|t:|1697934663\n|detailschange|p2a: Palafin|Palafin-Hero, F\n|switch|p2a: Landorus|Landorus-Therian, M|100\/100\n|-ability|p2a: Landorus|Intimidate|boost\n|-unboost|p1a: Enamorus|atk|1\n|-unboost|p1b: Glimmora|atk|1\n|move|p1b: Glimmora|Stealth Rock|p2a: Landorus\n|-sidestart|p2: Zapboat|move: Stealth Rock\n|move|p2b: Sinistcha|Matcha Gotcha|p1b: Glimmora|[spread] p1a,p1b\n|-resisted|p1a: Enamorus\n|-damage|p1a: Enamorus|89\/100\n|-damage|p1b: Glimmora|67\/100\n|-status|p1a: Enamorus|brn\n|move|p1a: Enamorus|Springtide Storm|p2a: Landorus|[spread] p2a,p2b\n|-damage|p2a: Landorus|60\/100\n|-damage|p2b: Sinistcha|50\/100\n|-unboost|p2a: Landorus|atk|1\n|\n|-heal|p2a: Landorus|66\/100|[from] item: Leftovers\n|-heal|p2b: Sinistcha|56\/100|[from] item: Leftovers\n|-damage|p1a: Enamorus|82\/100 brn|[from] brn\n|upkeep\n|turn|2\n|inactive|12123434a has 120 seconds left.\n|\n|t:|1697934689\n|switch|p2b: Volcanion|Volcanion|100\/100\n|-damage|p2b: Volcanion|76\/100|[from] Stealth Rock\n|move|p1b: Glimmora|Mortal Spin|p2a: Landorus|[spread] p2a,p2b\n|-resisted|p2a: Landorus\n|-damage|p2a: Landorus|64\/100\n|-damage|p2b: Volcanion|73\/100\n|-status|p2a: Landorus|psn\n|-status|p2b: Volcanion|psn\n|move|p2a: Landorus|Stealth Rock|p1a: Enamorus\n|-sidestart|p1: 12123434a|move: Stealth Rock\n|move|p1a: Enamorus|Tailwind|p1a: Enamorus\n|-sidestart|p1: 12123434a|move: Tailwind\n|\n|-heal|p2a: Landorus|70\/100 psn|[from] item: Leftovers\n|-damage|p2a: Landorus|58\/100 psn|[from] psn\n|-damage|p2b: Volcanion|61\/100 psn|[from] psn\n|-damage|p1a: Enamorus|76\/100 brn|[from] brn\n|upkeep\n|turn|3\n|inactive|12123434a has 120 seconds left.\n|inactive|Zapboat has 120 seconds left.\n|\n|t:|1697934747\n|switch|p2a: Sinistcha|Sinistcha|56\/100\n|-damage|p2a: Sinistcha|44\/100|[from] Stealth Rock\n|-heal|p2b: Volcanion|86\/100 psn|[from] ability: Hospitality|[of] p2a: Sinistcha\n|move|p1b: Glimmora|Power Gem|p2b: Volcanion\n|-supereffective|p2b: Volcanion\n|-damage|p2b: Volcanion|28\/100 psn\n|move|p1a: Enamorus|Springtide Storm|p2b: Volcanion|[spread] p2a\n|-miss|p1a: Enamorus|p2b: Volcanion\n|-damage|p2a: Sinistcha|0 fnt\n|faint|p2a: Sinistcha\n|move|p2b: Volcanion|Steam Eruption|p1a: Enamorus\n|-damage|p1a: Enamorus|11\/100 brn\n|\n|-damage|p2b: Volcanion|15\/100 psn|[from] psn\n|-damage|p1a: Enamorus|5\/100 brn|[from] brn\n|upkeep\n|inactive|Zapboat has 90 seconds left.\n|inactive|Zapboat has 60 seconds left.\n|\n|t:|1697934796\n|switch|p2a: Goodra|Goodra-Hisui, F|100\/100\n|-damage|p2a: Goodra|94\/100|[from] Stealth Rock\n|turn|4\n|\n|t:|1697934809\n|move|p1b: Glimmora|Mortal Spin|p2b: Volcanion|[spread] p2b\n|-immune|p2a: Goodra\n|-damage|p2b: Volcanion|13\/100 psn\n|-sideend|p1: 12123434a|Stealth Rock|[from] move: Mortal Spin|[of] p1b: Glimmora\n|move|p1a: Enamorus|Earth Power|p2a: Goodra\n|-supereffective|p2a: Goodra\n|-damage|p2a: Goodra|52\/100\n|move|p2b: Volcanion|Heat Wave|p1a: Enamorus|[spread] p1a\n|-miss|p2b: Volcanion|p1b: Glimmora\n|-damage|p1a: Enamorus|0 fnt\n|faint|p1a: Enamorus\n|move|p2a: Goodra|Flash Cannon|p1b: Glimmora\n|-supereffective|p1b: Glimmora\n|-damage|p1b: Glimmora|0 fnt\n|faint|p1b: Glimmora\n|\n|-heal|p2a: Goodra|58\/100|[from] item: Leftovers\n|-damage|p2b: Volcanion|0 fnt|[from] psn\n|faint|p2b: Volcanion\n|upkeep\n|inactive|Zapboat has 90 seconds left.\n|\n|t:|1697934833\n|switch|p1b: Chi-Yu|Chi-Yu|100\/100\n|switch|p2b: Pelipper|Pelipper, F|100\/100\n|switch|p1a: Gholdengo|Gholdengo|100\/100\n|-ability|p1b: Chi-Yu|Beads of Ruin\n|-damage|p2b: Pelipper|75\/100|[from] Stealth Rock\n|-weather|RainDance|[from] ability: Drizzle|[of] p2b: Pelipper\n|turn|5\n|inactive|Zapboat has 90 seconds left.\n|\n|t:|1697934873\n|move|p1b: Chi-Yu|Dark Pulse|p2b: Pelipper\n|-crit|p2b: Pelipper\n|-damage|p2b: Pelipper|0 fnt\n|faint|p2b: Pelipper\n|-damage|p1b: Chi-Yu|91\/100|[from] item: Life Orb\n|move|p1a: Gholdengo|Reflect|p1a: Gholdengo\n|-sidestart|p1: 12123434a|Reflect\n|move|p2a: Goodra|Dragon Tail|p1a: Gholdengo\n|-resisted|p1a: Gholdengo\n|-damage|p1a: Gholdengo|94\/100\n|drag|p1a: Dragonite|Dragonite, F|100\/100\n|\n|-weather|RainDance|[upkeep]\n|-heal|p2a: Goodra|64\/100|[from] item: Leftovers\n|-sideend|p1: 12123434a|move: Tailwind\n|upkeep\n|inactive|Zapboat has 60 seconds left.\n|\n|t:|1697934885\n|switch|p2b: Landorus|Landorus-Therian, M|58\/100 psn\n|-damage|p2b: Landorus|46\/100 psn|[from] Stealth Rock\n|-ability|p2b: Landorus|Intimidate|boost\n|-unboost|p1a: Dragonite|atk|1\n|-unboost|p1b: Chi-Yu|atk|1\n|turn|6\n|\n|t:|1697934904\n|move|p1b: Chi-Yu|Dark Pulse|p2b: Landorus\n|-damage|p2b: Landorus|0 fnt\n|faint|p2b: Landorus\n|-damage|p1b: Chi-Yu|81\/100|[from] item: Life Orb\n|move|p1a: Dragonite|Dragon Dance|p1a: Dragonite\n|-boost|p1a: Dragonite|atk|1\n|-boost|p1a: Dragonite|spe|1\n|move|p2a: Goodra|Ice Beam|p1a: Dragonite\n|-supereffective|p1a: Dragonite\n|-damage|p1a: Dragonite|45\/100\n|\n|-weather|RainDance|[upkeep]\n|-heal|p2a: Goodra|70\/100|[from] item: Leftovers\n|upkeep\n|\n|t:|1697934911\n|switch|p2b: Palafin|Palafin-Hero, F|100\/100\n|-damage|p2b: Palafin|88\/100|[from] Stealth Rock\n|-activate|p2b: Palafin|ability: Zero to Hero\n|turn|7\n|inactive|Zapboat has 90 seconds left.\n|\n|t:|1697934937\n|switch|p1b: Chien-Pao|Chien-Pao|100\/100\n|-ability|p1b: Chien-Pao|Sword of Ruin\n|-terastallize|p1a: Dragonite|Normal\n|move|p1a: Dragonite|Extreme Speed|p2b: Palafin\n|-enditem|p1a: Dragonite|Normal Gem|[from] gem\n|-damage|p2b: Palafin|21\/100\n|move|p2b: Palafin|Jet Punch|p1b: Chien-Pao\n|-damage|p1b: Chien-Pao|55\/100\n|move|p2a: Goodra|Ice Beam|p1a: Dragonite\n|-damage|p1a: Dragonite|25\/100\n|\n|-weather|RainDance|[upkeep]\n|-heal|p2b: Palafin|27\/100|[from] item: Leftovers\n|-heal|p2a: Goodra|76\/100|[from] item: Leftovers\n|upkeep\n|turn|8\n|inactive|Zapboat has 90 seconds left.\n|\n|t:|1697934970\n|move|p2b: Palafin|Protect|p2b: Palafin\n|-singleturn|p2b: Palafin|Protect\n|move|p1a: Dragonite|Extreme Speed|p2b: Palafin\n|-activate|p2b: Palafin|move: Protect\n|move|p1b: Chien-Pao|Sacred Sword|p2a: Goodra\n|-supereffective|p2a: Goodra\n|-damage|p2a: Goodra|17\/100\n|move|p2a: Goodra|Ice Beam|p1a: Dragonite\n|-damage|p1a: Dragonite|4\/100\n|\n|-weather|RainDance|[upkeep]\n|-heal|p2b: Palafin|33\/100|[from] item: Leftovers\n|-heal|p2a: Goodra|23\/100|[from] item: Leftovers\n|upkeep\n|turn|9\n|-message|Zapboat forfeited.\n|\n|win|12123434a\n|raw|12123434a's rating: 1463 &rarr; <strong>1493<\/strong><br \/>(+30 for winning)\n|raw|Zapboat's rating: 1653 &rarr; <strong>1623<\/strong><br \/>(-30 for losing)\n|l|\u2606Zapboat\n|c|\u260612123434a|Gg\n","uploadtime":1697934998,"views":17,"p1id":"12123434a","p2id":"zapboat","formatid":"gen9doublesou","rating":1493,"private":0,"password":""}