{"id":"gen9doublesou-1992064683","p1":"Chayansito","p2":"Mr. Alola Tales","format":"[Gen 9] Doubles OU","log":"|j|\u2606Chayansito\n|j|\u2606Mr. Alola Tales\n|t:|1700152111\n|gametype|doubles\n|player|p1|Chayansito|lance|1399\n|player|p2|Mr. Alola Tales|archer|1415\n|teamsize|p1|6\n|teamsize|p2|6\n|gen|9\n|tier|[Gen 9] Doubles OU\n|rated|\n|rule|Species Clause: Limit one of each Pok\u00e9mon\n|rule|OHKO Clause: OHKO moves are banned\n|rule|Evasion Moves Clause: Evasion moves are banned\n|rule|Gravity Sleep Clause: The combination of sleep-inducing moves with imperfect accuracy and Gravity or Gigantamax Orbeetle are banned\n|rule|Endless Battle Clause: Forcing endless battles is banned\n|rule|HP Percentage Mod: HP is shown in percentages\n|clearpoke\n|poke|p1|Chien-Pao|\n|poke|p1|Flutter Mane|\n|poke|p1|Landorus-Therian, M|\n|poke|p1|Gholdengo|\n|poke|p1|Garganacl, F|\n|poke|p1|Ogerpon-Hearthflame, F|\n|poke|p2|Dusclops, F|\n|poke|p2|Ursaluna-Bloodmoon, M|\n|poke|p2|Ogerpon-Cornerstone, F|\n|poke|p2|Chi-Yu|\n|poke|p2|Iron Hands|\n|poke|p2|Landorus-Therian, M|\n|teampreview\n|inactive|Battle timer is ON: inactive players will automatically lose when time's up. (requested by Chayansito)\n|inactive|Chayansito has 120 seconds left.\n|\n|t:|1700152151\n|start\n|switch|p1a: Flutter Mane|Flutter Mane|100\/100\n|switch|p1b: Chien-Pao|Chien-Pao|100\/100\n|switch|p2a: Ogerpon|Ogerpon-Cornerstone, F|100\/100\n|switch|p2b: Landorus|Landorus-Therian, M|100\/100\n|-ability|p2b: Landorus|Intimidate|boost\n|-unboost|p1a: Flutter Mane|atk|1\n|-unboost|p1b: Chien-Pao|atk|1\n|-ability|p1b: Chien-Pao|Sword of Ruin\n|-enditem|p1a: Flutter Mane|Booster Energy\n|-activate|p1a: Flutter Mane|ability: Protosynthesis|[fromitem]\n|-start|p1a: Flutter Mane|protosynthesisspe\n|turn|1\n|inactive|Mr. Alola Tales has 120 seconds left.\n|inactive|Chayansito has 120 seconds left.\n|\n|t:|1700152201\n|move|p2a: Ogerpon|Spiky Shield|p2a: Ogerpon\n|-singleturn|p2a: Ogerpon|move: Protect\n|move|p1a: Flutter Mane|Moonblast|p2a: Ogerpon\n|-activate|p2a: Ogerpon|move: Protect\n|move|p2b: Landorus|Rock Slide|p1a: Flutter Mane|[spread] p1a,p1b\n|-supereffective|p1b: Chien-Pao\n|-crit|p1b: Chien-Pao\n|-damage|p1a: Flutter Mane|34\/100\n|-damage|p1b: Chien-Pao|13\/100\n|move|p1b: Chien-Pao|Icicle Crash|p2b: Landorus\n|-supereffective|p2b: Landorus\n|-damage|p2b: Landorus|0 fnt\n|faint|p2b: Landorus\n|\n|upkeep\n|\n|t:|1700152213\n|switch|p2b: Iron Hands|Iron Hands|100\/100\n|turn|2\n|\n|t:|1700152222\n|move|p2b: Iron Hands|Fake Out|p1b: Chien-Pao\n|-damage|p1b: Chien-Pao|0 fnt\n|faint|p1b: Chien-Pao\n|move|p1a: Flutter Mane|Moonblast|p2b: Iron Hands\n|-supereffective|p2b: Iron Hands\n|-damage|p2b: Iron Hands|41\/100\n|move|p2a: Ogerpon|Ivy Cudgel|p1a: Flutter Mane|[anim] Ivy Cudgel Rock\n|-damage|p1a: Flutter Mane|0 fnt\n|faint|p1a: Flutter Mane\n|-end|p1a: Flutter Mane|Protosynthesis|[silent]\n|\n|upkeep\n|inactive|Chayansito has 120 seconds left.\n|\n|t:|1700152246\n|switch|p1b: Landorus|Landorus-Therian, M|100\/100\n|switch|p1a: Gholdengo|Gholdengo|100\/100\n|-ability|p1b: Landorus|Intimidate|boost\n|-unboost|p2a: Ogerpon|atk|1\n|-unboost|p2b: Iron Hands|atk|1\n|-item|p1a: Gholdengo|Air Balloon\n|turn|3\n|\n|t:|1700152268\n|move|p2a: Ogerpon|Horn Leech|p1b: Landorus\n|-damage|p1b: Landorus|67\/100\n|move|p1b: Landorus|Rock Slide|p2a: Ogerpon|[spread] p2a\n|-miss|p1b: Landorus|p2b: Iron Hands\n|-damage|p2a: Ogerpon|73\/100\n|move|p1a: Gholdengo|Make It Rain|p2a: Ogerpon|[spread] p2a,p2b\n|-supereffective|p2a: Ogerpon\n|-resisted|p2b: Iron Hands\n|-crit|p2b: Iron Hands\n|-damage|p2a: Ogerpon|0 fnt\n|-damage|p2b: Iron Hands|19\/100\n|-unboost|p1a: Gholdengo|spa|1\n|faint|p2a: Ogerpon\n|move|p2b: Iron Hands|Ice Punch|p1b: Landorus\n|-supereffective|p1b: Landorus\n|-damage|p1b: Landorus|0 fnt\n|faint|p1b: Landorus\n|\n|upkeep\n|\n|t:|1700152288\n|switch|p2a: Chi-Yu|Chi-Yu|100\/100\n|switch|p1b: Ogerpon|Ogerpon-Hearthflame, F|100\/100\n|-ability|p1b: Ogerpon|Mold Breaker\n|-ability|p2a: Chi-Yu|Beads of Ruin\n|turn|4\n|\n|t:|1700152314\n|switch|p1a: Garganacl|Garganacl, F|100\/100\n|-end|p2b: Iron Hands|Quark Drive|[silent]\n|switch|p2b: Dusclops|Dusclops, F|100\/100\n|-item|p1a: Garganacl|Leftovers|[from] ability: Frisk|[of] p2b: Dusclops|[identify]\n|-item|p1b: Ogerpon|Hearthflame Mask|[from] ability: Frisk|[of] p2b: Dusclops|[identify]\n|move|p1b: Ogerpon|Ivy Cudgel|p2b: Dusclops|[anim] Ivy Cudgel Fire\n|-damage|p2b: Dusclops|40\/100\n|-enditem|p2b: Dusclops|Sitrus Berry|[eat]\n|-heal|p2b: Dusclops|65\/100|[from] item: Sitrus Berry\n|move|p2a: Chi-Yu|Snarl|p1a: Garganacl|[spread] p1a,p1b\n|-damage|p1a: Garganacl|82\/100\n|-damage|p1b: Ogerpon|64\/100\n|-unboost|p1b: Ogerpon|spa|1\n|\n|-heal|p1a: Garganacl|88\/100|[from] item: Leftovers\n|upkeep\n|turn|5\n|\n|t:|1700152338\n|-terastallize|p1b: Ogerpon|Fire\n|detailschange|p1b: Ogerpon|Ogerpon-Hearthflame-Tera, F, tera:Fire\n|-ability|p1b: Ogerpon|Embody Aspect (Hearthflame)|boost\n|-boost|p1b: Ogerpon|atk|1\n|move|p1b: Ogerpon|Ivy Cudgel|p2b: Dusclops|[anim] Ivy Cudgel Fire\n|-damage|p2b: Dusclops|0 fnt\n|faint|p2b: Dusclops\n|move|p2a: Chi-Yu|Overheat|p1b: Ogerpon\n|-resisted|p1b: Ogerpon\n|-damage|p1b: Ogerpon|14\/100\n|-unboost|p2a: Chi-Yu|spa|2\n|move|p1a: Garganacl|Salt Cure|p2a: Chi-Yu\n|-supereffective|p2a: Chi-Yu\n|-damage|p2a: Chi-Yu|54\/100\n|-start|p2a: Chi-Yu|Salt Cure\n|\n|-heal|p1a: Garganacl|94\/100|[from] item: Leftovers\n|-damage|p2a: Chi-Yu|42\/100|[from] Salt Cure\n|upkeep\n|inactive|Mr. Alola Tales has 120 seconds left.\n|\n|t:|1700152358\n|switch|p2b: Ursaluna|Ursaluna-Bloodmoon, M|100\/100\n|turn|6\n|\n|t:|1700152366\n|switch|p2a: Iron Hands|Iron Hands|19\/100\n|move|p2b: Ursaluna|Protect|p2b: Ursaluna\n|-singleturn|p2b: Ursaluna|Protect\n|move|p1b: Ogerpon|Horn Leech|p2b: Ursaluna\n|-activate|p2b: Ursaluna|move: Protect\n|move|p1a: Garganacl|Iron Defense|p1a: Garganacl\n|-boost|p1a: Garganacl|def|2\n|\n|-heal|p1a: Garganacl|100\/100|[from] item: Leftovers\n|upkeep\n|turn|7\n|\n|t:|1700152380\n|move|p2a: Iron Hands|Fake Out|p1b: Ogerpon\n|-damage|p1b: Ogerpon|0 fnt\n|faint|p1b: Ogerpon\n|move|p2b: Ursaluna|Hyper Voice|p1a: Garganacl\n|-resisted|p1a: Garganacl\n|-damage|p1a: Garganacl|84\/100\n|-enditem|p2b: Ursaluna|Throat Spray\n|-boost|p2b: Ursaluna|spa|1|[from] item: Throat Spray\n|move|p1a: Garganacl|Salt Cure|p2a: Iron Hands\n|-resisted|p2a: Iron Hands\n|-damage|p2a: Iron Hands|15\/100\n|-start|p2a: Iron Hands|Salt Cure\n|\n|-heal|p1a: Garganacl|90\/100|[from] item: Leftovers\n|-damage|p2a: Iron Hands|2\/100|[from] Salt Cure\n|upkeep\n|\n|t:|1700152388\n|switch|p1b: Gholdengo|Gholdengo|100\/100\n|-item|p1b: Gholdengo|Air Balloon\n|turn|8\n|inactive|Mr. Alola Tales has 120 seconds left.\n|\n|t:|1700152429\n|move|p1b: Gholdengo|Make It Rain|p2b: Ursaluna|[spread] p2a,p2b\n|-resisted|p2a: Iron Hands\n|-damage|p2a: Iron Hands|0 fnt\n|-damage|p2b: Ursaluna|50\/100\n|-unboost|p1b: Gholdengo|spa|1\n|faint|p2a: Iron Hands\n|-end|p2a: Iron Hands|Quark Drive|[silent]\n|move|p2b: Ursaluna|Earth Power|p1a: Garganacl\n|-supereffective|p1a: Garganacl\n|-damage|p1a: Garganacl|0 fnt\n|faint|p1a: Garganacl\n|\n|upkeep\n|\n|t:|1700152439\n|switch|p2a: Chi-Yu|Chi-Yu|42\/100\n|-ability|p2a: Chi-Yu|Beads of Ruin\n|turn|9\n|\n|t:|1700152447\n|move|p2a: Chi-Yu|Protect|p2a: Chi-Yu\n|-singleturn|p2a: Chi-Yu|Protect\n|move|p2b: Ursaluna|Protect|p2b: Ursaluna\n|-singleturn|p2b: Ursaluna|Protect\n|move|p1b: Gholdengo|Make It Rain|p2a: Chi-Yu|[spread] \n|-activate|p2a: Chi-Yu|move: Protect\n|-activate|p2b: Ursaluna|move: Protect\n|\n|upkeep\n|turn|10\n|\n|t:|1700152461\n|move|p2a: Chi-Yu|Snarl|p1b: Gholdengo\n|-supereffective|p1b: Gholdengo\n|-damage|p1b: Gholdengo|5\/100\n|-unboost|p1b: Gholdengo|spa|1\n|-enditem|p1b: Gholdengo|Air Balloon\n|move|p1b: Gholdengo|Nasty Plot|p1b: Gholdengo\n|-boost|p1b: Gholdengo|spa|2\n|move|p2b: Ursaluna|Earth Power|p1b: Gholdengo\n|-supereffective|p1b: Gholdengo\n|-damage|p1b: Gholdengo|0 fnt\n|faint|p1b: Gholdengo\n|\n|win|Mr. Alola Tales\n|raw|Chayansito's rating: 1399 &rarr; <strong>1380<\/strong><br \/>(-19 for losing)\n|raw|Mr. Alola Tales's rating: 1415 &rarr; <strong>1434<\/strong><br \/>(+19 for winning)\n|l|\u2606Chayansito\n","uploadtime":1700152476,"views":5,"p1id":"chayansito","p2id":"mralolatales","formatid":"gen9doublesou","rating":1380,"private":0,"password":""}