{"id":"gen9doublesou-1972414947","p1":"xfgjfxgjfj","p2":"Mughosth","format":"[Gen 9] Doubles OU","log":"|j|\u2606xfgjfxgjfj\n|j|\u2606Mughosth\n|t:|1697840284\n|gametype|doubles\n|player|p1|xfgjfxgjfj|169|1000\n|player|p2|Mughosth|marshal|1133\n|teamsize|p1|6\n|teamsize|p2|6\n|gen|9\n|tier|[Gen 9] Doubles OU\n|rated|\n|rule|Species Clause: Limit one of each Pok\u00e9mon\n|rule|OHKO Clause: OHKO moves are banned\n|rule|Evasion Moves Clause: Evasion moves are banned\n|rule|Gravity Sleep Clause: The combination of sleep-inducing moves with imperfect accuracy and Gravity or Gigantamax Orbeetle are banned\n|rule|Endless Battle Clause: Forcing endless battles is banned\n|rule|HP Percentage Mod: HP is shown in percentages\n|clearpoke\n|poke|p1|Murkrow, F|\n|poke|p1|Sinistcha-Masterpiece|\n|poke|p1|Glimmora, M|\n|poke|p1|Gholdengo|\n|poke|p1|Chi-Yu|\n|poke|p1|Goodra-Hisui, F|\n|poke|p2|Flutter Mane|\n|poke|p2|Farigiraf, F|\n|poke|p2|Walking Wake|\n|poke|p2|Torkoal, F|\n|poke|p2|Chien-Pao|\n|poke|p2|Sinistcha|\n|teampreview\n|inactive|Battle timer is ON: inactive players will automatically lose when time's up. (requested by xfgjfxgjfj)\n|\n|t:|1697840297\n|start\n|switch|p1a: Glimmora|Glimmora, M|100\/100\n|switch|p1b: Gholdengo|Gholdengo|100\/100\n|switch|p2a: Torkoal|Torkoal, F, shiny|100\/100\n|switch|p2b: Flutter Mane|Flutter Mane|100\/100\n|-weather|SunnyDay|[from] ability: Drought|[of] p2a: Torkoal\n|-activate|p2b: Flutter Mane|ability: Protosynthesis\n|-start|p2b: Flutter Mane|protosynthesisspe\n|turn|1\n|\n|t:|1697840321\n|-terastallize|p2b: Flutter Mane|Fairy\n|move|p2b: Flutter Mane|Shadow Ball|p1b: Gholdengo\n|-supereffective|p1b: Gholdengo\n|-damage|p1b: Gholdengo|0 fnt\n|faint|p1b: Gholdengo\n|move|p1a: Glimmora|Earth Power|p2a: Torkoal\n|-supereffective|p2a: Torkoal\n|-damage|p2a: Torkoal|34\/100\n|move|p2a: Torkoal|Solar Beam||[still]\n|-prepare|p2a: Torkoal|Solar Beam\n|-anim|p2a: Torkoal|Solar Beam|p1a: Glimmora\n|-damage|p1a: Glimmora|61\/100\n|\n|-weather|SunnyDay|[upkeep]\n|upkeep\n|\n|t:|1697840336\n|switch|p1b: Chi-Yu|Chi-Yu|100\/100\n|-ability|p1b: Chi-Yu|Beads of Ruin\n|turn|2\n|\n|t:|1697840349\n|move|p1a: Glimmora|Spiky Shield|p1a: Glimmora\n|-singleturn|p1a: Glimmora|move: Protect\n|move|p2a: Torkoal|Protect|p2a: Torkoal\n|-singleturn|p2a: Torkoal|Protect\n|move|p2b: Flutter Mane|Shadow Ball|p1a: Glimmora\n|-activate|p1a: Glimmora|move: Protect\n|move|p1b: Chi-Yu|Nasty Plot|p1b: Chi-Yu\n|-boost|p1b: Chi-Yu|spa|2\n|\n|-weather|SunnyDay|[upkeep]\n|upkeep\n|turn|3\n|\n|t:|1697840366\n|move|p2a: Torkoal|Protect||[still]\n|-fail|p2a: Torkoal\n|move|p2b: Flutter Mane|Shadow Ball|p1b: Chi-Yu\n|-resisted|p1b: Chi-Yu\n|-damage|p1b: Chi-Yu|64\/100\n|move|p1b: Chi-Yu|Heat Wave|p2a: Torkoal|[spread] p2a,p2b\n|-resisted|p2a: Torkoal\n|-damage|p2a: Torkoal|0 fnt\n|-damage|p2b: Flutter Mane|0 fnt\n|faint|p2a: Torkoal\n|faint|p2b: Flutter Mane\n|-end|p2b: Flutter Mane|Protosynthesis|[silent]\n|move|p1a: Glimmora|Earth Power|p2: Torkoal|[notarget]\n|-fail|p1a: Glimmora\n|\n|-weather|SunnyDay|[upkeep]\n|upkeep\n|\n|t:|1697840382\n|switch|p2b: Walking Wake|Walking Wake|100\/100\n|switch|p2a: Farigiraf|Farigiraf, F|100\/100\n|-activate|p2b: Walking Wake|ability: Protosynthesis\n|-start|p2b: Walking Wake|protosynthesisspe\n|turn|4\n|\n|t:|1697840399\n|-terastallize|p1b: Chi-Yu|Dark\n|move|p2b: Walking Wake|Hydro Steam|p1b: Chi-Yu\n|-damage|p1b: Chi-Yu|0 fnt\n|faint|p1b: Chi-Yu\n|move|p1a: Glimmora|Memento|p2b: Walking Wake\n|-unboost|p2b: Walking Wake|atk|2\n|-unboost|p2b: Walking Wake|spa|2\n|faint|p1a: Glimmora\n|move|p2a: Farigiraf|Hyper Voice|p1: Glimmora|[notarget]\n|-fail|p2a: Farigiraf\n|\n|-weather|SunnyDay|[upkeep]\n|upkeep\n|\n|t:|1697840411\n|switch|p1b: Murkrow|Murkrow, F|100\/100\n|switch|p1a: Goodra|Goodra-Hisui, F|100\/100\n|turn|5\n|\n|t:|1697840424\n|-end|p2b: Walking Wake|Protosynthesis|[silent]\n|switch|p2b: Chien-Pao|Chien-Pao|100\/100\n|-ability|p2b: Chien-Pao|Sword of Ruin\n|move|p1b: Murkrow|Tailwind|p1b: Murkrow\n|-sidestart|p1: xfgjfxgjfj|move: Tailwind\n|move|p1a: Goodra|Acid Armor|p1a: Goodra\n|-boost|p1a: Goodra|def|2\n|move|p2a: Farigiraf|Sunny Day||[still]\n|-fail|p2a: Farigiraf\n|\n|-weather|none\n|upkeep\n|turn|6\n|\n|t:|1697840442\n|move|p1b: Murkrow|Taunt|p2a: Farigiraf\n|-start|p2a: Farigiraf|move: Taunt\n|move|p2b: Chien-Pao|Ice Spinner|p1a: Goodra\n|-damage|p1a: Goodra|74\/100\n|move|p1a: Goodra|Body Press|p2b: Chien-Pao\n|-supereffective|p2b: Chien-Pao\n|-damage|p2b: Chien-Pao|0 fnt\n|faint|p2b: Chien-Pao\n|cant|p2a: Farigiraf|move: Taunt|Sunny Day\n|\n|-heal|p1a: Goodra|80\/100|[from] item: Leftovers\n|upkeep\n|\n|t:|1697840454\n|switch|p2b: Walking Wake|Walking Wake|100\/100\n|turn|7\n|\n|t:|1697840468\n|move|p1a: Goodra|Protect|p1a: Goodra\n|-singleturn|p1a: Goodra|Protect\n|move|p1b: Murkrow|Foul Play|p2b: Walking Wake\n|-damage|p2b: Walking Wake|77\/100\n|move|p2b: Walking Wake|Draco Meteor|p1a: Goodra\n|-activate|p1a: Goodra|move: Protect\n|move|p2a: Farigiraf|Hyper Voice|p1a: Goodra|[spread] p1b\n|-activate|p1a: Goodra|move: Protect\n|-damage|p1b: Murkrow|53\/100\n|-enditem|p2a: Farigiraf|Throat Spray\n|-boost|p2a: Farigiraf|spa|1|[from] item: Throat Spray\n|\n|-heal|p1a: Goodra|86\/100|[from] item: Leftovers\n|upkeep\n|turn|8\n|\n|t:|1697840488\n|move|p1b: Murkrow|Tailwind||[still]\n|-fail|p1b: Murkrow\n|move|p2b: Walking Wake|Draco Meteor|p1a: Goodra\n|-damage|p1a: Goodra|40\/100\n|-unboost|p2b: Walking Wake|spa|2\n|move|p1a: Goodra|Body Press|p2a: Farigiraf\n|-damage|p2a: Farigiraf|62\/100\n|move|p2a: Farigiraf|Hyper Voice|p1a: Goodra|[spread] p1a,p1b\n|-resisted|p1a: Goodra\n|-damage|p1a: Goodra|27\/100\n|-damage|p1b: Murkrow|0 fnt\n|faint|p1b: Murkrow\n|\n|-heal|p1a: Goodra|33\/100|[from] item: Leftovers\n|-end|p2a: Farigiraf|move: Taunt\n|-sideend|p1: xfgjfxgjfj|move: Tailwind\n|upkeep\n|\n|t:|1697840503\n|switch|p1b: Sinistcha|Sinistcha-Masterpiece|100\/100\n|-heal|p1a: Goodra|58\/100|[from] ability: Hospitality|[of] p1b: Sinistcha\n|turn|9\n|\n|t:|1697840525\n|move|p1a: Goodra|Protect|p1a: Goodra\n|-singleturn|p1a: Goodra|Protect\n|move|p2b: Walking Wake|Draco Meteor|p1b: Sinistcha\n|-damage|p1b: Sinistcha|43\/100\n|-unboost|p2b: Walking Wake|spa|2\n|move|p1b: Sinistcha|Energy Ball|p2b: Walking Wake\n|-crit|p2b: Walking Wake\n|-damage|p2b: Walking Wake|0 fnt\n|faint|p2b: Walking Wake\n|-end|p2b: Walking Wake|Protosynthesis|[silent]\n|move|p2a: Farigiraf|Sunny Day|p2a: Farigiraf\n|-weather|SunnyDay\n|\n|-weather|SunnyDay|[upkeep]\n|-heal|p1b: Sinistcha|49\/100|[from] item: Leftovers\n|-heal|p1a: Goodra|64\/100|[from] item: Leftovers\n|upkeep\n|\n|t:|1697840539\n|switch|p2b: Sinistcha|Sinistcha|100\/100\n|-heal|p2a: Farigiraf|87\/100|[from] ability: Hospitality|[of] p2b: Sinistcha\n|turn|10\n|\n|t:|1697840550\n|move|p1b: Sinistcha|Rage Powder|p1b: Sinistcha\n|-singleturn|p1b: Sinistcha|move: Rage Powder\n|move|p2b: Sinistcha|Matcha Gotcha|p1b: Sinistcha|[spread] p1a,p1b\n|-resisted|p1a: Goodra\n|-resisted|p1b: Sinistcha\n|-damage|p1a: Goodra|61\/100\n|-damage|p1b: Sinistcha|35\/100\n|move|p1a: Goodra|Body Press|p2a: Farigiraf\n|-damage|p2a: Farigiraf|48\/100\n|move|p2a: Farigiraf|Hyper Voice|p1b: Sinistcha|[spread] p1a\n|-immune|p1b: Sinistcha\n|-resisted|p1a: Goodra\n|-damage|p1a: Goodra|48\/100\n|\n|-weather|SunnyDay|[upkeep]\n|-heal|p1b: Sinistcha|41\/100|[from] item: Leftovers\n|-heal|p1a: Goodra|54\/100|[from] item: Leftovers\n|upkeep\n|turn|11\n|\n|t:|1697840573\n|move|p2b: Sinistcha|Matcha Gotcha|p1b: Sinistcha|[spread] p1a,p1b\n|-resisted|p1a: Goodra\n|-resisted|p1b: Sinistcha\n|-damage|p1a: Goodra|51\/100\n|-damage|p1b: Sinistcha|26\/100\n|-status|p1a: Goodra|brn\n|-status|p1b: Sinistcha|brn\n|move|p1b: Sinistcha|Energy Ball|p2a: Farigiraf\n|-damage|p2a: Farigiraf|0 fnt\n|faint|p2a: Farigiraf\n|move|p1a: Goodra|Life Dew|p1a: Goodra|[spread] p1a,p1b\n|-heal|p1a: Goodra|76\/100 brn\n|-heal|p1b: Sinistcha|51\/100 brn\n|\n|-weather|SunnyDay|[upkeep]\n|-heal|p1b: Sinistcha|57\/100 brn|[from] item: Leftovers\n|-heal|p1a: Goodra|82\/100 brn|[from] item: Leftovers\n|-damage|p1b: Sinistcha|51\/100 brn|[from] brn\n|-damage|p1a: Goodra|76\/100 brn|[from] brn\n|upkeep\n|turn|12\n|\n|t:|1697840597\n|move|p2b: Sinistcha|Calm Mind|p2b: Sinistcha\n|-boost|p2b: Sinistcha|spa|1\n|-boost|p2b: Sinistcha|spd|1\n|move|p1b: Sinistcha|Energy Ball|p2b: Sinistcha\n|-resisted|p2b: Sinistcha\n|-damage|p2b: Sinistcha|80\/100\n|move|p1a: Goodra|Life Dew|p1a: Goodra|[spread] p1a,p1b\n|-heal|p1a: Goodra|100\/100 brn\n|-heal|p1b: Sinistcha|76\/100 brn\n|\n|-weather|SunnyDay|[upkeep]\n|-heal|p2b: Sinistcha|86\/100|[from] item: Leftovers\n|-heal|p1b: Sinistcha|82\/100 brn|[from] item: Leftovers\n|-damage|p1b: Sinistcha|76\/100 brn|[from] brn\n|-damage|p1a: Goodra|94\/100 brn|[from] brn\n|upkeep\n|turn|13\n|\n|t:|1697840621\n|move|p1a: Goodra|Protect|p1a: Goodra\n|-singleturn|p1a: Goodra|Protect\n|move|p2b: Sinistcha|Scald|p1a: Goodra\n|-activate|p1a: Goodra|move: Protect\n|move|p1b: Sinistcha|Energy Ball|p2b: Sinistcha\n|-resisted|p2b: Sinistcha\n|-damage|p2b: Sinistcha|65\/100\n|\n|-weather|none\n|-heal|p2b: Sinistcha|71\/100|[from] item: Leftovers\n|-heal|p1b: Sinistcha|82\/100 brn|[from] item: Leftovers\n|-heal|p1a: Goodra|100\/100 brn|[from] item: Leftovers\n|-damage|p1b: Sinistcha|76\/100 brn|[from] brn\n|-damage|p1a: Goodra|94\/100 brn|[from] brn\n|upkeep\n|turn|14\n|\n|t:|1697840641\n|move|p2b: Sinistcha|Strength Sap|p1a: Goodra\n|-unboost|p1a: Goodra|atk|1\n|-heal|p2b: Sinistcha|100\/100\n|move|p1b: Sinistcha|Energy Ball|p2b: Sinistcha\n|-resisted|p2b: Sinistcha\n|-damage|p2b: Sinistcha|81\/100\n|move|p1a: Goodra|Acid Armor|p1a: Goodra\n|-boost|p1a: Goodra|def|2\n|\n|-heal|p2b: Sinistcha|87\/100|[from] item: Leftovers\n|-heal|p1b: Sinistcha|82\/100 brn|[from] item: Leftovers\n|-heal|p1a: Goodra|100\/100 brn|[from] item: Leftovers\n|-damage|p1b: Sinistcha|76\/100 brn|[from] brn\n|-damage|p1a: Goodra|94\/100 brn|[from] brn\n|upkeep\n|turn|15\n|\n|t:|1697840658\n|move|p1a: Goodra|Protect|p1a: Goodra\n|-singleturn|p1a: Goodra|Protect\n|move|p2b: Sinistcha|Calm Mind|p2b: Sinistcha\n|-boost|p2b: Sinistcha|spa|1\n|-boost|p2b: Sinistcha|spd|1\n|move|p1b: Sinistcha|Energy Ball|p2b: Sinistcha\n|-resisted|p2b: Sinistcha\n|-damage|p2b: Sinistcha|72\/100\n|\n|-heal|p2b: Sinistcha|78\/100|[from] item: Leftovers\n|-heal|p1b: Sinistcha|82\/100 brn|[from] item: Leftovers\n|-heal|p1a: Goodra|100\/100 brn|[from] item: Leftovers\n|-damage|p1b: Sinistcha|76\/100 brn|[from] brn\n|-damage|p1a: Goodra|94\/100 brn|[from] brn\n|upkeep\n|turn|16\n|\n|t:|1697840674\n|move|p2b: Sinistcha|Strength Sap|p1b: Sinistcha\n|-unboost|p1b: Sinistcha|atk|1\n|-heal|p2b: Sinistcha|100\/100\n|move|p1b: Sinistcha|Energy Ball|p2b: Sinistcha\n|-resisted|p2b: Sinistcha\n|-damage|p2b: Sinistcha|87\/100\n|-unboost|p2b: Sinistcha|spd|1\n|move|p1a: Goodra|Life Dew|p1a: Goodra|[spread] p1a,p1b\n|-heal|p1a: Goodra|100\/100 brn\n|-heal|p1b: Sinistcha|100\/100 brn\n|\n|-heal|p2b: Sinistcha|93\/100|[from] item: Leftovers\n|-damage|p1b: Sinistcha|94\/100 brn|[from] brn\n|-damage|p1a: Goodra|94\/100 brn|[from] brn\n|upkeep\n|turn|17\n|\n|t:|1697840694\n|move|p1a: Goodra|Protect|p1a: Goodra\n|-singleturn|p1a: Goodra|Protect\n|move|p2b: Sinistcha|Scald|p1b: Sinistcha\n|-resisted|p1b: Sinistcha\n|-damage|p1b: Sinistcha|71\/100 brn\n|move|p1b: Sinistcha|Energy Ball|p2b: Sinistcha\n|-resisted|p2b: Sinistcha\n|-damage|p2b: Sinistcha|73\/100\n|\n|-heal|p2b: Sinistcha|79\/100|[from] item: Leftovers\n|-heal|p1b: Sinistcha|77\/100 brn|[from] item: Leftovers\n|-heal|p1a: Goodra|100\/100 brn|[from] item: Leftovers\n|-damage|p1b: Sinistcha|71\/100 brn|[from] brn\n|-damage|p1a: Goodra|94\/100 brn|[from] brn\n|upkeep\n|turn|18\n|\n|t:|1697840718\n|move|p2b: Sinistcha|Scald|p1b: Sinistcha\n|-resisted|p1b: Sinistcha\n|-damage|p1b: Sinistcha|46\/100 brn\n|move|p1b: Sinistcha|Energy Ball|p2b: Sinistcha\n|-resisted|p2b: Sinistcha\n|-damage|p2b: Sinistcha|60\/100\n|move|p1a: Goodra|Acid Armor|p1a: Goodra\n|-boost|p1a: Goodra|def|2\n|\n|-heal|p2b: Sinistcha|66\/100|[from] item: Leftovers\n|-heal|p1b: Sinistcha|53\/100 brn|[from] item: Leftovers\n|-heal|p1a: Goodra|100\/100 brn|[from] item: Leftovers\n|-damage|p1b: Sinistcha|46\/100 brn|[from] brn\n|-damage|p1a: Goodra|94\/100 brn|[from] brn\n|upkeep\n|turn|19\n|\n|t:|1697840733\n|move|p2b: Sinistcha|Strength Sap|p1b: Sinistcha\n|-unboost|p1b: Sinistcha|atk|1\n|-heal|p2b: Sinistcha|87\/100\n|move|p1b: Sinistcha|Energy Ball|p2b: Sinistcha\n|-resisted|p2b: Sinistcha\n|-damage|p2b: Sinistcha|68\/100\n|move|p1a: Goodra|Life Dew|p1a: Goodra|[spread] p1a,p1b\n|-heal|p1a: Goodra|100\/100 brn\n|-heal|p1b: Sinistcha|72\/100 brn\n|\n|-heal|p2b: Sinistcha|74\/100|[from] item: Leftovers\n|-heal|p1b: Sinistcha|78\/100 brn|[from] item: Leftovers\n|-damage|p1b: Sinistcha|72\/100 brn|[from] brn\n|-damage|p1a: Goodra|94\/100 brn|[from] brn\n|upkeep\n|turn|20\n|\n|t:|1697840749\n|move|p1a: Goodra|Protect|p1a: Goodra\n|-singleturn|p1a: Goodra|Protect\n|move|p2b: Sinistcha|Scald|p1b: Sinistcha\n|-resisted|p1b: Sinistcha\n|-damage|p1b: Sinistcha|44\/100 brn\n|move|p1b: Sinistcha|Energy Ball|p2b: Sinistcha\n|-resisted|p2b: Sinistcha\n|-damage|p2b: Sinistcha|55\/100\n|\n|-heal|p2b: Sinistcha|61\/100|[from] item: Leftovers\n|-heal|p1b: Sinistcha|50\/100 brn|[from] item: Leftovers\n|-heal|p1a: Goodra|100\/100 brn|[from] item: Leftovers\n|-damage|p1b: Sinistcha|44\/100 brn|[from] brn\n|-damage|p1a: Goodra|94\/100 brn|[from] brn\n|upkeep\n|turn|21\n|\n|t:|1697840765\n|move|p2b: Sinistcha|Strength Sap|p1a: Goodra\n|-unboost|p1a: Goodra|atk|1\n|-heal|p2b: Sinistcha|97\/100\n|move|p1b: Sinistcha|Energy Ball|p2b: Sinistcha\n|-resisted|p2b: Sinistcha\n|-damage|p2b: Sinistcha|76\/100\n|-unboost|p2b: Sinistcha|spd|1\n|move|p1a: Goodra|Life Dew|p1a: Goodra|[spread] p1a,p1b\n|-heal|p1a: Goodra|100\/100 brn\n|-heal|p1b: Sinistcha|69\/100 brn\n|\n|-heal|p2b: Sinistcha|82\/100|[from] item: Leftovers\n|-heal|p1b: Sinistcha|75\/100 brn|[from] item: Leftovers\n|-damage|p1b: Sinistcha|69\/100 brn|[from] brn\n|-damage|p1a: Goodra|94\/100 brn|[from] brn\n|upkeep\n|turn|22\n|\n|t:|1697840784\n|move|p2b: Sinistcha|Scald|p1b: Sinistcha\n|-resisted|p1b: Sinistcha\n|-damage|p1b: Sinistcha|45\/100 brn\n|move|p1b: Sinistcha|Energy Ball|p2b: Sinistcha\n|-resisted|p2b: Sinistcha\n|-damage|p2b: Sinistcha|52\/100\n|move|p1a: Goodra|Life Dew|p1a: Goodra|[spread] p1a,p1b\n|-heal|p1a: Goodra|100\/100 brn\n|-heal|p1b: Sinistcha|70\/100 brn\n|\n|-heal|p2b: Sinistcha|58\/100|[from] item: Leftovers\n|-heal|p1b: Sinistcha|76\/100 brn|[from] item: Leftovers\n|-damage|p1b: Sinistcha|70\/100 brn|[from] brn\n|-damage|p1a: Goodra|94\/100 brn|[from] brn\n|upkeep\n|turn|23\n|\n|t:|1697840800\n|move|p2b: Sinistcha|Calm Mind|p2b: Sinistcha\n|-boost|p2b: Sinistcha|spa|1\n|-boost|p2b: Sinistcha|spd|1\n|move|p1b: Sinistcha|Energy Ball|p2b: Sinistcha\n|-resisted|p2b: Sinistcha\n|-damage|p2b: Sinistcha|40\/100\n|move|p1a: Goodra|Life Dew|p1a: Goodra|[spread] p1a,p1b\n|-heal|p1a: Goodra|100\/100 brn\n|-heal|p1b: Sinistcha|95\/100 brn\n|\n|-heal|p2b: Sinistcha|46\/100|[from] item: Leftovers\n|-heal|p1b: Sinistcha|100\/100 brn|[from] item: Leftovers\n|-damage|p1b: Sinistcha|94\/100 brn|[from] brn\n|-damage|p1a: Goodra|94\/100 brn|[from] brn\n|upkeep\n|turn|24\n|\n|t:|1697840815\n|move|p1a: Goodra|Protect|p1a: Goodra\n|-singleturn|p1a: Goodra|Protect\n|move|p2b: Sinistcha|Strength Sap|p1a: Goodra\n|-activate|p1a: Goodra|move: Protect\n|move|p1b: Sinistcha|Energy Ball|p2b: Sinistcha\n|-resisted|p2b: Sinistcha\n|-damage|p2b: Sinistcha|27\/100\n|\n|-heal|p2b: Sinistcha|33\/100|[from] item: Leftovers\n|-heal|p1b: Sinistcha|100\/100 brn|[from] item: Leftovers\n|-heal|p1a: Goodra|100\/100 brn|[from] item: Leftovers\n|-damage|p1b: Sinistcha|94\/100 brn|[from] brn\n|-damage|p1a: Goodra|94\/100 brn|[from] brn\n|upkeep\n|turn|25\n|\n|t:|1697840832\n|move|p1a: Goodra|Protect||[still]\n|-fail|p1a: Goodra\n|move|p2b: Sinistcha|Strength Sap|p1a: Goodra\n|-unboost|p1a: Goodra|atk|1\n|-heal|p2b: Sinistcha|59\/100\n|move|p1b: Sinistcha|Energy Ball|p2b: Sinistcha\n|-resisted|p2b: Sinistcha\n|-damage|p2b: Sinistcha|42\/100\n|\n|-heal|p2b: Sinistcha|48\/100|[from] item: Leftovers\n|-heal|p1b: Sinistcha|100\/100 brn|[from] item: Leftovers\n|-heal|p1a: Goodra|100\/100 brn|[from] item: Leftovers\n|-damage|p1b: Sinistcha|94\/100 brn|[from] brn\n|-damage|p1a: Goodra|94\/100 brn|[from] brn\n|upkeep\n|turn|26\n|inactive|xfgjfxgjfj has 120 seconds left.\n|\n|t:|1697840864\n|move|p2b: Sinistcha|Strength Sap|p1a: Goodra\n|-unboost|p1a: Goodra|atk|1\n|-heal|p2b: Sinistcha|69\/100\n|move|p1b: Sinistcha|Tera Blast|p2b: Sinistcha\n|-immune|p2b: Sinistcha\n|move|p1a: Goodra|Acid Armor|p1a: Goodra\n|-boost|p1a: Goodra|def|0\n|\n|-heal|p2b: Sinistcha|75\/100|[from] item: Leftovers\n|-heal|p1b: Sinistcha|100\/100 brn|[from] item: Leftovers\n|-heal|p1a: Goodra|100\/100 brn|[from] item: Leftovers\n|-damage|p1b: Sinistcha|94\/100 brn|[from] brn\n|-damage|p1a: Goodra|94\/100 brn|[from] brn\n|upkeep\n|turn|27\n|\n|t:|1697840882\n|move|p2b: Sinistcha|Scald|p1b: Sinistcha\n|-resisted|p1b: Sinistcha\n|-damage|p1b: Sinistcha|63\/100 brn\n|move|p1b: Sinistcha|Tera Blast|p2b: Sinistcha\n|-immune|p2b: Sinistcha\n|move|p1a: Goodra|Body Press|p2b: Sinistcha\n|-immune|p2b: Sinistcha\n|\n|-heal|p2b: Sinistcha|81\/100|[from] item: Leftovers\n|-heal|p1b: Sinistcha|69\/100 brn|[from] item: Leftovers\n|-heal|p1a: Goodra|100\/100 brn|[from] item: Leftovers\n|-damage|p1b: Sinistcha|63\/100 brn|[from] brn\n|-damage|p1a: Goodra|94\/100 brn|[from] brn\n|upkeep\n|turn|28\n|\n|t:|1697840902\n|move|p1b: Sinistcha|Rage Powder|p1b: Sinistcha\n|-singleturn|p1b: Sinistcha|move: Rage Powder\n|move|p2b: Sinistcha|Scald|p1b: Sinistcha\n|-resisted|p1b: Sinistcha\n|-damage|p1b: Sinistcha|33\/100 brn\n|move|p1a: Goodra|Life Dew|p1a: Goodra|[spread] p1a,p1b\n|-heal|p1a: Goodra|100\/100 brn\n|-heal|p1b: Sinistcha|58\/100 brn\n|\n|-heal|p2b: Sinistcha|87\/100|[from] item: Leftovers\n|-heal|p1b: Sinistcha|64\/100 brn|[from] item: Leftovers\n|-damage|p1b: Sinistcha|58\/100 brn|[from] brn\n|-damage|p1a: Goodra|94\/100 brn|[from] brn\n|upkeep\n|turn|29\n|\n|t:|1697840919\n|move|p2b: Sinistcha|Scald|p1b: Sinistcha\n|-resisted|p1b: Sinistcha\n|-crit|p1b: Sinistcha\n|-damage|p1b: Sinistcha|9\/100 brn\n|move|p1b: Sinistcha|Tera Blast|p2b: Sinistcha\n|-immune|p2b: Sinistcha\n|move|p1a: Goodra|Life Dew|p1a: Goodra|[spread] p1a,p1b\n|-heal|p1a: Goodra|100\/100 brn\n|-heal|p1b: Sinistcha|34\/100 brn\n|\n|-heal|p2b: Sinistcha|93\/100|[from] item: Leftovers\n|-heal|p1b: Sinistcha|40\/100 brn|[from] item: Leftovers\n|-damage|p1b: Sinistcha|34\/100 brn|[from] brn\n|-damage|p1a: Goodra|94\/100 brn|[from] brn\n|upkeep\n|turn|30\n|\n|t:|1697840935\n|move|p1a: Goodra|Protect|p1a: Goodra\n|-singleturn|p1a: Goodra|Protect\n|move|p2b: Sinistcha|Scald|p1b: Sinistcha\n|-resisted|p1b: Sinistcha\n|-damage|p1b: Sinistcha|5\/100 brn\n|move|p1b: Sinistcha|Strength Sap|p2b: Sinistcha\n|-unboost|p2b: Sinistcha|atk|1\n|-heal|p1b: Sinistcha|37\/100 brn\n|\n|-heal|p2b: Sinistcha|99\/100|[from] item: Leftovers\n|-heal|p1b: Sinistcha|43\/100 brn|[from] item: Leftovers\n|-heal|p1a: Goodra|100\/100 brn|[from] item: Leftovers\n|-damage|p1b: Sinistcha|37\/100 brn|[from] brn\n|-damage|p1a: Goodra|94\/100 brn|[from] brn\n|upkeep\n|turn|31\n|\n|t:|1697840951\n|move|p2b: Sinistcha|Scald|p1b: Sinistcha\n|-resisted|p1b: Sinistcha\n|-damage|p1b: Sinistcha|5\/100 brn\n|move|p1b: Sinistcha|Strength Sap|p2b: Sinistcha\n|-unboost|p2b: Sinistcha|atk|1\n|-heal|p1b: Sinistcha|27\/100 brn\n|move|p1a: Goodra|Life Dew|p1a: Goodra|[spread] p1a,p1b\n|-heal|p1a: Goodra|100\/100 brn\n|-heal|p1b: Sinistcha|52\/100 brn\n|\n|-heal|p2b: Sinistcha|100\/100|[from] item: Leftovers\n|-heal|p1b: Sinistcha|58\/100 brn|[from] item: Leftovers\n|-damage|p1b: Sinistcha|52\/100 brn|[from] brn\n|-damage|p1a: Goodra|94\/100 brn|[from] brn\n|upkeep\n|turn|32\n|\n|t:|1697840980\n|move|p2b: Sinistcha|Calm Mind|p2b: Sinistcha\n|-boost|p2b: Sinistcha|spa|1\n|-boost|p2b: Sinistcha|spd|1\n|move|p1b: Sinistcha|Strength Sap|p2b: Sinistcha\n|-unboost|p2b: Sinistcha|atk|1\n|-heal|p1b: Sinistcha|68\/100 brn\n|move|p1a: Goodra|Life Dew|p1a: Goodra|[spread] p1a,p1b\n|-heal|p1a: Goodra|100\/100 brn\n|-heal|p1b: Sinistcha|93\/100 brn\n|\n|-heal|p1b: Sinistcha|99\/100 brn|[from] item: Leftovers\n|-damage|p1b: Sinistcha|93\/100 brn|[from] brn\n|-damage|p1a: Goodra|94\/100 brn|[from] brn\n|upkeep\n|turn|33\n|\n|t:|1697840999\n|move|p2b: Sinistcha|Scald|p1b: Sinistcha\n|-resisted|p1b: Sinistcha\n|-damage|p1b: Sinistcha|55\/100 brn\n|move|p1b: Sinistcha|Tera Blast|p2b: Sinistcha\n|-immune|p2b: Sinistcha\n|move|p1a: Goodra|Acid Armor|p1a: Goodra\n|-boost|p1a: Goodra|def|0\n|\n|-heal|p1b: Sinistcha|61\/100 brn|[from] item: Leftovers\n|-heal|p1a: Goodra|100\/100 brn|[from] item: Leftovers\n|-damage|p1b: Sinistcha|55\/100 brn|[from] brn\n|-damage|p1a: Goodra|94\/100 brn|[from] brn\n|upkeep\n|turn|34\n|\n|t:|1697841015\n|move|p2b: Sinistcha|Scald|p1b: Sinistcha\n|-resisted|p1b: Sinistcha\n|-damage|p1b: Sinistcha|16\/100 brn\n|move|p1b: Sinistcha|Strength Sap|p2b: Sinistcha\n|-unboost|p2b: Sinistcha|atk|1\n|-heal|p1b: Sinistcha|29\/100 brn\n|move|p1a: Goodra|Life Dew|p1a: Goodra|[spread] p1a,p1b\n|-heal|p1a: Goodra|100\/100 brn\n|-heal|p1b: Sinistcha|54\/100 brn\n|\n|-heal|p1b: Sinistcha|60\/100 brn|[from] item: Leftovers\n|-damage|p1b: Sinistcha|54\/100 brn|[from] brn\n|-damage|p1a: Goodra|94\/100 brn|[from] brn\n|upkeep\n|turn|35\n|\n|t:|1697841030\n|move|p2b: Sinistcha|Scald|p1b: Sinistcha\n|-resisted|p1b: Sinistcha\n|-damage|p1b: Sinistcha|16\/100 brn\n|move|p1b: Sinistcha|Strength Sap|p2b: Sinistcha\n|-unboost|p2b: Sinistcha|atk|1\n|-heal|p1b: Sinistcha|27\/100 brn\n|move|p1a: Goodra|Life Dew|p1a: Goodra|[spread] p1a,p1b\n|-heal|p1a: Goodra|100\/100 brn\n|-heal|p1b: Sinistcha|52\/100 brn\n|\n|-heal|p1b: Sinistcha|58\/100 brn|[from] item: Leftovers\n|-damage|p1b: Sinistcha|52\/100 brn|[from] brn\n|-damage|p1a: Goodra|94\/100 brn|[from] brn\n|upkeep\n|turn|36\n|\n|t:|1697841046\n|move|p2b: Sinistcha|Scald|p1b: Sinistcha\n|-resisted|p1b: Sinistcha\n|-damage|p1b: Sinistcha|15\/100 brn\n|move|p1b: Sinistcha|Strength Sap|p1a: Goodra\n|-unboost|p1a: Goodra|atk|1\n|-heal|p1b: Sinistcha|33\/100 brn\n|move|p1a: Goodra|Life Dew|p1a: Goodra|[spread] p1a,p1b\n|-heal|p1a: Goodra|100\/100 brn\n|-heal|p1b: Sinistcha|58\/100 brn\n|\n|-heal|p1b: Sinistcha|64\/100 brn|[from] item: Leftovers\n|-damage|p1b: Sinistcha|58\/100 brn|[from] brn\n|-damage|p1a: Goodra|94\/100 brn|[from] brn\n|upkeep\n|turn|37\n|\n|t:|1697841064\n|move|p2b: Sinistcha|Scald|p1b: Sinistcha\n|-resisted|p1b: Sinistcha\n|-damage|p1b: Sinistcha|22\/100 brn\n|move|p1b: Sinistcha|Strength Sap|p2b: Sinistcha\n|-unboost|p2b: Sinistcha|atk|1\n|-heal|p1b: Sinistcha|31\/100 brn\n|move|p1a: Goodra|Life Dew|p1a: Goodra|[spread] p1a,p1b\n|-heal|p1a: Goodra|100\/100 brn\n|-heal|p1b: Sinistcha|56\/100 brn\n|\n|-heal|p1b: Sinistcha|62\/100 brn|[from] item: Leftovers\n|-damage|p1b: Sinistcha|56\/100 brn|[from] brn\n|-damage|p1a: Goodra|94\/100 brn|[from] brn\n|upkeep\n|turn|38\n|\n|t:|1697841087\n|move|p2b: Sinistcha|Scald|p1a: Goodra\n|-resisted|p1a: Goodra\n|-damage|p1a: Goodra|77\/100 brn\n|move|p1b: Sinistcha|Strength Sap||[still]\n|-fail|p1b: Sinistcha\n|move|p1a: Goodra|Life Dew|p1a: Goodra|[spread] p1a,p1b\n|-heal|p1a: Goodra|100\/100 brn\n|-heal|p1b: Sinistcha|81\/100 brn\n|\n|-heal|p1b: Sinistcha|87\/100 brn|[from] item: Leftovers\n|-damage|p1b: Sinistcha|81\/100 brn|[from] brn\n|-damage|p1a: Goodra|94\/100 brn|[from] brn\n|upkeep\n|turn|39\n|\n|t:|1697841101\n|move|p1a: Goodra|Protect|p1a: Goodra\n|-singleturn|p1a: Goodra|Protect\n|move|p2b: Sinistcha|Scald|p1a: Goodra\n|-activate|p1a: Goodra|move: Protect\n|move|p1b: Sinistcha|Strength Sap|p1a: Goodra\n|-activate|p1a: Goodra|move: Protect\n|\n|-heal|p1b: Sinistcha|87\/100 brn|[from] item: Leftovers\n|-heal|p1a: Goodra|100\/100 brn|[from] item: Leftovers\n|-damage|p1b: Sinistcha|81\/100 brn|[from] brn\n|-damage|p1a: Goodra|94\/100 brn|[from] brn\n|upkeep\n|turn|40\n|\n|t:|1697841117\n|move|p2b: Sinistcha|Calm Mind|p2b: Sinistcha\n|-boost|p2b: Sinistcha|spa|1\n|-boost|p2b: Sinistcha|spd|1\n|move|p1b: Sinistcha|Strength Sap|p1a: Goodra\n|-unboost|p1a: Goodra|atk|1\n|-heal|p1b: Sinistcha|96\/100 brn\n|move|p1a: Goodra|Acid Armor|p1a: Goodra\n|-boost|p1a: Goodra|def|0\n|\n|-heal|p1b: Sinistcha|100\/100 brn|[from] item: Leftovers\n|-heal|p1a: Goodra|100\/100 brn|[from] item: Leftovers\n|-damage|p1b: Sinistcha|94\/100 brn|[from] brn\n|-damage|p1a: Goodra|94\/100 brn|[from] brn\n|upkeep\n|turn|41\n|\n|t:|1697841134\n|move|p1a: Goodra|Protect|p1a: Goodra\n|-singleturn|p1a: Goodra|Protect\n|move|p1b: Sinistcha|Rage Powder|p1b: Sinistcha\n|-singleturn|p1b: Sinistcha|move: Rage Powder\n|move|p2b: Sinistcha|Calm Mind|p2b: Sinistcha\n|-boost|p2b: Sinistcha|spa|1\n|-boost|p2b: Sinistcha|spd|1\n|\n|-heal|p1b: Sinistcha|100\/100 brn|[from] item: Leftovers\n|-heal|p1a: Goodra|100\/100 brn|[from] item: Leftovers\n|-damage|p1b: Sinistcha|94\/100 brn|[from] brn\n|-damage|p1a: Goodra|94\/100 brn|[from] brn\n|upkeep\n|turn|42\n|\n|t:|1697841147\n|move|p2b: Sinistcha|Calm Mind|p2b: Sinistcha\n|-boost|p2b: Sinistcha|spa|0\n|-boost|p2b: Sinistcha|spd|1\n|move|p1b: Sinistcha|Tera Blast|p2b: Sinistcha\n|-immune|p2b: Sinistcha\n|move|p1a: Goodra|Body Press|p2b: Sinistcha\n|-immune|p2b: Sinistcha\n|\n|-heal|p1b: Sinistcha|100\/100 brn|[from] item: Leftovers\n|-heal|p1a: Goodra|100\/100 brn|[from] item: Leftovers\n|-damage|p1b: Sinistcha|94\/100 brn|[from] brn\n|-damage|p1a: Goodra|94\/100 brn|[from] brn\n|upkeep\n|turn|43\n|\n|t:|1697841163\n|move|p1a: Goodra|Protect|p1a: Goodra\n|-singleturn|p1a: Goodra|Protect\n|move|p2b: Sinistcha|Matcha Gotcha|p1b: Sinistcha|[spread] \n|-activate|p1a: Goodra|move: Protect\n|-miss|p2b: Sinistcha|p1b: Sinistcha\n|move|p1b: Sinistcha|Strength Sap||[still]\n|-fail|p1b: Sinistcha\n|\n|-heal|p1b: Sinistcha|100\/100 brn|[from] item: Leftovers\n|-heal|p1a: Goodra|100\/100 brn|[from] item: Leftovers\n|-damage|p1b: Sinistcha|94\/100 brn|[from] brn\n|-damage|p1a: Goodra|94\/100 brn|[from] brn\n|upkeep\n|turn|44\n|\n|t:|1697841181\n|move|p1b: Sinistcha|Rage Powder|p1b: Sinistcha\n|-singleturn|p1b: Sinistcha|move: Rage Powder\n|move|p2b: Sinistcha|Matcha Gotcha|p1b: Sinistcha|[spread] p1a\n|-miss|p2b: Sinistcha|p1b: Sinistcha\n|-resisted|p1a: Goodra\n|-damage|p1a: Goodra|83\/100 brn\n|move|p1a: Goodra|Body Press|p2b: Sinistcha\n|-immune|p2b: Sinistcha\n|\n|-heal|p1b: Sinistcha|100\/100 brn|[from] item: Leftovers\n|-heal|p1a: Goodra|89\/100 brn|[from] item: Leftovers\n|-damage|p1b: Sinistcha|94\/100 brn|[from] brn\n|-damage|p1a: Goodra|83\/100 brn|[from] brn\n|upkeep\n|turn|45\n|\n|t:|1697841195\n|move|p1a: Goodra|Protect|p1a: Goodra\n|-singleturn|p1a: Goodra|Protect\n|move|p2b: Sinistcha|Matcha Gotcha|p1b: Sinistcha|[spread] p1b\n|-activate|p1a: Goodra|move: Protect\n|-resisted|p1b: Sinistcha\n|-damage|p1b: Sinistcha|37\/100 brn\n|move|p1b: Sinistcha|Tera Blast|p2b: Sinistcha\n|-immune|p2b: Sinistcha\n|\n|-heal|p1b: Sinistcha|43\/100 brn|[from] item: Leftovers\n|-heal|p1a: Goodra|89\/100 brn|[from] item: Leftovers\n|-damage|p1b: Sinistcha|37\/100 brn|[from] brn\n|-damage|p1a: Goodra|83\/100 brn|[from] brn\n|upkeep\n|turn|46\n|\n|t:|1697841210\n|move|p1b: Sinistcha|Rage Powder|p1b: Sinistcha\n|-singleturn|p1b: Sinistcha|move: Rage Powder\n|move|p2b: Sinistcha|Matcha Gotcha|p1b: Sinistcha|[spread] p1a\n|-miss|p2b: Sinistcha|p1b: Sinistcha\n|-resisted|p1a: Goodra\n|-damage|p1a: Goodra|71\/100 brn\n|move|p1a: Goodra|Acid Armor|p1a: Goodra\n|-boost|p1a: Goodra|def|0\n|\n|-heal|p1b: Sinistcha|43\/100 brn|[from] item: Leftovers\n|-heal|p1a: Goodra|77\/100 brn|[from] item: Leftovers\n|-damage|p1b: Sinistcha|37\/100 brn|[from] brn\n|-damage|p1a: Goodra|71\/100 brn|[from] brn\n|upkeep\n|turn|47\n|\n|t:|1697841225\n|move|p1a: Goodra|Protect|p1a: Goodra\n|-singleturn|p1a: Goodra|Protect\n|move|p2b: Sinistcha|Matcha Gotcha|p1a: Goodra|[spread] p1b\n|-activate|p1a: Goodra|move: Protect\n|-resisted|p1b: Sinistcha\n|-damage|p1b: Sinistcha|0 fnt\n|faint|p1b: Sinistcha\n|\n|-heal|p1a: Goodra|77\/100 brn|[from] item: Leftovers\n|-damage|p1a: Goodra|71\/100 brn|[from] brn\n|upkeep\n|turn|48\n|inactive|Mughosth has 120 seconds left.\n|\n|t:|1697841261\n|move|p2b: Sinistcha|Matcha Gotcha|p1a: Goodra\n|-resisted|p1a: Goodra\n|-damage|p1a: Goodra|56\/100 brn\n|move|p1a: Goodra|Body Press|p2b: Sinistcha\n|-immune|p2b: Sinistcha\n|\n|-heal|p1a: Goodra|62\/100 brn|[from] item: Leftovers\n|-damage|p1a: Goodra|56\/100 brn|[from] brn\n|upkeep\n|turn|49\n|\n|t:|1697841272\n|move|p1a: Goodra|Protect|p1a: Goodra\n|-singleturn|p1a: Goodra|Protect\n|move|p2b: Sinistcha|Matcha Gotcha|p1a: Goodra\n|-activate|p1a: Goodra|move: Protect\n|\n|-heal|p1a: Goodra|62\/100 brn|[from] item: Leftovers\n|-damage|p1a: Goodra|56\/100 brn|[from] brn\n|upkeep\n|turn|50\n|\n|t:|1697841281\n|move|p2b: Sinistcha|Matcha Gotcha|p1a: Goodra\n|-resisted|p1a: Goodra\n|-damage|p1a: Goodra|40\/100 brn\n|move|p1a: Goodra|Acid Armor|p1a: Goodra\n|-boost|p1a: Goodra|def|0\n|\n|-heal|p1a: Goodra|46\/100 brn|[from] item: Leftovers\n|-damage|p1a: Goodra|40\/100 brn|[from] brn\n|upkeep\n|turn|51\n|\n|t:|1697841290\n|move|p2b: Sinistcha|Matcha Gotcha|p1a: Goodra\n|-resisted|p1a: Goodra\n|-damage|p1a: Goodra|22\/100 brn\n|move|p1a: Goodra|Body Press|p2b: Sinistcha\n|-immune|p2b: Sinistcha\n|\n|-heal|p1a: Goodra|28\/100 brn|[from] item: Leftovers\n|-damage|p1a: Goodra|22\/100 brn|[from] brn\n|upkeep\n|turn|52\n|\n|t:|1697841298\n|move|p2b: Sinistcha|Matcha Gotcha|p1a: Goodra\n|-resisted|p1a: Goodra\n|-damage|p1a: Goodra|5\/100 brn\n|move|p1a: Goodra|Acid Armor|p1a: Goodra\n|-boost|p1a: Goodra|def|0\n|\n|-heal|p1a: Goodra|11\/100 brn|[from] item: Leftovers\n|-damage|p1a: Goodra|5\/100 brn|[from] brn\n|upkeep\n|turn|53\n|\n|t:|1697841307\n|move|p1a: Goodra|Protect|p1a: Goodra\n|-singleturn|p1a: Goodra|Protect\n|move|p2b: Sinistcha|Matcha Gotcha|p1a: Goodra\n|-activate|p1a: Goodra|move: Protect\n|\n|-heal|p1a: Goodra|11\/100 brn|[from] item: Leftovers\n|-damage|p1a: Goodra|5\/100 brn|[from] brn\n|upkeep\n|turn|54\n|\n|t:|1697841318\n|move|p2b: Sinistcha|Matcha Gotcha|p1a: Goodra\n|-resisted|p1a: Goodra\n|-damage|p1a: Goodra|0 fnt\n|faint|p1a: Goodra\n|\n|win|Mughosth\n|raw|xfgjfxgjfj's rating: 1000 &rarr; <strong>1000<\/strong><br \/>(+0 for losing)\n|raw|Mughosth's rating: 1133 &rarr; <strong>1149<\/strong><br \/>(+16 for winning)\n|l|\u2606xfgjfxgjfj\n","uploadtime":1697841411,"views":14,"p1id":"xfgjfxgjfj","p2id":"mughosth","formatid":"gen9doublesou","rating":1000,"private":0,"password":""}