{"id":"gen9doublesou-1973466054","p1":"Devrick Mundle","p2":"DogeZer0","format":"[Gen 9] Doubles OU","log":"|j|\u2606Devrick Mundle\n|j|\u2606DogeZer0\n|t:|1697979803\n|gametype|doubles\n|player|p1|Devrick Mundle|102|1032\n|player|p2|DogeZer0|pokemonrangerf|1080\n|teamsize|p1|6\n|teamsize|p2|6\n|gen|9\n|tier|[Gen 9] Doubles OU\n|rated|\n|rule|Species Clause: Limit one of each Pok\u00e9mon\n|rule|OHKO Clause: OHKO moves are banned\n|rule|Evasion Moves Clause: Evasion moves are banned\n|rule|Gravity Sleep Clause: The combination of sleep-inducing moves with imperfect accuracy and Gravity or Gigantamax Orbeetle are banned\n|rule|Endless Battle Clause: Forcing endless battles is banned\n|rule|HP Percentage Mod: HP is shown in percentages\n|clearpoke\n|poke|p1|Charjabug, F|\n|poke|p1|Gholdengo|\n|poke|p1|Flutter Mane|\n|poke|p1|Iron Moth|\n|poke|p1|Kommo-o, F|\n|poke|p1|Indeedee-F, F|\n|poke|p2|Ninetales-Alola, F|\n|poke|p2|Sandslash-Alola, M|\n|poke|p2|Rillaboom, M|\n|poke|p2|Arcanine-Hisui, M|\n|poke|p2|Flutter Mane|\n|poke|p2|Ogerpon-Hearthflame, F|\n|teampreview\n|\n|t:|1697979810\n|start\n|switch|p1a: Gholdengo|Gholdengo|100\/100\n|switch|p1b: Iron Moth|Iron Moth|100\/100\n|switch|p2a: Vanilla Ice|Ninetales-Alola, F|100\/100\n|switch|p2b: Flutter Mane|Flutter Mane|100\/100\n|-weather|Snow|[from] ability: Snow Warning|[of] p2a: Vanilla Ice\n|-enditem|p1b: Iron Moth|Booster Energy\n|-activate|p1b: Iron Moth|ability: Quark Drive|[fromitem]\n|-start|p1b: Iron Moth|quarkdrivespe\n|-enditem|p2b: Flutter Mane|Booster Energy\n|-activate|p2b: Flutter Mane|ability: Protosynthesis|[fromitem]\n|-start|p2b: Flutter Mane|protosynthesisspe\n|turn|1\n|inactive|Battle timer is ON: inactive players will automatically lose when time's up. (requested by Devrick Mundle)\n|\n|t:|1697979839\n|move|p1b: Iron Moth|Heat Wave|p2a: Vanilla Ice|[spread] p2b\n|-miss|p1b: Iron Moth|p2a: Vanilla Ice\n|-damage|p2b: Flutter Mane|68\/100\n|move|p2b: Flutter Mane|Shadow Ball|p1a: Gholdengo\n|-supereffective|p1a: Gholdengo\n|-damage|p1a: Gholdengo|1\/100\n|move|p1a: Gholdengo|Make It Rain|p2b: Flutter Mane|[spread] p2a,p2b\n|-supereffective|p2a: Vanilla Ice\n|-supereffective|p2b: Flutter Mane\n|-damage|p2a: Vanilla Ice|0 fnt\n|-damage|p2b: Flutter Mane|0 fnt\n|-unboost|p1a: Gholdengo|spa|1\n|faint|p2a: Vanilla Ice\n|faint|p2b: Flutter Mane\n|-end|p2b: Flutter Mane|Protosynthesis|[silent]\n|\n|-weather|Snow|[upkeep]\n|upkeep\n|\n|t:|1697979861\n|switch|p2a: Rillaboom|Rillaboom, M|100\/100\n|switch|p2b: Ogerpon|Ogerpon-Hearthflame, F|100\/100\n|-ability|p2b: Ogerpon|Mold Breaker\n|-fieldstart|move: Grassy Terrain|[from] ability: Grassy Surge|[of] p2a: Rillaboom\n|turn|2\n|inactive|Devrick Mundle has 120 seconds left.\n|inactive|Devrick Mundle has 90 seconds left.\n|\n|t:|1697979927\n|switch|p1a: Indeedee|Indeedee-F, F|100\/100\n|-fieldstart|move: Psychic Terrain|[from] ability: Psychic Surge|[of] p1a: Indeedee\n|move|p1b: Iron Moth|Protect|p1b: Iron Moth\n|-singleturn|p1b: Iron Moth|Protect\n|move|p2a: Rillaboom|Fake Out|p1a: Indeedee\n|-activate|p1a: Indeedee|move: Psychic Terrain\n|move|p2b: Ogerpon|Follow Me|p2b: Ogerpon\n|-singleturn|p2b: Ogerpon|move: Follow Me\n|\n|-weather|Snow|[upkeep]\n|upkeep\n|turn|3\n|inactive|Devrick Mundle has 90 seconds left.\n|inactive|DogeZer0 has 120 seconds left.\n|\n|t:|1697979973\n|switch|p1a: Gholdengo|Gholdengo|1\/100\n|move|p1b: Iron Moth|Sludge Wave|p2b: Ogerpon|[spread] p2a,p2b\n|-immune|p1a: Gholdengo\n|-supereffective|p2a: Rillaboom\n|-supereffective|p2b: Ogerpon\n|-damage|p2a: Rillaboom|50\/100\n|-damage|p2b: Ogerpon|26\/100\n|move|p2b: Ogerpon|Ivy Cudgel|p1a: Gholdengo\n|-supereffective|p1a: Gholdengo\n|-damage|p1a: Gholdengo|0 fnt\n|faint|p1a: Gholdengo\n|move|p2a: Rillaboom|Drain Punch|p1b: Iron Moth\n|-resisted|p1b: Iron Moth\n|-damage|p1b: Iron Moth|80\/100\n|-heal|p2a: Rillaboom|58\/100|[from] drain|[of] p1b: Iron Moth\n|\n|-weather|Snow|[upkeep]\n|upkeep\n|\n|t:|1697979989\n|switch|p1a: Charjabug|Charjabug, F, shiny|100\/100\n|turn|4\n|inactive|DogeZer0 has 120 seconds left.\n|\n|t:|1697980014\n|move|p1a: Charjabug|Protect|p1a: Charjabug\n|-singleturn|p1a: Charjabug|Protect\n|move|p1b: Iron Moth|Heat Wave|p2b: Ogerpon|[spread] p2a,p2b\n|-supereffective|p2a: Rillaboom\n|-damage|p2a: Rillaboom|0 fnt\n|-damage|p2b: Ogerpon|0 fnt\n|faint|p2a: Rillaboom\n|faint|p2b: Ogerpon\n|\n|-weather|Snow|[upkeep]\n|upkeep\n|\n|t:|1697980025\n|switch|p2b: Dog|Arcanine-Hisui, M|100\/100\n|switch|p2a: Sandslash|Sandslash-Alola, M, shiny|100\/100\n|-ability|p2b: Dog|Intimidate|boost\n|-unboost|p1a: Charjabug|atk|1\n|-unboost|p1b: Iron Moth|atk|1\n|turn|5\n|inactive|Devrick Mundle has 120 seconds left.\n|inactive|DogeZer0 has 120 seconds left.\n|\n|t:|1697980052\n|move|p2b: Dog|Protect|p2b: Dog\n|-singleturn|p2b: Dog|Protect\n|move|p1b: Iron Moth|Heat Wave|p2a: Sandslash|[spread] p2a\n|-activate|p2b: Dog|move: Protect\n|-supereffective|p2a: Sandslash\n|-damage|p2a: Sandslash|0 fnt\n|faint|p2a: Sandslash\n|move|p1a: Charjabug|Substitute|p1a: Charjabug\n|-start|p1a: Charjabug|Substitute\n|-damage|p1a: Charjabug|76\/100\n|\n|-weather|none\n|upkeep\n|turn|6\n|inactive|Devrick Mundle has 120 seconds left.\n|inactive|DogeZer0 has 120 seconds left.\n|\n|t:|1697980079\n|move|p2b: Dog|Extreme Speed|p1b: Iron Moth\n|-activate|p1b: Iron Moth|move: Psychic Terrain\n|move|p1b: Iron Moth|Energy Ball|p2b: Dog\n|-damage|p2b: Dog|58\/100\n|move|p1a: Charjabug|Thunder Wave|p2b: Dog\n|-status|p2b: Dog|par\n|\n|-fieldend|move: Psychic Terrain\n|upkeep\n|turn|7\n|inactive|Devrick Mundle has 120 seconds left.\n|\n|t:|1697980104\n|switch|p1a: Indeedee|Indeedee-F, F|100\/100\n|-fieldstart|move: Psychic Terrain|[from] ability: Psychic Surge|[of] p1a: Indeedee\n|move|p1b: Iron Moth|Energy Ball|p2b: Dog\n|-damage|p2b: Dog|26\/100 par\n|move|p2b: Dog|Head Smash|p1b: Iron Moth\n|-supereffective|p1b: Iron Moth\n|-damage|p1b: Iron Moth|0 fnt\n|faint|p1b: Iron Moth\n|-end|p1b: Iron Moth|Quark Drive|[silent]\n|-damage|p2b: Dog|0 fnt|[from] Recoil\n|faint|p2b: Dog\n|\n|win|Devrick Mundle\n|raw|Devrick Mundle's rating: 1032 &rarr; <strong>1072<\/strong><br \/>(+40 for winning)\n|raw|DogeZer0's rating: 1080 &rarr; <strong>1055<\/strong><br \/>(-25 for losing)\n|l|\u2606DogeZer0\n","uploadtime":1697980117,"views":22,"p1id":"devrickmundle","p2id":"dogezer0","formatid":"gen9doublesou","rating":1055,"private":0,"password":""}