{"id":"gen9doublesou-1993141692","p1":"sadboigaming","p2":"Redzone92","format":"[Gen 9] Doubles OU","log":"|j|\u2606sadboigaming\n|j|\u2606Redzone92\n|t:|1700269749\n|gametype|doubles\n|player|p1|sadboigaming|unknown|\n|player|p2|Redzone92|alder|\n|teamsize|p1|6\n|teamsize|p2|6\n|gen|9\n|tier|[Gen 9] Doubles OU\n|rule|Species Clause: Limit one of each Pok\u00e9mon\n|rule|OHKO Clause: OHKO moves are banned\n|rule|Evasion Moves Clause: Evasion moves are banned\n|rule|Gravity Sleep Clause: The combination of sleep-inducing moves with imperfect accuracy and Gravity or Gigantamax Orbeetle are banned\n|rule|Endless Battle Clause: Forcing endless battles is banned\n|rule|HP Percentage Mod: HP is shown in percentages\n|clearpoke\n|poke|p1|Great Tusk|\n|poke|p1|Torkoal, F|\n|poke|p1|Hoopa|\n|poke|p1|Thundurus, M|\n|poke|p1|Enamorus-Therian, F|\n|poke|p1|Regidrago|\n|poke|p2|Farigiraf, F|\n|poke|p2|Landorus-Therian, M|\n|poke|p2|Diancie|\n|poke|p2|Iron Moth|\n|poke|p2|Hydreigon, M|\n|poke|p2|Kleavor, M|\n|teampreview\n|j| Wookiebacon\n|j| Kevin Dickey12\n|\n|t:|1700269779\n|start\n|switch|p1a: Great Tusk|Great Tusk|100\/100\n|switch|p1b: Enamorus|Enamorus-Therian, F|100\/100\n|switch|p2a: Pete|Hydreigon, M|100\/100\n|switch|p2b: Rufus|Landorus-Therian, M|100\/100\n|-ability|p2b: Rufus|Intimidate|boost\n|-unboost|p1a: Great Tusk|atk|1\n|-unboost|p1b: Enamorus|atk|1\n|turn|1\n|j| GoDDanteX\n|\n|t:|1700269798\n|-terastallize|p2a: Pete|Water\n|move|p1a: Great Tusk|Ice Spinner|p2b: Rufus\n|-supereffective|p2b: Rufus\n|-damage|p2b: Rufus|0 fnt\n|faint|p2b: Rufus\n|move|p2a: Pete|Tailwind|p2a: Pete\n|-sidestart|p2: Redzone92|move: Tailwind\n|move|p1b: Enamorus|Dazzling Gleam|p2a: Pete\n|-damage|p2a: Pete|50\/100\n|\n|upkeep\n|\n|t:|1700269813\n|switch|p2b: Edward|Kleavor, M, shiny|100\/100\n|turn|2\n|\n|t:|1700269831\n|move|p2b: Edward|Protect|p2b: Edward\n|-singleturn|p2b: Edward|Protect\n|move|p2a: Pete|Surf|p1a: Great Tusk|[spread] p1a,p1b\n|-activate|p2b: Edward|move: Protect\n|-supereffective|p1a: Great Tusk\n|-crit|p1a: Great Tusk\n|-damage|p1a: Great Tusk|0 fnt\n|-damage|p1b: Enamorus|66\/100\n|faint|p1a: Great Tusk\n|-end|p1a: Great Tusk|Protosynthesis|[silent]\n|move|p1b: Enamorus|Dazzling Gleam|p2b: Edward|[spread] p2a\n|-activate|p2b: Edward|move: Protect\n|-damage|p2a: Pete|6\/100\n|\n|-heal|p1b: Enamorus|72\/100|[from] item: Leftovers\n|upkeep\n|j| Championjolteons\n|\n|t:|1700269858\n|switch|p1a: Torkoal|Torkoal, F, shiny|100\/100\n|-weather|SunnyDay|[from] ability: Drought|[of] p1a: Torkoal\n|turn|3\n|\n|t:|1700269875\n|move|p2a: Pete|Dark Pulse|p1a: Torkoal\n|-damage|p1a: Torkoal|45\/100\n|move|p2b: Edward|Stone Axe|p1a: Torkoal\n|-supereffective|p1a: Torkoal\n|-damage|p1a: Torkoal|0 fnt\n|-damage|p2b: Edward|84\/100|[from] item: Rocky Helmet|[of] p1a: Torkoal\n|-sidestart|p1: sadboigaming|move: Stealth Rock\n|faint|p1a: Torkoal\n|move|p1b: Enamorus|Dazzling Gleam|p2b: Edward|[spread] p2a,p2b\n|-damage|p2a: Pete|0 fnt\n|-damage|p2b: Edward|28\/100\n|faint|p2a: Pete\n|\n|-weather|SunnyDay|[upkeep]\n|-heal|p1b: Enamorus|78\/100|[from] item: Leftovers\n|upkeep\n|\n|t:|1700269898\n|switch|p2a: cyborg mothra|Iron Moth, shiny|100\/100\n|switch|p1a: Regidrago|Regidrago, shiny|100\/100\n|-damage|p1a: Regidrago|88\/100|[from] Stealth Rock\n|-enditem|p2a: cyborg mothra|Booster Energy\n|-activate|p2a: cyborg mothra|ability: Quark Drive|[fromitem]\n|-start|p2a: cyborg mothra|quarkdrivespa\n|turn|4\n|\n|t:|1700269919\n|move|p2b: Edward|Protect|p2b: Edward\n|-singleturn|p2b: Edward|Protect\n|move|p2a: cyborg mothra|Sludge Wave|p1b: Enamorus|[spread] p1a,p1b\n|-activate|p2b: Edward|move: Protect\n|-supereffective|p1b: Enamorus\n|-crit|p1b: Enamorus\n|-damage|p1a: Regidrago|34\/100\n|-damage|p1b: Enamorus|0 fnt\n|faint|p1b: Enamorus\n|move|p1a: Regidrago|Earthquake|p2a: cyborg mothra|[spread] p2a\n|-activate|p2b: Edward|move: Protect\n|-supereffective|p2a: cyborg mothra\n|-damage|p2a: cyborg mothra|0 fnt\n|faint|p2a: cyborg mothra\n|-end|p2a: cyborg mothra|Quark Drive|[silent]\n|\n|-weather|SunnyDay|[upkeep]\n|-sideend|p2: Redzone92|move: Tailwind\n|upkeep\n|\n|t:|1700269939\n|switch|p2a: Martty|Farigiraf, F|100\/100\n|switch|p1b: Thundurus|Thundurus, M, shiny|100\/100\n|-damage|p1b: Thundurus|76\/100|[from] Stealth Rock\n|turn|5\n|\n|t:|1700269954\n|-terastallize|p1a: Regidrago|Steel\n|move|p1b: Thundurus|Dark Pulse|p2a: Martty\n|-supereffective|p2a: Martty\n|-damage|p2a: Martty|50\/100\n|-enditem|p2a: Martty|Sitrus Berry|[eat]\n|-heal|p2a: Martty|75\/100|[from] item: Sitrus Berry\n|move|p1a: Regidrago|Scale Shot|p2b: Edward\n|-crit|p2b: Edward\n|-damage|p2b: Edward|0 fnt\n|faint|p2b: Edward\n|-hitcount|p2: Edward|1\n|-unboost|p1a: Regidrago|def|1\n|-boost|p1a: Regidrago|spe|1\n|move|p2a: Martty|Shadow Ball|p1a: Regidrago\n|-damage|p1a: Regidrago|6\/100\n|-unboost|p1a: Regidrago|spd|1\n|\n|-weather|SunnyDay|[upkeep]\n|upkeep\n|\n|t:|1700269971\n|switch|p2b: Tiana|Diancie, shiny|100\/100\n|turn|6\n|\n|t:|1700269988\n|move|p2a: Martty|Protect|p2a: Martty\n|-singleturn|p2a: Martty|Protect\n|move|p1a: Regidrago|Crunch|p2a: Martty\n|-activate|p2a: Martty|move: Protect\n|move|p1b: Thundurus|Psychic|p2b: Tiana\n|-damage|p2b: Tiana|79\/100\n|move|p2b: Tiana|Diamond Storm|p1b: Thundurus|[spread] p1a,p1b\n|-resisted|p1a: Regidrago\n|-supereffective|p1b: Thundurus\n|-damage|p1a: Regidrago|0 fnt\n|-damage|p1b: Thundurus|0 fnt\n|-boost|p2b: Tiana|def|2\n|faint|p1a: Regidrago\n|faint|p1b: Thundurus\n|\n|-weather|SunnyDay|[upkeep]\n|-heal|p2b: Tiana|85\/100|[from] item: Leftovers\n|upkeep\n|\n|t:|1700270005\n|switch|p1a: Hoopa|Hoopa|100\/100\n|-damage|p1a: Hoopa|88\/100|[from] Stealth Rock\n|turn|7\n|\n|t:|1700270012\n|move|p1a: Hoopa|Psychic|p2a: Martty\n|-resisted|p2a: Martty\n|-damage|p2a: Martty|47\/100\n|-unboost|p2a: Martty|spd|1\n|move|p2a: Martty|Shadow Ball|p1a: Hoopa\n|-supereffective|p1a: Hoopa\n|-damage|p1a: Hoopa|0 fnt\n|faint|p1a: Hoopa\n|\n|win|Redzone92\n|l| Wookiebacon\n|l| GoDDanteX\n","uploadtime":1700270044,"views":10,"p1id":"sadboigaming","p2id":"redzone92","formatid":"gen9doublesou","rating":0,"private":0,"password":""}