{"id":"gen9doublesou-1969103836","p1":"Gonzaloshowdown","p2":"Gunvolt2014","format":"[Gen 9] Doubles OU","log":"|j|\u2606Gonzaloshowdown\n|j|\u2606Gunvolt2014\n|t:|1697490325\n|gametype|doubles\n|player|p1|Gonzaloshowdown|2|\n|player|p2|Gunvolt2014|tate|\n|teamsize|p1|6\n|teamsize|p2|6\n|gen|9\n|tier|[Gen 9] Doubles OU\n|rule|Species Clause: Limit one of each Pok\u00e9mon\n|rule|OHKO Clause: OHKO moves are banned\n|rule|Evasion Moves Clause: Evasion moves are banned\n|rule|Gravity Sleep Clause: The combination of sleep-inducing moves with imperfect accuracy and Gravity or Gigantamax Orbeetle are banned\n|rule|Endless Battle Clause: Forcing endless battles is banned\n|rule|HP Percentage Mod: HP is shown in percentages\n|clearpoke\n|poke|p1|Tornadus, M|\n|poke|p1|Flutter Mane|\n|poke|p1|Roaring Moon|\n|poke|p1|Garganacl, M|\n|poke|p1|Rillaboom, M|\n|poke|p1|Ninetales-Alola, F|\n|poke|p2|Ribombee, M|\n|poke|p2|Torterra, M|\n|poke|p2|Grimmsnarl, M|\n|poke|p2|Manaphy|\n|poke|p2|Dragonite, M|\n|poke|p2|Gholdengo|\n|teampreview\n|c|\u2606Gunvolt2014|glhf\n|\n|t:|1697490465\n|start\n|switch|p1a: Roaring Moon|Roaring Moon|100\/100\n|switch|p1b: Ninetales|Ninetales-Alola, F|100\/100\n|switch|p2a: Ribombee|Ribombee, M|100\/100\n|switch|p2b: Grimmsnarl|Grimmsnarl, M|100\/100\n|-weather|Snow|[from] ability: Snow Warning|[of] p1b: Ninetales\n|turn|1\n|inactive|Battle timer is ON: inactive players will automatically lose when time's up. (requested by Gunvolt2014)\n|\n|t:|1697490486\n|-terastallize|p1a: Roaring Moon|Steel\n|move|p2b: Grimmsnarl|Taunt|p1b: Ninetales\n|-start|p1b: Ninetales|move: Taunt\n|move|p2a: Ribombee|Sticky Web|p1a: Roaring Moon\n|-sidestart|p1: Gonzaloshowdown|move: Sticky Web\n|cant|p1b: Ninetales|move: Taunt|Aurora Veil\n|move|p1a: Roaring Moon|Iron Head|p2b: Grimmsnarl\n|-supereffective|p2b: Grimmsnarl\n|-damage|p2b: Grimmsnarl|9\/100\n|\n|-weather|Snow|[upkeep]\n|upkeep\n|turn|2\n|\n|t:|1697490507\n|move|p2b: Grimmsnarl|Parting Shot|p1a: Roaring Moon\n|-unboost|p1a: Roaring Moon|atk|1\n|-unboost|p1a: Roaring Moon|spa|1\n|inactive|Gunvolt2014 has 270 seconds left.\n|\n|t:|1697490535\n|switch|p2b: Gholdengo|Gholdengo|100\/100|[from] Parting Shot\n|move|p2a: Ribombee|Stun Spore|p1a: Roaring Moon\n|-status|p1a: Roaring Moon|par\n|move|p1b: Ninetales|Blizzard|p2a: Ribombee|[spread] p2a,p2b\n|-resisted|p2b: Gholdengo\n|-damage|p2a: Ribombee|62\/100\n|-damage|p2b: Gholdengo|87\/100\n|move|p1a: Roaring Moon|Iron Head|p2b: Gholdengo\n|-resisted|p2b: Gholdengo\n|-damage|p2b: Gholdengo|73\/100\n|\n|-weather|Snow|[upkeep]\n|upkeep\n|turn|3\n|inactive|Gunvolt2014 has 270 seconds left.\n|\n|t:|1697490558\n|switch|p1b: Rillaboom|Rillaboom, M|100\/100\n|-activate|p1b: Rillaboom|move: Sticky Web\n|-unboost|p1b: Rillaboom|spe|1\n|-fieldstart|move: Grassy Terrain|[from] ability: Grassy Surge|[of] p1b: Rillaboom\n|move|p2b: Gholdengo|Trick|p1b: Rillaboom\n|-activate|p2b: Gholdengo|move: Trick|[of] p1b: Rillaboom\n|-item|p1b: Rillaboom|Choice Scarf|[from] move: Trick\n|-item|p2b: Gholdengo|Assault Vest|[from] move: Trick\n|move|p2a: Ribombee|Quiver Dance|p2a: Ribombee\n|-boost|p2a: Ribombee|spa|1\n|-boost|p2a: Ribombee|spd|1\n|-boost|p2a: Ribombee|spe|1\n|move|p1a: Roaring Moon|Throat Chop|p2b: Gholdengo\n|-supereffective|p2b: Gholdengo\n|-damage|p2b: Gholdengo|11\/100\n|-start|p2b: Gholdengo|Throat Chop|[silent]\n|\n|-weather|Snow|[upkeep]\n|-heal|p2a: Ribombee|68\/100|[from] Grassy Terrain\n|-heal|p2b: Gholdengo|17\/100|[from] Grassy Terrain\n|upkeep\n|turn|4\n|inactive|Gunvolt2014 has 270 seconds left.\n|\n|t:|1697490598\n|switch|p2b: Dragonite|Dragonite, M|100\/100\n|move|p2a: Ribombee|Moonblast|p1b: Rillaboom\n|-damage|p1b: Rillaboom|43\/100\n|move|p1b: Rillaboom|Knock Off|p2b: Dragonite\n|-damage|p2b: Dragonite|85\/100\n|-enditem|p2b: Dragonite|Choice Band|[from] move: Knock Off|[of] p1b: Rillaboom\n|move|p1a: Roaring Moon|Iron Head|p2a: Ribombee\n|-supereffective|p2a: Ribombee\n|-damage|p2a: Ribombee|0 fnt\n|faint|p2a: Ribombee\n|\n|-weather|Snow|[upkeep]\n|-heal|p1b: Rillaboom|49\/100|[from] Grassy Terrain\n|upkeep\n|\n|t:|1697490612\n|switch|p2a: Torterra|Torterra, M|100\/100\n|turn|5\n|inactive|Gunvolt2014 has 270 seconds left.\n|\n|t:|1697490627\n|move|p2b: Dragonite|Stomping Tantrum|p1a: Roaring Moon\n|-supereffective|p1a: Roaring Moon\n|-damage|p1a: Roaring Moon|35\/100 par\n|-enditem|p1a: Roaring Moon|Sitrus Berry|[eat]\n|-heal|p1a: Roaring Moon|60\/100 par|[from] item: Sitrus Berry\n|move|p1b: Rillaboom|Knock Off|p2a: Torterra\n|-damage|p2a: Torterra|72\/100\n|-enditem|p2a: Torterra|Loaded Dice|[from] move: Knock Off|[of] p1b: Rillaboom\n|move|p2a: Torterra|Shell Smash|p2a: Torterra\n|-unboost|p2a: Torterra|def|1\n|-unboost|p2a: Torterra|spd|1\n|-boost|p2a: Torterra|atk|2\n|-boost|p2a: Torterra|spa|2\n|-boost|p2a: Torterra|spe|2\n|move|p1a: Roaring Moon|Breaking Swipe|p2a: Torterra|[spread] p2a,p2b\n|-supereffective|p2b: Dragonite\n|-crit|p2b: Dragonite\n|-damage|p2a: Torterra|49\/100\n|-damage|p2b: Dragonite|14\/100\n|-unboost|p2a: Torterra|atk|1\n|-unboost|p2b: Dragonite|atk|1\n|\n|-weather|none\n|-heal|p2a: Torterra|55\/100|[from] Grassy Terrain\n|-heal|p1b: Rillaboom|55\/100|[from] Grassy Terrain\n|-heal|p1a: Roaring Moon|66\/100 par|[from] Grassy Terrain\n|upkeep\n|turn|6\n|inactive|Gunvolt2014 has 270 seconds left.\n|inactive|Gunvolt2014 has 240 seconds left.\n|\n|t:|1697490686\n|move|p2a: Torterra|Headlong Rush|p1a: Roaring Moon\n|-supereffective|p1a: Roaring Moon\n|-damage|p1a: Roaring Moon|0 fnt\n|-unboost|p2a: Torterra|def|1\n|-unboost|p2a: Torterra|spd|1\n|faint|p1a: Roaring Moon\n|-end|p1a: Roaring Moon|Protosynthesis|[silent]\n|move|p2b: Dragonite|Iron Head|p1b: Rillaboom\n|-damage|p1b: Rillaboom|38\/100\n|move|p1b: Rillaboom|Knock Off|p2b: Dragonite\n|-damage|p2b: Dragonite|0 fnt\n|faint|p2b: Dragonite\n|\n|-heal|p2a: Torterra|62\/100|[from] Grassy Terrain\n|-heal|p1b: Rillaboom|44\/100|[from] Grassy Terrain\n|upkeep\n|\n|t:|1697490702\n|switch|p1a: Ninetales|Ninetales-Alola, F|100\/100\n|switch|p2b: Grimmsnarl|Grimmsnarl, M|9\/100\n|-activate|p1a: Ninetales|move: Sticky Web\n|-unboost|p1a: Ninetales|spe|1\n|-weather|Snow|[from] ability: Snow Warning|[of] p1a: Ninetales\n|turn|7\n|inactive|Gunvolt2014 has 270 seconds left.\n|\n|t:|1697490736\n|-terastallize|p2a: Torterra|Rock\n|move|p2b: Grimmsnarl|Parting Shot|p1b: Rillaboom\n|-unboost|p1b: Rillaboom|atk|1\n|-unboost|p1b: Rillaboom|spa|1\n|\n|t:|1697490744\n|switch|p2b: Gholdengo|Gholdengo|17\/100|[from] Parting Shot\n|move|p2a: Torterra|Rock Blast|p1a: Ninetales\n|-supereffective|p1a: Ninetales\n|-damage|p1a: Ninetales|68\/100\n|-supereffective|p1a: Ninetales\n|-damage|p1a: Ninetales|37\/100\n|-hitcount|p1a: Ninetales|2\n|move|p1a: Ninetales|Blizzard|p2b: Gholdengo|[spread] p2a,p2b\n|-resisted|p2b: Gholdengo\n|-damage|p2a: Torterra|7\/100\n|-damage|p2b: Gholdengo|7\/100\n|move|p1b: Rillaboom|Knock Off|p2b: Gholdengo\n|-supereffective|p2b: Gholdengo\n|-crit|p2b: Gholdengo\n|-damage|p2b: Gholdengo|0 fnt\n|-enditem|p2b: Gholdengo|Assault Vest|[from] move: Knock Off|[of] p1b: Rillaboom\n|faint|p2b: Gholdengo\n|\n|-weather|Snow|[upkeep]\n|-heal|p2a: Torterra|13\/100|[from] Grassy Terrain\n|-heal|p1a: Ninetales|43\/100|[from] Grassy Terrain\n|-heal|p1b: Rillaboom|50\/100|[from] Grassy Terrain\n|-fieldend|move: Grassy Terrain\n|upkeep\n|inactive|Gunvolt2014 has 240 seconds left.\n|\n|t:|1697490761\n|switch|p2b: Manaphy|Manaphy|100\/100\n|turn|8\n|\n|t:|1697490783\n|switch|p1b: Tornadus|Tornadus, M|100\/100\n|move|p1a: Ninetales|Protect|p1a: Ninetales\n|-singleturn|p1a: Ninetales|Protect\n|move|p2a: Torterra|Headlong Rush|p1b: Tornadus\n|-immune|p1b: Tornadus\n|move|p2b: Manaphy|Tail Glow|p2b: Manaphy\n|-boost|p2b: Manaphy|spa|3\n|\n|-weather|Snow|[upkeep]\n|upkeep\n|turn|9\n|\n|t:|1697490805\n|move|p2a: Torterra|Rock Blast|p1b: Tornadus\n|-supereffective|p1b: Tornadus\n|-damage|p1b: Tornadus|53\/100\n|-supereffective|p1b: Tornadus\n|-damage|p1b: Tornadus|3\/100\n|-supereffective|p1b: Tornadus\n|-damage|p1b: Tornadus|0 fnt\n|faint|p1b: Tornadus\n|-hitcount|p1: Tornadus|3\n|move|p2b: Manaphy|Scald|p1a: Ninetales\n|-damage|p1a: Ninetales|0 fnt\n|faint|p1a: Ninetales\n|\n|-weather|Snow|[upkeep]\n|upkeep\n|inactive|Gonzaloshowdown has 270 seconds left.\n|\n|t:|1697490838\n|switch|p1b: Garganacl|Garganacl, M|100\/100\n|switch|p1a: Rillaboom|Rillaboom, M|50\/100\n|-activate|p1a: Rillaboom|move: Sticky Web\n|-unboost|p1a: Rillaboom|spe|1\n|-fieldstart|move: Grassy Terrain|[from] ability: Grassy Surge|[of] p1a: Rillaboom\n|-activate|p1b: Garganacl|move: Sticky Web\n|-unboost|p1b: Garganacl|spe|1\n|turn|10\n|inactive|Gonzaloshowdown has 270 seconds left.\n|\n|t:|1697490859\n|move|p1a: Rillaboom|Grassy Glide|p2a: Torterra\n|-supereffective|p2a: Torterra\n|-damage|p2a: Torterra|0 fnt\n|faint|p2a: Torterra\n|move|p2b: Manaphy|Ice Beam|p1a: Rillaboom\n|-supereffective|p1a: Rillaboom\n|-damage|p1a: Rillaboom|0 fnt\n|faint|p1a: Rillaboom\n|move|p1b: Garganacl|Salt Cure|p2b: Manaphy\n|-damage|p2b: Manaphy|87\/100\n|-start|p2b: Manaphy|Salt Cure\n|\n|-weather|Snow|[upkeep]\n|-heal|p2b: Manaphy|93\/100|[from] Grassy Terrain\n|-damage|p2b: Manaphy|68\/100|[from] Salt Cure\n|upkeep\n|\n|t:|1697490873\n|switch|p1a: Flutter Mane|Flutter Mane|100\/100\n|switch|p2a: Grimmsnarl|Grimmsnarl, M|9\/100\n|-activate|p1a: Flutter Mane|move: Sticky Web\n|-unboost|p1a: Flutter Mane|spe|1\n|turn|11\n|\n|t:|1697490889\n|move|p2a: Grimmsnarl|Taunt|p1b: Garganacl\n|-start|p1b: Garganacl|move: Taunt\n|move|p2b: Manaphy|Scald|p1a: Flutter Mane\n|-crit|p1a: Flutter Mane\n|-damage|p1a: Flutter Mane|0 fnt\n|faint|p1a: Flutter Mane\n|-end|p1a: Flutter Mane|Protosynthesis|[silent]\n|move|p1b: Garganacl|Salt Cure|p2a: Grimmsnarl\n|-damage|p2a: Grimmsnarl|0 fnt\n|faint|p2a: Grimmsnarl\n|\n|-weather|none\n|-heal|p2b: Manaphy|74\/100|[from] Grassy Terrain\n|-damage|p2b: Manaphy|49\/100|[from] Salt Cure\n|upkeep\n|turn|12\n|inactive|Gunvolt2014 has 270 seconds left.\n|\n|t:|1697490932\n|move|p2b: Manaphy|Rest|p2b: Manaphy\n|-status|p2b: Manaphy|slp|[from] move: Rest\n|-heal|p2b: Manaphy|100\/100 slp|[silent]\n|-enditem|p2b: Manaphy|Chesto Berry|[eat]\n|-curestatus|p2b: Manaphy|slp|[msg]\n|move|p1b: Garganacl|Salt Cure|p2b: Manaphy\n|-damage|p2b: Manaphy|87\/100\n|\n|-heal|p2b: Manaphy|93\/100|[from] Grassy Terrain\n|-damage|p2b: Manaphy|69\/100|[from] Salt Cure\n|upkeep\n|turn|13\n|inactive|Gonzaloshowdown has 270 seconds left.\n|\n|t:|1697490982\n|move|p2b: Manaphy|Scald|p1b: Garganacl\n|-supereffective|p1b: Garganacl\n|-damage|p1b: Garganacl|0 fnt\n|faint|p1b: Garganacl\n|\n|win|Gunvolt2014\n|c|\u2606Gunvolt2014|gg\n|l|\u2606Gonzaloshowdown\n","uploadtime":1697490995,"views":30,"p1id":"gonzaloshowdown","p2id":"gunvolt2014","formatid":"gen9doublesou","rating":0,"private":0,"password":""}