{"id":"gen9doublesou-1988818672","p1":"Pradyumn04","p2":"Bunnysai","format":"[Gen 9] Doubles OU","log":"|j|\u2606Pradyumn04\n|j|\u2606Bunnysai\n|inactive|Battle timer is ON: inactive players will automatically lose when time's up.\n|t:|1699767775\n|gametype|doubles\n|player|p1|Pradyumn04|265|\n|player|p2|Bunnysai|brock|\n|teamsize|p1|6\n|teamsize|p2|6\n|gen|9\n|tier|[Gen 9] Doubles OU\n|rated|Tournament battle\n|rule|Species Clause: Limit one of each Pok\u00e9mon\n|rule|OHKO Clause: OHKO moves are banned\n|rule|Evasion Moves Clause: Evasion moves are banned\n|rule|Gravity Sleep Clause: The combination of sleep-inducing moves with imperfect accuracy and Gravity or Gigantamax Orbeetle are banned\n|rule|Endless Battle Clause: Forcing endless battles is banned\n|rule|HP Percentage Mod: HP is shown in percentages\n|clearpoke\n|poke|p1|Tornadus, M|\n|poke|p1|Iron Hands|\n|poke|p1|Rillaboom, F|\n|poke|p1|Flutter Mane|\n|poke|p1|Ogerpon-Hearthflame, F|\n|poke|p1|Heatran, F|\n|poke|p2|Tornadus, M|\n|poke|p2|Iron Hands|\n|poke|p2|Rillaboom, M|\n|poke|p2|Flutter Mane|\n|poke|p2|Ogerpon-Hearthflame, F|\n|poke|p2|Heatran, M|\n|teampreview\n|j|*Lady Monita \u2746\n|j| BB-8-NU\n|inactive|Bunnysai also wants the timer to be on.\n|j| Surdish\n|j| vicheat\n|inactive|Bunnysai has 120 seconds left.\n|\n|t:|1699767808\n|start\n|switch|p1a: Rillaboom|Rillaboom, F|100\/100\n|switch|p1b: Tornadus|Tornadus, M|100\/100\n|switch|p2a: Iron Hands|Iron Hands|100\/100\n|switch|p2b: Rillaboom|Rillaboom, M|100\/100\n|-fieldstart|move: Grassy Terrain|[from] ability: Grassy Surge|[of] p1a: Rillaboom\n|turn|1\n|\n|t:|1699767824\n|move|p2b: Rillaboom|Fake Out|p1a: Rillaboom\n|-damage|p1a: Rillaboom|86\/100\n|cant|p1a: Rillaboom|flinch\n|move|p1b: Tornadus|Tailwind|p1b: Tornadus\n|-sidestart|p1: Pradyumn04|move: Tailwind\n|move|p2a: Iron Hands|Swords Dance|p2a: Iron Hands\n|-boost|p2a: Iron Hands|atk|2\n|\n|-heal|p1a: Rillaboom|93\/100|[from] Grassy Terrain\n|upkeep\n|turn|2\n|inactive|Bunnysai has 120 seconds left.\n|\n|t:|1699767868\n|-terastallize|p2a: Iron Hands|Fire\n|move|p1b: Tornadus|Bleakwind Storm|p2a: Iron Hands|[spread] p2a,p2b\n|-supereffective|p2b: Rillaboom\n|-crit|p2b: Rillaboom\n|-damage|p2a: Iron Hands|78\/100\n|-damage|p2b: Rillaboom|23\/100\n|move|p1a: Rillaboom|High Horsepower|p2a: Iron Hands\n|-supereffective|p2a: Iron Hands\n|-damage|p2a: Iron Hands|27\/100\n|-enditem|p2a: Iron Hands|Sitrus Berry|[eat]\n|-heal|p2a: Iron Hands|51\/100|[from] item: Sitrus Berry\n|move|p2b: Rillaboom|U-turn|p1b: Tornadus\n|-resisted|p1b: Tornadus\n|-crit|p1b: Tornadus\n|-damage|p1b: Tornadus|84\/100\n|j| Aualagi\n|\n|t:|1699767892\n|switch|p2b: Flutter Mane|Flutter Mane|100\/100|[from] U-turn\n|move|p2a: Iron Hands|Fire Punch|p1a: Rillaboom\n|-supereffective|p1a: Rillaboom\n|-damage|p1a: Rillaboom|0 fnt\n|faint|p1a: Rillaboom\n|\n|-heal|p2a: Iron Hands|58\/100|[from] Grassy Terrain\n|upkeep\n|inactive|Pradyumn04 has 120 seconds left.\n|\n|t:|1699767930\n|switch|p1a: Heatran|Heatran, F|100\/100\n|turn|3\n|inactive|Bunnysai has 120 seconds left.\n|\n|t:|1699767960\n|move|p1b: Tornadus|Bleakwind Storm|p2a: Iron Hands|[spread] p2b\n|-miss|p1b: Tornadus|p2a: Iron Hands\n|-damage|p2b: Flutter Mane|71\/100\n|move|p1a: Heatran|Earth Power|p2a: Iron Hands\n|-supereffective|p2a: Iron Hands\n|-damage|p2a: Iron Hands|11\/100\n|move|p2b: Flutter Mane|Power Gem|p1b: Tornadus\n|-supereffective|p1b: Tornadus\n|-damage|p1b: Tornadus|0 fnt\n|faint|p1b: Tornadus\n|move|p2a: Iron Hands|Drain Punch|p1a: Heatran\n|-supereffective|p1a: Heatran\n|-damage|p1a: Heatran|0 fnt\n|-heal|p2a: Iron Hands|51\/100|[from] drain|[of] p1a: Heatran\n|faint|p1a: Heatran\n|\n|-heal|p2b: Flutter Mane|77\/100|[from] Grassy Terrain\n|-heal|p2a: Iron Hands|58\/100|[from] Grassy Terrain\n|upkeep\n|inactive|Pradyumn04 has 120 seconds left.\n|\n|t:|1699767975\n|switch|p1b: Iron Hands|Iron Hands|100\/100\n|switch|p1a: Flutter Mane|Flutter Mane|100\/100\n|turn|4\n|inactive|Bunnysai has 120 seconds left.\n|\n|t:|1699768005\n|-terastallize|p1a: Flutter Mane|Fairy\n|move|p1a: Flutter Mane|Power Gem|p2a: Iron Hands\n|-supereffective|p2a: Iron Hands\n|-damage|p2a: Iron Hands|0 fnt\n|faint|p2a: Iron Hands\n|-end|p2a: Iron Hands|Quark Drive|[silent]\n|move|p1b: Iron Hands|Swords Dance|p1b: Iron Hands\n|-boost|p1b: Iron Hands|atk|2\n|move|p2b: Flutter Mane|Power Gem|p1a: Flutter Mane\n|-damage|p1a: Flutter Mane|61\/100\n|\n|-heal|p1a: Flutter Mane|68\/100|[from] Grassy Terrain\n|-heal|p2b: Flutter Mane|83\/100|[from] Grassy Terrain\n|-sideend|p1: Pradyumn04|move: Tailwind\n|upkeep\n|j| Isosceles Triangle\n|inactive|Bunnysai has 90 seconds left.\n|\n|t:|1699768036\n|switch|p2a: Rillaboom|Rillaboom, M|23\/100\n|turn|5\n|l| Aualagi\n|\n|t:|1699768047\n|-end|p2b: Flutter Mane|Protosynthesis|[silent]\n|switch|p2b: Tornadus|Tornadus, M|100\/100\n|move|p1b: Iron Hands|Protect|p1b: Iron Hands\n|-singleturn|p1b: Iron Hands|Protect\n|move|p2a: Rillaboom|Fake Out|p1b: Iron Hands\n|-activate|p1b: Iron Hands|move: Protect\n|move|p1a: Flutter Mane|Power Gem|p2b: Tornadus\n|-supereffective|p2b: Tornadus\n|-crit|p2b: Tornadus\n|-damage|p2b: Tornadus|0 fnt\n|faint|p2b: Tornadus\n|\n|-heal|p1a: Flutter Mane|74\/100|[from] Grassy Terrain\n|-heal|p2a: Rillaboom|29\/100|[from] Grassy Terrain\n|-fieldend|move: Grassy Terrain\n|upkeep\n|j| Greedy 4?\n|l| Greedy 4?\n|inactive|Bunnysai has 90 seconds left.\n|inactive|Bunnysai has 60 seconds left.\n|\n|t:|1699768093\n|switch|p2b: Flutter Mane|Flutter Mane|83\/100\n|turn|6\n|\n|t:|1699768122\n|move|p2b: Flutter Mane|Dazzling Gleam|p1a: Flutter Mane|[spread] p1a,p1b\n|-supereffective|p1b: Iron Hands\n|-damage|p1a: Flutter Mane|30\/100\n|-damage|p1b: Iron Hands|32\/100\n|-enditem|p1b: Iron Hands|Sitrus Berry|[eat]\n|-heal|p1b: Iron Hands|57\/100|[from] item: Sitrus Berry\n|move|p1a: Flutter Mane|Power Gem|p2b: Flutter Mane\n|-damage|p2b: Flutter Mane|42\/100\n|move|p2a: Rillaboom|U-turn|p1a: Flutter Mane\n|-resisted|p1a: Flutter Mane\n|-damage|p1a: Flutter Mane|9\/100\n|\n|t:|1699768139\n|switch|p2a: Ogerpon|Ogerpon-Hearthflame, F|100\/100|[from] U-turn\n|-ability|p2a: Ogerpon|Mold Breaker\n|move|p1b: Iron Hands|Fire Punch|p2a: Ogerpon\n|-damage|p2a: Ogerpon|33\/100\n|\n|upkeep\n|turn|7\n|\n|t:|1699768152\n|move|p1b: Iron Hands|Protect|p1b: Iron Hands\n|-singleturn|p1b: Iron Hands|Protect\n|move|p1a: Flutter Mane|Power Gem|p2a: Ogerpon\n|-supereffective|p2a: Ogerpon\n|-damage|p2a: Ogerpon|0 fnt\n|faint|p2a: Ogerpon\n|move|p2b: Flutter Mane|Dazzling Gleam|p1b: Iron Hands|[spread] p1a\n|-activate|p1b: Iron Hands|move: Protect\n|-damage|p1a: Flutter Mane|0 fnt\n|faint|p1a: Flutter Mane\n|-end|p1a: Flutter Mane|Protosynthesis|[silent]\n|\n|upkeep\n|\n|t:|1699768158\n|switch|p1a: Ogerpon|Ogerpon-Hearthflame, F|100\/100\n|switch|p2a: Rillaboom|Rillaboom, M|29\/100\n|-ability|p1a: Ogerpon|Mold Breaker\n|-fieldstart|move: Grassy Terrain|[from] ability: Grassy Surge|[of] p2a: Rillaboom\n|turn|8\n|\n|t:|1699768165\n|move|p1a: Ogerpon|Spiky Shield|p1a: Ogerpon\n|-singleturn|p1a: Ogerpon|move: Protect\n|move|p1b: Iron Hands|Protect||[still]\n|-fail|p1b: Iron Hands\n|move|p2a: Rillaboom|Fake Out|p1a: Ogerpon\n|-activate|p1a: Ogerpon|move: Protect\n|-damage|p2a: Rillaboom|17\/100|[from] Spiky Shield|[of] p1a: Ogerpon\n|move|p2b: Flutter Mane|Dazzling Gleam|p1b: Iron Hands|[spread] p1b\n|-activate|p1a: Ogerpon|move: Protect\n|-supereffective|p1b: Iron Hands\n|-damage|p1b: Iron Hands|0 fnt\n|faint|p1b: Iron Hands\n|-end|p1b: Iron Hands|Quark Drive|[silent]\n|\n|-heal|p2b: Flutter Mane|48\/100|[from] Grassy Terrain\n|-heal|p2a: Rillaboom|23\/100|[from] Grassy Terrain\n|upkeep\n|turn|9\n|\n|t:|1699768177\n|move|p2b: Flutter Mane|Dazzling Gleam|p1a: Ogerpon\n|-resisted|p1a: Ogerpon\n|-damage|p1a: Ogerpon|66\/100\n|move|p1a: Ogerpon|Ivy Cudgel|p2a: Rillaboom\n|-supereffective|p2a: Rillaboom\n|-damage|p2a: Rillaboom|0 fnt\n|faint|p2a: Rillaboom\n|\n|-heal|p2b: Flutter Mane|54\/100|[from] Grassy Terrain\n|-heal|p1a: Ogerpon|72\/100|[from] Grassy Terrain\n|upkeep\n|\n|t:|1699768184\n|switch|p2a: Heatran|Heatran, M|100\/100\n|turn|10\n|\n|t:|1699768196\n|move|p2b: Flutter Mane|Dazzling Gleam|p1a: Ogerpon\n|-resisted|p1a: Ogerpon\n|-damage|p1a: Ogerpon|35\/100\n|move|p1a: Ogerpon|Horn Leech|p2b: Flutter Mane\n|-damage|p2b: Flutter Mane|0 fnt\n|-heal|p1a: Ogerpon|60\/100|[from] drain|[of] p2b: Flutter Mane\n|faint|p2b: Flutter Mane\n|-end|p2b: Flutter Mane|Protosynthesis|[silent]\n|move|p2a: Heatran|Earth Power|p1a: Ogerpon\n|-damage|p1a: Ogerpon|23\/100\n|\n|-heal|p1a: Ogerpon|29\/100|[from] Grassy Terrain\n|upkeep\n|turn|11\n|\n|t:|1699768211\n|move|p1a: Ogerpon|Horn Leech|p2a: Heatran\n|-resisted|p2a: Heatran\n|-crit|p2a: Heatran\n|-damage|p2a: Heatran|81\/100\n|-heal|p1a: Ogerpon|41\/100|[from] drain|[of] p2a: Heatran\n|move|p2a: Heatran|Earth Power|p1a: Ogerpon\n|-damage|p1a: Ogerpon|6\/100\n|\n|-heal|p1a: Ogerpon|12\/100|[from] Grassy Terrain\n|-heal|p2a: Heatran|87\/100|[from] Grassy Terrain\n|upkeep\n|turn|12\n|l| vicheat\n|\n|t:|1699768219\n|move|p1a: Ogerpon|Ivy Cudgel|p2a: Heatran\n|-damage|p2a: Heatran|39\/100\n|move|p2a: Heatran|Earth Power|p1a: Ogerpon\n|-damage|p1a: Ogerpon|0 fnt\n|faint|p1a: Ogerpon\n|\n|win|Bunnysai\n|n|\u2606Pradyumn04|pradyumn04\n|n|\u2606Bunnysai|bunnysai\n|n|*Lady Monita \u2746|ladymonita\n|n| BB-8-NU|bb8nu\n|n| Surdish|surdish\n|n| Isosceles Triangle|isoscelestriangle\n","uploadtime":1699768220,"views":5,"p1id":"pradyumn04","p2id":"bunnysai","formatid":"gen9doublesou","rating":0,"private":0,"password":""}