{"id":"gen9doublesou-1975381732","p1":"bydy2","p2":"Letmeactuallyplay","format":"[Gen 9] Doubles OU","log":"|j|\u2606bydy2\n|j|\u2606Letmeactuallyplay\n|inactive|Battle timer is ON: inactive players will automatically lose when time's up.\n|t:|1698185304\n|gametype|doubles\n|player|p1|bydy2|barry|\n|player|p2|Letmeactuallyplay|1|\n|teamsize|p1|6\n|teamsize|p2|6\n|gen|9\n|tier|[Gen 9] Doubles OU\n|rated|Tournament battle\n|rule|Species Clause: Limit one of each Pok\u00e9mon\n|rule|OHKO Clause: OHKO moves are banned\n|rule|Evasion Moves Clause: Evasion moves are banned\n|rule|Gravity Sleep Clause: The combination of sleep-inducing moves with imperfect accuracy and Gravity or Gigantamax Orbeetle are banned\n|rule|Endless Battle Clause: Forcing endless battles is banned\n|rule|HP Percentage Mod: HP is shown in percentages\n|clearpoke\n|poke|p1|Corviknight, M|\n|poke|p1|Scizor, F|\n|poke|p1|Milotic, M|\n|poke|p1|Honchkrow, M|\n|poke|p1|Arcanine, M|\n|poke|p1|Raichu, M|\n|poke|p2|Grafaiai, M|\n|poke|p2|Infernape, M|\n|poke|p2|Greninja-*, M|\n|poke|p2|Sandslash, F|\n|poke|p2|Braviary-Hisui, M|\n|poke|p2|Cacturne, F|\n|teampreview\n|j|*Lady Monita \u263d\n|j| HEAVY-DUTY B0OTY\n|j| J0T0P\n|c|\u2606Letmeactuallyplay|Glhf\n|c|\u2606bydy2|u2\n|j| Inkaying\n|inactive|Letmeactuallyplay has 120 seconds left.\n|\n|t:|1698185343\n|start\n|switch|p1a: Corviknight|Corviknight, M|100\/100\n|switch|p1b: Raichu|Raichu, M|100\/100\n|switch|p2a: Grafaiai|Grafaiai, M|100\/100\n|switch|p2b: Cacturne|Cacturne, F|100\/100\n|turn|1\n|\n|t:|1698185361\n|move|p2a: Grafaiai|U-turn|p1b: Raichu\n|-damage|p1b: Raichu|60\/100\n|\n|t:|1698185374\n|switch|p2a: Sandslash|Sandslash, F|100\/100|[from] U-turn\n|move|p1b: Raichu|Volt Switch|p2a: Sandslash\n|-immune|p2a: Sandslash\n|move|p2b: Cacturne|Spikes|p1b: Raichu\n|-sidestart|p1: bydy2|Spikes\n|move|p1a: Corviknight|Tailwind|p1a: Corviknight\n|-sidestart|p1: bydy2|move: Tailwind\n|\n|upkeep\n|turn|2\n|\n|t:|1698185403\n|switch|p1b: Arcanine|Arcanine, M|100\/100\n|-damage|p1b: Arcanine|88\/100|[from] Spikes\n|-ability|p1b: Arcanine|Intimidate|boost\n|-unboost|p2a: Sandslash|atk|1\n|-unboost|p2b: Cacturne|atk|1\n|move|p1a: Corviknight|U-turn|p2b: Cacturne\n|-supereffective|p2b: Cacturne\n|-damage|p2b: Cacturne|0 fnt\n|faint|p2b: Cacturne\n|\n|t:|1698185413\n|switch|p1a: Milotic|Milotic, M|100\/100|[from] U-turn\n|-damage|p1a: Milotic|88\/100|[from] Spikes\n|move|p2a: Sandslash|Stealth Rock|p1a: Milotic\n|-sidestart|p1: bydy2|move: Stealth Rock\n|\n|-heal|p1a: Milotic|94\/100|[from] item: Leftovers\n|upkeep\n|\n|t:|1698185431\n|switch|p2b: Greninja|Greninja, M|100\/100\n|turn|3\n|\n|t:|1698185446\n|move|p1b: Arcanine|Wild Charge|p2b: Greninja\n|-supereffective|p2b: Greninja\n|-damage|p2b: Greninja|21\/100\n|-damage|p1b: Arcanine|73\/100|[from] Recoil\n|move|p1a: Milotic|Scald|p2a: Sandslash\n|-supereffective|p2a: Sandslash\n|-damage|p2a: Sandslash|12\/100\n|move|p2b: Greninja|Hydro Pump|p1b: Arcanine\n|-start|p2b: Greninja|typechange|Water|[from] ability: Protean\n|-supereffective|p1b: Arcanine\n|-damage|p1b: Arcanine|1\/100\n|-enditem|p1b: Arcanine|Sitrus Berry|[eat]\n|-heal|p1b: Arcanine|26\/100|[from] item: Sitrus Berry\n|move|p2a: Sandslash|Knock Off|p1a: Milotic\n|-damage|p1a: Milotic|83\/100\n|-enditem|p1a: Milotic|Leftovers|[from] move: Knock Off|[of] p2a: Sandslash\n|\n|-heal|p2a: Sandslash|19\/100|[from] item: Leftovers\n|upkeep\n|turn|4\n|inactive|Letmeactuallyplay has 120 seconds left.\n|l| Inkaying\n|inactive|bydy2 has 120 seconds left.\n|j| Inkaying\n|inactive|Letmeactuallyplay has 90 seconds left.\n|\n|t:|1698185506\n|switch|p2b: Grafaiai|Grafaiai, M|100\/100\n|move|p1b: Arcanine|Will-O-Wisp|p2b: Grafaiai\n|-status|p2b: Grafaiai|brn\n|move|p1a: Milotic|Scald|p2a: Sandslash\n|-supereffective|p2a: Sandslash\n|-damage|p2a: Sandslash|0 fnt\n|faint|p2a: Sandslash\n|\n|-damage|p2b: Grafaiai|95\/100 brn|[from] brn\n|-sideend|p1: bydy2|move: Tailwind\n|upkeep\n|inactive|Letmeactuallyplay has 90 seconds left.\n|l| Inkaying\n|j| Inkaying\n|c| HEAVY-DUTY B0OTY|well\n|l| Inkaying\n|\n|t:|1698185540\n|switch|p2a: Greninja|Greninja, M|21\/100\n|turn|5\n|inactive|bydy2 has 120 seconds left.\n|\n|t:|1698185574\n|move|p1b: Arcanine|Extreme Speed|p2a: Greninja\n|-damage|p2a: Greninja|0 fnt\n|faint|p2a: Greninja\n|move|p2b: Grafaiai|Encore|p1a: Milotic\n|-start|p1a: Milotic|Encore\n|move|p1a: Milotic|Scald|p2b: Grafaiai\n|-damage|p2b: Grafaiai|48\/100 brn\n|\n|-damage|p2b: Grafaiai|42\/100 brn|[from] brn\n|upkeep\n|j| Inkaying\n|\n|t:|1698185590\n|switch|p2a: Braviary|Braviary-Hisui, M|100\/100\n|turn|6\n|inactive|Letmeactuallyplay has 60 seconds left.\n|\n|t:|1698185638\n|switch|p1a: Corviknight|Corviknight, M|100\/100\n|-damage|p1a: Corviknight|88\/100|[from] Stealth Rock\n|move|p2b: Grafaiai|Knock Off|p1b: Arcanine\n|-damage|p1b: Arcanine|17\/100\n|move|p2a: Braviary|Calm Mind|p2a: Braviary\n|-boost|p2a: Braviary|spa|1\n|-boost|p2a: Braviary|spd|1\n|move|p1b: Arcanine|Wild Charge|p2a: Braviary\n|-supereffective|p2a: Braviary\n|-damage|p2a: Braviary|53\/100\n|-damage|p1b: Arcanine|4\/100|[from] Recoil\n|\n|-heal|p1a: Corviknight|94\/100|[from] item: Leftovers\n|-damage|p2b: Grafaiai|36\/100 brn|[from] brn\n|upkeep\n|turn|7\n|inactive|Letmeactuallyplay has 60 seconds left.\n|\n|t:|1698185668\n|move|p1b: Arcanine|Extreme Speed|p2b: Grafaiai\n|-damage|p2b: Grafaiai|0 fnt\n|faint|p2b: Grafaiai\n|move|p2a: Braviary|Esper Wing|p1b: Arcanine\n|-damage|p1b: Arcanine|0 fnt\n|-boost|p2a: Braviary|spe|1\n|faint|p1b: Arcanine\n|move|p1a: Corviknight|Tailwind|p1a: Corviknight\n|-sidestart|p1: bydy2|move: Tailwind\n|\n|-heal|p1a: Corviknight|100\/100|[from] item: Leftovers\n|upkeep\n|\n|t:|1698185689\n|switch|p2b: Infernape|Infernape, M|100\/100\n|switch|p1b: Honchkrow|Honchkrow, M|100\/100\n|-damage|p1b: Honchkrow|76\/100|[from] Stealth Rock\n|turn|8\n|inactive|Letmeactuallyplay has 60 seconds left.\n|\n|t:|1698185724\n|move|p1b: Honchkrow|Dark Pulse|p2a: Braviary\n|-supereffective|p2a: Braviary\n|-crit|p2a: Braviary\n|-damage|p2a: Braviary|0 fnt\n|faint|p2a: Braviary\n|move|p2b: Infernape|Fire Punch|p1a: Corviknight\n|-supereffective|p1a: Corviknight\n|-damage|p1a: Corviknight|31\/100\n|move|p1a: Corviknight|U-turn|p2b: Infernape\n|-resisted|p2b: Infernape\n|-damage|p2b: Infernape|95\/100\n|\n|t:|1698185732\n|switch|p1a: Milotic|Milotic, M|83\/100|[from] U-turn\n|-damage|p1a: Milotic|70\/100|[from] Spikes\n|-damage|p1a: Milotic|58\/100|[from] Stealth Rock\n|\n|upkeep\n|turn|9\n|\n|t:|1698185754\n|-terastallize|p2b: Infernape|Fighting\n|move|p1b: Honchkrow|Dark Pulse|p2b: Infernape\n|-resisted|p2b: Infernape\n|-crit|p2b: Infernape\n|-damage|p2b: Infernape|56\/100\n|move|p1a: Milotic|Scald|p2b: Infernape\n|-crit|p2b: Infernape\n|-damage|p2b: Infernape|0 fnt\n|faint|p2b: Infernape\n|\n|win|bydy2\n|n|\u2606bydy2|bydy2\n|n|\u2606Letmeactuallyplay|letmeactuallyplay\n|n|*Lady Monita \u263d|ladymonita\n|n| HEAVY-DUTY B0OTY|heavydutyb0oty\n|n| J0T0P|j0t0p\n|n| Inkaying|inkaying\n","uploadtime":1698185755,"views":17,"p1id":"bydy2","p2id":"letmeactuallyplay","formatid":"gen9doublesou","rating":0,"private":0,"password":""}