{"id":"gen9doublesou-1974873936","p1":"PrinceOberon","p2":"Lemurgamer828","format":"[Gen 9] Doubles OU","log":"|j|\u2606PrinceOberon\n|j|\u2606Lemurgamer828\n|t:|1698138186\n|gametype|doubles\n|player|p1|PrinceOberon|swimmer-gen4jp|1108\n|player|p2|Lemurgamer828|101|1059\n|teamsize|p1|6\n|teamsize|p2|6\n|gen|9\n|tier|[Gen 9] Doubles OU\n|rated|\n|rule|Species Clause: Limit one of each Pok\u00e9mon\n|rule|OHKO Clause: OHKO moves are banned\n|rule|Evasion Moves Clause: Evasion moves are banned\n|rule|Gravity Sleep Clause: The combination of sleep-inducing moves with imperfect accuracy and Gravity or Gigantamax Orbeetle are banned\n|rule|Endless Battle Clause: Forcing endless battles is banned\n|rule|HP Percentage Mod: HP is shown in percentages\n|clearpoke\n|poke|p1|Sableye, F|\n|poke|p1|Landorus-Therian, M|\n|poke|p1|Amoonguss, M|\n|poke|p1|Iron Hands|\n|poke|p1|Volcanion|\n|poke|p1|Electrode-Hisui|\n|poke|p2|Breloom, M|\n|poke|p2|Talonflame, M|\n|poke|p2|Slowbro, F|\n|poke|p2|Dragapult, M|\n|poke|p2|Clefable, F|\n|poke|p2|Sandy Shocks|\n|teampreview\n|\n|t:|1698138198\n|start\n|switch|p1a: Sableye|Sableye, F|100\/100\n|switch|p1b: Iron Hands|Iron Hands|100\/100\n|switch|p2a: Slowbro|Slowbro, F|100\/100\n|switch|p2b: Clefable|Clefable, F|100\/100\n|-enditem|p1b: Iron Hands|Booster Energy\n|-activate|p1b: Iron Hands|ability: Quark Drive|[fromitem]\n|-start|p1b: Iron Hands|quarkdriveatk\n|turn|1\n|\n|t:|1698138218\n|move|p1b: Iron Hands|Fake Out|p2b: Clefable\n|-damage|p2b: Clefable|81\/100\n|move|p1a: Sableye|Light Screen|p1a: Sableye\n|-sidestart|p1: PrinceOberon|move: Light Screen\n|cant|p2b: Clefable|flinch\n|move|p2a: Slowbro|Calm Mind|p2a: Slowbro\n|-boost|p2a: Slowbro|spa|1\n|-boost|p2a: Slowbro|spd|1\n|\n|upkeep\n|turn|2\n|\n|t:|1698138235\n|move|p1a: Sableye|Quash|p2b: Clefable\n|-activate|p2b: Clefable|move: Quash\n|move|p1b: Iron Hands|Wild Charge|p2a: Slowbro\n|-supereffective|p2a: Slowbro\n|-crit|p2a: Slowbro\n|-damage|p2a: Slowbro|0 fnt\n|faint|p2a: Slowbro\n|-damage|p1b: Iron Hands|81\/100|[from] Recoil\n|move|p2b: Clefable|Dazzling Gleam|p1a: Sableye|[spread] p1a,p1b\n|-supereffective|p1a: Sableye\n|-supereffective|p1b: Iron Hands\n|-damage|p1a: Sableye|54\/100\n|-damage|p1b: Iron Hands|55\/100\n|\n|-heal|p1a: Sableye|60\/100|[from] item: Leftovers\n|upkeep\n|\n|t:|1698138250\n|switch|p2a: Sandy Shocks|Sandy Shocks|100\/100\n|-enditem|p2a: Sandy Shocks|Booster Energy\n|-activate|p2a: Sandy Shocks|ability: Protosynthesis|[fromitem]\n|-start|p2a: Sandy Shocks|protosynthesisspe\n|turn|3\n|\n|t:|1698138278\n|switch|p1a: Amoonguss|Amoonguss, M|100\/100\n|move|p2b: Clefable|Protect|p2b: Clefable\n|-singleturn|p2b: Clefable|Protect\n|move|p2a: Sandy Shocks|Earth Power|p1b: Iron Hands\n|-supereffective|p1b: Iron Hands\n|-damage|p1b: Iron Hands|9\/100\n|move|p1b: Iron Hands|Drain Punch|p2a: Sandy Shocks\n|-damage|p2a: Sandy Shocks|35\/100\n|-heal|p1b: Iron Hands|28\/100|[from] drain|[of] p2a: Sandy Shocks\n|\n|upkeep\n|turn|4\n|\n|t:|1698138302\n|-end|p1b: Iron Hands|Quark Drive|[silent]\n|switch|p1b: Landorus|Landorus-Therian, M|100\/100\n|-ability|p1b: Landorus|Intimidate|boost\n|-unboost|p2a: Sandy Shocks|atk|1\n|-unboost|p2b: Clefable|atk|1\n|move|p2b: Clefable|Follow Me|p2b: Clefable\n|-singleturn|p2b: Clefable|move: Follow Me\n|move|p2a: Sandy Shocks|Earth Power|p1b: Landorus\n|-immune|p1b: Landorus\n|move|p1a: Amoonguss|Sludge Bomb|p2b: Clefable\n|-supereffective|p2b: Clefable\n|-damage|p2b: Clefable|28\/100\n|\n|upkeep\n|turn|5\n|\n|t:|1698138326\n|move|p2a: Sandy Shocks|Thunder Wave|p1b: Landorus\n|-immune|p1b: Landorus\n|move|p1b: Landorus|U-turn|p2a: Sandy Shocks\n|-damage|p2a: Sandy Shocks|7\/100\n|\n|t:|1698138332\n|switch|p1b: Iron Hands|Iron Hands|28\/100|[from] U-turn\n|move|p2b: Clefable|Draining Kiss|p1b: Iron Hands\n|-supereffective|p1b: Iron Hands\n|-damage|p1b: Iron Hands|7\/100\n|-heal|p2b: Clefable|49\/100|[from] drain|[of] p1b: Iron Hands\n|move|p1a: Amoonguss|Sludge Bomb|p2b: Clefable\n|-supereffective|p2b: Clefable\n|-damage|p2b: Clefable|0 fnt\n|faint|p2b: Clefable\n|\n|-sideend|p1: PrinceOberon|move: Light Screen\n|upkeep\n|\n|t:|1698138343\n|switch|p2b: Talonflame|Talonflame, M|100\/100\n|turn|6\n|\n|t:|1698138361\n|move|p1b: Iron Hands|Fake Out|p2a: Sandy Shocks\n|-damage|p2a: Sandy Shocks|0 fnt\n|faint|p2a: Sandy Shocks\n|-end|p2a: Sandy Shocks|Protosynthesis|[silent]\n|move|p2b: Talonflame|Tailwind|p2b: Talonflame\n|-sidestart|p2: Lemurgamer828|move: Tailwind\n|move|p1a: Amoonguss|Spore|p2b: Talonflame\n|-status|p2b: Talonflame|slp|[from] move: Spore\n|\n|upkeep\n|\n|t:|1698138370\n|switch|p2a: Breloom|Breloom, M|100\/100\n|turn|7\n|\n|t:|1698138385\n|-end|p1b: Iron Hands|Quark Drive|[silent]\n|switch|p1b: Landorus|Landorus-Therian, M|100\/100\n|-ability|p1b: Landorus|Intimidate|boost\n|-unboost|p2a: Breloom|atk|1\n|-unboost|p2b: Talonflame|atk|1\n|cant|p2b: Talonflame|slp\n|move|p2a: Breloom|Mach Punch|p1b: Landorus\n|-resisted|p1b: Landorus\n|-damage|p1b: Landorus|87\/100\n|move|p1a: Amoonguss|Pollen Puff|p2a: Breloom\n|-damage|p2a: Breloom|67\/100\n|\n|upkeep\n|turn|8\n|\n|t:|1698138408\n|cant|p2b: Talonflame|slp\n|move|p2a: Breloom|Spore|p1b: Landorus\n|-status|p1b: Landorus|slp|[from] move: Spore\n|cant|p1b: Landorus|slp\n|move|p1a: Amoonguss|Pollen Puff|p2a: Breloom\n|-damage|p2a: Breloom|34\/100\n|\n|upkeep\n|turn|9\n|\n|t:|1698138423\n|switch|p1b: Volcanion|Volcanion|100\/100\n|cant|p2b: Talonflame|slp\n|move|p2a: Breloom|Drain Punch|p1a: Amoonguss\n|-resisted|p1a: Amoonguss\n|-damage|p1a: Amoonguss|85\/100\n|-heal|p2a: Breloom|46\/100|[from] drain|[of] p1a: Amoonguss\n|move|p1a: Amoonguss|Sludge Bomb|p2a: Breloom\n|-supereffective|p2a: Breloom\n|-damage|p2a: Breloom|0 fnt\n|faint|p2a: Breloom\n|\n|-heal|p1a: Amoonguss|91\/100|[from] item: Black Sludge\n|-sideend|p2: Lemurgamer828|move: Tailwind\n|upkeep\n|-message|Lemurgamer828 forfeited.\n|\n|win|PrinceOberon\n|raw|PrinceOberon's rating: 1108 &rarr; <strong>1129<\/strong><br \/>(+21 for winning)\n|raw|Lemurgamer828's rating: 1059 &rarr; <strong>1043<\/strong><br \/>(-16 for losing)\n|l|\u2606Lemurgamer828\n","uploadtime":1698138446,"views":16,"p1id":"princeoberon","p2id":"lemurgamer828","formatid":"gen9doublesou","rating":1043,"private":0,"password":""}