{"id":"gen9doublesou-1994252755","p1":"MymLuis11","p2":"SillyAvery","format":"[Gen 9] Doubles OU","log":"|j|\u2606MymLuis11\n|j|\u2606SillyAvery\n|t:|1700423718\n|gametype|doubles\n|player|p1|MymLuis11|102|1479\n|player|p2|SillyAvery|lady-gen4|1486\n|teamsize|p1|6\n|teamsize|p2|6\n|gen|9\n|tier|[Gen 9] Doubles OU\n|rated|\n|rule|Species Clause: Limit one of each Pok\u00e9mon\n|rule|OHKO Clause: OHKO moves are banned\n|rule|Evasion Moves Clause: Evasion moves are banned\n|rule|Gravity Sleep Clause: The combination of sleep-inducing moves with imperfect accuracy and Gravity or Gigantamax Orbeetle are banned\n|rule|Endless Battle Clause: Forcing endless battles is banned\n|rule|HP Percentage Mod: HP is shown in percentages\n|clearpoke\n|poke|p1|Moltres-Galar|\n|poke|p1|Meowscarada, M|\n|poke|p1|Garchomp, M|\n|poke|p1|Chien-Pao|\n|poke|p1|Murkrow, M|\n|poke|p1|Cinderace, M|\n|poke|p2|Kleavor, M|\n|poke|p2|Tyranitar, F|\n|poke|p2|Glimmora, M|\n|poke|p2|Gastrodon, F|\n|poke|p2|Rillaboom, M|\n|poke|p2|Landorus-Therian, M|\n|teampreview\n|inactive|Battle timer is ON: inactive players will automatically lose when time's up. (requested by MymLuis11)\n|\n|t:|1700423736\n|start\n|switch|p1a: Chien-Pao|Chien-Pao|100\/100\n|switch|p1b: Garchomp|Garchomp, M|100\/100\n|switch|p2a: Kleavor|Kleavor, M|100\/100\n|switch|p2b: Landorus|Landorus-Therian, M|100\/100\n|-ability|p1a: Chien-Pao|Sword of Ruin\n|-ability|p2b: Landorus|Intimidate|boost\n|-unboost|p1a: Chien-Pao|atk|1\n|-unboost|p1b: Garchomp|atk|1\n|turn|1\n|inactive|SillyAvery has 120 seconds left.\n|\n|t:|1700423786\n|switch|p2b: Glimmora|Glimmora, M|100\/100\n|move|p1a: Chien-Pao|Ice Spinner|p2b: Glimmora\n|-damage|p2b: Glimmora|56\/100\n|-activate|p2b: Glimmora|ability: Toxic Debris\n|-sidestart|p1: MymLuis11|move: Toxic Spikes\n|move|p1b: Garchomp|Rock Slide|p2b: Glimmora|[spread] p2a,p2b\n|-supereffective|p2a: Kleavor\n|-damage|p2a: Kleavor|59\/100\n|-damage|p2b: Glimmora|34\/100\n|-activate|p2b: Glimmora|ability: Toxic Debris\n|-sidestart|p1: MymLuis11|move: Toxic Spikes\n|move|p2a: Kleavor|Stone Axe|p1a: Chien-Pao|[miss]\n|-miss|p2a: Kleavor|p1a: Chien-Pao\n|\n|upkeep\n|turn|2\n|inactive|SillyAvery has 120 seconds left.\n|\n|t:|1700423816\n|move|p2b: Glimmora|Spiky Shield|p2b: Glimmora\n|-singleturn|p2b: Glimmora|move: Protect\n|move|p1a: Chien-Pao|Throat Chop|p2a: Kleavor\n|-damage|p2a: Kleavor|13\/100\n|-start|p2a: Kleavor|Throat Chop|[silent]\n|move|p1b: Garchomp|Earthquake|p2b: Glimmora|[spread] p1a,p2a\n|-activate|p2b: Glimmora|move: Protect\n|-damage|p1a: Chien-Pao|64\/100\n|-damage|p2a: Kleavor|0 fnt\n|faint|p2a: Kleavor\n|\n|upkeep\n|inactive|SillyAvery has 90 seconds left.\n|\n|t:|1700423831\n|switch|p2a: Tyranitar|Tyranitar, F|100\/100\n|-weather|Sandstorm|[from] ability: Sand Stream|[of] p2a: Tyranitar\n|turn|3\n|\n|t:|1700423841\n|switch|p1a: Cinderace|Cinderace, M|100\/100\n|switch|p2b: Rillaboom|Rillaboom, M|100\/100\n|-fieldstart|move: Grassy Terrain|[from] ability: Grassy Surge|[of] p2b: Rillaboom\n|move|p1b: Garchomp|Swords Dance|p1b: Garchomp\n|-boost|p1b: Garchomp|atk|2\n|move|p2a: Tyranitar|Rock Slide|p1b: Garchomp|[spread] p1a,p1b\n|-supereffective|p1a: Cinderace\n|-resisted|p1b: Garchomp\n|-damage|p1a: Cinderace|3\/100\n|-damage|p1b: Garchomp|85\/100\n|\n|-weather|Sandstorm|[upkeep]\n|-damage|p1a: Cinderace|0 fnt|[from] Sandstorm\n|-damage|p2b: Rillaboom|94\/100|[from] Sandstorm\n|faint|p1a: Cinderace\n|-heal|p1b: Garchomp|91\/100|[from] Grassy Terrain\n|-heal|p2b: Rillaboom|100\/100|[from] Grassy Terrain\n|upkeep\n|\n|t:|1700423846\n|switch|p1a: Moltres|Moltres-Galar, shiny|100\/100\n|turn|4\n|inactive|SillyAvery has 120 seconds left.\n|\n|t:|1700423874\n|move|p2b: Rillaboom|Fake Out|p1a: Moltres\n|-damage|p1a: Moltres|88\/100\n|move|p1b: Garchomp|Earthquake|p2b: Rillaboom|[spread] p2a,p2b\n|-immune|p1a: Moltres\n|-supereffective|p2a: Tyranitar\n|-resisted|p2b: Rillaboom\n|-damage|p2a: Tyranitar|56\/100\n|-damage|p2b: Rillaboom|88\/100\n|cant|p1a: Moltres|flinch\n|move|p2a: Tyranitar|Rock Slide|p1b: Garchomp|[spread] p1a,p1b\n|-supereffective|p1a: Moltres\n|-resisted|p1b: Garchomp\n|-crit|p1b: Garchomp\n|-damage|p1a: Moltres|20\/100\n|-damage|p1b: Garchomp|68\/100\n|-enditem|p1a: Moltres|Weakness Policy\n|-boost|p1a: Moltres|atk|2|[from] item: Weakness Policy\n|-boost|p1a: Moltres|spa|2|[from] item: Weakness Policy\n|-ability|p1a: Moltres|Berserk|boost\n|-boost|p1a: Moltres|spa|1\n|\n|-weather|Sandstorm|[upkeep]\n|-damage|p1a: Moltres|14\/100|[from] Sandstorm\n|-damage|p2b: Rillaboom|81\/100|[from] Sandstorm\n|-heal|p1b: Garchomp|74\/100|[from] Grassy Terrain\n|-heal|p2b: Rillaboom|88\/100|[from] Grassy Terrain\n|-heal|p2a: Tyranitar|62\/100|[from] Grassy Terrain\n|upkeep\n|turn|5\n|inactive|SillyAvery has 120 seconds left.\n|\n|t:|1700423913\n|switch|p2a: Landorus|Landorus-Therian, M|100\/100\n|-ability|p2a: Landorus|Intimidate|boost\n|-unboost|p1a: Moltres|atk|1\n|-unboost|p1b: Garchomp|atk|1\n|move|p2b: Rillaboom|Grassy Glide|p1a: Moltres\n|-resisted|p1a: Moltres\n|-damage|p1a: Moltres|0 fnt\n|faint|p1a: Moltres\n|move|p1b: Garchomp|Dragon Claw|p2a: Landorus\n|-damage|p2a: Landorus|61\/100\n|\n|-weather|Sandstorm|[upkeep]\n|-damage|p2b: Rillaboom|81\/100|[from] Sandstorm\n|-heal|p1b: Garchomp|80\/100|[from] Grassy Terrain\n|-heal|p2b: Rillaboom|88\/100|[from] Grassy Terrain\n|upkeep\n|\n|t:|1700423927\n|switch|p1a: Murkrow|Murkrow, M|100\/100\n|turn|6\n|inactive|SillyAvery has 120 seconds left.\n|inactive|SillyAvery has 90 seconds left.\n|\n|t:|1700423980\n|move|p1a: Murkrow|Tailwind|p1a: Murkrow\n|-sidestart|p1: MymLuis11|move: Tailwind\n|move|p2b: Rillaboom|Grassy Glide|p1b: Garchomp\n|-damage|p1b: Garchomp|45\/100\n|-damage|p2b: Rillaboom|75\/100|[from] ability: Rough Skin|[of] p1b: Garchomp\n|move|p1b: Garchomp|Swords Dance|p1b: Garchomp\n|-boost|p1b: Garchomp|atk|2\n|move|p2a: Landorus|Stone Edge|p1a: Murkrow|[miss]\n|-miss|p2a: Landorus|p1a: Murkrow\n|\n|-weather|Sandstorm|[upkeep]\n|-damage|p1a: Murkrow|94\/100|[from] Sandstorm\n|-damage|p2b: Rillaboom|69\/100|[from] Sandstorm\n|-heal|p1b: Garchomp|51\/100|[from] Grassy Terrain\n|-heal|p2b: Rillaboom|75\/100|[from] Grassy Terrain\n|upkeep\n|turn|7\n|inactive|SillyAvery has 90 seconds left.\n|inactive|SillyAvery has 60 seconds left.\n|\n|t:|1700424039\n|move|p2b: Rillaboom|Grassy Glide|p1b: Garchomp\n|-damage|p1b: Garchomp|18\/100\n|-damage|p2b: Rillaboom|63\/100|[from] ability: Rough Skin|[of] p1b: Garchomp\n|move|p1b: Garchomp|Dragon Claw|p2b: Rillaboom\n|-damage|p2b: Rillaboom|0 fnt\n|faint|p2b: Rillaboom\n|move|p1a: Murkrow|Foul Play|p2a: Landorus\n|-damage|p2a: Landorus|6\/100\n|move|p2a: Landorus|U-turn|p1b: Garchomp\n|-damage|p1b: Garchomp|0 fnt\n|-damage|p2a: Landorus|0 fnt|[from] ability: Rough Skin|[of] p1b: Garchomp\n|faint|p1b: Garchomp\n|faint|p2a: Landorus\n|\n|-weather|none\n|-fieldend|move: Grassy Terrain\n|upkeep\n|inactive|SillyAvery has 60 seconds left.\n|\n|t:|1700424066\n|switch|p1b: Chien-Pao|Chien-Pao|64\/100\n|switch|p2a: Tyranitar|Tyranitar, F|62\/100\n|switch|p2b: Glimmora|Glimmora, M|34\/100\n|-status|p1b: Chien-Pao|tox\n|-ability|p1b: Chien-Pao|Sword of Ruin\n|-weather|Sandstorm|[from] ability: Sand Stream|[of] p2a: Tyranitar\n|turn|8\n|inactive|SillyAvery has 60 seconds left.\n|\n|t:|1700424092\n|move|p2b: Glimmora|Spiky Shield|p2b: Glimmora\n|-singleturn|p2b: Glimmora|move: Protect\n|move|p2a: Tyranitar|Protect|p2a: Tyranitar\n|-singleturn|p2a: Tyranitar|Protect\n|move|p1b: Chien-Pao|Sacred Sword|p2a: Tyranitar\n|-activate|p2a: Tyranitar|move: Protect\n|move|p1a: Murkrow|Foul Play|p2b: Glimmora\n|-activate|p2b: Glimmora|move: Protect\n|-damage|p1a: Murkrow|82\/100|[from] Spiky Shield|[of] p2b: Glimmora\n|\n|-weather|Sandstorm|[upkeep]\n|-damage|p1b: Chien-Pao|58\/100 tox|[from] Sandstorm\n|-damage|p1a: Murkrow|76\/100|[from] Sandstorm\n|-damage|p1b: Chien-Pao|52\/100 tox|[from] psn\n|upkeep\n|turn|9\n|inactive|SillyAvery has 60 seconds left.\n|\n|t:|1700424118\n|switch|p2a: Gastrodon|Gastrodon, F|100\/100\n|move|p1b: Chien-Pao|Psychic Fangs|p2b: Glimmora\n|-supereffective|p2b: Glimmora\n|-damage|p2b: Glimmora|0 fnt\n|faint|p2b: Glimmora\n|move|p1a: Murkrow|Foul Play|p2a: Gastrodon\n|-damage|p2a: Gastrodon|69\/100\n|\n|-weather|Sandstorm|[upkeep]\n|-damage|p1b: Chien-Pao|46\/100 tox|[from] Sandstorm\n|-damage|p1a: Murkrow|70\/100|[from] Sandstorm\n|-damage|p1b: Chien-Pao|34\/100 tox|[from] psn\n|-sideend|p1: MymLuis11|move: Tailwind\n|upkeep\n|\n|t:|1700424130\n|switch|p2b: Tyranitar|Tyranitar, F|62\/100\n|turn|10\n|\n|t:|1700424139\n|-terastallize|p2b: Tyranitar|Fairy\n|move|p1a: Murkrow|Taunt|p2a: Gastrodon\n|-start|p2a: Gastrodon|move: Taunt\n|move|p1b: Chien-Pao|Ice Spinner|p2a: Gastrodon\n|-damage|p2a: Gastrodon|14\/100\n|-enditem|p2a: Gastrodon|Sitrus Berry|[eat]\n|-heal|p2a: Gastrodon|39\/100|[from] item: Sitrus Berry\n|move|p2b: Tyranitar|Rock Slide|p1b: Chien-Pao|[spread] p1a,p1b\n|-supereffective|p1a: Murkrow\n|-supereffective|p1b: Chien-Pao\n|-damage|p1a: Murkrow|0 fnt\n|-damage|p1b: Chien-Pao|0 fnt\n|faint|p1a: Murkrow\n|faint|p1b: Chien-Pao\n|cant|p2a: Gastrodon|move: Taunt|Recover\n|\n|-weather|Sandstorm|[upkeep]\n|-damage|p2b: Tyranitar|56\/100|[from] Sandstorm\n|upkeep\n|\n|t:|1700424144\n|switch|p1a: Meowscarada|Meowscarada, M|100\/100\n|-status|p1a: Meowscarada|tox\n|turn|11\n|inactive|SillyAvery has 90 seconds left.\n|\n|t:|1700424175\n|move|p1a: Meowscarada|Flower Trick|p2a: Gastrodon\n|-start|p1a: Meowscarada|typechange|Grass|[from] ability: Protean\n|-supereffective|p2a: Gastrodon\n|-crit|p2a: Gastrodon\n|-damage|p2a: Gastrodon|0 fnt\n|faint|p2a: Gastrodon\n|-damage|p1a: Meowscarada|91\/100 tox|[from] item: Life Orb\n|move|p2b: Tyranitar|Fire Punch|p1a: Meowscarada\n|-supereffective|p1a: Meowscarada\n|-damage|p1a: Meowscarada|0 fnt\n|faint|p1a: Meowscarada\n|\n|win|SillyAvery\n|raw|MymLuis11's rating: 1479 &rarr; <strong>1459<\/strong><br \/>(-20 for losing)\n|raw|SillyAvery's rating: 1486 &rarr; <strong>1506<\/strong><br \/>(+20 for winning)\n|l|\u2606MymLuis11\n","uploadtime":1700424190,"views":6,"p1id":"mymluis11","p2id":"sillyavery","formatid":"gen9doublesou","rating":1459,"private":0,"password":""}