{"id":"gen9doublesou-1992322708","p1":"Icantdecide6780","p2":"Metal Jester","format":"[Gen 9] Doubles OU","log":"|j|\u2606Icantdecide6780\n|j|\u2606Metal Jester\n|t:|1700174603\n|gametype|doubles\n|player|p1|Icantdecide6780|swimmer-gen4|1224\n|player|p2|Metal Jester|ingo|1390\n|teamsize|p1|6\n|teamsize|p2|6\n|gen|9\n|tier|[Gen 9] Doubles OU\n|rated|\n|rule|Species Clause: Limit one of each Pok\u00e9mon\n|rule|OHKO Clause: OHKO moves are banned\n|rule|Evasion Moves Clause: Evasion moves are banned\n|rule|Gravity Sleep Clause: The combination of sleep-inducing moves with imperfect accuracy and Gravity or Gigantamax Orbeetle are banned\n|rule|Endless Battle Clause: Forcing endless battles is banned\n|rule|HP Percentage Mod: HP is shown in percentages\n|clearpoke\n|poke|p1|Diancie|\n|poke|p1|Dragonite, F|\n|poke|p1|Sinistcha-Masterpiece|\n|poke|p1|Gholdengo|\n|poke|p1|Masquerain, F|\n|poke|p1|Armarouge, F|\n|poke|p2|Scizor, M|\n|poke|p2|Scyther, M|\n|poke|p2|Kleavor, M|\n|poke|p2|Vivillon-Fancy, F|\n|poke|p2|Great Tusk|\n|poke|p2|Barraskewda, M|\n|teampreview\n|inactive|Battle timer is ON: inactive players will automatically lose when time's up. (requested by Icantdecide6780)\n|\n|t:|1700174615\n|start\n|switch|p1a: Masquerain|Masquerain, F, shiny|100\/100\n|switch|p1b: Diancie|Diancie, shiny|100\/100\n|switch|p2a: Kleavor|Kleavor, M, shiny|100\/100\n|switch|p2b: Barraskewda|Barraskewda, M, shiny|100\/100\n|-ability|p1a: Masquerain|Intimidate|boost\n|-unboost|p2a: Kleavor|atk|1\n|-unboost|p2b: Barraskewda|atk|1\n|turn|1\n|\n|t:|1700174627\n|move|p2b: Barraskewda|Waterfall|p1b: Diancie\n|-supereffective|p1b: Diancie\n|-crit|p1b: Diancie\n|-damage|p1b: Diancie|0 fnt\n|faint|p1b: Diancie\n|move|p2a: Kleavor|Stone Axe|p1a: Masquerain\n|-supereffective|p1a: Masquerain\n|-damage|p1a: Masquerain|0 fnt\n|-sidestart|p1: Icantdecide6780|move: Stealth Rock\n|faint|p1a: Masquerain\n|-damage|p2a: Kleavor|91\/100|[from] item: Life Orb\n|\n|upkeep\n|\n|t:|1700174647\n|switch|p1a: Gyrados|Dragonite, F, shiny|100\/100\n|switch|p1b: My Baby|Sinistcha-Masterpiece, shiny|100\/100\n|-damage|p1a: Gyrados|76\/100|[from] Stealth Rock\n|-damage|p1b: My Baby|88\/100|[from] Stealth Rock\n|-heal|p1a: Gyrados|100\/100|[from] ability: Hospitality|[of] p1b: My Baby\n|turn|2\n|\n|t:|1700174658\n|switch|p2b: Scizor|Scizor, M|100\/100\n|-terastallize|p1a: Gyrados|Normal\n|move|p2a: Kleavor|Stone Axe|p1a: Gyrados\n|-damage|p1a: Gyrados|58\/100\n|-damage|p2a: Kleavor|81\/100|[from] item: Life Orb\n|move|p1b: My Baby|Matcha Gotcha|p2a: Kleavor|[spread] p2a,p2b\n|-resisted|p2b: Scizor\n|-damage|p2a: Kleavor|30\/100\n|-heal|p1b: My Baby|100\/100|[from] drain|[of] p2a: Kleavor\n|-damage|p2b: Scizor|92\/100\n|-status|p2a: Kleavor|brn\n|move|p1a: Gyrados|Ice Spinner|p2a: Kleavor\n|-damage|p2a: Kleavor|0 fnt\n|faint|p2a: Kleavor\n|\n|upkeep\n|\n|t:|1700174677\n|switch|p2a: Great Tusk|Great Tusk|100\/100\n|-enditem|p2a: Great Tusk|Booster Energy\n|-activate|p2a: Great Tusk|ability: Protosynthesis|[fromitem]\n|-start|p2a: Great Tusk|protosynthesisatk\n|turn|3\n|\n|t:|1700174700\n|-terastallize|p2a: Great Tusk|Steel\n|move|p2b: Scizor|Protect|p2b: Scizor\n|-singleturn|p2b: Scizor|Protect\n|move|p2a: Great Tusk|Headlong Rush|p1a: Gyrados\n|-damage|p1a: Gyrados|0 fnt\n|-unboost|p2a: Great Tusk|def|1\n|-unboost|p2a: Great Tusk|spd|1\n|faint|p1a: Gyrados\n|move|p1b: My Baby|Matcha Gotcha|p2b: Scizor|[spread] p2a\n|-activate|p2b: Scizor|move: Protect\n|-resisted|p2a: Great Tusk\n|-damage|p2a: Great Tusk|70\/100\n|\n|upkeep\n|\n|t:|1700174716\n|switch|p1a: Armarouge|Armarouge, F|100\/100\n|-damage|p1a: Armarouge|76\/100|[from] Stealth Rock\n|turn|4\n|\n|t:|1700174741\n|move|p2a: Great Tusk|Headlong Rush|p1a: Armarouge\n|-supereffective|p1a: Armarouge\n|-damage|p1a: Armarouge|0 fnt\n|-unboost|p2a: Great Tusk|def|1\n|-unboost|p2a: Great Tusk|spd|1\n|faint|p1a: Armarouge\n|move|p1b: My Baby|Strength Sap|p2a: Great Tusk\n|-unboost|p2a: Great Tusk|atk|1\n|move|p2b: Scizor|Swords Dance|p2b: Scizor\n|-boost|p2b: Scizor|atk|2\n|\n|upkeep\n|\n|t:|1700174744\n|switch|p1a: Gholdengo|Gholdengo, shiny|100\/100\n|-damage|p1a: Gholdengo|94\/100|[from] Stealth Rock\n|turn|5\n|\n|t:|1700174756\n|move|p2b: Scizor|Bullet Punch|p1b: My Baby\n|-damage|p1b: My Baby|43\/100\n|-damage|p2b: Scizor|82\/100|[from] item: Life Orb\n|move|p2a: Great Tusk|Headlong Rush|p1a: Gholdengo\n|-supereffective|p1a: Gholdengo\n|-damage|p1a: Gholdengo|0 fnt\n|-unboost|p2a: Great Tusk|def|1\n|-unboost|p2a: Great Tusk|spd|1\n|faint|p1a: Gholdengo\n|move|p1b: My Baby|Matcha Gotcha|p2b: Scizor|[spread] p2a,p2b\n|-resisted|p2a: Great Tusk\n|-resisted|p2b: Scizor\n|-damage|p2a: Great Tusk|14\/100\n|-heal|p1b: My Baby|73\/100|[from] drain|[of] p2a: Great Tusk\n|-damage|p2b: Scizor|74\/100\n|-heal|p1b: My Baby|77\/100|[from] drain|[of] p2b: Scizor\n|-status|p2a: Great Tusk|brn\n|\n|-damage|p2a: Great Tusk|8\/100 brn|[from] brn\n|upkeep\n|turn|6\n|\n|t:|1700174773\n|move|p2b: Scizor|Bullet Punch|p1b: My Baby\n|-damage|p1b: My Baby|16\/100\n|-damage|p2b: Scizor|64\/100|[from] item: Life Orb\n|move|p2a: Great Tusk|Headlong Rush|p1b: My Baby\n|-resisted|p1b: My Baby\n|-damage|p1b: My Baby|6\/100\n|-unboost|p2a: Great Tusk|def|1\n|-unboost|p2a: Great Tusk|spd|1\n|move|p1b: My Baby|Strength Sap|p2b: Scizor\n|-unboost|p2b: Scizor|atk|1\n|-heal|p1b: My Baby|100\/100\n|\n|-damage|p2a: Great Tusk|1\/100 brn|[from] brn\n|upkeep\n|turn|7\n|\n|t:|1700174789\n|move|p2a: Great Tusk|Rock Slide|p1b: My Baby\n|-damage|p1b: My Baby|92\/100\n|cant|p1b: My Baby|flinch\n|move|p2b: Scizor|Swords Dance|p2b: Scizor\n|-boost|p2b: Scizor|atk|2\n|\n|-damage|p2a: Great Tusk|0 fnt|[from] brn\n|faint|p2a: Great Tusk\n|-end|p2a: Great Tusk|Protosynthesis|[silent]\n|upkeep\n|\n|t:|1700174797\n|switch|p2a: Scyther|Scyther, M|100\/100\n|turn|8\n|\n|t:|1700174801\n|move|p2b: Scizor|Bullet Punch|p1b: My Baby\n|-damage|p1b: My Baby|22\/100\n|-damage|p2b: Scizor|54\/100|[from] item: Life Orb\n|move|p2a: Scyther|Dual Wingbeat|p1b: My Baby|[miss]\n|-miss|p2a: Scyther|p1b: My Baby\n|move|p1b: My Baby|Matcha Gotcha|p2a: Scyther|[spread] p2b\n|-miss|p1b: My Baby|p2a: Scyther\n|-resisted|p2b: Scizor\n|-damage|p2b: Scizor|45\/100\n|-heal|p1b: My Baby|27\/100|[from] drain|[of] p2b: Scizor\n|-status|p2b: Scizor|brn\n|\n|-damage|p2b: Scizor|39\/100 brn|[from] brn\n|upkeep\n|turn|9\n|\n|t:|1700174816\n|move|p2b: Scizor|Bullet Punch|p1b: My Baby\n|-damage|p1b: My Baby|0 fnt\n|faint|p1b: My Baby\n|-damage|p2b: Scizor|29\/100 brn|[from] item: Life Orb\n|\n|win|Metal Jester\n|raw|Icantdecide6780's rating: 1224 &rarr; <strong>1210<\/strong><br \/>(-14 for losing)\n|raw|Metal Jester's rating: 1390 &rarr; <strong>1401<\/strong><br \/>(+11 for winning)\n","uploadtime":1700174827,"views":12,"p1id":"icantdecide6780","p2id":"metaljester","formatid":"gen9doublesou","rating":1210,"private":0,"password":""}