{"id":"gen9doublesou-1994858002","p1":"G.BREND","p2":"FlaringFox64","format":"[Gen 9] Doubles OU","log":"|j|\u2606G.BREND\n|j|\u2606FlaringFox64\n|t:|1700499196\n|gametype|doubles\n|player|p1|G.BREND|170|1028\n|player|p2|FlaringFox64|170|1047\n|teamsize|p1|6\n|teamsize|p2|6\n|gen|9\n|tier|[Gen 9] Doubles OU\n|rated|\n|rule|Species Clause: Limit one of each Pok\u00e9mon\n|rule|OHKO Clause: OHKO moves are banned\n|rule|Evasion Moves Clause: Evasion moves are banned\n|rule|Gravity Sleep Clause: The combination of sleep-inducing moves with imperfect accuracy and Gravity or Gigantamax Orbeetle are banned\n|rule|Endless Battle Clause: Forcing endless battles is banned\n|rule|HP Percentage Mod: HP is shown in percentages\n|clearpoke\n|poke|p1|Garchomp, F|\n|poke|p1|Mimikyu, F|\n|poke|p1|Pachirisu, M|\n|poke|p1|Gyarados, F|\n|poke|p1|Haxorus, M|\n|poke|p1|Corviknight, M|\n|poke|p2|Donphan, M|\n|poke|p2|Bellibolt, F|\n|poke|p2|Rabsca, F|\n|poke|p2|Oranguru, F|\n|poke|p2|Maushold-Four|\n|poke|p2|Golem-Alola, F|\n|teampreview\n|\n|t:|1700499214\n|start\n|switch|p1a: Gyarados|Gyarados, F|100\/100\n|switch|p1b: Pachirisu|Pachirisu, M|100\/100\n|switch|p2a: Bellibolt|Bellibolt, F|100\/100\n|switch|p2b: Oranguru|Oranguru, F|100\/100\n|-ability|p1a: Gyarados|Intimidate|boost\n|-unboost|p2a: Bellibolt|atk|1\n|-unboost|p2b: Oranguru|atk|1\n|turn|1\n|\n|t:|1700499235\n|move|p2a: Bellibolt|Protect|p2a: Bellibolt\n|-singleturn|p2a: Bellibolt|Protect\n|move|p1b: Pachirisu|Follow Me|p1b: Pachirisu\n|-singleturn|p1b: Pachirisu|move: Follow Me\n|move|p1a: Gyarados|Dragon Dance|p1a: Gyarados\n|-boost|p1a: Gyarados|atk|1\n|-boost|p1a: Gyarados|spe|1\n|move|p2b: Oranguru|Trick Room|p2b: Oranguru\n|-fieldstart|move: Trick Room|[of] p2b: Oranguru\n|\n|upkeep\n|turn|2\n|inactive|Battle timer is ON: inactive players will automatically lose when time's up. (requested by FlaringFox64)\n|\n|t:|1700499255\n|move|p1b: Pachirisu|Follow Me|p1b: Pachirisu\n|-singleturn|p1b: Pachirisu|move: Follow Me\n|move|p2a: Bellibolt|Parabolic Charge|p1a: Gyarados|[spread] p1a\n|-activate|p2b: Oranguru|ability: Telepathy\n|-immune|p1b: Pachirisu|[from] ability: Volt Absorb\n|-supereffective|p1a: Gyarados\n|-damage|p1a: Gyarados|17\/100\n|move|p2b: Oranguru|Instruct|p1b: Pachirisu\n|-singleturn|p1b: Pachirisu|move: Instruct|[of] p2b: Oranguru\n|move|p1b: Pachirisu|Follow Me||[still]\n|-fail|p1b: Pachirisu\n|move|p1a: Gyarados|Waterfall|p2b: Oranguru\n|-damage|p2b: Oranguru|50\/100\n|\n|-heal|p2b: Oranguru|56\/100|[from] item: Leftovers\n|upkeep\n|turn|3\n|inactive|G.BREND has 120 seconds left.\n|\n|t:|1700499296\n|switch|p1a: Garchomp|Garchomp, F|100\/100\n|move|p2a: Bellibolt|Parabolic Charge|p1a: Garchomp|[spread] \n|-activate|p2b: Oranguru|ability: Telepathy\n|-immune|p1b: Pachirisu|[from] ability: Volt Absorb\n|-immune|p1a: Garchomp\n|move|p2b: Oranguru|Instruct|p2a: Bellibolt\n|-singleturn|p2a: Bellibolt|move: Instruct|[of] p2b: Oranguru\n|move|p2a: Bellibolt|Parabolic Charge|p1a: Garchomp|[spread] \n|-activate|p2b: Oranguru|ability: Telepathy\n|-immune|p1b: Pachirisu|[from] ability: Volt Absorb\n|-immune|p1a: Garchomp\n|move|p1b: Pachirisu|Electric Terrain|p1b: Pachirisu\n|-fieldstart|move: Electric Terrain\n|\n|-heal|p2b: Oranguru|63\/100|[from] item: Leftovers\n|upkeep\n|turn|4\n|inactive|G.BREND has 120 seconds left.\n|c|\u2606FlaringFox64|uh oh\n|\n|t:|1700499334\n|move|p2a: Bellibolt|Muddy Water|p1b: Pachirisu|[spread] p1a,p1b\n|-damage|p1a: Garchomp|81\/100\n|-damage|p1b: Pachirisu|74\/100\n|move|p2b: Oranguru|Instruct|p2a: Bellibolt\n|-singleturn|p2a: Bellibolt|move: Instruct|[of] p2b: Oranguru\n|move|p2a: Bellibolt|Muddy Water|p1a: Garchomp|[spread] p1a,p1b\n|-damage|p1a: Garchomp|60\/100\n|-damage|p1b: Pachirisu|50\/100\n|move|p1b: Pachirisu|Electric Terrain||[still]\n|-fail|p1b: Pachirisu\n|move|p1a: Garchomp|Earthquake|p2b: Oranguru|[spread] p1b,p2a,p2b\n|-supereffective|p1b: Pachirisu\n|-supereffective|p2a: Bellibolt\n|-damage|p1b: Pachirisu|0 fnt\n|-damage|p2a: Bellibolt|38\/100\n|-damage|p2b: Oranguru|22\/100\n|-start|p2a: Bellibolt|Charge|Earthquake|[from] ability: Electromorphosis\n|faint|p1b: Pachirisu\n|\n|-heal|p2a: Bellibolt|44\/100|[from] item: Leftovers\n|-heal|p2b: Oranguru|28\/100|[from] item: Leftovers\n|upkeep\n|inactive|G.BREND has 90 seconds left.\n|\n|t:|1700499358\n|switch|p1b: Haxorus|Haxorus, M|100\/100\n|turn|5\n|inactive|G.BREND has 90 seconds left.\n|\n|t:|1700499379\n|move|p2a: Bellibolt|Parabolic Charge|p1a: Garchomp|[spread] p1b\n|-activate|p2b: Oranguru|ability: Telepathy\n|-immune|p1a: Garchomp\n|-resisted|p1b: Haxorus\n|-damage|p1b: Haxorus|62\/100\n|-heal|p2a: Bellibolt|58\/100|[from] drain|[of] p1b: Haxorus\n|-end|p2a: Bellibolt|Charge|[silent]\n|move|p2b: Oranguru|Instruct|p2a: Bellibolt\n|-singleturn|p2a: Bellibolt|move: Instruct|[of] p2b: Oranguru\n|move|p2a: Bellibolt|Parabolic Charge|p1b: Haxorus|[spread] p1b\n|-activate|p2b: Oranguru|ability: Telepathy\n|-immune|p1a: Garchomp\n|-resisted|p1b: Haxorus\n|-damage|p1b: Haxorus|42\/100\n|-heal|p2a: Bellibolt|65\/100|[from] drain|[of] p1b: Haxorus\n|move|p1b: Haxorus|Dragon Claw|p2a: Bellibolt\n|-damage|p2a: Bellibolt|37\/100\n|-start|p2a: Bellibolt|Charge|Dragon Claw|[from] ability: Electromorphosis\n|move|p1a: Garchomp|Stone Edge|p2b: Oranguru\n|-damage|p2b: Oranguru|0 fnt\n|faint|p2b: Oranguru\n|\n|-heal|p2a: Bellibolt|43\/100|[from] item: Leftovers\n|-fieldend|move: Trick Room\n|upkeep\n|inactive|FlaringFox64 has 120 seconds left.\n|\n|t:|1700499405\n|switch|p2b: Donphan|Donphan, M, shiny|100\/100\n|turn|6\n|\n|t:|1700499423\n|move|p1a: Garchomp|Stone Edge|p2a: Bellibolt|[miss]\n|-miss|p1a: Garchomp|p2a: Bellibolt\n|move|p1b: Haxorus|Iron Head|p2b: Donphan\n|-damage|p2b: Donphan|68\/100\n|move|p2b: Donphan|Endeavor|p1a: Garchomp\n|-damage|p1a: Garchomp|59\/100\n|-damage|p2b: Donphan|56\/100|[from] ability: Rough Skin|[of] p1a: Garchomp\n|-damage|p2b: Donphan|39\/100|[from] item: Rocky Helmet|[of] p1a: Garchomp\n|-heal|p2b: Donphan|39\/100|[from] item: Shell Bell|[of] p1a: Garchomp\n|move|p2a: Bellibolt|Parabolic Charge|p1b: Haxorus|[spread] p1b\n|-immune|p2b: Donphan\n|-immune|p1a: Garchomp\n|-resisted|p1b: Haxorus\n|-damage|p1b: Haxorus|0 fnt\n|-heal|p2a: Bellibolt|58\/100|[from] drain|[of] p1b: Haxorus\n|faint|p1b: Haxorus\n|-end|p2a: Bellibolt|Charge|[silent]\n|\n|-heal|p2a: Bellibolt|64\/100|[from] item: Leftovers\n|upkeep\n|\n|t:|1700499440\n|switch|p1b: Corviknight|Corviknight, M|100\/100\n|turn|7\n|\n|t:|1700499464\n|move|p1a: Garchomp|Earthquake|p2a: Bellibolt|[spread] p2a,p2b\n|-immune|p1b: Corviknight\n|-supereffective|p2a: Bellibolt\n|-damage|p2a: Bellibolt|0 fnt\n|-damage|p2b: Donphan|10\/100\n|faint|p2a: Bellibolt\n|move|p2b: Donphan|Endeavor|p1b: Corviknight\n|-damage|p1b: Corviknight|9\/100\n|-enditem|p1b: Corviknight|Figy Berry|[eat]\n|-heal|p1b: Corviknight|42\/100|[from] item: Figy Berry\n|-heal|p2b: Donphan|22\/100|[from] item: Shell Bell|[of] p1b: Corviknight\n|move|p1b: Corviknight|Fly||[still]\n|-prepare|p1b: Corviknight|Fly\n|\n|-fieldend|move: Electric Terrain\n|upkeep\n|\n|t:|1700499480\n|switch|p2a: Golem|Golem-Alola, F|100\/100\n|turn|8\n|inactive|G.BREND has 120 seconds left.\n|\n|t:|1700499492\n|move|p1a: Garchomp|Earthquake|p2b: Donphan|[spread] p2a,p2b\n|-miss|p1a: Garchomp|p1b: Corviknight\n|-supereffective|p2a: Golem\n|-ability|p2a: Golem|Sturdy\n|-damage|p2a: Golem|1\/100\n|-damage|p2b: Donphan|0 fnt\n|faint|p2b: Donphan\n|move|p1b: Corviknight|Fly|p2a: Golem|[from]lockedmove\n|-resisted|p2a: Golem\n|-damage|p2a: Golem|0 fnt\n|faint|p2a: Golem\n|\n|upkeep\n|\n|t:|1700499505\n|switch|p2b: Maushold|Maushold-Four|100\/100\n|switch|p2a: Rabsca|Rabsca, F|100\/100\n|turn|9\n|\n|t:|1700499533\n|switch|p1b: Gyarados|Gyarados, F|17\/100\n|-ability|p1b: Gyarados|Intimidate|boost\n|-unboost|p2a: Rabsca|atk|1\n|-unboost|p2b: Maushold|atk|1\n|move|p2b: Maushold|Population Bomb|p1a: Garchomp\n|-damage|p1a: Garchomp|53\/100\n|-damage|p2b: Maushold|88\/100|[from] ability: Rough Skin|[of] p1a: Garchomp\n|-damage|p2b: Maushold|71\/100|[from] item: Rocky Helmet|[of] p1a: Garchomp\n|-damage|p1a: Garchomp|46\/100\n|-damage|p2b: Maushold|59\/100|[from] ability: Rough Skin|[of] p1a: Garchomp\n|-damage|p2b: Maushold|42\/100|[from] item: Rocky Helmet|[of] p1a: Garchomp\n|-damage|p1a: Garchomp|39\/100\n|-damage|p2b: Maushold|30\/100|[from] ability: Rough Skin|[of] p1a: Garchomp\n|-damage|p2b: Maushold|13\/100|[from] item: Rocky Helmet|[of] p1a: Garchomp\n|-damage|p1a: Garchomp|32\/100\n|-damage|p2b: Maushold|1\/100|[from] ability: Rough Skin|[of] p1a: Garchomp\n|-damage|p2b: Maushold|0 fnt|[from] item: Rocky Helmet|[of] p1a: Garchomp\n|faint|p2b: Maushold\n|-hitcount|p1a: Garchomp|4\n|move|p1a: Garchomp|Earthquake|p2a: Rabsca|[spread] p2a\n|-immune|p1b: Gyarados\n|-resisted|p2a: Rabsca\n|-damage|p2a: Rabsca|82\/100\n|move|p2a: Rabsca|Revival Blessing|p2a: Rabsca\n|inactive|FlaringFox64 has 120 seconds left.\n|\n|t:|1700499568\n|-heal|p2: Bellibolt|50\/100|[from] move: Revival Blessing\n|\n|upkeep\n|\n|t:|1700499571\n|switch|p2b: Bellibolt|Bellibolt, F|50\/100\n|turn|10\n|\n|t:|1700499587\n|move|p2b: Bellibolt|Protect|p2b: Bellibolt\n|-singleturn|p2b: Bellibolt|Protect\n|move|p1a: Garchomp|Earthquake|p2b: Bellibolt|[spread] p2a\n|-activate|p2b: Bellibolt|move: Protect\n|-immune|p1b: Gyarados\n|-resisted|p2a: Rabsca\n|-damage|p2a: Rabsca|63\/100\n|move|p1b: Gyarados|Earthquake|p2a: Rabsca|[spread] p1a,p2a\n|-activate|p2b: Bellibolt|move: Protect\n|-resisted|p2a: Rabsca\n|-damage|p1a: Garchomp|14\/100\n|-damage|p2a: Rabsca|51\/100\n|move|p2a: Rabsca|Trick Room|p2a: Rabsca\n|-fieldstart|move: Trick Room|[of] p2a: Rabsca\n|\n|-heal|p2b: Bellibolt|57\/100|[from] item: Leftovers\n|upkeep\n|turn|11\n|\n|t:|1700499610\n|move|p2a: Rabsca|Dazzling Gleam|p1b: Gyarados|[spread] p1a,p1b\n|-supereffective|p1a: Garchomp\n|-damage|p1a: Garchomp|0 fnt\n|-damage|p1b: Gyarados|5\/100\n|faint|p1a: Garchomp\n|move|p2b: Bellibolt|Parabolic Charge|p1b: Gyarados|[spread] p1b\n|-activate|p2a: Rabsca|ability: Telepathy\n|-supereffective|p1b: Gyarados\n|-crit|p1b: Gyarados\n|-damage|p1b: Gyarados|0 fnt\n|-heal|p2b: Bellibolt|58\/100|[from] drain|[of] p1b: Gyarados\n|faint|p1b: Gyarados\n|\n|-heal|p2b: Bellibolt|64\/100|[from] item: Leftovers\n|upkeep\n|inactive|G.BREND has 120 seconds left.\n|\n|t:|1700499625\n|switch|p1b: Mimikyu|Mimikyu, F|100\/100\n|switch|p1a: Corviknight|Corviknight, M|42\/100\n|turn|12\n|inactive|G.BREND has 120 seconds left.\n|\n|t:|1700499651\n|move|p2a: Rabsca|Dazzling Gleam|p1b: Mimikyu|[spread] p1a,p1b\n|-resisted|p1a: Corviknight\n|-damage|p1a: Corviknight|34\/100\n|-activate|p1b: Mimikyu|ability: Disguise\n|-damage|p1b: Mimikyu|100\/100\n|detailschange|p1b: Mimikyu|Mimikyu-Busted, F\n|-damage|p1b: Mimikyu|88\/100|[from] pokemon: Mimikyu-Busted\n|move|p2b: Bellibolt|Parabolic Charge|p1a: Corviknight|[spread] p1a,p1b\n|-activate|p2a: Rabsca|ability: Telepathy\n|-supereffective|p1a: Corviknight\n|-damage|p1a: Corviknight|0 fnt\n|-heal|p2b: Bellibolt|79\/100|[from] drain|[of] p1a: Corviknight\n|-damage|p1b: Mimikyu|64\/100\n|-heal|p2b: Bellibolt|87\/100|[from] drain|[of] p1b: Mimikyu\n|faint|p1a: Corviknight\n|move|p1b: Mimikyu|Bulk Up|p1b: Mimikyu\n|-boost|p1b: Mimikyu|atk|1\n|-boost|p1b: Mimikyu|def|1\n|\n|-heal|p2b: Bellibolt|93\/100|[from] item: Leftovers\n|upkeep\n|turn|13\n|inactive|FlaringFox64 has 120 seconds left.\n|\n|t:|1700499693\n|-terastallize|p1b: Mimikyu|Ghost\n|move|p1b: Mimikyu|Shadow Sneak|p2a: Rabsca\n|-supereffective|p2a: Rabsca\n|-damage|p2a: Rabsca|0 fnt\n|faint|p2a: Rabsca\n|move|p2b: Bellibolt|Parabolic Charge|p1b: Mimikyu\n|-damage|p1b: Mimikyu|32\/100\n|-heal|p2b: Bellibolt|100\/100|[from] drain|[of] p1b: Mimikyu\n|\n|upkeep\n|turn|14\n|inactive|FlaringFox64 has 120 seconds left.\n|\n|t:|1700499716\n|move|p2b: Bellibolt|Parabolic Charge|p1b: Mimikyu\n|-damage|p1b: Mimikyu|2\/100\n|move|p1b: Mimikyu|Play Rough|p2b: Bellibolt|[miss]\n|-miss|p1b: Mimikyu|p2b: Bellibolt\n|\n|-fieldend|move: Trick Room\n|upkeep\n|turn|15\n|\n|t:|1700499728\n|move|p1b: Mimikyu|Shadow Claw|p2b: Bellibolt\n|-damage|p2b: Bellibolt|56\/100\n|-start|p2b: Bellibolt|Charge|Shadow Claw|[from] ability: Electromorphosis\n|move|p2b: Bellibolt|Parabolic Charge|p1b: Mimikyu\n|-damage|p1b: Mimikyu|0 fnt\n|-heal|p2b: Bellibolt|57\/100|[from] drain|[of] p1b: Mimikyu\n|faint|p1b: Mimikyu\n|-end|p2b: Bellibolt|Charge|[silent]\n|\n|win|FlaringFox64\n|raw|G.BREND's rating: 1028 &rarr; <strong>1015<\/strong><br \/>(-13 for losing)\n|raw|FlaringFox64's rating: 1047 &rarr; <strong>1078<\/strong><br \/>(+31 for winning)\n|l|\u2606G.BREND\n","uploadtime":1700499739,"views":4,"p1id":"gbrend","p2id":"flaringfox64","formatid":"gen9doublesou","rating":1015,"private":0,"password":""}