{"id":"gen9doublesou-1976413586","p1":"Lon Jackdon","p2":"TripleESama","format":"[Gen 9] Doubles OU","log":"|j|\u2606Lon Jackdon\n|j|\u2606TripleESama\n|t:|1698299082\n|gametype|doubles\n|player|p1|Lon Jackdon|colress|1391\n|player|p2|TripleESama|cynthia-gen4|1472\n|teamsize|p1|6\n|teamsize|p2|6\n|gen|9\n|tier|[Gen 9] Doubles OU\n|rated|\n|rule|Species Clause: Limit one of each Pok\u00e9mon\n|rule|OHKO Clause: OHKO moves are banned\n|rule|Evasion Moves Clause: Evasion moves are banned\n|rule|Gravity Sleep Clause: The combination of sleep-inducing moves with imperfect accuracy and Gravity or Gigantamax Orbeetle are banned\n|rule|Endless Battle Clause: Forcing endless battles is banned\n|rule|HP Percentage Mod: HP is shown in percentages\n|clearpoke\n|poke|p1|Ursaluna, F|\n|poke|p1|Tornadus, M|\n|poke|p1|Rillaboom, F|\n|poke|p1|Ogerpon-Cornerstone, F|\n|poke|p1|Iron Bundle|\n|poke|p1|Arcanine-Hisui, F|\n|poke|p2|Diancie|\n|poke|p2|Cresselia, F|\n|poke|p2|Amoonguss, F|\n|poke|p2|Snorlax, F|\n|poke|p2|Volcanion|\n|poke|p2|Gholdengo|\n|teampreview\n|inactive|Battle timer is ON: inactive players will automatically lose when time's up. (requested by TripleESama)\n|\n|t:|1698299099\n|start\n|switch|p1a: Rillaboom|Rillaboom, F|100\/100\n|switch|p1b: Ursaluna|Ursaluna, F|100\/100\n|switch|p2a: Cresselia|Cresselia, F, shiny|100\/100\n|switch|p2b: Volcanion|Volcanion|100\/100\n|-fieldstart|move: Grassy Terrain|[from] ability: Grassy Surge|[of] p1a: Rillaboom\n|turn|1\n|\n|t:|1698299117\n|move|p1b: Ursaluna|Protect|p1b: Ursaluna\n|-singleturn|p1b: Ursaluna|Protect\n|move|p1a: Rillaboom|Fake Out|p2a: Cresselia\n|-damage|p2a: Cresselia|91\/100\n|cant|p2a: Cresselia|flinch\n|move|p2b: Volcanion|Heat Wave|p1b: Ursaluna|[spread] \n|-activate|p1b: Ursaluna|move: Protect\n|-miss|p2b: Volcanion|p1a: Rillaboom\n|\n|-status|p1b: Ursaluna|brn|[from] item: Flame Orb\n|upkeep\n|turn|2\n|\n|t:|1698299143\n|move|p1a: Rillaboom|Knock Off|p2a: Cresselia\n|-supereffective|p2a: Cresselia\n|-damage|p2a: Cresselia|33\/100\n|-enditem|p2a: Cresselia|Mental Herb|[from] move: Knock Off|[of] p1a: Rillaboom\n|move|p2a: Cresselia|Ice Beam|p1b: Ursaluna\n|-supereffective|p1b: Ursaluna\n|-damage|p1b: Ursaluna|68\/100 brn\n|move|p2b: Volcanion|Steam Eruption|p1b: Ursaluna\n|-supereffective|p1b: Ursaluna\n|-damage|p1b: Ursaluna|0 fnt\n|faint|p1b: Ursaluna\n|\n|upkeep\n|inactive|Lon Jackdon has 120 seconds left.\n|\n|t:|1698299157\n|switch|p1b: Ogerpon|Ogerpon-Cornerstone, F|100\/100\n|turn|3\n|\n|t:|1698299174\n|switch|p2a: Amoonguss|Amoonguss, F, shiny|100\/100\n|move|p1a: Rillaboom|Grassy Glide|p2a: Amoonguss\n|-resisted|p2a: Amoonguss\n|-damage|p2a: Amoonguss|90\/100\n|-damage|p1a: Rillaboom|84\/100|[from] item: Rocky Helmet|[of] p2a: Amoonguss\n|move|p1b: Ogerpon|Ivy Cudgel|p2b: Volcanion\n|-supereffective|p2b: Volcanion\n|-damage|p2b: Volcanion|1\/100\n|move|p2b: Volcanion|Heat Wave|p1a: Rillaboom|[spread] p1a,p1b\n|-supereffective|p1a: Rillaboom\n|-damage|p1a: Rillaboom|0 fnt\n|-damage|p1b: Ogerpon|55\/100\n|-status|p1b: Ogerpon|brn\n|faint|p1a: Rillaboom\n|\n|-heal|p1b: Ogerpon|61\/100 brn|[from] Grassy Terrain\n|-heal|p2b: Volcanion|7\/100|[from] Grassy Terrain\n|-heal|p2a: Amoonguss|96\/100|[from] Grassy Terrain\n|-damage|p1b: Ogerpon|55\/100 brn|[from] brn\n|upkeep\n|\n|t:|1698299194\n|switch|p1a: Iron Bundle|Iron Bundle|100\/100\n|turn|4\n|\n|t:|1698299208\n|switch|p2a: Gholdengo|Gholdengo|100\/100\n|move|p1a: Iron Bundle|Icy Wind|p2a: Gholdengo|[spread] p2a,p2b\n|-resisted|p2a: Gholdengo\n|-resisted|p2b: Volcanion\n|-damage|p2a: Gholdengo|91\/100\n|-damage|p2b: Volcanion|4\/100\n|-unboost|p2a: Gholdengo|spe|1\n|-unboost|p2b: Volcanion|spe|1\n|move|p1b: Ogerpon|Knock Off|p2a: Gholdengo\n|-supereffective|p2a: Gholdengo\n|-damage|p2a: Gholdengo|55\/100\n|-enditem|p2a: Gholdengo|Leftovers|[from] move: Knock Off|[of] p1b: Ogerpon\n|move|p2b: Volcanion|Heat Wave|p1a: Iron Bundle|[spread] p1a,p1b\n|-crit|p1b: Ogerpon\n|-damage|p1a: Iron Bundle|24\/100\n|-damage|p1b: Ogerpon|0 fnt\n|faint|p1b: Ogerpon\n|\n|-heal|p1a: Iron Bundle|30\/100|[from] Grassy Terrain\n|-heal|p2b: Volcanion|10\/100|[from] Grassy Terrain\n|-heal|p2a: Gholdengo|61\/100|[from] Grassy Terrain\n|upkeep\n|\n|t:|1698299227\n|switch|p1b: Arcanine|Arcanine-Hisui, F|100\/100\n|-ability|p1b: Arcanine|Intimidate|boost\n|-unboost|p2a: Gholdengo|atk|1\n|-unboost|p2b: Volcanion|atk|1\n|turn|5\n|\n|t:|1698299248\n|-terastallize|p2a: Gholdengo|Water\n|move|p1a: Iron Bundle|Freeze-Dry|p2b: Volcanion\n|-damage|p2b: Volcanion|0 fnt\n|faint|p2b: Volcanion\n|move|p1b: Arcanine|Flare Blitz|p2a: Gholdengo\n|-resisted|p2a: Gholdengo\n|-damage|p2a: Gholdengo|25\/100\n|-status|p2a: Gholdengo|brn\n|-damage|p1b: Arcanine|87\/100|[from] Recoil\n|-damage|p1b: Arcanine|77\/100|[from] item: Life Orb\n|move|p2a: Gholdengo|Recover|p2a: Gholdengo\n|-heal|p2a: Gholdengo|75\/100 brn\n|\n|-heal|p1a: Iron Bundle|36\/100|[from] Grassy Terrain\n|-heal|p1b: Arcanine|83\/100|[from] Grassy Terrain\n|-heal|p2a: Gholdengo|81\/100 brn|[from] Grassy Terrain\n|-damage|p2a: Gholdengo|75\/100 brn|[from] brn\n|-fieldend|move: Grassy Terrain\n|upkeep\n|inactive|TripleESama has 120 seconds left.\n|\n|t:|1698299264\n|switch|p2b: Diancie|Diancie, shiny|100\/100\n|-item|p2b: Diancie|Air Balloon\n|turn|6\n|\n|t:|1698299276\n|switch|p2a: Snorlax|Snorlax, F, shiny|100\/100\n|move|p1a: Iron Bundle|Hydro Pump|p2b: Diancie\n|-supereffective|p2b: Diancie\n|-damage|p2b: Diancie|19\/100\n|-enditem|p2b: Diancie|Air Balloon\n|move|p1b: Arcanine|Head Smash|p2a: Snorlax\n|-damage|p2a: Snorlax|4\/100\n|-damage|p1b: Arcanine|10\/100|[from] Recoil\n|-damage|p1b: Arcanine|0 fnt|[from] item: Life Orb\n|faint|p1b: Arcanine\n|move|p2b: Diancie|Trick Room|p2b: Diancie\n|-fieldstart|move: Trick Room|[of] p2b: Diancie\n|\n|-heal|p2a: Snorlax|10\/100|[from] item: Leftovers\n|upkeep\n|\n|t:|1698299290\n|switch|p1b: Tornadus|Tornadus, M|100\/100\n|turn|7\n|\n|t:|1698299297\n|move|p1a: Iron Bundle|Protect|p1a: Iron Bundle\n|-singleturn|p1a: Iron Bundle|Protect\n|move|p2a: Snorlax|Ice Punch|p1b: Tornadus\n|-supereffective|p1b: Tornadus\n|-damage|p1b: Tornadus|25\/100\n|move|p2b: Diancie|Diamond Storm|p1b: Tornadus|[spread] p1b\n|-activate|p1a: Iron Bundle|move: Protect\n|-supereffective|p1b: Tornadus\n|-damage|p1b: Tornadus|0 fnt\n|-boost|p2b: Diancie|def|2\n|faint|p1b: Tornadus\n|\n|-heal|p2a: Snorlax|16\/100|[from] item: Leftovers\n|upkeep\n|turn|8\n|-message|Lon Jackdon forfeited.\n|\n|win|TripleESama\n|raw|Lon Jackdon's rating: 1391 &rarr; <strong>1376<\/strong><br \/>(-15 for losing)\n|raw|TripleESama's rating: 1472 &rarr; <strong>1487<\/strong><br \/>(+15 for winning)\n|l|\u2606Lon Jackdon\n","uploadtime":1698299308,"views":26,"p1id":"lonjackdon","p2id":"tripleesama","formatid":"gen9doublesou","rating":1376,"private":0,"password":""}