{"id":"gen9doublesou-1978335545","p1":"JmasterSwag","p2":"YOUAREABADPLAYER10","format":"[Gen 9] Doubles OU","log":"|j|\u2606JmasterSwag\n|j|\u2606YOUAREABADPLAYER10\n|t:|1698526463\n|gametype|doubles\n|player|p1|JmasterSwag|bea|1367\n|player|p2|YOUAREABADPLAYER10|cynthia-gen4|1234\n|teamsize|p1|6\n|teamsize|p2|6\n|gen|9\n|tier|[Gen 9] Doubles OU\n|rated|\n|rule|Species Clause: Limit one of each Pok\u00e9mon\n|rule|OHKO Clause: OHKO moves are banned\n|rule|Evasion Moves Clause: Evasion moves are banned\n|rule|Gravity Sleep Clause: The combination of sleep-inducing moves with imperfect accuracy and Gravity or Gigantamax Orbeetle are banned\n|rule|Endless Battle Clause: Forcing endless battles is banned\n|rule|HP Percentage Mod: HP is shown in percentages\n|clearpoke\n|poke|p1|Glimmora, M|\n|poke|p1|Ogerpon-Hearthflame, F|\n|poke|p1|Sinistcha-Masterpiece|\n|poke|p1|Fezandipiti, M|\n|poke|p1|Walking Wake|\n|poke|p1|Ninetales, F|\n|poke|p2|Ogerpon-Hearthflame, F|\n|poke|p2|Tornadus, M|\n|poke|p2|Ursaluna-Bloodmoon, M|\n|poke|p2|Sinistcha-Masterpiece|\n|poke|p2|Chien-Pao|\n|poke|p2|Flutter Mane|\n|teampreview\n|inactive|Battle timer is ON: inactive players will automatically lose when time's up. (requested by JmasterSwag)\n|\n|t:|1698526475\n|start\n|switch|p1a: Ninetales|Ninetales, F, shiny|100\/100\n|switch|p1b: Fezandipiti|Fezandipiti, M|100\/100\n|switch|p2a: Tornadus|Tornadus, M|100\/100\n|switch|p2b: Ogerpon|Ogerpon-Hearthflame, F|100\/100\n|-weather|SunnyDay|[from] ability: Drought|[of] p1a: Ninetales\n|-ability|p2b: Ogerpon|Mold Breaker\n|turn|1\n|\n|t:|1698526494\n|switch|p1a: Walking Wake|Walking Wake|100\/100\n|-activate|p1a: Walking Wake|ability: Protosynthesis\n|-start|p1a: Walking Wake|protosynthesisspe\n|move|p2b: Ogerpon|Spiky Shield|p2b: Ogerpon\n|-singleturn|p2b: Ogerpon|move: Protect\n|move|p2a: Tornadus|Tailwind|p2a: Tornadus\n|-sidestart|p2: YOUAREABADPLAYER10|move: Tailwind\n|move|p1b: Fezandipiti|Tailwind|p1b: Fezandipiti\n|-sidestart|p1: JmasterSwag|move: Tailwind\n|\n|-weather|SunnyDay|[upkeep]\n|upkeep\n|turn|2\n|\n|t:|1698526515\n|switch|p2b: Chien-Pao|Chien-Pao|100\/100\n|-ability|p2b: Chien-Pao|Sword of Ruin\n|switch|p1b: Glimmora|Glimmora, M|100\/100\n|move|p1a: Walking Wake|Draco Meteor|p2b: Chien-Pao\n|-enditem|p2b: Chien-Pao|Focus Sash\n|-damage|p2b: Chien-Pao|1\/100\n|-unboost|p1a: Walking Wake|spa|2\n|move|p2a: Tornadus|Icy Wind|p1a: Walking Wake|[spread] p1a,p1b\n|-damage|p1a: Walking Wake|90\/100\n|-damage|p1b: Glimmora|83\/100\n|-unboost|p1a: Walking Wake|spe|1\n|-unboost|p1b: Glimmora|spe|1\n|\n|-weather|SunnyDay|[upkeep]\n|upkeep\n|turn|3\n|\n|t:|1698526539\n|move|p1a: Walking Wake|Aqua Jet|p2b: Chien-Pao\n|-damage|p2b: Chien-Pao|0 fnt\n|faint|p2b: Chien-Pao\n|move|p2a: Tornadus|Taunt|p1b: Glimmora\n|-start|p1b: Glimmora|move: Taunt\n|cant|p1b: Glimmora|move: Taunt|Stealth Rock\n|\n|-weather|SunnyDay|[upkeep]\n|upkeep\n|\n|t:|1698526549\n|switch|p2b: Flutter Mane|Flutter Mane|100\/100\n|-activate|p2b: Flutter Mane|ability: Protosynthesis\n|-start|p2b: Flutter Mane|protosynthesisspe\n|turn|4\n|\n|t:|1698526559\n|-end|p1a: Walking Wake|Protosynthesis|[silent]\n|switch|p1a: Sinistcha|Sinistcha-Masterpiece|100\/100\n|-heal|p1b: Glimmora|100\/100|[from] ability: Hospitality|[of] p1a: Sinistcha\n|move|p2b: Flutter Mane|Moonblast|p1a: Sinistcha\n|-damage|p1a: Sinistcha|42\/100\n|-unboost|p1a: Sinistcha|spa|1\n|move|p2a: Tornadus|Icy Wind|p1b: Glimmora|[spread] p1a,p1b\n|-supereffective|p1a: Sinistcha\n|-crit|p1a: Sinistcha\n|-damage|p1a: Sinistcha|4\/100\n|-damage|p1b: Glimmora|84\/100\n|-unboost|p1a: Sinistcha|spe|1\n|-unboost|p1b: Glimmora|spe|1\n|move|p1b: Glimmora|Mortal Spin|p2a: Tornadus|[spread] p2a,p2b\n|-damage|p2a: Tornadus|96\/100\n|-damage|p2b: Flutter Mane|91\/100\n|-status|p2b: Flutter Mane|psn\n|\n|-weather|SunnyDay|[upkeep]\n|-heal|p1a: Sinistcha|10\/100|[from] item: Leftovers\n|-damage|p2b: Flutter Mane|78\/100 psn|[from] psn\n|-sideend|p1: JmasterSwag|move: Tailwind\n|-sideend|p2: YOUAREABADPLAYER10|move: Tailwind\n|upkeep\n|turn|5\n|inactive|JmasterSwag has 120 seconds left.\n|\n|t:|1698526592\n|switch|p1a: Fezandipiti|Fezandipiti, M|100\/100\n|move|p2a: Tornadus|Tailwind|p2a: Tornadus\n|-sidestart|p2: YOUAREABADPLAYER10|move: Tailwind\n|move|p2b: Flutter Mane|Dazzling Gleam|p1b: Glimmora|[spread] p1a,p1b\n|-resisted|p1a: Fezandipiti\n|-resisted|p1b: Glimmora\n|-damage|p1a: Fezandipiti|89\/100\n|-damage|p1b: Glimmora|59\/100\n|move|p1b: Glimmora|Earth Power|p2b: Flutter Mane\n|-damage|p2b: Flutter Mane|46\/100 psn\n|\n|-weather|none\n|-end|p2b: Flutter Mane|Protosynthesis\n|-damage|p2b: Flutter Mane|34\/100 psn|[from] psn\n|-end|p1b: Glimmora|move: Taunt\n|upkeep\n|-enditem|p2b: Flutter Mane|Booster Energy\n|-activate|p2b: Flutter Mane|ability: Protosynthesis|[fromitem]\n|-start|p2b: Flutter Mane|protosynthesisspe\n|turn|6\n|\n|t:|1698526615\n|move|p2a: Tornadus|Taunt|p1a: Fezandipiti\n|-start|p1a: Fezandipiti|move: Taunt\n|move|p2b: Flutter Mane|Shadow Ball|p1a: Fezandipiti\n|-damage|p1a: Fezandipiti|60\/100\n|cant|p1a: Fezandipiti|move: Taunt|Tailwind\n|move|p1b: Glimmora|Earth Power|p2b: Flutter Mane\n|-crit|p2b: Flutter Mane\n|-damage|p2b: Flutter Mane|0 fnt\n|faint|p2b: Flutter Mane\n|-end|p2b: Flutter Mane|Protosynthesis|[silent]\n|\n|upkeep\n|\n|t:|1698526626\n|switch|p2b: Ogerpon|Ogerpon-Hearthflame, F|100\/100\n|-ability|p2b: Ogerpon|Mold Breaker\n|turn|7\n|\n|t:|1698526637\n|switch|p1a: Sinistcha|Sinistcha-Masterpiece|10\/100\n|-heal|p1b: Glimmora|84\/100|[from] ability: Hospitality|[of] p1a: Sinistcha\n|move|p2a: Tornadus|Taunt|p1b: Glimmora\n|-start|p1b: Glimmora|move: Taunt\n|move|p2b: Ogerpon|Ivy Cudgel|p1a: Sinistcha\n|-supereffective|p1a: Sinistcha\n|-damage|p1a: Sinistcha|0 fnt\n|faint|p1a: Sinistcha\n|move|p1b: Glimmora|Mortal Spin|p2b: Ogerpon|[spread] p2a,p2b\n|-supereffective|p2b: Ogerpon\n|-damage|p2a: Tornadus|91\/100\n|-damage|p2b: Ogerpon|89\/100\n|-status|p2b: Ogerpon|psn\n|\n|-damage|p2b: Ogerpon|77\/100 psn|[from] psn\n|upkeep\n|inactive|JmasterSwag has 120 seconds left.\n|\n|t:|1698526669\n|switch|p1a: Ogerpon|Ogerpon-Hearthflame, F|100\/100\n|-ability|p1a: Ogerpon|Mold Breaker\n|turn|8\n|\n|t:|1698526681\n|switch|p1b: Fezandipiti|Fezandipiti, M|60\/100\n|-terastallize|p2b: Ogerpon|Fire\n|detailschange|p2b: Ogerpon|Ogerpon-Hearthflame-Tera, F, tera:Fire\n|-ability|p2b: Ogerpon|Embody Aspect (Hearthflame)|boost\n|-boost|p2b: Ogerpon|atk|1\n|move|p1a: Ogerpon|Spiky Shield|p1a: Ogerpon\n|-singleturn|p1a: Ogerpon|move: Protect\n|move|p2b: Ogerpon|Ivy Cudgel|p1a: Ogerpon\n|-activate|p1a: Ogerpon|move: Protect\n|move|p2a: Tornadus|Icy Wind|p1b: Fezandipiti|[spread] p1b\n|-activate|p1a: Ogerpon|move: Protect\n|-damage|p1b: Fezandipiti|51\/100\n|\n|-damage|p2b: Ogerpon|64\/100 psn|[from] psn\n|-sideend|p2: YOUAREABADPLAYER10|move: Tailwind\n|upkeep\n|turn|9\n|\n|t:|1698526700\n|switch|p1a: Glimmora|Glimmora, M|84\/100\n|move|p2a: Tornadus|Tailwind|p2a: Tornadus\n|-sidestart|p2: YOUAREABADPLAYER10|move: Tailwind\n|move|p2b: Ogerpon|Ivy Cudgel|p1a: Glimmora\n|-resisted|p1a: Glimmora\n|-damage|p1a: Glimmora|8\/100\n|-activate|p1a: Glimmora|ability: Toxic Debris\n|-sidestart|p2: YOUAREABADPLAYER10|move: Toxic Spikes\n|move|p1b: Fezandipiti|Tailwind|p1b: Fezandipiti\n|-sidestart|p1: JmasterSwag|move: Tailwind\n|\n|-damage|p2b: Ogerpon|52\/100 psn|[from] psn\n|upkeep\n|turn|10\n|inactive|YOUAREABADPLAYER10 has 120 seconds left.\n|\n|t:|1698526732\n|move|p2b: Ogerpon|Ivy Cudgel|p1b: Fezandipiti\n|-damage|p1b: Fezandipiti|0 fnt\n|faint|p1b: Fezandipiti\n|move|p1a: Glimmora|Stealth Rock|p2b: Ogerpon\n|-sidestart|p2: YOUAREABADPLAYER10|move: Stealth Rock\n|move|p2a: Tornadus|Icy Wind|p1a: Glimmora\n|-damage|p1a: Glimmora|0 fnt\n|faint|p1a: Glimmora\n|\n|-damage|p2b: Ogerpon|40\/100 psn|[from] psn\n|upkeep\n|inactive|JmasterSwag has 120 seconds left.\n|\n|t:|1698526745\n|switch|p1b: Walking Wake|Walking Wake|90\/100\n|switch|p1a: Ninetales|Ninetales, F, shiny|100\/100\n|-weather|SunnyDay|[from] ability: Drought|[of] p1a: Ninetales\n|-activate|p1b: Walking Wake|ability: Protosynthesis\n|-start|p1b: Walking Wake|protosynthesisspe\n|turn|11\n|\n|t:|1698526759\n|move|p1b: Walking Wake|Hydro Steam|p2b: Ogerpon\n|-supereffective|p2b: Ogerpon\n|-damage|p2b: Ogerpon|0 fnt\n|faint|p2b: Ogerpon\n|move|p1a: Ninetales|Calm Mind|p1a: Ninetales\n|-boost|p1a: Ninetales|spa|1\n|-boost|p1a: Ninetales|spd|1\n|move|p2a: Tornadus|Icy Wind|p1b: Walking Wake|[spread] p1a,p1b\n|-resisted|p1a: Ninetales\n|-damage|p1a: Ninetales|96\/100\n|-damage|p1b: Walking Wake|80\/100\n|-unboost|p1a: Ninetales|spe|1\n|-unboost|p1b: Walking Wake|spe|1\n|\n|-weather|SunnyDay|[upkeep]\n|-heal|p1a: Ninetales|100\/100|[from] item: Leftovers\n|upkeep\n|\n|t:|1698526770\n|switch|p2b: Sinistcha|Sinistcha-Masterpiece|100\/100\n|-status|p2b: Sinistcha|psn\n|-damage|p2b: Sinistcha|88\/100 psn|[from] Stealth Rock\n|-heal|p2a: Tornadus|100\/100|[from] ability: Hospitality|[of] p2b: Sinistcha\n|turn|12\n|\n|t:|1698526779\n|move|p1b: Walking Wake|Draco Meteor|p2a: Tornadus\n|-damage|p2a: Tornadus|33\/100\n|-unboost|p1b: Walking Wake|spa|2\n|move|p2a: Tornadus|Bleakwind Storm|p1b: Walking Wake|[spread] p1a,p1b\n|-crit|p1b: Walking Wake\n|-damage|p1a: Ninetales|80\/100\n|-damage|p1b: Walking Wake|43\/100\n|-unboost|p1b: Walking Wake|spe|1\n|move|p1a: Ninetales|Heat Wave|p2a: Tornadus|[spread] p2a,p2b\n|-supereffective|p2b: Sinistcha\n|-damage|p2a: Tornadus|0 fnt\n|-damage|p2b: Sinistcha|0 fnt\n|faint|p2a: Tornadus\n|faint|p2b: Sinistcha\n|\n|-weather|SunnyDay|[upkeep]\n|-heal|p1a: Ninetales|86\/100|[from] item: Leftovers\n|-sideend|p2: YOUAREABADPLAYER10|move: Tailwind\n|-sideend|p1: JmasterSwag|move: Tailwind\n|upkeep\n|\n|t:|1698526793\n|switch|p2a: Ursaluna|Ursaluna-Bloodmoon, M|100\/100\n|-status|p2a: Ursaluna|psn\n|-damage|p2a: Ursaluna|94\/100 psn|[from] Stealth Rock\n|turn|13\n|-message|YOUAREABADPLAYER10 forfeited.\n|\n|win|JmasterSwag\n|raw|JmasterSwag's rating: 1367 &rarr; <strong>1380<\/strong><br \/>(+13 for winning)\n|raw|YOUAREABADPLAYER10's rating: 1234 &rarr; <strong>1218<\/strong><br \/>(-16 for losing)\n|l|\u2606YOUAREABADPLAYER10\n","uploadtime":1698526805,"views":21,"p1id":"jmasterswag","p2id":"youareabadplayer10","formatid":"gen9doublesou","rating":1218,"private":0,"password":""}