{"id":"gen9doublesou-1971019754","p1":"Thehombre","p2":"Jackmim","format":"[Gen 9] Doubles OU","log":"|j|\u2606Thehombre\n|j|\u2606Jackmim\n|t:|1697693580\n|gametype|doubles\n|player|p1|Thehombre|169|1112\n|player|p2|Jackmim|mallow-masters|1000\n|teamsize|p1|6\n|teamsize|p2|6\n|gen|9\n|tier|[Gen 9] Doubles OU\n|rated|\n|rule|Species Clause: Limit one of each Pok\u00e9mon\n|rule|OHKO Clause: OHKO moves are banned\n|rule|Evasion Moves Clause: Evasion moves are banned\n|rule|Gravity Sleep Clause: The combination of sleep-inducing moves with imperfect accuracy and Gravity or Gigantamax Orbeetle are banned\n|rule|Endless Battle Clause: Forcing endless battles is banned\n|rule|HP Percentage Mod: HP is shown in percentages\n|clearpoke\n|poke|p1|Fezandipiti, M|\n|poke|p1|Overqwil, M|\n|poke|p1|Munkidori, M|\n|poke|p1|Landorus, M|\n|poke|p1|Corviknight, M|\n|poke|p1|Muk-Alola, F|\n|poke|p2|Tsareena, F|\n|poke|p2|Appletun, M|\n|poke|p2|Rockruff, M|\n|poke|p2|Phantump, M|\n|poke|p2|Trevenant, M|\n|poke|p2|Talonflame, M|\n|teampreview\n|inactive|Battle timer is ON: inactive players will automatically lose when time's up. (requested by Thehombre)\n|\n|t:|1697693595\n|start\n|switch|p1a: Fezandipiti|Fezandipiti, M|100\/100\n|switch|p1b: Overqwil|Overqwil, M|100\/100\n|switch|p2a: Blue Clues|Rockruff, M, shiny|100\/100\n|switch|p2b: Phantump|Phantump, M, shiny|100\/100\n|turn|1\n|\n|t:|1697693615\n|move|p1a: Fezandipiti|Icy Wind|p2b: Phantump|[spread] p2a,p2b\n|-supereffective|p2b: Phantump\n|-damage|p2a: Blue Clues|78\/100\n|-damage|p2b: Phantump|86\/100\n|-unboost|p2a: Blue Clues|spe|1\n|-unboost|p2b: Phantump|spe|1\n|move|p1b: Overqwil|Barb Barrage|p2b: Phantump\n|-damage|p2b: Phantump|48\/100\n|move|p2a: Blue Clues|Stealth Rock|p1a: Fezandipiti\n|-sidestart|p1: Thehombre|move: Stealth Rock\n|move|p2b: Phantump|Leech Seed|p1a: Fezandipiti\n|-start|p1a: Fezandipiti|move: Leech Seed\n|\n|-damage|p1a: Fezandipiti|88\/100|[from] Leech Seed|[of] p2b: Phantump\n|-heal|p2b: Phantump|61\/100|[silent]\n|upkeep\n|turn|2\n|\n|t:|1697693634\n|switch|p1a: Munkidori|Munkidori, M|100\/100\n|-damage|p1a: Munkidori|88\/100|[from] Stealth Rock\n|move|p1b: Overqwil|Acupressure|p1a: Munkidori\n|-boost|p1a: Munkidori|accuracy|2\n|move|p2b: Phantump|Confuse Ray|p1a: Munkidori\n|-start|p1a: Munkidori|confusion\n|move|p2a: Blue Clues|Roar|p1b: Overqwil\n|drag|p1b: Fezandipiti|Fezandipiti, M|88\/100\n|-damage|p1b: Fezandipiti|76\/100|[from] Stealth Rock\n|\n|-heal|p1b: Fezandipiti|82\/100|[from] item: Leftovers\n|upkeep\n|turn|3\n|\n|t:|1697693655\n|-activate|p1a: Munkidori|confusion\n|-damage|p1a: Munkidori|80\/100|[from] confusion\n|move|p1b: Fezandipiti|Icy Wind|p2a: Blue Clues|[spread] p2a,p2b\n|-supereffective|p2b: Phantump\n|-damage|p2a: Blue Clues|54\/100\n|-damage|p2b: Phantump|46\/100\n|-unboost|p2a: Blue Clues|spe|1\n|-unboost|p2b: Phantump|spe|1\n|move|p2b: Phantump|Leech Seed|p1a: Munkidori\n|-start|p1a: Munkidori|move: Leech Seed\n|move|p2a: Blue Clues|Roar|p1b: Fezandipiti\n|drag|p1b: Corviknight|Corviknight, M|100\/100\n|-damage|p1b: Corviknight|88\/100|[from] Stealth Rock\n|\n|-heal|p1b: Corviknight|94\/100|[from] item: Leftovers\n|-damage|p1a: Munkidori|68\/100|[from] Leech Seed|[of] p2b: Phantump\n|-heal|p2b: Phantump|59\/100|[silent]\n|upkeep\n|turn|4\n|\n|t:|1697693676\n|-activate|p1a: Munkidori|confusion\n|move|p1a: Munkidori|Sludge Wave|p2b: Phantump|[spread] p2a,p2b\n|-immune|p1b: Corviknight\n|-resisted|p2a: Blue Clues\n|-damage|p2a: Blue Clues|2\/100\n|-damage|p2b: Phantump|27\/100\n|-status|p2a: Blue Clues|psn\n|move|p1b: Corviknight|Agility|p1b: Corviknight\n|-boost|p1b: Corviknight|spe|2\n|move|p2b: Phantump|Astonish|p1a: Munkidori\n|-supereffective|p1a: Munkidori\n|-damage|p1a: Munkidori|42\/100\n|move|p2a: Blue Clues|Roar|p1b: Corviknight\n|drag|p1b: Overqwil|Overqwil, M|100\/100\n|-damage|p1b: Overqwil|88\/100|[from] Stealth Rock\n|\n|-damage|p1a: Munkidori|30\/100|[from] Leech Seed|[of] p2b: Phantump\n|-heal|p2b: Phantump|40\/100|[silent]\n|-damage|p2a: Blue Clues|0 fnt|[from] psn\n|faint|p2a: Blue Clues\n|upkeep\n|inactive|Jackmim has 120 seconds left.\n|\n|t:|1697693695\n|switch|p2a: Trevenant|Trevenant, M, shiny|100\/100\n|turn|5\n|\n|t:|1697693705\n|-activate|p1a: Munkidori|confusion\n|move|p1a: Munkidori|Sludge Wave|p2a: Trevenant|[spread] p1b,p2a,p2b\n|-resisted|p1b: Overqwil\n|-damage|p1b: Overqwil|56\/100\n|-damage|p2a: Trevenant|67\/100\n|-damage|p2b: Phantump|8\/100\n|-status|p2b: Phantump|tox|[from] ability: Toxic Chain|[of] p1a: Munkidori\n|move|p1b: Overqwil|Crunch|p2a: Trevenant\n|-supereffective|p2a: Trevenant\n|-damage|p2a: Trevenant|0 fnt\n|faint|p2a: Trevenant\n|move|p2b: Phantump|Destiny Bond|p2b: Phantump\n|-singlemove|p2b: Phantump|Destiny Bond\n|\n|-damage|p1a: Munkidori|18\/100|[from] Leech Seed|[of] p2b: Phantump\n|-heal|p2b: Phantump|22\/100 tox|[silent]\n|-damage|p2b: Phantump|16\/100 tox|[from] psn\n|upkeep\n|\n|t:|1697693719\n|switch|p2a: Talonflame|Talonflame, M, shiny|100\/100\n|turn|6\n|\n|t:|1697693727\n|move|p2a: Talonflame|Tailwind|p2a: Talonflame\n|-sidestart|p2: Jackmim|move: Tailwind\n|-end|p1a: Munkidori|confusion\n|move|p1a: Munkidori|Nasty Plot|p1a: Munkidori\n|-boost|p1a: Munkidori|spa|2\n|move|p1b: Overqwil|Scale Shot|p2a: Talonflame\n|-crit|p2a: Talonflame\n|-damage|p2a: Talonflame|81\/100\n|-damage|p2a: Talonflame|68\/100\n|-damage|p2a: Talonflame|56\/100\n|-hitcount|p2a: Talonflame|3\n|-unboost|p1b: Overqwil|def|1\n|-boost|p1b: Overqwil|spe|1\n|move|p2b: Phantump|Leech Seed|p1b: Overqwil|[miss]\n|-miss|p2b: Phantump|p1b: Overqwil\n|\n|-damage|p1a: Munkidori|6\/100|[from] Leech Seed|[of] p2b: Phantump\n|-heal|p2b: Phantump|29\/100 tox|[silent]\n|-damage|p2b: Phantump|17\/100 tox|[from] psn\n|upkeep\n|turn|7\n|\n|t:|1697693749\n|move|p2a: Talonflame|Roost|p2a: Talonflame\n|-heal|p2a: Talonflame|100\/100\n|-singleturn|p2a: Talonflame|move: Roost\n|move|p1b: Overqwil|Crunch|p2a: Talonflame\n|-damage|p2a: Talonflame|41\/100\n|move|p1a: Munkidori|Sludge Wave|p2a: Talonflame|[spread] p1b,p2a,p2b\n|-resisted|p1b: Overqwil\n|-damage|p1b: Overqwil|0 fnt\n|-damage|p2a: Talonflame|0 fnt\n|-damage|p2b: Phantump|0 fnt\n|faint|p1b: Overqwil\n|faint|p2a: Talonflame\n|faint|p2b: Phantump\n|\n|upkeep\n|\n|t:|1697693762\n|switch|p2a: Sync Pair|Tsareena, F, shiny|100\/100\n|switch|p1b: Fezandipiti|Fezandipiti, M|82\/100\n|switch|p2b: Palentine|Appletun, M, shiny|100\/100\n|-damage|p1b: Fezandipiti|70\/100|[from] Stealth Rock\n|turn|8\n|\n|t:|1697693773\n|move|p2a: Sync Pair|Sunny Day|p2a: Sync Pair\n|-weather|SunnyDay\n|move|p1a: Munkidori|Sludge Wave|p2a: Sync Pair|[spread] p1b,p2a,p2b\n|-supereffective|p2a: Sync Pair\n|-supereffective|p2b: Palentine\n|-damage|p1b: Fezandipiti|0 fnt\n|-damage|p2a: Sync Pair|0 fnt\n|-damage|p2b: Palentine|0 fnt\n|faint|p1b: Fezandipiti\n|faint|p2a: Sync Pair\n|faint|p2b: Palentine\n|\n|win|Thehombre\n|raw|Thehombre's rating: 1112 &rarr; <strong>1129<\/strong><br \/>(+17 for winning)\n|raw|Jackmim's rating: 1000 &rarr; <strong>1000<\/strong><br \/>(+0 for losing)\n","uploadtime":1697693778,"views":16,"p1id":"thehombre","p2id":"jackmim","formatid":"gen9doublesou","rating":1000,"private":0,"password":""}