{"id":"gen9doublesou-1987287111","p1":"zeref203","p2":"Lord Bromosalino","format":"[Gen 9] Doubles OU","log":"|j|\u2606zeref203\n|j|\u2606Lord Bromosalino\n|t:|1699573375\n|gametype|doubles\n|player|p1|zeref203|265|1239\n|player|p2|Lord Bromosalino|veteran|1268\n|teamsize|p1|6\n|teamsize|p2|6\n|gen|9\n|tier|[Gen 9] Doubles OU\n|rated|\n|rule|Species Clause: Limit one of each Pok\u00e9mon\n|rule|OHKO Clause: OHKO moves are banned\n|rule|Evasion Moves Clause: Evasion moves are banned\n|rule|Gravity Sleep Clause: The combination of sleep-inducing moves with imperfect accuracy and Gravity or Gigantamax Orbeetle are banned\n|rule|Endless Battle Clause: Forcing endless battles is banned\n|rule|HP Percentage Mod: HP is shown in percentages\n|clearpoke\n|poke|p1|Great Tusk|\n|poke|p1|Ninetales, M|\n|poke|p1|Sableye, M|\n|poke|p1|Flutter Mane|\n|poke|p1|Goodra-Hisui, M|\n|poke|p1|Arboliva, F|\n|poke|p2|Dragapult, F|\n|poke|p2|Sylveon, F|\n|poke|p2|Kleavor, M|\n|poke|p2|Decidueye-Hisui, F|\n|poke|p2|Gyarados, M|\n|poke|p2|Arcanine, M|\n|teampreview\n|inactive|Battle timer is ON: inactive players will automatically lose when time's up. (requested by Lord Bromosalino)\n|inactive|zeref203 also wants the timer to be on.\n|\n|t:|1699573384\n|start\n|switch|p1a: Benimaru|Ninetales, M|100\/100\n|switch|p1b: Milim|Flutter Mane|100\/100\n|switch|p2a: Sylveon|Sylveon, F|100\/100\n|switch|p2b: Kleavor|Kleavor, M|100\/100\n|-weather|SunnyDay|[from] ability: Drought|[of] p1a: Benimaru\n|-activate|p1b: Milim|ability: Protosynthesis\n|-start|p1b: Milim|protosynthesisspe\n|turn|1\n|\n|t:|1699573404\n|move|p1b: Milim|Dazzling Gleam|p2b: Kleavor|[spread] p2a,p2b\n|-damage|p2a: Sylveon|74\/100\n|-damage|p2b: Kleavor|41\/100\n|move|p1a: Benimaru|Heat Wave|p2a: Sylveon|[spread] p2a,p2b\n|-damage|p2a: Sylveon|43\/100\n|-damage|p2b: Kleavor|0 fnt\n|faint|p2b: Kleavor\n|move|p2a: Sylveon|Hyper Voice|p1b: Milim|[spread] p1a,p1b\n|-resisted|p1a: Benimaru\n|-damage|p1a: Benimaru|77\/100\n|-damage|p1b: Milim|60\/100\n|-enditem|p2a: Sylveon|Throat Spray\n|-boost|p2a: Sylveon|spa|1|[from] item: Throat Spray\n|\n|-weather|SunnyDay|[upkeep]\n|upkeep\n|\n|t:|1699573411\n|switch|p2b: Gyarados|Gyarados, M, shiny|100\/100\n|turn|2\n|\n|t:|1699573418\n|move|p1a: Benimaru|Protect|p1a: Benimaru\n|-singleturn|p1a: Benimaru|Protect\n|move|p1b: Milim|Shadow Ball|p2a: Sylveon\n|-damage|p2a: Sylveon|12\/100\n|move|p2b: Gyarados|Crunch|p1b: Milim\n|-crit|p1b: Milim\n|-damage|p1b: Milim|0 fnt\n|faint|p1b: Milim\n|-end|p1b: Milim|Protosynthesis|[silent]\n|-ability|p2b: Gyarados|Moxie|boost\n|-boost|p2b: Gyarados|atk|1\n|move|p2a: Sylveon|Hyper Voice|p1a: Benimaru\n|-activate|p1a: Benimaru|move: Protect\n|\n|-weather|SunnyDay|[upkeep]\n|upkeep\n|\n|t:|1699573429\n|switch|p1b: RIimiru|Goodra-Hisui, M|100\/100\n|turn|3\n|\n|t:|1699573438\n|-terastallize|p1b: RIimiru|Water\n|move|p1a: Benimaru|Heat Wave|p2b: Gyarados|[spread] p2a,p2b\n|-resisted|p2b: Gyarados\n|-damage|p2a: Sylveon|0 fnt\n|-damage|p2b: Gyarados|87\/100\n|faint|p2a: Sylveon\n|move|p2b: Gyarados|Aqua Tail|p1a: Benimaru|[miss]\n|-miss|p2b: Gyarados|p1a: Benimaru\n|move|p1b: RIimiru|Thunder Punch|p2b: Gyarados\n|-supereffective|p2b: Gyarados\n|-damage|p2b: Gyarados|0 fnt\n|faint|p2b: Gyarados\n|\n|-weather|SunnyDay|[upkeep]\n|upkeep\n|\n|t:|1699573453\n|switch|p2b: Dragapult|Dragapult, F|100\/100\n|switch|p2a: Decidueye|Decidueye-Hisui, F|100\/100\n|turn|4\n|\n|t:|1699573462\n|-terastallize|p2a: Decidueye|Dark\n|move|p2b: Dragapult|Thunderbolt|p1b: RIimiru\n|-supereffective|p1b: RIimiru\n|-damage|p1b: RIimiru|67\/100\n|-damage|p2b: Dragapult|91\/100|[from] item: Life Orb\n|move|p1a: Benimaru|Heat Wave|p2a: Decidueye|[spread] p2a,p2b\n|-resisted|p2b: Dragapult\n|-damage|p2a: Decidueye|65\/100\n|-damage|p2b: Dragapult|65\/100\n|move|p2a: Decidueye|Leaf Blade|p1b: RIimiru\n|-ability|p1b: RIimiru|Sap Sipper|boost\n|-boost|p1b: RIimiru|atk|1\n|move|p1b: RIimiru|Ice Spinner|p2b: Dragapult\n|-supereffective|p2b: Dragapult\n|-damage|p2b: Dragapult|0 fnt\n|faint|p2b: Dragapult\n|\n|-weather|SunnyDay|[upkeep]\n|upkeep\n|\n|t:|1699573467\n|switch|p2b: Arcanine|Arcanine, M|100\/100\n|-ability|p2b: Arcanine|Intimidate|boost\n|-unboost|p1a: Benimaru|atk|1\n|-unboost|p1b: RIimiru|atk|1\n|turn|5\n|\n|t:|1699573489\n|move|p1a: Benimaru|Protect|p1a: Benimaru\n|-singleturn|p1a: Benimaru|Protect\n|move|p2b: Arcanine|Solar Beam||[still]\n|-prepare|p2b: Arcanine|Solar Beam\n|-anim|p2b: Arcanine|Solar Beam|p1b: RIimiru\n|-ability|p1b: RIimiru|Sap Sipper|boost\n|-boost|p1b: RIimiru|atk|1\n|move|p2a: Decidueye|Leaf Blade|p1b: RIimiru\n|-ability|p1b: RIimiru|Sap Sipper|boost\n|-boost|p1b: RIimiru|atk|1\n|move|p1b: RIimiru|Rock Slide|p2a: Decidueye|[spread] p2a\n|-miss|p1b: RIimiru|p2b: Arcanine\n|-damage|p2a: Decidueye|29\/100\n|\n|-weather|SunnyDay|[upkeep]\n|upkeep\n|turn|6\n|\n|t:|1699573509\n|move|p1a: Benimaru|Dark Pulse|p2b: Arcanine\n|-damage|p2b: Arcanine|83\/100\n|move|p2b: Arcanine|Snarl|p1b: RIimiru|[spread] p1b\n|-miss|p2b: Arcanine|p1a: Benimaru\n|-damage|p1b: RIimiru|61\/100\n|-unboost|p1b: RIimiru|spa|1\n|move|p2a: Decidueye|Leaf Blade|p1b: RIimiru\n|-ability|p1b: RIimiru|Sap Sipper|boost\n|-boost|p1b: RIimiru|atk|1\n|move|p1b: RIimiru|Rock Slide|p2a: Decidueye|[spread] p2a,p2b\n|-supereffective|p2b: Arcanine\n|-damage|p2a: Decidueye|0 fnt\n|-damage|p2b: Arcanine|0 fnt\n|faint|p2a: Decidueye\n|faint|p2b: Arcanine\n|\n|win|zeref203\n|raw|zeref203's rating: 1239 &rarr; <strong>1266<\/strong><br \/>(+27 for winning)\n|raw|Lord Bromosalino's rating: 1268 &rarr; <strong>1241<\/strong><br \/>(-27 for losing)\n|l|\u2606Lord Bromosalino\n","uploadtime":1699573535,"views":23,"p1id":"zeref203","p2id":"lordbromosalino","formatid":"gen9doublesou","rating":1241,"private":0,"password":""}