{"id":"gen9doublesou-1987684011","p1":"djsxhnsksksjdjjdh","p2":"buddhist ameba","format":"[Gen 9] Doubles OU","log":"|j|\u2606djsxhnsksksjdjjdh\n|j|\u2606buddhist ameba\n|t:|1699627382\n|gametype|doubles\n|player|p1|djsxhnsksksjdjjdh|2|1602\n|player|p2|buddhist ameba|266|1616\n|teamsize|p1|6\n|teamsize|p2|6\n|gen|9\n|tier|[Gen 9] Doubles OU\n|rated|\n|rule|Species Clause: Limit one of each Pok\u00e9mon\n|rule|OHKO Clause: OHKO moves are banned\n|rule|Evasion Moves Clause: Evasion moves are banned\n|rule|Gravity Sleep Clause: The combination of sleep-inducing moves with imperfect accuracy and Gravity or Gigantamax Orbeetle are banned\n|rule|Endless Battle Clause: Forcing endless battles is banned\n|rule|HP Percentage Mod: HP is shown in percentages\n|clearpoke\n|poke|p1|Pelipper, M|\n|poke|p1|Thundurus, M|\n|poke|p1|Landorus-Therian, M|\n|poke|p1|Chien-Pao|\n|poke|p1|Indeedee-F, F|\n|poke|p1|Scizor, M|\n|poke|p2|Iron Hands|\n|poke|p2|Iron Bundle|\n|poke|p2|Chi-Yu|\n|poke|p2|Diancie|\n|poke|p2|Ninetales-Alola, F|\n|poke|p2|Heatran, M|\n|teampreview\n|inactive|Battle timer is ON: inactive players will automatically lose when time's up. (requested by buddhist ameba)\n|\n|t:|1699627405\n|start\n|switch|p1a: Thundurus|Thundurus, M|100\/100\n|switch|p1b: Landorus|Landorus-Therian, M|100\/100\n|switch|p2a: Diancie|Diancie|100\/100\n|switch|p2b: Iron Hands|Iron Hands|100\/100\n|-ability|p1b: Landorus|Intimidate|boost\n|-fail|p2a: Diancie|unboost|[from] ability: Clear Body|[of] p2a: Diancie\n|-unboost|p2b: Iron Hands|atk|1\n|turn|1\n|\n|t:|1699627432\n|switch|p1a: Indeedee|Indeedee-F, F|100\/100\n|-fieldstart|move: Psychic Terrain|[from] ability: Psychic Surge|[of] p1a: Indeedee\n|-item|p1a: Indeedee|Air Balloon\n|-terastallize|p1b: Landorus|Ground\n|move|p2b: Iron Hands|Fake Out|p1b: Landorus\n|-activate|p1b: Landorus|move: Psychic Terrain\n|move|p1b: Landorus|Earthquake|p2b: Iron Hands|[spread] p2a,p2b\n|-immune|p1a: Indeedee\n|-supereffective|p2a: Diancie\n|-supereffective|p2b: Iron Hands\n|-damage|p2a: Diancie|0 fnt\n|-damage|p2b: Iron Hands|0 fnt\n|faint|p2a: Diancie\n|faint|p2b: Iron Hands\n|-end|p2b: Iron Hands|Quark Drive|[silent]\n|\n|upkeep\n|c|\u2606buddhist ameba|holy cow\n|inactive|buddhist ameba has 120 seconds left.\n|\n|t:|1699627448\n|switch|p2b: Ninetales|Ninetales-Alola, F|100\/100\n|switch|p2a: Iron Bundle|Iron Bundle|100\/100\n|-weather|Snow|[from] ability: Snow Warning|[of] p2b: Ninetales\n|-enditem|p2a: Iron Bundle|Booster Energy\n|-activate|p2a: Iron Bundle|ability: Quark Drive|[fromitem]\n|-start|p2a: Iron Bundle|quarkdrivespe\n|turn|2\n|inactive|buddhist ameba has 120 seconds left.\n|inactive|djsxhnsksksjdjjdh has 120 seconds left.\n|\n|t:|1699627484\n|switch|p1b: Scizor|Scizor, M|100\/100\n|move|p1a: Indeedee|Protect|p1a: Indeedee\n|-singleturn|p1a: Indeedee|Protect\n|move|p2a: Iron Bundle|Hydro Pump|p1a: Indeedee\n|-activate|p1a: Indeedee|move: Protect\n|move|p2b: Ninetales|Aurora Veil|p2b: Ninetales\n|-sidestart|p2: buddhist ameba|move: Aurora Veil\n|\n|-weather|Snow|[upkeep]\n|upkeep\n|turn|3\n|inactive|djsxhnsksksjdjjdh has 120 seconds left.\n|\n|t:|1699627511\n|switch|p1a: Chien-Pao|Chien-Pao|100\/100\n|-ability|p1a: Chien-Pao|Sword of Ruin\n|move|p2b: Ninetales|Protect|p2b: Ninetales\n|-singleturn|p2b: Ninetales|Protect\n|move|p1b: Scizor|Protect|p1b: Scizor\n|-singleturn|p1b: Scizor|Protect\n|move|p2a: Iron Bundle|Hydro Pump|p1b: Scizor\n|-activate|p1b: Scizor|move: Protect\n|\n|-weather|Snow|[upkeep]\n|upkeep\n|turn|4\n|\n|t:|1699627529\n|switch|p2b: Heatran|Heatran, M|100\/100\n|move|p2a: Iron Bundle|Icy Wind|p1b: Scizor|[spread] p1a,p1b\n|-resisted|p1a: Chien-Pao\n|-resisted|p1b: Scizor\n|-damage|p1a: Chien-Pao|84\/100\n|-damage|p1b: Scizor|89\/100\n|-unboost|p1a: Chien-Pao|spe|1\n|-unboost|p1b: Scizor|spe|1\n|move|p1a: Chien-Pao|Sacred Sword|p2a: Iron Bundle\n|-supereffective|p2a: Iron Bundle\n|-damage|p2a: Iron Bundle|42\/100\n|-damage|p1a: Chien-Pao|74\/100|[from] item: Life Orb\n|move|p1b: Scizor|Swords Dance|p1b: Scizor\n|-boost|p1b: Scizor|atk|2\n|\n|-weather|Snow|[upkeep]\n|upkeep\n|turn|5\n|\n|t:|1699627544\n|switch|p1a: Pelipper|Pelipper, M|100\/100\n|-weather|RainDance|[from] ability: Drizzle|[of] p1a: Pelipper\n|move|p2a: Iron Bundle|Protect|p2a: Iron Bundle\n|-singleturn|p2a: Iron Bundle|Protect\n|move|p1b: Scizor|Protect|p1b: Scizor\n|-singleturn|p1b: Scizor|Protect\n|move|p2b: Heatran|Heat Wave|p1a: Pelipper|[spread] p1a\n|-activate|p1b: Scizor|move: Protect\n|-resisted|p1a: Pelipper\n|-damage|p1a: Pelipper|83\/100\n|-status|p1a: Pelipper|brn\n|\n|-weather|RainDance|[upkeep]\n|-damage|p1a: Pelipper|77\/100 brn|[from] brn\n|-fieldend|move: Psychic Terrain\n|upkeep\n|turn|6\n|\n|t:|1699627562\n|-end|p2a: Iron Bundle|Quark Drive|[silent]\n|switch|p2a: Chi-Yu|Chi-Yu|100\/100\n|-ability|p2a: Chi-Yu|Beads of Ruin\n|-terastallize|p2b: Heatran|Grass\n|move|p1a: Pelipper|Wide Guard|p1a: Pelipper\n|-singleturn|p1a: Pelipper|Wide Guard\n|move|p1b: Scizor|Bullet Punch|p2a: Chi-Yu\n|-resisted|p2a: Chi-Yu\n|-damage|p2a: Chi-Yu|48\/100\n|-damage|p1b: Scizor|79\/100|[from] item: Life Orb\n|move|p2b: Heatran|Heat Wave|p1a: Pelipper|[spread] \n|-activate|p1a: Pelipper|move: Wide Guard\n|-activate|p1b: Scizor|move: Wide Guard\n|\n|-weather|RainDance|[upkeep]\n|-damage|p1a: Pelipper|71\/100 brn|[from] brn\n|upkeep\n|turn|7\n|c|\u2606buddhist ameba|reallly wp gg\n|inactive|buddhist ameba has 120 seconds left.\n|c|\u2606djsxhnsksksjdjjdh|ty\n|c|\u2606djsxhnsksksjdjjdh|gl in next\n|c|\u2606buddhist ameba|ty\n|\n|t:|1699627614\n|move|p1a: Pelipper|Wide Guard|p1a: Pelipper\n|-singleturn|p1a: Pelipper|Wide Guard\n|move|p1b: Scizor|Bullet Punch|p2a: Chi-Yu\n|-resisted|p2a: Chi-Yu\n|-damage|p2a: Chi-Yu|0 fnt\n|faint|p2a: Chi-Yu\n|-damage|p1b: Scizor|69\/100|[from] item: Life Orb\n|move|p2b: Heatran|Tera Blast|p1a: Pelipper|[anim] Tera Blast Grass\n|-damage|p1a: Pelipper|0 fnt\n|faint|p1a: Pelipper\n|\n|-weather|RainDance|[upkeep]\n|upkeep\n|inactive|buddhist ameba has 120 seconds left.\n|\n|t:|1699627630\n|switch|p2a: Iron Bundle|Iron Bundle|42\/100\n|switch|p1a: Indeedee|Indeedee-F, F|100\/100\n|-fieldstart|move: Psychic Terrain|[from] ability: Psychic Surge|[of] p1a: Indeedee\n|-item|p1a: Indeedee|Air Balloon\n|turn|8\n|inactive|buddhist ameba has 120 seconds left.\n|\n|t:|1699627652\n|move|p1a: Indeedee|Follow Me|p1a: Indeedee\n|-singleturn|p1a: Indeedee|move: Follow Me\n|move|p2a: Iron Bundle|Hydro Pump|p1a: Indeedee\n|-damage|p1a: Indeedee|41\/100\n|-enditem|p1a: Indeedee|Air Balloon\n|move|p2b: Heatran|Tera Blast|p1a: Indeedee|[anim] Tera Blast Grass\n|-damage|p1a: Indeedee|7\/100\n|move|p1b: Scizor|Knock Off|p2a: Iron Bundle\n|-damage|p2a: Iron Bundle|0 fnt\n|faint|p2a: Iron Bundle\n|-end|p2a: Iron Bundle|Quark Drive|[silent]\n|-damage|p1b: Scizor|59\/100|[from] item: Life Orb\n|\n|-weather|RainDance|[upkeep]\n|upkeep\n|inactive|buddhist ameba has 120 seconds left.\n|\n|t:|1699627661\n|switch|p2a: Ninetales|Ninetales-Alola, F|100\/100\n|-weather|Snow|[from] ability: Snow Warning|[of] p2a: Ninetales\n|turn|9\n|\n|t:|1699627672\n|move|p2a: Ninetales|Blizzard|p1a: Indeedee|[spread] p1a,p1b\n|-resisted|p1b: Scizor\n|-damage|p1a: Indeedee|0 fnt\n|-damage|p1b: Scizor|41\/100\n|faint|p1a: Indeedee\n|move|p2b: Heatran|Heat Wave|p1b: Scizor\n|-supereffective|p1b: Scizor\n|-damage|p1b: Scizor|0 fnt\n|faint|p1b: Scizor\n|\n|-weather|Snow|[upkeep]\n|-sideend|p2: buddhist ameba|move: Aurora Veil\n|upkeep\n|\n|t:|1699627680\n|switch|p1a: Chien-Pao|Chien-Pao|74\/100\n|switch|p1b: Thundurus|Thundurus, M|100\/100\n|-ability|p1a: Chien-Pao|Sword of Ruin\n|turn|10\n|\n|t:|1699627708\n|move|p1a: Chien-Pao|Sacred Sword|p2a: Ninetales\n|-damage|p2a: Ninetales|53\/100\n|-damage|p1a: Chien-Pao|64\/100|[from] item: Life Orb\n|move|p1b: Thundurus|Wildbolt Storm|p2a: Ninetales|[spread] p2b\n|-miss|p1b: Thundurus|p2a: Ninetales\n|-resisted|p2b: Heatran\n|-damage|p2b: Heatran|90\/100\n|move|p2a: Ninetales|Blizzard|p1b: Thundurus|[spread] p1a,p1b\n|-resisted|p1a: Chien-Pao\n|-supereffective|p1b: Thundurus\n|-damage|p1a: Chien-Pao|39\/100\n|-damage|p1b: Thundurus|20\/100\n|move|p2b: Heatran|Heat Wave|p1a: Chien-Pao|[spread] p1a,p1b\n|-supereffective|p1a: Chien-Pao\n|-damage|p1a: Chien-Pao|0 fnt\n|-damage|p1b: Thundurus|0 fnt\n|faint|p1a: Chien-Pao\n|faint|p1b: Thundurus\n|\n|-weather|Snow|[upkeep]\n|upkeep\n|\n|t:|1699627719\n|switch|p1b: Landorus|Landorus-Therian, M, tera:Ground|100\/100\n|-ability|p1b: Landorus|Intimidate|boost\n|-unboost|p2a: Ninetales|atk|1\n|-unboost|p2b: Heatran|atk|1\n|turn|11\n|c|\u2606djsxhnsksksjdjjdh|huh\n|\n|t:|1699627729\n|move|p2a: Ninetales|Blizzard|p1b: Landorus\n|-supereffective|p1b: Landorus\n|-damage|p1b: Landorus|0 fnt\n|faint|p1b: Landorus\n|\n|win|buddhist ameba\n|raw|djsxhnsksksjdjjdh's rating: 1602 &rarr; <strong>1583<\/strong><br \/>(-19 for losing)\n|raw|buddhist ameba's rating: 1616 &rarr; <strong>1635<\/strong><br \/>(+19 for winning)\n|c|\u2606buddhist ameba|tough\n|c|\u2606buddhist ameba|gg\n|c|\u2606djsxhnsksksjdjjdh|you gave me false certainty good sir\n|c|\u2606buddhist ameba|i was sure tho\n|c|\u2606djsxhnsksksjdjjdh|and I started clicking\n|c|\u2606buddhist ameba|psyops successful\n|c|\u2606djsxhnsksksjdjjdh|:D\n|l|\u2606djsxhnsksksjdjjdh\n","uploadtime":1699627925,"views":9,"p1id":"djsxhnsksksjdjjdh","p2id":"buddhistameba","formatid":"gen9doublesou","rating":1583,"private":0,"password":""}