{"id":"gen9doublesou-1971516462","p1":"deadlydirt","p2":"mat3993","format":"[Gen 9] Doubles OU","log":"|j|\u2606deadlydirt\n|j|\u2606mat3993\n|t:|1697744712\n|gametype|doubles\n|player|p1|deadlydirt|harlequin|1105\n|player|p2|mat3993|169|1074\n|teamsize|p1|6\n|teamsize|p2|6\n|gen|9\n|tier|[Gen 9] Doubles OU\n|rated|\n|rule|Species Clause: Limit one of each Pok\u00e9mon\n|rule|OHKO Clause: OHKO moves are banned\n|rule|Evasion Moves Clause: Evasion moves are banned\n|rule|Gravity Sleep Clause: The combination of sleep-inducing moves with imperfect accuracy and Gravity or Gigantamax Orbeetle are banned\n|rule|Endless Battle Clause: Forcing endless battles is banned\n|rule|HP Percentage Mod: HP is shown in percentages\n|clearpoke\n|poke|p1|Floatzel, M|\n|poke|p1|Pelipper, F|\n|poke|p1|Gholdengo|\n|poke|p1|Dragonite, M|\n|poke|p1|Goodra-Hisui, M|\n|poke|p1|Kingambit, M|\n|poke|p2|Ribombee, M|\n|poke|p2|Weezing-Galar, F|\n|poke|p2|Ninetales, F|\n|poke|p2|Clefable, F|\n|poke|p2|Dragonite, M|\n|poke|p2|Landorus-Therian, M|\n|teampreview\n|\n|t:|1697744724\n|start\n|switch|p1a: Pelipper|Pelipper, F, shiny|100\/100\n|switch|p1b: Kingambit|Kingambit, M, shiny|100\/100\n|switch|p2a: Landorus|Landorus-Therian, M|100\/100\n|switch|p2b: Clefable|Clefable, F, shiny|100\/100\n|-ability|p2a: Landorus|Intimidate|boost\n|-unboost|p1a: Pelipper|atk|1\n|-unboost|p1b: Kingambit|atk|1\n|-weather|RainDance|[from] ability: Drizzle|[of] p1a: Pelipper\n|-ability|p1b: Kingambit|Pressure\n|turn|1\n|inactive|Battle timer is ON: inactive players will automatically lose when time's up. (requested by deadlydirt)\n|inactive|mat3993 has 120 seconds left.\n|\n|t:|1697744797\n|move|p2a: Landorus|U-turn|p1b: Kingambit\n|-damage|p1b: Kingambit|76\/100\n|\n|t:|1697744806\n|switch|p2a: Ninetales|Ninetales, F|100\/100|[from] U-turn\n|-weather|SunnyDay|[from] ability: Drought|[of] p2a: Ninetales\n|move|p2b: Clefable|Chilling Water|p1b: Kingambit\n|-damage|p1b: Kingambit|72\/100\n|-unboost|p1b: Kingambit|atk|1\n|move|p1a: Pelipper|Hydro Pump|p2a: Ninetales\n|-supereffective|p2a: Ninetales\n|-crit|p2a: Ninetales\n|-damage|p2a: Ninetales|40\/100\n|move|p1b: Kingambit|Stealth Rock|p2a: Ninetales\n|-sidestart|p2: mat3993|move: Stealth Rock\n|\n|-weather|SunnyDay|[upkeep]\n|upkeep\n|turn|2\n|inactive|deadlydirt has 120 seconds left.\n|\n|t:|1697744851\n|switch|p1a: Goodra|Goodra-Hisui, M, shiny|100\/100\n|move|p1b: Kingambit|Protect|p1b: Kingambit\n|-singleturn|p1b: Kingambit|Protect\n|move|p2b: Clefable|Follow Me|p2b: Clefable\n|-singleturn|p2b: Clefable|move: Follow Me\n|move|p2a: Ninetales|Heat Wave|p1a: Goodra|[spread] p1a\n|-activate|p1b: Kingambit|move: Protect\n|-damage|p1a: Goodra|75\/100\n|\n|-weather|SunnyDay|[upkeep]\n|upkeep\n|turn|3\n|inactive|deadlydirt has 120 seconds left.\n|\n|t:|1697744872\n|switch|p1a: Pelipper|Pelipper, F, shiny|100\/100\n|-weather|RainDance|[from] ability: Drizzle|[of] p1a: Pelipper\n|switch|p1b: Floatzel|Floatzel, M, shiny|100\/100\n|move|p2a: Ninetales|Heat Wave|p1b: Floatzel|[spread] p1a,p1b\n|-resisted|p1a: Pelipper\n|-resisted|p1b: Floatzel\n|-damage|p1a: Pelipper|94\/100\n|-damage|p1b: Floatzel|87\/100\n|move|p2b: Clefable|Life Dew||[still]|[spread] p2a,p2b\n|-heal|p2a: Ninetales|65\/100\n|-fail|p2b: Clefable|heal\n|\n|-weather|RainDance|[upkeep]\n|upkeep\n|turn|4\n|inactive|deadlydirt has 120 seconds left.\n|\n|t:|1697744893\n|switch|p2a: Weezing|Weezing-Galar, F|100\/100\n|-damage|p2a: Weezing|88\/100|[from] Stealth Rock\n|-fieldstart|move: Misty Terrain|[from] ability: Misty Surge|[of] p2a: Weezing\n|move|p1b: Floatzel|Wave Crash|p2a: Weezing\n|-damage|p2a: Weezing|19\/100\n|-damage|p1b: Floatzel|67\/100|[from] Recoil\n|move|p2b: Clefable|Chilling Water|p1b: Floatzel\n|-resisted|p1b: Floatzel\n|-damage|p1b: Floatzel|53\/100\n|-unboost|p1b: Floatzel|atk|1\n|move|p1a: Pelipper|Hurricane|p2b: Clefable\n|-damage|p2b: Clefable|72\/100\n|\n|-weather|RainDance|[upkeep]\n|-heal|p2b: Clefable|78\/100|[from] item: Leftovers\n|upkeep\n|turn|5\n|\n|t:|1697744915\n|move|p2b: Clefable|Follow Me|p2b: Clefable\n|-singleturn|p2b: Clefable|move: Follow Me\n|move|p1b: Floatzel|Wave Crash|p2b: Clefable\n|-damage|p2b: Clefable|21\/100\n|-damage|p1b: Floatzel|33\/100|[from] Recoil\n|move|p2a: Weezing|Pain Split|p1a: Pelipper\n|-sethp|p1a: Pelipper|55\/100|[from] move: Pain Split|[silent]\n|-sethp|p2a: Weezing|66\/100|[from] move: Pain Split\n|move|p1a: Pelipper|Tailwind|p1a: Pelipper\n|-sidestart|p1: deadlydirt|move: Tailwind\n|\n|-weather|RainDance|[upkeep]\n|-heal|p2b: Clefable|27\/100|[from] item: Leftovers\n|upkeep\n|turn|6\n|\n|t:|1697744932\n|switch|p1b: Dragonite|Dragonite, M, shiny|100\/100\n|move|p1a: Pelipper|Hydro Pump|p2b: Clefable\n|-damage|p2b: Clefable|0 fnt\n|faint|p2b: Clefable\n|move|p2a: Weezing|Strange Steam|p1a: Pelipper\n|-damage|p1a: Pelipper|31\/100\n|-start|p1a: Pelipper|confusion\n|\n|-weather|RainDance|[upkeep]\n|upkeep\n|\n|t:|1697744946\n|switch|p2b: Landorus|Landorus-Therian, M|100\/100\n|-damage|p2b: Landorus|88\/100|[from] Stealth Rock\n|-ability|p2b: Landorus|Intimidate|boost\n|-unboost|p1a: Pelipper|atk|1\n|-unboost|p1b: Dragonite|atk|1\n|turn|7\n|\n|t:|1697744974\n|move|p1b: Dragonite|Dragon Claw|p2b: Landorus\n|-damage|p2b: Landorus|47\/100\n|-activate|p1a: Pelipper|confusion\n|move|p1a: Pelipper|Hydro Pump|p2b: Landorus\n|-supereffective|p2b: Landorus\n|-damage|p2b: Landorus|0 fnt\n|faint|p2b: Landorus\n|move|p2a: Weezing|Strange Steam|p1b: Dragonite\n|-supereffective|p1b: Dragonite\n|-damage|p1b: Dragonite|77\/100\n|\n|-weather|none\n|upkeep\n|\n|t:|1697744991\n|switch|p2b: Ribombee|Ribombee, M|100\/100\n|-damage|p2b: Ribombee|76\/100|[from] Stealth Rock\n|turn|8\n|\n|t:|1697745001\n|move|p1b: Dragonite|Extreme Speed|p2b: Ribombee\n|-damage|p2b: Ribombee|33\/100\n|move|p2b: Ribombee|Quiver Dance|p2b: Ribombee\n|-boost|p2b: Ribombee|spa|1\n|-boost|p2b: Ribombee|spd|1\n|-boost|p2b: Ribombee|spe|1\n|-activate|p1a: Pelipper|confusion\n|-damage|p1a: Pelipper|28\/100|[from] confusion\n|move|p2a: Weezing|Strange Steam|p1b: Dragonite\n|-supereffective|p1b: Dragonite\n|-damage|p1b: Dragonite|36\/100\n|-start|p1b: Dragonite|confusion\n|\n|-sideend|p1: deadlydirt|move: Tailwind\n|upkeep\n|turn|9\n|\n|t:|1697745020\n|-activate|p1b: Dragonite|confusion\n|move|p1b: Dragonite|Extreme Speed|p2b: Ribombee\n|-damage|p2b: Ribombee|0 fnt\n|faint|p2b: Ribombee\n|move|p2a: Weezing|Strange Steam|p1b: Dragonite\n|-supereffective|p1b: Dragonite\n|-damage|p1b: Dragonite|0 fnt\n|faint|p1b: Dragonite\n|-end|p1a: Pelipper|confusion\n|move|p1a: Pelipper|Hydro Pump|p2a: Weezing\n|-damage|p2a: Weezing|23\/100\n|\n|upkeep\n|\n|t:|1697745033\n|switch|p2b: Ninetales|Ninetales, F|65\/100\n|switch|p1b: Gholdengo|Gholdengo, shiny|100\/100\n|-damage|p2b: Ninetales|40\/100|[from] Stealth Rock\n|-weather|SunnyDay|[from] ability: Drought|[of] p2b: Ninetales\n|turn|10\n|\n|t:|1697745050\n|move|p2b: Ninetales|Heat Wave|p1a: Pelipper|[spread] p1a,p1b\n|-resisted|p1a: Pelipper\n|-supereffective|p1b: Gholdengo\n|-damage|p1a: Pelipper|7\/100\n|-damage|p1b: Gholdengo|25\/100\n|move|p1b: Gholdengo|Make It Rain|p2b: Ninetales|[spread] p2a,p2b\n|-supereffective|p2a: Weezing\n|-resisted|p2b: Ninetales\n|-damage|p2a: Weezing|0 fnt\n|-damage|p2b: Ninetales|0 fnt\n|-unboost|p1b: Gholdengo|spa|1\n|faint|p2a: Weezing\n|faint|p2b: Ninetales\n|move|p1a: Pelipper|Hydro Pump|p2: Weezing|[notarget]\n|-fail|p1a: Pelipper\n|\n|-weather|SunnyDay|[upkeep]\n|upkeep\n|\n|t:|1697745067\n|switch|p2a: Dragonite|Dragonite, M|100\/100\n|-damage|p2a: Dragonite|76\/100|[from] Stealth Rock\n|turn|11\n|\n|t:|1697745078\n|-terastallize|p2a: Dragonite|Flying\n|-terastallize|p1b: Gholdengo|Fairy\n|move|p2a: Dragonite|Extreme Speed|p1a: Pelipper\n|-damage|p1a: Pelipper|0 fnt\n|faint|p1a: Pelipper\n|move|p1b: Gholdengo|Make It Rain|p2a: Dragonite\n|-damage|p2a: Dragonite|2\/100\n|-unboost|p1b: Gholdengo|spa|1\n|\n|-weather|SunnyDay|[upkeep]\n|-fieldend|Misty Terrain\n|upkeep\n|\n|t:|1697745085\n|switch|p1a: Goodra|Goodra-Hisui, M, shiny|75\/100\n|turn|12\n|\n|t:|1697745094\n|move|p2a: Dragonite|Fly||[still]\n|-prepare|p2a: Dragonite|Fly\n|move|p1b: Gholdengo|Make It Rain|p2a: Dragonite|[miss]\n|-miss|p1b: Gholdengo|p2a: Dragonite\n|move|p1a: Goodra|Dragon Pulse|p2a: Dragonite|[miss]\n|-miss|p1a: Goodra|p2a: Dragonite\n|\n|-weather|SunnyDay|[upkeep]\n|upkeep\n|turn|13\n|\n|t:|1697745103\n|move|p2a: Dragonite|Fly|p1b: Gholdengo|[from]lockedmove\n|-damage|p1b: Gholdengo|0 fnt\n|faint|p1b: Gholdengo\n|move|p1a: Goodra|Dragon Pulse|p2a: Dragonite\n|-damage|p2a: Dragonite|0 fnt\n|faint|p2a: Dragonite\n|\n|win|deadlydirt\n|raw|deadlydirt's rating: 1105 &rarr; <strong>1128<\/strong><br \/>(+23 for winning)\n|raw|mat3993's rating: 1074 &rarr; <strong>1055<\/strong><br \/>(-19 for losing)\n|l|\u2606mat3993\n","uploadtime":1697745113,"views":8,"p1id":"deadlydirt","p2id":"mat3993","formatid":"gen9doublesou","rating":1055,"private":0,"password":""}