{"id":"gen9doublesou-1981278585","p1":"Jourvicious","p2":"ThymeCat","format":"[Gen 9] Doubles OU","log":"|j|\u2606Jourvicious\n|j|\u2606ThymeCat\n|t:|1698879091\n|gametype|doubles\n|player|p1|Jourvicious|lisia-masters|1525\n|player|p2|ThymeCat|cheryl|1476\n|teamsize|p1|6\n|teamsize|p2|6\n|gen|9\n|tier|[Gen 9] Doubles OU\n|rated|\n|rule|Species Clause: Limit one of each Pok\u00e9mon\n|rule|OHKO Clause: OHKO moves are banned\n|rule|Evasion Moves Clause: Evasion moves are banned\n|rule|Gravity Sleep Clause: The combination of sleep-inducing moves with imperfect accuracy and Gravity or Gigantamax Orbeetle are banned\n|rule|Endless Battle Clause: Forcing endless battles is banned\n|rule|HP Percentage Mod: HP is shown in percentages\n|clearpoke\n|poke|p1|Kommo-o, F|\n|poke|p1|Shiftry, F|\n|poke|p1|Tornadus, M|\n|poke|p1|Arcanine-Hisui, F|\n|poke|p1|Sinistcha-Masterpiece|\n|poke|p1|Ninetales-Alola, M|\n|poke|p2|Leafeon, M|\n|poke|p2|Torkoal, M|\n|poke|p2|Tornadus, M|\n|poke|p2|Diancie|\n|poke|p2|Walking Wake|\n|poke|p2|Oranguru, F|\n|teampreview\n|inactive|Battle timer is ON: inactive players will automatically lose when time's up. (requested by ThymeCat)\n|inactive|Jourvicious also wants the timer to be on.\n|\n|t:|1698879111\n|start\n|switch|p1a: Arcanine|Arcanine-Hisui, F|100\/100\n|switch|p1b: Tornadus|Tornadus, M|100\/100\n|switch|p2a: Diancie|Diancie, shiny|100\/100\n|switch|p2b: Oranguru|Oranguru, F|100\/100\n|-ability|p1a: Arcanine|Intimidate|boost\n|-fail|p2a: Diancie|unboost|[from] ability: Clear Body|[of] p2a: Diancie\n|-fail|p2b: Oranguru|unboost|Attack|[from] ability: Inner Focus|[of] p2b: Oranguru\n|turn|1\n|\n|t:|1698879129\n|-terastallize|p2a: Diancie|Water\n|move|p1b: Tornadus|Tailwind|p1b: Tornadus\n|-sidestart|p1: Jourvicious|move: Tailwind\n|move|p1a: Arcanine|Bulldoze|p2a: Diancie|[spread] p2a,p2b\n|-immune|p1b: Tornadus\n|-damage|p2a: Diancie|82\/100\n|-damage|p2b: Oranguru|78\/100\n|-unboost|p2b: Oranguru|spe|1\n|move|p2b: Oranguru|Taunt|p1b: Tornadus\n|-start|p1b: Tornadus|move: Taunt\n|move|p2a: Diancie|Diamond Storm|p1b: Tornadus|[spread] p1a,p1b\n|-supereffective|p1a: Arcanine\n|-supereffective|p1b: Tornadus\n|-damage|p1a: Arcanine|38\/100\n|-damage|p1b: Tornadus|42\/100\n|\n|upkeep\n|turn|2\n|\n|t:|1698879150\n|switch|p1a: Sinistcha|Sinistcha-Masterpiece|100\/100\n|-heal|p1b: Tornadus|67\/100|[from] ability: Hospitality|[of] p1a: Sinistcha\n|move|p1b: Tornadus|Fling|p2a: Diancie\n|-damage|p2a: Diancie|76\/100\n|-enditem|p1b: Tornadus|King's Rock|[from] move: Fling\n|move|p2b: Oranguru|Instruct|p2a: Diancie\n|-singleturn|p2a: Diancie|move: Instruct|[of] p2b: Oranguru\n|cant|p2a: Diancie|flinch\n|cant|p2a: Diancie|flinch\n|\n|upkeep\n|turn|3\n|\n|t:|1698879166\n|switch|p2a: Torkoal|Torkoal, M|100\/100\n|-weather|SunnyDay|[from] ability: Drought|[of] p2a: Torkoal\n|move|p1b: Tornadus|Bleakwind Storm|p2b: Oranguru|[spread] p2a,p2b\n|-damage|p2a: Torkoal|69\/100\n|-damage|p2b: Oranguru|50\/100\n|move|p1a: Sinistcha|Matcha Gotcha|p2a: Torkoal|[spread] p2a,p2b\n|-resisted|p2a: Torkoal\n|-damage|p2a: Torkoal|55\/100\n|-damage|p2b: Oranguru|27\/100\n|move|p2b: Oranguru|Encore|p1b: Tornadus\n|-start|p1b: Tornadus|Encore\n|\n|-weather|SunnyDay|[upkeep]\n|-heal|p2a: Torkoal|61\/100|[from] item: Leftovers\n|upkeep\n|turn|4\n|\n|t:|1698879182\n|switch|p1a: Shiftry|Shiftry, F, shiny|100\/100\n|-ability|p1a: Shiftry|Wind Rider|boost\n|-boost|p1a: Shiftry|atk|1\n|move|p1b: Tornadus|Bleakwind Storm|p2b: Oranguru|[spread] p2a,p2b\n|-damage|p2a: Torkoal|28\/100\n|-damage|p2b: Oranguru|0 fnt\n|faint|p2b: Oranguru\n|move|p2a: Torkoal|Heat Wave|p1b: Tornadus|[spread] p1b\n|-ability|p1a: Shiftry|Wind Rider|boost\n|-boost|p1a: Shiftry|atk|1\n|-damage|p1b: Tornadus|38\/100\n|\n|-weather|SunnyDay|[upkeep]\n|-heal|p2a: Torkoal|35\/100|[from] item: Leftovers\n|-end|p1b: Tornadus|move: Taunt\n|-sideend|p1: Jourvicious|move: Tailwind\n|upkeep\n|\n|t:|1698879188\n|switch|p2b: Girlboss|Tornadus, M|100\/100\n|turn|5\n|\n|t:|1698879202\n|move|p1a: Shiftry|Sucker Punch|p2a: Torkoal\n|-damage|p2a: Torkoal|0 fnt\n|faint|p2a: Torkoal\n|move|p2b: Girlboss|Bleakwind Storm|p1a: Shiftry|[spread] p1b\n|-ability|p1a: Shiftry|Wind Rider|boost\n|-boost|p1a: Shiftry|atk|1\n|-crit|p1b: Tornadus\n|-damage|p1b: Tornadus|0 fnt\n|faint|p1b: Tornadus\n|\n|-weather|SunnyDay|[upkeep]\n|upkeep\n|c|\u2606ThymeCat|Damm im dumb\n|\n|t:|1698879214\n|switch|p1b: Ninetales|Ninetales-Alola, M|100\/100\n|switch|p2a: Bestie|Leafeon, M, shiny|100\/100\n|-weather|Snow|[from] ability: Snow Warning|[of] p1b: Ninetales\n|turn|6\n|\n|t:|1698879233\n|move|p2b: Girlboss|Sunny Day|p2b: Girlboss\n|-weather|SunnyDay\n|move|p1a: Shiftry|Sucker Punch|p2a: Bestie\n|-damage|p2a: Bestie|13\/100\n|move|p2a: Bestie|X-Scissor|p1a: Shiftry\n|-supereffective|p1a: Shiftry\n|-enditem|p1a: Shiftry|Focus Sash\n|-damage|p1a: Shiftry|1\/100\n|move|p1b: Ninetales|Blizzard|p2b: Girlboss|[spread] p2a,p2b\n|-supereffective|p2a: Bestie\n|-supereffective|p2b: Girlboss\n|-damage|p2a: Bestie|0 fnt\n|-damage|p2b: Girlboss|15\/100\n|faint|p2a: Bestie\n|\n|-weather|SunnyDay|[upkeep]\n|upkeep\n|\n|t:|1698879241\n|switch|p2a: Diancie|Diancie, shiny, tera:Water|76\/100\n|turn|7\n|\n|t:|1698879256\n|move|p2b: Girlboss|Tailwind|p2b: Girlboss\n|-sidestart|p2: ThymeCat|move: Tailwind\n|move|p1a: Shiftry|Sucker Punch|p2a: Diancie\n|-damage|p2a: Diancie|17\/100\n|move|p1b: Ninetales|Moonblast|p2a: Diancie\n|-damage|p2a: Diancie|2\/100\n|move|p2a: Diancie|Diamond Storm|p1b: Ninetales|[spread] \n|-miss|p2a: Diancie|p1a: Shiftry\n|-miss|p2a: Diancie|p1b: Ninetales\n|\n|-weather|SunnyDay|[upkeep]\n|upkeep\n|turn|8\n|c|\u2606ThymeCat|Gg\n|-message|ThymeCat forfeited.\n|\n|win|Jourvicious\n|raw|Jourvicious's rating: 1525 &rarr; <strong>1542<\/strong><br \/>(+17 for winning)\n|raw|ThymeCat's rating: 1476 &rarr; <strong>1459<\/strong><br \/>(-17 for losing)\n|l|\u2606ThymeCat\n","uploadtime":1698879276,"views":19,"p1id":"jourvicious","p2id":"thymecat","formatid":"gen9doublesou","rating":1459,"private":0,"password":""}