{"id":"gen9doublesou-1977662586","p1":"Cuty flam","p2":"smeeblin","format":"[Gen 9] Doubles OU","log":"|j|\u2606Cuty flam\n|j|\u2606smeeblin\n|t:|1698436374\n|gametype|doubles\n|player|p1|Cuty flam|linebacker|1079\n|player|p2|smeeblin|unknownf|1069\n|teamsize|p1|6\n|teamsize|p2|6\n|gen|9\n|tier|[Gen 9] Doubles OU\n|rated|\n|rule|Species Clause: Limit one of each Pok\u00e9mon\n|rule|OHKO Clause: OHKO moves are banned\n|rule|Evasion Moves Clause: Evasion moves are banned\n|rule|Gravity Sleep Clause: The combination of sleep-inducing moves with imperfect accuracy and Gravity or Gigantamax Orbeetle are banned\n|rule|Endless Battle Clause: Forcing endless battles is banned\n|rule|HP Percentage Mod: HP is shown in percentages\n|clearpoke\n|poke|p1|Palafin, F|\n|poke|p1|Clefairy, M|\n|poke|p1|Flutter Mane|\n|poke|p1|Dragonite, F|\n|poke|p1|Ogerpon-Hearthflame, F|\n|poke|p1|Empoleon, M|\n|poke|p2|Volcarona, M|\n|poke|p2|Oricorio-Pom-Pom, M|\n|poke|p2|Ceruledge, F|\n|poke|p2|Quaquaval, F|\n|poke|p2|Flamigo, M|\n|poke|p2|Blissey, F|\n|teampreview\n|\n|t:|1698436382\n|start\n|switch|p1a: Palafin|Palafin, F|100\/100\n|switch|p1b: Clefairy|Clefairy, M|100\/100\n|switch|p2a: Volcarona|Volcarona, M|100\/100\n|switch|p2b: Oricorio|Oricorio-Pom-Pom, M|100\/100\n|turn|1\n|inactive|Battle timer is ON: inactive players will automatically lose when time's up. (requested by Cuty flam)\n|\n|t:|1698436408\n|move|p2b: Oricorio|Protect|p2b: Oricorio\n|-singleturn|p2b: Oricorio|Protect\n|move|p1b: Clefairy|Follow Me|p1b: Clefairy\n|-singleturn|p1b: Clefairy|move: Follow Me\n|move|p1a: Palafin|Flip Turn|p2a: Volcarona\n|-supereffective|p2a: Volcarona\n|-damage|p2a: Volcarona|40\/100\n|-enditem|p2a: Volcarona|Sitrus Berry|[eat]\n|-heal|p2a: Volcarona|65\/100|[from] item: Sitrus Berry\n|\n|t:|1698436421\n|detailschange|p1a: Palafin|Palafin-Hero, F\n|switch|p1a: Empoleon|Empoleon, M|100\/100|[from] Flip Turn\n|move|p2a: Volcarona|Quiver Dance|p2a: Volcarona\n|-boost|p2a: Volcarona|spa|1\n|-boost|p2a: Volcarona|spd|1\n|-boost|p2a: Volcarona|spe|1\n|-activate|p2b: Oricorio|ability: Dancer\n|move|p2b: Oricorio|Quiver Dance|p2b: Oricorio|[from]ability: Dancer\n|-boost|p2b: Oricorio|spa|1\n|-boost|p2b: Oricorio|spd|1\n|-boost|p2b: Oricorio|spe|1\n|\n|upkeep\n|turn|2\n|\n|t:|1698436451\n|move|p2b: Oricorio|Tailwind|p2b: Oricorio\n|-sidestart|p2: smeeblin|move: Tailwind\n|move|p2a: Volcarona|Fiery Dance|p1b: Clefairy\n|-damage|p1b: Clefairy|59\/100\n|-activate|p2b: Oricorio|ability: Dancer\n|move|p2b: Oricorio|Fiery Dance|p1b: Clefairy|[from]ability: Dancer\n|-damage|p1b: Clefairy|41\/100\n|move|p1a: Empoleon|Agility|p1a: Empoleon\n|-boost|p1a: Empoleon|spe|2\n|move|p1b: Clefairy|Encore|p2a: Volcarona\n|-start|p2a: Volcarona|Encore\n|\n|upkeep\n|turn|3\n|inactive|smeeblin has 120 seconds left.\n|\n|t:|1698436482\n|switch|p2a: Quaquaval|Quaquaval, F|100\/100\n|move|p1b: Clefairy|Follow Me|p1b: Clefairy\n|-singleturn|p1b: Clefairy|move: Follow Me\n|move|p2b: Oricorio|Substitute|p2b: Oricorio\n|-start|p2b: Oricorio|Substitute\n|-damage|p2b: Oricorio|76\/100\n|move|p1a: Empoleon|Hydro Pump|p2a: Quaquaval\n|-resisted|p2a: Quaquaval\n|-damage|p2a: Quaquaval|63\/100\n|-enditem|p2a: Quaquaval|Eject Button\n|-damage|p1a: Empoleon|91\/100|[from] item: Life Orb\n|inactive|smeeblin has 120 seconds left.\n|\n|t:|1698436493\n|switch|p2a: Ceruledge|Ceruledge, F|100\/100\n|\n|-heal|p2b: Oricorio|82\/100|[from] item: Leftovers\n|upkeep\n|turn|4\n|\n|t:|1698436510\n|-terastallize|p2a: Ceruledge|Grass\n|move|p2b: Oricorio|Revelation Dance|p1a: Empoleon\n|-supereffective|p1a: Empoleon\n|-damage|p1a: Empoleon|36\/100\n|move|p2a: Ceruledge|Will-O-Wisp|p1a: Empoleon\n|-status|p1a: Empoleon|brn\n|move|p1a: Empoleon|Hydro Pump|p2a: Ceruledge|[miss]\n|-miss|p1a: Empoleon|p2a: Ceruledge\n|move|p1b: Clefairy|Encore|p2a: Ceruledge\n|-start|p2a: Ceruledge|Encore\n|\n|-heal|p2b: Oricorio|88\/100|[from] item: Leftovers\n|-damage|p1a: Empoleon|30\/100 brn|[from] brn\n|upkeep\n|turn|5\n|\n|t:|1698436535\n|switch|p2a: Blissey|Blissey, F|100\/100\n|move|p1b: Clefairy|Follow Me|p1b: Clefairy\n|-singleturn|p1b: Clefairy|move: Follow Me\n|move|p2b: Oricorio|Revelation Dance|p1b: Clefairy\n|-damage|p1b: Clefairy|10\/100\n|move|p1a: Empoleon|Hydro Pump|p2a: Blissey|[miss]\n|-miss|p1a: Empoleon|p2a: Blissey\n|\n|-heal|p2b: Oricorio|94\/100|[from] item: Leftovers\n|-damage|p1a: Empoleon|24\/100 brn|[from] brn\n|-sideend|p2: smeeblin|move: Tailwind\n|upkeep\n|turn|6\n|\n|t:|1698436552\n|move|p2b: Oricorio|Protect|p2b: Oricorio\n|-singleturn|p2b: Oricorio|Protect\n|move|p1b: Clefairy|Follow Me|p1b: Clefairy\n|-singleturn|p1b: Clefairy|move: Follow Me\n|move|p1a: Empoleon|Flash Cannon|p2a: Blissey\n|-damage|p2a: Blissey|82\/100\n|-damage|p1a: Empoleon|14\/100 brn|[from] item: Life Orb\n|move|p2a: Blissey|Light Screen|p2a: Blissey\n|-sidestart|p2: smeeblin|move: Light Screen\n|\n|-heal|p2b: Oricorio|100\/100|[from] item: Leftovers\n|-heal|p2a: Blissey|89\/100|[from] item: Leftovers\n|-damage|p1a: Empoleon|8\/100 brn|[from] brn\n|upkeep\n|turn|7\n|\n|t:|1698436579\n|switch|p2a: Quaquaval|Quaquaval, F|63\/100\n|move|p1b: Clefairy|Helping Hand|p1a: Empoleon\n|-singleturn|p1a: Empoleon|Helping Hand|[of] p1b: Clefairy\n|move|p2b: Oricorio|Tailwind|p2b: Oricorio\n|-sidestart|p2: smeeblin|move: Tailwind\n|move|p1a: Empoleon|Hydro Pump|p2b: Oricorio\n|-end|p2b: Oricorio|Substitute\n|-damage|p1a: Empoleon|0 fnt|[from] item: Life Orb\n|faint|p1a: Empoleon\n|\n|upkeep\n|\n|t:|1698436586\n|switch|p1a: Flutter Mane|Flutter Mane|100\/100\n|-enditem|p1a: Flutter Mane|Booster Energy\n|-activate|p1a: Flutter Mane|ability: Protosynthesis|[fromitem]\n|-start|p1a: Flutter Mane|protosynthesisspe\n|turn|8\n|\n|t:|1698436601\n|move|p2b: Oricorio|Protect|p2b: Oricorio\n|-singleturn|p2b: Oricorio|Protect\n|move|p1b: Clefairy|Follow Me|p1b: Clefairy\n|-singleturn|p1b: Clefairy|move: Follow Me\n|move|p2a: Quaquaval|Swords Dance|p2a: Quaquaval\n|-boost|p2a: Quaquaval|atk|2\n|-activate|p2b: Oricorio|ability: Dancer\n|move|p2b: Oricorio|Swords Dance|p2b: Oricorio|[from]ability: Dancer\n|-boost|p2b: Oricorio|atk|2\n|move|p1a: Flutter Mane|Power Gem|p2b: Oricorio\n|-activate|p2b: Oricorio|move: Protect\n|\n|upkeep\n|turn|9\n|\n|t:|1698436621\n|move|p2b: Oricorio|Substitute|p2b: Oricorio\n|-start|p2b: Oricorio|Substitute\n|-damage|p2b: Oricorio|76\/100\n|move|p2a: Quaquaval|Aqua Step|p1a: Flutter Mane\n|-damage|p1a: Flutter Mane|0 fnt\n|-boost|p2a: Quaquaval|spe|1\n|faint|p1a: Flutter Mane\n|-end|p1a: Flutter Mane|Protosynthesis|[silent]\n|-activate|p2b: Oricorio|ability: Dancer\n|move|p2b: Oricorio|Aqua Step|p1b: Clefairy|[from]ability: Dancer\n|-damage|p1b: Clefairy|0 fnt\n|-boost|p2b: Oricorio|spe|1\n|faint|p1b: Clefairy\n|\n|-heal|p2b: Oricorio|82\/100|[from] item: Leftovers\n|upkeep\n|\n|t:|1698436625\n|switch|p1a: Palafin|Palafin-Hero, F|100\/100\n|switch|p1b: Ogerpon|Ogerpon-Hearthflame, F|100\/100\n|-ability|p1b: Ogerpon|Mold Breaker\n|-activate|p1a: Palafin|ability: Zero to Hero\n|turn|10\n|\n|t:|1698436646\n|move|p2b: Oricorio|Revelation Dance|p1a: Palafin\n|-supereffective|p1a: Palafin\n|-damage|p1a: Palafin|7\/100\n|move|p2a: Quaquaval|Aqua Step|p1b: Ogerpon\n|-damage|p1b: Ogerpon|20\/100\n|-boost|p2a: Quaquaval|spe|1\n|-activate|p2b: Oricorio|ability: Dancer\n|move|p2b: Oricorio|Aqua Step|p1b: Ogerpon|[from]ability: Dancer\n|-damage|p1b: Ogerpon|0 fnt\n|-boost|p2b: Oricorio|spe|1\n|faint|p1b: Ogerpon\n|move|p1a: Palafin|Close Combat|p2a: Quaquaval\n|-damage|p2a: Quaquaval|5\/100\n|-unboost|p1a: Palafin|def|1\n|-unboost|p1a: Palafin|spd|1\n|\n|-heal|p2b: Oricorio|88\/100|[from] item: Leftovers\n|-sideend|p2: smeeblin|move: Light Screen\n|-sideend|p2: smeeblin|move: Tailwind\n|upkeep\n|\n|t:|1698436649\n|switch|p1b: Dragonite|Dragonite, F|100\/100\n|turn|11\n|\n|t:|1698436677\n|move|p2b: Oricorio|Protect|p2b: Oricorio\n|-singleturn|p2b: Oricorio|Protect\n|move|p1b: Dragonite|Extreme Speed|p2a: Quaquaval\n|-damage|p2a: Quaquaval|0 fnt\n|faint|p2a: Quaquaval\n|move|p1a: Palafin|Ice Punch|p2b: Oricorio\n|-activate|p2b: Oricorio|move: Protect\n|\n|-heal|p2b: Oricorio|94\/100|[from] item: Leftovers\n|upkeep\n|\n|t:|1698436687\n|switch|p2a: Flamigo|Flamigo, M|100\/100\n|-copyboost|p2a: Flamigo|p2b: Oricorio|[from] ability: Costar\n|turn|12\n|\n|t:|1698436702\n|move|p2b: Oricorio|Revelation Dance|p1b: Dragonite\n|-damage|p1b: Dragonite|81\/100\n|move|p2a: Flamigo|Facade|p1b: Dragonite\n|-damage|p1b: Dragonite|39\/100\n|move|p1a: Palafin|Ice Punch|p2a: Flamigo\n|-supereffective|p2a: Flamigo\n|-damage|p2a: Flamigo|0 fnt\n|faint|p2a: Flamigo\n|move|p1b: Dragonite|Dragon Dance|p1b: Dragonite\n|-boost|p1b: Dragonite|atk|1\n|-boost|p1b: Dragonite|spe|1\n|-activate|p2b: Oricorio|ability: Dancer\n|move|p2b: Oricorio|Dragon Dance|p2b: Oricorio|[from]ability: Dancer\n|-boost|p2b: Oricorio|atk|1\n|-boost|p2b: Oricorio|spe|1\n|\n|-heal|p2b: Oricorio|100\/100|[from] item: Leftovers\n|-heal|p1b: Dragonite|45\/100|[from] item: Leftovers\n|upkeep\n|\n|t:|1698436721\n|switch|p2a: Volcarona|Volcarona, M|65\/100\n|turn|13\n|\n|t:|1698436732\n|move|p2b: Oricorio|Revelation Dance|p1a: Palafin\n|-supereffective|p1a: Palafin\n|-damage|p1a: Palafin|0 fnt\n|faint|p1a: Palafin\n|move|p2a: Volcarona|Fiery Dance|p1b: Dragonite\n|-resisted|p1b: Dragonite\n|-damage|p1b: Dragonite|26\/100\n|-boost|p2a: Volcarona|spa|1\n|-activate|p2b: Oricorio|ability: Dancer\n|move|p2b: Oricorio|Fiery Dance|p1b: Dragonite|[from]ability: Dancer\n|-resisted|p1b: Dragonite\n|-damage|p1b: Dragonite|14\/100\n|move|p1b: Dragonite|Dragon Claw|p2b: Oricorio\n|-end|p2b: Oricorio|Substitute\n|\n|-heal|p1b: Dragonite|20\/100|[from] item: Leftovers\n|upkeep\n|turn|14\n|\n|t:|1698436754\n|move|p2b: Oricorio|Revelation Dance|p1b: Dragonite\n|-damage|p1b: Dragonite|0 fnt\n|faint|p1b: Dragonite\n|\n|win|smeeblin\n|raw|Cuty flam's rating: 1079 &rarr; <strong>1057<\/strong><br \/>(-22 for losing)\n|raw|smeeblin's rating: 1069 &rarr; <strong>1100<\/strong><br \/>(+31 for winning)\n|l|\u2606Cuty flam\n","uploadtime":1698436762,"views":21,"p1id":"cutyflam","p2id":"smeeblin","formatid":"gen9doublesou","rating":1057,"private":0,"password":""}