{"id":"gen9doublesou-1996344950","p1":"poisonous_cheeto","p2":"Rock h Ku Chi coy","format":"[Gen 9] Doubles OU","log":"|j|\u2606poisonous_cheeto\n|j|\u2606Rock h Ku Chi coy\n|t:|1700673192\n|gametype|doubles\n|player|p1|poisonous_cheeto|wallace|1114\n|player|p2|Rock h Ku Chi coy|red|1000\n|teamsize|p1|6\n|teamsize|p2|6\n|gen|9\n|tier|[Gen 9] Doubles OU\n|rated|\n|rule|Species Clause: Limit one of each Pok\u00e9mon\n|rule|OHKO Clause: OHKO moves are banned\n|rule|Evasion Moves Clause: Evasion moves are banned\n|rule|Gravity Sleep Clause: The combination of sleep-inducing moves with imperfect accuracy and Gravity or Gigantamax Orbeetle are banned\n|rule|Endless Battle Clause: Forcing endless battles is banned\n|rule|HP Percentage Mod: HP is shown in percentages\n|clearpoke\n|poke|p1|Dragapult, M|\n|poke|p1|Flutter Mane|\n|poke|p1|Diancie|\n|poke|p1|Oranguru, M|\n|poke|p1|Cresselia, F|\n|poke|p1|Heatran, M|\n|poke|p2|Palafin, M|\n|poke|p2|Hydreigon, F|\n|poke|p2|Chi-Yu|\n|poke|p2|Amoonguss, M|\n|poke|p2|Pelipper, M|\n|poke|p2|Barraskewda, F|\n|teampreview\n|\n|t:|1700673196\n|start\n|switch|p1a: Monke|Oranguru, M|100\/100\n|switch|p1b: Annoyance|Flutter Mane|100\/100\n|switch|p2a: Pelipper|Pelipper, M|100\/100\n|switch|p2b: Palafin|Palafin, M|100\/100\n|-weather|RainDance|[from] ability: Drizzle|[of] p2a: Pelipper\n|-enditem|p1b: Annoyance|Booster Energy\n|-activate|p1b: Annoyance|ability: Protosynthesis|[fromitem]\n|-start|p1b: Annoyance|protosynthesisspe\n|turn|1\n|inactive|Battle timer is ON: inactive players will automatically lose when time's up. (requested by Rock h Ku Chi coy)\n|\n|t:|1700673216\n|move|p1b: Annoyance|Dazzling Gleam|p2b: Palafin|[spread] p2a,p2b\n|-damage|p2a: Pelipper|63\/100\n|-damage|p2b: Palafin|63\/100\n|move|p2b: Palafin|Flip Turn|p1b: Annoyance\n|-damage|p1b: Annoyance|31\/100\n|\n|t:|1700673222\n|detailschange|p2b: Palafin|Palafin-Hero, M\n|switch|p2b: Hydreigon|Hydreigon, F|100\/100|[from] Flip Turn\n|move|p2a: Pelipper|Tailwind|p2a: Pelipper\n|-sidestart|p2: Rock h Ku Chi coy|move: Tailwind\n|move|p1a: Monke|Instruct|p1b: Annoyance\n|-singleturn|p1b: Annoyance|move: Instruct|[of] p1a: Monke\n|move|p1b: Annoyance|Dazzling Gleam|p2a: Pelipper|[spread] p2a,p2b\n|-supereffective|p2b: Hydreigon\n|-damage|p2a: Pelipper|26\/100\n|-damage|p2b: Hydreigon|0 fnt\n|faint|p2b: Hydreigon\n|\n|-weather|RainDance|[upkeep]\n|upkeep\n|\n|t:|1700673250\n|switch|p2b: Chi-Yu|Chi-Yu|100\/100\n|-ability|p2b: Chi-Yu|Beads of Ruin\n|turn|2\n|\n|t:|1700673257\n|-terastallize|p2b: Chi-Yu|Dark\n|move|p2b: Chi-Yu|Dark Pulse|p1a: Monke\n|-supereffective|p1a: Monke\n|-damage|p1a: Monke|0 fnt\n|faint|p1a: Monke\n|-damage|p2b: Chi-Yu|91\/100|[from] item: Life Orb\n|move|p1b: Annoyance|Dazzling Gleam|p2b: Chi-Yu|[spread] p2a,p2b\n|-supereffective|p2b: Chi-Yu\n|-damage|p2a: Pelipper|0 fnt\n|-damage|p2b: Chi-Yu|25\/100\n|faint|p2a: Pelipper\n|\n|-weather|RainDance|[upkeep]\n|upkeep\n|\n|t:|1700673273\n|switch|p2a: Palafin|Palafin-Hero, M|63\/100\n|switch|p1a: Daniel|Dragapult, M, shiny|100\/100\n|-activate|p2a: Palafin|ability: Zero to Hero\n|turn|3\n|\n|t:|1700673284\n|move|p2a: Palafin|Jet Punch|p1b: Annoyance\n|-damage|p1b: Annoyance|0 fnt\n|faint|p1b: Annoyance\n|-end|p1b: Annoyance|Protosynthesis|[silent]\n|move|p2b: Chi-Yu|Dark Pulse|p1a: Daniel\n|-supereffective|p1a: Daniel\n|-damage|p1a: Daniel|0 fnt\n|faint|p1a: Daniel\n|-damage|p2b: Chi-Yu|15\/100|[from] item: Life Orb\n|\n|-weather|RainDance|[upkeep]\n|upkeep\n|\n|t:|1700673296\n|switch|p1a: Princess|Diancie|100\/100\n|switch|p1b: Frogg|Heatran, M|100\/100\n|turn|4\n|\n|t:|1700673312\n|-terastallize|p1b: Frogg|Grass\n|move|p2a: Palafin|Jet Punch|p1b: Frogg\n|-resisted|p1b: Frogg\n|-damage|p1b: Frogg|65\/100\n|move|p2b: Chi-Yu|Dark Pulse|p1a: Princess\n|-resisted|p1a: Princess\n|-damage|p1a: Princess|66\/100\n|-damage|p2b: Chi-Yu|5\/100|[from] item: Life Orb\n|move|p1b: Frogg|Tera Blast|p2a: Palafin|[anim] Tera Blast Grass\n|-supereffective|p2a: Palafin\n|-damage|p2a: Palafin|0 fnt\n|faint|p2a: Palafin\n|move|p1a: Princess|Diamond Storm|p2b: Chi-Yu\n|-damage|p2b: Chi-Yu|0 fnt\n|-boost|p1a: Princess|def|2\n|faint|p2b: Chi-Yu\n|\n|-weather|RainDance|[upkeep]\n|-sideend|p2: Rock h Ku Chi coy|move: Tailwind\n|upkeep\n|\n|t:|1700673314\n|switch|p2a: Amoonguss|Amoonguss, M|100\/100\n|switch|p2b: Barraskewda|Barraskewda, F|100\/100\n|turn|5\n|inactive|Rock h Ku Chi coy has 120 seconds left.\n|inactive|poisonous_cheeto has 120 seconds left.\n|inactive|Rock h Ku Chi coy has 90 seconds left.\n|\n|t:|1700673377\n|move|p1a: Princess|Protect|p1a: Princess\n|-singleturn|p1a: Princess|Protect\n|move|p2b: Barraskewda|Liquidation|p1a: Princess\n|-activate|p1a: Princess|move: Protect\n|move|p1b: Frogg|Tera Blast|p2b: Barraskewda|[anim] Tera Blast Grass\n|-supereffective|p2b: Barraskewda\n|-damage|p2b: Barraskewda|0 fnt\n|faint|p2b: Barraskewda\n|move|p2a: Amoonguss|Spore|p1a: Princess\n|-activate|p1a: Princess|move: Protect\n|\n|-weather|RainDance|[upkeep]\n|upkeep\n|turn|6\n|\n|t:|1700673399\n|move|p1b: Frogg|Heat Wave|p2a: Amoonguss\n|-supereffective|p2a: Amoonguss\n|-damage|p2a: Amoonguss|47\/100\n|-status|p2a: Amoonguss|brn\n|move|p2a: Amoonguss|Pollen Puff|p1b: Frogg\n|-supereffective|p1b: Frogg\n|-damage|p1b: Frogg|45\/100\n|move|p1a: Princess|Diamond Storm|p2a: Amoonguss\n|-damage|p2a: Amoonguss|13\/100 brn\n|-boost|p1a: Princess|def|2\n|\n|-weather|RainDance|[upkeep]\n|-damage|p2a: Amoonguss|7\/100 brn|[from] brn\n|upkeep\n|turn|7\n|\n|t:|1700673421\n|move|p1b: Frogg|Earth Power|p2a: Amoonguss\n|-damage|p2a: Amoonguss|0 fnt\n|faint|p2a: Amoonguss\n|\n|win|poisonous_cheeto\n|raw|poisonous_cheeto's rating: 1114 &rarr; <strong>1131<\/strong><br \/>(+17 for winning)\n|raw|Rock h Ku Chi coy's rating: 1000 &rarr; <strong>1000<\/strong><br \/>(+0 for losing)\n|l|\u2606Rock h Ku Chi coy\n","uploadtime":1700673434,"views":7,"p1id":"poisonouscheeto","p2id":"rockhkuchicoy","formatid":"gen9doublesou","rating":1000,"private":0,"password":""}