{"id":"gen9doublesou-1972494351","p1":"siloxar","p2":"GBarmada","format":"[Gen 9] Doubles OU","log":"|j|\u2606siloxar\n|j|\u2606GBarmada\n|t:|1697849240\n|gametype|doubles\n|player|p1|siloxar|zinzolin|1307\n|player|p2|GBarmada|nate|1397\n|teamsize|p1|6\n|teamsize|p2|6\n|gen|9\n|tier|[Gen 9] Doubles OU\n|rated|\n|rule|Species Clause: Limit one of each Pok\u00e9mon\n|rule|OHKO Clause: OHKO moves are banned\n|rule|Evasion Moves Clause: Evasion moves are banned\n|rule|Gravity Sleep Clause: The combination of sleep-inducing moves with imperfect accuracy and Gravity or Gigantamax Orbeetle are banned\n|rule|Endless Battle Clause: Forcing endless battles is banned\n|rule|HP Percentage Mod: HP is shown in percentages\n|clearpoke\n|poke|p1|Indeedee-F, F|\n|poke|p1|Armarouge, F|\n|poke|p1|Torkoal, F|\n|poke|p1|Ursaluna, F|\n|poke|p1|Cresselia, F|\n|poke|p1|Ogerpon-Wellspring, F|\n|poke|p2|Flutter Mane|\n|poke|p2|Ogerpon-Hearthflame, F|\n|poke|p2|Roaring Moon|\n|poke|p2|Sinistcha-Masterpiece|\n|poke|p2|Torkoal, F|\n|poke|p2|Tornadus, M|\n|teampreview\n|c|\u2606GBarmada|glhf\n|\n|t:|1697849261\n|start\n|switch|p1a: Indeedee|Indeedee-F, F, shiny|100\/100\n|switch|p1b: Armarouge|Armarouge, F|100\/100\n|switch|p2a: Torkoal|Torkoal, F|100\/100\n|switch|p2b: Flutter Mane|Flutter Mane|100\/100\n|-fieldstart|move: Psychic Terrain|[from] ability: Psychic Surge|[of] p1a: Indeedee\n|-enditem|p1a: Indeedee|Psychic Seed\n|-boost|p1a: Indeedee|spd|1|[from] item: Psychic Seed\n|-weather|SunnyDay|[from] ability: Drought|[of] p2a: Torkoal\n|-activate|p2b: Flutter Mane|ability: Protosynthesis\n|-start|p2b: Flutter Mane|protosynthesisspa\n|turn|1\n|\n|t:|1697849289\n|-end|p2b: Flutter Mane|Protosynthesis|[silent]\n|switch|p2b: Roaring Moon|Roaring Moon|100\/100\n|-activate|p2b: Roaring Moon|ability: Protosynthesis\n|-start|p2b: Roaring Moon|protosynthesisatk\n|-terastallize|p1b: Armarouge|Psychic\n|move|p2a: Torkoal|Protect|p2a: Torkoal\n|-singleturn|p2a: Torkoal|Protect\n|move|p1a: Indeedee|Follow Me|p1a: Indeedee\n|-singleturn|p1a: Indeedee|move: Follow Me\n|move|p1b: Armarouge|Expanding Force|p2a: Torkoal|[spread] \n|-activate|p2a: Torkoal|move: Protect\n|-immune|p2b: Roaring Moon\n|\n|-weather|SunnyDay|[upkeep]\n|upkeep\n|turn|2\n|\n|t:|1697849339\n|move|p1b: Armarouge|Protect|p1b: Armarouge\n|-singleturn|p1b: Armarouge|Protect\n|move|p2b: Roaring Moon|Dragon Dance|p2b: Roaring Moon\n|-boost|p2b: Roaring Moon|atk|1\n|-boost|p2b: Roaring Moon|spe|1\n|move|p2a: Torkoal|Flamethrower|p1a: Indeedee\n|-damage|p1a: Indeedee|63\/100\n|move|p1a: Indeedee|Trick Room|p1a: Indeedee\n|-fieldstart|move: Trick Room|[of] p1a: Indeedee\n|\n|-weather|SunnyDay|[upkeep]\n|upkeep\n|turn|3\n|\n|t:|1697849359\n|move|p1a: Indeedee|Helping Hand|p1b: Armarouge\n|-singleturn|p1b: Armarouge|Helping Hand|[of] p1a: Indeedee\n|move|p2a: Torkoal|Protect|p2a: Torkoal\n|-singleturn|p2a: Torkoal|Protect\n|move|p2b: Roaring Moon|Protect|p2b: Roaring Moon\n|-singleturn|p2b: Roaring Moon|Protect\n|move|p1b: Armarouge|Armor Cannon|p2b: Roaring Moon\n|-activate|p2b: Roaring Moon|move: Protect\n|\n|-weather|SunnyDay|[upkeep]\n|upkeep\n|turn|4\n|\n|t:|1697849417\n|move|p1a: Indeedee|Follow Me|p1a: Indeedee\n|-singleturn|p1a: Indeedee|move: Follow Me\n|move|p2a: Torkoal|Flamethrower|p1a: Indeedee\n|-damage|p1a: Indeedee|27\/100\n|-status|p1a: Indeedee|brn\n|move|p1b: Armarouge|Armor Cannon|p2b: Roaring Moon\n|-resisted|p2b: Roaring Moon\n|-damage|p2b: Roaring Moon|40\/100\n|-unboost|p1b: Armarouge|def|1\n|-unboost|p1b: Armarouge|spd|1\n|-enditem|p2b: Roaring Moon|Sitrus Berry|[eat]\n|-heal|p2b: Roaring Moon|65\/100|[from] item: Sitrus Berry\n|-damage|p1b: Armarouge|91\/100|[from] item: Life Orb\n|move|p2b: Roaring Moon|Knock Off|p1a: Indeedee\n|-supereffective|p1a: Indeedee\n|-damage|p1a: Indeedee|0 fnt\n|faint|p1a: Indeedee\n|\n|-weather|SunnyDay|[upkeep]\n|upkeep\n|\n|t:|1697849439\n|switch|p1a: Ursaluna|Ursaluna, F, shiny|100\/100\n|turn|5\n|c|\u2606GBarmada|This is kind of a weird question\n|c|\u2606GBarmada|But what stats of your armarouge are lowered?\n|c|\u2606GBarmada|Ursaluna's name is covering them\n|c|\u2606siloxar|Def sp def\n|\n|t:|1697849516\n|move|p1b: Armarouge|Protect|p1b: Armarouge\n|-singleturn|p1b: Armarouge|Protect\n|move|p2b: Roaring Moon|Protect|p2b: Roaring Moon\n|-singleturn|p2b: Roaring Moon|Protect\n|move|p2a: Torkoal|Solar Beam||[still]\n|-prepare|p2a: Torkoal|Solar Beam\n|-anim|p2a: Torkoal|Solar Beam|p1a: Ursaluna\n|-supereffective|p1a: Ursaluna\n|-damage|p1a: Ursaluna|41\/100\n|move|p1a: Ursaluna|Rock Slide|p2a: Torkoal|[spread] p2a\n|-activate|p2b: Roaring Moon|move: Protect\n|-supereffective|p2a: Torkoal\n|-damage|p2a: Torkoal|60\/100\n|\n|-weather|none\n|-end|p2b: Roaring Moon|Protosynthesis\n|-fieldend|move: Psychic Terrain\n|-status|p1a: Ursaluna|brn|[from] item: Flame Orb\n|upkeep\n|turn|6\n|c|\u2606GBarmada|thanks\n|\n|t:|1697849568\n|-end|p2b: Roaring Moon|Protosynthesis|[silent]\n|switch|p2b: Sinistcha|Sinistcha-Masterpiece|100\/100\n|-heal|p2a: Torkoal|85\/100|[from] ability: Hospitality|[of] p2b: Sinistcha\n|move|p2a: Torkoal|Protect|p2a: Torkoal\n|-singleturn|p2a: Torkoal|Protect\n|move|p1a: Ursaluna|Protect|p1a: Ursaluna\n|-singleturn|p1a: Ursaluna|Protect\n|move|p1b: Armarouge|Expanding Force|p2a: Torkoal\n|-activate|p2a: Torkoal|move: Protect\n|\n|-damage|p1a: Ursaluna|34\/100 brn|[from] brn\n|-fieldend|move: Trick Room\n|upkeep\n|turn|7\n|\n|t:|1697849617\n|-terastallize|p2b: Sinistcha|Water\n|move|p1a: Ursaluna|Protect||[still]\n|-fail|p1a: Ursaluna\n|move|p1b: Armarouge|Armor Cannon|p2b: Sinistcha\n|-resisted|p2b: Sinistcha\n|-damage|p2b: Sinistcha|48\/100\n|-unboost|p1b: Armarouge|def|1\n|-unboost|p1b: Armarouge|spd|1\n|-damage|p1b: Armarouge|81\/100|[from] item: Life Orb\n|move|p2b: Sinistcha|Matcha Gotcha|p1a: Ursaluna|[spread] p1a,p1b\n|-supereffective|p1a: Ursaluna\n|-damage|p1a: Ursaluna|0 fnt\n|-heal|p2b: Sinistcha|70\/100|[from] drain|[of] p1a: Ursaluna\n|-damage|p1b: Armarouge|29\/100\n|-heal|p2b: Sinistcha|98\/100|[from] drain|[of] p1b: Armarouge\n|faint|p1a: Ursaluna\n|move|p2a: Torkoal|Flamethrower|p1b: Armarouge\n|-start|p1b: Armarouge|ability: Flash Fire\n|\n|upkeep\n|\n|t:|1697849634\n|switch|p1a: Ogerpon|Ogerpon-Wellspring, F|100\/100\n|turn|8\n|\n|t:|1697849656\n|switch|p2a: Roaring Moon|Roaring Moon|65\/100\n|move|p1b: Armarouge|Protect|p1b: Armarouge\n|-singleturn|p1b: Armarouge|Protect\n|move|p2b: Sinistcha|Rage Powder|p2b: Sinistcha\n|-singleturn|p2b: Sinistcha|move: Rage Powder\n|move|p1a: Ogerpon|Ivy Cudgel|p2a: Roaring Moon\n|-resisted|p2a: Roaring Moon\n|-damage|p2a: Roaring Moon|25\/100\n|\n|upkeep\n|turn|9\n|\n|t:|1697849697\n|move|p1a: Ogerpon|Spiky Shield|p1a: Ogerpon\n|-singleturn|p1a: Ogerpon|move: Protect\n|move|p2a: Roaring Moon|Protect|p2a: Roaring Moon\n|-singleturn|p2a: Roaring Moon|Protect\n|move|p1b: Armarouge|Armor Cannon|p2a: Roaring Moon\n|-activate|p2a: Roaring Moon|move: Protect\n|move|p2b: Sinistcha|Matcha Gotcha|p1a: Ogerpon|[spread] p1b\n|-activate|p1a: Ogerpon|move: Protect\n|-damage|p1b: Armarouge|0 fnt\n|-heal|p2b: Sinistcha|100\/100|[from] drain|[of] p1b: Armarouge\n|faint|p1b: Armarouge\n|\n|upkeep\n|\n|t:|1697849713\n|switch|p1b: Cresselia|Cresselia, F, shiny|100\/100\n|turn|10\n|\n|t:|1697849722\n|-end|p2a: Roaring Moon|Protosynthesis|[silent]\n|switch|p2a: Torkoal|Torkoal, F|85\/100\n|-weather|SunnyDay|[from] ability: Drought|[of] p2a: Torkoal\n|move|p1a: Ogerpon|Wood Hammer|p2b: Sinistcha\n|-supereffective|p2b: Sinistcha\n|-damage|p2b: Sinistcha|12\/100\n|-damage|p1a: Ogerpon|67\/100|[from] Recoil\n|move|p1b: Cresselia|Ice Beam|p2a: Torkoal\n|-resisted|p2a: Torkoal\n|-damage|p2a: Torkoal|70\/100\n|move|p2b: Sinistcha|Strength Sap|p1a: Ogerpon\n|-unboost|p1a: Ogerpon|atk|1\n|-heal|p2b: Sinistcha|100\/100\n|\n|-weather|SunnyDay|[upkeep]\n|upkeep\n|turn|11\n|\n|t:|1697849779\n|switch|p1a: Torkoal|Torkoal, F, shiny|100\/100\n|move|p2b: Sinistcha|Matcha Gotcha|p1b: Cresselia|[spread] p1a,p1b\n|-resisted|p1a: Torkoal\n|-damage|p1a: Torkoal|85\/100\n|-damage|p1b: Cresselia|84\/100\n|move|p2a: Torkoal|Flamethrower|p1b: Cresselia\n|-damage|p1b: Cresselia|48\/100\n|move|p1b: Cresselia|Trick Room|p1b: Cresselia\n|-fieldstart|move: Trick Room|[of] p1b: Cresselia\n|\n|-weather|SunnyDay|[upkeep]\n|upkeep\n|turn|12\n|\n|t:|1697849840\n|move|p1a: Torkoal|Protect|p1a: Torkoal\n|-singleturn|p1a: Torkoal|Protect\n|move|p2b: Sinistcha|Protect|p2b: Sinistcha\n|-singleturn|p2b: Sinistcha|Protect\n|move|p2a: Torkoal|Flamethrower|p1a: Torkoal\n|-activate|p1a: Torkoal|move: Protect\n|move|p1b: Cresselia|Lunar Blessing|p1b: Cresselia|[spread] p1a,p1b\n|-heal|p1a: Torkoal|100\/100\n|-heal|p1b: Cresselia|73\/100\n|\n|-weather|SunnyDay|[upkeep]\n|upkeep\n|turn|13\n|\n|t:|1697849862\n|move|p2a: Torkoal|Protect|p2a: Torkoal\n|-singleturn|p2a: Torkoal|Protect\n|move|p1a: Torkoal|Eruption|p2b: Sinistcha|[spread] p2b\n|-activate|p2a: Torkoal|move: Protect\n|-resisted|p2b: Sinistcha\n|-damage|p2b: Sinistcha|48\/100\n|move|p2b: Sinistcha|Strength Sap|p1b: Cresselia\n|-unboost|p1b: Cresselia|atk|1\n|-heal|p2b: Sinistcha|90\/100\n|-enditem|p1b: Cresselia|White Herb\n|-clearnegativeboost|p1b: Cresselia|[silent]\n|move|p1b: Cresselia|Psyshock|p2b: Sinistcha\n|-damage|p2b: Sinistcha|70\/100\n|\n|-weather|SunnyDay|[upkeep]\n|upkeep\n|turn|14\n|\n|t:|1697849901\n|move|p2b: Sinistcha|Protect|p2b: Sinistcha\n|-singleturn|p2b: Sinistcha|Protect\n|move|p2a: Torkoal|Flamethrower|p1a: Torkoal\n|-resisted|p1a: Torkoal\n|-damage|p1a: Torkoal|64\/100\n|move|p1a: Torkoal|Earth Power|p2a: Torkoal\n|-supereffective|p2a: Torkoal\n|-enditem|p2a: Torkoal|Shuca Berry|[eat]\n|-enditem|p2a: Torkoal|Shuca Berry|[weaken]\n|-damage|p2a: Torkoal|40\/100\n|move|p1b: Cresselia|Lunar Blessing|p1b: Cresselia|[spread] p1a,p1b\n|-heal|p1a: Torkoal|89\/100\n|-heal|p1b: Cresselia|98\/100\n|\n|-weather|none\n|upkeep\n|turn|15\n|\n|t:|1697849935\n|move|p2b: Sinistcha|Rage Powder|p2b: Sinistcha\n|-singleturn|p2b: Sinistcha|move: Rage Powder\n|move|p1a: Torkoal|Eruption|p2a: Torkoal|[spread] p2a,p2b\n|-resisted|p2a: Torkoal\n|-resisted|p2b: Sinistcha\n|-damage|p2a: Torkoal|7\/100\n|-damage|p2b: Sinistcha|41\/100\n|move|p2a: Torkoal|Flamethrower|p1a: Torkoal\n|-resisted|p1a: Torkoal\n|-damage|p1a: Torkoal|62\/100\n|move|p1b: Cresselia|Lunar Blessing|p1b: Cresselia|[spread] p1a,p1b\n|-heal|p1a: Torkoal|87\/100\n|-heal|p1b: Cresselia|100\/100\n|\n|-fieldend|move: Trick Room\n|upkeep\n|turn|16\n|\n|t:|1697849977\n|move|p1a: Torkoal|Protect|p1a: Torkoal\n|-singleturn|p1a: Torkoal|Protect\n|move|p2b: Sinistcha|Strength Sap|p1b: Cresselia\n|-unboost|p1b: Cresselia|atk|1\n|-heal|p2b: Sinistcha|83\/100\n|move|p2a: Torkoal|Flamethrower|p1b: Cresselia\n|-damage|p1b: Cresselia|75\/100\n|move|p1b: Cresselia|Trick Room|p1b: Cresselia\n|-fieldstart|move: Trick Room|[of] p1b: Cresselia\n|\n|upkeep\n|turn|17\n|\n|t:|1697850000\n|move|p2a: Torkoal|Protect|p2a: Torkoal\n|-singleturn|p2a: Torkoal|Protect\n|move|p2b: Sinistcha|Protect|p2b: Sinistcha\n|-singleturn|p2b: Sinistcha|Protect\n|move|p1a: Torkoal|Eruption|p2a: Torkoal|[spread] \n|-activate|p2a: Torkoal|move: Protect\n|-activate|p2b: Sinistcha|move: Protect\n|move|p1b: Cresselia|Psyshock|p2b: Sinistcha\n|-activate|p2b: Sinistcha|move: Protect\n|\n|upkeep\n|turn|18\n|\n|t:|1697850032\n|move|p2a: Torkoal|Flamethrower|p1b: Cresselia\n|-damage|p1b: Cresselia|50\/100\n|-status|p1b: Cresselia|brn\n|move|p1a: Torkoal|Eruption|p2b: Sinistcha|[spread] p2a,p2b\n|-resisted|p2a: Torkoal\n|-resisted|p2b: Sinistcha\n|-damage|p2a: Torkoal|0 fnt\n|-damage|p2b: Sinistcha|52\/100\n|faint|p2a: Torkoal\n|move|p2b: Sinistcha|Matcha Gotcha|p1a: Torkoal|[spread] p1a\n|-miss|p2b: Sinistcha|p1b: Cresselia\n|-resisted|p1a: Torkoal\n|-damage|p1a: Torkoal|69\/100\n|-heal|p2b: Sinistcha|61\/100|[from] drain|[of] p1a: Torkoal\n|move|p1b: Cresselia|Psyshock|p2b: Sinistcha\n|-damage|p2b: Sinistcha|39\/100\n|\n|-damage|p1b: Cresselia|44\/100 brn|[from] brn\n|upkeep\n|\n|t:|1697850065\n|switch|p2a: Ogerpon|Ogerpon-Hearthflame, F|100\/100\n|-ability|p2a: Ogerpon|Mold Breaker\n|turn|19\n|\n|t:|1697850076\n|move|p2b: Sinistcha|Protect|p2b: Sinistcha\n|-singleturn|p2b: Sinistcha|Protect\n|move|p2a: Ogerpon|Spiky Shield|p2a: Ogerpon\n|-singleturn|p2a: Ogerpon|move: Protect\n|move|p1a: Torkoal|Eruption|p2a: Ogerpon|[spread] \n|-activate|p2a: Ogerpon|move: Protect\n|-activate|p2b: Sinistcha|move: Protect\n|move|p1b: Cresselia|Lunar Blessing|p1b: Cresselia|[spread] p1a,p1b\n|-heal|p1a: Torkoal|94\/100\n|-heal|p1b: Cresselia|69\/100 brn\n|-curestatus|p1b: Cresselia|brn|[msg]\n|\n|upkeep\n|turn|20\n|\n|t:|1697850100\n|switch|p2b: Tornadus|Tornadus, M|100\/100\n|move|p2a: Ogerpon|Follow Me|p2a: Ogerpon\n|-singleturn|p2a: Ogerpon|move: Follow Me\n|move|p1a: Torkoal|Eruption|p2a: Ogerpon|[spread] p2a,p2b\n|-damage|p2a: Ogerpon|35\/100\n|-damage|p2b: Tornadus|56\/100\n|move|p1b: Cresselia|Lunar Blessing|p1b: Cresselia|[spread] p1a,p1b\n|-heal|p1a: Torkoal|100\/100\n|-heal|p1b: Cresselia|94\/100\n|\n|-fieldend|move: Trick Room\n|upkeep\n|turn|21\n|\n|t:|1697850132\n|move|p1a: Torkoal|Protect|p1a: Torkoal\n|-singleturn|p1a: Torkoal|Protect\n|move|p2a: Ogerpon|Wood Hammer|p1b: Cresselia\n|-damage|p1b: Cresselia|44\/100\n|-damage|p2a: Ogerpon|10\/100|[from] Recoil\n|move|p2b: Tornadus|Bleakwind Storm|p1b: Cresselia|[spread] \n|-activate|p1a: Torkoal|move: Protect\n|-miss|p2b: Tornadus|p1b: Cresselia\n|move|p1b: Cresselia|Trick Room|p1b: Cresselia\n|-fieldstart|move: Trick Room|[of] p1b: Cresselia\n|\n|upkeep\n|turn|22\n|\n|t:|1697850161\n|switch|p2a: Sinistcha|Sinistcha-Masterpiece, tera:Water|39\/100\n|-heal|p2b: Tornadus|81\/100|[from] ability: Hospitality|[of] p2a: Sinistcha\n|move|p2b: Tornadus|Protect|p2b: Tornadus\n|-singleturn|p2b: Tornadus|Protect\n|move|p1a: Torkoal|Eruption|p2a: Sinistcha|[spread] p2a\n|-activate|p2b: Tornadus|move: Protect\n|-resisted|p2a: Sinistcha\n|-damage|p2a: Sinistcha|6\/100\n|move|p1b: Cresselia|Lunar Blessing|p1b: Cresselia|[spread] p1a,p1b\n|-heal|p1b: Cresselia|69\/100\n|\n|upkeep\n|turn|23\n|\n|t:|1697850190\n|switch|p2b: Ogerpon|Ogerpon-Hearthflame, F|10\/100\n|-ability|p2b: Ogerpon|Mold Breaker\n|move|p2a: Sinistcha|Protect|p2a: Sinistcha\n|-singleturn|p2a: Sinistcha|Protect\n|move|p1a: Torkoal|Flamethrower|p2b: Ogerpon\n|-damage|p2b: Ogerpon|0 fnt\n|faint|p2b: Ogerpon\n|move|p1b: Cresselia|Psyshock|p2a: Sinistcha\n|-activate|p2a: Sinistcha|move: Protect\n|\n|upkeep\n|\n|t:|1697850206\n|switch|p2b: Tornadus|Tornadus, M|81\/100\n|turn|24\n|\n|t:|1697850234\n|move|p2b: Tornadus|Protect|p2b: Tornadus\n|-singleturn|p2b: Tornadus|Protect\n|move|p2a: Sinistcha|Rage Powder|p2a: Sinistcha\n|-singleturn|p2a: Sinistcha|move: Rage Powder\n|move|p1a: Torkoal|Flamethrower|p2a: Sinistcha\n|-resisted|p2a: Sinistcha\n|-damage|p2a: Sinistcha|0 fnt\n|faint|p2a: Sinistcha\n|move|p1b: Cresselia|Ice Beam|p2b: Tornadus\n|-activate|p2b: Tornadus|move: Protect\n|\n|upkeep\n|\n|t:|1697850237\n|switch|p2a: Roaring Moon|Roaring Moon|25\/100\n|turn|25\n|\n|t:|1697850255\n|move|p2a: Roaring Moon|Protect|p2a: Roaring Moon\n|-singleturn|p2a: Roaring Moon|Protect\n|move|p2b: Tornadus|Sunny Day|p2b: Tornadus\n|-weather|SunnyDay\n|-activate|p2a: Roaring Moon|ability: Protosynthesis\n|-start|p2a: Roaring Moon|protosynthesisatk\n|move|p1a: Torkoal|Flamethrower|p2b: Tornadus\n|-damage|p2b: Tornadus|26\/100\n|-enditem|p2b: Tornadus|Sitrus Berry|[eat]\n|-heal|p2b: Tornadus|51\/100|[from] item: Sitrus Berry\n|move|p1b: Cresselia|Ice Beam|p2a: Roaring Moon\n|-activate|p2a: Roaring Moon|move: Protect\n|\n|-weather|SunnyDay|[upkeep]\n|-fieldend|move: Trick Room\n|upkeep\n|turn|26\n|\n|t:|1697850277\n|move|p1a: Torkoal|Protect|p1a: Torkoal\n|-singleturn|p1a: Torkoal|Protect\n|move|p2a: Roaring Moon|Knock Off|p1b: Cresselia\n|-supereffective|p1b: Cresselia\n|-damage|p1b: Cresselia|0 fnt\n|faint|p1b: Cresselia\n|move|p2b: Tornadus|Bleakwind Storm|p1a: Torkoal\n|-activate|p1a: Torkoal|move: Protect\n|\n|-weather|SunnyDay|[upkeep]\n|upkeep\n|\n|t:|1697850286\n|switch|p1b: Ogerpon|Ogerpon-Wellspring, F|67\/100\n|turn|27\n|\n|t:|1697850306\n|move|p1b: Ogerpon|Spiky Shield|p1b: Ogerpon\n|-singleturn|p1b: Ogerpon|move: Protect\n|move|p2a: Roaring Moon|Protect|p2a: Roaring Moon\n|-singleturn|p2a: Roaring Moon|Protect\n|move|p2b: Tornadus|Bleakwind Storm|p1a: Torkoal|[spread] p1a\n|-activate|p1b: Ogerpon|move: Protect\n|-damage|p1a: Torkoal|60\/100\n|-unboost|p1a: Torkoal|spe|1\n|move|p1a: Torkoal|Eruption|p2b: Tornadus|[spread] p2b\n|-activate|p2a: Roaring Moon|move: Protect\n|-damage|p2b: Tornadus|10\/100\n|\n|-weather|SunnyDay|[upkeep]\n|upkeep\n|turn|28\n|\n|t:|1697850328\n|move|p1b: Ogerpon|Follow Me|p1b: Ogerpon\n|-singleturn|p1b: Ogerpon|move: Follow Me\n|move|p2b: Tornadus|Tailwind|p2b: Tornadus\n|-sidestart|p2: GBarmada|move: Tailwind\n|move|p2a: Roaring Moon|Dragon Claw|p1b: Ogerpon\n|-damage|p1b: Ogerpon|0 fnt\n|faint|p1b: Ogerpon\n|move|p1a: Torkoal|Flamethrower|p2a: Roaring Moon\n|-resisted|p2a: Roaring Moon\n|-damage|p2a: Roaring Moon|0 fnt\n|faint|p2a: Roaring Moon\n|-end|p2a: Roaring Moon|Protosynthesis|[silent]\n|\n|-weather|SunnyDay|[upkeep]\n|upkeep\n|\n|t:|1697850335\n|switch|p2a: Flutter Mane|Flutter Mane|100\/100\n|-activate|p2a: Flutter Mane|ability: Protosynthesis\n|-start|p2a: Flutter Mane|protosynthesisspa\n|turn|29\n|\n|t:|1697850343\n|move|p2a: Flutter Mane|Shadow Ball|p1a: Torkoal\n|-damage|p1a: Torkoal|0 fnt\n|faint|p1a: Torkoal\n|\n|win|GBarmada\n|raw|siloxar's rating: 1307 &rarr; <strong>1292<\/strong><br \/>(-15 for losing)\n|raw|GBarmada's rating: 1397 &rarr; <strong>1412<\/strong><br \/>(+15 for winning)\n|l|\u2606siloxar\n|c|\u2606GBarmada|GG WP\n","uploadtime":1697850404,"views":25,"p1id":"siloxar","p2id":"gbarmada","formatid":"gen9doublesou","rating":1292,"private":0,"password":""}