{"id":"gen9doublesou-1985863459","p1":"FlaringFox64","p2":"StankyBlanky","format":"[Gen 9] Doubles OU","log":"|j|\u2606FlaringFox64\n|j|\u2606StankyBlanky\n|t:|1699414657\n|gametype|doubles\n|player|p1|FlaringFox64|169|1090\n|player|p2|StankyBlanky|skier|1000\n|teamsize|p1|6\n|teamsize|p2|6\n|gen|9\n|tier|[Gen 9] Doubles OU\n|rated|\n|rule|Species Clause: Limit one of each Pok\u00e9mon\n|rule|OHKO Clause: OHKO moves are banned\n|rule|Evasion Moves Clause: Evasion moves are banned\n|rule|Gravity Sleep Clause: The combination of sleep-inducing moves with imperfect accuracy and Gravity or Gigantamax Orbeetle are banned\n|rule|Endless Battle Clause: Forcing endless battles is banned\n|rule|HP Percentage Mod: HP is shown in percentages\n|clearpoke\n|poke|p1|Corviknight, F|\n|poke|p1|Ceruledge, F|\n|poke|p1|Diancie|\n|poke|p1|Greninja-*, M|\n|poke|p1|Clefable, F|\n|poke|p1|Kommo-o, M|\n|poke|p2|Ninetales-Alola, F|\n|poke|p2|Glaceon, F|\n|poke|p2|Sandslash-Alola, M|\n|poke|p2|Gyarados, F|\n|poke|p2|Tsareena, F|\n|poke|p2|Grimmsnarl, M|\n|teampreview\n|inactive|Battle timer is ON: inactive players will automatically lose when time's up. (requested by FlaringFox64)\n|\n|t:|1699414670\n|start\n|switch|p1a: Corviknight|Corviknight, F|100\/100\n|switch|p1b: Diancie|Diancie|100\/100\n|switch|p2a: Ninetales|Ninetales-Alola, F|100\/100\n|switch|p2b: Sandslash|Sandslash-Alola, M|100\/100\n|-weather|Snow|[from] ability: Snow Warning|[of] p2a: Ninetales\n|turn|1\n|\n|t:|1699414691\n|move|p2b: Sandslash|Iron Head|p1b: Diancie\n|-supereffective|p1b: Diancie\n|-damage|p1b: Diancie|14\/100\n|move|p2a: Ninetales|Aurora Veil|p2a: Ninetales\n|-sidestart|p2: StankyBlanky|move: Aurora Veil\n|move|p1a: Corviknight|Light Screen|p1a: Corviknight\n|-sidestart|p1: FlaringFox64|move: Light Screen\n|move|p1b: Diancie|Reflect|p1b: Diancie\n|-sidestart|p1: FlaringFox64|Reflect\n|\n|-weather|Snow|[upkeep]\n|-heal|p1b: Diancie|20\/100|[from] item: Leftovers\n|upkeep\n|turn|2\n|\n|t:|1699414711\n|-terastallize|p2a: Ninetales|Steel\n|move|p2b: Sandslash|Iron Head|p1b: Diancie\n|-supereffective|p1b: Diancie\n|-damage|p1b: Diancie|0 fnt\n|faint|p1b: Diancie\n|move|p2a: Ninetales|Freeze-Dry|p1a: Corviknight\n|-damage|p1a: Corviknight|84\/100\n|move|p1a: Corviknight|Iron Defense|p1a: Corviknight\n|-boost|p1a: Corviknight|def|2\n|\n|-weather|Snow|[upkeep]\n|upkeep\n|\n|t:|1699414724\n|switch|p1b: Ceruledge|Ceruledge, F|100\/100\n|turn|3\n|\n|t:|1699414734\n|move|p2a: Ninetales|Helping Hand|p2b: Sandslash\n|-singleturn|p2b: Sandslash|Helping Hand|[of] p2a: Ninetales\n|move|p2b: Sandslash|Knock Off|p1b: Ceruledge\n|-supereffective|p1b: Ceruledge\n|-damage|p1b: Ceruledge|11\/100\n|-enditem|p1b: Ceruledge|Leftovers|[from] move: Knock Off|[of] p2b: Sandslash\n|move|p1b: Ceruledge|Bitter Blade|p2a: Ninetales\n|-supereffective|p2a: Ninetales\n|-damage|p2a: Ninetales|10\/100\n|-heal|p1b: Ceruledge|56\/100|[from] drain|[of] p2a: Ninetales\n|move|p1a: Corviknight|Iron Defense|p1a: Corviknight\n|-boost|p1a: Corviknight|def|2\n|\n|-weather|Snow|[upkeep]\n|upkeep\n|turn|4\n|\n|t:|1699414752\n|move|p2a: Ninetales|Helping Hand|p2b: Sandslash\n|-singleturn|p2b: Sandslash|Helping Hand|[of] p2a: Ninetales\n|move|p2b: Sandslash|Knock Off|p1b: Ceruledge\n|-supereffective|p1b: Ceruledge\n|-damage|p1b: Ceruledge|0 fnt\n|faint|p1b: Ceruledge\n|move|p1a: Corviknight|Body Press|p2a: Ninetales\n|-supereffective|p2a: Ninetales\n|-damage|p2a: Ninetales|0 fnt\n|faint|p2a: Ninetales\n|\n|-weather|Snow|[upkeep]\n|upkeep\n|\n|t:|1699414776\n|switch|p2a: Glaceon|Glaceon, F, shiny|100\/100\n|switch|p1b: Clefable|Clefable, F|100\/100\n|turn|5\n|\n|t:|1699414788\n|move|p2b: Sandslash|Knock Off|p1a: Corviknight\n|-damage|p1a: Corviknight|80\/100\n|-enditem|p1a: Corviknight|Light Clay|[from] move: Knock Off|[of] p2b: Sandslash\n|move|p1a: Corviknight|Iron Defense|p1a: Corviknight\n|-boost|p1a: Corviknight|def|2\n|move|p2a: Glaceon|Blizzard|p1a: Corviknight|[spread] p1a,p1b\n|-damage|p1a: Corviknight|54\/100\n|-damage|p1b: Clefable|83\/100\n|move|p1b: Clefable|Flamethrower|p2b: Sandslash\n|-supereffective|p2b: Sandslash\n|-damage|p2b: Sandslash|43\/100\n|\n|-weather|none\n|-sideend|p1: FlaringFox64|Reflect\n|-sideend|p2: StankyBlanky|move: Aurora Veil\n|upkeep\n|turn|6\n|\n|t:|1699414809\n|move|p2b: Sandslash|Knock Off|p1b: Clefable\n|-resisted|p1b: Clefable\n|-damage|p1b: Clefable|67\/100\n|-enditem|p1b: Clefable|Wide Lens|[from] move: Knock Off|[of] p2b: Sandslash\n|move|p1a: Corviknight|Body Press|p2a: Glaceon\n|-supereffective|p2a: Glaceon\n|-damage|p2a: Glaceon|0 fnt\n|faint|p2a: Glaceon\n|move|p1b: Clefable|Flamethrower|p2b: Sandslash\n|-supereffective|p2b: Sandslash\n|-damage|p2b: Sandslash|0 fnt\n|faint|p2b: Sandslash\n|\n|upkeep\n|inactive|StankyBlanky has 120 seconds left.\n|\n|t:|1699414828\n|switch|p2b: Grimmsnarl|Grimmsnarl, M|100\/100\n|switch|p2a: Gyarados|Gyarados, F|100\/100\n|-ability|p2a: Gyarados|Intimidate|boost\n|-ability|p1a: Corviknight|Mirror Armor\n|-unboost|p2a: Gyarados|atk|1\n|-unboost|p1b: Clefable|atk|1\n|turn|7\n|\n|t:|1699414843\n|move|p2b: Grimmsnarl|Fake Out|p1a: Corviknight\n|-resisted|p1a: Corviknight\n|-damage|p1a: Corviknight|53\/100\n|move|p2a: Gyarados|Dragon Dance|p2a: Gyarados\n|-boost|p2a: Gyarados|atk|1\n|-boost|p2a: Gyarados|spe|1\n|cant|p1a: Corviknight|flinch\n|move|p1b: Clefable|Blizzard|p2b: Grimmsnarl|[spread] p2a\n|-miss|p1b: Clefable|p2b: Grimmsnarl\n|-crit|p2a: Gyarados\n|-damage|p2a: Gyarados|75\/100\n|\n|upkeep\n|turn|8\n|inactive|StankyBlanky has 120 seconds left.\n|\n|t:|1699414886\n|move|p2b: Grimmsnarl|Parting Shot|p1a: Corviknight\n|-ability|p1a: Corviknight|Mirror Armor\n|-unboost|p2b: Grimmsnarl|atk|1\n|-ability|p1a: Corviknight|Mirror Armor\n|-unboost|p2b: Grimmsnarl|spa|1\n|\n|t:|1699414894\n|switch|p2b: Tsareena|Tsareena, F, shiny|100\/100|[from] Parting Shot\n|move|p2a: Gyarados|Waterfall|p1b: Clefable\n|-damage|p1b: Clefable|6\/100\n|-damage|p2a: Gyarados|65\/100|[from] item: Life Orb\n|move|p1a: Corviknight|Roost|p1a: Corviknight\n|-heal|p1a: Corviknight|100\/100\n|-singleturn|p1a: Corviknight|move: Roost\n|cant|p1b: Clefable|flinch\n|\n|-sideend|p1: FlaringFox64|move: Light Screen\n|upkeep\n|turn|9\n|inactive|StankyBlanky has 120 seconds left.\n|\n|t:|1699414914\n|move|p2a: Gyarados|Waterfall|p1b: Clefable\n|-damage|p1b: Clefable|0 fnt\n|faint|p1b: Clefable\n|-damage|p2a: Gyarados|55\/100|[from] item: Life Orb\n|move|p2b: Tsareena|Trailblaze|p1a: Corviknight\n|-resisted|p1a: Corviknight\n|-damage|p1a: Corviknight|99\/100\n|-boost|p2b: Tsareena|spe|1\n|move|p1a: Corviknight|Body Press|p2a: Gyarados\n|-resisted|p2a: Gyarados\n|-damage|p2a: Gyarados|2\/100\n|\n|upkeep\n|\n|t:|1699414930\n|switch|p1b: Greninja|Greninja, M|100\/100\n|turn|10\n|\n|t:|1699414953\n|move|p1b: Greninja|Blizzard|p2b: Tsareena|[spread] p2a\n|-miss|p1b: Greninja|p2b: Tsareena\n|-damage|p2a: Gyarados|0 fnt\n|faint|p2a: Gyarados\n|-ability|p1b: Greninja|Battle Bond|boost\n|-boost|p1b: Greninja|atk|1\n|-boost|p1b: Greninja|spa|1\n|-boost|p1b: Greninja|spe|1\n|-activate|p1b: Greninja|ability: Battle Bond\n|move|p2b: Tsareena|Trailblaze|p1b: Greninja\n|-supereffective|p1b: Greninja\n|-damage|p1b: Greninja|3\/100\n|-boost|p2b: Tsareena|spe|1\n|move|p1a: Corviknight|Body Press|p2b: Tsareena\n|-crit|p2b: Tsareena\n|-damage|p2b: Tsareena|0 fnt\n|faint|p2b: Tsareena\n|\n|upkeep\n|c|\u2606FlaringFox64|meow\n|inactive|StankyBlanky has 120 seconds left.\n|c|\u2606StankyBlanky|stanky is out\n|c|\u2606FlaringFox64|gg\n|c|\u2606StankyBlanky|of the building\n|\n|t:|1699414986\n|switch|p2a: Grimmsnarl|Grimmsnarl, M|100\/100\n|turn|11\n|c|\u2606StankyBlanky|check it\n|c|\u2606StankyBlanky|check it\n|\n|t:|1699414994\n|move|p2a: Grimmsnarl|Parting Shot|p1b: Greninja\n|-hint|Since gen 7, Dark is immune to Prankster moves.\n|-immune|p1b: Greninja\n|move|p1b: Greninja|Blizzard|p2a: Grimmsnarl\n|-damage|p2a: Grimmsnarl|55\/100\n|move|p1a: Corviknight|Body Press|p2a: Grimmsnarl\n|-damage|p2a: Grimmsnarl|0 fnt\n|faint|p2a: Grimmsnarl\n|\n|win|FlaringFox64\n|raw|FlaringFox64's rating: 1090 &rarr; <strong>1110<\/strong><br \/>(+20 for winning)\n|raw|StankyBlanky's rating: 1000 &rarr; <strong>1000<\/strong><br \/>(+0 for losing)\n|c|\u2606StankyBlanky|ggs\n|l|\u2606StankyBlanky\n","uploadtime":1699415018,"views":9,"p1id":"flaringfox64","p2id":"stankyblanky","formatid":"gen9doublesou","rating":1000,"private":0,"password":""}