{"id":"gen9doublesou-1972402102","p1":"DratiniKing10","p2":"americanboi69","format":"[Gen 9] Doubles OU","log":"|j|\u2606DratiniKing10\n|j|\u2606americanboi69\n|t:|1697838921\n|gametype|doubles\n|player|p1|DratiniKing10|lucas|1220\n|player|p2|americanboi69|lucas|1156\n|teamsize|p1|6\n|teamsize|p2|6\n|gen|9\n|tier|[Gen 9] Doubles OU\n|rated|\n|rule|Species Clause: Limit one of each Pok\u00e9mon\n|rule|OHKO Clause: OHKO moves are banned\n|rule|Evasion Moves Clause: Evasion moves are banned\n|rule|Gravity Sleep Clause: The combination of sleep-inducing moves with imperfect accuracy and Gravity or Gigantamax Orbeetle are banned\n|rule|Endless Battle Clause: Forcing endless battles is banned\n|rule|HP Percentage Mod: HP is shown in percentages\n|clearpoke\n|poke|p1|Ting-Lu|\n|poke|p1|Arcanine, M|\n|poke|p1|Kingambit, M|\n|poke|p1|Tornadus, M|\n|poke|p1|Sneasler, M|\n|poke|p1|Ogerpon-Wellspring, F|\n|poke|p2|Maushold-Four|\n|poke|p2|Chansey, F|\n|poke|p2|Krookodile, M|\n|poke|p2|Flamigo, F|\n|poke|p2|Meowscarada, F|\n|poke|p2|Kingambit, M|\n|teampreview\n|inactive|Battle timer is ON: inactive players will automatically lose when time's up. (requested by americanboi69)\n|\n|t:|1697838928\n|start\n|switch|p1a: Miles|Tornadus, M|100\/100\n|switch|p1b: Tavi|Sneasler, M|100\/100\n|switch|p2a: Meowscarada|Meowscarada, F|100\/100\n|switch|p2b: Krookodile|Krookodile, M|100\/100\n|turn|1\n|inactive|americanboi69 has 120 seconds left.\n|\n|t:|1697838959\n|-terastallize|p2b: Krookodile|Rock\n|move|p1b: Tavi|Fake Out|p2b: Krookodile\n|-resisted|p2b: Krookodile\n|-damage|p2b: Krookodile|90\/100\n|move|p1a: Miles|Tailwind|p1a: Miles\n|-sidestart|p1: DratiniKing10|move: Tailwind\n|move|p2a: Meowscarada|Flower Trick|p2b: Krookodile\n|-supereffective|p2b: Krookodile\n|-crit|p2b: Krookodile\n|-damage|p2b: Krookodile|3\/100\n|-setboost|p2b: Krookodile|atk|6|[from] ability: Anger Point\n|-enditem|p2b: Krookodile|Salac Berry|[eat]\n|-boost|p2b: Krookodile|spe|1|[from] item: Salac Berry\n|cant|p2b: Krookodile|flinch\n|\n|upkeep\n|turn|2\n|\n|t:|1697838977\n|switch|p2a: Flamigo|Flamigo, F|100\/100\n|-copyboost|p2a: Flamigo|p2b: Krookodile|[from] ability: Costar\n|move|p2b: Krookodile|Protect|p2b: Krookodile\n|-singleturn|p2b: Krookodile|Protect\n|move|p1a: Miles|Rain Dance|p1a: Miles\n|-weather|RainDance\n|move|p1b: Tavi|Dire Claw|p2a: Flamigo\n|-damage|p2a: Flamigo|38\/100\n|\n|-weather|RainDance|[upkeep]\n|upkeep\n|turn|3\n|inactive|americanboi69 has 120 seconds left.\n|\n|t:|1697839020\n|move|p1b: Tavi|Protect|p1b: Tavi\n|-singleturn|p1b: Tavi|Protect\n|move|p1a: Miles|Bleakwind Storm|p2a: Flamigo|[spread] p2a,p2b\n|-supereffective|p2a: Flamigo\n|-resisted|p2b: Krookodile\n|-damage|p2a: Flamigo|0 fnt\n|-damage|p2b: Krookodile|0 fnt\n|faint|p2a: Flamigo\n|faint|p2b: Krookodile\n|\n|-weather|RainDance|[upkeep]\n|upkeep\n|\n|t:|1697839035\n|switch|p2b: Chansey|Chansey, F|100\/100\n|switch|p2a: Maushold|Maushold-Four|100\/100\n|turn|4\n|inactive|americanboi69 has 120 seconds left.\n|\n|t:|1697839055\n|move|p1b: Tavi|Close Combat|p2a: Maushold\n|-supereffective|p2a: Maushold\n|-damage|p2a: Maushold|0 fnt\n|-unboost|p1b: Tavi|def|1\n|-unboost|p1b: Tavi|spd|1\n|faint|p2a: Maushold\n|move|p1a: Miles|Bleakwind Storm|p2b: Chansey\n|-damage|p2b: Chansey|87\/100\n|move|p2b: Chansey|Heal Pulse|p2: Maushold|[notarget]\n|-fail|p2b: Chansey\n|\n|-weather|RainDance|[upkeep]\n|-sideend|p1: DratiniKing10|move: Tailwind\n|upkeep\n|\n|t:|1697839063\n|switch|p2a: Kingambit|Kingambit, M|100\/100\n|-activate|p2a: Kingambit|ability: Supreme Overlord\n|-start|p2a: Kingambit|fallen3|[silent]\n|turn|5\n|\n|t:|1697839074\n|move|p2a: Kingambit|Sucker Punch|p1a: Miles\n|-damage|p1a: Miles|60\/100\n|move|p1b: Tavi|Close Combat|p2a: Kingambit\n|-supereffective|p2a: Kingambit\n|-enditem|p2a: Kingambit|Focus Sash\n|-damage|p2a: Kingambit|1\/100\n|-unboost|p1b: Tavi|def|1\n|-unboost|p1b: Tavi|spd|1\n|move|p1a: Miles|Bleakwind Storm|p2a: Kingambit|[spread] p2a,p2b\n|-resisted|p2a: Kingambit\n|-damage|p2a: Kingambit|0 fnt\n|-damage|p2b: Chansey|78\/100\n|-unboost|p2b: Chansey|spe|1\n|faint|p2a: Kingambit\n|-end|p2a: Kingambit|fallen3|[silent]\n|move|p2b: Chansey|Calm Mind|p2b: Chansey\n|-boost|p2b: Chansey|spa|1\n|-boost|p2b: Chansey|spd|1\n|\n|-weather|RainDance|[upkeep]\n|upkeep\n|inactive|americanboi69 has 120 seconds left.\n|\n|t:|1697839089\n|switch|p2a: Meowscarada|Meowscarada, F|100\/100\n|turn|6\n|\n|t:|1697839100\n|move|p2b: Chansey|Protect|p2b: Chansey\n|-singleturn|p2b: Chansey|Protect\n|move|p1a: Miles|Tailwind|p1a: Miles\n|-sidestart|p1: DratiniKing10|move: Tailwind\n|move|p1b: Tavi|Dire Claw|p2a: Meowscarada\n|-supereffective|p2a: Meowscarada\n|-damage|p2a: Meowscarada|0 fnt\n|faint|p2a: Meowscarada\n|\n|-weather|none\n|upkeep\n|turn|7\n|-message|americanboi69 forfeited.\n|\n|win|DratiniKing10\n|raw|DratiniKing10's rating: 1220 &rarr; <strong>1240<\/strong><br \/>(+20 for winning)\n|raw|americanboi69's rating: 1156 &rarr; <strong>1136<\/strong><br \/>(-20 for losing)\n|l|\u2606americanboi69\n","uploadtime":1697839134,"views":7,"p1id":"dratiniking10","p2id":"americanboi69","formatid":"gen9doublesou","rating":1136,"private":0,"password":""}