{"id":"gen9doublesou-1992351148","p1":"IFROGGYzPE","p2":"Gen fiverrr","format":"[Gen 9] Doubles OU","log":"|j|\u2606IFROGGYzPE\n|j|\u2606Gen fiverrr\n|t:|1700177610\n|gametype|doubles\n|player|p1|IFROGGYzPE|pokemaniac|1095\n|player|p2|Gen fiverrr|alder|1124\n|teamsize|p1|6\n|teamsize|p2|6\n|gen|9\n|tier|[Gen 9] Doubles OU\n|rated|\n|rule|Species Clause: Limit one of each Pok\u00e9mon\n|rule|OHKO Clause: OHKO moves are banned\n|rule|Evasion Moves Clause: Evasion moves are banned\n|rule|Gravity Sleep Clause: The combination of sleep-inducing moves with imperfect accuracy and Gravity or Gigantamax Orbeetle are banned\n|rule|Endless Battle Clause: Forcing endless battles is banned\n|rule|HP Percentage Mod: HP is shown in percentages\n|clearpoke\n|poke|p1|Slowbro, F|\n|poke|p1|Weavile, F|\n|poke|p1|Slowking, M|\n|poke|p1|Iron Hands|\n|poke|p1|Corviknight, F|\n|poke|p1|Oranguru, M|\n|poke|p2|Stantler, M|\n|poke|p2|Articuno-Galar|\n|poke|p2|Sylveon, M|\n|poke|p2|Kleavor, F|\n|poke|p2|Tinkaton, F|\n|poke|p2|Empoleon, F|\n|teampreview\n|inactive|Battle timer is ON: inactive players will automatically lose when time's up. (requested by IFROGGYzPE)\n|\n|t:|1700177644\n|start\n|switch|p1a: Slowking|Slowking, M|100\/100\n|switch|p1b: Weavile|Weavile, F|100\/100\n|switch|p2a: Kleavor|Kleavor, F|100\/100\n|switch|p2b: Tinkaton|Tinkaton, F|100\/100\n|-ability|p1b: Weavile|Pressure\n|-ability|p2b: Tinkaton|Mold Breaker\n|turn|1\n|\n|t:|1700177662\n|move|p2b: Tinkaton|Fake Out|p1a: Slowking\n|-damage|p1a: Slowking|92\/100\n|move|p2a: Kleavor|Stone Axe|p1b: Weavile|[miss]\n|-miss|p2a: Kleavor|p1b: Weavile\n|move|p1b: Weavile|Fling|p1a: Slowking\n|-supereffective|p1a: Slowking\n|-damage|p1a: Slowking|85\/100\n|-boost|p1a: Slowking|spe|2|[from] item: Starf Berry\n|-enditem|p1a: Slowking|Weakness Policy\n|-boost|p1a: Slowking|atk|2|[from] item: Weakness Policy\n|-boost|p1a: Slowking|spa|2|[from] item: Weakness Policy\n|-enditem|p1b: Weavile|Starf Berry|[from] move: Fling\n|cant|p1a: Slowking|flinch\n|\n|upkeep\n|turn|2\n|\n|t:|1700177688\n|move|p2a: Kleavor|Stone Axe|p1b: Weavile\n|-supereffective|p1b: Weavile\n|-damage|p1b: Weavile|0 fnt\n|-sidestart|p1: IFROGGYzPE|move: Stealth Rock\n|faint|p1b: Weavile\n|move|p2b: Tinkaton|Thunder Wave|p1a: Slowking\n|-status|p1a: Slowking|par\n|move|p1a: Slowking|Iron Defense|p1a: Slowking\n|-boost|p1a: Slowking|def|2\n|\n|upkeep\n|inactive|IFROGGYzPE has 120 seconds left.\n|\n|t:|1700177709\n|switch|p1b: Corviknight|Corviknight, F, shiny|100\/100\n|-ability|p1b: Corviknight|Unnerve\n|-damage|p1b: Corviknight|88\/100|[from] Stealth Rock\n|turn|3\n|\n|t:|1700177718\n|switch|p2a: Sylveon|Sylveon, M|100\/100\n|move|p2b: Tinkaton|Encore|p1a: Slowking\n|-start|p1a: Slowking|Encore\n|move|p1b: Corviknight|Reflect|p1b: Corviknight\n|-sidestart|p1: IFROGGYzPE|Reflect\n|move|p1a: Slowking|Iron Defense|p1a: Slowking\n|-boost|p1a: Slowking|def|2\n|\n|upkeep\n|turn|4\n|\n|t:|1700177731\n|move|p2b: Tinkaton|Thunder Wave|p1b: Corviknight\n|-status|p1b: Corviknight|par\n|move|p2a: Sylveon|Psych Up|p1a: Slowking\n|-copyboost|p2a: Sylveon|p1a: Slowking|[from] move: Psych Up\n|cant|p1a: Slowking|par\n|cant|p1b: Corviknight|par\n|\n|upkeep\n|turn|5\n|inactive|IFROGGYzPE has 120 seconds left.\n|c|\u2606IFROGGYzPE|IJOLAGRANPERRAVOEYA IR NTU CASAS Y TE VOYAB MEMETER EP PIKOPOR LA PUNTA LA BOXA SAPO Y ALAS DACYSM\n|\n|t:|1700177779\n|switch|p2b: Stantler|Stantler, M|100\/100\n|-ability|p2b: Stantler|Intimidate|boost\n|-fail|p1a: Slowking|unboost|Attack|[from] ability: Oblivious|[of] p1a: Slowking\n|-unboost|p1b: Corviknight|atk|1\n|move|p2a: Sylveon|Hyper Voice|p1b: Corviknight|[spread] p1a,p1b\n|-resisted|p1b: Corviknight\n|-damage|p1a: Slowking|23\/100 par\n|-damage|p1b: Corviknight|52\/100 par\n|cant|p1a: Slowking|par\n|move|p1b: Corviknight|Light Screen|p1b: Corviknight\n|-sidestart|p1: IFROGGYzPE|move: Light Screen\n|\n|-end|p1a: Slowking|Encore\n|upkeep\n|turn|6\n|inactive|IFROGGYzPE has 120 seconds left.\n|c|\u2606Gen fiverrr|?\n|c|\u2606Gen fiverrr|No hablo espanola\n|inactive|Gen fiverrr has 120 seconds left.\n|\n|t:|1700177810\n|switch|p1b: Oranguru|Oranguru, M|100\/100\n|-damage|p1b: Oranguru|88\/100|[from] Stealth Rock\n|-terastallize|p1a: Slowking|Fairy\n|move|p2a: Sylveon|Hyper Voice|p1b: Oranguru|[spread] p1a,p1b\n|-damage|p1a: Slowking|0 fnt\n|-damage|p1b: Oranguru|48\/100\n|faint|p1a: Slowking\n|move|p2b: Stantler|Roar|p1b: Oranguru\n|drag|p1b: Slowbro|Slowbro, F|100\/100\n|-damage|p1b: Slowbro|88\/100|[from] Stealth Rock\n|\n|upkeep\n|\n|t:|1700177822\n|switch|p1a: Iron Hands|Iron Hands, shiny|100\/100\n|-damage|p1a: Iron Hands|94\/100|[from] Stealth Rock\n|-enditem|p1a: Iron Hands|Booster Energy\n|-activate|p1a: Iron Hands|ability: Quark Drive|[fromitem]\n|-start|p1a: Iron Hands|quarkdriveatk\n|turn|7\n|inactive|IFROGGYzPE has 120 seconds left.\n|inactive|Gen fiverrr has 120 seconds left.\n|\n|t:|1700177865\n|move|p1a: Iron Hands|Fake Out|p2a: Sylveon\n|-damage|p2a: Sylveon|89\/100\n|cant|p2a: Sylveon|flinch\n|move|p1b: Slowbro|Scald|p2a: Sylveon\n|-damage|p2a: Sylveon|68\/100\n|-status|p2a: Sylveon|brn\n|move|p2b: Stantler|Roar|p1a: Iron Hands\n|-end|p1a: Iron Hands|Quark Drive|[silent]\n|drag|p1a: Oranguru|Oranguru, M|48\/100\n|-damage|p1a: Oranguru|36\/100|[from] Stealth Rock\n|\n|-heal|p2a: Sylveon|74\/100 brn|[from] item: Leftovers\n|-damage|p2a: Sylveon|68\/100 brn|[from] brn\n|upkeep\n|turn|8\n|inactive|Gen fiverrr has 120 seconds left.\n|inactive|IFROGGYzPE has 120 seconds left.\n|\n|t:|1700177892\n|move|p2a: Sylveon|Hyper Voice|p1a: Oranguru|[spread] p1a,p1b\n|-crit|p1a: Oranguru\n|-damage|p1a: Oranguru|0 fnt\n|-damage|p1b: Slowbro|38\/100\n|faint|p1a: Oranguru\n|move|p1b: Slowbro|Psyshock|p2a: Sylveon\n|-damage|p2a: Sylveon|54\/100 brn\n|move|p2b: Stantler|Roar|p1b: Slowbro\n|drag|p1b: Iron Hands|Iron Hands, shiny|94\/100\n|-damage|p1b: Iron Hands|88\/100|[from] Stealth Rock\n|\n|-heal|p2a: Sylveon|60\/100 brn|[from] item: Leftovers\n|-damage|p2a: Sylveon|54\/100 brn|[from] brn\n|upkeep\n|\n|t:|1700177906\n|switch|p1a: Slowbro|Slowbro, F|71\/100\n|-damage|p1a: Slowbro|58\/100|[from] Stealth Rock\n|turn|9\n|inactive|IFROGGYzPE has 120 seconds left.\n|\n|t:|1700177924\n|switch|p2b: Tinkaton|Tinkaton, F|100\/100\n|-ability|p2b: Tinkaton|Mold Breaker\n|move|p1b: Iron Hands|Fake Out|p2a: Sylveon\n|-damage|p2a: Sylveon|45\/100 brn\n|cant|p2a: Sylveon|flinch\n|move|p1a: Slowbro|Scald|p2b: Tinkaton\n|-damage|p2b: Tinkaton|70\/100\n|\n|-heal|p2a: Sylveon|51\/100 brn|[from] item: Leftovers\n|-heal|p2b: Tinkaton|76\/100|[from] item: Leftovers\n|-damage|p2a: Sylveon|45\/100 brn|[from] brn\n|upkeep\n|turn|10\n|\n|t:|1700177949\n|-end|p1b: Iron Hands|Quark Drive|[silent]\n|switch|p1b: Corviknight|Corviknight, F, shiny|52\/100 par\n|-ability|p1b: Corviknight|Unnerve\n|-damage|p1b: Corviknight|40\/100 par|[from] Stealth Rock\n|move|p2b: Tinkaton|Fake Out|p1b: Corviknight\n|-resisted|p1b: Corviknight\n|-damage|p1b: Corviknight|37\/100 par\n|move|p2a: Sylveon|Hyper Voice|p1a: Slowbro|[spread] p1a,p1b\n|-resisted|p1b: Corviknight\n|-damage|p1a: Slowbro|11\/100\n|-damage|p1b: Corviknight|14\/100 par\n|move|p1a: Slowbro|Flamethrower|p2b: Tinkaton\n|-supereffective|p2b: Tinkaton\n|-damage|p2b: Tinkaton|31\/100\n|\n|-heal|p2a: Sylveon|51\/100 brn|[from] item: Leftovers\n|-heal|p2b: Tinkaton|37\/100|[from] item: Leftovers\n|-damage|p2a: Sylveon|45\/100 brn|[from] brn\n|-sideend|p1: IFROGGYzPE|Reflect\n|upkeep\n|turn|11\n|inactive|IFROGGYzPE has 120 seconds left.\n|\n|t:|1700177979\n|move|p2a: Sylveon|Hyper Voice|p1a: Slowbro|[spread] p1a,p1b\n|-resisted|p1b: Corviknight\n|-damage|p1a: Slowbro|0 fnt\n|-damage|p1b: Corviknight|0 fnt\n|faint|p1a: Slowbro\n|faint|p1b: Corviknight\n|move|p2b: Tinkaton|Gigaton Hammer|p1: Slowbro|[notarget]\n|-fail|p2b: Tinkaton\n|\n|-heal|p2a: Sylveon|51\/100 brn|[from] item: Leftovers\n|-heal|p2b: Tinkaton|43\/100|[from] item: Leftovers\n|-damage|p2a: Sylveon|45\/100 brn|[from] brn\n|upkeep\n|inactive|IFROGGYzPE has 120 seconds left.\n|\n|t:|1700177992\n|switch|p1b: Iron Hands|Iron Hands, shiny|88\/100\n|-damage|p1b: Iron Hands|82\/100|[from] Stealth Rock\n|turn|12\n|\n|t:|1700178002\n|move|p1b: Iron Hands|Fake Out|p2a: Sylveon\n|-damage|p2a: Sylveon|38\/100 brn\n|cant|p2a: Sylveon|flinch\n|move|p2b: Tinkaton|Encore|p1b: Iron Hands\n|-start|p1b: Iron Hands|Encore\n|\n|-heal|p2a: Sylveon|44\/100 brn|[from] item: Leftovers\n|-heal|p2b: Tinkaton|49\/100|[from] item: Leftovers\n|-damage|p2a: Sylveon|38\/100 brn|[from] brn\n|-sideend|p1: IFROGGYzPE|move: Light Screen\n|upkeep\n|turn|13\n|c|\u2606IFROGGYzPE|IJOLAGRANPERRAVOEYA IR NTU CASAS Y TE VOYAB MEMETER EP PIKOPOR LA PUNTA LA BOXA SAPO Y ALAS DACYSMIJOLAGRANPERRAVOEYA IR NTU CASAS Y TE VOYAB MEMETER EP PIKOPOR LA PUNTA LA BOXA SAPO Y ALAS DACYSM\n|n|\u203dIFROGGYzPE|ifroggyzpe\n|c|&|\/log IFROGGYzPE was locked from talking by Artemis. (\u2606IFROGGYzPE: IJOLAGRANPERRAVOEYA IR NTU CASAS Y TE VOYAB MEMETER EP PIKOPOR LA PUNTA LA BOXA SAPO Y ALAS DACYSMIJOLAGRANPERRAVOEYA IR NTU CASAS Y TE VOYAB MEMETER EP PIKOPOR LA PUNTA LA BOXA SAPO Y ALAS DACYSM)\n|c|&|\/raw <small>This action was done automatically. Want to learn more about the AI? <a href=\"https:\/\/www.smogon.com\/forums\/threads\/3570628\/#post-9056769\">Visit the information thread<\/a>.<\/small>\n|inactive|IFROGGYzPE has 120 seconds left.\n|\n|t:|1700178041\n|move|p1b: Iron Hands|Fake Out||[still]\n|-hint|Fake Out only works on your first turn out.\n|-fail|p1b: Iron Hands\n|move|p2a: Sylveon|Hyper Voice|p1b: Iron Hands\n|-supereffective|p1b: Iron Hands\n|-damage|p1b: Iron Hands|0 fnt\n|faint|p1b: Iron Hands\n|-end|p1b: Iron Hands|Quark Drive|[silent]\n|\n|win|Gen fiverrr\n|raw|IFROGGYzPE's rating: 1095 &rarr; <strong>1073<\/strong><br \/>(-22 for losing)\n|raw|Gen fiverrr's rating: 1124 &rarr; <strong>1147<\/strong><br \/>(+23 for winning)\n","uploadtime":1700177773,"views":7,"p1id":"ifroggyzpe","p2id":"genfiverrr","formatid":"gen9doublesou","rating":1073,"private":0,"password":""}