{"id":"gen9doublesou-1969501778","p1":"heheeeeeeee","p2":"cgtuh.ocgoj\u201dfyxtg9","format":"[Gen 9] Doubles OU","log":"|j|\u203dheheeeeeeee\n|j|\u2606cgtuh.ocgoj\u201dfyxtg9\n|t:|1697540577\n|gametype|doubles\n|player|p1|heheeeeeeee|gentleman-gen4|1051\n|player|p2|cgtuh.ocgoj\u201dfyxtg9|2|1134\n|teamsize|p1|6\n|teamsize|p2|6\n|gen|9\n|tier|[Gen 9] Doubles OU\n|rated|\n|rule|Species Clause: Limit one of each Pok\u00e9mon\n|rule|OHKO Clause: OHKO moves are banned\n|rule|Evasion Moves Clause: Evasion moves are banned\n|rule|Gravity Sleep Clause: The combination of sleep-inducing moves with imperfect accuracy and Gravity or Gigantamax Orbeetle are banned\n|rule|Endless Battle Clause: Forcing endless battles is banned\n|rule|HP Percentage Mod: HP is shown in percentages\n|clearpoke\n|poke|p1|Rotom-Wash|\n|poke|p1|Oricorio-Pom-Pom, M|\n|poke|p1|Oranguru, M|\n|poke|p1|Gallade, M|\n|poke|p1|Meowscarada, M|\n|poke|p1|Greedent, M|\n|poke|p2|Talonflame, F|\n|poke|p2|Meowscarada, F|\n|poke|p2|Shiftry, M|\n|poke|p2|Dragonite, F|\n|poke|p2|Ribombee, M|\n|poke|p2|Brambleghast, F|\n|teampreview\n|c|\u2606cgtuh.ocgoj\u201dfyxtg9|glhf\n|\n|t:|1697540599\n|start\n|switch|p1a: Oranguru|Oranguru, M|100\/100\n|switch|p1b: Greedent|Greedent, M|100\/100\n|switch|p2a: Talonflame|Talonflame, F|100\/100\n|switch|p2b: Shiftry|Shiftry, M|100\/100\n|-item|p1a: Oranguru|Air Balloon\n|turn|1\n|\n|t:|1697540625\n|move|p2a: Talonflame|Tailwind|p2a: Talonflame\n|-sidestart|p2: cgtuh.ocgoj\u201dfyxtg9|move: Tailwind\n|-ability|p2b: Shiftry|Wind Rider|boost\n|-boost|p2b: Shiftry|atk|1\n|move|p2b: Shiftry|Brick Break|p1a: Oranguru\n|-damage|p1a: Oranguru|61\/100\n|-enditem|p1a: Oranguru|Air Balloon\n|move|p1b: Greedent|Belly Drum|p1b: Greedent\n|-damage|p1b: Greedent|51\/100\n|-setboost|p1b: Greedent|atk|6|[from] move: Belly Drum\n|move|p1a: Oranguru|Trick Room|p1a: Oranguru\n|-fieldstart|move: Trick Room|[of] p1a: Oranguru\n|\n|upkeep\n|turn|2\n|c|\u2606cgtuh.ocgoj\u201dfyxtg9|i misclicked NOOO\n|\n|t:|1697540649\n|move|p2a: Talonflame|Air Slash|p1b: Greedent\n|-damage|p1b: Greedent|27\/100\n|move|p1b: Greedent|Earthquake|p2b: Shiftry|[spread] p2b\n|-activate|p1a: Oranguru|ability: Telepathy\n|-immune|p2a: Talonflame\n|-resisted|p2b: Shiftry\n|-damage|p2b: Shiftry|29\/100\n|move|p1a: Oranguru|Instruct|p1b: Greedent\n|-singleturn|p1b: Greedent|move: Instruct|[of] p1a: Oranguru\n|move|p1b: Greedent|Earthquake|p2a: Talonflame|[spread] p2b\n|-activate|p1a: Oranguru|ability: Telepathy\n|-immune|p2a: Talonflame\n|-resisted|p2b: Shiftry\n|-damage|p2b: Shiftry|0 fnt\n|faint|p2b: Shiftry\n|\n|upkeep\n|\n|t:|1697540671\n|switch|p2b: Ribombee|Ribombee, M|100\/100\n|turn|3\n|\n|t:|1697540684\n|move|p2a: Talonflame|Air Slash|p1b: Greedent\n|-damage|p1b: Greedent|4\/100\n|-enditem|p1b: Greedent|Mago Berry|[eat]\n|-heal|p1b: Greedent|37\/100|[from] item: Mago Berry\n|-heal|p1b: Greedent|70\/100|[from] ability: Cheek Pouch\n|cant|p1b: Greedent|flinch\n|move|p1a: Oranguru|Rock Slide|p2a: Talonflame|[spread] p2a,p2b\n|-supereffective|p2a: Talonflame\n|-supereffective|p2b: Ribombee\n|-damage|p2a: Talonflame|58\/100\n|-damage|p2b: Ribombee|73\/100\n|move|p2b: Ribombee|Reflect|p2b: Ribombee\n|-sidestart|p2: cgtuh.ocgoj\u201dfyxtg9|Reflect\n|\n|upkeep\n|turn|4\n|\n|t:|1697540705\n|move|p1b: Greedent|Bulldoze|p2a: Talonflame|[spread] p2b\n|-activate|p1a: Oranguru|ability: Telepathy\n|-immune|p2a: Talonflame\n|-resisted|p2b: Ribombee\n|-damage|p2b: Ribombee|48\/100\n|-unboost|p2b: Ribombee|spe|1\n|move|p1a: Oranguru|Thunder|p2a: Talonflame\n|-supereffective|p2a: Talonflame\n|-damage|p2a: Talonflame|0 fnt\n|faint|p2a: Talonflame\n|move|p2b: Ribombee|Pollen Puff|p2: Talonflame|[notarget]\n|-fail|p2b: Ribombee\n|\n|-sideend|p2: cgtuh.ocgoj\u201dfyxtg9|move: Tailwind\n|upkeep\n|\n|t:|1697540722\n|switch|p2a: Brambleghast|Brambleghast, F|100\/100\n|turn|5\n|\n|t:|1697540740\n|move|p1b: Greedent|Earthquake|p2a: Brambleghast|[spread] p2a,p2b\n|-activate|p1a: Oranguru|ability: Telepathy\n|-resisted|p2a: Brambleghast\n|-resisted|p2b: Ribombee\n|-damage|p2a: Brambleghast|47\/100\n|-damage|p2b: Ribombee|2\/100\n|move|p1a: Oranguru|Instruct|p1b: Greedent\n|-singleturn|p1b: Greedent|move: Instruct|[of] p1a: Oranguru\n|move|p1b: Greedent|Earthquake|p2a: Brambleghast|[spread] p2a,p2b\n|-activate|p1a: Oranguru|ability: Telepathy\n|-resisted|p2a: Brambleghast\n|-resisted|p2b: Ribombee\n|-damage|p2a: Brambleghast|0 fnt\n|-damage|p2b: Ribombee|0 fnt\n|faint|p2a: Brambleghast\n|faint|p2b: Ribombee\n|\n|-fieldend|move: Trick Room\n|upkeep\n|\n|t:|1697540755\n|switch|p2b: Meowscarada|Meowscarada, F|100\/100\n|switch|p2a: Dragonite|Dragonite, F|100\/100\n|turn|6\n|\n|t:|1697540772\n|move|p2a: Dragonite|Extreme Speed|p1b: Greedent\n|-damage|p1b: Greedent|40\/100\n|move|p2b: Meowscarada|Petal Blizzard|p1a: Oranguru|[spread] p2a,p1a,p1b\n|-start|p2b: Meowscarada|typechange|Grass|[from] ability: Protean\n|-resisted|p2a: Dragonite\n|-damage|p2a: Dragonite|98\/100\n|-damage|p1a: Oranguru|27\/100\n|-damage|p1b: Greedent|9\/100\n|move|p1b: Greedent|Earthquake|p2b: Meowscarada|[spread] p2b\n|-activate|p1a: Oranguru|ability: Telepathy\n|-immune|p2a: Dragonite\n|-resisted|p2b: Meowscarada\n|-crit|p2b: Meowscarada\n|-damage|p2b: Meowscarada|4\/100\n|move|p1a: Oranguru|Trick Room|p1a: Oranguru\n|-fieldstart|move: Trick Room|[of] p1a: Oranguru\n|\n|-heal|p2a: Dragonite|100\/100|[from] item: Leftovers\n|upkeep\n|turn|7\n|\n|t:|1697540793\n|move|p2a: Dragonite|Extreme Speed|p1b: Greedent\n|-damage|p1b: Greedent|0 fnt\n|faint|p1b: Greedent\n|move|p1a: Oranguru|Thunder|p2b: Meowscarada\n|-resisted|p2b: Meowscarada\n|-damage|p2b: Meowscarada|0 fnt\n|faint|p2b: Meowscarada\n|\n|upkeep\n|\n|t:|1697540806\n|switch|p1b: Meowscarada|Meowscarada, M|100\/100\n|turn|8\n|\n|t:|1697540814\n|move|p1a: Oranguru|Rock Slide|p2a: Dragonite|[miss]\n|-miss|p1a: Oranguru|p2a: Dragonite\n|move|p2a: Dragonite|Dragon Dance|p2a: Dragonite\n|-boost|p2a: Dragonite|atk|1\n|-boost|p2a: Dragonite|spe|1\n|move|p1b: Meowscarada|Play Rough|p2a: Dragonite\n|-start|p1b: Meowscarada|typechange|Fairy|[from] ability: Protean\n|-supereffective|p2a: Dragonite\n|-damage|p2a: Dragonite|75\/100\n|\n|-heal|p2a: Dragonite|81\/100|[from] item: Leftovers\n|upkeep\n|turn|9\n|\n|t:|1697540834\n|-terastallize|p2a: Dragonite|Normal\n|move|p1a: Oranguru|Thunder|p2a: Dragonite\n|-damage|p2a: Dragonite|57\/100\n|move|p1b: Meowscarada|Flower Trick|p2a: Dragonite\n|-crit|p2a: Dragonite\n|-damage|p2a: Dragonite|25\/100\n|move|p2a: Dragonite|Dragon Dance|p2a: Dragonite\n|-boost|p2a: Dragonite|atk|1\n|-boost|p2a: Dragonite|spe|1\n|\n|-heal|p2a: Dragonite|31\/100|[from] item: Leftovers\n|upkeep\n|turn|10\n|\n|t:|1697540855\n|move|p2a: Dragonite|Extreme Speed|p1b: Meowscarada\n|-damage|p1b: Meowscarada|0 fnt\n|faint|p1b: Meowscarada\n|move|p1a: Oranguru|Instruct|p1: Meowscarada|[notarget]\n|-fail|p1a: Oranguru\n|\n|-heal|p2a: Dragonite|37\/100|[from] item: Leftovers\n|-sideend|p2: cgtuh.ocgoj\u201dfyxtg9|Reflect\n|-fieldend|move: Trick Room\n|upkeep\n|\n|t:|1697540869\n|switch|p1b: Rotom|Rotom-Wash, shiny|100\/100\n|turn|11\n|\n|t:|1697540890\n|-terastallize|p1b: Rotom|Electric\n|move|p2a: Dragonite|Extreme Speed|p1b: Rotom\n|-damage|p1b: Rotom|0 fnt\n|faint|p1b: Rotom\n|move|p1a: Oranguru|Rock Slide|p2a: Dragonite\n|-damage|p2a: Dragonite|24\/100\n|\n|-heal|p2a: Dragonite|31\/100|[from] item: Leftovers\n|upkeep\n|\n|t:|1697540900\n|switch|p1b: Oricorio|Oricorio-Pom-Pom, M|100\/100\n|turn|12\n|\n|t:|1697540916\n|move|p2a: Dragonite|Extreme Speed|p1b: Oricorio\n|-damage|p1b: Oricorio|0 fnt\n|faint|p1b: Oricorio\n|move|p1a: Oranguru|Instruct|p1: Oricorio|[notarget]\n|-fail|p1a: Oranguru\n|\n|-heal|p2a: Dragonite|37\/100|[from] item: Leftovers\n|upkeep\n|\n|t:|1697540924\n|switch|p1b: Gallade|Gallade, M|100\/100\n|turn|13\n|\n|t:|1697540945\n|move|p2a: Dragonite|Extreme Speed|p1b: Gallade\n|-damage|p1b: Gallade|0 fnt\n|faint|p1b: Gallade\n|move|p1a: Oranguru|Thunder|p2a: Dragonite\n|-damage|p2a: Dragonite|12\/100\n|-status|p2a: Dragonite|par\n|\n|-heal|p2a: Dragonite|18\/100 par|[from] item: Leftovers\n|upkeep\n|turn|14\n|\n|t:|1697540958\n|move|p2a: Dragonite|Extreme Speed|p1a: Oranguru\n|-damage|p1a: Oranguru|0 fnt\n|faint|p1a: Oranguru\n|\n|win|cgtuh.ocgoj\u201dfyxtg9\n|raw|heheeeeeeee's rating: 1051 &rarr; <strong>1037<\/strong><br \/>(-14 for losing)\n|raw|cgtuh.ocgoj\u201dfyxtg9's rating: 1134 &rarr; <strong>1153<\/strong><br \/>(+19 for winning)\n|c|\u2606cgtuh.ocgoj\u201dfyxtg9|gg\n","uploadtime":1697540971,"views":13,"p1id":"heheeeeeeee","p2id":"cgtuhocgojfyxtg9","formatid":"gen9doublesou","rating":1037,"private":0,"password":""}