{"id":"gen9doublesou-1983049892","p1":"sleepcooling","p2":"mamaya","format":"[Gen 9] Doubles OU","log":"|j|\u2606sleepcooling\n|j|\u2606mamaya\n|t:|1699075539\n|gametype|doubles\n|player|p1|sleepcooling|gloria|1248\n|player|p2|mamaya|hilda|1463\n|teamsize|p1|6\n|teamsize|p2|6\n|gen|9\n|tier|[Gen 9] Doubles OU\n|rated|\n|rule|Species Clause: Limit one of each Pok\u00e9mon\n|rule|OHKO Clause: OHKO moves are banned\n|rule|Evasion Moves Clause: Evasion moves are banned\n|rule|Gravity Sleep Clause: The combination of sleep-inducing moves with imperfect accuracy and Gravity or Gigantamax Orbeetle are banned\n|rule|Endless Battle Clause: Forcing endless battles is banned\n|rule|HP Percentage Mod: HP is shown in percentages\n|clearpoke\n|poke|p1|Flutter Mane|\n|poke|p1|Ogerpon-Wellspring, F|\n|poke|p1|Pelipper, F|\n|poke|p1|Ludicolo, M|\n|poke|p1|Volcanion|\n|poke|p1|Amoonguss, F|\n|poke|p2|Walking Wake|\n|poke|p2|Torkoal, F|\n|poke|p2|Chi-Yu|\n|poke|p2|Lilligant-Hisui, F|\n|poke|p2|Zapdos|\n|poke|p2|Rillaboom, M|\n|teampreview\n|\n|t:|1699075570\n|start\n|switch|p1a: Ogerpon|Ogerpon-Wellspring, F|100\/100\n|switch|p1b: Flutter Mane|Flutter Mane|100\/100\n|switch|p2a: Lilligant|Lilligant-Hisui, F|100\/100\n|switch|p2b: Rillaboom|Rillaboom, M|100\/100\n|-fieldstart|move: Grassy Terrain|[from] ability: Grassy Surge|[of] p2b: Rillaboom\n|turn|1\n|\n|t:|1699075613\n|move|p1a: Ogerpon|Follow Me|p1a: Ogerpon\n|-singleturn|p1a: Ogerpon|move: Follow Me\n|move|p2b: Rillaboom|Grassy Glide|p1a: Ogerpon\n|-damage|p1a: Ogerpon|59\/100\n|move|p1b: Flutter Mane|Dazzling Gleam|p2b: Rillaboom|[spread] p2a,p2b\n|-supereffective|p2a: Lilligant\n|-damage|p2a: Lilligant|6\/100\n|-damage|p2b: Rillaboom|62\/100\n|move|p2a: Lilligant|Close Combat|p1a: Ogerpon\n|-damage|p1a: Ogerpon|0 fnt\n|-unboost|p2a: Lilligant|def|1\n|-unboost|p2a: Lilligant|spd|1\n|faint|p1a: Ogerpon\n|\n|-heal|p2a: Lilligant|12\/100|[from] Grassy Terrain\n|-heal|p2b: Rillaboom|69\/100|[from] Grassy Terrain\n|upkeep\n|\n|t:|1699075634\n|switch|p1a: Pelipper|Pelipper, F|100\/100\n|-weather|RainDance|[from] ability: Drizzle|[of] p1a: Pelipper\n|turn|2\n|\n|t:|1699075647\n|move|p2b: Rillaboom|Grassy Glide|p1b: Flutter Mane\n|-damage|p1b: Flutter Mane|17\/100\n|move|p1b: Flutter Mane|Dazzling Gleam|p2b: Rillaboom|[spread] p2a,p2b\n|-supereffective|p2a: Lilligant\n|-damage|p2a: Lilligant|0 fnt\n|-damage|p2b: Rillaboom|34\/100\n|-enditem|p2b: Rillaboom|Sitrus Berry|[eat]\n|-heal|p2b: Rillaboom|59\/100|[from] item: Sitrus Berry\n|faint|p2a: Lilligant\n|move|p1a: Pelipper|Tailwind|p1a: Pelipper\n|-sidestart|p1: sleepcooling|move: Tailwind\n|\n|-weather|RainDance|[upkeep]\n|-heal|p1b: Flutter Mane|23\/100|[from] Grassy Terrain\n|-heal|p2b: Rillaboom|65\/100|[from] Grassy Terrain\n|upkeep\n|\n|t:|1699075658\n|switch|p2a: Torkoal|Torkoal, F|100\/100\n|-weather|SunnyDay|[from] ability: Drought|[of] p2a: Torkoal\n|-activate|p1b: Flutter Mane|ability: Protosynthesis\n|-start|p1b: Flutter Mane|protosynthesisspe\n|turn|3\n|\n|t:|1699075673\n|-end|p1b: Flutter Mane|Protosynthesis|[silent]\n|switch|p1b: Amoonguss|Amoonguss, F|100\/100\n|move|p2a: Torkoal|Protect|p2a: Torkoal\n|-singleturn|p2a: Torkoal|Protect\n|move|p2b: Rillaboom|Grassy Glide|p1b: Amoonguss\n|-resisted|p1b: Amoonguss\n|-damage|p1b: Amoonguss|91\/100\n|move|p1a: Pelipper|Weather Ball|p2b: Rillaboom\n|-supereffective|p2b: Rillaboom\n|-damage|p2b: Rillaboom|0 fnt\n|faint|p2b: Rillaboom\n|\n|-weather|SunnyDay|[upkeep]\n|-heal|p1b: Amoonguss|98\/100|[from] Grassy Terrain\n|-heal|p1b: Amoonguss|100\/100|[from] item: Leftovers\n|upkeep\n|\n|t:|1699075679\n|switch|p2b: Chi-Yu|Chi-Yu|100\/100\n|-ability|p2b: Chi-Yu|Beads of Ruin\n|turn|4\n|\n|t:|1699075710\n|switch|p1a: Volcanion|Volcanion|100\/100\n|-terastallize|p2b: Chi-Yu|Fire\n|-terastallize|p1b: Amoonguss|Rock\n|move|p2b: Chi-Yu|Heat Wave|p1b: Amoonguss|[spread] p1a\n|-miss|p2b: Chi-Yu|p1b: Amoonguss\n|-resisted|p1a: Volcanion\n|-damage|p1a: Volcanion|59\/100\n|move|p1b: Amoonguss|Spore|p2b: Chi-Yu\n|-status|p2b: Chi-Yu|slp|[from] move: Spore\n|move|p2a: Torkoal|Eruption|p1b: Amoonguss|[spread] p1a,p1b\n|-resisted|p1a: Volcanion\n|-resisted|p1b: Amoonguss\n|-damage|p1a: Volcanion|33\/100\n|-damage|p1b: Amoonguss|68\/100\n|\n|-weather|SunnyDay|[upkeep]\n|-heal|p1a: Volcanion|40\/100|[from] Grassy Terrain\n|-heal|p1a: Volcanion|46\/100|[from] item: Leftovers\n|-heal|p1b: Amoonguss|74\/100|[from] Grassy Terrain\n|-heal|p1b: Amoonguss|80\/100|[from] item: Leftovers\n|upkeep\n|turn|5\n|\n|t:|1699075734\n|switch|p1b: Pelipper|Pelipper, F|100\/100\n|-weather|RainDance|[from] ability: Drizzle|[of] p1b: Pelipper\n|move|p1a: Volcanion|Steam Eruption|p2a: Torkoal\n|-supereffective|p2a: Torkoal\n|-damage|p2a: Torkoal|0 fnt\n|faint|p2a: Torkoal\n|cant|p2b: Chi-Yu|slp\n|\n|-weather|RainDance|[upkeep]\n|-heal|p1a: Volcanion|52\/100|[from] Grassy Terrain\n|-heal|p1a: Volcanion|58\/100|[from] item: Leftovers\n|-sideend|p1: sleepcooling|move: Tailwind\n|-fieldend|move: Grassy Terrain\n|upkeep\n|\n|t:|1699075743\n|switch|p2a: Zapdos|Zapdos|100\/100\n|turn|6\n|\n|t:|1699075761\n|cant|p2b: Chi-Yu|slp\n|move|p2a: Zapdos|Tailwind|p2a: Zapdos\n|-sidestart|p2: mamaya|move: Tailwind\n|move|p1a: Volcanion|Steam Eruption|p2b: Chi-Yu\n|-supereffective|p2b: Chi-Yu\n|-damage|p2b: Chi-Yu|0 fnt\n|faint|p2b: Chi-Yu\n|move|p1b: Pelipper|Weather Ball|p2a: Zapdos\n|-damage|p2a: Zapdos|51\/100\n|\n|-weather|RainDance|[upkeep]\n|-heal|p1a: Volcanion|64\/100|[from] item: Leftovers\n|upkeep\n|\n|t:|1699075769\n|switch|p2b: Walking Wake|Walking Wake|100\/100\n|turn|7\n|\n|t:|1699075786\n|switch|p1b: Amoonguss|Amoonguss, F, tera:Rock|80\/100\n|move|p2b: Walking Wake|Draco Meteor|p1a: Volcanion\n|-damage|p1a: Volcanion|0 fnt\n|-unboost|p2b: Walking Wake|spa|2\n|faint|p1a: Volcanion\n|move|p2a: Zapdos|Thunderbolt|p1b: Amoonguss\n|-damage|p1b: Amoonguss|54\/100\n|\n|-weather|RainDance|[upkeep]\n|-heal|p1b: Amoonguss|60\/100|[from] item: Leftovers\n|upkeep\n|\n|t:|1699075806\n|switch|p1a: Ludicolo|Ludicolo, M|100\/100\n|turn|8\n|\n|t:|1699075815\n|move|p1a: Ludicolo|Fake Out|p2a: Zapdos\n|-damage|p2a: Zapdos|46\/100\n|-damage|p1a: Ludicolo|84\/100|[from] item: Rocky Helmet|[of] p2a: Zapdos\n|-status|p1a: Ludicolo|par|[from] ability: Static|[of] p2a: Zapdos\n|move|p2b: Walking Wake|Draco Meteor|p1a: Ludicolo\n|-crit|p1a: Ludicolo\n|-damage|p1a: Ludicolo|0 fnt\n|-unboost|p2b: Walking Wake|spa|2\n|faint|p1a: Ludicolo\n|cant|p2a: Zapdos|flinch\n|move|p1b: Amoonguss|Spore|p2b: Walking Wake\n|-status|p2b: Walking Wake|slp|[from] move: Spore\n|\n|-weather|RainDance|[upkeep]\n|-heal|p1b: Amoonguss|66\/100|[from] item: Leftovers\n|upkeep\n|\n|t:|1699075834\n|switch|p1a: Pelipper|Pelipper, F|100\/100\n|turn|9\n|\n|t:|1699075848\n|move|p1b: Amoonguss|Rage Powder|p1b: Amoonguss\n|-singleturn|p1b: Amoonguss|move: Rage Powder\n|cant|p2b: Walking Wake|slp\n|move|p2a: Zapdos|Thunderbolt|p1b: Amoonguss\n|-damage|p1b: Amoonguss|36\/100\n|move|p1a: Pelipper|Weather Ball|p2a: Zapdos\n|-damage|p2a: Zapdos|0 fnt\n|faint|p2a: Zapdos\n|\n|-weather|RainDance|[upkeep]\n|-heal|p1b: Amoonguss|42\/100|[from] item: Leftovers\n|-sideend|p2: mamaya|move: Tailwind\n|upkeep\n|turn|10\n|\n|t:|1699075873\n|-curestatus|p2b: Walking Wake|slp|[msg]\n|move|p2b: Walking Wake|Draco Meteor|p1b: Amoonguss\n|-damage|p1b: Amoonguss|22\/100\n|-unboost|p2b: Walking Wake|spa|2\n|move|p1a: Pelipper|Hurricane|p2b: Walking Wake\n|-damage|p2b: Walking Wake|62\/100\n|-start|p2b: Walking Wake|confusion\n|move|p1b: Amoonguss|Foul Play|p2b: Walking Wake\n|-damage|p2b: Walking Wake|47\/100\n|\n|-weather|RainDance|[upkeep]\n|-heal|p1b: Amoonguss|29\/100|[from] item: Leftovers\n|upkeep\n|turn|11\n|-message|mamaya forfeited.\n|\n|win|sleepcooling\n|raw|sleepcooling's rating: 1248 &rarr; <strong>1287<\/strong><br \/>(+39 for winning)\n|raw|mamaya's rating: 1463 &rarr; <strong>1432<\/strong><br \/>(-31 for losing)\n|l|\u2606mamaya\n|l|\u2606sleepcooling\n|j|\u2606sleepcooling\n|player|p1|sleepcooling|gloria\n","uploadtime":1699076185,"views":17,"p1id":"sleepcooling","p2id":"mamaya","formatid":"gen9doublesou","rating":1287,"private":0,"password":""}