{"id":"gen9doublesou-1975495350","p1":"barracuda705","p2":"HEAVY-DUTY B0OTY","format":"[Gen 9] Doubles OU","log":"|j|\u2606barracuda705\n|j|\u2606HEAVY-DUTY B0OTY\n|inactive|Battle timer is ON: inactive players will automatically lose when time's up.\n|t:|1698197466\n|gametype|doubles\n|player|p1|barracuda705|cynthia|\n|player|p2|HEAVY-DUTY B0OTY|swimmerf-gen6|\n|teamsize|p1|6\n|teamsize|p2|6\n|gen|9\n|tier|[Gen 9] Doubles OU\n|rated|Tournament battle\n|rule|Species Clause: Limit one of each Pok\u00e9mon\n|rule|OHKO Clause: OHKO moves are banned\n|rule|Evasion Moves Clause: Evasion moves are banned\n|rule|Gravity Sleep Clause: The combination of sleep-inducing moves with imperfect accuracy and Gravity or Gigantamax Orbeetle are banned\n|rule|Endless Battle Clause: Forcing endless battles is banned\n|rule|HP Percentage Mod: HP is shown in percentages\n|clearpoke\n|poke|p1|Qwilfish-Hisui, F|\n|poke|p1|Yanmega, F|\n|poke|p1|Cufant, M|\n|poke|p1|Fletchling, F|\n|poke|p1|Zorua-Hisui, F|\n|poke|p1|Sandile, M|\n|poke|p2|Cubchoo, M|\n|poke|p2|Bonsly, F|\n|poke|p2|Flittle, F|\n|poke|p2|Shroomish, M|\n|poke|p2|Gulpin, M|\n|poke|p2|Axew, F|\n|teampreview\n|j|*Lady Monita \u263d\n|j| Free Shirosagi\n|j| chadguy\n|inactive|barracuda705 has 120 seconds left.\n|c|\u2606HEAVY-DUTY B0OTY|a fair match\n|l| chadguy\n|\n|t:|1698197518\n|start\n|switch|p1a: Qwilfish|Qwilfish-Hisui, F, shiny|100\/100\n|switch|p1b: Fletchling|Fletchling, F, shiny|100\/100\n|switch|p2a: Cubchoo|Cubchoo, M|100\/100\n|switch|p2b: Bonsly|Bonsly, F|100\/100\n|-ability|p1a: Qwilfish|Intimidate|boost\n|-unboost|p2a: Cubchoo|atk|1\n|-unboost|p2b: Bonsly|atk|1\n|turn|1\n|\n|t:|1698197548\n|switch|p2a: Gulpin|Gulpin, M|100\/100\n|move|p1b: Fletchling|Flare Blitz|p2a: Gulpin\n|-damage|p2a: Gulpin|77\/100\n|-damage|p1b: Fletchling|89\/100|[from] Recoil\n|move|p1a: Qwilfish|Gunk Shot|p2a: Gulpin\n|-resisted|p2a: Gulpin\n|-damage|p2a: Gulpin|45\/100\n|move|p2b: Bonsly|Stealth Rock|p1b: Fletchling\n|-sidestart|p1: barracuda705|move: Stealth Rock\n|\n|upkeep\n|turn|2\n|\n|t:|1698197564\n|move|p1b: Fletchling|Brave Bird|p2a: Gulpin\n|-damage|p2a: Gulpin|7\/100\n|-damage|p1b: Fletchling|70\/100|[from] Recoil\n|move|p1a: Qwilfish|Swords Dance|p1a: Qwilfish\n|-boost|p1a: Qwilfish|atk|2\n|move|p2a: Gulpin|Pain Split|p1a: Qwilfish\n|-sethp|p1a: Qwilfish|54\/100|[from] move: Pain Split|[silent]\n|-sethp|p2a: Gulpin|52\/100|[from] move: Pain Split\n|move|p2b: Bonsly|Rock Slide|p1b: Fletchling|[spread] p1a,p1b\n|-supereffective|p1b: Fletchling\n|-damage|p1a: Qwilfish|46\/100\n|-damage|p1b: Fletchling|26\/100\n|\n|upkeep\n|turn|3\n|inactive|HEAVY-DUTY B0OTY has 120 seconds left.\n|inactive|HEAVY-DUTY B0OTY has 90 seconds left.\n|\n|t:|1698197630\n|move|p1b: Fletchling|Flare Blitz|p2b: Bonsly\n|-resisted|p2b: Bonsly\n|-damage|p2b: Bonsly|94\/100\n|-damage|p1b: Fletchling|23\/100|[from] Recoil\n|move|p1a: Qwilfish|Crunch|p2b: Bonsly\n|-damage|p2b: Bonsly|50\/100\n|-unboost|p2b: Bonsly|def|1\n|move|p2a: Gulpin|Toxic Spikes|p1a: Qwilfish\n|-sidestart|p1: barracuda705|move: Toxic Spikes\n|move|p2b: Bonsly|Rock Slide|p1a: Qwilfish|[spread] p1a,p1b\n|-supereffective|p1b: Fletchling\n|-damage|p1a: Qwilfish|38\/100\n|-damage|p1b: Fletchling|0 fnt\n|faint|p1b: Fletchling\n|\n|upkeep\n|\n|t:|1698197642\n|switch|p1b: Cufant|Cufant, M|100\/100\n|-damage|p1b: Cufant|94\/100|[from] Stealth Rock\n|turn|4\n|j| chadguy\n|\n|t:|1698197664\n|move|p1a: Qwilfish|Crunch|p2b: Bonsly\n|-damage|p2b: Bonsly|0 fnt\n|faint|p2b: Bonsly\n|move|p2a: Gulpin|Acid Armor|p2a: Gulpin\n|-boost|p2a: Gulpin|def|2\n|move|p1b: Cufant|Zen Headbutt|p2a: Gulpin\n|-supereffective|p2a: Gulpin\n|-damage|p2a: Gulpin|11\/100\n|\n|upkeep\n|l| chadguy\n|inactive|HEAVY-DUTY B0OTY has 90 seconds left.\n|\n|t:|1698197685\n|switch|p2b: Axew|Axew, F|100\/100\n|-ability|p2b: Axew|Mold Breaker\n|turn|5\n|inactive|HEAVY-DUTY B0OTY has 90 seconds left.\n|\n|t:|1698197710\n|-terastallize|p2b: Axew|Steel\n|move|p1a: Qwilfish|Aqua Jet|p2a: Gulpin\n|-damage|p2a: Gulpin|0 fnt\n|faint|p2a: Gulpin\n|move|p2b: Axew|Dragon Dance|p2b: Axew\n|-boost|p2b: Axew|atk|1\n|-boost|p2b: Axew|spe|1\n|move|p1b: Cufant|Play Rough|p2b: Axew\n|-resisted|p2b: Axew\n|-damage|p2b: Axew|70\/100\n|\n|upkeep\n|\n|t:|1698197719\n|switch|p2a: Shroomish|Shroomish, M|100\/100\n|turn|6\n|\n|t:|1698197730\n|move|p1a: Qwilfish|Aqua Jet|p2b: Axew\n|-damage|p2b: Axew|32\/100\n|move|p2b: Axew|Stomping Tantrum|p1a: Qwilfish\n|-supereffective|p1a: Qwilfish\n|-damage|p1a: Qwilfish|0 fnt\n|faint|p1a: Qwilfish\n|move|p1b: Cufant|Iron Head|p2b: Axew\n|-resisted|p2b: Axew\n|-damage|p2b: Axew|0 fnt\n|faint|p2b: Axew\n|move|p2a: Shroomish|Spore|p1b: Cufant\n|-status|p1b: Cufant|slp|[from] move: Spore\n|\n|upkeep\n|inactive|HEAVY-DUTY B0OTY has 120 seconds left.\n|\n|t:|1698197746\n|switch|p1a: Sandile|Sandile, M|100\/100\n|switch|p2b: Cubchoo|Cubchoo, M|100\/100\n|-damage|p1a: Sandile|88\/100|[from] Stealth Rock\n|-status|p1a: Sandile|psn\n|turn|7\n|\n|t:|1698197760\n|move|p1a: Sandile|Shadow Ball|p2b: Cubchoo\n|-damage|p2b: Cubchoo|45\/100\n|move|p2b: Cubchoo|Snowscape|p2b: Cubchoo\n|-weather|Snow\n|cant|p1b: Cufant|slp\n|move|p2a: Shroomish|Drain Punch|p1b: Cufant\n|-supereffective|p1b: Cufant\n|-damage|p1b: Cufant|65\/100 slp\n|\n|-weather|Snow|[upkeep]\n|-damage|p1a: Sandile|76\/100 psn|[from] psn\n|upkeep\n|turn|8\n|\n|t:|1698197780\n|move|p2b: Cubchoo|Ice Punch|p1a: Sandile\n|-damage|p1a: Sandile|21\/100 psn\n|replace|p1a: Zorua|Zorua-Hisui, F, shiny\n|-end|p1a: Zorua|Illusion\n|move|p1a: Zorua|Shadow Ball|p2b: Cubchoo\n|-damage|p2b: Cubchoo|0 fnt\n|faint|p2b: Cubchoo\n|-curestatus|p1b: Cufant|slp|[msg]\n|move|p1b: Cufant|Rock Slide|p2a: Shroomish|[miss]\n|-miss|p1b: Cufant|p2a: Shroomish\n|move|p2a: Shroomish|Drain Punch|p1b: Cufant\n|-supereffective|p1b: Cufant\n|-damage|p1b: Cufant|34\/100\n|\n|-weather|Snow|[upkeep]\n|-damage|p1a: Zorua|9\/100 psn|[from] psn\n|upkeep\n|\n|t:|1698197785\n|switch|p2b: Flittle|Flittle, F|100\/100\n|turn|9\n|\n|t:|1698197792\n|move|p2b: Flittle|Protect|p2b: Flittle\n|-singleturn|p2b: Flittle|Protect\n|move|p1a: Zorua|Shadow Ball|p2b: Flittle\n|-activate|p2b: Flittle|move: Protect\n|move|p1b: Cufant|Iron Head|p2a: Shroomish\n|-damage|p2a: Shroomish|56\/100\n|-status|p1b: Cufant|slp|[from] ability: Effect Spore|[of] p2a: Shroomish\n|move|p2a: Shroomish|Drain Punch|p1b: Cufant\n|-supereffective|p1b: Cufant\n|-damage|p1b: Cufant|5\/100 slp\n|-heal|p2a: Shroomish|71\/100|[from] drain|[of] p1b: Cufant\n|\n|-weather|Snow|[upkeep]\n|-damage|p1a: Zorua|0 fnt|[from] psn\n|faint|p1a: Zorua\n|-ability|p2b: Flittle|Speed Boost|boost\n|-boost|p2b: Flittle|spe|1\n|upkeep\n|\n|t:|1698197808\n|switch|p1a: Sandile|Sandile, M|100\/100\n|-damage|p1a: Sandile|94\/100|[from] Stealth Rock\n|-status|p1a: Sandile|psn\n|turn|10\n|\n|t:|1698197825\n|move|p1a: Sandile|Crunch|p2b: Flittle\n|-supereffective|p2b: Flittle\n|-damage|p2b: Flittle|29\/100\n|move|p2b: Flittle|Calm Mind|p2b: Flittle\n|-boost|p2b: Flittle|spa|1\n|-boost|p2b: Flittle|spd|1\n|cant|p1b: Cufant|slp\n|move|p2a: Shroomish|Drain Punch|p1a: Sandile\n|-supereffective|p1a: Sandile\n|-damage|p1a: Sandile|36\/100 psn\n|-heal|p2a: Shroomish|93\/100|[from] drain|[of] p1a: Sandile\n|\n|-weather|Snow|[upkeep]\n|-damage|p1a: Sandile|24\/100 psn|[from] psn\n|-ability|p2b: Flittle|Speed Boost|boost\n|-boost|p2b: Flittle|spe|1\n|upkeep\n|turn|11\n|l| Free Shirosagi\n|inactive|HEAVY-DUTY B0OTY has 120 seconds left.\n|\n|t:|1698197862\n|move|p2b: Flittle|Protect|p2b: Flittle\n|-singleturn|p2b: Flittle|Protect\n|move|p2a: Shroomish|Protect|p2a: Shroomish\n|-singleturn|p2a: Shroomish|Protect\n|move|p1a: Sandile|Crunch|p2b: Flittle\n|-activate|p2b: Flittle|move: Protect\n|-curestatus|p1b: Cufant|slp|[msg]\n|move|p1b: Cufant|Rock Slide|p2b: Flittle|[spread] \n|-activate|p2a: Shroomish|move: Protect\n|-activate|p2b: Flittle|move: Protect\n|\n|-weather|none\n|-damage|p1a: Sandile|12\/100 psn|[from] psn\n|-ability|p2b: Flittle|Speed Boost|boost\n|-boost|p2b: Flittle|spe|1\n|upkeep\n|turn|12\n|inactive|barracuda705 has 120 seconds left.\n|\n|t:|1698197894\n|move|p2b: Flittle|Roost|p2b: Flittle\n|-heal|p2b: Flittle|79\/100\n|-singleturn|p2b: Flittle|move: Roost\n|move|p1a: Sandile|Crunch|p2a: Shroomish\n|-damage|p2a: Shroomish|69\/100\n|move|p1b: Cufant|Iron Head|p2a: Shroomish\n|-damage|p2a: Shroomish|29\/100\n|move|p2a: Shroomish|Spore|p1b: Cufant\n|-status|p1b: Cufant|slp|[from] move: Spore\n|\n|-damage|p1a: Sandile|0 fnt|[from] psn\n|faint|p1a: Sandile\n|-ability|p2b: Flittle|Speed Boost|boost\n|-boost|p2b: Flittle|spe|1\n|upkeep\n|inactive|barracuda705 has 120 seconds left.\n|\n|t:|1698197903\n|switch|p1a: Yanmega|Yanmega, F, shiny|100\/100\n|-damage|p1a: Yanmega|50\/100|[from] Stealth Rock\n|turn|13\n|\n|t:|1698197916\n|-terastallize|p1a: Yanmega|Psychic\n|move|p2b: Flittle|Stored Power|p1a: Yanmega\n|-resisted|p1a: Yanmega\n|-damage|p1a: Yanmega|14\/100\n|move|p1a: Yanmega|Bug Buzz|p2b: Flittle\n|-supereffective|p2b: Flittle\n|-damage|p2b: Flittle|0 fnt\n|faint|p2b: Flittle\n|cant|p1b: Cufant|slp\n|move|p2a: Shroomish|Drain Punch|p1b: Cufant\n|-supereffective|p1b: Cufant\n|-damage|p1b: Cufant|0 fnt\n|-heal|p2a: Shroomish|31\/100|[from] drain|[of] p1b: Cufant\n|faint|p1b: Cufant\n|\n|upkeep\n|turn|14\n|c|\u2606HEAVY-DUTY B0OTY|yanmega psychic\n|c|\u2606HEAVY-DUTY B0OTY|lol\n|inactive|HEAVY-DUTY B0OTY has 120 seconds left.\n|c|\u2606barracuda705|gg\n|\n|t:|1698197947\n|move|p1a: Yanmega|Bug Buzz|p2a: Shroomish\n|-supereffective|p2a: Shroomish\n|-damage|p2a: Shroomish|0 fnt\n|faint|p2a: Shroomish\n|\n|win|barracuda705\n|n|\u2606barracuda705|barracuda705\n|n|\u2606HEAVY-DUTY B0OTY|heavydutyb0oty\n|n|*Lady Monita \u263d|ladymonita\n","uploadtime":1698197948,"views":13,"p1id":"barracuda705","p2id":"heavydutyb0oty","formatid":"gen9doublesou","rating":0,"private":0,"password":""}