{"id":"gen9doublesou-2000541130","p1":"pablo ruiz pikachu","p2":"Videoleek2","format":"[Gen 9] Doubles OU","log":"|j|\u2606pablo ruiz pikachu\n|j|\u2606Videoleek2\n|t:|1701203656\n|gametype|doubles\n|player|p1|pablo ruiz pikachu|artist|1235\n|player|p2|Videoleek2|veteran|1237\n|teamsize|p1|6\n|teamsize|p2|6\n|gen|9\n|tier|[Gen 9] Doubles OU\n|rated|\n|rule|Species Clause: Limit one of each Pok\u00e9mon\n|rule|OHKO Clause: OHKO moves are banned\n|rule|Evasion Moves Clause: Evasion moves are banned\n|rule|Gravity Sleep Clause: The combination of sleep-inducing moves with imperfect accuracy and Gravity or Gigantamax Orbeetle are banned\n|rule|Endless Battle Clause: Forcing endless battles is banned\n|rule|HP Percentage Mod: HP is shown in percentages\n|clearpoke\n|poke|p1|Lucario, M|\n|poke|p1|Weavile, M|\n|poke|p1|Sinistcha-Masterpiece|\n|poke|p1|Garganacl, F|\n|poke|p1|Flutter Mane|\n|poke|p1|Grimmsnarl, M|\n|poke|p2|Arcanine, M|\n|poke|p2|Cresselia, F|\n|poke|p2|Grimmsnarl, M|\n|poke|p2|Oranguru, F|\n|poke|p2|Torkoal, M|\n|poke|p2|Ursaluna, F|\n|teampreview\n|inactive|Battle timer is ON: inactive players will automatically lose when time's up. (requested by pablo ruiz pikachu)\n|\n|t:|1701203687\n|start\n|switch|p1a: molestio|Grimmsnarl, M, shiny|100\/100\n|switch|p1b: nacha la matcha|Sinistcha-Masterpiece|100\/100\n|switch|p2a: Grimmsnarl|Grimmsnarl, M|100\/100\n|switch|p2b: Arcanine|Arcanine, M|100\/100\n|-ability|p2b: Arcanine|Intimidate|boost\n|-unboost|p1a: molestio|atk|1\n|-unboost|p1b: nacha la matcha|atk|1\n|turn|1\n|\n|t:|1701203707\n|move|p1a: molestio|Reflect|p1a: molestio\n|-sidestart|p1: pablo ruiz pikachu|Reflect\n|move|p2a: Grimmsnarl|Light Screen|p2a: Grimmsnarl\n|-sidestart|p2: Videoleek2|move: Light Screen\n|move|p2b: Arcanine|Will-O-Wisp|p1b: nacha la matcha\n|-status|p1b: nacha la matcha|brn\n|move|p1b: nacha la matcha|Strength Sap|p2b: Arcanine\n|-unboost|p2b: Arcanine|atk|1\n|\n|-damage|p1b: nacha la matcha|98\/100 brn|[from] brn\n|upkeep\n|turn|2\n|\n|t:|1701203722\n|move|p1a: molestio|Light Screen|p1a: molestio\n|-sidestart|p1: pablo ruiz pikachu|move: Light Screen\n|move|p2a: Grimmsnarl|Reflect|p2a: Grimmsnarl\n|-sidestart|p2: Videoleek2|Reflect\n|move|p2b: Arcanine|Snarl|p1a: molestio|[spread] p1a,p1b\n|-resisted|p1a: molestio\n|-supereffective|p1b: nacha la matcha\n|-damage|p1a: molestio|99\/100\n|-damage|p1b: nacha la matcha|83\/100 brn\n|-unboost|p1a: molestio|spa|1\n|-unboost|p1b: nacha la matcha|spa|1\n|move|p1b: nacha la matcha|Calm Mind|p1b: nacha la matcha\n|-boost|p1b: nacha la matcha|spa|1\n|-boost|p1b: nacha la matcha|spd|1\n|\n|-heal|p1b: nacha la matcha|90\/100 brn|[from] item: Leftovers\n|-damage|p1b: nacha la matcha|87\/100 brn|[from] brn\n|upkeep\n|turn|3\n|\n|t:|1701203742\n|move|p1a: molestio|Parting Shot|p2b: Arcanine\n|-unboost|p2b: Arcanine|atk|1\n|-unboost|p2b: Arcanine|spa|1\n|\n|t:|1701203747\n|switch|p1a: hada de la sal|Garganacl, F|100\/100|[from] Parting Shot\n|move|p2a: Grimmsnarl|Taunt|p1b: nacha la matcha\n|-start|p1b: nacha la matcha|move: Taunt\n|move|p2b: Arcanine|Snarl|p1a: hada de la sal|[spread] p1b\n|-miss|p2b: Arcanine|p1a: hada de la sal\n|-supereffective|p1b: nacha la matcha\n|-damage|p1b: nacha la matcha|80\/100 brn\n|-unboost|p1b: nacha la matcha|spa|1\n|cant|p1b: nacha la matcha|move: Taunt|Strength Sap\n|\n|-heal|p1b: nacha la matcha|86\/100 brn|[from] item: Leftovers\n|-damage|p1b: nacha la matcha|83\/100 brn|[from] brn\n|upkeep\n|turn|4\n|\n|t:|1701203770\n|switch|p2b: Torkoal|Torkoal, M|100\/100\n|-weather|SunnyDay|[from] ability: Drought|[of] p2b: Torkoal\n|switch|p1b: molestio|Grimmsnarl, M, shiny|99\/100\n|switch|p2a: Cresselia|Cresselia, F|100\/100\n|-terastallize|p1a: hada de la sal|Fairy\n|move|p1a: hada de la sal|Salt Cure|p2b: Torkoal\n|-supereffective|p2b: Torkoal\n|-damage|p2b: Torkoal|87\/100\n|-start|p2b: Torkoal|Salt Cure\n|\n|-weather|SunnyDay|[upkeep]\n|-damage|p2b: Torkoal|74\/100|[from] Salt Cure\n|upkeep\n|turn|5\n|\n|t:|1701203793\n|move|p1b: molestio|Parting Shot|p2a: Cresselia\n|-unboost|p2a: Cresselia|atk|1\n|-unboost|p2a: Cresselia|spa|1\n|\n|t:|1701203798\n|switch|p1b: nacha la matcha|Sinistcha-Masterpiece|83\/100 brn|[from] Parting Shot\n|move|p1a: hada de la sal|Curse|p1a: hada de la sal\n|-unboost|p1a: hada de la sal|spe|1\n|-boost|p1a: hada de la sal|atk|1\n|-boost|p1a: hada de la sal|def|1\n|move|p2b: Torkoal|Heat Wave|p1a: hada de la sal|[spread] p1a,p1b\n|-supereffective|p1b: nacha la matcha\n|-damage|p1a: hada de la sal|64\/100\n|-damage|p1b: nacha la matcha|28\/100 brn\n|move|p2a: Cresselia|Trick Room|p2a: Cresselia\n|-fieldstart|move: Trick Room|[of] p2a: Cresselia\n|\n|-weather|SunnyDay|[upkeep]\n|-heal|p1a: hada de la sal|70\/100|[from] item: Leftovers\n|-heal|p1b: nacha la matcha|34\/100 brn|[from] item: Leftovers\n|-damage|p1b: nacha la matcha|31\/100 brn|[from] brn\n|-damage|p2b: Torkoal|62\/100|[from] Salt Cure\n|upkeep\n|turn|6\n|\n|t:|1701203821\n|move|p2b: Torkoal|Heat Wave|p1b: nacha la matcha|[spread] p1b\n|-miss|p2b: Torkoal|p1a: hada de la sal\n|-supereffective|p1b: nacha la matcha\n|-damage|p1b: nacha la matcha|0 fnt\n|faint|p1b: nacha la matcha\n|move|p1a: hada de la sal|Body Press|p2b: Torkoal\n|-damage|p2b: Torkoal|41\/100\n|move|p2a: Cresselia|Lunar Blessing|p2a: Cresselia|[spread] p2a,p2b\n|-heal|p2b: Torkoal|66\/100\n|\n|-weather|SunnyDay|[upkeep]\n|-heal|p1a: hada de la sal|76\/100|[from] item: Leftovers\n|-damage|p2b: Torkoal|54\/100|[from] Salt Cure\n|upkeep\n|inactive|pablo ruiz pikachu has 120 seconds left.\n|\n|t:|1701203836\n|switch|p1b: molestio|Grimmsnarl, M, shiny|99\/100\n|turn|7\n|\n|t:|1701203845\n|switch|p2b: Grimmsnarl|Grimmsnarl, M|100\/100\n|move|p1b: molestio|Taunt|p2a: Cresselia\n|-start|p2a: Cresselia|move: Taunt\n|-enditem|p2a: Cresselia|Mental Herb\n|-end|p2a: Cresselia|move: Taunt\n|move|p1a: hada de la sal|Recover|p1a: hada de la sal\n|-heal|p1a: hada de la sal|100\/100\n|move|p2a: Cresselia|Safeguard|p2a: Cresselia\n|-sidestart|p2: Videoleek2|Safeguard\n|\n|-weather|SunnyDay|[upkeep]\n|upkeep\n|turn|8\n|\n|t:|1701203872\n|move|p2b: Grimmsnarl|Parting Shot|p1a: hada de la sal\n|-unboost|p1a: hada de la sal|atk|1\n|-unboost|p1a: hada de la sal|spa|1\n|\n|t:|1701203876\n|switch|p2b: Ursaluna|Ursaluna, F|100\/100|[from] Parting Shot\n|move|p1b: molestio|Taunt|p2a: Cresselia\n|-start|p2a: Cresselia|move: Taunt\n|move|p1a: hada de la sal|Salt Cure|p2a: Cresselia\n|-damage|p2a: Cresselia|95\/100\n|-start|p2a: Cresselia|Salt Cure\n|cant|p2a: Cresselia|move: Taunt|Lunar Blessing\n|\n|-weather|none\n|-damage|p2a: Cresselia|82\/100|[from] Salt Cure\n|-sideend|p1: pablo ruiz pikachu|Reflect\n|-sideend|p2: Videoleek2|move: Light Screen\n|-status|p2b: Ursaluna|brn|[from] item: Flame Orb\n|upkeep\n|turn|9\n|\n|t:|1701203906\n|switch|p2a: Oranguru|Oranguru, F|100\/100\n|move|p1b: molestio|Parting Shot|p2b: Ursaluna\n|-unboost|p2b: Ursaluna|atk|1\n|-unboost|p2b: Ursaluna|spa|1\n|\n|t:|1701203915\n|switch|p1b: macario|Lucario, M|100\/100|[from] Parting Shot\n|move|p1a: hada de la sal|Curse|p1a: hada de la sal\n|-unboost|p1a: hada de la sal|spe|1\n|-boost|p1a: hada de la sal|atk|1\n|-boost|p1a: hada de la sal|def|1\n|move|p2b: Ursaluna|Swords Dance|p2b: Ursaluna\n|-boost|p2b: Ursaluna|atk|2\n|\n|-damage|p2b: Ursaluna|94\/100 brn|[from] brn\n|-sideend|p2: Videoleek2|Reflect\n|-sideend|p1: pablo ruiz pikachu|move: Light Screen\n|-fieldend|move: Trick Room\n|upkeep\n|turn|10\n|\n|t:|1701203940\n|move|p2b: Ursaluna|Protect|p2b: Ursaluna\n|-singleturn|p2b: Ursaluna|Protect\n|move|p1b: macario|Ice Punch|p2b: Ursaluna\n|-activate|p2b: Ursaluna|move: Protect\n|move|p1a: hada de la sal|Body Press|p2b: Ursaluna\n|-activate|p2b: Ursaluna|move: Protect\n|move|p2a: Oranguru|Trick Room|p2a: Oranguru\n|-fieldstart|move: Trick Room|[of] p2a: Oranguru\n|\n|-damage|p2b: Ursaluna|88\/100 brn|[from] brn\n|upkeep\n|turn|11\n|\n|t:|1701203962\n|move|p1a: hada de la sal|Curse|p1a: hada de la sal\n|-unboost|p1a: hada de la sal|spe|1\n|-boost|p1a: hada de la sal|atk|1\n|-boost|p1a: hada de la sal|def|1\n|move|p2b: Ursaluna|Earthquake|p1a: hada de la sal|[spread] p1a,p1b\n|-activate|p2a: Oranguru|ability: Telepathy\n|-supereffective|p1b: macario\n|-damage|p1a: hada de la sal|77\/100\n|-damage|p1b: macario|0 fnt\n|faint|p1b: macario\n|move|p2a: Oranguru|Instruct|p2b: Ursaluna\n|-singleturn|p2b: Ursaluna|move: Instruct|[of] p2a: Oranguru\n|move|p2b: Ursaluna|Earthquake|p1a: hada de la sal|[spread] p1a\n|-activate|p2a: Oranguru|ability: Telepathy\n|-damage|p1a: hada de la sal|54\/100\n|\n|-heal|p1a: hada de la sal|61\/100|[from] item: Leftovers\n|-damage|p2b: Ursaluna|82\/100 brn|[from] brn\n|-sideend|p2: Videoleek2|Safeguard\n|upkeep\n|inactive|pablo ruiz pikachu has 120 seconds left.\n|\n|t:|1701203984\n|switch|p1b: molestio|Grimmsnarl, M, shiny|99\/100\n|turn|12\n|\n|t:|1701203997\n|move|p2a: Oranguru|Protect|p2a: Oranguru\n|-singleturn|p2a: Oranguru|Protect\n|move|p1b: molestio|Taunt|p2a: Oranguru\n|-activate|p2a: Oranguru|move: Protect\n|move|p1a: hada de la sal|Recover|p1a: hada de la sal\n|-heal|p1a: hada de la sal|100\/100\n|move|p2b: Ursaluna|Swords Dance|p2b: Ursaluna\n|-boost|p2b: Ursaluna|atk|2\n|\n|-damage|p2b: Ursaluna|75\/100 brn|[from] brn\n|upkeep\n|turn|13\n|\n|t:|1701204016\n|move|p1b: molestio|Taunt|p2a: Oranguru\n|-start|p2a: Oranguru|move: Taunt\n|-enditem|p2a: Oranguru|Mental Herb\n|-end|p2a: Oranguru|move: Taunt\n|move|p1a: hada de la sal|Body Press|p2b: Ursaluna\n|-supereffective|p2b: Ursaluna\n|-damage|p2b: Ursaluna|0 fnt\n|faint|p2b: Ursaluna\n|move|p2a: Oranguru|Instruct|p2: Ursaluna|[notarget]\n|-fail|p2a: Oranguru\n|\n|upkeep\n|-message|Videoleek2 forfeited.\n|\n|win|pablo ruiz pikachu\n|raw|pablo ruiz pikachu's rating: 1216 &rarr; <strong>1243<\/strong><br \/>(+27 for winning)\n|raw|Videoleek2's rating: 1237 &rarr; <strong>1210<\/strong><br \/>(-27 for losing)\n|l|\u2606Videoleek2\n","uploadtime":1701204037,"views":3,"p1id":"pabloruizpikachu","p2id":"videoleek2","formatid":"gen9doublesou","rating":1210,"private":0,"password":""}