{"id":"gen9doublesou-1974761481","p1":"Groise","p2":"mikeyuwu","format":"[Gen 9] Doubles OU","log":"|j|\u2606Groise\n|j|\u2606mikeyuwu\n|t:|1698118924\n|gametype|doubles\n|player|p1|Groise|1|1199\n|player|p2|mikeyuwu|psychic-gen4|1193\n|teamsize|p1|6\n|teamsize|p2|6\n|gen|9\n|tier|[Gen 9] Doubles OU\n|rated|\n|rule|Species Clause: Limit one of each Pok\u00e9mon\n|rule|OHKO Clause: OHKO moves are banned\n|rule|Evasion Moves Clause: Evasion moves are banned\n|rule|Gravity Sleep Clause: The combination of sleep-inducing moves with imperfect accuracy and Gravity or Gigantamax Orbeetle are banned\n|rule|Endless Battle Clause: Forcing endless battles is banned\n|rule|HP Percentage Mod: HP is shown in percentages\n|clearpoke\n|poke|p1|Empoleon, M|\n|poke|p1|Gliscor, M|\n|poke|p1|Garganacl, M|\n|poke|p1|Infernape, F|\n|poke|p1|Ceruledge, F|\n|poke|p1|Torterra, F|\n|poke|p2|Garchomp, M|\n|poke|p2|Tyranitar, F|\n|poke|p2|Vaporeon, F|\n|poke|p2|Toxicroak, M|\n|poke|p2|Pelipper, F|\n|poke|p2|Abomasnow, M|\n|teampreview\n|inactive|Battle timer is ON: inactive players will automatically lose when time's up. (requested by Groise)\n|\n|t:|1698118932\n|start\n|switch|p1a: Infernape|Infernape, F|100\/100\n|switch|p1b: Torterra|Torterra, F|100\/100\n|switch|p2a: OTLHPM|Toxicroak, M|100\/100\n|switch|p2b: Harmacy|Vaporeon, F|100\/100\n|turn|1\n|\n|t:|1698118939\n|switch|p2a: Cold Shoulder|Abomasnow, M, shiny|100\/100\n|-weather|Snow|[from] ability: Snow Warning|[of] p2a: Cold Shoulder\n|move|p1a: Infernape|Fake Out|p2a: Cold Shoulder\n|-enditem|p1a: Infernape|Normal Gem|[from] gem\n|-damage|p2a: Cold Shoulder|91\/100\n|move|p1b: Torterra|Shell Smash|p1b: Torterra\n|-unboost|p1b: Torterra|def|1\n|-unboost|p1b: Torterra|spd|1\n|-boost|p1b: Torterra|atk|2\n|-boost|p1b: Torterra|spa|2\n|-boost|p1b: Torterra|spe|2\n|-enditem|p1b: Torterra|White Herb\n|-clearnegativeboost|p1b: Torterra|[silent]\n|move|p2b: Harmacy|Weather Ball|p1b: Torterra\n|-supereffective|p1b: Torterra\n|-damage|p1b: Torterra|0 fnt\n|faint|p1b: Torterra\n|\n|-weather|Snow|[upkeep]\n|upkeep\n|\n|t:|1698118960\n|switch|p1b: Ceruledge|Ceruledge, F|100\/100\n|turn|2\n|\n|t:|1698118969\n|switch|p2a: Weather War|Pelipper, F|100\/100\n|-weather|RainDance|[from] ability: Drizzle|[of] p2a: Weather War\n|move|p1a: Infernape|Acrobatics|p2b: Harmacy\n|-damage|p2b: Harmacy|78\/100\n|move|p1b: Ceruledge|Bitter Blade|p2a: Weather War\n|-resisted|p2a: Weather War\n|-damage|p2a: Weather War|91\/100\n|move|p2b: Harmacy|Weather Ball|p1a: Infernape\n|-supereffective|p1a: Infernape\n|-damage|p1a: Infernape|0 fnt\n|faint|p1a: Infernape\n|\n|-weather|RainDance|[upkeep]\n|-heal|p2b: Harmacy|84\/100|[from] item: Leftovers\n|upkeep\n|\n|t:|1698118976\n|switch|p1a: Empoleon|Empoleon, M|100\/100\n|turn|3\n|\n|t:|1698118989\n|switch|p2a: OTLHPM|Toxicroak, M|100\/100\n|move|p1b: Ceruledge|Shadow Claw|p2b: Harmacy\n|-crit|p2b: Harmacy\n|-damage|p2b: Harmacy|47\/100\n|move|p2b: Harmacy|Weather Ball|p1b: Ceruledge\n|-supereffective|p1b: Ceruledge\n|-enditem|p1b: Ceruledge|Focus Sash\n|-damage|p1b: Ceruledge|1\/100\n|move|p1a: Empoleon|Icy Wind|p2a: OTLHPM|[spread] p2a,p2b\n|-resisted|p2b: Harmacy\n|-damage|p2a: OTLHPM|82\/100\n|-damage|p2b: Harmacy|42\/100\n|-unboost|p2a: OTLHPM|spe|1\n|-unboost|p2b: Harmacy|spe|1\n|\n|-weather|RainDance|[upkeep]\n|-heal|p2a: OTLHPM|94\/100|[from] ability: Dry Skin\n|-heal|p2a: OTLHPM|100\/100|[from] item: Black Sludge\n|-heal|p2b: Harmacy|48\/100|[from] item: Leftovers\n|upkeep\n|turn|4\n|\n|t:|1698119009\n|switch|p2a: Extra Spicy|Garchomp, M|100\/100\n|move|p1b: Ceruledge|Shadow Claw|p2b: Harmacy\n|-damage|p2b: Harmacy|21\/100\n|move|p1a: Empoleon|Air Slash|p2a: Extra Spicy\n|-damage|p2a: Extra Spicy|75\/100\n|move|p2b: Harmacy|Wish|p2b: Harmacy\n|\n|-weather|RainDance|[upkeep]\n|-heal|p2b: Harmacy|27\/100|[from] item: Leftovers\n|upkeep\n|turn|5\n|\n|t:|1698119023\n|switch|p2b: Weather War|Pelipper, F|91\/100\n|move|p1b: Ceruledge|Shadow Claw|p2b: Weather War\n|-damage|p2b: Weather War|66\/100\n|move|p2a: Extra Spicy|Earthquake|p1b: Ceruledge|[spread] p1a,p1b\n|-immune|p2b: Weather War\n|-supereffective|p1a: Empoleon\n|-supereffective|p1b: Ceruledge\n|-damage|p1a: Empoleon|39\/100\n|-damage|p1b: Ceruledge|0 fnt\n|faint|p1b: Ceruledge\n|move|p1a: Empoleon|Air Slash|p2b: Weather War\n|-damage|p2b: Weather War|29\/100\n|\n|-weather|RainDance|[upkeep]\n|-heal|p2b: Weather War|100\/100|[from] move: Wish|[wisher] Harmacy\n|upkeep\n|\n|t:|1698119033\n|switch|p1b: Gliscor|Gliscor, M|100\/100\n|turn|6\n|\n|t:|1698119041\n|switch|p2a: Cold Shoulder|Abomasnow, M, shiny|91\/100\n|-weather|Snow|[from] ability: Snow Warning|[of] p2a: Cold Shoulder\n|-terastallize|p1a: Empoleon|Flying\n|move|p1b: Gliscor|Knock Off|p2b: Weather War\n|-damage|p2b: Weather War|78\/100\n|-enditem|p2b: Weather War|Heavy-Duty Boots|[from] move: Knock Off|[of] p1b: Gliscor\n|move|p2b: Weather War|Blizzard|p1a: Empoleon|[spread] p1a,p1b\n|-supereffective|p1a: Empoleon\n|-supereffective|p1b: Gliscor\n|-damage|p1a: Empoleon|18\/100\n|-damage|p1b: Gliscor|0 fnt\n|faint|p1b: Gliscor\n|move|p1a: Empoleon|Icy Wind|p2a: Cold Shoulder|[spread] p2a,p2b\n|-damage|p2a: Cold Shoulder|75\/100\n|-damage|p2b: Weather War|57\/100\n|-unboost|p2a: Cold Shoulder|spe|1\n|-unboost|p2b: Weather War|spe|1\n|\n|-weather|Snow|[upkeep]\n|upkeep\n|\n|t:|1698119053\n|switch|p1b: Garganacl|Garganacl, M|100\/100\n|turn|7\n|\n|t:|1698119067\n|move|p1a: Empoleon|Flash Cannon|p2a: Cold Shoulder\n|-supereffective|p2a: Cold Shoulder\n|-damage|p2a: Cold Shoulder|0 fnt\n|faint|p2a: Cold Shoulder\n|move|p2b: Weather War|Soak|p1b: Garganacl\n|-start|p1b: Garganacl|typechange|Water\n|move|p1b: Garganacl|Salt Cure|p2b: Weather War\n|-supereffective|p2b: Weather War\n|-damage|p2b: Weather War|42\/100\n|-start|p2b: Weather War|Salt Cure\n|\n|-weather|Snow|[upkeep]\n|-damage|p2b: Weather War|17\/100|[from] Salt Cure\n|upkeep\n|\n|t:|1698119071\n|switch|p2a: ThcrThnSnkr|Tyranitar, F|100\/100\n|-weather|Sandstorm|[from] ability: Sand Stream|[of] p2a: ThcrThnSnkr\n|turn|8\n|\n|t:|1698119093\n|move|p2a: ThcrThnSnkr|Thunderbolt|p1a: Empoleon\n|-supereffective|p1a: Empoleon\n|-damage|p1a: Empoleon|0 fnt\n|faint|p1a: Empoleon\n|move|p2b: Weather War|Hurricane|p1b: Garganacl|[miss]\n|-miss|p2b: Weather War|p1b: Garganacl\n|move|p1b: Garganacl|Salt Cure|p2a: ThcrThnSnkr\n|-damage|p2a: ThcrThnSnkr|92\/100\n|-start|p2a: ThcrThnSnkr|Salt Cure\n|\n|-weather|Sandstorm|[upkeep]\n|-damage|p2b: Weather War|11\/100|[from] Sandstorm\n|-damage|p1b: Garganacl|94\/100|[from] Sandstorm\n|-heal|p1b: Garganacl|100\/100|[from] item: Leftovers\n|-damage|p2a: ThcrThnSnkr|80\/100|[from] Salt Cure\n|-damage|p2b: Weather War|0 fnt|[from] Salt Cure\n|faint|p2b: Weather War\n|upkeep\n|\n|t:|1698119099\n|switch|p2b: Harmacy|Vaporeon, F|27\/100\n|turn|9\n|c|\u2606mikeyuwu|Ggs\n|\n|t:|1698119111\n|move|p2a: ThcrThnSnkr|Thunderbolt|p1b: Garganacl\n|-supereffective|p1b: Garganacl\n|-crit|p1b: Garganacl\n|-damage|p1b: Garganacl|38\/100\n|move|p2b: Harmacy|Copycat|p2b: Harmacy\n|move|p2b: Harmacy|Thunderbolt|p1b: Garganacl|[from]move: Copycat\n|-supereffective|p1b: Garganacl\n|-damage|p1b: Garganacl|0 fnt\n|faint|p1b: Garganacl\n|\n|win|mikeyuwu\n|raw|Groise's rating: 1199 &rarr; <strong>1174<\/strong><br \/>(-25 for losing)\n|raw|mikeyuwu's rating: 1193 &rarr; <strong>1218<\/strong><br \/>(+25 for winning)\n|l|\u2606Groise\n","uploadtime":1698119127,"views":22,"p1id":"groise","p2id":"mikeyuwu","formatid":"gen9doublesou","rating":1174,"private":0,"password":""}