{"id":"gen9doublesou-1974293719","p1":"Human_Toast18954","p2":"RogueLax","format":"[Gen 9] Doubles OU","log":"|j|\u2606Human_Toast18954\n|j|\u2606RogueLax\n|t:|1698075467\n|gametype|doubles\n|player|p1|Human_Toast18954|falkner|1283\n|player|p2|RogueLax|pokemaniac|1446\n|teamsize|p1|6\n|teamsize|p2|6\n|gen|9\n|tier|[Gen 9] Doubles OU\n|rated|\n|rule|Species Clause: Limit one of each Pok\u00e9mon\n|rule|OHKO Clause: OHKO moves are banned\n|rule|Evasion Moves Clause: Evasion moves are banned\n|rule|Gravity Sleep Clause: The combination of sleep-inducing moves with imperfect accuracy and Gravity or Gigantamax Orbeetle are banned\n|rule|Endless Battle Clause: Forcing endless battles is banned\n|rule|HP Percentage Mod: HP is shown in percentages\n|clearpoke\n|poke|p1|Slaking, M|\n|poke|p1|Weezing-Galar, M|\n|poke|p1|Espathra, M|\n|poke|p1|Flutter Mane|\n|poke|p1|Ninetales-Alola, F|\n|poke|p1|Iron Hands|\n|poke|p2|Iron Hands|\n|poke|p2|Slowking-Galar, F|\n|poke|p2|Ogerpon-Wellspring, F|\n|poke|p2|Tornadus, M|\n|poke|p2|Gholdengo|\n|poke|p2|Braviary-Hisui, M|\n|teampreview\n|\n|t:|1698075479\n|start\n|switch|p1a: Ninetales|Ninetales-Alola, F|100\/100\n|switch|p1b: Iron Hands|Iron Hands|100\/100\n|switch|p2a: Tornadus|Tornadus, M, shiny|100\/100\n|switch|p2b: Gholdengo|Gholdengo|100\/100\n|-weather|Snow|[from] ability: Snow Warning|[of] p1a: Ninetales\n|turn|1\n|\n|t:|1698075493\n|-terastallize|p1a: Ninetales|Water\n|move|p1b: Iron Hands|Fake Out|p2a: Tornadus\n|-damage|p2a: Tornadus|83\/100\n|cant|p2a: Tornadus|flinch\n|move|p1a: Ninetales|Aurora Veil|p1a: Ninetales\n|-sidestart|p1: Human_Toast18954|move: Aurora Veil\n|move|p2b: Gholdengo|Make It Rain|p1b: Iron Hands|[spread] p1a,p1b\n|-resisted|p1a: Ninetales\n|-resisted|p1b: Iron Hands\n|-damage|p1a: Ninetales|75\/100\n|-damage|p1b: Iron Hands|86\/100\n|-unboost|p2b: Gholdengo|spa|1\n|\n|-weather|Snow|[upkeep]\n|upkeep\n|turn|2\n|\n|t:|1698075518\n|move|p2a: Tornadus|Rain Dance|p2a: Tornadus\n|-weather|RainDance\n|move|p1a: Ninetales|Freeze-Dry|p2a: Tornadus\n|-supereffective|p2a: Tornadus\n|-damage|p2a: Tornadus|24\/100\n|move|p2b: Gholdengo|Make It Rain|p1b: Iron Hands|[spread] p1a,p1b\n|-resisted|p1a: Ninetales\n|-resisted|p1b: Iron Hands\n|-damage|p1a: Ninetales|59\/100\n|-damage|p1b: Iron Hands|78\/100\n|-unboost|p2b: Gholdengo|spa|1\n|move|p1b: Iron Hands|Wild Charge|p2a: Tornadus\n|-supereffective|p2a: Tornadus\n|-damage|p2a: Tornadus|0 fnt\n|faint|p2a: Tornadus\n|-damage|p1b: Iron Hands|74\/100|[from] Recoil\n|\n|-weather|RainDance|[upkeep]\n|upkeep\n|\n|t:|1698075532\n|switch|p2a: Slowking|Slowking-Galar, F|100\/100\n|turn|3\n|\n|t:|1698075539\n|switch|p1a: Slaking|Slaking, M|100\/100\n|switch|p2b: Iron Hands|Iron Hands|100\/100\n|-end|p1b: Iron Hands|Quark Drive|[silent]\n|switch|p1b: Espathra|Espathra, M|100\/100\n|move|p2a: Slowking|Trick Room|p2a: Slowking\n|-fieldstart|move: Trick Room|[of] p2a: Slowking\n|\n|-weather|RainDance|[upkeep]\n|upkeep\n|turn|4\n|\n|t:|1698075563\n|move|p2b: Iron Hands|Fake Out|p1a: Slaking\n|-damage|p1a: Slaking|91\/100\n|-damage|p2b: Iron Hands|90\/100|[from] item: Life Orb\n|move|p2a: Slowking|Chilling Water|p1a: Slaking\n|-damage|p1a: Slaking|75\/100\n|-unboost|p1a: Slaking|atk|1\n|cant|p1a: Slaking|flinch\n|move|p1b: Espathra|Skill Swap|p1a: Slaking\n|-activate|p1b: Espathra|move: Skill Swap|||[of] p1a: Slaking\n|\n|-weather|RainDance|[upkeep]\n|-heal|p1a: Slaking|81\/100|[from] item: Leftovers\n|-ability|p1a: Slaking|Speed Boost|boost\n|-boost|p1a: Slaking|spe|1\n|upkeep\n|turn|5\n|\n|t:|1698075591\n|cant|p1b: Espathra|ability: Truant\n|move|p2a: Slowking|Chilling Water|p1a: Slaking\n|-damage|p1a: Slaking|65\/100\n|-unboost|p1a: Slaking|atk|1\n|move|p2b: Iron Hands|Wild Charge|p1b: Espathra\n|-damage|p1b: Espathra|37\/100\n|-damage|p2b: Iron Hands|76\/100|[from] Recoil\n|-damage|p2b: Iron Hands|66\/100|[from] item: Life Orb\n|move|p1a: Slaking|Knock Off|p2a: Slowking\n|-supereffective|p2a: Slowking\n|-damage|p2a: Slowking|60\/100\n|-enditem|p2a: Slowking|Leftovers|[from] move: Knock Off|[of] p1a: Slaking\n|\n|-weather|RainDance|[upkeep]\n|-heal|p1a: Slaking|72\/100|[from] item: Leftovers\n|-ability|p1a: Slaking|Speed Boost|boost\n|-boost|p1a: Slaking|spe|1\n|upkeep\n|turn|6\n|\n|t:|1698075614\n|move|p2a: Slowking|Psychic|p1b: Espathra\n|-resisted|p1b: Espathra\n|-damage|p1b: Espathra|18\/100\n|move|p2b: Iron Hands|Close Combat|p1a: Slaking\n|-supereffective|p1a: Slaking\n|-damage|p1a: Slaking|0 fnt\n|-unboost|p2b: Iron Hands|def|1\n|-unboost|p2b: Iron Hands|spd|1\n|faint|p1a: Slaking\n|-damage|p2b: Iron Hands|57\/100|[from] item: Life Orb\n|move|p1b: Espathra|Lumina Crash|p2b: Iron Hands\n|-supereffective|p2b: Iron Hands\n|-damage|p2b: Iron Hands|0 fnt\n|faint|p2b: Iron Hands\n|-end|p2b: Iron Hands|Quark Drive|[silent]\n|\n|-weather|RainDance|[upkeep]\n|upkeep\n|\n|t:|1698075642\n|switch|p2b: Braviary|Braviary-Hisui, M|100\/100\n|switch|p1a: Iron Hands|Iron Hands|74\/100\n|turn|7\n|\n|t:|1698075653\n|switch|p2b: Gholdengo|Gholdengo|100\/100\n|move|p1a: Iron Hands|Fake Out|p2b: Gholdengo\n|-immune|p2b: Gholdengo\n|move|p2a: Slowking|Psychic|p1b: Espathra\n|-resisted|p1b: Espathra\n|-damage|p1b: Espathra|0 fnt\n|faint|p1b: Espathra\n|\n|-weather|RainDance|[upkeep]\n|-fieldend|move: Trick Room\n|upkeep\n|\n|t:|1698075667\n|switch|p1b: Ninetales|Ninetales-Alola, F, tera:Water|59\/100\n|-weather|Snow|[from] ability: Snow Warning|[of] p1b: Ninetales\n|turn|8\n|\n|t:|1698075680\n|move|p1b: Ninetales|Encore|p2a: Slowking\n|-start|p2a: Slowking|Encore\n|move|p2b: Gholdengo|Make It Rain|p1a: Iron Hands|[spread] p1a,p1b\n|-resisted|p1a: Iron Hands\n|-resisted|p1b: Ninetales\n|-damage|p1a: Iron Hands|61\/100\n|-damage|p1b: Ninetales|34\/100\n|-unboost|p2b: Gholdengo|spa|1\n|move|p1a: Iron Hands|Wild Charge|p2b: Gholdengo\n|-damage|p2b: Gholdengo|46\/100\n|-damage|p1a: Iron Hands|52\/100|[from] Recoil\n|move|p2a: Slowking|Psychic|p1a: Iron Hands\n|-supereffective|p1a: Iron Hands\n|-damage|p1a: Iron Hands|18\/100\n|\n|-weather|Snow|[upkeep]\n|-sideend|p1: Human_Toast18954|move: Aurora Veil\n|upkeep\n|turn|9\n|\n|t:|1698075715\n|switch|p2b: Braviary|Braviary-Hisui, M|100\/100\n|move|p1b: Ninetales|Freeze-Dry|p2a: Slowking\n|-damage|p2a: Slowking|39\/100\n|move|p1a: Iron Hands|Wild Charge|p2b: Braviary\n|-supereffective|p2b: Braviary\n|-damage|p2b: Braviary|0 fnt\n|faint|p2b: Braviary\n|-damage|p1a: Iron Hands|0 fnt|[from] Recoil\n|faint|p1a: Iron Hands\n|-end|p1a: Iron Hands|Quark Drive|[silent]\n|move|p2a: Slowking|Psychic|p1b: Ninetales\n|-damage|p1b: Ninetales|0 fnt\n|faint|p1b: Ninetales\n|\n|-weather|Snow|[upkeep]\n|upkeep\n|\n|t:|1698075723\n|switch|p1b: Weezing|Weezing-Galar, M|100\/100\n|switch|p2b: Gholdengo|Gholdengo|46\/100\n|switch|p1a: Flutter Mane|Flutter Mane|100\/100\n|-ability|p1b: Weezing|Neutralizing Gas\n|-enditem|p1a: Flutter Mane|Booster Energy\n|-activate|p1a: Flutter Mane|ability: Protosynthesis|[fromitem]\n|-start|p1a: Flutter Mane|protosynthesisspe\n|turn|10\n|\n|t:|1698075739\n|move|p1a: Flutter Mane|Shadow Ball|p2b: Gholdengo\n|-supereffective|p2b: Gholdengo\n|-damage|p2b: Gholdengo|0 fnt\n|faint|p2b: Gholdengo\n|move|p1b: Weezing|Strange Steam|p2a: Slowking\n|-resisted|p2a: Slowking\n|-damage|p2a: Slowking|27\/100\n|move|p2a: Slowking|Psychic|p1b: Weezing\n|-supereffective|p1b: Weezing\n|-damage|p1b: Weezing|0 fnt\n|faint|p1b: Weezing\n|-end|p1b: Weezing|ability: Neutralizing Gas\n|\n|-weather|Snow|[upkeep]\n|-end|p2a: Slowking|Encore\n|upkeep\n|\n|t:|1698075748\n|switch|p2b: Ogerpon|Ogerpon-Wellspring, F|100\/100\n|turn|11\n|\n|t:|1698075759\n|-terastallize|p2b: Ogerpon|Water\n|detailschange|p2b: Ogerpon|Ogerpon-Wellspring-Tera, F, tera:Water\n|-ability|p2b: Ogerpon|Embody Aspect (Wellspring)|boost\n|-boost|p2b: Ogerpon|spd|1\n|move|p1a: Flutter Mane|Shadow Ball|p2a: Slowking\n|-supereffective|p2a: Slowking\n|-damage|p2a: Slowking|0 fnt\n|faint|p2a: Slowking\n|move|p2b: Ogerpon|Ivy Cudgel|p1a: Flutter Mane\n|-damage|p1a: Flutter Mane|0 fnt\n|faint|p1a: Flutter Mane\n|-end|p1a: Flutter Mane|Protosynthesis|[silent]\n|\n|win|RogueLax\n|raw|Human_Toast18954's rating: 1283 &rarr; <strong>1269<\/strong><br \/>(-14 for losing)\n|raw|RogueLax's rating: 1446 &rarr; <strong>1457<\/strong><br \/>(+11 for winning)\n|c|\u2606Human_Toast18954|gg\n|l|\u2606Human_Toast18954\n","uploadtime":1698075774,"views":19,"p1id":"humantoast18954","p2id":"roguelax","formatid":"gen9doublesou","rating":1269,"private":0,"password":""}