{"id":"gen9doublesou-1974385068","p1":"edgypunishment","p2":"Rex Complex","format":"[Gen 9] Doubles OU","log":"|j|\u2606edgypunishment\n|j|\u2606Rex Complex\n|t:|1698082764\n|gametype|doubles\n|player|p1|edgypunishment|dawn|1113\n|player|p2|Rex Complex|swimmer-gen4dp|1204\n|teamsize|p1|6\n|teamsize|p2|6\n|gen|9\n|tier|[Gen 9] Doubles OU\n|rated|\n|rule|Species Clause: Limit one of each Pok\u00e9mon\n|rule|OHKO Clause: OHKO moves are banned\n|rule|Evasion Moves Clause: Evasion moves are banned\n|rule|Gravity Sleep Clause: The combination of sleep-inducing moves with imperfect accuracy and Gravity or Gigantamax Orbeetle are banned\n|rule|Endless Battle Clause: Forcing endless battles is banned\n|rule|HP Percentage Mod: HP is shown in percentages\n|clearpoke\n|poke|p1|Florges-Blue, F|\n|poke|p1|Iron Valiant|\n|poke|p1|Flutter Mane|\n|poke|p1|Azumarill, F|\n|poke|p1|Carbink|\n|poke|p1|Tinkaton, F|\n|poke|p2|Bronzong|\n|poke|p2|Bisharp, M|\n|poke|p2|Klefki, F|\n|poke|p2|Empoleon, M|\n|poke|p2|Gholdengo|\n|poke|p2|Probopass, F|\n|teampreview\n|inactive|Battle timer is ON: inactive players will automatically lose when time's up. (requested by edgypunishment)\n|\n|t:|1698082772\n|start\n|switch|p1a: Florges|Florges-Blue, F|100\/100\n|switch|p1b: Iron Valiant|Iron Valiant|100\/100\n|switch|p2a: Probopass|Probopass, F|100\/100\n|switch|p2b: Bronzong|Bronzong|100\/100\n|-item|p2a: Probopass|Air Balloon\n|-enditem|p1b: Iron Valiant|Booster Energy\n|-activate|p1a: Florges|ability: Symbiosis|Focus Sash|[of] p1b: Iron Valiant\n|-activate|p1b: Iron Valiant|ability: Quark Drive|[fromitem]\n|-start|p1b: Iron Valiant|quarkdrivespe\n|turn|1\n|inactive|edgypunishment has 120 seconds left.\n|inactive|edgypunishment has 90 seconds left.\n|inactive|edgypunishment has 60 seconds left.\n|inactive|edgypunishment has 30 seconds left.\n|\n|t:|1698082894\n|move|p1b: Iron Valiant|Close Combat|p2a: Probopass\n|-supereffective|p2a: Probopass\n|-damage|p2a: Probopass|0 fnt\n|-unboost|p1b: Iron Valiant|def|1\n|-unboost|p1b: Iron Valiant|spd|1\n|-enditem|p2a: Probopass|Air Balloon\n|faint|p2a: Probopass\n|move|p1a: Florges|Calm Mind|p1a: Florges\n|-boost|p1a: Florges|spa|1\n|-boost|p1a: Florges|spd|1\n|move|p2b: Bronzong|Trick Room|p2b: Bronzong\n|-fieldstart|move: Trick Room|[of] p2b: Bronzong\n|\n|upkeep\n|\n|t:|1698082913\n|switch|p2a: Gholdengo|Gholdengo|100\/100\n|-item|p2a: Gholdengo|Air Balloon\n|turn|2\n|\n|t:|1698082938\n|move|p2b: Bronzong|Iron Head|p1a: Florges\n|-supereffective|p1a: Florges\n|-damage|p1a: Florges|24\/100\n|move|p1a: Florges|Draining Kiss|p2a: Gholdengo\n|-resisted|p2a: Gholdengo\n|-damage|p2a: Gholdengo|82\/100\n|-heal|p1a: Florges|40\/100|[from] drain|[of] p2a: Gholdengo\n|-enditem|p2a: Gholdengo|Air Balloon\n|move|p2a: Gholdengo|Dazzling Gleam|p1a: Florges|[spread] p1a,p1b\n|-supereffective|p1b: Iron Valiant\n|-damage|p1a: Florges|27\/100\n|-enditem|p1b: Iron Valiant|Focus Sash\n|-damage|p1b: Iron Valiant|1\/100\n|move|p1b: Iron Valiant|Close Combat|p2b: Bronzong\n|-damage|p2b: Bronzong|43\/100\n|-unboost|p1b: Iron Valiant|def|1\n|-unboost|p1b: Iron Valiant|spd|1\n|\n|-heal|p2b: Bronzong|49\/100|[from] item: Leftovers\n|upkeep\n|turn|3\n|inactive|edgypunishment has 60 seconds left.\n|\n|t:|1698082961\n|move|p2b: Bronzong|Rock Slide|p1b: Iron Valiant|[spread] p1a\n|-miss|p2b: Bronzong|p1b: Iron Valiant\n|-damage|p1a: Florges|10\/100\n|move|p1a: Florges|Draining Kiss|p2b: Bronzong\n|-resisted|p2b: Bronzong\n|-damage|p2b: Bronzong|30\/100\n|-heal|p1a: Florges|23\/100|[from] drain|[of] p2b: Bronzong\n|move|p2a: Gholdengo|Dazzling Gleam|p1a: Florges|[spread] p1a,p1b\n|-supereffective|p1b: Iron Valiant\n|-damage|p1a: Florges|11\/100\n|-damage|p1b: Iron Valiant|0 fnt\n|faint|p1b: Iron Valiant\n|-end|p1b: Iron Valiant|Quark Drive|[silent]\n|\n|-heal|p2b: Bronzong|36\/100|[from] item: Leftovers\n|upkeep\n|\n|t:|1698082977\n|switch|p1b: Azumarill|Azumarill, F|100\/100\n|turn|4\n|\n|t:|1698082987\n|move|p1a: Florges|Helping Hand|p1b: Azumarill\n|-singleturn|p1b: Azumarill|Helping Hand|[of] p1a: Florges\n|move|p2b: Bronzong|Rock Slide|p1b: Azumarill|[spread] p1a,p1b\n|-damage|p1a: Florges|0 fnt\n|-damage|p1b: Azumarill|85\/100\n|faint|p1a: Florges\n|move|p1b: Azumarill|Liquidation|p2a: Gholdengo\n|-damage|p2a: Gholdengo|0 fnt\n|faint|p2a: Gholdengo\n|\n|-heal|p2b: Bronzong|43\/100|[from] item: Leftovers\n|upkeep\n|\n|t:|1698083007\n|switch|p1a: Carbink|Carbink|100\/100\n|switch|p2a: Empoleon|Empoleon, M|100\/100\n|-item|p2a: Empoleon|Air Balloon\n|turn|5\n|inactive|edgypunishment has 90 seconds left.\n|\n|t:|1698083018\n|move|p2b: Bronzong|Iron Head|p1a: Carbink\n|-supereffective|p1a: Carbink\n|-damage|p1a: Carbink|10\/100\n|move|p1b: Azumarill|Superpower|p2a: Empoleon\n|-supereffective|p2a: Empoleon\n|-damage|p2a: Empoleon|0 fnt\n|-unboost|p1b: Azumarill|atk|1\n|-unboost|p1b: Azumarill|def|1\n|-enditem|p2a: Empoleon|Air Balloon\n|faint|p2a: Empoleon\n|cant|p1a: Carbink|flinch\n|\n|-heal|p2b: Bronzong|49\/100|[from] item: Leftovers\n|-fieldend|move: Trick Room\n|upkeep\n|\n|t:|1698083035\n|switch|p2a: Bisharp|Bisharp, M|100\/100\n|-item|p2a: Bisharp|Air Balloon\n|turn|6\n|\n|t:|1698083050\n|move|p2a: Bisharp|Iron Head|p1b: Azumarill\n|-damage|p1b: Azumarill|21\/100\n|cant|p1b: Azumarill|flinch\n|move|p1a: Carbink|Body Press|p2a: Bisharp\n|-supereffective|p2a: Bisharp\n|-damage|p2a: Bisharp|0 fnt\n|-enditem|p2a: Bisharp|Air Balloon\n|faint|p2a: Bisharp\n|move|p2b: Bronzong|Rock Slide|p1b: Azumarill|[spread] \n|-miss|p2b: Bronzong|p1a: Carbink\n|-miss|p2b: Bronzong|p1b: Azumarill\n|\n|-heal|p2b: Bronzong|55\/100|[from] item: Leftovers\n|upkeep\n|\n|t:|1698083064\n|switch|p2a: Klefki|Klefki, F|100\/100\n|turn|7\n|\n|t:|1698083079\n|move|p1a: Carbink|Body Press|p2a: Klefki\n|-damage|p2a: Klefki|62\/100\n|move|p1b: Azumarill|Superpower|p2a: Klefki\n|-crit|p2a: Klefki\n|-damage|p2a: Klefki|0 fnt\n|-unboost|p1b: Azumarill|atk|1\n|-unboost|p1b: Azumarill|def|1\n|faint|p2a: Klefki\n|move|p2b: Bronzong|Rock Slide|p1a: Carbink|[spread] p1b\n|-miss|p2b: Bronzong|p1a: Carbink\n|-damage|p1b: Azumarill|0 fnt\n|faint|p1b: Azumarill\n|\n|-heal|p2b: Bronzong|61\/100|[from] item: Leftovers\n|upkeep\n|\n|t:|1698083093\n|switch|p1b: Flutter Mane|Flutter Mane|100\/100\n|turn|8\n|\n|t:|1698083100\n|move|p1b: Flutter Mane|Shadow Ball|p2b: Bronzong\n|-supereffective|p2b: Bronzong\n|-damage|p2b: Bronzong|0 fnt\n|faint|p2b: Bronzong\n|\n|win|edgypunishment\n|raw|edgypunishment's rating: 1146 &rarr; <strong>1175<\/strong><br \/>(+29 for winning)\n|raw|Rex Complex's rating: 1204 &rarr; <strong>1175<\/strong><br \/>(-29 for losing)\n|c|\u2606Rex Complex|GG\n|l|\u2606Rex Complex\n|c|\u2606edgypunishment|gg\n","uploadtime":1698083110,"views":13,"p1id":"edgypunishment","p2id":"rexcomplex","formatid":"gen9doublesou","rating":1175,"private":0,"password":""}