{"id":"gen9doublesou-1986847893","p1":"zKalaxe","p2":"Mait27","format":"[Gen 9] Doubles OU","log":"|j|\u2606zKalaxe\n|j|\u2606Mait27\n|t:|1699533637\n|gametype|doubles\n|player|p1|zKalaxe|n|1698\n|player|p2|Mait27|burglar|1489\n|teamsize|p1|6\n|teamsize|p2|6\n|gen|9\n|tier|[Gen 9] Doubles OU\n|rated|\n|rule|Species Clause: Limit one of each Pok\u00e9mon\n|rule|OHKO Clause: OHKO moves are banned\n|rule|Evasion Moves Clause: Evasion moves are banned\n|rule|Gravity Sleep Clause: The combination of sleep-inducing moves with imperfect accuracy and Gravity or Gigantamax Orbeetle are banned\n|rule|Endless Battle Clause: Forcing endless battles is banned\n|rule|HP Percentage Mod: HP is shown in percentages\n|clearpoke\n|poke|p1|Iron Hands|\n|poke|p1|Roaring Moon|\n|poke|p1|Landorus-Therian, M|\n|poke|p1|Heatran, M|\n|poke|p1|Flutter Mane|\n|poke|p1|Rillaboom, M|\n|poke|p2|Baxcalibur, M|\n|poke|p2|Torkoal, M|\n|poke|p2|Walking Wake|\n|poke|p2|Gholdengo|\n|poke|p2|Amoonguss, F|\n|poke|p2|Rillaboom, F|\n|teampreview\n|\n|t:|1699533691\n|start\n|switch|p1a: Heatran|Heatran, M|100\/100\n|switch|p1b: Iron Hands|Iron Hands|100\/100\n|switch|p2a: Rillaboom|Rillaboom, F|100\/100\n|switch|p2b: Amoonguss|Amoonguss, F|100\/100\n|-fieldstart|move: Grassy Terrain|[from] ability: Grassy Surge|[of] p2a: Rillaboom\n|turn|1\n|\n|t:|1699533707\n|move|p2a: Rillaboom|Fake Out|p1b: Iron Hands\n|-damage|p1b: Iron Hands|89\/100\n|cant|p1b: Iron Hands|flinch\n|move|p1a: Heatran|Heat Wave|p2b: Amoonguss|[spread] p2a,p2b\n|-supereffective|p2a: Rillaboom\n|-supereffective|p2b: Amoonguss\n|-crit|p2b: Amoonguss\n|-damage|p2a: Rillaboom|43\/100\n|-damage|p2b: Amoonguss|28\/100\n|move|p2b: Amoonguss|Spore|p1b: Iron Hands\n|-status|p1b: Iron Hands|slp|[from] move: Spore\n|\n|-heal|p2a: Rillaboom|49\/100|[from] Grassy Terrain\n|-heal|p1b: Iron Hands|96\/100 slp|[from] Grassy Terrain\n|-heal|p2b: Amoonguss|34\/100|[from] Grassy Terrain\n|upkeep\n|turn|2\n|\n|t:|1699533729\n|switch|p2a: Walking Wake|Walking Wake|100\/100\n|move|p2b: Amoonguss|Protect|p2b: Amoonguss\n|-singleturn|p2b: Amoonguss|Protect\n|move|p1a: Heatran|Heat Wave|p2b: Amoonguss|[spread] p2a\n|-activate|p2b: Amoonguss|move: Protect\n|-resisted|p2a: Walking Wake\n|-damage|p2a: Walking Wake|91\/100\n|cant|p1b: Iron Hands|slp\n|\n|-heal|p2a: Walking Wake|97\/100|[from] Grassy Terrain\n|-heal|p1b: Iron Hands|100\/100 slp|[from] Grassy Terrain\n|-heal|p2b: Amoonguss|40\/100|[from] Grassy Terrain\n|upkeep\n|turn|3\n|\n|t:|1699533749\n|switch|p2b: Torkoal|Torkoal, M|100\/100\n|-weather|SunnyDay|[from] ability: Drought|[of] p2b: Torkoal\n|-activate|p2a: Walking Wake|ability: Protosynthesis\n|-start|p2a: Walking Wake|protosynthesisspe\n|move|p1a: Heatran|Protect|p1a: Heatran\n|-singleturn|p1a: Heatran|Protect\n|move|p2a: Walking Wake|Hydro Steam|p1a: Heatran\n|-activate|p1a: Heatran|move: Protect\n|-curestatus|p1b: Iron Hands|slp|[msg]\n|move|p1b: Iron Hands|Volt Switch|p2a: Walking Wake\n|-damage|p2a: Walking Wake|81\/100\n|\n|t:|1699533764\n|-end|p1b: Iron Hands|Quark Drive|[silent]\n|switch|p1b: Flutter Mane|Flutter Mane|100\/100|[from] Volt Switch\n|-activate|p1b: Flutter Mane|ability: Protosynthesis\n|-start|p1b: Flutter Mane|protosynthesisspe\n|\n|-weather|SunnyDay|[upkeep]\n|-heal|p2a: Walking Wake|87\/100|[from] Grassy Terrain\n|upkeep\n|turn|4\n|\n|t:|1699533783\n|-end|p2a: Walking Wake|Protosynthesis|[silent]\n|switch|p2a: Amoonguss|Amoonguss, F|73\/100\n|move|p1b: Flutter Mane|Protect|p1b: Flutter Mane\n|-singleturn|p1b: Flutter Mane|Protect\n|move|p1a: Heatran|Earth Power|p2b: Torkoal\n|-supereffective|p2b: Torkoal\n|-damage|p2b: Torkoal|26\/100\n|move|p2b: Torkoal|Yawn|p1a: Heatran\n|-start|p1a: Heatran|move: Yawn|[of] p2b: Torkoal\n|\n|-weather|SunnyDay|[upkeep]\n|-heal|p2a: Amoonguss|79\/100|[from] Grassy Terrain\n|-heal|p2b: Torkoal|32\/100|[from] Grassy Terrain\n|upkeep\n|turn|5\n|\n|t:|1699533825\n|move|p2b: Torkoal|Protect|p2b: Torkoal\n|-singleturn|p2b: Torkoal|Protect\n|move|p1b: Flutter Mane|Shadow Ball|p2a: Amoonguss\n|-damage|p2a: Amoonguss|46\/100\n|-damage|p1b: Flutter Mane|91\/100|[from] item: Life Orb\n|move|p1a: Heatran|Heat Wave|p2a: Amoonguss|[spread] \n|-activate|p2b: Torkoal|move: Protect\n|-miss|p1a: Heatran|p2a: Amoonguss\n|move|p2a: Amoonguss|Spore|p1b: Flutter Mane\n|-status|p1b: Flutter Mane|slp|[from] move: Spore\n|\n|-weather|SunnyDay|[upkeep]\n|-heal|p1b: Flutter Mane|97\/100 slp|[from] Grassy Terrain\n|-heal|p2a: Amoonguss|52\/100|[from] Grassy Terrain\n|-heal|p2b: Torkoal|38\/100|[from] Grassy Terrain\n|-end|p1a: Heatran|move: Yawn|[silent]\n|-status|p1a: Heatran|slp\n|-fieldend|move: Grassy Terrain\n|upkeep\n|turn|6\n|c|\u2606zKalaxe|This luck\n|\n|t:|1699533859\n|-end|p1b: Flutter Mane|Protosynthesis|[silent]\n|switch|p1b: Landorus|Landorus-Therian, M|100\/100\n|-ability|p1b: Landorus|Intimidate|boost\n|-unboost|p2a: Amoonguss|atk|1\n|-unboost|p2b: Torkoal|atk|1\n|switch|p2a: Baxcalibur|Baxcalibur, M|100\/100\n|switch|p2b: Walking Wake|Walking Wake|87\/100\n|-activate|p2b: Walking Wake|ability: Protosynthesis\n|-start|p2b: Walking Wake|protosynthesisspe\n|cant|p1a: Heatran|slp\n|\n|-weather|SunnyDay|[upkeep]\n|upkeep\n|turn|7\n|\n|t:|1699533877\n|switch|p1b: Iron Hands|Iron Hands|100\/100\n|move|p2b: Walking Wake|Hydro Steam|p2a: Baxcalibur\n|-resisted|p2a: Baxcalibur\n|-damage|p2a: Baxcalibur|51\/100\n|move|p2a: Baxcalibur|Dragon Dance|p2a: Baxcalibur\n|-boost|p2a: Baxcalibur|atk|1\n|-boost|p2a: Baxcalibur|spe|1\n|cant|p1a: Heatran|slp\n|\n|-weather|SunnyDay|[upkeep]\n|upkeep\n|turn|8\n|c|\u2606Mait27|Omg hahahaha\n|c|\u2606Mait27|What a mis click\n|\n|t:|1699533918\n|-terastallize|p2a: Baxcalibur|Fire\n|move|p1b: Iron Hands|Fake Out|p2b: Walking Wake\n|-damage|p2b: Walking Wake|70\/100\n|cant|p2b: Walking Wake|flinch\n|move|p2a: Baxcalibur|Glaive Rush|p1b: Iron Hands\n|-damage|p1b: Iron Hands|29\/100\n|-singlemove|p2a: Baxcalibur|Glaive Rush|[silent]\n|cant|p1a: Heatran|slp\n|\n|-weather|SunnyDay|[upkeep]\n|upkeep\n|turn|9\n|\n|t:|1699533935\n|-curestatus|p1a: Heatran|slp|[msg]\n|move|p1a: Heatran|Protect|p1a: Heatran\n|-singleturn|p1a: Heatran|Protect\n|move|p2b: Walking Wake|Hydro Steam|p1a: Heatran\n|-activate|p1a: Heatran|move: Protect\n|move|p2a: Baxcalibur|Icicle Spear|p1b: Iron Hands\n|-damage|p1b: Iron Hands|14\/100\n|-damage|p1b: Iron Hands|0 fnt\n|faint|p1b: Iron Hands\n|-end|p1b: Iron Hands|Quark Drive|[silent]\n|-hitcount|p1: Iron Hands|2\n|\n|-weather|SunnyDay|[upkeep]\n|upkeep\n|\n|t:|1699533950\n|switch|p1b: Rillaboom|Rillaboom, M|100\/100\n|-fieldstart|move: Grassy Terrain|[from] ability: Grassy Surge|[of] p1b: Rillaboom\n|turn|10\n|\n|t:|1699533964\n|move|p1b: Rillaboom|Fake Out|p2b: Walking Wake\n|-damage|p2b: Walking Wake|55\/100\n|cant|p2b: Walking Wake|flinch\n|move|p2a: Baxcalibur|Icicle Spear|p1b: Rillaboom\n|-supereffective|p1b: Rillaboom\n|-damage|p1b: Rillaboom|66\/100\n|-supereffective|p1b: Rillaboom\n|-damage|p1b: Rillaboom|28\/100\n|-supereffective|p1b: Rillaboom\n|-damage|p1b: Rillaboom|0 fnt\n|faint|p1b: Rillaboom\n|-hitcount|p1: Rillaboom|3\n|move|p1a: Heatran|Earth Power|p2a: Baxcalibur\n|-supereffective|p2a: Baxcalibur\n|-damage|p2a: Baxcalibur|0 fnt\n|faint|p2a: Baxcalibur\n|\n|-weather|none\n|-end|p2b: Walking Wake|Protosynthesis\n|-heal|p2b: Walking Wake|61\/100|[from] Grassy Terrain\n|upkeep\n|\n|t:|1699533987\n|switch|p2a: Amoonguss|Amoonguss, F|85\/100\n|switch|p1b: Roaring Moon|Roaring Moon|100\/100\n|-enditem|p1b: Roaring Moon|Booster Energy\n|-activate|p1b: Roaring Moon|ability: Protosynthesis|[fromitem]\n|-start|p1b: Roaring Moon|protosynthesisatk\n|turn|11\n|\n|t:|1699534044\n|-end|p2b: Walking Wake|Protosynthesis|[silent]\n|switch|p2b: Gholdengo|Gholdengo|100\/100\n|-terastallize|p1b: Roaring Moon|Flying\n|move|p1b: Roaring Moon|Acrobatics|p2a: Amoonguss\n|-supereffective|p2a: Amoonguss\n|-damage|p2a: Amoonguss|0 fnt\n|faint|p2a: Amoonguss\n|move|p1a: Heatran|Heat Wave|p2b: Gholdengo\n|-supereffective|p2b: Gholdengo\n|-damage|p2b: Gholdengo|6\/100\n|\n|-heal|p2b: Gholdengo|12\/100|[from] Grassy Terrain\n|-heal|p2b: Gholdengo|18\/100|[from] item: Leftovers\n|upkeep\n|\n|t:|1699534064\n|switch|p2a: Walking Wake|Walking Wake|61\/100\n|turn|12\n|\n|t:|1699534082\n|switch|p2b: Torkoal|Torkoal, M|38\/100\n|-weather|SunnyDay|[from] ability: Drought|[of] p2b: Torkoal\n|-activate|p2a: Walking Wake|ability: Protosynthesis\n|-start|p2a: Walking Wake|protosynthesisspe\n|move|p2a: Walking Wake|Hydro Steam|p1b: Roaring Moon\n|-damage|p1b: Roaring Moon|23\/100\n|move|p1b: Roaring Moon|Knock Off|p2b: Torkoal\n|-damage|p2b: Torkoal|2\/100\n|-enditem|p2b: Torkoal|Heat Rock|[from] move: Knock Off|[of] p1b: Roaring Moon\n|move|p1a: Heatran|Earth Power|p2a: Walking Wake\n|-damage|p2a: Walking Wake|25\/100\n|\n|-weather|SunnyDay|[upkeep]\n|-heal|p2a: Walking Wake|31\/100|[from] Grassy Terrain\n|-heal|p2b: Torkoal|8\/100|[from] Grassy Terrain\n|upkeep\n|turn|13\n|\n|t:|1699534119\n|move|p1b: Roaring Moon|Protect|p1b: Roaring Moon\n|-singleturn|p1b: Roaring Moon|Protect\n|move|p2a: Walking Wake|Hydro Steam|p1a: Heatran\n|-supereffective|p1a: Heatran\n|-damage|p1a: Heatran|0 fnt\n|faint|p1a: Heatran\n|move|p2b: Torkoal|Lava Plume|p1b: Roaring Moon|[spread] p2a\n|-activate|p1b: Roaring Moon|move: Protect\n|-resisted|p2a: Walking Wake\n|-damage|p2a: Walking Wake|24\/100\n|-status|p2a: Walking Wake|brn\n|\n|-weather|SunnyDay|[upkeep]\n|-heal|p2a: Walking Wake|30\/100 brn|[from] Grassy Terrain\n|-heal|p2b: Torkoal|14\/100|[from] Grassy Terrain\n|-damage|p2a: Walking Wake|24\/100 brn|[from] brn\n|upkeep\n|\n|t:|1699534132\n|switch|p1a: Flutter Mane|Flutter Mane|97\/100 slp\n|-activate|p1a: Flutter Mane|ability: Protosynthesis\n|-start|p1a: Flutter Mane|protosynthesisspe\n|turn|14\n|\n|t:|1699534146\n|-end|p1b: Roaring Moon|Protosynthesis|[silent]\n|switch|p1b: Landorus|Landorus-Therian, M|100\/100\n|-ability|p1b: Landorus|Intimidate|boost\n|-unboost|p2a: Walking Wake|atk|1\n|-unboost|p2b: Torkoal|atk|1\n|switch|p2b: Gholdengo|Gholdengo|18\/100\n|cant|p1a: Flutter Mane|slp\n|move|p2a: Walking Wake|Hydro Steam|p1b: Landorus\n|-supereffective|p1b: Landorus\n|-damage|p1b: Landorus|0 fnt\n|faint|p1b: Landorus\n|\n|-weather|SunnyDay|[upkeep]\n|-heal|p1a: Flutter Mane|100\/100 slp|[from] Grassy Terrain\n|-heal|p2a: Walking Wake|30\/100 brn|[from] Grassy Terrain\n|-heal|p2b: Gholdengo|25\/100|[from] Grassy Terrain\n|-heal|p2b: Gholdengo|31\/100|[from] item: Leftovers\n|-damage|p2a: Walking Wake|24\/100 brn|[from] brn\n|-fieldend|move: Grassy Terrain\n|upkeep\n|\n|t:|1699534157\n|switch|p1b: Roaring Moon|Roaring Moon, tera:Flying|23\/100\n|-activate|p1b: Roaring Moon|ability: Protosynthesis\n|-start|p1b: Roaring Moon|protosynthesisatk\n|turn|15\n|\n|t:|1699534182\n|move|p1b: Roaring Moon|Protect|p1b: Roaring Moon\n|-singleturn|p1b: Roaring Moon|Protect\n|cant|p1a: Flutter Mane|slp\n|move|p2a: Walking Wake|Hydro Steam|p1b: Roaring Moon\n|-activate|p1b: Roaring Moon|move: Protect\n|move|p2b: Gholdengo|Shadow Ball|p1a: Flutter Mane\n|-supereffective|p1a: Flutter Mane\n|-damage|p1a: Flutter Mane|16\/100 slp\n|\n|-weather|SunnyDay|[upkeep]\n|-heal|p2b: Gholdengo|37\/100|[from] item: Leftovers\n|-damage|p2a: Walking Wake|17\/100 brn|[from] brn\n|upkeep\n|turn|16\n|\n|t:|1699534211\n|-curestatus|p1a: Flutter Mane|slp|[msg]\n|move|p1a: Flutter Mane|Dazzling Gleam|p2b: Gholdengo|[spread] p2a,p2b\n|-supereffective|p2a: Walking Wake\n|-resisted|p2b: Gholdengo\n|-damage|p2a: Walking Wake|0 fnt\n|-damage|p2b: Gholdengo|19\/100\n|faint|p2a: Walking Wake\n|-end|p2a: Walking Wake|Protosynthesis|[silent]\n|-damage|p1a: Flutter Mane|6\/100|[from] item: Life Orb\n|move|p1b: Roaring Moon|Knock Off|p2b: Gholdengo\n|-supereffective|p2b: Gholdengo\n|-damage|p2b: Gholdengo|0 fnt\n|-enditem|p2b: Gholdengo|Leftovers|[from] move: Knock Off|[of] p1b: Roaring Moon\n|faint|p2b: Gholdengo\n|\n|-weather|SunnyDay|[upkeep]\n|upkeep\n|\n|t:|1699534227\n|switch|p2a: Rillaboom|Rillaboom, F|49\/100\n|switch|p2b: Torkoal|Torkoal, M|14\/100\n|-fieldstart|move: Grassy Terrain|[from] ability: Grassy Surge|[of] p2a: Rillaboom\n|turn|17\n|inactive|Battle timer is ON: inactive players will automatically lose when time's up. (requested by zKalaxe)\n|c|\u2606zKalaxe|Go haxer\n|\n|t:|1699534295\n|move|p1a: Flutter Mane|Protect|p1a: Flutter Mane\n|-singleturn|p1a: Flutter Mane|Protect\n|move|p1b: Roaring Moon|Protect|p1b: Roaring Moon\n|-singleturn|p1b: Roaring Moon|Protect\n|move|p2a: Rillaboom|Grassy Glide|p1a: Flutter Mane\n|-activate|p1a: Flutter Mane|move: Protect\n|move|p2b: Torkoal|Lava Plume|p1a: Flutter Mane|[spread] p2a\n|-activate|p1a: Flutter Mane|move: Protect\n|-activate|p1b: Roaring Moon|move: Protect\n|-supereffective|p2a: Rillaboom\n|-damage|p2a: Rillaboom|7\/100\n|\n|-weather|SunnyDay|[upkeep]\n|-heal|p1a: Flutter Mane|12\/100|[from] Grassy Terrain\n|-heal|p2a: Rillaboom|13\/100|[from] Grassy Terrain\n|-heal|p2b: Torkoal|20\/100|[from] Grassy Terrain\n|upkeep\n|turn|18\n|inactive|Mait27 has 120 seconds left.\n|\n|t:|1699534327\n|move|p2a: Rillaboom|Grassy Glide|p1b: Roaring Moon\n|-resisted|p1b: Roaring Moon\n|-damage|p1b: Roaring Moon|4\/100\n|move|p1a: Flutter Mane|Shadow Ball|p2a: Rillaboom\n|-damage|p2a: Rillaboom|0 fnt\n|faint|p2a: Rillaboom\n|-damage|p1a: Flutter Mane|2\/100|[from] item: Life Orb\n|move|p1b: Roaring Moon|Acrobatics|p2b: Torkoal\n|-damage|p2b: Torkoal|0 fnt\n|faint|p2b: Torkoal\n|\n|win|zKalaxe\n|raw|zKalaxe's rating: 1698 &rarr; <strong>1707<\/strong><br \/>(+9 for winning)\n|raw|Mait27's rating: 1489 &rarr; <strong>1480<\/strong><br \/>(-9 for losing)\n|c|\u2606Mait27|GG\n|l|\u2606zKalaxe\n","uploadtime":1699534377,"views":22,"p1id":"zkalaxe","p2id":"mait27","formatid":"gen9doublesou","rating":1480,"private":0,"password":""}