{"id":"gen9doublesou-1973189202","p1":"trickroom=bozo","p2":"Abowlofmagnemites","format":"[Gen 9] Doubles OU","log":"|j|\u2606trickroom=bozo\n|j|\u2606Abowlofmagnemites\n|t:|1697937463\n|gametype|doubles\n|player|p1|trickroom=bozo|cynthia-gen4|1197\n|player|p2|Abowlofmagnemites|plasmagruntf-gen5bw|1126\n|teamsize|p1|6\n|teamsize|p2|6\n|gen|9\n|tier|[Gen 9] Doubles OU\n|rated|\n|rule|Species Clause: Limit one of each Pok\u00e9mon\n|rule|OHKO Clause: OHKO moves are banned\n|rule|Evasion Moves Clause: Evasion moves are banned\n|rule|Gravity Sleep Clause: The combination of sleep-inducing moves with imperfect accuracy and Gravity or Gigantamax Orbeetle are banned\n|rule|Endless Battle Clause: Forcing endless battles is banned\n|rule|HP Percentage Mod: HP is shown in percentages\n|clearpoke\n|poke|p1|Ogerpon-Wellspring, F|\n|poke|p1|Tornadus, M|\n|poke|p1|Iron Valiant|\n|poke|p1|Landorus-Therian, M|\n|poke|p1|Indeedee-F, F|\n|poke|p1|Armarouge, M|\n|poke|p2|Lycanroc, F|\n|poke|p2|Tyranitar, M|\n|poke|p2|Talonflame, M|\n|poke|p2|Great Tusk|\n|poke|p2|Slowking, M|\n|poke|p2|Brute Bonnet|\n|teampreview\n|\n|t:|1697937476\n|start\n|switch|p1a: Landorus|Landorus-Therian, M|100\/100\n|switch|p1b: Ogerpon|Ogerpon-Wellspring, F|100\/100\n|switch|p2a: Lycanroc|Lycanroc, F|100\/100\n|switch|p2b: Tyranitar|Tyranitar, M|100\/100\n|-ability|p1a: Landorus|Intimidate|boost\n|-unboost|p2a: Lycanroc|atk|1\n|-unboost|p2b: Tyranitar|atk|1\n|-weather|Sandstorm|[from] ability: Sand Stream|[of] p2b: Tyranitar\n|turn|1\n|\n|t:|1697937498\n|move|p2a: Lycanroc|Rock Slide|p1b: Ogerpon|[spread] p1a\n|-miss|p2a: Lycanroc|p1b: Ogerpon\n|-damage|p1a: Landorus|69\/100\n|-damage|p2a: Lycanroc|91\/100|[from] item: Life Orb\n|move|p1b: Ogerpon|Leech Seed|p2a: Lycanroc\n|-start|p2a: Lycanroc|move: Leech Seed\n|move|p1a: Landorus|Swords Dance|p1a: Landorus\n|-boost|p1a: Landorus|atk|2\n|move|p2b: Tyranitar|Ice Punch|p1a: Landorus\n|-supereffective|p1a: Landorus\n|-damage|p1a: Landorus|0 fnt\n|faint|p1a: Landorus\n|\n|-weather|Sandstorm|[upkeep]\n|-damage|p1b: Ogerpon|94\/100|[from] Sandstorm\n|-damage|p2a: Lycanroc|78\/100|[from] Leech Seed|[of] p1b: Ogerpon\n|-heal|p1b: Ogerpon|100\/100|[silent]\n|upkeep\n|\n|t:|1697937517\n|switch|p1a: Iron Valiant|Iron Valiant|100\/100\n|turn|2\n|\n|t:|1697937527\n|move|p2a: Lycanroc|Psychic Fangs|p1a: Iron Valiant\n|-supereffective|p1a: Iron Valiant\n|-damage|p1a: Iron Valiant|36\/100\n|-damage|p2a: Lycanroc|68\/100|[from] item: Life Orb\n|move|p1a: Iron Valiant|Drain Punch|p2a: Lycanroc\n|-supereffective|p2a: Lycanroc\n|-damage|p2a: Lycanroc|0 fnt\n|-heal|p1a: Iron Valiant|71\/100|[from] drain|[of] p2a: Lycanroc\n|faint|p2a: Lycanroc\n|move|p1b: Ogerpon|Ivy Cudgel|p2b: Tyranitar\n|-supereffective|p2b: Tyranitar\n|-damage|p2b: Tyranitar|27\/100\n|move|p2b: Tyranitar|Thunder Wave|p1b: Ogerpon\n|-status|p1b: Ogerpon|par\n|\n|-weather|Sandstorm|[upkeep]\n|-damage|p1a: Iron Valiant|65\/100|[from] Sandstorm\n|-damage|p1b: Ogerpon|94\/100 par|[from] Sandstorm\n|upkeep\n|\n|t:|1697937540\n|switch|p2a: Talonflame|Talonflame, M|100\/100\n|turn|3\n|\n|t:|1697937558\n|-end|p1a: Iron Valiant|Quark Drive|[silent]\n|switch|p1a: Tornadus|Tornadus, M|100\/100\n|move|p1b: Ogerpon|Spiky Shield|p1b: Ogerpon\n|-singleturn|p1b: Ogerpon|move: Protect\n|move|p2a: Talonflame|Tailwind|p2a: Talonflame\n|-sidestart|p2: Abowlofmagnemites|move: Tailwind\n|move|p2b: Tyranitar|Thunder Wave|p1a: Tornadus\n|-status|p1a: Tornadus|par\n|\n|-weather|Sandstorm|[upkeep]\n|-damage|p2a: Talonflame|94\/100|[from] Sandstorm\n|-damage|p1a: Tornadus|94\/100 par|[from] Sandstorm\n|-damage|p1b: Ogerpon|88\/100 par|[from] Sandstorm\n|upkeep\n|turn|4\n|\n|t:|1697937578\n|move|p1a: Tornadus|Tailwind|p1a: Tornadus\n|-sidestart|p1: trickroom=bozo|move: Tailwind\n|move|p2a: Talonflame|Brave Bird|p1b: Ogerpon\n|-supereffective|p1b: Ogerpon\n|-damage|p1b: Ogerpon|0 fnt\n|faint|p1b: Ogerpon\n|-damage|p2a: Talonflame|59\/100|[from] Recoil\n|move|p2b: Tyranitar|Ice Punch|p1a: Tornadus\n|-supereffective|p1a: Tornadus\n|-damage|p1a: Tornadus|50\/100 par\n|\n|-weather|Sandstorm|[upkeep]\n|-damage|p2a: Talonflame|53\/100|[from] Sandstorm\n|-damage|p1a: Tornadus|44\/100 par|[from] Sandstorm\n|upkeep\n|\n|t:|1697937593\n|switch|p1b: Iron Valiant|Iron Valiant|65\/100\n|turn|5\n|\n|t:|1697937611\n|-terastallize|p1b: Iron Valiant|Steel\n|cant|p1a: Tornadus|par\n|move|p1b: Iron Valiant|Poison Jab|p2a: Talonflame\n|-damage|p2a: Talonflame|0 fnt\n|faint|p2a: Talonflame\n|move|p2b: Tyranitar|Ice Punch|p1a: Tornadus\n|-supereffective|p1a: Tornadus\n|-damage|p1a: Tornadus|0 fnt\n|faint|p1a: Tornadus\n|\n|-weather|Sandstorm|[upkeep]\n|upkeep\n|\n|t:|1697937629\n|switch|p1a: Indeedee|Indeedee-F, F|100\/100\n|switch|p2a: Great Tusk|Great Tusk|100\/100\n|-fieldstart|move: Psychic Terrain|[from] ability: Psychic Surge|[of] p1a: Indeedee\n|-enditem|p1a: Indeedee|Psychic Seed\n|-boost|p1a: Indeedee|spd|1|[from] item: Psychic Seed\n|turn|6\n|\n|t:|1697937647\n|move|p1b: Iron Valiant|Poison Jab|p2b: Tyranitar\n|-resisted|p2b: Tyranitar\n|-damage|p2b: Tyranitar|12\/100\n|move|p2b: Tyranitar|Thunder Wave|p1b: Iron Valiant\n|-status|p1b: Iron Valiant|par\n|move|p2a: Great Tusk|Ice Spinner|p1a: Indeedee\n|-damage|p1a: Indeedee|40\/100\n|-fieldend|move: Psychic Terrain\n|-damage|p2a: Great Tusk|91\/100|[from] item: Life Orb\n|move|p1a: Indeedee|Psychic|p2a: Great Tusk\n|-supereffective|p2a: Great Tusk\n|-damage|p2a: Great Tusk|8\/100\n|\n|-weather|Sandstorm|[upkeep]\n|-damage|p1a: Indeedee|34\/100|[from] Sandstorm\n|-sideend|p2: Abowlofmagnemites|move: Tailwind\n|upkeep\n|turn|7\n|\n|t:|1697937671\n|switch|p1a: Armarouge|Armarouge, M|100\/100\n|move|p1b: Iron Valiant|Poison Jab|p2a: Great Tusk\n|-resisted|p2a: Great Tusk\n|-damage|p2a: Great Tusk|0 fnt\n|faint|p2a: Great Tusk\n|-end|p2a: Great Tusk|Protosynthesis|[silent]\n|move|p2b: Tyranitar|Crunch|p1a: Armarouge\n|-supereffective|p1a: Armarouge\n|-damage|p1a: Armarouge|55\/100\n|\n|-weather|Sandstorm|[upkeep]\n|-damage|p1a: Armarouge|49\/100|[from] Sandstorm\n|-sideend|p1: trickroom=bozo|move: Tailwind\n|upkeep\n|\n|t:|1697937681\n|switch|p2a: Slowking|Slowking, M|100\/100\n|turn|8\n|\n|t:|1697937695\n|-end|p1b: Iron Valiant|Quark Drive|[silent]\n|switch|p1b: Indeedee|Indeedee-F, F|34\/100\n|-fieldstart|move: Psychic Terrain|[from] ability: Psychic Surge|[of] p1b: Indeedee\n|move|p2b: Tyranitar|Thunder Punch|p1a: Armarouge\n|-damage|p1a: Armarouge|35\/100\n|move|p1a: Armarouge|Expanding Force|p2b: Tyranitar|[spread] p2a\n|-immune|p2b: Tyranitar\n|-resisted|p2a: Slowking\n|-damage|p2a: Slowking|68\/100\n|move|p2a: Slowking|Trick Room|p2a: Slowking\n|-fieldstart|move: Trick Room|[of] p2a: Slowking\n|\n|-weather|none\n|upkeep\n|turn|9\n|\n|t:|1697937716\n|move|p1b: Indeedee|Follow Me|p1b: Indeedee\n|-singleturn|p1b: Indeedee|move: Follow Me\n|move|p2a: Slowking|Hydro Pump|p1b: Indeedee|[miss]\n|-miss|p2a: Slowking|p1b: Indeedee\n|move|p1a: Armarouge|Calm Mind|p1a: Armarouge\n|-boost|p1a: Armarouge|spa|1\n|-boost|p1a: Armarouge|spd|1\n|move|p2b: Tyranitar|Crunch|p1b: Indeedee\n|-supereffective|p1b: Indeedee\n|-damage|p1b: Indeedee|0 fnt\n|faint|p1b: Indeedee\n|\n|upkeep\n|\n|t:|1697937728\n|switch|p1b: Iron Valiant|Iron Valiant, tera:Steel|65\/100 par\n|turn|10\n|\n|t:|1697937744\n|move|p2a: Slowking|Hydro Pump|p1b: Iron Valiant\n|-damage|p1b: Iron Valiant|0 fnt\n|faint|p1b: Iron Valiant\n|-end|p1b: Iron Valiant|Quark Drive|[silent]\n|move|p1a: Armarouge|Armor Cannon|p2a: Slowking\n|-resisted|p2a: Slowking\n|-damage|p2a: Slowking|26\/100\n|-unboost|p1a: Armarouge|def|1\n|-unboost|p1a: Armarouge|spd|1\n|move|p2b: Tyranitar|Crunch|p1a: Armarouge\n|-supereffective|p1a: Armarouge\n|-damage|p1a: Armarouge|0 fnt\n|faint|p1a: Armarouge\n|\n|win|Abowlofmagnemites\n|raw|trickroom=bozo's rating: 1197 &rarr; <strong>1167<\/strong><br \/>(-30 for losing)\n|raw|Abowlofmagnemites's rating: 1126 &rarr; <strong>1156<\/strong><br \/>(+30 for winning)\n|c|\u2606Abowlofmagnemites|Kek w\n","uploadtime":1697937758,"views":15,"p1id":"trickroombozo","p2id":"abowlofmagnemites","formatid":"gen9doublesou","rating":1156,"private":0,"password":""}