{"id":"gen9doublesou-1973006982","p1":"Kordelion","p2":"porpoiseQueen","format":"[Gen 9] Doubles OU","log":"|j|\u2606Kordelion\n|j|\u2606porpoiseQueen\n|t:|1697917753\n|gametype|doubles\n|player|p1|Kordelion|roxie|1255\n|player|p2|porpoiseQueen|101|1291\n|teamsize|p1|6\n|teamsize|p2|6\n|gen|9\n|tier|[Gen 9] Doubles OU\n|rated|\n|rule|Species Clause: Limit one of each Pok\u00e9mon\n|rule|OHKO Clause: OHKO moves are banned\n|rule|Evasion Moves Clause: Evasion moves are banned\n|rule|Gravity Sleep Clause: The combination of sleep-inducing moves with imperfect accuracy and Gravity or Gigantamax Orbeetle are banned\n|rule|Endless Battle Clause: Forcing endless battles is banned\n|rule|HP Percentage Mod: HP is shown in percentages\n|clearpoke\n|poke|p1|Pincurchin, M|\n|poke|p1|Ribombee, F|\n|poke|p1|Skeledirge, M|\n|poke|p1|Cresselia, F|\n|poke|p1|Ogerpon-Wellspring, F|\n|poke|p1|Kingambit, M|\n|poke|p2|Amoonguss, F|\n|poke|p2|Flutter Mane|\n|poke|p2|Iron Hands|\n|poke|p2|Glimmora, F|\n|poke|p2|Gholdengo|\n|poke|p2|Chi-Yu|\n|teampreview\n|inactive|Battle timer is ON: inactive players will automatically lose when time's up. (requested by porpoiseQueen)\n|c|\u2606porpoiseQueen|glhf\n|\n|t:|1697917783\n|start\n|switch|p1a: Ribombee|Ribombee, F|100\/100\n|switch|p1b: Kingambit|Kingambit, M|100\/100\n|switch|p2a: Chi-Yu|Chi-Yu|100\/100\n|switch|p2b: Iron Hands|Iron Hands|100\/100\n|-ability|p2a: Chi-Yu|Beads of Ruin\n|turn|1\n|inactive|porpoiseQueen has 120 seconds left.\n|\n|t:|1697917818\n|switch|p1a: Skeledirge|Skeledirge, M|100\/100\n|move|p1b: Kingambit|Protect|p1b: Kingambit\n|-singleturn|p1b: Kingambit|Protect\n|move|p2a: Chi-Yu|Heat Wave|p1a: Skeledirge|[spread] p1a\n|-activate|p1b: Kingambit|move: Protect\n|-resisted|p1a: Skeledirge\n|-damage|p1a: Skeledirge|77\/100\n|move|p2b: Iron Hands|Ice Punch|p1a: Skeledirge\n|-resisted|p1a: Skeledirge\n|-damage|p1a: Skeledirge|65\/100\n|\n|-heal|p1a: Skeledirge|72\/100|[from] item: Leftovers\n|upkeep\n|turn|2\n|inactive|Kordelion has 120 seconds left.\n|\n|t:|1697917855\n|switch|p1b: Ribombee|Ribombee, F|100\/100\n|move|p2a: Chi-Yu|Heat Wave|p1b: Ribombee|[spread] p1a\n|-miss|p2a: Chi-Yu|p1b: Ribombee\n|-resisted|p1a: Skeledirge\n|-damage|p1a: Skeledirge|48\/100\n|move|p1a: Skeledirge|Will-O-Wisp|p2b: Iron Hands\n|-status|p2b: Iron Hands|brn\n|move|p2b: Iron Hands|Wild Charge|p1a: Skeledirge\n|-damage|p1a: Skeledirge|26\/100\n|-damage|p2b: Iron Hands|96\/100 brn|[from] Recoil\n|\n|-heal|p1a: Skeledirge|33\/100|[from] item: Leftovers\n|-damage|p2b: Iron Hands|89\/100 brn|[from] brn\n|upkeep\n|turn|3\n|inactive|porpoiseQueen has 120 seconds left.\n|\n|t:|1697917887\n|-end|p2b: Iron Hands|Quark Drive|[silent]\n|switch|p2b: Glimmora|Glimmora, F|100\/100\n|move|p2a: Chi-Yu|Heat Wave|p1b: Ribombee|[spread] p1a,p1b\n|-resisted|p1a: Skeledirge\n|-supereffective|p1b: Ribombee\n|-damage|p1a: Skeledirge|10\/100\n|-enditem|p1b: Ribombee|Focus Sash\n|-damage|p1b: Ribombee|1\/100\n|move|p1b: Ribombee|Tailwind|p1b: Ribombee\n|-sidestart|p1: Kordelion|move: Tailwind\n|move|p1a: Skeledirge|Slack Off|p1a: Skeledirge\n|-heal|p1a: Skeledirge|60\/100\n|\n|-heal|p1a: Skeledirge|66\/100|[from] item: Leftovers\n|upkeep\n|turn|4\n|inactive|Kordelion has 120 seconds left.\n|\n|t:|1697917924\n|move|p1b: Ribombee|Sticky Web|p2b: Glimmora\n|-sidestart|p2: porpoiseQueen|move: Sticky Web\n|move|p2a: Chi-Yu|Heat Wave|p1b: Ribombee|[spread] p1a\n|-miss|p2a: Chi-Yu|p1b: Ribombee\n|-resisted|p1a: Skeledirge\n|-damage|p1a: Skeledirge|41\/100\n|move|p1a: Skeledirge|Torch Song|p2a: Chi-Yu\n|-resisted|p2a: Chi-Yu\n|-damage|p2a: Chi-Yu|80\/100\n|-boost|p1a: Skeledirge|spa|1\n|move|p2b: Glimmora|Stealth Rock|p1b: Ribombee\n|-sidestart|p1: Kordelion|move: Stealth Rock\n|\n|-heal|p1a: Skeledirge|47\/100|[from] item: Leftovers\n|upkeep\n|turn|5\n|inactive|Kordelion has 120 seconds left.\n|\n|t:|1697917958\n|move|p1b: Ribombee|Pollen Puff|p1a: Skeledirge\n|-heal|p1a: Skeledirge|97\/100\n|move|p2a: Chi-Yu|Heat Wave|p1a: Skeledirge|[spread] p1a\n|-miss|p2a: Chi-Yu|p1b: Ribombee\n|-resisted|p1a: Skeledirge\n|-crit|p1a: Skeledirge\n|-damage|p1a: Skeledirge|62\/100\n|move|p1a: Skeledirge|Torch Song|p2a: Chi-Yu\n|-resisted|p2a: Chi-Yu\n|-damage|p2a: Chi-Yu|49\/100\n|-boost|p1a: Skeledirge|spa|1\n|move|p2b: Glimmora|Mortal Spin|p1b: Ribombee|[spread] p1a,p1b\n|-resisted|p1a: Skeledirge\n|-supereffective|p1b: Ribombee\n|-damage|p1a: Skeledirge|60\/100\n|-damage|p1b: Ribombee|0 fnt\n|-status|p1a: Skeledirge|psn\n|-sideend|p2: porpoiseQueen|Sticky Web|[from] move: Mortal Spin|[of] p2b: Glimmora\n|faint|p1b: Ribombee\n|\n|-heal|p1a: Skeledirge|66\/100 psn|[from] item: Leftovers\n|-damage|p1a: Skeledirge|54\/100 psn|[from] psn\n|upkeep\n|\n|t:|1697917982\n|switch|p1b: Cresselia|Cresselia, F|100\/100\n|-damage|p1b: Cresselia|88\/100|[from] Stealth Rock\n|turn|6\n|\n|t:|1697918011\n|switch|p2a: Iron Hands|Iron Hands|89\/100 brn\n|switch|p2b: Amoonguss|Amoonguss, F|100\/100\n|move|p1b: Cresselia|Lunar Blessing|p1b: Cresselia|[spread] p1a,p1b\n|-heal|p1a: Skeledirge|79\/100 psn\n|-curestatus|p1a: Skeledirge|psn|[msg]\n|-heal|p1b: Cresselia|100\/100\n|move|p1a: Skeledirge|Will-O-Wisp|p2b: Amoonguss\n|-status|p2b: Amoonguss|brn\n|\n|-heal|p1a: Skeledirge|85\/100|[from] item: Leftovers\n|-damage|p2a: Iron Hands|83\/100 brn|[from] brn\n|-damage|p2b: Amoonguss|94\/100 brn|[from] brn\n|-sideend|p1: Kordelion|move: Tailwind\n|upkeep\n|turn|7\n|inactive|Kordelion has 90 seconds left.\n|inactive|porpoiseQueen has 120 seconds left.\n|\n|t:|1697918049\n|-terastallize|p2b: Amoonguss|Water\n|move|p1b: Cresselia|Protect|p1b: Cresselia\n|-singleturn|p1b: Cresselia|Protect\n|move|p1a: Skeledirge|Torch Song|p2b: Amoonguss\n|-resisted|p2b: Amoonguss\n|-damage|p2b: Amoonguss|65\/100 brn\n|-boost|p1a: Skeledirge|spa|1\n|move|p2a: Iron Hands|Wild Charge|p1a: Skeledirge\n|-damage|p1a: Skeledirge|65\/100\n|-damage|p2a: Iron Hands|79\/100 brn|[from] Recoil\n|move|p2b: Amoonguss|Clear Smog|p1a: Skeledirge\n|-resisted|p1a: Skeledirge\n|-damage|p1a: Skeledirge|58\/100\n|-clearboost|p1a: Skeledirge\n|\n|-heal|p1a: Skeledirge|64\/100|[from] item: Leftovers\n|-damage|p2a: Iron Hands|72\/100 brn|[from] brn\n|-damage|p2b: Amoonguss|59\/100 brn|[from] brn\n|upkeep\n|turn|8\n|inactive|Kordelion has 90 seconds left.\n|inactive|porpoiseQueen has 120 seconds left.\n|\n|t:|1697918080\n|-end|p2a: Iron Hands|Quark Drive|[silent]\n|switch|p2a: Chi-Yu|Chi-Yu|49\/100\n|-ability|p2a: Chi-Yu|Beads of Ruin\n|move|p1b: Cresselia|Icy Wind|p2b: Amoonguss|[spread] p2a,p2b\n|-resisted|p2a: Chi-Yu\n|-resisted|p2b: Amoonguss\n|-damage|p2a: Chi-Yu|45\/100\n|-damage|p2b: Amoonguss|54\/100 brn\n|-unboost|p2a: Chi-Yu|spe|1\n|-unboost|p2b: Amoonguss|spe|1\n|move|p1a: Skeledirge|Hex|p2b: Amoonguss\n|-damage|p2b: Amoonguss|0 fnt\n|faint|p2b: Amoonguss\n|\n|-heal|p1a: Skeledirge|71\/100|[from] item: Leftovers\n|upkeep\n|\n|t:|1697918093\n|switch|p2b: Flutter Mane|Flutter Mane|100\/100\n|turn|9\n|\n|t:|1697918121\n|switch|p1a: Pincurchin|Pincurchin, M|100\/100\n|-damage|p1a: Pincurchin|88\/100|[from] Stealth Rock\n|-fieldstart|move: Electric Terrain|[from] ability: Electric Surge|[of] p1a: Pincurchin\n|-enditem|p1a: Pincurchin|Electric Seed\n|-boost|p1a: Pincurchin|def|1|[from] item: Electric Seed\n|move|p1b: Cresselia|Protect|p1b: Cresselia\n|-singleturn|p1b: Cresselia|Protect\n|move|p2b: Flutter Mane|Shadow Ball|p1a: Pincurchin\n|-damage|p1a: Pincurchin|6\/100\n|-unboost|p1a: Pincurchin|spd|1\n|move|p2a: Chi-Yu|Dark Pulse|p1a: Pincurchin\n|-damage|p1a: Pincurchin|0 fnt\n|faint|p1a: Pincurchin\n|\n|upkeep\n|inactive|Kordelion has 90 seconds left.\n|\n|t:|1697918139\n|switch|p1a: Ogerpon|Ogerpon-Wellspring, F|100\/100\n|-damage|p1a: Ogerpon|88\/100|[from] Stealth Rock\n|turn|10\n|\n|t:|1697918148\n|-terastallize|p1a: Ogerpon|Water\n|detailschange|p1a: Ogerpon|Ogerpon-Wellspring-Tera, F, tera:Water\n|-ability|p1a: Ogerpon|Embody Aspect (Wellspring)|boost\n|-boost|p1a: Ogerpon|spd|1\n|move|p2b: Flutter Mane|Shadow Ball|p1a: Ogerpon\n|-damage|p1a: Ogerpon|40\/100\n|-unboost|p1a: Ogerpon|spd|1\n|move|p2a: Chi-Yu|Dark Pulse|p1a: Ogerpon\n|-damage|p1a: Ogerpon|0 fnt\n|faint|p1a: Ogerpon\n|move|p1b: Cresselia|Icy Wind|p2a: Chi-Yu|[spread] p2a,p2b\n|-resisted|p2a: Chi-Yu\n|-damage|p2a: Chi-Yu|40\/100\n|-damage|p2b: Flutter Mane|92\/100\n|-unboost|p2a: Chi-Yu|spe|1\n|-unboost|p2b: Flutter Mane|spe|1\n|\n|upkeep\n|inactive|Kordelion has 90 seconds left.\n|\n|t:|1697918170\n|switch|p1a: Kingambit|Kingambit, M|100\/100\n|-damage|p1a: Kingambit|94\/100|[from] Stealth Rock\n|turn|11\n|\n|t:|1697918182\n|switch|p2a: Iron Hands|Iron Hands|72\/100 brn\n|-activate|p2a: Iron Hands|ability: Quark Drive\n|-start|p2a: Iron Hands|quarkdriveatk\n|-end|p2b: Flutter Mane|Protosynthesis|[silent]\n|switch|p2b: Glimmora|Glimmora, F|100\/100\n|move|p1a: Kingambit|Protect|p1a: Kingambit\n|-singleturn|p1a: Kingambit|Protect\n|move|p1b: Cresselia|Icy Wind|p2a: Iron Hands|[spread] p2a,p2b\n|-damage|p2a: Iron Hands|69\/100 brn\n|-damage|p2b: Glimmora|91\/100\n|-unboost|p2a: Iron Hands|spe|1\n|-unboost|p2b: Glimmora|spe|1\n|\n|-heal|p1a: Kingambit|100\/100|[from] item: Leftovers\n|-damage|p2a: Iron Hands|62\/100 brn|[from] brn\n|upkeep\n|turn|12\n|inactive|Kordelion has 120 seconds left.\n|\n|t:|1697918210\n|move|p1a: Kingambit|Protect|p1a: Kingambit\n|-singleturn|p1a: Kingambit|Protect\n|move|p1b: Cresselia|Psychic|p2b: Glimmora\n|-supereffective|p2b: Glimmora\n|-damage|p2b: Glimmora|28\/100\n|move|p2b: Glimmora|Sludge Bomb|p1b: Cresselia\n|-damage|p1b: Cresselia|75\/100\n|move|p2a: Iron Hands|Close Combat|p1a: Kingambit\n|-activate|p1a: Kingambit|move: Protect\n|\n|-heal|p1b: Cresselia|82\/100|[from] item: Leftovers\n|-damage|p2a: Iron Hands|56\/100 brn|[from] brn\n|upkeep\n|turn|13\n|\n|t:|1697918232\n|switch|p1a: Skeledirge|Skeledirge, M|71\/100\n|-damage|p1a: Skeledirge|46\/100|[from] Stealth Rock\n|move|p1b: Cresselia|Psychic|p2b: Glimmora\n|-supereffective|p2b: Glimmora\n|-damage|p2b: Glimmora|0 fnt\n|faint|p2b: Glimmora\n|move|p2a: Iron Hands|Close Combat|p1a: Skeledirge\n|-immune|p1a: Skeledirge\n|\n|-heal|p1b: Cresselia|88\/100|[from] item: Leftovers\n|-heal|p1a: Skeledirge|52\/100|[from] item: Leftovers\n|-damage|p2a: Iron Hands|50\/100 brn|[from] brn\n|-fieldend|move: Electric Terrain\n|-end|p2a: Iron Hands|Quark Drive\n|upkeep\n|inactive|porpoiseQueen has 120 seconds left.\n|\n|t:|1697918250\n|switch|p2b: Chi-Yu|Chi-Yu|40\/100\n|-ability|p2b: Chi-Yu|Beads of Ruin\n|turn|14\n|\n|t:|1697918261\n|switch|p1a: Kingambit|Kingambit, M|100\/100\n|-damage|p1a: Kingambit|94\/100|[from] Stealth Rock\n|move|p2b: Chi-Yu|Dark Pulse|p1a: Kingambit\n|-resisted|p1a: Kingambit\n|-damage|p1a: Kingambit|65\/100\n|move|p1b: Cresselia|Icy Wind|p2a: Iron Hands|[spread] p2a,p2b\n|-resisted|p2b: Chi-Yu\n|-crit|p2b: Chi-Yu\n|-damage|p2a: Iron Hands|45\/100 brn\n|-damage|p2b: Chi-Yu|33\/100\n|-unboost|p2a: Iron Hands|spe|1\n|-unboost|p2b: Chi-Yu|spe|1\n|move|p2a: Iron Hands|Wild Charge|p1b: Cresselia\n|-damage|p1b: Cresselia|71\/100\n|-damage|p2a: Iron Hands|40\/100 brn|[from] Recoil\n|\n|-heal|p1b: Cresselia|77\/100|[from] item: Leftovers\n|-heal|p1a: Kingambit|72\/100|[from] item: Leftovers\n|-damage|p2a: Iron Hands|34\/100 brn|[from] brn\n|upkeep\n|turn|15\n|inactive|Kordelion has 120 seconds left.\n|inactive|Kordelion has 90 seconds left.\n|\n|t:|1697918347\n|move|p2b: Chi-Yu|Dark Pulse|p1b: Cresselia\n|-supereffective|p1b: Cresselia\n|-damage|p1b: Cresselia|18\/100\n|move|p1b: Cresselia|Psychic|p2a: Iron Hands\n|-supereffective|p2a: Iron Hands\n|-damage|p2a: Iron Hands|1\/100 brn\n|move|p1a: Kingambit|Kowtow Cleave|p2b: Chi-Yu\n|-resisted|p2b: Chi-Yu\n|-damage|p2b: Chi-Yu|0 fnt\n|faint|p2b: Chi-Yu\n|move|p2a: Iron Hands|Close Combat|p1a: Kingambit\n|-supereffective|p1a: Kingambit\n|-damage|p1a: Kingambit|0 fnt\n|-unboost|p2a: Iron Hands|def|1\n|-unboost|p2a: Iron Hands|spd|1\n|faint|p1a: Kingambit\n|\n|-heal|p1b: Cresselia|24\/100|[from] item: Leftovers\n|-damage|p2a: Iron Hands|0 fnt|[from] brn\n|faint|p2a: Iron Hands\n|-end|p2a: Iron Hands|Quark Drive|[silent]\n|upkeep\n|\n|t:|1697918365\n|switch|p2b: Flutter Mane|Flutter Mane|92\/100\n|switch|p1a: Skeledirge|Skeledirge, M|52\/100\n|switch|p2a: Gholdengo|Gholdengo|100\/100\n|-damage|p1a: Skeledirge|27\/100|[from] Stealth Rock\n|turn|16\n|\n|t:|1697918382\n|move|p2b: Flutter Mane|Shadow Ball|p1a: Skeledirge\n|-supereffective|p1a: Skeledirge\n|-damage|p1a: Skeledirge|0 fnt\n|faint|p1a: Skeledirge\n|move|p2a: Gholdengo|Shadow Ball|p1b: Cresselia\n|-supereffective|p1b: Cresselia\n|-damage|p1b: Cresselia|0 fnt\n|faint|p1b: Cresselia\n|\n|win|porpoiseQueen\n|raw|Kordelion's rating: 1255 &rarr; <strong>1233<\/strong><br \/>(-22 for losing)\n|raw|porpoiseQueen's rating: 1291 &rarr; <strong>1313<\/strong><br \/>(+22 for winning)\n|l|\u2606Kordelion\n|c|\u2606porpoiseQueen|gg\n","uploadtime":1697918396,"views":22,"p1id":"kordelion","p2id":"porpoisequeen","formatid":"gen9doublesou","rating":1233,"private":0,"password":""}