{"id":"gen9doublesou-1976576309","p1":"DoerreKong","p2":"Thatbreloomguy","format":"[Gen 9] Doubles OU","log":"|j|\u2606DoerreKong\n|j|\u203dThatbreloomguy\n|t:|1698323607\n|gametype|doubles\n|player|p1|DoerreKong|ltsurge|1525\n|player|p2|Thatbreloomguy|169|1443\n|teamsize|p1|6\n|teamsize|p2|6\n|gen|9\n|tier|[Gen 9] Doubles OU\n|rated|\n|rule|Species Clause: Limit one of each Pok\u00e9mon\n|rule|OHKO Clause: OHKO moves are banned\n|rule|Evasion Moves Clause: Evasion moves are banned\n|rule|Gravity Sleep Clause: The combination of sleep-inducing moves with imperfect accuracy and Gravity or Gigantamax Orbeetle are banned\n|rule|Endless Battle Clause: Forcing endless battles is banned\n|rule|HP Percentage Mod: HP is shown in percentages\n|clearpoke\n|poke|p1|Torkoal, M|\n|poke|p1|Cresselia, F|\n|poke|p1|Diancie|\n|poke|p1|Iron Hands|\n|poke|p1|Farigiraf, F|\n|poke|p1|Amoonguss, F|\n|poke|p2|Rillaboom, F|\n|poke|p2|Ogerpon-Hearthflame, F|\n|poke|p2|Sneasler, F|\n|poke|p2|Chi-Yu|\n|poke|p2|Tornadus, M|\n|poke|p2|Gholdengo|\n|teampreview\n|inactive|Battle timer is ON: inactive players will automatically lose when time's up. (requested by DoerreKong)\n|\n|t:|1698323625\n|start\n|switch|p1a: Diancie|Diancie|100\/100\n|switch|p1b: Torkoal|Torkoal, M|100\/100\n|switch|p2a: Rillaboom|Rillaboom, F|100\/100\n|switch|p2b: Ogerpon|Ogerpon-Hearthflame, F|100\/100\n|-ability|p2b: Ogerpon|Mold Breaker\n|-fieldstart|move: Grassy Terrain|[from] ability: Grassy Surge|[of] p2a: Rillaboom\n|-weather|SunnyDay|[from] ability: Drought|[of] p1b: Torkoal\n|turn|1\n|\n|t:|1698323635\n|move|p2a: Rillaboom|Fake Out|p1b: Torkoal\n|-damage|p1b: Torkoal|90\/100\n|move|p2b: Ogerpon|Grassy Glide|p1a: Diancie\n|-supereffective|p1a: Diancie\n|-damage|p1a: Diancie|52\/100\n|-enditem|p1a: Diancie|Weakness Policy\n|-boost|p1a: Diancie|atk|2|[from] item: Weakness Policy\n|-boost|p1a: Diancie|spa|2|[from] item: Weakness Policy\n|cant|p1b: Torkoal|flinch\n|move|p1a: Diancie|Trick Room|p1a: Diancie\n|-fieldstart|move: Trick Room|[of] p1a: Diancie\n|\n|-weather|SunnyDay|[upkeep]\n|-heal|p1b: Torkoal|96\/100|[from] Grassy Terrain\n|-heal|p1a: Diancie|58\/100|[from] Grassy Terrain\n|upkeep\n|turn|2\n|\n|t:|1698323657\n|move|p2a: Rillaboom|Grassy Glide|p1a: Diancie\n|-supereffective|p1a: Diancie\n|-damage|p1a: Diancie|10\/100\n|move|p2b: Ogerpon|Grassy Glide|p1a: Diancie\n|-supereffective|p1a: Diancie\n|-damage|p1a: Diancie|0 fnt\n|faint|p1a: Diancie\n|move|p1b: Torkoal|Eruption|p2a: Rillaboom|[spread] p2a,p2b\n|-supereffective|p2a: Rillaboom\n|-crit|p2b: Ogerpon\n|-damage|p2a: Rillaboom|0 fnt\n|-damage|p2b: Ogerpon|0 fnt\n|faint|p2a: Rillaboom\n|faint|p2b: Ogerpon\n|\n|-weather|SunnyDay|[upkeep]\n|-heal|p1b: Torkoal|100\/100|[from] Grassy Terrain\n|upkeep\n|\n|t:|1698323675\n|switch|p1a: Amoonguss|Amoonguss, F|100\/100\n|switch|p2a: Sneasler|Sneasler, F|100\/100\n|switch|p2b: Chi-Yu|Chi-Yu|100\/100\n|-ability|p2b: Chi-Yu|Beads of Ruin\n|-enditem|p2a: Sneasler|Grassy Seed\n|-boost|p2a: Sneasler|def|1|[from] item: Grassy Seed\n|turn|3\n|\n|t:|1698323681\n|move|p2a: Sneasler|Fake Out|p1a: Amoonguss\n|-damage|p1a: Amoonguss|87\/100\n|move|p1b: Torkoal|Eruption|p2b: Chi-Yu|[spread] p2a,p2b\n|-resisted|p2b: Chi-Yu\n|-damage|p2a: Sneasler|0 fnt\n|-damage|p2b: Chi-Yu|61\/100\n|faint|p2a: Sneasler\n|cant|p1a: Amoonguss|flinch\n|move|p2b: Chi-Yu|Snarl|p1a: Amoonguss|[spread] p1a,p1b\n|-damage|p1a: Amoonguss|54\/100\n|-damage|p1b: Torkoal|46\/100\n|-unboost|p1a: Amoonguss|spa|1\n|-unboost|p1b: Torkoal|spa|1\n|\n|-weather|SunnyDay|[upkeep]\n|-heal|p1b: Torkoal|52\/100|[from] Grassy Terrain\n|-heal|p1a: Amoonguss|60\/100|[from] Grassy Terrain\n|-heal|p2b: Chi-Yu|67\/100|[from] Grassy Terrain\n|upkeep\n|\n|t:|1698323696\n|switch|p2a: Tornadus|Tornadus, M|100\/100\n|turn|4\n|\n|t:|1698323701\n|move|p2a: Tornadus|Taunt|p1a: Amoonguss\n|-start|p1a: Amoonguss|move: Taunt\n|move|p1b: Torkoal|Eruption|p2a: Tornadus|[spread] p2a,p2b\n|-crit|p2a: Tornadus\n|-resisted|p2b: Chi-Yu\n|-damage|p2a: Tornadus|41\/100\n|-damage|p2b: Chi-Yu|53\/100\n|move|p1a: Amoonguss|Pollen Puff|p1b: Torkoal\n|-heal|p1b: Torkoal|100\/100\n|move|p2b: Chi-Yu|Snarl|p1b: Torkoal|[spread] p1a,p1b\n|-damage|p1a: Amoonguss|27\/100\n|-damage|p1b: Torkoal|44\/100\n|-unboost|p1a: Amoonguss|spa|1\n|-unboost|p1b: Torkoal|spa|1\n|\n|-weather|SunnyDay|[upkeep]\n|-heal|p1b: Torkoal|50\/100|[from] Grassy Terrain\n|-heal|p1a: Amoonguss|33\/100|[from] Grassy Terrain\n|-heal|p2b: Chi-Yu|59\/100|[from] Grassy Terrain\n|upkeep\n|turn|5\n|-activate|p1a: Amoonguss|item: Quick Claw\n|\n|t:|1698323726\n|move|p1a: Amoonguss|Pollen Puff|p1b: Torkoal\n|-heal|p1b: Torkoal|99\/100\n|move|p1b: Torkoal|Eruption|p2a: Tornadus|[spread] p2a,p2b\n|-resisted|p2b: Chi-Yu\n|-crit|p2b: Chi-Yu\n|-damage|p2a: Tornadus|5\/100\n|-damage|p2b: Chi-Yu|0 fnt\n|faint|p2b: Chi-Yu\n|move|p2a: Tornadus|Bleakwind Storm|p1a: Amoonguss|[spread] p1a,p1b\n|-supereffective|p1a: Amoonguss\n|-damage|p1a: Amoonguss|0 fnt\n|-damage|p1b: Torkoal|59\/100\n|faint|p1a: Amoonguss\n|\n|-weather|none\n|-heal|p1b: Torkoal|65\/100|[from] Grassy Terrain\n|-fieldend|move: Trick Room\n|-fieldend|move: Grassy Terrain\n|upkeep\n|\n|t:|1698323745\n|switch|p2b: Gholdengo|Gholdengo|100\/100\n|switch|p1a: Cresselia|Cresselia, F|100\/100\n|turn|6\n|\n|t:|1698323769\n|switch|p1b: Farigiraf|Farigiraf, F|100\/100\n|-terastallize|p1a: Cresselia|Normal\n|move|p2a: Tornadus|Taunt||[still]\n|cant|p1b: Farigiraf|ability: Armor Tail|Taunt|[of] p2a: Tornadus\n|move|p2b: Gholdengo|Shadow Ball|p1b: Farigiraf\n|-immune|p1b: Farigiraf\n|move|p1a: Cresselia|Trick Room|p1a: Cresselia\n|-fieldstart|move: Trick Room|[of] p1a: Cresselia\n|\n|upkeep\n|turn|7\n|\n|t:|1698323790\n|-terastallize|p2b: Gholdengo|Steel\n|move|p1b: Farigiraf|Imprison|p1b: Farigiraf\n|-start|p1b: Farigiraf|move: Imprison\n|move|p1a: Cresselia|Calm Mind|p1a: Cresselia\n|-boost|p1a: Cresselia|spa|1\n|-boost|p1a: Cresselia|spd|1\n|move|p2a: Tornadus|Bleakwind Storm|p1a: Cresselia|[spread] p1b\n|-miss|p2a: Tornadus|p1a: Cresselia\n|-damage|p1b: Farigiraf|71\/100\n|move|p2b: Gholdengo|Make It Rain|p1b: Farigiraf|[spread] p1a,p1b\n|-damage|p1a: Cresselia|77\/100\n|-damage|p1b: Farigiraf|1\/100\n|-unboost|p2b: Gholdengo|spa|1\n|\n|-heal|p1b: Farigiraf|8\/100|[from] item: Leftovers\n|-heal|p1a: Cresselia|83\/100|[from] item: Leftovers\n|upkeep\n|turn|8\n|inactive|Thatbreloomguy has 120 seconds left.\n|\n|t:|1698323820\n|move|p1b: Farigiraf|Dazzling Gleam|p2a: Tornadus|[spread] p2a,p2b\n|-resisted|p2b: Gholdengo\n|-damage|p2a: Tornadus|0 fnt\n|-damage|p2b: Gholdengo|92\/100\n|faint|p2a: Tornadus\n|move|p1a: Cresselia|Calm Mind|p1a: Cresselia\n|-boost|p1a: Cresselia|spa|1\n|-boost|p1a: Cresselia|spd|1\n|move|p2b: Gholdengo|Make It Rain|p1b: Farigiraf|[spread] p1a,p1b\n|-damage|p1a: Cresselia|71\/100\n|-damage|p1b: Farigiraf|0 fnt\n|-unboost|p2b: Gholdengo|spa|1\n|faint|p1b: Farigiraf\n|\n|-heal|p1a: Cresselia|77\/100|[from] item: Leftovers\n|upkeep\n|\n|t:|1698323823\n|switch|p1b: Torkoal|Torkoal, M|65\/100\n|-weather|SunnyDay|[from] ability: Drought|[of] p1b: Torkoal\n|turn|9\n|\n|t:|1698323838\n|move|p2b: Gholdengo|Protect|p2b: Gholdengo\n|-singleturn|p2b: Gholdengo|Protect\n|move|p1b: Torkoal|Eruption|p2b: Gholdengo\n|-activate|p2b: Gholdengo|move: Protect\n|move|p1a: Cresselia|Lunar Blessing|p1a: Cresselia|[spread] p1a,p1b\n|-heal|p1a: Cresselia|100\/100\n|-heal|p1b: Torkoal|90\/100\n|\n|-weather|SunnyDay|[upkeep]\n|upkeep\n|turn|10\n|\n|t:|1698323848\n|move|p1b: Torkoal|Eruption|p2b: Gholdengo\n|-supereffective|p2b: Gholdengo\n|-damage|p2b: Gholdengo|0 fnt\n|faint|p2b: Gholdengo\n|\n|win|DoerreKong\n|raw|DoerreKong's rating: 1525 &rarr; <strong>1540<\/strong><br \/>(+15 for winning)\n|raw|Thatbreloomguy's rating: 1443 &rarr; <strong>1428<\/strong><br \/>(-15 for losing)\n","uploadtime":1698323852,"views":23,"p1id":"doerrekong","p2id":"thatbreloomguy","formatid":"gen9doublesou","rating":1428,"private":0,"password":""}