{"id":"gen9doublesou-1988294701","p1":"Aquillae","p2":"Koji_777","format":"[Gen 9] Doubles OU","log":"|j|\u2606Aquillae\n|j|\u2606Koji_777\n|t:|1699703489\n|gametype|doubles\n|player|p1|Aquillae|parasollady|1192\n|player|p2|Koji_777|roxie|1073\n|teamsize|p1|6\n|teamsize|p2|6\n|gen|9\n|tier|[Gen 9] Doubles OU\n|rated|\n|rule|Species Clause: Limit one of each Pok\u00e9mon\n|rule|OHKO Clause: OHKO moves are banned\n|rule|Evasion Moves Clause: Evasion moves are banned\n|rule|Gravity Sleep Clause: The combination of sleep-inducing moves with imperfect accuracy and Gravity or Gigantamax Orbeetle are banned\n|rule|Endless Battle Clause: Forcing endless battles is banned\n|rule|HP Percentage Mod: HP is shown in percentages\n|clearpoke\n|poke|p1|Lucario, M|\n|poke|p1|Maushold|\n|poke|p1|Indeedee-F, F|\n|poke|p1|Iron Bundle|\n|poke|p1|Amoonguss, F|\n|poke|p1|Landorus-Therian, M|\n|poke|p2|Pelipper, F|\n|poke|p2|Zapdos|\n|poke|p2|Gholdengo|\n|poke|p2|Ceruledge, M|\n|poke|p2|Hatterene, F|\n|poke|p2|Dragonite, M|\n|teampreview\n|\n|t:|1699703508\n|start\n|switch|p1a: Iron Bundle|Iron Bundle|100\/100\n|switch|p1b: Amoonguss|Amoonguss, F|100\/100\n|switch|p2a: Pelipper|Pelipper, F|100\/100\n|switch|p2b: Zapdos|Zapdos|100\/100\n|turn|1\n|\n|t:|1699703531\n|move|p1b: Amoonguss|Rage Powder|p1b: Amoonguss\n|-singleturn|p1b: Amoonguss|move: Rage Powder\n|move|p1a: Iron Bundle|Ice Beam|p2b: Zapdos\n|-supereffective|p2b: Zapdos\n|-damage|p2b: Zapdos|0 fnt\n|faint|p2b: Zapdos\n|move|p2a: Pelipper|Tailwind|p2a: Pelipper\n|-sidestart|p2: Koji_777|move: Tailwind\n|\n|upkeep\n|\n|t:|1699703540\n|switch|p2b: Gholdengo|Gholdengo|100\/100\n|turn|2\n|\n|t:|1699703548\n|-terastallize|p2b: Gholdengo|Steel\n|move|p2a: Pelipper|Protect|p2a: Pelipper\n|-singleturn|p2a: Pelipper|Protect\n|move|p1b: Amoonguss|Rage Powder|p1b: Amoonguss\n|-singleturn|p1b: Amoonguss|move: Rage Powder\n|move|p2b: Gholdengo|Make It Rain|p1b: Amoonguss|[spread] p1a,p1b\n|-damage|p1a: Iron Bundle|0 fnt\n|-damage|p1b: Amoonguss|9\/100\n|-unboost|p2b: Gholdengo|spa|1\n|faint|p1a: Iron Bundle\n|-end|p1a: Iron Bundle|Quark Drive|[silent]\n|\n|-heal|p1b: Amoonguss|15\/100|[from] item: Leftovers\n|upkeep\n|\n|t:|1699703574\n|switch|p1a: Landorus|Landorus-Therian, M|100\/100\n|-ability|p1a: Landorus|Intimidate|boost\n|-unboost|p2a: Pelipper|atk|1\n|-unboost|p2b: Gholdengo|atk|1\n|turn|3\n|\n|t:|1699703588\n|move|p1a: Landorus|Protect|p1a: Landorus\n|-singleturn|p1a: Landorus|Protect\n|move|p2b: Gholdengo|Make It Rain|p1b: Amoonguss|[spread] p1b\n|-activate|p1a: Landorus|move: Protect\n|-damage|p1b: Amoonguss|0 fnt\n|-unboost|p2b: Gholdengo|spa|1\n|faint|p1b: Amoonguss\n|move|p2a: Pelipper|Hydro Pump|p1a: Landorus\n|-activate|p1a: Landorus|move: Protect\n|\n|upkeep\n|\n|t:|1699703610\n|switch|p1b: Maushold|Maushold|100\/100\n|turn|4\n|\n|t:|1699703631\n|move|p1b: Maushold|Follow Me|p1b: Maushold\n|-singleturn|p1b: Maushold|move: Follow Me\n|move|p2b: Gholdengo|Make It Rain|p1b: Maushold|[spread] p1a,p1b\n|-damage|p1a: Landorus|50\/100\n|-damage|p1b: Maushold|41\/100\n|-unboost|p2b: Gholdengo|spa|1\n|-enditem|p1b: Maushold|Sitrus Berry|[eat]\n|-heal|p1b: Maushold|66\/100|[from] item: Sitrus Berry\n|move|p2a: Pelipper|Hydro Pump|p1b: Maushold\n|-damage|p1b: Maushold|8\/100\n|move|p1a: Landorus|Calm Mind|p1a: Landorus\n|-boost|p1a: Landorus|spa|1\n|-boost|p1a: Landorus|spd|1\n|\n|-sideend|p2: Koji_777|move: Tailwind\n|upkeep\n|turn|5\n|\n|t:|1699703656\n|switch|p1b: Indeedee|Indeedee-F, F|100\/100\n|-fieldstart|move: Psychic Terrain|[from] ability: Psychic Surge|[of] p1b: Indeedee\n|-enditem|p1b: Indeedee|Psychic Seed\n|-boost|p1b: Indeedee|spd|1|[from] item: Psychic Seed\n|move|p1a: Landorus|Sandsear Storm|p2b: Gholdengo|[spread] \n|-immune|p2a: Pelipper\n|-miss|p1a: Landorus|p2b: Gholdengo\n|move|p2b: Gholdengo|Make It Rain|p1b: Indeedee|[spread] p1a,p1b\n|-damage|p1a: Landorus|15\/100\n|-damage|p1b: Indeedee|81\/100\n|-unboost|p2b: Gholdengo|spa|1\n|move|p2a: Pelipper|Hydro Pump|p1a: Landorus\n|-supereffective|p1a: Landorus\n|-damage|p1a: Landorus|0 fnt\n|faint|p1a: Landorus\n|\n|upkeep\n|\n|t:|1699703681\n|switch|p1a: Maushold|Maushold|8\/100\n|turn|6\n|\n|t:|1699703689\n|switch|p1b: Lucario|Lucario, M|100\/100\n|move|p1a: Maushold|Beat Up|p1b: Lucario\n|-resisted|p1b: Lucario\n|-crit|p1b: Lucario\n|-damage|p1b: Lucario|99\/100\n|-ability|p1b: Lucario|Justified|boost\n|-boost|p1b: Lucario|atk|1\n|-resisted|p1b: Lucario\n|-damage|p1b: Lucario|98\/100\n|-ability|p1b: Lucario|Justified|boost\n|-boost|p1b: Lucario|atk|1\n|-resisted|p1b: Lucario\n|-damage|p1b: Lucario|97\/100\n|-ability|p1b: Lucario|Justified|boost\n|-boost|p1b: Lucario|atk|1\n|-hitcount|p1b: Lucario|3\n|move|p2b: Gholdengo|Make It Rain|p1a: Maushold|[spread] p1a,p1b\n|-resisted|p1b: Lucario\n|-damage|p1a: Maushold|0 fnt\n|-damage|p1b: Lucario|82\/100\n|-unboost|p2b: Gholdengo|spa|1\n|faint|p1a: Maushold\n|move|p2a: Pelipper|Hurricane|p1b: Lucario\n|-damage|p1b: Lucario|33\/100\n|-start|p1b: Lucario|confusion\n|\n|upkeep\n|\n|t:|1699703711\n|switch|p1a: Indeedee|Indeedee-F, F|81\/100\n|turn|7\n|\n|t:|1699703721\n|-activate|p1b: Lucario|confusion\n|-damage|p1b: Lucario|0 fnt|[from] confusion\n|faint|p1b: Lucario\n|move|p2b: Gholdengo|Make It Rain|p1a: Indeedee\n|-damage|p1a: Indeedee|53\/100\n|-unboost|p2b: Gholdengo|spa|1\n|move|p2a: Pelipper|Hurricane|p1a: Indeedee|[miss]\n|-miss|p2a: Pelipper|p1a: Indeedee\n|move|p1a: Indeedee|Light Screen|p1a: Indeedee\n|-sidestart|p1: Aquillae|move: Light Screen\n|\n|upkeep\n|turn|8\n|-message|Aquillae forfeited.\n|\n|win|Koji_777\n|raw|Aquillae's rating: 1192 &rarr; <strong>1159<\/strong><br \/>(-33 for losing)\n|raw|Koji_777's rating: 1073 &rarr; <strong>1112<\/strong><br \/>(+39 for winning)\n|l|\u2606Aquillae\n","uploadtime":1699703732,"views":12,"p1id":"aquillae","p2id":"koji777","formatid":"gen9doublesou","rating":1112,"private":0,"password":""}