{"id":"gen9doublesou-1999917373","p1":"theguythere","p2":"PrinceOberon","format":"[Gen 9] Doubles OU","log":"|j|\u2606theguythere\n|j|\u2606PrinceOberon\n|t:|1701129840\n|gametype|doubles\n|player|p1|theguythere|pokemaniac|1083\n|player|p2|PrinceOberon|swimmer-gen4jp|1174\n|teamsize|p1|6\n|teamsize|p2|6\n|gen|9\n|tier|[Gen 9] Doubles OU\n|rated|\n|rule|Species Clause: Limit one of each Pok\u00e9mon\n|rule|OHKO Clause: OHKO moves are banned\n|rule|Evasion Moves Clause: Evasion moves are banned\n|rule|Gravity Sleep Clause: The combination of sleep-inducing moves with imperfect accuracy and Gravity or Gigantamax Orbeetle are banned\n|rule|Endless Battle Clause: Forcing endless battles is banned\n|rule|HP Percentage Mod: HP is shown in percentages\n|clearpoke\n|poke|p1|Palafin, F|\n|poke|p1|Iron Bundle|\n|poke|p1|Ninetales-Alola, M|\n|poke|p1|Flutter Mane|\n|poke|p1|Regieleki|\n|poke|p1|Sandy Shocks|\n|poke|p2|Torkoal, M|\n|poke|p2|Lilligant-Hisui, F|\n|poke|p2|Goodra-Hisui, M|\n|poke|p2|Ursaluna-Bloodmoon, M|\n|poke|p2|Roaring Moon|\n|poke|p2|Volcanion|\n|teampreview\n|\n|t:|1701129864\n|start\n|switch|p1a: 69tales|Ninetales-Alola, M, shiny|100\/100\n|switch|p1b: super duper man|Palafin, F|100\/100\n|switch|p2a: Lilligant|Lilligant-Hisui, F|100\/100\n|switch|p2b: Torkoal|Torkoal, M|100\/100\n|-weather|SunnyDay|[from] ability: Drought|[of] p2b: Torkoal\n|turn|1\n|\n|t:|1701129878\n|-terastallize|p2b: Torkoal|Fire\n|move|p2a: Lilligant|After You|p2b: Torkoal\n|-activate|p2b: Torkoal|move: After You\n|move|p2b: Torkoal|Eruption|p1a: 69tales|[spread] p1b\n|-miss|p2b: Torkoal|p1a: 69tales\n|-resisted|p1b: super duper man\n|-damage|p1b: super duper man|0 fnt\n|faint|p1b: super duper man\n|move|p1a: 69tales|Snowscape|p1a: 69tales\n|-weather|Snow\n|\n|-weather|Snow|[upkeep]\n|upkeep\n|\n|t:|1701129890\n|switch|p1b: robo santa|Iron Bundle, shiny|100\/100\n|-enditem|p1b: robo santa|Booster Energy\n|-activate|p1b: robo santa|ability: Quark Drive|[fromitem]\n|-start|p1b: robo santa|quarkdrivespe\n|turn|2\n|\n|t:|1701129906\n|switch|p2a: Goodra|Goodra-Hisui, M|100\/100\n|switch|p2b: Volcanion|Volcanion|100\/100\n|-terastallize|p1b: robo santa|Water\n|move|p1b: robo santa|Tera Blast|p2b: Volcanion|[anim] Tera Blast Water\n|-immune|p2b: Volcanion|[from] ability: Water Absorb\n|move|p1a: 69tales|Blizzard|p2a: Goodra|[spread] p2a,p2b\n|-resisted|p2b: Volcanion\n|-damage|p2a: Goodra|91\/100\n|-damage|p2b: Volcanion|96\/100\n|\n|-weather|Snow|[upkeep]\n|upkeep\n|turn|3\n|\n|t:|1701129933\n|-end|p1b: robo santa|Quark Drive|[silent]\n|switch|p1b: reginitendo|Regieleki|100\/100\n|move|p1a: 69tales|Aurora Veil|p1a: 69tales\n|-sidestart|p1: theguythere|move: Aurora Veil\n|move|p2b: Volcanion|Heat Wave|p1a: 69tales|[spread] p1a,p1b\n|-supereffective|p1a: 69tales\n|-damage|p1a: 69tales|64\/100\n|-damage|p1b: reginitendo|71\/100\n|move|p2a: Goodra|Thunderbolt|p1b: reginitendo\n|-resisted|p1b: reginitendo\n|-damage|p1b: reginitendo|57\/100\n|\n|-weather|Snow|[upkeep]\n|upkeep\n|turn|4\n|\n|t:|1701129949\n|move|p1b: reginitendo|Thunder Cage|p2b: Volcanion\n|-supereffective|p2b: Volcanion\n|-damage|p2b: Volcanion|30\/100\n|-activate|p2b: Volcanion|move: Thunder Cage|[of] p1b: reginitendo\n|move|p1a: 69tales|Moonblast|p2a: Goodra\n|-damage|p2a: Goodra|78\/100\n|move|p2b: Volcanion|Heat Wave|p1a: 69tales|[spread] p1a,p1b\n|-supereffective|p1a: 69tales\n|-damage|p1a: 69tales|26\/100\n|-damage|p1b: reginitendo|31\/100\n|move|p2a: Goodra|Dragon Breath|p1b: reginitendo\n|-damage|p1b: reginitendo|4\/100\n|\n|-weather|Snow|[upkeep]\n|-damage|p2b: Volcanion|18\/100|[from] move: Thunder Cage|[partiallytrapped]\n|upkeep\n|turn|5\n|\n|t:|1701129970\n|move|p1b: reginitendo|Volt Switch|p2b: Volcanion\n|-supereffective|p2b: Volcanion\n|-damage|p2b: Volcanion|0 fnt\n|faint|p2b: Volcanion\n|\n|t:|1701129978\n|switch|p1b: magmasand|Sandy Shocks, shiny|100\/100|[from] Volt Switch\n|-enditem|p1b: magmasand|Booster Energy\n|-activate|p1b: magmasand|ability: Protosynthesis|[fromitem]\n|-start|p1b: magmasand|protosynthesisspa\n|move|p1a: 69tales|Blizzard|p2a: Goodra\n|-damage|p2a: Goodra|65\/100\n|move|p2a: Goodra|Knock Off|p1a: 69tales\n|-resisted|p1a: 69tales\n|-crit|p1a: 69tales\n|-damage|p1a: 69tales|12\/100\n|-enditem|p1a: 69tales|Bright Powder|[from] move: Knock Off|[of] p2a: Goodra\n|\n|-weather|none\n|upkeep\n|\n|t:|1701129997\n|switch|p2b: Roaring Moon|Roaring Moon|100\/100\n|-enditem|p2b: Roaring Moon|Booster Energy\n|-activate|p2b: Roaring Moon|ability: Protosynthesis|[fromitem]\n|-start|p2b: Roaring Moon|protosynthesisatk\n|turn|6\n|\n|t:|1701130022\n|move|p2b: Roaring Moon|Acrobatics|p1a: 69tales\n|-damage|p1a: 69tales|0 fnt\n|faint|p1a: 69tales\n|move|p1b: magmasand|Earth Power|p2a: Goodra\n|-supereffective|p2a: Goodra\n|-damage|p2a: Goodra|15\/100\n|move|p2a: Goodra|Ice Beam|p1b: magmasand\n|-supereffective|p1b: magmasand\n|-damage|p1b: magmasand|51\/100\n|-status|p1b: magmasand|frz\n|\n|upkeep\n|\n|t:|1701130034\n|switch|p1a: mistramane|Flutter Mane|100\/100\n|-enditem|p1a: mistramane|Booster Energy\n|-activate|p1a: mistramane|ability: Protosynthesis|[fromitem]\n|-start|p1a: mistramane|protosynthesisspa\n|turn|7\n|\n|t:|1701130047\n|move|p1a: mistramane|Moonblast|p2b: Roaring Moon\n|-supereffective|p2b: Roaring Moon\n|-damage|p2b: Roaring Moon|0 fnt\n|faint|p2b: Roaring Moon\n|-end|p2b: Roaring Moon|Protosynthesis|[silent]\n|cant|p1b: magmasand|frz\n|move|p2a: Goodra|Ice Beam|p1b: magmasand\n|-supereffective|p1b: magmasand\n|-damage|p1b: magmasand|0 fnt\n|faint|p1b: magmasand\n|-end|p1b: magmasand|Protosynthesis|[silent]\n|\n|-sideend|p1: theguythere|move: Aurora Veil\n|upkeep\n|\n|t:|1701130057\n|switch|p2b: Ursaluna|Ursaluna-Bloodmoon, M|100\/100\n|switch|p1b: robo santa|Iron Bundle, shiny, tera:Water|100\/100\n|turn|8\n|\n|t:|1701130072\n|move|p1b: robo santa|Icy Wind|p2b: Ursaluna|[spread] p2a,p2b\n|-supereffective|p2b: Ursaluna\n|-damage|p2a: Goodra|5\/100\n|-damage|p2b: Ursaluna|54\/100\n|-unboost|p2a: Goodra|spe|1\n|-unboost|p2b: Ursaluna|spe|1\n|move|p1a: mistramane|Energy Ball|p2b: Ursaluna\n|-supereffective|p2b: Ursaluna\n|-damage|p2b: Ursaluna|0 fnt\n|faint|p2b: Ursaluna\n|move|p2a: Goodra|Thunderbolt|p1b: robo santa\n|-supereffective|p1b: robo santa\n|-damage|p1b: robo santa|0 fnt\n|faint|p1b: robo santa\n|-end|p1b: robo santa|Quark Drive|[silent]\n|\n|upkeep\n|\n|t:|1701130085\n|switch|p1b: reginitendo|Regieleki|4\/100\n|switch|p2b: Torkoal|Torkoal, M, tera:Fire|100\/100\n|-weather|SunnyDay|[from] ability: Drought|[of] p2b: Torkoal\n|turn|9\n|\n|t:|1701130112\n|move|p1b: reginitendo|Ancient Power|p2b: Torkoal\n|-supereffective|p2b: Torkoal\n|-damage|p2b: Torkoal|54\/100\n|move|p1a: mistramane|Moonblast|p2a: Goodra\n|-damage|p2a: Goodra|0 fnt\n|faint|p2a: Goodra\n|move|p2b: Torkoal|Eruption|p1a: mistramane|[spread] p1a,p1b\n|-damage|p1a: mistramane|21\/100\n|-damage|p1b: reginitendo|0 fnt\n|faint|p1b: reginitendo\n|\n|-weather|SunnyDay|[upkeep]\n|upkeep\n|\n|t:|1701130121\n|switch|p2a: Lilligant|Lilligant-Hisui, F|100\/100\n|turn|10\n|-message|theguythere forfeited.\n|\n|win|PrinceOberon\n|raw|theguythere's rating: 1083 &rarr; <strong>1066<\/strong><br \/>(-17 for losing)\n|raw|PrinceOberon's rating: 1174 &rarr; <strong>1193<\/strong><br \/>(+19 for winning)\n|l|\u2606theguythere\n","uploadtime":1701130131,"views":7,"p1id":"theguythere","p2id":"princeoberon","formatid":"gen9doublesou","rating":1066,"private":0,"password":""}