{"id":"gen9doublesou-1981148609","p1":"12123434a","p2":"EkCantDrawLol","format":"[Gen 9] Doubles OU","log":"|j|\u260612123434a\n|j|\u2606EkCantDrawLol\n|t:|1698867504\n|gametype|doubles\n|player|p1|12123434a|twins-gen4dp|1519\n|player|p2|EkCantDrawLol|skierf|1502\n|teamsize|p1|6\n|teamsize|p2|6\n|gen|9\n|tier|[Gen 9] Doubles OU\n|rated|\n|rule|Species Clause: Limit one of each Pok\u00e9mon\n|rule|OHKO Clause: OHKO moves are banned\n|rule|Evasion Moves Clause: Evasion moves are banned\n|rule|Gravity Sleep Clause: The combination of sleep-inducing moves with imperfect accuracy and Gravity or Gigantamax Orbeetle are banned\n|rule|Endless Battle Clause: Forcing endless battles is banned\n|rule|HP Percentage Mod: HP is shown in percentages\n|clearpoke\n|poke|p1|Tauros-Paldea-Blaze, M|\n|poke|p1|Ting-Lu|\n|poke|p1|Munkidori, M|\n|poke|p1|Glimmora, M|\n|poke|p1|Volcarona, M|\n|poke|p1|Flamigo, F|\n|poke|p2|Ogerpon-Hearthflame, F|\n|poke|p2|Kingambit, M|\n|poke|p2|Tornadus, M|\n|poke|p2|Flutter Mane|\n|poke|p2|Walking Wake|\n|poke|p2|Landorus-Therian, M|\n|teampreview\n|inactive|Battle timer is ON: inactive players will automatically lose when time's up. (requested by 12123434a)\n|inactive|EkCantDrawLol has 120 seconds left.\n|\n|t:|1698867537\n|start\n|switch|p1a: Tauros|Tauros-Paldea-Blaze, M|100\/100\n|switch|p1b: Munkidori|Munkidori, M|100\/100\n|switch|p2a: Landorus|Landorus-Therian, M, shiny|100\/100\n|switch|p2b: Flutter Mane|Flutter Mane, shiny|100\/100\n|-ability|p2a: Landorus|Intimidate|boost\n|-unboost|p1a: Tauros|atk|1\n|-unboost|p1b: Munkidori|atk|1\n|-ability|p1a: Tauros|Intimidate|boost\n|-unboost|p2a: Landorus|atk|1\n|-unboost|p2b: Flutter Mane|atk|1\n|-enditem|p2b: Flutter Mane|Booster Energy\n|-activate|p2b: Flutter Mane|ability: Protosynthesis|[fromitem]\n|-start|p2b: Flutter Mane|protosynthesisspe\n|turn|1\n|\n|t:|1698867550\n|move|p2b: Flutter Mane|Protect|p2b: Flutter Mane\n|-singleturn|p2b: Flutter Mane|Protect\n|move|p1b: Munkidori|Fake Out|p2a: Landorus\n|-damage|p2a: Landorus|95\/100\n|cant|p2a: Landorus|flinch\n|move|p1a: Tauros|Raging Bull|p2b: Flutter Mane\n|-activate|p2b: Flutter Mane|move: Protect\n|\n|upkeep\n|turn|2\n|\n|t:|1698867572\n|switch|p1b: Glimmora|Glimmora, M|100\/100\n|switch|p1a: Ting-Lu|Ting-Lu|100\/100\n|-ability|p1a: Ting-Lu|Vessel of Ruin\n|move|p2b: Flutter Mane|Shadow Ball|p1b: Glimmora\n|-damage|p1b: Glimmora|55\/100\n|move|p2a: Landorus|Stomping Tantrum|p1a: Ting-Lu\n|-damage|p1a: Ting-Lu|77\/100\n|\n|-heal|p1a: Ting-Lu|83\/100|[from] item: Leftovers\n|upkeep\n|turn|3\n|inactive|12123434a has 120 seconds left.\n|\n|t:|1698867604\n|move|p2b: Flutter Mane|Moonblast|p1a: Ting-Lu\n|-supereffective|p1a: Ting-Lu\n|-damage|p1a: Ting-Lu|24\/100\n|move|p2a: Landorus|Stomping Tantrum|p1b: Glimmora\n|-supereffective|p1b: Glimmora\n|-damage|p1b: Glimmora|0 fnt\n|-activate|p1b: Glimmora|ability: Toxic Debris\n|-sidestart|p2: EkCantDrawLol|move: Toxic Spikes\n|faint|p1b: Glimmora\n|move|p1a: Ting-Lu|Ruination|p2a: Landorus\n|-damage|p2a: Landorus|48\/100\n|\n|-heal|p1a: Ting-Lu|30\/100|[from] item: Leftovers\n|upkeep\n|inactive|12123434a has 120 seconds left.\n|\n|t:|1698867612\n|switch|p1b: Munkidori|Munkidori, M|100\/100\n|turn|4\n|\n|t:|1698867622\n|move|p2b: Flutter Mane|Shadow Ball|p1b: Munkidori\n|-supereffective|p1b: Munkidori\n|-damage|p1b: Munkidori|32\/100\n|move|p2a: Landorus|Stomping Tantrum|p1b: Munkidori\n|-supereffective|p1b: Munkidori\n|-damage|p1b: Munkidori|0 fnt\n|faint|p1b: Munkidori\n|move|p1a: Ting-Lu|Whirlwind|p2b: Flutter Mane\n|-end|p2b: Flutter Mane|Protosynthesis|[silent]\n|drag|p2b: Kingambit|Kingambit, M|100\/100\n|\n|-heal|p1a: Ting-Lu|36\/100|[from] item: Leftovers\n|upkeep\n|\n|t:|1698867631\n|switch|p1b: Tauros|Tauros-Paldea-Blaze, M|100\/100\n|-ability|p1b: Tauros|Intimidate|boost\n|-unboost|p2a: Landorus|atk|1\n|-unboost|p2b: Kingambit|atk|1\n|-ability|p2b: Kingambit|Defiant|boost\n|-boost|p2b: Kingambit|atk|2\n|turn|5\n|j| Phil's Gout\n|\n|t:|1698867640\n|switch|p2a: Flutter Mane|Flutter Mane, shiny|100\/100\n|-status|p2a: Flutter Mane|psn\n|move|p2b: Kingambit|Protect|p2b: Kingambit\n|-singleturn|p2b: Kingambit|Protect\n|move|p1b: Tauros|Bulk Up|p1b: Tauros\n|-boost|p1b: Tauros|atk|1\n|-boost|p1b: Tauros|def|1\n|move|p1a: Ting-Lu|Whirlwind|p2b: Kingambit\n|drag|p2b: Tornadus|Tornadus, M, shiny|100\/100\n|\n|-heal|p1a: Ting-Lu|42\/100|[from] item: Leftovers\n|-damage|p2a: Flutter Mane|88\/100 psn|[from] psn\n|upkeep\n|turn|6\n|\n|t:|1698867661\n|-terastallize|p2b: Tornadus|Flying\n|move|p2a: Flutter Mane|Moonblast|p1b: Tauros\n|-damage|p1b: Tauros|57\/100\n|move|p2b: Tornadus|Bleakwind Storm|p1b: Tauros|[spread] p1a\n|-miss|p2b: Tornadus|p1b: Tauros\n|-damage|p1a: Ting-Lu|17\/100\n|move|p1b: Tauros|Raging Bull|p2a: Flutter Mane\n|-damage|p2a: Flutter Mane|0 fnt\n|faint|p2a: Flutter Mane\n|-end|p2a: Flutter Mane|Protosynthesis|[silent]\n|move|p1a: Ting-Lu|Ruination|p2b: Tornadus\n|-damage|p2b: Tornadus|50\/100\n|\n|-heal|p1b: Tauros|63\/100|[from] item: Leftovers\n|-heal|p1a: Ting-Lu|23\/100|[from] item: Leftovers\n|upkeep\n|\n|t:|1698867676\n|switch|p2a: Landorus|Landorus-Therian, M, shiny|48\/100\n|-ability|p2a: Landorus|Intimidate|boost\n|-unboost|p1a: Ting-Lu|atk|1\n|-unboost|p1b: Tauros|atk|1\n|turn|7\n|\n|t:|1698867692\n|move|p1b: Tauros|Protect|p1b: Tauros\n|-singleturn|p1b: Tauros|Protect\n|move|p2a: Landorus|Earthquake|p1a: Ting-Lu|[spread] p1a\n|-activate|p1b: Tauros|move: Protect\n|-immune|p2b: Tornadus\n|-damage|p1a: Ting-Lu|3\/100\n|move|p2b: Tornadus|Bleakwind Storm|p1b: Tauros|[spread] p1a\n|-activate|p1b: Tauros|move: Protect\n|-damage|p1a: Ting-Lu|0 fnt\n|faint|p1a: Ting-Lu\n|\n|-heal|p1b: Tauros|69\/100|[from] item: Leftovers\n|upkeep\n|\n|t:|1698867702\n|switch|p1a: Flamigo|Flamigo, F|100\/100\n|-copyboost|p1a: Flamigo|p1b: Tauros|[from] ability: Costar\n|turn|8\n|\n|t:|1698867721\n|-terastallize|p1a: Flamigo|Flying\n|move|p2a: Landorus|Earthquake|p1b: Tauros|[spread] p1b\n|-immune|p2b: Tornadus\n|-immune|p1a: Flamigo\n|-supereffective|p1b: Tauros\n|-damage|p1b: Tauros|16\/100\n|move|p2b: Tornadus|Bleakwind Storm|p1a: Flamigo|[spread] p1a,p1b\n|-supereffective|p1b: Tauros\n|-damage|p1a: Flamigo|26\/100\n|-damage|p1b: Tauros|0 fnt\n|faint|p1b: Tauros\n|move|p1a: Flamigo|Brave Bird|p2b: Tornadus\n|-damage|p2b: Tornadus|0 fnt\n|faint|p2b: Tornadus\n|-damage|p1a: Flamigo|12\/100|[from] Recoil\n|\n|-heal|p1a: Flamigo|18\/100|[from] item: Leftovers\n|upkeep\n|\n|t:|1698867741\n|switch|p2b: Kingambit|Kingambit, M|100\/100\n|switch|p1b: Volcarona|Volcarona, M|100\/100\n|turn|9\n|\n|t:|1698867755\n|switch|p2a: Ogerpon|Ogerpon-Hearthflame, F|100\/100\n|-status|p2a: Ogerpon|psn\n|-ability|p2a: Ogerpon|Mold Breaker\n|move|p1b: Volcarona|Rage Powder|p1b: Volcarona\n|-singleturn|p1b: Volcarona|move: Rage Powder\n|move|p2b: Kingambit|Sucker Punch||[still]\n|-fail|p2b: Kingambit\n|move|p1a: Flamigo|Swords Dance|p1a: Flamigo\n|-boost|p1a: Flamigo|atk|2\n|\n|-heal|p1a: Flamigo|24\/100|[from] item: Leftovers\n|-damage|p2a: Ogerpon|88\/100 psn|[from] psn\n|upkeep\n|turn|10\n|\n|t:|1698867776\n|move|p1b: Volcarona|Rage Powder|p1b: Volcarona\n|-singleturn|p1b: Volcarona|move: Rage Powder\n|move|p2a: Ogerpon|Swords Dance|p2a: Ogerpon\n|-boost|p2a: Ogerpon|atk|2\n|move|p1a: Flamigo|Close Combat|p2a: Ogerpon\n|-crit|p2a: Ogerpon\n|-damage|p2a: Ogerpon|0 fnt\n|-unboost|p1a: Flamigo|def|1\n|-unboost|p1a: Flamigo|spd|1\n|faint|p2a: Ogerpon\n|move|p2b: Kingambit|Kowtow Cleave|p1b: Volcarona\n|-damage|p1b: Volcarona|48\/100\n|\n|-heal|p1b: Volcarona|54\/100|[from] item: Leftovers\n|-heal|p1a: Flamigo|30\/100|[from] item: Leftovers\n|upkeep\n|\n|t:|1698867783\n|switch|p2a: Landorus|Landorus-Therian, M, shiny|48\/100\n|-ability|p2a: Landorus|Intimidate|boost\n|-unboost|p1a: Flamigo|atk|1\n|-unboost|p1b: Volcarona|atk|1\n|turn|11\n|\n|t:|1698867797\n|move|p2a: Landorus|Rock Slide|p1b: Volcarona|[spread] p1a,p1b\n|-supereffective|p1a: Flamigo\n|-supereffective|p1b: Volcarona\n|-damage|p1a: Flamigo|0 fnt\n|-damage|p1b: Volcarona|0 fnt\n|faint|p1a: Flamigo\n|faint|p1b: Volcarona\n|\n|win|EkCantDrawLol\n|raw|12123434a's rating: 1519 &rarr; <strong>1498<\/strong><br \/>(-21 for losing)\n|raw|EkCantDrawLol's rating: 1502 &rarr; <strong>1523<\/strong><br \/>(+21 for winning)\n|c|\u260612123434a|Ggs\n","uploadtime":1698867806,"views":20,"p1id":"12123434a","p2id":"ekcantdrawlol","formatid":"gen9doublesou","rating":1498,"private":0,"password":""}