{"id":"gen9doublesou-1986200463","p1":"SuperAndroid99","p2":"Johnny10703","format":"[Gen 9] Doubles OU","log":"|j|\u2606SuperAndroid99\n|j|\u2606Johnny10703\n|t:|1699459280\n|gametype|doubles\n|player|p1|SuperAndroid99|gambler|1296\n|player|p2|Johnny10703|102|1276\n|teamsize|p1|6\n|teamsize|p2|6\n|gen|9\n|tier|[Gen 9] Doubles OU\n|rated|\n|rule|Species Clause: Limit one of each Pok\u00e9mon\n|rule|OHKO Clause: OHKO moves are banned\n|rule|Evasion Moves Clause: Evasion moves are banned\n|rule|Gravity Sleep Clause: The combination of sleep-inducing moves with imperfect accuracy and Gravity or Gigantamax Orbeetle are banned\n|rule|Endless Battle Clause: Forcing endless battles is banned\n|rule|HP Percentage Mod: HP is shown in percentages\n|clearpoke\n|poke|p1|Bronzong|\n|poke|p1|Iron Hands|\n|poke|p1|Kingambit, F|\n|poke|p1|Skeledirge, F|\n|poke|p1|Flutter Mane|\n|poke|p1|Samurott-Hisui, F|\n|poke|p2|Amoonguss, M|\n|poke|p2|Cresselia, F|\n|poke|p2|Iron Hands|\n|poke|p2|Kingambit, F|\n|poke|p2|Dragonite, M|\n|poke|p2|Gholdengo|\n|teampreview\n|\n|t:|1699459333\n|start\n|switch|p1a: Samurott|Samurott-Hisui, F|100\/100\n|switch|p1b: Iron Hands|Iron Hands|100\/100\n|switch|p2a: Kingambit|Kingambit, F|100\/100\n|switch|p2b: Cresselia|Cresselia, F|100\/100\n|turn|1\n|inactive|Battle timer is ON: inactive players will automatically lose when time's up. (requested by Johnny10703)\n|\n|t:|1699459353\n|move|p1b: Iron Hands|Fake Out|p2a: Kingambit\n|-resisted|p2a: Kingambit\n|-damage|p2a: Kingambit|94\/100\n|move|p1a: Samurott|Taunt|p2b: Cresselia\n|-start|p2b: Cresselia|move: Taunt\n|cant|p2a: Kingambit|flinch\n|cant|p2b: Cresselia|move: Taunt|Reflect\n|\n|upkeep\n|turn|2\n|\n|t:|1699459368\n|move|p1a: Samurott|Ceaseless Edge|p2b: Cresselia|[miss]\n|-miss|p1a: Samurott|p2b: Cresselia\n|move|p2a: Kingambit|Stealth Rock|p1a: Samurott\n|-sidestart|p1: SuperAndroid99|move: Stealth Rock\n|move|p2b: Cresselia|Future Sight|p1a: Samurott\n|-start|p2b: Cresselia|move: Future Sight\n|move|p1b: Iron Hands|Drain Punch|p2a: Kingambit\n|-supereffective|p2a: Kingambit\n|-damage|p2a: Kingambit|0 fnt\n|faint|p2a: Kingambit\n|\n|upkeep\n|\n|t:|1699459382\n|switch|p2a: Iron Hands|Iron Hands|100\/100\n|turn|3\n|\n|t:|1699459397\n|-end|p1b: Iron Hands|Quark Drive|[silent]\n|switch|p1b: Flutter Mane|Flutter Mane|100\/100\n|-damage|p1b: Flutter Mane|88\/100|[from] Stealth Rock\n|-enditem|p1b: Flutter Mane|Booster Energy\n|-activate|p1b: Flutter Mane|ability: Protosynthesis|[fromitem]\n|-start|p1b: Flutter Mane|protosynthesisspe\n|move|p2a: Iron Hands|Fake Out|p1a: Samurott\n|-damage|p1a: Samurott|81\/100\n|cant|p1a: Samurott|flinch\n|move|p2b: Cresselia|Future Sight|p1b: Flutter Mane\n|-start|p2b: Cresselia|move: Future Sight\n|\n|-end|p2b: Cresselia|move: Taunt\n|upkeep\n|turn|4\n|inactive|Johnny10703 has 120 seconds left.\n|\n|t:|1699459438\n|switch|p2b: Dragonite|Dragonite, M|100\/100\n|move|p1b: Flutter Mane|Dazzling Gleam|p2a: Iron Hands|[spread] p2a,p2b\n|-supereffective|p2a: Iron Hands\n|-supereffective|p2b: Dragonite\n|-damage|p2a: Iron Hands|73\/100\n|-damage|p2b: Dragonite|78\/100\n|move|p1a: Samurott|Taunt|p2b: Dragonite\n|-start|p2b: Dragonite|move: Taunt\n|move|p2a: Iron Hands|Drain Punch|p1a: Samurott\n|-supereffective|p1a: Samurott\n|-damage|p1a: Samurott|0 fnt\n|-heal|p2a: Iron Hands|100\/100|[from] drain|[of] p1a: Samurott\n|faint|p1a: Samurott\n|\n|-hint|Future Sight did not hit because the target is fainted.\n|upkeep\n|inactive|SuperAndroid99 has 120 seconds left.\n|\n|t:|1699459477\n|switch|p1a: Iron Hands|Iron Hands|100\/100\n|-damage|p1a: Iron Hands|94\/100|[from] Stealth Rock\n|turn|5\n|\n|t:|1699459493\n|-terastallize|p2b: Dragonite|Normal\n|move|p1a: Iron Hands|Fake Out|p2a: Iron Hands\n|-damage|p2a: Iron Hands|88\/100\n|move|p2b: Dragonite|Extreme Speed|p1a: Iron Hands\n|-damage|p1a: Iron Hands|50\/100\n|move|p1b: Flutter Mane|Dazzling Gleam|p2b: Dragonite|[spread] p2a,p2b\n|-supereffective|p2a: Iron Hands\n|-damage|p2a: Iron Hands|60\/100\n|-damage|p2b: Dragonite|53\/100\n|cant|p2a: Iron Hands|flinch\n|\n|-end|p1b: Flutter Mane|move: Future Sight\n|-damage|p1b: Flutter Mane|60\/100\n|upkeep\n|turn|6\n|inactive|SuperAndroid99 has 120 seconds left.\n|\n|t:|1699459526\n|-end|p1b: Flutter Mane|Protosynthesis|[silent]\n|switch|p1b: Bronzong|Bronzong, shiny|100\/100\n|-damage|p1b: Bronzong|94\/100|[from] Stealth Rock\n|-end|p2a: Iron Hands|Quark Drive|[silent]\n|switch|p2a: Amoonguss|Amoonguss, M|100\/100\n|move|p2b: Dragonite|Extreme Speed|p1a: Iron Hands\n|-damage|p1a: Iron Hands|5\/100\n|move|p1a: Iron Hands|Drain Punch|p2b: Dragonite\n|-supereffective|p2b: Dragonite\n|-damage|p2b: Dragonite|0 fnt\n|-heal|p1a: Iron Hands|25\/100|[from] drain|[of] p2b: Dragonite\n|faint|p2b: Dragonite\n|\n|upkeep\n|\n|t:|1699459542\n|switch|p2b: Gholdengo|Gholdengo|100\/100\n|turn|7\n|\n|t:|1699459560\n|move|p1b: Bronzong|Protect|p1b: Bronzong\n|-singleturn|p1b: Bronzong|Protect\n|move|p2a: Amoonguss|Rage Powder|p2a: Amoonguss\n|-singleturn|p2a: Amoonguss|move: Rage Powder\n|move|p2b: Gholdengo|Make It Rain|p1b: Bronzong|[spread] p1a\n|-activate|p1b: Bronzong|move: Protect\n|-resisted|p1a: Iron Hands\n|-damage|p1a: Iron Hands|4\/100\n|-unboost|p2b: Gholdengo|spa|1\n|move|p1a: Iron Hands|Wild Charge|p2a: Amoonguss\n|-resisted|p2a: Amoonguss\n|-damage|p2a: Amoonguss|78\/100\n|-damage|p1a: Iron Hands|0 fnt|[from] Recoil\n|faint|p1a: Iron Hands\n|-end|p1a: Iron Hands|Quark Drive|[silent]\n|\n|-heal|p2a: Amoonguss|84\/100|[from] item: Leftovers\n|upkeep\n|inactive|SuperAndroid99 has 120 seconds left.\n|\n|t:|1699459587\n|switch|p1a: Skeledirge|Skeledirge, F, shiny|100\/100\n|-damage|p1a: Skeledirge|75\/100|[from] Stealth Rock\n|turn|8\n|inactive|SuperAndroid99 has 120 seconds left.\n|\n|t:|1699459614\n|switch|p2b: Cresselia|Cresselia, F|100\/100\n|move|p2a: Amoonguss|Protect|p2a: Amoonguss\n|-singleturn|p2a: Amoonguss|Protect\n|move|p1a: Skeledirge|Torch Song|p2a: Amoonguss\n|-activate|p2a: Amoonguss|move: Protect\n|move|p1b: Bronzong|Trick Room|p1b: Bronzong\n|-fieldstart|move: Trick Room|[of] p1b: Bronzong\n|\n|-heal|p2a: Amoonguss|91\/100|[from] item: Leftovers\n|-heal|p1a: Skeledirge|82\/100|[from] item: Leftovers\n|upkeep\n|turn|9\n|\n|t:|1699459642\n|move|p1b: Bronzong|Heavy Slam|p2a: Amoonguss\n|-damage|p2a: Amoonguss|59\/100\n|move|p2a: Amoonguss|Pollen Puff|p1b: Bronzong\n|-damage|p1b: Bronzong|78\/100\n|move|p1a: Skeledirge|Torch Song|p2a: Amoonguss\n|-supereffective|p2a: Amoonguss\n|-damage|p2a: Amoonguss|0 fnt\n|-boost|p1a: Skeledirge|spa|1\n|faint|p2a: Amoonguss\n|move|p2b: Cresselia|Light Screen|p2b: Cresselia\n|-sidestart|p2: Johnny10703|move: Light Screen\n|\n|-heal|p1a: Skeledirge|88\/100|[from] item: Leftovers\n|upkeep\n|inactive|Johnny10703 has 120 seconds left.\n|\n|t:|1699459657\n|switch|p2a: Iron Hands|Iron Hands|60\/100\n|turn|10\n|\n|t:|1699459675\n|move|p1b: Bronzong|Heavy Slam|p2b: Cresselia\n|-damage|p2b: Cresselia|89\/100\n|move|p1a: Skeledirge|Will-O-Wisp|p2a: Iron Hands\n|-status|p2a: Iron Hands|brn\n|move|p2a: Iron Hands|Drain Punch|p1b: Bronzong\n|-damage|p1b: Bronzong|63\/100\n|-heal|p2a: Iron Hands|66\/100 brn|[from] drain|[of] p1b: Bronzong\n|move|p2b: Cresselia|Future Sight|p1a: Skeledirge\n|-start|p2b: Cresselia|move: Future Sight\n|\n|-heal|p1a: Skeledirge|94\/100|[from] item: Leftovers\n|-damage|p2a: Iron Hands|60\/100 brn|[from] brn\n|upkeep\n|turn|11\n|inactive|SuperAndroid99 has 120 seconds left.\n|inactive|Johnny10703 has 120 seconds left.\n|\n|t:|1699459715\n|move|p1b: Bronzong|Heavy Slam|p2b: Cresselia\n|-damage|p2b: Cresselia|76\/100\n|move|p1a: Skeledirge|Torch Song|p2b: Cresselia\n|-damage|p2b: Cresselia|59\/100\n|-boost|p1a: Skeledirge|spa|1\n|move|p2a: Iron Hands|Drain Punch|p1b: Bronzong\n|-damage|p1b: Bronzong|48\/100\n|-heal|p2a: Iron Hands|65\/100 brn|[from] drain|[of] p1b: Bronzong\n|move|p2b: Cresselia|Future Sight|p1b: Bronzong\n|-start|p2b: Cresselia|move: Future Sight\n|\n|-heal|p1a: Skeledirge|99\/100|[from] item: Leftovers\n|-damage|p2a: Iron Hands|59\/100 brn|[from] brn\n|upkeep\n|turn|12\n|inactive|SuperAndroid99 has 120 seconds left.\n|inactive|Johnny10703 has 120 seconds left.\n|\n|t:|1699459745\n|move|p1b: Bronzong|Body Press|p2a: Iron Hands\n|-damage|p2a: Iron Hands|39\/100 brn\n|move|p1a: Skeledirge|Will-O-Wisp|p2b: Cresselia\n|-status|p2b: Cresselia|brn\n|move|p2a: Iron Hands|Drain Punch|p1b: Bronzong\n|-damage|p1b: Bronzong|33\/100\n|-heal|p2a: Iron Hands|45\/100 brn|[from] drain|[of] p1b: Bronzong\n|move|p2b: Cresselia|Reflect|p2b: Cresselia\n|-sidestart|p2: Johnny10703|Reflect\n|\n|-end|p1a: Skeledirge|move: Future Sight\n|-damage|p1a: Skeledirge|78\/100\n|-heal|p1a: Skeledirge|84\/100|[from] item: Leftovers\n|-damage|p2a: Iron Hands|39\/100 brn|[from] brn\n|-damage|p2b: Cresselia|53\/100 brn|[from] brn\n|-fieldend|move: Trick Room\n|upkeep\n|turn|13\n|inactive|Johnny10703 has 120 seconds left.\n|\n|t:|1699459774\n|move|p2b: Cresselia|Future Sight|p1a: Skeledirge\n|-start|p2b: Cresselia|move: Future Sight\n|move|p2a: Iron Hands|Drain Punch|p1b: Bronzong\n|-damage|p1b: Bronzong|16\/100\n|-heal|p2a: Iron Hands|45\/100 brn|[from] drain|[of] p1b: Bronzong\n|move|p1a: Skeledirge|Hex|p2b: Cresselia\n|-supereffective|p2b: Cresselia\n|-damage|p2b: Cresselia|0 fnt\n|faint|p2b: Cresselia\n|move|p1b: Bronzong|Body Press|p2a: Iron Hands\n|-damage|p2a: Iron Hands|32\/100 brn\n|\n|-end|p1b: Bronzong|move: Future Sight\n|-resisted|p1b: Bronzong\n|-crit|p1b: Bronzong\n|-damage|p1b: Bronzong|7\/100\n|-heal|p1a: Skeledirge|91\/100|[from] item: Leftovers\n|-damage|p2a: Iron Hands|26\/100 brn|[from] brn\n|upkeep\n|\n|t:|1699459790\n|switch|p2b: Gholdengo|Gholdengo|100\/100\n|turn|14\n|inactive|Johnny10703 has 120 seconds left.\n|\n|t:|1699459817\n|move|p2b: Gholdengo|Poltergeist|p1a: Skeledirge\n|-activate|p1a: Skeledirge|move: Poltergeist|Leftovers\n|-supereffective|p1a: Skeledirge\n|-damage|p1a: Skeledirge|55\/100\n|move|p2a: Iron Hands|Drain Punch|p1b: Bronzong\n|-damage|p1b: Bronzong|0 fnt\n|-heal|p2a: Iron Hands|29\/100 brn|[from] drain|[of] p1b: Bronzong\n|faint|p1b: Bronzong\n|move|p1a: Skeledirge|Torch Song|p2b: Gholdengo\n|-supereffective|p2b: Gholdengo\n|-damage|p2b: Gholdengo|2\/100\n|-boost|p1a: Skeledirge|spa|1\n|\n|-heal|p1a: Skeledirge|61\/100|[from] item: Leftovers\n|-damage|p2a: Iron Hands|23\/100 brn|[from] brn\n|upkeep\n|inactive|SuperAndroid99 has 120 seconds left.\n|\n|t:|1699459833\n|switch|p1b: Flutter Mane|Flutter Mane|60\/100\n|-damage|p1b: Flutter Mane|47\/100|[from] Stealth Rock\n|turn|15\n|\n|t:|1699459847\n|move|p1b: Flutter Mane|Dazzling Gleam|p2b: Gholdengo|[spread] p2a,p2b\n|-supereffective|p2a: Iron Hands\n|-resisted|p2b: Gholdengo\n|-damage|p2a: Iron Hands|3\/100 brn\n|-damage|p2b: Gholdengo|0 fnt\n|faint|p2b: Gholdengo\n|move|p2a: Iron Hands|Drain Punch|p1a: Skeledirge\n|-immune|p1a: Skeledirge\n|move|p1a: Skeledirge|Hex|p2a: Iron Hands\n|-damage|p2a: Iron Hands|0 fnt\n|faint|p2a: Iron Hands\n|-end|p2a: Iron Hands|Quark Drive|[silent]\n|\n|win|SuperAndroid99\n|raw|SuperAndroid99's rating: 1296 &rarr; <strong>1320<\/strong><br \/>(+24 for winning)\n|raw|Johnny10703's rating: 1276 &rarr; <strong>1252<\/strong><br \/>(-24 for losing)\n","uploadtime":1699459863,"views":8,"p1id":"superandroid99","p2id":"johnny10703","formatid":"gen9doublesou","rating":1252,"private":0,"password":""}