{"id":"gen9doublesou-1967824727","p1":"TheKingDrac","p2":"KingMeruem04","format":"[Gen 9] Doubles OU","log":"|html|<div class=\"broadcast-blue\"><strong>[Gen 9] Doubles OU is currently suspecting Basculegion & Flutter Mane! For information on how to participate check out the <a href=\"https:\/\/www.smogon.com\/forums\/threads\/np-sv-dou-stage-8-double-trouble.3729153\/\">suspect thread<\/a>.<\/strong><\/div>\n|j|\u2606TheKingDrac\n|j|\u2606KingMeruem04\n|t:|1697343068\n|gametype|doubles\n|player|p1|TheKingDrac|gambler|1231\n|player|p2|KingMeruem04|ethan|1343\n|teamsize|p1|6\n|teamsize|p2|6\n|gen|9\n|tier|[Gen 9] Doubles OU\n|rated|\n|rule|Species Clause: Limit one of each Pok\u00e9mon\n|rule|OHKO Clause: OHKO moves are banned\n|rule|Evasion Moves Clause: Evasion moves are banned\n|rule|Gravity Sleep Clause: The combination of sleep-inducing moves with imperfect accuracy and Gravity or Gigantamax Orbeetle are banned\n|rule|Endless Battle Clause: Forcing endless battles is banned\n|rule|HP Percentage Mod: HP is shown in percentages\n|clearpoke\n|poke|p1|Gholdengo|\n|poke|p1|Iron Hands|\n|poke|p1|Flutter Mane|\n|poke|p1|Amoonguss, M|\n|poke|p1|Tornadus, M|\n|poke|p1|Landorus-Therian, M|\n|poke|p2|Dudunsparce-*, M|\n|poke|p2|Jolteon, M|\n|poke|p2|Ceruledge, F|\n|poke|p2|Flamigo, M|\n|poke|p2|Kingambit, M|\n|poke|p2|Sinistcha|\n|teampreview\n|inactive|Battle timer is ON: inactive players will automatically lose when time's up. (requested by KingMeruem04)\n|\n|t:|1697343098\n|start\n|switch|p1a: Gholdengo|Gholdengo|100\/100\n|switch|p1b: Iron Hands|Iron Hands|100\/100\n|switch|p2a: Beloved|Dudunsparce-Three-Segment, M, shiny|100\/100\n|switch|p2b: Buggy|Jolteon, M, shiny|100\/100\n|turn|1\n|\n|t:|1697343125\n|-terastallize|p2a: Beloved|Psychic\n|move|p1b: Iron Hands|Fake Out|p2b: Buggy\n|-damage|p2b: Buggy|77\/100\n|cant|p2b: Buggy|flinch\n|move|p1a: Gholdengo|Nasty Plot|p1a: Gholdengo\n|-boost|p1a: Gholdengo|spa|2\n|move|p2a: Beloved|Stored Power|p1b: Iron Hands\n|-supereffective|p1b: Iron Hands\n|-damage|p1b: Iron Hands|75\/100\n|\n|upkeep\n|turn|2\n|inactive|TheKingDrac has 120 seconds left.\n|\n|t:|1697343161\n|-terastallize|p1a: Gholdengo|Steel\n|move|p2b: Buggy|Pin Missile|p2a: Beloved\n|-supereffective|p2a: Beloved\n|-damage|p2a: Beloved|95\/100\n|-ability|p2a: Beloved|Rattled|boost\n|-boost|p2a: Beloved|spe|1\n|-enditem|p2a: Beloved|Weakness Policy\n|-boost|p2a: Beloved|atk|2|[from] item: Weakness Policy\n|-boost|p2a: Beloved|spa|2|[from] item: Weakness Policy\n|-supereffective|p2a: Beloved\n|-damage|p2a: Beloved|89\/100\n|-ability|p2a: Beloved|Rattled|boost\n|-boost|p2a: Beloved|spe|1\n|-supereffective|p2a: Beloved\n|-damage|p2a: Beloved|83\/100\n|-ability|p2a: Beloved|Rattled|boost\n|-boost|p2a: Beloved|spe|1\n|-supereffective|p2a: Beloved\n|-damage|p2a: Beloved|76\/100\n|-ability|p2a: Beloved|Rattled|boost\n|-boost|p2a: Beloved|spe|1\n|-hitcount|p2a: Beloved|4\n|move|p2a: Beloved|Stored Power|p1b: Iron Hands\n|-supereffective|p1b: Iron Hands\n|-damage|p1b: Iron Hands|0 fnt\n|faint|p1b: Iron Hands\n|-end|p1b: Iron Hands|Quark Drive|[silent]\n|move|p1a: Gholdengo|Make It Rain|p2a: Beloved|[spread] p2a,p2b\n|-resisted|p2b: Buggy\n|-damage|p2a: Beloved|0 fnt\n|-damage|p2b: Buggy|5\/100\n|-unboost|p1a: Gholdengo|spa|1\n|faint|p2a: Beloved\n|\n|upkeep\n|inactive|TheKingDrac has 120 seconds left.\n|inactive|KingMeruem04 has 120 seconds left.\n|\n|t:|1697343192\n|switch|p1b: Landorus|Landorus-Therian, M|100\/100\n|switch|p2a: Craig|Ceruledge, F|100\/100\n|-ability|p1b: Landorus|Intimidate|boost\n|-unboost|p2a: Craig|atk|1\n|-unboost|p2b: Buggy|atk|1\n|turn|3\n|\n|t:|1697343207\n|move|p1a: Gholdengo|Protect|p1a: Gholdengo\n|-singleturn|p1a: Gholdengo|Protect\n|move|p2b: Buggy|Light Screen|p2b: Buggy\n|-sidestart|p2: KingMeruem04|move: Light Screen\n|move|p2a: Craig|Bitter Blade|p1a: Gholdengo\n|-activate|p1a: Gholdengo|move: Protect\n|move|p1b: Landorus|Rock Slide|p2a: Craig|[spread] p2a,p2b\n|-supereffective|p2a: Craig\n|-damage|p2a: Craig|37\/100\n|-damage|p2b: Buggy|0 fnt\n|-ability|p2a: Craig|Weak Armor|boost\n|-unboost|p2a: Craig|def|1\n|-boost|p2a: Craig|spe|2\n|faint|p2b: Buggy\n|\n|upkeep\n|\n|t:|1697343225\n|switch|p2b: Plastic|Flamigo, M, shiny|100\/100\n|-copyboost|p2b: Plastic|p2a: Craig|[from] ability: Costar\n|turn|4\n|\n|t:|1697343242\n|move|p2b: Plastic|Close Combat|p1b: Landorus\n|-resisted|p1b: Landorus\n|-damage|p1b: Landorus|78\/100\n|-unboost|p2b: Plastic|def|1\n|-unboost|p2b: Plastic|spd|1\n|move|p2a: Craig|Bitter Blade|p1a: Gholdengo\n|-supereffective|p1a: Gholdengo\n|-damage|p1a: Gholdengo|30\/100\n|-heal|p2a: Craig|76\/100|[from] drain|[of] p1a: Gholdengo\n|move|p1a: Gholdengo|Shadow Ball|p2a: Craig\n|-supereffective|p2a: Craig\n|-damage|p2a: Craig|0 fnt\n|faint|p2a: Craig\n|move|p1b: Landorus|Rock Slide|p2b: Plastic\n|-damage|p2b: Plastic|16\/100\n|\n|-heal|p1a: Gholdengo|36\/100|[from] item: Leftovers\n|upkeep\n|inactive|KingMeruem04 has 120 seconds left.\n|\n|t:|1697343292\n|switch|p2a: Mugen|Kingambit, M, shiny|100\/100\n|-activate|p2a: Mugen|ability: Supreme Overlord\n|-start|p2a: Mugen|fallen3|[silent]\n|turn|5\n|-message|KingMeruem04 forfeited.\n|\n|win|TheKingDrac\n|raw|TheKingDrac's rating: 1231 &rarr; <strong>1264<\/strong><br \/>(+33 for winning)\n|raw|KingMeruem04's rating: 1343 &rarr; <strong>1317<\/strong><br \/>(-26 for losing)\n|l|\u2606KingMeruem04\n","uploadtime":1697343309,"views":15,"p1id":"thekingdrac","p2id":"kingmeruem04","formatid":"gen9doublesou","rating":1264,"private":0,"password":""}