{"id":"gen9doublesou-1980824086","p1":"IceMan768","p2":"jdh.9","format":"[Gen 9] Doubles OU","log":"|j|\u2606IceMan768\n|j|\u2606jdh.9\n|t:|1698838937\n|gametype|doubles\n|player|p1|IceMan768|wulfric|1070\n|player|p2|jdh.9|266|1053\n|teamsize|p1|6\n|teamsize|p2|6\n|gen|9\n|tier|[Gen 9] Doubles OU\n|rated|\n|rule|Species Clause: Limit one of each Pok\u00e9mon\n|rule|OHKO Clause: OHKO moves are banned\n|rule|Evasion Moves Clause: Evasion moves are banned\n|rule|Gravity Sleep Clause: The combination of sleep-inducing moves with imperfect accuracy and Gravity or Gigantamax Orbeetle are banned\n|rule|Endless Battle Clause: Forcing endless battles is banned\n|rule|HP Percentage Mod: HP is shown in percentages\n|clearpoke\n|poke|p1|Snorlax, M|\n|poke|p1|Sinistcha|\n|poke|p1|Landorus-Therian, M|\n|poke|p1|Iron Hands|\n|poke|p1|Clefairy, F|\n|poke|p1|Kommo-o, M|\n|poke|p2|Basculegion-F, F|\n|poke|p2|Politoed, F|\n|poke|p2|Thundurus-Therian, M|\n|poke|p2|Palafin, M|\n|poke|p2|Glimmora, M|\n|poke|p2|Gholdengo|\n|teampreview\n|\n|t:|1698838946\n|start\n|switch|p1a: Snorlax|Snorlax, M, shiny|100\/100\n|switch|p1b: Landorus|Landorus-Therian, M, shiny|100\/100\n|switch|p2a: Glimmora|Glimmora, M|100\/100\n|switch|p2b: Politoed|Politoed, F|100\/100\n|-ability|p1b: Landorus|Intimidate|boost\n|-unboost|p2a: Glimmora|atk|1\n|-unboost|p2b: Politoed|atk|1\n|-weather|RainDance|[from] ability: Drizzle|[of] p2b: Politoed\n|turn|1\n|\n|t:|1698838965\n|move|p1b: Landorus|U-turn|p2b: Politoed\n|-damage|p2b: Politoed|70\/100\n|\n|t:|1698838976\n|switch|p1b: Clefairy|Clefairy, F|100\/100|[from] U-turn\n|move|p2a: Glimmora|Stealth Rock|p1b: Clefairy\n|-sidestart|p1: IceMan768|move: Stealth Rock\n|move|p2b: Politoed|Encore||[still]\n|-fail|p2b: Politoed\n|move|p1a: Snorlax|Belly Drum|p1a: Snorlax\n|-damage|p1a: Snorlax|50\/100\n|-setboost|p1a: Snorlax|atk|6|[from] move: Belly Drum\n|-enditem|p1a: Snorlax|Sitrus Berry|[eat]\n|-heal|p1a: Snorlax|75\/100|[from] item: Sitrus Berry\n|\n|-weather|RainDance|[upkeep]\n|upkeep\n|turn|2\n|\n|t:|1698839012\n|move|p1b: Clefairy|Follow Me|p1b: Clefairy\n|-singleturn|p1b: Clefairy|move: Follow Me\n|move|p2a: Glimmora|Reflect|p2a: Glimmora\n|-sidestart|p2: jdh.9|Reflect\n|move|p2b: Politoed|Haze|p2b: Politoed\n|-clearallboost\n|move|p1a: Snorlax|Facade|p2a: Glimmora\n|-resisted|p2a: Glimmora\n|-damage|p2a: Glimmora|92\/100\n|-activate|p2a: Glimmora|ability: Toxic Debris\n|-sidestart|p1: IceMan768|move: Toxic Spikes\n|\n|-weather|RainDance|[upkeep]\n|-heal|p2a: Glimmora|99\/100|[from] item: Leftovers\n|upkeep\n|turn|3\n|\n|t:|1698839048\n|move|p1b: Clefairy|Helping Hand|p1a: Snorlax\n|-singleturn|p1a: Snorlax|Helping Hand|[of] p1b: Clefairy\n|move|p2a: Glimmora|Light Screen|p2a: Glimmora\n|-sidestart|p2: jdh.9|move: Light Screen\n|move|p2b: Politoed|Encore|p1b: Clefairy\n|-start|p1b: Clefairy|Encore\n|move|p1a: Snorlax|High Horsepower|p2b: Politoed\n|-damage|p2b: Politoed|37\/100\n|\n|-weather|RainDance|[upkeep]\n|-heal|p2a: Glimmora|100\/100|[from] item: Leftovers\n|upkeep\n|turn|4\n|\n|t:|1698839067\n|switch|p2b: Thundurus|Thundurus-Therian, M|100\/100\n|move|p1b: Clefairy|Helping Hand|p1a: Snorlax\n|-singleturn|p1a: Snorlax|Helping Hand|[of] p1b: Clefairy\n|move|p2a: Glimmora|Power Gem|p1b: Clefairy\n|-damage|p1b: Clefairy|76\/100\n|move|p1a: Snorlax|High Horsepower|p2b: Thundurus\n|-immune|p2b: Thundurus\n|\n|-weather|RainDance|[upkeep]\n|upkeep\n|turn|5\n|\n|t:|1698839108\n|switch|p2a: Gholdengo|Gholdengo|100\/100\n|switch|p1b: Iron Hands|Iron Hands, shiny|100\/100\n|-damage|p1b: Iron Hands|94\/100|[from] Stealth Rock\n|-status|p1b: Iron Hands|psn\n|switch|p1a: Landorus|Landorus-Therian, M, shiny|100\/100\n|-damage|p1a: Landorus|88\/100|[from] Stealth Rock\n|-ability|p1a: Landorus|Intimidate|boost\n|-unboost|p2a: Gholdengo|atk|1\n|-unboost|p2b: Thundurus|atk|1\n|move|p2b: Thundurus|Wildbolt Storm|p1a: Landorus|[spread] p1b\n|-immune|p1a: Landorus\n|-resisted|p1b: Iron Hands\n|-damage|p1b: Iron Hands|84\/100 psn\n|\n|-weather|RainDance|[upkeep]\n|-damage|p1b: Iron Hands|72\/100 psn|[from] psn\n|upkeep\n|turn|6\n|\n|t:|1698839145\n|move|p1b: Iron Hands|Fake Out|p2b: Thundurus\n|-damage|p2b: Thundurus|86\/100\n|move|p1a: Landorus|Stomping Tantrum|p2a: Gholdengo\n|-supereffective|p2a: Gholdengo\n|-damage|p2a: Gholdengo|39\/100\n|cant|p2b: Thundurus|flinch\n|move|p2a: Gholdengo|Power Gem|p1a: Landorus\n|-damage|p1a: Landorus|35\/100\n|\n|-weather|RainDance|[upkeep]\n|-damage|p1b: Iron Hands|59\/100 psn|[from] psn\n|-sideend|p2: jdh.9|Reflect\n|upkeep\n|turn|7\n|\n|t:|1698839165\n|move|p1a: Landorus|Stomping Tantrum|p2a: Gholdengo\n|-supereffective|p2a: Gholdengo\n|-damage|p2a: Gholdengo|0 fnt\n|faint|p2a: Gholdengo\n|move|p2b: Thundurus|Psychic|p1b: Iron Hands\n|-supereffective|p1b: Iron Hands\n|-damage|p1b: Iron Hands|30\/100 psn\n|move|p1b: Iron Hands|Heavy Slam|p2b: Thundurus\n|-resisted|p2b: Thundurus\n|-damage|p2b: Thundurus|52\/100\n|\n|-weather|RainDance|[upkeep]\n|-damage|p1b: Iron Hands|18\/100 psn|[from] psn\n|-sideend|p2: jdh.9|move: Light Screen\n|upkeep\n|\n|t:|1698839178\n|switch|p2a: Palafin|Palafin, M|100\/100\n|turn|8\n|\n|t:|1698839190\n|switch|p2b: Politoed|Politoed, F|37\/100\n|move|p1a: Landorus|Stomping Tantrum|p2a: Palafin\n|-damage|p2a: Palafin|45\/100\n|move|p2a: Palafin|Flip Turn|p1a: Landorus\n|-supereffective|p1a: Landorus\n|-damage|p1a: Landorus|0 fnt\n|faint|p1a: Landorus\n|\n|t:|1698839198\n|detailschange|p2a: Palafin|Palafin-Hero, M\n|switch|p2a: Glimmora|Glimmora, M|100\/100|[from] Flip Turn\n|move|p1b: Iron Hands|Drain Punch|p2a: Glimmora\n|-damage|p2a: Glimmora|65\/100\n|-heal|p1b: Iron Hands|30\/100 psn|[from] drain|[of] p2a: Glimmora\n|-activate|p2a: Glimmora|ability: Toxic Debris\n|-sidestart|p1: IceMan768|move: Toxic Spikes\n|\n|-weather|none\n|-heal|p2a: Glimmora|71\/100|[from] item: Leftovers\n|-damage|p1b: Iron Hands|17\/100 psn|[from] psn\n|upkeep\n|\n|t:|1698839208\n|switch|p1a: Snorlax|Snorlax, M, shiny|75\/100\n|-damage|p1a: Snorlax|63\/100|[from] Stealth Rock\n|-status|p1a: Snorlax|tox\n|turn|9\n|\n|t:|1698839226\n|switch|p2b: Basculegion|Basculegion-F, F|100\/100\n|-end|p1b: Iron Hands|Quark Drive|[silent]\n|switch|p1b: Sinistcha|Sinistcha|100\/100\n|-damage|p1b: Sinistcha|88\/100|[from] Stealth Rock\n|-status|p1b: Sinistcha|tox\n|-heal|p1a: Snorlax|88\/100 tox|[from] ability: Hospitality|[of] p1b: Sinistcha\n|move|p2a: Glimmora|Reflect|p2a: Glimmora\n|-sidestart|p2: jdh.9|Reflect\n|move|p1a: Snorlax|Facade|p2b: Basculegion\n|-immune|p2b: Basculegion\n|\n|-heal|p2a: Glimmora|77\/100|[from] item: Leftovers\n|-damage|p1b: Sinistcha|82\/100 tox|[from] psn\n|-damage|p1a: Snorlax|82\/100 tox|[from] psn\n|upkeep\n|turn|10\n|\n|t:|1698839254\n|switch|p2a: Politoed|Politoed, F|37\/100\n|-weather|RainDance|[from] ability: Drizzle|[of] p2a: Politoed\n|move|p2b: Basculegion|Ice Fang|p1b: Sinistcha\n|-supereffective|p1b: Sinistcha\n|-damage|p1b: Sinistcha|43\/100 tox\n|move|p1a: Snorlax|Belly Drum|p1a: Snorlax\n|-damage|p1a: Snorlax|32\/100 tox\n|-setboost|p1a: Snorlax|atk|6|[from] move: Belly Drum\n|move|p1b: Sinistcha|Trick Room|p1b: Sinistcha\n|-fieldstart|move: Trick Room|[of] p1b: Sinistcha\n|\n|-weather|RainDance|[upkeep]\n|-damage|p1a: Snorlax|20\/100 tox|[from] psn\n|-damage|p1b: Sinistcha|31\/100 tox|[from] psn\n|upkeep\n|turn|11\n|\n|t:|1698839270\n|move|p1a: Snorlax|Facade|p2a: Politoed\n|-damage|p2a: Politoed|0 fnt\n|faint|p2a: Politoed\n|move|p1b: Sinistcha|Matcha Gotcha|p2b: Basculegion\n|-supereffective|p2b: Basculegion\n|-damage|p2b: Basculegion|32\/100\n|-heal|p1b: Sinistcha|69\/100 tox|[from] drain|[of] p2b: Basculegion\n|move|p2b: Basculegion|Ice Fang|p1b: Sinistcha\n|-supereffective|p1b: Sinistcha\n|-damage|p1b: Sinistcha|30\/100 tox\n|\n|-weather|RainDance|[upkeep]\n|-damage|p1a: Snorlax|2\/100 tox|[from] psn\n|-damage|p1b: Sinistcha|12\/100 tox|[from] psn\n|upkeep\n|\n|t:|1698839284\n|switch|p2a: Glimmora|Glimmora, M|77\/100\n|turn|12\n|\n|t:|1698839304\n|move|p1a: Snorlax|Facade|p2a: Glimmora\n|-resisted|p2a: Glimmora\n|-damage|p2a: Glimmora|5\/100\n|move|p1b: Sinistcha|Matcha Gotcha|p2b: Basculegion|[spread] p2b\n|-miss|p1b: Sinistcha|p2a: Glimmora\n|-supereffective|p2b: Basculegion\n|-damage|p2b: Basculegion|0 fnt\n|-heal|p1b: Sinistcha|29\/100 tox|[from] drain|[of] p2b: Basculegion\n|faint|p2b: Basculegion\n|move|p2a: Glimmora|Power Gem|p1b: Sinistcha\n|-damage|p1b: Sinistcha|0 fnt\n|faint|p1b: Sinistcha\n|\n|-weather|RainDance|[upkeep]\n|-heal|p2a: Glimmora|12\/100|[from] item: Leftovers\n|-damage|p1a: Snorlax|0 fnt|[from] psn\n|faint|p1a: Snorlax\n|upkeep\n|\n|t:|1698839324\n|switch|p1a: Iron Hands|Iron Hands, shiny|17\/100 psn\n|switch|p1b: Clefairy|Clefairy, F|76\/100\n|switch|p2b: Palafin|Palafin-Hero, M|45\/100\n|-damage|p1b: Clefairy|63\/100|[from] Stealth Rock\n|-status|p1b: Clefairy|tox\n|-damage|p1a: Iron Hands|11\/100 psn|[from] Stealth Rock\n|-activate|p2b: Palafin|ability: Zero to Hero\n|turn|13\n|\n|t:|1698839346\n|move|p1b: Clefairy|Protect|p1b: Clefairy\n|-singleturn|p1b: Clefairy|Protect\n|move|p1a: Iron Hands|Fake Out|p2b: Palafin\n|-damage|p2b: Palafin|35\/100\n|move|p2a: Glimmora|Reflect||[still]\n|-fail|p2a: Glimmora\n|cant|p2b: Palafin|flinch\n|\n|-weather|RainDance|[upkeep]\n|-heal|p2a: Glimmora|18\/100|[from] item: Leftovers\n|-damage|p1b: Clefairy|57\/100 tox|[from] psn\n|-damage|p1a: Iron Hands|0 fnt|[from] psn\n|faint|p1a: Iron Hands\n|-end|p1a: Iron Hands|Quark Drive|[silent]\n|-sideend|p2: jdh.9|Reflect\n|upkeep\n|\n|t:|1698839354\n|switch|p1a: Kommo-o|Kommo-o, M|100\/100\n|-damage|p1a: Kommo-o|95\/100|[from] Stealth Rock\n|-status|p1a: Kommo-o|tox\n|turn|14\n|\n|t:|1698839372\n|move|p1b: Clefairy|Follow Me|p1b: Clefairy\n|-singleturn|p1b: Clefairy|move: Follow Me\n|move|p2a: Glimmora|Reflect|p2a: Glimmora\n|-sidestart|p2: jdh.9|Reflect\n|move|p1a: Kommo-o|Clangorous Soul|p1a: Kommo-o\n|-boost|p1a: Kommo-o|atk|1\n|-boost|p1a: Kommo-o|def|1\n|-boost|p1a: Kommo-o|spa|1\n|-boost|p1a: Kommo-o|spd|1\n|-boost|p1a: Kommo-o|spe|1\n|-damage|p1a: Kommo-o|62\/100 tox\n|-enditem|p1a: Kommo-o|Throat Spray\n|-boost|p1a: Kommo-o|spa|1|[from] item: Throat Spray\n|move|p2b: Palafin|Iron Head|p1b: Clefairy\n|-supereffective|p1b: Clefairy\n|-damage|p1b: Clefairy|0 fnt\n|faint|p1b: Clefairy\n|\n|-weather|RainDance|[upkeep]\n|-heal|p2a: Glimmora|24\/100|[from] item: Leftovers\n|-damage|p1a: Kommo-o|56\/100 tox|[from] psn\n|-fieldend|move: Trick Room\n|upkeep\n|turn|15\n|\n|t:|1698839405\n|move|p1a: Kommo-o|Boomburst|p2b: Palafin|[spread] p2a,p2b\n|-resisted|p2a: Glimmora\n|-damage|p2a: Glimmora|0 fnt\n|-damage|p2b: Palafin|0 fnt\n|faint|p2a: Glimmora\n|faint|p2b: Palafin\n|\n|-weather|RainDance|[upkeep]\n|-damage|p1a: Kommo-o|44\/100 tox|[from] psn\n|upkeep\n|\n|t:|1698839418\n|switch|p2b: Thundurus|Thundurus-Therian, M|52\/100\n|turn|16\n|\n|t:|1698839444\n|-terastallize|p1a: Kommo-o|Steel\n|move|p1a: Kommo-o|Boomburst|p2b: Thundurus\n|-damage|p2b: Thundurus|0 fnt\n|faint|p2b: Thundurus\n|\n|win|IceMan768\n|raw|IceMan768's rating: 1070 &rarr; <strong>1098<\/strong><br \/>(+28 for winning)\n|raw|jdh.9's rating: 1053 &rarr; <strong>1036<\/strong><br \/>(-17 for losing)\n|c|\u2606IceMan768|gg\n|l|\u2606jdh.9\n","uploadtime":1698839493,"views":24,"p1id":"iceman768","p2id":"jdh9","formatid":"gen9doublesou","rating":1036,"private":0,"password":""}