{"id":"gen9doublesou-1982389276","p1":"BoyAdnan","p2":"SrShiroKun","format":"[Gen 9] Doubles OU","log":"|j|\u2606BoyAdnan\n|j|\u2606SrShiroKun\n|t:|1699008449\n|gametype|doubles\n|player|p1|BoyAdnan|volkner|\n|player|p2|SrShiroKun|silver|\n|teamsize|p1|6\n|teamsize|p2|6\n|gen|9\n|tier|[Gen 9] Doubles OU\n|rule|Species Clause: Limit one of each Pok\u00e9mon\n|rule|OHKO Clause: OHKO moves are banned\n|rule|Evasion Moves Clause: Evasion moves are banned\n|rule|Gravity Sleep Clause: The combination of sleep-inducing moves with imperfect accuracy and Gravity or Gigantamax Orbeetle are banned\n|rule|Endless Battle Clause: Forcing endless battles is banned\n|rule|HP Percentage Mod: HP is shown in percentages\n|clearpoke\n|poke|p1|Landorus-Therian, M|\n|poke|p1|Kommo-o, M|\n|poke|p1|Iron Hands|\n|poke|p1|Flutter Mane|\n|poke|p1|Ogerpon-Hearthflame, F|\n|poke|p1|Dragonite, F|\n|poke|p2|Dusclops, M|\n|poke|p2|Amoonguss, M|\n|poke|p2|Iron Hands|\n|poke|p2|Cresselia, F|\n|poke|p2|Grimmsnarl, M|\n|poke|p2|Heatran, M|\n|teampreview\n|\n|t:|1699008459\n|start\n|switch|p1a: Landorus|Landorus-Therian, M|100\/100\n|switch|p1b: Flutter Mane|Flutter Mane|100\/100\n|switch|p2a: Dusclops|Dusclops, M|100\/100\n|switch|p2b: Cresselia|Cresselia, F|100\/100\n|-ability|p1a: Landorus|Intimidate|boost\n|-unboost|p2a: Dusclops|atk|1\n|-unboost|p2b: Cresselia|atk|1\n|-item|p1a: Landorus|Life Orb|[from] ability: Frisk|[of] p2a: Dusclops|[identify]\n|-item|p1b: Flutter Mane|Booster Energy|[from] ability: Frisk|[of] p2a: Dusclops|[identify]\n|-enditem|p1b: Flutter Mane|Booster Energy\n|-activate|p1b: Flutter Mane|ability: Protosynthesis|[fromitem]\n|-start|p1b: Flutter Mane|protosynthesisspe\n|turn|1\n|\n|t:|1699008489\n|switch|p2b: Heatran|Heatran, M|100\/100\n|move|p1b: Flutter Mane|Shadow Ball|p2a: Dusclops\n|-supereffective|p2a: Dusclops\n|-damage|p2a: Dusclops|48\/100\n|move|p1a: Landorus|U-turn|p2b: Heatran\n|-resisted|p2b: Heatran\n|-damage|p2b: Heatran|94\/100\n|-damage|p1a: Landorus|91\/100|[from] item: Life Orb\n|\n|t:|1699008500\n|switch|p1a: Ogerpon|Ogerpon-Hearthflame, F|100\/100|[from] U-turn\n|-ability|p1a: Ogerpon|Mold Breaker\n|move|p2a: Dusclops|Trick Room|p2a: Dusclops\n|-fieldstart|move: Trick Room|[of] p2a: Dusclops\n|\n|upkeep\n|turn|2\n|\n|t:|1699008521\n|switch|p2a: Grimmsnarl|Grimmsnarl, M|100\/100\n|move|p2b: Heatran|Heat Wave|p1a: Ogerpon|[spread] p1a\n|-miss|p2b: Heatran|p1b: Flutter Mane\n|-damage|p1a: Ogerpon|51\/100\n|move|p1a: Ogerpon|Ivy Cudgel|p2b: Heatran\n|-damage|p2b: Heatran|40\/100\n|move|p1b: Flutter Mane|Shadow Ball|p2a: Grimmsnarl\n|-resisted|p2a: Grimmsnarl\n|-damage|p2a: Grimmsnarl|84\/100\n|\n|upkeep\n|turn|3\n|\n|t:|1699008545\n|-terastallize|p1b: Flutter Mane|Fairy\n|move|p2a: Grimmsnarl|Reflect|p2a: Grimmsnarl\n|-sidestart|p2: SrShiroKun|Reflect\n|move|p2b: Heatran|Heat Wave|p1a: Ogerpon|[spread] p1a,p1b\n|-damage|p1a: Ogerpon|3\/100\n|-damage|p1b: Flutter Mane|60\/100\n|move|p1a: Ogerpon|Ivy Cudgel|p2b: Heatran\n|-crit|p2b: Heatran\n|-damage|p2b: Heatran|0 fnt\n|faint|p2b: Heatran\n|move|p1b: Flutter Mane|Dazzling Gleam|p2a: Grimmsnarl\n|-supereffective|p2a: Grimmsnarl\n|-damage|p2a: Grimmsnarl|0 fnt\n|faint|p2a: Grimmsnarl\n|\n|upkeep\n|\n|t:|1699008563\n|switch|p2a: Iron Hands|Iron Hands|100\/100\n|switch|p2b: Amoonguss|Amoonguss, M|100\/100\n|turn|4\n|\n|t:|1699008569\n|move|p2a: Iron Hands|Fake Out|p1a: Ogerpon\n|-damage|p1a: Ogerpon|0 fnt\n|faint|p1a: Ogerpon\n|move|p2b: Amoonguss|Spore|p1b: Flutter Mane\n|-status|p1b: Flutter Mane|slp|[from] move: Spore\n|cant|p1b: Flutter Mane|slp\n|\n|upkeep\n|\n|t:|1699008582\n|switch|p1a: Landorus|Landorus-Therian, M|91\/100\n|-ability|p1a: Landorus|Intimidate|boost\n|-unboost|p2a: Iron Hands|atk|1\n|-unboost|p2b: Amoonguss|atk|1\n|turn|5\n|\n|t:|1699008593\n|move|p2b: Amoonguss|Spore|p1a: Landorus\n|-status|p1a: Landorus|slp|[from] move: Spore\n|move|p2a: Iron Hands|Ice Punch|p1a: Landorus\n|-supereffective|p1a: Landorus\n|-damage|p1a: Landorus|21\/100 slp\n|cant|p1a: Landorus|slp\n|cant|p1b: Flutter Mane|slp\n|\n|-fieldend|move: Trick Room\n|upkeep\n|turn|6\n|\n|t:|1699008615\n|switch|p1a: Iron Hands|Iron Hands|100\/100\n|switch|p2b: Cresselia|Cresselia, F|100\/100\n|-curestatus|p1b: Flutter Mane|slp|[msg]\n|move|p1b: Flutter Mane|Moonblast|p2a: Iron Hands\n|-supereffective|p2a: Iron Hands\n|-damage|p2a: Iron Hands|31\/100\n|move|p2a: Iron Hands|Ice Punch|p1a: Iron Hands\n|-damage|p1a: Iron Hands|90\/100\n|\n|upkeep\n|turn|7\n|\n|t:|1699008633\n|-end|p2a: Iron Hands|Quark Drive|[silent]\n|switch|p2a: Amoonguss|Amoonguss, M|100\/100\n|move|p1a: Iron Hands|Fake Out|p2b: Cresselia\n|-damage|p2b: Cresselia|94\/100\n|move|p1b: Flutter Mane|Dazzling Gleam|p2b: Cresselia|[spread] p2a,p2b\n|-resisted|p2a: Amoonguss\n|-damage|p2a: Amoonguss|84\/100\n|-damage|p2b: Cresselia|70\/100\n|cant|p2b: Cresselia|flinch\n|\n|-heal|p2a: Amoonguss|90\/100|[from] item: Black Sludge\n|upkeep\n|turn|8\n|\n|t:|1699008656\n|-end|p1a: Iron Hands|Quark Drive|[silent]\n|switch|p1a: Dragonite|Dragonite, F|100\/100\n|move|p1b: Flutter Mane|Protect|p1b: Flutter Mane\n|-singleturn|p1b: Flutter Mane|Protect\n|move|p2a: Amoonguss|Rage Powder|p2a: Amoonguss\n|-singleturn|p2a: Amoonguss|move: Rage Powder\n|move|p2b: Cresselia|Trick Room|p2b: Cresselia\n|-fieldstart|move: Trick Room|[of] p2b: Cresselia\n|\n|-heal|p2a: Amoonguss|96\/100|[from] item: Black Sludge\n|upkeep\n|turn|9\n|\n|t:|1699008674\n|move|p2a: Amoonguss|Spore|p1a: Dragonite\n|-status|p1a: Dragonite|slp|[from] move: Spore\n|move|p2b: Cresselia|Psychic|p1b: Flutter Mane\n|-damage|p1b: Flutter Mane|37\/100\n|cant|p1a: Dragonite|slp\n|move|p1b: Flutter Mane|Shadow Ball|p2b: Cresselia\n|-supereffective|p2b: Cresselia\n|-damage|p2b: Cresselia|20\/100\n|-unboost|p2b: Cresselia|spd|1\n|\n|-heal|p2a: Amoonguss|100\/100|[from] item: Black Sludge\n|upkeep\n|turn|10\n|\n|t:|1699008693\n|switch|p2b: Iron Hands|Iron Hands|31\/100\n|switch|p1a: Kommo-o|Kommo-o, M|100\/100\n|move|p2a: Amoonguss|Spore|p1b: Flutter Mane\n|-status|p1b: Flutter Mane|slp|[from] move: Spore\n|cant|p1b: Flutter Mane|slp\n|\n|-sideend|p2: SrShiroKun|Reflect\n|upkeep\n|turn|11\n|\n|t:|1699008706\n|move|p2a: Amoonguss|Spore|p1a: Kommo-o\n|-status|p1a: Kommo-o|slp|[from] move: Spore\n|move|p2b: Iron Hands|Wild Charge|p1b: Flutter Mane\n|-damage|p1b: Flutter Mane|0 fnt\n|faint|p1b: Flutter Mane\n|-end|p1b: Flutter Mane|Protosynthesis|[silent]\n|-damage|p2b: Iron Hands|27\/100|[from] Recoil\n|cant|p1a: Kommo-o|slp\n|\n|upkeep\n|\n|t:|1699008717\n|switch|p1b: Landorus|Landorus-Therian, M|21\/100 slp\n|-ability|p1b: Landorus|Intimidate|boost\n|-unboost|p2a: Amoonguss|atk|1\n|-unboost|p2b: Iron Hands|atk|1\n|turn|12\n|c|\u2606SrShiroKun|paste of the team?\n|\n|t:|1699008729\n|move|p2a: Amoonguss|Pollen Puff|p2b: Iron Hands\n|-heal|p2b: Iron Hands|77\/100\n|move|p2b: Iron Hands|Ice Punch|p1b: Landorus\n|-supereffective|p1b: Landorus\n|-damage|p1b: Landorus|0 fnt\n|faint|p1b: Landorus\n|cant|p1a: Kommo-o|slp\n|\n|-fieldend|move: Trick Room\n|upkeep\n|\n|t:|1699008744\n|switch|p1b: Dragonite|Dragonite, F|100\/100 slp\n|turn|13\n|\n|t:|1699008755\n|switch|p2a: Cresselia|Cresselia, F|20\/100\n|cant|p1a: Kommo-o|slp\n|cant|p1b: Dragonite|slp\n|move|p2b: Iron Hands|Ice Punch|p1b: Dragonite\n|-supereffective|p1b: Dragonite\n|-damage|p1b: Dragonite|64\/100 slp\n|\n|upkeep\n|turn|14\n|\n|t:|1699008765\n|-curestatus|p1a: Kommo-o|slp|[msg]\n|move|p1a: Kommo-o|Clangorous Soul|p1a: Kommo-o\n|-boost|p1a: Kommo-o|atk|1\n|-boost|p1a: Kommo-o|def|1\n|-boost|p1a: Kommo-o|spa|1\n|-boost|p1a: Kommo-o|spd|1\n|-boost|p1a: Kommo-o|spe|1\n|-damage|p1a: Kommo-o|68\/100\n|-enditem|p1a: Kommo-o|Throat Spray\n|-boost|p1a: Kommo-o|spa|1|[from] item: Throat Spray\n|cant|p1b: Dragonite|slp\n|move|p2b: Iron Hands|Ice Punch|p1b: Dragonite\n|-supereffective|p1b: Dragonite\n|-damage|p1b: Dragonite|0 fnt\n|faint|p1b: Dragonite\n|move|p2a: Cresselia|Trick Room|p2a: Cresselia\n|-fieldstart|move: Trick Room|[of] p2a: Cresselia\n|\n|upkeep\n|\n|t:|1699008782\n|switch|p1b: Iron Hands|Iron Hands|90\/100\n|turn|15\n|\n|t:|1699008793\n|move|p2a: Cresselia|Helping Hand|p2b: Iron Hands\n|-singleturn|p2b: Iron Hands|Helping Hand|[of] p2a: Cresselia\n|move|p1b: Iron Hands|Fake Out|p2b: Iron Hands\n|-damage|p2b: Iron Hands|69\/100\n|cant|p2b: Iron Hands|flinch\n|move|p1a: Kommo-o|Clanging Scales|p2a: Cresselia|[spread] p2a,p2b\n|-damage|p2a: Cresselia|0 fnt\n|-damage|p2b: Iron Hands|30\/100\n|faint|p2a: Cresselia\n|-unboost|p1a: Kommo-o|def|1\n|\n|upkeep\n|\n|t:|1699008802\n|switch|p2a: Amoonguss|Amoonguss, M|100\/100\n|turn|16\n|\n|t:|1699008815\n|-end|p2b: Iron Hands|Quark Drive|[silent]\n|switch|p2b: Dusclops|Dusclops, M|48\/100\n|-item|p1b: Iron Hands|Assault Vest|[from] ability: Frisk|[of] p2b: Dusclops|[identify]\n|move|p2a: Amoonguss|Spore|p1a: Kommo-o\n|-status|p1a: Kommo-o|slp|[from] move: Spore\n|move|p1b: Iron Hands|Drain Punch|p2b: Dusclops\n|-immune|p2b: Dusclops\n|cant|p1a: Kommo-o|slp\n|\n|upkeep\n|turn|17\n|\n|t:|1699008830\n|move|p2b: Dusclops|Will-O-Wisp|p1b: Iron Hands\n|-status|p1b: Iron Hands|brn\n|move|p2a: Amoonguss|Pollen Puff|p2b: Dusclops\n|-heal|p2b: Dusclops|98\/100\n|move|p1b: Iron Hands|Wild Charge|p2a: Amoonguss\n|-resisted|p2a: Amoonguss\n|-damage|p2a: Amoonguss|90\/100\n|-damage|p1b: Iron Hands|88\/100 brn|[from] Recoil\n|cant|p1a: Kommo-o|slp\n|\n|-heal|p2a: Amoonguss|96\/100|[from] item: Black Sludge\n|-damage|p1b: Iron Hands|82\/100 brn|[from] brn\n|upkeep\n|turn|18\n|\n|t:|1699008852\n|move|p2b: Dusclops|Taunt|p1a: Kommo-o\n|-start|p1a: Kommo-o|move: Taunt\n|move|p2a: Amoonguss|Pollen Puff|p1a: Kommo-o\n|-immune|p1a: Kommo-o|[from] ability: Bulletproof\n|move|p1b: Iron Hands|Wild Charge|p2a: Amoonguss\n|-resisted|p2a: Amoonguss\n|-damage|p2a: Amoonguss|86\/100\n|-damage|p1b: Iron Hands|79\/100 brn|[from] Recoil\n|cant|p1a: Kommo-o|slp\n|\n|-heal|p2a: Amoonguss|92\/100|[from] item: Black Sludge\n|-damage|p1b: Iron Hands|73\/100 brn|[from] brn\n|-fieldend|move: Trick Room\n|upkeep\n|turn|19\n|\n|t:|1699008873\n|move|p2a: Amoonguss|Rage Powder|p2a: Amoonguss\n|-singleturn|p2a: Amoonguss|move: Rage Powder\n|-curestatus|p1a: Kommo-o|slp|[msg]\n|move|p1a: Kommo-o|Clanging Scales|p2b: Dusclops|[spread] p2a,p2b\n|-damage|p2a: Amoonguss|31\/100\n|-damage|p2b: Dusclops|52\/100\n|-unboost|p1a: Kommo-o|def|1\n|move|p1b: Iron Hands|Wild Charge|p2a: Amoonguss\n|-resisted|p2a: Amoonguss\n|-damage|p2a: Amoonguss|21\/100\n|-damage|p1b: Iron Hands|70\/100 brn|[from] Recoil\n|move|p2b: Dusclops|Trick Room|p2b: Dusclops\n|-fieldstart|move: Trick Room|[of] p2b: Dusclops\n|\n|-heal|p2a: Amoonguss|27\/100|[from] item: Black Sludge\n|-damage|p1b: Iron Hands|64\/100 brn|[from] brn\n|upkeep\n|turn|20\n|\n|t:|1699008893\n|move|p2b: Dusclops|Night Shade|p1a: Kommo-o\n|-damage|p1a: Kommo-o|33\/100\n|move|p2a: Amoonguss|Spore|p1a: Kommo-o\n|-status|p1a: Kommo-o|slp|[from] move: Spore\n|move|p1b: Iron Hands|Wild Charge|p2b: Dusclops\n|-damage|p2b: Dusclops|40\/100\n|-damage|p1b: Iron Hands|62\/100 brn|[from] Recoil\n|cant|p1a: Kommo-o|slp\n|\n|-heal|p2a: Amoonguss|34\/100|[from] item: Black Sludge\n|-damage|p1b: Iron Hands|56\/100 brn|[from] brn\n|-end|p1a: Kommo-o|move: Taunt\n|upkeep\n|turn|21\n|\n|t:|1699008911\n|switch|p2a: Iron Hands|Iron Hands|30\/100\n|move|p2b: Dusclops|Night Shade|p1a: Kommo-o\n|-damage|p1a: Kommo-o|0 fnt\n|faint|p1a: Kommo-o\n|move|p1b: Iron Hands|Heavy Slam|p2b: Dusclops\n|-damage|p2b: Dusclops|28\/100\n|\n|-damage|p1b: Iron Hands|50\/100 brn|[from] brn\n|upkeep\n|turn|22\n|-message|BoyAdnan forfeited.\n|\n|win|SrShiroKun\n|l|\u2606BoyAdnan\n","uploadtime":1699008927,"views":24,"p1id":"boyadnan","p2id":"srshirokun","formatid":"gen9doublesou","rating":0,"private":0,"password":""}