{"id":"gen9doublesou-1970726856","p1":"Furret2222","p2":"DarkLordLoki","format":"[Gen 9] Doubles OU","log":"|j|\u2606Furret2222\n|j|\u2606DarkLordLoki\n|t:|1697661582\n|gametype|doubles\n|player|p1|Furret2222|265|1125\n|player|p2|DarkLordLoki|170|1117\n|teamsize|p1|6\n|teamsize|p2|6\n|gen|9\n|tier|[Gen 9] Doubles OU\n|rated|\n|rule|Species Clause: Limit one of each Pok\u00e9mon\n|rule|OHKO Clause: OHKO moves are banned\n|rule|Evasion Moves Clause: Evasion moves are banned\n|rule|Gravity Sleep Clause: The combination of sleep-inducing moves with imperfect accuracy and Gravity or Gigantamax Orbeetle are banned\n|rule|Endless Battle Clause: Forcing endless battles is banned\n|rule|HP Percentage Mod: HP is shown in percentages\n|clearpoke\n|poke|p1|Cresselia, F|\n|poke|p1|Avalugg-Hisui, M|\n|poke|p1|Chesnaught, F|\n|poke|p1|Clawitzer, M|\n|poke|p1|Diancie|\n|poke|p1|Ursaluna-Bloodmoon, M|\n|poke|p2|Hatterene, F|\n|poke|p2|Avalugg, M|\n|poke|p2|Slowking-Galar, F|\n|poke|p2|Arboliva, M|\n|poke|p2|Bellibolt, M|\n|poke|p2|Azumarill, M|\n|teampreview\n|\n|t:|1697661598\n|start\n|switch|p1a: Cresselia|Cresselia, F, shiny|100\/100\n|switch|p1b: Avalugg|Avalugg-Hisui, M, shiny|100\/100\n|switch|p2a: Hatterene|Hatterene, F|100\/100\n|switch|p2b: Bellibolt|Bellibolt, M|100\/100\n|turn|1\n|\n|t:|1697661636\n|move|p2b: Bellibolt|Muddy Water|p1a: Cresselia|[spread] p1a,p1b\n|-supereffective|p1b: Avalugg\n|-damage|p1a: Cresselia|90\/100\n|-damage|p1b: Avalugg|21\/100\n|move|p2a: Hatterene|Charm|p1b: Avalugg\n|-unboost|p1b: Avalugg|atk|2\n|move|p1b: Avalugg|Mountain Gale|p2a: Hatterene\n|-crit|p2a: Hatterene\n|-damage|p2a: Hatterene|52\/100\n|move|p1a: Cresselia|Trick Room|p1a: Cresselia\n|-fieldstart|move: Trick Room|[of] p1a: Cresselia\n|\n|-heal|p2a: Hatterene|58\/100|[from] item: Leftovers\n|upkeep\n|turn|2\n|\n|t:|1697661658\n|switch|p1b: Clawitzer|Clawitzer, M|100\/100\n|move|p2a: Hatterene|Mystical Fire|p1a: Cresselia\n|-damage|p1a: Cresselia|79\/100\n|-unboost|p1a: Cresselia|spa|1\n|move|p2b: Bellibolt|Muddy Water|p1b: Clawitzer|[spread] p1a,p1b\n|-resisted|p1b: Clawitzer\n|-damage|p1a: Cresselia|69\/100\n|-damage|p1b: Clawitzer|89\/100\n|-unboost|p1a: Cresselia|accuracy|1\n|move|p1a: Cresselia|Lunar Blessing|p1a: Cresselia|[spread] p1a,p1b\n|-heal|p1a: Cresselia|94\/100\n|-heal|p1b: Clawitzer|100\/100\n|\n|-heal|p2a: Hatterene|64\/100|[from] item: Leftovers\n|upkeep\n|turn|3\n|\n|t:|1697661681\n|move|p1a: Cresselia|Helping Hand|p1b: Clawitzer\n|-singleturn|p1b: Clawitzer|Helping Hand|[of] p1a: Cresselia\n|move|p2a: Hatterene|Charm|p1b: Clawitzer\n|-unboost|p1b: Clawitzer|atk|2\n|move|p1b: Clawitzer|Water Pulse|p2a: Hatterene\n|-damage|p2a: Hatterene|0 fnt\n|faint|p2a: Hatterene\n|move|p2b: Bellibolt|Thunderbolt|p1b: Clawitzer\n|-supereffective|p1b: Clawitzer\n|-damage|p1b: Clawitzer|13\/100\n|\n|upkeep\n|\n|t:|1697661693\n|switch|p2a: Arboliva|Arboliva, M|100\/100\n|turn|4\n|\n|t:|1697661705\n|move|p1a: Cresselia|Helping Hand|p1b: Clawitzer\n|-singleturn|p1b: Clawitzer|Helping Hand|[of] p1a: Cresselia\n|move|p1b: Clawitzer|Water Pulse|p2b: Bellibolt\n|-damage|p2b: Bellibolt|30\/100\n|-start|p2b: Bellibolt|Charge|Water Pulse|[from] ability: Electromorphosis\n|move|p2a: Arboliva|Leech Seed|p1a: Cresselia|[miss]\n|-miss|p2a: Arboliva|p1a: Cresselia\n|move|p2b: Bellibolt|Muddy Water|p1b: Clawitzer|[spread] p1a,p1b\n|-resisted|p1b: Clawitzer\n|-damage|p1a: Cresselia|83\/100\n|-damage|p1b: Clawitzer|2\/100\n|\n|upkeep\n|turn|5\n|\n|t:|1697661723\n|move|p1b: Clawitzer|Water Pulse|p2b: Bellibolt\n|-damage|p2b: Bellibolt|0 fnt\n|faint|p2b: Bellibolt\n|move|p2a: Arboliva|Leech Seed|p1a: Cresselia\n|-start|p1a: Cresselia|move: Leech Seed\n|move|p1a: Cresselia|Psychic|p2a: Arboliva|[miss]\n|-miss|p1a: Cresselia|p2a: Arboliva\n|\n|-damage|p1a: Cresselia|71\/100|[from] Leech Seed|[of] p2a: Arboliva\n|-fieldend|move: Trick Room\n|upkeep\n|\n|t:|1697661732\n|switch|p2b: Slowking|Slowking-Galar, F|100\/100\n|turn|6\n|\n|t:|1697661744\n|move|p1a: Cresselia|Helping Hand|p1b: Clawitzer\n|-singleturn|p1b: Clawitzer|Helping Hand|[of] p1a: Cresselia\n|move|p2a: Arboliva|Petal Blizzard|p1a: Cresselia|[spread] p2b,p1a,p1b\n|-resisted|p2b: Slowking\n|-supereffective|p1b: Clawitzer\n|-damage|p2b: Slowking|94\/100\n|-damage|p1a: Cresselia|59\/100\n|-damage|p1b: Clawitzer|0 fnt\n|faint|p1b: Clawitzer\n|move|p2b: Slowking|Chilly Reception|p2b: Slowking\n|-weather|Snow\n|\n|t:|1697661754\n|switch|p2b: Avalugg|Avalugg, M|100\/100|[from] Chilly Reception\n|\n|-weather|Snow|[upkeep]\n|-damage|p1a: Cresselia|47\/100|[from] Leech Seed|[of] p2a: Arboliva\n|upkeep\n|\n|t:|1697661763\n|switch|p1b: Ursaluna|Ursaluna-Bloodmoon, M|100\/100\n|turn|7\n|\n|t:|1697661773\n|move|p1b: Ursaluna|Protect|p1b: Ursaluna\n|-singleturn|p1b: Ursaluna|Protect\n|move|p2a: Arboliva|Leech Seed|p1b: Ursaluna\n|-activate|p1b: Ursaluna|move: Protect\n|move|p2b: Avalugg|Icicle Crash|p1b: Ursaluna\n|-activate|p1b: Ursaluna|move: Protect\n|move|p1a: Cresselia|Trick Room|p1a: Cresselia\n|-fieldstart|move: Trick Room|[of] p1a: Cresselia\n|\n|-weather|Snow|[upkeep]\n|-damage|p1a: Cresselia|35\/100|[from] Leech Seed|[of] p2a: Arboliva\n|upkeep\n|turn|8\n|\n|t:|1697661787\n|-terastallize|p2b: Avalugg|Ghost\n|move|p1a: Cresselia|Helping Hand|p1b: Ursaluna\n|-singleturn|p1b: Ursaluna|Helping Hand|[of] p1a: Cresselia\n|move|p2b: Avalugg|Icicle Crash|p1b: Ursaluna\n|-supereffective|p1b: Ursaluna\n|-damage|p1b: Ursaluna|36\/100\n|move|p1b: Ursaluna|Focus Blast|p2b: Avalugg\n|-damage|p2b: Avalugg|0 fnt\n|faint|p2b: Avalugg\n|-damage|p1b: Ursaluna|26\/100|[from] item: Life Orb\n|move|p2a: Arboliva|Leech Seed|p1b: Ursaluna|[miss]\n|-miss|p2a: Arboliva|p1b: Ursaluna\n|\n|-weather|Snow|[upkeep]\n|-damage|p1a: Cresselia|22\/100|[from] Leech Seed|[of] p2a: Arboliva\n|upkeep\n|\n|t:|1697661810\n|switch|p2b: Slowking|Slowking-Galar, F|100\/100\n|turn|9\n|\n|t:|1697661829\n|move|p1a: Cresselia|Helping Hand|p1b: Ursaluna\n|-singleturn|p1b: Ursaluna|Helping Hand|[of] p1a: Cresselia\n|move|p2b: Slowking|Chilling Water|p1b: Ursaluna\n|-supereffective|p1b: Ursaluna\n|-damage|p1b: Ursaluna|0 fnt\n|faint|p1b: Ursaluna\n|move|p2a: Arboliva|Dazzling Gleam|p1a: Cresselia\n|-damage|p1a: Cresselia|11\/100\n|\n|-weather|Snow|[upkeep]\n|-damage|p1a: Cresselia|0 fnt|[from] Leech Seed|[of] p2a: Arboliva\n|faint|p1a: Cresselia\n|upkeep\n|\n|t:|1697661839\n|switch|p1b: Diancie|Diancie, shiny|100\/100\n|switch|p1a: Avalugg|Avalugg-Hisui, M, shiny|21\/100\n|turn|10\n|\n|t:|1697661857\n|-terastallize|p1b: Diancie|Fighting\n|move|p1a: Avalugg|Crunch|p2b: Slowking\n|-supereffective|p2b: Slowking\n|-damage|p2b: Slowking|37\/100\n|move|p2b: Slowking|Chilling Water|p1a: Avalugg\n|-supereffective|p1a: Avalugg\n|-damage|p1a: Avalugg|0 fnt\n|faint|p1a: Avalugg\n|move|p1b: Diancie|Body Press|p2a: Arboliva\n|-supereffective|p2a: Arboliva\n|-damage|p2a: Arboliva|19\/100\n|-enditem|p2a: Arboliva|Aguav Berry|[eat]\n|-heal|p2a: Arboliva|52\/100|[from] item: Aguav Berry\n|move|p2a: Arboliva|Leech Seed|p1b: Diancie|[miss]\n|-miss|p2a: Arboliva|p1b: Diancie\n|\n|-weather|none\n|-heal|p2b: Slowking|43\/100|[from] item: Black Sludge\n|-item|p2a: Arboliva|Aguav Berry|[from] ability: Harvest\n|upkeep\n|\n|t:|1697661872\n|switch|p1a: Chesnaught|Chesnaught, F|100\/100\n|turn|11\n|\n|t:|1697661884\n|move|p2b: Slowking|Toxic|p1a: Chesnaught\n|-status|p1a: Chesnaught|tox\n|move|p1b: Diancie|Diamond Storm|p2b: Slowking|[spread] p2a,p2b\n|-crit|p2a: Arboliva\n|-damage|p2a: Arboliva|10\/100\n|-damage|p2b: Slowking|19\/100\n|-boost|p1b: Diancie|def|2\n|-enditem|p2a: Arboliva|Aguav Berry|[eat]\n|-heal|p2a: Arboliva|44\/100|[from] item: Aguav Berry\n|move|p2a: Arboliva|Dazzling Gleam|p1a: Chesnaught|[spread] p1a,p1b\n|-supereffective|p1a: Chesnaught\n|-supereffective|p1b: Diancie\n|-damage|p1a: Chesnaught|65\/100 tox\n|-damage|p1b: Diancie|73\/100\n|move|p1a: Chesnaught|Drain Punch|p2a: Arboliva\n|-supereffective|p2a: Arboliva\n|-damage|p2a: Arboliva|0 fnt\n|-heal|p1a: Chesnaught|86\/100 tox|[from] drain|[of] p2a: Arboliva\n|faint|p2a: Arboliva\n|\n|-heal|p2b: Slowking|25\/100|[from] item: Black Sludge\n|-heal|p1a: Chesnaught|92\/100 tox|[from] item: Leftovers\n|-damage|p1a: Chesnaught|86\/100 tox|[from] psn\n|-fieldend|move: Trick Room\n|upkeep\n|\n|t:|1697661900\n|switch|p2a: Azumarill|Azumarill, M|100\/100\n|turn|12\n|\n|t:|1697661924\n|move|p2a: Azumarill|Belly Drum|p2a: Azumarill\n|-damage|p2a: Azumarill|50\/100\n|-setboost|p2a: Azumarill|atk|6|[from] move: Belly Drum\n|move|p1a: Chesnaught|Seed Bomb|p2a: Azumarill\n|-supereffective|p2a: Azumarill\n|-damage|p2a: Azumarill|0 fnt\n|faint|p2a: Azumarill\n|move|p1b: Diancie|Diamond Storm|p2b: Slowking\n|-damage|p2b: Slowking|0 fnt\n|faint|p2b: Slowking\n|\n|win|Furret2222\n|raw|Furret2222's rating: 1125 &rarr; <strong>1149<\/strong><br \/>(+24 for winning)\n|raw|DarkLordLoki's rating: 1117 &rarr; <strong>1093<\/strong><br \/>(-24 for losing)\n|l|\u2606DarkLordLoki\n","uploadtime":1697661936,"views":16,"p1id":"furret2222","p2id":"darklordloki","formatid":"gen9doublesou","rating":1093,"private":0,"password":""}