{"id":"gen9doublesou-1980825008","p1":"RocketsViability","p2":"New_2_Da_Scene_","format":"[Gen 9] Doubles OU","log":"|j|\u2606RocketsViability\n|j|\u2606New_2_Da_Scene_\n|t:|1698839063\n|gametype|doubles\n|player|p1|RocketsViability|1|1094\n|player|p2|New_2_Da_Scene_|170|1026\n|teamsize|p1|6\n|teamsize|p2|6\n|gen|9\n|tier|[Gen 9] Doubles OU\n|rated|\n|rule|Species Clause: Limit one of each Pok\u00e9mon\n|rule|OHKO Clause: OHKO moves are banned\n|rule|Evasion Moves Clause: Evasion moves are banned\n|rule|Gravity Sleep Clause: The combination of sleep-inducing moves with imperfect accuracy and Gravity or Gigantamax Orbeetle are banned\n|rule|Endless Battle Clause: Forcing endless battles is banned\n|rule|HP Percentage Mod: HP is shown in percentages\n|clearpoke\n|poke|p1|Ninetales-Alola, M|\n|poke|p1|Trevenant, F|\n|poke|p1|Goodra-Hisui, M|\n|poke|p1|Sandslash-Alola, F|\n|poke|p1|Torterra, F|\n|poke|p1|Empoleon, M|\n|poke|p2|Ogerpon-Cornerstone, F|\n|poke|p2|Tyranitar, F|\n|poke|p2|Munkidori, M|\n|poke|p2|Kommo-o, F|\n|poke|p2|Dugtrio-Alola, F|\n|poke|p2|Klefki, F|\n|teampreview\n|\n|t:|1698839079\n|start\n|switch|p1a: Trevenant|Trevenant, F|100\/100\n|switch|p1b: Torterra|Torterra, F|100\/100\n|switch|p2a: Ogerpon|Ogerpon-Cornerstone, F|100\/100\n|switch|p2b: Klefki|Klefki, F|100\/100\n|turn|1\n|\n|t:|1698839097\n|move|p2b: Klefki|Reflect|p2b: Klefki\n|-sidestart|p2: New_2_Da_Scene_|Reflect\n|move|p2a: Ogerpon|Swords Dance|p2a: Ogerpon\n|-boost|p2a: Ogerpon|atk|2\n|move|p1b: Torterra|Shell Smash|p1b: Torterra\n|-unboost|p1b: Torterra|def|1\n|-unboost|p1b: Torterra|spd|1\n|-boost|p1b: Torterra|atk|2\n|-boost|p1b: Torterra|spa|2\n|-boost|p1b: Torterra|spe|2\n|move|p1a: Trevenant|Disable|p2b: Klefki\n|-start|p2b: Klefki|Disable|Reflect\n|\n|upkeep\n|turn|2\n|\n|t:|1698839128\n|move|p1a: Trevenant|Ally Switch|p1a: Trevenant\n|swap|p1a: Trevenant|1|[from] move: Ally Switch\n|move|p1a: Torterra|Bullet Seed|p2a: Ogerpon\n|-damage|p2a: Ogerpon|81\/100\n|-damage|p2a: Ogerpon|60\/100\n|-damage|p2a: Ogerpon|39\/100\n|-damage|p2a: Ogerpon|21\/100\n|-damage|p2a: Ogerpon|1\/100\n|-hitcount|p2a: Ogerpon|5\n|move|p2a: Ogerpon|Brick Break|p1b: Trevenant\n|-immune|p1b: Trevenant\n|move|p2b: Klefki|Dazzling Gleam|p1b: Trevenant|[spread] p1a,p1b\n|-damage|p1a: Torterra|63\/100\n|-damage|p1b: Trevenant|86\/100\n|\n|upkeep\n|turn|3\n|\n|t:|1698839160\n|switch|p1b: Ninetales|Ninetales-Alola, M|100\/100\n|-weather|Snow|[from] ability: Snow Warning|[of] p1b: Ninetales\n|-terastallize|p1a: Torterra|Ice\n|move|p2b: Klefki|Thunder Wave|p1b: Ninetales\n|-status|p1b: Ninetales|par\n|move|p1a: Torterra|Bullet Seed|p2a: Ogerpon\n|-damage|p2a: Ogerpon|0 fnt\n|faint|p2a: Ogerpon\n|-hitcount|p2: Ogerpon|1\n|\n|-weather|Snow|[upkeep]\n|upkeep\n|\n|t:|1698839178\n|switch|p2a: Tyranitar|Tyranitar, F|100\/100\n|-weather|Sandstorm|[from] ability: Sand Stream|[of] p2a: Tyranitar\n|turn|4\n|\n|t:|1698839191\n|switch|p1b: Trevenant|Trevenant, F|86\/100\n|move|p2b: Klefki|Thunder Wave|p1a: Torterra\n|-status|p1a: Torterra|par\n|move|p1a: Torterra|Bullet Seed|p2a: Tyranitar\n|-supereffective|p2a: Tyranitar\n|-damage|p2a: Tyranitar|72\/100\n|-supereffective|p2a: Tyranitar\n|-damage|p2a: Tyranitar|45\/100\n|-supereffective|p2a: Tyranitar\n|-damage|p2a: Tyranitar|19\/100\n|-supereffective|p2a: Tyranitar\n|-damage|p2a: Tyranitar|0 fnt\n|faint|p2a: Tyranitar\n|-hitcount|p2: Tyranitar|4\n|\n|-weather|Sandstorm|[upkeep]\n|-damage|p1a: Torterra|57\/100 par|[from] Sandstorm\n|-damage|p1b: Trevenant|80\/100|[from] Sandstorm\n|upkeep\n|\n|t:|1698839211\n|switch|p2a: Kommo-o|Kommo-o, F|100\/100\n|turn|5\n|\n|t:|1698839223\n|move|p2b: Klefki|Thunder Wave|p1b: Trevenant\n|-status|p1b: Trevenant|par\n|move|p2a: Kommo-o|Drain Punch|p1a: Torterra\n|-supereffective|p1a: Torterra\n|-damage|p1a: Torterra|0 fnt\n|faint|p1a: Torterra\n|-damage|p2a: Kommo-o|91\/100|[from] item: Life Orb\n|move|p1b: Trevenant|Toxic|p2a: Kommo-o\n|-status|p2a: Kommo-o|tox\n|\n|-weather|Sandstorm|[upkeep]\n|-damage|p2a: Kommo-o|84\/100 tox|[from] Sandstorm\n|-damage|p1b: Trevenant|74\/100 par|[from] Sandstorm\n|-damage|p2a: Kommo-o|78\/100 tox|[from] psn\n|-end|p2b: Klefki|Disable\n|-sideend|p2: New_2_Da_Scene_|Reflect\n|upkeep\n|\n|t:|1698839234\n|switch|p1a: Ninetales|Ninetales-Alola, M|100\/100 par\n|-weather|Snow|[from] ability: Snow Warning|[of] p1a: Ninetales\n|turn|6\n|\n|t:|1698839267\n|move|p1b: Trevenant|Ally Switch|p1b: Trevenant\n|swap|p1b: Trevenant|0|[from] move: Ally Switch\n|move|p2a: Kommo-o|Iron Head|p1a: Trevenant\n|-damage|p1a: Trevenant|39\/100 par\n|-enditem|p1a: Trevenant|Sitrus Berry|[eat]\n|-heal|p1a: Trevenant|64\/100 par|[from] item: Sitrus Berry\n|-damage|p2a: Kommo-o|68\/100 tox|[from] item: Life Orb\n|move|p2b: Klefki|Flash Cannon|p1a: Trevenant\n|-damage|p1a: Trevenant|43\/100 par\n|-unboost|p1a: Trevenant|spd|1\n|move|p1b: Ninetales|Aurora Veil|p1b: Ninetales\n|-sidestart|p1: RocketsViability|move: Aurora Veil\n|\n|-weather|Snow|[upkeep]\n|-damage|p2a: Kommo-o|56\/100 tox|[from] psn\n|-item|p1a: Trevenant|Sitrus Berry|[from] ability: Harvest\n|upkeep\n|-enditem|p1a: Trevenant|Sitrus Berry|[eat]\n|-heal|p1a: Trevenant|68\/100 par|[from] item: Sitrus Berry\n|turn|7\n|\n|t:|1698839302\n|switch|p1b: Sandslash|Sandslash-Alola, F|100\/100\n|move|p2a: Kommo-o|Clangorous Soul|p2a: Kommo-o\n|-boost|p2a: Kommo-o|atk|1\n|-boost|p2a: Kommo-o|def|1\n|-boost|p2a: Kommo-o|spa|1\n|-boost|p2a: Kommo-o|spd|1\n|-boost|p2a: Kommo-o|spe|1\n|-damage|p2a: Kommo-o|23\/100 tox\n|move|p2b: Klefki|Flash Cannon|p1b: Sandslash|[miss]\n|-miss|p2b: Klefki|p1b: Sandslash\n|move|p1a: Trevenant|Disable|p2a: Kommo-o\n|-start|p2a: Kommo-o|Disable|Clangorous Soul\n|\n|-weather|Snow|[upkeep]\n|-damage|p2a: Kommo-o|4\/100 tox|[from] psn\n|-item|p1a: Trevenant|Sitrus Berry|[from] ability: Harvest\n|upkeep\n|turn|8\n|\n|t:|1698839328\n|move|p1b: Sandslash|Ice Shard|p2a: Kommo-o\n|-supereffective|p2a: Kommo-o\n|-damage|p2a: Kommo-o|0 fnt\n|faint|p2a: Kommo-o\n|move|p2b: Klefki|Flash Cannon|p1a: Trevenant\n|-damage|p1a: Trevenant|48\/100 par\n|-enditem|p1a: Trevenant|Sitrus Berry|[eat]\n|-heal|p1a: Trevenant|73\/100 par|[from] item: Sitrus Berry\n|cant|p1a: Trevenant|par\n|\n|-weather|Snow|[upkeep]\n|upkeep\n|\n|t:|1698839349\n|switch|p2a: Dugtrio|Dugtrio-Alola, F|100\/100\n|turn|9\n|\n|t:|1698839362\n|move|p2b: Klefki|Thunder Wave|p1b: Sandslash\n|-status|p1b: Sandslash|par\n|move|p2a: Dugtrio|Swords Dance|p2a: Dugtrio\n|-boost|p2a: Dugtrio|atk|2\n|move|p1b: Sandslash|Knock Off|p2a: Dugtrio\n|-damage|p2a: Dugtrio|20\/100\n|-enditem|p2a: Dugtrio|Leftovers|[from] move: Knock Off|[of] p1b: Sandslash\n|cant|p1a: Trevenant|par\n|\n|-weather|Snow|[upkeep]\n|-item|p1a: Trevenant|Sitrus Berry|[from] ability: Harvest\n|upkeep\n|turn|10\n|\n|t:|1698839386\n|-terastallize|p2a: Dugtrio|Ground\n|move|p2b: Klefki|Reflect|p2b: Klefki\n|-sidestart|p2: New_2_Da_Scene_|Reflect\n|move|p1b: Sandslash|Ice Shard|p2a: Dugtrio\n|-supereffective|p2a: Dugtrio\n|-damage|p2a: Dugtrio|0 fnt\n|faint|p2a: Dugtrio\n|move|p1a: Trevenant|Disable|p2b: Klefki\n|-start|p2b: Klefki|Disable|Reflect\n|\n|-weather|Snow|[upkeep]\n|-sideend|p1: RocketsViability|move: Aurora Veil\n|upkeep\n|\n|t:|1698839397\n|switch|p2a: Munkidori|Munkidori, M|100\/100\n|turn|11\n|\n|t:|1698839419\n|move|p1a: Trevenant|Ally Switch|p1a: Trevenant\n|swap|p1a: Trevenant|1|[from] move: Ally Switch\n|move|p2a: Munkidori|Hex|p1a: Sandslash\n|-damage|p1a: Sandslash|43\/100 par\n|move|p2b: Klefki|Dazzling Gleam|p1a: Sandslash|[spread] p1a,p1b\n|-resisted|p1a: Sandslash\n|-damage|p1a: Sandslash|31\/100 par\n|-damage|p1b: Trevenant|50\/100 par\n|-enditem|p1b: Trevenant|Sitrus Berry|[eat]\n|-heal|p1b: Trevenant|75\/100 par|[from] item: Sitrus Berry\n|move|p1a: Sandslash|Knock Off|p2a: Munkidori\n|-supereffective|p2a: Munkidori\n|-damage|p2a: Munkidori|41\/100\n|-enditem|p2a: Munkidori|Leftovers|[from] move: Knock Off|[of] p1a: Sandslash\n|\n|-weather|Snow|[upkeep]\n|upkeep\n|turn|12\n|\n|t:|1698839441\n|move|p2a: Munkidori|Hex|p1b: Trevenant\n|-supereffective|p1b: Trevenant\n|-damage|p1b: Trevenant|0 fnt\n|faint|p1b: Trevenant\n|move|p2b: Klefki|Dazzling Gleam|p1a: Sandslash\n|-resisted|p1a: Sandslash\n|-damage|p1a: Sandslash|12\/100 par\n|move|p1a: Sandslash|Knock Off|p2a: Munkidori\n|-supereffective|p2a: Munkidori\n|-damage|p2a: Munkidori|0 fnt\n|faint|p2a: Munkidori\n|\n|-weather|Snow|[upkeep]\n|upkeep\n|\n|t:|1698839450\n|switch|p1b: Goodra|Goodra-Hisui, M|100\/100\n|turn|13\n|-message|New_2_Da_Scene_ forfeited.\n|\n|win|RocketsViability\n|raw|RocketsViability's rating: 1094 &rarr; <strong>1115<\/strong><br \/>(+21 for winning)\n|raw|New_2_Da_Scene_'s rating: 1026 &rarr; <strong>1015<\/strong><br \/>(-11 for losing)\n|l|\u2606New_2_Da_Scene_\n","uploadtime":1698839455,"views":17,"p1id":"rocketsviability","p2id":"new2dascene","formatid":"gen9doublesou","rating":1015,"private":0,"password":""}