{"id":"gen9doublesou-1977057999","p1":"Kevin Dickey12","p2":"UwU_Kingz","format":"[Gen 9] Doubles OU","log":"|j|\u2606Kevin Dickey12\n|j|\u2606UwU_Kingz\n|t:|1698366808\n|gametype|doubles\n|player|p1|Kevin Dickey12|nate|\n|player|p2|UwU_Kingz|2|\n|teamsize|p1|6\n|teamsize|p2|6\n|gen|9\n|tier|[Gen 9] Doubles OU\n|rule|Species Clause: Limit one of each Pok\u00e9mon\n|rule|OHKO Clause: OHKO moves are banned\n|rule|Evasion Moves Clause: Evasion moves are banned\n|rule|Gravity Sleep Clause: The combination of sleep-inducing moves with imperfect accuracy and Gravity or Gigantamax Orbeetle are banned\n|rule|Endless Battle Clause: Forcing endless battles is banned\n|rule|HP Percentage Mod: HP is shown in percentages\n|clearpoke\n|poke|p1|Walking Wake|\n|poke|p1|Maushold-Four|\n|poke|p1|Hippowdon, F|\n|poke|p1|Bronzong|\n|poke|p1|Ninetales, M|\n|poke|p1|Enamorus, F|\n|poke|p2|Landorus, M|\n|poke|p2|Mesprit|\n|poke|p2|Hatterene, F|\n|poke|p2|Iron Hands|\n|poke|p2|Samurott-Hisui, F|\n|poke|p2|Arcanine-Hisui, M|\n|teampreview\n|\n|t:|1698366822\n|start\n|switch|p1a: A Happy UwU|Maushold-Four, shiny|100\/100\n|switch|p1b: Pink Genie UwU|Enamorus, F, shiny|100\/100\n|switch|p2a: Landorus|Landorus, M|100\/100\n|switch|p2b: Fluffy|Arcanine-Hisui, M, shiny|100\/100\n|turn|1\n|\n|t:|1698366852\n|-terastallize|p2a: Landorus|Ice\n|move|p1a: A Happy UwU|U-turn|p2b: Fluffy\n|-resisted|p2b: Fluffy\n|-damage|p2b: Fluffy|93\/100\n|\n|t:|1698366870\n|switch|p1a: UwU Wake|Walking Wake|100\/100|[from] U-turn\n|move|p1b: Pink Genie UwU|Earth Power|p2b: Fluffy\n|-supereffective|p2b: Fluffy\n|-damage|p2b: Fluffy|0 fnt\n|faint|p2b: Fluffy\n|-damage|p1b: Pink Genie UwU|91\/100|[from] item: Life Orb\n|move|p2a: Landorus|Tera Blast|p1a: UwU Wake|[anim] Tera Blast Ice\n|-damage|p1a: UwU Wake|67\/100\n|\n|upkeep\n|j| Redzone92\n|\n|t:|1698366888\n|switch|p2b: Samurott|Samurott-Hisui, F, shiny|100\/100\n|turn|2\n|\n|t:|1698366909\n|move|p1a: UwU Wake|Flamethrower|p2a: Landorus\n|-supereffective|p2a: Landorus\n|-damage|p2a: Landorus|17\/100\n|move|p1b: Pink Genie UwU|Dazzling Gleam|p2b: Samurott|[spread] p2a,p2b\n|-supereffective|p2b: Samurott\n|-damage|p2a: Landorus|0 fnt\n|-enditem|p2b: Samurott|Focus Sash\n|-damage|p2b: Samurott|1\/100\n|faint|p2a: Landorus\n|-damage|p1b: Pink Genie UwU|81\/100|[from] item: Life Orb\n|move|p2b: Samurott|Aqua Cutter|p1b: Pink Genie UwU\n|-damage|p1b: Pink Genie UwU|0 fnt\n|faint|p1b: Pink Genie UwU\n|\n|upkeep\n|j| GoDDanteX\n|\n|t:|1698366926\n|switch|p1b: Here comes the UwU|Ninetales, M, shiny|100\/100\n|switch|p2a: Mesprit|Mesprit|100\/100\n|-weather|SunnyDay|[from] ability: Drought|[of] p1b: Here comes the UwU\n|-activate|p1a: UwU Wake|ability: Protosynthesis\n|-start|p1a: UwU Wake|protosynthesisspa\n|turn|3\n|\n|t:|1698366951\n|-terastallize|p1b: Here comes the UwU|Fire\n|move|p1a: UwU Wake|Hydro Steam|p2a: Mesprit\n|-damage|p2a: Mesprit|23\/100\n|move|p1b: Here comes the UwU|Heat Wave|p2a: Mesprit|[spread] p2a,p2b\n|-resisted|p2b: Samurott\n|-damage|p2a: Mesprit|0 fnt\n|-damage|p2b: Samurott|0 fnt\n|faint|p2a: Mesprit\n|faint|p2b: Samurott\n|\n|-weather|SunnyDay|[upkeep]\n|upkeep\n|\n|t:|1698366964\n|switch|p2b: Hatterene|Hatterene, F|100\/100\n|switch|p2a: Iron Hands|Iron Hands|100\/100\n|turn|4\n|\n|t:|1698366983\n|move|p1a: UwU Wake|Hydro Steam|p2a: Iron Hands\n|-damage|p2a: Iron Hands|52\/100\n|move|p1b: Here comes the UwU|Heat Wave|p2b: Hatterene|[spread] p2a,p2b\n|-damage|p2a: Iron Hands|22\/100\n|-damage|p2b: Hatterene|45\/100\n|move|p2a: Iron Hands|Earthquake|p1a: UwU Wake|[spread] p2b,p1a,p1b\n|-supereffective|p1b: Here comes the UwU\n|-damage|p2b: Hatterene|13\/100\n|-damage|p1a: UwU Wake|35\/100\n|-damage|p1b: Here comes the UwU|9\/100\n|move|p2b: Hatterene|Dazzling Gleam|p1a: UwU Wake|[spread] p1a,p1b\n|-supereffective|p1a: UwU Wake\n|-resisted|p1b: Here comes the UwU\n|-damage|p1a: UwU Wake|0 fnt\n|-damage|p1b: Here comes the UwU|0 fnt\n|faint|p1a: UwU Wake\n|-end|p1a: UwU Wake|Protosynthesis|[silent]\n|faint|p1b: Here comes the UwU\n|\n|-weather|SunnyDay|[upkeep]\n|-heal|p2b: Hatterene|19\/100|[from] item: Leftovers\n|upkeep\n|\n|t:|1698367006\n|switch|p1a: UwU UwU Likes You|Hippowdon, F|100\/100\n|switch|p1b: A Happy UwU|Maushold-Four, shiny|100\/100\n|turn|5\n|\n|t:|1698367017\n|move|p1b: A Happy UwU|U-turn|p2b: Hatterene\n|-damage|p2b: Hatterene|4\/100\n|\n|t:|1698367020\n|switch|p1b: UwU Bell|Bronzong, shiny|100\/100|[from] U-turn\n|move|p2a: Iron Hands|Earthquake|p1b: UwU Bell|[spread] p2b,p1a\n|-immune|p1b: UwU Bell|[from] ability: Levitate\n|-damage|p2b: Hatterene|0 fnt\n|-damage|p1a: UwU UwU Likes You|83\/100\n|faint|p2b: Hatterene\n|move|p1a: UwU UwU Likes You|Earthquake|p2a: Iron Hands|[spread] p2a\n|-immune|p1b: UwU Bell|[from] ability: Levitate\n|-supereffective|p2a: Iron Hands\n|-damage|p2a: Iron Hands|0 fnt\n|faint|p2a: Iron Hands\n|-end|p2a: Iron Hands|Quark Drive|[silent]\n|\n|win|Kevin Dickey12\n","uploadtime":1698367036,"views":19,"p1id":"kevindickey12","p2id":"uwukingz","formatid":"gen9doublesou","rating":0,"private":0,"password":""}