{"id":"gen9doublesou-1971018642","p1":"jjshxn","p2":"Thehombre","format":"[Gen 9] Doubles OU","log":"|j|\u2606jjshxn\n|j|\u2606Thehombre\n|t:|1697693399\n|gametype|doubles\n|player|p1|jjshxn|hugh|1050\n|player|p2|Thehombre|169|1088\n|teamsize|p1|6\n|teamsize|p2|6\n|gen|9\n|tier|[Gen 9] Doubles OU\n|rated|\n|rule|Species Clause: Limit one of each Pok\u00e9mon\n|rule|OHKO Clause: OHKO moves are banned\n|rule|Evasion Moves Clause: Evasion moves are banned\n|rule|Gravity Sleep Clause: The combination of sleep-inducing moves with imperfect accuracy and Gravity or Gigantamax Orbeetle are banned\n|rule|Endless Battle Clause: Forcing endless battles is banned\n|rule|HP Percentage Mod: HP is shown in percentages\n|clearpoke\n|poke|p1|Amoonguss, F|\n|poke|p1|Meowscarada, F|\n|poke|p1|Palafin, F|\n|poke|p1|Kingambit, M|\n|poke|p1|Politoed, F|\n|poke|p1|Landorus-Therian, M|\n|poke|p2|Fezandipiti, M|\n|poke|p2|Overqwil, M|\n|poke|p2|Munkidori, M|\n|poke|p2|Landorus, M|\n|poke|p2|Corviknight, M|\n|poke|p2|Muk-Alola, F|\n|teampreview\n|\n|t:|1697693407\n|start\n|switch|p1a: Landorus|Landorus-Therian, M, shiny|100\/100\n|switch|p1b: Meowscarada|Meowscarada, F, shiny|100\/100\n|switch|p2a: Fezandipiti|Fezandipiti, M|100\/100\n|switch|p2b: Overqwil|Overqwil, M|100\/100\n|-ability|p1a: Landorus|Intimidate|boost\n|-unboost|p2a: Fezandipiti|atk|1\n|-unboost|p2b: Overqwil|atk|1\n|turn|1\n|\n|t:|1697693425\n|move|p1b: Meowscarada|Protect|p1b: Meowscarada\n|-singleturn|p1b: Meowscarada|Protect\n|move|p2a: Fezandipiti|Icy Wind|p1a: Landorus|[spread] p1a\n|-activate|p1b: Meowscarada|move: Protect\n|-supereffective|p1a: Landorus\n|-damage|p1a: Landorus|53\/100\n|-unboost|p1a: Landorus|spe|1\n|-status|p1a: Landorus|tox|[from] ability: Toxic Chain|[of] p2a: Fezandipiti\n|move|p2b: Overqwil|Acupressure|p2a: Fezandipiti\n|-boost|p2a: Fezandipiti|spd|2\n|move|p1a: Landorus|Earthquake|p2a: Fezandipiti|[spread] p2a,p2b\n|-activate|p1b: Meowscarada|move: Protect\n|-supereffective|p2a: Fezandipiti\n|-supereffective|p2b: Overqwil\n|-crit|p2b: Overqwil\n|-damage|p2a: Fezandipiti|9\/100\n|-damage|p2b: Overqwil|0 fnt\n|faint|p2b: Overqwil\n|\n|-heal|p2a: Fezandipiti|15\/100|[from] item: Leftovers\n|-damage|p1a: Landorus|47\/100 tox|[from] psn\n|upkeep\n|\n|t:|1697693429\n|switch|p2b: Munkidori|Munkidori, M|100\/100\n|turn|2\n|inactive|Battle timer is ON: inactive players will automatically lose when time's up. (requested by Thehombre)\n|\n|t:|1697693455\n|switch|p1b: Kingambit|Kingambit, M|100\/100\n|move|p2b: Munkidori|Nasty Plot|p2b: Munkidori\n|-boost|p2b: Munkidori|spa|2\n|move|p2a: Fezandipiti|Icy Wind|p1a: Landorus|[spread] p1b\n|-miss|p2a: Fezandipiti|p1a: Landorus\n|-resisted|p1b: Kingambit\n|-damage|p1b: Kingambit|95\/100\n|-unboost|p1b: Kingambit|spe|1\n|-ability|p1b: Kingambit|Defiant|boost\n|-boost|p1b: Kingambit|atk|2\n|move|p1a: Landorus|Rock Slide|p2a: Fezandipiti|[spread] p2a,p2b\n|-damage|p2a: Fezandipiti|0 fnt\n|-damage|p2b: Munkidori|72\/100\n|faint|p2a: Fezandipiti\n|\n|-damage|p1a: Landorus|35\/100 tox|[from] psn\n|upkeep\n|\n|t:|1697693465\n|switch|p2a: Landorus|Landorus, M|100\/100\n|turn|3\n|\n|t:|1697693482\n|move|p2b: Munkidori|Nasty Plot|p2b: Munkidori\n|-boost|p2b: Munkidori|spa|2\n|move|p2a: Landorus|Sandsear Storm|p1b: Kingambit|[spread] p1b\n|-immune|p1a: Landorus\n|-supereffective|p1b: Kingambit\n|-damage|p1b: Kingambit|0 fnt\n|faint|p1b: Kingambit\n|move|p1a: Landorus|Rock Slide|p2a: Landorus|[spread] p2a,p2b\n|-damage|p2a: Landorus|80\/100\n|-damage|p2b: Munkidori|43\/100\n|\n|-heal|p2a: Landorus|86\/100|[from] item: Leftovers\n|-damage|p1a: Landorus|17\/100 tox|[from] psn\n|upkeep\n|\n|t:|1697693497\n|switch|p1b: Politoed|Politoed, F, shiny|100\/100\n|-weather|RainDance|[from] ability: Drizzle|[of] p1b: Politoed\n|turn|4\n|\n|t:|1697693505\n|switch|p2a: Corviknight|Corviknight, M|100\/100\n|move|p2b: Munkidori|Sludge Wave|p1b: Politoed|[spread] p1a,p1b\n|-immune|p2a: Corviknight\n|-resisted|p1a: Landorus\n|-damage|p1a: Landorus|0 fnt\n|-damage|p1b: Politoed|0 fnt\n|faint|p1a: Landorus\n|faint|p1b: Politoed\n|\n|-weather|RainDance|[upkeep]\n|upkeep\n|\n|t:|1697693517\n|switch|p1a: Meowscarada|Meowscarada, F, shiny|100\/100\n|switch|p1b: Palafin|Palafin, F|100\/100\n|turn|5\n|\n|t:|1697693527\n|move|p1a: Meowscarada|Knock Off|p2b: Munkidori\n|-supereffective|p2b: Munkidori\n|-damage|p2b: Munkidori|0 fnt\n|-enditem|p2b: Munkidori|Poison Barb|[from] move: Knock Off|[of] p1a: Meowscarada\n|faint|p2b: Munkidori\n|move|p1b: Palafin|Close Combat|p2a: Corviknight\n|-damage|p2a: Corviknight|82\/100\n|-unboost|p1b: Palafin|def|1\n|-unboost|p1b: Palafin|spd|1\n|move|p2a: Corviknight|Agility|p2a: Corviknight\n|-boost|p2a: Corviknight|spe|2\n|\n|-weather|RainDance|[upkeep]\n|-heal|p2a: Corviknight|88\/100|[from] item: Leftovers\n|upkeep\n|\n|t:|1697693534\n|switch|p2b: Landorus|Landorus, M|86\/100\n|turn|6\n|\n|t:|1697693551\n|switch|p1a: Amoonguss|Amoonguss, F, shiny|100\/100\n|-terastallize|p1b: Palafin|Water\n|move|p1b: Palafin|Close Combat|p2b: Landorus\n|-resisted|p2b: Landorus\n|-damage|p2b: Landorus|74\/100\n|-unboost|p1b: Palafin|def|1\n|-unboost|p1b: Palafin|spd|1\n|move|p2a: Corviknight|Bulk Up|p2a: Corviknight\n|-boost|p2a: Corviknight|atk|1\n|-boost|p2a: Corviknight|def|1\n|move|p2b: Landorus|Sandsear Storm|p1a: Amoonguss|[spread] p1a,p1b\n|-damage|p1a: Amoonguss|62\/100\n|-damage|p1b: Palafin|0 fnt\n|faint|p1b: Palafin\n|\n|-weather|RainDance|[upkeep]\n|-heal|p2a: Corviknight|94\/100|[from] item: Leftovers\n|-heal|p2b: Landorus|80\/100|[from] item: Leftovers\n|-heal|p1a: Amoonguss|69\/100|[from] item: Black Sludge\n|upkeep\n|-message|jjshxn forfeited.\n|\n|win|Thehombre\n|raw|jjshxn's rating: 1050 &rarr; <strong>1034<\/strong><br \/>(-16 for losing)\n|raw|Thehombre's rating: 1088 &rarr; <strong>1112<\/strong><br \/>(+24 for winning)\n|l|\u2606jjshxn\n","uploadtime":1697693574,"views":17,"p1id":"jjshxn","p2id":"thehombre","formatid":"gen9doublesou","rating":1034,"private":0,"password":""}