{"id":"gen9doublesou-1985343745","p1":"teet4t44","p2":"Domad4444","format":"[Gen 9] Doubles OU","log":"|j|\u2606teet4t44\n|j|\u2606Domad4444\n|inactive|Battle timer is ON: inactive players will automatically lose when time's up.\n|t:|1699366501\n|gametype|doubles\n|player|p1|teet4t44|2|\n|player|p2|Domad4444|ethan|\n|teamsize|p1|6\n|teamsize|p2|6\n|gen|9\n|tier|[Gen 9] Doubles OU\n|rated|Tournament battle\n|rule|Species Clause: Limit one of each Pok\u00e9mon\n|rule|OHKO Clause: OHKO moves are banned\n|rule|Evasion Moves Clause: Evasion moves are banned\n|rule|Gravity Sleep Clause: The combination of sleep-inducing moves with imperfect accuracy and Gravity or Gigantamax Orbeetle are banned\n|rule|Endless Battle Clause: Forcing endless battles is banned\n|rule|HP Percentage Mod: HP is shown in percentages\n|clearpoke\n|poke|p1|Gengar, F|\n|poke|p1|Scyther, F|\n|poke|p1|Braixen, F|\n|poke|p1|Probopass, F|\n|poke|p1|Gastrodon, F|\n|poke|p1|Pawmot, F|\n|poke|p2|Hypno, M|\n|poke|p2|Masquerain, M|\n|poke|p2|Magneton|\n|poke|p2|Empoleon, M|\n|poke|p2|Toedscruel, F|\n|poke|p2|Amoonguss, F|\n|teampreview\n|j|*Lady Monita \u263d\n|c|\u2606Domad4444|glhf\n|j| ThatBeedrill444\n|j| Blushweaver\n|inactive|teet4t44 has 120 seconds left.\n|inactive|Domad4444 has 120 seconds left.\n|j| Ember The Unknown\n|\n|t:|1699366539\n|start\n|switch|p1a: Gastrodon|Gastrodon, F|100\/100\n|switch|p1b: Braixen|Braixen, F|100\/100\n|switch|p2a: Masquerain|Masquerain, M|100\/100\n|switch|p2b: Empoleon|Empoleon, M|100\/100\n|-ability|p2a: Masquerain|Intimidate|boost\n|-unboost|p1a: Gastrodon|atk|1\n|-unboost|p1b: Braixen|atk|1\n|turn|1\n|l|\u2606teet4t44\n|inactive|teet4t44 disconnected and has a minute to reconnect!\n|player|p1|\n|j|\u2606teet4t44\n|inactive|teet4t44 reconnected and has 115 seconds left.\n|player|p1|teet4t44|2\n|\n|t:|1699366596\n|move|p2a: Masquerain|Sticky Web|p1a: Gastrodon\n|-sidestart|p1: teet4t44|move: Sticky Web\n|move|p1b: Braixen|Calm Mind|p1b: Braixen\n|-boost|p1b: Braixen|spa|1\n|-boost|p1b: Braixen|spd|1\n|move|p2b: Empoleon|Grass Knot|p1a: Gastrodon\n|-supereffective|p1a: Gastrodon\n|-damage|p1a: Gastrodon|22\/100\n|move|p1a: Gastrodon|Ancient Power|p2a: Masquerain\n|-supereffective|p2a: Masquerain\n|-enditem|p2a: Masquerain|Focus Sash\n|-damage|p2a: Masquerain|1\/100\n|\n|-heal|p1a: Gastrodon|28\/100|[from] item: Leftovers\n|upkeep\n|turn|2\n|inactive|Domad4444 has 120 seconds left.\n|\n|t:|1699366643\n|switch|p1a: Scyther|Scyther, F|100\/100\n|move|p2a: Masquerain|Tailwind|p2a: Masquerain\n|-sidestart|p2: Domad4444|move: Tailwind\n|move|p2b: Empoleon|Grass Knot|p1a: Scyther\n|-resisted|p1a: Scyther\n|-damage|p1a: Scyther|93\/100\n|move|p1b: Braixen|Heat Wave|p2b: Empoleon|[spread] p2a,p2b\n|-supereffective|p2a: Masquerain\n|-damage|p2a: Masquerain|0 fnt\n|-damage|p2b: Empoleon|69\/100\n|faint|p2a: Masquerain\n|\n|upkeep\n|inactive|Domad4444 has 90 seconds left.\n|j| DIMU179\n|l| Blushweaver\n|\n|t:|1699366670\n|switch|p2a: Magneton|Magneton|100\/100\n|turn|3\n|inactive|teet4t44 has 120 seconds left.\n|l| Ember The Unknown\n|inactive|Domad4444 has 90 seconds left.\n|\n|t:|1699366695\n|move|p2a: Magneton|Thunder Wave|p1b: Braixen\n|-status|p1b: Braixen|par\n|move|p1a: Scyther|Trailblaze|p2b: Empoleon\n|-damage|p2b: Empoleon|44\/100\n|-boost|p1a: Scyther|spe|1\n|move|p2b: Empoleon|Ice Beam|p1a: Scyther\n|-supereffective|p1a: Scyther\n|-damage|p1a: Scyther|36\/100\n|move|p1b: Braixen|Heat Wave|p2b: Empoleon|[spread] p2a,p2b\n|-supereffective|p2a: Magneton\n|-damage|p2a: Magneton|9\/100\n|-damage|p2b: Empoleon|13\/100\n|\n|upkeep\n|turn|4\n|inactive|teet4t44 has 120 seconds left.\n|inactive|Domad4444 has 90 seconds left.\n|inactive|teet4t44 has 90 seconds left.\n|\n|t:|1699366767\n|move|p1a: Scyther|Trailblaze|p2b: Empoleon\n|-damage|p2b: Empoleon|0 fnt\n|-boost|p1a: Scyther|spe|1\n|faint|p2b: Empoleon\n|move|p2a: Magneton|Electroweb|p1a: Scyther|[spread] p1a,p1b\n|-supereffective|p1a: Scyther\n|-damage|p1a: Scyther|0 fnt\n|-damage|p1b: Braixen|86\/100 par\n|-unboost|p1b: Braixen|spe|1\n|faint|p1a: Scyther\n|cant|p1b: Braixen|par\n|\n|upkeep\n|inactive|teet4t44 has 90 seconds left.\n|inactive|Domad4444 has 90 seconds left.\n|\n|t:|1699366815\n|switch|p1a: Probopass|Probopass, F|100\/100\n|switch|p2b: Amoonguss|Amoonguss, F|100\/100\n|-activate|p1a: Probopass|move: Sticky Web\n|-unboost|p1a: Probopass|spe|1\n|turn|5\n|inactive|teet4t44 has 90 seconds left.\n|c| ThatBeedrill444|those are both of my team members\n|c| ThatBeedrill444|probopass + braixen\n|inactive|Domad4444 has 60 seconds left.\n|\n|t:|1699366847\n|move|p2a: Magneton|Thunder Wave|p1a: Probopass\n|-status|p1a: Probopass|par\n|move|p2b: Amoonguss|Clear Smog|p1b: Braixen\n|-damage|p1b: Braixen|73\/100 par\n|-clearboost|p1b: Braixen\n|move|p1b: Braixen|Heat Wave|p2a: Magneton|[spread] p2a,p2b\n|-supereffective|p2a: Magneton\n|-supereffective|p2b: Amoonguss\n|-damage|p2a: Magneton|0 fnt\n|-damage|p2b: Amoonguss|42\/100\n|faint|p2a: Magneton\n|move|p1a: Probopass|Tri Attack|p2b: Amoonguss\n|-damage|p2b: Amoonguss|21\/100\n|\n|-heal|p2b: Amoonguss|27\/100|[from] item: Leftovers\n|-sideend|p2: Domad4444|move: Tailwind\n|upkeep\n|inactive|Domad4444 has 60 seconds left.\n|\n|t:|1699366868\n|switch|p2a: Hypno|Hypno, M|100\/100\n|turn|6\n|\n|t:|1699366883\n|move|p2a: Hypno|Nasty Plot|p2a: Hypno\n|-boost|p2a: Hypno|spa|2\n|move|p2b: Amoonguss|Giga Drain|p1a: Probopass\n|-damage|p1a: Probopass|76\/100 par\n|-heal|p2b: Amoonguss|36\/100|[from] drain|[of] p1a: Probopass\n|move|p1b: Braixen|Heat Wave|p2a: Hypno|[spread] p2a,p2b\n|-supereffective|p2b: Amoonguss\n|-crit|p2b: Amoonguss\n|-damage|p2a: Hypno|75\/100\n|-damage|p2b: Amoonguss|0 fnt\n|faint|p2b: Amoonguss\n|move|p1a: Probopass|Flash Cannon|p2a: Hypno\n|-damage|p2a: Hypno|46\/100\n|-enditem|p2a: Hypno|Sitrus Berry|[eat]\n|-heal|p2a: Hypno|71\/100|[from] item: Sitrus Berry\n|\n|upkeep\n|\n|t:|1699366892\n|switch|p2b: Toedscruel|Toedscruel, F|100\/100\n|turn|7\n|inactive|teet4t44 has 120 seconds left.\n|inactive|Domad4444 has 90 seconds left.\n|\n|t:|1699366904\n|move|p2b: Toedscruel|Earth Power|p1a: Probopass\n|-supereffective|p1a: Probopass\n|-damage|p1a: Probopass|0 fnt\n|faint|p1a: Probopass\n|-damage|p2b: Toedscruel|91\/100|[from] item: Life Orb\n|move|p2a: Hypno|Nasty Plot|p2a: Hypno\n|-boost|p2a: Hypno|spa|2\n|move|p1b: Braixen|Heat Wave|p2a: Hypno|[spread] p2a,p2b\n|-supereffective|p2b: Toedscruel\n|-damage|p2a: Hypno|46\/100\n|-damage|p2b: Toedscruel|34\/100\n|\n|upkeep\n|\n|t:|1699366931\n|switch|p1a: Gastrodon|Gastrodon, F|28\/100\n|-activate|p1a: Gastrodon|move: Sticky Web\n|-unboost|p1a: Gastrodon|spe|1\n|turn|8\n|\n|t:|1699366943\n|move|p2b: Toedscruel|Earth Power|p1b: Braixen\n|-supereffective|p1b: Braixen\n|-damage|p1b: Braixen|0 fnt\n|faint|p1b: Braixen\n|-damage|p2b: Toedscruel|24\/100|[from] item: Life Orb\n|move|p2a: Hypno|Psyshock|p1a: Gastrodon\n|-damage|p1a: Gastrodon|0 fnt\n|faint|p1a: Gastrodon\n|\n|upkeep\n|\n|t:|1699366949\n|switch|p1b: Pawmot|Pawmot, F|100\/100\n|switch|p1a: Gengar|Gengar, F|100\/100\n|-activate|p1a: Gengar|move: Sticky Web\n|-unboost|p1a: Gengar|spe|1\n|-activate|p1b: Pawmot|move: Sticky Web\n|-unboost|p1b: Pawmot|spe|1\n|turn|9\n|j| Sneaselenjoyer\n|inactive|teet4t44 has 120 seconds left.\n|\n|t:|1699366966\n|-terastallize|p1a: Gengar|Ghost\n|move|p1b: Pawmot|Fake Out|p2a: Hypno\n|-damage|p2a: Hypno|29\/100\n|move|p2b: Toedscruel|Earth Power|p1b: Pawmot\n|-supereffective|p1b: Pawmot\n|-damage|p1b: Pawmot|0 fnt\n|faint|p1b: Pawmot\n|-damage|p2b: Toedscruel|14\/100|[from] item: Life Orb\n|move|p1a: Gengar|Dazzling Gleam|p2a: Hypno|[spread] p2a,p2b\n|-damage|p2a: Hypno|11\/100\n|-damage|p2b: Toedscruel|0 fnt\n|faint|p2b: Toedscruel\n|move|p2a: Hypno|Psyshock|p1a: Gengar\n|-damage|p1a: Gengar|0 fnt\n|faint|p1a: Gengar\n|\n|win|Domad4444\n|n|\u2606Domad4444|domad4444\n|n|*Lady Monita \u263d|ladymonita\n|n| ThatBeedrill444|thatbeedrill444\n|n|\u2606teet4t44|teet4t44\n|n| DIMU179|dimu179\n|n| Sneaselenjoyer|sneaselenjoyer\n","uploadtime":1699366968,"views":10,"p1id":"teet4t44","p2id":"domad4444","formatid":"gen9doublesou","rating":0,"private":0,"password":""}