{"id":"gen9doublesou-1993723727","p1":"pkchar","p2":"Xitzel","format":"[Gen 9] Doubles OU","log":"|j|\u2606pkchar\n|j|\u2606Xitzel\n|t:|1700349700\n|gametype|doubles\n|player|p1|pkchar|265|1216\n|player|p2|Xitzel|richboy|1114\n|teamsize|p1|6\n|teamsize|p2|6\n|gen|9\n|tier|[Gen 9] Doubles OU\n|rated|\n|rule|Species Clause: Limit one of each Pok\u00e9mon\n|rule|OHKO Clause: OHKO moves are banned\n|rule|Evasion Moves Clause: Evasion moves are banned\n|rule|Gravity Sleep Clause: The combination of sleep-inducing moves with imperfect accuracy and Gravity or Gigantamax Orbeetle are banned\n|rule|Endless Battle Clause: Forcing endless battles is banned\n|rule|HP Percentage Mod: HP is shown in percentages\n|clearpoke\n|poke|p1|Oranguru, M|\n|poke|p1|Goodra, M|\n|poke|p1|Kingambit, M|\n|poke|p1|Pawmot, M|\n|poke|p1|Ursaluna, M|\n|poke|p1|Sableye, M|\n|poke|p2|Ninetales, F|\n|poke|p2|Amoonguss, M|\n|poke|p2|Arcanine-Hisui, F|\n|poke|p2|Garganacl, M|\n|poke|p2|Toxtricity-Low-Key, F|\n|poke|p2|Azumarill, M|\n|teampreview\n|\n|t:|1700349716\n|start\n|switch|p1a: Oranguru|Oranguru, M|100\/100\n|switch|p1b: Sableye|Sableye, M|100\/100\n|switch|p2a: Dogie :D|Arcanine-Hisui, F|100\/100\n|switch|p2b: Azumarill|Azumarill, M|100\/100\n|-ability|p2a: Dogie :D|Intimidate|boost\n|-unboost|p1a: Oranguru|atk|1\n|-unboost|p1b: Sableye|atk|1\n|turn|1\n|\n|t:|1700349744\n|move|p2b: Azumarill|Aqua Jet|p1b: Sableye\n|-damage|p1b: Sableye|68\/100\n|move|p1b: Sableye|Skill Swap|p1a: Oranguru\n|-activate|p1b: Sableye|move: Skill Swap|||[of] p1a: Oranguru\n|move|p1a: Oranguru|Substitute|p1a: Oranguru\n|-start|p1a: Oranguru|Substitute\n|-damage|p1a: Oranguru|75\/100\n|move|p2a: Dogie :D|Rock Slide|p1a: Oranguru|[spread] p1a,p1b\n|-activate|p1a: Oranguru|move: Substitute|[damage]\n|-damage|p1b: Sableye|29\/100\n|\n|-heal|p1b: Sableye|35\/100|[from] item: Leftovers\n|upkeep\n|turn|2\n|\n|t:|1700349770\n|move|p1a: Oranguru|After You|p1b: Sableye\n|-activate|p1b: Sableye|move: After You\n|move|p1b: Sableye|Skill Swap|p2a: Dogie :D\n|-activate|p1b: Sableye|move: Skill Swap|Intimidate|Symbiosis|[of] p2a: Dogie :D\n|-ability|p1b: Sableye|Intimidate|boost\n|-unboost|p2a: Dogie :D|atk|1\n|-unboost|p2b: Azumarill|atk|1\n|move|p2b: Azumarill|Aqua Jet|p1a: Oranguru\n|-end|p1a: Oranguru|Substitute\n|move|p2a: Dogie :D|Rock Slide|p1a: Oranguru|[spread] p1a\n|-miss|p2a: Dogie :D|p1b: Sableye\n|-damage|p1a: Oranguru|62\/100\n|\n|-heal|p1b: Sableye|42\/100|[from] item: Leftovers\n|upkeep\n|turn|3\n|\n|t:|1700349800\n|move|p1a: Oranguru|Protect|p1a: Oranguru\n|-singleturn|p1a: Oranguru|Protect\n|move|p2b: Azumarill|Aqua Jet|p1b: Sableye\n|-damage|p1b: Sableye|19\/100\n|move|p2a: Dogie :D|Rock Slide|p1b: Sableye|[spread] p1b\n|-activate|p1a: Oranguru|move: Protect\n|-damage|p1b: Sableye|0 fnt\n|faint|p1b: Sableye\n|\n|upkeep\n|\n|t:|1700349815\n|switch|p1b: Pawmot|Pawmot, M, shiny|100\/100\n|turn|4\n|\n|t:|1700349829\n|switch|p2a: Degrease|Amoonguss, M|100\/100\n|switch|p2b: Kibo|Ninetales, F|100\/100\n|-weather|SunnyDay|[from] ability: Drought|[of] p2b: Kibo\n|move|p1a: Oranguru|After You|p1b: Pawmot\n|-activate|p1b: Pawmot|move: After You\n|move|p1b: Pawmot|Thunder Punch|p2b: Kibo\n|-damage|p2b: Kibo|26\/100\n|\n|-weather|SunnyDay|[upkeep]\n|upkeep\n|turn|5\n|\n|t:|1700349847\n|move|p2a: Degrease|Rage Powder|p2a: Degrease\n|-singleturn|p2a: Degrease|move: Rage Powder\n|move|p1a: Oranguru|Instruct|p2a: Degrease\n|-singleturn|p2a: Degrease|move: Instruct|[of] p1a: Oranguru\n|move|p2a: Degrease|Rage Powder||[still]\n|-fail|p2a: Degrease\n|move|p2b: Kibo|Calm Mind|p2b: Kibo\n|-boost|p2b: Kibo|spa|1\n|-boost|p2b: Kibo|spd|1\n|move|p1b: Pawmot|Fire Punch|p2a: Degrease\n|-supereffective|p2a: Degrease\n|-damage|p2a: Degrease|7\/100\n|\n|-weather|SunnyDay|[upkeep]\n|upkeep\n|turn|6\n|\n|t:|1700349870\n|move|p2a: Degrease|Rage Powder|p2a: Degrease\n|-singleturn|p2a: Degrease|move: Rage Powder\n|move|p1a: Oranguru|Instruct|p2a: Degrease\n|-singleturn|p2a: Degrease|move: Instruct|[of] p1a: Oranguru\n|move|p2a: Degrease|Rage Powder||[still]\n|-fail|p2a: Degrease\n|move|p2b: Kibo|Heat Wave|p1a: Oranguru|[spread] \n|-miss|p2b: Kibo|p1a: Oranguru\n|-miss|p2b: Kibo|p1b: Pawmot\n|move|p1b: Pawmot|Thunder Punch|p2a: Degrease\n|-resisted|p2a: Degrease\n|-damage|p2a: Degrease|0 fnt\n|faint|p2a: Degrease\n|\n|-weather|SunnyDay|[upkeep]\n|upkeep\n|inactive|Battle timer is ON: inactive players will automatically lose when time's up. (requested by pkchar)\n|\n|t:|1700349886\n|switch|p2a: Dogie :D|Arcanine-Hisui, F|100\/100\n|-ability|p2a: Dogie :D|Intimidate|boost\n|-unboost|p1a: Oranguru|atk|1\n|-unboost|p1b: Pawmot|atk|1\n|turn|7\n|\n|t:|1700349892\n|-singleturn|p1b: Pawmot|move: Focus Punch\n|move|p1a: Oranguru|After You|p1b: Pawmot\n|-activate|p1b: Pawmot|move: After You\n|move|p1b: Pawmot|Focus Punch|p2a: Dogie :D\n|-supereffective|p2a: Dogie :D\n|-crit|p2a: Dogie :D\n|-damage|p2a: Dogie :D|0 fnt\n|faint|p2a: Dogie :D\n|move|p2b: Kibo|Heat Wave|p1b: Pawmot|[spread] p1a,p1b\n|-damage|p1a: Oranguru|15\/100\n|-damage|p1b: Pawmot|8\/100\n|-enditem|p1a: Oranguru|Sitrus Berry|[eat]\n|-heal|p1a: Oranguru|40\/100|[from] item: Sitrus Berry\n|\n|-weather|SunnyDay|[upkeep]\n|upkeep\n|\n|t:|1700349903\n|switch|p2a: Azumarill|Azumarill, M|100\/100\n|turn|8\n|\n|t:|1700349924\n|move|p1a: Oranguru|Protect|p1a: Oranguru\n|-singleturn|p1a: Oranguru|Protect\n|move|p2a: Azumarill|Aqua Jet|p1b: Pawmot\n|-damage|p1b: Pawmot|0 fnt\n|faint|p1b: Pawmot\n|move|p2b: Kibo|Heat Wave|p1a: Oranguru\n|-activate|p1a: Oranguru|move: Protect\n|\n|-weather|SunnyDay|[upkeep]\n|upkeep\n|inactive|pkchar has 120 seconds left.\n|\n|t:|1700349941\n|switch|p1b: Kingambit|Kingambit, M|100\/100\n|-activate|p1b: Kingambit|ability: Supreme Overlord\n|-start|p1b: Kingambit|fallen2|[silent]\n|turn|9\n|\n|t:|1700349959\n|move|p1a: Oranguru|After You|p1b: Kingambit\n|-activate|p1b: Kingambit|move: After You\n|move|p1b: Kingambit|Night Slash|p2b: Kibo\n|-damage|p2b: Kibo|0 fnt\n|faint|p2b: Kibo\n|move|p2a: Azumarill|Belly Drum|p2a: Azumarill\n|-damage|p2a: Azumarill|51\/100\n|-setboost|p2a: Azumarill|atk|6|[from] move: Belly Drum\n|\n|-weather|SunnyDay|[upkeep]\n|upkeep\n|inactive|Xitzel has 120 seconds left.\n|\n|t:|1700349993\n|switch|p2b: Galio|Garganacl, M|100\/100\n|turn|10\n|inactive|Xitzel has 120 seconds left.\n|\n|t:|1700350010\n|move|p1a: Oranguru|After You|p1b: Kingambit\n|-activate|p1b: Kingambit|move: After You\n|move|p1b: Kingambit|Iron Head|p2a: Azumarill\n|-crit|p2a: Azumarill\n|-damage|p2a: Azumarill|0 fnt\n|faint|p2a: Azumarill\n|move|p2b: Galio|Hammer Arm|p1b: Kingambit\n|-supereffective|p1b: Kingambit\n|-damage|p1b: Kingambit|31\/100\n|-unboost|p2b: Galio|spe|1\n|\n|-weather|SunnyDay|[upkeep]\n|upkeep\n|inactive|Xitzel has 120 seconds left.\n|\n|t:|1700350022\n|switch|p2a: Toxtricity|Toxtricity-Low-Key, F|100\/100\n|turn|11\n|inactive|Xitzel has 120 seconds left.\n|\n|t:|1700350054\n|move|p1a: Oranguru|Instruct|p1b: Kingambit\n|-singleturn|p1b: Kingambit|move: Instruct|[of] p1a: Oranguru\n|move|p1b: Kingambit|Iron Head|p2a: Toxtricity\n|-resisted|p2a: Toxtricity\n|-damage|p2a: Toxtricity|54\/100\n|move|p2a: Toxtricity|Hex|p1a: Oranguru\n|-immune|p1a: Oranguru\n|move|p1b: Kingambit|Night Slash|p2a: Toxtricity\n|-damage|p2a: Toxtricity|0 fnt\n|faint|p2a: Toxtricity\n|move|p2b: Galio|Hammer Arm|p1b: Kingambit\n|-supereffective|p1b: Kingambit\n|-damage|p1b: Kingambit|0 fnt\n|-unboost|p2b: Galio|spe|1\n|faint|p1b: Kingambit\n|-end|p1b: Kingambit|fallen2|[silent]\n|\n|-weather|none\n|upkeep\n|inactive|pkchar has 120 seconds left.\n|inactive|pkchar has 90 seconds left.\n|\n|t:|1700350094\n|switch|p1b: Goodra|Goodra, M|100\/100\n|turn|12\n|\n|t:|1700350113\n|move|p1a: Oranguru|Substitute|p1a: Oranguru\n|-start|p1a: Oranguru|Substitute\n|-damage|p1a: Oranguru|15\/100\n|move|p1b: Goodra|Life Dew||[still]|[spread] p1a,p1b\n|-heal|p1a: Oranguru|40\/100\n|-fail|p1b: Goodra|heal\n|move|p2b: Galio|Avalanche|p1b: Goodra\n|-supereffective|p1b: Goodra\n|-damage|p1b: Goodra|67\/100\n|-ability|p1b: Goodra|Gooey\n|-unboost|p2b: Galio|spe|1\n|\n|upkeep\n|turn|13\n|inactive|pkchar has 120 seconds left.\n|inactive|Xitzel has 120 seconds left.\n|\n|t:|1700350159\n|move|p1a: Oranguru|Instruct|p1b: Goodra\n|-singleturn|p1b: Goodra|move: Instruct|[of] p1a: Oranguru\n|move|p1b: Goodra|Life Dew|p1b: Goodra|[spread] p1a,p1b\n|-heal|p1a: Oranguru|65\/100\n|-heal|p1b: Goodra|92\/100\n|move|p1b: Goodra|Life Dew|p1b: Goodra|[spread] p1a,p1b\n|-heal|p1a: Oranguru|90\/100\n|-heal|p1b: Goodra|100\/100\n|move|p2b: Galio|Avalanche|p1b: Goodra\n|-supereffective|p1b: Goodra\n|-damage|p1b: Goodra|66\/100\n|-ability|p1b: Goodra|Gooey\n|-unboost|p2b: Galio|spe|1\n|\n|upkeep\n|turn|14\n|inactive|pkchar has 120 seconds left.\n|inactive|Xitzel has 120 seconds left.\n|inactive|pkchar has 90 seconds left.\n|inactive|pkchar has 60 seconds left.\n|\n|t:|1700350232\n|move|p1a: Oranguru|Instruct|p1b: Goodra\n|-singleturn|p1b: Goodra|move: Instruct|[of] p1a: Oranguru\n|move|p1b: Goodra|Life Dew|p1b: Goodra|[spread] p1a,p1b\n|-heal|p1a: Oranguru|100\/100\n|-heal|p1b: Goodra|91\/100\n|move|p2b: Galio|Avalanche|p1b: Goodra\n|-supereffective|p1b: Goodra\n|-damage|p1b: Goodra|58\/100\n|-ability|p1b: Goodra|Gooey\n|-unboost|p2b: Galio|spe|1\n|move|p1b: Goodra|Dragon Tail|p2b: Galio\n|-damage|p2b: Galio|88\/100\n|\n|upkeep\n|turn|15\n|inactive|Xitzel has 120 seconds left.\n|inactive|pkchar has 60 seconds left.\n|c|\u2606Xitzel|Go fuckypurslef\n|-message|Xitzel forfeited.\n|\n|win|pkchar\n|raw|pkchar's rating: 1216 &rarr; <strong>1234<\/strong><br \/>(+18 for winning)\n|raw|Xitzel's rating: 1114 &rarr; <strong>1096<\/strong><br \/>(-18 for losing)\n","uploadtime":1700350268,"views":19,"p1id":"pkchar","p2id":"xitzel","formatid":"gen9doublesou","rating":1096,"private":0,"password":""}