{"id":"gen9doublesou-1986243046","p1":"JBUG0617","p2":"ijorge24","format":"[Gen 9] Doubles OU","log":"|j|\u2606JBUG0617\n|j|\u2606ijorge24\n|t:|1699462794\n|gametype|doubles\n|player|p1|JBUG0617|grimsley|1306\n|player|p2|ijorge24|101|1273\n|teamsize|p1|6\n|teamsize|p2|6\n|gen|9\n|tier|[Gen 9] Doubles OU\n|rated|\n|rule|Species Clause: Limit one of each Pok\u00e9mon\n|rule|OHKO Clause: OHKO moves are banned\n|rule|Evasion Moves Clause: Evasion moves are banned\n|rule|Gravity Sleep Clause: The combination of sleep-inducing moves with imperfect accuracy and Gravity or Gigantamax Orbeetle are banned\n|rule|Endless Battle Clause: Forcing endless battles is banned\n|rule|HP Percentage Mod: HP is shown in percentages\n|clearpoke\n|poke|p1|Ninetales-Alola, M|\n|poke|p1|Tornadus, M|\n|poke|p1|Ogerpon-Hearthflame, F|\n|poke|p1|Iron Hands|\n|poke|p1|Sliggoo-Hisui, M|\n|poke|p1|Basculegion-F, F|\n|poke|p2|Tauros-Paldea-Aqua, M|\n|poke|p2|Froslass, F|\n|poke|p2|Ninetales-Alola, M|\n|poke|p2|Flamigo, F|\n|poke|p2|Chien-Pao|\n|poke|p2|Arcanine-Hisui, M|\n|teampreview\n|inactive|Battle timer is ON: inactive players will automatically lose when time's up. (requested by JBUG0617)\n|\n|t:|1699462818\n|start\n|switch|p1a: Tornadus|Tornadus, M|100\/100\n|switch|p1b: Iron Hands|Iron Hands|100\/100\n|switch|p2a: little sunshine|Froslass, F|100\/100\n|switch|p2b: Perfect|Ninetales-Alola, M|100\/100\n|-weather|Snow|[from] ability: Snow Warning|[of] p2b: Perfect\n|turn|1\n|\n|t:|1699462839\n|move|p2b: Perfect|Protect|p2b: Perfect\n|-singleturn|p2b: Perfect|Protect\n|move|p1a: Tornadus|Taunt|p2b: Perfect\n|-activate|p2b: Perfect|move: Protect\n|move|p2a: little sunshine|Icy Wind|p1a: Tornadus|[spread] p1a,p1b\n|-supereffective|p1a: Tornadus\n|-damage|p1a: Tornadus|80\/100\n|-damage|p1b: Iron Hands|94\/100\n|-unboost|p1a: Tornadus|spe|1\n|-unboost|p1b: Iron Hands|spe|1\n|move|p1b: Iron Hands|Volt Switch|p2a: little sunshine\n|-damage|p2a: little sunshine|84\/100\n|inactive|JBUG0617 has 120 seconds left.\n|\n|t:|1699462858\n|-end|p1b: Iron Hands|Quark Drive|[silent]\n|switch|p1b: Sliggoo|Sliggoo-Hisui, M|100\/100|[from] Volt Switch\n|\n|-weather|Snow|[upkeep]\n|-heal|p1a: Tornadus|86\/100|[from] item: Leftovers\n|upkeep\n|turn|2\n|inactive|ijorge24 has 120 seconds left.\n|\n|t:|1699462892\n|move|p2a: little sunshine|Helping Hand|p2b: Perfect\n|-singleturn|p2b: Perfect|Helping Hand|[of] p2a: little sunshine\n|move|p1a: Tornadus|Taunt|p2b: Perfect\n|-start|p2b: Perfect|move: Taunt\n|move|p2b: Perfect|Blizzard|p1b: Sliggoo|[spread] p1a,p1b\n|-supereffective|p1a: Tornadus\n|-damage|p1a: Tornadus|0 fnt\n|-damage|p1b: Sliggoo|76\/100\n|faint|p1a: Tornadus\n|move|p1b: Sliggoo|Gyro Ball|p2a: little sunshine\n|-supereffective|p2a: little sunshine\n|-damage|p2a: little sunshine|26\/100\n|\n|-weather|Snow|[upkeep]\n|upkeep\n|c|\u2606ijorge24|wow, i had luck\n|inactive|JBUG0617 has 120 seconds left.\n|c|\u2606JBUG0617|no aurora veil?\n|\n|t:|1699462924\n|switch|p1a: Basculegion|Basculegion-F, F|100\/100\n|turn|3\n|inactive|JBUG0617 has 120 seconds left.\n|c|\u2606ijorge24|prefer oneshot on tornathus, but was a nice predict\n|c|\u2606JBUG0617|oh\n|inactive|ijorge24 has 120 seconds left.\n|c|\u2606JBUG0617|well if you have veil you can use it once the taunt is over\n|c|\u2606JBUG0617|sadge\n|\n|t:|1699462967\n|switch|p2b: muu|Tauros-Paldea-Aqua, M|100\/100\n|move|p2a: little sunshine|Will-O-Wisp|p1a: Basculegion\n|-status|p1a: Basculegion|brn\n|move|p1a: Basculegion|Blizzard|p2a: little sunshine|[spread] p2a,p2b\n|-resisted|p2a: little sunshine\n|-crit|p2a: little sunshine\n|-resisted|p2b: muu\n|-damage|p2a: little sunshine|0 fnt\n|-damage|p2b: muu|73\/100\n|faint|p2a: little sunshine\n|move|p1b: Sliggoo|Gyro Ball|p2b: muu\n|-resisted|p2b: muu\n|-damage|p2b: muu|55\/100\n|\n|-weather|Snow|[upkeep]\n|-damage|p1a: Basculegion|94\/100 brn|[from] brn\n|upkeep\n|\n|t:|1699462985\n|switch|p2a: camar\u00f3n|Flamigo, F|100\/100\n|-copyboost|p2a: camar\u00f3n|p2b: muu|[from] ability: Costar\n|turn|4\n|inactive|ijorge24 has 120 seconds left.\n|\n|t:|1699463001\n|switch|p1b: Iron Hands|Iron Hands|94\/100\n|move|p2b: muu|Earthquake|p1b: Iron Hands|[spread] p1a,p1b\n|-immune|p2a: camar\u00f3n\n|-supereffective|p1b: Iron Hands\n|-damage|p1a: Basculegion|64\/100 brn\n|-damage|p1b: Iron Hands|63\/100\n|move|p2a: camar\u00f3n|Brave Bird|p1a: Basculegion\n|-damage|p1a: Basculegion|0 fnt\n|faint|p1a: Basculegion\n|-damage|p2a: camar\u00f3n|74\/100|[from] Recoil\n|\n|-weather|Snow|[upkeep]\n|upkeep\n|\n|t:|1699463013\n|switch|p1a: Ogerpon|Ogerpon-Hearthflame, F|100\/100\n|-ability|p1a: Ogerpon|Mold Breaker\n|turn|5\n|\n|t:|1699463023\n|-terastallize|p1a: Ogerpon|Fire\n|detailschange|p1a: Ogerpon|Ogerpon-Hearthflame-Tera, F, tera:Fire\n|-ability|p1a: Ogerpon|Embody Aspect (Hearthflame)|boost\n|-boost|p1a: Ogerpon|atk|1\n|move|p2b: muu|Protect|p2b: muu\n|-singleturn|p2b: muu|Protect\n|move|p1b: Iron Hands|Fake Out|p2a: camar\u00f3n\n|-damage|p2a: camar\u00f3n|52\/100\n|move|p1a: Ogerpon|Horn Leech|p2b: muu\n|-activate|p2b: muu|move: Protect\n|cant|p2a: camar\u00f3n|flinch\n|\n|-weather|none\n|upkeep\n|turn|6\n|\n|t:|1699463044\n|-terastallize|p2b: muu|Grass\n|move|p1a: Ogerpon|Horn Leech|p2b: muu\n|-resisted|p2b: muu\n|-damage|p2b: muu|18\/100\n|-enditem|p2b: muu|Aguav Berry|[eat]\n|-heal|p2b: muu|51\/100|[from] item: Aguav Berry\n|move|p2b: muu|Earthquake|p1a: Ogerpon|[spread] p1a,p1b\n|-immune|p2a: camar\u00f3n\n|-supereffective|p1a: Ogerpon\n|-supereffective|p1b: Iron Hands\n|-damage|p1a: Ogerpon|34\/100\n|-damage|p1b: Iron Hands|30\/100\n|move|p2a: camar\u00f3n|Brave Bird|p1a: Ogerpon\n|-crit|p1a: Ogerpon\n|-damage|p1a: Ogerpon|0 fnt\n|faint|p1a: Ogerpon\n|-damage|p2a: camar\u00f3n|41\/100|[from] Recoil\n|move|p1b: Iron Hands|Thunder Punch|p2a: camar\u00f3n\n|-supereffective|p2a: camar\u00f3n\n|-damage|p2a: camar\u00f3n|0 fnt\n|faint|p2a: camar\u00f3n\n|\n|upkeep\n|c|\u2606JBUG0617|that is unfortunate\n|c|\u2606JBUG0617|there goes my power\n|c|\u2606ijorge24|i did well\n|inactive|ijorge24 has 120 seconds left.\n|c|\u2606ijorge24|grass type\n|\n|t:|1699463082\n|switch|p1a: Ninetales|Ninetales-Alola, M|100\/100\n|switch|p2a: Firulais|Arcanine-Hisui, M|100\/100\n|-weather|Snow|[from] ability: Snow Warning|[of] p1a: Ninetales\n|-ability|p2a: Firulais|Intimidate|boost\n|-unboost|p1a: Ninetales|atk|1\n|-unboost|p1b: Iron Hands|atk|1\n|turn|7\n|\n|t:|1699463096\n|move|p2b: muu|Aqua Jet|p1b: Iron Hands\n|-damage|p1b: Iron Hands|16\/100\n|move|p1a: Ninetales|Aurora Veil|p1a: Ninetales\n|-sidestart|p1: JBUG0617|move: Aurora Veil\n|move|p2a: Firulais|Rock Slide|p1a: Ninetales|[spread] p1a,p1b\n|-supereffective|p1a: Ninetales\n|-resisted|p1b: Iron Hands\n|-damage|p1a: Ninetales|63\/100\n|-damage|p1b: Iron Hands|10\/100\n|move|p1b: Iron Hands|Close Combat|p2a: Firulais\n|-supereffective|p2a: Firulais\n|-damage|p2a: Firulais|0 fnt\n|-unboost|p1b: Iron Hands|def|1\n|-unboost|p1b: Iron Hands|spd|1\n|faint|p2a: Firulais\n|\n|-weather|Snow|[upkeep]\n|upkeep\n|inactive|ijorge24 has 120 seconds left.\n|\n|t:|1699463126\n|switch|p2a: Perfect|Ninetales-Alola, M|100\/100\n|turn|8\n|\n|t:|1699463135\n|-end|p1b: Iron Hands|Quark Drive|[silent]\n|switch|p1b: Sliggoo|Sliggoo-Hisui, M|76\/100\n|move|p2b: muu|Protect|p2b: muu\n|-singleturn|p2b: muu|Protect\n|move|p2a: Perfect|Dazzling Gleam|p1a: Ninetales|[spread] p1a,p1b\n|-crit|p1b: Sliggoo\n|-damage|p1a: Ninetales|45\/100\n|-damage|p1b: Sliggoo|60\/100\n|move|p1a: Ninetales|Blizzard|p2a: Perfect|[spread] p2a\n|-activate|p2b: muu|move: Protect\n|-resisted|p2a: Perfect\n|-damage|p2a: Perfect|81\/100\n|\n|-weather|Snow|[upkeep]\n|upkeep\n|turn|9\n|\n|t:|1699463159\n|move|p2b: muu|Aqua Jet|p1a: Ninetales\n|-damage|p1a: Ninetales|33\/100\n|move|p1a: Ninetales|Blizzard|p2a: Perfect|[spread] p2a,p2b\n|-resisted|p2a: Perfect\n|-supereffective|p2b: muu\n|-damage|p2a: Perfect|64\/100\n|-damage|p2b: muu|0 fnt\n|faint|p2b: muu\n|move|p2a: Perfect|Aurora Veil|p2a: Perfect\n|-sidestart|p2: ijorge24|move: Aurora Veil\n|move|p1b: Sliggoo|Life Dew|p1b: Sliggoo|[spread] p1a,p1b\n|-heal|p1a: Ninetales|58\/100\n|-heal|p1b: Sliggoo|85\/100\n|\n|-weather|Snow|[upkeep]\n|upkeep\n|\n|t:|1699463172\n|switch|p2b: agallas|Chien-Pao|100\/100\n|-ability|p2b: agallas|Sword of Ruin\n|turn|10\n|\n|t:|1699463188\n|move|p2b: agallas|Sacred Sword|p1b: Sliggoo\n|-supereffective|p1b: Sliggoo\n|-damage|p1b: Sliggoo|45\/100\n|-ability|p1b: Sliggoo|Gooey\n|-unboost|p2b: agallas|spe|1\n|move|p1a: Ninetales|Moonblast|p2b: agallas\n|-supereffective|p2b: agallas\n|-damage|p2b: agallas|26\/100\n|move|p2a: Perfect|Blizzard|p1b: Sliggoo|[spread] p1a,p1b\n|-resisted|p1a: Ninetales\n|-damage|p1a: Ninetales|47\/100\n|-damage|p1b: Sliggoo|34\/100\n|move|p1b: Sliggoo|Gyro Ball|p2b: agallas\n|-supereffective|p2b: agallas\n|-damage|p2b: agallas|0 fnt\n|faint|p2b: agallas\n|\n|-weather|Snow|[upkeep]\n|upkeep\n|turn|11\n|c|\u2606ijorge24|gg\n|c|\u2606JBUG0617|sliggoo huge\n|c|\u2606ijorge24|soo op xD\n|\n|t:|1699463213\n|move|p1a: Ninetales|Protect|p1a: Ninetales\n|-singleturn|p1a: Ninetales|Protect\n|move|p2a: Perfect|Blizzard|p1b: Sliggoo|[spread] p1b\n|-activate|p1a: Ninetales|move: Protect\n|-damage|p1b: Sliggoo|24\/100\n|move|p1b: Sliggoo|Life Dew|p1b: Sliggoo|[spread] p1a,p1b\n|-heal|p1a: Ninetales|72\/100\n|-heal|p1b: Sliggoo|49\/100\n|\n|-weather|none\n|upkeep\n|turn|12\n|\n|t:|1699463229\n|move|p1a: Ninetales|Moonblast|p2a: Perfect\n|-damage|p2a: Perfect|36\/100\n|move|p2a: Perfect|Blizzard|p1b: Sliggoo|[spread] p1a\n|-miss|p2a: Perfect|p1b: Sliggoo\n|-resisted|p1a: Ninetales\n|-damage|p1a: Ninetales|59\/100\n|move|p1b: Sliggoo|Gyro Ball|p2a: Perfect\n|-supereffective|p2a: Perfect\n|-damage|p2a: Perfect|0 fnt\n|faint|p2a: Perfect\n|\n|win|JBUG0617\n|raw|JBUG0617's rating: 1306 &rarr; <strong>1324<\/strong><br \/>(+18 for winning)\n|raw|ijorge24's rating: 1273 &rarr; <strong>1250<\/strong><br \/>(-23 for losing)\n|c|\u2606JBUG0617|gg\n|l|\u2606ijorge24\n","uploadtime":1699463491,"views":21,"p1id":"jbug0617","p2id":"ijorge24","formatid":"gen9doublesou","rating":1250,"private":0,"password":""}