{"id":"gen9doublesou-2000128771","p1":"DMartz64","p2":"YungHomii","format":"[Gen 9] Doubles OU","log":"|j|\u203dDMartz64\n|j|\u2606YungHomii\n|t:|1701159976\n|gametype|doubles\n|player|p1|DMartz64|brock|1301\n|player|p2|YungHomii|1|1205\n|teamsize|p1|6\n|teamsize|p2|6\n|gen|9\n|tier|[Gen 9] Doubles OU\n|rated|\n|rule|Species Clause: Limit one of each Pok\u00e9mon\n|rule|OHKO Clause: OHKO moves are banned\n|rule|Evasion Moves Clause: Evasion moves are banned\n|rule|Gravity Sleep Clause: The combination of sleep-inducing moves with imperfect accuracy and Gravity or Gigantamax Orbeetle are banned\n|rule|Endless Battle Clause: Forcing endless battles is banned\n|rule|HP Percentage Mod: HP is shown in percentages\n|clearpoke\n|poke|p1|Garganacl, M|\n|poke|p1|Kleavor, M|\n|poke|p1|Tyranitar, M|\n|poke|p1|Arcanine-Hisui, F|\n|poke|p1|Coalossal, M|\n|poke|p1|Glimmora, F|\n|poke|p2|Slowking-Galar, M|\n|poke|p2|Sneasler, M|\n|poke|p2|Rillaboom, F|\n|poke|p2|Fezandipiti, M|\n|poke|p2|Crawdaunt, M|\n|poke|p2|Iron Jugulis|\n|teampreview\n|c|\u2606YungHomii|mono rock\n|c|\u2606YungHomii|i like\n|\n|t:|1701160004\n|start\n|switch|p1a: Arcanine|Arcanine-Hisui, F|100\/100\n|switch|p1b: Garganacl|Garganacl, M|100\/100\n|switch|p2a: Crawdaunt|Crawdaunt, M|100\/100\n|switch|p2b: Rillaboom|Rillaboom, F|100\/100\n|-ability|p1a: Arcanine|Intimidate|boost\n|-unboost|p2a: Crawdaunt|atk|1\n|-unboost|p2b: Rillaboom|atk|1\n|-fieldstart|move: Grassy Terrain|[from] ability: Grassy Surge|[of] p2b: Rillaboom\n|turn|1\n|\n|t:|1701160022\n|-terastallize|p2b: Rillaboom|Grass\n|move|p2b: Rillaboom|Grassy Glide|p1b: Garganacl\n|-supereffective|p1b: Garganacl\n|-damage|p1b: Garganacl|27\/100\n|move|p2a: Crawdaunt|Aqua Jet|p1a: Arcanine\n|-supereffective|p1a: Arcanine\n|-damage|p1a: Arcanine|0 fnt\n|faint|p1a: Arcanine\n|move|p1b: Garganacl|Iron Defense|p1b: Garganacl\n|-boost|p1b: Garganacl|def|2\n|\n|-heal|p1b: Garganacl|33\/100|[from] Grassy Terrain\n|upkeep\n|\n|t:|1701160039\n|switch|p1a: Coalossal|Coalossal, M|100\/100\n|turn|2\n|\n|t:|1701160046\n|-terastallize|p1a: Coalossal|Grass\n|move|p2b: Rillaboom|Grassy Glide|p1b: Garganacl\n|-supereffective|p1b: Garganacl\n|-damage|p1b: Garganacl|0 fnt\n|faint|p1b: Garganacl\n|move|p2a: Crawdaunt|Aqua Jet|p1a: Coalossal\n|-resisted|p1a: Coalossal\n|-damage|p1a: Coalossal|90\/100\n|-ability|p1a: Coalossal|Steam Engine|boost\n|-boost|p1a: Coalossal|spe|6\n|-enditem|p1a: Coalossal|Absorb Bulb\n|-boost|p1a: Coalossal|spa|1|[from] item: Absorb Bulb\n|move|p1a: Coalossal|Heat Wave|p2b: Rillaboom|[spread] p2a,p2b\n|-resisted|p2a: Crawdaunt\n|-supereffective|p2b: Rillaboom\n|-damage|p2a: Crawdaunt|71\/100\n|-damage|p2b: Rillaboom|25\/100\n|\n|-heal|p1a: Coalossal|96\/100|[from] Grassy Terrain\n|-heal|p2b: Rillaboom|31\/100|[from] Grassy Terrain\n|-heal|p2a: Crawdaunt|77\/100|[from] Grassy Terrain\n|upkeep\n|\n|t:|1701160067\n|switch|p1b: Kleavor|Kleavor, M|100\/100\n|turn|3\n|\n|t:|1701160078\n|move|p2b: Rillaboom|Grassy Glide|p1a: Coalossal\n|-resisted|p1a: Coalossal\n|-damage|p1a: Coalossal|80\/100\n|move|p2a: Crawdaunt|Aqua Jet|p1b: Kleavor\n|-supereffective|p1b: Kleavor\n|-damage|p1b: Kleavor|28\/100\n|move|p1a: Coalossal|Heat Wave|p2b: Rillaboom|[spread] p2a\n|-miss|p1a: Coalossal|p2b: Rillaboom\n|-resisted|p2a: Crawdaunt\n|-damage|p2a: Crawdaunt|47\/100\n|move|p1b: Kleavor|Stone Axe|p2a: Crawdaunt\n|-damage|p2a: Crawdaunt|0 fnt\n|-sidestart|p2: YungHomii|move: Stealth Rock\n|faint|p2a: Crawdaunt\n|\n|-heal|p1a: Coalossal|86\/100|[from] Grassy Terrain\n|-heal|p1b: Kleavor|34\/100|[from] Grassy Terrain\n|-heal|p2b: Rillaboom|37\/100|[from] Grassy Terrain\n|upkeep\n|\n|t:|1701160087\n|switch|p2a: Sneasler|Sneasler, M|100\/100\n|-damage|p2a: Sneasler|95\/100|[from] Stealth Rock\n|-enditem|p2a: Sneasler|Grassy Seed\n|-boost|p2a: Sneasler|def|1|[from] item: Grassy Seed\n|turn|4\n|\n|t:|1701160105\n|move|p2b: Rillaboom|Grassy Glide|p1a: Coalossal\n|-resisted|p1a: Coalossal\n|-damage|p1a: Coalossal|67\/100\n|move|p1a: Coalossal|Earth Power|p2a: Sneasler\n|-supereffective|p2a: Sneasler\n|-damage|p2a: Sneasler|29\/100\n|move|p2a: Sneasler|Close Combat|p1b: Kleavor\n|-damage|p1b: Kleavor|0 fnt\n|-unboost|p2a: Sneasler|def|1\n|-unboost|p2a: Sneasler|spd|1\n|faint|p1b: Kleavor\n|\n|-heal|p1a: Coalossal|73\/100|[from] Grassy Terrain\n|-heal|p2a: Sneasler|35\/100|[from] Grassy Terrain\n|-heal|p2b: Rillaboom|43\/100|[from] Grassy Terrain\n|upkeep\n|\n|t:|1701160121\n|switch|p1b: Tyranitar|Tyranitar, M|100\/100\n|-weather|Sandstorm|[from] ability: Sand Stream|[of] p1b: Tyranitar\n|turn|5\n|\n|t:|1701160130\n|switch|p1b: Glimmora|Glimmora, F|100\/100\n|move|p2b: Rillaboom|Grassy Glide|p1b: Glimmora\n|-damage|p1b: Glimmora|39\/100\n|-activate|p1b: Glimmora|ability: Toxic Debris\n|-sidestart|p2: YungHomii|move: Toxic Spikes\n|move|p1a: Coalossal|Heat Wave|p2b: Rillaboom|[spread] p2a,p2b\n|-supereffective|p2b: Rillaboom\n|-damage|p2a: Sneasler|0 fnt\n|-damage|p2b: Rillaboom|0 fnt\n|faint|p2a: Sneasler\n|faint|p2b: Rillaboom\n|\n|-weather|Sandstorm|[upkeep]\n|-damage|p1a: Coalossal|67\/100|[from] Sandstorm\n|-heal|p1a: Coalossal|73\/100|[from] Grassy Terrain\n|-heal|p1b: Glimmora|45\/100|[from] Grassy Terrain\n|-fieldend|move: Grassy Terrain\n|upkeep\n|\n|t:|1701160148\n|switch|p2a: Iron Jugulis|Iron Jugulis|100\/100\n|switch|p2b: Fezandipiti|Fezandipiti, M|100\/100\n|-damage|p2a: Iron Jugulis|76\/100|[from] Stealth Rock\n|-damage|p2b: Fezandipiti|88\/100|[from] Stealth Rock\n|-sideend|p2: YungHomii|move: Toxic Spikes|[of] p2b: Fezandipiti\n|-enditem|p2a: Iron Jugulis|Booster Energy\n|-activate|p2a: Iron Jugulis|ability: Quark Drive|[fromitem]\n|-start|p2a: Iron Jugulis|quarkdrivespe\n|turn|6\n|\n|t:|1701160167\n|move|p1a: Coalossal|Power Gem|p2a: Iron Jugulis\n|-supereffective|p2a: Iron Jugulis\n|-damage|p2a: Iron Jugulis|0 fnt\n|faint|p2a: Iron Jugulis\n|-end|p2a: Iron Jugulis|Quark Drive|[silent]\n|move|p1b: Glimmora|Energy Ball|p2b: Fezandipiti\n|-resisted|p2b: Fezandipiti\n|-damage|p2b: Fezandipiti|77\/100\n|move|p2b: Fezandipiti|Calm Mind|p2b: Fezandipiti\n|-boost|p2b: Fezandipiti|spa|1\n|-boost|p2b: Fezandipiti|spd|1\n|\n|-weather|Sandstorm|[upkeep]\n|-damage|p1a: Coalossal|67\/100|[from] Sandstorm\n|-damage|p2b: Fezandipiti|71\/100|[from] Sandstorm\n|-heal|p2b: Fezandipiti|77\/100|[from] item: Leftovers\n|upkeep\n|\n|t:|1701160184\n|switch|p2a: Slowking|Slowking-Galar, M|100\/100\n|-damage|p2a: Slowking|88\/100|[from] Stealth Rock\n|turn|7\n|\n|t:|1701160195\n|move|p1a: Coalossal|Earth Power|p2b: Fezandipiti\n|-supereffective|p2b: Fezandipiti\n|-damage|p2b: Fezandipiti|50\/100\n|move|p1b: Glimmora|Energy Ball|p2b: Fezandipiti\n|-resisted|p2b: Fezandipiti\n|-damage|p2b: Fezandipiti|42\/100\n|move|p2b: Fezandipiti|Calm Mind|p2b: Fezandipiti\n|-boost|p2b: Fezandipiti|spa|1\n|-boost|p2b: Fezandipiti|spd|1\n|move|p2a: Slowking|Sludge Bomb|p1a: Coalossal\n|-supereffective|p1a: Coalossal\n|-damage|p1a: Coalossal|1\/100\n|\n|-weather|Sandstorm|[upkeep]\n|-damage|p1a: Coalossal|0 fnt|[from] Sandstorm\n|-damage|p2b: Fezandipiti|36\/100|[from] Sandstorm\n|-damage|p2a: Slowking|82\/100|[from] Sandstorm\n|faint|p1a: Coalossal\n|-heal|p2b: Fezandipiti|42\/100|[from] item: Leftovers\n|upkeep\n|\n|t:|1701160214\n|switch|p1a: Tyranitar|Tyranitar, M|100\/100\n|turn|8\n|\n|t:|1701160224\n|move|p1b: Glimmora|Energy Ball|p2b: Fezandipiti\n|-resisted|p2b: Fezandipiti\n|-damage|p2b: Fezandipiti|36\/100\n|move|p2b: Fezandipiti|Roost|p2b: Fezandipiti\n|-heal|p2b: Fezandipiti|86\/100\n|-singleturn|p2b: Fezandipiti|move: Roost\n|move|p1a: Tyranitar|Rock Slide|p2b: Fezandipiti|[spread] p2a,p2b\n|-damage|p2a: Slowking|46\/100\n|-damage|p2b: Fezandipiti|61\/100\n|cant|p2a: Slowking|flinch\n|\n|-weather|Sandstorm|[upkeep]\n|-damage|p2b: Fezandipiti|55\/100|[from] Sandstorm\n|-damage|p2a: Slowking|40\/100|[from] Sandstorm\n|-heal|p2b: Fezandipiti|61\/100|[from] item: Leftovers\n|upkeep\n|turn|9\n|\n|t:|1701160246\n|move|p1b: Glimmora|Energy Ball|p2b: Fezandipiti\n|-resisted|p2b: Fezandipiti\n|-damage|p2b: Fezandipiti|55\/100\n|move|p2b: Fezandipiti|Roost|p2b: Fezandipiti\n|-heal|p2b: Fezandipiti|100\/100\n|-singleturn|p2b: Fezandipiti|move: Roost\n|move|p1a: Tyranitar|Rock Slide|p2a: Slowking|[spread] p2a,p2b\n|-damage|p2a: Slowking|4\/100\n|-damage|p2b: Fezandipiti|77\/100\n|cant|p2a: Slowking|flinch\n|\n|-weather|none\n|-heal|p2b: Fezandipiti|83\/100|[from] item: Leftovers\n|upkeep\n|turn|10\n|\n|t:|1701160270\n|move|p1b: Glimmora|Energy Ball|p2b: Fezandipiti\n|-resisted|p2b: Fezandipiti\n|-damage|p2b: Fezandipiti|77\/100\n|move|p2b: Fezandipiti|Moonblast|p1a: Tyranitar\n|-supereffective|p1a: Tyranitar\n|-damage|p1a: Tyranitar|42\/100\n|-status|p1a: Tyranitar|tox|[from] ability: Toxic Chain|[of] p2b: Fezandipiti\n|move|p1a: Tyranitar|Rock Slide|p2b: Fezandipiti|[spread] p2a,p2b\n|-damage|p2a: Slowking|0 fnt\n|-damage|p2b: Fezandipiti|53\/100\n|faint|p2a: Slowking\n|\n|-heal|p2b: Fezandipiti|59\/100|[from] item: Leftovers\n|-damage|p1a: Tyranitar|36\/100 tox|[from] psn\n|upkeep\n|turn|11\n|\n|t:|1701160288\n|move|p1b: Glimmora|Energy Ball|p2b: Fezandipiti\n|-resisted|p2b: Fezandipiti\n|-damage|p2b: Fezandipiti|53\/100\n|move|p2b: Fezandipiti|Moonblast|p1a: Tyranitar\n|-supereffective|p1a: Tyranitar\n|-damage|p1a: Tyranitar|0 fnt\n|faint|p1a: Tyranitar\n|\n|-heal|p2b: Fezandipiti|59\/100|[from] item: Leftovers\n|upkeep\n|turn|12\n|\n|t:|1701160302\n|move|p1b: Glimmora|Energy Ball|p2b: Fezandipiti\n|-resisted|p2b: Fezandipiti\n|-damage|p2b: Fezandipiti|54\/100\n|move|p2b: Fezandipiti|Moonblast|p1b: Glimmora\n|-resisted|p1b: Glimmora\n|-damage|p1b: Glimmora|13\/100\n|\n|-heal|p2b: Fezandipiti|60\/100|[from] item: Leftovers\n|upkeep\n|turn|13\n|\n|t:|1701160315\n|move|p1b: Glimmora|Energy Ball|p2b: Fezandipiti\n|-resisted|p2b: Fezandipiti\n|-damage|p2b: Fezandipiti|54\/100\n|move|p2b: Fezandipiti|Moonblast|p1b: Glimmora\n|-resisted|p1b: Glimmora\n|-damage|p1b: Glimmora|0 fnt\n|faint|p1b: Glimmora\n|\n|win|YungHomii\n|raw|DMartz64's rating: 1301 &rarr; <strong>1276<\/strong><br \/>(-25 for losing)\n|raw|YungHomii's rating: 1205 &rarr; <strong>1237<\/strong><br \/>(+32 for winning)\n|c|\u2606YungHomii|gg\n|l|\u2606YungHomii\n","uploadtime":1701160331,"views":8,"p1id":"dmartz64","p2id":"yunghomii","formatid":"gen9doublesou","rating":1237,"private":0,"password":""}