{"id":"gen9doublesou-1971818069","p1":"Eliwoof","p2":"esgdf","format":"[Gen 9] Doubles OU","log":"|j|\u2606Eliwoof\n|j|\u2606esgdf\n|t:|1697776236\n|gametype|doubles\n|player|p1|Eliwoof|hilbert|1116\n|player|p2|esgdf|266|1059\n|teamsize|p1|6\n|teamsize|p2|6\n|gen|9\n|tier|[Gen 9] Doubles OU\n|rated|\n|rule|Species Clause: Limit one of each Pok\u00e9mon\n|rule|OHKO Clause: OHKO moves are banned\n|rule|Evasion Moves Clause: Evasion moves are banned\n|rule|Gravity Sleep Clause: The combination of sleep-inducing moves with imperfect accuracy and Gravity or Gigantamax Orbeetle are banned\n|rule|Endless Battle Clause: Forcing endless battles is banned\n|rule|HP Percentage Mod: HP is shown in percentages\n|clearpoke\n|poke|p1|Amoonguss, M|\n|poke|p1|Kommo-o, F|\n|poke|p1|Oricorio-Sensu, M|\n|poke|p1|Flamigo, F|\n|poke|p1|Indeedee-F, F|\n|poke|p1|Kingambit, F|\n|poke|p2|Corviknight, M|\n|poke|p2|Ribombee, M|\n|poke|p2|Sandy Shocks|\n|poke|p2|Clefable, F|\n|poke|p2|Basculegion-F, F|\n|poke|p2|Ninetales-Alola, F|\n|teampreview\n|\n|t:|1697776253\n|start\n|switch|p1a: Amoonguss|Amoonguss, M|100\/100\n|switch|p1b: Kommo-o|Kommo-o, F|100\/100\n|switch|p2a: Corviknight|Corviknight, M, shiny|100\/100\n|switch|p2b: Clefable|Clefable, F, shiny|100\/100\n|turn|1\n|\n|t:|1697776270\n|move|p1b: Kommo-o|Protect|p1b: Kommo-o\n|-singleturn|p1b: Kommo-o|Protect\n|move|p2b: Clefable|Follow Me|p2b: Clefable\n|-singleturn|p2b: Clefable|move: Follow Me\n|move|p2a: Corviknight|Tailwind|p2a: Corviknight\n|-sidestart|p2: esgdf|move: Tailwind\n|move|p1a: Amoonguss|Spore|p2b: Clefable\n|-status|p2b: Clefable|slp|[from] move: Spore\n|\n|upkeep\n|turn|2\n|\n|t:|1697776286\n|switch|p2a: Ribombee|Ribombee, M, shiny|100\/100\n|switch|p1a: Oricorio|Oricorio-Sensu, M|100\/100\n|cant|p2b: Clefable|slp\n|move|p1b: Kommo-o|Clangorous Soul|p1b: Kommo-o\n|-boost|p1b: Kommo-o|atk|1\n|-boost|p1b: Kommo-o|def|1\n|-boost|p1b: Kommo-o|spa|1\n|-boost|p1b: Kommo-o|spd|1\n|-boost|p1b: Kommo-o|spe|1\n|-damage|p1b: Kommo-o|68\/100\n|-enditem|p1b: Kommo-o|Throat Spray\n|-boost|p1b: Kommo-o|spa|1|[from] item: Throat Spray\n|-activate|p1a: Oricorio|ability: Dancer\n|move|p1a: Oricorio|Clangorous Soul|p1a: Oricorio|[from]ability: Dancer\n|-boost|p1a: Oricorio|atk|1\n|-boost|p1a: Oricorio|def|1\n|-boost|p1a: Oricorio|spa|1\n|-boost|p1a: Oricorio|spd|1\n|-boost|p1a: Oricorio|spe|1\n|-damage|p1a: Oricorio|68\/100\n|\n|upkeep\n|turn|3\n|\n|t:|1697776312\n|-terastallize|p1b: Kommo-o|Normal\n|cant|p2b: Clefable|slp\n|move|p2a: Ribombee|Quiver Dance|p2a: Ribombee\n|-boost|p2a: Ribombee|spa|1\n|-boost|p2a: Ribombee|spd|1\n|-boost|p2a: Ribombee|spe|1\n|-activate|p1a: Oricorio|ability: Dancer\n|move|p1a: Oricorio|Quiver Dance|p1a: Oricorio|[from]ability: Dancer\n|-boost|p1a: Oricorio|spa|1\n|-boost|p1a: Oricorio|spd|1\n|-boost|p1a: Oricorio|spe|1\n|move|p1a: Oricorio|Revelation Dance||[still]\n|-fail|p1a: Oricorio\n|move|p1b: Kommo-o|Boomburst|p2a: Ribombee|[spread] p2a,p2b\n|-immune|p1a: Oricorio\n|-enditem|p2a: Ribombee|Focus Sash\n|-damage|p2a: Ribombee|1\/100\n|-damage|p2b: Clefable|28\/100 slp\n|\n|-heal|p2b: Clefable|34\/100 slp|[from] item: Leftovers\n|upkeep\n|turn|4\n|\n|t:|1697776351\n|-curestatus|p2b: Clefable|slp|[msg]\n|move|p2b: Clefable|Follow Me|p2b: Clefable\n|-singleturn|p2b: Clefable|move: Follow Me\n|move|p2a: Ribombee|Baton Pass|p2a: Ribombee\n|\n|t:|1697776358\n|switch|p2a: Sandy Shocks|Sandy Shocks, shiny|100\/100|[from] Baton Pass\n|move|p1a: Oricorio|Revelation Dance|p2b: Clefable\n|-damage|p2b: Clefable|0 fnt\n|faint|p2b: Clefable\n|move|p1b: Kommo-o|Boomburst|p2a: Sandy Shocks|[spread] p2a\n|-immune|p1a: Oricorio\n|-damage|p2a: Sandy Shocks|38\/100\n|\n|-heal|p2a: Sandy Shocks|44\/100|[from] item: Leftovers\n|-sideend|p2: esgdf|move: Tailwind\n|upkeep\n|\n|t:|1697776370\n|switch|p2b: Ribombee|Ribombee, M, shiny|1\/100\n|turn|5\n|\n|t:|1697776385\n|move|p1a: Oricorio|Revelation Dance|p2a: Sandy Shocks\n|-damage|p2a: Sandy Shocks|0 fnt\n|faint|p2a: Sandy Shocks\n|-end|p2a: Sandy Shocks|Protosynthesis|[silent]\n|move|p1b: Kommo-o|Boomburst|p2b: Ribombee|[spread] p2b\n|-immune|p1a: Oricorio\n|-damage|p2b: Ribombee|0 fnt\n|faint|p2b: Ribombee\n|\n|upkeep\n|\n|t:|1697776389\n|switch|p2b: Basculegion|Basculegion-F, F, shiny|100\/100\n|switch|p2a: Corviknight|Corviknight, M, shiny|100\/100\n|-ability|p2b: Basculegion|Mold Breaker\n|turn|6\n|\n|t:|1697776406\n|move|p1a: Oricorio|Revelation Dance|p2b: Basculegion\n|-supereffective|p2b: Basculegion\n|-damage|p2b: Basculegion|0 fnt\n|faint|p2b: Basculegion\n|move|p1b: Kommo-o|Drain Punch|p2a: Corviknight\n|-damage|p2a: Corviknight|62\/100\n|-heal|p1b: Kommo-o|91\/100|[from] drain|[of] p2a: Corviknight\n|move|p2a: Corviknight|Tailwind|p2a: Corviknight\n|-sidestart|p2: esgdf|move: Tailwind\n|\n|-heal|p2a: Corviknight|68\/100|[from] item: Leftovers\n|upkeep\n|\n|t:|1697776415\n|switch|p2b: Ninetales|Ninetales-Alola, F, shiny|100\/100\n|-weather|Snow|[from] ability: Snow Warning|[of] p2b: Ninetales\n|turn|7\n|\n|t:|1697776432\n|move|p1a: Oricorio|Revelation Dance|p2a: Corviknight\n|-damage|p2a: Corviknight|0 fnt\n|faint|p2a: Corviknight\n|move|p2b: Ninetales|Nasty Plot|p2b: Ninetales\n|-boost|p2b: Ninetales|spa|2\n|move|p1b: Kommo-o|Boomburst|p2b: Ninetales|[spread] p2b\n|-immune|p1a: Oricorio\n|-enditem|p2b: Ninetales|Focus Sash\n|-damage|p2b: Ninetales|1\/100\n|\n|-weather|Snow|[upkeep]\n|upkeep\n|turn|8\n|\n|t:|1697776446\n|move|p1a: Oricorio|Revelation Dance|p2b: Ninetales\n|-damage|p2b: Ninetales|0 fnt\n|faint|p2b: Ninetales\n|\n|win|Eliwoof\n|raw|Eliwoof's rating: 1116 &rarr; <strong>1137<\/strong><br \/>(+21 for winning)\n|raw|esgdf's rating: 1059 &rarr; <strong>1043<\/strong><br \/>(-16 for losing)\n|l|\u2606esgdf\n|c|\u2606Eliwoof|gg\n","uploadtime":1697776458,"views":12,"p1id":"eliwoof","p2id":"esgdf","formatid":"gen9doublesou","rating":1043,"private":0,"password":""}