{"id":"gen9doublesou-1973094678","p1":"Relyks22","p2":"adamlol_gaming","format":"[Gen 9] Doubles OU","log":"|j|\u2606Relyks22\n|j|\u2606adamlol_gaming\n|t:|1697926982\n|gametype|doubles\n|player|p1|Relyks22|pokemonrangerf|1094\n|player|p2|adamlol_gaming|lass-gen4dp|1010\n|teamsize|p1|6\n|teamsize|p2|6\n|gen|9\n|tier|[Gen 9] Doubles OU\n|rated|\n|rule|Species Clause: Limit one of each Pok\u00e9mon\n|rule|OHKO Clause: OHKO moves are banned\n|rule|Evasion Moves Clause: Evasion moves are banned\n|rule|Gravity Sleep Clause: The combination of sleep-inducing moves with imperfect accuracy and Gravity or Gigantamax Orbeetle are banned\n|rule|Endless Battle Clause: Forcing endless battles is banned\n|rule|HP Percentage Mod: HP is shown in percentages\n|clearpoke\n|poke|p1|Arboliva, F|\n|poke|p1|Iron Leaves|\n|poke|p1|Pincurchin, F|\n|poke|p1|Ninetales, M|\n|poke|p1|Scovillain, F|\n|poke|p1|Magnezone|\n|poke|p2|Medicham, F|\n|poke|p2|Tinkaton, F|\n|poke|p2|Basculegion-F, F|\n|poke|p2|Indeedee-F, F|\n|poke|p2|Meowscarada, F|\n|poke|p2|Amoonguss, F|\n|teampreview\n|\n|t:|1697926991\n|start\n|switch|p1a: Magnezone|Magnezone|100\/100\n|switch|p1b: Arboliva|Arboliva, F|100\/100\n|switch|p2a: Medicham|Medicham, F|100\/100\n|switch|p2b: Tinkaton|Tinkaton, F|100\/100\n|turn|1\n|\n|t:|1697927016\n|move|p2b: Tinkaton|Swords Dance|p2b: Tinkaton\n|-boost|p2b: Tinkaton|atk|2\n|move|p2a: Medicham|Skill Swap|p2b: Tinkaton\n|-activate|p2a: Medicham|move: Skill Swap|||[of] p2b: Tinkaton\n|move|p1a: Magnezone|Reflect|p1a: Magnezone\n|-sidestart|p1: Relyks22|Reflect\n|move|p1b: Arboliva|Leech Seed|p2a: Medicham\n|-start|p2a: Medicham|move: Leech Seed\n|\n|-damage|p2a: Medicham|88\/100|[from] Leech Seed|[of] p1b: Arboliva\n|upkeep\n|turn|2\n|\n|t:|1697927050\n|move|p2b: Tinkaton|Knock Off|p1a: Magnezone\n|-crit|p1a: Magnezone\n|-damage|p1a: Magnezone|0 fnt\n|-enditem|p1a: Magnezone|Leftovers|[from] move: Knock Off|[of] p2b: Tinkaton\n|faint|p1a: Magnezone\n|move|p1b: Arboliva|Leech Seed|p2b: Tinkaton\n|-start|p2b: Tinkaton|move: Leech Seed\n|move|p2a: Medicham|Trick Room|p2a: Medicham\n|-fieldstart|move: Trick Room|[of] p2a: Medicham\n|\n|-damage|p2a: Medicham|76\/100|[from] Leech Seed|[of] p1b: Arboliva\n|-damage|p2b: Tinkaton|88\/100|[from] Leech Seed|[of] p1b: Arboliva\n|upkeep\n|\n|t:|1697927062\n|switch|p1a: Ninetales|Ninetales, M|100\/100\n|-weather|SunnyDay|[from] ability: Drought|[of] p1a: Ninetales\n|turn|3\n|\n|t:|1697927092\n|move|p1b: Arboliva|Weather Ball|p2b: Tinkaton\n|-supereffective|p2b: Tinkaton\n|-damage|p2b: Tinkaton|10\/100\n|-enditem|p2b: Tinkaton|Wiki Berry|[eat]\n|-heal|p2b: Tinkaton|43\/100|[from] item: Wiki Berry\n|move|p2a: Medicham|Close Combat|p1b: Arboliva\n|-supereffective|p1b: Arboliva\n|-damage|p1b: Arboliva|71\/100\n|-unboost|p2a: Medicham|def|1\n|-unboost|p2a: Medicham|spd|1\n|move|p2b: Tinkaton|Gigaton Hammer|p1a: Ninetales\n|-resisted|p1a: Ninetales\n|-damage|p1a: Ninetales|0 fnt\n|faint|p1a: Ninetales\n|\n|-weather|SunnyDay|[upkeep]\n|-damage|p2a: Medicham|64\/100|[from] Leech Seed|[of] p1b: Arboliva\n|-heal|p1b: Arboliva|80\/100|[silent]\n|-damage|p2b: Tinkaton|31\/100|[from] Leech Seed|[of] p1b: Arboliva\n|-heal|p1b: Arboliva|92\/100|[silent]\n|upkeep\n|\n|t:|1697927111\n|switch|p1a: Pincurchin|Pincurchin, F|100\/100\n|-fieldstart|move: Electric Terrain|[from] ability: Electric Surge|[of] p1a: Pincurchin\n|turn|4\n|\n|t:|1697927139\n|switch|p1a: Iron Leaves|Iron Leaves|100\/100\n|-activate|p1a: Iron Leaves|ability: Quark Drive\n|-start|p1a: Iron Leaves|quarkdriveatk\n|switch|p2a: Indeedee|Indeedee-F, F|100\/100\n|switch|p2b: Meowscarada|Meowscarada, F|100\/100\n|move|p1b: Arboliva|Weather Ball|p2b: Meowscarada\n|-supereffective|p2b: Meowscarada\n|-damage|p2b: Meowscarada|0 fnt\n|faint|p2b: Meowscarada\n|\n|-weather|SunnyDay|[upkeep]\n|upkeep\n|\n|t:|1697927154\n|switch|p2b: Amoonguss|Amoonguss, F|100\/100\n|turn|5\n|\n|t:|1697927185\n|move|p2b: Amoonguss|Toxic|p1b: Arboliva\n|-status|p1b: Arboliva|tox\n|move|p1b: Arboliva|Weather Ball|p2b: Amoonguss\n|-supereffective|p2b: Amoonguss\n|-damage|p2b: Amoonguss|25\/100\n|move|p2a: Indeedee|Light Screen|p2a: Indeedee\n|-sidestart|p2: adamlol_gaming|move: Light Screen\n|move|p1a: Iron Leaves|Psyblade|p2a: Indeedee\n|-resisted|p2a: Indeedee\n|-damage|p2a: Indeedee|38\/100\n|\n|-weather|SunnyDay|[upkeep]\n|-heal|p2b: Amoonguss|32\/100|[from] item: Leftovers\n|-damage|p1b: Arboliva|86\/100 tox|[from] psn\n|-sideend|p1: Relyks22|Reflect\n|upkeep\n|turn|6\n|\n|t:|1697927217\n|move|p2b: Amoonguss|Pollen Puff|p2a: Indeedee\n|-heal|p2a: Indeedee|88\/100\n|move|p1b: Arboliva|Weather Ball|p2b: Amoonguss\n|-supereffective|p2b: Amoonguss\n|-damage|p2b: Amoonguss|0 fnt\n|faint|p2b: Amoonguss\n|move|p2a: Indeedee|Psychic|p1b: Arboliva\n|-damage|p1b: Arboliva|56\/100 tox\n|move|p1a: Iron Leaves|Psyblade|p2a: Indeedee\n|-resisted|p2a: Indeedee\n|-damage|p2a: Indeedee|31\/100\n|\n|-weather|SunnyDay|[upkeep]\n|-damage|p1b: Arboliva|44\/100 tox|[from] psn\n|-fieldend|move: Trick Room\n|upkeep\n|\n|t:|1697927239\n|switch|p2b: Medicham|Medicham, F|64\/100\n|turn|7\n|\n|t:|1697927254\n|move|p2b: Medicham|Fake Out|p1a: Iron Leaves\n|-damage|p1a: Iron Leaves|89\/100\n|cant|p1a: Iron Leaves|flinch\n|move|p2a: Indeedee|Psychic|p1b: Arboliva\n|-damage|p1b: Arboliva|14\/100 tox\n|-enditem|p1b: Arboliva|Aguav Berry|[eat]\n|-heal|p1b: Arboliva|47\/100 tox|[from] item: Aguav Berry\n|move|p1b: Arboliva|Synthesis|p1b: Arboliva\n|-heal|p1b: Arboliva|100\/100 tox\n|\n|-weather|none\n|-damage|p1b: Arboliva|82\/100 tox|[from] psn\n|-item|p1b: Arboliva|Aguav Berry|[from] ability: Harvest\n|upkeep\n|turn|8\n|\n|t:|1697927285\n|switch|p2a: Basculegion|Basculegion-F, F|100\/100\n|move|p1a: Iron Leaves|Psyblade|p2b: Medicham\n|-damage|p2b: Medicham|0 fnt\n|faint|p2b: Medicham\n|move|p1b: Arboliva|Pollen Puff|p2a: Basculegion\n|-resisted|p2a: Basculegion\n|-damage|p2a: Basculegion|90\/100\n|\n|-damage|p1b: Arboliva|58\/100 tox|[from] psn\n|-fieldend|move: Electric Terrain\n|-end|p1a: Iron Leaves|Quark Drive\n|upkeep\n|\n|t:|1697927297\n|switch|p2b: Tinkaton|Tinkaton, F|31\/100\n|turn|9\n|\n|t:|1697927317\n|switch|p1b: Pincurchin|Pincurchin, F|100\/100\n|-fieldstart|move: Electric Terrain|[from] ability: Electric Surge|[of] p1b: Pincurchin\n|-activate|p1a: Iron Leaves|ability: Quark Drive\n|-start|p1a: Iron Leaves|quarkdriveatk\n|move|p2b: Tinkaton|Protect|p2b: Tinkaton\n|-singleturn|p2b: Tinkaton|Protect\n|move|p2a: Basculegion|Shadow Ball|p1a: Iron Leaves\n|-supereffective|p1a: Iron Leaves\n|-damage|p1a: Iron Leaves|20\/100\n|-unboost|p1a: Iron Leaves|spd|1\n|-damage|p2a: Basculegion|80\/100|[from] item: Life Orb\n|move|p1a: Iron Leaves|Sacred Sword|p2b: Tinkaton\n|-activate|p2b: Tinkaton|move: Protect\n|\n|upkeep\n|turn|10\n|\n|t:|1697927346\n|-end|p1a: Iron Leaves|Quark Drive|[silent]\n|switch|p1a: Arboliva|Arboliva, F|58\/100 tox\n|move|p2a: Basculegion|Shadow Ball|p1a: Arboliva\n|-immune|p1a: Arboliva\n|move|p2b: Tinkaton|Gigaton Hammer|p1b: Pincurchin\n|-resisted|p1b: Pincurchin\n|-damage|p1b: Pincurchin|67\/100\n|move|p1b: Pincurchin|Acupressure|p1a: Arboliva\n|-boost|p1a: Arboliva|def|2\n|\n|-damage|p1a: Arboliva|52\/100 tox|[from] psn\n|upkeep\n|turn|11\n|\n|t:|1697927376\n|move|p2b: Tinkaton|Protect|p2b: Tinkaton\n|-singleturn|p2b: Tinkaton|Protect\n|move|p1b: Pincurchin|Sucker Punch||[still]\n|-fail|p1b: Pincurchin\n|move|p2a: Basculegion|Ice Beam|p1a: Arboliva\n|-supereffective|p1a: Arboliva\n|-damage|p1a: Arboliva|1\/100 tox\n|-enditem|p1a: Arboliva|Aguav Berry|[eat]\n|-heal|p1a: Arboliva|34\/100 tox|[from] item: Aguav Berry\n|-damage|p2a: Basculegion|70\/100|[from] item: Life Orb\n|move|p1a: Arboliva|Leech Seed|p2b: Tinkaton\n|-activate|p2b: Tinkaton|move: Protect\n|\n|-damage|p1a: Arboliva|22\/100 tox|[from] psn\n|-item|p1a: Arboliva|Aguav Berry|[from] ability: Harvest\n|upkeep\n|-enditem|p1a: Arboliva|Aguav Berry|[eat]\n|-heal|p1a: Arboliva|56\/100 tox|[from] item: Aguav Berry\n|turn|12\n|\n|t:|1697927408\n|move|p1b: Pincurchin|Sucker Punch|p2b: Tinkaton\n|-resisted|p2b: Tinkaton\n|-damage|p2b: Tinkaton|23\/100\n|-enditem|p1b: Pincurchin|Rocky Helmet|[silent]|[from] ability: Pickpocket|[of] p1b: Pincurchin\n|-item|p2b: Tinkaton|Rocky Helmet|[from] ability: Pickpocket|[of] p1b: Pincurchin\n|move|p2a: Basculegion|Ice Beam|p1a: Arboliva\n|-supereffective|p1a: Arboliva\n|-damage|p1a: Arboliva|4\/100 tox\n|-damage|p2a: Basculegion|60\/100|[from] item: Life Orb\n|move|p2b: Tinkaton|Knock Off|p1b: Pincurchin\n|-damage|p1b: Pincurchin|49\/100\n|move|p1a: Arboliva|Leech Seed|p2b: Tinkaton\n|-start|p2b: Tinkaton|move: Leech Seed\n|\n|-damage|p2b: Tinkaton|11\/100|[from] Leech Seed|[of] p1a: Arboliva\n|-heal|p1a: Arboliva|16\/100 tox|[silent]\n|-damage|p1a: Arboliva|0 fnt|[from] psn\n|faint|p1a: Arboliva\n|-sideend|p2: adamlol_gaming|move: Light Screen\n|upkeep\n|\n|t:|1697927437\n|switch|p1a: Scovillain|Scovillain, F|100\/100\n|turn|13\n|\n|t:|1697927478\n|switch|p1b: Iron Leaves|Iron Leaves|20\/100\n|-activate|p1b: Iron Leaves|ability: Quark Drive\n|-start|p1b: Iron Leaves|quarkdriveatk\n|-terastallize|p1a: Scovillain|Steel\n|move|p2b: Tinkaton|Protect|p2b: Tinkaton\n|-singleturn|p2b: Tinkaton|Protect\n|move|p2a: Basculegion|Surf|p1b: Iron Leaves|[spread] p1a,p1b\n|-activate|p2b: Tinkaton|move: Protect\n|-resisted|p1b: Iron Leaves\n|-damage|p1a: Scovillain|20\/100\n|-damage|p1b: Iron Leaves|6\/100\n|-damage|p2a: Basculegion|50\/100|[from] item: Life Orb\n|move|p1a: Scovillain|Ingrain|p1a: Scovillain\n|-start|p1a: Scovillain|move: Ingrain\n|\n|-heal|p1a: Scovillain|26\/100|[from] item: Leftovers\n|-heal|p1a: Scovillain|32\/100|[from] Ingrain\n|-damage|p2b: Tinkaton|0 fnt|[from] Leech Seed|[of] p1a: Scovillain\n|-heal|p1a: Scovillain|43\/100|[silent]\n|faint|p2b: Tinkaton\n|-fieldend|move: Electric Terrain\n|-end|p1b: Iron Leaves|Quark Drive\n|upkeep\n|\n|t:|1697927498\n|switch|p2b: Indeedee|Indeedee-F, F|31\/100\n|turn|14\n|\n|t:|1697927521\n|-end|p1b: Iron Leaves|Quark Drive|[silent]\n|switch|p1b: Pincurchin|Pincurchin, F|49\/100\n|-fieldstart|move: Electric Terrain|[from] ability: Electric Surge|[of] p1b: Pincurchin\n|move|p2a: Basculegion|Surf|p1a: Scovillain|[spread] p2b,p1a,p1b\n|-damage|p2b: Indeedee|0 fnt\n|-damage|p1a: Scovillain|0 fnt\n|-damage|p1b: Pincurchin|0 fnt\n|faint|p2b: Indeedee\n|faint|p1a: Scovillain\n|faint|p1b: Pincurchin\n|-damage|p2a: Basculegion|41\/100|[from] item: Life Orb\n|\n|upkeep\n|\n|t:|1697927536\n|switch|p1b: Iron Leaves|Iron Leaves|6\/100\n|-activate|p1b: Iron Leaves|ability: Quark Drive\n|-start|p1b: Iron Leaves|quarkdriveatk\n|turn|15\n|\n|t:|1697927552\n|-terastallize|p2a: Basculegion|Water\n|move|p2a: Basculegion|Surf|p1b: Iron Leaves\n|-resisted|p1b: Iron Leaves\n|-damage|p1b: Iron Leaves|0 fnt\n|faint|p1b: Iron Leaves\n|-end|p1b: Iron Leaves|Quark Drive|[silent]\n|-damage|p2a: Basculegion|31\/100|[from] item: Life Orb\n|\n|win|adamlol_gaming\n|raw|Relyks22's rating: 1094 &rarr; <strong>1064<\/strong><br \/>(-30 for losing)\n|raw|adamlol_gaming's rating: 1010 &rarr; <strong>1058<\/strong><br \/>(+48 for winning)\n|c|\u2606adamlol_gaming|gg\n|l|\u2606Relyks22\n","uploadtime":1697927568,"views":13,"p1id":"relyks22","p2id":"adamlolgaming","formatid":"gen9doublesou","rating":1058,"private":0,"password":""}