{"id":"gen9doublesou-1990218395","p1":"RLisanidiot","p2":"LeafyMeap","format":"[Gen 9] Doubles OU","log":"|j|\u2606RLisanidiot\n|j|\u2606LeafyMeap\n|t:|1699939113\n|gametype|doubles\n|player|p1|RLisanidiot|unknownf|1212\n|player|p2|LeafyMeap|boarder|1237\n|teamsize|p1|6\n|teamsize|p2|6\n|gen|9\n|tier|[Gen 9] Doubles OU\n|rated|\n|rule|Species Clause: Limit one of each Pok\u00e9mon\n|rule|OHKO Clause: OHKO moves are banned\n|rule|Evasion Moves Clause: Evasion moves are banned\n|rule|Gravity Sleep Clause: The combination of sleep-inducing moves with imperfect accuracy and Gravity or Gigantamax Orbeetle are banned\n|rule|Endless Battle Clause: Forcing endless battles is banned\n|rule|HP Percentage Mod: HP is shown in percentages\n|clearpoke\n|poke|p1|Ninetales-Alola, F|\n|poke|p1|Chien-Pao|\n|poke|p1|Flutter Mane|\n|poke|p1|Tornadus, M|\n|poke|p1|Pachirisu, M|\n|poke|p1|Rillaboom, M|\n|poke|p2|Pincurchin, F|\n|poke|p2|Hawlucha, M|\n|poke|p2|Iron Valiant|\n|poke|p2|Iron Treads|\n|poke|p2|Iron Moth|\n|poke|p2|Drifblim, F|\n|teampreview\n|inactive|Battle timer is ON: inactive players will automatically lose when time's up. (requested by RLisanidiot)\n|\n|t:|1699939139\n|start\n|switch|p1a: Ninetales|Ninetales-Alola, F, shiny|100\/100\n|switch|p1b: Flutter Mane|Flutter Mane|100\/100\n|switch|p2a: Pincurchin|Pincurchin, F|100\/100\n|switch|p2b: Iron Valiant|Iron Valiant|100\/100\n|-weather|Snow|[from] ability: Snow Warning|[of] p1a: Ninetales\n|-fieldstart|move: Electric Terrain|[from] ability: Electric Surge|[of] p2a: Pincurchin\n|-activate|p2b: Iron Valiant|ability: Quark Drive\n|-start|p2b: Iron Valiant|quarkdrivespe\n|turn|1\n|inactive|LeafyMeap has 120 seconds left.\n|\n|t:|1699939186\n|-end|p2b: Iron Valiant|Quark Drive|[silent]\n|switch|p2b: Iron Treads|Iron Treads|100\/100\n|-activate|p2b: Iron Treads|ability: Quark Drive\n|-start|p2b: Iron Treads|quarkdrivespe\n|-end|p1b: Flutter Mane|Protosynthesis|[silent]\n|switch|p1b: Pachirisu|Pachirisu, M|100\/100\n|move|p1a: Ninetales|Aurora Veil|p1a: Ninetales\n|-sidestart|p1: RLisanidiot|move: Aurora Veil\n|move|p2a: Pincurchin|Toxic Spikes|p1b: Pachirisu\n|-sidestart|p1: RLisanidiot|move: Toxic Spikes\n|\n|-weather|Snow|[upkeep]\n|upkeep\n|turn|2\n|inactive|LeafyMeap has 120 seconds left.\n|\n|t:|1699939221\n|move|p2b: Iron Treads|Rapid Spin|p1a: Ninetales\n|-damage|p1a: Ninetales|88\/100\n|-boost|p2b: Iron Treads|spe|1\n|move|p1a: Ninetales|Icy Wind|p2b: Iron Treads|[spread] p2a,p2b\n|-damage|p2a: Pincurchin|84\/100\n|-damage|p2b: Iron Treads|83\/100\n|-unboost|p2a: Pincurchin|spe|1\n|-unboost|p2b: Iron Treads|spe|1\n|move|p1b: Pachirisu|U-turn|p2b: Iron Treads\n|-resisted|p2b: Iron Treads\n|-damage|p2b: Iron Treads|79\/100\n|\n|t:|1699939232\n|switch|p1b: Chien-Pao|Chien-Pao|100\/100|[from] U-turn\n|-status|p1b: Chien-Pao|psn\n|-ability|p1b: Chien-Pao|Sword of Ruin\n|move|p2a: Pincurchin|Toxic Spikes|p1a: Ninetales\n|-sidestart|p1: RLisanidiot|move: Toxic Spikes\n|\n|-weather|Snow|[upkeep]\n|-damage|p1b: Chien-Pao|88\/100 psn|[from] psn\n|upkeep\n|turn|3\n|inactive|LeafyMeap has 120 seconds left.\n|inactive|LeafyMeap has 90 seconds left.\n|inactive|LeafyMeap has 60 seconds left.\n|\n|t:|1699939299\n|-end|p2b: Iron Treads|Quark Drive|[silent]\n|switch|p2b: Drifblim|Drifblim, F|100\/100\n|move|p1a: Ninetales|Icy Wind|p2b: Drifblim|[spread] p2a,p2b\n|-supereffective|p2b: Drifblim\n|-damage|p2a: Pincurchin|69\/100\n|-damage|p2b: Drifblim|72\/100\n|-unboost|p2a: Pincurchin|spe|1\n|-unboost|p2b: Drifblim|spe|1\n|move|p1b: Chien-Pao|Sacred Sword|p2b: Drifblim\n|-immune|p2b: Drifblim\n|move|p2a: Pincurchin|Hydro Pump|p1b: Chien-Pao\n|-damage|p1b: Chien-Pao|69\/100 psn\n|\n|-weather|Snow|[upkeep]\n|-damage|p1b: Chien-Pao|57\/100 psn|[from] psn\n|upkeep\n|turn|4\n|inactive|LeafyMeap has 60 seconds left.\n|\n|t:|1699939341\n|move|p1a: Ninetales|Icy Wind|p2a: Pincurchin|[spread] p2a,p2b\n|-supereffective|p2b: Drifblim\n|-damage|p2a: Pincurchin|53\/100\n|-damage|p2b: Drifblim|43\/100\n|-unboost|p2a: Pincurchin|spe|1\n|-unboost|p2b: Drifblim|spe|1\n|move|p1b: Chien-Pao|Ice Spinner|p2a: Pincurchin\n|-damage|p2a: Pincurchin|0 fnt\n|-fieldend|move: Electric Terrain\n|faint|p2a: Pincurchin\n|move|p2b: Drifblim|Strength Sap|p1b: Chien-Pao\n|-unboost|p1b: Chien-Pao|atk|1\n|-heal|p2b: Drifblim|100\/100\n|\n|-weather|Snow|[upkeep]\n|-damage|p1b: Chien-Pao|45\/100 psn|[from] psn\n|upkeep\n|\n|t:|1699939360\n|switch|p2a: Iron Valiant|Iron Valiant|100\/100\n|turn|5\n|\n|t:|1699939371\n|move|p1b: Chien-Pao|Sucker Punch|p2b: Drifblim\n|-supereffective|p2b: Drifblim\n|-damage|p2b: Drifblim|29\/100\n|move|p2a: Iron Valiant|Calm Mind|p2a: Iron Valiant\n|-boost|p2a: Iron Valiant|spa|1\n|-boost|p2a: Iron Valiant|spd|1\n|move|p1a: Ninetales|Icy Wind|p2b: Drifblim|[spread] p2a,p2b\n|-supereffective|p2b: Drifblim\n|-damage|p2a: Iron Valiant|87\/100\n|-damage|p2b: Drifblim|2\/100\n|-unboost|p2a: Iron Valiant|spe|1\n|-unboost|p2b: Drifblim|spe|1\n|-enditem|p2b: Drifblim|Aguav Berry|[eat]\n|-heal|p2b: Drifblim|35\/100|[from] item: Aguav Berry\n|move|p2b: Drifblim|Knock Off|p1b: Chien-Pao\n|-resisted|p1b: Chien-Pao\n|-damage|p1b: Chien-Pao|38\/100 psn\n|-enditem|p1b: Chien-Pao|Assault Vest|[from] move: Knock Off|[of] p2b: Drifblim\n|\n|-weather|none\n|-heal|p2a: Iron Valiant|93\/100|[from] item: Leftovers\n|-damage|p1b: Chien-Pao|26\/100 psn|[from] psn\n|upkeep\n|turn|6\n|inactive|LeafyMeap has 60 seconds left.\n|\n|t:|1699939405\n|move|p1a: Ninetales|Icy Wind|p2a: Iron Valiant|[spread] p2a,p2b\n|-supereffective|p2b: Drifblim\n|-damage|p2a: Iron Valiant|77\/100\n|-damage|p2b: Drifblim|6\/100\n|-unboost|p2a: Iron Valiant|spe|1\n|-unboost|p2b: Drifblim|spe|1\n|move|p1b: Chien-Pao|Ice Spinner|p2b: Drifblim\n|-supereffective|p2b: Drifblim\n|-damage|p2b: Drifblim|0 fnt\n|faint|p2b: Drifblim\n|move|p2a: Iron Valiant|Thunderbolt|p1a: Ninetales\n|-damage|p1a: Ninetales|59\/100\n|\n|-heal|p2a: Iron Valiant|84\/100|[from] item: Leftovers\n|-damage|p1b: Chien-Pao|14\/100 psn|[from] psn\n|upkeep\n|\n|t:|1699939423\n|switch|p2b: Hawlucha|Hawlucha, M|100\/100\n|turn|7\n|\n|t:|1699939443\n|-terastallize|p2b: Hawlucha|Electric\n|move|p1a: Ninetales|Icy Wind|p2b: Hawlucha|[spread] p2a,p2b\n|-damage|p2a: Iron Valiant|68\/100\n|-damage|p2b: Hawlucha|79\/100\n|-unboost|p2a: Iron Valiant|spe|1\n|-unboost|p2b: Hawlucha|spe|1\n|move|p1b: Chien-Pao|Ice Spinner|p2b: Hawlucha\n|-damage|p2b: Hawlucha|33\/100\n|move|p2b: Hawlucha|Swords Dance|p2b: Hawlucha\n|-boost|p2b: Hawlucha|atk|2\n|move|p2a: Iron Valiant|Calm Mind|p2a: Iron Valiant\n|-boost|p2a: Iron Valiant|spa|1\n|-boost|p2a: Iron Valiant|spd|1\n|\n|-heal|p2a: Iron Valiant|74\/100|[from] item: Leftovers\n|-damage|p1b: Chien-Pao|1\/100 psn|[from] psn\n|upkeep\n|turn|8\n|inactive|LeafyMeap has 60 seconds left.\n|\n|t:|1699939464\n|move|p1a: Ninetales|Icy Wind|p2a: Iron Valiant|[spread] p2b\n|-miss|p1a: Ninetales|p2a: Iron Valiant\n|-damage|p2b: Hawlucha|15\/100\n|-unboost|p2b: Hawlucha|spe|1\n|move|p1b: Chien-Pao|Ice Spinner|p2b: Hawlucha\n|-damage|p2b: Hawlucha|0 fnt\n|faint|p2b: Hawlucha\n|move|p2a: Iron Valiant|Thunderbolt|p1a: Ninetales\n|-damage|p1a: Ninetales|21\/100\n|-status|p1a: Ninetales|par\n|\n|-heal|p2a: Iron Valiant|80\/100|[from] item: Leftovers\n|-damage|p1b: Chien-Pao|0 fnt|[from] psn\n|faint|p1b: Chien-Pao\n|-sideend|p1: RLisanidiot|move: Aurora Veil\n|upkeep\n|inactive|LeafyMeap has 60 seconds left.\n|\n|t:|1699939484\n|switch|p1b: Rillaboom|Rillaboom, M|100\/100\n|switch|p2b: Iron Moth|Iron Moth|100\/100\n|-status|p1b: Rillaboom|tox\n|-fieldstart|move: Grassy Terrain|[from] ability: Grassy Surge|[of] p1b: Rillaboom\n|turn|9\n|inactive|LeafyMeap has 60 seconds left.\n|\n|t:|1699939506\n|switch|p1b: Tornadus|Tornadus, M|100\/100\n|move|p2b: Iron Moth|Fiery Dance|p1a: Ninetales\n|-supereffective|p1a: Ninetales\n|-damage|p1a: Ninetales|0 fnt\n|faint|p1a: Ninetales\n|move|p2a: Iron Valiant|Moonblast|p1b: Tornadus\n|-damage|p1b: Tornadus|10\/100\n|\n|-heal|p2a: Iron Valiant|87\/100|[from] Grassy Terrain\n|-heal|p2a: Iron Valiant|93\/100|[from] item: Leftovers\n|upkeep\n|\n|t:|1699939518\n|switch|p1a: Flutter Mane|Flutter Mane|100\/100\n|-status|p1a: Flutter Mane|tox\n|turn|10\n|\n|t:|1699939533\n|-terastallize|p1a: Flutter Mane|Ghost\n|move|p1a: Flutter Mane|Shadow Ball|p2b: Iron Moth\n|-damage|p2b: Iron Moth|5\/100\n|move|p2b: Iron Moth|Agility|p2b: Iron Moth\n|-boost|p2b: Iron Moth|spe|2\n|move|p1b: Tornadus|Bleakwind Storm|p2b: Iron Moth|[spread] p2a,p2b\n|-supereffective|p2a: Iron Valiant\n|-damage|p2a: Iron Valiant|37\/100\n|-damage|p2b: Iron Moth|0 fnt\n|faint|p2b: Iron Moth\n|-end|p2b: Iron Moth|Quark Drive|[silent]\n|move|p2a: Iron Valiant|Thunderbolt|p1a: Flutter Mane\n|-damage|p1a: Flutter Mane|34\/100 tox\n|\n|-heal|p1a: Flutter Mane|40\/100 tox|[from] Grassy Terrain\n|-heal|p2a: Iron Valiant|43\/100|[from] Grassy Terrain\n|-heal|p2a: Iron Valiant|49\/100|[from] item: Leftovers\n|-damage|p1a: Flutter Mane|34\/100 tox|[from] psn\n|upkeep\n|\n|t:|1699939545\n|switch|p2b: Iron Treads|Iron Treads|79\/100\n|turn|11\n|inactive|LeafyMeap has 90 seconds left.\n|\n|t:|1699939580\n|move|p1a: Flutter Mane|Shadow Ball|p2b: Iron Treads\n|-damage|p2b: Iron Treads|0 fnt\n|faint|p2b: Iron Treads\n|-end|p2b: Iron Treads|Quark Drive|[silent]\n|move|p1b: Tornadus|Bleakwind Storm|p2a: Iron Valiant\n|-supereffective|p2a: Iron Valiant\n|-damage|p2a: Iron Valiant|0 fnt\n|faint|p2a: Iron Valiant\n|-end|p2a: Iron Valiant|Quark Drive|[silent]\n|\n|win|RLisanidiot\n|raw|RLisanidiot's rating: 1212 &rarr; <strong>1239<\/strong><br \/>(+27 for winning)\n|raw|LeafyMeap's rating: 1237 &rarr; <strong>1210<\/strong><br \/>(-27 for losing)\n|l|\u2606LeafyMeap\n","uploadtime":1699939605,"views":19,"p1id":"rlisanidiot","p2id":"leafymeap","formatid":"gen9doublesou","rating":1210,"private":0,"password":""}