{"id":"gen9doublesou-1998185144","p1":"Cryptic_Brawler","p2":"Guy Oh","format":"[Gen 9] Doubles OU","log":"|j|\u2606Cryptic_Brawler\n|j|\u2606Guy Oh\n|t:|1700908499\n|gametype|doubles\n|player|p1|Cryptic_Brawler|ghetsis-gen5bw|\n|player|p2|Guy Oh|boarder|\n|teamsize|p1|6\n|teamsize|p2|6\n|gen|9\n|tier|[Gen 9] Doubles OU\n|rule|Species Clause: Limit one of each Pok\u00e9mon\n|rule|OHKO Clause: OHKO moves are banned\n|rule|Evasion Moves Clause: Evasion moves are banned\n|rule|Gravity Sleep Clause: The combination of sleep-inducing moves with imperfect accuracy and Gravity or Gigantamax Orbeetle are banned\n|rule|Endless Battle Clause: Forcing endless battles is banned\n|rule|HP Percentage Mod: HP is shown in percentages\n|clearpoke\n|poke|p1|Meowscarada, M|\n|poke|p1|Krookodile, M|\n|poke|p1|Milotic, M|\n|poke|p1|Iron Valiant|\n|poke|p1|Gliscor, F|\n|poke|p1|Dragapult, M|\n|poke|p2|Armarouge, M|\n|poke|p2|Grimmsnarl, M|\n|poke|p2|Sinistcha-Masterpiece|\n|poke|p2|Iron Hands|\n|poke|p2|Indeedee-F, F|\n|poke|p2|Kingambit, M|\n|teampreview\n|\n|t:|1700908510\n|start\n|switch|p1a: Meowscarada|Meowscarada, M|100\/100\n|switch|p1b: Krookodile|Krookodile, M|100\/100\n|switch|p2a: Indeedee|Indeedee-F, F|100\/100\n|switch|p2b: Armarouge|Armarouge, M|100\/100\n|-fieldstart|move: Psychic Terrain|[from] ability: Psychic Surge|[of] p2a: Indeedee\n|turn|1\n|\n|t:|1700908543\n|switch|p2b: Iron Hands|Iron Hands|100\/100\n|-terastallize|p1b: Krookodile|Steel\n|move|p1a: Meowscarada|Flower Trick|p1b: Krookodile\n|-start|p1a: Meowscarada|typechange|Grass|[from] ability: Protean\n|-resisted|p1b: Krookodile\n|-crit|p1b: Krookodile\n|-damage|p1b: Krookodile|72\/100\n|-setboost|p1b: Krookodile|atk|6|[from] ability: Anger Point\n|move|p1b: Krookodile|Earthquake|p2a: Indeedee|[spread] p1a,p2a,p2b\n|-resisted|p1a: Meowscarada\n|-supereffective|p2b: Iron Hands\n|-enditem|p1a: Meowscarada|Focus Sash\n|-damage|p1a: Meowscarada|1\/100\n|-damage|p2a: Indeedee|0 fnt\n|-damage|p2b: Iron Hands|0 fnt\n|faint|p2a: Indeedee\n|faint|p2b: Iron Hands\n|-end|p2b: Iron Hands|Quark Drive|[silent]\n|\n|upkeep\n|\n|t:|1700908575\n|switch|p2a: Kingambit|Kingambit, M|100\/100\n|switch|p2b: Grimmsnarl|Grimmsnarl, M|100\/100\n|-activate|p2a: Kingambit|ability: Supreme Overlord\n|-start|p2a: Kingambit|fallen2|[silent]\n|turn|2\n|\n|t:|1700908590\n|move|p1a: Meowscarada|Protect|p1a: Meowscarada\n|-singleturn|p1a: Meowscarada|Protect\n|move|p2a: Kingambit|Protect|p2a: Kingambit\n|-singleturn|p2a: Kingambit|Protect\n|move|p2b: Grimmsnarl|Reflect|p2b: Grimmsnarl\n|-sidestart|p2: Guy Oh|Reflect\n|move|p1b: Krookodile|Earthquake|p2a: Kingambit|[spread] p2b\n|-activate|p1a: Meowscarada|move: Protect\n|-activate|p2a: Kingambit|move: Protect\n|-damage|p2b: Grimmsnarl|0 fnt\n|faint|p2b: Grimmsnarl\n|\n|upkeep\n|\n|t:|1700908603\n|switch|p2b: Armarouge|Armarouge, M|100\/100\n|turn|3\n|\n|t:|1700908618\n|-terastallize|p2b: Armarouge|Grass\n|move|p2a: Kingambit|Sucker Punch||[still]\n|-fail|p2a: Kingambit\n|move|p1a: Meowscarada|Taunt|p2b: Armarouge\n|-start|p2b: Armarouge|move: Taunt\n|move|p1b: Krookodile|Earthquake|p2b: Armarouge|[spread] p1a,p2a,p2b\n|-resisted|p1a: Meowscarada\n|-supereffective|p2a: Kingambit\n|-resisted|p2b: Armarouge\n|-damage|p1a: Meowscarada|0 fnt\n|-damage|p2a: Kingambit|0 fnt\n|-damage|p2b: Armarouge|55\/100\n|faint|p1a: Meowscarada\n|faint|p2a: Kingambit\n|-end|p2a: Kingambit|fallen2|[silent]\n|move|p2b: Armarouge|Armor Cannon|p1b: Krookodile\n|-supereffective|p1b: Krookodile\n|-damage|p1b: Krookodile|0 fnt\n|-unboost|p2b: Armarouge|def|1\n|-unboost|p2b: Armarouge|spd|1\n|faint|p1b: Krookodile\n|-damage|p2b: Armarouge|45\/100|[from] item: Life Orb\n|\n|upkeep\n|c|\u2606Cryptic_Brawler|drat\n|c|\u2606Guy Oh|NICE TAUNT\n|c|\u2606Guy Oh|NICE TAUNT\n|c|\u2606Guy Oh|NICE TAUNT\n|c|\u2606Cryptic_Brawler|whats up with bro\n|\n|t:|1700908665\n|switch|p1a: Gliscor|Gliscor, F|100\/100\n|switch|p1b: Dragapult|Dragapult, M|100\/100\n|switch|p2a: Sinistcha|Sinistcha-Masterpiece|100\/100\n|-heal|p2b: Armarouge|70\/100|[from] ability: Hospitality|[of] p2a: Sinistcha\n|turn|4\n|\n|t:|1700908702\n|move|p1b: Dragapult|Dragon Dance|p1b: Dragapult\n|-boost|p1b: Dragapult|atk|1\n|-boost|p1b: Dragapult|spe|1\n|move|p1a: Gliscor|Tailwind|p1a: Gliscor\n|-sidestart|p1: Cryptic_Brawler|move: Tailwind\n|move|p2b: Armarouge|Expanding Force|p1b: Dragapult|[spread] p1a,p1b\n|-damage|p1a: Gliscor|0 fnt\n|-damage|p1b: Dragapult|0 fnt\n|faint|p1a: Gliscor\n|faint|p1b: Dragapult\n|-damage|p2b: Armarouge|60\/100|[from] item: Life Orb\n|move|p2a: Sinistcha|Shadow Ball|p1: Gliscor|[notarget]\n|-fail|p2a: Sinistcha\n|\n|upkeep\n|c|\u2606Cryptic_Brawler|sheesh\n|\n|t:|1700908716\n|switch|p1b: Iron Valiant|Iron Valiant|100\/100\n|switch|p1a: Milotic|Milotic, M|100\/100\n|-enditem|p1b: Iron Valiant|Booster Energy\n|-activate|p1b: Iron Valiant|ability: Quark Drive|[fromitem]\n|-start|p1b: Iron Valiant|quarkdrivespe\n|turn|5\n|c|\u2606Cryptic_Brawler|wtf is wrong with this trash iron valiant\n|c|\u2606Cryptic_Brawler|what are these moves\n|\n|t:|1700908752\n|move|p2a: Sinistcha|Rage Powder|p2a: Sinistcha\n|-singleturn|p2a: Sinistcha|move: Rage Powder\n|move|p1b: Iron Valiant|Spirit Break|p2a: Sinistcha\n|-damage|p2a: Sinistcha|82\/100\n|-unboost|p2a: Sinistcha|spa|1\n|move|p1a: Milotic|Icy Wind|p2a: Sinistcha|[spread] p2a,p2b\n|-supereffective|p2a: Sinistcha\n|-supereffective|p2b: Armarouge\n|-damage|p2a: Sinistcha|61\/100\n|-damage|p2b: Armarouge|27\/100\n|-unboost|p2a: Sinistcha|spe|1\n|-unboost|p2b: Armarouge|spe|1\n|move|p2b: Armarouge|Expanding Force|p1b: Iron Valiant|[spread] p1a,p1b\n|-supereffective|p1b: Iron Valiant\n|-damage|p1a: Milotic|45\/100\n|-damage|p1b: Iron Valiant|0 fnt\n|faint|p1b: Iron Valiant\n|-end|p1b: Iron Valiant|Quark Drive|[silent]\n|-damage|p2b: Armarouge|17\/100|[from] item: Life Orb\n|\n|-heal|p2a: Sinistcha|67\/100|[from] item: Leftovers\n|-end|p2b: Armarouge|move: Taunt\n|-fieldend|move: Psychic Terrain\n|-status|p1a: Milotic|brn|[from] item: Flame Orb\n|upkeep\n|turn|6\n|c|\u2606Cryptic_Brawler|holy shit\n|\n|t:|1700908786\n|move|p1a: Milotic|Recover|p1a: Milotic\n|-heal|p1a: Milotic|95\/100 brn\n|move|p2b: Armarouge|Expanding Force|p1a: Milotic\n|-damage|p1a: Milotic|51\/100 brn\n|-damage|p2b: Armarouge|7\/100|[from] item: Life Orb\n|move|p2a: Sinistcha|Matcha Gotcha|p1a: Milotic\n|-supereffective|p1a: Milotic\n|-crit|p1a: Milotic\n|-damage|p1a: Milotic|0 fnt\n|-heal|p2a: Sinistcha|96\/100|[from] drain|[of] p1a: Milotic\n|faint|p1a: Milotic\n|\n|win|Guy Oh\n|c|\u2606Cryptic_Brawler|bro what\/!??!?!?\n|c|\u2606Guy Oh|ez\n|c|\u2606Guy Oh|gg\n|c|\u2606Guy Oh|ez claps\n|c|\u2606Cryptic_Brawler|you and your lucky crits\n","uploadtime":1700908805,"views":9,"p1id":"crypticbrawler","p2id":"guyoh","formatid":"gen9doublesou","rating":0,"private":0,"password":""}