{"id":"gen9doublesou-1998877687","p1":"Memoriies","p2":"Enzonana","format":"[Gen 9] Doubles OU","log":"|j|\u2606Memoriies\n|j|\u2606Enzonana\n|t:|1701007361\n|gametype|doubles\n|player|p1|Memoriies|acetrainerf-gen4dp|\n|player|p2|Enzonana|#scl2dynamos|\n|teamsize|p1|6\n|teamsize|p2|6\n|gen|9\n|tier|[Gen 9] Doubles OU\n|rule|Species Clause: Limit one of each Pok\u00e9mon\n|rule|OHKO Clause: OHKO moves are banned\n|rule|Evasion Moves Clause: Evasion moves are banned\n|rule|Gravity Sleep Clause: The combination of sleep-inducing moves with imperfect accuracy and Gravity or Gigantamax Orbeetle are banned\n|rule|Endless Battle Clause: Forcing endless battles is banned\n|rule|HP Percentage Mod: HP is shown in percentages\n|clearpoke\n|poke|p1|Diancie|\n|poke|p1|Rillaboom, M|\n|poke|p1|Kingambit, M|\n|poke|p1|Cresselia, F|\n|poke|p1|Volcanion|\n|poke|p1|Ursaluna, M|\n|poke|p2|Regidrago|\n|poke|p2|Rillaboom, F|\n|poke|p2|Gholdengo|\n|poke|p2|Volcanion|\n|poke|p2|Landorus-Therian, M|\n|poke|p2|Tornadus, M|\n|teampreview\n|inactive|Battle timer is ON: inactive players will automatically lose when time's up. (requested by Enzonana)\n|c|\u2606Enzonana|have fun!\n|j| Based Witch\n|j|+edgar\n|j| Mamiloca\n|inactive|Memoriies has 270 seconds left.\n|inactive|Enzonana has 270 seconds left.\n|j| Food_Steamer\n|j| gostop\n|c|\u2606Enzonana|ASDHFJHSADJHF\n|c|\u2606Enzonana|que nombres de mierda\n|c|\u2606Enzonana|based witch y mamiloca\n|j| mannca\n|j| tianlengmeihou\n|j| ayaka\n|j| Fakee\n|l| Food_Steamer\n|c| Based Witch|C\u00e1llate Hdp\n|c|\u2606Memoriies|u2\n|inactive|Memoriies has 240 seconds left.\n|inactive|Enzonana has 240 seconds left.\n|j| Food_Steamer\n|c| Fakee|MOMOS\n|c| Fakee|AAAAAAAAAAAA\n|l| tianlengmeihou\n|j| eguipeng\n|c| Fakee|NO AGUANTO LOS MOMOS\n|c| Fakee|SE APODERAN DE MI\n|c|\u2606Enzonana|quieres unos\n|c|\u2606Enzonana|buenos momos?\n|c| Fakee|si :V\n|l| gostop\n|inactive|Enzonana has 210 seconds left.\n|j| Peter Pan GC\n|n| MOMOS 2002|fakee\n|\n|t:|1701007471\n|start\n|switch|p1a: Diancie|Diancie|100\/100\n|switch|p1b: Rillaboom|Rillaboom, M|100\/100\n|switch|p2a: feiki buenos momos|Rillaboom, F|100\/100\n|switch|p2b: kkru vs eric|Volcanion|100\/100\n|-fieldstart|move: Grassy Terrain|[from] ability: Grassy Surge|[of] p2a: feiki buenos momos\n|turn|1\n|j| tianlengmeihou\n|c| Mamiloca|C\u00e1llate hdp\n|l| eguipeng\n|c| MOMOS 2002|SOY MOMOS 2002\n|inactive|Enzonana has 270 seconds left.\n|j| scpseptember\u9b3c\u706f\n|c|\u2606Enzonana|noooo\n|n| Fakee|momos2002\n|c|\u2606Enzonana|el feiki es hembra\n|inactive|Memoriies has 270 seconds left.\n|c| Fakee|GUATTTT\n|l| Food_Steamer\n|inactive|Enzonana has 240 seconds left.\n|j| Food_Steamer\n|j| eguipeng\n|j| gostop\n|inactive|Memoriies has 240 seconds left.\n|l| Food_Steamer\n|inactive|Enzonana has 210 seconds left.\n|l| gostop\n|j|+zoe\n|\n|t:|1701007545\n|switch|p1a: Cresselia|Cresselia, F|100\/100\n|move|p2a: feiki buenos momos|Fake Out|p1b: Rillaboom\n|-damage|p1b: Rillaboom|87\/100\n|cant|p1b: Rillaboom|flinch\n|move|p2b: kkru vs eric|Heavy Slam|p1a: Cresselia\n|-damage|p1a: Cresselia|93\/100\n|\n|-heal|p1b: Rillaboom|93\/100|[from] Grassy Terrain\n|upkeep\n|turn|2\n|c| Mamiloca|Enzo deja de hablar mierda y conc\u00e9ntrate\n|inactive|Memoriies has 240 seconds left.\n|c| Based Witch|ty\n|c|\u2606Enzonana|hiiiiiiiiijo de su puta madre\n|inactive|Enzonana has 210 seconds left.\n|\n|t:|1701007580\n|switch|p1b: Volcanion|Volcanion|100\/100\n|move|p2a: feiki buenos momos|Wood Hammer|p1a: Cresselia\n|-damage|p1a: Cresselia|44\/100\n|-damage|p2a: feiki buenos momos|81\/100|[from] Recoil\n|move|p2b: kkru vs eric|Heat Wave|p1a: Cresselia|[spread] p1a,p1b\n|-resisted|p1b: Volcanion\n|-damage|p1a: Cresselia|23\/100\n|-damage|p1b: Volcanion|94\/100\n|move|p1a: Cresselia|Trick Room|p1a: Cresselia\n|-fieldstart|move: Trick Room|[of] p1a: Cresselia\n|\n|-heal|p1b: Volcanion|99\/100|[from] Grassy Terrain\n|-heal|p2a: feiki buenos momos|87\/100|[from] Grassy Terrain\n|upkeep\n|turn|3\n|inactive|Memoriies has 240 seconds left.\n|inactive|Enzonana has 210 seconds left.\n|\n|t:|1701007620\n|move|p2a: feiki buenos momos|Grassy Glide|p1a: Cresselia\n|-damage|p1a: Cresselia|1\/100\n|move|p1a: Cresselia|Lunar Blessing|p1a: Cresselia|[spread] p1a,p1b\n|-heal|p1a: Cresselia|26\/100\n|-heal|p1b: Volcanion|100\/100\n|move|p1b: Volcanion|Heat Wave|p2b: kkru vs eric|[spread] p2a,p2b\n|-supereffective|p2a: feiki buenos momos\n|-resisted|p2b: kkru vs eric\n|-damage|p2a: feiki buenos momos|17\/100\n|-damage|p2b: kkru vs eric|94\/100\n|move|p2b: kkru vs eric|Earth Power|p1b: Volcanion\n|-supereffective|p1b: Volcanion\n|-damage|p1b: Volcanion|59\/100\n|\n|-heal|p1b: Volcanion|65\/100|[from] Grassy Terrain\n|-heal|p2b: kkru vs eric|99\/100|[from] Grassy Terrain\n|-heal|p2a: feiki buenos momos|24\/100|[from] Grassy Terrain\n|upkeep\n|turn|4\n|inactive|Enzonana has 210 seconds left.\n|\n|t:|1701007659\n|switch|p2a: el edgar|Regidrago|100\/100\n|move|p1a: Cresselia|Ally Switch|p1a: Cresselia\n|swap|p1a: Cresselia|1|[from] move: Ally Switch\n|move|p1a: Volcanion|Heat Wave|p2a: el edgar|[spread] p2a,p2b\n|-resisted|p2a: el edgar\n|-resisted|p2b: kkru vs eric\n|-damage|p2a: el edgar|80\/100\n|-damage|p2b: kkru vs eric|94\/100\n|move|p2b: kkru vs eric|Earth Power|p1b: Cresselia\n|-immune|p1b: Cresselia|[from] ability: Levitate\n|\n|-heal|p1a: Volcanion|71\/100|[from] Grassy Terrain\n|-heal|p2b: kkru vs eric|99\/100|[from] Grassy Terrain\n|-heal|p2a: el edgar|86\/100|[from] Grassy Terrain\n|upkeep\n|turn|5\n|inactive|Enzonana has 210 seconds left.\n|j| SEROO\n|inactive|Enzonana has 180 seconds left.\n|c|\u2606Enzonana|me hicieron los allymomos\n|j| dare to love xkh\n|\n|t:|1701007704\n|move|p2a: el edgar|Protect|p2a: el edgar\n|-singleturn|p2a: el edgar|Protect\n|move|p1b: Cresselia|Lunar Blessing|p1b: Cresselia|[spread] p1a,p1b\n|-heal|p1a: Volcanion|96\/100\n|-heal|p1b: Cresselia|51\/100\n|move|p1a: Volcanion|Sludge Bomb|p2a: el edgar\n|-activate|p2a: el edgar|move: Protect\n|move|p2b: kkru vs eric|Earth Power|p1a: Volcanion\n|-supereffective|p1a: Volcanion\n|-damage|p1a: Volcanion|55\/100\n|\n|-heal|p1a: Volcanion|61\/100|[from] Grassy Terrain\n|-heal|p2b: kkru vs eric|100\/100|[from] Grassy Terrain\n|-heal|p2a: el edgar|92\/100|[from] Grassy Terrain\n|-fieldend|move: Grassy Terrain\n|upkeep\n|turn|6\n|inactive|Enzonana has 180 seconds left.\n|\n|t:|1701007730\n|move|p1b: Cresselia|Lunar Blessing|p1b: Cresselia|[spread] p1a,p1b\n|-heal|p1a: Volcanion|86\/100\n|-heal|p1b: Cresselia|76\/100\n|move|p1a: Volcanion|Earth Power|p2b: kkru vs eric\n|-supereffective|p2b: kkru vs eric\n|-damage|p2b: kkru vs eric|55\/100\n|move|p2b: kkru vs eric|Earth Power|p1a: Volcanion\n|-supereffective|p1a: Volcanion\n|-damage|p1a: Volcanion|45\/100\n|move|p2a: el edgar|Draco Meteor|p1b: Cresselia\n|-damage|p1b: Cresselia|10\/100\n|-unboost|p2a: el edgar|spa|2\n|\n|-fieldend|move: Trick Room\n|upkeep\n|turn|7\n|inactive|Memoriies has 240 seconds left.\n|inactive|Enzonana has 180 seconds left.\n|j| ratpacker\n|\n|t:|1701007759\n|move|p2a: el edgar|Dragon Energy|p1a: Volcanion|[spread] p1a,p1b\n|-damage|p1a: Volcanion|16\/100\n|-damage|p1b: Cresselia|0 fnt\n|faint|p1b: Cresselia\n|move|p2b: kkru vs eric|Earth Power|p1a: Volcanion\n|-supereffective|p1a: Volcanion\n|-damage|p1a: Volcanion|0 fnt\n|faint|p1a: Volcanion\n|\n|upkeep\n|j| gostop\n|l| gostop\n|\n|t:|1701007768\n|switch|p1a: Rillaboom|Rillaboom, M|93\/100\n|switch|p1b: Diancie|Diancie|100\/100\n|-fieldstart|move: Grassy Terrain|[from] ability: Grassy Surge|[of] p1a: Rillaboom\n|turn|8\n|j| gostop\n|l| gostop\n|l| ratpacker\n|\n|t:|1701007780\n|switch|p2a: anndobien F|Gholdengo|100\/100\n|switch|p2b: el bolas|Landorus-Therian, M|100\/100\n|-ability|p2b: el bolas|Intimidate|boost\n|-unboost|p1a: Rillaboom|atk|1\n|-fail|p1b: Diancie|unboost|[from] ability: Clear Body|[of] p1b: Diancie\n|move|p1a: Rillaboom|Fake Out|p2b: el bolas\n|-damage|p2b: el bolas|92\/100\n|move|p1b: Diancie|Trick Room|p1b: Diancie\n|-fieldstart|move: Trick Room|[of] p1b: Diancie\n|\n|-heal|p1a: Rillaboom|99\/100|[from] Grassy Terrain\n|upkeep\n|turn|9\n|j| lezhengzhuzhu\n|inactive|Enzonana has 210 seconds left.\n|j| ratpacker\n|j| agPikachu\n|\n|t:|1701007806\n|-terastallize|p1b: Diancie|Grass\n|move|p1b: Diancie|Diamond Storm|p2b: el bolas|[spread] p2a,p2b\n|-resisted|p2a: anndobien F\n|-damage|p2a: anndobien F|83\/100\n|-damage|p2b: el bolas|59\/100\n|-boost|p1b: Diancie|def|2\n|move|p1a: Rillaboom|U-turn|p2b: el bolas\n|-resisted|p2b: el bolas\n|-damage|p2b: el bolas|50\/100\n|\n|t:|1701007818\n|switch|p1a: Kingambit|Kingambit, M|100\/100|[from] U-turn\n|move|p2a: anndobien F|Make It Rain|p1b: Diancie|[spread] p1a,p1b\n|-resisted|p1a: Kingambit\n|-damage|p1a: Kingambit|71\/100\n|-damage|p1b: Diancie|56\/100\n|-unboost|p2a: anndobien F|spa|1\n|move|p2b: el bolas|U-turn|p1b: Diancie\n|-supereffective|p1b: Diancie\n|-damage|p1b: Diancie|36\/100\n|-enditem|p1b: Diancie|Weakness Policy\n|-boost|p1b: Diancie|atk|2|[from] item: Weakness Policy\n|-boost|p1b: Diancie|spa|2|[from] item: Weakness Policy\n|j| papiloco\n|\n|t:|1701007826\n|switch|p2b: feiki buenos momos|Rillaboom, F|24\/100|[from] U-turn\n|\n|-heal|p1b: Diancie|42\/100|[from] Grassy Terrain\n|-heal|p1a: Kingambit|77\/100|[from] Grassy Terrain\n|-heal|p1a: Kingambit|83\/100|[from] item: Leftovers\n|-heal|p2b: feiki buenos momos|30\/100|[from] Grassy Terrain\n|-heal|p2a: anndobien F|89\/100|[from] Grassy Terrain\n|upkeep\n|turn|10\n|l| papiloco\n|j| Food_Steamer\n|inactive|Memoriies has 270 seconds left.\n|l| Food_Steamer\n|inactive|Enzonana has 210 seconds left.\n|\n|t:|1701007842\n|move|p1b: Diancie|Protect|p1b: Diancie\n|-singleturn|p1b: Diancie|Protect\n|move|p2b: feiki buenos momos|Fake Out|p1a: Kingambit\n|-resisted|p1a: Kingambit\n|-damage|p1a: Kingambit|77\/100\n|cant|p1a: Kingambit|flinch\n|move|p2a: anndobien F|Nasty Plot|p2a: anndobien F\n|-boost|p2a: anndobien F|spa|2\n|\n|-heal|p1b: Diancie|48\/100|[from] Grassy Terrain\n|-heal|p1a: Kingambit|83\/100|[from] Grassy Terrain\n|-heal|p1a: Kingambit|90\/100|[from] item: Leftovers\n|-heal|p2b: feiki buenos momos|36\/100|[from] Grassy Terrain\n|-heal|p2a: anndobien F|95\/100|[from] Grassy Terrain\n|upkeep\n|turn|11\n|l| Fakee\n|j| Meminger21\n|j| Fakee\n|l| ratpacker\n|inactive|Enzonana has 210 seconds left.\n|j| AIRedzone\n|j| Food_Steamer\n|\n|t:|1701007885\n|switch|p2b: kkru vs eric|Volcanion|55\/100\n|move|p2a: anndobien F|Protect|p2a: anndobien F\n|-singleturn|p2a: anndobien F|Protect\n|move|p1b: Diancie|Diamond Storm|p2b: kkru vs eric|[spread] p2b\n|-activate|p2a: anndobien F|move: Protect\n|-supereffective|p2b: kkru vs eric\n|-damage|p2b: kkru vs eric|0 fnt\n|-boost|p1b: Diancie|def|2\n|faint|p2b: kkru vs eric\n|move|p1a: Kingambit|Kowtow Cleave|p2a: anndobien F\n|-activate|p2a: anndobien F|move: Protect\n|\n|-heal|p1b: Diancie|54\/100|[from] Grassy Terrain\n|-heal|p1a: Kingambit|96\/100|[from] Grassy Terrain\n|-heal|p1a: Kingambit|100\/100|[from] item: Leftovers\n|-heal|p2a: anndobien F|100\/100|[from] Grassy Terrain\n|upkeep\n|\n|t:|1701007888\n|switch|p2b: feiki buenos momos|Rillaboom, F|36\/100\n|turn|12\n|inactive|Enzonana has 210 seconds left.\n|inactive|Memoriies has 270 seconds left.\n|j| papiloco\n|j| ratpacker\n|j| SMB\n|\n|t:|1701007951\n|move|p1b: Diancie|Protect|p1b: Diancie\n|-singleturn|p1b: Diancie|Protect\n|move|p2b: feiki buenos momos|Fake Out|p1a: Kingambit\n|-resisted|p1a: Kingambit\n|-damage|p1a: Kingambit|96\/100\n|cant|p1a: Kingambit|flinch\n|move|p2a: anndobien F|Make It Rain|p1b: Diancie|[spread] p1a\n|-activate|p1b: Diancie|move: Protect\n|-resisted|p1a: Kingambit\n|-damage|p1a: Kingambit|49\/100\n|-unboost|p2a: anndobien F|spa|1\n|\n|-heal|p1b: Diancie|61\/100|[from] Grassy Terrain\n|-heal|p1a: Kingambit|55\/100|[from] Grassy Terrain\n|-heal|p1a: Kingambit|61\/100|[from] item: Leftovers\n|-heal|p2b: feiki buenos momos|42\/100|[from] Grassy Terrain\n|-fieldend|move: Trick Room\n|-fieldend|move: Grassy Terrain\n|upkeep\n|turn|13\n|j|+Actuarily\n|inactive|Memoriies has 270 seconds left.\n|l| AIRedzone\n|c| mannca|Nana eres literalmente cagada\n|inactive|Enzonana has 180 seconds left.\n|\n|t:|1701007989\n|move|p2a: anndobien F|Nasty Plot|p2a: anndobien F\n|-boost|p2a: anndobien F|spa|2\n|move|p2b: feiki buenos momos|Low Kick|p1a: Kingambit\n|-supereffective|p1a: Kingambit\n|-damage|p1a: Kingambit|0 fnt\n|faint|p1a: Kingambit\n|move|p1b: Diancie|Trick Room|p1b: Diancie\n|-fieldstart|move: Trick Room|[of] p1b: Diancie\n|\n|upkeep\n|c| Fakee|:V\n|\n|t:|1701007998\n|switch|p1a: Ursaluna|Ursaluna, M|100\/100\n|turn|14\n|c|\u2606Enzonana|los buenos momos still on the line\n|inactive|Memoriies has 270 seconds left.\n|c| Fakee|STILL ON TOP\n|\n|t:|1701008018\n|switch|p2b: el bolas|Landorus-Therian, M|50\/100\n|-ability|p2b: el bolas|Intimidate|boost\n|-unboost|p1a: Ursaluna|atk|1\n|-fail|p1b: Diancie|unboost|[from] ability: Clear Body|[of] p1b: Diancie\n|-terastallize|p2a: anndobien F|Dragon\n|move|p1a: Ursaluna|Swords Dance|p1a: Ursaluna\n|-boost|p1a: Ursaluna|atk|2\n|move|p1b: Diancie|Diamond Storm|p2a: anndobien F|[spread] p2b\n|-miss|p1b: Diancie|p2a: anndobien F\n|-damage|p2b: el bolas|0 fnt\n|faint|p2b: el bolas\n|move|p2a: anndobien F|Make It Rain|p1a: Ursaluna|[spread] p1a,p1b\n|-damage|p1a: Ursaluna|0 fnt\n|-damage|p1b: Diancie|0 fnt\n|-unboost|p2a: anndobien F|spa|1\n|faint|p1a: Ursaluna\n|faint|p1b: Diancie\n|\n|upkeep\n|inactive|Enzonana has 210 seconds left.\n|c|\u2606Enzonana|gg\n|\n|t:|1701008033\n|switch|p1b: Rillaboom|Rillaboom, M|99\/100\n|switch|p2b: el edgar|Regidrago|92\/100\n|-fieldstart|move: Grassy Terrain|[from] ability: Grassy Surge|[of] p1b: Rillaboom\n|turn|15\n|l| tianlengmeihou\n|\n|t:|1701008043\n|move|p1b: Rillaboom|Wood Hammer|p2a: anndobien F\n|-resisted|p2a: anndobien F\n|-damage|p2a: anndobien F|57\/100\n|-damage|p1b: Rillaboom|87\/100|[from] Recoil\n|move|p2a: anndobien F|Make It Rain|p1b: Rillaboom\n|-damage|p1b: Rillaboom|13\/100\n|-unboost|p2a: anndobien F|spa|1\n|move|p2b: el edgar|Dragon Energy|p1b: Rillaboom\n|-damage|p1b: Rillaboom|0 fnt\n|faint|p1b: Rillaboom\n|\n|win|Enzonana\n|l| Mamiloca\n|l| SEROO\n|l| agPikachu\n|l| ayaka\n|l| mannca\n|l|+Actuarily\n|l| lezhengzhuzhu\n|l| Fakee\n|l| ratpacker\n|l| eguipeng\n|player|p1|Memoriies|acetrainerf-gen4dp\n|l| Meminger21\n|l| Food_Steamer\n|l|+zoe\n|j| Mamiloca\n|j| AIRedzone\n|c| Mamiloca|Qu\u00edtenme el mute no sean culeros\n|l| Mamiloca\n|j| Mamiloca\n|l| SMB\n|l| Mamiloca\n|l| Based Witch\n|l| AIRedzone\n|l| papiloco\n|j| disclusure\n|l|+edgar\n|j|+Yoda2798\n|l|\u2606Memoriies\n|player|p1|\n|l| disclusure\n|j| F3rrari450\n|l| scpseptember\u9b3c\u706f\n|l| F3rrari450\n|j| Waiting on U\n|l| Waiting on U\n|j| bernian\n|c| bernian|god nana\n|l| bernian\n|j| Nido-Rus\n","uploadtime":1701008177,"views":80,"p1id":"memoriies","p2id":"enzonana","formatid":"gen9doublesou","rating":0,"private":0,"password":""}