{"id":"gen9doublesou-1975480155","p1":"Devrick Mundle","p2":"Rickyflames1","format":"[Gen 9] Doubles OU","log":"|j|\u2606Devrick Mundle\n|j|\u2606Rickyflames1\n|t:|1698195843\n|gametype|doubles\n|player|p1|Devrick Mundle|169|\n|player|p2|Rickyflames1|169|\n|teamsize|p1|6\n|teamsize|p2|6\n|gen|9\n|tier|[Gen 9] Doubles OU\n|rule|Species Clause: Limit one of each Pok\u00e9mon\n|rule|OHKO Clause: OHKO moves are banned\n|rule|Evasion Moves Clause: Evasion moves are banned\n|rule|Gravity Sleep Clause: The combination of sleep-inducing moves with imperfect accuracy and Gravity or Gigantamax Orbeetle are banned\n|rule|Endless Battle Clause: Forcing endless battles is banned\n|rule|HP Percentage Mod: HP is shown in percentages\n|clearpoke\n|poke|p1|Charjabug, F|\n|poke|p1|Gholdengo|\n|poke|p1|Flutter Mane|\n|poke|p1|Iron Moth|\n|poke|p1|Kommo-o, M|\n|poke|p1|Indeedee-F, F|\n|poke|p2|Weezing-Galar, F|\n|poke|p2|Slaking, F|\n|poke|p2|Grafaiai, M|\n|poke|p2|Scovillain, F|\n|poke|p2|Espathra, M|\n|poke|p2|Donphan, L1, M|\n|teampreview\n|\n|t:|1698195882\n|start\n|switch|p1a: Kommo-o|Kommo-o, M|100\/100\n|switch|p1b: Indeedee|Indeedee-F, F|100\/100\n|switch|p2a: Slaking|Slaking, F, shiny|100\/100\n|switch|p2b: Grafaiai|Grafaiai, M|100\/100\n|-fieldstart|move: Psychic Terrain|[from] ability: Psychic Surge|[of] p1b: Indeedee\n|turn|1\n|inactive|Battle timer is ON: inactive players will automatically lose when time's up. (requested by Rickyflames1)\n|inactive|Rickyflames1 has 270 seconds left.\n|\n|t:|1698195923\n|switch|p2a: Espathra|Espathra, M|100\/100\n|move|p1b: Indeedee|Follow Me|p1b: Indeedee\n|-singleturn|p1b: Indeedee|move: Follow Me\n|move|p2b: Grafaiai|Doodle|p1b: Indeedee\n|-activate|p1b: Indeedee|move: Psychic Terrain\n|move|p1a: Kommo-o|Clangorous Soul|p1a: Kommo-o\n|-boost|p1a: Kommo-o|atk|1\n|-boost|p1a: Kommo-o|def|1\n|-boost|p1a: Kommo-o|spa|1\n|-boost|p1a: Kommo-o|spd|1\n|-boost|p1a: Kommo-o|spe|1\n|-enditem|p2b: Grafaiai|Mirror Herb\n|-boost|p2b: Grafaiai|atk|1|[from] item: Mirror Herb\n|-boost|p2b: Grafaiai|def|1|[from] item: Mirror Herb\n|-boost|p2b: Grafaiai|spa|1|[from] item: Mirror Herb\n|-boost|p2b: Grafaiai|spd|1|[from] item: Mirror Herb\n|-boost|p2b: Grafaiai|spe|1|[from] item: Mirror Herb\n|-enditem|p2a: Espathra|Mirror Herb\n|-boost|p2a: Espathra|atk|1|[from] item: Mirror Herb\n|-boost|p2a: Espathra|def|1|[from] item: Mirror Herb\n|-boost|p2a: Espathra|spa|1|[from] item: Mirror Herb\n|-boost|p2a: Espathra|spd|1|[from] item: Mirror Herb\n|-boost|p2a: Espathra|spe|1|[from] item: Mirror Herb\n|-ability|p2a: Espathra|Opportunist|boost\n|-boost|p2a: Espathra|atk|1\n|-boost|p2a: Espathra|def|1\n|-boost|p2a: Espathra|spa|1\n|-boost|p2a: Espathra|spd|1\n|-boost|p2a: Espathra|spe|1\n|-damage|p1a: Kommo-o|68\/100\n|-enditem|p1a: Kommo-o|Throat Spray\n|-boost|p1a: Kommo-o|spa|1|[from] item: Throat Spray\n|-ability|p2a: Espathra|Opportunist|boost\n|-boost|p2a: Espathra|spa|1\n|\n|upkeep\n|turn|2\n|inactive|Rickyflames1 has 270 seconds left.\n|\n|t:|1698195967\n|-terastallize|p1a: Kommo-o|Normal\n|move|p1b: Indeedee|Follow Me|p1b: Indeedee\n|-singleturn|p1b: Indeedee|move: Follow Me\n|move|p2a: Espathra|Baton Pass|p2a: Espathra\n|\n|t:|1698195974\n|switch|p2a: Slaking|Slaking, F, shiny|100\/100|[from] Baton Pass\n|move|p2b: Grafaiai|Knock Off|p1b: Indeedee\n|-supereffective|p1b: Indeedee\n|-damage|p1b: Indeedee|21\/100\n|-enditem|p1b: Indeedee|Mental Herb|[from] move: Knock Off|[of] p2b: Grafaiai\n|move|p1a: Kommo-o|Clanging Scales|p2b: Grafaiai|[spread] p2a,p2b\n|-damage|p2a: Slaking|58\/100\n|-damage|p2b: Grafaiai|35\/100\n|-unboost|p1a: Kommo-o|def|1\n|\n|upkeep\n|turn|3\n|inactive|Rickyflames1 has 270 seconds left.\n|inactive|Rickyflames1 has 240 seconds left.\n|\n|t:|1698196024\n|switch|p2b: Weezing|Weezing-Galar, F|100\/100\n|-ability|p2b: Weezing|Neutralizing Gas\n|-terastallize|p2a: Slaking|Steel\n|move|p1b: Indeedee|Follow Me|p1b: Indeedee\n|-singleturn|p1b: Indeedee|move: Follow Me\n|move|p2a: Slaking|Earthquake|p1a: Kommo-o|[spread] p2b,p1a,p1b\n|-supereffective|p2b: Weezing\n|-damage|p2b: Weezing|0 fnt\n|-damage|p1a: Kommo-o|5\/100\n|-damage|p1b: Indeedee|0 fnt\n|faint|p2b: Weezing\n|-end|p2b: Weezing|ability: Neutralizing Gas\n|faint|p1b: Indeedee\n|move|p1a: Kommo-o|Hyper Voice|p2a: Slaking\n|-resisted|p2a: Slaking\n|-damage|p2a: Slaking|33\/100\n|\n|upkeep\n|inactive|Rickyflames1 has 240 seconds left.\n|\n|t:|1698196049\n|switch|p1b: Flutter Mane|Flutter Mane|100\/100\n|switch|p2b: Grafaiai|Grafaiai, M|35\/100\n|turn|4\n|inactive|Rickyflames1 has 240 seconds left.\n|\n|t:|1698196077\n|cant|p2a: Slaking|ability: Truant\n|move|p1a: Kommo-o|Clanging Scales|p2a: Slaking|[spread] p2a,p2b\n|-resisted|p2a: Slaking\n|-damage|p2a: Slaking|11\/100\n|-damage|p2b: Grafaiai|0 fnt\n|faint|p2b: Grafaiai\n|-unboost|p1a: Kommo-o|def|1\n|move|p1b: Flutter Mane|Mystical Fire|p2a: Slaking\n|-supereffective|p2a: Slaking\n|-crit|p2a: Slaking\n|-damage|p2a: Slaking|0 fnt\n|faint|p2a: Slaking\n|\n|upkeep\n|inactive|Rickyflames1 has 240 seconds left.\n|\n|t:|1698196097\n|switch|p2b: Donphan|Donphan, L1, M, shiny|100\/100\n|switch|p2a: Scovillain|Scovillain, F|100\/100\n|turn|5\n|inactive|Rickyflames1 has 240 seconds left.\n|\n|t:|1698196123\n|move|p2b: Donphan|Ice Shard|p1a: Kommo-o\n|-activate|p1a: Kommo-o|move: Psychic Terrain\n|move|p1a: Kommo-o|Clanging Scales|p2a: Scovillain|[spread] p2a,p2b\n|-enditem|p2a: Scovillain|Focus Sash\n|-damage|p2a: Scovillain|1\/100\n|-ability|p2b: Donphan|Sturdy\n|-damage|p2b: Donphan|9\/100\n|-unboost|p1a: Kommo-o|def|1\n|move|p1b: Flutter Mane|Shadow Ball|p2a: Scovillain\n|-damage|p2a: Scovillain|0 fnt\n|faint|p2a: Scovillain\n|\n|-fieldend|move: Psychic Terrain\n|upkeep\n|\n|t:|1698196143\n|switch|p2a: Espathra|Espathra, M|100\/100\n|turn|6\n|\n|t:|1698196161\n|move|p2b: Donphan|Ice Shard|p1a: Kommo-o\n|-damage|p1a: Kommo-o|4\/100\n|-heal|p2b: Donphan|17\/100|[from] item: Shell Bell|[of] p1a: Kommo-o\n|move|p1a: Kommo-o|Clanging Scales|p2b: Donphan|[spread] p2a,p2b\n|-damage|p2a: Espathra|0 fnt\n|-damage|p2b: Donphan|0 fnt\n|faint|p2a: Espathra\n|faint|p2b: Donphan\n|\n|win|Devrick Mundle\n|c|\u2606Devrick Mundle|gg\n","uploadtime":1698196172,"views":17,"p1id":"devrickmundle","p2id":"rickyflames1","formatid":"gen9doublesou","rating":0,"private":0,"password":""}