{"id":"gen9doublesou-1988307995","p1":"Dlovo","p2":"Satoru Gozou","format":"[Gen 9] Doubles OU","log":"|j|\u2606Dlovo\n|j|\u2606Satoru Gozou\n|t:|1699705892\n|gametype|doubles\n|player|p1|Dlovo|cyrus-masters|1389\n|player|p2|Satoru Gozou|drayden|1514\n|teamsize|p1|6\n|teamsize|p2|6\n|gen|9\n|tier|[Gen 9] Doubles OU\n|rated|\n|rule|Species Clause: Limit one of each Pok\u00e9mon\n|rule|OHKO Clause: OHKO moves are banned\n|rule|Evasion Moves Clause: Evasion moves are banned\n|rule|Gravity Sleep Clause: The combination of sleep-inducing moves with imperfect accuracy and Gravity or Gigantamax Orbeetle are banned\n|rule|Endless Battle Clause: Forcing endless battles is banned\n|rule|HP Percentage Mod: HP is shown in percentages\n|clearpoke\n|poke|p1|Tornadus, M|\n|poke|p1|Chi-Yu|\n|poke|p1|Ogerpon-Hearthflame, F|\n|poke|p1|Flutter Mane|\n|poke|p1|Garchomp, M|\n|poke|p1|Amoonguss, M|\n|poke|p2|Gliscor, F|\n|poke|p2|Rillaboom, F|\n|poke|p2|Gastrodon, M|\n|poke|p2|Iron Hands|\n|poke|p2|Chien-Pao|\n|poke|p2|Politoed, F|\n|teampreview\n|inactive|Battle timer is ON: inactive players will automatically lose when time's up. (requested by Satoru Gozou)\n|\n|t:|1699705910\n|start\n|switch|p1a: Tornadus|Tornadus, M, shiny|100\/100\n|switch|p1b: Garchomp|Garchomp, M|100\/100\n|switch|p2a: Prod\u00edgio do Gozo|Gastrodon, M, shiny|100\/100\n|switch|p2b: Perereco|Politoed, F|100\/100\n|-weather|RainDance|[from] ability: Drizzle|[of] p2b: Perereco\n|turn|1\n|inactive|Dlovo has 120 seconds left.\n|\n|t:|1699705945\n|move|p1a: Tornadus|Sunny Day|p1a: Tornadus\n|-weather|SunnyDay\n|move|p1b: Garchomp|Earthquake|p2a: Prod\u00edgio do Gozo|[spread] p2a,p2b\n|-immune|p1a: Tornadus\n|-damage|p2a: Prod\u00edgio do Gozo|28\/100\n|-damage|p2b: Perereco|25\/100\n|-enditem|p2a: Prod\u00edgio do Gozo|Sitrus Berry|[eat]\n|-heal|p2a: Prod\u00edgio do Gozo|53\/100|[from] item: Sitrus Berry\n|move|p2b: Perereco|Icy Wind|p1a: Tornadus|[spread] p1a,p1b\n|-supereffective|p1a: Tornadus\n|-supereffective|p1b: Garchomp\n|-damage|p1a: Tornadus|82\/100\n|-damage|p1b: Garchomp|62\/100\n|-unboost|p1a: Tornadus|spe|1\n|-unboost|p1b: Garchomp|spe|1\n|move|p2a: Prod\u00edgio do Gozo|Muddy Water|p1b: Garchomp|[spread] p1b\n|-miss|p2a: Prod\u00edgio do Gozo|p1a: Tornadus\n|-damage|p1b: Garchomp|46\/100\n|\n|-weather|SunnyDay|[upkeep]\n|upkeep\n|turn|2\n|\n|t:|1699705966\n|move|p2a: Prod\u00edgio do Gozo|Protect|p2a: Prod\u00edgio do Gozo\n|-singleturn|p2a: Prod\u00edgio do Gozo|Protect\n|move|p1a: Tornadus|Tailwind|p1a: Tornadus\n|-sidestart|p1: Dlovo|move: Tailwind\n|move|p1b: Garchomp|Earthquake|p2a: Prod\u00edgio do Gozo|[spread] p2b\n|-activate|p2a: Prod\u00edgio do Gozo|move: Protect\n|-immune|p1a: Tornadus\n|-damage|p2b: Perereco|0 fnt\n|faint|p2b: Perereco\n|\n|-weather|SunnyDay|[upkeep]\n|upkeep\n|\n|t:|1699705978\n|switch|p2b: Siriguelo|Gliscor, F|100\/100\n|turn|3\n|\n|t:|1699705990\n|switch|p2a: Todou previd\u00eancia|Rillaboom, F, shiny|100\/100\n|-fieldstart|move: Grassy Terrain|[from] ability: Grassy Surge|[of] p2a: Todou previd\u00eancia\n|-enditem|p2b: Siriguelo|Grassy Seed\n|-boost|p2b: Siriguelo|def|1|[from] item: Grassy Seed\n|move|p1b: Garchomp|Earthquake|p2a: Todou previd\u00eancia|[spread] p2a\n|-immune|p1a: Tornadus\n|-immune|p2b: Siriguelo\n|-resisted|p2a: Todou previd\u00eancia\n|-damage|p2a: Todou previd\u00eancia|87\/100\n|move|p1a: Tornadus|Bleakwind Storm|p2b: Siriguelo|[spread] p2b\n|-miss|p1a: Tornadus|p2a: Todou previd\u00eancia\n|-damage|p2b: Siriguelo|39\/100\n|move|p2b: Siriguelo|Acrobatics|p1b: Garchomp\n|-damage|p1b: Garchomp|2\/100\n|-damage|p2b: Siriguelo|27\/100|[from] ability: Rough Skin|[of] p1b: Garchomp\n|\n|-weather|SunnyDay|[upkeep]\n|-heal|p1b: Garchomp|9\/100|[from] Grassy Terrain\n|-heal|p2a: Todou previd\u00eancia|93\/100|[from] Grassy Terrain\n|upkeep\n|turn|4\n|inactive|Dlovo has 120 seconds left.\n|inactive|Satoru Gozou has 120 seconds left.\n|\n|t:|1699706024\n|switch|p1b: Flutter Mane|Flutter Mane|100\/100\n|-activate|p1b: Flutter Mane|ability: Protosynthesis\n|-start|p1b: Flutter Mane|protosynthesisspa\n|move|p2a: Todou previd\u00eancia|Fake Out|p1a: Tornadus\n|-damage|p1a: Tornadus|61\/100\n|cant|p1a: Tornadus|flinch\n|move|p2b: Siriguelo|Acrobatics|p1a: Tornadus\n|-damage|p1a: Tornadus|4\/100\n|\n|-weather|SunnyDay|[upkeep]\n|-heal|p2a: Todou previd\u00eancia|99\/100|[from] Grassy Terrain\n|upkeep\n|turn|5\n|inactive|Dlovo has 120 seconds left.\n|\n|t:|1699706051\n|-terastallize|p1b: Flutter Mane|Fairy\n|move|p2a: Todou previd\u00eancia|Grassy Glide|p1a: Tornadus\n|-resisted|p1a: Tornadus\n|-damage|p1a: Tornadus|0 fnt\n|faint|p1a: Tornadus\n|move|p1b: Flutter Mane|Dazzling Gleam|p2a: Todou previd\u00eancia|[spread] p2a,p2b\n|-damage|p2a: Todou previd\u00eancia|18\/100\n|-damage|p2b: Siriguelo|0 fnt\n|faint|p2b: Siriguelo\n|\n|-weather|none\n|-end|p1b: Flutter Mane|Protosynthesis\n|-heal|p2a: Todou previd\u00eancia|24\/100|[from] Grassy Terrain\n|-sideend|p1: Dlovo|move: Tailwind\n|upkeep\n|\n|t:|1699706074\n|switch|p2b: Rodrigo Tinoco|Iron Hands|100\/100\n|switch|p1a: Garchomp|Garchomp, M|9\/100\n|turn|6\n|\n|t:|1699706095\n|move|p2b: Rodrigo Tinoco|Fake Out|p1b: Flutter Mane\n|-damage|p1b: Flutter Mane|64\/100\n|move|p2a: Todou previd\u00eancia|Grassy Glide|p1a: Garchomp\n|-damage|p1a: Garchomp|0 fnt\n|-damage|p2a: Todou previd\u00eancia|11\/100|[from] ability: Rough Skin|[of] p1a: Garchomp\n|faint|p1a: Garchomp\n|cant|p1b: Flutter Mane|flinch\n|\n|-heal|p1b: Flutter Mane|70\/100|[from] Grassy Terrain\n|-heal|p2a: Todou previd\u00eancia|18\/100|[from] Grassy Terrain\n|upkeep\n|\n|t:|1699706111\n|switch|p1a: Amoonguss|Amoonguss, M|100\/100\n|turn|7\n|inactive|Satoru Gozou has 120 seconds left.\n|\n|t:|1699706179\n|-end|p2b: Rodrigo Tinoco|Quark Drive|[silent]\n|switch|p2b: Prod\u00edgio do Gozo|Gastrodon, M, shiny|53\/100\n|-terastallize|p2a: Todou previd\u00eancia|Grass\n|move|p1a: Amoonguss|Rage Powder|p1a: Amoonguss\n|-singleturn|p1a: Amoonguss|move: Rage Powder\n|move|p2a: Todou previd\u00eancia|Grassy Glide|p1b: Flutter Mane\n|-damage|p1b: Flutter Mane|0 fnt\n|faint|p1b: Flutter Mane\n|-end|p1b: Flutter Mane|Protosynthesis|[silent]\n|\n|-heal|p2a: Todou previd\u00eancia|24\/100|[from] Grassy Terrain\n|-heal|p2b: Prod\u00edgio do Gozo|59\/100|[from] Grassy Terrain\n|-fieldend|move: Grassy Terrain\n|upkeep\n|\n|t:|1699706195\n|switch|p1b: Ogerpon|Ogerpon-Hearthflame, F|100\/100\n|-ability|p1b: Ogerpon|Mold Breaker\n|turn|8\n|inactive|Satoru Gozou has 120 seconds left.\n|\n|t:|1699706230\n|move|p2b: Prod\u00edgio do Gozo|Protect|p2b: Prod\u00edgio do Gozo\n|-singleturn|p2b: Prod\u00edgio do Gozo|Protect\n|move|p1b: Ogerpon|Swords Dance|p1b: Ogerpon\n|-boost|p1b: Ogerpon|atk|2\n|move|p2a: Todou previd\u00eancia|Knock Off|p1a: Amoonguss\n|-damage|p1a: Amoonguss|71\/100\n|-damage|p2a: Todou previd\u00eancia|7\/100|[from] item: Rocky Helmet|[of] p1a: Amoonguss\n|-enditem|p1a: Amoonguss|Rocky Helmet|[from] move: Knock Off|[of] p2a: Todou previd\u00eancia\n|move|p1a: Amoonguss|Pollen Puff|p2a: Todou previd\u00eancia\n|-supereffective|p2a: Todou previd\u00eancia\n|-damage|p2a: Todou previd\u00eancia|0 fnt\n|faint|p2a: Todou previd\u00eancia\n|\n|upkeep\n|inactive|Satoru Gozou has 90 seconds left.\n|\n|t:|1699706264\n|switch|p2a: Rodrigo Tinoco|Iron Hands|100\/100\n|turn|9\n|\n|t:|1699706272\n|move|p2a: Rodrigo Tinoco|Fake Out|p1b: Ogerpon\n|-damage|p1b: Ogerpon|78\/100\n|cant|p1b: Ogerpon|flinch\n|move|p2b: Prod\u00edgio do Gozo|Muddy Water|p1b: Ogerpon|[spread] p1a,p1b\n|-resisted|p1a: Amoonguss\n|-damage|p1a: Amoonguss|59\/100\n|-damage|p1b: Ogerpon|45\/100\n|-unboost|p1b: Ogerpon|accuracy|1\n|move|p1a: Amoonguss|Spore|p2a: Rodrigo Tinoco\n|-status|p2a: Rodrigo Tinoco|slp|[from] move: Spore\n|\n|upkeep\n|turn|10\n|inactive|Satoru Gozou has 120 seconds left.\n|\n|t:|1699706290\n|move|p2b: Prod\u00edgio do Gozo|Protect|p2b: Prod\u00edgio do Gozo\n|-singleturn|p2b: Prod\u00edgio do Gozo|Protect\n|move|p1b: Ogerpon|Wood Hammer|p2b: Prod\u00edgio do Gozo\n|-activate|p2b: Prod\u00edgio do Gozo|move: Protect\n|cant|p2a: Rodrigo Tinoco|slp\n|move|p1a: Amoonguss|Pollen Puff|p1b: Ogerpon\n|-heal|p1b: Ogerpon|95\/100\n|\n|upkeep\n|turn|11\n|\n|t:|1699706321\n|move|p1a: Amoonguss|Rage Powder|p1a: Amoonguss\n|-singleturn|p1a: Amoonguss|move: Rage Powder\n|move|p1b: Ogerpon|Wood Hammer|p2b: Prod\u00edgio do Gozo|[miss]\n|-miss|p1b: Ogerpon|p2b: Prod\u00edgio do Gozo\n|cant|p2a: Rodrigo Tinoco|slp\n|move|p2b: Prod\u00edgio do Gozo|Muddy Water|p1b: Ogerpon|[spread] p1b\n|-miss|p2b: Prod\u00edgio do Gozo|p1a: Amoonguss\n|-damage|p1b: Ogerpon|62\/100\n|-unboost|p1b: Ogerpon|accuracy|1\n|\n|upkeep\n|turn|12\n|\n|t:|1699706336\n|move|p2b: Prod\u00edgio do Gozo|Protect|p2b: Prod\u00edgio do Gozo\n|-singleturn|p2b: Prod\u00edgio do Gozo|Protect\n|move|p1b: Ogerpon|Swords Dance|p1b: Ogerpon\n|-boost|p1b: Ogerpon|atk|2\n|-curestatus|p2a: Rodrigo Tinoco|slp|[msg]\n|move|p2a: Rodrigo Tinoco|Drain Punch|p1b: Ogerpon\n|-damage|p1b: Ogerpon|6\/100\n|move|p1a: Amoonguss|Pollen Puff|p1b: Ogerpon\n|-heal|p1b: Ogerpon|56\/100\n|\n|upkeep\n|turn|13\n|\n|t:|1699706358\n|move|p1b: Ogerpon|Ivy Cudgel|p2a: Rodrigo Tinoco|[miss]\n|-miss|p1b: Ogerpon|p2a: Rodrigo Tinoco\n|move|p2a: Rodrigo Tinoco|Drain Punch|p1b: Ogerpon\n|-damage|p1b: Ogerpon|0 fnt\n|faint|p1b: Ogerpon\n|move|p2b: Prod\u00edgio do Gozo|Earth Power|p1a: Amoonguss\n|-damage|p1a: Amoonguss|25\/100\n|move|p1a: Amoonguss|Pollen Puff|p1: Ogerpon|[notarget]\n|-fail|p1a: Amoonguss\n|\n|upkeep\n|\n|t:|1699706367\n|switch|p1b: Chi-Yu|Chi-Yu|100\/100\n|-ability|p1b: Chi-Yu|Beads of Ruin\n|turn|14\n|\n|t:|1699706390\n|move|p1b: Chi-Yu|Heat Wave|p2a: Rodrigo Tinoco|[spread] p2b\n|-miss|p1b: Chi-Yu|p2a: Rodrigo Tinoco\n|-resisted|p2b: Prod\u00edgio do Gozo\n|-damage|p2b: Prod\u00edgio do Gozo|27\/100\n|-damage|p1b: Chi-Yu|91\/100|[from] item: Life Orb\n|move|p2a: Rodrigo Tinoco|Drain Punch|p1b: Chi-Yu\n|-supereffective|p1b: Chi-Yu\n|-crit|p1b: Chi-Yu\n|-damage|p1b: Chi-Yu|0 fnt\n|faint|p1b: Chi-Yu\n|move|p2b: Prod\u00edgio do Gozo|Muddy Water|p1a: Amoonguss\n|-resisted|p1a: Amoonguss\n|-damage|p1a: Amoonguss|9\/100\n|-unboost|p1a: Amoonguss|accuracy|1\n|move|p1a: Amoonguss|Spore|p2a: Rodrigo Tinoco\n|-status|p2a: Rodrigo Tinoco|slp|[from] move: Spore\n|\n|upkeep\n|turn|15\n|-message|Dlovo forfeited.\n|\n|win|Satoru Gozou\n|raw|Dlovo's rating: 1389 &rarr; <strong>1376<\/strong><br \/>(-13 for losing)\n|raw|Satoru Gozou's rating: 1514 &rarr; <strong>1527<\/strong><br \/>(+13 for winning)\n|l|\u2606Dlovo\n","uploadtime":1699706406,"views":4,"p1id":"dlovo","p2id":"satorugozou","formatid":"gen9doublesou","rating":1376,"private":0,"password":""}