{"id":"gen9doublesou-1976308116","p1":"toaduniversity9","p2":"The RedSmiler","format":"[Gen 9] Doubles OU","log":"|j|\u2606toaduniversity9\n|j|\u2606The RedSmiler\n|t:|1698284826\n|gametype|doubles\n|player|p1|toaduniversity9|102|1197\n|player|p2|The RedSmiler|clown|1140\n|teamsize|p1|6\n|teamsize|p2|6\n|gen|9\n|tier|[Gen 9] Doubles OU\n|rated|\n|rule|Species Clause: Limit one of each Pok\u00e9mon\n|rule|OHKO Clause: OHKO moves are banned\n|rule|Evasion Moves Clause: Evasion moves are banned\n|rule|Gravity Sleep Clause: The combination of sleep-inducing moves with imperfect accuracy and Gravity or Gigantamax Orbeetle are banned\n|rule|Endless Battle Clause: Forcing endless battles is banned\n|rule|HP Percentage Mod: HP is shown in percentages\n|clearpoke\n|poke|p1|Cresselia, F|\n|poke|p1|Crabominable, M|\n|poke|p1|Mudsdale, F|\n|poke|p1|Ampharos, F|\n|poke|p1|Farigiraf, M|\n|poke|p1|Diancie|\n|poke|p2|Slaking, M|\n|poke|p2|Ninetales, F|\n|poke|p2|Gallade, M|\n|poke|p2|Weezing-Galar, M|\n|poke|p2|Roaring Moon|\n|poke|p2|Victreebel, F|\n|teampreview\n|inactive|Battle timer is ON: inactive players will automatically lose when time's up. (requested by The RedSmiler)\n|inactive|toaduniversity9 has 120 seconds left.\n|inactive|toaduniversity9 has 90 seconds left.\n|\n|t:|1698284903\n|start\n|switch|p1a: Cresselia|Cresselia, F|100\/100\n|switch|p1b: Mudsdale|Mudsdale, F|100\/100\n|switch|p2a: OneChipChallenge|Weezing-Galar, M|100\/100\n|switch|p2b: Potato Chips|Slaking, M|100\/100\n|-ability|p2a: OneChipChallenge|Neutralizing Gas\n|turn|1\n|inactive|toaduniversity9 has 120 seconds left.\n|\n|t:|1698284942\n|-terastallize|p2b: Potato Chips|Normal\n|move|p2a: OneChipChallenge|Protect|p2a: OneChipChallenge\n|-singleturn|p2a: OneChipChallenge|Protect\n|move|p2b: Potato Chips|Body Slam|p1a: Cresselia\n|-damage|p1a: Cresselia|49\/100\n|move|p1b: Mudsdale|Heavy Slam|p2a: OneChipChallenge\n|-activate|p2a: OneChipChallenge|move: Protect\n|move|p1a: Cresselia|Trick Room|p1a: Cresselia\n|-fieldstart|move: Trick Room|[of] p1a: Cresselia\n|\n|-heal|p1a: Cresselia|55\/100|[from] item: Leftovers\n|upkeep\n|turn|2\n|\n|t:|1698284960\n|move|p1b: Mudsdale|Heavy Slam|p2a: OneChipChallenge\n|-supereffective|p2a: OneChipChallenge\n|-damage|p2a: OneChipChallenge|45\/100\n|move|p2a: OneChipChallenge|Strange Steam|p1a: Cresselia\n|-damage|p1a: Cresselia|37\/100\n|-start|p1a: Cresselia|confusion\n|-activate|p1a: Cresselia|confusion\n|-damage|p1a: Cresselia|33\/100|[from] confusion\n|move|p2b: Potato Chips|Body Slam|p1a: Cresselia\n|-damage|p1a: Cresselia|0 fnt\n|faint|p1a: Cresselia\n|\n|-heal|p2a: OneChipChallenge|51\/100|[from] item: Leftovers\n|upkeep\n|inactive|toaduniversity9 has 120 seconds left.\n|\n|t:|1698284980\n|switch|p1a: Crabominable|Crabominable, M|100\/100\n|turn|3\n|\n|t:|1698284987\n|move|p1b: Mudsdale|Heavy Slam|p2a: OneChipChallenge\n|-supereffective|p2a: OneChipChallenge\n|-damage|p2a: OneChipChallenge|0 fnt\n|faint|p2a: OneChipChallenge\n|-end|p2a: OneChipChallenge|ability: Neutralizing Gas\n|move|p1a: Crabominable|Close Combat|p2b: Potato Chips\n|-supereffective|p2b: Potato Chips\n|-damage|p2b: Potato Chips|6\/100\n|-unboost|p1a: Crabominable|def|1\n|-unboost|p1a: Crabominable|spd|1\n|-enditem|p2b: Potato Chips|Salac Berry|[eat]\n|-boost|p2b: Potato Chips|spe|1|[from] item: Salac Berry\n|move|p2b: Potato Chips|Drain Punch|p1a: Crabominable\n|-supereffective|p1a: Crabominable\n|-damage|p1a: Crabominable|0 fnt\n|-heal|p2b: Potato Chips|45\/100|[from] drain|[of] p1a: Crabominable\n|faint|p1a: Crabominable\n|\n|upkeep\n|\n|t:|1698285005\n|switch|p1a: Farigiraf|Farigiraf, M|100\/100\n|switch|p2a: Corn Chips|Ninetales, F|100\/100\n|-weather|SunnyDay|[from] ability: Drought|[of] p2a: Corn Chips\n|turn|4\n|\n|t:|1698285022\n|move|p1b: Mudsdale|Earthquake|p2b: Potato Chips|[spread] p1a,p2a,p2b\n|-supereffective|p2a: Corn Chips\n|-damage|p1a: Farigiraf|56\/100\n|-damage|p2a: Corn Chips|0 fnt\n|-damage|p2b: Potato Chips|19\/100\n|faint|p2a: Corn Chips\n|move|p1a: Farigiraf|Wish|p1a: Farigiraf\n|cant|p2b: Potato Chips|ability: Truant\n|\n|-weather|SunnyDay|[upkeep]\n|-heal|p1a: Farigiraf|62\/100|[from] item: Leftovers\n|upkeep\n|\n|t:|1698285035\n|switch|p2a: Veggie Straws|Gallade, M|100\/100\n|turn|5\n|\n|t:|1698285050\n|move|p1b: Mudsdale|Earthquake|p2b: Potato Chips|[spread] p1a,p2a,p2b\n|-damage|p1a: Farigiraf|18\/100\n|-damage|p2a: Veggie Straws|21\/100\n|-damage|p2b: Potato Chips|0 fnt\n|faint|p2b: Potato Chips\n|move|p1a: Farigiraf|Psyshock|p2a: Veggie Straws\n|-damage|p2a: Veggie Straws|0 fnt\n|faint|p2a: Veggie Straws\n|\n|-weather|SunnyDay|[upkeep]\n|-heal|p1a: Farigiraf|68\/100|[from] move: Wish|[wisher] Farigiraf\n|-heal|p1a: Farigiraf|74\/100|[from] item: Leftovers\n|-fieldend|move: Trick Room\n|upkeep\n|\n|t:|1698285058\n|switch|p2a: FlaminHotCoolRanch|Roaring Moon|100\/100\n|switch|p2b: Sun Chips|Victreebel, F|100\/100\n|-activate|p2a: FlaminHotCoolRanch|ability: Protosynthesis\n|-start|p2a: FlaminHotCoolRanch|protosynthesisspe\n|turn|6\n|inactive|toaduniversity9 has 120 seconds left.\n|\n|t:|1698285116\n|-terastallize|p1a: Farigiraf|Normal\n|move|p2a: FlaminHotCoolRanch|Knock Off|p1a: Farigiraf\n|-damage|p1a: Farigiraf|3\/100\n|-enditem|p1a: Farigiraf|Leftovers|[from] move: Knock Off|[of] p2a: FlaminHotCoolRanch\n|-damage|p2a: FlaminHotCoolRanch|91\/100|[from] item: Life Orb\n|move|p2b: Sun Chips|Giga Drain|p1b: Mudsdale\n|-supereffective|p1b: Mudsdale\n|-damage|p1b: Mudsdale|37\/100\n|-ability|p1b: Mudsdale|Stamina|boost\n|-boost|p1b: Mudsdale|def|1\n|move|p1b: Mudsdale|Body Press|p2a: FlaminHotCoolRanch\n|-supereffective|p2a: FlaminHotCoolRanch\n|-damage|p2a: FlaminHotCoolRanch|28\/100\n|move|p1a: Farigiraf|Trick Room|p1a: Farigiraf\n|-fieldstart|move: Trick Room|[of] p1a: Farigiraf\n|\n|-weather|SunnyDay|[upkeep]\n|-heal|p1b: Mudsdale|43\/100|[from] item: Leftovers\n|upkeep\n|turn|7\n|inactive|toaduniversity9 has 90 seconds left.\n|\n|t:|1698285148\n|move|p1b: Mudsdale|Earthquake|p2b: Sun Chips|[spread] p1a,p2a,p2b\n|-damage|p1a: Farigiraf|0 fnt\n|-damage|p2a: FlaminHotCoolRanch|0 fnt\n|-damage|p2b: Sun Chips|30\/100\n|faint|p1a: Farigiraf\n|faint|p2a: FlaminHotCoolRanch\n|-end|p2a: FlaminHotCoolRanch|Protosynthesis|[silent]\n|move|p2b: Sun Chips|Giga Drain|p1b: Mudsdale\n|-supereffective|p1b: Mudsdale\n|-damage|p1b: Mudsdale|0 fnt\n|-heal|p2b: Sun Chips|68\/100|[from] drain|[of] p1b: Mudsdale\n|faint|p1b: Mudsdale\n|\n|-weather|SunnyDay|[upkeep]\n|upkeep\n|inactive|toaduniversity9 has 90 seconds left.\n|\n|t:|1698285160\n|switch|p1b: Diancie|Diancie|100\/100\n|switch|p1a: Ampharos|Ampharos, F|100\/100\n|turn|8\n|\n|t:|1698285171\n|move|p1b: Diancie|Psyshock|p2b: Sun Chips\n|-supereffective|p2b: Sun Chips\n|-damage|p2b: Sun Chips|0 fnt\n|faint|p2b: Sun Chips\n|\n|win|toaduniversity9\n|raw|toaduniversity9's rating: 1197 &rarr; <strong>1218<\/strong><br \/>(+21 for winning)\n|raw|The RedSmiler's rating: 1140 &rarr; <strong>1119<\/strong><br \/>(-21 for losing)\n","uploadtime":1698285179,"views":12,"p1id":"toaduniversity9","p2id":"theredsmiler","formatid":"gen9doublesou","rating":1119,"private":0,"password":""}