{"id":"gen9doublesou-1996470966","p1":"12 Charlie","p2":"AceBreadMan","format":"[Gen 9] Doubles OU","log":"|j|\u260612 Charlie\n|j|\u2606AceBreadMan\n|t:|1700685200\n|gametype|doubles\n|player|p1|12 Charlie|2|1090\n|player|p2|AceBreadMan|101|1138\n|teamsize|p1|6\n|teamsize|p2|6\n|gen|9\n|tier|[Gen 9] Doubles OU\n|rated|\n|rule|Species Clause: Limit one of each Pok\u00e9mon\n|rule|OHKO Clause: OHKO moves are banned\n|rule|Evasion Moves Clause: Evasion moves are banned\n|rule|Gravity Sleep Clause: The combination of sleep-inducing moves with imperfect accuracy and Gravity or Gigantamax Orbeetle are banned\n|rule|Endless Battle Clause: Forcing endless battles is banned\n|rule|HP Percentage Mod: HP is shown in percentages\n|clearpoke\n|poke|p1|Sinistcha|\n|poke|p1|Ogerpon-Wellspring, F|\n|poke|p1|Cresselia, F|\n|poke|p1|Heatran, M|\n|poke|p1|Ursaluna-Bloodmoon, M|\n|poke|p1|Iron Hands|\n|poke|p2|Sylveon, F|\n|poke|p2|Glaceon, F|\n|poke|p2|Leafeon, M|\n|poke|p2|Umbreon, M|\n|poke|p2|Vaporeon, M|\n|poke|p2|Ninetales-Alola, M|\n|teampreview\n|\n|t:|1700685221\n|start\n|switch|p1a: Heatran|Heatran, M|100\/100\n|switch|p1b: Cresselia|Cresselia, F|100\/100\n|switch|p2a: Glaceon|Glaceon, F|100\/100\n|switch|p2b: Ninetales|Ninetales-Alola, M|100\/100\n|-weather|Snow|[from] ability: Snow Warning|[of] p2b: Ninetales\n|turn|1\n|\n|t:|1700685248\n|-terastallize|p2a: Glaceon|Ground\n|move|p1b: Cresselia|Helping Hand|p1a: Heatran\n|-singleturn|p1a: Heatran|Helping Hand|[of] p1b: Cresselia\n|move|p2b: Ninetales|Aurora Veil|p2b: Ninetales\n|-sidestart|p2: AceBreadMan|move: Aurora Veil\n|move|p1a: Heatran|Magma Storm|p2a: Glaceon\n|-crit|p2a: Glaceon\n|-damage|p2a: Glaceon|0 fnt\n|faint|p2a: Glaceon\n|\n|-weather|Snow|[upkeep]\n|upkeep\n|\n|t:|1700685272\n|switch|p2a: Umbreon|Umbreon, M|100\/100\n|turn|2\n|\n|t:|1700685293\n|switch|p2b: Vaporeon|Vaporeon, M|100\/100\n|move|p1b: Cresselia|Helping Hand|p1a: Heatran\n|-singleturn|p1a: Heatran|Helping Hand|[of] p1b: Cresselia\n|move|p1a: Heatran|Magma Storm|p2a: Umbreon|[miss]\n|-miss|p1a: Heatran|p2a: Umbreon\n|-enditem|p1a: Heatran|Blunder Policy\n|-boost|p1a: Heatran|spe|2\n|move|p2a: Umbreon|Yawn|p1b: Cresselia\n|-start|p1b: Cresselia|move: Yawn|[of] p2a: Umbreon\n|\n|-weather|Snow|[upkeep]\n|upkeep\n|turn|3\n|\n|t:|1700685312\n|move|p1b: Cresselia|Helping Hand|p1a: Heatran\n|-singleturn|p1a: Heatran|Helping Hand|[of] p1b: Cresselia\n|move|p2a: Umbreon|Protect|p2a: Umbreon\n|-singleturn|p2a: Umbreon|Protect\n|move|p2b: Vaporeon|Protect|p2b: Vaporeon\n|-singleturn|p2b: Vaporeon|Protect\n|move|p1a: Heatran|Magma Storm|p2a: Umbreon\n|-activate|p2a: Umbreon|move: Protect\n|\n|-weather|Snow|[upkeep]\n|-end|p1b: Cresselia|move: Yawn|[silent]\n|-status|p1b: Cresselia|slp\n|upkeep\n|turn|4\n|\n|t:|1700685335\n|cant|p1b: Cresselia|slp\n|move|p1a: Heatran|Magma Storm|p2a: Umbreon\n|-damage|p2a: Umbreon|76\/100\n|-activate|p2a: Umbreon|move: Magma Storm|[of] p1a: Heatran\n|move|p2a: Umbreon|Yawn|p1a: Heatran\n|-start|p1a: Heatran|move: Yawn|[of] p2a: Umbreon\n|move|p2b: Vaporeon|Scald|p1a: Heatran\n|-supereffective|p1a: Heatran\n|-damage|p1a: Heatran|52\/100\n|\n|-weather|Snow|[upkeep]\n|-damage|p2a: Umbreon|64\/100|[from] move: Magma Storm|[partiallytrapped]\n|upkeep\n|turn|5\n|\n|t:|1700685359\n|switch|p1a: Iron Hands|Iron Hands|100\/100\n|switch|p1b: Ogerpon|Ogerpon-Wellspring, F|100\/100\n|move|p2b: Vaporeon|Scald|p1a: Iron Hands\n|-damage|p1a: Iron Hands|71\/100\n|move|p2a: Umbreon|Wish|p2a: Umbreon\n|\n|-weather|none\n|-end|p2a: Umbreon|Magma Storm|[partiallytrapped]|[silent]\n|upkeep\n|turn|6\n|\n|t:|1700685384\n|switch|p2b: Leafeon|Leafeon, M|100\/100\n|move|p2a: Umbreon|Protect|p2a: Umbreon\n|-singleturn|p2a: Umbreon|Protect\n|move|p1b: Ogerpon|Horn Leech|p2a: Umbreon\n|-activate|p2a: Umbreon|move: Protect\n|move|p1a: Iron Hands|Wild Charge|p2b: Leafeon\n|-resisted|p2b: Leafeon\n|-damage|p2b: Leafeon|82\/100\n|-damage|p1a: Iron Hands|69\/100|[from] Recoil\n|\n|-heal|p2a: Umbreon|100\/100|[from] move: Wish|[wisher] Umbreon\n|upkeep\n|turn|7\n|\n|t:|1700685414\n|switch|p1b: Heatran|Heatran, M|52\/100\n|move|p2b: Leafeon|Leaf Blade|p1b: Heatran\n|-resisted|p1b: Heatran\n|-crit|p1b: Heatran\n|-damage|p1b: Heatran|37\/100\n|move|p2a: Umbreon|Yawn|p1a: Iron Hands\n|-start|p1a: Iron Hands|move: Yawn|[of] p2a: Umbreon\n|move|p1a: Iron Hands|Drain Punch|p2a: Umbreon\n|-supereffective|p2a: Umbreon\n|-damage|p2a: Umbreon|49\/100\n|-heal|p1a: Iron Hands|86\/100|[from] drain|[of] p2a: Umbreon\n|\n|upkeep\n|turn|8\n|\n|t:|1700685442\n|switch|p2a: Vaporeon|Vaporeon, M|100\/100\n|move|p2b: Leafeon|Knock Off|p1a: Iron Hands\n|-resisted|p1a: Iron Hands\n|-damage|p1a: Iron Hands|76\/100\n|-enditem|p1a: Iron Hands|Black Belt|[from] move: Knock Off|[of] p2b: Leafeon\n|move|p1b: Heatran|Magma Storm|p2b: Leafeon|[miss]\n|-miss|p1b: Heatran|p2b: Leafeon\n|move|p1a: Iron Hands|Drain Punch|p2a: Vaporeon\n|-damage|p2a: Vaporeon|77\/100\n|-heal|p1a: Iron Hands|86\/100|[from] drain|[of] p2a: Vaporeon\n|\n|-heal|p2a: Vaporeon|83\/100|[from] item: Leftovers\n|-end|p1a: Iron Hands|move: Yawn|[silent]\n|-status|p1a: Iron Hands|slp\n|-sideend|p2: AceBreadMan|move: Aurora Veil\n|upkeep\n|turn|9\n|\n|t:|1700685468\n|switch|p2b: Ninetales|Ninetales-Alola, M|100\/100\n|-weather|Snow|[from] ability: Snow Warning|[of] p2b: Ninetales\n|-end|p1a: Iron Hands|Quark Drive|[silent]\n|switch|p1a: Sinistcha|Sinistcha|100\/100\n|-heal|p1b: Heatran|62\/100|[from] ability: Hospitality|[of] p1a: Sinistcha\n|move|p1b: Heatran|Magma Storm|p2b: Ninetales|[miss]\n|-miss|p1b: Heatran|p2b: Ninetales\n|move|p2a: Vaporeon|Wish|p2a: Vaporeon\n|\n|-weather|Snow|[upkeep]\n|-heal|p2a: Vaporeon|90\/100|[from] item: Leftovers\n|upkeep\n|turn|10\n|\n|t:|1700685498\n|move|p2b: Ninetales|Aurora Veil|p2b: Ninetales\n|-sidestart|p2: AceBreadMan|move: Aurora Veil\n|move|p1b: Heatran|Heat Wave|p2b: Ninetales|[spread] p2a,p2b\n|-resisted|p2a: Vaporeon\n|-supereffective|p2b: Ninetales\n|-damage|p2a: Vaporeon|79\/100\n|-damage|p2b: Ninetales|43\/100\n|move|p1a: Sinistcha|Matcha Gotcha|p2a: Vaporeon|[spread] p2a,p2b\n|-supereffective|p2a: Vaporeon\n|-crit|p2b: Ninetales\n|-damage|p2a: Vaporeon|39\/100\n|-damage|p2b: Ninetales|0 fnt\n|faint|p2b: Ninetales\n|move|p2a: Vaporeon|Baton Pass|p2a: Vaporeon\n|\n|t:|1700685511\n|switch|p2a: Umbreon|Umbreon, M|49\/100|[from] Baton Pass\n|\n|-weather|Snow|[upkeep]\n|-heal|p2a: Umbreon|100\/100|[from] move: Wish|[wisher] Vaporeon\n|upkeep\n|\n|t:|1700685526\n|switch|p2b: Sylveon|Sylveon, F, shiny|100\/100\n|turn|11\n|\n|t:|1700685543\n|switch|p1a: Iron Hands|Iron Hands|86\/100 slp\n|move|p1b: Heatran|Heat Wave|p2b: Sylveon|[spread] p2a,p2b\n|-damage|p2a: Umbreon|82\/100\n|-damage|p2b: Sylveon|77\/100\n|move|p2a: Umbreon|Yawn|p1b: Heatran\n|-start|p1b: Heatran|move: Yawn|[of] p2a: Umbreon\n|move|p2b: Sylveon|Shadow Ball|p1a: Iron Hands\n|-crit|p1a: Iron Hands\n|-damage|p1a: Iron Hands|38\/100 slp\n|-damage|p2b: Sylveon|67\/100|[from] item: Life Orb\n|\n|-weather|Snow|[upkeep]\n|upkeep\n|turn|12\n|\n|t:|1700685566\n|move|p1b: Heatran|Magma Storm|p2b: Sylveon\n|-damage|p2b: Sylveon|34\/100\n|-activate|p2b: Sylveon|move: Magma Storm|[of] p1b: Heatran\n|move|p2a: Umbreon|Wish|p2a: Umbreon\n|move|p2b: Sylveon|Hyper Voice|p1b: Heatran|[spread] p1a,p1b\n|-supereffective|p1a: Iron Hands\n|-resisted|p1b: Heatran\n|-damage|p1a: Iron Hands|0 fnt\n|-damage|p1b: Heatran|50\/100\n|faint|p1a: Iron Hands\n|-end|p1a: Iron Hands|Quark Drive|[silent]\n|-damage|p2b: Sylveon|24\/100|[from] item: Life Orb\n|\n|-weather|Snow|[upkeep]\n|-damage|p2b: Sylveon|12\/100|[from] move: Magma Storm|[partiallytrapped]\n|-end|p1b: Heatran|move: Yawn|[silent]\n|-status|p1b: Heatran|slp\n|upkeep\n|\n|t:|1700685590\n|switch|p1a: Sinistcha|Sinistcha|100\/100\n|-heal|p1b: Heatran|75\/100 slp|[from] ability: Hospitality|[of] p1a: Sinistcha\n|turn|13\n|\n|t:|1700685619\n|switch|p2a: Vaporeon|Vaporeon, M|39\/100\n|cant|p1b: Heatran|slp\n|move|p1a: Sinistcha|Matcha Gotcha|p2a: Vaporeon|[spread] p2a,p2b\n|-supereffective|p2a: Vaporeon\n|-damage|p2a: Vaporeon|1\/100\n|-damage|p2b: Sylveon|0 fnt\n|faint|p2b: Sylveon\n|\n|-weather|none\n|-heal|p2a: Vaporeon|37\/100|[from] move: Wish|[wisher] Umbreon\n|-heal|p2a: Vaporeon|43\/100|[from] item: Leftovers\n|upkeep\n|\n|t:|1700685641\n|switch|p2b: Umbreon|Umbreon, M|82\/100\n|turn|14\n|\n|t:|1700685655\n|cant|p1b: Heatran|slp\n|move|p1a: Sinistcha|Matcha Gotcha|p2a: Vaporeon|[spread] p2a,p2b\n|-supereffective|p2a: Vaporeon\n|-damage|p2a: Vaporeon|6\/100\n|-damage|p2b: Umbreon|65\/100\n|move|p2a: Vaporeon|Wish|p2a: Vaporeon\n|move|p2b: Umbreon|Foul Play|p1a: Sinistcha\n|-supereffective|p1a: Sinistcha\n|-damage|p1a: Sinistcha|71\/100\n|\n|-heal|p2a: Vaporeon|12\/100|[from] item: Leftovers\n|upkeep\n|turn|15\n|\n|t:|1700685676\n|move|p2a: Vaporeon|Protect|p2a: Vaporeon\n|-singleturn|p2a: Vaporeon|Protect\n|-curestatus|p1b: Heatran|slp|[msg]\n|move|p1b: Heatran|Flamethrower|p2b: Umbreon\n|-damage|p2b: Umbreon|40\/100\n|move|p1a: Sinistcha|Matcha Gotcha|p2a: Vaporeon|[spread] p2b\n|-activate|p2a: Vaporeon|move: Protect\n|-damage|p2b: Umbreon|22\/100\n|-heal|p1a: Sinistcha|82\/100|[from] drain|[of] p2b: Umbreon\n|-enditem|p2b: Umbreon|Aguav Berry|[eat]\n|-heal|p2b: Umbreon|55\/100|[from] item: Aguav Berry\n|move|p2b: Umbreon|Yawn|p1a: Sinistcha\n|-start|p1a: Sinistcha|move: Yawn|[of] p2b: Umbreon\n|\n|-heal|p2a: Vaporeon|62\/100|[from] move: Wish|[wisher] Vaporeon\n|-heal|p2a: Vaporeon|68\/100|[from] item: Leftovers\n|upkeep\n|turn|16\n|\n|t:|1700685710\n|move|p1b: Heatran|Heat Wave|p2b: Umbreon|[spread] p2a,p2b\n|-resisted|p2a: Vaporeon\n|-damage|p2a: Vaporeon|59\/100\n|-damage|p2b: Umbreon|36\/100\n|move|p1a: Sinistcha|Matcha Gotcha|p2b: Umbreon|[spread] p2a,p2b\n|-supereffective|p2a: Vaporeon\n|-damage|p2a: Vaporeon|20\/100\n|-heal|p1a: Sinistcha|100\/100|[from] drain|[of] p2a: Vaporeon\n|-damage|p2b: Umbreon|19\/100\n|move|p2b: Umbreon|Wish|p2b: Umbreon\n|move|p2a: Vaporeon|Scald|p1b: Heatran\n|-supereffective|p1b: Heatran\n|-damage|p1b: Heatran|25\/100\n|\n|-heal|p2a: Vaporeon|26\/100|[from] item: Leftovers\n|-end|p1a: Sinistcha|move: Yawn|[silent]\n|-status|p1a: Sinistcha|slp\n|upkeep\n|turn|17\n|\n|t:|1700685749\n|switch|p1b: Cresselia|Cresselia, F|100\/100 slp\n|switch|p1a: Ursaluna|Ursaluna-Bloodmoon, M|100\/100\n|move|p2b: Umbreon|Protect|p2b: Umbreon\n|-singleturn|p2b: Umbreon|Protect\n|move|p2a: Vaporeon|Wish|p2a: Vaporeon\n|\n|-heal|p2b: Umbreon|69\/100|[from] move: Wish|[wisher] Umbreon\n|-heal|p2a: Vaporeon|32\/100|[from] item: Leftovers\n|-sideend|p2: AceBreadMan|move: Aurora Veil\n|upkeep\n|turn|18\n|\n|t:|1700685780\n|cant|p1b: Cresselia|slp\n|move|p2a: Vaporeon|Protect|p2a: Vaporeon\n|-singleturn|p2a: Vaporeon|Protect\n|move|p2b: Umbreon|Yawn|p1a: Ursaluna\n|-start|p1a: Ursaluna|move: Yawn|[of] p2b: Umbreon\n|move|p1a: Ursaluna|Hyper Voice|p2a: Vaporeon|[spread] p2b\n|-activate|p2a: Vaporeon|move: Protect\n|-damage|p2b: Umbreon|44\/100\n|-enditem|p1a: Ursaluna|Throat Spray\n|-boost|p1a: Ursaluna|spa|1|[from] item: Throat Spray\n|\n|-heal|p2a: Vaporeon|82\/100|[from] move: Wish|[wisher] Vaporeon\n|-heal|p2a: Vaporeon|89\/100|[from] item: Leftovers\n|upkeep\n|turn|19\n|\n|t:|1700685812\n|-terastallize|p1a: Ursaluna|Normal\n|-curestatus|p1b: Cresselia|slp|[msg]\n|move|p1b: Cresselia|Helping Hand|p1a: Ursaluna\n|-singleturn|p1a: Ursaluna|Helping Hand|[of] p1b: Cresselia\n|move|p2b: Umbreon|Wish|p2b: Umbreon\n|move|p2a: Vaporeon|Scald|p1a: Ursaluna\n|-damage|p1a: Ursaluna|59\/100\n|move|p1a: Ursaluna|Blood Moon|p2a: Vaporeon\n|-damage|p2a: Vaporeon|0 fnt\n|faint|p2a: Vaporeon\n|\n|-end|p1a: Ursaluna|move: Yawn|[silent]\n|-status|p1a: Ursaluna|slp\n|upkeep\n|\n|t:|1700685830\n|switch|p2a: Leafeon|Leafeon, M|82\/100\n|turn|20\n|\n|t:|1700685851\n|switch|p1a: Heatran|Heatran, M|25\/100\n|move|p2a: Leafeon|Leaf Blade|p1a: Heatran\n|-resisted|p1a: Heatran\n|-damage|p1a: Heatran|17\/100\n|move|p1b: Cresselia|Ice Beam|p2a: Leafeon\n|-supereffective|p2a: Leafeon\n|-damage|p2a: Leafeon|57\/100\n|move|p2b: Umbreon|Yawn|p1b: Cresselia\n|-start|p1b: Cresselia|move: Yawn|[of] p2b: Umbreon\n|\n|-heal|p2b: Umbreon|94\/100|[from] move: Wish|[wisher] Umbreon\n|upkeep\n|turn|21\n|\n|t:|1700685891\n|move|p1b: Cresselia|Helping Hand|p1a: Heatran\n|-singleturn|p1a: Heatran|Helping Hand|[of] p1b: Cresselia\n|move|p2b: Umbreon|Protect|p2b: Umbreon\n|-singleturn|p2b: Umbreon|Protect\n|move|p2a: Leafeon|Body Slam|p1a: Heatran\n|-resisted|p1a: Heatran\n|-damage|p1a: Heatran|5\/100\n|move|p1a: Heatran|Heat Wave|p2a: Leafeon|[spread] p2a\n|-activate|p2b: Umbreon|move: Protect\n|-supereffective|p2a: Leafeon\n|-damage|p2a: Leafeon|0 fnt\n|faint|p2a: Leafeon\n|\n|-end|p1b: Cresselia|move: Yawn|[silent]\n|-status|p1b: Cresselia|slp\n|upkeep\n|turn|22\n|\n|t:|1700685927\n|switch|p1a: Ogerpon|Ogerpon-Wellspring, F|100\/100\n|cant|p1b: Cresselia|slp\n|move|p2b: Umbreon|Foul Play|p1a: Ogerpon\n|-damage|p1a: Ogerpon|31\/100\n|\n|upkeep\n|turn|23\n|\n|t:|1700685938\n|cant|p1b: Cresselia|slp\n|move|p1a: Ogerpon|Ivy Cudgel|p2b: Umbreon|[anim] Ivy Cudgel Water\n|-crit|p2b: Umbreon\n|-damage|p2b: Umbreon|21\/100\n|move|p2b: Umbreon|Foul Play|p1a: Ogerpon\n|-damage|p1a: Ogerpon|0 fnt\n|faint|p1a: Ogerpon\n|\n|upkeep\n|\n|t:|1700685950\n|switch|p1a: Ursaluna|Ursaluna-Bloodmoon, M, tera:Normal|59\/100 slp\n|turn|24\n|\n|t:|1700685957\n|-curestatus|p1b: Cresselia|slp|[msg]\n|move|p1b: Cresselia|Helping Hand|p1a: Ursaluna\n|-singleturn|p1a: Ursaluna|Helping Hand|[of] p1b: Cresselia\n|move|p2b: Umbreon|Wish|p2b: Umbreon\n|cant|p1a: Ursaluna|slp\n|\n|upkeep\n|turn|25\n|\n|t:|1700685976\n|move|p1b: Cresselia|Lunar Blessing|p1b: Cresselia|[spread] p1a,p1b\n|-heal|p1a: Ursaluna|84\/100 slp\n|-curestatus|p1a: Ursaluna|slp|[msg]\n|move|p2b: Umbreon|Foul Play|p1a: Ursaluna\n|-damage|p1a: Ursaluna|70\/100\n|move|p1a: Ursaluna|Blood Moon|p2b: Umbreon\n|-damage|p2b: Umbreon|0 fnt\n|faint|p2b: Umbreon\n|\n|win|12 Charlie\n|raw|12 Charlie's rating: 1090 &rarr; <strong>1120<\/strong><br \/>(+30 for winning)\n|raw|AceBreadMan's rating: 1138 &rarr; <strong>1110<\/strong><br \/>(-28 for losing)\n|player|p1|12 Charlie|2\n|l|\u2606AceBreadMan\n","uploadtime":1700686057,"views":6,"p1id":"12charlie","p2id":"acebreadman","formatid":"gen9doublesou","rating":1110,"private":0,"password":""}