{"id":"gen9doublesou-1985769208","p1":"arowrath","p2":"Dbupton","format":"[Gen 9] Doubles OU","log":"|j|\u2606arowrath\n|j|\u2606Dbupton\n|t:|1699404234\n|gametype|doubles\n|player|p1|arowrath|youngster|\n|player|p2|Dbupton|266|\n|teamsize|p1|6\n|teamsize|p2|6\n|gen|9\n|tier|[Gen 9] Doubles OU\n|rule|Species Clause: Limit one of each Pok\u00e9mon\n|rule|OHKO Clause: OHKO moves are banned\n|rule|Evasion Moves Clause: Evasion moves are banned\n|rule|Gravity Sleep Clause: The combination of sleep-inducing moves with imperfect accuracy and Gravity or Gigantamax Orbeetle are banned\n|rule|Endless Battle Clause: Forcing endless battles is banned\n|rule|HP Percentage Mod: HP is shown in percentages\n|clearpoke\n|poke|p1|Dragonite, M|\n|poke|p1|Sandslash-Alola, M|\n|poke|p1|Gyarados, M|\n|poke|p1|Snorlax, M|\n|poke|p1|Ludicolo, M|\n|poke|p1|Garchomp, F|\n|poke|p2|Raichu, M|\n|poke|p2|Articuno|\n|poke|p2|Zapdos|\n|poke|p2|Umbreon, M|\n|poke|p2|Moltres|\n|poke|p2|Golem, M|\n|teampreview\n|\n|t:|1699404255\n|start\n|switch|p1a: King Shark|Garchomp, F|100\/100\n|switch|p1b: Die-Beat-A$$|Snorlax, M|100\/100\n|switch|p2a: Zapdos|Zapdos|100\/100\n|switch|p2b: Moltres|Moltres|100\/100\n|-ability|p2a: Zapdos|Pressure\n|-ability|p2b: Moltres|Pressure\n|turn|1\n|\n|t:|1699404296\n|move|p1a: King Shark|Surf|p2b: Moltres|[spread] p1b,p2a,p2b\n|-supereffective|p2b: Moltres\n|-damage|p1b: Die-Beat-A$$|93\/100\n|-damage|p2a: Zapdos|87\/100\n|-damage|p2b: Moltres|69\/100\n|move|p2a: Zapdos|Thunder|p1a: King Shark\n|-immune|p1a: King Shark\n|move|p2b: Moltres|Flamethrower|p1a: King Shark\n|-resisted|p1a: King Shark\n|-crit|p1a: King Shark\n|-damage|p1a: King Shark|60\/100\n|move|p1b: Die-Beat-A$$|Blizzard|p2a: Zapdos|[spread] p2a,p2b\n|-supereffective|p2a: Zapdos\n|-damage|p2a: Zapdos|41\/100\n|-damage|p2b: Moltres|41\/100\n|\n|upkeep\n|turn|2\n|\n|t:|1699404323\n|-terastallize|p2a: Zapdos|Electric\n|move|p1a: King Shark|Surf|p2b: Moltres|[spread] p1b,p2a,p2b\n|-supereffective|p2b: Moltres\n|-damage|p1b: Die-Beat-A$$|85\/100\n|-damage|p2a: Zapdos|26\/100\n|-damage|p2b: Moltres|6\/100\n|move|p2a: Zapdos|Thunder Wave|p1b: Die-Beat-A$$\n|-status|p1b: Die-Beat-A$$|par\n|move|p2b: Moltres|Flame Charge|p1a: King Shark\n|-resisted|p1a: King Shark\n|-damage|p1a: King Shark|52\/100\n|-boost|p2b: Moltres|spe|1\n|move|p1b: Die-Beat-A$$|Thunderbolt|p2b: Moltres\n|-supereffective|p2b: Moltres\n|-crit|p2b: Moltres\n|-damage|p2b: Moltres|0 fnt\n|faint|p2b: Moltres\n|\n|upkeep\n|\n|t:|1699404338\n|switch|p2b: Raichu|Raichu, M|100\/100\n|turn|3\n|\n|t:|1699404350\n|move|p2b: Raichu|Volt Tackle|p1a: King Shark\n|-immune|p1a: King Shark\n|move|p1a: King Shark|Earthquake|p2b: Raichu|[spread] p1b,p2a,p2b\n|-supereffective|p2a: Zapdos\n|-supereffective|p2b: Raichu\n|-damage|p1b: Die-Beat-A$$|47\/100 par\n|-damage|p2a: Zapdos|0 fnt\n|-damage|p2b: Raichu|0 fnt\n|-enditem|p1b: Die-Beat-A$$|Aguav Berry|[eat]\n|-heal|p1b: Die-Beat-A$$|81\/100 par|[from] item: Aguav Berry\n|faint|p2a: Zapdos\n|faint|p2b: Raichu\n|cant|p1b: Die-Beat-A$$|par\n|\n|upkeep\n|\n|t:|1699404364\n|switch|p2b: Articuno|Articuno|100\/100\n|switch|p2a: Golem|Golem, M|100\/100\n|-ability|p2b: Articuno|Pressure\n|turn|4\n|\n|t:|1699404388\n|move|p1a: King Shark|Earthquake|p2a: Golem|[spread] p1b,p2a\n|-immune|p2b: Articuno\n|-supereffective|p2a: Golem\n|-damage|p1b: Die-Beat-A$$|47\/100 par\n|-damage|p2a: Golem|43\/100\n|move|p2a: Golem|Bulldoze|p1b: Die-Beat-A$$|[spread] p1a,p1b\n|-immune|p2b: Articuno\n|-damage|p1a: King Shark|26\/100\n|-damage|p1b: Die-Beat-A$$|23\/100 par\n|-unboost|p1a: King Shark|spe|1\n|-unboost|p1b: Die-Beat-A$$|spe|1\n|move|p1b: Die-Beat-A$$|Fire Blast|p2b: Articuno\n|-supereffective|p2b: Articuno\n|-damage|p2b: Articuno|63\/100\n|-status|p2b: Articuno|brn\n|move|p2b: Articuno|Roar|p1a: King Shark\n|drag|p1a: Frosted Tips|Sandslash-Alola, M|100\/100\n|\n|-damage|p2b: Articuno|57\/100 brn|[from] brn\n|upkeep\n|turn|5\n|\n|t:|1699404413\n|move|p2b: Articuno|Roost|p2b: Articuno\n|-heal|p2b: Articuno|100\/100 brn\n|-singleturn|p2b: Articuno|move: Roost\n|move|p1a: Frosted Tips|Blizzard|p2a: Golem|[spread] p2a,p2b\n|-supereffective|p2a: Golem\n|-crit|p2a: Golem\n|-resisted|p2b: Articuno\n|-crit|p2b: Articuno\n|-damage|p2a: Golem|0 fnt\n|-damage|p2b: Articuno|90\/100 brn\n|faint|p2a: Golem\n|move|p1b: Die-Beat-A$$|Blizzard|p2b: Articuno|[miss]\n|-miss|p1b: Die-Beat-A$$|p2b: Articuno\n|\n|-damage|p2b: Articuno|84\/100 brn|[from] brn\n|upkeep\n|\n|t:|1699404425\n|switch|p2a: Umbreon|Umbreon, M|100\/100\n|turn|6\n|\n|t:|1699404450\n|switch|p1a: Pete's Dragonite|Dragonite, M, shiny|100\/100\n|move|p2b: Articuno|Weather Ball|p1a: Pete's Dragonite\n|-damage|p1a: Pete's Dragonite|94\/100\n|move|p2a: Umbreon|Dark Pulse|p1b: Die-Beat-A$$\n|-damage|p1b: Die-Beat-A$$|12\/100 par\n|move|p1b: Die-Beat-A$$|Thunderbolt|p2b: Articuno\n|-supereffective|p2b: Articuno\n|-crit|p2b: Articuno\n|-damage|p2b: Articuno|36\/100 brn\n|\n|-damage|p2b: Articuno|30\/100 brn|[from] brn\n|upkeep\n|turn|7\n|\n|t:|1699404478\n|move|p2b: Articuno|Roost|p2b: Articuno\n|-heal|p2b: Articuno|80\/100 brn\n|-singleturn|p2b: Articuno|move: Roost\n|move|p1a: Pete's Dragonite|Flamethrower|p2b: Articuno\n|-supereffective|p2b: Articuno\n|-damage|p2b: Articuno|35\/100 brn\n|move|p2a: Umbreon|Last Resort||[still]\n|-fail|p2a: Umbreon\n|move|p1b: Die-Beat-A$$|Fire Blast|p2a: Umbreon|[miss]\n|-miss|p1b: Die-Beat-A$$|p2a: Umbreon\n|\n|-damage|p2b: Articuno|29\/100 brn|[from] brn\n|upkeep\n|turn|8\n|\n|t:|1699404499\n|move|p2b: Articuno|Roost|p2b: Articuno\n|-heal|p2b: Articuno|79\/100 brn\n|-singleturn|p2b: Articuno|move: Roost\n|move|p1a: Pete's Dragonite|Thunderbolt|p2b: Articuno\n|-damage|p2b: Articuno|56\/100 brn\n|move|p2a: Umbreon|Double-Edge|p1a: Pete's Dragonite\n|-damage|p1a: Pete's Dragonite|68\/100\n|-damage|p2a: Umbreon|92\/100|[from] Recoil\n|cant|p1b: Die-Beat-A$$|par\n|\n|-damage|p2b: Articuno|50\/100 brn|[from] brn\n|upkeep\n|turn|9\n|\n|t:|1699404517\n|move|p2b: Articuno|Roost|p2b: Articuno\n|-heal|p2b: Articuno|99\/100 brn\n|-singleturn|p2b: Articuno|move: Roost\n|move|p1a: Pete's Dragonite|Thunderbolt|p2b: Articuno\n|-damage|p2b: Articuno|80\/100 brn\n|move|p2a: Umbreon|Dark Pulse|p1b: Die-Beat-A$$\n|-damage|p1b: Die-Beat-A$$|1\/100 par\n|move|p1b: Die-Beat-A$$|Fire Blast|p2b: Articuno\n|-supereffective|p2b: Articuno\n|-damage|p2b: Articuno|38\/100 brn\n|\n|-damage|p2b: Articuno|32\/100 brn|[from] brn\n|upkeep\n|turn|10\n|\n|t:|1699404536\n|move|p2b: Articuno|Roost|p2b: Articuno\n|-heal|p2b: Articuno|82\/100 brn\n|-singleturn|p2b: Articuno|move: Roost\n|move|p1a: Pete's Dragonite|Flamethrower|p2b: Articuno\n|-supereffective|p2b: Articuno\n|-damage|p2b: Articuno|37\/100 brn\n|move|p2a: Umbreon|Dark Pulse|p1b: Die-Beat-A$$\n|-damage|p1b: Die-Beat-A$$|0 fnt\n|faint|p1b: Die-Beat-A$$\n|\n|-damage|p2b: Articuno|31\/100 brn|[from] brn\n|upkeep\n|\n|t:|1699404572\n|switch|p1b: Red Death|Gyarados, M, shiny|100\/100\n|-ability|p1b: Red Death|Intimidate|boost\n|-unboost|p2a: Umbreon|atk|1\n|-unboost|p2b: Articuno|atk|1\n|turn|11\n|\n|t:|1699404585\n|move|p1b: Red Death|Surf|p2b: Articuno|[spread] p1a,p2a,p2b\n|-resisted|p1a: Pete's Dragonite\n|-damage|p1a: Pete's Dragonite|60\/100\n|-damage|p2a: Umbreon|76\/100\n|-damage|p2b: Articuno|15\/100 brn\n|move|p2b: Articuno|Roost|p2b: Articuno\n|-heal|p2b: Articuno|65\/100 brn\n|-singleturn|p2b: Articuno|move: Roost\n|move|p1a: Pete's Dragonite|Flamethrower|p2b: Articuno\n|-supereffective|p2b: Articuno\n|-damage|p2b: Articuno|25\/100 brn\n|move|p2a: Umbreon|Dark Pulse|p1a: Pete's Dragonite\n|-damage|p1a: Pete's Dragonite|43\/100\n|\n|-damage|p2b: Articuno|19\/100 brn|[from] brn\n|upkeep\n|turn|12\n|\n|t:|1699404608\n|move|p1b: Red Death|Thunderbolt|p2b: Articuno\n|-supereffective|p2b: Articuno\n|-damage|p2b: Articuno|0 fnt\n|faint|p2b: Articuno\n|move|p1a: Pete's Dragonite|Flamethrower|p2a: Umbreon\n|-damage|p2a: Umbreon|56\/100\n|move|p2a: Umbreon|Last Resort||[still]\n|-fail|p2a: Umbreon\n|\n|upkeep\n|turn|13\n|\n|t:|1699404626\n|move|p1b: Red Death|Hydro Pump|p2a: Umbreon\n|-damage|p2a: Umbreon|32\/100\n|move|p1a: Pete's Dragonite|Draco Meteor|p2a: Umbreon\n|-damage|p2a: Umbreon|0 fnt\n|-unboost|p1a: Pete's Dragonite|spa|2\n|faint|p2a: Umbreon\n|\n|win|arowrath\n","uploadtime":1699404657,"views":18,"p1id":"arowrath","p2id":"dbupton","formatid":"gen9doublesou","rating":0,"private":0,"password":""}