{"id":"gen9doublesou-1985403703","p1":"Runerageous","p2":"Rungy","format":"[Gen 9] Doubles OU","log":"|j|\u2606Runerageous\n|j|\u2606Rungy\n|t:|1699371816\n|gametype|doubles\n|player|p1|Runerageous|falkner|1203\n|player|p2|Rungy|gambler|1121\n|teamsize|p1|6\n|teamsize|p2|6\n|gen|9\n|tier|[Gen 9] Doubles OU\n|rated|\n|rule|Species Clause: Limit one of each Pok\u00e9mon\n|rule|OHKO Clause: OHKO moves are banned\n|rule|Evasion Moves Clause: Evasion moves are banned\n|rule|Gravity Sleep Clause: The combination of sleep-inducing moves with imperfect accuracy and Gravity or Gigantamax Orbeetle are banned\n|rule|Endless Battle Clause: Forcing endless battles is banned\n|rule|HP Percentage Mod: HP is shown in percentages\n|clearpoke\n|poke|p1|Fezandipiti, M|\n|poke|p1|Tornadus, M|\n|poke|p1|Ogerpon-Hearthflame, F|\n|poke|p1|Walking Wake|\n|poke|p1|Amoonguss, M|\n|poke|p1|Dragonite, M|\n|poke|p2|Weezing-Galar, M|\n|poke|p2|Pelipper, F|\n|poke|p2|Farigiraf, M|\n|poke|p2|Gastrodon-East, M|\n|poke|p2|Ribombee, M|\n|poke|p2|Meowscarada, M|\n|teampreview\n|c|\u2606Rungy|glhf!\n|\n|t:|1699371828\n|start\n|switch|p1a: Fezandipiti|Fezandipiti, M|100\/100\n|switch|p1b: Tornadus|Tornadus, M|100\/100\n|switch|p2a: Assmar|Weezing-Galar, M|100\/100\n|switch|p2b: LIPS INC|Pelipper, F|100\/100\n|-weather|RainDance|[from] ability: Drizzle|[of] p2b: LIPS INC\n|-fieldstart|move: Misty Terrain|[from] ability: Misty Surge|[of] p2a: Assmar\n|turn|1\n|inactive|Battle timer is ON: inactive players will automatically lose when time's up. (requested by Runerageous)\n|\n|t:|1699371851\n|switch|p2a: Mr. Rothschild|Farigiraf, M|100\/100\n|move|p1b: Tornadus|Sunny Day|p1b: Tornadus\n|-weather|SunnyDay\n|move|p1a: Fezandipiti|Icy Wind|p2a: Mr. Rothschild|[spread] p2a,p2b\n|-damage|p2a: Mr. Rothschild|89\/100\n|-damage|p2b: LIPS INC|86\/100\n|-unboost|p2a: Mr. Rothschild|spe|1\n|-unboost|p2b: LIPS INC|spe|1\n|move|p2b: LIPS INC|Fling|p2a: Mr. Rothschild\n|-supereffective|p2a: Mr. Rothschild\n|-damage|p2a: Mr. Rothschild|86\/100\n|-boost|p2a: Mr. Rothschild|spe|1|[from] item: Salac Berry\n|-enditem|p2a: Mr. Rothschild|Weakness Policy\n|-boost|p2a: Mr. Rothschild|atk|2|[from] item: Weakness Policy\n|-boost|p2a: Mr. Rothschild|spa|2|[from] item: Weakness Policy\n|-enditem|p2b: LIPS INC|Salac Berry|[from] move: Fling\n|\n|-weather|SunnyDay|[upkeep]\n|upkeep\n|turn|2\n|inactive|Runerageous has 120 seconds left.\n|\n|t:|1699371883\n|move|p1b: Tornadus|Tailwind|p1b: Tornadus\n|-sidestart|p1: Runerageous|move: Tailwind\n|move|p1a: Fezandipiti|Icy Wind|p2a: Mr. Rothschild|[spread] p2b\n|-miss|p1a: Fezandipiti|p2a: Mr. Rothschild\n|-damage|p2b: LIPS INC|70\/100\n|-unboost|p2b: LIPS INC|spe|1\n|move|p2a: Mr. Rothschild|Psychic|p1a: Fezandipiti\n|-supereffective|p1a: Fezandipiti\n|-damage|p1a: Fezandipiti|0 fnt\n|faint|p1a: Fezandipiti\n|move|p2b: LIPS INC|Tailwind|p2b: LIPS INC\n|-sidestart|p2: Rungy|move: Tailwind\n|\n|-weather|SunnyDay|[upkeep]\n|upkeep\n|inactive|Runerageous has 120 seconds left.\n|\n|t:|1699371898\n|switch|p1a: Dragonite|Dragonite, M|100\/100\n|turn|3\n|inactive|Runerageous has 120 seconds left.\n|\n|t:|1699371917\n|-terastallize|p1a: Dragonite|Normal\n|move|p1a: Dragonite|Extreme Speed||[still]\n|cant|p2a: Mr. Rothschild|ability: Armor Tail|Extreme Speed|[of] p1a: Dragonite\n|move|p1b: Tornadus|Air Slash|p2a: Mr. Rothschild\n|-damage|p2a: Mr. Rothschild|46\/100\n|move|p2a: Mr. Rothschild|Dazzling Gleam|p1b: Tornadus|[spread] p1a,p1b\n|-damage|p1a: Dragonite|85\/100\n|-damage|p1b: Tornadus|74\/100\n|move|p2b: LIPS INC|Ice Beam|p1b: Tornadus\n|-supereffective|p1b: Tornadus\n|-damage|p1b: Tornadus|28\/100\n|\n|-weather|SunnyDay|[upkeep]\n|upkeep\n|turn|4\n|\n|t:|1699371945\n|switch|p2b: Spanish Moss|Meowscarada, M|100\/100\n|move|p1a: Dragonite|Extreme Speed||[still]\n|cant|p2a: Mr. Rothschild|ability: Armor Tail|Extreme Speed|[of] p1a: Dragonite\n|move|p1b: Tornadus|Air Slash|p2a: Mr. Rothschild\n|-damage|p2a: Mr. Rothschild|9\/100\n|cant|p2a: Mr. Rothschild|flinch\n|\n|-weather|SunnyDay|[upkeep]\n|upkeep\n|turn|5\n|\n|t:|1699371963\n|move|p1a: Dragonite|Extreme Speed||[still]\n|cant|p2a: Mr. Rothschild|ability: Armor Tail|Extreme Speed|[of] p1a: Dragonite\n|move|p2b: Spanish Moss|Thunder Punch|p1b: Tornadus\n|-start|p2b: Spanish Moss|typechange|Electric|[from] ability: Protean\n|-supereffective|p1b: Tornadus\n|-damage|p1b: Tornadus|0 fnt\n|faint|p1b: Tornadus\n|move|p2a: Mr. Rothschild|Psychic|p1a: Dragonite\n|-damage|p1a: Dragonite|7\/100\n|\n|-weather|SunnyDay|[upkeep]\n|-sideend|p2: Rungy|move: Tailwind\n|-sideend|p1: Runerageous|move: Tailwind\n|upkeep\n|\n|t:|1699371975\n|switch|p1b: Ogerpon|Ogerpon-Hearthflame, F|100\/100\n|-ability|p1b: Ogerpon|Mold Breaker\n|turn|6\n|-message|Runerageous forfeited.\n|\n|win|Rungy\n|raw|Runerageous's rating: 1203 &rarr; <strong>1172<\/strong><br \/>(-31 for losing)\n|raw|Rungy's rating: 1121 &rarr; <strong>1152<\/strong><br \/>(+31 for winning)\n|l|\u2606Runerageous\n|player|p2|Rungy|gambler\n","uploadtime":1699372098,"views":11,"p1id":"runerageous","p2id":"rungy","formatid":"gen9doublesou","rating":1152,"private":0,"password":""}