{"id":"gen9doublesou-1968507538","p1":"charizardisnice","p2":"RazerDZ","format":"[Gen 9] Doubles OU","log":"|j|\u2606charizardisnice\n|j|\u2606RazerDZ\n|t:|1697426236\n|gametype|doubles\n|player|p1|charizardisnice|101|1109\n|player|p2|RazerDZ|101|1161\n|teamsize|p1|6\n|teamsize|p2|6\n|gen|9\n|tier|[Gen 9] Doubles OU\n|rated|\n|rule|Species Clause: Limit one of each Pok\u00e9mon\n|rule|OHKO Clause: OHKO moves are banned\n|rule|Evasion Moves Clause: Evasion moves are banned\n|rule|Gravity Sleep Clause: The combination of sleep-inducing moves with imperfect accuracy and Gravity or Gigantamax Orbeetle are banned\n|rule|Endless Battle Clause: Forcing endless battles is banned\n|rule|HP Percentage Mod: HP is shown in percentages\n|clearpoke\n|poke|p1|Tornadus, M|\n|poke|p1|Kingambit, M|\n|poke|p1|Amoonguss, F|\n|poke|p1|Ceruledge, M|\n|poke|p1|Lilligant-Hisui, F|\n|poke|p1|Typhlosion-Hisui, M|\n|poke|p2|Rillaboom, M|\n|poke|p2|Amoonguss, M|\n|poke|p2|Ogerpon-Hearthflame, F|\n|poke|p2|Grimmsnarl, M|\n|poke|p2|Milotic, F|\n|poke|p2|Corviknight, F|\n|teampreview\n|\n|t:|1697426253\n|start\n|switch|p1a: Overlord|Tornadus, M|100\/100\n|switch|p1b: Typhlosion|Typhlosion-Hisui, M|100\/100\n|switch|p2a: Amoonguss|Amoonguss, M|100\/100\n|switch|p2b: Corviknight|Corviknight, F|100\/100\n|turn|1\n|inactive|Battle timer is ON: inactive players will automatically lose when time's up. (requested by charizardisnice)\n|\n|t:|1697426269\n|-terastallize|p1b: Typhlosion|Fire\n|move|p2a: Amoonguss|Protect|p2a: Amoonguss\n|-singleturn|p2a: Amoonguss|Protect\n|move|p1a: Overlord|Sunny Day|p1a: Overlord\n|-weather|SunnyDay\n|move|p1b: Typhlosion|Eruption|p2a: Amoonguss|[spread] p2b\n|-activate|p2a: Amoonguss|move: Protect\n|-supereffective|p2b: Corviknight\n|-damage|p2b: Corviknight|0 fnt\n|faint|p2b: Corviknight\n|\n|-weather|SunnyDay|[upkeep]\n|upkeep\n|\n|t:|1697426278\n|switch|p2b: Grimmsnarl|Grimmsnarl, M, shiny|100\/100\n|turn|2\n|\n|t:|1697426293\n|move|p1b: Typhlosion|Protect|p1b: Typhlosion\n|-singleturn|p1b: Typhlosion|Protect\n|move|p2b: Grimmsnarl|Parting Shot|p1b: Typhlosion\n|-activate|p1b: Typhlosion|move: Protect\n|move|p1a: Overlord|Bleakwind Storm|p2b: Grimmsnarl|[spread] p2b\n|-miss|p1a: Overlord|p2a: Amoonguss\n|-damage|p2b: Grimmsnarl|69\/100\n|move|p2a: Amoonguss|Spore|p1b: Typhlosion\n|-activate|p1b: Typhlosion|move: Protect\n|\n|-weather|SunnyDay|[upkeep]\n|upkeep\n|turn|3\n|\n|t:|1697426311\n|move|p2b: Grimmsnarl|Parting Shot|p1b: Typhlosion\n|-unboost|p1b: Typhlosion|atk|1\n|-unboost|p1b: Typhlosion|spa|1\n|\n|t:|1697426315\n|switch|p2b: Milotic|Milotic, F|100\/100|[from] Parting Shot\n|move|p1b: Typhlosion|Eruption|p2b: Milotic|[spread] p2a,p2b\n|-supereffective|p2a: Amoonguss\n|-resisted|p2b: Milotic\n|-damage|p2a: Amoonguss|0 fnt\n|-damage|p2b: Milotic|62\/100\n|faint|p2a: Amoonguss\n|move|p1a: Overlord|Bleakwind Storm|p2b: Milotic\n|-damage|p2b: Milotic|26\/100\n|-unboost|p2b: Milotic|spe|1\n|-ability|p2b: Milotic|Competitive|boost\n|-boost|p2b: Milotic|spa|2\n|\n|-weather|SunnyDay|[upkeep]\n|-heal|p2b: Milotic|32\/100|[from] item: Leftovers\n|upkeep\n|\n|t:|1697426322\n|switch|p2a: Grimmsnarl|Grimmsnarl, M, shiny|69\/100\n|turn|4\n|\n|t:|1697426339\n|move|p2b: Milotic|Protect|p2b: Milotic\n|-singleturn|p2b: Milotic|Protect\n|move|p2a: Grimmsnarl|Parting Shot|p1b: Typhlosion\n|-unboost|p1b: Typhlosion|atk|1\n|-unboost|p1b: Typhlosion|spa|1\n|\n|t:|1697426349\n|switch|p2a: Rillaboom|Rillaboom, M|100\/100|[from] Parting Shot\n|-fieldstart|move: Grassy Terrain|[from] ability: Grassy Surge|[of] p2a: Rillaboom\n|move|p1b: Typhlosion|Eruption|p2b: Milotic|[spread] p2a\n|-activate|p2b: Milotic|move: Protect\n|-supereffective|p2a: Rillaboom\n|-damage|p2a: Rillaboom|0 fnt\n|faint|p2a: Rillaboom\n|move|p1a: Overlord|Bleakwind Storm|p2b: Milotic\n|-activate|p2b: Milotic|move: Protect\n|\n|-weather|SunnyDay|[upkeep]\n|-heal|p2b: Milotic|38\/100|[from] Grassy Terrain\n|-heal|p2b: Milotic|44\/100|[from] item: Leftovers\n|upkeep\n|\n|t:|1697426358\n|switch|p2a: Grimmsnarl|Grimmsnarl, M, shiny|69\/100\n|turn|5\n|\n|t:|1697426369\n|move|p2a: Grimmsnarl|Parting Shot|p1b: Typhlosion\n|-unboost|p1b: Typhlosion|atk|1\n|-unboost|p1b: Typhlosion|spa|1\n|\n|t:|1697426373\n|switch|p2a: Ogerpon|Ogerpon-Hearthflame, F|100\/100|[from] Parting Shot\n|-ability|p2a: Ogerpon|Mold Breaker\n|move|p1b: Typhlosion|Eruption|p2b: Milotic|[spread] p2a,p2b\n|-resisted|p2b: Milotic\n|-damage|p2a: Ogerpon|34\/100\n|-damage|p2b: Milotic|22\/100\n|move|p1a: Overlord|Bleakwind Storm|p2a: Ogerpon|[spread] p2a,p2b\n|-supereffective|p2a: Ogerpon\n|-damage|p2a: Ogerpon|0 fnt\n|-damage|p2b: Milotic|0 fnt\n|faint|p2a: Ogerpon\n|faint|p2b: Milotic\n|\n|-weather|none\n|upkeep\n|\n|t:|1697426379\n|switch|p2a: Grimmsnarl|Grimmsnarl, M, shiny|69\/100\n|turn|6\n|-message|RazerDZ forfeited.\n|\n|win|charizardisnice\n|raw|charizardisnice's rating: 1109 &rarr; <strong>1138<\/strong><br \/>(+29 for winning)\n|raw|RazerDZ's rating: 1161 &rarr; <strong>1132<\/strong><br \/>(-29 for losing)\n|l|\u2606RazerDZ\n","uploadtime":1697426399,"views":8,"p1id":"charizardisnice","p2id":"razerdz","formatid":"gen9doublesou","rating":1132,"private":0,"password":""}