{"id":"gen9doublesou-2000106875","p1":"tusssk","p2":"UsefulAquaman","format":"[Gen 9] Doubles OU","log":"|j|\u2606tusssk\n|j|\u2606UsefulAquaman\n|t:|1701156049\n|gametype|doubles\n|player|p1|tusssk|beauty-gen4dp|1439\n|player|p2|UsefulAquaman|rocketgrunt|1558\n|teamsize|p1|6\n|teamsize|p2|6\n|gen|9\n|tier|[Gen 9] Doubles OU\n|rated|\n|rule|Species Clause: Limit one of each Pok\u00e9mon\n|rule|OHKO Clause: OHKO moves are banned\n|rule|Evasion Moves Clause: Evasion moves are banned\n|rule|Gravity Sleep Clause: The combination of sleep-inducing moves with imperfect accuracy and Gravity or Gigantamax Orbeetle are banned\n|rule|Endless Battle Clause: Forcing endless battles is banned\n|rule|HP Percentage Mod: HP is shown in percentages\n|clearpoke\n|poke|p1|Ursaluna, F|\n|poke|p1|Sableye, M|\n|poke|p1|Sinistcha|\n|poke|p1|Tornadus, M|\n|poke|p1|Kommo-o, M|\n|poke|p1|Gardevoir, M|\n|poke|p2|Jumpluff, M|\n|poke|p2|Hariyama, M|\n|poke|p2|Lilligant-Hisui, F|\n|poke|p2|Typhlosion-Hisui, M|\n|poke|p2|Torkoal, F|\n|poke|p2|Walking Wake|\n|teampreview\n|inactive|Battle timer is ON: inactive players will automatically lose when time's up. (requested by tusssk)\n|\n|t:|1701156066\n|start\n|switch|p1a: Sableye|Sableye, M|100\/100\n|switch|p1b: Ursaluna|Ursaluna, F|100\/100\n|switch|p2a: Walking Wake|Walking Wake|100\/100\n|switch|p2b: Hariyama|Hariyama, M|100\/100\n|turn|1\n|\n|t:|1701156077\n|-terastallize|p1b: Ursaluna|Poison\n|move|p2b: Hariyama|Fake Out|p1b: Ursaluna\n|-damage|p1b: Ursaluna|90\/100\n|move|p1a: Sableye|Will-O-Wisp|p1b: Ursaluna\n|-status|p1b: Ursaluna|brn\n|move|p2a: Walking Wake|Hydro Steam|p1a: Sableye\n|-damage|p1a: Sableye|61\/100\n|cant|p1b: Ursaluna|flinch\n|\n|-damage|p1b: Ursaluna|83\/100 brn|[from] brn\n|-status|p2b: Hariyama|brn|[from] item: Flame Orb\n|upkeep\n|turn|2\n|\n|t:|1701156102\n|switch|p2b: Jumpluff|Jumpluff, M|100\/100\n|move|p2a: Walking Wake|Protect|p2a: Walking Wake\n|-singleturn|p2a: Walking Wake|Protect\n|move|p1a: Sableye|Encore||[still]\n|-fail|p1a: Sableye\n|move|p1b: Ursaluna|Facade|p2a: Walking Wake\n|-activate|p2a: Walking Wake|move: Protect\n|\n|-damage|p1b: Ursaluna|77\/100 brn|[from] brn\n|upkeep\n|turn|3\n|\n|t:|1701156114\n|move|p2b: Jumpluff|Rage Powder|p2b: Jumpluff\n|-singleturn|p2b: Jumpluff|move: Rage Powder\n|move|p1a: Sableye|Encore|p2b: Jumpluff\n|-start|p2b: Jumpluff|Encore\n|move|p2a: Walking Wake|Hydro Steam|p1b: Ursaluna\n|-damage|p1b: Ursaluna|53\/100 brn\n|move|p1b: Ursaluna|Facade|p2b: Jumpluff\n|-damage|p2b: Jumpluff|0 fnt\n|faint|p2b: Jumpluff\n|\n|-damage|p1b: Ursaluna|46\/100 brn|[from] brn\n|upkeep\n|\n|t:|1701156121\n|switch|p2b: Torkoal|Torkoal, F|100\/100\n|-weather|SunnyDay|[from] ability: Drought|[of] p2b: Torkoal\n|-activate|p2a: Walking Wake|ability: Protosynthesis\n|-start|p2a: Walking Wake|protosynthesisspa\n|turn|4\n|\n|t:|1701156134\n|switch|p1a: Sinistcha|Sinistcha, shiny|100\/100\n|-heal|p1b: Ursaluna|71\/100 brn|[from] ability: Hospitality|[of] p1a: Sinistcha\n|switch|p2b: Hariyama|Hariyama, M|100\/100 brn\n|move|p2a: Walking Wake|Hydro Steam|p1b: Ursaluna\n|-damage|p1b: Ursaluna|27\/100 brn\n|move|p1b: Ursaluna|Earthquake|p2b: Hariyama|[spread] p1a,p2a,p2b\n|-resisted|p1a: Sinistcha\n|-damage|p1a: Sinistcha|68\/100\n|-damage|p2a: Walking Wake|29\/100\n|-damage|p2b: Hariyama|30\/100 brn\n|\n|-weather|SunnyDay|[upkeep]\n|-heal|p1a: Sinistcha|74\/100|[from] item: Leftovers\n|-damage|p1b: Ursaluna|21\/100 brn|[from] brn\n|-damage|p2b: Hariyama|24\/100 brn|[from] brn\n|upkeep\n|turn|5\n|\n|t:|1701156156\n|switch|p1b: Sableye|Sableye, M|61\/100\n|move|p2b: Hariyama|Fake Out|p1b: Sableye\n|-immune|p1b: Sableye\n|move|p2a: Walking Wake|Flamethrower|p1a: Sinistcha\n|-supereffective|p1a: Sinistcha\n|-damage|p1a: Sinistcha|0 fnt\n|faint|p1a: Sinistcha\n|\n|-weather|SunnyDay|[upkeep]\n|-damage|p2b: Hariyama|18\/100 brn|[from] brn\n|upkeep\n|\n|t:|1701156169\n|switch|p1a: Kommo-o|Kommo-o, M|100\/100\n|turn|6\n|\n|t:|1701156188\n|move|p2b: Hariyama|Wide Guard|p2b: Hariyama\n|-singleturn|p2b: Hariyama|Wide Guard\n|move|p2a: Walking Wake|Dragon Pulse|p1a: Kommo-o\n|-supereffective|p1a: Kommo-o\n|-damage|p1a: Kommo-o|0 fnt\n|faint|p1a: Kommo-o\n|move|p1b: Sableye|Foul Play|p2a: Walking Wake\n|-damage|p2a: Walking Wake|4\/100\n|\n|-weather|SunnyDay|[upkeep]\n|-damage|p2b: Hariyama|12\/100 brn|[from] brn\n|upkeep\n|\n|t:|1701156198\n|switch|p1a: Tornadus|Tornadus, M|100\/100\n|turn|7\n|\n|t:|1701156210\n|move|p2b: Hariyama|Wide Guard|p2b: Hariyama\n|-singleturn|p2b: Hariyama|Wide Guard\n|move|p1a: Tornadus|Tailwind|p1a: Tornadus\n|-sidestart|p1: tusssk|move: Tailwind\n|move|p2a: Walking Wake|Hydro Steam|p1a: Tornadus\n|-damage|p1a: Tornadus|0 fnt\n|faint|p1a: Tornadus\n|move|p1b: Sableye|Foul Play|p2a: Walking Wake\n|-damage|p2a: Walking Wake|0 fnt\n|faint|p2a: Walking Wake\n|-end|p2a: Walking Wake|Protosynthesis|[silent]\n|\n|-weather|SunnyDay|[upkeep]\n|-damage|p2b: Hariyama|6\/100 brn|[from] brn\n|upkeep\n|\n|t:|1701156219\n|switch|p2a: Lilligant|Lilligant-Hisui, F|100\/100\n|switch|p1a: Gardevoir|Gardevoir, M|100\/100\n|turn|8\n|\n|t:|1701156239\n|-terastallize|p2b: Hariyama|Steel\n|move|p1b: Sableye|Will-O-Wisp|p2a: Lilligant\n|-status|p2a: Lilligant|brn\n|move|p2b: Hariyama|Bullet Punch|p1a: Gardevoir\n|-supereffective|p1a: Gardevoir\n|-damage|p1a: Gardevoir|0 fnt\n|faint|p1a: Gardevoir\n|move|p2a: Lilligant|Pollen Puff|p2b: Hariyama\n|-heal|p2b: Hariyama|56\/100 brn\n|\n|-weather|SunnyDay|[upkeep]\n|-damage|p2a: Lilligant|94\/100 brn|[from] brn\n|-damage|p2b: Hariyama|50\/100 brn|[from] brn\n|upkeep\n|\n|t:|1701156252\n|switch|p1a: Ursaluna|Ursaluna, F, tera:Poison|21\/100 brn\n|turn|9\n|\n|t:|1701156277\n|move|p1b: Sableye|Recover|p1b: Sableye\n|-heal|p1b: Sableye|100\/100\n|move|p2b: Hariyama|Bullet Punch|p1a: Ursaluna\n|-damage|p1a: Ursaluna|0 fnt\n|faint|p1a: Ursaluna\n|move|p2a: Lilligant|Pollen Puff|p2b: Hariyama\n|-heal|p2b: Hariyama|99\/100 brn\n|\n|-weather|SunnyDay|[upkeep]\n|-damage|p2a: Lilligant|88\/100 brn|[from] brn\n|-damage|p2b: Hariyama|94\/100 brn|[from] brn\n|upkeep\n|turn|10\n|-message|tusssk forfeited.\n|\n|win|UsefulAquaman\n|raw|tusssk's rating: 1439 &rarr; <strong>1426<\/strong><br \/>(-13 for losing)\n|raw|UsefulAquaman's rating: 1558 &rarr; <strong>1571<\/strong><br \/>(+13 for winning)\n|l|\u2606tusssk\n|c|\u2606UsefulAquaman|gg\n","uploadtime":1701156452,"views":11,"p1id":"tusssk","p2id":"usefulaquaman","formatid":"gen9doublesou","rating":1426,"private":0,"password":""}