{"id":"gen9doublesou-1974812633","p1":"DreamyFleur","p2":"Use Guard Specs","format":"[Gen 9] Doubles OU","log":"|j|\u2606DreamyFleur\n|j|\u2606Use Guard Specs\n|inactive|Battle timer is ON: inactive players will automatically lose when time's up.\n|t:|1698128585\n|gametype|doubles\n|player|p1|DreamyFleur|tulip|\n|player|p2|Use Guard Specs|scientist-gen4dp|\n|teamsize|p1|6\n|teamsize|p2|6\n|gen|9\n|tier|[Gen 9] Doubles OU\n|rated|Tournament battle\n|rule|Species Clause: Limit one of each Pok\u00e9mon\n|rule|OHKO Clause: OHKO moves are banned\n|rule|Evasion Moves Clause: Evasion moves are banned\n|rule|Gravity Sleep Clause: The combination of sleep-inducing moves with imperfect accuracy and Gravity or Gigantamax Orbeetle are banned\n|rule|Endless Battle Clause: Forcing endless battles is banned\n|rule|HP Percentage Mod: HP is shown in percentages\n|clearpoke\n|poke|p1|Lotad, M|\n|poke|p1|Corvisquire, F|\n|poke|p1|Stantler, F|\n|poke|p1|Skiddo, M|\n|poke|p1|Drizzile, F|\n|poke|p1|Girafarig, M|\n|poke|p2|Chewtle, M|\n|poke|p2|Maschiff, M|\n|poke|p2|Starly, F|\n|poke|p2|Cufant, F|\n|poke|p2|Clefairy, F|\n|poke|p2|Dragonair, F|\n|teampreview\n|j|*Lady Monita \u263d\n|inactive|DreamyFleur also wants the timer to be on.\n|\n|t:|1698128605\n|start\n|switch|p1a: Stantler|Stantler, F, shiny|100\/100\n|switch|p1b: Drizzile|Drizzile, F, shiny|100\/100\n|switch|p2a: Cufant|Cufant, F|100\/100\n|switch|p2b: Starly|Starly, F|100\/100\n|-ability|p1a: Stantler|Intimidate|boost\n|-unboost|p2a: Cufant|atk|1\n|-unboost|p2b: Starly|atk|1\n|turn|1\n|\n|t:|1698128626\n|move|p1b: Drizzile|Mud Shot|p2a: Cufant\n|-supereffective|p2a: Cufant\n|-damage|p2a: Cufant|63\/100\n|-unboost|p2a: Cufant|spe|1\n|move|p1a: Stantler|Psyshield Bash|p2b: Starly\n|-damage|p2b: Starly|61\/100\n|-boost|p1a: Stantler|def|1\n|move|p2b: Starly|Tailwind|p2b: Starly\n|-sidestart|p2: Use Guard Specs|move: Tailwind\n|move|p2a: Cufant|Stealth Rock|p1b: Drizzile\n|-sidestart|p1: DreamyFleur|move: Stealth Rock\n|\n|upkeep\n|turn|2\n|j| Gyarikkuho\n|\n|t:|1698128650\n|move|p2b: Starly|Brave Bird|p1b: Drizzile\n|-damage|p1b: Drizzile|58\/100\n|-damage|p2b: Starly|47\/100|[from] Recoil\n|move|p1b: Drizzile|Mud Shot|p2a: Cufant\n|-supereffective|p2a: Cufant\n|-damage|p2a: Cufant|23\/100\n|-unboost|p2a: Cufant|spe|1\n|move|p1a: Stantler|Wild Charge|p2b: Starly\n|-supereffective|p2b: Starly\n|-damage|p2b: Starly|0 fnt\n|faint|p2b: Starly\n|-damage|p1a: Stantler|89\/100|[from] Recoil\n|move|p2a: Cufant|Iron Head|p1a: Stantler\n|-damage|p1a: Stantler|68\/100\n|\n|upkeep\n|inactive|Use Guard Specs has 120 seconds left.\n|\n|t:|1698128668\n|switch|p2b: Maschiff|Maschiff, M|100\/100\n|-ability|p2b: Maschiff|Intimidate|boost\n|-unboost|p1a: Stantler|atk|1\n|-unboost|p1b: Drizzile|atk|1\n|turn|3\n|\n|t:|1698128689\n|move|p1b: Drizzile|Hydro Pump|p2b: Maschiff\n|-damage|p2b: Maschiff|42\/100\n|move|p1a: Stantler|Lunge|p2b: Maschiff\n|-supereffective|p2b: Maschiff\n|-damage|p2b: Maschiff|11\/100\n|-unboost|p2b: Maschiff|atk|1\n|move|p2b: Maschiff|Crunch|p1a: Stantler\n|-damage|p1a: Stantler|51\/100\n|move|p2a: Cufant|Play Rough|p1b: Drizzile\n|-damage|p1b: Drizzile|27\/100\n|\n|upkeep\n|turn|4\n|\n|t:|1698128705\n|switch|p1b: Corvisquire|Corvisquire, F, shiny|100\/100\n|-damage|p1b: Corvisquire|76\/100|[from] Stealth Rock\n|move|p1a: Stantler|Earthquake|p2a: Cufant|[spread] p2a,p2b\n|-immune|p1b: Corvisquire\n|-supereffective|p2a: Cufant\n|-damage|p2a: Cufant|0 fnt\n|-damage|p2b: Maschiff|0 fnt\n|faint|p2a: Cufant\n|faint|p2b: Maschiff\n|\n|-sideend|p2: Use Guard Specs|move: Tailwind\n|upkeep\n|\n|t:|1698128713\n|switch|p2b: Dragonair|Dragonair, F|100\/100\n|switch|p2a: Clefairy|Clefairy, F|100\/100\n|turn|5\n|\n|t:|1698128722\n|move|p2a: Clefairy|Follow Me|p2a: Clefairy\n|-singleturn|p2a: Clefairy|move: Follow Me\n|move|p1a: Stantler|Earthquake|p2a: Clefairy|[spread] p2a,p2b\n|-immune|p1b: Corvisquire\n|-damage|p2a: Clefairy|84\/100\n|-damage|p2b: Dragonair|88\/100\n|move|p2b: Dragonair|Dragon Dance|p2b: Dragonair\n|-boost|p2b: Dragonair|atk|1\n|-boost|p2b: Dragonair|spe|1\n|move|p1b: Corvisquire|Brave Bird|p2a: Clefairy\n|-damage|p2a: Clefairy|32\/100\n|-damage|p1b: Corvisquire|58\/100|[from] Recoil\n|\n|upkeep\n|turn|6\n|\n|t:|1698128741\n|move|p2a: Clefairy|Follow Me|p2a: Clefairy\n|-singleturn|p2a: Clefairy|move: Follow Me\n|move|p2b: Dragonair|Dragon Dance|p2b: Dragonair\n|-boost|p2b: Dragonair|atk|1\n|-boost|p2b: Dragonair|spe|1\n|move|p1a: Stantler|Lunge|p2a: Clefairy\n|-resisted|p2a: Clefairy\n|-damage|p2a: Clefairy|23\/100\n|-unboost|p2a: Clefairy|atk|1\n|move|p1b: Corvisquire|Brave Bird|p2a: Clefairy\n|-damage|p2a: Clefairy|0 fnt\n|faint|p2a: Clefairy\n|-damage|p1b: Corvisquire|51\/100|[from] Recoil\n|\n|upkeep\n|\n|t:|1698128754\n|switch|p2a: Chewtle|Chewtle, M|100\/100\n|turn|7\n|\n|t:|1698128782\n|-terastallize|p2b: Dragonair|Steel\n|move|p2b: Dragonair|Extreme Speed|p1b: Corvisquire\n|-crit|p1b: Corvisquire\n|-damage|p1b: Corvisquire|0 fnt\n|faint|p1b: Corvisquire\n|move|p1a: Stantler|Lunge|p2b: Dragonair\n|-resisted|p2b: Dragonair\n|-damage|p2b: Dragonair|78\/100\n|-unboost|p2b: Dragonair|atk|1\n|move|p2a: Chewtle|Shell Smash|p2a: Chewtle\n|-unboost|p2a: Chewtle|def|1\n|-unboost|p2a: Chewtle|spd|1\n|-boost|p2a: Chewtle|atk|2\n|-boost|p2a: Chewtle|spa|2\n|-boost|p2a: Chewtle|spe|2\n|\n|upkeep\n|\n|t:|1698128793\n|switch|p1b: Girafarig|Girafarig, M, shiny|100\/100\n|-damage|p1b: Girafarig|88\/100|[from] Stealth Rock\n|turn|8\n|\n|t:|1698128806\n|-terastallize|p1b: Girafarig|Fairy\n|move|p2b: Dragonair|Extreme Speed|p1a: Stantler\n|-damage|p1a: Stantler|24\/100\n|move|p2a: Chewtle|Liquidation|p1a: Stantler\n|-damage|p1a: Stantler|0 fnt\n|faint|p1a: Stantler\n|move|p1b: Girafarig|Dazzling Gleam|p2b: Dragonair|[spread] p2a,p2b\n|-resisted|p2b: Dragonair\n|-damage|p2a: Chewtle|32\/100\n|-damage|p2b: Dragonair|64\/100\n|\n|upkeep\n|\n|t:|1698128816\n|switch|p1a: Drizzile|Drizzile, F, shiny|27\/100\n|-damage|p1a: Drizzile|15\/100|[from] Stealth Rock\n|turn|9\n|\n|t:|1698128829\n|move|p1a: Drizzile|Protect|p1a: Drizzile\n|-singleturn|p1a: Drizzile|Protect\n|move|p2b: Dragonair|Iron Head|p1b: Girafarig\n|-supereffective|p1b: Girafarig\n|-damage|p1b: Girafarig|0 fnt\n|faint|p1b: Girafarig\n|move|p2a: Chewtle|Crunch|p1a: Drizzile\n|-activate|p1a: Drizzile|move: Protect\n|\n|upkeep\n|\n|t:|1698128836\n|switch|p1b: Skiddo|Skiddo, M, shiny|100\/100\n|-damage|p1b: Skiddo|88\/100|[from] Stealth Rock\n|turn|10\n|\n|t:|1698128858\n|move|p2b: Dragonair|Iron Head|p1b: Skiddo\n|-damage|p1b: Skiddo|26\/100\n|move|p2a: Chewtle|Crunch|p1a: Drizzile\n|-damage|p1a: Drizzile|0 fnt\n|faint|p1a: Drizzile\n|move|p1b: Skiddo|Horn Leech|p2a: Chewtle\n|-supereffective|p2a: Chewtle\n|-damage|p2a: Chewtle|0 fnt\n|-heal|p1b: Skiddo|38\/100|[from] drain|[of] p2a: Chewtle\n|faint|p2a: Chewtle\n|\n|upkeep\n|\n|t:|1698128865\n|switch|p1a: Lotad|Lotad, M, shiny|100\/100\n|-damage|p1a: Lotad|88\/100|[from] Stealth Rock\n|turn|11\n|\n|t:|1698128881\n|move|p2b: Dragonair|Outrage|p1a: Lotad\n|-damage|p1a: Lotad|0 fnt\n|faint|p1a: Lotad\n|move|p1b: Skiddo|Horn Leech|p2b: Dragonair\n|-resisted|p2b: Dragonair\n|-damage|p2b: Dragonair|47\/100\n|-heal|p1b: Skiddo|44\/100|[from] drain|[of] p2b: Dragonair\n|\n|upkeep\n|turn|12\n|\n|t:|1698128891\n|move|p2b: Dragonair|Outrage|p1b: Skiddo|[from]lockedmove\n|-damage|p1b: Skiddo|0 fnt\n|faint|p1b: Skiddo\n|\n|win|Use Guard Specs\n|n|\u2606DreamyFleur|dreamyfleur\n|n|\u2606Use Guard Specs|useguardspecs\n|n|*Lady Monita \u263d|ladymonita\n|n| Gyarikkuho|gyarikkuho\n","uploadtime":1698128892,"views":14,"p1id":"dreamyfleur","p2id":"useguardspecs","formatid":"gen9doublesou","rating":0,"private":0,"password":""}