{"id":"gen9doublesou-1972406693","p1":"ProteinMan11","p2":"Hambone00","format":"[Gen 9] Doubles OU","log":"|j|\u2606ProteinMan11\n|j|\u2606Hambone00\n|t:|1697839412\n|gametype|doubles\n|player|p1|ProteinMan11|hiker-gen4|1295\n|player|p2|Hambone00|n|1242\n|teamsize|p1|6\n|teamsize|p2|6\n|gen|9\n|tier|[Gen 9] Doubles OU\n|rated|\n|rule|Species Clause: Limit one of each Pok\u00e9mon\n|rule|OHKO Clause: OHKO moves are banned\n|rule|Evasion Moves Clause: Evasion moves are banned\n|rule|Gravity Sleep Clause: The combination of sleep-inducing moves with imperfect accuracy and Gravity or Gigantamax Orbeetle are banned\n|rule|Endless Battle Clause: Forcing endless battles is banned\n|rule|HP Percentage Mod: HP is shown in percentages\n|clearpoke\n|poke|p1|Toxtricity, M|\n|poke|p1|Flutter Mane|\n|poke|p1|Gholdengo|\n|poke|p1|Hariyama, F|\n|poke|p1|Sinistcha-Masterpiece|\n|poke|p1|Clefairy, F|\n|poke|p2|Weezing-Galar, F|\n|poke|p2|Slaking, M|\n|poke|p2|Arcanine-Hisui, F|\n|poke|p2|Arboliva, F|\n|poke|p2|Hatterene, F|\n|poke|p2|Basculegion-F, F|\n|teampreview\n|\n|t:|1697839424\n|start\n|switch|p1a: Jamal|Toxtricity, M, shiny|100\/100\n|switch|p1b: Big Fella|Hariyama, F|100\/100\n|switch|p2a: Slaking|Slaking, M|100\/100\n|switch|p2b: Weezing|Weezing-Galar, F|100\/100\n|-ability|p2b: Weezing|Neutralizing Gas\n|turn|1\n|\n|t:|1697839454\n|-terastallize|p2a: Slaking|Ghost\n|move|p1b: Big Fella|Fake Out|p2a: Slaking\n|-immune|p2a: Slaking\n|move|p1a: Jamal|Shift Gear|p1a: Jamal\n|-boost|p1a: Jamal|spe|2\n|-boost|p1a: Jamal|atk|1\n|move|p2a: Slaking|Giga Impact|p1b: Big Fella\n|-crit|p1b: Big Fella\n|-damage|p1b: Big Fella|0 fnt\n|-mustrecharge|p2a: Slaking\n|faint|p1b: Big Fella\n|move|p2b: Weezing|Strange Steam|p1a: Jamal\n|-resisted|p1a: Jamal\n|-damage|p1a: Jamal|80\/100\n|-start|p1a: Jamal|confusion\n|\n|upkeep\n|\n|t:|1697839468\n|switch|p1b: The Medic|Sinistcha-Masterpiece|100\/100\n|turn|2\n|\n|t:|1697839481\n|-activate|p1a: Jamal|confusion\n|move|p1a: Jamal|Overdrive|p2b: Weezing|[spread] p2a,p2b\n|-damage|p2a: Slaking|79\/100\n|-damage|p2b: Weezing|60\/100\n|-enditem|p1a: Jamal|Throat Spray\n|-boost|p1a: Jamal|spa|1|[from] item: Throat Spray\n|move|p1b: The Medic|Matcha Gotcha|p2b: Weezing|[spread] p2a,p2b\n|-crit|p2a: Slaking\n|-resisted|p2b: Weezing\n|-damage|p2a: Slaking|54\/100\n|-damage|p2b: Weezing|39\/100\n|cant|p2a: Slaking|recharge\n|move|p2b: Weezing|Will-O-Wisp|p1b: The Medic\n|-status|p1b: The Medic|brn\n|\n|-heal|p2b: Weezing|45\/100|[from] item: Leftovers\n|-damage|p1b: The Medic|95\/100 brn|[from] brn\n|upkeep\n|turn|3\n|inactive|Battle timer is ON: inactive players will automatically lose when time's up. (requested by ProteinMan11)\n|\n|t:|1697839503\n|move|p1b: The Medic|Rage Powder|p1b: The Medic\n|-singleturn|p1b: The Medic|move: Rage Powder\n|-end|p1a: Jamal|confusion\n|move|p1a: Jamal|Overdrive|p2a: Slaking|[spread] p2a,p2b\n|-damage|p2a: Slaking|24\/100\n|-damage|p2b: Weezing|0 fnt\n|faint|p2b: Weezing\n|-end|p2b: Weezing|ability: Neutralizing Gas\n|-heal|p1a: Jamal|100\/100|[from] ability: Hospitality|[of] p1b: The Medic\n|move|p2a: Slaking|High Horsepower|p1b: The Medic\n|-resisted|p1b: The Medic\n|-damage|p1b: The Medic|70\/100 brn\n|\n|-damage|p1b: The Medic|64\/100 brn|[from] brn\n|upkeep\n|\n|t:|1697839520\n|switch|p2b: Arcanine|Arcanine-Hisui, F, shiny|100\/100\n|-ability|p2b: Arcanine|Intimidate|boost\n|-unboost|p1a: Jamal|atk|1\n|-unboost|p1b: The Medic|atk|1\n|-enditem|p1b: The Medic|Eject Pack\n|\n|t:|1697839534\n|switch|p1b: Also the Medic|Clefairy, F|100\/100\n|turn|4\n|\n|t:|1697839551\n|move|p1b: Also the Medic|Helping Hand|p1a: Jamal\n|-singleturn|p1a: Jamal|Helping Hand|[of] p1b: Also the Medic\n|move|p1a: Jamal|Overdrive|p2b: Arcanine|[spread] p2a,p2b\n|-damage|p2a: Slaking|0 fnt\n|-damage|p2b: Arcanine|0 fnt\n|faint|p2a: Slaking\n|faint|p2b: Arcanine\n|\n|upkeep\n|\n|t:|1697839559\n|switch|p2b: Hatterene|Hatterene, F|100\/100\n|switch|p2a: Arboliva|Arboliva, F|100\/100\n|turn|5\n|\n|t:|1697839571\n|-terastallize|p1a: Jamal|Normal\n|move|p1a: Jamal|Boomburst|p2b: Hatterene|[spread] p1b,p2a,p2b\n|-damage|p1b: Also the Medic|29\/100\n|-damage|p2a: Arboliva|32\/100\n|-damage|p2b: Hatterene|0 fnt\n|faint|p2b: Hatterene\n|move|p2a: Arboliva|Leech Seed|p1a: Jamal\n|-start|p1a: Jamal|move: Leech Seed\n|move|p1b: Also the Medic|Healing Wish|p1b: Also the Medic\n|faint|p1b: Also the Medic\n|\n|-damage|p1a: Jamal|88\/100|[from] Leech Seed|[of] p2a: Arboliva\n|-heal|p2a: Arboliva|42\/100|[silent]\n|upkeep\n|\n|t:|1697839581\n|switch|p1b: The Medic|Sinistcha-Masterpiece|64\/100 brn\n|switch|p2b: Basculegion|Basculegion-F, F, shiny|100\/100\n|-heal|p1b: The Medic|100\/100|[from] move: Healing Wish\n|-heal|p1a: Jamal|100\/100|[from] ability: Hospitality|[of] p1b: The Medic\n|turn|6\n|inactive|Hambone00 has 120 seconds left.\n|\n|t:|1697839612\n|move|p1a: Jamal|Overdrive|p2b: Basculegion|[spread] p2a,p2b\n|-resisted|p2a: Arboliva\n|-supereffective|p2b: Basculegion\n|-damage|p2a: Arboliva|23\/100\n|-enditem|p2b: Basculegion|Focus Sash\n|-damage|p2b: Basculegion|1\/100\n|-enditem|p2a: Arboliva|Aguav Berry|[eat]\n|-heal|p2a: Arboliva|56\/100|[from] item: Aguav Berry\n|move|p1b: The Medic|Matcha Gotcha|p2a: Arboliva|[spread] p2a,p2b\n|-resisted|p2a: Arboliva\n|-supereffective|p2b: Basculegion\n|-damage|p2a: Arboliva|47\/100\n|-damage|p2b: Basculegion|0 fnt\n|faint|p2b: Basculegion\n|move|p2a: Arboliva|Energy Ball|p1a: Jamal\n|-damage|p1a: Jamal|37\/100\n|\n|-damage|p1a: Jamal|25\/100|[from] Leech Seed|[of] p2a: Arboliva\n|-heal|p2a: Arboliva|57\/100|[silent]\n|upkeep\n|turn|7\n|-message|Hambone00 forfeited.\n|\n|win|ProteinMan11\n|raw|ProteinMan11's rating: 1295 &rarr; <strong>1316<\/strong><br \/>(+21 for winning)\n|raw|Hambone00's rating: 1242 &rarr; <strong>1221<\/strong><br \/>(-21 for losing)\n|l|\u2606Hambone00\n","uploadtime":1697839627,"views":13,"p1id":"proteinman11","p2id":"hambone00","formatid":"gen9doublesou","rating":1221,"private":0,"password":""}