{"id":"gen9doublesou-1998953673","p1":"MYNAMEISGIORNO","p2":"Prob63","format":"[Gen 9] Doubles OU","log":"|j|\u2606MYNAMEISGIORNO\n|j|\u2606Prob63\n|t:|1701017235\n|gametype|doubles\n|player|p1|MYNAMEISGIORNO|worker|1279\n|player|p2|Prob63|101|1399\n|teamsize|p1|6\n|teamsize|p2|6\n|gen|9\n|tier|[Gen 9] Doubles OU\n|rated|\n|rule|Species Clause: Limit one of each Pok\u00e9mon\n|rule|OHKO Clause: OHKO moves are banned\n|rule|Evasion Moves Clause: Evasion moves are banned\n|rule|Gravity Sleep Clause: The combination of sleep-inducing moves with imperfect accuracy and Gravity or Gigantamax Orbeetle are banned\n|rule|Endless Battle Clause: Forcing endless battles is banned\n|rule|HP Percentage Mod: HP is shown in percentages\n|clearpoke\n|poke|p1|Iron Jugulis|\n|poke|p1|Cinderace, M|\n|poke|p1|Garchomp, M|\n|poke|p1|Torterra, M|\n|poke|p1|Pelipper, M|\n|poke|p1|Mew|\n|poke|p2|Rillaboom, M|\n|poke|p2|Sneasler, M|\n|poke|p2|Chi-Yu|\n|poke|p2|Sinistcha-Masterpiece|\n|poke|p2|Ursaluna-Bloodmoon, M|\n|poke|p2|Thundurus, M|\n|teampreview\n|c|\u2606MYNAMEISGIORNO|glhf\n|c|\u2606Prob63|glhf\n|\n|t:|1701017245\n|start\n|switch|p1a: Morning Wood|Torterra, M|100\/100\n|switch|p1b: Mandam|Pelipper, M|100\/100\n|switch|p2a: the Snizzler|Sneasler, M|100\/100\n|switch|p2b: sacrificial lamb|Rillaboom, M|100\/100\n|-fieldstart|move: Grassy Terrain|[from] ability: Grassy Surge|[of] p2b: sacrificial lamb\n|-enditem|p2a: the Snizzler|Grassy Seed\n|-boost|p2a: the Snizzler|def|1|[from] item: Grassy Seed\n|-weather|RainDance|[from] ability: Drizzle|[of] p1b: Mandam\n|turn|1\n|inactive|Battle timer is ON: inactive players will automatically lose when time's up. (requested by Prob63)\n|\n|t:|1701017260\n|move|p2a: the Snizzler|Fake Out|p1b: Mandam\n|-damage|p1b: Mandam|83\/100\n|move|p2b: sacrificial lamb|Fake Out|p1a: Morning Wood\n|-damage|p1a: Morning Wood|87\/100\n|cant|p1b: Mandam|flinch\n|cant|p1a: Morning Wood|flinch\n|\n|-weather|RainDance|[upkeep]\n|-heal|p1b: Mandam|89\/100|[from] item: Leftovers\n|-heal|p1a: Morning Wood|93\/100|[from] Grassy Terrain\n|-heal|p1a: Morning Wood|99\/100|[from] item: Leftovers\n|upkeep\n|turn|2\n|\n|t:|1701017272\n|move|p2a: the Snizzler|Dire Claw|p1a: Morning Wood\n|-damage|p1a: Morning Wood|61\/100\n|move|p2b: sacrificial lamb|U-turn|p1a: Morning Wood\n|-supereffective|p1a: Morning Wood\n|-damage|p1a: Morning Wood|12\/100\n|\n|t:|1701017279\n|switch|p2b: worst genie|Thundurus, M|100\/100|[from] U-turn\n|move|p1b: Mandam|Tailwind|p1b: Mandam\n|-sidestart|p1: MYNAMEISGIORNO|move: Tailwind\n|move|p1a: Morning Wood|Stealth Rock|p2b: worst genie\n|-sidestart|p2: Prob63|move: Stealth Rock\n|\n|-weather|RainDance|[upkeep]\n|-heal|p1b: Mandam|95\/100|[from] item: Leftovers\n|-heal|p1a: Morning Wood|18\/100|[from] Grassy Terrain\n|-heal|p1a: Morning Wood|24\/100|[from] item: Leftovers\n|upkeep\n|turn|3\n|inactive|MYNAMEISGIORNO has 120 seconds left.\n|\n|t:|1701017310\n|move|p1b: Mandam|Wide Guard|p1b: Mandam\n|-singleturn|p1b: Mandam|Wide Guard\n|move|p2b: worst genie|Eerie Impulse|p1b: Mandam\n|-unboost|p1b: Mandam|spa|2\n|move|p2a: the Snizzler|Dire Claw|p1a: Morning Wood\n|-damage|p1a: Morning Wood|0 fnt\n|faint|p1a: Morning Wood\n|\n|-weather|RainDance|[upkeep]\n|-heal|p1b: Mandam|100\/100|[from] item: Leftovers\n|upkeep\n|inactive|MYNAMEISGIORNO has 120 seconds left.\n|c|\u2606MYNAMEISGIORNO|!dt eerie impulse\n|raw|<ul class=\"utilichart\"><li class=\"result\"><span class=\"col movenamecol\"><a href=\"https:\/\/dex.pokemonshowdown.com\/moves\/eerieimpulse\">Eerie Impulse<\/a><\/span> <span class=\"col typecol\"><img src=\"\/\/play.pokemonshowdown.com\/sprites\/types\/Electric.png\" alt=\"Electric\" width=\"32\" height=\"14\"><img src=\"\/\/play.pokemonshowdown.com\/sprites\/categories\/Status.png\" alt=\"Status\" width=\"32\" height=\"14\"><\/span> <span class=\"col widelabelcol\"><em>Accuracy<\/em><br>100%<\/span> <span class=\"col pplabelcol\"><em>PP<\/em><br>24<\/span> <span class=\"col movedesccol\">Lowers the target's Sp. Atk by 2.<\/span> <\/li><li style=\"clear:both\"><\/li><\/ul>\n|raw|<font size=\"1\"><font color=\"#686868\">Priority:<\/font> 0&nbsp;|&ThickSpace;<font color=\"#686868\">Gen:<\/font> 6&nbsp;|&ThickSpace;&#10003; Bounceable&nbsp;|&ThickSpace;<font color=\"#686868\">Z-Effect:<\/font>  Sp. Def +1&nbsp;|&ThickSpace;<font color=\"#686868\">Target:<\/font> One Adjacent Pok\u00e9mon<\/font>\n\n|\n|t:|1701017332\n|switch|p1a: Fabian|Garchomp, M, shiny|100\/100\n|turn|4\n|\n|t:|1701017342\n|move|p2b: worst genie|Taunt|p1b: Mandam\n|-start|p1b: Mandam|move: Taunt\n|move|p2a: the Snizzler|Acrobatics|p1a: Fabian\n|-damage|p1a: Fabian|61\/100\n|-damage|p2a: the Snizzler|88\/100|[from] ability: Rough Skin|[of] p1a: Fabian\n|move|p1a: Fabian|Earthquake|p2b: worst genie|[spread] p2a\n|-immune|p1b: Mandam\n|-immune|p2b: worst genie\n|-supereffective|p2a: the Snizzler\n|-damage|p2a: the Snizzler|44\/100\n|move|p1b: Mandam|Hurricane|p2a: the Snizzler\n|-supereffective|p2a: the Snizzler\n|-damage|p2a: the Snizzler|0 fnt\n|faint|p2a: the Snizzler\n|\n|-weather|RainDance|[upkeep]\n|-heal|p1a: Fabian|67\/100|[from] Grassy Terrain\n|upkeep\n|\n|t:|1701017362\n|switch|p2a: sacrificial lamb|Rillaboom, M|100\/100\n|-damage|p2a: sacrificial lamb|88\/100|[from] Stealth Rock\n|turn|5\n|\n|t:|1701017369\n|move|p2a: sacrificial lamb|Fake Out|p1a: Fabian\n|-damage|p1a: Fabian|52\/100\n|-damage|p2a: sacrificial lamb|76\/100|[from] ability: Rough Skin|[of] p1a: Fabian\n|cant|p1a: Fabian|flinch\n|move|p1b: Mandam|Hurricane|p2a: sacrificial lamb\n|-supereffective|p2a: sacrificial lamb\n|-damage|p2a: sacrificial lamb|38\/100\n|-start|p2a: sacrificial lamb|confusion\n|move|p2b: worst genie|Wildbolt Storm|p1a: Fabian|[spread] p1b\n|-immune|p1a: Fabian\n|-supereffective|p1b: Mandam\n|-damage|p1b: Mandam|0 fnt\n|faint|p1b: Mandam\n|\n|-weather|none\n|-heal|p1a: Fabian|58\/100|[from] Grassy Terrain\n|-heal|p2a: sacrificial lamb|44\/100|[from] Grassy Terrain\n|-sideend|p1: MYNAMEISGIORNO|move: Tailwind\n|-fieldend|move: Grassy Terrain\n|upkeep\n|\n|t:|1701017390\n|switch|p1b: Jo\u00fcrjo\u00fcr|Cinderace, M|100\/100\n|turn|6\n|\n|t:|1701017398\n|move|p2b: worst genie|Thunder Wave|p1b: Jo\u00fcrjo\u00fcr\n|-status|p1b: Jo\u00fcrjo\u00fcr|par\n|move|p1a: Fabian|Rock Slide|p2a: sacrificial lamb|[spread] p2a,p2b\n|-supereffective|p2b: worst genie\n|-damage|p2a: sacrificial lamb|27\/100\n|-damage|p2b: worst genie|41\/100\n|-enditem|p2b: worst genie|Red Card|[of] p1a: Fabian\n|drag|p1a: Patricia|Iron Jugulis|100\/100\n|-activate|p2a: sacrificial lamb|confusion\n|move|p2a: sacrificial lamb|Knock Off|p1b: Jo\u00fcrjo\u00fcr\n|-damage|p1b: Jo\u00fcrjo\u00fcr|46\/100 par\n|-enditem|p1b: Jo\u00fcrjo\u00fcr|Heavy-Duty Boots|[from] move: Knock Off|[of] p2a: sacrificial lamb\n|move|p1b: Jo\u00fcrjo\u00fcr|Pyro Ball|p2b: worst genie\n|-damage|p2b: worst genie|0 fnt\n|faint|p2b: worst genie\n|\n|upkeep\n|\n|t:|1701017414\n|switch|p2b: Pot Friend|Sinistcha-Masterpiece|100\/100\n|-damage|p2b: Pot Friend|88\/100|[from] Stealth Rock\n|-heal|p2a: sacrificial lamb|52\/100|[from] ability: Hospitality|[of] p2b: Pot Friend\n|turn|7\n|\n|t:|1701017434\n|-terastallize|p1a: Patricia|Steel\n|-terastallize|p2b: Pot Friend|Water\n|move|p1a: Patricia|Dark Pulse|p2b: Pot Friend\n|-damage|p2b: Pot Friend|22\/100\n|-damage|p1a: Patricia|91\/100|[from] item: Life Orb\n|-activate|p2a: sacrificial lamb|confusion\n|move|p2a: sacrificial lamb|U-turn|p1a: Patricia\n|-resisted|p1a: Patricia\n|-damage|p1a: Patricia|75\/100\n|\n|t:|1701017444\n|switch|p2a: hur hur hur|Ursaluna-Bloodmoon, M|100\/100|[from] U-turn\n|-damage|p2a: hur hur hur|94\/100|[from] Stealth Rock\n|move|p1b: Jo\u00fcrjo\u00fcr|Pyro Ball|p2a: hur hur hur\n|-damage|p2a: hur hur hur|54\/100\n|cant|p2b: Pot Friend|flinch\n|\n|-heal|p2b: Pot Friend|29\/100|[from] item: Leftovers\n|upkeep\n|turn|8\n|\n|t:|1701017459\n|move|p2b: Pot Friend|Protect|p2b: Pot Friend\n|-singleturn|p2b: Pot Friend|Protect\n|move|p1a: Patricia|Dark Pulse|p2a: hur hur hur\n|-damage|p2a: hur hur hur|0 fnt\n|faint|p2a: hur hur hur\n|-damage|p1a: Patricia|65\/100|[from] item: Life Orb\n|move|p1b: Jo\u00fcrjo\u00fcr|High Jump Kick|p2b: Pot Friend\n|-start|p1b: Jo\u00fcrjo\u00fcr|typechange|Fighting|[from] ability: Libero\n|-activate|p2b: Pot Friend|move: Protect\n|-damage|p1b: Jo\u00fcrjo\u00fcr|0 fnt|[from] highjumpkick\n|faint|p1b: Jo\u00fcrjo\u00fcr\n|\n|-heal|p2b: Pot Friend|35\/100|[from] item: Leftovers\n|upkeep\n|\n|t:|1701017475\n|switch|p1b: Fabian|Garchomp, M, shiny|58\/100\n|switch|p2a: sacrificial lamb|Rillaboom, M|52\/100\n|-damage|p2a: sacrificial lamb|40\/100|[from] Stealth Rock\n|-fieldstart|move: Grassy Terrain|[from] ability: Grassy Surge|[of] p2a: sacrificial lamb\n|turn|9\n|\n|t:|1701017495\n|move|p2a: sacrificial lamb|Fake Out|p1a: Patricia\n|-resisted|p1a: Patricia\n|-damage|p1a: Patricia|56\/100\n|cant|p1a: Patricia|flinch\n|move|p1b: Fabian|Iron Head|p2a: sacrificial lamb\n|-damage|p2a: sacrificial lamb|13\/100\n|move|p2b: Pot Friend|Strength Sap|p1b: Fabian\n|-unboost|p1b: Fabian|atk|1\n|-heal|p2b: Pot Friend|100\/100\n|\n|-heal|p1a: Patricia|62\/100|[from] Grassy Terrain\n|-heal|p1b: Fabian|64\/100|[from] Grassy Terrain\n|-heal|p2a: sacrificial lamb|20\/100|[from] Grassy Terrain\n|upkeep\n|turn|10\n|\n|t:|1701017517\n|move|p2a: sacrificial lamb|Grassy Glide|p1b: Fabian\n|-damage|p1b: Fabian|27\/100\n|-damage|p2a: sacrificial lamb|7\/100|[from] ability: Rough Skin|[of] p1b: Fabian\n|move|p1a: Patricia|Dark Pulse|p2b: Pot Friend\n|-damage|p2b: Pot Friend|35\/100\n|-damage|p1a: Patricia|52\/100|[from] item: Life Orb\n|move|p1b: Fabian|Iron Head|p2a: sacrificial lamb\n|-damage|p2a: sacrificial lamb|0 fnt\n|faint|p2a: sacrificial lamb\n|move|p2b: Pot Friend|Matcha Gotcha|p1b: Fabian|[spread] p1a,p1b\n|-resisted|p1a: Patricia\n|-damage|p1a: Patricia|32\/100\n|-heal|p2b: Pot Friend|45\/100|[from] drain|[of] p1a: Patricia\n|-damage|p1b: Fabian|3\/100\n|-heal|p2b: Pot Friend|58\/100|[from] drain|[of] p1b: Fabian\n|\n|-heal|p1a: Patricia|38\/100|[from] Grassy Terrain\n|-heal|p1b: Fabian|9\/100|[from] Grassy Terrain\n|-heal|p2b: Pot Friend|64\/100|[from] Grassy Terrain\n|-heal|p2b: Pot Friend|70\/100|[from] item: Leftovers\n|upkeep\n|inactive|Prob63 has 120 seconds left.\n|c|\u2606Prob63|damn it\n|\n|t:|1701017542\n|switch|p2a: nuclear option|Chi-Yu|100\/100\n|-damage|p2a: nuclear option|76\/100|[from] Stealth Rock\n|-ability|p2a: nuclear option|Beads of Ruin\n|turn|11\n|c|\u2606Prob63|well thats gg\n|c|\u2606MYNAMEISGIORNO|hmmm\n|c|\u2606MYNAMEISGIORNO|no scarf?\n|c|\u2606Prob63|if Chomp dies there i probably win\n|inactive|Prob63 has 120 seconds left.\n|\n|t:|1701017574\n|move|p2b: Pot Friend|Rage Powder|p2b: Pot Friend\n|-singleturn|p2b: Pot Friend|move: Rage Powder\n|move|p1a: Patricia|Earth Power|p2b: Pot Friend\n|-damage|p2b: Pot Friend|9\/100\n|-damage|p1a: Patricia|28\/100|[from] item: Life Orb\n|move|p1b: Fabian|Rock Slide|p2a: nuclear option|[spread] p2a,p2b\n|-supereffective|p2a: nuclear option\n|-damage|p2a: nuclear option|35\/100\n|-damage|p2b: Pot Friend|1\/100\n|cant|p2a: nuclear option|flinch\n|\n|-heal|p1a: Patricia|34\/100|[from] Grassy Terrain\n|-heal|p1b: Fabian|15\/100|[from] Grassy Terrain\n|-heal|p2a: nuclear option|41\/100|[from] Grassy Terrain\n|-heal|p2b: Pot Friend|7\/100|[from] Grassy Terrain\n|-heal|p2b: Pot Friend|13\/100|[from] item: Leftovers\n|upkeep\n|turn|12\n|c|\u2606Prob63|are you serious\n|c|\u2606Prob63|man what the fuck\n|c|\u2606MYNAMEISGIORNO|bro\n|c|\u2606MYNAMEISGIORNO|what a save\n|c|\u2606MYNAMEISGIORNO|jesus christ\n|c|\u2606Prob63|two flinches in two attacks\n|c|\u2606Prob63|fuck this shit\n|inactive|MYNAMEISGIORNO has 120 seconds left.\n|c|\u2606MYNAMEISGIORNO|sorry bro, the rng is crazy\n|c|\u2606MYNAMEISGIORNO|I got a dazzling gleam double crit my mons last game\n|c|\u2606MYNAMEISGIORNO|fucked up my advantage entirely\n|inactive|MYNAMEISGIORNO has 90 seconds left.\n|inactive|MYNAMEISGIORNO has 60 seconds left.\n|\n|t:|1701017665\n|-end|p1a: Patricia|Quark Drive|[silent]\n|switch|p1a: Graham Fetus|Mew, shiny|100\/100\n|move|p1b: Fabian|Rock Slide|p2b: Pot Friend|[spread] p2b\n|-miss|p1b: Fabian|p2a: nuclear option\n|-damage|p2b: Pot Friend|5\/100\n|move|p2a: nuclear option|Heat Wave|p1a: Graham Fetus|[spread] p1a,p1b\n|-resisted|p1b: Fabian\n|-damage|p1a: Graham Fetus|33\/100\n|-damage|p1b: Fabian|0 fnt\n|faint|p1b: Fabian\n|cant|p2b: Pot Friend|flinch\n|\n|-heal|p2a: nuclear option|47\/100|[from] Grassy Terrain\n|-heal|p1a: Graham Fetus|39\/100|[from] Grassy Terrain\n|-heal|p2b: Pot Friend|11\/100|[from] Grassy Terrain\n|-heal|p2b: Pot Friend|17\/100|[from] item: Leftovers\n|upkeep\n|inactive|MYNAMEISGIORNO has 60 seconds left.\n|\n|t:|1701017674\n|switch|p1b: Patricia|Iron Jugulis, tera:Steel|34\/100\n|turn|13\n|c|\u2606Prob63|what is going on this match\n|c|\u2606MYNAMEISGIORNO|lol\n|inactive|MYNAMEISGIORNO has 60 seconds left.\n|\n|t:|1701017699\n|move|p2b: Pot Friend|Rage Powder|p2b: Pot Friend\n|-singleturn|p2b: Pot Friend|move: Rage Powder\n|move|p1b: Patricia|Earth Power|p2b: Pot Friend\n|-damage|p2b: Pot Friend|0 fnt\n|faint|p2b: Pot Friend\n|-damage|p1b: Patricia|25\/100|[from] item: Life Orb\n|move|p2a: nuclear option|Heat Wave|p1a: Graham Fetus|[spread] p1a,p1b\n|-supereffective|p1b: Patricia\n|-damage|p1a: Graham Fetus|0 fnt\n|-damage|p1b: Patricia|0 fnt\n|faint|p1a: Graham Fetus\n|faint|p1b: Patricia\n|-end|p1b: Patricia|Quark Drive|[silent]\n|\n|win|Prob63\n|raw|MYNAMEISGIORNO's rating: 1279 &rarr; <strong>1262<\/strong><br \/>(-17 for losing)\n|raw|Prob63's rating: 1399 &rarr; <strong>1412<\/strong><br \/>(+13 for winning)\n","uploadtime":1701017605,"views":7,"p1id":"mynameisgiorno","p2id":"prob63","formatid":"gen9doublesou","rating":1262,"private":0,"password":""}