{"id":"gen9doublesou-1989609865","p1":"EkCantDrawLol","p2":"skitser11","format":"[Gen 9] Doubles OU","log":"|j|\u2606EkCantDrawLol\n|j|\u2606skitser11\n|t:|1699878460\n|gametype|doubles\n|player|p1|EkCantDrawLol|skierf|1560\n|player|p2|skitser11|unknown|1610\n|teamsize|p1|6\n|teamsize|p2|6\n|gen|9\n|tier|[Gen 9] Doubles OU\n|rated|\n|rule|Species Clause: Limit one of each Pok\u00e9mon\n|rule|OHKO Clause: OHKO moves are banned\n|rule|Evasion Moves Clause: Evasion moves are banned\n|rule|Gravity Sleep Clause: The combination of sleep-inducing moves with imperfect accuracy and Gravity or Gigantamax Orbeetle are banned\n|rule|Endless Battle Clause: Forcing endless battles is banned\n|rule|HP Percentage Mod: HP is shown in percentages\n|clearpoke\n|poke|p1|Ogerpon-Hearthflame, F|\n|poke|p1|Kingambit, M|\n|poke|p1|Tornadus, M|\n|poke|p1|Flutter Mane|\n|poke|p1|Walking Wake|\n|poke|p1|Landorus-Therian, M|\n|poke|p2|Arcanine-Hisui, F|\n|poke|p2|Diancie|\n|poke|p2|Ogerpon-Wellspring, F|\n|poke|p2|Tornadus, M|\n|poke|p2|Scizor, F|\n|poke|p2|Moltres-Galar|\n|teampreview\n|\n|t:|1699878482\n|start\n|switch|p1a: Tornadus|Tornadus, M, shiny|100\/100\n|switch|p1b: Landorus|Landorus-Therian, M, shiny|100\/100\n|switch|p2a: Arcanine|Arcanine-Hisui, F|100\/100\n|switch|p2b: Ogerpon|Ogerpon-Wellspring, F|100\/100\n|-ability|p1b: Landorus|Intimidate|boost\n|-unboost|p2a: Arcanine|atk|1\n|-unboost|p2b: Ogerpon|atk|1\n|-ability|p2a: Arcanine|Intimidate|boost\n|-unboost|p1a: Tornadus|atk|1\n|-unboost|p1b: Landorus|atk|1\n|turn|1\n|j| witdflow\n|\n|t:|1699878502\n|-terastallize|p1a: Tornadus|Flying\n|move|p1b: Landorus|Earthquake|p2b: Ogerpon|[spread] p2a,p2b\n|-immune|p1a: Tornadus\n|-supereffective|p2a: Arcanine\n|-resisted|p2b: Ogerpon\n|-damage|p2a: Arcanine|0 fnt\n|-damage|p2b: Ogerpon|82\/100\n|faint|p2a: Arcanine\n|move|p1a: Tornadus|Bleakwind Storm|p2b: Ogerpon\n|-supereffective|p2b: Ogerpon\n|-damage|p2b: Ogerpon|0 fnt\n|faint|p2b: Ogerpon\n|\n|upkeep\n|inactive|Battle timer is ON: inactive players will automatically lose when time's up. (requested by EkCantDrawLol)\n|\n|t:|1699878525\n|switch|p2b: Moltres|Moltres-Galar|100\/100\n|switch|p2a: Tornadus|Tornadus, M|100\/100\n|turn|2\n|\n|t:|1699878539\n|switch|p1b: Flutter Mane|Flutter Mane, shiny|100\/100\n|-enditem|p1b: Flutter Mane|Booster Energy\n|-activate|p1b: Flutter Mane|ability: Protosynthesis|[fromitem]\n|-start|p1b: Flutter Mane|protosynthesisspe\n|-terastallize|p2a: Tornadus|Dark\n|move|p1a: Tornadus|Taunt|p2a: Tornadus\n|-hint|Since gen 7, Dark is immune to Prankster moves.\n|-immune|p2a: Tornadus\n|move|p2a: Tornadus|Taunt|p1a: Tornadus\n|-start|p1a: Tornadus|move: Taunt\n|-enditem|p1a: Tornadus|Mental Herb\n|-end|p1a: Tornadus|move: Taunt\n|move|p2b: Moltres|Fiery Wrath|p1a: Tornadus|[spread] p1a,p1b\n|-damage|p1a: Tornadus|45\/100\n|-damage|p1b: Flutter Mane|57\/100\n|\n|upkeep\n|turn|3\n|\n|t:|1699878558\n|move|p2a: Tornadus|Tailwind|p2a: Tornadus\n|-sidestart|p2: skitser11|move: Tailwind\n|move|p1a: Tornadus|Tailwind|p1a: Tornadus\n|-sidestart|p1: EkCantDrawLol|move: Tailwind\n|move|p1b: Flutter Mane|Moonblast|p2b: Moltres\n|-supereffective|p2b: Moltres\n|-damage|p2b: Moltres|7\/100\n|-unboost|p2b: Moltres|spa|1\n|-ability|p2b: Moltres|Berserk|boost\n|-boost|p2b: Moltres|spa|1\n|move|p2b: Moltres|Fiery Wrath|p1b: Flutter Mane|[spread] p1a,p1b\n|-damage|p1a: Tornadus|0 fnt\n|-damage|p1b: Flutter Mane|10\/100\n|faint|p1a: Tornadus\n|\n|upkeep\n|inactive|EkCantDrawLol has 120 seconds left.\n|\n|t:|1699878580\n|switch|p1a: Landorus|Landorus-Therian, M, shiny|100\/100\n|-ability|p1a: Landorus|Intimidate|boost\n|-unboost|p2a: Tornadus|atk|1\n|-unboost|p2b: Moltres|atk|1\n|turn|4\n|\n|t:|1699878592\n|move|p1b: Flutter Mane|Moonblast|p2a: Tornadus\n|-supereffective|p2a: Tornadus\n|-enditem|p2a: Tornadus|Focus Sash\n|-damage|p2a: Tornadus|1\/100\n|move|p1a: Landorus|Rock Slide|p2b: Moltres|[spread] p2a,p2b\n|-supereffective|p2b: Moltres\n|-damage|p2a: Tornadus|0 fnt\n|-damage|p2b: Moltres|0 fnt\n|faint|p2a: Tornadus\n|faint|p2b: Moltres\n|\n|upkeep\n|\n|t:|1699878599\n|switch|p2a: Diancie|Diancie|100\/100\n|switch|p2b: Scizor|Scizor, F|100\/100\n|turn|5\n|\n|t:|1699878612\n|switch|p1a: Ogerpon|Ogerpon-Hearthflame, F|100\/100\n|-ability|p1a: Ogerpon|Mold Breaker\n|move|p2b: Scizor|Bullet Punch|p1b: Flutter Mane\n|-supereffective|p1b: Flutter Mane\n|-damage|p1b: Flutter Mane|0 fnt\n|faint|p1b: Flutter Mane\n|-end|p1b: Flutter Mane|Protosynthesis|[silent]\n|move|p2a: Diancie|Diamond Storm|p1a: Ogerpon\n|-supereffective|p1a: Ogerpon\n|-damage|p1a: Ogerpon|0 fnt\n|faint|p1a: Ogerpon\n|\n|upkeep\n|\n|t:|1699878620\n|switch|p1b: Landorus|Landorus-Therian, M, shiny|100\/100\n|switch|p1a: Kingambit|Kingambit, M|100\/100\n|-ability|p1b: Landorus|Intimidate|boost\n|-fail|p2a: Diancie|unboost|[from] ability: Clear Body|[of] p2a: Diancie\n|-unboost|p2b: Scizor|atk|1\n|turn|6\n|\n|t:|1699878638\n|move|p1a: Kingambit|Protect|p1a: Kingambit\n|-singleturn|p1a: Kingambit|Protect\n|move|p1b: Landorus|U-turn|p2b: Scizor\n|-resisted|p2b: Scizor\n|-damage|p2b: Scizor|88\/100\n|\n|t:|1699878642\n|switch|p1b: Walking Wake|Walking Wake|100\/100|[from] U-turn\n|move|p2b: Scizor|Dual Wingbeat|p1b: Walking Wake\n|-damage|p1b: Walking Wake|86\/100\n|-damage|p1b: Walking Wake|72\/100\n|-hitcount|p1b: Walking Wake|2\n|move|p2a: Diancie|Body Press|p1a: Kingambit\n|-activate|p1a: Kingambit|move: Protect\n|\n|-heal|p1b: Walking Wake|78\/100|[from] item: Leftovers\n|-sideend|p2: skitser11|move: Tailwind\n|-sideend|p1: EkCantDrawLol|move: Tailwind\n|upkeep\n|turn|7\n|\n|t:|1699878655\n|switch|p1a: Landorus|Landorus-Therian, M, shiny|100\/100\n|-ability|p1a: Landorus|Intimidate|boost\n|-fail|p2a: Diancie|unboost|[from] ability: Clear Body|[of] p2a: Diancie\n|-unboost|p2b: Scizor|atk|1\n|move|p2b: Scizor|Bullet Punch|p1b: Walking Wake\n|-resisted|p1b: Walking Wake\n|-damage|p1b: Walking Wake|70\/100\n|move|p1b: Walking Wake|Hydro Steam|p2a: Diancie\n|-supereffective|p2a: Diancie\n|-crit|p2a: Diancie\n|-damage|p2a: Diancie|26\/100\n|move|p2a: Diancie|Play Rough|p1b: Walking Wake\n|-supereffective|p1b: Walking Wake\n|-damage|p1b: Walking Wake|0 fnt\n|faint|p1b: Walking Wake\n|-end|p1b: Walking Wake|Protosynthesis|[silent]\n|\n|upkeep\n|\n|t:|1699878670\n|switch|p1b: Kingambit|Kingambit, M|100\/100\n|turn|8\n|\n|t:|1699878678\n|move|p1b: Kingambit|Protect|p1b: Kingambit\n|-singleturn|p1b: Kingambit|Protect\n|move|p2b: Scizor|Bullet Punch|p1a: Landorus\n|-damage|p1a: Landorus|79\/100\n|move|p1a: Landorus|Stomping Tantrum|p2a: Diancie\n|-supereffective|p2a: Diancie\n|-damage|p2a: Diancie|0 fnt\n|faint|p2a: Diancie\n|\n|upkeep\n|turn|9\n|-message|skitser11 forfeited.\n|\n|win|EkCantDrawLol\n|raw|EkCantDrawLol's rating: 1560 &rarr; <strong>1583<\/strong><br \/>(+23 for winning)\n|raw|skitser11's rating: 1610 &rarr; <strong>1587<\/strong><br \/>(-23 for losing)\n|l|\u2606skitser11\n","uploadtime":1699878695,"views":13,"p1id":"ekcantdrawlol","p2id":"skitser11","formatid":"gen9doublesou","rating":1583,"private":0,"password":""}