{"id":"gen9doublesou-1980253762","p1":"uhdfhadfdaf","p2":"sheepbunny1008","format":"[Gen 9] Doubles OU","log":"|j|\u2606uhdfhadfdaf\n|j|\u2606sheepbunny1008\n|t:|1698769903\n|gametype|doubles\n|player|p1|uhdfhadfdaf|cynthia-gen4|\n|player|p2|sheepbunny1008|cynthia-masters2|\n|teamsize|p1|6\n|teamsize|p2|6\n|gen|9\n|tier|[Gen 9] Doubles OU\n|rule|Species Clause: Limit one of each Pok\u00e9mon\n|rule|OHKO Clause: OHKO moves are banned\n|rule|Evasion Moves Clause: Evasion moves are banned\n|rule|Gravity Sleep Clause: The combination of sleep-inducing moves with imperfect accuracy and Gravity or Gigantamax Orbeetle are banned\n|rule|Endless Battle Clause: Forcing endless battles is banned\n|rule|HP Percentage Mod: HP is shown in percentages\n|clearpoke\n|poke|p1|Torterra, F|\n|poke|p1|Golduck, M|\n|poke|p1|Sinistcha-Masterpiece|\n|poke|p1|Sableye, M|\n|poke|p1|Diancie|\n|poke|p1|Corviknight, F|\n|poke|p2|Flutter Mane|\n|poke|p2|Iron Hands|\n|poke|p2|Landorus-Therian, M|\n|poke|p2|Farigiraf, M|\n|poke|p2|Grimmsnarl, M|\n|poke|p2|Murkrow, F|\n|teampreview\n|inactive|Battle timer is ON: inactive players will automatically lose when time's up. (requested by sheepbunny1008)\n|\n|t:|1698769927\n|start\n|switch|p1a: Torterra|Torterra, F|100\/100\n|switch|p1b: Golduck|Golduck, M|100\/100\n|switch|p2a: Grimmsnarl|Grimmsnarl, M|100\/100\n|switch|p2b: Flutter Mane|Flutter Mane|100\/100\n|turn|1\n|\n|t:|1698769956\n|-terastallize|p1a: Torterra|Steel\n|move|p2a: Grimmsnarl|Reflect|p2a: Grimmsnarl\n|-sidestart|p2: sheepbunny1008|Reflect\n|move|p1b: Golduck|Simple Beam|p1a: Torterra\n|-endability|p1a: Torterra|Shell Armor|[from] move: Simple Beam\n|-ability|p1a: Torterra|Simple|[from] move: Simple Beam\n|move|p2b: Flutter Mane|Substitute|p2b: Flutter Mane\n|-start|p2b: Flutter Mane|Substitute\n|-damage|p2b: Flutter Mane|76\/100\n|move|p1a: Torterra|Shell Smash|p1a: Torterra\n|-unboost|p1a: Torterra|def|2\n|-unboost|p1a: Torterra|spd|2\n|-boost|p1a: Torterra|atk|4\n|-boost|p1a: Torterra|spa|4\n|-boost|p1a: Torterra|spe|4\n|-enditem|p1a: Torterra|White Herb\n|-clearnegativeboost|p1a: Torterra|[silent]\n|\n|-heal|p2b: Flutter Mane|82\/100|[from] item: Leftovers\n|upkeep\n|turn|2\n|inactive|uhdfhadfdaf has 270 seconds left.\n|\n|t:|1698769996\n|switch|p1b: Sableye|Sableye, M|100\/100\n|move|p2a: Grimmsnarl|Light Screen|p2a: Grimmsnarl\n|-sidestart|p2: sheepbunny1008|move: Light Screen\n|move|p1a: Torterra|Earthquake|p2a: Grimmsnarl|[spread] p1b,p2a,p2b\n|-end|p2b: Flutter Mane|Substitute\n|-damage|p1b: Sableye|0 fnt\n|-damage|p2a: Grimmsnarl|16\/100\n|faint|p1b: Sableye\n|move|p2b: Flutter Mane|Shadow Ball|p1a: Torterra\n|-damage|p1a: Torterra|52\/100\n|\n|-heal|p2b: Flutter Mane|88\/100|[from] item: Leftovers\n|upkeep\n|\n|t:|1698770009\n|switch|p1b: Sinistcha|Sinistcha-Masterpiece|100\/100\n|-heal|p1a: Torterra|77\/100|[from] ability: Hospitality|[of] p1b: Sinistcha\n|turn|3\n|\n|t:|1698770017\n|-end|p2b: Flutter Mane|Protosynthesis|[silent]\n|switch|p2b: Landorus|Landorus-Therian, M|100\/100\n|-ability|p2b: Landorus|Intimidate|boost\n|-unboost|p1a: Torterra|atk|2\n|-unboost|p1b: Sinistcha|atk|1\n|switch|p1b: Corviknight|Corviknight, F|100\/100\n|move|p2a: Grimmsnarl|Taunt|p1b: Corviknight\n|-start|p1b: Corviknight|move: Taunt\n|move|p1a: Torterra|Earthquake|p2b: Landorus|[spread] p2a\n|-immune|p1b: Corviknight\n|-immune|p2b: Landorus\n|-damage|p2a: Grimmsnarl|0 fnt\n|faint|p2a: Grimmsnarl\n|\n|upkeep\n|\n|t:|1698770023\n|switch|p2a: Murkrow|Murkrow, F|100\/100\n|turn|4\n|\n|t:|1698770037\n|move|p2a: Murkrow|Perish Song|p2a: Murkrow\n|-start|p1a: Torterra|perish3|[silent]\n|-start|p1b: Corviknight|perish3|[silent]\n|-start|p2a: Murkrow|perish3|[silent]\n|-start|p2b: Landorus|perish3|[silent]\n|-fieldactivate|move: Perish Song\n|move|p1a: Torterra|Rock Slide|p2b: Landorus|[spread] p2a,p2b\n|-supereffective|p2a: Murkrow\n|-damage|p2a: Murkrow|36\/100\n|-damage|p2b: Landorus|83\/100\n|cant|p2b: Landorus|flinch\n|move|p1b: Corviknight|Body Press|p2b: Landorus\n|-resisted|p2b: Landorus\n|-damage|p2b: Landorus|77\/100\n|-damage|p1b: Corviknight|84\/100|[from] item: Rocky Helmet|[of] p2b: Landorus\n|\n|-start|p1a: Torterra|perish3\n|-start|p2b: Landorus|perish3\n|-start|p2a: Murkrow|perish3\n|-start|p1b: Corviknight|perish3\n|upkeep\n|turn|5\n|\n|t:|1698770054\n|move|p2a: Murkrow|Thunder Wave|p1a: Torterra|[miss]\n|-miss|p2a: Murkrow|p1a: Torterra\n|move|p1a: Torterra|Rock Slide|p2a: Murkrow|[spread] p2a,p2b\n|-supereffective|p2a: Murkrow\n|-damage|p2a: Murkrow|0 fnt\n|-damage|p2b: Landorus|58\/100\n|faint|p2a: Murkrow\n|cant|p2b: Landorus|flinch\n|move|p1b: Corviknight|Brave Bird|p2b: Landorus\n|-damage|p2b: Landorus|38\/100\n|-damage|p1b: Corviknight|67\/100|[from] item: Rocky Helmet|[of] p2b: Landorus\n|-damage|p1b: Corviknight|62\/100|[from] Recoil\n|\n|-end|p1b: Corviknight|move: Taunt\n|-start|p1a: Torterra|perish2\n|-start|p2b: Landorus|perish2\n|-start|p1b: Corviknight|perish2\n|upkeep\n|\n|t:|1698770061\n|switch|p2a: Iron Hands|Iron Hands|100\/100\n|turn|6\n|inactive|uhdfhadfdaf has 270 seconds left.\n|\n|t:|1698770093\n|move|p2a: Iron Hands|Fake Out|p1a: Torterra\n|-resisted|p1a: Torterra\n|-damage|p1a: Torterra|69\/100\n|cant|p1a: Torterra|flinch\n|move|p2b: Landorus|Stomping Tantrum|p1a: Torterra\n|-supereffective|p1a: Torterra\n|-damage|p1a: Torterra|0 fnt\n|faint|p1a: Torterra\n|move|p1b: Corviknight|Tailwind|p1b: Corviknight\n|-sidestart|p1: uhdfhadfdaf|move: Tailwind\n|\n|-start|p1b: Corviknight|perish1\n|-start|p2b: Landorus|perish1\n|upkeep\n|inactive|uhdfhadfdaf has 270 seconds left.\n|\n|t:|1698770104\n|switch|p1a: Diancie|Diancie|100\/100\n|turn|7\n|\n|t:|1698770123\n|switch|p1b: Golduck|Golduck, M|100\/100\n|switch|p2b: Farigiraf|Farigiraf, M|100\/100\n|move|p1a: Diancie|Diamond Storm|p2a: Iron Hands|[spread] p2a\n|-miss|p1a: Diancie|p2b: Farigiraf\n|-resisted|p2a: Iron Hands\n|-damage|p2a: Iron Hands|95\/100\n|move|p2a: Iron Hands|Wild Charge|p1a: Diancie\n|-damage|p1a: Diancie|60\/100\n|-damage|p2a: Iron Hands|89\/100|[from] Recoil\n|\n|-heal|p1a: Diancie|66\/100|[from] item: Leftovers\n|upkeep\n|turn|8\n|\n|t:|1698770146\n|move|p1b: Golduck|Psychic|p2a: Iron Hands\n|-supereffective|p2a: Iron Hands\n|-damage|p2a: Iron Hands|73\/100\n|move|p1a: Diancie|Diamond Storm|p2b: Farigiraf|[spread] p2a,p2b\n|-resisted|p2a: Iron Hands\n|-damage|p2a: Iron Hands|68\/100\n|-damage|p2b: Farigiraf|89\/100\n|move|p2b: Farigiraf|Wish|p2b: Farigiraf\n|move|p2a: Iron Hands|Wild Charge|p1b: Golduck\n|-supereffective|p1b: Golduck\n|-damage|p1b: Golduck|0 fnt\n|faint|p1b: Golduck\n|-damage|p2a: Iron Hands|50\/100|[from] Recoil\n|\n|-heal|p1a: Diancie|73\/100|[from] item: Leftovers\n|-heal|p2b: Farigiraf|95\/100|[from] item: Leftovers\n|-sideend|p2: sheepbunny1008|Reflect\n|upkeep\n|\n|t:|1698770161\n|switch|p1b: Sinistcha|Sinistcha-Masterpiece|100\/100\n|-heal|p1a: Diancie|98\/100|[from] ability: Hospitality|[of] p1b: Sinistcha\n|turn|9\n|\n|t:|1698770176\n|switch|p2b: Landorus|Landorus-Therian, M|38\/100\n|-ability|p2b: Landorus|Intimidate|boost\n|-fail|p1a: Diancie|unboost|[from] ability: Clear Body|[of] p1a: Diancie\n|-unboost|p1b: Sinistcha|atk|1\n|move|p1a: Diancie|Diamond Storm|p2a: Iron Hands|[spread] p2a,p2b\n|-resisted|p2a: Iron Hands\n|-damage|p2a: Iron Hands|42\/100\n|-damage|p2b: Landorus|19\/100\n|-boost|p1a: Diancie|def|2\n|move|p2a: Iron Hands|Ice Punch|p1b: Sinistcha\n|-supereffective|p1b: Sinistcha\n|-damage|p1b: Sinistcha|34\/100\n|move|p1b: Sinistcha|Trick Room|p1b: Sinistcha\n|-fieldstart|move: Trick Room|[of] p1b: Sinistcha\n|\n|-heal|p2b: Landorus|84\/100|[from] move: Wish|[wisher] Farigiraf\n|-heal|p1a: Diancie|100\/100|[from] item: Leftovers\n|-sideend|p2: sheepbunny1008|move: Light Screen\n|-sideend|p1: uhdfhadfdaf|move: Tailwind\n|upkeep\n|turn|10\n|\n|t:|1698770205\n|move|p1a: Diancie|Moonblast|p2a: Iron Hands\n|-supereffective|p2a: Iron Hands\n|-damage|p2a: Iron Hands|0 fnt\n|faint|p2a: Iron Hands\n|-end|p2a: Iron Hands|Quark Drive|[silent]\n|move|p2b: Landorus|Stomping Tantrum|p1a: Diancie\n|-supereffective|p1a: Diancie\n|-damage|p1a: Diancie|71\/100\n|move|p1b: Sinistcha|Matcha Gotcha|p2b: Landorus\n|-damage|p2b: Landorus|39\/100\n|-heal|p1b: Sinistcha|61\/100|[from] drain|[of] p2b: Landorus\n|\n|-heal|p1a: Diancie|77\/100|[from] item: Leftovers\n|upkeep\n|\n|t:|1698770218\n|switch|p2a: Farigiraf|Farigiraf, M|95\/100\n|turn|11\n|\n|t:|1698770226\n|move|p2a: Farigiraf|Ally Switch|p2a: Farigiraf\n|swap|p2a: Farigiraf|1|[from] move: Ally Switch\n|move|p1a: Diancie|Diamond Storm|p2b: Farigiraf|[spread] p2a,p2b\n|-damage|p2a: Landorus|18\/100\n|-damage|p2b: Farigiraf|78\/100\n|move|p2a: Landorus|Stomping Tantrum|p1a: Diancie\n|-supereffective|p1a: Diancie\n|-damage|p1a: Diancie|47\/100\n|move|p1b: Sinistcha|Matcha Gotcha|p2b: Farigiraf|[spread] p2a,p2b\n|-damage|p2a: Landorus|0 fnt\n|-heal|p1b: Sinistcha|72\/100|[from] drain|[of] p2a: Landorus\n|-damage|p2b: Farigiraf|47\/100\n|-heal|p1b: Sinistcha|96\/100|[from] drain|[of] p2b: Farigiraf\n|faint|p2a: Landorus\n|\n|-heal|p1a: Diancie|53\/100|[from] item: Leftovers\n|-heal|p2b: Farigiraf|53\/100|[from] item: Leftovers\n|upkeep\n|\n|t:|1698770235\n|switch|p2a: Flutter Mane|Flutter Mane|88\/100\n|turn|12\n|\n|t:|1698770248\n|move|p1a: Diancie|Diamond Storm|p2b: Farigiraf|[spread] p2a,p2b\n|-damage|p2a: Flutter Mane|31\/100\n|-damage|p2b: Farigiraf|34\/100\n|-boost|p1a: Diancie|def|2\n|move|p2b: Farigiraf|Thunder Wave|p1a: Diancie\n|-status|p1a: Diancie|par\n|move|p1b: Sinistcha|Shadow Ball|p2a: Flutter Mane\n|-supereffective|p2a: Flutter Mane\n|-damage|p2a: Flutter Mane|0 fnt\n|faint|p2a: Flutter Mane\n|-end|p2a: Flutter Mane|Protosynthesis|[silent]\n|\n|-heal|p1a: Diancie|59\/100 par|[from] item: Leftovers\n|-heal|p2b: Farigiraf|40\/100|[from] item: Leftovers\n|upkeep\n|turn|13\n|\n|t:|1698770270\n|cant|p1a: Diancie|par\n|move|p2b: Farigiraf|Wish|p2b: Farigiraf\n|move|p1b: Sinistcha|Matcha Gotcha|p2b: Farigiraf\n|-damage|p2b: Farigiraf|0 fnt\n|-heal|p1b: Sinistcha|100\/100|[from] drain|[of] p2b: Farigiraf\n|faint|p2b: Farigiraf\n|\n|win|uhdfhadfdaf\n|l|\u2606sheepbunny1008\n","uploadtime":1698770300,"views":27,"p1id":"uhdfhadfdaf","p2id":"sheepbunny1008","formatid":"gen9doublesou","rating":0,"private":0,"password":""}