{"id":"gen9doublesou-1990440753","p1":"DanT3rra","p2":"10zolt","format":"[Gen 9] Doubles OU","log":"|j|\u2606DanT3rra\n|j|\u260610zolt\n|t:|1699971232\n|gametype|doubles\n|player|p1|DanT3rra|265|1145\n|player|p2|10zolt|cilan|1062\n|teamsize|p1|6\n|teamsize|p2|6\n|gen|9\n|tier|[Gen 9] Doubles OU\n|rated|\n|rule|Species Clause: Limit one of each Pok\u00e9mon\n|rule|OHKO Clause: OHKO moves are banned\n|rule|Evasion Moves Clause: Evasion moves are banned\n|rule|Gravity Sleep Clause: The combination of sleep-inducing moves with imperfect accuracy and Gravity or Gigantamax Orbeetle are banned\n|rule|Endless Battle Clause: Forcing endless battles is banned\n|rule|HP Percentage Mod: HP is shown in percentages\n|clearpoke\n|poke|p1|Garganacl, F|\n|poke|p1|Clefable, F|\n|poke|p1|Goodra-Hisui, F|\n|poke|p1|Chi-Yu|\n|poke|p1|Indeedee-F, F|\n|poke|p1|Farigiraf, F|\n|poke|p2|Snorlax, M|\n|poke|p2|Iron Hands|\n|poke|p2|Landorus-Therian, M|\n|poke|p2|Sinistcha|\n|poke|p2|Clefairy, M|\n|poke|p2|Kommo-o, M|\n|teampreview\n|\n|t:|1699971245\n|start\n|switch|p1a: Garganacl|Garganacl, F|100\/100\n|switch|p1b: Indeedee|Indeedee-F, F|100\/100\n|switch|p2a: Cartman|Snorlax, M, shiny|100\/100\n|switch|p2b: Fella|Clefairy, M, shiny|100\/100\n|turn|1\n|\n|t:|1699971261\n|move|p1b: Indeedee|Helping Hand|p1a: Garganacl\n|-singleturn|p1a: Garganacl|Helping Hand|[of] p1b: Indeedee\n|move|p2b: Fella|Follow Me|p2b: Fella\n|-singleturn|p2b: Fella|move: Follow Me\n|move|p1a: Garganacl|Salt Cure|p2b: Fella\n|-damage|p2b: Fella|75\/100\n|-start|p2b: Fella|Salt Cure\n|move|p2a: Cartman|Belly Drum|p2a: Cartman\n|-damage|p2a: Cartman|50\/100\n|-setboost|p2a: Cartman|atk|6|[from] move: Belly Drum\n|-enditem|p2a: Cartman|Sitrus Berry|[eat]\n|-heal|p2a: Cartman|75\/100|[from] item: Sitrus Berry\n|\n|-damage|p2b: Fella|63\/100|[from] Salt Cure\n|upkeep\n|turn|2\n|inactive|Battle timer is ON: inactive players will automatically lose when time's up. (requested by 10zolt)\n|\n|t:|1699971289\n|move|p1b: Indeedee|Helping Hand|p1a: Garganacl\n|-singleturn|p1a: Garganacl|Helping Hand|[of] p1b: Indeedee\n|move|p2b: Fella|Follow Me|p2b: Fella\n|-singleturn|p2b: Fella|move: Follow Me\n|move|p1a: Garganacl|Salt Cure|p2b: Fella\n|-damage|p2b: Fella|38\/100\n|move|p2a: Cartman|High Horsepower|p1a: Garganacl\n|-supereffective|p1a: Garganacl\n|-damage|p1a: Garganacl|0 fnt\n|faint|p1a: Garganacl\n|\n|-damage|p2b: Fella|26\/100|[from] Salt Cure\n|upkeep\n|\n|t:|1699971301\n|switch|p1a: Goodra|Goodra-Hisui, F|100\/100\n|turn|3\n|\n|t:|1699971318\n|-terastallize|p1a: Goodra|Flying\n|move|p1b: Indeedee|Helping Hand|p1a: Goodra\n|-singleturn|p1a: Goodra|Helping Hand|[of] p1b: Indeedee\n|move|p2b: Fella|Follow Me|p2b: Fella\n|-singleturn|p2b: Fella|move: Follow Me\n|move|p1a: Goodra|Acid Armor|p1a: Goodra\n|-boost|p1a: Goodra|def|2\n|move|p2a: Cartman|High Horsepower|p1a: Goodra\n|-immune|p1a: Goodra\n|\n|-damage|p2b: Fella|14\/100|[from] Salt Cure\n|upkeep\n|turn|4\n|\n|t:|1699971341\n|move|p1b: Indeedee|Helping Hand|p1a: Goodra\n|-singleturn|p1a: Goodra|Helping Hand|[of] p1b: Indeedee\n|move|p2b: Fella|Follow Me|p2b: Fella\n|-singleturn|p2b: Fella|move: Follow Me\n|move|p1a: Goodra|Dragon Pulse|p2b: Fella\n|-immune|p2b: Fella\n|move|p2a: Cartman|Facade|p1a: Goodra\n|-damage|p1a: Goodra|30\/100\n|-ability|p1a: Goodra|Gooey\n|-unboost|p2a: Cartman|spe|1\n|\n|-damage|p2b: Fella|2\/100|[from] Salt Cure\n|upkeep\n|turn|5\n|\n|t:|1699971360\n|move|p2b: Fella|Follow Me|p2b: Fella\n|-singleturn|p2b: Fella|move: Follow Me\n|move|p1b: Indeedee|Heal Pulse|p2b: Fella\n|-heal|p2b: Fella|52\/100\n|move|p1a: Goodra|Flash Cannon|p2b: Fella\n|-supereffective|p2b: Fella\n|-damage|p2b: Fella|0 fnt\n|faint|p2b: Fella\n|-damage|p1a: Goodra|20\/100|[from] item: Life Orb\n|move|p2a: Cartman|Facade|p1a: Goodra\n|-damage|p1a: Goodra|0 fnt\n|-ability|p1a: Goodra|Gooey\n|-unboost|p2a: Cartman|spe|1\n|faint|p1a: Goodra\n|\n|upkeep\n|\n|t:|1699971380\n|switch|p1a: Chi-Yu|Chi-Yu|100\/100\n|switch|p2b: Bounty|Sinistcha|100\/100\n|-ability|p1a: Chi-Yu|Beads of Ruin\n|-heal|p2a: Cartman|100\/100|[from] ability: Hospitality|[of] p2b: Bounty\n|turn|6\n|\n|t:|1699971393\n|-terastallize|p2b: Bounty|Fire\n|move|p2a: Cartman|Protect|p2a: Cartman\n|-singleturn|p2a: Cartman|Protect\n|move|p1b: Indeedee|Follow Me|p1b: Indeedee\n|-singleturn|p1b: Indeedee|move: Follow Me\n|move|p1a: Chi-Yu|Nasty Plot|p1a: Chi-Yu\n|-boost|p1a: Chi-Yu|spa|2\n|move|p2b: Bounty|Trick Room|p2b: Bounty\n|-fieldstart|move: Trick Room|[of] p2b: Bounty\n|\n|upkeep\n|turn|7\n|\n|t:|1699971412\n|move|p1a: Chi-Yu|Protect|p1a: Chi-Yu\n|-singleturn|p1a: Chi-Yu|Protect\n|move|p2b: Bounty|Rage Powder|p2b: Bounty\n|-singleturn|p2b: Bounty|move: Rage Powder\n|move|p2a: Cartman|High Horsepower|p1a: Chi-Yu\n|-activate|p1a: Chi-Yu|move: Protect\n|move|p1b: Indeedee|Trick Room|p1b: Indeedee\n|-fieldend|move: Trick Room\n|\n|upkeep\n|turn|8\n|\n|t:|1699971428\n|move|p1b: Indeedee|Helping Hand|p1a: Chi-Yu\n|-singleturn|p1a: Chi-Yu|Helping Hand|[of] p1b: Indeedee\n|move|p2a: Cartman|Protect|p2a: Cartman\n|-singleturn|p2a: Cartman|Protect\n|move|p1a: Chi-Yu|Heat Wave|p2a: Cartman|[spread] p2b\n|-activate|p2a: Cartman|move: Protect\n|-resisted|p2b: Bounty\n|-damage|p2b: Bounty|4\/100\n|move|p2b: Bounty|Trick Room|p2b: Bounty\n|-fieldstart|move: Trick Room|[of] p2b: Bounty\n|\n|upkeep\n|turn|9\n|\n|t:|1699971451\n|move|p1a: Chi-Yu|Protect|p1a: Chi-Yu\n|-singleturn|p1a: Chi-Yu|Protect\n|move|p2b: Bounty|Rage Powder|p2b: Bounty\n|-singleturn|p2b: Bounty|move: Rage Powder\n|move|p2a: Cartman|High Horsepower|p1b: Indeedee\n|-damage|p1b: Indeedee|0 fnt\n|faint|p1b: Indeedee\n|\n|upkeep\n|\n|t:|1699971459\n|switch|p1b: Farigiraf|Farigiraf, F|100\/100\n|turn|10\n|\n|t:|1699971473\n|move|p2b: Bounty|Rage Powder|p2b: Bounty\n|-singleturn|p2b: Bounty|move: Rage Powder\n|move|p2a: Cartman|High Horsepower|p1b: Farigiraf\n|-damage|p1b: Farigiraf|0 fnt\n|faint|p1b: Farigiraf\n|move|p1a: Chi-Yu|Heat Wave|p2b: Bounty|[spread] p2a,p2b\n|-resisted|p2b: Bounty\n|-crit|p2b: Bounty\n|-damage|p2a: Cartman|70\/100\n|-damage|p2b: Bounty|0 fnt\n|faint|p2b: Bounty\n|\n|upkeep\n|\n|t:|1699971485\n|switch|p2b: Iron Fist|Iron Hands|100\/100\n|switch|p1b: Clefable|Clefable, F|100\/100\n|turn|11\n|\n|t:|1699971501\n|move|p1a: Chi-Yu|Protect|p1a: Chi-Yu\n|-singleturn|p1a: Chi-Yu|Protect\n|move|p2b: Iron Fist|Fake Out|p1b: Clefable\n|-damage|p1b: Clefable|83\/100\n|move|p2a: Cartman|High Horsepower|p1a: Chi-Yu\n|-activate|p1a: Chi-Yu|move: Protect\n|cant|p1b: Clefable|flinch\n|\n|upkeep\n|turn|12\n|\n|t:|1699971516\n|move|p1b: Clefable|Follow Me|p1b: Clefable\n|-singleturn|p1b: Clefable|move: Follow Me\n|move|p2a: Cartman|High Horsepower|p1b: Clefable\n|-damage|p1b: Clefable|0 fnt\n|faint|p1b: Clefable\n|move|p2b: Iron Fist|Heavy Slam|p1a: Chi-Yu\n|-resisted|p1a: Chi-Yu\n|-damage|p1a: Chi-Yu|64\/100\n|move|p1a: Chi-Yu|Heat Wave|p2b: Iron Fist|[spread] p2a,p2b\n|-damage|p2a: Cartman|34\/100\n|-damage|p2b: Iron Fist|38\/100\n|\n|-fieldend|move: Trick Room\n|upkeep\n|turn|13\n|\n|t:|1699971536\n|move|p2a: Cartman|Protect|p2a: Cartman\n|-singleturn|p2a: Cartman|Protect\n|move|p1a: Chi-Yu|Heat Wave|p2b: Iron Fist|[spread] \n|-activate|p2a: Cartman|move: Protect\n|-miss|p1a: Chi-Yu|p2b: Iron Fist\n|move|p2b: Iron Fist|Wild Charge|p1a: Chi-Yu\n|-damage|p1a: Chi-Yu|0 fnt\n|faint|p1a: Chi-Yu\n|-damage|p2b: Iron Fist|30\/100|[from] Recoil\n|\n|win|10zolt\n|raw|DanT3rra's rating: 1145 &rarr; <strong>1114<\/strong><br \/>(-31 for losing)\n|raw|10zolt's rating: 1062 &rarr; <strong>1100<\/strong><br \/>(+38 for winning)\n|l|\u2606DanT3rra\n","uploadtime":1699971551,"views":10,"p1id":"dant3rra","p2id":"10zolt","formatid":"gen9doublesou","rating":1100,"private":0,"password":""}