{"id":"gen9doublesou-1980032726","p1":"eddlibra","p2":"Metal Jester","format":"[Gen 9] Doubles OU","log":"|j|\u2606eddlibra\n|j|\u2606Metal Jester\n|t:|1698749349\n|gametype|doubles\n|player|p1|eddlibra|colress|1107\n|player|p2|Metal Jester|ingo|1300\n|teamsize|p1|6\n|teamsize|p2|6\n|gen|9\n|tier|[Gen 9] Doubles OU\n|rated|\n|rule|Species Clause: Limit one of each Pok\u00e9mon\n|rule|OHKO Clause: OHKO moves are banned\n|rule|Evasion Moves Clause: Evasion moves are banned\n|rule|Gravity Sleep Clause: The combination of sleep-inducing moves with imperfect accuracy and Gravity or Gigantamax Orbeetle are banned\n|rule|Endless Battle Clause: Forcing endless battles is banned\n|rule|HP Percentage Mod: HP is shown in percentages\n|clearpoke\n|poke|p1|Chi-Yu|\n|poke|p1|Illumise, F|\n|poke|p1|Furret, F|\n|poke|p1|Clefairy, M|\n|poke|p1|Spectrier|\n|poke|p1|Grimmsnarl, M|\n|poke|p2|Tornadus, M|\n|poke|p2|Flutter Mane|\n|poke|p2|Iron Hands|\n|poke|p2|Landorus-Therian, M|\n|poke|p2|Farigiraf, M|\n|poke|p2|Chi-Yu|\n|teampreview\n|inactive|Battle timer is ON: inactive players will automatically lose when time's up. (requested by Metal Jester)\n|\n|t:|1698749364\n|start\n|switch|p1a: Chi-Yu|Chi-Yu|100\/100\n|switch|p1b: Illumise|Illumise, F|100\/100\n|switch|p2a: Tornadus|Tornadus, M|100\/100\n|switch|p2b: Iron Hands|Iron Hands|100\/100\n|-ability|p1a: Chi-Yu|Beads of Ruin\n|turn|1\n|\n|t:|1698749375\n|move|p2b: Iron Hands|Fake Out|p1a: Chi-Yu\n|-damage|p1a: Chi-Yu|75\/100\n|move|p2a: Tornadus|Taunt|p1b: Illumise\n|-start|p1b: Illumise|move: Taunt\n|cant|p1b: Illumise|move: Taunt|Tailwind\n|cant|p1a: Chi-Yu|flinch\n|\n|upkeep\n|turn|2\n|\n|t:|1698749388\n|move|p2a: Tornadus|Tailwind|p2a: Tornadus\n|-sidestart|p2: Metal Jester|move: Tailwind\n|move|p1a: Chi-Yu|Heat Wave|p2a: Tornadus|[spread] p2a,p2b\n|-damage|p2a: Tornadus|0 fnt\n|-damage|p2b: Iron Hands|58\/100\n|faint|p2a: Tornadus\n|move|p2b: Iron Hands|Close Combat|p1a: Chi-Yu\n|-supereffective|p1a: Chi-Yu\n|-damage|p1a: Chi-Yu|0 fnt\n|-unboost|p2b: Iron Hands|def|1\n|-unboost|p2b: Iron Hands|spd|1\n|faint|p1a: Chi-Yu\n|move|p1b: Illumise|Bug Buzz|p2b: Iron Hands\n|-resisted|p2b: Iron Hands\n|-damage|p2b: Iron Hands|46\/100\n|\n|upkeep\n|\n|t:|1698749405\n|switch|p2a: Chi-Yu|Chi-Yu|100\/100\n|switch|p1a: Furret|Furret, F|100\/100\n|-ability|p2a: Chi-Yu|Beads of Ruin\n|turn|3\n|\n|t:|1698749421\n|switch|p1b: Clefairy|Clefairy, M|100\/100\n|move|p1a: Furret|Protect|p1a: Furret\n|-singleturn|p1a: Furret|Protect\n|move|p2a: Chi-Yu|Heat Wave|p1b: Clefairy|[spread] p1b\n|-activate|p1a: Furret|move: Protect\n|-damage|p1b: Clefairy|51\/100\n|move|p2b: Iron Hands|Close Combat|p1a: Furret\n|-activate|p1a: Furret|move: Protect\n|\n|upkeep\n|turn|4\n|inactive|eddlibra has 120 seconds left.\n|\n|t:|1698749465\n|-terastallize|p2a: Chi-Yu|Fire\n|move|p2a: Chi-Yu|Heat Wave|p1a: Furret|[spread] p1a,p1b\n|-crit|p1a: Furret\n|-damage|p1a: Furret|0 fnt\n|-damage|p1b: Clefairy|0 fnt\n|faint|p1a: Furret\n|faint|p1b: Clefairy\n|move|p2b: Iron Hands|Close Combat|p1: Furret|[notarget]\n|-fail|p2b: Iron Hands\n|\n|upkeep\n|\n|t:|1698749479\n|switch|p1a: Grimmsnarl|Grimmsnarl, M|100\/100\n|switch|p1b: Spectrier|Spectrier|100\/100\n|turn|5\n|inactive|eddlibra has 120 seconds left.\n|inactive|eddlibra has 90 seconds left.\n|\n|t:|1698749531\n|-terastallize|p1b: Spectrier|Fairy\n|move|p1a: Grimmsnarl|Fake Out|p2a: Chi-Yu\n|-damage|p2a: Chi-Yu|71\/100\n|-damage|p1a: Grimmsnarl|91\/100|[from] item: Life Orb\n|cant|p2a: Chi-Yu|flinch\n|move|p1b: Spectrier|Tera Blast|p2b: Iron Hands|[anim] Tera Blast Fairy\n|-supereffective|p2b: Iron Hands\n|-damage|p2b: Iron Hands|0 fnt\n|faint|p2b: Iron Hands\n|-end|p2b: Iron Hands|Quark Drive|[silent]\n|-ability|p1b: Spectrier|Grim Neigh|boost\n|-boost|p1b: Spectrier|spa|1\n|\n|-sideend|p2: Metal Jester|move: Tailwind\n|upkeep\n|\n|t:|1698749542\n|switch|p2b: Flutter Mane|Flutter Mane|100\/100\n|turn|6\n|\n|t:|1698749559\n|move|p2b: Flutter Mane|Dazzling Gleam|p1b: Spectrier|[spread] p1a,p1b\n|-supereffective|p1a: Grimmsnarl\n|-damage|p1a: Grimmsnarl|0 fnt\n|-damage|p1b: Spectrier|23\/100\n|faint|p1a: Grimmsnarl\n|move|p1b: Spectrier|Tera Blast|p2a: Chi-Yu|[anim] Tera Blast Fairy\n|-resisted|p2a: Chi-Yu\n|-damage|p2a: Chi-Yu|10\/100\n|move|p2a: Chi-Yu|Heat Wave|p1b: Spectrier\n|-damage|p1b: Spectrier|0 fnt\n|faint|p1b: Spectrier\n|\n|upkeep\n|inactive|eddlibra has 90 seconds left.\n|-message|eddlibra forfeited.\n|\n|win|Metal Jester\n|raw|eddlibra's rating: 1107 &rarr; <strong>1095<\/strong><br \/>(-12 for losing)\n|raw|Metal Jester's rating: 1300 &rarr; <strong>1312<\/strong><br \/>(+12 for winning)\n|l|\u2606eddlibra\n","uploadtime":1698749574,"views":25,"p1id":"eddlibra","p2id":"metaljester","formatid":"gen9doublesou","rating":1095,"private":0,"password":""}