{"id":"gen9doublesou-1986157185","p1":"RocketsViability","p2":"DGFDHGDHD","format":"[Gen 9] Doubles OU","log":"|j|\u2606RocketsViability\n|j|\u2606DGFDHGDHD\n|t:|1699455583\n|gametype|doubles\n|player|p1|RocketsViability|169|1145\n|player|p2|DGFDHGDHD|1|1114\n|teamsize|p1|6\n|teamsize|p2|6\n|gen|9\n|tier|[Gen 9] Doubles OU\n|rated|\n|rule|Species Clause: Limit one of each Pok\u00e9mon\n|rule|OHKO Clause: OHKO moves are banned\n|rule|Evasion Moves Clause: Evasion moves are banned\n|rule|Gravity Sleep Clause: The combination of sleep-inducing moves with imperfect accuracy and Gravity or Gigantamax Orbeetle are banned\n|rule|Endless Battle Clause: Forcing endless battles is banned\n|rule|HP Percentage Mod: HP is shown in percentages\n|clearpoke\n|poke|p1|Ninetales-Alola, M|\n|poke|p1|Trevenant, M|\n|poke|p1|Goodra-Hisui, M|\n|poke|p1|Sandslash-Alola, F|\n|poke|p1|Torterra, F|\n|poke|p1|Empoleon, F|\n|poke|p2|Gastrodon-East, M|\n|poke|p2|Tyranitar, F|\n|poke|p2|Kommo-o, M|\n|poke|p2|Landorus-Therian, M|\n|poke|p2|Gliscor, F|\n|poke|p2|Infernape, M|\n|teampreview\n|inactive|Battle timer is ON: inactive players will automatically lose when time's up. (requested by DGFDHGDHD)\n|\n|t:|1699455599\n|start\n|switch|p1a: Ninetales|Ninetales-Alola, M|100\/100\n|switch|p1b: Trevenant|Trevenant, M|100\/100\n|switch|p2a: Tyranitar|Tyranitar, F|100\/100\n|switch|p2b: Gastrodon|Gastrodon-East, M|100\/100\n|-weather|Snow|[from] ability: Snow Warning|[of] p1a: Ninetales\n|-weather|Sandstorm|[from] ability: Sand Stream|[of] p2a: Tyranitar\n|turn|1\n|\n|t:|1699455619\n|switch|p1a: Goodra|Goodra-Hisui, M|100\/100\n|-terastallize|p2b: Gastrodon|Ice\n|move|p2a: Tyranitar|Surf|p1b: Trevenant|[spread] p1a,p1b\n|-ability|p2b: Gastrodon|Storm Drain|boost\n|-boost|p2b: Gastrodon|spa|1\n|-resisted|p1a: Goodra\n|-resisted|p1b: Trevenant\n|-crit|p1b: Trevenant\n|-damage|p1a: Goodra|93\/100\n|-damage|p1b: Trevenant|88\/100\n|move|p1b: Trevenant|Toxic|p2b: Gastrodon|[miss]\n|-miss|p1b: Trevenant|p2b: Gastrodon\n|move|p2b: Gastrodon|Sludge Bomb|p1b: Trevenant\n|-damage|p1b: Trevenant|60\/100\n|-status|p1b: Trevenant|psn\n|\n|-weather|Sandstorm|[upkeep]\n|-damage|p1b: Trevenant|54\/100 psn|[from] Sandstorm\n|-damage|p2b: Gastrodon|94\/100|[from] Sandstorm\n|-damage|p1b: Trevenant|42\/100 psn|[from] psn\n|upkeep\n|-enditem|p1b: Trevenant|Sitrus Berry|[eat]\n|-heal|p1b: Trevenant|67\/100 psn|[from] item: Sitrus Berry\n|turn|2\n|\n|t:|1699455648\n|switch|p2a: Landorus|Landorus-Therian, M|100\/100\n|-ability|p2a: Landorus|Intimidate|boost\n|-unboost|p1a: Goodra|atk|1\n|-unboost|p1b: Trevenant|atk|1\n|switch|p1a: Ninetales|Ninetales-Alola, M|100\/100\n|-weather|Snow|[from] ability: Snow Warning|[of] p1a: Ninetales\n|move|p1b: Trevenant|Disable||[still]\n|-fail|p1b: Trevenant\n|move|p2b: Gastrodon|Ice Beam|p1b: Trevenant\n|-supereffective|p1b: Trevenant\n|-damage|p1b: Trevenant|0 fnt\n|faint|p1b: Trevenant\n|\n|-weather|Snow|[upkeep]\n|upkeep\n|\n|t:|1699455654\n|switch|p1b: Sandslash|Sandslash-Alola, F|100\/100\n|turn|3\n|\n|t:|1699455671\n|switch|p2a: Tyranitar|Tyranitar, F|100\/100\n|-weather|Sandstorm|[from] ability: Sand Stream|[of] p2a: Tyranitar\n|move|p1a: Ninetales|Blizzard|p2b: Gastrodon|[spread] p2a,p2b\n|-resisted|p2b: Gastrodon\n|-damage|p2a: Tyranitar|88\/100\n|-damage|p2b: Gastrodon|79\/100\n|move|p1b: Sandslash|Iron Head|p2b: Gastrodon\n|-supereffective|p2b: Gastrodon\n|-damage|p2b: Gastrodon|0 fnt\n|faint|p2b: Gastrodon\n|\n|-weather|Sandstorm|[upkeep]\n|-damage|p1a: Ninetales|95\/100|[from] Sandstorm\n|upkeep\n|\n|t:|1699455687\n|switch|p2b: Infernape|Infernape, M|100\/100\n|turn|4\n|\n|t:|1699455703\n|switch|p1a: Goodra|Goodra-Hisui, M|93\/100\n|move|p2b: Infernape|Drain Punch|p1b: Sandslash\n|-supereffective|p1b: Sandslash\n|-damage|p1b: Sandslash|0 fnt\n|faint|p1b: Sandslash\n|move|p2a: Tyranitar|Flamethrower|p1a: Goodra\n|-damage|p1a: Goodra|75\/100\n|\n|-weather|Sandstorm|[upkeep]\n|-damage|p2b: Infernape|94\/100|[from] Sandstorm\n|upkeep\n|\n|t:|1699455712\n|switch|p1b: Torterra|Torterra, F|100\/100\n|turn|5\n|inactive|DGFDHGDHD has 120 seconds left.\n|\n|t:|1699455742\n|move|p2b: Infernape|U-turn|p1b: Torterra\n|-supereffective|p1b: Torterra\n|-damage|p1b: Torterra|58\/100\n|\n|t:|1699455745\n|switch|p2b: Landorus|Landorus-Therian, M|100\/100|[from] U-turn\n|-ability|p2b: Landorus|Intimidate|boost\n|-unboost|p1a: Goodra|atk|1\n|-unboost|p1b: Torterra|atk|1\n|move|p1b: Torterra|Shell Smash|p1b: Torterra\n|-unboost|p1b: Torterra|def|1\n|-unboost|p1b: Torterra|spd|1\n|-boost|p1b: Torterra|atk|2\n|-boost|p1b: Torterra|spa|2\n|-boost|p1b: Torterra|spe|2\n|move|p2a: Tyranitar|Dark Pulse|p1b: Torterra\n|-damage|p1b: Torterra|0 fnt\n|faint|p1b: Torterra\n|move|p1a: Goodra|Weather Ball|p2b: Landorus\n|-damage|p2b: Landorus|58\/100\n|\n|-weather|Sandstorm|[upkeep]\n|upkeep\n|\n|t:|1699455757\n|switch|p1b: Ninetales|Ninetales-Alola, M|95\/100\n|-weather|Snow|[from] ability: Snow Warning|[of] p1b: Ninetales\n|turn|6\n|\n|t:|1699455772\n|switch|p2a: Infernape|Infernape, M|94\/100\n|move|p2b: Landorus|U-turn|p1b: Ninetales\n|-resisted|p1b: Ninetales\n|-damage|p1b: Ninetales|81\/100\n|\n|t:|1699455780\n|switch|p2b: Tyranitar|Tyranitar, F|88\/100|[from] U-turn\n|-weather|Sandstorm|[from] ability: Sand Stream|[of] p2b: Tyranitar\n|move|p1b: Ninetales|Blizzard|p2a: Infernape|[spread] p2a,p2b\n|-resisted|p2a: Infernape\n|-damage|p2a: Infernape|70\/100\n|-damage|p2b: Tyranitar|77\/100\n|-status|p2b: Tyranitar|frz\n|move|p1a: Goodra|Blizzard|p2a: Infernape|[spread] p2a,p2b\n|-resisted|p2a: Infernape\n|-damage|p2a: Infernape|48\/100\n|-damage|p2b: Tyranitar|67\/100 frz\n|\n|-weather|Sandstorm|[upkeep]\n|-damage|p1b: Ninetales|75\/100|[from] Sandstorm\n|-damage|p2a: Infernape|42\/100|[from] Sandstorm\n|upkeep\n|turn|7\n|inactive|DGFDHGDHD has 120 seconds left.\n|inactive|DGFDHGDHD has 90 seconds left.\n|\n|t:|1699455850\n|switch|p1b: Empoleon|Empoleon, F|100\/100\n|move|p2a: Infernape|Fire Punch|p1b: Empoleon\n|-damage|p1b: Empoleon|56\/100\n|cant|p2b: Tyranitar|frz\n|move|p1a: Goodra|Weather Ball|p2a: Infernape\n|-damage|p2a: Infernape|0 fnt\n|faint|p2a: Infernape\n|\n|-weather|Sandstorm|[upkeep]\n|-heal|p1b: Empoleon|62\/100|[from] item: Leftovers\n|upkeep\n|\n|t:|1699455869\n|switch|p2a: Kommo-o|Kommo-o, M|100\/100\n|turn|8\n|inactive|DGFDHGDHD has 90 seconds left.\n|\n|t:|1699455879\n|switch|p1b: Ninetales|Ninetales-Alola, M|75\/100\n|-weather|Snow|[from] ability: Snow Warning|[of] p1b: Ninetales\n|move|p2a: Kommo-o|Clangorous Soul|p2a: Kommo-o\n|-boost|p2a: Kommo-o|atk|1\n|-boost|p2a: Kommo-o|def|1\n|-boost|p2a: Kommo-o|spa|1\n|-boost|p2a: Kommo-o|spd|1\n|-boost|p2a: Kommo-o|spe|1\n|-damage|p2a: Kommo-o|68\/100\n|cant|p2b: Tyranitar|frz\n|move|p1a: Goodra|Blizzard|p2a: Kommo-o|[spread] p2a,p2b\n|-supereffective|p2a: Kommo-o\n|-damage|p2a: Kommo-o|28\/100\n|-damage|p2b: Tyranitar|52\/100 frz\n|\n|-weather|Snow|[upkeep]\n|-heal|p2a: Kommo-o|34\/100|[from] item: Leftovers\n|upkeep\n|turn|9\n|inactive|DGFDHGDHD has 90 seconds left.\n|inactive|DGFDHGDHD has 60 seconds left.\n|\n|t:|1699455943\n|move|p2a: Kommo-o|Boomburst|p1a: Goodra|[spread] p2b,p1a,p1b\n|-resisted|p2b: Tyranitar\n|-resisted|p1a: Goodra\n|-damage|p2b: Tyranitar|39\/100 frz\n|-damage|p1a: Goodra|60\/100\n|-damage|p1b: Ninetales|17\/100\n|move|p1b: Ninetales|Aurora Veil|p1b: Ninetales\n|-sidestart|p1: RocketsViability|move: Aurora Veil\n|-curestatus|p2b: Tyranitar|frz|[msg]\n|move|p2b: Tyranitar|Flamethrower|p1b: Ninetales\n|-supereffective|p1b: Ninetales\n|-damage|p1b: Ninetales|0 fnt\n|faint|p1b: Ninetales\n|move|p1a: Goodra|Blizzard|p2b: Tyranitar|[spread] p2a,p2b\n|-supereffective|p2a: Kommo-o\n|-damage|p2a: Kommo-o|0 fnt\n|-damage|p2b: Tyranitar|22\/100\n|faint|p2a: Kommo-o\n|\n|-weather|Snow|[upkeep]\n|upkeep\n|inactive|DGFDHGDHD has 60 seconds left.\n|\n|t:|1699455964\n|switch|p1b: Empoleon|Empoleon, F|62\/100\n|switch|p2a: Landorus|Landorus-Therian, M|58\/100\n|-ability|p2a: Landorus|Intimidate|boost\n|-unboost|p1a: Goodra|atk|1\n|-unboost|p1b: Empoleon|atk|1\n|-ability|p1b: Empoleon|Competitive|boost\n|-boost|p1b: Empoleon|spa|2\n|turn|10\n|\n|t:|1699455978\n|-terastallize|p1b: Empoleon|Water\n|move|p2a: Landorus|Brick Break|p1b: Empoleon\n|-sideend|p1: RocketsViability|move: Aurora Veil\n|-damage|p1b: Empoleon|33\/100\n|move|p2b: Tyranitar|Earth Power|p1b: Empoleon\n|-damage|p1b: Empoleon|9\/100\n|move|p1b: Empoleon|Blizzard|p2a: Landorus|[spread] p2a,p2b\n|-supereffective|p2a: Landorus\n|-damage|p2a: Landorus|0 fnt\n|-damage|p2b: Tyranitar|0 fnt\n|faint|p2a: Landorus\n|faint|p2b: Tyranitar\n|move|p1a: Goodra|Blizzard|p2: Landorus|[notarget]\n|-fail|p1a: Goodra\n|\n|-weather|Snow|[upkeep]\n|-heal|p1b: Empoleon|15\/100|[from] item: Leftovers\n|upkeep\n|inactive|DGFDHGDHD has 60 seconds left.\n|inactive|DGFDHGDHD has 30 seconds left.\n|inactive|DGFDHGDHD has 20 seconds left.\n|\n|t:|1699456039\n|switch|p2a: Gliscor|Gliscor, F|100\/100\n|turn|11\n|\n|t:|1699456049\n|move|p2a: Gliscor|Earthquake|p1b: Empoleon|[spread] p1a,p1b\n|-supereffective|p1a: Goodra\n|-damage|p1a: Goodra|0 fnt\n|-damage|p1b: Empoleon|0 fnt\n|faint|p1a: Goodra\n|faint|p1b: Empoleon\n|\n|win|DGFDHGDHD\n|raw|RocketsViability's rating: 1145 &rarr; <strong>1118<\/strong><br \/>(-27 for losing)\n|raw|DGFDHGDHD's rating: 1114 &rarr; <strong>1141<\/strong><br \/>(+27 for winning)\n","uploadtime":1699456058,"views":8,"p1id":"rocketsviability","p2id":"dgfdhgdhd","formatid":"gen9doublesou","rating":1118,"private":0,"password":""}