{"id":"gen9doublesou-1983399516","p1":"Barman.fr","p2":"Tmtnnt","format":"[Gen 9] Doubles OU","log":"|j|\u2606Barman.fr\n|j|\u2606Tmtnnt\n|t:|1699126049\n|gametype|doubles\n|player|p1|Barman.fr|backersf|1112\n|player|p2|Tmtnnt|169|1042\n|teamsize|p1|6\n|teamsize|p2|6\n|gen|9\n|tier|[Gen 9] Doubles OU\n|rated|\n|rule|Species Clause: Limit one of each Pok\u00e9mon\n|rule|OHKO Clause: OHKO moves are banned\n|rule|Evasion Moves Clause: Evasion moves are banned\n|rule|Gravity Sleep Clause: The combination of sleep-inducing moves with imperfect accuracy and Gravity or Gigantamax Orbeetle are banned\n|rule|Endless Battle Clause: Forcing endless battles is banned\n|rule|HP Percentage Mod: HP is shown in percentages\n|clearpoke\n|poke|p1|Regieleki|\n|poke|p1|Palafin, M|\n|poke|p1|Tornadus, M|\n|poke|p1|Arcanine, F|\n|poke|p1|Amoonguss, F|\n|poke|p1|Gholdengo|\n|poke|p2|Gliscor, M|\n|poke|p2|Sinistcha|\n|poke|p2|Snorlax, F|\n|poke|p2|Infernape, F|\n|poke|p2|Inteleon, F|\n|poke|p2|Sneasler, F|\n|teampreview\n|c|\u2606Barman.fr|glhf\n|\n|t:|1699126061\n|start\n|switch|p1a: Initial D|Regieleki|100\/100\n|switch|p1b: SurpriseDuChef|Palafin, M|100\/100\n|switch|p2a: Infernape|Infernape, F|100\/100\n|switch|p2b: Sneasler|Sneasler, F|100\/100\n|turn|1\n|\n|t:|1699126084\n|detailschange|p1b: SurpriseDuChef|Palafin-Hero, M\n|switch|p1b: Iago|Arcanine, F|100\/100\n|-ability|p1b: Iago|Intimidate|boost\n|-unboost|p2a: Infernape|atk|1\n|-unboost|p2b: Sneasler|atk|1\n|-terastallize|p2a: Infernape|Electric\n|move|p1a: Initial D|Volt Switch|p2b: Sneasler\n|-damage|p2b: Sneasler|46\/100\n|\n|t:|1699126096\n|switch|p1a: Amoonguss|Amoonguss, F|100\/100|[from] Volt Switch\n|move|p2b: Sneasler|Shadow Claw|p1a: Amoonguss\n|-damage|p1a: Amoonguss|85\/100\n|-damage|p2b: Sneasler|36\/100|[from] item: Life Orb\n|move|p2a: Infernape|Thunder Punch|p1b: Iago\n|-damage|p1b: Iago|70\/100\n|\n|upkeep\n|turn|2\n|\n|t:|1699126113\n|switch|p2a: Sinistcha|Sinistcha|100\/100\n|-heal|p2b: Sneasler|61\/100|[from] ability: Hospitality|[of] p2a: Sinistcha\n|move|p1a: Amoonguss|Protect|p1a: Amoonguss\n|-singleturn|p1a: Amoonguss|Protect\n|move|p2b: Sneasler|X-Scissor|p1a: Amoonguss\n|-activate|p1a: Amoonguss|move: Protect\n|move|p1b: Iago|Flare Blitz|p2b: Sneasler\n|-damage|p2b: Sneasler|0 fnt\n|faint|p2b: Sneasler\n|-damage|p1b: Iago|54\/100|[from] Recoil\n|\n|upkeep\n|\n|t:|1699126130\n|switch|p2b: Inteleon|Inteleon, F|100\/100\n|turn|3\n|\n|t:|1699126138\n|switch|p2a: Infernape|Infernape, F, tera:Electric|100\/100\n|move|p1a: Amoonguss|Rage Powder|p1a: Amoonguss\n|-singleturn|p1a: Amoonguss|move: Rage Powder\n|move|p2b: Inteleon|Snipe Shot|p1b: Iago\n|-supereffective|p1b: Iago\n|-crit|p1b: Iago\n|-damage|p1b: Iago|0 fnt\n|faint|p1b: Iago\n|\n|upkeep\n|\n|t:|1699126153\n|switch|p1b: Initial D|Regieleki|100\/100\n|turn|4\n|\n|t:|1699126164\n|switch|p2b: Gliscor|Gliscor, M|100\/100\n|move|p1a: Amoonguss|Protect|p1a: Amoonguss\n|-singleturn|p1a: Amoonguss|Protect\n|move|p1b: Initial D|Volt Switch|p2a: Infernape\n|-resisted|p2a: Infernape\n|-damage|p2a: Infernape|73\/100\n|\n|t:|1699126174\n|switch|p1b: UwU|Tornadus, M|100\/100|[from] Volt Switch\n|move|p2a: Infernape|Fire Punch|p1a: Amoonguss\n|-activate|p1a: Amoonguss|move: Protect\n|\n|-status|p2b: Gliscor|tox|[from] item: Toxic Orb\n|upkeep\n|turn|5\n|\n|t:|1699126191\n|switch|p1a: SurpriseDuChef|Palafin-Hero, M|100\/100\n|-activate|p1a: SurpriseDuChef|ability: Zero to Hero\n|move|p1b: UwU|Protect|p1b: UwU\n|-singleturn|p1b: UwU|Protect\n|move|p2a: Infernape|Fire Punch|p1a: SurpriseDuChef\n|-resisted|p1a: SurpriseDuChef\n|-damage|p1a: SurpriseDuChef|72\/100\n|move|p2b: Gliscor|Facade|p1a: SurpriseDuChef\n|-damage|p1a: SurpriseDuChef|36\/100\n|\n|upkeep\n|turn|6\n|\n|t:|1699126213\n|-terastallize|p1a: SurpriseDuChef|Normal\n|move|p1b: UwU|Tailwind|p1b: UwU\n|-sidestart|p1: Barman.fr|move: Tailwind\n|move|p1a: SurpriseDuChef|Boomburst|p2a: Infernape|[spread] p1b,p2a,p2b\n|-damage|p1b: UwU|50\/100\n|-damage|p2a: Infernape|0 fnt\n|-damage|p2b: Gliscor|0 fnt\n|faint|p2a: Infernape\n|faint|p2b: Gliscor\n|\n|-heal|p1b: UwU|56\/100|[from] item: Leftovers\n|upkeep\n|-message|Tmtnnt forfeited.\n|\n|win|Barman.fr\n|raw|Barman.fr's rating: 1112 &rarr; <strong>1132<\/strong><br \/>(+20 for winning)\n|raw|Tmtnnt's rating: 1042 &rarr; <strong>1029<\/strong><br \/>(-13 for losing)\n|l|\u2606Tmtnnt\n","uploadtime":1699126231,"views":44,"p1id":"barmanfr","p2id":"tmtnnt","formatid":"gen9doublesou","rating":1029,"private":0,"password":""}