{"id":"gen9doublesou-1996419324","p1":"Mibombilla","p2":"Star Guarden","format":"[Gen 9] Doubles OU","log":"|j|\u2606Mibombilla\n|j|\u2606Star Guarden\n|t:|1700680210\n|gametype|doubles\n|player|p1|Mibombilla|benga|\n|player|p2|Star Guarden|lance|\n|teamsize|p1|6\n|teamsize|p2|6\n|gen|9\n|tier|[Gen 9] Doubles OU\n|rule|Species Clause: Limit one of each Pok\u00e9mon\n|rule|OHKO Clause: OHKO moves are banned\n|rule|Evasion Moves Clause: Evasion moves are banned\n|rule|Gravity Sleep Clause: The combination of sleep-inducing moves with imperfect accuracy and Gravity or Gigantamax Orbeetle are banned\n|rule|Endless Battle Clause: Forcing endless battles is banned\n|rule|HP Percentage Mod: HP is shown in percentages\n|clearpoke\n|poke|p1|Vaporeon, M|\n|poke|p1|Umbreon, F|\n|poke|p1|Espeon, M|\n|poke|p1|Leafeon, F|\n|poke|p1|Glaceon, F|\n|poke|p1|Sylveon, M|\n|poke|p2|Volcarona, F|\n|poke|p2|Oricorio-Pom-Pom, F|\n|poke|p2|Gholdengo|\n|poke|p2|Murkrow, F|\n|poke|p2|Baxcalibur, F|\n|poke|p2|Talonflame, F|\n|teampreview\n|\n|t:|1700680217\n|start\n|switch|p1a: Veganeon|Leafeon, F|100\/100\n|switch|p1b: Kafka|Espeon, M|100\/100\n|switch|p2a: Volcabrona|Volcarona, F|100\/100\n|switch|p2b: Popo|Oricorio-Pom-Pom, F|100\/100\n|-item|p2a: Volcabrona|Air Balloon\n|turn|1\n|\n|t:|1700680237\n|move|p1b: Kafka|Light Screen|p1b: Kafka\n|-sidestart|p1: Mibombilla|move: Light Screen\n|move|p2b: Popo|Quiver Dance|p2b: Popo\n|-boost|p2b: Popo|spa|1\n|-boost|p2b: Popo|spd|1\n|-boost|p2b: Popo|spe|1\n|move|p2a: Volcabrona|Quiver Dance|p2a: Volcabrona\n|-boost|p2a: Volcabrona|spa|1\n|-boost|p2a: Volcabrona|spd|1\n|-boost|p2a: Volcabrona|spe|1\n|-activate|p2b: Popo|ability: Dancer\n|move|p2b: Popo|Quiver Dance|p2b: Popo|[from]ability: Dancer\n|-boost|p2b: Popo|spa|1\n|-boost|p2b: Popo|spd|1\n|-boost|p2b: Popo|spe|1\n|move|p1a: Veganeon|Swords Dance|p1a: Veganeon\n|-boost|p1a: Veganeon|atk|2\n|-activate|p2b: Popo|ability: Dancer\n|move|p2b: Popo|Swords Dance|p2b: Popo|[from]ability: Dancer\n|-boost|p2b: Popo|atk|2\n|\n|upkeep\n|turn|2\n|\n|t:|1700680275\n|move|p2b: Popo|Air Slash|p1b: Kafka\n|-damage|p1b: Kafka|44\/100\n|move|p2a: Volcabrona|Fiery Dance|p1a: Veganeon\n|-supereffective|p1a: Veganeon\n|-enditem|p1a: Veganeon|Focus Sash\n|-damage|p1a: Veganeon|1\/100\n|-boost|p2a: Volcabrona|spa|1\n|-activate|p2b: Popo|ability: Dancer\n|move|p2b: Popo|Fiery Dance|p1a: Veganeon|[from]ability: Dancer\n|-supereffective|p1a: Veganeon\n|-damage|p1a: Veganeon|0 fnt\n|faint|p1a: Veganeon\n|move|p1b: Kafka|Reflect|p1b: Kafka\n|-sidestart|p1: Mibombilla|Reflect\n|\n|upkeep\n|\n|t:|1700680288\n|switch|p1a: Hela|Glaceon, F|100\/100\n|turn|3\n|\n|t:|1700680304\n|move|p2b: Popo|Revelation Dance|p1b: Kafka\n|-damage|p1b: Kafka|0 fnt\n|faint|p1b: Kafka\n|move|p2a: Volcabrona|Fiery Dance|p1a: Hela\n|-supereffective|p1a: Hela\n|-damage|p1a: Hela|0 fnt\n|-boost|p2a: Volcabrona|spa|1\n|faint|p1a: Hela\n|-activate|p2b: Popo|ability: Dancer\n|move|p2b: Popo|Fiery Dance|p1: Hela|[from]ability: Dancer|[notarget]\n|-fail|p2b: Popo\n|\n|upkeep\n|\n|t:|1700680317\n|switch|p1b: La Oshi no Ko|Sylveon, M|100\/100\n|switch|p1a: En t\u00e9rminos de...|Vaporeon, M|100\/100\n|turn|4\n|\n|t:|1700680340\n|move|p2b: Popo|Revelation Dance|p1a: En t\u00e9rminos de...\n|-supereffective|p1a: En t\u00e9rminos de...\n|-damage|p1a: En t\u00e9rminos de...|42\/100\n|move|p2a: Volcabrona|Fiery Dance|p1b: La Oshi no Ko\n|-damage|p1b: La Oshi no Ko|47\/100\n|-activate|p2b: Popo|ability: Dancer\n|move|p2b: Popo|Fiery Dance|p1b: La Oshi no Ko|[from]ability: Dancer\n|-damage|p1b: La Oshi no Ko|25\/100\n|-boost|p2b: Popo|spa|1\n|move|p1a: En t\u00e9rminos de...|Rain Dance|p1a: En t\u00e9rminos de...\n|-weather|RainDance\n|move|p1b: La Oshi no Ko|Calm Mind|p1b: La Oshi no Ko\n|-boost|p1b: La Oshi no Ko|spa|1\n|-boost|p1b: La Oshi no Ko|spd|1\n|\n|-weather|RainDance|[upkeep]\n|-heal|p1a: En t\u00e9rminos de...|48\/100|[from] item: Leftovers\n|upkeep\n|turn|5\n|\n|t:|1700680367\n|move|p2b: Popo|Substitute|p2b: Popo\n|-start|p2b: Popo|Substitute\n|-damage|p2b: Popo|76\/100\n|move|p2a: Volcabrona|Quiver Dance|p2a: Volcabrona\n|-boost|p2a: Volcabrona|spa|1\n|-boost|p2a: Volcabrona|spd|1\n|-boost|p2a: Volcabrona|spe|1\n|-activate|p2b: Popo|ability: Dancer\n|move|p2b: Popo|Quiver Dance|p2b: Popo|[from]ability: Dancer\n|-boost|p2b: Popo|spa|1\n|-boost|p2b: Popo|spd|1\n|-boost|p2b: Popo|spe|1\n|move|p1a: En t\u00e9rminos de...|Aqua Ring|p1a: En t\u00e9rminos de...\n|-start|p1a: En t\u00e9rminos de...|Aqua Ring\n|move|p1b: La Oshi no Ko|Draining Kiss|p2b: Popo\n|-end|p2b: Popo|Substitute\n|-heal|p1b: La Oshi no Ko|39\/100|[from] drain|[of] p2b: Popo\n|\n|-weather|RainDance|[upkeep]\n|-heal|p2b: Popo|82\/100|[from] item: Leftovers\n|-heal|p1a: En t\u00e9rminos de...|54\/100|[from] item: Leftovers\n|-heal|p1a: En t\u00e9rminos de...|60\/100|[from] Aqua Ring\n|upkeep\n|turn|6\n|\n|t:|1700680399\n|move|p2b: Popo|Revelation Dance|p1b: La Oshi no Ko\n|-damage|p1b: La Oshi no Ko|1\/100\n|move|p2a: Volcabrona|Giga Drain|p1a: En t\u00e9rminos de...\n|-supereffective|p1a: En t\u00e9rminos de...\n|-damage|p1a: En t\u00e9rminos de...|5\/100\n|move|p1a: En t\u00e9rminos de...|Acid Armor|p1a: En t\u00e9rminos de...\n|-boost|p1a: En t\u00e9rminos de...|def|2\n|move|p1b: La Oshi no Ko|Psyshock|p2a: Volcabrona\n|-damage|p2a: Volcabrona|34\/100\n|-enditem|p2a: Volcabrona|Air Balloon\n|\n|-weather|RainDance|[upkeep]\n|-heal|p2b: Popo|88\/100|[from] item: Leftovers\n|-heal|p1a: En t\u00e9rminos de...|11\/100|[from] item: Leftovers\n|-heal|p1a: En t\u00e9rminos de...|18\/100|[from] Aqua Ring\n|upkeep\n|turn|7\n|\n|t:|1700680423\n|move|p2b: Popo|Revelation Dance|p1a: En t\u00e9rminos de...\n|-supereffective|p1a: En t\u00e9rminos de...\n|-damage|p1a: En t\u00e9rminos de...|0 fnt\n|faint|p1a: En t\u00e9rminos de...\n|move|p2a: Volcabrona|Fiery Dance|p1b: La Oshi no Ko\n|-damage|p1b: La Oshi no Ko|0 fnt\n|faint|p1b: La Oshi no Ko\n|-activate|p2b: Popo|ability: Dancer\n|move|p2b: Popo|Fiery Dance|p1: En t\u00e9rminos de...|[from]ability: Dancer|[notarget]\n|-fail|p2b: Popo\n|\n|-weather|RainDance|[upkeep]\n|-heal|p2b: Popo|94\/100|[from] item: Leftovers\n|upkeep\n|\n|t:|1700680442\n|switch|p1a: My Black Bro|Umbreon, F|100\/100\n|turn|8\n|\n|t:|1700680453\n|-terastallize|p2a: Volcabrona|Fighting\n|move|p2b: Popo|Substitute|p2b: Popo\n|-start|p2b: Popo|Substitute\n|-damage|p2b: Popo|70\/100\n|move|p2a: Volcabrona|Tera Blast|p1a: My Black Bro|[anim] Tera Blast Fighting\n|-supereffective|p1a: My Black Bro\n|-damage|p1a: My Black Bro|0 fnt\n|faint|p1a: My Black Bro\n|\n|win|Star Guarden\n|l|\u2606Mibombilla\n","uploadtime":1700680467,"views":10,"p1id":"mibombilla","p2id":"starguarden","formatid":"gen9doublesou","rating":0,"private":0,"password":""}