{"id":"gen9doublesou-1967853542","p1":"Sargenbob","p2":"sofiane so","format":"[Gen 9] Doubles OU","log":"|html|<div class=\"broadcast-blue\"><strong>[Gen 9] Doubles OU is currently suspecting Basculegion & Flutter Mane! For information on how to participate check out the <a href=\"https:\/\/www.smogon.com\/forums\/threads\/np-sv-dou-stage-8-double-trouble.3729153\/\">suspect thread<\/a>.<\/strong><\/div>\n|j|\u2606Sargenbob\n|j|\u2606sofiane so\n|t:|1697347072\n|gametype|doubles\n|player|p1|Sargenbob|red|1138\n|player|p2|sofiane so|101|1165\n|teamsize|p1|6\n|teamsize|p2|6\n|gen|9\n|tier|[Gen 9] Doubles OU\n|rated|\n|rule|Species Clause: Limit one of each Pok\u00e9mon\n|rule|OHKO Clause: OHKO moves are banned\n|rule|Evasion Moves Clause: Evasion moves are banned\n|rule|Gravity Sleep Clause: The combination of sleep-inducing moves with imperfect accuracy and Gravity or Gigantamax Orbeetle are banned\n|rule|Endless Battle Clause: Forcing endless battles is banned\n|rule|HP Percentage Mod: HP is shown in percentages\n|clearpoke\n|poke|p1|Ursaluna-Bloodmoon, M|\n|poke|p1|Murkrow, M|\n|poke|p1|Kilowattrel, M|\n|poke|p1|Brambleghast, F|\n|poke|p1|Tinkaton, F|\n|poke|p1|Chi-Yu|\n|poke|p2|Hoopa-Unbound|\n|poke|p2|Flutter Mane|\n|poke|p2|Sinistcha|\n|poke|p2|Ursaluna, F|\n|poke|p2|Cresselia, F|\n|poke|p2|Goodra-Hisui, M|\n|teampreview\n|inactive|Battle timer is ON: inactive players will automatically lose when time's up. (requested by Sargenbob)\n|\n|t:|1697347086\n|start\n|switch|p1a: \u6232\u78bc\u70ba\u81ea\u5df1|Murkrow, M, shiny|100\/100\n|switch|p1b: Perigrin|Kilowattrel, M|100\/100\n|switch|p2a: Ursaluna|Ursaluna, F|100\/100\n|switch|p2b: Cresselia|Cresselia, F|100\/100\n|turn|1\n|\n|t:|1697347099\n|switch|p1b: Keanu|Brambleghast, F|100\/100\n|move|p1a: \u6232\u78bc\u70ba\u81ea\u5df1|Taunt|p2b: Cresselia\n|-start|p2b: Cresselia|move: Taunt\n|move|p2a: Ursaluna|Swords Dance|p2a: Ursaluna\n|-boost|p2a: Ursaluna|atk|2\n|cant|p2b: Cresselia|move: Taunt|Trick Room\n|\n|-status|p2a: Ursaluna|brn|[from] item: Flame Orb\n|upkeep\n|turn|2\n|\n|t:|1697347113\n|move|p1a: \u6232\u78bc\u70ba\u81ea\u5df1|Haze|p1a: \u6232\u78bc\u70ba\u81ea\u5df1\n|-clearallboost\n|move|p1b: Keanu|Phantom Force||[still]\n|-prepare|p1b: Keanu|Phantom Force\n|-enditem|p1b: Keanu|Power Herb\n|-anim|p1b: Keanu|Phantom Force|p2b: Cresselia\n|-supereffective|p2b: Cresselia\n|-damage|p2b: Cresselia|33\/100\n|move|p2b: Cresselia|Dazzling Gleam|p1b: Keanu|[spread] p1a,p1b\n|-supereffective|p1a: \u6232\u78bc\u70ba\u81ea\u5df1\n|-damage|p1a: \u6232\u78bc\u70ba\u81ea\u5df1|78\/100\n|-damage|p1b: Keanu|81\/100\n|move|p2a: Ursaluna|Drain Punch|p1a: \u6232\u78bc\u70ba\u81ea\u5df1\n|-damage|p1a: \u6232\u78bc\u70ba\u81ea\u5df1|25\/100\n|\n|-heal|p2b: Cresselia|39\/100|[from] item: Leftovers\n|-damage|p2a: Ursaluna|94\/100 brn|[from] brn\n|upkeep\n|turn|3\n|\n|t:|1697347134\n|switch|p2b: Sinistcha|Sinistcha|100\/100\n|-heal|p2a: Ursaluna|100\/100 brn|[from] ability: Hospitality|[of] p2b: Sinistcha\n|move|p1b: Keanu|Shadow Sneak|p2b: Sinistcha\n|-supereffective|p2b: Sinistcha\n|-damage|p2b: Sinistcha|60\/100\n|move|p1a: \u6232\u78bc\u70ba\u81ea\u5df1|Tailwind|p1a: \u6232\u78bc\u70ba\u81ea\u5df1\n|-sidestart|p1: Sargenbob|move: Tailwind\n|-ability|p1b: Keanu|Wind Rider|boost\n|-boost|p1b: Keanu|atk|1\n|move|p2a: Ursaluna|Drain Punch|p1a: \u6232\u78bc\u70ba\u81ea\u5df1\n|-damage|p1a: \u6232\u78bc\u70ba\u81ea\u5df1|0 fnt\n|faint|p1a: \u6232\u78bc\u70ba\u81ea\u5df1\n|\n|-damage|p2a: Ursaluna|94\/100 brn|[from] brn\n|upkeep\n|\n|t:|1697347143\n|switch|p1a: Perigrin|Kilowattrel, M|100\/100\n|turn|4\n|\n|t:|1697347170\n|move|p1a: Perigrin|Air Slash|p2b: Sinistcha\n|-supereffective|p2b: Sinistcha\n|-damage|p2b: Sinistcha|0 fnt\n|faint|p2b: Sinistcha\n|-damage|p1a: Perigrin|91\/100|[from] item: Life Orb\n|move|p1b: Keanu|Power Whip|p2a: Ursaluna\n|-supereffective|p2a: Ursaluna\n|-damage|p2a: Ursaluna|0 fnt\n|faint|p2a: Ursaluna\n|\n|upkeep\n|inactive|sofiane so has 120 seconds left.\n|\n|t:|1697347187\n|switch|p2b: Flutter Mane|Flutter Mane|100\/100\n|switch|p2a: Hoopa|Hoopa-Unbound|100\/100\n|turn|5\n|\n|t:|1697347196\n|move|p1a: Perigrin|Thunderbolt|p2a: Hoopa\n|-damage|p2a: Hoopa|55\/100\n|-damage|p1a: Perigrin|81\/100|[from] item: Life Orb\n|move|p1b: Keanu|Phantom Force||[still]\n|-prepare|p1b: Keanu|Phantom Force\n|move|p2b: Flutter Mane|Power Gem|p1a: Perigrin\n|-supereffective|p1a: Perigrin\n|-damage|p1a: Perigrin|0 fnt\n|faint|p1a: Perigrin\n|move|p2a: Hoopa|Shadow Ball|p1b: Keanu|[miss]\n|-miss|p2a: Hoopa|p1b: Keanu\n|\n|upkeep\n|\n|t:|1697347214\n|switch|p1a: Kirby|Tinkaton, F|100\/100\n|-ability|p1a: Kirby|Mold Breaker\n|turn|6\n|\n|t:|1697347226\n|switch|p2a: Goodra|Goodra-Hisui, M|100\/100\n|move|p1a: Kirby|Fake Out|p2a: Goodra\n|-resisted|p2a: Goodra\n|-damage|p2a: Goodra|95\/100\n|move|p1b: Keanu|Phantom Force|p2b: Flutter Mane|[from]lockedmove\n|-supereffective|p2b: Flutter Mane\n|-enditem|p2b: Flutter Mane|Focus Sash\n|-damage|p2b: Flutter Mane|1\/100\n|move|p2b: Flutter Mane|Fake Tears|p1a: Kirby\n|-unboost|p1a: Kirby|spd|2\n|\n|-sideend|p1: Sargenbob|move: Tailwind\n|upkeep\n|turn|7\n|\n|t:|1697347247\n|move|p1b: Keanu|Shadow Sneak|p2b: Flutter Mane\n|-supereffective|p2b: Flutter Mane\n|-damage|p2b: Flutter Mane|0 fnt\n|faint|p2b: Flutter Mane\n|-end|p2b: Flutter Mane|Protosynthesis|[silent]\n|move|p1a: Kirby|Knock Off|p2a: Goodra\n|-damage|p2a: Goodra|66\/100\n|-enditem|p2a: Goodra|Heavy-Duty Boots|[from] move: Knock Off|[of] p1a: Kirby\n|move|p2a: Goodra|Curse|p2a: Goodra\n|-unboost|p2a: Goodra|spe|1\n|-boost|p2a: Goodra|atk|1\n|-boost|p2a: Goodra|def|1\n|\n|upkeep\n|\n|t:|1697347250\n|switch|p2b: Cresselia|Cresselia, F|39\/100\n|turn|8\n|\n|t:|1697347267\n|move|p1b: Keanu|Shadow Sneak|p2b: Cresselia\n|-supereffective|p2b: Cresselia\n|-damage|p2b: Cresselia|0 fnt\n|faint|p2b: Cresselia\n|move|p1a: Kirby|Gigaton Hammer|p2a: Goodra\n|-resisted|p2a: Goodra\n|-damage|p2a: Goodra|45\/100\n|move|p2a: Goodra|Gyro Ball|p1a: Kirby\n|-damage|p1a: Kirby|37\/100\n|\n|upkeep\n|\n|t:|1697347271\n|switch|p2b: Hoopa|Hoopa-Unbound|55\/100\n|turn|9\n|\n|t:|1697347281\n|move|p1a: Kirby|Knock Off|p2b: Hoopa\n|-damage|p2b: Hoopa|8\/100\n|-enditem|p2b: Hoopa|Weakness Policy|[from] move: Knock Off|[of] p1a: Kirby\n|move|p1b: Keanu|Phantom Force||[still]\n|-prepare|p1b: Keanu|Phantom Force\n|move|p2b: Hoopa|Shadow Ball|p1b: Keanu|[miss]\n|-miss|p2b: Hoopa|p1b: Keanu\n|move|p2a: Goodra|Gyro Ball|p1a: Kirby\n|-damage|p1a: Kirby|0 fnt\n|faint|p1a: Kirby\n|\n|upkeep\n|\n|t:|1697347292\n|switch|p1a: Moon Knight|Ursaluna-Bloodmoon, M|100\/100\n|turn|10\n|\n|t:|1697347303\n|move|p1a: Moon Knight|Vacuum Wave|p2b: Hoopa\n|-damage|p2b: Hoopa|0 fnt\n|faint|p2b: Hoopa\n|move|p1b: Keanu|Phantom Force|p2a: Goodra|[from]lockedmove\n|-damage|p2a: Goodra|0 fnt\n|faint|p2a: Goodra\n|\n|win|Sargenbob\n|raw|Sargenbob's rating: 1138 &rarr; <strong>1165<\/strong><br \/>(+27 for winning)\n|raw|sofiane so's rating: 1165 &rarr; <strong>1138<\/strong><br \/>(-27 for losing)\n|l|\u2606sofiane so\n|c|\u2606Sargenbob|gg\n","uploadtime":1697347313,"views":21,"p1id":"sargenbob","p2id":"sofianeso","formatid":"gen9doublesou","rating":1138,"private":0,"password":""}