{"id":"gen9doublesou-1998602972","p1":"mr.pickup","p2":"HEAVY-DUTY B0OTY","format":"[Gen 9] Doubles OU","log":"|j|\u2606mr.pickup\n|j|\u2606HEAVY-DUTY B0OTY\n|inactive|Battle timer is ON: inactive players will automatically lose when time's up.\n|t:|1700961728\n|gametype|doubles\n|player|p1|mr.pickup|skierf|\n|player|p2|HEAVY-DUTY B0OTY|swimmerf-gen6|\n|teamsize|p1|2\n|teamsize|p2|2\n|gen|9\n|tier|[Gen 9] Doubles OU\n|rated|Tournament battle\n|rule|Species Clause: Limit one of each Pok\u00e9mon\n|rule|OHKO Clause: OHKO moves are banned\n|rule|Evasion Moves Clause: Evasion moves are banned\n|rule|Gravity Sleep Clause: The combination of sleep-inducing moves with imperfect accuracy and Gravity or Gigantamax Orbeetle are banned\n|rule|Endless Battle Clause: Forcing endless battles is banned\n|rule|HP Percentage Mod: HP is shown in percentages\n|clearpoke\n|poke|p1|Arcanine-Hisui, M|\n|poke|p1|Hippowdon, M|\n|poke|p2|Camerupt, F|\n|poke|p2|Revavroom, M|\n|teampreview\n|j|*Lady Monita \u2746\n|inactive|mr.pickup also wants the timer to be on.\n|c|\u2606mr.pickup|gl hf\n|c|\u2606HEAVY-DUTY B0OTY|hf\n|\n|t:|1700961737\n|start\n|switch|p1a: Arcanine|Arcanine-Hisui, M|100\/100\n|switch|p1b: Hippowdon|Hippowdon, M|100\/100\n|switch|p2a: Camerupt|Camerupt, F|100\/100\n|switch|p2b: Revavroom|Revavroom, M|100\/100\n|-ability|p1a: Arcanine|Intimidate|boost\n|-unboost|p2a: Camerupt|atk|1\n|-unboost|p2b: Revavroom|atk|1\n|-weather|Sandstorm|[from] ability: Sand Stream|[of] p1b: Hippowdon\n|turn|1\n|j| HunterBear4\n|inactive|HEAVY-DUTY B0OTY has 120 seconds left.\n|\n|t:|1700961772\n|-terastallize|p2a: Camerupt|Ghost\n|move|p2b: Revavroom|Protect|p2b: Revavroom\n|-singleturn|p2b: Revavroom|Protect\n|move|p1a: Arcanine|Protect|p1a: Arcanine\n|-singleturn|p1a: Arcanine|Protect\n|move|p1b: Hippowdon|Stomping Tantrum|p2b: Revavroom\n|-activate|p2b: Revavroom|move: Protect\n|move|p2a: Camerupt|Yawn|p1b: Hippowdon\n|-start|p1b: Hippowdon|move: Yawn|[of] p2a: Camerupt\n|\n|-weather|Sandstorm|[upkeep]\n|-damage|p2a: Camerupt|94\/100|[from] Sandstorm\n|upkeep\n|turn|2\n|inactive|mr.pickup has 120 seconds left.\n|inactive|mr.pickup has 90 seconds left.\n|\n|t:|1700961839\n|move|p1a: Arcanine|Will-O-Wisp|p1b: Hippowdon|[miss]\n|-miss|p1a: Arcanine|p1b: Hippowdon\n|move|p2b: Revavroom|Shift Gear|p2b: Revavroom\n|-boost|p2b: Revavroom|spe|2\n|-boost|p2b: Revavroom|atk|1\n|move|p1b: Hippowdon|Stomping Tantrum|p2b: Revavroom\n|-supereffective|p2b: Revavroom\n|-damage|p2b: Revavroom|2\/100\n|-enditem|p2b: Revavroom|Sitrus Berry|[eat]\n|-heal|p2b: Revavroom|27\/100|[from] item: Sitrus Berry\n|move|p2a: Camerupt|Earth Power|p1a: Arcanine\n|-supereffective|p1a: Arcanine\n|-damage|p1a: Arcanine|37\/100\n|\n|-weather|Sandstorm|[upkeep]\n|-damage|p2a: Camerupt|88\/100|[from] Sandstorm\n|-heal|p1a: Arcanine|43\/100|[from] item: Leftovers\n|-end|p1b: Hippowdon|move: Yawn|[silent]\n|-status|p1b: Hippowdon|slp\n|upkeep\n|turn|3\n|c|\u2606HEAVY-DUTY B0OTY|smart\n|inactive|mr.pickup has 90 seconds left.\n|\n|t:|1700961868\n|-terastallize|p1a: Arcanine|Water\n|move|p1a: Arcanine|Extreme Speed|p2b: Revavroom\n|-resisted|p2b: Revavroom\n|-damage|p2b: Revavroom|14\/100\n|move|p2b: Revavroom|Spin Out|p1a: Arcanine\n|-resisted|p1a: Arcanine\n|-damage|p1a: Arcanine|16\/100\n|-unboost|p2b: Revavroom|spe|2\n|cant|p1b: Hippowdon|slp\n|move|p2a: Camerupt|Earth Power|p1b: Hippowdon\n|-damage|p1b: Hippowdon|68\/100 slp\n|\n|-weather|Sandstorm|[upkeep]\n|-damage|p1a: Arcanine|10\/100|[from] Sandstorm\n|-damage|p2a: Camerupt|82\/100|[from] Sandstorm\n|-heal|p1a: Arcanine|16\/100|[from] item: Leftovers\n|-heal|p1b: Hippowdon|75\/100 slp|[from] item: Leftovers\n|upkeep\n|turn|4\n|\n|t:|1700961888\n|move|p1a: Arcanine|Protect|p1a: Arcanine\n|-singleturn|p1a: Arcanine|Protect\n|move|p2b: Revavroom|Protect|p2b: Revavroom\n|-singleturn|p2b: Revavroom|Protect\n|cant|p1b: Hippowdon|slp\n|move|p2a: Camerupt|Ancient Power|p1a: Arcanine\n|-activate|p1a: Arcanine|move: Protect\n|\n|-weather|Sandstorm|[upkeep]\n|-damage|p1a: Arcanine|10\/100|[from] Sandstorm\n|-damage|p2a: Camerupt|76\/100|[from] Sandstorm\n|-heal|p1a: Arcanine|16\/100|[from] item: Leftovers\n|-heal|p1b: Hippowdon|81\/100 slp|[from] item: Leftovers\n|upkeep\n|turn|5\n|inactive|mr.pickup has 120 seconds left.\n|\n|t:|1700961902\n|move|p1a: Arcanine|Extreme Speed|p2b: Revavroom\n|-resisted|p2b: Revavroom\n|-damage|p2b: Revavroom|2\/100\n|move|p2b: Revavroom|Spin Out|p1b: Hippowdon\n|-damage|p1b: Hippowdon|53\/100 slp\n|-unboost|p2b: Revavroom|spe|2\n|-curestatus|p1b: Hippowdon|slp|[msg]\n|move|p1b: Hippowdon|Stomping Tantrum|p2b: Revavroom\n|-supereffective|p2b: Revavroom\n|-damage|p2b: Revavroom|0 fnt\n|faint|p2b: Revavroom\n|move|p2a: Camerupt|Ancient Power|p1a: Arcanine\n|-crit|p1a: Arcanine\n|-damage|p1a: Arcanine|1\/100\n|\n|-weather|none\n|-heal|p1a: Arcanine|7\/100|[from] item: Leftovers\n|-heal|p1b: Hippowdon|59\/100|[from] item: Leftovers\n|upkeep\n|turn|6\n|\n|t:|1700961927\n|move|p1a: Arcanine|Rock Slide|p2a: Camerupt\n|-damage|p2a: Camerupt|39\/100\n|-enditem|p2a: Camerupt|Sitrus Berry|[eat]\n|-heal|p2a: Camerupt|64\/100|[from] item: Sitrus Berry\n|move|p1b: Hippowdon|Stomping Tantrum|p2a: Camerupt\n|-damage|p2a: Camerupt|30\/100\n|move|p2a: Camerupt|Earth Power|p1b: Hippowdon\n|-damage|p1b: Hippowdon|26\/100\n|\n|-heal|p1a: Arcanine|13\/100|[from] item: Leftovers\n|-heal|p1b: Hippowdon|32\/100|[from] item: Leftovers\n|upkeep\n|turn|7\n|\n|t:|1700961938\n|move|p1a: Arcanine|Rock Slide|p2a: Camerupt\n|-damage|p2a: Camerupt|0 fnt\n|faint|p2a: Camerupt\n|\n|win|mr.pickup\n|n|\u2606mr.pickup|mrpickup\n|n|\u2606HEAVY-DUTY B0OTY|heavydutyb0oty\n|n|*Lady Monita \u2746|ladymonita\n|n| HunterBear4|hunterbear4\n","uploadtime":1700961939,"views":6,"p1id":"mrpickup","p2id":"heavydutyb0oty","formatid":"gen9doublesou","rating":0,"private":0,"password":""}