{"id":"gen9doublesou-1986360009","p1":"Songfossil","p2":"rewrite _361","format":"[Gen 9] Doubles OU","log":"|j|\u2606Songfossil\n|j|\u2606rewrite _361\n|t:|1699472254\n|gametype|doubles\n|player|p1|Songfossil|101|1107\n|player|p2|rewrite _361|1|1097\n|teamsize|p1|6\n|teamsize|p2|6\n|gen|9\n|tier|[Gen 9] Doubles OU\n|rated|\n|rule|Species Clause: Limit one of each Pok\u00e9mon\n|rule|OHKO Clause: OHKO moves are banned\n|rule|Evasion Moves Clause: Evasion moves are banned\n|rule|Gravity Sleep Clause: The combination of sleep-inducing moves with imperfect accuracy and Gravity or Gigantamax Orbeetle are banned\n|rule|Endless Battle Clause: Forcing endless battles is banned\n|rule|HP Percentage Mod: HP is shown in percentages\n|clearpoke\n|poke|p1|Wo-Chien|\n|poke|p1|Landorus, M|\n|poke|p1|Talonflame, F|\n|poke|p1|Chi-Yu|\n|poke|p1|Kleavor, M|\n|poke|p1|Palafin, M|\n|poke|p2|Iron Hands|\n|poke|p2|Landorus, M|\n|poke|p2|Tyranitar, M|\n|poke|p2|Kleavor, M|\n|poke|p2|Grimmsnarl, M|\n|poke|p2|Ting-Lu|\n|teampreview\n|inactive|Battle timer is ON: inactive players will automatically lose when time's up. (requested by Songfossil)\n|\n|t:|1699472279\n|start\n|switch|p1a: Kleavor|Kleavor, M, shiny|100\/100\n|switch|p1b: Palafin|Palafin, M, shiny|100\/100\n|switch|p2a: Iron Hands|Iron Hands|100\/100\n|switch|p2b: Grimmsnarl|Grimmsnarl, M|100\/100\n|turn|1\n|inactive|Songfossil has 120 seconds left.\n|\n|t:|1699472321\n|move|p2b: Grimmsnarl|Reflect|p2b: Grimmsnarl\n|-sidestart|p2: rewrite _361|Reflect\n|move|p1b: Palafin|Flip Turn|p2a: Iron Hands\n|-damage|p2a: Iron Hands|88\/100\n|-damage|p1b: Palafin|91\/100|[from] item: Life Orb\n|\n|t:|1699472327\n|detailschange|p1b: Palafin|Palafin-Hero, M, shiny\n|switch|p1b: Landorus|Landorus, M|100\/100|[from] Flip Turn\n|move|p1a: Kleavor|Lunge|p2b: Grimmsnarl\n|-damage|p2b: Grimmsnarl|46\/100\n|move|p2a: Iron Hands|Swords Dance|p2a: Iron Hands\n|-boost|p2a: Iron Hands|atk|2\n|\n|-heal|p2a: Iron Hands|94\/100|[from] item: Leftovers\n|upkeep\n|turn|2\n|inactive|Songfossil has 120 seconds left.\n|inactive|rewrite _361 has 120 seconds left.\n|inactive|rewrite _361 has 90 seconds left.\n|inactive|rewrite _361 has 60 seconds left.\n|\n|t:|1699472423\n|move|p2a: Iron Hands|Detect|p2a: Iron Hands\n|-singleturn|p2a: Iron Hands|Protect\n|move|p2b: Grimmsnarl|Light Screen|p2b: Grimmsnarl\n|-sidestart|p2: rewrite _361|move: Light Screen\n|move|p1b: Landorus|Sandsear Storm|p2a: Iron Hands|[spread] \n|-activate|p2a: Iron Hands|move: Protect\n|-miss|p1b: Landorus|p2b: Grimmsnarl\n|move|p1a: Kleavor|Lunge|p2b: Grimmsnarl\n|-damage|p2b: Grimmsnarl|0 fnt\n|faint|p2b: Grimmsnarl\n|\n|-heal|p2a: Iron Hands|100\/100|[from] item: Leftovers\n|upkeep\n|\n|t:|1699472434\n|switch|p2b: Ting-Lu|Ting-Lu|100\/100\n|-ability|p2b: Ting-Lu|Vessel of Ruin\n|turn|3\n|inactive|Songfossil has 120 seconds left.\n|\n|t:|1699472451\n|move|p1b: Landorus|Sandsear Storm|p2b: Ting-Lu|[spread] p2a\n|-miss|p1b: Landorus|p2b: Ting-Lu\n|-supereffective|p2a: Iron Hands\n|-damage|p2a: Iron Hands|64\/100\n|move|p1a: Kleavor|Lunge|p2b: Ting-Lu\n|-supereffective|p2b: Ting-Lu\n|-damage|p2b: Ting-Lu|37\/100\n|move|p2a: Iron Hands|Drain Punch|p1a: Kleavor\n|-damage|p1a: Kleavor|0 fnt\n|-heal|p2a: Iron Hands|92\/100|[from] drain|[of] p1a: Kleavor\n|faint|p1a: Kleavor\n|move|p2b: Ting-Lu|Whirlwind|p1b: Landorus\n|drag|p1b: Wo-Chien|Wo-Chien|100\/100\n|-ability|p1b: Wo-Chien|Tablets of Ruin\n|\n|-heal|p2a: Iron Hands|98\/100|[from] item: Leftovers\n|-heal|p2b: Ting-Lu|43\/100|[from] item: Leftovers\n|upkeep\n|inactive|Songfossil has 120 seconds left.\n|\n|t:|1699472456\n|switch|p1a: Palafin|Palafin-Hero, M, shiny|91\/100\n|-activate|p1a: Palafin|ability: Zero to Hero\n|turn|4\n|inactive|rewrite _361 has 90 seconds left.\n|\n|t:|1699472477\n|switch|p2b: Ty|Tyranitar, M|100\/100\n|-weather|Sandstorm|[from] ability: Sand Stream|[of] p2b: Ty\n|-terastallize|p1b: Wo-Chien|Ghost\n|move|p1a: Palafin|Flip Turn|p2b: Ty\n|-supereffective|p2b: Ty\n|-damage|p2b: Ty|64\/100\n|-damage|p1a: Palafin|81\/100|[from] item: Life Orb\n|inactive|Songfossil has 120 seconds left.\n|\n|t:|1699472498\n|switch|p1a: Landorus|Landorus, M|100\/100|[from] Flip Turn\n|move|p1b: Wo-Chien|Leech Seed|p2a: Iron Hands\n|-start|p2a: Iron Hands|move: Leech Seed\n|move|p2a: Iron Hands|Drain Punch|p1b: Wo-Chien\n|-immune|p1b: Wo-Chien\n|\n|-weather|Sandstorm|[upkeep]\n|-damage|p1b: Wo-Chien|94\/100|[from] Sandstorm\n|-damage|p2a: Iron Hands|92\/100|[from] Sandstorm\n|-heal|p2b: Ty|70\/100|[from] item: Leftovers\n|-heal|p1b: Wo-Chien|100\/100|[from] item: Leftovers\n|-heal|p2a: Iron Hands|98\/100|[from] item: Leftovers\n|-damage|p2a: Iron Hands|86\/100|[from] Leech Seed|[of] p1b: Wo-Chien\n|upkeep\n|turn|5\n|inactive|rewrite _361 has 90 seconds left.\n|inactive|rewrite _361 has 60 seconds left.\n|inactive|rewrite _361 has 30 seconds left.\n|\n|t:|1699472586\n|switch|p2b: Landorus|Landorus, M|100\/100\n|move|p1a: Landorus|Sandsear Storm|p2a: Iron Hands|[spread] p2a\n|-immune|p2b: Landorus\n|-supereffective|p2a: Iron Hands\n|-damage|p2a: Iron Hands|35\/100\n|move|p1b: Wo-Chien|Leech Seed|p2b: Landorus\n|-start|p2b: Landorus|move: Leech Seed\n|move|p2a: Iron Hands|Wild Charge|p1b: Wo-Chien\n|-damage|p1b: Wo-Chien|37\/100\n|-damage|p2a: Iron Hands|23\/100|[from] Recoil\n|\n|-weather|Sandstorm|[upkeep]\n|-damage|p1b: Wo-Chien|31\/100|[from] Sandstorm\n|-damage|p2a: Iron Hands|17\/100|[from] Sandstorm\n|-heal|p1b: Wo-Chien|37\/100|[from] item: Leftovers\n|-heal|p2a: Iron Hands|23\/100|[from] item: Leftovers\n|-damage|p2b: Landorus|88\/100|[from] Leech Seed|[of] p1b: Wo-Chien\n|-heal|p1b: Wo-Chien|49\/100|[silent]\n|-damage|p2a: Iron Hands|10\/100|[from] Leech Seed|[of] p1b: Wo-Chien\n|-heal|p1b: Wo-Chien|66\/100|[silent]\n|upkeep\n|turn|6\n|\n|t:|1699472603\n|-end|p2a: Iron Hands|Quark Drive|[silent]\n|switch|p2a: Kleavor|Kleavor, M|100\/100\n|move|p1a: Landorus|Sandsear Storm|p2b: Landorus|[spread] p2a\n|-immune|p2b: Landorus\n|-damage|p2a: Kleavor|75\/100\n|move|p2b: Landorus|Bulk Up|p2b: Landorus\n|-boost|p2b: Landorus|atk|1\n|-boost|p2b: Landorus|def|1\n|move|p1b: Wo-Chien|Leech Seed|p2b: Landorus|[miss]\n|-miss|p1b: Wo-Chien|p2b: Landorus\n|\n|-weather|Sandstorm|[upkeep]\n|-damage|p1b: Wo-Chien|60\/100|[from] Sandstorm\n|-heal|p2b: Landorus|94\/100|[from] item: Leftovers\n|-heal|p2a: Kleavor|82\/100|[from] item: Leftovers\n|-heal|p1b: Wo-Chien|66\/100|[from] item: Leftovers\n|-damage|p2b: Landorus|82\/100|[from] Leech Seed|[of] p1b: Wo-Chien\n|-heal|p1b: Wo-Chien|78\/100|[silent]\n|upkeep\n|turn|7\n|\n|t:|1699472613\n|move|p1a: Landorus|Sandsear Storm|p2b: Landorus|[spread] p2a\n|-immune|p2b: Landorus\n|-damage|p2a: Kleavor|57\/100\n|move|p2b: Landorus|Rock Slide|p1a: Landorus|[spread] p1a,p1b\n|-damage|p1a: Landorus|68\/100\n|-damage|p1b: Wo-Chien|58\/100\n|move|p2a: Kleavor|Stone Axe|p1b: Wo-Chien\n|-damage|p1b: Wo-Chien|25\/100\n|-sidestart|p1: Songfossil|move: Stealth Rock\n|cant|p1b: Wo-Chien|flinch\n|\n|-weather|Sandstorm|[upkeep]\n|-damage|p1b: Wo-Chien|19\/100|[from] Sandstorm\n|-heal|p2b: Landorus|88\/100|[from] item: Leftovers\n|-heal|p2a: Kleavor|63\/100|[from] item: Leftovers\n|-heal|p1b: Wo-Chien|25\/100|[from] item: Leftovers\n|-damage|p2b: Landorus|76\/100|[from] Leech Seed|[of] p1b: Wo-Chien\n|-heal|p1b: Wo-Chien|37\/100|[silent]\n|upkeep\n|turn|8\n|\n|t:|1699472635\n|move|p1a: Landorus|Sandsear Storm|p2b: Landorus|[spread] \n|-immune|p2b: Landorus\n|-miss|p1a: Landorus|p2a: Kleavor\n|move|p2b: Landorus|Rock Slide|p1b: Wo-Chien|[spread] p1a,p1b\n|-damage|p1a: Landorus|36\/100\n|-damage|p1b: Wo-Chien|14\/100\n|move|p2a: Kleavor|Tailwind|p2a: Kleavor\n|-sidestart|p2: rewrite _361|move: Tailwind\n|move|p1b: Wo-Chien|Rest|p1b: Wo-Chien\n|-status|p1b: Wo-Chien|slp|[from] move: Rest\n|-heal|p1b: Wo-Chien|100\/100 slp|[silent]\n|\n|-weather|none\n|-heal|p2b: Landorus|82\/100|[from] item: Leftovers\n|-heal|p2a: Kleavor|69\/100|[from] item: Leftovers\n|-damage|p2b: Landorus|70\/100|[from] Leech Seed|[of] p1b: Wo-Chien\n|-sideend|p2: rewrite _361|Reflect\n|upkeep\n|turn|9\n|inactive|rewrite _361 has 60 seconds left.\n|\n|t:|1699472690\n|move|p1a: Landorus|Sandsear Storm|p2b: Landorus|[spread] p2a\n|-immune|p2b: Landorus\n|-damage|p2a: Kleavor|33\/100\n|move|p2b: Landorus|Rock Slide|p1a: Landorus|[spread] p1b\n|-miss|p2b: Landorus|p1a: Landorus\n|-crit|p1b: Wo-Chien\n|-damage|p1b: Wo-Chien|75\/100 slp\n|move|p2a: Kleavor|Stone Axe|p1a: Landorus|[miss]\n|-miss|p2a: Kleavor|p1a: Landorus\n|cant|p1b: Wo-Chien|slp\n|move|p1b: Wo-Chien|Sleep Talk|p1b: Wo-Chien\n|move|p1b: Wo-Chien|Leech Seed|p2a: Kleavor|[from]move: Sleep Talk\n|-start|p2a: Kleavor|move: Leech Seed\n|\n|-heal|p2b: Landorus|76\/100|[from] item: Leftovers\n|-heal|p2a: Kleavor|39\/100|[from] item: Leftovers\n|-heal|p1b: Wo-Chien|81\/100 slp|[from] item: Leftovers\n|-damage|p2b: Landorus|64\/100|[from] Leech Seed|[of] p1b: Wo-Chien\n|-heal|p1b: Wo-Chien|92\/100 slp|[silent]\n|-damage|p2a: Kleavor|26\/100|[from] Leech Seed|[of] p1b: Wo-Chien\n|-heal|p1b: Wo-Chien|100\/100 slp|[silent]\n|-sideend|p2: rewrite _361|move: Light Screen\n|upkeep\n|turn|10\n|inactive|Songfossil has 120 seconds left.\n|\n|t:|1699472723\n|move|p1a: Landorus|Sandsear Storm|p2a: Kleavor|[spread] p2a\n|-immune|p2b: Landorus\n|-crit|p2a: Kleavor\n|-damage|p2a: Kleavor|0 fnt\n|faint|p2a: Kleavor\n|move|p2b: Landorus|Rock Slide|p1b: Wo-Chien|[spread] p1a,p1b\n|-damage|p1a: Landorus|10\/100\n|-damage|p1b: Wo-Chien|86\/100 slp\n|cant|p1b: Wo-Chien|slp\n|move|p1b: Wo-Chien|Sleep Talk|p1b: Wo-Chien\n|move|p1b: Wo-Chien|Ruination|p2b: Landorus|[from]move: Sleep Talk\n|-damage|p2b: Landorus|32\/100\n|\n|-heal|p2b: Landorus|38\/100|[from] item: Leftovers\n|-heal|p1b: Wo-Chien|92\/100 slp|[from] item: Leftovers\n|-damage|p2b: Landorus|26\/100|[from] Leech Seed|[of] p1b: Wo-Chien\n|-heal|p1b: Wo-Chien|100\/100 slp|[silent]\n|upkeep\n|\n|t:|1699472732\n|switch|p2a: Ty|Tyranitar, M|70\/100\n|-weather|Sandstorm|[from] ability: Sand Stream|[of] p2a: Ty\n|turn|11\n|\n|t:|1699472739\n|move|p1a: Landorus|Sandsear Storm|p2a: Ty|[spread] \n|-immune|p2b: Landorus\n|-miss|p1a: Landorus|p2a: Ty\n|move|p2b: Landorus|Rock Slide|p1b: Wo-Chien|[spread] p1a,p1b\n|-damage|p1a: Landorus|0 fnt\n|-damage|p1b: Wo-Chien|79\/100 slp\n|faint|p1a: Landorus\n|move|p2a: Ty|Dragon Dance|p2a: Ty\n|-boost|p2a: Ty|atk|1\n|-boost|p2a: Ty|spe|1\n|-curestatus|p1b: Wo-Chien|slp|[msg]\n|move|p1b: Wo-Chien|Leech Seed|p2a: Ty|[miss]\n|-miss|p1b: Wo-Chien|p2a: Ty\n|\n|-weather|Sandstorm|[upkeep]\n|-damage|p1b: Wo-Chien|72\/100|[from] Sandstorm\n|-heal|p2a: Ty|76\/100|[from] item: Leftovers\n|-heal|p2b: Landorus|32\/100|[from] item: Leftovers\n|-heal|p1b: Wo-Chien|79\/100|[from] item: Leftovers\n|-damage|p2b: Landorus|20\/100|[from] Leech Seed|[of] p1b: Wo-Chien\n|-heal|p1b: Wo-Chien|90\/100|[silent]\n|-sideend|p2: rewrite _361|move: Tailwind\n|upkeep\n|\n|t:|1699472746\n|switch|p1a: Talonflame|Talonflame, F|100\/100\n|-damage|p1a: Talonflame|51\/100|[from] Stealth Rock\n|turn|12\n|inactive|Songfossil has 120 seconds left.\n|\n|t:|1699472781\n|move|p1a: Talonflame|Tailwind|p1a: Talonflame\n|-sidestart|p1: Songfossil|move: Tailwind\n|move|p1b: Wo-Chien|Leech Seed|p2a: Ty\n|-start|p2a: Ty|move: Leech Seed\n|move|p2a: Ty|Crunch|p1b: Wo-Chien\n|-supereffective|p1b: Wo-Chien\n|-damage|p1b: Wo-Chien|8\/100\n|-unboost|p1b: Wo-Chien|def|1\n|move|p2b: Landorus|Rock Slide|p1b: Wo-Chien|[spread] p1a,p1b\n|-supereffective|p1a: Talonflame\n|-damage|p1a: Talonflame|0 fnt\n|-damage|p1b: Wo-Chien|0 fnt\n|faint|p1a: Talonflame\n|faint|p1b: Wo-Chien\n|\n|-weather|Sandstorm|[upkeep]\n|-heal|p2a: Ty|82\/100|[from] item: Leftovers\n|-heal|p2b: Landorus|26\/100|[from] item: Leftovers\n|upkeep\n|\n|t:|1699472783\n|switch|p1a: Chi-Yu|Chi-Yu|100\/100\n|switch|p1b: Palafin|Palafin-Hero, M, shiny|81\/100\n|-damage|p1a: Chi-Yu|76\/100|[from] Stealth Rock\n|-ability|p1a: Chi-Yu|Beads of Ruin\n|-damage|p1b: Palafin|68\/100|[from] Stealth Rock\n|turn|13\n|inactive|rewrite _361 has 120 seconds left.\n|\n|t:|1699472816\n|move|p1b: Palafin|Drain Punch|p2a: Ty\n|-supereffective|p2a: Ty\n|-damage|p2a: Ty|0 fnt\n|-heal|p1b: Palafin|100\/100|[from] drain|[of] p2a: Ty\n|faint|p2a: Ty\n|-damage|p1b: Palafin|91\/100|[from] item: Life Orb\n|move|p1a: Chi-Yu|Heat Wave|p2b: Landorus\n|-damage|p2b: Landorus|0 fnt\n|faint|p2b: Landorus\n|\n|-weather|Sandstorm|[upkeep]\n|-damage|p1a: Chi-Yu|70\/100|[from] Sandstorm\n|-damage|p1b: Palafin|84\/100|[from] Sandstorm\n|upkeep\n|\n|t:|1699472826\n|switch|p2b: Iron Hands|Iron Hands|10\/100\n|switch|p2a: Ting-Lu|Ting-Lu|43\/100\n|-ability|p2a: Ting-Lu|Vessel of Ruin\n|turn|14\n|\n|t:|1699472837\n|move|p1b: Palafin|Drain Punch|p2a: Ting-Lu\n|-supereffective|p2a: Ting-Lu\n|-damage|p2a: Ting-Lu|0 fnt\n|-heal|p1b: Palafin|100\/100|[from] drain|[of] p2a: Ting-Lu\n|faint|p2a: Ting-Lu\n|-damage|p1b: Palafin|91\/100|[from] item: Life Orb\n|move|p1a: Chi-Yu|Heat Wave|p2b: Iron Hands\n|-damage|p2b: Iron Hands|0 fnt\n|faint|p2b: Iron Hands\n|-end|p2b: Iron Hands|Quark Drive|[silent]\n|\n|win|Songfossil\n|raw|Songfossil's rating: 1139 &rarr; <strong>1161<\/strong><br \/>(+22 for winning)\n|raw|rewrite _361's rating: 1097 &rarr; <strong>1075<\/strong><br \/>(-22 for losing)\n","uploadtime":1699472840,"views":8,"p1id":"songfossil","p2id":"rewrite361","formatid":"gen9doublesou","rating":1075,"private":0,"password":""}