{"id":"gen9doublesou-1980650904","p1":"IcySoloPlay","p2":"Deriverse","format":"[Gen 9] Doubles OU","log":"|j|\u2606IcySoloPlay\n|j|\u2606Deriverse\n|t:|1698807873\n|gametype|doubles\n|player|p1|IcySoloPlay|nate|1426\n|player|p2|Deriverse|roxanne|1476\n|teamsize|p1|6\n|teamsize|p2|6\n|gen|9\n|tier|[Gen 9] Doubles OU\n|rated|\n|rule|Species Clause: Limit one of each Pok\u00e9mon\n|rule|OHKO Clause: OHKO moves are banned\n|rule|Evasion Moves Clause: Evasion moves are banned\n|rule|Gravity Sleep Clause: The combination of sleep-inducing moves with imperfect accuracy and Gravity or Gigantamax Orbeetle are banned\n|rule|Endless Battle Clause: Forcing endless battles is banned\n|rule|HP Percentage Mod: HP is shown in percentages\n|clearpoke\n|poke|p1|Ninetales-Alola, F|\n|poke|p1|Iron Bundle|\n|poke|p1|Gyarados, F|\n|poke|p1|Volcarona, M|\n|poke|p1|Sinistcha|\n|poke|p1|Iron Hands|\n|poke|p2|Golem-Alola, F|\n|poke|p2|Probopass, M|\n|poke|p2|Farigiraf, M|\n|poke|p2|Amoonguss, M|\n|poke|p2|Iron Hands|\n|poke|p2|Kingambit, F|\n|teampreview\n|inactive|Battle timer is ON: inactive players will automatically lose when time's up. (requested by IcySoloPlay)\n|inactive|Deriverse has 120 seconds left.\n|\n|t:|1698807973\n|start\n|switch|p1a: Ninetales|Ninetales-Alola, F|100\/100\n|switch|p1b: Iron Bundle|Iron Bundle|100\/100\n|switch|p2a: Amoonguss|Amoonguss, M|100\/100\n|switch|p2b: Probopass|Probopass, M, shiny|100\/100\n|-weather|Snow|[from] ability: Snow Warning|[of] p1a: Ninetales\n|-item|p2b: Probopass|Air Balloon\n|-enditem|p1b: Iron Bundle|Booster Energy\n|-activate|p1b: Iron Bundle|ability: Quark Drive|[fromitem]\n|-start|p1b: Iron Bundle|quarkdrivespe\n|turn|1\n|inactive|Deriverse has 120 seconds left.\n|\n|t:|1698808022\n|-terastallize|p1a: Ninetales|Fire\n|move|p1b: Iron Bundle|Aurora Veil|p1b: Iron Bundle\n|-sidestart|p1: IcySoloPlay|move: Aurora Veil\n|move|p1a: Ninetales|Blizzard|p2a: Amoonguss|[spread] p2a,p2b\n|-supereffective|p2a: Amoonguss\n|-resisted|p2b: Probopass\n|-damage|p2a: Amoonguss|35\/100\n|-damage|p2b: Probopass|84\/100\n|-enditem|p2b: Probopass|Air Balloon\n|move|p2b: Probopass|Thunder Wave|p1b: Iron Bundle\n|-status|p1b: Iron Bundle|par\n|move|p2a: Amoonguss|Spore|p1a: Ninetales\n|-status|p1a: Ninetales|slp|[from] move: Spore\n|\n|-weather|Snow|[upkeep]\n|-heal|p2a: Amoonguss|41\/100|[from] item: Leftovers\n|upkeep\n|turn|2\n|inactive|Deriverse has 120 seconds left.\n|\n|t:|1698808045\n|switch|p2a: Golem|Golem-Alola, F|100\/100\n|-item|p2a: Golem|Air Balloon\n|cant|p1a: Ninetales|slp\n|move|p1b: Iron Bundle|Icy Wind|p2a: Golem|[spread] p2a,p2b\n|-resisted|p2b: Probopass\n|-damage|p2a: Golem|73\/100\n|-damage|p2b: Probopass|77\/100\n|-unboost|p2a: Golem|spe|1\n|-unboost|p2b: Probopass|spe|1\n|-enditem|p2a: Golem|Air Balloon\n|move|p2b: Probopass|Stealth Rock|p1b: Iron Bundle\n|-sidestart|p1: IcySoloPlay|move: Stealth Rock\n|\n|-weather|Snow|[upkeep]\n|upkeep\n|turn|3\n|inactive|Deriverse has 120 seconds left.\n|\n|t:|1698808070\n|cant|p1a: Ninetales|slp\n|move|p1b: Iron Bundle|Hydro Pump|p2a: Golem\n|-supereffective|p2a: Golem\n|-damage|p2a: Golem|0 fnt\n|faint|p2a: Golem\n|move|p2b: Probopass|Power Gem|p1b: Iron Bundle\n|-supereffective|p1b: Iron Bundle\n|-damage|p1b: Iron Bundle|23\/100 par\n|\n|-weather|Snow|[upkeep]\n|upkeep\n|\n|t:|1698808087\n|switch|p2a: Farigiraf|Farigiraf, M|100\/100\n|turn|4\n|\n|t:|1698808100\n|-curestatus|p1a: Ninetales|slp|[msg]\n|move|p1a: Ninetales|Blizzard|p2b: Probopass|[spread] p2a,p2b\n|-resisted|p2b: Probopass\n|-damage|p2a: Farigiraf|51\/100\n|-damage|p2b: Probopass|62\/100\n|move|p1b: Iron Bundle|Hydro Pump|p2b: Probopass\n|-supereffective|p2b: Probopass\n|-damage|p2b: Probopass|0 fnt\n|faint|p2b: Probopass\n|move|p2a: Farigiraf|Future Sight|p1a: Ninetales\n|-start|p2a: Farigiraf|move: Future Sight\n|\n|-weather|Snow|[upkeep]\n|-heal|p2a: Farigiraf|57\/100|[from] item: Leftovers\n|upkeep\n|inactive|Deriverse has 120 seconds left.\n|\n|t:|1698808144\n|switch|p2b: Iron Hands|Iron Hands|100\/100\n|turn|5\n|\n|t:|1698808162\n|move|p1a: Ninetales|Blizzard|p2a: Farigiraf|[spread] p2a,p2b\n|-damage|p2a: Farigiraf|12\/100\n|-damage|p2b: Iron Hands|57\/100\n|move|p1b: Iron Bundle|Hydro Pump|p2a: Farigiraf\n|-damage|p2a: Farigiraf|0 fnt\n|faint|p2a: Farigiraf\n|move|p2b: Iron Hands|Swords Dance|p2b: Iron Hands\n|-boost|p2b: Iron Hands|atk|2\n|\n|-weather|none\n|-heal|p2b: Iron Hands|63\/100|[from] item: Leftovers\n|-sideend|p1: IcySoloPlay|move: Aurora Veil\n|upkeep\n|\n|t:|1698808173\n|switch|p2a: Kingambit|Kingambit, F|100\/100\n|-activate|p2a: Kingambit|ability: Supreme Overlord\n|-start|p2a: Kingambit|fallen3|[silent]\n|turn|6\n|\n|t:|1698808183\n|move|p2a: Kingambit|Sucker Punch|p1b: Iron Bundle\n|-damage|p1b: Iron Bundle|0 fnt\n|faint|p1b: Iron Bundle\n|-end|p1b: Iron Bundle|Quark Drive|[silent]\n|move|p1a: Ninetales|Blizzard|p2a: Kingambit|[spread] p2a,p2b\n|-resisted|p2a: Kingambit\n|-damage|p2a: Kingambit|76\/100\n|-damage|p2b: Iron Hands|22\/100\n|move|p2b: Iron Hands|Drain Punch|p1a: Ninetales\n|-damage|p1a: Ninetales|0 fnt\n|-heal|p2b: Iron Hands|50\/100|[from] drain|[of] p1a: Ninetales\n|faint|p1a: Ninetales\n|\n|-hint|Future Sight did not hit because the target is fainted.\n|-heal|p2a: Kingambit|83\/100|[from] item: Leftovers\n|-heal|p2b: Iron Hands|56\/100|[from] item: Leftovers\n|upkeep\n|\n|t:|1698808200\n|switch|p1b: Iron Hands|Iron Hands|100\/100\n|switch|p1a: Volcarona|Volcarona, M|100\/100\n|-damage|p1a: Volcarona|51\/100|[from] Stealth Rock\n|-damage|p1b: Iron Hands|94\/100|[from] Stealth Rock\n|turn|7\n|\n|t:|1698808227\n|move|p1b: Iron Hands|Fake Out|p2a: Kingambit\n|-resisted|p2a: Kingambit\n|-damage|p2a: Kingambit|77\/100\n|move|p1a: Volcarona|Quiver Dance|p1a: Volcarona\n|-boost|p1a: Volcarona|spa|1\n|-boost|p1a: Volcarona|spd|1\n|-boost|p1a: Volcarona|spe|1\n|cant|p2a: Kingambit|flinch\n|move|p2b: Iron Hands|Wild Charge|p1a: Volcarona\n|-damage|p1a: Volcarona|0 fnt\n|-status|p2b: Iron Hands|brn|[from] ability: Flame Body|[of] p1a: Volcarona\n|faint|p1a: Volcarona\n|-damage|p2b: Iron Hands|49\/100 brn|[from] Recoil\n|\n|-heal|p2a: Kingambit|83\/100|[from] item: Leftovers\n|-heal|p2b: Iron Hands|55\/100 brn|[from] item: Leftovers\n|-damage|p2b: Iron Hands|49\/100 brn|[from] brn\n|upkeep\n|\n|t:|1698808253\n|switch|p1a: Sinistcha|Sinistcha|100\/100\n|-damage|p1a: Sinistcha|88\/100|[from] Stealth Rock\n|-heal|p1b: Iron Hands|100\/100|[from] ability: Hospitality|[of] p1a: Sinistcha\n|turn|8\n|\n|t:|1698808269\n|-end|p2a: Kingambit|fallen3|[silent]\n|switch|p2a: Amoonguss|Amoonguss, M|75\/100\n|move|p1a: Sinistcha|Matcha Gotcha|p2a: Amoonguss|[spread] p2a,p2b\n|-resisted|p2a: Amoonguss\n|-damage|p2a: Amoonguss|70\/100\n|-heal|p1a: Sinistcha|91\/100|[from] drain|[of] p2a: Amoonguss\n|-damage|p2b: Iron Hands|17\/100 brn\n|-heal|p1a: Sinistcha|100\/100|[from] drain|[of] p2b: Iron Hands\n|move|p2b: Iron Hands|Ice Punch|p1a: Sinistcha\n|-supereffective|p1a: Sinistcha\n|-damage|p1a: Sinistcha|39\/100\n|move|p1b: Iron Hands|Drain Punch|p2a: Amoonguss\n|-resisted|p2a: Amoonguss\n|-damage|p2a: Amoonguss|44\/100\n|\n|-heal|p2b: Iron Hands|24\/100 brn|[from] item: Leftovers\n|-heal|p2a: Amoonguss|51\/100|[from] item: Leftovers\n|-damage|p2b: Iron Hands|17\/100 brn|[from] brn\n|upkeep\n|turn|9\n|\n|t:|1698808299\n|-terastallize|p2b: Iron Hands|Grass\n|move|p1a: Sinistcha|Matcha Gotcha|p2b: Iron Hands|[spread] p2a,p2b\n|-resisted|p2a: Amoonguss\n|-resisted|p2b: Iron Hands\n|-damage|p2a: Amoonguss|46\/100\n|-heal|p1a: Sinistcha|42\/100|[from] drain|[of] p2a: Amoonguss\n|-damage|p2b: Iron Hands|3\/100 brn\n|-heal|p1a: Sinistcha|53\/100|[from] drain|[of] p2b: Iron Hands\n|move|p1b: Iron Hands|Drain Punch|p2a: Amoonguss\n|-resisted|p2a: Amoonguss\n|-damage|p2a: Amoonguss|21\/100\n|move|p2b: Iron Hands|Drain Punch|p1b: Iron Hands\n|-crit|p1b: Iron Hands\n|-damage|p1b: Iron Hands|56\/100\n|-heal|p2b: Iron Hands|25\/100 brn|[from] drain|[of] p1b: Iron Hands\n|move|p2a: Amoonguss|Spore|p1b: Iron Hands\n|-status|p1b: Iron Hands|slp|[from] move: Spore\n|\n|-heal|p2b: Iron Hands|32\/100 brn|[from] item: Leftovers\n|-heal|p2a: Amoonguss|28\/100|[from] item: Leftovers\n|-damage|p2b: Iron Hands|25\/100 brn|[from] brn\n|upkeep\n|turn|10\n|inactive|Deriverse has 120 seconds left.\n|\n|t:|1698808333\n|move|p2a: Amoonguss|Rage Powder|p2a: Amoonguss\n|-singleturn|p2a: Amoonguss|move: Rage Powder\n|move|p1a: Sinistcha|Matcha Gotcha|p2a: Amoonguss|[spread] p2a,p2b\n|-resisted|p2a: Amoonguss\n|-crit|p2a: Amoonguss\n|-resisted|p2b: Iron Hands\n|-damage|p2a: Amoonguss|19\/100\n|-heal|p1a: Sinistcha|58\/100|[from] drain|[of] p2a: Amoonguss\n|-damage|p2b: Iron Hands|10\/100 brn\n|-heal|p1a: Sinistcha|69\/100|[from] drain|[of] p2b: Iron Hands\n|move|p2b: Iron Hands|Drain Punch|p1b: Iron Hands\n|-damage|p1b: Iron Hands|29\/100 slp\n|-heal|p2b: Iron Hands|24\/100 brn|[from] drain|[of] p1b: Iron Hands\n|cant|p1b: Iron Hands|slp\n|\n|-heal|p2b: Iron Hands|30\/100 brn|[from] item: Leftovers\n|-heal|p2a: Amoonguss|26\/100|[from] item: Leftovers\n|-damage|p2b: Iron Hands|24\/100 brn|[from] brn\n|upkeep\n|turn|11\n|\n|t:|1698808352\n|move|p1a: Sinistcha|Matcha Gotcha|p2a: Amoonguss|[spread] p2a,p2b\n|-resisted|p2a: Amoonguss\n|-resisted|p2b: Iron Hands\n|-damage|p2a: Amoonguss|21\/100\n|-heal|p1a: Sinistcha|72\/100|[from] drain|[of] p2a: Amoonguss\n|-damage|p2b: Iron Hands|9\/100 brn\n|-heal|p1a: Sinistcha|84\/100|[from] drain|[of] p2b: Iron Hands\n|move|p2b: Iron Hands|Drain Punch|p1b: Iron Hands\n|-damage|p1b: Iron Hands|0 fnt\n|-heal|p2b: Iron Hands|23\/100 brn|[from] drain|[of] p1b: Iron Hands\n|faint|p1b: Iron Hands\n|-end|p1b: Iron Hands|Quark Drive|[silent]\n|move|p2a: Amoonguss|Pollen Puff|p2b: Iron Hands\n|-heal|p2b: Iron Hands|73\/100 brn\n|\n|-heal|p2b: Iron Hands|79\/100 brn|[from] item: Leftovers\n|-heal|p2a: Amoonguss|27\/100|[from] item: Leftovers\n|-damage|p2b: Iron Hands|73\/100 brn|[from] brn\n|upkeep\n|\n|t:|1698808372\n|switch|p1b: Gyarados|Gyarados, F|100\/100\n|-damage|p1b: Gyarados|76\/100|[from] Stealth Rock\n|-ability|p1b: Gyarados|Intimidate|boost\n|-unboost|p2a: Amoonguss|atk|1\n|-unboost|p2b: Iron Hands|atk|1\n|turn|12\n|\n|t:|1698808384\n|switch|p2a: Kingambit|Kingambit, F|83\/100\n|-activate|p2a: Kingambit|ability: Supreme Overlord\n|-start|p2a: Kingambit|fallen3|[silent]\n|move|p1b: Gyarados|Dragon Dance|p1b: Gyarados\n|-boost|p1b: Gyarados|atk|1\n|-boost|p1b: Gyarados|spe|1\n|move|p1a: Sinistcha|Matcha Gotcha|p2a: Kingambit|[spread] p2a,p2b\n|-resisted|p2a: Kingambit\n|-resisted|p2b: Iron Hands\n|-damage|p2a: Kingambit|67\/100\n|-heal|p1a: Sinistcha|93\/100|[from] drain|[of] p2a: Kingambit\n|-damage|p2b: Iron Hands|58\/100 brn\n|-heal|p1a: Sinistcha|100\/100|[from] drain|[of] p2b: Iron Hands\n|move|p2b: Iron Hands|Wild Charge|p1b: Gyarados\n|-supereffective|p1b: Gyarados\n|-damage|p1b: Gyarados|0 fnt\n|faint|p1b: Gyarados\n|-damage|p2b: Iron Hands|45\/100 brn|[from] Recoil\n|\n|-heal|p2b: Iron Hands|52\/100 brn|[from] item: Leftovers\n|-heal|p2a: Kingambit|74\/100|[from] item: Leftovers\n|-damage|p2b: Iron Hands|45\/100 brn|[from] brn\n|upkeep\n|turn|13\n|\n|t:|1698808407\n|move|p2a: Kingambit|Sucker Punch|p1a: Sinistcha\n|-supereffective|p1a: Sinistcha\n|-crit|p1a: Sinistcha\n|-damage|p1a: Sinistcha|0 fnt\n|faint|p1a: Sinistcha\n|\n|win|Deriverse\n|raw|IcySoloPlay's rating: 1426 &rarr; <strong>1409<\/strong><br \/>(-17 for losing)\n|raw|Deriverse's rating: 1476 &rarr; <strong>1493<\/strong><br \/>(+17 for winning)\n|l|\u2606IcySoloPlay\n","uploadtime":1698808417,"views":19,"p1id":"icysoloplay","p2id":"deriverse","formatid":"gen9doublesou","rating":1409,"private":0,"password":""}