{"id":"gen9doublesou-1989774975","p1":"AdvancedDigit","p2":"Ianyh1","format":"[Gen 9] Doubles OU","log":"|j|\u2606AdvancedDigit\n|j|\u2606Ianyh1\n|t:|1699894665\n|gametype|doubles\n|player|p1|AdvancedDigit|hilbert|1176\n|player|p2|Ianyh1|101|1185\n|teamsize|p1|6\n|teamsize|p2|6\n|gen|9\n|tier|[Gen 9] Doubles OU\n|rated|\n|rule|Species Clause: Limit one of each Pok\u00e9mon\n|rule|OHKO Clause: OHKO moves are banned\n|rule|Evasion Moves Clause: Evasion moves are banned\n|rule|Gravity Sleep Clause: The combination of sleep-inducing moves with imperfect accuracy and Gravity or Gigantamax Orbeetle are banned\n|rule|Endless Battle Clause: Forcing endless battles is banned\n|rule|HP Percentage Mod: HP is shown in percentages\n|clearpoke\n|poke|p1|Grafaiai, M|\n|poke|p1|Enamorus, F|\n|poke|p1|Kingambit, F|\n|poke|p1|Flutter Mane|\n|poke|p1|Cresselia, F|\n|poke|p1|Gliscor, M|\n|poke|p2|Bellibolt, F|\n|poke|p2|Oranguru, M|\n|poke|p2|Maushold-Four|\n|poke|p2|Landorus-Therian, M|\n|poke|p2|Inteleon, M|\n|poke|p2|Diancie|\n|teampreview\n|inactive|Battle timer is ON: inactive players will automatically lose when time's up. (requested by Ianyh1)\n|\n|t:|1699894684\n|start\n|switch|p1a: Cresselia|Cresselia, F|100\/100\n|switch|p1b: Gliscor|Gliscor, M|100\/100\n|switch|p2a: Inteleon|Inteleon, M|100\/100\n|switch|p2b: Bellibolt|Bellibolt, F|100\/100\n|turn|1\n|\n|t:|1699894695\n|move|p2a: Inteleon|Soak|p1b: Gliscor\n|-start|p1b: Gliscor|typechange|Water\n|move|p1b: Gliscor|Knock Off|p2a: Inteleon\n|-damage|p2a: Inteleon|67\/100\n|-enditem|p2a: Inteleon|Focus Sash|[from] move: Knock Off|[of] p1b: Gliscor\n|move|p1a: Cresselia|Skill Swap|p1b: Gliscor\n|-activate|p1a: Cresselia|move: Skill Swap|||[of] p1b: Gliscor\n|move|p2b: Bellibolt|Hyper Voice|p1b: Gliscor|[spread] p1a,p1b\n|-damage|p1a: Cresselia|91\/100\n|-damage|p1b: Gliscor|79\/100\n|\n|-heal|p1b: Gliscor|85\/100|[from] item: Leftovers\n|-status|p1a: Cresselia|tox|[from] item: Toxic Orb\n|upkeep\n|turn|2\n|\n|t:|1699894719\n|switch|p2a: Oranguru|Oranguru, M|100\/100\n|move|p1b: Gliscor|Knock Off|p2b: Bellibolt\n|-damage|p2b: Bellibolt|83\/100\n|-start|p2b: Bellibolt|Charge|Knock Off|[from] ability: Electromorphosis\n|-enditem|p2b: Bellibolt|Weakness Policy|[from] move: Knock Off|[of] p1b: Gliscor\n|move|p1a: Cresselia|Calm Mind|p1a: Cresselia\n|-boost|p1a: Cresselia|spa|1\n|-boost|p1a: Cresselia|spd|1\n|move|p2b: Bellibolt|Hyper Voice|p1b: Gliscor|[spread] p1a,p1b\n|-damage|p1a: Cresselia|85\/100 tox\n|-damage|p1b: Gliscor|63\/100\n|\n|-heal|p1b: Gliscor|69\/100|[from] item: Leftovers\n|-heal|p1a: Cresselia|97\/100 tox|[from] ability: Poison Heal\n|upkeep\n|turn|3\n|\n|t:|1699894746\n|switch|p2a: Landorus|Landorus-Therian, M|100\/100\n|-ability|p2a: Landorus|Intimidate|boost\n|-unboost|p1a: Cresselia|atk|1\n|-unboost|p1b: Gliscor|atk|1\n|move|p1b: Gliscor|Knock Off|p2a: Landorus\n|-damage|p2a: Landorus|83\/100\n|-enditem|p2a: Landorus|Choice Band|[from] move: Knock Off|[of] p1b: Gliscor\n|move|p1a: Cresselia|Moonblast|p2a: Landorus\n|-damage|p2a: Landorus|50\/100\n|move|p2b: Bellibolt|Parabolic Charge|p1a: Cresselia|[spread] p1a,p1b\n|-immune|p2a: Landorus\n|-supereffective|p1b: Gliscor\n|-crit|p1b: Gliscor\n|-damage|p1a: Cresselia|84\/100 tox\n|-heal|p2b: Bellibolt|91\/100|[from] drain|[of] p1a: Cresselia\n|-damage|p1b: Gliscor|0 fnt\n|-heal|p2b: Bellibolt|100\/100|[from] drain|[of] p1b: Gliscor\n|faint|p1b: Gliscor\n|-end|p2b: Bellibolt|Charge|[silent]\n|\n|-heal|p1a: Cresselia|96\/100 tox|[from] ability: Poison Heal\n|upkeep\n|inactive|AdvancedDigit has 120 seconds left.\n|\n|t:|1699894788\n|switch|p1b: Grafaiai|Grafaiai, M|100\/100\n|turn|4\n|\n|t:|1699894799\n|move|p1b: Grafaiai|Switcheroo|p2a: Landorus\n|-activate|p1b: Grafaiai|move: Trick|[of] p2a: Landorus\n|-item|p2a: Landorus|Iron Ball|[from] move: Switcheroo\n|-enditem|p1b: Grafaiai|Iron Ball|[silent]|[from] move: Switcheroo\n|move|p1a: Cresselia|Calm Mind|p1a: Cresselia\n|-boost|p1a: Cresselia|spa|1\n|-boost|p1a: Cresselia|spd|1\n|move|p2a: Landorus|Rock Slide|p1a: Cresselia|[spread] p1a,p1b\n|-damage|p1a: Cresselia|81\/100 tox\n|-damage|p1b: Grafaiai|64\/100\n|move|p2b: Bellibolt|Parabolic Charge|p1a: Cresselia|[spread] p1a,p1b\n|-immune|p2a: Landorus\n|-damage|p1a: Cresselia|76\/100 tox\n|-damage|p1b: Grafaiai|47\/100\n|\n|-heal|p1a: Cresselia|88\/100 tox|[from] ability: Poison Heal\n|upkeep\n|turn|5\n|\n|t:|1699894832\n|move|p1b: Grafaiai|Parting Shot|p2a: Landorus\n|-unboost|p2a: Landorus|atk|1\n|-unboost|p2a: Landorus|spa|1\n|\n|t:|1699894838\n|switch|p1b: Enamorus|Enamorus, F|100\/100|[from] Parting Shot\n|move|p1a: Cresselia|Calm Mind|p1a: Cresselia\n|-boost|p1a: Cresselia|spa|1\n|-boost|p1a: Cresselia|spd|1\n|move|p2a: Landorus|Outrage|p1a: Cresselia\n|-damage|p1a: Cresselia|65\/100 tox\n|move|p2b: Bellibolt|Parabolic Charge|p1a: Cresselia|[spread] p1a,p1b\n|-immune|p2a: Landorus\n|-supereffective|p1b: Enamorus\n|-damage|p1a: Cresselia|61\/100 tox\n|-damage|p1b: Enamorus|47\/100\n|\n|-heal|p1b: Enamorus|53\/100|[from] item: Leftovers\n|-heal|p1a: Cresselia|73\/100 tox|[from] ability: Poison Heal\n|upkeep\n|turn|6\n|l|\u2606AdvancedDigit\n|inactive|AdvancedDigit disconnected and has a minute to reconnect!\n|player|p1|\n|j|\u2606AdvancedDigit\n|inactive|AdvancedDigit reconnected and has 105 seconds left.\n|player|p1|AdvancedDigit|hilbert\n|\n|t:|1699894889\n|-terastallize|p2b: Bellibolt|Electric\n|move|p1b: Enamorus|Earth Power|p2b: Bellibolt\n|-supereffective|p2b: Bellibolt\n|-damage|p2b: Bellibolt|49\/100\n|-start|p2b: Bellibolt|Charge|Earth Power|[from] ability: Electromorphosis\n|move|p1a: Cresselia|Moonblast|p2a: Landorus\n|-damage|p2a: Landorus|0 fnt\n|faint|p2a: Landorus\n|move|p2b: Bellibolt|Parabolic Charge|p1b: Enamorus|[spread] p1a,p1b\n|-supereffective|p1b: Enamorus\n|-damage|p1a: Cresselia|62\/100 tox\n|-heal|p2b: Bellibolt|56\/100|[from] drain|[of] p1a: Cresselia\n|-damage|p1b: Enamorus|0 fnt\n|-heal|p2b: Bellibolt|75\/100|[from] drain|[of] p1b: Enamorus\n|faint|p1b: Enamorus\n|-end|p2b: Bellibolt|Charge|[silent]\n|\n|-heal|p1a: Cresselia|75\/100 tox|[from] ability: Poison Heal\n|upkeep\n|inactive|AdvancedDigit has 120 seconds left.\n|c|\u2606AdvancedDigit|My laptop died oops lol\n|\n|t:|1699894917\n|switch|p1b: Grafaiai|Grafaiai, M|47\/100\n|switch|p2a: Inteleon|Inteleon, M|67\/100\n|turn|7\n|\n|t:|1699894926\n|move|p1b: Grafaiai|Parting Shot|p2a: Inteleon\n|-unboost|p2a: Inteleon|atk|1\n|-unboost|p2a: Inteleon|spa|1\n|\n|t:|1699894930\n|switch|p1b: Flutter Mane|Flutter Mane|100\/100|[from] Parting Shot\n|-enditem|p1b: Flutter Mane|Booster Energy\n|-activate|p1b: Flutter Mane|ability: Protosynthesis|[fromitem]\n|-start|p1b: Flutter Mane|protosynthesisspe\n|move|p2a: Inteleon|Soak|p1a: Cresselia\n|-start|p1a: Cresselia|typechange|Water\n|move|p1a: Cresselia|Moonblast|p2a: Inteleon\n|-damage|p2a: Inteleon|0 fnt\n|faint|p2a: Inteleon\n|move|p2b: Bellibolt|Hyper Voice|p1b: Flutter Mane|[spread] p1a\n|-immune|p1b: Flutter Mane\n|-damage|p1a: Cresselia|71\/100 tox\n|\n|-heal|p1a: Cresselia|83\/100 tox|[from] ability: Poison Heal\n|upkeep\n|\n|t:|1699894945\n|switch|p2a: Maushold|Maushold-Four|100\/100\n|turn|8\n|\n|t:|1699894953\n|move|p1b: Flutter Mane|Psyshock|p2b: Bellibolt\n|-damage|p2b: Bellibolt|52\/100\n|-start|p2b: Bellibolt|Charge|Psyshock|[from] ability: Electromorphosis\n|move|p2a: Maushold|Population Bomb|p1a: Cresselia\n|-damage|p1a: Cresselia|74\/100 tox\n|-damage|p1a: Cresselia|66\/100 tox\n|-damage|p1a: Cresselia|58\/100 tox\n|-damage|p1a: Cresselia|49\/100 tox\n|-damage|p1a: Cresselia|40\/100 tox\n|-hitcount|p1a: Cresselia|5\n|move|p1a: Cresselia|Moonblast|p2a: Maushold\n|-damage|p2a: Maushold|35\/100\n|move|p2b: Bellibolt|Parabolic Charge|p1a: Cresselia|[spread] p2a,p1a,p1b\n|-supereffective|p1a: Cresselia\n|-damage|p2a: Maushold|0 fnt\n|-heal|p2b: Bellibolt|64\/100|[from] drain|[of] p2a: Maushold\n|-damage|p1a: Cresselia|20\/100 tox\n|-heal|p2b: Bellibolt|75\/100|[from] drain|[of] p1a: Cresselia\n|-damage|p1b: Flutter Mane|52\/100\n|-heal|p2b: Bellibolt|93\/100|[from] drain|[of] p1b: Flutter Mane\n|faint|p2a: Maushold\n|-end|p2b: Bellibolt|Charge|[silent]\n|\n|-heal|p1a: Cresselia|32\/100 tox|[from] ability: Poison Heal\n|upkeep\n|\n|t:|1699894977\n|switch|p2a: Diancie|Diancie|100\/100\n|turn|9\n|\n|t:|1699894985\n|move|p1b: Flutter Mane|Dazzling Gleam|p2a: Diancie|[spread] p2a,p2b\n|-damage|p2a: Diancie|74\/100\n|-damage|p2b: Bellibolt|65\/100\n|-start|p2b: Bellibolt|Charge|Dazzling Gleam|[from] ability: Electromorphosis\n|move|p1a: Cresselia|Moonlight|p1a: Cresselia\n|-heal|p1a: Cresselia|82\/100 tox\n|move|p2a: Diancie|Diamond Storm|p1b: Flutter Mane|[spread] p1a,p1b\n|-damage|p1a: Cresselia|66\/100 tox\n|-damage|p1b: Flutter Mane|7\/100\n|-boost|p2a: Diancie|def|2\n|move|p2b: Bellibolt|Parabolic Charge|p1b: Flutter Mane|[spread] p2a,p1a,p1b\n|-supereffective|p1a: Cresselia\n|-damage|p2a: Diancie|32\/100\n|-heal|p2b: Bellibolt|80\/100|[from] drain|[of] p2a: Diancie\n|-damage|p1a: Cresselia|45\/100 tox\n|-heal|p2b: Bellibolt|91\/100|[from] drain|[of] p1a: Cresselia\n|-damage|p1b: Flutter Mane|0 fnt\n|-heal|p2b: Bellibolt|94\/100|[from] drain|[of] p1b: Flutter Mane\n|faint|p1b: Flutter Mane\n|-end|p1b: Flutter Mane|Protosynthesis|[silent]\n|-end|p2b: Bellibolt|Charge|[silent]\n|\n|-heal|p2a: Diancie|38\/100|[from] item: Leftovers\n|-heal|p1a: Cresselia|58\/100 tox|[from] ability: Poison Heal\n|upkeep\n|\n|t:|1699894990\n|switch|p1b: Kingambit|Kingambit, F|100\/100\n|turn|10\n|\n|t:|1699895013\n|switch|p2a: Oranguru|Oranguru, M|100\/100\n|-terastallize|p1a: Cresselia|Psychic\n|move|p1a: Cresselia|Moonlight|p1a: Cresselia\n|-heal|p1a: Cresselia|100\/100 tox\n|move|p1b: Kingambit|Iron Head|p2a: Oranguru\n|-damage|p2a: Oranguru|54\/100\n|move|p2b: Bellibolt|Parabolic Charge|p1b: Kingambit|[spread] p2a,p1a,p1b\n|-damage|p2a: Oranguru|34\/100\n|-heal|p2b: Bellibolt|100\/100|[from] drain|[of] p2a: Oranguru\n|-damage|p1a: Cresselia|96\/100 tox\n|-damage|p1b: Kingambit|76\/100\n|\n|-heal|p1b: Kingambit|82\/100|[from] item: Leftovers\n|-heal|p1a: Cresselia|100\/100 tox|[from] ability: Poison Heal\n|upkeep\n|turn|11\n|-message|Ianyh1 forfeited.\n|\n|win|AdvancedDigit\n|raw|AdvancedDigit's rating: 1176 &rarr; <strong>1202<\/strong><br \/>(+26 for winning)\n|raw|Ianyh1's rating: 1185 &rarr; <strong>1159<\/strong><br \/>(-26 for losing)\n|l|\u2606Ianyh1\n","uploadtime":1699895030,"views":5,"p1id":"advanceddigit","p2id":"ianyh1","formatid":"gen9doublesou","rating":1159,"private":0,"password":""}