{"id":"gen9doublesou-1968425057","p1":"cotesmcgotes","p2":"wonhosbazingas","format":"[Gen 9] Doubles OU","log":"|html|<div class=\"broadcast-blue\"><strong>[Gen 9] Doubles OU is currently suspecting Basculegion & Flutter Mane! For information on how to participate check out the <a href=\"https:\/\/www.smogon.com\/forums\/threads\/np-sv-dou-stage-8-double-trouble.3729153\/\">suspect thread<\/a>.<\/strong><\/div>\n|j|\u2606cotesmcgotes\n|j|\u2606wonhosbazingas\n|t:|1697417173\n|gametype|doubles\n|player|p1|cotesmcgotes|flannery|1324\n|player|p2|wonhosbazingas|kimonogirl|1318\n|teamsize|p1|6\n|teamsize|p2|6\n|gen|9\n|tier|[Gen 9] Doubles OU\n|rated|\n|rule|Species Clause: Limit one of each Pok\u00e9mon\n|rule|OHKO Clause: OHKO moves are banned\n|rule|Evasion Moves Clause: Evasion moves are banned\n|rule|Gravity Sleep Clause: The combination of sleep-inducing moves with imperfect accuracy and Gravity or Gigantamax Orbeetle are banned\n|rule|Endless Battle Clause: Forcing endless battles is banned\n|rule|HP Percentage Mod: HP is shown in percentages\n|clearpoke\n|poke|p1|Manaphy|\n|poke|p1|Espathra, F|\n|poke|p1|Goodra-Hisui, F|\n|poke|p1|Ursaluna-Bloodmoon, M|\n|poke|p1|Ogerpon-Hearthflame, F|\n|poke|p1|Chien-Pao|\n|poke|p2|Maushold-Four|\n|poke|p2|Azumarill, F|\n|poke|p2|Espeon, F|\n|poke|p2|Tsareena, F|\n|poke|p2|Sylveon, F|\n|poke|p2|Dragonite, F|\n|teampreview\n|\n|t:|1697417184\n|start\n|switch|p1a: Manaphy|Manaphy|100\/100\n|switch|p1b: Espathra|Espathra, F|100\/100\n|switch|p2a: Maushold|Maushold-Four|100\/100\n|switch|p2b: Dragonite|Dragonite, F|100\/100\n|turn|1\n|inactive|Battle timer is ON: inactive players will automatically lose when time's up. (requested by cotesmcgotes)\n|\n|t:|1697417195\n|move|p2a: Maushold|Population Bomb|p1b: Espathra\n|-crit|p1b: Espathra\n|-damage|p1b: Espathra|79\/100\n|-damage|p1b: Espathra|64\/100\n|-damage|p1b: Espathra|48\/100\n|-damage|p1b: Espathra|34\/100\n|-damage|p1b: Espathra|20\/100\n|-damage|p1b: Espathra|6\/100\n|-damage|p1b: Espathra|0 fnt\n|faint|p1b: Espathra\n|-hitcount|p1: Espathra|7\n|move|p1a: Manaphy|Tail Glow|p1a: Manaphy\n|-boost|p1a: Manaphy|spa|3\n|move|p2b: Dragonite|Dragon Claw|p1a: Manaphy\n|-damage|p1a: Manaphy|54\/100\n|\n|upkeep\n|\n|t:|1697417215\n|switch|p1b: Chien-Pao|Chien-Pao|100\/100\n|-ability|p1b: Chien-Pao|Sword of Ruin\n|turn|2\n|\n|t:|1697417227\n|-terastallize|p2b: Dragonite|Normal\n|move|p2b: Dragonite|Extreme Speed|p1b: Chien-Pao\n|-damage|p1b: Chien-Pao|41\/100\n|move|p1b: Chien-Pao|Sacred Sword|p2a: Maushold\n|-supereffective|p2a: Maushold\n|-damage|p2a: Maushold|0 fnt\n|faint|p2a: Maushold\n|move|p1a: Manaphy|Scald|p2b: Dragonite\n|-damage|p2b: Dragonite|52\/100\n|\n|upkeep\n|\n|t:|1697417241\n|switch|p2a: Sylveon|Sylveon, F|100\/100\n|turn|3\n|\n|t:|1697417257\n|switch|p1b: Goodra|Goodra-Hisui, F|100\/100\n|move|p2b: Dragonite|Extreme Speed|p1a: Manaphy\n|-damage|p1a: Manaphy|10\/100\n|-enditem|p1a: Manaphy|Sitrus Berry|[eat]\n|-heal|p1a: Manaphy|35\/100|[from] item: Sitrus Berry\n|move|p1a: Manaphy|Scald|p2b: Dragonite\n|-damage|p2b: Dragonite|0 fnt\n|faint|p2b: Dragonite\n|move|p2a: Sylveon|Hyper Voice|p1a: Manaphy|[spread] p1a,p1b\n|-damage|p1a: Manaphy|0 fnt\n|-damage|p1b: Goodra|80\/100\n|faint|p1a: Manaphy\n|-enditem|p2a: Sylveon|Throat Spray\n|-boost|p2a: Sylveon|spa|1|[from] item: Throat Spray\n|\n|-heal|p1b: Goodra|86\/100|[from] item: Leftovers\n|upkeep\n|inactive|cotesmcgotes has 120 seconds left.\n|\n|t:|1697417292\n|switch|p1a: Ogerpon|Ogerpon-Hearthflame, F|100\/100\n|switch|p2b: Tsareena|Tsareena, F|100\/100\n|-ability|p1a: Ogerpon|Mold Breaker\n|turn|4\n|\n|t:|1697417307\n|move|p1a: Ogerpon|Spiky Shield|p1a: Ogerpon\n|-singleturn|p1a: Ogerpon|move: Protect\n|move|p2b: Tsareena|High Jump Kick|p1b: Goodra\n|-supereffective|p1b: Goodra\n|-damage|p1b: Goodra|9\/100\n|move|p1b: Goodra|Iron Head|p2a: Sylveon\n|-supereffective|p2a: Sylveon\n|-damage|p2a: Sylveon|36\/100\n|move|p2a: Sylveon|Hyper Voice|p1b: Goodra|[spread] p1b\n|-activate|p1a: Ogerpon|move: Protect\n|-damage|p1b: Goodra|0 fnt\n|faint|p1b: Goodra\n|\n|upkeep\n|inactive|cotesmcgotes has 120 seconds left.\n|\n|t:|1697417328\n|switch|p1b: Chien-Pao|Chien-Pao|41\/100\n|-ability|p1b: Chien-Pao|Sword of Ruin\n|turn|5\n|\n|t:|1697417340\n|move|p2a: Sylveon|Quick Attack|p1b: Chien-Pao\n|-supereffective|p1b: Chien-Pao\n|-damage|p1b: Chien-Pao|9\/100\n|move|p1b: Chien-Pao|Ice Spinner|p2b: Tsareena\n|-supereffective|p2b: Tsareena\n|-damage|p2b: Tsareena|0 fnt\n|faint|p2b: Tsareena\n|move|p1a: Ogerpon|Swords Dance|p1a: Ogerpon\n|-boost|p1a: Ogerpon|atk|2\n|\n|upkeep\n|\n|t:|1697417349\n|switch|p2b: Azumarill|Azumarill, F|100\/100\n|turn|6\n|inactive|cotesmcgotes has 120 seconds left.\n|\n|t:|1697417382\n|switch|p1b: Ursaluna|Ursaluna-Bloodmoon, M|100\/100\n|move|p2b: Azumarill|Aqua Jet|p1b: Ursaluna\n|-supereffective|p1b: Ursaluna\n|-damage|p1b: Ursaluna|65\/100\n|move|p1a: Ogerpon|Ivy Cudgel|p2a: Sylveon\n|-damage|p2a: Sylveon|0 fnt\n|faint|p2a: Sylveon\n|\n|upkeep\n|\n|t:|1697417392\n|switch|p2a: Espeon|Espeon, F|100\/100\n|turn|7\n|inactive|cotesmcgotes has 120 seconds left.\n|\n|t:|1697417443\n|-terastallize|p1b: Ursaluna|Fairy\n|move|p2b: Azumarill|Aqua Jet|p1b: Ursaluna\n|-damage|p1b: Ursaluna|46\/100\n|move|p2a: Espeon|Psychic|p1a: Ogerpon\n|-damage|p1a: Ogerpon|29\/100\n|move|p1a: Ogerpon|Ivy Cudgel|p2a: Espeon\n|-damage|p2a: Espeon|0 fnt\n|faint|p2a: Espeon\n|move|p1b: Ursaluna|Blood Moon|p2b: Azumarill\n|-damage|p2b: Azumarill|12\/100\n|-enditem|p2b: Azumarill|Sitrus Berry|[eat]\n|-heal|p2b: Azumarill|37\/100|[from] item: Sitrus Berry\n|\n|upkeep\n|turn|8\n|inactive|cotesmcgotes has 120 seconds left.\n|\n|t:|1697417463\n|move|p1a: Ogerpon|Spiky Shield|p1a: Ogerpon\n|-singleturn|p1a: Ogerpon|move: Protect\n|move|p2b: Azumarill|Aqua Jet|p1a: Ogerpon\n|-activate|p1a: Ogerpon|move: Protect\n|-damage|p2b: Azumarill|25\/100|[from] Spiky Shield|[of] p1a: Ogerpon\n|move|p1b: Ursaluna|Earth Power|p2b: Azumarill\n|-damage|p2b: Azumarill|0 fnt\n|faint|p2b: Azumarill\n|\n|win|cotesmcgotes\n|raw|cotesmcgotes's rating: 1324 &rarr; <strong>1344<\/strong><br \/>(+20 for winning)\n|raw|wonhosbazingas's rating: 1318 &rarr; <strong>1298<\/strong><br \/>(-20 for losing)\n|l|\u2606wonhosbazingas\n","uploadtime":1697417480,"views":8,"p1id":"cotesmcgotes","p2id":"wonhosbazingas","formatid":"gen9doublesou","rating":1298,"private":0,"password":""}