{"id":"gen9doublesou-1977971373","p1":"Gen1victoryroad","p2":"alsotrash","format":"[Gen 9] Doubles OU","log":"|j|\u2606Gen1victoryroad\n|j|\u2606alsotrash\n|t:|1698475740\n|gametype|doubles\n|player|p1|Gen1victoryroad|170|1127\n|player|p2|alsotrash|clay|1187\n|teamsize|p1|6\n|teamsize|p2|6\n|gen|9\n|tier|[Gen 9] Doubles OU\n|rated|\n|rule|Species Clause: Limit one of each Pok\u00e9mon\n|rule|OHKO Clause: OHKO moves are banned\n|rule|Evasion Moves Clause: Evasion moves are banned\n|rule|Gravity Sleep Clause: The combination of sleep-inducing moves with imperfect accuracy and Gravity or Gigantamax Orbeetle are banned\n|rule|Endless Battle Clause: Forcing endless battles is banned\n|rule|HP Percentage Mod: HP is shown in percentages\n|clearpoke\n|poke|p1|Baxcalibur, F|\n|poke|p1|Torkoal, M|\n|poke|p1|Walking Wake|\n|poke|p1|Gholdengo|\n|poke|p1|Amoonguss, F|\n|poke|p1|Rillaboom, F|\n|poke|p2|Golem-Alola, F|\n|poke|p2|Landorus-Therian, M|\n|poke|p2|Ursaluna-Bloodmoon, M|\n|poke|p2|Great Tusk|\n|poke|p2|Baxcalibur, F|\n|poke|p2|Indeedee-F, F|\n|teampreview\n|\n|t:|1698475767\n|start\n|switch|p1a: Baxcalibur|Baxcalibur, F|100\/100\n|switch|p1b: Rillaboom|Rillaboom, F|100\/100\n|switch|p2a: Baxcalibur|Baxcalibur, F, shiny|100\/100\n|switch|p2b: Indeedee|Indeedee-F, F, shiny|100\/100\n|-fieldstart|move: Psychic Terrain|[from] ability: Psychic Surge|[of] p2b: Indeedee\n|-fieldstart|move: Grassy Terrain|[from] ability: Grassy Surge|[of] p1b: Rillaboom\n|turn|1\n|\n|t:|1698475794\n|-terastallize|p1a: Baxcalibur|Steel\n|move|p2a: Baxcalibur|Protect|p2a: Baxcalibur\n|-singleturn|p2a: Baxcalibur|Protect\n|move|p1b: Rillaboom|Fake Out|p2b: Indeedee\n|-damage|p2b: Indeedee|79\/100\n|move|p1a: Baxcalibur|Glaive Rush|p2a: Baxcalibur\n|-activate|p2a: Baxcalibur|move: Protect\n|cant|p2b: Indeedee|flinch\n|\n|-heal|p2b: Indeedee|85\/100|[from] Grassy Terrain\n|-heal|p2b: Indeedee|91\/100|[from] item: Leftovers\n|upkeep\n|turn|2\n|\n|t:|1698475823\n|switch|p1b: Torkoal|Torkoal, M|100\/100\n|-weather|SunnyDay|[from] ability: Drought|[of] p1b: Torkoal\n|-terastallize|p2a: Baxcalibur|Fire\n|move|p1a: Baxcalibur|Protect|p1a: Baxcalibur\n|-singleturn|p1a: Baxcalibur|Protect\n|move|p2b: Indeedee|Follow Me|p2b: Indeedee\n|-singleturn|p2b: Indeedee|move: Follow Me\n|move|p2a: Baxcalibur|Dragon Dance|p2a: Baxcalibur\n|-boost|p2a: Baxcalibur|atk|1\n|-boost|p2a: Baxcalibur|spe|1\n|\n|-weather|SunnyDay|[upkeep]\n|-heal|p2b: Indeedee|97\/100|[from] Grassy Terrain\n|-heal|p2b: Indeedee|100\/100|[from] item: Leftovers\n|upkeep\n|turn|3\n|inactive|Battle timer is ON: inactive players will automatically lose when time's up. (requested by alsotrash)\n|\n|t:|1698475856\n|switch|p1a: Amoonguss|Amoonguss, F|100\/100\n|move|p2b: Indeedee|Follow Me|p2b: Indeedee\n|-singleturn|p2b: Indeedee|move: Follow Me\n|move|p2a: Baxcalibur|Dragon Dance|p2a: Baxcalibur\n|-boost|p2a: Baxcalibur|atk|1\n|-boost|p2a: Baxcalibur|spe|1\n|move|p1b: Torkoal|Yawn|p2b: Indeedee\n|-start|p2b: Indeedee|move: Yawn|[of] p1b: Torkoal\n|\n|-weather|SunnyDay|[upkeep]\n|upkeep\n|turn|4\n|\n|t:|1698475880\n|switch|p2b: Landorus|Landorus-Therian, M, shiny|100\/100\n|-ability|p2b: Landorus|Intimidate|boost\n|-unboost|p1a: Amoonguss|atk|1\n|-unboost|p1b: Torkoal|atk|1\n|move|p1a: Amoonguss|Protect|p1a: Amoonguss\n|-singleturn|p1a: Amoonguss|Protect\n|move|p1b: Torkoal|Protect|p1b: Torkoal\n|-singleturn|p1b: Torkoal|Protect\n|move|p2a: Baxcalibur|Icicle Spear|p1a: Amoonguss\n|-activate|p1a: Amoonguss|move: Protect\n|\n|-weather|SunnyDay|[upkeep]\n|upkeep\n|turn|5\n|inactive|Gen1victoryroad has 120 seconds left.\n|\n|t:|1698475914\n|switch|p1a: Baxcalibur|Baxcalibur, F, tera:Steel|100\/100\n|move|p2a: Baxcalibur|Icicle Spear|p1a: Baxcalibur\n|-resisted|p1a: Baxcalibur\n|-damage|p1a: Baxcalibur|85\/100\n|-resisted|p1a: Baxcalibur\n|-damage|p1a: Baxcalibur|71\/100\n|-resisted|p1a: Baxcalibur\n|-damage|p1a: Baxcalibur|54\/100\n|-resisted|p1a: Baxcalibur\n|-damage|p1a: Baxcalibur|37\/100\n|-resisted|p1a: Baxcalibur\n|-damage|p1a: Baxcalibur|23\/100\n|-hitcount|p1a: Baxcalibur|5\n|move|p2b: Landorus|Stealth Rock|p1b: Torkoal\n|-sidestart|p1: Gen1victoryroad|move: Stealth Rock\n|move|p1b: Torkoal|Yawn|p2a: Baxcalibur\n|-start|p2a: Baxcalibur|move: Yawn|[of] p1b: Torkoal\n|\n|-weather|SunnyDay|[upkeep]\n|-heal|p1a: Baxcalibur|29\/100|[from] Grassy Terrain\n|-fieldend|move: Grassy Terrain\n|upkeep\n|turn|6\n|inactive|alsotrash has 120 seconds left.\n|\n|t:|1698475953\n|switch|p2a: Indeedee|Indeedee-F, F, shiny|100\/100\n|-fieldstart|move: Psychic Terrain|[from] ability: Psychic Surge|[of] p2a: Indeedee\n|move|p1a: Baxcalibur|Protect|p1a: Baxcalibur\n|-singleturn|p1a: Baxcalibur|Protect\n|move|p2b: Landorus|Earthquake|p1b: Torkoal|[spread] p2a,p1b\n|-activate|p1a: Baxcalibur|move: Protect\n|-supereffective|p1b: Torkoal\n|-damage|p2a: Indeedee|42\/100\n|-damage|p1b: Torkoal|52\/100\n|move|p1b: Torkoal|Yawn|p2b: Landorus\n|-start|p2b: Landorus|move: Yawn|[of] p1b: Torkoal\n|\n|-weather|SunnyDay|[upkeep]\n|-heal|p2a: Indeedee|48\/100|[from] item: Leftovers\n|upkeep\n|turn|7\n|l|\u2606Gen1victoryroad\n|inactive|Gen1victoryroad disconnected and has a minute to reconnect!\n|player|p1|\n|j|\u2606Gen1victoryroad\n|inactive|Gen1victoryroad reconnected and has 135 seconds left.\n|player|p1|Gen1victoryroad|170\n|inactive|alsotrash has 120 seconds left.\n|inactive|Gen1victoryroad has 120 seconds left.\n|\n|t:|1698476010\n|switch|p1b: Amoonguss|Amoonguss, F|100\/100\n|-damage|p1b: Amoonguss|88\/100|[from] Stealth Rock\n|move|p2b: Landorus|U-turn|p1a: Baxcalibur\n|-resisted|p1a: Baxcalibur\n|-crit|p1a: Baxcalibur\n|-damage|p1a: Baxcalibur|8\/100\n|inactive|alsotrash has 90 seconds left.\n|l|\u2606Gen1victoryroad\n|inactive|Gen1victoryroad disconnected and has a minute to reconnect!\n|player|p1|\n|\n|t:|1698476047\n|switch|p2b: Great Tusk|Great Tusk, shiny|100\/100|[from] U-turn\n|-activate|p2b: Great Tusk|ability: Protosynthesis\n|-start|p2b: Great Tusk|protosynthesisatk\n|move|p1a: Baxcalibur|Icicle Spear|p2a: Indeedee\n|-damage|p2a: Indeedee|26\/100\n|-damage|p2a: Indeedee|5\/100\n|-damage|p2a: Indeedee|0 fnt\n|faint|p2a: Indeedee\n|-hitcount|p2: Indeedee|3\n|\n|-weather|SunnyDay|[upkeep]\n|upkeep\n|\n|t:|1698476071\n|switch|p2a: Landorus|Landorus-Therian, M, shiny|100\/100\n|-ability|p2a: Landorus|Intimidate|boost\n|-unboost|p1a: Baxcalibur|atk|1\n|-unboost|p1b: Amoonguss|atk|1\n|turn|8\n|j|\u2606Gen1victoryroad\n|inactive|Gen1victoryroad reconnected and has 125 seconds left.\n|player|p1|Gen1victoryroad|170\n|inactive|Gen1victoryroad has 120 seconds left.\n|inactive|Gen1victoryroad has 90 seconds left.\n|\n|t:|1698476114\n|move|p2a: Landorus|Protect|p2a: Landorus\n|-singleturn|p2a: Landorus|Protect\n|move|p1a: Baxcalibur|Protect|p1a: Baxcalibur\n|-singleturn|p1a: Baxcalibur|Protect\n|move|p2b: Great Tusk|Headlong Rush|p1a: Baxcalibur\n|-activate|p1a: Baxcalibur|move: Protect\n|move|p1b: Amoonguss|Spore|p2a: Landorus\n|-activate|p2a: Landorus|move: Protect\n|\n|-weather|SunnyDay|[upkeep]\n|upkeep\n|turn|9\n|inactive|alsotrash has 90 seconds left.\n|inactive|Gen1victoryroad has 90 seconds left.\n|inactive|alsotrash has 60 seconds left.\n|\n|t:|1698476156\n|move|p2a: Landorus|Earthquake|p1b: Amoonguss|[spread] p2b,p1a,p1b\n|-supereffective|p1a: Baxcalibur\n|-damage|p2b: Great Tusk|75\/100\n|-damage|p1a: Baxcalibur|0 fnt\n|-damage|p1b: Amoonguss|41\/100\n|faint|p1a: Baxcalibur\n|move|p2b: Great Tusk|Headlong Rush|p1b: Amoonguss\n|-damage|p1b: Amoonguss|0 fnt\n|-unboost|p2b: Great Tusk|def|1\n|-unboost|p2b: Great Tusk|spd|1\n|faint|p1b: Amoonguss\n|\n|-weather|none\n|-end|p2b: Great Tusk|Protosynthesis\n|upkeep\n|-enditem|p2b: Great Tusk|Booster Energy\n|-activate|p2b: Great Tusk|ability: Protosynthesis|[fromitem]\n|-start|p2b: Great Tusk|protosynthesisatk\n|inactive|Gen1victoryroad has 90 seconds left.\n|\n|t:|1698476174\n|switch|p1a: Torkoal|Torkoal, M|52\/100\n|switch|p1b: Walking Wake|Walking Wake|100\/100\n|-damage|p1b: Walking Wake|88\/100|[from] Stealth Rock\n|-damage|p1a: Torkoal|27\/100|[from] Stealth Rock\n|-weather|SunnyDay|[from] ability: Drought|[of] p1a: Torkoal\n|-activate|p1b: Walking Wake|ability: Protosynthesis\n|-start|p1b: Walking Wake|protosynthesisspe\n|turn|10\n|inactive|Gen1victoryroad has 90 seconds left.\n|inactive|alsotrash has 60 seconds left.\n|\n|t:|1698476212\n|move|p2a: Landorus|Protect|p2a: Landorus\n|-singleturn|p2a: Landorus|Protect\n|move|p1b: Walking Wake|Hydro Steam|p2b: Great Tusk\n|-supereffective|p2b: Great Tusk\n|-damage|p2b: Great Tusk|0 fnt\n|faint|p2b: Great Tusk\n|-end|p2b: Great Tusk|Protosynthesis|[silent]\n|move|p1a: Torkoal|Yawn|p2a: Landorus\n|-activate|p2a: Landorus|move: Protect\n|\n|-weather|SunnyDay|[upkeep]\n|-fieldend|move: Psychic Terrain\n|upkeep\n|\n|t:|1698476237\n|switch|p2b: Golem|Golem-Alola, F|100\/100\n|turn|11\n|\n|t:|1698476267\n|move|p1b: Walking Wake|Hydro Steam|p2a: Landorus\n|-supereffective|p2a: Landorus\n|-damage|p2a: Landorus|0 fnt\n|faint|p2a: Landorus\n|move|p2b: Golem|Explosion|p1b: Walking Wake|[spread] p1a,p1b\n|-damage|p1a: Torkoal|0 fnt\n|-damage|p1b: Walking Wake|0 fnt\n|faint|p2b: Golem\n|faint|p1a: Torkoal\n|faint|p1b: Walking Wake\n|-end|p1b: Walking Wake|Protosynthesis|[silent]\n|\n|-weather|SunnyDay|[upkeep]\n|upkeep\n|\n|t:|1698476276\n|switch|p1b: Gholdengo|Gholdengo|100\/100\n|switch|p2a: Ursaluna|Ursaluna-Bloodmoon, M|100\/100\n|switch|p2b: Baxcalibur|Baxcalibur, F, shiny, tera:Fire|100\/100\n|switch|p1a: Rillaboom|Rillaboom, F|100\/100\n|-damage|p1a: Rillaboom|88\/100|[from] Stealth Rock\n|-fieldstart|move: Grassy Terrain|[from] ability: Grassy Surge|[of] p1a: Rillaboom\n|-damage|p1b: Gholdengo|94\/100|[from] Stealth Rock\n|turn|12\n|inactive|alsotrash has 60 seconds left.\n|inactive|Gen1victoryroad has 120 seconds left.\n|inactive|Gen1victoryroad has 90 seconds left.\n|\n|t:|1698476348\n|move|p2b: Baxcalibur|Protect|p2b: Baxcalibur\n|-singleturn|p2b: Baxcalibur|Protect\n|move|p1a: Rillaboom|Fake Out|p2b: Baxcalibur\n|-activate|p2b: Baxcalibur|move: Protect\n|move|p1b: Gholdengo|Make It Rain|p2a: Ursaluna|[spread] p2a\n|-activate|p2b: Baxcalibur|move: Protect\n|-damage|p2a: Ursaluna|63\/100\n|-unboost|p1b: Gholdengo|spa|1\n|move|p2a: Ursaluna|Earth Power|p1b: Gholdengo\n|-supereffective|p1b: Gholdengo\n|-damage|p1b: Gholdengo|0 fnt\n|faint|p1b: Gholdengo\n|\n|-weather|SunnyDay|[upkeep]\n|-heal|p1a: Rillaboom|94\/100|[from] Grassy Terrain\n|-heal|p2a: Ursaluna|69\/100|[from] Grassy Terrain\n|upkeep\n|turn|13\n|inactive|alsotrash has 60 seconds left.\n|inactive|Gen1victoryroad has 90 seconds left.\n|\n|t:|1698476369\n|move|p1a: Rillaboom|Grassy Glide|p2a: Ursaluna\n|-supereffective|p2a: Ursaluna\n|-damage|p2a: Ursaluna|14\/100\n|move|p2b: Baxcalibur|Icicle Spear|p1a: Rillaboom\n|-supereffective|p1a: Rillaboom\n|-damage|p1a: Rillaboom|67\/100\n|-supereffective|p1a: Rillaboom\n|-damage|p1a: Rillaboom|40\/100\n|-supereffective|p1a: Rillaboom\n|-damage|p1a: Rillaboom|12\/100\n|-supereffective|p1a: Rillaboom\n|-damage|p1a: Rillaboom|0 fnt\n|faint|p1a: Rillaboom\n|-hitcount|p1: Rillaboom|4\n|\n|win|alsotrash\n|raw|Gen1victoryroad's rating: 1127 &rarr; <strong>1106<\/strong><br \/>(-21 for losing)\n|raw|alsotrash's rating: 1187 &rarr; <strong>1208<\/strong><br \/>(+21 for winning)\n","uploadtime":1698476375,"views":30,"p1id":"gen1victoryroad","p2id":"alsotrash","formatid":"gen9doublesou","rating":1106,"private":0,"password":""}