{"id":"gen9doublesou-1983907722","p1":"Imposter mat","p2":"Cyril tbh","format":"[Gen 9] Doubles OU","log":"|j|\u2606Imposter mat\n|j|\u2606Cyril tbh\n|t:|1699198669\n|gametype|doubles\n|player|p1|Imposter mat|grimsley|\n|player|p2|Cyril tbh|alec-anime|\n|teamsize|p1|6\n|teamsize|p2|6\n|gen|9\n|tier|[Gen 9] Doubles OU\n|rated|Tournament battle\n|rule|Species Clause: Limit one of each Pok\u00e9mon\n|rule|OHKO Clause: OHKO moves are banned\n|rule|Evasion Moves Clause: Evasion moves are banned\n|rule|Gravity Sleep Clause: The combination of sleep-inducing moves with imperfect accuracy and Gravity or Gigantamax Orbeetle are banned\n|rule|Endless Battle Clause: Forcing endless battles is banned\n|rule|HP Percentage Mod: HP is shown in percentages\n|clearpoke\n|poke|p1|Rillaboom, F|\n|poke|p1|Tornadus, M|\n|poke|p1|Hemogoblin, F|\n|poke|p1|Flutter Mane|\n|poke|p1|Fidgit, F|\n|poke|p1|Grimmsnarl, M|\n|poke|p2|Fidgit, M|\n|poke|p2|Pyroak, M|\n|poke|p2|Iron Hands|\n|poke|p2|Sinistcha|\n|poke|p2|Ursaluna, M|\n|poke|p2|Landorus-Therian, M|\n|teampreview\n|j| Waldinjy\n|inactive|Battle timer is ON: inactive players will automatically lose when time's up. (requested by Imposter mat)\n|c|\u2606Imposter mat|Glhf\n|\n|t:|1699198729\n|start\n|switch|p1a: Rillaboom|Rillaboom, F|100\/100\n|switch|p1b: Tornadus|Tornadus, M|100\/100\n|switch|p2a: Fidgit|Fidgit, M|100\/100\n|switch|p2b: Pyroak|Pyroak, M|100\/100\n|-fieldstart|move: Grassy Terrain|[from] ability: Grassy Surge|[of] p1a: Rillaboom\n|turn|1\n|\n|t:|1699198740\n|move|p2b: Pyroak|Protect|p2b: Pyroak\n|-singleturn|p2b: Pyroak|Protect\n|move|p1a: Rillaboom|Fake Out|p2a: Fidgit\n|-damage|p2a: Fidgit|90\/100\n|-damage|p1a: Rillaboom|91\/100|[from] item: Life Orb\n|move|p1b: Tornadus|Tailwind|p1b: Tornadus\n|-sidestart|p1: Imposter mat|move: Tailwind\n|cant|p2a: Fidgit|flinch\n|\n|-heal|p1a: Rillaboom|97\/100|[from] Grassy Terrain\n|-heal|p2a: Fidgit|96\/100|[from] Grassy Terrain\n|upkeep\n|turn|2\n|\n|t:|1699198759\n|-terastallize|p2b: Pyroak|Fire\n|move|p1b: Tornadus|Taunt|p2a: Fidgit\n|-start|p2a: Fidgit|move: Taunt\n|-enditem|p2a: Fidgit|Mental Herb\n|-end|p2a: Fidgit|move: Taunt\n|move|p1a: Rillaboom|U-turn|p2a: Fidgit\n|-resisted|p2a: Fidgit\n|-crit|p2a: Fidgit\n|-damage|p2a: Fidgit|82\/100\n|-damage|p1a: Rillaboom|87\/100|[from] item: Life Orb\n|\n|t:|1699198779\n|switch|p1a: Hemogoblin|Hemogoblin, F|100\/100|[from] U-turn\n|move|p2b: Pyroak|Overheat|p1b: Tornadus\n|-damage|p1b: Tornadus|19\/100\n|-boost|p2b: Pyroak|spa|2\n|-enditem|p1b: Tornadus|Sitrus Berry|[eat]\n|-heal|p1b: Tornadus|44\/100|[from] item: Sitrus Berry\n|move|p2a: Fidgit|Trick Room|p2a: Fidgit\n|-activate|p2a: Fidgit|ability: Persistent|[move] Trick Room\n|-fieldstart|move: Trick Room|[of] p2a: Fidgit|[persistent]\n|\n|-heal|p2a: Fidgit|89\/100|[from] Grassy Terrain\n|upkeep\n|turn|3\n|\n|t:|1699198800\n|move|p1b: Tornadus|Protect|p1b: Tornadus\n|-singleturn|p1b: Tornadus|Protect\n|move|p2a: Fidgit|Follow Me|p2a: Fidgit\n|-singleturn|p2a: Fidgit|move: Follow Me\n|move|p2b: Pyroak|Overheat|p1b: Tornadus\n|-activate|p1b: Tornadus|move: Protect\n|move|p1a: Hemogoblin|Substitute|p1a: Hemogoblin\n|-start|p1a: Hemogoblin|Substitute\n|-damage|p1a: Hemogoblin|76\/100\n|\n|-heal|p2a: Fidgit|95\/100|[from] Grassy Terrain\n|-heal|p1a: Hemogoblin|82\/100|[from] Grassy Terrain\n|-heal|p1a: Hemogoblin|88\/100|[from] item: Leftovers\n|upkeep\n|turn|4\n|j| Hiusi guy %\u25d5\u203f\u203f\u25d5%\n|inactive|Imposter mat has 120 seconds left.\n|\n|t:|1699198839\n|move|p2b: Pyroak|Heat Wave|p1a: Hemogoblin|[spread] p1a,p1b\n|-resisted|p1a: Hemogoblin\n|-end|p1a: Hemogoblin|Substitute\n|-damage|p1b: Tornadus|0 fnt\n|faint|p1b: Tornadus\n|move|p2a: Fidgit|Earth Power|p1a: Hemogoblin\n|-supereffective|p1a: Hemogoblin\n|-damage|p1a: Hemogoblin|37\/100\n|move|p1a: Hemogoblin|Bitter Blade|p2a: Fidgit\n|-damage|p2a: Fidgit|73\/100\n|-heal|p1a: Hemogoblin|51\/100|[from] drain|[of] p2a: Fidgit\n|\n|-heal|p2a: Fidgit|79\/100|[from] Grassy Terrain\n|-heal|p1a: Hemogoblin|57\/100|[from] Grassy Terrain\n|-heal|p1a: Hemogoblin|63\/100|[from] item: Leftovers\n|-sideend|p1: Imposter mat|move: Tailwind\n|upkeep\n|\n|t:|1699198854\n|switch|p1b: Grimmsnarl|Grimmsnarl, M|100\/100\n|turn|5\n|inactive|Imposter mat has 120 seconds left.\n|\n|t:|1699198871\n|switch|p1a: Fidgit|Fidgit, F|100\/100\n|move|p1b: Grimmsnarl|Fake Out|p2b: Pyroak\n|-damage|p2b: Pyroak|91\/100\n|move|p2a: Fidgit|Follow Me|p2a: Fidgit\n|-singleturn|p2a: Fidgit|move: Follow Me\n|cant|p2b: Pyroak|flinch\n|\n|-heal|p2b: Pyroak|97\/100|[from] Grassy Terrain\n|-heal|p2b: Pyroak|100\/100|[from] item: Leftovers\n|-heal|p2a: Fidgit|85\/100|[from] Grassy Terrain\n|-fieldend|move: Grassy Terrain\n|upkeep\n|turn|6\n|j| GkIves\n|\n|t:|1699198885\n|move|p1a: Fidgit|Wide Guard|p1a: Fidgit\n|-singleturn|p1a: Fidgit|Wide Guard\n|move|p2a: Fidgit|Follow Me|p2a: Fidgit\n|-singleturn|p2a: Fidgit|move: Follow Me\n|move|p1b: Grimmsnarl|Light Screen|p1b: Grimmsnarl\n|-sidestart|p1: Imposter mat|move: Light Screen\n|move|p2b: Pyroak|Overheat|p1a: Fidgit\n|-crit|p1a: Fidgit\n|-damage|p1a: Fidgit|0 fnt\n|-boost|p2b: Pyroak|spa|2\n|faint|p1a: Fidgit\n|\n|upkeep\n|l| Hiusi guy %\u25d5\u203f\u203f\u25d5%\n|\n|t:|1699198900\n|switch|p1a: Rillaboom|Rillaboom, F|87\/100\n|-fieldstart|move: Grassy Terrain|[from] ability: Grassy Surge|[of] p1a: Rillaboom\n|turn|7\n|\n|t:|1699198911\n|move|p2b: Pyroak|Protect|p2b: Pyroak\n|-singleturn|p2b: Pyroak|Protect\n|move|p1a: Rillaboom|Fake Out|p2b: Pyroak\n|-activate|p2b: Pyroak|move: Protect\n|move|p1b: Grimmsnarl|Parting Shot|p2a: Fidgit\n|-unboost|p2a: Fidgit|atk|1\n|-unboost|p2a: Fidgit|spa|1\n|\n|t:|1699198922\n|switch|p1b: Flutter Mane|Flutter Mane|100\/100|[from] Parting Shot\n|-enditem|p1b: Flutter Mane|Booster Energy\n|-activate|p1b: Flutter Mane|ability: Protosynthesis|[fromitem]\n|-start|p1b: Flutter Mane|protosynthesisspa\n|move|p2a: Fidgit|Knock Off|p1b: Flutter Mane\n|-damage|p1b: Flutter Mane|84\/100\n|\n|-heal|p2a: Fidgit|91\/100|[from] Grassy Terrain\n|-heal|p1a: Rillaboom|93\/100|[from] Grassy Terrain\n|-heal|p1b: Flutter Mane|90\/100|[from] Grassy Terrain\n|upkeep\n|turn|8\n|\n|t:|1699198945\n|switch|p1a: Grimmsnarl|Grimmsnarl, M|100\/100\n|move|p1b: Flutter Mane|Protect|p1b: Flutter Mane\n|-singleturn|p1b: Flutter Mane|Protect\n|move|p2b: Pyroak|Overheat|p1b: Flutter Mane\n|-activate|p1b: Flutter Mane|move: Protect\n|move|p2a: Fidgit|Knock Off|p1a: Grimmsnarl\n|-resisted|p1a: Grimmsnarl\n|-damage|p1a: Grimmsnarl|98\/100\n|-enditem|p1a: Grimmsnarl|Light Clay|[from] move: Knock Off|[of] p2a: Fidgit\n|\n|-heal|p1a: Grimmsnarl|100\/100|[from] Grassy Terrain\n|-heal|p2a: Fidgit|97\/100|[from] Grassy Terrain\n|-heal|p1b: Flutter Mane|96\/100|[from] Grassy Terrain\n|-fieldend|move: Trick Room\n|upkeep\n|turn|9\n|\n|t:|1699198970\n|move|p1a: Grimmsnarl|Fake Out|p2a: Fidgit\n|-damage|p2a: Fidgit|89\/100\n|move|p1b: Flutter Mane|Shadow Ball|p2b: Pyroak\n|-damage|p2b: Pyroak|38\/100\n|move|p2b: Pyroak|Heat Wave|p1b: Flutter Mane|[spread] p1a,p1b\n|-damage|p1a: Grimmsnarl|27\/100\n|-damage|p1b: Flutter Mane|25\/100\n|cant|p2a: Fidgit|flinch\n|\n|-heal|p1b: Flutter Mane|31\/100|[from] Grassy Terrain\n|-heal|p2a: Fidgit|95\/100|[from] Grassy Terrain\n|-heal|p1a: Grimmsnarl|33\/100|[from] Grassy Terrain\n|-heal|p2b: Pyroak|44\/100|[from] Grassy Terrain\n|-heal|p2b: Pyroak|50\/100|[from] item: Leftovers\n|upkeep\n|turn|10\n|\n|t:|1699198987\n|move|p2b: Pyroak|Protect|p2b: Pyroak\n|-singleturn|p2b: Pyroak|Protect\n|move|p1a: Grimmsnarl|Parting Shot|p2a: Fidgit\n|-unboost|p2a: Fidgit|atk|1\n|-unboost|p2a: Fidgit|spa|1\n|\n|t:|1699198992\n|switch|p1a: Rillaboom|Rillaboom, F|93\/100|[from] Parting Shot\n|move|p1b: Flutter Mane|Shadow Ball|p2b: Pyroak\n|-activate|p2b: Pyroak|move: Protect\n|move|p2a: Fidgit|Trick Room|p2a: Fidgit\n|-activate|p2a: Fidgit|ability: Persistent|[move] Trick Room\n|-fieldstart|move: Trick Room|[of] p2a: Fidgit|[persistent]\n|\n|-heal|p2b: Pyroak|57\/100|[from] Grassy Terrain\n|-heal|p2b: Pyroak|63\/100|[from] item: Leftovers\n|-heal|p2a: Fidgit|100\/100|[from] Grassy Terrain\n|-heal|p1a: Rillaboom|99\/100|[from] Grassy Terrain\n|-heal|p1b: Flutter Mane|37\/100|[from] Grassy Terrain\n|upkeep\n|turn|11\n|\n|t:|1699199013\n|switch|p2a: Sinistcha|Sinistcha|100\/100\n|-heal|p2b: Pyroak|88\/100|[from] ability: Hospitality|[of] p2a: Sinistcha\n|move|p2b: Pyroak|Protect||[still]\n|-fail|p2b: Pyroak\n|move|p1a: Rillaboom|Fake Out|p2b: Pyroak\n|-damage|p2b: Pyroak|74\/100\n|-damage|p1a: Rillaboom|89\/100|[from] item: Life Orb\n|move|p1b: Flutter Mane|Shadow Ball|p2b: Pyroak\n|-damage|p2b: Pyroak|10\/100\n|\n|-heal|p2b: Pyroak|16\/100|[from] Grassy Terrain\n|-heal|p2b: Pyroak|22\/100|[from] item: Leftovers\n|-heal|p1a: Rillaboom|95\/100|[from] Grassy Terrain\n|-heal|p1b: Flutter Mane|43\/100|[from] Grassy Terrain\n|-fieldend|move: Grassy Terrain\n|upkeep\n|turn|12\n|\n|t:|1699199042\n|switch|p2a: Iron Hands|Iron Hands|100\/100\n|-terastallize|p1a: Rillaboom|Grass\n|move|p2b: Pyroak|Giga Drain|p1b: Flutter Mane\n|-damage|p1b: Flutter Mane|0 fnt\n|-heal|p2b: Pyroak|34\/100|[from] drain|[of] p1b: Flutter Mane\n|faint|p1b: Flutter Mane\n|-end|p1b: Flutter Mane|Protosynthesis|[silent]\n|move|p1a: Rillaboom|Grassy Glide|p2b: Pyroak\n|-resisted|p2b: Pyroak\n|-damage|p2b: Pyroak|17\/100\n|-damage|p1a: Rillaboom|85\/100|[from] item: Life Orb\n|\n|-heal|p2b: Pyroak|23\/100|[from] item: Leftovers\n|upkeep\n|inactive|Imposter mat has 120 seconds left.\n|\n|t:|1699199060\n|switch|p1b: Hemogoblin|Hemogoblin, F|63\/100\n|turn|13\n|\n|t:|1699199073\n|switch|p1a: Grimmsnarl|Grimmsnarl, M|33\/100\n|move|p2a: Iron Hands|Fake Out|p1b: Hemogoblin\n|-damage|p1b: Hemogoblin|45\/100\n|cant|p1b: Hemogoblin|flinch\n|move|p2b: Pyroak|Heat Wave|p1a: Grimmsnarl|[spread] p1a,p1b\n|-resisted|p1b: Hemogoblin\n|-crit|p1b: Hemogoblin\n|-damage|p1a: Grimmsnarl|0 fnt\n|-damage|p1b: Hemogoblin|0 fnt\n|faint|p1a: Grimmsnarl\n|faint|p1b: Hemogoblin\n|\n|-heal|p2b: Pyroak|29\/100|[from] item: Leftovers\n|-sideend|p1: Imposter mat|move: Light Screen\n|upkeep\n|\n|t:|1699199081\n|switch|p1b: Rillaboom|Rillaboom, F, tera:Grass|85\/100\n|-fieldstart|move: Grassy Terrain|[from] ability: Grassy Surge|[of] p1b: Rillaboom\n|turn|14\n|c|\u2606Imposter mat|Gg wp\n|c|\u2606Cyril tbh|ggs\n|\n|t:|1699199102\n|move|p1b: Rillaboom|Fake Out|p2b: Pyroak\n|-damage|p2b: Pyroak|16\/100\n|-damage|p1b: Rillaboom|75\/100|[from] item: Life Orb\n|move|p2a: Iron Hands|Ice Punch|p1b: Rillaboom\n|-supereffective|p1b: Rillaboom\n|-damage|p1b: Rillaboom|16\/100\n|cant|p2b: Pyroak|flinch\n|\n|-heal|p2b: Pyroak|22\/100|[from] Grassy Terrain\n|-heal|p2b: Pyroak|28\/100|[from] item: Leftovers\n|-heal|p1b: Rillaboom|22\/100|[from] Grassy Terrain\n|upkeep\n|turn|15\n|\n|t:|1699199119\n|move|p2b: Pyroak|Protect|p2b: Pyroak\n|-singleturn|p2b: Pyroak|Protect\n|move|p1b: Rillaboom|Grassy Glide|p2b: Pyroak\n|-activate|p2b: Pyroak|move: Protect\n|move|p2a: Iron Hands|Ice Punch|p1b: Rillaboom\n|-supereffective|p1b: Rillaboom\n|-damage|p1b: Rillaboom|0 fnt\n|faint|p1b: Rillaboom\n|\n|win|Cyril tbh\n|n|\u2606Imposter mat|impostermat\n|n|\u2606Cyril tbh|cyriltbh\n|n| Waldinjy|waldinjy\n|n| GkIves|gkives\n|l| GkIves\n|l|\u2606Imposter mat\n","uploadtime":1699199176,"views":16,"p1id":"impostermat","p2id":"cyriltbh","formatid":"gen9doublesou","rating":0,"private":0,"password":""}