{"id":"gen9doublesou-1976453885","p1":"GunnarRM","p2":"GPluz","format":"[Gen 9] Doubles OU","log":"|j|\u2606GunnarRM\n|j|\u2606GPluz\n|t:|1698306075\n|gametype|doubles\n|player|p1|GunnarRM|parasollady|1591\n|player|p2|GPluz|169|1437\n|teamsize|p1|6\n|teamsize|p2|6\n|gen|9\n|tier|[Gen 9] Doubles OU\n|rated|\n|rule|Species Clause: Limit one of each Pok\u00e9mon\n|rule|OHKO Clause: OHKO moves are banned\n|rule|Evasion Moves Clause: Evasion moves are banned\n|rule|Gravity Sleep Clause: The combination of sleep-inducing moves with imperfect accuracy and Gravity or Gigantamax Orbeetle are banned\n|rule|Endless Battle Clause: Forcing endless battles is banned\n|rule|HP Percentage Mod: HP is shown in percentages\n|clearpoke\n|poke|p1|Iron Hands|\n|poke|p1|Flutter Mane|\n|poke|p1|Cresselia, F|\n|poke|p1|Ursaluna, M|\n|poke|p1|Dragonite, F|\n|poke|p1|Amoonguss, M|\n|poke|p2|Tornadus, M|\n|poke|p2|Shiftry, M|\n|poke|p2|Flutter Mane|\n|poke|p2|Iron Hands|\n|poke|p2|Sinistcha|\n|poke|p2|Chien-Pao|\n|teampreview\n|\n|t:|1698306089\n|start\n|switch|p1a: Ursaluna|Ursaluna, M|100\/100\n|switch|p1b: Cresselia|Cresselia, F|100\/100\n|switch|p2a: Tornadus|Tornadus, M, shiny|100\/100\n|switch|p2b: Shiftry|Shiftry, M, shiny|100\/100\n|turn|1\n|\n|t:|1698306107\n|-terastallize|p1a: Ursaluna|Ghost\n|move|p2b: Shiftry|Fake Out|p1a: Ursaluna\n|-immune|p1a: Ursaluna\n|move|p2a: Tornadus|Taunt|p1b: Cresselia\n|-start|p1b: Cresselia|move: Taunt\n|-enditem|p1b: Cresselia|Mental Herb\n|-end|p1b: Cresselia|move: Taunt\n|move|p1a: Ursaluna|Swords Dance|p1a: Ursaluna\n|-boost|p1a: Ursaluna|atk|2\n|move|p1b: Cresselia|Trick Room|p1b: Cresselia\n|-fieldstart|move: Trick Room|[of] p1b: Cresselia\n|\n|-status|p1a: Ursaluna|brn|[from] item: Flame Orb\n|upkeep\n|turn|2\n|c|\u2606GPluz|oh shit u got me good\n|c|\u2606GunnarRM|yeah haha\n|\n|t:|1698306161\n|move|p1b: Cresselia|Ally Switch|p1b: Cresselia\n|swap|p1b: Cresselia|0|[from] move: Ally Switch\n|move|p1b: Ursaluna|Facade|p2b: Shiftry\n|-enditem|p2b: Shiftry|Focus Sash\n|-damage|p2b: Shiftry|1\/100\n|move|p2a: Tornadus|Bleakwind Storm|p1b: Ursaluna|[spread] p1a,p1b\n|-damage|p1a: Cresselia|79\/100\n|-damage|p1b: Ursaluna|69\/100 brn\n|move|p2b: Shiftry|Knock Off|p1a: Cresselia\n|-supereffective|p1a: Cresselia\n|-damage|p1a: Cresselia|46\/100\n|\n|-damage|p1b: Ursaluna|63\/100 brn|[from] brn\n|upkeep\n|turn|3\n|\n|t:|1698306191\n|switch|p2b: Flutter Mane|Flutter Mane, shiny|100\/100\n|-enditem|p2b: Flutter Mane|Booster Energy\n|-activate|p2b: Flutter Mane|ability: Protosynthesis|[fromitem]\n|-start|p2b: Flutter Mane|protosynthesisspe\n|move|p1b: Ursaluna|Earthquake|p2a: Tornadus|[spread] p2b\n|-immune|p1a: Cresselia|[from] ability: Levitate\n|-immune|p2a: Tornadus\n|-damage|p2b: Flutter Mane|0 fnt\n|faint|p2b: Flutter Mane\n|-end|p2b: Flutter Mane|Protosynthesis|[silent]\n|move|p1a: Cresselia|Lunar Blessing|p1a: Cresselia|[spread] p1a,p1b\n|-heal|p1a: Cresselia|71\/100\n|-heal|p1b: Ursaluna|88\/100 brn\n|-curestatus|p1b: Ursaluna|brn|[msg]\n|move|p2a: Tornadus|Bleakwind Storm|p1a: Cresselia|[spread] p1a,p1b\n|-damage|p1a: Cresselia|50\/100\n|-damage|p1b: Ursaluna|55\/100\n|-unboost|p1a: Cresselia|spe|1\n|\n|-status|p1b: Ursaluna|brn|[from] item: Flame Orb\n|upkeep\n|\n|t:|1698306206\n|switch|p2b: Sinistcha|Sinistcha, shiny|100\/100\n|turn|4\n|\n|t:|1698306232\n|move|p2b: Sinistcha|Rage Powder|p2b: Sinistcha\n|-singleturn|p2b: Sinistcha|move: Rage Powder\n|move|p1b: Ursaluna|Facade|p2b: Sinistcha\n|-immune|p2b: Sinistcha\n|move|p1a: Cresselia|Ice Beam|p2b: Sinistcha\n|-supereffective|p2b: Sinistcha\n|-damage|p2b: Sinistcha|62\/100\n|move|p2a: Tornadus|Bleakwind Storm|p1a: Cresselia|[spread] p1a,p1b\n|-damage|p1a: Cresselia|28\/100\n|-damage|p1b: Ursaluna|24\/100 brn\n|\n|-heal|p2b: Sinistcha|68\/100|[from] item: Leftovers\n|-damage|p1b: Ursaluna|18\/100 brn|[from] brn\n|upkeep\n|turn|5\n|\n|t:|1698306251\n|move|p1b: Ursaluna|Protect|p1b: Ursaluna\n|-singleturn|p1b: Ursaluna|Protect\n|move|p1a: Cresselia|Lunar Blessing|p1a: Cresselia|[spread] p1a,p1b\n|-heal|p1a: Cresselia|53\/100\n|-heal|p1b: Ursaluna|43\/100 brn\n|-curestatus|p1b: Ursaluna|brn|[msg]\n|move|p2b: Sinistcha|Matcha Gotcha|p1a: Cresselia|[spread] p1a\n|-activate|p1b: Ursaluna|move: Protect\n|-damage|p1a: Cresselia|38\/100\n|-heal|p2b: Sinistcha|77\/100|[from] drain|[of] p1a: Cresselia\n|move|p2a: Tornadus|Bleakwind Storm|p1a: Cresselia|[spread] \n|-activate|p1b: Ursaluna|move: Protect\n|-miss|p2a: Tornadus|p1a: Cresselia\n|\n|-heal|p2b: Sinistcha|83\/100|[from] item: Leftovers\n|-fieldend|move: Trick Room\n|-status|p1b: Ursaluna|brn|[from] item: Flame Orb\n|upkeep\n|turn|6\n|\n|t:|1698306273\n|move|p1a: Cresselia|Ally Switch|p1a: Cresselia\n|swap|p1a: Cresselia|1|[from] move: Ally Switch\n|move|p2a: Tornadus|Bleakwind Storm|p1a: Ursaluna|[spread] p1a,p1b\n|-damage|p1a: Ursaluna|12\/100 brn\n|-damage|p1b: Cresselia|19\/100\n|move|p2b: Sinistcha|Matcha Gotcha|p1a: Ursaluna|[spread] p1a,p1b\n|-damage|p1a: Ursaluna|0 fnt\n|-heal|p2b: Sinistcha|91\/100|[from] drain|[of] p1a: Ursaluna\n|-damage|p1b: Cresselia|4\/100\n|-heal|p2b: Sinistcha|99\/100|[from] drain|[of] p1b: Cresselia\n|faint|p1a: Ursaluna\n|\n|-heal|p2b: Sinistcha|100\/100|[from] item: Leftovers\n|upkeep\n|\n|t:|1698306288\n|switch|p1a: Iron Hands|Iron Hands|100\/100\n|turn|7\n|\n|t:|1698306307\n|move|p2a: Tornadus|Bleakwind Storm|p1b: Cresselia|[spread] p1b\n|-miss|p2a: Tornadus|p1a: Iron Hands\n|-damage|p1b: Cresselia|0 fnt\n|faint|p1b: Cresselia\n|move|p2b: Sinistcha|Matcha Gotcha|p1a: Iron Hands\n|-damage|p1a: Iron Hands|84\/100\n|move|p1a: Iron Hands|Wild Charge|p2a: Tornadus\n|-supereffective|p2a: Tornadus\n|-damage|p2a: Tornadus|0 fnt\n|faint|p2a: Tornadus\n|-damage|p1a: Iron Hands|64\/100|[from] Recoil\n|\n|upkeep\n|\n|t:|1698306322\n|switch|p2a: Shiftry|Shiftry, M, shiny|1\/100\n|switch|p1b: Flutter Mane|Flutter Mane|100\/100\n|-enditem|p1b: Flutter Mane|Booster Energy\n|-activate|p1b: Flutter Mane|ability: Protosynthesis|[fromitem]\n|-start|p1b: Flutter Mane|protosynthesisspe\n|turn|8\n|\n|t:|1698306376\n|move|p2a: Shiftry|Fake Out|p1a: Iron Hands\n|-damage|p1a: Iron Hands|56\/100\n|move|p1b: Flutter Mane|Icy Wind|p2b: Sinistcha|[spread] p2b\n|-ability|p2a: Shiftry|Wind Rider|boost\n|-boost|p2a: Shiftry|atk|1\n|-supereffective|p2b: Sinistcha\n|-damage|p2b: Sinistcha|62\/100\n|-unboost|p2b: Sinistcha|spe|1\n|cant|p1a: Iron Hands|flinch\n|move|p2b: Sinistcha|Strength Sap|p1a: Iron Hands\n|-unboost|p1a: Iron Hands|atk|1\n|-heal|p2b: Sinistcha|100\/100\n|\n|upkeep\n|turn|9\n|\n|t:|1698306401\n|move|p2b: Sinistcha|Rage Powder|p2b: Sinistcha\n|-singleturn|p2b: Sinistcha|move: Rage Powder\n|move|p1b: Flutter Mane|Moonblast|p2b: Sinistcha\n|-damage|p2b: Sinistcha|36\/100\n|move|p2a: Shiftry|Leaf Blade|p1b: Flutter Mane\n|-damage|p1b: Flutter Mane|0 fnt\n|faint|p1b: Flutter Mane\n|-end|p1b: Flutter Mane|Protosynthesis|[silent]\n|move|p1a: Iron Hands|Heavy Slam|p2b: Sinistcha\n|-damage|p2b: Sinistcha|14\/100\n|\n|-heal|p2b: Sinistcha|20\/100|[from] item: Leftovers\n|upkeep\n|\n|t:|1698306410\n|switch|p1b: Dragonite|Dragonite, F|100\/100\n|turn|10\n|c|\u2606GunnarRM|rage powder gives me ballsack cancer\n|\n|t:|1698306441\n|move|p1b: Dragonite|Extreme Speed|p2a: Shiftry\n|-damage|p2a: Shiftry|0 fnt\n|faint|p2a: Shiftry\n|-damage|p1b: Dragonite|91\/100|[from] item: Life Orb\n|move|p1a: Iron Hands|Heavy Slam|p2b: Sinistcha\n|-damage|p2b: Sinistcha|0 fnt\n|faint|p2b: Sinistcha\n|\n|upkeep\n|\n|t:|1698306450\n|switch|p2a: Iron Hands|Iron Hands, shiny|100\/100\n|switch|p2b: Chien-Pao|Chien-Pao|100\/100\n|-ability|p2b: Chien-Pao|Sword of Ruin\n|turn|11\n|\n|t:|1698306474\n|-terastallize|p2b: Chien-Pao|Ghost\n|move|p1b: Dragonite|Protect|p1b: Dragonite\n|-singleturn|p1b: Dragonite|Protect\n|move|p2a: Iron Hands|Fake Out|p1a: Iron Hands\n|-damage|p1a: Iron Hands|42\/100\n|move|p2b: Chien-Pao|Ice Spinner|p1b: Dragonite\n|-activate|p1b: Dragonite|move: Protect\n|cant|p1a: Iron Hands|flinch\n|\n|upkeep\n|turn|12\n|\n|t:|1698306498\n|move|p1b: Dragonite|Extreme Speed|p2a: Iron Hands\n|-damage|p2a: Iron Hands|66\/100\n|-damage|p1b: Dragonite|81\/100|[from] item: Life Orb\n|move|p2b: Chien-Pao|Ice Spinner|p1b: Dragonite\n|-supereffective|p1b: Dragonite\n|-crit|p1b: Dragonite\n|-damage|p1b: Dragonite|0 fnt\n|faint|p1b: Dragonite\n|move|p2a: Iron Hands|Drain Punch|p1a: Iron Hands\n|-damage|p1a: Iron Hands|0 fnt\n|-heal|p2a: Iron Hands|87\/100|[from] drain|[of] p1a: Iron Hands\n|faint|p1a: Iron Hands\n|-end|p1a: Iron Hands|Quark Drive|[silent]\n|\n|upkeep\n|\n|t:|1698306510\n|switch|p1b: Amoonguss|Amoonguss, M|100\/100\n|turn|13\n|inactive|Battle timer is ON: inactive players will automatically lose when time's up. (requested by GunnarRM)\n|c|\u2606GunnarRM|ggs\n|c|\u2606GPluz|ggs\n|c|\u2606GPluz|good first round\n|\n|t:|1698306545\n|move|p2b: Chien-Pao|Ice Spinner|p1b: Amoonguss\n|-supereffective|p1b: Amoonguss\n|-damage|p1b: Amoonguss|2\/100\n|-damage|p2b: Chien-Pao|84\/100|[from] item: Rocky Helmet|[of] p1b: Amoonguss\n|move|p2a: Iron Hands|Heavy Slam|p1b: Amoonguss\n|-damage|p1b: Amoonguss|0 fnt\n|-damage|p2a: Iron Hands|70\/100|[from] item: Rocky Helmet|[of] p1b: Amoonguss\n|faint|p1b: Amoonguss\n|\n|win|GPluz\n|raw|GunnarRM's rating: 1591 &rarr; <strong>1563<\/strong><br \/>(-28 for losing)\n|raw|GPluz's rating: 1437 &rarr; <strong>1465<\/strong><br \/>(+28 for winning)\n|c|\u2606GunnarRM|yeah you lowket countered my team\n|c|\u2606GunnarRM|ggs\n|c|\u2606GPluz|gg\n|l|\u2606GunnarRM\n","uploadtime":1698306843,"views":16,"p1id":"gunnarrm","p2id":"gpluz","formatid":"gen9doublesou","rating":1465,"private":0,"password":""}