{"id":"gen9doublesou-1999097891","p1":"UnluckyFoxRot","p2":"doradomex","format":"[Gen 9] Doubles OU","log":"|j|\u2606UnluckyFoxRot\n|j|\u2606doradomex\n|t:|1701032898\n|gametype|doubles\n|player|p1|UnluckyFoxRot|hilbert|1025\n|player|p2|doradomex|dawn|1085\n|teamsize|p1|6\n|teamsize|p2|6\n|gen|9\n|tier|[Gen 9] Doubles OU\n|rated|\n|rule|Species Clause: Limit one of each Pok\u00e9mon\n|rule|OHKO Clause: OHKO moves are banned\n|rule|Evasion Moves Clause: Evasion moves are banned\n|rule|Gravity Sleep Clause: The combination of sleep-inducing moves with imperfect accuracy and Gravity or Gigantamax Orbeetle are banned\n|rule|Endless Battle Clause: Forcing endless battles is banned\n|rule|HP Percentage Mod: HP is shown in percentages\n|clearpoke\n|poke|p1|Meowscarada, M|\n|poke|p1|Muk-Alola, M|\n|poke|p1|Mandibuzz, F|\n|poke|p1|Krookodile, M|\n|poke|p1|Grimmsnarl, M|\n|poke|p1|Tyranitar, F|\n|poke|p2|Pelipper, M|\n|poke|p2|Iron Bundle|\n|poke|p2|Politoed, F|\n|poke|p2|Pachirisu, F|\n|poke|p2|Basculegion-F, F|\n|poke|p2|Overqwil, F|\n|teampreview\n|\n|t:|1701032909\n|start\n|switch|p1a: Buzzkill|Mandibuzz, F|100\/100\n|switch|p1b: Grimmsnarl|Grimmsnarl, M|100\/100\n|switch|p2a: Pelipper|Pelipper, M|100\/100\n|switch|p2b: Pachirisu|Pachirisu, F|100\/100\n|-weather|RainDance|[from] ability: Drizzle|[of] p2a: Pelipper\n|turn|1\n|\n|t:|1701032926\n|move|p2a: Pelipper|Protect|p2a: Pelipper\n|-singleturn|p2a: Pelipper|Protect\n|move|p1b: Grimmsnarl|Light Screen|p1b: Grimmsnarl\n|-sidestart|p1: UnluckyFoxRot|move: Light Screen\n|move|p2b: Pachirisu|Nuzzle|p1a: Buzzkill\n|-supereffective|p1a: Buzzkill\n|-damage|p1a: Buzzkill|96\/100\n|-status|p1a: Buzzkill|par\n|move|p1a: Buzzkill|Tailwind|p1a: Buzzkill\n|-sidestart|p1: UnluckyFoxRot|move: Tailwind\n|\n|-weather|RainDance|[upkeep]\n|-heal|p1a: Buzzkill|100\/100 par|[from] item: Leftovers\n|upkeep\n|turn|2\n|\n|t:|1701032951\n|move|p1b: Grimmsnarl|Reflect|p1b: Grimmsnarl\n|-sidestart|p1: UnluckyFoxRot|Reflect\n|move|p2a: Pelipper|Hurricane|p1b: Grimmsnarl\n|-damage|p1b: Grimmsnarl|73\/100\n|-start|p1b: Grimmsnarl|confusion\n|move|p2b: Pachirisu|Super Fang|p1a: Buzzkill\n|-damage|p1a: Buzzkill|51\/100 par\n|move|p1a: Buzzkill|Rock Tomb|p2a: Pelipper\n|-supereffective|p2a: Pelipper\n|-crit|p2a: Pelipper\n|-damage|p2a: Pelipper|63\/100\n|-unboost|p2a: Pelipper|spe|1\n|\n|-weather|RainDance|[upkeep]\n|-heal|p1a: Buzzkill|57\/100 par|[from] item: Leftovers\n|-heal|p2a: Pelipper|69\/100|[from] item: Leftovers\n|upkeep\n|turn|3\n|\n|t:|1701032985\n|-activate|p1b: Grimmsnarl|confusion\n|-damage|p1b: Grimmsnarl|53\/100|[from] confusion\n|move|p2b: Pachirisu|Nuzzle|p1b: Grimmsnarl\n|-damage|p1b: Grimmsnarl|50\/100\n|-status|p1b: Grimmsnarl|par\n|move|p1a: Buzzkill|Roost|p1a: Buzzkill\n|-heal|p1a: Buzzkill|100\/100 par\n|-singleturn|p1a: Buzzkill|move: Roost\n|move|p2a: Pelipper|Icy Wind|p1a: Buzzkill|[spread] p1a,p1b\n|-crit|p1a: Buzzkill\n|-damage|p1a: Buzzkill|89\/100 par\n|-damage|p1b: Grimmsnarl|44\/100 par\n|-unboost|p1a: Buzzkill|spe|1\n|-unboost|p1b: Grimmsnarl|spe|1\n|\n|-weather|RainDance|[upkeep]\n|-heal|p2a: Pelipper|75\/100|[from] item: Leftovers\n|-heal|p1a: Buzzkill|95\/100 par|[from] item: Leftovers\n|upkeep\n|turn|4\n|\n|t:|1701033018\n|switch|p2a: Overqwil|Overqwil, F, shiny|100\/100\n|move|p2b: Pachirisu|Super Fang|p1a: Buzzkill\n|-damage|p1a: Buzzkill|48\/100 par\n|move|p1a: Buzzkill|Rock Tomb|p2a: Overqwil\n|-damage|p2a: Overqwil|91\/100\n|-unboost|p2a: Overqwil|spe|1\n|-end|p1b: Grimmsnarl|confusion\n|cant|p1b: Grimmsnarl|par\n|\n|-weather|RainDance|[upkeep]\n|-heal|p2a: Overqwil|97\/100|[from] item: Leftovers\n|-heal|p1a: Buzzkill|54\/100 par|[from] item: Leftovers\n|-sideend|p1: UnluckyFoxRot|move: Tailwind\n|upkeep\n|turn|5\n|\n|t:|1701033053\n|move|p2b: Pachirisu|Follow Me|p2b: Pachirisu\n|-singleturn|p2b: Pachirisu|move: Follow Me\n|move|p2a: Overqwil|Toxic Spikes|p1b: Grimmsnarl\n|-sidestart|p1: UnluckyFoxRot|move: Toxic Spikes\n|move|p1a: Buzzkill|Tailwind|p1a: Buzzkill\n|-sidestart|p1: UnluckyFoxRot|move: Tailwind\n|cant|p1b: Grimmsnarl|par\n|\n|-weather|none\n|-heal|p2a: Overqwil|100\/100|[from] item: Leftovers\n|-heal|p1a: Buzzkill|60\/100 par|[from] item: Leftovers\n|upkeep\n|turn|6\n|\n|t:|1701033076\n|switch|p2b: Politoed|Politoed, F|100\/100\n|-weather|RainDance|[from] ability: Drizzle|[of] p2b: Politoed\n|move|p2a: Overqwil|Barb Barrage|p1a: Buzzkill\n|-damage|p1a: Buzzkill|51\/100 par\n|cant|p1a: Buzzkill|par\n|move|p1b: Grimmsnarl|Lash Out|p2b: Politoed\n|-damage|p2b: Politoed|57\/100\n|\n|-weather|RainDance|[upkeep]\n|-heal|p2b: Politoed|63\/100|[from] item: Leftovers\n|-heal|p1a: Buzzkill|57\/100 par|[from] item: Leftovers\n|upkeep\n|turn|7\n|\n|t:|1701033101\n|move|p2a: Overqwil|Liquidation|p1a: Buzzkill\n|-damage|p1a: Buzzkill|44\/100 par\n|move|p2b: Politoed|Muddy Water|p1b: Grimmsnarl|[spread] p1a,p1b\n|-damage|p1a: Buzzkill|26\/100 par\n|-damage|p1b: Grimmsnarl|19\/100 par\n|move|p1a: Buzzkill|Roost|p1a: Buzzkill\n|-heal|p1a: Buzzkill|76\/100 par\n|-singleturn|p1a: Buzzkill|move: Roost\n|cant|p1b: Grimmsnarl|par\n|\n|-weather|RainDance|[upkeep]\n|-heal|p2b: Politoed|69\/100|[from] item: Leftovers\n|-heal|p1a: Buzzkill|82\/100 par|[from] item: Leftovers\n|upkeep\n|turn|8\n|\n|t:|1701033126\n|move|p2a: Overqwil|Liquidation|p1b: Grimmsnarl\n|-damage|p1b: Grimmsnarl|0 fnt\n|faint|p1b: Grimmsnarl\n|move|p2b: Politoed|Muddy Water|p1a: Buzzkill\n|-damage|p1a: Buzzkill|58\/100 par\n|move|p1a: Buzzkill|Rock Tomb|p2b: Politoed\n|-damage|p2b: Politoed|59\/100\n|-unboost|p2b: Politoed|spe|1\n|\n|-weather|RainDance|[upkeep]\n|-heal|p2b: Politoed|66\/100|[from] item: Leftovers\n|-heal|p1a: Buzzkill|64\/100 par|[from] item: Leftovers\n|-sideend|p1: UnluckyFoxRot|move: Light Screen\n|-sideend|p1: UnluckyFoxRot|move: Tailwind\n|upkeep\n|\n|t:|1701033143\n|switch|p1b: Tyranitar|Tyranitar, F|100\/100\n|-ability|p1b: Tyranitar|Unnerve\n|-status|p1b: Tyranitar|psn\n|turn|9\n|\n|t:|1701033164\n|move|p2a: Overqwil|Haze|p2a: Overqwil\n|-clearallboost\n|move|p2b: Politoed|Muddy Water|p1a: Buzzkill|[spread] p1a,p1b\n|-supereffective|p1b: Tyranitar\n|-damage|p1a: Buzzkill|37\/100 par\n|-damage|p1b: Tyranitar|49\/100 psn\n|-enditem|p1b: Tyranitar|Weakness Policy\n|-boost|p1b: Tyranitar|atk|2|[from] item: Weakness Policy\n|-boost|p1b: Tyranitar|spa|2|[from] item: Weakness Policy\n|move|p1b: Tyranitar|Earthquake|p2a: Overqwil|[spread] p2a,p2b\n|-immune|p1a: Buzzkill\n|-supereffective|p2a: Overqwil\n|-damage|p2a: Overqwil|0 fnt\n|-damage|p2b: Politoed|7\/100\n|faint|p2a: Overqwil\n|move|p1a: Buzzkill|Tailwind|p1a: Buzzkill\n|-sidestart|p1: UnluckyFoxRot|move: Tailwind\n|\n|-weather|RainDance|[upkeep]\n|-heal|p2b: Politoed|13\/100|[from] item: Leftovers\n|-heal|p1a: Buzzkill|43\/100 par|[from] item: Leftovers\n|-damage|p1b: Tyranitar|36\/100 psn|[from] psn\n|-sideend|p1: UnluckyFoxRot|Reflect\n|upkeep\n|\n|t:|1701033194\n|switch|p2a: Iron Bundle|Iron Bundle|100\/100\n|-enditem|p2a: Iron Bundle|Booster Energy\n|-activate|p2a: Iron Bundle|ability: Quark Drive|[fromitem]\n|-start|p2a: Iron Bundle|quarkdrivespe\n|turn|10\n|\n|t:|1701033214\n|switch|p2b: Pelipper|Pelipper, M|75\/100\n|move|p2a: Iron Bundle|Play Rough|p1b: Tyranitar\n|-supereffective|p1b: Tyranitar\n|-damage|p1b: Tyranitar|11\/100 psn\n|move|p1b: Tyranitar|Thunder Punch|p2a: Iron Bundle\n|-supereffective|p2a: Iron Bundle\n|-damage|p2a: Iron Bundle|0 fnt\n|faint|p2a: Iron Bundle\n|-end|p2a: Iron Bundle|Quark Drive|[silent]\n|move|p1a: Buzzkill|Rock Tomb|p2b: Pelipper\n|-supereffective|p2b: Pelipper\n|-damage|p2b: Pelipper|51\/100\n|-unboost|p2b: Pelipper|spe|1\n|\n|-weather|none\n|-heal|p1a: Buzzkill|49\/100 par|[from] item: Leftovers\n|-heal|p2b: Pelipper|58\/100|[from] item: Leftovers\n|-damage|p1b: Tyranitar|0 fnt|[from] psn\n|faint|p1b: Tyranitar\n|upkeep\n|\n|t:|1701033237\n|switch|p2a: Politoed|Politoed, F|13\/100\n|switch|p1b: Fro-Yo|Muk-Alola, M, shiny|100\/100\n|-sideend|p1: UnluckyFoxRot|move: Toxic Spikes|[of] p1b: Fro-Yo\n|-weather|RainDance|[from] ability: Drizzle|[of] p2a: Politoed\n|turn|11\n|\n|t:|1701033256\n|move|p1b: Fro-Yo|Shadow Sneak|p2a: Politoed\n|-damage|p2a: Politoed|0 fnt\n|faint|p2a: Politoed\n|move|p1a: Buzzkill|Roost|p1a: Buzzkill\n|-heal|p1a: Buzzkill|99\/100 par\n|-singleturn|p1a: Buzzkill|move: Roost\n|move|p2b: Pelipper|Icy Wind|p1b: Fro-Yo|[spread] p1a,p1b\n|-damage|p1a: Buzzkill|91\/100 par\n|-damage|p1b: Fro-Yo|93\/100\n|-unboost|p1a: Buzzkill|spe|1\n|-unboost|p1b: Fro-Yo|spe|1\n|\n|-weather|RainDance|[upkeep]\n|-heal|p1b: Fro-Yo|99\/100|[from] item: Black Sludge\n|-heal|p2b: Pelipper|64\/100|[from] item: Leftovers\n|-heal|p1a: Buzzkill|97\/100 par|[from] item: Leftovers\n|upkeep\n|\n|t:|1701033271\n|switch|p2a: Basculegion|Basculegion-F, F, shiny|100\/100\n|turn|12\n|\n|t:|1701033287\n|move|p2a: Basculegion|Substitute|p2a: Basculegion\n|-start|p2a: Basculegion|Substitute\n|-damage|p2a: Basculegion|76\/100\n|move|p1b: Fro-Yo|Knock Off|p2a: Basculegion\n|-supereffective|p2a: Basculegion\n|-end|p2a: Basculegion|Substitute\n|move|p2b: Pelipper|Hydro Pump|p1b: Fro-Yo\n|-damage|p1b: Fro-Yo|54\/100\n|move|p1a: Buzzkill|Foul Play|p2a: Basculegion\n|-supereffective|p2a: Basculegion\n|-damage|p2a: Basculegion|19\/100\n|\n|-weather|RainDance|[upkeep]\n|-heal|p2a: Basculegion|25\/100|[from] item: Leftovers\n|-heal|p1b: Fro-Yo|60\/100|[from] item: Black Sludge\n|-heal|p2b: Pelipper|70\/100|[from] item: Leftovers\n|-heal|p1a: Buzzkill|100\/100 par|[from] item: Leftovers\n|-sideend|p1: UnluckyFoxRot|move: Tailwind\n|upkeep\n|turn|13\n|\n|t:|1701033314\n|move|p1b: Fro-Yo|Shadow Sneak|p2a: Basculegion\n|-supereffective|p2a: Basculegion\n|-damage|p2a: Basculegion|0 fnt\n|faint|p2a: Basculegion\n|move|p2b: Pelipper|Hurricane|p1a: Buzzkill\n|-damage|p1a: Buzzkill|70\/100 par\n|move|p1a: Buzzkill|Tailwind|p1a: Buzzkill\n|-sidestart|p1: UnluckyFoxRot|move: Tailwind\n|\n|-weather|RainDance|[upkeep]\n|-heal|p1b: Fro-Yo|66\/100|[from] item: Black Sludge\n|-heal|p2b: Pelipper|76\/100|[from] item: Leftovers\n|-heal|p1a: Buzzkill|76\/100 par|[from] item: Leftovers\n|upkeep\n|-message|doradomex forfeited.\n|\n|win|UnluckyFoxRot\n|raw|UnluckyFoxRot's rating: 1025 &rarr; <strong>1067<\/strong><br \/>(+42 for winning)\n|raw|doradomex's rating: 1085 &rarr; <strong>1058<\/strong><br \/>(-27 for losing)\n|l|\u2606doradomex\n","uploadtime":1701033400,"views":7,"p1id":"unluckyfoxrot","p2id":"doradomex","formatid":"gen9doublesou","rating":1058,"private":0,"password":""}