{"id":"gen9doublesou-1980363742","p1":"Naruto587","p2":"glovesauce","format":"[Gen 9] Doubles OU","log":"|j|\u2606Naruto587\n|j|\u2606glovesauce\n|t:|1698778523\n|gametype|doubles\n|player|p1|Naruto587|steven|1139\n|player|p2|glovesauce|crasherwake|1033\n|teamsize|p1|6\n|teamsize|p2|6\n|gen|9\n|tier|[Gen 9] Doubles OU\n|rated|\n|rule|Species Clause: Limit one of each Pok\u00e9mon\n|rule|OHKO Clause: OHKO moves are banned\n|rule|Evasion Moves Clause: Evasion moves are banned\n|rule|Gravity Sleep Clause: The combination of sleep-inducing moves with imperfect accuracy and Gravity or Gigantamax Orbeetle are banned\n|rule|Endless Battle Clause: Forcing endless battles is banned\n|rule|HP Percentage Mod: HP is shown in percentages\n|clearpoke\n|poke|p1|Armarouge, F|\n|poke|p1|Charcadet, F|\n|poke|p1|Glimmora, F|\n|poke|p1|Flutter Mane|\n|poke|p1|Ninetales, M|\n|poke|p1|Roaring Moon|\n|poke|p2|Kommo-o, M|\n|poke|p2|Falinks|\n|poke|p2|Flamigo, F|\n|poke|p2|Grimmsnarl, M|\n|poke|p2|Sinistcha-Masterpiece|\n|poke|p2|Fezandipiti, M|\n|teampreview\n|inactive|Battle timer is ON: inactive players will automatically lose when time's up. (requested by glovesauce)\n|\n|t:|1698778528\n|start\n|switch|p1a: Charcadet|Charcadet, F|100\/100\n|switch|p1b: Glimmora|Glimmora, F|100\/100\n|switch|p2a: BillyMandy|Grimmsnarl, M|100\/100\n|switch|p2b: Toxic Flamingo|Fezandipiti, M|100\/100\n|turn|1\n|\n|t:|1698778538\n|move|p2a: BillyMandy|Light Screen|p2a: BillyMandy\n|-sidestart|p2: glovesauce|move: Light Screen\n|move|p2b: Toxic Flamingo|Tailwind|p2b: Toxic Flamingo\n|-sidestart|p2: glovesauce|move: Tailwind\n|move|p1b: Glimmora|Stealth Rock|p2a: BillyMandy\n|-sidestart|p2: glovesauce|move: Stealth Rock\n|move|p1a: Charcadet|Flame Charge|p1b: Glimmora\n|-resisted|p1b: Glimmora\n|-damage|p1b: Glimmora|95\/100\n|-boost|p1a: Charcadet|spe|1\n|-activate|p1b: Glimmora|ability: Toxic Debris\n|-sidestart|p2: glovesauce|move: Toxic Spikes\n|\n|-heal|p1b: Glimmora|100\/100|[from] item: Leftovers\n|upkeep\n|turn|2\n|\n|t:|1698778558\n|move|p2a: BillyMandy|Reflect|p2a: BillyMandy\n|-sidestart|p2: glovesauce|Reflect\n|move|p2b: Toxic Flamingo|Dual Wingbeat|p1a: Charcadet\n|-damage|p1a: Charcadet|73\/100\n|-status|p1a: Charcadet|tox|[from] ability: Toxic Chain|[of] p2b: Toxic Flamingo\n|-damage|p1a: Charcadet|46\/100 tox\n|-hitcount|p1a: Charcadet|2\n|move|p1b: Glimmora|Earth Power|p2b: Toxic Flamingo\n|-supereffective|p2b: Toxic Flamingo\n|-damage|p2b: Toxic Flamingo|69\/100\n|move|p1a: Charcadet|Flame Charge|p1b: Glimmora\n|-resisted|p1b: Glimmora\n|-damage|p1b: Glimmora|95\/100\n|-boost|p1a: Charcadet|spe|1\n|-activate|p1b: Glimmora|ability: Toxic Debris\n|-sidestart|p2: glovesauce|move: Toxic Spikes\n|\n|-heal|p1b: Glimmora|100\/100|[from] item: Leftovers\n|-damage|p1a: Charcadet|40\/100 tox|[from] psn\n|upkeep\n|turn|3\n|inactive|glovesauce has 120 seconds left.\n|inactive|Naruto587 has 120 seconds left.\n|\n|t:|1698778594\n|switch|p2b: Just a Flamingo|Flamigo, F|100\/100\n|-damage|p2b: Just a Flamingo|88\/100|[from] Stealth Rock\n|-copyboost|p2b: Just a Flamingo|p2a: BillyMandy|[from] ability: Costar\n|move|p2a: BillyMandy|Parting Shot|p1b: Glimmora\n|-unboost|p1b: Glimmora|atk|1\n|-unboost|p1b: Glimmora|spa|1\n|inactive|glovesauce has 120 seconds left.\n|\n|t:|1698778605\n|switch|p2a: Toxic Flamingo|Fezandipiti, M|69\/100|[from] Parting Shot\n|-damage|p2a: Toxic Flamingo|56\/100|[from] Stealth Rock\n|-sideend|p2: glovesauce|move: Toxic Spikes|[of] p2a: Toxic Flamingo\n|move|p1a: Charcadet|Destiny Bond|p1a: Charcadet\n|-singlemove|p1a: Charcadet|Destiny Bond\n|move|p1b: Glimmora|Earth Power|p2b: Just a Flamingo\n|-immune|p2b: Just a Flamingo\n|\n|-damage|p1a: Charcadet|28\/100 tox|[from] psn\n|upkeep\n|turn|4\n|inactive|glovesauce has 120 seconds left.\n|inactive|Naruto587 has 120 seconds left.\n|\n|t:|1698778636\n|switch|p2b: Kokomo|Kommo-o, M|100\/100\n|-damage|p2b: Kokomo|94\/100|[from] Stealth Rock\n|move|p1a: Charcadet|Helping Hand|p1b: Glimmora\n|-singleturn|p1b: Glimmora|Helping Hand|[of] p1a: Charcadet\n|move|p2a: Toxic Flamingo|Dual Wingbeat|p1a: Charcadet\n|-damage|p1a: Charcadet|2\/100 tox\n|-damage|p1a: Charcadet|0 fnt\n|-status|p2a: Toxic Flamingo|brn|[from] ability: Flame Body|[of] p1a: Charcadet\n|faint|p1a: Charcadet\n|-hitcount|p1: Charcadet|2\n|move|p1b: Glimmora|Earth Power|p2a: Toxic Flamingo\n|-supereffective|p2a: Toxic Flamingo\n|-damage|p2a: Toxic Flamingo|24\/100 brn\n|\n|-heal|p2b: Kokomo|100\/100|[from] item: Leftovers\n|-damage|p2a: Toxic Flamingo|18\/100 brn|[from] brn\n|-sideend|p2: glovesauce|move: Tailwind\n|upkeep\n|inactive|Naruto587 has 120 seconds left.\n|\n|t:|1698778654\n|switch|p1a: Flutter Mane|Flutter Mane, shiny|100\/100\n|turn|5\n|\n|t:|1698778667\n|switch|p2b: BillyMandy|Grimmsnarl, M|100\/100\n|-damage|p2b: BillyMandy|88\/100|[from] Stealth Rock\n|move|p1a: Flutter Mane|Dazzling Gleam|p2a: Toxic Flamingo|[spread] p2a,p2b\n|-resisted|p2a: Toxic Flamingo\n|-crit|p2a: Toxic Flamingo\n|-supereffective|p2b: BillyMandy\n|-damage|p2a: Toxic Flamingo|0 fnt\n|-damage|p2b: BillyMandy|54\/100\n|faint|p2a: Toxic Flamingo\n|move|p1b: Glimmora|Dazzling Gleam|p2b: BillyMandy\n|-supereffective|p2b: BillyMandy\n|-damage|p2b: BillyMandy|39\/100\n|\n|upkeep\n|\n|t:|1698778678\n|switch|p2a: Starbucks|Sinistcha-Masterpiece|100\/100\n|-damage|p2a: Starbucks|88\/100|[from] Stealth Rock\n|-heal|p2b: BillyMandy|64\/100|[from] ability: Hospitality|[of] p2a: Starbucks\n|turn|6\n|\n|t:|1698778695\n|move|p1a: Flutter Mane|Dazzling Gleam|p2b: BillyMandy|[spread] p2a,p2b\n|-supereffective|p2b: BillyMandy\n|-damage|p2a: Starbucks|61\/100\n|-damage|p2b: BillyMandy|33\/100\n|move|p1b: Glimmora|Toxic|p2a: Starbucks\n|-status|p2a: Starbucks|tox\n|move|p2a: Starbucks|Nasty Plot|p2a: Starbucks\n|-boost|p2a: Starbucks|spa|2\n|move|p2b: BillyMandy|Spirit Break|p1a: Flutter Mane\n|-damage|p1a: Flutter Mane|28\/100\n|-unboost|p1a: Flutter Mane|spa|1\n|\n|-heal|p1a: Flutter Mane|34\/100|[from] item: Leftovers\n|-heal|p2a: Starbucks|68\/100 tox|[from] item: Leftovers\n|-damage|p2a: Starbucks|61\/100 tox|[from] psn\n|upkeep\n|turn|7\n|\n|t:|1698778717\n|move|p1a: Flutter Mane|Dazzling Gleam|p2b: BillyMandy|[spread] p2a,p2b\n|-supereffective|p2b: BillyMandy\n|-damage|p2a: Starbucks|44\/100 tox\n|-damage|p2b: BillyMandy|12\/100\n|move|p1b: Glimmora|Dazzling Gleam|p2b: BillyMandy|[spread] p2a,p2b\n|-supereffective|p2b: BillyMandy\n|-damage|p2a: Starbucks|35\/100 tox\n|-damage|p2b: BillyMandy|0 fnt\n|faint|p2b: BillyMandy\n|move|p2a: Starbucks|Matcha Gotcha|p1b: Glimmora|[spread] p1a,p1b\n|-damage|p1a: Flutter Mane|0 fnt\n|-heal|p2a: Starbucks|48\/100 tox|[from] drain|[of] p1a: Flutter Mane\n|-damage|p1b: Glimmora|20\/100\n|-heal|p2a: Starbucks|88\/100 tox|[from] drain|[of] p1b: Glimmora\n|faint|p1a: Flutter Mane\n|-end|p1a: Flutter Mane|Protosynthesis|[silent]\n|\n|-heal|p1b: Glimmora|26\/100|[from] item: Leftovers\n|-heal|p2a: Starbucks|94\/100 tox|[from] item: Leftovers\n|-damage|p2a: Starbucks|82\/100 tox|[from] psn\n|upkeep\n|\n|t:|1698778737\n|switch|p1a: Armarouge|Armarouge, F, shiny|100\/100\n|switch|p2b: Kokomo|Kommo-o, M|100\/100\n|-damage|p2b: Kokomo|94\/100|[from] Stealth Rock\n|turn|8\n|\n|t:|1698778745\n|move|p1b: Glimmora|Dazzling Gleam|p2a: Starbucks|[spread] p2a,p2b\n|-supereffective|p2b: Kokomo\n|-damage|p2a: Starbucks|71\/100 tox\n|-damage|p2b: Kokomo|55\/100\n|move|p2b: Kokomo|Clangorous Soul|p2b: Kokomo\n|-boost|p2b: Kokomo|atk|1\n|-boost|p2b: Kokomo|def|1\n|-boost|p2b: Kokomo|spa|1\n|-boost|p2b: Kokomo|spd|1\n|-boost|p2b: Kokomo|spe|1\n|-damage|p2b: Kokomo|22\/100\n|move|p1a: Armarouge|Flamethrower|p2a: Starbucks\n|-supereffective|p2a: Starbucks\n|-damage|p2a: Starbucks|0 fnt\n|faint|p2a: Starbucks\n|\n|-heal|p2b: Kokomo|28\/100|[from] item: Leftovers\n|-heal|p1b: Glimmora|32\/100|[from] item: Leftovers\n|-sideend|p2: glovesauce|move: Light Screen\n|upkeep\n|\n|t:|1698778760\n|switch|p2a: Just a Flamingo|Flamigo, F|88\/100\n|-damage|p2a: Just a Flamingo|76\/100|[from] Stealth Rock\n|-copyboost|p2a: Just a Flamingo|p2b: Kokomo|[from] ability: Costar\n|turn|9\n|\n|t:|1698778776\n|move|p2a: Just a Flamingo|Brave Bird|p1a: Armarouge\n|-damage|p1a: Armarouge|3\/100\n|-ability|p1a: Armarouge|Weak Armor|boost\n|-unboost|p1a: Armarouge|def|1\n|-boost|p1a: Armarouge|spe|2\n|-damage|p2a: Just a Flamingo|36\/100|[from] Recoil\n|-damage|p2a: Just a Flamingo|26\/100|[from] item: Life Orb\n|move|p2b: Kokomo|Aura Sphere|p1b: Glimmora\n|-damage|p1b: Glimmora|0 fnt\n|faint|p1b: Glimmora\n|move|p1a: Armarouge|Flamethrower|p2a: Just a Flamingo\n|-damage|p2a: Just a Flamingo|0 fnt\n|faint|p2a: Just a Flamingo\n|\n|-heal|p2b: Kokomo|34\/100|[from] item: Leftovers\n|-heal|p1a: Armarouge|10\/100|[from] item: Leftovers\n|-sideend|p2: glovesauce|Reflect\n|upkeep\n|\n|t:|1698778794\n|switch|p2a: Franks|Falinks|100\/100\n|switch|p1b: Ninetales|Ninetales, M|100\/100\n|-damage|p2a: Franks|95\/100|[from] Stealth Rock\n|-weather|SunnyDay|[from] ability: Drought|[of] p1b: Ninetales\n|turn|10\n|\n|t:|1698778806\n|move|p2b: Kokomo|Draco Meteor|p1a: Armarouge\n|-damage|p1a: Armarouge|0 fnt\n|-unboost|p2b: Kokomo|spa|2\n|faint|p1a: Armarouge\n|move|p2a: Franks|No Retreat|p2a: Franks\n|-boost|p2a: Franks|atk|1\n|-boost|p2a: Franks|def|1\n|-boost|p2a: Franks|spa|1\n|-boost|p2a: Franks|spd|1\n|-boost|p2a: Franks|spe|1\n|-start|p2a: Franks|move: No Retreat\n|move|p1b: Ninetales|Flamethrower|p2a: Franks\n|-damage|p2a: Franks|40\/100\n|\n|-weather|SunnyDay|[upkeep]\n|-heal|p2b: Kokomo|40\/100|[from] item: Leftovers\n|upkeep\n|\n|t:|1698778819\n|switch|p1a: Roaring Moon|Roaring Moon|100\/100\n|-activate|p1a: Roaring Moon|ability: Protosynthesis\n|-start|p1a: Roaring Moon|protosynthesisatk\n|turn|11\n|\n|t:|1698778831\n|-terastallize|p1a: Roaring Moon|Fairy\n|move|p2b: Kokomo|Draco Meteor|p1b: Ninetales\n|-damage|p1b: Ninetales|72\/100\n|-unboost|p2b: Kokomo|spa|2\n|move|p2a: Franks|Close Combat|p1a: Roaring Moon\n|-resisted|p1a: Roaring Moon\n|-damage|p1a: Roaring Moon|32\/100\n|-unboost|p2a: Franks|def|1\n|-unboost|p2a: Franks|spd|1\n|-damage|p2a: Franks|30\/100|[from] item: Life Orb\n|move|p1a: Roaring Moon|Rock Slide|p2b: Kokomo|[spread] p2b\n|-miss|p1a: Roaring Moon|p2a: Franks\n|-resisted|p2b: Kokomo\n|-damage|p2b: Kokomo|31\/100\n|move|p1b: Ninetales|Flamethrower|p2b: Kokomo\n|-resisted|p2b: Kokomo\n|-damage|p2b: Kokomo|18\/100\n|\n|-weather|SunnyDay|[upkeep]\n|-heal|p2b: Kokomo|24\/100|[from] item: Leftovers\n|-heal|p1a: Roaring Moon|38\/100|[from] item: Leftovers\n|-heal|p1b: Ninetales|78\/100|[from] item: Leftovers\n|upkeep\n|turn|12\n|inactive|glovesauce has 120 seconds left.\n|\n|t:|1698778874\n|move|p2b: Kokomo|Aura Sphere|p1b: Ninetales\n|-damage|p1b: Ninetales|68\/100\n|move|p2a: Franks|Body Slam|p1a: Roaring Moon\n|-damage|p1a: Roaring Moon|0 fnt\n|faint|p1a: Roaring Moon\n|-end|p1a: Roaring Moon|Protosynthesis|[silent]\n|-damage|p2a: Franks|20\/100|[from] item: Life Orb\n|move|p1b: Ninetales|Flamethrower|p2a: Franks\n|-damage|p2a: Franks|0 fnt\n|faint|p2a: Franks\n|\n|-weather|SunnyDay|[upkeep]\n|-heal|p2b: Kokomo|30\/100|[from] item: Leftovers\n|-heal|p1b: Ninetales|74\/100|[from] item: Leftovers\n|upkeep\n|turn|13\n|inactive|glovesauce has 120 seconds left.\n|\n|t:|1698778902\n|-terastallize|p2b: Kokomo|Dragon\n|move|p2b: Kokomo|Draco Meteor|p1b: Ninetales\n|-damage|p1b: Ninetales|52\/100\n|-unboost|p2b: Kokomo|spa|2\n|move|p1b: Ninetales|Flamethrower|p2b: Kokomo\n|-resisted|p2b: Kokomo\n|-damage|p2b: Kokomo|16\/100\n|\n|-weather|SunnyDay|[upkeep]\n|-heal|p2b: Kokomo|22\/100|[from] item: Leftovers\n|-heal|p1b: Ninetales|58\/100|[from] item: Leftovers\n|upkeep\n|turn|14\n|\n|t:|1698778922\n|move|p2b: Kokomo|Aura Sphere|p1b: Ninetales\n|-crit|p1b: Ninetales\n|-damage|p1b: Ninetales|17\/100\n|move|p1b: Ninetales|Flamethrower|p2b: Kokomo\n|-resisted|p2b: Kokomo\n|-damage|p2b: Kokomo|8\/100\n|\n|-weather|none\n|-heal|p2b: Kokomo|14\/100|[from] item: Leftovers\n|-heal|p1b: Ninetales|23\/100|[from] item: Leftovers\n|upkeep\n|turn|15\n|\n|t:|1698778935\n|move|p2b: Kokomo|Draco Meteor|p1b: Ninetales\n|-damage|p1b: Ninetales|8\/100\n|-unboost|p2b: Kokomo|spa|1\n|move|p1b: Ninetales|Flamethrower|p2b: Kokomo\n|-resisted|p2b: Kokomo\n|-damage|p2b: Kokomo|5\/100\n|\n|-heal|p2b: Kokomo|11\/100|[from] item: Leftovers\n|-heal|p1b: Ninetales|14\/100|[from] item: Leftovers\n|upkeep\n|turn|16\n|\n|t:|1698778946\n|move|p2b: Kokomo|Draco Meteor|p1b: Ninetales|[miss]\n|-miss|p2b: Kokomo|p1b: Ninetales\n|move|p1b: Ninetales|Flamethrower|p2b: Kokomo\n|-resisted|p2b: Kokomo\n|-damage|p2b: Kokomo|0 fnt\n|faint|p2b: Kokomo\n|\n|win|Naruto587\n|raw|Naruto587's rating: 1139 &rarr; <strong>1157<\/strong><br \/>(+18 for winning)\n|raw|glovesauce's rating: 1033 &rarr; <strong>1022<\/strong><br \/>(-11 for losing)\n|c|\u2606glovesauce|gg\n|l|\u2606glovesauce\n","uploadtime":1698778968,"views":14,"p1id":"naruto587","p2id":"glovesauce","formatid":"gen9doublesou","rating":1022,"private":0,"password":""}