{"id":"gen9doublesou-1999512479","p1":"iDrinkPoolWater","p2":"drgnsalt","format":"[Gen 9] Doubles OU","log":"|j|\u2606iDrinkPoolWater\n|j|\u2606drgnsalt\n|t:|1701091035\n|gametype|doubles\n|player|p1|iDrinkPoolWater|cameraman|1105\n|player|p2|drgnsalt|cheryl|1224\n|teamsize|p1|6\n|teamsize|p2|6\n|gen|9\n|tier|[Gen 9] Doubles OU\n|rated|\n|rule|Species Clause: Limit one of each Pok\u00e9mon\n|rule|OHKO Clause: OHKO moves are banned\n|rule|Evasion Moves Clause: Evasion moves are banned\n|rule|Gravity Sleep Clause: The combination of sleep-inducing moves with imperfect accuracy and Gravity or Gigantamax Orbeetle are banned\n|rule|Endless Battle Clause: Forcing endless battles is banned\n|rule|HP Percentage Mod: HP is shown in percentages\n|clearpoke\n|poke|p1|Gengar, M|\n|poke|p1|Rotom-Wash|\n|poke|p1|Tyranitar, F|\n|poke|p1|Garchomp, M|\n|poke|p1|Dusclops, F|\n|poke|p1|Torkoal, F|\n|poke|p2|Arcanine-Hisui, F|\n|poke|p2|Gholdengo|\n|poke|p2|Iron Bundle|\n|poke|p2|Iron Hands|\n|poke|p2|Chi-Yu|\n|poke|p2|Tornadus, M|\n|teampreview\n|inactive|Battle timer is ON: inactive players will automatically lose when time's up. (requested by drgnsalt)\n|\n|t:|1701091080\n|start\n|switch|p1a: Tyranitar|Tyranitar, F|100\/100\n|switch|p1b: Dusclops|Dusclops, F|100\/100\n|switch|p2a: Iron Bundle|Iron Bundle|100\/100\n|switch|p2b: Tornadus|Tornadus, M|100\/100\n|-weather|Sandstorm|[from] ability: Sand Stream|[of] p1a: Tyranitar\n|-item|p2a: Iron Bundle|Heavy-Duty Boots|[from] ability: Frisk|[of] p1b: Dusclops|[identify]\n|-item|p2b: Tornadus|Covert Cloak|[from] ability: Frisk|[of] p1b: Dusclops|[identify]\n|turn|1\n|inactive|iDrinkPoolWater has 120 seconds left.\n|\n|t:|1701091132\n|move|p2b: Tornadus|Taunt|p1b: Dusclops\n|-start|p1b: Dusclops|move: Taunt\n|move|p2a: Iron Bundle|Hydro Pump|p1a: Tyranitar|[miss]\n|-miss|p2a: Iron Bundle|p1a: Tyranitar\n|move|p1a: Tyranitar|Stone Edge|p2b: Tornadus\n|-supereffective|p2b: Tornadus\n|-damage|p2b: Tornadus|0 fnt\n|faint|p2b: Tornadus\n|cant|p1b: Dusclops|move: Taunt|Trick Room\n|\n|-weather|Sandstorm|[upkeep]\n|-damage|p2a: Iron Bundle|95\/100|[from] Sandstorm\n|-damage|p1b: Dusclops|95\/100|[from] Sandstorm\n|upkeep\n|\n|t:|1701091146\n|switch|p2b: Arcanine|Arcanine-Hisui, F, shiny|100\/100\n|-ability|p2b: Arcanine|Intimidate|boost\n|-unboost|p1a: Tyranitar|atk|1\n|-unboost|p1b: Dusclops|atk|1\n|turn|2\n|inactive|iDrinkPoolWater has 120 seconds left.\n|\n|t:|1701091182\n|move|p1b: Dusclops|Shadow Sneak|p2b: Arcanine\n|-damage|p2b: Arcanine|92\/100\n|move|p2a: Iron Bundle|Hydro Pump|p1a: Tyranitar\n|-supereffective|p1a: Tyranitar\n|-damage|p1a: Tyranitar|22\/100\n|move|p2b: Arcanine|Rock Slide|p1b: Dusclops|[spread] p1a,p1b\n|-damage|p1a: Tyranitar|0 fnt\n|-damage|p1b: Dusclops|71\/100\n|faint|p1a: Tyranitar\n|\n|-weather|Sandstorm|[upkeep]\n|-damage|p2a: Iron Bundle|89\/100|[from] Sandstorm\n|-damage|p1b: Dusclops|65\/100|[from] Sandstorm\n|upkeep\n|inactive|iDrinkPoolWater has 90 seconds left.\n|\n|t:|1701091210\n|switch|p1a: Rotom|Rotom-Wash|100\/100\n|turn|3\n|inactive|iDrinkPoolWater has 90 seconds left.\n|\n|t:|1701091242\n|-terastallize|p2b: Arcanine|Grass\n|move|p1b: Dusclops|Shadow Sneak|p2b: Arcanine\n|-damage|p2b: Arcanine|82\/100\n|move|p2a: Iron Bundle|Freeze-Dry|p1a: Rotom\n|-supereffective|p1a: Rotom\n|-damage|p1a: Rotom|25\/100\n|move|p2b: Arcanine|Rock Slide|p1a: Rotom|[spread] p1a,p1b\n|-damage|p1a: Rotom|0 fnt\n|-damage|p1b: Dusclops|42\/100\n|faint|p1a: Rotom\n|\n|-weather|Sandstorm|[upkeep]\n|-damage|p2a: Iron Bundle|83\/100|[from] Sandstorm\n|-damage|p2b: Arcanine|76\/100|[from] Sandstorm\n|-damage|p1b: Dusclops|36\/100|[from] Sandstorm\n|-end|p1b: Dusclops|move: Taunt\n|upkeep\n|\n|t:|1701091257\n|switch|p1a: Torkoal|Torkoal, F|100\/100\n|-weather|SunnyDay|[from] ability: Drought|[of] p1a: Torkoal\n|turn|4\n|\n|t:|1701091275\n|move|p2a: Iron Bundle|Taunt|p1b: Dusclops\n|-start|p1b: Dusclops|move: Taunt\n|move|p2b: Arcanine|Rock Slide|p1b: Dusclops|[spread] p1a,p1b\n|-supereffective|p1a: Torkoal\n|-damage|p1a: Torkoal|41\/100\n|-damage|p1b: Dusclops|12\/100\n|move|p1a: Torkoal|Fire Blast|p2b: Arcanine\n|-supereffective|p2b: Arcanine\n|-damage|p2b: Arcanine|0 fnt\n|faint|p2b: Arcanine\n|cant|p1b: Dusclops|move: Taunt|Trick Room\n|\n|-weather|SunnyDay|[upkeep]\n|upkeep\n|\n|t:|1701091288\n|switch|p2b: Chi-Yu|Chi-Yu|100\/100\n|-ability|p2b: Chi-Yu|Beads of Ruin\n|turn|5\n|inactive|iDrinkPoolWater has 90 seconds left.\n|inactive|iDrinkPoolWater has 60 seconds left.\n|\n|t:|1701091342\n|move|p1b: Dusclops|Shadow Sneak|p2b: Chi-Yu\n|-resisted|p2b: Chi-Yu\n|-damage|p2b: Chi-Yu|95\/100\n|-enditem|p2b: Chi-Yu|Eject Button\n|\n|t:|1701091348\n|switch|p2b: Iron Hands|Iron Hands|100\/100\n|move|p2a: Iron Bundle|Icy Wind|p1b: Dusclops|[spread] p1a,p1b\n|-resisted|p1a: Torkoal\n|-damage|p1a: Torkoal|26\/100\n|-damage|p1b: Dusclops|0 fnt\n|-unboost|p1a: Torkoal|spe|1\n|faint|p1b: Dusclops\n|move|p1a: Torkoal|Earth Power|p2a: Iron Bundle\n|-damage|p2a: Iron Bundle|32\/100\n|\n|-weather|SunnyDay|[upkeep]\n|upkeep\n|inactive|iDrinkPoolWater has 60 seconds left.\n|inactive|iDrinkPoolWater has 30 seconds left.\n|\n|t:|1701091386\n|switch|p1b: Garchomp|Garchomp, M|100\/100\n|turn|6\n|inactive|iDrinkPoolWater has 30 seconds left.\n|\n|t:|1701091413\n|move|p2b: Iron Hands|Fake Out|p1a: Torkoal\n|-damage|p1a: Torkoal|14\/100\n|move|p1b: Garchomp|Earthquake|p2b: Iron Hands|[spread] p1a,p2a,p2b\n|-supereffective|p1a: Torkoal\n|-supereffective|p2b: Iron Hands\n|-damage|p1a: Torkoal|0 fnt\n|-damage|p2a: Iron Bundle|0 fnt\n|-damage|p2b: Iron Hands|50\/100\n|faint|p1a: Torkoal\n|faint|p2a: Iron Bundle\n|-end|p2a: Iron Bundle|Quark Drive|[silent]\n|\n|-weather|SunnyDay|[upkeep]\n|upkeep\n|\n|t:|1701091422\n|switch|p2a: Chi-Yu|Chi-Yu|95\/100\n|switch|p1a: Gengar|Gengar, M|100\/100\n|-ability|p2a: Chi-Yu|Beads of Ruin\n|turn|7\n|inactive|iDrinkPoolWater has 60 seconds left.\n|inactive|iDrinkPoolWater has 30 seconds left.\n|\n|t:|1701091475\n|-end|p2b: Iron Hands|Quark Drive|[silent]\n|switch|p2b: Gholdengo|Gholdengo|100\/100\n|-item|p2b: Gholdengo|Air Balloon\n|move|p1b: Garchomp|Earthquake|p2b: Gholdengo|[spread] p1a,p2a\n|-immune|p2b: Gholdengo\n|-supereffective|p1a: Gengar\n|-supereffective|p2a: Chi-Yu\n|-damage|p1a: Gengar|0 fnt\n|-damage|p2a: Chi-Yu|0 fnt\n|faint|p1a: Gengar\n|faint|p2a: Chi-Yu\n|\n|-weather|SunnyDay|[upkeep]\n|upkeep\n|inactive|iDrinkPoolWater has 30 seconds left this turn.\n|\n|t:|1701091485\n|switch|p2a: Iron Hands|Iron Hands|50\/100\n|turn|8\n|\n|t:|1701091496\n|move|p2a: Iron Hands|Fake Out|p1b: Garchomp\n|-crit|p1b: Garchomp\n|-damage|p1b: Garchomp|78\/100\n|-damage|p2a: Iron Hands|38\/100|[from] ability: Rough Skin|[of] p1b: Garchomp\n|cant|p1b: Garchomp|flinch\n|move|p2b: Gholdengo|Shadow Ball|p1b: Garchomp\n|-damage|p1b: Garchomp|32\/100\n|\n|-weather|none\n|upkeep\n|turn|9\n|\n|t:|1701091509\n|move|p1b: Garchomp|Earthquake|p2a: Iron Hands|[spread] p2a\n|-immune|p2b: Gholdengo\n|-supereffective|p2a: Iron Hands\n|-damage|p2a: Iron Hands|0 fnt\n|faint|p2a: Iron Hands\n|-end|p2a: Iron Hands|Quark Drive|[silent]\n|move|p2b: Gholdengo|Shadow Ball|p1b: Garchomp\n|-damage|p1b: Garchomp|0 fnt\n|faint|p1b: Garchomp\n|\n|win|drgnsalt\n|raw|iDrinkPoolWater's rating: 1105 &rarr; <strong>1088<\/strong><br \/>(-17 for losing)\n|raw|drgnsalt's rating: 1224 &rarr; <strong>1241<\/strong><br \/>(+17 for winning)\n|l|\u2606drgnsalt\n","uploadtime":1701091531,"views":32,"p1id":"idrinkpoolwater","p2id":"drgnsalt","formatid":"gen9doublesou","rating":1088,"private":0,"password":""}