{"id":"gen9doublesou-1987429716","p1":"tynewname","p2":"Javiers16","format":"[Gen 9] Doubles OU","log":"|j|\u2606tynewname\n|j|\u2606Javiers16\n|t:|1699590338\n|gametype|doubles\n|player|p1|tynewname|veteran|1107\n|player|p2|Javiers16|101|1127\n|teamsize|p1|6\n|teamsize|p2|6\n|gen|9\n|tier|[Gen 9] Doubles OU\n|rated|\n|rule|Species Clause: Limit one of each Pok\u00e9mon\n|rule|OHKO Clause: OHKO moves are banned\n|rule|Evasion Moves Clause: Evasion moves are banned\n|rule|Gravity Sleep Clause: The combination of sleep-inducing moves with imperfect accuracy and Gravity or Gigantamax Orbeetle are banned\n|rule|Endless Battle Clause: Forcing endless battles is banned\n|rule|HP Percentage Mod: HP is shown in percentages\n|clearpoke\n|poke|p1|Ribombee, F|\n|poke|p1|Kilowattrel, F|\n|poke|p1|Ogerpon-Hearthflame, F|\n|poke|p1|Flutter Mane|\n|poke|p1|Corviknight, M|\n|poke|p1|Hoopa-Unbound|\n|poke|p2|Garchomp, F|\n|poke|p2|Gyarados, F|\n|poke|p2|Arcanine, M|\n|poke|p2|Amoonguss, M|\n|poke|p2|Gardevoir, F|\n|poke|p2|Iron Hands|\n|teampreview\n|inactive|Battle timer is ON: inactive players will automatically lose when time's up. (requested by tynewname)\n|\n|t:|1699590341\n|start\n|switch|p1a: Ribombee|Ribombee, F|100\/100\n|switch|p1b: Kilowattrel|Kilowattrel, F, shiny|100\/100\n|switch|p2a: Iron Hands|Iron Hands|100\/100\n|switch|p2b: Amoonguss|Amoonguss, M|100\/100\n|turn|1\n|\n|t:|1699590356\n|move|p2a: Iron Hands|Fake Out|p1b: Kilowattrel\n|-damage|p1b: Kilowattrel|71\/100\n|cant|p1b: Kilowattrel|flinch\n|move|p1a: Ribombee|Sticky Web|p2b: Amoonguss\n|-sidestart|p2: Javiers16|move: Sticky Web\n|move|p2b: Amoonguss|Toxic|p1b: Kilowattrel\n|-status|p1b: Kilowattrel|tox\n|\n|-damage|p1b: Kilowattrel|65\/100 tox|[from] psn\n|upkeep\n|turn|2\n|\n|t:|1699590371\n|move|p1b: Kilowattrel|Tailwind|p1b: Kilowattrel\n|-sidestart|p1: tynewname|move: Tailwind\n|-start|p1b: Kilowattrel|Charge|Tailwind|[from] ability: Wind Power\n|move|p1a: Ribombee|Moonblast|p2a: Iron Hands\n|-supereffective|p2a: Iron Hands\n|-damage|p2a: Iron Hands|22\/100\n|move|p2a: Iron Hands|Iron Head|p1a: Ribombee\n|-supereffective|p1a: Ribombee\n|-enditem|p1a: Ribombee|Focus Sash\n|-damage|p1a: Ribombee|1\/100\n|move|p2b: Amoonguss|Toxic|p1a: Ribombee\n|-status|p1a: Ribombee|tox\n|\n|-heal|p2a: Iron Hands|28\/100|[from] item: Leftovers\n|-damage|p1b: Kilowattrel|52\/100 tox|[from] psn\n|-damage|p1a: Ribombee|0 fnt|[from] psn\n|faint|p1a: Ribombee\n|upkeep\n|inactive|tynewname has 120 seconds left.\n|\n|t:|1699590398\n|switch|p1a: Flutter Mane|Flutter Mane|100\/100\n|-enditem|p1a: Flutter Mane|Booster Energy\n|-activate|p1a: Flutter Mane|ability: Protosynthesis|[fromitem]\n|-start|p1a: Flutter Mane|protosynthesisspe\n|turn|3\n|\n|t:|1699590408\n|-end|p2a: Iron Hands|Quark Drive|[silent]\n|switch|p2a: Arcanine|Arcanine, M|100\/100\n|-activate|p2a: Arcanine|move: Sticky Web\n|-unboost|p2a: Arcanine|spe|1\n|-ability|p2a: Arcanine|Intimidate|boost\n|-unboost|p1a: Flutter Mane|atk|1\n|-unboost|p1b: Kilowattrel|atk|1\n|move|p1a: Flutter Mane|Dazzling Gleam|p2b: Amoonguss|[spread] p2a,p2b\n|-resisted|p2a: Arcanine\n|-resisted|p2b: Amoonguss\n|-damage|p2a: Arcanine|83\/100\n|-damage|p2b: Amoonguss|91\/100\n|move|p1b: Kilowattrel|Air Slash|p2b: Amoonguss\n|-supereffective|p2b: Amoonguss\n|-damage|p2b: Amoonguss|32\/100\n|-damage|p1b: Kilowattrel|42\/100 tox|[from] item: Life Orb\n|move|p2b: Amoonguss|Toxic|p1a: Flutter Mane\n|-status|p1a: Flutter Mane|tox\n|\n|-heal|p2b: Amoonguss|39\/100|[from] item: Black Sludge\n|-damage|p1a: Flutter Mane|95\/100 tox|[from] psn\n|-damage|p1b: Kilowattrel|24\/100 tox|[from] psn\n|upkeep\n|turn|4\n|\n|t:|1699590433\n|move|p2b: Amoonguss|Protect|p2b: Amoonguss\n|-singleturn|p2b: Amoonguss|Protect\n|move|p1a: Flutter Mane|Psyshock|p2b: Amoonguss\n|-activate|p2b: Amoonguss|move: Protect\n|move|p1b: Kilowattrel|Electro Ball|p2a: Arcanine\n|-damage|p2a: Arcanine|0 fnt\n|faint|p2a: Arcanine\n|-damage|p1b: Kilowattrel|14\/100 tox|[from] item: Life Orb\n|-end|p1b: Kilowattrel|Charge|[silent]\n|\n|-heal|p2b: Amoonguss|45\/100|[from] item: Black Sludge\n|-damage|p1a: Flutter Mane|83\/100 tox|[from] psn\n|-damage|p1b: Kilowattrel|0 fnt|[from] psn\n|faint|p1b: Kilowattrel\n|upkeep\n|\n|t:|1699590450\n|switch|p1b: Hoopa|Hoopa-Unbound|100\/100\n|switch|p2a: Gyarados|Gyarados, F|100\/100\n|-ability|p2a: Gyarados|Intimidate|boost\n|-unboost|p1a: Flutter Mane|atk|1\n|-unboost|p1b: Hoopa|atk|1\n|turn|5\n|\n|t:|1699590462\n|-terastallize|p1b: Hoopa|Electric\n|move|p1a: Flutter Mane|Psyshock|p2b: Amoonguss\n|-supereffective|p2b: Amoonguss\n|-damage|p2b: Amoonguss|0 fnt\n|faint|p2b: Amoonguss\n|move|p1b: Hoopa|Thunder Punch|p2a: Gyarados\n|-supereffective|p2a: Gyarados\n|-damage|p2a: Gyarados|0 fnt\n|faint|p2a: Gyarados\n|-damage|p1b: Hoopa|91\/100|[from] item: Life Orb\n|\n|-damage|p1a: Flutter Mane|65\/100 tox|[from] psn\n|-sideend|p1: tynewname|move: Tailwind\n|upkeep\n|\n|t:|1699590481\n|switch|p2a: Garchomp|Garchomp, F|100\/100\n|switch|p2b: Gardevoir|Gardevoir, F|100\/100\n|-activate|p2a: Garchomp|move: Sticky Web\n|-unboost|p2a: Garchomp|spe|1\n|-activate|p2b: Gardevoir|move: Sticky Web\n|-unboost|p2b: Gardevoir|spe|1\n|-ability|p2b: Gardevoir|Magician|[from] ability: Trace|[of] p1b: Hoopa\n|turn|6\n|\n|t:|1699590496\n|-terastallize|p2a: Garchomp|Fairy\n|move|p1a: Flutter Mane|Dazzling Gleam|p2b: Gardevoir|[spread] p2a,p2b\n|-damage|p2a: Garchomp|67\/100\n|-damage|p2b: Gardevoir|74\/100\n|move|p1b: Hoopa|Thunder Punch|p2b: Gardevoir\n|-damage|p2b: Gardevoir|5\/100\n|-damage|p1b: Hoopa|81\/100|[from] item: Life Orb\n|move|p2a: Garchomp|Earthquake|p1b: Hoopa|[spread] p2b,p1a,p1b\n|-supereffective|p1b: Hoopa\n|-crit|p1b: Hoopa\n|-damage|p2b: Gardevoir|0 fnt\n|-damage|p1a: Flutter Mane|0 fnt\n|-damage|p1b: Hoopa|0 fnt\n|faint|p2b: Gardevoir\n|faint|p1a: Flutter Mane\n|-end|p1a: Flutter Mane|Protosynthesis|[silent]\n|faint|p1b: Hoopa\n|\n|-heal|p2a: Garchomp|73\/100|[from] item: Leftovers\n|upkeep\n|\n|t:|1699590515\n|switch|p1a: Corviknight|Corviknight, M|100\/100\n|switch|p1b: Ogerpon|Ogerpon-Hearthflame, F|100\/100\n|switch|p2b: Iron Hands|Iron Hands|28\/100\n|-ability|p1b: Ogerpon|Mold Breaker\n|-activate|p2b: Iron Hands|move: Sticky Web\n|-unboost|p2b: Iron Hands|spe|1\n|turn|7\n|\n|t:|1699590532\n|move|p2b: Iron Hands|Fake Out|p1b: Ogerpon\n|-damage|p1b: Ogerpon|78\/100\n|cant|p1b: Ogerpon|flinch\n|move|p2a: Garchomp|Swords Dance|p2a: Garchomp\n|-boost|p2a: Garchomp|atk|2\n|move|p1a: Corviknight|Bulk Up|p1a: Corviknight\n|-boost|p1a: Corviknight|atk|1\n|-boost|p1a: Corviknight|def|1\n|\n|-heal|p2a: Garchomp|79\/100|[from] item: Leftovers\n|-heal|p2b: Iron Hands|34\/100|[from] item: Leftovers\n|upkeep\n|turn|8\n|\n|t:|1699590548\n|move|p1b: Ogerpon|Stomping Tantrum|p2b: Iron Hands\n|-supereffective|p2b: Iron Hands\n|-damage|p2b: Iron Hands|0 fnt\n|faint|p2b: Iron Hands\n|-end|p2b: Iron Hands|Quark Drive|[silent]\n|move|p2a: Garchomp|Dragon Claw|p1b: Ogerpon\n|-damage|p1b: Ogerpon|0 fnt\n|faint|p1b: Ogerpon\n|move|p1a: Corviknight|Brave Bird|p2a: Garchomp\n|-damage|p2a: Garchomp|28\/100\n|-damage|p1a: Corviknight|85\/100|[from] Recoil\n|\n|-heal|p2a: Garchomp|34\/100|[from] item: Leftovers\n|upkeep\n|turn|9\n|\n|t:|1699590563\n|move|p2a: Garchomp|Dragon Claw|p1a: Corviknight\n|-resisted|p1a: Corviknight\n|-damage|p1a: Corviknight|61\/100\n|-damage|p2a: Garchomp|18\/100|[from] item: Rocky Helmet|[of] p1a: Corviknight\n|move|p1a: Corviknight|Bulk Up|p1a: Corviknight\n|-boost|p1a: Corviknight|atk|1\n|-boost|p1a: Corviknight|def|1\n|\n|-heal|p2a: Garchomp|24\/100|[from] item: Leftovers\n|upkeep\n|turn|10\n|\n|t:|1699590577\n|move|p2a: Garchomp|Swords Dance|p2a: Garchomp\n|-boost|p2a: Garchomp|atk|2\n|move|p1a: Corviknight|Roost|p1a: Corviknight\n|-heal|p1a: Corviknight|100\/100\n|-singleturn|p1a: Corviknight|move: Roost\n|\n|-heal|p2a: Garchomp|30\/100|[from] item: Leftovers\n|upkeep\n|turn|11\n|\n|t:|1699590583\n|move|p2a: Garchomp|Dragon Claw|p1a: Corviknight\n|-resisted|p1a: Corviknight\n|-damage|p1a: Corviknight|73\/100\n|-damage|p2a: Garchomp|14\/100|[from] item: Rocky Helmet|[of] p1a: Corviknight\n|move|p1a: Corviknight|Bulk Up|p1a: Corviknight\n|-boost|p1a: Corviknight|atk|1\n|-boost|p1a: Corviknight|def|1\n|\n|-heal|p2a: Garchomp|20\/100|[from] item: Leftovers\n|upkeep\n|turn|12\n|\n|t:|1699590589\n|move|p2a: Garchomp|Swords Dance|p2a: Garchomp\n|-boost|p2a: Garchomp|atk|2\n|move|p1a: Corviknight|Bulk Up|p1a: Corviknight\n|-boost|p1a: Corviknight|atk|1\n|-boost|p1a: Corviknight|def|1\n|\n|-heal|p2a: Garchomp|26\/100|[from] item: Leftovers\n|upkeep\n|turn|13\n|\n|t:|1699590591\n|move|p2a: Garchomp|Swords Dance|p2a: Garchomp\n|-boost|p2a: Garchomp|atk|0\n|move|p1a: Corviknight|Bulk Up|p1a: Corviknight\n|-boost|p1a: Corviknight|atk|1\n|-boost|p1a: Corviknight|def|1\n|\n|-heal|p2a: Garchomp|32\/100|[from] item: Leftovers\n|upkeep\n|turn|14\n|\n|t:|1699590595\n|move|p2a: Garchomp|Dragon Claw|p1a: Corviknight\n|-resisted|p1a: Corviknight\n|-damage|p1a: Corviknight|54\/100\n|-damage|p2a: Garchomp|16\/100|[from] item: Rocky Helmet|[of] p1a: Corviknight\n|move|p1a: Corviknight|Bulk Up|p1a: Corviknight\n|-boost|p1a: Corviknight|atk|1\n|-boost|p1a: Corviknight|def|1\n|\n|-heal|p2a: Garchomp|22\/100|[from] item: Leftovers\n|upkeep\n|turn|15\n|\n|t:|1699590606\n|move|p2a: Garchomp|Iron Head|p1a: Corviknight\n|-resisted|p1a: Corviknight\n|-damage|p1a: Corviknight|42\/100\n|-damage|p2a: Garchomp|5\/100|[from] item: Rocky Helmet|[of] p1a: Corviknight\n|move|p1a: Corviknight|Roost|p1a: Corviknight\n|-heal|p1a: Corviknight|92\/100\n|-singleturn|p1a: Corviknight|move: Roost\n|\n|-heal|p2a: Garchomp|11\/100|[from] item: Leftovers\n|upkeep\n|turn|16\n|\n|t:|1699590611\n|move|p2a: Garchomp|Dragon Claw|p1a: Corviknight\n|-resisted|p1a: Corviknight\n|-damage|p1a: Corviknight|77\/100\n|-damage|p2a: Garchomp|0 fnt|[from] item: Rocky Helmet|[of] p1a: Corviknight\n|faint|p2a: Garchomp\n|\n|win|tynewname\n|raw|tynewname's rating: 1107 &rarr; <strong>1133<\/strong><br \/>(+26 for winning)\n|raw|Javiers16's rating: 1127 &rarr; <strong>1101<\/strong><br \/>(-26 for losing)\n","uploadtime":1699590616,"views":12,"p1id":"tynewname","p2id":"javiers16","formatid":"gen9doublesou","rating":1101,"private":0,"password":""}