{"id":"gen9doublesou-1987067407","p1":"Jo3 2hmo","p2":"Lilicykrie","format":"[Gen 9] Doubles OU","log":"|j|\u2606Jo3 2hmo\n|j|\u2606Lilicykrie\n|t:|1699553405\n|gametype|doubles\n|player|p1|Jo3 2hmo|hiker-gen4|1010\n|player|p2|Lilicykrie|skierf|1108\n|teamsize|p1|6\n|teamsize|p2|6\n|gen|9\n|tier|[Gen 9] Doubles OU\n|rated|\n|rule|Species Clause: Limit one of each Pok\u00e9mon\n|rule|OHKO Clause: OHKO moves are banned\n|rule|Evasion Moves Clause: Evasion moves are banned\n|rule|Gravity Sleep Clause: The combination of sleep-inducing moves with imperfect accuracy and Gravity or Gigantamax Orbeetle are banned\n|rule|Endless Battle Clause: Forcing endless battles is banned\n|rule|HP Percentage Mod: HP is shown in percentages\n|clearpoke\n|poke|p1|Golem-Alola, F|\n|poke|p1|Toedscruel, F|\n|poke|p1|Gothitelle, F|\n|poke|p1|Arcanine-Hisui, F|\n|poke|p1|Ogerpon-Wellspring, F|\n|poke|p1|Overqwil, M|\n|poke|p2|Ting-Lu|\n|poke|p2|Gholdengo|\n|poke|p2|Zangoose, M|\n|poke|p2|Tauros-Paldea-Blaze, M|\n|poke|p2|Toxapex, F|\n|poke|p2|Kilowattrel, F|\n|teampreview\n|\n|t:|1699553416\n|start\n|switch|p1a: Golem|Golem-Alola, F|100\/100\n|switch|p1b: Toedscruel|Toedscruel, F|100\/100\n|switch|p2a: Red\u00e9|Kilowattrel, F|100\/100\n|switch|p2b: G\u00f8s\u00e9|Gholdengo|100\/100\n|turn|1\n|\n|t:|1699553431\n|switch|p1a: Arcanine|Arcanine-Hisui, F|100\/100\n|-terastallize|p2b: G\u00f8s\u00e9|Steel\n|move|p2a: Red\u00e9|Tailwind|p2a: Red\u00e9\n|-sidestart|p2: Lilicykrie|move: Tailwind\n|move|p2b: G\u00f8s\u00e9|Make It Rain|p1b: Toedscruel|[spread] p1a,p1b\n|-damage|p1a: Arcanine|0 fnt\n|-damage|p1b: Toedscruel|40\/100\n|-unboost|p2b: G\u00f8s\u00e9|spa|1\n|faint|p1a: Arcanine\n|move|p1b: Toedscruel|Spore|p2b: G\u00f8s\u00e9\n|-status|p2b: G\u00f8s\u00e9|slp|[from] move: Spore\n|\n|-heal|p1b: Toedscruel|46\/100|[from] item: Leftovers\n|upkeep\n|\n|t:|1699553449\n|switch|p1a: Overqwil|Overqwil, M|100\/100\n|-ability|p1a: Overqwil|Intimidate|boost\n|-unboost|p2a: Red\u00e9|atk|1\n|-unboost|p2b: G\u00f8s\u00e9|atk|1\n|turn|2\n|\n|t:|1699553459\n|move|p2a: Red\u00e9|Air Slash|p1b: Toedscruel\n|-supereffective|p1b: Toedscruel\n|-damage|p1b: Toedscruel|6\/100\n|cant|p2b: G\u00f8s\u00e9|slp\n|move|p1a: Overqwil|Dark Pulse|p2b: G\u00f8s\u00e9\n|-damage|p2b: G\u00f8s\u00e9|58\/100 slp\n|-damage|p1a: Overqwil|91\/100|[from] item: Life Orb\n|move|p1b: Toedscruel|Toxic Spikes|p2a: Red\u00e9\n|-sidestart|p2: Lilicykrie|move: Toxic Spikes\n|\n|-heal|p1b: Toedscruel|12\/100|[from] item: Leftovers\n|upkeep\n|turn|3\n|\n|t:|1699553478\n|switch|p2b: \u00dcxe|Toxapex, F|100\/100\n|-sideend|p2: Lilicykrie|move: Toxic Spikes|[of] p2b: \u00dcxe\n|move|p2a: Red\u00e9|Air Slash|p1b: Toedscruel\n|-supereffective|p1b: Toedscruel\n|-damage|p1b: Toedscruel|0 fnt\n|faint|p1b: Toedscruel\n|move|p1a: Overqwil|Dark Pulse|p2b: \u00dcxe\n|-damage|p2b: \u00dcxe|77\/100\n|-damage|p1a: Overqwil|81\/100|[from] item: Life Orb\n|\n|-heal|p2b: \u00dcxe|83\/100|[from] item: Black Sludge\n|upkeep\n|\n|t:|1699553484\n|switch|p1b: Golem|Golem-Alola, F|100\/100\n|turn|4\n|\n|t:|1699553502\n|move|p1a: Overqwil|Protect|p1a: Overqwil\n|-singleturn|p1a: Overqwil|Protect\n|move|p2b: \u00dcxe|Baneful Bunker|p2b: \u00dcxe\n|-singleturn|p2b: \u00dcxe|move: Protect\n|move|p2a: Red\u00e9|Volt Switch|p1a: Overqwil\n|-activate|p1a: Overqwil|move: Protect\n|move|p1b: Golem|Explosion|p2a: Red\u00e9|[spread] \n|-activate|p1a: Overqwil|move: Protect\n|-activate|p2b: \u00dcxe|move: Protect\n|-immune|p2a: Red\u00e9|[from] ability: Volt Absorb\n|faint|p1b: Golem\n|\n|-heal|p2b: \u00dcxe|90\/100|[from] item: Black Sludge\n|-sideend|p2: Lilicykrie|move: Tailwind\n|upkeep\n|c|\u2606Lilicykrie|Wowzers\n|\n|t:|1699553523\n|switch|p1b: Gothitelle|Gothitelle, F|100\/100\n|turn|5\n|\n|t:|1699553546\n|switch|p2b: Tingull|Ting-Lu|100\/100\n|-ability|p2b: Tingull|Vessel of Ruin\n|move|p2a: Red\u00e9|Volt Switch|p1b: Gothitelle\n|-damage|p1b: Gothitelle|80\/100\n|\n|t:|1699553554\n|switch|p2a: G\u00f8s\u00e9|Gholdengo, tera:Steel|58\/100 slp|[from] Volt Switch\n|move|p1a: Overqwil|Sludge Bomb|p2a: G\u00f8s\u00e9\n|-immune|p2a: G\u00f8s\u00e9\n|move|p1b: Gothitelle|Psychic|p2b: Tingull\n|-immune|p2b: Tingull\n|\n|upkeep\n|turn|6\n|\n|t:|1699553578\n|switch|p2b: Red\u00e9|Kilowattrel, F|100\/100\n|move|p1a: Overqwil|Dark Pulse|p2a: G\u00f8s\u00e9\n|-damage|p2a: G\u00f8s\u00e9|16\/100 slp\n|-damage|p1a: Overqwil|71\/100|[from] item: Life Orb\n|cant|p2a: G\u00f8s\u00e9|slp\n|move|p1b: Gothitelle|Energy Ball|p2b: Red\u00e9\n|-resisted|p2b: Red\u00e9\n|-damage|p2b: Red\u00e9|72\/100\n|\n|upkeep\n|turn|7\n|\n|t:|1699553604\n|move|p2b: Red\u00e9|Tailwind|p2b: Red\u00e9\n|-sidestart|p2: Lilicykrie|move: Tailwind\n|cant|p2a: G\u00f8s\u00e9|slp\n|move|p1a: Overqwil|Dark Pulse|p2a: G\u00f8s\u00e9\n|-damage|p2a: G\u00f8s\u00e9|0 fnt\n|faint|p2a: G\u00f8s\u00e9\n|-damage|p1a: Overqwil|61\/100|[from] item: Life Orb\n|move|p1b: Gothitelle|Psychic|p2b: Red\u00e9\n|-damage|p2b: Red\u00e9|0 fnt\n|faint|p2b: Red\u00e9\n|\n|upkeep\n|\n|t:|1699553612\n|switch|p2b: Zavi\u00e9|Zangoose, M|100\/100\n|switch|p2a: Flab\u00faber|Tauros-Paldea-Blaze, M|100\/100\n|-ability|p2a: Flab\u00faber|Intimidate|boost\n|-unboost|p1a: Overqwil|atk|1\n|-unboost|p1b: Gothitelle|atk|1\n|-ability|p1b: Gothitelle|Competitive|boost\n|-boost|p1b: Gothitelle|spa|2\n|turn|8\n|\n|t:|1699553626\n|-terastallize|p1b: Gothitelle|Psychic\n|move|p2a: Flab\u00faber|Flare Blitz|p1b: Gothitelle\n|-damage|p1b: Gothitelle|0 fnt\n|faint|p1b: Gothitelle\n|-damage|p2a: Flab\u00faber|70\/100|[from] Recoil\n|move|p2b: Zavi\u00e9|Close Combat|p1a: Overqwil\n|-damage|p1a: Overqwil|20\/100\n|-unboost|p2b: Zavi\u00e9|def|1\n|-unboost|p2b: Zavi\u00e9|spd|1\n|move|p1a: Overqwil|Sludge Bomb|p2b: Zavi\u00e9\n|-damage|p2b: Zavi\u00e9|10\/100\n|-damage|p1a: Overqwil|10\/100|[from] item: Life Orb\n|\n|-status|p2b: Zavi\u00e9|tox|[from] item: Toxic Orb\n|upkeep\n|\n|t:|1699553638\n|switch|p1b: Ogerpon|Ogerpon-Wellspring, F|100\/100\n|turn|9\n|-message|Jo3 2hmo forfeited.\n|\n|win|Lilicykrie\n|raw|Jo3 2hmo's rating: 1010 &rarr; <strong>1002<\/strong><br \/>(-8 for losing)\n|raw|Lilicykrie's rating: 1108 &rarr; <strong>1126<\/strong><br \/>(+18 for winning)\n|l|\u2606Jo3 2hmo\n","uploadtime":1699553650,"views":16,"p1id":"jo32hmo","p2id":"lilicykrie","formatid":"gen9doublesou","rating":1002,"private":0,"password":""}