{"id":"gen9doublesou-1988591724","p1":"dinoistakenistaken","p2":"PirateHop","format":"[Gen 9] Doubles OU","log":"|j|\u2606dinoistakenistaken\n|j|\u2606PirateHop\n|t:|1699739617\n|gametype|doubles\n|player|p1|dinoistakenistaken|101|1079\n|player|p2|PirateHop|wallace|1091\n|teamsize|p1|4\n|teamsize|p2|6\n|gen|9\n|tier|[Gen 9] Doubles OU\n|rated|\n|rule|Species Clause: Limit one of each Pok\u00e9mon\n|rule|OHKO Clause: OHKO moves are banned\n|rule|Evasion Moves Clause: Evasion moves are banned\n|rule|Gravity Sleep Clause: The combination of sleep-inducing moves with imperfect accuracy and Gravity or Gigantamax Orbeetle are banned\n|rule|Endless Battle Clause: Forcing endless battles is banned\n|rule|HP Percentage Mod: HP is shown in percentages\n|clearpoke\n|poke|p1|Armarouge, M|\n|poke|p1|Dragapult, F|\n|poke|p1|Indeedee-F, F|\n|poke|p1|Flamigo, F|\n|poke|p2|Samurott-Hisui, M|\n|poke|p2|Kingambit, F|\n|poke|p2|Palafin, M|\n|poke|p2|Great Tusk|\n|poke|p2|Ogerpon-Hearthflame, F|\n|poke|p2|Garganacl, F|\n|teampreview\n|\n|t:|1699739625\n|start\n|switch|p1a: Armarouge|Armarouge, M|100\/100\n|switch|p1b: Dragapult|Dragapult, F|100\/100\n|switch|p2a: Garganacl|Garganacl, F|100\/100\n|switch|p2b: Samurott|Samurott-Hisui, M|100\/100\n|turn|1\n|\n|t:|1699739645\n|-terastallize|p1a: Armarouge|Psychic\n|move|p1b: Dragapult|U-turn|p1a: Armarouge\n|-supereffective|p1a: Armarouge\n|-damage|p1a: Armarouge|69\/100\n|-ability|p1a: Armarouge|Weak Armor|boost\n|-unboost|p1a: Armarouge|def|1\n|-boost|p1a: Armarouge|spe|2\n|-enditem|p1a: Armarouge|Weakness Policy\n|-boost|p1a: Armarouge|atk|2|[from] item: Weakness Policy\n|-boost|p1a: Armarouge|spa|2|[from] item: Weakness Policy\n|inactive|Battle timer is ON: inactive players will automatically lose when time's up. (requested by dinoistakenistaken)\n|\n|t:|1699739649\n|switch|p1b: Indeedee|Indeedee-F, F|100\/100|[from] U-turn\n|-fieldstart|move: Psychic Terrain|[from] ability: Psychic Surge|[of] p1b: Indeedee\n|move|p1a: Armarouge|Aura Sphere|p2b: Samurott\n|-supereffective|p2b: Samurott\n|-enditem|p2b: Samurott|Focus Sash\n|-damage|p2b: Samurott|1\/100\n|move|p2b: Samurott|Ceaseless Edge|p1b: Indeedee\n|-supereffective|p1b: Indeedee\n|-damage|p1b: Indeedee|0 fnt\n|-sidestart|p1: dinoistakenistaken|Spikes\n|faint|p1b: Indeedee\n|move|p2a: Garganacl|Iron Defense|p2a: Garganacl\n|-boost|p2a: Garganacl|def|2\n|\n|upkeep\n|\n|t:|1699739654\n|switch|p1b: Flamigo|Flamigo, F|100\/100\n|-copyboost|p1b: Flamigo|p1a: Armarouge|[from] ability: Costar\n|-enditem|p1b: Flamigo|White Herb\n|-clearnegativeboost|p1b: Flamigo|[silent]\n|turn|2\n|inactive|dinoistakenistaken has 120 seconds left.\n|\n|t:|1699739688\n|move|p1b: Flamigo|Liquidation|p2a: Garganacl\n|-supereffective|p2a: Garganacl\n|-damage|p2a: Garganacl|67\/100\n|move|p1a: Armarouge|Heat Wave|p2a: Garganacl|[spread] p2a,p2b\n|-resisted|p2a: Garganacl\n|-resisted|p2b: Samurott\n|-damage|p2a: Garganacl|35\/100\n|-damage|p2b: Samurott|0 fnt\n|faint|p2b: Samurott\n|move|p2a: Garganacl|Body Press|p1b: Flamigo\n|-resisted|p1b: Flamigo\n|-damage|p1b: Flamigo|60\/100\n|\n|upkeep\n|inactive|PirateHop has 120 seconds left.\n|\n|t:|1699739707\n|switch|p2b: Palafin|Palafin, M|100\/100\n|turn|3\n|\n|t:|1699739715\n|detailschange|p2b: Palafin|Palafin-Hero, M\n|switch|p2b: Kingambit|Kingambit, F|100\/100\n|-activate|p2b: Kingambit|ability: Supreme Overlord\n|-start|p2b: Kingambit|fallen1|[silent]\n|move|p1b: Flamigo|Acrobatics|p2b: Kingambit\n|-resisted|p2b: Kingambit\n|-damage|p2b: Kingambit|61\/100\n|move|p1a: Armarouge|Expanding Force|p2b: Kingambit|[spread] p2a\n|-immune|p2b: Kingambit\n|-damage|p2a: Garganacl|0 fnt\n|faint|p2a: Garganacl\n|\n|upkeep\n|\n|t:|1699739735\n|switch|p2a: Palafin|Palafin-Hero, M|100\/100\n|-activate|p2a: Palafin|ability: Zero to Hero\n|turn|4\n|\n|t:|1699739757\n|-terastallize|p2b: Kingambit|Fairy\n|move|p2a: Palafin|Jet Punch|p1a: Armarouge\n|-activate|p1a: Armarouge|move: Psychic Terrain\n|move|p1b: Flamigo|Close Combat|p2b: Kingambit\n|-resisted|p2b: Kingambit\n|-damage|p2b: Kingambit|21\/100\n|-unboost|p1b: Flamigo|def|1\n|-unboost|p1b: Flamigo|spd|1\n|move|p1a: Armarouge|Expanding Force|p2b: Kingambit|[spread] p2a,p2b\n|-crit|p2b: Kingambit\n|-damage|p2a: Palafin|0 fnt\n|-damage|p2b: Kingambit|0 fnt\n|faint|p2a: Palafin\n|faint|p2b: Kingambit\n|-end|p2b: Kingambit|fallen1|[silent]\n|\n|upkeep\n|\n|t:|1699739771\n|switch|p2a: Great Tusk|Great Tusk|100\/100\n|switch|p2b: Ogerpon|Ogerpon-Hearthflame, F|100\/100\n|-ability|p2b: Ogerpon|Mold Breaker\n|-enditem|p2a: Great Tusk|Booster Energy\n|-activate|p2a: Great Tusk|ability: Protosynthesis|[fromitem]\n|-start|p2a: Great Tusk|protosynthesisatk\n|turn|5\n|\n|t:|1699739785\n|move|p1b: Flamigo|Liquidation|p2a: Great Tusk\n|-supereffective|p2a: Great Tusk\n|-damage|p2a: Great Tusk|31\/100\n|move|p1a: Armarouge|Expanding Force|p2b: Ogerpon|[spread] p2a,p2b\n|-supereffective|p2a: Great Tusk\n|-damage|p2a: Great Tusk|0 fnt\n|-damage|p2b: Ogerpon|0 fnt\n|faint|p2a: Great Tusk\n|-end|p2a: Great Tusk|Protosynthesis|[silent]\n|faint|p2b: Ogerpon\n|\n|win|dinoistakenistaken\n|raw|dinoistakenistaken's rating: 1079 &rarr; <strong>1108<\/strong><br \/>(+29 for winning)\n|raw|PirateHop's rating: 1091 &rarr; <strong>1067<\/strong><br \/>(-24 for losing)\n|l|\u2606PirateHop\n","uploadtime":1699739792,"views":5,"p1id":"dinoistakenistaken","p2id":"piratehop","formatid":"gen9doublesou","rating":1067,"private":0,"password":""}