{"id":"gen9doublesou-1986176339","p1":"reposefulpallas","p2":"Lauriam6666","format":"[Gen 9] Doubles OU","log":"|j|\u2606reposefulpallas\n|j|\u2606Lauriam6666\n|t:|1699457229\n|gametype|doubles\n|player|p1|reposefulpallas|pokemonrangerf-gen3rs|1532\n|player|p2|Lauriam6666|tuber|1428\n|teamsize|p1|6\n|teamsize|p2|6\n|gen|9\n|tier|[Gen 9] Doubles OU\n|rated|\n|rule|Species Clause: Limit one of each Pok\u00e9mon\n|rule|OHKO Clause: OHKO moves are banned\n|rule|Evasion Moves Clause: Evasion moves are banned\n|rule|Gravity Sleep Clause: The combination of sleep-inducing moves with imperfect accuracy and Gravity or Gigantamax Orbeetle are banned\n|rule|Endless Battle Clause: Forcing endless battles is banned\n|rule|HP Percentage Mod: HP is shown in percentages\n|clearpoke\n|poke|p1|Kommo-o, M|\n|poke|p1|Arcanine-Hisui, M|\n|poke|p1|Sinistcha|\n|poke|p1|Illumise, F|\n|poke|p1|Chi-Yu|\n|poke|p1|Oricorio-Pom-Pom, F|\n|poke|p2|Tinkaton, F|\n|poke|p2|Talonflame, F|\n|poke|p2|Ursaluna-Bloodmoon, M|\n|poke|p2|Flutter Mane|\n|poke|p2|Chi-Yu|\n|poke|p2|Landorus-Therian, M|\n|teampreview\n|\n|t:|1699457247\n|start\n|switch|p1a: Trap Queen|Illumise, F|100\/100\n|switch|p1b: Cup of Cancer|Sinistcha|100\/100\n|switch|p2a: Tinkaton|Tinkaton, F|100\/100\n|switch|p2b: Ursaluna|Ursaluna-Bloodmoon, M|100\/100\n|-ability|p2a: Tinkaton|Mold Breaker\n|turn|1\n|\n|t:|1699457261\n|switch|p2b: Chi-Yu|Chi-Yu|100\/100\n|-ability|p2b: Chi-Yu|Beads of Ruin\n|move|p1b: Cup of Cancer|Protect|p1b: Cup of Cancer\n|-singleturn|p1b: Cup of Cancer|Protect\n|move|p1a: Trap Queen|Tailwind|p1a: Trap Queen\n|-sidestart|p1: reposefulpallas|move: Tailwind\n|move|p2a: Tinkaton|Knock Off|p1b: Cup of Cancer\n|-activate|p1b: Cup of Cancer|move: Protect\n|\n|upkeep\n|turn|2\n|\n|t:|1699457277\n|switch|p1b: Girl's Best Friend|Arcanine-Hisui, M|100\/100\n|-ability|p1b: Girl's Best Friend|Intimidate|boost\n|-unboost|p2a: Tinkaton|atk|1\n|-unboost|p2b: Chi-Yu|atk|1\n|move|p1a: Trap Queen|Struggle Bug|p2b: Chi-Yu|[spread] p2a,p2b\n|-resisted|p2a: Tinkaton\n|-damage|p2a: Tinkaton|98\/100\n|-damage|p2b: Chi-Yu|89\/100\n|-unboost|p2a: Tinkaton|spa|1\n|-unboost|p2b: Chi-Yu|spa|1\n|move|p2b: Chi-Yu|Heat Wave|p1a: Trap Queen|[spread] p1a,p1b\n|-supereffective|p1a: Trap Queen\n|-resisted|p1b: Girl's Best Friend\n|-damage|p1a: Trap Queen|19\/100\n|-damage|p1b: Girl's Best Friend|91\/100\n|move|p2a: Tinkaton|Knock Off|p1b: Girl's Best Friend\n|-damage|p1b: Girl's Best Friend|78\/100\n|-damage|p2a: Tinkaton|81\/100|[from] item: Rocky Helmet|[of] p1b: Girl's Best Friend\n|-enditem|p1b: Girl's Best Friend|Rocky Helmet|[from] move: Knock Off|[of] p2a: Tinkaton\n|\n|upkeep\n|turn|3\n|\n|t:|1699457301\n|switch|p1a: Le Fishe Au Magma|Chi-Yu|100\/100\n|-ability|p1a: Le Fishe Au Magma|Beads of Ruin\n|switch|p2b: Landorus|Landorus-Therian, M|100\/100\n|-ability|p2b: Landorus|Intimidate|boost\n|-unboost|p1a: Le Fishe Au Magma|atk|1\n|-unboost|p1b: Girl's Best Friend|atk|1\n|move|p1b: Girl's Best Friend|Flare Blitz|p2a: Tinkaton\n|-supereffective|p2a: Tinkaton\n|-damage|p2a: Tinkaton|14\/100\n|-enditem|p2a: Tinkaton|Sitrus Berry|[eat]\n|-heal|p2a: Tinkaton|39\/100|[from] item: Sitrus Berry\n|-damage|p1b: Girl's Best Friend|52\/100|[from] Recoil\n|move|p2a: Tinkaton|Gigaton Hammer|p1a: Le Fishe Au Magma\n|-resisted|p1a: Le Fishe Au Magma\n|-damage|p1a: Le Fishe Au Magma|77\/100\n|\n|upkeep\n|turn|4\n|\n|t:|1699457336\n|switch|p2a: Ursaluna|Ursaluna-Bloodmoon, M|100\/100\n|move|p1a: Le Fishe Au Magma|Heat Wave|p2b: Landorus|[spread] p2a\n|-miss|p1a: Le Fishe Au Magma|p2b: Landorus\n|-damage|p2a: Ursaluna|0 fnt\n|faint|p2a: Ursaluna\n|move|p1b: Girl's Best Friend|Will-O-Wisp|p2b: Landorus\n|-status|p2b: Landorus|brn\n|move|p2b: Landorus|Stomping Tantrum|p1a: Le Fishe Au Magma\n|-supereffective|p1a: Le Fishe Au Magma\n|-damage|p1a: Le Fishe Au Magma|8\/100\n|\n|-damage|p2b: Landorus|95\/100 brn|[from] brn\n|-sideend|p1: reposefulpallas|move: Tailwind\n|upkeep\n|\n|t:|1699457353\n|switch|p2a: Talonflame|Talonflame, F|100\/100\n|turn|5\n|\n|t:|1699457359\n|switch|p1a: Cup of Cancer|Sinistcha|100\/100\n|-heal|p1b: Girl's Best Friend|77\/100|[from] ability: Hospitality|[of] p1a: Cup of Cancer\n|move|p2a: Talonflame|Tailwind|p2a: Talonflame\n|-sidestart|p2: Lauriam6666|move: Tailwind\n|move|p2b: Landorus|Stomping Tantrum|p1b: Girl's Best Friend\n|-supereffective|p1b: Girl's Best Friend\n|-damage|p1b: Girl's Best Friend|0 fnt\n|faint|p1b: Girl's Best Friend\n|\n|-damage|p2b: Landorus|89\/100 brn|[from] brn\n|upkeep\n|\n|t:|1699457370\n|switch|p1b: Le Fishe Au Magma|Chi-Yu|8\/100\n|-ability|p1b: Le Fishe Au Magma|Beads of Ruin\n|turn|6\n|\n|t:|1699457386\n|switch|p2b: Chi-Yu|Chi-Yu|89\/100\n|-ability|p2b: Chi-Yu|Beads of Ruin\n|move|p1a: Cup of Cancer|Protect|p1a: Cup of Cancer\n|-singleturn|p1a: Cup of Cancer|Protect\n|move|p2a: Talonflame|Aerial Ace|p1b: Le Fishe Au Magma\n|-damage|p1b: Le Fishe Au Magma|0 fnt\n|faint|p1b: Le Fishe Au Magma\n|\n|upkeep\n|\n|t:|1699457394\n|switch|p1b: Trap Queen|Illumise, F|19\/100\n|turn|7\n|\n|t:|1699457404\n|-terastallize|p1a: Cup of Cancer|Normal\n|move|p2a: Talonflame|Aerial Ace|p1b: Trap Queen\n|-supereffective|p1b: Trap Queen\n|-damage|p1b: Trap Queen|0 fnt\n|faint|p1b: Trap Queen\n|move|p2b: Chi-Yu|Dark Pulse|p1a: Cup of Cancer\n|-damage|p1a: Cup of Cancer|36\/100\n|move|p1a: Cup of Cancer|Matcha Gotcha|p2b: Chi-Yu|[spread] p2a,p2b\n|-resisted|p2a: Talonflame\n|-resisted|p2b: Chi-Yu\n|-crit|p2b: Chi-Yu\n|-damage|p2a: Talonflame|87\/100\n|-heal|p1a: Cup of Cancer|44\/100|[from] drain|[of] p2a: Talonflame\n|-damage|p2b: Chi-Yu|60\/100\n|-heal|p1a: Cup of Cancer|54\/100|[from] drain|[of] p2b: Chi-Yu\n|\n|-heal|p1a: Cup of Cancer|60\/100|[from] item: Leftovers\n|upkeep\n|\n|t:|1699457411\n|switch|p1b: Disco King|Kommo-o, M|100\/100\n|turn|8\n|\n|t:|1699457432\n|move|p1a: Cup of Cancer|Protect|p1a: Cup of Cancer\n|-singleturn|p1a: Cup of Cancer|Protect\n|move|p2a: Talonflame|Will-O-Wisp|p1b: Disco King\n|-status|p1b: Disco King|brn\n|move|p2b: Chi-Yu|Dark Pulse|p1a: Cup of Cancer\n|-activate|p1a: Cup of Cancer|move: Protect\n|move|p1b: Disco King|Drain Punch|p2b: Chi-Yu\n|-supereffective|p2b: Chi-Yu\n|-damage|p2b: Chi-Yu|6\/100\n|\n|-heal|p1a: Cup of Cancer|66\/100|[from] item: Leftovers\n|-damage|p1b: Disco King|94\/100 brn|[from] brn\n|-sideend|p2: Lauriam6666|move: Tailwind\n|upkeep\n|turn|9\n|\n|t:|1699457464\n|move|p2a: Talonflame|Aerial Ace|p1a: Cup of Cancer\n|-damage|p1a: Cup of Cancer|48\/100\n|move|p2b: Chi-Yu|Dark Pulse|p1a: Cup of Cancer\n|-damage|p1a: Cup of Cancer|0 fnt\n|faint|p1a: Cup of Cancer\n|move|p1b: Disco King|Dragon Claw|p2a: Talonflame\n|-damage|p2a: Talonflame|65\/100\n|\n|-damage|p1b: Disco King|88\/100 brn|[from] brn\n|upkeep\n|\n|t:|1699457468\n|switch|p1a: Backup Dancer|Oricorio-Pom-Pom, F|100\/100\n|turn|10\n|inactive|Battle timer is ON: inactive players will automatically lose when time's up. (requested by reposefulpallas)\n|\n|t:|1699457509\n|move|p2a: Talonflame|Tailwind|p2a: Talonflame\n|-sidestart|p2: Lauriam6666|move: Tailwind\n|move|p2b: Chi-Yu|Snarl|p1a: Backup Dancer|[spread] p1a,p1b\n|-resisted|p1b: Disco King\n|-damage|p1a: Backup Dancer|55\/100\n|-damage|p1b: Disco King|72\/100 brn\n|-unboost|p1a: Backup Dancer|spa|1\n|move|p1b: Disco King|Clangorous Soul|p1b: Disco King\n|-boost|p1b: Disco King|atk|1\n|-boost|p1b: Disco King|def|1\n|-boost|p1b: Disco King|spa|1\n|-boost|p1b: Disco King|spd|1\n|-boost|p1b: Disco King|spe|1\n|-damage|p1b: Disco King|39\/100 brn\n|-activate|p1a: Backup Dancer|ability: Dancer\n|move|p1a: Backup Dancer|Clangorous Soul|p1a: Backup Dancer|[from]ability: Dancer\n|-boost|p1a: Backup Dancer|atk|1\n|-boost|p1a: Backup Dancer|def|1\n|-boost|p1a: Backup Dancer|spa|1\n|-boost|p1a: Backup Dancer|spd|1\n|-boost|p1a: Backup Dancer|spe|1\n|-damage|p1a: Backup Dancer|22\/100\n|move|p1a: Backup Dancer|Roost|p1a: Backup Dancer\n|-heal|p1a: Backup Dancer|72\/100\n|-singleturn|p1a: Backup Dancer|move: Roost\n|\n|-heal|p1a: Backup Dancer|78\/100|[from] item: Leftovers\n|-damage|p1b: Disco King|32\/100 brn|[from] brn\n|upkeep\n|turn|11\n|inactive|Lauriam6666 has 120 seconds left.\n|\n|t:|1699457544\n|move|p2a: Talonflame|Will-O-Wisp|p1a: Backup Dancer\n|-status|p1a: Backup Dancer|brn\n|move|p2b: Chi-Yu|Dark Pulse|p1a: Backup Dancer\n|-damage|p1a: Backup Dancer|17\/100 brn\n|move|p1b: Disco King|Drain Punch|p2b: Chi-Yu\n|-supereffective|p2b: Chi-Yu\n|-damage|p2b: Chi-Yu|0 fnt\n|-heal|p1b: Disco King|35\/100 brn|[from] drain|[of] p2b: Chi-Yu\n|faint|p2b: Chi-Yu\n|move|p1a: Backup Dancer|Quiver Dance|p1a: Backup Dancer\n|-boost|p1a: Backup Dancer|spa|1\n|-boost|p1a: Backup Dancer|spd|1\n|-boost|p1a: Backup Dancer|spe|1\n|\n|-heal|p1a: Backup Dancer|23\/100 brn|[from] item: Leftovers\n|-damage|p1a: Backup Dancer|17\/100 brn|[from] brn\n|-damage|p1b: Disco King|29\/100 brn|[from] brn\n|upkeep\n|\n|t:|1699457561\n|switch|p2b: Landorus|Landorus-Therian, M|89\/100 brn\n|-ability|p2b: Landorus|Intimidate|boost\n|-unboost|p1a: Backup Dancer|atk|1\n|-fail|p1b: Disco King|unboost|[from] item: Clear Amulet|[of] p1b: Disco King\n|turn|12\n|inactive|Lauriam6666 has 120 seconds left.\n|\n|t:|1699457572\n|move|p2a: Talonflame|Protect|p2a: Talonflame\n|-singleturn|p2a: Talonflame|Protect\n|move|p2b: Landorus|Rock Slide|p1a: Backup Dancer|[spread] p1a,p1b\n|-supereffective|p1a: Backup Dancer\n|-resisted|p1b: Disco King\n|-damage|p1a: Backup Dancer|0 fnt\n|-damage|p1b: Disco King|25\/100 brn\n|faint|p1a: Backup Dancer\n|move|p1b: Disco King|Poison Jab|p2a: Talonflame\n|-activate|p2a: Talonflame|move: Protect\n|\n|-damage|p2b: Landorus|83\/100 brn|[from] brn\n|-damage|p1b: Disco King|19\/100 brn|[from] brn\n|upkeep\n|turn|13\n|-message|reposefulpallas forfeited.\n|\n|win|Lauriam6666\n|raw|reposefulpallas's rating: 1532 &rarr; <strong>1506<\/strong><br \/>(-26 for losing)\n|raw|Lauriam6666's rating: 1428 &rarr; <strong>1454<\/strong><br \/>(+26 for winning)\n|l|\u2606reposefulpallas\n","uploadtime":1699457585,"views":9,"p1id":"reposefulpallas","p2id":"lauriam6666","formatid":"gen9doublesou","rating":1454,"private":0,"password":""}