{"id":"gen9doublesou-1970780373","p1":"LaPollaQueTeApoya","p2":"brbrubr","format":"[Gen 9] Doubles OU","log":"|j|\u2606LaPollaQueTeApoya\n|j|\u2606brbrubr\n|t:|1697666462\n|gametype|doubles\n|player|p1|LaPollaQueTeApoya|hiker-gen4|1716\n|player|p2|brbrubr|266|1788\n|teamsize|p1|6\n|teamsize|p2|6\n|gen|9\n|tier|[Gen 9] Doubles OU\n|rated|\n|rule|Species Clause: Limit one of each Pok\u00e9mon\n|rule|OHKO Clause: OHKO moves are banned\n|rule|Evasion Moves Clause: Evasion moves are banned\n|rule|Gravity Sleep Clause: The combination of sleep-inducing moves with imperfect accuracy and Gravity or Gigantamax Orbeetle are banned\n|rule|Endless Battle Clause: Forcing endless battles is banned\n|rule|HP Percentage Mod: HP is shown in percentages\n|clearpoke\n|poke|p1|Chien-Pao|\n|poke|p1|Rillaboom, M|\n|poke|p1|Ursaluna-Bloodmoon, M|\n|poke|p1|Basculegion, M|\n|poke|p1|Toxapex, F|\n|poke|p1|Chandelure, F|\n|poke|p2|Armarouge, M|\n|poke|p2|Ursaluna-Bloodmoon, M|\n|poke|p2|Chi-Yu|\n|poke|p2|Torkoal, F|\n|poke|p2|Brute Bonnet|\n|poke|p2|Indeedee-F, F|\n|teampreview\n|inactive|Battle timer is ON: inactive players will automatically lose when time's up. (requested by LaPollaQueTeApoya)\n|inactive|LaPollaQueTeApoya has 120 seconds left.\n|\n|t:|1697666518\n|start\n|switch|p1a: Ursaluna|Ursaluna-Bloodmoon, M|100\/100\n|switch|p1b: Chandelure|Chandelure, F|100\/100\n|switch|p2a: Indeedee|Indeedee-F, F|100\/100\n|switch|p2b: Armarouge|Armarouge, M, shiny|100\/100\n|-fieldstart|move: Psychic Terrain|[from] ability: Psychic Surge|[of] p2a: Indeedee\n|turn|1\n|\n|t:|1697666544\n|move|p2a: Indeedee|Follow Me|p2a: Indeedee\n|-singleturn|p2a: Indeedee|move: Follow Me\n|move|p1b: Chandelure|Taunt|p2a: Indeedee\n|-start|p2a: Indeedee|move: Taunt\n|move|p1a: Ursaluna|Hyper Voice|p2a: Indeedee|[spread] p2a,p2b\n|-damage|p2a: Indeedee|74\/100\n|-damage|p2b: Armarouge|56\/100\n|move|p2b: Armarouge|Trick Room|p2b: Armarouge\n|-fieldstart|move: Trick Room|[of] p2b: Armarouge\n|\n|upkeep\n|turn|2\n|\n|t:|1697666561\n|switch|p1b: Rillaboom|Rillaboom, M|100\/100\n|-fieldstart|move: Grassy Terrain|[from] ability: Grassy Surge|[of] p1b: Rillaboom\n|move|p2b: Armarouge|Expanding Force|p1a: Ursaluna\n|-damage|p1a: Ursaluna|69\/100\n|move|p1a: Ursaluna|Earth Power|p2b: Armarouge\n|-supereffective|p2b: Armarouge\n|-damage|p2b: Armarouge|0 fnt\n|faint|p2b: Armarouge\n|move|p2a: Indeedee|Dazzling Gleam|p1a: Ursaluna|[spread] p1a,p1b\n|-damage|p1a: Ursaluna|61\/100\n|-damage|p1b: Rillaboom|84\/100\n|\n|-heal|p1a: Ursaluna|67\/100|[from] Grassy Terrain\n|-heal|p2a: Indeedee|80\/100|[from] Grassy Terrain\n|-heal|p1b: Rillaboom|91\/100|[from] Grassy Terrain\n|upkeep\n|\n|t:|1697666576\n|switch|p2b: Chi-Yu|Chi-Yu|100\/100\n|-ability|p2b: Chi-Yu|Beads of Ruin\n|turn|3\n|\n|t:|1697666595\n|switch|p2a: Torkoal|Torkoal, F|100\/100\n|-weather|SunnyDay|[from] ability: Drought|[of] p2a: Torkoal\n|move|p2b: Chi-Yu|Protect|p2b: Chi-Yu\n|-singleturn|p2b: Chi-Yu|Protect\n|move|p1a: Ursaluna|Hyper Voice|p2b: Chi-Yu|[spread] p2a\n|-activate|p2b: Chi-Yu|move: Protect\n|-damage|p2a: Torkoal|29\/100\n|move|p1b: Rillaboom|High Horsepower|p2b: Chi-Yu\n|-activate|p2b: Chi-Yu|move: Protect\n|\n|-weather|SunnyDay|[upkeep]\n|-heal|p2a: Torkoal|35\/100|[from] Grassy Terrain\n|-heal|p1a: Ursaluna|73\/100|[from] Grassy Terrain\n|-heal|p1b: Rillaboom|97\/100|[from] Grassy Terrain\n|upkeep\n|turn|4\n|\n|t:|1697666624\n|switch|p1b: Chandelure|Chandelure, F|100\/100\n|move|p2a: Torkoal|Heat Wave|p1a: Ursaluna|[spread] p1a\n|-start|p1b: Chandelure|ability: Flash Fire\n|-damage|p1a: Ursaluna|13\/100\n|move|p1a: Ursaluna|Hyper Voice|p2b: Chi-Yu|[spread] p2a,p2b\n|-damage|p2a: Torkoal|0 fnt\n|-damage|p2b: Chi-Yu|51\/100\n|faint|p2a: Torkoal\n|move|p2b: Chi-Yu|Heat Wave|p1b: Chandelure|[spread] p1a\n|-immune|p1b: Chandelure|[from] ability: Flash Fire\n|-damage|p1a: Ursaluna|0 fnt\n|faint|p1a: Ursaluna\n|\n|-weather|SunnyDay|[upkeep]\n|-heal|p2b: Chi-Yu|57\/100|[from] Grassy Terrain\n|upkeep\n|inactive|LaPollaQueTeApoya has 120 seconds left.\n|\n|t:|1697666676\n|switch|p2a: Brute Bonnet|Brute Bonnet|100\/100\n|switch|p1a: Toxapex|Toxapex, F|100\/100\n|-activate|p2a: Brute Bonnet|ability: Protosynthesis\n|-start|p2a: Brute Bonnet|protosynthesisatk\n|turn|5\n|inactive|LaPollaQueTeApoya has 120 seconds left.\n|\n|t:|1697666708\n|-terastallize|p1b: Chandelure|Grass\n|move|p2b: Chi-Yu|Protect|p2b: Chi-Yu\n|-singleturn|p2b: Chi-Yu|Protect\n|move|p1a: Toxapex|Infestation|p2b: Chi-Yu\n|-activate|p2b: Chi-Yu|move: Protect\n|move|p2a: Brute Bonnet|Spore|p1b: Chandelure\n|-immune|p1b: Chandelure\n|move|p1b: Chandelure|Heat Wave|p2b: Chi-Yu|[spread] p2a\n|-activate|p2b: Chi-Yu|move: Protect\n|-supereffective|p2a: Brute Bonnet\n|-damage|p2a: Brute Bonnet|0 fnt\n|faint|p2a: Brute Bonnet\n|-end|p2a: Brute Bonnet|Protosynthesis|[silent]\n|\n|-weather|SunnyDay|[upkeep]\n|-heal|p2b: Chi-Yu|63\/100|[from] Grassy Terrain\n|-fieldend|move: Trick Room\n|upkeep\n|\n|t:|1697666721\n|switch|p2a: Ursaluna|Ursaluna-Bloodmoon, M|100\/100\n|turn|6\n|inactive|LaPollaQueTeApoya has 120 seconds left.\n|\n|t:|1697666745\n|move|p2b: Chi-Yu|Dark Pulse|p1b: Chandelure\n|-damage|p1b: Chandelure|20\/100\n|move|p1b: Chandelure|Heat Wave|p2a: Ursaluna|[spread] p2b\n|-miss|p1b: Chandelure|p2a: Ursaluna\n|-resisted|p2b: Chi-Yu\n|-damage|p2b: Chi-Yu|11\/100\n|move|p2a: Ursaluna|Earth Power|p1a: Toxapex\n|-supereffective|p1a: Toxapex\n|-damage|p1a: Toxapex|0 fnt\n|faint|p1a: Toxapex\n|\n|-weather|SunnyDay|[upkeep]\n|-heal|p2b: Chi-Yu|17\/100|[from] Grassy Terrain\n|-heal|p1b: Chandelure|26\/100|[from] Grassy Terrain\n|-fieldend|move: Grassy Terrain\n|upkeep\n|\n|t:|1697666763\n|switch|p1a: Chien-Pao|Chien-Pao|100\/100\n|-ability|p1a: Chien-Pao|Sword of Ruin\n|turn|7\n|inactive|brbrubr has 120 seconds left.\n|\n|t:|1697666819\n|-terastallize|p2a: Ursaluna|Fairy\n|move|p2b: Chi-Yu|Protect|p2b: Chi-Yu\n|-singleturn|p2b: Chi-Yu|Protect\n|move|p1a: Chien-Pao|Throat Chop|p2b: Chi-Yu\n|-activate|p2b: Chi-Yu|move: Protect\n|move|p1b: Chandelure|Heat Wave|p2b: Chi-Yu|[spread] p2a\n|-activate|p2b: Chi-Yu|move: Protect\n|-damage|p2a: Ursaluna|0 fnt\n|faint|p2a: Ursaluna\n|\n|-weather|none\n|upkeep\n|inactive|brbrubr has 90 seconds left.\n|\n|t:|1697666831\n|switch|p2a: Indeedee|Indeedee-F, F|80\/100\n|-fieldstart|move: Psychic Terrain|[from] ability: Psychic Surge|[of] p2a: Indeedee\n|turn|8\n|\n|t:|1697666851\n|move|p1a: Chien-Pao|Throat Chop|p2b: Chi-Yu\n|-resisted|p2b: Chi-Yu\n|-damage|p2b: Chi-Yu|0 fnt\n|faint|p2b: Chi-Yu\n|move|p1b: Chandelure|Heat Wave|p2a: Indeedee\n|-damage|p2a: Indeedee|29\/100\n|move|p2a: Indeedee|Trick Room|p2a: Indeedee\n|-fieldstart|move: Trick Room|[of] p2a: Indeedee\n|\n|upkeep\n|turn|9\n|-message|brbrubr forfeited.\n|\n|win|LaPollaQueTeApoya\n|raw|LaPollaQueTeApoya's rating: 1716 &rarr; <strong>1740<\/strong><br \/>(+24 for winning)\n|raw|brbrubr's rating: 1788 &rarr; <strong>1764<\/strong><br \/>(-24 for losing)\n|l|\u2606brbrubr\n","uploadtime":1697666937,"views":17,"p1id":"lapollaqueteapoya","p2id":"brbrubr","formatid":"gen9doublesou","rating":1740,"private":0,"password":""}