{"id":"gen9doublesou-1988928612","p1":"Macizo510","p2":"jmherrero1","format":"[Gen 9] Doubles OU","log":"|j|\u2606Macizo510\n|j|\u2606jmherrero1\n|t:|1699789512\n|gametype|doubles\n|player|p1|Macizo510|benga|1199\n|player|p2|jmherrero1|harlequin|1144\n|teamsize|p1|6\n|teamsize|p2|6\n|gen|9\n|tier|[Gen 9] Doubles OU\n|rated|\n|rule|Species Clause: Limit one of each Pok\u00e9mon\n|rule|OHKO Clause: OHKO moves are banned\n|rule|Evasion Moves Clause: Evasion moves are banned\n|rule|Gravity Sleep Clause: The combination of sleep-inducing moves with imperfect accuracy and Gravity or Gigantamax Orbeetle are banned\n|rule|Endless Battle Clause: Forcing endless battles is banned\n|rule|HP Percentage Mod: HP is shown in percentages\n|clearpoke\n|poke|p1|Garchomp, F|\n|poke|p1|Murkrow, M|\n|poke|p1|Zapdos|\n|poke|p1|Milotic, M|\n|poke|p1|Arcanine, F|\n|poke|p1|Goodra-Hisui, F|\n|poke|p2|Kleavor, M|\n|poke|p2|Amoonguss, F|\n|poke|p2|Iron Hands|\n|poke|p2|Barraskewda, M|\n|poke|p2|Farigiraf, F|\n|poke|p2|Basculegion-F, F|\n|teampreview\n|inactive|Battle timer is ON: inactive players will automatically lose when time's up. (requested by Macizo510)\n|\n|t:|1699789541\n|start\n|switch|p1a: Murkrow|Murkrow, M|100\/100\n|switch|p1b: Arcanine|Arcanine, F|100\/100\n|switch|p2a: Barraskewda|Barraskewda, M|100\/100\n|switch|p2b: Farigiraf|Farigiraf, F|100\/100\n|-ability|p1b: Arcanine|Intimidate|boost\n|-unboost|p2a: Barraskewda|atk|1\n|-unboost|p2b: Farigiraf|atk|1\n|turn|1\n|\n|t:|1699789555\n|move|p1a: Murkrow|Tailwind|p1a: Murkrow\n|-sidestart|p1: Macizo510|move: Tailwind\n|move|p1b: Arcanine|Wild Charge|p2a: Barraskewda\n|-supereffective|p2a: Barraskewda\n|-damage|p2a: Barraskewda|0 fnt\n|faint|p2a: Barraskewda\n|-damage|p1b: Arcanine|80\/100|[from] Recoil\n|move|p2b: Farigiraf|Trick Room|p2b: Farigiraf\n|-fieldstart|move: Trick Room|[of] p2b: Farigiraf\n|\n|upkeep\n|\n|t:|1699789569\n|switch|p2a: Basculegion|Basculegion-F, F|100\/100\n|turn|2\n|\n|t:|1699789585\n|switch|p1b: Goodra|Goodra-Hisui, F|100\/100\n|move|p1a: Murkrow|Protect|p1a: Murkrow\n|-singleturn|p1a: Murkrow|Protect\n|move|p2b: Farigiraf|Dazzling Gleam|p1b: Goodra|[spread] p1b\n|-activate|p1a: Murkrow|move: Protect\n|-damage|p1b: Goodra|86\/100\n|move|p2a: Basculegion|Hydro Pump|p1b: Goodra\n|-resisted|p1b: Goodra\n|-damage|p1b: Goodra|67\/100\n|\n|upkeep\n|turn|3\n|\n|t:|1699789608\n|switch|p2a: Iron Hands|Iron Hands|100\/100\n|move|p2b: Farigiraf|Dazzling Gleam|p1b: Goodra|[spread] p1a,p1b\n|-supereffective|p1a: Murkrow\n|-damage|p1a: Murkrow|66\/100\n|-damage|p1b: Goodra|53\/100\n|move|p1b: Goodra|Dragon Pulse|p2a: Iron Hands\n|-damage|p2a: Iron Hands|69\/100\n|move|p1a: Murkrow|Foul Play|p2a: Iron Hands\n|-resisted|p2a: Iron Hands\n|-damage|p2a: Iron Hands|50\/100\n|\n|upkeep\n|turn|4\n|\n|t:|1699789626\n|switch|p1b: Garchomp|Garchomp, F|100\/100\n|move|p2b: Farigiraf|Helping Hand|p2a: Iron Hands\n|-singleturn|p2a: Iron Hands|Helping Hand|[of] p2b: Farigiraf\n|move|p1a: Murkrow|Protect|p1a: Murkrow\n|-singleturn|p1a: Murkrow|Protect\n|move|p2a: Iron Hands|Fake Out|p1a: Murkrow\n|-activate|p1a: Murkrow|move: Protect\n|\n|-sideend|p1: Macizo510|move: Tailwind\n|upkeep\n|turn|5\n|\n|t:|1699789644\n|move|p2b: Farigiraf|Helping Hand|p2a: Iron Hands\n|-singleturn|p2a: Iron Hands|Helping Hand|[of] p2b: Farigiraf\n|move|p2a: Iron Hands|Drain Punch|p1b: Garchomp\n|-damage|p1b: Garchomp|37\/100\n|-heal|p2a: Iron Hands|75\/100|[from] drain|[of] p1b: Garchomp\n|-damage|p2a: Iron Hands|63\/100|[from] ability: Rough Skin|[of] p1b: Garchomp\n|move|p1a: Murkrow|Foul Play|p2b: Farigiraf\n|-supereffective|p2b: Farigiraf\n|-enditem|p2b: Farigiraf|Colbur Berry|[eat]\n|-enditem|p2b: Farigiraf|Colbur Berry|[weaken]\n|-damage|p2b: Farigiraf|84\/100\n|move|p1b: Garchomp|Earthquake|p2b: Farigiraf|[spread] p2a,p2b\n|-immune|p1a: Murkrow\n|-supereffective|p2a: Iron Hands\n|-damage|p2a: Iron Hands|6\/100\n|-damage|p2b: Farigiraf|48\/100\n|\n|-fieldend|move: Trick Room\n|upkeep\n|turn|6\n|inactive|jmherrero1 has 120 seconds left.\n|\n|t:|1699789681\n|move|p1a: Murkrow|Tailwind|p1a: Murkrow\n|-sidestart|p1: Macizo510|move: Tailwind\n|move|p1b: Garchomp|Earthquake|p2b: Farigiraf|[spread] p2a,p2b\n|-immune|p1a: Murkrow\n|-supereffective|p2a: Iron Hands\n|-damage|p2a: Iron Hands|0 fnt\n|-damage|p2b: Farigiraf|10\/100\n|faint|p2a: Iron Hands\n|-end|p2a: Iron Hands|Quark Drive|[silent]\n|move|p2b: Farigiraf|Trick Room|p2b: Farigiraf\n|-fieldstart|move: Trick Room|[of] p2b: Farigiraf\n|\n|upkeep\n|\n|t:|1699789690\n|switch|p2a: Basculegion|Basculegion-F, F|100\/100\n|turn|7\n|\n|t:|1699789696\n|switch|p1b: Milotic|Milotic, M|100\/100\n|move|p1a: Murkrow|Protect|p1a: Murkrow\n|-singleturn|p1a: Murkrow|Protect\n|move|p2b: Farigiraf|Dazzling Gleam|p1a: Murkrow|[spread] p1b\n|-activate|p1a: Murkrow|move: Protect\n|-damage|p1b: Milotic|90\/100\n|move|p2a: Basculegion|Ice Beam|p1b: Milotic\n|-resisted|p1b: Milotic\n|-damage|p1b: Milotic|82\/100\n|\n|-heal|p1b: Milotic|88\/100|[from] item: Leftovers\n|upkeep\n|turn|8\n|\n|t:|1699789723\n|move|p2b: Farigiraf|Hyper Voice|p1a: Murkrow|[spread] p1a,p1b\n|-damage|p1a: Murkrow|37\/100\n|-damage|p1b: Milotic|70\/100\n|move|p1b: Milotic|Icy Wind|p2a: Basculegion|[spread] p2a,p2b\n|-resisted|p2a: Basculegion\n|-damage|p2a: Basculegion|94\/100\n|-damage|p2b: Farigiraf|0 fnt\n|-unboost|p2a: Basculegion|spe|1\n|faint|p2b: Farigiraf\n|move|p2a: Basculegion|Ice Beam|p1a: Murkrow\n|-supereffective|p1a: Murkrow\n|-crit|p1a: Murkrow\n|-damage|p1a: Murkrow|0 fnt\n|faint|p1a: Murkrow\n|\n|-heal|p1b: Milotic|76\/100|[from] item: Leftovers\n|upkeep\n|\n|t:|1699789741\n|switch|p2b: Amoonguss|Amoonguss, F|100\/100\n|switch|p1a: Goodra|Goodra-Hisui, F|53\/100\n|turn|9\n|\n|t:|1699789755\n|-terastallize|p2b: Amoonguss|Water\n|-terastallize|p1b: Milotic|Grass\n|move|p1a: Goodra|Protect|p1a: Goodra\n|-singleturn|p1a: Goodra|Protect\n|move|p2b: Amoonguss|Spore|p1b: Milotic\n|-immune|p1b: Milotic\n|move|p2a: Basculegion|Ice Beam|p1a: Goodra\n|-activate|p1a: Goodra|move: Protect\n|move|p1b: Milotic|Icy Wind|p2a: Basculegion|[spread] p2a,p2b\n|-resisted|p2a: Basculegion\n|-resisted|p2b: Amoonguss\n|-damage|p2a: Basculegion|87\/100\n|-damage|p2b: Amoonguss|96\/100\n|-unboost|p2a: Basculegion|spe|1\n|-unboost|p2b: Amoonguss|spe|1\n|\n|-heal|p1b: Milotic|82\/100|[from] item: Leftovers\n|-sideend|p1: Macizo510|move: Tailwind\n|upkeep\n|turn|10\n|inactive|Macizo510 has 120 seconds left.\n|\n|t:|1699789788\n|move|p2b: Amoonguss|Spore|p1a: Goodra\n|-status|p1a: Goodra|slp|[from] move: Spore\n|cant|p1a: Goodra|slp\n|move|p1b: Milotic|Life Dew|p1b: Milotic|[spread] p1a,p1b\n|-heal|p1a: Goodra|78\/100 slp\n|-heal|p1b: Milotic|100\/100\n|move|p2a: Basculegion|Ice Beam|p1b: Milotic\n|-supereffective|p1b: Milotic\n|-damage|p1b: Milotic|70\/100\n|\n|-heal|p1b: Milotic|76\/100|[from] item: Leftovers\n|-fieldend|move: Trick Room\n|upkeep\n|turn|11\n|\n|t:|1699789811\n|switch|p1a: Arcanine|Arcanine, F|80\/100\n|-ability|p1a: Arcanine|Intimidate|boost\n|-unboost|p2a: Basculegion|atk|1\n|-unboost|p2b: Amoonguss|atk|1\n|move|p2a: Basculegion|Ice Beam|p1b: Milotic\n|-supereffective|p1b: Milotic\n|-damage|p1b: Milotic|44\/100\n|move|p1b: Milotic|Light Screen|p1b: Milotic\n|-sidestart|p1: Macizo510|move: Light Screen\n|move|p2b: Amoonguss|Pollen Puff|p1b: Milotic\n|-supereffective|p1b: Milotic\n|-damage|p1b: Milotic|28\/100\n|\n|-heal|p1b: Milotic|34\/100|[from] item: Leftovers\n|upkeep\n|turn|12\n|\n|t:|1699789830\n|move|p1a: Arcanine|Wild Charge|p2a: Basculegion\n|-supereffective|p2a: Basculegion\n|-damage|p2a: Basculegion|0 fnt\n|faint|p2a: Basculegion\n|-damage|p1a: Arcanine|54\/100|[from] Recoil\n|move|p1b: Milotic|Life Dew|p1b: Milotic|[spread] p1a,p1b\n|-heal|p1a: Arcanine|79\/100\n|-heal|p1b: Milotic|59\/100\n|move|p2b: Amoonguss|Spore|p1a: Arcanine\n|-status|p1a: Arcanine|slp|[from] move: Spore\n|\n|-heal|p1b: Milotic|65\/100|[from] item: Leftovers\n|upkeep\n|\n|t:|1699789842\n|switch|p2a: Kleavor|Kleavor, M|100\/100\n|turn|13\n|\n|t:|1699789854\n|switch|p1a: Goodra|Goodra-Hisui, F|78\/100 slp\n|switch|p1b: Garchomp|Garchomp, F|37\/100\n|move|p2a: Kleavor|X-Scissor|p1b: Garchomp\n|-damage|p1b: Garchomp|0 fnt\n|-damage|p2a: Kleavor|88\/100|[from] ability: Rough Skin|[of] p1b: Garchomp\n|faint|p1b: Garchomp\n|move|p2b: Amoonguss|Pollen Puff|p1a: Goodra\n|-resisted|p1a: Goodra\n|-damage|p1a: Goodra|73\/100 slp\n|\n|upkeep\n|\n|t:|1699789869\n|switch|p1b: Zapdos|Zapdos|100\/100\n|turn|14\n|\n|t:|1699789878\n|move|p2b: Amoonguss|Rage Powder|p2b: Amoonguss\n|-singleturn|p2b: Amoonguss|move: Rage Powder\n|move|p1b: Zapdos|Discharge|p2b: Amoonguss|[spread] p1a,p2a,p2b\n|-resisted|p1a: Goodra\n|-supereffective|p2b: Amoonguss\n|-damage|p1a: Goodra|66\/100 slp\n|-damage|p2a: Kleavor|61\/100\n|-damage|p2b: Amoonguss|42\/100\n|-status|p2a: Kleavor|par\n|-status|p2b: Amoonguss|par\n|-enditem|p2b: Amoonguss|Sitrus Berry|[eat]\n|-heal|p2b: Amoonguss|67\/100 par|[from] item: Sitrus Berry\n|cant|p1a: Goodra|slp\n|move|p2a: Kleavor|Stone Axe|p1b: Zapdos\n|-supereffective|p1b: Zapdos\n|-damage|p1b: Zapdos|0 fnt\n|-sidestart|p1: Macizo510|move: Stealth Rock\n|faint|p1b: Zapdos\n|\n|upkeep\n|\n|t:|1699789906\n|switch|p1b: Milotic|Milotic, M, tera:Grass|65\/100\n|-damage|p1b: Milotic|53\/100|[from] Stealth Rock\n|turn|15\n|\n|t:|1699789920\n|move|p2b: Amoonguss|Rage Powder|p2b: Amoonguss\n|-singleturn|p2b: Amoonguss|move: Rage Powder\n|move|p1b: Milotic|Life Dew|p1b: Milotic|[spread] p1a,p1b\n|-heal|p1a: Goodra|91\/100 slp\n|-heal|p1b: Milotic|78\/100\n|-curestatus|p1a: Goodra|slp|[msg]\n|move|p1a: Goodra|Flash Cannon|p2b: Amoonguss\n|-resisted|p2b: Amoonguss\n|-damage|p2b: Amoonguss|52\/100 par\n|move|p2a: Kleavor|X-Scissor|p1b: Milotic\n|-supereffective|p1b: Milotic\n|-damage|p1b: Milotic|0 fnt\n|faint|p1b: Milotic\n|\n|-sideend|p1: Macizo510|move: Light Screen\n|upkeep\n|\n|t:|1699789936\n|switch|p1b: Arcanine|Arcanine, F|79\/100 slp\n|-damage|p1b: Arcanine|54\/100 slp|[from] Stealth Rock\n|-ability|p1b: Arcanine|Intimidate|boost\n|-unboost|p2a: Kleavor|atk|1\n|-unboost|p2b: Amoonguss|atk|1\n|turn|16\n|\n|t:|1699789950\n|move|p2b: Amoonguss|Rage Powder|p2b: Amoonguss\n|-singleturn|p2b: Amoonguss|move: Rage Powder\n|cant|p1b: Arcanine|slp\n|move|p1a: Goodra|Dragon Pulse|p2b: Amoonguss\n|-damage|p2b: Amoonguss|23\/100 par\n|move|p2a: Kleavor|Stone Axe|p1b: Arcanine\n|-supereffective|p1b: Arcanine\n|-damage|p1b: Arcanine|0 fnt\n|faint|p1b: Arcanine\n|\n|upkeep\n|turn|17\n|\n|t:|1699789966\n|move|p1a: Goodra|Dragon Pulse|p2b: Amoonguss\n|-damage|p2b: Amoonguss|0 fnt\n|faint|p2b: Amoonguss\n|move|p2a: Kleavor|Close Combat|p1a: Goodra\n|-supereffective|p1a: Goodra\n|-damage|p1a: Goodra|32\/100\n|-unboost|p2a: Kleavor|def|1\n|-unboost|p2a: Kleavor|spd|1\n|-damage|p2a: Kleavor|44\/100 par|[from] item: Rocky Helmet|[of] p1a: Goodra\n|-ability|p1a: Goodra|Gooey\n|-unboost|p2a: Kleavor|spe|1\n|\n|upkeep\n|turn|18\n|c|\u2606jmherrero1|gg\n|\n|t:|1699789983\n|move|p1a: Goodra|Flash Cannon|p2a: Kleavor\n|-supereffective|p2a: Kleavor\n|-damage|p2a: Kleavor|0 fnt\n|faint|p2a: Kleavor\n|\n|win|Macizo510\n|raw|Macizo510's rating: 1199 &rarr; <strong>1220<\/strong><br \/>(+21 for winning)\n|raw|jmherrero1's rating: 1144 &rarr; <strong>1123<\/strong><br \/>(-21 for losing)\n|l|\u2606jmherrero1\n","uploadtime":1699789997,"views":16,"p1id":"macizo510","p2id":"jmherrero1","formatid":"gen9doublesou","rating":1123,"private":0,"password":""}