{"id":"gen9doublesou-1980914125","p1":"UY QUE RICO PAPI!","p2":"randomperson15","format":"[Gen 9] Doubles OU","log":"|j|\u2606UY QUE RICO PAPI!\n|j|\u2606randomperson15\n|t:|1698848529\n|gametype|doubles\n|player|p1|UY QUE RICO PAPI!|102|1337\n|player|p2|randomperson15|steven|1427\n|teamsize|p1|6\n|teamsize|p2|6\n|gen|9\n|tier|[Gen 9] Doubles OU\n|rated|\n|rule|Species Clause: Limit one of each Pok\u00e9mon\n|rule|OHKO Clause: OHKO moves are banned\n|rule|Evasion Moves Clause: Evasion moves are banned\n|rule|Gravity Sleep Clause: The combination of sleep-inducing moves with imperfect accuracy and Gravity or Gigantamax Orbeetle are banned\n|rule|Endless Battle Clause: Forcing endless battles is banned\n|rule|HP Percentage Mod: HP is shown in percentages\n|clearpoke\n|poke|p1|Trevenant, M|\n|poke|p1|Grimmsnarl, M|\n|poke|p1|Garganacl, M|\n|poke|p1|Ting-Lu|\n|poke|p1|Cresselia, F|\n|poke|p1|Glimmora, F|\n|poke|p2|Ursaluna, F|\n|poke|p2|Hatterene, F|\n|poke|p2|Dusclops, M|\n|poke|p2|Iron Hands|\n|poke|p2|Kingambit, F|\n|poke|p2|Sinistcha-Masterpiece|\n|teampreview\n|\n|t:|1698848555\n|start\n|switch|p1a: Grimmsnarl|Grimmsnarl, M|100\/100\n|switch|p1b: Ting-Lu|Ting-Lu|100\/100\n|switch|p2a: Hatterene|Hatterene, F|100\/100\n|switch|p2b: Iron Hands|Iron Hands|100\/100\n|-ability|p1b: Ting-Lu|Vessel of Ruin\n|turn|1\n|inactive|Battle timer is ON: inactive players will automatically lose when time's up. (requested by UY QUE RICO PAPI!)\n|\n|t:|1698848583\n|move|p2b: Iron Hands|Fake Out|p1b: Ting-Lu\n|-damage|p1b: Ting-Lu|94\/100\n|move|p1a: Grimmsnarl|Light Screen|p1a: Grimmsnarl\n|-sidestart|p1: UY QUE RICO PAPI!|move: Light Screen\n|cant|p1b: Ting-Lu|flinch\n|move|p2a: Hatterene|Dazzling Gleam|p1b: Ting-Lu|[spread] p1a,p1b\n|-supereffective|p1a: Grimmsnarl\n|-supereffective|p1b: Ting-Lu\n|-damage|p1a: Grimmsnarl|69\/100\n|-damage|p1b: Ting-Lu|73\/100\n|\n|-heal|p1b: Ting-Lu|80\/100|[from] item: Leftovers\n|upkeep\n|turn|2\n|\n|t:|1698848596\n|move|p1b: Ting-Lu|Protect|p1b: Ting-Lu\n|-singleturn|p1b: Ting-Lu|Protect\n|move|p1a: Grimmsnarl|Reflect|p1a: Grimmsnarl\n|-sidestart|p1: UY QUE RICO PAPI!|Reflect\n|move|p2b: Iron Hands|Drain Punch|p1a: Grimmsnarl\n|-damage|p1a: Grimmsnarl|44\/100\n|move|p2a: Hatterene|Reflect|p2a: Hatterene\n|-sidestart|p2: randomperson15|Reflect\n|\n|-heal|p1b: Ting-Lu|86\/100|[from] item: Leftovers\n|upkeep\n|turn|3\n|\n|t:|1698848614\n|move|p1a: Grimmsnarl|Parting Shot|p2b: Iron Hands\n|-unboost|p2b: Iron Hands|atk|1\n|-unboost|p2b: Iron Hands|spa|1\n|\n|t:|1698848619\n|switch|p1a: Trevenant|Trevenant, M|100\/100|[from] Parting Shot\n|move|p2b: Iron Hands|Drain Punch|p1a: Trevenant\n|-immune|p1a: Trevenant\n|move|p1b: Ting-Lu|Mean Look|p2b: Iron Hands\n|-activate|p2b: Iron Hands|trapped\n|move|p2a: Hatterene|Light Screen|p2a: Hatterene\n|-sidestart|p2: randomperson15|move: Light Screen\n|\n|-heal|p1b: Ting-Lu|92\/100|[from] item: Leftovers\n|upkeep\n|turn|4\n|\n|t:|1698848639\n|move|p1a: Trevenant|Curse|p2a: Hatterene\n|-start|p2a: Hatterene|Curse|[of] p1a: Trevenant\n|-damage|p1a: Trevenant|50\/100\n|-enditem|p1a: Trevenant|Sitrus Berry|[eat]\n|-heal|p1a: Trevenant|75\/100|[from] item: Sitrus Berry\n|move|p2b: Iron Hands|Drain Punch|p1b: Ting-Lu\n|-supereffective|p1b: Ting-Lu\n|-damage|p1b: Ting-Lu|77\/100\n|move|p1b: Ting-Lu|Mean Look|p2a: Hatterene\n|move|p2a: Hatterene|Mean Look|p1b: Ting-Lu|[from]ability: Magic Bounce\n|-activate|p1b: Ting-Lu|trapped\n|move|p2a: Hatterene|Trick Room|p2a: Hatterene\n|-fieldstart|move: Trick Room|[of] p2a: Hatterene\n|\n|-heal|p1b: Ting-Lu|83\/100|[from] item: Leftovers\n|-damage|p2a: Hatterene|76\/100|[from] Curse\n|-item|p1a: Trevenant|Sitrus Berry|[from] ability: Harvest\n|upkeep\n|turn|5\n|\n|t:|1698848662\n|move|p1b: Ting-Lu|Protect|p1b: Ting-Lu\n|-singleturn|p1b: Ting-Lu|Protect\n|move|p2a: Hatterene|Dazzling Gleam|p1b: Ting-Lu|[spread] p1a\n|-activate|p1b: Ting-Lu|move: Protect\n|-damage|p1a: Trevenant|62\/100\n|move|p2b: Iron Hands|Drain Punch|p1b: Ting-Lu\n|-activate|p1b: Ting-Lu|move: Protect\n|move|p1a: Trevenant|Substitute|p1a: Trevenant\n|-start|p1a: Trevenant|Substitute\n|-damage|p1a: Trevenant|37\/100\n|-enditem|p1a: Trevenant|Sitrus Berry|[eat]\n|-heal|p1a: Trevenant|62\/100|[from] item: Sitrus Berry\n|\n|-heal|p1b: Ting-Lu|90\/100|[from] item: Leftovers\n|-damage|p2a: Hatterene|51\/100|[from] Curse\n|-item|p1a: Trevenant|Sitrus Berry|[from] ability: Harvest\n|upkeep\n|turn|6\n|inactive|randomperson15 has 120 seconds left.\n|\n|t:|1698848693\n|switch|p2a: Ursaluna|Ursaluna, F|100\/100\n|move|p1b: Ting-Lu|Protect|p1b: Ting-Lu\n|-singleturn|p1b: Ting-Lu|Protect\n|move|p2b: Iron Hands|Drain Punch|p1b: Ting-Lu\n|-activate|p1b: Ting-Lu|move: Protect\n|move|p1a: Trevenant|Leech Seed|p2b: Iron Hands|[miss]\n|-miss|p1a: Trevenant|p2b: Iron Hands\n|\n|-heal|p1b: Ting-Lu|96\/100|[from] item: Leftovers\n|-status|p2a: Ursaluna|brn|[from] item: Flame Orb\n|upkeep\n|turn|7\n|\n|t:|1698848715\n|move|p2a: Ursaluna|Headlong Rush|p1a: Trevenant\n|-resisted|p1a: Trevenant\n|-end|p1a: Trevenant|Substitute\n|-unboost|p2a: Ursaluna|def|1\n|-unboost|p2a: Ursaluna|spd|1\n|move|p1b: Ting-Lu|Mean Look|p2a: Ursaluna\n|-activate|p2a: Ursaluna|trapped\n|move|p2b: Iron Hands|Drain Punch|p1b: Ting-Lu\n|-supereffective|p1b: Ting-Lu\n|-damage|p1b: Ting-Lu|81\/100\n|move|p1a: Trevenant|Curse|p2a: Ursaluna\n|-start|p2a: Ursaluna|Curse|[of] p1a: Trevenant\n|-damage|p1a: Trevenant|12\/100\n|-enditem|p1a: Trevenant|Sitrus Berry|[eat]\n|-heal|p1a: Trevenant|37\/100|[from] item: Sitrus Berry\n|\n|-heal|p1b: Ting-Lu|87\/100|[from] item: Leftovers\n|-damage|p2a: Ursaluna|94\/100 brn|[from] brn\n|-damage|p2a: Ursaluna|70\/100 brn|[from] Curse\n|-item|p1a: Trevenant|Sitrus Berry|[from] ability: Harvest\n|upkeep\n|-enditem|p1a: Trevenant|Sitrus Berry|[eat]\n|-heal|p1a: Trevenant|61\/100|[from] item: Sitrus Berry\n|turn|8\n|inactive|randomperson15 has 120 seconds left.\n|\n|t:|1698848746\n|move|p2a: Ursaluna|Headlong Rush|p1a: Trevenant\n|-resisted|p1a: Trevenant\n|-crit|p1a: Trevenant\n|-damage|p1a: Trevenant|0 fnt\n|-unboost|p2a: Ursaluna|def|1\n|-unboost|p2a: Ursaluna|spd|1\n|faint|p1a: Trevenant\n|move|p1b: Ting-Lu|Spikes|p2a: Ursaluna\n|-sidestart|p2: randomperson15|Spikes\n|move|p2b: Iron Hands|Thunder Punch|p1b: Ting-Lu\n|-immune|p1b: Ting-Lu\n|\n|-heal|p1b: Ting-Lu|93\/100|[from] item: Leftovers\n|-damage|p2a: Ursaluna|64\/100 brn|[from] brn\n|-damage|p2a: Ursaluna|39\/100 brn|[from] Curse\n|-sideend|p1: UY QUE RICO PAPI!|move: Light Screen\n|-fieldend|move: Trick Room\n|upkeep\n|inactive|UY QUE RICO PAPI! has 120 seconds left.\n|\n|t:|1698848767\n|switch|p1a: Grimmsnarl|Grimmsnarl, M|44\/100\n|turn|9\n|\n|t:|1698848780\n|move|p1b: Ting-Lu|Protect|p1b: Ting-Lu\n|-singleturn|p1b: Ting-Lu|Protect\n|move|p1a: Grimmsnarl|Parting Shot|p2a: Ursaluna\n|-unboost|p2a: Ursaluna|atk|1\n|-unboost|p2a: Ursaluna|spa|1\n|\n|t:|1698848786\n|switch|p1a: Cresselia|Cresselia, F|100\/100|[from] Parting Shot\n|move|p2b: Iron Hands|Drain Punch|p1a: Cresselia\n|-resisted|p1a: Cresselia\n|-damage|p1a: Cresselia|95\/100\n|move|p2a: Ursaluna|Facade|p1b: Ting-Lu\n|-activate|p1b: Ting-Lu|move: Protect\n|\n|-heal|p1b: Ting-Lu|99\/100|[from] item: Leftovers\n|-damage|p2a: Ursaluna|33\/100 brn|[from] brn\n|-damage|p2a: Ursaluna|8\/100 brn|[from] Curse\n|-sideend|p2: randomperson15|Reflect\n|-sideend|p1: UY QUE RICO PAPI!|Reflect\n|upkeep\n|turn|10\n|inactive|UY QUE RICO PAPI! has 120 seconds left.\n|\n|t:|1698848828\n|move|p1a: Cresselia|Ally Switch|p1a: Cresselia\n|swap|p1a: Cresselia|1|[from] move: Ally Switch\n|move|p2b: Iron Hands|Drain Punch|p1b: Cresselia\n|-resisted|p1b: Cresselia\n|-damage|p1b: Cresselia|88\/100\n|move|p1a: Ting-Lu|Spikes|p2a: Ursaluna\n|-sidestart|p2: randomperson15|Spikes\n|move|p2a: Ursaluna|Facade|p1a: Ting-Lu\n|-damage|p1a: Ting-Lu|67\/100\n|\n|-heal|p1a: Ting-Lu|73\/100|[from] item: Leftovers\n|-damage|p2a: Ursaluna|2\/100 brn|[from] brn\n|-damage|p2a: Ursaluna|0 fnt|[from] Curse\n|faint|p2a: Ursaluna\n|-sideend|p2: randomperson15|move: Light Screen\n|upkeep\n|\n|t:|1698848847\n|switch|p2a: Dusclops|Dusclops, M|100\/100\n|-damage|p2a: Dusclops|84\/100|[from] Spikes\n|-item|p1a: Ting-Lu|Leftovers|[from] ability: Frisk|[of] p2a: Dusclops|[identify]\n|-item|p1b: Cresselia|Leppa Berry|[from] ability: Frisk|[of] p2a: Dusclops|[identify]\n|turn|11\n|\n|t:|1698848864\n|switch|p1b: Garganacl|Garganacl, M|100\/100\n|move|p2b: Iron Hands|Facade|p1b: Garganacl\n|-resisted|p1b: Garganacl\n|-damage|p1b: Garganacl|95\/100\n|move|p1a: Ting-Lu|Mean Look||[still]\n|-fail|p1a: Ting-Lu\n|move|p2a: Dusclops|Trick Room|p2a: Dusclops\n|-fieldstart|move: Trick Room|[of] p2a: Dusclops\n|\n|-heal|p1b: Garganacl|100\/100|[from] item: Leftovers\n|-heal|p1a: Ting-Lu|79\/100|[from] item: Leftovers\n|upkeep\n|turn|12\n|\n|t:|1698848885\n|-terastallize|p1b: Garganacl|Ghost\n|move|p1a: Ting-Lu|Protect|p1a: Ting-Lu\n|-singleturn|p1a: Ting-Lu|Protect\n|move|p2a: Dusclops|Haze|p2a: Dusclops\n|-clearallboost\n|move|p1b: Garganacl|Curse|p2b: Iron Hands\n|-start|p2b: Iron Hands|Curse|[of] p1b: Garganacl\n|-damage|p1b: Garganacl|50\/100\n|move|p2b: Iron Hands|Drain Punch|p1b: Garganacl\n|-immune|p1b: Garganacl\n|\n|-heal|p1b: Garganacl|57\/100|[from] item: Leftovers\n|-heal|p1a: Ting-Lu|85\/100|[from] item: Leftovers\n|-damage|p2b: Iron Hands|76\/100|[from] Curse\n|upkeep\n|turn|13\n|inactive|randomperson15 has 120 seconds left.\n|\n|t:|1698848916\n|move|p1b: Garganacl|Protect|p1b: Garganacl\n|-singleturn|p1b: Garganacl|Protect\n|move|p2a: Dusclops|Night Shade|p1b: Garganacl\n|-activate|p1b: Garganacl|move: Protect\n|move|p1a: Ting-Lu|Spikes|p2b: Iron Hands\n|-sidestart|p2: randomperson15|Spikes\n|move|p2b: Iron Hands|Drain Punch|p1a: Ting-Lu\n|-supereffective|p1a: Ting-Lu\n|-damage|p1a: Ting-Lu|46\/100\n|-heal|p2b: Iron Hands|96\/100|[from] drain|[of] p1a: Ting-Lu\n|\n|-heal|p1b: Garganacl|63\/100|[from] item: Leftovers\n|-heal|p1a: Ting-Lu|52\/100|[from] item: Leftovers\n|-damage|p2b: Iron Hands|71\/100|[from] Curse\n|upkeep\n|turn|14\n|\n|t:|1698848934\n|move|p1a: Ting-Lu|Protect|p1a: Ting-Lu\n|-singleturn|p1a: Ting-Lu|Protect\n|move|p2a: Dusclops|Night Shade|p1b: Garganacl\n|-damage|p1b: Garganacl|38\/100\n|move|p1b: Garganacl|Recover|p1b: Garganacl\n|-heal|p1b: Garganacl|88\/100\n|move|p2b: Iron Hands|Drain Punch|p1a: Ting-Lu\n|-activate|p1a: Ting-Lu|move: Protect\n|\n|-heal|p1b: Garganacl|94\/100|[from] item: Leftovers\n|-heal|p1a: Ting-Lu|58\/100|[from] item: Leftovers\n|-damage|p2b: Iron Hands|46\/100|[from] Curse\n|upkeep\n|turn|15\n|\n|t:|1698848960\n|switch|p1a: Glimmora|Glimmora, F|100\/100\n|move|p2a: Dusclops|Night Shade|p1a: Glimmora\n|-damage|p1a: Glimmora|73\/100\n|move|p1b: Garganacl|Salt Cure|p2b: Iron Hands\n|-resisted|p2b: Iron Hands\n|-damage|p2b: Iron Hands|42\/100\n|-start|p2b: Iron Hands|Salt Cure\n|move|p2b: Iron Hands|Drain Punch|p1a: Glimmora\n|-damage|p1a: Glimmora|43\/100\n|-heal|p2b: Iron Hands|53\/100|[from] drain|[of] p1a: Glimmora\n|-activate|p1a: Glimmora|ability: Toxic Debris\n|-sidestart|p2: randomperson15|move: Toxic Spikes\n|\n|-heal|p1b: Garganacl|100\/100|[from] item: Leftovers\n|-heal|p1a: Glimmora|49\/100|[from] item: Leftovers\n|-damage|p2b: Iron Hands|28\/100|[from] Curse\n|-damage|p2b: Iron Hands|16\/100|[from] Salt Cure\n|-fieldend|move: Trick Room\n|upkeep\n|turn|16\n|\n|t:|1698848989\n|move|p1a: Glimmora|Earth Power|p2b: Iron Hands\n|-supereffective|p2b: Iron Hands\n|-damage|p2b: Iron Hands|0 fnt\n|faint|p2b: Iron Hands\n|-end|p2b: Iron Hands|Quark Drive|[silent]\n|move|p1b: Garganacl|Curse|p2a: Dusclops\n|-start|p2a: Dusclops|Curse|[of] p1b: Garganacl\n|-damage|p1b: Garganacl|50\/100\n|move|p2a: Dusclops|Trick Room|p2a: Dusclops\n|-fieldstart|move: Trick Room|[of] p2a: Dusclops\n|\n|-heal|p1b: Garganacl|57\/100|[from] item: Leftovers\n|-heal|p1a: Glimmora|55\/100|[from] item: Leftovers\n|-damage|p2a: Dusclops|59\/100|[from] Curse\n|upkeep\n|-message|randomperson15 forfeited.\n|\n|win|UY QUE RICO PAPI!\n|raw|UY QUE RICO PAPI!'s rating: 1337 &rarr; <strong>1362<\/strong><br \/>(+25 for winning)\n|raw|randomperson15's rating: 1427 &rarr; <strong>1402<\/strong><br \/>(-25 for losing)\n|l|\u2606randomperson15\n","uploadtime":1698849008,"views":14,"p1id":"uyquericopapi","p2id":"randomperson15","formatid":"gen9doublesou","rating":1362,"private":0,"password":""}