{"id":"gen9doublesou-1986486240","p1":"AlfrexFrostStaff","p2":"Songfossil","format":"[Gen 9] Doubles OU","log":"|j|\u2606AlfrexFrostStaff\n|j|\u2606Songfossil\n|t:|1699483935\n|gametype|doubles\n|player|p1|AlfrexFrostStaff|hilbert|1143\n|player|p2|Songfossil|102|1111\n|teamsize|p1|6\n|teamsize|p2|6\n|gen|9\n|tier|[Gen 9] Doubles OU\n|rated|\n|rule|Species Clause: Limit one of each Pok\u00e9mon\n|rule|OHKO Clause: OHKO moves are banned\n|rule|Evasion Moves Clause: Evasion moves are banned\n|rule|Gravity Sleep Clause: The combination of sleep-inducing moves with imperfect accuracy and Gravity or Gigantamax Orbeetle are banned\n|rule|Endless Battle Clause: Forcing endless battles is banned\n|rule|HP Percentage Mod: HP is shown in percentages\n|clearpoke\n|poke|p1|Meowscarada, M|\n|poke|p1|Quaquaval, F|\n|poke|p1|Skeledirge, M|\n|poke|p1|Landorus, M|\n|poke|p1|Indeedee-F, F|\n|poke|p1|Goodra-Hisui, F|\n|poke|p2|Palafin, F|\n|poke|p2|Vikavolt, M|\n|poke|p2|Meowscarada, F|\n|poke|p2|Barraskewda, M|\n|poke|p2|Spectrier|\n|poke|p2|Ninetales-Alola, F|\n|teampreview\n|inactive|Battle timer is ON: inactive players will automatically lose when time's up. (requested by AlfrexFrostStaff)\n|\n|t:|1699483957\n|start\n|switch|p1a: Meowscarada|Meowscarada, M|100\/100\n|switch|p1b: Skeledirge|Skeledirge, M|100\/100\n|switch|p2a: Palafin|Palafin, F|100\/100\n|switch|p2b: Vikavolt|Vikavolt, M|100\/100\n|turn|1\n|\n|t:|1699483983\n|detailschange|p2a: Palafin|Palafin-Hero, F\n|switch|p2a: Ninetales|Ninetales-Alola, F|100\/100\n|-weather|Snow|[from] ability: Snow Warning|[of] p2a: Ninetales\n|move|p1a: Meowscarada|Play Rough|p2a: Ninetales\n|-start|p1a: Meowscarada|typechange|Fairy|[from] ability: Protean\n|-damage|p2a: Ninetales|60\/100\n|move|p1b: Skeledirge|Torch Song|p2b: Vikavolt\n|-supereffective|p2b: Vikavolt\n|-damage|p2b: Vikavolt|23\/100\n|-boost|p1b: Skeledirge|spa|1\n|move|p2b: Vikavolt|Volt Switch|p1b: Skeledirge\n|-damage|p1b: Skeledirge|47\/100\n|inactive|Songfossil has 120 seconds left.\n|\n|t:|1699483996\n|switch|p2b: Palafin|Palafin-Hero, F|100\/100|[from] Volt Switch\n|-activate|p2b: Palafin|ability: Zero to Hero\n|\n|-weather|Snow|[upkeep]\n|-heal|p1b: Skeledirge|53\/100|[from] item: Leftovers\n|upkeep\n|turn|2\n|inactive|Songfossil has 120 seconds left.\n|inactive|AlfrexFrostStaff has 120 seconds left.\n|\n|t:|1699484035\n|switch|p1b: Goodra|Goodra-Hisui, F|100\/100\n|move|p2b: Palafin|Jet Punch|p1b: Goodra\n|-resisted|p1b: Goodra\n|-damage|p1b: Goodra|86\/100\n|-ability|p1b: Goodra|Gooey\n|-unboost|p2b: Palafin|spe|1\n|move|p1a: Meowscarada|Flower Trick|p2b: Palafin\n|-supereffective|p2b: Palafin\n|-crit|p2b: Palafin\n|-damage|p2b: Palafin|29\/100\n|move|p2a: Ninetales|Aurora Veil|p2a: Ninetales\n|-sidestart|p2: Songfossil|move: Aurora Veil\n|\n|-weather|Snow|[upkeep]\n|-heal|p2b: Palafin|35\/100|[from] item: Leftovers\n|-heal|p1b: Goodra|92\/100|[from] item: Leftovers\n|upkeep\n|turn|3\n|inactive|Songfossil has 120 seconds left.\n|\n|t:|1699484072\n|switch|p2b: Vikavolt|Vikavolt, M|23\/100\n|move|p1a: Meowscarada|Flower Trick|p2b: Vikavolt\n|-resisted|p2b: Vikavolt\n|-crit|p2b: Vikavolt\n|-damage|p2b: Vikavolt|7\/100\n|move|p2a: Ninetales|Blizzard|p1a: Meowscarada|[spread] p1a,p1b\n|-damage|p1a: Meowscarada|51\/100\n|-damage|p1b: Goodra|69\/100\n|move|p1b: Goodra|Steel Beam|p2a: Ninetales\n|-supereffective|p2a: Ninetales\n|-damage|p2a: Ninetales|0 fnt\n|-damage|p1b: Goodra|19\/100|[from] steelbeam\n|faint|p2a: Ninetales\n|\n|-weather|Snow|[upkeep]\n|-heal|p1b: Goodra|25\/100|[from] item: Leftovers\n|upkeep\n|\n|t:|1699484079\n|switch|p2a: Spectrier|Spectrier|100\/100\n|turn|4\n|inactive|Songfossil has 120 seconds left.\n|\n|t:|1699484113\n|-terastallize|p2a: Spectrier|Fighting\n|move|p2a: Spectrier|Tera Blast|p1b: Goodra|[anim] Tera Blast Fighting\n|-supereffective|p1b: Goodra\n|-damage|p1b: Goodra|0 fnt\n|faint|p1b: Goodra\n|-ability|p2a: Spectrier|Grim Neigh|boost\n|-boost|p2a: Spectrier|spa|1\n|move|p1a: Meowscarada|Knock Off|p2a: Spectrier\n|-resisted|p2a: Spectrier\n|-damage|p2a: Spectrier|86\/100\n|-enditem|p2a: Spectrier|Leftovers|[from] move: Knock Off|[of] p1a: Meowscarada\n|move|p2b: Vikavolt|Flash Cannon|p1a: Meowscarada\n|-supereffective|p1a: Meowscarada\n|-damage|p1a: Meowscarada|0 fnt\n|faint|p1a: Meowscarada\n|\n|-weather|Snow|[upkeep]\n|upkeep\n|\n|t:|1699484139\n|switch|p1a: Indeedee|Indeedee-F, F|100\/100\n|switch|p1b: Landorus|Landorus, M|100\/100\n|turn|5\n|inactive|Songfossil has 120 seconds left.\n|\n|t:|1699484153\n|move|p1a: Indeedee|Fake Out|p2a: Spectrier\n|-damage|p2a: Spectrier|77\/100\n|cant|p2a: Spectrier|flinch\n|move|p1b: Landorus|Rock Slide|p2a: Spectrier|[spread] p2a,p2b\n|-resisted|p2a: Spectrier\n|-supereffective|p2b: Vikavolt\n|-damage|p2a: Spectrier|69\/100\n|-damage|p2b: Vikavolt|0 fnt\n|faint|p2b: Vikavolt\n|\n|-weather|none\n|upkeep\n|\n|t:|1699484160\n|switch|p2b: Meowscarada|Meowscarada, F|100\/100\n|turn|6\n|\n|t:|1699484174\n|move|p1a: Indeedee|Helping Hand|p1b: Landorus\n|-singleturn|p1b: Landorus|Helping Hand|[of] p1a: Indeedee\n|move|p2a: Spectrier|Shadow Ball|p1b: Landorus\n|-damage|p1b: Landorus|5\/100\n|move|p2b: Meowscarada|Knock Off|p1a: Indeedee\n|-start|p2b: Meowscarada|typechange|Dark|[from] ability: Protean\n|-supereffective|p1a: Indeedee\n|-crit|p1a: Indeedee\n|-damage|p1a: Indeedee|0 fnt\n|-damage|p2b: Meowscarada|84\/100|[from] item: Rocky Helmet|[of] p1a: Indeedee\n|-enditem|p1a: Indeedee|Rocky Helmet|[from] move: Knock Off|[of] p2b: Meowscarada\n|faint|p1a: Indeedee\n|move|p1b: Landorus|Sandsear Storm|p2a: Spectrier|[spread] p2a,p2b\n|-damage|p2a: Spectrier|29\/100\n|-damage|p2b: Meowscarada|24\/100\n|\n|upkeep\n|\n|t:|1699484193\n|switch|p1a: Skeledirge|Skeledirge, M|53\/100\n|turn|7\n|\n|t:|1699484203\n|-terastallize|p1a: Skeledirge|Fairy\n|move|p1b: Landorus|Protect|p1b: Landorus\n|-singleturn|p1b: Landorus|Protect\n|move|p2a: Spectrier|Shadow Ball|p1a: Skeledirge\n|-damage|p1a: Skeledirge|18\/100\n|move|p2b: Meowscarada|Knock Off|p1b: Landorus\n|-activate|p1b: Landorus|move: Protect\n|move|p1a: Skeledirge|Torch Song|p2a: Spectrier\n|-damage|p2a: Spectrier|3\/100\n|-boost|p1a: Skeledirge|spa|1\n|\n|-heal|p1a: Skeledirge|24\/100|[from] item: Leftovers\n|upkeep\n|turn|8\n|\n|t:|1699484220\n|move|p2a: Spectrier|Shadow Ball|p1a: Skeledirge\n|-damage|p1a: Skeledirge|0 fnt\n|faint|p1a: Skeledirge\n|-ability|p2a: Spectrier|Grim Neigh|boost\n|-boost|p2a: Spectrier|spa|1\n|move|p2b: Meowscarada|Knock Off|p1b: Landorus\n|-damage|p1b: Landorus|0 fnt\n|-enditem|p1b: Landorus|Wide Lens|[from] move: Knock Off|[of] p2b: Meowscarada\n|faint|p1b: Landorus\n|\n|upkeep\n|\n|t:|1699484224\n|switch|p1b: Quaquaval|Quaquaval, F|100\/100\n|turn|9\n|\n|t:|1699484228\n|move|p2a: Spectrier|Psychic|p1b: Quaquaval\n|-supereffective|p1b: Quaquaval\n|-damage|p1b: Quaquaval|0 fnt\n|faint|p1b: Quaquaval\n|\n|win|Songfossil\n|raw|AlfrexFrostStaff's rating: 1143 &rarr; <strong>1116<\/strong><br \/>(-27 for losing)\n|raw|Songfossil's rating: 1111 &rarr; <strong>1138<\/strong><br \/>(+27 for winning)\n|l|\u2606AlfrexFrostStaff\n","uploadtime":1699484232,"views":12,"p1id":"alfrexfroststaff","p2id":"songfossil","formatid":"gen9doublesou","rating":1116,"private":0,"password":""}