{"id":"gen9doublesou-1993688279","p1":"SillyAvery","p2":"dweebballs99","format":"[Gen 9] Doubles OU","log":"|j|\u2606SillyAvery\n|j|\u2606dweebballs99\n|t:|1700345720\n|gametype|doubles\n|player|p1|SillyAvery|lady-gen4|1438\n|player|p2|dweebballs99|sabrina|1415\n|teamsize|p1|6\n|teamsize|p2|6\n|gen|9\n|tier|[Gen 9] Doubles OU\n|rated|\n|rule|Species Clause: Limit one of each Pok\u00e9mon\n|rule|OHKO Clause: OHKO moves are banned\n|rule|Evasion Moves Clause: Evasion moves are banned\n|rule|Gravity Sleep Clause: The combination of sleep-inducing moves with imperfect accuracy and Gravity or Gigantamax Orbeetle are banned\n|rule|Endless Battle Clause: Forcing endless battles is banned\n|rule|HP Percentage Mod: HP is shown in percentages\n|clearpoke\n|poke|p1|Moltres-Galar|\n|poke|p1|Sinistcha|\n|poke|p1|Grimmsnarl, M|\n|poke|p1|Indeedee-F, F|\n|poke|p1|Tornadus, M|\n|poke|p1|Heatran, F|\n|poke|p2|Flutter Mane|\n|poke|p2|Ogerpon-Hearthflame, F|\n|poke|p2|Manaphy|\n|poke|p2|Baxcalibur, F|\n|poke|p2|Landorus-Therian, M|\n|poke|p2|Kleavor, F|\n|teampreview\n|inactive|Battle timer is ON: inactive players will automatically lose when time's up. (requested by dweebballs99)\n|\n|t:|1700345731\n|start\n|switch|p1a: Moltres|Moltres-Galar|100\/100\n|switch|p1b: Grimmsnarl|Grimmsnarl, M|100\/100\n|switch|p2a: Manaphy|Manaphy|100\/100\n|switch|p2b: Baxcalibur|Baxcalibur, F|100\/100\n|turn|1\n|inactive|SillyAvery has 120 seconds left.\n|\n|t:|1700345762\n|move|p1b: Grimmsnarl|Reflect|p1b: Grimmsnarl\n|-sidestart|p1: SillyAvery|Reflect\n|move|p2a: Manaphy|Scald|p1b: Grimmsnarl\n|-damage|p1b: Grimmsnarl|65\/100\n|move|p2b: Baxcalibur|Icicle Spear|p1a: Moltres\n|-supereffective|p1a: Moltres\n|-damage|p1a: Moltres|82\/100\n|-enditem|p1a: Moltres|Weakness Policy\n|-boost|p1a: Moltres|atk|2|[from] item: Weakness Policy\n|-boost|p1a: Moltres|spa|2|[from] item: Weakness Policy\n|-supereffective|p1a: Moltres\n|-damage|p1a: Moltres|63\/100\n|-supereffective|p1a: Moltres\n|-damage|p1a: Moltres|43\/100\n|-supereffective|p1a: Moltres\n|-damage|p1a: Moltres|24\/100\n|-hitcount|p1a: Moltres|4\n|-ability|p1a: Moltres|Berserk|boost\n|-boost|p1a: Moltres|spa|1\n|move|p1a: Moltres|Agility|p1a: Moltres\n|-boost|p1a: Moltres|spe|2\n|\n|upkeep\n|turn|2\n|inactive|SillyAvery has 120 seconds left.\n|\n|t:|1700345800\n|switch|p1b: Sinistcha|Sinistcha|100\/100\n|-heal|p1a: Moltres|49\/100|[from] ability: Hospitality|[of] p1b: Sinistcha\n|-terastallize|p1a: Moltres|Dark\n|move|p1a: Moltres|Fiery Wrath|p2a: Manaphy|[spread] p2a,p2b\n|-damage|p2a: Manaphy|0 fnt\n|-damage|p2b: Baxcalibur|0 fnt\n|faint|p2a: Manaphy\n|faint|p2b: Baxcalibur\n|\n|upkeep\n|inactive|dweebballs99 has 120 seconds left.\n|\n|t:|1700345826\n|switch|p2a: Kleavor|Kleavor, F|100\/100\n|switch|p2b: Flutter Mane|Flutter Mane|100\/100\n|-enditem|p2b: Flutter Mane|Booster Energy\n|-activate|p2b: Flutter Mane|ability: Protosynthesis|[fromitem]\n|-start|p2b: Flutter Mane|protosynthesisspe\n|turn|3\n|inactive|SillyAvery has 120 seconds left.\n|\n|t:|1700345872\n|move|p1b: Sinistcha|Rage Powder|p1b: Sinistcha\n|-singleturn|p1b: Sinistcha|move: Rage Powder\n|move|p2b: Flutter Mane|Moonblast|p1b: Sinistcha\n|-damage|p1b: Sinistcha|45\/100\n|-enditem|p1b: Sinistcha|Eject Button\n|\n|t:|1700345882\n|switch|p1b: Grimmsnarl|Grimmsnarl, M|65\/100\n|move|p1a: Moltres|Nasty Plot|p1a: Moltres\n|-boost|p1a: Moltres|spa|2\n|move|p2a: Kleavor|Stone Axe|p1a: Moltres|[miss]\n|-miss|p2a: Kleavor|p1a: Moltres\n|\n|upkeep\n|turn|4\n|\n|t:|1700345896\n|move|p1b: Grimmsnarl|Light Screen|p1b: Grimmsnarl\n|-sidestart|p1: SillyAvery|move: Light Screen\n|move|p2b: Flutter Mane|Moonblast|p1a: Moltres\n|-supereffective|p1a: Moltres\n|-damage|p1a: Moltres|1\/100\n|-unboost|p1a: Moltres|spa|1\n|move|p1a: Moltres|Fiery Wrath|p2b: Flutter Mane|[spread] p2a,p2b\n|-damage|p2a: Kleavor|0 fnt\n|-damage|p2b: Flutter Mane|0 fnt\n|faint|p2a: Kleavor\n|faint|p2b: Flutter Mane\n|-end|p2b: Flutter Mane|Protosynthesis|[silent]\n|\n|upkeep\n|c|\u2606dweebballs99|omfg\n|\n|t:|1700345920\n|switch|p2b: Landorus|Landorus-Therian, M, shiny|100\/100\n|switch|p2a: Ogerpon|Ogerpon-Hearthflame, F|100\/100\n|-ability|p2a: Ogerpon|Mold Breaker\n|-ability|p2b: Landorus|Intimidate|boost\n|-unboost|p1a: Moltres|atk|1\n|-unboost|p1b: Grimmsnarl|atk|1\n|turn|5\n|c|\u2606SillyAvery|yeah, I can't believe it either lmao\n|c|\u2606dweebballs99|gg\n|inactive|SillyAvery has 120 seconds left.\n|\n|t:|1700345943\n|move|p1b: Grimmsnarl|Parting Shot|p2a: Ogerpon\n|-unboost|p2a: Ogerpon|atk|1\n|-unboost|p2a: Ogerpon|spa|1\n|inactive|SillyAvery has 120 seconds left.\n|\n|t:|1700345948\n|switch|p1b: Sinistcha|Sinistcha|45\/100|[from] Parting Shot\n|-heal|p1a: Moltres|26\/100|[from] ability: Hospitality|[of] p1b: Sinistcha\n|move|p1a: Moltres|Fiery Wrath|p2a: Ogerpon|[spread] p2a,p2b\n|-damage|p2a: Ogerpon|0 fnt\n|-damage|p2b: Landorus|0 fnt\n|faint|p2a: Ogerpon\n|faint|p2b: Landorus\n|\n|win|SillyAvery\n|raw|SillyAvery's rating: 1438 &rarr; <strong>1457<\/strong><br \/>(+19 for winning)\n|raw|dweebballs99's rating: 1415 &rarr; <strong>1396<\/strong><br \/>(-19 for losing)\n|c|\u2606SillyAvery|gg\n","uploadtime":1700345960,"views":11,"p1id":"sillyavery","p2id":"dweebballs99","formatid":"gen9doublesou","rating":1396,"private":0,"password":""}