{"id":"gen9doublesou-1997157290","p1":"ynnig","p2":"Duckgmr425zzz","format":"[Gen 9] Doubles OU","log":"|j|\u2606ynnig\n|j|\u2606Duckgmr425zzz\n|t:|1700770333\n|gametype|doubles\n|player|p1|ynnig|cynthia-gen4|1221\n|player|p2|Duckgmr425zzz|marnie-masters3|1325\n|teamsize|p1|6\n|teamsize|p2|6\n|gen|9\n|tier|[Gen 9] Doubles OU\n|rated|\n|rule|Species Clause: Limit one of each Pok\u00e9mon\n|rule|OHKO Clause: OHKO moves are banned\n|rule|Evasion Moves Clause: Evasion moves are banned\n|rule|Gravity Sleep Clause: The combination of sleep-inducing moves with imperfect accuracy and Gravity or Gigantamax Orbeetle are banned\n|rule|Endless Battle Clause: Forcing endless battles is banned\n|rule|HP Percentage Mod: HP is shown in percentages\n|clearpoke\n|poke|p1|Greninja-*, F|\n|poke|p1|Infernape, F|\n|poke|p1|Dudunsparce-*, F|\n|poke|p1|Shaymin-Sky|\n|poke|p1|Garchomp, F|\n|poke|p1|Tyranitar, F|\n|poke|p2|Diancie|\n|poke|p2|Tyranitar, M|\n|poke|p2|Houndstone, M|\n|poke|p2|Flutter Mane|\n|poke|p2|Slowbro-Galar, F|\n|poke|p2|Grimmsnarl, M|\n|teampreview\n|inactive|Battle timer is ON: inactive players will automatically lose when time's up. (requested by ynnig)\n|\n|t:|1700770345\n|start\n|switch|p1a: Greninja|Greninja, F|100\/100\n|switch|p1b: Infernape|Infernape, F|100\/100\n|switch|p2a: Tyrone|Tyranitar, M|100\/100\n|switch|p2b: Lil Bones|Houndstone, M|100\/100\n|-weather|Sandstorm|[from] ability: Sand Stream|[of] p2a: Tyrone\n|turn|1\n|\n|t:|1700770372\n|-terastallize|p2a: Tyrone|Fairy\n|move|p2b: Lil Bones|Howl|p2b: Lil Bones|[spread] p2a,p2b\n|-boost|p2a: Tyrone|atk|1\n|-boost|p2b: Lil Bones|atk|1\n|move|p1a: Greninja|Water Pledge|p2b: Lil Bones\n|-waiting|p1a: Greninja|p1b: Infernape\n|move|p1b: Infernape|Fire Pledge|p2b: Lil Bones|[from]move: Water Pledge\n|-combine\n|-damage|p2b: Lil Bones|33\/100\n|-sidestart|p1: ynnig|Water Pledge\n|-enditem|p2b: Lil Bones|Sitrus Berry|[eat]\n|-heal|p2b: Lil Bones|58\/100|[from] item: Sitrus Berry\n|move|p2a: Tyrone|Tera Blast|p1a: Greninja|[anim] Tera Blast Fairy\n|-supereffective|p1a: Greninja\n|-enditem|p1a: Greninja|Focus Sash\n|-damage|p1a: Greninja|1\/100\n|\n|-weather|Sandstorm|[upkeep]\n|-damage|p1a: Greninja|0 fnt|[from] Sandstorm\n|-damage|p1b: Infernape|94\/100|[from] Sandstorm\n|-damage|p2a: Tyrone|94\/100|[from] Sandstorm\n|faint|p1a: Greninja\n|-heal|p2a: Tyrone|100\/100|[from] item: Leftovers\n|upkeep\n|inactive|ynnig has 120 seconds left.\n|\n|t:|1700770395\n|switch|p1a: Dudunsparce|Dudunsparce, F|100\/100\n|turn|2\n|\n|t:|1700770404\n|move|p2b: Lil Bones|Howl|p2b: Lil Bones|[spread] p2a,p2b\n|-boost|p2a: Tyrone|atk|1\n|-boost|p2b: Lil Bones|atk|1\n|move|p1b: Infernape|Fire Pledge|p2b: Lil Bones\n|-damage|p2b: Lil Bones|24\/100\n|move|p1a: Dudunsparce|Ancient Power|p2b: Lil Bones\n|-crit|p2b: Lil Bones\n|-damage|p2b: Lil Bones|4\/100\n|-boost|p1a: Dudunsparce|atk|1\n|-boost|p1a: Dudunsparce|def|1\n|-boost|p1a: Dudunsparce|spa|1\n|-boost|p1a: Dudunsparce|spd|1\n|-boost|p1a: Dudunsparce|spe|1\n|move|p2a: Tyrone|Rock Slide|p1a: Dudunsparce|[spread] p1a,p1b\n|-damage|p1a: Dudunsparce|63\/100\n|-damage|p1b: Infernape|0 fnt\n|faint|p1b: Infernape\n|\n|-weather|Sandstorm|[upkeep]\n|-damage|p1a: Dudunsparce|57\/100|[from] Sandstorm\n|-damage|p2a: Tyrone|94\/100|[from] Sandstorm\n|-heal|p2a: Tyrone|100\/100|[from] item: Leftovers\n|upkeep\n|\n|t:|1700770427\n|switch|p1b: Tyranitar|Tyranitar, F|100\/100\n|turn|3\n|\n|t:|1700770438\n|move|p2b: Lil Bones|Will-O-Wisp|p1b: Tyranitar\n|-status|p1b: Tyranitar|brn\n|move|p1a: Dudunsparce|Ancient Power|p2b: Lil Bones\n|-damage|p2b: Lil Bones|0 fnt\n|faint|p2b: Lil Bones\n|move|p1b: Tyranitar|Rock Slide|p2a: Tyrone\n|-damage|p2a: Tyrone|88\/100\n|cant|p2a: Tyrone|flinch\n|\n|-weather|Sandstorm|[upkeep]\n|-damage|p1a: Dudunsparce|51\/100|[from] Sandstorm\n|-damage|p2a: Tyrone|82\/100|[from] Sandstorm\n|-heal|p2a: Tyrone|88\/100|[from] item: Leftovers\n|-damage|p1b: Tyranitar|94\/100 brn|[from] brn\n|upkeep\n|\n|t:|1700770455\n|switch|p2b: Slowbro|Slowbro-Galar, F|100\/100\n|turn|4\n|\n|t:|1700770464\n|move|p1a: Dudunsparce|Baton Pass|p1a: Dudunsparce\n|\n|t:|1700770465\n|switch|p1a: Garchomp|Garchomp, F|100\/100|[from] Baton Pass\n|move|p1b: Tyranitar|Rock Slide|p2a: Tyrone|[spread] p2a,p2b\n|-damage|p2a: Tyrone|79\/100\n|-damage|p2b: Slowbro|88\/100\n|cant|p2a: Tyrone|flinch\n|move|p2b: Slowbro|Trick Room|p2b: Slowbro\n|-fieldstart|move: Trick Room|[of] p2b: Slowbro\n|\n|-weather|Sandstorm|[upkeep]\n|-damage|p2b: Slowbro|82\/100|[from] Sandstorm\n|-damage|p2a: Tyrone|73\/100|[from] Sandstorm\n|-heal|p2a: Tyrone|79\/100|[from] item: Leftovers\n|-damage|p1b: Tyranitar|88\/100 brn|[from] brn\n|-sideend|p1: ynnig|Water Pledge\n|upkeep\n|turn|5\n|\n|t:|1700770492\n|-terastallize|p1a: Garchomp|Poison\n|move|p1b: Tyranitar|Protect|p1b: Tyranitar\n|-singleturn|p1b: Tyranitar|Protect\n|move|p2b: Slowbro|Toxic|p1a: Garchomp\n|-immune|p1a: Garchomp\n|move|p2a: Tyrone|Tera Blast|p1a: Garchomp|[anim] Tera Blast Fairy\n|-resisted|p1a: Garchomp\n|-damage|p1a: Garchomp|68\/100\n|move|p1a: Garchomp|Earthquake|p2a: Tyrone|[spread] p2a,p2b\n|-activate|p1b: Tyranitar|move: Protect\n|-supereffective|p2b: Slowbro\n|-damage|p2a: Tyrone|36\/100\n|-damage|p2b: Slowbro|0 fnt\n|faint|p2b: Slowbro\n|\n|-weather|none\n|-heal|p2a: Tyrone|42\/100|[from] item: Leftovers\n|-damage|p1b: Tyranitar|82\/100 brn|[from] brn\n|upkeep\n|inactive|Duckgmr425zzz has 120 seconds left.\n|\n|t:|1700770512\n|switch|p2b: Grimace|Grimmsnarl, M|100\/100\n|turn|6\n|\n|t:|1700770520\n|switch|p1b: Dudunsparce|Dudunsparce, F|51\/100\n|move|p1a: Garchomp|Protect|p1a: Garchomp\n|-singleturn|p1a: Garchomp|Protect\n|move|p2b: Grimace|Fake Out|p1b: Dudunsparce\n|-damage|p1b: Dudunsparce|42\/100\n|move|p2a: Tyrone|Knock Off|p1a: Garchomp\n|-activate|p1a: Garchomp|move: Protect\n|\n|-heal|p2a: Tyrone|49\/100|[from] item: Leftovers\n|upkeep\n|turn|7\n|\n|t:|1700770545\n|move|p2b: Grimace|Light Screen|p2b: Grimace\n|-sidestart|p2: Duckgmr425zzz|move: Light Screen\n|move|p2a: Tyrone|Knock Off|p1a: Garchomp\n|-damage|p1a: Garchomp|0 fnt\n|-enditem|p1a: Garchomp|Sitrus Berry|[from] move: Knock Off|[of] p2a: Tyrone\n|faint|p1a: Garchomp\n|move|p1b: Dudunsparce|Ancient Power|p2a: Tyrone\n|-damage|p2a: Tyrone|41\/100\n|\n|-heal|p2a: Tyrone|48\/100|[from] item: Leftovers\n|upkeep\n|-message|ynnig forfeited.\n|\n|win|Duckgmr425zzz\n|raw|ynnig's rating: 1221 &rarr; <strong>1203<\/strong><br \/>(-18 for losing)\n|raw|Duckgmr425zzz's rating: 1325 &rarr; <strong>1339<\/strong><br \/>(+14 for winning)\n|l|\u2606ynnig\n","uploadtime":1700770575,"views":17,"p1id":"ynnig","p2id":"duckgmr425zzz","formatid":"gen9doublesou","rating":1203,"private":0,"password":""}