{"id":"gen9doublesou-1993820969","p1":"Kiky14","p2":"Oberon100","format":"[Gen 9] Doubles OU","log":"|j|\u2606Kiky14\n|j|\u2606Oberon100\n|t:|1700361399\n|gametype|doubles\n|player|p1|Kiky14|hilda-wonderlauncher|1451\n|player|p2|Oberon100|parasollady|1457\n|teamsize|p1|6\n|teamsize|p2|6\n|gen|9\n|tier|[Gen 9] Doubles OU\n|rated|\n|rule|Species Clause: Limit one of each Pok\u00e9mon\n|rule|OHKO Clause: OHKO moves are banned\n|rule|Evasion Moves Clause: Evasion moves are banned\n|rule|Gravity Sleep Clause: The combination of sleep-inducing moves with imperfect accuracy and Gravity or Gigantamax Orbeetle are banned\n|rule|Endless Battle Clause: Forcing endless battles is banned\n|rule|HP Percentage Mod: HP is shown in percentages\n|clearpoke\n|poke|p1|Sinistcha|\n|poke|p1|Moltres-Galar|\n|poke|p1|Arcanine-Hisui, M|\n|poke|p1|Ogerpon-Wellspring, F|\n|poke|p1|Klefki, M|\n|poke|p1|Okidogi, M|\n|poke|p2|Azumarill, F|\n|poke|p2|Gastrodon-East, F|\n|poke|p2|Bronzong|\n|poke|p2|Ampharos, M|\n|poke|p2|Dragonite, F|\n|poke|p2|Pelipper, F|\n|teampreview\n|\n|t:|1700361421\n|start\n|switch|p1a: Klefki|Klefki, M|100\/100\n|switch|p1b: Arcanine|Arcanine-Hisui, M|100\/100\n|switch|p2a: Gastrodon|Gastrodon-East, F|100\/100\n|switch|p2b: Pelipper|Pelipper, F|100\/100\n|-ability|p1b: Arcanine|Intimidate|boost\n|-unboost|p2a: Gastrodon|atk|1\n|-unboost|p2b: Pelipper|atk|1\n|-weather|RainDance|[from] ability: Drizzle|[of] p2b: Pelipper\n|turn|1\n|\n|t:|1700361448\n|move|p1a: Klefki|Light Screen|p1a: Klefki\n|-sidestart|p1: Kiky14|move: Light Screen\n|move|p1b: Arcanine|Rock Slide|p2a: Gastrodon|[spread] p2a,p2b\n|-resisted|p2a: Gastrodon\n|-crit|p2a: Gastrodon\n|-supereffective|p2b: Pelipper\n|-damage|p2a: Gastrodon|79\/100\n|-damage|p2b: Pelipper|57\/100\n|move|p2b: Pelipper|Hurricane|p1a: Klefki\n|-resisted|p1a: Klefki\n|-damage|p1a: Klefki|87\/100\n|-start|p1a: Klefki|confusion\n|cant|p2a: Gastrodon|flinch\n|\n|-weather|RainDance|[upkeep]\n|upkeep\n|turn|2\n|\n|t:|1700361471\n|switch|p2b: Bronzong|Bronzong|100\/100\n|-activate|p1a: Klefki|confusion\n|move|p1a: Klefki|Thunder Wave|p2b: Bronzong\n|-status|p2b: Bronzong|par\n|move|p1b: Arcanine|Rock Slide|p2a: Gastrodon|[spread] p2b\n|-miss|p1b: Arcanine|p2a: Gastrodon\n|-resisted|p2b: Bronzong\n|-damage|p2b: Bronzong|91\/100 par\n|move|p2a: Gastrodon|Earth Power|p1b: Arcanine\n|-supereffective|p1b: Arcanine\n|-damage|p1b: Arcanine|0 fnt\n|faint|p1b: Arcanine\n|\n|-weather|RainDance|[upkeep]\n|upkeep\n|\n|t:|1700361496\n|switch|p1b: Sinistcha|Sinistcha|100\/100\n|-heal|p1a: Klefki|100\/100|[from] ability: Hospitality|[of] p1b: Sinistcha\n|turn|3\n|\n|t:|1700361512\n|-terastallize|p2a: Gastrodon|Poison\n|-end|p1a: Klefki|confusion\n|move|p1a: Klefki|Reflect|p1a: Klefki\n|-sidestart|p1: Kiky14|Reflect\n|move|p1b: Sinistcha|Matcha Gotcha|p2b: Bronzong|[spread] p2a,p2b\n|-resisted|p2a: Gastrodon\n|-resisted|p2b: Bronzong\n|-damage|p2a: Gastrodon|68\/100\n|-damage|p2b: Bronzong|79\/100 par\n|move|p2a: Gastrodon|Sludge Bomb|p1b: Sinistcha\n|-damage|p1b: Sinistcha|77\/100\n|cant|p2b: Bronzong|par\n|\n|-weather|RainDance|[upkeep]\n|-heal|p1b: Sinistcha|83\/100|[from] item: Leftovers\n|upkeep\n|turn|4\n|\n|t:|1700361541\n|switch|p1b: Okidogi|Okidogi, M|100\/100\n|move|p1a: Klefki|Thunder Wave|p2a: Gastrodon\n|-status|p2a: Gastrodon|par\n|move|p2a: Gastrodon|Sludge Bomb|p1b: Okidogi\n|-resisted|p1b: Okidogi\n|-damage|p1b: Okidogi|89\/100\n|move|p2b: Bronzong|Trick Room|p2b: Bronzong\n|-fieldstart|move: Trick Room|[of] p2b: Bronzong\n|\n|-weather|RainDance|[upkeep]\n|upkeep\n|turn|5\n|\n|t:|1700361569\n|switch|p1b: Moltres|Moltres-Galar|100\/100\n|cant|p2b: Bronzong|par\n|move|p2a: Gastrodon|Earth Power|p1b: Moltres\n|-immune|p1b: Moltres\n|move|p1a: Klefki|Dazzling Gleam|p2a: Gastrodon|[spread] p2a,p2b\n|-resisted|p2a: Gastrodon\n|-resisted|p2b: Bronzong\n|-damage|p2a: Gastrodon|60\/100 par\n|-damage|p2b: Bronzong|71\/100 par\n|\n|-weather|RainDance|[upkeep]\n|upkeep\n|turn|6\n|\n|t:|1700361601\n|switch|p2b: Azumarill|Azumarill, F|100\/100\n|cant|p2a: Gastrodon|par\n|move|p1a: Klefki|Dazzling Gleam|p2b: Azumarill|[spread] p2a,p2b\n|-resisted|p2a: Gastrodon\n|-damage|p2a: Gastrodon|52\/100 par\n|-damage|p2b: Azumarill|82\/100\n|move|p1b: Moltres|Fiery Wrath|p2b: Azumarill|[spread] p2a,p2b\n|-resisted|p2b: Azumarill\n|-damage|p2a: Gastrodon|27\/100 par\n|-damage|p2b: Azumarill|68\/100\n|\n|-weather|RainDance|[upkeep]\n|upkeep\n|turn|7\n|\n|t:|1700361626\n|move|p1a: Klefki|Thunder Wave|p2b: Azumarill\n|-status|p2b: Azumarill|par\n|cant|p2a: Gastrodon|par\n|cant|p2b: Azumarill|par\n|move|p1b: Moltres|Fiery Wrath|p2b: Azumarill|[spread] p2a,p2b\n|-resisted|p2b: Azumarill\n|-damage|p2a: Gastrodon|0 fnt\n|-damage|p2b: Azumarill|56\/100 par\n|faint|p2a: Gastrodon\n|\n|-weather|RainDance|[upkeep]\n|upkeep\n|\n|t:|1700361639\n|switch|p2a: Ampharos|Ampharos, M|100\/100\n|turn|8\n|\n|t:|1700361671\n|-terastallize|p1b: Moltres|Dark\n|move|p2b: Azumarill|Play Rough|p1b: Moltres\n|-supereffective|p1b: Moltres\n|-damage|p1b: Moltres|4\/100\n|-enditem|p1b: Moltres|Weakness Policy\n|-boost|p1b: Moltres|atk|2|[from] item: Weakness Policy\n|-boost|p1b: Moltres|spa|2|[from] item: Weakness Policy\n|-ability|p1b: Moltres|Berserk|boost\n|-boost|p1b: Moltres|spa|1\n|-damage|p2b: Azumarill|46\/100 par|[from] item: Life Orb\n|move|p2a: Ampharos|Thunder|p1b: Moltres\n|-damage|p1b: Moltres|0 fnt\n|faint|p1b: Moltres\n|move|p1a: Klefki|Dazzling Gleam|p2a: Ampharos|[spread] p2a,p2b\n|-damage|p2a: Ampharos|88\/100\n|-damage|p2b: Azumarill|27\/100 par\n|\n|-weather|none\n|-sideend|p1: Kiky14|move: Light Screen\n|-fieldend|move: Trick Room\n|upkeep\n|\n|t:|1700361684\n|switch|p1b: Okidogi|Okidogi, M|89\/100\n|turn|9\n|\n|t:|1700361695\n|switch|p2b: Pelipper|Pelipper, F|57\/100\n|-weather|RainDance|[from] ability: Drizzle|[of] p2b: Pelipper\n|move|p1a: Klefki|Light Screen|p1a: Klefki\n|-sidestart|p1: Kiky14|move: Light Screen\n|move|p1b: Okidogi|Drain Punch|p2a: Ampharos\n|-damage|p2a: Ampharos|39\/100\n|-heal|p1b: Okidogi|100\/100|[from] drain|[of] p2a: Ampharos\n|-damage|p1b: Okidogi|90\/100|[from] item: Life Orb\n|move|p2a: Ampharos|Thunder|p1b: Okidogi\n|-damage|p1b: Okidogi|59\/100\n|-status|p1b: Okidogi|par\n|\n|-weather|RainDance|[upkeep]\n|upkeep\n|turn|10\n|\n|t:|1700361721\n|switch|p2a: Azumarill|Azumarill, F|27\/100 par\n|move|p1a: Klefki|Thunder Wave|p2b: Pelipper\n|-status|p2b: Pelipper|par\n|move|p1b: Okidogi|Drain Punch|p2a: Azumarill\n|-resisted|p2a: Azumarill\n|-damage|p2a: Azumarill|1\/100 par\n|-heal|p1b: Okidogi|73\/100 par|[from] drain|[of] p2a: Azumarill\n|-damage|p1b: Okidogi|63\/100 par|[from] item: Life Orb\n|move|p2b: Pelipper|Hurricane|p1b: Okidogi\n|-supereffective|p1b: Okidogi\n|-damage|p1b: Okidogi|20\/100 par\n|\n|-weather|RainDance|[upkeep]\n|-sideend|p1: Kiky14|Reflect\n|upkeep\n|turn|11\n|\n|t:|1700361743\n|move|p1b: Okidogi|Protect|p1b: Okidogi\n|-singleturn|p1b: Okidogi|Protect\n|cant|p2a: Azumarill|par\n|move|p1a: Klefki|Dazzling Gleam|p2b: Pelipper|[spread] p2a,p2b\n|-damage|p2a: Azumarill|0 fnt\n|-damage|p2b: Pelipper|35\/100 par\n|faint|p2a: Azumarill\n|move|p2b: Pelipper|Hurricane|p1b: Okidogi\n|-activate|p1b: Okidogi|move: Protect\n|\n|-weather|RainDance|[upkeep]\n|upkeep\n|\n|t:|1700361756\n|switch|p2a: Dragonite|Dragonite, F, shiny|100\/100\n|turn|12\n|\n|t:|1700361769\n|move|p1a: Klefki|Thunder Wave|p2a: Dragonite\n|-status|p2a: Dragonite|par\n|move|p1b: Okidogi|Knock Off|p2a: Dragonite\n|-damage|p2a: Dragonite|75\/100 par\n|-enditem|p2a: Dragonite|Expert Belt|[from] move: Knock Off|[of] p1b: Okidogi\n|-damage|p1b: Okidogi|10\/100 par|[from] item: Life Orb\n|cant|p2a: Dragonite|par\n|move|p2b: Pelipper|Weather Ball|p1a: Klefki\n|-damage|p1a: Klefki|67\/100\n|\n|-weather|RainDance|[upkeep]\n|upkeep\n|turn|13\n|\n|t:|1700361789\n|cant|p2a: Dragonite|par\n|move|p1a: Klefki|Dazzling Gleam|p2a: Dragonite|[spread] p2a,p2b\n|-supereffective|p2a: Dragonite\n|-damage|p2a: Dragonite|41\/100 par\n|-damage|p2b: Pelipper|11\/100 par\n|move|p1b: Okidogi|Poison Jab|p2a: Dragonite\n|-damage|p2a: Dragonite|0 fnt\n|faint|p2a: Dragonite\n|-damage|p1b: Okidogi|0 fnt|[from] item: Life Orb\n|faint|p1b: Okidogi\n|move|p2b: Pelipper|Hurricane|p1a: Klefki\n|-resisted|p1a: Klefki\n|-damage|p1a: Klefki|54\/100\n|\n|-weather|RainDance|[upkeep]\n|upkeep\n|-message|Oberon100 forfeited.\n|\n|win|Kiky14\n|raw|Kiky14's rating: 1451 &rarr; <strong>1471<\/strong><br \/>(+20 for winning)\n|raw|Oberon100's rating: 1457 &rarr; <strong>1437<\/strong><br \/>(-20 for losing)\n|l|\u2606Oberon100\n","uploadtime":1700361823,"views":4,"p1id":"kiky14","p2id":"oberon100","formatid":"gen9doublesou","rating":1437,"private":0,"password":""}