{"id":"gen9doublesou-1988098105","p1":"Trainer Pyrus","p2":"IVANCITO11","format":"[Gen 9] Doubles OU","log":"|j|\u2606Trainer Pyrus\n|j|\u2606IVANCITO11\n|t:|1699669262\n|gametype|doubles\n|player|p1|Trainer Pyrus|n-masters|1383\n|player|p2|IVANCITO11|skyla|1237\n|teamsize|p1|6\n|teamsize|p2|6\n|gen|9\n|tier|[Gen 9] Doubles OU\n|rated|\n|rule|Species Clause: Limit one of each Pok\u00e9mon\n|rule|OHKO Clause: OHKO moves are banned\n|rule|Evasion Moves Clause: Evasion moves are banned\n|rule|Gravity Sleep Clause: The combination of sleep-inducing moves with imperfect accuracy and Gravity or Gigantamax Orbeetle are banned\n|rule|Endless Battle Clause: Forcing endless battles is banned\n|rule|HP Percentage Mod: HP is shown in percentages\n|clearpoke\n|poke|p1|Typhlosion-Hisui, F|\n|poke|p1|Arcanine-Hisui, F|\n|poke|p1|Infernape, F|\n|poke|p1|Torkoal, M|\n|poke|p1|Talonflame, M|\n|poke|p1|Volcarona, F|\n|poke|p2|Iron Bundle|\n|poke|p2|Carbink|\n|poke|p2|Gallade, M|\n|poke|p2|Chi-Yu|\n|poke|p2|Mudsdale, F|\n|poke|p2|Tornadus, M|\n|teampreview\n|c|\u2606Trainer Pyrus|glhf\n|\n|t:|1699669275\n|start\n|switch|p1a: Forjort|Arcanine-Hisui, F|100\/100\n|switch|p1b: Wukong|Infernape, F|100\/100\n|switch|p2a: Mudsdale|Mudsdale, F|100\/100\n|switch|p2b: Tornadus|Tornadus, M|100\/100\n|-ability|p1a: Forjort|Intimidate|boost\n|-unboost|p2a: Mudsdale|atk|1\n|-unboost|p2b: Tornadus|atk|1\n|-ability|p2b: Tornadus|Defiant|boost\n|-boost|p2b: Tornadus|atk|2\n|turn|1\n|\n|t:|1699669303\n|-terastallize|p2a: Mudsdale|Water\n|move|p1b: Wukong|Fake Out|p2a: Mudsdale\n|-damage|p2a: Mudsdale|92\/100\n|-ability|p2a: Mudsdale|Stamina|boost\n|-boost|p2a: Mudsdale|def|1\n|move|p2b: Tornadus|Focus Blast|p1a: Forjort\n|-supereffective|p1a: Forjort\n|-damage|p1a: Forjort|26\/100\n|move|p1a: Forjort|Rock Slide|p2a: Mudsdale|[spread] p2a,p2b\n|-supereffective|p2b: Tornadus\n|-damage|p2a: Mudsdale|73\/100\n|-damage|p2b: Tornadus|0 fnt\n|-ability|p2a: Mudsdale|Stamina|boost\n|-boost|p2a: Mudsdale|def|1\n|faint|p2b: Tornadus\n|cant|p2a: Mudsdale|flinch\n|\n|-heal|p2a: Mudsdale|79\/100|[from] item: Leftovers\n|upkeep\n|\n|t:|1699669321\n|switch|p2b: Carbink|Carbink|100\/100\n|turn|2\n|\n|t:|1699669333\n|switch|p1a: Parker|Talonflame, M|100\/100\n|move|p1b: Wukong|Knock Off|p2a: Mudsdale\n|-damage|p2a: Mudsdale|68\/100\n|-ability|p2a: Mudsdale|Stamina|boost\n|-boost|p2a: Mudsdale|def|1\n|-enditem|p2a: Mudsdale|Leftovers|[from] move: Knock Off|[of] p1b: Wukong\n|move|p2a: Mudsdale|Earthquake|p1a: Parker|[spread] p2b,p1b\n|-immune|p1a: Parker\n|-supereffective|p2b: Carbink\n|-supereffective|p1b: Wukong\n|-damage|p2b: Carbink|72\/100\n|-damage|p1b: Wukong|32\/100\n|move|p2b: Carbink|Light Screen|p2b: Carbink\n|-sidestart|p2: IVANCITO11|move: Light Screen\n|\n|-heal|p2b: Carbink|78\/100|[from] item: Leftovers\n|upkeep\n|turn|3\n|\n|t:|1699669359\n|move|p1a: Parker|Taunt|p2b: Carbink\n|-start|p2b: Carbink|move: Taunt\n|move|p1b: Wukong|Knock Off|p2b: Carbink\n|-resisted|p2b: Carbink\n|-damage|p2b: Carbink|68\/100\n|-enditem|p2b: Carbink|Leftovers|[from] move: Knock Off|[of] p1b: Wukong\n|move|p2a: Mudsdale|Body Press|p1a: Parker\n|-resisted|p1a: Parker\n|-damage|p1a: Parker|53\/100\n|move|p2b: Carbink|Dazzling Gleam|p1b: Wukong|[spread] p1a,p1b\n|-resisted|p1a: Parker\n|-damage|p1a: Parker|43\/100\n|-damage|p1b: Wukong|13\/100\n|\n|upkeep\n|turn|4\n|\n|t:|1699669374\n|move|p1a: Parker|Will-O-Wisp|p2a: Mudsdale\n|-status|p2a: Mudsdale|brn\n|move|p1b: Wukong|Close Combat|p2b: Carbink\n|-damage|p2b: Carbink|29\/100\n|-unboost|p1b: Wukong|def|1\n|-unboost|p1b: Wukong|spd|1\n|move|p2a: Mudsdale|Body Press|p1a: Parker\n|-resisted|p1a: Parker\n|-damage|p1a: Parker|18\/100\n|move|p2b: Carbink|Dazzling Gleam|p1a: Parker|[spread] p1a,p1b\n|-resisted|p1a: Parker\n|-damage|p1a: Parker|9\/100\n|-damage|p1b: Wukong|0 fnt\n|faint|p1b: Wukong\n|\n|-damage|p2a: Mudsdale|62\/100 brn|[from] brn\n|upkeep\n|\n|t:|1699669390\n|switch|p1b: Enta|Typhlosion-Hisui, F|100\/100\n|turn|5\n|\n|t:|1699669422\n|switch|p2b: Chi-Yu|Chi-Yu|100\/100\n|-ability|p2b: Chi-Yu|Beads of Ruin\n|-terastallize|p1b: Enta|Grass\n|move|p1a: Parker|Tailwind|p1a: Parker\n|-sidestart|p1: Trainer Pyrus|move: Tailwind\n|move|p1b: Enta|Tera Blast|p2a: Mudsdale|[anim] Tera Blast Grass\n|-supereffective|p2a: Mudsdale\n|-damage|p2a: Mudsdale|0 fnt\n|faint|p2a: Mudsdale\n|\n|upkeep\n|\n|t:|1699669444\n|switch|p2a: Gallade|Gallade, M|100\/100\n|turn|6\n|\n|t:|1699669461\n|switch|p1b: Forjort|Arcanine-Hisui, F|26\/100\n|-ability|p1b: Forjort|Intimidate|boost\n|-unboost|p2a: Gallade|atk|1\n|-unboost|p2b: Chi-Yu|atk|1\n|move|p1a: Parker|Brave Bird|p2a: Gallade\n|-supereffective|p2a: Gallade\n|-damage|p2a: Gallade|0 fnt\n|faint|p2a: Gallade\n|-damage|p1a: Parker|0 fnt|[from] Recoil\n|faint|p1a: Parker\n|move|p2b: Chi-Yu|Heat Wave|p1b: Forjort\n|-resisted|p1b: Forjort\n|-damage|p1b: Forjort|3\/100\n|-damage|p2b: Chi-Yu|91\/100|[from] item: Life Orb\n|\n|-sideend|p2: IVANCITO11|move: Light Screen\n|upkeep\n|\n|t:|1699669481\n|switch|p1a: Enta|Typhlosion-Hisui, F, tera:Grass|100\/100\n|switch|p2a: Carbink|Carbink|29\/100\n|-item|p2b: Chi-Yu|Life Orb|[from] ability: Frisk|[of] p1a: Enta|[identify]\n|turn|7\n|\n|t:|1699669490\n|switch|p1b: Fuji|Torkoal, M|100\/100\n|-weather|SunnyDay|[from] ability: Drought|[of] p1b: Fuji\n|move|p1a: Enta|Eruption|p2a: Carbink|[spread] p2a,p2b\n|-resisted|p2a: Carbink\n|-resisted|p2b: Chi-Yu\n|-damage|p2a: Carbink|0 fnt\n|-damage|p2b: Chi-Yu|17\/100\n|faint|p2a: Carbink\n|move|p2b: Chi-Yu|Heat Wave|p1b: Fuji|[spread] p1a,p1b\n|-supereffective|p1a: Enta\n|-resisted|p1b: Fuji\n|-damage|p1a: Enta|0 fnt\n|-damage|p1b: Fuji|37\/100\n|faint|p1a: Enta\n|-damage|p2b: Chi-Yu|7\/100|[from] item: Life Orb\n|\n|-weather|SunnyDay|[upkeep]\n|upkeep\n|\n|t:|1699669504\n|switch|p1a: Forjort|Arcanine-Hisui, F|3\/100\n|switch|p2a: Iron Bundle|Iron Bundle|100\/100\n|-ability|p1a: Forjort|Intimidate|boost\n|-unboost|p2a: Iron Bundle|atk|1\n|-unboost|p2b: Chi-Yu|atk|1\n|-enditem|p2a: Iron Bundle|Booster Energy\n|-activate|p2a: Iron Bundle|ability: Quark Drive|[fromitem]\n|-start|p2a: Iron Bundle|quarkdrivespe\n|turn|8\n|\n|t:|1699669532\n|move|p2a: Iron Bundle|Freeze-Dry|p1a: Forjort\n|-resisted|p1a: Forjort\n|-damage|p1a: Forjort|0 fnt\n|faint|p1a: Forjort\n|move|p2b: Chi-Yu|Heat Wave|p1b: Fuji\n|-resisted|p1b: Fuji\n|-damage|p1b: Fuji|0 fnt\n|faint|p1b: Fuji\n|-damage|p2b: Chi-Yu|0 fnt|[from] item: Life Orb\n|faint|p2b: Chi-Yu\n|\n|-weather|SunnyDay|[upkeep]\n|-sideend|p1: Trainer Pyrus|move: Tailwind\n|upkeep\n|\n|t:|1699669538\n|switch|p1b: Hathor|Volcarona, F|100\/100\n|turn|9\n|\n|t:|1699669548\n|move|p2a: Iron Bundle|Hydro Pump|p1b: Hathor|[miss]\n|-miss|p2a: Iron Bundle|p1b: Hathor\n|move|p1b: Hathor|Quiver Dance|p1b: Hathor\n|-boost|p1b: Hathor|spa|1\n|-boost|p1b: Hathor|spd|1\n|-boost|p1b: Hathor|spe|1\n|\n|-weather|SunnyDay|[upkeep]\n|upkeep\n|turn|10\n|\n|t:|1699669555\n|move|p2a: Iron Bundle|Hydro Pump|p1b: Hathor\n|-supereffective|p1b: Hathor\n|-damage|p1b: Hathor|71\/100\n|move|p1b: Hathor|Giga Drain|p2a: Iron Bundle\n|-supereffective|p2a: Iron Bundle\n|-damage|p2a: Iron Bundle|0 fnt\n|-heal|p1b: Hathor|100\/100|[from] drain|[of] p2a: Iron Bundle\n|faint|p2a: Iron Bundle\n|-end|p2a: Iron Bundle|Quark Drive|[silent]\n|\n|win|Trainer Pyrus\n|raw|Trainer Pyrus's rating: 1383 &rarr; <strong>1395<\/strong><br \/>(+12 for winning)\n|raw|IVANCITO11's rating: 1237 &rarr; <strong>1222<\/strong><br \/>(-15 for losing)\n|c|\u2606Trainer Pyrus|Gg\n|l|\u2606IVANCITO11\n","uploadtime":1699669712,"views":6,"p1id":"trainerpyrus","p2id":"ivancito11","formatid":"gen9doublesou","rating":1222,"private":0,"password":""}