{"id":"gen9doublesou-1985808407","p1":"Thehombre","p2":"TotesMcGotes2023","format":"[Gen 9] Doubles OU","log":"|j|\u2606Thehombre\n|j|\u2606TotesMcGotes2023\n|t:|1699408372\n|gametype|doubles\n|player|p1|Thehombre|170|1240\n|player|p2|TotesMcGotes2023|102|1248\n|teamsize|p1|6\n|teamsize|p2|6\n|gen|9\n|tier|[Gen 9] Doubles OU\n|rated|\n|rule|Species Clause: Limit one of each Pok\u00e9mon\n|rule|OHKO Clause: OHKO moves are banned\n|rule|Evasion Moves Clause: Evasion moves are banned\n|rule|Gravity Sleep Clause: The combination of sleep-inducing moves with imperfect accuracy and Gravity or Gigantamax Orbeetle are banned\n|rule|Endless Battle Clause: Forcing endless battles is banned\n|rule|HP Percentage Mod: HP is shown in percentages\n|clearpoke\n|poke|p1|Copperajah, M|\n|poke|p1|Bronzong|\n|poke|p1|Armarouge, F|\n|poke|p1|Torkoal, F|\n|poke|p1|Dipplin, F|\n|poke|p1|Great Tusk|\n|poke|p2|Snorlax, F|\n|poke|p2|Sinistcha|\n|poke|p2|Landorus-Therian, M|\n|poke|p2|Iron Hands|\n|poke|p2|Clefairy, M|\n|poke|p2|Kommo-o, F|\n|teampreview\n|inactive|Battle timer is ON: inactive players will automatically lose when time's up. (requested by Thehombre)\n|\n|t:|1699408384\n|start\n|switch|p1a: Copperajah|Copperajah, M|100\/100\n|switch|p1b: Bronzong|Bronzong|100\/100\n|switch|p2a: Snorlax|Snorlax, F|100\/100\n|switch|p2b: Clefairy|Clefairy, M, shiny|100\/100\n|turn|1\n|\n|t:|1699408401\n|move|p2b: Clefairy|Follow Me|p2b: Clefairy\n|-singleturn|p2b: Clefairy|move: Follow Me\n|move|p1a: Copperajah|Curse|p1a: Copperajah\n|-unboost|p1a: Copperajah|spe|1\n|-boost|p1a: Copperajah|atk|1\n|-boost|p1a: Copperajah|def|1\n|move|p2a: Snorlax|Belly Drum|p2a: Snorlax\n|-damage|p2a: Snorlax|50\/100\n|-setboost|p2a: Snorlax|atk|6|[from] move: Belly Drum\n|-enditem|p2a: Snorlax|Sitrus Berry|[eat]\n|-heal|p2a: Snorlax|75\/100|[from] item: Sitrus Berry\n|move|p1b: Bronzong|Trick Room|p1b: Bronzong\n|-fieldstart|move: Trick Room|[of] p1b: Bronzong\n|\n|upkeep\n|turn|2\n|inactive|TotesMcGotes2023 has 120 seconds left.\n|\n|t:|1699408438\n|move|p1b: Bronzong|Iron Defense|p1b: Bronzong\n|-boost|p1b: Bronzong|def|2\n|move|p1a: Copperajah|Curse|p1a: Copperajah\n|-unboost|p1a: Copperajah|spe|1\n|-boost|p1a: Copperajah|atk|1\n|-boost|p1a: Copperajah|def|1\n|move|p2a: Snorlax|High Horsepower|p1a: Copperajah\n|-supereffective|p1a: Copperajah\n|-damage|p1a: Copperajah|0 fnt\n|faint|p1a: Copperajah\n|move|p2b: Clefairy|Heal Pulse|p2a: Snorlax\n|-heal|p2a: Snorlax|100\/100\n|\n|upkeep\n|\n|t:|1699408457\n|switch|p1a: Armarouge|Armarouge, F|100\/100\n|turn|3\n|\n|t:|1699408477\n|move|p2b: Clefairy|Follow Me|p2b: Clefairy\n|-singleturn|p2b: Clefairy|move: Follow Me\n|move|p1b: Bronzong|Iron Defense|p1b: Bronzong\n|-boost|p1b: Bronzong|def|2\n|move|p2a: Snorlax|High Horsepower|p1b: Bronzong\n|-immune|p1b: Bronzong|[from] ability: Levitate\n|move|p1a: Armarouge|Heat Wave|p2a: Snorlax|[spread] p2a,p2b\n|-damage|p2a: Snorlax|91\/100\n|-damage|p2b: Clefairy|69\/100\n|\n|upkeep\n|turn|4\n|\n|t:|1699408493\n|move|p2b: Clefairy|Helping Hand|p2a: Snorlax\n|-singleturn|p2a: Snorlax|Helping Hand|[of] p2b: Clefairy\n|move|p1b: Bronzong|Iron Defense|p1b: Bronzong\n|-boost|p1b: Bronzong|def|2\n|move|p2a: Snorlax|Facade|p1b: Bronzong\n|-resisted|p1b: Bronzong\n|-damage|p1b: Bronzong|79\/100\n|move|p1a: Armarouge|Heat Wave|p2b: Clefairy|[spread] p2a\n|-miss|p1a: Armarouge|p2b: Clefairy\n|-crit|p2a: Snorlax\n|-damage|p2a: Snorlax|77\/100\n|\n|-heal|p1b: Bronzong|85\/100|[from] item: Leftovers\n|upkeep\n|turn|5\n|\n|t:|1699408509\n|move|p1a: Armarouge|Helping Hand|p1b: Bronzong\n|-singleturn|p1b: Bronzong|Helping Hand|[of] p1a: Armarouge\n|move|p2b: Clefairy|Follow Me|p2b: Clefairy\n|-singleturn|p2b: Clefairy|move: Follow Me\n|move|p1b: Bronzong|Body Press|p2b: Clefairy\n|-resisted|p2b: Clefairy\n|-damage|p2b: Clefairy|12\/100\n|move|p2a: Snorlax|High Horsepower|p1a: Armarouge\n|-supereffective|p1a: Armarouge\n|-damage|p1a: Armarouge|0 fnt\n|faint|p1a: Armarouge\n|\n|-heal|p1b: Bronzong|91\/100|[from] item: Leftovers\n|-fieldend|move: Trick Room\n|upkeep\n|\n|t:|1699408521\n|switch|p1a: Great Tusk|Great Tusk|100\/100\n|turn|6\n|\n|t:|1699408544\n|move|p2b: Clefairy|Follow Me|p2b: Clefairy\n|-singleturn|p2b: Clefairy|move: Follow Me\n|move|p1a: Great Tusk|Heavy Slam|p2b: Clefairy\n|-supereffective|p2b: Clefairy\n|-damage|p2b: Clefairy|0 fnt\n|faint|p2b: Clefairy\n|move|p2a: Snorlax|High Horsepower|p1a: Great Tusk\n|-damage|p1a: Great Tusk|30\/100\n|move|p1b: Bronzong|Trick Room|p1b: Bronzong\n|-fieldstart|move: Trick Room|[of] p1b: Bronzong\n|\n|-heal|p1b: Bronzong|98\/100|[from] item: Leftovers\n|-heal|p1a: Great Tusk|36\/100|[from] item: Leftovers\n|upkeep\n|\n|t:|1699408556\n|switch|p2b: Iron Hands|Iron Hands|100\/100\n|turn|7\n|\n|t:|1699408585\n|move|p2b: Iron Hands|Fake Out|p1b: Bronzong\n|-resisted|p1b: Bronzong\n|-damage|p1b: Bronzong|96\/100\n|cant|p1b: Bronzong|flinch\n|move|p2a: Snorlax|Facade|p1a: Great Tusk\n|-damage|p1a: Great Tusk|0 fnt\n|faint|p1a: Great Tusk\n|-end|p1a: Great Tusk|Protosynthesis|[silent]\n|\n|-heal|p1b: Bronzong|100\/100|[from] item: Leftovers\n|upkeep\n|\n|t:|1699408591\n|switch|p1a: Dipplin|Dipplin, F|100\/100\n|-ability|p1a: Dipplin|Supersweet Syrup\n|-ability|p1a: Dipplin|Supersweet Syrup|boost\n|-unboost|p2a: Snorlax|evasion|1\n|-unboost|p2b: Iron Hands|evasion|1\n|turn|8\n|\n|t:|1699408610\n|move|p1b: Bronzong|Body Press|p2a: Snorlax\n|-supereffective|p2a: Snorlax\n|-damage|p2a: Snorlax|0 fnt\n|faint|p2a: Snorlax\n|move|p1a: Dipplin|Growth|p1a: Dipplin\n|-boost|p1a: Dipplin|atk|1\n|-boost|p1a: Dipplin|spa|1\n|move|p2b: Iron Hands|Drain Punch|p1b: Bronzong\n|-damage|p1b: Bronzong|91\/100\n|\n|-heal|p1b: Bronzong|98\/100|[from] item: Leftovers\n|upkeep\n|\n|t:|1699408623\n|switch|p2a: Landorus|Landorus-Therian, M|100\/100\n|-ability|p2a: Landorus|Intimidate|boost\n|-unboost|p1a: Dipplin|atk|1\n|-unboost|p1b: Bronzong|atk|1\n|turn|9\n|\n|t:|1699408637\n|move|p1b: Bronzong|Body Press|p2a: Landorus\n|-resisted|p2a: Landorus\n|-damage|p2a: Landorus|51\/100\n|move|p1a: Dipplin|Defense Curl|p1a: Dipplin\n|-boost|p1a: Dipplin|def|1\n|move|p2b: Iron Hands|Wild Charge|p1b: Bronzong\n|-damage|p1b: Bronzong|86\/100\n|-damage|p2b: Iron Hands|98\/100|[from] Recoil\n|move|p2a: Landorus|Rock Slide|p1b: Bronzong|[spread] p1a,p1b\n|-resisted|p1b: Bronzong\n|-damage|p1a: Dipplin|88\/100\n|-damage|p1b: Bronzong|83\/100\n|\n|-heal|p1b: Bronzong|90\/100|[from] item: Leftovers\n|-heal|p1a: Dipplin|94\/100|[from] item: Leftovers\n|upkeep\n|turn|10\n|inactive|TotesMcGotes2023 has 120 seconds left.\n|\n|t:|1699408685\n|move|p1b: Bronzong|Body Press|p2b: Iron Hands\n|-damage|p2b: Iron Hands|39\/100\n|move|p1a: Dipplin|Giga Drain|p2b: Iron Hands\n|-damage|p2b: Iron Hands|10\/100\n|-heal|p1a: Dipplin|100\/100|[from] drain|[of] p2b: Iron Hands\n|move|p2b: Iron Hands|Heavy Slam|p1a: Dipplin\n|-damage|p1a: Dipplin|75\/100\n|move|p2a: Landorus|Rock Slide|p1b: Bronzong|[spread] p1a,p1b\n|-resisted|p1b: Bronzong\n|-damage|p1a: Dipplin|63\/100\n|-damage|p1b: Bronzong|87\/100\n|\n|-heal|p1b: Bronzong|93\/100|[from] item: Leftovers\n|-heal|p1a: Dipplin|69\/100|[from] item: Leftovers\n|-fieldend|move: Trick Room\n|upkeep\n|turn|11\n|inactive|TotesMcGotes2023 has 120 seconds left.\n|\n|t:|1699408704\n|move|p2a: Landorus|Rock Slide|p1a: Dipplin|[spread] p1a\n|-miss|p2a: Landorus|p1b: Bronzong\n|-damage|p1a: Dipplin|57\/100\n|move|p2b: Iron Hands|Heavy Slam|p1a: Dipplin\n|-damage|p1a: Dipplin|33\/100\n|cant|p1a: Dipplin|flinch\n|move|p1b: Bronzong|Trick Room|p1b: Bronzong\n|-fieldstart|move: Trick Room|[of] p1b: Bronzong\n|\n|-heal|p1b: Bronzong|99\/100|[from] item: Leftovers\n|-heal|p1a: Dipplin|40\/100|[from] item: Leftovers\n|upkeep\n|turn|12\n|\n|t:|1699408721\n|move|p1b: Bronzong|Body Press|p2b: Iron Hands\n|-damage|p2b: Iron Hands|0 fnt\n|faint|p2b: Iron Hands\n|-end|p2b: Iron Hands|Quark Drive|[silent]\n|move|p1a: Dipplin|Giga Drain|p2a: Landorus\n|-damage|p2a: Landorus|0 fnt\n|-heal|p1a: Dipplin|62\/100|[from] drain|[of] p2a: Landorus\n|faint|p2a: Landorus\n|\n|-heal|p1b: Bronzong|100\/100|[from] item: Leftovers\n|-heal|p1a: Dipplin|68\/100|[from] item: Leftovers\n|upkeep\n|inactive|TotesMcGotes2023 has 120 seconds left.\n|\n|t:|1699408733\n|switch|p2b: Kommo-o|Kommo-o, F|100\/100\n|switch|p2a: Sinistcha|Sinistcha|100\/100\n|turn|13\n|\n|t:|1699408751\n|-terastallize|p2b: Kommo-o|Steel\n|move|p1b: Bronzong|Body Press|p2b: Kommo-o\n|-supereffective|p2b: Kommo-o\n|-damage|p2b: Kommo-o|0 fnt\n|faint|p2b: Kommo-o\n|move|p1a: Dipplin|Giga Drain|p2a: Sinistcha\n|-resisted|p2a: Sinistcha\n|-damage|p2a: Sinistcha|77\/100\n|-heal|p1a: Dipplin|79\/100|[from] drain|[of] p2a: Sinistcha\n|move|p2a: Sinistcha|Matcha Gotcha|p1a: Dipplin|[spread] p1a,p1b\n|-resisted|p1a: Dipplin\n|-resisted|p1b: Bronzong\n|-damage|p1a: Dipplin|72\/100\n|-heal|p2a: Sinistcha|81\/100|[from] drain|[of] p1a: Dipplin\n|-damage|p1b: Bronzong|92\/100\n|-heal|p2a: Sinistcha|85\/100|[from] drain|[of] p1b: Bronzong\n|-status|p1a: Dipplin|brn\n|\n|-heal|p1b: Bronzong|98\/100|[from] item: Leftovers\n|-heal|p1a: Dipplin|78\/100 brn|[from] item: Leftovers\n|-damage|p1a: Dipplin|72\/100 brn|[from] brn\n|upkeep\n|turn|14\n|-message|TotesMcGotes2023 forfeited.\n|\n|win|Thehombre\n|raw|Thehombre's rating: 1240 &rarr; <strong>1266<\/strong><br \/>(+26 for winning)\n|raw|TotesMcGotes2023's rating: 1248 &rarr; <strong>1222<\/strong><br \/>(-26 for losing)\n|l|\u2606TotesMcGotes2023\n","uploadtime":1699408771,"views":9,"p1id":"thehombre","p2id":"totesmcgotes2023","formatid":"gen9doublesou","rating":1222,"private":0,"password":""}