{"id":"gen9doublesou-1972544735","p1":"Hacchi-satan","p2":"Yankees999","format":"[Gen 9] Doubles OU","log":"|j|\u2606Hacchi-satan\n|j|\u2606Yankees999\n|inactive|Battle timer is ON: inactive players will automatically lose when time's up.\n|t:|1697855226\n|gametype|doubles\n|player|p1|Hacchi-satan|akari|\n|player|p2|Yankees999|unknown|\n|teamsize|p1|3\n|teamsize|p2|6\n|gen|9\n|tier|[Gen 9] Doubles OU\n|rated|Tournament battle\n|rule|Species Clause: Limit one of each Pok\u00e9mon\n|rule|OHKO Clause: OHKO moves are banned\n|rule|Evasion Moves Clause: Evasion moves are banned\n|rule|Gravity Sleep Clause: The combination of sleep-inducing moves with imperfect accuracy and Gravity or Gigantamax Orbeetle are banned\n|rule|Endless Battle Clause: Forcing endless battles is banned\n|rule|HP Percentage Mod: HP is shown in percentages\n|clearpoke\n|poke|p1|Ambipom, F|\n|poke|p1|Dedenne, M|\n|poke|p1|Pachirisu, F|\n|poke|p2|Wo-Chien|\n|poke|p2|Ting-Lu|\n|poke|p2|Clodsire, F|\n|poke|p2|Toxapex, M|\n|poke|p2|Skeledirge, F|\n|poke|p2|Garganacl, F|\n|teampreview\n|inactive|Hacchi-satan also wants the timer to be on.\n|c|\u2606Hacchi-satan|Glhf\n|inactive|Yankees999 has 120 seconds left.\n|\n|t:|1697855258\n|start\n|switch|p1a: Ambipom|Ambipom, F|100\/100\n|switch|p1b: Dedenne|Dedenne, M|100\/100\n|switch|p2a: Ting-Lu|Ting-Lu|100\/100\n|switch|p2b: Clodsire|Clodsire, F|100\/100\n|-ability|p2a: Ting-Lu|Vessel of Ruin\n|turn|1\n|\n|t:|1697855273\n|move|p1a: Ambipom|Fling|p2a: Ting-Lu\n|-resisted|p2a: Ting-Lu\n|-damage|p2a: Ting-Lu|99\/100\n|-enditem|p1a: Ambipom|King's Rock|[from] move: Fling\n|move|p1b: Dedenne|Fling|p2b: Clodsire\n|-damage|p2b: Clodsire|93\/100\n|-enditem|p1b: Dedenne|Razor Fang|[from] move: Fling\n|cant|p2a: Ting-Lu|flinch\n|cant|p2b: Clodsire|flinch\n|\n|-heal|p2a: Ting-Lu|100\/100|[from] item: Leftovers\n|-heal|p2b: Clodsire|99\/100|[from] item: Black Sludge\n|-item|p1a: Ambipom|Razor Fang|[from] ability: Pickup\n|-item|p1b: Dedenne|King's Rock|[from] ability: Pickup\n|upkeep\n|turn|2\n|\n|t:|1697855297\n|move|p1a: Ambipom|Fling|p2b: Clodsire\n|-damage|p2b: Clodsire|90\/100\n|-enditem|p1a: Ambipom|Razor Fang|[from] move: Fling\n|move|p1b: Dedenne|Fling|p2a: Ting-Lu\n|-resisted|p2a: Ting-Lu\n|-crit|p2a: Ting-Lu\n|-damage|p2a: Ting-Lu|99\/100\n|-enditem|p1b: Dedenne|King's Rock|[from] move: Fling\n|cant|p2a: Ting-Lu|flinch\n|cant|p2b: Clodsire|flinch\n|\n|-heal|p2a: Ting-Lu|100\/100|[from] item: Leftovers\n|-heal|p2b: Clodsire|96\/100|[from] item: Black Sludge\n|-item|p1a: Ambipom|King's Rock|[from] ability: Pickup\n|-item|p1b: Dedenne|Razor Fang|[from] ability: Pickup\n|upkeep\n|turn|3\n|c|\u2606Yankees999|!dt fling\n|raw|<ul class=\"utilichart\"><li class=\"result\"><span class=\"col movenamecol\"><a href=\"https:\/\/dex.pokemonshowdown.com\/moves\/fling\">Fling<\/a><\/span> <span class=\"col typecol\"><img src=\"\/\/play.pokemonshowdown.com\/sprites\/types\/Dark.png\" alt=\"Dark\" width=\"32\" height=\"14\"><img src=\"\/\/play.pokemonshowdown.com\/sprites\/categories\/Physical.png\" alt=\"Physical\" width=\"32\" height=\"14\"><\/span> <span class=\"col widelabelcol\"><em>Accuracy<\/em><br>100%<\/span> <span class=\"col pplabelcol\"><em>PP<\/em><br>16<\/span> <span class=\"col movedesccol\">Flings the user's item at the target. Power varies.<\/span> <\/li><li style=\"clear:both\"><\/li><\/ul>\n|raw|<font size=\"1\"><font color=\"#686868\">Priority:<\/font> 0&nbsp;|&ThickSpace;<font color=\"#686868\">Gen:<\/font> 4&nbsp;|&ThickSpace;<font color=\"#686868\">Z-Power:<\/font> 100&nbsp;|&ThickSpace;<font color=\"#686868\">Dynamax Power:<\/font> 100&nbsp;|&ThickSpace;<font color=\"#686868\">Target:<\/font> One Adjacent Pok\u00e9mon<\/font>\n\n|c|\u2606Hacchi-satan|\u00c9, n\u00e3o vai dar mt certo\n|c|\u2606Hacchi-satan|Kkkkkk\n|\n|t:|1697855324\n|move|p2a: Ting-Lu|Protect|p2a: Ting-Lu\n|-singleturn|p2a: Ting-Lu|Protect\n|move|p1a: Ambipom|Fling|p2b: Clodsire\n|-damage|p2b: Clodsire|86\/100\n|-enditem|p1a: Ambipom|King's Rock|[from] move: Fling\n|move|p1b: Dedenne|Fling|p2a: Ting-Lu\n|-activate|p2a: Ting-Lu|move: Protect\n|-enditem|p1b: Dedenne|Razor Fang|[from] move: Fling\n|cant|p2b: Clodsire|flinch\n|\n|-heal|p2b: Clodsire|93\/100|[from] item: Black Sludge\n|-item|p1a: Ambipom|Razor Fang|[from] ability: Pickup\n|-item|p1b: Dedenne|King's Rock|[from] ability: Pickup\n|upkeep\n|turn|4\n|\n|t:|1697855342\n|move|p1a: Ambipom|Fling|p2b: Clodsire\n|-damage|p2b: Clodsire|83\/100\n|-enditem|p1a: Ambipom|Razor Fang|[from] move: Fling\n|move|p1b: Dedenne|Fling|p2a: Ting-Lu\n|-resisted|p2a: Ting-Lu\n|-damage|p2a: Ting-Lu|99\/100\n|-enditem|p1b: Dedenne|King's Rock|[from] move: Fling\n|cant|p2a: Ting-Lu|flinch\n|cant|p2b: Clodsire|flinch\n|\n|-heal|p2a: Ting-Lu|100\/100|[from] item: Leftovers\n|-heal|p2b: Clodsire|89\/100|[from] item: Black Sludge\n|-item|p1a: Ambipom|King's Rock|[from] ability: Pickup\n|-item|p1b: Dedenne|Razor Fang|[from] ability: Pickup\n|upkeep\n|turn|5\n|\n|t:|1697855361\n|move|p1a: Ambipom|Fling|p2b: Clodsire\n|-damage|p2b: Clodsire|79\/100\n|-enditem|p1a: Ambipom|King's Rock|[from] move: Fling\n|move|p1b: Dedenne|Fling|p2a: Ting-Lu\n|-resisted|p2a: Ting-Lu\n|-damage|p2a: Ting-Lu|99\/100\n|-enditem|p1b: Dedenne|Razor Fang|[from] move: Fling\n|cant|p2a: Ting-Lu|flinch\n|cant|p2b: Clodsire|flinch\n|\n|-heal|p2a: Ting-Lu|100\/100|[from] item: Leftovers\n|-heal|p2b: Clodsire|85\/100|[from] item: Black Sludge\n|-item|p1a: Ambipom|Razor Fang|[from] ability: Pickup\n|-item|p1b: Dedenne|King's Rock|[from] ability: Pickup\n|upkeep\n|turn|6\n|c|\u2606Yankees999|Eu tenho todo tempo do mundo.\n|c|\u2606Hacchi-satan|Kkkkkkkkk\n|\n|t:|1697855381\n|move|p2b: Clodsire|Protect|p2b: Clodsire\n|-singleturn|p2b: Clodsire|Protect\n|move|p1a: Ambipom|Fling|p2b: Clodsire\n|-activate|p2b: Clodsire|move: Protect\n|-enditem|p1a: Ambipom|Razor Fang|[from] move: Fling\n|move|p1b: Dedenne|Fling|p2a: Ting-Lu\n|-resisted|p2a: Ting-Lu\n|-damage|p2a: Ting-Lu|99\/100\n|-enditem|p1b: Dedenne|King's Rock|[from] move: Fling\n|cant|p2a: Ting-Lu|flinch\n|\n|-heal|p2a: Ting-Lu|100\/100|[from] item: Leftovers\n|-heal|p2b: Clodsire|91\/100|[from] item: Black Sludge\n|-item|p1a: Ambipom|King's Rock|[from] ability: Pickup\n|-item|p1b: Dedenne|Razor Fang|[from] ability: Pickup\n|upkeep\n|turn|7\n|inactive|Yankees999 has 120 seconds left.\n|\n|t:|1697855420\n|move|p1a: Ambipom|Fling|p2b: Clodsire\n|-damage|p2b: Clodsire|82\/100\n|-enditem|p1a: Ambipom|King's Rock|[from] move: Fling\n|move|p1b: Dedenne|Fling|p2a: Ting-Lu\n|-resisted|p2a: Ting-Lu\n|-damage|p2a: Ting-Lu|99\/100\n|-enditem|p1b: Dedenne|Razor Fang|[from] move: Fling\n|cant|p2b: Clodsire|flinch\n|cant|p2a: Ting-Lu|flinch\n|\n|-heal|p2a: Ting-Lu|100\/100|[from] item: Leftovers\n|-heal|p2b: Clodsire|88\/100|[from] item: Black Sludge\n|-item|p1a: Ambipom|Razor Fang|[from] ability: Pickup\n|-item|p1b: Dedenne|King's Rock|[from] ability: Pickup\n|upkeep\n|turn|8\n|\n|t:|1697855439\n|move|p1a: Ambipom|Fling|p2b: Clodsire\n|-damage|p2b: Clodsire|79\/100\n|-enditem|p1a: Ambipom|Razor Fang|[from] move: Fling\n|move|p1b: Dedenne|Fling|p2a: Ting-Lu\n|-resisted|p2a: Ting-Lu\n|-damage|p2a: Ting-Lu|99\/100\n|-enditem|p1b: Dedenne|King's Rock|[from] move: Fling\n|cant|p2a: Ting-Lu|flinch\n|cant|p2b: Clodsire|flinch\n|\n|-heal|p2a: Ting-Lu|100\/100|[from] item: Leftovers\n|-heal|p2b: Clodsire|85\/100|[from] item: Black Sludge\n|-item|p1a: Ambipom|King's Rock|[from] ability: Pickup\n|-item|p1b: Dedenne|Razor Fang|[from] ability: Pickup\n|upkeep\n|turn|9\n|\n|t:|1697855457\n|move|p2a: Ting-Lu|Protect|p2a: Ting-Lu\n|-singleturn|p2a: Ting-Lu|Protect\n|move|p2b: Clodsire|Protect|p2b: Clodsire\n|-singleturn|p2b: Clodsire|Protect\n|move|p1a: Ambipom|Fling|p2b: Clodsire\n|-activate|p2b: Clodsire|move: Protect\n|-enditem|p1a: Ambipom|King's Rock|[from] move: Fling\n|move|p1b: Dedenne|Fling|p2a: Ting-Lu\n|-activate|p2a: Ting-Lu|move: Protect\n|-enditem|p1b: Dedenne|Razor Fang|[from] move: Fling\n|\n|-heal|p2b: Clodsire|91\/100|[from] item: Black Sludge\n|-item|p1a: Ambipom|Razor Fang|[from] ability: Pickup\n|-item|p1b: Dedenne|King's Rock|[from] ability: Pickup\n|upkeep\n|turn|10\n|\n|t:|1697855477\n|move|p1a: Ambipom|Fling|p2b: Clodsire\n|-damage|p2b: Clodsire|81\/100\n|-enditem|p1a: Ambipom|Razor Fang|[from] move: Fling\n|move|p1b: Dedenne|Fling|p2a: Ting-Lu\n|-resisted|p2a: Ting-Lu\n|-crit|p2a: Ting-Lu\n|-damage|p2a: Ting-Lu|99\/100\n|-enditem|p1b: Dedenne|King's Rock|[from] move: Fling\n|cant|p2a: Ting-Lu|flinch\n|cant|p2b: Clodsire|flinch\n|\n|-heal|p2a: Ting-Lu|100\/100|[from] item: Leftovers\n|-heal|p2b: Clodsire|87\/100|[from] item: Black Sludge\n|-item|p1a: Ambipom|King's Rock|[from] ability: Pickup\n|-item|p1b: Dedenne|Razor Fang|[from] ability: Pickup\n|upkeep\n|turn|11\n|\n|t:|1697855495\n|move|p2a: Ting-Lu|Protect|p2a: Ting-Lu\n|-singleturn|p2a: Ting-Lu|Protect\n|move|p2b: Clodsire|Protect|p2b: Clodsire\n|-singleturn|p2b: Clodsire|Protect\n|move|p1a: Ambipom|Fling|p2b: Clodsire\n|-activate|p2b: Clodsire|move: Protect\n|-enditem|p1a: Ambipom|King's Rock|[from] move: Fling\n|move|p1b: Dedenne|Fling|p2a: Ting-Lu\n|-activate|p2a: Ting-Lu|move: Protect\n|-enditem|p1b: Dedenne|Razor Fang|[from] move: Fling\n|\n|-heal|p2b: Clodsire|93\/100|[from] item: Black Sludge\n|-item|p1a: Ambipom|Razor Fang|[from] ability: Pickup\n|-item|p1b: Dedenne|King's Rock|[from] ability: Pickup\n|upkeep\n|turn|12\n|c|\u2606Hacchi-satan|Me esqueci que pp existe quando fui buildar isso\n|\n|t:|1697855516\n|move|p1a: Ambipom|Fling|p2b: Clodsire\n|-damage|p2b: Clodsire|83\/100\n|-enditem|p1a: Ambipom|Razor Fang|[from] move: Fling\n|move|p1b: Dedenne|Fling|p2a: Ting-Lu\n|-resisted|p2a: Ting-Lu\n|-damage|p2a: Ting-Lu|99\/100\n|-enditem|p1b: Dedenne|King's Rock|[from] move: Fling\n|cant|p2a: Ting-Lu|flinch\n|cant|p2b: Clodsire|flinch\n|\n|-heal|p2a: Ting-Lu|100\/100|[from] item: Leftovers\n|-heal|p2b: Clodsire|89\/100|[from] item: Black Sludge\n|-item|p1a: Ambipom|King's Rock|[from] ability: Pickup\n|-item|p1b: Dedenne|Razor Fang|[from] ability: Pickup\n|upkeep\n|turn|13\n|c|\u2606Yankees999|Se n\u00e3o fosse contra stall tu tinha vencido\n|\n|t:|1697855535\n|move|p2a: Ting-Lu|Protect|p2a: Ting-Lu\n|-singleturn|p2a: Ting-Lu|Protect\n|move|p2b: Clodsire|Protect|p2b: Clodsire\n|-singleturn|p2b: Clodsire|Protect\n|move|p1a: Ambipom|Fling|p2b: Clodsire\n|-activate|p2b: Clodsire|move: Protect\n|-enditem|p1a: Ambipom|King's Rock|[from] move: Fling\n|move|p1b: Dedenne|Fling|p2a: Ting-Lu\n|-activate|p2a: Ting-Lu|move: Protect\n|-enditem|p1b: Dedenne|Razor Fang|[from] move: Fling\n|\n|-heal|p2b: Clodsire|95\/100|[from] item: Black Sludge\n|-item|p1a: Ambipom|Razor Fang|[from] ability: Pickup\n|-item|p1b: Dedenne|King's Rock|[from] ability: Pickup\n|upkeep\n|turn|14\n|j| Eden-Soul\n|c|\u2606Hacchi-satan|!dt king rock\nNo Pok\u00e9mon, item, move, ability or nature named 'king rock' was found. Showing the data of 'King's Rock' instead.\n|raw|<ul class=\"utilichart\"><li class=\"result\"><span class=\"col itemiconcol\"><psicon item=\"kingsrock\"><\/span> <span class=\"col namecol\"><a href=\"https:\/\/dex.pokemonshowdown.com\/items\/kingsrock\">King's Rock<\/a><\/span> <span class=\"col itemdesccol\">Holder's attacks without a chance to flinch gain a 10% chance to flinch.<\/span> <\/li><li style=\"clear:both\"><\/li><\/ul>\n|raw|<font size=\"1\"><font color=\"#686868\">Gen:<\/font> 2&nbsp;|&ThickSpace;<font color=\"#686868\">Fling Base Power:<\/font> 30&nbsp;|&ThickSpace;<font color=\"#686868\">Fling Effect:<\/font> flinch<\/font>\n\n|c|\u2606Yankees999|!dt Razor Fang\n|raw|<ul class=\"utilichart\"><li class=\"result\"><span class=\"col itemiconcol\"><psicon item=\"razorfang\"><\/span> <span class=\"col namecol\"><a href=\"https:\/\/dex.pokemonshowdown.com\/items\/razorfang\">Razor Fang<\/a><\/span> <span class=\"col itemdesccol\">Holder's attacks without a chance to flinch gain a 10% chance to flinch.<\/span> <\/li><li style=\"clear:both\"><\/li><\/ul>\n|raw|<font size=\"1\"><font color=\"#686868\">Gen:<\/font> 4&nbsp;|&ThickSpace;<font color=\"#686868\">Fling Base Power:<\/font> 30&nbsp;|&ThickSpace;<font color=\"#686868\">Fling Effect:<\/font> flinch<\/font>\n\n|inactive|Yankees999 has 120 seconds left.\n|c|\u2606Hacchi-satan|30 de bp\n|c| Eden-Soul|o que diabos e essa partida\n|\n|t:|1697855575\n|move|p1a: Ambipom|Fling|p2b: Clodsire\n|-damage|p2b: Clodsire|86\/100\n|-enditem|p1a: Ambipom|Razor Fang|[from] move: Fling\n|move|p1b: Dedenne|Fling|p2a: Ting-Lu\n|-resisted|p2a: Ting-Lu\n|-damage|p2a: Ting-Lu|99\/100\n|-enditem|p1b: Dedenne|King's Rock|[from] move: Fling\n|cant|p2a: Ting-Lu|flinch\n|cant|p2b: Clodsire|flinch\n|\n|-heal|p2a: Ting-Lu|100\/100|[from] item: Leftovers\n|-heal|p2b: Clodsire|92\/100|[from] item: Black Sludge\n|-item|p1a: Ambipom|King's Rock|[from] ability: Pickup\n|-item|p1b: Dedenne|Razor Fang|[from] ability: Pickup\n|upkeep\n|turn|15\n|inactive|Yankees999 has 120 seconds left.\n|\n|t:|1697855591\n|move|p1a: Ambipom|Fling|p2b: Clodsire\n|-damage|p2b: Clodsire|83\/100\n|-enditem|p1a: Ambipom|King's Rock|[from] move: Fling\n|move|p1b: Dedenne|Fling|p2a: Ting-Lu\n|-resisted|p2a: Ting-Lu\n|-damage|p2a: Ting-Lu|99\/100\n|-enditem|p1b: Dedenne|Razor Fang|[from] move: Fling\n|cant|p2a: Ting-Lu|flinch\n|cant|p2b: Clodsire|flinch\n|\n|-heal|p2a: Ting-Lu|100\/100|[from] item: Leftovers\n|-heal|p2b: Clodsire|89\/100|[from] item: Black Sludge\n|-item|p1a: Ambipom|Razor Fang|[from] ability: Pickup\n|-item|p1b: Dedenne|King's Rock|[from] ability: Pickup\n|upkeep\n|turn|16\n|c|\u2606Hacchi-satan|Tava tentando algo Eden-Soul\n|\n|t:|1697855605\n|move|p2a: Ting-Lu|Protect|p2a: Ting-Lu\n|-singleturn|p2a: Ting-Lu|Protect\n|move|p2b: Clodsire|Protect|p2b: Clodsire\n|-singleturn|p2b: Clodsire|Protect\n|move|p1a: Ambipom|Fling|p2b: Clodsire\n|-activate|p2b: Clodsire|move: Protect\n|-enditem|p1a: Ambipom|Razor Fang|[from] move: Fling\n|move|p1b: Dedenne|Fling|p2a: Ting-Lu\n|-activate|p2a: Ting-Lu|move: Protect\n|-enditem|p1b: Dedenne|King's Rock|[from] move: Fling\n|\n|-heal|p2b: Clodsire|96\/100|[from] item: Black Sludge\n|-item|p1a: Ambipom|King's Rock|[from] ability: Pickup\n|-item|p1b: Dedenne|Razor Fang|[from] ability: Pickup\n|upkeep\n|turn|17\n|inactive|Yankees999 has 120 seconds left.\n|\n|t:|1697855635\n|move|p1a: Ambipom|Protect|p1a: Ambipom\n|-singleturn|p1a: Ambipom|Protect\n|move|p1b: Dedenne|Protect|p1b: Dedenne\n|-singleturn|p1b: Dedenne|Protect\n|move|p2a: Ting-Lu|Stealth Rock|p1a: Ambipom\n|-sidestart|p1: Hacchi-satan|move: Stealth Rock\n|move|p2b: Clodsire|Toxic Spikes|p1b: Dedenne\n|-sidestart|p1: Hacchi-satan|move: Toxic Spikes\n|\n|-heal|p2b: Clodsire|100\/100|[from] item: Black Sludge\n|upkeep\n|turn|18\n|\n|t:|1697855664\n|move|p1a: Ambipom|Protect|p1a: Ambipom\n|-singleturn|p1a: Ambipom|Protect\n|move|p1b: Dedenne|Protect||[still]\n|-fail|p1b: Dedenne\n|move|p2a: Ting-Lu|Ruination|p1b: Dedenne\n|-damage|p1b: Dedenne|50\/100\n|move|p2b: Clodsire|Toxic Spikes|p1a: Ambipom\n|-sidestart|p1: Hacchi-satan|move: Toxic Spikes\n|\n|upkeep\n|turn|19\n|\n|t:|1697855680\n|move|p1a: Ambipom|Protect||[still]\n|-fail|p1a: Ambipom\n|move|p1b: Dedenne|Protect|p1b: Dedenne\n|-singleturn|p1b: Dedenne|Protect\n|move|p2b: Clodsire|Earth Power|p1b: Dedenne\n|-activate|p1b: Dedenne|move: Protect\n|move|p2a: Ting-Lu|Whirlwind|p1a: Ambipom\n|drag|p1a: Pachirisu|Pachirisu, F|100\/100\n|-damage|p1a: Pachirisu|88\/100|[from] Stealth Rock\n|-status|p1a: Pachirisu|tox\n|\n|-damage|p1a: Pachirisu|82\/100 tox|[from] psn\n|upkeep\n|turn|20\n|inactive|Hacchi-satan has 120 seconds left.\n|\n|t:|1697855721\n|move|p1b: Dedenne|Protect||[still]\n|-fail|p1b: Dedenne\n|move|p1a: Pachirisu|Fling|p2b: Clodsire\n|-damage|p2b: Clodsire|94\/100\n|-enditem|p1a: Pachirisu|King's Rock|[from] move: Fling\n|cant|p2b: Clodsire|flinch\n|move|p2a: Ting-Lu|Whirlwind|p1b: Dedenne\n|drag|p1b: Ambipom|Ambipom, F|100\/100\n|-damage|p1b: Ambipom|88\/100|[from] Stealth Rock\n|-status|p1b: Ambipom|tox\n|\n|-heal|p2b: Clodsire|100\/100|[from] item: Black Sludge\n|-damage|p1b: Ambipom|82\/100 tox|[from] psn\n|-damage|p1a: Pachirisu|70\/100 tox|[from] psn\n|upkeep\n|turn|21\n|inactive|Hacchi-satan has 120 seconds left.\n|inactive|Yankees999 has 120 seconds left.\n|j|+Drampa\u5927Raivoso\n|\n|t:|1697855773\n|move|p1b: Ambipom|Protect|p1b: Ambipom\n|-singleturn|p1b: Ambipom|Protect\n|move|p1a: Pachirisu|Protect|p1a: Pachirisu\n|-singleturn|p1a: Pachirisu|Protect\n|move|p2a: Ting-Lu|Protect|p2a: Ting-Lu\n|-singleturn|p2a: Ting-Lu|Protect\n|move|p2b: Clodsire|Protect||[still]\n|-fail|p2b: Clodsire\n|\n|-damage|p1b: Ambipom|70\/100 tox|[from] psn\n|-damage|p1a: Pachirisu|52\/100 tox|[from] psn\n|upkeep\n|turn|22\n|inactive|Yankees999 has 120 seconds left.\n|j|+PedroGreg\n|\n|t:|1697855795\n|move|p1b: Ambipom|Protect|p1b: Ambipom\n|-singleturn|p1b: Ambipom|Protect\n|move|p1a: Pachirisu|Protect||[still]\n|-fail|p1a: Pachirisu\n|move|p2b: Clodsire|Earth Power|p1a: Pachirisu\n|-supereffective|p1a: Pachirisu\n|-damage|p1a: Pachirisu|17\/100 tox\n|move|p2a: Ting-Lu|Whirlwind|p1b: Ambipom\n|drag|p1b: Dedenne|Dedenne, M|50\/100\n|-damage|p1b: Dedenne|38\/100|[from] Stealth Rock\n|-status|p1b: Dedenne|tox\n|\n|-damage|p1b: Dedenne|32\/100 tox|[from] psn\n|-damage|p1a: Pachirisu|0 fnt|[from] psn\n|faint|p1a: Pachirisu\n|upkeep\n|c|+Drampa\u5927Raivoso|Parece que o pachirisu e o Ambipom est\u00e3o dan\u00e7ando\n|\n|t:|1697855798\n|switch|p1a: Ambipom|Ambipom, F|70\/100 tox\n|-damage|p1a: Ambipom|57\/100 tox|[from] Stealth Rock\n|turn|23\n|\n|t:|1697855806\n|move|p1a: Ambipom|Protect|p1a: Ambipom\n|-singleturn|p1a: Ambipom|Protect\n|move|p1b: Dedenne|Protect|p1b: Dedenne\n|-singleturn|p1b: Dedenne|Protect\n|move|p2a: Ting-Lu|Protect|p2a: Ting-Lu\n|-singleturn|p2a: Ting-Lu|Protect\n|move|p2b: Clodsire|Protect||[still]\n|-fail|p2b: Clodsire\n|\n|-damage|p1a: Ambipom|51\/100 tox|[from] psn\n|-damage|p1b: Dedenne|20\/100 tox|[from] psn\n|upkeep\n|turn|24\n|l|+Drampa\u5927Raivoso\n|\n|t:|1697855834\n|move|p1a: Ambipom|Protect||[still]\n|-fail|p1a: Ambipom\n|move|p1b: Dedenne|Protect||[still]\n|-fail|p1b: Dedenne\n|move|p2b: Clodsire|Earth Power|p1b: Dedenne\n|-supereffective|p1b: Dedenne\n|-damage|p1b: Dedenne|0 fnt\n|faint|p1b: Dedenne\n|move|p2a: Ting-Lu|Whirlwind||[still]\n|-fail|p2a: Ting-Lu\n|\n|-damage|p1a: Ambipom|39\/100 tox|[from] psn\n|upkeep\n|turn|25\n|\n|t:|1697855849\n|-terastallize|p1a: Ambipom|Ghost\n|move|p1a: Ambipom|Protect|p1a: Ambipom\n|-singleturn|p1a: Ambipom|Protect\n|move|p2a: Ting-Lu|Protect|p2a: Ting-Lu\n|-singleturn|p2a: Ting-Lu|Protect\n|move|p2b: Clodsire|Protect||[still]\n|-fail|p2b: Clodsire\n|\n|-damage|p1a: Ambipom|20\/100 tox|[from] psn\n|upkeep\n|turn|26\n|c|\u2606Hacchi-satan|Gg\n|\n|t:|1697855860\n|move|p1a: Ambipom|Protect|p1a: Ambipom\n|-singleturn|p1a: Ambipom|Protect\n|move|p2a: Ting-Lu|Stealth Rock||[still]\n|-fail|p2a: Ting-Lu\n|move|p2b: Clodsire|Toxic Spikes||[still]\n|-fail|p2b: Clodsire\n|\n|-damage|p1a: Ambipom|0 fnt|[from] psn\n|faint|p1a: Ambipom\n|\n|win|Yankees999\n|upkeep\n|n|\u2606Hacchi-satan|hacchisatan\n|n|\u2606Yankees999|yankees999\n|n| Eden-Soul|edensoul\n|n| PedroGreg|pedrogreg\n|c|\u2606Yankees999|Gg\n|l|\u2606Hacchi-satan\n","uploadtime":1697855874,"views":23,"p1id":"hacchisatan","p2id":"yankees999","formatid":"gen9doublesou","rating":0,"private":0,"password":""}