{"id":"gen9doublesou-1988569704","p1":"Cocue7","p2":"abbabareal2","format":"[Gen 9] Doubles OU","log":"|j|\u2606Cocue7\n|j|\u2606abbabareal2\n|t:|1699737199\n|gametype|doubles\n|player|p1|Cocue7|102|1404\n|player|p2|abbabareal2|169|1338\n|teamsize|p1|6\n|teamsize|p2|6\n|gen|9\n|tier|[Gen 9] Doubles OU\n|rated|\n|rule|Species Clause: Limit one of each Pok\u00e9mon\n|rule|OHKO Clause: OHKO moves are banned\n|rule|Evasion Moves Clause: Evasion moves are banned\n|rule|Gravity Sleep Clause: The combination of sleep-inducing moves with imperfect accuracy and Gravity or Gigantamax Orbeetle are banned\n|rule|Endless Battle Clause: Forcing endless battles is banned\n|rule|HP Percentage Mod: HP is shown in percentages\n|clearpoke\n|poke|p1|Landorus-Therian, M|\n|poke|p1|Enamorus, F|\n|poke|p1|Thundurus, M|\n|poke|p1|Dragonite, F|\n|poke|p1|Tornadus, M|\n|poke|p1|Chien-Pao|\n|poke|p2|Iron Hands|\n|poke|p2|Armarouge, M|\n|poke|p2|Indeedee-F, F|\n|poke|p2|Ursaluna, M|\n|poke|p2|Diancie|\n|poke|p2|Amoonguss, F|\n|teampreview\n|c|\u2606abbabareal2|legendary spam?\n|inactive|Battle timer is ON: inactive players will automatically lose when time's up. (requested by Cocue7)\n|\n|t:|1699737236\n|start\n|switch|p1a: Enamorus|Enamorus, F|100\/100\n|switch|p1b: Thundurus|Thundurus, M|100\/100\n|switch|p2a: Indeedee|Indeedee-F, F|100\/100\n|switch|p2b: Armarouge|Armarouge, M|100\/100\n|-fieldstart|move: Psychic Terrain|[from] ability: Psychic Surge|[of] p2a: Indeedee\n|turn|1\n|c|\u2606abbabareal2|and no lando?\n|\n|t:|1699737250\n|move|p2b: Armarouge|Protect|p2b: Armarouge\n|-singleturn|p2b: Armarouge|Protect\n|move|p1b: Thundurus|Eerie Impulse|p1a: Enamorus\n|-boost|p1a: Enamorus|spa|2\n|move|p1a: Enamorus|Springtide Storm|p2a: Indeedee|[spread] p2a\n|-activate|p2b: Armarouge|move: Protect\n|-damage|p2a: Indeedee|5\/100\n|move|p2a: Indeedee|Trick Room|p2a: Indeedee\n|-fieldstart|move: Trick Room|[of] p2a: Indeedee\n|\n|upkeep\n|turn|2\n|\n|t:|1699737269\n|move|p2a: Indeedee|Helping Hand|p2b: Armarouge\n|-singleturn|p2b: Armarouge|Helping Hand|[of] p2a: Indeedee\n|move|p1b: Thundurus|Swagger|p2b: Armarouge\n|-activate|p2b: Armarouge|move: Psychic Terrain\n|move|p2b: Armarouge|Expanding Force|p1b: Thundurus|[spread] p1a,p1b\n|-crit|p1a: Enamorus\n|-damage|p1a: Enamorus|0 fnt\n|-damage|p1b: Thundurus|0 fnt\n|faint|p1a: Enamorus\n|faint|p1b: Thundurus\n|-damage|p2b: Armarouge|91\/100|[from] item: Life Orb\n|\n|upkeep\n|inactive|Cocue7 has 120 seconds left.\n|\n|t:|1699737291\n|switch|p1a: Landorus|Landorus-Therian, M|100\/100\n|switch|p1b: Chien-Pao|Chien-Pao|100\/100\n|-ability|p1a: Landorus|Intimidate|boost\n|-unboost|p2a: Indeedee|atk|1\n|-unboost|p2b: Armarouge|atk|1\n|-ability|p1b: Chien-Pao|Sword of Ruin\n|turn|3\n|\n|t:|1699737310\n|move|p2a: Indeedee|Follow Me|p2a: Indeedee\n|-singleturn|p2a: Indeedee|move: Follow Me\n|move|p2b: Armarouge|Armor Cannon|p1b: Chien-Pao\n|-supereffective|p1b: Chien-Pao\n|-enditem|p1b: Chien-Pao|Focus Sash\n|-damage|p1b: Chien-Pao|1\/100\n|-unboost|p2b: Armarouge|def|1\n|-unboost|p2b: Armarouge|spd|1\n|-damage|p2b: Armarouge|81\/100|[from] item: Life Orb\n|move|p1a: Landorus|Earthquake|p2a: Indeedee|[spread] p1b,p2a,p2b\n|-supereffective|p2b: Armarouge\n|-crit|p2b: Armarouge\n|-damage|p1b: Chien-Pao|0 fnt\n|-damage|p2a: Indeedee|0 fnt\n|-damage|p2b: Armarouge|0 fnt\n|faint|p1b: Chien-Pao\n|faint|p2a: Indeedee\n|faint|p2b: Armarouge\n|-damage|p1a: Landorus|91\/100|[from] item: Life Orb\n|\n|upkeep\n|\n|t:|1699737328\n|switch|p2b: Amoonguss|Amoonguss, F|100\/100\n|switch|p2a: Ursaluna|Ursaluna, M|100\/100\n|switch|p1b: Tornadus|Tornadus, M|100\/100\n|turn|4\n|\n|t:|1699737353\n|move|p1b: Tornadus|Protect|p1b: Tornadus\n|-singleturn|p1b: Tornadus|Protect\n|move|p2b: Amoonguss|Spore|p1a: Landorus\n|-status|p1a: Landorus|slp|[from] move: Spore\n|move|p2a: Ursaluna|Stone Edge|p1b: Tornadus\n|-activate|p1b: Tornadus|move: Protect\n|cant|p1a: Landorus|slp\n|\n|-status|p2a: Ursaluna|brn|[from] item: Flame Orb\n|upkeep\n|turn|5\n|\n|t:|1699737373\n|move|p2b: Amoonguss|Pollen Puff|p1b: Tornadus\n|-resisted|p1b: Tornadus\n|-damage|p1b: Tornadus|87\/100\n|move|p2a: Ursaluna|Stone Edge|p1b: Tornadus|[miss]\n|-miss|p2a: Ursaluna|p1b: Tornadus\n|-curestatus|p1a: Landorus|slp|[msg]\n|move|p1a: Landorus|Hammer Arm|p2a: Ursaluna\n|-supereffective|p2a: Ursaluna\n|-damage|p2a: Ursaluna|35\/100 brn\n|-unboost|p1a: Landorus|spe|1\n|-damage|p1a: Landorus|81\/100|[from] item: Life Orb\n|move|p1b: Tornadus|Bleakwind Storm|p2a: Ursaluna|[spread] p2a,p2b\n|-supereffective|p2b: Amoonguss\n|-damage|p2a: Ursaluna|0 fnt\n|-damage|p2b: Amoonguss|35\/100\n|-unboost|p2b: Amoonguss|spe|1\n|faint|p2a: Ursaluna\n|-enditem|p2b: Amoonguss|Eject Button\n|-damage|p1b: Tornadus|78\/100|[from] item: Life Orb\n|inactive|abbabareal2 has 120 seconds left.\n|c|\u2606abbabareal2|ok worst rng rip\n|\n|t:|1699737399\n|switch|p2b: Diancie|Diancie|100\/100\n|\n|-fieldend|move: Trick Room\n|-fieldend|move: Psychic Terrain\n|upkeep\n|\n|t:|1699737404\n|switch|p2a: Amoonguss|Amoonguss, F|68\/100\n|turn|6\n|inactive|abbabareal2 has 120 seconds left.\n|\n|t:|1699737433\n|move|p1b: Tornadus|Taunt|p2a: Amoonguss\n|-start|p2a: Amoonguss|move: Taunt\n|move|p1a: Landorus|Earthquake|p2a: Amoonguss|[spread] p2a,p2b\n|-immune|p1b: Tornadus\n|-supereffective|p2b: Diancie\n|-damage|p2a: Amoonguss|14\/100\n|-damage|p2b: Diancie|7\/100\n|-enditem|p2b: Diancie|Weakness Policy\n|-boost|p2b: Diancie|atk|2|[from] item: Weakness Policy\n|-boost|p2b: Diancie|spa|2|[from] item: Weakness Policy\n|-damage|p1a: Landorus|71\/100|[from] item: Life Orb\n|cant|p2a: Amoonguss|move: Taunt|Spore\n|move|p2b: Diancie|Trick Room|p2b: Diancie\n|-fieldstart|move: Trick Room|[of] p2b: Diancie\n|\n|upkeep\n|turn|7\n|inactive|abbabareal2 has 120 seconds left.\n|inactive|Cocue7 has 120 seconds left.\n|\n|t:|1699737484\n|move|p2a: Amoonguss|Clear Smog|p1a: Landorus\n|-resisted|p1a: Landorus\n|-crit|p1a: Landorus\n|-damage|p1a: Landorus|57\/100\n|-clearboost|p1a: Landorus\n|move|p2b: Diancie|Diamond Storm|p1a: Landorus|[spread] p1a,p1b\n|-supereffective|p1b: Tornadus\n|-damage|p1a: Landorus|0 fnt\n|-damage|p1b: Tornadus|0 fnt\n|-boost|p2b: Diancie|def|2\n|faint|p1a: Landorus\n|faint|p1b: Tornadus\n|\n|upkeep\n|\n|t:|1699737495\n|switch|p1a: Dragonite|Dragonite, F|100\/100\n|turn|8\n|\n|t:|1699737518\n|switch|p2a: Iron Hands|Iron Hands|100\/100\n|-terastallize|p1a: Dragonite|Normal\n|move|p1a: Dragonite|Extreme Speed|p2a: Iron Hands\n|-crit|p2a: Iron Hands\n|-damage|p2a: Iron Hands|52\/100\n|move|p2b: Diancie|Diamond Storm|p1a: Dragonite\n|-damage|p1a: Dragonite|56\/100\n|\n|upkeep\n|turn|9\n|\n|t:|1699737533\n|move|p2a: Iron Hands|Fake Out|p1a: Dragonite\n|-damage|p1a: Dragonite|36\/100\n|move|p2b: Diancie|Diamond Storm|p1a: Dragonite\n|-damage|p1a: Dragonite|0 fnt\n|-boost|p2b: Diancie|def|2\n|faint|p1a: Dragonite\n|\n|win|abbabareal2\n|raw|Cocue7's rating: 1404 &rarr; <strong>1380<\/strong><br \/>(-24 for losing)\n|raw|abbabareal2's rating: 1338 &rarr; <strong>1362<\/strong><br \/>(+24 for winning)\n|l|\u2606Cocue7\n","uploadtime":1699737545,"views":23,"p1id":"cocue7","p2id":"abbabareal2","formatid":"gen9doublesou","rating":1362,"private":0,"password":""}