{"id":"gen9doublesou-1972922749","p1":"ABO00","p2":"cotesmcgotes","format":"[Gen 9] Doubles OU","log":"|j|\u2606ABO00\n|j|\u2606cotesmcgotes\n|t:|1697909236\n|gametype|doubles\n|player|p1|ABO00|workerice|1399\n|player|p2|cotesmcgotes|flannery|1349\n|teamsize|p1|6\n|teamsize|p2|6\n|gen|9\n|tier|[Gen 9] Doubles OU\n|rated|\n|rule|Species Clause: Limit one of each Pok\u00e9mon\n|rule|OHKO Clause: OHKO moves are banned\n|rule|Evasion Moves Clause: Evasion moves are banned\n|rule|Gravity Sleep Clause: The combination of sleep-inducing moves with imperfect accuracy and Gravity or Gigantamax Orbeetle are banned\n|rule|Endless Battle Clause: Forcing endless battles is banned\n|rule|HP Percentage Mod: HP is shown in percentages\n|clearpoke\n|poke|p1|Hatterene, F|\n|poke|p1|Sylveon, F|\n|poke|p1|Oranguru, M|\n|poke|p1|Torkoal, M|\n|poke|p1|Goodra-Hisui, M|\n|poke|p1|Kingambit, M|\n|poke|p2|Manaphy|\n|poke|p2|Espathra, M|\n|poke|p2|Goodra-Hisui, M|\n|poke|p2|Ursaluna-Bloodmoon, M|\n|poke|p2|Ogerpon-Hearthflame, F|\n|poke|p2|Chien-Pao|\n|teampreview\n|\n|t:|1697909245\n|start\n|switch|p1a: Oranguru|Oranguru, M|100\/100\n|switch|p1b: Kingambit|Kingambit, M|100\/100\n|switch|p2a: Goodra|Goodra-Hisui, M|100\/100\n|switch|p2b: Chien-Pao|Chien-Pao|100\/100\n|-ability|p2b: Chien-Pao|Sword of Ruin\n|turn|1\n|inactive|Battle timer is ON: inactive players will automatically lose when time's up. (requested by cotesmcgotes)\n|\n|t:|1697909256\n|move|p2b: Chien-Pao|Crunch|p1a: Oranguru\n|-supereffective|p1a: Oranguru\n|-damage|p1a: Oranguru|6\/100\n|-enditem|p1a: Oranguru|Aguav Berry|[eat]\n|-heal|p1a: Oranguru|40\/100|[from] item: Aguav Berry\n|move|p2a: Goodra|Body Press|p1b: Kingambit\n|-supereffective|p1b: Kingambit\n|-damage|p1b: Kingambit|26\/100\n|move|p1b: Kingambit|Swords Dance|p1b: Kingambit\n|-boost|p1b: Kingambit|atk|2\n|move|p1a: Oranguru|Trick Room|p1a: Oranguru\n|-fieldstart|move: Trick Room|[of] p1a: Oranguru\n|\n|-heal|p1b: Kingambit|32\/100|[from] item: Leftovers\n|upkeep\n|turn|2\n|inactive|cotesmcgotes has 120 seconds left.\n|\n|t:|1697909290\n|switch|p2b: Ogerpon|Ogerpon-Hearthflame, F|100\/100\n|-ability|p2b: Ogerpon|Mold Breaker\n|move|p1b: Kingambit|Kowtow Cleave|p2a: Goodra\n|-damage|p2a: Goodra|13\/100\n|move|p1a: Oranguru|Instruct|p1b: Kingambit\n|-singleturn|p1b: Kingambit|move: Instruct|[of] p1a: Oranguru\n|move|p1b: Kingambit|Kowtow Cleave|p2a: Goodra\n|-damage|p2a: Goodra|0 fnt\n|faint|p2a: Goodra\n|\n|-heal|p1b: Kingambit|39\/100|[from] item: Leftovers\n|upkeep\n|inactive|cotesmcgotes has 120 seconds left.\n|\n|t:|1697909308\n|switch|p2a: Ursaluna|Ursaluna-Bloodmoon, M|100\/100\n|turn|3\n|\n|t:|1697909316\n|move|p2b: Ogerpon|Spiky Shield|p2b: Ogerpon\n|-singleturn|p2b: Ogerpon|move: Protect\n|move|p2a: Ursaluna|Vacuum Wave|p1b: Kingambit\n|-supereffective|p1b: Kingambit\n|-damage|p1b: Kingambit|0 fnt\n|faint|p1b: Kingambit\n|move|p1a: Oranguru|Instruct|p1: Kingambit|[notarget]\n|-fail|p1a: Oranguru\n|\n|upkeep\n|\n|t:|1697909333\n|switch|p1b: Torkoal|Torkoal, M|100\/100\n|-weather|SunnyDay|[from] ability: Drought|[of] p1b: Torkoal\n|turn|4\n|inactive|cotesmcgotes has 120 seconds left.\n|\n|t:|1697909383\n|-terastallize|p2b: Ogerpon|Fire\n|detailschange|p2b: Ogerpon|Ogerpon-Hearthflame-Tera, F, tera:Fire\n|-ability|p2b: Ogerpon|Embody Aspect (Hearthflame)|boost\n|-boost|p2b: Ogerpon|atk|1\n|move|p1b: Torkoal|Eruption|p2a: Ursaluna|[spread] p2a,p2b\n|-resisted|p2b: Ogerpon\n|-damage|p2a: Ursaluna|50\/100\n|-damage|p2b: Ogerpon|59\/100\n|move|p1a: Oranguru|Psyshock|p2a: Ursaluna\n|-damage|p2a: Ursaluna|29\/100\n|move|p2a: Ursaluna|Earth Power|p1b: Torkoal\n|-supereffective|p1b: Torkoal\n|-damage|p1b: Torkoal|0 fnt\n|faint|p1b: Torkoal\n|move|p2b: Ogerpon|Ivy Cudgel|p1a: Oranguru\n|-damage|p1a: Oranguru|0 fnt\n|faint|p1a: Oranguru\n|\n|-weather|SunnyDay|[upkeep]\n|upkeep\n|\n|t:|1697909401\n|switch|p1b: Sylveon|Sylveon, F|100\/100\n|switch|p1a: Goodra|Goodra-Hisui, M, shiny|100\/100\n|turn|5\n|inactive|cotesmcgotes has 120 seconds left.\n|\n|t:|1697909433\n|-terastallize|p1a: Goodra|Water\n|move|p2b: Ogerpon|Spiky Shield|p2b: Ogerpon\n|-singleturn|p2b: Ogerpon|move: Protect\n|move|p1b: Sylveon|Hyper Voice|p2b: Ogerpon|[spread] p2a\n|-activate|p2b: Ogerpon|move: Protect\n|-damage|p2a: Ursaluna|0 fnt\n|faint|p2a: Ursaluna\n|move|p1a: Goodra|Acid Armor|p1a: Goodra\n|-boost|p1a: Goodra|def|2\n|\n|-weather|SunnyDay|[upkeep]\n|-fieldend|move: Trick Room\n|upkeep\n|inactive|cotesmcgotes has 90 seconds left.\n|\n|t:|1697909470\n|switch|p2a: Espathra|Espathra, M|100\/100\n|turn|6\n|inactive|cotesmcgotes has 90 seconds left.\n|\n|t:|1697909480\n|move|p1b: Sylveon|Protect|p1b: Sylveon\n|-singleturn|p1b: Sylveon|Protect\n|move|p2b: Ogerpon|Ivy Cudgel|p1b: Sylveon\n|-activate|p1b: Sylveon|move: Protect\n|move|p2a: Espathra|Skill Swap|p1b: Sylveon\n|-activate|p1b: Sylveon|move: Protect\n|move|p1a: Goodra|Body Press|p2b: Ogerpon\n|-damage|p2b: Ogerpon|2\/100\n|\n|-weather|SunnyDay|[upkeep]\n|-ability|p2a: Espathra|Speed Boost|boost\n|-boost|p2a: Espathra|spe|1\n|upkeep\n|turn|7\n|\n|t:|1697909494\n|move|p2a: Espathra|Protect|p2a: Espathra\n|-singleturn|p2a: Espathra|Protect\n|move|p1b: Sylveon|Quick Attack|p2b: Ogerpon\n|-resisted|p2b: Ogerpon\n|-damage|p2b: Ogerpon|0 fnt\n|faint|p2b: Ogerpon\n|move|p1a: Goodra|Acid Armor|p1a: Goodra\n|-boost|p1a: Goodra|def|2\n|\n|-weather|SunnyDay|[upkeep]\n|-ability|p2a: Espathra|Speed Boost|boost\n|-boost|p2a: Espathra|spe|1\n|upkeep\n|\n|t:|1697909509\n|switch|p2b: Manaphy|Manaphy|100\/100\n|turn|8\n|inactive|cotesmcgotes has 120 seconds left.\n|\n|t:|1697909523\n|move|p1a: Goodra|Protect|p1a: Goodra\n|-singleturn|p1a: Goodra|Protect\n|move|p2a: Espathra|Skill Swap|p2b: Manaphy\n|-activate|p2a: Espathra|move: Skill Swap|||[of] p2b: Manaphy\n|move|p2b: Manaphy|Heart Swap|p1a: Goodra\n|-activate|p1a: Goodra|move: Protect\n|move|p1b: Sylveon|Hyper Voice|p2a: Espathra|[spread] p2a,p2b\n|-damage|p2a: Espathra|35\/100\n|-damage|p2b: Manaphy|55\/100\n|\n|-weather|none\n|-ability|p2b: Manaphy|Speed Boost|boost\n|-boost|p2b: Manaphy|spe|1\n|upkeep\n|turn|9\n|inactive|cotesmcgotes has 120 seconds left.\n|\n|t:|1697909566\n|move|p2a: Espathra|Skill Swap|p1b: Sylveon\n|-activate|p2a: Espathra|move: Skill Swap|Pixilate|Hydration|[of] p1b: Sylveon\n|move|p2b: Manaphy|Tail Glow|p2b: Manaphy\n|-boost|p2b: Manaphy|spa|3\n|move|p1a: Goodra|Acid Armor|p1a: Goodra\n|-boost|p1a: Goodra|def|2\n|move|p1b: Sylveon|Hyper Voice|p2a: Espathra|[spread] p2a,p2b\n|-damage|p2a: Espathra|7\/100\n|-damage|p2b: Manaphy|33\/100\n|-enditem|p2b: Manaphy|Sitrus Berry|[eat]\n|-heal|p2b: Manaphy|58\/100|[from] item: Sitrus Berry\n|\n|-ability|p2b: Manaphy|Speed Boost|boost\n|-boost|p2b: Manaphy|spe|1\n|upkeep\n|turn|10\n|inactive|cotesmcgotes has 120 seconds left.\n|\n|t:|1697909597\n|move|p2a: Espathra|Lumina Crash|p1a: Goodra\n|-damage|p1a: Goodra|81\/100\n|-unboost|p1a: Goodra|spd|2\n|move|p2b: Manaphy|Stored Power|p1a: Goodra\n|-damage|p1a: Goodra|0 fnt\n|faint|p1a: Goodra\n|move|p1b: Sylveon|Hyper Voice|p2b: Manaphy|[spread] p2a,p2b\n|-damage|p2a: Espathra|0 fnt\n|-damage|p2b: Manaphy|34\/100\n|faint|p2a: Espathra\n|\n|-ability|p2b: Manaphy|Speed Boost|boost\n|-boost|p2b: Manaphy|spe|1\n|upkeep\n|\n|t:|1697909610\n|switch|p2a: Chien-Pao|Chien-Pao|100\/100\n|switch|p1a: Hatterene|Hatterene, F|100\/100\n|-ability|p2a: Chien-Pao|Sword of Ruin\n|turn|11\n|\n|t:|1697909624\n|move|p2b: Manaphy|Stored Power|p1b: Sylveon\n|-damage|p1b: Sylveon|36\/100\n|move|p2a: Chien-Pao|Ice Spinner|p1a: Hatterene\n|-damage|p1a: Hatterene|44\/100\n|move|p1b: Sylveon|Calm Mind|p1b: Sylveon\n|-boost|p1b: Sylveon|spa|1\n|-boost|p1b: Sylveon|spd|1\n|move|p1a: Hatterene|Trick Room|p1a: Hatterene\n|-fieldstart|move: Trick Room|[of] p1a: Hatterene\n|\n|-ability|p2b: Manaphy|Speed Boost|boost\n|-boost|p2b: Manaphy|spe|1\n|upkeep\n|turn|12\n|\n|t:|1697909647\n|move|p2a: Chien-Pao|Sucker Punch|p1a: Hatterene\n|-damage|p1a: Hatterene|0 fnt\n|faint|p1a: Hatterene\n|move|p1b: Sylveon|Hyper Voice|p2b: Manaphy|[spread] p2a,p2b\n|-crit|p2a: Chien-Pao\n|-damage|p2a: Chien-Pao|45\/100\n|-damage|p2b: Manaphy|1\/100\n|move|p2b: Manaphy|Scald|p1b: Sylveon\n|-damage|p1b: Sylveon|0 fnt\n|faint|p1b: Sylveon\n|\n|win|cotesmcgotes\n|raw|ABO00's rating: 1399 &rarr; <strong>1376<\/strong><br \/>(-23 for losing)\n|raw|cotesmcgotes's rating: 1349 &rarr; <strong>1372<\/strong><br \/>(+23 for winning)\n|l|\u2606ABO00\n","uploadtime":1697909660,"views":15,"p1id":"abo00","p2id":"cotesmcgotes","formatid":"gen9doublesou","rating":1372,"private":0,"password":""}