{"id":"gen9doublesou-1977369817","p1":"SeaDoggo","p2":"cotesmcgotes","format":"[Gen 9] Doubles OU","log":"|j|\u2606SeaDoggo\n|j|\u2606cotesmcgotes\n|t:|1698410683\n|gametype|doubles\n|player|p1|SeaDoggo|lucas-gen4pt|1334\n|player|p2|cotesmcgotes|flannery|1389\n|teamsize|p1|6\n|teamsize|p2|6\n|gen|9\n|tier|[Gen 9] Doubles OU\n|rated|\n|rule|Species Clause: Limit one of each Pok\u00e9mon\n|rule|OHKO Clause: OHKO moves are banned\n|rule|Evasion Moves Clause: Evasion moves are banned\n|rule|Gravity Sleep Clause: The combination of sleep-inducing moves with imperfect accuracy and Gravity or Gigantamax Orbeetle are banned\n|rule|Endless Battle Clause: Forcing endless battles is banned\n|rule|HP Percentage Mod: HP is shown in percentages\n|clearpoke\n|poke|p1|Chi-Yu|\n|poke|p1|Iron Bundle|\n|poke|p1|Ditto|\n|poke|p1|Abomasnow, M|\n|poke|p1|Palafin, M|\n|poke|p1|Arcanine, M|\n|poke|p2|Cresselia, F|\n|poke|p2|Enamorus-Therian, F|\n|poke|p2|Ogerpon-Hearthflame, F|\n|poke|p2|Roaring Moon|\n|poke|p2|Great Tusk|\n|poke|p2|Manaphy|\n|teampreview\n|inactive|Battle timer is ON: inactive players will automatically lose when time's up. (requested by cotesmcgotes)\n|\n|t:|1698410707\n|start\n|switch|p1a: Obamasnow|Abomasnow, M|100\/100\n|switch|p1b: Absolute Zero|Palafin, M|100\/100\n|switch|p2a: Enamorus|Enamorus-Therian, F|100\/100\n|switch|p2b: Ogerpon|Ogerpon-Hearthflame, F|100\/100\n|-ability|p2b: Ogerpon|Mold Breaker\n|-weather|Snow|[from] ability: Snow Warning|[of] p1a: Obamasnow\n|turn|1\n|\n|t:|1698410732\n|-terastallize|p1a: Obamasnow|Water\n|move|p2b: Ogerpon|Taunt|p1a: Obamasnow\n|-start|p1a: Obamasnow|move: Taunt\n|move|p1b: Absolute Zero|Flip Turn|p2b: Ogerpon\n|-damage|p2b: Ogerpon|63\/100\n|inactive|SeaDoggo has 120 seconds left.\n|\n|t:|1698410770\n|detailschange|p1b: Absolute Zero|Palafin-Hero, M\n|switch|p1b: THE IMPOSTER!??!?|Ditto|100\/100|[from] Flip Turn\n|-transform|p1b: THE IMPOSTER!??!?|p2a: Enamorus|[from] ability: Imposter\n|cant|p1a: Obamasnow|move: Taunt|Aurora Veil\n|move|p2a: Enamorus|Tailwind|p2a: Enamorus\n|-sidestart|p2: cotesmcgotes|move: Tailwind\n|\n|-weather|Snow|[upkeep]\n|upkeep\n|turn|2\n|inactive|SeaDoggo has 120 seconds left.\n|\n|t:|1698410790\n|switch|p2a: Manaphy|Manaphy|100\/100\n|move|p2b: Ogerpon|Horn Leech|p1a: Obamasnow\n|-supereffective|p1a: Obamasnow\n|-damage|p1a: Obamasnow|10\/100\n|-heal|p2b: Ogerpon|100\/100|[from] drain|[of] p1a: Obamasnow\n|move|p1b: THE IMPOSTER!??!?|Tailwind|p1b: THE IMPOSTER!??!?\n|-sidestart|p1: SeaDoggo|move: Tailwind\n|move|p1a: Obamasnow|Blizzard|p2a: Manaphy|[spread] p2a,p2b\n|-resisted|p2a: Manaphy\n|-damage|p2a: Manaphy|86\/100\n|-damage|p2b: Ogerpon|64\/100\n|\n|-weather|Snow|[upkeep]\n|-heal|p2a: Manaphy|93\/100|[from] item: Leftovers\n|upkeep\n|turn|3\n|inactive|SeaDoggo has 120 seconds left.\n|inactive|cotesmcgotes has 120 seconds left.\n|\n|t:|1698410821\n|switch|p1b: Arkaneenay|Arcanine, M|100\/100\n|-ability|p1b: Arkaneenay|Intimidate|boost\n|-unboost|p2a: Manaphy|atk|1\n|-unboost|p2b: Ogerpon|atk|1\n|move|p2b: Ogerpon|Horn Leech|p1a: Obamasnow\n|-supereffective|p1a: Obamasnow\n|-damage|p1a: Obamasnow|0 fnt\n|-heal|p2b: Ogerpon|70\/100|[from] drain|[of] p1a: Obamasnow\n|faint|p1a: Obamasnow\n|move|p2a: Manaphy|Tail Glow|p2a: Manaphy\n|-boost|p2a: Manaphy|spa|3\n|\n|-weather|Snow|[upkeep]\n|-heal|p2a: Manaphy|99\/100|[from] item: Leftovers\n|upkeep\n|inactive|SeaDoggo has 120 seconds left.\n|\n|t:|1698410842\n|switch|p1a: samnta|Iron Bundle|100\/100\n|-enditem|p1a: samnta|Booster Energy\n|-activate|p1a: samnta|ability: Quark Drive|[fromitem]\n|-start|p1a: samnta|quarkdrivespe\n|turn|4\n|inactive|SeaDoggo has 120 seconds left.\n|\n|t:|1698410864\n|-terastallize|p2a: Manaphy|Electric\n|move|p1b: Arkaneenay|Extreme Speed|p2a: Manaphy\n|-damage|p2a: Manaphy|83\/100\n|move|p1a: samnta|Freeze-Dry|p2a: Manaphy\n|-damage|p2a: Manaphy|52\/100\n|move|p2b: Ogerpon|Horn Leech|p1a: samnta\n|-supereffective|p1a: samnta\n|-damage|p1a: samnta|50\/100\n|-heal|p2b: Ogerpon|92\/100|[from] drain|[of] p1a: samnta\n|move|p2a: Manaphy|Scald|p1b: Arkaneenay\n|-supereffective|p1b: Arkaneenay\n|-damage|p1b: Arkaneenay|0 fnt\n|faint|p1b: Arkaneenay\n|\n|-weather|Snow|[upkeep]\n|-heal|p2a: Manaphy|59\/100|[from] item: Leftovers\n|-sideend|p2: cotesmcgotes|move: Tailwind\n|upkeep\n|inactive|SeaDoggo has 90 seconds left.\n|\n|t:|1698410895\n|switch|p1b: Chi-ng Cho-ng|Chi-Yu|100\/100\n|-ability|p1b: Chi-ng Cho-ng|Beads of Ruin\n|turn|5\n|inactive|SeaDoggo has 90 seconds left.\n|\n|t:|1698410933\n|move|p2b: Ogerpon|Spiky Shield|p2b: Ogerpon\n|-singleturn|p2b: Ogerpon|move: Protect\n|move|p1a: samnta|Hydro Pump|p2a: Manaphy|[miss]\n|-miss|p1a: samnta|p2a: Manaphy\n|move|p1b: Chi-ng Cho-ng|Dark Pulse|p2a: Manaphy\n|-damage|p2a: Manaphy|15\/100\n|move|p2a: Manaphy|Tera Blast|p1a: samnta|[anim] Tera Blast Electric\n|-supereffective|p1a: samnta\n|-damage|p1a: samnta|0 fnt\n|faint|p1a: samnta\n|-end|p1a: samnta|Quark Drive|[silent]\n|\n|-weather|none\n|-heal|p2a: Manaphy|21\/100|[from] item: Leftovers\n|-sideend|p1: SeaDoggo|move: Tailwind\n|upkeep\n|\n|t:|1698410950\n|switch|p1a: Absolute Zero|Palafin-Hero, M|100\/100\n|-activate|p1a: Absolute Zero|ability: Zero to Hero\n|turn|6\n|\n|t:|1698410971\n|switch|p2b: Enamorus|Enamorus-Therian, F|100\/100\n|switch|p2a: Cresselia|Cresselia, F|100\/100\n|move|p1a: Absolute Zero|Jet Punch|p2a: Cresselia\n|-damage|p2a: Cresselia|61\/100\n|move|p1b: Chi-ng Cho-ng|Heat Wave|p2b: Enamorus|[spread] p2a,p2b\n|-damage|p2a: Cresselia|37\/100\n|-damage|p2b: Enamorus|48\/100\n|\n|upkeep\n|turn|7\n|inactive|SeaDoggo has 90 seconds left.\n|\n|t:|1698410999\n|move|p1a: Absolute Zero|Jet Punch|p2b: Enamorus\n|-damage|p2b: Enamorus|0 fnt\n|faint|p2b: Enamorus\n|move|p1b: Chi-ng Cho-ng|Heat Wave|p2a: Cresselia\n|-damage|p2a: Cresselia|1\/100\n|move|p2a: Cresselia|Thunder Wave|p1a: Absolute Zero\n|-status|p1a: Absolute Zero|par\n|\n|upkeep\n|inactive|cotesmcgotes has 120 seconds left.\n|\n|t:|1698411020\n|switch|p2b: Great Tusk|Great Tusk|100\/100\n|turn|8\n|\n|t:|1698411043\n|cant|p1a: Absolute Zero|par\n|move|p1b: Chi-ng Cho-ng|Heat Wave|p2a: Cresselia|[spread] p2a,p2b\n|-damage|p2a: Cresselia|0 fnt\n|-damage|p2b: Great Tusk|58\/100\n|faint|p2a: Cresselia\n|move|p2b: Great Tusk|Headlong Rush|p1b: Chi-ng Cho-ng\n|-supereffective|p1b: Chi-ng Cho-ng\n|-enditem|p1b: Chi-ng Cho-ng|Focus Sash\n|-damage|p1b: Chi-ng Cho-ng|1\/100\n|-unboost|p2b: Great Tusk|def|1\n|-unboost|p2b: Great Tusk|spd|1\n|\n|upkeep\n|inactive|cotesmcgotes has 120 seconds left.\n|\n|t:|1698411067\n|switch|p2a: Ogerpon|Ogerpon-Hearthflame, F|92\/100\n|-ability|p2a: Ogerpon|Mold Breaker\n|turn|9\n|inactive|SeaDoggo has 120 seconds left.\n|\n|t:|1698411086\n|-end|p2b: Great Tusk|Protosynthesis|[silent]\n|switch|p2b: Manaphy|Manaphy, tera:Electric|21\/100\n|move|p1b: Chi-ng Cho-ng|Protect|p1b: Chi-ng Cho-ng\n|-singleturn|p1b: Chi-ng Cho-ng|Protect\n|cant|p1a: Absolute Zero|par\n|move|p2a: Ogerpon|Ivy Cudgel|p1b: Chi-ng Cho-ng\n|-activate|p1b: Chi-ng Cho-ng|move: Protect\n|\n|-heal|p2b: Manaphy|27\/100|[from] item: Leftovers\n|upkeep\n|turn|10\n|inactive|SeaDoggo has 120 seconds left.\n|\n|t:|1698411109\n|cant|p1a: Absolute Zero|par\n|move|p2a: Ogerpon|Horn Leech|p1a: Absolute Zero\n|-supereffective|p1a: Absolute Zero\n|-damage|p1a: Absolute Zero|2\/100 par\n|-heal|p2a: Ogerpon|100\/100|[from] drain|[of] p1a: Absolute Zero\n|move|p1b: Chi-ng Cho-ng|Dark Pulse|p2a: Ogerpon\n|-damage|p2a: Ogerpon|35\/100\n|move|p2b: Manaphy|Scald|p1b: Chi-ng Cho-ng\n|-supereffective|p1b: Chi-ng Cho-ng\n|-damage|p1b: Chi-ng Cho-ng|0 fnt\n|faint|p1b: Chi-ng Cho-ng\n|\n|-heal|p2b: Manaphy|33\/100|[from] item: Leftovers\n|upkeep\n|inactive|SeaDoggo has 120 seconds left.\n|c|\u2606SeaDoggo|ok\n|c|\u2606SeaDoggo|3 times in a row\n|\n|t:|1698411135\n|switch|p1b: THE IMPOSTER!??!?|Ditto|100\/100\n|-transform|p1b: THE IMPOSTER!??!?|p2a: Ogerpon|[from] ability: Imposter\n|-ability|p1b: THE IMPOSTER!??!?|Mold Breaker\n|turn|11\n|inactive|SeaDoggo has 120 seconds left.\n|inactive|SeaDoggo has 90 seconds left.\n|\n|t:|1698411171\n|move|p2a: Ogerpon|Spiky Shield|p2a: Ogerpon\n|-singleturn|p2a: Ogerpon|move: Protect\n|move|p1a: Absolute Zero|Jet Punch|p2a: Ogerpon\n|-activate|p2a: Ogerpon|move: Protect\n|-damage|p1a: Absolute Zero|0 fnt|[from] Spiky Shield|[of] p2a: Ogerpon\n|faint|p1a: Absolute Zero\n|move|p1b: THE IMPOSTER!??!?|Horn Leech|p2b: Manaphy\n|-damage|p2b: Manaphy|0 fnt\n|faint|p2b: Manaphy\n|\n|upkeep\n|\n|t:|1698411184\n|switch|p2b: Roaring Moon|Roaring Moon|100\/100\n|-enditem|p2b: Roaring Moon|Booster Energy\n|-activate|p2b: Roaring Moon|ability: Protosynthesis|[fromitem]\n|-start|p2b: Roaring Moon|protosynthesisatk\n|turn|12\n|\n|t:|1698411192\n|move|p1b: THE IMPOSTER!??!?|Horn Leech|p2b: Roaring Moon\n|-resisted|p2b: Roaring Moon\n|-damage|p2b: Roaring Moon|79\/100\n|move|p2a: Ogerpon|Taunt|p1b: THE IMPOSTER!??!?\n|-start|p1b: THE IMPOSTER!??!?|move: Taunt\n|move|p2b: Roaring Moon|Acrobatics|p1b: THE IMPOSTER!??!?\n|-supereffective|p1b: THE IMPOSTER!??!?\n|-damage|p1b: THE IMPOSTER!??!?|0 fnt\n|faint|p1b: THE IMPOSTER!??!?\n|\n|win|cotesmcgotes\n|raw|SeaDoggo's rating: 1334 &rarr; <strong>1317<\/strong><br \/>(-17 for losing)\n|raw|cotesmcgotes's rating: 1389 &rarr; <strong>1406<\/strong><br \/>(+17 for winning)\n|l|\u2606SeaDoggo\n","uploadtime":1698411207,"views":21,"p1id":"seadoggo","p2id":"cotesmcgotes","formatid":"gen9doublesou","rating":1317,"private":0,"password":""}