{"id":"gen9doublesou-1988470830","p1":"DreamyFleur","p2":"Jzurf","format":"[Gen 9] Doubles OU","log":"|j|\u2606DreamyFleur\n|j|\u2606Jzurf\n|inactive|Battle timer is ON: inactive players will automatically lose when time's up.\n|t:|1699726430\n|gametype|doubles\n|player|p1|DreamyFleur|tulip|\n|player|p2|Jzurf|169|\n|teamsize|p1|6\n|teamsize|p2|6\n|gen|9\n|tier|[Gen 9] Doubles OU\n|rated|Tournament battle\n|rule|Species Clause: Limit one of each Pok\u00e9mon\n|rule|OHKO Clause: OHKO moves are banned\n|rule|Evasion Moves Clause: Evasion moves are banned\n|rule|Gravity Sleep Clause: The combination of sleep-inducing moves with imperfect accuracy and Gravity or Gigantamax Orbeetle are banned\n|rule|Endless Battle Clause: Forcing endless battles is banned\n|rule|HP Percentage Mod: HP is shown in percentages\n|clearpoke\n|poke|p1|Dusclops, M|\n|poke|p1|Cufant, F|\n|poke|p1|Drakloak, M|\n|poke|p1|Clauncher, F|\n|poke|p1|Corvisquire, M|\n|poke|p1|Spoink, F|\n|poke|p2|Arctibax, F|\n|poke|p2|Bronzor|\n|poke|p2|Skrelp, F|\n|poke|p2|Diglett, M|\n|poke|p2|Psyduck, M|\n|poke|p2|Yanma, M|\n|teampreview\n|j|*Lady Monita \u263d\n|inactive|DreamyFleur also wants the timer to be on.\n|c|\u2606DreamyFleur|hf\n|c|\u2606Jzurf|gl!\n|\n|t:|1699726459\n|start\n|switch|p1a: Cufant|Cufant, F, shiny|100\/100\n|switch|p1b: Corvisquire|Corvisquire, M, shiny|100\/100\n|switch|p2a: Arctibax|Arctibax, F|100\/100\n|switch|p2b: Bronzor|Bronzor|100\/100\n|turn|1\n|\n|t:|1699726470\n|move|p2a: Arctibax|Icicle Crash|p1b: Corvisquire\n|-supereffective|p1b: Corvisquire\n|-damage|p1b: Corvisquire|18\/100\n|move|p1b: Corvisquire|Tailwind|p1b: Corvisquire\n|-sidestart|p1: DreamyFleur|move: Tailwind\n|move|p1a: Cufant|Iron Head|p2a: Arctibax\n|-supereffective|p2a: Arctibax\n|-damage|p2a: Arctibax|0 fnt\n|faint|p2a: Arctibax\n|move|p2b: Bronzor|Reflect|p2b: Bronzor\n|-sidestart|p2: Jzurf|Reflect\n|\n|upkeep\n|\n|t:|1699726486\n|switch|p2a: Yanma|Yanma, M|100\/100\n|turn|2\n|\n|t:|1699726491\n|move|p2a: Yanma|Protect|p2a: Yanma\n|-singleturn|p2a: Yanma|Protect\n|move|p1b: Corvisquire|Roost|p1b: Corvisquire\n|-heal|p1b: Corvisquire|69\/100\n|-singleturn|p1b: Corvisquire|move: Roost\n|move|p1a: Cufant|Rock Slide|p2a: Yanma|[spread] \n|-activate|p2a: Yanma|move: Protect\n|-miss|p1a: Cufant|p2b: Bronzor\n|move|p2b: Bronzor|Light Screen|p2b: Bronzor\n|-sidestart|p2: Jzurf|move: Light Screen\n|\n|-ability|p2a: Yanma|Speed Boost|boost\n|-boost|p2a: Yanma|spe|1\n|upkeep\n|turn|3\n|j| kaboom64\n|\n|t:|1699726521\n|switch|p2a: Psyduck|Psyduck, M|100\/100\n|-ability|p2a: Psyduck|Cloud Nine\n|switch|p2b: Skrelp|Skrelp, F|100\/100\n|move|p1b: Corvisquire|Drill Peck|p2a: Psyduck\n|-damage|p2a: Psyduck|87\/100\n|move|p1a: Cufant|Rock Slide|p2b: Skrelp|[spread] p2a,p2b\n|-damage|p2a: Psyduck|74\/100\n|-damage|p2b: Skrelp|71\/100\n|\n|upkeep\n|turn|4\n|j| bluecrushe\n|l| bluecrushe\n|inactive|Jzurf has 120 seconds left.\n|\n|t:|1699726557\n|move|p1b: Corvisquire|Roost|p1b: Corvisquire\n|-heal|p1b: Corvisquire|100\/100\n|-singleturn|p1b: Corvisquire|move: Roost\n|move|p1a: Cufant|Earthquake|p2b: Skrelp|[spread] p1b,p2a,p2b\n|-supereffective|p2b: Skrelp\n|-damage|p1b: Corvisquire|80\/100\n|-damage|p2a: Psyduck|61\/100\n|-damage|p2b: Skrelp|17\/100\n|move|p2b: Skrelp|Surf|p1a: Cufant|[spread] p2a,p1a,p1b\n|-resisted|p2a: Psyduck\n|-damage|p2a: Psyduck|44\/100\n|-damage|p1a: Cufant|45\/100\n|-damage|p1b: Corvisquire|45\/100\n|move|p2a: Psyduck|Soak|p1b: Corvisquire\n|-start|p1b: Corvisquire|typechange|Water\n|\n|-sideend|p1: DreamyFleur|move: Tailwind\n|upkeep\n|turn|5\n|inactive|Jzurf has 120 seconds left.\n|\n|t:|1699726581\n|switch|p2b: Yanma|Yanma, M|100\/100\n|move|p1b: Corvisquire|Tailwind|p1b: Corvisquire\n|-sidestart|p1: DreamyFleur|move: Tailwind\n|move|p1a: Cufant|Earthquake|p2b: Yanma|[spread] p1b,p2a\n|-immune|p2b: Yanma\n|-damage|p1b: Corvisquire|24\/100\n|-damage|p2a: Psyduck|32\/100\n|move|p2a: Psyduck|Soak|p1a: Cufant\n|-start|p1a: Cufant|typechange|Water\n|\n|upkeep\n|turn|6\n|\n|t:|1699726602\n|switch|p2a: Bronzor|Bronzor|100\/100\n|move|p2b: Yanma|Protect|p2b: Yanma\n|-singleturn|p2b: Yanma|Protect\n|move|p1b: Corvisquire|Roost|p1b: Corvisquire\n|-heal|p1b: Corvisquire|74\/100\n|-singleturn|p1b: Corvisquire|move: Roost\n|move|p1a: Cufant|Rock Slide|p2b: Yanma|[spread] p2a\n|-activate|p2b: Yanma|move: Protect\n|-resisted|p2a: Bronzor\n|-damage|p2a: Bronzor|94\/100\n|\n|-ability|p2b: Yanma|Speed Boost|boost\n|-boost|p2b: Yanma|spe|1\n|upkeep\n|turn|7\n|\n|t:|1699726626\n|-terastallize|p2b: Yanma|Ghost\n|move|p2a: Bronzor|Helping Hand|p2b: Yanma\n|-singleturn|p2b: Yanma|Helping Hand|[of] p2a: Bronzor\n|move|p2b: Yanma|Giga Drain|p1b: Corvisquire\n|-supereffective|p1b: Corvisquire\n|-damage|p1b: Corvisquire|25\/100\n|-damage|p2b: Yanma|91\/100|[from] item: Life Orb\n|move|p1b: Corvisquire|Drill Peck|p2b: Yanma\n|-damage|p2b: Yanma|68\/100\n|move|p1a: Cufant|Rock Slide|p2a: Bronzor|[spread] p2a\n|-miss|p1a: Cufant|p2b: Yanma\n|-resisted|p2a: Bronzor\n|-damage|p2a: Bronzor|87\/100\n|\n|-ability|p2b: Yanma|Speed Boost|boost\n|-boost|p2b: Yanma|spe|1\n|upkeep\n|turn|8\n|\n|t:|1699726650\n|switch|p1b: Dusclops|Dusclops, M, shiny|100\/100\n|-item|p2a: Bronzor|Light Clay|[from] ability: Frisk|[of] p1b: Dusclops|[identify]\n|-item|p2b: Yanma|Life Orb|[from] ability: Frisk|[of] p1b: Dusclops|[identify]\n|move|p2a: Bronzor|Helping Hand|p2b: Yanma\n|-singleturn|p2b: Yanma|Helping Hand|[of] p2a: Bronzor\n|move|p2b: Yanma|Giga Drain|p1b: Dusclops\n|-damage|p1b: Dusclops|81\/100\n|-heal|p2b: Yanma|78\/100|[from] drain|[of] p1b: Dusclops\n|-damage|p2b: Yanma|69\/100|[from] item: Life Orb\n|move|p1a: Cufant|Iron Head|p2b: Yanma\n|-damage|p2b: Yanma|27\/100\n|\n|-sideend|p2: Jzurf|Reflect\n|-sideend|p1: DreamyFleur|move: Tailwind\n|-ability|p2b: Yanma|Speed Boost|boost\n|-boost|p2b: Yanma|spe|1\n|upkeep\n|turn|9\n|\n|t:|1699726668\n|move|p2b: Yanma|Protect|p2b: Yanma\n|-singleturn|p2b: Yanma|Protect\n|move|p1a: Cufant|Iron Head|p2b: Yanma\n|-activate|p2b: Yanma|move: Protect\n|move|p1b: Dusclops|Night Shade|p2b: Yanma\n|-activate|p2b: Yanma|move: Protect\n|move|p2a: Bronzor|Reflect|p2a: Bronzor\n|-sidestart|p2: Jzurf|Reflect\n|\n|-sideend|p2: Jzurf|move: Light Screen\n|-ability|p2b: Yanma|Speed Boost|boost\n|-boost|p2b: Yanma|spe|1\n|upkeep\n|turn|10\n|\n|t:|1699726680\n|switch|p2b: Psyduck|Psyduck, M|32\/100\n|-ability|p2b: Psyduck|Cloud Nine\n|move|p1a: Cufant|Iron Head|p2b: Psyduck\n|-resisted|p2b: Psyduck\n|-damage|p2b: Psyduck|23\/100\n|move|p1b: Dusclops|Night Shade|p2b: Psyduck\n|-damage|p2b: Psyduck|0 fnt\n|faint|p2b: Psyduck\n|move|p2a: Bronzor|Reflect||[still]\n|-fail|p2a: Bronzor\n|\n|upkeep\n|\n|t:|1699726691\n|switch|p2b: Diglett|Diglett, M|100\/100\n|turn|11\n|\n|t:|1699726708\n|move|p2b: Diglett|Earthquake|p1a: Cufant|[spread] p1a,p1b\n|-immune|p2a: Bronzor|[from] ability: Levitate\n|-crit|p1a: Cufant\n|-damage|p1a: Cufant|1\/100\n|-damage|p1b: Dusclops|67\/100\n|move|p1a: Cufant|Iron Head|p2b: Diglett\n|-damage|p2b: Diglett|0 fnt\n|faint|p2b: Diglett\n|move|p1b: Dusclops|Will-O-Wisp|p2a: Bronzor\n|-status|p2a: Bronzor|brn\n|move|p2a: Bronzor|Light Screen|p2a: Bronzor\n|-sidestart|p2: Jzurf|move: Light Screen\n|\n|-damage|p2a: Bronzor|81\/100 brn|[from] brn\n|upkeep\n|\n|t:|1699726722\n|switch|p2b: Skrelp|Skrelp, F|17\/100\n|turn|12\n|\n|t:|1699726731\n|move|p2a: Bronzor|Helping Hand|p2b: Skrelp\n|-singleturn|p2b: Skrelp|Helping Hand|[of] p2a: Bronzor\n|move|p1b: Dusclops|Protect|p1b: Dusclops\n|-singleturn|p1b: Dusclops|Protect\n|move|p2b: Skrelp|Surf|p1a: Cufant|[spread] p2a,p1a\n|-activate|p1b: Dusclops|move: Protect\n|-resisted|p1a: Cufant\n|-damage|p2a: Bronzor|35\/100 brn\n|-damage|p1a: Cufant|0 fnt\n|faint|p1a: Cufant\n|\n|-damage|p2a: Bronzor|29\/100 brn|[from] brn\n|upkeep\n|\n|t:|1699726743\n|switch|p1a: Corvisquire|Corvisquire, M, shiny|25\/100\n|turn|13\n|\n|t:|1699726753\n|move|p2a: Bronzor|Helping Hand|p2b: Skrelp\n|-singleturn|p2b: Skrelp|Helping Hand|[of] p2a: Bronzor\n|move|p1a: Corvisquire|Roost|p1a: Corvisquire\n|-heal|p1a: Corvisquire|75\/100\n|-singleturn|p1a: Corvisquire|move: Roost\n|move|p2b: Skrelp|Surf|p1b: Dusclops|[spread] p2a,p1a,p1b\n|-damage|p2a: Bronzor|0 fnt\n|-damage|p1a: Corvisquire|30\/100\n|-damage|p1b: Dusclops|32\/100\n|faint|p2a: Bronzor\n|move|p1b: Dusclops|Night Shade|p2b: Skrelp\n|-damage|p2b: Skrelp|0 fnt\n|faint|p2b: Skrelp\n|\n|upkeep\n|\n|t:|1699726766\n|switch|p2b: Yanma|Yanma, M, tera:Ghost|27\/100\n|turn|14\n|\n|t:|1699726775\n|move|p2b: Yanma|Bug Buzz|p1b: Dusclops\n|-resisted|p1b: Dusclops\n|-damage|p1b: Dusclops|21\/100\n|-damage|p2b: Yanma|17\/100|[from] item: Life Orb\n|move|p1a: Corvisquire|Roost|p1a: Corvisquire\n|-heal|p1a: Corvisquire|80\/100\n|-singleturn|p1a: Corvisquire|move: Roost\n|move|p1b: Dusclops|Night Shade|p2b: Yanma\n|-damage|p2b: Yanma|0 fnt\n|faint|p2b: Yanma\n|\n|win|DreamyFleur\n|n|\u2606DreamyFleur|dreamyfleur\n|n|\u2606Jzurf|jzurf\n|n|*Lady Monita \u263d|ladymonita\n|n| kaboom64|kaboom64\n","uploadtime":1699726776,"views":4,"p1id":"dreamyfleur","p2id":"jzurf","formatid":"gen9doublesou","rating":0,"private":0,"password":""}