{"id":"gen9doublesou-1984984756","p1":"flipplebop","p2":"ac1516","format":"[Gen 9] Doubles OU","log":"|j|\u2606flipplebop\n|j|\u2606ac1516\n|t:|1699317621\n|gametype|doubles\n|player|p1|flipplebop|2|1412\n|player|p2|ac1516|supernerd|1341\n|teamsize|p1|6\n|teamsize|p2|6\n|gen|9\n|tier|[Gen 9] Doubles OU\n|rated|\n|rule|Species Clause: Limit one of each Pok\u00e9mon\n|rule|OHKO Clause: OHKO moves are banned\n|rule|Evasion Moves Clause: Evasion moves are banned\n|rule|Gravity Sleep Clause: The combination of sleep-inducing moves with imperfect accuracy and Gravity or Gigantamax Orbeetle are banned\n|rule|Endless Battle Clause: Forcing endless battles is banned\n|rule|HP Percentage Mod: HP is shown in percentages\n|clearpoke\n|poke|p1|Ting-Lu|\n|poke|p1|Dragonite, F|\n|poke|p1|Kingambit, M|\n|poke|p1|Milotic, F|\n|poke|p1|Gholdengo|\n|poke|p1|Ursaluna, M|\n|poke|p2|Armarouge, F|\n|poke|p2|Iron Bundle|\n|poke|p2|Indeedee-F, F|\n|poke|p2|Flamigo, M|\n|poke|p2|Klefki, M|\n|poke|p2|Kommo-o, F|\n|teampreview\n|inactive|Battle timer is ON: inactive players will automatically lose when time's up. (requested by flipplebop)\n|\n|t:|1699317633\n|start\n|switch|p1a: Ting-Lu|Ting-Lu|100\/100\n|switch|p1b: Milotic|Milotic, F|100\/100\n|switch|p2a: Klefki|Klefki, M|100\/100\n|switch|p2b: Kommo-o|Kommo-o, F|100\/100\n|-ability|p1a: Ting-Lu|Vessel of Ruin\n|turn|1\n|\n|t:|1699317641\n|move|p2b: Kommo-o|Protect|p2b: Kommo-o\n|-singleturn|p2b: Kommo-o|Protect\n|move|p2a: Klefki|Reflect|p2a: Klefki\n|-sidestart|p2: ac1516|Reflect\n|move|p1b: Milotic|Coil|p1b: Milotic\n|-boost|p1b: Milotic|atk|1\n|-boost|p1b: Milotic|def|1\n|-boost|p1b: Milotic|accuracy|1\n|move|p1a: Ting-Lu|Whirlwind|p2b: Kommo-o\n|drag|p2b: Iron Bundle|Iron Bundle|100\/100\n|\n|-status|p1b: Milotic|brn|[from] item: Flame Orb\n|upkeep\n|turn|2\n|\n|t:|1699317654\n|move|p2a: Klefki|Light Screen|p2a: Klefki\n|-sidestart|p2: ac1516|move: Light Screen\n|move|p2b: Iron Bundle|Encore|p1b: Milotic\n|-start|p1b: Milotic|Encore\n|move|p1b: Milotic|Coil|p1b: Milotic\n|-boost|p1b: Milotic|atk|1\n|-boost|p1b: Milotic|def|1\n|-boost|p1b: Milotic|accuracy|1\n|move|p1a: Ting-Lu|Stealth Rock|p2a: Klefki\n|-sidestart|p2: ac1516|move: Stealth Rock\n|\n|-damage|p1b: Milotic|94\/100 brn|[from] brn\n|upkeep\n|turn|3\n|\n|t:|1699317674\n|switch|p2a: Armarouge|Armarouge, F|100\/100\n|-damage|p2a: Armarouge|76\/100|[from] Stealth Rock\n|switch|p1a: Gholdengo|Gholdengo|100\/100\n|move|p2b: Iron Bundle|Encore|p1a: Gholdengo\n|-immune|p1a: Gholdengo|[from] ability: Good as Gold\n|move|p1b: Milotic|Coil|p1b: Milotic\n|-boost|p1b: Milotic|atk|1\n|-boost|p1b: Milotic|def|1\n|-boost|p1b: Milotic|accuracy|1\n|\n|-damage|p1b: Milotic|88\/100 brn|[from] brn\n|upkeep\n|turn|4\n|\n|t:|1699317686\n|move|p1a: Gholdengo|Shadow Ball|p2a: Armarouge\n|-supereffective|p2a: Armarouge\n|-damage|p2a: Armarouge|10\/100\n|-enditem|p2a: Armarouge|Weakness Policy\n|-boost|p2a: Armarouge|atk|2|[from] item: Weakness Policy\n|-boost|p2a: Armarouge|spa|2|[from] item: Weakness Policy\n|move|p2b: Iron Bundle|Fling|p2a: Armarouge\n|-supereffective|p2a: Armarouge\n|-damage|p2a: Armarouge|7\/100\n|-boost|p2a: Armarouge|spe|1|[from] item: Salac Berry\n|-ability|p2a: Armarouge|Weak Armor|boost\n|-unboost|p2a: Armarouge|def|1\n|-boost|p2a: Armarouge|spe|2\n|-enditem|p2b: Iron Bundle|Salac Berry|[from] move: Fling\n|move|p2a: Armarouge|Heat Wave|p1a: Gholdengo|[spread] p1a\n|-miss|p2a: Armarouge|p1b: Milotic\n|-supereffective|p1a: Gholdengo\n|-damage|p1a: Gholdengo|0 fnt\n|faint|p1a: Gholdengo\n|move|p1b: Milotic|Coil|p1b: Milotic\n|-boost|p1b: Milotic|atk|1\n|-boost|p1b: Milotic|def|1\n|-boost|p1b: Milotic|accuracy|1\n|\n|-damage|p1b: Milotic|82\/100 brn|[from] brn\n|-end|p1b: Milotic|Encore\n|upkeep\n|\n|t:|1699317692\n|switch|p1a: Dragonite|Dragonite, F|100\/100\n|turn|5\n|\n|t:|1699317713\n|move|p2a: Armarouge|Protect|p2a: Armarouge\n|-singleturn|p2a: Armarouge|Protect\n|move|p1a: Dragonite|Aqua Jet|p2a: Armarouge\n|-activate|p2a: Armarouge|move: Protect\n|move|p2b: Iron Bundle|Encore|p1b: Milotic\n|-start|p1b: Milotic|Encore\n|move|p1b: Milotic|Coil|p1b: Milotic\n|-boost|p1b: Milotic|atk|1\n|-boost|p1b: Milotic|def|1\n|-boost|p1b: Milotic|accuracy|1\n|\n|-damage|p1b: Milotic|76\/100 brn|[from] brn\n|upkeep\n|turn|6\n|\n|t:|1699317729\n|-end|p2b: Iron Bundle|Quark Drive|[silent]\n|switch|p2b: Indeedee|Indeedee-F, F, shiny|100\/100\n|-damage|p2b: Indeedee|88\/100|[from] Stealth Rock\n|-fieldstart|move: Psychic Terrain|[from] ability: Psychic Surge|[of] p2b: Indeedee\n|move|p1a: Dragonite|Aqua Jet|p2a: Armarouge\n|-activate|p2a: Armarouge|move: Psychic Terrain\n|move|p2a: Armarouge|Expanding Force|p1b: Milotic|[spread] p1a,p1b\n|-damage|p1a: Dragonite|36\/100\n|-damage|p1b: Milotic|1\/100 brn\n|move|p1b: Milotic|Coil|p1b: Milotic\n|-boost|p1b: Milotic|atk|1\n|-boost|p1b: Milotic|def|1\n|-boost|p1b: Milotic|accuracy|1\n|\n|-damage|p1b: Milotic|0 fnt|[from] brn\n|faint|p1b: Milotic\n|upkeep\n|\n|t:|1699317737\n|switch|p1b: Kingambit|Kingambit, M|100\/100\n|turn|7\n|\n|t:|1699317754\n|move|p1a: Dragonite|Protect|p1a: Dragonite\n|-singleturn|p1a: Dragonite|Protect\n|move|p2a: Armarouge|Heat Wave|p1a: Dragonite|[spread] p1b\n|-activate|p1a: Dragonite|move: Protect\n|-supereffective|p1b: Kingambit\n|-damage|p1b: Kingambit|0 fnt\n|faint|p1b: Kingambit\n|move|p2b: Indeedee|Heal Pulse|p2a: Armarouge\n|-heal|p2a: Armarouge|58\/100\n|\n|upkeep\n|-message|flipplebop forfeited.\n|\n|win|ac1516\n|raw|flipplebop's rating: 1412 &rarr; <strong>1388<\/strong><br \/>(-24 for losing)\n|raw|ac1516's rating: 1341 &rarr; <strong>1365<\/strong><br \/>(+24 for winning)\n|l|\u2606flipplebop\n","uploadtime":1699317767,"views":16,"p1id":"flipplebop","p2id":"ac1516","formatid":"gen9doublesou","rating":1365,"private":0,"password":""}