{"id":"gen9doublesou-1972659558","p1":"MythAst","p2":"Nakopow","format":"[Gen 9] Doubles OU","log":"|j|\u2606MythAst\n|j|\u2606Nakopow\n|t:|1697872455\n|gametype|doubles\n|player|p1|MythAst|cyrus-masters|\n|player|p2|Nakopow|2|\n|teamsize|p1|6\n|teamsize|p2|6\n|gen|9\n|tier|[Gen 9] Doubles OU\n|rule|Species Clause: Limit one of each Pok\u00e9mon\n|rule|OHKO Clause: OHKO moves are banned\n|rule|Evasion Moves Clause: Evasion moves are banned\n|rule|Gravity Sleep Clause: The combination of sleep-inducing moves with imperfect accuracy and Gravity or Gigantamax Orbeetle are banned\n|rule|Endless Battle Clause: Forcing endless battles is banned\n|rule|HP Percentage Mod: HP is shown in percentages\n|clearpoke\n|poke|p1|Tornadus, M|\n|poke|p1|Iron Hands|\n|poke|p1|Rillaboom, F|\n|poke|p1|Flutter Mane|\n|poke|p1|Ogerpon-Hearthflame, F|\n|poke|p1|Heatran, F|\n|poke|p2|Rillaboom, F|\n|poke|p2|Ursaluna, F|\n|poke|p2|Cresselia, F|\n|poke|p2|Volcanion|\n|poke|p2|Flutter Mane|\n|poke|p2|Kleavor, F|\n|teampreview\n|inactive|Battle timer is ON: inactive players will automatically lose when time's up. (requested by MythAst)\n|\n|t:|1697872482\n|start\n|switch|p1a: Tornadus|Tornadus, M|100\/100\n|switch|p1b: Heatran|Heatran, F|100\/100\n|switch|p2a: Volcanion|Volcanion|100\/100\n|switch|p2b: Kleavor|Kleavor, F|100\/100\n|turn|1\n|inactive|Nakopow has 270 seconds left.\n|c|\u2606MythAst|I have given bait to arceus himself to give me luck\n|\n|t:|1697872523\n|move|p1a: Tornadus|Tailwind|p1a: Tornadus\n|-sidestart|p1: MythAst|move: Tailwind\n|move|p1b: Heatran|Earth Power|p2a: Volcanion\n|-supereffective|p2a: Volcanion\n|-damage|p2a: Volcanion|56\/100\n|move|p2b: Kleavor|Stone Axe|p1a: Tornadus\n|-supereffective|p1a: Tornadus\n|-damage|p1a: Tornadus|4\/100\n|-sidestart|p1: MythAst|move: Stealth Rock\n|move|p2a: Volcanion|Heat Wave|p1a: Tornadus|[spread] p1a\n|-start|p1b: Heatran|ability: Flash Fire\n|-damage|p1a: Tornadus|0 fnt\n|faint|p1a: Tornadus\n|\n|upkeep\n|c|\u2606MythAst|i hope i have received it\n|\n|t:|1697872541\n|switch|p1a: Rillaboom|Rillaboom, F|100\/100\n|-damage|p1a: Rillaboom|88\/100|[from] Stealth Rock\n|-fieldstart|move: Grassy Terrain|[from] ability: Grassy Surge|[of] p1a: Rillaboom\n|turn|2\n|c|\u2606MythAst|Crit crit crit\n|inactive|Nakopow has 270 seconds left.\n|\n|t:|1697872585\n|move|p1a: Rillaboom|Fake Out|p2b: Kleavor\n|-resisted|p2b: Kleavor\n|-damage|p2b: Kleavor|92\/100\n|move|p1b: Heatran|Earth Power|p2a: Volcanion\n|-supereffective|p2a: Volcanion\n|-damage|p2a: Volcanion|7\/100\n|cant|p2b: Kleavor|flinch\n|move|p2a: Volcanion|Earth Power|p1b: Heatran\n|-supereffective|p1b: Heatran\n|-damage|p1b: Heatran|17\/100\n|\n|-heal|p1b: Heatran|23\/100|[from] Grassy Terrain\n|-heal|p2b: Kleavor|98\/100|[from] Grassy Terrain\n|-heal|p1a: Rillaboom|94\/100|[from] Grassy Terrain\n|-heal|p2a: Volcanion|13\/100|[from] Grassy Terrain\n|upkeep\n|turn|3\n|inactive|Nakopow has 270 seconds left.\n|c|\u2606MythAst|!weakness kleavor\n|c| MythAst|\/raw <div class=\"infobox\">Kleavor (ignoring abilities):<br \/><span class=\"message-effect-weak\">Weaknesses<\/span>: Rock, Steel, Water<br \/><span class=\"message-effect-resist\">Resistances<\/span>: Normal, Poison<br \/><span class=\"message-effect-immune\">Immunities<\/span>: Sandstorm damage<\/div>\n|inactive|MythAst has 270 seconds left.\n|inactive|Nakopow has 240 seconds left.\n|\n|t:|1697872643\n|switch|p2b: Rillaboom|Rillaboom, F|100\/100\n|move|p1a: Rillaboom|Grassy Glide|p2a: Volcanion\n|-damage|p2a: Volcanion|0 fnt\n|faint|p2a: Volcanion\n|move|p1b: Heatran|Flash Cannon|p2b: Rillaboom\n|-damage|p2b: Rillaboom|69\/100\n|\n|-heal|p1b: Heatran|29\/100|[from] Grassy Terrain\n|-heal|p1a: Rillaboom|100\/100|[from] Grassy Terrain\n|-heal|p2b: Rillaboom|75\/100|[from] Grassy Terrain\n|upkeep\n|inactive|Nakopow has 210 seconds left.\n|c|\u2606Nakopow|ohh so you do have flash cannon\n|c|\u2606MythAst|Yeah i mean i wanted to use it last match\n|c|\u2606MythAst|but u crit my heatran and slayed\n|inactive|Nakopow has 180 seconds left.\n|\n|t:|1697872688\n|switch|p2a: Cresselia|Cresselia, F|100\/100\n|turn|4\n|\n|t:|1697872701\n|move|p2b: Rillaboom|Fake Out|p1b: Heatran\n|-resisted|p1b: Heatran\n|-damage|p1b: Heatran|22\/100\n|cant|p1b: Heatran|flinch\n|move|p1a: Rillaboom|U-turn|p2a: Cresselia\n|-supereffective|p2a: Cresselia\n|-damage|p2a: Cresselia|68\/100\n|\n|t:|1697872717\n|switch|p1a: Ogerpon|Ogerpon-Hearthflame, F|100\/100|[from] U-turn\n|-damage|p1a: Ogerpon|76\/100|[from] Stealth Rock\n|-ability|p1a: Ogerpon|Mold Breaker\n|move|p2a: Cresselia|Trick Room|p2a: Cresselia\n|-fieldstart|move: Trick Room|[of] p2a: Cresselia\n|\n|-heal|p2b: Rillaboom|81\/100|[from] Grassy Terrain\n|-heal|p1b: Heatran|28\/100|[from] Grassy Terrain\n|-heal|p1a: Ogerpon|82\/100|[from] Grassy Terrain\n|-sideend|p1: MythAst|move: Tailwind\n|upkeep\n|turn|5\n|inactive|Nakopow has 210 seconds left.\n|inactive|Nakopow has 180 seconds left.\n|\n|t:|1697872763\n|move|p2a: Cresselia|Psychic|p1a: Ogerpon\n|-damage|p1a: Ogerpon|53\/100\n|-unboost|p1a: Ogerpon|spd|1\n|move|p2b: Rillaboom|U-turn|p1a: Ogerpon\n|-crit|p1a: Ogerpon\n|-damage|p1a: Ogerpon|4\/100\n|inactive|Nakopow has 180 seconds left.\n|c|\u2606Nakopow|i am insanely lucky\n|c|\u2606MythAst|Oh my god\n|c|\u2606MythAst|wtf\n|c|\u2606MythAst|Bro this is rigged as f\n|\n|t:|1697872789\n|switch|p2b: Ursaluna|Ursaluna, F|100\/100|[from] U-turn\n|move|p1b: Heatran|Heat Wave|p2b: Ursaluna|[spread] p2a,p2b\n|-damage|p2a: Cresselia|38\/100\n|-damage|p2b: Ursaluna|51\/100\n|move|p1a: Ogerpon|Substitute|p1a: Ogerpon\n|-fail|p1a: Ogerpon|move: Substitute|[weak]\n|\n|-heal|p2b: Ursaluna|57\/100|[from] Grassy Terrain\n|-heal|p1b: Heatran|35\/100|[from] Grassy Terrain\n|-heal|p1a: Ogerpon|10\/100|[from] Grassy Terrain\n|-status|p2b: Ursaluna|brn|[from] item: Flame Orb\n|upkeep\n|turn|6\n|inactive|Nakopow has 180 seconds left.\n|\n|t:|1697872810\n|move|p1a: Ogerpon|Spiky Shield|p1a: Ogerpon\n|-singleturn|p1a: Ogerpon|move: Protect\n|move|p2b: Ursaluna|Headlong Rush|p1b: Heatran\n|-supereffective|p1b: Heatran\n|-damage|p1b: Heatran|0 fnt\n|-unboost|p2b: Ursaluna|def|1\n|-unboost|p2b: Ursaluna|spd|1\n|faint|p1b: Heatran\n|move|p2a: Cresselia|Psychic|p1a: Ogerpon\n|-activate|p1a: Ogerpon|move: Protect\n|\n|-heal|p2b: Ursaluna|64\/100 brn|[from] Grassy Terrain\n|-heal|p1a: Ogerpon|16\/100|[from] Grassy Terrain\n|-damage|p2b: Ursaluna|57\/100 brn|[from] brn\n|-fieldend|move: Grassy Terrain\n|upkeep\n|c|\u2606MythAst|Atleast i have g t\n|\n|t:|1697872818\n|switch|p1b: Rillaboom|Rillaboom, F|100\/100\n|-damage|p1b: Rillaboom|88\/100|[from] Stealth Rock\n|-fieldstart|move: Grassy Terrain|[from] ability: Grassy Surge|[of] p1b: Rillaboom\n|turn|7\n|c|\u2606Nakopow|g t?\n|\n|t:|1697872833\n|switch|p1a: Iron Hands|Iron Hands|100\/100\n|-damage|p1a: Iron Hands|94\/100|[from] Stealth Rock\n|move|p2b: Ursaluna|Protect|p2b: Ursaluna\n|-singleturn|p2b: Ursaluna|Protect\n|move|p1b: Rillaboom|Fake Out|p2b: Ursaluna\n|-activate|p2b: Ursaluna|move: Protect\n|move|p2a: Cresselia|Psychic|p1a: Iron Hands\n|-supereffective|p1a: Iron Hands\n|-damage|p1a: Iron Hands|60\/100\n|\n|-heal|p2b: Ursaluna|64\/100 brn|[from] Grassy Terrain\n|-heal|p1a: Iron Hands|66\/100|[from] Grassy Terrain\n|-heal|p1b: Rillaboom|94\/100|[from] Grassy Terrain\n|-damage|p2b: Ursaluna|57\/100 brn|[from] brn\n|upkeep\n|turn|8\n|\n|t:|1697872859\n|switch|p2b: Rillaboom|Rillaboom, F|81\/100\n|move|p1a: Iron Hands|Protect|p1a: Iron Hands\n|-singleturn|p1a: Iron Hands|Protect\n|move|p1b: Rillaboom|Grassy Glide|p2b: Rillaboom\n|-resisted|p2b: Rillaboom\n|-damage|p2b: Rillaboom|61\/100\n|move|p2a: Cresselia|Lunar Blessing|p2a: Cresselia|[spread] p2a,p2b\n|-heal|p2a: Cresselia|63\/100\n|-heal|p2b: Rillaboom|86\/100\n|\n|-heal|p1a: Iron Hands|72\/100|[from] Grassy Terrain\n|-heal|p1b: Rillaboom|100\/100|[from] Grassy Terrain\n|-heal|p2b: Rillaboom|93\/100|[from] Grassy Terrain\n|-fieldend|move: Trick Room\n|upkeep\n|turn|9\n|c|\u2606MythAst|Grassy terrain\n|\n|t:|1697872886\n|move|p1b: Rillaboom|Grassy Glide|p2a: Cresselia\n|-damage|p2a: Cresselia|39\/100\n|move|p2b: Rillaboom|Wood Hammer|p1a: Iron Hands\n|-damage|p1a: Iron Hands|10\/100\n|-enditem|p1a: Iron Hands|Sitrus Berry|[eat]\n|-heal|p1a: Iron Hands|35\/100|[from] item: Sitrus Berry\n|-damage|p2b: Rillaboom|69\/100|[from] Recoil\n|move|p1a: Iron Hands|Fire Punch|p2b: Rillaboom\n|-supereffective|p2b: Rillaboom\n|-damage|p2b: Rillaboom|23\/100\n|move|p2a: Cresselia|Psychic|p1a: Iron Hands\n|-supereffective|p1a: Iron Hands\n|-damage|p1a: Iron Hands|0 fnt\n|faint|p1a: Iron Hands\n|-end|p1a: Iron Hands|Quark Drive|[silent]\n|\n|-heal|p2b: Rillaboom|29\/100|[from] Grassy Terrain\n|upkeep\n|\n|t:|1697872900\n|switch|p1a: Flutter Mane|Flutter Mane|100\/100\n|-damage|p1a: Flutter Mane|88\/100|[from] Stealth Rock\n|turn|10\n|inactive|Nakopow has 210 seconds left.\n|inactive|Nakopow has 180 seconds left.\n|\n|t:|1697872949\n|-terastallize|p1a: Flutter Mane|Fairy\n|move|p2a: Cresselia|Ally Switch|p2a: Cresselia\n|swap|p2a: Cresselia|1|[from] move: Ally Switch\n|move|p2a: Rillaboom|Grassy Glide|p1a: Flutter Mane\n|-damage|p1a: Flutter Mane|21\/100\n|move|p1a: Flutter Mane|Dazzling Gleam|p2a: Rillaboom|[spread] p2a,p2b\n|-damage|p2a: Rillaboom|0 fnt\n|-damage|p2b: Cresselia|4\/100\n|faint|p2a: Rillaboom\n|move|p1b: Rillaboom|U-turn|p2b: Cresselia\n|-supereffective|p2b: Cresselia\n|-damage|p2b: Cresselia|0 fnt\n|faint|p2b: Cresselia\n|\n|t:|1697872961\n|switch|p1b: Ogerpon|Ogerpon-Hearthflame, F|16\/100|[from] U-turn\n|-damage|p1b: Ogerpon|0 fnt|[from] Stealth Rock\n|faint|p1b: Ogerpon\n|\n|-heal|p1a: Flutter Mane|27\/100|[from] Grassy Terrain\n|upkeep\n|c|\u2606Nakopow|oop that didnt work out well\n|c|\u2606MythAst|Anyway it was gona die\n|\n|t:|1697872973\n|switch|p1b: Rillaboom|Rillaboom, F|100\/100\n|switch|p2a: Kleavor|Kleavor, F|98\/100\n|switch|p2b: Flutter Mane|Flutter Mane|100\/100\n|-damage|p1b: Rillaboom|88\/100|[from] Stealth Rock\n|turn|11\n|inactive|Nakopow has 210 seconds left.\n|\n|t:|1697872983\n|move|p1b: Rillaboom|Grassy Glide|p2b: Flutter Mane\n|-damage|p2b: Flutter Mane|43\/100\n|move|p2a: Kleavor|X-Scissor|p1b: Rillaboom\n|-supereffective|p1b: Rillaboom\n|-damage|p1b: Rillaboom|0 fnt\n|faint|p1b: Rillaboom\n|move|p1a: Flutter Mane|Dazzling Gleam|p2a: Kleavor|[spread] p2a,p2b\n|-damage|p2a: Kleavor|5\/100\n|-damage|p2b: Flutter Mane|0 fnt\n|faint|p2b: Flutter Mane\n|-end|p2b: Flutter Mane|Protosynthesis|[silent]\n|\n|-heal|p2a: Kleavor|11\/100|[from] Grassy Terrain\n|-heal|p1a: Flutter Mane|33\/100|[from] Grassy Terrain\n|-fieldend|move: Grassy Terrain\n|upkeep\n|inactive|Nakopow has 210 seconds left.\n|\n|t:|1697872991\n|switch|p2b: Ursaluna|Ursaluna, F|57\/100 brn\n|turn|12\n|\n|t:|1697872997\n|move|p2a: Kleavor|X-Scissor|p1a: Flutter Mane\n|-resisted|p1a: Flutter Mane\n|-damage|p1a: Flutter Mane|0 fnt\n|faint|p1a: Flutter Mane\n|-end|p1a: Flutter Mane|Protosynthesis|[silent]\n|\n|win|Nakopow\n|c|\u2606Nakopow|gg\n|c|\u2606MythAst|Eh gg\n","uploadtime":1697873003,"views":18,"p1id":"mythast","p2id":"nakopow","formatid":"gen9doublesou","rating":0,"private":0,"password":""}