{"id":"gen9doublesou-1982729871","p1":"Chikenrun67","p2":"Ravvenn98","format":"[Gen 9] Doubles OU","log":"|j|\u2606Chikenrun67\n|j|\u2606Ravvenn98\n|t:|1699039535\n|gametype|doubles\n|player|p1|Chikenrun67|102|1332\n|player|p2|Ravvenn98|steven|1376\n|teamsize|p1|6\n|teamsize|p2|6\n|gen|9\n|tier|[Gen 9] Doubles OU\n|rated|\n|rule|Species Clause: Limit one of each Pok\u00e9mon\n|rule|OHKO Clause: OHKO moves are banned\n|rule|Evasion Moves Clause: Evasion moves are banned\n|rule|Gravity Sleep Clause: The combination of sleep-inducing moves with imperfect accuracy and Gravity or Gigantamax Orbeetle are banned\n|rule|Endless Battle Clause: Forcing endless battles is banned\n|rule|HP Percentage Mod: HP is shown in percentages\n|clearpoke\n|poke|p1|Kommo-o, F|\n|poke|p1|Flamigo, M|\n|poke|p1|Sinistcha-Masterpiece|\n|poke|p1|Clefairy, M|\n|poke|p1|Indeedee-F, F|\n|poke|p1|Dragonite, F|\n|poke|p2|Maushold|\n|poke|p2|Quagsire, M|\n|poke|p2|Dipplin, M|\n|poke|p2|Tornadus, M|\n|poke|p2|Chien-Pao|\n|poke|p2|Volcanion|\n|teampreview\n|inactive|Battle timer is ON: inactive players will automatically lose when time's up. (requested by Chikenrun67)\n|\n|t:|1699039542\n|start\n|switch|p1a: Kommo-o|Kommo-o, F|100\/100\n|switch|p1b: Clefairy|Clefairy, M|100\/100\n|switch|p2a: Quagsire|Quagsire, M|100\/100\n|switch|p2b: Tornadus|Tornadus, M|100\/100\n|turn|1\n|\n|t:|1699039556\n|move|p2b: Tornadus|Swagger|p2a: Quagsire\n|-boost|p2a: Quagsire|atk|2\n|-start|p2a: Quagsire|confusion\n|-enditem|p2a: Quagsire|Lum Berry|[eat]\n|-end|p2a: Quagsire|confusion\n|move|p1a: Kommo-o|Clangorous Soul|p1a: Kommo-o\n|-boost|p1a: Kommo-o|atk|1\n|-boost|p1a: Kommo-o|def|1\n|-boost|p1a: Kommo-o|spa|1\n|-boost|p1a: Kommo-o|spd|1\n|-boost|p1a: Kommo-o|spe|1\n|-damage|p1a: Kommo-o|68\/100\n|move|p1b: Clefairy|Thunder Wave|p2b: Tornadus\n|-status|p2b: Tornadus|par\n|move|p2a: Quagsire|Ice Punch|p1a: Kommo-o\n|-supereffective|p1a: Kommo-o\n|-damage|p1a: Kommo-o|9\/100\n|\n|upkeep\n|turn|2\n|\n|t:|1699039581\n|-terastallize|p1a: Kommo-o|Poison\n|move|p1b: Clefairy|Follow Me|p1b: Clefairy\n|-singleturn|p1b: Clefairy|move: Follow Me\n|move|p1a: Kommo-o|Drain Punch|p2a: Quagsire\n|-damage|p2a: Quagsire|63\/100\n|-heal|p1a: Kommo-o|35\/100|[from] drain|[of] p2a: Quagsire\n|move|p2b: Tornadus|Bleakwind Storm|p1a: Kommo-o|[spread] p1a,p1b\n|-damage|p1a: Kommo-o|16\/100\n|-damage|p1b: Clefairy|80\/100\n|move|p2a: Quagsire|Earthquake|p1b: Clefairy|[spread] p1a,p1b\n|-immune|p2b: Tornadus\n|-supereffective|p1a: Kommo-o\n|-damage|p1a: Kommo-o|0 fnt\n|-damage|p1b: Clefairy|9\/100\n|faint|p1a: Kommo-o\n|\n|upkeep\n|inactive|Chikenrun67 has 120 seconds left.\n|\n|t:|1699039604\n|switch|p1a: Dragonite|Dragonite, F|100\/100\n|turn|3\n|\n|t:|1699039612\n|move|p1a: Dragonite|Dragon Dance|p1a: Dragonite\n|-boost|p1a: Dragonite|atk|1\n|-boost|p1a: Dragonite|spe|1\n|move|p2b: Tornadus|Bleakwind Storm|p1a: Dragonite|[spread] p1b\n|-miss|p2b: Tornadus|p1a: Dragonite\n|-damage|p1b: Clefairy|0 fnt\n|faint|p1b: Clefairy\n|move|p2a: Quagsire|Ice Punch|p1a: Dragonite\n|-supereffective|p1a: Dragonite\n|-damage|p1a: Dragonite|13\/100\n|-enditem|p1a: Dragonite|Weakness Policy\n|-boost|p1a: Dragonite|atk|2|[from] item: Weakness Policy\n|-boost|p1a: Dragonite|spa|2|[from] item: Weakness Policy\n|\n|upkeep\n|\n|t:|1699039626\n|switch|p1b: Flamigo|Flamigo, M|100\/100\n|-copyboost|p1b: Flamigo|p1a: Dragonite|[from] ability: Costar\n|turn|4\n|\n|t:|1699039633\n|move|p1b: Flamigo|Close Combat|p2a: Quagsire\n|-damage|p2a: Quagsire|7\/100\n|-unboost|p1b: Flamigo|def|1\n|-unboost|p1b: Flamigo|spd|1\n|move|p1a: Dragonite|Ice Spinner|p2b: Tornadus\n|-supereffective|p2b: Tornadus\n|-damage|p2b: Tornadus|0 fnt\n|faint|p2b: Tornadus\n|move|p2a: Quagsire|Ice Punch|p1b: Flamigo\n|-supereffective|p1b: Flamigo\n|-enditem|p1b: Flamigo|Focus Sash\n|-damage|p1b: Flamigo|1\/100\n|\n|upkeep\n|\n|t:|1699039642\n|switch|p2b: Chien-Pao|Chien-Pao|100\/100\n|-ability|p2b: Chien-Pao|Sword of Ruin\n|turn|5\n|\n|t:|1699039653\n|move|p1b: Flamigo|Detect|p1b: Flamigo\n|-singleturn|p1b: Flamigo|Protect\n|move|p1a: Dragonite|Extreme Speed|p2b: Chien-Pao\n|-enditem|p2b: Chien-Pao|Focus Sash\n|-damage|p2b: Chien-Pao|1\/100\n|move|p2b: Chien-Pao|Sucker Punch||[still]\n|-fail|p2b: Chien-Pao\n|move|p2a: Quagsire|Drain Punch|p1b: Flamigo\n|-activate|p1b: Flamigo|move: Protect\n|\n|upkeep\n|turn|6\n|\n|t:|1699039670\n|move|p1a: Dragonite|Extreme Speed|p2b: Chien-Pao\n|-damage|p2b: Chien-Pao|0 fnt\n|faint|p2b: Chien-Pao\n|move|p1b: Flamigo|Throat Chop|p2a: Quagsire\n|-damage|p2a: Quagsire|0 fnt\n|faint|p2a: Quagsire\n|\n|upkeep\n|\n|t:|1699039674\n|switch|p2b: Dipplin|Dipplin, M, shiny|100\/100\n|switch|p2a: Maushold|Maushold|100\/100\n|-ability|p2b: Dipplin|Supersweet Syrup\n|-ability|p2b: Dipplin|Supersweet Syrup|boost\n|-unboost|p1a: Dragonite|evasion|1\n|-unboost|p1b: Flamigo|evasion|1\n|turn|7\n|\n|t:|1699039689\n|-terastallize|p2a: Maushold|Ghost\n|move|p2b: Dipplin|Protect|p2b: Dipplin\n|-singleturn|p2b: Dipplin|Protect\n|move|p1b: Flamigo|Close Combat|p2a: Maushold\n|-immune|p2a: Maushold\n|move|p1a: Dragonite|Ice Spinner|p2b: Dipplin\n|-activate|p2b: Dipplin|move: Protect\n|move|p2a: Maushold|Switcheroo|p1b: Flamigo\n|-activate|p2a: Maushold|move: Trick|[of] p1b: Flamigo\n|-item|p1b: Flamigo|Lagging Tail|[from] move: Switcheroo\n|-enditem|p2a: Maushold|Lagging Tail|[silent]|[from] move: Switcheroo\n|\n|upkeep\n|turn|8\n|\n|t:|1699039709\n|move|p1b: Flamigo|Detect|p1b: Flamigo\n|-singleturn|p1b: Flamigo|Protect\n|move|p1a: Dragonite|Ice Spinner|p2b: Dipplin\n|-supereffective|p2b: Dipplin\n|-damage|p2b: Dipplin|0 fnt\n|faint|p2b: Dipplin\n|move|p2a: Maushold|Chilling Water|p1b: Flamigo\n|-activate|p1b: Flamigo|move: Protect\n|\n|upkeep\n|\n|t:|1699039714\n|switch|p2b: Volcanion|Volcanion|100\/100\n|turn|9\n|\n|t:|1699039728\n|move|p1a: Dragonite|Extreme Speed|p2a: Maushold\n|-immune|p2a: Maushold\n|move|p2a: Maushold|Chilling Water|p1b: Flamigo\n|-damage|p1b: Flamigo|0 fnt\n|faint|p1b: Flamigo\n|move|p2b: Volcanion|Weather Ball|p1a: Dragonite\n|-damage|p1a: Dragonite|0 fnt\n|faint|p1a: Dragonite\n|\n|upkeep\n|\n|t:|1699039742\n|switch|p1b: Sinistcha|Sinistcha-Masterpiece|100\/100\n|switch|p1a: Indeedee|Indeedee-F, F|100\/100\n|-fieldstart|move: Psychic Terrain|[from] ability: Psychic Surge|[of] p1a: Indeedee\n|turn|10\n|\n|t:|1699039756\n|move|p2a: Maushold|Switcheroo|p1b: Sinistcha\n|-activate|p2a: Maushold|move: Trick|[of] p1b: Sinistcha\n|-enditem|p1b: Sinistcha|Sitrus Berry|[silent]|[from] move: Switcheroo\n|-item|p2a: Maushold|Sitrus Berry|[from] move: Switcheroo\n|move|p1a: Indeedee|Psyshock|p2a: Maushold\n|-damage|p2a: Maushold|49\/100\n|-enditem|p2a: Maushold|Sitrus Berry|[eat]\n|-heal|p2a: Maushold|74\/100|[from] item: Sitrus Berry\n|move|p1b: Sinistcha|Matcha Gotcha|p2b: Volcanion|[spread] p2a,p2b\n|-damage|p2a: Maushold|46\/100\n|-damage|p2b: Volcanion|89\/100\n|-status|p2a: Maushold|brn\n|move|p2b: Volcanion|Fire Blast|p1b: Sinistcha|[miss]\n|-miss|p2b: Volcanion|p1b: Sinistcha\n|\n|-damage|p2a: Maushold|40\/100 brn|[from] brn\n|upkeep\n|turn|11\n|\n|t:|1699039782\n|move|p2a: Maushold|Switcheroo|p1a: Indeedee\n|-activate|p2a: Maushold|move: Trick|[of] p1a: Indeedee\n|-enditem|p1a: Indeedee|Leftovers|[silent]|[from] move: Switcheroo\n|-item|p2a: Maushold|Leftovers|[from] move: Switcheroo\n|move|p1a: Indeedee|Psyshock|p2b: Volcanion\n|-damage|p2b: Volcanion|63\/100\n|move|p1b: Sinistcha|Matcha Gotcha|p2a: Maushold|[spread] \n|-miss|p1b: Sinistcha|p2a: Maushold\n|-miss|p1b: Sinistcha|p2b: Volcanion\n|move|p2b: Volcanion|Fire Blast|p1b: Sinistcha\n|-supereffective|p1b: Sinistcha\n|-damage|p1b: Sinistcha|0 fnt\n|faint|p1b: Sinistcha\n|\n|-heal|p2a: Maushold|46\/100 brn|[from] item: Leftovers\n|-damage|p2a: Maushold|40\/100 brn|[from] brn\n|upkeep\n|turn|12\n|\n|t:|1699039806\n|move|p2a: Maushold|Chilling Water|p1a: Indeedee\n|-damage|p1a: Indeedee|90\/100\n|-unboost|p1a: Indeedee|atk|1\n|move|p1a: Indeedee|Psyshock|p2b: Volcanion\n|-damage|p2b: Volcanion|37\/100\n|move|p2b: Volcanion|Steam Eruption|p1a: Indeedee\n|-damage|p1a: Indeedee|17\/100\n|\n|-heal|p2a: Maushold|46\/100 brn|[from] item: Leftovers\n|-damage|p2a: Maushold|40\/100 brn|[from] brn\n|upkeep\n|turn|13\n|\n|t:|1699039824\n|move|p2a: Maushold|Chilling Water|p1a: Indeedee\n|-damage|p1a: Indeedee|6\/100\n|-unboost|p1a: Indeedee|atk|1\n|move|p1a: Indeedee|Psyshock|p2b: Volcanion\n|-damage|p2b: Volcanion|11\/100\n|move|p2b: Volcanion|Weather Ball|p1a: Indeedee\n|-damage|p1a: Indeedee|0 fnt\n|faint|p1a: Indeedee\n|\n|win|Ravvenn98\n|raw|Chikenrun67's rating: 1332 &rarr; <strong>1315<\/strong><br \/>(-17 for losing)\n|raw|Ravvenn98's rating: 1376 &rarr; <strong>1393<\/strong><br \/>(+17 for winning)\n","uploadtime":1699039838,"views":21,"p1id":"chikenrun67","p2id":"ravvenn98","formatid":"gen9doublesou","rating":1315,"private":0,"password":""}