{"id":"gen9doublesou-1971013897","p1":"DoggoGGO","p2":"jjshxn","format":"[Gen 9] Doubles OU","log":"|j|\u2606DoggoGGO\n|j|\u2606jjshxn\n|t:|1697692638\n|gametype|doubles\n|player|p1|DoggoGGO|169|1106\n|player|p2|jjshxn|hugh|1085\n|teamsize|p1|6\n|teamsize|p2|6\n|gen|9\n|tier|[Gen 9] Doubles OU\n|rated|\n|rule|Species Clause: Limit one of each Pok\u00e9mon\n|rule|OHKO Clause: OHKO moves are banned\n|rule|Evasion Moves Clause: Evasion moves are banned\n|rule|Gravity Sleep Clause: The combination of sleep-inducing moves with imperfect accuracy and Gravity or Gigantamax Orbeetle are banned\n|rule|Endless Battle Clause: Forcing endless battles is banned\n|rule|HP Percentage Mod: HP is shown in percentages\n|clearpoke\n|poke|p1|Mew|\n|poke|p1|Empoleon, M|\n|poke|p1|Shaymin-Sky|\n|poke|p1|Dudunsparce-*, M|\n|poke|p1|Basculegion, M|\n|poke|p1|Politoed, M|\n|poke|p2|Amoonguss, M|\n|poke|p2|Meowscarada, F|\n|poke|p2|Palafin, M|\n|poke|p2|Kingambit, F|\n|poke|p2|Politoed, M|\n|poke|p2|Landorus-Therian, M|\n|teampreview\n|\n|t:|1697692645\n|start\n|switch|p1a: Boy(not)|Mew|100\/100\n|switch|p1b: Peng|Empoleon, M|100\/100\n|switch|p2a: Landorus|Landorus-Therian, M, shiny|100\/100\n|switch|p2b: Amoonguss|Amoonguss, M, shiny|100\/100\n|-ability|p2a: Landorus|Intimidate|boost\n|-unboost|p1a: Boy(not)|atk|1\n|-unboost|p1b: Peng|atk|1\n|turn|1\n|\n|t:|1697692664\n|move|p1a: Boy(not)|Fire Pledge|p2a: Landorus\n|-waiting|p1a: Boy(not)|p1b: Peng\n|move|p1b: Peng|Water Pledge|p2a: Landorus|[from]move: Fire Pledge\n|-combine\n|-supereffective|p2a: Landorus\n|-enditem|p2a: Landorus|Focus Sash\n|-damage|p2a: Landorus|1\/100\n|-sidestart|p1: DoggoGGO|Water Pledge\n|move|p2a: Landorus|Sandsear Storm|p1a: Boy(not)|[spread] p1b\n|-miss|p2a: Landorus|p1a: Boy(not)\n|-supereffective|p1b: Peng\n|-damage|p1b: Peng|55\/100\n|-status|p1b: Peng|brn\n|move|p2b: Amoonguss|Energy Ball|p1b: Peng\n|-damage|p1b: Peng|31\/100 brn\n|\n|-damage|p1b: Peng|25\/100 brn|[from] brn\n|upkeep\n|-enditem|p1b: Peng|Aguav Berry|[eat]\n|-heal|p1b: Peng|58\/100 brn|[from] item: Aguav Berry\n|turn|2\n|\n|t:|1697692715\n|switch|p1b: Goblin|Shaymin-Sky|100\/100\n|move|p2b: Amoonguss|Protect|p2b: Amoonguss\n|-singleturn|p2b: Amoonguss|Protect\n|move|p1a: Boy(not)|Flip Turn|p2a: Landorus\n|-supereffective|p2a: Landorus\n|-crit|p2a: Landorus\n|-damage|p2a: Landorus|0 fnt\n|faint|p2a: Landorus\n|inactive|Battle timer is ON: inactive players will automatically lose when time's up. (requested by jjshxn)\n|\n|t:|1697692727\n|switch|p1a: Monstrous Being|Dudunsparce, M|100\/100|[from] Flip Turn\n|\n|upkeep\n|\n|t:|1697692733\n|switch|p2a: Kingambit|Kingambit, F|100\/100\n|turn|3\n|\n|t:|1697692742\n|move|p1b: Goblin|Air Slash|p2a: Kingambit\n|-resisted|p2a: Kingambit\n|-damage|p2a: Kingambit|83\/100\n|cant|p2a: Kingambit|flinch\n|move|p1a: Monstrous Being|Ancient Power|p2a: Kingambit\n|-resisted|p2a: Kingambit\n|-damage|p2a: Kingambit|76\/100\n|move|p2b: Amoonguss|Sludge Bomb|p1b: Goblin\n|-supereffective|p1b: Goblin\n|-damage|p1b: Goblin|38\/100\n|-status|p1b: Goblin|psn\n|\n|-heal|p2a: Kingambit|82\/100|[from] item: Leftovers\n|-damage|p1b: Goblin|25\/100 psn|[from] psn\n|upkeep\n|turn|4\n|\n|t:|1697692761\n|move|p1b: Goblin|Air Slash|p2a: Kingambit\n|-resisted|p2a: Kingambit\n|-damage|p2a: Kingambit|65\/100\n|cant|p2a: Kingambit|flinch\n|move|p1a: Monstrous Being|Ancient Power|p2b: Amoonguss\n|-damage|p2b: Amoonguss|91\/100\n|move|p2b: Amoonguss|Spore|p1a: Monstrous Being\n|-status|p1a: Monstrous Being|slp|[from] move: Spore\n|\n|-heal|p2a: Kingambit|71\/100|[from] item: Leftovers\n|-heal|p2b: Amoonguss|97\/100|[from] item: Black Sludge\n|-damage|p1b: Goblin|13\/100 psn|[from] psn\n|-sideend|p1: DoggoGGO|Water Pledge\n|upkeep\n|turn|5\n|inactive|DoggoGGO has 120 seconds left.\n|\n|t:|1697692791\n|move|p1b: Goblin|Air Slash|p2a: Kingambit\n|-resisted|p2a: Kingambit\n|-damage|p2a: Kingambit|53\/100\n|move|p2a: Kingambit|Low Kick|p1a: Monstrous Being\n|-supereffective|p1a: Monstrous Being\n|-damage|p1a: Monstrous Being|72\/100 slp\n|cant|p1a: Monstrous Being|slp\n|move|p2b: Amoonguss|Energy Ball|p1a: Monstrous Being\n|-damage|p1a: Monstrous Being|56\/100 slp\n|\n|-heal|p2a: Kingambit|59\/100|[from] item: Leftovers\n|-heal|p2b: Amoonguss|100\/100|[from] item: Black Sludge\n|-damage|p1b: Goblin|0 fnt|[from] psn\n|faint|p1b: Goblin\n|upkeep\n|inactive|DoggoGGO has 120 seconds left.\n|\n|t:|1697692810\n|switch|p1b: Boy(not)|Mew|100\/100\n|turn|6\n|inactive|DoggoGGO has 120 seconds left.\n|\n|t:|1697692830\n|switch|p2a: Meowscarada|Meowscarada, F, shiny|100\/100\n|move|p1b: Boy(not)|Substitute|p1b: Boy(not)\n|-start|p1b: Boy(not)|Substitute\n|-damage|p1b: Boy(not)|76\/100\n|cant|p1a: Monstrous Being|slp\n|move|p2b: Amoonguss|Sludge Bomb|p1b: Boy(not)\n|-end|p1b: Boy(not)|Substitute\n|\n|upkeep\n|turn|7\n|\n|t:|1697692848\n|-terastallize|p1a: Monstrous Being|Normal\n|move|p2a: Meowscarada|Knock Off|p1b: Boy(not)\n|-supereffective|p1b: Boy(not)\n|-damage|p1b: Boy(not)|1\/100\n|-enditem|p1b: Boy(not)|Focus Sash|[from] move: Knock Off|[of] p2a: Meowscarada\n|move|p1b: Boy(not)|Substitute|p1b: Boy(not)\n|-fail|p1b: Boy(not)|move: Substitute|[weak]\n|cant|p1a: Monstrous Being|slp\n|move|p2b: Amoonguss|Spore|p1a: Monstrous Being\n|-fail|p1a: Monstrous Being|slp\n|\n|upkeep\n|turn|8\n|\n|t:|1697692868\n|move|p2a: Meowscarada|Knock Off|p1b: Boy(not)\n|-supereffective|p1b: Boy(not)\n|-damage|p1b: Boy(not)|0 fnt\n|faint|p1b: Boy(not)\n|-curestatus|p1a: Monstrous Being|slp|[msg]\n|move|p1a: Monstrous Being|Boomburst|p2a: Meowscarada|[spread] p2a,p2b\n|-damage|p2a: Meowscarada|38\/100\n|-damage|p2b: Amoonguss|66\/100\n|move|p2b: Amoonguss|Spore|p1a: Monstrous Being\n|-status|p1a: Monstrous Being|slp|[from] move: Spore\n|\n|-heal|p2b: Amoonguss|73\/100|[from] item: Black Sludge\n|upkeep\n|\n|t:|1697692883\n|switch|p1b: Peng|Empoleon, M|58\/100 brn\n|turn|9\n|\n|t:|1697692896\n|switch|p2a: Palafin|Palafin, M|100\/100\n|move|p1b: Peng|Ice Beam|p2a: Palafin\n|-resisted|p2a: Palafin\n|-damage|p2a: Palafin|80\/100\n|cant|p1a: Monstrous Being|slp\n|move|p2b: Amoonguss|Energy Ball|p1b: Peng\n|-damage|p1b: Peng|32\/100 brn\n|\n|-heal|p2b: Amoonguss|79\/100|[from] item: Black Sludge\n|-damage|p1b: Peng|25\/100 brn|[from] brn\n|upkeep\n|turn|10\n|inactive|jjshxn has 120 seconds left.\n|\n|t:|1697692936\n|move|p2a: Palafin|Close Combat|p1a: Monstrous Being\n|-supereffective|p1a: Monstrous Being\n|-damage|p1a: Monstrous Being|30\/100 slp\n|-unboost|p2a: Palafin|def|1\n|-unboost|p2a: Palafin|spd|1\n|move|p1b: Peng|Flash Cannon|p2a: Palafin\n|-resisted|p2a: Palafin\n|-damage|p2a: Palafin|44\/100\n|cant|p1a: Monstrous Being|slp\n|move|p2b: Amoonguss|Energy Ball|p1b: Peng\n|-damage|p1b: Peng|2\/100 brn\n|\n|-heal|p2b: Amoonguss|85\/100|[from] item: Black Sludge\n|-damage|p1b: Peng|0 fnt|[from] brn\n|faint|p1b: Peng\n|upkeep\n|inactive|DoggoGGO has 120 seconds left.\n|\n|t:|1697692954\n|switch|p1b: Him.|Politoed, M|100\/100\n|-weather|RainDance|[from] ability: Drizzle|[of] p1b: Him.\n|turn|11\n|\n|t:|1697692973\n|move|p2a: Palafin|Close Combat|p1a: Monstrous Being\n|-supereffective|p1a: Monstrous Being\n|-damage|p1a: Monstrous Being|3\/100 slp\n|-unboost|p2a: Palafin|def|1\n|-unboost|p2a: Palafin|spd|1\n|move|p1b: Him.|Double-Edge|p2a: Palafin\n|-damage|p2a: Palafin|0 fnt\n|faint|p2a: Palafin\n|-damage|p1b: Him.|86\/100|[from] Recoil\n|cant|p1a: Monstrous Being|slp\n|move|p2b: Amoonguss|Energy Ball|p1b: Him.\n|-supereffective|p1b: Him.\n|-damage|p1b: Him.|42\/100\n|\n|-weather|RainDance|[upkeep]\n|-heal|p2b: Amoonguss|91\/100|[from] item: Black Sludge\n|upkeep\n|inactive|jjshxn has 120 seconds left.\n|\n|t:|1697692991\n|switch|p2a: Politoed|Politoed, M, shiny|100\/100\n|turn|12\n|\n|t:|1697693002\n|move|p2a: Politoed|Muddy Water|p1a: Monstrous Being|[spread] p1a,p1b\n|-resisted|p1b: Him.\n|-damage|p1a: Monstrous Being|0 fnt\n|-damage|p1b: Him.|28\/100\n|faint|p1a: Monstrous Being\n|move|p1b: Him.|Double-Edge|p2b: Amoonguss\n|-damage|p2b: Amoonguss|54\/100\n|-status|p1b: Him.|par|[from] ability: Effect Spore|[of] p2b: Amoonguss\n|-damage|p1b: Him.|16\/100 par|[from] Recoil\n|move|p2b: Amoonguss|Spore||[still]\n|-fail|p2b: Amoonguss\n|\n|-weather|RainDance|[upkeep]\n|-heal|p2b: Amoonguss|60\/100|[from] item: Black Sludge\n|upkeep\n|\n|t:|1697693016\n|switch|p1a: Plan B(asc)|Basculegion, M|100\/100\n|turn|13\n|\n|t:|1697693026\n|move|p1a: Plan B(asc)|Last Respects|p2b: Amoonguss\n|-damage|p2b: Amoonguss|0 fnt\n|faint|p2b: Amoonguss\n|move|p2a: Politoed|Muddy Water|p1b: Him.|[spread] p1a,p1b\n|-resisted|p1a: Plan B(asc)\n|-resisted|p1b: Him.\n|-damage|p1a: Plan B(asc)|84\/100\n|-damage|p1b: Him.|3\/100 par\n|move|p1b: Him.|Double-Edge|p2a: Politoed\n|-damage|p2a: Politoed|51\/100\n|-damage|p1b: Him.|0 fnt|[from] Recoil\n|faint|p1b: Him.\n|\n|-weather|RainDance|[upkeep]\n|upkeep\n|\n|t:|1697693041\n|switch|p2b: Meowscarada|Meowscarada, F, shiny|38\/100\n|turn|14\n|\n|t:|1697693053\n|move|p2a: Politoed|Protect|p2a: Politoed\n|-singleturn|p2a: Politoed|Protect\n|move|p1a: Plan B(asc)|Last Respects|p2b: Meowscarada\n|-resisted|p2b: Meowscarada\n|-damage|p2b: Meowscarada|0 fnt\n|faint|p2b: Meowscarada\n|\n|-weather|RainDance|[upkeep]\n|upkeep\n|\n|t:|1697693063\n|switch|p2b: Kingambit|Kingambit, F|59\/100\n|turn|15\n|\n|t:|1697693075\n|-terastallize|p2a: Politoed|Fairy\n|move|p2b: Kingambit|Protect|p2b: Kingambit\n|-singleturn|p2b: Kingambit|Protect\n|move|p1a: Plan B(asc)|Last Respects|p2b: Kingambit\n|-activate|p2b: Kingambit|move: Protect\n|move|p2a: Politoed|Tera Blast|p1a: Plan B(asc)|[anim] Tera Blast Fairy\n|-damage|p1a: Plan B(asc)|58\/100\n|\n|-weather|none\n|-heal|p2b: Kingambit|65\/100|[from] item: Leftovers\n|upkeep\n|turn|16\n|\n|t:|1697693091\n|move|p2a: Politoed|Protect|p2a: Politoed\n|-singleturn|p2a: Politoed|Protect\n|move|p1a: Plan B(asc)|Last Respects|p2b: Kingambit\n|-resisted|p2b: Kingambit\n|-damage|p2b: Kingambit|0 fnt\n|faint|p2b: Kingambit\n|\n|upkeep\n|turn|17\n|\n|t:|1697693102\n|move|p1a: Plan B(asc)|Last Respects|p2a: Politoed\n|-damage|p2a: Politoed|0 fnt\n|faint|p2a: Politoed\n|\n|win|DoggoGGO\n|raw|DoggoGGO's rating: 1106 &rarr; <strong>1129<\/strong><br \/>(+23 for winning)\n|raw|jjshxn's rating: 1085 &rarr; <strong>1064<\/strong><br \/>(-21 for losing)\n|l|\u2606jjshxn\n","uploadtime":1697693109,"views":18,"p1id":"doggoggo","p2id":"jjshxn","formatid":"gen9doublesou","rating":1064,"private":0,"password":""}