{"id":"gen9doublesou-1995888818","p1":"notausername69","p2":"AerBlaziken","format":"[Gen 9] Doubles OU","log":"|j|\u2606notausername69\n|j|\u2606AerBlaziken\n|t:|1700613911\n|gametype|doubles\n|player|p1|notausername69|hugh|1207\n|player|p2|AerBlaziken|hexmaniac-gen6|1239\n|teamsize|p1|6\n|teamsize|p2|6\n|gen|9\n|tier|[Gen 9] Doubles OU\n|rated|\n|rule|Species Clause: Limit one of each Pok\u00e9mon\n|rule|OHKO Clause: OHKO moves are banned\n|rule|Evasion Moves Clause: Evasion moves are banned\n|rule|Gravity Sleep Clause: The combination of sleep-inducing moves with imperfect accuracy and Gravity or Gigantamax Orbeetle are banned\n|rule|Endless Battle Clause: Forcing endless battles is banned\n|rule|HP Percentage Mod: HP is shown in percentages\n|clearpoke\n|poke|p1|Tinkaton, F|\n|poke|p1|Baxcalibur, F|\n|poke|p1|Rillaboom, M|\n|poke|p1|Gyarados, M|\n|poke|p1|Torkoal, M|\n|poke|p1|Great Tusk|\n|poke|p2|Bronzong|\n|poke|p2|Coalossal, M|\n|poke|p2|Goodra, F|\n|poke|p2|Weavile, M|\n|poke|p2|Chandelure, F|\n|poke|p2|Mamoswine, F|\n|teampreview\n|\n|t:|1700613930\n|start\n|switch|p1a: Kirby|Tinkaton, F|100\/100\n|switch|p1b: Raphael|Torkoal, M|100\/100\n|switch|p2a: Kyodai Koopa|Coalossal, M|100\/100\n|switch|p2b: Kaida|Goodra, F|100\/100\n|-weather|SunnyDay|[from] ability: Drought|[of] p1b: Raphael\n|turn|1\n|inactive|Battle timer is ON: inactive players will automatically lose when time's up. (requested by notausername69)\n|\n|t:|1700613959\n|move|p1a: Kirby|Fake Out|p2a: Kyodai Koopa\n|-resisted|p2a: Kyodai Koopa\n|-damage|p2a: Kyodai Koopa|97\/100\n|move|p2b: Kaida|Draco Meteor|p1b: Raphael|[miss]\n|-miss|p2b: Kaida|p1b: Raphael\n|cant|p2a: Kyodai Koopa|flinch\n|move|p1b: Raphael|Yawn|p2b: Kaida\n|-start|p2b: Kaida|move: Yawn|[of] p1b: Raphael\n|\n|-weather|SunnyDay|[upkeep]\n|-heal|p2a: Kyodai Koopa|100\/100|[from] item: Leftovers\n|upkeep\n|turn|2\n|\n|t:|1700613982\n|switch|p1a: Gayre|Gyarados, M, shiny|100\/100\n|-ability|p1a: Gayre|Intimidate|boost\n|-unboost|p2a: Kyodai Koopa|atk|1\n|-unboost|p2b: Kaida|atk|1\n|switch|p2b: Lumi|Chandelure, F, shiny|100\/100\n|move|p2a: Kyodai Koopa|Heat Wave|p1b: Raphael|[spread] p1a\n|-miss|p2a: Kyodai Koopa|p1b: Raphael\n|-resisted|p1a: Gayre\n|-damage|p1a: Gayre|81\/100\n|move|p1b: Raphael|Body Press|p2a: Kyodai Koopa\n|-supereffective|p2a: Kyodai Koopa\n|-damage|p2a: Kyodai Koopa|56\/100\n|\n|-weather|SunnyDay|[upkeep]\n|-heal|p2a: Kyodai Koopa|62\/100|[from] item: Leftovers\n|upkeep\n|turn|3\n|\n|t:|1700614010\n|move|p2b: Lumi|Protect|p2b: Lumi\n|-singleturn|p2b: Lumi|Protect\n|move|p1a: Gayre|Dragon Dance|p1a: Gayre\n|-boost|p1a: Gayre|atk|1\n|-boost|p1a: Gayre|spe|1\n|move|p2a: Kyodai Koopa|Power Gem|p1a: Gayre\n|-supereffective|p1a: Gayre\n|-damage|p1a: Gayre|21\/100\n|move|p1b: Raphael|Yawn|p2b: Lumi\n|-activate|p2b: Lumi|move: Protect\n|\n|-weather|SunnyDay|[upkeep]\n|-heal|p2a: Kyodai Koopa|68\/100|[from] item: Leftovers\n|upkeep\n|turn|4\n|\n|t:|1700614039\n|switch|p2b: ForWhomBellTolls|Bronzong, shiny|100\/100\n|move|p1a: Gayre|Earthquake|p2a: Kyodai Koopa|[spread] p1b,p2a,p2b\n|-supereffective|p1b: Raphael\n|-supereffective|p2a: Kyodai Koopa\n|-supereffective|p2b: ForWhomBellTolls\n|-damage|p1b: Raphael|56\/100\n|-damage|p2a: Kyodai Koopa|0 fnt\n|-damage|p2b: ForWhomBellTolls|43\/100\n|faint|p2a: Kyodai Koopa\n|move|p1b: Raphael|Yawn|p2b: ForWhomBellTolls\n|-start|p2b: ForWhomBellTolls|move: Yawn|[of] p1b: Raphael\n|\n|-weather|SunnyDay|[upkeep]\n|-heal|p1b: Raphael|62\/100|[from] item: Leftovers\n|-heal|p2b: ForWhomBellTolls|49\/100|[from] item: Leftovers\n|upkeep\n|\n|t:|1700614052\n|switch|p2a: No Fighting|Weavile, M|100\/100\n|-ability|p2a: No Fighting|Pressure\n|turn|5\n|inactive|notausername69 has 120 seconds left.\n|\n|t:|1700614085\n|move|p1b: Raphael|Protect|p1b: Raphael\n|-singleturn|p1b: Raphael|Protect\n|move|p2a: No Fighting|Ice Shard|p1a: Gayre\n|-damage|p1a: Gayre|0 fnt\n|faint|p1a: Gayre\n|-damage|p2a: No Fighting|91\/100|[from] item: Life Orb\n|move|p2b: ForWhomBellTolls|Hypnosis|p1b: Raphael\n|-activate|p1b: Raphael|move: Protect\n|\n|-weather|none\n|-heal|p1b: Raphael|68\/100|[from] item: Leftovers\n|-heal|p2b: ForWhomBellTolls|55\/100|[from] item: Leftovers\n|-end|p2b: ForWhomBellTolls|move: Yawn|[silent]\n|-status|p2b: ForWhomBellTolls|slp\n|upkeep\n|inactive|notausername69 has 120 seconds left.\n|\n|t:|1700614100\n|switch|p1a: Kirby|Tinkaton, F|100\/100\n|turn|6\n|\n|t:|1700614110\n|switch|p2a: Lumi|Chandelure, F, shiny|100\/100\n|switch|p1b: Benni|Baxcalibur, F|100\/100\n|move|p1a: Kirby|Fake Out|p2a: Lumi\n|-immune|p2a: Lumi\n|cant|p2b: ForWhomBellTolls|slp\n|\n|-heal|p2b: ForWhomBellTolls|61\/100 slp|[from] item: Leftovers\n|upkeep\n|turn|7\n|\n|t:|1700614133\n|switch|p1a: Raphael|Torkoal, M|68\/100\n|-weather|SunnyDay|[from] ability: Drought|[of] p1a: Raphael\n|-terastallize|p1b: Benni|Ground\n|move|p1b: Benni|Dragon Dance|p1b: Benni\n|-boost|p1b: Benni|atk|1\n|-boost|p1b: Benni|spe|1\n|move|p2a: Lumi|Shadow Ball|p1b: Benni\n|-damage|p1b: Benni|61\/100\n|cant|p2b: ForWhomBellTolls|slp\n|\n|-weather|SunnyDay|[upkeep]\n|-heal|p1a: Raphael|74\/100|[from] item: Leftovers\n|-heal|p2b: ForWhomBellTolls|67\/100 slp|[from] item: Leftovers\n|upkeep\n|turn|8\n|\n|t:|1700614156\n|switch|p1a: Wakala|Great Tusk|100\/100\n|-activate|p1a: Wakala|ability: Protosynthesis\n|-start|p1a: Wakala|protosynthesisspe\n|move|p2a: Lumi|Protect|p2a: Lumi\n|-singleturn|p2a: Lumi|Protect\n|move|p1b: Benni|Earthquake|p2b: ForWhomBellTolls|[spread] p1a,p2b\n|-activate|p2a: Lumi|move: Protect\n|-supereffective|p2b: ForWhomBellTolls\n|-damage|p1a: Wakala|66\/100\n|-damage|p2b: ForWhomBellTolls|0 fnt\n|faint|p2b: ForWhomBellTolls\n|\n|-weather|SunnyDay|[upkeep]\n|upkeep\n|inactive|AerBlaziken has 120 seconds left.\n|\n|t:|1700614185\n|switch|p2b: No Fighting|Weavile, M|91\/100\n|-ability|p2b: No Fighting|Pressure\n|turn|9\n|\n|t:|1700614199\n|switch|p1b: Kirby|Tinkaton, F|100\/100\n|-terastallize|p2b: No Fighting|Ice\n|move|p2b: No Fighting|Ice Shard|p1b: Kirby\n|-resisted|p1b: Kirby\n|-damage|p1b: Kirby|76\/100\n|-damage|p2b: No Fighting|81\/100|[from] item: Life Orb\n|move|p1a: Wakala|Rock Slide|p2b: No Fighting|[spread] p2a,p2b\n|-supereffective|p2a: Lumi\n|-supereffective|p2b: No Fighting\n|-damage|p2a: Lumi|49\/100\n|-damage|p2b: No Fighting|6\/100\n|-damage|p1a: Wakala|56\/100|[from] item: Life Orb\n|move|p2a: Lumi|Energy Ball|p1a: Wakala\n|-supereffective|p1a: Wakala\n|-damage|p1a: Wakala|0 fnt\n|faint|p1a: Wakala\n|-end|p1a: Wakala|Protosynthesis|[silent]\n|\n|-weather|SunnyDay|[upkeep]\n|-heal|p1b: Kirby|82\/100|[from] item: Leftovers\n|-heal|p2a: Lumi|55\/100|[from] item: Leftovers\n|upkeep\n|inactive|notausername69 has 120 seconds left.\n|\n|t:|1700614246\n|switch|p1a: Benni|Baxcalibur, F, tera:Ground|61\/100\n|turn|10\n|inactive|notausername69 has 120 seconds left.\n|\n|t:|1700614265\n|switch|p2b: Kaida|Goodra, F|100\/100\n|move|p1b: Kirby|Fake Out|p2b: Kaida\n|-damage|p2b: Kaida|92\/100\n|move|p1a: Benni|Dragon Dance|p1a: Benni\n|-boost|p1a: Benni|atk|1\n|-boost|p1a: Benni|spe|1\n|move|p2a: Lumi|Energy Ball|p1a: Benni\n|-supereffective|p1a: Benni\n|-damage|p1a: Benni|0 fnt\n|faint|p1a: Benni\n|\n|-weather|SunnyDay|[upkeep]\n|-heal|p1b: Kirby|89\/100|[from] item: Leftovers\n|-heal|p2a: Lumi|62\/100|[from] item: Leftovers\n|upkeep\n|inactive|notausername69 has 120 seconds left.\n|\n|t:|1700614283\n|switch|p1a: Raphael|Torkoal, M|74\/100\n|turn|11\n|\n|t:|1700614290\n|move|p1b: Kirby|Play Rough|p2b: Kaida\n|-supereffective|p2b: Kaida\n|-damage|p2b: Kaida|36\/100\n|move|p2a: Lumi|Heat Wave|p1a: Raphael|[spread] p1a,p1b\n|-resisted|p1a: Raphael\n|-supereffective|p1b: Kirby\n|-damage|p1a: Raphael|35\/100\n|-damage|p1b: Kirby|0 fnt\n|faint|p1b: Kirby\n|move|p2b: Kaida|Draco Meteor|p1a: Raphael\n|-damage|p1a: Raphael|0 fnt\n|-unboost|p2b: Kaida|spa|2\n|faint|p1a: Raphael\n|\n|-weather|none\n|-heal|p2a: Lumi|68\/100|[from] item: Leftovers\n|upkeep\n|-message|notausername69 forfeited.\n|\n|win|AerBlaziken\n|raw|notausername69's rating: 1207 &rarr; <strong>1184<\/strong><br \/>(-23 for losing)\n|raw|AerBlaziken's rating: 1239 &rarr; <strong>1262<\/strong><br \/>(+23 for winning)\n|l|\u2606notausername69\n","uploadtime":1700614307,"views":12,"p1id":"notausername69","p2id":"aerblaziken","formatid":"gen9doublesou","rating":1184,"private":0,"password":""}