{"id":"gen9doublesou-1996758408","p1":"rubybirb","p2":"mikeyuwu","format":"[Gen 9] Doubles OU","log":"|j|\u2606rubybirb\n|j|\u2606mikeyuwu\n|t:|1700720269\n|gametype|doubles\n|player|p1|rubybirb|plasmagruntf|1152\n|player|p2|mikeyuwu|psychic-gen4|1317\n|teamsize|p1|6\n|teamsize|p2|6\n|gen|9\n|tier|[Gen 9] Doubles OU\n|rated|\n|rule|Species Clause: Limit one of each Pok\u00e9mon\n|rule|OHKO Clause: OHKO moves are banned\n|rule|Evasion Moves Clause: Evasion moves are banned\n|rule|Gravity Sleep Clause: The combination of sleep-inducing moves with imperfect accuracy and Gravity or Gigantamax Orbeetle are banned\n|rule|Endless Battle Clause: Forcing endless battles is banned\n|rule|HP Percentage Mod: HP is shown in percentages\n|clearpoke\n|poke|p1|Grimmsnarl, M|\n|poke|p1|Landorus-Therian, M|\n|poke|p1|Volcarona, M|\n|poke|p1|Oricorio-Pom-Pom, F|\n|poke|p1|Espathra, F|\n|poke|p1|Sinistcha-Masterpiece|\n|poke|p2|Garchomp, M|\n|poke|p2|Tyranitar, F|\n|poke|p2|Vaporeon, F|\n|poke|p2|Toxicroak, M|\n|poke|p2|Pelipper, F|\n|poke|p2|Abomasnow, M|\n|teampreview\n|\n|t:|1700720274\n|start\n|switch|p1a: Grendel|Grimmsnarl, M, shiny|100\/100\n|switch|p1b: Baihu|Landorus-Therian, M|100\/100\n|switch|p2a: OTLHPM|Toxicroak, M|100\/100\n|switch|p2b: Harmacy|Vaporeon, F|100\/100\n|-ability|p1b: Baihu|Intimidate|boost\n|-unboost|p2a: OTLHPM|atk|1\n|-unboost|p2b: Harmacy|atk|1\n|turn|1\n|\n|t:|1700720287\n|switch|p2a: Cold Shoulder|Abomasnow, M, shiny|100\/100\n|-weather|Snow|[from] ability: Snow Warning|[of] p2a: Cold Shoulder\n|move|p1a: Grendel|Reflect|p1a: Grendel\n|-sidestart|p1: rubybirb|Reflect\n|move|p1b: Baihu|Stealth Rock|p2a: Cold Shoulder\n|-sidestart|p2: mikeyuwu|move: Stealth Rock\n|move|p2b: Harmacy|Icy Wind|p1a: Grendel|[spread] p1a\n|-miss|p2b: Harmacy|p1b: Baihu\n|-damage|p1a: Grendel|92\/100\n|-unboost|p1a: Grendel|spe|1\n|\n|-weather|Snow|[upkeep]\n|upkeep\n|turn|2\n|\n|t:|1700720310\n|switch|p2a: Extra Spicy|Garchomp, M|100\/100\n|-damage|p2a: Extra Spicy|94\/100|[from] Stealth Rock\n|move|p1a: Grendel|Light Screen|p1a: Grendel\n|-sidestart|p1: rubybirb|move: Light Screen\n|move|p1b: Baihu|U-turn|p2a: Extra Spicy\n|-damage|p2a: Extra Spicy|79\/100\n|-damage|p1b: Baihu|88\/100|[from] ability: Rough Skin|[of] p2a: Extra Spicy\n|-damage|p1b: Baihu|72\/100|[from] item: Rocky Helmet|[of] p2a: Extra Spicy\n|\n|t:|1700720322\n|switch|p1b: Genmaicha|Sinistcha-Masterpiece|100\/100|[from] U-turn\n|-heal|p1a: Grendel|100\/100|[from] ability: Hospitality|[of] p1b: Genmaicha\n|move|p2b: Harmacy|Icy Wind|p1a: Grendel|[spread] p1a,p1b\n|-supereffective|p1b: Genmaicha\n|-damage|p1a: Grendel|94\/100\n|-damage|p1b: Genmaicha|85\/100\n|-unboost|p1a: Grendel|spe|1\n|-unboost|p1b: Genmaicha|spe|1\n|\n|-weather|Snow|[upkeep]\n|-heal|p1b: Genmaicha|92\/100|[from] item: Leftovers\n|upkeep\n|turn|3\n|\n|t:|1700720343\n|switch|p2b: OTLHPM|Toxicroak, M|100\/100\n|-damage|p2b: OTLHPM|94\/100|[from] Stealth Rock\n|move|p1a: Grendel|Parting Shot|p2a: Extra Spicy\n|-unboost|p2a: Extra Spicy|atk|1\n|-unboost|p2a: Extra Spicy|spa|1\n|\n|t:|1700720357\n|switch|p1a: Baihu|Landorus-Therian, M|72\/100|[from] Parting Shot\n|-ability|p1a: Baihu|Intimidate|boost\n|-unboost|p2a: Extra Spicy|atk|1\n|-unboost|p2b: OTLHPM|atk|1\n|move|p2a: Extra Spicy|Brick Break|p1a: Baihu\n|-sideend|p1: rubybirb|Reflect\n|-sideend|p1: rubybirb|move: Light Screen\n|-resisted|p1a: Baihu\n|-damage|p1a: Baihu|67\/100\n|move|p1b: Genmaicha|Matcha Gotcha|p2b: OTLHPM|[spread] p2a,p2b\n|-resisted|p2b: OTLHPM\n|-damage|p2a: Extra Spicy|55\/100\n|-heal|p1b: Genmaicha|100\/100|[from] drain|[of] p2a: Extra Spicy\n|-damage|p2b: OTLHPM|80\/100\n|\n|-weather|Snow|[upkeep]\n|-heal|p2b: OTLHPM|86\/100|[from] item: Black Sludge\n|upkeep\n|turn|4\n|\n|t:|1700720377\n|switch|p2b: Weather War|Pelipper, F|100\/100\n|-weather|RainDance|[from] ability: Drizzle|[of] p2b: Weather War\n|move|p2a: Extra Spicy|Poison Jab|p1b: Genmaicha\n|-damage|p1b: Genmaicha|91\/100\n|move|p1a: Baihu|Sandsear Storm|p2a: Extra Spicy|[spread] p2a\n|-immune|p2b: Weather War\n|-damage|p2a: Extra Spicy|32\/100\n|move|p1b: Genmaicha|Matcha Gotcha|p2a: Extra Spicy|[spread] p2a,p2b\n|-damage|p2a: Extra Spicy|11\/100\n|-heal|p1b: Genmaicha|100\/100|[from] drain|[of] p2a: Extra Spicy\n|-damage|p2b: Weather War|68\/100\n|\n|-weather|RainDance|[upkeep]\n|upkeep\n|turn|5\n|\n|t:|1700720395\n|switch|p2a: Cold Shoulder|Abomasnow, M, shiny|100\/100\n|-damage|p2a: Cold Shoulder|76\/100|[from] Stealth Rock\n|-weather|Snow|[from] ability: Snow Warning|[of] p2a: Cold Shoulder\n|move|p1a: Baihu|Sandsear Storm|p2a: Cold Shoulder|[spread] p2a\n|-immune|p2b: Weather War\n|-resisted|p2a: Cold Shoulder\n|-damage|p2a: Cold Shoulder|62\/100\n|-status|p2a: Cold Shoulder|brn\n|move|p2b: Weather War|Blizzard|p1a: Baihu|[spread] p1a,p1b\n|-supereffective|p1a: Baihu\n|-supereffective|p1b: Genmaicha\n|-damage|p1a: Baihu|0 fnt\n|-damage|p1b: Genmaicha|57\/100\n|faint|p1a: Baihu\n|move|p1b: Genmaicha|Matcha Gotcha|p2a: Cold Shoulder|[spread] p2a,p2b\n|-resisted|p2a: Cold Shoulder\n|-damage|p2a: Cold Shoulder|50\/100 brn\n|-heal|p1b: Genmaicha|63\/100|[from] drain|[of] p2a: Cold Shoulder\n|-damage|p2b: Weather War|33\/100\n|-heal|p1b: Genmaicha|80\/100|[from] drain|[of] p2b: Weather War\n|-status|p2b: Weather War|brn\n|\n|-weather|Snow|[upkeep]\n|-heal|p1b: Genmaicha|86\/100|[from] item: Leftovers\n|-damage|p2b: Weather War|27\/100 brn|[from] brn\n|-damage|p2a: Cold Shoulder|44\/100 brn|[from] brn\n|upkeep\n|\n|t:|1700720429\n|switch|p1a: Ori|Oricorio-Pom-Pom, F, shiny|100\/100\n|turn|6\n|\n|t:|1700720449\n|move|p1a: Ori|Revelation Dance|p2b: Weather War\n|-supereffective|p2b: Weather War\n|-damage|p2b: Weather War|0 fnt\n|faint|p2b: Weather War\n|move|p2a: Cold Shoulder|Blizzard|p1a: Ori|[spread] p1a,p1b\n|-supereffective|p1a: Ori\n|-supereffective|p1b: Genmaicha\n|-damage|p1a: Ori|28\/100\n|-damage|p1b: Genmaicha|19\/100\n|move|p1b: Genmaicha|Matcha Gotcha|p2a: Cold Shoulder\n|-resisted|p2a: Cold Shoulder\n|-damage|p2a: Cold Shoulder|25\/100 brn\n|-heal|p1b: Genmaicha|29\/100|[from] drain|[of] p2a: Cold Shoulder\n|\n|-weather|Snow|[upkeep]\n|-heal|p1b: Genmaicha|35\/100|[from] item: Leftovers\n|-damage|p2a: Cold Shoulder|19\/100 brn|[from] brn\n|upkeep\n|\n|t:|1700720455\n|switch|p2b: ThcrThnSnkr|Tyranitar, F|100\/100\n|-damage|p2b: ThcrThnSnkr|88\/100|[from] Stealth Rock\n|-weather|Sandstorm|[from] ability: Sand Stream|[of] p2b: ThcrThnSnkr\n|turn|7\n|\n|t:|1700720484\n|-terastallize|p1a: Ori|Ground\n|move|p1a: Ori|Roost|p1a: Ori\n|-heal|p1a: Ori|78\/100\n|move|p2a: Cold Shoulder|Blizzard|p1b: Genmaicha|[spread] p1a\n|-miss|p2a: Cold Shoulder|p1b: Genmaicha\n|-supereffective|p1a: Ori\n|-damage|p1a: Ori|6\/100\n|move|p2b: ThcrThnSnkr|Rock Slide|p1a: Ori|[spread] p1a\n|-miss|p2b: ThcrThnSnkr|p1b: Genmaicha\n|-resisted|p1a: Ori\n|-damage|p1a: Ori|0 fnt\n|faint|p1a: Ori\n|move|p1b: Genmaicha|Matcha Gotcha|p2a: Cold Shoulder|[spread] p2a,p2b\n|-resisted|p2a: Cold Shoulder\n|-supereffective|p2b: ThcrThnSnkr\n|-damage|p2a: Cold Shoulder|6\/100 brn\n|-heal|p1b: Genmaicha|42\/100|[from] drain|[of] p2a: Cold Shoulder\n|-damage|p2b: ThcrThnSnkr|74\/100\n|-heal|p1b: Genmaicha|49\/100|[from] drain|[of] p2b: ThcrThnSnkr\n|\n|-weather|Sandstorm|[upkeep]\n|-damage|p2a: Cold Shoulder|0 fnt|[from] Sandstorm\n|-damage|p1b: Genmaicha|43\/100|[from] Sandstorm\n|faint|p2a: Cold Shoulder\n|-heal|p1b: Genmaicha|49\/100|[from] item: Leftovers\n|upkeep\n|inactive|Battle timer is ON: inactive players will automatically lose when time's up. (requested by mikeyuwu)\n|\n|t:|1700720519\n|switch|p1a: Grendel|Grimmsnarl, M, shiny|94\/100\n|switch|p2a: OTLHPM|Toxicroak, M|86\/100\n|-damage|p2a: OTLHPM|80\/100|[from] Stealth Rock\n|turn|8\n|\n|t:|1700720539\n|move|p2a: OTLHPM|Poison Jab|p1a: Grendel\n|-supereffective|p1a: Grendel\n|-damage|p1a: Grendel|14\/100\n|move|p2b: ThcrThnSnkr|Knock Off|p1b: Genmaicha\n|-supereffective|p1b: Genmaicha\n|-damage|p1b: Genmaicha|0 fnt\n|-enditem|p1b: Genmaicha|Leftovers|[from] move: Knock Off|[of] p2b: ThcrThnSnkr\n|faint|p1b: Genmaicha\n|move|p1a: Grendel|Spirit Break|p2b: ThcrThnSnkr\n|-supereffective|p2b: ThcrThnSnkr\n|-damage|p2b: ThcrThnSnkr|18\/100\n|-unboost|p2b: ThcrThnSnkr|spa|1\n|\n|-weather|Sandstorm|[upkeep]\n|-damage|p2a: OTLHPM|74\/100|[from] Sandstorm\n|-damage|p1a: Grendel|8\/100|[from] Sandstorm\n|-heal|p2a: OTLHPM|80\/100|[from] item: Black Sludge\n|upkeep\n|inactive|rubybirb has 120 seconds left.\n|\n|t:|1700720557\n|switch|p1b: Maat|Espathra, F|100\/100\n|turn|9\n|\n|t:|1700720567\n|-terastallize|p2a: OTLHPM|Dark\n|move|p1b: Maat|Substitute|p1b: Maat\n|-start|p1b: Maat|Substitute\n|-damage|p1b: Maat|76\/100\n|move|p2a: OTLHPM|Poison Jab|p1b: Maat\n|-end|p1b: Maat|Substitute\n|move|p2b: ThcrThnSnkr|Knock Off|p1b: Maat\n|-supereffective|p1b: Maat\n|-damage|p1b: Maat|0 fnt\n|-enditem|p1b: Maat|Leftovers|[from] move: Knock Off|[of] p2b: ThcrThnSnkr\n|faint|p1b: Maat\n|move|p1a: Grendel|Spirit Break|p2b: ThcrThnSnkr\n|-supereffective|p2b: ThcrThnSnkr\n|-damage|p2b: ThcrThnSnkr|0 fnt\n|faint|p2b: ThcrThnSnkr\n|\n|-weather|Sandstorm|[upkeep]\n|-damage|p2a: OTLHPM|74\/100|[from] Sandstorm\n|-damage|p1a: Grendel|2\/100|[from] Sandstorm\n|-damage|p2a: OTLHPM|61\/100|[from] item: Black Sludge\n|upkeep\n|c|\u2606rubybirb|gg\n|-message|rubybirb forfeited.\n|\n|win|mikeyuwu\n|raw|rubybirb's rating: 1152 &rarr; <strong>1138<\/strong><br \/>(-14 for losing)\n|raw|mikeyuwu's rating: 1317 &rarr; <strong>1328<\/strong><br \/>(+11 for winning)\n|c|\u2606mikeyuwu|Gg\n|l|\u2606rubybirb\n","uploadtime":1700720594,"views":11,"p1id":"rubybirb","p2id":"mikeyuwu","formatid":"gen9doublesou","rating":1138,"private":0,"password":""}