{"id":"gen9doublesou-1984156541","p1":"paolo.sorrentino","p2":"SaturnFr3ak","format":"[Gen 9] Doubles OU","log":"|j|\u2606paolo.sorrentino\n|j|\u2606SaturnFr3ak\n|t:|1699224598\n|gametype|doubles\n|player|p1|paolo.sorrentino|cameraman|1379\n|player|p2|SaturnFr3ak|mina|1460\n|teamsize|p1|6\n|teamsize|p2|6\n|gen|9\n|tier|[Gen 9] Doubles OU\n|rated|\n|rule|Species Clause: Limit one of each Pok\u00e9mon\n|rule|OHKO Clause: OHKO moves are banned\n|rule|Evasion Moves Clause: Evasion moves are banned\n|rule|Gravity Sleep Clause: The combination of sleep-inducing moves with imperfect accuracy and Gravity or Gigantamax Orbeetle are banned\n|rule|Endless Battle Clause: Forcing endless battles is banned\n|rule|HP Percentage Mod: HP is shown in percentages\n|clearpoke\n|poke|p1|Okidogi, M|\n|poke|p1|Ninetales-Alola, F|\n|poke|p1|Heatran, M|\n|poke|p1|Ursaluna-Bloodmoon, M|\n|poke|p1|Grimmsnarl, M|\n|poke|p1|Iron Bundle|\n|poke|p2|Stonjourner, F|\n|poke|p2|Chi-Yu|\n|poke|p2|Passimian, M|\n|poke|p2|Flutter Mane|\n|poke|p2|Muk-Alola, M|\n|poke|p2|Sinistcha-Masterpiece|\n|teampreview\n|\n|t:|1699224618\n|start\n|switch|p1a: weed|Grimmsnarl, M|100\/100\n|switch|p1b: manate|Okidogi, M|100\/100\n|switch|p2a: Roxie|Stonjourner, F, shiny|100\/100\n|switch|p2b: OJ|Passimian, M, shiny|100\/100\n|turn|1\n|\n|t:|1699224642\n|move|p1a: weed|Taunt|p2a: Roxie\n|-start|p2a: Roxie|move: Taunt\n|move|p2b: OJ|Close Combat|p1a: weed\n|-damage|p1a: weed|14\/100\n|-unboost|p2b: OJ|def|1\n|-unboost|p2b: OJ|spd|1\n|move|p1b: manate|Drain Punch|p2a: Roxie\n|-supereffective|p2a: Roxie\n|-damage|p2a: Roxie|53\/100\n|-status|p2a: Roxie|tox|[from] ability: Toxic Chain|[of] p1b: manate\n|cant|p2a: Roxie|move: Taunt|Sunny Day\n|\n|-heal|p1a: weed|20\/100|[from] item: Leftovers\n|-damage|p2a: Roxie|47\/100 tox|[from] psn\n|upkeep\n|turn|2\n|\n|t:|1699224671\n|switch|p2a: Greed|Muk-Alola, M, shiny|100\/100\n|move|p1a: weed|Parting Shot|p2b: OJ\n|-unboost|p2b: OJ|atk|1\n|-unboost|p2b: OJ|spa|1\n|\n|t:|1699224677\n|switch|p1a: bear idk|Ursaluna-Bloodmoon, M|100\/100|[from] Parting Shot\n|move|p2b: OJ|Close Combat|p1a: bear idk\n|-supereffective|p1a: bear idk\n|-damage|p1a: bear idk|41\/100\n|-unboost|p2b: OJ|def|1\n|-unboost|p2b: OJ|spd|1\n|move|p1b: manate|Iron Head|p2a: Greed\n|-damage|p2a: Greed|73\/100\n|\n|upkeep\n|turn|3\n|c|\u2606SaturnFr3ak|Holy shit Freddy fazbear\n|\n|t:|1699224711\n|move|p2b: OJ|Close Combat|p1a: bear idk\n|-supereffective|p1a: bear idk\n|-damage|p1a: bear idk|0 fnt\n|-unboost|p2b: OJ|def|1\n|-unboost|p2b: OJ|spd|1\n|faint|p1a: bear idk\n|move|p1b: manate|Poison Jab|p2b: OJ\n|-damage|p2b: OJ|0 fnt\n|faint|p2b: OJ\n|move|p2a: Greed|Ice Punch|p1b: manate\n|-damage|p1b: manate|77\/100\n|\n|upkeep\n|\n|t:|1699224728\n|switch|p2b: Roxie|Stonjourner, F, shiny|47\/100 tox\n|switch|p1a: pretty hot sausage|Heatran, M|100\/100\n|turn|4\n|\n|t:|1699224747\n|move|p1b: manate|Knock Off|p2a: Greed\n|-resisted|p2a: Greed\n|-damage|p2a: Greed|55\/100\n|-enditem|p2a: Greed|Assault Vest|[from] move: Knock Off|[of] p1b: manate\n|move|p1a: pretty hot sausage|Flash Cannon|p2b: Roxie\n|-supereffective|p2b: Roxie\n|-damage|p2b: Roxie|0 fnt\n|faint|p2b: Roxie\n|-ability|p2a: Greed|Power Spot|[from] ability: Power of Alchemy|[of] p2b: Roxie\n|move|p2a: Greed|Ice Punch|p1b: manate\n|-damage|p1b: manate|53\/100\n|\n|upkeep\n|\n|t:|1699224768\n|switch|p2b: Nemo|Chi-Yu|100\/100\n|-ability|p2b: Nemo|Beads of Ruin\n|turn|5\n|\n|t:|1699224780\n|-terastallize|p2b: Nemo|Water\n|move|p2b: Nemo|Tera Blast|p1a: pretty hot sausage|[anim] Tera Blast Water\n|-supereffective|p1a: pretty hot sausage\n|-damage|p1a: pretty hot sausage|0 fnt\n|faint|p1a: pretty hot sausage\n|move|p1b: manate|Drain Punch|p2b: Nemo\n|-damage|p2b: Nemo|37\/100\n|-heal|p1b: manate|78\/100|[from] drain|[of] p2b: Nemo\n|move|p2a: Greed|Ice Punch|p1b: manate\n|-damage|p1b: manate|53\/100\n|\n|upkeep\n|\n|t:|1699224795\n|switch|p1a: goofy|Iron Bundle|100\/100\n|-enditem|p1a: goofy|Booster Energy\n|-activate|p1a: goofy|ability: Quark Drive|[fromitem]\n|-start|p1a: goofy|quarkdrivespa\n|turn|6\n|\n|t:|1699224808\n|switch|p2b: Soba|Sinistcha-Masterpiece|100\/100\n|-heal|p2a: Greed|80\/100|[from] ability: Hospitality|[of] p2b: Soba\n|move|p1a: goofy|Freeze-Dry|p2b: Soba\n|-supereffective|p2b: Soba\n|-damage|p2b: Soba|0 fnt\n|faint|p2b: Soba\n|move|p1b: manate|Drain Punch|p2a: Greed\n|-damage|p2a: Greed|40\/100\n|-heal|p1b: manate|80\/100|[from] drain|[of] p2a: Greed\n|move|p2a: Greed|Poison Jab|p1a: goofy\n|-damage|p1a: goofy|53\/100\n|-status|p1a: goofy|psn\n|\n|-damage|p1a: goofy|40\/100 psn|[from] psn\n|upkeep\n|\n|t:|1699224834\n|switch|p2b: Missy|Flutter Mane|100\/100\n|turn|7\n|\n|t:|1699224852\n|-end|p1a: goofy|Quark Drive|[silent]\n|switch|p1a: weed|Grimmsnarl, M|20\/100\n|move|p2a: Greed|Shadow Sneak|p1b: manate\n|-damage|p1b: manate|67\/100\n|move|p2b: Missy|Dazzling Gleam|p1b: manate|[spread] p1a,p1b\n|-supereffective|p1a: weed\n|-damage|p1a: weed|0 fnt\n|-damage|p1b: manate|29\/100\n|faint|p1a: weed\n|move|p1b: manate|Iron Head|p2b: Missy\n|-supereffective|p2b: Missy\n|-damage|p2b: Missy|0 fnt\n|faint|p2b: Missy\n|-end|p2b: Missy|Protosynthesis|[silent]\n|\n|upkeep\n|\n|t:|1699224867\n|switch|p2b: Nemo|Chi-Yu, tera:Water|37\/100\n|switch|p1a: kinki|Ninetales-Alola, F|100\/100\n|-weather|Snow|[from] ability: Snow Warning|[of] p1a: kinki\n|-ability|p2b: Nemo|Beads of Ruin\n|turn|8\n|\n|t:|1699224884\n|move|p1a: kinki|Aurora Veil|p1a: kinki\n|-sidestart|p1: paolo.sorrentino|move: Aurora Veil\n|move|p2b: Nemo|Heat Wave|p1a: kinki|[spread] p1a,p1b\n|-supereffective|p1a: kinki\n|-crit|p1b: manate\n|-damage|p1a: kinki|0 fnt\n|-damage|p1b: manate|0 fnt\n|faint|p1a: kinki\n|faint|p1b: manate\n|move|p2a: Greed|Ice Punch|p1: kinki|[notarget]\n|-fail|p2a: Greed\n|\n|-weather|Snow|[upkeep]\n|upkeep\n|\n|t:|1699224889\n|switch|p1a: goofy|Iron Bundle|40\/100 psn\n|turn|9\n|\n|t:|1699224895\n|move|p1a: goofy|Freeze-Dry|p2b: Nemo\n|-supereffective|p2b: Nemo\n|-damage|p2b: Nemo|0 fnt\n|faint|p2b: Nemo\n|move|p2a: Greed|Poison Jab|p1a: goofy\n|-damage|p1a: goofy|19\/100 psn\n|\n|-weather|Snow|[upkeep]\n|-damage|p1a: goofy|7\/100 psn|[from] psn\n|upkeep\n|turn|10\n|c|\u2606SaturnFr3ak|Goofy ahh team \ud83d\udc80\n|\n|t:|1699224912\n|-terastallize|p1a: goofy|Ice\n|move|p2a: Greed|Shadow Sneak|p1a: goofy\n|-damage|p1a: goofy|0 fnt\n|faint|p1a: goofy\n|-end|p1a: goofy|Quark Drive|[silent]\n|\n|win|SaturnFr3ak\n|raw|paolo.sorrentino's rating: 1379 &rarr; <strong>1364<\/strong><br \/>(-15 for losing)\n|raw|SaturnFr3ak's rating: 1460 &rarr; <strong>1475<\/strong><br \/>(+15 for winning)\n|l|\u2606paolo.sorrentino\n","uploadtime":1699224925,"views":7,"p1id":"paolosorrentino","p2id":"saturnfr3ak","formatid":"gen9doublesou","rating":1364,"private":0,"password":""}