{"id":"gen9doublesou-1984044864","p1":"zane0911","p2":"Joosee36","format":"[Gen 9] Doubles OU","log":"|j|\u2606zane0911\n|j|\u2606Joosee36\n|t:|1699213011\n|gametype|doubles\n|player|p1|zane0911|blue|1105\n|player|p2|Joosee36|102|1079\n|teamsize|p1|6\n|teamsize|p2|6\n|gen|9\n|tier|[Gen 9] Doubles OU\n|rated|\n|rule|Species Clause: Limit one of each Pok\u00e9mon\n|rule|OHKO Clause: OHKO moves are banned\n|rule|Evasion Moves Clause: Evasion moves are banned\n|rule|Gravity Sleep Clause: The combination of sleep-inducing moves with imperfect accuracy and Gravity or Gigantamax Orbeetle are banned\n|rule|Endless Battle Clause: Forcing endless battles is banned\n|rule|HP Percentage Mod: HP is shown in percentages\n|clearpoke\n|poke|p1|Armarouge, F|\n|poke|p1|Dragapult, F|\n|poke|p1|Indeedee-F, F|\n|poke|p1|Regidrago|\n|poke|p1|Ursaluna, M|\n|poke|p1|Klefki, F|\n|poke|p2|Pelipper, M|\n|poke|p2|Sylveon, F|\n|poke|p2|Eelektross, M|\n|poke|p2|Garchomp, F|\n|poke|p2|Blissey, F|\n|poke|p2|Forretress, F|\n|teampreview\n|inactive|Battle timer is ON: inactive players will automatically lose when time's up. (requested by zane0911)\n|\n|t:|1699213037\n|start\n|switch|p1a: Klefki|Klefki, F|100\/100\n|switch|p1b: Get|Ursaluna, M|100\/100\n|switch|p2a: Blissey|Blissey, F|100\/100\n|switch|p2b: Forretress|Forretress, F|100\/100\n|turn|1\n|\n|t:|1699213055\n|move|p2a: Blissey|Light Screen|p2a: Blissey\n|-sidestart|p2: Joosee36|move: Light Screen\n|move|p2b: Forretress|Reflect|p2b: Forretress\n|-sidestart|p2: Joosee36|Reflect\n|move|p1b: Get|Bulk Up|p1b: Get\n|-boost|p1b: Get|atk|1\n|-boost|p1b: Get|def|1\n|move|p1a: Klefki|Trick Room|p1a: Klefki\n|-fieldstart|move: Trick Room|[of] p1a: Klefki\n|\n|-status|p1b: Get|brn|[from] item: Flame Orb\n|upkeep\n|turn|2\n|inactive|zane0911 has 120 seconds left.\n|\n|t:|1699213086\n|move|p1a: Klefki|Reflect|p1a: Klefki\n|-sidestart|p1: zane0911|Reflect\n|move|p1b: Get|Facade|p2a: Blissey\n|-damage|p2a: Blissey|0 fnt\n|faint|p2a: Blissey\n|move|p2b: Forretress|Iron Head|p1b: Get\n|-damage|p1b: Get|92\/100 brn\n|\n|-damage|p1b: Get|85\/100 brn|[from] brn\n|upkeep\n|\n|t:|1699213096\n|switch|p2a: Sylveon|Sylveon, F|100\/100\n|turn|3\n|\n|t:|1699213113\n|switch|p1a: Nuked Noob|Regidrago|100\/100\n|-item|p1a: Nuked Noob|Air Balloon\n|move|p2a: Sylveon|Protect|p2a: Sylveon\n|-singleturn|p2a: Sylveon|Protect\n|move|p1b: Get|Earthquake|p2a: Sylveon|[spread] p2b\n|-activate|p2a: Sylveon|move: Protect\n|-immune|p1a: Nuked Noob\n|-damage|p2b: Forretress|65\/100\n|move|p2b: Forretress|Thunder Wave|p1a: Nuked Noob\n|-status|p1a: Nuked Noob|par\n|\n|-damage|p1b: Get|79\/100 brn|[from] brn\n|upkeep\n|turn|4\n|inactive|zane0911 has 120 seconds left.\n|\n|t:|1699213144\n|cant|p1a: Nuked Noob|par\n|move|p1b: Get|Facade|p2a: Sylveon\n|-crit|p2a: Sylveon\n|-damage|p2a: Sylveon|0 fnt\n|-damage|p1b: Get|63\/100 brn|[from] item: Rocky Helmet|[of] p2a: Sylveon\n|faint|p2a: Sylveon\n|move|p2b: Forretress|Iron Head|p1a: Nuked Noob\n|-damage|p1a: Nuked Noob|85\/100 par\n|-enditem|p1a: Nuked Noob|Air Balloon\n|\n|-damage|p1b: Get|56\/100 brn|[from] brn\n|upkeep\n|\n|t:|1699213152\n|switch|p2a: Eelektross|Eelektross, M|100\/100\n|turn|5\n|\n|t:|1699213170\n|move|p1a: Nuked Noob|Dragon Energy|p2b: Forretress|[spread] p2a,p2b\n|-resisted|p2b: Forretress\n|-damage|p2a: Eelektross|66\/100\n|-damage|p2b: Forretress|31\/100\n|move|p1b: Get|Facade|p2a: Eelektross\n|-damage|p2a: Eelektross|0 fnt\n|faint|p2a: Eelektross\n|move|p2b: Forretress|Iron Head|p1b: Get\n|-damage|p1b: Get|48\/100 brn\n|\n|-damage|p1b: Get|42\/100 brn|[from] brn\n|-fieldend|move: Trick Room\n|upkeep\n|\n|t:|1699213178\n|switch|p2a: Pelipper|Pelipper, M|100\/100\n|-weather|RainDance|[from] ability: Drizzle|[of] p2a: Pelipper\n|turn|6\n|-activate|p2a: Pelipper|item: Quick Claw\n|\n|t:|1699213203\n|move|p1b: Get|Protect|p1b: Get\n|-singleturn|p1b: Get|Protect\n|move|p2a: Pelipper|Surf|p1b: Get|[spread] p2b,p1a\n|-activate|p1b: Get|move: Protect\n|-resisted|p1a: Nuked Noob\n|-damage|p2b: Forretress|0 fnt\n|-damage|p1a: Nuked Noob|64\/100 par\n|faint|p2b: Forretress\n|move|p1a: Nuked Noob|Dragon Energy|p2a: Pelipper\n|-damage|p2a: Pelipper|33\/100\n|\n|-weather|RainDance|[upkeep]\n|-damage|p1b: Get|36\/100 brn|[from] brn\n|upkeep\n|\n|t:|1699213209\n|switch|p2b: Garchomp|Garchomp, F|100\/100\n|turn|7\n|inactive|zane0911 has 120 seconds left.\n|\n|t:|1699213239\n|move|p2b: Garchomp|Earthquake|p1a: Nuked Noob|[spread] p1a,p1b\n|-immune|p2a: Pelipper\n|-damage|p1a: Nuked Noob|39\/100 par\n|-damage|p1b: Get|24\/100 brn\n|move|p2a: Pelipper|Tailwind|p2a: Pelipper\n|-sidestart|p2: Joosee36|move: Tailwind\n|move|p1b: Get|Facade|p2b: Garchomp\n|-damage|p2b: Garchomp|0 fnt\n|-damage|p1b: Get|11\/100 brn|[from] ability: Rough Skin|[of] p2b: Garchomp\n|faint|p2b: Garchomp\n|cant|p1a: Nuked Noob|par\n|\n|-weather|RainDance|[upkeep]\n|-damage|p1b: Get|5\/100 brn|[from] brn\n|upkeep\n|turn|8\n|inactive|zane0911 has 120 seconds left.\n|-activate|p2a: Pelipper|item: Quick Claw\n|\n|t:|1699213269\n|move|p2a: Pelipper|Surf|p1a: Nuked Noob|[spread] p1a,p1b\n|-resisted|p1a: Nuked Noob\n|-supereffective|p1b: Get\n|-damage|p1a: Nuked Noob|16\/100 par\n|-damage|p1b: Get|0 fnt\n|faint|p1b: Get\n|move|p1a: Nuked Noob|Dragon Pulse|p2a: Pelipper\n|-damage|p2a: Pelipper|0 fnt\n|faint|p2a: Pelipper\n|\n|win|zane0911\n|raw|zane0911's rating: 1105 &rarr; <strong>1128<\/strong><br \/>(+23 for winning)\n|raw|Joosee36's rating: 1079 &rarr; <strong>1059<\/strong><br \/>(-20 for losing)\n|l|\u2606Joosee36\n","uploadtime":1699213644,"views":8,"p1id":"zane0911","p2id":"joosee36","formatid":"gen9doublesou","rating":1059,"private":0,"password":""}