{"id":"gen9doublesou-1975150758","p1":"SXD2002","p2":"rafamseabra","format":"[Gen 9] Doubles OU","log":"|j|\u2606SXD2002\n|j|\u2606rafamseabra\n|t:|1698165826\n|gametype|doubles\n|player|p1|SXD2002|silver-masters|1105\n|player|p2|rafamseabra|morty|1123\n|teamsize|p1|6\n|teamsize|p2|6\n|gen|9\n|tier|[Gen 9] Doubles OU\n|rated|\n|rule|Species Clause: Limit one of each Pok\u00e9mon\n|rule|OHKO Clause: OHKO moves are banned\n|rule|Evasion Moves Clause: Evasion moves are banned\n|rule|Gravity Sleep Clause: The combination of sleep-inducing moves with imperfect accuracy and Gravity or Gigantamax Orbeetle are banned\n|rule|Endless Battle Clause: Forcing endless battles is banned\n|rule|HP Percentage Mod: HP is shown in percentages\n|clearpoke\n|poke|p1|Lurantis, M|\n|poke|p1|Murkrow, F|\n|poke|p1|Grimmsnarl, M|\n|poke|p1|Clefairy, M|\n|poke|p1|Talonflame, F|\n|poke|p1|Espeon, M|\n|poke|p2|Gyarados, F|\n|poke|p2|Hatterene, F|\n|poke|p2|Armarouge, F|\n|poke|p2|Krookodile, M|\n|poke|p2|Amoonguss, F|\n|poke|p2|Zapdos-Galar|\n|teampreview\n|inactive|Battle timer is ON: inactive players will automatically lose when time's up. (requested by SXD2002)\n|\n|t:|1698165854\n|start\n|switch|p1a: Murkrow|Murkrow, F|100\/100\n|switch|p1b: Lurantis|Lurantis, M|100\/100\n|switch|p2a: Amoonguss|Amoonguss, F|100\/100\n|switch|p2b: Zapdos|Zapdos-Galar|100\/100\n|turn|1\n|\n|t:|1698165870\n|-terastallize|p1b: Lurantis|Steel\n|move|p1a: Murkrow|Screech|p1b: Lurantis\n|-boost|p1b: Lurantis|def|2\n|move|p2b: Zapdos|Close Combat|p1a: Murkrow\n|-damage|p1a: Murkrow|5\/100\n|-unboost|p2b: Zapdos|def|1\n|-unboost|p2b: Zapdos|spd|1\n|move|p1b: Lurantis|Superpower|p2b: Zapdos\n|-resisted|p2b: Zapdos\n|-damage|p2b: Zapdos|77\/100\n|-boost|p1b: Lurantis|atk|1\n|-boost|p1b: Lurantis|def|1\n|move|p2a: Amoonguss|Spore|p1b: Lurantis\n|-status|p1b: Lurantis|slp|[from] move: Spore\n|\n|upkeep\n|turn|2\n|\n|t:|1698165892\n|cant|p1b: Lurantis|slp\n|move|p1a: Murkrow|Screech|p1b: Lurantis|[miss]\n|-miss|p1a: Murkrow|p1b: Lurantis\n|move|p2b: Zapdos|Tera Blast|p1a: Murkrow\n|-crit|p1a: Murkrow\n|-damage|p1a: Murkrow|0 fnt\n|faint|p1a: Murkrow\n|move|p2a: Amoonguss|Spore|p2b: Zapdos\n|-status|p2b: Zapdos|slp|[from] move: Spore\n|\n|upkeep\n|\n|t:|1698165904\n|switch|p1a: Grimmsnarl|Grimmsnarl, M|100\/100\n|turn|3\n|\n|t:|1698165918\n|switch|p2b: Armarouge|Armarouge, F|100\/100\n|move|p1a: Grimmsnarl|Scary Face|p1b: Lurantis\n|-boost|p1b: Lurantis|spe|2\n|cant|p1b: Lurantis|slp\n|move|p2a: Amoonguss|Toxic|p1a: Grimmsnarl\n|-status|p1a: Grimmsnarl|tox\n|\n|-damage|p1a: Grimmsnarl|94\/100 tox|[from] psn\n|upkeep\n|turn|4\n|\n|t:|1698165936\n|move|p1a: Grimmsnarl|Fake Tears|p1b: Lurantis\n|-boost|p1b: Lurantis|spd|2\n|move|p2b: Armarouge|Armor Cannon|p1b: Lurantis\n|-supereffective|p1b: Lurantis\n|-damage|p1b: Lurantis|50\/100 slp\n|-unboost|p2b: Armarouge|def|1\n|-unboost|p2b: Armarouge|spd|1\n|-damage|p2b: Armarouge|91\/100|[from] item: Life Orb\n|cant|p1b: Lurantis|slp\n|move|p2a: Amoonguss|Sludge Bomb|p1a: Grimmsnarl\n|-supereffective|p1a: Grimmsnarl\n|-damage|p1a: Grimmsnarl|52\/100 tox\n|\n|-heal|p1b: Lurantis|56\/100 slp|[from] item: Leftovers\n|-heal|p1a: Grimmsnarl|58\/100 tox|[from] item: Leftovers\n|-damage|p1a: Grimmsnarl|46\/100 tox|[from] psn\n|upkeep\n|turn|5\n|\n|t:|1698165953\n|move|p1a: Grimmsnarl|Fake Tears|p1b: Lurantis\n|-boost|p1b: Lurantis|spd|2\n|move|p2b: Armarouge|Armor Cannon|p1b: Lurantis\n|-supereffective|p1b: Lurantis\n|-damage|p1b: Lurantis|22\/100 slp\n|-unboost|p2b: Armarouge|def|1\n|-unboost|p2b: Armarouge|spd|1\n|-damage|p2b: Armarouge|81\/100|[from] item: Life Orb\n|-curestatus|p1b: Lurantis|slp|[msg]\n|move|p1b: Lurantis|Leech Life|p2b: Armarouge\n|-damage|p2b: Armarouge|27\/100\n|-heal|p1b: Lurantis|52\/100|[from] drain|[of] p2b: Armarouge\n|-ability|p2b: Armarouge|Weak Armor|boost\n|-unboost|p2b: Armarouge|def|1\n|-boost|p2b: Armarouge|spe|2\n|move|p2a: Amoonguss|Sludge Bomb|p1a: Grimmsnarl\n|-supereffective|p1a: Grimmsnarl\n|-damage|p1a: Grimmsnarl|7\/100 tox\n|\n|-heal|p1b: Lurantis|58\/100|[from] item: Leftovers\n|-heal|p1a: Grimmsnarl|13\/100 tox|[from] item: Leftovers\n|-damage|p1a: Grimmsnarl|0 fnt|[from] psn\n|faint|p1a: Grimmsnarl\n|upkeep\n|\n|t:|1698165969\n|switch|p1a: Talonflame|Talonflame, F|100\/100\n|turn|6\n|\n|t:|1698165979\n|move|p1a: Talonflame|Defog|p1b: Lurantis\n|-boost|p1b: Lurantis|evasion|1\n|move|p2b: Armarouge|Armor Cannon|p1b: Lurantis\n|-supereffective|p1b: Lurantis\n|-damage|p1b: Lurantis|23\/100\n|-unboost|p2b: Armarouge|def|1\n|-unboost|p2b: Armarouge|spd|1\n|-damage|p2b: Armarouge|17\/100|[from] item: Life Orb\n|move|p1b: Lurantis|Superpower|p2b: Armarouge\n|-resisted|p2b: Armarouge\n|-damage|p2b: Armarouge|0 fnt\n|-boost|p1b: Lurantis|atk|1\n|-boost|p1b: Lurantis|def|1\n|faint|p2b: Armarouge\n|move|p2a: Amoonguss|Spore|p1b: Lurantis\n|-status|p1b: Lurantis|slp|[from] move: Spore\n|\n|-heal|p1b: Lurantis|29\/100 slp|[from] item: Leftovers\n|upkeep\n|\n|t:|1698165991\n|switch|p2b: Krookodile|Krookodile, M|100\/100\n|turn|7\n|\n|t:|1698165997\n|move|p1a: Talonflame|Defog|p1b: Lurantis\n|-boost|p1b: Lurantis|evasion|1\n|move|p2b: Krookodile|Earthquake|p1a: Talonflame|[spread] p2a\n|-immune|p1a: Talonflame\n|-miss|p2b: Krookodile|p1b: Lurantis\n|-damage|p2a: Amoonguss|66\/100\n|cant|p1b: Lurantis|slp\n|move|p2a: Amoonguss|Sludge Bomb|p1a: Talonflame\n|-damage|p1a: Talonflame|65\/100\n|\n|-heal|p1b: Lurantis|35\/100 slp|[from] item: Leftovers\n|upkeep\n|turn|8\n|\n|t:|1698166016\n|move|p2b: Krookodile|Earthquake|p1b: Lurantis|[spread] p2a\n|-immune|p1a: Talonflame\n|-miss|p2b: Krookodile|p1b: Lurantis\n|-damage|p2a: Amoonguss|31\/100\n|move|p1a: Talonflame|Defog|p1b: Lurantis\n|-boost|p1b: Lurantis|evasion|1\n|cant|p1b: Lurantis|slp\n|move|p2a: Amoonguss|Sludge Bomb|p1b: Lurantis\n|-immune|p1b: Lurantis\n|\n|-heal|p1b: Lurantis|41\/100 slp|[from] item: Leftovers\n|upkeep\n|turn|9\n|\n|t:|1698166034\n|switch|p2b: Gyarados|Gyarados, F|100\/100\n|move|p1a: Talonflame|Defog|p1b: Lurantis\n|-boost|p1b: Lurantis|evasion|1\n|cant|p1b: Lurantis|slp\n|move|p2a: Amoonguss|Spore|p1a: Talonflame\n|-status|p1a: Talonflame|slp|[from] move: Spore\n|\n|-heal|p1b: Lurantis|47\/100 slp|[from] item: Leftovers\n|upkeep\n|turn|10\n|\n|t:|1698166052\n|cant|p1a: Talonflame|slp\n|-curestatus|p1b: Lurantis|slp|[msg]\n|move|p1b: Lurantis|Leech Life|p2a: Amoonguss\n|-damage|p2a: Amoonguss|0 fnt\n|-heal|p1b: Lurantis|66\/100|[from] drain|[of] p2a: Amoonguss\n|faint|p2a: Amoonguss\n|move|p2b: Gyarados|Waterfall|p1a: Talonflame\n|-supereffective|p1a: Talonflame\n|-damage|p1a: Talonflame|0 fnt\n|faint|p1a: Talonflame\n|-ability|p2b: Gyarados|Moxie|boost\n|-boost|p2b: Gyarados|atk|1\n|\n|-heal|p1b: Lurantis|72\/100|[from] item: Leftovers\n|upkeep\n|\n|t:|1698166069\n|switch|p1a: Espeon|Espeon, M|100\/100\n|switch|p2a: Zapdos|Zapdos-Galar|77\/100 slp\n|turn|11\n|\n|t:|1698166090\n|move|p1a: Espeon|Protect|p1a: Espeon\n|-singleturn|p1a: Espeon|Protect\n|cant|p2a: Zapdos|slp\n|move|p1b: Lurantis|Leaf Storm|p2b: Gyarados\n|-damage|p2b: Gyarados|62\/100\n|-boost|p1b: Lurantis|spa|2\n|move|p2b: Gyarados|Dragon Tail|p1b: Lurantis|[miss]\n|-miss|p2b: Gyarados|p1b: Lurantis\n|\n|-heal|p1b: Lurantis|78\/100|[from] item: Leftovers\n|upkeep\n|turn|12\n|\n|t:|1698166111\n|move|p2b: Gyarados|Protect|p2b: Gyarados\n|-singleturn|p2b: Gyarados|Protect\n|move|p1a: Espeon|Psych Up|p1b: Lurantis\n|-copyboost|p1a: Espeon|p1b: Lurantis|[from] move: Psych Up\n|cant|p2a: Zapdos|slp\n|move|p1b: Lurantis|Leaf Storm|p2b: Gyarados\n|-activate|p2b: Gyarados|move: Protect\n|\n|-heal|p1b: Lurantis|84\/100|[from] item: Leftovers\n|upkeep\n|turn|13\n|\n|t:|1698166134\n|move|p2b: Gyarados|Protect||[still]\n|-fail|p2b: Gyarados\n|move|p1a: Espeon|Stored Power|p2a: Zapdos\n|-supereffective|p2a: Zapdos\n|-damage|p2a: Zapdos|0 fnt\n|faint|p2a: Zapdos\n|move|p1b: Lurantis|Leaf Storm|p2b: Gyarados\n|-damage|p2b: Gyarados|0 fnt\n|-boost|p1b: Lurantis|spa|2\n|faint|p2b: Gyarados\n|\n|-heal|p1b: Lurantis|91\/100|[from] item: Leftovers\n|upkeep\n|inactive|rafamseabra has 120 seconds left.\n|\n|t:|1698166150\n|switch|p2a: Krookodile|Krookodile, M|100\/100\n|switch|p2b: Hatterene|Hatterene, F|100\/100\n|turn|14\n|\n|t:|1698166160\n|move|p1a: Espeon|Stored Power|p2b: Hatterene\n|-resisted|p2b: Hatterene\n|-enditem|p2b: Hatterene|Focus Sash\n|-damage|p2b: Hatterene|1\/100\n|move|p2a: Krookodile|Close Combat|p1b: Lurantis|[miss]\n|-miss|p2a: Krookodile|p1b: Lurantis\n|move|p1b: Lurantis|Superpower|p2a: Krookodile\n|-supereffective|p2a: Krookodile\n|-damage|p2a: Krookodile|0 fnt\n|-boost|p1b: Lurantis|atk|1\n|-boost|p1b: Lurantis|def|1\n|faint|p2a: Krookodile\n|move|p2b: Hatterene|Draining Kiss|p1a: Espeon\n|-damage|p1a: Espeon|89\/100\n|-heal|p2b: Hatterene|8\/100|[from] drain|[of] p1a: Espeon\n|\n|-heal|p1a: Espeon|95\/100|[from] item: Leftovers\n|-heal|p1b: Lurantis|97\/100|[from] item: Leftovers\n|upkeep\n|turn|15\n|\n|t:|1698166182\n|move|p1a: Espeon|Draining Kiss|p2b: Hatterene\n|-damage|p2b: Hatterene|0 fnt\n|-heal|p1a: Espeon|100\/100|[from] drain|[of] p2b: Hatterene\n|faint|p2b: Hatterene\n|\n|win|SXD2002\n|raw|SXD2002's rating: 1105 &rarr; <strong>1131<\/strong><br \/>(+26 for winning)\n|raw|rafamseabra's rating: 1123 &rarr; <strong>1097<\/strong><br \/>(-26 for losing)\n|c|\u2606SXD2002|gg\n|l|\u2606rafamseabra\n","uploadtime":1698166192,"views":11,"p1id":"sxd2002","p2id":"rafamseabra","formatid":"gen9doublesou","rating":1097,"private":0,"password":""}