{"id":"gen9doublesou-1974859855","p1":"woop all am","p2":"kirito_school","format":"[Gen 9] Doubles OU","log":"|j|\u2606woop all am\n|j|\u2606kirito_school\n|t:|1698136103\n|gametype|doubles\n|player|p1|woop all am|170|1000\n|player|p2|kirito_school|170|1052\n|teamsize|p1|6\n|teamsize|p2|6\n|gen|9\n|tier|[Gen 9] Doubles OU\n|rated|\n|rule|Species Clause: Limit one of each Pok\u00e9mon\n|rule|OHKO Clause: OHKO moves are banned\n|rule|Evasion Moves Clause: Evasion moves are banned\n|rule|Gravity Sleep Clause: The combination of sleep-inducing moves with imperfect accuracy and Gravity or Gigantamax Orbeetle are banned\n|rule|Endless Battle Clause: Forcing endless battles is banned\n|rule|HP Percentage Mod: HP is shown in percentages\n|clearpoke\n|poke|p1|Cresselia, F|\n|poke|p1|Ogerpon-Wellspring, F|\n|poke|p1|Ursaluna-Bloodmoon, M|\n|poke|p1|Iron Hands|\n|poke|p1|Torkoal, M|\n|poke|p1|Mimikyu, F|\n|poke|p2|Garchomp, F|\n|poke|p2|Orthworm, F|\n|poke|p2|Dragonite, F|\n|poke|p2|Gholdengo|\n|poke|p2|Iron Bundle|\n|poke|p2|Landorus-Therian, M|\n|teampreview\n|inactive|Battle timer is ON: inactive players will automatically lose when time's up. (requested by kirito_school)\n|inactive|woop all am has 120 seconds left.\n|\n|t:|1698136136\n|start\n|switch|p1a: Co-Op|Cresselia, F|100\/100\n|switch|p1b: Tescos|Ursaluna-Bloodmoon, M|100\/100\n|switch|p2a: Iron Bundle|Iron Bundle|100\/100\n|switch|p2b: Dragonite|Dragonite, F|100\/100\n|turn|1\n|\n|t:|1698136158\n|move|p1b: Tescos|Protect|p1b: Tescos\n|-singleturn|p1b: Tescos|Protect\n|move|p2a: Iron Bundle|Snowscape|p2a: Iron Bundle\n|-weather|Snow\n|move|p2b: Dragonite|Tailwind|p2b: Dragonite\n|-sidestart|p2: kirito_school|move: Tailwind\n|move|p1a: Co-Op|Trick Room|p1a: Co-Op\n|-fieldstart|move: Trick Room|[of] p1a: Co-Op\n|\n|-weather|Snow|[upkeep]\n|upkeep\n|turn|2\n|inactive|woop all am has 120 seconds left.\n|\n|t:|1698136192\n|move|p1b: Tescos|Blood Moon|p2a: Iron Bundle\n|-damage|p2a: Iron Bundle|0 fnt\n|faint|p2a: Iron Bundle\n|-end|p2a: Iron Bundle|Quark Drive|[silent]\n|move|p1a: Co-Op|Psychic|p2b: Dragonite\n|-damage|p2b: Dragonite|89\/100\n|move|p2b: Dragonite|Blizzard|p1a: Co-Op|[spread] p1a,p1b\n|-supereffective|p1b: Tescos\n|-damage|p1a: Co-Op|84\/100\n|-damage|p1b: Tescos|23\/100\n|\n|-weather|Snow|[upkeep]\n|-heal|p1b: Tescos|29\/100|[from] item: Leftovers\n|upkeep\n|\n|t:|1698136204\n|switch|p2a: Landorus|Landorus-Therian, M, shiny|100\/100\n|-ability|p2a: Landorus|Intimidate|boost\n|-unboost|p1a: Co-Op|atk|1\n|-unboost|p1b: Tescos|atk|1\n|turn|3\n|\n|t:|1698136219\n|move|p1b: Tescos|Protect|p1b: Tescos\n|-singleturn|p1b: Tescos|Protect\n|move|p1a: Co-Op|Lunar Blessing|p1a: Co-Op|[spread] p1a,p1b\n|-heal|p1a: Co-Op|100\/100\n|-heal|p1b: Tescos|54\/100\n|move|p2b: Dragonite|Blizzard|p1a: Co-Op|[spread] p1a\n|-activate|p1b: Tescos|move: Protect\n|-damage|p1a: Co-Op|84\/100\n|move|p2a: Landorus|Swords Dance|p2a: Landorus\n|-boost|p2a: Landorus|atk|2\n|\n|-weather|Snow|[upkeep]\n|-heal|p1b: Tescos|60\/100|[from] item: Leftovers\n|upkeep\n|turn|4\n|\n|t:|1698136240\n|-terastallize|p1b: Tescos|Ghost\n|move|p1b: Tescos|Blood Moon|p2a: Landorus\n|-enditem|p2a: Landorus|Focus Sash\n|-damage|p2a: Landorus|1\/100\n|move|p1a: Co-Op|Lunar Blessing|p1a: Co-Op|[spread] p1a,p1b\n|-heal|p1a: Co-Op|100\/100\n|-heal|p1b: Tescos|85\/100\n|move|p2b: Dragonite|Blizzard|p1a: Co-Op|[spread] p1a,p1b\n|-damage|p1a: Co-Op|84\/100\n|-damage|p1b: Tescos|52\/100\n|move|p2a: Landorus|Brick Break|p1a: Co-Op\n|-resisted|p1a: Co-Op\n|-damage|p1a: Co-Op|65\/100\n|\n|-weather|Snow|[upkeep]\n|-heal|p1b: Tescos|58\/100|[from] item: Leftovers\n|-sideend|p2: kirito_school|move: Tailwind\n|upkeep\n|turn|5\n|inactive|woop all am has 120 seconds left.\n|\n|t:|1698136296\n|move|p1b: Tescos|Moonblast|p2a: Landorus\n|-damage|p2a: Landorus|0 fnt\n|faint|p2a: Landorus\n|move|p1a: Co-Op|Lunar Blessing|p1a: Co-Op|[spread] p1a,p1b\n|-heal|p1a: Co-Op|90\/100\n|-heal|p1b: Tescos|83\/100\n|move|p2b: Dragonite|Blizzard|p1a: Co-Op|[spread] p1a,p1b\n|-damage|p1a: Co-Op|74\/100\n|-damage|p1b: Tescos|46\/100\n|\n|-weather|none\n|-heal|p1b: Tescos|52\/100|[from] item: Leftovers\n|-fieldend|move: Trick Room\n|upkeep\n|inactive|kirito_school has 120 seconds left.\n|\n|t:|1698136309\n|switch|p2a: Gholdengo|Gholdengo|100\/100\n|turn|6\n|inactive|woop all am has 120 seconds left.\n|\n|t:|1698136321\n|move|p1b: Tescos|Protect|p1b: Tescos\n|-singleturn|p1b: Tescos|Protect\n|move|p2a: Gholdengo|Make It Rain|p1b: Tescos|[spread] p1a\n|-activate|p1b: Tescos|move: Protect\n|-damage|p1a: Co-Op|36\/100\n|-unboost|p2a: Gholdengo|spa|1\n|-damage|p2a: Gholdengo|91\/100|[from] item: Life Orb\n|move|p2b: Dragonite|Tailwind|p2b: Dragonite\n|-sidestart|p2: kirito_school|move: Tailwind\n|move|p1a: Co-Op|Trick Room|p1a: Co-Op\n|-fieldstart|move: Trick Room|[of] p1a: Co-Op\n|\n|-heal|p1b: Tescos|58\/100|[from] item: Leftovers\n|upkeep\n|turn|7\n|inactive|woop all am has 120 seconds left.\n|\n|t:|1698136351\n|move|p1b: Tescos|Blood Moon|p2b: Dragonite\n|-damage|p2b: Dragonite|5\/100\n|move|p1a: Co-Op|Lunar Blessing|p1a: Co-Op|[spread] p1a,p1b\n|-heal|p1a: Co-Op|61\/100\n|-heal|p1b: Tescos|83\/100\n|move|p2b: Dragonite|Blizzard|p1b: Tescos|[spread] p1b\n|-miss|p2b: Dragonite|p1a: Co-Op\n|-damage|p1b: Tescos|49\/100\n|move|p2a: Gholdengo|Nasty Plot|p2a: Gholdengo\n|-boost|p2a: Gholdengo|spa|2\n|\n|-heal|p1b: Tescos|55\/100|[from] item: Leftovers\n|upkeep\n|turn|8\n|inactive|woop all am has 120 seconds left.\n|\n|t:|1698136383\n|move|p1b: Tescos|Earth Power|p2a: Gholdengo\n|-supereffective|p2a: Gholdengo\n|-damage|p2a: Gholdengo|0 fnt\n|faint|p2a: Gholdengo\n|move|p1a: Co-Op|Lunar Blessing|p1a: Co-Op|[spread] p1a,p1b\n|-heal|p1a: Co-Op|86\/100\n|-heal|p1b: Tescos|80\/100\n|move|p2b: Dragonite|Thunder|p1a: Co-Op|[miss]\n|-miss|p2b: Dragonite|p1a: Co-Op\n|\n|-heal|p1b: Tescos|86\/100|[from] item: Leftovers\n|upkeep\n|\n|t:|1698136400\n|switch|p2a: Orthworm|Orthworm, F|100\/100\n|turn|9\n|\n|t:|1698136413\n|move|p2a: Orthworm|Protect|p2a: Orthworm\n|-singleturn|p2a: Orthworm|Protect\n|move|p1b: Tescos|Earth Power|p2a: Orthworm\n|-activate|p2a: Orthworm|move: Protect\n|move|p1a: Co-Op|Psychic|p2b: Dragonite\n|-damage|p2b: Dragonite|0 fnt\n|faint|p2b: Dragonite\n|\n|-heal|p1b: Tescos|92\/100|[from] item: Leftovers\n|-sideend|p2: kirito_school|move: Tailwind\n|upkeep\n|\n|t:|1698136423\n|switch|p2b: Garchomp|Garchomp, F, shiny|100\/100\n|turn|10\n|-message|kirito_school forfeited.\n|\n|win|woop all am\n|raw|woop all am's rating: 1000 &rarr; <strong>1046<\/strong><br \/>(+46 for winning)\n|raw|kirito_school's rating: 1052 &rarr; <strong>1032<\/strong><br \/>(-20 for losing)\n|l|\u2606kirito_school\n","uploadtime":1698136466,"views":13,"p1id":"woopallam","p2id":"kiritoschool","formatid":"gen9doublesou","rating":1032,"private":0,"password":""}