{"id":"gen9doublesou-1975587283","p1":"Sargenbob","p2":"RegiSaint","format":"[Gen 9] Doubles OU","log":"|j|\u2606Sargenbob\n|j|\u2606RegiSaint\n|t:|1698208748\n|gametype|doubles\n|player|p1|Sargenbob|red|1058\n|player|p2|RegiSaint|102|1089\n|teamsize|p1|6\n|teamsize|p2|6\n|gen|9\n|tier|[Gen 9] Doubles OU\n|rated|\n|rule|Species Clause: Limit one of each Pok\u00e9mon\n|rule|OHKO Clause: OHKO moves are banned\n|rule|Evasion Moves Clause: Evasion moves are banned\n|rule|Gravity Sleep Clause: The combination of sleep-inducing moves with imperfect accuracy and Gravity or Gigantamax Orbeetle are banned\n|rule|Endless Battle Clause: Forcing endless battles is banned\n|rule|HP Percentage Mod: HP is shown in percentages\n|clearpoke\n|poke|p1|Oranguru, M|\n|poke|p1|Torkoal, F|\n|poke|p1|Amoonguss, M|\n|poke|p1|Garganacl, M|\n|poke|p1|Toxapex, M|\n|poke|p1|Vikavolt, M|\n|poke|p2|Tyranitar, F|\n|poke|p2|Houndstone, F|\n|poke|p2|Great Tusk|\n|poke|p2|Gastrodon, M|\n|poke|p2|Corviknight, F|\n|poke|p2|Goodra-Hisui, M|\n|teampreview\n|inactive|Battle timer is ON: inactive players will automatically lose when time's up. (requested by RegiSaint)\n|\n|t:|1698208767\n|start\n|switch|p1a: Donkey Kong|Oranguru, M, shiny|100\/100\n|switch|p1b: Rafael|Torkoal, F, shiny|100\/100\n|switch|p2a: Tyranitar|Tyranitar, F|100\/100\n|switch|p2b: Corviknight|Corviknight, F|100\/100\n|-weather|Sandstorm|[from] ability: Sand Stream|[of] p2a: Tyranitar\n|-weather|SunnyDay|[from] ability: Drought|[of] p1b: Rafael\n|turn|1\n|inactive|RegiSaint has 120 seconds left.\n|\n|t:|1698208813\n|switch|p2b: Gastrodon|Gastrodon, M|100\/100\n|move|p1b: Rafael|Protect|p1b: Rafael\n|-singleturn|p1b: Rafael|Protect\n|move|p2a: Tyranitar|Crunch|p1a: Donkey Kong\n|-supereffective|p1a: Donkey Kong\n|-damage|p1a: Donkey Kong|20\/100\n|move|p1a: Donkey Kong|Trick Room|p1a: Donkey Kong\n|-fieldstart|move: Trick Room|[of] p1a: Donkey Kong\n|\n|-weather|SunnyDay|[upkeep]\n|upkeep\n|turn|2\n|inactive|RegiSaint has 120 seconds left.\n|\n|t:|1698208842\n|switch|p2a: Great Tusk|Great Tusk|100\/100\n|-activate|p2a: Great Tusk|ability: Protosynthesis\n|-start|p2a: Great Tusk|protosynthesisatk\n|move|p1b: Rafael|Eruption|p2a: Great Tusk|[spread] p2a,p2b\n|-crit|p2a: Great Tusk\n|-resisted|p2b: Gastrodon\n|-damage|p2a: Great Tusk|0 fnt\n|-damage|p2b: Gastrodon|61\/100\n|faint|p2a: Great Tusk\n|-end|p2a: Great Tusk|Protosynthesis|[silent]\n|move|p1a: Donkey Kong|Instruct|p1b: Rafael\n|-singleturn|p1b: Rafael|move: Instruct|[of] p1a: Donkey Kong\n|move|p1b: Rafael|Eruption|p2b: Gastrodon\n|-resisted|p2b: Gastrodon\n|-damage|p2b: Gastrodon|5\/100\n|move|p2b: Gastrodon|Earth Power|p1b: Rafael\n|-supereffective|p1b: Rafael\n|-damage|p1b: Rafael|0 fnt\n|faint|p1b: Rafael\n|\n|-weather|SunnyDay|[upkeep]\n|upkeep\n|inactive|RegiSaint has 120 seconds left.\n|\n|t:|1698208869\n|switch|p1b: Steven|Vikavolt, M, shiny|100\/100\n|switch|p2a: Tyranitar|Tyranitar, F|100\/100\n|-weather|Sandstorm|[from] ability: Sand Stream|[of] p2a: Tyranitar\n|turn|3\n|inactive|RegiSaint has 120 seconds left.\n|\n|t:|1698208887\n|move|p1a: Donkey Kong|Protect|p1a: Donkey Kong\n|-singleturn|p1a: Donkey Kong|Protect\n|move|p1b: Steven|Energy Ball|p2b: Gastrodon\n|-supereffective|p2b: Gastrodon\n|-damage|p2b: Gastrodon|0 fnt\n|faint|p2b: Gastrodon\n|move|p2a: Tyranitar|Brick Break|p1b: Steven\n|-resisted|p1b: Steven\n|-damage|p1b: Steven|86\/100\n|\n|-weather|Sandstorm|[upkeep]\n|-damage|p1b: Steven|80\/100|[from] Sandstorm\n|-damage|p1a: Donkey Kong|14\/100|[from] Sandstorm\n|upkeep\n|\n|t:|1698208907\n|switch|p2b: Goodra|Goodra-Hisui, M|100\/100\n|turn|4\n|inactive|RegiSaint has 120 seconds left.\n|\n|t:|1698208920\n|move|p1b: Steven|Discharge|p2a: Tyranitar|[spread] p2a,p2b\n|-activate|p1a: Donkey Kong|ability: Telepathy\n|-resisted|p2b: Goodra\n|-damage|p2a: Tyranitar|88\/100\n|-damage|p2b: Goodra|92\/100\n|move|p1a: Donkey Kong|Instruct|p1b: Steven\n|-singleturn|p1b: Steven|move: Instruct|[of] p1a: Donkey Kong\n|move|p1b: Steven|Discharge|p2a: Tyranitar|[spread] p2a,p2b\n|-activate|p1a: Donkey Kong|ability: Telepathy\n|-resisted|p2b: Goodra\n|-damage|p2a: Tyranitar|76\/100\n|-damage|p2b: Goodra|84\/100\n|-status|p2b: Goodra|par\n|cant|p2b: Goodra|par\n|move|p2a: Tyranitar|Crunch|p1b: Steven\n|-damage|p1b: Steven|34\/100\n|-enditem|p1b: Steven|Sitrus Berry|[eat]\n|-heal|p1b: Steven|59\/100|[from] item: Sitrus Berry\n|\n|-weather|Sandstorm|[upkeep]\n|-damage|p1b: Steven|53\/100|[from] Sandstorm\n|-damage|p1a: Donkey Kong|8\/100|[from] Sandstorm\n|-heal|p2b: Goodra|90\/100 par|[from] item: Leftovers\n|upkeep\n|turn|5\n|l|\u2606Sargenbob\n|inactive|Sargenbob disconnected and has a minute to reconnect!\n|player|p1|\n|inactive|RegiSaint has 120 seconds left.\n|\n|t:|1698208948\n|move|p1a: Donkey Kong|Protect|p1a: Donkey Kong\n|-singleturn|p1a: Donkey Kong|Protect\n|move|p2b: Goodra|Acid Armor|p2b: Goodra\n|-boost|p2b: Goodra|def|2\n|move|p1b: Steven|Energy Ball|p2a: Tyranitar\n|-supereffective|p2a: Tyranitar\n|-damage|p2a: Tyranitar|52\/100\n|-unboost|p2a: Tyranitar|spd|1\n|move|p2a: Tyranitar|Crunch|p1b: Steven\n|-damage|p1b: Steven|4\/100\n|-unboost|p1b: Steven|def|1\n|\n|-weather|Sandstorm|[upkeep]\n|-damage|p1b: Steven|0 fnt|[from] Sandstorm\n|-damage|p1a: Donkey Kong|2\/100|[from] Sandstorm\n|faint|p1b: Steven\n|-heal|p2b: Goodra|96\/100 par|[from] item: Leftovers\n|-fieldend|move: Trick Room\n|upkeep\n|j|\u2606Sargenbob\n|inactive|Sargenbob reconnected and has 140 seconds left.\n|player|p1|Sargenbob|red\n|l|\u2606Sargenbob\n|inactive|Sargenbob disconnected and has a minute to reconnect!\n|player|p1|\n|j|\u2606Sargenbob\n|inactive|Sargenbob reconnected and has 120 seconds left.\n|player|p1|Sargenbob|red\n|\n|t:|1698208996\n|switch|p1b: Stronghold|Garganacl, M|100\/100\n|turn|6\n|inactive|Sargenbob has 120 seconds left.\n|c|\u2606Sargenbob|slay\n|inactive|RegiSaint has 120 seconds left.\n|\n|t:|1698209039\n|move|p2a: Tyranitar|Iron Head|p1b: Stronghold\n|-supereffective|p1b: Stronghold\n|-damage|p1b: Stronghold|61\/100\n|cant|p2b: Goodra|par\n|move|p1b: Stronghold|Salt Cure|p2b: Goodra\n|-resisted|p2b: Goodra\n|-damage|p2b: Goodra|94\/100 par\n|-start|p2b: Goodra|Salt Cure\n|move|p1a: Donkey Kong|Trick Room|p1a: Donkey Kong\n|-fieldstart|move: Trick Room|[of] p1a: Donkey Kong\n|\n|-weather|Sandstorm|[upkeep]\n|-damage|p1a: Donkey Kong|0 fnt|[from] Sandstorm\n|faint|p1a: Donkey Kong\n|-heal|p1b: Stronghold|67\/100|[from] item: Leftovers\n|-heal|p2b: Goodra|99\/100 par|[from] item: Leftovers\n|-damage|p2b: Goodra|75\/100 par|[from] Salt Cure\n|upkeep\n|inactive|Sargenbob has 120 seconds left.\n|l|\u2606Sargenbob\n|inactive|Sargenbob disconnected and has a minute to reconnect!\n|player|p1|\n|j|\u2606Sargenbob\n|inactive|Sargenbob reconnected and has 90 seconds left.\n|player|p1|Sargenbob|red\n|\n|t:|1698209082\n|switch|p1a: Toad|Amoonguss, M, shiny|100\/100\n|turn|7\n|\n|t:|1698209102\n|move|p1b: Stronghold|Salt Cure|p2a: Tyranitar\n|-damage|p2a: Tyranitar|42\/100\n|-start|p2a: Tyranitar|Salt Cure\n|cant|p2b: Goodra|par\n|move|p1a: Toad|Spore|p2a: Tyranitar\n|-status|p2a: Tyranitar|slp|[from] move: Spore\n|cant|p2a: Tyranitar|slp\n|\n|-weather|none\n|-heal|p1b: Stronghold|73\/100|[from] item: Leftovers\n|-heal|p2b: Goodra|81\/100 par|[from] item: Leftovers\n|-damage|p2b: Goodra|56\/100 par|[from] Salt Cure\n|-damage|p2a: Tyranitar|29\/100 slp|[from] Salt Cure\n|upkeep\n|turn|8\n|inactive|Sargenbob has 120 seconds left.\n|inactive|RegiSaint has 120 seconds left.\n|\n|t:|1698209138\n|move|p1b: Stronghold|Iron Defense|p1b: Stronghold\n|-boost|p1b: Stronghold|def|2\n|move|p2b: Goodra|Draco Meteor|p1a: Toad\n|-damage|p1a: Toad|58\/100\n|-unboost|p2b: Goodra|spa|2\n|-enditem|p1a: Toad|Eject Button\n|\n|t:|1698209146\n|switch|p1a: Tank|Toxapex, M, shiny|100\/100\n|cant|p2a: Tyranitar|slp\n|\n|-heal|p1b: Stronghold|79\/100|[from] item: Leftovers\n|-heal|p2b: Goodra|62\/100 par|[from] item: Leftovers\n|-damage|p2b: Goodra|37\/100 par|[from] Salt Cure\n|-damage|p2a: Tyranitar|17\/100 slp|[from] Salt Cure\n|upkeep\n|turn|9\n|inactive|Sargenbob has 120 seconds left.\n|\n|t:|1698209166\n|switch|p1a: Toad|Amoonguss, M, shiny|91\/100\n|move|p1b: Stronghold|Iron Defense|p1b: Stronghold\n|-boost|p1b: Stronghold|def|2\n|move|p2b: Goodra|Sandstorm|p2b: Goodra\n|-weather|Sandstorm\n|cant|p2a: Tyranitar|slp\n|\n|-weather|Sandstorm|[upkeep]\n|-damage|p1a: Toad|85\/100|[from] Sandstorm\n|-heal|p1b: Stronghold|86\/100|[from] item: Leftovers\n|-heal|p2b: Goodra|43\/100 par|[from] item: Leftovers\n|-damage|p2b: Goodra|18\/100 par|[from] Salt Cure\n|-damage|p2a: Tyranitar|5\/100 slp|[from] Salt Cure\n|upkeep\n|turn|10\n|\n|t:|1698209192\n|move|p1b: Stronghold|Iron Defense|p1b: Stronghold\n|-boost|p1b: Stronghold|def|2\n|move|p2b: Goodra|Draco Meteor|p1a: Toad\n|-damage|p1a: Toad|65\/100\n|-unboost|p2b: Goodra|spa|2\n|move|p1a: Toad|Foul Play|p2b: Goodra\n|-damage|p2b: Goodra|11\/100 par\n|-curestatus|p2a: Tyranitar|slp|[msg]\n|move|p2a: Tyranitar|Thunder Punch|p1a: Toad\n|-resisted|p1a: Toad\n|-damage|p1a: Toad|54\/100\n|\n|-weather|Sandstorm|[upkeep]\n|-damage|p1a: Toad|48\/100|[from] Sandstorm\n|-heal|p1b: Stronghold|92\/100|[from] item: Leftovers\n|-heal|p2b: Goodra|17\/100 par|[from] item: Leftovers\n|-damage|p2b: Goodra|0 fnt|[from] Salt Cure\n|faint|p2b: Goodra\n|-damage|p2a: Tyranitar|0 fnt|[from] Salt Cure\n|faint|p2a: Tyranitar\n|-fieldend|move: Trick Room\n|upkeep\n|inactive|RegiSaint has 120 seconds left.\n|\n|t:|1698209216\n|switch|p2a: Corviknight|Corviknight, F|100\/100\n|switch|p2b: Houndstone|Houndstone, F|100\/100\n|turn|11\n|\n|t:|1698209224\n|move|p2b: Houndstone|Last Respects|p1b: Stronghold\n|-damage|p1b: Stronghold|81\/100\n|move|p2a: Corviknight|Brave Bird|p1a: Toad\n|-supereffective|p1a: Toad\n|-damage|p1a: Toad|0 fnt\n|faint|p1a: Toad\n|-damage|p2a: Corviknight|82\/100|[from] Recoil\n|move|p1b: Stronghold|Salt Cure|p2a: Corviknight\n|-damage|p2a: Corviknight|73\/100\n|-start|p2a: Corviknight|Salt Cure\n|\n|-weather|Sandstorm|[upkeep]\n|-heal|p1b: Stronghold|87\/100|[from] item: Leftovers\n|-damage|p2a: Corviknight|48\/100|[from] Salt Cure\n|upkeep\n|\n|t:|1698209238\n|switch|p1a: Tank|Toxapex, M, shiny|100\/100\n|turn|12\n|\n|t:|1698209256\n|move|p2b: Houndstone|Last Respects|p1a: Tank\n|-damage|p1a: Tank|11\/100\n|move|p2a: Corviknight|Iron Defense|p2a: Corviknight\n|-boost|p2a: Corviknight|def|2\n|move|p1a: Tank|Toxic|p2b: Houndstone\n|-status|p2b: Houndstone|tox\n|move|p1b: Stronghold|Salt Cure|p2b: Houndstone\n|-damage|p2b: Houndstone|84\/100 tox\n|-start|p2b: Houndstone|Salt Cure\n|\n|-weather|Sandstorm|[upkeep]\n|-damage|p1a: Tank|5\/100|[from] Sandstorm\n|-heal|p1a: Tank|11\/100|[from] item: Leftovers\n|-heal|p1b: Stronghold|94\/100|[from] item: Leftovers\n|-damage|p2b: Houndstone|78\/100 tox|[from] psn\n|-damage|p2b: Houndstone|66\/100 tox|[from] Salt Cure\n|-damage|p2a: Corviknight|23\/100|[from] Salt Cure\n|upkeep\n|turn|13\n|\n|t:|1698209278\n|move|p2b: Houndstone|Last Respects|p1a: Tank\n|-damage|p1a: Tank|0 fnt\n|faint|p1a: Tank\n|move|p2a: Corviknight|Roost|p2a: Corviknight\n|-heal|p2a: Corviknight|73\/100\n|-singleturn|p2a: Corviknight|move: Roost\n|move|p1b: Stronghold|Salt Cure|p2b: Houndstone\n|-damage|p2b: Houndstone|49\/100 tox\n|\n|-weather|none\n|-heal|p1b: Stronghold|99\/100|[from] item: Leftovers\n|-damage|p2b: Houndstone|37\/100 tox|[from] psn\n|-damage|p2b: Houndstone|25\/100 tox|[from] Salt Cure\n|-damage|p2a: Corviknight|48\/100|[from] Salt Cure\n|upkeep\n|turn|14\n|\n|t:|1698209303\n|move|p2b: Houndstone|Fire Fang|p1b: Stronghold\n|-resisted|p1b: Stronghold\n|-damage|p1b: Stronghold|98\/100\n|move|p2a: Corviknight|Iron Defense|p2a: Corviknight\n|-boost|p2a: Corviknight|def|2\n|move|p1b: Stronghold|Body Press|p2a: Corviknight\n|-damage|p2a: Corviknight|24\/100\n|-damage|p1b: Stronghold|82\/100|[from] item: Rocky Helmet|[of] p2a: Corviknight\n|\n|-heal|p1b: Stronghold|88\/100|[from] item: Leftovers\n|-damage|p2b: Houndstone|7\/100 tox|[from] psn\n|-damage|p2b: Houndstone|0 fnt|[from] Salt Cure\n|faint|p2b: Houndstone\n|-damage|p2a: Corviknight|0 fnt|[from] Salt Cure\n|faint|p2a: Corviknight\n|\n|win|Sargenbob\n|upkeep\n|raw|Sargenbob's rating: 1058 &rarr; <strong>1092<\/strong><br \/>(+34 for winning)\n|raw|RegiSaint's rating: 1089 &rarr; <strong>1064<\/strong><br \/>(-25 for losing)\n|c|\u2606Sargenbob|gg\n","uploadtime":1698209322,"views":27,"p1id":"sargenbob","p2id":"regisaint","formatid":"gen9doublesou","rating":1064,"private":0,"password":""}