{"id":"gen9doublesou-1994202794","p1":"kalykeasteria","p2":"Goblin_Lover","format":"[Gen 9] Doubles OU","log":"|j|\u2606kalykeasteria\n|j|\u2606Goblin_Lover\n|t:|1700418457\n|gametype|doubles\n|player|p1|kalykeasteria|winona|1059\n|player|p2|Goblin_Lover|169|1127\n|teamsize|p1|6\n|teamsize|p2|6\n|gen|9\n|tier|[Gen 9] Doubles OU\n|rated|\n|rule|Species Clause: Limit one of each Pok\u00e9mon\n|rule|OHKO Clause: OHKO moves are banned\n|rule|Evasion Moves Clause: Evasion moves are banned\n|rule|Gravity Sleep Clause: The combination of sleep-inducing moves with imperfect accuracy and Gravity or Gigantamax Orbeetle are banned\n|rule|Endless Battle Clause: Forcing endless battles is banned\n|rule|HP Percentage Mod: HP is shown in percentages\n|clearpoke\n|poke|p1|Mesprit|\n|poke|p1|Indeedee-F, F|\n|poke|p1|Armarouge, F|\n|poke|p1|Hatterene, F|\n|poke|p1|Ting-Lu|\n|poke|p1|Ursaluna-Bloodmoon, M|\n|poke|p2|Volcarona, M|\n|poke|p2|Oricorio-Sensu, M|\n|poke|p2|Sinistcha|\n|poke|p2|Lilligant, F|\n|poke|p2|Ogerpon-Wellspring, F|\n|poke|p2|Iron Hands|\n|teampreview\n|\n|t:|1700418474\n|start\n|switch|p1a: Mesprit|Mesprit|100\/100\n|switch|p1b: Indeedee|Indeedee-F, F|100\/100\n|switch|p2a: Iron Hands|Iron Hands|100\/100\n|switch|p2b: Ogerpon|Ogerpon-Wellspring, F|100\/100\n|-fieldstart|move: Psychic Terrain|[from] ability: Psychic Surge|[of] p1b: Indeedee\n|-enditem|p1b: Indeedee|Psychic Seed\n|-boost|p1b: Indeedee|spd|1|[from] item: Psychic Seed\n|turn|1\n|\n|t:|1700418500\n|-terastallize|p2b: Ogerpon|Water\n|detailschange|p2b: Ogerpon|Ogerpon-Wellspring-Tera, F, tera:Water\n|-ability|p2b: Ogerpon|Embody Aspect (Wellspring)|boost\n|-boost|p2b: Ogerpon|spd|1\n|-terastallize|p1a: Mesprit|Electric\n|move|p2a: Iron Hands|Fake Out|p1b: Indeedee\n|-activate|p1b: Indeedee|move: Psychic Terrain\n|move|p2b: Ogerpon|Ivy Cudgel|p1a: Mesprit|[anim] Ivy Cudgel Water\n|-damage|p1a: Mesprit|35\/100\n|move|p1a: Mesprit|Thunderbolt|p2b: Ogerpon\n|-supereffective|p2b: Ogerpon\n|-damage|p2b: Ogerpon|39\/100\n|move|p1b: Indeedee|Trick Room|p1b: Indeedee\n|-fieldstart|move: Trick Room|[of] p1b: Indeedee\n|\n|upkeep\n|turn|2\n|\n|t:|1700418527\n|move|p2a: Iron Hands|Detect|p2a: Iron Hands\n|-singleturn|p2a: Iron Hands|Protect\n|move|p2b: Ogerpon|Spiky Shield|p2b: Ogerpon\n|-singleturn|p2b: Ogerpon|move: Protect\n|move|p1a: Mesprit|Thunderbolt|p2b: Ogerpon\n|-activate|p2b: Ogerpon|move: Protect\n|move|p1b: Indeedee|Heal Pulse|p1a: Mesprit\n|-heal|p1a: Mesprit|85\/100\n|\n|upkeep\n|turn|3\n|\n|t:|1700418553\n|-end|p2a: Iron Hands|Quark Drive|[silent]\n|switch|p2a: Sinistcha|Sinistcha|100\/100\n|-heal|p2b: Ogerpon|64\/100|[from] ability: Hospitality|[of] p2a: Sinistcha\n|move|p1b: Indeedee|Helping Hand|p1a: Mesprit\n|-singleturn|p1a: Mesprit|Helping Hand|[of] p1b: Indeedee\n|move|p1a: Mesprit|Expanding Force|p2a: Sinistcha\n|-damage|p2a: Sinistcha|13\/100\n|move|p2b: Ogerpon|Horn Leech|p1a: Mesprit\n|-damage|p1a: Mesprit|47\/100\n|-heal|p2b: Ogerpon|84\/100|[from] drain|[of] p1a: Mesprit\n|\n|upkeep\n|turn|4\n|\n|t:|1700418574\n|move|p1b: Indeedee|Helping Hand|p1a: Mesprit\n|-singleturn|p1a: Mesprit|Helping Hand|[of] p1b: Indeedee\n|move|p2a: Sinistcha|Rage Powder|p2a: Sinistcha\n|-singleturn|p2a: Sinistcha|move: Rage Powder\n|move|p1a: Mesprit|Thunderbolt|p2a: Sinistcha\n|-resisted|p2a: Sinistcha\n|-damage|p2a: Sinistcha|0 fnt\n|faint|p2a: Sinistcha\n|move|p2b: Ogerpon|Ivy Cudgel|p1a: Mesprit|[anim] Ivy Cudgel Water\n|-damage|p1a: Mesprit|0 fnt\n|faint|p1a: Mesprit\n|\n|upkeep\n|\n|t:|1700418592\n|switch|p2a: Iron Hands|Iron Hands|100\/100\n|switch|p1a: Armarouge|Armarouge, F|100\/100\n|turn|5\n|\n|t:|1700418603\n|move|p1b: Indeedee|Helping Hand|p1a: Armarouge\n|-singleturn|p1a: Armarouge|Helping Hand|[of] p1b: Indeedee\n|move|p2a: Iron Hands|Fake Out|p1a: Armarouge\n|-activate|p1a: Armarouge|move: Psychic Terrain\n|move|p1a: Armarouge|Expanding Force|p2a: Iron Hands|[spread] p2a,p2b\n|-supereffective|p2a: Iron Hands\n|-damage|p2a: Iron Hands|0 fnt\n|-damage|p2b: Ogerpon|0 fnt\n|faint|p2a: Iron Hands\n|-end|p2a: Iron Hands|Quark Drive|[silent]\n|faint|p2b: Ogerpon\n|-damage|p1a: Armarouge|91\/100|[from] item: Life Orb\n|\n|-fieldend|move: Trick Room\n|-fieldend|move: Psychic Terrain\n|upkeep\n|\n|t:|1700418620\n|switch|p2b: Volcarona|Volcarona, M|100\/100\n|switch|p2a: Oricorio|Oricorio-Sensu, M|100\/100\n|turn|6\n|\n|t:|1700418641\n|move|p2b: Volcarona|Fiery Dance|p1b: Indeedee\n|-damage|p1b: Indeedee|79\/100\n|-boost|p2b: Volcarona|spa|1\n|-activate|p2a: Oricorio|ability: Dancer\n|move|p2a: Oricorio|Fiery Dance|p1b: Indeedee|[from]ability: Dancer\n|-damage|p1b: Indeedee|70\/100\n|move|p2a: Oricorio|Substitute|p2a: Oricorio\n|-start|p2a: Oricorio|Substitute\n|-damage|p2a: Oricorio|76\/100\n|move|p1a: Armarouge|Aura Sphere|p2b: Volcarona\n|-resisted|p2b: Volcarona\n|-damage|p2b: Volcarona|82\/100\n|-damage|p1a: Armarouge|81\/100|[from] item: Life Orb\n|move|p1b: Indeedee|Trick Room|p1b: Indeedee\n|-fieldstart|move: Trick Room|[of] p1b: Indeedee\n|\n|-heal|p2a: Oricorio|82\/100|[from] item: Leftovers\n|upkeep\n|turn|7\n|\n|t:|1700418680\n|switch|p1b: Hatterene|Hatterene, F|100\/100\n|move|p1a: Armarouge|Expanding Force|p2b: Volcarona\n|-damage|p2b: Volcarona|23\/100\n|-enditem|p2b: Volcarona|Aguav Berry|[eat]\n|-heal|p2b: Volcarona|56\/100|[from] item: Aguav Berry\n|-damage|p1a: Armarouge|71\/100|[from] item: Life Orb\n|move|p2a: Oricorio|Revelation Dance|p1b: Hatterene\n|-supereffective|p1b: Hatterene\n|-damage|p1b: Hatterene|43\/100\n|move|p2b: Volcarona|Quiver Dance|p2b: Volcarona\n|-boost|p2b: Volcarona|spa|1\n|-boost|p2b: Volcarona|spd|1\n|-boost|p2b: Volcarona|spe|1\n|-activate|p2a: Oricorio|ability: Dancer\n|move|p2a: Oricorio|Quiver Dance|p2a: Oricorio|[from]ability: Dancer\n|-boost|p2a: Oricorio|spa|1\n|-boost|p2a: Oricorio|spd|1\n|-boost|p2a: Oricorio|spe|1\n|\n|-heal|p2a: Oricorio|88\/100|[from] item: Leftovers\n|upkeep\n|turn|8\n|\n|t:|1700418712\n|switch|p1b: Indeedee|Indeedee-F, F|70\/100\n|-fieldstart|move: Psychic Terrain|[from] ability: Psychic Surge|[of] p1b: Indeedee\n|move|p2b: Volcarona|Protect|p2b: Volcarona\n|-singleturn|p2b: Volcarona|Protect\n|move|p1a: Armarouge|Expanding Force|p2a: Oricorio|[spread] p2a\n|-activate|p2b: Volcarona|move: Protect\n|-end|p2a: Oricorio|Substitute\n|-damage|p1a: Armarouge|61\/100|[from] item: Life Orb\n|move|p2a: Oricorio|Revelation Dance|p1b: Indeedee\n|-immune|p1b: Indeedee\n|\n|-heal|p2a: Oricorio|94\/100|[from] item: Leftovers\n|upkeep\n|turn|9\n|\n|t:|1700418749\n|move|p1b: Indeedee|Helping Hand|p1a: Armarouge\n|-singleturn|p1a: Armarouge|Helping Hand|[of] p1b: Indeedee\n|move|p2a: Oricorio|Protect|p2a: Oricorio\n|-singleturn|p2a: Oricorio|Protect\n|move|p1a: Armarouge|Expanding Force|p2b: Volcarona|[spread] p2b\n|-activate|p2a: Oricorio|move: Protect\n|-damage|p2b: Volcarona|0 fnt\n|faint|p2b: Volcarona\n|-damage|p1a: Armarouge|51\/100|[from] item: Life Orb\n|\n|-heal|p2a: Oricorio|99\/100|[from] item: Leftovers\n|upkeep\n|\n|t:|1700418763\n|switch|p2b: Lilligant|Lilligant, F|100\/100\n|turn|10\n|\n|t:|1700418791\n|move|p1b: Indeedee|Helping Hand|p1a: Armarouge\n|-singleturn|p1a: Armarouge|Helping Hand|[of] p1b: Indeedee\n|move|p1a: Armarouge|Flamethrower|p2b: Lilligant\n|-supereffective|p2b: Lilligant\n|-enditem|p2b: Lilligant|Focus Sash\n|-damage|p2b: Lilligant|1\/100\n|-damage|p1a: Armarouge|41\/100|[from] item: Life Orb\n|move|p2b: Lilligant|Quiver Dance|p2b: Lilligant\n|-boost|p2b: Lilligant|spa|1\n|-boost|p2b: Lilligant|spd|1\n|-boost|p2b: Lilligant|spe|1\n|-activate|p2a: Oricorio|ability: Dancer\n|move|p2a: Oricorio|Quiver Dance|p2a: Oricorio|[from]ability: Dancer\n|-boost|p2a: Oricorio|spa|1\n|-boost|p2a: Oricorio|spd|1\n|-boost|p2a: Oricorio|spe|1\n|move|p2a: Oricorio|Substitute|p2a: Oricorio\n|-start|p2a: Oricorio|Substitute\n|-damage|p2a: Oricorio|75\/100\n|\n|-heal|p2a: Oricorio|81\/100|[from] item: Leftovers\n|-fieldend|move: Trick Room\n|upkeep\n|turn|11\n|\n|t:|1700418821\n|move|p2a: Oricorio|Revelation Dance|p1a: Armarouge\n|-supereffective|p1a: Armarouge\n|-damage|p1a: Armarouge|0 fnt\n|faint|p1a: Armarouge\n|move|p2b: Lilligant|Petal Dance|p1b: Indeedee\n|-damage|p1b: Indeedee|18\/100\n|-activate|p2a: Oricorio|ability: Dancer\n|move|p2a: Oricorio|Petal Dance|p1b: Indeedee|[from]ability: Dancer\n|-damage|p1b: Indeedee|0 fnt\n|faint|p1b: Indeedee\n|\n|-heal|p2a: Oricorio|88\/100|[from] item: Leftovers\n|upkeep\n|\n|t:|1700418846\n|switch|p1b: Hatterene|Hatterene, F|43\/100\n|switch|p1a: Ting-Lu|Ting-Lu|100\/100\n|-ability|p1a: Ting-Lu|Vessel of Ruin\n|turn|12\n|\n|t:|1700418856\n|move|p1b: Hatterene|Protect|p1b: Hatterene\n|-singleturn|p1b: Hatterene|Protect\n|move|p2a: Oricorio|Revelation Dance|p1b: Hatterene\n|-activate|p1b: Hatterene|move: Protect\n|move|p2b: Lilligant|Petal Dance|p1b: Hatterene|[from]lockedmove\n|-activate|p1b: Hatterene|move: Protect\n|move|p1a: Ting-Lu|Earthquake|p2b: Lilligant|[spread] p2b\n|-activate|p1b: Hatterene|move: Protect\n|-immune|p2a: Oricorio\n|-resisted|p2b: Lilligant\n|-damage|p2b: Lilligant|0 fnt\n|faint|p2b: Lilligant\n|-damage|p1a: Ting-Lu|91\/100|[from] item: Life Orb\n|\n|-heal|p2a: Oricorio|94\/100|[from] item: Leftovers\n|-fieldend|move: Psychic Terrain\n|upkeep\n|turn|13\n|\n|t:|1700418882\n|move|p2a: Oricorio|Revelation Dance|p1b: Hatterene\n|-supereffective|p1b: Hatterene\n|-damage|p1b: Hatterene|0 fnt\n|faint|p1b: Hatterene\n|move|p1a: Ting-Lu|Ruination|p2a: Oricorio\n|-end|p2a: Oricorio|Substitute\n|-damage|p1a: Ting-Lu|81\/100|[from] item: Life Orb\n|\n|-heal|p2a: Oricorio|99\/100|[from] item: Leftovers\n|upkeep\n|\n|t:|1700418895\n|switch|p1b: Ursaluna|Ursaluna-Bloodmoon, M|100\/100\n|turn|14\n|\n|t:|1700418905\n|move|p2a: Oricorio|Revelation Dance|p1a: Ting-Lu\n|-resisted|p1a: Ting-Lu\n|-damage|p1a: Ting-Lu|59\/100\n|move|p1b: Ursaluna|Moonblast|p2a: Oricorio\n|-damage|p2a: Oricorio|81\/100\n|move|p1a: Ting-Lu|Ruination|p2a: Oricorio\n|-damage|p2a: Oricorio|41\/100\n|-damage|p1a: Ting-Lu|49\/100|[from] item: Life Orb\n|\n|-heal|p2a: Oricorio|47\/100|[from] item: Leftovers\n|upkeep\n|turn|15\n|\n|t:|1700418926\n|move|p2a: Oricorio|Protect|p2a: Oricorio\n|-singleturn|p2a: Oricorio|Protect\n|move|p1b: Ursaluna|Blood Moon|p2a: Oricorio\n|-activate|p2a: Oricorio|move: Protect\n|move|p1a: Ting-Lu|Ruination|p2a: Oricorio\n|-activate|p2a: Oricorio|move: Protect\n|\n|-heal|p2a: Oricorio|53\/100|[from] item: Leftovers\n|upkeep\n|turn|16\n|\n|t:|1700418942\n|move|p2a: Oricorio|Revelation Dance|p1a: Ting-Lu\n|-resisted|p1a: Ting-Lu\n|-damage|p1a: Ting-Lu|27\/100\n|move|p1b: Ursaluna|Moonblast|p2a: Oricorio\n|-damage|p2a: Oricorio|33\/100\n|-unboost|p2a: Oricorio|spa|1\n|move|p1a: Ting-Lu|Ruination|p2a: Oricorio\n|-damage|p2a: Oricorio|17\/100\n|-damage|p1a: Ting-Lu|17\/100|[from] item: Life Orb\n|\n|-heal|p2a: Oricorio|23\/100|[from] item: Leftovers\n|upkeep\n|turn|17\n|\n|t:|1700418959\n|move|p2a: Oricorio|Protect|p2a: Oricorio\n|-singleturn|p2a: Oricorio|Protect\n|move|p1b: Ursaluna|Moonblast|p2a: Oricorio\n|-activate|p2a: Oricorio|move: Protect\n|move|p1a: Ting-Lu|Ruination|p2a: Oricorio\n|-activate|p2a: Oricorio|move: Protect\n|\n|-heal|p2a: Oricorio|29\/100|[from] item: Leftovers\n|upkeep\n|turn|18\n|\n|t:|1700418972\n|move|p2a: Oricorio|Substitute|p2a: Oricorio\n|-start|p2a: Oricorio|Substitute\n|-damage|p2a: Oricorio|4\/100\n|move|p1b: Ursaluna|Blood Moon|p2a: Oricorio\n|-end|p2a: Oricorio|Substitute\n|move|p1a: Ting-Lu|Ruination|p2a: Oricorio\n|-damage|p2a: Oricorio|3\/100\n|-damage|p1a: Ting-Lu|7\/100|[from] item: Life Orb\n|\n|-heal|p2a: Oricorio|9\/100|[from] item: Leftovers\n|upkeep\n|turn|19\n|\n|t:|1700418990\n|move|p2a: Oricorio|Protect|p2a: Oricorio\n|-singleturn|p2a: Oricorio|Protect\n|move|p1b: Ursaluna|Moonblast|p2a: Oricorio\n|-activate|p2a: Oricorio|move: Protect\n|move|p1a: Ting-Lu|Ruination|p2a: Oricorio\n|-activate|p2a: Oricorio|move: Protect\n|\n|-heal|p2a: Oricorio|15\/100|[from] item: Leftovers\n|upkeep\n|turn|20\n|\n|t:|1700419006\n|move|p2a: Oricorio|Revelation Dance|p1b: Ursaluna\n|-immune|p1b: Ursaluna\n|move|p1b: Ursaluna|Moonblast|p2a: Oricorio\n|-damage|p2a: Oricorio|0 fnt\n|faint|p2a: Oricorio\n|\n|win|kalykeasteria\n|raw|kalykeasteria's rating: 1059 &rarr; <strong>1096<\/strong><br \/>(+37 for winning)\n|raw|Goblin_Lover's rating: 1127 &rarr; <strong>1097<\/strong><br \/>(-30 for losing)\n|l|\u2606Goblin_Lover\n","uploadtime":1700419023,"views":14,"p1id":"kalykeasteria","p2id":"goblinlover","formatid":"gen9doublesou","rating":1096,"private":0,"password":""}