{"id":"gen9doublesou-1982923368","p1":"maticam","p2":"OwenWLY2","format":"[Gen 9] Doubles OU","log":"|j|\u2606maticam\n|j|\u2606OwenWLY2\n|t:|1699059122\n|gametype|doubles\n|player|p1|maticam|cheren|1125\n|player|p2|OwenWLY2|bugcatcher-gen4dp|1196\n|teamsize|p1|6\n|teamsize|p2|6\n|gen|9\n|tier|[Gen 9] Doubles OU\n|rated|\n|rule|Species Clause: Limit one of each Pok\u00e9mon\n|rule|OHKO Clause: OHKO moves are banned\n|rule|Evasion Moves Clause: Evasion moves are banned\n|rule|Gravity Sleep Clause: The combination of sleep-inducing moves with imperfect accuracy and Gravity or Gigantamax Orbeetle are banned\n|rule|Endless Battle Clause: Forcing endless battles is banned\n|rule|HP Percentage Mod: HP is shown in percentages\n|clearpoke\n|poke|p1|Ogerpon, F|\n|poke|p1|Slowbro, F|\n|poke|p1|Quagsire, M|\n|poke|p1|Mamoswine, M|\n|poke|p1|Enamorus, F|\n|poke|p1|Munkidori, M|\n|poke|p2|Sinistcha-Masterpiece|\n|poke|p2|Iron Hands|\n|poke|p2|Gyarados, M|\n|poke|p2|Heatran, F|\n|poke|p2|Grimmsnarl, M|\n|poke|p2|Kommo-o, M|\n|teampreview\n|\n|t:|1699059146\n|start\n|switch|p1a: Ogerpon|Ogerpon, F|100\/100\n|switch|p1b: Mamoswine|Mamoswine, M, shiny|100\/100\n|switch|p2a: Iron Hands|Iron Hands|100\/100\n|switch|p2b: Gyarados|Gyarados, M|100\/100\n|-ability|p2b: Gyarados|Intimidate|boost\n|-unboost|p1a: Ogerpon|atk|1\n|-ability|p1a: Ogerpon|Defiant|boost\n|-boost|p1a: Ogerpon|atk|2\n|-unboost|p1b: Mamoswine|atk|1\n|turn|1\n|\n|t:|1699059167\n|move|p1b: Mamoswine|Protect|p1b: Mamoswine\n|-singleturn|p1b: Mamoswine|Protect\n|move|p2a: Iron Hands|Fake Out|p1a: Ogerpon\n|-damage|p1a: Ogerpon|82\/100\n|cant|p1a: Ogerpon|flinch\n|move|p2b: Gyarados|Thunder Wave|p1a: Ogerpon\n|-status|p1a: Ogerpon|par\n|\n|upkeep\n|turn|2\n|\n|t:|1699059210\n|switch|p1b: Quagsire|Quagsire, M|100\/100\n|move|p2b: Gyarados|Waterfall|p1b: Quagsire\n|-immune|p1b: Quagsire|[from] ability: Water Absorb\n|move|p2a: Iron Hands|Drain Punch|p1b: Quagsire\n|-damage|p1b: Quagsire|66\/100\n|move|p1a: Ogerpon|Knock Off|p2b: Gyarados\n|-damage|p2b: Gyarados|48\/100\n|-enditem|p2b: Gyarados|Leftovers|[from] move: Knock Off|[of] p1a: Ogerpon\n|\n|upkeep\n|turn|3\n|-activate|p1b: Quagsire|item: Quick Claw\n|\n|t:|1699059232\n|move|p2b: Gyarados|Protect|p2b: Gyarados\n|-singleturn|p2b: Gyarados|Protect\n|move|p1b: Quagsire|Yawn|p2a: Iron Hands\n|-start|p2a: Iron Hands|move: Yawn|[of] p1b: Quagsire\n|move|p2a: Iron Hands|Volt Switch|p1a: Ogerpon\n|-resisted|p1a: Ogerpon\n|-damage|p1a: Ogerpon|76\/100 par\n|\n|t:|1699059242\n|-end|p2a: Iron Hands|Quark Drive|[silent]\n|switch|p2a: Grimmsnarl|Grimmsnarl, M|100\/100|[from] Volt Switch\n|move|p1a: Ogerpon|Rock Tomb|p2b: Gyarados\n|-activate|p2b: Gyarados|move: Protect\n|\n|upkeep\n|turn|4\n|\n|t:|1699059283\n|switch|p1a: Enamorus|Enamorus, F|100\/100\n|move|p2a: Grimmsnarl|Fake Out|p1a: Enamorus\n|-damage|p1a: Enamorus|83\/100\n|move|p2b: Gyarados|Taunt|p1b: Quagsire\n|-start|p1b: Quagsire|move: Taunt\n|cant|p1b: Quagsire|move: Taunt|Eerie Impulse\n|\n|upkeep\n|turn|5\n|\n|t:|1699059312\n|switch|p1b: Slowbro|Slowbro, F, shiny|100\/100\n|move|p2a: Grimmsnarl|Parting Shot|p1b: Slowbro\n|-unboost|p1b: Slowbro|atk|1\n|-unboost|p1b: Slowbro|spa|1\n|\n|t:|1699059338\n|switch|p2a: Sinistcha|Sinistcha-Masterpiece|100\/100|[from] Parting Shot\n|-heal|p2b: Gyarados|73\/100|[from] ability: Hospitality|[of] p2a: Sinistcha\n|move|p1a: Enamorus|Springtide Storm|p2a: Sinistcha|[spread] p2a\n|-miss|p1a: Enamorus|p2b: Gyarados\n|-damage|p2a: Sinistcha|52\/100\n|-unboost|p2a: Sinistcha|atk|1\n|move|p2b: Gyarados|Thunder Wave|p1a: Enamorus\n|-status|p1a: Enamorus|par\n|\n|upkeep\n|turn|6\n|\n|t:|1699059363\n|move|p2b: Gyarados|Taunt|p1b: Slowbro\n|-start|p1b: Slowbro|move: Taunt\n|move|p2a: Sinistcha|Matcha Gotcha|p1a: Enamorus|[spread] p1b\n|-miss|p2a: Sinistcha|p1a: Enamorus\n|-supereffective|p1b: Slowbro\n|-damage|p1b: Slowbro|50\/100\n|-heal|p2a: Sinistcha|80\/100|[from] drain|[of] p1b: Slowbro\n|-status|p1b: Slowbro|brn\n|-enditem|p1b: Slowbro|Lum Berry|[eat]\n|-curestatus|p1b: Slowbro|brn|[msg]\n|move|p1a: Enamorus|Springtide Storm|p2b: Gyarados|[spread] p2a,p2b\n|-damage|p2a: Sinistcha|27\/100\n|-damage|p2b: Gyarados|46\/100\n|cant|p1b: Slowbro|move: Taunt|Calm Mind\n|\n|upkeep\n|turn|7\n|\n|t:|1699059388\n|switch|p1b: Ogerpon|Ogerpon, F|76\/100 par\n|move|p2b: Gyarados|Protect|p2b: Gyarados\n|-singleturn|p2b: Gyarados|Protect\n|move|p2a: Sinistcha|Matcha Gotcha|p1b: Ogerpon|[spread] p1a,p1b\n|-resisted|p1a: Enamorus\n|-resisted|p1b: Ogerpon\n|-damage|p1a: Enamorus|65\/100 par\n|-heal|p2a: Sinistcha|34\/100|[from] drain|[of] p1a: Enamorus\n|-damage|p1b: Ogerpon|64\/100 par\n|-heal|p2a: Sinistcha|40\/100|[from] drain|[of] p1b: Ogerpon\n|move|p1a: Enamorus|Springtide Storm|p2a: Sinistcha|[spread] p2a\n|-activate|p2b: Gyarados|move: Protect\n|-damage|p2a: Sinistcha|0 fnt\n|faint|p2a: Sinistcha\n|\n|upkeep\n|\n|t:|1699059415\n|switch|p2a: Heatran|Heatran, F|100\/100\n|turn|8\n|\n|t:|1699059426\n|switch|p1a: Quagsire|Quagsire, M|66\/100\n|move|p2b: Gyarados|Waterfall|p1a: Quagsire\n|-heal|p1a: Quagsire|91\/100|[from] ability: Water Absorb|[of] p2b: Gyarados\n|move|p2a: Heatran|Flash Cannon|p1a: Quagsire\n|-resisted|p1a: Quagsire\n|-damage|p1a: Quagsire|71\/100\n|move|p1b: Ogerpon|Rock Tomb|p2b: Gyarados|[miss]\n|-miss|p1b: Ogerpon|p2b: Gyarados\n|\n|upkeep\n|turn|9\n|\n|t:|1699059447\n|switch|p1b: Munkidori|Munkidori, M|100\/100\n|move|p2b: Gyarados|Taunt|p1a: Quagsire\n|-start|p1a: Quagsire|move: Taunt\n|move|p2a: Heatran|Will-O-Wisp|p1a: Quagsire\n|-status|p1a: Quagsire|brn\n|move|p1a: Quagsire|Bulldoze|p2b: Gyarados|[spread] p1b,p2a\n|-immune|p2b: Gyarados\n|-supereffective|p1b: Munkidori\n|-supereffective|p2a: Heatran\n|-damage|p1b: Munkidori|82\/100\n|-damage|p2a: Heatran|82\/100\n|-unboost|p1b: Munkidori|spe|1\n|-unboost|p2a: Heatran|spe|1\n|\n|-damage|p1a: Quagsire|65\/100 brn|[from] brn\n|upkeep\n|turn|10\n|\n|t:|1699059473\n|move|p2a: Heatran|Protect|p2a: Heatran\n|-singleturn|p2a: Heatran|Protect\n|move|p1b: Munkidori|Fake Out|p2b: Gyarados\n|-damage|p2b: Gyarados|36\/100\n|-damage|p1b: Munkidori|72\/100|[from] item: Life Orb\n|cant|p2b: Gyarados|flinch\n|move|p1a: Quagsire|Bulldoze|p2a: Heatran|[spread] p1b\n|-activate|p2a: Heatran|move: Protect\n|-immune|p2b: Gyarados\n|-supereffective|p1b: Munkidori\n|-damage|p1b: Munkidori|53\/100\n|-unboost|p1b: Munkidori|spe|1\n|\n|-damage|p1a: Quagsire|59\/100 brn|[from] brn\n|upkeep\n|turn|11\n|\n|t:|1699059492\n|switch|p1b: Enamorus|Enamorus, F|65\/100 par\n|move|p2b: Gyarados|Thunder Wave|p1b: Enamorus\n|-fail|p1b: Enamorus|par\n|move|p2a: Heatran|Heat Wave|p1b: Enamorus|[spread] p1a,p1b\n|-resisted|p1a: Quagsire\n|-damage|p1a: Quagsire|40\/100 brn\n|-damage|p1b: Enamorus|24\/100 par\n|move|p1a: Quagsire|Bulldoze|p2a: Heatran|[spread] p2a\n|-immune|p1b: Enamorus\n|-immune|p2b: Gyarados\n|-supereffective|p2a: Heatran\n|-damage|p2a: Heatran|63\/100\n|-unboost|p2a: Heatran|spe|1\n|\n|-damage|p1a: Quagsire|34\/100 brn|[from] brn\n|-end|p1a: Quagsire|move: Taunt\n|upkeep\n|turn|12\n|\n|t:|1699059516\n|-terastallize|p1b: Enamorus|Electric\n|move|p2b: Gyarados|Taunt|p1a: Quagsire\n|-start|p1a: Quagsire|move: Taunt\n|move|p1b: Enamorus|Tera Blast|p2b: Gyarados|[anim] Tera Blast Electric\n|-supereffective|p2b: Gyarados\n|-damage|p2b: Gyarados|0 fnt\n|faint|p2b: Gyarados\n|cant|p1a: Quagsire|move: Taunt|Eerie Impulse\n|move|p2a: Heatran|Heat Wave|p1b: Enamorus|[spread] p1a,p1b\n|-resisted|p1a: Quagsire\n|-damage|p1a: Quagsire|15\/100 brn\n|-damage|p1b: Enamorus|0 fnt\n|faint|p1b: Enamorus\n|\n|-damage|p1a: Quagsire|9\/100 brn|[from] brn\n|upkeep\n|\n|t:|1699059534\n|switch|p1b: Mamoswine|Mamoswine, M, shiny|100\/100\n|switch|p2b: Kommo-o|Kommo-o, M|100\/100\n|turn|13\n|\n|t:|1699059549\n|switch|p2a: Grimmsnarl|Grimmsnarl, M|100\/100\n|move|p2b: Kommo-o|Protect|p2b: Kommo-o\n|-singleturn|p2b: Kommo-o|Protect\n|move|p1b: Mamoswine|Icicle Spear|p2b: Kommo-o\n|-activate|p2b: Kommo-o|move: Protect\n|move|p1a: Quagsire|Bulldoze|p2b: Kommo-o|[spread] p1b,p2a\n|-activate|p2b: Kommo-o|move: Protect\n|-damage|p1b: Mamoswine|92\/100\n|-damage|p2a: Grimmsnarl|92\/100\n|-unboost|p1b: Mamoswine|spe|1\n|-unboost|p2a: Grimmsnarl|spe|1\n|\n|-heal|p2a: Grimmsnarl|98\/100|[from] item: Leftovers\n|-damage|p1a: Quagsire|3\/100 brn|[from] brn\n|upkeep\n|turn|14\n|\n|t:|1699059573\n|switch|p2b: Heatran|Heatran, F|63\/100\n|move|p2a: Grimmsnarl|Fake Out|p1a: Quagsire\n|-damage|p1a: Quagsire|0 fnt\n|faint|p1a: Quagsire\n|move|p1b: Mamoswine|Icicle Spear|p2b: Heatran\n|-resisted|p2b: Heatran\n|-damage|p2b: Heatran|61\/100\n|-resisted|p2b: Heatran\n|-damage|p2b: Heatran|59\/100\n|-resisted|p2b: Heatran\n|-damage|p2b: Heatran|56\/100\n|-resisted|p2b: Heatran\n|-damage|p2b: Heatran|54\/100\n|-hitcount|p2b: Heatran|4\n|\n|-heal|p2a: Grimmsnarl|100\/100|[from] item: Leftovers\n|upkeep\n|\n|t:|1699059586\n|switch|p1a: Munkidori|Munkidori, M|53\/100\n|turn|15\n|\n|t:|1699059599\n|switch|p1b: Ogerpon|Ogerpon, F|64\/100 par\n|move|p1a: Munkidori|Fake Out|p2b: Heatran\n|-resisted|p2b: Heatran\n|-damage|p2b: Heatran|51\/100\n|-damage|p1a: Munkidori|37\/100|[from] item: Rocky Helmet|[of] p2b: Heatran\n|-damage|p1a: Munkidori|27\/100|[from] item: Life Orb\n|move|p2a: Grimmsnarl|Parting Shot|p1a: Munkidori\n|-unboost|p1a: Munkidori|atk|1\n|-unboost|p1a: Munkidori|spa|1\n|\n|t:|1699059607\n|switch|p2a: Iron Hands|Iron Hands|100\/100|[from] Parting Shot\n|cant|p2b: Heatran|flinch\n|\n|upkeep\n|turn|16\n|\n|t:|1699059622\n|move|p2a: Iron Hands|Fake Out|p1b: Ogerpon\n|-damage|p1b: Ogerpon|46\/100 par\n|move|p1a: Munkidori|Psyshock|p2a: Iron Hands\n|-supereffective|p2a: Iron Hands\n|-damage|p2a: Iron Hands|59\/100\n|-damage|p1a: Munkidori|17\/100|[from] item: Life Orb\n|move|p2b: Heatran|Heat Wave|p1b: Ogerpon|[spread] p1a,p1b\n|-supereffective|p1b: Ogerpon\n|-damage|p1a: Munkidori|0 fnt\n|-damage|p1b: Ogerpon|0 fnt\n|faint|p1a: Munkidori\n|faint|p1b: Ogerpon\n|\n|upkeep\n|\n|t:|1699059633\n|switch|p1a: Slowbro|Slowbro, F, shiny|83\/100\n|switch|p1b: Mamoswine|Mamoswine, M, shiny|92\/100\n|turn|17\n|\n|t:|1699059663\n|move|p2b: Heatran|Protect|p2b: Heatran\n|-singleturn|p2b: Heatran|Protect\n|move|p1b: Mamoswine|Trailblaze|p2a: Iron Hands\n|-damage|p2a: Iron Hands|48\/100\n|-boost|p1b: Mamoswine|spe|1\n|move|p2a: Iron Hands|Wild Charge|p1a: Slowbro\n|-supereffective|p1a: Slowbro\n|-damage|p1a: Slowbro|18\/100\n|-damage|p2a: Iron Hands|35\/100|[from] Recoil\n|move|p1a: Slowbro|Calm Mind|p1a: Slowbro\n|-boost|p1a: Slowbro|spa|1\n|-boost|p1a: Slowbro|spd|1\n|\n|upkeep\n|turn|18\n|\n|t:|1699059689\n|move|p1b: Mamoswine|Icicle Spear|p2a: Iron Hands\n|-damage|p2a: Iron Hands|27\/100\n|-damage|p2a: Iron Hands|19\/100\n|-damage|p2a: Iron Hands|11\/100\n|-damage|p2a: Iron Hands|3\/100\n|-damage|p2a: Iron Hands|0 fnt\n|faint|p2a: Iron Hands\n|-end|p2a: Iron Hands|Quark Drive|[silent]\n|-hitcount|p2: Iron Hands|5\n|move|p2b: Heatran|Heat Wave|p1b: Mamoswine|[spread] p1a,p1b\n|-resisted|p1a: Slowbro\n|-supereffective|p1b: Mamoswine\n|-damage|p1a: Slowbro|7\/100\n|-damage|p1b: Mamoswine|46\/100\n|-status|p1b: Mamoswine|brn\n|move|p1a: Slowbro|Surf|p2b: Heatran|[spread] p1b,p2b\n|-supereffective|p1b: Mamoswine\n|-supereffective|p2b: Heatran\n|-damage|p1b: Mamoswine|0 fnt\n|-damage|p2b: Heatran|0 fnt\n|faint|p1b: Mamoswine\n|faint|p2b: Heatran\n|\n|upkeep\n|\n|t:|1699059703\n|switch|p2b: Grimmsnarl|Grimmsnarl, M|100\/100\n|switch|p2a: Kommo-o|Kommo-o, M|100\/100\n|turn|19\n|\n|t:|1699059710\n|move|p2b: Grimmsnarl|Sucker Punch|p1a: Slowbro\n|-supereffective|p1a: Slowbro\n|-damage|p1a: Slowbro|0 fnt\n|faint|p1a: Slowbro\n|\n|win|OwenWLY2\n|raw|maticam's rating: 1125 &rarr; <strong>1105<\/strong><br \/>(-20 for losing)\n|raw|OwenWLY2's rating: 1196 &rarr; <strong>1216<\/strong><br \/>(+20 for winning)\n|l|\u2606maticam\n|l|\u2606OwenWLY2\n|j|\u2606OwenWLY2\n|player|p2|OwenWLY2|bugcatcher-gen4dp\n","uploadtime":1699059774,"views":18,"p1id":"maticam","p2id":"owenwly2","formatid":"gen9doublesou","rating":1105,"private":0,"password":""}