{"id":"gen9doublesou-1990167538","p1":"whoszane","p2":"Battlin' Cats","format":"[Gen 9] Doubles OU","log":"|j|\u2606whoszane\n|j|\u2606Battlin' Cats\n|t:|1699932070\n|gametype|doubles\n|player|p1|whoszane|102|1220\n|player|p2|Battlin' Cats|unknownf|1325\n|teamsize|p1|6\n|teamsize|p2|6\n|gen|9\n|tier|[Gen 9] Doubles OU\n|rated|\n|rule|Species Clause: Limit one of each Pok\u00e9mon\n|rule|OHKO Clause: OHKO moves are banned\n|rule|Evasion Moves Clause: Evasion moves are banned\n|rule|Gravity Sleep Clause: The combination of sleep-inducing moves with imperfect accuracy and Gravity or Gigantamax Orbeetle are banned\n|rule|Endless Battle Clause: Forcing endless battles is banned\n|rule|HP Percentage Mod: HP is shown in percentages\n|clearpoke\n|poke|p1|Golem-Alola, F|\n|poke|p1|Sinistcha|\n|poke|p1|Dondozo, F|\n|poke|p1|Iron Hands|\n|poke|p1|Maushold|\n|poke|p1|Rabsca, M|\n|poke|p2|Wo-Chien|\n|poke|p2|Ting-Lu|\n|poke|p2|Glimmora, M|\n|poke|p2|Palafin, F|\n|poke|p2|Gliscor, F|\n|poke|p2|Arcanine, M|\n|teampreview\n|c|\u2606Battlin' Cats|glhf\n|c|\u2606whoszane|u too\n|\n|t:|1699932079\n|start\n|switch|p1a: Golem|Golem-Alola, F|100\/100\n|switch|p1b: Rabsca|Rabsca, M|100\/100\n|switch|p2a: NEVER GIVE UP!|Glimmora, M|100\/100\n|switch|p2b: SEEK ASSISTENCE!|Palafin, F|100\/100\n|turn|1\n|\n|t:|1699932095\n|detailschange|p2b: SEEK ASSISTENCE!|Palafin-Hero, F\n|switch|p2b: :P|Gliscor, F|100\/100\n|move|p2a: NEVER GIVE UP!|Stealth Rock|p1a: Golem\n|-sidestart|p1: whoszane|move: Stealth Rock\n|move|p1a: Golem|Explosion|p2b: :P|[spread] p2a\n|-activate|p1b: Rabsca|ability: Telepathy\n|-immune|p2b: :P\n|-enditem|p2a: NEVER GIVE UP!|Focus Sash\n|-damage|p2a: NEVER GIVE UP!|1\/100\n|-activate|p2a: NEVER GIVE UP!|ability: Toxic Debris\n|-sidestart|p1: whoszane|move: Toxic Spikes\n|faint|p1a: Golem\n|move|p1b: Rabsca|Trick Room|p1b: Rabsca\n|-fieldstart|move: Trick Room|[of] p1b: Rabsca\n|\n|-status|p2b: :P|tox|[from] item: Toxic Orb\n|upkeep\n|\n|t:|1699932105\n|switch|p1a: Maushold|Maushold|100\/100\n|-damage|p1a: Maushold|88\/100|[from] Stealth Rock\n|-status|p1a: Maushold|psn\n|turn|2\n|\n|t:|1699932125\n|move|p1b: Rabsca|Protect|p1b: Rabsca\n|-singleturn|p1b: Rabsca|Protect\n|move|p2b: :P|Knock Off|p1b: Rabsca\n|-activate|p1b: Rabsca|move: Protect\n|move|p2a: NEVER GIVE UP!|Mortal Spin|p1b: Rabsca|[spread] p1a\n|-activate|p1b: Rabsca|move: Protect\n|-damage|p1a: Maushold|83\/100 psn\n|move|p1a: Maushold|U-turn|p2b: :P\n|-resisted|p2b: :P\n|-damage|p2b: :P|97\/100 tox\n|\n|t:|1699932128\n|switch|p1a: Dondozo|Dondozo, F|100\/100|[from] U-turn\n|-damage|p1a: Dondozo|88\/100|[from] Stealth Rock\n|-status|p1a: Dondozo|psn\n|\n|-heal|p1a: Dondozo|94\/100 psn|[from] item: Leftovers\n|-damage|p1a: Dondozo|82\/100 psn|[from] psn\n|-heal|p2b: :P|100\/100 tox|[from] ability: Poison Heal\n|upkeep\n|turn|3\n|\n|t:|1699932154\n|move|p2a: NEVER GIVE UP!|Spiky Shield|p2a: NEVER GIVE UP!\n|-singleturn|p2a: NEVER GIVE UP!|move: Protect\n|move|p1a: Dondozo|Wave Crash|p2b: :P\n|-supereffective|p2b: :P\n|-damage|p2b: :P|45\/100 tox\n|-damage|p1a: Dondozo|68\/100 psn|[from] Recoil\n|move|p1b: Rabsca|Psychic|p2a: NEVER GIVE UP!\n|-activate|p2a: NEVER GIVE UP!|move: Protect\n|move|p2b: :P|Knock Off|p1a: Dondozo\n|-damage|p1a: Dondozo|55\/100 psn\n|-enditem|p1a: Dondozo|Leftovers|[from] move: Knock Off|[of] p2b: :P\n|\n|-damage|p1a: Dondozo|43\/100 psn|[from] psn\n|-heal|p2b: :P|57\/100 tox|[from] ability: Poison Heal\n|upkeep\n|turn|4\n|\n|t:|1699932174\n|move|p2b: :P|Protect|p2b: :P\n|-singleturn|p2b: :P|Protect\n|move|p1a: Dondozo|Wave Crash|p2b: :P\n|-activate|p2b: :P|move: Protect\n|move|p1b: Rabsca|Psychic|p2a: NEVER GIVE UP!\n|-supereffective|p2a: NEVER GIVE UP!\n|-damage|p2a: NEVER GIVE UP!|0 fnt\n|faint|p2a: NEVER GIVE UP!\n|\n|-damage|p1a: Dondozo|30\/100 psn|[from] psn\n|-heal|p2b: :P|69\/100 tox|[from] ability: Poison Heal\n|upkeep\n|\n|t:|1699932191\n|switch|p2a: SOMEONE CARES!|Wo-Chien|100\/100\n|-ability|p2a: SOMEONE CARES!|Tablets of Ruin\n|turn|5\n|\n|t:|1699932208\n|-terastallize|p2b: :P|Water\n|move|p1b: Rabsca|Protect|p1b: Rabsca\n|-singleturn|p1b: Rabsca|Protect\n|move|p1a: Dondozo|Yawn|p2a: SOMEONE CARES!\n|-start|p2a: SOMEONE CARES!|move: Yawn|[of] p1a: Dondozo\n|move|p2a: SOMEONE CARES!|Reflect|p2a: SOMEONE CARES!\n|-sidestart|p2: Battlin' Cats|Reflect\n|move|p2b: :P|Dual Wingbeat|p1a: Dondozo\n|-damage|p1a: Dondozo|24\/100 psn\n|-damage|p1a: Dondozo|18\/100 psn\n|-hitcount|p1a: Dondozo|2\n|\n|-damage|p1a: Dondozo|6\/100 psn|[from] psn\n|-heal|p2b: :P|82\/100 tox|[from] ability: Poison Heal\n|-fieldend|move: Trick Room\n|upkeep\n|turn|6\n|\n|t:|1699932230\n|switch|p2a: Arcanine|Arcanine, M|100\/100\n|-ability|p2a: Arcanine|Intimidate|boost\n|-fail|p1a: Dondozo|unboost|Attack|[from] ability: Oblivious|[of] p1a: Dondozo\n|-unboost|p1b: Rabsca|atk|1\n|move|p1a: Dondozo|Protect|p1a: Dondozo\n|-singleturn|p1a: Dondozo|Protect\n|move|p2b: :P|Knock Off|p1b: Rabsca\n|-supereffective|p1b: Rabsca\n|-damage|p1b: Rabsca|62\/100\n|-enditem|p1b: Rabsca|Leppa Berry|[from] move: Knock Off|[of] p2b: :P\n|move|p1b: Rabsca|Trick Room|p1b: Rabsca\n|-fieldstart|move: Trick Room|[of] p1b: Rabsca\n|\n|-damage|p1a: Dondozo|0 fnt|[from] psn\n|faint|p1a: Dondozo\n|-heal|p2b: :P|94\/100 tox|[from] ability: Poison Heal\n|upkeep\n|\n|t:|1699932250\n|switch|p1a: Iron Hands|Iron Hands|100\/100\n|-damage|p1a: Iron Hands|94\/100|[from] Stealth Rock\n|-status|p1a: Iron Hands|psn\n|turn|7\n|\n|t:|1699932271\n|switch|p2b: SOMEONE CARES!|Wo-Chien|100\/100\n|-ability|p2b: SOMEONE CARES!|Tablets of Ruin\n|move|p1b: Rabsca|Revival Blessing|p1b: Rabsca\n|\n|t:|1699932276\n|-heal|p1: Golem|50\/100|[from] move: Revival Blessing\n|move|p1a: Iron Hands|Electric Terrain|p1a: Iron Hands\n|-fieldstart|move: Electric Terrain\n|-activate|p1a: Iron Hands|ability: Quark Drive\n|-start|p1a: Iron Hands|quarkdriveatk\n|move|p2a: Arcanine|Snarl|p1b: Rabsca|[spread] p1a,p1b\n|-resisted|p1a: Iron Hands\n|-supereffective|p1b: Rabsca\n|-damage|p1a: Iron Hands|92\/100 psn\n|-damage|p1b: Rabsca|48\/100\n|-unboost|p1a: Iron Hands|spa|1\n|-unboost|p1b: Rabsca|spa|1\n|\n|-damage|p1a: Iron Hands|79\/100 psn|[from] psn\n|upkeep\n|turn|8\n|\n|t:|1699932295\n|switch|p1b: Golem|Golem-Alola, F|50\/100\n|-damage|p1b: Golem|38\/100|[from] Stealth Rock\n|-status|p1b: Golem|psn\n|move|p1a: Iron Hands|Wild Charge|p2a: Arcanine\n|-damage|p2a: Arcanine|59\/100\n|-damage|p1a: Iron Hands|71\/100 psn|[from] Recoil\n|move|p2b: SOMEONE CARES!|Reflect||[still]\n|-fail|p2b: SOMEONE CARES!\n|move|p2a: Arcanine|Flare Blitz|p1b: Golem\n|-resisted|p1b: Golem\n|-damage|p1b: Golem|26\/100 psn\n|-damage|p2a: Arcanine|55\/100|[from] Recoil\n|\n|-damage|p1b: Golem|14\/100 psn|[from] psn\n|-damage|p1a: Iron Hands|58\/100 psn|[from] psn\n|upkeep\n|turn|9\n|\n|t:|1699932310\n|move|p2a: Arcanine|Protect|p2a: Arcanine\n|-singleturn|p2a: Arcanine|Protect\n|move|p1b: Golem|Explosion|p2b: SOMEONE CARES!|[spread] p1a,p2b\n|-activate|p2a: Arcanine|move: Protect\n|-resisted|p1a: Iron Hands\n|-resisted|p2b: SOMEONE CARES!\n|-damage|p1a: Iron Hands|11\/100 psn\n|-damage|p2b: SOMEONE CARES!|60\/100\n|-enditem|p1a: Iron Hands|Sitrus Berry|[eat]\n|-heal|p1a: Iron Hands|36\/100 psn|[from] item: Sitrus Berry\n|faint|p1b: Golem\n|move|p1a: Iron Hands|Drain Punch|p2b: SOMEONE CARES!\n|-supereffective|p2b: SOMEONE CARES!\n|-damage|p2b: SOMEONE CARES!|13\/100\n|-heal|p1a: Iron Hands|54\/100 psn|[from] drain|[of] p2b: SOMEONE CARES!\n|move|p2b: SOMEONE CARES!|Leech Seed|p1a: Iron Hands\n|-start|p1a: Iron Hands|move: Leech Seed\n|\n|-heal|p2b: SOMEONE CARES!|19\/100|[from] item: Leftovers\n|-damage|p1a: Iron Hands|41\/100 psn|[from] Leech Seed|[of] p2b: SOMEONE CARES!\n|-heal|p2b: SOMEONE CARES!|36\/100|[silent]\n|-damage|p1a: Iron Hands|29\/100 psn|[from] psn\n|-sideend|p2: Battlin' Cats|Reflect\n|upkeep\n|\n|t:|1699932324\n|switch|p1b: Maushold|Maushold|83\/100 psn\n|-damage|p1b: Maushold|70\/100 psn|[from] Stealth Rock\n|turn|10\n|\n|t:|1699932352\n|switch|p2b: :P|Gliscor, F, tera:Water|94\/100 tox\n|move|p1a: Iron Hands|Wild Charge|p2a: Arcanine\n|-damage|p2a: Arcanine|0 fnt\n|faint|p2a: Arcanine\n|-damage|p1a: Iron Hands|18\/100 psn|[from] Recoil\n|move|p1b: Maushold|U-turn|p2b: :P\n|-damage|p2b: :P|86\/100 tox\n|\n|t:|1699932361\n|switch|p1b: Sinistcha|Sinistcha|100\/100|[from] U-turn\n|-damage|p1b: Sinistcha|88\/100|[from] Stealth Rock\n|-status|p1b: Sinistcha|psn\n|-heal|p1a: Iron Hands|43\/100 psn|[from] ability: Hospitality|[of] p1b: Sinistcha\n|\n|-damage|p1a: Iron Hands|30\/100 psn|[from] Leech Seed|[of] p2b: :P\n|-heal|p2b: :P|100\/100 tox|[silent]\n|-damage|p1a: Iron Hands|18\/100 psn|[from] psn\n|-damage|p1b: Sinistcha|76\/100 psn|[from] psn\n|-fieldend|move: Trick Room\n|upkeep\n|\n|t:|1699932377\n|switch|p2a: SEEK ASSISTENCE!|Palafin-Hero, F|100\/100\n|-activate|p2a: SEEK ASSISTENCE!|ability: Zero to Hero\n|turn|11\n|\n|t:|1699932390\n|move|p2a: SEEK ASSISTENCE!|Jet Punch|p1a: Iron Hands\n|-damage|p1a: Iron Hands|0 fnt\n|faint|p1a: Iron Hands\n|-end|p1a: Iron Hands|Quark Drive|[silent]\n|move|p2b: :P|Knock Off|p1b: Sinistcha\n|-supereffective|p1b: Sinistcha\n|-damage|p1b: Sinistcha|42\/100 psn\n|-enditem|p1b: Sinistcha|Mental Herb|[from] move: Knock Off|[of] p2b: :P\n|move|p1b: Sinistcha|Matcha Gotcha|p2b: :P|[spread] p2a,p2b\n|-supereffective|p2a: SEEK ASSISTENCE!\n|-supereffective|p2b: :P\n|-damage|p2a: SEEK ASSISTENCE!|44\/100\n|-heal|p1b: Sinistcha|70\/100 psn|[from] drain|[of] p2a: SEEK ASSISTENCE!\n|-damage|p2b: :P|39\/100 tox\n|-heal|p1b: Sinistcha|100\/100 psn|[from] drain|[of] p2b: :P\n|\n|-heal|p2b: :P|52\/100 tox|[from] ability: Poison Heal\n|-damage|p1b: Sinistcha|88\/100 psn|[from] psn\n|-fieldend|move: Electric Terrain\n|upkeep\n|\n|t:|1699932404\n|switch|p1a: Maushold|Maushold|70\/100 psn\n|-damage|p1a: Maushold|58\/100 psn|[from] Stealth Rock\n|turn|12\n|\n|t:|1699932413\n|switch|p2a: YOU ARE LOVED!|Ting-Lu|100\/100\n|-ability|p2a: YOU ARE LOVED!|Vessel of Ruin\n|move|p2b: :P|Protect|p2b: :P\n|-singleturn|p2b: :P|Protect\n|move|p1a: Maushold|Follow Me|p1a: Maushold\n|-singleturn|p1a: Maushold|move: Follow Me\n|move|p1b: Sinistcha|Matcha Gotcha|p2a: YOU ARE LOVED!|[spread] p2a\n|-activate|p2b: :P|move: Protect\n|-supereffective|p2a: YOU ARE LOVED!\n|-damage|p2a: YOU ARE LOVED!|73\/100\n|-heal|p1b: Sinistcha|100\/100 psn|[from] drain|[of] p2a: YOU ARE LOVED!\n|\n|-damage|p1a: Maushold|45\/100 psn|[from] psn\n|-heal|p2b: :P|64\/100 tox|[from] ability: Poison Heal\n|-damage|p1b: Sinistcha|88\/100 psn|[from] psn\n|upkeep\n|turn|13\n|\n|t:|1699932438\n|move|p1a: Maushold|U-turn|p2a: YOU ARE LOVED!\n|-supereffective|p2a: YOU ARE LOVED!\n|-damage|p2a: YOU ARE LOVED!|63\/100\n|\n|t:|1699932441\n|switch|p1a: Rabsca|Rabsca, M|48\/100|[from] U-turn\n|-damage|p1a: Rabsca|23\/100|[from] Stealth Rock\n|-status|p1a: Rabsca|psn\n|move|p2b: :P|Dual Wingbeat|p1b: Sinistcha\n|-supereffective|p1b: Sinistcha\n|-damage|p1b: Sinistcha|66\/100 psn\n|-supereffective|p1b: Sinistcha\n|-damage|p1b: Sinistcha|43\/100 psn\n|-hitcount|p1b: Sinistcha|2\n|move|p1b: Sinistcha|Matcha Gotcha|p2a: YOU ARE LOVED!|[spread] p2a,p2b\n|-supereffective|p2a: YOU ARE LOVED!\n|-supereffective|p2b: :P\n|-damage|p2a: YOU ARE LOVED!|34\/100\n|-heal|p1b: Sinistcha|65\/100 psn|[from] drain|[of] p2a: YOU ARE LOVED!\n|-damage|p2b: :P|20\/100 tox\n|-heal|p1b: Sinistcha|88\/100 psn|[from] drain|[of] p2b: :P\n|move|p2a: YOU ARE LOVED!|Whirlwind|p1b: Sinistcha\n|drag|p1b: Maushold|Maushold|45\/100 psn\n|-damage|p1b: Maushold|33\/100 psn|[from] Stealth Rock\n|\n|-damage|p1b: Maushold|20\/100 psn|[from] psn\n|-heal|p2b: :P|33\/100 tox|[from] ability: Poison Heal\n|-damage|p1a: Rabsca|11\/100 psn|[from] psn\n|upkeep\n|turn|14\n|\n|t:|1699932466\n|move|p2b: :P|Protect|p2b: :P\n|-singleturn|p2b: :P|Protect\n|move|p2a: YOU ARE LOVED!|Protect|p2a: YOU ARE LOVED!\n|-singleturn|p2a: YOU ARE LOVED!|Protect\n|move|p1b: Maushold|U-turn|p2a: YOU ARE LOVED!\n|-activate|p2a: YOU ARE LOVED!|move: Protect\n|move|p1a: Rabsca|Psychic|p2b: :P\n|-activate|p2b: :P|move: Protect\n|\n|-damage|p1b: Maushold|8\/100 psn|[from] psn\n|-heal|p2b: :P|45\/100 tox|[from] ability: Poison Heal\n|-damage|p1a: Rabsca|0 fnt|[from] psn\n|faint|p1a: Rabsca\n|upkeep\n|\n|t:|1699932470\n|switch|p1a: Sinistcha|Sinistcha|88\/100 psn\n|-damage|p1a: Sinistcha|75\/100 psn|[from] Stealth Rock\n|-heal|p1b: Maushold|33\/100 psn|[from] ability: Hospitality|[of] p1a: Sinistcha\n|turn|15\n|\n|t:|1699932495\n|switch|p2a: SOMEONE CARES!|Wo-Chien|36\/100\n|-ability|p2a: SOMEONE CARES!|Tablets of Ruin\n|move|p1b: Maushold|Follow Me|p1b: Maushold\n|-singleturn|p1b: Maushold|move: Follow Me\n|move|p2b: :P|Substitute|p2b: :P\n|-start|p2b: :P|Substitute\n|-damage|p2b: :P|20\/100 tox\n|move|p1a: Sinistcha|Matcha Gotcha|p2a: SOMEONE CARES!|[spread] p2a\n|-miss|p1a: Sinistcha|p2b: :P\n|-resisted|p2a: SOMEONE CARES!\n|-damage|p2a: SOMEONE CARES!|29\/100\n|-heal|p1a: Sinistcha|79\/100 psn|[from] drain|[of] p2a: SOMEONE CARES!\n|\n|-heal|p2a: SOMEONE CARES!|35\/100|[from] item: Leftovers\n|-damage|p1b: Maushold|20\/100 psn|[from] psn\n|-heal|p2b: :P|33\/100 tox|[from] ability: Poison Heal\n|-damage|p1a: Sinistcha|67\/100 psn|[from] psn\n|upkeep\n|turn|16\n|\n|t:|1699932516\n|move|p1b: Maushold|Follow Me|p1b: Maushold\n|-singleturn|p1b: Maushold|move: Follow Me\n|move|p2b: :P|Dual Wingbeat|p1b: Maushold\n|-damage|p1b: Maushold|8\/100 psn\n|-damage|p1b: Maushold|0 fnt\n|faint|p1b: Maushold\n|-hitcount|p1: Maushold|2\n|move|p2a: SOMEONE CARES!|Dark Pulse|p1a: Sinistcha\n|-supereffective|p1a: Sinistcha\n|-damage|p1a: Sinistcha|22\/100 psn\n|move|p1a: Sinistcha|Nasty Plot|p1a: Sinistcha\n|-boost|p1a: Sinistcha|spa|2\n|\n|-heal|p2a: SOMEONE CARES!|41\/100|[from] item: Leftovers\n|-heal|p2b: :P|45\/100 tox|[from] ability: Poison Heal\n|-damage|p1a: Sinistcha|10\/100 psn|[from] psn\n|upkeep\n|turn|17\n|\n|t:|1699932535\n|move|p2b: :P|Knock Off|p1a: Sinistcha\n|-supereffective|p1a: Sinistcha\n|-damage|p1a: Sinistcha|0 fnt\n|faint|p1a: Sinistcha\n|\n|win|Battlin' Cats\n|raw|whoszane's rating: 1220 &rarr; <strong>1202<\/strong><br \/>(-18 for losing)\n|raw|Battlin&apos; Cats's rating: 1325 &rarr; <strong>1339<\/strong><br \/>(+14 for winning)\n|c|\u2606Battlin' Cats|gg\n|l|\u2606whoszane\n|l|\u2606Battlin' Cats\n|j|\u2606Battlin' Cats\n|player|p2|Battlin' Cats|unknownf\n","uploadtime":1699933135,"views":5,"p1id":"whoszane","p2id":"battlincats","formatid":"gen9doublesou","rating":1202,"private":0,"password":""}