{"id":"gen9doublesou-1975581769","p1":"MarteSZN","p2":"mikeyuwu","format":"[Gen 9] Doubles OU","log":"|j|\u2606MarteSZN\n|j|\u2606mikeyuwu\n|t:|1698207919\n|gametype|doubles\n|player|p1|MarteSZN|265|1262\n|player|p2|mikeyuwu|psychic-gen4|1219\n|teamsize|p1|6\n|teamsize|p2|6\n|gen|9\n|tier|[Gen 9] Doubles OU\n|rated|\n|rule|Species Clause: Limit one of each Pok\u00e9mon\n|rule|OHKO Clause: OHKO moves are banned\n|rule|Evasion Moves Clause: Evasion moves are banned\n|rule|Gravity Sleep Clause: The combination of sleep-inducing moves with imperfect accuracy and Gravity or Gigantamax Orbeetle are banned\n|rule|Endless Battle Clause: Forcing endless battles is banned\n|rule|HP Percentage Mod: HP is shown in percentages\n|clearpoke\n|poke|p1|Magnezone|\n|poke|p1|Garchomp, M|\n|poke|p1|Gyarados, M|\n|poke|p1|Amoonguss, M|\n|poke|p1|Toxicroak, F|\n|poke|p1|Iron Moth|\n|poke|p2|Garchomp, M|\n|poke|p2|Tyranitar, F|\n|poke|p2|Vaporeon, F|\n|poke|p2|Toxicroak, M|\n|poke|p2|Pelipper, F|\n|poke|p2|Abomasnow, M|\n|teampreview\n|\n|t:|1698207925\n|start\n|switch|p1a: Gyarados|Gyarados, M|100\/100\n|switch|p1b: Amoonguss|Amoonguss, M, shiny|100\/100\n|switch|p2a: OTLHPM|Toxicroak, M|100\/100\n|switch|p2b: Cold Shoulder|Abomasnow, M, shiny|100\/100\n|-ability|p1a: Gyarados|Intimidate|boost\n|-unboost|p2a: OTLHPM|atk|1\n|-unboost|p2b: Cold Shoulder|atk|1\n|-weather|Snow|[from] ability: Snow Warning|[of] p2b: Cold Shoulder\n|turn|1\n|inactive|Battle timer is ON: inactive players will automatically lose when time's up. (requested by MarteSZN)\n|\n|t:|1698207941\n|switch|p2a: Harmacy|Vaporeon, F|100\/100\n|move|p1a: Gyarados|Dragon Dance|p1a: Gyarados\n|-boost|p1a: Gyarados|atk|1\n|-boost|p1a: Gyarados|spe|1\n|move|p2b: Cold Shoulder|Leech Seed|p1a: Gyarados\n|-start|p1a: Gyarados|move: Leech Seed\n|move|p1b: Amoonguss|Toxic|p2b: Cold Shoulder\n|-status|p2b: Cold Shoulder|tox\n|\n|-weather|Snow|[upkeep]\n|-damage|p1a: Gyarados|88\/100|[from] Leech Seed|[of] p2b: Cold Shoulder\n|-damage|p2b: Cold Shoulder|94\/100 tox|[from] psn\n|upkeep\n|turn|2\n|\n|t:|1698207958\n|move|p1a: Gyarados|Ice Fang|p2b: Cold Shoulder\n|-crit|p2b: Cold Shoulder\n|-damage|p2b: Cold Shoulder|61\/100 tox\n|move|p2b: Cold Shoulder|Blizzard|p1b: Amoonguss|[spread] p1a,p1b\n|-supereffective|p1b: Amoonguss\n|-damage|p1a: Gyarados|57\/100\n|-damage|p1b: Amoonguss|58\/100\n|move|p2a: Harmacy|Copycat|p2a: Harmacy\n|move|p2a: Harmacy|Blizzard|p1b: Amoonguss|[from]move: Copycat|[spread] p1a,p1b\n|-supereffective|p1b: Amoonguss\n|-damage|p1a: Gyarados|35\/100\n|-damage|p1b: Amoonguss|32\/100\n|move|p1b: Amoonguss|Giga Drain|p2a: Harmacy\n|-supereffective|p2a: Harmacy\n|-crit|p2a: Harmacy\n|-damage|p2a: Harmacy|45\/100\n|-heal|p1b: Amoonguss|62\/100|[from] drain|[of] p2a: Harmacy\n|\n|-weather|Snow|[upkeep]\n|-heal|p2a: Harmacy|51\/100|[from] item: Leftovers\n|-heal|p1b: Amoonguss|68\/100|[from] item: Leftovers\n|-damage|p1a: Gyarados|23\/100|[from] Leech Seed|[of] p2b: Cold Shoulder\n|-heal|p2b: Cold Shoulder|73\/100 tox|[silent]\n|-damage|p2b: Cold Shoulder|61\/100 tox|[from] psn\n|upkeep\n|turn|3\n|\n|t:|1698207980\n|switch|p2b: Weather War|Pelipper, F|100\/100\n|-weather|RainDance|[from] ability: Drizzle|[of] p2b: Weather War\n|switch|p2a: OTLHPM|Toxicroak, M|100\/100\n|move|p1a: Gyarados|Ice Fang|p2b: Weather War\n|-damage|p2b: Weather War|67\/100\n|move|p1b: Amoonguss|Giga Drain|p2a: OTLHPM\n|-resisted|p2a: OTLHPM\n|-damage|p2a: OTLHPM|87\/100\n|-heal|p1b: Amoonguss|74\/100|[from] drain|[of] p2a: OTLHPM\n|\n|-weather|RainDance|[upkeep]\n|-heal|p2a: OTLHPM|99\/100|[from] ability: Dry Skin\n|-heal|p2a: OTLHPM|100\/100|[from] item: Black Sludge\n|-heal|p1b: Amoonguss|80\/100|[from] item: Leftovers\n|-damage|p1a: Gyarados|10\/100|[from] Leech Seed|[of] p2b: Weather War\n|-heal|p2b: Weather War|80\/100|[silent]\n|upkeep\n|turn|4\n|\n|t:|1698208001\n|move|p1b: Amoonguss|Protect|p1b: Amoonguss\n|-singleturn|p1b: Amoonguss|Protect\n|move|p1a: Gyarados|Ice Fang|p2b: Weather War\n|-damage|p2b: Weather War|43\/100\n|move|p2a: OTLHPM|Poison Jab|p1a: Gyarados\n|-damage|p1a: Gyarados|0 fnt\n|faint|p1a: Gyarados\n|cant|p2b: Weather War|flinch\n|\n|-weather|RainDance|[upkeep]\n|-heal|p1b: Amoonguss|86\/100|[from] item: Leftovers\n|upkeep\n|inactive|MarteSZN has 120 seconds left.\n|\n|t:|1698208020\n|switch|p1a: Toxicroak|Toxicroak, F|100\/100\n|turn|5\n|\n|t:|1698208031\n|move|p1a: Toxicroak|Fake Out|p2a: OTLHPM\n|-damage|p2a: OTLHPM|82\/100\n|cant|p2a: OTLHPM|flinch\n|move|p2b: Weather War|Hurricane|p1a: Toxicroak\n|-supereffective|p1a: Toxicroak\n|-enditem|p1a: Toxicroak|Focus Sash\n|-damage|p1a: Toxicroak|1\/100\n|-start|p1a: Toxicroak|confusion\n|move|p1b: Amoonguss|Toxic|p2b: Weather War\n|-status|p2b: Weather War|tox\n|\n|-weather|RainDance|[upkeep]\n|-heal|p2a: OTLHPM|95\/100|[from] ability: Dry Skin\n|-heal|p2a: OTLHPM|100\/100|[from] item: Black Sludge\n|-heal|p1b: Amoonguss|92\/100|[from] item: Leftovers\n|-damage|p2b: Weather War|37\/100 tox|[from] psn\n|upkeep\n|turn|6\n|\n|t:|1698208059\n|switch|p2b: Extra Spicy|Garchomp, M|100\/100\n|-activate|p1a: Toxicroak|confusion\n|-damage|p1a: Toxicroak|0 fnt|[from] confusion\n|faint|p1a: Toxicroak\n|move|p2a: OTLHPM|Earthquake|p1b: Amoonguss|[spread] p2b,p1b\n|-damage|p2b: Extra Spicy|86\/100\n|-damage|p1b: Amoonguss|67\/100\n|move|p1b: Amoonguss|Giga Drain|p2a: OTLHPM\n|-resisted|p2a: OTLHPM\n|-damage|p2a: OTLHPM|87\/100\n|-heal|p1b: Amoonguss|72\/100|[from] drain|[of] p2a: OTLHPM\n|\n|-weather|RainDance|[upkeep]\n|-heal|p2a: OTLHPM|99\/100|[from] ability: Dry Skin\n|-heal|p2a: OTLHPM|100\/100|[from] item: Black Sludge\n|-heal|p1b: Amoonguss|78\/100|[from] item: Leftovers\n|upkeep\n|inactive|MarteSZN has 120 seconds left.\n|\n|t:|1698208074\n|switch|p1a: Magnezone|Magnezone|100\/100\n|turn|7\n|\n|t:|1698208080\n|switch|p2a: Cold Shoulder|Abomasnow, M, shiny|61\/100 tox\n|-weather|Snow|[from] ability: Snow Warning|[of] p2a: Cold Shoulder\n|move|p1a: Magnezone|Protect|p1a: Magnezone\n|-singleturn|p1a: Magnezone|Protect\n|move|p2b: Extra Spicy|Earthquake|p1a: Magnezone|[spread] p2a,p1b\n|-activate|p1a: Magnezone|move: Protect\n|-resisted|p2a: Cold Shoulder\n|-damage|p2a: Cold Shoulder|52\/100 tox\n|-damage|p1b: Amoonguss|43\/100\n|move|p1b: Amoonguss|Toxic|p2b: Extra Spicy\n|-status|p2b: Extra Spicy|tox\n|\n|-weather|Snow|[upkeep]\n|-heal|p1b: Amoonguss|49\/100|[from] item: Leftovers\n|-damage|p2b: Extra Spicy|80\/100 tox|[from] psn\n|-damage|p2a: Cold Shoulder|46\/100 tox|[from] psn\n|upkeep\n|turn|8\n|\n|t:|1698208104\n|move|p2b: Extra Spicy|Earthquake|p1a: Magnezone|[spread] p2a,p1a,p1b\n|-resisted|p2a: Cold Shoulder\n|-supereffective|p1a: Magnezone\n|-damage|p2a: Cold Shoulder|37\/100 tox\n|-ability|p1a: Magnezone|Sturdy\n|-damage|p1a: Magnezone|1\/100\n|-damage|p1b: Amoonguss|13\/100\n|move|p2a: Cold Shoulder|Blizzard|p1a: Magnezone|[spread] p1a,p1b\n|-resisted|p1a: Magnezone\n|-supereffective|p1b: Amoonguss\n|-damage|p1a: Magnezone|0 fnt\n|-damage|p1b: Amoonguss|0 fnt\n|faint|p1a: Magnezone\n|faint|p1b: Amoonguss\n|\n|-weather|Snow|[upkeep]\n|-damage|p2b: Extra Spicy|68\/100 tox|[from] psn\n|-damage|p2a: Cold Shoulder|25\/100 tox|[from] psn\n|upkeep\n|\n|t:|1698208119\n|switch|p1a: Garchomp|Garchomp, M, shiny|100\/100\n|switch|p1b: Iron Moth|Iron Moth|100\/100\n|-enditem|p1b: Iron Moth|Booster Energy\n|-activate|p1b: Iron Moth|ability: Quark Drive|[fromitem]\n|-start|p1b: Iron Moth|quarkdrivespa\n|turn|9\n|\n|t:|1698208128\n|move|p1b: Iron Moth|Fiery Dance|p2a: Cold Shoulder\n|-supereffective|p2a: Cold Shoulder\n|-damage|p2a: Cold Shoulder|0 fnt\n|-boost|p1b: Iron Moth|spa|1\n|faint|p2a: Cold Shoulder\n|move|p1a: Garchomp|Dragon Claw|p2b: Extra Spicy\n|-supereffective|p2b: Extra Spicy\n|-damage|p2b: Extra Spicy|16\/100 tox\n|-damage|p1a: Garchomp|88\/100|[from] ability: Rough Skin|[of] p2b: Extra Spicy\n|-damage|p1a: Garchomp|72\/100|[from] item: Rocky Helmet|[of] p2b: Extra Spicy\n|move|p2b: Extra Spicy|Earthquake|p1b: Iron Moth|[spread] p1a,p1b\n|-supereffective|p1b: Iron Moth\n|-damage|p1a: Garchomp|39\/100\n|-damage|p1b: Iron Moth|0 fnt\n|faint|p1b: Iron Moth\n|-end|p1b: Iron Moth|Quark Drive|[silent]\n|\n|-weather|Snow|[upkeep]\n|-damage|p2b: Extra Spicy|0 fnt|[from] psn\n|faint|p2b: Extra Spicy\n|upkeep\n|\n|t:|1698208143\n|switch|p2b: OTLHPM|Toxicroak, M|100\/100\n|switch|p2a: Harmacy|Vaporeon, F|51\/100\n|turn|10\n|\n|t:|1698208151\n|move|p1a: Garchomp|Earthquake|p2a: Harmacy|[spread] p2a,p2b\n|-supereffective|p2b: OTLHPM\n|-damage|p2a: Harmacy|22\/100\n|-damage|p2b: OTLHPM|0 fnt\n|faint|p2b: OTLHPM\n|move|p2a: Harmacy|Weather Ball|p1a: Garchomp\n|-supereffective|p1a: Garchomp\n|-damage|p1a: Garchomp|0 fnt\n|faint|p1a: Garchomp\n|\n|win|mikeyuwu\n|raw|MarteSZN's rating: 1262 &rarr; <strong>1234<\/strong><br \/>(-28 for losing)\n|raw|mikeyuwu's rating: 1219 &rarr; <strong>1247<\/strong><br \/>(+28 for winning)\n|c|\u2606mikeyuwu|Gg\n|c|\u2606mikeyuwu|Cool mirror mon\n|c|\u2606MarteSZN|gg\n|l|\u2606MarteSZN\n|c|\u2606mikeyuwu|Gar + tox didnt think id see them on other teams together\n","uploadtime":1698208186,"views":22,"p1id":"marteszn","p2id":"mikeyuwu","formatid":"gen9doublesou","rating":1234,"private":0,"password":""}