{"id":"gen9doublesou-1981601135","p1":"EkCantDrawLol","p2":"kaizen007","format":"[Gen 9] Doubles OU","log":"|j|\u2606EkCantDrawLol\n|j|\u2606kaizen007\n|t:|1698924539\n|gametype|doubles\n|player|p1|EkCantDrawLol|skierf|1523\n|player|p2|kaizen007|2|1362\n|teamsize|p1|6\n|teamsize|p2|6\n|gen|9\n|tier|[Gen 9] Doubles OU\n|rated|\n|rule|Species Clause: Limit one of each Pok\u00e9mon\n|rule|OHKO Clause: OHKO moves are banned\n|rule|Evasion Moves Clause: Evasion moves are banned\n|rule|Gravity Sleep Clause: The combination of sleep-inducing moves with imperfect accuracy and Gravity or Gigantamax Orbeetle are banned\n|rule|Endless Battle Clause: Forcing endless battles is banned\n|rule|HP Percentage Mod: HP is shown in percentages\n|clearpoke\n|poke|p1|Ogerpon-Hearthflame, F|\n|poke|p1|Kingambit, F|\n|poke|p1|Tornadus, M|\n|poke|p1|Flutter Mane|\n|poke|p1|Walking Wake|\n|poke|p1|Landorus-Therian, M|\n|poke|p2|Arcanine-Hisui, F|\n|poke|p2|Chien-Pao|\n|poke|p2|Iron Hands|\n|poke|p2|Tornadus, M|\n|poke|p2|Walking Wake|\n|poke|p2|Rillaboom, M|\n|teampreview\n|inactive|Battle timer is ON: inactive players will automatically lose when time's up. (requested by kaizen007)\n|\n|t:|1698924562\n|start\n|switch|p1a: Flutter Mane|Flutter Mane, shiny|100\/100\n|switch|p1b: Landorus|Landorus-Therian, M, shiny|100\/100\n|switch|p2a: Rillaboom|Rillaboom, M|100\/100\n|switch|p2b: Walking Wake|Walking Wake|100\/100\n|-ability|p1b: Landorus|Intimidate|boost\n|-unboost|p2a: Rillaboom|atk|1\n|-unboost|p2b: Walking Wake|atk|1\n|-fieldstart|move: Grassy Terrain|[from] ability: Grassy Surge|[of] p2a: Rillaboom\n|-enditem|p1a: Flutter Mane|Booster Energy\n|-activate|p1a: Flutter Mane|ability: Protosynthesis|[fromitem]\n|-start|p1a: Flutter Mane|protosynthesisspe\n|turn|1\n|\n|t:|1698924579\n|-end|p2b: Walking Wake|Protosynthesis|[silent]\n|switch|p2b: Arcanine|Arcanine-Hisui, F|100\/100\n|move|p1a: Flutter Mane|Protect|p1a: Flutter Mane\n|-singleturn|p1a: Flutter Mane|Protect\n|move|p1b: Landorus|U-turn|p2a: Rillaboom\n|-supereffective|p2a: Rillaboom\n|-damage|p2a: Rillaboom|51\/100\n|\n|t:|1698924590\n|switch|p1b: Walking Wake|Walking Wake|100\/100|[from] U-turn\n|move|p2a: Rillaboom|Wood Hammer|p1a: Flutter Mane\n|-activate|p1a: Flutter Mane|move: Protect\n|\n|-heal|p2a: Rillaboom|57\/100|[from] Grassy Terrain\n|-heal|p2a: Rillaboom|63\/100|[from] item: Leftovers\n|upkeep\n|turn|2\n|\n|t:|1698924617\n|-terastallize|p2b: Arcanine|Normal\n|move|p1a: Flutter Mane|Moonblast|p2a: Rillaboom\n|-damage|p2a: Rillaboom|4\/100\n|move|p1b: Walking Wake|Hydro Steam|p2b: Arcanine\n|-damage|p2b: Arcanine|52\/100\n|move|p2b: Arcanine|Rock Slide|p1a: Flutter Mane|[spread] p1b\n|-miss|p2b: Arcanine|p1a: Flutter Mane\n|-damage|p1b: Walking Wake|59\/100\n|move|p2a: Rillaboom|Wood Hammer|p1a: Flutter Mane\n|-damage|p1a: Flutter Mane|0 fnt\n|faint|p1a: Flutter Mane\n|-end|p1a: Flutter Mane|Protosynthesis|[silent]\n|-damage|p2a: Rillaboom|0 fnt|[from] Recoil\n|faint|p2a: Rillaboom\n|\n|-heal|p1b: Walking Wake|65\/100|[from] Grassy Terrain\n|-heal|p1b: Walking Wake|71\/100|[from] item: Leftovers\n|-heal|p2b: Arcanine|58\/100|[from] Grassy Terrain\n|upkeep\n|\n|t:|1698924636\n|switch|p1a: Landorus|Landorus-Therian, M, shiny|100\/100\n|switch|p2a: Tornadus|Tornadus, M|100\/100\n|-ability|p1a: Landorus|Intimidate|boost\n|-unboost|p2a: Tornadus|atk|1\n|-unboost|p2b: Arcanine|atk|1\n|turn|3\n|\n|t:|1698924663\n|switch|p2b: Iron Hands|Iron Hands|100\/100\n|move|p2a: Tornadus|Tailwind|p2a: Tornadus\n|-sidestart|p2: kaizen007|move: Tailwind\n|move|p1a: Landorus|Rock Slide|p2a: Tornadus|[spread] p2a,p2b\n|-supereffective|p2a: Tornadus\n|-resisted|p2b: Iron Hands\n|-damage|p2a: Tornadus|50\/100\n|-damage|p2b: Iron Hands|94\/100\n|move|p1b: Walking Wake|Dragon Pulse|p2a: Tornadus\n|-damage|p2a: Tornadus|17\/100\n|\n|-heal|p1b: Walking Wake|77\/100|[from] Grassy Terrain\n|-heal|p1b: Walking Wake|84\/100|[from] item: Leftovers\n|-heal|p2b: Iron Hands|100\/100|[from] Grassy Terrain\n|upkeep\n|turn|4\n|\n|t:|1698924689\n|switch|p2a: Walking Wake|Walking Wake|100\/100\n|switch|p1a: Ogerpon|Ogerpon-Hearthflame, F|100\/100\n|-ability|p1a: Ogerpon|Mold Breaker\n|move|p1b: Walking Wake|Flamethrower|p2b: Iron Hands\n|-damage|p2b: Iron Hands|82\/100\n|-status|p2b: Iron Hands|brn\n|move|p2b: Iron Hands|Ice Punch|p1a: Ogerpon\n|-damage|p1a: Ogerpon|80\/100\n|\n|-heal|p1a: Ogerpon|86\/100|[from] Grassy Terrain\n|-heal|p1b: Walking Wake|90\/100|[from] Grassy Terrain\n|-heal|p1b: Walking Wake|96\/100|[from] item: Leftovers\n|-heal|p2b: Iron Hands|88\/100 brn|[from] Grassy Terrain\n|-damage|p2b: Iron Hands|82\/100 brn|[from] brn\n|upkeep\n|turn|5\n|\n|t:|1698924708\n|move|p1b: Walking Wake|Protect|p1b: Walking Wake\n|-singleturn|p1b: Walking Wake|Protect\n|move|p2a: Walking Wake|Draco Meteor|p1b: Walking Wake\n|-activate|p1b: Walking Wake|move: Protect\n|move|p1a: Ogerpon|Swords Dance|p1a: Ogerpon\n|-boost|p1a: Ogerpon|atk|2\n|move|p2b: Iron Hands|Volt Switch|p1a: Ogerpon\n|-resisted|p1a: Ogerpon\n|-damage|p1a: Ogerpon|78\/100\n|\n|t:|1698924720\n|-end|p2b: Iron Hands|Quark Drive|[silent]\n|switch|p2b: Arcanine|Arcanine-Hisui, F, tera:Normal|58\/100|[from] Volt Switch\n|\n|-heal|p2b: Arcanine|64\/100|[from] Grassy Terrain\n|-heal|p1a: Ogerpon|84\/100|[from] Grassy Terrain\n|-heal|p1b: Walking Wake|100\/100|[from] Grassy Terrain\n|-fieldend|move: Grassy Terrain\n|upkeep\n|turn|6\n|\n|t:|1698924735\n|move|p1a: Ogerpon|Spiky Shield|p1a: Ogerpon\n|-singleturn|p1a: Ogerpon|move: Protect\n|move|p2a: Walking Wake|Draco Meteor|p1a: Ogerpon\n|-activate|p1a: Ogerpon|move: Protect\n|move|p2b: Arcanine|Rock Slide|p1a: Ogerpon|[spread] p1b\n|-activate|p1a: Ogerpon|move: Protect\n|-damage|p1b: Walking Wake|62\/100\n|move|p1b: Walking Wake|Dragon Pulse|p2a: Walking Wake\n|-supereffective|p2a: Walking Wake\n|-damage|p2a: Walking Wake|15\/100\n|\n|-heal|p1b: Walking Wake|69\/100|[from] item: Leftovers\n|-sideend|p2: kaizen007|move: Tailwind\n|upkeep\n|turn|7\n|inactive|EkCantDrawLol has 120 seconds left.\n|inactive|EkCantDrawLol has 90 seconds left.\n|\n|t:|1698924800\n|move|p1a: Ogerpon|Ivy Cudgel|p2b: Arcanine\n|-damage|p2b: Arcanine|0 fnt\n|faint|p2b: Arcanine\n|move|p2a: Walking Wake|Draco Meteor|p1b: Walking Wake\n|-supereffective|p1b: Walking Wake\n|-damage|p1b: Walking Wake|0 fnt\n|-unboost|p2a: Walking Wake|spa|2\n|faint|p1b: Walking Wake\n|-end|p1b: Walking Wake|Protosynthesis|[silent]\n|\n|upkeep\n|\n|t:|1698924811\n|switch|p1b: Tornadus|Tornadus, M, shiny|100\/100\n|switch|p2b: Chien-Pao|Chien-Pao|100\/100\n|-ability|p2b: Chien-Pao|Sword of Ruin\n|turn|8\n|inactive|EkCantDrawLol has 120 seconds left.\n|\n|t:|1698924837\n|-end|p2a: Walking Wake|Protosynthesis|[silent]\n|switch|p2a: Iron Hands|Iron Hands|82\/100 brn\n|-terastallize|p1a: Ogerpon|Fire\n|detailschange|p1a: Ogerpon|Ogerpon-Hearthflame-Tera, F, tera:Fire\n|-ability|p1a: Ogerpon|Embody Aspect (Hearthflame)|boost\n|-boost|p1a: Ogerpon|atk|1\n|move|p1b: Tornadus|Tailwind|p1b: Tornadus\n|-sidestart|p1: EkCantDrawLol|move: Tailwind\n|move|p1a: Ogerpon|Horn Leech|p2a: Iron Hands\n|-damage|p2a: Iron Hands|0 fnt\n|-heal|p1a: Ogerpon|100\/100|[from] drain|[of] p2a: Iron Hands\n|faint|p2a: Iron Hands\n|-end|p2a: Iron Hands|Quark Drive|[silent]\n|move|p2b: Chien-Pao|Ice Spinner|p1b: Tornadus\n|-supereffective|p1b: Tornadus\n|-damage|p1b: Tornadus|0 fnt\n|faint|p1b: Tornadus\n|\n|upkeep\n|inactive|EkCantDrawLol has 120 seconds left.\n|inactive|kaizen007 has 120 seconds left.\n|inactive|kaizen007 has 90 seconds left.\n|inactive|kaizen007 has 60 seconds left.\n|inactive|kaizen007 has 30 seconds left.\n|inactive|kaizen007 has 20 seconds left.\n|inactive|kaizen007 has 15 seconds left.\n|inactive|kaizen007 has 10 seconds left.\n|inactive|kaizen007 has 5 seconds left.\n|-message|kaizen007 lost due to inactivity.\n|\n|win|EkCantDrawLol\n|raw|EkCantDrawLol's rating: 1523 &rarr; <strong>1534<\/strong><br \/>(+11 for winning)\n|raw|kaizen007's rating: 1362 &rarr; <strong>1351<\/strong><br \/>(-11 for losing)\n","uploadtime":1698924992,"views":18,"p1id":"ekcantdrawlol","p2id":"kaizen007","formatid":"gen9doublesou","rating":1351,"private":0,"password":""}