{"id":"gen9doublesou-1970751871","p1":"Dxrkness.rising","p2":"kagrin","format":"[Gen 9] Doubles OU","log":"|j|\u2606Dxrkness.rising\n|j|\u2606kagrin\n|t:|1697663793\n|gametype|doubles\n|player|p1|Dxrkness.rising|wallace|\n|player|p2|kagrin|hiker-gen4|\n|teamsize|p1|6\n|teamsize|p2|6\n|gen|9\n|tier|[Gen 9] Doubles OU\n|rule|Species Clause: Limit one of each Pok\u00e9mon\n|rule|OHKO Clause: OHKO moves are banned\n|rule|Evasion Moves Clause: Evasion moves are banned\n|rule|Gravity Sleep Clause: The combination of sleep-inducing moves with imperfect accuracy and Gravity or Gigantamax Orbeetle are banned\n|rule|Endless Battle Clause: Forcing endless battles is banned\n|rule|HP Percentage Mod: HP is shown in percentages\n|clearpoke\n|poke|p1|Azumarill, F|\n|poke|p1|Toxtricity, M|\n|poke|p1|Appletun, F|\n|poke|p1|Brute Bonnet|\n|poke|p1|Gengar, M|\n|poke|p1|Inteleon, M|\n|poke|p2|Flutter Mane|\n|poke|p2|Garganacl, M|\n|poke|p2|Mew|\n|poke|p2|Breloom, M|\n|poke|p2|Grimmsnarl, M|\n|poke|p2|Volcanion|\n|teampreview\n|j| Redzone92\n|\n|t:|1697663806\n|start\n|switch|p1a: Wet \ud83c\udf51 Pokemon|Azumarill, F, shiny|100\/100\n|switch|p1b: Gavin|Toxtricity, M|100\/100\n|switch|p2a: Usopp|Grimmsnarl, M|100\/100\n|switch|p2b: Akainu|Volcanion|100\/100\n|turn|1\n|\n|t:|1697663824\n|-terastallize|p1b: Gavin|Electric\n|move|p1a: Wet \ud83c\udf51 Pokemon|Helping Hand|p1b: Gavin\n|-singleturn|p1b: Gavin|Helping Hand|[of] p1a: Wet \ud83c\udf51 Pokemon\n|move|p2a: Usopp|Light Screen|p2a: Usopp\n|-sidestart|p2: kagrin|move: Light Screen\n|move|p1b: Gavin|Overdrive|p2a: Usopp|[spread] p2a,p2b\n|-supereffective|p2b: Akainu\n|-damage|p2a: Usopp|16\/100\n|-damage|p2b: Akainu|0 fnt\n|faint|p2b: Akainu\n|\n|upkeep\n|\n|t:|1697663849\n|switch|p2b: Dwayne|Garganacl, M, shiny|100\/100\n|turn|2\n|\n|t:|1697663864\n|move|p1a: Wet \ud83c\udf51 Pokemon|Helping Hand|p1b: Gavin\n|-singleturn|p1b: Gavin|Helping Hand|[of] p1a: Wet \ud83c\udf51 Pokemon\n|move|p2a: Usopp|Reflect|p2a: Usopp\n|-sidestart|p2: kagrin|Reflect\n|move|p1b: Gavin|Overdrive|p2a: Usopp|[spread] p2a,p2b\n|-damage|p2a: Usopp|0 fnt\n|-damage|p2b: Dwayne|34\/100\n|faint|p2a: Usopp\n|move|p2b: Dwayne|Stealth Rock|p1a: Wet \ud83c\udf51 Pokemon\n|-sidestart|p1: Dxrkness.rising|move: Stealth Rock\n|\n|-heal|p2b: Dwayne|40\/100|[from] item: Leftovers\n|upkeep\n|\n|t:|1697663887\n|switch|p2a: Moxxie|Breloom, M, shiny|100\/100\n|turn|3\n|\n|t:|1697663899\n|move|p1b: Gavin|Overdrive|p2a: Moxxie|[spread] p2a,p2b\n|-resisted|p2a: Moxxie\n|-damage|p2a: Moxxie|61\/100\n|-damage|p2b: Dwayne|0 fnt\n|faint|p2b: Dwayne\n|move|p2a: Moxxie|Bullet Seed|p1b: Gavin\n|-damage|p1b: Gavin|75\/100\n|-damage|p1b: Gavin|45\/100\n|-damage|p1b: Gavin|19\/100\n|-damage|p1b: Gavin|0 fnt\n|faint|p1b: Gavin\n|-hitcount|p1: Gavin|4\n|move|p1a: Wet \ud83c\udf51 Pokemon|Ice Spinner|p2a: Moxxie\n|-supereffective|p2a: Moxxie\n|-damage|p2a: Moxxie|41\/100\n|\n|upkeep\n|\n|t:|1697663921\n|switch|p1b: Shroom Lord|Brute Bonnet|100\/100\n|switch|p2b: Tony Tony|Mew|100\/100\n|-damage|p1b: Shroom Lord|88\/100|[from] Stealth Rock\n|turn|4\n|\n|t:|1697663950\n|move|p1a: Wet \ud83c\udf51 Pokemon|Helping Hand|p1b: Shroom Lord\n|-singleturn|p1b: Shroom Lord|Helping Hand|[of] p1a: Wet \ud83c\udf51 Pokemon\n|move|p2a: Moxxie|Mach Punch|p1b: Shroom Lord\n|-supereffective|p1b: Shroom Lord\n|-damage|p1b: Shroom Lord|35\/100\n|move|p1b: Shroom Lord|Sucker Punch||[still]\n|-fail|p1b: Shroom Lord\n|move|p2b: Tony Tony|Nasty Plot|p2b: Tony Tony\n|-boost|p2b: Tony Tony|spa|2\n|\n|upkeep\n|turn|5\n|\n|t:|1697663975\n|move|p1a: Wet \ud83c\udf51 Pokemon|Helping Hand|p1b: Shroom Lord\n|-singleturn|p1b: Shroom Lord|Helping Hand|[of] p1a: Wet \ud83c\udf51 Pokemon\n|move|p1b: Shroom Lord|Sucker Punch||[still]\n|-fail|p1b: Shroom Lord\n|move|p2b: Tony Tony|Nasty Plot|p2b: Tony Tony\n|-boost|p2b: Tony Tony|spa|2\n|move|p2a: Moxxie|Toxic|p1a: Wet \ud83c\udf51 Pokemon\n|-status|p1a: Wet \ud83c\udf51 Pokemon|tox\n|\n|-damage|p1a: Wet \ud83c\udf51 Pokemon|94\/100 tox|[from] psn\n|upkeep\n|turn|6\n|\n|t:|1697663996\n|move|p2a: Moxxie|Mach Punch|p1b: Shroom Lord\n|-supereffective|p1b: Shroom Lord\n|-damage|p1b: Shroom Lord|0 fnt\n|faint|p1b: Shroom Lord\n|-end|p1b: Shroom Lord|Protosynthesis|[silent]\n|move|p2b: Tony Tony|Psychic|p1a: Wet \ud83c\udf51 Pokemon\n|-damage|p1a: Wet \ud83c\udf51 Pokemon|19\/100 tox\n|-enditem|p1a: Wet \ud83c\udf51 Pokemon|Sitrus Berry|[eat]\n|-heal|p1a: Wet \ud83c\udf51 Pokemon|44\/100 tox|[from] item: Sitrus Berry\n|move|p1a: Wet \ud83c\udf51 Pokemon|Ice Spinner|p2a: Moxxie\n|-supereffective|p2a: Moxxie\n|-damage|p2a: Moxxie|23\/100\n|\n|-damage|p1a: Wet \ud83c\udf51 Pokemon|31\/100 tox|[from] psn\n|upkeep\n|\n|t:|1697664013\n|switch|p1b: Connor|Inteleon, M|100\/100\n|-damage|p1b: Connor|88\/100|[from] Stealth Rock\n|turn|7\n|\n|t:|1697664046\n|move|p2a: Moxxie|Mach Punch|p1b: Connor\n|-damage|p1b: Connor|25\/100\n|move|p1b: Connor|Ice Beam|p2a: Moxxie\n|-supereffective|p2a: Moxxie\n|-damage|p2a: Moxxie|0 fnt\n|faint|p2a: Moxxie\n|move|p2b: Tony Tony|Psychic|p1b: Connor\n|-damage|p1b: Connor|0 fnt\n|faint|p1b: Connor\n|move|p1a: Wet \ud83c\udf51 Pokemon|Ice Spinner|p2b: Tony Tony\n|-damage|p2b: Tony Tony|93\/100\n|\n|-damage|p1a: Wet \ud83c\udf51 Pokemon|13\/100 tox|[from] psn\n|upkeep\n|\n|t:|1697664065\n|switch|p1b: Dusanek|Gengar, M, shiny|100\/100\n|switch|p2a: yay..|Flutter Mane|100\/100\n|-damage|p1b: Dusanek|88\/100|[from] Stealth Rock\n|-enditem|p2a: yay..|Booster Energy\n|-activate|p2a: yay..|ability: Protosynthesis|[fromitem]\n|-start|p2a: yay..|protosynthesisspe\n|turn|8\n|\n|t:|1697664085\n|move|p1a: Wet \ud83c\udf51 Pokemon|Helping Hand|p1b: Dusanek\n|-singleturn|p1b: Dusanek|Helping Hand|[of] p1a: Wet \ud83c\udf51 Pokemon\n|move|p2a: yay..|Shadow Ball|p1b: Dusanek\n|-supereffective|p1b: Dusanek\n|-damage|p1b: Dusanek|0 fnt\n|-start|p2a: yay..|Disable|Shadow Ball|[from] ability: Cursed Body|[of] p1b: Dusanek\n|faint|p1b: Dusanek\n|move|p2b: Tony Tony|Nasty Plot|p2b: Tony Tony\n|-boost|p2b: Tony Tony|spa|2\n|\n|-damage|p1a: Wet \ud83c\udf51 Pokemon|0 fnt|[from] psn\n|faint|p1a: Wet \ud83c\udf51 Pokemon\n|-sideend|p2: kagrin|move: Light Screen\n|upkeep\n|\n|t:|1697664100\n|switch|p1a: Applebottom Jeans|Appletun, F, shiny|100\/100\n|-damage|p1a: Applebottom Jeans|88\/100|[from] Stealth Rock\n|turn|9\n|\n|t:|1697664109\n|move|p2a: yay..|Moonblast|p1a: Applebottom Jeans\n|-supereffective|p1a: Applebottom Jeans\n|-damage|p1a: Applebottom Jeans|9\/100\n|move|p2b: Tony Tony|Draining Kiss|p1a: Applebottom Jeans\n|-supereffective|p1a: Applebottom Jeans\n|-damage|p1a: Applebottom Jeans|0 fnt\n|-heal|p2b: Tony Tony|100\/100|[from] drain|[of] p1a: Applebottom Jeans\n|faint|p1a: Applebottom Jeans\n|\n|win|kagrin\n","uploadtime":1697664119,"views":24,"p1id":"dxrknessrising","p2id":"kagrin","formatid":"gen9doublesou","rating":0,"private":0,"password":""}