{"id":"gen9doublesou-1982720332","p1":"Rungy","p2":"Coppercape","format":"[Gen 9] Doubles OU","log":"|j|\u2606Rungy\n|j|\u2606Coppercape\n|t:|1699038689\n|gametype|doubles\n|player|p1|Rungy|gambler|1188\n|player|p2|Coppercape|pokemonbreeder|1325\n|teamsize|p1|6\n|teamsize|p2|6\n|gen|9\n|tier|[Gen 9] Doubles OU\n|rated|\n|rule|Species Clause: Limit one of each Pok\u00e9mon\n|rule|OHKO Clause: OHKO moves are banned\n|rule|Evasion Moves Clause: Evasion moves are banned\n|rule|Gravity Sleep Clause: The combination of sleep-inducing moves with imperfect accuracy and Gravity or Gigantamax Orbeetle are banned\n|rule|Endless Battle Clause: Forcing endless battles is banned\n|rule|HP Percentage Mod: HP is shown in percentages\n|clearpoke\n|poke|p1|Weezing-Galar, M|\n|poke|p1|Talonflame, F|\n|poke|p1|Gastrodon-East, M|\n|poke|p1|Sawsbuck-Autumn, M|\n|poke|p1|Farigiraf, F|\n|poke|p1|Meowscarada, F|\n|poke|p2|Altaria, M|\n|poke|p2|Amoonguss, F|\n|poke|p2|Mienshao, F|\n|poke|p2|Grimmsnarl, M|\n|poke|p2|Milotic, F|\n|poke|p2|Weavile, M|\n|teampreview\n|c|\u2606Rungy|glhf!\n|\n|t:|1699038701\n|start\n|switch|p1a: Assmar|Weezing-Galar, M|100\/100\n|switch|p1b: SCREEEECH|Talonflame, F|100\/100\n|switch|p2a: Grimmsnarl|Grimmsnarl, M|100\/100\n|switch|p2b: Mienshao|Mienshao, F|100\/100\n|-fieldstart|move: Misty Terrain|[from] ability: Misty Surge|[of] p1a: Assmar\n|turn|1\n|\n|t:|1699038713\n|switch|p1a: Mr. Rothschild|Farigiraf, F|100\/100\n|move|p2b: Mienshao|Fake Out||[still]\n|cant|p1a: Mr. Rothschild|ability: Armor Tail|Fake Out|[of] p2b: Mienshao\n|move|p1b: SCREEEECH|Tailwind|p1b: SCREEEECH\n|-sidestart|p1: Rungy|move: Tailwind\n|move|p2a: Grimmsnarl|Taunt||[still]\n|cant|p1a: Mr. Rothschild|ability: Armor Tail|Taunt|[of] p2a: Grimmsnarl\n|\n|upkeep\n|turn|2\n|\n|t:|1699038739\n|switch|p2a: Milotic|Milotic, F|100\/100\n|move|p1b: SCREEEECH|U-turn|p2a: Milotic\n|-damage|p2a: Milotic|88\/100\n|-damage|p1b: SCREEEECH|84\/100|[from] item: Rocky Helmet|[of] p2a: Milotic\n|\n|t:|1699038746\n|switch|p1b: Khan|Gastrodon-East, M|100\/100|[from] U-turn\n|move|p1a: Mr. Rothschild|Psychic|p2b: Mienshao\n|-supereffective|p2b: Mienshao\n|-damage|p2b: Mienshao|0 fnt\n|faint|p2b: Mienshao\n|\n|upkeep\n|\n|t:|1699038755\n|switch|p2b: Weavile|Weavile, M|100\/100\n|-ability|p2b: Weavile|Pressure\n|turn|3\n|\n|t:|1699038783\n|switch|p2a: Amoonguss|Amoonguss, F, shiny|100\/100\n|-terastallize|p1a: Mr. Rothschild|Fairy\n|move|p1a: Mr. Rothschild|Tera Blast|p2b: Weavile|[anim] Tera Blast Fairy\n|-supereffective|p2b: Weavile\n|-damage|p2b: Weavile|0 fnt\n|faint|p2b: Weavile\n|move|p1b: Khan|Earth Power|p2a: Amoonguss\n|-damage|p2a: Amoonguss|73\/100\n|\n|upkeep\n|\n|t:|1699038815\n|switch|p2b: Altaria|Altaria, M|100\/100\n|-ability|p2b: Altaria|Cloud Nine\n|turn|4\n|\n|t:|1699038829\n|switch|p2b: Grimmsnarl|Grimmsnarl, M|100\/100\n|move|p1a: Mr. Rothschild|Psychic|p2a: Amoonguss\n|-supereffective|p2a: Amoonguss\n|-damage|p2a: Amoonguss|3\/100\n|move|p1b: Khan|Ice Beam|p2b: Grimmsnarl\n|-damage|p2b: Grimmsnarl|78\/100\n|move|p2a: Amoonguss|Spore|p1a: Mr. Rothschild\n|-activate|p1a: Mr. Rothschild|move: Misty Terrain\n|\n|-sideend|p1: Rungy|move: Tailwind\n|upkeep\n|turn|5\n|-message|Coppercape forfeited.\n|\n|win|Rungy\n|raw|Rungy's rating: 1188 &rarr; <strong>1222<\/strong><br \/>(+34 for winning)\n|raw|Coppercape's rating: 1325 &rarr; <strong>1297<\/strong><br \/>(-28 for losing)\n|l|\u2606Coppercape\n","uploadtime":1699038860,"views":26,"p1id":"rungy","p2id":"coppercape","formatid":"gen9doublesou","rating":1222,"private":0,"password":""}