{"id":"gen9doublesou-1997306735","p1":"mikeyuwu","p2":"TitansTestTeam3T","format":"[Gen 9] Doubles OU","log":"|j|\u2606mikeyuwu\n|j|\u2606TitansTestTeam3T\n|t:|1700787312\n|gametype|doubles\n|player|p1|mikeyuwu|psychic-gen4|1374\n|player|p2|TitansTestTeam3T|supernerd|1529\n|teamsize|p1|6\n|teamsize|p2|6\n|gen|9\n|tier|[Gen 9] Doubles OU\n|rated|\n|rule|Species Clause: Limit one of each Pok\u00e9mon\n|rule|OHKO Clause: OHKO moves are banned\n|rule|Evasion Moves Clause: Evasion moves are banned\n|rule|Gravity Sleep Clause: The combination of sleep-inducing moves with imperfect accuracy and Gravity or Gigantamax Orbeetle are banned\n|rule|Endless Battle Clause: Forcing endless battles is banned\n|rule|HP Percentage Mod: HP is shown in percentages\n|clearpoke\n|poke|p1|Garchomp, M|\n|poke|p1|Tyranitar, F|\n|poke|p1|Vaporeon, F|\n|poke|p1|Toxicroak, M|\n|poke|p1|Pelipper, F|\n|poke|p1|Abomasnow, M|\n|poke|p2|Sableye, F|\n|poke|p2|Landorus-Therian, M|\n|poke|p2|Iron Hands|\n|poke|p2|Cresselia, F|\n|poke|p2|Scizor, M|\n|poke|p2|Iron Bundle|\n|teampreview\n|inactive|Battle timer is ON: inactive players will automatically lose when time's up. (requested by TitansTestTeam3T)\n|c|\u2606TitansTestTeam3T|Have fun\n|\n|t:|1700787332\n|start\n|switch|p1a: OTLHPM|Toxicroak, M|100\/100\n|switch|p1b: Harmacy|Vaporeon, F|100\/100\n|switch|p2a: Sableye|Sableye, F|100\/100\n|switch|p2b: Scizor|Scizor, M|100\/100\n|turn|1\n|\n|t:|1700787349\n|move|p2a: Sableye|Reflect|p2a: Sableye\n|-sidestart|p2: TitansTestTeam3T|Reflect\n|move|p1a: OTLHPM|Sunny Day|p1a: OTLHPM\n|-weather|SunnyDay\n|move|p1b: Harmacy|Weather Ball|p2b: Scizor\n|-supereffective|p2b: Scizor\n|-damage|p2b: Scizor|0 fnt\n|faint|p2b: Scizor\n|\n|-weather|SunnyDay|[upkeep]\n|-damage|p1a: OTLHPM|88\/100|[from] ability: Dry Skin|[of] p1a: OTLHPM\n|-heal|p1a: OTLHPM|94\/100|[from] item: Black Sludge\n|upkeep\n|c|\u2606mikeyuwu|You too\n|inactive|TitansTestTeam3T has 120 seconds left.\n|\n|t:|1700787377\n|switch|p2b: Iron Bundle|Iron Bundle|100\/100\n|turn|2\n|\n|t:|1700787386\n|switch|p1b: ThcrThnSnkr|Tyranitar, F|100\/100\n|-weather|Sandstorm|[from] ability: Sand Stream|[of] p1b: ThcrThnSnkr\n|move|p2a: Sableye|Disable|p1b: ThcrThnSnkr\n|-hint|Since gen 7, Dark is immune to Prankster moves.\n|-immune|p1b: ThcrThnSnkr\n|move|p2b: Iron Bundle|Freeze-Dry|p1b: ThcrThnSnkr\n|-damage|p1b: ThcrThnSnkr|91\/100\n|move|p1a: OTLHPM|Drain Punch|p2b: Iron Bundle\n|-supereffective|p2b: Iron Bundle\n|-crit|p2b: Iron Bundle\n|-damage|p2b: Iron Bundle|0 fnt\n|-heal|p1a: OTLHPM|100\/100|[from] drain|[of] p2b: Iron Bundle\n|faint|p2b: Iron Bundle\n|-end|p2b: Iron Bundle|Quark Drive|[silent]\n|\n|-weather|Sandstorm|[upkeep]\n|-damage|p1a: OTLHPM|94\/100|[from] Sandstorm\n|-damage|p2a: Sableye|95\/100|[from] Sandstorm\n|-heal|p1a: OTLHPM|100\/100|[from] item: Black Sludge\n|upkeep\n|inactive|TitansTestTeam3T has 120 seconds left.\n|\n|t:|1700787409\n|switch|p2b: Iron Hands|Iron Hands|100\/100\n|turn|3\n|\n|t:|1700787424\n|switch|p1b: Extra Spicy|Garchomp, M|100\/100\n|move|p2a: Sableye|Light Screen|p2a: Sableye\n|-sidestart|p2: TitansTestTeam3T|move: Light Screen\n|move|p1a: OTLHPM|Poison Jab|p2b: Iron Hands\n|-damage|p2b: Iron Hands|83\/100\n|move|p2b: Iron Hands|Wild Charge|p1b: Extra Spicy\n|-immune|p1b: Extra Spicy\n|\n|-weather|Sandstorm|[upkeep]\n|-damage|p1a: OTLHPM|94\/100|[from] Sandstorm\n|-damage|p2b: Iron Hands|76\/100|[from] Sandstorm\n|-damage|p2a: Sableye|89\/100|[from] Sandstorm\n|-heal|p1a: OTLHPM|100\/100|[from] item: Black Sludge\n|upkeep\n|turn|4\n|\n|t:|1700787453\n|switch|p1a: Weather War|Pelipper, F|100\/100\n|-weather|RainDance|[from] ability: Drizzle|[of] p1a: Weather War\n|switch|p2a: Cresselia|Cresselia, F|100\/100\n|-end|p2b: Iron Hands|Quark Drive|[silent]\n|switch|p2b: Landorus|Landorus-Therian, M|100\/100\n|-ability|p2b: Landorus|Intimidate|boost\n|-unboost|p1a: Weather War|atk|1\n|-unboost|p1b: Extra Spicy|atk|1\n|move|p1b: Extra Spicy|Brick Break|p2b: Landorus\n|-sideend|p2: TitansTestTeam3T|Reflect\n|-sideend|p2: TitansTestTeam3T|move: Light Screen\n|-resisted|p2b: Landorus\n|-damage|p2b: Landorus|92\/100\n|\n|-weather|RainDance|[upkeep]\n|upkeep\n|turn|5\n|\n|t:|1700787476\n|switch|p1b: Cold Shoulder|Abomasnow, M, shiny|100\/100\n|-weather|Snow|[from] ability: Snow Warning|[of] p1b: Cold Shoulder\n|move|p2b: Landorus|U-turn|p1a: Weather War\n|-resisted|p1a: Weather War\n|-damage|p1a: Weather War|89\/100\n|\n|t:|1700787483\n|switch|p2b: Iron Hands|Iron Hands|76\/100|[from] U-turn\n|move|p2a: Cresselia|Calm Mind|p2a: Cresselia\n|-boost|p2a: Cresselia|spa|1\n|-boost|p2a: Cresselia|spd|1\n|move|p1a: Weather War|Blizzard|p2a: Cresselia|[spread] p2a,p2b\n|-crit|p2a: Cresselia\n|-damage|p2a: Cresselia|83\/100\n|-damage|p2b: Iron Hands|67\/100\n|-status|p2b: Iron Hands|frz\n|\n|-weather|Snow|[upkeep]\n|-heal|p2a: Cresselia|89\/100|[from] item: Leftovers\n|upkeep\n|turn|6\n|j| alzzc\n|\n|t:|1700787502\n|switch|p1a: Extra Spicy|Garchomp, M|100\/100\n|move|p2a: Cresselia|Calm Mind|p2a: Cresselia\n|-boost|p2a: Cresselia|spa|1\n|-boost|p2a: Cresselia|spd|1\n|move|p1b: Cold Shoulder|Leech Seed|p2b: Iron Hands\n|-start|p2b: Iron Hands|move: Leech Seed\n|cant|p2b: Iron Hands|frz\n|\n|-weather|Snow|[upkeep]\n|-heal|p2a: Cresselia|96\/100|[from] item: Leftovers\n|-damage|p2b: Iron Hands|55\/100 frz|[from] Leech Seed|[of] p1b: Cold Shoulder\n|upkeep\n|turn|7\n|\n|t:|1700787520\n|-end|p2b: Iron Hands|Quark Drive|[silent]\n|switch|p2b: Sableye|Sableye, F|89\/100\n|move|p1a: Extra Spicy|Earthquake|p2a: Cresselia|[spread] p1b,p2b\n|-immune|p2a: Cresselia|[from] ability: Levitate\n|-resisted|p1b: Cold Shoulder\n|-damage|p1b: Cold Shoulder|91\/100\n|-damage|p2b: Sableye|39\/100\n|move|p2a: Cresselia|Calm Mind|p2a: Cresselia\n|-boost|p2a: Cresselia|spa|1\n|-boost|p2a: Cresselia|spd|1\n|move|p1b: Cold Shoulder|Leech Seed|p2a: Cresselia\n|-start|p2a: Cresselia|move: Leech Seed\n|\n|-weather|Snow|[upkeep]\n|-heal|p2a: Cresselia|100\/100|[from] item: Leftovers\n|-damage|p2a: Cresselia|88\/100|[from] Leech Seed|[of] p1b: Cold Shoulder\n|-heal|p1b: Cold Shoulder|100\/100|[silent]\n|upkeep\n|turn|8\n|\n|t:|1700787544\n|switch|p1b: ThcrThnSnkr|Tyranitar, F|91\/100\n|-weather|Sandstorm|[from] ability: Sand Stream|[of] p1b: ThcrThnSnkr\n|move|p2b: Sableye|Reflect|p2b: Sableye\n|-sidestart|p2: TitansTestTeam3T|Reflect\n|move|p1a: Extra Spicy|Poison Jab|p2a: Cresselia\n|-damage|p2a: Cresselia|80\/100\n|-status|p2a: Cresselia|psn\n|move|p2a: Cresselia|Calm Mind|p2a: Cresselia\n|-boost|p2a: Cresselia|spa|1\n|-boost|p2a: Cresselia|spd|1\n|\n|-weather|Sandstorm|[upkeep]\n|-damage|p2a: Cresselia|74\/100 psn|[from] Sandstorm\n|-damage|p2b: Sableye|33\/100|[from] Sandstorm\n|-heal|p2a: Cresselia|80\/100 psn|[from] item: Leftovers\n|-damage|p2a: Cresselia|67\/100 psn|[from] Leech Seed|[of] p1b: ThcrThnSnkr\n|-heal|p1b: ThcrThnSnkr|100\/100|[silent]\n|-damage|p2a: Cresselia|55\/100 psn|[from] psn\n|upkeep\n|turn|9\n|\n|t:|1700787572\n|-terastallize|p2a: Cresselia|Fighting\n|move|p2b: Sableye|Disable|p1a: Extra Spicy\n|-start|p1a: Extra Spicy|Disable|Poison Jab\n|move|p1a: Extra Spicy|Brick Break|p2a: Cresselia\n|-sideend|p2: TitansTestTeam3T|Reflect\n|-damage|p2a: Cresselia|44\/100 psn\n|move|p2a: Cresselia|Tera Blast|p1b: ThcrThnSnkr|[anim] Tera Blast Fighting\n|-supereffective|p1b: ThcrThnSnkr\n|-damage|p1b: ThcrThnSnkr|17\/100\n|move|p1b: ThcrThnSnkr|Knock Off|p2a: Cresselia\n|-resisted|p2a: Cresselia\n|-crit|p2a: Cresselia\n|-damage|p2a: Cresselia|27\/100 psn\n|-enditem|p2a: Cresselia|Leftovers|[from] move: Knock Off|[of] p1b: ThcrThnSnkr\n|\n|-weather|Sandstorm|[upkeep]\n|-damage|p2a: Cresselia|21\/100 psn|[from] Sandstorm\n|-damage|p2b: Sableye|27\/100|[from] Sandstorm\n|-damage|p2a: Cresselia|9\/100 psn|[from] Leech Seed|[of] p1b: ThcrThnSnkr\n|-heal|p1b: ThcrThnSnkr|32\/100|[silent]\n|-damage|p2a: Cresselia|0 fnt|[from] psn\n|faint|p2a: Cresselia\n|upkeep\n|inactive|TitansTestTeam3T has 120 seconds left.\n|c|\u2606TitansTestTeam3T|Good game\n|-message|TitansTestTeam3T forfeited.\n|\n|win|mikeyuwu\n|raw|mikeyuwu's rating: 1374 &rarr; <strong>1402<\/strong><br \/>(+28 for winning)\n|raw|TitansTestTeam3T's rating: 1529 &rarr; <strong>1501<\/strong><br \/>(-28 for losing)\n|c|\u2606mikeyuwu|Gg\n|l|\u2606TitansTestTeam3T\n|c|\u2606mikeyuwu|738 spd ttar stronk\n","uploadtime":1700787647,"views":5,"p1id":"mikeyuwu","p2id":"titanstestteam3t","formatid":"gen9doublesou","rating":1402,"private":0,"password":""}