{"id":"gen9doublesou-1979044274","p1":"penguinUSA17","p2":"rallen090","format":"[Gen 9] Doubles OU","log":"|j|\u2606penguinUSA17\n|j|\u2606rallen090\n|t:|1698625061\n|gametype|doubles\n|player|p1|penguinUSA17|265|1401\n|player|p2|rallen090|266|1376\n|teamsize|p1|6\n|teamsize|p2|6\n|gen|9\n|tier|[Gen 9] Doubles OU\n|rated|\n|rule|Species Clause: Limit one of each Pok\u00e9mon\n|rule|OHKO Clause: OHKO moves are banned\n|rule|Evasion Moves Clause: Evasion moves are banned\n|rule|Gravity Sleep Clause: The combination of sleep-inducing moves with imperfect accuracy and Gravity or Gigantamax Orbeetle are banned\n|rule|Endless Battle Clause: Forcing endless battles is banned\n|rule|HP Percentage Mod: HP is shown in percentages\n|clearpoke\n|poke|p1|Gliscor, M|\n|poke|p1|Clefairy, M|\n|poke|p1|Snorlax, F|\n|poke|p1|Amoonguss, M|\n|poke|p1|Kommo-o, F|\n|poke|p1|Kingambit, M|\n|poke|p2|Infernape, M|\n|poke|p2|Luxray, F|\n|poke|p2|Samurott-Hisui, F|\n|poke|p2|Corviknight, M|\n|poke|p2|Garchomp, M|\n|poke|p2|Abomasnow, M|\n|teampreview\n|inactive|Battle timer is ON: inactive players will automatically lose when time's up. (requested by penguinUSA17)\n|\n|t:|1698625070\n|start\n|switch|p1a: Clefairy|Clefairy, M, shiny|100\/100\n|switch|p1b: Snorlax|Snorlax, F, shiny|100\/100\n|switch|p2a: Master|Abomasnow, M|100\/100\n|switch|p2b: Abyss|Garchomp, M, shiny|100\/100\n|-weather|Snow|[from] ability: Snow Warning|[of] p2a: Master\n|turn|1\n|\n|t:|1698625087\n|move|p2b: Abyss|Rock Slide|p1b: Snorlax|[spread] p1a,p1b\n|-damage|p1a: Clefairy|76\/100\n|-damage|p1b: Snorlax|87\/100\n|move|p2a: Master|Blizzard|p1b: Snorlax|[spread] p1a,p1b\n|-damage|p1a: Clefairy|52\/100\n|-damage|p1b: Snorlax|79\/100\n|-status|p1a: Clefairy|frz\n|cant|p1a: Clefairy|frz\n|cant|p1b: Snorlax|flinch\n|\n|-weather|Snow|[upkeep]\n|upkeep\n|turn|2\n|\n|t:|1698625105\n|move|p2b: Abyss|Earthquake|p1b: Snorlax|[spread] p2a,p1a,p1b\n|-resisted|p2a: Master\n|-damage|p2a: Master|85\/100\n|-damage|p1a: Clefairy|8\/100 frz\n|-damage|p1b: Snorlax|49\/100\n|move|p2a: Master|Blizzard|p1a: Clefairy|[spread] p1a,p1b\n|-damage|p1a: Clefairy|0 fnt\n|-damage|p1b: Snorlax|41\/100\n|faint|p1a: Clefairy\n|move|p1b: Snorlax|Belly Drum||[still]\n|-fail|p1b: Snorlax\n|\n|-weather|Snow|[upkeep]\n|upkeep\n|\n|t:|1698625118\n|switch|p1a: Amoonguss|Amoonguss, M, shiny|100\/100\n|turn|3\n|\n|t:|1698625124\n|-terastallize|p1a: Amoonguss|Water\n|move|p2b: Abyss|Rock Slide|p1a: Amoonguss|[spread] p1a,p1b\n|-damage|p1a: Amoonguss|81\/100\n|-damage|p1b: Snorlax|23\/100\n|-enditem|p1b: Snorlax|Aguav Berry|[eat]\n|-heal|p1b: Snorlax|56\/100|[from] item: Aguav Berry\n|move|p2a: Master|Blizzard|p1b: Snorlax|[spread] p1a,p1b\n|-resisted|p1a: Amoonguss\n|-damage|p1a: Amoonguss|69\/100\n|-damage|p1b: Snorlax|44\/100\n|move|p1b: Snorlax|Belly Drum||[still]\n|-fail|p1b: Snorlax\n|cant|p1a: Amoonguss|flinch\n|\n|-weather|Snow|[upkeep]\n|-heal|p1a: Amoonguss|75\/100|[from] item: Leftovers\n|upkeep\n|turn|4\n|c|\u2606penguinUSA17|What the fuck\n|inactive|penguinUSA17 has 120 seconds left.\n|\n|t:|1698625162\n|move|p1b: Snorlax|Protect|p1b: Snorlax\n|-singleturn|p1b: Snorlax|Protect\n|move|p2b: Abyss|Dragon Claw|p1b: Snorlax\n|-activate|p1b: Snorlax|move: Protect\n|move|p2a: Master|Giga Drain|p1a: Amoonguss\n|-supereffective|p1a: Amoonguss\n|-damage|p1a: Amoonguss|27\/100\n|-heal|p2a: Master|100\/100|[from] drain|[of] p1a: Amoonguss\n|move|p1a: Amoonguss|Spore|p2b: Abyss\n|-status|p2b: Abyss|slp|[from] move: Spore\n|\n|-weather|Snow|[upkeep]\n|-heal|p1a: Amoonguss|33\/100|[from] item: Leftovers\n|upkeep\n|turn|5\n|inactive|penguinUSA17 has 120 seconds left.\n|\n|t:|1698625196\n|move|p1a: Amoonguss|Protect|p1a: Amoonguss\n|-singleturn|p1a: Amoonguss|Protect\n|cant|p2b: Abyss|slp\n|move|p2a: Master|Giga Drain|p1a: Amoonguss\n|-activate|p1a: Amoonguss|move: Protect\n|move|p1b: Snorlax|Body Slam|p2a: Master\n|-damage|p2a: Master|67\/100\n|-status|p2a: Master|par\n|\n|-weather|none\n|-heal|p1a: Amoonguss|39\/100|[from] item: Leftovers\n|upkeep\n|turn|6\n|inactive|penguinUSA17 has 120 seconds left.\n|\n|t:|1698625220\n|cant|p2b: Abyss|slp\n|move|p1a: Amoonguss|Pollen Puff|p1b: Snorlax\n|-heal|p1b: Snorlax|94\/100\n|move|p1b: Snorlax|Body Slam|p2a: Master\n|-damage|p2a: Master|18\/100 par\n|move|p2a: Master|Giga Drain|p1a: Amoonguss\n|-supereffective|p1a: Amoonguss\n|-damage|p1a: Amoonguss|0 fnt\n|-heal|p2a: Master|40\/100 par|[from] drain|[of] p1a: Amoonguss\n|faint|p1a: Amoonguss\n|\n|upkeep\n|\n|t:|1698625238\n|switch|p1a: Kommo-o|Kommo-o, F, shiny|100\/100\n|turn|7\n|-activate|p2a: Master|item: Quick Claw\n|\n|t:|1698625248\n|move|p1a: Kommo-o|Protect|p1a: Kommo-o\n|-singleturn|p1a: Kommo-o|Protect\n|move|p2a: Master|Blizzard|p1b: Snorlax|[spread] p1b\n|-activate|p1a: Kommo-o|move: Protect\n|-damage|p1b: Snorlax|84\/100\n|-curestatus|p2b: Abyss|slp|[msg]\n|move|p2b: Abyss|Dragon Claw|p1a: Kommo-o\n|-activate|p1a: Kommo-o|move: Protect\n|move|p1b: Snorlax|Belly Drum|p1b: Snorlax\n|-damage|p1b: Snorlax|34\/100\n|-setboost|p1b: Snorlax|atk|6|[from] move: Belly Drum\n|\n|upkeep\n|turn|8\n|\n|t:|1698625270\n|-terastallize|p2b: Abyss|Poison\n|move|p1b: Snorlax|Protect|p1b: Snorlax\n|-singleturn|p1b: Snorlax|Protect\n|move|p2b: Abyss|Dragon Claw|p1b: Snorlax\n|-activate|p1b: Snorlax|move: Protect\n|move|p1a: Kommo-o|Clanging Scales|p2a: Master|[spread] p2a,p2b\n|-damage|p2a: Master|3\/100 par\n|-damage|p2b: Abyss|63\/100\n|-unboost|p1a: Kommo-o|def|1\n|cant|p2a: Master|par\n|\n|upkeep\n|turn|9\n|\n|t:|1698625294\n|switch|p2a: Stardust|Luxray, F, shiny|100\/100\n|-ability|p2a: Stardust|Intimidate|boost\n|-unboost|p1a: Kommo-o|atk|1\n|-unboost|p1b: Snorlax|atk|1\n|move|p2b: Abyss|Dragon Claw|p1b: Snorlax\n|-damage|p1b: Snorlax|0 fnt\n|faint|p1b: Snorlax\n|move|p1a: Kommo-o|Clanging Scales|p2b: Abyss|[spread] p2a,p2b\n|-damage|p2a: Stardust|66\/100\n|-damage|p2b: Abyss|22\/100\n|-unboost|p1a: Kommo-o|def|1\n|\n|upkeep\n|\n|t:|1698625307\n|switch|p1b: Kingambit|Kingambit, M|100\/100\n|-activate|p1b: Kingambit|ability: Supreme Overlord\n|-start|p1b: Kingambit|fallen3|[silent]\n|turn|10\n|\n|t:|1698625315\n|move|p1b: Kingambit|Sucker Punch|p2b: Abyss\n|-damage|p2b: Abyss|0 fnt\n|-damage|p1b: Kingambit|88\/100|[from] ability: Rough Skin|[of] p2b: Abyss\n|-damage|p1b: Kingambit|72\/100|[from] item: Rocky Helmet|[of] p2b: Abyss\n|faint|p2b: Abyss\n|move|p1a: Kommo-o|Clangorous Soul|p1a: Kommo-o\n|-boost|p1a: Kommo-o|atk|1\n|-boost|p1a: Kommo-o|def|1\n|-boost|p1a: Kommo-o|spa|1\n|-boost|p1a: Kommo-o|spd|1\n|-boost|p1a: Kommo-o|spe|1\n|-damage|p1a: Kommo-o|68\/100\n|move|p2a: Stardust|Spark|p1b: Kingambit\n|-damage|p1b: Kingambit|45\/100\n|\n|-heal|p1b: Kingambit|51\/100|[from] item: Leftovers\n|upkeep\n|\n|t:|1698625330\n|switch|p2b: Master|Abomasnow, M|3\/100 par\n|-weather|Snow|[from] ability: Snow Warning|[of] p2b: Master\n|turn|11\n|\n|t:|1698625348\n|move|p1b: Kingambit|Sucker Punch|p2a: Stardust\n|-damage|p2a: Stardust|2\/100\n|move|p1a: Kommo-o|Clanging Scales|p2a: Stardust|[spread] p2a,p2b\n|-damage|p2a: Stardust|0 fnt\n|-damage|p2b: Master|0 fnt\n|faint|p2a: Stardust\n|faint|p2b: Master\n|-unboost|p1a: Kommo-o|def|1\n|\n|-weather|Snow|[upkeep]\n|-heal|p1b: Kingambit|57\/100|[from] item: Leftovers\n|upkeep\n|\n|t:|1698625364\n|switch|p2a: Blaze|Infernape, M|100\/100\n|switch|p2b: Witcher|Corviknight, M|100\/100\n|turn|12\n|\n|t:|1698625375\n|move|p2a: Blaze|Mach Punch|p1b: Kingambit\n|-supereffective|p1b: Kingambit\n|-damage|p1b: Kingambit|0 fnt\n|faint|p1b: Kingambit\n|-end|p1b: Kingambit|fallen3|[silent]\n|-damage|p2a: Blaze|91\/100|[from] item: Life Orb\n|move|p1a: Kommo-o|Clanging Scales|p2b: Witcher|[spread] p2a,p2b\n|-crit|p2a: Blaze\n|-resisted|p2b: Witcher\n|-damage|p2a: Blaze|0 fnt\n|-damage|p2b: Witcher|79\/100\n|faint|p2a: Blaze\n|-unboost|p1a: Kommo-o|def|1\n|move|p2b: Witcher|Drill Peck|p1a: Kommo-o\n|-supereffective|p1a: Kommo-o\n|-damage|p1a: Kommo-o|0 fnt\n|faint|p1a: Kommo-o\n|\n|-weather|Snow|[upkeep]\n|-heal|p2b: Witcher|85\/100|[from] item: Leftovers\n|upkeep\n|\n|t:|1698625395\n|switch|p2a: Shellshock|Samurott-Hisui, F, shiny|100\/100\n|switch|p1b: Gliscor|Gliscor, M, shiny|100\/100\n|turn|13\n|\n|t:|1698625403\n|move|p2a: Shellshock|Razor Shell|p1b: Gliscor\n|-supereffective|p1b: Gliscor\n|-damage|p1b: Gliscor|27\/100\n|move|p1b: Gliscor|Toxic|p2a: Shellshock|[miss]\n|-miss|p1b: Gliscor|p2a: Shellshock\n|move|p2b: Witcher|Iron Defense|p2b: Witcher\n|-boost|p2b: Witcher|def|2\n|\n|-weather|Snow|[upkeep]\n|-heal|p2b: Witcher|91\/100|[from] item: Leftovers\n|-status|p1b: Gliscor|tox|[from] item: Toxic Orb\n|upkeep\n|turn|14\n|-message|penguinUSA17 forfeited.\n|\n|win|rallen090\n|raw|penguinUSA17's rating: 1401 &rarr; <strong>1380<\/strong><br \/>(-21 for losing)\n|raw|rallen090's rating: 1376 &rarr; <strong>1397<\/strong><br \/>(+21 for winning)\n|l|\u2606penguinUSA17\n|l|\u2606rallen090\n|j|\u2606penguinUSA17\n|player|p1|penguinUSA17|265\n","uploadtime":1698625448,"views":21,"p1id":"penguinusa17","p2id":"rallen090","formatid":"gen9doublesou","rating":1380,"private":0,"password":""}