{"id":"gen9doublesou-1998389660","p1":"RuiRivers","p2":"vegetasfeet","format":"[Gen 9] Doubles OU","log":"|j|\u2606RuiRivers\n|j|\u2606vegetasfeet\n|t:|1700936876\n|gametype|doubles\n|player|p1|RuiRivers|shadowtriad|1134\n|player|p2|vegetasfeet|brycen|1282\n|teamsize|p1|6\n|teamsize|p2|6\n|gen|9\n|tier|[Gen 9] Doubles OU\n|rated|\n|rule|Species Clause: Limit one of each Pok\u00e9mon\n|rule|OHKO Clause: OHKO moves are banned\n|rule|Evasion Moves Clause: Evasion moves are banned\n|rule|Gravity Sleep Clause: The combination of sleep-inducing moves with imperfect accuracy and Gravity or Gigantamax Orbeetle are banned\n|rule|Endless Battle Clause: Forcing endless battles is banned\n|rule|HP Percentage Mod: HP is shown in percentages\n|clearpoke\n|poke|p1|Meowscarada, F|\n|poke|p1|Tauros-Paldea-Blaze, M|\n|poke|p1|Frosmoth, F|\n|poke|p1|Dragapult, F|\n|poke|p1|Farigiraf, F|\n|poke|p1|Basculegion-F, F|\n|poke|p2|Scizor, F|\n|poke|p2|Clefairy, F|\n|poke|p2|Pelipper, M|\n|poke|p2|Roaring Moon|\n|poke|p2|Garchomp, F|\n|poke|p2|Gholdengo|\n|teampreview\n|\n|t:|1700936895\n|start\n|switch|p1a: Tauros|Tauros-Paldea-Blaze, M|100\/100\n|switch|p1b: Meowscarada|Meowscarada, F|100\/100\n|switch|p2a: Pelipper|Pelipper, M|100\/100\n|switch|p2b: Garchomp|Garchomp, F|100\/100\n|-weather|RainDance|[from] ability: Drizzle|[of] p2a: Pelipper\n|turn|1\n|\n|t:|1700936914\n|move|p1b: Meowscarada|Flower Trick|p1a: Tauros\n|-start|p1b: Meowscarada|typechange|Grass|[from] ability: Protean\n|-resisted|p1a: Tauros\n|-crit|p1a: Tauros\n|-damage|p1a: Tauros|77\/100\n|-setboost|p1a: Tauros|atk|6|[from] ability: Anger Point\n|move|p2b: Garchomp|Stomping Tantrum|p1a: Tauros\n|-supereffective|p1a: Tauros\n|-damage|p1a: Tauros|2\/100\n|-enditem|p1a: Tauros|Sitrus Berry|[eat]\n|-heal|p1a: Tauros|27\/100|[from] item: Sitrus Berry\n|move|p1a: Tauros|Close Combat|p2b: Garchomp\n|-damage|p2b: Garchomp|0 fnt\n|-unboost|p1a: Tauros|def|1\n|-unboost|p1a: Tauros|spd|1\n|-damage|p1a: Tauros|15\/100|[from] ability: Rough Skin|[of] p2b: Garchomp\n|-damage|p1a: Tauros|0 fnt|[from] item: Rocky Helmet|[of] p2b: Garchomp\n|faint|p2b: Garchomp\n|faint|p1a: Tauros\n|move|p2a: Pelipper|Hurricane|p1b: Meowscarada\n|-supereffective|p1b: Meowscarada\n|-enditem|p1b: Meowscarada|Focus Sash\n|-damage|p1b: Meowscarada|1\/100\n|\n|-weather|RainDance|[upkeep]\n|upkeep\n|\n|t:|1700936939\n|switch|p2b: Scizor|Scizor, F|100\/100\n|switch|p1a: Basculegion|Basculegion-F, F|100\/100\n|turn|2\n|\n|t:|1700936949\n|move|p2b: Scizor|Bullet Punch|p1b: Meowscarada\n|-damage|p1b: Meowscarada|0 fnt\n|faint|p1b: Meowscarada\n|-damage|p2b: Scizor|91\/100|[from] item: Life Orb\n|move|p2a: Pelipper|Tailwind|p2a: Pelipper\n|-sidestart|p2: vegetasfeet|move: Tailwind\n|move|p1a: Basculegion|Surf|p2a: Pelipper|[spread] p2a,p2b\n|-resisted|p2a: Pelipper\n|-damage|p2a: Pelipper|34\/100\n|-damage|p2b: Scizor|0 fnt\n|faint|p2b: Scizor\n|\n|-weather|RainDance|[upkeep]\n|upkeep\n|\n|t:|1700936966\n|switch|p1b: Farigiraf|Farigiraf, F|100\/100\n|switch|p2b: Roaring Moon|Roaring Moon|100\/100\n|-enditem|p2b: Roaring Moon|Booster Energy\n|-activate|p2b: Roaring Moon|ability: Protosynthesis|[fromitem]\n|-start|p2b: Roaring Moon|protosynthesisspe\n|turn|3\n|\n|t:|1700936981\n|switch|p1a: Dragapult|Dragapult, F|100\/100\n|-terastallize|p2b: Roaring Moon|Flying\n|move|p2a: Pelipper|Wide Guard|p2a: Pelipper\n|-singleturn|p2a: Pelipper|Wide Guard\n|move|p2b: Roaring Moon|Acrobatics|p1b: Farigiraf\n|-damage|p1b: Farigiraf|37\/100\n|move|p1b: Farigiraf|Trick Room|p1b: Farigiraf\n|-fieldstart|move: Trick Room|[of] p1b: Farigiraf\n|\n|-weather|RainDance|[upkeep]\n|upkeep\n|turn|4\n|\n|t:|1700936996\n|switch|p2a: Clefairy|Clefairy, F|100\/100\n|move|p2b: Roaring Moon|Protect|p2b: Roaring Moon\n|-singleturn|p2b: Roaring Moon|Protect\n|move|p1b: Farigiraf|Hyper Voice|p2b: Roaring Moon|[spread] p2a\n|-activate|p2b: Roaring Moon|move: Protect\n|-damage|p2a: Clefairy|77\/100\n|-enditem|p1b: Farigiraf|Throat Spray\n|-boost|p1b: Farigiraf|spa|1|[from] item: Throat Spray\n|move|p1a: Dragapult|Draco Meteor|p2b: Roaring Moon\n|-activate|p2b: Roaring Moon|move: Protect\n|\n|-weather|RainDance|[upkeep]\n|upkeep\n|turn|5\n|\n|t:|1700937014\n|-end|p2b: Roaring Moon|Protosynthesis|[silent]\n|switch|p2b: Gholdengo|Gholdengo|100\/100\n|move|p1b: Farigiraf|Hyper Voice|p2b: Gholdengo|[spread] p2a\n|-immune|p2b: Gholdengo\n|-damage|p2a: Clefairy|44\/100\n|move|p2a: Clefairy|Light Screen|p2a: Clefairy\n|-sidestart|p2: vegetasfeet|move: Light Screen\n|move|p1a: Dragapult|Draco Meteor|p2b: Gholdengo\n|-resisted|p2b: Gholdengo\n|-damage|p2b: Gholdengo|58\/100\n|-unboost|p1a: Dragapult|spa|2\n|-damage|p1a: Dragapult|91\/100|[from] item: Life Orb\n|\n|-weather|RainDance|[upkeep]\n|-sideend|p2: vegetasfeet|move: Tailwind\n|upkeep\n|turn|6\n|\n|t:|1700937035\n|switch|p2b: Roaring Moon|Roaring Moon, tera:Flying|100\/100\n|move|p1a: Dragapult|Protect|p1a: Dragapult\n|-singleturn|p1a: Dragapult|Protect\n|move|p2a: Clefairy|Stealth Rock|p1a: Dragapult\n|-sidestart|p1: RuiRivers|move: Stealth Rock\n|move|p1b: Farigiraf|Psychic|p2b: Roaring Moon\n|-damage|p2b: Roaring Moon|58\/100\n|\n|-weather|RainDance|[upkeep]\n|upkeep\n|turn|7\n|\n|t:|1700937053\n|move|p2a: Clefairy|Heal Pulse|p2b: Roaring Moon\n|-heal|p2b: Roaring Moon|100\/100\n|move|p1b: Farigiraf|Hyper Voice|p2a: Clefairy|[spread] p2a,p2b\n|-damage|p2a: Clefairy|22\/100\n|-damage|p2b: Roaring Moon|69\/100\n|move|p2b: Roaring Moon|Breaking Swipe|p1a: Dragapult|[spread] p1a,p1b\n|-supereffective|p1a: Dragapult\n|-crit|p1b: Farigiraf\n|-damage|p1a: Dragapult|23\/100\n|-damage|p1b: Farigiraf|2\/100\n|-unboost|p1a: Dragapult|atk|1\n|-unboost|p1b: Farigiraf|atk|1\n|move|p1a: Dragapult|Draco Meteor|p2b: Roaring Moon\n|-damage|p2b: Roaring Moon|35\/100\n|-unboost|p1a: Dragapult|spa|2\n|-damage|p1a: Dragapult|13\/100|[from] item: Life Orb\n|\n|-weather|RainDance|[upkeep]\n|-fieldend|move: Trick Room\n|upkeep\n|turn|8\n|\n|t:|1700937070\n|move|p1a: Dragapult|U-turn|p2a: Clefairy\n|-resisted|p2a: Clefairy\n|-damage|p2a: Clefairy|14\/100\n|-damage|p1a: Dragapult|3\/100|[from] item: Life Orb\n|\n|t:|1700937074\n|switch|p1a: Basculegion|Basculegion-F, F|100\/100|[from] U-turn\n|-damage|p1a: Basculegion|88\/100|[from] Stealth Rock\n|move|p2b: Roaring Moon|Breaking Swipe|p1b: Farigiraf|[spread] p1a,p1b\n|-damage|p1a: Basculegion|60\/100\n|-damage|p1b: Farigiraf|0 fnt\n|-unboost|p1a: Basculegion|atk|1\n|faint|p1b: Farigiraf\n|move|p2a: Clefairy|Heal Pulse|p2b: Roaring Moon\n|-heal|p2b: Roaring Moon|85\/100\n|\n|-weather|none\n|upkeep\n|\n|t:|1700937076\n|switch|p1b: Frosmoth|Frosmoth, F|100\/100\n|-damage|p1b: Frosmoth|50\/100|[from] Stealth Rock\n|turn|9\n|\n|t:|1700937096\n|switch|p2a: Gholdengo|Gholdengo|58\/100\n|move|p1b: Frosmoth|Wide Guard|p1b: Frosmoth\n|-singleturn|p1b: Frosmoth|Wide Guard\n|move|p2b: Roaring Moon|Acrobatics|p1b: Frosmoth\n|-supereffective|p1b: Frosmoth\n|-damage|p1b: Frosmoth|0 fnt\n|faint|p1b: Frosmoth\n|move|p1a: Basculegion|Surf|p2b: Roaring Moon|[spread] p2a,p2b\n|-damage|p2a: Gholdengo|9\/100\n|-damage|p2b: Roaring Moon|46\/100\n|\n|-sideend|p2: vegetasfeet|move: Light Screen\n|upkeep\n|\n|t:|1700937105\n|switch|p1b: Dragapult|Dragapult, F|3\/100\n|-damage|p1b: Dragapult|0 fnt|[from] Stealth Rock\n|faint|p1b: Dragapult\n|turn|10\n|\n|t:|1700937111\n|-terastallize|p1a: Basculegion|Normal\n|move|p2b: Roaring Moon|Acrobatics|p1a: Basculegion\n|-damage|p1a: Basculegion|0 fnt\n|faint|p1a: Basculegion\n|\n|win|vegetasfeet\n|raw|RuiRivers's rating: 1134 &rarr; <strong>1119<\/strong><br \/>(-15 for losing)\n|raw|vegetasfeet's rating: 1282 &rarr; <strong>1297<\/strong><br \/>(+15 for winning)\n|l|\u2606RuiRivers\n","uploadtime":1700937118,"views":0,"p1id":"ruirivers","p2id":"vegetasfeet","formatid":"gen9doublesou","rating":1119,"private":0,"password":""}