{"id":"gen9doublesou-1976351765","p1":"Beanslinger2","p2":"EkCantDrawLol","format":"[Gen 9] Doubles OU","log":"|j|\u2606Beanslinger2\n|j|\u2606EkCantDrawLol\n|t:|1698290010\n|gametype|doubles\n|player|p1|Beanslinger2|harlequin|1332\n|player|p2|EkCantDrawLol|skierf|1526\n|teamsize|p1|6\n|teamsize|p2|6\n|gen|9\n|tier|[Gen 9] Doubles OU\n|rated|\n|rule|Species Clause: Limit one of each Pok\u00e9mon\n|rule|OHKO Clause: OHKO moves are banned\n|rule|Evasion Moves Clause: Evasion moves are banned\n|rule|Gravity Sleep Clause: The combination of sleep-inducing moves with imperfect accuracy and Gravity or Gigantamax Orbeetle are banned\n|rule|Endless Battle Clause: Forcing endless battles is banned\n|rule|HP Percentage Mod: HP is shown in percentages\n|clearpoke\n|poke|p1|Farigiraf, M|\n|poke|p1|Vikavolt, M|\n|poke|p1|Pelipper, M|\n|poke|p1|Frosmoth, F|\n|poke|p1|Ludicolo, M|\n|poke|p1|Diancie|\n|poke|p2|Kommo-o, F|\n|poke|p2|Tyranitar, M|\n|poke|p2|Flutter Mane|\n|poke|p2|Tornadus, M|\n|poke|p2|Amoonguss, F|\n|poke|p2|Ursaluna, F|\n|teampreview\n|inactive|Battle timer is ON: inactive players will automatically lose when time's up. (requested by Beanslinger2)\n|c|\u2606Beanslinger2|Behold\n|c|\u2606Beanslinger2|Jank team\n|\n|t:|1698290035\n|start\n|switch|p1a: Farigiraf|Farigiraf, M|100\/100\n|switch|p1b: Pelipper|Pelipper, M|100\/100\n|switch|p2a: Amoonguss|Amoonguss, F, shiny|100\/100\n|switch|p2b: Tornadus|Tornadus, M, shiny|100\/100\n|-weather|RainDance|[from] ability: Drizzle|[of] p1b: Pelipper\n|turn|1\n|\n|t:|1698290057\n|-terastallize|p2a: Amoonguss|Dark\n|move|p2b: Tornadus|Bleakwind Storm|p1b: Pelipper|[spread] p1a,p1b\n|-damage|p1a: Farigiraf|61\/100\n|-damage|p1b: Pelipper|47\/100\n|-unboost|p1b: Pelipper|spe|1\n|move|p1a: Farigiraf|Thunder|p2b: Tornadus\n|-supereffective|p2b: Tornadus\n|-damage|p2b: Tornadus|0 fnt\n|faint|p2b: Tornadus\n|move|p1b: Pelipper|Hurricane|p2a: Amoonguss\n|-damage|p2a: Amoonguss|66\/100\n|-start|p2a: Amoonguss|confusion\n|-activate|p2a: Amoonguss|confusion\n|move|p2a: Amoonguss|Spore|p1a: Farigiraf\n|-status|p1a: Farigiraf|slp|[from] move: Spore\n|\n|-weather|RainDance|[upkeep]\n|upkeep\n|inactive|EkCantDrawLol has 120 seconds left.\n|\n|t:|1698290073\n|switch|p2b: Tyranitar|Tyranitar, M, shiny|100\/100\n|-weather|Sandstorm|[from] ability: Sand Stream|[of] p2b: Tyranitar\n|turn|2\n|\n|t:|1698290087\n|switch|p1b: Ludicolo|Ludicolo, M|100\/100\n|switch|p2a: Kommo-o|Kommo-o, F, shiny|100\/100\n|move|p2b: Tyranitar|Rock Slide|p1b: Ludicolo|[spread] p1a,p1b\n|-damage|p1a: Farigiraf|34\/100 slp\n|-damage|p1b: Ludicolo|65\/100\n|cant|p1a: Farigiraf|slp\n|\n|-weather|Sandstorm|[upkeep]\n|-damage|p1b: Ludicolo|59\/100|[from] Sandstorm\n|-damage|p1a: Farigiraf|28\/100 slp|[from] Sandstorm\n|-heal|p1b: Ludicolo|65\/100|[from] item: Leftovers\n|upkeep\n|turn|3\n|\n|t:|1698290105\n|move|p2a: Kommo-o|Clangorous Soul|p2a: Kommo-o\n|-boost|p2a: Kommo-o|atk|1\n|-boost|p2a: Kommo-o|def|1\n|-boost|p2a: Kommo-o|spa|1\n|-boost|p2a: Kommo-o|spd|1\n|-boost|p2a: Kommo-o|spe|1\n|-damage|p2a: Kommo-o|68\/100\n|move|p2b: Tyranitar|Rock Slide|p1b: Ludicolo|[spread] p1a,p1b\n|-damage|p1a: Farigiraf|0 fnt\n|-damage|p1b: Ludicolo|32\/100\n|faint|p1a: Farigiraf\n|move|p1b: Ludicolo|Giga Drain|p2b: Tyranitar\n|-supereffective|p2b: Tyranitar\n|-crit|p2b: Tyranitar\n|-damage|p2b: Tyranitar|58\/100\n|-heal|p1b: Ludicolo|54\/100|[from] drain|[of] p2b: Tyranitar\n|\n|-weather|Sandstorm|[upkeep]\n|-damage|p1b: Ludicolo|48\/100|[from] Sandstorm\n|-heal|p1b: Ludicolo|54\/100|[from] item: Leftovers\n|upkeep\n|c|\u2606Beanslinger2|It's joever\n|inactive|Beanslinger2 has 120 seconds left.\n|\n|t:|1698290126\n|switch|p1a: Pelipper|Pelipper, M|47\/100\n|-weather|RainDance|[from] ability: Drizzle|[of] p1a: Pelipper\n|turn|4\n|c|\u2606EkCantDrawLol|I\u2019m scared\n|\n|t:|1698290142\n|move|p2a: Kommo-o|Protect|p2a: Kommo-o\n|-singleturn|p2a: Kommo-o|Protect\n|move|p2b: Tyranitar|Rock Slide|p1a: Pelipper|[spread] p1a,p1b\n|-supereffective|p1a: Pelipper\n|-damage|p1a: Pelipper|6\/100\n|-damage|p1b: Ludicolo|21\/100\n|cant|p1b: Ludicolo|flinch\n|move|p1a: Pelipper|Hurricane|p2a: Kommo-o\n|-activate|p2a: Kommo-o|move: Protect\n|\n|-weather|RainDance|[upkeep]\n|-heal|p1b: Ludicolo|27\/100|[from] ability: Rain Dish\n|-heal|p1b: Ludicolo|33\/100|[from] item: Leftovers\n|upkeep\n|turn|5\n|c|\u2606EkCantDrawLol|I am no longer scared\n|c|\u2606Beanslinger2|Flinch\n|c|\u2606Beanslinger2|Sad\n|c|\u2606EkCantDrawLol|Yeh that sucks\n|inactive|EkCantDrawLol has 120 seconds left.\n|c|\u2606Beanslinger2|Ttar would be mega dead\n|c|\u2606EkCantDrawLol|Bit more but yeh\n|\n|t:|1698290192\n|move|p1a: Pelipper|Protect|p1a: Pelipper\n|-singleturn|p1a: Pelipper|Protect\n|move|p2a: Kommo-o|Drain Punch|p1b: Ludicolo\n|-damage|p1b: Ludicolo|0 fnt\n|-heal|p2a: Kommo-o|88\/100|[from] drain|[of] p1b: Ludicolo\n|faint|p1b: Ludicolo\n|move|p2b: Tyranitar|Lash Out|p1a: Pelipper\n|-activate|p1a: Pelipper|move: Protect\n|\n|-weather|RainDance|[upkeep]\n|upkeep\n|c|\u2606Beanslinger2|Rain boosted hydro likely marked it\n|inactive|Beanslinger2 has 120 seconds left.\n|\n|t:|1698290208\n|switch|p1b: Vikavolt|Vikavolt, M|100\/100\n|turn|6\n|\n|t:|1698290219\n|move|p2a: Kommo-o|Clangorous Soul|p2a: Kommo-o\n|-boost|p2a: Kommo-o|atk|1\n|-boost|p2a: Kommo-o|def|1\n|-boost|p2a: Kommo-o|spa|1\n|-boost|p2a: Kommo-o|spd|1\n|-boost|p2a: Kommo-o|spe|1\n|-damage|p2a: Kommo-o|55\/100\n|move|p2b: Tyranitar|Rock Slide|p1a: Pelipper|[spread] p1a,p1b\n|-supereffective|p1a: Pelipper\n|-supereffective|p1b: Vikavolt\n|-damage|p1a: Pelipper|0 fnt\n|-damage|p1b: Vikavolt|40\/100\n|faint|p1a: Pelipper\n|cant|p1b: Vikavolt|flinch\n|\n|-weather|RainDance|[upkeep]\n|upkeep\n|c|\u2606EkCantDrawLol|Mega oof\n|inactive|Beanslinger2 has 120 seconds left.\n|c|\u2606Beanslinger2|Cant get luck every match\n|c|\u2606Beanslinger2|Though it would be nice to get lucky once\n|c|\u2606EkCantDrawLol|This makes up for my last much tbh\n|\n|t:|1698290265\n|switch|p1a: Diancie|Diancie|100\/100\n|turn|7\n|inactive|Beanslinger2 has 120 seconds left.\n|\n|t:|1698290272\n|move|p2a: Kommo-o|Drain Punch|p1a: Diancie\n|-damage|p1a: Diancie|42\/100\n|-heal|p2a: Kommo-o|85\/100|[from] drain|[of] p1a: Diancie\n|move|p2b: Tyranitar|Rock Slide|p1b: Vikavolt|[spread] p1a,p1b\n|-supereffective|p1b: Vikavolt\n|-damage|p1a: Diancie|21\/100\n|-damage|p1b: Vikavolt|0 fnt\n|faint|p1b: Vikavolt\n|move|p1a: Diancie|Play Rough|p2a: Kommo-o\n|-supereffective|p2a: Kommo-o\n|-damage|p2a: Kommo-o|0 fnt\n|faint|p2a: Kommo-o\n|\n|-weather|RainDance|[upkeep]\n|upkeep\n|\n|t:|1698290288\n|switch|p2a: Flutter Mane|Flutter Mane, shiny|100\/100\n|switch|p1b: Frosmoth|Frosmoth, F|100\/100\n|-enditem|p2a: Flutter Mane|Booster Energy\n|-activate|p2a: Flutter Mane|ability: Protosynthesis|[fromitem]\n|-start|p2a: Flutter Mane|protosynthesisspe\n|turn|8\n|c|\u2606EkCantDrawLol|Ggs\n|\n|t:|1698290300\n|-terastallize|p1b: Frosmoth|Ice\n|move|p2a: Flutter Mane|Moonblast|p1a: Diancie\n|-damage|p1a: Diancie|0 fnt\n|faint|p1a: Diancie\n|move|p2b: Tyranitar|Rock Slide|p1b: Frosmoth\n|-supereffective|p1b: Frosmoth\n|-damage|p1b: Frosmoth|0 fnt\n|faint|p1b: Frosmoth\n|\n|win|EkCantDrawLol\n|raw|Beanslinger2's rating: 1332 &rarr; <strong>1322<\/strong><br \/>(-10 for losing)\n|raw|EkCantDrawLol's rating: 1526 &rarr; <strong>1536<\/strong><br \/>(+10 for winning)\n|c|\u2606Beanslinger2|Man\n|c|\u2606EkCantDrawLol|It happens\n|c|\u2606Beanslinger2|No trick room really hurt\n|c|\u2606Beanslinger2|Trick room thunder vikavolt went hard\n|c|\u2606EkCantDrawLol|Yeh, my team is kind of built for anti trick room, two taunt mons, and Ursaluna and amoongus\n|c|\u2606Beanslinger2|I noticed\n|c|\u2606Beanslinger2|Gg\n|l|\u2606Beanslinger2\n|c|\u2606EkCantDrawLol|Ggs, cya\n","uploadtime":1698290322,"views":21,"p1id":"beanslinger2","p2id":"ekcantdrawlol","formatid":"gen9doublesou","rating":1322,"private":0,"password":""}