{"id":"gen9doublesou-1975003792","p1":"Mynameismarkiplier","p2":"Geniusatstuff","format":"[Gen 9] Doubles OU","log":"|j|\u2606Mynameismarkiplier\n|j|\u2606Geniusatstuff\n|t:|1698154052\n|gametype|doubles\n|player|p1|Mynameismarkiplier|n|1161\n|player|p2|Geniusatstuff|1|1240\n|teamsize|p1|6\n|teamsize|p2|6\n|gen|9\n|tier|[Gen 9] Doubles OU\n|rated|\n|rule|Species Clause: Limit one of each Pok\u00e9mon\n|rule|OHKO Clause: OHKO moves are banned\n|rule|Evasion Moves Clause: Evasion moves are banned\n|rule|Gravity Sleep Clause: The combination of sleep-inducing moves with imperfect accuracy and Gravity or Gigantamax Orbeetle are banned\n|rule|Endless Battle Clause: Forcing endless battles is banned\n|rule|HP Percentage Mod: HP is shown in percentages\n|clearpoke\n|poke|p1|Ninetales, M|\n|poke|p1|Typhlosion-Hisui, M|\n|poke|p1|Ogerpon-Hearthflame, F|\n|poke|p1|Walking Wake|\n|poke|p1|Torkoal, F|\n|poke|p1|Armarouge, M|\n|poke|p2|Baxcalibur, F|\n|poke|p2|Milotic, M|\n|poke|p2|Oricorio-Pom-Pom, M|\n|poke|p2|Flamigo, M|\n|poke|p2|Volcarona, F|\n|poke|p2|Wyrdeer, M|\n|teampreview\n|\n|t:|1698154073\n|start\n|switch|p1a: Ninetales|Ninetales, M|100\/100\n|switch|p1b: Typhlosion|Typhlosion-Hisui, M|100\/100\n|switch|p2a: Oricorio|Oricorio-Pom-Pom, M, shiny|100\/100\n|switch|p2b: Wyrdeer|Wyrdeer, M, shiny|100\/100\n|-weather|SunnyDay|[from] ability: Drought|[of] p1a: Ninetales\n|-ability|p2b: Wyrdeer|Intimidate|boost\n|-unboost|p1a: Ninetales|atk|1\n|-unboost|p1b: Typhlosion|atk|1\n|turn|1\n|\n|t:|1698154094\n|move|p1a: Ninetales|Helping Hand|p1b: Typhlosion\n|-singleturn|p1b: Typhlosion|Helping Hand|[of] p1a: Ninetales\n|move|p1b: Typhlosion|Eruption|p2a: Oricorio|[spread] p2a,p2b\n|-crit|p2a: Oricorio\n|-enditem|p2a: Oricorio|Focus Sash\n|-damage|p2a: Oricorio|1\/100\n|-damage|p2b: Wyrdeer|0 fnt\n|faint|p2b: Wyrdeer\n|move|p2a: Oricorio|Tailwind|p2a: Oricorio\n|-sidestart|p2: Geniusatstuff|move: Tailwind\n|\n|-weather|SunnyDay|[upkeep]\n|upkeep\n|\n|t:|1698154114\n|switch|p2b: Milotic|Milotic, M, shiny|100\/100\n|turn|2\n|\n|t:|1698154127\n|move|p1a: Ninetales|Helping Hand|p1b: Typhlosion\n|-singleturn|p1b: Typhlosion|Helping Hand|[of] p1a: Ninetales\n|move|p2a: Oricorio|Revelation Dance|p1b: Typhlosion\n|-damage|p1b: Typhlosion|48\/100\n|move|p1b: Typhlosion|Eruption|p2b: Milotic|[spread] p2a,p2b\n|-resisted|p2b: Milotic\n|-damage|p2a: Oricorio|0 fnt\n|-damage|p2b: Milotic|80\/100\n|faint|p2a: Oricorio\n|move|p2b: Milotic|Coil|p2b: Milotic\n|-boost|p2b: Milotic|atk|1\n|-boost|p2b: Milotic|def|1\n|-boost|p2b: Milotic|accuracy|1\n|\n|-weather|SunnyDay|[upkeep]\n|-heal|p2b: Milotic|86\/100|[from] item: Leftovers\n|upkeep\n|\n|t:|1698154146\n|switch|p2a: Baxcalibur|Baxcalibur, F, shiny|100\/100\n|turn|3\n|\n|t:|1698154181\n|-terastallize|p2a: Baxcalibur|Dragon\n|move|p2a: Baxcalibur|Dragon Dance|p2a: Baxcalibur\n|-boost|p2a: Baxcalibur|atk|1\n|-boost|p2a: Baxcalibur|spe|1\n|move|p1b: Typhlosion|Eruption|p2b: Milotic|[spread] p2a,p2b\n|-resisted|p2a: Baxcalibur\n|-resisted|p2b: Milotic\n|-damage|p2a: Baxcalibur|80\/100\n|-damage|p2b: Milotic|72\/100\n|-ability|p2a: Baxcalibur|Thermal Exchange|boost\n|-boost|p2a: Baxcalibur|atk|1\n|move|p2b: Milotic|Coil|p2b: Milotic\n|-boost|p2b: Milotic|atk|1\n|-boost|p2b: Milotic|def|1\n|-boost|p2b: Milotic|accuracy|1\n|move|p1a: Ninetales|Encore|p2b: Milotic\n|-start|p2b: Milotic|Encore\n|\n|-weather|SunnyDay|[upkeep]\n|-heal|p2b: Milotic|78\/100|[from] item: Leftovers\n|upkeep\n|turn|4\n|\n|t:|1698154212\n|switch|p1b: Walking Wake|Walking Wake|100\/100\n|-activate|p1b: Walking Wake|ability: Protosynthesis\n|-start|p1b: Walking Wake|protosynthesisspe\n|move|p2a: Baxcalibur|Scale Shot|p1a: Ninetales\n|-crit|p1a: Ninetales\n|-damage|p1a: Ninetales|27\/100\n|-damage|p1a: Ninetales|0 fnt\n|faint|p1a: Ninetales\n|-hitcount|p1: Ninetales|2\n|-unboost|p2a: Baxcalibur|def|1\n|-boost|p2a: Baxcalibur|spe|1\n|move|p2b: Milotic|Coil|p2b: Milotic\n|-boost|p2b: Milotic|atk|1\n|-boost|p2b: Milotic|def|1\n|-boost|p2b: Milotic|accuracy|1\n|\n|-weather|SunnyDay|[upkeep]\n|-heal|p2b: Milotic|84\/100|[from] item: Leftovers\n|-sideend|p2: Geniusatstuff|move: Tailwind\n|upkeep\n|\n|t:|1698154223\n|switch|p1a: Typhlosion|Typhlosion-Hisui, M|48\/100\n|turn|5\n|\n|t:|1698154242\n|move|p2a: Baxcalibur|Scale Shot|p1b: Walking Wake\n|-supereffective|p1b: Walking Wake\n|-damage|p1b: Walking Wake|12\/100\n|-supereffective|p1b: Walking Wake\n|-damage|p1b: Walking Wake|0 fnt\n|faint|p1b: Walking Wake\n|-end|p1b: Walking Wake|Protosynthesis|[silent]\n|-hitcount|p1: Walking Wake|2\n|-unboost|p2a: Baxcalibur|def|1\n|-boost|p2a: Baxcalibur|spe|1\n|move|p1a: Typhlosion|Infernal Parade|p2a: Baxcalibur\n|-damage|p2a: Baxcalibur|47\/100\n|move|p2b: Milotic|Coil|p2b: Milotic\n|-boost|p2b: Milotic|atk|1\n|-boost|p2b: Milotic|def|1\n|-boost|p2b: Milotic|accuracy|1\n|\n|-weather|SunnyDay|[upkeep]\n|-heal|p2b: Milotic|90\/100|[from] item: Leftovers\n|upkeep\n|\n|t:|1698154257\n|switch|p1b: Torkoal|Torkoal, F|100\/100\n|turn|6\n|\n|t:|1698154272\n|move|p2a: Baxcalibur|Scale Shot|p1b: Torkoal\n|-damage|p1b: Torkoal|77\/100\n|-damage|p1b: Torkoal|54\/100\n|-damage|p1b: Torkoal|31\/100\n|-damage|p1b: Torkoal|8\/100\n|-damage|p1b: Torkoal|0 fnt\n|faint|p1b: Torkoal\n|-hitcount|p1: Torkoal|5\n|-unboost|p2a: Baxcalibur|def|1\n|-boost|p2a: Baxcalibur|spe|1\n|move|p1a: Typhlosion|Infernal Parade|p2a: Baxcalibur\n|-damage|p2a: Baxcalibur|16\/100\n|move|p2b: Milotic|Coil|p2b: Milotic\n|-boost|p2b: Milotic|atk|1\n|-boost|p2b: Milotic|def|1\n|-boost|p2b: Milotic|accuracy|1\n|\n|-weather|SunnyDay|[upkeep]\n|-heal|p2b: Milotic|96\/100|[from] item: Leftovers\n|-end|p2b: Milotic|Encore\n|upkeep\n|\n|t:|1698154286\n|switch|p1b: Ogerpon|Ogerpon-Hearthflame, F|100\/100\n|-ability|p1b: Ogerpon|Mold Breaker\n|turn|7\n|\n|t:|1698154304\n|move|p2a: Baxcalibur|Scale Shot|p1b: Ogerpon\n|-damage|p1b: Ogerpon|46\/100\n|-damage|p1b: Ogerpon|0 fnt\n|faint|p1b: Ogerpon\n|-hitcount|p1: Ogerpon|2\n|-unboost|p2a: Baxcalibur|def|1\n|-boost|p2a: Baxcalibur|spe|1\n|move|p1a: Typhlosion|Infernal Parade|p2a: Baxcalibur\n|-damage|p2a: Baxcalibur|0 fnt\n|faint|p2a: Baxcalibur\n|move|p2b: Milotic|Blizzard|p1a: Typhlosion\n|-resisted|p1a: Typhlosion\n|-crit|p1a: Typhlosion\n|-damage|p1a: Typhlosion|21\/100\n|\n|-weather|SunnyDay|[upkeep]\n|-heal|p2b: Milotic|100\/100|[from] item: Leftovers\n|upkeep\n|\n|t:|1698154326\n|switch|p1b: Armarouge|Armarouge, M|100\/100\n|switch|p2a: Flamigo|Flamigo, M, shiny|100\/100\n|-copyboost|p2a: Flamigo|p2b: Milotic|[from] ability: Costar\n|turn|8\n|\n|t:|1698154346\n|move|p1b: Armarouge|Endure|p1b: Armarouge\n|-singleturn|p1b: Armarouge|move: Endure\n|move|p1a: Typhlosion|Infernal Parade|p2a: Flamigo\n|-crit|p2a: Flamigo\n|-damage|p2a: Flamigo|25\/100\n|-status|p2a: Flamigo|brn\n|move|p2a: Flamigo|Throat Chop|p1b: Armarouge\n|-supereffective|p1b: Armarouge\n|-activate|p1b: Armarouge|move: Endure\n|-damage|p1b: Armarouge|1\/100\n|-start|p1b: Armarouge|Throat Chop|[silent]\n|-ability|p1b: Armarouge|Weak Armor|boost\n|-unboost|p1b: Armarouge|def|1\n|-boost|p1b: Armarouge|spe|2\n|-enditem|p1b: Armarouge|Weakness Policy\n|-boost|p1b: Armarouge|atk|2|[from] item: Weakness Policy\n|-boost|p1b: Armarouge|spa|2|[from] item: Weakness Policy\n|-damage|p2a: Flamigo|15\/100 brn|[from] item: Life Orb\n|move|p2b: Milotic|Hydro Pump|p1a: Typhlosion\n|-supereffective|p1a: Typhlosion\n|-damage|p1a: Typhlosion|0 fnt\n|faint|p1a: Typhlosion\n|\n|-weather|none\n|-damage|p2a: Flamigo|9\/100 brn|[from] brn\n|upkeep\n|turn|9\n|\n|t:|1698154375\n|move|p1b: Armarouge|Aura Sphere|p2b: Milotic\n|-crit|p2b: Milotic\n|-damage|p2b: Milotic|33\/100\n|move|p2a: Flamigo|Throat Chop|p1b: Armarouge\n|-supereffective|p1b: Armarouge\n|-crit|p1b: Armarouge\n|-damage|p1b: Armarouge|0 fnt\n|faint|p1b: Armarouge\n|-damage|p2a: Flamigo|0 fnt|[from] item: Life Orb\n|faint|p2a: Flamigo\n|\n|win|Geniusatstuff\n|raw|Mynameismarkiplier's rating: 1161 &rarr; <strong>1142<\/strong><br \/>(-19 for losing)\n|raw|Geniusatstuff's rating: 1240 &rarr; <strong>1259<\/strong><br \/>(+19 for winning)\n|l|\u2606Mynameismarkiplier\n","uploadtime":1698154391,"views":19,"p1id":"mynameismarkiplier","p2id":"geniusatstuff","formatid":"gen9doublesou","rating":1142,"private":0,"password":""}