{"id":"gen9doublesou-1978692231","p1":"Its cold today","p2":"zetralmao","format":"[Gen 9] Doubles OU","log":"|j|\u2606Its cold today\n|j|\u2606zetralmao\n|t:|1698582395\n|gametype|doubles\n|player|p1|Its cold today|169|1042\n|player|p2|zetralmao|allister|1023\n|teamsize|p1|6\n|teamsize|p2|6\n|gen|9\n|tier|[Gen 9] Doubles OU\n|rated|\n|rule|Species Clause: Limit one of each Pok\u00e9mon\n|rule|OHKO Clause: OHKO moves are banned\n|rule|Evasion Moves Clause: Evasion moves are banned\n|rule|Gravity Sleep Clause: The combination of sleep-inducing moves with imperfect accuracy and Gravity or Gigantamax Orbeetle are banned\n|rule|Endless Battle Clause: Forcing endless battles is banned\n|rule|HP Percentage Mod: HP is shown in percentages\n|clearpoke\n|poke|p1|Torkoal, F|\n|poke|p1|Dachsbun, F|\n|poke|p1|Espathra, M|\n|poke|p1|Arboliva, F|\n|poke|p1|Indeedee-F, F|\n|poke|p1|Sinistcha-Masterpiece|\n|poke|p2|Falinks|\n|poke|p2|Sableye, M|\n|poke|p2|Sylveon, F|\n|poke|p2|Hypno, F|\n|poke|p2|Flamigo, M|\n|poke|p2|Maushold-Four|\n|teampreview\n|\n|t:|1698582404\n|start\n|switch|p1a: Dachsbun|Dachsbun, F|100\/100\n|switch|p1b: Torkoal|Torkoal, F|100\/100\n|switch|p2a: Sableye|Sableye, M|100\/100\n|switch|p2b: Falinks|Falinks|100\/100\n|-weather|SunnyDay|[from] ability: Drought|[of] p1b: Torkoal\n|turn|1\n|c|\u2606zetralmao|Oh no\n|\n|t:|1698582426\n|move|p2a: Sableye|Mean Look|p2b: Falinks\n|-activate|p2b: Falinks|trapped\n|move|p1a: Dachsbun|Agility|p1a: Dachsbun\n|-boost|p1a: Dachsbun|spe|2\n|move|p2b: Falinks|No Retreat|p2b: Falinks\n|-boost|p2b: Falinks|atk|1\n|-boost|p2b: Falinks|def|1\n|-boost|p2b: Falinks|spa|1\n|-boost|p2b: Falinks|spd|1\n|-boost|p2b: Falinks|spe|1\n|move|p1b: Torkoal|Lava Plume|p2b: Falinks|[spread] p2a,p2b\n|-ability|p1a: Dachsbun|Well-Baked Body|boost\n|-boost|p1a: Dachsbun|def|2\n|-damage|p2a: Sableye|51\/100\n|-damage|p2b: Falinks|61\/100\n|-status|p2b: Falinks|brn\n|\n|-weather|SunnyDay|[upkeep]\n|-heal|p2b: Falinks|67\/100 brn|[from] item: Leftovers\n|-damage|p2b: Falinks|61\/100 brn|[from] brn\n|upkeep\n|turn|2\n|c|\u2606zetralmao|onoonoonnoon4\n|c|\u2606zetralmao|no no\n|c|\u2606zetralmao|dang\n|\n|t:|1698582468\n|move|p2a: Sableye|Encore|p1a: Dachsbun\n|-start|p1a: Dachsbun|Encore\n|move|p1a: Dachsbun|Agility|p1a: Dachsbun\n|-boost|p1a: Dachsbun|spe|2\n|move|p2b: Falinks|No Retreat|p2b: Falinks\n|-boost|p2b: Falinks|atk|1\n|-boost|p2b: Falinks|def|1\n|-boost|p2b: Falinks|spa|1\n|-boost|p2b: Falinks|spd|1\n|-boost|p2b: Falinks|spe|1\n|move|p1b: Torkoal|Stealth Rock|p2b: Falinks\n|-sidestart|p2: zetralmao|move: Stealth Rock\n|\n|-weather|SunnyDay|[upkeep]\n|-heal|p2b: Falinks|67\/100 brn|[from] item: Leftovers\n|-damage|p2b: Falinks|61\/100 brn|[from] brn\n|upkeep\n|turn|3\n|\n|t:|1698582489\n|move|p2a: Sableye|Encore|p1b: Torkoal\n|-start|p1b: Torkoal|Encore\n|move|p1a: Dachsbun|Agility|p1a: Dachsbun\n|-boost|p1a: Dachsbun|spe|2\n|move|p2b: Falinks|No Retreat|p2b: Falinks\n|-boost|p2b: Falinks|atk|1\n|-boost|p2b: Falinks|def|1\n|-boost|p2b: Falinks|spa|1\n|-boost|p2b: Falinks|spd|1\n|-boost|p2b: Falinks|spe|1\n|move|p1b: Torkoal|Stealth Rock||[still]\n|-fail|p1b: Torkoal\n|\n|-weather|SunnyDay|[upkeep]\n|-heal|p2b: Falinks|67\/100 brn|[from] item: Leftovers\n|-damage|p2b: Falinks|61\/100 brn|[from] brn\n|upkeep\n|turn|4\n|\n|t:|1698582515\n|switch|p2a: Sylveon|Sylveon, F, shiny|100\/100\n|-damage|p2a: Sylveon|88\/100|[from] Stealth Rock\n|switch|p1b: Indeedee|Indeedee-F, F|100\/100\n|-fieldstart|move: Psychic Terrain|[from] ability: Psychic Surge|[of] p1b: Indeedee\n|move|p1a: Dachsbun|Agility|p1a: Dachsbun\n|-boost|p1a: Dachsbun|spe|0\n|move|p2b: Falinks|No Retreat|p2b: Falinks\n|-boost|p2b: Falinks|atk|1\n|-boost|p2b: Falinks|def|1\n|-boost|p2b: Falinks|spa|1\n|-boost|p2b: Falinks|spd|1\n|-boost|p2b: Falinks|spe|1\n|-start|p2b: Falinks|move: No Retreat\n|\n|-weather|SunnyDay|[upkeep]\n|-heal|p2b: Falinks|67\/100 brn|[from] item: Leftovers\n|-damage|p2b: Falinks|61\/100 brn|[from] brn\n|-end|p1a: Dachsbun|Encore\n|upkeep\n|turn|5\n|\n|t:|1698582551\n|switch|p1b: Espathra|Espathra, M|100\/100\n|-terastallize|p2b: Falinks|Psychic\n|move|p1a: Dachsbun|Baton Pass|p1a: Dachsbun\n|\n|t:|1698582565\n|switch|p1a: Sinistcha|Sinistcha-Masterpiece|100\/100|[from] Baton Pass\n|move|p2b: Falinks|Knock Off|p1b: Espathra\n|-supereffective|p1b: Espathra\n|-enditem|p1b: Espathra|Focus Sash\n|-damage|p1b: Espathra|1\/100\n|move|p2a: Sylveon|Psych Up|p2b: Falinks\n|-copyboost|p2a: Sylveon|p2b: Falinks|[from] move: Psych Up\n|\n|-weather|SunnyDay|[upkeep]\n|-heal|p2b: Falinks|67\/100 brn|[from] item: Leftovers\n|-damage|p2b: Falinks|61\/100 brn|[from] brn\n|upkeep\n|turn|6\n|\n|t:|1698582597\n|move|p1a: Sinistcha|Matcha Gotcha|p2a: Sylveon|[spread] p2b\n|-miss|p1a: Sinistcha|p2a: Sylveon\n|-damage|p2b: Falinks|43\/100 brn\n|move|p2b: Falinks|Knock Off|p1a: Sinistcha\n|-supereffective|p1a: Sinistcha\n|-damage|p1a: Sinistcha|56\/100\n|-enditem|p1a: Sinistcha|Leftovers|[from] move: Knock Off|[of] p2b: Falinks\n|move|p2a: Sylveon|Hyper Voice|p1a: Sinistcha|[spread] p1a,p1b\n|-damage|p1a: Sinistcha|0 fnt\n|-damage|p1b: Espathra|0 fnt\n|faint|p1a: Sinistcha\n|faint|p1b: Espathra\n|\n|-weather|SunnyDay|[upkeep]\n|-heal|p2b: Falinks|49\/100 brn|[from] item: Leftovers\n|-damage|p2b: Falinks|43\/100 brn|[from] brn\n|upkeep\n|\n|t:|1698582621\n|switch|p1b: Dachsbun|Dachsbun, F|100\/100\n|switch|p1a: Indeedee|Indeedee-F, F|100\/100\n|turn|7\n|\n|t:|1698582640\n|move|p2b: Falinks|Tera Blast|p1b: Dachsbun|[anim] Tera Blast Psychic\n|-damage|p1b: Dachsbun|20\/100\n|move|p2a: Sylveon|Hyper Voice|p1a: Indeedee|[spread] p1a,p1b\n|-damage|p1a: Indeedee|0 fnt\n|-damage|p1b: Dachsbun|0 fnt\n|faint|p1a: Indeedee\n|faint|p1b: Dachsbun\n|\n|-weather|SunnyDay|[upkeep]\n|-heal|p2b: Falinks|49\/100 brn|[from] item: Leftovers\n|-damage|p2b: Falinks|43\/100 brn|[from] brn\n|upkeep\n|\n|t:|1698582654\n|switch|p1b: Arboliva|Arboliva, F|100\/100\n|switch|p1a: Torkoal|Torkoal, F|100\/100\n|turn|8\n|\n|t:|1698582678\n|-terastallize|p1b: Arboliva|Fire\n|move|p2b: Falinks|Tera Blast|p1a: Torkoal|[anim] Tera Blast Psychic\n|-damage|p1a: Torkoal|34\/100\n|move|p2a: Sylveon|Hyper Voice|p1b: Arboliva|[spread] p1a,p1b\n|-resisted|p1a: Torkoal\n|-resisted|p1b: Arboliva\n|-damage|p1a: Torkoal|0 fnt\n|-damage|p1b: Arboliva|37\/100\n|-fieldstart|move: Grassy Terrain|[from] ability: Seed Sower|[of] p1b: Arboliva\n|faint|p1a: Torkoal\n|move|p1b: Arboliva|Energy Ball|p2b: Falinks\n|-damage|p2b: Falinks|8\/100 brn\n|\n|-weather|none\n|-heal|p2b: Falinks|14\/100 brn|[from] Grassy Terrain\n|-heal|p2b: Falinks|20\/100 brn|[from] item: Leftovers\n|-heal|p2a: Sylveon|94\/100|[from] Grassy Terrain\n|-heal|p1b: Arboliva|43\/100|[from] Grassy Terrain\n|-damage|p2b: Falinks|14\/100 brn|[from] brn\n|upkeep\n|turn|9\n|\n|t:|1698582703\n|move|p2b: Falinks|No Retreat||[still]\n|-fail|p2b: Falinks\n|move|p2a: Sylveon|Shadow Ball|p1b: Arboliva\n|-damage|p1b: Arboliva|0 fnt\n|faint|p1b: Arboliva\n|\n|win|zetralmao\n|raw|Its cold today's rating: 1042 &rarr; <strong>1025<\/strong><br \/>(-17 for losing)\n|raw|zetralmao's rating: 1023 &rarr; <strong>1062<\/strong><br \/>(+39 for winning)\n","uploadtime":1698582712,"views":24,"p1id":"itscoldtoday","p2id":"zetralmao","formatid":"gen9doublesou","rating":1025,"private":0,"password":""}