{"id":"gen9doublesou-1982193175","p1":"Trees3Lions6","p2":"chippers76","format":"[Gen 9] Doubles OU","log":"|j|\u2606Trees3Lions6\n|j|\u2606chippers76\n|t:|1698977648\n|gametype|doubles\n|player|p1|Trees3Lions6|hiker-gen4|1188\n|player|p2|chippers76|hilda-wonderlauncher|1158\n|teamsize|p1|6\n|teamsize|p2|6\n|gen|9\n|tier|[Gen 9] Doubles OU\n|rated|\n|rule|Species Clause: Limit one of each Pok\u00e9mon\n|rule|OHKO Clause: OHKO moves are banned\n|rule|Evasion Moves Clause: Evasion moves are banned\n|rule|Gravity Sleep Clause: The combination of sleep-inducing moves with imperfect accuracy and Gravity or Gigantamax Orbeetle are banned\n|rule|Endless Battle Clause: Forcing endless battles is banned\n|rule|HP Percentage Mod: HP is shown in percentages\n|clearpoke\n|poke|p1|Slaking, M|\n|poke|p1|Grafaiai, M|\n|poke|p1|Garganacl, F|\n|poke|p1|Maushold-Four|\n|poke|p1|Zoroark-Hisui, M|\n|poke|p1|Masquerain, M|\n|poke|p2|Typhlosion-Hisui, M|\n|poke|p2|Gholdengo|\n|poke|p2|Kleavor, M|\n|poke|p2|Tornadus, M|\n|poke|p2|Snorlax, F|\n|poke|p2|Grimmsnarl, M|\n|teampreview\n|j| Gayspotter2\n|j| Zangoosefriend96\n|j| discord raider\n|\n|t:|1698977676\n|start\n|switch|p1a: Masquerain|Masquerain, M|100\/100\n|switch|p1b: Grafaiai|Grafaiai, M|100\/100\n|switch|p2a: Thanks Doc|Tornadus, M|100\/100\n|switch|p2b: Mega Man Boss|Kleavor, M|100\/100\n|-ability|p1a: Masquerain|Intimidate|boost\n|-unboost|p2a: Thanks Doc|atk|1\n|-unboost|p2b: Mega Man Boss|atk|1\n|turn|1\n|\n|t:|1698977706\n|move|p2a: Thanks Doc|Tailwind|p2a: Thanks Doc\n|-sidestart|p2: chippers76|move: Tailwind\n|move|p1b: Grafaiai|Parting Shot|p2b: Mega Man Boss\n|-unboost|p2b: Mega Man Boss|atk|1\n|-unboost|p2b: Mega Man Boss|spa|1\n|\n|t:|1698977716\n|switch|p1b: Garganacl|Garganacl, F|100\/100|[from] Parting Shot\n|move|p2b: Mega Man Boss|Stone Axe|p1a: Masquerain\n|-supereffective|p1a: Masquerain\n|-enditem|p1a: Masquerain|Focus Sash\n|-damage|p1a: Masquerain|1\/100\n|-sidestart|p1: Trees3Lions6|move: Stealth Rock\n|move|p1a: Masquerain|Tailwind|p1a: Masquerain\n|-sidestart|p1: Trees3Lions6|move: Tailwind\n|\n|upkeep\n|turn|2\n|\n|t:|1698977762\n|move|p2b: Mega Man Boss|Feint|p1a: Masquerain\n|-damage|p1a: Masquerain|0 fnt\n|faint|p1a: Masquerain\n|move|p2a: Thanks Doc|Taunt|p1b: Garganacl\n|-start|p1b: Garganacl|move: Taunt\n|move|p1b: Garganacl|Salt Cure|p2a: Thanks Doc\n|-supereffective|p2a: Thanks Doc\n|-damage|p2a: Thanks Doc|58\/100\n|-start|p2a: Thanks Doc|Salt Cure\n|\n|-damage|p2a: Thanks Doc|46\/100|[from] Salt Cure\n|upkeep\n|\n|t:|1698977776\n|switch|p1a: Grafaiai|Grafaiai, M|100\/100\n|-damage|p1a: Grafaiai|88\/100|[from] Stealth Rock\n|turn|3\n|\n|t:|1698977816\n|switch|p2b: Snorlax|Snorlax, F|100\/100\n|move|p1a: Grafaiai|Helping Hand|p1b: Garganacl\n|-singleturn|p1b: Garganacl|Helping Hand|[of] p1a: Grafaiai\n|move|p2a: Thanks Doc|Taunt|p1a: Grafaiai\n|-start|p1a: Grafaiai|move: Taunt\n|move|p1b: Garganacl|Salt Cure|p2b: Snorlax\n|-damage|p2b: Snorlax|86\/100\n|-start|p2b: Snorlax|Salt Cure\n|\n|-heal|p2b: Snorlax|92\/100|[from] item: Leftovers\n|-damage|p2a: Thanks Doc|34\/100|[from] Salt Cure\n|-damage|p2b: Snorlax|79\/100|[from] Salt Cure\n|upkeep\n|turn|4\n|\n|t:|1698977843\n|move|p2a: Thanks Doc|Bleakwind Storm|p1a: Grafaiai|[spread] p1a,p1b\n|-resisted|p1b: Garganacl\n|-damage|p1a: Grafaiai|53\/100\n|-damage|p1b: Garganacl|84\/100\n|-unboost|p1b: Garganacl|spe|1\n|move|p1a: Grafaiai|Gunk Shot|p2b: Snorlax\n|-damage|p2b: Snorlax|49\/100\n|move|p2b: Snorlax|Earthquake|p1b: Garganacl|[spread] p1a,p1b\n|-immune|p2a: Thanks Doc\n|-supereffective|p1a: Grafaiai\n|-supereffective|p1b: Garganacl\n|-damage|p1a: Grafaiai|0 fnt\n|-damage|p1b: Garganacl|66\/100\n|-enditem|p1b: Garganacl|Weakness Policy\n|-boost|p1b: Garganacl|atk|2|[from] item: Weakness Policy\n|-boost|p1b: Garganacl|spa|2|[from] item: Weakness Policy\n|faint|p1a: Grafaiai\n|move|p1b: Garganacl|Salt Cure|p2a: Thanks Doc\n|-supereffective|p2a: Thanks Doc\n|-damage|p2a: Thanks Doc|0 fnt\n|faint|p2a: Thanks Doc\n|\n|-heal|p2b: Snorlax|55\/100|[from] item: Leftovers\n|-damage|p2b: Snorlax|43\/100|[from] Salt Cure\n|-end|p1b: Garganacl|move: Taunt\n|-sideend|p1: Trees3Lions6|move: Tailwind\n|-sideend|p2: chippers76|move: Tailwind\n|upkeep\n|\n|t:|1698977883\n|switch|p2a: Surfs up dude|Gholdengo|100\/100\n|switch|p1a: Slaking|Slaking, M|100\/100\n|-damage|p1a: Slaking|88\/100|[from] Stealth Rock\n|turn|5\n|\n|t:|1698977907\n|switch|p2b: Grimmsnarl|Grimmsnarl, M|100\/100\n|-terastallize|p2a: Surfs up dude|Steel\n|move|p1b: Garganacl|Protect|p1b: Garganacl\n|-singleturn|p1b: Garganacl|Protect\n|move|p2a: Surfs up dude|Make It Rain|p1a: Slaking|[spread] p1a\n|-activate|p1b: Garganacl|move: Protect\n|-damage|p1a: Slaking|6\/100\n|-unboost|p2a: Surfs up dude|spa|1\n|-damage|p2a: Surfs up dude|91\/100|[from] item: Life Orb\n|move|p1a: Slaking|Bulk Up|p1a: Slaking\n|-boost|p1a: Slaking|atk|1\n|-boost|p1a: Slaking|def|1\n|\n|upkeep\n|turn|6\n|\n|t:|1698977947\n|move|p2b: Grimmsnarl|Reflect|p2b: Grimmsnarl\n|-sidestart|p2: chippers76|Reflect\n|move|p2a: Surfs up dude|Make It Rain|p1b: Garganacl|[spread] p1a,p1b\n|-supereffective|p1b: Garganacl\n|-damage|p1a: Slaking|0 fnt\n|-damage|p1b: Garganacl|0 fnt\n|-unboost|p2a: Surfs up dude|spa|1\n|faint|p1a: Slaking\n|faint|p1b: Garganacl\n|-damage|p2a: Surfs up dude|81\/100|[from] item: Life Orb\n|\n|upkeep\n|\n|t:|1698977961\n|switch|p1a: Maushold|Maushold-Four|100\/100\n|switch|p1b: Maushold|Maushold-Four|100\/100\n|-damage|p1b: Maushold|88\/100|[from] Stealth Rock\n|-damage|p1a: Maushold|88\/100|[from] Stealth Rock\n|turn|7\n|\n|t:|1698977992\n|move|p2a: Surfs up dude|Protect|p2a: Surfs up dude\n|-singleturn|p2a: Surfs up dude|Protect\n|move|p1b: Maushold|Population Bomb|p2b: Grimmsnarl\n|-damage|p2b: Grimmsnarl|95\/100\n|-hitcount|p2b: Grimmsnarl|1\n|move|p1a: Maushold|Focus Blast|p2a: Surfs up dude\n|-activate|p2a: Surfs up dude|move: Protect\n|move|p2b: Grimmsnarl|False Surrender|p1a: Maushold\n|-supereffective|p1a: Maushold\n|-damage|p1a: Maushold|0 fnt\n|replace|p1a: Sike!|Zoroark-Hisui, M\n|-end|p1a: Sike!|Illusion\n|faint|p1a: Sike!\n|\n|upkeep\n|turn|8\n|-message|Trees3Lions6 forfeited.\n|\n|win|chippers76\n|raw|Trees3Lions6's rating: 1188 &rarr; <strong>1161<\/strong><br \/>(-27 for losing)\n|raw|chippers76's rating: 1158 &rarr; <strong>1185<\/strong><br \/>(+27 for winning)\n|l|\u2606Trees3Lions6\n","uploadtime":1698978012,"views":24,"p1id":"trees3lions6","p2id":"chippers76","formatid":"gen9doublesou","rating":1161,"private":0,"password":""}