{"id":"gen9doublesou-1988442463","p1":"Mr man12","p2":"Magiquaza","format":"[Gen 9] Doubles OU","log":"|j|\u2606Mr man12\n|j|\u2606Magiquaza\n|inactive|Battle timer is ON: inactive players will automatically lose when time's up.\n|t:|1699723402\n|gametype|doubles\n|player|p1|Mr man12|265|\n|player|p2|Magiquaza|morty-masters|\n|teamsize|p1|6\n|teamsize|p2|6\n|gen|9\n|tier|[Gen 9] Doubles OU\n|rated|Tournament battle\n|rule|Species Clause: Limit one of each Pok\u00e9mon\n|rule|OHKO Clause: OHKO moves are banned\n|rule|Evasion Moves Clause: Evasion moves are banned\n|rule|Gravity Sleep Clause: The combination of sleep-inducing moves with imperfect accuracy and Gravity or Gigantamax Orbeetle are banned\n|rule|Endless Battle Clause: Forcing endless battles is banned\n|rule|HP Percentage Mod: HP is shown in percentages\n|clearpoke\n|poke|p1|Hatterene, F|\n|poke|p1|Cloyster, F|\n|poke|p1|Copperajah, F|\n|poke|p1|Clawitzer, F|\n|poke|p1|Crabominable, M|\n|poke|p1|Hydreigon, M|\n|poke|p2|Sudowoodo, F|\n|poke|p2|Golduck, F|\n|poke|p2|Furret, F|\n|poke|p2|Sawsbuck, M|\n|poke|p2|Braviary-Hisui, M|\n|poke|p2|Toxtricity, M|\n|teampreview\n|j|*Lady Monita \u263d\n|inactive|Mr man12 also wants the timer to be on.\n|inactive|Magiquaza also wants the timer to be on.\n|\n|t:|1699723418\n|start\n|switch|p1a: Cloyster|Cloyster, F|100\/100\n|switch|p1b: Copperajah|Copperajah, F|100\/100\n|switch|p2a: Braviary|Braviary-Hisui, M|100\/100\n|switch|p2b: Furret|Furret, F|100\/100\n|-item|p1a: Cloyster|White Herb|[from] ability: Frisk|[of] p2b: Furret|[identify]\n|-item|p1b: Copperajah|Leftovers|[from] ability: Frisk|[of] p2b: Furret|[identify]\n|turn|1\n|inactive|Magiquaza has 120 seconds left.\n|\n|t:|1699723457\n|move|p2b: Furret|Trick|p1a: Cloyster\n|-activate|p2b: Furret|move: Trick|[of] p1a: Cloyster\n|-item|p1a: Cloyster|Choice Band|[from] move: Trick\n|-item|p2b: Furret|White Herb|[from] move: Trick\n|move|p2a: Braviary|Esper Wing|p1b: Copperajah\n|-resisted|p1b: Copperajah\n|-crit|p1b: Copperajah\n|-damage|p1b: Copperajah|62\/100\n|-boost|p2a: Braviary|spe|1\n|move|p1a: Cloyster|Shell Smash|p1a: Cloyster\n|-unboost|p1a: Cloyster|def|1\n|-unboost|p1a: Cloyster|spd|1\n|-boost|p1a: Cloyster|atk|2\n|-boost|p1a: Cloyster|spa|2\n|-boost|p1a: Cloyster|spe|2\n|move|p1b: Copperajah|Heavy Slam|p2b: Furret\n|-damage|p2b: Furret|25\/100\n|\n|-heal|p1b: Copperajah|68\/100|[from] item: Leftovers\n|upkeep\n|turn|2\n|j| Jzurf\n|j| Yeet259\n|inactive|Magiquaza has 120 seconds left.\n|\n|t:|1699723483\n|switch|p1a: Hydreigon|Hydreigon, M|100\/100\n|move|p2a: Braviary|Esper Wing|p1b: Copperajah\n|-resisted|p1b: Copperajah\n|-damage|p1b: Copperajah|44\/100\n|-boost|p2a: Braviary|spe|1\n|move|p2b: Furret|Double-Edge|p1a: Hydreigon\n|-damage|p1a: Hydreigon|47\/100\n|-damage|p2b: Furret|7\/100|[from] Recoil\n|move|p1b: Copperajah|Heavy Slam|p2a: Braviary\n|-damage|p2a: Braviary|35\/100\n|-enditem|p2a: Braviary|Sitrus Berry|[eat]\n|-heal|p2a: Braviary|60\/100|[from] item: Sitrus Berry\n|\n|-heal|p1b: Copperajah|50\/100|[from] item: Leftovers\n|upkeep\n|turn|3\n|inactive|Magiquaza has 120 seconds left.\n|inactive|Mr man12 has 120 seconds left.\n|\n|t:|1699723515\n|move|p2a: Braviary|Hurricane|p1a: Hydreigon\n|-damage|p1a: Hydreigon|0 fnt\n|faint|p1a: Hydreigon\n|move|p2b: Furret|Brick Break|p1b: Copperajah\n|-supereffective|p1b: Copperajah\n|-damage|p1b: Copperajah|10\/100\n|move|p1b: Copperajah|Heavy Slam|p2a: Braviary\n|-damage|p2a: Braviary|0 fnt\n|faint|p2a: Braviary\n|\n|-heal|p1b: Copperajah|16\/100|[from] item: Leftovers\n|upkeep\n|\n|t:|1699723533\n|switch|p1a: Hatterene|Hatterene, F|100\/100\n|switch|p2a: Toxtricity|Toxtricity, M|100\/100\n|turn|4\n|\n|t:|1699723549\n|-terastallize|p1a: Hatterene|Water\n|move|p2b: Furret|Double-Edge|p1a: Hatterene\n|-damage|p1a: Hatterene|62\/100\n|-damage|p2b: Furret|0 fnt|[from] Recoil\n|faint|p2b: Furret\n|move|p2a: Toxtricity|Overdrive|p1b: Copperajah|[spread] p1a,p1b\n|-supereffective|p1a: Hatterene\n|-damage|p1a: Hatterene|0 fnt\n|-damage|p1b: Copperajah|0 fnt\n|faint|p1a: Hatterene\n|faint|p1b: Copperajah\n|-enditem|p2a: Toxtricity|Throat Spray\n|-boost|p2a: Toxtricity|spa|1|[from] item: Throat Spray\n|\n|upkeep\n|\n|t:|1699723568\n|switch|p2b: Sawsbuck|Sawsbuck, M|100\/100\n|switch|p1a: Crabominable|Crabominable, M|100\/100\n|switch|p1b: Cloyster|Cloyster, F|100\/100\n|turn|5\n|\n|t:|1699723578\n|move|p2b: Sawsbuck|Headbutt|p1a: Crabominable\n|-damage|p1a: Crabominable|69\/100\n|move|p2a: Toxtricity|Overdrive|p1a: Crabominable|[spread] p1a,p1b\n|-supereffective|p1b: Cloyster\n|-damage|p1a: Crabominable|25\/100\n|-damage|p1b: Cloyster|0 fnt\n|faint|p1b: Cloyster\n|cant|p1a: Crabominable|flinch\n|\n|upkeep\n|l|\u2606Mr man12\n|inactive|Mr man12 disconnected and has a minute to reconnect!\n|player|p1|\n|inactive|Mr man12 has 30 seconds to reconnect!\n|c| Yeet259|bro its gonna end like this?\n|inactive|Mr man12 has 20 seconds to reconnect!\n|inactive|Mr man12 has 15 seconds to reconnect!\n|c| Yeet259|thats dumb\n|inactive|Mr man12 has 10 seconds to reconnect!\n|inactive|Mr man12 has 5 seconds to reconnect!\n|-message|Mr man12 lost due to inactivity.\n|\n|win|Magiquaza\n|n|\u2606Magiquaza|magiquaza\n|n|*Lady Monita \u263d|ladymonita\n|n| Jzurf|jzurf\n|n| Yeet259|yeet259\n","uploadtime":1699723644,"views":10,"p1id":"mrman12","p2id":"magiquaza","formatid":"gen9doublesou","rating":0,"private":0,"password":""}