{"id":"gen9doublesou-1977877778","p1":"Kidnamedzit","p2":"radsensei","format":"[Gen 9] Doubles OU","log":"|j|\u2606Kidnamedzit\n|j|\u2606radsensei\n|t:|1698460748\n|gametype|doubles\n|player|p1|Kidnamedzit|lucas|1000\n|player|p2|radsensei|cheren-gen5bw2|1000\n|teamsize|p1|6\n|teamsize|p2|6\n|gen|9\n|tier|[Gen 9] Doubles OU\n|rated|\n|rule|Species Clause: Limit one of each Pok\u00e9mon\n|rule|OHKO Clause: OHKO moves are banned\n|rule|Evasion Moves Clause: Evasion moves are banned\n|rule|Gravity Sleep Clause: The combination of sleep-inducing moves with imperfect accuracy and Gravity or Gigantamax Orbeetle are banned\n|rule|Endless Battle Clause: Forcing endless battles is banned\n|rule|HP Percentage Mod: HP is shown in percentages\n|clearpoke\n|poke|p1|Inteleon, M|\n|poke|p1|Brute Bonnet|\n|poke|p1|Cinderace, M|\n|poke|p1|Garchomp, M|\n|poke|p1|Amoonguss, M|\n|poke|p1|Kingambit, F|\n|poke|p2|Raichu-Alola, F|\n|poke|p2|Iron Leaves|\n|poke|p2|Iron Hands|\n|poke|p2|Landorus-Therian, M|\n|poke|p2|Tornadus, M|\n|poke|p2|Goodra-Hisui, M|\n|teampreview\n|\n|t:|1698460774\n|start\n|switch|p1a: among us|Brute Bonnet|100\/100\n|switch|p1b: Among Us|Amoonguss, M|100\/100\n|switch|p2a: Geek|Raichu-Alola, F|100\/100\n|switch|p2b: Defib|Iron Hands|100\/100\n|turn|1\n|inactive|Battle timer is ON: inactive players will automatically lose when time's up. (requested by radsensei)\n|\n|t:|1698460797\n|move|p2b: Defib|Fake Out|p1b: Among Us\n|-damage|p1b: Among Us|82\/100\n|move|p2a: Geek|Electric Terrain|p2a: Geek\n|-fieldstart|move: Electric Terrain\n|-activate|p2b: Defib|ability: Quark Drive\n|-start|p2b: Defib|quarkdriveatk\n|move|p1a: among us|Dark Pulse|p2a: Geek\n|-supereffective|p2a: Geek\n|-damage|p2a: Geek|32\/100\n|cant|p1b: Among Us|flinch\n|\n|upkeep\n|turn|2\n|\n|t:|1698460811\n|move|p2a: Geek|Volt Switch|p1a: among us\n|-resisted|p1a: among us\n|-damage|p1a: among us|86\/100\n|\n|t:|1698460826\n|switch|p2a: Jinn|Tornadus, M|100\/100|[from] Volt Switch\n|move|p1a: among us|Dark Pulse|p2a: Jinn\n|-damage|p2a: Jinn|60\/100\n|move|p1b: Among Us|Toxic|p2b: Defib\n|-status|p2b: Defib|tox\n|move|p2b: Defib|Rock Slide|p1a: among us|[spread] p1a,p1b\n|-damage|p1a: among us|61\/100\n|-damage|p1b: Among Us|48\/100\n|\n|-damage|p2b: Defib|94\/100 tox|[from] psn\n|upkeep\n|turn|3\n|inactive|Kidnamedzit has 120 seconds left.\n|\n|t:|1698460860\n|move|p2a: Jinn|Taunt|p1b: Among Us\n|-start|p1b: Among Us|move: Taunt\n|move|p1a: among us|Close Combat|p2b: Defib\n|-damage|p2b: Defib|76\/100 tox\n|-unboost|p1a: among us|def|1\n|-unboost|p1a: among us|spd|1\n|move|p1b: Among Us|Sludge Bomb|p2a: Jinn\n|-damage|p2a: Jinn|18\/100\n|-status|p2a: Jinn|psn\n|move|p2b: Defib|Facade|p1a: among us\n|-damage|p1a: among us|0 fnt\n|faint|p1a: among us\n|-end|p1a: among us|Protosynthesis|[silent]\n|\n|-damage|p2a: Jinn|5\/100 psn|[from] psn\n|-damage|p2b: Defib|64\/100 tox|[from] psn\n|upkeep\n|inactive|Kidnamedzit has 120 seconds left.\n|\n|t:|1698460878\n|switch|p1a: Ronaldo|Cinderace, M|100\/100\n|turn|4\n|inactive|Kidnamedzit has 120 seconds left.\n|-activate|p1b: Among Us|item: Quick Claw\n|\n|t:|1698460899\n|move|p2a: Jinn|Tailwind|p2a: Jinn\n|-sidestart|p2: radsensei|move: Tailwind\n|move|p1b: Among Us|Sludge Bomb|p2a: Jinn\n|-damage|p2a: Jinn|0 fnt\n|faint|p2a: Jinn\n|move|p1a: Ronaldo|Bulk Up|p1a: Ronaldo\n|-start|p1a: Ronaldo|typechange|Fighting|[from] ability: Libero\n|-boost|p1a: Ronaldo|atk|1\n|-boost|p1a: Ronaldo|def|1\n|move|p2b: Defib|Drain Punch|p1a: Ronaldo\n|-damage|p1a: Ronaldo|39\/100\n|-heal|p2b: Defib|84\/100 tox|[from] drain|[of] p1a: Ronaldo\n|\n|-damage|p2b: Defib|65\/100 tox|[from] psn\n|upkeep\n|\n|t:|1698460913\n|switch|p2a: LEE-Fe|Iron Leaves|100\/100\n|-activate|p2a: LEE-Fe|ability: Quark Drive\n|-start|p2a: LEE-Fe|quarkdriveatk\n|-enditem|p2a: LEE-Fe|Electric Seed\n|-boost|p2a: LEE-Fe|def|1|[from] item: Electric Seed\n|turn|5\n|\n|t:|1698460934\n|move|p2a: LEE-Fe|Psyblade|p1b: Among Us\n|-supereffective|p1b: Among Us\n|-damage|p1b: Among Us|0 fnt\n|faint|p1b: Among Us\n|move|p1a: Ronaldo|Acrobatics|p2a: LEE-Fe\n|-supereffective|p2a: LEE-Fe\n|-damage|p2a: LEE-Fe|61\/100\n|move|p2b: Defib|Facade|p1a: Ronaldo\n|-damage|p1a: Ronaldo|0 fnt\n|faint|p1a: Ronaldo\n|\n|-damage|p2b: Defib|41\/100 tox|[from] psn\n|-fieldend|move: Electric Terrain\n|-end|p2a: LEE-Fe|Quark Drive\n|-end|p2b: Defib|Quark Drive\n|upkeep\n|\n|t:|1698460947\n|switch|p1a: Messi|Inteleon, M|100\/100\n|switch|p1b: Cythnio|Garchomp, M|100\/100\n|turn|6\n|\n|t:|1698460974\n|-end|p2b: Defib|Quark Drive|[silent]\n|switch|p2b: Cranky|Landorus-Therian, M|100\/100\n|-ability|p2b: Cranky|Intimidate|boost\n|-unboost|p1a: Messi|atk|1\n|-unboost|p1b: Cythnio|atk|1\n|move|p2a: LEE-Fe|Protect|p2a: LEE-Fe\n|-singleturn|p2a: LEE-Fe|Protect\n|move|p1a: Messi|Ice Beam|p2a: LEE-Fe\n|-activate|p2a: LEE-Fe|move: Protect\n|move|p1b: Cythnio|Earth Power|p2b: Cranky\n|-immune|p2b: Cranky\n|\n|upkeep\n|turn|7\n|\n|t:|1698461001\n|move|p2a: LEE-Fe|Leaf Blade|p1a: Messi\n|-supereffective|p1a: Messi\n|-damage|p1a: Messi|0 fnt\n|faint|p1a: Messi\n|move|p2b: Cranky|U-turn|p1b: Cythnio\n|-damage|p1b: Cythnio|74\/100\n|-damage|p2b: Cranky|88\/100|[from] ability: Rough Skin|[of] p1b: Cythnio\n|c|\u2606Kidnamedzit|ggs\n|\n|t:|1698461010\n|switch|p2b: Geek|Raichu-Alola, F|32\/100|[from] U-turn\n|move|p1b: Cythnio|Dragon Pulse|p2a: LEE-Fe\n|-damage|p2a: LEE-Fe|33\/100\n|\n|-sideend|p2: radsensei|move: Tailwind\n|upkeep\n|c|\u2606radsensei|gg\n|\n|t:|1698461016\n|switch|p1a: Kinger|Kingambit, F|100\/100\n|-activate|p1a: Kinger|ability: Supreme Overlord\n|-start|p1a: Kinger|fallen4|[silent]\n|turn|8\n|\n|t:|1698461035\n|-terastallize|p2a: LEE-Fe|Fairy\n|move|p2a: LEE-Fe|Sacred Sword|p1a: Kinger\n|-supereffective|p1a: Kinger\n|-damage|p1a: Kinger|5\/100\n|move|p1b: Cythnio|Earth Power|p2b: Geek\n|-supereffective|p2b: Geek\n|-damage|p2b: Geek|0 fnt\n|faint|p2b: Geek\n|move|p1a: Kinger|Kowtow Cleave|p2a: LEE-Fe\n|-resisted|p2a: LEE-Fe\n|-damage|p2a: LEE-Fe|15\/100\n|\n|upkeep\n|\n|t:|1698461046\n|switch|p2b: Cranky|Landorus-Therian, M|88\/100\n|-ability|p2b: Cranky|Intimidate|boost\n|-unboost|p1a: Kinger|atk|1\n|-unboost|p1b: Cythnio|atk|1\n|turn|9\n|c|\u2606Kidnamedzit|ggs\n|\n|t:|1698461063\n|move|p2a: LEE-Fe|Protect|p2a: LEE-Fe\n|-singleturn|p2a: LEE-Fe|Protect\n|move|p1b: Cythnio|Dragon Claw|p1a: Kinger\n|-resisted|p1a: Kinger\n|-damage|p1a: Kinger|0 fnt\n|faint|p1a: Kinger\n|-end|p1a: Kinger|fallen4|[silent]\n|move|p2b: Cranky|U-turn|p1b: Cythnio\n|-damage|p1b: Cythnio|46\/100\n|-damage|p2b: Cranky|76\/100|[from] ability: Rough Skin|[of] p1b: Cythnio\n|\n|t:|1698461073\n|switch|p2b: Gooey|Goodra-Hisui, M|100\/100|[from] U-turn\n|\n|upkeep\n|turn|10\n|c|\u2606Kidnamedzit|ggs\n|\n|t:|1698461086\n|move|p2a: LEE-Fe|Leaf Blade|p1b: Cythnio\n|-damage|p1b: Cythnio|0 fnt\n|-damage|p2a: LEE-Fe|3\/100|[from] ability: Rough Skin|[of] p1b: Cythnio\n|faint|p1b: Cythnio\n|\n|win|radsensei\n|raw|Kidnamedzit's rating: 1000 &rarr; <strong>1000<\/strong><br \/>(+0 for losing)\n|raw|radsensei's rating: 1000 &rarr; <strong>1040<\/strong><br \/>(+40 for winning)\n|l|\u2606Kidnamedzit\n","uploadtime":1698461160,"views":19,"p1id":"kidnamedzit","p2id":"radsensei","formatid":"gen9doublesou","rating":1000,"private":0,"password":""}