{"id":"gen9doublesou-1999265171","p1":"RUMYMOME","p2":"soyunabatata","format":"[Gen 9] Doubles OU","log":"|j|\u2606RUMYMOME\n|j|\u2606soyunabatata\n|inactive|Battle timer is ON: inactive players will automatically lose when time's up.\n|t:|1701052555\n|gametype|doubles\n|player|p1|RUMYMOME|marshal|\n|player|p2|soyunabatata|guitarist-gen4|\n|teamsize|p1|6\n|teamsize|p2|6\n|gen|9\n|tier|[Gen 9] Doubles OU\n|rated|Tournament battle\n|rule|Species Clause: Limit one of each Pok\u00e9mon\n|rule|OHKO Clause: OHKO moves are banned\n|rule|Evasion Moves Clause: Evasion moves are banned\n|rule|Gravity Sleep Clause: The combination of sleep-inducing moves with imperfect accuracy and Gravity or Gigantamax Orbeetle are banned\n|rule|Endless Battle Clause: Forcing endless battles is banned\n|rule|HP Percentage Mod: HP is shown in percentages\n|rule|Camomons Mod: Pok\u00e9mon have their types set to match their first two moves.\n|clearpoke\n|poke|p1|Armarouge, F|\n|poke|p1|Kingambit, F|\n|poke|p1|Hatterene, F|\n|poke|p1|Torkoal, L99, F|\n|poke|p1|Iron Hands|\n|poke|p1|Indeedee-F, F|\n|poke|p2|Torkoal, F|\n|poke|p2|Dachsbun, F|\n|poke|p2|Armarouge, F|\n|poke|p2|Talonflame, M|\n|poke|p2|Scovillain, F|\n|poke|p2|Typhlosion-Hisui, F|\n|teampreview\n|j|*Lady Monita \u2746\n|\n|t:|1701052583\n|start\n|switch|p1a: Iron Hands|Iron Hands|100\/100\n|switch|p1b: Hatterene|Hatterene, F|100\/100\n|switch|p2a: Torkoal|Torkoal, F|100\/100\n|switch|p2b: Dachsbun|Dachsbun, F|100\/100\n|-start|p2b: Dachsbun|typechange|Fighting\/Fairy|[silent]\n|-start|p1a: Iron Hands|typechange|Electric\/Normal|[silent]\n|-start|p1b: Hatterene|typechange|Fairy\/Psychic|[silent]\n|-start|p2a: Torkoal|typechange|Fire\/Poison|[silent]\n|-weather|SunnyDay|[from] ability: Drought|[of] p2a: Torkoal\n|-start|p1a: Iron Hands|typechange|Electric\/Normal|[silent]\n|-start|p1b: Hatterene|typechange|Fairy\/Psychic|[silent]\n|-start|p2a: Torkoal|typechange|Fire\/Poison|[silent]\n|-start|p2b: Dachsbun|typechange|Fighting\/Fairy|[silent]\n|turn|1\n|l|\u2606RUMYMOME\n|inactive|RUMYMOME disconnected and has a minute to reconnect!\n|player|p1|\n|inactive|RUMYMOME has 30 seconds to reconnect!\n|j|\u2606RUMYMOME\n|inactive|RUMYMOME reconnected and has 105 seconds left.\n|player|p1|RUMYMOME|marshal\n|inactive|RUMYMOME has 90 seconds left.\n|\n|t:|1701052658\n|-terastallize|p2b: Dachsbun|Fire\n|move|p1a: Iron Hands|Fake Out|p2b: Dachsbun\n|-damage|p2b: Dachsbun|84\/100\n|cant|p2b: Dachsbun|flinch\n|move|p1b: Hatterene|Psychic|p2a: Torkoal\n|-supereffective|p2a: Torkoal\n|-crit|p2a: Torkoal\n|-damage|p2a: Torkoal|0 fnt\n|faint|p2a: Torkoal\n|\n|-weather|SunnyDay|[upkeep]\n|-heal|p2b: Dachsbun|90\/100|[from] item: Leftovers\n|upkeep\n|inactive|soyunabatata has 120 seconds left.\n|c|\u2606soyunabatata|zzzz\n|\n|t:|1701052673\n|switch|p2a: Typhlosion|Typhlosion-Hisui, F|100\/100\n|-start|p2a: Typhlosion|typechange|Fire|[silent]\n|-item|p1a: Iron Hands|Assault Vest|[from] ability: Frisk|[of] p2a: Typhlosion|[identify]\n|-item|p1b: Hatterene|Focus Sash|[from] ability: Frisk|[of] p2a: Typhlosion|[identify]\n|-start|p2a: Typhlosion|typechange|Fire|[silent]\n|turn|2\n|inactive|RUMYMOME has 90 seconds left.\n|\n|t:|1701052691\n|move|p2a: Typhlosion|Eruption|p1b: Hatterene|[spread] p1a,p1b\n|-damage|p1a: Iron Hands|56\/100\n|-enditem|p1b: Hatterene|Focus Sash\n|-damage|p1b: Hatterene|1\/100\n|move|p2b: Dachsbun|Body Press|p1a: Iron Hands\n|-supereffective|p1a: Iron Hands\n|-damage|p1a: Iron Hands|0 fnt\n|faint|p1a: Iron Hands\n|-end|p1a: Iron Hands|Quark Drive|[silent]\n|move|p1b: Hatterene|Trick Room|p1b: Hatterene\n|-fieldstart|move: Trick Room|[of] p1b: Hatterene\n|\n|-weather|SunnyDay|[upkeep]\n|-heal|p2b: Dachsbun|96\/100|[from] item: Leftovers\n|upkeep\n|inactive|RUMYMOME has 90 seconds left.\n|\n|t:|1701052714\n|switch|p1a: Armarouge|Armarouge, F|100\/100\n|-start|p1a: Armarouge|typechange|Psychic\/Fire|[silent]\n|-start|p1a: Armarouge|typechange|Psychic\/Fire|[silent]\n|turn|3\n|\n|t:|1701052723\n|switch|p1b: Indeedee|Indeedee-F, F|100\/100\n|-start|p1b: Indeedee|typechange|Psychic|[silent]\n|-fieldstart|move: Psychic Terrain|[from] ability: Psychic Surge|[of] p1b: Indeedee\n|-enditem|p1b: Indeedee|Psychic Seed\n|-boost|p1b: Indeedee|spd|1|[from] item: Psychic Seed\n|move|p1a: Armarouge|Expanding Force|p2a: Typhlosion|[spread] p2a,p2b\n|-damage|p2a: Typhlosion|15\/100\n|-damage|p2b: Dachsbun|8\/100\n|move|p2b: Dachsbun|Body Press|p1b: Indeedee\n|-resisted|p1b: Indeedee\n|-damage|p1b: Indeedee|75\/100\n|move|p2a: Typhlosion|Eruption|p1b: Indeedee|[spread] p1b\n|-start|p1a: Armarouge|ability: Flash Fire\n|-damage|p1b: Indeedee|66\/100\n|\n|-weather|SunnyDay|[upkeep]\n|-heal|p2b: Dachsbun|14\/100|[from] item: Leftovers\n|upkeep\n|-start|p1b: Indeedee|typechange|Psychic|[silent]\n|turn|4\n|\n|t:|1701052743\n|move|p1a: Armarouge|Expanding Force|p2a: Typhlosion|[spread] p2a,p2b\n|-damage|p2a: Typhlosion|0 fnt\n|-damage|p2b: Dachsbun|0 fnt\n|faint|p2a: Typhlosion\n|faint|p2b: Dachsbun\n|move|p1b: Indeedee|Psychic|p2: Typhlosion|[notarget]\n|-fail|p1b: Indeedee\n|\n|-weather|SunnyDay|[upkeep]\n|upkeep\n|\n|t:|1701052759\n|switch|p2b: Armarouge|Armarouge, F|100\/100\n|switch|p2a: Talonflame|Talonflame, M|100\/100\n|-start|p2b: Armarouge|typechange|Normal\/Fire|[silent]\n|-start|p2a: Talonflame|typechange|Flying\/Fire|[silent]\n|-start|p2a: Talonflame|typechange|Flying\/Fire|[silent]\n|-start|p2b: Armarouge|typechange|Normal\/Fire|[silent]\n|turn|5\n|inactive|RUMYMOME has 120 seconds left.\n|inactive|RUMYMOME has 90 seconds left.\n|inactive|RUMYMOME has 60 seconds left.\n|\n|t:|1701052859\n|move|p1a: Armarouge|Expanding Force|p2b: Armarouge|[spread] p2a,p2b\n|-damage|p2a: Talonflame|24\/100\n|-damage|p2b: Armarouge|56\/100\n|move|p1b: Indeedee|Psychic|p2a: Talonflame\n|-damage|p2a: Talonflame|0 fnt\n|faint|p2a: Talonflame\n|move|p2b: Armarouge|Expanding Force|p1a: Armarouge|[spread] p1a,p1b\n|-resisted|p1a: Armarouge\n|-resisted|p1b: Indeedee\n|-damage|p1a: Armarouge|79\/100\n|-damage|p1b: Indeedee|50\/100\n|\n|-weather|SunnyDay|[upkeep]\n|upkeep\n|\n|t:|1701052868\n|switch|p2a: Scovillain|Scovillain, F|100\/100\n|-start|p2a: Scovillain|typechange|Grass\/Fire|[silent]\n|turn|6\n|inactive|RUMYMOME has 60 seconds left.\n|inactive|soyunabatata has 120 seconds left.\n|c|\u2606soyunabatata|ggn\u00b4t. boring and smogon banned the pokemon i used to counter that disgusting \"stratetegy\"\n|-message|soyunabatata forfeited.\n|\n|win|RUMYMOME\n|n|\u2606soyunabatata|soyunabatata\n|n|*Lady Monita \u2746|ladymonita\n|n|\u2606RUMYMOME|rumymome\n","uploadtime":1701052907,"views":13,"p1id":"rumymome","p2id":"soyunabatata","formatid":"gen9doublesou","rating":0,"private":0,"password":""}