{"id":"gen9doublesou-1981277701","p1":"NickDynamo","p2":"mikeyuwu","format":"[Gen 9] Doubles OU","log":"|j|\u2606NickDynamo\n|j|\u2606mikeyuwu\n|t:|1698879005\n|gametype|doubles\n|player|p1|NickDynamo|grimsley|1254\n|player|p2|mikeyuwu|psychic-gen4|1300\n|teamsize|p1|6\n|teamsize|p2|6\n|gen|9\n|tier|[Gen 9] Doubles OU\n|rated|\n|rule|Species Clause: Limit one of each Pok\u00e9mon\n|rule|OHKO Clause: OHKO moves are banned\n|rule|Evasion Moves Clause: Evasion moves are banned\n|rule|Gravity Sleep Clause: The combination of sleep-inducing moves with imperfect accuracy and Gravity or Gigantamax Orbeetle are banned\n|rule|Endless Battle Clause: Forcing endless battles is banned\n|rule|HP Percentage Mod: HP is shown in percentages\n|clearpoke\n|poke|p1|Iron Hands|\n|poke|p1|Gliscor, F|\n|poke|p1|Flutter Mane|\n|poke|p1|Chien-Pao|\n|poke|p1|Heatran, F|\n|poke|p1|Landorus-Therian, M|\n|poke|p2|Garchomp, M|\n|poke|p2|Tyranitar, F|\n|poke|p2|Vaporeon, F|\n|poke|p2|Toxicroak, M|\n|poke|p2|Pelipper, F|\n|poke|p2|Abomasnow, M|\n|teampreview\n|inactive|Battle timer is ON: inactive players will automatically lose when time's up. (requested by NickDynamo)\n|\n|t:|1698879020\n|start\n|switch|p1a: SHIESTY|Gliscor, F, shiny|100\/100\n|switch|p1b: kiwi|Landorus-Therian, M, shiny|100\/100\n|switch|p2a: OTLHPM|Toxicroak, M|100\/100\n|switch|p2b: Harmacy|Vaporeon, F|100\/100\n|-ability|p1b: kiwi|Intimidate|boost\n|-unboost|p2a: OTLHPM|atk|1\n|-unboost|p2b: Harmacy|atk|1\n|turn|1\n|\n|t:|1698879045\n|switch|p2a: Cold Shoulder|Abomasnow, M, shiny|100\/100\n|-weather|Snow|[from] ability: Snow Warning|[of] p2a: Cold Shoulder\n|-terastallize|p1b: kiwi|Flying\n|move|p1a: SHIESTY|Toxic|p2b: Harmacy\n|-status|p2b: Harmacy|tox\n|move|p1b: kiwi|Tera Blast|p2a: Cold Shoulder|[anim] Tera Blast Flying\n|-supereffective|p2a: Cold Shoulder\n|-damage|p2a: Cold Shoulder|5\/100\n|-damage|p1b: kiwi|91\/100|[from] item: Life Orb\n|move|p2b: Harmacy|Icy Wind|p1a: SHIESTY|[spread] p1a,p1b\n|-supereffective|p1a: SHIESTY\n|-supereffective|p1b: kiwi\n|-damage|p1a: SHIESTY|50\/100\n|-damage|p1b: kiwi|69\/100\n|-unboost|p1a: SHIESTY|spe|1\n|-unboost|p1b: kiwi|spe|1\n|\n|-weather|Snow|[upkeep]\n|-damage|p2b: Harmacy|94\/100 tox|[from] psn\n|-status|p1a: SHIESTY|tox|[from] item: Toxic Orb\n|upkeep\n|turn|2\n|\n|t:|1698879070\n|switch|p2a: Weather War|Pelipper, F|100\/100\n|-weather|RainDance|[from] ability: Drizzle|[of] p2a: Weather War\n|switch|p1a: JJETTAS|Iron Hands, shiny|100\/100\n|move|p2b: Harmacy|Icy Wind|p1a: JJETTAS|[spread] p1a,p1b\n|-supereffective|p1b: kiwi\n|-damage|p1a: JJETTAS|94\/100\n|-damage|p1b: kiwi|46\/100\n|-unboost|p1a: JJETTAS|spe|1\n|-unboost|p1b: kiwi|spe|1\n|move|p1b: kiwi|Rock Slide|p2b: Harmacy|[spread] p2a,p2b\n|-supereffective|p2a: Weather War\n|-damage|p2a: Weather War|57\/100\n|-damage|p2b: Harmacy|72\/100 tox\n|-damage|p1b: kiwi|37\/100|[from] item: Life Orb\n|\n|-weather|RainDance|[upkeep]\n|-activate|p2b: Harmacy|ability: Hydration\n|-curestatus|p2b: Harmacy|tox|[msg]\n|-heal|p2b: Harmacy|78\/100|[from] item: Leftovers\n|upkeep\n|turn|3\n|inactive|NickDynamo has 120 seconds left.\n|\n|t:|1698879101\n|move|p2a: Weather War|Chilling Water|p1a: JJETTAS\n|-damage|p1a: JJETTAS|81\/100\n|-unboost|p1a: JJETTAS|atk|1\n|move|p2b: Harmacy|Copycat|p2b: Harmacy\n|move|p2b: Harmacy|Chilling Water|p1b: kiwi|[from]move: Copycat\n|-damage|p1b: kiwi|8\/100\n|-unboost|p1b: kiwi|atk|1\n|move|p1b: kiwi|Stone Edge|p2a: Weather War|[miss]\n|-miss|p1b: kiwi|p2a: Weather War\n|move|p1a: JJETTAS|Thunder Punch|p2a: Weather War\n|-supereffective|p2a: Weather War\n|-damage|p2a: Weather War|0 fnt\n|faint|p2a: Weather War\n|\n|-weather|RainDance|[upkeep]\n|-heal|p2b: Harmacy|84\/100|[from] item: Leftovers\n|upkeep\n|\n|t:|1698879119\n|switch|p2a: Extra Spicy|Garchomp, M|100\/100\n|turn|4\n|\n|t:|1698879142\n|switch|p1b: neymar|Flutter Mane, shiny|100\/100\n|-end|p1a: JJETTAS|Quark Drive|[silent]\n|switch|p1a: SHIESTY|Gliscor, F, shiny|50\/100 tox\n|move|p2a: Extra Spicy|Earthquake|p1b: neymar|[spread] p2b,p1b\n|-immune|p1a: SHIESTY\n|-damage|p2b: Harmacy|62\/100\n|-damage|p1b: neymar|30\/100\n|move|p2b: Harmacy|Weather Ball|p1a: SHIESTY\n|-supereffective|p1a: SHIESTY\n|-damage|p1a: SHIESTY|0 fnt\n|faint|p1a: SHIESTY\n|\n|-weather|RainDance|[upkeep]\n|-heal|p2b: Harmacy|68\/100|[from] item: Leftovers\n|upkeep\n|\n|t:|1698879154\n|switch|p1a: kiwi|Landorus-Therian, M, shiny, tera:Flying|8\/100\n|-ability|p1a: kiwi|Intimidate|boost\n|-unboost|p2a: Extra Spicy|atk|1\n|-unboost|p2b: Harmacy|atk|1\n|turn|5\n|\n|t:|1698879168\n|switch|p2a: OTLHPM|Toxicroak, M|100\/100\n|switch|p1a: JJETTAS|Iron Hands, shiny|81\/100\n|move|p1b: neymar|Calm Mind|p1b: neymar\n|-boost|p1b: neymar|spa|1\n|-boost|p1b: neymar|spd|1\n|move|p2b: Harmacy|Weather Ball|p1b: neymar\n|-damage|p1b: neymar|0 fnt\n|faint|p1b: neymar\n|-end|p1b: neymar|Protosynthesis|[silent]\n|\n|-weather|RainDance|[upkeep]\n|-heal|p2b: Harmacy|74\/100|[from] item: Leftovers\n|upkeep\n|\n|t:|1698879179\n|switch|p1b: kiwi|Landorus-Therian, M, shiny, tera:Flying|8\/100\n|-ability|p1b: kiwi|Intimidate|boost\n|-unboost|p2a: OTLHPM|atk|1\n|-unboost|p2b: Harmacy|atk|1\n|turn|6\n|\n|t:|1698879187\n|switch|p2a: Extra Spicy|Garchomp, M|100\/100\n|switch|p2b: Cold Shoulder|Abomasnow, M, shiny|5\/100\n|-weather|Snow|[from] ability: Snow Warning|[of] p2b: Cold Shoulder\n|move|p1a: JJETTAS|Fake Out|p2b: Cold Shoulder\n|-damage|p2b: Cold Shoulder|0 fnt\n|faint|p2b: Cold Shoulder\n|move|p1b: kiwi|Stone Edge|p2a: Extra Spicy|[miss]\n|-miss|p1b: kiwi|p2a: Extra Spicy\n|\n|-weather|Snow|[upkeep]\n|upkeep\n|\n|t:|1698879201\n|switch|p2b: Harmacy|Vaporeon, F|74\/100\n|turn|7\n|\n|t:|1698879213\n|move|p2a: Extra Spicy|Earthquake|p1a: JJETTAS|[spread] p2b,p1a\n|-immune|p1b: kiwi\n|-crit|p2b: Harmacy\n|-supereffective|p1a: JJETTAS\n|-damage|p2b: Harmacy|39\/100\n|-damage|p1a: JJETTAS|38\/100\n|move|p1b: kiwi|Tera Blast|p2b: Harmacy|[anim] Tera Blast Flying\n|-damage|p2b: Harmacy|0 fnt\n|faint|p2b: Harmacy\n|-damage|p1b: kiwi|0 fnt|[from] item: Life Orb\n|faint|p1b: kiwi\n|move|p1a: JJETTAS|Thunder Punch|p2a: Extra Spicy\n|-immune|p2a: Extra Spicy\n|\n|-weather|Snow|[upkeep]\n|upkeep\n|\n|t:|1698879234\n|switch|p1b: CHASE|Heatran, F, shiny|100\/100\n|switch|p2b: OTLHPM|Toxicroak, M|100\/100\n|turn|8\n|\n|t:|1698879254\n|move|p2a: Extra Spicy|Poison Jab|p1a: JJETTAS\n|-damage|p1a: JJETTAS|23\/100\n|move|p2b: OTLHPM|Earthquake|p1b: CHASE|[spread] p2a,p1a,p1b\n|-supereffective|p1a: JJETTAS\n|-supereffective|p1b: CHASE\n|-enditem|p1b: CHASE|Shuca Berry|[eat]\n|-enditem|p1b: CHASE|Shuca Berry|[weaken]\n|-damage|p2a: Extra Spicy|85\/100\n|-damage|p1a: JJETTAS|0 fnt\n|-damage|p1b: CHASE|54\/100\n|faint|p1a: JJETTAS\n|-end|p1a: JJETTAS|Quark Drive|[silent]\n|move|p1b: CHASE|Heat Wave|p2a: Extra Spicy|[spread] p2a,p2b\n|-resisted|p2a: Extra Spicy\n|-damage|p2a: Extra Spicy|65\/100\n|-damage|p2b: OTLHPM|38\/100\n|\n|-weather|Snow|[upkeep]\n|-heal|p2b: OTLHPM|44\/100|[from] item: Black Sludge\n|upkeep\n|\n|t:|1698879267\n|switch|p1a: DEATH|Chien-Pao|100\/100\n|-ability|p1a: DEATH|Sword of Ruin\n|turn|9\n|\n|t:|1698879277\n|-terastallize|p2a: Extra Spicy|Steel\n|move|p1a: DEATH|Sucker Punch|p2a: Extra Spicy\n|-damage|p2a: Extra Spicy|39\/100\n|-damage|p1a: DEATH|88\/100|[from] ability: Rough Skin|[of] p2a: Extra Spicy\n|-damage|p1a: DEATH|72\/100|[from] item: Rocky Helmet|[of] p2a: Extra Spicy\n|move|p2a: Extra Spicy|Brick Break|p1a: DEATH\n|-supereffective|p1a: DEATH\n|-damage|p1a: DEATH|0 fnt\n|faint|p1a: DEATH\n|move|p2b: OTLHPM|Earthquake|p1b: CHASE|[spread] p2a,p1b\n|-supereffective|p2a: Extra Spicy\n|-supereffective|p1b: CHASE\n|-damage|p2a: Extra Spicy|8\/100\n|-damage|p1b: CHASE|0 fnt\n|faint|p1b: CHASE\n|\n|win|mikeyuwu\n|raw|NickDynamo's rating: 1254 &rarr; <strong>1232<\/strong><br \/>(-22 for losing)\n|raw|mikeyuwu's rating: 1300 &rarr; <strong>1322<\/strong><br \/>(+22 for winning)\n|l|\u2606NickDynamo\n","uploadtime":1698879301,"views":18,"p1id":"nickdynamo","p2id":"mikeyuwu","formatid":"gen9doublesou","rating":1232,"private":0,"password":""}