{"id":"gen9doublesou-1992422620","p1":"cotesmcgotes","p2":"biggersize","format":"[Gen 9] Doubles OU","log":"|j|\u2606cotesmcgotes\n|j|\u2606biggersize\n|t:|1700185743\n|gametype|doubles\n|player|p1|cotesmcgotes|flannery|1207\n|player|p2|biggersize|170|1162\n|teamsize|p1|6\n|teamsize|p2|6\n|gen|9\n|tier|[Gen 9] Doubles OU\n|rated|\n|rule|Species Clause: Limit one of each Pok\u00e9mon\n|rule|OHKO Clause: OHKO moves are banned\n|rule|Evasion Moves Clause: Evasion moves are banned\n|rule|Gravity Sleep Clause: The combination of sleep-inducing moves with imperfect accuracy and Gravity or Gigantamax Orbeetle are banned\n|rule|Endless Battle Clause: Forcing endless battles is banned\n|rule|HP Percentage Mod: HP is shown in percentages\n|clearpoke\n|poke|p1|Cresselia, F|\n|poke|p1|Overqwil, F|\n|poke|p1|Tornadus, M|\n|poke|p1|Palafin, F|\n|poke|p1|Amoonguss, M|\n|poke|p1|Great Tusk|\n|poke|p2|Gallade, M|\n|poke|p2|Grimmsnarl, M|\n|poke|p2|Tyranitar, F|\n|poke|p2|Scizor, F|\n|poke|p2|Diancie|\n|poke|p2|Gengar, M|\n|teampreview\n|\n|t:|1700185763\n|start\n|switch|p1a: Tornadus|Tornadus, M, shiny|100\/100\n|switch|p1b: Palafin|Palafin, F|100\/100\n|switch|p2a: Tyranitar|Tyranitar, F|100\/100\n|switch|p2b: Diancie|Diancie|100\/100\n|-weather|Sandstorm|[from] ability: Sand Stream|[of] p2a: Tyranitar\n|turn|1\n|inactive|Battle timer is ON: inactive players will automatically lose when time's up. (requested by cotesmcgotes)\n|\n|t:|1700185777\n|move|p1a: Tornadus|Rain Dance|p1a: Tornadus\n|-weather|RainDance\n|move|p1b: Palafin|Flip Turn|p2b: Diancie\n|-supereffective|p2b: Diancie\n|-damage|p2b: Diancie|52\/100\n|-enditem|p2b: Diancie|Weakness Policy\n|-boost|p2b: Diancie|atk|2|[from] item: Weakness Policy\n|-boost|p2b: Diancie|spa|2|[from] item: Weakness Policy\n|\n|t:|1700185792\n|detailschange|p1b: Palafin|Palafin-Hero, F\n|switch|p1b: Great Tusk|Great Tusk|100\/100|[from] Flip Turn\n|move|p2a: Tyranitar|Earthquake|p1b: Great Tusk|[spread] p2b,p1b\n|-immune|p1a: Tornadus\n|-supereffective|p2b: Diancie\n|-damage|p2b: Diancie|19\/100\n|-damage|p1b: Great Tusk|87\/100\n|move|p2b: Diancie|Diamond Storm|p1a: Tornadus|[spread] p1a,p1b\n|-supereffective|p1a: Tornadus\n|-resisted|p1b: Great Tusk\n|-damage|p1a: Tornadus|0 fnt\n|-damage|p1b: Great Tusk|79\/100\n|-boost|p2b: Diancie|def|2\n|faint|p1a: Tornadus\n|\n|-weather|RainDance|[upkeep]\n|upkeep\n|\n|t:|1700185811\n|switch|p1a: Overqwil|Overqwil, F|100\/100\n|turn|2\n|\n|t:|1700185828\n|move|p1a: Overqwil|Barb Barrage|p2b: Diancie\n|-damage|p2b: Diancie|8\/100\n|-status|p2b: Diancie|psn\n|move|p2a: Tyranitar|Shadow Claw|p1b: Great Tusk\n|-damage|p1b: Great Tusk|67\/100\n|move|p1b: Great Tusk|Close Combat|p2a: Tyranitar\n|-supereffective|p2a: Tyranitar\n|-damage|p2a: Tyranitar|0 fnt\n|-unboost|p1b: Great Tusk|def|1\n|-unboost|p1b: Great Tusk|spd|1\n|faint|p2a: Tyranitar\n|move|p2b: Diancie|Iron Defense|p2b: Diancie\n|-boost|p2b: Diancie|def|2\n|\n|-weather|RainDance|[upkeep]\n|-damage|p2b: Diancie|0 fnt|[from] psn\n|faint|p2b: Diancie\n|upkeep\n|\n|t:|1700185840\n|switch|p2a: Gengar|Gengar, M|100\/100\n|switch|p2b: Gallade|Gallade, M|100\/100\n|turn|3\n|\n|t:|1700185864\n|-end|p1b: Great Tusk|Protosynthesis|[silent]\n|switch|p1b: Amoonguss|Amoonguss, M, shiny|100\/100\n|move|p1a: Overqwil|Crunch|p2a: Gengar\n|-supereffective|p2a: Gengar\n|-enditem|p2a: Gengar|Focus Sash\n|-damage|p2a: Gengar|1\/100\n|move|p2a: Gengar|Shadow Ball|p1b: Amoonguss\n|-damage|p1b: Amoonguss|64\/100\n|-unboost|p1b: Amoonguss|spd|1\n|move|p2b: Gallade|Psycho Cut|p1a: Overqwil\n|-immune|p1a: Overqwil\n|\n|-weather|RainDance|[upkeep]\n|upkeep\n|turn|4\n|inactive|biggersize has 120 seconds left.\n|\n|t:|1700185897\n|move|p1a: Overqwil|Crunch|p2a: Gengar\n|-supereffective|p2a: Gengar\n|-damage|p2a: Gengar|0 fnt\n|faint|p2a: Gengar\n|move|p2b: Gallade|Close Combat|p1a: Overqwil\n|-damage|p1a: Overqwil|38\/100\n|-unboost|p2b: Gallade|def|1\n|-unboost|p2b: Gallade|spd|1\n|move|p1b: Amoonguss|Spore|p2b: Gallade\n|-status|p2b: Gallade|slp|[from] move: Spore\n|\n|-weather|RainDance|[upkeep]\n|-heal|p1a: Overqwil|44\/100|[from] item: Black Sludge\n|upkeep\n|inactive|biggersize has 120 seconds left.\n|\n|t:|1700185913\n|switch|p2a: Scizor|Scizor, F|100\/100\n|turn|5\n|\n|t:|1700185927\n|switch|p1b: Cresselia|Cresselia, F, shiny|100\/100\n|move|p1a: Overqwil|Acupressure|p1b: Cresselia\n|-boost|p1b: Cresselia|spd|2\n|cant|p2b: Gallade|slp\n|move|p2a: Scizor|X-Scissor|p1b: Cresselia\n|-supereffective|p1b: Cresselia\n|-damage|p1b: Cresselia|46\/100\n|\n|-weather|RainDance|[upkeep]\n|-heal|p1a: Overqwil|50\/100|[from] item: Black Sludge\n|-heal|p1b: Cresselia|52\/100|[from] item: Leftovers\n|upkeep\n|turn|6\n|\n|t:|1700185949\n|switch|p2b: Grimmsnarl|Grimmsnarl, M|100\/100\n|-terastallize|p1b: Cresselia|Electric\n|move|p1a: Overqwil|Acupressure|p1b: Cresselia\n|-boost|p1b: Cresselia|def|2\n|move|p2a: Scizor|X-Scissor|p1b: Cresselia\n|-damage|p1b: Cresselia|37\/100\n|move|p1b: Cresselia|Lunar Blessing|p1b: Cresselia|[spread] p1a,p1b\n|-heal|p1a: Overqwil|75\/100\n|-heal|p1b: Cresselia|62\/100\n|\n|-weather|RainDance|[upkeep]\n|-heal|p1a: Overqwil|81\/100|[from] item: Black Sludge\n|-heal|p1b: Cresselia|68\/100|[from] item: Leftovers\n|upkeep\n|turn|7\n|-message|biggersize forfeited.\n|\n|win|cotesmcgotes\n|raw|cotesmcgotes's rating: 1207 &rarr; <strong>1229<\/strong><br \/>(+22 for winning)\n|raw|biggersize's rating: 1162 &rarr; <strong>1140<\/strong><br \/>(-22 for losing)\n|l|\u2606biggersize\n","uploadtime":1700185975,"views":9,"p1id":"cotesmcgotes","p2id":"biggersize","formatid":"gen9doublesou","rating":1140,"private":0,"password":""}