{"id":"gen9doublesou-1976510845","p1":"IfUforfeitUsuck","p2":"X1aouo","format":"[Gen 9] Doubles OU","log":"|j|\u2606IfUforfeitUsuck\n|j|\u2606X1aouo\n|t:|1698315164\n|gametype|doubles\n|player|p1|IfUforfeitUsuck|102|1240\n|player|p2|X1aouo|265|1419\n|teamsize|p1|6\n|teamsize|p2|6\n|gen|9\n|tier|[Gen 9] Doubles OU\n|rated|\n|rule|Species Clause: Limit one of each Pok\u00e9mon\n|rule|OHKO Clause: OHKO moves are banned\n|rule|Evasion Moves Clause: Evasion moves are banned\n|rule|Gravity Sleep Clause: The combination of sleep-inducing moves with imperfect accuracy and Gravity or Gigantamax Orbeetle are banned\n|rule|Endless Battle Clause: Forcing endless battles is banned\n|rule|HP Percentage Mod: HP is shown in percentages\n|clearpoke\n|poke|p1|Sinistcha-Masterpiece|\n|poke|p1|Grimmsnarl, M|\n|poke|p1|Armarouge, M|\n|poke|p1|Milotic, F|\n|poke|p1|Landorus-Therian, M|\n|poke|p1|Iron Valiant|\n|poke|p2|Ogerpon-Hearthflame, F|\n|poke|p2|Rillaboom, F|\n|poke|p2|Empoleon, M|\n|poke|p2|Tornadus, M|\n|poke|p2|Chien-Pao|\n|poke|p2|Amoonguss, M|\n|teampreview\n|inactive|Battle timer is ON: inactive players will automatically lose when time's up. (requested by X1aouo)\n|\n|t:|1698315207\n|start\n|switch|p1a: Henchman|Grimmsnarl, M|100\/100\n|switch|p1b: Armarouge|Armarouge, M|100\/100\n|switch|p2a: Rillaboom|Rillaboom, F|100\/100\n|switch|p2b: Ogerpon|Ogerpon-Hearthflame, F|100\/100\n|-ability|p2b: Ogerpon|Mold Breaker\n|-fieldstart|move: Grassy Terrain|[from] ability: Grassy Surge|[of] p2a: Rillaboom\n|turn|1\n|\n|t:|1698315226\n|-terastallize|p2b: Ogerpon|Fire\n|detailschange|p2b: Ogerpon|Ogerpon-Hearthflame-Tera, F, tera:Fire\n|-ability|p2b: Ogerpon|Embody Aspect (Hearthflame)|boost\n|-boost|p2b: Ogerpon|atk|1\n|move|p2a: Rillaboom|Fake Out|p1a: Henchman\n|-damage|p1a: Henchman|85\/100\n|cant|p1a: Henchman|flinch\n|move|p2b: Ogerpon|Ivy Cudgel|p1a: Henchman\n|-damage|p1a: Henchman|0 fnt\n|faint|p1a: Henchman\n|move|p1b: Armarouge|Heat Wave|p2a: Rillaboom|[spread] p2b\n|-miss|p1b: Armarouge|p2a: Rillaboom\n|-resisted|p2b: Ogerpon\n|-damage|p2b: Ogerpon|83\/100\n|\n|-heal|p2b: Ogerpon|89\/100|[from] Grassy Terrain\n|upkeep\n|\n|t:|1698315240\n|switch|p1a: Wet Snake (ew)|Milotic, F|100\/100\n|turn|2\n|\n|t:|1698315257\n|move|p2b: Ogerpon|Grassy Glide|p1a: Wet Snake (ew)\n|-supereffective|p1a: Wet Snake (ew)\n|-damage|p1a: Wet Snake (ew)|0 fnt\n|faint|p1a: Wet Snake (ew)\n|move|p2a: Rillaboom|Grassy Glide|p1b: Armarouge\n|-resisted|p1b: Armarouge\n|-damage|p1b: Armarouge|85\/100\n|-ability|p1b: Armarouge|Weak Armor|boost\n|-unboost|p1b: Armarouge|def|1\n|-boost|p1b: Armarouge|spe|2\n|move|p1b: Armarouge|Heat Wave|p2a: Rillaboom|[spread] p2a,p2b\n|-supereffective|p2a: Rillaboom\n|-resisted|p2b: Ogerpon\n|-damage|p2a: Rillaboom|49\/100\n|-damage|p2b: Ogerpon|73\/100\n|-status|p2a: Rillaboom|brn\n|\n|-heal|p1b: Armarouge|91\/100|[from] Grassy Terrain\n|-heal|p2b: Ogerpon|79\/100|[from] Grassy Terrain\n|-heal|p2a: Rillaboom|56\/100 brn|[from] Grassy Terrain\n|-damage|p2a: Rillaboom|49\/100 brn|[from] brn\n|upkeep\n|c|\u2606IfUforfeitUsuck|whatttttt\n|\n|t:|1698315275\n|switch|p1a: Hates Ice|Landorus-Therian, M|100\/100\n|-ability|p1a: Hates Ice|Intimidate|boost\n|-unboost|p2a: Rillaboom|atk|1\n|-unboost|p2b: Ogerpon|atk|1\n|turn|3\n|\n|t:|1698315294\n|switch|p2b: Tornadus|Tornadus, M|100\/100\n|move|p1b: Armarouge|Protect|p1b: Armarouge\n|-singleturn|p1b: Armarouge|Protect\n|move|p2a: Rillaboom|U-turn|p1a: Hates Ice\n|-resisted|p1a: Hates Ice\n|-damage|p1a: Hates Ice|98\/100\n|\n|t:|1698315299\n|switch|p2a: Empoleon|Empoleon, M|100\/100|[from] U-turn\n|move|p1a: Hates Ice|Rock Slide|p2b: Tornadus|[spread] p2a,p2b\n|-resisted|p2a: Empoleon\n|-supereffective|p2b: Tornadus\n|-damage|p2a: Empoleon|92\/100\n|-damage|p2b: Tornadus|51\/100\n|\n|-heal|p1b: Armarouge|97\/100|[from] Grassy Terrain\n|-heal|p2a: Empoleon|98\/100|[from] Grassy Terrain\n|-heal|p2a: Empoleon|100\/100|[from] item: Leftovers\n|upkeep\n|turn|4\n|inactive|IfUforfeitUsuck has 120 seconds left.\n|\n|t:|1698315334\n|move|p2b: Tornadus|Tailwind|p2b: Tornadus\n|-sidestart|p2: X1aouo|move: Tailwind\n|move|p1b: Armarouge|Dark Pulse|p2a: Empoleon\n|-damage|p2a: Empoleon|83\/100\n|cant|p2a: Empoleon|flinch\n|move|p1a: Hates Ice|Rock Slide|p2b: Tornadus|[spread] p2a,p2b\n|-resisted|p2a: Empoleon\n|-supereffective|p2b: Tornadus\n|-damage|p2a: Empoleon|75\/100\n|-damage|p2b: Tornadus|0 fnt\n|faint|p2b: Tornadus\n|\n|-heal|p1b: Armarouge|100\/100|[from] Grassy Terrain\n|-heal|p2a: Empoleon|81\/100|[from] Grassy Terrain\n|-heal|p2a: Empoleon|87\/100|[from] item: Leftovers\n|upkeep\n|\n|t:|1698315359\n|switch|p2b: Chien-Pao|Chien-Pao|100\/100\n|-ability|p2b: Chien-Pao|Sword of Ruin\n|turn|5\n|\n|t:|1698315384\n|-terastallize|p1b: Armarouge|Dark\n|move|p2b: Chien-Pao|Icicle Crash|p1a: Hates Ice|[miss]\n|-miss|p2b: Chien-Pao|p1a: Hates Ice\n|move|p1b: Armarouge|Heat Wave|p2b: Chien-Pao|[spread] p2a,p2b\n|-supereffective|p2b: Chien-Pao\n|-damage|p2a: Empoleon|60\/100\n|-damage|p2b: Chien-Pao|12\/100\n|-status|p2b: Chien-Pao|brn\n|move|p2a: Empoleon|Hydro Pump|p1b: Armarouge|[miss]\n|-miss|p2a: Empoleon|p1b: Armarouge\n|move|p1a: Hates Ice|Rock Slide|p2a: Empoleon|[spread] p2a,p2b\n|-resisted|p2a: Empoleon\n|-supereffective|p2b: Chien-Pao\n|-damage|p2a: Empoleon|50\/100\n|-damage|p2b: Chien-Pao|0 fnt\n|faint|p2b: Chien-Pao\n|\n|-heal|p2a: Empoleon|56\/100|[from] Grassy Terrain\n|-heal|p2a: Empoleon|63\/100|[from] item: Leftovers\n|-fieldend|move: Grassy Terrain\n|upkeep\n|c|\u2606X1aouo|what????\n|\n|t:|1698315403\n|switch|p2b: Rillaboom|Rillaboom, F|49\/100 brn\n|-fieldstart|move: Grassy Terrain|[from] ability: Grassy Surge|[of] p2b: Rillaboom\n|turn|6\n|c|\u2606IfUforfeitUsuck|finally a bit of luck\n|\n|t:|1698315415\n|move|p1b: Armarouge|Protect|p1b: Armarouge\n|-singleturn|p1b: Armarouge|Protect\n|move|p2b: Rillaboom|Fake Out|p1a: Hates Ice\n|-damage|p1a: Hates Ice|93\/100\n|move|p2a: Empoleon|Icy Wind|p1b: Armarouge|[spread] p1a\n|-activate|p1b: Armarouge|move: Protect\n|-supereffective|p1a: Hates Ice\n|-damage|p1a: Hates Ice|56\/100\n|-unboost|p1a: Hates Ice|spe|1\n|cant|p1a: Hates Ice|flinch\n|\n|-heal|p2b: Rillaboom|56\/100 brn|[from] Grassy Terrain\n|-heal|p2a: Empoleon|69\/100|[from] Grassy Terrain\n|-heal|p2a: Empoleon|75\/100|[from] item: Leftovers\n|-damage|p2b: Rillaboom|49\/100 brn|[from] brn\n|upkeep\n|turn|7\n|inactive|IfUforfeitUsuck has 120 seconds left.\n|\n|t:|1698315454\n|move|p2b: Rillaboom|U-turn|p1a: Hates Ice\n|-resisted|p1a: Hates Ice\n|-damage|p1a: Hates Ice|52\/100\n|\n|t:|1698315460\n|switch|p2b: Ogerpon|Ogerpon-Hearthflame-Tera, F, tera:Fire|79\/100|[from] U-turn\n|-ability|p2b: Ogerpon|Embody Aspect (Hearthflame)|boost\n|-boost|p2b: Ogerpon|atk|1\n|move|p1b: Armarouge|Heat Wave|p2b: Ogerpon|[spread] p2a,p2b\n|-resisted|p2b: Ogerpon\n|-damage|p2a: Empoleon|48\/100\n|-damage|p2b: Ogerpon|62\/100\n|move|p2a: Empoleon|Hydro Pump|p1a: Hates Ice\n|-supereffective|p1a: Hates Ice\n|-damage|p1a: Hates Ice|0 fnt\n|faint|p1a: Hates Ice\n|\n|-heal|p2b: Ogerpon|68\/100|[from] Grassy Terrain\n|-heal|p2a: Empoleon|54\/100|[from] Grassy Terrain\n|-heal|p2a: Empoleon|60\/100|[from] item: Leftovers\n|-sideend|p2: X1aouo|move: Tailwind\n|upkeep\n|inactive|IfUforfeitUsuck has 120 seconds left.\n|\n|t:|1698315475\n|switch|p1a: T-Pain|Sinistcha-Masterpiece|100\/100\n|turn|8\n|inactive|IfUforfeitUsuck has 120 seconds left.\n|\n|t:|1698315498\n|move|p1b: Armarouge|Dark Pulse|p2b: Ogerpon\n|-damage|p2b: Ogerpon|26\/100\n|move|p2b: Ogerpon|Ivy Cudgel|p1a: T-Pain\n|-supereffective|p1a: T-Pain\n|-damage|p1a: T-Pain|0 fnt\n|faint|p1a: T-Pain\n|move|p2a: Empoleon|Icy Wind|p1b: Armarouge\n|-damage|p1b: Armarouge|84\/100\n|-unboost|p1b: Armarouge|spe|1\n|\n|-heal|p2b: Ogerpon|32\/100|[from] Grassy Terrain\n|-heal|p1b: Armarouge|90\/100|[from] Grassy Terrain\n|-heal|p2a: Empoleon|66\/100|[from] Grassy Terrain\n|-heal|p2a: Empoleon|72\/100|[from] item: Leftovers\n|upkeep\n|\n|t:|1698315508\n|switch|p1a: Power Ranger|Iron Valiant|100\/100\n|turn|9\n|\n|t:|1698315522\n|move|p2b: Ogerpon|Spiky Shield|p2b: Ogerpon\n|-singleturn|p2b: Ogerpon|move: Protect\n|move|p1a: Power Ranger|Shadow Sneak|p2b: Ogerpon\n|-activate|p2b: Ogerpon|move: Protect\n|-damage|p1a: Power Ranger|88\/100|[from] Spiky Shield|[of] p2b: Ogerpon\n|move|p1b: Armarouge|Heat Wave|p2a: Empoleon|[spread] p2a\n|-activate|p2b: Ogerpon|move: Protect\n|-damage|p2a: Empoleon|45\/100\n|move|p2a: Empoleon|Icy Wind|p1a: Power Ranger|[spread] p1a,p1b\n|-damage|p1a: Power Ranger|74\/100\n|-damage|p1b: Armarouge|77\/100\n|-unboost|p1a: Power Ranger|spe|1\n|-unboost|p1b: Armarouge|spe|1\n|\n|-heal|p2b: Ogerpon|38\/100|[from] Grassy Terrain\n|-heal|p1b: Armarouge|83\/100|[from] Grassy Terrain\n|-heal|p1a: Power Ranger|80\/100|[from] Grassy Terrain\n|-heal|p2a: Empoleon|51\/100|[from] Grassy Terrain\n|-heal|p2a: Empoleon|57\/100|[from] item: Leftovers\n|upkeep\n|turn|10\n|inactive|X1aouo has 120 seconds left.\n|\n|t:|1698315559\n|switch|p2b: Amoonguss|Amoonguss, M|100\/100\n|move|p2a: Empoleon|Protect|p2a: Empoleon\n|-singleturn|p2a: Empoleon|Protect\n|move|p1b: Armarouge|Expanding Force|p2b: Amoonguss\n|-supereffective|p2b: Amoonguss\n|-crit|p2b: Amoonguss\n|-damage|p2b: Amoonguss|39\/100\n|-enditem|p2b: Amoonguss|Sitrus Berry|[eat]\n|-heal|p2b: Amoonguss|64\/100|[from] item: Sitrus Berry\n|move|p1a: Power Ranger|Drain Punch|p2a: Empoleon\n|-activate|p2a: Empoleon|move: Protect\n|\n|-heal|p1b: Armarouge|89\/100|[from] Grassy Terrain\n|-heal|p1a: Power Ranger|87\/100|[from] Grassy Terrain\n|-heal|p2a: Empoleon|63\/100|[from] Grassy Terrain\n|-heal|p2a: Empoleon|70\/100|[from] item: Leftovers\n|-heal|p2b: Amoonguss|70\/100|[from] Grassy Terrain\n|-fieldend|move: Grassy Terrain\n|upkeep\n|turn|11\n|\n|t:|1698315580\n|move|p1b: Armarouge|Heat Wave|p2b: Amoonguss|[spread] p2a\n|-miss|p1b: Armarouge|p2b: Amoonguss\n|-damage|p2a: Empoleon|44\/100\n|move|p1a: Power Ranger|Drain Punch|p2a: Empoleon\n|-supereffective|p2a: Empoleon\n|-damage|p2a: Empoleon|0 fnt\n|-heal|p1a: Power Ranger|100\/100|[from] drain|[of] p2a: Empoleon\n|faint|p2a: Empoleon\n|move|p2b: Amoonguss|Spore|p1a: Power Ranger\n|-status|p1a: Power Ranger|slp|[from] move: Spore\n|\n|upkeep\n|\n|t:|1698315585\n|switch|p2a: Rillaboom|Rillaboom, F|49\/100 brn\n|-fieldstart|move: Grassy Terrain|[from] ability: Grassy Surge|[of] p2a: Rillaboom\n|turn|12\n|\n|t:|1698315597\n|move|p2a: Rillaboom|Fake Out|p1b: Armarouge\n|-damage|p1b: Armarouge|80\/100\n|-ability|p1b: Armarouge|Weak Armor|boost\n|-unboost|p1b: Armarouge|def|1\n|-boost|p1b: Armarouge|spe|2\n|cant|p1b: Armarouge|flinch\n|cant|p1a: Power Ranger|slp\n|move|p2b: Amoonguss|Spore|p1b: Armarouge\n|-status|p1b: Armarouge|slp|[from] move: Spore\n|\n|-heal|p1b: Armarouge|86\/100 slp|[from] Grassy Terrain\n|-heal|p2a: Rillaboom|56\/100 brn|[from] Grassy Terrain\n|-heal|p2b: Amoonguss|76\/100|[from] Grassy Terrain\n|-damage|p2a: Rillaboom|49\/100 brn|[from] brn\n|upkeep\n|turn|13\n|c|\u2606IfUforfeitUsuck|pussio\n|\n|t:|1698315616\n|cant|p1b: Armarouge|slp\n|move|p2a: Rillaboom|U-turn|p1b: Armarouge\n|-supereffective|p1b: Armarouge\n|-damage|p1b: Armarouge|44\/100 slp\n|-ability|p1b: Armarouge|Weak Armor|boost\n|-unboost|p1b: Armarouge|def|1\n|-boost|p1b: Armarouge|spe|2\n|-enditem|p1b: Armarouge|Weakness Policy\n|-boost|p1b: Armarouge|atk|2|[from] item: Weakness Policy\n|-boost|p1b: Armarouge|spa|2|[from] item: Weakness Policy\n|\n|t:|1698315619\n|switch|p2a: Ogerpon|Ogerpon-Hearthflame-Tera, F, tera:Fire|38\/100|[from] U-turn\n|-ability|p2a: Ogerpon|Embody Aspect (Hearthflame)|boost\n|-boost|p2a: Ogerpon|atk|1\n|-curestatus|p1a: Power Ranger|slp|[msg]\n|move|p1a: Power Ranger|Drain Punch|p2a: Ogerpon\n|-damage|p2a: Ogerpon|0 fnt\n|faint|p2a: Ogerpon\n|move|p2b: Amoonguss|Pollen Puff|p1b: Armarouge\n|-supereffective|p1b: Armarouge\n|-damage|p1b: Armarouge|8\/100 slp\n|\n|-heal|p1b: Armarouge|14\/100 slp|[from] Grassy Terrain\n|-heal|p2b: Amoonguss|82\/100|[from] Grassy Terrain\n|upkeep\n|\n|t:|1698315622\n|switch|p2a: Rillaboom|Rillaboom, F|49\/100 brn\n|turn|14\n|\n|t:|1698315646\n|move|p2a: Rillaboom|Fake Out|p1a: Power Ranger\n|-damage|p1a: Power Ranger|93\/100\n|cant|p1b: Armarouge|slp\n|cant|p1a: Power Ranger|flinch\n|move|p2b: Amoonguss|Spore|p1a: Power Ranger\n|-status|p1a: Power Ranger|slp|[from] move: Spore\n|\n|-heal|p1b: Armarouge|20\/100 slp|[from] Grassy Terrain\n|-heal|p2a: Rillaboom|56\/100 brn|[from] Grassy Terrain\n|-heal|p1a: Power Ranger|99\/100 slp|[from] Grassy Terrain\n|-heal|p2b: Amoonguss|88\/100|[from] Grassy Terrain\n|-damage|p2a: Rillaboom|49\/100 brn|[from] brn\n|upkeep\n|turn|15\n|inactive|IfUforfeitUsuck has 120 seconds left.\n|\n|t:|1698315679\n|cant|p1b: Armarouge|slp\n|move|p2a: Rillaboom|Grassy Glide|p1b: Armarouge\n|-damage|p1b: Armarouge|0 fnt\n|faint|p1b: Armarouge\n|cant|p1a: Power Ranger|slp\n|move|p2b: Amoonguss|Pollen Puff|p1a: Power Ranger\n|-resisted|p1a: Power Ranger\n|-damage|p1a: Power Ranger|94\/100 slp\n|\n|-heal|p2a: Rillaboom|56\/100 brn|[from] Grassy Terrain\n|-heal|p1a: Power Ranger|100\/100 slp|[from] Grassy Terrain\n|-heal|p2b: Amoonguss|94\/100|[from] Grassy Terrain\n|-damage|p2a: Rillaboom|49\/100 brn|[from] brn\n|upkeep\n|turn|16\n|\n|t:|1698315700\n|move|p2a: Rillaboom|Grassy Glide|p1a: Power Ranger\n|-damage|p1a: Power Ranger|81\/100 slp\n|-curestatus|p1a: Power Ranger|slp|[msg]\n|move|p1a: Power Ranger|Drain Punch|p2a: Rillaboom\n|-damage|p2a: Rillaboom|7\/100 brn\n|-heal|p1a: Power Ranger|100\/100|[from] drain|[of] p2a: Rillaboom\n|move|p2b: Amoonguss|Pollen Puff|p2a: Rillaboom\n|-heal|p2a: Rillaboom|57\/100 brn\n|\n|-heal|p2a: Rillaboom|63\/100 brn|[from] Grassy Terrain\n|-heal|p2b: Amoonguss|99\/100|[from] Grassy Terrain\n|-damage|p2a: Rillaboom|57\/100 brn|[from] brn\n|-fieldend|move: Grassy Terrain\n|upkeep\n|turn|17\n|inactive|IfUforfeitUsuck has 120 seconds left.\n|\n|t:|1698315737\n|move|p2a: Rillaboom|Grassy Glide|p1a: Power Ranger\n|-damage|p1a: Power Ranger|86\/100\n|move|p1a: Power Ranger|Drain Punch|p2b: Amoonguss\n|-resisted|p2b: Amoonguss\n|-damage|p2b: Amoonguss|81\/100\n|-heal|p1a: Power Ranger|100\/100|[from] drain|[of] p2b: Amoonguss\n|move|p2b: Amoonguss|Spore|p1a: Power Ranger\n|-status|p1a: Power Ranger|slp|[from] move: Spore\n|\n|-damage|p2a: Rillaboom|51\/100 brn|[from] brn\n|upkeep\n|turn|18\n|\n|t:|1698315753\n|move|p2a: Rillaboom|Grassy Glide|p1a: Power Ranger\n|-damage|p1a: Power Ranger|86\/100 slp\n|cant|p1a: Power Ranger|slp\n|move|p2b: Amoonguss|Pollen Puff|p1a: Power Ranger\n|-resisted|p1a: Power Ranger\n|-damage|p1a: Power Ranger|80\/100 slp\n|\n|-damage|p2a: Rillaboom|44\/100 brn|[from] brn\n|upkeep\n|turn|19\n|\n|t:|1698315764\n|move|p2a: Rillaboom|Grassy Glide|p1a: Power Ranger\n|-damage|p1a: Power Ranger|67\/100 slp\n|cant|p1a: Power Ranger|slp\n|move|p2b: Amoonguss|Pollen Puff|p1a: Power Ranger\n|-resisted|p1a: Power Ranger\n|-damage|p1a: Power Ranger|61\/100 slp\n|\n|-damage|p2a: Rillaboom|38\/100 brn|[from] brn\n|upkeep\n|turn|20\n|\n|t:|1698315775\n|move|p2a: Rillaboom|Grassy Glide|p1a: Power Ranger\n|-damage|p1a: Power Ranger|48\/100 slp\n|cant|p1a: Power Ranger|slp\n|move|p2b: Amoonguss|Spore|p1a: Power Ranger\n|-fail|p1a: Power Ranger|slp\n|\n|-damage|p2a: Rillaboom|32\/100 brn|[from] brn\n|upkeep\n|turn|21\n|\n|t:|1698315786\n|move|p2a: Rillaboom|Grassy Glide|p1a: Power Ranger\n|-damage|p1a: Power Ranger|35\/100 slp\n|-curestatus|p1a: Power Ranger|slp|[msg]\n|move|p1a: Power Ranger|Drain Punch|p2a: Rillaboom\n|-damage|p2a: Rillaboom|0 fnt\n|-heal|p1a: Power Ranger|53\/100|[from] drain|[of] p2a: Rillaboom\n|faint|p2a: Rillaboom\n|move|p2b: Amoonguss|Spore|p1a: Power Ranger\n|-status|p1a: Power Ranger|slp|[from] move: Spore\n|\n|upkeep\n|turn|22\n|\n|t:|1698315802\n|cant|p1a: Power Ranger|slp\n|move|p2b: Amoonguss|Pollen Puff|p1a: Power Ranger\n|-resisted|p1a: Power Ranger\n|-damage|p1a: Power Ranger|48\/100 slp\n|\n|upkeep\n|turn|23\n|c|\u2606X1aouo|quick\n|c|\u2606IfUforfeitUsuck|what do mean quick\n|c|\u2606IfUforfeitUsuck|you put me to sleep\n|n|!IfUforfeitUsuck|ifuforfeitusuck\n|inactive|IfUforfeitUsuck has 120 seconds left.\n|\n|t:|1698315838\n|cant|p1a: Power Ranger|slp\n|move|p2b: Amoonguss|Pollen Puff|p1a: Power Ranger\n|-resisted|p1a: Power Ranger\n|-damage|p1a: Power Ranger|43\/100 slp\n|\n|upkeep\n|turn|24\n|\n|t:|1698315850\n|cant|p1a: Power Ranger|slp\n|move|p2b: Amoonguss|Spore|p1a: Power Ranger\n|-fail|p1a: Power Ranger|slp\n|\n|upkeep\n|turn|25\n|\n|t:|1698315860\n|-curestatus|p1a: Power Ranger|slp|[msg]\n|move|p1a: Power Ranger|Drain Punch|p2b: Amoonguss\n|-resisted|p2b: Amoonguss\n|-damage|p2b: Amoonguss|60\/100\n|-heal|p1a: Power Ranger|59\/100|[from] drain|[of] p2b: Amoonguss\n|move|p2b: Amoonguss|Spore|p1a: Power Ranger\n|-status|p1a: Power Ranger|slp|[from] move: Spore\n|\n|upkeep\n|turn|26\n|\n|t:|1698315877\n|cant|p1a: Power Ranger|slp\n|move|p2b: Amoonguss|Pollen Puff|p1a: Power Ranger\n|-resisted|p1a: Power Ranger\n|-damage|p1a: Power Ranger|53\/100 slp\n|\n|upkeep\n|turn|27\n|\n|t:|1698315888\n|cant|p1a: Power Ranger|slp\n|move|p2b: Amoonguss|Pollen Puff|p1a: Power Ranger\n|-resisted|p1a: Power Ranger\n|-damage|p1a: Power Ranger|48\/100 slp\n|\n|upkeep\n|turn|28\n|\n|t:|1698315902\n|-curestatus|p1a: Power Ranger|slp|[msg]\n|move|p1a: Power Ranger|Dazzling Gleam|p2b: Amoonguss\n|-resisted|p2b: Amoonguss\n|-damage|p2b: Amoonguss|50\/100\n|move|p2b: Amoonguss|Pollen Puff|p1a: Power Ranger\n|-resisted|p1a: Power Ranger\n|-damage|p1a: Power Ranger|42\/100\n|\n|upkeep\n|turn|29\n|\n|t:|1698315910\n|move|p1a: Power Ranger|Drain Punch|p2b: Amoonguss\n|-resisted|p2b: Amoonguss\n|-damage|p2b: Amoonguss|28\/100\n|-heal|p1a: Power Ranger|59\/100|[from] drain|[of] p2b: Amoonguss\n|move|p2b: Amoonguss|Spore|p1a: Power Ranger\n|-status|p1a: Power Ranger|slp|[from] move: Spore\n|\n|upkeep\n|turn|30\n|c|\u2606X1aouo|GG\n|-message|X1aouo forfeited.\n|\n|win|IfUforfeitUsuck\n|raw|IfUforfeitUsuck's rating: 1240 &rarr; <strong>1277<\/strong><br \/>(+37 for winning)\n|raw|X1aouo's rating: 1419 &rarr; <strong>1390<\/strong><br \/>(-29 for losing)\n","uploadtime":1698315828,"views":13,"p1id":"ifuforfeitusuck","p2id":"x1aouo","formatid":"gen9doublesou","rating":1277,"private":0,"password":""}