{"id":"gen9doublesou-1989163294","p1":"bananaszn","p2":"Elite.4.Challenger","format":"[Gen 9] Doubles OU","log":"|j|\u2606bananaszn\n|j|\u2606Elite.4.Challenger\n|t:|1699818918\n|gametype|doubles\n|player|p1|bananaszn|brycen|1378\n|player|p2|Elite.4.Challenger|koga|1424\n|teamsize|p1|6\n|teamsize|p2|6\n|gen|9\n|tier|[Gen 9] Doubles OU\n|rated|\n|rule|Species Clause: Limit one of each Pok\u00e9mon\n|rule|OHKO Clause: OHKO moves are banned\n|rule|Evasion Moves Clause: Evasion moves are banned\n|rule|Gravity Sleep Clause: The combination of sleep-inducing moves with imperfect accuracy and Gravity or Gigantamax Orbeetle are banned\n|rule|Endless Battle Clause: Forcing endless battles is banned\n|rule|HP Percentage Mod: HP is shown in percentages\n|clearpoke\n|poke|p1|Poliwrath, F|\n|poke|p1|Pelipper, F|\n|poke|p1|Basculegion-F, F|\n|poke|p1|Zapdos|\n|poke|p1|Landorus-Therian, M|\n|poke|p1|Tsareena, F|\n|poke|p2|Zapdos|\n|poke|p2|Grimmsnarl, M|\n|poke|p2|Basculegion-F, F|\n|poke|p2|Goodra-Hisui, M|\n|poke|p2|Politoed, M|\n|poke|p2|Toxicroak, M|\n|teampreview\n|j| I like Glaceon yay\n|c| I like Glaceon yay|\u2026\n|c|\u2606bananaszn|yo\n|c|\u2606Elite.4.Challenger|welcome\n|\n|t:|1699818973\n|start\n|switch|p1a: Pelipper|Pelipper, F|100\/100\n|switch|p1b: Poliwrath|Poliwrath, F|100\/100\n|switch|p2a: Gollum|Grimmsnarl, M|100\/100\n|switch|p2b: Big Bird|Zapdos|100\/100\n|-weather|RainDance|[from] ability: Drizzle|[of] p1a: Pelipper\n|turn|1\n|c| I like Glaceon yay|yey\n|\n|t:|1699818992\n|switch|p1a: Landorus|Landorus-Therian, M|100\/100\n|-ability|p1a: Landorus|Intimidate|boost\n|-unboost|p2a: Gollum|atk|1\n|-unboost|p2b: Big Bird|atk|1\n|-terastallize|p1b: Poliwrath|Water\n|move|p2a: Gollum|Reflect|p2a: Gollum\n|-sidestart|p2: Elite.4.Challenger|Reflect\n|move|p1b: Poliwrath|Liquidation|p2b: Big Bird\n|-damage|p2b: Big Bird|3\/100\n|move|p2b: Big Bird|Thunder|p1b: Poliwrath\n|-supereffective|p1b: Poliwrath\n|-damage|p1b: Poliwrath|0 fnt\n|faint|p1b: Poliwrath\n|\n|-weather|RainDance|[upkeep]\n|upkeep\n|c| I like Glaceon yay|nice names\n|\n|t:|1699819016\n|switch|p1b: Basculegion|Basculegion-F, F|100\/100\n|turn|2\n|c|\u2606Elite.4.Challenger|lol you haven't seen the best ones\n|c| I like Glaceon yay|You neither\n|\n|t:|1699819047\n|move|p1b: Basculegion|Aqua Jet|p2b: Big Bird\n|-damage|p2b: Big Bird|0 fnt\n|-status|p1b: Basculegion|par|[from] ability: Static|[of] p2b: Big Bird\n|faint|p2b: Big Bird\n|move|p2a: Gollum|Parting Shot|p1b: Basculegion\n|-unboost|p1b: Basculegion|atk|1\n|-unboost|p1b: Basculegion|spa|1\n|\n|t:|1699819061\n|switch|p2a: Michael Phelps|Basculegion-F, F|100\/100|[from] Parting Shot\n|move|p1a: Landorus|U-turn|p2a: Michael Phelps\n|-resisted|p2a: Michael Phelps\n|-damage|p2a: Michael Phelps|88\/100\n|\n|t:|1699819067\n|switch|p1a: Tsareena|Tsareena, F|100\/100|[from] U-turn\n|\n|-weather|RainDance|[upkeep]\n|upkeep\n|c| I like Glaceon yay|\u2026\n|c| I like Glaceon yay|michael Phelps?\n|\n|t:|1699819111\n|switch|p2b: Gollum|Grimmsnarl, M|100\/100\n|turn|3\n|c|\u2606bananaszn|but girl\n|c|\u2606bananaszn|real\n|c| I like Glaceon yay|?\n|c| I like Glaceon yay|oh\n|c|\u2606bananaszn|that version of basc is female locked\n|c|\u2606bananaszn|ya\n|\n|t:|1699819140\n|switch|p1b: Landorus|Landorus-Therian, M|100\/100\n|-ability|p1b: Landorus|Intimidate|boost\n|-unboost|p2a: Michael Phelps|atk|1\n|-unboost|p2b: Gollum|atk|1\n|-terastallize|p2a: Michael Phelps|Ice\n|move|p2a: Michael Phelps|Ice Beam|p1a: Tsareena\n|-supereffective|p1a: Tsareena\n|-damage|p1a: Tsareena|0 fnt\n|faint|p1a: Tsareena\n|move|p2b: Gollum|Play Rough|p1b: Landorus\n|-damage|p1b: Landorus|67\/100\n|\n|-weather|RainDance|[upkeep]\n|upkeep\n|c| I like Glaceon yay|oof\n|c|\u2606Elite.4.Challenger|rip\n|c|\u2606bananaszn|special basc\n|c|\u2606bananaszn|the normal version\n|c|\u2606Elite.4.Challenger|lol\n|c|\u2606bananaszn|but i like to take advantage of last respects\n|c|\u2606bananaszn|so i do phys\n|c| I like Glaceon yay|it seems that basc is used everywhere now\n|\n|t:|1699819176\n|switch|p1a: Zapdos|Zapdos|100\/100\n|turn|4\n|c|\u2606Elite.4.Challenger|the way its meant to be played\n|\n|t:|1699819201\n|switch|p1b: Pelipper|Pelipper, F|100\/100\n|move|p2b: Gollum|Parting Shot|p1a: Zapdos\n|-unboost|p1a: Zapdos|atk|1\n|-unboost|p1a: Zapdos|spa|1\n|c|\u2606bananaszn|yea that might b whats been stopping me\n|\n|t:|1699819207\n|switch|p2b: James Murray|Goodra-Hisui, M|100\/100|[from] Parting Shot\n|move|p2a: Michael Phelps|Ice Beam|p1b: Pelipper\n|-damage|p1b: Pelipper|7\/100\n|move|p1a: Zapdos|Hurricane|p2a: Michael Phelps\n|-damage|p2a: Michael Phelps|35\/100\n|-start|p2a: Michael Phelps|confusion\n|\n|-weather|RainDance|[upkeep]\n|upkeep\n|turn|5\n|c|\u2606bananaszn|but i wanna take advantage of last respects\n|c| I like Glaceon yay|oof\n|c| I like Glaceon yay|confused\n|c|\u2606Elite.4.Challenger|i get offended when people use last respects on female basc\n|c|\u2606Elite.4.Challenger|its just not right\n|c| I like Glaceon yay|\u2026\n|c|\u2606bananaszn|true but the only other option is sand rush houndstone\n|\n|t:|1699819263\n|-activate|p2a: Michael Phelps|confusion\n|move|p2a: Michael Phelps|Ice Beam|p1a: Zapdos\n|-supereffective|p1a: Zapdos\n|-damage|p1a: Zapdos|0 fnt\n|faint|p1a: Zapdos\n|move|p1b: Pelipper|Tailwind|p1b: Pelipper\n|-sidestart|p1: bananaszn|move: Tailwind\n|move|p2b: James Murray|Dragon Pulse|p1b: Pelipper\n|-damage|p1b: Pelipper|0 fnt\n|faint|p1b: Pelipper\n|\n|-weather|RainDance|[upkeep]\n|upkeep\n|\n|t:|1699819271\n|switch|p1a: Basculegion|Basculegion-F, F|100\/100 par\n|switch|p1b: Landorus|Landorus-Therian, M|67\/100\n|-ability|p1b: Landorus|Intimidate|boost\n|-unboost|p2a: Michael Phelps|atk|1\n|-unboost|p2b: James Murray|atk|1\n|turn|6\n|c|\u2606Elite.4.Challenger|true\n|c| I like Glaceon yay|Dragon Energy\n|\n|t:|1699819299\n|move|p1b: Landorus|Earthquake|p2b: James Murray|[spread] p1a,p2a,p2b\n|-supereffective|p2b: James Murray\n|-damage|p1a: Basculegion|43\/100 par\n|-damage|p2a: Michael Phelps|0 fnt\n|-damage|p2b: James Murray|43\/100\n|faint|p2a: Michael Phelps\n|cant|p1a: Basculegion|par\n|move|p2b: James Murray|Dragon Pulse|p1a: Basculegion\n|-damage|p1a: Basculegion|5\/100 par\n|\n|-weather|RainDance|[upkeep]\n|upkeep\n|c|\u2606bananaszn|BRO\n|c|\u2606Elite.4.Challenger|bulky af\n|c|\u2606bananaszn|make a move pretty please\n|\n|t:|1699819331\n|switch|p2a: Gollum|Grimmsnarl, M|100\/100\n|turn|7\n|c|\u2606bananaszn|not even that its just the full para\n|\n|t:|1699819348\n|move|p2a: Gollum|Fake Out|p1b: Landorus\n|-damage|p1b: Landorus|49\/100\n|move|p1a: Basculegion|Aqua Jet|p2b: James Murray\n|-resisted|p2b: James Murray\n|-damage|p2b: James Murray|29\/100\n|cant|p1b: Landorus|flinch\n|move|p2b: James Murray|Dragon Pulse|p1a: Basculegion\n|-damage|p1a: Basculegion|0 fnt\n|faint|p1a: Basculegion\n|\n|-weather|RainDance|[upkeep]\n|upkeep\n|turn|8\n|c|\u2606bananaszn|yikes\n|c|\u2606bananaszn|gg\n|c|\u2606Elite.4.Challenger|gg\n|\n|t:|1699819366\n|move|p2a: Gollum|Parting Shot|p1b: Landorus\n|-unboost|p1b: Landorus|atk|1\n|-unboost|p1b: Landorus|spa|1\n|c|\u2606bananaszn|ima change basc to special and see how it goes\n|\n|t:|1699819371\n|switch|p2a: Kermit the Frog|Politoed, M|100\/100|[from] Parting Shot\n|move|p1b: Landorus|Earthquake|p2b: James Murray|[spread] p2a,p2b\n|-supereffective|p2b: James Murray\n|-damage|p2a: Kermit the Frog|78\/100\n|-damage|p2b: James Murray|0 fnt\n|faint|p2b: James Murray\n|-enditem|p2a: Kermit the Frog|Eject Button\n|c| I like Glaceon yay|ye\n|\n|t:|1699819382\n|switch|p2a: Gollum|Grimmsnarl, M|100\/100\n|\n|-weather|none\n|-sideend|p2: Elite.4.Challenger|Reflect\n|-sideend|p1: bananaszn|move: Tailwind\n|upkeep\n|\n|t:|1699819387\n|switch|p2b: Kermit the Dawg|Toxicroak, M|100\/100\n|turn|9\n|c| I like Glaceon yay|names\n|c| I like Glaceon yay|are nice\n|c|\u2606Elite.4.Challenger|makes me laugh every time i read it\n|\n|t:|1699819423\n|move|p2a: Gollum|Parting Shot|p1b: Landorus\n|-unboost|p1b: Landorus|atk|1\n|-unboost|p1b: Landorus|spa|1\n|\n|t:|1699819426\n|switch|p2a: Kermit the Frog|Politoed, M|78\/100|[from] Parting Shot\n|-weather|RainDance|[from] ability: Drizzle|[of] p2a: Kermit the Frog\n|move|p1b: Landorus|Earthquake|p2a: Kermit the Frog|[spread] p2a,p2b\n|-supereffective|p2b: Kermit the Dawg\n|-damage|p2a: Kermit the Frog|52\/100\n|-damage|p2b: Kermit the Dawg|30\/100\n|move|p2b: Kermit the Dawg|Close Combat|p1b: Landorus\n|-resisted|p1b: Landorus\n|-damage|p1b: Landorus|4\/100\n|-unboost|p2b: Kermit the Dawg|def|1\n|-unboost|p2b: Kermit the Dawg|spd|1\n|-damage|p2b: Kermit the Dawg|20\/100|[from] item: Life Orb\n|\n|-weather|RainDance|[upkeep]\n|-heal|p2b: Kermit the Dawg|32\/100|[from] ability: Dry Skin\n|upkeep\n|turn|10\n|c|\u2606bananaszn|kermit the dawg\n|c| I like Glaceon yay|KERMIT\n|c|\u2606bananaszn|my boy\n|c| I like Glaceon yay|THE\n|\n|t:|1699819445\n|move|p1b: Landorus|Earthquake|p2b: Kermit the Dawg|[spread] p2a,p2b\n|-supereffective|p2b: Kermit the Dawg\n|-damage|p2a: Kermit the Frog|27\/100\n|-damage|p2b: Kermit the Dawg|0 fnt\n|faint|p2b: Kermit the Dawg\n|move|p2a: Kermit the Frog|Surf|p1b: Landorus\n|-supereffective|p1b: Landorus\n|-damage|p1b: Landorus|0 fnt\n|faint|p1b: Landorus\n|\n|win|Elite.4.Challenger\n|raw|bananaszn's rating: 1378 &rarr; <strong>1361<\/strong><br \/>(-17 for losing)\n|raw|Elite.4.Challenger's rating: 1424 &rarr; <strong>1441<\/strong><br \/>(+17 for winning)\n|c| I like Glaceon yay|Kermit won\n|c|\u2606Elite.4.Challenger|look at him\n|c|\u2606Elite.4.Challenger|he's so innocent\n|c|\u2606bananaszn|the silliest little guy\n|c|\u2606Elite.4.Challenger|until he slaughters your family\n|c|\u2606bananaszn|real\n|c| I like Glaceon yay|ye\n|c|\u2606bananaszn|poor lando\n|c|\u2606Elite.4.Challenger|rip lando\n|c|\u2606bananaszn|the toad behind the slaughter\n|c|\u2606Elite.4.Challenger|XD\n|c|\u2606bananaszn|join\n|c| I like Glaceon yay|yay\n|c| I like Glaceon yay|?\n|c|\u2606bananaszn|we running the ladder\n|c|\u2606Elite.4.Challenger|wdym\n|c| I like Glaceon yay|I\u2019m going to play someone noe\n|c| I like Glaceon yay|noe\n|c|\u2606bananaszn|spectate\n|c| I like Glaceon yay|now\n|c|\u2606bananaszn|im pushing ladder\n|c| I like Glaceon yay|ok\n|c| I like Glaceon yay|why can\u2019t i\n|c|\u2606Elite.4.Challenger|bet\n|c|\u2606bananaszn|oh the guy turned it off\n|c|\u2606bananaszn|add me elite 4\n|c|\u2606Elite.4.Challenger|rip\n|c|\u2606Elite.4.Challenger|i got you\n|l|\u2606bananaszn\n|j|\u2606bananaszn\n|player|p1|bananaszn|brycen\n|l|\u2606bananaszn\n|player|p1|\n|l| I like Glaceon yay\n","uploadtime":1699819775,"views":13,"p1id":"bananaszn","p2id":"elite4challenger","formatid":"gen9doublesou","rating":1361,"private":0,"password":""}