{"id":"gen9doublesou-1988771590","p1":"ananymous123213","p2":"Cactuscoolish","format":"[Gen 9] Doubles OU","log":"|j|\u203dananymous123213\n|j|\u2606Cactuscoolish\n|t:|1699761040\n|gametype|doubles\n|player|p1|ananymous123213|170|1687\n|player|p2|Cactuscoolish|fisherman|1713\n|teamsize|p1|6\n|teamsize|p2|6\n|gen|9\n|tier|[Gen 9] Doubles OU\n|rated|\n|rule|Species Clause: Limit one of each Pok\u00e9mon\n|rule|OHKO Clause: OHKO moves are banned\n|rule|Evasion Moves Clause: Evasion moves are banned\n|rule|Gravity Sleep Clause: The combination of sleep-inducing moves with imperfect accuracy and Gravity or Gigantamax Orbeetle are banned\n|rule|Endless Battle Clause: Forcing endless battles is banned\n|rule|HP Percentage Mod: HP is shown in percentages\n|clearpoke\n|poke|p1|Tornadus, M|\n|poke|p1|Iron Hands|\n|poke|p1|Rillaboom, M|\n|poke|p1|Flutter Mane|\n|poke|p1|Ogerpon-Hearthflame, F|\n|poke|p1|Heatran, F|\n|poke|p2|Cresselia, F|\n|poke|p2|Iron Hands|\n|poke|p2|Iron Bundle|\n|poke|p2|Tornadus, M|\n|poke|p2|Landorus-Therian, M|\n|poke|p2|Ogerpon-Hearthflame, F|\n|teampreview\n|inactive|Battle timer is ON: inactive players will automatically lose when time's up. (requested by ananymous123213)\n|\n|t:|1699761061\n|start\n|switch|p1a: Tornadus|Tornadus, M|100\/100\n|switch|p1b: Flutter Mane|Flutter Mane|100\/100\n|switch|p2a: Tornadus|Tornadus, M|100\/100\n|switch|p2b: Landorus|Landorus-Therian, M|100\/100\n|-ability|p2b: Landorus|Intimidate|boost\n|-unboost|p1a: Tornadus|atk|1\n|-unboost|p1b: Flutter Mane|atk|1\n|turn|1\n|inactive|ananymous123213 has 120 seconds left.\n|\n|t:|1699761111\n|move|p1a: Tornadus|Tailwind|p1a: Tornadus\n|-sidestart|p1: ananymous123213|move: Tailwind\n|move|p1b: Flutter Mane|Icy Wind|p2a: Tornadus|[spread] p2a,p2b\n|-supereffective|p2a: Tornadus\n|-crit|p2a: Tornadus\n|-supereffective|p2b: Landorus\n|-damage|p2a: Tornadus|6\/100\n|-damage|p2b: Landorus|33\/100\n|-unboost|p2b: Landorus|spe|1\n|move|p2a: Tornadus|Bleakwind Storm|p1b: Flutter Mane|[spread] p1a,p1b\n|-damage|p1a: Tornadus|58\/100\n|-damage|p1b: Flutter Mane|64\/100\n|-unboost|p1a: Tornadus|spe|1\n|move|p2b: Landorus|Rock Slide|p1b: Flutter Mane|[spread] p1a,p1b\n|-supereffective|p1a: Tornadus\n|-damage|p1a: Tornadus|21\/100\n|-damage|p1b: Flutter Mane|26\/100\n|-enditem|p1a: Tornadus|Sitrus Berry|[eat]\n|-heal|p1a: Tornadus|46\/100|[from] item: Sitrus Berry\n|\n|upkeep\n|turn|2\n|inactive|ananymous123213 has 120 seconds left.\n|inactive|Cactuscoolish has 120 seconds left.\n|\n|t:|1699761141\n|switch|p2a: Iron Hands|Iron Hands|100\/100\n|move|p1a: Tornadus|Sunny Day|p1a: Tornadus\n|-weather|SunnyDay\n|-activate|p1b: Flutter Mane|ability: Protosynthesis\n|-start|p1b: Flutter Mane|protosynthesisspa\n|move|p1b: Flutter Mane|Icy Wind|p2b: Landorus|[spread] p2a,p2b\n|-supereffective|p2b: Landorus\n|-damage|p2a: Iron Hands|76\/100\n|-damage|p2b: Landorus|0 fnt\n|-unboost|p2a: Iron Hands|spe|1\n|faint|p2b: Landorus\n|\n|-weather|SunnyDay|[upkeep]\n|-heal|p2a: Iron Hands|82\/100|[from] item: Leftovers\n|upkeep\n|inactive|Cactuscoolish has 120 seconds left.\n|\n|t:|1699761155\n|switch|p2b: Iron Bundle|Iron Bundle|100\/100\n|turn|3\n|\n|t:|1699761165\n|move|p2b: Iron Bundle|Protect|p2b: Iron Bundle\n|-singleturn|p2b: Iron Bundle|Protect\n|move|p1b: Flutter Mane|Icy Wind|p2b: Iron Bundle|[spread] p2a\n|-activate|p2b: Iron Bundle|move: Protect\n|-damage|p2a: Iron Hands|55\/100\n|-unboost|p2a: Iron Hands|spe|1\n|move|p1a: Tornadus|Bleakwind Storm|p2b: Iron Bundle|[spread] p2a\n|-activate|p2b: Iron Bundle|move: Protect\n|-damage|p2a: Iron Hands|27\/100\n|-unboost|p2a: Iron Hands|spe|1\n|move|p2a: Iron Hands|Thunder Punch|p1a: Tornadus\n|-supereffective|p1a: Tornadus\n|-damage|p1a: Tornadus|0 fnt\n|faint|p1a: Tornadus\n|\n|-weather|SunnyDay|[upkeep]\n|-heal|p2a: Iron Hands|34\/100|[from] item: Leftovers\n|upkeep\n|j| kingifty113\n|\n|t:|1699761180\n|switch|p1a: Rillaboom|Rillaboom, M|100\/100\n|-fieldstart|move: Grassy Terrain|[from] ability: Grassy Surge|[of] p1a: Rillaboom\n|turn|4\n|\n|t:|1699761191\n|-end|p2b: Iron Bundle|Quark Drive|[silent]\n|switch|p2b: Cresselia|Cresselia, F|100\/100\n|move|p1a: Rillaboom|Grassy Glide|p2b: Cresselia\n|-damage|p2b: Cresselia|78\/100\n|move|p1b: Flutter Mane|Icy Wind|p2a: Iron Hands|[spread] p2a,p2b\n|-damage|p2a: Iron Hands|7\/100\n|-damage|p2b: Cresselia|60\/100\n|-unboost|p2a: Iron Hands|spe|1\n|-unboost|p2b: Cresselia|spe|1\n|move|p2a: Iron Hands|Thunder Punch|p1b: Flutter Mane\n|-damage|p1b: Flutter Mane|0 fnt\n|faint|p1b: Flutter Mane\n|-end|p1b: Flutter Mane|Protosynthesis|[silent]\n|\n|-weather|SunnyDay|[upkeep]\n|-heal|p2b: Cresselia|66\/100|[from] item: Leftovers\n|-heal|p2a: Iron Hands|13\/100|[from] Grassy Terrain\n|-heal|p2a: Iron Hands|20\/100|[from] item: Leftovers\n|-sideend|p1: ananymous123213|move: Tailwind\n|upkeep\n|j| DarkNoms Official\n|\n|t:|1699761208\n|switch|p1b: Ogerpon|Ogerpon-Hearthflame, F|100\/100\n|-ability|p1b: Ogerpon|Mold Breaker\n|turn|5\n|\n|t:|1699761237\n|move|p2b: Cresselia|Ally Switch|p2b: Cresselia\n|swap|p2b: Cresselia|0|[from] move: Ally Switch\n|move|p1a: Rillaboom|Grassy Glide|p2a: Cresselia\n|-damage|p2a: Cresselia|41\/100\n|move|p1b: Ogerpon|Ivy Cudgel|p2b: Iron Hands\n|-damage|p2b: Iron Hands|0 fnt\n|faint|p2b: Iron Hands\n|-end|p2b: Iron Hands|Quark Drive|[silent]\n|\n|-weather|SunnyDay|[upkeep]\n|-heal|p2a: Cresselia|48\/100|[from] item: Leftovers\n|upkeep\n|inactive|Cactuscoolish has 120 seconds left.\n|\n|t:|1699761247\n|switch|p2b: Tornadus|Tornadus, M|6\/100\n|turn|6\n|\n|t:|1699761258\n|move|p2b: Tornadus|Tailwind|p2b: Tornadus\n|-sidestart|p2: Cactuscoolish|move: Tailwind\n|move|p1b: Ogerpon|Grassy Glide|p2a: Cresselia\n|-damage|p2a: Cresselia|22\/100\n|move|p1a: Rillaboom|Grassy Glide|p2b: Tornadus\n|-resisted|p2b: Tornadus\n|-damage|p2b: Tornadus|0 fnt\n|faint|p2b: Tornadus\n|move|p2a: Cresselia|Thunder Wave|p1b: Ogerpon\n|-status|p1b: Ogerpon|par\n|\n|-weather|none\n|-heal|p2a: Cresselia|28\/100|[from] item: Leftovers\n|upkeep\n|\n|t:|1699761270\n|switch|p2b: Ogerpon|Ogerpon-Hearthflame, F|100\/100\n|-ability|p2b: Ogerpon|Mold Breaker\n|turn|7\n|inactive|ananymous123213 has 120 seconds left.\n|inactive|Cactuscoolish has 120 seconds left.\n|\n|t:|1699761312\n|-terastallize|p2b: Ogerpon|Fire\n|detailschange|p2b: Ogerpon|Ogerpon-Hearthflame-Tera, F, tera:Fire\n|-ability|p2b: Ogerpon|Embody Aspect (Hearthflame)|boost\n|-boost|p2b: Ogerpon|atk|1\n|-terastallize|p1b: Ogerpon|Fire\n|detailschange|p1b: Ogerpon|Ogerpon-Hearthflame-Tera, F, tera:Fire\n|-ability|p1b: Ogerpon|Embody Aspect (Hearthflame)|boost\n|-boost|p1b: Ogerpon|atk|1\n|move|p1a: Rillaboom|Grassy Glide|p2a: Cresselia\n|-damage|p2a: Cresselia|5\/100\n|move|p2b: Ogerpon|Ivy Cudgel|p1a: Rillaboom\n|-supereffective|p1a: Rillaboom\n|-crit|p1a: Rillaboom\n|-damage|p1a: Rillaboom|0 fnt\n|faint|p1a: Rillaboom\n|move|p2a: Cresselia|Lunar Blessing|p2a: Cresselia|[spread] p2a,p2b\n|-heal|p2a: Cresselia|30\/100\n|cant|p1b: Ogerpon|par\n|\n|-heal|p2a: Cresselia|37\/100|[from] item: Leftovers\n|upkeep\n|inactive|ananymous123213 has 120 seconds left.\n|\n|t:|1699761336\n|switch|p1a: Heatran|Heatran, F|100\/100\n|turn|8\n|inactive|ananymous123213 has 120 seconds left.\n|inactive|Cactuscoolish has 120 seconds left.\n|\n|t:|1699761361\n|move|p2a: Cresselia|Ally Switch|p2a: Cresselia\n|swap|p2a: Cresselia|1|[from] move: Ally Switch\n|move|p1b: Ogerpon|Grassy Glide|p2a: Ogerpon\n|-resisted|p2a: Ogerpon\n|-damage|p2a: Ogerpon|57\/100\n|move|p2a: Ogerpon|Superpower|p1a: Heatran\n|-supereffective|p1a: Heatran\n|-damage|p1a: Heatran|0 fnt\n|-unboost|p2a: Ogerpon|atk|1\n|-unboost|p2a: Ogerpon|def|1\n|faint|p1a: Heatran\n|\n|-heal|p2a: Ogerpon|63\/100|[from] Grassy Terrain\n|-heal|p2b: Cresselia|43\/100|[from] item: Leftovers\n|-fieldend|move: Grassy Terrain\n|upkeep\n|\n|t:|1699761370\n|switch|p1a: Iron Hands|Iron Hands|100\/100\n|turn|9\n|inactive|Cactuscoolish has 120 seconds left.\n|inactive|ananymous123213 has 120 seconds left.\n|\n|t:|1699761404\n|move|p2a: Ogerpon|Protect|p2a: Ogerpon\n|-singleturn|p2a: Ogerpon|Protect\n|move|p2b: Cresselia|Lunar Blessing|p2b: Cresselia|[spread] p2a,p2b\n|-heal|p2a: Ogerpon|88\/100\n|-heal|p2b: Cresselia|68\/100\n|cant|p1b: Ogerpon|par\n|move|p1a: Iron Hands|Swords Dance|p1a: Iron Hands\n|-boost|p1a: Iron Hands|atk|2\n|\n|-heal|p2b: Cresselia|74\/100|[from] item: Leftovers\n|-sideend|p2: Cactuscoolish|move: Tailwind\n|upkeep\n|turn|10\n|\n|t:|1699761417\n|switch|p2a: Iron Bundle|Iron Bundle|100\/100\n|move|p1b: Ogerpon|Ivy Cudgel|p2b: Cresselia\n|-damage|p2b: Cresselia|4\/100\n|move|p1a: Iron Hands|Drain Punch|p2a: Iron Bundle\n|-supereffective|p2a: Iron Bundle\n|-enditem|p2a: Iron Bundle|Focus Sash\n|-damage|p2a: Iron Bundle|1\/100\n|move|p2b: Cresselia|Dazzling Gleam|p1a: Iron Hands|[spread] p1a,p1b\n|-supereffective|p1a: Iron Hands\n|-resisted|p1b: Ogerpon\n|-damage|p1a: Iron Hands|85\/100\n|-damage|p1b: Ogerpon|95\/100 par\n|\n|-heal|p2b: Cresselia|10\/100|[from] item: Leftovers\n|upkeep\n|turn|11\n|\n|t:|1699761437\n|move|p2a: Iron Bundle|Protect|p2a: Iron Bundle\n|-singleturn|p2a: Iron Bundle|Protect\n|move|p1b: Ogerpon|Spiky Shield|p1b: Ogerpon\n|-singleturn|p1b: Ogerpon|move: Protect\n|move|p1a: Iron Hands|Drain Punch|p2a: Iron Bundle\n|-activate|p2a: Iron Bundle|move: Protect\n|move|p2b: Cresselia|Dazzling Gleam|p1b: Ogerpon|[spread] p1a\n|-activate|p1b: Ogerpon|move: Protect\n|-supereffective|p1a: Iron Hands\n|-crit|p1a: Iron Hands\n|-damage|p1a: Iron Hands|64\/100\n|\n|-heal|p2b: Cresselia|16\/100|[from] item: Leftovers\n|upkeep\n|turn|12\n|\n|t:|1699761451\n|cant|p1b: Ogerpon|par\n|move|p2b: Cresselia|Ally Switch|p2b: Cresselia\n|swap|p2b: Cresselia|0|[from] move: Ally Switch\n|move|p2b: Iron Bundle|Hydro Pump|p1b: Ogerpon\n|-supereffective|p1b: Ogerpon\n|-damage|p1b: Ogerpon|0 fnt\n|faint|p1b: Ogerpon\n|move|p1a: Iron Hands|Drain Punch|p2a: Cresselia\n|-resisted|p2a: Cresselia\n|-damage|p2a: Cresselia|0 fnt\n|-heal|p1a: Iron Hands|71\/100|[from] drain|[of] p2a: Cresselia\n|faint|p2a: Cresselia\n|\n|upkeep\n|\n|t:|1699761466\n|switch|p2a: Ogerpon|Ogerpon-Hearthflame-Tera, F, tera:Fire|88\/100\n|-ability|p2a: Ogerpon|Embody Aspect (Hearthflame)|boost\n|-boost|p2a: Ogerpon|atk|1\n|turn|13\n|\n|t:|1699761477\n|move|p2b: Iron Bundle|Freeze-Dry|p1a: Iron Hands\n|-damage|p1a: Iron Hands|48\/100\n|-enditem|p1a: Iron Hands|Sitrus Berry|[eat]\n|-heal|p1a: Iron Hands|73\/100|[from] item: Sitrus Berry\n|move|p2a: Ogerpon|Ivy Cudgel|p1a: Iron Hands\n|-damage|p1a: Iron Hands|0 fnt\n|faint|p1a: Iron Hands\n|-end|p1a: Iron Hands|Quark Drive|[silent]\n|\n|win|Cactuscoolish\n|raw|ananymous123213's rating: 1687 &rarr; <strong>1668<\/strong><br \/>(-19 for losing)\n|raw|Cactuscoolish's rating: 1713 &rarr; <strong>1732<\/strong><br \/>(+19 for winning)\n|l|\u203dananymous123213\n|l|\u2606Cactuscoolish\n","uploadtime":1699761774,"views":18,"p1id":"ananymous123213","p2id":"cactuscoolish","formatid":"gen9doublesou","rating":1668,"private":0,"password":""}