{"id":"gen9doublesou-1997282605","p1":"Boyca","p2":"qwertydj","format":"[Gen 9] Doubles OU","log":"|j|\u2606Boyca\n|j|\u2606qwertydj\n|inactive|Battle timer is ON: inactive players will automatically lose when time's up.\n|t:|1700784314\n|gametype|doubles\n|player|p1|Boyca|clown|\n|player|p2|qwertydj|hoopster|\n|teamsize|p1|6\n|teamsize|p2|6\n|gen|9\n|tier|[Gen 9] Doubles OU\n|rated|Tournament battle\n|rule|Species Clause: Limit one of each Pok\u00e9mon\n|rule|OHKO Clause: OHKO moves are banned\n|rule|Evasion Moves Clause: Evasion moves are banned\n|rule|Gravity Sleep Clause: The combination of sleep-inducing moves with imperfect accuracy and Gravity or Gigantamax Orbeetle are banned\n|rule|Endless Battle Clause: Forcing endless battles is banned\n|rule|HP Percentage Mod: HP is shown in percentages\n|clearpoke\n|poke|p1|Bronzong|\n|poke|p1|Hippowdon, M|\n|poke|p1|Morgrem, M|\n|poke|p1|Gothorita, M|\n|poke|p1|Gastrodon, M|\n|poke|p1|Luxray, M|\n|poke|p2|Braviary, M|\n|poke|p2|Noctowl, M|\n|poke|p2|Maushold-Four|\n|poke|p2|Noivern, F|\n|poke|p2|Tyranitar, M|\n|poke|p2|Dachsbun, M|\n|teampreview\n|j|*Lady Monita \u2746\n|c|\u2606qwertydj|hi gl hf\n|c|\u2606Boyca|gl\n|inactive|Boyca has 120 seconds left.\n|inactive|qwertydj has 120 seconds left.\n|\n|t:|1700784357\n|start\n|switch|p1a: Luxray|Luxray, M|100\/100\n|switch|p1b: Bronzong|Bronzong|100\/100\n|switch|p2a: Braviary|Braviary, M, shiny|100\/100\n|switch|p2b: Noctowl|Noctowl, M|100\/100\n|-ability|p1a: Luxray|Intimidate|boost\n|-unboost|p2a: Braviary|atk|1\n|-ability|p2a: Braviary|Defiant|boost\n|-boost|p2a: Braviary|atk|2\n|-unboost|p2b: Noctowl|atk|1\n|-item|p1a: Luxray|Air Balloon\n|turn|1\n|inactive|Boyca has 120 seconds left.\n|\n|t:|1700784391\n|move|p2a: Braviary|Tailwind|p2a: Braviary\n|-sidestart|p2: qwertydj|move: Tailwind\n|move|p2b: Noctowl|Heat Wave|p1a: Luxray|[spread] p1a,p1b\n|-supereffective|p1b: Bronzong\n|-damage|p1a: Luxray|68\/100\n|-damage|p1b: Bronzong|43\/100\n|-enditem|p1a: Luxray|Air Balloon\n|-enditem|p1b: Bronzong|Sitrus Berry|[eat]\n|-heal|p1b: Bronzong|68\/100|[from] item: Sitrus Berry\n|move|p1a: Luxray|Volt Switch|p2a: Braviary\n|-supereffective|p2a: Braviary\n|-damage|p2a: Braviary|46\/100\n|inactive|Boyca has 120 seconds left.\n|\n|t:|1700784410\n|switch|p1a: Hippowdon|Hippowdon, M|100\/100|[from] Volt Switch\n|-weather|Sandstorm|[from] ability: Sand Stream|[of] p1a: Hippowdon\n|move|p1b: Bronzong|Trick Room|p1b: Bronzong\n|-fieldstart|move: Trick Room|[of] p1b: Bronzong\n|\n|-weather|Sandstorm|[upkeep]\n|-damage|p2b: Noctowl|94\/100|[from] Sandstorm\n|-damage|p2a: Braviary|40\/100|[from] Sandstorm\n|upkeep\n|turn|2\n|inactive|Boyca has 120 seconds left.\n|inactive|qwertydj has 120 seconds left.\n|\n|t:|1700784444\n|move|p1b: Bronzong|Body Press|p2a: Braviary\n|-damage|p2a: Braviary|5\/100\n|move|p1a: Hippowdon|Rock Slide|p2a: Braviary|[spread] p2a,p2b\n|-supereffective|p2a: Braviary\n|-supereffective|p2b: Noctowl\n|-damage|p2a: Braviary|0 fnt\n|-damage|p2b: Noctowl|39\/100\n|faint|p2a: Braviary\n|move|p2b: Noctowl|Heat Wave|p1a: Hippowdon|[spread] p1a,p1b\n|-supereffective|p1b: Bronzong\n|-damage|p1a: Hippowdon|69\/100\n|-damage|p1b: Bronzong|12\/100\n|\n|-weather|Sandstorm|[upkeep]\n|-damage|p2b: Noctowl|33\/100|[from] Sandstorm\n|upkeep\n|inactive|qwertydj has 120 seconds left.\n|\n|t:|1700784464\n|switch|p2a: Tyranitar|Tyranitar, M|100\/100\n|-ability|p2a: Tyranitar|Unnerve\n|turn|3\n|inactive|qwertydj has 120 seconds left.\n|\n|t:|1700784475\n|-terastallize|p2a: Tyranitar|Ghost\n|move|p1b: Bronzong|Body Press|p2b: Noctowl\n|-damage|p2b: Noctowl|0 fnt\n|faint|p2b: Noctowl\n|move|p1a: Hippowdon|Earthquake|p2a: Tyranitar|[spread] p2a\n|-immune|p1b: Bronzong|[from] ability: Levitate\n|-damage|p2a: Tyranitar|59\/100\n|move|p2a: Tyranitar|Ice Punch|p1a: Hippowdon\n|-supereffective|p1a: Hippowdon\n|-damage|p1a: Hippowdon|25\/100\n|-status|p1a: Hippowdon|frz\n|\n|-weather|Sandstorm|[upkeep]\n|-damage|p2a: Tyranitar|53\/100|[from] Sandstorm\n|-heal|p2a: Tyranitar|59\/100|[from] item: Leftovers\n|upkeep\n|inactive|qwertydj has 120 seconds left.\n|\n|t:|1700784488\n|switch|p2b: Dachsbun|Dachsbun, M, shiny|100\/100\n|turn|4\n|\n|t:|1700784506\n|switch|p1a: Luxray|Luxray, M|68\/100\n|-ability|p1a: Luxray|Intimidate|boost\n|-unboost|p2a: Tyranitar|atk|1\n|-unboost|p2b: Dachsbun|atk|1\n|move|p1b: Bronzong|Gyro Ball|p2b: Dachsbun\n|-supereffective|p2b: Dachsbun\n|-damage|p2b: Dachsbun|0 fnt\n|faint|p2b: Dachsbun\n|move|p2a: Tyranitar|Dragon Dance|p2a: Tyranitar\n|-boost|p2a: Tyranitar|atk|1\n|-boost|p2a: Tyranitar|spe|1\n|\n|-weather|Sandstorm|[upkeep]\n|-damage|p1a: Luxray|62\/100|[from] Sandstorm\n|-damage|p2a: Tyranitar|53\/100|[from] Sandstorm\n|-heal|p2a: Tyranitar|59\/100|[from] item: Leftovers\n|-sideend|p2: qwertydj|move: Tailwind\n|upkeep\n|j| Birdhouse8989\n|\n|t:|1700784516\n|switch|p2b: Noivern|Noivern, F|100\/100\n|turn|5\n|l| Birdhouse8989\n|\n|t:|1700784536\n|move|p1b: Bronzong|Gyro Ball|p2a: Tyranitar\n|-damage|p2a: Tyranitar|18\/100\n|move|p1a: Luxray|Snarl|p2a: Tyranitar|[spread] p2a,p2b\n|-supereffective|p2a: Tyranitar\n|-crit|p2a: Tyranitar\n|-damage|p2a: Tyranitar|0 fnt\n|-damage|p2b: Noivern|89\/100\n|-unboost|p2b: Noivern|spa|1\n|faint|p2a: Tyranitar\n|move|p2b: Noivern|Boomburst|p1b: Bronzong|[spread] p1a,p1b\n|-crit|p1a: Luxray\n|-resisted|p1b: Bronzong\n|-damage|p1a: Luxray|0 fnt\n|-damage|p1b: Bronzong|0 fnt\n|faint|p1a: Luxray\n|faint|p1b: Bronzong\n|\n|-weather|none\n|-fieldend|move: Trick Room\n|upkeep\n|\n|t:|1700784564\n|switch|p1a: Morgrem|Morgrem, M|100\/100\n|switch|p2a: Maushold|Maushold-Four|100\/100\n|switch|p1b: Gastrodon|Gastrodon, M|100\/100\n|turn|6\n|\n|t:|1700784588\n|move|p1a: Morgrem|Fake Out|p2a: Maushold\n|-damage|p2a: Maushold|92\/100\n|move|p2b: Noivern|Boomburst|p1b: Gastrodon|[spread] p2a,p1a,p1b\n|-damage|p2a: Maushold|48\/100\n|-damage|p1a: Morgrem|43\/100\n|-damage|p1b: Gastrodon|72\/100\n|cant|p2a: Maushold|flinch\n|move|p1b: Gastrodon|Ice Beam|p2b: Noivern\n|-supereffective|p2b: Noivern\n|-damage|p2b: Noivern|0 fnt\n|faint|p2b: Noivern\n|-damage|p1b: Gastrodon|62\/100|[from] item: Life Orb\n|\n|upkeep\n|turn|7\n|\n|t:|1700784609\n|move|p1a: Morgrem|Parting Shot|p2a: Maushold\n|-unboost|p2a: Maushold|atk|1\n|-unboost|p2a: Maushold|spa|1\n|\n|t:|1700784619\n|switch|p1a: Gothorita|Gothorita, M|100\/100|[from] Parting Shot\n|-item|p2a: Maushold|Wide Lens|[from] ability: Frisk|[of] p1a: Gothorita|[identify]\n|move|p2a: Maushold|Bullet Seed|p1b: Gastrodon\n|-supereffective|p1b: Gastrodon\n|-damage|p1b: Gastrodon|34\/100\n|-supereffective|p1b: Gastrodon\n|-damage|p1b: Gastrodon|8\/100\n|-supereffective|p1b: Gastrodon\n|-damage|p1b: Gastrodon|0 fnt\n|faint|p1b: Gastrodon\n|-hitcount|p1: Gastrodon|3\n|\n|upkeep\n|inactive|Boyca has 120 seconds left.\n|\n|t:|1700784634\n|switch|p1b: Morgrem|Morgrem, M|43\/100\n|turn|8\n|\n|t:|1700784648\n|move|p1a: Gothorita|Fake Out|p2a: Maushold\n|-damage|p2a: Maushold|40\/100\n|cant|p2a: Maushold|flinch\n|move|p1b: Morgrem|Dark Pulse|p2a: Maushold\n|-damage|p2a: Maushold|0 fnt\n|faint|p2a: Maushold\n|\n|win|Boyca\n|n|\u2606Boyca|boyca\n|n|\u2606qwertydj|qwertydj\n|n|*Lady Monita \u2746|ladymonita\n","uploadtime":1700784649,"views":6,"p1id":"boyca","p2id":"qwertydj","formatid":"gen9doublesou","rating":0,"private":0,"password":""}