{"id":"gen9doublesou-1976791697","p1":"cotesmcgotes","p2":"Silverrey","format":"[Gen 9] Doubles OU","log":"|j|\u2606cotesmcgotes\n|j|\u2606Silverrey\n|t:|1698341688\n|gametype|doubles\n|player|p1|cotesmcgotes|flannery|1362\n|player|p2|Silverrey|acetrainer-gen4|1482\n|teamsize|p1|6\n|teamsize|p2|6\n|gen|9\n|tier|[Gen 9] Doubles OU\n|rated|\n|rule|Species Clause: Limit one of each Pok\u00e9mon\n|rule|OHKO Clause: OHKO moves are banned\n|rule|Evasion Moves Clause: Evasion moves are banned\n|rule|Gravity Sleep Clause: The combination of sleep-inducing moves with imperfect accuracy and Gravity or Gigantamax Orbeetle are banned\n|rule|Endless Battle Clause: Forcing endless battles is banned\n|rule|HP Percentage Mod: HP is shown in percentages\n|clearpoke\n|poke|p1|Manaphy|\n|poke|p1|Espathra, F|\n|poke|p1|Goodra-Hisui, F|\n|poke|p1|Ursaluna-Bloodmoon, M|\n|poke|p1|Ogerpon-Hearthflame, F|\n|poke|p1|Chien-Pao|\n|poke|p2|Chi-Yu|\n|poke|p2|Sinistcha|\n|poke|p2|Grimmsnarl, M|\n|poke|p2|Flutter Mane|\n|poke|p2|Ogerpon-Hearthflame, F|\n|poke|p2|Torkoal, M|\n|teampreview\n|inactive|Battle timer is ON: inactive players will automatically lose when time's up. (requested by Silverrey)\n|\n|t:|1698341702\n|start\n|switch|p1a: Ursaluna|Ursaluna-Bloodmoon, M|100\/100\n|switch|p1b: Ogerpon|Ogerpon-Hearthflame, F|100\/100\n|switch|p2a: Torkoal|Torkoal, M|100\/100\n|switch|p2b: Sinistcha|Sinistcha|100\/100\n|-ability|p1b: Ogerpon|Mold Breaker\n|-weather|SunnyDay|[from] ability: Drought|[of] p2a: Torkoal\n|turn|1\n|\n|t:|1698341717\n|switch|p2b: Chi-Yu|Chi-Yu|100\/100\n|-ability|p2b: Chi-Yu|Beads of Ruin\n|move|p1b: Ogerpon|Spiky Shield|p1b: Ogerpon\n|-singleturn|p1b: Ogerpon|move: Protect\n|move|p1a: Ursaluna|Earth Power|p2a: Torkoal\n|-supereffective|p2a: Torkoal\n|-damage|p2a: Torkoal|0 fnt\n|faint|p2a: Torkoal\n|\n|-weather|SunnyDay|[upkeep]\n|upkeep\n|\n|t:|1698341724\n|switch|p2a: Grimmsnarl|Grimmsnarl, M|100\/100\n|turn|2\n|\n|t:|1698341737\n|-terastallize|p2b: Chi-Yu|Dark\n|move|p2a: Grimmsnarl|Fake Out|p1b: Ogerpon\n|-damage|p1b: Ogerpon|81\/100\n|cant|p1b: Ogerpon|flinch\n|move|p2b: Chi-Yu|Snarl|p1a: Ursaluna|[spread] p1a,p1b\n|-damage|p1a: Ursaluna|70\/100\n|-damage|p1b: Ogerpon|35\/100\n|-unboost|p1a: Ursaluna|spa|1\n|-unboost|p1b: Ogerpon|spa|1\n|move|p1a: Ursaluna|Earth Power|p2b: Chi-Yu\n|-damage|p2b: Chi-Yu|56\/100\n|\n|-weather|SunnyDay|[upkeep]\n|upkeep\n|turn|3\n|\n|t:|1698341754\n|move|p2a: Grimmsnarl|Reflect|p2a: Grimmsnarl\n|-sidestart|p2: Silverrey|Reflect\n|move|p1a: Ursaluna|Vacuum Wave|p2b: Chi-Yu\n|-supereffective|p2b: Chi-Yu\n|-damage|p2b: Chi-Yu|30\/100\n|move|p1b: Ogerpon|Ivy Cudgel|p2b: Chi-Yu\n|-crit|p2b: Chi-Yu\n|-damage|p2b: Chi-Yu|0 fnt\n|faint|p2b: Chi-Yu\n|\n|-weather|SunnyDay|[upkeep]\n|upkeep\n|\n|t:|1698341760\n|switch|p2b: Ogerpon|Ogerpon-Hearthflame, F|100\/100\n|-ability|p2b: Ogerpon|Mold Breaker\n|turn|4\n|\n|t:|1698341775\n|switch|p1a: Goodra|Goodra-Hisui, F|100\/100\n|move|p2a: Grimmsnarl|Light Screen|p2a: Grimmsnarl\n|-sidestart|p2: Silverrey|move: Light Screen\n|move|p1b: Ogerpon|Ivy Cudgel|p2b: Ogerpon\n|-damage|p2b: Ogerpon|24\/100\n|move|p2b: Ogerpon|Ivy Cudgel|p1a: Goodra\n|-damage|p1a: Goodra|14\/100\n|\n|-weather|SunnyDay|[upkeep]\n|-heal|p1a: Goodra|20\/100|[from] item: Leftovers\n|upkeep\n|turn|5\n|\n|t:|1698341802\n|move|p1b: Ogerpon|Ivy Cudgel|p2a: Grimmsnarl\n|-crit|p2a: Grimmsnarl\n|-damage|p2a: Grimmsnarl|0 fnt\n|faint|p2a: Grimmsnarl\n|move|p2b: Ogerpon|Ivy Cudgel|p1b: Ogerpon\n|-damage|p1b: Ogerpon|0 fnt\n|faint|p1b: Ogerpon\n|move|p1a: Goodra|Life Dew|p1a: Goodra\n|-heal|p1a: Goodra|45\/100\n|\n|-weather|none\n|-heal|p1a: Goodra|51\/100|[from] item: Leftovers\n|upkeep\n|\n|t:|1698341811\n|switch|p1b: Chien-Pao|Chien-Pao|100\/100\n|switch|p2a: Flutter Mane|Flutter Mane|100\/100\n|-ability|p1b: Chien-Pao|Sword of Ruin\n|turn|6\n|\n|t:|1698341824\n|move|p2b: Ogerpon|Spiky Shield|p2b: Ogerpon\n|-singleturn|p2b: Ogerpon|move: Protect\n|move|p1b: Chien-Pao|Crunch|p2b: Ogerpon\n|-activate|p2b: Ogerpon|move: Protect\n|-damage|p1b: Chien-Pao|88\/100|[from] Spiky Shield|[of] p2b: Ogerpon\n|move|p2a: Flutter Mane|Dazzling Gleam|p1a: Goodra|[spread] p1a,p1b\n|-supereffective|p1b: Chien-Pao\n|-damage|p1a: Goodra|26\/100\n|-damage|p1b: Chien-Pao|0 fnt\n|faint|p1b: Chien-Pao\n|move|p1a: Goodra|Iron Head|p2a: Flutter Mane\n|-supereffective|p2a: Flutter Mane\n|-damage|p2a: Flutter Mane|27\/100\n|\n|-heal|p1a: Goodra|32\/100|[from] item: Leftovers\n|upkeep\n|\n|t:|1698341837\n|switch|p1b: Ursaluna|Ursaluna-Bloodmoon, M|70\/100\n|turn|7\n|\n|t:|1698341850\n|-terastallize|p1b: Ursaluna|Fairy\n|move|p2a: Flutter Mane|Dazzling Gleam|p1a: Goodra|[spread] p1a,p1b\n|-damage|p1a: Goodra|9\/100\n|-damage|p1b: Ursaluna|34\/100\n|move|p2b: Ogerpon|Horn Leech|p1b: Ursaluna\n|-damage|p1b: Ursaluna|5\/100\n|-heal|p2b: Ogerpon|45\/100|[from] drain|[of] p1b: Ursaluna\n|move|p1a: Goodra|Iron Head|p2a: Flutter Mane\n|-supereffective|p2a: Flutter Mane\n|-damage|p2a: Flutter Mane|0 fnt\n|faint|p2a: Flutter Mane\n|-end|p2a: Flutter Mane|Protosynthesis|[silent]\n|move|p1b: Ursaluna|Earth Power|p2b: Ogerpon\n|-crit|p2b: Ogerpon\n|-damage|p2b: Ogerpon|0 fnt\n|faint|p2b: Ogerpon\n|\n|-heal|p1a: Goodra|15\/100|[from] item: Leftovers\n|upkeep\n|\n|t:|1698341859\n|switch|p2b: Sinistcha|Sinistcha|100\/100\n|turn|8\n|\n|t:|1698341866\n|move|p2b: Sinistcha|Scald|p1b: Ursaluna\n|-damage|p1b: Ursaluna|0 fnt\n|faint|p1b: Ursaluna\n|-damage|p2b: Sinistcha|91\/100|[from] item: Life Orb\n|move|p1a: Goodra|Life Dew|p1a: Goodra\n|-heal|p1a: Goodra|40\/100\n|\n|-heal|p1a: Goodra|46\/100|[from] item: Leftovers\n|upkeep\n|\n|t:|1698341873\n|switch|p1b: Espathra|Espathra, F|100\/100\n|turn|9\n|\n|t:|1698341882\n|move|p1b: Espathra|Lumina Crash|p2b: Sinistcha\n|-damage|p2b: Sinistcha|56\/100\n|-unboost|p2b: Sinistcha|spd|2\n|move|p2b: Sinistcha|Scald|p1b: Espathra\n|-damage|p1b: Espathra|52\/100\n|-damage|p2b: Sinistcha|46\/100|[from] item: Life Orb\n|move|p1a: Goodra|Life Dew|p1a: Goodra|[spread] p1a,p1b\n|-heal|p1a: Goodra|71\/100\n|-heal|p1b: Espathra|77\/100\n|\n|-heal|p1a: Goodra|77\/100|[from] item: Leftovers\n|-ability|p1b: Espathra|Speed Boost|boost\n|-boost|p1b: Espathra|spe|1\n|upkeep\n|turn|10\n|\n|t:|1698341892\n|move|p1b: Espathra|Lumina Crash|p2b: Sinistcha\n|-damage|p2b: Sinistcha|0 fnt\n|faint|p2b: Sinistcha\n|\n|win|cotesmcgotes\n|raw|cotesmcgotes's rating: 1362 &rarr; <strong>1389<\/strong><br \/>(+27 for winning)\n|raw|Silverrey's rating: 1482 &rarr; <strong>1455<\/strong><br \/>(-27 for losing)\n|l|\u2606Silverrey\n","uploadtime":1698341898,"views":11,"p1id":"cotesmcgotes","p2id":"silverrey","formatid":"gen9doublesou","rating":1389,"private":0,"password":""}