{"id":"gen9doublesou-1989971001","p1":"halstar","p2":"gonegeb","format":"[Gen 9] Doubles OU","log":"|j|\u2606halstar\n|j|\u2606gonegeb\n|t:|1699911331\n|gametype|doubles\n|player|p1|halstar|cyrus|1016\n|player|p2|gonegeb|alain|1110\n|teamsize|p1|6\n|teamsize|p2|6\n|gen|9\n|tier|[Gen 9] Doubles OU\n|rated|\n|rule|Species Clause: Limit one of each Pok\u00e9mon\n|rule|OHKO Clause: OHKO moves are banned\n|rule|Evasion Moves Clause: Evasion moves are banned\n|rule|Gravity Sleep Clause: The combination of sleep-inducing moves with imperfect accuracy and Gravity or Gigantamax Orbeetle are banned\n|rule|Endless Battle Clause: Forcing endless battles is banned\n|rule|HP Percentage Mod: HP is shown in percentages\n|clearpoke\n|poke|p1|Rabsca, F|\n|poke|p1|Flutter Mane|\n|poke|p1|Regieleki|\n|poke|p1|Azelf|\n|poke|p1|Golem-Alola, F|\n|poke|p1|Weezing-Galar, F|\n|poke|p2|Lucario, M|\n|poke|p2|Umbreon, M|\n|poke|p2|Arcanine, F|\n|poke|p2|Corviknight, M|\n|poke|p2|Ceruledge, M|\n|poke|p2|Fezandipiti, M|\n|teampreview\n|\n|t:|1699911338\n|start\n|switch|p1a: reboot van|Rabsca, F, shiny|100\/100\n|switch|p1b: nuclear bomb|Golem-Alola, F|100\/100\n|switch|p2a: Anubis|Lucario, M, shiny|100\/100\n|switch|p2b: Tourmaline|Fezandipiti, M|100\/100\n|turn|1\n|\n|t:|1699911359\n|-terastallize|p1b: nuclear bomb|Electric\n|move|p2b: Tourmaline|Beat Up|p2a: Anubis\n|-resisted|p2a: Anubis\n|-damage|p2a: Anubis|98\/100\n|-ability|p2a: Anubis|Justified|boost\n|-boost|p2a: Anubis|atk|1\n|-resisted|p2a: Anubis\n|-damage|p2a: Anubis|96\/100\n|-ability|p2a: Anubis|Justified|boost\n|-boost|p2a: Anubis|atk|1\n|-resisted|p2a: Anubis\n|-damage|p2a: Anubis|93\/100\n|-ability|p2a: Anubis|Justified|boost\n|-boost|p2a: Anubis|atk|1\n|-resisted|p2a: Anubis\n|-damage|p2a: Anubis|91\/100\n|-ability|p2a: Anubis|Justified|boost\n|-boost|p2a: Anubis|atk|1\n|-resisted|p2a: Anubis\n|-damage|p2a: Anubis|88\/100\n|-ability|p2a: Anubis|Justified|boost\n|-boost|p2a: Anubis|atk|1\n|-resisted|p2a: Anubis\n|-damage|p2a: Anubis|87\/100\n|-ability|p2a: Anubis|Justified|boost\n|-boost|p2a: Anubis|atk|1\n|-hitcount|p2a: Anubis|6\n|move|p2a: Anubis|Drain Punch|p1b: nuclear bomb\n|-damage|p1b: nuclear bomb|0 fnt\n|-heal|p2a: Anubis|100\/100|[from] drain|[of] p1b: nuclear bomb\n|faint|p1b: nuclear bomb\n|move|p1a: reboot van|Revival Blessing|p1a: reboot van\n|-enditem|p1a: reboot van|Leppa Berry|[eat]\n|-activate|p1a: reboot van|item: Leppa Berry|Revival Blessing|[consumed]\n|\n|t:|1699911371\n|-heal|p1: nuclear bomb|50\/100|[from] move: Revival Blessing\n|\n|upkeep\n|switch|p1b: nuclear bomb|Golem-Alola, F|50\/100\n|turn|2\n|c|\u2606gonegeb|wpw\n|c|\u2606gonegeb|wow\n|c|\u2606gonegeb|lol\n|c|\u2606gonegeb|uh\n|\n|t:|1699911398\n|switch|p1b: glitter bomb|Flutter Mane|100\/100\n|-enditem|p1b: glitter bomb|Booster Energy\n|-activate|p1b: glitter bomb|ability: Protosynthesis|[fromitem]\n|-start|p1b: glitter bomb|protosynthesisspe\n|switch|p1a: ICBM|Regieleki|100\/100\n|move|p2b: Tourmaline|Taunt|p1a: ICBM\n|-start|p1a: ICBM|move: Taunt\n|move|p2a: Anubis|Drain Punch|p1b: glitter bomb\n|-immune|p1b: glitter bomb\n|\n|upkeep\n|turn|3\n|\n|t:|1699911416\n|-terastallize|p2a: Anubis|Normal\n|move|p1b: glitter bomb|Helping Hand|p1a: ICBM\n|-singleturn|p1a: ICBM|Helping Hand|[of] p1b: glitter bomb\n|move|p2a: Anubis|Extreme Speed|p1a: ICBM\n|-damage|p1a: ICBM|0 fnt\n|faint|p1a: ICBM\n|move|p2b: Tourmaline|Tailwind|p2b: Tourmaline\n|-sidestart|p2: gonegeb|move: Tailwind\n|\n|upkeep\n|c|\u2606halstar|damn\n|c|\u2606gonegeb|my bad\n|\n|t:|1699911451\n|switch|p1a: nuclear bomb|Golem-Alola, F|50\/100\n|turn|4\n|\n|t:|1699911469\n|move|p2b: Tourmaline|Taunt|p1b: glitter bomb\n|-start|p1b: glitter bomb|move: Taunt\n|move|p2a: Anubis|Drain Punch|p1a: nuclear bomb\n|-supereffective|p1a: nuclear bomb\n|-damage|p1a: nuclear bomb|0 fnt\n|faint|p1a: nuclear bomb\n|cant|p1b: glitter bomb|move: Taunt|Calm Mind\n|\n|upkeep\n|c|\u2606gonegeb|my bad pt. 2\n|\n|t:|1699911495\n|switch|p1a: pipe bomb|Azelf|100\/100\n|turn|5\n|\n|t:|1699911512\n|switch|p2b: Obsidian|Ceruledge, M, shiny|100\/100\n|move|p2a: Anubis|Protect|p2a: Anubis\n|-singleturn|p2a: Anubis|Protect\n|move|p1b: glitter bomb|Moonblast|p2a: Anubis\n|-activate|p2a: Anubis|move: Protect\n|move|p1a: pipe bomb|Explosion|p2a: Anubis|[spread] \n|-activate|p2a: Anubis|move: Protect\n|-immune|p1b: glitter bomb\n|-immune|p2b: Obsidian\n|faint|p1a: pipe bomb\n|\n|upkeep\n|c|\u2606gonegeb|...\n|c|\u2606halstar|it seems i ran into my counter\n|c|\u2606gonegeb|my bad pt. 3...\n|c|\u2606halstar|i shall return to the lab\n|c|\u2606halstar|ggs\n|-message|halstar forfeited.\n|\n|win|gonegeb\n|raw|halstar's rating: 1016 &rarr; <strong>1007<\/strong><br \/>(-9 for losing)\n|raw|gonegeb's rating: 1110 &rarr; <strong>1128<\/strong><br \/>(+18 for winning)\n|c|\u2606gonegeb|i love the concept broski keep it up\n|l|\u2606halstar\n|c|\u2606gonegeb|gg\n","uploadtime":1699911553,"views":6,"p1id":"halstar","p2id":"gonegeb","formatid":"gen9doublesou","rating":1007,"private":0,"password":""}