{"id":"gen9doublesou-1999473119","p1":"joekerr17","p2":"Elite.4.Challenger","format":"[Gen 9] Doubles OU","log":"|j|\u2606joekerr17\n|j|\u2606Elite.4.Challenger\n|t:|1701085873\n|gametype|doubles\n|player|p1|joekerr17|265|1385\n|player|p2|Elite.4.Challenger|rocker-gen3|1356\n|teamsize|p1|6\n|teamsize|p2|6\n|gen|9\n|tier|[Gen 9] Doubles OU\n|rated|\n|rule|Species Clause: Limit one of each Pok\u00e9mon\n|rule|OHKO Clause: OHKO moves are banned\n|rule|Evasion Moves Clause: Evasion moves are banned\n|rule|Gravity Sleep Clause: The combination of sleep-inducing moves with imperfect accuracy and Gravity or Gigantamax Orbeetle are banned\n|rule|Endless Battle Clause: Forcing endless battles is banned\n|rule|HP Percentage Mod: HP is shown in percentages\n|clearpoke\n|poke|p1|Arcanine-Hisui, M|\n|poke|p1|Chesnaught, M|\n|poke|p1|Rillaboom, F|\n|poke|p1|Kommo-o, F|\n|poke|p1|Maushold|\n|poke|p1|Sandy Shocks|\n|poke|p2|Thundurus-Therian, M|\n|poke|p2|Roaring Moon|\n|poke|p2|Goodra-Hisui, F|\n|poke|p2|Basculegion-F, F|\n|poke|p2|Politoed, M|\n|poke|p2|Toxicroak, F|\n|teampreview\n|inactive|Battle timer is ON: inactive players will automatically lose when time's up. (requested by Elite.4.Challenger)\n|inactive|Elite.4.Challenger has 120 seconds left.\n|\n|t:|1701085910\n|start\n|switch|p1a: Rillaboom|Rillaboom, F|100\/100\n|switch|p1b: Chesnaught|Chesnaught, M|100\/100\n|switch|p2a: Kermit the Frog|Politoed, M|100\/100\n|switch|p2b: Thundurus|Thundurus-Therian, M|100\/100\n|-fieldstart|move: Grassy Terrain|[from] ability: Grassy Surge|[of] p1a: Rillaboom\n|-weather|RainDance|[from] ability: Drizzle|[of] p2a: Kermit the Frog\n|turn|1\n|\n|t:|1701085929\n|move|p2a: Kermit the Frog|Protect|p2a: Kermit the Frog\n|-singleturn|p2a: Kermit the Frog|Protect\n|move|p1a: Rillaboom|Fake Out|p2b: Thundurus\n|-damage|p2b: Thundurus|81\/100\n|cant|p2b: Thundurus|flinch\n|move|p1b: Chesnaught|Belly Drum|p1b: Chesnaught\n|-damage|p1b: Chesnaught|51\/100\n|-setboost|p1b: Chesnaught|atk|6|[from] move: Belly Drum\n|\n|-weather|RainDance|[upkeep]\n|-heal|p1b: Chesnaught|57\/100|[from] Grassy Terrain\n|upkeep\n|turn|2\n|\n|t:|1701085950\n|switch|p2a: James Murray|Goodra-Hisui, F|100\/100\n|-terastallize|p1b: Chesnaught|Grass\n|move|p1a: Rillaboom|Grassy Glide|p2a: James Murray\n|-ability|p2a: James Murray|Sap Sipper|boost\n|-boost|p2a: James Murray|atk|1\n|move|p1b: Chesnaught|Grassy Glide|p2b: Thundurus\n|-resisted|p2b: Thundurus\n|-damage|p2b: Thundurus|0 fnt\n|faint|p2b: Thundurus\n|\n|-weather|RainDance|[upkeep]\n|-heal|p1b: Chesnaught|63\/100|[from] Grassy Terrain\n|upkeep\n|inactive|Elite.4.Challenger has 120 seconds left.\n|\n|t:|1701085989\n|switch|p2b: Kermit the Dawg|Toxicroak, F|100\/100\n|turn|3\n|inactive|Elite.4.Challenger has 120 seconds left.\n|\n|t:|1701085997\n|switch|p1a: Arcanine|Arcanine-Hisui, M|100\/100\n|-ability|p1a: Arcanine|Intimidate|boost\n|-unboost|p2a: James Murray|atk|1\n|-unboost|p2b: Kermit the Dawg|atk|1\n|move|p2b: Kermit the Dawg|Fake Out|p1b: Chesnaught\n|-damage|p1b: Chesnaught|54\/100\n|-damage|p2b: Kermit the Dawg|91\/100|[from] item: Life Orb\n|cant|p1b: Chesnaught|flinch\n|move|p2a: James Murray|Dragon Tail|p1b: Chesnaught\n|-damage|p1b: Chesnaught|39\/100\n|drag|p1b: Rillaboom|Rillaboom, F|100\/100\n|\n|-weather|RainDance|[upkeep]\n|-heal|p2b: Kermit the Dawg|100\/100|[from] ability: Dry Skin\n|upkeep\n|turn|4\n|inactive|Elite.4.Challenger has 120 seconds left.\n|\n|t:|1701086026\n|switch|p2b: Final Boss|Roaring Moon|100\/100\n|-enditem|p2b: Final Boss|Booster Energy\n|-activate|p2b: Final Boss|ability: Protosynthesis|[fromitem]\n|-start|p2b: Final Boss|protosynthesisatk\n|move|p1b: Rillaboom|Fake Out|p2b: Final Boss\n|-damage|p2b: Final Boss|85\/100\n|move|p1a: Arcanine|Close Combat|p2a: James Murray\n|-supereffective|p2a: James Murray\n|-damage|p2a: James Murray|14\/100\n|-unboost|p1a: Arcanine|def|1\n|-unboost|p1a: Arcanine|spd|1\n|-enditem|p2a: James Murray|Iapapa Berry|[eat]\n|-heal|p2a: James Murray|47\/100|[from] item: Iapapa Berry\n|move|p2a: James Murray|Acid Armor|p2a: James Murray\n|-boost|p2a: James Murray|def|2\n|\n|-weather|RainDance|[upkeep]\n|-heal|p2b: Final Boss|91\/100|[from] Grassy Terrain\n|-heal|p2a: James Murray|53\/100|[from] Grassy Terrain\n|upkeep\n|turn|5\n|inactive|Elite.4.Challenger has 120 seconds left.\n|inactive|joekerr17 has 120 seconds left.\n|\n|t:|1701086063\n|move|p2b: Final Boss|Stomping Tantrum|p1a: Arcanine\n|-supereffective|p1a: Arcanine\n|-damage|p1a: Arcanine|0 fnt\n|faint|p1a: Arcanine\n|move|p1b: Rillaboom|Wood Hammer|p2b: Final Boss\n|-resisted|p2b: Final Boss\n|-damage|p2b: Final Boss|40\/100\n|-damage|p1b: Rillaboom|86\/100|[from] Recoil\n|move|p2a: James Murray|Acid Armor|p2a: James Murray\n|-boost|p2a: James Murray|def|2\n|\n|-weather|none\n|-heal|p2b: Final Boss|46\/100|[from] Grassy Terrain\n|-heal|p1b: Rillaboom|92\/100|[from] Grassy Terrain\n|-heal|p2a: James Murray|59\/100|[from] Grassy Terrain\n|-fieldend|move: Grassy Terrain\n|upkeep\n|\n|t:|1701086083\n|switch|p1a: Sandy Shocks|Sandy Shocks|100\/100\n|turn|6\n|inactive|joekerr17 has 120 seconds left.\n|\n|t:|1701086100\n|switch|p1b: Maushold|Maushold|100\/100\n|move|p1a: Sandy Shocks|Earth Power|p2a: James Murray\n|-supereffective|p2a: James Murray\n|-damage|p2a: James Murray|7\/100\n|move|p2b: Final Boss|Stomping Tantrum|p1a: Sandy Shocks\n|-supereffective|p1a: Sandy Shocks\n|-damage|p1a: Sandy Shocks|37\/100\n|move|p2a: James Murray|Body Press|p1b: Maushold\n|-supereffective|p1b: Maushold\n|-damage|p1b: Maushold|0 fnt\n|faint|p1b: Maushold\n|\n|upkeep\n|\n|t:|1701086111\n|switch|p1b: Rillaboom|Rillaboom, F|92\/100\n|-fieldstart|move: Grassy Terrain|[from] ability: Grassy Surge|[of] p1b: Rillaboom\n|turn|7\n|inactive|Elite.4.Challenger has 120 seconds left.\n|\n|t:|1701086145\n|-end|p2b: Final Boss|Protosynthesis|[silent]\n|switch|p2b: Kermit the Frog|Politoed, M|100\/100\n|-weather|RainDance|[from] ability: Drizzle|[of] p2b: Kermit the Frog\n|move|p1b: Rillaboom|Fake Out|p2a: James Murray\n|-resisted|p2a: James Murray\n|-damage|p2a: James Murray|6\/100\n|move|p1a: Sandy Shocks|Earth Power|p2b: Kermit the Frog\n|-damage|p2b: Kermit the Frog|71\/100\n|-enditem|p2b: Kermit the Frog|Eject Button\n|inactive|Elite.4.Challenger has 120 seconds left.\n|\n|t:|1701086156\n|switch|p2b: Michael Phelps|Basculegion-F, F|100\/100\n|cant|p2a: James Murray|flinch\n|\n|-weather|RainDance|[upkeep]\n|-heal|p1a: Sandy Shocks|43\/100|[from] Grassy Terrain\n|-heal|p1b: Rillaboom|98\/100|[from] Grassy Terrain\n|-heal|p2a: James Murray|12\/100|[from] Grassy Terrain\n|upkeep\n|turn|8\n|inactive|Elite.4.Challenger has 120 seconds left.\n|\n|t:|1701086187\n|move|p1b: Rillaboom|Grassy Glide|p2b: Michael Phelps\n|-supereffective|p2b: Michael Phelps\n|-damage|p2b: Michael Phelps|3\/100\n|move|p2b: Michael Phelps|Surf|p1b: Rillaboom|[spread] p2a,p1a,p1b\n|-resisted|p2a: James Murray\n|-supereffective|p1a: Sandy Shocks\n|-resisted|p1b: Rillaboom\n|-damage|p2a: James Murray|0 fnt\n|-damage|p1a: Sandy Shocks|0 fnt\n|-damage|p1b: Rillaboom|74\/100\n|faint|p2a: James Murray\n|faint|p1a: Sandy Shocks\n|-end|p1a: Sandy Shocks|Protosynthesis|[silent]\n|\n|-weather|RainDance|[upkeep]\n|-heal|p2b: Michael Phelps|9\/100|[from] Grassy Terrain\n|-heal|p1b: Rillaboom|80\/100|[from] Grassy Terrain\n|upkeep\n|inactive|Elite.4.Challenger has 120 seconds left.\n|\n|t:|1701086208\n|switch|p1a: Chesnaught|Chesnaught, M, tera:Grass|39\/100\n|switch|p2a: Kermit the Dawg|Toxicroak, F|100\/100\n|turn|9\n|\n|t:|1701086222\n|move|p1b: Rillaboom|Grassy Glide|p2b: Michael Phelps\n|-supereffective|p2b: Michael Phelps\n|-damage|p2b: Michael Phelps|0 fnt\n|faint|p2b: Michael Phelps\n|move|p1a: Chesnaught|Grassy Glide|p2a: Kermit the Dawg\n|-resisted|p2a: Kermit the Dawg\n|-damage|p2a: Kermit the Dawg|65\/100\n|move|p2a: Kermit the Dawg|Poison Jab|p1b: Rillaboom\n|-supereffective|p1b: Rillaboom\n|-damage|p1b: Rillaboom|0 fnt\n|faint|p1b: Rillaboom\n|-damage|p2a: Kermit the Dawg|55\/100|[from] item: Life Orb\n|\n|-weather|RainDance|[upkeep]\n|-heal|p2a: Kermit the Dawg|68\/100|[from] ability: Dry Skin\n|-heal|p2a: Kermit the Dawg|74\/100|[from] Grassy Terrain\n|-heal|p1a: Chesnaught|45\/100|[from] Grassy Terrain\n|upkeep\n|\n|t:|1701086239\n|switch|p2b: Final Boss|Roaring Moon|46\/100\n|switch|p1b: Kommo-o|Kommo-o, F|100\/100\n|turn|10\n|\n|t:|1701086251\n|-terastallize|p2b: Final Boss|Flying\n|move|p1a: Chesnaught|Grassy Glide|p2b: Final Boss\n|-resisted|p2b: Final Boss\n|-damage|p2b: Final Boss|17\/100\n|move|p2b: Final Boss|Acrobatics|p1b: Kommo-o\n|-supereffective|p1b: Kommo-o\n|-damage|p1b: Kommo-o|0 fnt\n|faint|p1b: Kommo-o\n|move|p2a: Kermit the Dawg|Poison Jab|p1a: Chesnaught\n|-supereffective|p1a: Chesnaught\n|-damage|p1a: Chesnaught|0 fnt\n|faint|p1a: Chesnaught\n|-damage|p2a: Kermit the Dawg|64\/100|[from] item: Life Orb\n|\n|win|Elite.4.Challenger\n|raw|joekerr17's rating: 1385 &rarr; <strong>1363<\/strong><br \/>(-22 for losing)\n|raw|Elite.4.Challenger's rating: 1356 &rarr; <strong>1378<\/strong><br \/>(+22 for winning)\n|l|\u2606joekerr17\n","uploadtime":1701086529,"views":12,"p1id":"joekerr17","p2id":"elite4challenger","formatid":"gen9doublesou","rating":1363,"private":0,"password":""}