{"id":"gen9doublesou-1978951082","p1":"RedNecroDevil","p2":"mikeyuwu","format":"[Gen 9] Doubles OU","log":"|j|\u2606RedNecroDevil\n|j|\u2606mikeyuwu\n|t:|1698613807\n|gametype|doubles\n|player|p1|RedNecroDevil|2|1114\n|player|p2|mikeyuwu|psychic-gen4|1175\n|teamsize|p1|6\n|teamsize|p2|6\n|gen|9\n|tier|[Gen 9] Doubles OU\n|rated|\n|rule|Species Clause: Limit one of each Pok\u00e9mon\n|rule|OHKO Clause: OHKO moves are banned\n|rule|Evasion Moves Clause: Evasion moves are banned\n|rule|Gravity Sleep Clause: The combination of sleep-inducing moves with imperfect accuracy and Gravity or Gigantamax Orbeetle are banned\n|rule|Endless Battle Clause: Forcing endless battles is banned\n|rule|HP Percentage Mod: HP is shown in percentages\n|clearpoke\n|poke|p1|Arbok, F|\n|poke|p1|Sableye, M|\n|poke|p1|Diancie|\n|poke|p1|Clefable, M|\n|poke|p1|Tyranitar, M|\n|poke|p1|Overqwil, M|\n|poke|p2|Garchomp, M|\n|poke|p2|Tyranitar, F|\n|poke|p2|Vaporeon, F|\n|poke|p2|Toxicroak, M|\n|poke|p2|Pelipper, F|\n|poke|p2|Abomasnow, M|\n|teampreview\n|inactive|Battle timer is ON: inactive players will automatically lose when time's up. (requested by RedNecroDevil)\n|\n|t:|1698613817\n|start\n|switch|p1a: Sableye|Sableye, M|100\/100\n|switch|p1b: Overqwil|Overqwil, M|100\/100\n|switch|p2a: OTLHPM|Toxicroak, M|100\/100\n|switch|p2b: Harmacy|Vaporeon, F|100\/100\n|-ability|p1b: Overqwil|Intimidate|boost\n|-unboost|p2a: OTLHPM|atk|1\n|-unboost|p2b: Harmacy|atk|1\n|turn|1\n|\n|t:|1698613833\n|switch|p2a: Weather War|Pelipper, F|100\/100\n|-weather|RainDance|[from] ability: Drizzle|[of] p2a: Weather War\n|move|p1a: Sableye|Trick|p2b: Harmacy\n|-activate|p1a: Sableye|move: Trick|[of] p2b: Harmacy\n|-item|p2b: Harmacy|Choice Scarf|[from] move: Trick\n|-item|p1a: Sableye|Leftovers|[from] move: Trick\n|move|p2b: Harmacy|Weather Ball|p1b: Overqwil\n|-damage|p1b: Overqwil|16\/100\n|move|p1b: Overqwil|Acupressure|p1b: Overqwil\n|-boost|p1b: Overqwil|spa|2\n|\n|-weather|RainDance|[upkeep]\n|-heal|p1b: Overqwil|22\/100|[from] item: Leftovers\n|upkeep\n|turn|2\n|\n|t:|1698613849\n|switch|p1b: Tyranitar|Tyranitar, M|100\/100\n|-weather|Sandstorm|[from] ability: Sand Stream|[of] p1b: Tyranitar\n|move|p1a: Sableye|Thunder Wave|p2a: Weather War\n|-status|p2a: Weather War|par\n|move|p2b: Harmacy|Weather Ball|p1b: Tyranitar\n|-damage|p1b: Tyranitar|88\/100\n|cant|p2a: Weather War|par\n|\n|-weather|Sandstorm|[upkeep]\n|-damage|p2b: Harmacy|94\/100|[from] Sandstorm\n|-damage|p1a: Sableye|94\/100|[from] Sandstorm\n|-damage|p2a: Weather War|94\/100 par|[from] Sandstorm\n|-heal|p1b: Tyranitar|94\/100|[from] item: Leftovers\n|-heal|p1a: Sableye|100\/100|[from] item: Leftovers\n|upkeep\n|turn|3\n|\n|t:|1698613858\n|switch|p2b: OTLHPM|Toxicroak, M|100\/100\n|switch|p2a: Cold Shoulder|Abomasnow, M, shiny|100\/100\n|-weather|Snow|[from] ability: Snow Warning|[of] p2a: Cold Shoulder\n|move|p1a: Sableye|Thunder Wave|p2b: OTLHPM\n|-status|p2b: OTLHPM|par\n|move|p1b: Tyranitar|Dragon Dance|p1b: Tyranitar\n|-boost|p1b: Tyranitar|atk|1\n|-boost|p1b: Tyranitar|spe|1\n|\n|-weather|Snow|[upkeep]\n|-heal|p1b: Tyranitar|99\/100|[from] item: Leftovers\n|upkeep\n|turn|4\n|\n|t:|1698613872\n|switch|p2a: Extra Spicy|Garchomp, M|100\/100\n|move|p1a: Sableye|Thunder Wave|p2a: Extra Spicy\n|-immune|p2a: Extra Spicy\n|move|p1b: Tyranitar|Sandstorm|p1b: Tyranitar\n|-weather|Sandstorm\n|cant|p2b: OTLHPM|par\n|\n|-weather|Sandstorm|[upkeep]\n|-damage|p1a: Sableye|94\/100|[from] Sandstorm\n|-damage|p2b: OTLHPM|94\/100 par|[from] Sandstorm\n|-heal|p1b: Tyranitar|100\/100|[from] item: Leftovers\n|-heal|p1a: Sableye|100\/100|[from] item: Leftovers\n|-heal|p2b: OTLHPM|100\/100 par|[from] item: Black Sludge\n|upkeep\n|turn|5\n|\n|t:|1698613884\n|switch|p2b: Weather War|Pelipper, F|94\/100 par\n|-weather|RainDance|[from] ability: Drizzle|[of] p2b: Weather War\n|move|p1a: Sableye|Taunt|p2a: Extra Spicy\n|-start|p2a: Extra Spicy|move: Taunt\n|move|p2a: Extra Spicy|Earthquake|p1a: Sableye|[spread] p1a,p1b\n|-immune|p2b: Weather War\n|-supereffective|p1b: Tyranitar\n|-damage|p1a: Sableye|56\/100\n|-damage|p1b: Tyranitar|49\/100\n|move|p1b: Tyranitar|Iron Defense|p1b: Tyranitar\n|-boost|p1b: Tyranitar|def|2\n|\n|-weather|RainDance|[upkeep]\n|-heal|p1b: Tyranitar|56\/100|[from] item: Leftovers\n|-heal|p1a: Sableye|62\/100|[from] item: Leftovers\n|upkeep\n|turn|6\n|\n|t:|1698613899\n|move|p1a: Sableye|Taunt|p2b: Weather War\n|-start|p2b: Weather War|move: Taunt\n|move|p2a: Extra Spicy|Brick Break|p1b: Tyranitar\n|-supereffective|p1b: Tyranitar\n|-damage|p1b: Tyranitar|25\/100\n|move|p1b: Tyranitar|Sandstorm|p1b: Tyranitar\n|-weather|Sandstorm\n|move|p2b: Weather War|Chilling Water|p1b: Tyranitar\n|-supereffective|p1b: Tyranitar\n|-damage|p1b: Tyranitar|8\/100\n|-unboost|p1b: Tyranitar|atk|1\n|\n|-weather|Sandstorm|[upkeep]\n|-damage|p1a: Sableye|56\/100|[from] Sandstorm\n|-damage|p2b: Weather War|88\/100 par|[from] Sandstorm\n|-heal|p1b: Tyranitar|14\/100|[from] item: Leftovers\n|-heal|p1a: Sableye|62\/100|[from] item: Leftovers\n|upkeep\n|turn|7\n|\n|t:|1698613914\n|move|p1a: Sableye|Encore|p2b: Weather War\n|-start|p2b: Weather War|Encore\n|move|p2a: Extra Spicy|Earthquake|p1b: Tyranitar|[spread] p1a,p1b\n|-immune|p2b: Weather War\n|-supereffective|p1b: Tyranitar\n|-damage|p1a: Sableye|19\/100\n|-damage|p1b: Tyranitar|0 fnt\n|faint|p1b: Tyranitar\n|cant|p2b: Weather War|par\n|\n|-weather|Sandstorm|[upkeep]\n|-damage|p1a: Sableye|13\/100|[from] Sandstorm\n|-damage|p2b: Weather War|82\/100 par|[from] Sandstorm\n|-heal|p1a: Sableye|19\/100|[from] item: Leftovers\n|-end|p2a: Extra Spicy|move: Taunt\n|upkeep\n|\n|t:|1698613923\n|switch|p1b: Arbok|Arbok, F|100\/100\n|-ability|p1b: Arbok|Intimidate|boost\n|-unboost|p2a: Extra Spicy|atk|1\n|-unboost|p2b: Weather War|atk|1\n|turn|8\n|\n|t:|1698613929\n|switch|p1b: Diancie|Diancie|100\/100\n|switch|p2a: Harmacy|Vaporeon, F|94\/100\n|switch|p1a: Overqwil|Overqwil, M|22\/100\n|-ability|p1a: Overqwil|Intimidate|boost\n|-unboost|p2a: Harmacy|atk|1\n|-unboost|p2b: Weather War|atk|1\n|switch|p2b: OTLHPM|Toxicroak, M|100\/100 par\n|\n|-weather|Sandstorm|[upkeep]\n|-damage|p2a: Harmacy|88\/100|[from] Sandstorm\n|-damage|p1a: Overqwil|16\/100|[from] Sandstorm\n|-damage|p2b: OTLHPM|94\/100 par|[from] Sandstorm\n|-heal|p1a: Overqwil|22\/100|[from] item: Leftovers\n|-heal|p2b: OTLHPM|100\/100 par|[from] item: Black Sludge\n|upkeep\n|turn|9\n|\n|t:|1698613938\n|switch|p2b: Weather War|Pelipper, F|82\/100 par\n|-weather|RainDance|[from] ability: Drizzle|[of] p2b: Weather War\n|move|p2a: Harmacy|Weather Ball|p1b: Diancie\n|-supereffective|p1b: Diancie\n|-damage|p1b: Diancie|5\/100\n|move|p1a: Overqwil|Acupressure|p1a: Overqwil\n|-boost|p1a: Overqwil|spd|2\n|move|p1b: Diancie|Diamond Storm|p2b: Weather War|[spread] p2a,p2b\n|-supereffective|p2b: Weather War\n|-damage|p2a: Harmacy|71\/100\n|-damage|p2b: Weather War|43\/100 par\n|-boost|p1b: Diancie|def|2\n|\n|-weather|RainDance|[upkeep]\n|-heal|p1a: Overqwil|28\/100|[from] item: Leftovers\n|-heal|p1b: Diancie|11\/100|[from] item: Leftovers\n|upkeep\n|turn|10\n|\n|t:|1698613956\n|switch|p1a: Clefable|Clefable, M|100\/100\n|move|p2a: Harmacy|Weather Ball|p1b: Diancie\n|-supereffective|p1b: Diancie\n|-damage|p1b: Diancie|0 fnt\n|faint|p1b: Diancie\n|move|p2b: Weather War|Chilling Water|p1a: Clefable\n|-damage|p1a: Clefable|80\/100\n|-unboost|p1a: Clefable|atk|1\n|\n|-weather|RainDance|[upkeep]\n|-heal|p1a: Clefable|86\/100|[from] item: Leftovers\n|upkeep\n|\n|t:|1698613962\n|switch|p1b: Arbok|Arbok, F|100\/100\n|-ability|p1b: Arbok|Intimidate|boost\n|-unboost|p2a: Harmacy|atk|1\n|-unboost|p2b: Weather War|atk|1\n|turn|11\n|\n|t:|1698613970\n|move|p1a: Clefable|Follow Me|p1a: Clefable\n|-singleturn|p1a: Clefable|move: Follow Me\n|move|p1b: Arbok|Gastro Acid|p2a: Harmacy\n|-endability|p2a: Harmacy\n|move|p2a: Harmacy|Weather Ball|p1a: Clefable\n|-damage|p1a: Clefable|39\/100\n|cant|p2b: Weather War|par\n|\n|-weather|RainDance|[upkeep]\n|-heal|p1a: Clefable|45\/100|[from] item: Leftovers\n|upkeep\n|turn|12\n|\n|t:|1698613984\n|switch|p2b: Extra Spicy|Garchomp, M|100\/100\n|move|p1a: Clefable|Follow Me|p1a: Clefable\n|-singleturn|p1a: Clefable|move: Follow Me\n|move|p1b: Arbok|Coil|p1b: Arbok\n|-boost|p1b: Arbok|atk|1\n|-boost|p1b: Arbok|def|1\n|-boost|p1b: Arbok|accuracy|1\n|move|p2a: Harmacy|Weather Ball|p1a: Clefable\n|-crit|p1a: Clefable\n|-damage|p1a: Clefable|0 fnt\n|faint|p1a: Clefable\n|\n|-weather|RainDance|[upkeep]\n|upkeep\n|\n|t:|1698613990\n|switch|p1a: Overqwil|Overqwil, M|28\/100\n|-ability|p1a: Overqwil|Intimidate|boost\n|-unboost|p2a: Harmacy|atk|1\n|-unboost|p2b: Extra Spicy|atk|1\n|turn|13\n|\n|t:|1698613998\n|move|p1b: Arbok|Trailblaze|p2b: Extra Spicy\n|-damage|p2b: Extra Spicy|87\/100\n|-boost|p1b: Arbok|spe|1\n|-damage|p1b: Arbok|88\/100|[from] ability: Rough Skin|[of] p2b: Extra Spicy\n|-damage|p1b: Arbok|72\/100|[from] item: Rocky Helmet|[of] p2b: Extra Spicy\n|move|p2a: Harmacy|Weather Ball|p1b: Arbok\n|-damage|p1b: Arbok|0 fnt\n|faint|p1b: Arbok\n|move|p2b: Extra Spicy|Earthquake|p1a: Overqwil|[spread] p2a,p1a\n|-supereffective|p1a: Overqwil\n|-damage|p2a: Harmacy|55\/100\n|-damage|p1a: Overqwil|0 fnt\n|faint|p1a: Overqwil\n|\n|-weather|none\n|upkeep\n|-message|RedNecroDevil forfeited.\n|\n|win|mikeyuwu\n|raw|RedNecroDevil's rating: 1114 &rarr; <strong>1093<\/strong><br \/>(-21 for losing)\n|raw|mikeyuwu's rating: 1175 &rarr; <strong>1196<\/strong><br \/>(+21 for winning)\n|l|\u2606RedNecroDevil\n","uploadtime":1698614016,"views":17,"p1id":"rednecrodevil","p2id":"mikeyuwu","formatid":"gen9doublesou","rating":1093,"private":0,"password":""}