{"id":"gen9doublesou-1982038572","p1":"MetaBonker69","p2":"ESPIRAL_EI","format":"[Gen 9] Doubles OU","log":"|j|\u2606MetaBonker69\n|j|\u2606ESPIRAL_EI\n|t:|1698961858\n|gametype|doubles\n|player|p1|MetaBonker69|101|\n|player|p2|ESPIRAL_EI|n|\n|teamsize|p1|6\n|teamsize|p2|6\n|gen|9\n|tier|[Gen 9] Doubles OU\n|rule|Species Clause: Limit one of each Pok\u00e9mon\n|rule|OHKO Clause: OHKO moves are banned\n|rule|Evasion Moves Clause: Evasion moves are banned\n|rule|Gravity Sleep Clause: The combination of sleep-inducing moves with imperfect accuracy and Gravity or Gigantamax Orbeetle are banned\n|rule|Endless Battle Clause: Forcing endless battles is banned\n|rule|HP Percentage Mod: HP is shown in percentages\n|clearpoke\n|poke|p1|Kricketune, M|\n|poke|p1|Ariados, M|\n|poke|p1|Crawdaunt, M|\n|poke|p1|Lurantis, F|\n|poke|p1|Masquerain, M|\n|poke|p1|Arboliva, F|\n|poke|p2|Indeedee-F, F|\n|poke|p2|Iron Hands|\n|poke|p2|Hatterene, F|\n|poke|p2|Armarouge, M|\n|poke|p2|Torkoal, F|\n|poke|p2|Kingambit, M|\n|teampreview\n|\n|t:|1698961882\n|start\n|switch|p1a: Crawdaunt|Crawdaunt, M, shiny|100\/100\n|switch|p1b: Melon|Masquerain, M, shiny|100\/100\n|switch|p2a: Wichi|Hatterene, F, shiny|100\/100\n|switch|p2b: Dedotes|Iron Hands, shiny|100\/100\n|-ability|p1b: Melon|Intimidate|boost\n|-unboost|p2a: Wichi|atk|1\n|-unboost|p2b: Dedotes|atk|1\n|turn|1\n|c|\u2606MetaBonker69|Goodluck fr fr\n|\n|t:|1698961905\n|move|p1a: Crawdaunt|Protect|p1a: Crawdaunt\n|-singleturn|p1a: Crawdaunt|Protect\n|move|p2b: Dedotes|Fake Out|p1a: Crawdaunt\n|-activate|p1a: Crawdaunt|move: Protect\n|move|p1b: Melon|Icy Wind|p2b: Dedotes|[spread] p2a,p2b\n|-damage|p2a: Wichi|89\/100\n|-damage|p2b: Dedotes|92\/100\n|-unboost|p2a: Wichi|spe|1\n|-unboost|p2b: Dedotes|spe|1\n|move|p2a: Wichi|Trick Room|p2a: Wichi\n|-fieldstart|move: Trick Room|[of] p2a: Wichi\n|\n|-heal|p2b: Dedotes|98\/100|[from] item: Leftovers\n|upkeep\n|turn|2\n|c|\u2606ESPIRAL_EI|thanks!\n|\n|t:|1698961945\n|switch|p1a: Burger|Kricketune, M, shiny|100\/100\n|move|p2a: Wichi|Dazzling Gleam|p1b: Melon|[spread] p1a,p1b\n|-damage|p1a: Burger|55\/100\n|-damage|p1b: Melon|38\/100\n|-damage|p2a: Wichi|79\/100|[from] item: Life Orb\n|move|p2b: Dedotes|Swords Dance|p2b: Dedotes\n|-boost|p2b: Dedotes|atk|2\n|move|p1b: Melon|Air Slash|p2b: Dedotes\n|-damage|p2b: Dedotes|75\/100\n|\n|-heal|p2b: Dedotes|81\/100|[from] item: Leftovers\n|upkeep\n|turn|3\n|\n|t:|1698961977\n|switch|p1b: Arboliva|Arboliva, F, shiny|100\/100\n|-terastallize|p1a: Burger|Fairy\n|move|p2a: Wichi|Dazzling Gleam|p1a: Burger|[spread] p1a,p1b\n|-damage|p1a: Burger|5\/100\n|-damage|p1b: Arboliva|61\/100\n|-damage|p2a: Wichi|69\/100|[from] item: Life Orb\n|move|p2b: Dedotes|Thunder Punch|p1a: Burger\n|-damage|p1a: Burger|0 fnt\n|faint|p1a: Burger\n|\n|-heal|p2b: Dedotes|87\/100|[from] item: Leftovers\n|upkeep\n|\n|t:|1698961991\n|switch|p1a: Lurantis|Lurantis, F|100\/100\n|turn|4\n|\n|t:|1698962008\n|move|p2a: Wichi|Mystical Fire|p1b: Arboliva\n|-supereffective|p1b: Arboliva\n|-damage|p1b: Arboliva|0 fnt\n|faint|p1b: Arboliva\n|-damage|p2a: Wichi|59\/100|[from] item: Life Orb\n|move|p2b: Dedotes|Swords Dance|p2b: Dedotes\n|-boost|p2b: Dedotes|atk|2\n|move|p1a: Lurantis|Leaf Storm|p2b: Dedotes\n|-damage|p2b: Dedotes|37\/100\n|-boost|p1a: Lurantis|spa|2\n|\n|-heal|p2b: Dedotes|43\/100|[from] item: Leftovers\n|upkeep\n|\n|t:|1698962025\n|switch|p1b: Ariados|Ariados, M, shiny|100\/100\n|turn|5\n|\n|t:|1698962054\n|move|p1a: Lurantis|Protect|p1a: Lurantis\n|-singleturn|p1a: Lurantis|Protect\n|move|p2a: Wichi|Psychic|p1b: Ariados\n|-supereffective|p1b: Ariados\n|-damage|p1b: Ariados|0 fnt\n|faint|p1b: Ariados\n|-damage|p2a: Wichi|50\/100|[from] item: Life Orb\n|move|p2b: Dedotes|Drain Punch|p1a: Lurantis\n|-activate|p1a: Lurantis|move: Protect\n|\n|-heal|p2b: Dedotes|49\/100|[from] item: Leftovers\n|-fieldend|move: Trick Room\n|upkeep\n|\n|t:|1698962065\n|switch|p1b: Crawdaunt|Crawdaunt, M, shiny|100\/100\n|turn|6\n|\n|t:|1698962092\n|-terastallize|p2a: Wichi|Fire\n|move|p1b: Crawdaunt|Protect|p1b: Crawdaunt\n|-singleturn|p1b: Crawdaunt|Protect\n|move|p1a: Lurantis|Leaf Storm|p2a: Wichi\n|-resisted|p2a: Wichi\n|-damage|p2a: Wichi|0 fnt\n|-boost|p1a: Lurantis|spa|2\n|faint|p2a: Wichi\n|move|p2b: Dedotes|Drain Punch|p1b: Crawdaunt\n|-activate|p1b: Crawdaunt|move: Protect\n|\n|-heal|p2b: Dedotes|56\/100|[from] item: Leftovers\n|upkeep\n|\n|t:|1698962105\n|switch|p2a: Turty|Torkoal, F, shiny|100\/100\n|-weather|SunnyDay|[from] ability: Drought|[of] p2a: Turty\n|turn|7\n|\n|t:|1698962129\n|move|p1a: Lurantis|Protect|p1a: Lurantis\n|-singleturn|p1a: Lurantis|Protect\n|move|p1b: Crawdaunt|Crabhammer|p2a: Turty|[miss]\n|-miss|p1b: Crawdaunt|p2a: Turty\n|move|p2b: Dedotes|Drain Punch|p1b: Crawdaunt\n|-supereffective|p1b: Crawdaunt\n|-damage|p1b: Crawdaunt|0 fnt\n|-heal|p2b: Dedotes|87\/100|[from] drain|[of] p1b: Crawdaunt\n|faint|p1b: Crawdaunt\n|move|p2a: Turty|Eruption|p1a: Lurantis\n|-activate|p1a: Lurantis|move: Protect\n|\n|-weather|SunnyDay|[upkeep]\n|-heal|p2b: Dedotes|94\/100|[from] item: Leftovers\n|upkeep\n|\n|t:|1698962143\n|switch|p1b: Melon|Masquerain, M, shiny|38\/100\n|-ability|p1b: Melon|Intimidate|boost\n|-unboost|p2a: Turty|atk|1\n|-unboost|p2b: Dedotes|atk|1\n|turn|8\n|\n|t:|1698962158\n|move|p1b: Melon|Tailwind|p1b: Melon\n|-sidestart|p1: MetaBonker69|move: Tailwind\n|move|p1a: Lurantis|Leaf Storm|p2a: Turty\n|-resisted|p2a: Turty\n|-damage|p2a: Turty|0 fnt\n|-boost|p1a: Lurantis|spa|2\n|faint|p2a: Turty\n|move|p2b: Dedotes|Thunder Punch|p1b: Melon\n|-supereffective|p1b: Melon\n|-damage|p1b: Melon|0 fnt\n|faint|p1b: Melon\n|\n|-weather|SunnyDay|[upkeep]\n|-heal|p2b: Dedotes|99\/100|[from] item: Leftovers\n|upkeep\n|\n|t:|1698962174\n|switch|p2a: Mai|Indeedee-F, F, shiny|100\/100\n|-fieldstart|move: Psychic Terrain|[from] ability: Psychic Surge|[of] p2a: Mai\n|-enditem|p2a: Mai|Psychic Seed\n|-boost|p2a: Mai|spd|1|[from] item: Psychic Seed\n|turn|9\n|\n|t:|1698962189\n|move|p1a: Lurantis|Leaf Storm|p2a: Mai\n|-damage|p2a: Mai|0 fnt\n|faint|p2a: Mai\n|move|p2b: Dedotes|Thunder Punch|p1a: Lurantis\n|-resisted|p1a: Lurantis\n|-damage|p1a: Lurantis|48\/100\n|\n|-weather|SunnyDay|[upkeep]\n|-heal|p2b: Dedotes|100\/100|[from] item: Leftovers\n|upkeep\n|\n|t:|1698962197\n|switch|p2a: Megaman|Armarouge, M|100\/100\n|turn|10\n|\n|t:|1698962206\n|move|p1a: Lurantis|Leaf Storm|p2a: Megaman\n|-resisted|p2a: Megaman\n|-damage|p2a: Megaman|0 fnt\n|faint|p2a: Megaman\n|move|p2b: Dedotes|Thunder Punch|p1a: Lurantis\n|-resisted|p1a: Lurantis\n|-damage|p1a: Lurantis|3\/100\n|-status|p1a: Lurantis|par\n|\n|-weather|SunnyDay|[upkeep]\n|upkeep\n|\n|t:|1698962215\n|switch|p2a: King|Kingambit, M, shiny|100\/100\n|turn|11\n|c|\u2606MetaBonker69|gg\n|c|\u2606ESPIRAL_EI|gg\n|\n|t:|1698962235\n|move|p2a: King|Sucker Punch|p1a: Lurantis\n|-activate|p1a: Lurantis|move: Psychic Terrain\n|move|p1a: Lurantis|Giga Drain|p2a: King\n|-resisted|p2a: King\n|-damage|p2a: King|25\/100\n|-heal|p1a: Lurantis|47\/100 par|[from] drain|[of] p2a: King\n|move|p2b: Dedotes|Drain Punch|p1a: Lurantis\n|-damage|p1a: Lurantis|0 fnt\n|faint|p1a: Lurantis\n|\n|win|ESPIRAL_EI\n|c|\u2606MetaBonker69|was a fun match frfr\n|c|\u2606ESPIRAL_EI|nice team\n|c|\u2606MetaBonker69|thanks\n|c|\u2606MetaBonker69|your team was also pretty cool\n|c|\u2606ESPIRAL_EI|thanks\n|c|\u2606ESPIRAL_EI|i made it today\n|l|\u2606ESPIRAL_EI\n","uploadtime":1698962465,"views":17,"p1id":"metabonker69","p2id":"espiralei","formatid":"gen9doublesou","rating":0,"private":0,"password":""}