{"id":"gen9doublesou-1979052667","p1":"pignitewaggy","p2":"nom09","format":"[Gen 9] Doubles OU","log":"|j|\u2606pignitewaggy\n|j|\u2606nom09\n|t:|1698626131\n|gametype|doubles\n|player|p1|pignitewaggy|bellelba|1175\n|player|p2|nom09|rood|1090\n|teamsize|p1|6\n|teamsize|p2|6\n|gen|9\n|tier|[Gen 9] Doubles OU\n|rated|\n|rule|Species Clause: Limit one of each Pok\u00e9mon\n|rule|OHKO Clause: OHKO moves are banned\n|rule|Evasion Moves Clause: Evasion moves are banned\n|rule|Gravity Sleep Clause: The combination of sleep-inducing moves with imperfect accuracy and Gravity or Gigantamax Orbeetle are banned\n|rule|Endless Battle Clause: Forcing endless battles is banned\n|rule|HP Percentage Mod: HP is shown in percentages\n|clearpoke\n|poke|p1|Pikachu, M|\n|poke|p1|Ogerpon-Wellspring, F|\n|poke|p1|Thundurus-Therian, M|\n|poke|p1|Sinistcha|\n|poke|p1|Gyarados, F|\n|poke|p1|Raichu-Alola, F|\n|poke|p2|Grafaiai, F|\n|poke|p2|Slaking, M|\n|poke|p2|Tyranitar, F|\n|poke|p2|Torterra, F|\n|poke|p2|Iron Hands|\n|poke|p2|Flutter Mane|\n|teampreview\n|\n|t:|1698626140\n|start\n|switch|p1a: Pikachu|Pikachu, M, shiny|100\/100\n|switch|p1b: Raichu|Raichu-Alola, F|100\/100\n|switch|p2a: Grafaiai|Grafaiai, F|100\/100\n|switch|p2b: Slaking|Slaking, M, shiny|100\/100\n|turn|1\n|\n|t:|1698626168\n|move|p2a: Grafaiai|Doodle|p1a: Pikachu\n|-endability|p2a: Grafaiai|Prankster|[from] move: Doodle\n|-ability|p2a: Grafaiai|Lightning Rod|[from] move: Doodle\n|-endability|p2b: Slaking|Truant|[from] move: Doodle\n|-ability|p2b: Slaking|Lightning Rod|[from] move: Doodle\n|move|p1b: Raichu|Discharge|p2a: Grafaiai|[spread] \n|-ability|p1a: Pikachu|Lightning Rod|boost\n|-boost|p1a: Pikachu|spa|1\n|-ability|p2a: Grafaiai|Lightning Rod|boost\n|-boost|p2a: Grafaiai|spa|1\n|-ability|p2b: Slaking|Lightning Rod|boost\n|-boost|p2b: Slaking|spa|1\n|move|p1a: Pikachu|Discharge|p2b: Slaking|[spread] p1b\n|-ability|p2a: Grafaiai|Lightning Rod|boost\n|-boost|p2a: Grafaiai|spa|1\n|-ability|p2b: Slaking|Lightning Rod|boost\n|-boost|p2b: Slaking|spa|1\n|-resisted|p1b: Raichu\n|-damage|p1b: Raichu|64\/100\n|move|p2b: Slaking|Bulk Up|p2b: Slaking\n|-boost|p2b: Slaking|atk|1\n|-boost|p2b: Slaking|def|1\n|\n|upkeep\n|turn|2\n|c|\u2606pignitewaggy|Uh oh\n|\n|t:|1698626200\n|-terastallize|p1a: Pikachu|Ice\n|move|p1b: Raichu|Reflect|p1b: Raichu\n|-sidestart|p1: pignitewaggy|Reflect\n|move|p1a: Pikachu|Tera Blast|p2b: Slaking|[anim] Tera Blast Ice\n|-damage|p2b: Slaking|49\/100\n|move|p2a: Grafaiai|Super Fang|p1a: Pikachu\n|-damage|p1a: Pikachu|51\/100\n|move|p2b: Slaking|Facade|p1a: Pikachu\n|-damage|p1a: Pikachu|0 fnt\n|faint|p1a: Pikachu\n|\n|upkeep\n|\n|t:|1698626212\n|switch|p1a: Ogerpon|Ogerpon-Wellspring, F|100\/100\n|turn|3\n|\n|t:|1698626223\n|move|p1a: Ogerpon|Ivy Cudgel|p2b: Slaking\n|-damage|p2b: Slaking|25\/100\n|-enditem|p2b: Slaking|Iapapa Berry|[eat]\n|-heal|p2b: Slaking|59\/100|[from] item: Iapapa Berry\n|move|p1b: Raichu|Body Slam|p2b: Slaking\n|-damage|p2b: Slaking|52\/100\n|move|p2a: Grafaiai|Parting Shot|p1a: Ogerpon\n|-unboost|p1a: Ogerpon|atk|1\n|-unboost|p1a: Ogerpon|spa|1\n|\n|t:|1698626238\n|switch|p2a: Tyranitar|Tyranitar, F, shiny|100\/100|[from] Parting Shot\n|-weather|Sandstorm|[from] ability: Sand Stream|[of] p2a: Tyranitar\n|move|p2b: Slaking|Facade|p1a: Ogerpon\n|-damage|p1a: Ogerpon|46\/100\n|\n|-weather|Sandstorm|[upkeep]\n|-damage|p1a: Ogerpon|40\/100|[from] Sandstorm\n|-damage|p2b: Slaking|46\/100|[from] Sandstorm\n|upkeep\n|turn|4\n|\n|t:|1698626270\n|move|p2a: Tyranitar|Protect|p2a: Tyranitar\n|-singleturn|p2a: Tyranitar|Protect\n|move|p1a: Ogerpon|Ivy Cudgel|p2a: Tyranitar\n|-activate|p2a: Tyranitar|move: Protect\n|move|p1b: Raichu|Draining Kiss|p2b: Slaking\n|-damage|p2b: Slaking|34\/100\n|-heal|p1b: Raichu|80\/100|[from] drain|[of] p2b: Slaking\n|move|p2b: Slaking|Slack Off|p2b: Slaking\n|-heal|p2b: Slaking|84\/100\n|\n|-weather|Sandstorm|[upkeep]\n|-damage|p1a: Ogerpon|34\/100|[from] Sandstorm\n|-damage|p2b: Slaking|78\/100|[from] Sandstorm\n|upkeep\n|turn|5\n|\n|t:|1698626291\n|move|p1a: Ogerpon|Ivy Cudgel|p2b: Slaking\n|-damage|p2b: Slaking|63\/100\n|move|p1b: Raichu|Draining Kiss|p2b: Slaking\n|-damage|p2b: Slaking|51\/100\n|-heal|p1b: Raichu|96\/100|[from] drain|[of] p2b: Slaking\n|move|p2a: Tyranitar|Rock Slide|p1b: Raichu|[spread] p1a,p1b\n|-crit|p1a: Ogerpon\n|-damage|p1a: Ogerpon|0 fnt\n|-damage|p1b: Raichu|28\/100\n|faint|p1a: Ogerpon\n|-damage|p2a: Tyranitar|91\/100|[from] item: Life Orb\n|move|p2b: Slaking|Shadow Claw|p1b: Raichu\n|-supereffective|p1b: Raichu\n|-damage|p1b: Raichu|0 fnt\n|faint|p1b: Raichu\n|\n|-weather|Sandstorm|[upkeep]\n|-damage|p2b: Slaking|44\/100|[from] Sandstorm\n|upkeep\n|-message|pignitewaggy forfeited.\n|\n|win|nom09\n|raw|pignitewaggy's rating: 1175 &rarr; <strong>1144<\/strong><br \/>(-31 for losing)\n|raw|nom09's rating: 1090 &rarr; <strong>1123<\/strong><br \/>(+33 for winning)\n|l|\u2606pignitewaggy\n|l|\u2606nom09\n|j|\u2606pignitewaggy\n|player|p1|pignitewaggy|bellelba\n","uploadtime":1698626576,"views":14,"p1id":"pignitewaggy","p2id":"nom09","formatid":"gen9doublesou","rating":1123,"private":0,"password":""}