{"id":"gen9doublesou-1987297182","p1":"jomatoes","p2":"a spiffy spaceman","format":"[Gen 9] Doubles OU","log":"|j|\u2606jomatoes\n|j|\u2606a spiffy spaceman\n|t:|1699574514\n|gametype|doubles\n|player|p1|jomatoes|#dwcopiii|\n|player|p2|a spiffy spaceman|pokemonbreeder|\n|teamsize|p1|6\n|teamsize|p2|6\n|gen|9\n|tier|[Gen 9] Doubles OU\n|rule|Species Clause: Limit one of each Pok\u00e9mon\n|rule|OHKO Clause: OHKO moves are banned\n|rule|Evasion Moves Clause: Evasion moves are banned\n|rule|Gravity Sleep Clause: The combination of sleep-inducing moves with imperfect accuracy and Gravity or Gigantamax Orbeetle are banned\n|rule|Endless Battle Clause: Forcing endless battles is banned\n|rule|HP Percentage Mod: HP is shown in percentages\n|clearpoke\n|poke|p1|Moltres-Galar|\n|poke|p1|Sinistcha|\n|poke|p1|Landorus-Therian, M|\n|poke|p1|Flutter Mane|\n|poke|p1|Volcanion|\n|poke|p1|Iron Hands|\n|poke|p2|Tornadus, M|\n|poke|p2|Landorus-Therian, M|\n|poke|p2|Ogerpon-Hearthflame, F|\n|poke|p2|Rillaboom, M|\n|poke|p2|Roaring Moon|\n|poke|p2|Heatran, M|\n|teampreview\n|j|+daawesomedude1 (\n|j| qsns\n|j|+ryo yamada2001\n|j| kaori\n|j| Schister\n|j| Smudge\n|j| VGCLTE Lem\n|j| eragon11145\n|j|+zoe\n|j| big pichu\n|\n|t:|1699574615\n|start\n|switch|p1a: Iron Hands|Iron Hands|100\/100\n|switch|p1b: Flutter Mane|Flutter Mane|100\/100\n|switch|p2a: Landorus|Landorus-Therian, M|100\/100\n|switch|p2b: Tornadus|Tornadus, M|100\/100\n|-ability|p2a: Landorus|Intimidate|boost\n|-unboost|p1a: Iron Hands|atk|1\n|-unboost|p1b: Flutter Mane|atk|1\n|turn|1\n|j| RelicanthPrimal<><\n|j| Toxinalpaca\n|l| Toxinalpaca\n|j| EGAWalreins\n|j| The Graves Family\n|\n|t:|1699574677\n|switch|p2a: Heatran|Heatran, M|100\/100\n|move|p1a: Iron Hands|Fake Out|p2b: Tornadus\n|-damage|p2b: Tornadus|92\/100\n|move|p2b: Tornadus|Tailwind|p2b: Tornadus\n|-sidestart|p2: a spiffy spaceman|move: Tailwind\n|move|p1b: Flutter Mane|Icy Wind|p2a: Heatran|[spread] p2a,p2b\n|-resisted|p2a: Heatran\n|-supereffective|p2b: Tornadus\n|-damage|p2a: Heatran|97\/100\n|-damage|p2b: Tornadus|51\/100\n|-unboost|p2a: Heatran|spe|1\n|\n|-heal|p2a: Heatran|100\/100|[from] item: Leftovers\n|upkeep\n|turn|2\n|j| R4ye\n|j| SingleThunder\n|l| R4ye\n|j| R4ye\n|inactive|Battle timer is ON: inactive players will automatically lose when time's up. (requested by jomatoes)\n|l| SingleThunder\n|j| SingleThunder\n|\n|t:|1699574805\n|switch|p2b: Ogerpon|Ogerpon-Hearthflame, F|100\/100\n|-ability|p2b: Ogerpon|Mold Breaker\n|-end|p1b: Flutter Mane|Protosynthesis|[silent]\n|switch|p1b: Volcanion|Volcanion|100\/100\n|move|p2a: Heatran|Earth Power|p1b: Volcanion\n|-supereffective|p1b: Volcanion\n|-damage|p1b: Volcanion|58\/100\n|move|p1a: Iron Hands|Wild Charge|p2b: Ogerpon\n|-resisted|p2b: Ogerpon\n|-damage|p2b: Ogerpon|77\/100\n|-damage|p1a: Iron Hands|96\/100|[from] Recoil\n|\n|upkeep\n|turn|3\n|inactive|a spiffy spaceman has 270 seconds left.\n|\n|t:|1699574856\n|-end|p1a: Iron Hands|Quark Drive|[silent]\n|switch|p1a: Landorus|Landorus-Therian, M|100\/100\n|-ability|p1a: Landorus|Intimidate|boost\n|-unboost|p2a: Heatran|atk|1\n|-unboost|p2b: Ogerpon|atk|1\n|move|p2b: Ogerpon|Wood Hammer|p1b: Volcanion\n|-damage|p1b: Volcanion|18\/100\n|-damage|p2b: Ogerpon|62\/100|[from] Recoil\n|move|p2a: Heatran|Earth Power|p1b: Volcanion\n|-supereffective|p1b: Volcanion\n|-damage|p1b: Volcanion|0 fnt\n|faint|p1b: Volcanion\n|\n|upkeep\n|\n|t:|1699574868\n|switch|p1b: Moltres|Moltres-Galar|100\/100\n|turn|4\n|inactive|a spiffy spaceman has 270 seconds left.\n|inactive|a spiffy spaceman has 240 seconds left.\n|\n|t:|1699574909\n|switch|p2b: Landorus|Landorus-Therian, M|100\/100\n|-ability|p2b: Landorus|Intimidate|boost\n|-unboost|p1a: Landorus|atk|1\n|-unboost|p1b: Moltres|atk|1\n|-terastallize|p2a: Heatran|Fairy\n|move|p1a: Landorus|Earthquake|p2a: Heatran|[spread] p2a\n|-immune|p1b: Moltres\n|-immune|p2b: Landorus\n|-damage|p2a: Heatran|65\/100\n|move|p2a: Heatran|Heat Wave|p1b: Moltres|[spread] p1a\n|-miss|p2a: Heatran|p1b: Moltres\n|-damage|p1a: Landorus|57\/100\n|move|p1b: Moltres|Nasty Plot|p1b: Moltres\n|-boost|p1b: Moltres|spa|2\n|\n|-heal|p2a: Heatran|71\/100|[from] item: Leftovers\n|-sideend|p2: a spiffy spaceman|move: Tailwind\n|upkeep\n|turn|5\n|inactive|a spiffy spaceman has 240 seconds left.\n|\n|t:|1699574944\n|switch|p1a: Iron Hands|Iron Hands|96\/100\n|move|p1b: Moltres|Protect|p1b: Moltres\n|-singleturn|p1b: Moltres|Protect\n|move|p2b: Landorus|U-turn|p1b: Moltres\n|-activate|p1b: Moltres|move: Protect\n|move|p2a: Heatran|Heat Wave|p1b: Moltres|[spread] p1a\n|-activate|p1b: Moltres|move: Protect\n|-damage|p1a: Iron Hands|78\/100\n|\n|-heal|p2a: Heatran|78\/100|[from] item: Leftovers\n|upkeep\n|turn|6\n|inactive|a spiffy spaceman has 240 seconds left.\n|inactive|a spiffy spaceman has 210 seconds left.\n|\n|t:|1699574996\n|move|p2a: Heatran|Protect|p2a: Heatran\n|-singleturn|p2a: Heatran|Protect\n|move|p1a: Iron Hands|Fake Out|p2b: Landorus\n|-damage|p2b: Landorus|86\/100\n|cant|p2b: Landorus|flinch\n|move|p1b: Moltres|Air Slash|p2a: Heatran\n|-activate|p2a: Heatran|move: Protect\n|\n|-heal|p2a: Heatran|84\/100|[from] item: Leftovers\n|upkeep\n|turn|7\n|inactive|a spiffy spaceman has 210 seconds left.\n|j| as we fall over\n|l| SingleThunder\n|j| SingleThunder\n|\n|t:|1699575033\n|move|p2b: Landorus|U-turn|p1b: Moltres\n|-damage|p1b: Moltres|76\/100\n|\n|t:|1699575044\n|switch|p2b: Rillaboom|Rillaboom, M|100\/100|[from] U-turn\n|-fieldstart|move: Grassy Terrain|[from] ability: Grassy Surge|[of] p2b: Rillaboom\n|move|p1b: Moltres|Fiery Wrath|p2a: Heatran|[spread] p2a,p2b\n|-resisted|p2a: Heatran\n|-damage|p2a: Heatran|62\/100\n|-damage|p2b: Rillaboom|59\/100\n|move|p2a: Heatran|Heat Wave|p1b: Moltres|[spread] p1a\n|-miss|p2a: Heatran|p1b: Moltres\n|-damage|p1a: Iron Hands|57\/100\n|-status|p1a: Iron Hands|brn\n|move|p1a: Iron Hands|Wild Charge|p2a: Heatran\n|-damage|p2a: Heatran|38\/100\n|-damage|p1a: Iron Hands|52\/100 brn|[from] Recoil\n|\n|-heal|p1b: Moltres|82\/100|[from] item: Leftovers\n|-heal|p2b: Rillaboom|65\/100|[from] Grassy Terrain\n|-heal|p2a: Heatran|45\/100|[from] Grassy Terrain\n|-heal|p2a: Heatran|51\/100|[from] item: Leftovers\n|-heal|p1a: Iron Hands|58\/100 brn|[from] Grassy Terrain\n|-damage|p1a: Iron Hands|52\/100 brn|[from] brn\n|upkeep\n|turn|8\n|inactive|a spiffy spaceman has 210 seconds left.\n|j| Grandmas Cookin\n|l| SingleThunder\n|j| SingleThunder\n|inactive|a spiffy spaceman has 180 seconds left.\n|l| big pichu\n|inactive|jomatoes has 270 seconds left.\n|inactive|a spiffy spaceman has 150 seconds left.\n|j| as we fall over\n|inactive|a spiffy spaceman has 120 seconds left.\n|l| SingleThunder\n|inactive|a spiffy spaceman has 90 seconds left.\n|\n|t:|1699575195\n|move|p2b: Rillaboom|Fake Out|p1b: Moltres\n|-damage|p1b: Moltres|69\/100\n|cant|p1b: Moltres|flinch\n|move|p2a: Heatran|Heat Wave|p1a: Iron Hands|[spread] p1a\n|-miss|p2a: Heatran|p1b: Moltres\n|-damage|p1a: Iron Hands|33\/100 brn\n|move|p1a: Iron Hands|Volt Switch|p2a: Heatran\n|-damage|p2a: Heatran|41\/100\n|\n|t:|1699575213\n|-end|p1a: Iron Hands|Quark Drive|[silent]\n|switch|p1a: Landorus|Landorus-Therian, M|57\/100|[from] Volt Switch\n|-ability|p1a: Landorus|Intimidate|boost\n|-unboost|p2a: Heatran|atk|1\n|-unboost|p2b: Rillaboom|atk|1\n|\n|-heal|p1b: Moltres|75\/100|[from] item: Leftovers\n|-heal|p2b: Rillaboom|71\/100|[from] Grassy Terrain\n|-heal|p2a: Heatran|47\/100|[from] Grassy Terrain\n|-heal|p2a: Heatran|53\/100|[from] item: Leftovers\n|upkeep\n|turn|9\n|c| qsns|my god\n|inactive|jomatoes has 270 seconds left.\n|inactive|a spiffy spaceman has 90 seconds left.\n|c| Schister|Intangible Bird\n|inactive|jomatoes has 240 seconds left.\n|inactive|jomatoes has 210 seconds left.\n|inactive|jomatoes has 180 seconds left.\n|\n|t:|1699575308\n|switch|p2a: Landorus|Landorus-Therian, M|86\/100\n|-ability|p2a: Landorus|Intimidate|boost\n|-unboost|p1a: Landorus|atk|1\n|-unboost|p1b: Moltres|atk|1\n|move|p1a: Landorus|U-turn|p2b: Rillaboom\n|-supereffective|p2b: Rillaboom\n|-damage|p2b: Rillaboom|22\/100\n|inactive|jomatoes has 180 seconds left.\n|\n|t:|1699575319\n|switch|p1a: Iron Hands|Iron Hands|33\/100 brn|[from] U-turn\n|move|p1b: Moltres|Air Slash|p2a: Landorus\n|-damage|p2a: Landorus|19\/100\n|-enditem|p2a: Landorus|Sitrus Berry|[eat]\n|-heal|p2a: Landorus|44\/100|[from] item: Sitrus Berry\n|move|p2b: Rillaboom|U-turn|p1b: Moltres\n|-damage|p1b: Moltres|59\/100\n|inactive|a spiffy spaceman has 60 seconds left.\n|\n|t:|1699575345\n|switch|p2b: Tornadus|Tornadus, M|51\/100|[from] U-turn\n|\n|-heal|p1b: Moltres|65\/100|[from] item: Leftovers\n|-heal|p1a: Iron Hands|39\/100 brn|[from] Grassy Terrain\n|-damage|p1a: Iron Hands|33\/100 brn|[from] brn\n|upkeep\n|turn|10\n|inactive|a spiffy spaceman has 60 seconds left.\n|\n|t:|1699575384\n|-end|p1a: Iron Hands|Quark Drive|[silent]\n|switch|p1a: Landorus|Landorus-Therian, M|57\/100\n|-ability|p1a: Landorus|Intimidate|boost\n|-unboost|p2a: Landorus|atk|1\n|-unboost|p2b: Tornadus|atk|1\n|move|p2b: Tornadus|Bleakwind Storm|p1a: Landorus|[spread] p1b\n|-miss|p2b: Tornadus|p1a: Landorus\n|-damage|p1b: Moltres|41\/100\n|-ability|p1b: Moltres|Berserk|boost\n|-boost|p1b: Moltres|spa|1\n|move|p2a: Landorus|Taunt|p1b: Moltres\n|-start|p1b: Moltres|move: Taunt\n|move|p1b: Moltres|Fiery Wrath|p2a: Landorus|[spread] p2a,p2b\n|-damage|p2a: Landorus|0 fnt\n|-damage|p2b: Tornadus|0 fnt\n|faint|p2a: Landorus\n|faint|p2b: Tornadus\n|\n|-heal|p1b: Moltres|48\/100|[from] item: Leftovers\n|upkeep\n|j| Asereje ja de je\n|inactive|a spiffy spaceman has 30 seconds left.\n|\n|t:|1699575410\n|switch|p2b: Rillaboom|Rillaboom, M|22\/100\n|switch|p2a: Ogerpon|Ogerpon-Hearthflame, F|62\/100\n|-ability|p2a: Ogerpon|Mold Breaker\n|turn|11\n|inactive|jomatoes has 210 seconds left.\n|inactive|jomatoes has 180 seconds left.\n|inactive|a spiffy spaceman has 30 seconds left.\n|\n|t:|1699575451\n|switch|p1a: Iron Hands|Iron Hands|33\/100 brn\n|move|p2b: Rillaboom|Fake Out|p1a: Iron Hands\n|-damage|p1a: Iron Hands|22\/100 brn\n|move|p2a: Ogerpon|Ivy Cudgel|p1b: Moltres\n|-damage|p1b: Moltres|0 fnt\n|faint|p1b: Moltres\n|\n|-heal|p2a: Ogerpon|69\/100|[from] Grassy Terrain\n|-heal|p2b: Rillaboom|28\/100|[from] Grassy Terrain\n|-heal|p1a: Iron Hands|29\/100 brn|[from] Grassy Terrain\n|-damage|p1a: Iron Hands|22\/100 brn|[from] brn\n|-fieldend|move: Grassy Terrain\n|upkeep\n|inactive|jomatoes has 180 seconds left.\n|\n|t:|1699575465\n|switch|p1b: Landorus|Landorus-Therian, M|57\/100\n|-ability|p1b: Landorus|Intimidate|boost\n|-unboost|p2a: Ogerpon|atk|1\n|-unboost|p2b: Rillaboom|atk|1\n|turn|12\n|inactive|jomatoes has 180 seconds left.\n|\n|t:|1699575495\n|switch|p2b: Heatran|Heatran, M, tera:Fairy|53\/100\n|move|p2a: Ogerpon|Spiky Shield|p2a: Ogerpon\n|-singleturn|p2a: Ogerpon|move: Protect\n|move|p1a: Iron Hands|Fake Out|p2a: Ogerpon\n|-activate|p2a: Ogerpon|move: Protect\n|-damage|p1a: Iron Hands|10\/100 brn|[from] Spiky Shield|[of] p2a: Ogerpon\n|move|p1b: Landorus|U-turn|p2b: Heatran\n|-resisted|p2b: Heatran\n|-damage|p2b: Heatran|35\/100\n|\n|t:|1699575522\n|switch|p1b: Flutter Mane|Flutter Mane|100\/100|[from] U-turn\n|\n|-heal|p2b: Heatran|41\/100|[from] item: Leftovers\n|-damage|p1a: Iron Hands|4\/100 brn|[from] brn\n|upkeep\n|turn|13\n|inactive|a spiffy spaceman has 60 seconds left.\n|l| qsns\n|j| qsns\n|inactive|jomatoes has 150 seconds left.\n|inactive|a spiffy spaceman has 30 seconds left.\n|inactive|a spiffy spaceman has 20 seconds left.\n|inactive|a spiffy spaceman has 15 seconds left.\n|j| NinjaSnapple\n|inactive|jomatoes has 120 seconds left.\n|inactive|a spiffy spaceman has 10 seconds left.\n|inactive|jomatoes has 90 seconds left.\n|j| LC Enjoyer Fan\n|\n|t:|1699575624\n|-end|p1a: Iron Hands|Quark Drive|[silent]\n|switch|p1a: Landorus|Landorus-Therian, M|57\/100\n|-ability|p1a: Landorus|Intimidate|boost\n|-unboost|p2a: Ogerpon|atk|1\n|-unboost|p2b: Heatran|atk|1\n|move|p1b: Flutter Mane|Shadow Ball|p2a: Ogerpon\n|-damage|p2a: Ogerpon|10\/100\n|-unboost|p2a: Ogerpon|spd|1\n|move|p2a: Ogerpon|Ivy Cudgel|p1b: Flutter Mane\n|-crit|p1b: Flutter Mane\n|-damage|p1b: Flutter Mane|0 fnt\n|faint|p1b: Flutter Mane\n|-end|p1b: Flutter Mane|Protosynthesis|[silent]\n|move|p2b: Heatran|Heat Wave|p1a: Landorus|[miss]\n|-miss|p2b: Heatran|p1a: Landorus\n|\n|-heal|p2b: Heatran|47\/100|[from] item: Leftovers\n|upkeep\n|inactive|a spiffy spaceman has 15 seconds left this turn.\n|\n|t:|1699575640\n|switch|p1b: Sinistcha|Sinistcha|100\/100\n|-heal|p1a: Landorus|81\/100|[from] ability: Hospitality|[of] p1b: Sinistcha\n|turn|14\n|inactive|jomatoes has 90 seconds left.\n|inactive|a spiffy spaceman has 30 seconds left.\n|l| LC Enjoyer Fan\n|inactive|a spiffy spaceman has 20 seconds left.\n|inactive|a spiffy spaceman has 15 seconds left.\n|inactive|a spiffy spaceman has 10 seconds left.\n|\n|t:|1699575674\n|switch|p2a: Rillaboom|Rillaboom, M|28\/100\n|-fieldstart|move: Grassy Terrain|[from] ability: Grassy Surge|[of] p2a: Rillaboom\n|move|p1b: Sinistcha|Protect|p1b: Sinistcha\n|-singleturn|p1b: Sinistcha|Protect\n|move|p1a: Landorus|Earthquake|p2b: Heatran|[spread] p2a,p2b\n|-activate|p1b: Sinistcha|move: Protect\n|-resisted|p2a: Rillaboom\n|-damage|p2a: Rillaboom|14\/100\n|-damage|p2b: Heatran|21\/100\n|move|p2b: Heatran|Heat Wave|p1b: Sinistcha|[spread] p1a\n|-activate|p1b: Sinistcha|move: Protect\n|-damage|p1a: Landorus|31\/100\n|\n|-heal|p2a: Rillaboom|20\/100|[from] Grassy Terrain\n|-heal|p2b: Heatran|27\/100|[from] Grassy Terrain\n|-heal|p2b: Heatran|33\/100|[from] item: Leftovers\n|upkeep\n|turn|15\n|inactive|a spiffy spaceman has 30 seconds left.\n|l| eragon11145\n|inactive|jomatoes has 90 seconds left.\n|\n|t:|1699575702\n|switch|p1a: Iron Hands|Iron Hands|4\/100 brn\n|move|p2a: Rillaboom|Fake Out|p1a: Iron Hands\n|-damage|p1a: Iron Hands|0 fnt\n|faint|p1a: Iron Hands\n|-end|p1a: Iron Hands|Quark Drive|[silent]\n|move|p2b: Heatran|Heat Wave|p1b: Sinistcha\n|-supereffective|p1b: Sinistcha\n|-damage|p1b: Sinistcha|11\/100\n|-enditem|p1b: Sinistcha|Sitrus Berry|[eat]\n|-heal|p1b: Sinistcha|36\/100|[from] item: Sitrus Berry\n|move|p1b: Sinistcha|Life Dew|p1b: Sinistcha\n|-heal|p1b: Sinistcha|61\/100\n|\n|-heal|p2a: Rillaboom|26\/100|[from] Grassy Terrain\n|-heal|p2b: Heatran|39\/100|[from] Grassy Terrain\n|-heal|p2b: Heatran|46\/100|[from] item: Leftovers\n|-heal|p1b: Sinistcha|68\/100|[from] Grassy Terrain\n|upkeep\n|inactive|a spiffy spaceman has 30 seconds left this turn.\n|j| eragon11145\n|\n|t:|1699575712\n|switch|p1a: Landorus|Landorus-Therian, M|31\/100\n|-ability|p1a: Landorus|Intimidate|boost\n|-unboost|p2a: Rillaboom|atk|1\n|-unboost|p2b: Heatran|atk|1\n|turn|16\n|l| VGCLTE Lem\n|\n|t:|1699575722\n|-terastallize|p1a: Landorus|Flying\n|move|p2b: Heatran|Protect|p2b: Heatran\n|-singleturn|p2b: Heatran|Protect\n|move|p2a: Rillaboom|Grassy Glide|p1a: Landorus\n|-resisted|p1a: Landorus\n|-damage|p1a: Landorus|16\/100\n|move|p1a: Landorus|Tera Blast|p2b: Heatran|[anim] Tera Blast Flying\n|-activate|p2b: Heatran|move: Protect\n|move|p1b: Sinistcha|Life Dew|p1b: Sinistcha|[spread] p1a,p1b\n|-heal|p1a: Landorus|41\/100\n|-heal|p1b: Sinistcha|93\/100\n|\n|-heal|p2a: Rillaboom|32\/100|[from] Grassy Terrain\n|-heal|p2b: Heatran|52\/100|[from] Grassy Terrain\n|-heal|p2b: Heatran|58\/100|[from] item: Leftovers\n|-heal|p1b: Sinistcha|99\/100|[from] Grassy Terrain\n|upkeep\n|turn|17\n|inactive|a spiffy spaceman has 60 seconds left.\n|\n|t:|1699575760\n|switch|p2a: Ogerpon|Ogerpon-Hearthflame, F|10\/100\n|-ability|p2a: Ogerpon|Mold Breaker\n|move|p1a: Landorus|Tera Blast|p2b: Heatran|[anim] Tera Blast Flying\n|-damage|p2b: Heatran|0 fnt\n|faint|p2b: Heatran\n|move|p1b: Sinistcha|Life Dew|p1b: Sinistcha|[spread] p1a,p1b\n|-heal|p1a: Landorus|66\/100\n|-heal|p1b: Sinistcha|100\/100\n|\n|-heal|p2a: Ogerpon|16\/100|[from] Grassy Terrain\n|upkeep\n|j| KeanuVGC\n|inactive|a spiffy spaceman has 30 seconds left.\n|\n|t:|1699575775\n|switch|p2b: Rillaboom|Rillaboom, M|32\/100\n|turn|18\n|\n|t:|1699575780\n|move|p2b: Rillaboom|Fake Out|p1a: Landorus\n|-damage|p1a: Landorus|48\/100\n|cant|p1a: Landorus|flinch\n|move|p2a: Ogerpon|Ivy Cudgel|p1a: Landorus\n|-damage|p1a: Landorus|0 fnt\n|faint|p1a: Landorus\n|move|p1b: Sinistcha|Matcha Gotcha|p2a: Ogerpon|[spread] p2a,p2b\n|-resisted|p2a: Ogerpon\n|-crit|p2a: Ogerpon\n|-resisted|p2b: Rillaboom\n|-damage|p2a: Ogerpon|3\/100\n|-damage|p2b: Rillaboom|21\/100\n|-status|p2b: Rillaboom|brn\n|\n|-heal|p2a: Ogerpon|9\/100|[from] Grassy Terrain\n|-heal|p2b: Rillaboom|27\/100 brn|[from] Grassy Terrain\n|-damage|p2b: Rillaboom|21\/100 brn|[from] brn\n|-fieldend|move: Grassy Terrain\n|upkeep\n|turn|19\n|c|\u2606jomatoes|gg\n|\n|t:|1699575793\n|move|p2a: Ogerpon|Ivy Cudgel|p1b: Sinistcha\n|-supereffective|p1b: Sinistcha\n|-damage|p1b: Sinistcha|0 fnt\n|faint|p1b: Sinistcha\n|\n|win|a spiffy spaceman\n|c|\u2606a spiffy spaceman|gg\n|l|+zoe\n|l| R4ye\n|l|+daawesomedude1 (\n|l| eragon11145\n|l| kaori\n|l| Grandmas Cookin\n|j| LC Enjoyer Fan\n|l| LC Enjoyer Fan\n|l|\u2606a spiffy spaceman\n|l| Smudge\n|j| LC Enjoyer Fan\n|l| LC Enjoyer Fan\n|j| eragon11145\n|l|\u2606jomatoes\n|l| The Graves Family\n|j| LC Enjoyer Fan\n|j| The Graves Family\n|l| LC Enjoyer Fan\n|l| KeanuVGC\n|l| Schister\n|l| qsns\n|l| Asereje ja de je\n|l| The Graves Family\n|l| eragon11145\n|l| RelicanthPrimal<><\n|j| F3rrari450\n|l| F3rrari450\n|l| EGAWalreins\n|l| NinjaSnapple\n|j| Entrocefalo\n|l| Entrocefalo\n|l|+ryo yamada2001\n|j| Annie January\n|l| Annie January\n|j| big pichu\n|l| big pichu\n|j| big pichu\n","uploadtime":1699575806,"views":186,"p1id":"jomatoes","p2id":"aspiffyspaceman","formatid":"gen9doublesou","rating":0,"private":0,"password":""}