{"id":"gen9doublesou-1990053725","p1":"Theonlykev1","p2":"MonkeyLover227","format":"[Gen 9] Doubles OU","log":"|j|\u2606Theonlykev1\n|j|\u2606MonkeyLover227\n|t:|1699919543\n|gametype|doubles\n|player|p1|Theonlykev1|ltsurge|1300\n|player|p2|MonkeyLover227|benga|1335\n|teamsize|p1|6\n|teamsize|p2|6\n|gen|9\n|tier|[Gen 9] Doubles OU\n|rated|\n|rule|Species Clause: Limit one of each Pok\u00e9mon\n|rule|OHKO Clause: OHKO moves are banned\n|rule|Evasion Moves Clause: Evasion moves are banned\n|rule|Gravity Sleep Clause: The combination of sleep-inducing moves with imperfect accuracy and Gravity or Gigantamax Orbeetle are banned\n|rule|Endless Battle Clause: Forcing endless battles is banned\n|rule|HP Percentage Mod: HP is shown in percentages\n|clearpoke\n|poke|p1|Farigiraf, M|\n|poke|p1|Thundurus, M|\n|poke|p1|Slaking, M|\n|poke|p1|Weezing, F|\n|poke|p1|Walking Wake|\n|poke|p1|Ogerpon-Hearthflame, F|\n|poke|p2|Samurott-Hisui, M|\n|poke|p2|Ursaluna-Bloodmoon, M|\n|poke|p2|Cresselia, F|\n|poke|p2|Glimmora, M|\n|poke|p2|Kingambit, F|\n|poke|p2|Flutter Mane|\n|teampreview\n|inactive|Battle timer is ON: inactive players will automatically lose when time's up. (requested by MonkeyLover227)\n|\n|t:|1699919550\n|start\n|switch|p1a: Weezing|Weezing, F|100\/100\n|switch|p1b: Slaking|Slaking, M|100\/100\n|switch|p2a: Cresselia|Cresselia, F|100\/100\n|switch|p2b: Glimmora|Glimmora, M|100\/100\n|-ability|p1a: Weezing|Neutralizing Gas\n|turn|1\n|\n|t:|1699919568\n|move|p1b: Slaking|Knock Off|p2a: Cresselia\n|-supereffective|p2a: Cresselia\n|-damage|p2a: Cresselia|49\/100\n|-enditem|p2a: Cresselia|Leftovers|[from] move: Knock Off|[of] p1b: Slaking\n|move|p2b: Glimmora|Stealth Rock|p1a: Weezing\n|-sidestart|p1: Theonlykev1|move: Stealth Rock\n|move|p1a: Weezing|Heat Wave|p2a: Cresselia|[spread] p2a,p2b\n|-resisted|p2b: Glimmora\n|-damage|p2a: Cresselia|37\/100\n|-damage|p2b: Glimmora|89\/100\n|-status|p2b: Glimmora|brn\n|move|p2a: Cresselia|Trick Room|p2a: Cresselia\n|-fieldstart|move: Trick Room|[of] p2a: Cresselia\n|\n|-damage|p2b: Glimmora|83\/100 brn|[from] brn\n|upkeep\n|turn|2\n|\n|t:|1699919598\n|move|p1a: Weezing|Sludge Bomb|p2a: Cresselia\n|-damage|p2a: Cresselia|13\/100\n|-status|p2a: Cresselia|psn\n|move|p2a: Cresselia|Lunar Blessing|p2a: Cresselia|[spread] p2a,p2b\n|-heal|p2a: Cresselia|37\/100 psn\n|-curestatus|p2a: Cresselia|psn|[msg]\n|-heal|p2b: Glimmora|100\/100 brn\n|-curestatus|p2b: Glimmora|brn|[msg]\n|move|p2b: Glimmora|Power Gem|p1b: Slaking\n|-damage|p1b: Slaking|63\/100\n|move|p1b: Slaking|Knock Off|p2a: Cresselia\n|-supereffective|p2a: Cresselia\n|-damage|p2a: Cresselia|2\/100\n|\n|-heal|p1b: Slaking|69\/100|[from] item: Leftovers\n|upkeep\n|turn|3\n|\n|t:|1699919622\n|move|p1a: Weezing|Sludge Bomb|p2a: Cresselia\n|-damage|p2a: Cresselia|0 fnt\n|faint|p2a: Cresselia\n|move|p2b: Glimmora|Toxic Spikes|p1a: Weezing\n|-sidestart|p1: Theonlykev1|move: Toxic Spikes\n|move|p1b: Slaking|Hammer Arm|p2b: Glimmora\n|-damage|p2b: Glimmora|60\/100\n|-unboost|p1b: Slaking|spe|1\n|\n|-heal|p1b: Slaking|75\/100|[from] item: Leftovers\n|upkeep\n|\n|t:|1699919632\n|switch|p2a: Ursaluna|Ursaluna-Bloodmoon, M|100\/100\n|turn|4\n|\n|t:|1699919650\n|-end|p1a: Weezing|ability: Neutralizing Gas\n|switch|p1a: Thundurus|Thundurus, M|100\/100\n|-damage|p1a: Thundurus|75\/100|[from] Stealth Rock\n|move|p2a: Ursaluna|Earth Power|p1a: Thundurus\n|-immune|p1a: Thundurus\n|move|p1b: Slaking|Hammer Arm|p2a: Ursaluna\n|-supereffective|p2a: Ursaluna\n|-damage|p2a: Ursaluna|45\/100\n|-unboost|p1b: Slaking|spe|1\n|move|p2b: Glimmora|Power Gem|p1a: Thundurus\n|-supereffective|p1a: Thundurus\n|-damage|p1a: Thundurus|0 fnt\n|faint|p1a: Thundurus\n|\n|-heal|p2a: Ursaluna|51\/100|[from] item: Leftovers\n|-heal|p1b: Slaking|81\/100|[from] item: Leftovers\n|upkeep\n|inactive|Theonlykev1 has 120 seconds left.\n|\n|t:|1699919671\n|switch|p1a: Weezing|Weezing, F|100\/100\n|-ability|p1a: Weezing|Neutralizing Gas\n|-damage|p1a: Weezing|88\/100|[from] Stealth Rock\n|-sideend|p1: Theonlykev1|move: Toxic Spikes|[of] p1a: Weezing\n|turn|5\n|\n|t:|1699919685\n|move|p2a: Ursaluna|Earth Power|p1a: Weezing\n|-supereffective|p1a: Weezing\n|-damage|p1a: Weezing|5\/100\n|move|p1b: Slaking|Hammer Arm|p2a: Ursaluna\n|-supereffective|p2a: Ursaluna\n|-damage|p2a: Ursaluna|0 fnt\n|-unboost|p1b: Slaking|spe|1\n|faint|p2a: Ursaluna\n|move|p1a: Weezing|Sludge Bomb|p2b: Glimmora\n|-resisted|p2b: Glimmora\n|-damage|p2b: Glimmora|50\/100\n|move|p2b: Glimmora|Toxic Spikes|p1b: Slaking\n|-sidestart|p1: Theonlykev1|move: Toxic Spikes\n|\n|-heal|p1b: Slaking|87\/100|[from] item: Leftovers\n|-fieldend|move: Trick Room\n|upkeep\n|\n|t:|1699919706\n|switch|p2a: Kingambit|Kingambit, F|100\/100\n|turn|6\n|\n|t:|1699919716\n|move|p2b: Glimmora|Power Gem|p1a: Weezing\n|-damage|p1a: Weezing|0 fnt\n|faint|p1a: Weezing\n|-end|p1a: Weezing|ability: Neutralizing Gas\n|-activate|p2a: Kingambit|ability: Supreme Overlord\n|-start|p2a: Kingambit|fallen2|[silent]\n|move|p2a: Kingambit|Swords Dance|p2a: Kingambit\n|-boost|p2a: Kingambit|atk|2\n|move|p1b: Slaking|Hammer Arm|p2a: Kingambit\n|-supereffective|p2a: Kingambit\n|-damage|p2a: Kingambit|0 fnt\n|-unboost|p1b: Slaking|spe|1\n|faint|p2a: Kingambit\n|-end|p2a: Kingambit|fallen2|[silent]\n|\n|-heal|p1b: Slaking|93\/100|[from] item: Leftovers\n|upkeep\n|\n|t:|1699919739\n|switch|p1a: Farigiraf|Farigiraf, M|100\/100\n|switch|p2a: Samurott|Samurott-Hisui, M|100\/100\n|-damage|p1a: Farigiraf|88\/100|[from] Stealth Rock\n|-status|p1a: Farigiraf|psn\n|turn|7\n|\n|t:|1699919763\n|move|p2b: Glimmora|Power Gem|p1b: Slaking\n|-damage|p1b: Slaking|55\/100\n|move|p2a: Samurott|Ceaseless Edge|p1a: Farigiraf\n|-supereffective|p1a: Farigiraf\n|-damage|p1a: Farigiraf|0 fnt\n|-sidestart|p1: Theonlykev1|Spikes\n|faint|p1a: Farigiraf\n|-damage|p2a: Samurott|91\/100|[from] item: Life Orb\n|cant|p1b: Slaking|ability: Truant\n|\n|-heal|p1b: Slaking|61\/100|[from] item: Leftovers\n|upkeep\n|\n|t:|1699919777\n|switch|p1a: Ogerpon|Ogerpon-Hearthflame, F|100\/100\n|-damage|p1a: Ogerpon|76\/100|[from] Stealth Rock\n|-status|p1a: Ogerpon|psn\n|-damage|p1a: Ogerpon|63\/100 psn|[from] Spikes\n|-ability|p1a: Ogerpon|Mold Breaker\n|turn|8\n|\n|t:|1699919792\n|-terastallize|p1a: Ogerpon|Fire\n|detailschange|p1a: Ogerpon|Ogerpon-Hearthflame-Tera, F, tera:Fire\n|-ability|p1a: Ogerpon|Embody Aspect (Hearthflame)|boost\n|-boost|p1a: Ogerpon|atk|1\n|-terastallize|p2a: Samurott|Fighting\n|move|p1a: Ogerpon|Horn Leech|p2a: Samurott\n|-damage|p2a: Samurott|19\/100\n|-heal|p1a: Ogerpon|100\/100 psn|[from] drain|[of] p2a: Samurott\n|move|p2b: Glimmora|Stealth Rock||[still]\n|-fail|p2b: Glimmora\n|move|p2a: Samurott|Sacred Sword|p1b: Slaking\n|-supereffective|p1b: Slaking\n|-damage|p1b: Slaking|0 fnt\n|faint|p1b: Slaking\n|-damage|p2a: Samurott|9\/100|[from] item: Life Orb\n|\n|-damage|p1a: Ogerpon|88\/100 psn|[from] psn\n|upkeep\n|\n|t:|1699919812\n|switch|p1b: Walking Wake|Walking Wake|100\/100\n|-damage|p1b: Walking Wake|88\/100|[from] Stealth Rock\n|-status|p1b: Walking Wake|psn\n|-damage|p1b: Walking Wake|76\/100 psn|[from] Spikes\n|turn|9\n|\n|t:|1699919827\n|move|p1a: Ogerpon|Ivy Cudgel|p2b: Glimmora\n|-resisted|p2b: Glimmora\n|-damage|p2b: Glimmora|0 fnt\n|-activate|p2b: Glimmora|ability: Toxic Debris\n|-sidestart|p1: Theonlykev1|move: Toxic Spikes\n|faint|p2b: Glimmora\n|move|p1b: Walking Wake|Flamethrower|p2a: Samurott\n|-damage|p2a: Samurott|0 fnt\n|faint|p2a: Samurott\n|-damage|p1b: Walking Wake|66\/100 psn|[from] item: Life Orb\n|\n|-damage|p1a: Ogerpon|76\/100 psn|[from] psn\n|-damage|p1b: Walking Wake|53\/100 psn|[from] psn\n|upkeep\n|\n|t:|1699919839\n|switch|p2b: Flutter Mane|Flutter Mane|100\/100\n|-enditem|p2b: Flutter Mane|Booster Energy\n|-activate|p2b: Flutter Mane|ability: Protosynthesis|[fromitem]\n|-start|p2b: Flutter Mane|protosynthesisspe\n|turn|10\n|\n|t:|1699919848\n|move|p1b: Walking Wake|Protect|p1b: Walking Wake\n|-singleturn|p1b: Walking Wake|Protect\n|move|p2b: Flutter Mane|Dazzling Gleam|p1b: Walking Wake|[spread] p1a\n|-activate|p1b: Walking Wake|move: Protect\n|-resisted|p1a: Ogerpon\n|-damage|p1a: Ogerpon|56\/100 psn\n|move|p1a: Ogerpon|Ivy Cudgel|p2b: Flutter Mane\n|-damage|p2b: Flutter Mane|0 fnt\n|faint|p2b: Flutter Mane\n|-end|p2b: Flutter Mane|Protosynthesis|[silent]\n|\n|win|Theonlykev1\n|raw|Theonlykev1's rating: 1300 &rarr; <strong>1328<\/strong><br \/>(+28 for winning)\n|raw|MonkeyLover227's rating: 1335 &rarr; <strong>1313<\/strong><br \/>(-22 for losing)\n|l|\u2606MonkeyLover227\n|c|\u2606Theonlykev1|Gg\n","uploadtime":1699919865,"views":35,"p1id":"theonlykev1","p2id":"monkeylover227","formatid":"gen9doublesou","rating":1313,"private":0,"password":""}