{"id":"gen9doublesou-1988877874","p1":"Duo_Depp","p2":"Geniusatstuff","format":"[Gen 9] Doubles OU","log":"|j|\u2606Duo_Depp\n|j|\u2606Geniusatstuff\n|t:|1699779423\n|gametype|doubles\n|player|p1|Duo_Depp|170|1171\n|player|p2|Geniusatstuff|266|1183\n|teamsize|p1|6\n|teamsize|p2|6\n|gen|9\n|tier|[Gen 9] Doubles OU\n|rated|\n|rule|Species Clause: Limit one of each Pok\u00e9mon\n|rule|OHKO Clause: OHKO moves are banned\n|rule|Evasion Moves Clause: Evasion moves are banned\n|rule|Gravity Sleep Clause: The combination of sleep-inducing moves with imperfect accuracy and Gravity or Gigantamax Orbeetle are banned\n|rule|Endless Battle Clause: Forcing endless battles is banned\n|rule|HP Percentage Mod: HP is shown in percentages\n|clearpoke\n|poke|p1|Milotic, F|\n|poke|p1|Tyranitar, M|\n|poke|p1|Gyarados, M|\n|poke|p1|Volcarona, F|\n|poke|p1|Raichu, M|\n|poke|p1|Landorus, M|\n|poke|p2|Baxcalibur, M|\n|poke|p2|Milotic, M|\n|poke|p2|Oricorio-Pom-Pom, F|\n|poke|p2|Flamigo, F|\n|poke|p2|Volcarona, F|\n|poke|p2|Wyrdeer, F|\n|teampreview\n|inactive|Battle timer is ON: inactive players will automatically lose when time's up. (requested by Duo_Depp)\n|\n|t:|1699779438\n|start\n|switch|p1a: Ratte|Raichu, M|100\/100\n|switch|p1b: StoneCold|Tyranitar, M|100\/100\n|switch|p2a: Milotic|Milotic, M, shiny|100\/100\n|switch|p2b: Wyrdeer|Wyrdeer, F, shiny|100\/100\n|-ability|p2b: Wyrdeer|Intimidate|boost\n|-unboost|p1a: Ratte|atk|1\n|-unboost|p1b: StoneCold|atk|1\n|-weather|Sandstorm|[from] ability: Sand Stream|[of] p1b: StoneCold\n|turn|1\n|\n|t:|1699779459\n|-terastallize|p2a: Milotic|Steel\n|move|p1a: Ratte|Fake Out|p2a: Milotic\n|-resisted|p2a: Milotic\n|-damage|p2a: Milotic|97\/100\n|cant|p2a: Milotic|flinch\n|move|p2b: Wyrdeer|Skill Swap|p1a: Ratte\n|-activate|p2b: Wyrdeer|move: Skill Swap|Lightning Rod|Intimidate|[of] p1a: Ratte\n|-ability|p1a: Ratte|Intimidate|boost\n|-unboost|p2a: Milotic|atk|1\n|-ability|p2a: Milotic|Competitive|boost\n|-boost|p2a: Milotic|spa|2\n|-unboost|p2b: Wyrdeer|atk|1\n|move|p1b: StoneCold|Dragon Tail|p2b: Wyrdeer\n|-damage|p2b: Wyrdeer|87\/100\n|drag|p2b: Volcarona|Volcarona, F, shiny|100\/100\n|\n|-weather|Sandstorm|[upkeep]\n|-damage|p1a: Ratte|94\/100|[from] Sandstorm\n|-damage|p2b: Volcarona|94\/100|[from] Sandstorm\n|-heal|p2a: Milotic|100\/100|[from] item: Leftovers\n|upkeep\n|turn|2\n|inactive|Geniusatstuff has 120 seconds left.\n|\n|t:|1699779493\n|move|p1a: Ratte|Nuzzle|p2b: Volcarona\n|-damage|p2b: Volcarona|87\/100\n|-status|p2b: Volcarona|par\n|-status|p1a: Ratte|brn|[from] ability: Flame Body|[of] p2b: Volcarona\n|move|p2a: Milotic|Hydro Pump|p1b: StoneCold|[miss]\n|-miss|p2a: Milotic|p1b: StoneCold\n|move|p2b: Volcarona|Quiver Dance|p2b: Volcarona\n|-boost|p2b: Volcarona|spa|1\n|-boost|p2b: Volcarona|spd|1\n|-boost|p2b: Volcarona|spe|1\n|move|p1b: StoneCold|Dragon Tail|p2a: Milotic\n|-resisted|p2a: Milotic\n|-damage|p2a: Milotic|94\/100\n|drag|p2a: Baxcalibur|Baxcalibur, M, shiny|100\/100\n|\n|-weather|Sandstorm|[upkeep]\n|-damage|p1a: Ratte|88\/100 brn|[from] Sandstorm\n|-damage|p2a: Baxcalibur|94\/100|[from] Sandstorm\n|-damage|p2b: Volcarona|81\/100 par|[from] Sandstorm\n|-damage|p1a: Ratte|82\/100 brn|[from] brn\n|upkeep\n|turn|3\n|inactive|Geniusatstuff has 120 seconds left.\n|\n|t:|1699779527\n|switch|p2a: Wyrdeer|Wyrdeer, F, shiny|87\/100\n|-ability|p2a: Wyrdeer|Intimidate|boost\n|-unboost|p1a: Ratte|atk|1\n|-unboost|p1b: StoneCold|atk|1\n|move|p1a: Ratte|Nuzzle|p2a: Wyrdeer\n|-damage|p2a: Wyrdeer|86\/100\n|-status|p2a: Wyrdeer|par\n|-enditem|p2a: Wyrdeer|Lum Berry|[eat]\n|-curestatus|p2a: Wyrdeer|par|[msg]\n|move|p2b: Volcarona|Fiery Dance|p1a: Ratte\n|-damage|p1a: Ratte|0 fnt\n|-boost|p2b: Volcarona|spa|1\n|faint|p1a: Ratte\n|move|p1b: StoneCold|Rock Slide|p2b: Volcarona|[spread] p2a,p2b\n|-supereffective|p2b: Volcarona\n|-damage|p2a: Wyrdeer|71\/100\n|-damage|p2b: Volcarona|0 fnt\n|faint|p2b: Volcarona\n|\n|-weather|Sandstorm|[upkeep]\n|-damage|p2a: Wyrdeer|65\/100|[from] Sandstorm\n|upkeep\n|inactive|Geniusatstuff has 120 seconds left.\n|inactive|Duo_Depp has 120 seconds left.\n|\n|t:|1699779567\n|switch|p1a: Serpentina|Milotic, F|100\/100\n|switch|p2b: Baxcalibur|Baxcalibur, M, shiny|94\/100\n|turn|4\n|inactive|Geniusatstuff has 120 seconds left.\n|\n|t:|1699779586\n|move|p2b: Baxcalibur|Protect|p2b: Baxcalibur\n|-singleturn|p2b: Baxcalibur|Protect\n|move|p1a: Serpentina|Scald|p2b: Baxcalibur\n|-activate|p2b: Baxcalibur|move: Protect\n|move|p2a: Wyrdeer|Skill Swap|p1a: Serpentina\n|-activate|p2a: Wyrdeer|move: Skill Swap|Competitive|Intimidate|[of] p1a: Serpentina\n|-ability|p1a: Serpentina|Intimidate|boost\n|-unboost|p2a: Wyrdeer|atk|1\n|-ability|p2a: Wyrdeer|Competitive|boost\n|-boost|p2a: Wyrdeer|spa|2\n|-unboost|p2b: Baxcalibur|atk|1\n|move|p1b: StoneCold|Dragon Tail|p2b: Baxcalibur\n|-activate|p2b: Baxcalibur|move: Protect\n|\n|-weather|Sandstorm|[upkeep]\n|-damage|p2b: Baxcalibur|88\/100|[from] Sandstorm\n|-damage|p1a: Serpentina|94\/100|[from] Sandstorm\n|-damage|p2a: Wyrdeer|59\/100|[from] Sandstorm\n|-heal|p1a: Serpentina|100\/100|[from] item: Leftovers\n|upkeep\n|turn|5\n|inactive|Geniusatstuff has 120 seconds left.\n|\n|t:|1699779623\n|switch|p2b: Oricorio|Oricorio-Pom-Pom, F, shiny|100\/100\n|move|p1a: Serpentina|Scald|p2b: Oricorio\n|-damage|p2b: Oricorio|53\/100\n|move|p2a: Wyrdeer|Skill Swap|p2b: Oricorio\n|-activate|p2a: Wyrdeer|move: Skill Swap|||[of] p2b: Oricorio\n|move|p1b: StoneCold|Dragon Tail|p2a: Wyrdeer\n|-damage|p2a: Wyrdeer|49\/100\n|drag|p2a: Baxcalibur|Baxcalibur, M, shiny|88\/100\n|\n|-weather|none\n|upkeep\n|turn|6\n|inactive|Geniusatstuff has 120 seconds left.\n|\n|t:|1699779651\n|move|p2b: Oricorio|Tailwind|p2b: Oricorio\n|-sidestart|p2: Geniusatstuff|move: Tailwind\n|move|p2a: Baxcalibur|Icicle Spear|p1b: StoneCold\n|-damage|p1b: StoneCold|88\/100\n|-damage|p1b: StoneCold|77\/100\n|-damage|p1b: StoneCold|66\/100\n|-damage|p1b: StoneCold|56\/100\n|-damage|p1b: StoneCold|45\/100\n|-hitcount|p1b: StoneCold|5\n|move|p1a: Serpentina|Icy Wind|p2b: Oricorio|[spread] p2a,p2b\n|-crit|p2a: Baxcalibur\n|-supereffective|p2b: Oricorio\n|-damage|p2a: Baxcalibur|72\/100\n|-damage|p2b: Oricorio|20\/100\n|-unboost|p2a: Baxcalibur|spe|1\n|-unboost|p2b: Oricorio|spe|1\n|-ability|p2b: Oricorio|Competitive|boost\n|-boost|p2b: Oricorio|spa|2\n|move|p1b: StoneCold|Dragon Tail|p2a: Baxcalibur\n|-supereffective|p2a: Baxcalibur\n|-damage|p2a: Baxcalibur|47\/100\n|drag|p2a: Flamigo|Flamigo, F, shiny|100\/100\n|-copyboost|p2a: Flamigo|p2b: Oricorio|[from] ability: Costar\n|\n|upkeep\n|turn|7\n|inactive|Geniusatstuff has 120 seconds left.\n|\n|t:|1699779681\n|switch|p2a: Wyrdeer|Wyrdeer, F, shiny|49\/100\n|-ability|p2a: Wyrdeer|Intimidate|boost\n|-unboost|p1a: Serpentina|atk|1\n|-unboost|p1b: StoneCold|atk|1\n|move|p2b: Oricorio|Revelation Dance|p1a: Serpentina\n|-supereffective|p1a: Serpentina\n|-damage|p1a: Serpentina|0 fnt\n|faint|p1a: Serpentina\n|move|p1b: StoneCold|Dragon Tail|p2a: Wyrdeer|[miss]\n|-miss|p1b: StoneCold|p2a: Wyrdeer\n|\n|upkeep\n|inactive|Duo_Depp has 120 seconds left.\n|\n|t:|1699779695\n|switch|p1a: Mothra|Volcarona, F|100\/100\n|turn|8\n|\n|t:|1699779713\n|move|p2b: Oricorio|Revelation Dance|p1a: Mothra\n|-damage|p1a: Mothra|19\/100\n|move|p2a: Wyrdeer|Rest|p2a: Wyrdeer\n|-status|p2a: Wyrdeer|slp|[from] move: Rest\n|-heal|p2a: Wyrdeer|100\/100 slp|[silent]\n|move|p1a: Mothra|Quiver Dance|p1a: Mothra\n|-boost|p1a: Mothra|spa|1\n|-boost|p1a: Mothra|spd|1\n|-boost|p1a: Mothra|spe|1\n|move|p1b: StoneCold|Dragon Tail|p2a: Wyrdeer\n|-damage|p2a: Wyrdeer|92\/100 slp\n|drag|p2a: Baxcalibur|Baxcalibur, M, shiny|47\/100\n|\n|upkeep\n|turn|9\n|\n|t:|1699779740\n|move|p2a: Baxcalibur|Scale Shot|p1a: Mothra\n|-damage|p1a: Mothra|0 fnt\n|faint|p1a: Mothra\n|-hitcount|p1: Mothra|1\n|-unboost|p2a: Baxcalibur|def|1\n|-boost|p2a: Baxcalibur|spe|1\n|move|p2b: Oricorio|Revelation Dance|p1b: StoneCold\n|-damage|p1b: StoneCold|0 fnt\n|faint|p1b: StoneCold\n|\n|-sideend|p2: Geniusatstuff|move: Tailwind\n|upkeep\n|inactive|Duo_Depp has 120 seconds left.\n|\n|t:|1699779752\n|switch|p1a: Lando|Landorus, M|100\/100\n|switch|p1b: Serpentor|Gyarados, M|100\/100\n|-ability|p1b: Serpentor|Intimidate|boost\n|-unboost|p2a: Baxcalibur|atk|1\n|-unboost|p2b: Oricorio|atk|1\n|-ability|p2b: Oricorio|Competitive|boost\n|-boost|p2b: Oricorio|spa|2\n|turn|10\n|\n|t:|1699779768\n|-terastallize|p1a: Lando|Psychic\n|move|p2a: Baxcalibur|Icicle Spear|p1a: Lando\n|-crit|p1a: Lando\n|-damage|p1a: Lando|76\/100\n|-damage|p1a: Lando|64\/100\n|-crit|p1a: Lando\n|-damage|p1a: Lando|40\/100\n|-damage|p1a: Lando|29\/100\n|-damage|p1a: Lando|17\/100\n|-hitcount|p1a: Lando|5\n|move|p1a: Lando|Psychic|p2b: Oricorio\n|-damage|p2b: Oricorio|0 fnt\n|faint|p2b: Oricorio\n|move|p1b: Serpentor|Dragon Dance|p1b: Serpentor\n|-boost|p1b: Serpentor|atk|1\n|-boost|p1b: Serpentor|spe|1\n|\n|upkeep\n|inactive|Geniusatstuff has 120 seconds left.\n|\n|t:|1699779794\n|switch|p2b: Wyrdeer|Wyrdeer, F, shiny|92\/100 slp\n|-ability|p2b: Wyrdeer|Intimidate|boost\n|-unboost|p1a: Lando|atk|1\n|-unboost|p1b: Serpentor|atk|1\n|turn|11\n|inactive|Geniusatstuff has 120 seconds left.\n|\n|t:|1699779818\n|switch|p2b: Milotic|Milotic, M, shiny, tera:Steel|94\/100\n|move|p2a: Baxcalibur|Icicle Spear|p1a: Lando\n|-damage|p1a: Lando|5\/100\n|-damage|p1a: Lando|0 fnt\n|faint|p1a: Lando\n|-hitcount|p1: Lando|2\n|move|p1b: Serpentor|Waterfall|p2b: Milotic\n|-damage|p2b: Milotic|57\/100\n|\n|-heal|p2b: Milotic|63\/100|[from] item: Leftovers\n|upkeep\n|turn|12\n|\n|t:|1699779837\n|move|p2a: Baxcalibur|Icicle Spear|p1b: Serpentor\n|-damage|p1b: Serpentor|89\/100\n|-damage|p1b: Serpentor|77\/100\n|-damage|p1b: Serpentor|63\/100\n|-damage|p1b: Serpentor|52\/100\n|-damage|p1b: Serpentor|39\/100\n|-hitcount|p1b: Serpentor|5\n|move|p1b: Serpentor|Dragon Dance|p1b: Serpentor\n|-boost|p1b: Serpentor|atk|1\n|-boost|p1b: Serpentor|spe|1\n|move|p2b: Milotic|Coil|p2b: Milotic\n|-boost|p2b: Milotic|atk|1\n|-boost|p2b: Milotic|def|1\n|-boost|p2b: Milotic|accuracy|1\n|\n|-heal|p2b: Milotic|69\/100|[from] item: Leftovers\n|upkeep\n|turn|13\n|\n|t:|1699779857\n|move|p1b: Serpentor|Earthquake|p2b: Milotic|[spread] p2a,p2b\n|-supereffective|p2b: Milotic\n|-damage|p2a: Baxcalibur|0 fnt\n|-damage|p2b: Milotic|23\/100\n|faint|p2a: Baxcalibur\n|move|p2b: Milotic|Coil|p2b: Milotic\n|-boost|p2b: Milotic|atk|1\n|-boost|p2b: Milotic|def|1\n|-boost|p2b: Milotic|accuracy|1\n|\n|-heal|p2b: Milotic|29\/100|[from] item: Leftovers\n|upkeep\n|\n|t:|1699779869\n|switch|p2a: Flamigo|Flamigo, F, shiny|100\/100\n|-copyboost|p2a: Flamigo|p2b: Milotic|[from] ability: Costar\n|turn|14\n|\n|t:|1699779883\n|move|p1b: Serpentor|Earthquake|p2b: Milotic|[spread] p2b\n|-immune|p2a: Flamigo\n|-supereffective|p2b: Milotic\n|-damage|p2b: Milotic|0 fnt\n|faint|p2b: Milotic\n|move|p2a: Flamigo|Brave Bird|p1b: Serpentor\n|-damage|p1b: Serpentor|0 fnt\n|faint|p1b: Serpentor\n|-damage|p2a: Flamigo|87\/100|[from] Recoil\n|-damage|p2a: Flamigo|77\/100|[from] item: Life Orb\n|\n|win|Geniusatstuff\n|raw|Duo_Depp's rating: 1171 &rarr; <strong>1147<\/strong><br \/>(-24 for losing)\n|raw|Geniusatstuff's rating: 1183 &rarr; <strong>1207<\/strong><br \/>(+24 for winning)\n|l|\u2606Duo_Depp\n","uploadtime":1699779903,"views":17,"p1id":"duodepp","p2id":"geniusatstuff","formatid":"gen9doublesou","rating":1147,"private":0,"password":""}