{"id":"gen9doublesou-1990485313","p1":"matkar","p2":"Blue Syrius","format":"[Gen 9] Doubles OU","log":"|j|\u2606matkar\n|j|\u2606Blue Syrius\n|t:|1699975268\n|gametype|doubles\n|player|p1|matkar|riley|1146\n|player|p2|Blue Syrius|youngster-gen4dp|1139\n|teamsize|p1|6\n|teamsize|p2|6\n|gen|9\n|tier|[Gen 9] Doubles OU\n|rated|\n|rule|Species Clause: Limit one of each Pok\u00e9mon\n|rule|OHKO Clause: OHKO moves are banned\n|rule|Evasion Moves Clause: Evasion moves are banned\n|rule|Gravity Sleep Clause: The combination of sleep-inducing moves with imperfect accuracy and Gravity or Gigantamax Orbeetle are banned\n|rule|Endless Battle Clause: Forcing endless battles is banned\n|rule|HP Percentage Mod: HP is shown in percentages\n|clearpoke\n|poke|p1|Farigiraf, F|\n|poke|p1|Flutter Mane|\n|poke|p1|Kommo-o, F|\n|poke|p1|Iron Hands|\n|poke|p1|Ogerpon-Wellspring, F|\n|poke|p1|Gliscor, M|\n|poke|p2|Espathra, F|\n|poke|p2|Flutter Mane|\n|poke|p2|Arcanine-Hisui, M|\n|poke|p2|Slowking-Galar, F|\n|poke|p2|Toxapex, F|\n|poke|p2|Oranguru, M|\n|teampreview\n|inactive|Battle timer is ON: inactive players will automatically lose when time's up. (requested by matkar)\n|\n|t:|1699975291\n|start\n|switch|p1a: Ogerpon|Ogerpon-Wellspring, F|100\/100\n|switch|p1b: Iron Hands|Iron Hands|100\/100\n|switch|p2a: Espathra|Espathra, F|100\/100\n|switch|p2b: Oranguru|Oranguru, M|100\/100\n|turn|1\n|\n|t:|1699975308\n|move|p1b: Iron Hands|Fake Out|p2b: Oranguru\n|-damage|p2b: Oranguru|88\/100\n|move|p1a: Ogerpon|Ivy Cudgel|p2a: Espathra|[anim] Ivy Cudgel Water\n|-damage|p2a: Espathra|40\/100\n|-enditem|p2a: Espathra|Sitrus Berry|[eat]\n|-heal|p2a: Espathra|64\/100|[from] item: Sitrus Berry\n|-activate|p2b: Oranguru|ability: Symbiosis|Sitrus Berry|[of] p2a: Espathra\n|move|p2a: Espathra|Skill Swap|p2b: Oranguru\n|-activate|p2a: Espathra|move: Skill Swap|||[of] p2b: Oranguru\n|cant|p2b: Oranguru|flinch\n|\n|-ability|p2b: Oranguru|Speed Boost|boost\n|-boost|p2b: Oranguru|spe|1\n|upkeep\n|turn|2\n|inactive|matkar has 120 seconds left.\n|\n|t:|1699975351\n|move|p1a: Ogerpon|Spiky Shield|p1a: Ogerpon\n|-singleturn|p1a: Ogerpon|move: Protect\n|move|p2a: Espathra|Lumina Crash|p1b: Iron Hands\n|-supereffective|p1b: Iron Hands\n|-damage|p1b: Iron Hands|71\/100\n|-unboost|p1b: Iron Hands|spd|2\n|move|p2b: Oranguru|Nasty Plot|p2b: Oranguru\n|-boost|p2b: Oranguru|spa|2\n|move|p1b: Iron Hands|Heavy Slam|p2a: Espathra\n|-damage|p2a: Espathra|27\/100\n|-enditem|p2a: Espathra|Sitrus Berry|[eat]\n|-heal|p2a: Espathra|52\/100|[from] item: Sitrus Berry\n|\n|-ability|p2b: Oranguru|Speed Boost|boost\n|-boost|p2b: Oranguru|spe|1\n|upkeep\n|turn|3\n|inactive|matkar has 120 seconds left.\n|\n|t:|1699975384\n|move|p2b: Oranguru|Protect|p2b: Oranguru\n|-singleturn|p2b: Oranguru|Protect\n|move|p1a: Ogerpon|Ivy Cudgel|p2a: Espathra|[anim] Ivy Cudgel Water\n|-crit|p2a: Espathra\n|-damage|p2a: Espathra|0 fnt\n|faint|p2a: Espathra\n|move|p1b: Iron Hands|Wild Charge|p2b: Oranguru\n|-activate|p2b: Oranguru|move: Protect\n|\n|-ability|p2b: Oranguru|Speed Boost|boost\n|-boost|p2b: Oranguru|spe|1\n|upkeep\n|\n|t:|1699975395\n|switch|p2a: Arcanine|Arcanine-Hisui, M, shiny|100\/100\n|-ability|p2a: Arcanine|Intimidate|boost\n|-unboost|p1a: Ogerpon|atk|1\n|-unboost|p1b: Iron Hands|atk|1\n|turn|4\n|\n|t:|1699975413\n|move|p2b: Oranguru|Hyper Voice|p1b: Iron Hands|[spread] p1a,p1b\n|-damage|p1a: Ogerpon|38\/100\n|-damage|p1b: Iron Hands|11\/100\n|move|p1a: Ogerpon|Ivy Cudgel|p2a: Arcanine|[anim] Ivy Cudgel Water\n|-supereffective|p2a: Arcanine\n|-damage|p2a: Arcanine|0 fnt\n|faint|p2a: Arcanine\n|move|p1b: Iron Hands|Drain Punch|p2b: Oranguru\n|-crit|p2b: Oranguru\n|-damage|p2b: Oranguru|34\/100\n|-heal|p1b: Iron Hands|31\/100|[from] drain|[of] p2b: Oranguru\n|\n|-ability|p2b: Oranguru|Speed Boost|boost\n|-boost|p2b: Oranguru|spe|1\n|upkeep\n|inactive|Blue Syrius has 120 seconds left.\n|\n|t:|1699975439\n|switch|p2a: Flutter Mane|Flutter Mane|100\/100\n|-enditem|p2a: Flutter Mane|Booster Energy\n|-activate|p2a: Flutter Mane|ability: Protosynthesis|[fromitem]\n|-start|p2a: Flutter Mane|protosynthesisspa\n|turn|5\n|\n|t:|1699975451\n|move|p2b: Oranguru|Hyper Voice|p1b: Iron Hands|[spread] p1a,p1b\n|-damage|p1a: Ogerpon|0 fnt\n|-damage|p1b: Iron Hands|0 fnt\n|faint|p1a: Ogerpon\n|faint|p1b: Iron Hands\n|-end|p1b: Iron Hands|Quark Drive|[silent]\n|move|p2a: Flutter Mane|Dazzling Gleam|p1: Ogerpon|[notarget]\n|-fail|p2a: Flutter Mane\n|\n|-ability|p2b: Oranguru|Speed Boost|boost\n|-boost|p2b: Oranguru|spe|1\n|upkeep\n|inactive|matkar has 120 seconds left.\n|\n|t:|1699975487\n|switch|p1a: Farigiraf|Farigiraf, F|100\/100\n|switch|p1b: Kommo-o|Kommo-o, F, shiny|100\/100\n|turn|6\n|\n|t:|1699975504\n|switch|p1b: Gliscor|Gliscor, M, shiny|100\/100\n|move|p2b: Oranguru|Protect|p2b: Oranguru\n|-singleturn|p2b: Oranguru|Protect\n|move|p2a: Flutter Mane|Dazzling Gleam|p1b: Gliscor|[spread] p1a,p1b\n|-damage|p1a: Farigiraf|56\/100\n|-damage|p1b: Gliscor|59\/100\n|move|p1a: Farigiraf|Psyshock|p2b: Oranguru\n|-activate|p2b: Oranguru|move: Protect\n|\n|-heal|p1a: Farigiraf|62\/100|[from] item: Leftovers\n|-ability|p2b: Oranguru|Speed Boost|boost\n|-boost|p2b: Oranguru|spe|1\n|-status|p1b: Gliscor|tox|[from] item: Toxic Orb\n|upkeep\n|turn|7\n|\n|t:|1699975523\n|move|p1b: Gliscor|Protect|p1b: Gliscor\n|-singleturn|p1b: Gliscor|Protect\n|move|p2b: Oranguru|Hyper Voice|p1a: Farigiraf|[spread] p1a\n|-activate|p1b: Gliscor|move: Protect\n|-damage|p1a: Farigiraf|0 fnt\n|faint|p1a: Farigiraf\n|move|p2a: Flutter Mane|Dazzling Gleam|p1b: Gliscor\n|-activate|p1b: Gliscor|move: Protect\n|\n|-heal|p1b: Gliscor|72\/100 tox|[from] ability: Poison Heal\n|upkeep\n|\n|t:|1699975535\n|switch|p1a: Kommo-o|Kommo-o, F, shiny|100\/100\n|turn|8\n|\n|t:|1699975548\n|-terastallize|p1a: Kommo-o|Steel\n|move|p2b: Oranguru|Hyper Voice|p1b: Gliscor|[spread] p1a,p1b\n|-resisted|p1a: Kommo-o\n|-damage|p1a: Kommo-o|69\/100\n|-damage|p1b: Gliscor|11\/100 tox\n|move|p2a: Flutter Mane|Dazzling Gleam|p1a: Kommo-o|[spread] p1a,p1b\n|-resisted|p1a: Kommo-o\n|-damage|p1a: Kommo-o|43\/100\n|-damage|p1b: Gliscor|0 fnt\n|faint|p1b: Gliscor\n|move|p1a: Kommo-o|Flash Cannon|p2b: Oranguru\n|-damage|p2b: Oranguru|5\/100\n|\n|upkeep\n|\n|t:|1699975560\n|switch|p1b: Flutter Mane|Flutter Mane|100\/100\n|turn|9\n|-message|matkar forfeited.\n|\n|win|Blue Syrius\n|raw|matkar's rating: 1146 &rarr; <strong>1120<\/strong><br \/>(-26 for losing)\n|raw|Blue Syrius's rating: 1139 &rarr; <strong>1165<\/strong><br \/>(+26 for winning)\n|l|\u2606matkar\n","uploadtime":1699975566,"views":6,"p1id":"matkar","p2id":"bluesyrius","formatid":"gen9doublesou","rating":1120,"private":0,"password":""}