{"id":"gen9doublesou-1996435258","p1":"Pabliscor9","p2":"gyattalooza","format":"[Gen 9] Doubles OU","log":"|j|\u2606Pabliscor9\n|j|\u2606gyattalooza\n|t:|1700681739\n|gametype|doubles\n|player|p1|Pabliscor9|n|1019\n|player|p2|gyattalooza|102|1000\n|teamsize|p1|6\n|teamsize|p2|6\n|gen|9\n|tier|[Gen 9] Doubles OU\n|rated|\n|rule|Species Clause: Limit one of each Pok\u00e9mon\n|rule|OHKO Clause: OHKO moves are banned\n|rule|Evasion Moves Clause: Evasion moves are banned\n|rule|Gravity Sleep Clause: The combination of sleep-inducing moves with imperfect accuracy and Gravity or Gigantamax Orbeetle are banned\n|rule|Endless Battle Clause: Forcing endless battles is banned\n|rule|HP Percentage Mod: HP is shown in percentages\n|clearpoke\n|poke|p1|Sliggoo-Hisui, M|\n|poke|p1|Slowbro-Galar, F|\n|poke|p1|Brute Bonnet|\n|poke|p1|Rillaboom, M|\n|poke|p1|Torkoal, F|\n|poke|p1|Great Tusk|\n|poke|p2|Ampharos, F|\n|poke|p2|Ribombee, F|\n|poke|p2|Kommo-o, M|\n|poke|p2|Sinistcha-Masterpiece|\n|poke|p2|Iron Moth|\n|poke|p2|Goodra-Hisui, F|\n|teampreview\n|\n|t:|1700681746\n|start\n|switch|p1a: Sliggoo|Sliggoo-Hisui, M, shiny|100\/100\n|switch|p1b: Slowbro|Slowbro-Galar, F, shiny|100\/100\n|switch|p2a: Ribombee|Ribombee, F, shiny|100\/100\n|switch|p2b: john|Ampharos, F, shiny|100\/100\n|turn|1\n|\n|t:|1700681771\n|move|p2a: Ribombee|Switcheroo|p1a: Sliggoo\n|-activate|p2a: Ribombee|move: Trick|[of] p1a: Sliggoo\n|-item|p1a: Sliggoo|Flame Orb|[from] move: Switcheroo\n|-item|p2a: Ribombee|Eviolite|[from] move: Switcheroo\n|move|p2b: john|Cotton Guard|p2b: john\n|-boost|p2b: john|def|3\n|move|p1b: Slowbro|Belly Drum|p1b: Slowbro\n|-damage|p1b: Slowbro|50\/100\n|-setboost|p1b: Slowbro|atk|6|[from] move: Belly Drum\n|move|p1a: Sliggoo|Curse|p1a: Sliggoo\n|-unboost|p1a: Sliggoo|spe|1\n|-boost|p1a: Sliggoo|atk|1\n|-boost|p1a: Sliggoo|def|1\n|\n|-status|p1a: Sliggoo|brn|[from] item: Flame Orb\n|upkeep\n|turn|2\n|\n|t:|1700681810\n|move|p2a: Ribombee|Moonblast|p1a: Sliggoo\n|-damage|p1a: Sliggoo|71\/100 brn\n|move|p2b: john|Ice Punch|p1b: Slowbro\n|-damage|p1b: Slowbro|35\/100\n|move|p1b: Slowbro|Shell Side Arm|p2b: john|[anim] Shell Side Arm Physical\n|-damage|p2b: john|39\/100\n|-hint|Physical Shell Side Arm\n|-status|p2b: john|psn\n|-status|p1b: Slowbro|par|[from] ability: Static|[of] p2b: john\n|move|p1a: Sliggoo|Gyro Ball|p2a: Ribombee\n|-supereffective|p2a: Ribombee\n|-damage|p2a: Ribombee|0 fnt\n|faint|p2a: Ribombee\n|\n|-damage|p2b: john|27\/100 psn|[from] psn\n|-damage|p1a: Sliggoo|65\/100 brn|[from] brn\n|upkeep\n|\n|t:|1700681829\n|switch|p2a: Iron Moth|Iron Moth|100\/100\n|-enditem|p2a: Iron Moth|Booster Energy\n|-activate|p2a: Iron Moth|ability: Quark Drive|[fromitem]\n|-start|p2a: Iron Moth|quarkdrivespa\n|turn|3\n|\n|t:|1700681848\n|move|p2b: john|Protect|p2b: john\n|-singleturn|p2b: john|Protect\n|move|p2a: Iron Moth|Fiery Dance|p1a: Sliggoo\n|-damage|p1a: Sliggoo|25\/100 brn\n|move|p1a: Sliggoo|Life Dew|p1a: Sliggoo|[spread] p1a,p1b\n|-heal|p1a: Sliggoo|50\/100 brn\n|-heal|p1b: Slowbro|60\/100 par\n|move|p1b: Slowbro|Drain Punch|p2a: Iron Moth\n|-resisted|p2a: Iron Moth\n|-damage|p2a: Iron Moth|45\/100\n|-heal|p1b: Slowbro|85\/100 par|[from] drain|[of] p2a: Iron Moth\n|\n|-damage|p2b: john|15\/100 psn|[from] psn\n|-damage|p1a: Sliggoo|44\/100 brn|[from] brn\n|upkeep\n|turn|4\n|-activate|p1b: Slowbro|item: Quick Claw\n|\n|t:|1700681880\n|move|p1b: Slowbro|Drain Punch|p2a: Iron Moth\n|-resisted|p2a: Iron Moth\n|-damage|p2a: Iron Moth|0 fnt\n|-heal|p1b: Slowbro|100\/100 par|[from] drain|[of] p2a: Iron Moth\n|faint|p2a: Iron Moth\n|-end|p2a: Iron Moth|Quark Drive|[silent]\n|move|p2b: john|Discharge|p1b: Slowbro|[spread] p1a,p1b\n|-resisted|p1a: Sliggoo\n|-damage|p1a: Sliggoo|32\/100 brn\n|-damage|p1b: Slowbro|73\/100 par\n|move|p1a: Sliggoo|Life Dew|p1a: Sliggoo|[spread] p1a,p1b\n|-heal|p1a: Sliggoo|57\/100 brn\n|-heal|p1b: Slowbro|98\/100 par\n|\n|-damage|p2b: john|2\/100 psn|[from] psn\n|-damage|p1a: Sliggoo|51\/100 brn|[from] brn\n|upkeep\n|\n|t:|1700681904\n|switch|p2a: Kommo-o|Kommo-o, M, shiny|100\/100\n|turn|5\n|\n|t:|1700681921\n|move|p2a: Kommo-o|Clanging Scales|p1b: Slowbro|[spread] p1a,p1b\n|-damage|p1a: Sliggoo|24\/100 brn\n|-damage|p1b: Slowbro|57\/100 par\n|-unboost|p2a: Kommo-o|def|1\n|move|p2b: john|Discharge|p1b: Slowbro|[spread] p2a,p1a,p1b\n|-resisted|p2a: Kommo-o\n|-resisted|p1a: Sliggoo\n|-damage|p2a: Kommo-o|85\/100\n|-damage|p1a: Sliggoo|14\/100 brn\n|-damage|p1b: Slowbro|27\/100 par\n|move|p1a: Sliggoo|Life Dew|p1a: Sliggoo|[spread] p1a,p1b\n|-heal|p1a: Sliggoo|39\/100 brn\n|-heal|p1b: Slowbro|52\/100 par\n|move|p1b: Slowbro|Shell Side Arm|p2a: Kommo-o|[anim] Shell Side Arm Physical\n|-damage|p2a: Kommo-o|0 fnt\n|-hint|Physical Shell Side Arm\n|faint|p2a: Kommo-o\n|\n|-damage|p2b: john|0 fnt|[from] psn\n|faint|p2b: john\n|-damage|p1a: Sliggoo|33\/100 brn|[from] brn\n|upkeep\n|-message|gyattalooza forfeited.\n|\n|win|Pabliscor9\n|raw|Pabliscor9's rating: 1019 &rarr; <strong>1054<\/strong><br \/>(+35 for winning)\n|raw|gyattalooza's rating: 1000 &rarr; <strong>1000<\/strong><br \/>(+0 for losing)\n|l|\u2606gyattalooza\n","uploadtime":1700682289,"views":9,"p1id":"pabliscor9","p2id":"gyattalooza","formatid":"gen9doublesou","rating":1000,"private":0,"password":""}