{"id":"gen9doublesou-1974983491","p1":"gervature","p2":"Levelup_yaman","format":"[Gen 9] Doubles OU","log":"|j|\u2606gervature\n|j|\u2606Levelup_yaman\n|t:|1698152092\n|gametype|doubles\n|player|p1|gervature|psychic-gen4|1116\n|player|p2|Levelup_yaman|265|1186\n|teamsize|p1|6\n|teamsize|p2|6\n|gen|9\n|tier|[Gen 9] Doubles OU\n|rated|\n|rule|Species Clause: Limit one of each Pok\u00e9mon\n|rule|OHKO Clause: OHKO moves are banned\n|rule|Evasion Moves Clause: Evasion moves are banned\n|rule|Gravity Sleep Clause: The combination of sleep-inducing moves with imperfect accuracy and Gravity or Gigantamax Orbeetle are banned\n|rule|Endless Battle Clause: Forcing endless battles is banned\n|rule|HP Percentage Mod: HP is shown in percentages\n|clearpoke\n|poke|p1|Garganacl, M|\n|poke|p1|Glimmora, F|\n|poke|p1|Iron Thorns|\n|poke|p1|Tyranitar, M|\n|poke|p1|Klawf, M|\n|poke|p1|Drednaw, F|\n|poke|p2|Goodra-Hisui, F|\n|poke|p2|Typhlosion-Hisui, F|\n|poke|p2|Electrode-Hisui|\n|poke|p2|Braviary-Hisui, M|\n|poke|p2|Avalugg-Hisui, M|\n|poke|p2|Sneasler, M|\n|teampreview\n|inactive|Battle timer is ON: inactive players will automatically lose when time's up. (requested by Levelup_yaman)\n|\n|t:|1698152120\n|start\n|switch|p1a: Doug|Tyranitar, M|100\/100\n|switch|p1b: Robo-Doug|Iron Thorns|100\/100\n|switch|p2a: Goodra|Goodra-Hisui, F|100\/100\n|switch|p2b: Electrode|Electrode-Hisui|100\/100\n|-weather|Sandstorm|[from] ability: Sand Stream|[of] p1a: Doug\n|turn|1\n|\n|t:|1698152148\n|-terastallize|p1b: Robo-Doug|Flying\n|move|p2b: Electrode|Chloroblast|p1b: Robo-Doug\n|-resisted|p1b: Robo-Doug\n|-damage|p1b: Robo-Doug|67\/100\n|-damage|p2b: Electrode|50\/100|[from] Recoil\n|-enditem|p2b: Electrode|Sitrus Berry|[eat]\n|-heal|p2b: Electrode|75\/100|[from] item: Sitrus Berry\n|move|p1b: Robo-Doug|Dragon Dance|p1b: Robo-Doug\n|-boost|p1b: Robo-Doug|atk|1\n|-boost|p1b: Robo-Doug|spe|1\n|move|p1a: Doug|Earthquake|p2b: Electrode|[spread] p2a,p2b\n|-immune|p1b: Robo-Doug\n|-supereffective|p2a: Goodra\n|-damage|p2a: Goodra|45\/100\n|-damage|p2b: Electrode|21\/100\n|move|p2a: Goodra|Hydro Pump|p1a: Doug\n|-supereffective|p1a: Doug\n|-crit|p1a: Doug\n|-damage|p1a: Doug|35\/100\n|\n|-weather|Sandstorm|[upkeep]\n|-damage|p2b: Electrode|15\/100|[from] Sandstorm\n|-damage|p1b: Robo-Doug|61\/100|[from] Sandstorm\n|-heal|p1a: Doug|41\/100|[from] item: Leftovers\n|-heal|p2a: Goodra|51\/100|[from] item: Leftovers\n|upkeep\n|turn|2\n|inactive|gervature has 120 seconds left.\n|\n|t:|1698152185\n|move|p2b: Electrode|Thunderbolt|p1b: Robo-Doug\n|-supereffective|p1b: Robo-Doug\n|-damage|p1b: Robo-Doug|0 fnt\n|faint|p1b: Robo-Doug\n|-end|p1b: Robo-Doug|Quark Drive|[silent]\n|move|p1a: Doug|Earthquake|p2a: Goodra|[spread] p2a,p2b\n|-supereffective|p2a: Goodra\n|-damage|p2a: Goodra|0 fnt\n|-damage|p2b: Electrode|0 fnt\n|faint|p2a: Goodra\n|faint|p2b: Electrode\n|\n|-weather|Sandstorm|[upkeep]\n|-heal|p1a: Doug|47\/100|[from] item: Leftovers\n|upkeep\n|inactive|gervature has 120 seconds left.\n|\n|t:|1698152221\n|switch|p2b: Sneasler|Sneasler, M|100\/100\n|switch|p1b: Nomnom|Drednaw, F|100\/100\n|switch|p2a: Braviary|Braviary-Hisui, M|100\/100\n|-item|p2b: Sneasler|Air Balloon\n|turn|3\n|\n|t:|1698152246\n|move|p2a: Braviary|Esper Wing|p1b: Nomnom\n|-crit|p1b: Nomnom\n|-damage|p1b: Nomnom|45\/100\n|-boost|p2a: Braviary|spe|1\n|move|p2b: Sneasler|Close Combat|p1a: Doug\n|-supereffective|p1a: Doug\n|-damage|p1a: Doug|0 fnt\n|-unboost|p2b: Sneasler|def|1\n|-unboost|p2b: Sneasler|spd|1\n|faint|p1a: Doug\n|move|p1b: Nomnom|Shell Smash|p1b: Nomnom\n|-unboost|p1b: Nomnom|def|1\n|-unboost|p1b: Nomnom|spd|1\n|-boost|p1b: Nomnom|atk|2\n|-boost|p1b: Nomnom|spa|2\n|-boost|p1b: Nomnom|spe|2\n|\n|-weather|Sandstorm|[upkeep]\n|-damage|p2a: Braviary|94\/100|[from] Sandstorm\n|-damage|p2b: Sneasler|95\/100|[from] Sandstorm\n|upkeep\n|inactive|gervature has 120 seconds left.\n|\n|t:|1698152271\n|switch|p1a: Homeboy|Klawf, M|100\/100\n|turn|4\n|\n|t:|1698152283\n|move|p2a: Braviary|Esper Wing|p1b: Nomnom\n|-damage|p1b: Nomnom|0 fnt\n|-boost|p2a: Braviary|spe|1\n|faint|p1b: Nomnom\n|move|p2b: Sneasler|Close Combat|p1a: Homeboy\n|-supereffective|p1a: Homeboy\n|-enditem|p1a: Homeboy|Focus Sash\n|-damage|p1a: Homeboy|1\/100\n|-unboost|p2b: Sneasler|def|1\n|-unboost|p2b: Sneasler|spd|1\n|-ability|p1a: Homeboy|Anger Shell|boost\n|-boost|p1a: Homeboy|atk|1\n|-boost|p1a: Homeboy|spa|1\n|-boost|p1a: Homeboy|spe|1\n|-unboost|p1a: Homeboy|def|1\n|-unboost|p1a: Homeboy|spd|1\n|move|p1a: Homeboy|Stone Edge|p2b: Sneasler\n|-resisted|p2b: Sneasler\n|-damage|p2b: Sneasler|0 fnt\n|-enditem|p2b: Sneasler|Air Balloon\n|faint|p2b: Sneasler\n|\n|-weather|Sandstorm|[upkeep]\n|-damage|p2a: Braviary|88\/100|[from] Sandstorm\n|upkeep\n|\n|t:|1698152312\n|switch|p2b: Typhlosion|Typhlosion-Hisui, F|100\/100\n|switch|p1b: Salt Golem|Garganacl, M|100\/100\n|turn|5\n|\n|t:|1698152337\n|move|p2a: Braviary|Esper Wing|p1b: Salt Golem\n|-damage|p1b: Salt Golem|83\/100\n|-boost|p2a: Braviary|spe|1\n|move|p1a: Homeboy|Stone Edge|p2b: Typhlosion|[miss]\n|-miss|p1a: Homeboy|p2b: Typhlosion\n|move|p2b: Typhlosion|Flamethrower|p1a: Homeboy\n|-resisted|p1a: Homeboy\n|-damage|p1a: Homeboy|0 fnt\n|faint|p1a: Homeboy\n|-damage|p2b: Typhlosion|91\/100|[from] item: Life Orb\n|move|p1b: Salt Golem|Salt Cure|p2a: Braviary\n|-supereffective|p2a: Braviary\n|-damage|p2a: Braviary|52\/100\n|-start|p2a: Braviary|Salt Cure\n|\n|-weather|none\n|-damage|p2a: Braviary|39\/100|[from] Salt Cure\n|upkeep\n|\n|t:|1698152347\n|switch|p1a: Spoiky|Glimmora, F|100\/100\n|-item|p1a: Spoiky|Air Balloon\n|turn|6\n|\n|t:|1698152354\n|move|p2a: Braviary|Esper Wing|p1a: Spoiky\n|-supereffective|p1a: Spoiky\n|-damage|p1a: Spoiky|4\/100\n|-boost|p2a: Braviary|spe|1\n|-enditem|p1a: Spoiky|Air Balloon\n|move|p2b: Typhlosion|Will-O-Wisp|p1b: Salt Golem\n|-immune|p1b: Salt Golem|[from] ability: Purifying Salt\n|move|p1a: Spoiky|Sludge Wave|p2b: Typhlosion|[spread] p1b,p2a,p2b\n|-resisted|p1b: Salt Golem\n|-resisted|p2b: Typhlosion\n|-damage|p1b: Salt Golem|71\/100\n|-damage|p2a: Braviary|0 fnt\n|-damage|p2b: Typhlosion|65\/100\n|faint|p2a: Braviary\n|move|p1b: Salt Golem|Salt Cure|p2b: Typhlosion\n|-supereffective|p2b: Typhlosion\n|-damage|p2b: Typhlosion|21\/100\n|-start|p2b: Typhlosion|Salt Cure\n|\n|-damage|p2b: Typhlosion|9\/100|[from] Salt Cure\n|upkeep\n|\n|t:|1698152359\n|switch|p2a: Avalugg|Avalugg-Hisui, M|100\/100\n|turn|7\n|\n|t:|1698152368\n|move|p2b: Typhlosion|Flamethrower|p1a: Spoiky\n|-resisted|p1a: Spoiky\n|-damage|p1a: Spoiky|0 fnt\n|faint|p1a: Spoiky\n|-damage|p2b: Typhlosion|0 fnt|[from] item: Life Orb\n|faint|p2b: Typhlosion\n|move|p2a: Avalugg|High Horsepower|p1b: Salt Golem\n|-supereffective|p1b: Salt Golem\n|-damage|p1b: Salt Golem|18\/100\n|-damage|p2a: Avalugg|84\/100|[from] item: Rocky Helmet|[of] p1b: Salt Golem\n|move|p1b: Salt Golem|Salt Cure|p2a: Avalugg\n|-supereffective|p2a: Avalugg\n|-damage|p2a: Avalugg|70\/100\n|-start|p2a: Avalugg|Salt Cure\n|-enditem|p2a: Avalugg|Weakness Policy\n|-boost|p2a: Avalugg|atk|2|[from] item: Weakness Policy\n|-boost|p2a: Avalugg|spa|2|[from] item: Weakness Policy\n|\n|-damage|p2a: Avalugg|57\/100|[from] Salt Cure\n|upkeep\n|turn|8\n|\n|t:|1698152385\n|move|p1b: Salt Golem|Protect|p1b: Salt Golem\n|-singleturn|p1b: Salt Golem|Protect\n|move|p2a: Avalugg|Body Press|p1b: Salt Golem\n|-activate|p1b: Salt Golem|move: Protect\n|\n|-damage|p2a: Avalugg|45\/100|[from] Salt Cure\n|upkeep\n|turn|9\n|\n|t:|1698152389\n|move|p2a: Avalugg|Body Press|p1b: Salt Golem\n|-supereffective|p1b: Salt Golem\n|-damage|p1b: Salt Golem|0 fnt\n|-damage|p2a: Avalugg|28\/100|[from] item: Rocky Helmet|[of] p1b: Salt Golem\n|faint|p1b: Salt Golem\n|\n|win|Levelup_yaman\n|raw|gervature's rating: 1116 &rarr; <strong>1096<\/strong><br \/>(-20 for losing)\n|raw|Levelup_yaman's rating: 1186 &rarr; <strong>1206<\/strong><br \/>(+20 for winning)\n|c|\u2606gervature|gg\n|l|\u2606gervature\n","uploadtime":1698152630,"views":8,"p1id":"gervature","p2id":"levelupyaman","formatid":"gen9doublesou","rating":1096,"private":0,"password":""}