{"id":"gen9doublesou-1980195163","p1":"Piruzao26","p2":"Red_Maple_tree","format":"[Gen 9] Doubles OU","log":"|j|\u2606Piruzao26\n|j|\u2606Red_Maple_tree\n|t:|1698765387\n|gametype|doubles\n|player|p1|Piruzao26|ltsurge|1176\n|player|p2|Red_Maple_tree|swimmerf2-gen7|1216\n|teamsize|p1|6\n|teamsize|p2|6\n|gen|9\n|tier|[Gen 9] Doubles OU\n|rated|\n|rule|Species Clause: Limit one of each Pok\u00e9mon\n|rule|OHKO Clause: OHKO moves are banned\n|rule|Evasion Moves Clause: Evasion moves are banned\n|rule|Gravity Sleep Clause: The combination of sleep-inducing moves with imperfect accuracy and Gravity or Gigantamax Orbeetle are banned\n|rule|Endless Battle Clause: Forcing endless battles is banned\n|rule|HP Percentage Mod: HP is shown in percentages\n|clearpoke\n|poke|p1|Pelipper, M|\n|poke|p1|Gastrodon, F|\n|poke|p1|Clodsire, F|\n|poke|p1|Palafin, M|\n|poke|p1|Ludicolo, M|\n|poke|p1|Toxicroak, F|\n|poke|p2|Glastrier|\n|poke|p2|Clefairy, F|\n|poke|p2|Sinistcha-Masterpiece|\n|poke|p2|Kommo-o, M|\n|poke|p2|Landorus-Therian, M|\n|poke|p2|Roaring Moon|\n|teampreview\n|\n|t:|1698765400\n|start\n|switch|p1a: Pelipper|Pelipper, M|100\/100\n|switch|p1b: Palafin|Palafin, M|100\/100\n|switch|p2a: Kommo-o|Kommo-o, M|100\/100\n|switch|p2b: Landorus|Landorus-Therian, M|100\/100\n|-ability|p2b: Landorus|Intimidate|boost\n|-unboost|p1a: Pelipper|atk|1\n|-unboost|p1b: Palafin|atk|1\n|-weather|RainDance|[from] ability: Drizzle|[of] p1a: Pelipper\n|turn|1\n|\n|t:|1698765420\n|move|p2b: Landorus|U-turn|p1b: Palafin\n|-damage|p1b: Palafin|65\/100\n|-enditem|p1b: Palafin|Eject Button\n|\n|t:|1698765430\n|detailschange|p1b: Palafin|Palafin-Hero, M\n|switch|p1b: Gastrodon|Gastrodon, F|100\/100\n|move|p2a: Kommo-o|Clangorous Soul|p2a: Kommo-o\n|-boost|p2a: Kommo-o|atk|1\n|-boost|p2a: Kommo-o|def|1\n|-boost|p2a: Kommo-o|spa|1\n|-boost|p2a: Kommo-o|spd|1\n|-boost|p2a: Kommo-o|spe|1\n|-damage|p2a: Kommo-o|68\/100\n|-enditem|p2a: Kommo-o|Throat Spray\n|-boost|p2a: Kommo-o|spa|1|[from] item: Throat Spray\n|move|p1a: Pelipper|Hurricane|p2a: Kommo-o\n|-supereffective|p2a: Kommo-o\n|-damage|p2a: Kommo-o|9\/100\n|\n|-weather|RainDance|[upkeep]\n|upkeep\n|turn|2\n|\n|t:|1698765452\n|move|p2b: Landorus|U-turn|p1b: Gastrodon\n|-damage|p1b: Gastrodon|74\/100\n|\n|t:|1698765455\n|switch|p2b: Sinistcha|Sinistcha-Masterpiece|100\/100|[from] U-turn\n|-heal|p2a: Kommo-o|34\/100|[from] ability: Hospitality|[of] p2b: Sinistcha\n|move|p2a: Kommo-o|Clanging Scales|p1a: Pelipper|[spread] p1a,p1b\n|-enditem|p1a: Pelipper|Focus Sash\n|-damage|p1a: Pelipper|1\/100\n|-damage|p1b: Gastrodon|32\/100\n|-unboost|p2a: Kommo-o|def|1\n|move|p1a: Pelipper|U-turn|p2b: Sinistcha\n|-damage|p2b: Sinistcha|96\/100\n|\n|t:|1698765482\n|switch|p1a: Ludicolo|Ludicolo, M|100\/100|[from] U-turn\n|move|p1b: Gastrodon|Clear Smog|p2a: Kommo-o\n|-damage|p2a: Kommo-o|27\/100\n|-clearboost|p2a: Kommo-o\n|\n|-weather|RainDance|[upkeep]\n|-heal|p1b: Gastrodon|38\/100|[from] item: Leftovers\n|upkeep\n|turn|3\n|\n|t:|1698765501\n|move|p2b: Sinistcha|Rage Powder|p2b: Sinistcha\n|-singleturn|p2b: Sinistcha|move: Rage Powder\n|move|p1a: Ludicolo|Ice Beam|p2a: Kommo-o\n|-supereffective|p2a: Kommo-o\n|-damage|p2a: Kommo-o|0 fnt\n|faint|p2a: Kommo-o\n|-damage|p1a: Ludicolo|91\/100|[from] item: Life Orb\n|move|p1b: Gastrodon|Muddy Water|p2b: Sinistcha\n|-resisted|p2b: Sinistcha\n|-crit|p2b: Sinistcha\n|-damage|p2b: Sinistcha|67\/100\n|\n|-weather|RainDance|[upkeep]\n|-heal|p1b: Gastrodon|44\/100|[from] item: Leftovers\n|upkeep\n|\n|t:|1698765510\n|switch|p2a: Glastrier|Glastrier|100\/100\n|turn|4\n|\n|t:|1698765530\n|move|p1a: Ludicolo|Drain Punch|p2a: Glastrier\n|-supereffective|p2a: Glastrier\n|-damage|p2a: Glastrier|81\/100\n|-heal|p1a: Ludicolo|100\/100|[from] drain|[of] p2a: Glastrier\n|-damage|p1a: Ludicolo|91\/100|[from] item: Life Orb\n|move|p1b: Gastrodon|Muddy Water|p2a: Glastrier|[spread] p2b\n|-miss|p1b: Gastrodon|p2a: Glastrier\n|-resisted|p2b: Sinistcha\n|-damage|p2b: Sinistcha|54\/100\n|move|p2a: Glastrier|Substitute|p2a: Glastrier\n|-start|p2a: Glastrier|Substitute\n|-damage|p2a: Glastrier|56\/100\n|move|p2b: Sinistcha|Trick Room|p2b: Sinistcha\n|-fieldstart|move: Trick Room|[of] p2b: Sinistcha\n|\n|-weather|RainDance|[upkeep]\n|-heal|p2a: Glastrier|62\/100|[from] item: Leftovers\n|-heal|p1b: Gastrodon|50\/100|[from] item: Leftovers\n|upkeep\n|turn|5\n|\n|t:|1698765560\n|switch|p1a: Pelipper|Pelipper, M|1\/100\n|move|p2a: Glastrier|Swords Dance|p2a: Glastrier\n|-boost|p2a: Glastrier|atk|2\n|move|p1b: Gastrodon|Muddy Water|p2b: Sinistcha|[spread] p2a,p2b\n|-activate|p2a: Glastrier|move: Substitute|[damage]\n|-resisted|p2b: Sinistcha\n|-damage|p2b: Sinistcha|39\/100\n|move|p2b: Sinistcha|Matcha Gotcha|p1b: Gastrodon|[spread] p1a,p1b\n|-supereffective|p1b: Gastrodon\n|-damage|p1a: Pelipper|0 fnt\n|-heal|p2b: Sinistcha|39\/100|[from] drain|[of] p1a: Pelipper\n|-damage|p1b: Gastrodon|0 fnt\n|-heal|p2b: Sinistcha|73\/100|[from] drain|[of] p1b: Gastrodon\n|faint|p1a: Pelipper\n|faint|p1b: Gastrodon\n|\n|-weather|none\n|-heal|p2a: Glastrier|69\/100|[from] item: Leftovers\n|upkeep\n|\n|t:|1698765589\n|switch|p1b: Clodsire|Clodsire, F|100\/100\n|switch|p1a: Toxicroak|Toxicroak, F|100\/100\n|turn|6\n|\n|t:|1698765616\n|move|p2b: Sinistcha|Rage Powder|p2b: Sinistcha\n|-singleturn|p2b: Sinistcha|move: Rage Powder\n|move|p1b: Clodsire|Toxic|p2b: Sinistcha\n|-status|p2b: Sinistcha|tox\n|move|p2a: Glastrier|High Horsepower|p1b: Clodsire\n|-supereffective|p1b: Clodsire\n|-damage|p1b: Clodsire|0 fnt\n|faint|p1b: Clodsire\n|-ability|p2a: Glastrier|Chilling Neigh|boost\n|-boost|p2a: Glastrier|atk|1\n|move|p1a: Toxicroak|Drain Punch|p2b: Sinistcha\n|-immune|p2b: Sinistcha\n|\n|-heal|p2a: Glastrier|75\/100|[from] item: Leftovers\n|-damage|p2b: Sinistcha|67\/100 tox|[from] psn\n|upkeep\n|l|\u2606Piruzao26\n|player|p1|\n|inactive|Battle timer is ON: inactive players will automatically lose when time's up. (requested by Red_Maple_tree)\n|inactive|Piruzao26 has 30 seconds to reconnect!\n|inactive|Piruzao26 has 20 seconds to reconnect!\n|inactive|Piruzao26 has 15 seconds to reconnect!\n|inactive|Piruzao26 has 10 seconds to reconnect!\n|inactive|Piruzao26 has 5 seconds to reconnect!\n|-message|Piruzao26 lost due to inactivity.\n|\n|win|Red_Maple_tree\n|raw|Piruzao26's rating: 1176 &rarr; <strong>1154<\/strong><br \/>(-22 for losing)\n|raw|Red_Maple_tree's rating: 1216 &rarr; <strong>1238<\/strong><br \/>(+22 for winning)\n","uploadtime":1698765767,"views":26,"p1id":"piruzao26","p2id":"redmapletree","formatid":"gen9doublesou","rating":1154,"private":0,"password":""}