{"id":"gen9doublesou-1978446187","p1":"Zazashing","p2":"youseemenowyoudont","format":"[Gen 9] Doubles OU","log":"|j|\u2606Zazashing\n|j|\u2606youseemenowyoudont\n|t:|1698540016\n|gametype|doubles\n|player|p1|Zazashing|101|1086\n|player|p2|youseemenowyoudont|steven|1053\n|teamsize|p1|6\n|teamsize|p2|6\n|gen|9\n|tier|[Gen 9] Doubles OU\n|rated|\n|rule|Species Clause: Limit one of each Pok\u00e9mon\n|rule|OHKO Clause: OHKO moves are banned\n|rule|Evasion Moves Clause: Evasion moves are banned\n|rule|Gravity Sleep Clause: The combination of sleep-inducing moves with imperfect accuracy and Gravity or Gigantamax Orbeetle are banned\n|rule|Endless Battle Clause: Forcing endless battles is banned\n|rule|HP Percentage Mod: HP is shown in percentages\n|clearpoke\n|poke|p1|Amoonguss, M|\n|poke|p1|Blissey, F|\n|poke|p1|Dragonite, M|\n|poke|p1|Diancie|\n|poke|p1|Brute Bonnet|\n|poke|p1|Sinistcha|\n|poke|p2|Ogerpon-Hearthflame, F|\n|poke|p2|Flutter Mane|\n|poke|p2|Fezandipiti, M|\n|poke|p2|Clefairy, M|\n|poke|p2|Kommo-o, F|\n|poke|p2|Cresselia, F|\n|teampreview\n|inactive|Battle timer is ON: inactive players will automatically lose when time's up. (requested by youseemenowyoudont)\n|inactive|youseemenowyoudont has 120 seconds left.\n|\n|t:|1698540072\n|start\n|switch|p1a: Annoying ass bithc|Diancie|100\/100\n|switch|p1b: Amoonguss|Amoonguss, M|100\/100\n|switch|p2a: Kommo-o|Kommo-o, F|100\/100\n|switch|p2b: Clefairy|Clefairy, M|100\/100\n|turn|1\n|\n|t:|1698540090\n|-terastallize|p2a: Kommo-o|Steel\n|move|p2a: Kommo-o|Clangorous Soul|p2a: Kommo-o\n|-boost|p2a: Kommo-o|atk|1\n|-boost|p2a: Kommo-o|def|1\n|-boost|p2a: Kommo-o|spa|1\n|-boost|p2a: Kommo-o|spd|1\n|-boost|p2a: Kommo-o|spe|1\n|-damage|p2a: Kommo-o|68\/100\n|-enditem|p2a: Kommo-o|Throat Spray\n|-boost|p2a: Kommo-o|spa|1|[from] item: Throat Spray\n|move|p2b: Clefairy|Icy Wind|p1a: Annoying ass bithc|[spread] p1a,p1b\n|-supereffective|p1b: Amoonguss\n|-damage|p1a: Annoying ass bithc|97\/100\n|-damage|p1b: Amoonguss|93\/100\n|-unboost|p1b: Amoonguss|spe|1\n|move|p1a: Annoying ass bithc|Diamond Storm|p2a: Kommo-o|[spread] p2a,p2b\n|-resisted|p2a: Kommo-o\n|-damage|p2a: Kommo-o|59\/100\n|-damage|p2b: Clefairy|64\/100\n|-boost|p1a: Annoying ass bithc|def|2\n|move|p1b: Amoonguss|Spore|p2a: Kommo-o\n|-immune|p2a: Kommo-o|[from] ability: Overcoat\n|\n|-heal|p1b: Amoonguss|99\/100|[from] item: Leftovers\n|upkeep\n|turn|2\n|inactive|Zazashing has 120 seconds left.\n|inactive|youseemenowyoudont has 120 seconds left.\n|\n|t:|1698540133\n|move|p1b: Amoonguss|Rage Powder|p1b: Amoonguss\n|-singleturn|p1b: Amoonguss|move: Rage Powder\n|move|p2a: Kommo-o|Flash Cannon|p1a: Annoying ass bithc\n|-supereffective|p1a: Annoying ass bithc\n|-damage|p1a: Annoying ass bithc|0 fnt\n|faint|p1a: Annoying ass bithc\n|move|p2b: Clefairy|Life Dew|p2b: Clefairy|[spread] p2a,p2b\n|-heal|p2a: Kommo-o|84\/100\n|-heal|p2b: Clefairy|89\/100\n|\n|-heal|p1b: Amoonguss|100\/100|[from] item: Leftovers\n|upkeep\n|\n|t:|1698540148\n|switch|p1a: Egger|Blissey, F, shiny|100\/100\n|turn|3\n|\n|t:|1698540167\n|move|p2b: Clefairy|Helping Hand|p2a: Kommo-o\n|-singleturn|p2a: Kommo-o|Helping Hand|[of] p2b: Clefairy\n|move|p2a: Kommo-o|Clanging Scales|p1a: Egger|[spread] p1a,p1b\n|-damage|p1a: Egger|59\/100\n|-damage|p1b: Amoonguss|28\/100\n|-unboost|p2a: Kommo-o|def|1\n|move|p1a: Egger|Drain Punch|p2a: Kommo-o\n|-supereffective|p2a: Kommo-o\n|-damage|p2a: Kommo-o|78\/100\n|-heal|p1a: Egger|61\/100|[from] drain|[of] p2a: Kommo-o\n|move|p1b: Amoonguss|Substitute|p1b: Amoonguss\n|-start|p1b: Amoonguss|Substitute\n|-damage|p1b: Amoonguss|3\/100\n|\n|-heal|p1b: Amoonguss|9\/100|[from] item: Leftovers\n|upkeep\n|turn|4\n|inactive|Zazashing has 120 seconds left.\n|\n|t:|1698540197\n|move|p1a: Egger|Protect|p1a: Egger\n|-singleturn|p1a: Egger|Protect\n|move|p2a: Kommo-o|Flash Cannon|p1a: Egger\n|-activate|p1a: Egger|move: Protect\n|move|p2b: Clefairy|Life Dew|p2b: Clefairy|[spread] p2a,p2b\n|-heal|p2a: Kommo-o|100\/100\n|-heal|p2b: Clefairy|100\/100\n|move|p1b: Amoonguss|Spore|p2b: Clefairy\n|-status|p2b: Clefairy|slp|[from] move: Spore\n|\n|-heal|p1b: Amoonguss|15\/100|[from] item: Leftovers\n|upkeep\n|turn|5\n|inactive|Zazashing has 120 seconds left.\n|\n|t:|1698540222\n|cant|p2b: Clefairy|slp\n|move|p1a: Egger|Protect|p1a: Egger\n|-singleturn|p1a: Egger|Protect\n|move|p2a: Kommo-o|Clanging Scales|p1b: Amoonguss|[spread] p1b\n|-activate|p1a: Egger|move: Protect\n|-damage|p1b: Amoonguss|0 fnt\n|faint|p1b: Amoonguss\n|-unboost|p2a: Kommo-o|def|1\n|\n|upkeep\n|inactive|Zazashing has 120 seconds left.\n|\n|t:|1698540237\n|switch|p1b: Annoy|Sinistcha|100\/100\n|-heal|p1a: Egger|86\/100|[from] ability: Hospitality|[of] p1b: Annoy\n|turn|6\n|\n|t:|1698540266\n|switch|p2b: Flutter Mane|Flutter Mane|100\/100\n|move|p2a: Kommo-o|Flash Cannon|p1a: Egger\n|-damage|p1a: Egger|60\/100\n|move|p1b: Annoy|Strength Sap|p2a: Kommo-o\n|-unboost|p2a: Kommo-o|atk|1\n|move|p1a: Egger|Drain Punch|p2a: Kommo-o\n|-supereffective|p2a: Kommo-o\n|-damage|p2a: Kommo-o|88\/100\n|-heal|p1a: Egger|62\/100|[from] drain|[of] p2a: Kommo-o\n|\n|upkeep\n|turn|7\n|\n|t:|1698540286\n|move|p1a: Egger|Protect|p1a: Egger\n|-singleturn|p1a: Egger|Protect\n|move|p2a: Kommo-o|Flash Cannon|p1a: Egger\n|-activate|p1a: Egger|move: Protect\n|move|p2b: Flutter Mane|Moonblast|p1a: Egger\n|-activate|p1a: Egger|move: Protect\n|move|p1b: Annoy|Substitute|p1b: Annoy\n|-start|p1b: Annoy|Substitute\n|-damage|p1b: Annoy|76\/100\n|\n|upkeep\n|turn|8\n|inactive|youseemenowyoudont has 120 seconds left.\n|inactive|Zazashing has 120 seconds left.\n|\n|t:|1698540342\n|-end|p2b: Flutter Mane|Protosynthesis|[silent]\n|switch|p2b: Ogerpon|Ogerpon-Hearthflame, F|100\/100\n|-ability|p2b: Ogerpon|Mold Breaker\n|switch|p1b: Brute Bonnet|Brute Bonnet|100\/100\n|-enditem|p1b: Brute Bonnet|Booster Energy\n|-activate|p1b: Brute Bonnet|ability: Protosynthesis|[fromitem]\n|-start|p1b: Brute Bonnet|protosynthesisspd\n|move|p2a: Kommo-o|Clanging Scales|p1a: Egger|[spread] p1a,p1b\n|-damage|p1a: Egger|33\/100\n|-damage|p1b: Brute Bonnet|62\/100\n|-enditem|p1a: Egger|Sitrus Berry|[eat]\n|-heal|p1a: Egger|58\/100|[from] item: Sitrus Berry\n|-unboost|p2a: Kommo-o|def|1\n|move|p1a: Egger|Soft-Boiled|p1a: Egger\n|-heal|p1a: Egger|100\/100\n|\n|upkeep\n|turn|9\n|\n|t:|1698540359\n|move|p2a: Kommo-o|Protect|p2a: Kommo-o\n|-singleturn|p2a: Kommo-o|Protect\n|move|p1a: Egger|Protect|p1a: Egger\n|-singleturn|p1a: Egger|Protect\n|move|p2b: Ogerpon|Ivy Cudgel|p1b: Brute Bonnet\n|-supereffective|p1b: Brute Bonnet\n|-damage|p1b: Brute Bonnet|0 fnt\n|faint|p1b: Brute Bonnet\n|-end|p1b: Brute Bonnet|Protosynthesis|[silent]\n|\n|upkeep\n|\n|t:|1698540367\n|switch|p1b: Dragonite|Dragonite, M|100\/100\n|turn|10\n|inactive|youseemenowyoudont has 120 seconds left.\n|\n|t:|1698540383\n|move|p2a: Kommo-o|Clanging Scales|p1a: Egger|[spread] p1a,p1b\n|-supereffective|p1b: Dragonite\n|-damage|p1a: Egger|73\/100\n|-damage|p1b: Dragonite|0 fnt\n|faint|p1b: Dragonite\n|-unboost|p2a: Kommo-o|def|1\n|move|p2b: Ogerpon|Low Kick|p1a: Egger\n|-supereffective|p1a: Egger\n|-damage|p1a: Egger|24\/100\n|move|p1a: Egger|Soft-Boiled|p1a: Egger\n|-heal|p1a: Egger|74\/100\n|\n|upkeep\n|\n|t:|1698540391\n|switch|p1b: Annoy|Sinistcha|76\/100\n|-heal|p1a: Egger|99\/100|[from] ability: Hospitality|[of] p1b: Annoy\n|turn|11\n|\n|t:|1698540404\n|move|p2a: Kommo-o|Protect|p2a: Kommo-o\n|-singleturn|p2a: Kommo-o|Protect\n|move|p1a: Egger|Protect|p1a: Egger\n|-singleturn|p1a: Egger|Protect\n|move|p2b: Ogerpon|Ivy Cudgel|p1b: Annoy\n|-supereffective|p1b: Annoy\n|-damage|p1b: Annoy|0 fnt\n|faint|p1b: Annoy\n|\n|upkeep\n|turn|12\n|c|\u2606Zazashing|Fucking fat loser\n|n|\u203dZazashing|zazashing\n|c|&|\/log Zazashing was locked from talking by Artemis. (\u2606Zazashing: Fucking fat loser)\n|c|&|\/raw <small>This action was done automatically. Want to learn more about the AI? <a href=\"https:\/\/www.smogon.com\/forums\/threads\/3570628\/#post-9056769\">Visit the information thread<\/a>.<\/small>\n|\n|t:|1698540428\n|move|p2a: Kommo-o|Flash Cannon|p1a: Egger\n|-damage|p1a: Egger|72\/100\n|-unboost|p1a: Egger|spd|1\n|move|p2b: Ogerpon|Low Kick|p1a: Egger\n|-supereffective|p1a: Egger\n|-damage|p1a: Egger|20\/100\n|move|p1a: Egger|Soft-Boiled|p1a: Egger\n|-heal|p1a: Egger|70\/100\n|\n|upkeep\n|turn|13\n|\n|t:|1698540445\n|move|p1a: Egger|Protect|p1a: Egger\n|-singleturn|p1a: Egger|Protect\n|move|p2a: Kommo-o|Clanging Scales|p1a: Egger\n|-activate|p1a: Egger|move: Protect\n|move|p2b: Ogerpon|Low Kick|p1a: Egger\n|-activate|p1a: Egger|move: Protect\n|\n|upkeep\n|turn|14\n|\n|t:|1698540455\n|move|p2a: Kommo-o|Clanging Scales|p1a: Egger\n|-damage|p1a: Egger|9\/100\n|-unboost|p2a: Kommo-o|def|1\n|move|p2b: Ogerpon|Ivy Cudgel|p1a: Egger\n|-damage|p1a: Egger|0 fnt\n|faint|p1a: Egger\n|\n|win|youseemenowyoudont\n|raw|Zazashing's rating: 1086 &rarr; <strong>1061<\/strong><br \/>(-25 for losing)\n|raw|youseemenowyoudont's rating: 1053 &rarr; <strong>1088<\/strong><br \/>(+35 for winning)\n","uploadtime":1698540427,"views":15,"p1id":"zazashing","p2id":"youseemenowyoudont","formatid":"gen9doublesou","rating":1061,"private":0,"password":""}