{"id":"gen9doublesou-1971264154","p1":"IsaacTheDot","p2":"Rexluser","format":"[Gen 9] Doubles OU","log":"|j|\u2606IsaacTheDot\n|j|\u2606Rexluser\n|t:|1697724845\n|gametype|doubles\n|player|p1|IsaacTheDot|irida|1088\n|player|p2|Rexluser|102|1147\n|teamsize|p1|6\n|teamsize|p2|6\n|gen|9\n|tier|[Gen 9] Doubles OU\n|rated|\n|rule|Species Clause: Limit one of each Pok\u00e9mon\n|rule|OHKO Clause: OHKO moves are banned\n|rule|Evasion Moves Clause: Evasion moves are banned\n|rule|Gravity Sleep Clause: The combination of sleep-inducing moves with imperfect accuracy and Gravity or Gigantamax Orbeetle are banned\n|rule|Endless Battle Clause: Forcing endless battles is banned\n|rule|HP Percentage Mod: HP is shown in percentages\n|clearpoke\n|poke|p1|Slaking, F|\n|poke|p1|Medicham, F|\n|poke|p1|Sinistcha-Masterpiece|\n|poke|p1|Amoonguss, M|\n|poke|p1|Iron Hands|\n|poke|p1|Ursaluna-Bloodmoon, M|\n|poke|p2|Chien-Pao|\n|poke|p2|Basculegion-F, F|\n|poke|p2|Goodra-Hisui, F|\n|poke|p2|Iron Hands|\n|poke|p2|Ogerpon-Hearthflame, F|\n|poke|p2|Tornadus, M|\n|teampreview\n|inactive|Battle timer is ON: inactive players will automatically lose when time's up. (requested by Rexluser)\n|\n|t:|1697724858\n|start\n|switch|p1a: Slaking|Slaking, F|100\/100\n|switch|p1b: Medicham|Medicham, F|100\/100\n|switch|p2a: Tornadus|Tornadus, M|100\/100\n|switch|p2b: Chien-Pao|Chien-Pao|100\/100\n|-ability|p2b: Chien-Pao|Sword of Ruin\n|turn|1\n|\n|t:|1697724874\n|move|p2a: Tornadus|Tailwind|p2a: Tornadus\n|-sidestart|p2: Rexluser|move: Tailwind\n|move|p2b: Chien-Pao|Lash Out|p1b: Medicham\n|-damage|p1b: Medicham|0 fnt\n|faint|p1b: Medicham\n|move|p1a: Slaking|Bulk Up|p1a: Slaking\n|-boost|p1a: Slaking|atk|1\n|-boost|p1a: Slaking|def|1\n|\n|upkeep\n|\n|t:|1697724882\n|switch|p1b: Sinistcha|Sinistcha-Masterpiece|100\/100\n|turn|2\n|\n|t:|1697724890\n|move|p2b: Chien-Pao|Lash Out|p1a: Slaking\n|-damage|p1a: Slaking|66\/100\n|move|p2a: Tornadus|Bleakwind Storm|p1b: Sinistcha|[spread] p1a\n|-miss|p2a: Tornadus|p1b: Sinistcha\n|-damage|p1a: Slaking|28\/100\n|cant|p1a: Slaking|ability: Truant\n|move|p1b: Sinistcha|Strength Sap|p2b: Chien-Pao\n|-unboost|p2b: Chien-Pao|atk|1\n|\n|-heal|p1a: Slaking|34\/100|[from] item: Leftovers\n|upkeep\n|turn|3\n|\n|t:|1697724914\n|move|p2b: Chien-Pao|Lash Out|p1b: Sinistcha\n|-supereffective|p1b: Sinistcha\n|-damage|p1b: Sinistcha|31\/100\n|move|p2a: Tornadus|Bleakwind Storm|p1a: Slaking|[spread] p1a,p1b\n|-supereffective|p1b: Sinistcha\n|-damage|p1a: Slaking|0 fnt\n|-damage|p1b: Sinistcha|0 fnt\n|faint|p1a: Slaking\n|faint|p1b: Sinistcha\n|\n|upkeep\n|\n|t:|1697724925\n|switch|p1a: Amoonguss|Amoonguss, M|100\/100\n|switch|p1b: Ursaluna|Ursaluna-Bloodmoon, M|100\/100\n|turn|4\n|\n|t:|1697724936\n|switch|p2b: Basculegion|Basculegion-F, F|100\/100\n|-ability|p2b: Basculegion|Mold Breaker\n|move|p1a: Amoonguss|Rage Powder|p1a: Amoonguss\n|-singleturn|p1a: Amoonguss|move: Rage Powder\n|move|p2a: Tornadus|Chilling Water|p1a: Amoonguss\n|-resisted|p1a: Amoonguss\n|-damage|p1a: Amoonguss|95\/100\n|-unboost|p1a: Amoonguss|atk|1\n|move|p1b: Ursaluna|Blood Moon|p2b: Basculegion\n|-damage|p2b: Basculegion|19\/100\n|\n|-heal|p1a: Amoonguss|100\/100|[from] item: Black Sludge\n|-sideend|p2: Rexluser|move: Tailwind\n|upkeep\n|turn|5\n|\n|t:|1697724961\n|move|p2a: Tornadus|Tailwind|p2a: Tornadus\n|-sidestart|p2: Rexluser|move: Tailwind\n|move|p2b: Basculegion|Flip Turn|p1b: Ursaluna\n|-supereffective|p1b: Ursaluna\n|-damage|p1b: Ursaluna|64\/100\n|\n|t:|1697724968\n|switch|p2b: Iron Hands|Iron Hands|100\/100|[from] Flip Turn\n|move|p1b: Ursaluna|Calm Mind|p1b: Ursaluna\n|-boost|p1b: Ursaluna|spa|1\n|-boost|p1b: Ursaluna|spd|1\n|move|p1a: Amoonguss|Spore|p2a: Tornadus\n|-status|p2a: Tornadus|slp|[from] move: Spore\n|\n|-heal|p1b: Ursaluna|70\/100|[from] item: Leftovers\n|upkeep\n|turn|6\n|\n|t:|1697724986\n|move|p2b: Iron Hands|Fake Out|p1b: Ursaluna\n|-damage|p1b: Ursaluna|60\/100\n|move|p1a: Amoonguss|Rage Powder|p1a: Amoonguss\n|-singleturn|p1a: Amoonguss|move: Rage Powder\n|cant|p2a: Tornadus|slp\n|cant|p1b: Ursaluna|flinch\n|\n|-heal|p1b: Ursaluna|67\/100|[from] item: Leftovers\n|upkeep\n|turn|7\n|\n|t:|1697725004\n|move|p1a: Amoonguss|Rage Powder|p1a: Amoonguss\n|-singleturn|p1a: Amoonguss|move: Rage Powder\n|cant|p2a: Tornadus|slp\n|move|p2b: Iron Hands|Drain Punch|p1a: Amoonguss\n|-resisted|p1a: Amoonguss\n|-damage|p1a: Amoonguss|81\/100\n|move|p1b: Ursaluna|Blood Moon|p2a: Tornadus\n|-enditem|p2a: Tornadus|Focus Sash\n|-damage|p2a: Tornadus|1\/100 slp\n|\n|-heal|p1b: Ursaluna|73\/100|[from] item: Leftovers\n|-heal|p1a: Amoonguss|87\/100|[from] item: Black Sludge\n|upkeep\n|turn|8\n|\n|t:|1697725027\n|move|p1a: Amoonguss|Rage Powder|p1a: Amoonguss\n|-singleturn|p1a: Amoonguss|move: Rage Powder\n|-curestatus|p2a: Tornadus|slp|[msg]\n|move|p2a: Tornadus|Bleakwind Storm|p1a: Amoonguss|[spread] p1b\n|-miss|p2a: Tornadus|p1a: Amoonguss\n|-damage|p1b: Ursaluna|45\/100\n|move|p2b: Iron Hands|Stomping Tantrum|p1a: Amoonguss\n|-damage|p1a: Amoonguss|60\/100\n|move|p1b: Ursaluna|Earth Power|p2b: Iron Hands\n|-supereffective|p2b: Iron Hands\n|-damage|p2b: Iron Hands|4\/100\n|\n|-heal|p1b: Ursaluna|51\/100|[from] item: Leftovers\n|-heal|p1a: Amoonguss|66\/100|[from] item: Black Sludge\n|-sideend|p2: Rexluser|move: Tailwind\n|upkeep\n|turn|9\n|\n|t:|1697725052\n|move|p1a: Amoonguss|Rage Powder|p1a: Amoonguss\n|-singleturn|p1a: Amoonguss|move: Rage Powder\n|move|p2a: Tornadus|Tailwind|p2a: Tornadus\n|-sidestart|p2: Rexluser|move: Tailwind\n|move|p2b: Iron Hands|Drain Punch|p1a: Amoonguss\n|-resisted|p1a: Amoonguss\n|-damage|p1a: Amoonguss|47\/100\n|-heal|p2b: Iron Hands|13\/100|[from] drain|[of] p1a: Amoonguss\n|move|p1b: Ursaluna|Earth Power|p2b: Iron Hands\n|-supereffective|p2b: Iron Hands\n|-damage|p2b: Iron Hands|0 fnt\n|faint|p2b: Iron Hands\n|-end|p2b: Iron Hands|Quark Drive|[silent]\n|\n|-heal|p1b: Ursaluna|57\/100|[from] item: Leftovers\n|-heal|p1a: Amoonguss|53\/100|[from] item: Black Sludge\n|upkeep\n|inactive|Rexluser has 120 seconds left.\n|\n|t:|1697725064\n|switch|p2b: Ogerpon|Ogerpon-Hearthflame, F|100\/100\n|-ability|p2b: Ogerpon|Mold Breaker\n|turn|10\n|\n|t:|1697725074\n|-terastallize|p2b: Ogerpon|Fire\n|detailschange|p2b: Ogerpon|Ogerpon-Hearthflame-Tera, F, tera:Fire\n|-ability|p2b: Ogerpon|Embody Aspect (Hearthflame)|boost\n|-boost|p2b: Ogerpon|atk|1\n|move|p1a: Amoonguss|Rage Powder|p1a: Amoonguss\n|-singleturn|p1a: Amoonguss|move: Rage Powder\n|move|p2a: Tornadus|Bleakwind Storm|p1a: Amoonguss|[spread] p1a,p1b\n|-supereffective|p1a: Amoonguss\n|-damage|p1a: Amoonguss|2\/100\n|-damage|p1b: Ursaluna|31\/100\n|move|p2b: Ogerpon|Ivy Cudgel|p1a: Amoonguss\n|-supereffective|p1a: Amoonguss\n|-damage|p1a: Amoonguss|0 fnt\n|faint|p1a: Amoonguss\n|move|p1b: Ursaluna|Blood Moon|p2b: Ogerpon\n|-damage|p2b: Ogerpon|0 fnt\n|faint|p2b: Ogerpon\n|\n|-heal|p1b: Ursaluna|37\/100|[from] item: Leftovers\n|upkeep\n|\n|t:|1697725094\n|switch|p2b: Basculegion|Basculegion-F, F|19\/100\n|switch|p1a: Iron Hands|Iron Hands|100\/100\n|-ability|p2b: Basculegion|Mold Breaker\n|-enditem|p1a: Iron Hands|Booster Energy\n|-activate|p1a: Iron Hands|ability: Quark Drive|[fromitem]\n|-start|p1a: Iron Hands|quarkdriveatk\n|turn|11\n|\n|t:|1697725118\n|move|p1a: Iron Hands|Fake Out|p2a: Tornadus\n|-damage|p2a: Tornadus|0 fnt\n|faint|p2a: Tornadus\n|move|p2b: Basculegion|Liquidation|p1b: Ursaluna\n|-supereffective|p1b: Ursaluna\n|-damage|p1b: Ursaluna|0 fnt\n|faint|p1b: Ursaluna\n|\n|upkeep\n|\n|t:|1697725131\n|switch|p2a: Goodra|Goodra-Hisui, F|100\/100\n|turn|12\n|\n|t:|1697725135\n|move|p2b: Basculegion|Liquidation|p1a: Iron Hands\n|-damage|p1a: Iron Hands|76\/100\n|-unboost|p1a: Iron Hands|def|1\n|move|p2a: Goodra|Acid Armor|p2a: Goodra\n|-boost|p2a: Goodra|def|2\n|move|p1a: Iron Hands|Drain Punch|p2a: Goodra\n|-supereffective|p2a: Goodra\n|-damage|p2a: Goodra|46\/100\n|-heal|p1a: Iron Hands|96\/100|[from] drain|[of] p2a: Goodra\n|\n|-heal|p2a: Goodra|52\/100|[from] item: Leftovers\n|-sideend|p2: Rexluser|move: Tailwind\n|upkeep\n|turn|13\n|\n|t:|1697725154\n|-terastallize|p1a: Iron Hands|Fighting\n|move|p2b: Basculegion|Liquidation|p1a: Iron Hands\n|-damage|p1a: Iron Hands|58\/100\n|-unboost|p1a: Iron Hands|def|1\n|move|p2a: Goodra|Dragon Pulse|p1a: Iron Hands\n|-damage|p1a: Iron Hands|28\/100\n|move|p1a: Iron Hands|Drain Punch|p2a: Goodra\n|-supereffective|p2a: Goodra\n|-damage|p2a: Goodra|0 fnt\n|-heal|p1a: Iron Hands|46\/100|[from] drain|[of] p2a: Goodra\n|faint|p2a: Goodra\n|\n|upkeep\n|\n|t:|1697725176\n|switch|p2a: Chien-Pao|Chien-Pao|100\/100\n|-ability|p2a: Chien-Pao|Sword of Ruin\n|turn|14\n|\n|t:|1697725185\n|move|p2a: Chien-Pao|Ice Spinner|p1a: Iron Hands\n|-damage|p1a: Iron Hands|0 fnt\n|faint|p1a: Iron Hands\n|-end|p1a: Iron Hands|Quark Drive|[silent]\n|\n|win|Rexluser\n|raw|IsaacTheDot's rating: 1088 &rarr; <strong>1069<\/strong><br \/>(-19 for losing)\n|raw|Rexluser's rating: 1147 &rarr; <strong>1168<\/strong><br \/>(+21 for winning)\n|c|\u2606Rexluser|gg\n|l|\u2606IsaacTheDot\n","uploadtime":1697725192,"views":18,"p1id":"isaacthedot","p2id":"rexluser","formatid":"gen9doublesou","rating":1069,"private":0,"password":""}