{"id":"gen9doublesou-1981307561","p1":"qwedddd","p2":"OnlyDestroyer60","format":"[Gen 9] Doubles OU","log":"|j|\u2606qwedddd\n|j|\u2606OnlyDestroyer60\n|t:|1698882007\n|gametype|doubles\n|player|p1|qwedddd|101|1068\n|player|p2|OnlyDestroyer60|169|1053\n|teamsize|p1|6\n|teamsize|p2|6\n|gen|9\n|tier|[Gen 9] Doubles OU\n|rated|\n|rule|Species Clause: Limit one of each Pok\u00e9mon\n|rule|OHKO Clause: OHKO moves are banned\n|rule|Evasion Moves Clause: Evasion moves are banned\n|rule|Gravity Sleep Clause: The combination of sleep-inducing moves with imperfect accuracy and Gravity or Gigantamax Orbeetle are banned\n|rule|Endless Battle Clause: Forcing endless battles is banned\n|rule|HP Percentage Mod: HP is shown in percentages\n|clearpoke\n|poke|p1|Cresselia, F|\n|poke|p1|Gliscor, F|\n|poke|p1|Glimmora, F|\n|poke|p1|Garganacl, M|\n|poke|p1|Dondozo, F|\n|poke|p1|Regieleki|\n|poke|p2|Oricorio-Pom-Pom, F|\n|poke|p2|Volcarona, M|\n|poke|p2|Murkrow, M|\n|poke|p2|Cresselia, F|\n|poke|p2|Ninetales, M|\n|poke|p2|Diancie|\n|teampreview\n|\n|t:|1698882013\n|start\n|switch|p1a: Cresselia|Cresselia, F|100\/100\n|switch|p1b: Gliscor|Gliscor, F|100\/100\n|switch|p2a: Oricorio|Oricorio-Pom-Pom, F, shiny|100\/100\n|switch|p2b: Murkrow|Murkrow, M, shiny|100\/100\n|turn|1\n|\n|t:|1698882029\n|move|p2b: Murkrow|Feather Dance|p1b: Gliscor\n|-unboost|p1b: Gliscor|atk|2\n|-activate|p2a: Oricorio|ability: Dancer\n|move|p2a: Oricorio|Feather Dance|p1b: Gliscor|[from]ability: Dancer\n|-unboost|p1b: Gliscor|atk|2\n|move|p2a: Oricorio|Quiver Dance|p2a: Oricorio\n|-boost|p2a: Oricorio|spa|1\n|-boost|p2a: Oricorio|spd|1\n|-boost|p2a: Oricorio|spe|1\n|move|p1b: Gliscor|Spikes|p2a: Oricorio\n|-sidestart|p2: OnlyDestroyer60|Spikes\n|move|p1a: Cresselia|Skill Swap|p1b: Gliscor\n|-activate|p1a: Cresselia|move: Skill Swap|||[of] p1b: Gliscor\n|\n|-status|p1a: Cresselia|tox|[from] item: Toxic Orb\n|upkeep\n|turn|2\n|\n|t:|1698882062\n|-terastallize|p1a: Cresselia|Normal\n|move|p2b: Murkrow|Tailwind|p2b: Murkrow\n|-sidestart|p2: OnlyDestroyer60|move: Tailwind\n|move|p2a: Oricorio|Quiver Dance|p2a: Oricorio\n|-boost|p2a: Oricorio|spa|1\n|-boost|p2a: Oricorio|spd|1\n|-boost|p2a: Oricorio|spe|1\n|move|p1b: Gliscor|Spikes|p2a: Oricorio\n|-sidestart|p2: OnlyDestroyer60|Spikes\n|move|p1a: Cresselia|Facade|p2a: Oricorio\n|-damage|p2a: Oricorio|42\/100\n|\n|upkeep\n|turn|3\n|c|\u2606qwedddd|lol\n|\n|t:|1698882077\n|move|p2b: Murkrow|Feather Dance|p1a: Cresselia\n|-unboost|p1a: Cresselia|atk|2\n|-activate|p2a: Oricorio|ability: Dancer\n|move|p2a: Oricorio|Feather Dance|p1a: Cresselia|[from]ability: Dancer\n|-unboost|p1a: Cresselia|atk|2\n|move|p2a: Oricorio|Revelation Dance|p1a: Cresselia\n|-damage|p1a: Cresselia|44\/100 tox\n|-damage|p2a: Oricorio|32\/100|[from] item: Life Orb\n|move|p1b: Gliscor|Spikes|p2b: Murkrow\n|-sidestart|p2: OnlyDestroyer60|Spikes\n|move|p1a: Cresselia|Facade|p2a: Oricorio\n|-damage|p2a: Oricorio|14\/100\n|\n|-heal|p1a: Cresselia|56\/100 tox|[from] ability: Poison Heal\n|upkeep\n|turn|4\n|c|\u2606qwedddd|one more facade\n|\n|t:|1698882101\n|move|p1a: Cresselia|Protect|p1a: Cresselia\n|-singleturn|p1a: Cresselia|Protect\n|move|p2b: Murkrow|Feather Dance|p1a: Cresselia\n|-activate|p1a: Cresselia|move: Protect\n|move|p2a: Oricorio|Revelation Dance|p1a: Cresselia\n|-activate|p1a: Cresselia|move: Protect\n|move|p1b: Gliscor|Toxic|p2a: Oricorio\n|-status|p2a: Oricorio|tox\n|\n|-damage|p2a: Oricorio|8\/100 tox|[from] psn\n|-heal|p1a: Cresselia|69\/100 tox|[from] ability: Poison Heal\n|upkeep\n|turn|5\n|c|\u2606qwedddd|lol\n|c|\u2606OnlyDestroyer60|thats fair\n|\n|t:|1698882122\n|move|p1a: Cresselia|Ally Switch||[still]\n|-fail|p1a: Cresselia\n|move|p2b: Murkrow|Perish Song|p2b: Murkrow\n|-start|p1a: Cresselia|perish3|[silent]\n|-start|p1b: Gliscor|perish3|[silent]\n|-start|p2a: Oricorio|perish3|[silent]\n|-start|p2b: Murkrow|perish3|[silent]\n|-fieldactivate|move: Perish Song\n|move|p2a: Oricorio|Revelation Dance|p1a: Cresselia\n|-damage|p1a: Cresselia|16\/100 tox\n|-damage|p2a: Oricorio|0 fnt|[from] item: Life Orb\n|faint|p2a: Oricorio\n|move|p1b: Gliscor|Toxic|p2b: Murkrow\n|-status|p2b: Murkrow|tox\n|\n|-damage|p2b: Murkrow|94\/100 tox|[from] psn\n|-heal|p1a: Cresselia|29\/100 tox|[from] ability: Poison Heal\n|-start|p2b: Murkrow|perish3\n|-start|p1b: Gliscor|perish3\n|-start|p1a: Cresselia|perish3\n|-sideend|p2: OnlyDestroyer60|move: Tailwind\n|upkeep\n|c|\u2606qwedddd|wow\n|\n|t:|1698882141\n|switch|p2a: Cresselia|Cresselia, F, shiny|100\/100\n|turn|6\n|c|\u2606qwedddd|well ig im losing my...\n|c|\u2606qwedddd|both ngl\n|c|\u2606qwedddd|rip\n|c|\u2606OnlyDestroyer60|so why did ally switch fail?\n|\n|t:|1698882171\n|move|p1a: Cresselia|Protect|p1a: Cresselia\n|-singleturn|p1a: Cresselia|Protect\n|move|p2b: Murkrow|Tailwind|p2b: Murkrow\n|-sidestart|p2: OnlyDestroyer60|move: Tailwind\n|move|p2a: Cresselia|Icy Wind|p1a: Cresselia|[spread] p1b\n|-activate|p1a: Cresselia|move: Protect\n|-supereffective|p1b: Gliscor\n|-damage|p1b: Gliscor|52\/100\n|-unboost|p1b: Gliscor|spe|1\n|move|p1b: Gliscor|Toxic|p2a: Cresselia\n|-status|p2a: Cresselia|tox\n|\n|-heal|p1b: Gliscor|58\/100|[from] item: Leftovers\n|-damage|p2b: Murkrow|82\/100 tox|[from] psn\n|-damage|p2a: Cresselia|94\/100 tox|[from] psn\n|-heal|p1a: Cresselia|41\/100 tox|[from] ability: Poison Heal\n|-start|p2b: Murkrow|perish2\n|-start|p1a: Cresselia|perish2\n|-start|p1b: Gliscor|perish2\n|upkeep\n|turn|7\n|c|\u2606qwedddd|id even know\n|\n|t:|1698882208\n|switch|p2b: Diancie|Diancie, shiny|100\/100\n|-damage|p2b: Diancie|76\/100|[from] Spikes\n|move|p1b: Gliscor|Protect|p1b: Gliscor\n|-singleturn|p1b: Gliscor|Protect\n|move|p2a: Cresselia|Icy Wind|p1b: Gliscor|[spread] p1a\n|-activate|p1b: Gliscor|move: Protect\n|-damage|p1a: Cresselia|35\/100 tox\n|-unboost|p1a: Cresselia|spe|1\n|move|p1a: Cresselia|Facade|p2b: Diancie\n|-resisted|p2b: Diancie\n|-damage|p2b: Diancie|71\/100\n|-damage|p1a: Cresselia|19\/100 tox|[from] item: Rocky Helmet|[of] p2b: Diancie\n|\n|-heal|p2a: Cresselia|100\/100 tox|[from] item: Leftovers\n|-heal|p1b: Gliscor|64\/100|[from] item: Leftovers\n|-damage|p2a: Cresselia|88\/100 tox|[from] psn\n|-heal|p1a: Cresselia|31\/100 tox|[from] ability: Poison Heal\n|-start|p1b: Gliscor|perish1\n|-start|p1a: Cresselia|perish1\n|upkeep\n|turn|8\n|\n|t:|1698882238\n|switch|p1a: Glimmora|Glimmora, F|100\/100\n|move|p2a: Cresselia|Icy Wind|p1a: Glimmora|[spread] p1a,p1b\n|-supereffective|p1b: Gliscor\n|-damage|p1a: Glimmora|86\/100\n|-damage|p1b: Gliscor|12\/100\n|-unboost|p1a: Glimmora|spe|1\n|-unboost|p1b: Gliscor|spe|1\n|move|p2b: Diancie|Diamond Storm|p1a: Glimmora|[spread] p1b\n|-miss|p2b: Diancie|p1a: Glimmora\n|-crit|p1b: Gliscor\n|-damage|p1b: Gliscor|0 fnt\n|-boost|p2b: Diancie|def|2\n|faint|p1b: Gliscor\n|\n|-heal|p2a: Cresselia|94\/100 tox|[from] item: Leftovers\n|-damage|p2a: Cresselia|76\/100 tox|[from] psn\n|upkeep\n|\n|t:|1698882252\n|switch|p1b: Cresselia|Cresselia, F, tera:Normal|31\/100 tox\n|turn|9\n|\n|t:|1698882275\n|move|p2a: Cresselia|Icy Wind|p1b: Cresselia|[spread] p1a,p1b\n|-crit|p1a: Glimmora\n|-damage|p1a: Glimmora|63\/100\n|-damage|p1b: Cresselia|25\/100 tox\n|-unboost|p1a: Glimmora|spe|1\n|-unboost|p1b: Cresselia|spe|1\n|move|p2b: Diancie|Diamond Storm|p1a: Glimmora|[spread] p1a,p1b\n|-damage|p1a: Glimmora|22\/100\n|-damage|p1b: Cresselia|2\/100 tox\n|-activate|p1a: Glimmora|ability: Toxic Debris\n|-sidestart|p2: OnlyDestroyer60|move: Toxic Spikes\n|move|p1a: Glimmora|Stealth Rock|p2b: Diancie\n|-sidestart|p2: OnlyDestroyer60|move: Stealth Rock\n|move|p1b: Cresselia|Facade|p2b: Diancie\n|-resisted|p2b: Diancie\n|-damage|p2b: Diancie|64\/100\n|-damage|p1b: Cresselia|0 fnt|[from] item: Rocky Helmet|[of] p2b: Diancie\n|faint|p1b: Cresselia\n|\n|-heal|p2a: Cresselia|82\/100 tox|[from] item: Leftovers\n|-damage|p2a: Cresselia|58\/100 tox|[from] psn\n|-sideend|p2: OnlyDestroyer60|move: Tailwind\n|upkeep\n|\n|t:|1698882289\n|switch|p1b: Garganacl|Garganacl, M|100\/100\n|turn|10\n|\n|t:|1698882302\n|move|p1a: Glimmora|Spiky Shield|p1a: Glimmora\n|-singleturn|p1a: Glimmora|move: Protect\n|move|p2a: Cresselia|Moonlight|p2a: Cresselia\n|-heal|p2a: Cresselia|100\/100 tox\n|move|p1b: Garganacl|Salt Cure|p2b: Diancie\n|-damage|p2b: Diancie|58\/100\n|-start|p2b: Diancie|Salt Cure\n|move|p2b: Diancie|Body Press|p1b: Garganacl\n|-supereffective|p1b: Garganacl\n|-damage|p1b: Garganacl|17\/100\n|\n|-heal|p1b: Garganacl|23\/100|[from] item: Leftovers\n|-damage|p2a: Cresselia|70\/100 tox|[from] psn\n|-damage|p2b: Diancie|46\/100|[from] Salt Cure\n|upkeep\n|turn|11\n|\n|t:|1698882321\n|move|p1b: Garganacl|Protect|p1b: Garganacl\n|-singleturn|p1b: Garganacl|Protect\n|move|p2a: Cresselia|Icy Wind|p1a: Glimmora|[spread] p1a\n|-activate|p1b: Garganacl|move: Protect\n|-damage|p1a: Glimmora|8\/100\n|-unboost|p1a: Glimmora|spe|1\n|move|p1a: Glimmora|Mortal Spin|p2a: Cresselia|[spread] p2a,p2b\n|-damage|p2a: Cresselia|67\/100 tox\n|-damage|p2b: Diancie|44\/100\n|-status|p2b: Diancie|psn\n|-damage|p1a: Glimmora|0 fnt|[from] item: Rocky Helmet|[of] p2b: Diancie\n|faint|p1a: Glimmora\n|move|p2b: Diancie|Diamond Storm|p1b: Garganacl\n|-activate|p1b: Garganacl|move: Protect\n|\n|-heal|p2a: Cresselia|73\/100 tox|[from] item: Leftovers\n|-heal|p1b: Garganacl|29\/100|[from] item: Leftovers\n|-damage|p2a: Cresselia|37\/100 tox|[from] psn\n|-damage|p2b: Diancie|32\/100 psn|[from] psn\n|-damage|p2b: Diancie|20\/100 psn|[from] Salt Cure\n|upkeep\n|\n|t:|1698882340\n|switch|p1a: Dondozo|Dondozo, F|100\/100\n|turn|12\n|c|\u2606OnlyDestroyer60|im scared for my volca ngl\n|\n|t:|1698882360\n|switch|p2a: Murkrow|Murkrow, M, shiny|82\/100 tox\n|-damage|p2a: Murkrow|57\/100 tox|[from] Stealth Rock\n|move|p1a: Dondozo|Protect|p1a: Dondozo\n|-singleturn|p1a: Dondozo|Protect\n|move|p1b: Garganacl|Recover|p1b: Garganacl\n|-heal|p1b: Garganacl|79\/100\n|move|p2b: Diancie|Play Rough|p1b: Garganacl|[miss]\n|-miss|p2b: Diancie|p1b: Garganacl\n|\n|-heal|p1b: Garganacl|85\/100|[from] item: Leftovers\n|-damage|p2a: Murkrow|51\/100 tox|[from] psn\n|-damage|p2b: Diancie|7\/100 psn|[from] psn\n|-damage|p2b: Diancie|0 fnt|[from] Salt Cure\n|faint|p2b: Diancie\n|upkeep\n|\n|t:|1698882377\n|switch|p2b: Ninetales|Ninetales, M, shiny|100\/100\n|-damage|p2b: Ninetales|76\/100|[from] Spikes\n|-status|p2b: Ninetales|psn\n|-damage|p2b: Ninetales|51\/100 psn|[from] Stealth Rock\n|-weather|SunnyDay|[from] ability: Drought|[of] p2b: Ninetales\n|turn|13\n|c|\u2606OnlyDestroyer60|ur team is actually a pain in the butt u know that right?\n|c|\u2606qwedddd|stall goes crazy\n|c|\u2606OnlyDestroyer60|fair\n|\n|t:|1698882433\n|move|p1b: Garganacl|Protect|p1b: Garganacl\n|-singleturn|p1b: Garganacl|Protect\n|move|p2a: Murkrow|Feather Dance|p1b: Garganacl\n|-activate|p1b: Garganacl|move: Protect\n|move|p2b: Ninetales|Solar Beam||[still]\n|-prepare|p2b: Ninetales|Solar Beam\n|-anim|p2b: Ninetales|Solar Beam|p1b: Garganacl\n|-activate|p1b: Garganacl|move: Protect\n|move|p1a: Dondozo|Curse|p1a: Dondozo\n|-unboost|p1a: Dondozo|spe|1\n|-boost|p1a: Dondozo|atk|1\n|-boost|p1a: Dondozo|def|1\n|\n|-weather|SunnyDay|[upkeep]\n|-heal|p1b: Garganacl|92\/100|[from] item: Leftovers\n|-damage|p2b: Ninetales|39\/100 psn|[from] psn\n|-damage|p2a: Murkrow|39\/100 tox|[from] psn\n|upkeep\n|turn|14\n|\n|t:|1698882453\n|move|p1a: Dondozo|Protect|p1a: Dondozo\n|-singleturn|p1a: Dondozo|Protect\n|move|p2a: Murkrow|Haze|p2a: Murkrow\n|-clearallboost\n|move|p2b: Ninetales|Solar Beam||[still]\n|-prepare|p2b: Ninetales|Solar Beam\n|-anim|p2b: Ninetales|Solar Beam|p1b: Garganacl\n|-supereffective|p1b: Garganacl\n|-damage|p1b: Garganacl|52\/100\n|move|p1b: Garganacl|Salt Cure|p2b: Ninetales\n|-supereffective|p2b: Ninetales\n|-damage|p2b: Ninetales|0 fnt\n|faint|p2b: Ninetales\n|\n|-weather|SunnyDay|[upkeep]\n|-heal|p1b: Garganacl|58\/100|[from] item: Leftovers\n|-damage|p2a: Murkrow|20\/100 tox|[from] psn\n|upkeep\n|c|\u2606OnlyDestroyer60|dam i think thats gg from me\n|\n|t:|1698882471\n|switch|p2b: Volcarona|Volcarona, M, shiny|100\/100\n|-damage|p2b: Volcarona|76\/100|[from] Spikes\n|-status|p2b: Volcarona|psn\n|-damage|p2b: Volcarona|26\/100 psn|[from] Stealth Rock\n|turn|15\n|-message|OnlyDestroyer60 forfeited.\n|\n|win|qwedddd\n|raw|qwedddd's rating: 1068 &rarr; <strong>1097<\/strong><br \/>(+29 for winning)\n|raw|OnlyDestroyer60's rating: 1053 &rarr; <strong>1036<\/strong><br \/>(-17 for losing)\n|l|\u2606OnlyDestroyer60\n|c|\u2606qwedddd|gg\n","uploadtime":1698882501,"views":18,"p1id":"qwedddd","p2id":"onlydestroyer60","formatid":"gen9doublesou","rating":1036,"private":0,"password":""}