{"id":"gen9doublesou-1996348291","p1":"Ninpol3","p2":"cotesmcgotes","format":"[Gen 9] Doubles OU","log":"|j|\u2606Ninpol3\n|j|\u2606cotesmcgotes\n|t:|1700673500\n|gametype|doubles\n|player|p1|Ninpol3|barry|1326\n|player|p2|cotesmcgotes|flannery|1268\n|teamsize|p1|6\n|teamsize|p2|6\n|gen|9\n|tier|[Gen 9] Doubles OU\n|rated|\n|rule|Species Clause: Limit one of each Pok\u00e9mon\n|rule|OHKO Clause: OHKO moves are banned\n|rule|Evasion Moves Clause: Evasion moves are banned\n|rule|Gravity Sleep Clause: The combination of sleep-inducing moves with imperfect accuracy and Gravity or Gigantamax Orbeetle are banned\n|rule|Endless Battle Clause: Forcing endless battles is banned\n|rule|HP Percentage Mod: HP is shown in percentages\n|clearpoke\n|poke|p1|Weavile, F|\n|poke|p1|Walking Wake|\n|poke|p1|Leafeon, M|\n|poke|p1|Lycanroc-Dusk, F|\n|poke|p1|Arcanine, F|\n|poke|p1|Great Tusk|\n|poke|p2|Cresselia, F|\n|poke|p2|Tornadus, M|\n|poke|p2|Overqwil, M|\n|poke|p2|Breloom, F|\n|poke|p2|Walking Wake|\n|poke|p2|Ogerpon-Hearthflame, F|\n|teampreview\n|\n|t:|1700673510\n|start\n|switch|p1a: Speed girl|Weavile, F|100\/100\n|switch|p1b: Scary man|Walking Wake|100\/100\n|switch|p2a: Tornadus|Tornadus, M, shiny|100\/100\n|switch|p2b: Ogerpon|Ogerpon-Hearthflame, F|100\/100\n|-ability|p1a: Speed girl|Pressure\n|-ability|p2b: Ogerpon|Mold Breaker\n|turn|1\n|inactive|Battle timer is ON: inactive players will automatically lose when time's up. (requested by cotesmcgotes)\n|\n|t:|1700673525\n|move|p2b: Ogerpon|Spiky Shield|p2b: Ogerpon\n|-singleturn|p2b: Ogerpon|move: Protect\n|move|p1a: Speed girl|Fake Out|p2a: Tornadus\n|-damage|p2a: Tornadus|85\/100\n|cant|p2a: Tornadus|flinch\n|move|p1b: Scary man|Sunny Day|p1b: Scary man\n|-weather|SunnyDay\n|-activate|p1b: Scary man|ability: Protosynthesis\n|-start|p1b: Scary man|protosynthesisspa\n|\n|-weather|SunnyDay|[upkeep]\n|upkeep\n|turn|2\n|\n|t:|1700673540\n|move|p2a: Tornadus|Rain Dance|p2a: Tornadus\n|-weather|RainDance\n|-end|p1b: Scary man|Protosynthesis\n|move|p1a: Speed girl|Icicle Crash|p2a: Tornadus\n|-supereffective|p2a: Tornadus\n|-damage|p2a: Tornadus|0 fnt\n|faint|p2a: Tornadus\n|move|p2b: Ogerpon|Ivy Cudgel|p1a: Speed girl|[anim] Ivy Cudgel Fire\n|-supereffective|p1a: Speed girl\n|-damage|p1a: Speed girl|6\/100\n|move|p1b: Scary man|Hydro Steam|p2b: Ogerpon\n|-damage|p2b: Ogerpon|24\/100\n|\n|-weather|RainDance|[upkeep]\n|upkeep\n|\n|t:|1700673556\n|switch|p2a: Overqwil|Overqwil, M|100\/100\n|turn|3\n|\n|t:|1700673563\n|move|p2b: Ogerpon|Spiky Shield|p2b: Ogerpon\n|-singleturn|p2b: Ogerpon|move: Protect\n|move|p2a: Overqwil|Crunch|p1a: Speed girl\n|-resisted|p1a: Speed girl\n|-damage|p1a: Speed girl|0 fnt\n|faint|p1a: Speed girl\n|move|p1b: Scary man|Sunny Day|p1b: Scary man\n|-weather|SunnyDay\n|-activate|p1b: Scary man|ability: Protosynthesis\n|-start|p1b: Scary man|protosynthesisspa\n|\n|-weather|SunnyDay|[upkeep]\n|upkeep\n|\n|t:|1700673574\n|switch|p1a: Fluffy's nee-chan|Lycanroc-Dusk, F|100\/100\n|turn|4\n|\n|t:|1700673582\n|switch|p2a: Walking Wake|Walking Wake|100\/100\n|-activate|p2a: Walking Wake|ability: Protosynthesis\n|-start|p2a: Walking Wake|protosynthesisspa\n|move|p1a: Fluffy's nee-chan|Accelerock|p2b: Ogerpon\n|-supereffective|p2b: Ogerpon\n|-crit|p2b: Ogerpon\n|-damage|p2b: Ogerpon|0 fnt\n|faint|p2b: Ogerpon\n|move|p1b: Scary man|Hydro Steam|p2a: Walking Wake\n|-resisted|p2a: Walking Wake\n|-damage|p2a: Walking Wake|85\/100\n|\n|-weather|SunnyDay|[upkeep]\n|upkeep\n|inactive|cotesmcgotes has 120 seconds left.\n|\n|t:|1700673619\n|switch|p2b: Breloom|Breloom, F|100\/100\n|turn|5\n|\n|t:|1700673630\n|switch|p1a: Fluffy|Arcanine, F|100\/100\n|-terastallize|p2a: Walking Wake|Fairy\n|-terastallize|p1b: Scary man|Fire\n|move|p2a: Walking Wake|Hydro Steam|p1a: Fluffy\n|-supereffective|p1a: Fluffy\n|-damage|p1a: Fluffy|0 fnt\n|faint|p1a: Fluffy\n|move|p1b: Scary man|Draco Meteor|p2a: Walking Wake\n|-immune|p2a: Walking Wake\n|move|p2b: Breloom|Spore|p1b: Scary man\n|-status|p1b: Scary man|slp|[from] move: Spore\n|\n|-weather|SunnyDay|[upkeep]\n|-status|p2b: Breloom|tox|[from] item: Toxic Orb\n|upkeep\n|\n|t:|1700673645\n|switch|p1a: Salad boy|Leafeon, M|100\/100\n|turn|6\n|\n|t:|1700673653\n|move|p1a: Salad boy|Solar Blade||[still]\n|-prepare|p1a: Salad boy|Solar Blade\n|-anim|p1a: Salad boy|Solar Blade|p2a: Walking Wake\n|-damage|p2a: Walking Wake|24\/100\n|move|p2a: Walking Wake|Flamethrower|p1a: Salad boy\n|-supereffective|p1a: Salad boy\n|-damage|p1a: Salad boy|0 fnt\n|faint|p1a: Salad boy\n|cant|p1b: Scary man|slp\n|move|p2b: Breloom|Substitute|p2b: Breloom\n|-start|p2b: Breloom|Substitute\n|-damage|p2b: Breloom|76\/100 tox\n|\n|-weather|SunnyDay|[upkeep]\n|-heal|p2b: Breloom|88\/100 tox|[from] ability: Poison Heal\n|upkeep\n|\n|t:|1700673667\n|switch|p1a: Fluffy's nee-chan|Lycanroc-Dusk, F|100\/100\n|turn|7\n|\n|t:|1700673674\n|-singleturn|p2b: Breloom|move: Focus Punch\n|move|p1a: Fluffy's nee-chan|Accelerock|p2a: Walking Wake\n|-damage|p2a: Walking Wake|0 fnt\n|faint|p2a: Walking Wake\n|-end|p2a: Walking Wake|Protosynthesis|[silent]\n|cant|p1b: Scary man|slp\n|move|p2b: Breloom|Focus Punch|p1a: Fluffy's nee-chan\n|-supereffective|p1a: Fluffy's nee-chan\n|-damage|p1a: Fluffy's nee-chan|0 fnt\n|faint|p1a: Fluffy's nee-chan\n|\n|-weather|none\n|-end|p1b: Scary man|Protosynthesis\n|-heal|p2b: Breloom|100\/100 tox|[from] ability: Poison Heal\n|upkeep\n|-message|Ninpol3 forfeited.\n|\n|win|cotesmcgotes\n|raw|Ninpol3's rating: 1326 &rarr; <strong>1303<\/strong><br \/>(-23 for losing)\n|raw|cotesmcgotes's rating: 1268 &rarr; <strong>1297<\/strong><br \/>(+29 for winning)\n|l|\u2606Ninpol3\n","uploadtime":1700673689,"views":0,"p1id":"ninpol3","p2id":"cotesmcgotes","formatid":"gen9doublesou","rating":1297,"private":0,"password":""}