{"id":"gen9doublesou-1989875812","p1":"Jonathan53332","p2":"Linkmasterjr","format":"[Gen 9] Doubles OU","log":"|j|\u2606Jonathan53332\n|j|\u2606Linkmasterjr\n|t:|1699903060\n|gametype|doubles\n|player|p1|Jonathan53332|265|\n|player|p2|Linkmasterjr|blue|\n|teamsize|p1|6\n|teamsize|p2|6\n|gen|9\n|tier|[Gen 9] Doubles OU\n|rule|Species Clause: Limit one of each Pok\u00e9mon\n|rule|OHKO Clause: OHKO moves are banned\n|rule|Evasion Moves Clause: Evasion moves are banned\n|rule|Gravity Sleep Clause: The combination of sleep-inducing moves with imperfect accuracy and Gravity or Gigantamax Orbeetle are banned\n|rule|Endless Battle Clause: Forcing endless battles is banned\n|rule|HP Percentage Mod: HP is shown in percentages\n|clearpoke\n|poke|p1|Primeape, M|\n|poke|p1|Maushold|\n|poke|p1|Kilowattrel, M|\n|poke|p1|Palafin, M|\n|poke|p1|Dugtrio-Alola, F|\n|poke|p1|Amoonguss, M|\n|poke|p2|Vikavolt, M|\n|poke|p2|Chandelure, M|\n|poke|p2|Palafin, M|\n|poke|p2|Great Tusk|\n|poke|p2|Rillaboom, F|\n|poke|p2|Murkrow, F|\n|teampreview\n|\n|t:|1699903081\n|start\n|switch|p1a: Dugtrio|Dugtrio-Alola, F|100\/100\n|switch|p1b: Kilowattrel|Kilowattrel, M|100\/100\n|switch|p2a: Murkrow|Murkrow, F|100\/100\n|switch|p2b: Great Tusk|Great Tusk, shiny|100\/100\n|-enditem|p2b: Great Tusk|Booster Energy\n|-activate|p2b: Great Tusk|ability: Protosynthesis|[fromitem]\n|-start|p2b: Great Tusk|protosynthesisatk\n|turn|1\n|\n|t:|1699903093\n|move|p2a: Murkrow|Tailwind|p2a: Murkrow\n|-sidestart|p2: Linkmasterjr|move: Tailwind\n|move|p2b: Great Tusk|Ice Fang|p1b: Kilowattrel\n|-supereffective|p1b: Kilowattrel\n|-enditem|p1b: Kilowattrel|Focus Sash\n|-damage|p1b: Kilowattrel|1\/100\n|move|p1b: Kilowattrel|Tailwind|p1b: Kilowattrel\n|-sidestart|p1: Jonathan53332|move: Tailwind\n|move|p1a: Dugtrio|Rock Slide|p2b: Great Tusk|[spread] p2a,p2b\n|-supereffective|p2a: Murkrow\n|-resisted|p2b: Great Tusk\n|-damage|p2a: Murkrow|23\/100\n|-damage|p2b: Great Tusk|97\/100\n|-enditem|p2a: Murkrow|Eject Button\n|\n|t:|1699903101\n|switch|p2a: Palafin|Palafin, M|100\/100\n|\n|upkeep\n|turn|2\n|\n|t:|1699903148\n|move|p2a: Palafin|Jet Punch|p1b: Kilowattrel\n|-damage|p1b: Kilowattrel|0 fnt\n|faint|p1b: Kilowattrel\n|move|p1a: Dugtrio|Earthquake|p2b: Great Tusk|[spread] p2a,p2b\n|-crit|p2b: Great Tusk\n|-damage|p2a: Palafin|54\/100\n|-damage|p2b: Great Tusk|62\/100\n|move|p2b: Great Tusk|Brick Break|p1a: Dugtrio\n|-supereffective|p1a: Dugtrio\n|-enditem|p1a: Dugtrio|Focus Sash\n|-damage|p1a: Dugtrio|1\/100\n|-ability|p1a: Dugtrio|Tangling Hair\n|-unboost|p2b: Great Tusk|spe|1\n|\n|upkeep\n|\n|t:|1699903167\n|switch|p1b: Palafin|Palafin, M|100\/100\n|turn|3\n|\n|t:|1699903187\n|-end|p2b: Great Tusk|Protosynthesis|[silent]\n|switch|p2b: Rillaboom|Rillaboom, F|100\/100\n|-fieldstart|move: Grassy Terrain|[from] ability: Grassy Surge|[of] p2b: Rillaboom\n|move|p2a: Palafin|Jet Punch|p1a: Dugtrio\n|-supereffective|p1a: Dugtrio\n|-damage|p1a: Dugtrio|0 fnt\n|-ability|p1a: Dugtrio|Tangling Hair\n|-unboost|p2a: Palafin|spe|1\n|faint|p1a: Dugtrio\n|move|p1b: Palafin|Flip Turn|p2b: Rillaboom\n|-resisted|p2b: Rillaboom\n|-crit|p2b: Rillaboom\n|-damage|p2b: Rillaboom|76\/100\n|\n|t:|1699903194\n|detailschange|p1b: Palafin|Palafin-Hero, M\n|switch|p1b: Asta|Primeape, M|100\/100|[from] Flip Turn\n|\n|-heal|p2b: Rillaboom|82\/100|[from] Grassy Terrain\n|-heal|p2a: Palafin|60\/100|[from] Grassy Terrain\n|upkeep\n|\n|t:|1699903196\n|switch|p1a: Maushold|Maushold|100\/100\n|turn|4\n|\n|t:|1699903210\n|detailschange|p2a: Palafin|Palafin-Hero, M\n|switch|p2a: Chandelure|Chandelure, M|100\/100\n|move|p2b: Rillaboom|Fake Out|p1a: Maushold\n|-damage|p1a: Maushold|80\/100\n|cant|p1a: Maushold|flinch\n|move|p1b: Asta|Rage Fist|p2b: Rillaboom\n|-damage|p2b: Rillaboom|67\/100\n|\n|-heal|p1a: Maushold|86\/100|[from] Grassy Terrain\n|-heal|p2b: Rillaboom|73\/100|[from] Grassy Terrain\n|-sideend|p2: Linkmasterjr|move: Tailwind\n|-sideend|p1: Jonathan53332|move: Tailwind\n|upkeep\n|turn|5\n|\n|t:|1699903230\n|-terastallize|p2a: Chandelure|Fairy\n|move|p1a: Maushold|Beat Up|p1b: Asta\n|-resisted|p1b: Asta\n|-damage|p1b: Asta|99\/100\n|-resisted|p1b: Asta\n|-damage|p1b: Asta|98\/100\n|-resisted|p1b: Asta\n|-damage|p1b: Asta|96\/100\n|-resisted|p1b: Asta\n|-damage|p1b: Asta|94\/100\n|-hitcount|p1b: Asta|4\n|move|p1b: Asta|Rage Fist|p2a: Chandelure\n|-damage|p2a: Chandelure|10\/100\n|move|p2b: Rillaboom|Knock Off|p1a: Maushold\n|-damage|p1a: Maushold|43\/100\n|-enditem|p1a: Maushold|Choice Scarf|[from] move: Knock Off|[of] p2b: Rillaboom\n|move|p2a: Chandelure|Tera Blast|p1b: Asta|[anim] Tera Blast Fairy\n|-supereffective|p1b: Asta\n|-damage|p1b: Asta|0 fnt\n|faint|p1b: Asta\n|\n|-heal|p1a: Maushold|49\/100|[from] Grassy Terrain\n|-heal|p2b: Rillaboom|80\/100|[from] Grassy Terrain\n|-heal|p2a: Chandelure|16\/100|[from] Grassy Terrain\n|upkeep\n|\n|t:|1699903237\n|switch|p1b: Palafin|Palafin-Hero, M|100\/100\n|-activate|p1b: Palafin|ability: Zero to Hero\n|turn|6\n|\n|t:|1699903262\n|-terastallize|p1b: Palafin|Steel\n|move|p1a: Maushold|Follow Me|p1a: Maushold\n|-singleturn|p1a: Maushold|move: Follow Me\n|move|p2b: Rillaboom|Grassy Glide|p1a: Maushold\n|-damage|p1a: Maushold|0 fnt\n|faint|p1a: Maushold\n|move|p1b: Palafin|Iron Head|p2a: Chandelure\n|-supereffective|p2a: Chandelure\n|-damage|p2a: Chandelure|0 fnt\n|faint|p2a: Chandelure\n|\n|-heal|p2b: Rillaboom|86\/100|[from] Grassy Terrain\n|upkeep\n|\n|t:|1699903271\n|switch|p1a: Amoonguss|Amoonguss, M|100\/100\n|switch|p2a: Palafin|Palafin-Hero, M|60\/100\n|-activate|p2a: Palafin|ability: Zero to Hero\n|turn|7\n|\n|t:|1699903293\n|move|p2a: Palafin|Close Combat|p1b: Palafin\n|-supereffective|p1b: Palafin\n|-damage|p1b: Palafin|2\/100\n|-unboost|p2a: Palafin|def|1\n|-unboost|p2a: Palafin|spd|1\n|move|p1b: Palafin|Iron Head|p2a: Palafin\n|-resisted|p2a: Palafin\n|-damage|p2a: Palafin|4\/100\n|move|p2b: Rillaboom|Knock Off|p1a: Amoonguss\n|-damage|p1a: Amoonguss|65\/100\n|-enditem|p1a: Amoonguss|Leftovers|[from] move: Knock Off|[of] p2b: Rillaboom\n|move|p1a: Amoonguss|Sludge Bomb|p2b: Rillaboom\n|-supereffective|p2b: Rillaboom\n|-damage|p2b: Rillaboom|12\/100\n|-status|p2b: Rillaboom|psn\n|\n|-heal|p1b: Palafin|8\/100|[from] Grassy Terrain\n|-heal|p2a: Palafin|10\/100|[from] Grassy Terrain\n|-heal|p2b: Rillaboom|18\/100 psn|[from] Grassy Terrain\n|-heal|p1a: Amoonguss|71\/100|[from] Grassy Terrain\n|-damage|p2b: Rillaboom|6\/100 psn|[from] psn\n|upkeep\n|turn|8\n|\n|t:|1699903355\n|move|p2a: Palafin|Jet Punch|p1b: Palafin\n|-damage|p1b: Palafin|0 fnt\n|faint|p1b: Palafin\n|move|p2b: Rillaboom|High Horsepower|p1a: Amoonguss\n|-damage|p1a: Amoonguss|38\/100\n|move|p1a: Amoonguss|Giga Drain|p2a: Palafin\n|-supereffective|p2a: Palafin\n|-damage|p2a: Palafin|0 fnt\n|-heal|p1a: Amoonguss|41\/100|[from] drain|[of] p2a: Palafin\n|faint|p2a: Palafin\n|\n|-heal|p2b: Rillaboom|12\/100 psn|[from] Grassy Terrain\n|-heal|p1a: Amoonguss|48\/100|[from] Grassy Terrain\n|-damage|p2b: Rillaboom|0 fnt|[from] psn\n|faint|p2b: Rillaboom\n|upkeep\n|\n|t:|1699903367\n|switch|p2a: Vikavolt|Vikavolt, M|100\/100\n|switch|p2b: Great Tusk|Great Tusk, shiny|62\/100\n|turn|9\n|\n|t:|1699903373\n|move|p2b: Great Tusk|Ice Fang|p1a: Amoonguss\n|-supereffective|p1a: Amoonguss\n|-damage|p1a: Amoonguss|3\/100\n|move|p2a: Vikavolt|Bug Buzz|p1a: Amoonguss\n|-damage|p1a: Amoonguss|0 fnt\n|faint|p1a: Amoonguss\n|\n|win|Linkmasterjr\n","uploadtime":1699903376,"views":5,"p1id":"jonathan53332","p2id":"linkmasterjr","formatid":"gen9doublesou","rating":0,"private":0,"password":""}