{"id":"gen9doublesou-1971657412","p1":"KizzaMaGee69","p2":"SXD2002","format":"[Gen 9] Doubles OU","log":"|j|\u2606KizzaMaGee69\n|j|\u2606SXD2002\n|t:|1697757970\n|gametype|doubles\n|player|p1|KizzaMaGee69|clown|1063\n|player|p2|SXD2002|silver-masters|1058\n|teamsize|p1|6\n|teamsize|p2|4\n|gen|9\n|tier|[Gen 9] Doubles OU\n|rated|\n|rule|Species Clause: Limit one of each Pok\u00e9mon\n|rule|OHKO Clause: OHKO moves are banned\n|rule|Evasion Moves Clause: Evasion moves are banned\n|rule|Gravity Sleep Clause: The combination of sleep-inducing moves with imperfect accuracy and Gravity or Gigantamax Orbeetle are banned\n|rule|Endless Battle Clause: Forcing endless battles is banned\n|rule|HP Percentage Mod: HP is shown in percentages\n|clearpoke\n|poke|p1|Diancie|\n|poke|p1|Great Tusk|\n|poke|p1|Zoroark-Hisui, M|\n|poke|p1|Dragonite, M|\n|poke|p1|Armarouge, M|\n|poke|p1|Ambipom, M|\n|poke|p2|Lurantis, F|\n|poke|p2|Murkrow, M|\n|poke|p2|Grimmsnarl, M|\n|poke|p2|Clefairy, M|\n|teampreview\n|inactive|Battle timer is ON: inactive players will automatically lose when time's up. (requested by KizzaMaGee69)\n|\n|t:|1697757983\n|start\n|switch|p1a: Ambipom|Ambipom, M|100\/100\n|switch|p1b: Armarouge|Armarouge, M|100\/100\n|switch|p2a: Grimmsnarl|Grimmsnarl, M|100\/100\n|switch|p2b: Lurantis|Lurantis, F|100\/100\n|turn|1\n|\n|t:|1697758002\n|-terastallize|p1b: Armarouge|Steel\n|move|p2b: Lurantis|Protect|p2b: Lurantis\n|-singleturn|p2b: Lurantis|Protect\n|move|p1a: Ambipom|Fake Out|p2b: Lurantis\n|-activate|p2b: Lurantis|move: Protect\n|move|p2a: Grimmsnarl|Parting Shot|p1b: Armarouge\n|-unboost|p1b: Armarouge|atk|1\n|-unboost|p1b: Armarouge|spa|1\n|\n|t:|1697758010\n|switch|p2a: Clefairy|Clefairy, M|100\/100|[from] Parting Shot\n|move|p1b: Armarouge|Heat Wave|p2a: Clefairy|[spread] p2a\n|-activate|p2b: Lurantis|move: Protect\n|-crit|p2a: Clefairy\n|-damage|p2a: Clefairy|53\/100\n|-status|p2a: Clefairy|brn\n|\n|-damage|p2a: Clefairy|47\/100 brn|[from] brn\n|upkeep\n|turn|2\n|\n|t:|1697758031\n|switch|p1b: Diancie|Diancie|100\/100\n|-terastallize|p2b: Lurantis|Steel\n|move|p2a: Clefairy|Helping Hand|p2b: Lurantis\n|-singleturn|p2b: Lurantis|Helping Hand|[of] p2a: Clefairy\n|move|p1a: Ambipom|Astonish|p2b: Lurantis\n|-damage|p2b: Lurantis|89\/100\n|move|p2b: Lurantis|Superpower|p1b: Diancie\n|-damage|p1b: Diancie|69\/100\n|-boost|p2b: Lurantis|atk|1\n|-boost|p2b: Lurantis|def|1\n|-damage|p2b: Lurantis|72\/100|[from] item: Rocky Helmet|[of] p1b: Diancie\n|\n|-heal|p2b: Lurantis|78\/100|[from] item: Leftovers\n|-damage|p2a: Clefairy|41\/100 brn|[from] brn\n|upkeep\n|turn|3\n|\n|t:|1697758053\n|move|p2a: Clefairy|Follow Me|p2a: Clefairy\n|-singleturn|p2a: Clefairy|move: Follow Me\n|move|p1a: Ambipom|Astonish|p2a: Clefairy\n|-damage|p2a: Clefairy|25\/100 brn\n|move|p1b: Diancie|Reflect|p1b: Diancie\n|-sidestart|p1: KizzaMaGee69|Reflect\n|move|p2b: Lurantis|Leaf Storm|p1b: Diancie\n|-supereffective|p1b: Diancie\n|-damage|p1b: Diancie|16\/100\n|-boost|p2b: Lurantis|spa|2\n|\n|-heal|p2b: Lurantis|85\/100|[from] item: Leftovers\n|-damage|p2a: Clefairy|19\/100 brn|[from] brn\n|upkeep\n|turn|4\n|\n|t:|1697758074\n|move|p2b: Lurantis|Protect|p2b: Lurantis\n|-singleturn|p2b: Lurantis|Protect\n|move|p1a: Ambipom|Astonish|p2b: Lurantis\n|-activate|p2b: Lurantis|move: Protect\n|move|p1b: Diancie|Light Screen|p1b: Diancie\n|-sidestart|p1: KizzaMaGee69|move: Light Screen\n|move|p2a: Clefairy|Life Dew|p2a: Clefairy|[spread] p2a,p2b\n|-heal|p2a: Clefairy|44\/100 brn\n|-heal|p2b: Lurantis|100\/100\n|\n|-damage|p2a: Clefairy|38\/100 brn|[from] brn\n|upkeep\n|turn|5\n|\n|t:|1697758100\n|move|p2a: Clefairy|Follow Me|p2a: Clefairy\n|-singleturn|p2a: Clefairy|move: Follow Me\n|move|p1a: Ambipom|Astonish|p2a: Clefairy\n|-damage|p2a: Clefairy|20\/100 brn\n|move|p1b: Diancie|Draining Kiss|p2a: Clefairy\n|-damage|p2a: Clefairy|9\/100 brn\n|-heal|p1b: Diancie|25\/100|[from] drain|[of] p2a: Clefairy\n|move|p2b: Lurantis|Superpower|p1b: Diancie\n|-damage|p1b: Diancie|4\/100\n|-boost|p2b: Lurantis|atk|1\n|-boost|p2b: Lurantis|def|1\n|-damage|p2b: Lurantis|84\/100|[from] item: Rocky Helmet|[of] p1b: Diancie\n|\n|-heal|p2b: Lurantis|90\/100|[from] item: Leftovers\n|-damage|p2a: Clefairy|3\/100 brn|[from] brn\n|upkeep\n|turn|6\n|\n|t:|1697758124\n|move|p2b: Lurantis|Protect|p2b: Lurantis\n|-singleturn|p2b: Lurantis|Protect\n|move|p1a: Ambipom|Double Hit|p2a: Clefairy\n|-damage|p2a: Clefairy|0 fnt\n|faint|p2a: Clefairy\n|-hitcount|p2: Clefairy|1\n|move|p1b: Diancie|Draining Kiss|p2b: Lurantis\n|-activate|p2b: Lurantis|move: Protect\n|\n|-heal|p2b: Lurantis|96\/100|[from] item: Leftovers\n|upkeep\n|\n|t:|1697758135\n|switch|p2a: Grimmsnarl|Grimmsnarl, M|100\/100\n|turn|7\n|\n|t:|1697758146\n|move|p2a: Grimmsnarl|Scary Face|p2b: Lurantis\n|-boost|p2b: Lurantis|spe|2\n|move|p1a: Ambipom|Astonish|p2b: Lurantis\n|-damage|p2b: Lurantis|88\/100\n|move|p2b: Lurantis|Superpower|p1b: Diancie\n|-damage|p1b: Diancie|0 fnt\n|-boost|p2b: Lurantis|atk|1\n|-boost|p2b: Lurantis|def|1\n|-damage|p2b: Lurantis|72\/100|[from] item: Rocky Helmet|[of] p1b: Diancie\n|faint|p1b: Diancie\n|\n|-heal|p2b: Lurantis|78\/100|[from] item: Leftovers\n|-sideend|p1: KizzaMaGee69|Reflect\n|upkeep\n|\n|t:|1697758158\n|switch|p1b: Great Tusk|Great Tusk|100\/100\n|turn|8\n|\n|t:|1697758168\n|move|p2a: Grimmsnarl|Scary Face|p2b: Lurantis\n|-boost|p2b: Lurantis|spe|2\n|move|p2b: Lurantis|Superpower|p1a: Ambipom\n|-supereffective|p1a: Ambipom\n|-damage|p1a: Ambipom|0 fnt\n|-boost|p2b: Lurantis|atk|1\n|-boost|p2b: Lurantis|def|1\n|faint|p1a: Ambipom\n|move|p1b: Great Tusk|Hyper Voice|p2a: Grimmsnarl|[spread] p2a,p2b\n|-resisted|p2b: Lurantis\n|-crit|p2b: Lurantis\n|-damage|p2a: Grimmsnarl|58\/100\n|-damage|p2b: Lurantis|46\/100\n|\n|-heal|p2b: Lurantis|53\/100|[from] item: Leftovers\n|-heal|p2a: Grimmsnarl|64\/100|[from] item: Leftovers\n|-sideend|p1: KizzaMaGee69|move: Light Screen\n|upkeep\n|\n|t:|1697758188\n|switch|p1a: Great Tusk|Great Tusk|100\/100\n|turn|9\n|\n|t:|1697758202\n|move|p2a: Grimmsnarl|Scary Face|p2b: Lurantis\n|-boost|p2b: Lurantis|spe|2\n|move|p2b: Lurantis|Leaf Storm|p1a: Great Tusk|[miss]\n|-miss|p2b: Lurantis|p1a: Great Tusk\n|move|p1b: Great Tusk|Hyper Voice|p2a: Grimmsnarl|[spread] p2a,p2b\n|-resisted|p2b: Lurantis\n|-damage|p2a: Grimmsnarl|22\/100\n|-damage|p2b: Lurantis|32\/100\n|move|p1a: Great Tusk|Rock Slide|p2b: Lurantis|[spread] p2a,p2b\n|-resisted|p2b: Lurantis\n|-damage|p2a: Grimmsnarl|0 fnt\n|-damage|p2b: Lurantis|29\/100\n|faint|p2a: Grimmsnarl\n|\n|-heal|p2b: Lurantis|35\/100|[from] item: Leftovers\n|upkeep\n|\n|t:|1697758208\n|switch|p2a: Murkrow|Murkrow, M|100\/100\n|turn|10\n|\n|t:|1697758227\n|move|p2a: Murkrow|Screech|p2b: Lurantis\n|-boost|p2b: Lurantis|def|2\n|move|p2b: Lurantis|Leaf Storm|p1b: Great Tusk\n|-damage|p1b: Great Tusk|0 fnt\n|-boost|p2b: Lurantis|spa|2\n|replace|p1b: Zoroark|Zoroark-Hisui, M\n|-end|p1b: Zoroark|Illusion\n|faint|p1b: Zoroark\n|move|p1a: Great Tusk|Close Combat|p2b: Lurantis\n|-supereffective|p2b: Lurantis\n|-damage|p2b: Lurantis|2\/100\n|-unboost|p1a: Great Tusk|def|1\n|-unboost|p1a: Great Tusk|spd|1\n|\n|-heal|p2b: Lurantis|8\/100|[from] item: Leftovers\n|upkeep\n|\n|t:|1697758242\n|switch|p1b: Armarouge|Armarouge, M, tera:Steel|100\/100\n|turn|11\n|\n|t:|1697758248\n|-end|p1a: Great Tusk|Protosynthesis|[silent]\n|switch|p1a: Dragonite|Dragonite, M|100\/100\n|move|p2b: Lurantis|Protect|p2b: Lurantis\n|-singleturn|p2b: Lurantis|Protect\n|move|p2a: Murkrow|Thunder Wave|p1b: Armarouge\n|-status|p1b: Armarouge|par\n|cant|p1b: Armarouge|par\n|\n|-heal|p2b: Lurantis|14\/100|[from] item: Leftovers\n|upkeep\n|turn|12\n|\n|t:|1697758264\n|move|p2a: Murkrow|Thunder Wave|p1a: Dragonite\n|-status|p1a: Dragonite|par\n|move|p2b: Lurantis|Superpower|p1b: Armarouge\n|-supereffective|p1b: Armarouge\n|-damage|p1b: Armarouge|0 fnt\n|-boost|p2b: Lurantis|atk|1\n|faint|p1b: Armarouge\n|move|p1a: Dragonite|Outrage|p2b: Lurantis\n|-resisted|p2b: Lurantis\n|-damage|p2b: Lurantis|6\/100\n|\n|-heal|p2b: Lurantis|12\/100|[from] item: Leftovers\n|upkeep\n|\n|t:|1697758270\n|switch|p1b: Great Tusk|Great Tusk|100\/100\n|turn|13\n|\n|t:|1697758288\n|move|p2b: Lurantis|Protect|p2b: Lurantis\n|-singleturn|p2b: Lurantis|Protect\n|move|p2a: Murkrow|Screech|p1b: Great Tusk\n|-unboost|p1b: Great Tusk|def|2\n|move|p1b: Great Tusk|Rock Slide|p2b: Lurantis|[spread] p2a\n|-activate|p2b: Lurantis|move: Protect\n|-supereffective|p2a: Murkrow\n|-damage|p2a: Murkrow|47\/100\n|cant|p1a: Dragonite|par\n|\n|-heal|p2b: Lurantis|18\/100|[from] item: Leftovers\n|-start|p1a: Dragonite|confusion|[fatigue]\n|upkeep\n|turn|14\n|\n|t:|1697758304\n|move|p2b: Lurantis|Leaf Storm|p1b: Great Tusk\n|-supereffective|p1b: Great Tusk\n|-damage|p1b: Great Tusk|0 fnt\n|-boost|p2b: Lurantis|spa|2\n|faint|p1b: Great Tusk\n|-end|p1b: Great Tusk|Protosynthesis|[silent]\n|move|p2a: Murkrow|Foul Play|p1a: Dragonite\n|-damage|p1a: Dragonite|57\/100 par\n|-activate|p1a: Dragonite|confusion\n|-damage|p1a: Dragonite|44\/100 par|[from] confusion\n|\n|-heal|p2b: Lurantis|24\/100|[from] item: Leftovers\n|-heal|p1a: Dragonite|50\/100 par|[from] item: Leftovers\n|upkeep\n|turn|15\n|\n|t:|1697758312\n|move|p2a: Murkrow|Screech|p1a: Dragonite\n|-unboost|p1a: Dragonite|def|2\n|move|p2b: Lurantis|Superpower|p1a: Dragonite\n|-resisted|p1a: Dragonite\n|-damage|p1a: Dragonite|0 fnt\n|-boost|p2b: Lurantis|atk|1\n|faint|p1a: Dragonite\n|\n|win|SXD2002\n|raw|KizzaMaGee69's rating: 1063 &rarr; <strong>1043<\/strong><br \/>(-20 for losing)\n|raw|SXD2002's rating: 1058 &rarr; <strong>1090<\/strong><br \/>(+32 for winning)\n|c|\u2606SXD2002|gg\n|l|\u2606KizzaMaGee69\n","uploadtime":1697758321,"views":13,"p1id":"kizzamagee69","p2id":"sxd2002","formatid":"gen9doublesou","rating":1043,"private":0,"password":""}