{"id":"gen9doublesou-1991696811","p1":"Elite.4.Challenger","p2":"AligningStars","format":"[Gen 9] Doubles OU","log":"|j|\u2606Elite.4.Challenger\n|j|\u203dAligningStars\n|t:|1700103819\n|gametype|doubles\n|player|p1|Elite.4.Challenger|koga|1329\n|player|p2|AligningStars|hilbert|1621\n|teamsize|p1|6\n|teamsize|p2|6\n|gen|9\n|tier|[Gen 9] Doubles OU\n|rated|\n|rule|Species Clause: Limit one of each Pok\u00e9mon\n|rule|OHKO Clause: OHKO moves are banned\n|rule|Evasion Moves Clause: Evasion moves are banned\n|rule|Gravity Sleep Clause: The combination of sleep-inducing moves with imperfect accuracy and Gravity or Gigantamax Orbeetle are banned\n|rule|Endless Battle Clause: Forcing endless battles is banned\n|rule|HP Percentage Mod: HP is shown in percentages\n|clearpoke\n|poke|p1|Zapdos|\n|poke|p1|Grimmsnarl, M|\n|poke|p1|Basculegion-F, F|\n|poke|p1|Goodra-Hisui, F|\n|poke|p1|Politoed, F|\n|poke|p1|Toxicroak, F|\n|poke|p2|Iron Bundle|\n|poke|p2|Rillaboom, M|\n|poke|p2|Volcanion|\n|poke|p2|Ninetales-Alola, F|\n|poke|p2|Heatran, M|\n|poke|p2|Landorus-Therian, M|\n|teampreview\n|inactive|Battle timer is ON: inactive players will automatically lose when time's up. (requested by AligningStars)\n|j| bananaszn\n|\n|t:|1700103843\n|start\n|switch|p1a: Michael Phelps|Basculegion-F, F|100\/100\n|switch|p1b: Gollum|Grimmsnarl, M|100\/100\n|switch|p2a: Rillaboom|Rillaboom, M|100\/100\n|switch|p2b: Volcanion|Volcanion|100\/100\n|-fieldstart|move: Grassy Terrain|[from] ability: Grassy Surge|[of] p2a: Rillaboom\n|turn|1\n|inactive|AligningStars has 120 seconds left.\n|\n|t:|1700103873\n|-terastallize|p1a: Michael Phelps|Ice\n|move|p2a: Rillaboom|Fake Out|p1b: Gollum\n|-damage|p1b: Gollum|82\/100\n|cant|p1b: Gollum|flinch\n|move|p1a: Michael Phelps|Ice Beam|p2a: Rillaboom\n|-supereffective|p2a: Rillaboom\n|-damage|p2a: Rillaboom|2\/100\n|move|p2b: Volcanion|Sludge Bomb|p1b: Gollum\n|-supereffective|p1b: Gollum\n|-damage|p1b: Gollum|5\/100\n|-status|p1b: Gollum|psn\n|\n|-heal|p2a: Rillaboom|9\/100|[from] Grassy Terrain\n|-heal|p1b: Gollum|11\/100 psn|[from] Grassy Terrain\n|-damage|p1b: Gollum|0 fnt|[from] psn\n|faint|p1b: Gollum\n|upkeep\n|inactive|Elite.4.Challenger has 120 seconds left.\n|\n|t:|1700103894\n|switch|p1b: Kermit the Frog|Politoed, F|100\/100\n|-weather|RainDance|[from] ability: Drizzle|[of] p1b: Kermit the Frog\n|turn|2\n|\n|t:|1700103918\n|switch|p1a: James Murray|Goodra-Hisui, F|100\/100\n|move|p2a: Rillaboom|Grassy Glide|p1a: James Murray\n|-ability|p1a: James Murray|Sap Sipper|boost\n|-boost|p1a: James Murray|atk|1\n|move|p2b: Volcanion|Steam Eruption|p1a: James Murray\n|-resisted|p1a: James Murray\n|-damage|p1a: James Murray|73\/100\n|move|p1b: Kermit the Frog|Icy Wind|p2b: Volcanion|[spread] p2a,p2b\n|-supereffective|p2a: Rillaboom\n|-resisted|p2b: Volcanion\n|-damage|p2a: Rillaboom|0 fnt\n|-damage|p2b: Volcanion|99\/100\n|-unboost|p2b: Volcanion|spe|1\n|faint|p2a: Rillaboom\n|\n|-weather|RainDance|[upkeep]\n|-heal|p1a: James Murray|79\/100|[from] Grassy Terrain\n|-heal|p2b: Volcanion|100\/100|[from] Grassy Terrain\n|upkeep\n|\n|t:|1700103925\n|switch|p2a: Landorus|Landorus-Therian, M|100\/100\n|-ability|p2a: Landorus|Intimidate|boost\n|-unboost|p1a: James Murray|atk|1\n|-unboost|p1b: Kermit the Frog|atk|1\n|turn|3\n|\n|t:|1700103948\n|move|p2a: Landorus|Stomping Tantrum|p1a: James Murray\n|-supereffective|p1a: James Murray\n|-damage|p1a: James Murray|5\/100\n|-enditem|p1a: James Murray|Iapapa Berry|[eat]\n|-heal|p1a: James Murray|38\/100|[from] item: Iapapa Berry\n|move|p1b: Kermit the Frog|Surf|p2b: Volcanion|[spread] p1a,p2a\n|-immune|p2b: Volcanion|[from] ability: Water Absorb\n|-resisted|p1a: James Murray\n|-supereffective|p2a: Landorus\n|-damage|p1a: James Murray|29\/100\n|-damage|p2a: Landorus|40\/100\n|move|p1a: James Murray|Acid Spray|p2b: Volcanion\n|-damage|p2b: Volcanion|92\/100\n|-unboost|p2b: Volcanion|spd|2\n|move|p2b: Volcanion|Sludge Bomb|p1b: Kermit the Frog\n|-damage|p1b: Kermit the Frog|78\/100\n|-enditem|p1b: Kermit the Frog|Eject Button\n|inactive|Elite.4.Challenger has 120 seconds left.\n|\n|t:|1700103965\n|switch|p1b: Michael Phelps|Basculegion-F, F, tera:Ice|100\/100\n|\n|-weather|RainDance|[upkeep]\n|-heal|p1a: James Murray|35\/100|[from] Grassy Terrain\n|-heal|p2b: Volcanion|98\/100|[from] Grassy Terrain\n|upkeep\n|turn|4\n|\n|t:|1700103978\n|move|p1b: Michael Phelps|Surf|p2b: Volcanion|[spread] p1a,p2a\n|-heal|p2b: Volcanion|100\/100|[from] ability: Water Absorb|[of] p1b: Michael Phelps\n|-resisted|p1a: James Murray\n|-supereffective|p2a: Landorus\n|-damage|p1a: James Murray|15\/100\n|-damage|p2a: Landorus|0 fnt\n|faint|p2a: Landorus\n|move|p1a: James Murray|Flash Cannon|p2b: Volcanion\n|-resisted|p2b: Volcanion\n|-damage|p2b: Volcanion|90\/100\n|move|p2b: Volcanion|Heat Wave|p1a: James Murray|[spread] p1b\n|-miss|p2b: Volcanion|p1a: James Murray\n|-supereffective|p1b: Michael Phelps\n|-damage|p1b: Michael Phelps|50\/100\n|\n|-weather|RainDance|[upkeep]\n|-heal|p1b: Michael Phelps|56\/100|[from] Grassy Terrain\n|-heal|p1a: James Murray|21\/100|[from] Grassy Terrain\n|-heal|p2b: Volcanion|96\/100|[from] Grassy Terrain\n|upkeep\n|\n|t:|1700103985\n|switch|p2a: Ninetales|Ninetales-Alola, F|100\/100\n|-weather|Snow|[from] ability: Snow Warning|[of] p2a: Ninetales\n|turn|5\n|c| bananaszn|4x resist\n|c|\u2606Elite.4.Challenger|rip\n|inactive|Elite.4.Challenger has 120 seconds left.\n|\n|t:|1700104017\n|switch|p1b: Big Bird|Zapdos|100\/100\n|switch|p1a: Kermit the Frog|Politoed, F|78\/100\n|-weather|RainDance|[from] ability: Drizzle|[of] p1a: Kermit the Frog\n|move|p2a: Ninetales|Aurora Veil||[still]\n|-fail|p2a: Ninetales\n|move|p2b: Volcanion|Earth Power|p1a: Kermit the Frog\n|-damage|p1a: Kermit the Frog|57\/100\n|\n|-weather|RainDance|[upkeep]\n|-heal|p1a: Kermit the Frog|63\/100|[from] Grassy Terrain\n|-heal|p2b: Volcanion|100\/100|[from] Grassy Terrain\n|-fieldend|move: Grassy Terrain\n|upkeep\n|turn|6\n|inactive|Elite.4.Challenger has 120 seconds left.\n|inactive|AligningStars has 120 seconds left.\n|\n|t:|1700104057\n|move|p2a: Ninetales|Freeze-Dry|p1a: Kermit the Frog\n|-supereffective|p1a: Kermit the Frog\n|-damage|p1a: Kermit the Frog|27\/100\n|move|p1b: Big Bird|Thunder|p2b: Volcanion\n|-supereffective|p2b: Volcanion\n|-damage|p2b: Volcanion|0 fnt\n|faint|p2b: Volcanion\n|move|p1a: Kermit the Frog|Icy Wind|p2a: Ninetales\n|-resisted|p2a: Ninetales\n|-damage|p2a: Ninetales|94\/100\n|-unboost|p2a: Ninetales|spe|1\n|\n|-weather|RainDance|[upkeep]\n|upkeep\n|\n|t:|1700104071\n|switch|p2b: Heatran|Heatran, M|100\/100\n|turn|7\n|inactive|AligningStars has 120 seconds left.\n|\n|t:|1700104088\n|move|p1b: Big Bird|Tailwind|p1b: Big Bird\n|-sidestart|p1: Elite.4.Challenger|move: Tailwind\n|move|p1a: Kermit the Frog|Surf|p2b: Heatran|[spread] p1b,p2a,p2b\n|-supereffective|p2b: Heatran\n|-crit|p2b: Heatran\n|-damage|p1b: Big Bird|66\/100\n|-damage|p2a: Ninetales|57\/100\n|-damage|p2b: Heatran|46\/100\n|move|p2a: Ninetales|Freeze-Dry|p1a: Kermit the Frog\n|-supereffective|p1a: Kermit the Frog\n|-damage|p1a: Kermit the Frog|0 fnt\n|faint|p1a: Kermit the Frog\n|move|p2b: Heatran|Will-O-Wisp|p1b: Big Bird|[miss]\n|-miss|p2b: Heatran|p1b: Big Bird\n|\n|-weather|RainDance|[upkeep]\n|upkeep\n|\n|t:|1700104104\n|switch|p1a: Kermit the Dawg|Toxicroak, F|100\/100\n|turn|8\n|c| bananaszn|good old AVtran\n|\n|t:|1700104123\n|switch|p2a: Iron Bundle|Iron Bundle|100\/100\n|move|p2b: Heatran|Protect|p2b: Heatran\n|-singleturn|p2b: Heatran|Protect\n|move|p1b: Big Bird|Hurricane|p2b: Heatran\n|-activate|p2b: Heatran|move: Protect\n|move|p1a: Kermit the Dawg|Poison Jab|p2a: Iron Bundle\n|-crit|p2a: Iron Bundle\n|-damage|p2a: Iron Bundle|13\/100\n|-status|p2a: Iron Bundle|psn\n|-damage|p1a: Kermit the Dawg|91\/100|[from] item: Life Orb\n|\n|-weather|RainDance|[upkeep]\n|-heal|p1a: Kermit the Dawg|100\/100|[from] ability: Dry Skin\n|-damage|p2a: Iron Bundle|0 fnt|[from] psn\n|faint|p2a: Iron Bundle\n|-end|p2a: Iron Bundle|Quark Drive|[silent]\n|upkeep\n|\n|t:|1700104126\n|switch|p2a: Ninetales|Ninetales-Alola, F|57\/100\n|-weather|Snow|[from] ability: Snow Warning|[of] p2a: Ninetales\n|turn|9\n|c|\u2606Elite.4.Challenger|crazy odds\n|c| bananaszn|fr\n|inactive|Elite.4.Challenger has 120 seconds left.\n|\n|t:|1700104159\n|-terastallize|p2a: Ninetales|Ice\n|move|p1b: Big Bird|Volt Switch|p2b: Heatran\n|-damage|p2b: Heatran|24\/100\n|inactive|Elite.4.Challenger has 120 seconds left.\n|\n|t:|1700104166\n|switch|p1b: James Murray|Goodra-Hisui, F|21\/100|[from] Volt Switch\n|move|p1a: Kermit the Dawg|Poison Jab|p2a: Ninetales\n|-damage|p2a: Ninetales|8\/100\n|-status|p2a: Ninetales|psn\n|-damage|p1a: Kermit the Dawg|91\/100|[from] item: Life Orb\n|move|p2a: Ninetales|Blizzard|p1a: Kermit the Dawg|[spread] p1a,p1b\n|-damage|p1a: Kermit the Dawg|26\/100\n|-damage|p1b: James Murray|0 fnt\n|faint|p1b: James Murray\n|move|p2b: Heatran|Heat Wave|p1a: Kermit the Dawg\n|-damage|p1a: Kermit the Dawg|0 fnt\n|faint|p1a: Kermit the Dawg\n|-damage|p2b: Heatran|14\/100|[from] item: Life Orb\n|\n|-weather|Snow|[upkeep]\n|-damage|p2a: Ninetales|0 fnt|[from] psn\n|faint|p2a: Ninetales\n|upkeep\n|inactive|Elite.4.Challenger has 120 seconds left.\n|-message|AligningStars forfeited.\n|\n|win|Elite.4.Challenger\n|raw|Elite.4.Challenger's rating: 1329 &rarr; <strong>1363<\/strong><br \/>(+34 for winning)\n|raw|AligningStars's rating: 1621 &rarr; <strong>1587<\/strong><br \/>(-34 for losing)\n|l|\u203dAligningStars\n|c|\u2606Elite.4.Challenger|twice??\n|c|\u2606Elite.4.Challenger|i don't blame him\n|c| bananaszn|toxicroak is a beast\n|c|\u2606Elite.4.Challenger|honestly\n|c|\u2606Elite.4.Challenger|1\/3 chance to poison\n|c| bananaszn|loaded a game\n|c| bananaszn|hes mono rock\n|c|\u2606Elite.4.Challenger|i think he disabled spectating\n|c| bananaszn|damn\n|c|\u2606Elite.4.Challenger|is his name CCQB or something like that\n|c| bananaszn|nah\n|c| bananaszn|its uhh\n|c| bananaszn|lekkuloler\n|c|\u2606Elite.4.Challenger|ah\n|c|\u2606Elite.4.Challenger|i've played a guy that does mono rock and i would always sweep him with solo basc\n|c| bananaszn|thats funny\n|c| bananaszn|yea im sweeping w flash cannon\n|c|\u2606Elite.4.Challenger|not surprised\n","uploadtime":1700104584,"views":8,"p1id":"elite4challenger","p2id":"aligningstars","formatid":"gen9doublesou","rating":1363,"private":0,"password":""}