{"id":"gen9doublesou-1975171210","p1":"Black Girl Kyle","p2":"phantomslayer17","format":"[Gen 9] Doubles OU","log":"|j|\u2606Black Girl Kyle\n|j|\u2606phantomslayer17\n|t:|1698167415\n|gametype|doubles\n|player|p1|Black Girl Kyle|will|1343\n|player|p2|phantomslayer17|burglar|1430\n|teamsize|p1|6\n|teamsize|p2|6\n|gen|9\n|tier|[Gen 9] Doubles OU\n|rated|\n|rule|Species Clause: Limit one of each Pok\u00e9mon\n|rule|OHKO Clause: OHKO moves are banned\n|rule|Evasion Moves Clause: Evasion moves are banned\n|rule|Gravity Sleep Clause: The combination of sleep-inducing moves with imperfect accuracy and Gravity or Gigantamax Orbeetle are banned\n|rule|Endless Battle Clause: Forcing endless battles is banned\n|rule|HP Percentage Mod: HP is shown in percentages\n|clearpoke\n|poke|p1|Fezandipiti, M|\n|poke|p1|Sylveon, M|\n|poke|p1|Tornadus, M|\n|poke|p1|Chi-Yu|\n|poke|p1|Brambleghast, F|\n|poke|p1|Chien-Pao|\n|poke|p2|Okidogi, M|\n|poke|p2|Haxorus, F|\n|poke|p2|Flutter Mane|\n|poke|p2|Tornadus, M|\n|poke|p2|Arcanine-Hisui, M|\n|poke|p2|Brute Bonnet|\n|teampreview\n|inactive|Battle timer is ON: inactive players will automatically lose when time's up. (requested by Black Girl Kyle)\n|\n|t:|1698167436\n|start\n|switch|p1a: Lay Bankz|Fezandipiti, M|100\/100\n|switch|p1b: Sylveon|Sylveon, M|100\/100\n|switch|p2a: Arcanine|Arcanine-Hisui, M|100\/100\n|switch|p2b: Brute Bonnet|Brute Bonnet, shiny|100\/100\n|-ability|p2a: Arcanine|Intimidate|boost\n|-unboost|p1a: Lay Bankz|atk|1\n|-unboost|p1b: Sylveon|atk|1\n|turn|1\n|\n|t:|1698167449\n|move|p1b: Sylveon|Protect|p1b: Sylveon\n|-singleturn|p1b: Sylveon|Protect\n|move|p1a: Lay Bankz|Tailwind|p1a: Lay Bankz\n|-sidestart|p1: Black Girl Kyle|move: Tailwind\n|move|p2a: Arcanine|Rock Slide|p1b: Sylveon|[spread] p1a\n|-activate|p1b: Sylveon|move: Protect\n|-damage|p1a: Lay Bankz|69\/100\n|move|p2b: Brute Bonnet|Spore|p1a: Lay Bankz\n|-status|p1a: Lay Bankz|slp|[from] move: Spore\n|\n|-heal|p1a: Lay Bankz|75\/100 slp|[from] item: Black Sludge\n|upkeep\n|turn|2\n|\n|t:|1698167470\n|cant|p1a: Lay Bankz|slp\n|move|p1b: Sylveon|Hyper Voice|p2b: Brute Bonnet|[spread] p2a,p2b\n|-resisted|p2a: Arcanine\n|-supereffective|p2b: Brute Bonnet\n|-damage|p2a: Arcanine|79\/100\n|-damage|p2b: Brute Bonnet|32\/100\n|-enditem|p1b: Sylveon|Throat Spray\n|-boost|p1b: Sylveon|spa|1|[from] item: Throat Spray\n|move|p2a: Arcanine|Flare Blitz|p1b: Sylveon\n|-damage|p1b: Sylveon|30\/100\n|-damage|p2a: Arcanine|55\/100|[from] Recoil\n|move|p2b: Brute Bonnet|Seed Bomb|p1b: Sylveon\n|-damage|p1b: Sylveon|0 fnt\n|faint|p1b: Sylveon\n|\n|-heal|p1a: Lay Bankz|82\/100 slp|[from] item: Black Sludge\n|upkeep\n|inactive|Black Girl Kyle has 120 seconds left.\n|\n|t:|1698167488\n|switch|p1b: Desert Rider|Brambleghast, F|100\/100\n|-ability|p1b: Desert Rider|Wind Rider|boost\n|-boost|p1b: Desert Rider|atk|1\n|turn|3\n|\n|t:|1698167503\n|move|p2b: Brute Bonnet|Rage Powder|p2b: Brute Bonnet\n|-singleturn|p2b: Brute Bonnet|move: Rage Powder\n|cant|p1a: Lay Bankz|slp\n|move|p1b: Desert Rider|Phantom Force||[still]\n|-prepare|p1b: Desert Rider|Phantom Force\n|move|p2a: Arcanine|Flare Blitz|p1a: Lay Bankz\n|-damage|p1a: Lay Bankz|22\/100 slp\n|-damage|p2a: Arcanine|35\/100|[from] Recoil\n|\n|-heal|p1a: Lay Bankz|28\/100 slp|[from] item: Black Sludge\n|upkeep\n|turn|4\n|\n|t:|1698167523\n|move|p2a: Arcanine|Extreme Speed|p1a: Lay Bankz\n|-damage|p1a: Lay Bankz|2\/100 slp\n|-curestatus|p1a: Lay Bankz|slp|[msg]\n|move|p1a: Lay Bankz|Icy Wind|p2a: Arcanine|[spread] p2a,p2b\n|-resisted|p2a: Arcanine\n|-supereffective|p2b: Brute Bonnet\n|-damage|p2a: Arcanine|32\/100\n|-damage|p2b: Brute Bonnet|21\/100\n|-unboost|p2b: Brute Bonnet|spe|1\n|move|p1b: Desert Rider|Phantom Force|p2a: Arcanine|[from]lockedmove\n|-crit|p2a: Arcanine\n|-damage|p2a: Arcanine|0 fnt\n|faint|p2a: Arcanine\n|move|p2b: Brute Bonnet|Seed Bomb|p1a: Lay Bankz\n|-resisted|p1a: Lay Bankz\n|-damage|p1a: Lay Bankz|0 fnt\n|faint|p1a: Lay Bankz\n|\n|-sideend|p1: Black Girl Kyle|move: Tailwind\n|upkeep\n|\n|t:|1698167542\n|switch|p1a: Air man|Tornadus, M|100\/100\n|switch|p2a: Tornadus|Tornadus, M|100\/100\n|turn|5\n|\n|t:|1698167554\n|move|p1a: Air man|Tailwind|p1a: Air man\n|-sidestart|p1: Black Girl Kyle|move: Tailwind\n|-ability|p1b: Desert Rider|Wind Rider|boost\n|-boost|p1b: Desert Rider|atk|1\n|move|p2a: Tornadus|Tailwind|p2a: Tornadus\n|-sidestart|p2: phantomslayer17|move: Tailwind\n|move|p2b: Brute Bonnet|Sucker Punch|p1b: Desert Rider\n|-supereffective|p1b: Desert Rider\n|-damage|p1b: Desert Rider|0 fnt\n|faint|p1b: Desert Rider\n|\n|upkeep\n|\n|t:|1698167566\n|switch|p1b: Buffalo Fried Fish|Chi-Yu|100\/100\n|-ability|p1b: Buffalo Fried Fish|Beads of Ruin\n|turn|6\n|c|\u2606Black Girl Kyle|Time to die now\n|\n|t:|1698167584\n|move|p2b: Brute Bonnet|Sucker Punch|p1b: Buffalo Fried Fish\n|-resisted|p1b: Buffalo Fried Fish\n|-damage|p1b: Buffalo Fried Fish|75\/100\n|move|p1a: Air man|Bleakwind Storm|p2b: Brute Bonnet|[spread] p2a,p2b\n|-supereffective|p2b: Brute Bonnet\n|-damage|p2a: Tornadus|58\/100\n|-damage|p2b: Brute Bonnet|0 fnt\n|faint|p2b: Brute Bonnet\n|-end|p2b: Brute Bonnet|Protosynthesis|[silent]\n|move|p1b: Buffalo Fried Fish|Heat Wave|p2a: Tornadus\n|-damage|p2a: Tornadus|0 fnt\n|faint|p2a: Tornadus\n|\n|upkeep\n|inactive|phantomslayer17 has 120 seconds left.\n|\n|t:|1698167617\n|switch|p2a: Haxorus|Haxorus, F, shiny|100\/100\n|switch|p2b: Flutter Mane|Flutter Mane|100\/100\n|-ability|p2a: Haxorus|Mold Breaker\n|turn|7\n|\n|t:|1698167631\n|move|p2a: Haxorus|Protect|p2a: Haxorus\n|-singleturn|p2a: Haxorus|Protect\n|move|p2b: Flutter Mane|Moonblast|p1b: Buffalo Fried Fish\n|-crit|p1b: Buffalo Fried Fish\n|-damage|p1b: Buffalo Fried Fish|0 fnt\n|faint|p1b: Buffalo Fried Fish\n|move|p1a: Air man|Bleakwind Storm|p2a: Haxorus|[spread] p2b\n|-activate|p2a: Haxorus|move: Protect\n|-damage|p2b: Flutter Mane|67\/100\n|-unboost|p2b: Flutter Mane|spe|1\n|\n|upkeep\n|\n|t:|1698167644\n|switch|p1b: Wevile 2.0|Chien-Pao|100\/100\n|-ability|p1b: Wevile 2.0|Sword of Ruin\n|turn|8\n|\n|t:|1698167656\n|-terastallize|p2a: Haxorus|Fire\n|move|p1b: Wevile 2.0|Sucker Punch|p2b: Flutter Mane\n|-damage|p2b: Flutter Mane|5\/100\n|move|p1a: Air man|Bleakwind Storm|p2b: Flutter Mane|[spread] \n|-miss|p1a: Air man|p2a: Haxorus\n|-miss|p1a: Air man|p2b: Flutter Mane\n|move|p2a: Haxorus|Scale Shot|p1b: Wevile 2.0\n|-damage|p1b: Wevile 2.0|80\/100\n|-damage|p1b: Wevile 2.0|61\/100\n|-damage|p1b: Wevile 2.0|40\/100\n|-damage|p1b: Wevile 2.0|18\/100\n|-damage|p1b: Wevile 2.0|0 fnt\n|faint|p1b: Wevile 2.0\n|-hitcount|p1: Wevile 2.0|5\n|-unboost|p2a: Haxorus|def|1\n|-boost|p2a: Haxorus|spe|1\n|move|p2b: Flutter Mane|Moonblast|p1a: Air man\n|-damage|p1a: Air man|12\/100\n|\n|-sideend|p1: Black Girl Kyle|move: Tailwind\n|-sideend|p2: phantomslayer17|move: Tailwind\n|upkeep\n|turn|9\n|c|\u2606Black Girl Kyle|That's some gay shit.\n|c|\u2606phantomslayer17|Gg\n|\n|t:|1698167686\n|move|p1a: Air man|Taunt|p2b: Flutter Mane\n|-start|p2b: Flutter Mane|move: Taunt\n|move|p2a: Haxorus|Scale Shot|p1a: Air man\n|-damage|p1a: Air man|0 fnt\n|faint|p1a: Air man\n|-hitcount|p1: Air man|1\n|\n|win|phantomslayer17\n|raw|Black Girl Kyle's rating: 1343 &rarr; <strong>1328<\/strong><br \/>(-15 for losing)\n|raw|phantomslayer17's rating: 1430 &rarr; <strong>1445<\/strong><br \/>(+15 for winning)\n","uploadtime":1698167673,"views":8,"p1id":"blackgirlkyle","p2id":"phantomslayer17","formatid":"gen9doublesou","rating":1328,"private":0,"password":""}