{"id":"gen9doublesou-1996761003","p1":"Thatonegaemr","p2":"rubybirb","format":"[Gen 9] Doubles OU","log":"|j|\u2606Thatonegaemr\n|j|\u2606rubybirb\n|t:|1700720727\n|gametype|doubles\n|player|p1|Thatonegaemr|265|1104\n|player|p2|rubybirb|plasmagruntf|1138\n|teamsize|p1|6\n|teamsize|p2|6\n|gen|9\n|tier|[Gen 9] Doubles OU\n|rated|\n|rule|Species Clause: Limit one of each Pok\u00e9mon\n|rule|OHKO Clause: OHKO moves are banned\n|rule|Evasion Moves Clause: Evasion moves are banned\n|rule|Gravity Sleep Clause: The combination of sleep-inducing moves with imperfect accuracy and Gravity or Gigantamax Orbeetle are banned\n|rule|Endless Battle Clause: Forcing endless battles is banned\n|rule|HP Percentage Mod: HP is shown in percentages\n|clearpoke\n|poke|p1|Snorlax, M|\n|poke|p1|Sinistcha|\n|poke|p1|Landorus-Therian, M|\n|poke|p1|Iron Hands|\n|poke|p1|Clefairy, M|\n|poke|p1|Kommo-o, F|\n|poke|p2|Grimmsnarl, M|\n|poke|p2|Landorus-Therian, M|\n|poke|p2|Volcarona, M|\n|poke|p2|Oricorio-Pom-Pom, F|\n|poke|p2|Espathra, F|\n|poke|p2|Sinistcha-Masterpiece|\n|teampreview\n|\n|t:|1700720739\n|start\n|switch|p1a: Goober|Snorlax, M, shiny|100\/100\n|switch|p1b: Slapper|Iron Hands|100\/100\n|switch|p2a: Grendel|Grimmsnarl, M, shiny|100\/100\n|switch|p2b: Baihu|Landorus-Therian, M|100\/100\n|-ability|p2b: Baihu|Intimidate|boost\n|-unboost|p1a: Goober|atk|1\n|-unboost|p1b: Slapper|atk|1\n|turn|1\n|\n|t:|1700720766\n|move|p2a: Grendel|Reflect|p2a: Grendel\n|-sidestart|p2: rubybirb|Reflect\n|move|p2b: Baihu|Stealth Rock|p1b: Slapper\n|-sidestart|p1: Thatonegaemr|move: Stealth Rock\n|move|p1b: Slapper|Heavy Slam|p2a: Grendel\n|-supereffective|p2a: Grendel\n|-damage|p2a: Grendel|56\/100\n|move|p1a: Goober|Belly Drum|p1a: Goober\n|-damage|p1a: Goober|50\/100\n|-setboost|p1a: Goober|atk|6|[from] move: Belly Drum\n|-enditem|p1a: Goober|Sitrus Berry|[eat]\n|-heal|p1a: Goober|75\/100|[from] item: Sitrus Berry\n|\n|upkeep\n|turn|2\n|\n|t:|1700720796\n|-end|p1b: Slapper|Quark Drive|[silent]\n|switch|p1b: Quencher|Sinistcha, shiny|100\/100\n|-damage|p1b: Quencher|88\/100|[from] Stealth Rock\n|-heal|p1a: Goober|99\/100|[from] ability: Hospitality|[of] p1b: Quencher\n|move|p2a: Grendel|Light Screen|p2a: Grendel\n|-sidestart|p2: rubybirb|move: Light Screen\n|move|p2b: Baihu|U-turn|p1a: Goober\n|-damage|p1a: Goober|79\/100\n|\n|t:|1700720807\n|switch|p2b: Genmaicha|Sinistcha-Masterpiece|100\/100|[from] U-turn\n|-heal|p2a: Grendel|81\/100|[from] ability: Hospitality|[of] p2b: Genmaicha\n|move|p1a: Goober|Facade|p2a: Grendel\n|-damage|p2a: Grendel|0 fnt\n|faint|p2a: Grendel\n|\n|upkeep\n|\n|t:|1700720818\n|switch|p2a: Maat|Espathra, F|100\/100\n|turn|3\n|\n|t:|1700720835\n|move|p2a: Maat|Feather Dance|p1a: Goober\n|-unboost|p1a: Goober|atk|2\n|move|p2b: Genmaicha|Strength Sap|p1a: Goober\n|-unboost|p1a: Goober|atk|1\n|move|p1a: Goober|Facade|p2a: Maat\n|-damage|p2a: Maat|46\/100\n|move|p1b: Quencher|Trick Room|p1b: Quencher\n|-fieldstart|move: Trick Room|[of] p1b: Quencher\n|\n|-heal|p2a: Maat|52\/100|[from] item: Leftovers\n|-ability|p2a: Maat|Speed Boost|boost\n|-boost|p2a: Maat|spe|1\n|upkeep\n|turn|4\n|c|\u2606rubybirb|damnit\n|c|\u2606rubybirb|trick room hurt my brain\n|inactive|Battle timer is ON: inactive players will automatically lose when time's up. (requested by Thatonegaemr)\n|\n|t:|1700720929\n|switch|p1b: Helper|Clefairy, M, shiny|100\/100\n|-damage|p1b: Helper|88\/100|[from] Stealth Rock\n|move|p1a: Goober|Belly Drum|p1a: Goober\n|-damage|p1a: Goober|29\/100\n|-setboost|p1a: Goober|atk|6|[from] move: Belly Drum\n|move|p2b: Genmaicha|Strength Sap|p1a: Goober\n|-unboost|p1a: Goober|atk|1\n|move|p2a: Maat|Feather Dance|p1a: Goober\n|-unboost|p1a: Goober|atk|2\n|\n|-heal|p2a: Maat|58\/100|[from] item: Leftovers\n|-ability|p2a: Maat|Speed Boost|boost\n|-boost|p2a: Maat|spe|1\n|upkeep\n|turn|5\n|\n|t:|1700720952\n|move|p1a: Goober|Protect|p1a: Goober\n|-singleturn|p1a: Goober|Protect\n|move|p1b: Helper|Heal Pulse|p1a: Goober\n|-activate|p1a: Goober|move: Protect\n|move|p2b: Genmaicha|Strength Sap|p1a: Goober\n|-activate|p1a: Goober|move: Protect\n|move|p2a: Maat|Feather Dance|p1a: Goober\n|-activate|p1a: Goober|move: Protect\n|\n|-heal|p2a: Maat|64\/100|[from] item: Leftovers\n|-ability|p2a: Maat|Speed Boost|boost\n|-boost|p2a: Maat|spe|1\n|upkeep\n|turn|6\n|inactive|rubybirb has 120 seconds left.\n|\n|t:|1700720986\n|move|p1a: Goober|High Horsepower|p2b: Genmaicha\n|-resisted|p2b: Genmaicha\n|-damage|p2b: Genmaicha|82\/100\n|move|p1b: Helper|Heal Pulse|p1a: Goober\n|-heal|p1a: Goober|79\/100\n|move|p2b: Genmaicha|Strength Sap|p1a: Goober\n|-unboost|p1a: Goober|atk|1\n|-heal|p2b: Genmaicha|100\/100\n|move|p2a: Maat|Feather Dance|p1a: Goober\n|-unboost|p1a: Goober|atk|2\n|\n|-heal|p2a: Maat|71\/100|[from] item: Leftovers\n|-ability|p2a: Maat|Speed Boost|boost\n|-boost|p2a: Maat|spe|1\n|upkeep\n|turn|7\n|inactive|rubybirb has 120 seconds left.\n|inactive|Thatonegaemr has 120 seconds left.\n|\n|t:|1700721020\n|switch|p1a: Screecher|Landorus-Therian, M, shiny|100\/100\n|-damage|p1a: Screecher|88\/100|[from] Stealth Rock\n|-ability|p1a: Screecher|Intimidate|boost\n|-unboost|p2a: Maat|atk|1\n|-unboost|p2b: Genmaicha|atk|1\n|switch|p1b: Quencher|Sinistcha, shiny|88\/100\n|-damage|p1b: Quencher|76\/100|[from] Stealth Rock\n|-heal|p1a: Screecher|100\/100|[from] ability: Hospitality|[of] p1b: Quencher\n|move|p2b: Genmaicha|Matcha Gotcha|p1b: Quencher|[spread] p1a,p1b\n|-resisted|p1b: Quencher\n|-damage|p1a: Screecher|70\/100\n|-damage|p1b: Quencher|64\/100\n|-status|p1a: Screecher|brn\n|move|p2a: Maat|Substitute|p2a: Maat\n|-start|p2a: Maat|Substitute\n|-damage|p2a: Maat|46\/100\n|\n|-heal|p2a: Maat|52\/100|[from] item: Leftovers\n|-damage|p1a: Screecher|64\/100 brn|[from] brn\n|-fieldend|move: Trick Room\n|-ability|p2a: Maat|Speed Boost|boost\n|-boost|p2a: Maat|spe|1\n|upkeep\n|turn|8\n|inactive|Thatonegaemr has 120 seconds left.\n|inactive|rubybirb has 120 seconds left.\n|\n|t:|1700721053\n|-terastallize|p1a: Screecher|Flying\n|move|p2a: Maat|Calm Mind|p2a: Maat\n|-boost|p2a: Maat|spa|1\n|-boost|p2a: Maat|spd|1\n|move|p1a: Screecher|Tera Blast|p2b: Genmaicha|[anim] Tera Blast Flying\n|-supereffective|p2b: Genmaicha\n|-damage|p2b: Genmaicha|69\/100\n|move|p2b: Genmaicha|Matcha Gotcha|p1a: Screecher|[spread] p1a,p1b\n|-resisted|p1a: Screecher\n|-resisted|p1b: Quencher\n|-damage|p1a: Screecher|49\/100 brn\n|-heal|p2b: Genmaicha|76\/100|[from] drain|[of] p1a: Screecher\n|-damage|p1b: Quencher|54\/100\n|-heal|p2b: Genmaicha|81\/100|[from] drain|[of] p1b: Quencher\n|move|p1b: Quencher|Trick Room|p1b: Quencher\n|-fieldstart|move: Trick Room|[of] p1b: Quencher\n|\n|-heal|p2b: Genmaicha|87\/100|[from] item: Leftovers\n|-heal|p2a: Maat|58\/100|[from] item: Leftovers\n|-damage|p1a: Screecher|43\/100 brn|[from] brn\n|-sideend|p2: rubybirb|Reflect\n|-ability|p2a: Maat|Speed Boost|boost\n|-boost|p2a: Maat|spe|1\n|upkeep\n|turn|9\n|inactive|Thatonegaemr has 120 seconds left.\n|c|\u2606rubybirb|mother fukcer\n|inactive|rubybirb has 120 seconds left.\n|\n|t:|1700721097\n|move|p1b: Quencher|Matcha Gotcha|p2a: Maat|[spread] p2a,p2b\n|-activate|p2a: Maat|move: Substitute|[damage]\n|-heal|p1b: Quencher|61\/100|[from] drain|[of] p2a: Maat\n|-resisted|p2b: Genmaicha\n|-damage|p2b: Genmaicha|77\/100\n|-heal|p1b: Quencher|67\/100|[from] drain|[of] p2b: Genmaicha\n|move|p2b: Genmaicha|Shadow Ball|p1b: Quencher\n|-supereffective|p1b: Quencher\n|-damage|p1b: Quencher|3\/100\n|-unboost|p1b: Quencher|spd|1\n|move|p1a: Screecher|Tera Blast|p2b: Genmaicha|[anim] Tera Blast Flying\n|-supereffective|p2b: Genmaicha\n|-damage|p2b: Genmaicha|25\/100\n|move|p2a: Maat|Stored Power|p1a: Screecher\n|-damage|p1a: Screecher|0 fnt\n|faint|p1a: Screecher\n|\n|-heal|p2b: Genmaicha|31\/100|[from] item: Leftovers\n|-heal|p2a: Maat|64\/100|[from] item: Leftovers\n|-sideend|p2: rubybirb|move: Light Screen\n|upkeep\n|c|\u2606Thatonegaemr|you for sure win this\n|inactive|Thatonegaemr has 90 seconds left.\n|\n|t:|1700721125\n|switch|p1a: Helper|Clefairy, M, shiny|88\/100\n|-damage|p1a: Helper|75\/100|[from] Stealth Rock\n|turn|10\n|c|\u2606rubybirb|we'll see\n|inactive|rubybirb has 120 seconds left.\n|\n|t:|1700721151\n|switch|p1b: Singer|Kommo-o, F, shiny|100\/100\n|-damage|p1b: Singer|95\/100|[from] Stealth Rock\n|move|p1a: Helper|Protect|p1a: Helper\n|-singleturn|p1a: Helper|Protect\n|move|p2b: Genmaicha|Matcha Gotcha|p1b: Singer|[spread] p1b\n|-activate|p1a: Helper|move: Protect\n|-resisted|p1b: Singer\n|-damage|p1b: Singer|85\/100\n|-heal|p2b: Genmaicha|35\/100|[from] drain|[of] p1b: Singer\n|move|p2a: Maat|Stored Power|p1a: Helper\n|-activate|p1a: Helper|move: Protect\n|\n|-heal|p2b: Genmaicha|42\/100|[from] item: Leftovers\n|-heal|p2a: Maat|71\/100|[from] item: Leftovers\n|upkeep\n|turn|11\n|inactive|Thatonegaemr has 120 seconds left.\n|inactive|rubybirb has 120 seconds left.\n|\n|t:|1700721184\n|move|p1a: Helper|Heal Pulse|p1b: Singer\n|-heal|p1b: Singer|100\/100\n|move|p2b: Genmaicha|Matcha Gotcha|p1b: Singer|[spread] p1a\n|-miss|p2b: Genmaicha|p1b: Singer\n|-damage|p1a: Helper|57\/100\n|-heal|p2b: Genmaicha|51\/100|[from] drain|[of] p1a: Helper\n|-status|p1a: Helper|brn\n|move|p1b: Singer|Clangorous Soul|p1b: Singer\n|-boost|p1b: Singer|atk|1\n|-boost|p1b: Singer|def|1\n|-boost|p1b: Singer|spa|1\n|-boost|p1b: Singer|spd|1\n|-boost|p1b: Singer|spe|1\n|-damage|p1b: Singer|68\/100\n|-enditem|p1b: Singer|Throat Spray\n|-boost|p1b: Singer|spa|1|[from] item: Throat Spray\n|move|p2a: Maat|Stored Power|p1b: Singer\n|-supereffective|p1b: Singer\n|-damage|p1b: Singer|0 fnt\n|faint|p1b: Singer\n|\n|-heal|p2b: Genmaicha|57\/100|[from] item: Leftovers\n|-heal|p2a: Maat|77\/100|[from] item: Leftovers\n|-damage|p1a: Helper|51\/100 brn|[from] brn\n|upkeep\n|inactive|Thatonegaemr has 90 seconds left.\n|c|\u2606Thatonegaemr|yup\n|-message|Thatonegaemr forfeited.\n|\n|win|rubybirb\n|raw|Thatonegaemr's rating: 1104 &rarr; <strong>1081<\/strong><br \/>(-23 for losing)\n|raw|rubybirb's rating: 1138 &rarr; <strong>1161<\/strong><br \/>(+23 for winning)\n","uploadtime":1700721078,"views":2,"p1id":"thatonegaemr","p2id":"rubybirb","formatid":"gen9doublesou","rating":1081,"private":0,"password":""}