{"id":"gen9doublesou-1978738806","p1":"Demon Fangs","p2":"pu is goated","format":"[Gen 9] Doubles OU","log":"|j|\u2606Demon Fangs\n|j|\u2606pu is goated\n|inactive|Battle timer is ON: inactive players will automatically lose when time's up.\n|t:|1698589216\n|gametype|doubles\n|j|*Lady Monita \u263d\n|player|p1|Demon Fangs|guzma|\n|player|p2|pu is goated|zinnia|\n|teamsize|p1|6\n|teamsize|p2|6\n|gen|9\n|tier|[Gen 9] Doubles OU\n|rated|Tournament battle\n|rule|Species Clause: Limit one of each Pok\u00e9mon\n|rule|OHKO Clause: OHKO moves are banned\n|rule|Evasion Moves Clause: Evasion moves are banned\n|rule|Gravity Sleep Clause: The combination of sleep-inducing moves with imperfect accuracy and Gravity or Gigantamax Orbeetle are banned\n|rule|Endless Battle Clause: Forcing endless battles is banned\n|rule|HP Percentage Mod: HP is shown in percentages\n|clearpoke\n|poke|p1|Frosmoth, M|\n|poke|p1|Arbok, M|\n|poke|p1|Drednaw, F|\n|poke|p1|Forretress, F|\n|poke|p1|Beartic, M|\n|poke|p1|Kricketune, F|\n|poke|p2|Electrode|\n|poke|p2|Quagsire, F|\n|poke|p2|Muk, F|\n|poke|p2|Mismagius, M|\n|poke|p2|Probopass, F|\n|poke|p2|Scovillain, M|\n|teampreview\n|inactive|pu is goated also wants the timer to be on.\n|\n|t:|1698589239\n|start\n|switch|p1a: Kricketune|Kricketune, F|100\/100\n|switch|p1b: Arbok|Arbok, M|100\/100\n|switch|p2a: Mismagius|Mismagius, M|100\/100\n|switch|p2b: Scovillain|Scovillain, M|100\/100\n|-ability|p1b: Arbok|Intimidate|boost\n|-unboost|p2a: Mismagius|atk|1\n|-unboost|p2b: Scovillain|atk|1\n|turn|1\n|\n|t:|1698589249\n|move|p1b: Arbok|Toxic Spikes|p2b: Scovillain\n|-sidestart|p2: pu is goated|move: Toxic Spikes\n|move|p2a: Mismagius|Mystical Fire|p1a: Kricketune\n|-supereffective|p1a: Kricketune\n|-damage|p1a: Kricketune|40\/100\n|-unboost|p1a: Kricketune|spa|1\n|move|p2b: Scovillain|Will-O-Wisp|p1b: Arbok\n|-status|p1b: Arbok|brn\n|move|p1a: Kricketune|Sticky Web|p2a: Mismagius\n|-sidestart|p2: pu is goated|move: Sticky Web\n|\n|-damage|p1b: Arbok|94\/100 brn|[from] brn\n|upkeep\n|turn|2\n|\n|t:|1698589274\n|move|p1b: Arbok|Gunk Shot|p2a: Mismagius\n|-resisted|p2a: Mismagius\n|-damage|p2a: Mismagius|81\/100\n|-status|p2a: Mismagius|psn\n|move|p2a: Mismagius|Mystical Fire|p1a: Kricketune\n|-supereffective|p1a: Kricketune\n|-damage|p1a: Kricketune|0 fnt\n|faint|p1a: Kricketune\n|move|p2b: Scovillain|Leech Seed|p1b: Arbok\n|-start|p1b: Arbok|move: Leech Seed\n|\n|-damage|p1b: Arbok|82\/100 brn|[from] Leech Seed|[of] p2b: Scovillain\n|-damage|p2a: Mismagius|69\/100 psn|[from] psn\n|-damage|p1b: Arbok|76\/100 brn|[from] brn\n|upkeep\n|inactive|Demon Fangs has 120 seconds left.\n|\n|t:|1698589291\n|switch|p1a: Drednaw|Drednaw, F|100\/100\n|turn|3\n|\n|t:|1698589299\n|move|p1b: Arbok|Leech Life|p2b: Scovillain\n|-damage|p2b: Scovillain|83\/100\n|-heal|p1b: Arbok|87\/100 brn|[from] drain|[of] p2b: Scovillain\n|move|p2b: Scovillain|Will-O-Wisp|p1a: Drednaw|[miss]\n|-miss|p2b: Scovillain|p1a: Drednaw\n|move|p1a: Drednaw|Stealth Rock|p2b: Scovillain\n|-sidestart|p2: pu is goated|move: Stealth Rock\n|move|p2a: Mismagius|Trick Room|p2a: Mismagius\n|-fieldstart|move: Trick Room|[of] p2a: Mismagius\n|\n|-heal|p2b: Scovillain|89\/100|[from] item: Leftovers\n|-damage|p1b: Arbok|75\/100 brn|[from] Leech Seed|[of] p2b: Scovillain\n|-heal|p2b: Scovillain|99\/100|[silent]\n|-damage|p2a: Mismagius|56\/100 psn|[from] psn\n|-damage|p1b: Arbok|69\/100 brn|[from] brn\n|upkeep\n|turn|4\n|\n|t:|1698589320\n|move|p1a: Drednaw|Rock Slide|p2b: Scovillain|[spread] p2a,p2b\n|-supereffective|p2b: Scovillain\n|-damage|p2a: Mismagius|9\/100 psn\n|-damage|p2b: Scovillain|20\/100\n|-enditem|p2a: Mismagius|Sitrus Berry|[eat]\n|-heal|p2a: Mismagius|34\/100 psn|[from] item: Sitrus Berry\n|move|p2b: Scovillain|Will-O-Wisp|p1a: Drednaw\n|-status|p1a: Drednaw|brn\n|move|p2a: Mismagius|Shadow Ball|p1b: Arbok\n|-damage|p1b: Arbok|22\/100 brn\n|-unboost|p1b: Arbok|spd|1\n|move|p1b: Arbok|Gunk Shot|p2a: Mismagius\n|-resisted|p2a: Mismagius\n|-damage|p2a: Mismagius|13\/100 psn\n|\n|-heal|p2b: Scovillain|26\/100|[from] item: Leftovers\n|-damage|p1b: Arbok|9\/100 brn|[from] Leech Seed|[of] p2b: Scovillain\n|-heal|p2b: Scovillain|36\/100|[silent]\n|-damage|p2a: Mismagius|1\/100 psn|[from] psn\n|-damage|p1a: Drednaw|94\/100 brn|[from] brn\n|-damage|p1b: Arbok|3\/100 brn|[from] brn\n|upkeep\n|turn|5\n|inactive|Demon Fangs has 120 seconds left.\n|inactive|pu is goated has 120 seconds left.\n|\n|t:|1698589367\n|move|p1a: Drednaw|Rock Slide|p2a: Mismagius|[spread] p2a,p2b\n|-supereffective|p2b: Scovillain\n|-crit|p2b: Scovillain\n|-damage|p2a: Mismagius|0 fnt\n|-damage|p2b: Scovillain|0 fnt\n|faint|p2a: Mismagius\n|faint|p2b: Scovillain\n|move|p1b: Arbok|Earthquake|p1a: Drednaw\n|-supereffective|p1a: Drednaw\n|-damage|p1a: Drednaw|65\/100 brn\n|\n|-damage|p1a: Drednaw|59\/100 brn|[from] brn\n|-damage|p1b: Arbok|0 fnt|[from] brn\n|faint|p1b: Arbok\n|upkeep\n|\n|t:|1698589380\n|switch|p2b: Probopass|Probopass, F|100\/100\n|switch|p2a: Muk|Muk, F|100\/100\n|switch|p1b: Forretress|Forretress, F|100\/100\n|-activate|p2b: Probopass|move: Sticky Web\n|-unboost|p2b: Probopass|spe|1\n|-damage|p2b: Probopass|94\/100|[from] Stealth Rock\n|-sideend|p2: pu is goated|move: Toxic Spikes|[of] p2a: Muk\n|-activate|p2a: Muk|move: Sticky Web\n|-unboost|p2a: Muk|spe|1\n|-damage|p2a: Muk|88\/100|[from] Stealth Rock\n|turn|6\n|\n|t:|1698589403\n|move|p2b: Probopass|Earth Power|p1a: Drednaw\n|-supereffective|p1a: Drednaw\n|-damage|p1a: Drednaw|2\/100 brn\n|move|p2a: Muk|Lunge|p1b: Forretress\n|-resisted|p1b: Forretress\n|-damage|p1b: Forretress|90\/100\n|-unboost|p1b: Forretress|atk|1\n|-damage|p2a: Muk|72\/100|[from] item: Rocky Helmet|[of] p1b: Forretress\n|move|p1b: Forretress|Spikes|p2b: Probopass\n|-sidestart|p2: pu is goated|Spikes\n|move|p1a: Drednaw|Liquidation|p2b: Probopass\n|-supereffective|p2b: Probopass\n|-damage|p2b: Probopass|59\/100\n|-enditem|p2b: Probopass|Weakness Policy\n|-boost|p2b: Probopass|atk|2|[from] item: Weakness Policy\n|-boost|p2b: Probopass|spa|2|[from] item: Weakness Policy\n|\n|-heal|p2a: Muk|78\/100|[from] item: Black Sludge\n|-damage|p1a: Drednaw|0 fnt|[from] brn\n|faint|p1a: Drednaw\n|upkeep\n|inactive|Demon Fangs has 120 seconds left.\n|\n|t:|1698589425\n|switch|p1a: Beartic|Beartic, M|100\/100\n|turn|7\n|\n|t:|1698589451\n|-terastallize|p1b: Forretress|Fighting\n|move|p2b: Probopass|Flash Cannon|p1a: Beartic\n|-supereffective|p1a: Beartic\n|-enditem|p1a: Beartic|Focus Sash\n|-damage|p1a: Beartic|1\/100\n|move|p2a: Muk|Zen Headbutt|p1b: Forretress\n|-supereffective|p1b: Forretress\n|-damage|p1b: Forretress|49\/100\n|-damage|p2a: Muk|61\/100|[from] item: Rocky Helmet|[of] p1b: Forretress\n|cant|p1b: Forretress|flinch\n|move|p1a: Beartic|Snowscape|p1a: Beartic\n|-weather|Snow\n|\n|-weather|Snow|[upkeep]\n|-heal|p2a: Muk|67\/100|[from] item: Black Sludge\n|-fieldend|move: Trick Room\n|upkeep\n|turn|8\n|\n|t:|1698589473\n|switch|p1a: Frosmoth|Frosmoth, M|100\/100\n|move|p1b: Forretress|Body Press|p2b: Probopass\n|-supereffective|p2b: Probopass\n|-damage|p2b: Probopass|0 fnt\n|faint|p2b: Probopass\n|move|p2a: Muk|Poison Jab|p1a: Frosmoth\n|-damage|p1a: Frosmoth|53\/100\n|\n|-weather|Snow|[upkeep]\n|-heal|p2a: Muk|73\/100|[from] item: Black Sludge\n|upkeep\n|\n|t:|1698589480\n|switch|p2b: Quagsire|Quagsire, F|100\/100\n|-activate|p2b: Quagsire|move: Sticky Web\n|-unboost|p2b: Quagsire|spe|1\n|-damage|p2b: Quagsire|94\/100|[from] Stealth Rock\n|-damage|p2b: Quagsire|82\/100|[from] Spikes\n|turn|9\n|\n|t:|1698589496\n|move|p1a: Frosmoth|Blizzard|p2a: Muk|[spread] p2a,p2b\n|-crit|p2b: Quagsire\n|-damage|p2a: Muk|33\/100\n|-damage|p2b: Quagsire|0 fnt\n|faint|p2b: Quagsire\n|move|p1b: Forretress|Earthquake|p2a: Muk|[spread] p1a,p2a\n|-resisted|p1a: Frosmoth\n|-supereffective|p2a: Muk\n|-damage|p1a: Frosmoth|44\/100\n|-damage|p2a: Muk|2\/100\n|move|p2a: Muk|Poison Jab|p1a: Frosmoth\n|-damage|p1a: Frosmoth|0 fnt\n|faint|p1a: Frosmoth\n|\n|-weather|Snow|[upkeep]\n|-heal|p2a: Muk|8\/100|[from] item: Black Sludge\n|upkeep\n|\n|t:|1698589510\n|switch|p1a: Beartic|Beartic, M|1\/100\n|switch|p2b: Electrode|Electrode|100\/100\n|-activate|p2b: Electrode|move: Sticky Web\n|-unboost|p2b: Electrode|spe|1\n|-damage|p2b: Electrode|88\/100|[from] Stealth Rock\n|-damage|p2b: Electrode|76\/100|[from] Spikes\n|turn|10\n|\n|t:|1698589523\n|-terastallize|p2b: Electrode|Electric\n|move|p2b: Electrode|Discharge|p1a: Beartic|[spread] p2a,p1a,p1b\n|-crit|p1b: Forretress\n|-damage|p2a: Muk|0 fnt\n|-damage|p1a: Beartic|0 fnt\n|-damage|p1b: Forretress|0 fnt\n|faint|p2a: Muk\n|faint|p1a: Beartic\n|faint|p1b: Forretress\n|\n|win|pu is goated\n|n|\u2606Demon Fangs|demonfangs\n|n|\u2606pu is goated|puisgoated\n|n|*Lady Monita \u263d|ladymonita\n|l|*Lady Monita \u263d\n|l|\u2606pu is goated\n","uploadtime":1698589531,"views":23,"p1id":"demonfangs","p2id":"puisgoated","formatid":"gen9doublesou","rating":0,"private":0,"password":""}