{"id":"gen9doublesou-1994285159","p1":"Brocckoli","p2":"Demylord","format":"[Gen 9] Doubles OU","log":"|j|\u2606Brocckoli\n|j|\u2606Demylord\n|t:|1700427044\n|gametype|doubles\n|player|p1|Brocckoli|ash|\n|player|p2|Demylord|steven|\n|teamsize|p1|6\n|teamsize|p2|6\n|gen|9\n|tier|[Gen 9] Doubles OU\n|rule|Species Clause: Limit one of each Pok\u00e9mon\n|rule|OHKO Clause: OHKO moves are banned\n|rule|Evasion Moves Clause: Evasion moves are banned\n|rule|Gravity Sleep Clause: The combination of sleep-inducing moves with imperfect accuracy and Gravity or Gigantamax Orbeetle are banned\n|rule|Endless Battle Clause: Forcing endless battles is banned\n|rule|HP Percentage Mod: HP is shown in percentages\n|clearpoke\n|poke|p1|Oricorio-Pom-Pom, M|\n|poke|p1|Volcarona, F|\n|poke|p1|Uxie|\n|poke|p1|Flamigo, M|\n|poke|p1|Lilligant-Hisui, F|\n|poke|p1|Sylveon, F|\n|poke|p2|Pelipper, F|\n|poke|p2|Ludicolo, F|\n|poke|p2|Toxicroak, F|\n|poke|p2|Zapdos|\n|poke|p2|Flutter Mane|\n|poke|p2|Walking Wake|\n|teampreview\n|inactive|Battle timer is ON: inactive players will automatically lose when time's up. (requested by Demylord)\n|\n|t:|1700427055\n|start\n|switch|p1a: Oricorio|Oricorio-Pom-Pom, M|100\/100\n|switch|p1b: Uxie|Uxie|100\/100\n|switch|p2a: Pelipper|Pelipper, F|100\/100\n|switch|p2b: Ludicolo|Ludicolo, F|100\/100\n|-weather|RainDance|[from] ability: Drizzle|[of] p2a: Pelipper\n|turn|1\n|\n|t:|1700427084\n|move|p2b: Ludicolo|Knock Off|p1b: Uxie\n|-supereffective|p1b: Uxie\n|-damage|p1b: Uxie|68\/100\n|-enditem|p1b: Uxie|Leftovers|[from] move: Knock Off|[of] p2b: Ludicolo\n|move|p1b: Uxie|Skill Swap|p1a: Oricorio\n|-activate|p1b: Uxie|move: Skill Swap|||[of] p1a: Oricorio\n|move|p1a: Oricorio|Quiver Dance|p1a: Oricorio\n|-boost|p1a: Oricorio|spa|1\n|-boost|p1a: Oricorio|spd|1\n|-boost|p1a: Oricorio|spe|1\n|-activate|p1b: Uxie|ability: Dancer\n|move|p1b: Uxie|Quiver Dance|p1b: Uxie|[from]ability: Dancer\n|-boost|p1b: Uxie|spa|1\n|-boost|p1b: Uxie|spd|1\n|-boost|p1b: Uxie|spe|1\n|move|p2a: Pelipper|U-turn|p1b: Uxie\n|-supereffective|p1b: Uxie\n|-damage|p1b: Uxie|53\/100\n|inactive|Demylord has 270 seconds left.\n|\n|t:|1700427105\n|switch|p2a: Toxicroak|Toxicroak, F|100\/100|[from] U-turn\n|\n|-weather|RainDance|[upkeep]\n|upkeep\n|turn|2\n|inactive|Demylord has 270 seconds left.\n|\n|t:|1700427126\n|move|p1b: Uxie|Protect|p1b: Uxie\n|-singleturn|p1b: Uxie|Protect\n|move|p2b: Ludicolo|Hydro Pump|p1b: Uxie\n|-activate|p1b: Uxie|move: Protect\n|move|p1a: Oricorio|Revelation Dance|p2a: Toxicroak\n|-crit|p2a: Toxicroak\n|-damage|p2a: Toxicroak|0 fnt\n|faint|p2a: Toxicroak\n|-activate|p1b: Uxie|ability: Dancer\n|move|p1b: Uxie|Revelation Dance|p2b: Ludicolo|[from]ability: Dancer\n|-damage|p2b: Ludicolo|42\/100\n|\n|-weather|RainDance|[upkeep]\n|-heal|p2b: Ludicolo|48\/100|[from] item: Leftovers\n|upkeep\n|\n|t:|1700427151\n|switch|p2a: Zapdos|Zapdos|100\/100\n|turn|3\n|inactive|Demylord has 270 seconds left.\n|\n|t:|1700427167\n|move|p2b: Ludicolo|Hydro Pump|p1a: Oricorio\n|-damage|p1a: Oricorio|32\/100\n|move|p1b: Uxie|Future Sight|p2a: Zapdos\n|-start|p1b: Uxie|move: Future Sight\n|move|p1a: Oricorio|Quiver Dance|p1a: Oricorio\n|-boost|p1a: Oricorio|spa|1\n|-boost|p1a: Oricorio|spd|1\n|-boost|p1a: Oricorio|spe|1\n|-activate|p1b: Uxie|ability: Dancer\n|move|p1b: Uxie|Quiver Dance|p1b: Uxie|[from]ability: Dancer\n|-boost|p1b: Uxie|spa|1\n|-boost|p1b: Uxie|spd|1\n|-boost|p1b: Uxie|spe|1\n|move|p2a: Zapdos|Tailwind|p2a: Zapdos\n|-sidestart|p2: Demylord|move: Tailwind\n|\n|-weather|RainDance|[upkeep]\n|-heal|p2b: Ludicolo|54\/100|[from] item: Leftovers\n|upkeep\n|turn|4\n|inactive|Demylord has 270 seconds left.\n|\n|t:|1700427194\n|move|p1b: Uxie|Protect|p1b: Uxie\n|-singleturn|p1b: Uxie|Protect\n|move|p2b: Ludicolo|Knock Off|p1b: Uxie\n|-activate|p1b: Uxie|move: Protect\n|move|p2a: Zapdos|Thunder|p1b: Uxie\n|-activate|p1b: Uxie|move: Protect\n|move|p1a: Oricorio|Quiver Dance|p1a: Oricorio\n|-boost|p1a: Oricorio|spa|1\n|-boost|p1a: Oricorio|spd|1\n|-boost|p1a: Oricorio|spe|1\n|-activate|p1b: Uxie|ability: Dancer\n|move|p1b: Uxie|Quiver Dance|p1b: Uxie|[from]ability: Dancer\n|-boost|p1b: Uxie|spa|1\n|-boost|p1b: Uxie|spd|1\n|-boost|p1b: Uxie|spe|1\n|\n|-weather|RainDance|[upkeep]\n|-heal|p2b: Ludicolo|60\/100|[from] item: Leftovers\n|upkeep\n|turn|5\n|inactive|Demylord has 270 seconds left.\n|\n|t:|1700427227\n|move|p2b: Ludicolo|Knock Off|p1b: Uxie\n|-supereffective|p1b: Uxie\n|-damage|p1b: Uxie|32\/100\n|move|p1b: Uxie|Stored Power|p2a: Zapdos\n|-damage|p2a: Zapdos|0 fnt\n|faint|p2a: Zapdos\n|move|p1a: Oricorio|Revelation Dance|p2b: Ludicolo\n|-damage|p2b: Ludicolo|0 fnt\n|faint|p2b: Ludicolo\n|-activate|p1b: Uxie|ability: Dancer\n|move|p1b: Uxie|Revelation Dance|p2: Zapdos|[from]ability: Dancer|[notarget]\n|-fail|p1b: Uxie\n|\n|-weather|RainDance|[upkeep]\n|-hint|Future Sight did not hit because the target is fainted.\n|upkeep\n|\n|t:|1700427231\n|switch|p2a: Flutter Mane|Flutter Mane|100\/100\n|switch|p2b: Walking Wake|Walking Wake|100\/100\n|turn|6\n|inactive|Demylord has 270 seconds left.\n|\n|t:|1700427263\n|move|p1b: Uxie|Protect|p1b: Uxie\n|-singleturn|p1b: Uxie|Protect\n|move|p2a: Flutter Mane|Shadow Ball|p1b: Uxie\n|-activate|p1b: Uxie|move: Protect\n|move|p2b: Walking Wake|Hurricane|p1b: Uxie\n|-activate|p1b: Uxie|move: Protect\n|move|p1a: Oricorio|Quiver Dance|p1a: Oricorio\n|-boost|p1a: Oricorio|spa|1\n|-boost|p1a: Oricorio|spd|1\n|-boost|p1a: Oricorio|spe|1\n|-activate|p1b: Uxie|ability: Dancer\n|move|p1b: Uxie|Quiver Dance|p1b: Uxie|[from]ability: Dancer\n|-boost|p1b: Uxie|spa|1\n|-boost|p1b: Uxie|spd|1\n|-boost|p1b: Uxie|spe|1\n|\n|-weather|RainDance|[upkeep]\n|-sideend|p2: Demylord|move: Tailwind\n|upkeep\n|turn|7\n|inactive|Demylord has 270 seconds left.\n|inactive|Brocckoli has 270 seconds left.\n|\n|t:|1700427300\n|move|p1b: Uxie|Stored Power|p2a: Flutter Mane\n|-damage|p2a: Flutter Mane|0 fnt\n|faint|p2a: Flutter Mane\n|-end|p2a: Flutter Mane|Protosynthesis|[silent]\n|move|p1a: Oricorio|Revelation Dance|p2b: Walking Wake\n|-damage|p2b: Walking Wake|0 fnt\n|faint|p2b: Walking Wake\n|-end|p2b: Walking Wake|Protosynthesis|[silent]\n|-activate|p1b: Uxie|ability: Dancer\n|move|p1b: Uxie|Revelation Dance|p2: Flutter Mane|[from]ability: Dancer|[notarget]\n|-fail|p1b: Uxie\n|\n|-weather|RainDance|[upkeep]\n|upkeep\n|\n|t:|1700427305\n|switch|p2a: Pelipper|Pelipper, F|100\/100\n|turn|8\n|\n|t:|1700427316\n|move|p1b: Uxie|Future Sight|p2a: Pelipper\n|-start|p1b: Uxie|move: Future Sight\n|move|p1a: Oricorio|Roost|p1a: Oricorio\n|-heal|p1a: Oricorio|82\/100\n|-singleturn|p1a: Oricorio|move: Roost\n|move|p2a: Pelipper|Weather Ball|p1a: Oricorio\n|-damage|p1a: Oricorio|52\/100\n|\n|-weather|none\n|upkeep\n|turn|9\n|\n|t:|1700427330\n|move|p1b: Uxie|Stored Power|p2a: Pelipper\n|-damage|p2a: Pelipper|0 fnt\n|faint|p2a: Pelipper\n|\n|win|Brocckoli\n|l|\u2606Demylord\n","uploadtime":1700427337,"views":4,"p1id":"brocckoli","p2id":"demylord","formatid":"gen9doublesou","rating":0,"private":0,"password":""}