{"id":"gen9doublesou-1998727713","p1":"ButterDeButtery","p2":"RComicalSeal","format":"[Gen 9] Doubles OU","log":"|j|\u2606ButterDeButtery\n|j|\u2606RComicalSeal\n|t:|1700978835\n|gametype|doubles\n|player|p1|ButterDeButtery|waitress|1134\n|player|p2|RComicalSeal|guitarist-gen4|1086\n|teamsize|p1|6\n|teamsize|p2|6\n|gen|9\n|tier|[Gen 9] Doubles OU\n|rated|\n|rule|Species Clause: Limit one of each Pok\u00e9mon\n|rule|OHKO Clause: OHKO moves are banned\n|rule|Evasion Moves Clause: Evasion moves are banned\n|rule|Gravity Sleep Clause: The combination of sleep-inducing moves with imperfect accuracy and Gravity or Gigantamax Orbeetle are banned\n|rule|Endless Battle Clause: Forcing endless battles is banned\n|rule|HP Percentage Mod: HP is shown in percentages\n|clearpoke\n|poke|p1|Garganacl, M|\n|poke|p1|Amoonguss, F|\n|poke|p1|Chandelure, M|\n|poke|p1|Orthworm, M|\n|poke|p1|Vikavolt, M|\n|poke|p1|Iron Bundle|\n|poke|p2|Armarouge, F|\n|poke|p2|Chi-Yu|\n|poke|p2|Ogerpon-Hearthflame, F|\n|poke|p2|Torkoal, M|\n|poke|p2|Tornadus, M|\n|poke|p2|Indeedee-F, F|\n|teampreview\n|\n|t:|1700978859\n|start\n|switch|p1a: Garganacl|Garganacl, M|100\/100\n|switch|p1b: Vikavolt|Vikavolt, M|100\/100\n|switch|p2a: Dante|Armarouge, F|100\/100\n|switch|p2b: Indeedee|Indeedee-F, F|100\/100\n|-fieldstart|move: Psychic Terrain|[from] ability: Psychic Surge|[of] p2b: Indeedee\n|-enditem|p2b: Indeedee|Psychic Seed\n|-boost|p2b: Indeedee|spd|1|[from] item: Psychic Seed\n|turn|1\n|\n|t:|1700978875\n|move|p2a: Dante|Protect|p2a: Dante\n|-singleturn|p2a: Dante|Protect\n|move|p1a: Garganacl|Wide Guard|p1a: Garganacl\n|-singleturn|p1a: Garganacl|Wide Guard\n|move|p1b: Vikavolt|Sticky Web|p2b: Indeedee\n|-sidestart|p2: RComicalSeal|move: Sticky Web\n|move|p2b: Indeedee|Trick Room|p2b: Indeedee\n|-fieldstart|move: Trick Room|[of] p2b: Indeedee\n|\n|upkeep\n|turn|2\n|\n|t:|1700978893\n|move|p1a: Garganacl|Wide Guard|p1a: Garganacl\n|-singleturn|p1a: Garganacl|Wide Guard\n|move|p2b: Indeedee|Follow Me|p2b: Indeedee\n|-singleturn|p2b: Indeedee|move: Follow Me\n|move|p1b: Vikavolt|Eerie Impulse|p2b: Indeedee\n|-unboost|p2b: Indeedee|spa|2\n|move|p2a: Dante|Armor Cannon|p1b: Vikavolt\n|-supereffective|p1b: Vikavolt\n|-damage|p1b: Vikavolt|0 fnt\n|-unboost|p2a: Dante|def|1\n|-unboost|p2a: Dante|spd|1\n|faint|p1b: Vikavolt\n|-damage|p2a: Dante|91\/100|[from] item: Life Orb\n|\n|upkeep\n|\n|t:|1700978902\n|switch|p1b: Amoonguss|Amoonguss, F|100\/100\n|turn|3\n|\n|t:|1700978919\n|move|p1b: Amoonguss|Spore|p2a: Dante\n|-status|p2a: Dante|slp|[from] move: Spore\n|move|p1a: Garganacl|Salt Cure|p2a: Dante\n|-supereffective|p2a: Dante\n|-damage|p2a: Dante|53\/100 slp\n|-start|p2a: Dante|Salt Cure\n|cant|p2a: Dante|slp\n|move|p2b: Indeedee|Psychic|p1b: Amoonguss\n|-supereffective|p1b: Amoonguss\n|-damage|p1b: Amoonguss|76\/100\n|\n|-heal|p1b: Amoonguss|83\/100|[from] item: Leftovers\n|-damage|p2a: Dante|41\/100 slp|[from] Salt Cure\n|upkeep\n|turn|4\n|\n|t:|1700978946\n|switch|p2a: Tornadus|Tornadus, M|100\/100\n|move|p2b: Indeedee|Follow Me|p2b: Indeedee\n|-singleturn|p2b: Indeedee|move: Follow Me\n|move|p1b: Amoonguss|Pollen Puff|p2b: Indeedee\n|-supereffective|p2b: Indeedee\n|-damage|p2b: Indeedee|77\/100\n|move|p1a: Garganacl|Salt Cure|p2b: Indeedee\n|-damage|p2b: Indeedee|62\/100\n|-start|p2b: Indeedee|Salt Cure\n|\n|-heal|p1b: Amoonguss|89\/100|[from] item: Leftovers\n|-damage|p2b: Indeedee|50\/100|[from] Salt Cure\n|upkeep\n|turn|5\n|\n|t:|1700978967\n|move|p1a: Garganacl|Wide Guard|p1a: Garganacl\n|-singleturn|p1a: Garganacl|Wide Guard\n|move|p2a: Tornadus|Taunt|p1b: Amoonguss\n|-activate|p1b: Amoonguss|move: Psychic Terrain\n|move|p1b: Amoonguss|Spore|p2a: Tornadus\n|-status|p2a: Tornadus|slp|[from] move: Spore\n|move|p2b: Indeedee|Psychic|p1b: Amoonguss\n|-supereffective|p1b: Amoonguss\n|-damage|p1b: Amoonguss|62\/100\n|-unboost|p1b: Amoonguss|spd|1\n|\n|-heal|p1b: Amoonguss|68\/100|[from] item: Leftovers\n|-damage|p2b: Indeedee|37\/100|[from] Salt Cure\n|-fieldend|move: Trick Room\n|-fieldend|move: Psychic Terrain\n|upkeep\n|turn|6\n|\n|t:|1700978992\n|switch|p1b: Orthworm|Orthworm, M|100\/100\n|move|p2b: Indeedee|Follow Me|p2b: Indeedee\n|-singleturn|p2b: Indeedee|move: Follow Me\n|cant|p2a: Tornadus|slp\n|move|p1a: Garganacl|Salt Cure|p2b: Indeedee\n|-damage|p2b: Indeedee|23\/100\n|\n|-damage|p2b: Indeedee|11\/100|[from] Salt Cure\n|upkeep\n|turn|7\n|\n|t:|1700979014\n|cant|p2a: Tornadus|slp\n|move|p1b: Orthworm|Coil|p1b: Orthworm\n|-boost|p1b: Orthworm|atk|1\n|-boost|p1b: Orthworm|def|1\n|-boost|p1b: Orthworm|accuracy|1\n|move|p1a: Garganacl|Salt Cure|p2a: Tornadus\n|-supereffective|p2a: Tornadus\n|-damage|p2a: Tornadus|64\/100 slp\n|-start|p2a: Tornadus|Salt Cure\n|move|p2b: Indeedee|Trick Room|p2b: Indeedee\n|-fieldstart|move: Trick Room|[of] p2b: Indeedee\n|\n|-damage|p2b: Indeedee|0 fnt|[from] Salt Cure\n|faint|p2b: Indeedee\n|-damage|p2a: Tornadus|51\/100 slp|[from] Salt Cure\n|upkeep\n|\n|t:|1700979028\n|switch|p2b: Hortse|Torkoal, M|100\/100\n|-activate|p2b: Hortse|move: Sticky Web\n|-unboost|p2b: Hortse|spe|1\n|-weather|SunnyDay|[from] ability: Drought|[of] p2b: Hortse\n|turn|8\n|\n|t:|1700979042\n|cant|p2a: Tornadus|slp\n|move|p1a: Garganacl|Wide Guard|p1a: Garganacl\n|-singleturn|p1a: Garganacl|Wide Guard\n|move|p2b: Hortse|Eruption|p1a: Garganacl|[spread] \n|-activate|p1a: Garganacl|move: Wide Guard\n|-activate|p1b: Orthworm|move: Wide Guard\n|move|p1b: Orthworm|Earthquake|p2a: Tornadus|[spread] p2b\n|-activate|p1a: Garganacl|move: Wide Guard\n|-immune|p2a: Tornadus\n|-supereffective|p2b: Hortse\n|-damage|p2b: Hortse|52\/100\n|\n|-weather|SunnyDay|[upkeep]\n|-damage|p2a: Tornadus|39\/100 slp|[from] Salt Cure\n|upkeep\n|turn|9\n|\n|t:|1700979060\n|move|p1a: Garganacl|Wide Guard|p1a: Garganacl\n|-singleturn|p1a: Garganacl|Wide Guard\n|-curestatus|p2a: Tornadus|slp|[msg]\n|move|p2a: Tornadus|Taunt|p1a: Garganacl\n|-start|p1a: Garganacl|move: Taunt\n|move|p2b: Hortse|Eruption|p1a: Garganacl|[spread] \n|-activate|p1a: Garganacl|move: Wide Guard\n|-activate|p1b: Orthworm|move: Wide Guard\n|move|p1b: Orthworm|Earthquake|p2a: Tornadus|[spread] p2b\n|-activate|p1a: Garganacl|move: Wide Guard\n|-immune|p2a: Tornadus\n|-supereffective|p2b: Hortse\n|-damage|p2b: Hortse|0 fnt\n|faint|p2b: Hortse\n|\n|-weather|SunnyDay|[upkeep]\n|-damage|p2a: Tornadus|27\/100|[from] Salt Cure\n|upkeep\n|\n|t:|1700979085\n|switch|p2b: Dante|Armarouge, F|41\/100 slp\n|-activate|p2b: Dante|move: Sticky Web\n|-unboost|p2b: Dante|spe|1\n|turn|10\n|\n|t:|1700979106\n|move|p2a: Tornadus|Protect|p2a: Tornadus\n|-singleturn|p2a: Tornadus|Protect\n|move|p1a: Garganacl|Salt Cure|p2b: Dante\n|-supereffective|p2b: Dante\n|-damage|p2b: Dante|11\/100 slp\n|-start|p2b: Dante|Salt Cure\n|cant|p2b: Dante|slp\n|move|p1b: Orthworm|Iron Head|p2a: Tornadus\n|-activate|p2a: Tornadus|move: Protect\n|\n|-weather|SunnyDay|[upkeep]\n|-damage|p2b: Dante|0 fnt|[from] Salt Cure\n|faint|p2b: Dante\n|-damage|p2a: Tornadus|14\/100|[from] Salt Cure\n|upkeep\n|\n|t:|1700979122\n|switch|p2b: Bramble|Chi-Yu|100\/100\n|-activate|p2b: Bramble|move: Sticky Web\n|-unboost|p2b: Bramble|spe|1\n|-ability|p2b: Bramble|Beads of Ruin\n|turn|11\n|\n|t:|1700979141\n|move|p2a: Tornadus|Tailwind|p2a: Tornadus\n|-sidestart|p2: RComicalSeal|move: Tailwind\n|move|p1a: Garganacl|Salt Cure|p2b: Bramble\n|-supereffective|p2b: Bramble\n|-damage|p2b: Bramble|54\/100\n|-start|p2b: Bramble|Salt Cure\n|move|p1b: Orthworm|Iron Head|p2a: Tornadus\n|-damage|p2a: Tornadus|0 fnt\n|-damage|p1b: Orthworm|84\/100|[from] item: Rocky Helmet|[of] p2a: Tornadus\n|faint|p2a: Tornadus\n|move|p2b: Bramble|Heat Wave|p1b: Orthworm|[spread] \n|-miss|p2b: Bramble|p1a: Garganacl\n|-miss|p2b: Bramble|p1b: Orthworm\n|\n|-weather|SunnyDay|[upkeep]\n|-heal|p1b: Orthworm|90\/100|[from] item: Leftovers\n|-damage|p2b: Bramble|42\/100|[from] Salt Cure\n|-fieldend|move: Trick Room\n|upkeep\n|\n|t:|1700979159\n|switch|p2a: ORAORAORAORAORAORA|Ogerpon-Hearthflame, F|100\/100\n|-activate|p2a: ORAORAORAORAORAORA|move: Sticky Web\n|-unboost|p2a: ORAORAORAORAORAORA|spe|1\n|-ability|p2a: ORAORAORAORAORAORA|Mold Breaker\n|turn|12\n|\n|t:|1700979177\n|switch|p1a: Amoonguss|Amoonguss, F|100\/100\n|move|p2a: ORAORAORAORAORAORA|Horn Leech|p1a: Amoonguss\n|-resisted|p1a: Amoonguss\n|-damage|p1a: Amoonguss|88\/100\n|move|p2b: Bramble|Heat Wave|p1b: Orthworm|[spread] p1a,p1b\n|-supereffective|p1a: Amoonguss\n|-supereffective|p1b: Orthworm\n|-damage|p1a: Amoonguss|0 fnt\n|-damage|p1b: Orthworm|0 fnt\n|faint|p1a: Amoonguss\n|faint|p1b: Orthworm\n|\n|-weather|SunnyDay|[upkeep]\n|-damage|p2b: Bramble|30\/100|[from] Salt Cure\n|upkeep\n|\n|t:|1700979190\n|switch|p1b: Chandelure|Chandelure, M|100\/100\n|switch|p1a: Garganacl|Garganacl, M|100\/100\n|turn|13\n|\n|t:|1700979200\n|-terastallize|p1a: Garganacl|Ghost\n|move|p1a: Garganacl|Wide Guard|p1a: Garganacl\n|-singleturn|p1a: Garganacl|Wide Guard\n|move|p2a: ORAORAORAORAORAORA|Horn Leech|p1a: Garganacl\n|-damage|p1a: Garganacl|78\/100\n|move|p2b: Bramble|Heat Wave|p1a: Garganacl|[spread] \n|-activate|p1a: Garganacl|move: Wide Guard\n|-activate|p1b: Chandelure|move: Wide Guard\n|move|p1b: Chandelure|Heat Wave|p2a: ORAORAORAORAORAORA|[spread] p2a,p2b\n|-resisted|p2b: Bramble\n|-damage|p2a: ORAORAORAORAORAORA|1\/100\n|-damage|p2b: Bramble|0 fnt\n|faint|p2b: Bramble\n|\n|-weather|SunnyDay|[upkeep]\n|-heal|p1a: Garganacl|84\/100|[from] item: Leftovers\n|upkeep\n|turn|14\n|\n|t:|1700979225\n|-terastallize|p2a: ORAORAORAORAORAORA|Fire\n|detailschange|p2a: ORAORAORAORAORAORA|Ogerpon-Hearthflame-Tera, F, tera:Fire\n|-ability|p2a: ORAORAORAORAORAORA|Embody Aspect (Hearthflame)|boost\n|-boost|p2a: ORAORAORAORAORAORA|atk|1\n|move|p1a: Garganacl|Helping Hand|p1b: Chandelure\n|-singleturn|p1b: Chandelure|Helping Hand|[of] p1a: Garganacl\n|move|p2a: ORAORAORAORAORAORA|Horn Leech|p1b: Chandelure\n|-resisted|p1b: Chandelure\n|-damage|p1b: Chandelure|50\/100\n|-heal|p2a: ORAORAORAORAORAORA|23\/100|[from] drain|[of] p1b: Chandelure\n|move|p1b: Chandelure|Heat Wave|p2a: ORAORAORAORAORAORA\n|-resisted|p2a: ORAORAORAORAORAORA\n|-damage|p2a: ORAORAORAORAORAORA|0 fnt\n|faint|p2a: ORAORAORAORAORAORA\n|\n|win|ButterDeButtery\n|raw|ButterDeButtery's rating: 1134 &rarr; <strong>1156<\/strong><br \/>(+22 for winning)\n|raw|RComicalSeal's rating: 1086 &rarr; <strong>1066<\/strong><br \/>(-20 for losing)\n","uploadtime":1700979237,"views":5,"p1id":"butterdebuttery","p2id":"rcomicalseal","formatid":"gen9doublesou","rating":1066,"private":0,"password":""}