{"id":"gen9doublesou-1972615602","p1":"Freey4","p2":"Thehombre","format":"[Gen 9] Doubles OU","log":"|j|\u2606Freey4\n|j|\u2606Thehombre\n|t:|1697864831\n|gametype|doubles\n|player|p1|Freey4|2|1129\n|player|p2|Thehombre|266|1101\n|teamsize|p1|6\n|teamsize|p2|6\n|gen|9\n|tier|[Gen 9] Doubles OU\n|rated|\n|rule|Species Clause: Limit one of each Pok\u00e9mon\n|rule|OHKO Clause: OHKO moves are banned\n|rule|Evasion Moves Clause: Evasion moves are banned\n|rule|Gravity Sleep Clause: The combination of sleep-inducing moves with imperfect accuracy and Gravity or Gigantamax Orbeetle are banned\n|rule|Endless Battle Clause: Forcing endless battles is banned\n|rule|HP Percentage Mod: HP is shown in percentages\n|clearpoke\n|poke|p1|Medicham, M|\n|poke|p1|Amoonguss, F|\n|poke|p1|Krookodile, M|\n|poke|p1|Goodra, M|\n|poke|p1|Camerupt, M|\n|poke|p1|Lilligant, F|\n|poke|p2|Fezandipiti, M|\n|poke|p2|Overqwil, M|\n|poke|p2|Munkidori, M|\n|poke|p2|Landorus, M|\n|poke|p2|Corviknight, F|\n|poke|p2|Muk-Alola, M|\n|teampreview\n|inactive|Battle timer is ON: inactive players will automatically lose when time's up. (requested by Thehombre)\n|\n|t:|1697864861\n|start\n|switch|p1a: Goodra|Goodra, M|100\/100\n|switch|p1b: Camerupt|Camerupt, M|100\/100\n|switch|p2a: Fezandipiti|Fezandipiti, M|100\/100\n|switch|p2b: Landorus|Landorus, M|100\/100\n|turn|1\n|\n|t:|1697864876\n|switch|p1b: Amoonguss|Amoonguss, F|100\/100\n|move|p2b: Landorus|Sandsear Storm|p1b: Amoonguss|[spread] p1a,p1b\n|-damage|p1a: Goodra|79\/100\n|-damage|p1b: Amoonguss|57\/100\n|move|p2a: Fezandipiti|Beat Up|p1a: Goodra\n|-damage|p1a: Goodra|76\/100\n|-damage|p1a: Goodra|72\/100\n|-damage|p1a: Goodra|68\/100\n|-status|p1a: Goodra|tox|[from] ability: Toxic Chain|[of] p2a: Fezandipiti\n|-damage|p1a: Goodra|64\/100 tox\n|-damage|p1a: Goodra|61\/100 tox\n|-damage|p1a: Goodra|57\/100 tox\n|-hitcount|p1a: Goodra|6\n|move|p1a: Goodra|Ice Beam|p2b: Landorus\n|-supereffective|p2b: Landorus\n|-damage|p2b: Landorus|0 fnt\n|faint|p2b: Landorus\n|\n|-heal|p1b: Amoonguss|63\/100|[from] item: Black Sludge\n|-damage|p1a: Goodra|51\/100 tox|[from] psn\n|upkeep\n|\n|t:|1697864895\n|switch|p2b: Munkidori|Munkidori, M|100\/100\n|turn|2\n|inactive|Freey4 has 120 seconds left.\n|\n|t:|1697864937\n|move|p1b: Amoonguss|Rage Powder|p1b: Amoonguss\n|-singleturn|p1b: Amoonguss|move: Rage Powder\n|move|p2b: Munkidori|Nasty Plot|p2b: Munkidori\n|-boost|p2b: Munkidori|spa|2\n|move|p2a: Fezandipiti|Icy Wind|p1b: Amoonguss|[spread] p1a,p1b\n|-supereffective|p1a: Goodra\n|-supereffective|p1b: Amoonguss\n|-damage|p1a: Goodra|43\/100 tox\n|-damage|p1b: Amoonguss|45\/100\n|-unboost|p1a: Goodra|spe|1\n|-unboost|p1b: Amoonguss|spe|1\n|move|p1a: Goodra|Dragon Pulse|p2b: Munkidori\n|-damage|p2b: Munkidori|50\/100\n|\n|-heal|p1b: Amoonguss|51\/100|[from] item: Black Sludge\n|-damage|p1a: Goodra|31\/100 tox|[from] psn\n|upkeep\n|turn|3\n|\n|t:|1697864954\n|switch|p2a: Corviknight|Corviknight, F|100\/100\n|move|p1b: Amoonguss|Rage Powder|p1b: Amoonguss\n|-singleturn|p1b: Amoonguss|move: Rage Powder\n|move|p2b: Munkidori|Sludge Wave|p1b: Amoonguss|[spread] p1a,p1b\n|-immune|p2a: Corviknight\n|-damage|p1a: Goodra|0 fnt\n|-damage|p1b: Amoonguss|0 fnt\n|faint|p1a: Goodra\n|faint|p1b: Amoonguss\n|\n|upkeep\n|inactive|Freey4 has 120 seconds left.\n|\n|t:|1697864972\n|switch|p1a: Medicham|Medicham, M|100\/100\n|switch|p1b: Camerupt|Camerupt, M|100\/100\n|turn|4\n|\n|t:|1697864978\n|move|p1a: Medicham|Fake Out|p2b: Munkidori\n|-damage|p2b: Munkidori|22\/100\n|cant|p2b: Munkidori|flinch\n|move|p2a: Corviknight|Drill Peck|p1b: Camerupt\n|-damage|p1b: Camerupt|50\/100\n|move|p1b: Camerupt|Heat Wave|p2a: Corviknight|[spread] p2a,p2b\n|-supereffective|p2a: Corviknight\n|-damage|p2a: Corviknight|20\/100\n|-damage|p2b: Munkidori|0 fnt\n|faint|p2b: Munkidori\n|\n|-heal|p2a: Corviknight|26\/100|[from] item: Leftovers\n|-heal|p1b: Camerupt|56\/100|[from] item: Leftovers\n|upkeep\n|\n|t:|1697864983\n|switch|p2b: Fezandipiti|Fezandipiti, M|100\/100\n|turn|5\n|\n|t:|1697864997\n|move|p2b: Fezandipiti|Icy Wind|p1b: Camerupt|[spread] p1b\n|-miss|p2b: Fezandipiti|p1a: Medicham\n|-damage|p1b: Camerupt|43\/100\n|-unboost|p1b: Camerupt|spe|1\n|move|p1a: Medicham|Zen Headbutt|p2b: Fezandipiti|[miss]\n|-miss|p1a: Medicham|p2b: Fezandipiti\n|move|p2a: Corviknight|Drill Peck|p1a: Medicham\n|-supereffective|p1a: Medicham\n|-damage|p1a: Medicham|0 fnt\n|faint|p1a: Medicham\n|move|p1b: Camerupt|Heat Wave|p2a: Corviknight|[spread] p2b\n|-miss|p1b: Camerupt|p2a: Corviknight\n|-damage|p2b: Fezandipiti|70\/100\n|\n|-heal|p2b: Fezandipiti|76\/100|[from] item: Leftovers\n|-heal|p2a: Corviknight|32\/100|[from] item: Leftovers\n|-heal|p1b: Camerupt|49\/100|[from] item: Leftovers\n|upkeep\n|\n|t:|1697865010\n|switch|p1a: Lilligant|Lilligant, F, shiny|100\/100\n|turn|6\n|\n|t:|1697865015\n|-terastallize|p1a: Lilligant|Rock\n|move|p2b: Fezandipiti|Icy Wind|p1a: Lilligant|[spread] p1a,p1b\n|-damage|p1a: Lilligant|86\/100\n|-damage|p1b: Camerupt|37\/100\n|-unboost|p1a: Lilligant|spe|1\n|-unboost|p1b: Camerupt|spe|1\n|move|p2a: Corviknight|Drill Peck|p1a: Lilligant\n|-resisted|p1a: Lilligant\n|-damage|p1a: Lilligant|58\/100\n|move|p1a: Lilligant|Quiver Dance|p1a: Lilligant\n|-boost|p1a: Lilligant|spa|1\n|-boost|p1a: Lilligant|spd|1\n|-boost|p1a: Lilligant|spe|1\n|move|p1b: Camerupt|Heat Wave|p2a: Corviknight|[spread] p2a,p2b\n|-supereffective|p2a: Corviknight\n|-crit|p2b: Fezandipiti\n|-damage|p2a: Corviknight|0 fnt\n|-damage|p2b: Fezandipiti|28\/100\n|faint|p2a: Corviknight\n|\n|-heal|p2b: Fezandipiti|34\/100|[from] item: Leftovers\n|-heal|p1b: Camerupt|43\/100|[from] item: Leftovers\n|upkeep\n|\n|t:|1697865029\n|switch|p2a: Muk|Muk-Alola, M|100\/100\n|turn|7\n|\n|t:|1697865037\n|move|p2b: Fezandipiti|Icy Wind|p1b: Camerupt|[spread] p1a,p1b\n|-damage|p1a: Lilligant|47\/100\n|-damage|p1b: Camerupt|30\/100\n|-unboost|p1a: Lilligant|spe|1\n|-unboost|p1b: Camerupt|spe|1\n|-enditem|p1a: Lilligant|Sitrus Berry|[eat]\n|-heal|p1a: Lilligant|72\/100|[from] item: Sitrus Berry\n|move|p1a: Lilligant|Tera Blast|p2b: Fezandipiti|[anim] Tera Blast Rock\n|-damage|p2b: Fezandipiti|0 fnt\n|faint|p2b: Fezandipiti\n|move|p2a: Muk|Crunch|p1a: Lilligant\n|-damage|p1a: Lilligant|9\/100\n|move|p1b: Camerupt|Earth Power|p2a: Muk\n|-supereffective|p2a: Muk\n|-damage|p2a: Muk|25\/100\n|\n|-heal|p2a: Muk|31\/100|[from] item: Leftovers\n|-heal|p1b: Camerupt|36\/100|[from] item: Leftovers\n|upkeep\n|\n|t:|1697865046\n|switch|p2b: Overqwil|Overqwil, M|100\/100\n|turn|8\n|\n|t:|1697865058\n|move|p2b: Overqwil|Crunch|p1a: Lilligant\n|-damage|p1a: Lilligant|0 fnt\n|faint|p1a: Lilligant\n|move|p2a: Muk|Crunch|p1b: Camerupt\n|-damage|p1b: Camerupt|0 fnt\n|faint|p1b: Camerupt\n|\n|-heal|p2a: Muk|37\/100|[from] item: Leftovers\n|upkeep\n|\n|t:|1697865064\n|switch|p1b: Krookodile|Krookodile, M|100\/100\n|-ability|p1b: Krookodile|Intimidate|boost\n|-unboost|p2a: Muk|atk|1\n|-unboost|p2b: Overqwil|atk|1\n|turn|9\n|\n|t:|1697865077\n|-terastallize|p2b: Overqwil|Dark\n|move|p1b: Krookodile|Stomping Tantrum|p2a: Muk\n|-supereffective|p2a: Muk\n|-damage|p2a: Muk|0 fnt\n|faint|p2a: Muk\n|-damage|p1b: Krookodile|91\/100|[from] item: Life Orb\n|move|p2b: Overqwil|Crunch|p1b: Krookodile\n|-resisted|p1b: Krookodile\n|-damage|p1b: Krookodile|69\/100\n|\n|upkeep\n|turn|10\n|\n|t:|1697865085\n|move|p1b: Krookodile|Stomping Tantrum|p2b: Overqwil\n|-damage|p2b: Overqwil|46\/100\n|-status|p1b: Krookodile|psn|[from] ability: Poison Point|[of] p2b: Overqwil\n|-damage|p1b: Krookodile|59\/100 psn|[from] item: Life Orb\n|move|p2b: Overqwil|Crunch|p1b: Krookodile\n|-resisted|p1b: Krookodile\n|-damage|p1b: Krookodile|39\/100 psn\n|\n|-damage|p1b: Krookodile|27\/100 psn|[from] psn\n|upkeep\n|turn|11\n|\n|t:|1697865089\n|move|p1b: Krookodile|Stomping Tantrum|p2b: Overqwil\n|-damage|p2b: Overqwil|0 fnt\n|faint|p2b: Overqwil\n|-damage|p1b: Krookodile|17\/100 psn|[from] item: Life Orb\n|\n|win|Freey4\n|raw|Freey4's rating: 1149 &rarr; <strong>1171<\/strong><br \/>(+22 for winning)\n|raw|Thehombre's rating: 1101 &rarr; <strong>1079<\/strong><br \/>(-22 for losing)\n","uploadtime":1697865092,"views":12,"p1id":"freey4","p2id":"thehombre","formatid":"gen9doublesou","rating":1079,"private":0,"password":""}