{"id":"gen9doublesou-2000356739","p1":"Embluede","p2":"star136","format":"[Gen 9] Doubles OU","log":"|j|\u2606Embluede\n|j|\u2606star136\n|t:|1701187905\n|gametype|doubles\n|player|p1|Embluede|birdkeeper|1372\n|player|p2|star136|101|1292\n|teamsize|p1|6\n|teamsize|p2|6\n|gen|9\n|tier|[Gen 9] Doubles OU\n|rated|\n|rule|Species Clause: Limit one of each Pok\u00e9mon\n|rule|OHKO Clause: OHKO moves are banned\n|rule|Evasion Moves Clause: Evasion moves are banned\n|rule|Gravity Sleep Clause: The combination of sleep-inducing moves with imperfect accuracy and Gravity or Gigantamax Orbeetle are banned\n|rule|Endless Battle Clause: Forcing endless battles is banned\n|rule|HP Percentage Mod: HP is shown in percentages\n|clearpoke\n|poke|p1|Sinistcha|\n|poke|p1|Chien-Pao|\n|poke|p1|Grimmsnarl, M|\n|poke|p1|Volcarona, M|\n|poke|p1|Oricorio-Pom-Pom, F|\n|poke|p1|Farigiraf, M|\n|poke|p2|Iron Hands|\n|poke|p2|Armarouge, M|\n|poke|p2|Indeedee-F, F|\n|poke|p2|Ursaluna-Bloodmoon, M|\n|poke|p2|Dusclops, M|\n|poke|p2|Sinistcha|\n|teampreview\n|inactive|Battle timer is ON: inactive players will automatically lose when time's up. (requested by Embluede)\n|inactive|star136 has 120 seconds left.\n|\n|t:|1701187947\n|start\n|switch|p1a: Oricorio|Oricorio-Pom-Pom, F|100\/100\n|switch|p1b: Volcarona|Volcarona, M|100\/100\n|switch|p2a: Iron Hands|Iron Hands|100\/100\n|switch|p2b: Ursaluna|Ursaluna-Bloodmoon, M|100\/100\n|turn|1\n|\n|t:|1701187960\n|move|p2a: Iron Hands|Fake Out|p1a: Oricorio\n|-damage|p1a: Oricorio|80\/100\n|move|p1b: Volcarona|Quiver Dance|p1b: Volcarona\n|-boost|p1b: Volcarona|spa|1\n|-boost|p1b: Volcarona|spd|1\n|-boost|p1b: Volcarona|spe|1\n|-activate|p1a: Oricorio|ability: Dancer\n|cant|p1a: Oricorio|flinch\n|cant|p1a: Oricorio|flinch\n|move|p2b: Ursaluna|Earth Power|p1b: Volcarona\n|-damage|p1b: Volcarona|65\/100\n|\n|-heal|p1a: Oricorio|86\/100|[from] item: Leftovers\n|upkeep\n|turn|2\n|inactive|star136 has 120 seconds left.\n|inactive|star136 has 90 seconds left.\n|\n|t:|1701188027\n|move|p1b: Volcarona|Giga Drain|p2b: Ursaluna\n|-supereffective|p2b: Ursaluna\n|-damage|p2b: Ursaluna|7\/100\n|-heal|p1b: Volcarona|100\/100|[from] drain|[of] p2b: Ursaluna\n|move|p1a: Oricorio|Icy Wind|p2b: Ursaluna|[spread] p2a,p2b\n|-supereffective|p2b: Ursaluna\n|-damage|p2a: Iron Hands|93\/100\n|-damage|p2b: Ursaluna|0 fnt\n|-unboost|p2a: Iron Hands|spe|1\n|faint|p2b: Ursaluna\n|move|p2a: Iron Hands|Drain Punch|p1b: Volcarona\n|-resisted|p1b: Volcarona\n|-damage|p1b: Volcarona|66\/100\n|-heal|p2a: Iron Hands|100\/100|[from] drain|[of] p1b: Volcarona\n|\n|-heal|p1a: Oricorio|92\/100|[from] item: Leftovers\n|upkeep\n|inactive|star136 has 60 seconds left.\n|\n|t:|1701188084\n|switch|p2b: Indeedee|Indeedee-F, F|100\/100\n|-fieldstart|move: Psychic Terrain|[from] ability: Psychic Surge|[of] p2b: Indeedee\n|turn|3\n|\n|t:|1701188095\n|move|p1b: Volcarona|Quiver Dance|p1b: Volcarona\n|-boost|p1b: Volcarona|spa|1\n|-boost|p1b: Volcarona|spd|1\n|-boost|p1b: Volcarona|spe|1\n|-activate|p1a: Oricorio|ability: Dancer\n|move|p1a: Oricorio|Quiver Dance|p1a: Oricorio|[from]ability: Dancer\n|-boost|p1a: Oricorio|spa|1\n|-boost|p1a: Oricorio|spd|1\n|-boost|p1a: Oricorio|spe|1\n|move|p1a: Oricorio|Air Slash|p2a: Iron Hands\n|-damage|p2a: Iron Hands|68\/100\n|move|p2a: Iron Hands|Heavy Slam|p1b: Volcarona\n|-resisted|p1b: Volcarona\n|-damage|p1b: Volcarona|27\/100\n|move|p2b: Indeedee|Trick Room|p2b: Indeedee\n|-fieldstart|move: Trick Room|[of] p2b: Indeedee\n|\n|-heal|p1a: Oricorio|99\/100|[from] item: Leftovers\n|upkeep\n|turn|4\n|inactive|star136 has 60 seconds left.\n|\n|t:|1701188116\n|-terastallize|p1a: Oricorio|Ground\n|move|p2a: Iron Hands|Heavy Slam|p1b: Volcarona\n|-resisted|p1b: Volcarona\n|-damage|p1b: Volcarona|0 fnt\n|faint|p1b: Volcarona\n|move|p2b: Indeedee|Dazzling Gleam|p1a: Oricorio\n|-crit|p1a: Oricorio\n|-damage|p1a: Oricorio|63\/100\n|move|p1a: Oricorio|Revelation Dance|p2a: Iron Hands\n|-supereffective|p2a: Iron Hands\n|-damage|p2a: Iron Hands|0 fnt\n|faint|p2a: Iron Hands\n|-end|p2a: Iron Hands|Quark Drive|[silent]\n|\n|-heal|p1a: Oricorio|69\/100|[from] item: Leftovers\n|upkeep\n|\n|t:|1701188134\n|switch|p2a: Armarouge|Armarouge, M|100\/100\n|switch|p1b: Farigiraf|Farigiraf, M|100\/100\n|turn|5\n|\n|t:|1701188144\n|move|p2b: Indeedee|Helping Hand|p2a: Armarouge\n|-singleturn|p2a: Armarouge|Helping Hand|[of] p2b: Indeedee\n|move|p2a: Armarouge|Expanding Force|p1a: Oricorio|[spread] p1a,p1b\n|-resisted|p1b: Farigiraf\n|-damage|p1a: Oricorio|0 fnt\n|-damage|p1b: Farigiraf|33\/100\n|faint|p1a: Oricorio\n|-damage|p2a: Armarouge|91\/100|[from] item: Life Orb\n|move|p1b: Farigiraf|Hyper Voice|p2b: Indeedee|[spread] p2a,p2b\n|-crit|p2a: Armarouge\n|-damage|p2a: Armarouge|35\/100\n|-damage|p2b: Indeedee|72\/100\n|\n|-heal|p1b: Farigiraf|39\/100|[from] item: Leftovers\n|upkeep\n|\n|t:|1701188156\n|switch|p1a: Puff|Sinistcha|100\/100\n|-heal|p1b: Farigiraf|64\/100|[from] ability: Hospitality|[of] p1a: Puff\n|turn|6\n|inactive|star136 has 120 seconds left.\n|\n|t:|1701188173\n|move|p2b: Indeedee|Helping Hand|p2a: Armarouge\n|-singleturn|p2a: Armarouge|Helping Hand|[of] p2b: Indeedee\n|move|p2a: Armarouge|Expanding Force|p1b: Farigiraf|[spread] p1a,p1b\n|-resisted|p1b: Farigiraf\n|-damage|p1a: Puff|0 fnt\n|-damage|p1b: Farigiraf|2\/100\n|faint|p1a: Puff\n|-damage|p2a: Armarouge|25\/100|[from] item: Life Orb\n|move|p1b: Farigiraf|Hyper Voice|p2b: Indeedee|[spread] p2a,p2b\n|-damage|p2a: Armarouge|0 fnt\n|-damage|p2b: Indeedee|40\/100\n|faint|p2a: Armarouge\n|\n|-heal|p1b: Farigiraf|8\/100|[from] item: Leftovers\n|upkeep\n|inactive|star136 has 120 seconds left.\n|\n|t:|1701188191\n|switch|p2a: Sinistcha|Sinistcha|100\/100\n|switch|p1a: Chien-Pao|Chien-Pao|100\/100\n|-heal|p2b: Indeedee|65\/100|[from] ability: Hospitality|[of] p2a: Sinistcha\n|-ability|p1a: Chien-Pao|Sword of Ruin\n|turn|7\n|inactive|star136 has 120 seconds left.\n|\n|t:|1701188226\n|move|p2b: Indeedee|Follow Me|p2b: Indeedee\n|-singleturn|p2b: Indeedee|move: Follow Me\n|move|p1b: Farigiraf|Foul Play|p2b: Indeedee\n|-supereffective|p2b: Indeedee\n|-damage|p2b: Indeedee|37\/100\n|-damage|p1b: Farigiraf|0 fnt|[from] item: Rocky Helmet|[of] p2b: Indeedee\n|faint|p1b: Farigiraf\n|move|p2a: Sinistcha|Matcha Gotcha|p1a: Chien-Pao\n|-damage|p1a: Chien-Pao|46\/100\n|move|p1a: Chien-Pao|Ice Spinner|p2b: Indeedee\n|-damage|p2b: Indeedee|0 fnt\n|-damage|p1a: Chien-Pao|30\/100|[from] item: Rocky Helmet|[of] p2b: Indeedee\n|-fieldend|move: Psychic Terrain\n|faint|p2b: Indeedee\n|\n|-fieldend|move: Trick Room\n|upkeep\n|\n|t:|1701188248\n|switch|p2b: Dusclops|Dusclops, M|100\/100\n|switch|p1b: Grimmsnarl|Grimmsnarl, M|100\/100\n|-item|p1a: Chien-Pao|Choice Band|[from] ability: Frisk|[of] p2b: Dusclops|[identify]\n|-item|p1b: Grimmsnarl|Leftovers|[from] ability: Frisk|[of] p2b: Dusclops|[identify]\n|turn|8\n|inactive|star136 has 120 seconds left.\n|\n|t:|1701188293\n|move|p1b: Grimmsnarl|Taunt|p2a: Sinistcha\n|-start|p2a: Sinistcha|move: Taunt\n|-enditem|p2a: Sinistcha|Mental Herb\n|-end|p2a: Sinistcha|move: Taunt\n|move|p1a: Chien-Pao|Ice Spinner|p2a: Sinistcha\n|-supereffective|p2a: Sinistcha\n|-damage|p2a: Sinistcha|1\/100\n|move|p2a: Sinistcha|Matcha Gotcha|p1a: Chien-Pao|[spread] p1a,p1b\n|-damage|p1a: Chien-Pao|0 fnt\n|-heal|p2a: Sinistcha|14\/100|[from] drain|[of] p1a: Chien-Pao\n|-damage|p1b: Grimmsnarl|75\/100\n|-heal|p2a: Sinistcha|28\/100|[from] drain|[of] p1b: Grimmsnarl\n|faint|p1a: Chien-Pao\n|move|p2b: Dusclops|Trick Room|p2b: Dusclops\n|-fieldstart|move: Trick Room|[of] p2b: Dusclops\n|\n|-heal|p1b: Grimmsnarl|81\/100|[from] item: Leftovers\n|upkeep\n|turn|9\n|inactive|star136 has 120 seconds left.\n|\n|t:|1701188321\n|move|p2b: Dusclops|Curse|p1b: Grimmsnarl\n|-start|p1b: Grimmsnarl|Curse|[of] p2b: Dusclops\n|-damage|p2b: Dusclops|50\/100\n|move|p1b: Grimmsnarl|Spirit Break|p2a: Sinistcha\n|-damage|p2a: Sinistcha|0 fnt\n|faint|p2a: Sinistcha\n|\n|-heal|p1b: Grimmsnarl|87\/100|[from] item: Leftovers\n|-damage|p1b: Grimmsnarl|62\/100|[from] Curse\n|upkeep\n|turn|10\n|\n|t:|1701188332\n|move|p2b: Dusclops|Pain Split|p1b: Grimmsnarl\n|-sethp|p1b: Grimmsnarl|49\/100|[from] move: Pain Split|[silent]\n|-sethp|p2b: Dusclops|68\/100|[from] move: Pain Split\n|move|p1b: Grimmsnarl|Spirit Break|p2b: Dusclops\n|-damage|p2b: Dusclops|45\/100\n|-unboost|p2b: Dusclops|spa|1\n|\n|-heal|p1b: Grimmsnarl|56\/100|[from] item: Leftovers\n|-damage|p1b: Grimmsnarl|31\/100|[from] Curse\n|upkeep\n|turn|11\n|\n|t:|1701188355\n|move|p1b: Grimmsnarl|Taunt|p2b: Dusclops\n|-start|p2b: Dusclops|move: Taunt\n|cant|p2b: Dusclops|move: Taunt|Will-O-Wisp\n|\n|-heal|p1b: Grimmsnarl|37\/100|[from] item: Leftovers\n|-damage|p1b: Grimmsnarl|12\/100|[from] Curse\n|upkeep\n|turn|12\n|\n|t:|1701188366\n|-activate|p2b: Dusclops|move: Struggle\n|move|p2b: Dusclops|Struggle|p1b: Grimmsnarl\n|-damage|p1b: Grimmsnarl|1\/100\n|-damage|p2b: Dusclops|20\/100|[from] recoil\n|move|p1b: Grimmsnarl|Spirit Break|p2b: Dusclops\n|-damage|p2b: Dusclops|0 fnt\n|faint|p2b: Dusclops\n|\n|win|Embluede\n|raw|Embluede's rating: 1372 &rarr; <strong>1387<\/strong><br \/>(+15 for winning)\n|raw|star136's rating: 1292 &rarr; <strong>1273<\/strong><br \/>(-19 for losing)\n|l|\u2606star136\n","uploadtime":1701188380,"views":15,"p1id":"embluede","p2id":"star136","formatid":"gen9doublesou","rating":1273,"private":0,"password":""}