{"id":"gen9doublesou-1991539527","p1":"Ravvenn98","p2":"Mr. Alola Tales","format":"[Gen 9] Doubles OU","log":"|j|\u2606Ravvenn98\n|j|\u2606Mr. Alola Tales\n|t:|1700086345\n|gametype|doubles\n|player|p1|Ravvenn98|clair|1263\n|player|p2|Mr. Alola Tales|archer|1136\n|teamsize|p1|6\n|teamsize|p2|6\n|gen|9\n|tier|[Gen 9] Doubles OU\n|rated|\n|rule|Species Clause: Limit one of each Pok\u00e9mon\n|rule|OHKO Clause: OHKO moves are banned\n|rule|Evasion Moves Clause: Evasion moves are banned\n|rule|Gravity Sleep Clause: The combination of sleep-inducing moves with imperfect accuracy and Gravity or Gigantamax Orbeetle are banned\n|rule|Endless Battle Clause: Forcing endless battles is banned\n|rule|HP Percentage Mod: HP is shown in percentages\n|clearpoke\n|poke|p1|Houndstone, M|\n|poke|p1|Tyranitar, M|\n|poke|p1|Gholdengo|\n|poke|p1|Roaring Moon|\n|poke|p1|Tornadus, M|\n|poke|p1|Palafin, M|\n|poke|p2|Ninetales-Alola, F|\n|poke|p2|Munkidori, M|\n|poke|p2|Slowking-Galar, F|\n|poke|p2|Flutter Mane|\n|poke|p2|Roaring Moon|\n|poke|p2|Maushold|\n|teampreview\n|\n|t:|1700086362\n|start\n|switch|p1a: Tornadus|Tornadus, M, shiny|100\/100\n|switch|p1b: Palafin|Palafin, M, shiny|100\/100\n|switch|p2a: Monkey D. Dori|Munkidori, M|100\/100\n|switch|p2b: Gucci Mane|Flutter Mane|100\/100\n|-enditem|p2b: Gucci Mane|Booster Energy\n|-activate|p2b: Gucci Mane|ability: Protosynthesis|[fromitem]\n|-start|p2b: Gucci Mane|protosynthesisspa\n|turn|1\n|inactive|Battle timer is ON: inactive players will automatically lose when time's up. (requested by Mr. Alola Tales)\n|\n|t:|1700086375\n|move|p2a: Monkey D. Dori|Fake Out|p1b: Palafin\n|-damage|p1b: Palafin|92\/100\n|-status|p1b: Palafin|tox|[from] ability: Toxic Chain|[of] p2a: Monkey D. Dori\n|move|p1a: Tornadus|Tailwind|p1a: Tornadus\n|-sidestart|p1: Ravvenn98|move: Tailwind\n|cant|p1b: Palafin|flinch\n|move|p2b: Gucci Mane|Shadow Ball|p1b: Palafin\n|-damage|p1b: Palafin|37\/100 tox\n|\n|-damage|p1b: Palafin|31\/100 tox|[from] psn\n|upkeep\n|turn|2\n|\n|t:|1700086392\n|move|p1a: Tornadus|Bleakwind Storm|p2a: Monkey D. Dori|[spread] p2a,p2b\n|-damage|p2a: Monkey D. Dori|57\/100\n|-damage|p2b: Gucci Mane|62\/100\n|move|p1b: Palafin|Flip Turn|p2b: Gucci Mane\n|-damage|p2b: Gucci Mane|12\/100\n|\n|t:|1700086397\n|detailschange|p1b: Palafin|Palafin-Hero, M, shiny\n|switch|p1b: Roaring Moon|Roaring Moon|100\/100|[from] Flip Turn\n|-enditem|p1b: Roaring Moon|Booster Energy\n|-activate|p1b: Roaring Moon|ability: Protosynthesis|[fromitem]\n|-start|p1b: Roaring Moon|protosynthesisatk\n|move|p2b: Gucci Mane|Dazzling Gleam|p1a: Tornadus|[spread] p1a,p1b\n|-supereffective|p1b: Roaring Moon\n|-damage|p1a: Tornadus|43\/100\n|-damage|p1b: Roaring Moon|0 fnt\n|faint|p1b: Roaring Moon\n|-end|p1b: Roaring Moon|Protosynthesis|[silent]\n|move|p2a: Monkey D. Dori|Parting Shot|p1a: Tornadus\n|-unboost|p1a: Tornadus|atk|1\n|-unboost|p1a: Tornadus|spa|1\n|\n|t:|1700086409\n|switch|p2a: 69 Tales|Ninetales-Alola, F, shiny|100\/100|[from] Parting Shot\n|-weather|Snow|[from] ability: Snow Warning|[of] p2a: 69 Tales\n|\n|-weather|Snow|[upkeep]\n|upkeep\n|\n|t:|1700086413\n|switch|p1b: Palafin|Palafin-Hero, M, shiny|31\/100 tox\n|-activate|p1b: Palafin|ability: Zero to Hero\n|turn|3\n|\n|t:|1700086422\n|move|p2b: Gucci Mane|Protect|p2b: Gucci Mane\n|-singleturn|p2b: Gucci Mane|Protect\n|move|p1a: Tornadus|Rain Dance|p1a: Tornadus\n|-weather|RainDance\n|move|p1b: Palafin|Jet Punch|p2b: Gucci Mane\n|-activate|p2b: Gucci Mane|move: Protect\n|move|p2a: 69 Tales|Dazzling Gleam|p1b: Palafin|[spread] p1a,p1b\n|-damage|p1a: Tornadus|13\/100\n|-damage|p1b: Palafin|13\/100 tox\n|\n|-weather|RainDance|[upkeep]\n|-damage|p1b: Palafin|7\/100 tox|[from] psn\n|upkeep\n|turn|4\n|\n|t:|1700086445\n|switch|p1a: Gholdengo|Gholdengo|100\/100\n|-end|p2b: Gucci Mane|Protosynthesis|[silent]\n|switch|p2b: MC Slowman|Slowking-Galar, F, shiny|100\/100\n|switch|p2a: Monkey D. Dori|Munkidori, M|57\/100\n|move|p1b: Palafin|Jet Punch|p2b: MC Slowman\n|-damage|p2b: MC Slowman|40\/100\n|-enditem|p2b: MC Slowman|Sitrus Berry|[eat]\n|-heal|p2b: MC Slowman|65\/100|[from] item: Sitrus Berry\n|\n|-weather|RainDance|[upkeep]\n|-damage|p1b: Palafin|0 fnt|[from] psn\n|faint|p1b: Palafin\n|-sideend|p1: Ravvenn98|move: Tailwind\n|upkeep\n|\n|t:|1700086463\n|switch|p1b: Tyranitar|Tyranitar, M, shiny|100\/100\n|-weather|Sandstorm|[from] ability: Sand Stream|[of] p1b: Tyranitar\n|turn|5\n|\n|t:|1700086477\n|move|p2a: Monkey D. Dori|Fake Out|p1b: Tyranitar\n|-resisted|p1b: Tyranitar\n|-damage|p1b: Tyranitar|97\/100\n|move|p1a: Gholdengo|Shadow Ball|p2b: MC Slowman\n|-supereffective|p2b: MC Slowman\n|-damage|p2b: MC Slowman|11\/100\n|cant|p1b: Tyranitar|flinch\n|move|p2b: MC Slowman|Icy Wind|p1b: Tyranitar|[spread] p1a,p1b\n|-resisted|p1a: Gholdengo\n|-damage|p1a: Gholdengo|97\/100\n|-damage|p1b: Tyranitar|90\/100\n|-unboost|p1a: Gholdengo|spe|1\n|-unboost|p1b: Tyranitar|spe|1\n|\n|-weather|Sandstorm|[upkeep]\n|-damage|p2a: Monkey D. Dori|51\/100|[from] Sandstorm\n|-damage|p2b: MC Slowman|5\/100|[from] Sandstorm\n|upkeep\n|turn|6\n|inactive|Mr. Alola Tales has 120 seconds left.\n|\n|t:|1700086508\n|switch|p2b: Moaning Roar|Roaring Moon|100\/100\n|-enditem|p2b: Moaning Roar|Booster Energy\n|-activate|p2b: Moaning Roar|ability: Protosynthesis|[fromitem]\n|-start|p2b: Moaning Roar|protosynthesisatk\n|move|p2a: Monkey D. Dori|Parting Shot|p1b: Tyranitar\n|-unboost|p1b: Tyranitar|atk|1\n|-unboost|p1b: Tyranitar|spa|1\n|inactive|Mr. Alola Tales has 120 seconds left.\n|\n|t:|1700086515\n|switch|p2a: 69 Tales|Ninetales-Alola, F, shiny|100\/100|[from] Parting Shot\n|-weather|Snow|[from] ability: Snow Warning|[of] p2a: 69 Tales\n|move|p1a: Gholdengo|Shadow Ball|p2a: 69 Tales\n|-damage|p2a: 69 Tales|44\/100\n|-unboost|p2a: 69 Tales|spd|1\n|-enditem|p2a: 69 Tales|Sitrus Berry|[eat]\n|-heal|p2a: 69 Tales|69\/100|[from] item: Sitrus Berry\n|move|p1b: Tyranitar|Dragon Dance|p1b: Tyranitar\n|-boost|p1b: Tyranitar|atk|1\n|-boost|p1b: Tyranitar|spe|1\n|\n|-weather|Snow|[upkeep]\n|upkeep\n|turn|7\n|\n|t:|1700086538\n|move|p2b: Moaning Roar|Knock Off|p1a: Gholdengo\n|-supereffective|p1a: Gholdengo\n|-damage|p1a: Gholdengo|0 fnt\n|-enditem|p1a: Gholdengo|Assault Vest|[from] move: Knock Off|[of] p2b: Moaning Roar\n|faint|p1a: Gholdengo\n|move|p2a: 69 Tales|Dazzling Gleam|p1b: Tyranitar\n|-supereffective|p1b: Tyranitar\n|-damage|p1b: Tyranitar|33\/100\n|move|p1b: Tyranitar|Dragon Claw|p2b: Moaning Roar\n|-supereffective|p2b: Moaning Roar\n|-damage|p2b: Moaning Roar|24\/100\n|\n|-weather|Snow|[upkeep]\n|upkeep\n|\n|t:|1700086545\n|switch|p1a: Tornadus|Tornadus, M, shiny|13\/100\n|turn|8\n|inactive|Mr. Alola Tales has 120 seconds left.\n|\n|t:|1700086577\n|-end|p2b: Moaning Roar|Protosynthesis|[silent]\n|switch|p2b: Gucci Mane|Flutter Mane|12\/100\n|switch|p1b: Houndstone|Houndstone, M|100\/100\n|move|p1a: Tornadus|Tailwind|p1a: Tornadus\n|-sidestart|p1: Ravvenn98|move: Tailwind\n|move|p2a: 69 Tales|Dazzling Gleam|p1a: Tornadus|[spread] p1a,p1b\n|-damage|p1a: Tornadus|0 fnt\n|-damage|p1b: Houndstone|75\/100\n|faint|p1a: Tornadus\n|\n|-weather|Snow|[upkeep]\n|upkeep\n|\n|t:|1700086585\n|switch|p1a: Tyranitar|Tyranitar, M, shiny|33\/100\n|-weather|Sandstorm|[from] ability: Sand Stream|[of] p1a: Tyranitar\n|turn|9\n|\n|t:|1700086601\n|switch|p2a: MC Slowman|Slowking-Galar, F, shiny|38\/100\n|move|p1b: Houndstone|Last Respects|p2a: MC Slowman\n|-supereffective|p2a: MC Slowman\n|-crit|p2a: MC Slowman\n|-damage|p2a: MC Slowman|0 fnt\n|faint|p2a: MC Slowman\n|move|p1a: Tyranitar|High Horsepower|p2b: Gucci Mane|[miss]\n|-miss|p1a: Tyranitar|p2b: Gucci Mane\n|move|p2b: Gucci Mane|Dazzling Gleam|p1a: Tyranitar|[spread] p1a,p1b\n|-supereffective|p1a: Tyranitar\n|-damage|p1a: Tyranitar|0 fnt\n|-damage|p1b: Houndstone|36\/100\n|faint|p1a: Tyranitar\n|\n|-weather|Sandstorm|[upkeep]\n|-damage|p2b: Gucci Mane|6\/100|[from] Sandstorm\n|upkeep\n|\n|t:|1700086615\n|switch|p2a: 69 Tales|Ninetales-Alola, F, shiny|69\/100\n|-weather|Snow|[from] ability: Snow Warning|[of] p2a: 69 Tales\n|turn|10\n|\n|t:|1700086621\n|move|p1b: Houndstone|Last Respects|p2a: 69 Tales\n|-damage|p2a: 69 Tales|0 fnt\n|faint|p2a: 69 Tales\n|move|p2b: Gucci Mane|Shadow Ball|p1b: Houndstone\n|-supereffective|p1b: Houndstone\n|-damage|p1b: Houndstone|0 fnt\n|faint|p1b: Houndstone\n|\n|win|Mr. Alola Tales\n|raw|Ravvenn98's rating: 1263 &rarr; <strong>1229<\/strong><br \/>(-34 for losing)\n|raw|Mr. Alola Tales's rating: 1136 &rarr; <strong>1170<\/strong><br \/>(+34 for winning)\n|l|\u2606Ravvenn98\n","uploadtime":1700086631,"views":5,"p1id":"ravvenn98","p2id":"mralolatales","formatid":"gen9doublesou","rating":1170,"private":0,"password":""}