{"id":"gen9doublesou-1993625544","p1":"bananaszn","p2":"a1dencic","format":"[Gen 9] Doubles OU","log":"|j|\u2606bananaszn\n|j|\u2606a1dencic\n|t:|1700338864\n|gametype|doubles\n|player|p1|bananaszn|teamrocket|1199\n|player|p2|a1dencic|266|1094\n|teamsize|p1|6\n|teamsize|p2|6\n|gen|9\n|tier|[Gen 9] Doubles OU\n|rated|\n|rule|Species Clause: Limit one of each Pok\u00e9mon\n|rule|OHKO Clause: OHKO moves are banned\n|rule|Evasion Moves Clause: Evasion moves are banned\n|rule|Gravity Sleep Clause: The combination of sleep-inducing moves with imperfect accuracy and Gravity or Gigantamax Orbeetle are banned\n|rule|Endless Battle Clause: Forcing endless battles is banned\n|rule|HP Percentage Mod: HP is shown in percentages\n|clearpoke\n|poke|p1|Chien-Pao|\n|poke|p1|Iron Hands|\n|poke|p1|Scizor, F|\n|poke|p1|Volcanion|\n|poke|p1|Tornadus, M|\n|poke|p1|Great Tusk|\n|poke|p2|Overqwil, M|\n|poke|p2|Breloom, F|\n|poke|p2|Ting-Lu|\n|poke|p2|Brambleghast, F|\n|poke|p2|Lycanroc-Dusk, M|\n|poke|p2|Glimmora, F|\n|teampreview\n|inactive|Battle timer is ON: inactive players will automatically lose when time's up. (requested by bananaszn)\n|\n|t:|1700338874\n|start\n|switch|p1a: Tornadus|Tornadus, M|100\/100\n|switch|p1b: Scizor|Scizor, F|100\/100\n|switch|p2a: Overqwil|Overqwil, M|100\/100\n|switch|p2b: Glimmora|Glimmora, F|100\/100\n|-ability|p2a: Overqwil|Intimidate|boost\n|-unboost|p1a: Tornadus|atk|1\n|-unboost|p1b: Scizor|atk|1\n|turn|1\n|\n|t:|1700338889\n|move|p1a: Tornadus|Tailwind|p1a: Tornadus\n|-sidestart|p1: bananaszn|move: Tailwind\n|move|p2b: Glimmora|Power Gem|p1a: Tornadus\n|-supereffective|p1a: Tornadus\n|-enditem|p1a: Tornadus|Focus Sash\n|-damage|p1a: Tornadus|1\/100\n|move|p1b: Scizor|U-turn|p2a: Overqwil\n|-damage|p2a: Overqwil|56\/100\n|\n|t:|1700338902\n|switch|p1b: Great Tusk|Great Tusk|100\/100|[from] U-turn\n|move|p2a: Overqwil|Toxic Spikes|p1a: Tornadus\n|-sidestart|p1: bananaszn|move: Toxic Spikes\n|\n|-heal|p2a: Overqwil|62\/100|[from] item: Leftovers\n|upkeep\n|turn|2\n|inactive|a1dencic has 120 seconds left.\n|\n|t:|1700338937\n|switch|p2b: Breloom|Breloom, F|100\/100\n|move|p1a: Tornadus|Protect|p1a: Tornadus\n|-singleturn|p1a: Tornadus|Protect\n|move|p2a: Overqwil|Aqua Jet|p1a: Tornadus\n|-activate|p1a: Tornadus|move: Protect\n|move|p1b: Great Tusk|Rapid Spin|p2a: Overqwil\n|-damage|p2a: Overqwil|43\/100\n|-boost|p1b: Great Tusk|spe|1\n|-sideend|p1: bananaszn|Toxic Spikes|[from] move: Rapid Spin|[of] p1b: Great Tusk\n|\n|-heal|p2a: Overqwil|49\/100|[from] item: Leftovers\n|upkeep\n|turn|3\n|inactive|bananaszn has 120 seconds left.\n|\n|t:|1700338971\n|switch|p1a: Volcanion|Volcanion|100\/100\n|move|p2a: Overqwil|Aqua Jet|p1a: Volcanion\n|-immune|p1a: Volcanion|[from] ability: Water Absorb\n|move|p1b: Great Tusk|Ice Spinner|p2b: Breloom\n|-supereffective|p2b: Breloom\n|-damage|p2b: Breloom|22\/100\n|move|p2b: Breloom|Bullet Seed|p1b: Great Tusk\n|-supereffective|p1b: Great Tusk\n|-damage|p1b: Great Tusk|70\/100\n|-supereffective|p1b: Great Tusk\n|-damage|p1b: Great Tusk|42\/100\n|-supereffective|p1b: Great Tusk\n|-damage|p1b: Great Tusk|13\/100\n|-hitcount|p1b: Great Tusk|3\n|\n|-heal|p2a: Overqwil|55\/100|[from] item: Leftovers\n|upkeep\n|turn|4\n|\n|t:|1700338992\n|move|p2b: Breloom|Mach Punch|p1b: Great Tusk\n|-damage|p1b: Great Tusk|0 fnt\n|faint|p1b: Great Tusk\n|-end|p1b: Great Tusk|Protosynthesis|[silent]\n|move|p1a: Volcanion|Steam Eruption|p2a: Overqwil\n|-damage|p2a: Overqwil|0 fnt\n|faint|p2a: Overqwil\n|\n|-sideend|p1: bananaszn|move: Tailwind\n|upkeep\n|\n|t:|1700339004\n|switch|p2a: Lycanroc|Lycanroc-Dusk, M|100\/100\n|switch|p1b: Tornadus|Tornadus, M|1\/100\n|turn|5\n|\n|t:|1700339030\n|switch|p1a: Iron Hands|Iron Hands|100\/100\n|move|p1b: Tornadus|Tailwind|p1b: Tornadus\n|-sidestart|p1: bananaszn|move: Tailwind\n|move|p2b: Breloom|Mach Punch|p1b: Tornadus\n|-resisted|p1b: Tornadus\n|-crit|p1b: Tornadus\n|-damage|p1b: Tornadus|0 fnt\n|faint|p1b: Tornadus\n|move|p2a: Lycanroc|Play Rough|p1a: Iron Hands\n|-supereffective|p1a: Iron Hands\n|-damage|p1a: Iron Hands|24\/100\n|\n|upkeep\n|\n|t:|1700339041\n|switch|p1b: Volcanion|Volcanion|100\/100\n|turn|6\n|\n|t:|1700339062\n|move|p1a: Iron Hands|Fake Out|p2b: Breloom\n|-crit|p2b: Breloom\n|-damage|p2b: Breloom|0 fnt\n|faint|p2b: Breloom\n|move|p1b: Volcanion|Steam Eruption|p2a: Lycanroc\n|-supereffective|p2a: Lycanroc\n|-crit|p2a: Lycanroc\n|-damage|p2a: Lycanroc|0 fnt\n|faint|p2a: Lycanroc\n|\n|upkeep\n|\n|t:|1700339074\n|switch|p2a: Ting-Lu|Ting-Lu|100\/100\n|switch|p2b: Glimmora|Glimmora, F|100\/100\n|-ability|p2a: Ting-Lu|Vessel of Ruin\n|turn|7\n|\n|t:|1700339100\n|move|p2b: Glimmora|Sludge Wave|p1a: Iron Hands|[spread] p2a,p1a,p1b\n|-resisted|p2a: Ting-Lu\n|-damage|p2a: Ting-Lu|90\/100\n|-damage|p1a: Iron Hands|11\/100\n|-damage|p1b: Volcanion|70\/100\n|move|p1b: Volcanion|Steam Eruption|p2b: Glimmora\n|-supereffective|p2b: Glimmora\n|-damage|p2b: Glimmora|0 fnt\n|faint|p2b: Glimmora\n|move|p1a: Iron Hands|Close Combat|p2a: Ting-Lu\n|-supereffective|p2a: Ting-Lu\n|-damage|p2a: Ting-Lu|35\/100\n|-unboost|p1a: Iron Hands|def|1\n|-unboost|p1a: Iron Hands|spd|1\n|move|p2a: Ting-Lu|Snarl|p1a: Iron Hands|[spread] p1a,p1b\n|-resisted|p1a: Iron Hands\n|-damage|p1a: Iron Hands|7\/100\n|-damage|p1b: Volcanion|60\/100\n|-unboost|p1a: Iron Hands|spa|1\n|-unboost|p1b: Volcanion|spa|1\n|\n|-heal|p1b: Volcanion|66\/100|[from] item: Leftovers\n|upkeep\n|inactive|a1dencic has 120 seconds left.\n|\n|t:|1700339121\n|switch|p2b: Brambleghast|Brambleghast, F|100\/100\n|turn|8\n|\n|t:|1700339146\n|move|p2b: Brambleghast|Shadow Sneak|p1a: Iron Hands\n|-damage|p1a: Iron Hands|0 fnt\n|faint|p1a: Iron Hands\n|-end|p1a: Iron Hands|Quark Drive|[silent]\n|move|p1b: Volcanion|Steam Eruption|p2a: Ting-Lu\n|-supereffective|p2a: Ting-Lu\n|-damage|p2a: Ting-Lu|0 fnt\n|faint|p2a: Ting-Lu\n|\n|-heal|p1b: Volcanion|72\/100|[from] item: Leftovers\n|-sideend|p1: bananaszn|move: Tailwind\n|upkeep\n|\n|t:|1700339152\n|switch|p1a: Chien-Pao|Chien-Pao|100\/100\n|-ability|p1a: Chien-Pao|Sword of Ruin\n|turn|9\n|\n|t:|1700339160\n|move|p1a: Chien-Pao|Throat Chop|p2b: Brambleghast\n|-supereffective|p2b: Brambleghast\n|-damage|p2b: Brambleghast|0 fnt\n|faint|p2b: Brambleghast\n|-damage|p1a: Chien-Pao|91\/100|[from] item: Life Orb\n|\n|win|bananaszn\n|raw|bananaszn's rating: 1199 &rarr; <strong>1217<\/strong><br \/>(+18 for winning)\n|raw|a1dencic's rating: 1094 &rarr; <strong>1077<\/strong><br \/>(-17 for losing)\n|l|\u2606a1dencic\n","uploadtime":1700339168,"views":10,"p1id":"bananaszn","p2id":"a1dencic","formatid":"gen9doublesou","rating":1077,"private":0,"password":""}