{"id":"gen9doublesou-1977928894","p1":"sovex","p2":"balloongrapes","format":"[Gen 9] Doubles OU","log":"|j|\u2606sovex\n|j|\u2606balloongrapes\n|t:|1698467991\n|gametype|doubles\n|player|p1|sovex|ghetsis|1235\n|player|p2|balloongrapes|boarder|1213\n|teamsize|p1|6\n|teamsize|p2|6\n|gen|9\n|tier|[Gen 9] Doubles OU\n|rated|\n|rule|Species Clause: Limit one of each Pok\u00e9mon\n|rule|OHKO Clause: OHKO moves are banned\n|rule|Evasion Moves Clause: Evasion moves are banned\n|rule|Gravity Sleep Clause: The combination of sleep-inducing moves with imperfect accuracy and Gravity or Gigantamax Orbeetle are banned\n|rule|Endless Battle Clause: Forcing endless battles is banned\n|rule|HP Percentage Mod: HP is shown in percentages\n|clearpoke\n|poke|p1|Dragonite, M|\n|poke|p1|Ting-Lu|\n|poke|p1|Flutter Mane|\n|poke|p1|Armarouge, F|\n|poke|p1|Indeedee-F, F|\n|poke|p1|Iron Hands|\n|poke|p2|Maushold-Four|\n|poke|p2|Roaring Moon|\n|poke|p2|Talonflame, M|\n|poke|p2|Ceruledge, M|\n|poke|p2|Rabsca, M|\n|poke|p2|Klefki, M|\n|teampreview\n|inactive|Battle timer is ON: inactive players will automatically lose when time's up. (requested by balloongrapes)\n|inactive|sovex also wants the timer to be on.\n|\n|t:|1698468003\n|start\n|switch|p1a: Indeedee-M|Indeedee-F, F|100\/100\n|switch|p1b: DontDoubleMe:)|Iron Hands|100\/100\n|switch|p2a: Talonflame|Talonflame, M|100\/100\n|switch|p2b: Ceruledge|Ceruledge, M|100\/100\n|-fieldstart|move: Psychic Terrain|[from] ability: Psychic Surge|[of] p1a: Indeedee-M\n|-enditem|p1b: DontDoubleMe:)|Booster Energy\n|-activate|p1b: DontDoubleMe:)|ability: Quark Drive|[fromitem]\n|-start|p1b: DontDoubleMe:)|quarkdriveatk\n|turn|1\n|\n|t:|1698468018\n|-terastallize|p2b: Ceruledge|Electric\n|move|p1a: Indeedee-M|Protect|p1a: Indeedee-M\n|-singleturn|p1a: Indeedee-M|Protect\n|move|p2a: Talonflame|Tailwind|p2a: Talonflame\n|-sidestart|p2: balloongrapes|move: Tailwind\n|move|p2b: Ceruledge|Swords Dance|p2b: Ceruledge\n|-boost|p2b: Ceruledge|atk|2\n|move|p1b: DontDoubleMe:)|Belly Drum|p1b: DontDoubleMe:)\n|-damage|p1b: DontDoubleMe:)|51\/100\n|-setboost|p1b: DontDoubleMe:)|atk|6|[from] move: Belly Drum\n|\n|upkeep\n|turn|2\n|\n|t:|1698468039\n|switch|p2a: Maushold|Maushold-Four|100\/100\n|move|p2b: Ceruledge|Bitter Blade|p1b: DontDoubleMe:)\n|-damage|p1b: DontDoubleMe:)|0 fnt\n|faint|p1b: DontDoubleMe:)\n|-end|p1b: DontDoubleMe:)|Quark Drive|[silent]\n|move|p1a: Indeedee-M|Heal Pulse|p1: DontDoubleMe:)|[notarget]\n|-fail|p1a: Indeedee-M\n|\n|upkeep\n|c|\u2606balloongrapes|...\n|c|\u2606sovex|so\n|inactive|sovex has 120 seconds left.\n|c|\u2606sovex|the play\n|c|\u2606sovex|right\n|\n|t:|1698468065\n|switch|p1b: Armarouge|Armarouge, F|100\/100\n|turn|3\n|j| bananaszn\n|c| bananaszn|yikes\n|c|\u2606balloongrapes|yep\n|inactive|sovex has 120 seconds left.\n|c|\u2606sovex|yeah banana\n|c| bananaszn|tw and no weak armor\n|c|\u2606sovex|he needs priority\n|\n|t:|1698468106\n|-terastallize|p1b: Armarouge|Grass\n|move|p1a: Indeedee-M|Helping Hand|p1b: Armarouge\n|-singleturn|p1b: Armarouge|Helping Hand|[of] p1a: Indeedee-M\n|move|p2a: Maushold|Follow Me|p2a: Maushold\n|-singleturn|p2a: Maushold|move: Follow Me\n|move|p2b: Ceruledge|Swords Dance|p2b: Ceruledge\n|-boost|p2b: Ceruledge|atk|2\n|move|p1b: Armarouge|Expanding Force|p2b: Ceruledge|[spread] p2a,p2b\n|-enditem|p2a: Maushold|Focus Sash\n|-damage|p2a: Maushold|1\/100\n|-damage|p2b: Ceruledge|6\/100\n|-damage|p1b: Armarouge|91\/100|[from] item: Life Orb\n|\n|upkeep\n|turn|4\n|c|\u2606balloongrapes|ouch\n|inactive|balloongrapes has 120 seconds left.\n|c|\u2606sovex|ceru living that is the bane of my existence\n|\n|t:|1698468156\n|move|p1a: Indeedee-M|Helping Hand|p1b: Armarouge\n|-singleturn|p1b: Armarouge|Helping Hand|[of] p1a: Indeedee-M\n|move|p2a: Maushold|Population Bomb|p1b: Armarouge\n|-damage|p1b: Armarouge|85\/100\n|-ability|p1b: Armarouge|Weak Armor|boost\n|-unboost|p1b: Armarouge|def|1\n|-boost|p1b: Armarouge|spe|2\n|-damage|p1b: Armarouge|77\/100\n|-ability|p1b: Armarouge|Weak Armor|boost\n|-unboost|p1b: Armarouge|def|1\n|-boost|p1b: Armarouge|spe|2\n|-damage|p1b: Armarouge|66\/100\n|-ability|p1b: Armarouge|Weak Armor|boost\n|-unboost|p1b: Armarouge|def|1\n|-boost|p1b: Armarouge|spe|2\n|-damage|p1b: Armarouge|53\/100\n|-ability|p1b: Armarouge|Weak Armor|boost\n|-unboost|p1b: Armarouge|def|1\n|-damage|p1b: Armarouge|37\/100\n|-ability|p1b: Armarouge|Weak Armor|boost\n|-unboost|p1b: Armarouge|def|1\n|-hitcount|p1b: Armarouge|5\n|move|p1b: Armarouge|Expanding Force|p2b: Ceruledge|[spread] p2a,p2b\n|-damage|p2a: Maushold|0 fnt\n|-damage|p2b: Ceruledge|0 fnt\n|faint|p2a: Maushold\n|faint|p2b: Ceruledge\n|-damage|p1b: Armarouge|27\/100|[from] item: Life Orb\n|\n|-sideend|p2: balloongrapes|move: Tailwind\n|upkeep\n|c|\u2606balloongrapes|im dumb\n|inactive|balloongrapes has 90 seconds left.\n|c|\u2606sovex|so\n|c|\u2606sovex|this works\n|c|\u2606sovex|a lot\n|\n|t:|1698468185\n|switch|p2a: Talonflame|Talonflame, M|100\/100\n|switch|p2b: Roaring Moon|Roaring Moon|100\/100\n|turn|5\n|c| bananaszn|i imagined a ting lu switch it\n|inactive|sovex has 120 seconds left.\n|c| bananaszn|for indeedee\n|\n|t:|1698468205\n|move|p2a: Talonflame|Tailwind|p2a: Talonflame\n|-sidestart|p2: balloongrapes|move: Tailwind\n|move|p2b: Roaring Moon|Rock Slide|p1b: Armarouge|[spread] p1b\n|-miss|p2b: Roaring Moon|p1a: Indeedee-M\n|-damage|p1b: Armarouge|0 fnt\n|faint|p1b: Armarouge\n|move|p1a: Indeedee-M|Heal Pulse|p1: Armarouge|[notarget]\n|-fail|p1a: Indeedee-M\n|\n|-fieldend|move: Psychic Terrain\n|upkeep\n|\n|t:|1698468223\n|switch|p1b: GucciMane|Flutter Mane|100\/100\n|-enditem|p1b: GucciMane|Booster Energy\n|-activate|p1b: GucciMane|ability: Protosynthesis|[fromitem]\n|-start|p1b: GucciMane|protosynthesisspe\n|turn|6\n|c| bananaszn|roaring moon bro :cry:\n|inactive|sovex has 120 seconds left.\n|\n|t:|1698468236\n|move|p1a: Indeedee-M|Helping Hand|p1b: GucciMane\n|-singleturn|p1b: GucciMane|Helping Hand|[of] p1a: Indeedee-M\n|move|p2a: Talonflame|Air Slash|p1b: GucciMane\n|-damage|p1b: GucciMane|79\/100\n|move|p2b: Roaring Moon|Rock Slide|p1a: Indeedee-M|[spread] p1a,p1b\n|-damage|p1a: Indeedee-M|71\/100\n|-damage|p1b: GucciMane|32\/100\n|-enditem|p1a: Indeedee-M|Eject Button\n|inactive|sovex has 120 seconds left.\n|\n|t:|1698468247\n|switch|p1a: Dragonite|Dragonite, M|100\/100\n|move|p1b: GucciMane|Dazzling Gleam|p2a: Talonflame|[spread] p2a,p2b\n|-resisted|p2a: Talonflame\n|-supereffective|p2b: Roaring Moon\n|-damage|p2a: Talonflame|73\/100\n|-damage|p2b: Roaring Moon|0 fnt\n|faint|p2b: Roaring Moon\n|-end|p2b: Roaring Moon|Protosynthesis|[silent]\n|-enditem|p2a: Talonflame|Red Card|[of] p1b: GucciMane\n|-end|p1b: GucciMane|Protosynthesis|[silent]\n|drag|p1b: Lu-Ting|Ting-Lu|100\/100\n|-ability|p1b: Lu-Ting|Vessel of Ruin\n|\n|upkeep\n|\n|t:|1698468257\n|switch|p2b: Klefki|Klefki, M|100\/100\n|turn|7\n|c|\u2606sovex|this is not what i wanted\n|c| bananaszn|yikes\n|\n|t:|1698468271\n|move|p1a: Dragonite|Extreme Speed|p2b: Klefki\n|-resisted|p2b: Klefki\n|-damage|p2b: Klefki|84\/100\n|-damage|p1a: Dragonite|91\/100|[from] item: Life Orb\n|move|p2b: Klefki|Reflect|p2b: Klefki\n|-sidestart|p2: balloongrapes|Reflect\n|move|p2a: Talonflame|Flamethrower|p1a: Dragonite\n|-resisted|p1a: Dragonite\n|-damage|p1a: Dragonite|82\/100\n|move|p1b: Lu-Ting|Ruination|p2a: Talonflame|[miss]\n|-miss|p1b: Lu-Ting|p2a: Talonflame\n|\n|upkeep\n|turn|8\n|c| bananaszn|bro no\n|c| bananaszn|u shouldve done it to talon flame\n|c|\u2606sovex|honestly\n|inactive|sovex has 120 seconds left.\n|c| bananaszn|71 defense\n|c|\u2606sovex|i was expecting rabsca switch in res\n|c| bananaszn|thats a crazy blunder\n|c|\u2606sovex|real\n|c|\u2606balloongrapes|...\n|\n|t:|1698468327\n|move|p1b: Lu-Ting|Protect|p1b: Lu-Ting\n|-singleturn|p1b: Lu-Ting|Protect\n|move|p1a: Dragonite|Extreme Speed|p2a: Talonflame\n|-damage|p2a: Talonflame|48\/100\n|-damage|p1a: Dragonite|72\/100|[from] item: Life Orb\n|move|p2b: Klefki|Light Screen|p2b: Klefki\n|-sidestart|p2: balloongrapes|move: Light Screen\n|move|p2a: Talonflame|Air Slash|p1b: Lu-Ting\n|-activate|p1b: Lu-Ting|move: Protect\n|\n|-sideend|p2: balloongrapes|move: Tailwind\n|upkeep\n|turn|9\n|c| bananaszn|screens r up now kinda too late\n|c|\u2606balloongrapes|ok\n|inactive|sovex has 90 seconds left.\n|\n|t:|1698468360\n|move|p2b: Klefki|Sunny Day|p2b: Klefki\n|-weather|SunnyDay\n|move|p2a: Talonflame|Tailwind|p2a: Talonflame\n|-sidestart|p2: balloongrapes|move: Tailwind\n|move|p1a: Dragonite|Fire Punch|p2b: Klefki\n|-supereffective|p2b: Klefki\n|-damage|p2b: Klefki|17\/100\n|-damage|p1a: Dragonite|62\/100|[from] item: Life Orb\n|move|p1b: Lu-Ting|Earthquake|p2b: Klefki|[spread] p2b\n|-immune|p1a: Dragonite\n|-immune|p2a: Talonflame\n|-supereffective|p2b: Klefki\n|-damage|p2b: Klefki|0 fnt\n|faint|p2b: Klefki\n|\n|-weather|SunnyDay|[upkeep]\n|upkeep\n|\n|t:|1698468365\n|switch|p2b: Rabsca|Rabsca, M|100\/100\n|turn|10\n|\n|t:|1698468385\n|move|p1a: Dragonite|Extreme Speed|p2b: Rabsca\n|-damage|p2b: Rabsca|77\/100\n|-damage|p1a: Dragonite|53\/100|[from] item: Life Orb\n|move|p2a: Talonflame|Air Slash|p1a: Dragonite\n|-damage|p1a: Dragonite|40\/100\n|move|p2b: Rabsca|Revival Blessing|p2b: Rabsca\n|-enditem|p2b: Rabsca|Leppa Berry|[eat]\n|-activate|p2b: Rabsca|item: Leppa Berry|Revival Blessing|[consumed]\n|c| bananaszn|fire punch :cry:\n|c| bananaszn|sun is up\n|c| bananaszn|ur selling\n|c|\u2606sovex|im just\n|inactive|balloongrapes has 120 seconds left.\n|c|\u2606sovex|clicking random sht\n|c|\u2606sovex|atp\n|\n|t:|1698468424\n|-heal|p2: Roaring Moon|50\/100|[from] move: Revival Blessing\n|move|p1b: Lu-Ting|Earthquake|p2a: Talonflame|[spread] p2b\n|-immune|p1a: Dragonite\n|-immune|p2a: Talonflame\n|-resisted|p2b: Rabsca\n|-damage|p2b: Rabsca|66\/100\n|\n|-weather|SunnyDay|[upkeep]\n|upkeep\n|turn|11\n|inactive|sovex has 120 seconds left.\n|inactive|balloongrapes has 120 seconds left.\n|\n|t:|1698468450\n|move|p2a: Talonflame|Air Slash|p1a: Dragonite\n|-damage|p1a: Dragonite|27\/100\n|cant|p1a: Dragonite|flinch\n|move|p2b: Rabsca|Bug Buzz|p1b: Lu-Ting\n|-supereffective|p1b: Lu-Ting\n|-damage|p1b: Lu-Ting|60\/100\n|move|p1b: Lu-Ting|Earthquake|p2b: Rabsca|[spread] p2b\n|-immune|p1a: Dragonite\n|-immune|p2a: Talonflame\n|-resisted|p2b: Rabsca\n|-damage|p2b: Rabsca|54\/100\n|\n|-weather|SunnyDay|[upkeep]\n|-heal|p1b: Lu-Ting|66\/100|[from] item: Leftovers\n|upkeep\n|turn|12\n|inactive|balloongrapes has 120 seconds left.\n|\n|t:|1698468477\n|move|p2a: Talonflame|Air Slash|p1a: Dragonite\n|-damage|p1a: Dragonite|14\/100\n|cant|p1a: Dragonite|flinch\n|move|p2b: Rabsca|Psychic|p1a: Dragonite\n|-damage|p1a: Dragonite|0 fnt\n|faint|p1a: Dragonite\n|move|p1b: Lu-Ting|Earthquake|p2a: Talonflame|[spread] p2b\n|-immune|p2a: Talonflame\n|-resisted|p2b: Rabsca\n|-damage|p2b: Rabsca|43\/100\n|\n|-weather|SunnyDay|[upkeep]\n|-heal|p1b: Lu-Ting|73\/100|[from] item: Leftovers\n|-sideend|p2: balloongrapes|move: Tailwind\n|upkeep\n|inactive|sovex has 120 seconds left.\n|c|\u2606balloongrapes|\ud83d\ude02\n|\n|t:|1698468494\n|switch|p1a: GucciMane|Flutter Mane|32\/100\n|-activate|p1a: GucciMane|ability: Protosynthesis\n|-start|p1a: GucciMane|protosynthesisspe\n|turn|13\n|\n|t:|1698468518\n|move|p1b: Lu-Ting|Protect|p1b: Lu-Ting\n|-singleturn|p1b: Lu-Ting|Protect\n|move|p1a: GucciMane|Shadow Ball|p2b: Rabsca\n|-supereffective|p2b: Rabsca\n|-damage|p2b: Rabsca|5\/100\n|move|p2a: Talonflame|Tailwind|p2a: Talonflame\n|-sidestart|p2: balloongrapes|move: Tailwind\n|move|p2b: Rabsca|Psychic|p1a: GucciMane\n|-damage|p1a: GucciMane|0 fnt\n|faint|p1a: GucciMane\n|-end|p1a: GucciMane|Protosynthesis|[silent]\n|\n|-weather|none\n|-heal|p1b: Lu-Ting|79\/100|[from] item: Leftovers\n|upkeep\n|c|\u2606balloongrapes|gg...\n|c| bananaszn|yikes\n|\n|t:|1698468530\n|switch|p1a: Indeedee-M|Indeedee-F, F|71\/100\n|-fieldstart|move: Psychic Terrain|[from] ability: Psychic Surge|[of] p1a: Indeedee-M\n|turn|14\n|c|\u2606balloongrapes|much yikes\n|c| bananaszn|indeedee switch in instead of fluttermane couldve secured maybe\n|inactive|sovex has 120 seconds left.\n|inactive|balloongrapes has 120 seconds left.\n|\n|t:|1698468578\n|move|p2a: Talonflame|Air Slash|p1b: Lu-Ting\n|-damage|p1b: Lu-Ting|70\/100\n|move|p1a: Indeedee-M|Psychic|p2b: Rabsca\n|-resisted|p2b: Rabsca\n|-damage|p2b: Rabsca|0 fnt\n|faint|p2b: Rabsca\n|move|p1b: Lu-Ting|Stealth Rock|p2a: Talonflame\n|-sidestart|p2: balloongrapes|move: Stealth Rock\n|\n|-heal|p1b: Lu-Ting|76\/100|[from] item: Leftovers\n|-sideend|p2: balloongrapes|Reflect\n|upkeep\n|c| bananaszn|cuz roaring moon woke up\n|c| bananaszn|oh wait\n|\n|t:|1698468588\n|switch|p2b: Roaring Moon|Roaring Moon|50\/100\n|-damage|p2b: Roaring Moon|38\/100|[from] Stealth Rock\n|turn|15\n|c| bananaszn|is he cooking\n|inactive|balloongrapes has 120 seconds left.\n|c| bananaszn|helping hand eq ?\n|inactive|balloongrapes has 90 seconds left.\n|c| bananaszn|psychic talonflame ?\n|c|\u2606balloongrapes|!dt ting-lu\n|raw|<div class=\"message\"><ul class=\"utilichart\"><li class=\"result\"><span class=\"col numcol\">DUU<\/span> <span class=\"col iconcol\"><psicon pokemon=\"tinglu\"\/><\/span> <span class=\"col pokemonnamecol\" style=\"white-space:nowrap\"><a href=\"https:\/\/dex.pokemonshowdown.com\/pokemon\/tinglu\" target=\"_blank\">Ting-Lu<\/a><\/span> <span class=\"col typecol\"><img src=\"https:\/\/play.pokemonshowdown.com\/sprites\/types\/Dark.png\" alt=\"Dark\" height=\"14\" width=\"32\"><img src=\"https:\/\/play.pokemonshowdown.com\/sprites\/types\/Ground.png\" alt=\"Ground\" height=\"14\" width=\"32\"><\/span> <span style=\"float:left;min-height:26px\"><span class=\"col abilitycol\">Vessel of Ruin<\/span><span class=\"col abilitycol\"><\/span><\/span><span style=\"float:left;min-height:26px\"><span class=\"col statcol\"><em>HP<\/em><br \/>155<\/span> <span class=\"col statcol\"><em>Atk<\/em><br \/>110<\/span> <span class=\"col statcol\"><em>Def<\/em><br \/>125<\/span> <span class=\"col statcol\"><em>SpA<\/em><br \/>55<\/span> <span class=\"col statcol\"><em>SpD<\/em><br \/>80<\/span> <span class=\"col statcol\"><em>Spe<\/em><br \/>45<\/span> <span class=\"col bstcol\"><em>BST<br \/>570<\/em><\/span> <\/span><\/li><li style=\"clear:both\"><\/li><\/ul><\/div>\n|raw|<font size=\"1\"><font color=\"#686868\">Dex#:<\/font> 1003&nbsp;|&ThickSpace;<font color=\"#686868\">Gen:<\/font> 9&nbsp;|&ThickSpace;<font color=\"#686868\">Height:<\/font> 2.7 m&nbsp;|&ThickSpace;<font color=\"#686868\">Weight:<\/font> 699.7 kg <em>(120 BP)<\/em>&nbsp;|&ThickSpace;<font color=\"#686868\">Dex Colour:<\/font> Brown&nbsp;|&ThickSpace;<font color=\"#686868\">Egg Group(s):<\/font> Undiscovered&nbsp;|&ThickSpace;<font color=\"#686868\">Does Not Evolve<\/font><\/font>\n\n|c|\u2606sovex|kills my indeedee\n|c| bananaszn|aw naw\n|c| bananaszn|nvm\n|c|\u2606sovex|then ting cant hit tflame\n|inactive|balloongrapes has 60 seconds left.\n|inactive|balloongrapes has 30 seconds left.\n|c| bananaszn|ruination and eq is pressure :cry:\n|inactive|balloongrapes has 20 seconds left.\n|\n|t:|1698468708\n|move|p1a: Indeedee-M|Protect|p1a: Indeedee-M\n|-singleturn|p1a: Indeedee-M|Protect\n|move|p2b: Roaring Moon|Throat Chop|p1a: Indeedee-M\n|-activate|p1a: Indeedee-M|move: Protect\n|move|p2a: Talonflame|Air Slash|p1b: Lu-Ting\n|-damage|p1b: Lu-Ting|68\/100\n|cant|p1b: Lu-Ting|flinch\n|\n|-heal|p1b: Lu-Ting|74\/100|[from] item: Leftovers\n|-sideend|p2: balloongrapes|move: Light Screen\n|upkeep\n|turn|16\n|c|\u2606sovex|no\n|c|\u2606sovex|way\n|c| bananaszn|YIKES\n|inactive|balloongrapes has 30 seconds left.\n|c|\u2606sovex|that was the win\n|c|\u2606sovex|alr\n|c|\u2606sovex|yk what\n|c|\u2606balloongrapes|gg mate\n|inactive|sovex has 120 seconds left.\n|c|\u2606sovex|we pray\n|\n|t:|1698468741\n|move|p1a: Indeedee-M|Protect||[still]\n|-fail|p1a: Indeedee-M\n|move|p2b: Roaring Moon|Throat Chop|p1a: Indeedee-M\n|-supereffective|p1a: Indeedee-M\n|-damage|p1a: Indeedee-M|0 fnt\n|faint|p1a: Indeedee-M\n|move|p2a: Talonflame|Flamethrower|p1b: Lu-Ting\n|-damage|p1b: Lu-Ting|63\/100\n|move|p1b: Lu-Ting|Earthquake|p2b: Roaring Moon|[spread] p2b\n|-immune|p2a: Talonflame\n|-damage|p2b: Roaring Moon|0 fnt\n|faint|p2b: Roaring Moon\n|-end|p2b: Roaring Moon|Protosynthesis|[silent]\n|\n|-heal|p1b: Lu-Ting|69\/100|[from] item: Leftovers\n|-sideend|p2: balloongrapes|move: Tailwind\n|upkeep\n|turn|17\n|c| bananaszn|ruination ko for sure\n|c| bananaszn|jajaja\n|c|\u2606balloongrapes|lol\n|inactive|balloongrapes has 30 seconds left.\n|\n|t:|1698468763\n|move|p2a: Talonflame|Flamethrower|p1b: Lu-Ting\n|-damage|p1b: Lu-Ting|58\/100\n|move|p1b: Lu-Ting|Ruination|p2a: Talonflame\n|-damage|p2a: Talonflame|24\/100\n|\n|-heal|p1b: Lu-Ting|64\/100|[from] item: Leftovers\n|upkeep\n|turn|18\n|\n|t:|1698468775\n|move|p2a: Talonflame|Air Slash|p1b: Lu-Ting\n|-damage|p1b: Lu-Ting|56\/100\n|move|p1b: Lu-Ting|Ruination|p2a: Talonflame\n|-damage|p2a: Talonflame|12\/100\n|\n|-heal|p1b: Lu-Ting|62\/100|[from] item: Leftovers\n|-fieldend|move: Psychic Terrain\n|upkeep\n|turn|19\n|c|\u2606sovex|i wanna see\n|c|\u2606sovex|the 1hp\n|c|\u2606balloongrapes|!dt ruination\n|raw|<ul class=\"utilichart\"><li class=\"result\"><span class=\"col movenamecol\"><a href=\"https:\/\/dex.pokemonshowdown.com\/moves\/ruination\">Ruination<\/a><\/span> <span class=\"col typecol\"><img src=\"\/\/play.pokemonshowdown.com\/sprites\/types\/Dark.png\" alt=\"Dark\" width=\"32\" height=\"14\"><img src=\"\/\/play.pokemonshowdown.com\/sprites\/categories\/Special.png\" alt=\"Special\" width=\"32\" height=\"14\"><\/span> <span class=\"col widelabelcol\"><em>Accuracy<\/em><br>90%<\/span> <span class=\"col pplabelcol\"><em>PP<\/em><br>16<\/span> <span class=\"col movedesccol\">Does damage equal to 1\/2 target's current HP.<\/span> <\/li><li style=\"clear:both\"><\/li><\/ul>\n|raw|<font size=\"1\"><font color=\"#686868\">Priority:<\/font> 0&nbsp;|&ThickSpace;<font color=\"#686868\">Gen:<\/font> 9&nbsp;|&ThickSpace;<font color=\"#686868\">Z-Power:<\/font> 100&nbsp;|&ThickSpace;<font color=\"#686868\">Dynamax Power:<\/font> 100&nbsp;|&ThickSpace;<font color=\"#686868\">Target:<\/font> One Adjacent Pok\u00e9mon<\/font>\n\n|inactive|balloongrapes has 60 seconds left.\n|c|\u2606sovex|cant kill\n|c| bananaszn|yikes\n|c| bananaszn|well\n|inactive|sovex has 120 seconds left.\n|c| bananaszn|i mean \/forfeit looks real juicy\n|\n|t:|1698468819\n|move|p2a: Talonflame|Flamethrower|p1b: Lu-Ting\n|-damage|p1b: Lu-Ting|52\/100\n|move|p1b: Lu-Ting|Ruination|p2a: Talonflame\n|-damage|p2a: Talonflame|7\/100\n|\n|-heal|p1b: Lu-Ting|58\/100|[from] item: Leftovers\n|upkeep\n|turn|20\n|\n|t:|1698468828\n|move|p2a: Talonflame|Flamethrower|p1b: Lu-Ting\n|-damage|p1b: Lu-Ting|47\/100\n|move|p1b: Lu-Ting|Ruination|p2a: Talonflame|[miss]\n|-miss|p1b: Lu-Ting|p2a: Talonflame\n|\n|-heal|p1b: Lu-Ting|53\/100|[from] item: Leftovers\n|upkeep\n|turn|21\n|\n|t:|1698468838\n|move|p2a: Talonflame|Flamethrower|p1b: Lu-Ting\n|-damage|p1b: Lu-Ting|42\/100\n|move|p1b: Lu-Ting|Ruination|p2a: Talonflame\n|-damage|p2a: Talonflame|4\/100\n|\n|-heal|p1b: Lu-Ting|48\/100|[from] item: Leftovers\n|upkeep\n|turn|22\n|inactive|balloongrapes has 120 seconds left.\n|\n|t:|1698468849\n|move|p1b: Lu-Ting|Protect|p1b: Lu-Ting\n|-singleturn|p1b: Lu-Ting|Protect\n|move|p2a: Talonflame|Flamethrower|p1b: Lu-Ting\n|-activate|p1b: Lu-Ting|move: Protect\n|\n|-heal|p1b: Lu-Ting|54\/100|[from] item: Leftovers\n|upkeep\n|turn|23\n|\n|t:|1698468856\n|move|p2a: Talonflame|Flamethrower|p1b: Lu-Ting\n|-damage|p1b: Lu-Ting|44\/100\n|move|p1b: Lu-Ting|Ruination|p2a: Talonflame\n|-damage|p2a: Talonflame|2\/100\n|\n|-heal|p1b: Lu-Ting|50\/100|[from] item: Leftovers\n|upkeep\n|turn|24\n|\n|t:|1698468876\n|move|p1b: Lu-Ting|Protect|p1b: Lu-Ting\n|-singleturn|p1b: Lu-Ting|Protect\n|move|p2a: Talonflame|Defog|p1b: Lu-Ting\n|-activate|p1b: Lu-Ting|move: Protect\n|\n|-heal|p1b: Lu-Ting|56\/100|[from] item: Leftovers\n|upkeep\n|turn|25\n|c|\u2606balloongrapes|gg mate\n|\n|t:|1698468897\n|move|p2a: Talonflame|Flamethrower|p1b: Lu-Ting\n|-damage|p1b: Lu-Ting|46\/100\n|move|p1b: Lu-Ting|Ruination|p2a: Talonflame\n|-damage|p2a: Talonflame|1\/100\n|\n|-heal|p1b: Lu-Ting|52\/100|[from] item: Leftovers\n|upkeep\n|turn|26\n|c|\u2606sovex|struggle\n|c|\u2606sovex|boutta hit\n|\n|t:|1698468918\n|move|p1b: Lu-Ting|Protect|p1b: Lu-Ting\n|-singleturn|p1b: Lu-Ting|Protect\n|move|p2a: Talonflame|Defog|p1b: Lu-Ting\n|-activate|p1b: Lu-Ting|move: Protect\n|\n|-heal|p1b: Lu-Ting|58\/100|[from] item: Leftovers\n|upkeep\n|turn|27\n|\n|t:|1698468926\n|move|p2a: Talonflame|Flamethrower|p1b: Lu-Ting\n|-damage|p1b: Lu-Ting|47\/100\n|move|p1b: Lu-Ting|Stealth Rock||[still]\n|-fail|p1b: Lu-Ting\n|\n|-heal|p1b: Lu-Ting|53\/100|[from] item: Leftovers\n|upkeep\n|turn|28\n|\n|t:|1698468935\n|move|p1b: Lu-Ting|Protect|p1b: Lu-Ting\n|-singleturn|p1b: Lu-Ting|Protect\n|move|p2a: Talonflame|Tailwind|p2a: Talonflame\n|-sidestart|p2: balloongrapes|move: Tailwind\n|\n|-heal|p1b: Lu-Ting|59\/100|[from] item: Leftovers\n|upkeep\n|turn|29\n|\n|t:|1698468947\n|move|p2a: Talonflame|Flamethrower|p1b: Lu-Ting\n|-damage|p1b: Lu-Ting|50\/100\n|move|p1b: Lu-Ting|Earthquake|p2a: Talonflame\n|-immune|p2a: Talonflame\n|\n|-heal|p1b: Lu-Ting|56\/100|[from] item: Leftovers\n|upkeep\n|turn|30\n|\n|t:|1698468958\n|move|p1b: Lu-Ting|Protect|p1b: Lu-Ting\n|-singleturn|p1b: Lu-Ting|Protect\n|move|p2a: Talonflame|Defog|p1b: Lu-Ting\n|-activate|p1b: Lu-Ting|move: Protect\n|\n|-heal|p1b: Lu-Ting|62\/100|[from] item: Leftovers\n|upkeep\n|turn|31\n|\n|t:|1698468965\n|move|p2a: Talonflame|Flamethrower|p1b: Lu-Ting\n|-damage|p1b: Lu-Ting|51\/100\n|move|p1b: Lu-Ting|Earthquake|p2a: Talonflame\n|-immune|p2a: Talonflame\n|\n|-heal|p1b: Lu-Ting|57\/100|[from] item: Leftovers\n|-sideend|p2: balloongrapes|move: Tailwind\n|upkeep\n|turn|32\n|\n|t:|1698468972\n|move|p1b: Lu-Ting|Protect|p1b: Lu-Ting\n|-singleturn|p1b: Lu-Ting|Protect\n|move|p2a: Talonflame|Tailwind|p2a: Talonflame\n|-sidestart|p2: balloongrapes|move: Tailwind\n|\n|-heal|p1b: Lu-Ting|63\/100|[from] item: Leftovers\n|upkeep\n|turn|33\n|c| bananaszn|talon flame gets tired and falls from sky\n|\n|t:|1698468991\n|move|p2a: Talonflame|Flamethrower|p1b: Lu-Ting\n|-damage|p1b: Lu-Ting|53\/100\n|move|p1b: Lu-Ting|Stealth Rock||[still]\n|-fail|p1b: Lu-Ting\n|\n|-heal|p1b: Lu-Ting|59\/100|[from] item: Leftovers\n|upkeep\n|turn|34\n|c|\u2606balloongrapes|lol\n|c| bananaszn|ez win\n|c|\u2606balloongrapes|why wont you burn\n|\n|t:|1698469004\n|move|p2a: Talonflame|Defog|p1b: Lu-Ting\n|-unboost|p1b: Lu-Ting|evasion|1\n|-sideend|p2: balloongrapes|Stealth Rock|[from] move: Defog|[of] p2a: Talonflame\n|move|p1b: Lu-Ting|Earthquake|p2a: Talonflame\n|-immune|p2a: Talonflame\n|\n|-heal|p1b: Lu-Ting|65\/100|[from] item: Leftovers\n|upkeep\n|turn|35\n|\n|t:|1698469016\n|move|p1b: Lu-Ting|Protect|p1b: Lu-Ting\n|-singleturn|p1b: Lu-Ting|Protect\n|move|p2a: Talonflame|Air Slash|p1b: Lu-Ting\n|-activate|p1b: Lu-Ting|move: Protect\n|\n|-heal|p1b: Lu-Ting|71\/100|[from] item: Leftovers\n|-sideend|p2: balloongrapes|move: Tailwind\n|upkeep\n|turn|36\n|c|\u2606sovex|he just doesnt feel like it\n|\n|t:|1698469025\n|move|p2a: Talonflame|Flamethrower|p1b: Lu-Ting\n|-damage|p1b: Lu-Ting|61\/100\n|move|p1b: Lu-Ting|Ruination|p2a: Talonflame\n|-damage|p2a: Talonflame|1\/100\n|\n|-heal|p1b: Lu-Ting|67\/100|[from] item: Leftovers\n|upkeep\n|turn|37\n|c| bananaszn|i think next 1-2 might b it\n|\n|t:|1698469042\n|move|p2a: Talonflame|Tailwind|p2a: Talonflame\n|-sidestart|p2: balloongrapes|move: Tailwind\n|move|p1b: Lu-Ting|Stealth Rock|p2a: Talonflame\n|-sidestart|p2: balloongrapes|move: Stealth Rock\n|\n|-heal|p1b: Lu-Ting|73\/100|[from] item: Leftovers\n|upkeep\n|turn|38\n|\n|t:|1698469048\n|move|p2a: Talonflame|Air Slash|p1b: Lu-Ting\n|-damage|p1b: Lu-Ting|65\/100\n|move|p1b: Lu-Ting|Stealth Rock||[still]\n|-fail|p1b: Lu-Ting\n|\n|-heal|p1b: Lu-Ting|71\/100|[from] item: Leftovers\n|upkeep\n|turn|39\n|\n|t:|1698469056\n|move|p2a: Talonflame|Tailwind||[still]\n|-fail|p2a: Talonflame\n|move|p1b: Lu-Ting|Earthquake|p2a: Talonflame\n|-immune|p2a: Talonflame\n|\n|-heal|p1b: Lu-Ting|77\/100|[from] item: Leftovers\n|upkeep\n|turn|40\n|\n|t:|1698469063\n|move|p2a: Talonflame|Tailwind||[still]\n|-fail|p2a: Talonflame\n|move|p1b: Lu-Ting|Ruination|p2a: Talonflame\n|-damage|p2a: Talonflame|1\/100\n|\n|-heal|p1b: Lu-Ting|83\/100|[from] item: Leftovers\n|-sideend|p2: balloongrapes|move: Tailwind\n|upkeep\n|turn|41\n|c|\u2606sovex|i have dedication\n|c|\u2606sovex|unknown to man\n|c|\u2606sovex|so does this guy\n|\n|t:|1698469076\n|move|p2a: Talonflame|Flamethrower|p1b: Lu-Ting\n|-damage|p1b: Lu-Ting|72\/100\n|move|p1b: Lu-Ting|Ruination|p2a: Talonflame\n|-damage|p2a: Talonflame|0 fnt\n|faint|p2a: Talonflame\n|\n|win|sovex\n|raw|sovex's rating: 1235 &rarr; <strong>1258<\/strong><br \/>(+23 for winning)\n|raw|balloongrapes's rating: 1213 &rarr; <strong>1190<\/strong><br \/>(-23 for losing)\n|c|\u2606balloongrapes|lol\n|c|\u2606balloongrapes|bruh\n|c|\u2606balloongrapes|fuq\n|c| bananaszn|WHAT\n|c|\u2606balloongrapes|lol\n|c|\u2606sovex|wait\n|c|\u2606sovex|what\n|c|\u2606sovex|WHAT\n|c| bananaszn|huh\n|c|\u2606sovex|WHAT\n|c|\u2606sovex|WHAT\n|c|\u2606sovex|WHAT\n|c|\u2606sovex|WHAT\n|c|\u2606sovex|THATS LEGIT\n|c|\u2606sovex|NOT POSSIBLE\n|c|\u2606balloongrapes|gg \ud83d\ude02\n|c|\u2606sovex|HELLO\n|c| bananaszn|crit ?\n|c|\u2606balloongrapes|no\n|c|\u2606sovex|ruination cant crit\n|c| bananaszn|true\n|c|\u2606sovex|it has no base power\n|c| bananaszn|what the hell\n|c|\u2606sovex|dude\n|c| bananaszn|happened\n|c|\u2606sovex|thats not even possible\n|c|\u2606sovex|like\n|c|\u2606sovex|what\n|c|\u2606balloongrapes|welp\n|c|\u2606sovex|i mean\n|c|\u2606balloongrapes|!dt ruination\n|raw|<ul class=\"utilichart\"><li class=\"result\"><span class=\"col movenamecol\"><a href=\"https:\/\/dex.pokemonshowdown.com\/moves\/ruination\">Ruination<\/a><\/span> <span class=\"col typecol\"><img src=\"\/\/play.pokemonshowdown.com\/sprites\/types\/Dark.png\" alt=\"Dark\" width=\"32\" height=\"14\"><img src=\"\/\/play.pokemonshowdown.com\/sprites\/categories\/Special.png\" alt=\"Special\" width=\"32\" height=\"14\"><\/span> <span class=\"col widelabelcol\"><em>Accuracy<\/em><br>90%<\/span> <span class=\"col pplabelcol\"><em>PP<\/em><br>16<\/span> <span class=\"col movedesccol\">Does damage equal to 1\/2 target's current HP.<\/span> <\/li><li style=\"clear:both\"><\/li><\/ul>\n|raw|<font size=\"1\"><font color=\"#686868\">Priority:<\/font> 0&nbsp;|&ThickSpace;<font color=\"#686868\">Gen:<\/font> 9&nbsp;|&ThickSpace;<font color=\"#686868\">Z-Power:<\/font> 100&nbsp;|&ThickSpace;<font color=\"#686868\">Dynamax Power:<\/font> 100&nbsp;|&ThickSpace;<font color=\"#686868\">Target:<\/font> One Adjacent Pok\u00e9mon<\/font>\n\n|c| bananaszn|clause activation ?\n|c|\u2606sovex|maybe\n|c|\u2606balloongrapes|i had 1hp left that turn\n|c|\u2606balloongrapes|maybe!\n|c|\u2606sovex|cause there is no infinite game clause\n|c|\u2606sovex|so the higher hp pokemon auto wins\n|l|\u2606balloongrapes\n|c|\u2606sovex|im pretty sure i couldve protected and youd die\n|c|\u2606sovex|wow\n|c|\u2606sovex|i just\n|c|\u2606sovex|stalled\n|c| bananaszn|that was strange\n|c|\u2606sovex|30 turns\n|c|\u2606sovex|to win\n|c|\u2606sovex|i mean yeah\n|c| bananaszn|upload it\n","uploadtime":1698469208,"views":16,"p1id":"sovex","p2id":"balloongrapes","formatid":"gen9doublesou","rating":1190,"private":0,"password":""}