{"id":"gen9doublesou-1976127244","p1":"pignitewaggy","p2":"sihallo","format":"[Gen 9] Doubles OU","log":"|j|\u2606pignitewaggy\n|j|\u2606sihallo\n|t:|1698266013\n|gametype|doubles\n|player|p1|pignitewaggy|102|1204\n|player|p2|sihallo|harlequin|1043\n|teamsize|p1|6\n|teamsize|p2|6\n|gen|9\n|tier|[Gen 9] Doubles OU\n|rated|\n|rule|Species Clause: Limit one of each Pok\u00e9mon\n|rule|OHKO Clause: OHKO moves are banned\n|rule|Evasion Moves Clause: Evasion moves are banned\n|rule|Gravity Sleep Clause: The combination of sleep-inducing moves with imperfect accuracy and Gravity or Gigantamax Orbeetle are banned\n|rule|Endless Battle Clause: Forcing endless battles is banned\n|rule|HP Percentage Mod: HP is shown in percentages\n|clearpoke\n|poke|p1|Gyarados, F|\n|poke|p1|Tornadus, M|\n|poke|p1|Iron Hands|\n|poke|p1|Orthworm, F|\n|poke|p1|Tauros-Paldea-Blaze, M|\n|poke|p1|Oranguru, M|\n|poke|p2|Rillaboom, F|\n|poke|p2|Hatterene, F|\n|poke|p2|Samurott-Hisui, F|\n|poke|p2|Grimmsnarl, M|\n|poke|p2|Amoonguss, M|\n|poke|p2|Infernape, F|\n|teampreview\n|inactive|Battle timer is ON: inactive players will automatically lose when time's up. (requested by sihallo)\n|\n|t:|1698266024\n|start\n|switch|p1a: Tornadus|Tornadus, M, shiny|100\/100\n|switch|p1b: Orthworm|Orthworm, F|100\/100\n|switch|p2a: Samurott|Samurott-Hisui, F|100\/100\n|switch|p2b: Grimmsnarl|Grimmsnarl, M|100\/100\n|turn|1\n|\n|t:|1698266046\n|move|p1a: Tornadus|Tailwind|p1a: Tornadus\n|-sidestart|p1: pignitewaggy|move: Tailwind\n|move|p2b: Grimmsnarl|Trick|p1a: Tornadus\n|-activate|p2b: Grimmsnarl|move: Trick|[of] p1a: Tornadus\n|-item|p1a: Tornadus|Lagging Tail|[from] move: Trick\n|-item|p2b: Grimmsnarl|Chesto Berry|[from] move: Trick\n|move|p1b: Orthworm|Shed Tail|p1b: Orthworm\n|-start|p1b: Orthworm|Substitute|[from] move: Shed Tail\n|-damage|p1b: Orthworm|50\/100\n|-enditem|p1b: Orthworm|Sitrus Berry|[eat]\n|-heal|p1b: Orthworm|75\/100|[from] item: Sitrus Berry\n|inactive|pignitewaggy has 120 seconds left.\n|\n|t:|1698266075\n|switch|p1b: Iron Hands|Iron Hands|100\/100|[from] Shed Tail\n|move|p2a: Samurott|Ceaseless Edge|p1a: Tornadus\n|-damage|p1a: Tornadus|45\/100\n|-sidestart|p1: pignitewaggy|Spikes\n|\n|upkeep\n|turn|2\n|inactive|sihallo has 120 seconds left.\n|\n|t:|1698266113\n|move|p2b: Grimmsnarl|Parting Shot|p1b: Iron Hands\n|-unboost|p1b: Iron Hands|atk|1\n|-unboost|p1b: Iron Hands|spa|1\n|\n|t:|1698266123\n|switch|p2b: Rillaboom|Rillaboom, F, shiny|100\/100|[from] Parting Shot\n|-fieldstart|move: Grassy Terrain|[from] ability: Grassy Surge|[of] p2b: Rillaboom\n|move|p1b: Iron Hands|Belly Drum|p1b: Iron Hands\n|-damage|p1b: Iron Hands|50\/100\n|-setboost|p1b: Iron Hands|atk|6|[from] move: Belly Drum\n|-enditem|p1b: Iron Hands|Sitrus Berry|[eat]\n|-heal|p1b: Iron Hands|75\/100|[from] item: Sitrus Berry\n|move|p2a: Samurott|Ceaseless Edge|p1b: Iron Hands|[miss]\n|-miss|p2a: Samurott|p1b: Iron Hands\n|move|p1a: Tornadus|U-turn|p2a: Samurott\n|-supereffective|p2a: Samurott\n|-damage|p2a: Samurott|59\/100\n|inactive|pignitewaggy has 120 seconds left.\n|\n|t:|1698266142\n|switch|p1a: Oranguru|Oranguru, M|100\/100|[from] U-turn\n|-damage|p1a: Oranguru|88\/100|[from] Spikes\n|\n|-heal|p1b: Iron Hands|81\/100|[from] Grassy Terrain\n|-heal|p2a: Samurott|65\/100|[from] Grassy Terrain\n|-heal|p1a: Oranguru|94\/100|[from] Grassy Terrain\n|upkeep\n|turn|3\n|inactive|sihallo has 120 seconds left.\n|\n|t:|1698266189\n|move|p1b: Iron Hands|Drain Punch|p2a: Samurott\n|-supereffective|p2a: Samurott\n|-damage|p2a: Samurott|0 fnt\n|-heal|p1b: Iron Hands|100\/100|[from] drain|[of] p2a: Samurott\n|faint|p2a: Samurott\n|move|p1a: Oranguru|Instruct|p1b: Iron Hands\n|-singleturn|p1b: Iron Hands|move: Instruct|[of] p1a: Oranguru\n|move|p1b: Iron Hands|Drain Punch|p2b: Rillaboom\n|-crit|p2b: Rillaboom\n|-damage|p2b: Rillaboom|0 fnt\n|faint|p2b: Rillaboom\n|\n|-heal|p1a: Oranguru|99\/100|[from] Grassy Terrain\n|upkeep\n|inactive|sihallo has 90 seconds left.\n|\n|t:|1698266220\n|switch|p2a: Amoonguss|Amoonguss, M|100\/100\n|switch|p2b: Hatterene|Hatterene, F, shiny|100\/100\n|-enditem|p2b: Hatterene|Grassy Seed\n|-boost|p2b: Hatterene|def|1|[from] item: Grassy Seed\n|turn|4\n|inactive|sihallo has 90 seconds left.\n|\n|t:|1698266232\n|-terastallize|p2b: Hatterene|Psychic\n|move|p1b: Iron Hands|Earthquake|p2a: Amoonguss|[spread] p2a,p2b\n|-activate|p1a: Oranguru|ability: Telepathy\n|-damage|p2a: Amoonguss|48\/100\n|-damage|p2b: Hatterene|63\/100\n|move|p1a: Oranguru|Instruct|p1b: Iron Hands\n|-singleturn|p1b: Iron Hands|move: Instruct|[of] p1a: Oranguru\n|move|p1b: Iron Hands|Earthquake|p2a: Amoonguss|[spread] p2a,p2b\n|-activate|p1a: Oranguru|ability: Telepathy\n|-damage|p2a: Amoonguss|0 fnt\n|-damage|p2b: Hatterene|22\/100\n|faint|p2a: Amoonguss\n|move|p2b: Hatterene|Calm Mind|p2b: Hatterene\n|-boost|p2b: Hatterene|spa|1\n|-boost|p2b: Hatterene|spd|1\n|\n|-heal|p1a: Oranguru|100\/100|[from] Grassy Terrain\n|-heal|p2b: Hatterene|28\/100|[from] Grassy Terrain\n|-sideend|p1: pignitewaggy|move: Tailwind\n|upkeep\n|inactive|sihallo has 90 seconds left.\n|\n|t:|1698266258\n|switch|p2a: Infernape|Infernape, F|100\/100\n|turn|5\n|inactive|sihallo has 90 seconds left.\n|\n|t:|1698266278\n|-terastallize|p1b: Iron Hands|Fire\n|move|p2a: Infernape|U-turn|p1a: Oranguru\n|-supereffective|p1a: Oranguru\n|-damage|p1a: Oranguru|30\/100\n|\n|t:|1698266283\n|switch|p2a: Grimmsnarl|Grimmsnarl, M|100\/100|[from] U-turn\n|move|p1b: Iron Hands|Earthquake|p2a: Grimmsnarl|[spread] p2a,p2b\n|-activate|p1a: Oranguru|ability: Telepathy\n|-damage|p2a: Grimmsnarl|29\/100\n|-damage|p2b: Hatterene|0 fnt\n|faint|p2b: Hatterene\n|move|p1a: Oranguru|Instruct|p1b: Iron Hands\n|-singleturn|p1b: Iron Hands|move: Instruct|[of] p1a: Oranguru\n|move|p1b: Iron Hands|Earthquake|p2a: Grimmsnarl|[spread] p2a\n|-activate|p1a: Oranguru|ability: Telepathy\n|-damage|p2a: Grimmsnarl|0 fnt\n|faint|p2a: Grimmsnarl\n|\n|-heal|p1a: Oranguru|36\/100|[from] Grassy Terrain\n|upkeep\n|\n|t:|1698266295\n|switch|p2b: Infernape|Infernape, F|100\/100\n|turn|6\n|c|\u2606pignitewaggy|GG\n|\n|t:|1698266324\n|move|p2b: Infernape|U-turn|p1a: Oranguru\n|-supereffective|p1a: Oranguru\n|-crit|p1a: Oranguru\n|-damage|p1a: Oranguru|0 fnt\n|faint|p1a: Oranguru\n|move|p1b: Iron Hands|Earthquake|p2b: Infernape\n|-supereffective|p2b: Infernape\n|-damage|p2b: Infernape|0 fnt\n|faint|p2b: Infernape\n|\n|win|pignitewaggy\n|raw|pignitewaggy's rating: 1204 &rarr; <strong>1218<\/strong><br \/>(+14 for winning)\n|raw|sihallo's rating: 1043 &rarr; <strong>1034<\/strong><br \/>(-9 for losing)\n|l|\u2606sihallo\n","uploadtime":1698266345,"views":20,"p1id":"pignitewaggy","p2id":"sihallo","formatid":"gen9doublesou","rating":1034,"private":0,"password":""}