{"id":"gen9doublesou-1991331649","p1":"Blue Syrius","p2":"Bluejay123","format":"[Gen 9] Doubles OU","log":"|j|\u2606Blue Syrius\n|j|\u2606Bluejay123\n|t:|1700068271\n|gametype|doubles\n|player|p1|Blue Syrius|ninjaboy|1240\n|player|p2|Bluejay123|hugh|1204\n|teamsize|p1|6\n|teamsize|p2|6\n|gen|9\n|tier|[Gen 9] Doubles OU\n|rated|\n|rule|Species Clause: Limit one of each Pok\u00e9mon\n|rule|OHKO Clause: OHKO moves are banned\n|rule|Evasion Moves Clause: Evasion moves are banned\n|rule|Gravity Sleep Clause: The combination of sleep-inducing moves with imperfect accuracy and Gravity or Gigantamax Orbeetle are banned\n|rule|Endless Battle Clause: Forcing endless battles is banned\n|rule|HP Percentage Mod: HP is shown in percentages\n|clearpoke\n|poke|p1|Regidrago|\n|poke|p1|Diancie|\n|poke|p1|Chien-Pao|\n|poke|p1|Hoopa-Unbound|\n|poke|p1|Farigiraf, F|\n|poke|p1|Gholdengo|\n|poke|p2|Glimmora, M|\n|poke|p2|Samurott-Hisui, M|\n|poke|p2|Garchomp, M|\n|poke|p2|Hatterene, F|\n|poke|p2|Iron Hands|\n|poke|p2|Torkoal, M|\n|teampreview\n|\n|t:|1700068292\n|start\n|switch|p1a: Gholdengo|Gholdengo|100\/100\n|switch|p1b: Regidrago|Regidrago|100\/100\n|switch|p2a: The Crazy Friend|Glimmora, M|100\/100\n|switch|p2b: Weeb Friend|Samurott-Hisui, M|100\/100\n|turn|1\n|inactive|Battle timer is ON: inactive players will automatically lose when time's up. (requested by Blue Syrius)\n|\n|t:|1700068306\n|move|p1a: Gholdengo|Protect|p1a: Gholdengo\n|-singleturn|p1a: Gholdengo|Protect\n|move|p2a: The Crazy Friend|Stealth Rock|p1b: Regidrago\n|-sidestart|p1: Blue Syrius|move: Stealth Rock\n|move|p2b: Weeb Friend|Ceaseless Edge|p1a: Gholdengo\n|-activate|p1a: Gholdengo|move: Protect\n|move|p1b: Regidrago|Dragon Energy|p2a: The Crazy Friend|[spread] p2a,p2b\n|-enditem|p2a: The Crazy Friend|Focus Sash\n|-damage|p2a: The Crazy Friend|1\/100\n|-enditem|p2b: Weeb Friend|Focus Sash\n|-damage|p2b: Weeb Friend|1\/100\n|\n|upkeep\n|turn|2\n|\n|t:|1700068326\n|switch|p1b: Diancie|Diancie, shiny|100\/100\n|-damage|p1b: Diancie|88\/100|[from] Stealth Rock\n|move|p2a: The Crazy Friend|Mortal Spin|p1a: Gholdengo|[spread] p1b\n|-immune|p1a: Gholdengo\n|-damage|p1b: Diancie|83\/100\n|-status|p1b: Diancie|psn\n|move|p2b: Weeb Friend|Ceaseless Edge|p1a: Gholdengo\n|-supereffective|p1a: Gholdengo\n|-damage|p1a: Gholdengo|20\/100\n|-sidestart|p1: Blue Syrius|Spikes\n|move|p1a: Gholdengo|Nasty Plot|p1a: Gholdengo\n|-boost|p1a: Gholdengo|spa|2\n|\n|-damage|p1b: Diancie|71\/100 psn|[from] psn\n|upkeep\n|turn|3\n|\n|t:|1700068344\n|move|p1a: Gholdengo|Protect|p1a: Gholdengo\n|-singleturn|p1a: Gholdengo|Protect\n|move|p2a: The Crazy Friend|Rock Slide|p1a: Gholdengo|[spread] p1b\n|-activate|p1a: Gholdengo|move: Protect\n|-damage|p1b: Diancie|57\/100 psn\n|move|p2b: Weeb Friend|Ceaseless Edge|p1a: Gholdengo\n|-activate|p1a: Gholdengo|move: Protect\n|move|p1b: Diancie|Trick Room|p1b: Diancie\n|-fieldstart|move: Trick Room|[of] p1b: Diancie\n|\n|-damage|p1b: Diancie|44\/100 psn|[from] psn\n|upkeep\n|-enditem|p1b: Diancie|Sitrus Berry|[eat]\n|-heal|p1b: Diancie|69\/100 psn|[from] item: Sitrus Berry\n|turn|4\n|\n|t:|1700068360\n|move|p1b: Diancie|Diamond Storm|p2b: Weeb Friend|[spread] p2a,p2b\n|-damage|p2a: The Crazy Friend|0 fnt\n|-damage|p2b: Weeb Friend|0 fnt\n|-activate|p2a: The Crazy Friend|ability: Toxic Debris\n|-sidestart|p1: Blue Syrius|move: Toxic Spikes\n|faint|p2a: The Crazy Friend\n|faint|p2b: Weeb Friend\n|move|p1a: Gholdengo|Recover|p1a: Gholdengo\n|-heal|p1a: Gholdengo|70\/100\n|\n|-damage|p1b: Diancie|57\/100 psn|[from] psn\n|upkeep\n|\n|t:|1700068372\n|switch|p2b: Team Dad|Garchomp, M|100\/100\n|switch|p2a: Catch These Hands|Iron Hands|100\/100\n|-enditem|p2a: Catch These Hands|Booster Energy\n|-activate|p2a: Catch These Hands|ability: Quark Drive|[fromitem]\n|-start|p2a: Catch These Hands|quarkdriveatk\n|turn|5\n|\n|t:|1700068399\n|-terastallize|p1b: Diancie|Flying\n|move|p1a: Gholdengo|Protect|p1a: Gholdengo\n|-singleturn|p1a: Gholdengo|Protect\n|move|p2a: Catch These Hands|Fake Out|p1b: Diancie\n|-damage|p1b: Diancie|40\/100 psn\n|cant|p1b: Diancie|flinch\n|move|p2b: Team Dad|Dragon Tail|p1a: Gholdengo\n|-activate|p1a: Gholdengo|move: Protect\n|\n|-damage|p1b: Diancie|28\/100 psn|[from] psn\n|upkeep\n|turn|6\n|\n|t:|1700068412\n|move|p1b: Diancie|Diamond Storm|p2b: Team Dad|[spread] p2a,p2b\n|-resisted|p2a: Catch These Hands\n|-resisted|p2b: Team Dad\n|-damage|p2a: Catch These Hands|93\/100\n|-damage|p2b: Team Dad|86\/100\n|move|p2a: Catch These Hands|Thunder Punch|p1b: Diancie\n|-supereffective|p1b: Diancie\n|-damage|p1b: Diancie|0 fnt\n|faint|p1b: Diancie\n|move|p1a: Gholdengo|Make It Rain|p2a: Catch These Hands|[spread] p2a,p2b\n|-resisted|p2a: Catch These Hands\n|-damage|p2a: Catch These Hands|32\/100\n|-damage|p2b: Team Dad|0 fnt\n|-unboost|p1a: Gholdengo|spa|1\n|faint|p2b: Team Dad\n|-damage|p1a: Gholdengo|60\/100|[from] item: Life Orb\n|\n|upkeep\n|\n|t:|1700068434\n|switch|p1b: Regidrago|Regidrago|100\/100\n|switch|p2b: Adopted Introvert|Torkoal, M|100\/100\n|-weather|SunnyDay|[from] ability: Drought|[of] p2b: Adopted Introvert\n|-damage|p1b: Regidrago|88\/100|[from] Stealth Rock\n|-damage|p1b: Regidrago|76\/100|[from] Spikes\n|-status|p1b: Regidrago|psn\n|turn|7\n|\n|t:|1700068451\n|move|p1a: Gholdengo|Protect|p1a: Gholdengo\n|-singleturn|p1a: Gholdengo|Protect\n|move|p2a: Catch These Hands|Drain Punch|p1b: Regidrago\n|-damage|p1b: Regidrago|23\/100 psn\n|-heal|p2a: Catch These Hands|63\/100|[from] drain|[of] p1b: Regidrago\n|move|p2b: Adopted Introvert|Heat Wave|p1a: Gholdengo|[spread] p1b\n|-activate|p1a: Gholdengo|move: Protect\n|-resisted|p1b: Regidrago\n|-damage|p1b: Regidrago|1\/100 psn\n|move|p1b: Regidrago|Earth Power|p2b: Adopted Introvert\n|-supereffective|p2b: Adopted Introvert\n|-damage|p2b: Adopted Introvert|0 fnt\n|faint|p2b: Adopted Introvert\n|\n|-weather|SunnyDay|[upkeep]\n|-damage|p1b: Regidrago|0 fnt|[from] psn\n|faint|p1b: Regidrago\n|-fieldend|move: Trick Room\n|upkeep\n|inactive|Blue Syrius has 120 seconds left.\n|\n|t:|1700068482\n|switch|p1b: Chien-Pao|Chien-Pao|100\/100\n|switch|p2b: One of the Boys|Hatterene, F|100\/100\n|-damage|p1b: Chien-Pao|76\/100|[from] Stealth Rock\n|-damage|p1b: Chien-Pao|63\/100|[from] Spikes\n|-status|p1b: Chien-Pao|psn\n|-ability|p1b: Chien-Pao|Sword of Ruin\n|turn|8\n|\n|t:|1700068499\n|-terastallize|p2b: One of the Boys|Ground\n|move|p1b: Chien-Pao|Ice Spinner|p2a: Catch These Hands\n|-damage|p2a: Catch These Hands|31\/100\n|move|p1a: Gholdengo|Make It Rain|p2b: One of the Boys|[spread] p2a,p2b\n|-resisted|p2a: Catch These Hands\n|-crit|p2b: One of the Boys\n|-damage|p2a: Catch These Hands|0 fnt\n|-damage|p2b: One of the Boys|0 fnt\n|-unboost|p1a: Gholdengo|spa|1\n|faint|p2a: Catch These Hands\n|-end|p2a: Catch These Hands|Quark Drive|[silent]\n|faint|p2b: One of the Boys\n|-damage|p1a: Gholdengo|50\/100|[from] item: Life Orb\n|\n|win|Blue Syrius\n|raw|Blue Syrius's rating: 1240 &rarr; <strong>1262<\/strong><br \/>(+22 for winning)\n|raw|Bluejay123's rating: 1204 &rarr; <strong>1182<\/strong><br \/>(-22 for losing)\n|c|\u2606Blue Syrius|gg\n","uploadtime":1700068514,"views":7,"p1id":"bluesyrius","p2id":"bluejay123","formatid":"gen9doublesou","rating":1182,"private":0,"password":""}