{"id":"gen9doublesou-1993098794","p1":"aidan amoongus","p2":"cat99999787","format":"[Gen 9] Doubles OU","log":"|j|\u2606aidan amoongus\n|j|\u2606cat99999787\n|t:|1700264592\n|gametype|doubles\n|player|p1|aidan amoongus|170|1079\n|player|p2|cat99999787|169|1064\n|teamsize|p1|6\n|teamsize|p2|4\n|gen|9\n|tier|[Gen 9] Doubles OU\n|rated|\n|rule|Species Clause: Limit one of each Pok\u00e9mon\n|rule|OHKO Clause: OHKO moves are banned\n|rule|Evasion Moves Clause: Evasion moves are banned\n|rule|Gravity Sleep Clause: The combination of sleep-inducing moves with imperfect accuracy and Gravity or Gigantamax Orbeetle are banned\n|rule|Endless Battle Clause: Forcing endless battles is banned\n|rule|HP Percentage Mod: HP is shown in percentages\n|clearpoke\n|poke|p1|Sylveon, F|\n|poke|p1|Ursaluna-Bloodmoon, M|\n|poke|p1|Thundurus, M|\n|poke|p1|Roaring Moon|\n|poke|p1|Ninetales, F|\n|poke|p1|Grafaiai, F|\n|poke|p2|Ogerpon-Wellspring, F|\n|poke|p2|Clefable, F|\n|poke|p2|Oricorio-Pom-Pom, F|\n|poke|p2|Clodsire, F|\n|teampreview\n|inactive|Battle timer is ON: inactive players will automatically lose when time's up. (requested by aidan amoongus)\n|\n|t:|1700264621\n|start\n|switch|p1a: Ursaluna|Ursaluna-Bloodmoon, M|100\/100\n|switch|p1b: Sylveon|Sylveon, F, shiny|100\/100\n|switch|p2a: Ogerpon|Ogerpon-Wellspring, F|100\/100\n|switch|p2b: Clefable|Clefable, F|100\/100\n|turn|1\n|\n|t:|1700264634\n|move|p2b: Clefable|Follow Me|p2b: Clefable\n|-singleturn|p2b: Clefable|move: Follow Me\n|move|p2a: Ogerpon|Swords Dance|p2a: Ogerpon\n|-boost|p2a: Ogerpon|atk|2\n|move|p1a: Ursaluna|Blood Moon|p2b: Clefable\n|-damage|p2b: Clefable|45\/100\n|move|p1b: Sylveon|Copycat|p1b: Sylveon\n|move|p1b: Sylveon|Blood Moon|p2b: Clefable|[from]move: Copycat\n|-damage|p2b: Clefable|0 fnt\n|faint|p2b: Clefable\n|\n|upkeep\n|\n|t:|1700264650\n|switch|p2b: Oricorio|Oricorio-Pom-Pom, F|100\/100\n|turn|2\n|\n|t:|1700264661\n|-terastallize|p2a: Ogerpon|Water\n|detailschange|p2a: Ogerpon|Ogerpon-Wellspring-Tera, F, tera:Water\n|-ability|p2a: Ogerpon|Embody Aspect (Wellspring)|boost\n|-boost|p2a: Ogerpon|spd|1\n|move|p1a: Ursaluna|Protect|p1a: Ursaluna\n|-singleturn|p1a: Ursaluna|Protect\n|move|p2a: Ogerpon|Ivy Cudgel|p1a: Ursaluna|[anim] Ivy Cudgel Water\n|-activate|p1a: Ursaluna|move: Protect\n|move|p2b: Oricorio|Quiver Dance|p2b: Oricorio\n|-boost|p2b: Oricorio|spa|1\n|-boost|p2b: Oricorio|spd|1\n|-boost|p2b: Oricorio|spe|1\n|move|p1b: Sylveon|Hyper Voice|p2a: Ogerpon|[spread] p2a,p2b\n|-damage|p2a: Ogerpon|70\/100\n|-damage|p2b: Oricorio|54\/100\n|\n|upkeep\n|turn|3\n|\n|t:|1700264683\n|move|p2a: Ogerpon|Spiky Shield|p2a: Ogerpon\n|-singleturn|p2a: Ogerpon|move: Protect\n|move|p2b: Oricorio|Rain Dance|p2b: Oricorio\n|-weather|RainDance\n|move|p1a: Ursaluna|Earth Power|p2a: Ogerpon\n|-activate|p2a: Ogerpon|move: Protect\n|move|p1b: Sylveon|Tera Blast|p2a: Ogerpon\n|-activate|p2a: Ogerpon|move: Protect\n|\n|-weather|RainDance|[upkeep]\n|upkeep\n|turn|4\n|\n|t:|1700264705\n|move|p2b: Oricorio|Quiver Dance|p2b: Oricorio\n|-boost|p2b: Oricorio|spa|1\n|-boost|p2b: Oricorio|spd|1\n|-boost|p2b: Oricorio|spe|1\n|move|p2a: Ogerpon|Ivy Cudgel|p1a: Ursaluna|[anim] Ivy Cudgel Water\n|-supereffective|p1a: Ursaluna\n|-damage|p1a: Ursaluna|0 fnt\n|faint|p1a: Ursaluna\n|move|p1b: Sylveon|Tera Blast|p2a: Ogerpon\n|-damage|p2a: Ogerpon|40\/100\n|\n|-weather|RainDance|[upkeep]\n|upkeep\n|\n|t:|1700264716\n|switch|p1a: Grafaiai|Grafaiai, F, shiny|100\/100\n|turn|5\n|\n|t:|1700264733\n|move|p1a: Grafaiai|Toxic|p2a: Ogerpon\n|-status|p2a: Ogerpon|tox\n|move|p2b: Oricorio|Quiver Dance|p2b: Oricorio\n|-boost|p2b: Oricorio|spa|1\n|-boost|p2b: Oricorio|spd|1\n|-boost|p2b: Oricorio|spe|1\n|move|p2a: Ogerpon|Swords Dance|p2a: Ogerpon\n|-boost|p2a: Ogerpon|atk|2\n|-activate|p2b: Oricorio|ability: Dancer\n|move|p2b: Oricorio|Swords Dance|p2b: Oricorio|[from]ability: Dancer\n|-boost|p2b: Oricorio|atk|2\n|move|p1b: Sylveon|Tera Blast|p2b: Oricorio\n|-damage|p2b: Oricorio|21\/100\n|-enditem|p2b: Oricorio|Aguav Berry|[eat]\n|-heal|p2b: Oricorio|55\/100|[from] item: Aguav Berry\n|\n|-weather|RainDance|[upkeep]\n|-damage|p2a: Ogerpon|34\/100 tox|[from] psn\n|upkeep\n|turn|6\n|\n|t:|1700264762\n|move|p2b: Oricorio|Revelation Dance|p1b: Sylveon\n|-damage|p1b: Sylveon|27\/100\n|move|p2a: Ogerpon|Ivy Cudgel|p1a: Grafaiai|[anim] Ivy Cudgel Water\n|-crit|p1a: Grafaiai\n|-damage|p1a: Grafaiai|0 fnt\n|faint|p1a: Grafaiai\n|move|p1b: Sylveon|Hyper Voice|p2a: Ogerpon|[spread] p2a,p2b\n|-damage|p2a: Ogerpon|5\/100 tox\n|-damage|p2b: Oricorio|28\/100\n|\n|-weather|RainDance|[upkeep]\n|-damage|p2a: Ogerpon|0 fnt|[from] psn\n|faint|p2a: Ogerpon\n|upkeep\n|\n|t:|1700264779\n|switch|p2a: Clodsire|Clodsire, F|100\/100\n|switch|p1a: Thundurus|Thundurus, M|100\/100\n|turn|7\n|\n|t:|1700264803\n|move|p1a: Thundurus|Eerie Impulse|p2a: Clodsire\n|-unboost|p2a: Clodsire|spa|2\n|move|p2b: Oricorio|Revelation Dance|p1a: Thundurus\n|-crit|p1a: Thundurus\n|-damage|p1a: Thundurus|0 fnt\n|faint|p1a: Thundurus\n|move|p2a: Clodsire|Curse|p2a: Clodsire\n|-unboost|p2a: Clodsire|spe|1\n|-boost|p2a: Clodsire|atk|1\n|-boost|p2a: Clodsire|def|1\n|move|p1b: Sylveon|Tera Blast|p2b: Oricorio\n|-damage|p2b: Oricorio|0 fnt\n|faint|p2b: Oricorio\n|\n|-weather|none\n|upkeep\n|\n|t:|1700264820\n|switch|p1a: Roaring Moon|Roaring Moon, shiny|100\/100\n|-enditem|p1a: Roaring Moon|Booster Energy\n|-activate|p1a: Roaring Moon|ability: Protosynthesis|[fromitem]\n|-start|p1a: Roaring Moon|protosynthesisatk\n|turn|8\n|\n|t:|1700264834\n|-terastallize|p1a: Roaring Moon|Dragon\n|move|p1a: Roaring Moon|Dragon Claw|p2a: Clodsire\n|-damage|p2a: Clodsire|39\/100\n|move|p2a: Clodsire|Toxic|p1a: Roaring Moon\n|-status|p1a: Roaring Moon|tox\n|move|p1b: Sylveon|Copycat|p1b: Sylveon\n|move|p1b: Sylveon|Toxic|p2a: Clodsire|[from]move: Copycat\n|-immune|p2a: Clodsire\n|\n|-damage|p1a: Roaring Moon|95\/100 tox|[from] psn\n|upkeep\n|turn|9\n|\n|t:|1700264851\n|move|p2a: Clodsire|Protect|p2a: Clodsire\n|-singleturn|p2a: Clodsire|Protect\n|move|p1a: Roaring Moon|Dragon Claw|p2a: Clodsire\n|-activate|p2a: Clodsire|move: Protect\n|move|p1b: Sylveon|Moonblast|p2a: Clodsire\n|-activate|p2a: Clodsire|move: Protect\n|\n|-damage|p1a: Roaring Moon|83\/100 tox|[from] psn\n|upkeep\n|turn|10\n|\n|t:|1700264863\n|move|p1a: Roaring Moon|Dragon Claw|p2a: Clodsire\n|-damage|p2a: Clodsire|0 fnt\n|faint|p2a: Clodsire\n|\n|win|aidan amoongus\n|raw|aidan amoongus's rating: 1079 &rarr; <strong>1106<\/strong><br \/>(+27 for winning)\n|raw|cat99999787's rating: 1064 &rarr; <strong>1045<\/strong><br \/>(-19 for losing)\n|l|\u2606cat99999787\n","uploadtime":1700264876,"views":6,"p1id":"aidanamoongus","p2id":"cat99999787","formatid":"gen9doublesou","rating":1045,"private":0,"password":""}