{"id":"gen9doublesou-1991590754","p1":"cookie division 00","p2":"Prorookie101","format":"[Gen 9] Doubles OU","log":"|j|\u2606cookie division 00\n|j|\u2606Prorookie101\n|t:|1700091725\n|gametype|doubles\n|player|p1|cookie division 00|grimsley|1087\n|player|p2|Prorookie101|drayden|1104\n|teamsize|p1|6\n|teamsize|p2|6\n|gen|9\n|tier|[Gen 9] Doubles OU\n|rated|\n|rule|Species Clause: Limit one of each Pok\u00e9mon\n|rule|OHKO Clause: OHKO moves are banned\n|rule|Evasion Moves Clause: Evasion moves are banned\n|rule|Gravity Sleep Clause: The combination of sleep-inducing moves with imperfect accuracy and Gravity or Gigantamax Orbeetle are banned\n|rule|Endless Battle Clause: Forcing endless battles is banned\n|rule|HP Percentage Mod: HP is shown in percentages\n|clearpoke\n|poke|p1|Gholdengo|\n|poke|p1|Murkrow, F|\n|poke|p1|Garchomp, F|\n|poke|p1|Tinkaton, F|\n|poke|p1|Palafin, M|\n|poke|p1|Wo-Chien|\n|poke|p2|Ceruledge, F|\n|poke|p2|Chien-Pao|\n|poke|p2|Kleavor, M|\n|poke|p2|Samurott-Hisui, F|\n|poke|p2|Veluza, M|\n|poke|p2|Sinistcha-Masterpiece|\n|teampreview\n|\n|t:|1700091746\n|start\n|switch|p1a: Murkrow|Murkrow, F, shiny|100\/100\n|switch|p1b: Palafin|Palafin, M, shiny|100\/100\n|switch|p2a: Kleavor|Kleavor, M|100\/100\n|switch|p2b: Samurott|Samurott-Hisui, F|100\/100\n|turn|1\n|\n|t:|1700091762\n|move|p1a: Murkrow|Tailwind|p1a: Murkrow\n|-sidestart|p1: cookie division 00|move: Tailwind\n|move|p1b: Palafin|Flip Turn|p2a: Kleavor\n|-supereffective|p2a: Kleavor\n|-damage|p2a: Kleavor|54\/100\n|\n|t:|1700091775\n|detailschange|p1b: Palafin|Palafin-Hero, M, shiny\n|switch|p1b: Garchomp|Garchomp, F, shiny|100\/100|[from] Flip Turn\n|move|p2b: Samurott|Ceaseless Edge|p1a: Murkrow\n|-resisted|p1a: Murkrow\n|-damage|p1a: Murkrow|70\/100\n|-sidestart|p1: cookie division 00|Spikes\n|move|p2a: Kleavor|Stone Axe|p1a: Murkrow\n|-supereffective|p1a: Murkrow\n|-damage|p1a: Murkrow|0 fnt\n|-sidestart|p1: cookie division 00|move: Stealth Rock\n|faint|p1a: Murkrow\n|\n|-heal|p2a: Kleavor|60\/100|[from] item: Leftovers\n|upkeep\n|\n|t:|1700091792\n|switch|p1a: Palafin|Palafin-Hero, M, shiny|100\/100\n|-activate|p1a: Palafin|ability: Zero to Hero\n|turn|2\n|\n|t:|1700091807\n|move|p1b: Garchomp|Brick Break|p2b: Samurott\n|-supereffective|p2b: Samurott\n|-damage|p2b: Samurott|0 fnt\n|faint|p2b: Samurott\n|move|p1a: Palafin|Liquidation|p2a: Kleavor\n|-supereffective|p2a: Kleavor\n|-damage|p2a: Kleavor|0 fnt\n|faint|p2a: Kleavor\n|\n|upkeep\n|\n|t:|1700091823\n|switch|p2b: Chien-Pao|Chien-Pao|100\/100\n|switch|p2a: Ceruledge|Ceruledge, F|100\/100\n|-ability|p2b: Chien-Pao|Sword of Ruin\n|turn|3\n|\n|t:|1700091841\n|move|p2b: Chien-Pao|Ice Shard|p1b: Garchomp\n|-supereffective|p1b: Garchomp\n|-crit|p1b: Garchomp\n|-damage|p1b: Garchomp|0 fnt\n|faint|p1b: Garchomp\n|move|p1a: Palafin|Liquidation|p2a: Ceruledge\n|-supereffective|p2a: Ceruledge\n|-enditem|p2a: Ceruledge|Focus Sash\n|-damage|p2a: Ceruledge|1\/100\n|-ability|p2a: Ceruledge|Weak Armor|boost\n|-unboost|p2a: Ceruledge|def|1\n|-boost|p2a: Ceruledge|spe|2\n|move|p2a: Ceruledge|Swords Dance|p2a: Ceruledge\n|-boost|p2a: Ceruledge|atk|2\n|\n|upkeep\n|\n|t:|1700091857\n|switch|p1b: Gholdengo|Gholdengo, shiny|100\/100\n|-damage|p1b: Gholdengo|88\/100|[from] Spikes\n|-damage|p1b: Gholdengo|82\/100|[from] Stealth Rock\n|turn|4\n|\n|t:|1700091871\n|move|p1a: Palafin|Drain Punch|p2b: Chien-Pao\n|-supereffective|p2b: Chien-Pao\n|-damage|p2b: Chien-Pao|0 fnt\n|faint|p2b: Chien-Pao\n|move|p2a: Ceruledge|Bitter Blade|p1b: Gholdengo\n|-supereffective|p1b: Gholdengo\n|-damage|p1b: Gholdengo|0 fnt\n|-heal|p2a: Ceruledge|49\/100|[from] drain|[of] p1b: Gholdengo\n|faint|p1b: Gholdengo\n|\n|-sideend|p1: cookie division 00|move: Tailwind\n|upkeep\n|\n|t:|1700091893\n|switch|p2b: Sinistcha|Sinistcha-Masterpiece|100\/100\n|switch|p1b: Wo-Chien|Wo-Chien|100\/100\n|-heal|p2a: Ceruledge|74\/100|[from] ability: Hospitality|[of] p2b: Sinistcha\n|-damage|p1b: Wo-Chien|88\/100|[from] Spikes\n|-damage|p1b: Wo-Chien|75\/100|[from] Stealth Rock\n|-ability|p1b: Wo-Chien|Tablets of Ruin\n|turn|5\n|\n|t:|1700091917\n|move|p2a: Ceruledge|Bitter Blade|p1b: Wo-Chien\n|-supereffective|p1b: Wo-Chien\n|-damage|p1b: Wo-Chien|0 fnt\n|-heal|p2a: Ceruledge|100\/100|[from] drain|[of] p1b: Wo-Chien\n|-damage|p2a: Ceruledge|84\/100|[from] item: Rocky Helmet|[of] p1b: Wo-Chien\n|faint|p1b: Wo-Chien\n|move|p1a: Palafin|Liquidation|p2a: Ceruledge\n|-supereffective|p2a: Ceruledge\n|-damage|p2a: Ceruledge|0 fnt\n|faint|p2a: Ceruledge\n|move|p2b: Sinistcha|Life Dew||[still]\n|-fail|p2b: Sinistcha|heal\n|\n|upkeep\n|\n|t:|1700091930\n|switch|p2a: Veluza|Veluza, M|100\/100\n|switch|p1b: Tinkaton|Tinkaton, F, shiny|100\/100\n|-damage|p1b: Tinkaton|88\/100|[from] Spikes\n|-damage|p1b: Tinkaton|82\/100|[from] Stealth Rock\n|-ability|p1b: Tinkaton|Mold Breaker\n|turn|6\n|\n|t:|1700091957\n|-terastallize|p1a: Palafin|Fire\n|-terastallize|p2b: Sinistcha|Grass\n|move|p1a: Palafin|Drain Punch|p2a: Veluza\n|-resisted|p2a: Veluza\n|-damage|p2a: Veluza|80\/100\n|move|p1b: Tinkaton|Swords Dance|p1b: Tinkaton\n|-boost|p1b: Tinkaton|atk|2\n|move|p2a: Veluza|Psycho Cut|p1a: Palafin\n|-damage|p1a: Palafin|53\/100\n|move|p2b: Sinistcha|Matcha Gotcha|p1a: Palafin|[spread] p1a,p1b\n|-resisted|p1a: Palafin\n|-resisted|p1b: Tinkaton\n|-damage|p1a: Palafin|35\/100\n|-damage|p1b: Tinkaton|68\/100\n|\n|upkeep\n|turn|7\n|\n|t:|1700091980\n|move|p1a: Palafin|Drain Punch|p2b: Sinistcha\n|-damage|p2b: Sinistcha|77\/100\n|-heal|p1a: Palafin|47\/100|[from] drain|[of] p2b: Sinistcha\n|move|p1b: Tinkaton|Gigaton Hammer|p2a: Veluza\n|-resisted|p2a: Veluza\n|-damage|p2a: Veluza|13\/100\n|-enditem|p2a: Veluza|Sitrus Berry|[eat]\n|-heal|p2a: Veluza|37\/100|[from] item: Sitrus Berry\n|move|p2b: Sinistcha|Matcha Gotcha|p1a: Palafin|[spread] p1a,p1b\n|-resisted|p1a: Palafin\n|-resisted|p1b: Tinkaton\n|-damage|p1a: Palafin|28\/100\n|-heal|p2b: Sinistcha|87\/100|[from] drain|[of] p1a: Palafin\n|-damage|p1b: Tinkaton|55\/100\n|-heal|p2b: Sinistcha|94\/100|[from] drain|[of] p1b: Tinkaton\n|move|p2a: Veluza|Aqua Cutter|p1a: Palafin\n|-supereffective|p1a: Palafin\n|-damage|p1a: Palafin|0 fnt\n|faint|p1a: Palafin\n|\n|upkeep\n|turn|8\n|\n|t:|1700092010\n|move|p1b: Tinkaton|Knock Off|p2a: Veluza\n|-supereffective|p2a: Veluza\n|-damage|p2a: Veluza|0 fnt\n|faint|p2a: Veluza\n|move|p2b: Sinistcha|Strength Sap|p1b: Tinkaton\n|-unboost|p1b: Tinkaton|atk|1\n|-heal|p2b: Sinistcha|100\/100\n|\n|upkeep\n|turn|9\n|\n|t:|1700092021\n|move|p1b: Tinkaton|Gigaton Hammer|p2b: Sinistcha\n|-damage|p2b: Sinistcha|32\/100\n|move|p2b: Sinistcha|Strength Sap|p1b: Tinkaton\n|-unboost|p1b: Tinkaton|atk|1\n|-heal|p2b: Sinistcha|100\/100\n|\n|upkeep\n|turn|10\n|\n|t:|1700092038\n|move|p1b: Tinkaton|Knock Off|p2b: Sinistcha\n|-damage|p2b: Sinistcha|83\/100\n|-enditem|p2b: Sinistcha|Wide Lens|[from] move: Knock Off|[of] p1b: Tinkaton\n|move|p2b: Sinistcha|Matcha Gotcha|p1b: Tinkaton\n|-resisted|p1b: Tinkaton\n|-damage|p1b: Tinkaton|35\/100\n|-heal|p2b: Sinistcha|94\/100|[from] drain|[of] p1b: Tinkaton\n|-enditem|p1b: Tinkaton|Sitrus Berry|[eat]\n|-heal|p1b: Tinkaton|60\/100|[from] item: Sitrus Berry\n|\n|upkeep\n|turn|11\n|\n|t:|1700092050\n|move|p1b: Tinkaton|Swords Dance|p1b: Tinkaton\n|-boost|p1b: Tinkaton|atk|2\n|move|p2b: Sinistcha|Matcha Gotcha|p1b: Tinkaton\n|-resisted|p1b: Tinkaton\n|-damage|p1b: Tinkaton|40\/100\n|-heal|p2b: Sinistcha|100\/100|[from] drain|[of] p1b: Tinkaton\n|-status|p1b: Tinkaton|brn\n|\n|-damage|p1b: Tinkaton|33\/100 brn|[from] brn\n|upkeep\n|turn|12\n|\n|t:|1700092077\n|move|p1b: Tinkaton|Gigaton Hammer|p2b: Sinistcha\n|-damage|p2b: Sinistcha|55\/100\n|move|p2b: Sinistcha|Strength Sap|p1b: Tinkaton\n|-unboost|p1b: Tinkaton|atk|1\n|-heal|p2b: Sinistcha|100\/100\n|\n|-damage|p1b: Tinkaton|27\/100 brn|[from] brn\n|upkeep\n|turn|13\n|\n|t:|1700092092\n|move|p1b: Tinkaton|Draining Kiss|p2b: Sinistcha\n|-damage|p2b: Sinistcha|87\/100\n|-heal|p1b: Tinkaton|37\/100 brn|[from] drain|[of] p2b: Sinistcha\n|move|p2b: Sinistcha|Hex|p1b: Tinkaton\n|-damage|p1b: Tinkaton|0 fnt\n|faint|p1b: Tinkaton\n|\n|win|Prorookie101\n|raw|cookie division 00's rating: 1087 &rarr; <strong>1065<\/strong><br \/>(-22 for losing)\n|raw|Prorookie101's rating: 1104 &rarr; <strong>1128<\/strong><br \/>(+24 for winning)\n|c|\u2606Prorookie101|ggwp\n|l|\u2606cookie division 00\n","uploadtime":1700092106,"views":13,"p1id":"cookiedivision00","p2id":"prorookie101","formatid":"gen9doublesou","rating":1065,"private":0,"password":""}