{"id":"gen9doublesou-1991964768","p1":"Moldycheezi","p2":"ItzStinger","format":"[Gen 9] Doubles OU","log":"|j|\u2606Moldycheezi\n|j|\u2606ItzStinger\n|t:|1700143207\n|gametype|doubles\n|player|p1|Moldycheezi|grimsley|1126\n|player|p2|ItzStinger|raifort|1061\n|teamsize|p1|6\n|teamsize|p2|6\n|gen|9\n|tier|[Gen 9] Doubles OU\n|rated|\n|rule|Species Clause: Limit one of each Pok\u00e9mon\n|rule|OHKO Clause: OHKO moves are banned\n|rule|Evasion Moves Clause: Evasion moves are banned\n|rule|Gravity Sleep Clause: The combination of sleep-inducing moves with imperfect accuracy and Gravity or Gigantamax Orbeetle are banned\n|rule|Endless Battle Clause: Forcing endless battles is banned\n|rule|HP Percentage Mod: HP is shown in percentages\n|clearpoke\n|poke|p1|Kingambit, M|\n|poke|p1|Goodra-Hisui, F|\n|poke|p1|Empoleon, M|\n|poke|p1|Flutter Mane|\n|poke|p1|Breloom, M|\n|poke|p1|Iron Moth|\n|poke|p2|Snorlax, M|\n|poke|p2|Sinistcha|\n|poke|p2|Clefairy, M|\n|poke|p2|Kommo-o, M|\n|poke|p2|Iron Hands|\n|poke|p2|Gliscor, M|\n|teampreview\n|\n|t:|1700143222\n|start\n|switch|p1a: Breloom|Breloom, M|100\/100\n|switch|p1b: Goodra|Goodra-Hisui, F|100\/100\n|switch|p2a: Iron Hands|Iron Hands|100\/100\n|switch|p2b: Snorlax|Snorlax, M|100\/100\n|turn|1\n|\n|t:|1700143261\n|switch|p2b: Kommo-o|Kommo-o, M|100\/100\n|move|p1a: Breloom|Spore|p2a: Iron Hands\n|-status|p2a: Iron Hands|slp|[from] move: Spore\n|move|p1b: Goodra|Shelter|p1b: Goodra\n|-boost|p1b: Goodra|def|2\n|cant|p2a: Iron Hands|slp\n|\n|upkeep\n|turn|2\n|\n|t:|1700143298\n|-terastallize|p1b: Goodra|Water\n|move|p1a: Breloom|Close Combat|p2b: Kommo-o\n|-damage|p2b: Kommo-o|60\/100\n|-unboost|p1a: Breloom|def|1\n|-unboost|p1a: Breloom|spd|1\n|move|p2b: Kommo-o|Clangorous Soul|p2b: Kommo-o\n|-boost|p2b: Kommo-o|atk|1\n|-boost|p2b: Kommo-o|def|1\n|-boost|p2b: Kommo-o|spa|1\n|-boost|p2b: Kommo-o|spd|1\n|-boost|p2b: Kommo-o|spe|1\n|-damage|p2b: Kommo-o|28\/100\n|move|p1b: Goodra|Shelter|p1b: Goodra\n|-boost|p1b: Goodra|def|2\n|cant|p2a: Iron Hands|slp\n|\n|upkeep\n|turn|3\n|\n|t:|1700143329\n|switch|p1a: Flutter Mane|Flutter Mane|100\/100\n|-enditem|p1a: Flutter Mane|Booster Energy\n|-activate|p1a: Flutter Mane|ability: Protosynthesis|[fromitem]\n|-start|p1a: Flutter Mane|protosynthesisspe\n|move|p2b: Kommo-o|Protect|p2b: Kommo-o\n|-singleturn|p2b: Kommo-o|Protect\n|move|p1b: Goodra|Body Press|p2b: Kommo-o\n|-activate|p2b: Kommo-o|move: Protect\n|cant|p2a: Iron Hands|slp\n|\n|upkeep\n|turn|4\n|\n|t:|1700143349\n|-end|p2a: Iron Hands|Quark Drive|[silent]\n|switch|p2a: Sinistcha|Sinistcha|100\/100\n|-heal|p2b: Kommo-o|52\/100|[from] ability: Hospitality|[of] p2a: Sinistcha\n|-terastallize|p2b: Kommo-o|Steel\n|move|p1a: Flutter Mane|Moonblast|p2a: Sinistcha\n|-damage|p2a: Sinistcha|35\/100\n|move|p2b: Kommo-o|Flash Cannon|p1a: Flutter Mane\n|-supereffective|p1a: Flutter Mane\n|-damage|p1a: Flutter Mane|21\/100\n|move|p1b: Goodra|Body Press|p2b: Kommo-o\n|-supereffective|p2b: Kommo-o\n|-damage|p2b: Kommo-o|0 fnt\n|faint|p2b: Kommo-o\n|\n|upkeep\n|\n|t:|1700143364\n|switch|p2b: Snorlax|Snorlax, M|100\/100\n|turn|5\n|\n|t:|1700143377\n|move|p1a: Flutter Mane|Dazzling Gleam|p2a: Sinistcha|[spread] p2a,p2b\n|-damage|p2a: Sinistcha|0 fnt\n|-damage|p2b: Snorlax|82\/100\n|faint|p2a: Sinistcha\n|move|p1b: Goodra|Body Press|p2b: Snorlax\n|-supereffective|p2b: Snorlax\n|-damage|p2b: Snorlax|0 fnt\n|faint|p2b: Snorlax\n|\n|upkeep\n|\n|t:|1700143386\n|switch|p2a: Iron Hands|Iron Hands|100\/100 slp\n|switch|p2b: Gliscor|Gliscor, M|100\/100\n|turn|6\n|\n|t:|1700143403\n|-curestatus|p2a: Iron Hands|slp|[msg]\n|move|p2a: Iron Hands|Fake Out|p1a: Flutter Mane\n|-immune|p1a: Flutter Mane\n|move|p1a: Flutter Mane|Moonblast|p2a: Iron Hands\n|-supereffective|p2a: Iron Hands\n|-damage|p2a: Iron Hands|34\/100\n|move|p2b: Gliscor|Facade|p1b: Goodra\n|-damage|p1b: Goodra|95\/100\n|move|p1b: Goodra|Body Press|p2b: Gliscor\n|-resisted|p2b: Gliscor\n|-damage|p2b: Gliscor|62\/100\n|\n|-heal|p1b: Goodra|100\/100|[from] item: Leftovers\n|-status|p2b: Gliscor|tox|[from] item: Toxic Orb\n|upkeep\n|turn|7\n|\n|t:|1700143429\n|move|p1a: Flutter Mane|Dazzling Gleam|p2a: Iron Hands|[spread] p2a,p2b\n|-supereffective|p2a: Iron Hands\n|-damage|p2a: Iron Hands|0 fnt\n|-damage|p2b: Gliscor|12\/100 tox\n|faint|p2a: Iron Hands\n|-end|p2a: Iron Hands|Quark Drive|[silent]\n|move|p2b: Gliscor|Ice Fang|p1a: Flutter Mane\n|-damage|p1a: Flutter Mane|0 fnt\n|faint|p1a: Flutter Mane\n|-end|p1a: Flutter Mane|Protosynthesis|[silent]\n|move|p1b: Goodra|Body Press|p2b: Gliscor\n|-resisted|p2b: Gliscor\n|-damage|p2b: Gliscor|0 fnt\n|faint|p2b: Gliscor\n|\n|upkeep\n|-message|ItzStinger forfeited.\n|\n|win|Moldycheezi\n|raw|Moldycheezi's rating: 1126 &rarr; <strong>1146<\/strong><br \/>(+20 for winning)\n|raw|ItzStinger's rating: 1061 &rarr; <strong>1045<\/strong><br \/>(-16 for losing)\n|l|\u2606ItzStinger\n","uploadtime":1700143480,"views":13,"p1id":"moldycheezi","p2id":"itzstinger","formatid":"gen9doublesou","rating":1045,"private":0,"password":""}