{"id":"gen9doublesou-1985718277","p1":"Songfossil","p2":"icetail25","format":"[Gen 9] Doubles OU","log":"|j|\u2606Songfossil\n|j|\u2606icetail25\n|t:|1699398913\n|gametype|doubles\n|player|p1|Songfossil|1|1107\n|player|p2|icetail25|fantina|1033\n|teamsize|p1|6\n|teamsize|p2|6\n|gen|9\n|tier|[Gen 9] Doubles OU\n|rated|\n|rule|Species Clause: Limit one of each Pok\u00e9mon\n|rule|OHKO Clause: OHKO moves are banned\n|rule|Evasion Moves Clause: Evasion moves are banned\n|rule|Gravity Sleep Clause: The combination of sleep-inducing moves with imperfect accuracy and Gravity or Gigantamax Orbeetle are banned\n|rule|Endless Battle Clause: Forcing endless battles is banned\n|rule|HP Percentage Mod: HP is shown in percentages\n|clearpoke\n|poke|p1|Fezandipiti, M|\n|poke|p1|Iron Jugulis|\n|poke|p1|Ursaluna-Bloodmoon, M|\n|poke|p1|Kleavor, F|\n|poke|p1|Great Tusk|\n|poke|p1|Ogerpon, F|\n|poke|p2|Torkoal, F|\n|poke|p2|Great Tusk|\n|poke|p2|Chi-Yu|\n|poke|p2|Roaring Moon|\n|poke|p2|Dragapult, M|\n|poke|p2|Sandy Shocks|\n|teampreview\n|\n|t:|1699398929\n|start\n|switch|p1a: Kleavor|Kleavor, F|100\/100\n|switch|p1b: Ogerpon|Ogerpon, F|100\/100\n|switch|p2a: tortle|Torkoal, F, shiny|100\/100\n|switch|p2b: serpent boi|Dragapult, M, shiny|100\/100\n|-weather|SunnyDay|[from] ability: Drought|[of] p2a: tortle\n|turn|1\n|inactive|Battle timer is ON: inactive players will automatically lose when time's up. (requested by Songfossil)\n|\n|t:|1699398946\n|switch|p2b: kingdom:plantae|Chi-Yu|100\/100\n|-ability|p2b: kingdom:plantae|Beads of Ruin\n|move|p1a: Kleavor|Stone Axe|p2a: tortle\n|-supereffective|p2a: tortle\n|-damage|p2a: tortle|44\/100\n|-sidestart|p2: icetail25|move: Stealth Rock\n|move|p1b: Ogerpon|U-turn|p2b: kingdom:plantae\n|-damage|p2b: kingdom:plantae|47\/100\n|-damage|p1b: Ogerpon|91\/100|[from] item: Life Orb\n|\n|t:|1699398957\n|switch|p1b: Great Tusk|Great Tusk|100\/100|[from] U-turn\n|-activate|p1b: Great Tusk|ability: Protosynthesis\n|-start|p1b: Great Tusk|protosynthesisatk\n|move|p2a: tortle|Lava Plume|p1b: Great Tusk|[spread] p2b,p1a,p1b\n|-resisted|p2b: kingdom:plantae\n|-damage|p2b: kingdom:plantae|32\/100\n|-damage|p1a: Kleavor|41\/100\n|-damage|p1b: Great Tusk|46\/100\n|-status|p1a: Kleavor|brn\n|-status|p1b: Great Tusk|brn\n|\n|-weather|SunnyDay|[upkeep]\n|-damage|p1a: Kleavor|35\/100 brn|[from] brn\n|-damage|p1b: Great Tusk|39\/100 brn|[from] brn\n|upkeep\n|turn|2\n|\n|t:|1699398986\n|switch|p2b: 3 big balls|Sandy Shocks, shiny|100\/100\n|-damage|p2b: 3 big balls|94\/100|[from] Stealth Rock\n|-activate|p2b: 3 big balls|ability: Protosynthesis\n|-start|p2b: 3 big balls|protosynthesisspa\n|move|p1a: Kleavor|Stone Axe|p2b: 3 big balls\n|-resisted|p2b: 3 big balls\n|-damage|p2b: 3 big balls|81\/100\n|move|p1b: Great Tusk|Headlong Rush|p2a: tortle\n|-supereffective|p2a: tortle\n|-damage|p2a: tortle|0 fnt\n|-unboost|p1b: Great Tusk|def|1\n|-unboost|p1b: Great Tusk|spd|1\n|faint|p2a: tortle\n|\n|-weather|SunnyDay|[upkeep]\n|-damage|p1a: Kleavor|29\/100 brn|[from] brn\n|-damage|p1b: Great Tusk|33\/100 brn|[from] brn\n|upkeep\n|inactive|icetail25 has 120 seconds left.\n|\n|t:|1699399009\n|switch|p2a: \u4f60\u7684\u5988\u5988|Roaring Moon|100\/100\n|-damage|p2a: \u4f60\u7684\u5988\u5988|88\/100|[from] Stealth Rock\n|-activate|p2a: \u4f60\u7684\u5988\u5988|ability: Protosynthesis\n|-start|p2a: \u4f60\u7684\u5988\u5988|protosynthesisatk\n|turn|3\n|inactive|icetail25 has 120 seconds left.\n|\n|t:|1699399025\n|move|p1a: Kleavor|Stone Axe|p2a: \u4f60\u7684\u5988\u5988\n|-damage|p2a: \u4f60\u7684\u5988\u5988|54\/100\n|move|p2a: \u4f60\u7684\u5988\u5988|Dragon Claw|p1b: Great Tusk\n|-damage|p1b: Great Tusk|0 fnt\n|faint|p1b: Great Tusk\n|-end|p1b: Great Tusk|Protosynthesis|[silent]\n|move|p2b: 3 big balls|Earth Power|p1a: Kleavor\n|-damage|p1a: Kleavor|0 fnt\n|faint|p1a: Kleavor\n|\n|-weather|SunnyDay|[upkeep]\n|upkeep\n|inactive|Songfossil has 120 seconds left.\n|inactive|Songfossil has 90 seconds left.\n|\n|t:|1699399086\n|switch|p1b: Ursaluna|Ursaluna-Bloodmoon, M|100\/100\n|switch|p1a: Fezandipiti|Fezandipiti, M|100\/100\n|turn|4\n|inactive|icetail25 has 120 seconds left.\n|\n|t:|1699399131\n|move|p1b: Ursaluna|Vacuum Wave|p2a: \u4f60\u7684\u5988\u5988\n|-supereffective|p2a: \u4f60\u7684\u5988\u5988\n|-damage|p2a: \u4f60\u7684\u5988\u5988|20\/100\n|move|p2a: \u4f60\u7684\u5988\u5988|Dragon Claw|p1b: Ursaluna\n|-damage|p1b: Ursaluna|41\/100\n|move|p2b: 3 big balls|Earth Power|p1a: Fezandipiti\n|-supereffective|p1a: Fezandipiti\n|-damage|p1a: Fezandipiti|21\/100\n|move|p1a: Fezandipiti|Icy Wind|p2a: \u4f60\u7684\u5988\u5988|[spread] p2a,p2b\n|-supereffective|p2a: \u4f60\u7684\u5988\u5988\n|-supereffective|p2b: 3 big balls\n|-damage|p2a: \u4f60\u7684\u5988\u5988|6\/100\n|-damage|p2b: 3 big balls|64\/100\n|-unboost|p2a: \u4f60\u7684\u5988\u5988|spe|1\n|-unboost|p2b: 3 big balls|spe|1\n|-status|p2a: \u4f60\u7684\u5988\u5988|tox|[from] ability: Toxic Chain|[of] p1a: Fezandipiti\n|\n|-weather|SunnyDay|[upkeep]\n|-damage|p2a: \u4f60\u7684\u5988\u5988|0 fnt|[from] psn\n|faint|p2a: \u4f60\u7684\u5988\u5988\n|-end|p2a: \u4f60\u7684\u5988\u5988|Protosynthesis|[silent]\n|upkeep\n|inactive|icetail25 has 90 seconds left.\n|\n|t:|1699399158\n|switch|p2a: ELON TUSK|Great Tusk|100\/100\n|-damage|p2a: ELON TUSK|98\/100|[from] Stealth Rock\n|-activate|p2a: ELON TUSK|ability: Protosynthesis\n|-start|p2a: ELON TUSK|protosynthesisatk\n|turn|5\n|\n|t:|1699399171\n|move|p1a: Fezandipiti|Icy Wind|p2a: ELON TUSK|[spread] p2a,p2b\n|-supereffective|p2a: ELON TUSK\n|-supereffective|p2b: 3 big balls\n|-damage|p2a: ELON TUSK|89\/100\n|-damage|p2b: 3 big balls|44\/100\n|-unboost|p2a: ELON TUSK|spe|1\n|-unboost|p2b: 3 big balls|spe|1\n|move|p2b: 3 big balls|Earth Power|p1a: Fezandipiti\n|-supereffective|p1a: Fezandipiti\n|-damage|p1a: Fezandipiti|0 fnt\n|faint|p1a: Fezandipiti\n|move|p1b: Ursaluna|Moonblast|p2a: ELON TUSK\n|-supereffective|p2a: ELON TUSK\n|-damage|p2a: ELON TUSK|49\/100\n|-unboost|p2a: ELON TUSK|spa|1\n|move|p2a: ELON TUSK|Close Combat|p1b: Ursaluna\n|-supereffective|p1b: Ursaluna\n|-damage|p1b: Ursaluna|0 fnt\n|-unboost|p2a: ELON TUSK|def|1\n|-unboost|p2a: ELON TUSK|spd|1\n|faint|p1b: Ursaluna\n|\n|-weather|SunnyDay|[upkeep]\n|upkeep\n|inactive|Songfossil has 120 seconds left.\n|\n|t:|1699399196\n|switch|p1a: Ogerpon|Ogerpon, F|91\/100\n|switch|p1b: Iron Jugulis|Iron Jugulis|100\/100\n|-enditem|p1b: Iron Jugulis|Booster Energy\n|-activate|p1b: Iron Jugulis|ability: Quark Drive|[fromitem]\n|-start|p1b: Iron Jugulis|quarkdrivespe\n|turn|6\n|inactive|icetail25 has 120 seconds left.\n|\n|t:|1699399214\n|-end|p2b: 3 big balls|Protosynthesis|[silent]\n|switch|p2b: serpent boi|Dragapult, M, shiny|100\/100\n|-damage|p2b: serpent boi|88\/100|[from] Stealth Rock\n|-end|p2a: ELON TUSK|Protosynthesis|[silent]\n|switch|p2a: kingdom:plantae|Chi-Yu|32\/100\n|-damage|p2a: kingdom:plantae|7\/100|[from] Stealth Rock\n|-ability|p2a: kingdom:plantae|Beads of Ruin\n|-terastallize|p1a: Ogerpon|Grass\n|detailschange|p1a: Ogerpon|Ogerpon-Teal-Tera, F, tera:Grass\n|-ability|p1a: Ogerpon|Embody Aspect (Teal)|boost\n|-boost|p1a: Ogerpon|spe|1\n|move|p1a: Ogerpon|Horn Leech|p2a: kingdom:plantae\n|-resisted|p2a: kingdom:plantae\n|-damage|p2a: kingdom:plantae|0 fnt\n|-heal|p1a: Ogerpon|94\/100|[from] drain|[of] p2a: kingdom:plantae\n|faint|p2a: kingdom:plantae\n|-damage|p1a: Ogerpon|84\/100|[from] item: Life Orb\n|move|p1b: Iron Jugulis|Dark Pulse|p2b: serpent boi\n|-supereffective|p2b: serpent boi\n|-damage|p2b: serpent boi|0 fnt\n|faint|p2b: serpent boi\n|\n|-weather|SunnyDay|[upkeep]\n|upkeep\n|inactive|icetail25 has 120 seconds left.\n|\n|t:|1699399240\n|switch|p2b: ELON TUSK|Great Tusk|49\/100\n|switch|p2a: 3 big balls|Sandy Shocks, shiny|44\/100\n|-damage|p2a: 3 big balls|38\/100|[from] Stealth Rock\n|-activate|p2a: 3 big balls|ability: Protosynthesis\n|-start|p2a: 3 big balls|protosynthesisspa\n|-damage|p2b: ELON TUSK|46\/100|[from] Stealth Rock\n|-activate|p2b: ELON TUSK|ability: Protosynthesis\n|-start|p2b: ELON TUSK|protosynthesisatk\n|turn|7\n|c|\u2606icetail25|oops\n|inactive|icetail25 has 120 seconds left.\n|\n|t:|1699399266\n|move|p1a: Ogerpon|Horn Leech|p2a: 3 big balls\n|-supereffective|p2a: 3 big balls\n|-damage|p2a: 3 big balls|0 fnt\n|-heal|p1a: Ogerpon|100\/100|[from] drain|[of] p2a: 3 big balls\n|faint|p2a: 3 big balls\n|-end|p2a: 3 big balls|Protosynthesis|[silent]\n|-damage|p1a: Ogerpon|91\/100|[from] item: Life Orb\n|move|p1b: Iron Jugulis|Hurricane|p2b: ELON TUSK|[miss]\n|-miss|p1b: Iron Jugulis|p2b: ELON TUSK\n|move|p2b: ELON TUSK|Earthquake|p1b: Iron Jugulis|[spread] p1a\n|-immune|p1b: Iron Jugulis\n|-resisted|p1a: Ogerpon\n|-damage|p1a: Ogerpon|65\/100\n|\n|-weather|SunnyDay|[upkeep]\n|upkeep\n|turn|8\n|inactive|icetail25 has 120 seconds left.\n|\n|t:|1699399284\n|move|p1a: Ogerpon|Horn Leech|p2b: ELON TUSK\n|-supereffective|p2b: ELON TUSK\n|-damage|p2b: ELON TUSK|0 fnt\n|-heal|p1a: Ogerpon|97\/100|[from] drain|[of] p2b: ELON TUSK\n|faint|p2b: ELON TUSK\n|-end|p2b: ELON TUSK|Protosynthesis|[silent]\n|-damage|p1a: Ogerpon|87\/100|[from] item: Life Orb\n|\n|win|Songfossil\n|raw|Songfossil's rating: 1076 &rarr; <strong>1101<\/strong><br \/>(+25 for winning)\n|raw|icetail25's rating: 1033 &rarr; <strong>1020<\/strong><br \/>(-13 for losing)\n|c|\u2606icetail25|gg\n|l|\u2606icetail25\n","uploadtime":1699399316,"views":12,"p1id":"songfossil","p2id":"icetail25","formatid":"gen9doublesou","rating":1020,"private":0,"password":""}