{"id":"gen9doublesou-1969422583","p1":"Haneoka_Meimi","p2":"xiewenzhe","format":"[Gen 9] Doubles OU","log":"|j|\u2606Haneoka_Meimi\n|j|\u2606xiewenzhe\n|t:|1697529247\n|gametype|doubles\n|player|p1|Haneoka_Meimi|169|1482\n|player|p2|xiewenzhe|169|1364\n|teamsize|p1|6\n|teamsize|p2|6\n|gen|9\n|tier|[Gen 9] Doubles OU\n|rated|\n|rule|Species Clause: Limit one of each Pok\u00e9mon\n|rule|OHKO Clause: OHKO moves are banned\n|rule|Evasion Moves Clause: Evasion moves are banned\n|rule|Gravity Sleep Clause: The combination of sleep-inducing moves with imperfect accuracy and Gravity or Gigantamax Orbeetle are banned\n|rule|Endless Battle Clause: Forcing endless battles is banned\n|rule|HP Percentage Mod: HP is shown in percentages\n|clearpoke\n|poke|p1|Ogerpon-Wellspring, F|\n|poke|p1|Ursaluna-Bloodmoon, M|\n|poke|p1|Armarouge, F|\n|poke|p1|Tornadus, M|\n|poke|p1|Iron Hands|\n|poke|p1|Iron Bundle|\n|poke|p2|Ogerpon-Hearthflame, F|\n|poke|p2|Rillaboom, M|\n|poke|p2|Sinistcha|\n|poke|p2|Flutter Mane|\n|poke|p2|Landorus-Therian, M|\n|poke|p2|Chi-Yu|\n|teampreview\n|\n|t:|1697529273\n|start\n|switch|p1a: Iron Bundle|Iron Bundle|100\/100\n|switch|p1b: Ursaluna|Ursaluna-Bloodmoon, M|100\/100\n|switch|p2a: Flutter Mane|Flutter Mane|100\/100\n|switch|p2b: Sinistcha|Sinistcha|100\/100\n|-enditem|p1a: Iron Bundle|Booster Energy\n|-activate|p1a: Iron Bundle|ability: Quark Drive|[fromitem]\n|-start|p1a: Iron Bundle|quarkdrivespe\n|turn|1\n|inactive|Battle timer is ON: inactive players will automatically lose when time's up. (requested by Haneoka_Meimi)\n|\n|t:|1697529294\n|-terastallize|p1b: Ursaluna|Normal\n|move|p1a: Iron Bundle|Protect|p1a: Iron Bundle\n|-singleturn|p1a: Iron Bundle|Protect\n|move|p2a: Flutter Mane|Dazzling Gleam|p1a: Iron Bundle|[spread] p1b\n|-activate|p1a: Iron Bundle|move: Protect\n|-damage|p1b: Ursaluna|54\/100\n|-damage|p2a: Flutter Mane|91\/100|[from] item: Life Orb\n|move|p2b: Sinistcha|Matcha Gotcha|p1a: Iron Bundle|[spread] p1b\n|-activate|p1a: Iron Bundle|move: Protect\n|-damage|p1b: Ursaluna|25\/100\n|move|p1b: Ursaluna|Hyper Voice|p2b: Sinistcha|[spread] p2a,p2b\n|-crit|p2b: Sinistcha\n|-damage|p2a: Flutter Mane|5\/100\n|-damage|p2b: Sinistcha|0 fnt\n|faint|p2b: Sinistcha\n|\n|upkeep\n|\n|t:|1697529312\n|switch|p2b: Rillaboom|Rillaboom, M|100\/100\n|-fieldstart|move: Grassy Terrain|[from] ability: Grassy Surge|[of] p2b: Rillaboom\n|turn|2\n|\n|t:|1697529320\n|move|p2b: Rillaboom|Fake Out|p1a: Iron Bundle\n|-damage|p1a: Iron Bundle|84\/100\n|cant|p1a: Iron Bundle|flinch\n|move|p2a: Flutter Mane|Dazzling Gleam|p1a: Iron Bundle|[spread] p1a,p1b\n|-damage|p1a: Iron Bundle|0 fnt\n|-damage|p1b: Ursaluna|0 fnt\n|faint|p1a: Iron Bundle\n|-end|p1a: Iron Bundle|Quark Drive|[silent]\n|faint|p1b: Ursaluna\n|-damage|p2a: Flutter Mane|0 fnt|[from] item: Life Orb\n|faint|p2a: Flutter Mane\n|-end|p2a: Flutter Mane|Protosynthesis|[silent]\n|\n|upkeep\n|\n|t:|1697529343\n|switch|p1a: Iron Hands|Iron Hands|100\/100\n|switch|p2a: Ogerpon|Ogerpon-Hearthflame, F|100\/100\n|switch|p1b: Tornadus|Tornadus, M|100\/100\n|-ability|p2a: Ogerpon|Mold Breaker\n|turn|3\n|\n|t:|1697529364\n|switch|p2b: Landorus|Landorus-Therian, M|100\/100\n|-ability|p2b: Landorus|Intimidate|boost\n|-unboost|p1a: Iron Hands|atk|1\n|-unboost|p1b: Tornadus|atk|1\n|-terastallize|p2a: Ogerpon|Fire\n|detailschange|p2a: Ogerpon|Ogerpon-Hearthflame-Tera, F, tera:Fire\n|-ability|p2a: Ogerpon|Embody Aspect (Hearthflame)|boost\n|-boost|p2a: Ogerpon|atk|1\n|move|p1a: Iron Hands|Fake Out|p2b: Landorus\n|-damage|p2b: Landorus|94\/100\n|-damage|p1a: Iron Hands|84\/100|[from] item: Rocky Helmet|[of] p2b: Landorus\n|move|p1b: Tornadus|Bleakwind Storm|p2b: Landorus|[spread] p2a,p2b\n|-damage|p2a: Ogerpon|46\/100\n|-damage|p2b: Landorus|38\/100\n|-damage|p1b: Tornadus|90\/100|[from] item: Life Orb\n|move|p2a: Ogerpon|Ivy Cudgel|p1b: Tornadus\n|-damage|p1b: Tornadus|0 fnt\n|faint|p1b: Tornadus\n|\n|-heal|p2a: Ogerpon|52\/100|[from] Grassy Terrain\n|-heal|p1a: Iron Hands|90\/100|[from] Grassy Terrain\n|upkeep\n|\n|t:|1697529384\n|switch|p1b: Ogerpon|Ogerpon-Wellspring, F|100\/100\n|turn|4\n|\n|t:|1697529405\n|move|p1b: Ogerpon|Ivy Cudgel|p2a: Ogerpon\n|-supereffective|p2a: Ogerpon\n|-damage|p2a: Ogerpon|0 fnt\n|faint|p2a: Ogerpon\n|move|p2b: Landorus|U-turn|p1a: Iron Hands\n|-resisted|p1a: Iron Hands\n|-damage|p1a: Iron Hands|83\/100\n|\n|t:|1697529409\n|switch|p2b: Rillaboom|Rillaboom, M|100\/100|[from] U-turn\n|move|p1a: Iron Hands|Close Combat|p2b: Rillaboom\n|-damage|p2b: Rillaboom|61\/100\n|-unboost|p1a: Iron Hands|def|1\n|-unboost|p1a: Iron Hands|spd|1\n|\n|-heal|p2b: Rillaboom|67\/100|[from] Grassy Terrain\n|-heal|p1a: Iron Hands|89\/100|[from] Grassy Terrain\n|upkeep\n|\n|t:|1697529412\n|switch|p2a: Chi-Yu|Chi-Yu|100\/100\n|-ability|p2a: Chi-Yu|Beads of Ruin\n|turn|5\n|\n|t:|1697529429\n|-end|p1a: Iron Hands|Quark Drive|[silent]\n|switch|p1a: Armarouge|Armarouge, F|100\/100\n|move|p1b: Ogerpon|Spiky Shield|p1b: Ogerpon\n|-singleturn|p1b: Ogerpon|move: Protect\n|move|p2a: Chi-Yu|Protect|p2a: Chi-Yu\n|-singleturn|p2a: Chi-Yu|Protect\n|move|p2b: Rillaboom|Wood Hammer|p1b: Ogerpon\n|-activate|p1b: Ogerpon|move: Protect\n|-damage|p2b: Rillaboom|55\/100|[from] Spiky Shield|[of] p1b: Ogerpon\n|\n|-heal|p2b: Rillaboom|61\/100|[from] Grassy Terrain\n|upkeep\n|turn|6\n|\n|t:|1697529452\n|switch|p2a: Landorus|Landorus-Therian, M|38\/100\n|-ability|p2a: Landorus|Intimidate|boost\n|-unboost|p1a: Armarouge|atk|1\n|-unboost|p1b: Ogerpon|atk|1\n|move|p1a: Armarouge|Ally Switch|p1a: Armarouge\n|swap|p1a: Armarouge|1|[from] move: Ally Switch\n|move|p2b: Rillaboom|Grassy Glide|p1b: Armarouge\n|-resisted|p1b: Armarouge\n|-damage|p1b: Armarouge|89\/100\n|move|p1a: Ogerpon|Ivy Cudgel|p2a: Landorus\n|-supereffective|p2a: Landorus\n|-damage|p2a: Landorus|0 fnt\n|faint|p2a: Landorus\n|\n|-heal|p2b: Rillaboom|67\/100|[from] Grassy Terrain\n|-heal|p1b: Armarouge|95\/100|[from] Grassy Terrain\n|-heal|p1b: Armarouge|100\/100|[from] item: Leftovers\n|-fieldend|move: Grassy Terrain\n|upkeep\n|\n|t:|1697529459\n|switch|p2a: Chi-Yu|Chi-Yu|100\/100\n|-ability|p2a: Chi-Yu|Beads of Ruin\n|turn|7\n|\n|t:|1697529478\n|move|p1a: Ogerpon|Spiky Shield|p1a: Ogerpon\n|-singleturn|p1a: Ogerpon|move: Protect\n|move|p2b: Rillaboom|Fake Out||[still]\n|-hint|Fake Out only works on your first turn out.\n|-fail|p2b: Rillaboom\n|move|p2a: Chi-Yu|Dark Pulse|p1b: Armarouge\n|-supereffective|p1b: Armarouge\n|-damage|p1b: Armarouge|0 fnt\n|faint|p1b: Armarouge\n|-damage|p2a: Chi-Yu|91\/100|[from] item: Life Orb\n|\n|upkeep\n|\n|t:|1697529487\n|switch|p1b: Iron Hands|Iron Hands|89\/100\n|turn|8\n|\n|t:|1697529497\n|move|p2a: Chi-Yu|Protect|p2a: Chi-Yu\n|-singleturn|p2a: Chi-Yu|Protect\n|move|p1b: Iron Hands|Fake Out|p2b: Rillaboom\n|-damage|p2b: Rillaboom|55\/100\n|move|p1a: Ogerpon|Ivy Cudgel|p2a: Chi-Yu\n|-activate|p2a: Chi-Yu|move: Protect\n|cant|p2b: Rillaboom|flinch\n|\n|upkeep\n|turn|9\n|\n|t:|1697529513\n|move|p2a: Chi-Yu|Protect|p2a: Chi-Yu\n|-singleturn|p2a: Chi-Yu|Protect\n|move|p1a: Ogerpon|Ivy Cudgel|p2a: Chi-Yu\n|-activate|p2a: Chi-Yu|move: Protect\n|move|p2b: Rillaboom|Wood Hammer|p1a: Ogerpon\n|-damage|p1a: Ogerpon|28\/100\n|-damage|p2b: Rillaboom|37\/100|[from] Recoil\n|move|p1b: Iron Hands|Close Combat|p2b: Rillaboom\n|-damage|p2b: Rillaboom|0 fnt\n|-unboost|p1b: Iron Hands|def|1\n|-unboost|p1b: Iron Hands|spd|1\n|faint|p2b: Rillaboom\n|\n|upkeep\n|turn|10\n|-message|xiewenzhe forfeited.\n|\n|win|Haneoka_Meimi\n|raw|Haneoka_Meimi's rating: 1482 &rarr; <strong>1495<\/strong><br \/>(+13 for winning)\n|raw|xiewenzhe's rating: 1364 &rarr; <strong>1351<\/strong><br \/>(-13 for losing)\n|l|\u2606xiewenzhe\n","uploadtime":1697529532,"views":20,"p1id":"haneokameimi","p2id":"xiewenzhe","formatid":"gen9doublesou","rating":1351,"private":0,"password":""}