{"id":"gen9doublesou-1979934250","p1":"igmalig","p2":"Frezhtart5","format":"[Gen 9] Doubles OU","log":"|j|\u2606igmalig\n|j|\u2606Frezhtart5\n|t:|1698732180\n|gametype|doubles\n|player|p1|igmalig|2|1188\n|player|p2|Frezhtart5|nita|1103\n|teamsize|p1|6\n|teamsize|p2|6\n|gen|9\n|tier|[Gen 9] Doubles OU\n|rated|\n|rule|Species Clause: Limit one of each Pok\u00e9mon\n|rule|OHKO Clause: OHKO moves are banned\n|rule|Evasion Moves Clause: Evasion moves are banned\n|rule|Gravity Sleep Clause: The combination of sleep-inducing moves with imperfect accuracy and Gravity or Gigantamax Orbeetle are banned\n|rule|Endless Battle Clause: Forcing endless battles is banned\n|rule|HP Percentage Mod: HP is shown in percentages\n|clearpoke\n|poke|p1|Spectrier|\n|poke|p1|Baxcalibur, F|\n|poke|p1|Maushold|\n|poke|p1|Chi-Yu|\n|poke|p1|Torterra, M|\n|poke|p1|Scream Tail|\n|poke|p2|Lilligant-Hisui, F|\n|poke|p2|Torkoal, M|\n|poke|p2|Typhlosion-Hisui, F|\n|poke|p2|Iron Leaves|\n|poke|p2|Scream Tail|\n|poke|p2|Ninetales, M|\n|teampreview\n|inactive|Battle timer is ON: inactive players will automatically lose when time's up. (requested by igmalig)\n|\n|t:|1698732212\n|start\n|switch|p1a: Torterra|Torterra, M|100\/100\n|switch|p1b: Spectrier|Spectrier|100\/100\n|switch|p2a: Hess|Typhlosion-Hisui, F|100\/100\n|switch|p2b: Taelz|Ninetales, M, shiny|100\/100\n|-item|p1a: Torterra|White Herb|[from] ability: Frisk|[of] p2a: Hess|[identify]\n|-item|p1b: Spectrier|Sitrus Berry|[from] ability: Frisk|[of] p2a: Hess|[identify]\n|-weather|SunnyDay|[from] ability: Drought|[of] p2b: Taelz\n|turn|1\n|\n|t:|1698732227\n|move|p1a: Torterra|Wide Guard|p1a: Torterra\n|-singleturn|p1a: Torterra|Wide Guard\n|move|p2a: Hess|Eruption|p1b: Spectrier|[spread] \n|-activate|p1a: Torterra|move: Wide Guard\n|-activate|p1b: Spectrier|move: Wide Guard\n|move|p1b: Spectrier|Shadow Ball|p2a: Hess\n|-supereffective|p2a: Hess\n|-damage|p2a: Hess|0 fnt\n|faint|p2a: Hess\n|-ability|p1b: Spectrier|Grim Neigh|boost\n|-boost|p1b: Spectrier|spa|1\n|move|p2b: Taelz|Dark Pulse|p1b: Spectrier\n|-supereffective|p1b: Spectrier\n|-damage|p1b: Spectrier|35\/100\n|-enditem|p1b: Spectrier|Sitrus Berry|[eat]\n|-heal|p1b: Spectrier|60\/100|[from] item: Sitrus Berry\n|-damage|p2b: Taelz|91\/100|[from] item: Life Orb\n|\n|-weather|SunnyDay|[upkeep]\n|upkeep\n|\n|t:|1698732248\n|switch|p2a: SteelFlower|Iron Leaves|100\/100\n|-enditem|p2a: SteelFlower|Booster Energy\n|-activate|p2a: SteelFlower|ability: Quark Drive|[fromitem]\n|-start|p2a: SteelFlower|quarkdriveatk\n|turn|2\n|\n|t:|1698732262\n|move|p1b: Spectrier|Protect|p1b: Spectrier\n|-singleturn|p1b: Spectrier|Protect\n|move|p2a: SteelFlower|Night Slash|p1b: Spectrier\n|-activate|p1b: Spectrier|move: Protect\n|move|p2b: Taelz|Dark Pulse|p1b: Spectrier\n|-activate|p1b: Spectrier|move: Protect\n|move|p1a: Torterra|Stomping Tantrum|p2b: Taelz\n|-supereffective|p2b: Taelz\n|-damage|p2b: Taelz|0 fnt\n|faint|p2b: Taelz\n|\n|-weather|SunnyDay|[upkeep]\n|upkeep\n|\n|t:|1698732267\n|switch|p2b: Da Babee|Scream Tail|100\/100\n|-activate|p2b: Da Babee|ability: Protosynthesis\n|-start|p2b: Da Babee|protosynthesisspe\n|turn|3\n|inactive|igmalig has 120 seconds left.\n|\n|t:|1698732299\n|switch|p1b: Maushold|Maushold|100\/100\n|move|p2b: Da Babee|Reflect|p2b: Da Babee\n|-sidestart|p2: Frezhtart5|Reflect\n|move|p2a: SteelFlower|Solar Blade||[still]\n|-prepare|p2a: SteelFlower|Solar Blade\n|-anim|p2a: SteelFlower|Solar Blade|p1b: Maushold\n|-damage|p1b: Maushold|0 fnt\n|faint|p1b: Maushold\n|move|p1a: Torterra|Shell Smash|p1a: Torterra\n|-unboost|p1a: Torterra|def|1\n|-unboost|p1a: Torterra|spd|1\n|-boost|p1a: Torterra|atk|2\n|-boost|p1a: Torterra|spa|2\n|-boost|p1a: Torterra|spe|2\n|-enditem|p1a: Torterra|White Herb\n|-clearnegativeboost|p1a: Torterra|[silent]\n|\n|-weather|SunnyDay|[upkeep]\n|upkeep\n|inactive|igmalig has 120 seconds left.\n|\n|t:|1698732310\n|switch|p1b: Chi-Yu|Chi-Yu|100\/100\n|-ability|p1b: Chi-Yu|Beads of Ruin\n|turn|4\n|\n|t:|1698732323\n|move|p2b: Da Babee|Helping Hand|p2a: SteelFlower\n|-singleturn|p2a: SteelFlower|Helping Hand|[of] p2b: Da Babee\n|move|p1a: Torterra|Seed Bomb|p2b: Da Babee\n|-damage|p2b: Da Babee|54\/100\n|move|p2a: SteelFlower|Solar Blade||[still]\n|-prepare|p2a: SteelFlower|Solar Blade\n|-anim|p2a: SteelFlower|Solar Blade|p1a: Torterra\n|-damage|p1a: Torterra|0 fnt\n|faint|p1a: Torterra\n|move|p1b: Chi-Yu|Heat Wave|p2a: SteelFlower|[spread] p2a,p2b\n|-supereffective|p2a: SteelFlower\n|-damage|p2a: SteelFlower|0 fnt\n|-damage|p2b: Da Babee|6\/100\n|faint|p2a: SteelFlower\n|-end|p2a: SteelFlower|Quark Drive|[silent]\n|\n|-weather|SunnyDay|[upkeep]\n|-heal|p2b: Da Babee|12\/100|[from] item: Leftovers\n|upkeep\n|inactive|igmalig has 120 seconds left.\n|\n|t:|1698732373\n|switch|p2a: Lillil|Lilligant-Hisui, F|100\/100\n|switch|p1a: Spectrier|Spectrier|60\/100\n|turn|5\n|inactive|igmalig has 120 seconds left.\n|\n|t:|1698732392\n|move|p1a: Spectrier|Protect|p1a: Spectrier\n|-singleturn|p1a: Spectrier|Protect\n|move|p2a: Lillil|Close Combat|p1b: Chi-Yu\n|-supereffective|p1b: Chi-Yu\n|-enditem|p1b: Chi-Yu|Focus Sash\n|-damage|p1b: Chi-Yu|1\/100\n|-unboost|p2a: Lillil|def|1\n|-unboost|p2a: Lillil|spd|1\n|move|p2b: Da Babee|Dazzling Gleam|p1a: Spectrier|[spread] p1b\n|-activate|p1a: Spectrier|move: Protect\n|-damage|p1b: Chi-Yu|0 fnt\n|faint|p1b: Chi-Yu\n|\n|-weather|none\n|-end|p2b: Da Babee|Protosynthesis\n|-heal|p2b: Da Babee|18\/100|[from] item: Leftovers\n|upkeep\n|\n|t:|1698732404\n|switch|p1b: Baxcalibur|Baxcalibur, F|100\/100\n|turn|6\n|inactive|igmalig has 120 seconds left.\n|\n|t:|1698732423\n|move|p1a: Spectrier|Shadow Ball|p2b: Da Babee\n|-supereffective|p2b: Da Babee\n|-damage|p2b: Da Babee|0 fnt\n|faint|p2b: Da Babee\n|-end|p2b: Da Babee|Protosynthesis|[silent]\n|-ability|p1a: Spectrier|Grim Neigh|boost\n|-boost|p1a: Spectrier|spa|1\n|move|p2a: Lillil|Close Combat|p1b: Baxcalibur\n|-supereffective|p1b: Baxcalibur\n|-damage|p1b: Baxcalibur|0 fnt\n|-unboost|p2a: Lillil|def|1\n|-unboost|p2a: Lillil|spd|1\n|faint|p1b: Baxcalibur\n|\n|upkeep\n|\n|t:|1698732433\n|switch|p2b: Bonfire|Torkoal, M|100\/100\n|switch|p1b: Scream Tail|Scream Tail|100\/100\n|-weather|SunnyDay|[from] ability: Drought|[of] p2b: Bonfire\n|-activate|p1b: Scream Tail|ability: Protosynthesis\n|-start|p1b: Scream Tail|protosynthesisspe\n|turn|7\n|\n|t:|1698732450\n|-terastallize|p2b: Bonfire|Fire\n|move|p1a: Spectrier|Protect|p1a: Spectrier\n|-singleturn|p1a: Spectrier|Protect\n|move|p2a: Lillil|After You|p2b: Bonfire\n|-activate|p2b: Bonfire|move: After You\n|move|p2b: Bonfire|Eruption|p1b: Scream Tail|[spread] p1b\n|-activate|p1a: Spectrier|move: Protect\n|-damage|p1b: Scream Tail|8\/100\n|move|p1b: Scream Tail|Encore|p2a: Lillil\n|-start|p2a: Lillil|Encore\n|\n|-weather|SunnyDay|[upkeep]\n|-sideend|p2: Frezhtart5|Reflect\n|upkeep\n|turn|8\n|c|\u2606Frezhtart5|sure\n|\n|t:|1698732475\n|move|p1a: Spectrier|Protect||[still]\n|-fail|p1a: Spectrier\n|move|p2a: Lillil|After You|p2b: Bonfire\n|-activate|p2b: Bonfire|move: After You\n|move|p2b: Bonfire|Eruption|p1b: Scream Tail|[spread] p1a,p1b\n|-damage|p1a: Spectrier|0 fnt\n|-damage|p1b: Scream Tail|0 fnt\n|faint|p1a: Spectrier\n|faint|p1b: Scream Tail\n|-end|p1b: Scream Tail|Protosynthesis|[silent]\n|\n|win|Frezhtart5\n|raw|igmalig's rating: 1188 &rarr; <strong>1157<\/strong><br \/>(-31 for losing)\n|raw|Frezhtart5's rating: 1103 &rarr; <strong>1134<\/strong><br \/>(+31 for winning)\n|c|\u2606Frezhtart5|Nice plays bro\n|c|\u2606Frezhtart5|ggwp\n","uploadtime":1698732617,"views":21,"p1id":"igmalig","p2id":"frezhtart5","formatid":"gen9doublesou","rating":1134,"private":0,"password":""}