{"id":"gen9doublesou-1992305221","p1":"Mr. Alola Tales","p2":"Impostorlol","format":"[Gen 9] Doubles OU","log":"|j|\u2606Mr. Alola Tales\n|j|\u2606Impostorlol\n|t:|1700172853\n|gametype|doubles\n|player|p1|Mr. Alola Tales|archer|1386\n|player|p2|Impostorlol|plasmagrunt|1291\n|teamsize|p1|6\n|teamsize|p2|6\n|gen|9\n|tier|[Gen 9] Doubles OU\n|rated|\n|rule|Species Clause: Limit one of each Pok\u00e9mon\n|rule|OHKO Clause: OHKO moves are banned\n|rule|Evasion Moves Clause: Evasion moves are banned\n|rule|Gravity Sleep Clause: The combination of sleep-inducing moves with imperfect accuracy and Gravity or Gigantamax Orbeetle are banned\n|rule|Endless Battle Clause: Forcing endless battles is banned\n|rule|HP Percentage Mod: HP is shown in percentages\n|clearpoke\n|poke|p1|Dusclops, F|\n|poke|p1|Ursaluna-Bloodmoon, M|\n|poke|p1|Ogerpon-Cornerstone, F|\n|poke|p1|Chi-Yu|\n|poke|p1|Iron Hands|\n|poke|p1|Landorus-Therian, M|\n|poke|p2|Chi-Yu|\n|poke|p2|Iron Bundle|\n|poke|p2|Ogerpon-Hearthflame, F|\n|poke|p2|Sinistcha|\n|poke|p2|Iron Hands|\n|poke|p2|Gholdengo|\n|teampreview\n|\n|t:|1700172865\n|start\n|switch|p1a: Iron Hands|Iron Hands|100\/100\n|switch|p1b: Landorus|Landorus-Therian, M|100\/100\n|switch|p2a: Yin|Chi-Yu|100\/100\n|switch|p2b: Yang|Iron Bundle|100\/100\n|-ability|p1b: Landorus|Intimidate|boost\n|-unboost|p2a: Yin|atk|1\n|-unboost|p2b: Yang|atk|1\n|-ability|p2a: Yin|Beads of Ruin\n|-enditem|p2b: Yang|Booster Energy\n|-activate|p2b: Yang|ability: Quark Drive|[fromitem]\n|-start|p2b: Yang|quarkdrivespe\n|turn|1\n|c|\u2606Mr. Alola Tales|gl hf\n|\n|t:|1700172882\n|move|p2b: Yang|Protect|p2b: Yang\n|-singleturn|p2b: Yang|Protect\n|move|p1a: Iron Hands|Fake Out|p2b: Yang\n|-activate|p2b: Yang|move: Protect\n|move|p1b: Landorus|U-turn|p2a: Yin\n|-damage|p2a: Yin|51\/100\n|\n|t:|1700172896\n|switch|p1b: Ogerpon|Ogerpon-Cornerstone, F|100\/100|[from] U-turn\n|move|p2a: Yin|Heat Wave|p1a: Iron Hands|[spread] p1a,p1b\n|-damage|p1a: Iron Hands|63\/100\n|-damage|p1b: Ogerpon|29\/100\n|\n|upkeep\n|turn|2\n|c|\u2606Impostorlol|glhf\n|\n|t:|1700172926\n|move|p2b: Yang|Icy Wind|p1a: Iron Hands|[spread] p1a,p1b\n|-supereffective|p1b: Ogerpon\n|-damage|p1a: Iron Hands|46\/100\n|-damage|p1b: Ogerpon|0 fnt\n|-unboost|p1a: Iron Hands|spe|1\n|faint|p1b: Ogerpon\n|move|p2a: Yin|Heat Wave|p1a: Iron Hands\n|-damage|p1a: Iron Hands|0 fnt\n|faint|p1a: Iron Hands\n|-end|p1a: Iron Hands|Quark Drive|[silent]\n|\n|upkeep\n|\n|t:|1700172937\n|switch|p1b: Ursaluna|Ursaluna-Bloodmoon, M|100\/100\n|switch|p1a: Dusclops|Dusclops, F|100\/100\n|-item|p2a: Yin|Flame Plate|[from] ability: Frisk|[of] p1a: Dusclops|[identify]\n|turn|3\n|\n|t:|1700172954\n|move|p1b: Ursaluna|Protect|p1b: Ursaluna\n|-singleturn|p1b: Ursaluna|Protect\n|move|p2b: Yang|Freeze-Dry|p1b: Ursaluna\n|-activate|p1b: Ursaluna|move: Protect\n|move|p2a: Yin|Heat Wave|p1b: Ursaluna|[spread] p1a\n|-activate|p1b: Ursaluna|move: Protect\n|-damage|p1a: Dusclops|71\/100\n|move|p1a: Dusclops|Trick Room|p1a: Dusclops\n|-fieldstart|move: Trick Room|[of] p1a: Dusclops\n|\n|upkeep\n|turn|4\n|\n|t:|1700172970\n|move|p1a: Dusclops|Helping Hand|p1b: Ursaluna\n|-singleturn|p1b: Ursaluna|Helping Hand|[of] p1a: Dusclops\n|move|p2a: Yin|Protect|p2a: Yin\n|-singleturn|p2a: Yin|Protect\n|move|p1b: Ursaluna|Hyper Voice|p2b: Yang|[spread] p2b\n|-activate|p2a: Yin|move: Protect\n|-damage|p2b: Yang|0 fnt\n|faint|p2b: Yang\n|-end|p2b: Yang|Quark Drive|[silent]\n|-enditem|p1b: Ursaluna|Throat Spray\n|-boost|p1b: Ursaluna|spa|1|[from] item: Throat Spray\n|\n|upkeep\n|\n|t:|1700172983\n|switch|p2b: Neztach|Sinistcha|100\/100\n|-heal|p2a: Yin|76\/100|[from] ability: Hospitality|[of] p2b: Neztach\n|turn|5\n|\n|t:|1700173008\n|-terastallize|p2a: Yin|Ghost\n|move|p1a: Dusclops|Helping Hand|p1b: Ursaluna\n|-singleturn|p1b: Ursaluna|Helping Hand|[of] p1a: Dusclops\n|move|p1b: Ursaluna|Hyper Voice|p2b: Neztach|[spread] p2a,p2b\n|-damage|p2a: Yin|0 fnt\n|-damage|p2b: Neztach|0 fnt\n|faint|p2a: Yin\n|faint|p2b: Neztach\n|\n|upkeep\n|\n|t:|1700173026\n|switch|p2b: Crumbling Armor|Iron Hands|100\/100\n|switch|p2a: King of Greed|Gholdengo|100\/100\n|turn|6\n|\n|t:|1700173048\n|-terastallize|p1b: Ursaluna|Ghost\n|move|p1a: Dusclops|Helping Hand|p1b: Ursaluna\n|-singleturn|p1b: Ursaluna|Helping Hand|[of] p1a: Dusclops\n|move|p2b: Crumbling Armor|Fake Out|p1b: Ursaluna\n|-immune|p1b: Ursaluna\n|move|p1b: Ursaluna|Earth Power|p2a: King of Greed\n|-supereffective|p2a: King of Greed\n|-damage|p2a: King of Greed|0 fnt\n|faint|p2a: King of Greed\n|\n|upkeep\n|\n|t:|1700173058\n|switch|p2a: The Red Mist|Ogerpon-Hearthflame, F|100\/100\n|-ability|p2a: The Red Mist|Mold Breaker\n|turn|7\n|\n|t:|1700173077\n|move|p1a: Dusclops|Helping Hand|p1b: Ursaluna\n|-singleturn|p1b: Ursaluna|Helping Hand|[of] p1a: Dusclops\n|move|p2a: The Red Mist|Spiky Shield|p2a: The Red Mist\n|-singleturn|p2a: The Red Mist|move: Protect\n|move|p2b: Crumbling Armor|Wild Charge|p1a: Dusclops\n|-damage|p1a: Dusclops|34\/100\n|-damage|p2b: Crumbling Armor|95\/100|[from] Recoil\n|move|p1b: Ursaluna|Hyper Voice|p2b: Crumbling Armor|[spread] p2b\n|-activate|p2a: The Red Mist|move: Protect\n|-damage|p2b: Crumbling Armor|37\/100\n|\n|-fieldend|move: Trick Room\n|upkeep\n|turn|8\n|\n|t:|1700173101\n|switch|p1a: Landorus|Landorus-Therian, M|100\/100\n|-ability|p1a: Landorus|Intimidate|boost\n|-unboost|p2a: The Red Mist|atk|1\n|-unboost|p2b: Crumbling Armor|atk|1\n|move|p1b: Ursaluna|Protect|p1b: Ursaluna\n|-singleturn|p1b: Ursaluna|Protect\n|move|p2a: The Red Mist|Wood Hammer|p1b: Ursaluna\n|-activate|p1b: Ursaluna|move: Protect\n|move|p2b: Crumbling Armor|Wild Charge|p1b: Ursaluna\n|-activate|p1b: Ursaluna|move: Protect\n|\n|upkeep\n|turn|9\n|\n|t:|1700173151\n|move|p1a: Landorus|Stomping Tantrum|p2a: The Red Mist\n|-damage|p2a: The Red Mist|52\/100\n|move|p2a: The Red Mist|Wood Hammer|p1b: Ursaluna\n|-damage|p1b: Ursaluna|74\/100\n|-damage|p2a: The Red Mist|42\/100|[from] Recoil\n|move|p1b: Ursaluna|Hyper Voice|p2b: Crumbling Armor|[spread] p2a,p2b\n|-damage|p2a: The Red Mist|0 fnt\n|-damage|p2b: Crumbling Armor|3\/100\n|faint|p2a: The Red Mist\n|move|p2b: Crumbling Armor|Wild Charge|p1b: Ursaluna\n|-damage|p1b: Ursaluna|49\/100\n|-damage|p2b: Crumbling Armor|0 fnt|[from] Recoil\n|faint|p2b: Crumbling Armor\n|-end|p2b: Crumbling Armor|Quark Drive|[silent]\n|\n|win|Mr. Alola Tales\n|raw|Mr. Alola Tales's rating: 1386 &rarr; <strong>1401<\/strong><br \/>(+15 for winning)\n|raw|Impostorlol's rating: 1291 &rarr; <strong>1273<\/strong><br \/>(-18 for losing)\n|l|\u2606Impostorlol\n|c|\u2606Mr. Alola Tales|gg\n","uploadtime":1700173167,"views":9,"p1id":"mralolatales","p2id":"impostorlol","formatid":"gen9doublesou","rating":1273,"private":0,"password":""}