{"id":"gen9doublesou-1994718169","p1":"minhbeossss","p2":"carambolo","format":"[Gen 9] Doubles OU","log":"|j|\u2606minhbeossss\n|j|\u2606carambolo\n|t:|1700485231\n|gametype|doubles\n|player|p1|minhbeossss|policeman-gen4|1416\n|player|p2|carambolo|102|1459\n|teamsize|p1|6\n|teamsize|p2|6\n|gen|9\n|tier|[Gen 9] Doubles OU\n|rated|\n|rule|Species Clause: Limit one of each Pok\u00e9mon\n|rule|OHKO Clause: OHKO moves are banned\n|rule|Evasion Moves Clause: Evasion moves are banned\n|rule|Gravity Sleep Clause: The combination of sleep-inducing moves with imperfect accuracy and Gravity or Gigantamax Orbeetle are banned\n|rule|Endless Battle Clause: Forcing endless battles is banned\n|rule|HP Percentage Mod: HP is shown in percentages\n|clearpoke\n|poke|p1|Palafin, M|\n|poke|p1|Regieleki|\n|poke|p1|Sinistcha-Masterpiece|\n|poke|p1|Chien-Pao|\n|poke|p1|Iron Hands|\n|poke|p1|Pelipper, M|\n|poke|p2|Spiritomb, M|\n|poke|p2|Gastrodon, M|\n|poke|p2|Kingambit, M|\n|poke|p2|Hatterene, F|\n|poke|p2|Armarouge, F|\n|poke|p2|Kommo-o, F|\n|teampreview\n|inactive|Battle timer is ON: inactive players will automatically lose when time's up. (requested by minhbeossss)\n|\n|t:|1700485243\n|start\n|switch|p1a: Palafin|Palafin, M|100\/100\n|switch|p1b: Regieleki|Regieleki|100\/100\n|switch|p2a: Spektro|Spiritomb, M|100\/100\n|switch|p2b: Gre\u00f1as|Hatterene, F|100\/100\n|-ability|p2a: Spektro|Pressure\n|turn|1\n|\n|t:|1700485256\n|switch|p2b: Trujo|Gastrodon, M|100\/100\n|move|p1b: Regieleki|Volt Switch|p2a: Spektro\n|-damage|p2a: Spektro|53\/100\n|\n|t:|1700485264\n|switch|p1b: Pelipper|Pelipper, M|100\/100|[from] Volt Switch\n|-weather|RainDance|[from] ability: Drizzle|[of] p1b: Pelipper\n|move|p1a: Palafin|Flip Turn|p2b: Trujo\n|-activate|p2b: Trujo|ability: Storm Drain\n|-ability|p2b: Trujo|Storm Drain|boost\n|-boost|p2b: Trujo|spa|1\n|move|p2a: Spektro|Trick Room|p2a: Spektro\n|-fieldstart|move: Trick Room|[of] p2a: Spektro\n|\n|-weather|RainDance|[upkeep]\n|-heal|p2a: Spektro|59\/100|[from] item: Leftovers\n|upkeep\n|turn|2\n|\n|t:|1700485286\n|detailschange|p1a: Palafin|Palafin-Hero, M\n|switch|p1a: Iron Hands|Iron Hands|100\/100\n|move|p1b: Pelipper|Protect|p1b: Pelipper\n|-singleturn|p1b: Pelipper|Protect\n|move|p2a: Spektro|Snarl|p1b: Pelipper|[spread] p1a\n|-activate|p1b: Pelipper|move: Protect\n|-resisted|p1a: Iron Hands\n|-damage|p1a: Iron Hands|97\/100\n|-unboost|p1a: Iron Hands|spa|1\n|move|p2b: Trujo|Earth Power|p1a: Iron Hands\n|-supereffective|p1a: Iron Hands\n|-damage|p1a: Iron Hands|35\/100\n|\n|-weather|RainDance|[upkeep]\n|-heal|p2a: Spektro|65\/100|[from] item: Leftovers\n|upkeep\n|turn|3\n|\n|t:|1700485313\n|move|p1a: Iron Hands|Fake Out|p2b: Trujo\n|-damage|p2b: Trujo|84\/100\n|move|p2a: Spektro|Will-O-Wisp|p1a: Iron Hands\n|-status|p1a: Iron Hands|brn\n|cant|p2b: Trujo|flinch\n|move|p1b: Pelipper|Hurricane|p2a: Spektro\n|-damage|p2a: Spektro|33\/100\n|\n|-weather|RainDance|[upkeep]\n|-heal|p2a: Spektro|39\/100|[from] item: Leftovers\n|-damage|p1a: Iron Hands|29\/100 brn|[from] brn\n|upkeep\n|turn|4\n|\n|t:|1700485332\n|move|p2a: Spektro|Snarl|p1a: Iron Hands|[spread] p1a,p1b\n|-resisted|p1a: Iron Hands\n|-damage|p1a: Iron Hands|25\/100 brn\n|-damage|p1b: Pelipper|79\/100\n|-unboost|p1a: Iron Hands|spa|1\n|-unboost|p1b: Pelipper|spa|1\n|move|p2b: Trujo|Earth Power|p1a: Iron Hands\n|-supereffective|p1a: Iron Hands\n|-damage|p1a: Iron Hands|0 fnt\n|faint|p1a: Iron Hands\n|-end|p1a: Iron Hands|Quark Drive|[silent]\n|-heal|p2b: Trujo|88\/100|[from] item: Shell Bell|[of] p1: Iron Hands\n|move|p1b: Pelipper|Hurricane|p2a: Spektro\n|-damage|p2a: Spektro|16\/100\n|\n|-weather|RainDance|[upkeep]\n|-heal|p2a: Spektro|22\/100|[from] item: Leftovers\n|upkeep\n|\n|t:|1700485349\n|switch|p1a: Sinistcha|Sinistcha-Masterpiece|100\/100\n|-heal|p1b: Pelipper|100\/100|[from] ability: Hospitality|[of] p1a: Sinistcha\n|turn|5\n|\n|t:|1700485366\n|-terastallize|p2b: Trujo|Fire\n|move|p1b: Pelipper|Helping Hand|p1a: Sinistcha\n|-singleturn|p1a: Sinistcha|Helping Hand|[of] p1b: Pelipper\n|move|p2a: Spektro|Snarl|p1b: Pelipper|[spread] p1a,p1b\n|-supereffective|p1a: Sinistcha\n|-damage|p1a: Sinistcha|65\/100\n|-damage|p1b: Pelipper|79\/100\n|-unboost|p1a: Sinistcha|spa|1\n|-unboost|p1b: Pelipper|spa|1\n|move|p2b: Trujo|Tera Blast|p1a: Sinistcha|[anim] Tera Blast Fire\n|-supereffective|p1a: Sinistcha\n|-damage|p1a: Sinistcha|5\/100\n|-enditem|p1a: Sinistcha|Sitrus Berry|[eat]\n|-heal|p1a: Sinistcha|29\/100|[from] item: Sitrus Berry\n|-heal|p2b: Trujo|95\/100|[from] item: Shell Bell|[of] p1a: Sinistcha\n|move|p1a: Sinistcha|Matcha Gotcha|p2b: Trujo|[spread] p2a,p2b\n|-resisted|p2b: Trujo\n|-damage|p2a: Spektro|1\/100\n|-heal|p1a: Sinistcha|39\/100|[from] drain|[of] p2a: Spektro\n|-damage|p2b: Trujo|82\/100\n|-heal|p1a: Sinistcha|46\/100|[from] drain|[of] p2b: Trujo\n|-status|p2a: Spektro|brn\n|\n|-weather|RainDance|[upkeep]\n|-heal|p2a: Spektro|7\/100 brn|[from] item: Leftovers\n|-damage|p2a: Spektro|1\/100 brn|[from] brn\n|-fieldend|move: Trick Room\n|upkeep\n|turn|6\n|inactive|minhbeossss has 120 seconds left.\n|inactive|carambolo has 120 seconds left.\n|\n|t:|1700485405\n|move|p1a: Sinistcha|Protect|p1a: Sinistcha\n|-singleturn|p1a: Sinistcha|Protect\n|move|p1b: Pelipper|Hurricane|p2a: Spektro\n|-damage|p2a: Spektro|0 fnt\n|faint|p2a: Spektro\n|move|p2b: Trujo|Tera Blast|p1a: Sinistcha|[anim] Tera Blast Fire\n|-activate|p1a: Sinistcha|move: Protect\n|\n|-weather|RainDance|[upkeep]\n|upkeep\n|\n|t:|1700485412\n|switch|p2a: Braza|Armarouge, F|100\/100\n|turn|7\n|\n|t:|1700485432\n|switch|p1a: Palafin|Palafin-Hero, M|100\/100\n|-activate|p1a: Palafin|ability: Zero to Hero\n|move|p1b: Pelipper|Hurricane|p2b: Trujo\n|-damage|p2b: Trujo|64\/100\n|move|p2b: Trujo|Tera Blast|p1a: Palafin|[anim] Tera Blast Fire\n|-resisted|p1a: Palafin\n|-damage|p1a: Palafin|86\/100\n|-heal|p2b: Trujo|65\/100|[from] item: Shell Bell|[of] p1a: Palafin\n|move|p2a: Braza|Trick Room|p2a: Braza\n|-fieldstart|move: Trick Room|[of] p2a: Braza\n|\n|-weather|RainDance|[upkeep]\n|upkeep\n|turn|8\n|inactive|minhbeossss has 120 seconds left.\n|\n|t:|1700485462\n|switch|p1b: Sinistcha|Sinistcha-Masterpiece|46\/100\n|-heal|p1a: Palafin|100\/100|[from] ability: Hospitality|[of] p1b: Sinistcha\n|move|p2b: Trujo|Earth Power|p1a: Palafin\n|-damage|p1a: Palafin|27\/100\n|-heal|p2b: Trujo|73\/100|[from] item: Shell Bell|[of] p1a: Palafin\n|move|p2a: Braza|Psyshock|p1a: Palafin\n|-damage|p1a: Palafin|0 fnt\n|faint|p1a: Palafin\n|\n|-weather|none\n|upkeep\n|inactive|minhbeossss has 120 seconds left.\n|\n|t:|1700485483\n|switch|p1a: Pelipper|Pelipper, M|79\/100\n|-weather|RainDance|[from] ability: Drizzle|[of] p1a: Pelipper\n|turn|9\n|inactive|minhbeossss has 120 seconds left.\n|\n|t:|1700485498\n|move|p1b: Sinistcha|Protect|p1b: Sinistcha\n|-singleturn|p1b: Sinistcha|Protect\n|move|p2b: Trujo|Recover|p2b: Trujo\n|-heal|p2b: Trujo|100\/100\n|move|p1a: Pelipper|Hurricane|p2b: Trujo\n|-damage|p2b: Trujo|68\/100\n|-start|p2b: Trujo|confusion\n|move|p2a: Braza|Heat Wave|p1b: Sinistcha|[spread] p1a\n|-activate|p1b: Sinistcha|move: Protect\n|-resisted|p1a: Pelipper\n|-damage|p1a: Pelipper|65\/100\n|\n|-weather|RainDance|[upkeep]\n|upkeep\n|turn|10\n|inactive|minhbeossss has 120 seconds left.\n|\n|t:|1700485521\n|-activate|p2b: Trujo|confusion\n|-damage|p2b: Trujo|61\/100|[from] confusion\n|move|p1a: Pelipper|Hurricane|p2a: Braza\n|-damage|p2a: Braza|61\/100\n|move|p1b: Sinistcha|Shadow Ball|p2a: Braza\n|-supereffective|p2a: Braza\n|-damage|p2a: Braza|0 fnt\n|faint|p2a: Braza\n|\n|-weather|RainDance|[upkeep]\n|upkeep\n|inactive|carambolo has 120 seconds left.\n|\n|t:|1700485539\n|switch|p2a: Bigotes|Kingambit, M|100\/100\n|turn|11\n|\n|t:|1700485554\n|switch|p1a: Regieleki|Regieleki|100\/100\n|move|p1b: Sinistcha|Protect|p1b: Sinistcha\n|-singleturn|p1b: Sinistcha|Protect\n|-activate|p2b: Trujo|confusion\n|move|p2b: Trujo|Recover|p2b: Trujo\n|-heal|p2b: Trujo|100\/100\n|move|p2a: Bigotes|Kowtow Cleave|p1a: Regieleki\n|-damage|p1a: Regieleki|0 fnt\n|faint|p1a: Regieleki\n|\n|-weather|RainDance|[upkeep]\n|-fieldend|move: Trick Room\n|upkeep\n|\n|t:|1700485569\n|switch|p1a: Chien-Pao|Chien-Pao|100\/100\n|-ability|p1a: Chien-Pao|Sword of Ruin\n|turn|12\n|\n|t:|1700485582\n|switch|p2a: Gre\u00f1as|Hatterene, F|100\/100\n|move|p1b: Sinistcha|Rage Powder|p1b: Sinistcha\n|-singleturn|p1b: Sinistcha|move: Rage Powder\n|move|p1a: Chien-Pao|Sacred Sword|p2a: Gre\u00f1as\n|-resisted|p2a: Gre\u00f1as\n|-damage|p2a: Gre\u00f1as|90\/100\n|-activate|p2b: Trujo|confusion\n|move|p2b: Trujo|Tera Blast|p1b: Sinistcha|[anim] Tera Blast Fire\n|-supereffective|p1b: Sinistcha\n|-damage|p1b: Sinistcha|0 fnt\n|faint|p1b: Sinistcha\n|\n|-weather|RainDance|[upkeep]\n|upkeep\n|\n|t:|1700485594\n|switch|p1b: Pelipper|Pelipper, M|65\/100\n|turn|13\n|\n|t:|1700485608\n|switch|p2a: Kommo-o|Kommo-o, F|100\/100\n|move|p1a: Chien-Pao|Sacred Sword|p2b: Trujo\n|-damage|p2b: Trujo|61\/100\n|move|p1b: Pelipper|Hurricane|p2a: Kommo-o\n|-supereffective|p2a: Kommo-o\n|-damage|p2a: Kommo-o|32\/100\n|-enditem|p2a: Kommo-o|Sitrus Berry|[eat]\n|-heal|p2a: Kommo-o|57\/100|[from] item: Sitrus Berry\n|-activate|p2b: Trujo|confusion\n|-damage|p2b: Trujo|54\/100|[from] confusion\n|\n|-weather|RainDance|[upkeep]\n|upkeep\n|turn|14\n|\n|t:|1700485627\n|move|p1a: Chien-Pao|Ice Spinner|p2a: Kommo-o\n|-supereffective|p2a: Kommo-o\n|-damage|p2a: Kommo-o|0 fnt\n|faint|p2a: Kommo-o\n|move|p1b: Pelipper|Hurricane|p2b: Trujo\n|-damage|p2b: Trujo|20\/100\n|-end|p2b: Trujo|confusion\n|move|p2b: Trujo|Recover|p2b: Trujo\n|-heal|p2b: Trujo|70\/100\n|\n|-weather|RainDance|[upkeep]\n|upkeep\n|\n|t:|1700485642\n|switch|p2a: Bigotes|Kingambit, M|100\/100\n|turn|15\n|\n|t:|1700485651\n|switch|p2a: Gre\u00f1as|Hatterene, F|90\/100\n|move|p1a: Chien-Pao|Protect|p1a: Chien-Pao\n|-singleturn|p1a: Chien-Pao|Protect\n|move|p1b: Pelipper|Hurricane|p2a: Gre\u00f1as\n|-damage|p2a: Gre\u00f1as|51\/100\n|move|p2b: Trujo|Tera Blast|p1a: Chien-Pao|[anim] Tera Blast Fire\n|-activate|p1a: Chien-Pao|move: Protect\n|\n|-weather|RainDance|[upkeep]\n|upkeep\n|turn|16\n|\n|t:|1700485672\n|move|p1a: Chien-Pao|Sacred Sword|p2a: Gre\u00f1as\n|-resisted|p2a: Gre\u00f1as\n|-crit|p2a: Gre\u00f1as\n|-damage|p2a: Gre\u00f1as|36\/100\n|move|p1b: Pelipper|Hurricane|p2b: Trujo\n|-crit|p2b: Trujo\n|-damage|p2b: Trujo|15\/100\n|move|p2b: Trujo|Tera Blast|p1a: Chien-Pao|[anim] Tera Blast Fire\n|-supereffective|p1a: Chien-Pao\n|-damage|p1a: Chien-Pao|9\/100\n|-heal|p2b: Trujo|24\/100|[from] item: Shell Bell|[of] p1a: Chien-Pao\n|move|p2a: Gre\u00f1as|Trick Room|p2a: Gre\u00f1as\n|-fieldstart|move: Trick Room|[of] p2a: Gre\u00f1as\n|\n|-weather|none\n|upkeep\n|turn|17\n|\n|t:|1700485695\n|move|p1a: Chien-Pao|Ice Shard|p2a: Gre\u00f1as\n|-damage|p2a: Gre\u00f1as|9\/100\n|move|p2a: Gre\u00f1as|Life Dew|p2a: Gre\u00f1as|[spread] p2a\n|-ability|p2b: Trujo|Storm Drain|boost\n|-boost|p2b: Trujo|spa|1\n|-heal|p2a: Gre\u00f1as|34\/100\n|move|p2b: Trujo|Muddy Water|p1b: Pelipper|[spread] p1a,p1b\n|-resisted|p1b: Pelipper\n|-damage|p1a: Chien-Pao|0 fnt\n|-damage|p1b: Pelipper|22\/100\n|faint|p1a: Chien-Pao\n|-heal|p2b: Trujo|29\/100|[from] item: Shell Bell|[of] p1b: Pelipper\n|move|p1b: Pelipper|Hurricane|p2b: Trujo|[miss]\n|-miss|p1b: Pelipper|p2b: Trujo\n|\n|upkeep\n|turn|18\n|-message|minhbeossss forfeited.\n|\n|win|carambolo\n|raw|minhbeossss's rating: 1416 &rarr; <strong>1398<\/strong><br \/>(-18 for losing)\n|raw|carambolo's rating: 1459 &rarr; <strong>1477<\/strong><br \/>(+18 for winning)\n|l|\u2606minhbeossss\n","uploadtime":1700485727,"views":3,"p1id":"minhbeossss","p2id":"carambolo","formatid":"gen9doublesou","rating":1398,"private":0,"password":""}