{"id":"gen9doublesou-1993698210","p1":"Extreme pichu96","p2":"Kuzwa","format":"[Gen 9] Doubles OU","log":"|j|\u2606Extreme pichu96\n|j|\u2606Kuzwa\n|t:|1700346810\n|gametype|doubles\n|player|p1|Extreme pichu96|101|1114\n|player|p2|Kuzwa|pokemonbreeder-gen4|1200\n|teamsize|p1|6\n|teamsize|p2|6\n|gen|9\n|tier|[Gen 9] Doubles OU\n|rated|\n|rule|Species Clause: Limit one of each Pok\u00e9mon\n|rule|OHKO Clause: OHKO moves are banned\n|rule|Evasion Moves Clause: Evasion moves are banned\n|rule|Gravity Sleep Clause: The combination of sleep-inducing moves with imperfect accuracy and Gravity or Gigantamax Orbeetle are banned\n|rule|Endless Battle Clause: Forcing endless battles is banned\n|rule|HP Percentage Mod: HP is shown in percentages\n|clearpoke\n|poke|p1|Sinistcha-Masterpiece|\n|poke|p1|Amoonguss, F|\n|poke|p1|Okidogi, M|\n|poke|p1|Ursaluna-Bloodmoon, M|\n|poke|p1|Volcanion|\n|poke|p1|Maushold|\n|poke|p2|Chi-Yu|\n|poke|p2|Torkoal, M|\n|poke|p2|Glimmora, M|\n|poke|p2|Armarouge, M|\n|poke|p2|Indeedee-F, F|\n|poke|p2|Gallade, M|\n|teampreview\n|\n|t:|1700346831\n|start\n|switch|p1a: Amoonguss|Amoonguss, F|100\/100\n|switch|p1b: Ursaluna|Ursaluna-Bloodmoon, M|100\/100\n|switch|p2a: Strega|Glimmora, M|100\/100\n|switch|p2b: Fuuka Yamagishi|Indeedee-F, F|100\/100\n|-item|p2a: Strega|Air Balloon\n|-fieldstart|move: Psychic Terrain|[from] ability: Psychic Surge|[of] p2b: Fuuka Yamagishi\n|turn|1\n|\n|t:|1700346849\n|move|p2b: Fuuka Yamagishi|Follow Me|p2b: Fuuka Yamagishi\n|-singleturn|p2b: Fuuka Yamagishi|move: Follow Me\n|move|p2a: Strega|Sludge Wave|p1a: Amoonguss|[spread] p2b,p1a,p1b\n|-resisted|p1b: Ursaluna\n|-damage|p2b: Fuuka Yamagishi|76\/100\n|-damage|p1a: Amoonguss|70\/100\n|-damage|p1b: Ursaluna|90\/100\n|move|p1b: Ursaluna|Blood Moon|p2b: Fuuka Yamagishi\n|-crit|p2b: Fuuka Yamagishi\n|-damage|p2b: Fuuka Yamagishi|0 fnt\n|faint|p2b: Fuuka Yamagishi\n|move|p1a: Amoonguss|Pollen Puff|p2a: Strega\n|-resisted|p2a: Strega\n|-crit|p2a: Strega\n|-damage|p2a: Strega|81\/100\n|-enditem|p2a: Strega|Air Balloon\n|\n|-heal|p1a: Amoonguss|77\/100|[from] item: Leftovers\n|upkeep\n|\n|t:|1700346880\n|switch|p2b: Aigis|Armarouge, M|100\/100\n|turn|2\n|\n|t:|1700346897\n|switch|p1a: Volcanion|Volcanion|100\/100\n|move|p2a: Strega|Power Gem|p1a: Volcanion\n|-supereffective|p1a: Volcanion\n|-damage|p1a: Volcanion|53\/100\n|move|p2b: Aigis|Expanding Force|p1a: Volcanion|[spread] p1a,p1b\n|-damage|p1a: Volcanion|15\/100\n|-damage|p1b: Ursaluna|46\/100\n|move|p1b: Ursaluna|Earth Power|p2b: Aigis\n|-supereffective|p2b: Aigis\n|-enditem|p2b: Aigis|Focus Sash\n|-damage|p2b: Aigis|1\/100\n|\n|upkeep\n|turn|3\n|\n|t:|1700346937\n|move|p2a: Strega|Mortal Spin|p1a: Volcanion|[spread] p1a,p1b\n|-resisted|p1b: Ursaluna\n|-damage|p1a: Volcanion|11\/100\n|-damage|p1b: Ursaluna|45\/100\n|-status|p1a: Volcanion|psn\n|-status|p1b: Ursaluna|psn\n|move|p2b: Aigis|Expanding Force|p1b: Ursaluna|[spread] p1a,p1b\n|-crit|p1a: Volcanion\n|-damage|p1a: Volcanion|0 fnt\n|-damage|p1b: Ursaluna|0 fnt\n|faint|p1a: Volcanion\n|faint|p1b: Ursaluna\n|\n|upkeep\n|\n|t:|1700346960\n|switch|p1a: Maushold|Maushold, shiny|100\/100\n|switch|p1b: Okidogi|Okidogi, M|100\/100\n|turn|4\n|\n|t:|1700346974\n|move|p1a: Maushold|Aerial Ace|p2b: Aigis\n|-damage|p2b: Aigis|0 fnt\n|faint|p2b: Aigis\n|move|p2a: Strega|Power Gem|p1a: Maushold\n|-damage|p1a: Maushold|35\/100\n|move|p1b: Okidogi|Drain Punch|p2a: Strega\n|-damage|p2a: Strega|40\/100\n|-activate|p2a: Strega|ability: Toxic Debris\n|-sidestart|p1: Extreme pichu96|move: Toxic Spikes\n|\n|upkeep\n|\n|t:|1700346986\n|switch|p2b: Tortissed|Torkoal, M|100\/100\n|-weather|SunnyDay|[from] ability: Drought|[of] p2b: Tortissed\n|turn|5\n|\n|t:|1700347002\n|move|p1a: Maushold|Population Bomb|p2a: Strega\n|-resisted|p2a: Strega\n|-damage|p2a: Strega|32\/100\n|-activate|p2a: Strega|ability: Toxic Debris\n|-sidestart|p1: Extreme pichu96|move: Toxic Spikes\n|-resisted|p2a: Strega\n|-damage|p2a: Strega|24\/100\n|-resisted|p2a: Strega\n|-crit|p2a: Strega\n|-damage|p2a: Strega|12\/100\n|-resisted|p2a: Strega\n|-damage|p2a: Strega|5\/100\n|-resisted|p2a: Strega\n|-damage|p2a: Strega|0 fnt\n|faint|p2a: Strega\n|-hitcount|p2: Strega|5\n|move|p1b: Okidogi|Knock Off|p2b: Tortissed\n|-damage|p2b: Tortissed|79\/100\n|-status|p2b: Tortissed|tox|[from] ability: Toxic Chain|[of] p1b: Okidogi\n|-enditem|p2b: Tortissed|Heat Rock|[from] move: Knock Off|[of] p1b: Okidogi\n|move|p2b: Tortissed|Eruption|p1a: Maushold|[spread] p1a,p1b\n|-damage|p1a: Maushold|0 fnt\n|-damage|p1b: Okidogi|65\/100\n|faint|p1a: Maushold\n|\n|-weather|SunnyDay|[upkeep]\n|-damage|p2b: Tortissed|73\/100 tox|[from] psn\n|-fieldend|move: Psychic Terrain\n|upkeep\n|inactive|Battle timer is ON: inactive players will automatically lose when time's up. (requested by Kuzwa)\n|\n|t:|1700347026\n|switch|p1a: Amoonguss|Amoonguss, F|100\/100\n|switch|p2a: Ryoji Mochizuki|Chi-Yu|100\/100\n|-ability|p2a: Ryoji Mochizuki|Beads of Ruin\n|-sideend|p1: Extreme pichu96|move: Toxic Spikes|[of] p1a: Amoonguss\n|turn|6\n|\n|t:|1700347047\n|move|p2a: Ryoji Mochizuki|Lava Plume|p1b: Okidogi|[spread] p2b,p1a,p1b\n|-resisted|p2b: Tortissed\n|-supereffective|p1a: Amoonguss\n|-damage|p2b: Tortissed|28\/100 tox\n|-damage|p1a: Amoonguss|1\/100\n|-damage|p1b: Okidogi|22\/100\n|-status|p1b: Okidogi|brn\n|move|p1b: Okidogi|Drain Punch|p2a: Ryoji Mochizuki\n|-supereffective|p2a: Ryoji Mochizuki\n|-damage|p2a: Ryoji Mochizuki|39\/100\n|-heal|p1b: Okidogi|46\/100 brn|[from] drain|[of] p2a: Ryoji Mochizuki\n|move|p1a: Amoonguss|Pollen Puff|p1b: Okidogi\n|-heal|p1b: Okidogi|96\/100 brn\n|move|p2b: Tortissed|Lava Plume|p1b: Okidogi|[spread] p2a,p1a,p1b\n|-resisted|p2a: Ryoji Mochizuki\n|-supereffective|p1a: Amoonguss\n|-damage|p2a: Ryoji Mochizuki|16\/100\n|-damage|p1a: Amoonguss|0 fnt\n|-damage|p1b: Okidogi|66\/100 brn\n|faint|p1a: Amoonguss\n|\n|-weather|SunnyDay|[upkeep]\n|-damage|p2b: Tortissed|16\/100 tox|[from] psn\n|-damage|p1b: Okidogi|60\/100 brn|[from] brn\n|upkeep\n|inactive|Extreme pichu96 has 120 seconds left.\n|\n|t:|1700347071\n|switch|p1a: Sinistcha|Sinistcha-Masterpiece, shiny|100\/100\n|-heal|p1b: Okidogi|85\/100 brn|[from] ability: Hospitality|[of] p1a: Sinistcha\n|turn|7\n|\n|t:|1700347088\n|move|p2a: Ryoji Mochizuki|Lava Plume|p1b: Okidogi|[spread] p2b,p1a,p1b\n|-resisted|p2b: Tortissed\n|-supereffective|p1a: Sinistcha\n|-damage|p2b: Tortissed|0 fnt\n|-damage|p1a: Sinistcha|0 fnt\n|-damage|p1b: Okidogi|42\/100 brn\n|faint|p2b: Tortissed\n|faint|p1a: Sinistcha\n|move|p1b: Okidogi|Drain Punch|p2a: Ryoji Mochizuki\n|-supereffective|p2a: Ryoji Mochizuki\n|-damage|p2a: Ryoji Mochizuki|0 fnt\n|-heal|p1b: Okidogi|48\/100 brn|[from] drain|[of] p2a: Ryoji Mochizuki\n|faint|p2a: Ryoji Mochizuki\n|\n|-weather|SunnyDay|[upkeep]\n|-damage|p1b: Okidogi|42\/100 brn|[from] brn\n|upkeep\n|\n|t:|1700347094\n|switch|p2a: Makoto Yuki|Gallade, M|100\/100\n|turn|8\n|\n|t:|1700347114\n|-terastallize|p1b: Okidogi|Poison\n|-terastallize|p2a: Makoto Yuki|Fire\n|move|p1b: Okidogi|Shadow Claw|p2a: Makoto Yuki\n|-damage|p2a: Makoto Yuki|85\/100\n|move|p2a: Makoto Yuki|Solar Blade||[still]\n|-prepare|p2a: Makoto Yuki|Solar Blade\n|-anim|p2a: Makoto Yuki|Solar Blade|p1b: Okidogi\n|-resisted|p1b: Okidogi\n|-damage|p1b: Okidogi|14\/100 brn\n|\n|-weather|SunnyDay|[upkeep]\n|-damage|p1b: Okidogi|8\/100 brn|[from] brn\n|upkeep\n|turn|9\n|\n|t:|1700347127\n|move|p1b: Okidogi|Drain Punch|p2a: Makoto Yuki\n|-damage|p2a: Makoto Yuki|60\/100\n|-heal|p1b: Okidogi|21\/100 brn|[from] drain|[of] p2a: Makoto Yuki\n|-status|p2a: Makoto Yuki|tox|[from] ability: Toxic Chain|[of] p1b: Okidogi\n|move|p2a: Makoto Yuki|Solar Blade||[still]\n|-prepare|p2a: Makoto Yuki|Solar Blade\n|-anim|p2a: Makoto Yuki|Solar Blade|p1b: Okidogi\n|-resisted|p1b: Okidogi\n|-damage|p1b: Okidogi|0 fnt\n|faint|p1b: Okidogi\n|\n|win|Kuzwa\n|raw|Extreme pichu96's rating: 1114 &rarr; <strong>1095<\/strong><br \/>(-19 for losing)\n|raw|Kuzwa's rating: 1200 &rarr; <strong>1219<\/strong><br \/>(+19 for winning)\n|l|\u2606Extreme pichu96\n","uploadtime":1700347135,"views":4,"p1id":"extremepichu96","p2id":"kuzwa","formatid":"gen9doublesou","rating":1095,"private":0,"password":""}