{"id":"gen9doublesou-1978268649","p1":"maquirin4564888","p2":"yzeetgnuy","format":"[Gen 9] Doubles OU","log":"|j|\u2606maquirin4564888\n|j|\u2606yzeetgnuy\n|t:|1698519073\n|gametype|doubles\n|player|p1|maquirin4564888|169|1000\n|player|p2|yzeetgnuy|burglar|1096\n|teamsize|p1|6\n|teamsize|p2|6\n|gen|9\n|tier|[Gen 9] Doubles OU\n|rated|\n|rule|Species Clause: Limit one of each Pok\u00e9mon\n|rule|OHKO Clause: OHKO moves are banned\n|rule|Evasion Moves Clause: Evasion moves are banned\n|rule|Gravity Sleep Clause: The combination of sleep-inducing moves with imperfect accuracy and Gravity or Gigantamax Orbeetle are banned\n|rule|Endless Battle Clause: Forcing endless battles is banned\n|rule|HP Percentage Mod: HP is shown in percentages\n|clearpoke\n|poke|p1|Houndoom, M|\n|poke|p1|Cloyster, F|\n|poke|p1|Magnezone|\n|poke|p1|Ceruledge, M|\n|poke|p1|Diancie|\n|poke|p1|Sylveon, M|\n|poke|p2|Oricorio-Sensu, M|\n|poke|p2|Volcarona, F|\n|poke|p2|Ceruledge, F|\n|poke|p2|Quaquaval, F|\n|poke|p2|Lilligant, F|\n|poke|p2|Ribombee, F|\n|teampreview\n|\n|t:|1698519106\n|start\n|switch|p1a: izanami hime|Diancie|100\/100\n|switch|p1b: izanagi|Houndoom, M|100\/100\n|switch|p2a: Oricorio|Oricorio-Sensu, M|100\/100\n|switch|p2b: Volcarona|Volcarona, F|100\/100\n|-ability|p1b: izanagi|Unnerve\n|turn|1\n|\n|t:|1698519142\n|move|p2a: Oricorio|Protect|p2a: Oricorio\n|-singleturn|p2a: Oricorio|Protect\n|move|p1b: izanagi|Dark Pulse|p2b: Volcarona\n|-damage|p2b: Volcarona|58\/100\n|move|p2b: Volcarona|Quiver Dance|p2b: Volcarona\n|-boost|p2b: Volcarona|spa|1\n|-boost|p2b: Volcarona|spd|1\n|-boost|p2b: Volcarona|spe|1\n|-activate|p2a: Oricorio|ability: Dancer\n|move|p2a: Oricorio|Quiver Dance|p2a: Oricorio|[from]ability: Dancer\n|-boost|p2a: Oricorio|spa|1\n|-boost|p2a: Oricorio|spd|1\n|-boost|p2a: Oricorio|spe|1\n|move|p1a: izanami hime|Diamond Storm|p2b: Volcarona|[spread] p2b\n|-activate|p2a: Oricorio|move: Protect\n|-supereffective|p2b: Volcarona\n|-damage|p2b: Volcarona|0 fnt\n|-boost|p1a: izanami hime|def|2\n|faint|p2b: Volcarona\n|\n|upkeep\n|\n|t:|1698519162\n|switch|p2b: Quaquaval|Quaquaval, F|100\/100\n|turn|2\n|\n|t:|1698519173\n|-terastallize|p2a: Oricorio|Ground\n|move|p2a: Oricorio|Revelation Dance|p1b: izanagi\n|-supereffective|p1b: izanagi\n|-damage|p1b: izanagi|0 fnt\n|faint|p1b: izanagi\n|move|p2b: Quaquaval|Aqua Step|p1a: izanami hime\n|-supereffective|p1a: izanami hime\n|-damage|p1a: izanami hime|59\/100\n|-boost|p2b: Quaquaval|spe|1\n|-damage|p2b: Quaquaval|91\/100|[from] item: Life Orb\n|-activate|p2a: Oricorio|ability: Dancer\n|move|p2a: Oricorio|Aqua Step|p1a: izanami hime|[from]ability: Dancer\n|-supereffective|p1a: izanami hime\n|-damage|p1a: izanami hime|50\/100\n|-boost|p2a: Oricorio|spe|1\n|move|p1a: izanami hime|Diamond Storm|p2b: Quaquaval|[spread] p2a,p2b\n|-resisted|p2a: Oricorio\n|-resisted|p2b: Quaquaval\n|-crit|p2b: Quaquaval\n|-damage|p2a: Oricorio|80\/100\n|-damage|p2b: Quaquaval|65\/100\n|-boost|p1a: izanami hime|def|2\n|\n|-heal|p2a: Oricorio|86\/100|[from] item: Leftovers\n|-heal|p1a: izanami hime|56\/100|[from] item: Leftovers\n|upkeep\n|\n|t:|1698519200\n|switch|p1b: Magnezone|Magnezone|100\/100\n|turn|3\n|\n|t:|1698519211\n|move|p2a: Oricorio|Revelation Dance|p1b: Magnezone\n|-supereffective|p1b: Magnezone\n|-enditem|p1b: Magnezone|Focus Sash\n|-damage|p1b: Magnezone|1\/100\n|move|p2b: Quaquaval|Wave Crash|p1a: izanami hime\n|-supereffective|p1a: izanami hime\n|-damage|p1a: izanami hime|15\/100\n|-damage|p2b: Quaquaval|52\/100|[from] Recoil\n|-damage|p2b: Quaquaval|42\/100|[from] item: Life Orb\n|move|p1b: Magnezone|Electroweb|p2a: Oricorio|[spread] p2b\n|-immune|p2a: Oricorio\n|-supereffective|p2b: Quaquaval\n|-damage|p2b: Quaquaval|0 fnt\n|faint|p2b: Quaquaval\n|move|p1a: izanami hime|Reflect|p1a: izanami hime\n|-sidestart|p1: maquirin4564888|Reflect\n|\n|-heal|p2a: Oricorio|92\/100|[from] item: Leftovers\n|-heal|p1a: izanami hime|22\/100|[from] item: Leftovers\n|upkeep\n|\n|t:|1698519236\n|switch|p2b: Lilligant|Lilligant, F|100\/100\n|turn|4\n|\n|t:|1698519250\n|move|p2a: Oricorio|Protect|p2a: Oricorio\n|-singleturn|p2a: Oricorio|Protect\n|move|p2b: Lilligant|Teeter Dance|p1a: izanami hime|[spread] p1a,p1b\n|-activate|p2a: Oricorio|move: Protect\n|-start|p1a: izanami hime|confusion\n|-start|p1b: Magnezone|confusion\n|-activate|p2a: Oricorio|ability: Dancer\n|move|p2a: Oricorio|Teeter Dance||[from]ability: Dancer|[still]|[spread] \n|-immune|p2b: Lilligant|confusion|[from] ability: Own Tempo\n|-fail|p2a: Oricorio\n|-activate|p1b: Magnezone|confusion\n|move|p1b: Magnezone|Flash Cannon|p2a: Oricorio\n|-activate|p2a: Oricorio|move: Protect\n|-activate|p1a: izanami hime|confusion\n|-damage|p1a: izanami hime|19\/100|[from] confusion\n|\n|-heal|p2a: Oricorio|98\/100|[from] item: Leftovers\n|-heal|p1a: izanami hime|25\/100|[from] item: Leftovers\n|upkeep\n|turn|5\n|\n|t:|1698519272\n|move|p2a: Oricorio|Revelation Dance|p1b: Magnezone\n|-supereffective|p1b: Magnezone\n|-damage|p1b: Magnezone|0 fnt\n|faint|p1b: Magnezone\n|move|p2b: Lilligant|Quiver Dance|p2b: Lilligant\n|-boost|p2b: Lilligant|spa|1\n|-boost|p2b: Lilligant|spd|1\n|-boost|p2b: Lilligant|spe|1\n|-activate|p2a: Oricorio|ability: Dancer\n|move|p2a: Oricorio|Quiver Dance|p2a: Oricorio|[from]ability: Dancer\n|-boost|p2a: Oricorio|spa|1\n|-boost|p2a: Oricorio|spd|1\n|-boost|p2a: Oricorio|spe|1\n|-activate|p1a: izanami hime|confusion\n|move|p1a: izanami hime|Diamond Storm|p2a: Oricorio|[spread] p2a,p2b\n|-resisted|p2a: Oricorio\n|-damage|p2a: Oricorio|78\/100\n|-damage|p2b: Lilligant|61\/100\n|-boost|p1a: izanami hime|def|2\n|\n|-heal|p2a: Oricorio|84\/100|[from] item: Leftovers\n|-heal|p1a: izanami hime|31\/100|[from] item: Leftovers\n|upkeep\n|\n|t:|1698519292\n|switch|p1b: Musashi|Ceruledge, M|100\/100\n|turn|6\n|\n|t:|1698519300\n|move|p2a: Oricorio|Revelation Dance|p1b: Musashi\n|-supereffective|p1b: Musashi\n|-crit|p1b: Musashi\n|-enditem|p1b: Musashi|Focus Sash\n|-damage|p1b: Musashi|1\/100\n|move|p2b: Lilligant|Petal Dance|p1a: izanami hime\n|-supereffective|p1a: izanami hime\n|-damage|p1a: izanami hime|0 fnt\n|faint|p1a: izanami hime\n|-activate|p2a: Oricorio|ability: Dancer\n|move|p2a: Oricorio|Petal Dance|p1b: Musashi|[from]ability: Dancer\n|-resisted|p1b: Musashi\n|-damage|p1b: Musashi|0 fnt\n|faint|p1b: Musashi\n|\n|-heal|p2a: Oricorio|90\/100|[from] item: Leftovers\n|upkeep\n|c|\u2606maquirin4564888|??????????????????\n|c|\u2606yzeetgnuy|LMAOOOOO\n|\n|t:|1698519326\n|switch|p1b: okami|Sylveon, M|100\/100\n|switch|p1a: YAMATO BANZAI|Cloyster, F|100\/100\n|turn|7\n|c|\u2606maquirin4564888|?\n|c|\u2606maquirin4564888|???\n|c|\u2606maquirin4564888|2 turns in 1 ?\n|c|\u2606yzeetgnuy|it hits twice because of the dancer ability\n|c|\u2606yzeetgnuy|it does dance moves twice\n|c|\u2606maquirin4564888|great idiot\n|c|\u2606maquirin4564888|tkns\n|\n|t:|1698519385\n|move|p2a: Oricorio|Protect|p2a: Oricorio\n|-singleturn|p2a: Oricorio|Protect\n|move|p2b: Lilligant|Petal Dance|p1a: YAMATO BANZAI|[from]lockedmove\n|-supereffective|p1a: YAMATO BANZAI\n|-damage|p1a: YAMATO BANZAI|0 fnt\n|faint|p1a: YAMATO BANZAI\n|-activate|p2a: Oricorio|ability: Dancer\n|move|p2a: Oricorio|Petal Dance|p1b: okami|[from]ability: Dancer\n|-damage|p1b: okami|54\/100\n|move|p1b: okami|Calm Mind|p1b: okami\n|-boost|p1b: okami|spa|1\n|-boost|p1b: okami|spd|1\n|\n|-heal|p2a: Oricorio|96\/100|[from] item: Leftovers\n|-sideend|p1: maquirin4564888|Reflect\n|upkeep\n|turn|8\n|-message|maquirin4564888 forfeited.\n|\n|win|yzeetgnuy\n|raw|maquirin4564888's rating: 1000 &rarr; <strong>1000<\/strong><br \/>(+0 for losing)\n|raw|yzeetgnuy's rating: 1096 &rarr; <strong>1115<\/strong><br \/>(+19 for winning)\n|l|\u2606maquirin4564888\n|c|\u2606yzeetgnuy|like if a teammate uses aqua step, Oricorio will use ut too\n","uploadtime":1698519433,"views":16,"p1id":"maquirin4564888","p2id":"yzeetgnuy","formatid":"gen9doublesou","rating":1000,"private":0,"password":""}