{"id":"gen9doublesou-2000015689","p1":"Kuzwa","p2":"RLisanidiot","format":"[Gen 9] Doubles OU","log":"|j|\u2606Kuzwa\n|j|\u2606RLisanidiot\n|t:|1701141476\n|gametype|doubles\n|player|p1|Kuzwa|pokemonbreeder-gen4|1232\n|player|p2|RLisanidiot|unknownf|1327\n|teamsize|p1|6\n|teamsize|p2|6\n|gen|9\n|tier|[Gen 9] Doubles OU\n|rated|\n|rule|Species Clause: Limit one of each Pok\u00e9mon\n|rule|OHKO Clause: OHKO moves are banned\n|rule|Evasion Moves Clause: Evasion moves are banned\n|rule|Gravity Sleep Clause: The combination of sleep-inducing moves with imperfect accuracy and Gravity or Gigantamax Orbeetle are banned\n|rule|Endless Battle Clause: Forcing endless battles is banned\n|rule|HP Percentage Mod: HP is shown in percentages\n|clearpoke\n|poke|p1|Gallade, M|\n|poke|p1|Glimmora, F|\n|poke|p1|Chien-Pao|\n|poke|p1|Iron Bundle|\n|poke|p1|Ogerpon-Wellspring, F|\n|poke|p1|Murkrow, M|\n|poke|p2|Ninetales-Alola, F|\n|poke|p2|Chien-Pao|\n|poke|p2|Flutter Mane|\n|poke|p2|Tornadus, M|\n|poke|p2|Pachirisu, M|\n|poke|p2|Landorus-Therian, M|\n|teampreview\n|inactive|Battle timer is ON: inactive players will automatically lose when time's up. (requested by RLisanidiot)\n|\n|t:|1701141490\n|start\n|switch|p1a: Castro|Glimmora, F|100\/100\n|switch|p1b: ermal|Murkrow, M|100\/100\n|switch|p2a: Tornadus|Tornadus, M|100\/100\n|switch|p2b: Flutter Mane|Flutter Mane|100\/100\n|-item|p1a: Castro|Air Balloon\n|turn|1\n|\n|t:|1701141506\n|move|p2a: Tornadus|Taunt|p1a: Castro\n|-start|p1a: Castro|move: Taunt\n|move|p1b: ermal|Tailwind|p1b: ermal\n|-sidestart|p1: Kuzwa|move: Tailwind\n|move|p1a: Castro|Sludge Wave|p2b: Flutter Mane|[spread] p1b,p2a,p2b\n|-damage|p1b: ermal|68\/100\n|-damage|p2a: Tornadus|67\/100\n|-damage|p2b: Flutter Mane|60\/100\n|move|p2b: Flutter Mane|Dazzling Gleam|p1b: ermal|[spread] p1a,p1b\n|-resisted|p1a: Castro\n|-supereffective|p1b: ermal\n|-damage|p1a: Castro|68\/100\n|-damage|p1b: ermal|0 fnt\n|-enditem|p1a: Castro|Air Balloon\n|faint|p1b: ermal\n|\n|upkeep\n|\n|t:|1701141522\n|switch|p1b: Eon|Chien-Pao|100\/100\n|-ability|p1b: Eon|Sword of Ruin\n|turn|2\n|\n|t:|1701141527\n|-end|p2b: Flutter Mane|Protosynthesis|[silent]\n|switch|p2b: Landorus|Landorus-Therian, M, shiny|100\/100\n|-ability|p2b: Landorus|Intimidate|boost\n|-unboost|p1a: Castro|atk|1\n|-unboost|p1b: Eon|atk|1\n|move|p2a: Tornadus|Tailwind|p2a: Tornadus\n|-sidestart|p2: RLisanidiot|move: Tailwind\n|move|p1b: Eon|Ice Spinner|p2b: Landorus\n|-supereffective|p2b: Landorus\n|-damage|p2b: Landorus|0 fnt\n|faint|p2b: Landorus\n|move|p1a: Castro|Power Gem|p2a: Tornadus\n|-supereffective|p2a: Tornadus\n|-damage|p2a: Tornadus|0 fnt\n|faint|p2a: Tornadus\n|\n|upkeep\n|\n|t:|1701141542\n|switch|p2b: Flutter Mane|Flutter Mane|60\/100\n|switch|p2a: Pachirisu|Pachirisu, M|100\/100\n|turn|3\n|\n|t:|1701141549\n|-terastallize|p2b: Flutter Mane|Ghost\n|move|p2a: Pachirisu|Follow Me|p2a: Pachirisu\n|-singleturn|p2a: Pachirisu|move: Follow Me\n|move|p1b: Eon|Sucker Punch||[still]\n|-fail|p1b: Eon\n|move|p2b: Flutter Mane|Dazzling Gleam|p1a: Castro|[spread] p1a,p1b\n|-resisted|p1a: Castro\n|-crit|p1a: Castro\n|-supereffective|p1b: Eon\n|-damage|p1a: Castro|11\/100\n|-enditem|p1b: Eon|Focus Sash\n|-damage|p1b: Eon|1\/100\n|move|p1a: Castro|Mortal Spin|p2b: Flutter Mane|[spread] p2a,p2b\n|-resisted|p2b: Flutter Mane\n|-damage|p2a: Pachirisu|96\/100\n|-damage|p2b: Flutter Mane|55\/100\n|-status|p2a: Pachirisu|psn\n|-status|p2b: Flutter Mane|psn\n|\n|-damage|p2b: Flutter Mane|43\/100 psn|[from] psn\n|-damage|p2a: Pachirisu|83\/100 psn|[from] psn\n|-end|p1a: Castro|move: Taunt\n|upkeep\n|turn|4\n|\n|t:|1701141566\n|move|p2a: Pachirisu|Follow Me|p2a: Pachirisu\n|-singleturn|p2a: Pachirisu|move: Follow Me\n|move|p1b: Eon|Ice Spinner|p2a: Pachirisu\n|-damage|p2a: Pachirisu|44\/100 psn\n|-enditem|p2a: Pachirisu|Sitrus Berry|[eat]\n|-heal|p2a: Pachirisu|69\/100 psn|[from] item: Sitrus Berry\n|move|p2b: Flutter Mane|Dazzling Gleam|p1b: Eon|[spread] p1a,p1b\n|-resisted|p1a: Castro\n|-supereffective|p1b: Eon\n|-damage|p1a: Castro|0 fnt\n|-damage|p1b: Eon|0 fnt\n|faint|p1a: Castro\n|faint|p1b: Eon\n|\n|-damage|p2b: Flutter Mane|30\/100 psn|[from] psn\n|-damage|p2a: Pachirisu|57\/100 psn|[from] psn\n|-sideend|p1: Kuzwa|move: Tailwind\n|upkeep\n|\n|t:|1701141575\n|switch|p1b: Neon|Ogerpon-Wellspring, F|100\/100\n|switch|p1a: Tango|Iron Bundle|100\/100\n|-enditem|p1a: Tango|Booster Energy\n|-activate|p1a: Tango|ability: Quark Drive|[fromitem]\n|-start|p1a: Tango|quarkdrivespa\n|turn|5\n|\n|t:|1701141583\n|move|p1a: Tango|Protect|p1a: Tango\n|-singleturn|p1a: Tango|Protect\n|move|p1b: Neon|Spiky Shield|p1b: Neon\n|-singleturn|p1b: Neon|move: Protect\n|move|p2a: Pachirisu|Follow Me|p2a: Pachirisu\n|-singleturn|p2a: Pachirisu|move: Follow Me\n|move|p2b: Flutter Mane|Dazzling Gleam|p1b: Neon|[spread] \n|-activate|p1a: Tango|move: Protect\n|-activate|p1b: Neon|move: Protect\n|\n|-damage|p2b: Flutter Mane|18\/100 psn|[from] psn\n|-damage|p2a: Pachirisu|45\/100 psn|[from] psn\n|-sideend|p2: RLisanidiot|move: Tailwind\n|upkeep\n|turn|6\n|\n|t:|1701141594\n|-end|p2b: Flutter Mane|Protosynthesis|[silent]\n|switch|p2b: Ninetales|Ninetales-Alola, F, shiny|100\/100\n|-weather|Snow|[from] ability: Snow Warning|[of] p2b: Ninetales\n|move|p1a: Tango|Freeze-Dry|p2a: Pachirisu\n|-damage|p2a: Pachirisu|0 fnt\n|faint|p2a: Pachirisu\n|move|p1b: Neon|Ivy Cudgel|p2b: Ninetales|[anim] Ivy Cudgel Water\n|-damage|p2b: Ninetales|52\/100\n|\n|-weather|Snow|[upkeep]\n|upkeep\n|\n|t:|1701141608\n|switch|p2a: Chien-Pao|Chien-Pao|100\/100\n|-ability|p2a: Chien-Pao|Sword of Ruin\n|turn|7\n|\n|t:|1701141620\n|move|p2b: Ninetales|Helping Hand|p2a: Chien-Pao\n|-singleturn|p2a: Chien-Pao|Helping Hand|[of] p2b: Ninetales\n|move|p1a: Tango|Hydro Pump|p2b: Ninetales\n|-damage|p2b: Ninetales|0 fnt\n|faint|p2b: Ninetales\n|move|p1b: Neon|Swords Dance|p1b: Neon\n|-boost|p1b: Neon|atk|2\n|move|p2a: Chien-Pao|Sacred Sword|p1a: Tango\n|-supereffective|p1a: Tango\n|-damage|p1a: Tango|6\/100\n|\n|-weather|Snow|[upkeep]\n|upkeep\n|\n|t:|1701141630\n|switch|p2b: Flutter Mane|Flutter Mane, tera:Ghost|18\/100 psn\n|turn|8\n|\n|t:|1701141640\n|move|p2a: Chien-Pao|Sucker Punch|p1a: Tango\n|-damage|p1a: Tango|0 fnt\n|faint|p1a: Tango\n|-end|p1a: Tango|Quark Drive|[silent]\n|move|p2b: Flutter Mane|Moonblast|p1b: Neon\n|-damage|p1b: Neon|4\/100\n|-unboost|p1b: Neon|spa|1\n|move|p1b: Neon|Ivy Cudgel|p2a: Chien-Pao|[anim] Ivy Cudgel Water\n|-damage|p2a: Chien-Pao|16\/100\n|\n|-weather|Snow|[upkeep]\n|-damage|p2b: Flutter Mane|6\/100 psn|[from] psn\n|upkeep\n|\n|t:|1701141643\n|switch|p1a: Astro|Gallade, M|100\/100\n|turn|9\n|\n|t:|1701141652\n|move|p1b: Neon|Spiky Shield|p1b: Neon\n|-singleturn|p1b: Neon|move: Protect\n|move|p2a: Chien-Pao|Sucker Punch||[still]\n|-fail|p2a: Chien-Pao\n|move|p2b: Flutter Mane|Moonblast|p1a: Astro\n|-supereffective|p1a: Astro\n|-enditem|p1a: Astro|Focus Sash\n|-damage|p1a: Astro|1\/100\n|-unboost|p1a: Astro|spa|1\n|move|p1a: Astro|Leaf Blade|p2a: Chien-Pao\n|-damage|p2a: Chien-Pao|0 fnt\n|faint|p2a: Chien-Pao\n|\n|-weather|Snow|[upkeep]\n|-damage|p2b: Flutter Mane|0 fnt|[from] psn\n|faint|p2b: Flutter Mane\n|-end|p2b: Flutter Mane|Protosynthesis|[silent]\n|\n|win|Kuzwa\n|upkeep\n|raw|Kuzwa's rating: 1232 &rarr; <strong>1264<\/strong><br \/>(+32 for winning)\n|raw|RLisanidiot's rating: 1327 &rarr; <strong>1302<\/strong><br \/>(-25 for losing)\n","uploadtime":1701141661,"views":4,"p1id":"kuzwa","p2id":"rlisanidiot","formatid":"gen9doublesou","rating":1264,"private":0,"password":""}