{"id":"gen9doublesou-1984754595","p1":"Bukets","p2":"Jade Frog","format":"[Gen 9] Doubles OU","log":"|j|\u2606Bukets\n|j|\u2606Jade Frog\n|t:|1699296318\n|gametype|doubles\n|player|p1|Bukets|caitlin|1236\n|player|p2|Jade Frog|kimonogirl|1053\n|teamsize|p1|6\n|teamsize|p2|6\n|gen|9\n|tier|[Gen 9] Doubles OU\n|rated|\n|rule|Species Clause: Limit one of each Pok\u00e9mon\n|rule|OHKO Clause: OHKO moves are banned\n|rule|Evasion Moves Clause: Evasion moves are banned\n|rule|Gravity Sleep Clause: The combination of sleep-inducing moves with imperfect accuracy and Gravity or Gigantamax Orbeetle are banned\n|rule|Endless Battle Clause: Forcing endless battles is banned\n|rule|HP Percentage Mod: HP is shown in percentages\n|clearpoke\n|poke|p1|Iron Hands|\n|poke|p1|Cresselia, F|\n|poke|p1|Moltres-Galar|\n|poke|p1|Flutter Mane|\n|poke|p1|Sneasler, F|\n|poke|p1|Rillaboom, F|\n|poke|p2|Ting-Lu|\n|poke|p2|Wo-Chien|\n|poke|p2|Amoonguss, M|\n|poke|p2|Toxapex, M|\n|poke|p2|Gholdengo|\n|poke|p2|Grimmsnarl, M|\n|teampreview\n|inactive|Battle timer is ON: inactive players will automatically lose when time's up. (requested by Bukets)\n|\n|t:|1699296344\n|start\n|switch|p1a: brian|Iron Hands, shiny|100\/100\n|switch|p1b: Moltres|Moltres-Galar|100\/100\n|switch|p2a: Grimmsnarl|Grimmsnarl, M|100\/100\n|switch|p2b: Ting-Lu|Ting-Lu|100\/100\n|-ability|p2b: Ting-Lu|Vessel of Ruin\n|turn|1\n|c|\u2606Jade Frog|Glhf\n|\n|t:|1699296363\n|move|p1a: brian|Fake Out|p2a: Grimmsnarl\n|-damage|p2a: Grimmsnarl|85\/100\n|cant|p2a: Grimmsnarl|flinch\n|move|p1b: Moltres|Taunt|p2a: Grimmsnarl\n|-start|p2a: Grimmsnarl|move: Taunt\n|move|p2b: Ting-Lu|Stealth Rock|p1a: brian\n|-sidestart|p1: Bukets|move: Stealth Rock\n|\n|upkeep\n|turn|2\n|\n|t:|1699296379\n|move|p1b: Moltres|Taunt|p2b: Ting-Lu\n|-start|p2b: Ting-Lu|move: Taunt\n|move|p2a: Grimmsnarl|Spirit Break|p1b: Moltres\n|-supereffective|p1b: Moltres\n|-damage|p1b: Moltres|29\/100\n|-unboost|p1b: Moltres|spa|1\n|-ability|p1b: Moltres|Berserk|boost\n|-boost|p1b: Moltres|spa|1\n|move|p1a: brian|Drain Punch|p2b: Ting-Lu\n|-supereffective|p2b: Ting-Lu\n|-damage|p2b: Ting-Lu|47\/100\n|cant|p2b: Ting-Lu|move: Taunt|Spikes\n|\n|-heal|p2b: Ting-Lu|53\/100|[from] item: Leftovers\n|upkeep\n|turn|3\n|\n|t:|1699296385\n|move|p1b: Moltres|Protect|p1b: Moltres\n|-singleturn|p1b: Moltres|Protect\n|move|p2a: Grimmsnarl|Spirit Break|p1b: Moltres\n|-activate|p1b: Moltres|move: Protect\n|move|p1a: brian|Drain Punch|p2b: Ting-Lu\n|-supereffective|p2b: Ting-Lu\n|-damage|p2b: Ting-Lu|0 fnt\n|faint|p2b: Ting-Lu\n|\n|upkeep\n|\n|t:|1699296400\n|switch|p2b: Wo-Chien|Wo-Chien|100\/100\n|-ability|p2b: Wo-Chien|Tablets of Ruin\n|turn|4\n|\n|t:|1699296415\n|move|p1b: Moltres|Hurricane|p2b: Wo-Chien|[miss]\n|-miss|p1b: Moltres|p2b: Wo-Chien\n|move|p2b: Wo-Chien|Leech Seed|p1a: brian\n|-start|p1a: brian|move: Leech Seed\n|move|p2a: Grimmsnarl|Spirit Break|p1b: Moltres\n|-supereffective|p1b: Moltres\n|-damage|p1b: Moltres|0 fnt\n|faint|p1b: Moltres\n|move|p1a: brian|Heavy Slam|p2a: Grimmsnarl\n|-supereffective|p2a: Grimmsnarl\n|-damage|p2a: Grimmsnarl|12\/100\n|\n|-damage|p1a: brian|88\/100|[from] Leech Seed|[of] p2b: Wo-Chien\n|-end|p2a: Grimmsnarl|move: Taunt\n|upkeep\n|\n|t:|1699296431\n|switch|p1b: Rillaboom|Rillaboom, F|100\/100\n|-damage|p1b: Rillaboom|88\/100|[from] Stealth Rock\n|-fieldstart|move: Grassy Terrain|[from] ability: Grassy Surge|[of] p1b: Rillaboom\n|-enditem|p1b: Rillaboom|Grassy Seed\n|-boost|p1b: Rillaboom|def|1|[from] item: Grassy Seed\n|turn|5\n|\n|t:|1699296446\n|move|p1b: Rillaboom|Fake Out|p2b: Wo-Chien\n|-damage|p2b: Wo-Chien|91\/100\n|move|p2a: Grimmsnarl|Reflect|p2a: Grimmsnarl\n|-sidestart|p2: Jade Frog|Reflect\n|cant|p2b: Wo-Chien|flinch\n|move|p1a: brian|Heavy Slam|p2a: Grimmsnarl\n|-supereffective|p2a: Grimmsnarl\n|-damage|p2a: Grimmsnarl|0 fnt\n|faint|p2a: Grimmsnarl\n|\n|-heal|p1b: Rillaboom|94\/100|[from] Grassy Terrain\n|-heal|p2b: Wo-Chien|97\/100|[from] Grassy Terrain\n|-heal|p2b: Wo-Chien|100\/100|[from] item: Leftovers\n|-heal|p1a: brian|94\/100|[from] Grassy Terrain\n|-damage|p1a: brian|82\/100|[from] Leech Seed|[of] p2b: Wo-Chien\n|upkeep\n|\n|t:|1699296461\n|switch|p2a: Gholdengo|Gholdengo|100\/100\n|turn|6\n|\n|t:|1699296471\n|move|p2a: Gholdengo|Nasty Plot|p2a: Gholdengo\n|-boost|p2a: Gholdengo|spa|2\n|move|p1b: Rillaboom|High Horsepower|p2a: Gholdengo\n|-supereffective|p2a: Gholdengo\n|-damage|p2a: Gholdengo|57\/100\n|move|p2b: Wo-Chien|Pollen Puff|p1b: Rillaboom\n|-supereffective|p1b: Rillaboom\n|-damage|p1b: Rillaboom|44\/100\n|move|p1a: brian|Drain Punch|p2b: Wo-Chien\n|-supereffective|p2b: Wo-Chien\n|-damage|p2b: Wo-Chien|68\/100\n|-heal|p1a: brian|94\/100|[from] drain|[of] p2b: Wo-Chien\n|\n|-heal|p2a: Gholdengo|63\/100|[from] Grassy Terrain\n|-heal|p1b: Rillaboom|50\/100|[from] Grassy Terrain\n|-heal|p2b: Wo-Chien|74\/100|[from] Grassy Terrain\n|-heal|p2b: Wo-Chien|80\/100|[from] item: Leftovers\n|-heal|p1a: brian|99\/100|[from] Grassy Terrain\n|-damage|p1a: brian|88\/100|[from] Leech Seed|[of] p2b: Wo-Chien\n|-heal|p2b: Wo-Chien|97\/100|[silent]\n|upkeep\n|turn|7\n|\n|t:|1699296497\n|move|p2a: Gholdengo|Make It Rain|p1b: Rillaboom|[spread] p1a,p1b\n|-resisted|p1a: brian\n|-damage|p1a: brian|53\/100\n|-damage|p1b: Rillaboom|0 fnt\n|-unboost|p2a: Gholdengo|spa|1\n|faint|p1b: Rillaboom\n|-damage|p2a: Gholdengo|53\/100|[from] item: Life Orb\n|move|p2b: Wo-Chien|Pollen Puff|p2a: Gholdengo\n|-heal|p2a: Gholdengo|100\/100\n|move|p1a: brian|Drain Punch|p2b: Wo-Chien\n|-supereffective|p2b: Wo-Chien\n|-damage|p2b: Wo-Chien|60\/100\n|-heal|p1a: brian|67\/100|[from] drain|[of] p2b: Wo-Chien\n|\n|-heal|p2b: Wo-Chien|66\/100|[from] Grassy Terrain\n|-heal|p2b: Wo-Chien|72\/100|[from] item: Leftovers\n|-heal|p1a: brian|73\/100|[from] Grassy Terrain\n|-damage|p1a: brian|61\/100|[from] Leech Seed|[of] p2b: Wo-Chien\n|-heal|p2b: Wo-Chien|89\/100|[silent]\n|upkeep\n|inactive|Bukets has 120 seconds left.\n|\n|t:|1699296520\n|switch|p1b: Sneasler|Sneasler, F, shiny|100\/100\n|-damage|p1b: Sneasler|95\/100|[from] Stealth Rock\n|-enditem|p1b: Sneasler|Grassy Seed\n|-boost|p1b: Sneasler|def|1|[from] item: Grassy Seed\n|turn|8\n|\n|t:|1699296538\n|-end|p1a: brian|Quark Drive|[silent]\n|switch|p1a: Cresselia|Cresselia, F, shiny|100\/100\n|-damage|p1a: Cresselia|88\/100|[from] Stealth Rock\n|move|p1b: Sneasler|Protect|p1b: Sneasler\n|-singleturn|p1b: Sneasler|Protect\n|move|p2a: Gholdengo|Nasty Plot|p2a: Gholdengo\n|-boost|p2a: Gholdengo|spa|2\n|move|p2b: Wo-Chien|Leech Seed|p1b: Sneasler\n|-activate|p1b: Sneasler|move: Protect\n|\n|-heal|p1b: Sneasler|100\/100|[from] Grassy Terrain\n|-heal|p2b: Wo-Chien|95\/100|[from] Grassy Terrain\n|-heal|p2b: Wo-Chien|100\/100|[from] item: Leftovers\n|-heal|p1a: Cresselia|94\/100|[from] item: Leftovers\n|upkeep\n|turn|9\n|\n|t:|1699296555\n|-terastallize|p2b: Wo-Chien|Water\n|move|p1b: Sneasler|Acrobatics|p2b: Wo-Chien\n|-damage|p2b: Wo-Chien|83\/100\n|move|p2a: Gholdengo|Make It Rain|p1b: Sneasler|[spread] p1a,p1b\n|-damage|p1a: Cresselia|0 fnt\n|-damage|p1b: Sneasler|0 fnt\n|-unboost|p2a: Gholdengo|spa|1\n|faint|p1a: Cresselia\n|faint|p1b: Sneasler\n|-damage|p2a: Gholdengo|91\/100|[from] item: Life Orb\n|move|p2b: Wo-Chien|Leech Seed|p1: Cresselia|[notarget]\n|-fail|p2b: Wo-Chien\n|\n|-heal|p2a: Gholdengo|97\/100|[from] Grassy Terrain\n|-heal|p2b: Wo-Chien|90\/100|[from] Grassy Terrain\n|-heal|p2b: Wo-Chien|96\/100|[from] item: Leftovers\n|-fieldend|move: Grassy Terrain\n|upkeep\n|\n|t:|1699296561\n|switch|p1b: Flutter Mane|Flutter Mane|100\/100\n|switch|p1a: brian|Iron Hands, shiny|61\/100\n|-damage|p1b: Flutter Mane|88\/100|[from] Stealth Rock\n|-damage|p1a: brian|55\/100|[from] Stealth Rock\n|turn|10\n|\n|t:|1699296567\n|move|p1a: brian|Fake Out|p2b: Wo-Chien\n|-damage|p2b: Wo-Chien|90\/100\n|move|p1b: Flutter Mane|Shadow Ball|p2a: Gholdengo\n|-supereffective|p2a: Gholdengo\n|-damage|p2a: Gholdengo|0 fnt\n|faint|p2a: Gholdengo\n|cant|p2b: Wo-Chien|flinch\n|\n|-heal|p2b: Wo-Chien|96\/100|[from] item: Leftovers\n|upkeep\n|\n|t:|1699296571\n|switch|p2a: Amoonguss|Amoonguss, M|100\/100\n|turn|11\n|\n|t:|1699296579\n|move|p1b: Flutter Mane|Protect|p1b: Flutter Mane\n|-singleturn|p1b: Flutter Mane|Protect\n|move|p2b: Wo-Chien|Leech Seed|p1a: brian\n|-start|p1a: brian|move: Leech Seed\n|move|p1a: brian|Wild Charge|p2b: Wo-Chien\n|-supereffective|p2b: Wo-Chien\n|-damage|p2b: Wo-Chien|57\/100\n|-damage|p1a: brian|48\/100|[from] Recoil\n|move|p2a: Amoonguss|Spore|p1b: Flutter Mane\n|-activate|p1b: Flutter Mane|move: Protect\n|\n|-heal|p2b: Wo-Chien|63\/100|[from] item: Leftovers\n|-damage|p1a: brian|35\/100|[from] Leech Seed|[of] p2b: Wo-Chien\n|-heal|p2b: Wo-Chien|80\/100|[silent]\n|upkeep\n|turn|12\n|-message|Bukets forfeited.\n|\n|win|Jade Frog\n|raw|Bukets's rating: 1236 &rarr; <strong>1199<\/strong><br \/>(-37 for losing)\n|raw|Jade Frog's rating: 1053 &rarr; <strong>1101<\/strong><br \/>(+48 for winning)\n|l|\u2606Bukets\n","uploadtime":1699296593,"views":8,"p1id":"bukets","p2id":"jadefrog","formatid":"gen9doublesou","rating":1101,"private":0,"password":""}