{"id":"gen9doublesou-1979516307","p1":"ShakXD404","p2":"Mr.X&Y97","format":"[Gen 9] Doubles OU","log":"|j|\u2606ShakXD404\n|j|\u2606Mr.X&Y97\n|t:|1698688843\n|gametype|doubles\n|player|p1|ShakXD404|1|1521\n|player|p2|Mr.X&Y97|blue|1537\n|teamsize|p1|6\n|teamsize|p2|6\n|gen|9\n|tier|[Gen 9] Doubles OU\n|rated|\n|rule|Species Clause: Limit one of each Pok\u00e9mon\n|rule|OHKO Clause: OHKO moves are banned\n|rule|Evasion Moves Clause: Evasion moves are banned\n|rule|Gravity Sleep Clause: The combination of sleep-inducing moves with imperfect accuracy and Gravity or Gigantamax Orbeetle are banned\n|rule|Endless Battle Clause: Forcing endless battles is banned\n|rule|HP Percentage Mod: HP is shown in percentages\n|clearpoke\n|poke|p1|Tyranitar, F|\n|poke|p1|Houndstone, M|\n|poke|p1|Garchomp, M|\n|poke|p1|Landorus, M|\n|poke|p1|Goodra-Hisui, M|\n|poke|p1|Hippowdon, F|\n|poke|p2|Iron Hands|\n|poke|p2|Amoonguss, F|\n|poke|p2|Gyarados, M|\n|poke|p2|Ting-Lu|\n|poke|p2|Landorus-Therian, M|\n|poke|p2|Flutter Mane|\n|teampreview\n|inactive|Battle timer is ON: inactive players will automatically lose when time's up. (requested by Mr.X&Y97)\n|\n|t:|1698688852\n|start\n|switch|p1a: Hippowdon|Hippowdon, F|100\/100\n|switch|p1b: Landorus|Landorus, M|100\/100\n|switch|p2a: Gyarados|Gyarados, M|100\/100\n|switch|p2b: Landorus|Landorus-Therian, M|100\/100\n|-ability|p2b: Landorus|Intimidate|boost\n|-unboost|p1a: Hippowdon|atk|1\n|-unboost|p1b: Landorus|atk|1\n|-ability|p2a: Gyarados|Intimidate|boost\n|-unboost|p1a: Hippowdon|atk|1\n|-unboost|p1b: Landorus|atk|1\n|-weather|Sandstorm|[from] ability: Sand Stream|[of] p1a: Hippowdon\n|turn|1\n|\n|t:|1698688878\n|switch|p2b: Ting-Lu|Ting-Lu|100\/100\n|-ability|p2b: Ting-Lu|Vessel of Ruin\n|move|p1b: Landorus|Substitute|p1b: Landorus\n|-start|p1b: Landorus|Substitute\n|-damage|p1b: Landorus|75\/100\n|move|p2a: Gyarados|Taunt|p1a: Hippowdon\n|-start|p1a: Hippowdon|move: Taunt\n|cant|p1a: Hippowdon|move: Taunt|Yawn\n|\n|-weather|Sandstorm|[upkeep]\n|-damage|p2a: Gyarados|94\/100|[from] Sandstorm\n|upkeep\n|turn|2\n|inactive|ShakXD404 has 120 seconds left.\n|\n|t:|1698688911\n|switch|p1a: Goodra|Goodra-Hisui, M|100\/100\n|move|p1b: Landorus|Weather Ball|p2a: Gyarados\n|-supereffective|p2a: Gyarados\n|-damage|p2a: Gyarados|38\/100\n|-enditem|p2a: Gyarados|Sitrus Berry|[eat]\n|-heal|p2a: Gyarados|63\/100|[from] item: Sitrus Berry\n|-damage|p1b: Landorus|65\/100|[from] item: Life Orb\n|move|p2a: Gyarados|Waterfall|p1b: Landorus\n|-supereffective|p1b: Landorus\n|-end|p1b: Landorus|Substitute\n|move|p2b: Ting-Lu|Heavy Slam|p1b: Landorus\n|-damage|p1b: Landorus|21\/100\n|\n|-weather|Sandstorm|[upkeep]\n|-damage|p2a: Gyarados|57\/100|[from] Sandstorm\n|upkeep\n|turn|3\n|\n|t:|1698688935\n|move|p2a: Gyarados|Protect|p2a: Gyarados\n|-singleturn|p2a: Gyarados|Protect\n|move|p1b: Landorus|Weather Ball|p2a: Gyarados\n|-activate|p2a: Gyarados|move: Protect\n|move|p1a: Goodra|Body Press|p2b: Ting-Lu\n|-supereffective|p2b: Ting-Lu\n|-damage|p2b: Ting-Lu|74\/100\n|move|p2b: Ting-Lu|Heavy Slam|p1b: Landorus\n|-damage|p1b: Landorus|0 fnt\n|faint|p1b: Landorus\n|\n|-weather|Sandstorm|[upkeep]\n|-damage|p2a: Gyarados|51\/100|[from] Sandstorm\n|upkeep\n|inactive|ShakXD404 has 120 seconds left.\n|\n|t:|1698688957\n|switch|p1b: Tyranitar|Tyranitar, F|100\/100\n|turn|4\n|inactive|ShakXD404 has 120 seconds left.\n|\n|t:|1698688980\n|move|p1b: Tyranitar|Rock Slide|p2b: Ting-Lu|[spread] p2a,p2b\n|-supereffective|p2a: Gyarados\n|-resisted|p2b: Ting-Lu\n|-damage|p2a: Gyarados|0 fnt\n|-damage|p2b: Ting-Lu|66\/100\n|faint|p2a: Gyarados\n|move|p1a: Goodra|Shelter|p1a: Goodra\n|-boost|p1a: Goodra|def|2\n|move|p2b: Ting-Lu|Ruination|p1a: Goodra\n|-damage|p1a: Goodra|51\/100\n|\n|-weather|Sandstorm|[upkeep]\n|-heal|p1a: Goodra|57\/100|[from] item: Leftovers\n|upkeep\n|\n|t:|1698688986\n|switch|p2a: Landorus|Landorus-Therian, M|100\/100\n|-ability|p2a: Landorus|Intimidate|boost\n|-unboost|p1a: Goodra|atk|1\n|-unboost|p1b: Tyranitar|atk|1\n|turn|5\n|\n|t:|1698688999\n|move|p1b: Tyranitar|Knock Off|p2a: Landorus\n|-damage|p2a: Landorus|69\/100\n|-enditem|p2a: Landorus|Assault Vest|[from] move: Knock Off|[of] p1b: Tyranitar\n|move|p2a: Landorus|Stomping Tantrum|p1b: Tyranitar\n|-supereffective|p1b: Tyranitar\n|-damage|p1b: Tyranitar|23\/100\n|move|p1a: Goodra|Body Press|p2b: Ting-Lu\n|-supereffective|p2b: Ting-Lu\n|-damage|p2b: Ting-Lu|15\/100\n|move|p2b: Ting-Lu|Ruination|p1a: Goodra\n|-damage|p1a: Goodra|29\/100\n|\n|-weather|none\n|-heal|p1a: Goodra|35\/100|[from] item: Leftovers\n|upkeep\n|turn|6\n|\n|t:|1698689016\n|switch|p1b: Hippowdon|Hippowdon, F|100\/100\n|-weather|Sandstorm|[from] ability: Sand Stream|[of] p1b: Hippowdon\n|move|p2b: Ting-Lu|Protect|p2b: Ting-Lu\n|-singleturn|p2b: Ting-Lu|Protect\n|move|p2a: Landorus|Stomping Tantrum|p1b: Hippowdon\n|-damage|p1b: Hippowdon|71\/100\n|move|p1a: Goodra|Body Press|p2b: Ting-Lu\n|-activate|p2b: Ting-Lu|move: Protect\n|\n|-weather|Sandstorm|[upkeep]\n|-heal|p1a: Goodra|41\/100|[from] item: Leftovers\n|upkeep\n|turn|7\n|\n|t:|1698689034\n|move|p2b: Ting-Lu|Protect||[still]\n|-fail|p2b: Ting-Lu\n|move|p2a: Landorus|Stomping Tantrum|p1a: Goodra\n|-supereffective|p1a: Goodra\n|-damage|p1a: Goodra|0 fnt\n|faint|p1a: Goodra\n|move|p1b: Hippowdon|Yawn|p2a: Landorus\n|-start|p2a: Landorus|move: Yawn|[of] p1b: Hippowdon\n|\n|-weather|Sandstorm|[upkeep]\n|upkeep\n|\n|t:|1698689044\n|switch|p1a: Houndstone|Houndstone, M|100\/100\n|turn|8\n|\n|t:|1698689059\n|switch|p2a: Amoonguss|Amoonguss, F|100\/100\n|move|p1a: Houndstone|Last Respects|p2b: Ting-Lu\n|-resisted|p2b: Ting-Lu\n|-damage|p2b: Ting-Lu|0 fnt\n|faint|p2b: Ting-Lu\n|move|p1b: Hippowdon|Yawn|p2a: Amoonguss\n|-start|p2a: Amoonguss|move: Yawn|[of] p1b: Hippowdon\n|\n|-weather|Sandstorm|[upkeep]\n|-damage|p2a: Amoonguss|94\/100|[from] Sandstorm\n|upkeep\n|\n|t:|1698689061\n|switch|p2b: Landorus|Landorus-Therian, M|69\/100\n|-ability|p2b: Landorus|Intimidate|boost\n|-unboost|p1a: Houndstone|atk|1\n|-unboost|p1b: Hippowdon|atk|1\n|turn|9\n|\n|t:|1698689090\n|switch|p2a: Iron Hands|Iron Hands|100\/100\n|move|p1a: Houndstone|Last Respects|p2b: Landorus\n|-damage|p2b: Landorus|9\/100\n|move|p2b: Landorus|Stomping Tantrum|p1a: Houndstone\n|-damage|p1a: Houndstone|50\/100\n|move|p1b: Hippowdon|Yawn|p2b: Landorus\n|-start|p2b: Landorus|move: Yawn|[of] p1b: Hippowdon\n|\n|-weather|Sandstorm|[upkeep]\n|-damage|p2a: Iron Hands|94\/100|[from] Sandstorm\n|-heal|p2a: Iron Hands|100\/100|[from] item: Leftovers\n|upkeep\n|turn|10\n|\n|t:|1698689115\n|move|p1a: Houndstone|Last Respects|p2b: Landorus\n|-damage|p2b: Landorus|0 fnt\n|faint|p2b: Landorus\n|move|p2a: Iron Hands|Thunder Punch|p1a: Houndstone\n|-damage|p1a: Houndstone|0 fnt\n|faint|p1a: Houndstone\n|move|p1b: Hippowdon|Yawn|p2a: Iron Hands\n|-start|p2a: Iron Hands|move: Yawn|[of] p1b: Hippowdon\n|\n|-weather|none\n|upkeep\n|\n|t:|1698689121\n|switch|p1a: Tyranitar|Tyranitar, F|23\/100\n|switch|p2b: Amoonguss|Amoonguss, F|100\/100\n|-weather|Sandstorm|[from] ability: Sand Stream|[of] p1a: Tyranitar\n|turn|11\n|l|\u2606ShakXD404\n|inactive|ShakXD404 disconnected and has a minute to reconnect!\n|player|p1|\n|inactive|Mr.X&Y97 has 120 seconds left.\n|\n|t:|1698689157\n|-end|p2a: Iron Hands|Quark Drive|[silent]\n|switch|p2a: Flutter Mane|Flutter Mane|100\/100\n|move|p2b: Amoonguss|Rage Powder|p2b: Amoonguss\n|-singleturn|p2b: Amoonguss|move: Rage Powder\n|move|p1a: Tyranitar|Knock Off|p2b: Amoonguss\n|-damage|p2b: Amoonguss|59\/100\n|-enditem|p2b: Amoonguss|Mental Herb|[from] move: Knock Off|[of] p1a: Tyranitar\n|move|p1b: Hippowdon|Yawn|p2b: Amoonguss\n|-start|p2b: Amoonguss|move: Yawn|[of] p1b: Hippowdon\n|\n|-weather|Sandstorm|[upkeep]\n|-damage|p2a: Flutter Mane|94\/100|[from] Sandstorm\n|-damage|p2b: Amoonguss|53\/100|[from] Sandstorm\n|upkeep\n|turn|12\n|inactive|ShakXD404 has 30 seconds to reconnect!\n|inactive|ShakXD404 has 20 seconds to reconnect!\n|inactive|ShakXD404 has 15 seconds to reconnect!\n|inactive|ShakXD404 has 10 seconds to reconnect!\n|inactive|ShakXD404 has 5 seconds to reconnect!\n|-message|ShakXD404 lost due to inactivity.\n|\n|win|Mr.X&Y97\n|raw|ShakXD404's rating: 1521 &rarr; <strong>1502<\/strong><br \/>(-19 for losing)\n|raw|Mr.X&amp;Y97's rating: 1537 &rarr; <strong>1556<\/strong><br \/>(+19 for winning)\n|c|\u2606Mr.X&Y97|Ggs wp!\n","uploadtime":1698689229,"views":14,"p1id":"shakxd404","p2id":"mrxy97","formatid":"gen9doublesou","rating":1502,"private":0,"password":""}