{"id":"gen9doublesou-1996693852","p1":"ArcayneXO","p2":"ChampLeonOP","format":"[Gen 9] Doubles OU","log":"|j|\u2606ArcayneXO\n|j|\u2606ChampLeonOP\n|t:|1700710617\n|gametype|doubles\n|player|p1|ArcayneXO|169|1231\n|player|p2|ChampLeonOP|leon|1177\n|teamsize|p1|6\n|teamsize|p2|6\n|gen|9\n|tier|[Gen 9] Doubles OU\n|rated|\n|rule|Species Clause: Limit one of each Pok\u00e9mon\n|rule|OHKO Clause: OHKO moves are banned\n|rule|Evasion Moves Clause: Evasion moves are banned\n|rule|Gravity Sleep Clause: The combination of sleep-inducing moves with imperfect accuracy and Gravity or Gigantamax Orbeetle are banned\n|rule|Endless Battle Clause: Forcing endless battles is banned\n|rule|HP Percentage Mod: HP is shown in percentages\n|clearpoke\n|poke|p1|Lilligant-Hisui, F|\n|poke|p1|Torkoal, F|\n|poke|p1|Indeedee-F, F|\n|poke|p1|Armarouge, F|\n|poke|p1|Flutter Mane|\n|poke|p1|Kleavor, F|\n|poke|p2|Ninetales-Alola, F|\n|poke|p2|Flutter Mane|\n|poke|p2|Kingambit, F|\n|poke|p2|Basculegion-F, F|\n|poke|p2|Meowscarada, M|\n|poke|p2|Ceruledge, M|\n|teampreview\n|inactive|Battle timer is ON: inactive players will automatically lose when time's up. (requested by ArcayneXO)\n|inactive|ChampLeonOP also wants the timer to be on.\n|c|\u2606ArcayneXO|glhf\n|\n|t:|1700710632\n|start\n|switch|p1a: Indeedee|Indeedee-F, F|100\/100\n|switch|p1b: Torkoal|Torkoal, F|100\/100\n|switch|p2a: Flutter Mane|Flutter Mane, shiny|100\/100\n|switch|p2b: Meowscarada|Meowscarada, M, shiny|100\/100\n|-fieldstart|move: Psychic Terrain|[from] ability: Psychic Surge|[of] p1a: Indeedee\n|-weather|SunnyDay|[from] ability: Drought|[of] p1b: Torkoal\n|-activate|p2a: Flutter Mane|ability: Protosynthesis\n|-start|p2a: Flutter Mane|protosynthesisspe\n|turn|1\n|\n|t:|1700710652\n|switch|p2b: Ceruledge|Ceruledge, M, shiny|100\/100\n|move|p1b: Torkoal|Protect|p1b: Torkoal\n|-singleturn|p1b: Torkoal|Protect\n|move|p2a: Flutter Mane|Taunt|p1a: Indeedee\n|-start|p1a: Indeedee|move: Taunt\n|cant|p1a: Indeedee|move: Taunt|Trick Room\n|\n|-weather|SunnyDay|[upkeep]\n|upkeep\n|turn|2\n|inactive|ArcayneXO has 120 seconds left.\n|\n|t:|1700710690\n|switch|p1a: Armarouge|Armarouge, F|100\/100\n|-terastallize|p1b: Torkoal|Fire\n|move|p2a: Flutter Mane|Thunder Wave|p1b: Torkoal\n|-status|p1b: Torkoal|par\n|move|p2b: Ceruledge|Bitter Blade|p1a: Armarouge\n|-start|p1a: Armarouge|ability: Flash Fire\n|cant|p1b: Torkoal|par\n|\n|-weather|SunnyDay|[upkeep]\n|upkeep\n|turn|3\n|\n|t:|1700710710\n|move|p2a: Flutter Mane|Thunder Wave|p1a: Armarouge\n|-status|p1a: Armarouge|par\n|move|p2b: Ceruledge|Phantom Force||[still]\n|-prepare|p2b: Ceruledge|Phantom Force\n|move|p1a: Armarouge|Expanding Force|p2a: Flutter Mane|[spread] p2a\n|-miss|p1a: Armarouge|p2b: Ceruledge\n|-damage|p2a: Flutter Mane|10\/100\n|-damage|p1a: Armarouge|91\/100 par|[from] item: Life Orb\n|move|p1b: Torkoal|Eruption|p2a: Flutter Mane|[spread] p2a\n|-miss|p1b: Torkoal|p2b: Ceruledge\n|-damage|p2a: Flutter Mane|0 fnt\n|faint|p2a: Flutter Mane\n|-end|p2a: Flutter Mane|Protosynthesis|[silent]\n|\n|-weather|SunnyDay|[upkeep]\n|upkeep\n|\n|t:|1700710728\n|switch|p2a: Meowscarada|Meowscarada, M, shiny|100\/100\n|turn|4\n|\n|t:|1700710744\n|move|p2a: Meowscarada|Knock Off|p1b: Torkoal\n|-start|p2a: Meowscarada|typechange|Dark|[from] ability: Protean\n|-damage|p1b: Torkoal|69\/100 par\n|-enditem|p1b: Torkoal|Heat Rock|[from] move: Knock Off|[of] p2a: Meowscarada\n|move|p2b: Ceruledge|Phantom Force|p1a: Armarouge|[from]lockedmove\n|-supereffective|p1a: Armarouge\n|-damage|p1a: Armarouge|0 fnt\n|faint|p1a: Armarouge\n|move|p1b: Torkoal|Eruption|p2b: Ceruledge|[spread] p2a,p2b\n|-resisted|p2b: Ceruledge\n|-damage|p2a: Meowscarada|1\/100\n|-damage|p2b: Ceruledge|58\/100\n|-enditem|p2a: Meowscarada|Ganlon Berry|[eat]\n|-boost|p2a: Meowscarada|def|1|[from] item: Ganlon Berry\n|\n|-weather|SunnyDay|[upkeep]\n|upkeep\n|\n|t:|1700710768\n|switch|p1a: Flutter Mane|Flutter Mane|100\/100\n|-activate|p1a: Flutter Mane|ability: Protosynthesis\n|-start|p1a: Flutter Mane|protosynthesisspe\n|turn|5\n|\n|t:|1700710782\n|move|p1a: Flutter Mane|Dazzling Gleam|p2a: Meowscarada|[spread] p2a,p2b\n|-supereffective|p2a: Meowscarada\n|-resisted|p2b: Ceruledge\n|-damage|p2a: Meowscarada|0 fnt\n|-damage|p2b: Ceruledge|36\/100\n|faint|p2a: Meowscarada\n|move|p2b: Ceruledge|Bitter Blade|p1a: Flutter Mane\n|-damage|p1a: Flutter Mane|0 fnt\n|-heal|p2b: Ceruledge|84\/100|[from] drain|[of] p1a: Flutter Mane\n|faint|p1a: Flutter Mane\n|-end|p1a: Flutter Mane|Protosynthesis|[silent]\n|cant|p1b: Torkoal|par\n|\n|-weather|SunnyDay|[upkeep]\n|-fieldend|move: Psychic Terrain\n|upkeep\n|\n|t:|1700710797\n|switch|p2a: Ninetales|Ninetales-Alola, F, shiny|100\/100\n|switch|p1a: Kleavor|Kleavor, F|100\/100\n|-weather|Snow|[from] ability: Snow Warning|[of] p2a: Ninetales\n|turn|6\n|inactive|ArcayneXO has 120 seconds left.\n|\n|t:|1700710828\n|move|p1a: Kleavor|Stone Axe|p2b: Ceruledge\n|-supereffective|p2b: Ceruledge\n|-damage|p2b: Ceruledge|0 fnt\n|-sidestart|p2: ChampLeonOP|move: Stealth Rock\n|faint|p2b: Ceruledge\n|move|p2a: Ninetales|Aurora Veil|p2a: Ninetales\n|-sidestart|p2: ChampLeonOP|move: Aurora Veil\n|cant|p1b: Torkoal|par\n|\n|-weather|Snow|[upkeep]\n|upkeep\n|\n|t:|1700710840\n|switch|p2b: Kingambit|Kingambit, F, shiny|100\/100\n|-damage|p2b: Kingambit|94\/100|[from] Stealth Rock\n|-activate|p2b: Kingambit|ability: Supreme Overlord\n|-start|p2b: Kingambit|fallen3|[silent]\n|turn|7\n|\n|t:|1700710860\n|switch|p1b: Lilligant|Lilligant-Hisui, F|100\/100\n|move|p1a: Kleavor|Stone Axe|p2b: Kingambit\n|-resisted|p2b: Kingambit\n|-damage|p2b: Kingambit|79\/100\n|move|p2a: Ninetales|Moonblast|p1a: Kleavor\n|-damage|p1a: Kleavor|54\/100\n|-unboost|p1a: Kleavor|spa|1\n|move|p2b: Kingambit|Swords Dance|p2b: Kingambit\n|-boost|p2b: Kingambit|atk|2\n|\n|-weather|Snow|[upkeep]\n|upkeep\n|turn|8\n|\n|t:|1700710881\n|move|p1a: Kleavor|Stone Axe|p2b: Kingambit\n|-resisted|p2b: Kingambit\n|-damage|p2b: Kingambit|64\/100\n|move|p2a: Ninetales|Moonblast|p1b: Lilligant\n|-supereffective|p1b: Lilligant\n|-damage|p1b: Lilligant|21\/100\n|move|p1b: Lilligant|Close Combat|p2b: Kingambit\n|-supereffective|p2b: Kingambit\n|-damage|p2b: Kingambit|0 fnt\n|-unboost|p1b: Lilligant|def|1\n|-unboost|p1b: Lilligant|spd|1\n|faint|p2b: Kingambit\n|-end|p2b: Kingambit|fallen3|[silent]\n|\n|-weather|Snow|[upkeep]\n|upkeep\n|inactive|ChampLeonOP has 120 seconds left.\n|\n|t:|1700710897\n|switch|p2b: Basculegion|Basculegion-F, F, shiny|100\/100\n|-damage|p2b: Basculegion|88\/100|[from] Stealth Rock\n|-ability|p2b: Basculegion|Mold Breaker\n|turn|9\n|inactive|ChampLeonOP has 120 seconds left.\n|\n|t:|1700710935\n|switch|p1b: Indeedee|Indeedee-F, F|100\/100\n|-fieldstart|move: Psychic Terrain|[from] ability: Psychic Surge|[of] p1b: Indeedee\n|-terastallize|p2b: Basculegion|Ground\n|move|p1a: Kleavor|Stone Axe|p2b: Basculegion\n|-resisted|p2b: Basculegion\n|-damage|p2b: Basculegion|67\/100\n|move|p2b: Basculegion|Last Respects|p1a: Kleavor\n|-damage|p1a: Kleavor|0 fnt\n|faint|p1a: Kleavor\n|move|p2a: Ninetales|Moonblast|p1b: Indeedee\n|-damage|p1b: Indeedee|80\/100\n|\n|-weather|Snow|[upkeep]\n|upkeep\n|inactive|ArcayneXO has 120 seconds left.\n|\n|t:|1700710952\n|switch|p1a: Lilligant|Lilligant-Hisui, F|21\/100\n|turn|10\n|inactive|ArcayneXO has 120 seconds left.\n|\n|t:|1700710978\n|move|p1b: Indeedee|Follow Me|p1b: Indeedee\n|-singleturn|p1b: Indeedee|move: Follow Me\n|move|p2b: Basculegion|Last Respects|p1b: Indeedee\n|-immune|p1b: Indeedee\n|move|p2a: Ninetales|Moonblast|p1b: Indeedee\n|-damage|p1b: Indeedee|55\/100\n|-unboost|p1b: Indeedee|spa|1\n|move|p1a: Lilligant|Solar Blade||[still]\n|-prepare|p1a: Lilligant|Solar Blade\n|\n|-weather|none\n|upkeep\n|turn|11\n|\n|t:|1700711004\n|move|p1b: Indeedee|Helping Hand|p1a: Lilligant\n|-singleturn|p1a: Lilligant|Helping Hand|[of] p1b: Indeedee\n|move|p2b: Basculegion|Last Respects|p1b: Indeedee\n|-immune|p1b: Indeedee\n|move|p2a: Ninetales|Blizzard|p1b: Indeedee|[spread] \n|-miss|p2a: Ninetales|p1a: Lilligant\n|-miss|p2a: Ninetales|p1b: Indeedee\n|move|p1a: Lilligant|Solar Blade|p2b: Basculegion|[from]lockedmove\n|-supereffective|p2b: Basculegion\n|-damage|p2b: Basculegion|0 fnt\n|faint|p2b: Basculegion\n|\n|upkeep\n|turn|12\n|c|\u2606ArcayneXO|HALLELUJAH\n|\n|t:|1700711028\n|move|p2a: Ninetales|Moonblast|p1a: Lilligant\n|-supereffective|p1a: Lilligant\n|-damage|p1a: Lilligant|0 fnt\n|faint|p1a: Lilligant\n|move|p1b: Indeedee|Psychic|p2a: Ninetales\n|-damage|p2a: Ninetales|84\/100\n|\n|upkeep\n|\n|t:|1700711034\n|switch|p1a: Torkoal|Torkoal, F, tera:Fire|69\/100 par\n|-weather|SunnyDay|[from] ability: Drought|[of] p1a: Torkoal\n|turn|13\n|c|\u2606ChampLeonOP|Moseslip\ud83d\udc80\n|c|\u2606ChampLeonOP|Mouse\n|c|\u2606ArcayneXO|okay it aint over yet i see you\n|\n|t:|1700711062\n|move|p1b: Indeedee|Follow Me|p1b: Indeedee\n|-singleturn|p1b: Indeedee|move: Follow Me\n|move|p2a: Ninetales|Moonblast|p1b: Indeedee\n|-damage|p1b: Indeedee|32\/100\n|cant|p1a: Torkoal|par\n|\n|-weather|SunnyDay|[upkeep]\n|-sideend|p2: ChampLeonOP|move: Aurora Veil\n|-fieldend|move: Psychic Terrain\n|upkeep\n|turn|14\n|\n|t:|1700711074\n|move|p1b: Indeedee|Follow Me|p1b: Indeedee\n|-singleturn|p1b: Indeedee|move: Follow Me\n|move|p2a: Ninetales|Moonblast|p1b: Indeedee\n|-damage|p1b: Indeedee|10\/100\n|move|p1a: Torkoal|Eruption|p2a: Ninetales\n|-supereffective|p2a: Ninetales\n|-damage|p2a: Ninetales|0 fnt\n|faint|p2a: Ninetales\n|\n|win|ArcayneXO\n|raw|ArcayneXO's rating: 1231 &rarr; <strong>1252<\/strong><br \/>(+21 for winning)\n|raw|ChampLeonOP's rating: 1177 &rarr; <strong>1156<\/strong><br \/>(-21 for losing)\n|c|\u2606ArcayneXO|GG!\n|l|\u2606ChampLeonOP\n","uploadtime":1700711089,"views":10,"p1id":"arcaynexo","p2id":"champleonop","formatid":"gen9doublesou","rating":1156,"private":0,"password":""}