{"id":"gen9doublesou-1991359840","p1":"Moldycheezi","p2":"zyvelteas","format":"[Gen 9] Doubles OU","log":"|j|\u2606Moldycheezi\n|j|\u2606zyvelteas\n|t:|1700070605\n|gametype|doubles\n|player|p1|Moldycheezi|grimsley|1084\n|player|p2|zyvelteas|cyrus|1000\n|teamsize|p1|6\n|teamsize|p2|6\n|gen|9\n|tier|[Gen 9] Doubles OU\n|rated|\n|rule|Species Clause: Limit one of each Pok\u00e9mon\n|rule|OHKO Clause: OHKO moves are banned\n|rule|Evasion Moves Clause: Evasion moves are banned\n|rule|Gravity Sleep Clause: The combination of sleep-inducing moves with imperfect accuracy and Gravity or Gigantamax Orbeetle are banned\n|rule|Endless Battle Clause: Forcing endless battles is banned\n|rule|HP Percentage Mod: HP is shown in percentages\n|clearpoke\n|poke|p1|Kingambit, F|\n|poke|p1|Goodra-Hisui, F|\n|poke|p1|Empoleon, F|\n|poke|p1|Flutter Mane|\n|poke|p1|Breloom, M|\n|poke|p1|Iron Moth|\n|poke|p2|Iron Hands|\n|poke|p2|Golem-Alola, M|\n|poke|p2|Rabsca, F|\n|poke|p2|Dondozo, M|\n|poke|p2|Sinistcha-Masterpiece|\n|poke|p2|Maushold-Four|\n|teampreview\n|\n|t:|1700070638\n|start\n|switch|p1a: Breloom|Breloom, M|100\/100\n|switch|p1b: Iron Moth|Iron Moth|100\/100\n|switch|p2a: Catch These|Iron Hands|100\/100\n|switch|p2b: Syn S. T'cha|Sinistcha-Masterpiece|100\/100\n|-enditem|p2a: Catch These|Booster Energy\n|-activate|p2a: Catch These|ability: Quark Drive|[fromitem]\n|-start|p2a: Catch These|quarkdriveatk\n|turn|1\n|c|\u2606Moldycheezi|Gl\n|\n|t:|1700070661\n|move|p2a: Catch These|Fake Out|p1b: Iron Moth\n|-damage|p1b: Iron Moth|67\/100\n|cant|p1b: Iron Moth|flinch\n|move|p1a: Breloom|Bullet Seed|p2a: Catch These\n|-damage|p2a: Catch These|87\/100\n|-damage|p2a: Catch These|73\/100\n|-damage|p2a: Catch These|60\/100\n|-damage|p2a: Catch These|45\/100\n|-damage|p2a: Catch These|32\/100\n|-hitcount|p2a: Catch These|5\n|move|p2b: Syn S. T'cha|Trick Room|p2b: Syn S. T'cha\n|-fieldstart|move: Trick Room|[of] p2b: Syn S. T'cha\n|\n|upkeep\n|turn|2\n|\n|t:|1700070714\n|switch|p2b: Oppenheimer|Golem-Alola, M|100\/100\n|switch|p1a: Goodra|Goodra-Hisui, F|100\/100\n|move|p2a: Catch These|Electric Terrain|p2a: Catch These\n|-fieldstart|move: Electric Terrain\n|-activate|p1b: Iron Moth|ability: Quark Drive\n|-start|p1b: Iron Moth|quarkdrivespa\n|move|p1b: Iron Moth|Heat Wave|p2a: Catch These|[spread] p2a,p2b\n|-resisted|p2b: Oppenheimer\n|-damage|p2a: Catch These|0 fnt\n|-damage|p2b: Oppenheimer|66\/100\n|faint|p2a: Catch These\n|-end|p2a: Catch These|Quark Drive|[silent]\n|\n|upkeep\n|\n|t:|1700070730\n|switch|p2a: Barbie|Rabsca, F, shiny|100\/100\n|turn|3\n|\n|t:|1700070750\n|-terastallize|p2b: Oppenheimer|Electric\n|move|p2a: Barbie|Psychic|p1b: Iron Moth\n|-supereffective|p1b: Iron Moth\n|-damage|p1b: Iron Moth|0 fnt\n|faint|p1b: Iron Moth\n|-end|p1b: Iron Moth|Quark Drive|[silent]\n|move|p2b: Oppenheimer|Explosion|p1a: Goodra|[spread] p1a\n|-activate|p2a: Barbie|ability: Telepathy\n|-resisted|p1a: Goodra\n|-damage|p1a: Goodra|37\/100\n|faint|p2b: Oppenheimer\n|move|p1a: Goodra|Shelter|p1a: Goodra\n|-boost|p1a: Goodra|def|2\n|\n|-heal|p1a: Goodra|43\/100|[from] item: Leftovers\n|upkeep\n|\n|t:|1700070776\n|switch|p2b: Power of Family|Maushold-Four|100\/100\n|switch|p1b: Flutter Mane|Flutter Mane|100\/100\n|-enditem|p1b: Flutter Mane|Booster Energy\n|-activate|p1b: Flutter Mane|ability: Protosynthesis|[fromitem]\n|-start|p1b: Flutter Mane|protosynthesisspe\n|turn|4\n|\n|t:|1700070798\n|-terastallize|p1a: Goodra|Water\n|move|p2a: Barbie|Revival Blessing|p2a: Barbie\n|-enditem|p2a: Barbie|Leppa Berry|[eat]\n|-activate|p2a: Barbie|item: Leppa Berry|Revival Blessing|[consumed]\n|\n|t:|1700070803\n|-heal|p2: Oppenheimer|50\/100|[from] move: Revival Blessing\n|move|p1a: Goodra|Body Press|p2b: Power of Family\n|-supereffective|p2b: Power of Family\n|-crit|p2b: Power of Family\n|-enditem|p2b: Power of Family|Focus Sash\n|-damage|p2b: Power of Family|1\/100\n|move|p2b: Power of Family|Taunt|p1a: Goodra\n|-start|p1a: Goodra|move: Taunt\n|move|p1b: Flutter Mane|Shadow Ball|p2a: Barbie\n|-supereffective|p2a: Barbie\n|-damage|p2a: Barbie|58\/100\n|-unboost|p2a: Barbie|spd|1\n|\n|-heal|p1a: Goodra|49\/100|[from] item: Leftovers\n|upkeep\n|turn|5\n|\n|t:|1700070842\n|switch|p2b: Syn S. T'cha|Sinistcha-Masterpiece|100\/100\n|-heal|p2a: Barbie|83\/100|[from] ability: Hospitality|[of] p2b: Syn S. T'cha\n|move|p2a: Barbie|Protect|p2a: Barbie\n|-singleturn|p2a: Barbie|Protect\n|move|p1a: Goodra|Body Slam|p2a: Barbie\n|-activate|p2a: Barbie|move: Protect\n|move|p1b: Flutter Mane|Dazzling Gleam|p2a: Barbie|[spread] p2b\n|-activate|p2a: Barbie|move: Protect\n|-damage|p2b: Syn S. T'cha|61\/100\n|\n|-heal|p1a: Goodra|55\/100|[from] item: Leftovers\n|-fieldend|move: Trick Room\n|upkeep\n|turn|6\n|\n|t:|1700070882\n|switch|p2a: Power of Family|Maushold-Four|1\/100\n|move|p2b: Syn S. T'cha|Protect|p2b: Syn S. T'cha\n|-singleturn|p2b: Syn S. T'cha|Protect\n|move|p1b: Flutter Mane|Shadow Ball|p2b: Syn S. T'cha\n|-activate|p2b: Syn S. T'cha|move: Protect\n|move|p1a: Goodra|Body Slam|p2a: Power of Family\n|-damage|p2a: Power of Family|0 fnt\n|faint|p2a: Power of Family\n|\n|-heal|p1a: Goodra|61\/100|[from] item: Leftovers\n|-fieldend|move: Electric Terrain\n|upkeep\n|\n|t:|1700070899\n|switch|p2a: Barbie|Rabsca, F, shiny|83\/100\n|turn|7\n|\n|t:|1700070916\n|switch|p2b: Rekt Bozo|Dondozo, M|100\/100\n|move|p1b: Flutter Mane|Shadow Ball|p2b: Rekt Bozo\n|-crit|p2b: Rekt Bozo\n|-damage|p2b: Rekt Bozo|40\/100\n|move|p1a: Goodra|Body Slam|p2a: Barbie\n|-damage|p2a: Barbie|62\/100\n|-status|p2a: Barbie|par\n|move|p2a: Barbie|Trick Room|p2a: Barbie\n|-fieldstart|move: Trick Room|[of] p2a: Barbie\n|\n|-heal|p2b: Rekt Bozo|46\/100|[from] item: Leftovers\n|-heal|p1a: Goodra|67\/100|[from] item: Leftovers\n|-end|p1a: Goodra|move: Taunt\n|upkeep\n|turn|8\n|\n|t:|1700070950\n|switch|p2a: Syn S. T'cha|Sinistcha-Masterpiece|61\/100\n|-heal|p2b: Rekt Bozo|71\/100|[from] ability: Hospitality|[of] p2a: Syn S. T'cha\n|move|p2b: Rekt Bozo|Protect|p2b: Rekt Bozo\n|-singleturn|p2b: Rekt Bozo|Protect\n|move|p1a: Goodra|Body Press|p2b: Rekt Bozo\n|-activate|p2b: Rekt Bozo|move: Protect\n|move|p1b: Flutter Mane|Shadow Ball|p2b: Rekt Bozo\n|-activate|p2b: Rekt Bozo|move: Protect\n|\n|-heal|p2b: Rekt Bozo|77\/100|[from] item: Leftovers\n|-heal|p1a: Goodra|73\/100|[from] item: Leftovers\n|upkeep\n|turn|9\n|\n|t:|1700070997\n|switch|p1a: Breloom|Breloom, M|100\/100\n|move|p2b: Rekt Bozo|Yawn|p1b: Flutter Mane\n|-start|p1b: Flutter Mane|move: Yawn|[of] p2b: Rekt Bozo\n|move|p2a: Syn S. T'cha|Matcha Gotcha|p1a: Breloom|[spread] p1a,p1b\n|-resisted|p1a: Breloom\n|-damage|p1a: Breloom|75\/100\n|-heal|p2a: Syn S. T'cha|71\/100|[from] drain|[of] p1a: Breloom\n|-damage|p1b: Flutter Mane|77\/100\n|-heal|p2a: Syn S. T'cha|79\/100|[from] drain|[of] p1b: Flutter Mane\n|move|p1b: Flutter Mane|Shadow Ball|p2b: Rekt Bozo\n|-damage|p2b: Rekt Bozo|35\/100\n|\n|-heal|p2b: Rekt Bozo|41\/100|[from] item: Leftovers\n|upkeep\n|turn|10\n|\n|t:|1700071040\n|-end|p1b: Flutter Mane|Protosynthesis|[silent]\n|switch|p1b: Empoleon|Empoleon, F|100\/100\n|move|p2b: Rekt Bozo|Protect|p2b: Rekt Bozo\n|-singleturn|p2b: Rekt Bozo|Protect\n|move|p2a: Syn S. T'cha|Matcha Gotcha|p1a: Breloom|[spread] p1a,p1b\n|-resisted|p1a: Breloom\n|-damage|p1a: Breloom|53\/100\n|-heal|p2a: Syn S. T'cha|88\/100|[from] drain|[of] p1a: Breloom\n|-damage|p1b: Empoleon|77\/100\n|-heal|p2a: Syn S. T'cha|99\/100|[from] drain|[of] p1b: Empoleon\n|move|p1a: Breloom|Bullet Seed|p2b: Rekt Bozo\n|-activate|p2b: Rekt Bozo|move: Protect\n|\n|-heal|p2b: Rekt Bozo|47\/100|[from] item: Leftovers\n|-heal|p1b: Empoleon|83\/100|[from] item: Leftovers\n|upkeep\n|turn|11\n|\n|t:|1700071068\n|switch|p2b: Barbie|Rabsca, F, shiny|62\/100 par\n|move|p2a: Syn S. T'cha|Protect|p2a: Syn S. T'cha\n|-singleturn|p2a: Syn S. T'cha|Protect\n|move|p1b: Empoleon|Ice Beam|p2a: Syn S. T'cha\n|-activate|p2a: Syn S. T'cha|move: Protect\n|move|p1a: Breloom|Bullet Seed|p2b: Barbie\n|-resisted|p2b: Barbie\n|-damage|p2b: Barbie|50\/100 par\n|-resisted|p2b: Barbie\n|-damage|p2b: Barbie|39\/100 par\n|-resisted|p2b: Barbie\n|-damage|p2b: Barbie|28\/100 par\n|-resisted|p2b: Barbie\n|-damage|p2b: Barbie|16\/100 par\n|-hitcount|p2b: Barbie|4\n|\n|-heal|p1b: Empoleon|89\/100|[from] item: Leftovers\n|-fieldend|move: Trick Room\n|upkeep\n|turn|12\n|\n|t:|1700071113\n|switch|p2a: Oppenheimer|Golem-Alola, M|50\/100\n|move|p1a: Breloom|Bullet Seed|p2b: Barbie\n|-resisted|p2b: Barbie\n|-damage|p2b: Barbie|5\/100 par\n|-resisted|p2b: Barbie\n|-damage|p2b: Barbie|0 fnt\n|faint|p2b: Barbie\n|-hitcount|p2: Barbie|2\n|move|p1b: Empoleon|Ice Beam|p2a: Oppenheimer\n|-damage|p2a: Oppenheimer|13\/100\n|\n|-heal|p1b: Empoleon|95\/100|[from] item: Leftovers\n|upkeep\n|\n|t:|1700071121\n|switch|p2b: Syn S. T'cha|Sinistcha-Masterpiece|99\/100\n|-heal|p2a: Oppenheimer|38\/100|[from] ability: Hospitality|[of] p2b: Syn S. T'cha\n|turn|13\n|\n|t:|1700071151\n|switch|p2a: Rekt Bozo|Dondozo, M|47\/100\n|move|p1a: Breloom|Bullet Seed|p2a: Rekt Bozo\n|-supereffective|p2a: Rekt Bozo\n|-damage|p2a: Rekt Bozo|26\/100\n|-supereffective|p2a: Rekt Bozo\n|-crit|p2a: Rekt Bozo\n|-damage|p2a: Rekt Bozo|0 fnt\n|faint|p2a: Rekt Bozo\n|-hitcount|p2: Rekt Bozo|2\n|move|p1b: Empoleon|Ice Beam|p2b: Syn S. T'cha\n|-supereffective|p2b: Syn S. T'cha\n|-damage|p2b: Syn S. T'cha|35\/100\n|move|p2b: Syn S. T'cha|Trick Room|p2b: Syn S. T'cha\n|-fieldstart|move: Trick Room|[of] p2b: Syn S. T'cha\n|\n|-heal|p1b: Empoleon|100\/100|[from] item: Leftovers\n|upkeep\n|\n|t:|1700071157\n|switch|p2a: Oppenheimer|Golem-Alola, M|38\/100\n|turn|14\n|\n|t:|1700071175\n|move|p2b: Syn S. T'cha|Protect|p2b: Syn S. T'cha\n|-singleturn|p2b: Syn S. T'cha|Protect\n|move|p2a: Oppenheimer|Explosion|p1b: Empoleon|[spread] p1a,p1b\n|-activate|p2b: Syn S. T'cha|move: Protect\n|-resisted|p1a: Breloom\n|-supereffective|p1b: Empoleon\n|-damage|p1a: Breloom|0 fnt\n|-damage|p1b: Empoleon|0 fnt\n|faint|p2a: Oppenheimer\n|faint|p1a: Breloom\n|faint|p1b: Empoleon\n|\n|upkeep\n|\n|t:|1700071188\n|switch|p1b: Flutter Mane|Flutter Mane|77\/100\n|switch|p1a: Kingambit|Kingambit, F, shiny|100\/100\n|-activate|p1a: Kingambit|ability: Supreme Overlord\n|-start|p1a: Kingambit|fallen3|[silent]\n|turn|15\n|\n|t:|1700071206\n|move|p1a: Kingambit|Iron Head|p2b: Syn S. T'cha\n|-damage|p2b: Syn S. T'cha|0 fnt\n|faint|p2b: Syn S. T'cha\n|\n|win|Moldycheezi\n|raw|Moldycheezi's rating: 1084 &rarr; <strong>1105<\/strong><br \/>(+21 for winning)\n|raw|zyvelteas's rating: 1000 &rarr; <strong>1000<\/strong><br \/>(+0 for losing)\n|c|\u2606zyvelteas|Gg! Fun team go boom\n|l|\u2606zyvelteas\n","uploadtime":1700071216,"views":17,"p1id":"moldycheezi","p2id":"zyvelteas","formatid":"gen9doublesou","rating":1000,"private":0,"password":""}