{"id":"gen9doublesou-1977014992","p1":"Shadow Ballers","p2":"fangame10","format":"[Gen 9] Doubles OU","log":"|j|\u2606Shadow Ballers\n|j|\u2606fangame10\n|t:|1698362000\n|gametype|doubles\n|player|p1|Shadow Ballers|blaine|1497\n|player|p2|fangame10|red|1747\n|teamsize|p1|6\n|teamsize|p2|6\n|gen|9\n|tier|[Gen 9] Doubles OU\n|rated|\n|rule|Species Clause: Limit one of each Pok\u00e9mon\n|rule|OHKO Clause: OHKO moves are banned\n|rule|Evasion Moves Clause: Evasion moves are banned\n|rule|Gravity Sleep Clause: The combination of sleep-inducing moves with imperfect accuracy and Gravity or Gigantamax Orbeetle are banned\n|rule|Endless Battle Clause: Forcing endless battles is banned\n|rule|HP Percentage Mod: HP is shown in percentages\n|clearpoke\n|poke|p1|Ogerpon-Hearthflame, F|\n|poke|p1|Iron Hands|\n|poke|p1|Bruxish, F|\n|poke|p1|Weezing-Galar, M|\n|poke|p1|Ursaluna-Bloodmoon, M|\n|poke|p1|Iron Jugulis|\n|poke|p2|Iron Bundle|\n|poke|p2|Abomasnow, F|\n|poke|p2|Chi-Yu|\n|poke|p2|Ursaluna, M|\n|poke|p2|Kommo-o, M|\n|poke|p2|Cresselia, F|\n|teampreview\n|inactive|Battle timer is ON: inactive players will automatically lose when time's up. (requested by fangame10)\n|\n|t:|1698362007\n|start\n|switch|p1a: Bruxish|Bruxish, F, shiny|100\/100\n|switch|p1b: Weezing|Weezing-Galar, M, shiny|100\/100\n|switch|p2a: Ursaluna|Ursaluna, M, shiny|100\/100\n|switch|p2b: Predator Drone|Cresselia, F|100\/100\n|-ability|p1b: Weezing|Neutralizing Gas\n|-block|p1a: Bruxish|item: Ability Shield\n|turn|1\n|\n|t:|1698362023\n|-terastallize|p2a: Ursaluna|Fairy\n|move|p1b: Weezing|Strange Steam|p2a: Ursaluna\n|-damage|p2a: Ursaluna|71\/100\n|move|p1a: Bruxish|Wave Crash|p2a: Ursaluna\n|-damage|p2a: Ursaluna|30\/100\n|-damage|p1a: Bruxish|79\/100|[from] Recoil\n|move|p2a: Ursaluna|Swords Dance|p2a: Ursaluna\n|-boost|p2a: Ursaluna|atk|2\n|move|p2b: Predator Drone|Trick Room|p2b: Predator Drone\n|-fieldstart|move: Trick Room|[of] p2b: Predator Drone\n|\n|-status|p2a: Ursaluna|brn|[from] item: Flame Orb\n|upkeep\n|turn|2\n|\n|t:|1698362051\n|move|p1a: Bruxish|Aqua Jet|p2a: Ursaluna\n|-damage|p2a: Ursaluna|15\/100 brn\n|move|p2a: Ursaluna|Facade|p1a: Bruxish\n|-damage|p1a: Bruxish|0 fnt\n|faint|p1a: Bruxish\n|move|p2b: Predator Drone|Lunar Blessing|p2b: Predator Drone|[spread] p2a,p2b\n|-heal|p2a: Ursaluna|40\/100 brn\n|-curestatus|p2a: Ursaluna|brn|[msg]\n|move|p1b: Weezing|Strange Steam|p2a: Ursaluna\n|-damage|p2a: Ursaluna|11\/100\n|\n|-status|p2a: Ursaluna|brn|[from] item: Flame Orb\n|upkeep\n|inactive|Shadow Ballers has 120 seconds left.\n|\n|t:|1698362066\n|switch|p1a: Iron Hands|Iron Hands, shiny|100\/100\n|turn|3\n|\n|t:|1698362089\n|move|p2a: Ursaluna|Protect|p2a: Ursaluna\n|-singleturn|p2a: Ursaluna|Protect\n|move|p1a: Iron Hands|Fake Out|p2a: Ursaluna\n|-activate|p2a: Ursaluna|move: Protect\n|move|p2b: Predator Drone|Lunar Blessing|p2b: Predator Drone|[spread] p2a,p2b\n|-heal|p2a: Ursaluna|36\/100 brn\n|-curestatus|p2a: Ursaluna|brn|[msg]\n|move|p1b: Weezing|Strange Steam|p2b: Predator Drone\n|-damage|p2b: Predator Drone|80\/100\n|\n|-status|p2a: Ursaluna|brn|[from] item: Flame Orb\n|upkeep\n|turn|4\n|\n|t:|1698362107\n|-end|p1a: Iron Hands|Quark Drive|[silent]\n|switch|p1a: Iron Jugulis|Iron Jugulis, shiny|100\/100\n|-enditem|p1a: Iron Jugulis|Booster Energy\n|-activate|p1a: Iron Jugulis|ability: Quark Drive|[fromitem]\n|-start|p1a: Iron Jugulis|quarkdrivespa\n|move|p2a: Ursaluna|Facade|p1b: Weezing\n|-damage|p1b: Weezing|0 fnt\n|faint|p1b: Weezing\n|-end|p1b: Weezing|ability: Neutralizing Gas\n|move|p2b: Predator Drone|Lunar Blessing|p2b: Predator Drone|[spread] p2a,p2b\n|-heal|p2a: Ursaluna|61\/100 brn\n|-curestatus|p2a: Ursaluna|brn|[msg]\n|-heal|p2b: Predator Drone|100\/100\n|\n|-status|p2a: Ursaluna|brn|[from] item: Flame Orb\n|upkeep\n|inactive|Shadow Ballers has 120 seconds left.\n|\n|t:|1698362129\n|switch|p1b: Iron Hands|Iron Hands, shiny|100\/100\n|turn|5\n|inactive|fangame10 has 120 seconds left.\n|\n|t:|1698362171\n|move|p2a: Ursaluna|Protect|p2a: Ursaluna\n|-singleturn|p2a: Ursaluna|Protect\n|move|p1b: Iron Hands|Fake Out|p2a: Ursaluna\n|-activate|p2a: Ursaluna|move: Protect\n|move|p2b: Predator Drone|Lunar Blessing|p2b: Predator Drone|[spread] p2a,p2b\n|-heal|p2a: Ursaluna|86\/100 brn\n|-curestatus|p2a: Ursaluna|brn|[msg]\n|move|p1a: Iron Jugulis|Flash Cannon|p2a: Ursaluna\n|-activate|p2a: Ursaluna|move: Protect\n|\n|-fieldend|move: Trick Room\n|-status|p2a: Ursaluna|brn|[from] item: Flame Orb\n|upkeep\n|turn|6\n|inactive|fangame10 has 120 seconds left.\n|\n|t:|1698362188\n|switch|p2b: Delibot|Iron Bundle, shiny|100\/100\n|switch|p2a: Chi-Yu|Chi-Yu|100\/100\n|-ability|p2a: Chi-Yu|Beads of Ruin\n|-terastallize|p1b: Iron Hands|Flying\n|move|p1a: Iron Jugulis|Dark Pulse|p2b: Delibot\n|-damage|p2b: Delibot|0 fnt\n|faint|p2b: Delibot\n|-end|p2b: Delibot|Quark Drive|[silent]\n|move|p1b: Iron Hands|Wild Charge|p2a: Chi-Yu\n|-damage|p2a: Chi-Yu|30\/100\n|-damage|p1b: Iron Hands|91\/100|[from] Recoil\n|\n|upkeep\n|inactive|fangame10 has 120 seconds left.\n|\n|t:|1698362196\n|switch|p2b: Predator Drone|Cresselia, F|100\/100\n|turn|7\n|\n|t:|1698362211\n|move|p1a: Iron Jugulis|Dark Pulse|p2b: Predator Drone\n|-supereffective|p2b: Predator Drone\n|-damage|p2b: Predator Drone|18\/100\n|move|p2a: Chi-Yu|Heat Wave|p1a: Iron Jugulis|[spread] p1a,p1b\n|-damage|p1a: Iron Jugulis|40\/100\n|-damage|p1b: Iron Hands|61\/100\n|move|p1b: Iron Hands|Drain Punch|p2a: Chi-Yu\n|-supereffective|p2a: Chi-Yu\n|-damage|p2a: Chi-Yu|0 fnt\n|-heal|p1b: Iron Hands|69\/100|[from] drain|[of] p2a: Chi-Yu\n|faint|p2a: Chi-Yu\n|cant|p2b: Predator Drone|flinch\n|\n|upkeep\n|\n|t:|1698362238\n|switch|p2a: Kommo-o|Kommo-o, M, shiny|100\/100\n|turn|8\n|\n|t:|1698362247\n|move|p1a: Iron Jugulis|Hurricane|p2a: Kommo-o\n|-supereffective|p2a: Kommo-o\n|-damage|p2a: Kommo-o|0 fnt\n|faint|p2a: Kommo-o\n|move|p1b: Iron Hands|Wild Charge|p2b: Predator Drone\n|-damage|p2b: Predator Drone|0 fnt\n|faint|p2b: Predator Drone\n|-damage|p1b: Iron Hands|65\/100|[from] Recoil\n|\n|upkeep\n|\n|t:|1698362250\n|switch|p2a: Ursaluna|Ursaluna, M, shiny, tera:Fairy|86\/100 brn\n|switch|p2b: Abomasnow|Abomasnow, F, shiny|100\/100\n|-weather|Snow|[from] ability: Snow Warning|[of] p2b: Abomasnow\n|turn|9\n|\n|t:|1698362269\n|move|p2a: Ursaluna|Protect|p2a: Ursaluna\n|-singleturn|p2a: Ursaluna|Protect\n|move|p1a: Iron Jugulis|Flash Cannon|p2a: Ursaluna\n|-activate|p2a: Ursaluna|move: Protect\n|move|p2b: Abomasnow|Blizzard|p1b: Iron Hands|[spread] p1a,p1b\n|-supereffective|p1a: Iron Jugulis\n|-supereffective|p1b: Iron Hands\n|-damage|p1a: Iron Jugulis|0 fnt\n|-damage|p1b: Iron Hands|31\/100\n|faint|p1a: Iron Jugulis\n|-end|p1a: Iron Jugulis|Quark Drive|[silent]\n|move|p1b: Iron Hands|Drain Punch|p2b: Abomasnow\n|-supereffective|p2b: Abomasnow\n|-damage|p2b: Abomasnow|33\/100\n|-heal|p1b: Iron Hands|56\/100|[from] drain|[of] p2b: Abomasnow\n|\n|-weather|Snow|[upkeep]\n|-damage|p2a: Ursaluna|80\/100 brn|[from] brn\n|upkeep\n|\n|t:|1698362288\n|switch|p1a: Ogerpon|Ogerpon-Hearthflame, F|100\/100\n|-ability|p1a: Ogerpon|Mold Breaker\n|turn|10\n|\n|t:|1698362296\n|move|p1a: Ogerpon|Ivy Cudgel|p2a: Ursaluna\n|-damage|p2a: Ursaluna|39\/100 brn\n|move|p2b: Abomasnow|Aurora Veil|p2b: Abomasnow\n|-sidestart|p2: fangame10|move: Aurora Veil\n|move|p1b: Iron Hands|Wild Charge|p2a: Ursaluna\n|-damage|p2a: Ursaluna|12\/100 brn\n|-damage|p1b: Iron Hands|50\/100|[from] Recoil\n|move|p2a: Ursaluna|Facade|p1a: Ogerpon\n|-damage|p1a: Ogerpon|0 fnt\n|faint|p1a: Ogerpon\n|\n|-weather|Snow|[upkeep]\n|-damage|p2a: Ursaluna|6\/100 brn|[from] brn\n|upkeep\n|\n|t:|1698362310\n|switch|p1a: Ursaluna|Ursaluna-Bloodmoon, M|100\/100\n|turn|11\n|\n|t:|1698362318\n|move|p2b: Abomasnow|Blizzard|p1a: Ursaluna|[spread] p1a,p1b\n|-supereffective|p1a: Ursaluna\n|-supereffective|p1b: Iron Hands\n|-damage|p1a: Ursaluna|57\/100\n|-damage|p1b: Iron Hands|14\/100\n|move|p1a: Ursaluna|Hyper Voice|p2a: Ursaluna|[spread] p2a,p2b\n|-crit|p2b: Abomasnow\n|-damage|p2a: Ursaluna|0 fnt\n|-damage|p2b: Abomasnow|0 fnt\n|faint|p2a: Ursaluna\n|faint|p2b: Abomasnow\n|\n|win|Shadow Ballers\n|raw|Shadow Ballers's rating: 1497 &rarr; <strong>1530<\/strong><br \/>(+33 for winning)\n|raw|fangame10's rating: 1753 &rarr; <strong>1720<\/strong><br \/>(-33 for losing)\n|l|\u2606fangame10\n|c|\u2606Shadow Ballers|Gg\n","uploadtime":1698362352,"views":23,"p1id":"shadowballers","p2id":"fangame10","formatid":"gen9doublesou","rating":1530,"private":0,"password":""}