{"id":"gen9doublesou-1972884943","p1":"Thecallume_","p2":"Wready","format":"[Gen 9] Doubles OU","log":"|j|\u2606Thecallume_\n|j|\u2606Wready\n|t:|1697905465\n|gametype|doubles\n|player|p1|Thecallume_|swimmer-gen4|1039\n|player|p2|Wready|266|1137\n|teamsize|p1|6\n|teamsize|p2|6\n|gen|9\n|tier|[Gen 9] Doubles OU\n|rated|\n|rule|Species Clause: Limit one of each Pok\u00e9mon\n|rule|OHKO Clause: OHKO moves are banned\n|rule|Evasion Moves Clause: Evasion moves are banned\n|rule|Gravity Sleep Clause: The combination of sleep-inducing moves with imperfect accuracy and Gravity or Gigantamax Orbeetle are banned\n|rule|Endless Battle Clause: Forcing endless battles is banned\n|rule|HP Percentage Mod: HP is shown in percentages\n|clearpoke\n|poke|p1|Kommo-o, M|\n|poke|p1|Murkrow, F|\n|poke|p1|Samurott-Hisui, M|\n|poke|p1|Kilowattrel, M|\n|poke|p1|Mismagius, F|\n|poke|p1|Slither Wing|\n|poke|p2|Pincurchin, F|\n|poke|p2|Pelipper, F|\n|poke|p2|Raichu-Alola, M|\n|poke|p2|Iron Bundle|\n|poke|p2|Iron Treads|\n|poke|p2|Lilligant-Hisui, F|\n|teampreview\n|inactive|Battle timer is ON: inactive players will automatically lose when time's up. (requested by Wready)\n|\n|t:|1697905481\n|start\n|switch|p1a: Slither Wing|Slither Wing|100\/100\n|switch|p1b: Murkrow|Murkrow, F, shiny|100\/100\n|switch|p2a: Pincurchin|Pincurchin, F|100\/100\n|switch|p2b: Pelipper|Pelipper, F|100\/100\n|-weather|RainDance|[from] ability: Drizzle|[of] p2b: Pelipper\n|-fieldstart|move: Electric Terrain|[from] ability: Electric Surge|[of] p2a: Pincurchin\n|turn|1\n|j| Stupidlly_funny\n|inactive|Thecallume_ has 120 seconds left.\n|\n|t:|1697905517\n|move|p1b: Murkrow|Sunny Day|p1b: Murkrow\n|-weather|SunnyDay\n|-activate|p1a: Slither Wing|ability: Protosynthesis\n|-start|p1a: Slither Wing|protosynthesisatk\n|move|p1a: Slither Wing|Substitute|p1a: Slither Wing\n|-start|p1a: Slither Wing|Substitute\n|-damage|p1a: Slither Wing|76\/100\n|move|p2b: Pelipper|U-turn|p1b: Murkrow\n|-damage|p1b: Murkrow|80\/100\n|inactive|Wready has 120 seconds left.\n|\n|t:|1697905543\n|switch|p2b: Iron Bundle|Iron Bundle|100\/100|[from] U-turn\n|-activate|p2b: Iron Bundle|ability: Quark Drive\n|-start|p2b: Iron Bundle|quarkdrivespe\n|move|p2a: Pincurchin|Thunder Wave||[still]\n|-fail|p2a: Pincurchin\n|\n|-weather|SunnyDay|[upkeep]\n|upkeep\n|turn|2\n|inactive|Wready has 120 seconds left.\n|inactive|Thecallume_ has 120 seconds left.\n|\n|t:|1697905569\n|move|p2b: Iron Bundle|Icy Wind|p1a: Slither Wing|[spread] p1a,p1b\n|-end|p1a: Slither Wing|Substitute\n|-supereffective|p1b: Murkrow\n|-damage|p1b: Murkrow|0 fnt\n|faint|p1b: Murkrow\n|-damage|p2b: Iron Bundle|91\/100|[from] item: Life Orb\n|move|p1a: Slither Wing|Close Combat|p2b: Iron Bundle\n|-supereffective|p2b: Iron Bundle\n|-damage|p2b: Iron Bundle|0 fnt\n|-unboost|p1a: Slither Wing|def|1\n|-unboost|p1a: Slither Wing|spd|1\n|faint|p2b: Iron Bundle\n|-end|p2b: Iron Bundle|Quark Drive|[silent]\n|move|p2a: Pincurchin|Acupressure|p2: Iron Bundle|[notarget]\n|-fail|p2a: Pincurchin\n|\n|-weather|SunnyDay|[upkeep]\n|upkeep\n|\n|t:|1697905587\n|switch|p2b: Raichu|Raichu-Alola, M|100\/100\n|switch|p1b: Mismagius|Mismagius, F|100\/100\n|turn|3\n|\n|t:|1697905608\n|move|p2a: Pincurchin|Sucker Punch||[still]\n|-fail|p2a: Pincurchin\n|move|p2b: Raichu|Psychic|p1a: Slither Wing\n|-supereffective|p1a: Slither Wing\n|-damage|p1a: Slither Wing|0 fnt\n|faint|p1a: Slither Wing\n|-end|p1a: Slither Wing|Protosynthesis|[silent]\n|move|p1b: Mismagius|Will-O-Wisp|p2a: Pincurchin|[miss]\n|-miss|p1b: Mismagius|p2a: Pincurchin\n|\n|-weather|SunnyDay|[upkeep]\n|upkeep\n|\n|t:|1697905616\n|switch|p1a: Samurott|Samurott-Hisui, M, shiny|100\/100\n|turn|4\n|\n|t:|1697905636\n|switch|p2a: Pelipper|Pelipper, F|100\/100\n|-weather|RainDance|[from] ability: Drizzle|[of] p2a: Pelipper\n|move|p2b: Raichu|Thunder|p1a: Samurott\n|-supereffective|p1a: Samurott\n|-damage|p1a: Samurott|0 fnt\n|faint|p1a: Samurott\n|move|p1b: Mismagius|Will-O-Wisp|p2b: Raichu\n|-status|p2b: Raichu|brn\n|\n|-weather|RainDance|[upkeep]\n|-damage|p2b: Raichu|94\/100 brn|[from] brn\n|upkeep\n|\n|t:|1697905647\n|switch|p1a: Kommo-o|Kommo-o, M|100\/100\n|turn|5\n|inactive|Wready has 120 seconds left.\n|\n|t:|1697905677\n|switch|p1b: Kilowattrel|Kilowattrel, M|100\/100\n|move|p2a: Pelipper|Helping Hand|p2b: Raichu\n|-singleturn|p2b: Raichu|Helping Hand|[of] p2a: Pelipper\n|move|p2b: Raichu|Psychic|p1a: Kommo-o\n|-supereffective|p1a: Kommo-o\n|-damage|p1a: Kommo-o|0 fnt\n|faint|p1a: Kommo-o\n|\n|-weather|RainDance|[upkeep]\n|-damage|p2b: Raichu|88\/100 brn|[from] brn\n|upkeep\n|\n|t:|1697905687\n|switch|p1a: Mismagius|Mismagius, F|100\/100\n|turn|6\n|\n|t:|1697905705\n|move|p2a: Pelipper|Helping Hand|p2b: Raichu\n|-singleturn|p2b: Raichu|Helping Hand|[of] p2a: Pelipper\n|move|p2b: Raichu|Psychic|p1b: Kilowattrel\n|-damage|p1b: Kilowattrel|12\/100\n|move|p1b: Kilowattrel|Thunderbolt|p2a: Pelipper\n|-supereffective|p2a: Pelipper\n|-damage|p2a: Pelipper|0 fnt\n|faint|p2a: Pelipper\n|move|p1a: Mismagius|Hex|p2b: Raichu\n|-supereffective|p2b: Raichu\n|-damage|p2b: Raichu|0 fnt\n|faint|p2b: Raichu\n|\n|-weather|RainDance|[upkeep]\n|upkeep\n|inactive|Wready has 120 seconds left.\n|\n|t:|1697905727\n|switch|p2b: Iron Treads|Iron Treads|100\/100\n|switch|p2a: Pincurchin|Pincurchin, F|100\/100\n|-activate|p2b: Iron Treads|ability: Quark Drive\n|-start|p2b: Iron Treads|quarkdrivespe\n|turn|7\n|\n|t:|1697905748\n|-terastallize|p1b: Kilowattrel|Electric\n|move|p2a: Pincurchin|Sucker Punch|p1b: Kilowattrel\n|-damage|p1b: Kilowattrel|0 fnt\n|faint|p1b: Kilowattrel\n|move|p2b: Iron Treads|Knock Off|p1a: Mismagius\n|-supereffective|p1a: Mismagius\n|-damage|p1a: Mismagius|17\/100\n|-enditem|p1a: Mismagius|Leftovers|[from] move: Knock Off|[of] p2b: Iron Treads\n|move|p1a: Mismagius|Hex|p2b: Iron Treads\n|-damage|p2b: Iron Treads|79\/100\n|\n|-weather|RainDance|[upkeep]\n|upkeep\n|turn|8\n|c|\u2606Thecallume_|ggwp\n|-message|Thecallume_ forfeited.\n|\n|win|Wready\n|raw|Thecallume_'s rating: 1039 &rarr; <strong>1028<\/strong><br \/>(-11 for losing)\n|raw|Wready's rating: 1137 &rarr; <strong>1155<\/strong><br \/>(+18 for winning)\n|l|\u2606Thecallume_\n|l| Stupidlly_funny\n","uploadtime":1697905795,"views":18,"p1id":"thecallume","p2id":"wready","formatid":"gen9doublesou","rating":1028,"private":0,"password":""}