{"id":"gen9doublesou-1967854610","p1":"serfer123451","p2":"iMaker","format":"[Gen 9] Doubles OU","log":"|html|<div class=\"broadcast-blue\"><strong>[Gen 9] Doubles OU is currently suspecting Basculegion & Flutter Mane! For information on how to participate check out the <a href=\"https:\/\/www.smogon.com\/forums\/threads\/np-sv-dou-stage-8-double-trouble.3729153\/\">suspect thread<\/a>.<\/strong><\/div>\n|j|\u2606serfer123451\n|j|\u2606iMaker\n|t:|1697347234\n|gametype|doubles\n|player|p1|serfer123451|265|\n|player|p2|iMaker|1|\n|teamsize|p1|6\n|teamsize|p2|6\n|gen|9\n|tier|[Gen 9] Doubles OU\n|rule|Species Clause: Limit one of each Pok\u00e9mon\n|rule|OHKO Clause: OHKO moves are banned\n|rule|Evasion Moves Clause: Evasion moves are banned\n|rule|Gravity Sleep Clause: The combination of sleep-inducing moves with imperfect accuracy and Gravity or Gigantamax Orbeetle are banned\n|rule|Endless Battle Clause: Forcing endless battles is banned\n|rule|HP Percentage Mod: HP is shown in percentages\n|clearpoke\n|poke|p1|Rillaboom, M|\n|poke|p1|Ogerpon-Hearthflame, F|\n|poke|p1|Chien-Pao|\n|poke|p1|Dragonite, F|\n|poke|p1|Flutter Mane|\n|poke|p1|Basculegion, M|\n|poke|p2|Rillaboom, M|\n|poke|p2|Ursaluna, F|\n|poke|p2|Cresselia, F|\n|poke|p2|Volcanion|\n|poke|p2|Flutter Mane|\n|poke|p2|Kleavor, F|\n|teampreview\n|\n|t:|1697347251\n|start\n|switch|p1a: Dragonite|Dragonite, F|100\/100\n|switch|p1b: Basculegion|Basculegion, M|100\/100\n|switch|p2a: Kleavor|Kleavor, F|100\/100\n|switch|p2b: Rillaboom|Rillaboom, M|100\/100\n|-fieldstart|move: Grassy Terrain|[from] ability: Grassy Surge|[of] p2b: Rillaboom\n|turn|1\n|\n|t:|1697347268\n|-terastallize|p1a: Dragonite|Normal\n|move|p2b: Rillaboom|Fake Out|p1a: Dragonite\n|-damage|p1a: Dragonite|87\/100\n|move|p2a: Kleavor|U-turn|p1a: Dragonite\n|-damage|p1a: Dragonite|51\/100\n|\n|t:|1697347273\n|switch|p2a: Volcanion|Volcanion|100\/100|[from] U-turn\n|move|p1b: Basculegion|Wave Crash|p2a: Volcanion\n|-immune|p2a: Volcanion|[from] ability: Water Absorb\n|move|p1a: Dragonite|Aerial Ace|p2b: Rillaboom\n|-supereffective|p2b: Rillaboom\n|-damage|p2b: Rillaboom|0 fnt\n|faint|p2b: Rillaboom\n|\n|-heal|p1a: Dragonite|57\/100|[from] Grassy Terrain\n|upkeep\n|\n|t:|1697347293\n|switch|p2b: Ursaluna|Ursaluna, F|100\/100\n|turn|2\n|\n|t:|1697347302\n|switch|p1a: Ogerpon|Ogerpon-Hearthflame, F|100\/100\n|-ability|p1a: Ogerpon|Mold Breaker\n|-terastallize|p2b: Ursaluna|Normal\n|move|p1b: Basculegion|Wave Crash|p2b: Ursaluna\n|-damage|p2b: Ursaluna|38\/100\n|-damage|p1b: Basculegion|79\/100|[from] Recoil\n|move|p2a: Volcanion|Steam Eruption|p1a: Ogerpon\n|-crit|p1a: Ogerpon\n|-damage|p1a: Ogerpon|8\/100\n|move|p2b: Ursaluna|Swords Dance|p2b: Ursaluna\n|-boost|p2b: Ursaluna|atk|2\n|\n|-heal|p1b: Basculegion|85\/100|[from] Grassy Terrain\n|-heal|p1a: Ogerpon|14\/100|[from] Grassy Terrain\n|-heal|p2b: Ursaluna|45\/100|[from] Grassy Terrain\n|-status|p2b: Ursaluna|brn|[from] item: Flame Orb\n|upkeep\n|turn|3\n|\n|t:|1697347319\n|move|p2b: Ursaluna|Protect|p2b: Ursaluna\n|-singleturn|p2b: Ursaluna|Protect\n|move|p1a: Ogerpon|Grassy Glide|p2a: Volcanion\n|-damage|p2a: Volcanion|61\/100\n|move|p1b: Basculegion|Wave Crash|p2b: Ursaluna\n|-activate|p2b: Ursaluna|move: Protect\n|move|p2a: Volcanion|Heat Wave|p1a: Ogerpon|[spread] p1a,p1b\n|-resisted|p1b: Basculegion\n|-damage|p1a: Ogerpon|0 fnt\n|-damage|p1b: Basculegion|64\/100\n|faint|p1a: Ogerpon\n|\n|-heal|p1b: Basculegion|70\/100|[from] Grassy Terrain\n|-heal|p2a: Volcanion|67\/100|[from] Grassy Terrain\n|-heal|p2b: Ursaluna|51\/100 brn|[from] Grassy Terrain\n|-damage|p2b: Ursaluna|45\/100 brn|[from] brn\n|upkeep\n|\n|t:|1697347332\n|switch|p1a: Flutter Mane|Flutter Mane|100\/100\n|turn|4\n|\n|t:|1697347347\n|switch|p2a: Cresselia|Cresselia, F|100\/100\n|move|p1b: Basculegion|Wave Crash|p2b: Ursaluna\n|-crit|p2b: Ursaluna\n|-damage|p2b: Ursaluna|0 fnt\n|faint|p2b: Ursaluna\n|-damage|p1b: Basculegion|55\/100|[from] Recoil\n|move|p1a: Flutter Mane|Shadow Ball|p2a: Cresselia\n|-supereffective|p2a: Cresselia\n|-damage|p2a: Cresselia|34\/100\n|\n|-heal|p1b: Basculegion|61\/100|[from] Grassy Terrain\n|upkeep\n|\n|t:|1697347359\n|switch|p2b: Flutter Mane|Flutter Mane|100\/100\n|turn|5\n|\n|t:|1697347365\n|move|p2a: Cresselia|Ally Switch|p2a: Cresselia\n|swap|p2a: Cresselia|1|[from] move: Ally Switch\n|move|p1b: Basculegion|Wave Crash|p2b: Cresselia\n|-damage|p2b: Cresselia|0 fnt\n|faint|p2b: Cresselia\n|-damage|p1b: Basculegion|48\/100|[from] Recoil\n|move|p1a: Flutter Mane|Shadow Ball|p2a: Flutter Mane\n|-supereffective|p2a: Flutter Mane\n|-damage|p2a: Flutter Mane|0 fnt\n|faint|p2a: Flutter Mane\n|-end|p2a: Flutter Mane|Protosynthesis|[silent]\n|\n|-heal|p1b: Basculegion|54\/100|[from] Grassy Terrain\n|-fieldend|move: Grassy Terrain\n|upkeep\n|c|\u2606iMaker|welp its wraps\n|-message|iMaker forfeited.\n|\n|win|serfer123451\n|l|\u2606iMaker\n|c|\u2606serfer123451|gg\n","uploadtime":1697347382,"views":23,"p1id":"serfer123451","p2id":"imaker","formatid":"gen9doublesou","rating":0,"private":0,"password":""}