{"id":"gen9doublesou-1969950141","p1":"Riverstar21","p2":"ballman9999999","format":"[Gen 9] Doubles OU","log":"|j|\u2606Riverstar21\n|j|\u2606ballman9999999\n|t:|1697578768\n|gametype|doubles\n|player|p1|Riverstar21|170|1019\n|player|p2|ballman9999999|101|1000\n|teamsize|p1|5\n|teamsize|p2|6\n|gen|9\n|tier|[Gen 9] Doubles OU\n|rated|\n|rule|Species Clause: Limit one of each Pok\u00e9mon\n|rule|OHKO Clause: OHKO moves are banned\n|rule|Evasion Moves Clause: Evasion moves are banned\n|rule|Gravity Sleep Clause: The combination of sleep-inducing moves with imperfect accuracy and Gravity or Gigantamax Orbeetle are banned\n|rule|Endless Battle Clause: Forcing endless battles is banned\n|rule|HP Percentage Mod: HP is shown in percentages\n|clearpoke\n|poke|p1|Heatran, F|\n|poke|p1|Oricorio-Pom-Pom, M|\n|poke|p1|Volcarona, M|\n|poke|p1|Iron Bundle|\n|poke|p1|Ogerpon-Wellspring, F|\n|poke|p2|Regieleki|\n|poke|p2|Gyarados, M|\n|poke|p2|Okidogi, M|\n|poke|p2|Roaring Moon|\n|poke|p2|Gholdengo|\n|poke|p2|Talonflame, F|\n|teampreview\n|\n|t:|1697578786\n|start\n|switch|p1a: Oricorio|Oricorio-Pom-Pom, M|100\/100\n|switch|p1b: Volcarona|Volcarona, M|100\/100\n|switch|p2a: Talonflame|Talonflame, F|100\/100\n|switch|p2b: Regieleki|Regieleki|100\/100\n|turn|1\n|\n|t:|1697578806\n|move|p2a: Talonflame|Tailwind|p2a: Talonflame\n|-sidestart|p2: ballman9999999|move: Tailwind\n|move|p2b: Regieleki|Ancient Power|p1a: Oricorio\n|-supereffective|p1a: Oricorio\n|-damage|p1a: Oricorio|43\/100\n|-boost|p2b: Regieleki|atk|1\n|-boost|p2b: Regieleki|def|1\n|-boost|p2b: Regieleki|spa|1\n|-boost|p2b: Regieleki|spd|1\n|-boost|p2b: Regieleki|spe|1\n|-enditem|p1a: Oricorio|Sitrus Berry|[eat]\n|-heal|p1a: Oricorio|68\/100|[from] item: Sitrus Berry\n|move|p1b: Volcarona|Quiver Dance|p1b: Volcarona\n|-boost|p1b: Volcarona|spa|1\n|-boost|p1b: Volcarona|spd|1\n|-boost|p1b: Volcarona|spe|1\n|-activate|p1a: Oricorio|ability: Dancer\n|move|p1a: Oricorio|Quiver Dance|p1a: Oricorio|[from]ability: Dancer\n|-boost|p1a: Oricorio|spa|1\n|-boost|p1a: Oricorio|spd|1\n|-boost|p1a: Oricorio|spe|1\n|move|p1a: Oricorio|Quiver Dance|p1a: Oricorio\n|-boost|p1a: Oricorio|spa|1\n|-boost|p1a: Oricorio|spd|1\n|-boost|p1a: Oricorio|spe|1\n|\n|upkeep\n|turn|2\n|\n|t:|1697578835\n|move|p1a: Oricorio|Protect|p1a: Oricorio\n|-singleturn|p1a: Oricorio|Protect\n|move|p2a: Talonflame|Brave Bird|p1b: Volcarona\n|-supereffective|p1b: Volcarona\n|-damage|p1b: Volcarona|0 fnt\n|faint|p1b: Volcarona\n|-damage|p2a: Talonflame|66\/100|[from] Recoil\n|-heal|p2a: Talonflame|79\/100|[from] item: Shell Bell|[of] p1: Volcarona\n|move|p2b: Regieleki|Ancient Power|p1a: Oricorio\n|-activate|p1a: Oricorio|move: Protect\n|\n|upkeep\n|\n|t:|1697578847\n|switch|p1b: Iron Bundle|Iron Bundle|100\/100\n|-enditem|p1b: Iron Bundle|Booster Energy\n|-activate|p1b: Iron Bundle|ability: Quark Drive|[fromitem]\n|-start|p1b: Iron Bundle|quarkdrivespe\n|turn|3\n|\n|t:|1697578878\n|-terastallize|p1b: Iron Bundle|Ground\n|move|p2b: Regieleki|Ancient Power|p1a: Oricorio\n|-supereffective|p1a: Oricorio\n|-damage|p1a: Oricorio|25\/100\n|-boost|p2b: Regieleki|atk|1\n|-boost|p2b: Regieleki|def|1\n|-boost|p2b: Regieleki|spa|1\n|-boost|p2b: Regieleki|spd|1\n|-boost|p2b: Regieleki|spe|1\n|move|p2a: Talonflame|Roost|p2a: Talonflame\n|-heal|p2a: Talonflame|100\/100\n|-singleturn|p2a: Talonflame|move: Roost\n|move|p1b: Iron Bundle|Acrobatics|p2b: Regieleki\n|-resisted|p2b: Regieleki\n|-damage|p2b: Regieleki|90\/100\n|move|p1a: Oricorio|Baton Pass|p1a: Oricorio\n|inactive|Battle timer is ON: inactive players will automatically lose when time's up. (requested by Riverstar21)\n|\n|t:|1697578891\n|switch|p1a: Heatran|Heatran, F|100\/100|[from] Baton Pass\n|\n|upkeep\n|turn|4\n|\n|t:|1697578921\n|move|p1a: Heatran|Protect|p1a: Heatran\n|-singleturn|p1a: Heatran|Protect\n|move|p2b: Regieleki|Thunder Cage|p1a: Heatran\n|-activate|p1a: Heatran|move: Protect\n|move|p2a: Talonflame|Flame Charge|p1b: Iron Bundle\n|-damage|p1b: Iron Bundle|79\/100\n|-boost|p2a: Talonflame|spe|1\n|move|p1b: Iron Bundle|Acrobatics|p2a: Talonflame\n|-damage|p2a: Talonflame|65\/100\n|\n|-sideend|p2: ballman9999999|move: Tailwind\n|upkeep\n|turn|5\n|inactive|Riverstar21 has 120 seconds left.\n|\n|t:|1697578957\n|move|p2b: Regieleki|Thunder Cage|p1a: Heatran\n|-damage|p1a: Heatran|60\/100\n|-activate|p1a: Heatran|move: Thunder Cage|[of] p2b: Regieleki\n|move|p1b: Iron Bundle|Hydro Pump|p2a: Talonflame\n|-supereffective|p2a: Talonflame\n|-damage|p2a: Talonflame|0 fnt\n|faint|p2a: Talonflame\n|move|p1a: Heatran|Earth Power|p2b: Regieleki\n|-supereffective|p2b: Regieleki\n|-damage|p2b: Regieleki|0 fnt\n|faint|p2b: Regieleki\n|\n|-heal|p1a: Heatran|66\/100|[from] item: Leftovers\n|-end|p1a: Heatran|Thunder Cage|[partiallytrapped]|[silent]\n|upkeep\n|inactive|ballman9999999 has 120 seconds left.\n|\n|t:|1697578977\n|switch|p2b: Gholdengo|Gholdengo|100\/100\n|switch|p2a: Gyarados|Gyarados, M|100\/100\n|-ability|p2a: Gyarados|Intimidate|boost\n|-unboost|p1a: Heatran|atk|1\n|-unboost|p1b: Iron Bundle|atk|1\n|turn|6\n|\n|t:|1697578996\n|move|p1b: Iron Bundle|Freeze-Dry|p2a: Gyarados\n|-supereffective|p2a: Gyarados\n|-damage|p2a: Gyarados|0 fnt\n|faint|p2a: Gyarados\n|move|p1a: Heatran|Earth Power|p2b: Gholdengo\n|-supereffective|p2b: Gholdengo\n|-damage|p2b: Gholdengo|0 fnt\n|faint|p2b: Gholdengo\n|\n|-heal|p1a: Heatran|73\/100|[from] item: Leftovers\n|upkeep\n|\n|t:|1697579001\n|switch|p2b: Roaring Moon|Roaring Moon|100\/100\n|switch|p2a: Okidogi|Okidogi, M|100\/100\n|turn|7\n|\n|t:|1697579016\n|move|p1b: Iron Bundle|Acrobatics|p2a: Okidogi\n|-supereffective|p2a: Okidogi\n|-damage|p2a: Okidogi|74\/100\n|move|p1a: Heatran|Dragon Pulse|p2b: Roaring Moon\n|-supereffective|p2b: Roaring Moon\n|-damage|p2b: Roaring Moon|0 fnt\n|faint|p2b: Roaring Moon\n|-end|p2b: Roaring Moon|Protosynthesis|[silent]\n|move|p2a: Okidogi|Drain Punch|p1a: Heatran\n|-supereffective|p1a: Heatran\n|-damage|p1a: Heatran|3\/100\n|-heal|p2a: Okidogi|100\/100|[from] drain|[of] p1a: Heatran\n|-status|p2a: Okidogi|brn|[from] ability: Flame Body|[of] p1a: Heatran\n|\n|-heal|p1a: Heatran|9\/100|[from] item: Leftovers\n|-damage|p2a: Okidogi|95\/100 brn|[from] brn\n|upkeep\n|turn|8\n|-activate|p2a: Okidogi|item: Quick Claw\n|\n|t:|1697579035\n|move|p1a: Heatran|Protect|p1a: Heatran\n|-singleturn|p1a: Heatran|Protect\n|move|p2a: Okidogi|Drain Punch|p1b: Iron Bundle\n|-damage|p1b: Iron Bundle|54\/100\n|-heal|p2a: Okidogi|100\/100 brn|[from] drain|[of] p1b: Iron Bundle\n|move|p1b: Iron Bundle|Acrobatics|p2a: Okidogi\n|-supereffective|p2a: Okidogi\n|-damage|p2a: Okidogi|73\/100 brn\n|\n|-heal|p1a: Heatran|15\/100|[from] item: Leftovers\n|-damage|p2a: Okidogi|67\/100 brn|[from] brn\n|upkeep\n|turn|9\n|\n|t:|1697579054\n|move|p1b: Iron Bundle|Ice Beam|p2a: Okidogi\n|-damage|p2a: Okidogi|9\/100 brn\n|move|p1a: Heatran|Earth Power|p2a: Okidogi\n|-supereffective|p2a: Okidogi\n|-damage|p2a: Okidogi|0 fnt\n|faint|p2a: Okidogi\n|\n|win|Riverstar21\n|raw|Riverstar21's rating: 1058 &rarr; <strong>1084<\/strong><br \/>(+26 for winning)\n|raw|ballman9999999's rating: 1000 &rarr; <strong>1000<\/strong><br \/>(+0 for losing)\n|l|\u2606ballman9999999\n","uploadtime":1697579063,"views":10,"p1id":"riverstar21","p2id":"ballman9999999","formatid":"gen9doublesou","rating":1000,"private":0,"password":""}