{"id":"gen9doublesou-1989208809","p1":"56789ya","p2":"MauritsB7","format":"[Gen 9] Doubles OU","log":"|j|\u260656789ya\n|j|\u2606MauritsB7\n|t:|1699823612\n|gametype|doubles\n|player|p1|56789ya|boarder|1148\n|player|p2|MauritsB7|101|1042\n|teamsize|p1|6\n|teamsize|p2|6\n|gen|9\n|tier|[Gen 9] Doubles OU\n|rated|\n|rule|Species Clause: Limit one of each Pok\u00e9mon\n|rule|OHKO Clause: OHKO moves are banned\n|rule|Evasion Moves Clause: Evasion moves are banned\n|rule|Gravity Sleep Clause: The combination of sleep-inducing moves with imperfect accuracy and Gravity or Gigantamax Orbeetle are banned\n|rule|Endless Battle Clause: Forcing endless battles is banned\n|rule|HP Percentage Mod: HP is shown in percentages\n|clearpoke\n|poke|p1|Tauros-Paldea-Blaze, M|\n|poke|p1|Meowscarada, F|\n|poke|p1|Flamigo, F|\n|poke|p1|Corviknight, F|\n|poke|p1|Glimmora, F|\n|poke|p1|Flutter Mane|\n|poke|p2|Gastrodon-East, M|\n|poke|p2|Rillaboom, F|\n|poke|p2|Farigiraf, M|\n|poke|p2|Heatran, M|\n|poke|p2|Mimikyu, F|\n|poke|p2|Sinistcha-Masterpiece|\n|teampreview\n|\n|t:|1699823630\n|start\n|switch|p1a: Tauros|Tauros-Paldea-Blaze, M|100\/100\n|switch|p1b: Meowscarada|Meowscarada, F|100\/100\n|switch|p2a: Heatran|Heatran, M|100\/100\n|switch|p2b: Mimikyu|Mimikyu, F|100\/100\n|turn|1\n|\n|t:|1699823646\n|move|p2a: Heatran|Protect|p2a: Heatran\n|-singleturn|p2a: Heatran|Protect\n|move|p1b: Meowscarada|Flower Trick|p1a: Tauros\n|-resisted|p1a: Tauros\n|-crit|p1a: Tauros\n|-damage|p1a: Tauros|84\/100\n|-setboost|p1a: Tauros|atk|6|[from] ability: Anger Point\n|move|p1a: Tauros|Earthquake|p2b: Mimikyu|[spread] p1b,p2b\n|-activate|p2a: Heatran|move: Protect\n|-resisted|p1b: Meowscarada\n|-damage|p1b: Meowscarada|51\/100\n|-activate|p2b: Mimikyu|ability: Disguise\n|-damage|p2b: Mimikyu|100\/100\n|detailschange|p2b: Mimikyu|Mimikyu-Busted, F\n|-damage|p2b: Mimikyu|88\/100|[from] pokemon: Mimikyu-Busted\n|move|p2b: Mimikyu|Trick Room|p2b: Mimikyu\n|-fieldstart|move: Trick Room|[of] p2b: Mimikyu\n|\n|upkeep\n|turn|2\n|\n|t:|1699823670\n|-terastallize|p2a: Heatran|Flying\n|move|p2a: Heatran|Tera Blast|p1a: Tauros|[anim] Tera Blast Flying\n|-supereffective|p1a: Tauros\n|-damage|p1a: Tauros|0 fnt\n|faint|p1a: Tauros\n|-damage|p2a: Heatran|91\/100|[from] item: Life Orb\n|move|p2b: Mimikyu|Play Rough|p1b: Meowscarada\n|-supereffective|p1b: Meowscarada\n|-damage|p1b: Meowscarada|0 fnt\n|faint|p1b: Meowscarada\n|\n|upkeep\n|\n|t:|1699823691\n|switch|p1a: Corviknight|Corviknight, F|100\/100\n|switch|p1b: Glimmora|Glimmora, F|100\/100\n|turn|3\n|\n|t:|1699823720\n|move|p1a: Corviknight|Iron Head|p2b: Mimikyu\n|-supereffective|p2b: Mimikyu\n|-damage|p2b: Mimikyu|0 fnt\n|faint|p2b: Mimikyu\n|move|p2a: Heatran|Heat Wave|p1a: Corviknight|[spread] p1a\n|-miss|p2a: Heatran|p1b: Glimmora\n|-supereffective|p1a: Corviknight\n|-damage|p1a: Corviknight|34\/100\n|-damage|p2a: Heatran|81\/100|[from] item: Life Orb\n|move|p1b: Glimmora|Mortal Spin|p2a: Heatran\n|-damage|p2a: Heatran|75\/100\n|-status|p2a: Heatran|psn\n|\n|-heal|p1a: Corviknight|40\/100|[from] item: Leftovers\n|-damage|p2a: Heatran|63\/100 psn|[from] psn\n|upkeep\n|\n|t:|1699823754\n|switch|p2b: Sinistcha|Sinistcha-Masterpiece|100\/100\n|-heal|p2a: Heatran|87\/100 psn|[from] ability: Hospitality|[of] p2b: Sinistcha\n|turn|4\n|\n|t:|1699823777\n|move|p2b: Sinistcha|Protect|p2b: Sinistcha\n|-singleturn|p2b: Sinistcha|Protect\n|move|p1a: Corviknight|Roost|p1a: Corviknight\n|-heal|p1a: Corviknight|90\/100\n|-singleturn|p1a: Corviknight|move: Roost\n|move|p2a: Heatran|Heat Wave|p1b: Glimmora|[spread] p1a,p1b\n|-supereffective|p1a: Corviknight\n|-resisted|p1b: Glimmora\n|-damage|p1a: Corviknight|18\/100\n|-damage|p1b: Glimmora|74\/100\n|-damage|p2a: Heatran|78\/100 psn|[from] item: Life Orb\n|move|p1b: Glimmora|Sludge Bomb|p2b: Sinistcha\n|-activate|p2b: Sinistcha|move: Protect\n|\n|-heal|p1a: Corviknight|24\/100|[from] item: Leftovers\n|-heal|p1b: Glimmora|80\/100|[from] item: Leftovers\n|-damage|p2a: Heatran|65\/100 psn|[from] psn\n|upkeep\n|turn|5\n|\n|t:|1699823816\n|move|p1a: Corviknight|Roost|p1a: Corviknight\n|-heal|p1a: Corviknight|74\/100\n|-singleturn|p1a: Corviknight|move: Roost\n|move|p2b: Sinistcha|Matcha Gotcha|p1a: Corviknight|[spread] p1a,p1b\n|-resisted|p1a: Corviknight\n|-damage|p1a: Corviknight|64\/100\n|-damage|p1b: Glimmora|46\/100\n|move|p2a: Heatran|Heat Wave|p1b: Glimmora|[spread] p1a,p1b\n|-supereffective|p1a: Corviknight\n|-resisted|p1b: Glimmora\n|-damage|p1a: Corviknight|0 fnt\n|-damage|p1b: Glimmora|20\/100\n|faint|p1a: Corviknight\n|-damage|p2a: Heatran|55\/100 psn|[from] item: Life Orb\n|move|p1b: Glimmora|Sludge Bomb|p2b: Sinistcha\n|-damage|p2b: Sinistcha|21\/100\n|-status|p2b: Sinistcha|psn\n|-enditem|p2b: Sinistcha|Aguav Berry|[eat]\n|-heal|p2b: Sinistcha|54\/100 psn|[from] item: Aguav Berry\n|\n|-heal|p1b: Glimmora|26\/100|[from] item: Leftovers\n|-damage|p2b: Sinistcha|41\/100 psn|[from] psn\n|-damage|p2a: Heatran|43\/100 psn|[from] psn\n|-fieldend|move: Trick Room\n|upkeep\n|\n|t:|1699823835\n|switch|p1a: Flutter Mane|Flutter Mane|100\/100\n|turn|6\n|\n|t:|1699823853\n|move|p1b: Glimmora|Spiky Shield|p1b: Glimmora\n|-singleturn|p1b: Glimmora|move: Protect\n|move|p1a: Flutter Mane|Dazzling Gleam|p2b: Sinistcha|[spread] p2a,p2b\n|-damage|p2a: Heatran|5\/100 psn\n|-damage|p2b: Sinistcha|0 fnt\n|faint|p2b: Sinistcha\n|move|p2a: Heatran|Earth Power|p1b: Glimmora\n|-activate|p1b: Glimmora|move: Protect\n|\n|-heal|p1b: Glimmora|32\/100|[from] item: Leftovers\n|-damage|p2a: Heatran|0 fnt|[from] psn\n|faint|p2a: Heatran\n|upkeep\n|\n|t:|1699823875\n|switch|p2a: Rillaboom|Rillaboom, F|100\/100\n|switch|p2b: Farigiraf|Farigiraf, M|100\/100\n|-fieldstart|move: Grassy Terrain|[from] ability: Grassy Surge|[of] p2a: Rillaboom\n|turn|7\n|\n|t:|1699823896\n|-terastallize|p1b: Glimmora|Grass\n|move|p2a: Rillaboom|Fake Out|p1a: Flutter Mane\n|-immune|p1a: Flutter Mane\n|move|p1a: Flutter Mane|Dazzling Gleam|p2b: Farigiraf|[spread] p2a,p2b\n|-damage|p2a: Rillaboom|69\/100\n|-damage|p2b: Farigiraf|60\/100\n|move|p1b: Glimmora|Sludge Bomb|p2a: Rillaboom\n|-supereffective|p2a: Rillaboom\n|-damage|p2a: Rillaboom|0 fnt\n|faint|p2a: Rillaboom\n|move|p2b: Farigiraf|Trick Room|p2b: Farigiraf\n|-fieldstart|move: Trick Room|[of] p2b: Farigiraf\n|\n|-heal|p2b: Farigiraf|66\/100|[from] Grassy Terrain\n|-heal|p1b: Glimmora|39\/100|[from] Grassy Terrain\n|-heal|p1b: Glimmora|45\/100|[from] item: Leftovers\n|upkeep\n|\n|t:|1699823912\n|switch|p2a: Gastrodon|Gastrodon-East, M|100\/100\n|turn|8\n|\n|t:|1699823930\n|move|p2a: Gastrodon|Earth Power|p1a: Flutter Mane\n|-damage|p1a: Flutter Mane|76\/100\n|move|p2b: Farigiraf|Skill Swap|p2a: Gastrodon\n|-activate|p2b: Farigiraf|move: Skill Swap|||[of] p2a: Gastrodon\n|move|p1b: Glimmora|Energy Ball|p2a: Gastrodon\n|-ability|p2a: Gastrodon|Sap Sipper|boost\n|-boost|p2a: Gastrodon|atk|1\n|move|p1a: Flutter Mane|Dazzling Gleam|p2a: Gastrodon|[spread] p2a,p2b\n|-damage|p2a: Gastrodon|71\/100\n|-damage|p2b: Farigiraf|21\/100\n|\n|-heal|p2a: Gastrodon|77\/100|[from] Grassy Terrain\n|-heal|p2a: Gastrodon|84\/100|[from] item: Leftovers\n|-heal|p2b: Farigiraf|27\/100|[from] Grassy Terrain\n|-heal|p1b: Glimmora|51\/100|[from] Grassy Terrain\n|-heal|p1b: Glimmora|57\/100|[from] item: Leftovers\n|-heal|p1a: Flutter Mane|82\/100|[from] Grassy Terrain\n|upkeep\n|turn|9\n|\n|t:|1699823958\n|move|p2a: Gastrodon|Ice Beam|p1b: Glimmora\n|-supereffective|p1b: Glimmora\n|-damage|p1b: Glimmora|17\/100\n|move|p2b: Farigiraf|Psychic|p1a: Flutter Mane\n|-damage|p1a: Flutter Mane|45\/100\n|-unboost|p1a: Flutter Mane|spd|1\n|move|p1b: Glimmora|Sludge Bomb|p2a: Gastrodon\n|-resisted|p2a: Gastrodon\n|-crit|p2a: Gastrodon\n|-damage|p2a: Gastrodon|54\/100\n|-status|p2a: Gastrodon|psn\n|move|p1a: Flutter Mane|Dazzling Gleam|p2a: Gastrodon|[spread] p2a,p2b\n|-damage|p2a: Gastrodon|22\/100 psn\n|-damage|p2b: Farigiraf|0 fnt\n|faint|p2b: Farigiraf\n|\n|-heal|p2a: Gastrodon|28\/100 psn|[from] Grassy Terrain\n|-heal|p2a: Gastrodon|34\/100 psn|[from] item: Leftovers\n|-heal|p1b: Glimmora|23\/100|[from] Grassy Terrain\n|-heal|p1b: Glimmora|29\/100|[from] item: Leftovers\n|-heal|p1a: Flutter Mane|51\/100|[from] Grassy Terrain\n|-damage|p2a: Gastrodon|21\/100 psn|[from] psn\n|upkeep\n|turn|10\n|\n|t:|1699823983\n|move|p2a: Gastrodon|Ice Beam|p1b: Glimmora\n|-supereffective|p1b: Glimmora\n|-damage|p1b: Glimmora|0 fnt\n|faint|p1b: Glimmora\n|move|p1a: Flutter Mane|Dazzling Gleam|p2a: Gastrodon\n|-damage|p2a: Gastrodon|0 fnt\n|faint|p2a: Gastrodon\n|\n|win|56789ya\n|raw|56789ya's rating: 1148 &rarr; <strong>1166<\/strong><br \/>(+18 for winning)\n|raw|MauritsB7's rating: 1042 &rarr; <strong>1031<\/strong><br \/>(-11 for losing)\n|l|\u2606MauritsB7\n","uploadtime":1699823995,"views":9,"p1id":"56789ya","p2id":"mauritsb7","formatid":"gen9doublesou","rating":1031,"private":0,"password":""}