{"id":"gen9doublesou-1989582835","p1":"SteelMan2007","p2":"Sk0dster","format":"[Gen 9] Doubles OU","log":"|j|\u2606SteelMan2007\n|j|\u2606Sk0dster\n|t:|1699874730\n|gametype|doubles\n|player|p1|SteelMan2007|266|1292\n|player|p2|Sk0dster|1|1413\n|teamsize|p1|6\n|teamsize|p2|6\n|gen|9\n|tier|[Gen 9] Doubles OU\n|rated|\n|rule|Species Clause: Limit one of each Pok\u00e9mon\n|rule|OHKO Clause: OHKO moves are banned\n|rule|Evasion Moves Clause: Evasion moves are banned\n|rule|Gravity Sleep Clause: The combination of sleep-inducing moves with imperfect accuracy and Gravity or Gigantamax Orbeetle are banned\n|rule|Endless Battle Clause: Forcing endless battles is banned\n|rule|HP Percentage Mod: HP is shown in percentages\n|clearpoke\n|poke|p1|Ursaluna-Bloodmoon, M|\n|poke|p1|Cresselia, F|\n|poke|p1|Copperajah, M|\n|poke|p1|Amoonguss, M|\n|poke|p1|Iron Hands|\n|poke|p1|Hatterene, F|\n|poke|p2|Chien-Pao|\n|poke|p2|Flutter Mane|\n|poke|p2|Amoonguss, M|\n|poke|p2|Iron Hands|\n|poke|p2|Ogerpon-Hearthflame, F|\n|poke|p2|Roaring Moon|\n|teampreview\n|inactive|Battle timer is ON: inactive players will automatically lose when time's up. (requested by SteelMan2007)\n|\n|t:|1699874756\n|start\n|switch|p1a: THE MOON|Cresselia, F, shiny|100\/100\n|switch|p1b: Ramming Charge|Copperajah, M|100\/100\n|switch|p2a: Chien-Pao|Chien-Pao|100\/100\n|switch|p2b: Ogerpon|Ogerpon-Hearthflame, F|100\/100\n|-ability|p2a: Chien-Pao|Sword of Ruin\n|-ability|p2b: Ogerpon|Mold Breaker\n|turn|1\n|inactive|Sk0dster has 120 seconds left.\n|inactive|Sk0dster has 90 seconds left.\n|\n|t:|1699874819\n|-terastallize|p2b: Ogerpon|Fire\n|detailschange|p2b: Ogerpon|Ogerpon-Hearthflame-Tera, F, tera:Fire\n|-ability|p2b: Ogerpon|Embody Aspect (Hearthflame)|boost\n|-boost|p2b: Ogerpon|atk|1\n|move|p1a: THE MOON|Protect|p1a: THE MOON\n|-singleturn|p1a: THE MOON|Protect\n|move|p2a: Chien-Pao|Crunch|p1a: THE MOON\n|-activate|p1a: THE MOON|move: Protect\n|move|p2b: Ogerpon|Knock Off|p1a: THE MOON\n|-activate|p1a: THE MOON|move: Protect\n|move|p1b: Ramming Charge|Stomping Tantrum|p2b: Ogerpon\n|-supereffective|p2b: Ogerpon\n|-damage|p2b: Ogerpon|0 fnt\n|faint|p2b: Ogerpon\n|\n|upkeep\n|inactive|Sk0dster has 90 seconds left.\n|\n|t:|1699874836\n|switch|p2b: Iron Hands|Iron Hands|100\/100\n|-enditem|p2b: Iron Hands|Booster Energy\n|-activate|p2b: Iron Hands|ability: Quark Drive|[fromitem]\n|-start|p2b: Iron Hands|quarkdriveatk\n|turn|2\n|\n|t:|1699874849\n|-terastallize|p1b: Ramming Charge|Ground\n|move|p2b: Iron Hands|Fake Out|p1a: THE MOON\n|-damage|p1a: THE MOON|83\/100\n|move|p2a: Chien-Pao|Crunch|p1a: THE MOON\n|-supereffective|p1a: THE MOON\n|-damage|p1a: THE MOON|15\/100\n|move|p1b: Ramming Charge|Stomping Tantrum|p2b: Iron Hands\n|-supereffective|p2b: Iron Hands\n|-damage|p2b: Iron Hands|0 fnt\n|faint|p2b: Iron Hands\n|-end|p2b: Iron Hands|Quark Drive|[silent]\n|cant|p1a: THE MOON|flinch\n|\n|-heal|p1a: THE MOON|21\/100|[from] item: Leftovers\n|upkeep\n|inactive|Sk0dster has 90 seconds left.\n|\n|t:|1699874866\n|switch|p2b: Amoonguss|Amoonguss, M|100\/100\n|turn|3\n|\n|t:|1699874881\n|move|p1a: THE MOON|Protect|p1a: THE MOON\n|-singleturn|p1a: THE MOON|Protect\n|move|p2b: Amoonguss|Rage Powder|p2b: Amoonguss\n|-singleturn|p2b: Amoonguss|move: Rage Powder\n|move|p2a: Chien-Pao|Crunch|p1a: THE MOON\n|-activate|p1a: THE MOON|move: Protect\n|move|p1b: Ramming Charge|Stomping Tantrum|p2b: Amoonguss\n|-damage|p2b: Amoonguss|12\/100\n|-damage|p1b: Ramming Charge|84\/100|[from] item: Rocky Helmet|[of] p2b: Amoonguss\n|\n|-heal|p1a: THE MOON|27\/100|[from] item: Leftovers\n|upkeep\n|turn|4\n|inactive|Sk0dster has 120 seconds left.\n|inactive|SteelMan2007 has 120 seconds left.\n|\n|t:|1699874913\n|move|p2b: Amoonguss|Rage Powder|p2b: Amoonguss\n|-singleturn|p2b: Amoonguss|move: Rage Powder\n|move|p2a: Chien-Pao|Crunch|p1a: THE MOON\n|-supereffective|p1a: THE MOON\n|-damage|p1a: THE MOON|0 fnt\n|faint|p1a: THE MOON\n|move|p1b: Ramming Charge|Stomping Tantrum|p2b: Amoonguss\n|-damage|p2b: Amoonguss|0 fnt\n|-damage|p1b: Ramming Charge|67\/100|[from] item: Rocky Helmet|[of] p2b: Amoonguss\n|faint|p2b: Amoonguss\n|\n|upkeep\n|inactive|Sk0dster has 120 seconds left.\n|\n|t:|1699874945\n|switch|p1a: Towering hair|Hatterene, F, shiny|100\/100\n|switch|p2b: Roaring Moon|Roaring Moon|100\/100\n|turn|5\n|\n|t:|1699874962\n|move|p2b: Roaring Moon|Throat Chop|p1a: Towering hair\n|-crit|p1a: Towering hair\n|-enditem|p1a: Towering hair|Focus Sash\n|-damage|p1a: Towering hair|1\/100\n|-start|p1a: Towering hair|Throat Chop|[silent]\n|move|p2a: Chien-Pao|Icicle Crash|p1b: Ramming Charge\n|-supereffective|p1b: Ramming Charge\n|-damage|p1b: Ramming Charge|0 fnt\n|faint|p1b: Ramming Charge\n|move|p1a: Towering hair|Trick Room|p1a: Towering hair\n|-fieldstart|move: Trick Room|[of] p1a: Towering hair\n|\n|upkeep\n|\n|t:|1699874972\n|switch|p1b: HAR HAR HAR|Ursaluna-Bloodmoon, M|100\/100\n|turn|6\n|\n|t:|1699874987\n|move|p1a: Towering hair|Dazzling Gleam|p2b: Roaring Moon|[spread] p2a,p2b\n|-supereffective|p2a: Chien-Pao\n|-crit|p2a: Chien-Pao\n|-supereffective|p2b: Roaring Moon\n|-enditem|p2a: Chien-Pao|Focus Sash\n|-damage|p2a: Chien-Pao|1\/100\n|-damage|p2b: Roaring Moon|0 fnt\n|faint|p2b: Roaring Moon\n|-end|p2b: Roaring Moon|Protosynthesis|[silent]\n|move|p1b: HAR HAR HAR|Hyper Voice|p2a: Chien-Pao\n|-damage|p2a: Chien-Pao|0 fnt\n|faint|p2a: Chien-Pao\n|-enditem|p1b: HAR HAR HAR|Throat Spray\n|-boost|p1b: HAR HAR HAR|spa|1|[from] item: Throat Spray\n|\n|-end|p1a: Towering hair|Throat Chop|[silent]\n|upkeep\n|-message|Sk0dster forfeited.\n|\n|win|SteelMan2007\n|raw|SteelMan2007's rating: 1292 &rarr; <strong>1325<\/strong><br \/>(+33 for winning)\n|raw|Sk0dster's rating: 1413 &rarr; <strong>1386<\/strong><br \/>(-27 for losing)\n|l|\u2606Sk0dster\n","uploadtime":1699875004,"views":37,"p1id":"steelman2007","p2id":"sk0dster","formatid":"gen9doublesou","rating":1325,"private":0,"password":""}