{"id":"gen9doublesou-1979327360","p1":"07Pineapple07","p2":"udongirl","format":"[Gen 9] Doubles OU","log":"|j|\u260607Pineapple07\n|j|\u2606udongirl\n|inactive|Battle timer is ON: inactive players will automatically lose when time's up.\n|t:|1698671678\n|gametype|doubles\n|player|p1|07Pineapple07|nate|\n|player|p2|udongirl|#bltxrufflets|\n|teamsize|p1|6\n|teamsize|p2|6\n|gen|9\n|tier|[Gen 9] Doubles OU\n|rated|Tournament battle\n|rule|Species Clause: Limit one of each Pok\u00e9mon\n|rule|OHKO Clause: OHKO moves are banned\n|rule|Evasion Moves Clause: Evasion moves are banned\n|rule|Gravity Sleep Clause: The combination of sleep-inducing moves with imperfect accuracy and Gravity or Gigantamax Orbeetle are banned\n|rule|Endless Battle Clause: Forcing endless battles is banned\n|rule|HP Percentage Mod: HP is shown in percentages\n|clearpoke\n|poke|p1|Flutter Mane|\n|poke|p1|Ogerpon-Hearthflame, F|\n|poke|p1|Ursaluna-Bloodmoon, M|\n|poke|p1|Torkoal, F|\n|poke|p1|Walking Wake|\n|poke|p1|Zoroark-Hisui, F|\n|poke|p2|Tornadus, M|\n|poke|p2|Iron Hands|\n|poke|p2|Rillaboom, M|\n|poke|p2|Flutter Mane|\n|poke|p2|Ogerpon-Hearthflame, F|\n|poke|p2|Heatran, M|\n|teampreview\n|\n|t:|1698671703\n|start\n|switch|p1a: Ursaluna|Ursaluna-Bloodmoon, M|100\/100\n|switch|p1b: Torkoal|Torkoal, F|100\/100\n|switch|p2a: Tornadus|Tornadus, M|100\/100\n|switch|p2b: Rillaboom|Rillaboom, M|100\/100\n|-fieldstart|move: Grassy Terrain|[from] ability: Grassy Surge|[of] p2b: Rillaboom\n|-weather|SunnyDay|[from] ability: Drought|[of] p1b: Torkoal\n|turn|1\n|inactive|07Pineapple07 has 120 seconds left.\n|\n|t:|1698671741\n|switch|p2a: Heatran|Heatran, M|100\/100\n|switch|p2b: Flutter Mane|Flutter Mane|100\/100\n|-activate|p2b: Flutter Mane|ability: Protosynthesis\n|-start|p2b: Flutter Mane|protosynthesisspa\n|switch|p1a: Ursaluna|Ursaluna-Bloodmoon, M|100\/100\n|move|p1b: Torkoal|Eruption|p2b: Flutter Mane|[spread] p2b\n|-start|p2a: Heatran|ability: Flash Fire\n|-damage|p2b: Flutter Mane|28\/100\n|\n|-weather|SunnyDay|[upkeep]\n|-heal|p2b: Flutter Mane|35\/100|[from] Grassy Terrain\n|upkeep\n|turn|2\n|j| star of kirby\n|inactive|07Pineapple07 has 120 seconds left.\n|l| star of kirby\n|\n|t:|1698671771\n|switch|p1b: Ursaluna|Ursaluna-Bloodmoon, M|100\/100\n|move|p2b: Flutter Mane|Dazzling Gleam|p1b: Ursaluna|[spread] p1a,p1b\n|-damage|p1a: Ursaluna|0 fnt\n|-damage|p1b: Ursaluna|18\/100\n|replace|p1a: Zoroark|Zoroark-Hisui, F\n|-end|p1a: Zoroark|Illusion\n|faint|p1a: Zoroark\n|move|p2a: Heatran|Heat Wave|p1b: Ursaluna\n|-damage|p1b: Ursaluna|0 fnt\n|faint|p1b: Ursaluna\n|\n|-weather|SunnyDay|[upkeep]\n|-heal|p2b: Flutter Mane|41\/100|[from] Grassy Terrain\n|upkeep\n|\n|t:|1698671783\n|switch|p1a: Flutter Mane|Flutter Mane|100\/100\n|switch|p1b: Ogerpon|Ogerpon-Hearthflame, F|100\/100\n|-activate|p1a: Flutter Mane|ability: Protosynthesis\n|-start|p1a: Flutter Mane|protosynthesisspe\n|-ability|p1b: Ogerpon|Mold Breaker\n|turn|3\n|inactive|07Pineapple07 has 120 seconds left.\n|\n|t:|1698671801\n|-terastallize|p1b: Ogerpon|Fire\n|detailschange|p1b: Ogerpon|Ogerpon-Hearthflame-Tera, F, tera:Fire\n|-ability|p1b: Ogerpon|Embody Aspect (Hearthflame)|boost\n|-boost|p1b: Ogerpon|atk|1\n|move|p1a: Flutter Mane|Shadow Ball|p2b: Flutter Mane\n|-supereffective|p2b: Flutter Mane\n|-damage|p2b: Flutter Mane|0 fnt\n|faint|p2b: Flutter Mane\n|-end|p2b: Flutter Mane|Protosynthesis|[silent]\n|move|p1b: Ogerpon|Low Kick|p2a: Heatran\n|-supereffective|p2a: Heatran\n|-damage|p2a: Heatran|0 fnt\n|faint|p2a: Heatran\n|\n|-weather|SunnyDay|[upkeep]\n|upkeep\n|\n|t:|1698671819\n|switch|p2b: Ogerpon|Ogerpon-Hearthflame, F|100\/100\n|switch|p2a: Rillaboom|Rillaboom, M|100\/100\n|-ability|p2b: Ogerpon|Mold Breaker\n|turn|4\n|inactive|07Pineapple07 has 120 seconds left.\n|inactive|udongirl has 120 seconds left.\n|\n|t:|1698671872\n|-end|p1a: Flutter Mane|Protosynthesis|[silent]\n|switch|p1a: Torkoal|Torkoal, F|100\/100\n|-terastallize|p2b: Ogerpon|Fire\n|detailschange|p2b: Ogerpon|Ogerpon-Hearthflame-Tera, F, tera:Fire\n|-ability|p2b: Ogerpon|Embody Aspect (Hearthflame)|boost\n|-boost|p2b: Ogerpon|atk|1\n|move|p2a: Rillaboom|Fake Out|p1b: Ogerpon\n|-damage|p1b: Ogerpon|82\/100\n|cant|p1b: Ogerpon|flinch\n|move|p2b: Ogerpon|Substitute|p2b: Ogerpon\n|-start|p2b: Ogerpon|Substitute\n|-damage|p2b: Ogerpon|76\/100\n|\n|-weather|SunnyDay|[upkeep]\n|-heal|p2b: Ogerpon|82\/100|[from] Grassy Terrain\n|-heal|p1b: Ogerpon|88\/100|[from] Grassy Terrain\n|upkeep\n|turn|5\n|j| star of kirby\n|inactive|udongirl has 120 seconds left.\n|\n|t:|1698671900\n|move|p2a: Rillaboom|Grassy Glide|p1b: Ogerpon\n|-resisted|p1b: Ogerpon\n|-damage|p1b: Ogerpon|59\/100\n|move|p2b: Ogerpon|Ivy Cudgel|p1b: Ogerpon\n|-resisted|p1b: Ogerpon\n|-damage|p1b: Ogerpon|0 fnt\n|faint|p1b: Ogerpon\n|move|p1a: Torkoal|Earth Power|p2b: Ogerpon\n|-supereffective|p2b: Ogerpon\n|-end|p2b: Ogerpon|Substitute\n|\n|-weather|none\n|-heal|p2b: Ogerpon|88\/100|[from] Grassy Terrain\n|-fieldend|move: Grassy Terrain\n|upkeep\n|inactive|07Pineapple07 has 120 seconds left.\n|\n|t:|1698671912\n|switch|p1b: Flutter Mane|Flutter Mane|100\/100\n|turn|6\n|\n|t:|1698671921\n|move|p1b: Flutter Mane|Dazzling Gleam|p2a: Rillaboom|[spread] p2a,p2b\n|-resisted|p2b: Ogerpon\n|-damage|p2a: Rillaboom|71\/100\n|-damage|p2b: Ogerpon|66\/100\n|move|p2b: Ogerpon|Ivy Cudgel|p1b: Flutter Mane\n|-damage|p1b: Flutter Mane|0 fnt\n|faint|p1b: Flutter Mane\n|-end|p1b: Flutter Mane|Protosynthesis|[silent]\n|move|p2a: Rillaboom|U-turn|p1a: Torkoal\n|-resisted|p1a: Torkoal\n|-damage|p1a: Torkoal|91\/100\n|\n|t:|1698671931\n|switch|p2a: Iron Hands|Iron Hands|100\/100|[from] U-turn\n|move|p1a: Torkoal|Eruption|p2a: Iron Hands|[spread] p2a,p2b\n|-resisted|p2b: Ogerpon\n|-damage|p2a: Iron Hands|62\/100\n|-damage|p2b: Ogerpon|36\/100\n|\n|upkeep\n|\n|t:|1698671935\n|switch|p1b: Walking Wake|Walking Wake|100\/100\n|turn|7\n|\n|t:|1698671945\n|move|p1b: Walking Wake|Protect|p1b: Walking Wake\n|-singleturn|p1b: Walking Wake|Protect\n|move|p2b: Ogerpon|Horn Leech|p1b: Walking Wake\n|-activate|p1b: Walking Wake|move: Protect\n|move|p2a: Iron Hands|Drain Punch|p1b: Walking Wake\n|-activate|p1b: Walking Wake|move: Protect\n|move|p1a: Torkoal|Heat Wave|p2b: Ogerpon|[spread] p2a\n|-miss|p1a: Torkoal|p2b: Ogerpon\n|-damage|p2a: Iron Hands|36\/100\n|-enditem|p2a: Iron Hands|Sitrus Berry|[eat]\n|-heal|p2a: Iron Hands|61\/100|[from] item: Sitrus Berry\n|\n|upkeep\n|turn|8\n|\n|t:|1698671968\n|move|p2b: Ogerpon|Horn Leech|p1b: Walking Wake\n|-damage|p1b: Walking Wake|33\/100\n|-heal|p2b: Ogerpon|72\/100|[from] drain|[of] p1b: Walking Wake\n|move|p1b: Walking Wake|Hydro Steam|p2b: Ogerpon\n|-supereffective|p2b: Ogerpon\n|-damage|p2b: Ogerpon|0 fnt\n|faint|p2b: Ogerpon\n|-damage|p1b: Walking Wake|23\/100|[from] item: Life Orb\n|move|p2a: Iron Hands|Drain Punch|p1a: Torkoal\n|-damage|p1a: Torkoal|60\/100\n|-heal|p2a: Iron Hands|72\/100|[from] drain|[of] p1a: Torkoal\n|move|p1a: Torkoal|Earth Power|p2a: Iron Hands\n|-supereffective|p2a: Iron Hands\n|-damage|p2a: Iron Hands|34\/100\n|\n|upkeep\n|\n|t:|1698671975\n|switch|p2b: Tornadus|Tornadus, M|100\/100\n|turn|9\n|\n|t:|1698671991\n|move|p1b: Walking Wake|Flamethrower|p2a: Iron Hands\n|-damage|p2a: Iron Hands|4\/100\n|-damage|p1b: Walking Wake|13\/100|[from] item: Life Orb\n|move|p2b: Tornadus|Bleakwind Storm|p1b: Walking Wake|[spread] p1a,p1b\n|-damage|p1a: Torkoal|22\/100\n|-damage|p1b: Walking Wake|0 fnt\n|faint|p1b: Walking Wake\n|-end|p1b: Walking Wake|Protosynthesis|[silent]\n|move|p2a: Iron Hands|Drain Punch|p1a: Torkoal\n|-damage|p1a: Torkoal|0 fnt\n|-heal|p2a: Iron Hands|13\/100|[from] drain|[of] p1a: Torkoal\n|faint|p1a: Torkoal\n|\n|win|udongirl\n|n|\u260607Pineapple07|07pineapple07\n|n|\u2606udongirl|udongirl\n|n| star of kirby|starofkirby\n","uploadtime":1698671992,"views":31,"p1id":"07pineapple07","p2id":"udongirl","formatid":"gen9doublesou","rating":0,"private":0,"password":""}