{"id":"gen9doublesou-1990533629","p1":"nikimic","p2":"yescaman","format":"[Gen 9] Doubles OU","log":"|j|\u2606nikimic\n|j|\u2606yescaman\n|t:|1699979310\n|gametype|doubles\n|player|p1|nikimic|gentleman-gen4|1125\n|player|p2|yescaman|chuck|1077\n|teamsize|p1|6\n|teamsize|p2|6\n|gen|9\n|tier|[Gen 9] Doubles OU\n|rated|\n|rule|Species Clause: Limit one of each Pok\u00e9mon\n|rule|OHKO Clause: OHKO moves are banned\n|rule|Evasion Moves Clause: Evasion moves are banned\n|rule|Gravity Sleep Clause: The combination of sleep-inducing moves with imperfect accuracy and Gravity or Gigantamax Orbeetle are banned\n|rule|Endless Battle Clause: Forcing endless battles is banned\n|rule|HP Percentage Mod: HP is shown in percentages\n|clearpoke\n|poke|p1|Ogerpon-Wellspring, F|\n|poke|p1|Landorus-Therian, M|\n|poke|p1|Iron Hands|\n|poke|p1|Cresselia, F|\n|poke|p1|Heatran, M|\n|poke|p1|Flutter Mane|\n|poke|p2|Gliscor, F|\n|poke|p2|Goodra-Hisui, M|\n|poke|p2|Flutter Mane|\n|poke|p2|Amoonguss, M|\n|poke|p2|Indeedee-F, F|\n|poke|p2|Palafin, M|\n|teampreview\n|\n|t:|1699979318\n|start\n|switch|p1a: Ogerpon|Ogerpon-Wellspring, F|100\/100\n|switch|p1b: Iron Hands|Iron Hands|100\/100\n|switch|p2a: Indeedee|Indeedee-F, F|100\/100\n|switch|p2b: Palafin|Palafin, M|100\/100\n|-fieldstart|move: Psychic Terrain|[from] ability: Psychic Surge|[of] p2a: Indeedee\n|-enditem|p2a: Indeedee|Psychic Seed\n|-boost|p2a: Indeedee|spd|1|[from] item: Psychic Seed\n|turn|1\n|\n|t:|1699979346\n|detailschange|p2b: Palafin|Palafin-Hero, M\n|switch|p2b: Goodra|Goodra-Hisui, M|100\/100\n|move|p1b: Iron Hands|Fake Out|p2a: Indeedee\n|-activate|p2a: Indeedee|move: Psychic Terrain\n|move|p1a: Ogerpon|Swords Dance|p1a: Ogerpon\n|-boost|p1a: Ogerpon|atk|2\n|move|p2a: Indeedee|Psychic|p1b: Iron Hands\n|-supereffective|p1b: Iron Hands\n|-damage|p1b: Iron Hands|59\/100\n|\n|upkeep\n|turn|2\n|\n|t:|1699979369\n|switch|p2a: Amoonguss|Amoonguss, M|100\/100\n|move|p1a: Ogerpon|Horn Leech|p2a: Amoonguss\n|-resisted|p2a: Amoonguss\n|-damage|p2a: Amoonguss|84\/100\n|move|p1b: Iron Hands|Drain Punch|p2b: Goodra\n|-supereffective|p2b: Goodra\n|-damage|p2b: Goodra|24\/100\n|-heal|p1b: Iron Hands|87\/100|[from] drain|[of] p2b: Goodra\n|move|p2b: Goodra|Shelter|p2b: Goodra\n|-boost|p2b: Goodra|def|2\n|\n|-heal|p2a: Amoonguss|90\/100|[from] item: Black Sludge\n|upkeep\n|turn|3\n|\n|t:|1699979391\n|switch|p2b: Palafin|Palafin-Hero, M|100\/100\n|-activate|p2b: Palafin|ability: Zero to Hero\n|move|p1a: Ogerpon|Spiky Shield|p1a: Ogerpon\n|-singleturn|p1a: Ogerpon|move: Protect\n|move|p1b: Iron Hands|Drain Punch|p2b: Palafin\n|-damage|p2b: Palafin|60\/100\n|-heal|p1b: Iron Hands|100\/100|[from] drain|[of] p2b: Palafin\n|move|p2a: Amoonguss|Spore|p1b: Iron Hands\n|-status|p1b: Iron Hands|slp|[from] move: Spore\n|\n|-heal|p2a: Amoonguss|96\/100|[from] item: Black Sludge\n|upkeep\n|turn|4\n|\n|t:|1699979411\n|-end|p1b: Iron Hands|Quark Drive|[silent]\n|switch|p1b: Landorus|Landorus-Therian, M|100\/100\n|-ability|p1b: Landorus|Intimidate|boost\n|-unboost|p2a: Amoonguss|atk|1\n|-unboost|p2b: Palafin|atk|1\n|move|p2b: Palafin|Wave Crash|p1b: Landorus\n|-supereffective|p1b: Landorus\n|-damage|p1b: Landorus|0 fnt\n|faint|p1b: Landorus\n|-damage|p2b: Palafin|29\/100|[from] Recoil\n|-damage|p2b: Palafin|19\/100|[from] item: Life Orb\n|move|p1a: Ogerpon|Horn Leech|p2b: Palafin\n|-supereffective|p2b: Palafin\n|-damage|p2b: Palafin|0 fnt\n|faint|p2b: Palafin\n|move|p2a: Amoonguss|Clear Smog|p1a: Ogerpon\n|-supereffective|p1a: Ogerpon\n|-damage|p1a: Ogerpon|70\/100\n|-clearboost|p1a: Ogerpon\n|\n|-heal|p2a: Amoonguss|100\/100|[from] item: Black Sludge\n|upkeep\n|\n|t:|1699979431\n|switch|p2b: Flutter Mane|Flutter Mane|100\/100\n|switch|p1b: Heatran|Heatran, M|100\/100\n|turn|5\n|\n|t:|1699979458\n|-end|p2b: Flutter Mane|Protosynthesis|[silent]\n|switch|p2b: Goodra|Goodra-Hisui, M|24\/100\n|switch|p2a: Gliscor|Gliscor, F|100\/100\n|move|p1a: Ogerpon|Spiky Shield|p1a: Ogerpon\n|-singleturn|p1a: Ogerpon|move: Protect\n|move|p1b: Heatran|Flamethrower|p2a: Gliscor\n|-damage|p2a: Gliscor|35\/100\n|-damage|p1b: Heatran|91\/100|[from] item: Life Orb\n|\n|-fieldend|move: Psychic Terrain\n|-status|p2a: Gliscor|tox|[from] item: Toxic Orb\n|upkeep\n|turn|6\n|\n|t:|1699979485\n|switch|p2b: Indeedee|Indeedee-F, F|100\/100\n|-fieldstart|move: Psychic Terrain|[from] ability: Psychic Surge|[of] p2b: Indeedee\n|move|p2a: Gliscor|Protect|p2a: Gliscor\n|-singleturn|p2a: Gliscor|Protect\n|move|p1a: Ogerpon|Horn Leech|p2a: Gliscor\n|-activate|p2a: Gliscor|move: Protect\n|move|p1b: Heatran|Flamethrower|p2b: Indeedee\n|-damage|p2b: Indeedee|46\/100\n|-damage|p1b: Heatran|81\/100|[from] item: Life Orb\n|\n|-heal|p2a: Gliscor|48\/100 tox|[from] ability: Poison Heal\n|upkeep\n|turn|7\n|\n|t:|1699979517\n|move|p1a: Ogerpon|Spiky Shield|p1a: Ogerpon\n|-singleturn|p1a: Ogerpon|move: Protect\n|move|p2b: Indeedee|Follow Me|p2b: Indeedee\n|-singleturn|p2b: Indeedee|move: Follow Me\n|move|p1b: Heatran|Flamethrower|p2b: Indeedee\n|-damage|p2b: Indeedee|0 fnt\n|faint|p2b: Indeedee\n|-damage|p1b: Heatran|71\/100|[from] item: Life Orb\n|move|p2a: Gliscor|Earthquake|p1a: Ogerpon|[spread] p1b\n|-activate|p1a: Ogerpon|move: Protect\n|-supereffective|p1b: Heatran\n|-damage|p1b: Heatran|0 fnt\n|faint|p1b: Heatran\n|\n|-heal|p2a: Gliscor|60\/100 tox|[from] ability: Poison Heal\n|upkeep\n|\n|t:|1699979531\n|switch|p1b: Cresselia|Cresselia, F|100\/100\n|switch|p2b: Flutter Mane|Flutter Mane|100\/100\n|turn|8\n|\n|t:|1699979544\n|-terastallize|p2b: Flutter Mane|Ghost\n|-terastallize|p1b: Cresselia|Fairy\n|move|p2b: Flutter Mane|Shadow Ball|p1b: Cresselia\n|-damage|p1b: Cresselia|64\/100\n|move|p1a: Ogerpon|Horn Leech|p2a: Gliscor\n|-damage|p2a: Gliscor|29\/100 tox\n|-heal|p1a: Ogerpon|85\/100|[from] drain|[of] p2a: Gliscor\n|move|p1b: Cresselia|Lunar Blessing|p1b: Cresselia|[spread] p1a,p1b\n|-heal|p1a: Ogerpon|100\/100\n|-heal|p1b: Cresselia|89\/100\n|move|p2a: Gliscor|Toxic|p1a: Ogerpon\n|-status|p1a: Ogerpon|tox\n|\n|-damage|p1a: Ogerpon|94\/100 tox|[from] psn\n|-heal|p2a: Gliscor|42\/100 tox|[from] ability: Poison Heal\n|upkeep\n|turn|9\n|\n|t:|1699979565\n|-end|p2b: Flutter Mane|Protosynthesis|[silent]\n|switch|p2b: Goodra|Goodra-Hisui, M|24\/100\n|move|p1a: Ogerpon|Horn Leech|p2b: Goodra\n|-ability|p2b: Goodra|Sap Sipper|boost\n|-boost|p2b: Goodra|atk|1\n|move|p1b: Cresselia|Lunar Blessing|p1b: Cresselia|[spread] p1a,p1b\n|-heal|p1a: Ogerpon|100\/100 tox\n|-curestatus|p1a: Ogerpon|tox|[msg]\n|-heal|p1b: Cresselia|100\/100\n|move|p2a: Gliscor|Toxic|p1b: Cresselia\n|-status|p1b: Cresselia|tox\n|\n|-damage|p1b: Cresselia|94\/100 tox|[from] psn\n|-heal|p2a: Gliscor|54\/100 tox|[from] ability: Poison Heal\n|upkeep\n|turn|10\n|\n|t:|1699979583\n|move|p1a: Ogerpon|Ivy Cudgel|p2b: Goodra|[anim] Ivy Cudgel Water\n|-resisted|p2b: Goodra\n|-damage|p2b: Goodra|0 fnt\n|faint|p2b: Goodra\n|move|p1b: Cresselia|Icy Wind|p2a: Gliscor\n|-supereffective|p2a: Gliscor\n|-damage|p2a: Gliscor|4\/100 tox\n|-unboost|p2a: Gliscor|spe|1\n|move|p2a: Gliscor|Swords Dance|p2a: Gliscor\n|-boost|p2a: Gliscor|atk|2\n|\n|-damage|p1b: Cresselia|82\/100 tox|[from] psn\n|-heal|p2a: Gliscor|17\/100 tox|[from] ability: Poison Heal\n|-fieldend|move: Psychic Terrain\n|upkeep\n|\n|t:|1699979594\n|switch|p2b: Flutter Mane|Flutter Mane, tera:Ghost|100\/100\n|turn|11\n|\n|t:|1699979608\n|move|p2a: Gliscor|Protect|p2a: Gliscor\n|-singleturn|p2a: Gliscor|Protect\n|move|p2b: Flutter Mane|Shadow Ball|p1a: Ogerpon\n|-damage|p1a: Ogerpon|44\/100\n|-unboost|p1a: Ogerpon|spd|1\n|move|p1a: Ogerpon|Ivy Cudgel|p2b: Flutter Mane|[anim] Ivy Cudgel Water\n|-damage|p2b: Flutter Mane|0 fnt\n|faint|p2b: Flutter Mane\n|-end|p2b: Flutter Mane|Protosynthesis|[silent]\n|move|p1b: Cresselia|Icy Wind|p2a: Gliscor\n|-activate|p2a: Gliscor|move: Protect\n|\n|-damage|p1b: Cresselia|63\/100 tox|[from] psn\n|-heal|p2a: Gliscor|29\/100 tox|[from] ability: Poison Heal\n|upkeep\n|\n|t:|1699979618\n|switch|p2b: Amoonguss|Amoonguss, M|100\/100\n|turn|12\n|\n|t:|1699979635\n|move|p1a: Ogerpon|Spiky Shield|p1a: Ogerpon\n|-singleturn|p1a: Ogerpon|move: Protect\n|move|p1b: Cresselia|Lunar Blessing|p1b: Cresselia|[spread] p1a,p1b\n|-heal|p1a: Ogerpon|69\/100\n|-heal|p1b: Cresselia|88\/100 tox\n|-curestatus|p1b: Cresselia|tox|[msg]\n|move|p2a: Gliscor|Toxic|p1a: Ogerpon\n|-activate|p1a: Ogerpon|move: Protect\n|move|p2b: Amoonguss|Pollen Puff|p2a: Gliscor\n|-heal|p2a: Gliscor|79\/100 tox\n|\n|-heal|p2a: Gliscor|92\/100 tox|[from] ability: Poison Heal\n|upkeep\n|turn|13\n|\n|t:|1699979653\n|move|p1a: Ogerpon|Ivy Cudgel|p2a: Gliscor|[anim] Ivy Cudgel Water\n|-supereffective|p2a: Gliscor\n|-damage|p2a: Gliscor|10\/100 tox\n|move|p1b: Cresselia|Icy Wind|p2b: Amoonguss|[spread] p2a,p2b\n|-supereffective|p2a: Gliscor\n|-supereffective|p2b: Amoonguss\n|-crit|p2b: Amoonguss\n|-damage|p2a: Gliscor|0 fnt\n|-damage|p2b: Amoonguss|80\/100\n|-unboost|p2b: Amoonguss|spe|1\n|faint|p2a: Gliscor\n|move|p2b: Amoonguss|Spore|p1b: Cresselia\n|-status|p1b: Cresselia|slp|[from] move: Spore\n|\n|-heal|p2b: Amoonguss|86\/100|[from] item: Black Sludge\n|upkeep\n|turn|14\n|\n|t:|1699979675\n|switch|p1b: Iron Hands|Iron Hands|100\/100 slp\n|move|p1a: Ogerpon|Horn Leech|p2b: Amoonguss\n|-resisted|p2b: Amoonguss\n|-damage|p2b: Amoonguss|77\/100\n|-heal|p1a: Ogerpon|74\/100|[from] drain|[of] p2b: Amoonguss\n|move|p2b: Amoonguss|Clear Smog|p1a: Ogerpon\n|-supereffective|p1a: Ogerpon\n|-damage|p1a: Ogerpon|34\/100\n|-clearboost|p1a: Ogerpon\n|\n|-heal|p2b: Amoonguss|84\/100|[from] item: Black Sludge\n|upkeep\n|turn|15\n|\n|t:|1699979690\n|move|p1a: Ogerpon|Spiky Shield|p1a: Ogerpon\n|-singleturn|p1a: Ogerpon|move: Protect\n|cant|p1b: Iron Hands|slp\n|move|p2b: Amoonguss|Clear Smog|p1a: Ogerpon\n|-activate|p1a: Ogerpon|move: Protect\n|\n|-heal|p2b: Amoonguss|90\/100|[from] item: Black Sludge\n|upkeep\n|turn|16\n|\n|t:|1699979703\n|switch|p1a: Cresselia|Cresselia, F, tera:Fairy|88\/100 slp\n|cant|p1b: Iron Hands|slp\n|move|p2b: Amoonguss|Clear Smog|p1a: Cresselia\n|-supereffective|p1a: Cresselia\n|-damage|p1a: Cresselia|70\/100 slp\n|-clearboost|p1a: Cresselia\n|\n|-heal|p2b: Amoonguss|96\/100|[from] item: Black Sludge\n|upkeep\n|turn|17\n|\n|t:|1699979717\n|cant|p1a: Cresselia|slp\n|-curestatus|p1b: Iron Hands|slp|[msg]\n|move|p1b: Iron Hands|Heavy Slam|p2b: Amoonguss\n|-damage|p2b: Amoonguss|58\/100\n|move|p2b: Amoonguss|Clear Smog|p1a: Cresselia\n|-supereffective|p1a: Cresselia\n|-damage|p1a: Cresselia|52\/100 slp\n|-clearboost|p1a: Cresselia\n|\n|-heal|p2b: Amoonguss|64\/100|[from] item: Black Sludge\n|upkeep\n|turn|18\n|\n|t:|1699979732\n|cant|p1a: Cresselia|slp\n|move|p1b: Iron Hands|Heavy Slam|p2b: Amoonguss\n|-damage|p2b: Amoonguss|28\/100\n|move|p2b: Amoonguss|Spore|p1b: Iron Hands\n|-status|p1b: Iron Hands|slp|[from] move: Spore\n|\n|-heal|p2b: Amoonguss|34\/100|[from] item: Black Sludge\n|upkeep\n|turn|19\n|\n|t:|1699979747\n|cant|p1a: Cresselia|slp\n|cant|p1b: Iron Hands|slp\n|move|p2b: Amoonguss|Pollen Puff|p1a: Cresselia\n|-resisted|p1a: Cresselia\n|-damage|p1a: Cresselia|46\/100 slp\n|\n|-heal|p2b: Amoonguss|40\/100|[from] item: Black Sludge\n|upkeep\n|turn|20\n|\n|t:|1699979759\n|-curestatus|p1a: Cresselia|slp|[msg]\n|move|p1a: Cresselia|Psychic|p2b: Amoonguss\n|-supereffective|p2b: Amoonguss\n|-damage|p2b: Amoonguss|0 fnt\n|faint|p2b: Amoonguss\n|\n|win|nikimic\n|raw|nikimic's rating: 1125 &rarr; <strong>1147<\/strong><br \/>(+22 for winning)\n|raw|yescaman's rating: 1077 &rarr; <strong>1058<\/strong><br \/>(-19 for losing)\n|l|\u2606nikimic\n","uploadtime":1699979773,"views":7,"p1id":"nikimic","p2id":"yescaman","formatid":"gen9doublesou","rating":1058,"private":0,"password":""}