{"id":"gen9doublesou-1981800025","p1":"xKinloch","p2":"Realblazing2","format":"[Gen 9] Doubles OU","log":"|j|\u2606xKinloch\n|j|\u2606Realblazing2\n|inactive|Battle timer is ON: inactive players will automatically lose when time's up.\n|t:|1698942563\n|gametype|doubles\n|player|p1|xKinloch|lusamine-nihilego|\n|player|p2|Realblazing2|hilbert|\n|teamsize|p1|6\n|teamsize|p2|6\n|gen|9\n|tier|[Gen 9] Doubles OU\n|rated|Tournament battle\n|rule|Species Clause: Limit one of each Pok\u00e9mon\n|rule|OHKO Clause: OHKO moves are banned\n|rule|Evasion Moves Clause: Evasion moves are banned\n|rule|Gravity Sleep Clause: The combination of sleep-inducing moves with imperfect accuracy and Gravity or Gigantamax Orbeetle are banned\n|rule|Endless Battle Clause: Forcing endless battles is banned\n|rule|HP Percentage Mod: HP is shown in percentages\n|clearpoke\n|poke|p1|Sandaconda, M|\n|poke|p1|Slowbro, F|\n|poke|p1|Dragonite, F|\n|poke|p1|Bellibolt, M|\n|poke|p1|Tinkaton, F|\n|poke|p1|Scizor, F|\n|poke|p2|Abomasnow, F|\n|poke|p2|Goodra-Hisui, F|\n|poke|p2|Froslass, F|\n|poke|p2|Victreebel, F|\n|poke|p2|Infernape, M|\n|poke|p2|Espathra, F|\n|teampreview\n|j|*Lady Monita \u263d\n|c|\u2606xKinloch|glhf\n|\n|t:|1698942589\n|start\n|switch|p1a: Scizor|Scizor, F|100\/100\n|switch|p1b: Dragonite|Dragonite, F|100\/100\n|switch|p2a: Infernape|Infernape, M|100\/100\n|switch|p2b: Victreebel|Victreebel, F|100\/100\n|turn|1\n|j| BIG JAMALL\n|\n|t:|1698942614\n|move|p2a: Infernape|Sunny Day|p2a: Infernape\n|-weather|SunnyDay\n|move|p2b: Victreebel|Weather Ball|p1a: Scizor\n|-supereffective|p1a: Scizor\n|-damage|p1a: Scizor|0 fnt\n|faint|p1a: Scizor\n|-damage|p2b: Victreebel|91\/100|[from] item: Life Orb\n|move|p1b: Dragonite|Fire Punch|p2b: Victreebel\n|-supereffective|p2b: Victreebel\n|-damage|p2b: Victreebel|0 fnt\n|faint|p2b: Victreebel\n|\n|-weather|SunnyDay|[upkeep]\n|upkeep\n|c| BIG JAMALL|lets go xKinloch\n|c|\u2606xKinloch|I dunno\n|inactive|xKinloch has 120 seconds left.\n|c|\u2606xKinloch|Real Blazing2 is a OG\n|\n|t:|1698942651\n|switch|p2b: Abomasnow|Abomasnow, F|100\/100\n|switch|p1a: Slowbro|Slowbro, F|100\/100\n|turn|2\n|\n|t:|1698942672\n|move|p2a: Infernape|Fire Punch|p1b: Dragonite\n|-resisted|p1b: Dragonite\n|-damage|p1b: Dragonite|84\/100\n|move|p1b: Dragonite|Fire Punch|p2b: Abomasnow\n|-supereffective|p2b: Abomasnow\n|-damage|p2b: Abomasnow|0 fnt\n|faint|p2b: Abomasnow\n|move|p1a: Slowbro|Surf|p2a: Infernape|[spread] p1b,p2a\n|-resisted|p1b: Dragonite\n|-supereffective|p2a: Infernape\n|-damage|p1b: Dragonite|78\/100\n|-damage|p2a: Infernape|66\/100\n|\n|-weather|SunnyDay|[upkeep]\n|upkeep\n|\n|t:|1698942678\n|switch|p2b: Froslass|Froslass, F|100\/100\n|turn|3\n|c| BIG JAMALL|yalls team aint even monotype lmao\n|\n|t:|1698942693\n|switch|p2a: Goodra|Goodra-Hisui, F|100\/100\n|move|p2b: Froslass|Ice Beam|p1b: Dragonite\n|-supereffective|p1b: Dragonite\n|-damage|p1b: Dragonite|0 fnt\n|faint|p1b: Dragonite\n|move|p1a: Slowbro|Body Press|p2a: Goodra\n|-supereffective|p2a: Goodra\n|-damage|p2a: Goodra|61\/100\n|\n|-weather|SunnyDay|[upkeep]\n|-heal|p2a: Goodra|67\/100|[from] item: Leftovers\n|upkeep\n|c|\u2606xKinloch|It doesn't have to be monotype?\n|inactive|xKinloch has 120 seconds left.\n|\n|t:|1698942724\n|switch|p1b: Tinkaton|Tinkaton, F|100\/100\n|-ability|p1b: Tinkaton|Mold Breaker\n|turn|4\n|c|\u2606xKinloch|Where you get monotype from xd\n|\n|t:|1698942753\n|switch|p2a: Infernape|Infernape, M|66\/100\n|-terastallize|p1b: Tinkaton|Water\n|move|p2b: Froslass|Shadow Ball|p1a: Slowbro\n|-supereffective|p1a: Slowbro\n|-damage|p1a: Slowbro|41\/100\n|move|p1b: Tinkaton|Gigaton Hammer|p2b: Froslass\n|-supereffective|p2b: Froslass\n|-enditem|p2b: Froslass|Focus Sash\n|-damage|p2b: Froslass|1\/100\n|move|p1a: Slowbro|Body Press|p2a: Infernape\n|-damage|p2a: Infernape|22\/100\n|\n|-weather|SunnyDay|[upkeep]\n|upkeep\n|turn|5\n|inactive|xKinloch has 120 seconds left.\n|\n|t:|1698942789\n|move|p2b: Froslass|Shadow Ball|p1a: Slowbro\n|-supereffective|p1a: Slowbro\n|-crit|p1a: Slowbro\n|-damage|p1a: Slowbro|0 fnt\n|faint|p1a: Slowbro\n|move|p2a: Infernape|Fire Punch|p1b: Tinkaton\n|-resisted|p1b: Tinkaton\n|-damage|p1b: Tinkaton|66\/100\n|move|p1b: Tinkaton|Knock Off|p2b: Froslass\n|-supereffective|p2b: Froslass\n|-damage|p2b: Froslass|0 fnt\n|faint|p2b: Froslass\n|\n|-weather|none\n|-heal|p1b: Tinkaton|72\/100|[from] item: Leftovers\n|upkeep\n|j| Oscarx90\n|\n|t:|1698942815\n|switch|p2b: Goodra|Goodra-Hisui, F|67\/100\n|switch|p1a: Sandaconda|Sandaconda, M|100\/100\n|turn|6\n|\n|t:|1698942842\n|move|p2a: Infernape|Mach Punch|p1b: Tinkaton\n|-damage|p1b: Tinkaton|46\/100\n|move|p1b: Tinkaton|Knock Off|p2b: Goodra\n|-damage|p2b: Goodra|54\/100\n|-enditem|p2b: Goodra|Leftovers|[from] move: Knock Off|[of] p1b: Tinkaton\n|move|p1a: Sandaconda|Rock Slide|p2a: Infernape|[spread] p2a,p2b\n|-resisted|p2b: Goodra\n|-damage|p2a: Infernape|0 fnt\n|-damage|p2b: Goodra|49\/100\n|faint|p2a: Infernape\n|move|p2b: Goodra|Acid Armor|p2b: Goodra\n|-boost|p2b: Goodra|def|2\n|\n|-heal|p1b: Tinkaton|53\/100|[from] item: Leftovers\n|upkeep\n|\n|t:|1698942845\n|switch|p2a: Espathra|Espathra, F|100\/100\n|turn|7\n|inactive|xKinloch has 120 seconds left.\n|\n|t:|1698942876\n|move|p2a: Espathra|Lumina Crash|p1a: Sandaconda\n|-damage|p1a: Sandaconda|56\/100\n|-unboost|p1a: Sandaconda|spd|2\n|-weather|Sandstorm|[from] ability: Sand Spit|[of] p1a: Sandaconda\n|move|p1b: Tinkaton|Encore|p2b: Goodra\n|-start|p2b: Goodra|Encore\n|move|p1a: Sandaconda|Rock Slide|p2a: Espathra|[spread] p2a,p2b\n|-resisted|p2b: Goodra\n|-damage|p2a: Espathra|79\/100\n|-damage|p2b: Goodra|47\/100\n|cant|p2b: Goodra|flinch\n|\n|-weather|Sandstorm|[upkeep]\n|-damage|p2a: Espathra|73\/100|[from] Sandstorm\n|-damage|p1b: Tinkaton|46\/100|[from] Sandstorm\n|-heal|p2a: Espathra|79\/100|[from] item: Leftovers\n|-heal|p1b: Tinkaton|53\/100|[from] item: Leftovers\n|-heal|p1a: Sandaconda|62\/100|[from] item: Leftovers\n|-ability|p2a: Espathra|Speed Boost|boost\n|-boost|p2a: Espathra|spe|1\n|upkeep\n|turn|8\n|\n|t:|1698942899\n|move|p2a: Espathra|Lumina Crash|p1a: Sandaconda\n|-damage|p1a: Sandaconda|0 fnt\n|faint|p1a: Sandaconda\n|move|p1b: Tinkaton|Knock Off|p2a: Espathra\n|-supereffective|p2a: Espathra\n|-damage|p2a: Espathra|21\/100\n|-enditem|p2a: Espathra|Leftovers|[from] move: Knock Off|[of] p1b: Tinkaton\n|move|p2b: Goodra|Acid Armor|p2b: Goodra\n|-boost|p2b: Goodra|def|2\n|\n|-weather|Sandstorm|[upkeep]\n|-damage|p2a: Espathra|15\/100|[from] Sandstorm\n|-damage|p1b: Tinkaton|46\/100|[from] Sandstorm\n|-heal|p1b: Tinkaton|53\/100|[from] item: Leftovers\n|-ability|p2a: Espathra|Speed Boost|boost\n|-boost|p2a: Espathra|spe|1\n|upkeep\n|\n|t:|1698942903\n|switch|p1a: Bellibolt|Bellibolt, M|100\/100\n|turn|9\n|inactive|xKinloch has 120 seconds left.\n|\n|t:|1698942938\n|-terastallize|p2a: Espathra|Fairy\n|move|p2a: Espathra|Roost|p2a: Espathra\n|-heal|p2a: Espathra|65\/100\n|move|p1b: Tinkaton|Gigaton Hammer|p2b: Goodra\n|-resisted|p2b: Goodra\n|-damage|p2b: Goodra|41\/100\n|move|p2b: Goodra|Acid Armor|p2b: Goodra\n|-boost|p2b: Goodra|def|2\n|move|p1a: Bellibolt|Muddy Water|p2a: Espathra|[spread] p2a,p2b\n|-resisted|p2b: Goodra\n|-damage|p2a: Espathra|42\/100\n|-damage|p2b: Goodra|37\/100\n|\n|-weather|Sandstorm|[upkeep]\n|-damage|p2a: Espathra|36\/100|[from] Sandstorm\n|-damage|p1b: Tinkaton|46\/100|[from] Sandstorm\n|-damage|p1a: Bellibolt|94\/100|[from] Sandstorm\n|-heal|p1b: Tinkaton|53\/100|[from] item: Leftovers\n|-end|p2b: Goodra|Encore\n|-ability|p2a: Espathra|Speed Boost|boost\n|-boost|p2a: Espathra|spe|1\n|upkeep\n|turn|10\n|\n|t:|1698942960\n|move|p2a: Espathra|Lumina Crash|p1b: Tinkaton\n|-damage|p1b: Tinkaton|21\/100\n|-unboost|p1b: Tinkaton|spd|2\n|move|p1b: Tinkaton|Encore|p2b: Goodra\n|-start|p2b: Goodra|Encore\n|move|p2b: Goodra|Acid Armor|p2b: Goodra\n|-boost|p2b: Goodra|def|0\n|move|p1a: Bellibolt|Muddy Water|p2b: Goodra|[spread] p2a\n|-miss|p1a: Bellibolt|p2b: Goodra\n|-damage|p2a: Espathra|11\/100\n|\n|-weather|Sandstorm|[upkeep]\n|-damage|p2a: Espathra|5\/100|[from] Sandstorm\n|-damage|p1b: Tinkaton|15\/100|[from] Sandstorm\n|-damage|p1a: Bellibolt|88\/100|[from] Sandstorm\n|-heal|p1b: Tinkaton|21\/100|[from] item: Leftovers\n|-ability|p2a: Espathra|Speed Boost|boost\n|-boost|p2a: Espathra|spe|1\n|upkeep\n|turn|11\n|\n|t:|1698942977\n|move|p2a: Espathra|Protect|p2a: Espathra\n|-singleturn|p2a: Espathra|Protect\n|move|p1b: Tinkaton|Gigaton Hammer|p2b: Goodra\n|-resisted|p2b: Goodra\n|-damage|p2b: Goodra|33\/100\n|move|p2b: Goodra|Acid Armor|p2b: Goodra\n|-boost|p2b: Goodra|def|0\n|move|p1a: Bellibolt|Muddy Water|p2a: Espathra|[spread] p2b\n|-activate|p2a: Espathra|move: Protect\n|-resisted|p2b: Goodra\n|-damage|p2b: Goodra|28\/100\n|\n|-weather|none\n|-heal|p1b: Tinkaton|27\/100|[from] item: Leftovers\n|-ability|p2a: Espathra|Speed Boost|boost\n|-boost|p2a: Espathra|spe|1\n|upkeep\n|turn|12\n|\n|t:|1698942996\n|move|p2a: Espathra|Lumina Crash|p1b: Tinkaton\n|-damage|p1b: Tinkaton|0 fnt\n|faint|p1b: Tinkaton\n|move|p2b: Goodra|Acid Armor|p2b: Goodra\n|-boost|p2b: Goodra|def|0\n|move|p1a: Bellibolt|Muddy Water|p2a: Espathra|[spread] p2a\n|-miss|p1a: Bellibolt|p2b: Goodra\n|-crit|p2a: Espathra\n|-damage|p2a: Espathra|0 fnt\n|faint|p2a: Espathra\n|\n|-end|p2b: Goodra|Encore\n|upkeep\n|turn|13\n|c|\u2606Realblazing2|Gg\n|c|\u2606xKinloch|it's gg\n|\n|t:|1698943017\n|move|p2b: Goodra|Life Dew|p2b: Goodra\n|-heal|p2b: Goodra|53\/100\n|move|p1a: Bellibolt|Parabolic Charge|p2b: Goodra\n|-resisted|p2b: Goodra\n|-damage|p2b: Goodra|46\/100\n|-heal|p1a: Bellibolt|91\/100|[from] drain|[of] p2b: Goodra\n|\n|upkeep\n|turn|14\n|\n|t:|1698943022\n|move|p2b: Goodra|Body Press|p1a: Bellibolt\n|-damage|p1a: Bellibolt|38\/100\n|-start|p1a: Bellibolt|Charge|Body Press|[from] ability: Electromorphosis\n|move|p1a: Bellibolt|Parabolic Charge|p2b: Goodra\n|-resisted|p2b: Goodra\n|-damage|p2b: Goodra|32\/100\n|-heal|p1a: Bellibolt|44\/100|[from] drain|[of] p2b: Goodra\n|-end|p1a: Bellibolt|Charge|[silent]\n|\n|upkeep\n|turn|15\n|l| Oscarx90\n|\n|t:|1698943030\n|move|p2b: Goodra|Body Press|p1a: Bellibolt\n|-damage|p1a: Bellibolt|0 fnt\n|faint|p1a: Bellibolt\n|\n|win|Realblazing2\n|n|\u2606xKinloch|xkinloch\n|n|\u2606Realblazing2|realblazing2\n|n|*Lady Monita \u263d|ladymonita\n|n| BIG JAMALL|bigjamall\n","uploadtime":1698943031,"views":20,"p1id":"xkinloch","p2id":"realblazing2","formatid":"gen9doublesou","rating":0,"private":0,"password":""}