{"id":"gen9doublesou-1978433387","p1":"ozymandias69","p2":"That one guy774","format":"[Gen 9] Doubles OU","log":"|j|\u2606ozymandias69\n|j|\u2606That one guy774\n|t:|1698538337\n|gametype|doubles\n|player|p1|ozymandias69|steven|1194\n|player|p2|That one guy774|266|1202\n|teamsize|p1|6\n|teamsize|p2|6\n|gen|9\n|tier|[Gen 9] Doubles OU\n|rated|\n|rule|Species Clause: Limit one of each Pok\u00e9mon\n|rule|OHKO Clause: OHKO moves are banned\n|rule|Evasion Moves Clause: Evasion moves are banned\n|rule|Gravity Sleep Clause: The combination of sleep-inducing moves with imperfect accuracy and Gravity or Gigantamax Orbeetle are banned\n|rule|Endless Battle Clause: Forcing endless battles is banned\n|rule|HP Percentage Mod: HP is shown in percentages\n|clearpoke\n|poke|p1|Hoopa-Unbound|\n|poke|p1|Sandaconda, F|\n|poke|p1|Poliwrath, F|\n|poke|p1|Weezing-Galar, M|\n|poke|p1|Slaking, F|\n|poke|p1|Dragapult, M|\n|poke|p2|Politoed, M|\n|poke|p2|Garganacl, F|\n|poke|p2|Amoonguss, M|\n|poke|p2|Ogerpon-Wellspring, F|\n|poke|p2|Palafin, F|\n|poke|p2|Armarouge, M|\n|teampreview\n|inactive|Battle timer is ON: inactive players will automatically lose when time's up. (requested by ozymandias69)\n|c|\u2606ozymandias69|Its time to du- du - du el !\n|\n|t:|1698538398\n|start\n|switch|p1a: Weezing|Weezing-Galar, M|100\/100\n|switch|p1b: Slaking|Slaking, F|100\/100\n|switch|p2a: Amoongsuss|Amoonguss, M, shiny|100\/100\n|switch|p2b: Dalafin|Palafin, F|100\/100\n|-ability|p1a: Weezing|Neutralizing Gas\n|turn|1\n|c|\u2606ozymandias69|Wait\n|c|\u2606ozymandias69|I know you\n|inactive|ozymandias69 has 120 seconds left.\n|l|\u2606ozymandias69\n|inactive|ozymandias69 disconnected and has a minute to reconnect!\n|player|p1|\n|inactive|ozymandias69 has 30 seconds to reconnect!\n|j|\u2606ozymandias69\n|inactive|ozymandias69 reconnected and has 70 seconds left.\n|player|p1|ozymandias69|steven\n|inactive|ozymandias69 has 60 seconds left.\n|c|\u2606ozymandias69|You are that one guy\n|inactive|ozymandias69 has 30 seconds left.\n|\n|t:|1698538520\n|-end|p1a: Weezing|ability: Neutralizing Gas\n|switch|p1a: Poliwrath|Poliwrath, F|100\/100\n|move|p2b: Dalafin|Flip Turn|p1a: Poliwrath\n|-immune|p1a: Poliwrath|[from] ability: Water Absorb\n|move|p1b: Slaking|Bulk Up|p1b: Slaking\n|-boost|p1b: Slaking|atk|1\n|-boost|p1b: Slaking|def|1\n|move|p2a: Amoongsuss|Spore|p1b: Slaking\n|-status|p1b: Slaking|slp|[from] move: Spore\n|\n|upkeep\n|turn|2\n|inactive|ozymandias69 has 30 seconds left.\n|inactive|ozymandias69 has 20 seconds left.\n|inactive|ozymandias69 has 15 seconds left.\n|inactive|ozymandias69 has 10 seconds left.\n|\n|t:|1698538570\n|switch|p1b: Sandaconda|Sandaconda, F|100\/100\n|move|p2b: Dalafin|Flip Turn|p1b: Sandaconda\n|-supereffective|p1b: Sandaconda\n|-damage|p1b: Sandaconda|61\/100\n|-weather|Sandstorm|[from] ability: Sand Spit|[of] p1b: Sandaconda\n|-enditem|p1b: Sandaconda|Weakness Policy\n|-boost|p1b: Sandaconda|atk|2|[from] item: Weakness Policy\n|-boost|p1b: Sandaconda|spa|2|[from] item: Weakness Policy\n|inactive|ozymandias69 has 15 seconds left this turn.\n|inactive|That one guy774 has 120 seconds left.\n|\n|t:|1698538594\n|detailschange|p2b: Dalafin|Palafin-Hero, F\n|switch|p2b: Swirly Belly|Politoed, M|100\/100|[from] Flip Turn\n|-weather|RainDance|[from] ability: Drizzle|[of] p2b: Swirly Belly\n|move|p1a: Poliwrath|High Horsepower|p2b: Swirly Belly\n|-damage|p2b: Swirly Belly|75\/100\n|move|p2a: Amoongsuss|Spore|p1a: Poliwrath\n|-status|p1a: Poliwrath|slp|[from] move: Spore\n|\n|-weather|RainDance|[upkeep]\n|upkeep\n|turn|3\n|inactive|ozymandias69 has 30 seconds left.\n|\n|t:|1698538613\n|-terastallize|p1b: Sandaconda|Water\n|move|p1b: Sandaconda|Zen Headbutt|p2a: Amoongsuss\n|-supereffective|p2a: Amoongsuss\n|-damage|p2a: Amoongsuss|0 fnt\n|faint|p2a: Amoongsuss\n|cant|p1a: Poliwrath|slp\n|move|p2b: Swirly Belly|Weather Ball|p1b: Sandaconda\n|-resisted|p1b: Sandaconda\n|-crit|p1b: Sandaconda\n|-damage|p1b: Sandaconda|17\/100\n|-weather|Sandstorm|[from] ability: Sand Spit|[of] p1b: Sandaconda\n|\n|-weather|Sandstorm|[upkeep]\n|-damage|p1b: Sandaconda|11\/100|[from] Sandstorm\n|-damage|p2b: Swirly Belly|69\/100|[from] Sandstorm\n|-damage|p1a: Poliwrath|94\/100 slp|[from] Sandstorm\n|upkeep\n|inactive|ozymandias69 has 30 seconds left this turn.\n|inactive|That one guy774 has 120 seconds left.\n|\n|t:|1698538629\n|switch|p2a: Gargamel|Garganacl, F|100\/100\n|turn|4\n|inactive|That one guy774 has 120 seconds left.\n|\n|t:|1698538653\n|move|p1b: Sandaconda|Drill Run|p2a: Gargamel\n|-supereffective|p2a: Gargamel\n|-damage|p2a: Gargamel|16\/100\n|move|p2b: Swirly Belly|Weather Ball|p1a: Poliwrath\n|-resisted|p1a: Poliwrath\n|-damage|p1a: Poliwrath|87\/100 slp\n|cant|p1a: Poliwrath|slp\n|move|p2a: Gargamel|Salt Cure|p1b: Sandaconda\n|-damage|p1b: Sandaconda|0 fnt\n|faint|p1b: Sandaconda\n|\n|-weather|Sandstorm|[upkeep]\n|-damage|p2b: Swirly Belly|63\/100|[from] Sandstorm\n|-damage|p1a: Poliwrath|81\/100 slp|[from] Sandstorm\n|-heal|p2a: Gargamel|22\/100|[from] item: Leftovers\n|upkeep\n|\n|t:|1698538668\n|switch|p1b: Dragapult|Dragapult, M|100\/100\n|turn|5\n|\n|t:|1698538686\n|switch|p2b: Ogerpon|Ogerpon-Wellspring, F|100\/100\n|move|p2a: Gargamel|Protect|p2a: Gargamel\n|-singleturn|p2a: Gargamel|Protect\n|move|p1b: Dragapult|Dragon Claw|p2a: Gargamel\n|-activate|p2a: Gargamel|move: Protect\n|-curestatus|p1a: Poliwrath|slp|[msg]\n|move|p1a: Poliwrath|Drain Punch|p2b: Ogerpon\n|-crit|p2b: Ogerpon\n|-damage|p2b: Ogerpon|59\/100\n|-heal|p1a: Poliwrath|98\/100|[from] drain|[of] p2b: Ogerpon\n|\n|-weather|Sandstorm|[upkeep]\n|-damage|p1b: Dragapult|95\/100|[from] Sandstorm\n|-damage|p2b: Ogerpon|53\/100|[from] Sandstorm\n|-damage|p1a: Poliwrath|92\/100|[from] Sandstorm\n|-heal|p2a: Gargamel|28\/100|[from] item: Leftovers\n|upkeep\n|turn|6\n|inactive|ozymandias69 has 60 seconds left.\n|\n|t:|1698538721\n|-terastallize|p2b: Ogerpon|Water\n|detailschange|p2b: Ogerpon|Ogerpon-Wellspring-Tera, F, tera:Water\n|-ability|p2b: Ogerpon|Embody Aspect (Wellspring)|boost\n|-boost|p2b: Ogerpon|spd|1\n|move|p2b: Ogerpon|Follow Me|p2b: Ogerpon\n|-singleturn|p2b: Ogerpon|move: Follow Me\n|move|p1b: Dragapult|Dragon Claw|p2b: Ogerpon\n|-damage|p2b: Ogerpon|16\/100\n|move|p1a: Poliwrath|Drain Punch|p2b: Ogerpon\n|-damage|p2b: Ogerpon|0 fnt\n|-heal|p1a: Poliwrath|98\/100|[from] drain|[of] p2b: Ogerpon\n|faint|p2b: Ogerpon\n|move|p2a: Gargamel|Recover|p2a: Gargamel\n|-heal|p2a: Gargamel|78\/100\n|\n|-weather|Sandstorm|[upkeep]\n|-damage|p1b: Dragapult|89\/100|[from] Sandstorm\n|-damage|p1a: Poliwrath|92\/100|[from] Sandstorm\n|-heal|p2a: Gargamel|84\/100|[from] item: Leftovers\n|upkeep\n|inactive|That one guy774 has 120 seconds left.\n|\n|t:|1698538743\n|switch|p2b: Dalafin|Palafin-Hero, F|100\/100\n|-activate|p2b: Dalafin|ability: Zero to Hero\n|turn|7\n|inactive|ozymandias69 has 60 seconds left.\n|inactive|That one guy774 has 120 seconds left.\n|\n|t:|1698538772\n|switch|p1b: Weezing|Weezing-Galar, M|100\/100\n|-ability|p1b: Weezing|Neutralizing Gas\n|switch|p1a: Slaking|Slaking, F|100\/100 slp\n|move|p2b: Dalafin|Jet Punch|p1b: Weezing\n|-damage|p1b: Weezing|62\/100\n|move|p2a: Gargamel|Salt Cure|p1a: Slaking\n|-damage|p1a: Slaking|91\/100 slp\n|-start|p1a: Slaking|Salt Cure\n|\n|-weather|none\n|-heal|p2a: Gargamel|91\/100|[from] item: Leftovers\n|-damage|p1a: Slaking|78\/100 slp|[from] Salt Cure\n|upkeep\n|turn|8\n|inactive|ozymandias69 has 60 seconds left.\n|inactive|That one guy774 has 120 seconds left.\n|inactive|ozymandias69 has 30 seconds left.\n|\n|t:|1698538807\n|-singleturn|p2b: Dalafin|move: Focus Punch\n|cant|p1a: Slaking|slp\n|move|p1b: Weezing|Dazzling Gleam|p2b: Dalafin|[spread] p2a,p2b\n|-damage|p2a: Gargamel|70\/100\n|-damage|p2b: Dalafin|74\/100\n|move|p2a: Gargamel|Salt Cure|p1b: Weezing\n|-damage|p1b: Weezing|50\/100\n|-start|p1b: Weezing|Salt Cure\n|-enditem|p1b: Weezing|Sitrus Berry|[eat]\n|-heal|p1b: Weezing|75\/100|[from] item: Sitrus Berry\n|cant|p2b: Dalafin|Focus Punch|Focus Punch\n|\n|-heal|p2a: Gargamel|76\/100|[from] item: Leftovers\n|-damage|p1a: Slaking|66\/100 slp|[from] Salt Cure\n|-damage|p1b: Weezing|62\/100|[from] Salt Cure\n|upkeep\n|turn|9\n|\n|t:|1698538830\n|move|p2b: Dalafin|Wave Crash|p1b: Weezing\n|-damage|p1b: Weezing|0 fnt\n|faint|p1b: Weezing\n|-end|p1b: Weezing|ability: Neutralizing Gas\n|-damage|p2b: Dalafin|54\/100|[from] Recoil\n|-curestatus|p1a: Slaking|slp|[msg]\n|move|p1a: Slaking|High Horsepower|p2a: Gargamel\n|-supereffective|p2a: Gargamel\n|-damage|p2a: Gargamel|40\/100\n|move|p2a: Gargamel|Body Press|p1a: Slaking\n|-supereffective|p1a: Slaking\n|-crit|p1a: Slaking\n|-damage|p1a: Slaking|6\/100\n|-enditem|p1a: Slaking|Sitrus Berry|[eat]\n|-heal|p1a: Slaking|31\/100|[from] item: Sitrus Berry\n|\n|-heal|p2a: Gargamel|47\/100|[from] item: Leftovers\n|-damage|p1a: Slaking|18\/100|[from] Salt Cure\n|upkeep\n|inactive|ozymandias69 has 30 seconds left.\n|inactive|ozymandias69 has 20 seconds left.\n|\n|t:|1698538861\n|switch|p1b: Hoopa|Hoopa-Unbound|100\/100\n|turn|10\n|\n|t:|1698538873\n|move|p2b: Dalafin|Jet Punch|p1a: Slaking\n|-damage|p1a: Slaking|0 fnt\n|faint|p1a: Slaking\n|move|p1b: Hoopa|Thunderbolt|p2b: Dalafin\n|-supereffective|p2b: Dalafin\n|-damage|p2b: Dalafin|0 fnt\n|faint|p2b: Dalafin\n|move|p2a: Gargamel|Recover|p2a: Gargamel\n|-heal|p2a: Gargamel|97\/100\n|\n|-heal|p2a: Gargamel|100\/100|[from] item: Leftovers\n|upkeep\n|inactive|ozymandias69 has 60 seconds left.\n|\n|t:|1698538887\n|switch|p2b: Armarouge|Armarouge, M|100\/100\n|switch|p1a: Poliwrath|Poliwrath, F|92\/100\n|turn|11\n|\n|t:|1698538908\n|move|p2b: Armarouge|Ally Switch|p2b: Armarouge\n|swap|p2b: Armarouge|0|[from] move: Ally Switch\n|move|p1b: Hoopa|Calm Mind|p1b: Hoopa\n|-boost|p1b: Hoopa|spa|1\n|-boost|p1b: Hoopa|spd|1\n|move|p1a: Poliwrath|Liquidation|p2b: Gargamel\n|-supereffective|p2b: Gargamel\n|-damage|p2b: Gargamel|62\/100\n|move|p2b: Gargamel|Salt Cure|p1a: Poliwrath\n|-resisted|p1a: Poliwrath\n|-damage|p1a: Poliwrath|86\/100\n|-start|p1a: Poliwrath|Salt Cure\n|\n|-heal|p2b: Gargamel|68\/100|[from] item: Leftovers\n|-damage|p1a: Poliwrath|61\/100|[from] Salt Cure\n|upkeep\n|turn|12\n|inactive|ozymandias69 has 90 seconds left.\n|\n|t:|1698538937\n|move|p1b: Hoopa|Psychic|p2b: Gargamel\n|-damage|p2b: Gargamel|0 fnt\n|faint|p2b: Gargamel\n|move|p2a: Armarouge|Armor Cannon|p1b: Hoopa\n|-damage|p1b: Hoopa|62\/100\n|-unboost|p2a: Armarouge|def|1\n|-unboost|p2a: Armarouge|spd|1\n|move|p1a: Poliwrath|Liquidation|p2a: Armarouge\n|-supereffective|p2a: Armarouge\n|-damage|p2a: Armarouge|2\/100\n|\n|-damage|p1a: Poliwrath|36\/100|[from] Salt Cure\n|upkeep\n|\n|t:|1698538950\n|switch|p2b: Swirly Belly|Politoed, M|63\/100\n|-weather|RainDance|[from] ability: Drizzle|[of] p2b: Swirly Belly\n|turn|13\n|c|\u2606ozymandias69|Got my revenge\n|\n|t:|1698538962\n|move|p2a: Armarouge|Protect|p2a: Armarouge\n|-singleturn|p2a: Armarouge|Protect\n|move|p1b: Hoopa|Thunderbolt|p2b: Swirly Belly\n|-supereffective|p2b: Swirly Belly\n|-damage|p2b: Swirly Belly|0 fnt\n|faint|p2b: Swirly Belly\n|move|p1a: Poliwrath|Liquidation|p2a: Armarouge\n|-activate|p2a: Armarouge|move: Protect\n|\n|-weather|RainDance|[upkeep]\n|-damage|p1a: Poliwrath|11\/100|[from] Salt Cure\n|upkeep\n|turn|14\n|\n|t:|1698538975\n|move|p1b: Hoopa|Psychic|p2a: Armarouge\n|-resisted|p2a: Armarouge\n|-damage|p2a: Armarouge|0 fnt\n|faint|p2a: Armarouge\n|\n|win|ozymandias69\n|raw|ozymandias69's rating: 1194 &rarr; <strong>1220<\/strong><br \/>(+26 for winning)\n|raw|That one guy774's rating: 1202 &rarr; <strong>1176<\/strong><br \/>(-26 for losing)\n|c|\u2606ozymandias69|Gg\n|l|\u2606That one guy774\n|l|\u2606ozymandias69\n|j|\u2606ozymandias69\n|player|p1|ozymandias69|steven\n","uploadtime":1698539069,"views":16,"p1id":"ozymandias69","p2id":"thatoneguy774","formatid":"gen9doublesou","rating":1176,"private":0,"password":""}