{"id":"gen9doublesou-1972554253","p1":"flipplebop","p2":"Dabigmurph","format":"[Gen 9] Doubles OU","log":"|j|\u2606flipplebop\n|j|\u2606Dabigmurph\n|t:|1697856386\n|gametype|doubles\n|player|p1|flipplebop|169|1418\n|player|p2|Dabigmurph|hiker-gen4|1458\n|teamsize|p1|6\n|teamsize|p2|6\n|gen|9\n|tier|[Gen 9] Doubles OU\n|rated|\n|rule|Species Clause: Limit one of each Pok\u00e9mon\n|rule|OHKO Clause: OHKO moves are banned\n|rule|Evasion Moves Clause: Evasion moves are banned\n|rule|Gravity Sleep Clause: The combination of sleep-inducing moves with imperfect accuracy and Gravity or Gigantamax Orbeetle are banned\n|rule|Endless Battle Clause: Forcing endless battles is banned\n|rule|HP Percentage Mod: HP is shown in percentages\n|clearpoke\n|poke|p1|Garganacl, M|\n|poke|p1|Ting-Lu|\n|poke|p1|Dragonite, F|\n|poke|p1|Volcanion|\n|poke|p1|Raichu-Alola, F|\n|poke|p1|Scizor, F|\n|poke|p2|Tornadus, M|\n|poke|p2|Great Tusk|\n|poke|p2|Chi-Yu|\n|poke|p2|Dragonite, F|\n|poke|p2|Flutter Mane|\n|poke|p2|Torkoal, F|\n|teampreview\n|inactive|Battle timer is ON: inactive players will automatically lose when time's up. (requested by flipplebop)\n|\n|t:|1697856399\n|start\n|switch|p1a: Ting-Lu|Ting-Lu|100\/100\n|switch|p1b: Raichu|Raichu-Alola, F|100\/100\n|switch|p2a: Torkoal|Torkoal, F|100\/100\n|switch|p2b: Flutter Mane|Flutter Mane|100\/100\n|-ability|p1a: Ting-Lu|Vessel of Ruin\n|-weather|SunnyDay|[from] ability: Drought|[of] p2a: Torkoal\n|-activate|p2b: Flutter Mane|ability: Protosynthesis\n|-start|p2b: Flutter Mane|protosynthesisspe\n|turn|1\n|inactive|Dabigmurph has 120 seconds left.\n|\n|t:|1697856430\n|move|p2b: Flutter Mane|Moonblast|p1a: Ting-Lu\n|-supereffective|p1a: Ting-Lu\n|-damage|p1a: Ting-Lu|8\/100\n|-enditem|p1a: Ting-Lu|Figy Berry|[eat]\n|-heal|p1a: Ting-Lu|41\/100|[from] item: Figy Berry\n|move|p1b: Raichu|Nuzzle|p2b: Flutter Mane\n|-damage|p2b: Flutter Mane|84\/100\n|-status|p2b: Flutter Mane|par\n|move|p1a: Ting-Lu|Stealth Rock|p2b: Flutter Mane\n|-sidestart|p2: Dabigmurph|move: Stealth Rock\n|move|p2a: Torkoal|Overheat|p1b: Raichu\n|-damage|p1b: Raichu|39\/100\n|-unboost|p2a: Torkoal|spa|2\n|-enditem|p2a: Torkoal|Eject Pack\n|inactive|Dabigmurph has 120 seconds left.\n|\n|t:|1697856449\n|switch|p2a: Dragonite|Dragonite, F|100\/100\n|-damage|p2a: Dragonite|76\/100|[from] Stealth Rock\n|\n|-weather|SunnyDay|[upkeep]\n|upkeep\n|turn|2\n|\n|t:|1697856458\n|move|p2a: Dragonite|Extreme Speed|p1b: Raichu\n|-damage|p1b: Raichu|0 fnt\n|faint|p1b: Raichu\n|move|p2b: Flutter Mane|Moonblast|p1a: Ting-Lu\n|-supereffective|p1a: Ting-Lu\n|-damage|p1a: Ting-Lu|0 fnt\n|faint|p1a: Ting-Lu\n|\n|-weather|SunnyDay|[upkeep]\n|upkeep\n|\n|t:|1697856470\n|switch|p1b: Garganacl|Garganacl, M|100\/100\n|switch|p1a: Scizor|Scizor, F|100\/100\n|turn|3\n|inactive|Dabigmurph has 120 seconds left.\n|\n|t:|1697856505\n|move|p2a: Dragonite|Helping Hand|p2b: Flutter Mane\n|-singleturn|p2b: Flutter Mane|Helping Hand|[of] p2a: Dragonite\n|move|p1a: Scizor|Bullet Punch|p2b: Flutter Mane\n|-supereffective|p2b: Flutter Mane\n|-damage|p2b: Flutter Mane|0 fnt\n|faint|p2b: Flutter Mane\n|-end|p2b: Flutter Mane|Protosynthesis|[silent]\n|move|p1b: Garganacl|Salt Cure|p2a: Dragonite\n|-supereffective|p2a: Dragonite\n|-damage|p2a: Dragonite|46\/100\n|-start|p2a: Dragonite|Salt Cure\n|\n|-weather|SunnyDay|[upkeep]\n|-damage|p2a: Dragonite|33\/100|[from] Salt Cure\n|upkeep\n|\n|t:|1697856516\n|switch|p2b: Great Tusk|Great Tusk|100\/100\n|-damage|p2b: Great Tusk|98\/100|[from] Stealth Rock\n|-activate|p2b: Great Tusk|ability: Protosynthesis\n|-start|p2b: Great Tusk|protosynthesisatk\n|turn|4\n|\n|t:|1697856527\n|-terastallize|p2b: Great Tusk|Ground\n|move|p2a: Dragonite|Helping Hand|p2b: Great Tusk\n|-singleturn|p2b: Great Tusk|Helping Hand|[of] p2a: Dragonite\n|move|p1a: Scizor|Protect|p1a: Scizor\n|-singleturn|p1a: Scizor|Protect\n|move|p2b: Great Tusk|Earthquake|p1b: Garganacl|[spread] p1b\n|-activate|p1a: Scizor|move: Protect\n|-immune|p2a: Dragonite\n|-supereffective|p1b: Garganacl\n|-damage|p1b: Garganacl|0 fnt\n|faint|p1b: Garganacl\n|\n|-weather|SunnyDay|[upkeep]\n|-damage|p2a: Dragonite|21\/100|[from] Salt Cure\n|upkeep\n|\n|t:|1697856541\n|switch|p1b: Volcanion|Volcanion|100\/100\n|turn|5\n|\n|t:|1697856551\n|move|p2a: Dragonite|Helping Hand|p2b: Great Tusk\n|-singleturn|p2b: Great Tusk|Helping Hand|[of] p2a: Dragonite\n|move|p1a: Scizor|Bullet Punch|p2a: Dragonite\n|-damage|p2a: Dragonite|0 fnt\n|faint|p2a: Dragonite\n|move|p2b: Great Tusk|Earthquake|p1a: Scizor|[spread] p1a,p1b\n|-supereffective|p1b: Volcanion\n|-damage|p1a: Scizor|0 fnt\n|-damage|p1b: Volcanion|0 fnt\n|faint|p1a: Scizor\n|faint|p1b: Volcanion\n|\n|-weather|none\n|-end|p2b: Great Tusk|Protosynthesis\n|upkeep\n|-message|flipplebop forfeited.\n|\n|win|Dabigmurph\n|raw|flipplebop's rating: 1418 &rarr; <strong>1400<\/strong><br \/>(-18 for losing)\n|raw|Dabigmurph's rating: 1458 &rarr; <strong>1476<\/strong><br \/>(+18 for winning)\n|l|\u2606flipplebop\n","uploadtime":1697856674,"views":12,"p1id":"flipplebop","p2id":"dabigmurph","formatid":"gen9doublesou","rating":1400,"private":0,"password":""}