{"id":"gen9doublesou-1969317989","p1":"Haneoka_Meimi","p2":"Chunkyallday","format":"[Gen 9] Doubles OU","log":"|j|\u2606Haneoka_Meimi\n|j|\u2606Chunkyallday\n|t:|1697513468\n|gametype|doubles\n|player|p1|Haneoka_Meimi|1|1408\n|player|p2|Chunkyallday|hiker|1331\n|teamsize|p1|6\n|teamsize|p2|6\n|gen|9\n|tier|[Gen 9] Doubles OU\n|rated|\n|rule|Species Clause: Limit one of each Pok\u00e9mon\n|rule|OHKO Clause: OHKO moves are banned\n|rule|Evasion Moves Clause: Evasion moves are banned\n|rule|Gravity Sleep Clause: The combination of sleep-inducing moves with imperfect accuracy and Gravity or Gigantamax Orbeetle are banned\n|rule|Endless Battle Clause: Forcing endless battles is banned\n|rule|HP Percentage Mod: HP is shown in percentages\n|clearpoke\n|poke|p1|Ogerpon-Wellspring, F|\n|poke|p1|Ursaluna-Bloodmoon, M|\n|poke|p1|Armarouge, F|\n|poke|p1|Tornadus, M|\n|poke|p1|Iron Hands|\n|poke|p1|Iron Bundle|\n|poke|p2|Amoonguss, M|\n|poke|p2|Sableye, F|\n|poke|p2|Heatran, M|\n|poke|p2|Rillaboom, M|\n|poke|p2|Swanna, F|\n|poke|p2|Flutter Mane|\n|teampreview\n|inactive|Battle timer is ON: inactive players will automatically lose when time's up. (requested by Chunkyallday)\n|\n|t:|1697513493\n|start\n|switch|p1a: Iron Bundle|Iron Bundle|100\/100\n|switch|p1b: Ursaluna|Ursaluna-Bloodmoon, M|100\/100\n|switch|p2a: Sableye|Sableye, F|100\/100\n|switch|p2b: Amoonguss|Amoonguss, M|100\/100\n|-enditem|p1a: Iron Bundle|Booster Energy\n|-activate|p1a: Iron Bundle|ability: Quark Drive|[fromitem]\n|-start|p1a: Iron Bundle|quarkdrivespe\n|turn|1\n|\n|t:|1697513508\n|-terastallize|p1b: Ursaluna|Normal\n|move|p2a: Sableye|Fake Out|p1a: Iron Bundle\n|-damage|p1a: Iron Bundle|92\/100\n|cant|p1a: Iron Bundle|flinch\n|move|p1b: Ursaluna|Hyper Voice|p2a: Sableye|[spread] p2a,p2b\n|-enditem|p2a: Sableye|Focus Sash\n|-damage|p2a: Sableye|1\/100\n|-damage|p2b: Amoonguss|47\/100\n|move|p2b: Amoonguss|Spore|p1b: Ursaluna\n|-status|p1b: Ursaluna|slp|[from] move: Spore\n|\n|-heal|p2b: Amoonguss|53\/100|[from] item: Leftovers\n|upkeep\n|turn|2\n|\n|t:|1697513524\n|move|p2a: Sableye|Skill Swap|p2b: Amoonguss\n|-activate|p2a: Sableye|move: Skill Swap|||[of] p2b: Amoonguss\n|move|p2b: Amoonguss|Spore|p1a: Iron Bundle\n|-status|p1a: Iron Bundle|slp|[from] move: Spore\n|cant|p1a: Iron Bundle|slp\n|cant|p1b: Ursaluna|slp\n|\n|-heal|p2b: Amoonguss|59\/100|[from] item: Leftovers\n|upkeep\n|turn|3\n|\n|t:|1697513536\n|move|p2b: Amoonguss|Synthesis|p2b: Amoonguss\n|-heal|p2b: Amoonguss|100\/100\n|cant|p1a: Iron Bundle|slp\n|cant|p1b: Ursaluna|slp\n|move|p2a: Sableye|Light Screen|p2a: Sableye\n|-sidestart|p2: Chunkyallday|move: Light Screen\n|\n|upkeep\n|turn|4\n|\n|t:|1697513545\n|move|p2b: Amoonguss|Substitute|p2b: Amoonguss\n|-start|p2b: Amoonguss|Substitute\n|-damage|p2b: Amoonguss|76\/100\n|-curestatus|p1a: Iron Bundle|slp|[msg]\n|move|p1a: Iron Bundle|Icy Wind|p2a: Sableye|[spread] p2a,p2b\n|-supereffective|p2b: Amoonguss\n|-activate|p2b: Amoonguss|move: Substitute|[damage]\n|-damage|p2a: Sableye|0 fnt\n|faint|p2a: Sableye\n|-curestatus|p1b: Ursaluna|slp|[msg]\n|move|p1b: Ursaluna|Hyper Voice|p2b: Amoonguss\n|-damage|p2b: Amoonguss|33\/100\n|\n|-heal|p2b: Amoonguss|39\/100|[from] item: Leftovers\n|upkeep\n|\n|t:|1697513557\n|switch|p2a: Rillaboom|Rillaboom, M|100\/100\n|-fieldstart|move: Grassy Terrain|[from] ability: Grassy Surge|[of] p2a: Rillaboom\n|-enditem|p2a: Rillaboom|Grassy Seed\n|-boost|p2a: Rillaboom|def|1|[from] item: Grassy Seed\n|turn|5\n|\n|t:|1697513565\n|move|p2a: Rillaboom|Fake Out|p1b: Ursaluna\n|-damage|p1b: Ursaluna|91\/100\n|move|p2b: Amoonguss|Spore|p1a: Iron Bundle\n|-status|p1a: Iron Bundle|slp|[from] move: Spore\n|cant|p1a: Iron Bundle|slp\n|cant|p1b: Ursaluna|flinch\n|\n|-heal|p1a: Iron Bundle|98\/100 slp|[from] Grassy Terrain\n|-heal|p1b: Ursaluna|97\/100|[from] Grassy Terrain\n|-heal|p2b: Amoonguss|45\/100|[from] Grassy Terrain\n|-heal|p2b: Amoonguss|51\/100|[from] item: Leftovers\n|upkeep\n|turn|6\n|\n|t:|1697513581\n|move|p2b: Amoonguss|Spore|p1b: Ursaluna\n|-status|p1b: Ursaluna|slp|[from] move: Spore\n|-curestatus|p1a: Iron Bundle|slp|[msg]\n|move|p1a: Iron Bundle|Freeze-Dry|p2a: Rillaboom\n|-supereffective|p2a: Rillaboom\n|-damage|p2a: Rillaboom|37\/100\n|-status|p2a: Rillaboom|frz\n|cant|p2a: Rillaboom|frz\n|cant|p1b: Ursaluna|slp\n|\n|-heal|p1a: Iron Bundle|100\/100|[from] Grassy Terrain\n|-heal|p2a: Rillaboom|43\/100 frz|[from] Grassy Terrain\n|-heal|p1b: Ursaluna|100\/100 slp|[from] Grassy Terrain\n|-heal|p2b: Amoonguss|57\/100|[from] Grassy Terrain\n|-heal|p2b: Amoonguss|63\/100|[from] item: Leftovers\n|upkeep\n|turn|7\n|c|\u2606Chunkyallday|bro\n|\n|t:|1697513599\n|move|p2b: Amoonguss|Spore|p1a: Iron Bundle\n|-status|p1a: Iron Bundle|slp|[from] move: Spore\n|cant|p1a: Iron Bundle|slp\n|-curestatus|p2a: Rillaboom|frz|[msg]\n|move|p2a: Rillaboom|Drum Beating|p1a: Iron Bundle\n|-supereffective|p1a: Iron Bundle\n|-damage|p1a: Iron Bundle|0 fnt\n|faint|p1a: Iron Bundle\n|-end|p1a: Iron Bundle|Quark Drive|[silent]\n|cant|p1b: Ursaluna|slp\n|\n|-heal|p2a: Rillaboom|49\/100|[from] Grassy Terrain\n|-heal|p2b: Amoonguss|69\/100|[from] Grassy Terrain\n|-heal|p2b: Amoonguss|75\/100|[from] item: Leftovers\n|-sideend|p2: Chunkyallday|move: Light Screen\n|upkeep\n|\n|t:|1697513618\n|switch|p1a: Ogerpon|Ogerpon-Wellspring, F|100\/100\n|turn|8\n|\n|t:|1697513630\n|move|p1a: Ogerpon|Spiky Shield|p1a: Ogerpon\n|-singleturn|p1a: Ogerpon|move: Protect\n|move|p2a: Rillaboom|Acrobatics|p1a: Ogerpon\n|-activate|p1a: Ogerpon|move: Protect\n|-damage|p2a: Rillaboom|37\/100|[from] Spiky Shield|[of] p1a: Ogerpon\n|-curestatus|p1b: Ursaluna|slp|[msg]\n|move|p1b: Ursaluna|Hyper Voice|p2b: Amoonguss|[spread] p2a,p2b\n|-damage|p2a: Rillaboom|0 fnt\n|-damage|p2b: Amoonguss|22\/100\n|faint|p2a: Rillaboom\n|move|p2b: Amoonguss|Pollen Puff|p1a: Ogerpon\n|-activate|p1a: Ogerpon|move: Protect\n|\n|-heal|p2b: Amoonguss|28\/100|[from] Grassy Terrain\n|-heal|p2b: Amoonguss|34\/100|[from] item: Leftovers\n|upkeep\n|\n|t:|1697513636\n|switch|p2a: Heatran|Heatran, M|100\/100\n|turn|9\n|\n|t:|1697513654\n|-terastallize|p2a: Heatran|Grass\n|move|p2b: Amoonguss|Spore|p1b: Ursaluna\n|-status|p1b: Ursaluna|slp|[from] move: Spore\n|move|p1a: Ogerpon|Ivy Cudgel|p2a: Heatran\n|-resisted|p2a: Heatran\n|-damage|p2a: Heatran|75\/100\n|move|p2a: Heatran|Magma Storm|p1b: Ursaluna\n|-damage|p1b: Ursaluna|21\/100 slp\n|-activate|p1b: Ursaluna|move: Magma Storm|[of] p2a: Heatran\n|-damage|p2a: Heatran|66\/100|[from] item: Life Orb\n|cant|p1b: Ursaluna|slp\n|\n|-heal|p2a: Heatran|72\/100|[from] Grassy Terrain\n|-heal|p1b: Ursaluna|27\/100 slp|[from] Grassy Terrain\n|-heal|p2b: Amoonguss|40\/100|[from] Grassy Terrain\n|-heal|p2b: Amoonguss|46\/100|[from] item: Leftovers\n|-damage|p1b: Ursaluna|14\/100 slp|[from] move: Magma Storm|[partiallytrapped]\n|-fieldend|move: Grassy Terrain\n|upkeep\n|turn|10\n|inactive|Haneoka_Meimi has 120 seconds left.\n|\n|t:|1697513687\n|move|p2b: Amoonguss|Synthesis|p2b: Amoonguss\n|-heal|p2b: Amoonguss|96\/100\n|move|p1a: Ogerpon|Horn Leech|p2a: Heatran\n|-resisted|p2a: Heatran\n|-damage|p2a: Heatran|53\/100\n|move|p2a: Heatran|Magma Storm|p1a: Ogerpon|[miss]\n|-miss|p2a: Heatran|p1a: Ogerpon\n|-curestatus|p1b: Ursaluna|slp|[msg]\n|move|p1b: Ursaluna|Hyper Voice|p2a: Heatran|[spread] p2a,p2b\n|-crit|p2a: Heatran\n|-damage|p2a: Heatran|0 fnt\n|-damage|p2b: Amoonguss|43\/100\n|faint|p2a: Heatran\n|\n|-heal|p2b: Amoonguss|49\/100|[from] item: Leftovers\n|-end|p1b: Ursaluna|Magma Storm|[partiallytrapped]|[silent]\n|upkeep\n|\n|t:|1697513697\n|switch|p2a: Flutter Mane|Flutter Mane|100\/100\n|turn|11\n|\n|t:|1697513708\n|move|p2b: Amoonguss|Synthesis|p2b: Amoonguss\n|-heal|p2b: Amoonguss|99\/100\n|move|p2a: Flutter Mane|Dazzling Gleam|p1a: Ogerpon|[spread] p1a,p1b\n|-crit|p1a: Ogerpon\n|-damage|p1a: Ogerpon|42\/100\n|-damage|p1b: Ursaluna|0 fnt\n|faint|p1b: Ursaluna\n|move|p1a: Ogerpon|Ivy Cudgel|p2a: Flutter Mane\n|-enditem|p2a: Flutter Mane|Focus Sash\n|-damage|p2a: Flutter Mane|1\/100\n|\n|-heal|p2b: Amoonguss|100\/100|[from] item: Leftovers\n|upkeep\n|\n|t:|1697513725\n|switch|p1b: Tornadus|Tornadus, M|100\/100\n|turn|12\n|\n|t:|1697513740\n|move|p1a: Ogerpon|Spiky Shield|p1a: Ogerpon\n|-singleturn|p1a: Ogerpon|move: Protect\n|move|p1b: Tornadus|Taunt|p2b: Amoonguss\n|-start|p2b: Amoonguss|move: Taunt\n|cant|p2b: Amoonguss|move: Taunt|Spore\n|move|p2a: Flutter Mane|Dazzling Gleam|p1b: Tornadus|[spread] p1b\n|-activate|p1a: Ogerpon|move: Protect\n|-crit|p1b: Tornadus\n|-damage|p1b: Tornadus|31\/100\n|\n|upkeep\n|turn|13\n|\n|t:|1697513756\n|move|p1b: Tornadus|Tailwind|p1b: Tornadus\n|-sidestart|p1: Haneoka_Meimi|move: Tailwind\n|move|p1a: Ogerpon|Ivy Cudgel|p2a: Flutter Mane\n|-damage|p2a: Flutter Mane|0 fnt\n|faint|p2a: Flutter Mane\n|-end|p2a: Flutter Mane|Protosynthesis|[silent]\n|move|p2b: Amoonguss|Pollen Puff|p2: Flutter Mane|[notarget]\n|-fail|p2b: Amoonguss\n|\n|upkeep\n|-message|Chunkyallday forfeited.\n|\n|win|Haneoka_Meimi\n|raw|Haneoka_Meimi's rating: 1408 &rarr; <strong>1424<\/strong><br \/>(+16 for winning)\n|raw|Chunkyallday's rating: 1331 &rarr; <strong>1315<\/strong><br \/>(-16 for losing)\n|l|\u2606Chunkyallday\n","uploadtime":1697513780,"views":21,"p1id":"haneokameimi","p2id":"chunkyallday","formatid":"gen9doublesou","rating":1315,"private":0,"password":""}