{"id":"gen9doublesou-1992626962","p1":"haseulfromloona","p2":"carottedu35","format":"[Gen 9] Doubles OU","log":"|j|\u2606haseulfromloona\n|j|\u2606carottedu35\n|t:|1700216965\n|gametype|doubles\n|player|p1|haseulfromloona|roxie|1064\n|player|p2|carottedu35|pokefanf-gen4|1095\n|teamsize|p1|6\n|teamsize|p2|6\n|gen|9\n|tier|[Gen 9] Doubles OU\n|rated|\n|rule|Species Clause: Limit one of each Pok\u00e9mon\n|rule|OHKO Clause: OHKO moves are banned\n|rule|Evasion Moves Clause: Evasion moves are banned\n|rule|Gravity Sleep Clause: The combination of sleep-inducing moves with imperfect accuracy and Gravity or Gigantamax Orbeetle are banned\n|rule|Endless Battle Clause: Forcing endless battles is banned\n|rule|HP Percentage Mod: HP is shown in percentages\n|clearpoke\n|poke|p1|Iron Hands|\n|poke|p1|Landorus-Therian, M|\n|poke|p1|Heatran, M|\n|poke|p1|Ogerpon-Wellspring, F|\n|poke|p1|Rillaboom, M|\n|poke|p1|Gholdengo|\n|poke|p2|Sableye, F|\n|poke|p2|Hoopa-Unbound|\n|poke|p2|Iron Valiant|\n|poke|p2|Pawmot, F|\n|poke|p2|Banette, F|\n|poke|p2|Froslass, F|\n|teampreview\n|inactive|Battle timer is ON: inactive players will automatically lose when time's up. (requested by carottedu35)\n|\n|t:|1700217003\n|start\n|switch|p1a: Rillaboom|Rillaboom, M|100\/100\n|switch|p1b: Gholdengo|Gholdengo|100\/100\n|switch|p2a: Sableye|Sableye, F|100\/100\n|switch|p2b: Hoopa|Hoopa-Unbound|100\/100\n|-fieldstart|move: Grassy Terrain|[from] ability: Grassy Surge|[of] p1a: Rillaboom\n|turn|1\n|\n|t:|1700217028\n|move|p1a: Rillaboom|Fake Out|p2b: Hoopa\n|-damage|p2b: Hoopa|78\/100\n|move|p2a: Sableye|Skill Swap|p2b: Hoopa\n|-activate|p2a: Sableye|move: Skill Swap|||[of] p2b: Hoopa\n|cant|p2b: Hoopa|flinch\n|move|p1b: Gholdengo|Nasty Plot|p1b: Gholdengo\n|-boost|p1b: Gholdengo|spa|2\n|\n|-heal|p2b: Hoopa|84\/100|[from] Grassy Terrain\n|upkeep\n|turn|2\n|\n|t:|1700217056\n|move|p2b: Hoopa|Destiny Bond|p2b: Hoopa\n|-singlemove|p2b: Hoopa|Destiny Bond\n|move|p1b: Gholdengo|Shadow Ball|p2a: Sableye\n|-damage|p2a: Sableye|0 fnt\n|-enditem|p2a: Sableye|Rowap Berry|[eat]\n|-damage|p1b: Gholdengo|88\/100|[from] item: Rowap Berry|[of] p2a: Sableye\n|faint|p2a: Sableye\n|-damage|p1b: Gholdengo|78\/100|[from] item: Life Orb\n|move|p1a: Rillaboom|Wood Hammer|p2b: Hoopa\n|-damage|p2b: Hoopa|0 fnt\n|faint|p2b: Hoopa\n|-activate|p2b: Hoopa|move: Destiny Bond\n|faint|p1a: Rillaboom\n|\n|-heal|p1b: Gholdengo|84\/100|[from] Grassy Terrain\n|upkeep\n|\n|t:|1700217076\n|switch|p1a: Ogerpon|Ogerpon-Wellspring, F|100\/100\n|switch|p2b: Iron Valiant|Iron Valiant|100\/100\n|switch|p2a: Froslass|Froslass, F|100\/100\n|turn|3\n|\n|t:|1700217099\n|move|p1a: Ogerpon|Follow Me|p1a: Ogerpon\n|-singleturn|p1a: Ogerpon|move: Follow Me\n|move|p2b: Iron Valiant|Destiny Bond|p2b: Iron Valiant\n|-singlemove|p2b: Iron Valiant|Destiny Bond\n|move|p2a: Froslass|Destiny Bond|p2a: Froslass\n|-singlemove|p2a: Froslass|Destiny Bond\n|move|p1b: Gholdengo|Make It Rain|p2a: Froslass|[spread] p2a,p2b\n|-supereffective|p2a: Froslass\n|-supereffective|p2b: Iron Valiant\n|-damage|p2a: Froslass|0 fnt\n|-damage|p2b: Iron Valiant|0 fnt\n|-unboost|p1b: Gholdengo|spa|1\n|faint|p2a: Froslass\n|-activate|p2a: Froslass|move: Destiny Bond\n|faint|p2b: Iron Valiant\n|-activate|p2b: Iron Valiant|move: Destiny Bond\n|-end|p2b: Iron Valiant|Quark Drive|[silent]\n|faint|p1b: Gholdengo\n|\n|upkeep\n|\n|t:|1700217119\n|switch|p2b: Banette|Banette, F|100\/100\n|switch|p2a: Pawmot|Pawmot, F|100\/100\n|switch|p1b: Iron Hands|Iron Hands|100\/100\n|turn|4\n|\n|t:|1700217138\n|move|p1b: Iron Hands|Fake Out|p2a: Pawmot\n|-damage|p2a: Pawmot|73\/100\n|cant|p2a: Pawmot|flinch\n|move|p1a: Ogerpon|Ivy Cudgel|p2b: Banette|[anim] Ivy Cudgel Water\n|-damage|p2b: Banette|43\/100\n|move|p2b: Banette|Dazzling Gleam|p1b: Iron Hands|[spread] p1a,p1b\n|-supereffective|p1b: Iron Hands\n|-damage|p1a: Ogerpon|87\/100\n|-damage|p1b: Iron Hands|87\/100\n|\n|-heal|p2a: Pawmot|80\/100|[from] Grassy Terrain\n|-heal|p1a: Ogerpon|93\/100|[from] Grassy Terrain\n|-heal|p2b: Banette|49\/100|[from] Grassy Terrain\n|-heal|p1b: Iron Hands|93\/100|[from] Grassy Terrain\n|upkeep\n|turn|5\n|\n|t:|1700217155\n|move|p2a: Pawmot|Revival Blessing|p2a: Pawmot\n|-enditem|p2a: Pawmot|Leppa Berry|[eat]\n|-activate|p2a: Pawmot|item: Leppa Berry|Revival Blessing|[consumed]\n|\n|t:|1700217161\n|-heal|p2: Froslass|50\/100|[from] move: Revival Blessing\n|move|p1a: Ogerpon|Ivy Cudgel|p2b: Banette|[anim] Ivy Cudgel Water\n|-damage|p2b: Banette|0 fnt\n|faint|p2b: Banette\n|move|p1b: Iron Hands|Drain Punch|p2a: Pawmot\n|-damage|p2a: Pawmot|4\/100\n|-heal|p1b: Iron Hands|100\/100|[from] drain|[of] p2a: Pawmot\n|\n|-heal|p2a: Pawmot|10\/100|[from] Grassy Terrain\n|-heal|p1a: Ogerpon|99\/100|[from] Grassy Terrain\n|-fieldend|move: Grassy Terrain\n|upkeep\n|\n|t:|1700217167\n|switch|p2b: Froslass|Froslass, F|50\/100\n|turn|6\n|-message|carottedu35 forfeited.\n|\n|win|haseulfromloona\n|raw|haseulfromloona's rating: 1064 &rarr; <strong>1097<\/strong><br \/>(+33 for winning)\n|raw|carottedu35's rating: 1095 &rarr; <strong>1069<\/strong><br \/>(-26 for losing)\n|l|\u2606carottedu35\n","uploadtime":1700217194,"views":7,"p1id":"haseulfromloona","p2id":"carottedu35","formatid":"gen9doublesou","rating":1069,"private":0,"password":""}