{"id":"gen9doublesou-1991849313","p1":"mikeyuwu","p2":"SirStripes","format":"[Gen 9] Doubles OU","log":"|j|\u2606mikeyuwu\n|j|\u2606SirStripes\n|t:|1700128086\n|gametype|doubles\n|player|p1|mikeyuwu|psychic-gen4|1141\n|player|p2|SirStripes|giovanni|1240\n|teamsize|p1|6\n|teamsize|p2|6\n|gen|9\n|tier|[Gen 9] Doubles OU\n|rated|\n|rule|Species Clause: Limit one of each Pok\u00e9mon\n|rule|OHKO Clause: OHKO moves are banned\n|rule|Evasion Moves Clause: Evasion moves are banned\n|rule|Gravity Sleep Clause: The combination of sleep-inducing moves with imperfect accuracy and Gravity or Gigantamax Orbeetle are banned\n|rule|Endless Battle Clause: Forcing endless battles is banned\n|rule|HP Percentage Mod: HP is shown in percentages\n|clearpoke\n|poke|p1|Garchomp, M|\n|poke|p1|Tyranitar, F|\n|poke|p1|Vaporeon, F|\n|poke|p1|Toxicroak, M|\n|poke|p1|Pelipper, F|\n|poke|p1|Abomasnow, M|\n|poke|p2|Spidops, M|\n|poke|p2|Glimmora, M|\n|poke|p2|Grimmsnarl, M|\n|poke|p2|Palafin, M|\n|poke|p2|Flutter Mane|\n|poke|p2|Houndstone, M|\n|teampreview\n|\n|t:|1700128099\n|start\n|switch|p1a: OTLHPM|Toxicroak, M|100\/100\n|switch|p1b: Harmacy|Vaporeon, F|100\/100\n|switch|p2a: Spidops|Spidops, M, shiny|100\/100\n|switch|p2b: Grimmsnarl|Grimmsnarl, M, shiny|100\/100\n|turn|1\n|\n|t:|1700128110\n|move|p2b: Grimmsnarl|Reflect|p2b: Grimmsnarl\n|-sidestart|p2: SirStripes|Reflect\n|move|p1a: OTLHPM|Sunny Day|p1a: OTLHPM\n|-weather|SunnyDay\n|move|p1b: Harmacy|Weather Ball|p2a: Spidops\n|-supereffective|p2a: Spidops\n|-damage|p2a: Spidops|13\/100\n|move|p2a: Spidops|Sticky Web|p1a: OTLHPM\n|-sidestart|p1: mikeyuwu|move: Sticky Web\n|\n|-weather|SunnyDay|[upkeep]\n|-damage|p1a: OTLHPM|88\/100|[from] ability: Dry Skin|[of] p1a: OTLHPM\n|-heal|p1a: OTLHPM|94\/100|[from] item: Black Sludge\n|upkeep\n|turn|2\n|\n|t:|1700128119\n|move|p2a: Spidops|Silk Trap|p2a: Spidops\n|-singleturn|p2a: Spidops|Protect\n|move|p2b: Grimmsnarl|Light Screen|p2b: Grimmsnarl\n|-sidestart|p2: SirStripes|move: Light Screen\n|move|p1a: OTLHPM|Poison Jab|p2b: Grimmsnarl\n|-supereffective|p2b: Grimmsnarl\n|-damage|p2b: Grimmsnarl|38\/100\n|-status|p2b: Grimmsnarl|psn\n|move|p1b: Harmacy|Weather Ball|p2a: Spidops\n|-activate|p2a: Spidops|move: Protect\n|\n|-weather|SunnyDay|[upkeep]\n|-damage|p1a: OTLHPM|82\/100|[from] ability: Dry Skin|[of] p1a: OTLHPM\n|-heal|p1a: OTLHPM|88\/100|[from] item: Black Sludge\n|-damage|p2b: Grimmsnarl|25\/100 psn|[from] psn\n|upkeep\n|turn|3\n|\n|t:|1700128137\n|move|p1a: OTLHPM|Poison Jab|p2b: Grimmsnarl\n|-supereffective|p2b: Grimmsnarl\n|-damage|p2b: Grimmsnarl|0 fnt\n|faint|p2b: Grimmsnarl\n|move|p1b: Harmacy|Weather Ball|p2a: Spidops\n|-supereffective|p2a: Spidops\n|-damage|p2a: Spidops|0 fnt\n|faint|p2a: Spidops\n|\n|-weather|SunnyDay|[upkeep]\n|-damage|p1a: OTLHPM|76\/100|[from] ability: Dry Skin|[of] p1a: OTLHPM\n|-heal|p1a: OTLHPM|82\/100|[from] item: Black Sludge\n|upkeep\n|\n|t:|1700128145\n|switch|p2b: Palafin|Palafin, M, shiny|100\/100\n|switch|p2a: Glimmora|Glimmora, M, shiny|100\/100\n|-item|p2a: Glimmora|Air Balloon\n|turn|4\n|\n|t:|1700128167\n|detailschange|p2b: Palafin|Palafin-Hero, M, shiny\n|switch|p2b: Houndstone|Houndstone, M, shiny|100\/100\n|switch|p1a: Extra Spicy|Garchomp, M|100\/100\n|-activate|p1a: Extra Spicy|move: Sticky Web\n|-unboost|p1a: Extra Spicy|spe|1\n|move|p2a: Glimmora|Stealth Rock|p1b: Harmacy\n|-sidestart|p1: mikeyuwu|move: Stealth Rock\n|move|p1b: Harmacy|Icy Wind|p2a: Glimmora|[spread] p2a,p2b\n|-damage|p2a: Glimmora|92\/100\n|-damage|p2b: Houndstone|92\/100\n|-unboost|p2a: Glimmora|spe|1\n|-unboost|p2b: Houndstone|spe|1\n|-enditem|p2a: Glimmora|Air Balloon\n|\n|-weather|SunnyDay|[upkeep]\n|upkeep\n|turn|5\n|\n|t:|1700128182\n|move|p2b: Houndstone|Last Respects|p1a: Extra Spicy\n|-damage|p1a: Extra Spicy|63\/100\n|move|p2a: Glimmora|Energy Ball|p1b: Harmacy\n|-supereffective|p1b: Harmacy\n|-damage|p1b: Harmacy|63\/100\n|move|p1b: Harmacy|Icy Wind|p2a: Glimmora|[spread] p2a,p2b\n|-damage|p2a: Glimmora|83\/100\n|-damage|p2b: Houndstone|84\/100\n|-unboost|p2a: Glimmora|spe|1\n|-unboost|p2b: Houndstone|spe|1\n|move|p1a: Extra Spicy|Brick Break|p2a: Glimmora\n|-sideend|p2: SirStripes|Reflect\n|-sideend|p2: SirStripes|move: Light Screen\n|-damage|p2a: Glimmora|62\/100\n|-activate|p2a: Glimmora|ability: Toxic Debris\n|-sidestart|p1: mikeyuwu|move: Toxic Spikes\n|\n|-weather|none\n|-heal|p1b: Harmacy|69\/100|[from] item: Leftovers\n|upkeep\n|turn|6\n|\n|t:|1700128194\n|switch|p1a: Weather War|Pelipper, F|100\/100\n|-weather|RainDance|[from] ability: Drizzle|[of] p1a: Weather War\n|move|p2b: Houndstone|Last Respects|p1a: Weather War\n|-damage|p1a: Weather War|49\/100\n|move|p1b: Harmacy|Weather Ball|p2a: Glimmora\n|-supereffective|p2a: Glimmora\n|-crit|p2a: Glimmora\n|-damage|p2a: Glimmora|0 fnt\n|faint|p2a: Glimmora\n|\n|-weather|RainDance|[upkeep]\n|-heal|p1b: Harmacy|75\/100|[from] item: Leftovers\n|upkeep\n|\n|t:|1700128197\n|switch|p2a: Flutter Mane|Flutter Mane, shiny|100\/100\n|-enditem|p2a: Flutter Mane|Booster Energy\n|-activate|p2a: Flutter Mane|ability: Protosynthesis|[fromitem]\n|-start|p2a: Flutter Mane|protosynthesisspe\n|turn|7\n|\n|t:|1700128214\n|switch|p1a: OTLHPM|Toxicroak, M|82\/100\n|-activate|p1a: OTLHPM|move: Sticky Web\n|-unboost|p1a: OTLHPM|spe|1\n|-damage|p1a: OTLHPM|76\/100|[from] Stealth Rock\n|-sideend|p1: mikeyuwu|move: Toxic Spikes|[of] p1a: OTLHPM\n|move|p2a: Flutter Mane|Protect|p2a: Flutter Mane\n|-singleturn|p2a: Flutter Mane|Protect\n|move|p2b: Houndstone|Last Respects|p1b: Harmacy\n|-damage|p1b: Harmacy|17\/100\n|move|p1b: Harmacy|Icy Wind|p2a: Flutter Mane|[spread] p2b\n|-activate|p2a: Flutter Mane|move: Protect\n|-crit|p2b: Houndstone\n|-damage|p2b: Houndstone|65\/100\n|-unboost|p2b: Houndstone|spe|1\n|\n|-weather|RainDance|[upkeep]\n|-heal|p1a: OTLHPM|88\/100|[from] ability: Dry Skin\n|-heal|p1b: Harmacy|23\/100|[from] item: Leftovers\n|-heal|p1a: OTLHPM|94\/100|[from] item: Black Sludge\n|upkeep\n|turn|8\n|\n|t:|1700128241\n|move|p2a: Flutter Mane|Moonblast|p1a: OTLHPM\n|-damage|p1a: OTLHPM|32\/100\n|move|p1b: Harmacy|Weather Ball|p2b: Houndstone\n|-damage|p2b: Houndstone|0 fnt\n|faint|p2b: Houndstone\n|move|p1a: OTLHPM|Poison Jab|p2a: Flutter Mane\n|-damage|p2a: Flutter Mane|6\/100\n|-status|p2a: Flutter Mane|psn\n|\n|-weather|RainDance|[upkeep]\n|-heal|p1a: OTLHPM|44\/100|[from] ability: Dry Skin\n|-heal|p1b: Harmacy|29\/100|[from] item: Leftovers\n|-heal|p1a: OTLHPM|50\/100|[from] item: Black Sludge\n|-damage|p2a: Flutter Mane|0 fnt|[from] psn\n|faint|p2a: Flutter Mane\n|-end|p2a: Flutter Mane|Protosynthesis|[silent]\n|upkeep\n|\n|t:|1700128249\n|switch|p2a: Palafin|Palafin-Hero, M, shiny|100\/100\n|-activate|p2a: Palafin|ability: Zero to Hero\n|turn|9\n|\n|t:|1700128256\n|-terastallize|p2a: Palafin|Fighting\n|move|p2a: Palafin|Drain Punch|p1b: Harmacy\n|-damage|p1b: Harmacy|0 fnt\n|faint|p1b: Harmacy\n|move|p1a: OTLHPM|Poison Jab|p2a: Palafin\n|-damage|p2a: Palafin|59\/100\n|\n|-weather|RainDance|[upkeep]\n|-heal|p1a: OTLHPM|63\/100|[from] ability: Dry Skin\n|-heal|p1a: OTLHPM|69\/100|[from] item: Black Sludge\n|upkeep\n|\n|t:|1700128261\n|switch|p1b: Weather War|Pelipper, F|49\/100\n|turn|10\n|c|\u2606mikeyuwu|Gg\n|\n|t:|1700128272\n|move|p2a: Palafin|Ice Punch|p1b: Weather War\n|-damage|p1b: Weather War|21\/100\n|move|p1b: Weather War|Hurricane|p2a: Palafin\n|-supereffective|p2a: Palafin\n|-damage|p2a: Palafin|0 fnt\n|faint|p2a: Palafin\n|\n|win|mikeyuwu\n|raw|mikeyuwu's rating: 1141 &rarr; <strong>1173<\/strong><br \/>(+32 for winning)\n|raw|SirStripes's rating: 1240 &rarr; <strong>1208<\/strong><br \/>(-32 for losing)\n|l|\u2606SirStripes\n|l|\u2606mikeyuwu\n|j|\u2606mikeyuwu\n|player|p1|mikeyuwu|psychic-gen4\n","uploadtime":1700128329,"views":13,"p1id":"mikeyuwu","p2id":"sirstripes","formatid":"gen9doublesou","rating":1173,"private":0,"password":""}