{"id":"gen9doublesou-1976827719","p1":"QuiteFluffy","p2":"talhabiggboi3","format":"[Gen 9] Doubles OU","log":"|j|\u2606QuiteFluffy\n|j|\u2606talhabiggboi3\n|t:|1698344570\n|gametype|doubles\n|player|p1|QuiteFluffy|penny|1298\n|player|p2|talhabiggboi3|265|1336\n|teamsize|p1|6\n|teamsize|p2|6\n|gen|9\n|tier|[Gen 9] Doubles OU\n|rated|\n|rule|Species Clause: Limit one of each Pok\u00e9mon\n|rule|OHKO Clause: OHKO moves are banned\n|rule|Evasion Moves Clause: Evasion moves are banned\n|rule|Gravity Sleep Clause: The combination of sleep-inducing moves with imperfect accuracy and Gravity or Gigantamax Orbeetle are banned\n|rule|Endless Battle Clause: Forcing endless battles is banned\n|rule|HP Percentage Mod: HP is shown in percentages\n|clearpoke\n|poke|p1|Chi-Yu|\n|poke|p1|Iron Hands|\n|poke|p1|Ursaluna, F|\n|poke|p1|Sinistcha|\n|poke|p1|Ninetales-Alola, F|\n|poke|p1|Sylveon, F|\n|poke|p2|Murkrow, M|\n|poke|p2|Garchomp, M|\n|poke|p2|Hydreigon, M|\n|poke|p2|Armarouge, F|\n|poke|p2|Maushold-Four|\n|poke|p2|Gholdengo|\n|teampreview\n|inactive|Battle timer is ON: inactive players will automatically lose when time's up. (requested by QuiteFluffy)\n|c|\u2606QuiteFluffy|glhf <3\n|\n|t:|1698344584\n|start\n|switch|p1a: catch these hands|Iron Hands|100\/100\n|switch|p1b: girlboss|Ninetales-Alola, F|100\/100\n|switch|p2a: Armarouge|Armarouge, F|100\/100\n|switch|p2b: Hydreigon|Hydreigon, M|100\/100\n|-weather|Snow|[from] ability: Snow Warning|[of] p1b: girlboss\n|turn|1\n|\n|t:|1698344600\n|switch|p2b: Gholdengo|Gholdengo|100\/100\n|move|p2a: Armarouge|Protect|p2a: Armarouge\n|-singleturn|p2a: Armarouge|Protect\n|move|p1a: catch these hands|Fake Out|p2b: Gholdengo\n|-immune|p2b: Gholdengo\n|move|p1b: girlboss|Aurora Veil|p1b: girlboss\n|-sidestart|p1: QuiteFluffy|move: Aurora Veil\n|\n|-weather|Snow|[upkeep]\n|upkeep\n|turn|2\n|\n|t:|1698344624\n|switch|p1b: chai :)|Sinistcha|100\/100\n|-end|p1a: catch these hands|Quark Drive|[silent]\n|switch|p1a: un-bear-able|Ursaluna, F, shiny|100\/100\n|-terastallize|p2b: Gholdengo|Steel\n|move|p2b: Gholdengo|Make It Rain|p1b: chai :)|[spread] p1a,p1b\n|-damage|p1a: un-bear-able|47\/100\n|-damage|p1b: chai :)|17\/100\n|-unboost|p2b: Gholdengo|spa|1\n|move|p2a: Armarouge|Expanding Force|p1a: un-bear-able\n|-damage|p1a: un-bear-able|19\/100\n|-damage|p2a: Armarouge|91\/100|[from] item: Life Orb\n|\n|-weather|Snow|[upkeep]\n|-status|p1a: un-bear-able|brn|[from] item: Flame Orb\n|upkeep\n|turn|3\n|\n|t:|1698344647\n|switch|p2a: Murkrow|Murkrow, M|100\/100\n|move|p2b: Gholdengo|Make It Rain|p1a: un-bear-able|[spread] p1a,p1b\n|-damage|p1a: un-bear-able|0 fnt\n|-damage|p1b: chai :)|0 fnt\n|-unboost|p2b: Gholdengo|spa|1\n|faint|p1a: un-bear-able\n|faint|p1b: chai :)\n|\n|-weather|Snow|[upkeep]\n|upkeep\n|inactive|QuiteFluffy has 120 seconds left.\n|\n|t:|1698344663\n|switch|p1b: catch these hands|Iron Hands|100\/100\n|switch|p1a: funny fish|Chi-Yu|100\/100\n|-ability|p1a: funny fish|Beads of Ruin\n|turn|4\n|\n|t:|1698344672\n|switch|p2b: Hydreigon|Hydreigon, M|100\/100\n|move|p1b: catch these hands|Fake Out|p2a: Murkrow\n|-damage|p2a: Murkrow|78\/100\n|cant|p2a: Murkrow|flinch\n|move|p1a: funny fish|Heat Wave|p2b: Hydreigon|[spread] p2a,p2b\n|-resisted|p2b: Hydreigon\n|-damage|p2a: Murkrow|37\/100\n|-damage|p2b: Hydreigon|70\/100\n|\n|-weather|Snow|[upkeep]\n|upkeep\n|turn|5\n|\n|t:|1698344687\n|switch|p2b: Armarouge|Armarouge, F|91\/100\n|move|p2a: Murkrow|Tailwind|p2a: Murkrow\n|-sidestart|p2: talhabiggboi3|move: Tailwind\n|move|p1a: funny fish|Heat Wave|p2a: Murkrow|[spread] p2a\n|-start|p2b: Armarouge|ability: Flash Fire\n|-damage|p2a: Murkrow|0 fnt\n|faint|p2a: Murkrow\n|move|p1b: catch these hands|Ice Punch|p2b: Armarouge\n|-resisted|p2b: Armarouge\n|-crit|p2b: Armarouge\n|-damage|p2b: Armarouge|69\/100\n|\n|-weather|none\n|upkeep\n|\n|t:|1698344701\n|switch|p2a: Garchomp|Garchomp, M|100\/100\n|turn|6\n|inactive|QuiteFluffy has 120 seconds left.\n|inactive|talhabiggboi3 has 120 seconds left.\n|\n|t:|1698344753\n|switch|p1a: death by cute|Sylveon, F|100\/100\n|move|p2b: Armarouge|Protect|p2b: Armarouge\n|-singleturn|p2b: Armarouge|Protect\n|move|p2a: Garchomp|Earthquake|p1b: catch these hands|[spread] p1a,p1b\n|-activate|p2b: Armarouge|move: Protect\n|-supereffective|p1b: catch these hands\n|-damage|p1a: death by cute|72\/100\n|-damage|p1b: catch these hands|64\/100\n|move|p1b: catch these hands|Ice Punch|p2a: Garchomp\n|-supereffective|p2a: Garchomp\n|-damage|p2a: Garchomp|0 fnt\n|-damage|p1b: catch these hands|52\/100|[from] ability: Rough Skin|[of] p2a: Garchomp\n|faint|p2a: Garchomp\n|\n|upkeep\n|\n|t:|1698344767\n|switch|p2a: Gholdengo|Gholdengo, tera:Steel|100\/100\n|turn|7\n|\n|t:|1698344784\n|-terastallize|p1a: death by cute|Fire\n|move|p2a: Gholdengo|Make It Rain|p1b: catch these hands|[spread] p1a,p1b\n|-resisted|p1a: death by cute\n|-resisted|p1b: catch these hands\n|-damage|p1a: death by cute|46\/100\n|-damage|p1b: catch these hands|33\/100\n|-unboost|p2a: Gholdengo|spa|1\n|move|p2b: Armarouge|Expanding Force|p1b: catch these hands\n|-supereffective|p1b: catch these hands\n|-damage|p1b: catch these hands|0 fnt\n|faint|p1b: catch these hands\n|-end|p1b: catch these hands|Quark Drive|[silent]\n|-damage|p2b: Armarouge|59\/100|[from] item: Life Orb\n|move|p1a: death by cute|Tera Blast|p2a: Gholdengo|[anim] Tera Blast Fire\n|-supereffective|p2a: Gholdengo\n|-damage|p2a: Gholdengo|0 fnt\n|faint|p2a: Gholdengo\n|\n|upkeep\n|\n|t:|1698344805\n|switch|p2a: Maushold|Maushold-Four|100\/100\n|switch|p1b: girlboss|Ninetales-Alola, F|100\/100\n|-weather|Snow|[from] ability: Snow Warning|[of] p1b: girlboss\n|turn|8\n|\n|t:|1698344814\n|move|p1b: girlboss|Protect|p1b: girlboss\n|-singleturn|p1b: girlboss|Protect\n|move|p2a: Maushold|Population Bomb|p1a: death by cute\n|-damage|p1a: death by cute|40\/100\n|-damage|p1a: death by cute|34\/100\n|-damage|p1a: death by cute|28\/100\n|-damage|p1a: death by cute|22\/100\n|-damage|p1a: death by cute|17\/100\n|-damage|p1a: death by cute|11\/100\n|-damage|p1a: death by cute|5\/100\n|-damage|p1a: death by cute|0 fnt\n|faint|p1a: death by cute\n|-hitcount|p1: death by cute|8\n|move|p2b: Armarouge|Armor Cannon|p1b: girlboss\n|-activate|p1b: girlboss|move: Protect\n|\n|-weather|Snow|[upkeep]\n|-sideend|p2: talhabiggboi3|move: Tailwind\n|-sideend|p1: QuiteFluffy|move: Aurora Veil\n|upkeep\n|\n|t:|1698344827\n|switch|p1a: funny fish|Chi-Yu|100\/100\n|-ability|p1a: funny fish|Beads of Ruin\n|turn|9\n|\n|t:|1698344841\n|move|p2a: Maushold|Follow Me|p2a: Maushold\n|-singleturn|p2a: Maushold|move: Follow Me\n|move|p1a: funny fish|Dark Pulse|p2a: Maushold\n|-damage|p2a: Maushold|10\/100\n|move|p1b: girlboss|Aurora Veil|p1b: girlboss\n|-sidestart|p1: QuiteFluffy|move: Aurora Veil\n|move|p2b: Armarouge|Trick Room|p2b: Armarouge\n|-fieldstart|move: Trick Room|[of] p2b: Armarouge\n|\n|-weather|Snow|[upkeep]\n|upkeep\n|turn|10\n|\n|t:|1698344859\n|move|p2b: Armarouge|Protect|p2b: Armarouge\n|-singleturn|p2b: Armarouge|Protect\n|move|p1b: girlboss|Blizzard|p2b: Armarouge|[spread] p2a\n|-activate|p2b: Armarouge|move: Protect\n|-damage|p2a: Maushold|0 fnt\n|faint|p2a: Maushold\n|move|p1a: funny fish|Dark Pulse|p2b: Armarouge\n|-activate|p2b: Armarouge|move: Protect\n|\n|-weather|Snow|[upkeep]\n|upkeep\n|\n|t:|1698344869\n|switch|p2a: Hydreigon|Hydreigon, M|70\/100\n|turn|11\n|\n|t:|1698344876\n|move|p2b: Armarouge|Armor Cannon|p1b: girlboss\n|-supereffective|p1b: girlboss\n|-damage|p1b: girlboss|0 fnt\n|-unboost|p2b: Armarouge|def|1\n|-unboost|p2b: Armarouge|spd|1\n|faint|p1b: girlboss\n|-damage|p2b: Armarouge|49\/100|[from] item: Life Orb\n|move|p2a: Hydreigon|Draco Meteor|p1a: funny fish|[miss]\n|-miss|p2a: Hydreigon|p1a: funny fish\n|move|p1a: funny fish|Dark Pulse|p2b: Armarouge\n|-supereffective|p2b: Armarouge\n|-damage|p2b: Armarouge|0 fnt\n|faint|p2b: Armarouge\n|\n|-weather|Snow|[upkeep]\n|upkeep\n|turn|12\n|c|\u2606talhabiggboi3|MOTHERFUCKING FUCKKKKKKKKKKKKKKKKKKKKKKKKKKKKKKKKKK\n|c|\u2606talhabiggboi3|FUCKING BULLSHIT\n|c|\u2606talhabiggboi3|MOTHERFUCKERRRRRRR\n|-message|talhabiggboi3 forfeited.\n|\n|win|QuiteFluffy\n|raw|QuiteFluffy's rating: 1298 &rarr; <strong>1326<\/strong><br \/>(+28 for winning)\n|raw|talhabiggboi3's rating: 1336 &rarr; <strong>1314<\/strong><br \/>(-22 for losing)\n|l|\u2606talhabiggboi3\n","uploadtime":1698344896,"views":13,"p1id":"quitefluffy","p2id":"talhabiggboi3","formatid":"gen9doublesou","rating":1314,"private":0,"password":""}