{"id":"gen9doublesou-1977050301","p1":"DiamondDiancie25","p2":"lilbookcase","format":"[Gen 9] Doubles OU","log":"|j|\u2606DiamondDiancie25\n|j|\u2606lilbookcase\n|t:|1698365932\n|gametype|doubles\n|player|p1|DiamondDiancie25|psychic-gen4|\n|player|p2|lilbookcase|rocketgruntf|\n|teamsize|p1|6\n|teamsize|p2|6\n|gen|9\n|tier|[Gen 9] Doubles OU\n|rule|Species Clause: Limit one of each Pok\u00e9mon\n|rule|OHKO Clause: OHKO moves are banned\n|rule|Evasion Moves Clause: Evasion moves are banned\n|rule|Gravity Sleep Clause: The combination of sleep-inducing moves with imperfect accuracy and Gravity or Gigantamax Orbeetle are banned\n|rule|Endless Battle Clause: Forcing endless battles is banned\n|rule|HP Percentage Mod: HP is shown in percentages\n|clearpoke\n|poke|p1|Tyranitar, F|\n|poke|p1|Houndstone, M|\n|poke|p1|Gholdengo|\n|poke|p1|Enamorus-Therian, F|\n|poke|p1|Murkrow, F|\n|poke|p1|Glimmora, M|\n|poke|p2|Roaring Moon|\n|poke|p2|Weezing-Galar, F|\n|poke|p2|Gholdengo|\n|poke|p2|Ursaluna, F|\n|poke|p2|Hatterene, F|\n|poke|p2|Gothitelle, F|\n|teampreview\n|\n|t:|1698365966\n|start\n|switch|p1a: Salt|Murkrow, F|100\/100\n|switch|p1b: Glimmora|Glimmora, M|100\/100\n|switch|p2a: Roaring Gibbous|Roaring Moon|100\/100\n|switch|p2b: Smokin that Toxin|Weezing-Galar, F|100\/100\n|-ability|p2b: Smokin that Toxin|Neutralizing Gas\n|-enditem|p2a: Roaring Gibbous|Booster Energy\n|-activate|p2a: Roaring Gibbous|ability: Protosynthesis|[fromitem]\n|-start|p2a: Roaring Gibbous|protosynthesisspe\n|turn|1\n|\n|t:|1698365996\n|move|p2a: Roaring Gibbous|Knock Off|p1b: Glimmora\n|-damage|p1b: Glimmora|38\/100\n|-enditem|p1b: Glimmora|Focus Sash|[from] move: Knock Off|[of] p2a: Roaring Gibbous\n|move|p1b: Glimmora|Power Gem|p2a: Roaring Gibbous\n|-damage|p2a: Roaring Gibbous|60\/100\n|move|p1a: Salt|Tailwind|p1a: Salt\n|-sidestart|p1: DiamondDiancie25|move: Tailwind\n|move|p2b: Smokin that Toxin|Dazzling Gleam|p1b: Glimmora|[spread] p1a,p1b\n|-supereffective|p1a: Salt\n|-resisted|p1b: Glimmora\n|-damage|p1a: Salt|71\/100\n|-damage|p1b: Glimmora|24\/100\n|\n|upkeep\n|turn|2\n|\n|t:|1698366042\n|-end|p2b: Smokin that Toxin|ability: Neutralizing Gas\n|switch|p2b: Treat|Gothitelle, F|100\/100\n|-item|p1a: Salt|Eviolite|[from] ability: Frisk|[of] p2b: Treat|[identify]\n|move|p1b: Glimmora|Spiky Shield|p1b: Glimmora\n|-singleturn|p1b: Glimmora|move: Protect\n|move|p2a: Roaring Gibbous|Protect|p2a: Roaring Gibbous\n|-singleturn|p2a: Roaring Gibbous|Protect\n|move|p1a: Salt|Foul Play|p2a: Roaring Gibbous\n|-activate|p2a: Roaring Gibbous|move: Protect\n|\n|upkeep\n|turn|3\n|\n|t:|1698366072\n|move|p2b: Treat|Fake Out|p1b: Glimmora\n|-resisted|p1b: Glimmora\n|-damage|p1b: Glimmora|21\/100\n|-activate|p1b: Glimmora|ability: Toxic Debris\n|-sidestart|p2: lilbookcase|move: Toxic Spikes\n|cant|p1b: Glimmora|flinch\n|move|p2a: Roaring Gibbous|Tailwind|p2a: Roaring Gibbous\n|-sidestart|p2: lilbookcase|move: Tailwind\n|move|p1a: Salt|Foul Play|p2a: Roaring Gibbous\n|-resisted|p2a: Roaring Gibbous\n|-damage|p2a: Roaring Gibbous|27\/100\n|\n|upkeep\n|turn|4\n|\n|t:|1698366109\n|-end|p2a: Roaring Gibbous|Protosynthesis|[silent]\n|switch|p2a: Smokin that Toxin|Weezing-Galar, F|100\/100\n|-ability|p2a: Smokin that Toxin|Neutralizing Gas\n|-sideend|p2: lilbookcase|move: Toxic Spikes|[of] p2a: Smokin that Toxin\n|move|p1b: Glimmora|Spiky Shield|p1b: Glimmora\n|-singleturn|p1b: Glimmora|move: Protect\n|move|p1a: Salt|Foul Play|p2a: Smokin that Toxin\n|-resisted|p2a: Smokin that Toxin\n|-damage|p2a: Smokin that Toxin|90\/100\n|move|p2b: Treat|Psychic|p1b: Glimmora\n|-activate|p1b: Glimmora|move: Protect\n|\n|-heal|p2a: Smokin that Toxin|96\/100|[from] item: Leftovers\n|-sideend|p1: DiamondDiancie25|move: Tailwind\n|upkeep\n|turn|5\n|\n|t:|1698366132\n|switch|p1b: Tyranitar|Tyranitar, F|100\/100\n|move|p2b: Treat|Psychic|p1b: Tyranitar\n|-immune|p1b: Tyranitar\n|move|p2a: Smokin that Toxin|Dazzling Gleam|p1b: Tyranitar|[spread] p1a,p1b\n|-supereffective|p1a: Salt\n|-supereffective|p1b: Tyranitar\n|-damage|p1a: Salt|40\/100\n|-damage|p1b: Tyranitar|79\/100\n|move|p1a: Salt|Tailwind|p1a: Salt\n|-sidestart|p1: DiamondDiancie25|move: Tailwind\n|\n|-heal|p2a: Smokin that Toxin|100\/100|[from] item: Leftovers\n|upkeep\n|turn|6\n|\n|t:|1698366169\n|switch|p2b: Waxaluna|Ursaluna, F|100\/100\n|move|p1a: Salt|Protect|p1a: Salt\n|-singleturn|p1a: Salt|Protect\n|move|p1b: Tyranitar|Knock Off|p2b: Waxaluna\n|-damage|p2b: Waxaluna|56\/100\n|-enditem|p2b: Waxaluna|Flame Orb|[from] move: Knock Off|[of] p1b: Tyranitar\n|move|p2a: Smokin that Toxin|Will-O-Wisp|p1b: Tyranitar\n|-status|p1b: Tyranitar|brn\n|\n|-damage|p1b: Tyranitar|73\/100 brn|[from] brn\n|-sideend|p2: lilbookcase|move: Tailwind\n|upkeep\n|turn|7\n|\n|t:|1698366194\n|move|p2b: Waxaluna|Protect|p2b: Waxaluna\n|-singleturn|p2b: Waxaluna|Protect\n|move|p1a: Salt|Foul Play|p2b: Waxaluna\n|-activate|p2b: Waxaluna|move: Protect\n|move|p1b: Tyranitar|High Horsepower|p2a: Smokin that Toxin\n|-supereffective|p2a: Smokin that Toxin\n|-damage|p2a: Smokin that Toxin|70\/100\n|move|p2a: Smokin that Toxin|Will-O-Wisp|p1a: Salt\n|-status|p1a: Salt|brn\n|\n|-heal|p2a: Smokin that Toxin|76\/100|[from] item: Leftovers\n|-damage|p1a: Salt|34\/100 brn|[from] brn\n|-damage|p1b: Tyranitar|67\/100 brn|[from] brn\n|upkeep\n|turn|8\n|\n|t:|1698366232\n|move|p1a: Salt|Foul Play|p2b: Waxaluna\n|-damage|p2b: Waxaluna|37\/100\n|move|p1b: Tyranitar|High Horsepower|p2a: Smokin that Toxin\n|-supereffective|p2a: Smokin that Toxin\n|-crit|p2a: Smokin that Toxin\n|-damage|p2a: Smokin that Toxin|27\/100\n|move|p2b: Waxaluna|Headlong Rush|p1b: Tyranitar\n|-supereffective|p1b: Tyranitar\n|-damage|p1b: Tyranitar|0 fnt\n|-unboost|p2b: Waxaluna|def|1\n|-unboost|p2b: Waxaluna|spd|1\n|faint|p1b: Tyranitar\n|move|p2a: Smokin that Toxin|Dazzling Gleam|p1a: Salt\n|-supereffective|p1a: Salt\n|-damage|p1a: Salt|0 fnt\n|faint|p1a: Salt\n|\n|-heal|p2a: Smokin that Toxin|33\/100|[from] item: Leftovers\n|-sideend|p1: DiamondDiancie25|move: Tailwind\n|upkeep\n|\n|t:|1698366251\n|switch|p1a: Enamorus|Enamorus-Therian, F|100\/100\n|switch|p1b: Gholdengo|Gholdengo|100\/100\n|turn|9\n|\n|t:|1698366287\n|switch|p2b: Treat|Gothitelle, F|100\/100\n|move|p1b: Gholdengo|Make It Rain|p2b: Treat|[spread] p2a,p2b\n|-supereffective|p2a: Smokin that Toxin\n|-damage|p2a: Smokin that Toxin|0 fnt\n|-damage|p2b: Treat|62\/100\n|-unboost|p1b: Gholdengo|spa|1\n|faint|p2a: Smokin that Toxin\n|-end|p2a: Smokin that Toxin|ability: Neutralizing Gas\n|-item|p1a: Enamorus|Leftovers|[from] ability: Frisk|[of] p2b: Treat|[identify]\n|-item|p1b: Gholdengo|Kasib Berry|[from] ability: Frisk|[of] p2b: Treat|[identify]\n|move|p1a: Enamorus|Tailwind|p1a: Enamorus\n|-sidestart|p1: DiamondDiancie25|move: Tailwind\n|\n|upkeep\n|\n|t:|1698366297\n|switch|p2a: Mr. Joe|Gholdengo|100\/100\n|turn|10\n|\n|t:|1698366330\n|move|p1a: Enamorus|Protect|p1a: Enamorus\n|-singleturn|p1a: Enamorus|Protect\n|move|p2b: Treat|Fake Out|p1a: Enamorus\n|-activate|p1a: Enamorus|move: Protect\n|move|p1b: Gholdengo|Shadow Ball|p2b: Treat\n|-supereffective|p2b: Treat\n|-damage|p2b: Treat|18\/100\n|-enditem|p2b: Treat|Sitrus Berry|[eat]\n|-heal|p2b: Treat|43\/100|[from] item: Sitrus Berry\n|move|p2a: Mr. Joe|Shadow Ball|p1b: Gholdengo\n|-supereffective|p1b: Gholdengo\n|-enditem|p1b: Gholdengo|Kasib Berry|[eat]\n|-enditem|p1b: Gholdengo|Kasib Berry|[weaken]\n|-damage|p1b: Gholdengo|13\/100\n|-unboost|p1b: Gholdengo|spd|1\n|\n|upkeep\n|turn|11\n|\n|t:|1698366362\n|switch|p2a: Roaring Gibbous|Roaring Moon|27\/100\n|move|p1b: Gholdengo|Shadow Ball|p2a: Roaring Gibbous\n|-resisted|p2a: Roaring Gibbous\n|-damage|p2a: Roaring Gibbous|14\/100\n|move|p1a: Enamorus|Earth Power|p2a: Roaring Gibbous\n|-damage|p2a: Roaring Gibbous|0 fnt\n|faint|p2a: Roaring Gibbous\n|-end|p2a: Roaring Gibbous|Protosynthesis|[silent]\n|move|p2b: Treat|Heal Pulse|p2: Roaring Gibbous|[notarget]\n|-fail|p2b: Treat\n|\n|upkeep\n|\n|t:|1698366380\n|switch|p2a: Mr. Joe|Gholdengo|100\/100\n|turn|12\n|\n|t:|1698366403\n|-terastallize|p1a: Enamorus|Water\n|-terastallize|p2a: Mr. Joe|Fairy\n|move|p1b: Gholdengo|Protect|p1b: Gholdengo\n|-singleturn|p1b: Gholdengo|Protect\n|move|p1a: Enamorus|Earth Power|p2a: Mr. Joe\n|-damage|p2a: Mr. Joe|68\/100\n|move|p2a: Mr. Joe|Make It Rain|p1a: Enamorus|[spread] p1a\n|-activate|p1b: Gholdengo|move: Protect\n|-resisted|p1a: Enamorus\n|-damage|p1a: Enamorus|60\/100\n|-unboost|p2a: Mr. Joe|spa|1\n|move|p2b: Treat|Psychic|p1a: Enamorus\n|-damage|p1a: Enamorus|33\/100\n|\n|-heal|p1a: Enamorus|39\/100|[from] item: Leftovers\n|-sideend|p1: DiamondDiancie25|move: Tailwind\n|upkeep\n|turn|13\n|\n|t:|1698366442\n|switch|p2a: Waxaluna|Ursaluna, F|37\/100\n|move|p1b: Gholdengo|Make It Rain|p2a: Waxaluna|[spread] p2a,p2b\n|-damage|p2a: Waxaluna|7\/100\n|-damage|p2b: Treat|17\/100\n|-unboost|p1b: Gholdengo|spa|1\n|move|p2b: Treat|Psychic|p1b: Gholdengo\n|-resisted|p1b: Gholdengo\n|-damage|p1b: Gholdengo|0 fnt\n|faint|p1b: Gholdengo\n|move|p1a: Enamorus|Draining Kiss|p2b: Treat\n|-damage|p2b: Treat|0 fnt\n|-heal|p1a: Enamorus|51\/100|[from] drain|[of] p2b: Treat\n|faint|p2b: Treat\n|\n|-heal|p1a: Enamorus|57\/100|[from] item: Leftovers\n|upkeep\n|\n|t:|1698366470\n|switch|p1b: Glimmora|Glimmora, M|21\/100\n|switch|p2b: Mr. Joe|Gholdengo, tera:Fairy|68\/100\n|turn|14\n|\n|t:|1698366514\n|move|p1b: Glimmora|Power Gem|p2b: Mr. Joe\n|-damage|p2b: Mr. Joe|25\/100\n|move|p2b: Mr. Joe|Make It Rain|p1a: Enamorus|[spread] p1a,p1b\n|-resisted|p1a: Enamorus\n|-supereffective|p1b: Glimmora\n|-damage|p1a: Enamorus|21\/100\n|-damage|p1b: Glimmora|0 fnt\n|-unboost|p2b: Mr. Joe|spa|1\n|faint|p1b: Glimmora\n|move|p2a: Waxaluna|Headlong Rush|p1a: Enamorus\n|-damage|p1a: Enamorus|0 fnt\n|-unboost|p2a: Waxaluna|def|1\n|-unboost|p2a: Waxaluna|spd|1\n|faint|p1a: Enamorus\n|\n|upkeep\n|\n|t:|1698366529\n|switch|p1b: Pet Named Steve|Houndstone, M|100\/100\n|turn|15\n|\n|t:|1698366542\n|move|p1b: Pet Named Steve|Protect|p1b: Pet Named Steve\n|-singleturn|p1b: Pet Named Steve|Protect\n|move|p2b: Mr. Joe|Make It Rain|p1b: Pet Named Steve\n|-activate|p1b: Pet Named Steve|move: Protect\n|move|p2a: Waxaluna|Headlong Rush|p1b: Pet Named Steve\n|-activate|p1b: Pet Named Steve|move: Protect\n|\n|upkeep\n|turn|16\n|\n|t:|1698366554\n|move|p1b: Pet Named Steve|Body Press|p2a: Waxaluna\n|-supereffective|p2a: Waxaluna\n|-damage|p2a: Waxaluna|0 fnt\n|faint|p2a: Waxaluna\n|move|p2b: Mr. Joe|Make It Rain|p1b: Pet Named Steve\n|-damage|p1b: Pet Named Steve|20\/100\n|-unboost|p2b: Mr. Joe|spa|1\n|\n|upkeep\n|\n|t:|1698366559\n|switch|p2a: Trick|Hatterene, F|100\/100\n|turn|17\n|\n|t:|1698366567\n|move|p1b: Pet Named Steve|Last Respects|p2a: Trick\n|-supereffective|p2a: Trick\n|-damage|p2a: Trick|0 fnt\n|faint|p2a: Trick\n|move|p2b: Mr. Joe|Make It Rain|p1b: Pet Named Steve\n|-damage|p1b: Pet Named Steve|0 fnt\n|-unboost|p2b: Mr. Joe|spa|1\n|faint|p1b: Pet Named Steve\n|\n|win|lilbookcase\n","uploadtime":1698366581,"views":15,"p1id":"diamonddiancie25","p2id":"lilbookcase","formatid":"gen9doublesou","rating":0,"private":0,"password":""}