{"id":"gen9doublesou-1996878513","p1":"diggy1906","p2":"bobbbybigballzz","format":"[Gen 9] Doubles OU","log":"|j|\u2606diggy1906\n|j|\u2606bobbbybigballzz\n|t:|1700739298\n|gametype|doubles\n|player|p1|diggy1906|colress|1181\n|player|p2|bobbbybigballzz|pokemonranger-gen4|1226\n|teamsize|p1|6\n|teamsize|p2|6\n|gen|9\n|tier|[Gen 9] Doubles OU\n|rated|\n|rule|Species Clause: Limit one of each Pok\u00e9mon\n|rule|OHKO Clause: OHKO moves are banned\n|rule|Evasion Moves Clause: Evasion moves are banned\n|rule|Gravity Sleep Clause: The combination of sleep-inducing moves with imperfect accuracy and Gravity or Gigantamax Orbeetle are banned\n|rule|Endless Battle Clause: Forcing endless battles is banned\n|rule|HP Percentage Mod: HP is shown in percentages\n|clearpoke\n|poke|p1|Ogerpon, F|\n|poke|p1|Heatran, F|\n|poke|p1|Gholdengo|\n|poke|p1|Gliscor, M|\n|poke|p1|Kingambit, M|\n|poke|p1|Palafin, M|\n|poke|p2|Farigiraf, F|\n|poke|p2|Landorus, M|\n|poke|p2|Tyranitar, F|\n|poke|p2|Lycanroc, F|\n|poke|p2|Heatran, F|\n|poke|p2|Houndstone, F|\n|teampreview\n|\n|t:|1700739308\n|start\n|switch|p1a: Palafin|Palafin, M|100\/100\n|switch|p1b: Gliscor|Gliscor, M|100\/100\n|switch|p2a: Lycanroc|Lycanroc, F, shiny|100\/100\n|switch|p2b: Landorus|Landorus, M|100\/100\n|turn|1\n|\n|t:|1700739318\n|switch|p2b: Tyranitar|Tyranitar, F, shiny|100\/100\n|-weather|Sandstorm|[from] ability: Sand Stream|[of] p2b: Tyranitar\n|move|p2a: Lycanroc|Rock Slide|p1a: Palafin|[spread] p1a,p1b\n|-damage|p1a: Palafin|68\/100\n|-damage|p1b: Gliscor|80\/100\n|move|p1a: Palafin|Flip Turn|p2a: Lycanroc\n|-supereffective|p2a: Lycanroc\n|-damage|p2a: Lycanroc|30\/100\n|\n|t:|1700739331\n|detailschange|p1a: Palafin|Palafin-Hero, M\n|switch|p1a: Ogerpon|Ogerpon, F|100\/100|[from] Flip Turn\n|move|p1b: Gliscor|Stealth Rock|p2b: Tyranitar\n|-sidestart|p2: bobbbybigballzz|move: Stealth Rock\n|\n|-weather|Sandstorm|[upkeep]\n|-damage|p1a: Ogerpon|95\/100|[from] Sandstorm\n|-status|p1b: Gliscor|tox|[from] item: Toxic Orb\n|upkeep\n|turn|2\n|\n|t:|1700739353\n|-terastallize|p2b: Tyranitar|Flying\n|move|p2a: Lycanroc|Rock Slide|p1a: Ogerpon|[spread] p1a,p1b\n|-damage|p1a: Ogerpon|56\/100\n|-damage|p1b: Gliscor|59\/100 tox\n|cant|p1a: Ogerpon|flinch\n|cant|p1b: Gliscor|flinch\n|move|p2b: Tyranitar|Tera Blast|p1a: Ogerpon|[anim] Tera Blast Flying\n|-supereffective|p1a: Ogerpon\n|-damage|p1a: Ogerpon|0 fnt\n|faint|p1a: Ogerpon\n|\n|-weather|Sandstorm|[upkeep]\n|-damage|p2b: Tyranitar|94\/100|[from] Sandstorm\n|-heal|p1b: Gliscor|71\/100 tox|[from] ability: Poison Heal\n|upkeep\n|\n|t:|1700739363\n|switch|p1a: Palafin|Palafin-Hero, M|68\/100\n|-activate|p1a: Palafin|ability: Zero to Hero\n|turn|3\n|\n|t:|1700739374\n|move|p2a: Lycanroc|Rock Slide|p1a: Palafin|[spread] p1a,p1b\n|-damage|p1a: Palafin|38\/100\n|-damage|p1b: Gliscor|49\/100 tox\n|move|p1a: Palafin|Ice Punch|p2b: Tyranitar\n|-supereffective|p2b: Tyranitar\n|-damage|p2b: Tyranitar|45\/100\n|cant|p1b: Gliscor|flinch\n|move|p2b: Tyranitar|Ice Punch|p1b: Gliscor\n|-supereffective|p1b: Gliscor\n|-damage|p1b: Gliscor|0 fnt\n|faint|p1b: Gliscor\n|\n|-weather|Sandstorm|[upkeep]\n|-damage|p1a: Palafin|32\/100|[from] Sandstorm\n|-damage|p2b: Tyranitar|39\/100|[from] Sandstorm\n|upkeep\n|\n|t:|1700739381\n|switch|p1b: Kingambit|Kingambit, M|100\/100\n|-activate|p1b: Kingambit|ability: Supreme Overlord\n|-start|p1b: Kingambit|fallen2|[silent]\n|turn|4\n|\n|t:|1700739390\n|switch|p2b: Farigiraf|Farigiraf, F, shiny|100\/100\n|-damage|p2b: Farigiraf|88\/100|[from] Stealth Rock\n|move|p1a: Palafin|Jet Punch||[still]\n|cant|p2b: Farigiraf|ability: Armor Tail|Jet Punch|[of] p1a: Palafin\n|move|p2a: Lycanroc|Close Combat|p1b: Kingambit\n|-supereffective|p1b: Kingambit\n|-crit|p1b: Kingambit\n|-damage|p1b: Kingambit|0 fnt\n|-unboost|p2a: Lycanroc|def|1\n|-unboost|p2a: Lycanroc|spd|1\n|faint|p1b: Kingambit\n|-end|p1b: Kingambit|fallen2|[silent]\n|\n|-weather|Sandstorm|[upkeep]\n|-damage|p1a: Palafin|26\/100|[from] Sandstorm\n|upkeep\n|\n|t:|1700739398\n|switch|p1b: Heatran|Heatran, F|100\/100\n|turn|5\n|\n|t:|1700739408\n|move|p1b: Heatran|Protect|p1b: Heatran\n|-singleturn|p1b: Heatran|Protect\n|move|p2a: Lycanroc|Close Combat|p1b: Heatran\n|-activate|p1b: Heatran|move: Protect\n|move|p1a: Palafin|Drain Punch|p2b: Farigiraf\n|-damage|p2b: Farigiraf|53\/100\n|-heal|p1a: Palafin|48\/100|[from] drain|[of] p2b: Farigiraf\n|move|p2b: Farigiraf|Psychic|p1a: Palafin\n|-damage|p1a: Palafin|0 fnt\n|faint|p1a: Palafin\n|\n|-weather|none\n|upkeep\n|\n|t:|1700739416\n|switch|p1a: Gholdengo|Gholdengo|100\/100\n|turn|6\n|-message|diggy1906 forfeited.\n|\n|win|bobbbybigballzz\n|raw|diggy1906's rating: 1181 &rarr; <strong>1159<\/strong><br \/>(-22 for losing)\n|raw|bobbbybigballzz's rating: 1226 &rarr; <strong>1248<\/strong><br \/>(+22 for winning)\n|l|\u2606diggy1906\n","uploadtime":1700739448,"views":11,"p1id":"diggy1906","p2id":"bobbbybigballzz","formatid":"gen9doublesou","rating":1159,"private":0,"password":""}