{"id":"gen9doublesou-1998301829","p1":"cotesmcgotes","p2":"MasterKeef90","format":"[Gen 9] Doubles OU","log":"|j|\u2606cotesmcgotes\n|j|\u203dMasterKeef90\n|t:|1700926820\n|gametype|doubles\n|player|p1|cotesmcgotes|flannery|1319\n|player|p2|MasterKeef90|proton|1202\n|teamsize|p1|6\n|teamsize|p2|6\n|gen|9\n|tier|[Gen 9] Doubles OU\n|rated|\n|rule|Species Clause: Limit one of each Pok\u00e9mon\n|rule|OHKO Clause: OHKO moves are banned\n|rule|Evasion Moves Clause: Evasion moves are banned\n|rule|Gravity Sleep Clause: The combination of sleep-inducing moves with imperfect accuracy and Gravity or Gigantamax Orbeetle are banned\n|rule|Endless Battle Clause: Forcing endless battles is banned\n|rule|HP Percentage Mod: HP is shown in percentages\n|clearpoke\n|poke|p1|Cresselia, F|\n|poke|p1|Tornadus, M|\n|poke|p1|Overqwil, F|\n|poke|p1|Walking Wake|\n|poke|p1|Ogerpon-Hearthflame, F|\n|poke|p1|Gallade, M|\n|poke|p2|Gurdurr, F|\n|poke|p2|Overqwil, M|\n|poke|p2|Yanmega, F|\n|poke|p2|Gastrodon-East, F|\n|poke|p2|Barraskewda, F|\n|poke|p2|Arcanine-Hisui, M|\n|teampreview\n|\n|t:|1700926829\n|start\n|switch|p1a: Tornadus|Tornadus, M, shiny|100\/100\n|switch|p1b: Ogerpon|Ogerpon-Hearthflame, F|100\/100\n|switch|p2a: Arcanine|Arcanine-Hisui, M, shiny|100\/100\n|switch|p2b: Yanmega|Yanmega, F, shiny|100\/100\n|-ability|p1b: Ogerpon|Mold Breaker\n|turn|1\n|inactive|Battle timer is ON: inactive players will automatically lose when time's up. (requested by cotesmcgotes)\n|\n|t:|1700926840\n|move|p1b: Ogerpon|Spiky Shield|p1b: Ogerpon\n|-singleturn|p1b: Ogerpon|move: Protect\n|move|p2b: Yanmega|Protect|p2b: Yanmega\n|-singleturn|p2b: Yanmega|Protect\n|move|p1a: Tornadus|Tailwind|p1a: Tornadus\n|-sidestart|p1: cotesmcgotes|move: Tailwind\n|move|p2a: Arcanine|Rock Slide|p1b: Ogerpon|[spread] p1a\n|-activate|p1b: Ogerpon|move: Protect\n|-supereffective|p1a: Tornadus\n|-damage|p1a: Tornadus|4\/100\n|\n|-ability|p2b: Yanmega|Speed Boost|boost\n|-boost|p2b: Yanmega|spe|1\n|upkeep\n|turn|2\n|\n|t:|1700926863\n|move|p1a: Tornadus|Rain Dance|p1a: Tornadus\n|-weather|RainDance\n|move|p1b: Ogerpon|Stomping Tantrum|p2a: Arcanine\n|-supereffective|p2a: Arcanine\n|-damage|p2a: Arcanine|0 fnt\n|faint|p2a: Arcanine\n|move|p2b: Yanmega|Bug Buzz|p1b: Ogerpon\n|-damage|p1b: Ogerpon|34\/100\n|-damage|p2b: Yanmega|91\/100|[from] item: Life Orb\n|\n|-weather|RainDance|[upkeep]\n|-ability|p2b: Yanmega|Speed Boost|boost\n|-boost|p2b: Yanmega|spe|1\n|upkeep\n|\n|t:|1700926871\n|switch|p2a: Overqwil|Overqwil, M|100\/100\n|-ability|p2a: Overqwil|Intimidate|boost\n|-unboost|p1a: Tornadus|atk|1\n|-unboost|p1b: Ogerpon|atk|1\n|turn|3\n|\n|t:|1700926879\n|move|p1b: Ogerpon|Spiky Shield|p1b: Ogerpon\n|-singleturn|p1b: Ogerpon|move: Protect\n|move|p2b: Yanmega|Protect|p2b: Yanmega\n|-singleturn|p2b: Yanmega|Protect\n|move|p2a: Overqwil|Aqua Jet|p1a: Tornadus\n|-damage|p1a: Tornadus|0 fnt\n|faint|p1a: Tornadus\n|\n|-weather|RainDance|[upkeep]\n|-ability|p2b: Yanmega|Speed Boost|boost\n|-boost|p2b: Yanmega|spe|1\n|upkeep\n|\n|t:|1700926900\n|switch|p1a: Cresselia|Cresselia, F, shiny|100\/100\n|turn|4\n|\n|t:|1700926907\n|-terastallize|p1a: Cresselia|Electric\n|move|p2a: Overqwil|Aqua Jet|p1b: Ogerpon\n|-damage|p1b: Ogerpon|8\/100\n|move|p1b: Ogerpon|Ivy Cudgel|p2b: Yanmega|[anim] Ivy Cudgel Fire\n|-supereffective|p2b: Yanmega\n|-damage|p2b: Yanmega|46\/100\n|move|p2b: Yanmega|Bug Buzz|p1a: Cresselia\n|-damage|p1a: Cresselia|57\/100\n|-unboost|p1a: Cresselia|spd|1\n|-damage|p2b: Yanmega|36\/100|[from] item: Life Orb\n|move|p1a: Cresselia|Calm Mind|p1a: Cresselia\n|-boost|p1a: Cresselia|spa|1\n|-boost|p1a: Cresselia|spd|1\n|\n|-weather|RainDance|[upkeep]\n|-heal|p1a: Cresselia|63\/100|[from] item: Leftovers\n|-sideend|p1: cotesmcgotes|move: Tailwind\n|-ability|p2b: Yanmega|Speed Boost|boost\n|-boost|p2b: Yanmega|spe|1\n|upkeep\n|turn|5\n|\n|t:|1700926927\n|move|p2b: Yanmega|Bug Buzz|p1a: Cresselia\n|-damage|p1a: Cresselia|24\/100\n|-damage|p2b: Yanmega|26\/100|[from] item: Life Orb\n|move|p1b: Ogerpon|Ivy Cudgel|p2b: Yanmega|[anim] Ivy Cudgel Fire\n|-supereffective|p2b: Yanmega\n|-damage|p2b: Yanmega|0 fnt\n|faint|p2b: Yanmega\n|move|p1a: Cresselia|Moonblast|p2a: Overqwil\n|-damage|p2a: Overqwil|50\/100\n|-unboost|p2a: Overqwil|spa|1\n|move|p2a: Overqwil|Barb Barrage|p1a: Cresselia\n|-damage|p1a: Cresselia|0 fnt\n|faint|p1a: Cresselia\n|\n|-weather|RainDance|[upkeep]\n|upkeep\n|\n|t:|1700926942\n|switch|p2b: Barraskewda|Barraskewda, F, shiny|100\/100\n|switch|p1a: Overqwil|Overqwil, F|100\/100\n|turn|6\n|\n|t:|1700926958\n|move|p1a: Overqwil|Swords Dance|p1a: Overqwil\n|-boost|p1a: Overqwil|atk|2\n|move|p2b: Barraskewda|Flip Turn|p1a: Overqwil\n|-damage|p1a: Overqwil|17\/100\n|\n|t:|1700926965\n|switch|p2b: Gurdurr|Gurdurr, F, shiny|100\/100|[from] Flip Turn\n|move|p1b: Ogerpon|Horn Leech|p2b: Gurdurr\n|-damage|p2b: Gurdurr|79\/100\n|-heal|p1b: Ogerpon|19\/100|[from] drain|[of] p2b: Gurdurr\n|move|p2a: Overqwil|Icy Wind|p1a: Overqwil|[spread] p1a,p1b\n|-damage|p1a: Overqwil|11\/100\n|-damage|p1b: Ogerpon|14\/100\n|-unboost|p1a: Overqwil|spe|1\n|-unboost|p1b: Ogerpon|spe|1\n|\n|-weather|RainDance|[upkeep]\n|-heal|p1a: Overqwil|17\/100|[from] item: Black Sludge\n|upkeep\n|turn|7\n|\n|t:|1700926987\n|switch|p1b: Gallade|Gallade, M, shiny|100\/100\n|move|p2a: Overqwil|Aqua Jet|p1b: Gallade\n|-damage|p1b: Gallade|60\/100\n|move|p1a: Overqwil|Barb Barrage|p2b: Gurdurr\n|-damage|p2b: Gurdurr|31\/100\n|move|p2b: Gurdurr|Bulk Up|p2b: Gurdurr\n|-boost|p2b: Gurdurr|atk|1\n|-boost|p2b: Gurdurr|def|1\n|\n|-weather|RainDance|[upkeep]\n|-heal|p1a: Overqwil|23\/100|[from] item: Black Sludge\n|upkeep\n|turn|8\n|inactive|cotesmcgotes has 120 seconds left.\n|\n|t:|1700927043\n|move|p1a: Overqwil|Barb Barrage|p2b: Gurdurr\n|-damage|p2b: Gurdurr|1\/100\n|-status|p2b: Gurdurr|psn\n|move|p1b: Gallade|Sacred Sword|p2a: Overqwil\n|-damage|p2a: Overqwil|0 fnt\n|faint|p2a: Overqwil\n|move|p2b: Gurdurr|Drain Punch|p1b: Gallade\n|-resisted|p1b: Gallade\n|-damage|p1b: Gallade|10\/100\n|-heal|p2b: Gurdurr|24\/100 psn|[from] drain|[of] p1b: Gallade\n|\n|-weather|RainDance|[upkeep]\n|-heal|p1a: Overqwil|29\/100|[from] item: Black Sludge\n|-damage|p2b: Gurdurr|11\/100 psn|[from] psn\n|upkeep\n|\n|t:|1700927047\n|switch|p2a: Barraskewda|Barraskewda, F, shiny|100\/100\n|turn|9\n|inactive|cotesmcgotes has 120 seconds left.\n|\n|t:|1700927063\n|move|p2a: Barraskewda|Flip Turn|p1b: Gallade\n|-damage|p1b: Gallade|0 fnt\n|faint|p1b: Gallade\n|\n|t:|1700927067\n|switch|p2a: Gastrodon|Gastrodon-East, F, shiny|100\/100|[from] Flip Turn\n|move|p1a: Overqwil|Barb Barrage|p2b: Gurdurr\n|-damage|p2b: Gurdurr|0 fnt\n|faint|p2b: Gurdurr\n|\n|-weather|none\n|-heal|p1a: Overqwil|35\/100|[from] item: Black Sludge\n|upkeep\n|\n|t:|1700927078\n|switch|p1b: Ogerpon|Ogerpon-Hearthflame, F|14\/100\n|switch|p2b: Barraskewda|Barraskewda, F, shiny|100\/100\n|-ability|p1b: Ogerpon|Mold Breaker\n|turn|10\n|\n|t:|1700927090\n|-terastallize|p2a: Gastrodon|Ice\n|move|p1b: Ogerpon|Spiky Shield|p1b: Ogerpon\n|-singleturn|p1b: Ogerpon|move: Protect\n|move|p2b: Barraskewda|Flip Turn|p1b: Ogerpon\n|-activate|p1b: Ogerpon|move: Protect\n|-damage|p2b: Barraskewda|88\/100|[from] Spiky Shield|[of] p1b: Ogerpon\n|move|p1a: Overqwil|Crunch|p2b: Barraskewda\n|-damage|p2b: Barraskewda|0 fnt\n|faint|p2b: Barraskewda\n|move|p2a: Gastrodon|Blizzard|p1b: Ogerpon|[spread] \n|-activate|p1b: Ogerpon|move: Protect\n|-miss|p2a: Gastrodon|p1a: Overqwil\n|\n|-heal|p1a: Overqwil|41\/100|[from] item: Black Sludge\n|upkeep\n|turn|11\n|-message|MasterKeef90 forfeited.\n|\n|win|cotesmcgotes\n|raw|cotesmcgotes's rating: 1319 &rarr; <strong>1333<\/strong><br \/>(+14 for winning)\n|raw|MasterKeef90's rating: 1202 &rarr; <strong>1185<\/strong><br \/>(-17 for losing)\n","uploadtime":1700927111,"views":4,"p1id":"cotesmcgotes","p2id":"masterkeef90","formatid":"gen9doublesou","rating":1185,"private":0,"password":""}