{"id":"gen9doublesou-1994501088","p1":"bahamount","p2":"PikaKirb2000","format":"[Gen 9] Doubles OU","log":"|j|\u2606bahamount\n|j|\u2606PikaKirb2000\n|t:|1700451355\n|gametype|doubles\n|player|p1|bahamount|169|1000\n|player|p2|PikaKirb2000|169|1053\n|teamsize|p1|6\n|teamsize|p2|6\n|gen|9\n|tier|[Gen 9] Doubles OU\n|rated|\n|rule|Species Clause: Limit one of each Pok\u00e9mon\n|rule|OHKO Clause: OHKO moves are banned\n|rule|Evasion Moves Clause: Evasion moves are banned\n|rule|Gravity Sleep Clause: The combination of sleep-inducing moves with imperfect accuracy and Gravity or Gigantamax Orbeetle are banned\n|rule|Endless Battle Clause: Forcing endless battles is banned\n|rule|HP Percentage Mod: HP is shown in percentages\n|clearpoke\n|poke|p1|Torkoal, M|\n|poke|p1|Lilligant, F|\n|poke|p1|Bronzong|\n|poke|p1|Heracross, M|\n|poke|p1|Blissey, F|\n|poke|p1|Weavile, F|\n|poke|p2|Infernape, F|\n|poke|p2|Snorlax, M|\n|poke|p2|Sinistcha-Masterpiece|\n|poke|p2|Landorus-Therian, M|\n|poke|p2|Iron Hands|\n|poke|p2|Clefairy, M|\n|teampreview\n|\n|t:|1700451375\n|start\n|switch|p1a: Torkoal|Torkoal, M|100\/100\n|switch|p1b: Lilligant|Lilligant, F|100\/100\n|switch|p2a: Infernape|Infernape, F|100\/100\n|switch|p2b: Snorlax|Snorlax, M|100\/100\n|-weather|SunnyDay|[from] ability: Drought|[of] p1a: Torkoal\n|turn|1\n|inactive|Battle timer is ON: inactive players will automatically lose when time's up. (requested by PikaKirb2000)\n|\n|t:|1700451399\n|move|p1b: Lilligant|Sleep Powder|p2a: Infernape\n|-status|p2a: Infernape|slp|[from] move: Sleep Powder\n|cant|p2a: Infernape|slp\n|move|p2b: Snorlax|Belly Drum|p2b: Snorlax\n|-damage|p2b: Snorlax|50\/100\n|-setboost|p2b: Snorlax|atk|6|[from] move: Belly Drum\n|-enditem|p2b: Snorlax|Sitrus Berry|[eat]\n|-heal|p2b: Snorlax|75\/100|[from] item: Sitrus Berry\n|move|p1a: Torkoal|Earthquake|p2a: Infernape|[spread] p1b,p2a,p2b\n|-resisted|p1b: Lilligant\n|-supereffective|p2a: Infernape\n|-damage|p1b: Lilligant|89\/100\n|-damage|p2a: Infernape|49\/100 slp\n|-damage|p2b: Snorlax|60\/100\n|\n|-weather|SunnyDay|[upkeep]\n|upkeep\n|turn|2\n|inactive|bahamount has 120 seconds left.\n|\n|t:|1700451435\n|switch|p1b: Heracross|Heracross, M|100\/100\n|switch|p2a: Sinistcha|Sinistcha-Masterpiece|100\/100\n|-heal|p2b: Snorlax|85\/100|[from] ability: Hospitality|[of] p2a: Sinistcha\n|move|p2b: Snorlax|High Horsepower|p1a: Torkoal\n|-supereffective|p1a: Torkoal\n|-damage|p1a: Torkoal|0 fnt\n|faint|p1a: Torkoal\n|\n|-weather|SunnyDay|[upkeep]\n|upkeep\n|\n|t:|1700451450\n|switch|p1a: Lilligant|Lilligant, F|89\/100\n|turn|3\n|inactive|bahamount has 120 seconds left.\n|\n|t:|1700451467\n|move|p2a: Sinistcha|Rage Powder|p2a: Sinistcha\n|-singleturn|p2a: Sinistcha|move: Rage Powder\n|move|p1a: Lilligant|Solar Beam||[still]\n|-prepare|p1a: Lilligant|Solar Beam\n|-anim|p1a: Lilligant|Solar Beam|p2b: Snorlax\n|-damage|p2b: Snorlax|32\/100\n|move|p1b: Heracross|Swords Dance|p1b: Heracross\n|-boost|p1b: Heracross|atk|2\n|move|p2b: Snorlax|Facade|p1a: Lilligant\n|-damage|p1a: Lilligant|0 fnt\n|faint|p1a: Lilligant\n|\n|-weather|SunnyDay|[upkeep]\n|upkeep\n|inactive|bahamount has 120 seconds left.\n|\n|t:|1700451486\n|switch|p1a: Bronzong|Bronzong|100\/100\n|turn|4\n|inactive|bahamount has 120 seconds left.\n|\n|t:|1700451505\n|switch|p1b: Weavile|Weavile, F|100\/100\n|-ability|p1b: Weavile|Pressure\n|move|p2a: Sinistcha|Rage Powder|p2a: Sinistcha\n|-singleturn|p2a: Sinistcha|move: Rage Powder\n|move|p2b: Snorlax|Facade|p1a: Bronzong\n|-resisted|p1a: Bronzong\n|-damage|p1a: Bronzong|34\/100\n|move|p1a: Bronzong|Light Screen|p1a: Bronzong\n|-sidestart|p1: bahamount|move: Light Screen\n|\n|-weather|SunnyDay|[upkeep]\n|upkeep\n|turn|5\n|\n|t:|1700451528\n|move|p2a: Sinistcha|Rage Powder|p2a: Sinistcha\n|-singleturn|p2a: Sinistcha|move: Rage Powder\n|move|p1b: Weavile|Lash Out|p2a: Sinistcha\n|-supereffective|p2a: Sinistcha\n|-damage|p2a: Sinistcha|0 fnt\n|faint|p2a: Sinistcha\n|move|p2b: Snorlax|Facade|p1b: Weavile\n|-damage|p1b: Weavile|0 fnt\n|faint|p1b: Weavile\n|move|p1a: Bronzong|Reflect|p1a: Bronzong\n|-sidestart|p1: bahamount|Reflect\n|\n|-weather|none\n|upkeep\n|\n|t:|1700451546\n|switch|p1b: Heracross|Heracross, M|100\/100\n|switch|p2a: Clefairy|Clefairy, M|100\/100\n|turn|6\n|\n|t:|1700451568\n|move|p1b: Heracross|Brick Break|p2b: Snorlax\n|-supereffective|p2b: Snorlax\n|-damage|p2b: Snorlax|0 fnt\n|faint|p2b: Snorlax\n|-ability|p1b: Heracross|Moxie|boost\n|-boost|p1b: Heracross|atk|1\n|move|p2a: Clefairy|Heal Pulse|p2: Snorlax|[notarget]\n|-fail|p2a: Clefairy\n|move|p1a: Bronzong|Future Sight|p2a: Clefairy\n|-start|p1a: Bronzong|move: Future Sight\n|\n|upkeep\n|\n|t:|1700451576\n|switch|p2b: Iron Hands|Iron Hands|100\/100\n|-enditem|p2b: Iron Hands|Booster Energy\n|-activate|p2b: Iron Hands|ability: Quark Drive|[fromitem]\n|-start|p2b: Iron Hands|quarkdriveatk\n|turn|7\n|l|\u2606bahamount\n|inactive|bahamount disconnected and has a minute to reconnect!\n|player|p1|\n|-message|PikaKirb2000 forfeited.\n|\n|win|bahamount\n|raw|bahamount's rating: 1000 &rarr; <strong>1046<\/strong><br \/>(+46 for winning)\n|raw|PikaKirb2000's rating: 1053 &rarr; <strong>1032<\/strong><br \/>(-21 for losing)\n|l|\u2606PikaKirb2000\n","uploadtime":1700451660,"views":5,"p1id":"bahamount","p2id":"pikakirb2000","formatid":"gen9doublesou","rating":1032,"private":0,"password":""}