{"id":"gen9doublesou-1990416841","p1":"FoolGroucho","p2":"kitsu-aria","format":"[Gen 9] Doubles OU","log":"|j|\u2606FoolGroucho\n|j|\u2606kitsu-aria\n|t:|1699968801\n|gametype|doubles\n|player|p1|FoolGroucho|janitor|1562\n|player|p2|kitsu-aria|roxie|1681\n|teamsize|p1|6\n|teamsize|p2|6\n|gen|9\n|tier|[Gen 9] Doubles OU\n|rated|\n|rule|Species Clause: Limit one of each Pok\u00e9mon\n|rule|OHKO Clause: OHKO moves are banned\n|rule|Evasion Moves Clause: Evasion moves are banned\n|rule|Gravity Sleep Clause: The combination of sleep-inducing moves with imperfect accuracy and Gravity or Gigantamax Orbeetle are banned\n|rule|Endless Battle Clause: Forcing endless battles is banned\n|rule|HP Percentage Mod: HP is shown in percentages\n|clearpoke\n|poke|p1|Sableye, F|\n|poke|p1|Rillaboom, F|\n|poke|p1|Torkoal, F|\n|poke|p1|Ceruledge, M|\n|poke|p1|Lilligant-Hisui, F|\n|poke|p1|Scizor, M|\n|poke|p2|Dondozo, M|\n|poke|p2|Cresselia, F|\n|poke|p2|Ursaluna-Bloodmoon, M|\n|poke|p2|Iron Hands|\n|poke|p2|Kingambit, M|\n|poke|p2|Sinistcha|\n|teampreview\n|inactive|Battle timer is ON: inactive players will automatically lose when time's up. (requested by FoolGroucho)\n|inactive|FoolGroucho has 120 seconds left.\n|\n|t:|1699968838\n|start\n|switch|p1a: Lilligant|Lilligant-Hisui, F|100\/100\n|switch|p1b: Torkoal|Torkoal, F|100\/100\n|switch|p2a: Cresselia|Cresselia, F|100\/100\n|switch|p2b: Kingambit|Kingambit, M|100\/100\n|-weather|SunnyDay|[from] ability: Drought|[of] p1b: Torkoal\n|turn|1\n|\n|t:|1699968856\n|-terastallize|p1b: Torkoal|Fire\n|move|p2b: Kingambit|Protect|p2b: Kingambit\n|-singleturn|p2b: Kingambit|Protect\n|move|p1a: Lilligant|After You|p1b: Torkoal\n|-activate|p1b: Torkoal|move: After You\n|move|p1b: Torkoal|Eruption|p2b: Kingambit|[spread] p2a\n|-activate|p2b: Kingambit|move: Protect\n|-damage|p2a: Cresselia|41\/100\n|move|p2a: Cresselia|Psychic|p1b: Torkoal\n|-damage|p1b: Torkoal|71\/100\n|\n|-weather|SunnyDay|[upkeep]\n|upkeep\n|turn|2\n|\n|t:|1699968876\n|-terastallize|p2b: Kingambit|Dark\n|move|p2b: Kingambit|Sucker Punch|p1b: Torkoal\n|-damage|p1b: Torkoal|18\/100\n|move|p1a: Lilligant|After You|p1b: Torkoal\n|-activate|p1b: Torkoal|move: After You\n|move|p1b: Torkoal|Eruption|p2a: Cresselia|[spread] p2a,p2b\n|-damage|p2a: Cresselia|32\/100\n|-damage|p2b: Kingambit|81\/100\n|move|p2a: Cresselia|Lunar Blessing|p2a: Cresselia|[spread] p2a,p2b\n|-heal|p2a: Cresselia|57\/100\n|-heal|p2b: Kingambit|100\/100\n|\n|-weather|SunnyDay|[upkeep]\n|upkeep\n|turn|3\n|\n|t:|1699968895\n|move|p2b: Kingambit|Protect|p2b: Kingambit\n|-singleturn|p2b: Kingambit|Protect\n|move|p1b: Torkoal|Protect|p1b: Torkoal\n|-singleturn|p1b: Torkoal|Protect\n|move|p1a: Lilligant|Sleep Powder|p2a: Cresselia\n|-status|p2a: Cresselia|slp|[from] move: Sleep Powder\n|cant|p2a: Cresselia|slp\n|\n|-weather|SunnyDay|[upkeep]\n|upkeep\n|turn|4\n|\n|t:|1699968909\n|switch|p2a: Sinistcha|Sinistcha|100\/100\n|switch|p1b: Scizor|Scizor, M|100\/100\n|move|p1a: Lilligant|Close Combat|p2b: Kingambit\n|-supereffective|p2b: Kingambit\n|-damage|p2b: Kingambit|25\/100\n|-unboost|p1a: Lilligant|def|1\n|-unboost|p1a: Lilligant|spd|1\n|move|p2b: Kingambit|Kowtow Cleave|p1b: Scizor\n|-damage|p1b: Scizor|22\/100\n|\n|-weather|SunnyDay|[upkeep]\n|upkeep\n|turn|5\n|\n|t:|1699968933\n|switch|p2b: Iron Hands|Iron Hands|100\/100\n|move|p1b: Scizor|Protect|p1b: Scizor\n|-singleturn|p1b: Scizor|Protect\n|move|p1a: Lilligant|Close Combat|p2b: Iron Hands\n|-damage|p2b: Iron Hands|68\/100\n|-unboost|p1a: Lilligant|def|1\n|-unboost|p1a: Lilligant|spd|1\n|move|p2a: Sinistcha|Trick Room|p2a: Sinistcha\n|-fieldstart|move: Trick Room|[of] p2a: Sinistcha\n|\n|-weather|none\n|upkeep\n|turn|6\n|\n|t:|1699968947\n|switch|p1b: Sableye|Sableye, F|100\/100\n|switch|p1a: Ceruledge|Ceruledge, M|100\/100\n|move|p2b: Iron Hands|Drain Punch|p1a: Ceruledge\n|-immune|p1a: Ceruledge\n|move|p2a: Sinistcha|Matcha Gotcha|p1a: Ceruledge|[spread] p1a,p1b\n|-resisted|p1a: Ceruledge\n|-damage|p1a: Ceruledge|89\/100\n|-damage|p1b: Sableye|74\/100\n|\n|upkeep\n|turn|7\n|\n|t:|1699968962\n|switch|p2a: Cresselia|Cresselia, F|57\/100 slp\n|move|p1b: Sableye|Encore|p2b: Iron Hands\n|-start|p2b: Iron Hands|Encore\n|move|p2b: Iron Hands|Drain Punch|p1a: Ceruledge\n|-immune|p1a: Ceruledge\n|move|p1a: Ceruledge|Bitter Blade|p2a: Cresselia\n|-crit|p2a: Cresselia\n|-damage|p2a: Cresselia|7\/100 slp\n|-heal|p1a: Ceruledge|100\/100|[from] drain|[of] p2a: Cresselia\n|\n|upkeep\n|turn|8\n|\n|t:|1699968978\n|-end|p2b: Iron Hands|Quark Drive|[silent]\n|switch|p2b: Ursaluna|Ursaluna-Bloodmoon, M|100\/100\n|move|p1b: Sableye|Light Screen|p1b: Sableye\n|-sidestart|p1: FoolGroucho|move: Light Screen\n|move|p1a: Ceruledge|Shadow Sneak|p2a: Cresselia\n|-supereffective|p2a: Cresselia\n|-damage|p2a: Cresselia|0 fnt\n|faint|p2a: Cresselia\n|\n|upkeep\n|\n|t:|1699968985\n|switch|p2a: Kingambit|Kingambit, M, tera:Dark|25\/100\n|turn|9\n|\n|t:|1699969005\n|move|p2a: Kingambit|Protect|p2a: Kingambit\n|-singleturn|p2a: Kingambit|Protect\n|move|p1a: Ceruledge|Protect|p1a: Ceruledge\n|-singleturn|p1a: Ceruledge|Protect\n|move|p1b: Sableye|Reflect|p1b: Sableye\n|-sidestart|p1: FoolGroucho|Reflect\n|move|p2b: Ursaluna|Earth Power|p1a: Ceruledge\n|-activate|p1a: Ceruledge|move: Protect\n|\n|-fieldend|move: Trick Room\n|upkeep\n|turn|10\n|\n|t:|1699969017\n|switch|p2a: Iron Hands|Iron Hands|68\/100\n|move|p2b: Ursaluna|Protect|p2b: Ursaluna\n|-singleturn|p2b: Ursaluna|Protect\n|move|p1b: Sableye|Disable|p2b: Ursaluna\n|-activate|p2b: Ursaluna|move: Protect\n|move|p1a: Ceruledge|Bitter Blade|p2a: Iron Hands\n|-crit|p2a: Iron Hands\n|-damage|p2a: Iron Hands|19\/100\n|\n|upkeep\n|turn|11\n|\n|t:|1699969029\n|switch|p2b: Sinistcha|Sinistcha|100\/100\n|-heal|p2a: Iron Hands|44\/100|[from] ability: Hospitality|[of] p2b: Sinistcha\n|move|p1b: Sableye|Encore||[still]\n|-fail|p1b: Sableye\n|move|p1a: Ceruledge|Bitter Blade|p2a: Iron Hands\n|-damage|p2a: Iron Hands|15\/100\n|move|p2a: Iron Hands|Wild Charge|p1a: Ceruledge\n|-damage|p1a: Ceruledge|61\/100\n|-damage|p2a: Iron Hands|9\/100|[from] Recoil\n|\n|upkeep\n|turn|12\n|\n|t:|1699969047\n|move|p1b: Sableye|Disable|p2a: Iron Hands\n|-start|p2a: Iron Hands|Disable|Wild Charge\n|move|p1a: Ceruledge|Bitter Blade|p2b: Sinistcha\n|-supereffective|p2b: Sinistcha\n|-damage|p2b: Sinistcha|31\/100\n|-heal|p1a: Ceruledge|99\/100|[from] drain|[of] p2b: Sinistcha\n|-enditem|p2b: Sinistcha|Sitrus Berry|[eat]\n|-heal|p2b: Sinistcha|55\/100|[from] item: Sitrus Berry\n|move|p2b: Sinistcha|Strength Sap|p1a: Ceruledge\n|-fail|p1a: Ceruledge|unboost|[from] item: Clear Amulet|[of] p1a: Ceruledge\n|-heal|p2b: Sinistcha|100\/100\n|cant|p2a: Iron Hands|Disable|Wild Charge\n|\n|upkeep\n|turn|13\n|\n|t:|1699969067\n|switch|p2b: Ursaluna|Ursaluna-Bloodmoon, M|100\/100\n|-end|p2a: Iron Hands|Quark Drive|[silent]\n|switch|p2a: Dondozo|Dondozo, M|100\/100\n|move|p1b: Sableye|Encore||[still]\n|-fail|p1b: Sableye\n|move|p1a: Ceruledge|Swords Dance|p1a: Ceruledge\n|-boost|p1a: Ceruledge|atk|2\n|\n|upkeep\n|turn|14\n|\n|t:|1699969080\n|switch|p1b: Rillaboom|Rillaboom, F|100\/100\n|-fieldstart|move: Grassy Terrain|[from] ability: Grassy Surge|[of] p1b: Rillaboom\n|switch|p2b: Iron Hands|Iron Hands|9\/100\n|move|p1a: Ceruledge|Bitter Blade|p2b: Iron Hands\n|-damage|p2b: Iron Hands|0 fnt\n|-heal|p1a: Ceruledge|100\/100|[from] drain|[of] p2b: Iron Hands\n|faint|p2b: Iron Hands\n|-end|p2b: Iron Hands|Quark Drive|[silent]\n|move|p2a: Dondozo|Curse|p2a: Dondozo\n|-unboost|p2a: Dondozo|spe|1\n|-boost|p2a: Dondozo|atk|1\n|-boost|p2a: Dondozo|def|1\n|\n|upkeep\n|\n|t:|1699969091\n|switch|p2b: Ursaluna|Ursaluna-Bloodmoon, M|100\/100\n|turn|15\n|\n|t:|1699969097\n|move|p1b: Rillaboom|Fake Out|p2a: Dondozo\n|-damage|p2a: Dondozo|97\/100\n|move|p1a: Ceruledge|Bitter Blade|p2b: Ursaluna\n|-damage|p2b: Ursaluna|33\/100\n|move|p2b: Ursaluna|Blood Moon|p1b: Rillaboom\n|-damage|p1b: Rillaboom|45\/100\n|cant|p2a: Dondozo|flinch\n|\n|-heal|p1b: Rillaboom|51\/100|[from] Grassy Terrain\n|-heal|p2b: Ursaluna|39\/100|[from] Grassy Terrain\n|-heal|p2a: Dondozo|100\/100|[from] Grassy Terrain\n|-sideend|p1: FoolGroucho|move: Light Screen\n|upkeep\n|turn|16\n|\n|t:|1699969112\n|move|p1b: Rillaboom|Wood Hammer|p2a: Dondozo\n|-supereffective|p2a: Dondozo\n|-damage|p2a: Dondozo|56\/100\n|-damage|p1b: Rillaboom|30\/100|[from] Recoil\n|move|p1a: Ceruledge|Bitter Blade|p2b: Ursaluna\n|-damage|p2b: Ursaluna|0 fnt\n|faint|p2b: Ursaluna\n|move|p2a: Dondozo|Curse|p2a: Dondozo\n|-unboost|p2a: Dondozo|spe|1\n|-boost|p2a: Dondozo|atk|1\n|-boost|p2a: Dondozo|def|1\n|\n|-heal|p1b: Rillaboom|36\/100|[from] Grassy Terrain\n|-heal|p2a: Dondozo|63\/100|[from] Grassy Terrain\n|-heal|p2a: Dondozo|69\/100|[from] item: Leftovers\n|-sideend|p1: FoolGroucho|Reflect\n|upkeep\n|\n|t:|1699969118\n|switch|p2b: Sinistcha|Sinistcha|100\/100\n|-heal|p2a: Dondozo|94\/100|[from] ability: Hospitality|[of] p2b: Sinistcha\n|turn|17\n|\n|t:|1699969134\n|move|p2b: Sinistcha|Protect|p2b: Sinistcha\n|-singleturn|p2b: Sinistcha|Protect\n|move|p1b: Rillaboom|Wood Hammer|p2a: Dondozo\n|-supereffective|p2a: Dondozo\n|-damage|p2a: Dondozo|59\/100\n|-damage|p1b: Rillaboom|19\/100|[from] Recoil\n|move|p1a: Ceruledge|Bitter Blade|p2b: Sinistcha\n|-activate|p2b: Sinistcha|move: Protect\n|move|p2a: Dondozo|Liquidation|p1a: Ceruledge\n|-supereffective|p1a: Ceruledge\n|-damage|p1a: Ceruledge|0 fnt\n|faint|p1a: Ceruledge\n|\n|-heal|p1b: Rillaboom|25\/100|[from] Grassy Terrain\n|-heal|p2a: Dondozo|65\/100|[from] Grassy Terrain\n|-heal|p2a: Dondozo|72\/100|[from] item: Leftovers\n|upkeep\n|\n|t:|1699969144\n|switch|p1a: Sableye|Sableye, F|74\/100\n|turn|18\n|\n|t:|1699969159\n|switch|p1b: Lilligant|Lilligant-Hisui, F|100\/100\n|move|p1a: Sableye|Disable|p2a: Dondozo\n|-start|p2a: Dondozo|Disable|Liquidation\n|move|p2b: Sinistcha|Matcha Gotcha|p1b: Lilligant|[spread] p1a,p1b\n|-resisted|p1b: Lilligant\n|-damage|p1a: Sableye|36\/100\n|-damage|p1b: Lilligant|75\/100\n|move|p2a: Dondozo|Body Press|p1b: Lilligant\n|-damage|p1b: Lilligant|0 fnt\n|faint|p1b: Lilligant\n|\n|-heal|p1a: Sableye|42\/100|[from] Grassy Terrain\n|-heal|p2a: Dondozo|78\/100|[from] Grassy Terrain\n|-heal|p2a: Dondozo|84\/100|[from] item: Leftovers\n|-fieldend|move: Grassy Terrain\n|upkeep\n|\n|t:|1699969176\n|switch|p1b: Rillaboom|Rillaboom, F|25\/100\n|-fieldstart|move: Grassy Terrain|[from] ability: Grassy Surge|[of] p1b: Rillaboom\n|turn|19\n|\n|t:|1699969182\n|move|p1b: Rillaboom|Fake Out|p2a: Dondozo\n|-damage|p2a: Dondozo|80\/100\n|move|p1a: Sableye|Disable|p2b: Sinistcha\n|-start|p2b: Sinistcha|Disable|Matcha Gotcha\n|cant|p2a: Dondozo|flinch\n|move|p2b: Sinistcha|Trick Room|p2b: Sinistcha\n|-fieldstart|move: Trick Room|[of] p2b: Sinistcha\n|\n|-heal|p2a: Dondozo|87\/100|[from] Grassy Terrain\n|-heal|p2a: Dondozo|93\/100|[from] item: Leftovers\n|-heal|p1a: Sableye|49\/100|[from] Grassy Terrain\n|-heal|p1b: Rillaboom|31\/100|[from] Grassy Terrain\n|upkeep\n|turn|20\n|\n|t:|1699969206\n|switch|p2b: Kingambit|Kingambit, M, tera:Dark|25\/100\n|move|p1a: Sableye|Encore|p2b: Kingambit\n|-hint|Since gen 7, Dark is immune to Prankster moves.\n|-immune|p2b: Kingambit\n|move|p2a: Dondozo|Body Press|p1b: Rillaboom\n|-damage|p1b: Rillaboom|0 fnt\n|faint|p1b: Rillaboom\n|\n|-heal|p2a: Dondozo|99\/100|[from] Grassy Terrain\n|-heal|p2a: Dondozo|100\/100|[from] item: Leftovers\n|-heal|p2b: Kingambit|31\/100|[from] Grassy Terrain\n|-heal|p1a: Sableye|55\/100|[from] Grassy Terrain\n|upkeep\n|-message|FoolGroucho forfeited.\n|\n|win|kitsu-aria\n|raw|FoolGroucho's rating: 1562 &rarr; <strong>1549<\/strong><br \/>(-13 for losing)\n|raw|kitsu-aria's rating: 1681 &rarr; <strong>1694<\/strong><br \/>(+13 for winning)\n|l|\u2606FoolGroucho\n","uploadtime":1699969221,"views":16,"p1id":"foolgroucho","p2id":"kitsuaria","formatid":"gen9doublesou","rating":1549,"private":0,"password":""}