{"id":"gen9doublesou-1985838898","p1":"FlaringFox64","p2":"wow chica wa wa","format":"[Gen 9] Doubles OU","log":"|j|\u2606FlaringFox64\n|j|\u2606wow chica wa wa\n|t:|1699411749\n|gametype|doubles\n|player|p1|FlaringFox64|169|1053\n|player|p2|wow chica wa wa|169|1000\n|teamsize|p1|6\n|teamsize|p2|6\n|gen|9\n|tier|[Gen 9] Doubles OU\n|rated|\n|rule|Species Clause: Limit one of each Pok\u00e9mon\n|rule|OHKO Clause: OHKO moves are banned\n|rule|Evasion Moves Clause: Evasion moves are banned\n|rule|Gravity Sleep Clause: The combination of sleep-inducing moves with imperfect accuracy and Gravity or Gigantamax Orbeetle are banned\n|rule|Endless Battle Clause: Forcing endless battles is banned\n|rule|HP Percentage Mod: HP is shown in percentages\n|clearpoke\n|poke|p1|Venomoth, F|\n|poke|p1|Drifblim, F|\n|poke|p1|Clefable, M|\n|poke|p1|Blissey, F|\n|poke|p1|Dudunsparce-*, F|\n|poke|p1|Corviknight, F|\n|poke|p2|Leafeon, M|\n|poke|p2|Rillaboom, M|\n|poke|p2|Torkoal, F|\n|poke|p2|Clefairy, F|\n|poke|p2|Flutter Mane|\n|poke|p2|Pawmot, M|\n|teampreview\n|\n|t:|1699411758\n|start\n|switch|p1a: Venomoth|Venomoth, F|100\/100\n|switch|p1b: Drifblim|Drifblim, F|100\/100\n|switch|p2a: Torkoal|Torkoal, F|100\/100\n|switch|p2b: Rillaboom|Rillaboom, M|100\/100\n|-fieldstart|move: Grassy Terrain|[from] ability: Grassy Surge|[of] p2b: Rillaboom\n|-weather|SunnyDay|[from] ability: Drought|[of] p2a: Torkoal\n|turn|1\n|inactive|Battle timer is ON: inactive players will automatically lose when time's up. (requested by wow chica wa wa)\n|\n|t:|1699411778\n|move|p2b: Rillaboom|Fake Out|p1a: Venomoth\n|-crit|p1a: Venomoth\n|-damage|p1a: Venomoth|65\/100\n|cant|p1a: Venomoth|flinch\n|move|p1b: Drifblim|Substitute|p1b: Drifblim\n|-start|p1b: Drifblim|Substitute\n|-damage|p1b: Drifblim|76\/100\n|move|p2a: Torkoal|Yawn||[still]\n|-fail|p2a: Torkoal\n|\n|-weather|SunnyDay|[upkeep]\n|-heal|p1a: Venomoth|71\/100|[from] Grassy Terrain\n|-heal|p1a: Venomoth|77\/100|[from] item: Black Sludge\n|upkeep\n|turn|2\n|\n|t:|1699411797\n|move|p1a: Venomoth|Sleep Powder|p2a: Torkoal\n|-status|p2a: Torkoal|slp|[from] move: Sleep Powder\n|move|p2b: Rillaboom|U-turn|p1a: Venomoth\n|-resisted|p1a: Venomoth\n|-damage|p1a: Venomoth|56\/100\n|\n|t:|1699411805\n|switch|p2b: Leafeon|Leafeon, M|100\/100|[from] U-turn\n|move|p1b: Drifblim|Amnesia|p1b: Drifblim\n|-boost|p1b: Drifblim|spd|2\n|cant|p2a: Torkoal|slp\n|\n|-weather|SunnyDay|[upkeep]\n|-heal|p1a: Venomoth|62\/100|[from] Grassy Terrain\n|-heal|p1a: Venomoth|68\/100|[from] item: Black Sludge\n|upkeep\n|turn|3\n|\n|t:|1699411827\n|switch|p2a: Clefairy|Clefairy, F|100\/100\n|move|p2b: Leafeon|Double-Edge|p1a: Venomoth\n|-damage|p1a: Venomoth|0 fnt\n|faint|p1a: Venomoth\n|-damage|p2b: Leafeon|77\/100|[from] Recoil\n|move|p1b: Drifblim|Amnesia|p1b: Drifblim\n|-boost|p1b: Drifblim|spd|2\n|\n|-weather|SunnyDay|[upkeep]\n|-heal|p2b: Leafeon|83\/100|[from] Grassy Terrain\n|upkeep\n|\n|t:|1699411841\n|switch|p1a: Blissey|Blissey, F|100\/100\n|turn|4\n|\n|t:|1699411859\n|-terastallize|p2b: Leafeon|Grass\n|move|p2a: Clefairy|Follow Me|p2a: Clefairy\n|-singleturn|p2a: Clefairy|move: Follow Me\n|move|p2b: Leafeon|Solar Blade||[still]\n|-prepare|p2b: Leafeon|Solar Blade\n|-anim|p2b: Leafeon|Solar Blade|p1a: Blissey\n|-damage|p1a: Blissey|0 fnt\n|faint|p1a: Blissey\n|move|p1b: Drifblim|Baton Pass|p1b: Drifblim\n|\n|t:|1699411869\n|switch|p1b: Corviknight|Corviknight, F|100\/100|[from] Baton Pass\n|\n|-weather|SunnyDay|[upkeep]\n|-heal|p2b: Leafeon|89\/100|[from] Grassy Terrain\n|upkeep\n|\n|t:|1699411876\n|switch|p1a: Dudunsparce|Dudunsparce-Three-Segment, F|100\/100\n|turn|5\n|\n|t:|1699411889\n|move|p2a: Clefairy|Helping Hand|p2b: Leafeon\n|-singleturn|p2b: Leafeon|Helping Hand|[of] p2a: Clefairy\n|move|p2b: Leafeon|Solar Blade||[still]\n|-prepare|p2b: Leafeon|Solar Blade\n|-anim|p2b: Leafeon|Solar Blade|p1a: Dudunsparce\n|-damage|p1a: Dudunsparce|0 fnt\n|faint|p1a: Dudunsparce\n|move|p1b: Corviknight|Light Screen|p1b: Corviknight\n|-sidestart|p1: FlaringFox64|move: Light Screen\n|\n|-weather|none\n|-heal|p2b: Leafeon|95\/100|[from] Grassy Terrain\n|-fieldend|move: Grassy Terrain\n|upkeep\n|\n|t:|1699411908\n|switch|p1a: Clefable|Clefable, M|100\/100\n|turn|6\n|\n|t:|1699411933\n|switch|p2b: Pawmot|Pawmot, M|100\/100\n|switch|p2a: Torkoal|Torkoal, F|100\/100 slp\n|-weather|SunnyDay|[from] ability: Drought|[of] p2a: Torkoal\n|move|p1b: Corviknight|Reflect|p1b: Corviknight\n|-sidestart|p1: FlaringFox64|Reflect\n|move|p1a: Clefable|Flamethrower|p2b: Pawmot\n|-damage|p2b: Pawmot|40\/100\n|\n|-weather|SunnyDay|[upkeep]\n|upkeep\n|turn|7\n|\n|t:|1699411949\n|move|p2b: Pawmot|Fake Out|p1b: Corviknight\n|-resisted|p1b: Corviknight\n|-activate|p1b: Corviknight|move: Substitute|[damage]\n|move|p1b: Corviknight|Iron Defense|p1b: Corviknight\n|-boost|p1b: Corviknight|def|2\n|move|p1a: Clefable|Blizzard|p2b: Pawmot|[spread] p2a,p2b\n|-resisted|p2a: Torkoal\n|-damage|p2a: Torkoal|88\/100 slp\n|-damage|p2b: Pawmot|3\/100\n|cant|p2a: Torkoal|slp\n|\n|-weather|SunnyDay|[upkeep]\n|-heal|p2a: Torkoal|94\/100 slp|[from] item: Leftovers\n|upkeep\n|turn|8\n|\n|t:|1699411963\n|move|p2b: Pawmot|Nuzzle|p1a: Clefable\n|-damage|p1a: Clefable|94\/100\n|-status|p1a: Clefable|par\n|move|p1b: Corviknight|Iron Defense|p1b: Corviknight\n|-boost|p1b: Corviknight|def|2\n|move|p1a: Clefable|Blizzard|p2b: Pawmot|[spread] p2a,p2b\n|-resisted|p2a: Torkoal\n|-damage|p2a: Torkoal|81\/100 slp\n|-damage|p2b: Pawmot|0 fnt\n|faint|p2b: Pawmot\n|-curestatus|p2a: Torkoal|slp|[msg]\n|move|p2a: Torkoal|Overheat|p1b: Corviknight\n|-supereffective|p1b: Corviknight\n|-activate|p1b: Corviknight|move: Substitute|[damage]\n|-unboost|p2a: Torkoal|spa|2\n|\n|-weather|SunnyDay|[upkeep]\n|-heal|p2a: Torkoal|87\/100|[from] item: Leftovers\n|upkeep\n|\n|t:|1699411986\n|switch|p2b: Rillaboom|Rillaboom, M|100\/100\n|-fieldstart|move: Grassy Terrain|[from] ability: Grassy Surge|[of] p2b: Rillaboom\n|turn|9\n|\n|t:|1699411996\n|move|p2b: Rillaboom|Wood Hammer|p1a: Clefable\n|-damage|p1a: Clefable|36\/100 par\n|-damage|p2b: Rillaboom|82\/100|[from] Recoil\n|move|p1b: Corviknight|Iron Defense|p1b: Corviknight\n|-boost|p1b: Corviknight|def|2\n|cant|p1a: Clefable|par\n|move|p2a: Torkoal|Overheat|p1b: Corviknight\n|-supereffective|p1b: Corviknight\n|-end|p1b: Corviknight|Substitute\n|-unboost|p2a: Torkoal|spa|2\n|\n|-weather|SunnyDay|[upkeep]\n|-heal|p2b: Rillaboom|88\/100|[from] Grassy Terrain\n|-heal|p1a: Clefable|42\/100 par|[from] Grassy Terrain\n|-heal|p2a: Torkoal|93\/100|[from] Grassy Terrain\n|-heal|p2a: Torkoal|99\/100|[from] item: Leftovers\n|upkeep\n|turn|10\n|\n|t:|1699412020\n|move|p2b: Rillaboom|U-turn|p1a: Clefable\n|-resisted|p1a: Clefable\n|-damage|p1a: Clefable|34\/100 par\n|\n|t:|1699412025\n|switch|p2b: Leafeon|Leafeon, M, tera:Grass|95\/100|[from] U-turn\n|move|p1b: Corviknight|Body Press|p2a: Torkoal\n|-damage|p2a: Torkoal|30\/100\n|move|p1a: Clefable|Flamethrower|p2b: Leafeon\n|-supereffective|p2b: Leafeon\n|-damage|p2b: Leafeon|10\/100\n|move|p2a: Torkoal|Clear Smog|p1b: Corviknight\n|-immune|p1b: Corviknight\n|\n|-weather|none\n|-heal|p2b: Leafeon|16\/100|[from] Grassy Terrain\n|-heal|p1a: Clefable|40\/100 par|[from] Grassy Terrain\n|-heal|p2a: Torkoal|36\/100|[from] Grassy Terrain\n|-heal|p2a: Torkoal|42\/100|[from] item: Leftovers\n|upkeep\n|turn|11\n|inactive|wow chica wa wa has 120 seconds left.\n|\n|t:|1699412070\n|move|p2b: Leafeon|Double-Edge|p1a: Clefable\n|-damage|p1a: Clefable|12\/100 par\n|-damage|p2b: Leafeon|2\/100|[from] Recoil\n|move|p1b: Corviknight|Body Press|p2a: Torkoal\n|-damage|p2a: Torkoal|0 fnt\n|faint|p2a: Torkoal\n|move|p1a: Clefable|Blizzard|p2b: Leafeon\n|-supereffective|p2b: Leafeon\n|-damage|p2b: Leafeon|0 fnt\n|faint|p2b: Leafeon\n|\n|-heal|p1a: Clefable|18\/100 par|[from] Grassy Terrain\n|upkeep\n|\n|t:|1699412084\n|switch|p2b: Clefairy|Clefairy, F|100\/100\n|switch|p2a: Rillaboom|Rillaboom, M|88\/100\n|turn|12\n|inactive|wow chica wa wa has 120 seconds left.\n|\n|t:|1699412112\n|move|p2a: Rillaboom|Fake Out|p1b: Corviknight\n|-resisted|p1b: Corviknight\n|-damage|p1b: Corviknight|99\/100\n|cant|p1b: Corviknight|flinch\n|move|p2b: Clefairy|Encore|p1b: Corviknight\n|-start|p1b: Corviknight|Encore\n|move|p1a: Clefable|Moonlight|p1a: Clefable\n|-heal|p1a: Clefable|68\/100 par\n|\n|-heal|p2a: Rillaboom|94\/100|[from] Grassy Terrain\n|-heal|p1a: Clefable|74\/100 par|[from] Grassy Terrain\n|-sideend|p1: FlaringFox64|move: Light Screen\n|upkeep\n|turn|13\n|c|\u2606FlaringFox64|meow\n|inactive|wow chica wa wa has 120 seconds left.\n|\n|t:|1699412133\n|move|p2a: Rillaboom|U-turn|p1b: Corviknight\n|-resisted|p1b: Corviknight\n|-damage|p1b: Corviknight|99\/100\n|\n|t:|1699412136\n|switch|p2a: Flutter Mane|Flutter Mane|100\/100|[from] U-turn\n|move|p1b: Corviknight|Body Press|p2a: Flutter Mane\n|-immune|p2a: Flutter Mane\n|move|p2b: Clefairy|Encore|p1a: Clefable\n|-start|p1a: Clefable|Encore\n|cant|p1a: Clefable|par\n|\n|-heal|p1a: Clefable|80\/100 par|[from] Grassy Terrain\n|-sideend|p1: FlaringFox64|Reflect\n|-fieldend|move: Grassy Terrain\n|upkeep\n|turn|14\n|inactive|wow chica wa wa has 120 seconds left.\n|\n|t:|1699412169\n|move|p2b: Clefairy|Follow Me|p2b: Clefairy\n|-singleturn|p2b: Clefairy|move: Follow Me\n|move|p2a: Flutter Mane|Shadow Ball|p1b: Corviknight\n|-damage|p1b: Corviknight|81\/100\n|move|p1b: Corviknight|Body Press|p2b: Clefairy\n|-resisted|p2b: Clefairy\n|-damage|p2b: Clefairy|50\/100\n|move|p1a: Clefable|Moonlight|p1a: Clefable\n|-heal|p1a: Clefable|100\/100 par\n|\n|upkeep\n|turn|15\n|\n|t:|1699412183\n|move|p2b: Clefairy|Helping Hand|p2a: Flutter Mane\n|-singleturn|p2a: Flutter Mane|Helping Hand|[of] p2b: Clefairy\n|move|p2a: Flutter Mane|Shadow Ball|p1b: Corviknight\n|-damage|p1b: Corviknight|56\/100\n|-ability|p1b: Corviknight|Mirror Armor\n|-unboost|p2a: Flutter Mane|spd|1\n|move|p1b: Corviknight|Body Press|p2b: Clefairy\n|-resisted|p2b: Clefairy\n|-damage|p2b: Clefairy|0 fnt\n|faint|p2b: Clefairy\n|cant|p1a: Clefable|par\n|\n|-end|p1b: Corviknight|Encore\n|-end|p1a: Clefable|Encore\n|upkeep\n|\n|t:|1699412195\n|switch|p2b: Rillaboom|Rillaboom, M|94\/100\n|-fieldstart|move: Grassy Terrain|[from] ability: Grassy Surge|[of] p2b: Rillaboom\n|turn|16\n|\n|t:|1699412220\n|move|p2b: Rillaboom|Fake Out|p1b: Corviknight\n|-resisted|p1b: Corviknight\n|-damage|p1b: Corviknight|55\/100\n|move|p2a: Flutter Mane|Shadow Ball|p1b: Corviknight\n|-damage|p1b: Corviknight|35\/100\n|-ability|p1b: Corviknight|Mirror Armor\n|-unboost|p2a: Flutter Mane|spd|1\n|cant|p1b: Corviknight|flinch\n|move|p1a: Clefable|Life Dew||[still]|[spread] p1a,p1b\n|-fail|p1a: Clefable|heal\n|-heal|p1b: Corviknight|60\/100\n|\n|-heal|p2b: Rillaboom|100\/100|[from] Grassy Terrain\n|upkeep\n|turn|17\n|\n|t:|1699412240\n|move|p2a: Flutter Mane|Shadow Ball|p1b: Corviknight\n|-damage|p1b: Corviknight|43\/100\n|move|p2b: Rillaboom|Wood Hammer|p1b: Corviknight\n|-resisted|p1b: Corviknight\n|-damage|p1b: Corviknight|40\/100\n|-damage|p2b: Rillaboom|99\/100|[from] Recoil\n|move|p1b: Corviknight|Body Press|p2b: Rillaboom\n|-crit|p2b: Rillaboom\n|-damage|p2b: Rillaboom|0 fnt\n|faint|p2b: Rillaboom\n|move|p1a: Clefable|Blizzard|p2a: Flutter Mane\n|-damage|p2a: Flutter Mane|74\/100\n|\n|-heal|p2a: Flutter Mane|80\/100|[from] Grassy Terrain\n|upkeep\n|turn|18\n|inactive|FlaringFox64 has 120 seconds left.\n|\n|t:|1699412277\n|move|p2a: Flutter Mane|Shadow Ball|p1b: Corviknight\n|-damage|p1b: Corviknight|22\/100\n|move|p1b: Corviknight|Light Screen|p1b: Corviknight\n|-sidestart|p1: FlaringFox64|move: Light Screen\n|move|p1a: Clefable|Flamethrower|p2a: Flutter Mane\n|-damage|p2a: Flutter Mane|58\/100\n|\n|-heal|p2a: Flutter Mane|64\/100|[from] Grassy Terrain\n|upkeep\n|turn|19\n|inactive|wow chica wa wa has 120 seconds left.\n|\n|t:|1699412330\n|move|p2a: Flutter Mane|Shadow Ball|p1b: Corviknight\n|-damage|p1b: Corviknight|9\/100\n|move|p1b: Corviknight|Reflect|p1b: Corviknight\n|-sidestart|p1: FlaringFox64|Reflect\n|move|p1a: Clefable|Life Dew||[still]|[spread] p1a,p1b\n|-fail|p1a: Clefable|heal\n|-heal|p1b: Corviknight|34\/100\n|\n|-heal|p2a: Flutter Mane|70\/100|[from] Grassy Terrain\n|upkeep\n|turn|20\n|\n|t:|1699412346\n|move|p2a: Flutter Mane|Shadow Ball|p1b: Corviknight\n|-damage|p1b: Corviknight|21\/100\n|-ability|p1b: Corviknight|Mirror Armor\n|-unboost|p2a: Flutter Mane|spd|1\n|move|p1b: Corviknight|Body Press|p2a: Flutter Mane\n|-immune|p2a: Flutter Mane\n|move|p1a: Clefable|Flamethrower|p2a: Flutter Mane\n|-damage|p2a: Flutter Mane|48\/100\n|\n|-heal|p2a: Flutter Mane|54\/100|[from] Grassy Terrain\n|-fieldend|move: Grassy Terrain\n|upkeep\n|turn|21\n|\n|t:|1699412368\n|move|p2a: Flutter Mane|Shadow Ball|p1b: Corviknight\n|-damage|p1b: Corviknight|8\/100\n|move|p1b: Corviknight|Body Press|p2a: Flutter Mane\n|-immune|p2a: Flutter Mane\n|cant|p1a: Clefable|par\n|\n|upkeep\n|turn|22\n|\n|t:|1699412391\n|move|p2a: Flutter Mane|Shadow Ball|p1b: Corviknight\n|-damage|p1b: Corviknight|0 fnt\n|faint|p1b: Corviknight\n|cant|p1a: Clefable|par\n|\n|upkeep\n|\n|t:|1699412400\n|switch|p1b: Drifblim|Drifblim, F|76\/100\n|turn|23\n|\n|t:|1699412415\n|move|p2a: Flutter Mane|Shadow Ball|p1b: Drifblim\n|-supereffective|p1b: Drifblim\n|-damage|p1b: Drifblim|26\/100\n|-unboost|p1b: Drifblim|spd|1\n|move|p1b: Drifblim|Substitute|p1b: Drifblim\n|-start|p1b: Drifblim|Substitute\n|-damage|p1b: Drifblim|1\/100\n|move|p1a: Clefable|Blizzard|p2a: Flutter Mane\n|-damage|p2a: Flutter Mane|28\/100\n|\n|upkeep\n|turn|24\n|\n|t:|1699412430\n|move|p2a: Flutter Mane|Shadow Ball|p1b: Drifblim\n|-supereffective|p1b: Drifblim\n|-end|p1b: Drifblim|Substitute\n|move|p1b: Drifblim|Amnesia|p1b: Drifblim\n|-boost|p1b: Drifblim|spd|2\n|move|p1a: Clefable|Blizzard|p2a: Flutter Mane\n|-damage|p2a: Flutter Mane|2\/100\n|-status|p2a: Flutter Mane|frz\n|\n|upkeep\n|turn|25\n|\n|t:|1699412444\n|cant|p2a: Flutter Mane|frz\n|move|p1b: Drifblim|Amnesia|p1b: Drifblim\n|-boost|p1b: Drifblim|spd|2\n|cant|p1a: Clefable|par\n|\n|-sideend|p1: FlaringFox64|move: Light Screen\n|upkeep\n|turn|26\n|c|\u2606FlaringFox64|gg\n|\n|t:|1699412458\n|cant|p2a: Flutter Mane|frz\n|move|p1b: Drifblim|Amnesia|p1b: Drifblim\n|-boost|p1b: Drifblim|spd|2\n|move|p1a: Clefable|Blizzard|p2a: Flutter Mane|[miss]\n|-miss|p1a: Clefable|p2a: Flutter Mane\n|\n|-sideend|p1: FlaringFox64|Reflect\n|upkeep\n|turn|27\n|\n|t:|1699412475\n|cant|p2a: Flutter Mane|frz\n|move|p1b: Drifblim|Baton Pass||[still]\n|-fail|p1b: Drifblim\n|move|p1a: Clefable|Flamethrower|p2a: Flutter Mane\n|-damage|p2a: Flutter Mane|0 fnt\n|faint|p2a: Flutter Mane\n|-end|p2a: Flutter Mane|Protosynthesis|[silent]\n|\n|win|FlaringFox64\n|raw|FlaringFox64's rating: 1053 &rarr; <strong>1080<\/strong><br \/>(+27 for winning)\n|raw|wow chica wa wa's rating: 1000 &rarr; <strong>1000<\/strong><br \/>(+0 for losing)\n|l|\u2606wow chica wa wa\n","uploadtime":1699412486,"views":8,"p1id":"flaringfox64","p2id":"wowchicawawa","formatid":"gen9doublesou","rating":1000,"private":0,"password":""}