{"id":"gen9doublesou-1974499336","p1":"ItsACritt","p2":"qurtana","format":"[Gen 9] Doubles OU","log":"|j|\u2606ItsACritt\n|j|\u2606qurtana\n|t:|1698092067\n|gametype|doubles\n|player|p1|ItsACritt|flannery-gen6|1225\n|player|p2|qurtana|102|1407\n|teamsize|p1|6\n|teamsize|p2|6\n|gen|9\n|tier|[Gen 9] Doubles OU\n|rated|\n|rule|Species Clause: Limit one of each Pok\u00e9mon\n|rule|OHKO Clause: OHKO moves are banned\n|rule|Evasion Moves Clause: Evasion moves are banned\n|rule|Gravity Sleep Clause: The combination of sleep-inducing moves with imperfect accuracy and Gravity or Gigantamax Orbeetle are banned\n|rule|Endless Battle Clause: Forcing endless battles is banned\n|rule|HP Percentage Mod: HP is shown in percentages\n|clearpoke\n|poke|p1|Ninetales, F|\n|poke|p1|Lilligant-Hisui, F|\n|poke|p1|Tyranitar, M|\n|poke|p1|Arcanine-Hisui, M|\n|poke|p1|Enamorus, F|\n|poke|p1|Houndstone, M|\n|poke|p2|Gliscor, F|\n|poke|p2|Goodra-Hisui, M|\n|poke|p2|Ogerpon-Hearthflame, F|\n|poke|p2|Great Tusk|\n|poke|p2|Volcanion|\n|poke|p2|Ninetales-Alola, M|\n|teampreview\n|inactive|Battle timer is ON: inactive players will automatically lose when time's up. (requested by qurtana)\n|inactive|ItsACritt also wants the timer to be on.\n|\n|t:|1698092081\n|start\n|switch|p1a: Celestia|Ninetales, F, shiny|100\/100\n|switch|p1b: She|Lilligant-Hisui, F, shiny|100\/100\n|switch|p2a: Volcanion|Volcanion|100\/100\n|switch|p2b: Gliscor|Gliscor, F|100\/100\n|-weather|SunnyDay|[from] ability: Drought|[of] p1a: Celestia\n|turn|1\n|\n|t:|1698092104\n|move|p1a: Celestia|Protect|p1a: Celestia\n|-singleturn|p1a: Celestia|Protect\n|move|p2b: Gliscor|Protect|p2b: Gliscor\n|-singleturn|p2b: Gliscor|Protect\n|move|p1b: She|Sleep Powder|p2b: Gliscor\n|-activate|p2b: Gliscor|move: Protect\n|move|p2a: Volcanion|Heat Wave|p1a: Celestia|[spread] p1b\n|-activate|p1a: Celestia|move: Protect\n|-supereffective|p1b: She\n|-enditem|p1b: She|Focus Sash\n|-damage|p1b: She|1\/100\n|\n|-weather|SunnyDay|[upkeep]\n|-status|p2b: Gliscor|tox|[from] item: Toxic Orb\n|upkeep\n|turn|2\n|inactive|qurtana has 120 seconds left.\n|inactive|qurtana has 90 seconds left.\n|\n|t:|1698092165\n|move|p1b: She|Solar Blade||[still]\n|-prepare|p1b: She|Solar Blade\n|-anim|p1b: She|Solar Blade|p2a: Volcanion\n|-crit|p2a: Volcanion\n|-damage|p2a: Volcanion|29\/100\n|move|p1a: Celestia|Overheat|p2b: Gliscor\n|-damage|p2b: Gliscor|36\/100 tox\n|-unboost|p1a: Celestia|spa|2\n|-enditem|p1a: Celestia|Eject Pack\n|\n|t:|1698092179\n|switch|p1a: Cupid|Enamorus, F|100\/100\n|move|p2b: Gliscor|Fling|p1a: Cupid\n|-resisted|p1a: Cupid\n|-damage|p1a: Cupid|96\/100\n|-status|p1a: Cupid|tox\n|-enditem|p2b: Gliscor|Toxic Orb|[from] move: Fling\n|move|p2a: Volcanion|Heat Wave|p1a: Cupid|[spread] p1a\n|-miss|p2a: Volcanion|p1b: She\n|-damage|p1a: Cupid|14\/100 tox\n|\n|-weather|SunnyDay|[upkeep]\n|-damage|p1a: Cupid|8\/100 tox|[from] psn\n|-heal|p2b: Gliscor|48\/100 tox|[from] ability: Poison Heal\n|upkeep\n|turn|3\n|\n|t:|1698092205\n|move|p2b: Gliscor|Protect|p2b: Gliscor\n|-singleturn|p2b: Gliscor|Protect\n|move|p1b: She|Solar Blade||[still]\n|-prepare|p1b: She|Solar Blade\n|-anim|p1b: She|Solar Blade|p2a: Volcanion\n|-damage|p2a: Volcanion|0 fnt\n|faint|p2a: Volcanion\n|move|p1a: Cupid|Tailwind|p1a: Cupid\n|-sidestart|p1: ItsACritt|move: Tailwind\n|\n|-weather|SunnyDay|[upkeep]\n|-damage|p1a: Cupid|0 fnt|[from] psn\n|faint|p1a: Cupid\n|-heal|p2b: Gliscor|61\/100 tox|[from] ability: Poison Heal\n|upkeep\n|\n|t:|1698092221\n|switch|p1a: Comet|Arcanine-Hisui, M, shiny|100\/100\n|switch|p2a: Ninetales|Ninetales-Alola, M|100\/100\n|-ability|p1a: Comet|Intimidate|boost\n|-unboost|p2a: Ninetales|atk|1\n|-unboost|p2b: Gliscor|atk|1\n|-weather|Snow|[from] ability: Snow Warning|[of] p2a: Ninetales\n|turn|4\n|\n|t:|1698092240\n|move|p1b: She|Protect|p1b: She\n|-singleturn|p1b: She|Protect\n|move|p2a: Ninetales|Protect|p2a: Ninetales\n|-singleturn|p2a: Ninetales|Protect\n|move|p1a: Comet|Rock Slide|p2b: Gliscor|[spread] \n|-activate|p2a: Ninetales|move: Protect\n|-miss|p1a: Comet|p2b: Gliscor\n|move|p2b: Gliscor|High Horsepower|p1a: Comet|[miss]\n|-miss|p2b: Gliscor|p1a: Comet\n|\n|-weather|Snow|[upkeep]\n|-heal|p2b: Gliscor|73\/100 tox|[from] ability: Poison Heal\n|upkeep\n|turn|5\n|\n|t:|1698092265\n|move|p1b: She|Sleep Powder|p2a: Ninetales\n|-status|p2a: Ninetales|slp|[from] move: Sleep Powder\n|move|p1a: Comet|Rock Slide|p2b: Gliscor|[spread] p2a,p2b\n|-supereffective|p2a: Ninetales\n|-damage|p2a: Ninetales|54\/100 slp\n|-damage|p2b: Gliscor|50\/100 tox\n|cant|p2a: Ninetales|slp\n|move|p2b: Gliscor|High Horsepower|p1a: Comet\n|-supereffective|p1a: Comet\n|-damage|p1a: Comet|3\/100\n|\n|-weather|Snow|[upkeep]\n|-heal|p2b: Gliscor|63\/100 tox|[from] ability: Poison Heal\n|upkeep\n|turn|6\n|\n|t:|1698092293\n|move|p1b: She|Protect|p1b: She\n|-singleturn|p1b: She|Protect\n|cant|p2a: Ninetales|slp\n|move|p2b: Gliscor|Protect|p2b: Gliscor\n|-singleturn|p2b: Gliscor|Protect\n|move|p1a: Comet|Rock Slide|p2a: Ninetales|[spread] p2a\n|-activate|p2b: Gliscor|move: Protect\n|-supereffective|p2a: Ninetales\n|-damage|p2a: Ninetales|13\/100 slp\n|\n|-weather|Snow|[upkeep]\n|-heal|p2b: Gliscor|75\/100 tox|[from] ability: Poison Heal\n|-sideend|p1: ItsACritt|move: Tailwind\n|upkeep\n|turn|7\n|inactive|qurtana has 120 seconds left.\n|\n|t:|1698092344\n|-curestatus|p2a: Ninetales|slp|[msg]\n|move|p2a: Ninetales|Protect|p2a: Ninetales\n|-singleturn|p2a: Ninetales|Protect\n|move|p1a: Comet|Extreme Speed|p2a: Ninetales\n|-activate|p2a: Ninetales|move: Protect\n|move|p1b: She|Sleep Powder|p2a: Ninetales\n|-activate|p2a: Ninetales|move: Protect\n|move|p2b: Gliscor|High Horsepower|p1a: Comet\n|-supereffective|p1a: Comet\n|-damage|p1a: Comet|0 fnt\n|faint|p1a: Comet\n|\n|-weather|Snow|[upkeep]\n|-heal|p2b: Gliscor|87\/100 tox|[from] ability: Poison Heal\n|upkeep\n|\n|t:|1698092352\n|switch|p1a: Celestia|Ninetales, F, shiny|100\/100\n|-weather|SunnyDay|[from] ability: Drought|[of] p1a: Celestia\n|turn|8\n|inactive|qurtana has 120 seconds left.\n|\n|t:|1698092367\n|switch|p2a: Great Tusk|Great Tusk|100\/100\n|-activate|p2a: Great Tusk|ability: Protosynthesis\n|-start|p2a: Great Tusk|protosynthesisspe\n|move|p1b: She|Solar Blade||[still]\n|-prepare|p1b: She|Solar Blade\n|-anim|p1b: She|Solar Blade|p2b: Gliscor\n|-crit|p2b: Gliscor\n|-damage|p2b: Gliscor|14\/100 tox\n|move|p1a: Celestia|Weather Ball|p2a: Great Tusk\n|-damage|p2a: Great Tusk|58\/100\n|move|p2b: Gliscor|Acrobatics|p1b: She\n|-supereffective|p1b: She\n|-damage|p1b: She|0 fnt\n|faint|p1b: She\n|\n|-weather|SunnyDay|[upkeep]\n|-heal|p2b: Gliscor|26\/100 tox|[from] ability: Poison Heal\n|upkeep\n|\n|t:|1698092385\n|switch|p1b: Night Guard|Houndstone, M|100\/100\n|turn|9\n|inactive|ItsACritt has 120 seconds left.\n|\n|t:|1698092418\n|switch|p1a: Reptar|Tyranitar, M|100\/100\n|-weather|Sandstorm|[from] ability: Sand Stream|[of] p1a: Reptar\n|-end|p2a: Great Tusk|Protosynthesis\n|move|p1b: Night Guard|Last Respects|p2a: Great Tusk\n|-damage|p2a: Great Tusk|0 fnt\n|faint|p2a: Great Tusk\n|-end|p2a: Great Tusk|Protosynthesis|[silent]\n|move|p2b: Gliscor|Acrobatics|p1b: Night Guard\n|-damage|p1b: Night Guard|77\/100\n|\n|-weather|Sandstorm|[upkeep]\n|-heal|p2b: Gliscor|38\/100 tox|[from] ability: Poison Heal\n|upkeep\n|\n|t:|1698092425\n|switch|p2a: Ninetales|Ninetales-Alola, M|13\/100\n|-weather|Snow|[from] ability: Snow Warning|[of] p2a: Ninetales\n|turn|10\n|inactive|ItsACritt has 120 seconds left.\n|\n|t:|1698092460\n|switch|p1a: Celestia|Ninetales, F, shiny|100\/100\n|-weather|SunnyDay|[from] ability: Drought|[of] p1a: Celestia\n|move|p2a: Ninetales|Protect|p2a: Ninetales\n|-singleturn|p2a: Ninetales|Protect\n|move|p1b: Night Guard|Last Respects|p2b: Gliscor\n|-damage|p2b: Gliscor|0 fnt\n|faint|p2b: Gliscor\n|\n|-weather|SunnyDay|[upkeep]\n|upkeep\n|\n|t:|1698092474\n|switch|p2b: Ogerpon|Ogerpon-Hearthflame, F|100\/100\n|-ability|p2b: Ogerpon|Mold Breaker\n|turn|11\n|\n|t:|1698092482\n|switch|p2a: Goodra|Goodra-Hisui, M|100\/100\n|switch|p1a: Reptar|Tyranitar, M|100\/100\n|-weather|Sandstorm|[from] ability: Sand Stream|[of] p1a: Reptar\n|-terastallize|p2b: Ogerpon|Fire\n|detailschange|p2b: Ogerpon|Ogerpon-Hearthflame-Tera, F, tera:Fire\n|-ability|p2b: Ogerpon|Embody Aspect (Hearthflame)|boost\n|-boost|p2b: Ogerpon|atk|1\n|move|p1b: Night Guard|Last Respects|p2b: Ogerpon\n|-damage|p2b: Ogerpon|0 fnt\n|faint|p2b: Ogerpon\n|\n|-weather|Sandstorm|[upkeep]\n|upkeep\n|-message|qurtana forfeited.\n|\n|win|ItsACritt\n|raw|ItsACritt's rating: 1225 &rarr; <strong>1262<\/strong><br \/>(+37 for winning)\n|raw|qurtana's rating: 1407 &rarr; <strong>1377<\/strong><br \/>(-30 for losing)\n|l|\u2606qurtana\n","uploadtime":1698092503,"views":8,"p1id":"itsacritt","p2id":"qurtana","formatid":"gen9doublesou","rating":1262,"private":0,"password":""}