{"id":"gen9doublesou-1988675938","p1":"GunGalione","p2":"DonulTrum","format":"[Gen 9] Doubles OU","log":"|j|\u2606GunGalione\n|j|\u2606DonulTrum\n|t:|1699749298\n|gametype|doubles\n|player|p1|GunGalione|pokemonranger-gen4|1338\n|player|p2|DonulTrum|2|1457\n|teamsize|p1|6\n|teamsize|p2|6\n|gen|9\n|tier|[Gen 9] Doubles OU\n|rated|\n|rule|Species Clause: Limit one of each Pok\u00e9mon\n|rule|OHKO Clause: OHKO moves are banned\n|rule|Evasion Moves Clause: Evasion moves are banned\n|rule|Gravity Sleep Clause: The combination of sleep-inducing moves with imperfect accuracy and Gravity or Gigantamax Orbeetle are banned\n|rule|Endless Battle Clause: Forcing endless battles is banned\n|rule|HP Percentage Mod: HP is shown in percentages\n|clearpoke\n|poke|p1|Vikavolt, F|\n|poke|p1|Oranguru, M|\n|poke|p1|Cresselia, F|\n|poke|p1|Ursaluna, F|\n|poke|p1|Lurantis, M|\n|poke|p1|Sinistcha|\n|poke|p2|Ursaluna, F|\n|poke|p2|Oranguru, M|\n|poke|p2|Grimmsnarl, M|\n|poke|p2|Scream Tail|\n|poke|p2|Medicham, M|\n|poke|p2|Slaking, F|\n|teampreview\n|\n|t:|1699749346\n|start\n|switch|p1a: Lurantis|Lurantis, M|100\/100\n|switch|p1b: Oranguru|Oranguru, M|100\/100\n|switch|p2a: Oranguru|Oranguru, M|100\/100\n|switch|p2b: Ursaluna|Ursaluna, F|100\/100\n|turn|1\n|inactive|Battle timer is ON: inactive players will automatically lose when time's up. (requested by DonulTrum)\n|\n|t:|1699749361\n|-terastallize|p1a: Lurantis|Water\n|move|p2b: Ursaluna|Protect|p2b: Ursaluna\n|-singleturn|p2b: Ursaluna|Protect\n|move|p1b: Oranguru|Reflect|p1b: Oranguru\n|-sidestart|p1: GunGalione|Reflect\n|move|p1a: Lurantis|Leaf Storm|p2b: Ursaluna\n|-activate|p2b: Ursaluna|move: Protect\n|move|p2a: Oranguru|Trick Room|p2a: Oranguru\n|-fieldstart|move: Trick Room|[of] p2a: Oranguru\n|\n|-status|p2b: Ursaluna|brn|[from] item: Flame Orb\n|upkeep\n|turn|2\n|\n|t:|1699749385\n|move|p1a: Lurantis|Leaf Storm|p2b: Ursaluna\n|-supereffective|p2b: Ursaluna\n|-damage|p2b: Ursaluna|5\/100 brn\n|-boost|p1a: Lurantis|spa|2\n|move|p2b: Ursaluna|Facade|p1a: Lurantis\n|-damage|p1a: Lurantis|20\/100\n|move|p2a: Oranguru|Instruct|p2b: Ursaluna\n|-singleturn|p2b: Ursaluna|move: Instruct|[of] p2a: Oranguru\n|move|p2b: Ursaluna|Facade|p1a: Lurantis\n|-damage|p1a: Lurantis|0 fnt\n|faint|p1a: Lurantis\n|move|p1b: Oranguru|Instruct|p1: Lurantis|[notarget]\n|-fail|p1b: Oranguru\n|\n|-damage|p2b: Ursaluna|0 fnt|[from] brn\n|faint|p2b: Ursaluna\n|upkeep\n|\n|t:|1699749405\n|switch|p1a: Vikavolt|Vikavolt, F, shiny|100\/100\n|switch|p2b: Scream Tail|Scream Tail|100\/100\n|-enditem|p2b: Scream Tail|Booster Energy\n|-activate|p2b: Scream Tail|ability: Protosynthesis|[fromitem]\n|-start|p2b: Scream Tail|protosynthesisspe\n|turn|3\n|\n|t:|1699749418\n|switch|p2a: Grimmsnarl|Grimmsnarl, M|100\/100\n|move|p1a: Vikavolt|Charge Beam|p2b: Scream Tail\n|-damage|p2b: Scream Tail|73\/100\n|-boost|p1a: Vikavolt|spa|1\n|move|p1b: Oranguru|Instruct|p1a: Vikavolt\n|-singleturn|p1a: Vikavolt|move: Instruct|[of] p1b: Oranguru\n|move|p1a: Vikavolt|Charge Beam|p2b: Scream Tail\n|-damage|p2b: Scream Tail|35\/100\n|move|p2b: Scream Tail|Trick Room|p2b: Scream Tail\n|-fieldend|move: Trick Room\n|\n|upkeep\n|turn|4\n|\n|t:|1699749433\n|move|p1a: Vikavolt|Protect|p1a: Vikavolt\n|-singleturn|p1a: Vikavolt|Protect\n|move|p2a: Grimmsnarl|Light Screen|p2a: Grimmsnarl\n|-sidestart|p2: DonulTrum|move: Light Screen\n|move|p2b: Scream Tail|Disable|p1a: Vikavolt\n|-activate|p1a: Vikavolt|move: Protect\n|move|p1b: Oranguru|Trick Room|p1b: Oranguru\n|-fieldstart|move: Trick Room|[of] p1b: Oranguru\n|\n|upkeep\n|turn|5\n|\n|t:|1699749447\n|switch|p1b: Ursaluna|Ursaluna, F, shiny|100\/100\n|move|p1a: Vikavolt|Discharge|p2a: Grimmsnarl|[spread] p2a,p2b\n|-immune|p1b: Ursaluna\n|-damage|p2a: Grimmsnarl|54\/100\n|-damage|p2b: Scream Tail|6\/100\n|-status|p2b: Scream Tail|par\n|move|p2a: Grimmsnarl|Spirit Break|p1a: Vikavolt\n|-damage|p1a: Vikavolt|67\/100\n|-unboost|p1a: Vikavolt|spa|1\n|move|p2b: Scream Tail|Trick Room|p2b: Scream Tail\n|-fieldend|move: Trick Room\n|\n|-sideend|p1: GunGalione|Reflect\n|-status|p1b: Ursaluna|brn|[from] item: Flame Orb\n|upkeep\n|turn|6\n|\n|t:|1699749468\n|move|p1a: Vikavolt|Protect|p1a: Vikavolt\n|-singleturn|p1a: Vikavolt|Protect\n|move|p2a: Grimmsnarl|Reflect|p2a: Grimmsnarl\n|-sidestart|p2: DonulTrum|Reflect\n|move|p2b: Scream Tail|Stealth Rock|p1a: Vikavolt\n|-sidestart|p1: GunGalione|move: Stealth Rock\n|move|p1b: Ursaluna|Earthquake|p2b: Scream Tail|[spread] p2a,p2b\n|-activate|p1a: Vikavolt|move: Protect\n|-damage|p2a: Grimmsnarl|1\/100\n|-damage|p2b: Scream Tail|0 fnt\n|faint|p2b: Scream Tail\n|-end|p2b: Scream Tail|Protosynthesis|[silent]\n|\n|-damage|p1b: Ursaluna|94\/100 brn|[from] brn\n|upkeep\n|\n|t:|1699749480\n|switch|p2b: Medicham|Medicham, M|100\/100\n|turn|7\n|\n|t:|1699749487\n|move|p2b: Medicham|Close Combat|p1b: Ursaluna\n|-supereffective|p1b: Ursaluna\n|-damage|p1b: Ursaluna|0 fnt\n|-unboost|p2b: Medicham|def|1\n|-unboost|p2b: Medicham|spd|1\n|faint|p1b: Ursaluna\n|move|p2a: Grimmsnarl|Spirit Break|p1a: Vikavolt\n|-damage|p1a: Vikavolt|21\/100\n|-unboost|p1a: Vikavolt|spa|1\n|move|p1a: Vikavolt|Discharge|p2a: Grimmsnarl|[spread] p2a,p2b\n|-damage|p2a: Grimmsnarl|0 fnt\n|-damage|p2b: Medicham|52\/100\n|-status|p2b: Medicham|par\n|faint|p2a: Grimmsnarl\n|\n|upkeep\n|\n|t:|1699749501\n|switch|p2a: Slaking|Slaking, F|100\/100\n|switch|p1b: Sinistcha|Sinistcha|100\/100\n|-damage|p1b: Sinistcha|88\/100|[from] Stealth Rock\n|-heal|p1a: Vikavolt|46\/100|[from] ability: Hospitality|[of] p1b: Sinistcha\n|turn|8\n|\n|t:|1699749527\n|move|p1b: Sinistcha|Rage Powder|p1b: Sinistcha\n|-singleturn|p1b: Sinistcha|move: Rage Powder\n|move|p2a: Slaking|Body Slam|p1b: Sinistcha\n|-immune|p1b: Sinistcha\n|move|p2b: Medicham|Skill Swap|p1b: Sinistcha\n|-activate|p2b: Medicham|move: Skill Swap|Hospitality|Pure Power|[of] p1b: Sinistcha\n|move|p1a: Vikavolt|Charge Beam|p2a: Slaking\n|-damage|p2a: Slaking|85\/100\n|-boost|p1a: Vikavolt|spa|1\n|\n|-heal|p2a: Slaking|92\/100|[from] item: Leftovers\n|upkeep\n|turn|9\n|\n|t:|1699749546\n|move|p1b: Sinistcha|Rage Powder|p1b: Sinistcha\n|-singleturn|p1b: Sinistcha|move: Rage Powder\n|cant|p2a: Slaking|ability: Truant\n|move|p2b: Medicham|Taunt|p1b: Sinistcha\n|-start|p1b: Sinistcha|move: Taunt\n|move|p1a: Vikavolt|Charge Beam|p2a: Slaking\n|-damage|p2a: Slaking|67\/100\n|-boost|p1a: Vikavolt|spa|1\n|\n|-heal|p2a: Slaking|73\/100|[from] item: Leftovers\n|upkeep\n|turn|10\n|\n|t:|1699749564\n|switch|p1b: Cresselia|Cresselia, F|100\/100\n|-damage|p1b: Cresselia|88\/100|[from] Stealth Rock\n|move|p1a: Vikavolt|Protect|p1a: Vikavolt\n|-singleturn|p1a: Vikavolt|Protect\n|move|p2a: Slaking|Body Slam|p1a: Vikavolt\n|-activate|p1a: Vikavolt|move: Protect\n|move|p2b: Medicham|Skill Swap|p2a: Slaking\n|-activate|p2b: Medicham|move: Skill Swap|||[of] p2a: Slaking\n|-heal|p2b: Medicham|77\/100 par|[from] ability: Hospitality|[of] p2a: Slaking\n|\n|-heal|p2a: Slaking|79\/100|[from] item: Leftovers\n|-heal|p1b: Cresselia|94\/100|[from] item: Leftovers\n|upkeep\n|turn|11\n|\n|t:|1699749589\n|switch|p2b: Oranguru|Oranguru, M|100\/100\n|move|p1b: Cresselia|Ally Switch|p1b: Cresselia\n|swap|p1b: Cresselia|0|[from] move: Ally Switch\n|move|p2a: Slaking|Body Slam|p1a: Cresselia\n|-damage|p1a: Cresselia|51\/100\n|move|p1b: Vikavolt|Charge Beam|p2a: Slaking\n|-damage|p2a: Slaking|42\/100\n|\n|-heal|p2a: Slaking|48\/100|[from] item: Leftovers\n|-heal|p1a: Cresselia|57\/100|[from] item: Leftovers\n|-sideend|p2: DonulTrum|move: Light Screen\n|upkeep\n|turn|12\n|\n|t:|1699749607\n|move|p1b: Vikavolt|Protect|p1b: Vikavolt\n|-singleturn|p1b: Vikavolt|Protect\n|move|p2a: Slaking|Shadow Claw|p1b: Vikavolt\n|-activate|p1b: Vikavolt|move: Protect\n|move|p1a: Cresselia|Psychic|p2a: Slaking\n|-damage|p2a: Slaking|17\/100\n|move|p2b: Oranguru|Instruct|p2a: Slaking\n|-singleturn|p2a: Slaking|move: Instruct|[of] p2b: Oranguru\n|move|p2a: Slaking|Shadow Claw|p1b: Vikavolt\n|-activate|p1b: Vikavolt|move: Protect\n|\n|-heal|p2a: Slaking|23\/100|[from] item: Leftovers\n|-heal|p1a: Cresselia|64\/100|[from] item: Leftovers\n|upkeep\n|turn|13\n|\n|t:|1699749625\n|move|p1a: Cresselia|Ally Switch|p1a: Cresselia\n|swap|p1a: Cresselia|1|[from] move: Ally Switch\n|move|p2a: Slaking|Shadow Claw|p1b: Cresselia\n|-supereffective|p1b: Cresselia\n|-damage|p1b: Cresselia|23\/100\n|move|p2b: Oranguru|Instruct|p2a: Slaking\n|-singleturn|p2a: Slaking|move: Instruct|[of] p2b: Oranguru\n|move|p2a: Slaking|Shadow Claw|p1b: Cresselia\n|-supereffective|p1b: Cresselia\n|-damage|p1b: Cresselia|0 fnt\n|faint|p1b: Cresselia\n|move|p1a: Vikavolt|Discharge|p2a: Slaking|[spread] p2a,p2b\n|-damage|p2a: Slaking|0 fnt\n|-damage|p2b: Oranguru|58\/100\n|-status|p2b: Oranguru|par\n|faint|p2a: Slaking\n|\n|-sideend|p2: DonulTrum|Reflect\n|upkeep\n|-message|DonulTrum forfeited.\n|\n|win|GunGalione\n|raw|GunGalione's rating: 1338 &rarr; <strong>1365<\/strong><br \/>(+27 for winning)\n|raw|DonulTrum's rating: 1457 &rarr; <strong>1430<\/strong><br \/>(-27 for losing)\n|l|\u2606DonulTrum\n","uploadtime":1699749656,"views":7,"p1id":"gungalione","p2id":"donultrum","formatid":"gen9doublesou","rating":1365,"private":0,"password":""}