{"id":"gen9doublesou-2000418989","p1":"bleahey","p2":"Joeehaan","format":"[Gen 9] Doubles OU","log":"|j|\u2606bleahey\n|j|\u2606Joeehaan\n|inactive|Battle timer is ON: inactive players will automatically lose when time's up.\n|t:|1701193198\n|gametype|doubles\n|player|p1|bleahey|brendan|\n|player|p2|Joeehaan|grimsley|\n|teamsize|p1|2\n|teamsize|p2|2\n|gen|9\n|tier|[Gen 9] Doubles OU\n|rated|Tournament battle\n|rule|Species Clause: Limit one of each Pok\u00e9mon\n|rule|OHKO Clause: OHKO moves are banned\n|rule|Evasion Moves Clause: Evasion moves are banned\n|rule|Gravity Sleep Clause: The combination of sleep-inducing moves with imperfect accuracy and Gravity or Gigantamax Orbeetle are banned\n|rule|Endless Battle Clause: Forcing endless battles is banned\n|rule|HP Percentage Mod: HP is shown in percentages\n|clearpoke\n|poke|p1|Mareanie, M|\n|poke|p1|Vulpix-Alola, F|\n|poke|p2|Shellder, F|\n|poke|p2|Growlithe, F|\n|teampreview\n|j|*Lady Monita \u2746\n|c|\u2606bleahey|Glhf\n|c|\u2606Joeehaan|u too\n|\n|t:|1701193213\n|start\n|switch|p1a: Mareanie|Mareanie, M|100\/100\n|switch|p1b: Vulpix|Vulpix-Alola, F|100\/100\n|switch|p2a: Growlithe|Growlithe, F|100\/100\n|switch|p2b: Shellder|Shellder, F|100\/100\n|-weather|Snow|[from] ability: Snow Warning|[of] p1b: Vulpix\n|-ability|p2a: Growlithe|Intimidate|boost\n|-unboost|p1a: Mareanie|atk|1\n|-unboost|p1b: Vulpix|atk|1\n|turn|1\n|\n|t:|1701193224\n|-terastallize|p2a: Growlithe|Electric\n|move|p1b: Vulpix|Encore||[still]\n|-fail|p1b: Vulpix\n|move|p2a: Growlithe|Wild Charge|p1a: Mareanie\n|-supereffective|p1a: Mareanie\n|-damage|p1a: Mareanie|64\/100\n|-damage|p2a: Growlithe|92\/100|[from] Recoil\n|move|p1a: Mareanie|Toxic|p2a: Growlithe\n|-status|p2a: Growlithe|tox\n|move|p2b: Shellder|Chilling Water|p1b: Vulpix\n|-damage|p1b: Vulpix|93\/100\n|-unboost|p1b: Vulpix|atk|1\n|\n|-weather|Snow|[upkeep]\n|-damage|p2a: Growlithe|86\/100 tox|[from] psn\n|upkeep\n|turn|2\n|inactive|bleahey has 120 seconds left.\n|\n|t:|1701193258\n|-terastallize|p1a: Mareanie|Grass\n|move|p1b: Vulpix|Aurora Veil|p1b: Vulpix\n|-sidestart|p1: bleahey|move: Aurora Veil\n|move|p2a: Growlithe|Wild Charge|p1a: Mareanie\n|-resisted|p1a: Mareanie\n|-damage|p1a: Mareanie|59\/100\n|-damage|p2a: Growlithe|84\/100 tox|[from] Recoil\n|move|p1a: Mareanie|Toxic|p2b: Shellder\n|-status|p2b: Shellder|tox\n|move|p2b: Shellder|Icy Wind|p1b: Vulpix|[spread] p1a,p1b\n|-supereffective|p1a: Mareanie\n|-resisted|p1b: Vulpix\n|-crit|p1b: Vulpix\n|-damage|p1a: Mareanie|50\/100\n|-damage|p1b: Vulpix|90\/100\n|-unboost|p1a: Mareanie|spe|1\n|-unboost|p1b: Vulpix|spe|1\n|\n|-weather|Snow|[upkeep]\n|-damage|p2a: Growlithe|72\/100 tox|[from] psn\n|-damage|p2b: Shellder|94\/100 tox|[from] psn\n|upkeep\n|turn|3\n|\n|t:|1701193276\n|move|p2a: Growlithe|Heat Wave|p1b: Vulpix|[spread] p1a,p1b\n|-supereffective|p1a: Mareanie\n|-supereffective|p1b: Vulpix\n|-damage|p1a: Mareanie|17\/100\n|-damage|p1b: Vulpix|73\/100\n|move|p2b: Shellder|Icy Wind|p1b: Vulpix|[spread] p1b\n|-miss|p2b: Shellder|p1a: Mareanie\n|-resisted|p1b: Vulpix\n|-damage|p1b: Vulpix|71\/100\n|-unboost|p1b: Vulpix|spe|1\n|move|p1a: Mareanie|Recover|p1a: Mareanie\n|-heal|p1a: Mareanie|67\/100\n|move|p1b: Vulpix|Encore|p2a: Growlithe\n|-start|p2a: Growlithe|Encore\n|\n|-weather|Snow|[upkeep]\n|-damage|p2a: Growlithe|54\/100 tox|[from] psn\n|-damage|p2b: Shellder|82\/100 tox|[from] psn\n|upkeep\n|turn|4\n|\n|t:|1701193292\n|move|p1a: Mareanie|Protect|p1a: Mareanie\n|-singleturn|p1a: Mareanie|Protect\n|move|p2a: Growlithe|Heat Wave|p1a: Mareanie|[spread] p1b\n|-activate|p1a: Mareanie|move: Protect\n|-supereffective|p1b: Vulpix\n|-damage|p1b: Vulpix|51\/100\n|move|p2b: Shellder|Icy Wind|p1a: Mareanie|[spread] p1b\n|-activate|p1a: Mareanie|move: Protect\n|-resisted|p1b: Vulpix\n|-damage|p1b: Vulpix|50\/100\n|-unboost|p1b: Vulpix|spe|1\n|move|p1b: Vulpix|Disable|p2a: Growlithe\n|-start|p2a: Growlithe|Disable|Heat Wave\n|\n|-weather|Snow|[upkeep]\n|-damage|p2a: Growlithe|30\/100 tox|[from] psn\n|-damage|p2b: Shellder|64\/100 tox|[from] psn\n|upkeep\n|turn|5\n|c|\u2606Joeehaan|well thats boring !\n|\n|t:|1701193321\n|-activate|p2a: Growlithe|move: Struggle\n|move|p2a: Growlithe|Struggle|p1a: Mareanie\n|-damage|p1a: Mareanie|63\/100\n|-damage|p2a: Growlithe|5\/100 tox|[from] recoil\n|move|p2b: Shellder|Life Dew|p2b: Shellder|[spread] p2a,p2b\n|-heal|p2a: Growlithe|30\/100 tox\n|-heal|p2b: Shellder|89\/100 tox\n|move|p1a: Mareanie|Liquidation|p2a: Growlithe\n|-crit|p2a: Growlithe\n|-damage|p2a: Growlithe|0 fnt\n|faint|p2a: Growlithe\n|move|p1b: Vulpix|Encore|p2b: Shellder\n|-start|p2b: Shellder|Encore\n|\n|-weather|none\n|-damage|p2b: Shellder|65\/100 tox|[from] psn\n|upkeep\n|turn|6\n|\n|t:|1701193343\n|move|p2b: Shellder|Life Dew|p2b: Shellder\n|-heal|p2b: Shellder|90\/100 tox\n|move|p1a: Mareanie|Liquidation|p2b: Shellder\n|-resisted|p2b: Shellder\n|-damage|p2b: Shellder|85\/100 tox\n|move|p1b: Vulpix|Disable|p2b: Shellder\n|-start|p2b: Shellder|Disable|Life Dew\n|\n|-damage|p2b: Shellder|54\/100 tox|[from] psn\n|-sideend|p1: bleahey|move: Aurora Veil\n|upkeep\n|turn|7\n|c|\u2606bleahey|Gg\n|c|\u2606Joeehaan|u rly think so? lol\n|\n|t:|1701193362\n|move|p1b: Vulpix|Protect|p1b: Vulpix\n|-singleturn|p1b: Vulpix|Protect\n|-activate|p2b: Shellder|move: Struggle\n|move|p2b: Shellder|Struggle|p1a: Mareanie\n|-damage|p1a: Mareanie|58\/100\n|-damage|p2b: Shellder|29\/100 tox|[from] recoil\n|move|p1a: Mareanie|Liquidation|p2b: Shellder\n|-resisted|p2b: Shellder\n|-damage|p2b: Shellder|24\/100 tox\n|\n|-damage|p2b: Shellder|0 fnt|[from] psn\n|faint|p2b: Shellder\n|\n|win|bleahey\n|upkeep\n|n|\u2606bleahey|bleahey\n|n|\u2606Joeehaan|joeehaan\n|n|*Lady Monita \u2746|ladymonita\n","uploadtime":1701193378,"views":4,"p1id":"bleahey","p2id":"joeehaan","formatid":"gen9doublesou","rating":0,"private":0,"password":""}