{"id":"gen9doublesou-1985848785","p1":"jammer150","p2":"cotesmcgotes","format":"[Gen 9] Doubles OU","log":"|j|\u2606jammer150\n|j|\u2606cotesmcgotes\n|t:|1699412889\n|gametype|doubles\n|player|p1|jammer150|2|1249\n|player|p2|cotesmcgotes|flannery|1315\n|teamsize|p1|6\n|teamsize|p2|6\n|gen|9\n|tier|[Gen 9] Doubles OU\n|rated|\n|rule|Species Clause: Limit one of each Pok\u00e9mon\n|rule|OHKO Clause: OHKO moves are banned\n|rule|Evasion Moves Clause: Evasion moves are banned\n|rule|Gravity Sleep Clause: The combination of sleep-inducing moves with imperfect accuracy and Gravity or Gigantamax Orbeetle are banned\n|rule|Endless Battle Clause: Forcing endless battles is banned\n|rule|HP Percentage Mod: HP is shown in percentages\n|clearpoke\n|poke|p1|Charizard, F|\n|poke|p1|Torkoal, M|\n|poke|p1|Walking Wake|\n|poke|p1|Diancie|\n|poke|p1|Amoonguss, F|\n|poke|p1|Landorus-Therian, M|\n|poke|p2|Cresselia, F|\n|poke|p2|Tsareena, F|\n|poke|p2|Chien-Pao|\n|poke|p2|Gliscor, M|\n|poke|p2|Ursaluna-Bloodmoon, M|\n|poke|p2|Walking Wake|\n|teampreview\n|inactive|Battle timer is ON: inactive players will automatically lose when time's up. (requested by cotesmcgotes)\n|\n|t:|1699412898\n|start\n|switch|p1a: Diancie|Diancie|100\/100\n|switch|p1b: Landorus|Landorus-Therian, M|100\/100\n|switch|p2a: Ursaluna|Ursaluna-Bloodmoon, M|100\/100\n|switch|p2b: Walking Wake|Walking Wake|100\/100\n|-ability|p1b: Landorus|Intimidate|boost\n|-unboost|p2a: Ursaluna|atk|1\n|-unboost|p2b: Walking Wake|atk|1\n|turn|1\n|inactive|jammer150 has 120 seconds left.\n|\n|t:|1699412929\n|move|p2b: Walking Wake|Hydro Steam|p1a: Diancie\n|-supereffective|p1a: Diancie\n|-damage|p1a: Diancie|39\/100\n|move|p1b: Landorus|U-turn|p2b: Walking Wake\n|-damage|p2b: Walking Wake|64\/100\n|-damage|p1b: Landorus|91\/100|[from] item: Life Orb\n|\n|t:|1699412934\n|switch|p1b: Amoonguss|Amoonguss, F|100\/100|[from] U-turn\n|move|p2a: Ursaluna|Earth Power|p1a: Diancie\n|-supereffective|p1a: Diancie\n|-damage|p1a: Diancie|0 fnt\n|faint|p1a: Diancie\n|\n|upkeep\n|\n|t:|1699412938\n|switch|p1a: Landorus|Landorus-Therian, M|91\/100\n|-ability|p1a: Landorus|Intimidate|boost\n|-unboost|p2a: Ursaluna|atk|1\n|-unboost|p2b: Walking Wake|atk|1\n|turn|2\n|\n|t:|1699412951\n|move|p2b: Walking Wake|Flamethrower|p1b: Amoonguss\n|-supereffective|p1b: Amoonguss\n|-damage|p1b: Amoonguss|61\/100\n|move|p1a: Landorus|U-turn|p2b: Walking Wake\n|-crit|p2b: Walking Wake\n|-damage|p2b: Walking Wake|10\/100\n|-damage|p1a: Landorus|81\/100|[from] item: Life Orb\n|\n|t:|1699412964\n|switch|p1a: Torkoal|Torkoal, M|100\/100|[from] U-turn\n|-weather|SunnyDay|[from] ability: Drought|[of] p1a: Torkoal\n|-activate|p2b: Walking Wake|ability: Protosynthesis\n|-start|p2b: Walking Wake|protosynthesisspe\n|move|p2a: Ursaluna|Blood Moon|p1b: Amoonguss\n|-damage|p1b: Amoonguss|8\/100\n|move|p1b: Amoonguss|Toxic|p2a: Ursaluna\n|-status|p2a: Ursaluna|tox\n|\n|-weather|SunnyDay|[upkeep]\n|-heal|p1b: Amoonguss|14\/100|[from] item: Leftovers\n|-damage|p2a: Ursaluna|94\/100 tox|[from] psn\n|upkeep\n|turn|3\n|inactive|jammer150 has 120 seconds left.\n|l|\u2606cotesmcgotes\n|inactive|cotesmcgotes disconnected and has a minute to reconnect!\n|player|p2|\n|inactive|jammer150 has 90 seconds left.\n|j|\u2606cotesmcgotes\n|inactive|cotesmcgotes reconnected.\n|player|p2|cotesmcgotes|flannery\n|inactive|jammer150 has 60 seconds left.\n|inactive|jammer150 has 30 seconds left.\n|\n|t:|1699413092\n|move|p2a: Ursaluna|Vacuum Wave|p1b: Amoonguss\n|-resisted|p1b: Amoonguss\n|-damage|p1b: Amoonguss|9\/100\n|move|p2b: Walking Wake|Hydro Steam|p1a: Torkoal\n|-supereffective|p1a: Torkoal\n|-damage|p1a: Torkoal|0 fnt\n|faint|p1a: Torkoal\n|move|p1b: Amoonguss|Pollen Puff|p1: Torkoal|[notarget]\n|-fail|p1b: Amoonguss\n|\n|-weather|SunnyDay|[upkeep]\n|-heal|p1b: Amoonguss|15\/100|[from] item: Leftovers\n|-damage|p2a: Ursaluna|82\/100 tox|[from] psn\n|upkeep\n|inactive|jammer150 has 30 seconds left this turn.\n|\n|t:|1699413095\n|switch|p1a: Landorus|Landorus-Therian, M|81\/100\n|-ability|p1a: Landorus|Intimidate|boost\n|-unboost|p2a: Ursaluna|atk|1\n|-unboost|p2b: Walking Wake|atk|1\n|turn|4\n|\n|t:|1699413110\n|move|p2b: Walking Wake|Flamethrower|p1b: Amoonguss\n|-supereffective|p1b: Amoonguss\n|-damage|p1b: Amoonguss|0 fnt\n|faint|p1b: Amoonguss\n|move|p1a: Landorus|Earth Power|p2a: Ursaluna\n|-damage|p2a: Ursaluna|53\/100 tox\n|-damage|p1a: Landorus|71\/100|[from] item: Life Orb\n|move|p2a: Ursaluna|Blood Moon|p1a: Landorus\n|-damage|p1a: Landorus|0 fnt\n|faint|p1a: Landorus\n|\n|-weather|SunnyDay|[upkeep]\n|-damage|p2a: Ursaluna|35\/100 tox|[from] psn\n|upkeep\n|\n|t:|1699413115\n|switch|p1a: Charizard|Charizard, F|100\/100\n|switch|p1b: Walking Wake|Walking Wake|100\/100\n|-activate|p1b: Walking Wake|ability: Protosynthesis\n|-start|p1b: Walking Wake|protosynthesisspa\n|turn|5\n|\n|t:|1699413133\n|move|p2b: Walking Wake|Hydro Steam|p1a: Charizard\n|-supereffective|p1a: Charizard\n|-damage|p1a: Charizard|0 fnt\n|faint|p1a: Charizard\n|move|p1b: Walking Wake|Hydro Steam|p2a: Ursaluna\n|-supereffective|p2a: Ursaluna\n|-damage|p2a: Ursaluna|0 fnt\n|faint|p2a: Ursaluna\n|-damage|p1b: Walking Wake|91\/100|[from] item: Life Orb\n|\n|-weather|SunnyDay|[upkeep]\n|upkeep\n|l|\u2606jammer150\n|inactive|jammer150 disconnected and has a minute to reconnect!\n|player|p1|\n|\n|t:|1699413157\n|switch|p2a: Chien-Pao|Chien-Pao|100\/100\n|-ability|p2a: Chien-Pao|Sword of Ruin\n|turn|6\n|inactive|jammer150 has 30 seconds to reconnect!\n|inactive|jammer150 has 20 seconds to reconnect!\n|inactive|jammer150 has 15 seconds to reconnect!\n|inactive|jammer150 has 10 seconds to reconnect!\n|inactive|jammer150 has 5 seconds to reconnect!\n|-message|jammer150 lost due to inactivity.\n|\n|win|cotesmcgotes\n|raw|jammer150's rating: 1249 &rarr; <strong>1229<\/strong><br \/>(-20 for losing)\n|raw|cotesmcgotes's rating: 1315 &rarr; <strong>1331<\/strong><br \/>(+16 for winning)\n","uploadtime":1699413222,"views":8,"p1id":"jammer150","p2id":"cotesmcgotes","formatid":"gen9doublesou","rating":1229,"private":0,"password":""}