{"id":"gen9doublesou-1970432911","p1":"RocketsViability","p2":"Mikapika_654","format":"[Gen 9] Doubles OU","log":"|j|\u2606RocketsViability\n|j|\u2606Mikapika_654\n|t:|1697638588\n|gametype|doubles\n|player|p1|RocketsViability|266|1168\n|player|p2|Mikapika_654|2|1066\n|teamsize|p1|6\n|teamsize|p2|6\n|gen|9\n|tier|[Gen 9] Doubles OU\n|rated|\n|rule|Species Clause: Limit one of each Pok\u00e9mon\n|rule|OHKO Clause: OHKO moves are banned\n|rule|Evasion Moves Clause: Evasion moves are banned\n|rule|Gravity Sleep Clause: The combination of sleep-inducing moves with imperfect accuracy and Gravity or Gigantamax Orbeetle are banned\n|rule|Endless Battle Clause: Forcing endless battles is banned\n|rule|HP Percentage Mod: HP is shown in percentages\n|clearpoke\n|poke|p1|Ninetales-Alola, F|\n|poke|p1|Trevenant, F|\n|poke|p1|Goodra-Hisui, M|\n|poke|p1|Sandslash-Alola, M|\n|poke|p1|Torterra, F|\n|poke|p1|Empoleon, M|\n|poke|p2|Scream Tail|\n|poke|p2|Flutter Mane|\n|poke|p2|Dugtrio, M|\n|poke|p2|Arcanine, F|\n|poke|p2|Amoonguss, M|\n|poke|p2|Palafin, M|\n|teampreview\n|\n|t:|1697638612\n|start\n|switch|p1a: Ninetales|Ninetales-Alola, F|100\/100\n|switch|p1b: Trevenant|Trevenant, F|100\/100\n|switch|p2a: Arcanine|Arcanine, F|100\/100\n|switch|p2b: Flutter Mane|Flutter Mane|100\/100\n|-weather|Snow|[from] ability: Snow Warning|[of] p1a: Ninetales\n|-ability|p2a: Arcanine|Intimidate|boost\n|-unboost|p1a: Ninetales|atk|1\n|-unboost|p1b: Trevenant|atk|1\n|-enditem|p2b: Flutter Mane|Booster Energy\n|-activate|p2b: Flutter Mane|ability: Protosynthesis|[fromitem]\n|-start|p2b: Flutter Mane|protosynthesisspa\n|turn|1\n|\n|t:|1697638642\n|move|p1b: Trevenant|Ally Switch|p1b: Trevenant\n|swap|p1b: Trevenant|0|[from] move: Ally Switch\n|move|p2b: Flutter Mane|Shadow Ball|p1b: Ninetales\n|-damage|p1b: Ninetales|26\/100\n|-unboost|p1b: Ninetales|spd|1\n|move|p1b: Ninetales|Aurora Veil|p1b: Ninetales\n|-sidestart|p1: RocketsViability|move: Aurora Veil\n|move|p2a: Arcanine|Flare Blitz|p1a: Trevenant\n|-supereffective|p1a: Trevenant\n|-damage|p1a: Trevenant|21\/100\n|-enditem|p1a: Trevenant|Sitrus Berry|[eat]\n|-heal|p1a: Trevenant|46\/100|[from] item: Sitrus Berry\n|-damage|p2a: Arcanine|71\/100|[from] Recoil\n|\n|-weather|Snow|[upkeep]\n|-item|p1a: Trevenant|Sitrus Berry|[from] ability: Harvest\n|upkeep\n|-enditem|p1a: Trevenant|Sitrus Berry|[eat]\n|-heal|p1a: Trevenant|71\/100|[from] item: Sitrus Berry\n|turn|2\n|\n|t:|1697638675\n|move|p2b: Flutter Mane|Shadow Ball|p1b: Ninetales\n|-damage|p1b: Ninetales|0 fnt\n|faint|p1b: Ninetales\n|move|p2a: Arcanine|Flare Blitz|p1a: Trevenant\n|-supereffective|p1a: Trevenant\n|-damage|p1a: Trevenant|0 fnt\n|faint|p1a: Trevenant\n|-damage|p2a: Arcanine|45\/100|[from] Recoil\n|\n|-weather|Snow|[upkeep]\n|upkeep\n|inactive|Battle timer is ON: inactive players will automatically lose when time's up. (requested by Mikapika_654)\n|\n|t:|1697638687\n|switch|p1b: Goodra|Goodra-Hisui, M|100\/100\n|switch|p1a: Empoleon|Empoleon, M|100\/100\n|turn|3\n|\n|t:|1697638708\n|move|p1b: Goodra|Protect|p1b: Goodra\n|-singleturn|p1b: Goodra|Protect\n|move|p2b: Flutter Mane|Moonblast|p1b: Goodra\n|-activate|p1b: Goodra|move: Protect\n|move|p2a: Arcanine|Will-O-Wisp|p1a: Empoleon\n|-status|p1a: Empoleon|brn\n|move|p1a: Empoleon|Hydro Pump|p2a: Arcanine\n|-supereffective|p2a: Arcanine\n|-damage|p2a: Arcanine|0 fnt\n|faint|p2a: Arcanine\n|\n|-weather|Snow|[upkeep]\n|-damage|p1a: Empoleon|94\/100 brn|[from] brn\n|upkeep\n|\n|t:|1697638722\n|switch|p2a: Dugtrio|Dugtrio, M|100\/100\n|turn|4\n|\n|t:|1697638740\n|move|p2b: Flutter Mane|Protect|p2b: Flutter Mane\n|-singleturn|p2b: Flutter Mane|Protect\n|move|p2a: Dugtrio|Earthquake|p1a: Empoleon|[spread] p1a,p1b\n|-activate|p2b: Flutter Mane|move: Protect\n|-supereffective|p1a: Empoleon\n|-supereffective|p1b: Goodra\n|-damage|p1a: Empoleon|50\/100 brn\n|-damage|p1b: Goodra|53\/100\n|move|p1a: Empoleon|Blizzard|p2a: Dugtrio|[spread] p2a\n|-activate|p2b: Flutter Mane|move: Protect\n|-supereffective|p2a: Dugtrio\n|-crit|p2a: Dugtrio\n|-damage|p2a: Dugtrio|0 fnt\n|faint|p2a: Dugtrio\n|-heal|p1a: Empoleon|58\/100 brn|[from] item: Shell Bell|[of] p2b: Flutter Mane\n|move|p1b: Goodra|Blizzard|p2b: Flutter Mane\n|-activate|p2b: Flutter Mane|move: Protect\n|\n|-weather|Snow|[upkeep]\n|-damage|p1a: Empoleon|52\/100 brn|[from] brn\n|upkeep\n|inactive|Mikapika_654 has 120 seconds left.\n|\n|t:|1697638768\n|switch|p2a: Scream Tail|Scream Tail|100\/100\n|-enditem|p2a: Scream Tail|Booster Energy\n|-activate|p2a: Scream Tail|ability: Protosynthesis|[fromitem]\n|-start|p2a: Scream Tail|protosynthesisspe\n|turn|5\n|\n|t:|1697638783\n|move|p1a: Empoleon|Protect|p1a: Empoleon\n|-singleturn|p1a: Empoleon|Protect\n|move|p1b: Goodra|Protect|p1b: Goodra\n|-singleturn|p1b: Goodra|Protect\n|move|p2a: Scream Tail|Play Rough|p1b: Goodra\n|-activate|p1b: Goodra|move: Protect\n|move|p2b: Flutter Mane|Shadow Ball|p1a: Empoleon\n|-activate|p1a: Empoleon|move: Protect\n|\n|-weather|Snow|[upkeep]\n|-damage|p1a: Empoleon|45\/100 brn|[from] brn\n|-sideend|p1: RocketsViability|move: Aurora Veil\n|upkeep\n|turn|6\n|inactive|Mikapika_654 has 120 seconds left.\n|\n|t:|1697638816\n|move|p2a: Scream Tail|Play Rough|p1b: Goodra\n|-damage|p1b: Goodra|32\/100\n|-damage|p2a: Scream Tail|84\/100|[from] item: Rocky Helmet|[of] p1b: Goodra\n|move|p2b: Flutter Mane|Shadow Ball|p1a: Empoleon\n|-damage|p1a: Empoleon|0 fnt\n|faint|p1a: Empoleon\n|move|p1b: Goodra|Blizzard|p2b: Flutter Mane|[spread] p2a,p2b\n|-damage|p2a: Scream Tail|66\/100\n|-damage|p2b: Flutter Mane|69\/100\n|\n|-weather|Snow|[upkeep]\n|upkeep\n|\n|t:|1697638827\n|switch|p1a: Torterra|Torterra, F|100\/100\n|turn|7\n|\n|t:|1697638845\n|-terastallize|p1a: Torterra|Ice\n|move|p2a: Scream Tail|Protect|p2a: Scream Tail\n|-singleturn|p2a: Scream Tail|Protect\n|move|p2b: Flutter Mane|Perish Song|p2b: Flutter Mane\n|-start|p1a: Torterra|perish3|[silent]\n|-start|p1b: Goodra|perish3|[silent]\n|-start|p2a: Scream Tail|perish3|[silent]\n|-start|p2b: Flutter Mane|perish3|[silent]\n|-fieldactivate|move: Perish Song\n|move|p1a: Torterra|Shell Smash|p1a: Torterra\n|-unboost|p1a: Torterra|def|1\n|-unboost|p1a: Torterra|spd|1\n|-boost|p1a: Torterra|atk|2\n|-boost|p1a: Torterra|spa|2\n|-boost|p1a: Torterra|spe|2\n|move|p1b: Goodra|Blizzard|p2a: Scream Tail|[spread] p2b\n|-activate|p2a: Scream Tail|move: Protect\n|-damage|p2b: Flutter Mane|42\/100\n|\n|-weather|Snow|[upkeep]\n|-start|p2a: Scream Tail|perish3\n|-start|p1a: Torterra|perish3\n|-start|p2b: Flutter Mane|perish3\n|-start|p1b: Goodra|perish3\n|upkeep\n|turn|8\n|inactive|Mikapika_654 has 120 seconds left.\n|\n|t:|1697638885\n|switch|p1b: Sandslash|Sandslash-Alola, M|100\/100\n|move|p2a: Scream Tail|Disable|p1a: Torterra\n|-start|p1a: Torterra|Disable|Shell Smash\n|move|p1a: Torterra|Bullet Seed|p2b: Flutter Mane\n|-damage|p2b: Flutter Mane|0 fnt\n|faint|p2b: Flutter Mane\n|-end|p2b: Flutter Mane|Protosynthesis|[silent]\n|-hitcount|p2: Flutter Mane|1\n|\n|-weather|none\n|-start|p2a: Scream Tail|perish2\n|-start|p1a: Torterra|perish2\n|upkeep\n|\n|t:|1697638903\n|switch|p2b: Palafin|Palafin, M|100\/100\n|turn|9\n|inactive|Mikapika_654 has 120 seconds left.\n|\n|t:|1697638928\n|move|p2a: Scream Tail|Protect|p2a: Scream Tail\n|-singleturn|p2a: Scream Tail|Protect\n|move|p1a: Torterra|Bullet Seed|p2b: Palafin\n|-supereffective|p2b: Palafin\n|-damage|p2b: Palafin|41\/100\n|-supereffective|p2b: Palafin\n|-damage|p2b: Palafin|0 fnt\n|faint|p2b: Palafin\n|-hitcount|p2: Palafin|2\n|move|p1b: Sandslash|Ice Spinner|p2a: Scream Tail\n|-activate|p2a: Scream Tail|move: Protect\n|\n|-start|p2a: Scream Tail|perish1\n|-start|p1a: Torterra|perish1\n|upkeep\n|\n|t:|1697638943\n|switch|p2b: Amoonguss|Amoonguss, M|100\/100\n|turn|10\n|c|\u2606RocketsViability|rip\n|\n|t:|1697638970\n|switch|p1a: Goodra|Goodra-Hisui, M|32\/100\n|move|p2b: Amoonguss|Protect|p2b: Amoonguss\n|-singleturn|p2b: Amoonguss|Protect\n|move|p2a: Scream Tail|Disable|p1b: Sandslash\n|-start|p1b: Sandslash|Disable|Ice Spinner\n|cant|p1b: Sandslash|Disable|Ice Spinner\n|\n|-start|p2a: Scream Tail|perish0\n|faint|p2a: Scream Tail\n|-end|p2a: Scream Tail|Protosynthesis|[silent]\n|upkeep\n|turn|11\n|\n|t:|1697638987\n|move|p1b: Sandslash|Ice Shard|p2b: Amoonguss\n|-supereffective|p2b: Amoonguss\n|-damage|p2b: Amoonguss|67\/100\n|move|p1a: Goodra|Flamethrower|p2b: Amoonguss\n|-supereffective|p2b: Amoonguss\n|-damage|p2b: Amoonguss|23\/100\n|move|p2b: Amoonguss|Spore|p1b: Sandslash\n|-status|p1b: Sandslash|slp|[from] move: Spore\n|\n|upkeep\n|turn|12\n|inactive|Mikapika_654 has 120 seconds left.\n|\n|t:|1697638998\n|switch|p1a: Torterra|Torterra, F, tera:Ice|100\/100\n|move|p2b: Amoonguss|Rage Powder|p2b: Amoonguss\n|-singleturn|p2b: Amoonguss|move: Rage Powder\n|cant|p1b: Sandslash|slp\n|\n|upkeep\n|turn|13\n|\n|t:|1697639007\n|cant|p1b: Sandslash|slp\n|move|p1a: Torterra|Rock Blast|p2b: Amoonguss\n|-crit|p2b: Amoonguss\n|-damage|p2b: Amoonguss|10\/100\n|-damage|p2b: Amoonguss|3\/100\n|-damage|p2b: Amoonguss|0 fnt\n|faint|p2b: Amoonguss\n|-hitcount|p2: Amoonguss|3\n|\n|win|RocketsViability\n|raw|RocketsViability's rating: 1168 &rarr; <strong>1186<\/strong><br \/>(+18 for winning)\n|raw|Mikapika_654's rating: 1066 &rarr; <strong>1052<\/strong><br \/>(-14 for losing)\n|l|\u2606Mikapika_654\n","uploadtime":1697639017,"views":8,"p1id":"rocketsviability","p2id":"mikapika654","formatid":"gen9doublesou","rating":1052,"private":0,"password":""}