{"id":"gen9doublesou-1995658645","p1":"dropthemike","p2":"Monkechunk07","format":"[Gen 9] Doubles OU","log":"|j|\u2606dropthemike\n|j|\u2606Monkechunk07\n|t:|1700591509\n|gametype|doubles\n|player|p1|dropthemike|roxie|1060\n|player|p2|Monkechunk07|caitlin|1008\n|teamsize|p1|6\n|teamsize|p2|6\n|gen|9\n|tier|[Gen 9] Doubles OU\n|rated|\n|rule|Species Clause: Limit one of each Pok\u00e9mon\n|rule|OHKO Clause: OHKO moves are banned\n|rule|Evasion Moves Clause: Evasion moves are banned\n|rule|Gravity Sleep Clause: The combination of sleep-inducing moves with imperfect accuracy and Gravity or Gigantamax Orbeetle are banned\n|rule|Endless Battle Clause: Forcing endless battles is banned\n|rule|HP Percentage Mod: HP is shown in percentages\n|clearpoke\n|poke|p1|Skeledirge, F|\n|poke|p1|Diancie|\n|poke|p1|Noivern, M|\n|poke|p1|Regieleki|\n|poke|p1|Samurott, M|\n|poke|p1|Chesnaught, M|\n|poke|p2|Azumarill, M|\n|poke|p2|Ogerpon-Cornerstone, F|\n|poke|p2|Sinistcha-Masterpiece|\n|poke|p2|Ursaluna, F|\n|poke|p2|Poliwrath, F|\n|poke|p2|Flamigo, F|\n|teampreview\n|inactive|Battle timer is ON: inactive players will automatically lose when time's up. (requested by Monkechunk07)\n|\n|t:|1700591525\n|start\n|switch|p1a: Skeledirge|Skeledirge, F|100\/100\n|switch|p1b: Chesnaught|Chesnaught, M|100\/100\n|switch|p2a: Poliwrath|Poliwrath, F|100\/100\n|switch|p2b: Ogerpon|Ogerpon-Cornerstone, F|100\/100\n|turn|1\n|\n|t:|1700591541\n|move|p2b: Ogerpon|Follow Me|p2b: Ogerpon\n|-singleturn|p2b: Ogerpon|move: Follow Me\n|move|p2a: Poliwrath|Belly Drum|p2a: Poliwrath\n|-damage|p2a: Poliwrath|50\/100\n|-setboost|p2a: Poliwrath|atk|6|[from] move: Belly Drum\n|move|p1a: Skeledirge|Fire Pledge|p2b: Ogerpon\n|-waiting|p1a: Skeledirge|p1b: Chesnaught\n|move|p1b: Chesnaught|Grass Pledge|p2b: Ogerpon|[from]move: Fire Pledge\n|-combine\n|-damage|p2b: Ogerpon|56\/100\n|-sidestart|p2: Monkechunk07|Fire Pledge\n|\n|-damage|p2b: Ogerpon|44\/100|[from] Fire Pledge\n|-damage|p2a: Poliwrath|38\/100|[from] Fire Pledge\n|-heal|p2a: Poliwrath|44\/100|[from] item: Leftovers\n|upkeep\n|turn|2\n|c|\u2606Monkechunk07|ohh nice pledge team\n|c|\u2606dropthemike|Thank you\n|inactive|Monkechunk07 has 120 seconds left.\n|\n|t:|1700591582\n|move|p2b: Ogerpon|Spiky Shield|p2b: Ogerpon\n|-singleturn|p2b: Ogerpon|move: Protect\n|move|p2a: Poliwrath|Baton Pass|p2a: Poliwrath\n|\n|t:|1700591587\n|switch|p2a: Ursaluna|Ursaluna, F|100\/100|[from] Baton Pass\n|move|p1a: Skeledirge|Torch Song|p2b: Ogerpon\n|-activate|p2b: Ogerpon|move: Protect\n|move|p1b: Chesnaught|Grass Pledge|p2a: Ursaluna\n|-supereffective|p2a: Ursaluna\n|-damage|p2a: Ursaluna|63\/100\n|\n|-damage|p2b: Ogerpon|32\/100|[from] Fire Pledge\n|-damage|p2a: Ursaluna|51\/100|[from] Fire Pledge\n|-status|p2a: Ursaluna|brn|[from] item: Flame Orb\n|upkeep\n|turn|3\n|inactive|Monkechunk07 has 120 seconds left.\n|inactive|dropthemike has 120 seconds left.\n|\n|t:|1700591626\n|switch|p2b: Sinistcha|Sinistcha-Masterpiece, shiny|100\/100\n|-heal|p2a: Ursaluna|75\/100 brn|[from] ability: Hospitality|[of] p2b: Sinistcha\n|move|p1a: Skeledirge|Torch Song|p2a: Ursaluna\n|-damage|p2a: Ursaluna|42\/100 brn\n|-boost|p1a: Skeledirge|spa|1\n|move|p1b: Chesnaught|Body Press|p2b: Sinistcha\n|-immune|p2b: Sinistcha\n|move|p2a: Ursaluna|Headlong Rush|p1a: Skeledirge\n|-supereffective|p1a: Skeledirge\n|-enditem|p1a: Skeledirge|Focus Sash\n|-damage|p1a: Skeledirge|1\/100\n|-unboost|p2a: Ursaluna|def|1\n|-unboost|p2a: Ursaluna|spd|1\n|\n|-damage|p2b: Sinistcha|88\/100|[from] Fire Pledge\n|-damage|p2a: Ursaluna|30\/100 brn|[from] Fire Pledge\n|-damage|p2a: Ursaluna|24\/100 brn|[from] brn\n|upkeep\n|turn|4\n|inactive|dropthemike has 120 seconds left.\n|inactive|Monkechunk07 has 120 seconds left.\n|\n|t:|1700591656\n|switch|p2b: Flamigo|Flamigo, F|100\/100\n|-copyboost|p2b: Flamigo|p2a: Ursaluna|[from] ability: Costar\n|-terastallize|p2a: Ursaluna|Fighting\n|move|p1a: Skeledirge|Torch Song|p2b: Flamigo\n|-damage|p2b: Flamigo|0 fnt\n|-boost|p1a: Skeledirge|spa|1\n|faint|p2b: Flamigo\n|move|p1b: Chesnaught|Body Press|p2a: Ursaluna\n|-damage|p2a: Ursaluna|0 fnt\n|faint|p2a: Ursaluna\n|\n|-sideend|p2: Monkechunk07|Fire Pledge\n|upkeep\n|\n|t:|1700591672\n|switch|p2b: Ogerpon|Ogerpon-Cornerstone, F|32\/100\n|switch|p2a: Azumarill|Azumarill, M, shiny|100\/100\n|turn|5\n|inactive|Monkechunk07 has 120 seconds left.\n|\n|t:|1700591684\n|move|p2b: Ogerpon|Follow Me|p2b: Ogerpon\n|-singleturn|p2b: Ogerpon|move: Follow Me\n|move|p1a: Skeledirge|Fire Pledge|p2b: Ogerpon\n|-waiting|p1a: Skeledirge|p1b: Chesnaught\n|move|p1b: Chesnaught|Grass Pledge|p2b: Ogerpon|[from]move: Fire Pledge\n|-combine\n|-damage|p2b: Ogerpon|0 fnt\n|-sidestart|p2: Monkechunk07|Fire Pledge\n|faint|p2b: Ogerpon\n|move|p2a: Azumarill|Belly Drum|p2a: Azumarill\n|-damage|p2a: Azumarill|50\/100\n|-setboost|p2a: Azumarill|atk|6|[from] move: Belly Drum\n|-enditem|p2a: Azumarill|Sitrus Berry|[eat]\n|-heal|p2a: Azumarill|75\/100|[from] item: Sitrus Berry\n|\n|-damage|p2a: Azumarill|63\/100|[from] Fire Pledge\n|upkeep\n|inactive|Monkechunk07 has 120 seconds left.\n|\n|t:|1700591699\n|switch|p2b: Sinistcha|Sinistcha-Masterpiece, shiny|88\/100\n|-heal|p2a: Azumarill|88\/100|[from] ability: Hospitality|[of] p2b: Sinistcha\n|turn|6\n|\n|t:|1700591718\n|move|p1a: Skeledirge|Torch Song|p2b: Sinistcha\n|-supereffective|p2b: Sinistcha\n|-damage|p2b: Sinistcha|0 fnt\n|-boost|p1a: Skeledirge|spa|1\n|faint|p2b: Sinistcha\n|move|p1b: Chesnaught|Grass Pledge|p2a: Azumarill\n|-supereffective|p2a: Azumarill\n|-damage|p2a: Azumarill|44\/100\n|move|p2a: Azumarill|Substitute|p2a: Azumarill\n|-start|p2a: Azumarill|Substitute\n|-damage|p2a: Azumarill|19\/100\n|\n|-damage|p2a: Azumarill|6\/100|[from] Fire Pledge\n|upkeep\n|inactive|Monkechunk07 has 120 seconds left.\n|\n|t:|1700591730\n|switch|p2b: Poliwrath|Poliwrath, F|44\/100\n|turn|7\n|\n|t:|1700591743\n|move|p2b: Poliwrath|Brick Break|p1b: Chesnaught\n|-damage|p1b: Chesnaught|87\/100\n|move|p1a: Skeledirge|Torch Song|p2a: Azumarill\n|-resisted|p2a: Azumarill\n|-damage|p2a: Azumarill|0 fnt\n|-boost|p1a: Skeledirge|spa|1\n|faint|p2a: Azumarill\n|move|p1b: Chesnaught|Grass Pledge|p2b: Poliwrath\n|-supereffective|p2b: Poliwrath\n|-damage|p2b: Poliwrath|11\/100\n|\n|-damage|p2b: Poliwrath|0 fnt|[from] Fire Pledge\n|faint|p2b: Poliwrath\n|\n|win|dropthemike\n|upkeep\n|raw|dropthemike's rating: 1060 &rarr; <strong>1086<\/strong><br \/>(+26 for winning)\n|raw|Monkechunk07's rating: 1008 &rarr; <strong>1000<\/strong><br \/>(-8 for losing)\n|l|\u2606Monkechunk07\n|c|\u2606dropthemike|gg\n","uploadtime":1700591761,"views":7,"p1id":"dropthemike","p2id":"monkechunk07","formatid":"gen9doublesou","rating":1000,"private":0,"password":""}