{"id":"gen9doublesou-1968893737","p1":"Champion's Melody","p2":"gghvrnt","format":"[Gen 9] Doubles OU","log":"|j|\u2606Champion's Melody\n|j|\u2606gghvrnt\n|t:|1697473442\n|gametype|doubles\n|player|p1|Champion's Melody|cynthia|1175\n|player|p2|gghvrnt|li|1080\n|teamsize|p1|6\n|teamsize|p2|6\n|gen|9\n|tier|[Gen 9] Doubles OU\n|rated|\n|rule|Species Clause: Limit one of each Pok\u00e9mon\n|rule|OHKO Clause: OHKO moves are banned\n|rule|Evasion Moves Clause: Evasion moves are banned\n|rule|Gravity Sleep Clause: The combination of sleep-inducing moves with imperfect accuracy and Gravity or Gigantamax Orbeetle are banned\n|rule|Endless Battle Clause: Forcing endless battles is banned\n|rule|HP Percentage Mod: HP is shown in percentages\n|clearpoke\n|poke|p1|Lurantis, F|\n|poke|p1|Gliscor, F|\n|poke|p1|Salazzle, F|\n|poke|p1|Kleavor, M|\n|poke|p1|Basculegion-F, F|\n|poke|p1|Empoleon, M|\n|poke|p2|Ogerpon-Wellspring, F|\n|poke|p2|Ursaluna-Bloodmoon, M|\n|poke|p2|Dusclops, M|\n|poke|p2|Kleavor, F|\n|poke|p2|Kingambit, M|\n|poke|p2|Conkeldurr, M|\n|teampreview\n|inactive|Battle timer is ON: inactive players will automatically lose when time's up. (requested by Champion's Melody)\n|\n|t:|1697473461\n|start\n|switch|p1a: Gliscor|Gliscor, F|100\/100\n|switch|p1b: Lurantis|Lurantis, F|100\/100\n|switch|p2a: Ogerpon|Ogerpon-Wellspring, F|100\/100\n|switch|p2b: Dusclops|Dusclops, M|100\/100\n|-item|p1a: Gliscor|Toxic Orb|[from] ability: Frisk|[of] p2b: Dusclops|[identify]\n|-item|p1b: Lurantis|Assault Vest|[from] ability: Frisk|[of] p2b: Dusclops|[identify]\n|turn|1\n|\n|t:|1697473488\n|move|p1a: Gliscor|Bulldoze|p2b: Dusclops|[spread] p1b,p2a,p2b\n|-resisted|p1b: Lurantis\n|-resisted|p2a: Ogerpon\n|-damage|p1b: Lurantis|90\/100\n|-damage|p2a: Ogerpon|90\/100\n|-damage|p2b: Dusclops|90\/100\n|-boost|p1b: Lurantis|spe|1\n|-unboost|p2a: Ogerpon|spe|1\n|-unboost|p2b: Dusclops|spe|1\n|move|p2a: Ogerpon|Ivy Cudgel|p1a: Gliscor\n|-supereffective|p1a: Gliscor\n|-damage|p1a: Gliscor|1\/100\n|move|p1b: Lurantis|Leaf Storm|p2a: Ogerpon\n|-damage|p2a: Ogerpon|60\/100\n|-boost|p1b: Lurantis|spa|2\n|move|p2b: Dusclops|Trick Room|p2b: Dusclops\n|-fieldstart|move: Trick Room|[of] p2b: Dusclops\n|\n|-status|p1a: Gliscor|tox|[from] item: Toxic Orb\n|upkeep\n|turn|2\n|\n|t:|1697473514\n|switch|p2a: Kleavor|Kleavor, F|100\/100\n|-terastallize|p1b: Lurantis|Bug\n|move|p2b: Dusclops|Icy Wind|p1b: Lurantis|[spread] p1a,p1b\n|-supereffective|p1a: Gliscor\n|-damage|p1a: Gliscor|0 fnt\n|-damage|p1b: Lurantis|85\/100\n|-boost|p1b: Lurantis|spe|1\n|faint|p1a: Gliscor\n|move|p1b: Lurantis|Pollen Puff|p2a: Kleavor\n|-damage|p2a: Kleavor|32\/100\n|\n|upkeep\n|inactive|Champion's Melody has 120 seconds left.\n|\n|t:|1697473533\n|switch|p1a: Salazzle|Salazzle, F, shiny|100\/100\n|turn|3\n|\n|t:|1697473546\n|switch|p2b: Ursaluna|Ursaluna-Bloodmoon, M|100\/100\n|move|p1a: Salazzle|Fake Out|p2a: Kleavor\n|-resisted|p2a: Kleavor\n|-damage|p2a: Kleavor|28\/100\n|move|p1b: Lurantis|Superpower|p2a: Kleavor\n|-damage|p2a: Kleavor|0 fnt\n|-boost|p1b: Lurantis|atk|1\n|-boost|p1b: Lurantis|def|1\n|faint|p2a: Kleavor\n|\n|upkeep\n|\n|t:|1697473560\n|switch|p2a: Conkeldurr|Conkeldurr, M|100\/100\n|turn|4\n|\n|t:|1697473572\n|move|p2a: Conkeldurr|Mach Punch|p2b: Ursaluna\n|-supereffective|p2b: Ursaluna\n|-damage|p2b: Ursaluna|75\/100\n|-enditem|p2b: Ursaluna|Weakness Policy\n|-boost|p2b: Ursaluna|atk|2|[from] item: Weakness Policy\n|-boost|p2b: Ursaluna|spa|2|[from] item: Weakness Policy\n|move|p2b: Ursaluna|Blood Moon|p1b: Lurantis\n|-damage|p1b: Lurantis|0 fnt\n|faint|p1b: Lurantis\n|move|p1a: Salazzle|Sludge Bomb|p2a: Conkeldurr\n|-damage|p2a: Conkeldurr|64\/100\n|\n|-heal|p2a: Conkeldurr|71\/100|[from] item: Leftovers\n|upkeep\n|\n|t:|1697473585\n|switch|p1b: Empoleon|Empoleon, M|100\/100\n|turn|5\n|\n|t:|1697473594\n|move|p2a: Conkeldurr|Drain Punch|p1b: Empoleon\n|-supereffective|p1b: Empoleon\n|-damage|p1b: Empoleon|8\/100\n|-heal|p2a: Conkeldurr|100\/100|[from] drain|[of] p1b: Empoleon\n|move|p2b: Ursaluna|Earth Power|p1a: Salazzle\n|-supereffective|p1a: Salazzle\n|-damage|p1a: Salazzle|0 fnt\n|faint|p1a: Salazzle\n|move|p1b: Empoleon|Blizzard|p2a: Conkeldurr|[spread] p2b\n|-miss|p1b: Empoleon|p2a: Conkeldurr\n|-supereffective|p2b: Ursaluna\n|-damage|p2b: Ursaluna|0 fnt\n|faint|p2b: Ursaluna\n|\n|-fieldend|move: Trick Room\n|upkeep\n|\n|t:|1697473614\n|switch|p1a: Kleavor|Kleavor, M|100\/100\n|switch|p2b: Ogerpon|Ogerpon-Wellspring, F|60\/100\n|turn|6\n|\n|t:|1697473625\n|move|p2a: Conkeldurr|Mach Punch|p1b: Empoleon\n|-supereffective|p1b: Empoleon\n|-crit|p1b: Empoleon\n|-damage|p1b: Empoleon|0 fnt\n|faint|p1b: Empoleon\n|move|p1a: Kleavor|X-Scissor|p2b: Ogerpon\n|-supereffective|p2b: Ogerpon\n|-damage|p2b: Ogerpon|0 fnt\n|faint|p2b: Ogerpon\n|\n|upkeep\n|\n|t:|1697473639\n|switch|p2b: Kingambit|Kingambit, M|100\/100\n|switch|p1b: Basculegion|Basculegion-F, F|100\/100\n|turn|7\n|\n|t:|1697473654\n|move|p1b: Basculegion|Last Respects|p2a: Conkeldurr\n|-damage|p2a: Conkeldurr|0 fnt\n|faint|p2a: Conkeldurr\n|move|p1a: Kleavor|X-Scissor|p2b: Kingambit\n|-damage|p2b: Kingambit|27\/100\n|move|p2b: Kingambit|Kowtow Cleave|p1b: Basculegion\n|-supereffective|p1b: Basculegion\n|-damage|p1b: Basculegion|0 fnt\n|faint|p1b: Basculegion\n|\n|upkeep\n|\n|t:|1697473666\n|switch|p2a: Dusclops|Dusclops, M|90\/100\n|-item|p1a: Kleavor|Choice Band|[from] ability: Frisk|[of] p2a: Dusclops|[identify]\n|turn|8\n|\n|t:|1697473690\n|move|p2a: Dusclops|Helping Hand|p2b: Kingambit\n|-singleturn|p2b: Kingambit|Helping Hand|[of] p2a: Dusclops\n|move|p2b: Kingambit|Sucker Punch|p1a: Kleavor\n|-damage|p1a: Kleavor|28\/100\n|move|p1a: Kleavor|X-Scissor|p2b: Kingambit\n|-damage|p2b: Kingambit|0 fnt\n|faint|p2b: Kingambit\n|\n|upkeep\n|turn|9\n|\n|t:|1697473705\n|move|p1a: Kleavor|X-Scissor|p2a: Dusclops\n|-resisted|p2a: Dusclops\n|-damage|p2a: Dusclops|59\/100\n|move|p2a: Dusclops|Icy Wind|p1a: Kleavor\n|-damage|p1a: Kleavor|14\/100\n|-unboost|p1a: Kleavor|spe|1\n|\n|upkeep\n|turn|10\n|\n|t:|1697473714\n|move|p1a: Kleavor|X-Scissor|p2a: Dusclops\n|-resisted|p2a: Dusclops\n|-damage|p2a: Dusclops|28\/100\n|move|p2a: Dusclops|Icy Wind|p1a: Kleavor\n|-damage|p1a: Kleavor|2\/100\n|-unboost|p1a: Kleavor|spe|1\n|\n|upkeep\n|turn|11\n|\n|t:|1697473723\n|move|p1a: Kleavor|X-Scissor|p2a: Dusclops\n|-resisted|p2a: Dusclops\n|-damage|p2a: Dusclops|0 fnt\n|faint|p2a: Dusclops\n|\n|win|Champion's Melody\n|raw|Champion&apos;s Melody's rating: 1175 &rarr; <strong>1193<\/strong><br \/>(+18 for winning)\n|raw|gghvrnt's rating: 1080 &rarr; <strong>1064<\/strong><br \/>(-16 for losing)\n|l|\u2606gghvrnt\n|c|\u2606Champion's Melody|phew, close one\n|c|\u2606Champion's Melody|ggg\n","uploadtime":1697473745,"views":15,"p1id":"championsmelody","p2id":"gghvrnt","formatid":"gen9doublesou","rating":1064,"private":0,"password":""}