{"id":"gen9doublesou-1991509512","p1":"DIMU179","p2":"StanleyClean","format":"[Gen 9] Doubles OU","log":"|j|\u2606DIMU179\n|j|\u2606StanleyClean\n|inactive|Battle timer is ON: inactive players will automatically lose when time's up.\n|t:|1700083484\n|gametype|doubles\n|player|p1|DIMU179|benga|\n|player|p2|StanleyClean|swimmer-gen4dp|\n|teamsize|p1|6\n|teamsize|p2|6\n|gen|9\n|tier|[Gen 9] Doubles OU\n|rated|Tournament battle\n|rule|Species Clause: Limit one of each Pok\u00e9mon\n|rule|OHKO Clause: OHKO moves are banned\n|rule|Evasion Moves Clause: Evasion moves are banned\n|rule|Gravity Sleep Clause: The combination of sleep-inducing moves with imperfect accuracy and Gravity or Gigantamax Orbeetle are banned\n|rule|Endless Battle Clause: Forcing endless battles is banned\n|rule|HP Percentage Mod: HP is shown in percentages\n|clearpoke\n|poke|p1|Bellibolt, F|\n|poke|p1|Espathra, F|\n|poke|p1|Pawmo, M|\n|poke|p1|Murkrow, F|\n|poke|p1|Thwackey, F|\n|poke|p1|Venonat, F|\n|poke|p2|Sinistcha|\n|poke|p2|Mudbray, F|\n|poke|p2|Makuhita, M|\n|poke|p2|Geodude, M|\n|poke|p2|Cloyster, F|\n|poke|p2|Gurdurr, F|\n|teampreview\n|j|*Lady Monita \u2746\n|inactive|DIMU179 also wants the timer to be on.\n|c|\u2606StanleyClean|hf\n|c|\u2606StanleyClean|sweet team\n|inactive|DIMU179 has 120 seconds left.\n|inactive|StanleyClean has 120 seconds left.\n|inactive|DIMU179 has 90 seconds left.\n|inactive|StanleyClean has 90 seconds left.\n|c|\u2606DIMU179|u2\n|\n|t:|1700083559\n|start\n|switch|p1a: Pawmo|Pawmo, M|100\/100\n|switch|p1b: Bellibolt|Bellibolt, F|100\/100\n|switch|p2a: Geodude|Geodude, M|100\/100\n|switch|p2b: Makuhita|Makuhita, M|100\/100\n|turn|1\n|\n|t:|1700083573\n|move|p1a: Pawmo|Fake Out|p2a: Geodude\n|-resisted|p2a: Geodude\n|-damage|p2a: Geodude|93\/100\n|cant|p2a: Geodude|flinch\n|move|p1b: Bellibolt|Soak|p2a: Geodude\n|-start|p2a: Geodude|typechange|Water\n|move|p2b: Makuhita|Knock Off|p1b: Bellibolt\n|-damage|p1b: Bellibolt|85\/100\n|-status|p2b: Makuhita|par|[from] ability: Static|[of] p1b: Bellibolt\n|-enditem|p1b: Bellibolt|Leftovers|[from] move: Knock Off|[of] p2b: Makuhita\n|\n|upkeep\n|turn|2\n|inactive|StanleyClean has 120 seconds left.\n|\n|t:|1700083605\n|move|p1a: Pawmo|Knock Off|p2b: Makuhita\n|-resisted|p2b: Makuhita\n|-damage|p2b: Makuhita|82\/100 par\n|-enditem|p2b: Makuhita|Eviolite|[from] move: Knock Off|[of] p1a: Pawmo\n|move|p2a: Geodude|Stealth Rock|p1a: Pawmo\n|-sidestart|p1: DIMU179|move: Stealth Rock\n|move|p1b: Bellibolt|Thunderbolt|p2a: Geodude\n|-supereffective|p2a: Geodude\n|-damage|p2a: Geodude|0 fnt\n|faint|p2a: Geodude\n|move|p2b: Makuhita|Drain Punch|p1b: Bellibolt\n|-damage|p1b: Bellibolt|60\/100\n|-heal|p2b: Makuhita|98\/100 par|[from] drain|[of] p1b: Bellibolt\n|\n|upkeep\n|inactive|StanleyClean has 120 seconds left.\n|\n|t:|1700083618\n|switch|p2a: Mudbray|Mudbray, F|100\/100\n|turn|3\n|\n|t:|1700083641\n|switch|p1a: Murkrow|Murkrow, F|100\/100\n|-damage|p1a: Murkrow|76\/100|[from] Stealth Rock\n|switch|p1b: Thwackey|Thwackey, F|100\/100\n|-damage|p1b: Thwackey|88\/100|[from] Stealth Rock\n|-fieldstart|move: Grassy Terrain|[from] ability: Grassy Surge|[of] p1b: Thwackey\n|move|p2a: Mudbray|Rock Slide|p1b: Thwackey|[spread] p1a,p1b\n|-supereffective|p1a: Murkrow\n|-damage|p1a: Murkrow|27\/100\n|-damage|p1b: Thwackey|67\/100\n|cant|p2b: Makuhita|par\n|\n|-heal|p1b: Thwackey|73\/100|[from] Grassy Terrain\n|-heal|p2b: Makuhita|100\/100 par|[from] Grassy Terrain\n|upkeep\n|turn|4\n|inactive|StanleyClean has 120 seconds left.\n|inactive|StanleyClean has 90 seconds left.\n|\n|t:|1700083702\n|move|p1b: Thwackey|Grassy Glide|p2a: Mudbray\n|-supereffective|p2a: Mudbray\n|-damage|p2a: Mudbray|51\/100\n|-ability|p2a: Mudbray|Stamina|boost\n|-boost|p2a: Mudbray|def|1\n|move|p1a: Murkrow|Tailwind|p1a: Murkrow\n|-sidestart|p1: DIMU179|move: Tailwind\n|move|p2a: Mudbray|Rock Slide|p1a: Murkrow|[spread] p1a,p1b\n|-supereffective|p1a: Murkrow\n|-damage|p1a: Murkrow|0 fnt\n|-damage|p1b: Thwackey|55\/100\n|faint|p1a: Murkrow\n|cant|p2b: Makuhita|par\n|\n|-heal|p1b: Thwackey|61\/100|[from] Grassy Terrain\n|-heal|p2a: Mudbray|57\/100|[from] Grassy Terrain\n|upkeep\n|\n|t:|1700083713\n|switch|p1a: Venonat|Venonat, F|100\/100\n|-damage|p1a: Venonat|76\/100|[from] Stealth Rock\n|turn|5\n|\n|t:|1700083723\n|move|p1b: Thwackey|Grassy Glide|p2a: Mudbray\n|-supereffective|p2a: Mudbray\n|-damage|p2a: Mudbray|25\/100\n|-ability|p2a: Mudbray|Stamina|boost\n|-boost|p2a: Mudbray|def|1\n|move|p1a: Venonat|Toxic Spikes|p2b: Makuhita\n|-sidestart|p2: StanleyClean|move: Toxic Spikes\n|move|p2a: Mudbray|Rock Slide|p1b: Thwackey|[spread] \n|-miss|p2a: Mudbray|p1a: Venonat\n|-miss|p2a: Mudbray|p1b: Thwackey\n|move|p2b: Makuhita|Knock Off|p1b: Thwackey\n|-damage|p1b: Thwackey|22\/100\n|-enditem|p1b: Thwackey|Eviolite|[from] move: Knock Off|[of] p2b: Makuhita\n|\n|-heal|p1b: Thwackey|28\/100|[from] Grassy Terrain\n|-heal|p1a: Venonat|82\/100|[from] Grassy Terrain\n|-heal|p2a: Mudbray|31\/100|[from] Grassy Terrain\n|upkeep\n|turn|6\n|j| Calamarimar\n|\n|t:|1700083733\n|move|p2a: Mudbray|Protect|p2a: Mudbray\n|-singleturn|p2a: Mudbray|Protect\n|move|p1b: Thwackey|Grassy Glide|p2a: Mudbray\n|-activate|p2a: Mudbray|move: Protect\n|move|p1a: Venonat|Toxic Spikes|p2b: Makuhita\n|-sidestart|p2: StanleyClean|move: Toxic Spikes\n|move|p2b: Makuhita|Drain Punch|p1b: Thwackey\n|-damage|p1b: Thwackey|0 fnt\n|faint|p1b: Thwackey\n|\n|-heal|p1a: Venonat|88\/100|[from] Grassy Terrain\n|-heal|p2a: Mudbray|37\/100|[from] Grassy Terrain\n|upkeep\n|l| Calamarimar\n|\n|t:|1700083754\n|switch|p1b: Espathra|Espathra, F|100\/100\n|-damage|p1b: Espathra|88\/100|[from] Stealth Rock\n|turn|7\n|j| mystiic2812\n|\n|t:|1700083767\n|move|p1b: Espathra|Protect|p1b: Espathra\n|-singleturn|p1b: Espathra|Protect\n|move|p1a: Venonat|Bug Buzz|p2a: Mudbray\n|-damage|p2a: Mudbray|11\/100\n|-unboost|p2a: Mudbray|spd|1\n|-ability|p2a: Mudbray|Stamina|boost\n|-boost|p2a: Mudbray|def|1\n|move|p2a: Mudbray|Rock Slide|p1a: Venonat|[spread] \n|-activate|p1b: Espathra|move: Protect\n|-miss|p2a: Mudbray|p1a: Venonat\n|move|p2b: Makuhita|Knock Off|p1b: Espathra\n|-activate|p1b: Espathra|move: Protect\n|\n|-heal|p1b: Espathra|94\/100|[from] Grassy Terrain\n|-heal|p1b: Espathra|99\/100|[from] item: Leftovers\n|-heal|p1a: Venonat|94\/100|[from] Grassy Terrain\n|-heal|p2a: Mudbray|17\/100|[from] Grassy Terrain\n|-sideend|p1: DIMU179|move: Tailwind\n|-fieldend|move: Grassy Terrain\n|-ability|p1b: Espathra|Speed Boost|boost\n|-boost|p1b: Espathra|spe|1\n|upkeep\n|turn|8\n|\n|t:|1700083782\n|-terastallize|p1b: Espathra|Fairy\n|move|p1b: Espathra|Calm Mind|p1b: Espathra\n|-boost|p1b: Espathra|spa|1\n|-boost|p1b: Espathra|spd|1\n|move|p2a: Mudbray|Rock Slide|p1a: Venonat|[spread] p1a,p1b\n|-supereffective|p1a: Venonat\n|-damage|p1a: Venonat|29\/100\n|-damage|p1b: Espathra|76\/100\n|move|p1a: Venonat|Giga Drain|p2a: Mudbray\n|-supereffective|p2a: Mudbray\n|-damage|p2a: Mudbray|0 fnt\n|-heal|p1a: Venonat|38\/100|[from] drain|[of] p2a: Mudbray\n|faint|p2a: Mudbray\n|cant|p2b: Makuhita|par\n|\n|-heal|p1b: Espathra|82\/100|[from] item: Leftovers\n|-ability|p1b: Espathra|Speed Boost|boost\n|-boost|p1b: Espathra|spe|1\n|upkeep\n|\n|t:|1700083794\n|switch|p2a: Sinistcha|Sinistcha, shiny|100\/100\n|-status|p2a: Sinistcha|tox\n|turn|9\n|\n|t:|1700083823\n|move|p1b: Espathra|Protect|p1b: Espathra\n|-singleturn|p1b: Espathra|Protect\n|move|p2a: Sinistcha|Matcha Gotcha|p1a: Venonat|[spread] p1a\n|-activate|p1b: Espathra|move: Protect\n|-resisted|p1a: Venonat\n|-damage|p1a: Venonat|25\/100\n|move|p1a: Venonat|Sludge Bomb|p2b: Makuhita\n|-damage|p2b: Makuhita|39\/100 par\n|move|p2b: Makuhita|Knock Off|p1a: Venonat\n|-damage|p1a: Venonat|0 fnt\n|-enditem|p1a: Venonat|Focus Sash|[from] move: Knock Off|[of] p2b: Makuhita\n|faint|p1a: Venonat\n|\n|-heal|p1b: Espathra|88\/100|[from] item: Leftovers\n|-damage|p2a: Sinistcha|94\/100 tox|[from] psn\n|-ability|p1b: Espathra|Speed Boost|boost\n|-boost|p1b: Espathra|spe|1\n|upkeep\n|inactive|DIMU179 has 120 seconds left.\n|inactive|DIMU179 has 90 seconds left.\n|\n|t:|1700083881\n|switch|p1a: Bellibolt|Bellibolt, F|60\/100\n|-damage|p1a: Bellibolt|47\/100|[from] Stealth Rock\n|turn|10\n|inactive|StanleyClean has 120 seconds left.\n|\n|t:|1700083914\n|move|p1b: Espathra|Dazzling Gleam|p2b: Makuhita|[spread] p2a,p2b\n|-supereffective|p2b: Makuhita\n|-damage|p2a: Sinistcha|52\/100 tox\n|-damage|p2b: Makuhita|0 fnt\n|faint|p2b: Makuhita\n|move|p2a: Sinistcha|Matcha Gotcha|p1b: Espathra|[spread] p1a,p1b\n|-damage|p1a: Bellibolt|17\/100\n|-heal|p2a: Sinistcha|71\/100 tox|[from] drain|[of] p1a: Bellibolt\n|-damage|p1b: Espathra|61\/100\n|-heal|p2a: Sinistcha|86\/100 tox|[from] drain|[of] p1b: Espathra\n|-status|p1b: Espathra|brn\n|move|p1a: Bellibolt|Slack Off|p1a: Bellibolt\n|-heal|p1a: Bellibolt|67\/100\n|\n|-heal|p1b: Espathra|68\/100 brn|[from] item: Leftovers\n|-heal|p2a: Sinistcha|92\/100 tox|[from] item: Leftovers\n|-damage|p2a: Sinistcha|80\/100 tox|[from] psn\n|-damage|p1b: Espathra|61\/100 brn|[from] brn\n|-ability|p1b: Espathra|Speed Boost|boost\n|-boost|p1b: Espathra|spe|1\n|upkeep\n|inactive|StanleyClean has 120 seconds left.\n|\n|t:|1700083931\n|switch|p2b: Cloyster|Cloyster, F|100\/100\n|-status|p2b: Cloyster|tox\n|turn|11\n|inactive|DIMU179 has 120 seconds left.\n|inactive|StanleyClean has 120 seconds left.\n|\n|t:|1700083951\n|move|p1b: Espathra|Dazzling Gleam|p2a: Sinistcha|[spread] p2a,p2b\n|-damage|p2a: Sinistcha|37\/100 tox\n|-damage|p2b: Cloyster|0 fnt\n|faint|p2b: Cloyster\n|move|p2a: Sinistcha|Shadow Ball|p1b: Espathra\n|-damage|p1b: Espathra|20\/100 brn\n|move|p1a: Bellibolt|Soak|p2a: Sinistcha\n|-start|p2a: Sinistcha|typechange|Water\n|\n|-heal|p1b: Espathra|26\/100 brn|[from] item: Leftovers\n|-heal|p2a: Sinistcha|43\/100 tox|[from] item: Leftovers\n|-damage|p2a: Sinistcha|25\/100 tox|[from] psn\n|-damage|p1b: Espathra|20\/100 brn|[from] brn\n|-ability|p1b: Espathra|Speed Boost|boost\n|-boost|p1b: Espathra|spe|1\n|upkeep\n|\n|t:|1700083955\n|switch|p2b: Gurdurr|Gurdurr, F|100\/100\n|-status|p2b: Gurdurr|tox\n|turn|12\n|\n|t:|1700083968\n|move|p1b: Espathra|Protect|p1b: Espathra\n|-singleturn|p1b: Espathra|Protect\n|move|p2a: Sinistcha|Protect|p2a: Sinistcha\n|-singleturn|p2a: Sinistcha|Protect\n|move|p2b: Gurdurr|Mach Punch|p1b: Espathra\n|-activate|p1b: Espathra|move: Protect\n|move|p1a: Bellibolt|Soak|p2b: Gurdurr\n|-start|p2b: Gurdurr|typechange|Water\n|\n|-heal|p1b: Espathra|26\/100 brn|[from] item: Leftovers\n|-heal|p2a: Sinistcha|31\/100 tox|[from] item: Leftovers\n|-damage|p2a: Sinistcha|7\/100 tox|[from] psn\n|-damage|p2b: Gurdurr|94\/100 tox|[from] psn\n|-damage|p1b: Espathra|20\/100 brn|[from] brn\n|-ability|p1b: Espathra|Speed Boost|boost\n|-boost|p1b: Espathra|spe|1\n|upkeep\n|turn|13\n|c|\u2606StanleyClean|gg\n|c|\u2606DIMU179|gg\n|c|\u2606StanleyClean|wp\n|c|\u2606DIMU179|u2\n|-message|StanleyClean forfeited.\n|\n|win|DIMU179\n|n|\u2606DIMU179|dimu179\n|n|\u2606StanleyClean|stanleyclean\n|n|*Lady Monita \u2746|ladymonita\n|n| mystiic2812|mystiic2812\n|l|*Lady Monita \u2746\n|l|\u2606StanleyClean\n|l| mystiic2812\n|l|\u2606DIMU179\n|j|\u2606DIMU179\n|player|p1|DIMU179|benga\n","uploadtime":1700085139,"views":5,"p1id":"dimu179","p2id":"stanleyclean","formatid":"gen9doublesou","rating":0,"private":0,"password":""}