{"id":"gen9doublesou-1970184923","p1":"DrShinyHunter2","p2":"Mollymauk678","format":"[Gen 9] Doubles OU","log":"|j|\u2606DrShinyHunter2\n|j|\u2606Mollymauk678\n|t:|1697606733\n|gametype|doubles\n|player|p1|DrShinyHunter2|102|1209\n|player|p2|Mollymauk678|guitarist-gen4|1273\n|teamsize|p1|6\n|teamsize|p2|6\n|gen|9\n|tier|[Gen 9] Doubles OU\n|rated|\n|rule|Species Clause: Limit one of each Pok\u00e9mon\n|rule|OHKO Clause: OHKO moves are banned\n|rule|Evasion Moves Clause: Evasion moves are banned\n|rule|Gravity Sleep Clause: The combination of sleep-inducing moves with imperfect accuracy and Gravity or Gigantamax Orbeetle are banned\n|rule|Endless Battle Clause: Forcing endless battles is banned\n|rule|HP Percentage Mod: HP is shown in percentages\n|clearpoke\n|poke|p1|Regidrago|\n|poke|p1|Muk-Alola, F|\n|poke|p1|Goodra-Hisui, M|\n|poke|p1|Iron Moth|\n|poke|p1|Scovillain, F|\n|poke|p1|Oranguru, M|\n|poke|p2|Rillaboom, M|\n|poke|p2|Gholdengo|\n|poke|p2|Palafin, M|\n|poke|p2|Pelipper, F|\n|poke|p2|Landorus, M|\n|poke|p2|Iron Hands|\n|teampreview\n|inactive|Battle timer is ON: inactive players will automatically lose when time's up. (requested by DrShinyHunter2)\n|\n|t:|1697606749\n|start\n|switch|p1a: Scovillain|Scovillain, F|100\/100\n|switch|p1b: Regidrago|Regidrago|100\/100\n|switch|p2a: Palafin|Palafin, M|100\/100\n|switch|p2b: Gholdengo|Gholdengo|100\/100\n|turn|1\n|\n|t:|1697606770\n|detailschange|p2a: Palafin|Palafin-Hero, M\n|switch|p2a: Pelipper|Pelipper, F|100\/100\n|-weather|RainDance|[from] ability: Drizzle|[of] p2a: Pelipper\n|move|p1b: Regidrago|Dragon Energy|p2a: Pelipper|[spread] p2a,p2b\n|-resisted|p2b: Gholdengo\n|-damage|p2a: Pelipper|30\/100\n|-damage|p2b: Gholdengo|68\/100\n|-enditem|p2a: Pelipper|Eject Button\n|inactive|Mollymauk678 has 120 seconds left.\n|\n|t:|1697606785\n|switch|p2a: Iron Hands|Iron Hands|100\/100\n|move|p1a: Scovillain|Energy Ball|p2a: Iron Hands\n|-damage|p2a: Iron Hands|84\/100\n|move|p2b: Gholdengo|Nasty Plot|p2b: Gholdengo\n|-boost|p2b: Gholdengo|spa|2\n|\n|-weather|RainDance|[upkeep]\n|-heal|p2b: Gholdengo|74\/100|[from] item: Leftovers\n|-ability|p1a: Scovillain|Moody|boost\n|-boost|p1a: Scovillain|def|2\n|-unboost|p1a: Scovillain|spa|1\n|upkeep\n|turn|2\n|l|\u2606DrShinyHunter2\n|inactive|DrShinyHunter2 disconnected and has a minute to reconnect!\n|player|p1|\n|inactive|Mollymauk678 has 120 seconds left.\n|j|\u2606DrShinyHunter2\n|inactive|DrShinyHunter2 reconnected and has 110 seconds left.\n|player|p1|DrShinyHunter2|102\n|\n|t:|1697606832\n|switch|p1b: Muk|Muk-Alola, F|100\/100\n|move|p2a: Iron Hands|Fake Out|p1b: Muk\n|-damage|p1b: Muk|87\/100\n|move|p1a: Scovillain|Flamethrower|p2b: Gholdengo\n|-supereffective|p2b: Gholdengo\n|-crit|p2b: Gholdengo\n|-damage|p2b: Gholdengo|23\/100\n|move|p2b: Gholdengo|Make It Rain|p1a: Scovillain|[spread] p1a,p1b\n|-resisted|p1a: Scovillain\n|-damage|p1a: Scovillain|27\/100\n|-damage|p1b: Muk|13\/100\n|-unboost|p2b: Gholdengo|spa|1\n|\n|-weather|RainDance|[upkeep]\n|-heal|p1a: Scovillain|33\/100|[from] item: Leftovers\n|-heal|p2b: Gholdengo|30\/100|[from] item: Leftovers\n|-heal|p1b: Muk|19\/100|[from] item: Leftovers\n|-ability|p1a: Scovillain|Moody|boost\n|-boost|p1a: Scovillain|spd|2\n|-unboost|p1a: Scovillain|spe|1\n|upkeep\n|turn|3\n|inactive|DrShinyHunter2 has 120 seconds left.\n|\n|t:|1697606859\n|move|p1a: Scovillain|Protect|p1a: Scovillain\n|-singleturn|p1a: Scovillain|Protect\n|move|p2b: Gholdengo|Make It Rain|p1b: Muk|[spread] p1b\n|-activate|p1a: Scovillain|move: Protect\n|-damage|p1b: Muk|0 fnt\n|-unboost|p2b: Gholdengo|spa|1\n|faint|p1b: Muk\n|move|p2a: Iron Hands|Drain Punch|p1a: Scovillain\n|-activate|p1a: Scovillain|move: Protect\n|\n|-weather|RainDance|[upkeep]\n|-heal|p2b: Gholdengo|36\/100|[from] item: Leftovers\n|-heal|p1a: Scovillain|39\/100|[from] item: Leftovers\n|-ability|p1a: Scovillain|Moody|boost\n|-boost|p1a: Scovillain|def|2\n|-unboost|p1a: Scovillain|spa|1\n|upkeep\n|inactive|DrShinyHunter2 has 90 seconds left.\n|\n|t:|1697606883\n|switch|p1b: Regidrago|Regidrago|100\/100\n|turn|4\n|\n|t:|1697606893\n|move|p1b: Regidrago|Dragon Energy|p2a: Iron Hands|[spread] p2a,p2b\n|-resisted|p2b: Gholdengo\n|-crit|p2b: Gholdengo\n|-damage|p2a: Iron Hands|49\/100\n|-damage|p2b: Gholdengo|0 fnt\n|faint|p2b: Gholdengo\n|move|p1a: Scovillain|Flamethrower|p2a: Iron Hands\n|-damage|p2a: Iron Hands|45\/100\n|move|p2a: Iron Hands|Drain Punch|p1a: Scovillain\n|-damage|p1a: Scovillain|18\/100\n|-heal|p2a: Iron Hands|52\/100|[from] drain|[of] p1a: Scovillain\n|\n|-weather|RainDance|[upkeep]\n|-heal|p1a: Scovillain|24\/100|[from] item: Leftovers\n|-ability|p1a: Scovillain|Moody|boost\n|-boost|p1a: Scovillain|spd|2\n|-unboost|p1a: Scovillain|atk|1\n|upkeep\n|\n|t:|1697606909\n|switch|p2b: Pelipper|Pelipper, F|30\/100\n|turn|5\n|inactive|DrShinyHunter2 has 120 seconds left.\n|\n|t:|1697606936\n|move|p1a: Scovillain|Protect|p1a: Scovillain\n|-singleturn|p1a: Scovillain|Protect\n|move|p1b: Regidrago|Dragon Energy|p2a: Iron Hands|[spread] p2a,p2b\n|-damage|p2a: Iron Hands|20\/100\n|-damage|p2b: Pelipper|0 fnt\n|faint|p2b: Pelipper\n|move|p2a: Iron Hands|Heavy Slam|p1a: Scovillain\n|-activate|p1a: Scovillain|move: Protect\n|\n|-weather|none\n|-heal|p1a: Scovillain|30\/100|[from] item: Leftovers\n|-ability|p1a: Scovillain|Moody|boost\n|-boost|p1a: Scovillain|atk|2\n|-unboost|p1a: Scovillain|spa|1\n|upkeep\n|\n|t:|1697606949\n|switch|p2b: Landorus|Landorus, M|100\/100\n|turn|6\n|\n|t:|1697606956\n|move|p2b: Landorus|Sandsear Storm|p1a: Scovillain|[spread] p1b\n|-miss|p2b: Landorus|p1a: Scovillain\n|-damage|p1b: Regidrago|52\/100\n|move|p1b: Regidrago|Dragon Energy|p2a: Iron Hands|[spread] p2a,p2b\n|-damage|p2a: Iron Hands|4\/100\n|-damage|p2b: Landorus|57\/100\n|move|p1a: Scovillain|Zen Headbutt|p2a: Iron Hands\n|-supereffective|p2a: Iron Hands\n|-damage|p2a: Iron Hands|0 fnt\n|faint|p2a: Iron Hands\n|-end|p2a: Iron Hands|Quark Drive|[silent]\n|\n|-heal|p1a: Scovillain|36\/100|[from] item: Leftovers\n|-ability|p1a: Scovillain|Moody|boost\n|-boost|p1a: Scovillain|spe|2\n|-unboost|p1a: Scovillain|atk|1\n|upkeep\n|\n|t:|1697606972\n|switch|p2a: Palafin|Palafin-Hero, M|100\/100\n|-activate|p2a: Palafin|ability: Zero to Hero\n|turn|7\n|\n|t:|1697606989\n|move|p1a: Scovillain|Protect|p1a: Scovillain\n|-singleturn|p1a: Scovillain|Protect\n|move|p2a: Palafin|Jet Punch|p1b: Regidrago\n|-resisted|p1b: Regidrago\n|-crit|p1b: Regidrago\n|-damage|p1b: Regidrago|10\/100\n|move|p2b: Landorus|Sandsear Storm|p1b: Regidrago|[spread] p1b\n|-activate|p1a: Scovillain|move: Protect\n|-damage|p1b: Regidrago|0 fnt\n|faint|p1b: Regidrago\n|\n|-heal|p1a: Scovillain|42\/100|[from] item: Leftovers\n|-ability|p1a: Scovillain|Moody|boost\n|-boost|p1a: Scovillain|spa|2\n|-unboost|p1a: Scovillain|spe|1\n|upkeep\n|\n|t:|1697607008\n|switch|p1b: Iron Moth|Iron Moth|100\/100\n|-enditem|p1b: Iron Moth|Booster Energy\n|-activate|p1b: Iron Moth|ability: Quark Drive|[fromitem]\n|-start|p1b: Iron Moth|quarkdrivespa\n|turn|8\n|\n|t:|1697607016\n|move|p2a: Palafin|Jet Punch|p1b: Iron Moth\n|-supereffective|p1b: Iron Moth\n|-crit|p1b: Iron Moth\n|-damage|p1b: Iron Moth|0 fnt\n|faint|p1b: Iron Moth\n|-end|p1b: Iron Moth|Quark Drive|[silent]\n|move|p2b: Landorus|Sandsear Storm|p1a: Scovillain|[miss]\n|-miss|p2b: Landorus|p1a: Scovillain\n|move|p1a: Scovillain|Energy Ball|p2a: Palafin\n|-supereffective|p2a: Palafin\n|-damage|p2a: Palafin|60\/100\n|\n|-heal|p1a: Scovillain|48\/100|[from] item: Leftovers\n|-ability|p1a: Scovillain|Moody|boost\n|-boost|p1a: Scovillain|spa|2\n|-unboost|p1a: Scovillain|def|1\n|upkeep\n|inactive|DrShinyHunter2 has 120 seconds left.\n|\n|t:|1697607057\n|switch|p1b: Goodra|Goodra-Hisui, M|100\/100\n|turn|9\n|\n|t:|1697607067\n|move|p1a: Scovillain|Protect|p1a: Scovillain\n|-singleturn|p1a: Scovillain|Protect\n|move|p2a: Palafin|Jet Punch|p1b: Goodra\n|-resisted|p1b: Goodra\n|-damage|p1b: Goodra|76\/100\n|move|p2b: Landorus|Sandsear Storm|p1b: Goodra|[spread] p1b\n|-activate|p1a: Scovillain|move: Protect\n|-supereffective|p1b: Goodra\n|-damage|p1b: Goodra|8\/100\n|move|p1b: Goodra|Draco Meteor|p2a: Palafin\n|-damage|p2a: Palafin|15\/100\n|-unboost|p1b: Goodra|spa|2\n|\n|-heal|p1a: Scovillain|54\/100|[from] item: Leftovers\n|-heal|p1b: Goodra|14\/100|[from] item: Leftovers\n|-ability|p1a: Scovillain|Moody|boost\n|-boost|p1a: Scovillain|spd|2\n|-unboost|p1a: Scovillain|def|1\n|upkeep\n|turn|10\n|\n|t:|1697607092\n|move|p2a: Palafin|Jet Punch|p1b: Goodra\n|-resisted|p1b: Goodra\n|-damage|p1b: Goodra|0 fnt\n|faint|p1b: Goodra\n|move|p2b: Landorus|Sandsear Storm|p1a: Scovillain|[miss]\n|-miss|p2b: Landorus|p1a: Scovillain\n|move|p1a: Scovillain|Energy Ball|p2a: Palafin\n|-supereffective|p2a: Palafin\n|-damage|p2a: Palafin|0 fnt\n|faint|p2a: Palafin\n|\n|-heal|p1a: Scovillain|60\/100|[from] item: Leftovers\n|-ability|p1a: Scovillain|Moody|boost\n|-boost|p1a: Scovillain|spe|2\n|-unboost|p1a: Scovillain|spa|1\n|upkeep\n|\n|t:|1697607108\n|switch|p2a: Rillaboom|Rillaboom, M|100\/100\n|switch|p1b: Oranguru|Oranguru, M|100\/100\n|-fieldstart|move: Grassy Terrain|[from] ability: Grassy Surge|[of] p2a: Rillaboom\n|turn|11\n|\n|t:|1697607123\n|move|p1a: Scovillain|Protect|p1a: Scovillain\n|-singleturn|p1a: Scovillain|Protect\n|move|p2a: Rillaboom|Fake Out|p1a: Scovillain\n|-activate|p1a: Scovillain|move: Protect\n|move|p2b: Landorus|Sandsear Storm|p1b: Oranguru|[spread] p1b\n|-activate|p1a: Scovillain|move: Protect\n|-damage|p1b: Oranguru|68\/100\n|move|p1b: Oranguru|Knock Off|p2a: Rillaboom\n|-damage|p2a: Rillaboom|86\/100\n|-enditem|p2a: Rillaboom|Sitrus Berry|[from] move: Knock Off|[of] p1b: Oranguru\n|\n|-heal|p1a: Scovillain|66\/100|[from] Grassy Terrain\n|-heal|p1a: Scovillain|72\/100|[from] item: Leftovers\n|-heal|p2a: Rillaboom|92\/100|[from] Grassy Terrain\n|-heal|p1b: Oranguru|75\/100|[from] Grassy Terrain\n|-heal|p1b: Oranguru|81\/100|[from] item: Leftovers\n|-ability|p1a: Scovillain|Moody|boost\n|-boost|p1a: Scovillain|spa|2\n|-unboost|p1a: Scovillain|def|1\n|upkeep\n|turn|12\n|\n|t:|1697607150\n|move|p1a: Scovillain|Flamethrower|p2a: Rillaboom\n|-supereffective|p2a: Rillaboom\n|-damage|p2a: Rillaboom|0 fnt\n|faint|p2a: Rillaboom\n|move|p2b: Landorus|Sandsear Storm|p1a: Scovillain|[spread] p1a,p1b\n|-damage|p1a: Scovillain|55\/100\n|-damage|p1b: Oranguru|49\/100\n|move|p1b: Oranguru|Knock Off|p2b: Landorus\n|-damage|p2b: Landorus|41\/100\n|-enditem|p2b: Landorus|Choice Scarf|[from] move: Knock Off|[of] p1b: Oranguru\n|\n|-heal|p1a: Scovillain|61\/100|[from] Grassy Terrain\n|-heal|p1a: Scovillain|67\/100|[from] item: Leftovers\n|-heal|p1b: Oranguru|55\/100|[from] Grassy Terrain\n|-heal|p1b: Oranguru|61\/100|[from] item: Leftovers\n|-ability|p1a: Scovillain|Moody|boost\n|-boost|p1a: Scovillain|spa|2\n|-unboost|p1a: Scovillain|spd|1\n|upkeep\n|turn|13\n|c|\u2606Mollymauk678|gg\n|-message|Mollymauk678 forfeited.\n|\n|win|DrShinyHunter2\n|raw|DrShinyHunter2's rating: 1209 &rarr; <strong>1239<\/strong><br \/>(+30 for winning)\n|raw|Mollymauk678's rating: 1273 &rarr; <strong>1243<\/strong><br \/>(-30 for losing)\n|l|\u2606Mollymauk678\n","uploadtime":1697607173,"views":20,"p1id":"drshinyhunter2","p2id":"mollymauk678","formatid":"gen9doublesou","rating":1239,"private":0,"password":""}