{"id":"gen9doublesou-1991995529","p1":"SandySubway","p2":"Isthisnametaked","format":"[Gen 9] Doubles OU","log":"|j|\u2606SandySubway\n|j|\u2606Isthisnametaked\n|t:|1700146129\n|gametype|doubles\n|player|p1|SandySubway|emmet|1158\n|player|p2|Isthisnametaked|101|1176\n|teamsize|p1|6\n|teamsize|p2|6\n|gen|9\n|tier|[Gen 9] Doubles OU\n|rated|\n|rule|Species Clause: Limit one of each Pok\u00e9mon\n|rule|OHKO Clause: OHKO moves are banned\n|rule|Evasion Moves Clause: Evasion moves are banned\n|rule|Gravity Sleep Clause: The combination of sleep-inducing moves with imperfect accuracy and Gravity or Gigantamax Orbeetle are banned\n|rule|Endless Battle Clause: Forcing endless battles is banned\n|rule|HP Percentage Mod: HP is shown in percentages\n|clearpoke\n|poke|p1|Chien-Pao|\n|poke|p1|Chandelure, M|\n|poke|p1|Iron Bundle|\n|poke|p1|Arcanine-Hisui, F|\n|poke|p1|Tornadus, M|\n|poke|p1|Grimmsnarl, M|\n|poke|p2|Baxcalibur, M|\n|poke|p2|Torkoal, M|\n|poke|p2|Walking Wake|\n|poke|p2|Amoonguss, M|\n|poke|p2|Rillaboom, F|\n|poke|p2|Heatran, F|\n|teampreview\n|inactive|Battle timer is ON: inactive players will automatically lose when time's up. (requested by SandySubway)\n|\n|t:|1700146136\n|start\n|switch|p1a: Tornadus|Tornadus, M|100\/100\n|switch|p1b: Grimmsnarl|Grimmsnarl, M|100\/100\n|switch|p2a: Really Big Boom|Rillaboom, F|100\/100\n|switch|p2b: Heat Man Ran|Heatran, F|100\/100\n|-fieldstart|move: Grassy Terrain|[from] ability: Grassy Surge|[of] p2a: Really Big Boom\n|turn|1\n|\n|t:|1700146154\n|move|p2a: Really Big Boom|Fake Out|p1b: Grimmsnarl\n|-damage|p1b: Grimmsnarl|81\/100\n|move|p1a: Tornadus|Leer|p2b: Heat Man Ran|[spread] p2a,p2b\n|-unboost|p2a: Really Big Boom|def|1\n|-unboost|p2b: Heat Man Ran|def|1\n|cant|p1b: Grimmsnarl|flinch\n|move|p2b: Heat Man Ran|Flash Cannon|p1b: Grimmsnarl\n|-supereffective|p1b: Grimmsnarl\n|-damage|p1b: Grimmsnarl|15\/100\n|\n|-heal|p1b: Grimmsnarl|21\/100|[from] Grassy Terrain\n|upkeep\n|turn|2\n|\n|t:|1700146170\n|move|p1a: Tornadus|Tailwind|p1a: Tornadus\n|-sidestart|p1: SandySubway|move: Tailwind\n|move|p1b: Grimmsnarl|Light Screen|p1b: Grimmsnarl\n|-sidestart|p1: SandySubway|move: Light Screen\n|move|p2a: Really Big Boom|Grassy Glide|p1b: Grimmsnarl\n|-damage|p1b: Grimmsnarl|0 fnt\n|faint|p1b: Grimmsnarl\n|move|p2b: Heat Man Ran|Stealth Rock|p1a: Tornadus\n|-sidestart|p1: SandySubway|move: Stealth Rock\n|\n|upkeep\n|\n|t:|1700146180\n|switch|p1b: Arcanine|Arcanine-Hisui, F|100\/100\n|-damage|p1b: Arcanine|76\/100|[from] Stealth Rock\n|-ability|p1b: Arcanine|Intimidate|boost\n|-unboost|p2a: Really Big Boom|atk|1\n|-unboost|p2b: Heat Man Ran|atk|1\n|turn|3\n|\n|t:|1700146194\n|switch|p2a: More Coal|Torkoal, M|100\/100\n|-weather|SunnyDay|[from] ability: Drought|[of] p2a: More Coal\n|move|p2b: Heat Man Ran|Protect|p2b: Heat Man Ran\n|-singleturn|p2b: Heat Man Ran|Protect\n|move|p1a: Tornadus|Leer|p2b: Heat Man Ran|[spread] p2a\n|-activate|p2b: Heat Man Ran|move: Protect\n|-unboost|p2a: More Coal|def|1\n|move|p1b: Arcanine|Flare Blitz|p2a: More Coal\n|-resisted|p2a: More Coal\n|-damage|p2a: More Coal|49\/100\n|-damage|p1b: Arcanine|58\/100|[from] Recoil\n|\n|-weather|SunnyDay|[upkeep]\n|-heal|p1b: Arcanine|64\/100|[from] Grassy Terrain\n|-heal|p2a: More Coal|55\/100|[from] Grassy Terrain\n|upkeep\n|turn|4\n|\n|t:|1700146220\n|move|p2a: More Coal|Protect|p2a: More Coal\n|-singleturn|p2a: More Coal|Protect\n|move|p1a: Tornadus|Leer|p2a: More Coal|[spread] p2b\n|-activate|p2a: More Coal|move: Protect\n|-unboost|p2b: Heat Man Ran|def|1\n|move|p1b: Arcanine|Flare Blitz|p2a: More Coal\n|-activate|p2a: More Coal|move: Protect\n|move|p2b: Heat Man Ran|Heat Wave|p1a: Tornadus|[spread] p1a,p1b\n|-resisted|p1b: Arcanine\n|-crit|p1b: Arcanine\n|-damage|p1a: Tornadus|64\/100\n|-damage|p1b: Arcanine|36\/100\n|\n|-weather|SunnyDay|[upkeep]\n|-heal|p1b: Arcanine|42\/100|[from] Grassy Terrain\n|-heal|p2a: More Coal|61\/100|[from] Grassy Terrain\n|upkeep\n|turn|5\n|inactive|Isthisnametaked has 120 seconds left.\n|\n|t:|1700146258\n|switch|p2a: Really Big Boom|Rillaboom, F|100\/100\n|move|p2b: Heat Man Ran|Protect|p2b: Heat Man Ran\n|-singleturn|p2b: Heat Man Ran|Protect\n|move|p1a: Tornadus|Taunt|p2b: Heat Man Ran\n|-activate|p2b: Heat Man Ran|move: Protect\n|move|p1b: Arcanine|Flare Blitz|p2a: Really Big Boom\n|-supereffective|p2a: Really Big Boom\n|-damage|p2a: Really Big Boom|0 fnt\n|faint|p2a: Really Big Boom\n|-damage|p1b: Arcanine|2\/100|[from] Recoil\n|\n|-weather|SunnyDay|[upkeep]\n|-heal|p1b: Arcanine|8\/100|[from] Grassy Terrain\n|-sideend|p1: SandySubway|move: Tailwind\n|-fieldend|move: Grassy Terrain\n|upkeep\n|\n|t:|1700146281\n|switch|p2a: Walking Woke|Walking Wake|100\/100\n|-activate|p2a: Walking Woke|ability: Protosynthesis\n|-start|p2a: Walking Woke|protosynthesisspe\n|turn|6\n|inactive|Isthisnametaked has 120 seconds left.\n|\n|t:|1700146295\n|switch|p2b: imposter|Amoonguss, M|100\/100\n|move|p1a: Tornadus|Tailwind|p1a: Tornadus\n|-sidestart|p1: SandySubway|move: Tailwind\n|move|p1b: Arcanine|Flare Blitz|p2a: Walking Woke\n|-resisted|p2a: Walking Woke\n|-damage|p2a: Walking Woke|66\/100\n|-damage|p1b: Arcanine|0 fnt|[from] Recoil\n|faint|p1b: Arcanine\n|move|p2a: Walking Woke|Hydro Steam|p1a: Tornadus\n|-damage|p1a: Tornadus|8\/100\n|\n|-weather|SunnyDay|[upkeep]\n|upkeep\n|\n|t:|1700146310\n|switch|p1b: Iron Bundle|Iron Bundle|100\/100\n|-damage|p1b: Iron Bundle|76\/100|[from] Stealth Rock\n|-enditem|p1b: Iron Bundle|Booster Energy\n|-activate|p1b: Iron Bundle|ability: Quark Drive|[fromitem]\n|-start|p1b: Iron Bundle|quarkdrivespe\n|turn|7\n|\n|t:|1700146322\n|move|p2b: imposter|Rage Powder|p2b: imposter\n|-singleturn|p2b: imposter|move: Rage Powder\n|move|p1a: Tornadus|Taunt|p2b: imposter\n|-start|p2b: imposter|move: Taunt\n|move|p1b: Iron Bundle|Freeze-Dry|p2b: imposter\n|-supereffective|p2b: imposter\n|-damage|p2b: imposter|50\/100\n|move|p2a: Walking Woke|Hydro Steam|p1b: Iron Bundle\n|-resisted|p1b: Iron Bundle\n|-damage|p1b: Iron Bundle|16\/100\n|\n|-weather|SunnyDay|[upkeep]\n|upkeep\n|turn|8\n|\n|t:|1700146342\n|-end|p2a: Walking Woke|Protosynthesis|[silent]\n|switch|p2a: More Coal|Torkoal, M|61\/100\n|switch|p2b: Heat Man Ran|Heatran, F|100\/100\n|move|p1b: Iron Bundle|Freeze-Dry|p2a: More Coal\n|-resisted|p2a: More Coal\n|-damage|p2a: More Coal|38\/100\n|move|p1a: Tornadus|Heat Wave|p2a: More Coal|[spread] p2a\n|-start|p2b: Heat Man Ran|ability: Flash Fire\n|-resisted|p2a: More Coal\n|-damage|p2a: More Coal|18\/100\n|\n|-weather|SunnyDay|[upkeep]\n|upkeep\n|turn|9\n|\n|t:|1700146363\n|-terastallize|p2b: Heat Man Ran|Grass\n|move|p1a: Tornadus|Taunt|p2b: Heat Man Ran\n|-start|p2b: Heat Man Ran|move: Taunt\n|move|p1b: Iron Bundle|Hydro Pump|p2a: More Coal\n|-supereffective|p2a: More Coal\n|-damage|p2a: More Coal|0 fnt\n|faint|p2a: More Coal\n|move|p2b: Heat Man Ran|Flash Cannon|p1b: Iron Bundle\n|-damage|p1b: Iron Bundle|0 fnt\n|faint|p1b: Iron Bundle\n|-end|p1b: Iron Bundle|Quark Drive|[silent]\n|\n|-weather|SunnyDay|[upkeep]\n|-sideend|p1: SandySubway|move: Light Screen\n|-sideend|p1: SandySubway|move: Tailwind\n|upkeep\n|\n|t:|1700146384\n|switch|p1b: Chien-Pao|Chien-Pao|100\/100\n|switch|p2a: Walking Woke|Walking Wake|66\/100\n|-damage|p1b: Chien-Pao|76\/100|[from] Stealth Rock\n|-ability|p1b: Chien-Pao|Sword of Ruin\n|-activate|p2a: Walking Woke|ability: Protosynthesis\n|-start|p2a: Walking Woke|protosynthesisspe\n|turn|10\n|\n|t:|1700146407\n|-terastallize|p1b: Chien-Pao|Fighting\n|move|p1b: Chien-Pao|Sucker Punch|p2a: Walking Woke\n|-crit|p2a: Walking Woke\n|-damage|p2a: Walking Woke|0 fnt\n|faint|p2a: Walking Woke\n|-end|p2a: Walking Woke|Protosynthesis|[silent]\n|move|p1a: Tornadus|Leer|p2b: Heat Man Ran\n|-unboost|p2b: Heat Man Ran|def|1\n|move|p2b: Heat Man Ran|Heat Wave|p1b: Chien-Pao|[spread] p1a,p1b\n|-damage|p1a: Tornadus|0 fnt\n|-damage|p1b: Chien-Pao|0 fnt\n|faint|p1a: Tornadus\n|faint|p1b: Chien-Pao\n|\n|-weather|none\n|upkeep\n|-message|SandySubway forfeited.\n|\n|win|Isthisnametaked\n|raw|SandySubway's rating: 1158 &rarr; <strong>1134<\/strong><br \/>(-24 for losing)\n|raw|Isthisnametaked's rating: 1176 &rarr; <strong>1200<\/strong><br \/>(+24 for winning)\n|l|\u2606SandySubway\n","uploadtime":1700146428,"views":18,"p1id":"sandysubway","p2id":"isthisnametaked","formatid":"gen9doublesou","rating":1134,"private":0,"password":""}