{"id":"gen9doublesou-1970364980","p1":"RocketsViability","p2":"sofiane so","format":"[Gen 9] Doubles OU","log":"|j|\u2606RocketsViability\n|j|\u2606sofiane so\n|t:|1697632325\n|gametype|doubles\n|player|p1|RocketsViability|266|1148\n|player|p2|sofiane so|266|1117\n|teamsize|p1|6\n|teamsize|p2|6\n|gen|9\n|tier|[Gen 9] Doubles OU\n|rated|\n|rule|Species Clause: Limit one of each Pok\u00e9mon\n|rule|OHKO Clause: OHKO moves are banned\n|rule|Evasion Moves Clause: Evasion moves are banned\n|rule|Gravity Sleep Clause: The combination of sleep-inducing moves with imperfect accuracy and Gravity or Gigantamax Orbeetle are banned\n|rule|Endless Battle Clause: Forcing endless battles is banned\n|rule|HP Percentage Mod: HP is shown in percentages\n|clearpoke\n|poke|p1|Ninetales-Alola, M|\n|poke|p1|Trevenant, M|\n|poke|p1|Goodra-Hisui, F|\n|poke|p1|Sandslash-Alola, M|\n|poke|p1|Torterra, M|\n|poke|p1|Empoleon, M|\n|poke|p2|Polteageist|\n|poke|p2|Regidrago|\n|poke|p2|Gholdengo|\n|poke|p2|Basculegion, M|\n|poke|p2|Dudunsparce-*, F|\n|poke|p2|Sinistcha|\n|teampreview\n|inactive|Battle timer is ON: inactive players will automatically lose when time's up. (requested by sofiane so)\n|\n|t:|1697632331\n|start\n|switch|p1a: Trevenant|Trevenant, M|100\/100\n|switch|p1b: Torterra|Torterra, M|100\/100\n|switch|p2a: Polteageist|Polteageist|100\/100\n|switch|p2b: Regidrago|Regidrago|100\/100\n|turn|1\n|\n|t:|1697632343\n|move|p2a: Polteageist|Shell Smash|p2a: Polteageist\n|-unboost|p2a: Polteageist|def|1\n|-unboost|p2a: Polteageist|spd|1\n|-boost|p2a: Polteageist|atk|2\n|-boost|p2a: Polteageist|spa|2\n|-boost|p2a: Polteageist|spe|2\n|move|p2b: Regidrago|Dragon Energy|p1b: Torterra|[spread] p1a,p1b\n|-crit|p1a: Trevenant\n|-damage|p1a: Trevenant|0 fnt\n|-damage|p1b: Torterra|0 fnt\n|faint|p1a: Trevenant\n|faint|p1b: Torterra\n|\n|upkeep\n|c|\u2606RocketsViability|oh\n|c|\u2606sofiane so|Ff lol\n|inactive|RocketsViability has 120 seconds left.\n|\n|t:|1697632371\n|switch|p1b: Empoleon|Empoleon, M|100\/100\n|switch|p1a: Ninetales|Ninetales-Alola, M|100\/100\n|-weather|Snow|[from] ability: Snow Warning|[of] p1a: Ninetales\n|turn|2\n|inactive|sofiane so has 120 seconds left.\n|\n|t:|1697632401\n|switch|p2b: Gholdengo|Gholdengo|100\/100\n|move|p2a: Polteageist|Stored Power|p1a: Ninetales\n|-damage|p1a: Ninetales|0 fnt\n|faint|p1a: Ninetales\n|move|p1b: Empoleon|Blizzard|p2b: Gholdengo|[spread] p2a,p2b\n|-resisted|p2b: Gholdengo\n|-damage|p2a: Polteageist|53\/100\n|-damage|p2b: Gholdengo|85\/100\n|\n|-weather|Snow|[upkeep]\n|upkeep\n|\n|t:|1697632411\n|switch|p1a: Sandslash|Sandslash-Alola, M|100\/100\n|turn|3\n|\n|t:|1697632424\n|move|p1b: Empoleon|Protect|p1b: Empoleon\n|-singleturn|p1b: Empoleon|Protect\n|move|p1a: Sandslash|Ice Shard|p2a: Polteageist\n|-damage|p2a: Polteageist|0 fnt\n|faint|p2a: Polteageist\n|move|p2b: Gholdengo|Trick|p1a: Sandslash\n|-activate|p2b: Gholdengo|move: Trick|[of] p1a: Sandslash\n|-item|p1a: Sandslash|Choice Scarf|[from] move: Trick\n|-item|p2b: Gholdengo|Bright Powder|[from] move: Trick\n|\n|-weather|Snow|[upkeep]\n|upkeep\n|\n|t:|1697632429\n|switch|p2a: Regidrago|Regidrago|100\/100\n|turn|4\n|\n|t:|1697632442\n|-terastallize|p2a: Regidrago|Steel\n|move|p2b: Gholdengo|Focus Blast|p1b: Empoleon|[miss]\n|-miss|p2b: Gholdengo|p1b: Empoleon\n|move|p2a: Regidrago|Tera Blast|p1a: Sandslash|[anim] Tera Blast Steel|[miss]\n|-miss|p2a: Regidrago|p1a: Sandslash\n|move|p1a: Sandslash|Knock Off|p2b: Gholdengo\n|-supereffective|p2b: Gholdengo\n|-damage|p2b: Gholdengo|14\/100\n|-enditem|p2b: Gholdengo|Bright Powder|[from] move: Knock Off|[of] p1a: Sandslash\n|move|p1b: Empoleon|Blizzard|p2a: Regidrago|[spread] p2a,p2b\n|-resisted|p2a: Regidrago\n|-resisted|p2b: Gholdengo\n|-damage|p2a: Regidrago|85\/100\n|-damage|p2b: Gholdengo|0 fnt\n|faint|p2b: Gholdengo\n|\n|-weather|Snow|[upkeep]\n|upkeep\n|\n|t:|1697632454\n|switch|p2b: Dudunsparce|Dudunsparce-Three-Segment, F|100\/100\n|turn|5\n|\n|t:|1697632466\n|switch|p1a: Goodra|Goodra-Hisui, F|100\/100\n|-terastallize|p1b: Empoleon|Water\n|move|p2a: Regidrago|Tera Blast|p1a: Goodra|[anim] Tera Blast Steel\n|-resisted|p1a: Goodra\n|-damage|p1a: Goodra|83\/100\n|move|p1b: Empoleon|Blizzard|p2b: Dudunsparce|[spread] p2a,p2b\n|-resisted|p2a: Regidrago\n|-damage|p2a: Regidrago|69\/100\n|-damage|p2b: Dudunsparce|74\/100\n|move|p2b: Dudunsparce|Coil|p2b: Dudunsparce\n|-boost|p2b: Dudunsparce|atk|1\n|-boost|p2b: Dudunsparce|def|1\n|-boost|p2b: Dudunsparce|accuracy|1\n|\n|-weather|Snow|[upkeep]\n|upkeep\n|turn|6\n|\n|t:|1697632488\n|switch|p2a: Basculegion|Basculegion, M|100\/100\n|move|p1a: Goodra|Flamethrower|p2a: Basculegion\n|-resisted|p2a: Basculegion\n|-damage|p2a: Basculegion|83\/100\n|move|p1b: Empoleon|Hydro Pump|p2b: Dudunsparce\n|-damage|p2b: Dudunsparce|0 fnt\n|faint|p2b: Dudunsparce\n|\n|-weather|Snow|[upkeep]\n|upkeep\n|\n|t:|1697632499\n|switch|p2b: Regidrago|Regidrago, tera:Steel|69\/100\n|turn|7\n|\n|t:|1697632507\n|move|p1a: Goodra|Protect|p1a: Goodra\n|-singleturn|p1a: Goodra|Protect\n|move|p1b: Empoleon|Protect|p1b: Empoleon\n|-singleturn|p1b: Empoleon|Protect\n|move|p2b: Regidrago|Dragon Energy|p1a: Goodra|[spread] \n|-activate|p1a: Goodra|move: Protect\n|-activate|p1b: Empoleon|move: Protect\n|move|p2a: Basculegion|Psychic Fangs|p1b: Empoleon\n|-activate|p1b: Empoleon|move: Protect\n|\n|-weather|Snow|[upkeep]\n|upkeep\n|turn|8\n|\n|t:|1697632523\n|move|p2b: Regidrago|Dragon Energy|p1a: Goodra|[spread] p1a,p1b\n|-damage|p1a: Goodra|29\/100\n|-damage|p1b: Empoleon|32\/100\n|move|p2a: Basculegion|Psychic Fangs|p1b: Empoleon\n|-damage|p1b: Empoleon|0 fnt\n|faint|p1b: Empoleon\n|move|p1a: Goodra|Flamethrower|p2b: Regidrago\n|-supereffective|p2b: Regidrago\n|-damage|p2b: Regidrago|0 fnt\n|faint|p2b: Regidrago\n|\n|-weather|Snow|[upkeep]\n|upkeep\n|\n|t:|1697632531\n|switch|p2b: Sinistcha|Sinistcha|100\/100\n|switch|p1b: Sandslash|Sandslash-Alola, M|100\/100\n|-heal|p2a: Basculegion|100\/100|[from] ability: Hospitality|[of] p2b: Sinistcha\n|turn|9\n|\n|t:|1697632545\n|move|p1a: Goodra|Protect|p1a: Goodra\n|-singleturn|p1a: Goodra|Protect\n|move|p2a: Basculegion|Psychic Fangs|p1a: Goodra\n|-activate|p1a: Goodra|move: Protect\n|move|p1b: Sandslash|Knock Off|p2a: Basculegion\n|-supereffective|p2a: Basculegion\n|-damage|p2a: Basculegion|20\/100\n|-enditem|p2a: Basculegion|Choice Band|[from] move: Knock Off|[of] p1b: Sandslash\n|move|p2b: Sinistcha|Reflect|p2b: Sinistcha\n|-sidestart|p2: sofiane so|Reflect\n|\n|-weather|none\n|upkeep\n|turn|10\n|\n|t:|1697632559\n|move|p2b: Sinistcha|Rage Powder|p2b: Sinistcha\n|-singleturn|p2b: Sinistcha|move: Rage Powder\n|move|p2a: Basculegion|Psychic Fangs|p1a: Goodra\n|-resisted|p1a: Goodra\n|-damage|p1a: Goodra|15\/100\n|-damage|p2a: Basculegion|4\/100|[from] item: Rocky Helmet|[of] p1a: Goodra\n|move|p1b: Sandslash|Knock Off|p2b: Sinistcha\n|-supereffective|p2b: Sinistcha\n|-damage|p2b: Sinistcha|64\/100\n|-enditem|p2b: Sinistcha|Leftovers|[from] move: Knock Off|[of] p1b: Sandslash\n|move|p1a: Goodra|Blizzard|p2b: Sinistcha|[spread] p2a\n|-miss|p1a: Goodra|p2b: Sinistcha\n|-resisted|p2a: Basculegion\n|-damage|p2a: Basculegion|0 fnt\n|faint|p2a: Basculegion\n|\n|upkeep\n|turn|11\n|c|\u2606sofiane so|Gg\n|\n|t:|1697632576\n|move|p1b: Sandslash|Knock Off|p2b: Sinistcha\n|-supereffective|p2b: Sinistcha\n|-crit|p2b: Sinistcha\n|-damage|p2b: Sinistcha|3\/100\n|move|p2b: Sinistcha|Night Shade|p1b: Sandslash\n|-damage|p1b: Sandslash|72\/100\n|move|p1a: Goodra|Flamethrower|p2b: Sinistcha\n|-supereffective|p2b: Sinistcha\n|-damage|p2b: Sinistcha|0 fnt\n|faint|p2b: Sinistcha\n|\n|win|RocketsViability\n|raw|RocketsViability's rating: 1148 &rarr; <strong>1171<\/strong><br \/>(+23 for winning)\n|raw|sofiane so's rating: 1117 &rarr; <strong>1094<\/strong><br \/>(-23 for losing)\n|c|\u2606RocketsViability|gg\n|l|\u2606sofiane so\n","uploadtime":1697632588,"views":9,"p1id":"rocketsviability","p2id":"sofianeso","formatid":"gen9doublesou","rating":1094,"private":0,"password":""}