{"id":"gen9doublesou-1989431291","p1":"bruhschetta","p2":"Nast*E","format":"[Gen 9] Doubles OU","log":"|j|\u2606bruhschetta\n|j|\u2606Nast*E\n|t:|1699849473\n|gametype|doubles\n|player|p1|bruhschetta|psychicf-gen4|1596\n|player|p2|Nast*E|sage|1526\n|teamsize|p1|6\n|teamsize|p2|6\n|gen|9\n|tier|[Gen 9] Doubles OU\n|rated|\n|rule|Species Clause: Limit one of each Pok\u00e9mon\n|rule|OHKO Clause: OHKO moves are banned\n|rule|Evasion Moves Clause: Evasion moves are banned\n|rule|Gravity Sleep Clause: The combination of sleep-inducing moves with imperfect accuracy and Gravity or Gigantamax Orbeetle are banned\n|rule|Endless Battle Clause: Forcing endless battles is banned\n|rule|HP Percentage Mod: HP is shown in percentages\n|clearpoke\n|poke|p1|Espathra, M|\n|poke|p1|Ursaluna-Bloodmoon, M|\n|poke|p1|Sinistcha|\n|poke|p1|Flutter Mane|\n|poke|p1|Iron Hands|\n|poke|p1|Ogerpon-Hearthflame, F|\n|poke|p2|Shiftry, F|\n|poke|p2|Tornadus, M|\n|poke|p2|Overqwil, F|\n|poke|p2|Pelipper, M|\n|poke|p2|Illumise, F|\n|poke|p2|Enamorus, F|\n|teampreview\n|inactive|Battle timer is ON: inactive players will automatically lose when time's up. (requested by Nast*E)\n|\n|t:|1699849512\n|start\n|switch|p1a: Iron Hands|Iron Hands|100\/100\n|switch|p1b: Flutter Mane|Flutter Mane|100\/100\n|switch|p2a: Killer Bee|Illumise, F, shiny|100\/100\n|switch|p2b: Love Bug|Enamorus, F|100\/100\n|-enditem|p1b: Flutter Mane|Booster Energy\n|-activate|p1b: Flutter Mane|ability: Protosynthesis|[fromitem]\n|-start|p1b: Flutter Mane|protosynthesisspe\n|turn|1\n|\n|t:|1699849539\n|move|p2b: Love Bug|Protect|p2b: Love Bug\n|-singleturn|p2b: Love Bug|Protect\n|move|p1a: Iron Hands|Fake Out|p2a: Killer Bee\n|-crit|p2a: Killer Bee\n|-damage|p2a: Killer Bee|72\/100\n|cant|p2a: Killer Bee|flinch\n|move|p1b: Flutter Mane|Moonblast|p2a: Killer Bee\n|-damage|p2a: Killer Bee|24\/100\n|-enditem|p2a: Killer Bee|Aguav Berry|[eat]\n|-heal|p2a: Killer Bee|57\/100|[from] item: Aguav Berry\n|\n|upkeep\n|turn|2\n|\n|t:|1699849556\n|-terastallize|p2b: Love Bug|Steel\n|move|p2a: Killer Bee|Tailwind|p2a: Killer Bee\n|-sidestart|p2: Nast*E|move: Tailwind\n|move|p1b: Flutter Mane|Dazzling Gleam|p2a: Killer Bee|[spread] p2a,p2b\n|-resisted|p2b: Love Bug\n|-damage|p2a: Killer Bee|25\/100\n|-damage|p2b: Love Bug|85\/100\n|move|p2b: Love Bug|Iron Head|p1b: Flutter Mane\n|-supereffective|p1b: Flutter Mane\n|-damage|p1b: Flutter Mane|0 fnt\n|faint|p1b: Flutter Mane\n|-end|p1b: Flutter Mane|Protosynthesis|[silent]\n|move|p1a: Iron Hands|Wild Charge|p2b: Love Bug\n|-crit|p2b: Love Bug\n|-damage|p2b: Love Bug|0 fnt\n|faint|p2b: Love Bug\n|-damage|p1a: Iron Hands|87\/100|[from] Recoil\n|\n|upkeep\n|c|\u2606bruhschetta|LOL THERE IS NO WAY\n|inactive|bruhschetta has 120 seconds left.\n|c|\u2606Nast*E|thats crazy\n|\n|t:|1699849589\n|switch|p1b: THE BEAR|Ursaluna-Bloodmoon, M|100\/100\n|switch|p2b: Arbol|Shiftry, F, shiny|100\/100\n|-ability|p2b: Arbol|Wind Rider|boost\n|-boost|p2b: Arbol|atk|1\n|turn|3\n|\n|t:|1699849604\n|-end|p1a: Iron Hands|Quark Drive|[silent]\n|switch|p1a: N95|Ogerpon-Hearthflame, F|100\/100\n|-ability|p1a: N95|Mold Breaker\n|move|p2b: Arbol|Fake Out|p1b: THE BEAR\n|-damage|p1b: THE BEAR|88\/100\n|move|p2a: Killer Bee|Charm|p1a: N95\n|-unboost|p1a: N95|atk|2\n|cant|p1b: THE BEAR|flinch\n|\n|upkeep\n|turn|4\n|\n|t:|1699849626\n|move|p2a: Killer Bee|Charm|p1a: N95\n|-unboost|p1a: N95|atk|2\n|move|p2b: Arbol|Leaf Blade|p1b: THE BEAR\n|-supereffective|p1b: THE BEAR\n|-damage|p1b: THE BEAR|8\/100\n|move|p1a: N95|Ivy Cudgel|p2b: Arbol\n|-supereffective|p2b: Arbol\n|-damage|p2b: Arbol|42\/100\n|move|p1b: THE BEAR|Hyper Voice|p2b: Arbol|[spread] p2a,p2b\n|-crit|p2b: Arbol\n|-damage|p2a: Killer Bee|0 fnt\n|-damage|p2b: Arbol|0 fnt\n|faint|p2a: Killer Bee\n|faint|p2b: Arbol\n|\n|upkeep\n|\n|t:|1699849639\n|switch|p2b: Puff Puff Pass|Overqwil, F, shiny|100\/100\n|switch|p2a: Rain Man|Pelipper, M, shiny|100\/100\n|-weather|RainDance|[from] ability: Drizzle|[of] p2a: Rain Man\n|turn|5\n|\n|t:|1699849651\n|move|p1a: N95|Spiky Shield|p1a: N95\n|-singleturn|p1a: N95|move: Protect\n|move|p1b: THE BEAR|Vacuum Wave|p2b: Puff Puff Pass\n|-damage|p2b: Puff Puff Pass|85\/100\n|move|p2b: Puff Puff Pass|Liquidation|p1b: THE BEAR\n|-supereffective|p1b: THE BEAR\n|-damage|p1b: THE BEAR|0 fnt\n|faint|p1b: THE BEAR\n|move|p2a: Rain Man|Hurricane|p1a: N95\n|-activate|p1a: N95|move: Protect\n|\n|-weather|RainDance|[upkeep]\n|-sideend|p2: Nast*E|move: Tailwind\n|upkeep\n|\n|t:|1699849663\n|switch|p1b: Espathra|Espathra, M|100\/100\n|turn|6\n|\n|t:|1699849677\n|move|p2b: Puff Puff Pass|Crunch|p1b: Espathra\n|-supereffective|p1b: Espathra\n|-enditem|p1b: Espathra|Focus Sash\n|-damage|p1b: Espathra|1\/100\n|move|p1a: N95|Swords Dance|p1a: N95\n|-boost|p1a: N95|atk|2\n|move|p1b: Espathra|Feather Dance|p2b: Puff Puff Pass\n|-unboost|p2b: Puff Puff Pass|atk|2\n|move|p2a: Rain Man|Tailwind|p2a: Rain Man\n|-sidestart|p2: Nast*E|move: Tailwind\n|\n|-weather|RainDance|[upkeep]\n|-ability|p1b: Espathra|Speed Boost|boost\n|-boost|p1b: Espathra|spe|1\n|upkeep\n|turn|7\n|inactive|bruhschetta has 120 seconds left.\n|\n|t:|1699849719\n|switch|p2b: Zues|Tornadus, M, shiny|100\/100\n|-terastallize|p1a: N95|Fire\n|detailschange|p1a: N95|Ogerpon-Hearthflame-Tera, F, tera:Fire\n|-ability|p1a: N95|Embody Aspect (Hearthflame)|boost\n|-boost|p1a: N95|atk|1\n|move|p1b: Espathra|Protect|p1b: Espathra\n|-singleturn|p1b: Espathra|Protect\n|move|p1a: N95|Swords Dance|p1a: N95\n|-boost|p1a: N95|atk|2\n|move|p2a: Rain Man|Hurricane|p1a: N95\n|-damage|p1a: N95|58\/100\n|\n|-weather|RainDance|[upkeep]\n|-ability|p1b: Espathra|Speed Boost|boost\n|-boost|p1b: Espathra|spe|1\n|upkeep\n|turn|8\n|inactive|bruhschetta has 120 seconds left.\n|\n|t:|1699849745\n|move|p1a: N95|Spiky Shield|p1a: N95\n|-singleturn|p1a: N95|move: Protect\n|move|p1b: Espathra|Baton Pass|p1b: Espathra\n|\n|t:|1699849762\n|switch|p1b: Iron Hands|Iron Hands|87\/100|[from] Baton Pass\n|move|p2b: Zues|Bleakwind Storm|p1b: Iron Hands|[spread] p1b\n|-activate|p1a: N95|move: Protect\n|-damage|p1b: Iron Hands|60\/100\n|-damage|p2b: Zues|91\/100|[from] item: Life Orb\n|move|p2a: Rain Man|Surf|p1b: Iron Hands|[spread] p2b,p1b\n|-activate|p1a: N95|move: Protect\n|-damage|p2b: Zues|43\/100\n|-damage|p1b: Iron Hands|42\/100\n|\n|-weather|RainDance|[upkeep]\n|upkeep\n|turn|9\n|inactive|bruhschetta has 120 seconds left.\n|\n|t:|1699849778\n|move|p1b: Iron Hands|Fake Out|p2b: Zues\n|-damage|p2b: Zues|23\/100\n|cant|p2b: Zues|flinch\n|move|p1a: N95|Horn Leech|p2a: Rain Man\n|-damage|p2a: Rain Man|27\/100\n|-heal|p1a: N95|90\/100|[from] drain|[of] p2a: Rain Man\n|move|p2a: Rain Man|Hurricane|p1b: Iron Hands\n|-damage|p1b: Iron Hands|21\/100\n|-start|p1b: Iron Hands|confusion\n|\n|-weather|RainDance|[upkeep]\n|-sideend|p2: Nast*E|move: Tailwind\n|upkeep\n|turn|10\n|\n|t:|1699849794\n|move|p2b: Zues|Tailwind|p2b: Zues\n|-sidestart|p2: Nast*E|move: Tailwind\n|move|p1a: N95|Horn Leech|p2b: Zues\n|-resisted|p2b: Zues\n|-damage|p2b: Zues|0 fnt\n|-heal|p1a: N95|100\/100|[from] drain|[of] p2b: Zues\n|faint|p2b: Zues\n|move|p2a: Rain Man|Surf|p1b: Iron Hands|[spread] p1a,p1b\n|-supereffective|p1a: N95\n|-damage|p1a: N95|23\/100\n|-damage|p1b: Iron Hands|3\/100\n|-activate|p1b: Iron Hands|confusion\n|move|p1b: Iron Hands|Wild Charge|p2a: Rain Man\n|-supereffective|p2a: Rain Man\n|-damage|p2a: Rain Man|0 fnt\n|faint|p2a: Rain Man\n|-damage|p1b: Iron Hands|0 fnt|[from] Recoil\n|faint|p1b: Iron Hands\n|-end|p1b: Iron Hands|Quark Drive|[silent]\n|\n|-weather|RainDance|[upkeep]\n|upkeep\n|\n|t:|1699849809\n|switch|p2b: Puff Puff Pass|Overqwil, F, shiny|85\/100\n|switch|p1b: Espathra|Espathra, M|1\/100\n|turn|11\n|\n|t:|1699849822\n|move|p2b: Puff Puff Pass|Liquidation|p1a: N95\n|-supereffective|p1a: N95\n|-crit|p1a: N95\n|-damage|p1a: N95|0 fnt\n|faint|p1a: N95\n|move|p1b: Espathra|Feather Dance|p2b: Puff Puff Pass\n|-unboost|p2b: Puff Puff Pass|atk|2\n|\n|-weather|RainDance|[upkeep]\n|-ability|p1b: Espathra|Speed Boost|boost\n|-boost|p1b: Espathra|spe|1\n|upkeep\n|\n|t:|1699849825\n|switch|p1a: Sinistcha|Sinistcha|100\/100\n|turn|12\n|\n|t:|1699849833\n|move|p1b: Espathra|Protect|p1b: Espathra\n|-singleturn|p1b: Espathra|Protect\n|move|p2b: Puff Puff Pass|Gunk Shot|p1a: Sinistcha|[miss]\n|-miss|p2b: Puff Puff Pass|p1a: Sinistcha\n|move|p1a: Sinistcha|Matcha Gotcha|p2b: Puff Puff Pass\n|-resisted|p2b: Puff Puff Pass\n|-damage|p2b: Puff Puff Pass|69\/100\n|\n|-weather|none\n|-ability|p1b: Espathra|Speed Boost|boost\n|-boost|p1b: Espathra|spe|1\n|upkeep\n|turn|13\n|\n|t:|1699849846\n|move|p1b: Espathra|Feather Dance|p2b: Puff Puff Pass\n|-unboost|p2b: Puff Puff Pass|atk|2\n|move|p2b: Puff Puff Pass|Gunk Shot|p1a: Sinistcha\n|-damage|p1a: Sinistcha|77\/100\n|move|p1a: Sinistcha|Matcha Gotcha|p2b: Puff Puff Pass\n|-resisted|p2b: Puff Puff Pass\n|-damage|p2b: Puff Puff Pass|48\/100\n|-heal|p1a: Sinistcha|89\/100|[from] drain|[of] p2b: Puff Puff Pass\n|-status|p2b: Puff Puff Pass|brn\n|\n|-damage|p2b: Puff Puff Pass|42\/100 brn|[from] brn\n|-sideend|p2: Nast*E|move: Tailwind\n|-ability|p1b: Espathra|Speed Boost|boost\n|-boost|p1b: Espathra|spe|1\n|upkeep\n|turn|14\n|\n|t:|1699849857\n|move|p1b: Espathra|Feather Dance|p2b: Puff Puff Pass\n|-unboost|p2b: Puff Puff Pass|atk|2\n|move|p2b: Puff Puff Pass|Barb Barrage|p1a: Sinistcha\n|-damage|p1a: Sinistcha|85\/100\n|move|p1a: Sinistcha|Matcha Gotcha|p2b: Puff Puff Pass\n|-resisted|p2b: Puff Puff Pass\n|-damage|p2b: Puff Puff Pass|21\/100 brn\n|-heal|p1a: Sinistcha|96\/100|[from] drain|[of] p2b: Puff Puff Pass\n|\n|-damage|p2b: Puff Puff Pass|15\/100 brn|[from] brn\n|-ability|p1b: Espathra|Speed Boost|boost\n|-boost|p1b: Espathra|spe|1\n|upkeep\n|turn|15\n|\n|t:|1699849870\n|move|p1b: Espathra|Feather Dance|p2b: Puff Puff Pass\n|-unboost|p2b: Puff Puff Pass|atk|0\n|move|p2b: Puff Puff Pass|Barb Barrage|p1a: Sinistcha\n|-damage|p1a: Sinistcha|92\/100\n|-status|p1a: Sinistcha|psn\n|move|p1a: Sinistcha|Matcha Gotcha|p2b: Puff Puff Pass\n|-resisted|p2b: Puff Puff Pass\n|-damage|p2b: Puff Puff Pass|0 fnt\n|-heal|p1a: Sinistcha|99\/100 psn|[from] drain|[of] p2b: Puff Puff Pass\n|faint|p2b: Puff Puff Pass\n|\n|win|bruhschetta\n|raw|bruhschetta's rating: 1596 &rarr; <strong>1612<\/strong><br \/>(+16 for winning)\n|raw|Nast*E's rating: 1526 &rarr; <strong>1510<\/strong><br \/>(-16 for losing)\n|l|\u2606Nast*E\n","uploadtime":1699850155,"views":23,"p1id":"bruhschetta","p2id":"naste","formatid":"gen9doublesou","rating":1510,"private":0,"password":""}