{"id":"gen9doublesou-1988040570","p1":"pikeryer","p2":"GonzaJ","format":"[Gen 9] Doubles OU","log":"|j|\u2606pikeryer\n|j|\u2606GonzaJ\n|t:|1699662294\n|gametype|doubles\n|player|p1|pikeryer|dawn|1500\n|player|p2|GonzaJ|psychic-gen4|1601\n|teamsize|p1|6\n|teamsize|p2|6\n|gen|9\n|tier|[Gen 9] Doubles OU\n|rated|\n|rule|Species Clause: Limit one of each Pok\u00e9mon\n|rule|OHKO Clause: OHKO moves are banned\n|rule|Evasion Moves Clause: Evasion moves are banned\n|rule|Gravity Sleep Clause: The combination of sleep-inducing moves with imperfect accuracy and Gravity or Gigantamax Orbeetle are banned\n|rule|Endless Battle Clause: Forcing endless battles is banned\n|rule|HP Percentage Mod: HP is shown in percentages\n|clearpoke\n|poke|p1|Ninetales-Alola, M|\n|poke|p1|Arcanine-Hisui, M|\n|poke|p1|Iron Hands|\n|poke|p1|Flutter Mane|\n|poke|p1|Landorus, M|\n|poke|p1|Amoonguss, F|\n|poke|p2|Glimmora, F|\n|poke|p2|Wo-Chien|\n|poke|p2|Ting-Lu|\n|poke|p2|Chansey, F|\n|poke|p2|Gliscor, F|\n|poke|p2|Arcanine, M|\n|teampreview\n|\n|t:|1699662318\n|start\n|switch|p1a: Landorus|Landorus, M|100\/100\n|switch|p1b: Ninetales|Ninetales-Alola, M|100\/100\n|switch|p2a: Arcanine|Arcanine, M|100\/100\n|switch|p2b: Chansey|Chansey, F|100\/100\n|-weather|Snow|[from] ability: Snow Warning|[of] p1b: Ninetales\n|-ability|p2a: Arcanine|Intimidate|boost\n|-unboost|p1a: Landorus|atk|1\n|-unboost|p1b: Ninetales|atk|1\n|turn|1\n|inactive|Battle timer is ON: inactive players will automatically lose when time's up. (requested by pikeryer)\n|\n|t:|1699662369\n|switch|p2b: Ting-Lu|Ting-Lu|100\/100\n|-ability|p2b: Ting-Lu|Vessel of Ruin\n|move|p1b: Ninetales|Protect|p1b: Ninetales\n|-singleturn|p1b: Ninetales|Protect\n|move|p1a: Landorus|Nasty Plot|p1a: Landorus\n|-boost|p1a: Landorus|spa|2\n|move|p2a: Arcanine|Snarl|p1b: Ninetales|[spread] p1a\n|-activate|p1b: Ninetales|move: Protect\n|-damage|p1a: Landorus|93\/100\n|-unboost|p1a: Landorus|spa|1\n|\n|-weather|Snow|[upkeep]\n|upkeep\n|turn|2\n|\n|t:|1699662392\n|switch|p2a: Chansey|Chansey, F|100\/100\n|move|p1b: Ninetales|Aurora Veil|p1b: Ninetales\n|-sidestart|p1: pikeryer|move: Aurora Veil\n|move|p1a: Landorus|Sandsear Storm|p2b: Ting-Lu|[spread] p2b\n|-miss|p1a: Landorus|p2a: Chansey\n|-damage|p2b: Ting-Lu|47\/100\n|move|p2b: Ting-Lu|Whirlwind|p1a: Landorus\n|drag|p1a: Iron Hands|Iron Hands|100\/100\n|\n|-weather|Snow|[upkeep]\n|-heal|p2b: Ting-Lu|53\/100|[from] item: Leftovers\n|upkeep\n|turn|3\n|inactive|pikeryer has 120 seconds left.\n|\n|t:|1699662445\n|switch|p2b: Arcanine|Arcanine, M|100\/100\n|-ability|p2b: Arcanine|Intimidate|boost\n|-unboost|p1a: Iron Hands|atk|1\n|-unboost|p1b: Ninetales|atk|1\n|move|p1b: Ninetales|Blizzard|p2a: Chansey|[spread] p2a,p2b\n|-resisted|p2b: Arcanine\n|-damage|p2a: Chansey|91\/100\n|-damage|p2b: Arcanine|89\/100\n|move|p1a: Iron Hands|Drain Punch|p2b: Arcanine\n|-damage|p2b: Arcanine|54\/100\n|move|p2a: Chansey|Stealth Rock|p1b: Ninetales\n|-sidestart|p1: pikeryer|move: Stealth Rock\n|\n|-weather|Snow|[upkeep]\n|upkeep\n|turn|4\n|inactive|pikeryer has 120 seconds left.\n|\n|t:|1699662474\n|switch|p2b: Glimmora|Glimmora, F|100\/100\n|move|p1b: Ninetales|Encore|p2a: Chansey\n|-start|p2a: Chansey|Encore\n|move|p1a: Iron Hands|Drain Punch|p2a: Chansey\n|-supereffective|p2a: Chansey\n|-damage|p2a: Chansey|55\/100\n|move|p2a: Chansey|Stealth Rock||[still]\n|-fail|p2a: Chansey\n|\n|-weather|Snow|[upkeep]\n|upkeep\n|turn|5\n|inactive|pikeryer has 120 seconds left.\n|\n|t:|1699662508\n|-end|p1a: Iron Hands|Quark Drive|[silent]\n|switch|p1a: Landorus|Landorus, M|93\/100\n|-damage|p1a: Landorus|81\/100|[from] Stealth Rock\n|switch|p2a: Arcanine|Arcanine, M|54\/100\n|-ability|p2a: Arcanine|Intimidate|boost\n|-unboost|p1a: Landorus|atk|1\n|-unboost|p1b: Ninetales|atk|1\n|move|p1b: Ninetales|Blizzard|p2a: Arcanine|[spread] p2a,p2b\n|-resisted|p2a: Arcanine\n|-damage|p2a: Arcanine|43\/100\n|-damage|p2b: Glimmora|72\/100\n|-enditem|p2a: Arcanine|Sitrus Berry|[eat]\n|-heal|p2a: Arcanine|68\/100|[from] item: Sitrus Berry\n|move|p2b: Glimmora|Sludge Bomb|p1b: Ninetales\n|-supereffective|p1b: Ninetales\n|-damage|p1b: Ninetales|36\/100\n|\n|-weather|none\n|upkeep\n|turn|6\n|inactive|pikeryer has 120 seconds left.\n|\n|t:|1699662537\n|switch|p1b: Arcanine|Arcanine-Hisui, M, shiny|100\/100\n|-damage|p1b: Arcanine|76\/100|[from] Stealth Rock\n|-ability|p1b: Arcanine|Intimidate|boost\n|-unboost|p2a: Arcanine|atk|1\n|-unboost|p2b: Glimmora|atk|1\n|switch|p2a: Ting-Lu|Ting-Lu|53\/100\n|-ability|p2a: Ting-Lu|Vessel of Ruin\n|move|p2b: Glimmora|Spiky Shield|p2b: Glimmora\n|-singleturn|p2b: Glimmora|move: Protect\n|move|p1a: Landorus|Sandsear Storm|p2b: Glimmora|[spread] p2a\n|-activate|p2b: Glimmora|move: Protect\n|-damage|p2a: Ting-Lu|13\/100\n|\n|-heal|p2a: Ting-Lu|19\/100|[from] item: Leftovers\n|upkeep\n|turn|7\n|inactive|pikeryer has 120 seconds left.\n|\n|t:|1699662562\n|switch|p2b: Chansey|Chansey, F|55\/100\n|switch|p2a: Wo-Chien|Wo-Chien|100\/100\n|-ability|p2a: Wo-Chien|Tablets of Ruin\n|move|p1a: Landorus|Sandsear Storm|p2b: Chansey|[spread] p2a,p2b\n|-resisted|p2a: Wo-Chien\n|-damage|p2a: Wo-Chien|82\/100\n|-damage|p2b: Chansey|34\/100\n|move|p1b: Arcanine|Flare Blitz|p2a: Wo-Chien\n|-supereffective|p2a: Wo-Chien\n|-damage|p2a: Wo-Chien|0 fnt\n|faint|p2a: Wo-Chien\n|-damage|p1b: Arcanine|47\/100|[from] Recoil\n|\n|upkeep\n|\n|t:|1699662567\n|switch|p2a: Arcanine|Arcanine, M|68\/100\n|-ability|p2a: Arcanine|Intimidate|boost\n|-unboost|p1a: Landorus|atk|1\n|-unboost|p1b: Arcanine|atk|1\n|turn|8\n|inactive|pikeryer has 120 seconds left.\n|\n|t:|1699662585\n|switch|p2a: Gliscor|Gliscor, F|100\/100\n|move|p1a: Landorus|Sandsear Storm|p2b: Chansey|[spread] p2b\n|-immune|p2a: Gliscor\n|-crit|p2b: Chansey\n|-damage|p2b: Chansey|2\/100\n|move|p1b: Arcanine|Flare Blitz|p2b: Chansey\n|-damage|p2b: Chansey|0 fnt\n|faint|p2b: Chansey\n|-damage|p1b: Arcanine|47\/100|[from] Recoil\n|\n|-status|p2a: Gliscor|tox|[from] item: Toxic Orb\n|upkeep\n|\n|t:|1699662592\n|switch|p2b: Arcanine|Arcanine, M|68\/100\n|-ability|p2b: Arcanine|Intimidate|boost\n|-unboost|p1a: Landorus|atk|1\n|-unboost|p1b: Arcanine|atk|1\n|turn|9\n|\n|t:|1699662613\n|switch|p1b: Ninetales|Ninetales-Alola, M|36\/100\n|-damage|p1b: Ninetales|12\/100|[from] Stealth Rock\n|-weather|Snow|[from] ability: Snow Warning|[of] p1b: Ninetales\n|move|p2b: Arcanine|Protect|p2b: Arcanine\n|-singleturn|p2b: Arcanine|Protect\n|move|p1a: Landorus|Sandsear Storm|p2a: Gliscor|[spread] \n|-activate|p2b: Arcanine|move: Protect\n|-immune|p2a: Gliscor\n|move|p2a: Gliscor|Toxic|p1a: Landorus\n|-status|p1a: Landorus|tox\n|\n|-weather|Snow|[upkeep]\n|-damage|p1a: Landorus|75\/100 tox|[from] psn\n|-sideend|p1: pikeryer|move: Aurora Veil\n|upkeep\n|turn|10\n|c|\u2606GonzaJ|That pokemon is too op\n|c|\u2606GonzaJ|gg\n|-message|GonzaJ forfeited.\n|\n|win|pikeryer\n|raw|pikeryer's rating: 1500 &rarr; <strong>1526<\/strong><br \/>(+26 for winning)\n|raw|GonzaJ's rating: 1601 &rarr; <strong>1575<\/strong><br \/>(-26 for losing)\n|l|\u2606GonzaJ\n","uploadtime":1699662687,"views":6,"p1id":"pikeryer","p2id":"gonzaj","formatid":"gen9doublesou","rating":1526,"private":0,"password":""}