{"id":"gen9doublesou-1992895349","p1":"Pillmonger","p2":"Finkle2","format":"[Gen 9] Doubles OU","log":"|j|\u2606Pillmonger\n|j|\u2606Finkle2\n|t:|1700244731\n|gametype|doubles\n|player|p1|Pillmonger|harlequin|1409\n|player|p2|Finkle2|ghetsis|1360\n|teamsize|p1|6\n|teamsize|p2|6\n|gen|9\n|tier|[Gen 9] Doubles OU\n|rated|\n|rule|Species Clause: Limit one of each Pok\u00e9mon\n|rule|OHKO Clause: OHKO moves are banned\n|rule|Evasion Moves Clause: Evasion moves are banned\n|rule|Gravity Sleep Clause: The combination of sleep-inducing moves with imperfect accuracy and Gravity or Gigantamax Orbeetle are banned\n|rule|Endless Battle Clause: Forcing endless battles is banned\n|rule|HP Percentage Mod: HP is shown in percentages\n|clearpoke\n|poke|p1|Dragonite, F|\n|poke|p1|Hariyama, M|\n|poke|p1|Torkoal, F|\n|poke|p1|Clefairy, F|\n|poke|p1|Enamorus-Therian, F|\n|poke|p1|Farigiraf, M|\n|poke|p2|Sinistcha-Masterpiece|\n|poke|p2|Iron Hands|\n|poke|p2|Ninetales-Alola, F|\n|poke|p2|Amoonguss, F|\n|poke|p2|Goodra-Hisui, F|\n|poke|p2|Ursaluna-Bloodmoon, M|\n|teampreview\n|inactive|Battle timer is ON: inactive players will automatically lose when time's up. (requested by Pillmonger)\n|\n|t:|1700244739\n|start\n|switch|p1a: Hariyama|Hariyama, M|100\/100\n|switch|p1b: Farigiraf|Farigiraf, M|100\/100\n|switch|p2a: Shane Dawson|Sinistcha-Masterpiece|100\/100\n|switch|p2b: Sir Hands|Iron Hands|100\/100\n|turn|1\n|\n|t:|1700244756\n|move|p2b: Sir Hands|Drain Punch|p1b: Farigiraf\n|-damage|p1b: Farigiraf|60\/100\n|move|p1a: Hariyama|Knock Off|p2a: Shane Dawson\n|-supereffective|p2a: Shane Dawson\n|-damage|p2a: Shane Dawson|47\/100\n|-enditem|p2a: Shane Dawson|Life Orb|[from] move: Knock Off|[of] p1a: Hariyama\n|move|p2a: Shane Dawson|Trick Room|p2a: Shane Dawson\n|-fieldstart|move: Trick Room|[of] p2a: Shane Dawson\n|move|p1b: Farigiraf|Trick Room|p1b: Farigiraf\n|-fieldend|move: Trick Room\n|\n|-status|p1a: Hariyama|brn|[from] item: Flame Orb\n|upkeep\n|turn|2\n|\n|t:|1700244784\n|-end|p2b: Sir Hands|Quark Drive|[silent]\n|switch|p2b: Fancy Claw|Ninetales-Alola, F, shiny|100\/100\n|-weather|Snow|[from] ability: Snow Warning|[of] p2b: Fancy Claw\n|move|p2a: Shane Dawson|Protect|p2a: Shane Dawson\n|-singleturn|p2a: Shane Dawson|Protect\n|move|p1a: Hariyama|Knock Off|p2a: Shane Dawson\n|-activate|p2a: Shane Dawson|move: Protect\n|move|p1b: Farigiraf|Trick Room|p1b: Farigiraf\n|-fieldstart|move: Trick Room|[of] p1b: Farigiraf\n|\n|-weather|Snow|[upkeep]\n|-damage|p1a: Hariyama|94\/100 brn|[from] brn\n|upkeep\n|turn|3\n|\n|t:|1700244810\n|move|p1a: Hariyama|Wide Guard|p1a: Hariyama\n|-singleturn|p1a: Hariyama|Wide Guard\n|move|p1b: Farigiraf|Shadow Ball|p2a: Shane Dawson\n|-supereffective|p2a: Shane Dawson\n|-damage|p2a: Shane Dawson|0 fnt\n|faint|p2a: Shane Dawson\n|move|p2b: Fancy Claw|Aurora Veil|p2b: Fancy Claw\n|-sidestart|p2: Finkle2|move: Aurora Veil\n|\n|-weather|Snow|[upkeep]\n|-damage|p1a: Hariyama|88\/100 brn|[from] brn\n|upkeep\n|inactive|Finkle2 has 120 seconds left.\n|\n|t:|1700244826\n|switch|p2a: Amoongus|Amoonguss, F, shiny|100\/100\n|turn|4\n|\n|t:|1700244836\n|move|p1b: Farigiraf|Protect|p1b: Farigiraf\n|-singleturn|p1b: Farigiraf|Protect\n|move|p2a: Amoongus|Spore|p1b: Farigiraf\n|-activate|p1b: Farigiraf|move: Protect\n|move|p1a: Hariyama|Close Combat|p2b: Fancy Claw\n|-damage|p2b: Fancy Claw|62\/100\n|-unboost|p1a: Hariyama|def|1\n|-unboost|p1a: Hariyama|spd|1\n|move|p2b: Fancy Claw|Dazzling Gleam|p1a: Hariyama|[spread] p1a\n|-activate|p1b: Farigiraf|move: Protect\n|-supereffective|p1a: Hariyama\n|-damage|p1a: Hariyama|22\/100 brn\n|\n|-weather|Snow|[upkeep]\n|-damage|p1a: Hariyama|16\/100 brn|[from] brn\n|upkeep\n|turn|5\n|\n|t:|1700244856\n|move|p2a: Amoongus|Spore|p1b: Farigiraf\n|-status|p1b: Farigiraf|slp|[from] move: Spore\n|move|p1a: Hariyama|Knock Off|p2b: Fancy Claw\n|-resisted|p2b: Fancy Claw\n|-damage|p2b: Fancy Claw|52\/100\n|-enditem|p2b: Fancy Claw|Light Clay|[from] move: Knock Off|[of] p1a: Hariyama\n|cant|p1b: Farigiraf|slp\n|move|p2b: Fancy Claw|Blizzard|p1a: Hariyama|[spread] p1a,p1b\n|-damage|p1a: Hariyama|0 fnt\n|-damage|p1b: Farigiraf|39\/100 slp\n|faint|p1a: Hariyama\n|\n|-weather|Snow|[upkeep]\n|upkeep\n|\n|t:|1700244863\n|switch|p1a: Torkoal|Torkoal, F|100\/100\n|-weather|SunnyDay|[from] ability: Drought|[of] p1a: Torkoal\n|turn|6\n|\n|t:|1700244875\n|switch|p2b: Lame|Ursaluna-Bloodmoon, M|100\/100\n|-terastallize|p1a: Torkoal|Fire\n|move|p1a: Torkoal|Eruption|p2a: Amoongus|[spread] p2a,p2b\n|-supereffective|p2a: Amoongus\n|-damage|p2a: Amoongus|0 fnt\n|-damage|p2b: Lame|30\/100\n|faint|p2a: Amoongus\n|cant|p1b: Farigiraf|slp\n|\n|-weather|SunnyDay|[upkeep]\n|-fieldend|move: Trick Room\n|upkeep\n|\n|t:|1700244884\n|switch|p2a: Mr. Snail|Goodra-Hisui, F|100\/100\n|turn|7\n|\n|t:|1700244900\n|switch|p1a: Enamorus|Enamorus-Therian, F|100\/100\n|move|p2a: Mr. Snail|Draco Meteor|p1a: Enamorus\n|-immune|p1a: Enamorus\n|move|p2b: Lame|Earth Power|p1a: Enamorus\n|-immune|p1a: Enamorus\n|-curestatus|p1b: Farigiraf|slp|[msg]\n|move|p1b: Farigiraf|Trick Room|p1b: Farigiraf\n|-fieldstart|move: Trick Room|[of] p1b: Farigiraf\n|\n|-weather|SunnyDay|[upkeep]\n|upkeep\n|turn|8\n|inactive|Finkle2 has 120 seconds left.\n|\n|t:|1700244940\n|switch|p1b: Torkoal|Torkoal, F, tera:Fire|100\/100\n|move|p1a: Enamorus|Protect|p1a: Enamorus\n|-singleturn|p1a: Enamorus|Protect\n|move|p2b: Lame|Blood Moon|p1a: Enamorus\n|-activate|p1a: Enamorus|move: Protect\n|move|p2a: Mr. Snail|Surf|p1a: Enamorus|[spread] p2b,p1b\n|-activate|p1a: Enamorus|move: Protect\n|-supereffective|p2b: Lame\n|-crit|p2b: Lame\n|-supereffective|p1b: Torkoal\n|-damage|p2b: Lame|6\/100\n|-damage|p1b: Torkoal|71\/100\n|\n|-weather|SunnyDay|[upkeep]\n|upkeep\n|turn|9\n|inactive|Finkle2 has 120 seconds left.\n|\n|t:|1700244970\n|move|p1b: Torkoal|Eruption|p2a: Mr. Snail|[spread] p2a,p2b\n|-damage|p2a: Mr. Snail|57\/100\n|-damage|p2b: Lame|0 fnt\n|faint|p2b: Lame\n|move|p1a: Enamorus|Springtide Storm|p2a: Mr. Snail\n|-damage|p2a: Mr. Snail|24\/100\n|-damage|p1a: Enamorus|91\/100|[from] item: Life Orb\n|move|p2a: Mr. Snail|Flash Cannon|p1a: Enamorus\n|-supereffective|p1a: Enamorus\n|-damage|p1a: Enamorus|15\/100\n|-unboost|p1a: Enamorus|spd|1\n|\n|-weather|SunnyDay|[upkeep]\n|-heal|p2a: Mr. Snail|30\/100|[from] item: Leftovers\n|upkeep\n|\n|t:|1700244980\n|switch|p2b: Sir Hands|Iron Hands|100\/100\n|turn|10\n|\n|t:|1700244987\n|-terastallize|p2b: Sir Hands|Grass\n|move|p2b: Sir Hands|Fake Out|p1b: Torkoal\n|-damage|p1b: Torkoal|60\/100\n|cant|p1b: Torkoal|flinch\n|move|p1a: Enamorus|Springtide Storm|p2b: Sir Hands|[spread] p2b\n|-miss|p1a: Enamorus|p2a: Mr. Snail\n|-damage|p2b: Sir Hands|77\/100\n|-damage|p1a: Enamorus|5\/100|[from] item: Life Orb\n|move|p2a: Mr. Snail|Surf|p1a: Enamorus|[spread] p2b,p1a,p1b\n|-resisted|p2b: Sir Hands\n|-crit|p1a: Enamorus\n|-supereffective|p1b: Torkoal\n|-damage|p2b: Sir Hands|74\/100\n|-damage|p1a: Enamorus|0 fnt\n|-damage|p1b: Torkoal|28\/100\n|faint|p1a: Enamorus\n|\n|-weather|none\n|-heal|p2a: Mr. Snail|36\/100|[from] item: Leftovers\n|-sideend|p2: Finkle2|move: Aurora Veil\n|upkeep\n|\n|t:|1700244995\n|switch|p1a: Dragonite|Dragonite, F|100\/100\n|turn|11\n|\n|t:|1700245010\n|move|p1b: Torkoal|Eruption|p2a: Mr. Snail|[spread] p2a,p2b\n|-supereffective|p2b: Sir Hands\n|-damage|p2a: Mr. Snail|18\/100\n|-damage|p2b: Sir Hands|45\/100\n|move|p2b: Sir Hands|Wild Charge|p1a: Dragonite\n|-damage|p1a: Dragonite|35\/100\n|-damage|p2b: Sir Hands|34\/100|[from] Recoil\n|move|p2a: Mr. Snail|Draco Meteor|p1a: Dragonite\n|-supereffective|p1a: Dragonite\n|-damage|p1a: Dragonite|0 fnt\n|-unboost|p2a: Mr. Snail|spa|2\n|faint|p1a: Dragonite\n|\n|-heal|p2a: Mr. Snail|24\/100|[from] item: Leftovers\n|-fieldend|move: Trick Room\n|upkeep\n|\n|t:|1700245022\n|switch|p1a: Clefairy|Clefairy, F, shiny|100\/100\n|turn|12\n|\n|t:|1700245028\n|move|p1a: Clefairy|Follow Me|p1a: Clefairy\n|-singleturn|p1a: Clefairy|move: Follow Me\n|move|p2a: Mr. Snail|Surf|p1b: Torkoal|[spread] p2b,p1a,p1b\n|-resisted|p2b: Sir Hands\n|-supereffective|p1b: Torkoal\n|-damage|p2b: Sir Hands|31\/100\n|-damage|p1a: Clefairy|93\/100\n|-damage|p1b: Torkoal|5\/100\n|move|p2b: Sir Hands|Heavy Slam|p1a: Clefairy\n|-supereffective|p1a: Clefairy\n|-damage|p1a: Clefairy|0 fnt\n|faint|p1a: Clefairy\n|move|p1b: Torkoal|Eruption|p2b: Sir Hands|[spread] p2a,p2b\n|-supereffective|p2b: Sir Hands\n|-damage|p2a: Mr. Snail|20\/100\n|-damage|p2b: Sir Hands|26\/100\n|\n|-heal|p2a: Mr. Snail|26\/100|[from] item: Leftovers\n|upkeep\n|\n|t:|1700245032\n|switch|p1a: Farigiraf|Farigiraf, M|39\/100\n|turn|13\n|inactive|Finkle2 has 120 seconds left.\n|\n|t:|1700245064\n|move|p1a: Farigiraf|Hyper Voice|p2a: Mr. Snail|[spread] p2a,p2b\n|-resisted|p2a: Mr. Snail\n|-damage|p2a: Mr. Snail|17\/100\n|-damage|p2b: Sir Hands|8\/100\n|-enditem|p1a: Farigiraf|Throat Spray\n|-boost|p1a: Farigiraf|spa|1|[from] item: Throat Spray\n|move|p2a: Mr. Snail|Surf|p1a: Farigiraf|[spread] p2b,p1a,p1b\n|-resisted|p2b: Sir Hands\n|-supereffective|p1b: Torkoal\n|-damage|p2b: Sir Hands|5\/100\n|-damage|p1a: Farigiraf|27\/100\n|-damage|p1b: Torkoal|0 fnt\n|faint|p1b: Torkoal\n|move|p2b: Sir Hands|Drain Punch|p1a: Farigiraf\n|-damage|p1a: Farigiraf|0 fnt\n|-heal|p2b: Sir Hands|16\/100|[from] drain|[of] p1a: Farigiraf\n|faint|p1a: Farigiraf\n|\n|win|Finkle2\n|raw|Pillmonger's rating: 1409 &rarr; <strong>1386<\/strong><br \/>(-23 for losing)\n|raw|Finkle2's rating: 1360 &rarr; <strong>1383<\/strong><br \/>(+23 for winning)\n|l|\u2606Pillmonger\n","uploadtime":1700245084,"views":8,"p1id":"pillmonger","p2id":"finkle2","formatid":"gen9doublesou","rating":1383,"private":0,"password":""}