{"id":"gen9doublesou-1975015252","p1":"ChimeBliss","p2":"dragontrainerbrian","format":"[Gen 9] Doubles OU","log":"|j|\u2606ChimeBliss\n|j|\u2606dragontrainerbrian\n|t:|1698155067\n|gametype|doubles\n|player|p1|ChimeBliss|dawn-gen4pt|1452\n|player|p2|dragontrainerbrian|ethan|1398\n|teamsize|p1|6\n|teamsize|p2|6\n|gen|9\n|tier|[Gen 9] Doubles OU\n|rated|\n|rule|Species Clause: Limit one of each Pok\u00e9mon\n|rule|OHKO Clause: OHKO moves are banned\n|rule|Evasion Moves Clause: Evasion moves are banned\n|rule|Gravity Sleep Clause: The combination of sleep-inducing moves with imperfect accuracy and Gravity or Gigantamax Orbeetle are banned\n|rule|Endless Battle Clause: Forcing endless battles is banned\n|rule|HP Percentage Mod: HP is shown in percentages\n|clearpoke\n|poke|p1|Chien-Pao|\n|poke|p1|Tornadus, M|\n|poke|p1|Dragonite, M|\n|poke|p1|Chi-Yu|\n|poke|p1|Flutter Mane|\n|poke|p1|Landorus, M|\n|poke|p2|Hydreigon, M|\n|poke|p2|Iron Bundle|\n|poke|p2|Iron Hands|\n|poke|p2|Iron Moth|\n|poke|p2|Thundurus, M|\n|poke|p2|Masquerain, F|\n|teampreview\n|inactive|Battle timer is ON: inactive players will automatically lose when time's up. (requested by ChimeBliss)\n|inactive|ChimeBliss has 120 seconds left.\n|inactive|ChimeBliss has 90 seconds left.\n|\n|t:|1698155131\n|start\n|switch|p1a: Tornadus|Tornadus, M|100\/100\n|switch|p1b: Chien-Pao|Chien-Pao|100\/100\n|switch|p2a: Thundurus|Thundurus, M|100\/100\n|switch|p2b: Iron Hands|Iron Hands|100\/100\n|-ability|p1b: Chien-Pao|Sword of Ruin\n|turn|1\n|\n|t:|1698155142\n|move|p2b: Iron Hands|Fake Out|p1a: Tornadus\n|-damage|p1a: Tornadus|67\/100\n|cant|p1a: Tornadus|flinch\n|move|p2a: Thundurus|Taunt|p1a: Tornadus\n|-start|p1a: Tornadus|move: Taunt\n|move|p1b: Chien-Pao|Ice Spinner|p2a: Thundurus\n|-supereffective|p2a: Thundurus\n|-damage|p2a: Thundurus|0 fnt\n|faint|p2a: Thundurus\n|\n|upkeep\n|\n|t:|1698155157\n|switch|p2a: Iron Bundle|Iron Bundle|100\/100\n|turn|2\n|\n|t:|1698155176\n|switch|p1a: Chi-Yu|Chi-Yu|100\/100\n|-ability|p1a: Chi-Yu|Beads of Ruin\n|move|p2a: Iron Bundle|Protect|p2a: Iron Bundle\n|-singleturn|p2a: Iron Bundle|Protect\n|move|p1b: Chien-Pao|Sacred Sword|p2a: Iron Bundle\n|-activate|p2a: Iron Bundle|move: Protect\n|move|p2b: Iron Hands|Close Combat|p1b: Chien-Pao\n|-supereffective|p1b: Chien-Pao\n|-enditem|p1b: Chien-Pao|Focus Sash\n|-damage|p1b: Chien-Pao|1\/100\n|-unboost|p2b: Iron Hands|def|1\n|-unboost|p2b: Iron Hands|spd|1\n|\n|upkeep\n|turn|3\n|\n|t:|1698155202\n|move|p1b: Chien-Pao|Sucker Punch|p2a: Iron Bundle\n|-damage|p2a: Iron Bundle|44\/100\n|move|p1a: Chi-Yu|Heat Wave|p2a: Iron Bundle|[spread] p2b\n|-miss|p1a: Chi-Yu|p2a: Iron Bundle\n|-damage|p2b: Iron Hands|57\/100\n|move|p2a: Iron Bundle|Icy Wind|p1b: Chien-Pao|[spread] p1a\n|-miss|p2a: Iron Bundle|p1b: Chien-Pao\n|-resisted|p1a: Chi-Yu\n|-damage|p1a: Chi-Yu|84\/100\n|-unboost|p1a: Chi-Yu|spe|1\n|-damage|p2a: Iron Bundle|34\/100|[from] item: Life Orb\n|move|p2b: Iron Hands|Close Combat|p1a: Chi-Yu\n|-supereffective|p1a: Chi-Yu\n|-damage|p1a: Chi-Yu|0 fnt\n|-unboost|p2b: Iron Hands|def|1\n|-unboost|p2b: Iron Hands|spd|1\n|faint|p1a: Chi-Yu\n|\n|upkeep\n|\n|t:|1698155210\n|switch|p1a: Tornadus|Tornadus, M|67\/100\n|turn|4\n|\n|t:|1698155233\n|move|p1a: Tornadus|Tailwind|p1a: Tornadus\n|-sidestart|p1: ChimeBliss|move: Tailwind\n|move|p1b: Chien-Pao|Ice Spinner|p2b: Iron Hands\n|-damage|p2b: Iron Hands|0 fnt\n|faint|p2b: Iron Hands\n|-end|p2b: Iron Hands|Quark Drive|[silent]\n|move|p2a: Iron Bundle|Icy Wind|p1b: Chien-Pao|[spread] p1a,p1b\n|-supereffective|p1a: Tornadus\n|-resisted|p1b: Chien-Pao\n|-damage|p1a: Tornadus|0 fnt\n|-damage|p1b: Chien-Pao|0 fnt\n|faint|p1a: Tornadus\n|faint|p1b: Chien-Pao\n|-damage|p2a: Iron Bundle|24\/100|[from] item: Life Orb\n|\n|upkeep\n|\n|t:|1698155247\n|switch|p1b: Landorus|Landorus, M|100\/100\n|switch|p1a: Flutter Mane|Flutter Mane|100\/100\n|switch|p2b: Sky|Masquerain, F|100\/100\n|-ability|p2b: Sky|Intimidate|boost\n|-unboost|p1a: Flutter Mane|atk|1\n|-unboost|p1b: Landorus|atk|1\n|turn|5\n|\n|t:|1698155258\n|-terastallize|p2b: Sky|Steel\n|move|p2a: Iron Bundle|Protect|p2a: Iron Bundle\n|-singleturn|p2a: Iron Bundle|Protect\n|move|p1a: Flutter Mane|Dazzling Gleam|p2b: Sky|[spread] p2b\n|-activate|p2a: Iron Bundle|move: Protect\n|-resisted|p2b: Sky\n|-damage|p2b: Sky|65\/100\n|move|p1b: Landorus|Sludge Bomb|p2b: Sky\n|-immune|p2b: Sky\n|move|p2b: Sky|Tailwind|p2b: Sky\n|-sidestart|p2: dragontrainerbrian|move: Tailwind\n|\n|upkeep\n|turn|6\n|\n|t:|1698155273\n|move|p2a: Iron Bundle|Icy Wind|p1b: Landorus|[spread] p1a,p1b\n|-supereffective|p1b: Landorus\n|-damage|p1a: Flutter Mane|71\/100\n|-damage|p1b: Landorus|0 fnt\n|-unboost|p1a: Flutter Mane|spe|1\n|faint|p1b: Landorus\n|-damage|p2a: Iron Bundle|14\/100|[from] item: Life Orb\n|move|p2b: Sky|Sticky Web|p1a: Flutter Mane\n|-sidestart|p1: ChimeBliss|move: Sticky Web\n|move|p1a: Flutter Mane|Dazzling Gleam|p2a: Iron Bundle|[spread] p2a,p2b\n|-resisted|p2b: Sky\n|-damage|p2a: Iron Bundle|0 fnt\n|-damage|p2b: Sky|31\/100\n|faint|p2a: Iron Bundle\n|-end|p2a: Iron Bundle|Quark Drive|[silent]\n|\n|upkeep\n|\n|t:|1698155289\n|switch|p2a: Iron Moth|Iron Moth|100\/100\n|switch|p1b: Dragonite|Dragonite, M, shiny|100\/100\n|turn|7\n|\n|t:|1698155296\n|-terastallize|p1b: Dragonite|Normal\n|move|p1b: Dragonite|Extreme Speed|p2a: Iron Moth\n|-damage|p2a: Iron Moth|0 fnt\n|faint|p2a: Iron Moth\n|-end|p2a: Iron Moth|Quark Drive|[silent]\n|move|p2b: Sky|Air Slash|p1b: Dragonite\n|-damage|p1b: Dragonite|71\/100\n|move|p1a: Flutter Mane|Dazzling Gleam|p2b: Sky\n|-resisted|p2b: Sky\n|-damage|p2b: Sky|0 fnt\n|faint|p2b: Sky\n|\n|-sideend|p1: ChimeBliss|move: Tailwind\n|upkeep\n|\n|t:|1698155309\n|switch|p2b: Bread \ud83c\udf5e|Hydreigon, M|100\/100\n|turn|8\n|\n|t:|1698155314\n|move|p1b: Dragonite|Extreme Speed|p2b: Bread \ud83c\udf5e\n|-damage|p2b: Bread \ud83c\udf5e|24\/100\n|move|p2b: Bread \ud83c\udf5e|Heat Wave|p1a: Flutter Mane|[spread] p1a,p1b\n|-damage|p1a: Flutter Mane|41\/100\n|-damage|p1b: Dragonite|43\/100\n|-damage|p2b: Bread \ud83c\udf5e|14\/100|[from] item: Life Orb\n|move|p1a: Flutter Mane|Dazzling Gleam|p2b: Bread \ud83c\udf5e\n|-supereffective|p2b: Bread \ud83c\udf5e\n|-damage|p2b: Bread \ud83c\udf5e|0 fnt\n|faint|p2b: Bread \ud83c\udf5e\n|\n|win|ChimeBliss\n|raw|ChimeBliss's rating: 1452 &rarr; <strong>1469<\/strong><br \/>(+17 for winning)\n|raw|dragontrainerbrian's rating: 1398 &rarr; <strong>1381<\/strong><br \/>(-17 for losing)\n|l|\u2606dragontrainerbrian\n","uploadtime":1698155320,"views":16,"p1id":"chimebliss","p2id":"dragontrainerbrian","formatid":"gen9doublesou","rating":1381,"private":0,"password":""}