{"id":"gen9doublesou-1984397574","p1":"xFTLx","p2":"Hezzyhutch1","format":"[Gen 9] Doubles OU","log":"|j|\u2606xFTLx\n|j|\u2606Hezzyhutch1\n|t:|1699256384\n|gametype|doubles\n|player|p1|xFTLx|volkner|1181\n|player|p2|Hezzyhutch1|marshal|1064\n|teamsize|p1|6\n|teamsize|p2|6\n|gen|9\n|tier|[Gen 9] Doubles OU\n|rated|\n|rule|Species Clause: Limit one of each Pok\u00e9mon\n|rule|OHKO Clause: OHKO moves are banned\n|rule|Evasion Moves Clause: Evasion moves are banned\n|rule|Gravity Sleep Clause: The combination of sleep-inducing moves with imperfect accuracy and Gravity or Gigantamax Orbeetle are banned\n|rule|Endless Battle Clause: Forcing endless battles is banned\n|rule|HP Percentage Mod: HP is shown in percentages\n|clearpoke\n|poke|p1|Amoonguss, M|\n|poke|p1|Grimmsnarl, M|\n|poke|p1|Articuno-Galar|\n|poke|p1|Infernape, M|\n|poke|p1|Armarouge, M|\n|poke|p1|Gliscor, M|\n|poke|p2|Slaking, M|\n|poke|p2|Grafaiai, F|\n|poke|p2|Dragonite, M|\n|poke|p2|Torkoal, F|\n|poke|p2|Meowscarada, F|\n|poke|p2|Typhlosion-Hisui, M|\n|teampreview\n|inactive|Battle timer is ON: inactive players will automatically lose when time's up. (requested by Hezzyhutch1)\n|l|\u2606xFTLx\n|inactive|xFTLx disconnected and has a minute to reconnect!\n|player|p1|\n|inactive|Hezzyhutch1 has 120 seconds left.\n|inactive|xFTLx has 30 seconds to reconnect!\n|j|\u2606xFTLx\n|inactive|xFTLx reconnected and has 95 seconds left.\n|player|p1|xFTLx|volkner\n|inactive|xFTLx has 90 seconds left.\n|\n|t:|1699256450\n|start\n|switch|p1a: Articuno|Articuno-Galar|100\/100\n|switch|p1b: Amoonguss|Amoonguss, M, shiny|100\/100\n|switch|p2a: Torkoal|Torkoal, F, shiny|100\/100\n|switch|p2b: Typhlosion|Typhlosion-Hisui, M, shiny|100\/100\n|-weather|SunnyDay|[from] ability: Drought|[of] p2a: Torkoal\n|turn|1\n|\n|t:|1699256465\n|-terastallize|p1b: Amoonguss|Water\n|move|p2b: Typhlosion|Eruption|p1b: Amoonguss|[spread] p1a,p1b\n|-resisted|p1b: Amoonguss\n|-damage|p1a: Articuno|26\/100\n|-damage|p1b: Amoonguss|65\/100\n|move|p1b: Amoonguss|Spore|p2b: Typhlosion\n|-status|p2b: Typhlosion|slp|[from] move: Spore\n|move|p2a: Torkoal|Stealth Rock|p1b: Amoonguss\n|-sidestart|p1: xFTLx|move: Stealth Rock\n|move|p1a: Articuno|Trick Room|p1a: Articuno\n|-fieldstart|move: Trick Room|[of] p1a: Articuno\n|\n|-weather|SunnyDay|[upkeep]\n|upkeep\n|turn|2\n|\n|t:|1699256488\n|switch|p2b: Meowscarada|Meowscarada, F, shiny|100\/100\n|move|p2a: Torkoal|Will-O-Wisp|p1b: Amoonguss\n|-status|p1b: Amoonguss|brn\n|move|p1b: Amoonguss|Spore|p2a: Torkoal\n|-status|p2a: Torkoal|slp|[from] move: Spore\n|move|p1a: Articuno|Shadow Ball|p2b: Meowscarada\n|-resisted|p2b: Meowscarada\n|-damage|p2b: Meowscarada|79\/100\n|\n|-weather|SunnyDay|[upkeep]\n|-damage|p1b: Amoonguss|59\/100 brn|[from] brn\n|upkeep\n|turn|3\n|inactive|Hezzyhutch1 has 120 seconds left.\n|\n|t:|1699256527\n|move|p2b: Meowscarada|Sucker Punch|p1a: Articuno\n|-start|p2b: Meowscarada|typechange|Dark|[from] ability: Protean\n|-supereffective|p1a: Articuno\n|-damage|p1a: Articuno|0 fnt\n|faint|p1a: Articuno\n|cant|p2a: Torkoal|slp\n|move|p1b: Amoonguss|Pollen Puff|p1: Articuno|[notarget]\n|-fail|p1b: Amoonguss\n|\n|-weather|SunnyDay|[upkeep]\n|-damage|p1b: Amoonguss|53\/100 brn|[from] brn\n|upkeep\n|\n|t:|1699256539\n|switch|p1a: Armarouge|Armarouge, M|100\/100\n|-damage|p1a: Armarouge|75\/100|[from] Stealth Rock\n|turn|4\n|inactive|Hezzyhutch1 has 120 seconds left.\n|\n|t:|1699256575\n|cant|p2a: Torkoal|slp\n|move|p1b: Amoonguss|Venoshock|p2b: Meowscarada\n|-damage|p2b: Meowscarada|47\/100\n|-enditem|p2b: Meowscarada|Sitrus Berry|[eat]\n|-heal|p2b: Meowscarada|71\/100|[from] item: Sitrus Berry\n|move|p1a: Armarouge|Aura Sphere|p2b: Meowscarada\n|-supereffective|p2b: Meowscarada\n|-damage|p2b: Meowscarada|0 fnt\n|faint|p2b: Meowscarada\n|\n|-weather|SunnyDay|[upkeep]\n|-damage|p1b: Amoonguss|47\/100 brn|[from] brn\n|upkeep\n|\n|t:|1699256597\n|switch|p2b: Typhlosion|Typhlosion-Hisui, M, shiny|100\/100 slp\n|turn|5\n|\n|t:|1699256626\n|cant|p2a: Torkoal|slp\n|move|p1b: Amoonguss|Spore|p2a: Torkoal\n|-fail|p2a: Torkoal|slp\n|move|p1a: Armarouge|Calm Mind|p1a: Armarouge\n|-boost|p1a: Armarouge|spa|1\n|-boost|p1a: Armarouge|spd|1\n|cant|p2b: Typhlosion|slp\n|\n|-weather|none\n|-damage|p1b: Amoonguss|41\/100 brn|[from] brn\n|-fieldend|move: Trick Room\n|upkeep\n|turn|6\n|\n|t:|1699256650\n|cant|p2b: Typhlosion|slp\n|move|p1a: Armarouge|Aura Sphere|p2a: Torkoal\n|-damage|p2a: Torkoal|58\/100 slp\n|move|p1b: Amoonguss|Spore|p2b: Typhlosion\n|-fail|p2b: Typhlosion|slp\n|-curestatus|p2a: Torkoal|slp|[msg]\n|move|p2a: Torkoal|Heat Wave|p1a: Armarouge|[spread] p1b\n|-start|p1a: Armarouge|ability: Flash Fire\n|-resisted|p1b: Amoonguss\n|-damage|p1b: Amoonguss|32\/100 brn\n|\n|-heal|p2a: Torkoal|64\/100|[from] item: Leftovers\n|-damage|p1b: Amoonguss|26\/100 brn|[from] brn\n|upkeep\n|turn|7\n|inactive|xFTLx has 120 seconds left.\n|inactive|Hezzyhutch1 has 120 seconds left.\n|\n|t:|1699256689\n|-curestatus|p2b: Typhlosion|slp|[msg]\n|move|p2b: Typhlosion|Shadow Ball|p1a: Armarouge\n|-supereffective|p1a: Armarouge\n|-damage|p1a: Armarouge|19\/100\n|move|p1a: Armarouge|Aura Sphere|p2a: Torkoal\n|-damage|p2a: Torkoal|17\/100\n|move|p1b: Amoonguss|Spore|p2a: Torkoal\n|-status|p2a: Torkoal|slp|[from] move: Spore\n|cant|p2a: Torkoal|slp\n|\n|-heal|p2a: Torkoal|23\/100 slp|[from] item: Leftovers\n|-damage|p1b: Amoonguss|20\/100 brn|[from] brn\n|upkeep\n|turn|8\n|\n|t:|1699256708\n|move|p2b: Typhlosion|Shadow Ball|p1a: Armarouge\n|-supereffective|p1a: Armarouge\n|-crit|p1a: Armarouge\n|-damage|p1a: Armarouge|0 fnt\n|faint|p1a: Armarouge\n|move|p1b: Amoonguss|Spore|p2b: Typhlosion\n|-status|p2b: Typhlosion|slp|[from] move: Spore\n|cant|p2a: Torkoal|slp\n|\n|-heal|p2a: Torkoal|29\/100 slp|[from] item: Leftovers\n|-damage|p1b: Amoonguss|13\/100 brn|[from] brn\n|upkeep\n|inactive|xFTLx has 120 seconds left.\n|\n|t:|1699256746\n|switch|p1a: Gliscor|Gliscor, M, shiny|100\/100\n|-damage|p1a: Gliscor|88\/100|[from] Stealth Rock\n|turn|9\n|inactive|Hezzyhutch1 has 120 seconds left.\n|\n|t:|1699256796\n|cant|p2b: Typhlosion|slp\n|move|p1a: Gliscor|Crabhammer|p2b: Typhlosion\n|-supereffective|p2b: Typhlosion\n|-crit|p2b: Typhlosion\n|-damage|p2b: Typhlosion|0 fnt\n|faint|p2b: Typhlosion\n|move|p1b: Amoonguss|Venoshock|p2a: Torkoal\n|-damage|p2a: Torkoal|7\/100 slp\n|-curestatus|p2a: Torkoal|slp|[msg]\n|move|p2a: Torkoal|Will-O-Wisp|p1a: Gliscor\n|-status|p1a: Gliscor|brn\n|\n|-heal|p2a: Torkoal|13\/100|[from] item: Leftovers\n|-damage|p1a: Gliscor|82\/100 brn|[from] brn\n|-damage|p1b: Amoonguss|7\/100 brn|[from] brn\n|upkeep\n|\n|t:|1699256814\n|switch|p2b: Dragonite|Dragonite, M, shiny|100\/100\n|turn|10\n|l|\u2606xFTLx\n|inactive|xFTLx disconnected and has a minute to reconnect!\n|player|p1|\n|inactive|xFTLx has 30 seconds to reconnect!\n|j|\u2606xFTLx\n|inactive|xFTLx reconnected and has 95 seconds left.\n|player|p1|xFTLx|volkner\n|inactive|xFTLx has 90 seconds left.\n|\n|t:|1699256867\n|move|p1a: Gliscor|Ice Fang|p2b: Dragonite\n|-supereffective|p2b: Dragonite\n|-damage|p2b: Dragonite|83\/100\n|-enditem|p2b: Dragonite|Weakness Policy\n|-boost|p2b: Dragonite|atk|2|[from] item: Weakness Policy\n|-boost|p2b: Dragonite|spa|2|[from] item: Weakness Policy\n|move|p2b: Dragonite|Dragon Dance|p2b: Dragonite\n|-boost|p2b: Dragonite|atk|1\n|-boost|p2b: Dragonite|spe|1\n|move|p1b: Amoonguss|Venoshock|p2a: Torkoal\n|-damage|p2a: Torkoal|0 fnt\n|faint|p2a: Torkoal\n|\n|-damage|p1a: Gliscor|76\/100 brn|[from] brn\n|-damage|p1b: Amoonguss|1\/100 brn|[from] brn\n|upkeep\n|\n|t:|1699256880\n|switch|p2a: Grafaiai|Grafaiai, F, shiny|100\/100\n|turn|11\n|inactive|Hezzyhutch1 has 120 seconds left.\n|\n|t:|1699256899\n|move|p2b: Dragonite|Rock Slide|p1a: Gliscor|[spread] p1a,p1b\n|-crit|p1a: Gliscor\n|-damage|p1a: Gliscor|20\/100 brn\n|-damage|p1b: Amoonguss|0 fnt\n|faint|p1b: Amoonguss\n|move|p2a: Grafaiai|Venoshock|p1a: Gliscor\n|-resisted|p1a: Gliscor\n|-damage|p1a: Gliscor|5\/100 brn\n|cant|p1a: Gliscor|flinch\n|\n|-damage|p1a: Gliscor|0 fnt|[from] brn\n|faint|p1a: Gliscor\n|upkeep\n|\n|t:|1699256912\n|switch|p1a: Grimmsnarl|Grimmsnarl, M, shiny|100\/100\n|switch|p1b: Infernape|Infernape, M, shiny|100\/100\n|-damage|p1b: Infernape|88\/100|[from] Stealth Rock\n|-damage|p1a: Grimmsnarl|88\/100|[from] Stealth Rock\n|turn|12\n|inactive|xFTLx has 120 seconds left.\n|\n|t:|1699256924\n|move|p2a: Grafaiai|Toxic|p1a: Grimmsnarl\n|-hint|Since gen 7, Dark is immune to Prankster moves.\n|-immune|p1a: Grimmsnarl\n|move|p1a: Grimmsnarl|Thunder Wave|p2b: Dragonite|[miss]\n|-miss|p1a: Grimmsnarl|p2b: Dragonite\n|move|p2b: Dragonite|Rock Slide|p1b: Infernape|[spread] p1a,p1b\n|-damage|p1a: Grimmsnarl|35\/100\n|-damage|p1b: Infernape|28\/100\n|cant|p1b: Infernape|flinch\n|\n|-heal|p1a: Grimmsnarl|42\/100|[from] item: Leftovers\n|upkeep\n|turn|13\n|\n|t:|1699256946\n|move|p1a: Grimmsnarl|Thunder Wave|p2b: Dragonite|[miss]\n|-miss|p1a: Grimmsnarl|p2b: Dragonite\n|move|p2b: Dragonite|Rock Slide|p1a: Grimmsnarl|[spread] p1a,p1b\n|-damage|p1a: Grimmsnarl|0 fnt\n|-damage|p1b: Infernape|0 fnt\n|faint|p1a: Grimmsnarl\n|faint|p1b: Infernape\n|\n|win|Hezzyhutch1\n|raw|xFTLx's rating: 1181 &rarr; <strong>1151<\/strong><br \/>(-30 for losing)\n|raw|Hezzyhutch1's rating: 1105 &rarr; <strong>1135<\/strong><br \/>(+30 for winning)\n","uploadtime":1699256952,"views":7,"p1id":"xftlx","p2id":"hezzyhutch1","formatid":"gen9doublesou","rating":1135,"private":0,"password":""}