{"id":"gen9doublesou-1988089007","p1":"steelpupa","p2":"Smudge","format":"[Gen 9] Doubles OU","log":"|j|\u2606steelpupa\n|j|\u2606Smudge\n|t:|1699668168\n|gametype|doubles\n|player|p1|steelpupa|#vgcplzoruas|\n|player|p2|Smudge|#dwcopiii|\n|teamsize|p1|6\n|teamsize|p2|6\n|gen|9\n|tier|[Gen 9] Doubles OU\n|rule|Species Clause: Limit one of each Pok\u00e9mon\n|rule|OHKO Clause: OHKO moves are banned\n|rule|Evasion Moves Clause: Evasion moves are banned\n|rule|Gravity Sleep Clause: The combination of sleep-inducing moves with imperfect accuracy and Gravity or Gigantamax Orbeetle are banned\n|rule|Endless Battle Clause: Forcing endless battles is banned\n|rule|HP Percentage Mod: HP is shown in percentages\n|clearpoke\n|poke|p1|Kommo-o, F|\n|poke|p1|Tyranitar, M|\n|poke|p1|Flutter Mane|\n|poke|p1|Amoonguss, M|\n|poke|p1|Arcanine-Hisui, M|\n|poke|p1|Chien-Pao|\n|poke|p2|Kingambit, F|\n|poke|p2|Flutter Mane|\n|poke|p2|Ogerpon-Hearthflame, F|\n|poke|p2|Rillaboom, F|\n|poke|p2|Roaring Moon|\n|poke|p2|Glimmora, F|\n|teampreview\n|inactive|Battle timer is ON: inactive players will automatically lose when time's up. (requested by Smudge)\n|j| R4ye\n|j|+ryo yamada2001\n|j| eragon11145\n|inactive|steelpupa has 270 seconds left.\n|inactive|Smudge has 270 seconds left.\n|j| tyo\n|j| luisin\n|j| FEIrisfans\n|inactive|steelpupa has 240 seconds left.\n|inactive|Smudge has 240 seconds left.\n|j|+Arcticblast\n|j| GuitarheroVGC\n|\n|t:|1699668241\n|start\n|switch|p1a: Tyranitar|Tyranitar, M|100\/100\n|switch|p1b: Flutter Mane|Flutter Mane|100\/100\n|switch|p2a: Glimmora|Glimmora, F|100\/100\n|switch|p2b: Rillaboom|Rillaboom, F|100\/100\n|-fieldstart|move: Grassy Terrain|[from] ability: Grassy Surge|[of] p2b: Rillaboom\n|-weather|Sandstorm|[from] ability: Sand Stream|[of] p1a: Tyranitar\n|turn|1\n|inactive|steelpupa has 270 seconds left.\n|j| Metallica126\n|\n|t:|1699668279\n|switch|p1a: Arcanine|Arcanine-Hisui, M|100\/100\n|-ability|p1a: Arcanine|Intimidate|boost\n|-unboost|p2a: Glimmora|atk|1\n|-unboost|p2b: Rillaboom|atk|1\n|move|p1b: Flutter Mane|Moonblast|p2b: Rillaboom\n|-damage|p2b: Rillaboom|55\/100\n|move|p2a: Glimmora|Stealth Rock|p1b: Flutter Mane\n|-sidestart|p1: steelpupa|move: Stealth Rock\n|move|p2b: Rillaboom|Wood Hammer|p1b: Flutter Mane\n|-damage|p1b: Flutter Mane|19\/100\n|-damage|p2b: Rillaboom|34\/100|[from] Recoil\n|\n|-weather|Sandstorm|[upkeep]\n|-damage|p1b: Flutter Mane|13\/100|[from] Sandstorm\n|-damage|p2b: Rillaboom|28\/100|[from] Sandstorm\n|-heal|p1b: Flutter Mane|19\/100|[from] Grassy Terrain\n|-heal|p2b: Rillaboom|34\/100|[from] Grassy Terrain\n|upkeep\n|turn|2\n|j| kaori\n|inactive|steelpupa has 270 seconds left.\n|inactive|steelpupa has 240 seconds left.\n|\n|t:|1699668338\n|-end|p1b: Flutter Mane|Protosynthesis|[silent]\n|switch|p1b: Kommo-o|Kommo-o, F|100\/100\n|-damage|p1b: Kommo-o|94\/100|[from] Stealth Rock\n|switch|p2b: Roaring Moon|Roaring Moon|100\/100\n|-enditem|p2b: Roaring Moon|Booster Energy\n|-activate|p2b: Roaring Moon|ability: Protosynthesis|[fromitem]\n|-start|p2b: Roaring Moon|protosynthesisspe\n|move|p2a: Glimmora|Mortal Spin|p1a: Arcanine|[spread] p1a,p1b\n|-resisted|p1a: Arcanine\n|-damage|p1a: Arcanine|99\/100\n|-damage|p1b: Kommo-o|92\/100\n|-status|p1a: Arcanine|psn\n|-status|p1b: Kommo-o|psn\n|move|p1a: Arcanine|Rock Slide|p2a: Glimmora|[spread] p2b\n|-miss|p1a: Arcanine|p2a: Glimmora\n|-damage|p2b: Roaring Moon|55\/100\n|\n|-weather|Sandstorm|[upkeep]\n|-damage|p2b: Roaring Moon|49\/100|[from] Sandstorm\n|-damage|p1b: Kommo-o|86\/100 psn|[from] Sandstorm\n|-heal|p2b: Roaring Moon|55\/100|[from] Grassy Terrain\n|-heal|p1b: Kommo-o|92\/100 psn|[from] Grassy Terrain\n|-heal|p1b: Kommo-o|98\/100 psn|[from] item: Leftovers\n|-heal|p1a: Arcanine|100\/100 psn|[from] Grassy Terrain\n|-damage|p1b: Kommo-o|86\/100 psn|[from] psn\n|-damage|p1a: Arcanine|88\/100 psn|[from] psn\n|upkeep\n|turn|3\n|inactive|steelpupa has 240 seconds left.\n|inactive|Smudge has 270 seconds left.\n|j| K3ppr\n|inactive|steelpupa has 210 seconds left.\n|inactive|Smudge has 240 seconds left.\n|\n|t:|1699668407\n|switch|p1b: Tyranitar|Tyranitar, M|100\/100\n|-damage|p1b: Tyranitar|88\/100|[from] Stealth Rock\n|move|p2b: Roaring Moon|Knock Off|p1b: Tyranitar\n|-resisted|p1b: Tyranitar\n|-damage|p1b: Tyranitar|71\/100\n|-enditem|p1b: Tyranitar|Assault Vest|[from] move: Knock Off|[of] p2b: Roaring Moon\n|move|p2a: Glimmora|Power Gem|p1a: Arcanine\n|-supereffective|p1a: Arcanine\n|-damage|p1a: Arcanine|30\/100 psn\n|move|p1a: Arcanine|Rock Slide|p2b: Roaring Moon|[spread] p2b\n|-miss|p1a: Arcanine|p2a: Glimmora\n|-damage|p2b: Roaring Moon|14\/100\n|\n|-weather|Sandstorm|[upkeep]\n|-damage|p2b: Roaring Moon|8\/100|[from] Sandstorm\n|-heal|p2b: Roaring Moon|14\/100|[from] Grassy Terrain\n|-heal|p1a: Arcanine|36\/100 psn|[from] Grassy Terrain\n|-heal|p1b: Tyranitar|77\/100|[from] Grassy Terrain\n|-damage|p1a: Arcanine|23\/100 psn|[from] psn\n|upkeep\n|turn|4\n|inactive|steelpupa has 210 seconds left.\n|inactive|Smudge has 240 seconds left.\n|j|+daawesomedude1 (\n|\n|t:|1699668445\n|move|p2b: Roaring Moon|Tailwind|p2b: Roaring Moon\n|-sidestart|p2: Smudge|move: Tailwind\n|move|p2a: Glimmora|Mortal Spin|p1a: Arcanine|[spread] p1a,p1b\n|-resisted|p1a: Arcanine\n|-resisted|p1b: Tyranitar\n|-damage|p1a: Arcanine|22\/100 psn\n|-damage|p1b: Tyranitar|76\/100\n|-status|p1b: Tyranitar|psn\n|move|p1a: Arcanine|Rock Slide|p2a: Glimmora|[spread] p2a,p2b\n|-damage|p2a: Glimmora|44\/100\n|-damage|p2b: Roaring Moon|0 fnt\n|-activate|p2a: Glimmora|ability: Toxic Debris\n|-sidestart|p1: steelpupa|move: Toxic Spikes\n|faint|p2b: Roaring Moon\n|-end|p2b: Roaring Moon|Protosynthesis|[silent]\n|move|p1b: Tyranitar|Rock Slide|p2a: Glimmora\n|-crit|p2a: Glimmora\n|-damage|p2a: Glimmora|0 fnt\n|-activate|p2a: Glimmora|ability: Toxic Debris\n|-sidestart|p1: steelpupa|move: Toxic Spikes\n|faint|p2a: Glimmora\n|\n|-weather|Sandstorm|[upkeep]\n|-heal|p1a: Arcanine|28\/100 psn|[from] Grassy Terrain\n|-heal|p1b: Tyranitar|82\/100 psn|[from] Grassy Terrain\n|-damage|p1a: Arcanine|15\/100 psn|[from] psn\n|-damage|p1b: Tyranitar|70\/100 psn|[from] psn\n|upkeep\n|\n|t:|1699668468\n|switch|p2b: Kingambit|Kingambit, F|100\/100\n|switch|p2a: Ogerpon|Ogerpon-Hearthflame, F|100\/100\n|-ability|p2a: Ogerpon|Mold Breaker\n|-enditem|p2b: Kingambit|Grassy Seed\n|-boost|p2b: Kingambit|def|1|[from] item: Grassy Seed\n|turn|5\n|inactive|Smudge has 240 seconds left.\n|inactive|steelpupa has 210 seconds left.\n|\n|t:|1699668491\n|move|p2b: Kingambit|Protect|p2b: Kingambit\n|-singleturn|p2b: Kingambit|Protect\n|move|p2a: Ogerpon|Grassy Glide|p1b: Tyranitar\n|-supereffective|p1b: Tyranitar\n|-damage|p1b: Tyranitar|0 fnt\n|faint|p1b: Tyranitar\n|move|p1a: Arcanine|Rock Slide|p2a: Ogerpon|[spread] p2a\n|-activate|p2b: Kingambit|move: Protect\n|-supereffective|p2a: Ogerpon\n|-damage|p2a: Ogerpon|26\/100\n|\n|-weather|none\n|-heal|p2a: Ogerpon|32\/100|[from] Grassy Terrain\n|-heal|p1a: Arcanine|22\/100 psn|[from] Grassy Terrain\n|-damage|p1a: Arcanine|9\/100 psn|[from] psn\n|-fieldend|move: Grassy Terrain\n|upkeep\n|j| Food_Steamer\n|\n|t:|1699668508\n|switch|p1b: Amoonguss|Amoonguss, M|100\/100\n|-damage|p1b: Amoonguss|88\/100|[from] Stealth Rock\n|-sideend|p1: steelpupa|move: Toxic Spikes|[of] p1b: Amoonguss\n|turn|6\n|j|+Actuarily\n|inactive|steelpupa has 210 seconds left.\n|inactive|Smudge has 240 seconds left.\n|j| err0\n|l| Food_Steamer\n|inactive|steelpupa has 180 seconds left.\n|\n|t:|1699668554\n|-terastallize|p1b: Amoonguss|Ghost\n|move|p2b: Kingambit|Protect||[still]\n|-fail|p2b: Kingambit\n|move|p2a: Ogerpon|Grassy Glide|p1a: Arcanine\n|-damage|p1a: Arcanine|0 fnt\n|faint|p1a: Arcanine\n|move|p1b: Amoonguss|Spore|p2b: Kingambit\n|-status|p2b: Kingambit|slp|[from] move: Spore\n|\n|upkeep\n|\n|t:|1699668562\n|switch|p1a: Kommo-o|Kommo-o, F|86\/100 psn\n|-damage|p1a: Kommo-o|79\/100 psn|[from] Stealth Rock\n|turn|7\n|j| KeanuVGC\n|j| elleapple\n|inactive|Smudge has 240 seconds left.\n|j| Grandmas Cookin\n|\n|t:|1699668586\n|switch|p2b: Rillaboom|Rillaboom, F|34\/100\n|-fieldstart|move: Grassy Terrain|[from] ability: Grassy Surge|[of] p2b: Rillaboom\n|move|p2a: Ogerpon|Ivy Cudgel|p1b: Amoonguss\n|-damage|p1b: Amoonguss|43\/100\n|-enditem|p1b: Amoonguss|Sitrus Berry|[eat]\n|-heal|p1b: Amoonguss|68\/100|[from] item: Sitrus Berry\n|move|p1a: Kommo-o|Iron Defense|p1a: Kommo-o\n|-boost|p1a: Kommo-o|def|2\n|move|p1b: Amoonguss|Pollen Puff|p1a: Kommo-o\n|-immune|p1a: Kommo-o|[from] ability: Bulletproof\n|\n|-heal|p2a: Ogerpon|38\/100|[from] Grassy Terrain\n|-heal|p2b: Rillaboom|40\/100|[from] Grassy Terrain\n|-heal|p1a: Kommo-o|86\/100 psn|[from] Grassy Terrain\n|-heal|p1a: Kommo-o|92\/100 psn|[from] item: Leftovers\n|-heal|p1b: Amoonguss|75\/100|[from] Grassy Terrain\n|-damage|p1a: Kommo-o|79\/100 psn|[from] psn\n|-sideend|p2: Smudge|move: Tailwind\n|upkeep\n|turn|8\n|inactive|steelpupa has 210 seconds left.\n|l| Grandmas Cookin\n|j| Grandmas Cookin\n|inactive|Smudge has 240 seconds left.\n|l|+Actuarily\n|\n|t:|1699668624\n|move|p1b: Amoonguss|Protect|p1b: Amoonguss\n|-singleturn|p1b: Amoonguss|Protect\n|move|p2a: Ogerpon|Ivy Cudgel|p1b: Amoonguss\n|-activate|p1b: Amoonguss|move: Protect\n|move|p1a: Kommo-o|Body Press|p2b: Rillaboom\n|-damage|p2b: Rillaboom|0 fnt\n|faint|p2b: Rillaboom\n|\n|-heal|p2a: Ogerpon|44\/100|[from] Grassy Terrain\n|-heal|p1a: Kommo-o|86\/100 psn|[from] Grassy Terrain\n|-heal|p1a: Kommo-o|92\/100 psn|[from] item: Leftovers\n|-heal|p1b: Amoonguss|81\/100|[from] Grassy Terrain\n|-damage|p1a: Kommo-o|79\/100 psn|[from] psn\n|upkeep\n|\n|t:|1699668630\n|switch|p2b: Flutter Mane|Flutter Mane|100\/100\n|turn|9\n|inactive|Smudge has 240 seconds left.\n|inactive|steelpupa has 210 seconds left.\n|inactive|steelpupa has 180 seconds left.\n|\n|t:|1699668679\n|-terastallize|p2b: Flutter Mane|Fairy\n|move|p2b: Flutter Mane|Moonblast|p1b: Amoonguss\n|-damage|p1b: Amoonguss|16\/100\n|move|p2a: Ogerpon|Ivy Cudgel|p1b: Amoonguss\n|-damage|p1b: Amoonguss|0 fnt\n|faint|p1b: Amoonguss\n|move|p1a: Kommo-o|Body Press|p2a: Ogerpon\n|-damage|p2a: Ogerpon|0 fnt\n|faint|p2a: Ogerpon\n|\n|-heal|p1a: Kommo-o|86\/100 psn|[from] Grassy Terrain\n|-heal|p1a: Kommo-o|92\/100 psn|[from] item: Leftovers\n|-damage|p1a: Kommo-o|79\/100 psn|[from] psn\n|upkeep\n|inactive|Smudge has 240 seconds left.\n|\n|t:|1699668692\n|switch|p2a: Kingambit|Kingambit, F|100\/100 slp\n|switch|p1b: Chien-Pao|Chien-Pao|100\/100\n|-damage|p1b: Chien-Pao|76\/100|[from] Stealth Rock\n|-ability|p1b: Chien-Pao|Sword of Ruin\n|turn|10\n|j| Nido-Rus\n|inactive|steelpupa has 210 seconds left.\n|\n|t:|1699668714\n|cant|p2a: Kingambit|slp\n|move|p2b: Flutter Mane|Moonblast|p1a: Kommo-o\n|-supereffective|p1a: Kommo-o\n|-damage|p1a: Kommo-o|0 fnt\n|faint|p1a: Kommo-o\n|move|p1b: Chien-Pao|Ice Spinner|p2b: Flutter Mane\n|-damage|p2b: Flutter Mane|0 fnt\n|-fieldend|move: Grassy Terrain\n|faint|p2b: Flutter Mane\n|-end|p2b: Flutter Mane|Protosynthesis|[silent]\n|-damage|p1b: Chien-Pao|66\/100|[from] item: Life Orb\n|\n|upkeep\n|\n|t:|1699668721\n|switch|p1a: Flutter Mane|Flutter Mane|19\/100\n|-damage|p1a: Flutter Mane|7\/100|[from] Stealth Rock\n|turn|11\n|l| eragon11145\n|\n|t:|1699668725\n|cant|p2a: Kingambit|slp\n|move|p1a: Flutter Mane|Moonblast|p2a: Kingambit\n|-damage|p2a: Kingambit|40\/100 slp\n|move|p1b: Chien-Pao|Sacred Sword|p2a: Kingambit\n|-supereffective|p2a: Kingambit\n|-damage|p2a: Kingambit|0 fnt\n|faint|p2a: Kingambit\n|-damage|p1b: Chien-Pao|56\/100|[from] item: Life Orb\n|\n|win|steelpupa\n|c|\u2606steelpupa|gg\n|l| Grandmas Cookin\n|c|\u2606Smudge|gg\n|l| R4ye\n|l|+ryo yamada2001\n|l| K3ppr\n|l| kaori\n|l| Metallica126\n|l|+daawesomedude1 (\n|l| tyo\n|l| elleapple\n|l| FEIrisfans\n|j| eragon11145\n|l|+Arcticblast\n|j| Schister\n|j| K3ppr\n|l| Schister\n|l| K3ppr\n|l| Nido-Rus\n|l| luisin\n","uploadtime":1699668736,"views":177,"p1id":"steelpupa","p2id":"smudge","formatid":"gen9doublesou","rating":0,"private":0,"password":""}