{"id":"gen9doublesou-1980761191","p1":"getty7","p2":"waterwizardzzz","format":"[Gen 9] Doubles OU","log":"|j|\u2606getty7\n|j|\u2606waterwizardzzz\n|t:|1698827929\n|gametype|doubles\n|player|p1|getty7|hilbert|1179\n|player|p2|waterwizardzzz|policeman-gen4|1256\n|teamsize|p1|6\n|teamsize|p2|6\n|gen|9\n|tier|[Gen 9] Doubles OU\n|rated|\n|rule|Species Clause: Limit one of each Pok\u00e9mon\n|rule|OHKO Clause: OHKO moves are banned\n|rule|Evasion Moves Clause: Evasion moves are banned\n|rule|Gravity Sleep Clause: The combination of sleep-inducing moves with imperfect accuracy and Gravity or Gigantamax Orbeetle are banned\n|rule|Endless Battle Clause: Forcing endless battles is banned\n|rule|HP Percentage Mod: HP is shown in percentages\n|clearpoke\n|poke|p1|Landorus-Therian, M|\n|poke|p1|Goodra-Hisui, F|\n|poke|p1|Houndstone, M|\n|poke|p1|Basculegion-F, F|\n|poke|p1|Cresselia, F|\n|poke|p1|Amoonguss, F|\n|poke|p2|Arcanine, M|\n|poke|p2|Gothitelle, F|\n|poke|p2|Chansey, F|\n|poke|p2|Glimmora, M|\n|poke|p2|Ting-Lu|\n|poke|p2|Wo-Chien|\n|teampreview\n|inactive|Battle timer is ON: inactive players will automatically lose when time's up. (requested by getty7)\n|\n|t:|1698827948\n|start\n|switch|p1a: Amoonguss|Amoonguss, F, shiny|100\/100\n|switch|p1b: Landorus|Landorus-Therian, M, shiny|100\/100\n|switch|p2a: Glimmora|Glimmora, M|100\/100\n|switch|p2b: Arcanine|Arcanine, M|100\/100\n|-ability|p1b: Landorus|Intimidate|boost\n|-unboost|p2a: Glimmora|atk|1\n|-unboost|p2b: Arcanine|atk|1\n|-ability|p2b: Arcanine|Intimidate|boost\n|-unboost|p1a: Amoonguss|atk|1\n|-unboost|p1b: Landorus|atk|1\n|turn|1\n|\n|t:|1698827967\n|move|p2a: Glimmora|Spiky Shield|p2a: Glimmora\n|-singleturn|p2a: Glimmora|move: Protect\n|move|p1a: Amoonguss|Protect|p1a: Amoonguss\n|-singleturn|p1a: Amoonguss|Protect\n|move|p1b: Landorus|Earthquake|p2b: Arcanine|[spread] p2b\n|-activate|p1a: Amoonguss|move: Protect\n|-activate|p2a: Glimmora|move: Protect\n|-supereffective|p2b: Arcanine\n|-damage|p2b: Arcanine|41\/100\n|-enditem|p2b: Arcanine|Sitrus Berry|[eat]\n|-heal|p2b: Arcanine|66\/100|[from] item: Sitrus Berry\n|move|p2b: Arcanine|Flamethrower|p1a: Amoonguss\n|-activate|p1a: Amoonguss|move: Protect\n|\n|upkeep\n|turn|2\n|\n|t:|1698827988\n|move|p1b: Landorus|Earthquake|p2a: Glimmora|[spread] p1a,p2a,p2b\n|-supereffective|p2a: Glimmora\n|-supereffective|p2b: Arcanine\n|-damage|p1a: Amoonguss|73\/100\n|-enditem|p2a: Glimmora|Focus Sash\n|-damage|p2a: Glimmora|1\/100\n|-damage|p2b: Arcanine|5\/100\n|-activate|p2a: Glimmora|ability: Toxic Debris\n|-sidestart|p1: getty7|move: Toxic Spikes\n|move|p2a: Glimmora|Toxic Spikes|p1a: Amoonguss\n|-sidestart|p1: getty7|move: Toxic Spikes\n|move|p2b: Arcanine|Snarl|p1a: Amoonguss|[spread] p1a,p1b\n|-damage|p1a: Amoonguss|66\/100\n|-damage|p1b: Landorus|88\/100\n|-unboost|p1a: Amoonguss|spa|1\n|-unboost|p1b: Landorus|spa|1\n|move|p1a: Amoonguss|Synthesis|p1a: Amoonguss\n|-heal|p1a: Amoonguss|100\/100\n|\n|-heal|p1b: Landorus|94\/100|[from] item: Leftovers\n|upkeep\n|turn|3\n|\n|t:|1698828011\n|move|p2a: Glimmora|Spiky Shield|p2a: Glimmora\n|-singleturn|p2a: Glimmora|move: Protect\n|move|p1a: Amoonguss|Protect|p1a: Amoonguss\n|-singleturn|p1a: Amoonguss|Protect\n|move|p1b: Landorus|Rock Slide|p2a: Glimmora|[spread] p2b\n|-activate|p2a: Glimmora|move: Protect\n|-supereffective|p2b: Arcanine\n|-damage|p2b: Arcanine|0 fnt\n|faint|p2b: Arcanine\n|\n|-heal|p1b: Landorus|99\/100|[from] item: Leftovers\n|upkeep\n|\n|t:|1698828021\n|switch|p2b: Chansey|Chansey, F|100\/100\n|turn|4\n|\n|t:|1698828042\n|switch|p2a: Ting-Lu|Ting-Lu|100\/100\n|-ability|p2a: Ting-Lu|Vessel of Ruin\n|move|p1b: Landorus|Rock Slide|p2a: Ting-Lu|[spread] p2a,p2b\n|-resisted|p2a: Ting-Lu\n|-damage|p2a: Ting-Lu|97\/100\n|-damage|p2b: Chansey|91\/100\n|move|p2b: Chansey|Stealth Rock|p1a: Amoonguss\n|-sidestart|p1: getty7|move: Stealth Rock\n|move|p1a: Amoonguss|Spore|p2b: Chansey\n|-status|p2b: Chansey|slp|[from] move: Spore\n|\n|-heal|p1b: Landorus|100\/100|[from] item: Leftovers\n|-heal|p2a: Ting-Lu|100\/100|[from] item: Leftovers\n|upkeep\n|turn|5\n|\n|t:|1698828064\n|switch|p1a: Cresselia|Cresselia, F, shiny|100\/100\n|-damage|p1a: Cresselia|88\/100|[from] Stealth Rock\n|move|p1b: Landorus|Earthquake|p2b: Chansey|[spread] p2a,p2b\n|-immune|p1a: Cresselia|[from] ability: Levitate\n|-damage|p2a: Ting-Lu|86\/100\n|-damage|p2b: Chansey|73\/100 slp\n|cant|p2b: Chansey|slp\n|move|p2a: Ting-Lu|Spikes|p1a: Cresselia\n|-sidestart|p1: getty7|Spikes\n|\n|-heal|p1a: Cresselia|94\/100|[from] item: Leftovers\n|-heal|p2a: Ting-Lu|92\/100|[from] item: Leftovers\n|upkeep\n|turn|6\n|\n|t:|1698828086\n|switch|p1a: Amoonguss|Amoonguss, F, shiny|100\/100\n|-sideend|p1: getty7|move: Toxic Spikes|[of] p1a: Amoonguss\n|-damage|p1a: Amoonguss|88\/100|[from] Stealth Rock\n|-damage|p1a: Amoonguss|76\/100|[from] Spikes\n|move|p1b: Landorus|Swords Dance|p1b: Landorus\n|-boost|p1b: Landorus|atk|2\n|cant|p2b: Chansey|slp\n|move|p2a: Ting-Lu|Whirlwind|p1b: Landorus\n|drag|p1b: Houndstone|Houndstone, M|100\/100\n|-damage|p1b: Houndstone|88\/100|[from] Stealth Rock\n|-damage|p1b: Houndstone|76\/100|[from] Spikes\n|\n|-heal|p2a: Ting-Lu|98\/100|[from] item: Leftovers\n|-heal|p1a: Amoonguss|82\/100|[from] item: Leftovers\n|upkeep\n|turn|7\n|\n|t:|1698828115\n|move|p1b: Houndstone|Crunch|p2b: Chansey\n|-damage|p2b: Chansey|57\/100 slp\n|-unboost|p2b: Chansey|def|1\n|cant|p2b: Chansey|slp\n|move|p2a: Ting-Lu|Spikes|p1a: Amoonguss\n|-sidestart|p1: getty7|Spikes\n|move|p1a: Amoonguss|Pollen Puff|p2a: Ting-Lu\n|-supereffective|p2a: Ting-Lu\n|-damage|p2a: Ting-Lu|85\/100\n|\n|-heal|p2a: Ting-Lu|91\/100|[from] item: Leftovers\n|-heal|p1a: Amoonguss|88\/100|[from] item: Leftovers\n|upkeep\n|turn|8\n|\n|t:|1698828133\n|move|p1b: Houndstone|Crunch|p2b: Chansey\n|-damage|p2b: Chansey|32\/100 slp\n|-curestatus|p2b: Chansey|slp|[msg]\n|move|p2b: Chansey|Soft-Boiled|p2b: Chansey\n|-heal|p2b: Chansey|82\/100\n|move|p2a: Ting-Lu|Spikes|p1a: Amoonguss\n|-sidestart|p1: getty7|Spikes\n|move|p1a: Amoonguss|Spore|p2a: Ting-Lu\n|-status|p2a: Ting-Lu|slp|[from] move: Spore\n|\n|-heal|p2a: Ting-Lu|97\/100 slp|[from] item: Leftovers\n|-heal|p1a: Amoonguss|94\/100|[from] item: Leftovers\n|upkeep\n|turn|9\n|\n|t:|1698828161\n|cant|p2a: Ting-Lu|slp\n|move|p1b: Houndstone|Crunch|p2b: Chansey\n|-damage|p2b: Chansey|56\/100\n|move|p2b: Chansey|Thunderbolt|p1a: Amoonguss\n|-resisted|p1a: Amoonguss\n|-damage|p1a: Amoonguss|92\/100\n|move|p1a: Amoonguss|Pollen Puff|p2b: Chansey\n|-damage|p2b: Chansey|52\/100\n|\n|-heal|p2a: Ting-Lu|100\/100 slp|[from] item: Leftovers\n|-heal|p1a: Amoonguss|98\/100|[from] item: Leftovers\n|upkeep\n|turn|10\n|inactive|waterwizardzzz has 120 seconds left.\n|\n|t:|1698828192\n|switch|p2a: Wo-Chien|Wo-Chien|100\/100\n|-ability|p2a: Wo-Chien|Tablets of Ruin\n|switch|p1a: Basculegion|Basculegion-F, F, shiny|100\/100\n|-damage|p1a: Basculegion|88\/100|[from] Stealth Rock\n|-damage|p1a: Basculegion|63\/100|[from] Spikes\n|move|p1b: Houndstone|Crunch|p2b: Chansey\n|-damage|p2b: Chansey|34\/100\n|move|p2b: Chansey|Soft-Boiled|p2b: Chansey\n|-heal|p2b: Chansey|84\/100\n|\n|upkeep\n|turn|11\n|inactive|waterwizardzzz has 120 seconds left.\n|\n|t:|1698828217\n|move|p1a: Basculegion|Blizzard|p2b: Chansey|[spread] p2a,p2b\n|-supereffective|p2a: Wo-Chien\n|-damage|p2a: Wo-Chien|57\/100\n|-damage|p2b: Chansey|75\/100\n|-damage|p1a: Basculegion|53\/100|[from] item: Life Orb\n|move|p1b: Houndstone|Fire Fang|p2a: Wo-Chien\n|-supereffective|p2a: Wo-Chien\n|-damage|p2a: Wo-Chien|38\/100\n|move|p2a: Wo-Chien|Leech Seed|p1a: Basculegion\n|-start|p1a: Basculegion|move: Leech Seed\n|move|p2b: Chansey|Thunderbolt|p1a: Basculegion\n|-supereffective|p1a: Basculegion\n|-damage|p1a: Basculegion|32\/100\n|-status|p1a: Basculegion|par\n|\n|-heal|p2a: Wo-Chien|44\/100|[from] item: Leftovers\n|-damage|p1a: Basculegion|19\/100 par|[from] Leech Seed|[of] p2a: Wo-Chien\n|-heal|p2a: Wo-Chien|57\/100|[silent]\n|upkeep\n|turn|12\n|inactive|waterwizardzzz has 120 seconds left.\n|\n|t:|1698828245\n|-terastallize|p2a: Wo-Chien|Water\n|move|p1b: Houndstone|Fire Fang|p2a: Wo-Chien\n|-resisted|p2a: Wo-Chien\n|-damage|p2a: Wo-Chien|52\/100\n|-status|p2a: Wo-Chien|brn\n|move|p2a: Wo-Chien|Leech Seed|p1b: Houndstone\n|-start|p1b: Houndstone|move: Leech Seed\n|move|p1a: Basculegion|Blizzard|p2a: Wo-Chien|[spread] p2b\n|-miss|p1a: Basculegion|p2a: Wo-Chien\n|-damage|p2b: Chansey|66\/100\n|-status|p2b: Chansey|frz\n|-damage|p1a: Basculegion|9\/100 par|[from] item: Life Orb\n|cant|p2b: Chansey|frz\n|\n|-heal|p2a: Wo-Chien|58\/100 brn|[from] item: Leftovers\n|-damage|p1b: Houndstone|64\/100|[from] Leech Seed|[of] p2a: Wo-Chien\n|-heal|p2a: Wo-Chien|67\/100 brn|[silent]\n|-damage|p1a: Basculegion|0 fnt|[from] Leech Seed|[of] p2a: Wo-Chien\n|-heal|p2a: Wo-Chien|76\/100 brn|[silent]\n|faint|p1a: Basculegion\n|-damage|p2a: Wo-Chien|70\/100 brn|[from] brn\n|upkeep\n|inactive|getty7 has 120 seconds left.\n|\n|t:|1698828256\n|switch|p1a: Cresselia|Cresselia, F, shiny|94\/100\n|-damage|p1a: Cresselia|82\/100|[from] Stealth Rock\n|turn|13\n|\n|t:|1698828277\n|move|p1b: Houndstone|Thunder Fang|p2a: Wo-Chien\n|-supereffective|p2a: Wo-Chien\n|-damage|p2a: Wo-Chien|48\/100 brn\n|move|p1a: Cresselia|Icy Wind|p2a: Wo-Chien|[spread] p2a,p2b\n|-resisted|p2a: Wo-Chien\n|-damage|p2a: Wo-Chien|44\/100 brn\n|-damage|p2b: Chansey|62\/100 frz\n|-unboost|p2a: Wo-Chien|spe|1\n|-unboost|p2b: Chansey|spe|1\n|move|p2a: Wo-Chien|Pollen Puff|p1a: Cresselia\n|-supereffective|p1a: Cresselia\n|-damage|p1a: Cresselia|54\/100\n|-curestatus|p2b: Chansey|frz|[msg]\n|move|p2b: Chansey|Thunderbolt|p1a: Cresselia\n|-damage|p1a: Cresselia|48\/100\n|-status|p1a: Cresselia|par\n|\n|-heal|p2a: Wo-Chien|50\/100 brn|[from] item: Leftovers\n|-heal|p1a: Cresselia|55\/100 par|[from] item: Leftovers\n|-damage|p1b: Houndstone|51\/100|[from] Leech Seed|[of] p2a: Wo-Chien\n|-heal|p2a: Wo-Chien|59\/100 brn|[silent]\n|-damage|p2a: Wo-Chien|53\/100 brn|[from] brn\n|upkeep\n|turn|14\n|\n|t:|1698828305\n|move|p1b: Houndstone|Last Respects|p2a: Wo-Chien\n|-damage|p2a: Wo-Chien|31\/100 brn\n|move|p2a: Wo-Chien|Leech Seed|p1a: Cresselia\n|-start|p1a: Cresselia|move: Leech Seed\n|move|p1a: Cresselia|Calm Mind|p1a: Cresselia\n|-boost|p1a: Cresselia|spa|1\n|-boost|p1a: Cresselia|spd|1\n|move|p2b: Chansey|Stealth Rock||[still]\n|-fail|p2b: Chansey\n|\n|-heal|p2a: Wo-Chien|37\/100 brn|[from] item: Leftovers\n|-heal|p1a: Cresselia|61\/100 par|[from] item: Leftovers\n|-damage|p1b: Houndstone|39\/100|[from] Leech Seed|[of] p2a: Wo-Chien\n|-heal|p2a: Wo-Chien|47\/100 brn|[silent]\n|-damage|p1a: Cresselia|48\/100 par|[from] Leech Seed|[of] p2a: Wo-Chien\n|-heal|p2a: Wo-Chien|61\/100 brn|[silent]\n|-damage|p2a: Wo-Chien|55\/100 brn|[from] brn\n|upkeep\n|turn|15\n|\n|t:|1698828327\n|move|p1b: Houndstone|Thunder Fang|p2a: Wo-Chien\n|-supereffective|p2a: Wo-Chien\n|-damage|p2a: Wo-Chien|36\/100 brn\n|move|p2a: Wo-Chien|Foul Play|p1a: Cresselia\n|-supereffective|p1a: Cresselia\n|-damage|p1a: Cresselia|36\/100 par\n|cant|p1a: Cresselia|par\n|move|p2b: Chansey|Thunderbolt|p1b: Houndstone\n|-damage|p1b: Houndstone|31\/100\n|\n|-heal|p2a: Wo-Chien|42\/100 brn|[from] item: Leftovers\n|-heal|p1a: Cresselia|42\/100 par|[from] item: Leftovers\n|-damage|p1b: Houndstone|19\/100|[from] Leech Seed|[of] p2a: Wo-Chien\n|-heal|p2a: Wo-Chien|52\/100 brn|[silent]\n|-damage|p1a: Cresselia|30\/100 par|[from] Leech Seed|[of] p2a: Wo-Chien\n|-heal|p2a: Wo-Chien|66\/100 brn|[silent]\n|-damage|p2a: Wo-Chien|60\/100 brn|[from] brn\n|upkeep\n|turn|16\n|\n|t:|1698828349\n|move|p1b: Houndstone|Crunch|p2a: Wo-Chien\n|-damage|p2a: Wo-Chien|47\/100 brn\n|move|p2a: Wo-Chien|Foul Play|p1a: Cresselia\n|-supereffective|p1a: Cresselia\n|-damage|p1a: Cresselia|17\/100 par\n|move|p1a: Cresselia|Moonlight|p1a: Cresselia\n|-heal|p1a: Cresselia|67\/100 par\n|move|p2b: Chansey|Thunderbolt|p1a: Cresselia\n|-crit|p1a: Cresselia\n|-damage|p1a: Cresselia|59\/100 par\n|\n|-heal|p2a: Wo-Chien|53\/100 brn|[from] item: Leftovers\n|-heal|p1a: Cresselia|65\/100 par|[from] item: Leftovers\n|-damage|p1b: Houndstone|7\/100|[from] Leech Seed|[of] p2a: Wo-Chien\n|-heal|p2a: Wo-Chien|63\/100 brn|[silent]\n|-damage|p1a: Cresselia|53\/100 par|[from] Leech Seed|[of] p2a: Wo-Chien\n|-heal|p2a: Wo-Chien|78\/100 brn|[silent]\n|-damage|p2a: Wo-Chien|71\/100 brn|[from] brn\n|upkeep\n|turn|17\n|inactive|waterwizardzzz has 120 seconds left.\n|\n|t:|1698828379\n|switch|p2b: Ting-Lu|Ting-Lu|100\/100 slp\n|-ability|p2b: Ting-Lu|Vessel of Ruin\n|move|p1b: Houndstone|Last Respects|p2a: Wo-Chien\n|-damage|p2a: Wo-Chien|49\/100 brn\n|move|p2a: Wo-Chien|Foul Play|p1a: Cresselia\n|-supereffective|p1a: Cresselia\n|-damage|p1a: Cresselia|40\/100 par\n|move|p1a: Cresselia|Psychic|p2a: Wo-Chien\n|-damage|p2a: Wo-Chien|21\/100 brn\n|\n|-heal|p2a: Wo-Chien|28\/100 brn|[from] item: Leftovers\n|-heal|p1a: Cresselia|46\/100 par|[from] item: Leftovers\n|-damage|p1b: Houndstone|0 fnt|[from] Leech Seed|[of] p2a: Wo-Chien\n|-heal|p2a: Wo-Chien|32\/100 brn|[silent]\n|faint|p1b: Houndstone\n|-damage|p1a: Cresselia|34\/100 par|[from] Leech Seed|[of] p2a: Wo-Chien\n|-heal|p2a: Wo-Chien|47\/100 brn|[silent]\n|-damage|p2a: Wo-Chien|41\/100 brn|[from] brn\n|upkeep\n|\n|t:|1698828396\n|switch|p1b: Goodra|Goodra-Hisui, F, shiny|100\/100\n|-damage|p1b: Goodra|94\/100|[from] Stealth Rock\n|-damage|p1b: Goodra|70\/100|[from] Spikes\n|turn|18\n|\n|t:|1698828409\n|move|p2a: Wo-Chien|Protect|p2a: Wo-Chien\n|-singleturn|p2a: Wo-Chien|Protect\n|move|p1b: Goodra|Dragon Pulse|p2a: Wo-Chien\n|-activate|p2a: Wo-Chien|move: Protect\n|-curestatus|p2b: Ting-Lu|slp|[msg]\n|move|p2b: Ting-Lu|Stomping Tantrum|p1b: Goodra\n|-supereffective|p1b: Goodra\n|-damage|p1b: Goodra|33\/100\n|-ability|p1b: Goodra|Gooey\n|-unboost|p2b: Ting-Lu|spe|1\n|cant|p1a: Cresselia|par\n|\n|-heal|p2a: Wo-Chien|47\/100 brn|[from] item: Leftovers\n|-heal|p1a: Cresselia|40\/100 par|[from] item: Leftovers\n|-damage|p1a: Cresselia|28\/100 par|[from] Leech Seed|[of] p2a: Wo-Chien\n|-heal|p2a: Wo-Chien|62\/100 brn|[silent]\n|-damage|p2a: Wo-Chien|56\/100 brn|[from] brn\n|upkeep\n|turn|19\n|inactive|getty7 has 120 seconds left.\n|\n|t:|1698828442\n|move|p1b: Goodra|Ice Beam|p2b: Ting-Lu\n|-supereffective|p2b: Ting-Lu\n|-damage|p2b: Ting-Lu|74\/100\n|move|p2a: Wo-Chien|Leech Seed|p1b: Goodra\n|-start|p1b: Goodra|move: Leech Seed\n|move|p1a: Cresselia|Icy Wind|p2a: Wo-Chien|[spread] p2a,p2b\n|-resisted|p2a: Wo-Chien\n|-supereffective|p2b: Ting-Lu\n|-damage|p2a: Wo-Chien|51\/100 brn\n|-damage|p2b: Ting-Lu|61\/100\n|-unboost|p2a: Wo-Chien|spe|1\n|-unboost|p2b: Ting-Lu|spe|1\n|move|p2b: Ting-Lu|Stomping Tantrum|p1b: Goodra\n|-supereffective|p1b: Goodra\n|-damage|p1b: Goodra|0 fnt\n|-ability|p1b: Goodra|Gooey\n|-unboost|p2b: Ting-Lu|spe|1\n|faint|p1b: Goodra\n|\n|-heal|p1a: Cresselia|34\/100 par|[from] item: Leftovers\n|-heal|p2a: Wo-Chien|57\/100 brn|[from] item: Leftovers\n|-heal|p2b: Ting-Lu|67\/100|[from] item: Leftovers\n|-damage|p1a: Cresselia|21\/100 par|[from] Leech Seed|[of] p2a: Wo-Chien\n|-heal|p2a: Wo-Chien|72\/100 brn|[silent]\n|-damage|p2a: Wo-Chien|66\/100 brn|[from] brn\n|upkeep\n|inactive|getty7 has 120 seconds left.\n|\n|t:|1698828452\n|switch|p1b: Landorus|Landorus-Therian, M, shiny|100\/100\n|-damage|p1b: Landorus|88\/100|[from] Stealth Rock\n|-ability|p1b: Landorus|Intimidate|boost\n|-unboost|p2a: Wo-Chien|atk|1\n|-unboost|p2b: Ting-Lu|atk|1\n|turn|20\n|\n|t:|1698828479\n|move|p1b: Landorus|Earthquake|p2a: Wo-Chien|[spread] p2a,p2b\n|-immune|p1a: Cresselia|[from] ability: Levitate\n|-damage|p2a: Wo-Chien|46\/100 brn\n|-damage|p2b: Ting-Lu|50\/100\n|move|p1a: Cresselia|Psychic|p2a: Wo-Chien\n|-damage|p2a: Wo-Chien|17\/100 brn\n|move|p2a: Wo-Chien|Pollen Puff|p2b: Ting-Lu\n|-heal|p2b: Ting-Lu|99\/100\n|move|p2b: Ting-Lu|Whirlwind|p1b: Landorus\n|drag|p1b: Amoonguss|Amoonguss, F, shiny|98\/100\n|-damage|p1b: Amoonguss|85\/100|[from] Stealth Rock\n|-damage|p1b: Amoonguss|60\/100|[from] Spikes\n|\n|-heal|p1a: Cresselia|28\/100 par|[from] item: Leftovers\n|-heal|p1b: Amoonguss|67\/100|[from] item: Leftovers\n|-heal|p2a: Wo-Chien|23\/100 brn|[from] item: Leftovers\n|-heal|p2b: Ting-Lu|100\/100|[from] item: Leftovers\n|-damage|p1a: Cresselia|15\/100 par|[from] Leech Seed|[of] p2a: Wo-Chien\n|-heal|p2a: Wo-Chien|38\/100 brn|[silent]\n|-damage|p2a: Wo-Chien|32\/100 brn|[from] brn\n|upkeep\n|turn|21\n|inactive|waterwizardzzz has 120 seconds left.\n|\n|t:|1698828516\n|switch|p2b: Gothitelle|Gothitelle, F|100\/100\n|-item|p1a: Cresselia|Leftovers|[from] ability: Frisk|[of] p2b: Gothitelle|[identify]\n|-item|p1b: Amoonguss|Leftovers|[from] ability: Frisk|[of] p2b: Gothitelle|[identify]\n|move|p2a: Wo-Chien|Protect|p2a: Wo-Chien\n|-singleturn|p2a: Wo-Chien|Protect\n|move|p1a: Cresselia|Psychic|p2a: Wo-Chien\n|-activate|p2a: Wo-Chien|move: Protect\n|move|p1b: Amoonguss|Pollen Puff|p1a: Cresselia\n|-heal|p1a: Cresselia|65\/100 par\n|\n|-heal|p1a: Cresselia|71\/100 par|[from] item: Leftovers\n|-heal|p1b: Amoonguss|73\/100|[from] item: Leftovers\n|-heal|p2a: Wo-Chien|38\/100 brn|[from] item: Leftovers\n|-damage|p1a: Cresselia|59\/100 par|[from] Leech Seed|[of] p2a: Wo-Chien\n|-heal|p2a: Wo-Chien|53\/100 brn|[silent]\n|-damage|p2a: Wo-Chien|46\/100 brn|[from] brn\n|upkeep\n|turn|22\n|inactive|waterwizardzzz has 120 seconds left.\n|\n|t:|1698828550\n|switch|p1a: Landorus|Landorus-Therian, M, shiny|88\/100\n|-damage|p1a: Landorus|76\/100|[from] Stealth Rock\n|-ability|p1a: Landorus|Intimidate|boost\n|-unboost|p2a: Wo-Chien|atk|1\n|-unboost|p2b: Gothitelle|atk|1\n|switch|p2a: Chansey|Chansey, F|62\/100\n|move|p1b: Amoonguss|Protect|p1b: Amoonguss\n|-singleturn|p1b: Amoonguss|Protect\n|move|p2b: Gothitelle|Fake Out|p1b: Amoonguss\n|-activate|p1b: Amoonguss|move: Protect\n|\n|-heal|p1a: Landorus|82\/100|[from] item: Leftovers\n|-heal|p1b: Amoonguss|79\/100|[from] item: Leftovers\n|upkeep\n|turn|23\n|inactive|waterwizardzzz has 120 seconds left.\n|\n|t:|1698828580\n|switch|p2a: Wo-Chien|Wo-Chien, tera:Water|46\/100 brn\n|-ability|p2a: Wo-Chien|Tablets of Ruin\n|move|p1a: Landorus|Rock Slide|p2b: Gothitelle|[spread] p2a\n|-miss|p1a: Landorus|p2b: Gothitelle\n|-damage|p2a: Wo-Chien|35\/100 brn\n|move|p2b: Gothitelle|Heal Pulse|p2a: Wo-Chien\n|-heal|p2a: Wo-Chien|85\/100 brn\n|move|p1b: Amoonguss|Pollen Puff|p2b: Gothitelle\n|-supereffective|p2b: Gothitelle\n|-damage|p2b: Gothitelle|75\/100\n|\n|-heal|p1a: Landorus|88\/100|[from] item: Leftovers\n|-heal|p2a: Wo-Chien|91\/100 brn|[from] item: Leftovers\n|-heal|p2b: Gothitelle|81\/100|[from] item: Leftovers\n|-heal|p1b: Amoonguss|85\/100|[from] item: Leftovers\n|-damage|p2a: Wo-Chien|85\/100 brn|[from] brn\n|upkeep\n|turn|24\n|\n|t:|1698828608\n|move|p1a: Landorus|Earthquake|p2a: Wo-Chien|[spread] p1b,p2a,p2b\n|-damage|p1b: Amoonguss|54\/100\n|-damage|p2a: Wo-Chien|63\/100 brn\n|-damage|p2b: Gothitelle|50\/100\n|move|p2a: Wo-Chien|Leech Seed|p1a: Landorus\n|-start|p1a: Landorus|move: Leech Seed\n|move|p2b: Gothitelle|Psychic|p1b: Amoonguss\n|-supereffective|p1b: Amoonguss\n|-damage|p1b: Amoonguss|13\/100\n|move|p1b: Amoonguss|Spore|p2b: Gothitelle\n|-status|p2b: Gothitelle|slp|[from] move: Spore\n|\n|-heal|p1a: Landorus|94\/100|[from] item: Leftovers\n|-heal|p2a: Wo-Chien|69\/100 brn|[from] item: Leftovers\n|-heal|p2b: Gothitelle|56\/100 slp|[from] item: Leftovers\n|-heal|p1b: Amoonguss|20\/100|[from] item: Leftovers\n|-damage|p1a: Landorus|82\/100|[from] Leech Seed|[of] p2a: Wo-Chien\n|-heal|p2a: Wo-Chien|80\/100 brn|[silent]\n|-damage|p2a: Wo-Chien|73\/100 brn|[from] brn\n|upkeep\n|turn|25\n|\n|t:|1698828638\n|move|p1a: Landorus|Rock Slide|p2b: Gothitelle|[spread] p2a,p2b\n|-crit|p2a: Wo-Chien\n|-damage|p2a: Wo-Chien|58\/100 brn\n|-damage|p2b: Gothitelle|40\/100 slp\n|move|p2a: Wo-Chien|Pollen Puff|p1b: Amoonguss\n|-crit|p1b: Amoonguss\n|-damage|p1b: Amoonguss|0 fnt\n|faint|p1b: Amoonguss\n|cant|p2b: Gothitelle|slp\n|\n|-heal|p1a: Landorus|88\/100|[from] item: Leftovers\n|-heal|p2a: Wo-Chien|64\/100 brn|[from] item: Leftovers\n|-heal|p2b: Gothitelle|46\/100 slp|[from] item: Leftovers\n|-damage|p1a: Landorus|75\/100|[from] Leech Seed|[of] p2a: Wo-Chien\n|-heal|p2a: Wo-Chien|75\/100 brn|[silent]\n|-damage|p2a: Wo-Chien|68\/100 brn|[from] brn\n|upkeep\n|\n|t:|1698828649\n|switch|p1b: Cresselia|Cresselia, F, shiny|59\/100 par\n|-damage|p1b: Cresselia|46\/100 par|[from] Stealth Rock\n|turn|26\n|\n|t:|1698828661\n|-terastallize|p1b: Cresselia|Psychic\n|move|p1a: Landorus|Rock Slide|p2b: Gothitelle|[spread] p2a\n|-miss|p1a: Landorus|p2b: Gothitelle\n|-damage|p2a: Wo-Chien|58\/100 brn\n|cant|p2a: Wo-Chien|flinch\n|cant|p2b: Gothitelle|slp\n|move|p1b: Cresselia|Psychic|p2a: Wo-Chien\n|-damage|p2a: Wo-Chien|24\/100 brn\n|\n|-heal|p1a: Landorus|81\/100|[from] item: Leftovers\n|-heal|p2a: Wo-Chien|30\/100 brn|[from] item: Leftovers\n|-heal|p2b: Gothitelle|52\/100 slp|[from] item: Leftovers\n|-heal|p1b: Cresselia|53\/100 par|[from] item: Leftovers\n|-damage|p1a: Landorus|69\/100|[from] Leech Seed|[of] p2a: Wo-Chien\n|-heal|p2a: Wo-Chien|40\/100 brn|[silent]\n|-damage|p2a: Wo-Chien|34\/100 brn|[from] brn\n|upkeep\n|turn|27\n|inactive|waterwizardzzz has 120 seconds left.\n|\n|t:|1698828697\n|move|p2a: Wo-Chien|Protect|p2a: Wo-Chien\n|-singleturn|p2a: Wo-Chien|Protect\n|move|p1a: Landorus|Earthquake|p2a: Wo-Chien|[spread] p2b\n|-activate|p2a: Wo-Chien|move: Protect\n|-immune|p1b: Cresselia|[from] ability: Levitate\n|-damage|p2b: Gothitelle|21\/100 slp\n|cant|p2b: Gothitelle|slp\n|move|p1b: Cresselia|Psychic|p2a: Wo-Chien\n|-activate|p2a: Wo-Chien|move: Protect\n|\n|-heal|p1a: Landorus|75\/100|[from] item: Leftovers\n|-heal|p2a: Wo-Chien|40\/100 brn|[from] item: Leftovers\n|-heal|p2b: Gothitelle|28\/100 slp|[from] item: Leftovers\n|-heal|p1b: Cresselia|59\/100 par|[from] item: Leftovers\n|-damage|p1a: Landorus|63\/100|[from] Leech Seed|[of] p2a: Wo-Chien\n|-heal|p2a: Wo-Chien|51\/100 brn|[silent]\n|-damage|p2a: Wo-Chien|45\/100 brn|[from] brn\n|upkeep\n|turn|28\n|inactive|waterwizardzzz has 120 seconds left.\n|\n|t:|1698828718\n|move|p1a: Landorus|Rock Slide|p2b: Gothitelle|[spread] p2a,p2b\n|-damage|p2a: Wo-Chien|33\/100 brn\n|-damage|p2b: Gothitelle|12\/100 slp\n|move|p2a: Wo-Chien|Pollen Puff|p2b: Gothitelle\n|-heal|p2b: Gothitelle|62\/100 slp\n|-curestatus|p2b: Gothitelle|slp|[msg]\n|cant|p2b: Gothitelle|flinch\n|move|p1b: Cresselia|Psychic|p2a: Wo-Chien\n|-damage|p2a: Wo-Chien|1\/100 brn\n|\n|-heal|p1a: Landorus|69\/100|[from] item: Leftovers\n|-heal|p2a: Wo-Chien|7\/100 brn|[from] item: Leftovers\n|-heal|p2b: Gothitelle|68\/100|[from] item: Leftovers\n|-heal|p1b: Cresselia|65\/100 par|[from] item: Leftovers\n|-damage|p1a: Landorus|57\/100|[from] Leech Seed|[of] p2a: Wo-Chien\n|-heal|p2a: Wo-Chien|18\/100 brn|[silent]\n|-damage|p2a: Wo-Chien|12\/100 brn|[from] brn\n|upkeep\n|turn|29\n|\n|t:|1698828743\n|move|p2a: Wo-Chien|Protect|p2a: Wo-Chien\n|-singleturn|p2a: Wo-Chien|Protect\n|move|p1a: Landorus|Rock Slide|p2a: Wo-Chien|[spread] p2b\n|-activate|p2a: Wo-Chien|move: Protect\n|-damage|p2b: Gothitelle|50\/100\n|move|p2b: Gothitelle|Heal Pulse|p2a: Wo-Chien\n|-activate|p2a: Wo-Chien|move: Protect\n|move|p1b: Cresselia|Calm Mind|p1b: Cresselia\n|-boost|p1b: Cresselia|spa|1\n|-boost|p1b: Cresselia|spd|1\n|\n|-heal|p1a: Landorus|63\/100|[from] item: Leftovers\n|-heal|p2a: Wo-Chien|18\/100 brn|[from] item: Leftovers\n|-heal|p2b: Gothitelle|56\/100|[from] item: Leftovers\n|-heal|p1b: Cresselia|71\/100 par|[from] item: Leftovers\n|-damage|p1a: Landorus|50\/100|[from] Leech Seed|[of] p2a: Wo-Chien\n|-heal|p2a: Wo-Chien|28\/100 brn|[silent]\n|-damage|p2a: Wo-Chien|22\/100 brn|[from] brn\n|upkeep\n|turn|30\n|\n|t:|1698828767\n|move|p1a: Landorus|Rock Slide|p2b: Gothitelle|[spread] p2a,p2b\n|-damage|p2a: Wo-Chien|12\/100 brn\n|-damage|p2b: Gothitelle|39\/100\n|move|p2a: Wo-Chien|Leech Seed|p1b: Cresselia\n|-start|p1b: Cresselia|move: Leech Seed\n|move|p2b: Gothitelle|Heal Pulse|p2a: Wo-Chien\n|-heal|p2a: Wo-Chien|62\/100 brn\n|cant|p1b: Cresselia|par\n|\n|-heal|p1a: Landorus|56\/100|[from] item: Leftovers\n|-heal|p2a: Wo-Chien|68\/100 brn|[from] item: Leftovers\n|-heal|p2b: Gothitelle|45\/100|[from] item: Leftovers\n|-heal|p1b: Cresselia|77\/100 par|[from] item: Leftovers\n|-damage|p1a: Landorus|44\/100|[from] Leech Seed|[of] p2a: Wo-Chien\n|-heal|p2a: Wo-Chien|79\/100 brn|[silent]\n|-damage|p1b: Cresselia|64\/100 par|[from] Leech Seed|[of] p2a: Wo-Chien\n|-heal|p2a: Wo-Chien|93\/100 brn|[silent]\n|-damage|p2a: Wo-Chien|87\/100 brn|[from] brn\n|upkeep\n|turn|31\n|-message|getty7 forfeited.\n|\n|win|waterwizardzzz\n|raw|getty7's rating: 1179 &rarr; <strong>1159<\/strong><br \/>(-20 for losing)\n|raw|waterwizardzzz's rating: 1256 &rarr; <strong>1276<\/strong><br \/>(+20 for winning)\n|l|\u2606getty7\n","uploadtime":1698828794,"views":34,"p1id":"getty7","p2id":"waterwizardzzz","formatid":"gen9doublesou","rating":1159,"private":0,"password":""}