{"id":"gen9doublesou-1973846817","p1":"Rexluser","p2":"100champs","format":"[Gen 9] Doubles OU","log":"|j|\u2606Rexluser\n|j|\u2606100champs\n|t:|1698020006\n|gametype|doubles\n|player|p1|Rexluser|170|1340\n|player|p2|100champs|102|1331\n|teamsize|p1|6\n|teamsize|p2|6\n|gen|9\n|tier|[Gen 9] Doubles OU\n|rated|\n|rule|Species Clause: Limit one of each Pok\u00e9mon\n|rule|OHKO Clause: OHKO moves are banned\n|rule|Evasion Moves Clause: Evasion moves are banned\n|rule|Gravity Sleep Clause: The combination of sleep-inducing moves with imperfect accuracy and Gravity or Gigantamax Orbeetle are banned\n|rule|Endless Battle Clause: Forcing endless battles is banned\n|rule|HP Percentage Mod: HP is shown in percentages\n|clearpoke\n|poke|p1|Chien-Pao|\n|poke|p1|Basculegion-F, F|\n|poke|p1|Goodra-Hisui, M|\n|poke|p1|Iron Hands|\n|poke|p1|Ogerpon-Hearthflame, F|\n|poke|p1|Tornadus, M|\n|poke|p2|Flutter Mane|\n|poke|p2|Houndstone, M|\n|poke|p2|Tyranitar, M|\n|poke|p2|Maushold|\n|poke|p2|Glimmora, F|\n|poke|p2|Iron Hands|\n|teampreview\n|inactive|Battle timer is ON: inactive players will automatically lose when time's up. (requested by Rexluser)\n|\n|t:|1698020015\n|start\n|switch|p1a: Tornadus|Tornadus, M|100\/100\n|switch|p1b: Chien-Pao|Chien-Pao|100\/100\n|switch|p2a: Maushold|Maushold|100\/100\n|switch|p2b: Flutter Mane|Flutter Mane|100\/100\n|-ability|p1b: Chien-Pao|Sword of Ruin\n|-enditem|p2b: Flutter Mane|Booster Energy\n|-activate|p2b: Flutter Mane|ability: Protosynthesis|[fromitem]\n|-start|p2b: Flutter Mane|protosynthesisspe\n|turn|1\n|\n|t:|1698020036\n|move|p1a: Tornadus|Tailwind|p1a: Tornadus\n|-sidestart|p1: Rexluser|move: Tailwind\n|move|p1b: Chien-Pao|Lash Out|p2b: Flutter Mane\n|-damage|p2b: Flutter Mane|0 fnt\n|faint|p2b: Flutter Mane\n|-end|p2b: Flutter Mane|Protosynthesis|[silent]\n|move|p2a: Maushold|Thunder Wave|p1a: Tornadus\n|-status|p1a: Tornadus|par\n|\n|upkeep\n|\n|t:|1698020048\n|switch|p2b: Iron Hands|Iron Hands|100\/100\n|turn|2\n|\n|t:|1698020067\n|switch|p1b: Iron Hands|Iron Hands|100\/100\n|move|p2b: Iron Hands|Fake Out|p1b: Iron Hands\n|-damage|p1b: Iron Hands|94\/100\n|move|p2a: Maushold|Population Bomb|p1a: Tornadus\n|-damage|p1a: Tornadus|91\/100 par\n|-damage|p1a: Tornadus|83\/100 par\n|-damage|p1a: Tornadus|75\/100 par\n|-damage|p1a: Tornadus|67\/100 par\n|-damage|p1a: Tornadus|58\/100 par\n|-damage|p1a: Tornadus|50\/100 par\n|-damage|p1a: Tornadus|41\/100 par\n|-damage|p1a: Tornadus|33\/100 par\n|-hitcount|p1a: Tornadus|8\n|cant|p1a: Tornadus|flinch\n|\n|upkeep\n|turn|3\n|\n|t:|1698020090\n|switch|p2a: Glimmora|Glimmora, F|100\/100\n|move|p1b: Iron Hands|Fake Out|p2a: Glimmora\n|-resisted|p2a: Glimmora\n|-damage|p2a: Glimmora|94\/100\n|-activate|p2a: Glimmora|ability: Toxic Debris\n|-sidestart|p1: Rexluser|move: Toxic Spikes\n|move|p1a: Tornadus|Chilling Water|p2a: Glimmora\n|-supereffective|p2a: Glimmora\n|-damage|p2a: Glimmora|56\/100\n|-unboost|p2a: Glimmora|atk|1\n|move|p2b: Iron Hands|Wild Charge|p1a: Tornadus\n|-supereffective|p1a: Tornadus\n|-damage|p1a: Tornadus|0 fnt\n|faint|p1a: Tornadus\n|-damage|p2b: Iron Hands|96\/100|[from] Recoil\n|\n|-heal|p2a: Glimmora|62\/100|[from] item: Leftovers\n|upkeep\n|inactive|Rexluser has 120 seconds left.\n|\n|t:|1698020112\n|switch|p1a: Goodra|Goodra-Hisui, M|100\/100\n|turn|4\n|\n|t:|1698020119\n|move|p1a: Goodra|Acid Armor|p1a: Goodra\n|-boost|p1a: Goodra|def|2\n|move|p1b: Iron Hands|Stomping Tantrum|p2a: Glimmora\n|-supereffective|p2a: Glimmora\n|-damage|p2a: Glimmora|0 fnt\n|-activate|p2a: Glimmora|ability: Toxic Debris\n|-sidestart|p1: Rexluser|move: Toxic Spikes\n|faint|p2a: Glimmora\n|move|p2b: Iron Hands|Drain Punch|p1a: Goodra\n|-supereffective|p1a: Goodra\n|-damage|p1a: Goodra|69\/100\n|-heal|p2b: Iron Hands|100\/100|[from] drain|[of] p1a: Goodra\n|\n|-heal|p1a: Goodra|75\/100|[from] item: Leftovers\n|-sideend|p1: Rexluser|move: Tailwind\n|upkeep\n|\n|t:|1698020127\n|switch|p2a: Maushold|Maushold|100\/100\n|turn|5\n|\n|t:|1698020141\n|move|p2a: Maushold|Thunder Wave|p1a: Goodra\n|-status|p1a: Goodra|par\n|move|p1b: Iron Hands|Drain Punch|p2a: Maushold\n|-supereffective|p2a: Maushold\n|-damage|p2a: Maushold|0 fnt\n|-heal|p1b: Iron Hands|100\/100|[from] drain|[of] p2a: Maushold\n|faint|p2a: Maushold\n|move|p2b: Iron Hands|Drain Punch|p1b: Iron Hands\n|-damage|p1b: Iron Hands|83\/100\n|move|p1a: Goodra|Acid Armor|p1a: Goodra\n|-boost|p1a: Goodra|def|2\n|\n|-heal|p1a: Goodra|81\/100 par|[from] item: Leftovers\n|upkeep\n|\n|t:|1698020152\n|switch|p2a: Tyranitar|Tyranitar, M|100\/100\n|-weather|Sandstorm|[from] ability: Sand Stream|[of] p2a: Tyranitar\n|turn|6\n|\n|t:|1698020167\n|-terastallize|p2a: Tyranitar|Fairy\n|move|p2a: Tyranitar|Knock Off|p1a: Goodra\n|-damage|p1a: Goodra|65\/100 par\n|-enditem|p1a: Goodra|Leftovers|[from] move: Knock Off|[of] p2a: Tyranitar\n|move|p1b: Iron Hands|Stomping Tantrum|p2b: Iron Hands\n|-supereffective|p2b: Iron Hands\n|-damage|p2b: Iron Hands|67\/100\n|move|p2b: Iron Hands|Drain Punch|p1a: Goodra\n|-supereffective|p1a: Goodra\n|-damage|p1a: Goodra|45\/100 par\n|-heal|p2b: Iron Hands|74\/100|[from] drain|[of] p1a: Goodra\n|cant|p1a: Goodra|par\n|\n|-weather|Sandstorm|[upkeep]\n|-damage|p2a: Tyranitar|94\/100|[from] Sandstorm\n|-damage|p1b: Iron Hands|77\/100|[from] Sandstorm\n|-damage|p2b: Iron Hands|68\/100|[from] Sandstorm\n|-heal|p2a: Tyranitar|100\/100|[from] item: Leftovers\n|upkeep\n|turn|7\n|\n|t:|1698020187\n|move|p2a: Tyranitar|Rock Slide|p1a: Goodra|[spread] p1b\n|-miss|p2a: Tyranitar|p1a: Goodra\n|-resisted|p1b: Iron Hands\n|-damage|p1b: Iron Hands|68\/100\n|cant|p1b: Iron Hands|flinch\n|move|p2b: Iron Hands|Drain Punch|p1a: Goodra\n|-supereffective|p1a: Goodra\n|-damage|p1a: Goodra|25\/100 par\n|-heal|p2b: Iron Hands|75\/100|[from] drain|[of] p1a: Goodra\n|cant|p1a: Goodra|par\n|\n|-weather|Sandstorm|[upkeep]\n|-damage|p2a: Tyranitar|94\/100|[from] Sandstorm\n|-damage|p1b: Iron Hands|61\/100|[from] Sandstorm\n|-damage|p2b: Iron Hands|69\/100|[from] Sandstorm\n|-heal|p2a: Tyranitar|100\/100|[from] item: Leftovers\n|upkeep\n|turn|8\n|\n|t:|1698020205\n|move|p2a: Tyranitar|Rock Slide|p1a: Goodra|[spread] p1a,p1b\n|-resisted|p1a: Goodra\n|-resisted|p1b: Iron Hands\n|-damage|p1a: Goodra|20\/100 par\n|-damage|p1b: Iron Hands|53\/100\n|move|p1b: Iron Hands|Stomping Tantrum|p2b: Iron Hands\n|-supereffective|p2b: Iron Hands\n|-damage|p2b: Iron Hands|2\/100\n|move|p2b: Iron Hands|Drain Punch|p1a: Goodra\n|-supereffective|p1a: Goodra\n|-damage|p1a: Goodra|1\/100 par\n|-heal|p2b: Iron Hands|8\/100|[from] drain|[of] p1a: Goodra\n|move|p1a: Goodra|Flash Cannon|p2a: Tyranitar\n|-supereffective|p2a: Tyranitar\n|-damage|p2a: Tyranitar|51\/100\n|\n|-weather|Sandstorm|[upkeep]\n|-damage|p2a: Tyranitar|45\/100|[from] Sandstorm\n|-damage|p1b: Iron Hands|46\/100|[from] Sandstorm\n|-damage|p2b: Iron Hands|2\/100|[from] Sandstorm\n|-heal|p2a: Tyranitar|51\/100|[from] item: Leftovers\n|upkeep\n|turn|9\n|\n|t:|1698020227\n|-end|p1b: Iron Hands|Quark Drive|[silent]\n|switch|p1b: Basculegion|Basculegion-F, F|100\/100\n|-status|p1b: Basculegion|tox\n|-ability|p1b: Basculegion|Mold Breaker\n|move|p2a: Tyranitar|Rock Slide|p1b: Basculegion|[spread] p1a,p1b\n|-resisted|p1a: Goodra\n|-damage|p1a: Goodra|0 fnt\n|-damage|p1b: Basculegion|65\/100 tox\n|faint|p1a: Goodra\n|move|p2b: Iron Hands|Drain Punch|p1b: Basculegion\n|-immune|p1b: Basculegion\n|\n|-weather|Sandstorm|[upkeep]\n|-damage|p1b: Basculegion|59\/100 tox|[from] Sandstorm\n|-damage|p2a: Tyranitar|45\/100|[from] Sandstorm\n|-damage|p2b: Iron Hands|0 fnt|[from] Sandstorm\n|faint|p2b: Iron Hands\n|-end|p2b: Iron Hands|Quark Drive|[silent]\n|-heal|p2a: Tyranitar|51\/100|[from] item: Leftovers\n|-damage|p1b: Basculegion|53\/100 tox|[from] psn\n|upkeep\n|\n|t:|1698020239\n|switch|p1a: Iron Hands|Iron Hands|46\/100\n|switch|p2b: Houndstone|Houndstone, M|100\/100\n|-status|p1a: Iron Hands|tox\n|turn|10\n|\n|t:|1698020250\n|move|p1a: Iron Hands|Fake Out|p2a: Tyranitar\n|-damage|p2a: Tyranitar|40\/100\n|move|p2b: Houndstone|Last Respects|p1b: Basculegion\n|-supereffective|p1b: Basculegion\n|-damage|p1b: Basculegion|0 fnt\n|faint|p1b: Basculegion\n|cant|p2a: Tyranitar|flinch\n|\n|-weather|none\n|-heal|p2a: Tyranitar|46\/100|[from] item: Leftovers\n|-damage|p1a: Iron Hands|40\/100 tox|[from] psn\n|upkeep\n|\n|t:|1698020266\n|switch|p1b: Chien-Pao|Chien-Pao|100\/100\n|-status|p1b: Chien-Pao|tox\n|-ability|p1b: Chien-Pao|Sword of Ruin\n|turn|11\n|\n|t:|1698020281\n|-terastallize|p1b: Chien-Pao|Dark\n|move|p2b: Houndstone|Ally Switch|p2b: Houndstone\n|swap|p2b: Houndstone|0|[from] move: Ally Switch\n|move|p1b: Chien-Pao|Sucker Punch|p2b: Tyranitar\n|-resisted|p2b: Tyranitar\n|-crit|p2b: Tyranitar\n|-damage|p2b: Tyranitar|0 fnt\n|faint|p2b: Tyranitar\n|move|p1a: Iron Hands|Wild Charge|p2a: Houndstone\n|-damage|p2a: Houndstone|29\/100\n|-damage|p1a: Iron Hands|30\/100 tox|[from] Recoil\n|\n|-damage|p1b: Chien-Pao|95\/100 tox|[from] psn\n|-damage|p1a: Iron Hands|17\/100 tox|[from] psn\n|upkeep\n|turn|12\n|\n|t:|1698020295\n|move|p1b: Chien-Pao|Sucker Punch|p2a: Houndstone\n|-supereffective|p2a: Houndstone\n|-damage|p2a: Houndstone|0 fnt\n|faint|p2a: Houndstone\n|\n|win|Rexluser\n|raw|Rexluser's rating: 1340 &rarr; <strong>1359<\/strong><br \/>(+19 for winning)\n|raw|100champs's rating: 1331 &rarr; <strong>1312<\/strong><br \/>(-19 for losing)\n|c|\u2606Rexluser|gg\n","uploadtime":1698020301,"views":13,"p1id":"rexluser","p2id":"100champs","formatid":"gen9doublesou","rating":1312,"private":0,"password":""}