{"id":"gen9doublesou-1979934446","p1":"Tails72","p2":"Penter","format":"[Gen 9] Doubles OU","log":"|j|\u2606Tails72\n|j|\u2606Penter\n|inactive|Battle timer is ON: inactive players will automatically lose when time's up.\n|j|*Lady Monita \u263d\n|t:|1698732218\n|gametype|doubles\n|player|p1|Tails72|volo-ginkgo|\n|player|p2|Penter|n|\n|teamsize|p1|6\n|teamsize|p2|6\n|gen|9\n|tier|[Gen 9] Doubles OU\n|rated|Tournament battle\n|rule|Species Clause: Limit one of each Pok\u00e9mon\n|rule|OHKO Clause: OHKO moves are banned\n|rule|Evasion Moves Clause: Evasion moves are banned\n|rule|Gravity Sleep Clause: The combination of sleep-inducing moves with imperfect accuracy and Gravity or Gigantamax Orbeetle are banned\n|rule|Endless Battle Clause: Forcing endless battles is banned\n|rule|HP Percentage Mod: HP is shown in percentages\n|rule|Camomons Mod: Pok\u00e9mon have their types set to match their first two moves.\n|clearpoke\n|poke|p1|Flutter Mane|\n|poke|p1|Amoonguss, F|\n|poke|p1|Iron Hands|\n|poke|p1|Cresselia, F|\n|poke|p1|Dragonite, M|\n|poke|p1|Sylveon, F|\n|poke|p2|Kingambit, F|\n|poke|p2|Iron Hands|\n|poke|p2|Arcanine-Hisui, F|\n|poke|p2|Flutter Mane|\n|poke|p2|Tornadus, M|\n|poke|p2|Ogerpon-Wellspring, F|\n|teampreview\n|inactive|Tails72 has 120 seconds left.\n|inactive|Penter has 120 seconds left.\n|c|\u2606Tails72|gl hf\n|inactive|Tails72 has 90 seconds left.\n|c|\u2606Penter|u2\n|\n|t:|1698732294\n|start\n|switch|p1a: Iron Hands|Iron Hands|100\/100\n|switch|p1b: Dragonite|Dragonite, M|100\/100\n|switch|p2a: Iron Hands|Iron Hands|100\/100\n|switch|p2b: Arcanine|Arcanine-Hisui, F|100\/100\n|-start|p2b: Arcanine|typechange|Fire\/Rock|[silent]\n|-ability|p2b: Arcanine|Intimidate|boost\n|-unboost|p1a: Iron Hands|atk|1\n|-fail|p1b: Dragonite|unboost|Attack|[from] ability: Inner Focus|[of] p1b: Dragonite\n|-start|p1b: Dragonite|typechange|Normal\/Dragon|[silent]\n|-start|p2a: Iron Hands|typechange|Ground\/Steel|[silent]\n|-start|p1a: Iron Hands|typechange|Ground\/Steel|[silent]\n|-start|p1a: Iron Hands|typechange|Ground\/Steel|[silent]\n|-start|p1b: Dragonite|typechange|Normal\/Dragon|[silent]\n|-start|p2a: Iron Hands|typechange|Ground\/Steel|[silent]\n|turn|1\n|inactive|Tails72 has 120 seconds left.\n|inactive|Penter has 120 seconds left.\n|inactive|Penter has 90 seconds left.\n|inactive|Tails72 has 90 seconds left.\n|\n|t:|1698732374\n|move|p1a: Iron Hands|Fake Out|p2a: Iron Hands\n|-resisted|p2a: Iron Hands\n|-damage|p2a: Iron Hands|97\/100\n|move|p2b: Arcanine|Will-O-Wisp|p1a: Iron Hands\n|-status|p1a: Iron Hands|brn\n|move|p1b: Dragonite|Dragon Claw|p2b: Arcanine\n|-damage|p2b: Arcanine|16\/100\n|cant|p2a: Iron Hands|flinch\n|\n|-damage|p1a: Iron Hands|94\/100 brn|[from] brn\n|upkeep\n|turn|2\n|inactive|Penter has 90 seconds left.\n|\n|t:|1698732411\n|switch|p2b: Kingambit|Kingambit, F|100\/100\n|-start|p2b: Kingambit|typechange|Dark\/Poison|[silent]\n|switch|p1b: Cresselia|Cresselia, F|100\/100\n|-start|p1b: Cresselia|typechange|Psychic\/Fairy|[silent]\n|move|p2a: Iron Hands|Ice Punch|p1b: Cresselia\n|-damage|p1b: Cresselia|79\/100\n|move|p1a: Iron Hands|Earthquake|p2a: Iron Hands|[spread] p2a,p2b\n|-immune|p1b: Cresselia|[from] ability: Levitate\n|-supereffective|p2a: Iron Hands\n|-supereffective|p2b: Kingambit\n|-damage|p2a: Iron Hands|76\/100\n|-damage|p2b: Kingambit|76\/100\n|\n|-heal|p1b: Cresselia|85\/100|[from] item: Leftovers\n|-damage|p1a: Iron Hands|88\/100 brn|[from] brn\n|upkeep\n|-start|p1b: Cresselia|typechange|Psychic\/Fairy|[silent]\n|-start|p2b: Kingambit|typechange|Dark\/Poison|[silent]\n|turn|3\n|inactive|Tails72 has 120 seconds left.\n|\n|t:|1698732436\n|move|p1b: Cresselia|Lunar Blessing|p1b: Cresselia|[spread] p1a,p1b\n|-heal|p1a: Iron Hands|100\/100 brn\n|-curestatus|p1a: Iron Hands|brn|[msg]\n|-heal|p1b: Cresselia|100\/100\n|move|p2b: Kingambit|Kowtow Cleave|p1b: Cresselia\n|-damage|p1b: Cresselia|63\/100\n|move|p2a: Iron Hands|Heavy Slam|p1b: Cresselia\n|-supereffective|p1b: Cresselia\n|-damage|p1b: Cresselia|0 fnt\n|faint|p1b: Cresselia\n|move|p1a: Iron Hands|Earthquake|p2a: Iron Hands|[spread] p2a,p2b\n|-supereffective|p2a: Iron Hands\n|-supereffective|p2b: Kingambit\n|-damage|p2a: Iron Hands|34\/100\n|-damage|p2b: Kingambit|28\/100\n|\n|upkeep\n|inactive|Tails72 has 90 seconds left.\n|\n|t:|1698732454\n|switch|p1b: Amoonguss|Amoonguss, F|100\/100\n|-start|p1b: Amoonguss|typechange|Dark\/Bug|[silent]\n|-start|p1b: Amoonguss|typechange|Dark\/Bug|[silent]\n|turn|4\n|inactive|Penter has 90 seconds left.\n|\n|t:|1698732485\n|-end|p2a: Iron Hands|Quark Drive|[silent]\n|switch|p2a: Tornadus|Tornadus, M|100\/100\n|-start|p2a: Tornadus|typechange|Flying\/Dark|[silent]\n|move|p1b: Amoonguss|Rage Powder|p1b: Amoonguss\n|-singleturn|p1b: Amoonguss|move: Rage Powder\n|move|p2b: Kingambit|Kowtow Cleave|p1b: Amoonguss\n|-resisted|p1b: Amoonguss\n|-damage|p1b: Amoonguss|82\/100\n|-damage|p2b: Kingambit|12\/100|[from] item: Rocky Helmet|[of] p1b: Amoonguss\n|move|p1a: Iron Hands|Earthquake|p2b: Kingambit|[spread] p1b,p2b\n|-immune|p2a: Tornadus\n|-resisted|p1b: Amoonguss\n|-supereffective|p2b: Kingambit\n|-damage|p1b: Amoonguss|72\/100\n|-damage|p2b: Kingambit|0 fnt\n|faint|p2b: Kingambit\n|\n|upkeep\n|inactive|Penter has 60 seconds left.\n|\n|t:|1698732524\n|switch|p2b: Ogerpon|Ogerpon-Wellspring, F|100\/100\n|-start|p2b: Ogerpon|typechange|Grass|[silent]\n|-start|p2a: Tornadus|typechange|Flying\/Dark|[silent]\n|-start|p2b: Ogerpon|typechange|Grass|[silent]\n|turn|5\n|inactive|Penter has 60 seconds left.\n|\n|t:|1698732545\n|-end|p1a: Iron Hands|Quark Drive|[silent]\n|switch|p1a: Sylveon|Sylveon, F|100\/100\n|-start|p1a: Sylveon|typechange|Normal\/Fairy|[silent]\n|move|p2b: Ogerpon|Ivy Cudgel|p1a: Sylveon\n|-damage|p1a: Sylveon|55\/100\n|move|p2a: Tornadus|Bleakwind Storm|p1a: Sylveon|[spread] p1a,p1b\n|-supereffective|p1b: Amoonguss\n|-damage|p1a: Sylveon|28\/100\n|-damage|p1b: Amoonguss|2\/100\n|-unboost|p1a: Sylveon|spe|1\n|move|p1b: Amoonguss|Spore|p2a: Tornadus\n|-status|p2a: Tornadus|slp|[from] move: Spore\n|\n|upkeep\n|-start|p1a: Sylveon|typechange|Normal\/Fairy|[silent]\n|turn|6\n|inactive|Penter has 60 seconds left.\n|\n|t:|1698732564\n|switch|p2a: Iron Hands|Iron Hands|34\/100\n|-start|p2a: Iron Hands|typechange|Ground\/Steel|[silent]\n|move|p2b: Ogerpon|Ivy Cudgel|p1b: Amoonguss\n|-damage|p1b: Amoonguss|0 fnt\n|faint|p1b: Amoonguss\n|move|p1a: Sylveon|Substitute|p1a: Sylveon\n|-start|p1a: Sylveon|Substitute\n|-damage|p1a: Sylveon|3\/100\n|\n|upkeep\n|\n|t:|1698732573\n|switch|p1b: Flutter Mane|Flutter Mane|100\/100\n|-start|p1b: Flutter Mane|typechange|Ghost\/Dark|[silent]\n|-start|p1b: Flutter Mane|typechange|Ghost\/Dark|[silent]\n|-start|p2a: Iron Hands|typechange|Ground\/Steel|[silent]\n|turn|7\n|inactive|Penter has 60 seconds left.\n|\n|t:|1698732606\n|-end|p2a: Iron Hands|Quark Drive|[silent]\n|switch|p2a: Flutter Mane|Flutter Mane|100\/100\n|-start|p2a: Flutter Mane|typechange|Fairy\/Ghost|[silent]\n|-enditem|p2a: Flutter Mane|Booster Energy\n|-activate|p2a: Flutter Mane|ability: Protosynthesis|[fromitem]\n|-start|p2a: Flutter Mane|protosynthesisspa\n|move|p1b: Flutter Mane|Shadow Ball|p2a: Flutter Mane\n|-supereffective|p2a: Flutter Mane\n|-damage|p2a: Flutter Mane|0 fnt\n|faint|p2a: Flutter Mane\n|-end|p2a: Flutter Mane|Protosynthesis|[silent]\n|move|p2b: Ogerpon|Ivy Cudgel|p1a: Sylveon\n|-end|p1a: Sylveon|Substitute\n|move|p1a: Sylveon|Hyper Voice|p2b: Ogerpon\n|-damage|p2b: Ogerpon|32\/100\n|-enditem|p1a: Sylveon|Throat Spray\n|-boost|p1a: Sylveon|spa|1|[from] item: Throat Spray\n|\n|upkeep\n|\n|t:|1698732627\n|switch|p2a: Tornadus|Tornadus, M|100\/100 slp\n|-start|p2a: Tornadus|typechange|Flying\/Dark|[silent]\n|-start|p2a: Tornadus|typechange|Flying\/Dark|[silent]\n|turn|8\n|inactive|Penter has 60 seconds left.\n|\n|t:|1698732639\n|cant|p2a: Tornadus|slp\n|move|p1b: Flutter Mane|Shadow Ball|p2b: Ogerpon\n|-damage|p2b: Ogerpon|0 fnt\n|faint|p2b: Ogerpon\n|move|p1a: Sylveon|Hyper Voice|p2a: Tornadus\n|-supereffective|p2a: Tornadus\n|-damage|p2a: Tornadus|0 fnt\n|faint|p2a: Tornadus\n|\n|upkeep\n|\n|t:|1698732641\n|switch|p2b: Iron Hands|Iron Hands|34\/100\n|switch|p2a: Arcanine|Arcanine-Hisui, F|16\/100\n|-start|p2a: Arcanine|typechange|Fire\/Rock|[silent]\n|-ability|p2a: Arcanine|Intimidate|boost\n|-unboost|p1a: Sylveon|atk|1\n|-unboost|p1b: Flutter Mane|atk|1\n|-start|p2b: Iron Hands|typechange|Ground\/Steel|[silent]\n|-start|p2b: Iron Hands|typechange|Ground\/Steel|[silent]\n|turn|9\n|\n|t:|1698732664\n|-terastallize|p2a: Arcanine|Fire\n|move|p2b: Iron Hands|Fake Out|p1a: Sylveon\n|-damage|p1a: Sylveon|0 fnt\n|faint|p1a: Sylveon\n|move|p1b: Flutter Mane|Shadow Ball|p2a: Arcanine\n|-damage|p2a: Arcanine|0 fnt\n|faint|p2a: Arcanine\n|\n|upkeep\n|\n|t:|1698732670\n|switch|p1a: Dragonite|Dragonite, M|100\/100\n|-start|p1a: Dragonite|typechange|Normal\/Dragon|[silent]\n|-start|p1a: Dragonite|typechange|Normal\/Dragon|[silent]\n|turn|10\n|inactive|Penter has 90 seconds left.\n|\n|t:|1698732676\n|move|p1b: Flutter Mane|Shadow Ball|p2b: Iron Hands\n|-damage|p2b: Iron Hands|5\/100\n|move|p1a: Dragonite|Ice Spinner|p2b: Iron Hands\n|-damage|p2b: Iron Hands|0 fnt\n|faint|p2b: Iron Hands\n|-end|p2b: Iron Hands|Quark Drive|[silent]\n|\n|win|Tails72\n|n|\u2606Tails72|tails72\n|n|\u2606Penter|penter\n|n|*Lady Monita \u263d|ladymonita\n","uploadtime":1698732677,"views":23,"p1id":"tails72","p2id":"penter","formatid":"gen9doublesou","rating":0,"private":0,"password":""}