{"id":"gen9doublesou-1968509459","p1":"Discarus","p2":"Champion's Melody","format":"[Gen 9] Doubles OU","log":"|j|\u2606Discarus\n|j|\u2606Champion's Melody\n|t:|1697426469\n|gametype|doubles\n|player|p1|Discarus|benga|1000\n|player|p2|Champion's Melody|cynthia|1102\n|teamsize|p1|6\n|teamsize|p2|6\n|gen|9\n|tier|[Gen 9] Doubles OU\n|rated|\n|rule|Species Clause: Limit one of each Pok\u00e9mon\n|rule|OHKO Clause: OHKO moves are banned\n|rule|Evasion Moves Clause: Evasion moves are banned\n|rule|Gravity Sleep Clause: The combination of sleep-inducing moves with imperfect accuracy and Gravity or Gigantamax Orbeetle are banned\n|rule|Endless Battle Clause: Forcing endless battles is banned\n|rule|HP Percentage Mod: HP is shown in percentages\n|clearpoke\n|poke|p1|Kommo-o, M|\n|poke|p1|Oricorio-Sensu, F|\n|poke|p1|Volcarona, M|\n|poke|p1|Oranguru, M|\n|poke|p1|Grimmsnarl, M|\n|poke|p1|Cresselia, F|\n|poke|p2|Lurantis, F|\n|poke|p2|Gliscor, M|\n|poke|p2|Salazzle, F|\n|poke|p2|Kleavor, F|\n|poke|p2|Basculegion-F, F|\n|poke|p2|Empoleon, M|\n|teampreview\n|inactive|Battle timer is ON: inactive players will automatically lose when time's up. (requested by Champion's Melody)\n|\n|t:|1697426474\n|start\n|switch|p1a: Party|Oricorio-Sensu, F|100\/100\n|switch|p1b: Fiesta|Kommo-o, M, shiny|100\/100\n|switch|p2a: Gliscor|Gliscor, M|100\/100\n|switch|p2b: Lurantis|Lurantis, F|100\/100\n|turn|1\n|\n|t:|1697426491\n|move|p2a: Gliscor|Bulldoze|p1b: Fiesta|[spread] p2b,p1b\n|-immune|p1a: Party\n|-resisted|p2b: Lurantis\n|-damage|p2b: Lurantis|90\/100\n|-damage|p1b: Fiesta|82\/100\n|-boost|p2b: Lurantis|spe|1\n|-unboost|p1b: Fiesta|spe|1\n|move|p1a: Party|Tailwind|p1a: Party\n|-sidestart|p1: Discarus|move: Tailwind\n|move|p1b: Fiesta|Clangorous Soul|p1b: Fiesta\n|-boost|p1b: Fiesta|atk|1\n|-boost|p1b: Fiesta|def|1\n|-boost|p1b: Fiesta|spa|1\n|-boost|p1b: Fiesta|spd|1\n|-boost|p1b: Fiesta|spe|1\n|-damage|p1b: Fiesta|49\/100\n|-enditem|p1b: Fiesta|Throat Spray\n|-boost|p1b: Fiesta|spa|1|[from] item: Throat Spray\n|-activate|p1a: Party|ability: Dancer\n|move|p1a: Party|Clangorous Soul|p1a: Party|[from]ability: Dancer\n|-boost|p1a: Party|atk|1\n|-boost|p1a: Party|def|1\n|-boost|p1a: Party|spa|1\n|-boost|p1a: Party|spd|1\n|-boost|p1a: Party|spe|1\n|-damage|p1a: Party|68\/100\n|move|p2b: Lurantis|Leaf Storm|p1a: Party\n|-resisted|p1a: Party\n|-damage|p1a: Party|47\/100\n|-boost|p2b: Lurantis|spa|2\n|\n|-status|p2a: Gliscor|tox|[from] item: Toxic Orb\n|upkeep\n|turn|2\n|inactive|Discarus has 120 seconds left.\n|inactive|Champion's Melody has 120 seconds left.\n|\n|t:|1697426537\n|-terastallize|p2b: Lurantis|Bug\n|move|p1a: Party|Icy Wind|p2a: Gliscor|[spread] p2a,p2b\n|-supereffective|p2a: Gliscor\n|-damage|p2a: Gliscor|0 fnt\n|-damage|p2b: Lurantis|76\/100\n|-boost|p2b: Lurantis|spe|1\n|faint|p2a: Gliscor\n|move|p1b: Fiesta|Boomburst|p2b: Lurantis|[spread] p2b\n|-immune|p1a: Party\n|-damage|p2b: Lurantis|35\/100\n|move|p2b: Lurantis|Superpower|p1b: Fiesta\n|-damage|p1b: Fiesta|25\/100\n|-boost|p2b: Lurantis|atk|1\n|-boost|p2b: Lurantis|def|1\n|\n|upkeep\n|\n|t:|1697426552\n|switch|p2a: Kleavor|Kleavor, F|100\/100\n|turn|3\n|\n|t:|1697426567\n|move|p1a: Party|Icy Wind|p2a: Kleavor|[spread] p2a,p2b\n|-damage|p2a: Kleavor|71\/100\n|-damage|p2b: Lurantis|23\/100\n|-unboost|p2a: Kleavor|spe|1\n|-boost|p2b: Lurantis|spe|1\n|move|p1b: Fiesta|Boomburst|p2b: Lurantis|[spread] p2a,p2b\n|-immune|p1a: Party\n|-resisted|p2a: Kleavor\n|-damage|p2a: Kleavor|25\/100\n|-damage|p2b: Lurantis|0 fnt\n|faint|p2b: Lurantis\n|move|p2a: Kleavor|Stone Axe|p1a: Party\n|-supereffective|p1a: Party\n|-damage|p1a: Party|0 fnt\n|-sidestart|p1: Discarus|move: Stealth Rock\n|faint|p1a: Party\n|\n|upkeep\n|\n|t:|1697426582\n|switch|p1a: Quinceanera|Volcarona, M|100\/100\n|switch|p2b: Salazzle|Salazzle, F, shiny|100\/100\n|turn|4\n|\n|t:|1697426590\n|move|p2b: Salazzle|Fake Out|p1b: Fiesta\n|-damage|p1b: Fiesta|21\/100\n|move|p1a: Quinceanera|Quiver Dance|p1a: Quinceanera\n|-boost|p1a: Quinceanera|spa|1\n|-boost|p1a: Quinceanera|spd|1\n|-boost|p1a: Quinceanera|spe|1\n|cant|p1b: Fiesta|flinch\n|move|p2a: Kleavor|Stone Axe|p1a: Quinceanera|[miss]\n|-miss|p2a: Kleavor|p1a: Quinceanera\n|\n|-sideend|p1: Discarus|move: Tailwind\n|upkeep\n|turn|5\n|\n|t:|1697426615\n|move|p1a: Quinceanera|Giga Drain|p2a: Kleavor\n|-damage|p2a: Kleavor|0 fnt\n|faint|p2a: Kleavor\n|move|p2b: Salazzle|Sludge Bomb|p1b: Fiesta\n|-immune|p1b: Fiesta|[from] ability: Bulletproof\n|move|p1b: Fiesta|Clanging Scales|p2b: Salazzle\n|-crit|p2b: Salazzle\n|-damage|p2b: Salazzle|0 fnt\n|faint|p2b: Salazzle\n|-unboost|p1b: Fiesta|def|1\n|\n|upkeep\n|\n|t:|1697426626\n|switch|p2b: Empoleon|Empoleon, M|100\/100\n|switch|p2a: Basculegion|Basculegion-F, F|100\/100\n|turn|6\n|\n|t:|1697426637\n|move|p1a: Quinceanera|Giga Drain|p2a: Basculegion\n|-supereffective|p2a: Basculegion\n|-damage|p2a: Basculegion|7\/100\n|move|p2a: Basculegion|Last Respects|p1b: Fiesta\n|-damage|p1b: Fiesta|0 fnt\n|faint|p1b: Fiesta\n|move|p2b: Empoleon|Hydro Pump|p1a: Quinceanera\n|-supereffective|p1a: Quinceanera\n|-damage|p1a: Quinceanera|0 fnt\n|faint|p1a: Quinceanera\n|\n|upkeep\n|\n|t:|1697426652\n|switch|p1a: Salsa|Grimmsnarl, M|100\/100\n|switch|p1b: Baile|Oranguru, M, shiny|100\/100\n|-damage|p1a: Salsa|88\/100|[from] Stealth Rock\n|-damage|p1b: Baile|88\/100|[from] Stealth Rock\n|turn|7\n|\n|t:|1697426671\n|move|p1a: Salsa|Thunder Wave|p2a: Basculegion\n|-status|p2a: Basculegion|par\n|move|p2a: Basculegion|Last Respects|p1a: Salsa\n|-resisted|p1a: Salsa\n|-damage|p1a: Salsa|0 fnt\n|faint|p1a: Salsa\n|move|p1b: Baile|Reflect|p1b: Baile\n|-sidestart|p1: Discarus|Reflect\n|move|p2b: Empoleon|Hydro Pump|p1b: Baile\n|-damage|p1b: Baile|36\/100\n|\n|-heal|p1b: Baile|43\/100|[from] item: Leftovers\n|upkeep\n|\n|t:|1697426682\n|switch|p1a: Rhythm|Cresselia, F|100\/100\n|-damage|p1a: Rhythm|88\/100|[from] Stealth Rock\n|turn|8\n|\n|t:|1697426700\n|move|p2a: Basculegion|Last Respects|p1a: Rhythm\n|-supereffective|p1a: Rhythm\n|-damage|p1a: Rhythm|0 fnt\n|faint|p1a: Rhythm\n|move|p2b: Empoleon|Hydro Pump|p1b: Baile\n|-damage|p1b: Baile|0 fnt\n|faint|p1b: Baile\n|\n|win|Champion's Melody\n|raw|Discarus's rating: 1000 &rarr; <strong>1000<\/strong><br \/>(+0 for losing)\n|raw|Champion&apos;s Melody's rating: 1102 &rarr; <strong>1120<\/strong><br \/>(+18 for winning)\n","uploadtime":1697426708,"views":8,"p1id":"discarus","p2id":"championsmelody","formatid":"gen9doublesou","rating":1000,"private":0,"password":""}