{"id":"gen9doublesou-1969378745","p1":"Use Guard Specs","p2":"boristimus","format":"[Gen 9] Doubles OU","log":"|j|\u2606Use Guard Specs\n|j|\u2606boristimus\n|inactive|Battle timer is ON: inactive players will automatically lose when time's up.\n|t:|1697522328\n|gametype|doubles\n|player|p1|Use Guard Specs|richboy-gen4|\n|player|p2|boristimus|janitor|\n|teamsize|p1|6\n|teamsize|p2|6\n|gen|9\n|tier|[Gen 9] Doubles OU\n|rated|Tournament battle\n|rule|Species Clause: Limit one of each Pok\u00e9mon\n|rule|OHKO Clause: OHKO moves are banned\n|rule|Evasion Moves Clause: Evasion moves are banned\n|rule|Gravity Sleep Clause: The combination of sleep-inducing moves with imperfect accuracy and Gravity or Gigantamax Orbeetle are banned\n|rule|Endless Battle Clause: Forcing endless battles is banned\n|rule|HP Percentage Mod: HP is shown in percentages\n|clearpoke\n|poke|p1|Chimchar, F|\n|poke|p1|Sandygast, F|\n|poke|p1|Toedscool, F|\n|poke|p1|Flabe\u0301be\u0301, F|\n|poke|p1|Sandshrew, M|\n|poke|p1|Houndstone, F|\n|poke|p2|Gligar, F|\n|poke|p2|Mudbray, F|\n|poke|p2|Poltchageist|\n|poke|p2|Ninetales-Alola, F|\n|poke|p2|Sandile, M|\n|poke|p2|Clauncher, F|\n|teampreview\n|j|*Lady Monita \u263d\n|\n|t:|1697522350\n|start\n|switch|p1a: Sandygast|Sandygast, F|100\/100\n|switch|p1b: Chimchar|Chimchar, F|100\/100\n|switch|p2a: Clauncher|Clauncher, F, shiny|100\/100\n|switch|p2b: Gligar|Gligar, F, shiny|100\/100\n|turn|1\n|\n|t:|1697522366\n|move|p1b: Chimchar|Fake Out|p2a: Clauncher\n|-damage|p2a: Clauncher|91\/100\n|move|p2b: Gligar|High Horsepower|p1b: Chimchar\n|-supereffective|p1b: Chimchar\n|-damage|p1b: Chimchar|0 fnt\n|faint|p1b: Chimchar\n|cant|p2a: Clauncher|flinch\n|move|p1a: Sandygast|Shadow Ball|p2a: Clauncher\n|-damage|p2a: Clauncher|40\/100\n|\n|upkeep\n|\n|t:|1697522380\n|switch|p1b: Toedscool|Toedscool, F|100\/100\n|turn|2\n|\n|t:|1697522387\n|move|p2b: Gligar|Dual Wingbeat|p1b: Toedscool\n|-supereffective|p1b: Toedscool\n|-damage|p1b: Toedscool|50\/100\n|-supereffective|p1b: Toedscool\n|-damage|p1b: Toedscool|0 fnt\n|faint|p1b: Toedscool\n|-hitcount|p1: Toedscool|2\n|move|p2a: Clauncher|Dark Pulse|p1a: Sandygast\n|-supereffective|p1a: Sandygast\n|-damage|p1a: Sandygast|21\/100\n|move|p1a: Sandygast|Stealth Rock|p2a: Clauncher\n|-sidestart|p2: boristimus|move: Stealth Rock\n|\n|upkeep\n|j| MopisEdibles\n|\n|t:|1697522403\n|switch|p1b: Flabe\u0301be\u0301|Flabe\u0301be\u0301, F|100\/100\n|turn|3\n|\n|t:|1697522417\n|move|p1b: Flabe\u0301be\u0301|Protect|p1b: Flabe\u0301be\u0301\n|-singleturn|p1b: Flabe\u0301be\u0301|Protect\n|move|p2b: Gligar|High Horsepower|p1b: Flabe\u0301be\u0301\n|-activate|p1b: Flabe\u0301be\u0301|move: Protect\n|move|p2a: Clauncher|Flash Cannon|p1b: Flabe\u0301be\u0301\n|-activate|p1b: Flabe\u0301be\u0301|move: Protect\n|move|p1a: Sandygast|Shore Up|p1a: Sandygast\n|-heal|p1a: Sandygast|71\/100\n|\n|upkeep\n|turn|4\n|\n|t:|1697522437\n|move|p2b: Gligar|High Horsepower|p1b: Flabe\u0301be\u0301\n|-damage|p1b: Flabe\u0301be\u0301|48\/100\n|move|p2a: Clauncher|Dark Pulse|p1a: Sandygast\n|-supereffective|p1a: Sandygast\n|-damage|p1a: Sandygast|0 fnt\n|faint|p1a: Sandygast\n|move|p1b: Flabe\u0301be\u0301|Moonblast|p2a: Clauncher\n|-damage|p2a: Clauncher|0 fnt\n|faint|p2a: Clauncher\n|\n|upkeep\n|\n|t:|1697522454\n|switch|p2a: Poltchageist|Poltchageist, shiny|100\/100\n|switch|p1a: Houndstone|Houndstone, F|100\/100\n|-damage|p2a: Poltchageist|88\/100|[from] Stealth Rock\n|turn|5\n|j| M956\n|\n|t:|1697522463\n|move|p1a: Houndstone|Last Respects|p2a: Poltchageist\n|-supereffective|p2a: Poltchageist\n|-damage|p2a: Poltchageist|0 fnt\n|faint|p2a: Poltchageist\n|move|p2b: Gligar|Knock Off|p1a: Houndstone\n|-supereffective|p1a: Houndstone\n|-damage|p1a: Houndstone|71\/100\n|-enditem|p1a: Houndstone|Choice Scarf|[from] move: Knock Off|[of] p2b: Gligar\n|move|p1b: Flabe\u0301be\u0301|Moonblast|p2b: Gligar\n|-damage|p2b: Gligar|64\/100\n|\n|upkeep\n|\n|t:|1697522474\n|switch|p2a: Sandile|Sandile, M|100\/100\n|-damage|p2a: Sandile|95\/100|[from] Stealth Rock\n|-ability|p2a: Sandile|Intimidate|boost\n|-unboost|p1a: Houndstone|atk|1\n|-unboost|p1b: Flabe\u0301be\u0301|atk|1\n|turn|6\n|\n|t:|1697522489\n|switch|p1a: Sandshrew|Sandshrew, M|100\/100\n|move|p2b: Gligar|Bulldoze|p1b: Flabe\u0301be\u0301|[spread] p2a,p1a,p1b\n|-damage|p2a: Sandile|65\/100\n|-damage|p1a: Sandshrew|84\/100\n|-damage|p1b: Flabe\u0301be\u0301|22\/100\n|-unboost|p2a: Sandile|spe|1\n|-unboost|p1a: Sandshrew|spe|1\n|-unboost|p1b: Flabe\u0301be\u0301|spe|1\n|move|p2a: Sandile|Crunch|p1a: Sandshrew\n|-damage|p1a: Sandshrew|50\/100\n|move|p1b: Flabe\u0301be\u0301|Energy Ball|p2a: Sandile\n|-supereffective|p2a: Sandile\n|-damage|p2a: Sandile|0 fnt\n|faint|p2a: Sandile\n|\n|upkeep\n|\n|t:|1697522497\n|switch|p2a: Mudbray|Mudbray, F|100\/100\n|-damage|p2a: Mudbray|94\/100|[from] Stealth Rock\n|turn|7\n|\n|t:|1697522511\n|move|p2b: Gligar|Bulldoze|p1a: Sandshrew|[spread] p2a,p1a,p1b\n|-damage|p2a: Mudbray|80\/100\n|-damage|p1a: Sandshrew|33\/100\n|-damage|p1b: Flabe\u0301be\u0301|0 fnt\n|-unboost|p2a: Mudbray|spe|1\n|-unboost|p1a: Sandshrew|spe|1\n|-ability|p2a: Mudbray|Stamina|boost\n|-boost|p2a: Mudbray|def|1\n|faint|p1b: Flabe\u0301be\u0301\n|move|p1a: Sandshrew|Knock Off|p2b: Gligar\n|-damage|p2b: Gligar|41\/100\n|-enditem|p2b: Gligar|Eviolite|[from] move: Knock Off|[of] p1a: Sandshrew\n|move|p2a: Mudbray|Earthquake|p1a: Sandshrew|[spread] p1a\n|-immune|p2b: Gligar\n|-damage|p1a: Sandshrew|0 fnt\n|faint|p1a: Sandshrew\n|\n|upkeep\n|\n|t:|1697522525\n|switch|p1b: Houndstone|Houndstone, F|71\/100\n|turn|8\n|\n|t:|1697522531\n|move|p2b: Gligar|Bulldoze|p1b: Houndstone|[spread] p2a,p1b\n|-damage|p2a: Mudbray|69\/100\n|-damage|p1b: Houndstone|53\/100\n|-unboost|p2a: Mudbray|spe|1\n|-unboost|p1b: Houndstone|spe|1\n|-ability|p2a: Mudbray|Stamina|boost\n|-boost|p2a: Mudbray|def|1\n|move|p1b: Houndstone|Last Respects|p2b: Gligar\n|-damage|p2b: Gligar|0 fnt\n|faint|p2b: Gligar\n|move|p2a: Mudbray|Earthquake|p1b: Houndstone\n|-damage|p1b: Houndstone|0 fnt\n|faint|p1b: Houndstone\n|\n|win|boristimus\n|n|\u2606Use Guard Specs|useguardspecs\n|n|\u2606boristimus|boristimus\n|n|*Lady Monita \u263d|ladymonita\n|n| MopisEdibles|mopisedibles\n|n| M956|m956\n","uploadtime":1697522532,"views":21,"p1id":"useguardspecs","p2id":"boristimus","formatid":"gen9doublesou","rating":0,"private":0,"password":""}