{"id":"gen9doublesou-1985803152","p1":"Iwidesence","p2":"TheZilla07","format":"[Gen 9] Doubles OU","log":"|j|\u2606Iwidesence\n|j|\u2606TheZilla07\n|t:|1699407809\n|gametype|doubles\n|player|p1|Iwidesence|ghetsis-gen5bw|1134\n|player|p2|TheZilla07|petrel|1062\n|teamsize|p1|6\n|teamsize|p2|6\n|gen|9\n|tier|[Gen 9] Doubles OU\n|rated|\n|rule|Species Clause: Limit one of each Pok\u00e9mon\n|rule|OHKO Clause: OHKO moves are banned\n|rule|Evasion Moves Clause: Evasion moves are banned\n|rule|Gravity Sleep Clause: The combination of sleep-inducing moves with imperfect accuracy and Gravity or Gigantamax Orbeetle are banned\n|rule|Endless Battle Clause: Forcing endless battles is banned\n|rule|HP Percentage Mod: HP is shown in percentages\n|clearpoke\n|poke|p1|Tinkaton, F|\n|poke|p1|Kingambit, F|\n|poke|p1|Grimmsnarl, M|\n|poke|p1|Dragapult, F|\n|poke|p1|Amoonguss, F|\n|poke|p1|Kleavor, M|\n|poke|p2|Skeledirge, F|\n|poke|p2|Meowscarada, M|\n|poke|p2|Flutter Mane|\n|poke|p2|Iron Hands|\n|poke|p2|Palafin, F|\n|poke|p2|Chien-Pao|\n|teampreview\n|c|\u2606TheZilla07|glhf\n|\n|t:|1699407829\n|start\n|switch|p1a: Kleavor|Kleavor, M|100\/100\n|switch|p1b: Grimmsnarl|Grimmsnarl, M|100\/100\n|switch|p2a: Florida Man|Skeledirge, F|100\/100\n|switch|p2b: Furball|Meowscarada, M|100\/100\n|turn|1\n|\n|t:|1699407852\n|move|p1b: Grimmsnarl|Light Screen|p1b: Grimmsnarl\n|-sidestart|p1: Iwidesence|move: Light Screen\n|move|p2b: Furball|Grass Pledge|p1a: Kleavor\n|-waiting|p2b: Furball|p2a: Florida Man\n|move|p2a: Florida Man|Fire Pledge|p1a: Kleavor|[from]move: Grass Pledge\n|-combine\n|-damage|p1a: Kleavor|55\/100\n|-sidestart|p1: Iwidesence|Fire Pledge\n|move|p1a: Kleavor|Stone Axe|p2a: Florida Man\n|-supereffective|p2a: Florida Man\n|-damage|p2a: Florida Man|0 fnt\n|-sidestart|p2: TheZilla07|move: Stealth Rock\n|faint|p2a: Florida Man\n|\n|-damage|p1a: Kleavor|43\/100|[from] Fire Pledge\n|-damage|p1b: Grimmsnarl|88\/100|[from] Fire Pledge\n|upkeep\n|\n|t:|1699407870\n|switch|p2a: Catch These Hands|Iron Hands|100\/100\n|-damage|p2a: Catch These Hands|94\/100|[from] Stealth Rock\n|turn|2\n|\n|t:|1699407879\n|switch|p1a: Dragapult|Dragapult, F|100\/100\n|move|p1b: Grimmsnarl|Reflect|p1b: Grimmsnarl\n|-sidestart|p1: Iwidesence|Reflect\n|move|p2b: Furball|Grass Pledge|p1a: Dragapult\n|-start|p2b: Furball|typechange|Grass|[from] ability: Protean\n|-resisted|p1a: Dragapult\n|-crit|p1a: Dragapult\n|-damage|p1a: Dragapult|81\/100\n|move|p2a: Catch These Hands|Heavy Slam|p1b: Grimmsnarl\n|-supereffective|p1b: Grimmsnarl\n|-damage|p1b: Grimmsnarl|20\/100\n|\n|-damage|p1a: Dragapult|68\/100|[from] Fire Pledge\n|-damage|p1b: Grimmsnarl|8\/100|[from] Fire Pledge\n|upkeep\n|turn|3\n|\n|t:|1699407926\n|switch|p1b: Tinkaton|Tinkaton, F|100\/100\n|-ability|p1b: Tinkaton|Mold Breaker\n|move|p1a: Dragapult|Dragon Darts|p2b: Furball\n|-damage|p2b: Furball|37\/100\n|-anim|p1a: Dragapult|Dragon Darts|p2a: Catch These Hands\n|-crit|p2a: Catch These Hands\n|-damage|p2a: Catch These Hands|58\/100\n|move|p2b: Furball|Knock Off|p1a: Dragapult\n|-supereffective|p1a: Dragapult\n|-damage|p1a: Dragapult|16\/100\n|-enditem|p1a: Dragapult|Choice Band|[from] move: Knock Off|[of] p2b: Furball\n|move|p2a: Catch These Hands|Heavy Slam|p1a: Dragapult\n|-damage|p1a: Dragapult|0 fnt\n|faint|p1a: Dragapult\n|\n|-damage|p1b: Tinkaton|88\/100|[from] Fire Pledge\n|-heal|p1b: Tinkaton|94\/100|[from] item: Leftovers\n|upkeep\n|\n|t:|1699407949\n|switch|p1a: Kingambit|Kingambit, F|100\/100\n|turn|4\n|\n|t:|1699407974\n|move|p1a: Kingambit|Sucker Punch|p2b: Furball\n|-damage|p2b: Furball|0 fnt\n|faint|p2b: Furball\n|move|p1b: Tinkaton|Ice Hammer|p2a: Catch These Hands\n|-damage|p2a: Catch These Hands|45\/100\n|-unboost|p1b: Tinkaton|spe|1\n|move|p2a: Catch These Hands|Drain Punch|p1a: Kingambit\n|-supereffective|p1a: Kingambit\n|-damage|p1a: Kingambit|7\/100\n|-heal|p2a: Catch These Hands|82\/100|[from] drain|[of] p1a: Kingambit\n|\n|-damage|p1b: Tinkaton|82\/100|[from] Fire Pledge\n|-heal|p1b: Tinkaton|88\/100|[from] item: Leftovers\n|-damage|p1a: Kingambit|0 fnt|[from] Fire Pledge\n|faint|p1a: Kingambit\n|-sideend|p1: Iwidesence|Fire Pledge\n|upkeep\n|\n|t:|1699408004\n|switch|p2b: Our Fearless Hero|Palafin, F|100\/100\n|switch|p1a: Amoonguss|Amoonguss, F|100\/100\n|-damage|p2b: Our Fearless Hero|88\/100|[from] Stealth Rock\n|turn|5\n|\n|t:|1699408024\n|detailschange|p2b: Our Fearless Hero|Palafin-Hero, F\n|switch|p2b: Wow Pao!|Chien-Pao|100\/100\n|-damage|p2b: Wow Pao!|76\/100|[from] Stealth Rock\n|-ability|p2b: Wow Pao!|Sword of Ruin\n|move|p1b: Tinkaton|Encore|p2a: Catch These Hands\n|-start|p2a: Catch These Hands|Encore\n|move|p2a: Catch These Hands|Drain Punch|p1a: Amoonguss\n|-resisted|p1a: Amoonguss\n|-damage|p1a: Amoonguss|84\/100\n|-heal|p2a: Catch These Hands|89\/100|[from] drain|[of] p1a: Amoonguss\n|move|p1a: Amoonguss|Spore|p2a: Catch These Hands\n|-status|p2a: Catch These Hands|slp|[from] move: Spore\n|\n|-heal|p1b: Tinkaton|94\/100|[from] item: Leftovers\n|upkeep\n|turn|6\n|\n|t:|1699408056\n|move|p2b: Wow Pao!|Protect|p2b: Wow Pao!\n|-singleturn|p2b: Wow Pao!|Protect\n|move|p1a: Amoonguss|Rage Powder|p1a: Amoonguss\n|-singleturn|p1a: Amoonguss|move: Rage Powder\n|move|p1b: Tinkaton|Gigaton Hammer|p2b: Wow Pao!\n|-activate|p2b: Wow Pao!|move: Protect\n|cant|p2a: Catch These Hands|slp\n|\n|-heal|p1b: Tinkaton|100\/100|[from] item: Leftovers\n|upkeep\n|turn|7\n|\n|t:|1699408076\n|move|p2b: Wow Pao!|Swords Dance|p2b: Wow Pao!\n|-boost|p2b: Wow Pao!|atk|2\n|move|p1b: Tinkaton|Knock Off|p2a: Catch These Hands\n|-resisted|p2a: Catch These Hands\n|-damage|p2a: Catch These Hands|81\/100 slp\n|-enditem|p2a: Catch These Hands|Assault Vest|[from] move: Knock Off|[of] p1b: Tinkaton\n|cant|p2a: Catch These Hands|slp\n|move|p1a: Amoonguss|Spore|p2b: Wow Pao!\n|-status|p2b: Wow Pao!|slp|[from] move: Spore\n|\n|-end|p2a: Catch These Hands|Encore\n|upkeep\n|turn|8\n|\n|t:|1699408110\n|-terastallize|p2b: Wow Pao!|Ghost\n|cant|p2b: Wow Pao!|slp\n|move|p1a: Amoonguss|Rage Powder|p1a: Amoonguss\n|-singleturn|p1a: Amoonguss|move: Rage Powder\n|move|p1b: Tinkaton|Gigaton Hammer|p2b: Wow Pao!\n|-damage|p2b: Wow Pao!|1\/100 slp\n|-curestatus|p2a: Catch These Hands|slp|[msg]\n|move|p2a: Catch These Hands|Heavy Slam|p1a: Amoonguss\n|-damage|p1a: Amoonguss|50\/100\n|-enditem|p1a: Amoonguss|Sitrus Berry|[eat]\n|-heal|p1a: Amoonguss|74\/100|[from] item: Sitrus Berry\n|\n|-sideend|p1: Iwidesence|move: Light Screen\n|upkeep\n|turn|9\n|\n|t:|1699408147\n|move|p1a: Amoonguss|Rage Powder|p1a: Amoonguss\n|-singleturn|p1a: Amoonguss|move: Rage Powder\n|cant|p2b: Wow Pao!|slp\n|move|p1b: Tinkaton|Knock Off|p2b: Wow Pao!\n|-supereffective|p2b: Wow Pao!\n|-damage|p2b: Wow Pao!|0 fnt\n|-enditem|p2b: Wow Pao!|Life Orb|[from] move: Knock Off|[of] p1b: Tinkaton\n|faint|p2b: Wow Pao!\n|move|p2a: Catch These Hands|Heavy Slam|p1a: Amoonguss\n|-damage|p1a: Amoonguss|46\/100\n|\n|-sideend|p1: Iwidesence|Reflect\n|upkeep\n|\n|t:|1699408153\n|switch|p2b: Our Fearless Hero|Palafin-Hero, F|88\/100\n|-damage|p2b: Our Fearless Hero|76\/100|[from] Stealth Rock\n|-activate|p2b: Our Fearless Hero|ability: Zero to Hero\n|turn|10\n|\n|t:|1699408173\n|move|p2b: Our Fearless Hero|Jet Punch|p1a: Amoonguss\n|-resisted|p1a: Amoonguss\n|-damage|p1a: Amoonguss|29\/100\n|move|p1b: Tinkaton|Gigaton Hammer|p2a: Catch These Hands\n|-resisted|p2a: Catch These Hands\n|-damage|p2a: Catch These Hands|64\/100\n|move|p2a: Catch These Hands|Heavy Slam|p1a: Amoonguss\n|-damage|p1a: Amoonguss|0 fnt\n|faint|p1a: Amoonguss\n|\n|upkeep\n|\n|t:|1699408184\n|switch|p1a: Grimmsnarl|Grimmsnarl, M|8\/100\n|turn|11\n|\n|t:|1699408191\n|move|p2b: Our Fearless Hero|Jet Punch|p1a: Grimmsnarl\n|-damage|p1a: Grimmsnarl|0 fnt\n|faint|p1a: Grimmsnarl\n|move|p1b: Tinkaton|Knock Off|p2b: Our Fearless Hero\n|-damage|p2b: Our Fearless Hero|54\/100\n|-enditem|p2b: Our Fearless Hero|Mystic Water|[from] move: Knock Off|[of] p1b: Tinkaton\n|move|p2a: Catch These Hands|Drain Punch|p1b: Tinkaton\n|-damage|p1b: Tinkaton|48\/100\n|-heal|p2a: Catch These Hands|82\/100|[from] drain|[of] p1b: Tinkaton\n|\n|-heal|p1b: Tinkaton|54\/100|[from] item: Leftovers\n|upkeep\n|-message|Iwidesence forfeited.\n|\n|win|TheZilla07\n|raw|Iwidesence's rating: 1134 &rarr; <strong>1104<\/strong><br \/>(-30 for losing)\n|raw|TheZilla07's rating: 1062 &rarr; <strong>1099<\/strong><br \/>(+37 for winning)\n|l|\u2606Iwidesence\n","uploadtime":1699408207,"views":11,"p1id":"iwidesence","p2id":"thezilla07","formatid":"gen9doublesou","rating":1099,"private":0,"password":""}