{"id":"gen9doublesou-1969318951","p1":"trump43200","p2":"eunaomeconheco","format":"[Gen 9] Doubles OU","log":"|j|\u2606trump43200\n|j|\u2606eunaomeconheco\n|t:|1697513581\n|gametype|doubles\n|player|p1|trump43200|266|1237\n|player|p2|eunaomeconheco|gambler|1358\n|teamsize|p1|6\n|teamsize|p2|6\n|gen|9\n|tier|[Gen 9] Doubles OU\n|rated|\n|rule|Species Clause: Limit one of each Pok\u00e9mon\n|rule|OHKO Clause: OHKO moves are banned\n|rule|Evasion Moves Clause: Evasion moves are banned\n|rule|Gravity Sleep Clause: The combination of sleep-inducing moves with imperfect accuracy and Gravity or Gigantamax Orbeetle are banned\n|rule|Endless Battle Clause: Forcing endless battles is banned\n|rule|HP Percentage Mod: HP is shown in percentages\n|clearpoke\n|poke|p1|Volcarona, M|\n|poke|p1|Oricorio, F|\n|poke|p1|Chi-Yu|\n|poke|p1|Walking Wake|\n|poke|p1|Dragonite, M|\n|poke|p1|Tornadus, M|\n|poke|p2|Shiftry, F|\n|poke|p2|Indeedee-F, F|\n|poke|p2|Armarouge, M|\n|poke|p2|Glimmora, M|\n|poke|p2|Sylveon, M|\n|poke|p2|Fezandipiti, M|\n|teampreview\n|\n|t:|1697513591\n|start\n|switch|p1a: Volcarona|Volcarona, M|100\/100\n|switch|p1b: Oricorio|Oricorio, F|100\/100\n|switch|p2a: Shiftry|Shiftry, F|100\/100\n|switch|p2b: Glimmora|Glimmora, M|100\/100\n|turn|1\n|c|\u2606eunaomeconheco|glhf\n|\n|t:|1697513610\n|-terastallize|p1a: Volcarona|Steel\n|move|p2a: Shiftry|Fake Out|p1b: Oricorio\n|-damage|p1b: Oricorio|80\/100\n|move|p1a: Volcarona|Quiver Dance|p1a: Volcarona\n|-boost|p1a: Volcarona|spa|1\n|-boost|p1a: Volcarona|spd|1\n|-boost|p1a: Volcarona|spe|1\n|-activate|p1b: Oricorio|ability: Dancer\n|cant|p1b: Oricorio|flinch\n|cant|p1b: Oricorio|flinch\n|move|p2b: Glimmora|Power Gem|p1a: Volcarona\n|-resisted|p1a: Volcarona\n|-damage|p1a: Volcarona|87\/100\n|\n|upkeep\n|turn|2\n|inactive|Battle timer is ON: inactive players will automatically lose when time's up. (requested by eunaomeconheco)\n|\n|t:|1697513657\n|move|p1a: Volcarona|Quiver Dance|p1a: Volcarona\n|-boost|p1a: Volcarona|spa|1\n|-boost|p1a: Volcarona|spd|1\n|-boost|p1a: Volcarona|spe|1\n|-activate|p1b: Oricorio|ability: Dancer\n|move|p1b: Oricorio|Quiver Dance|p1b: Oricorio|[from]ability: Dancer\n|-boost|p1b: Oricorio|spa|1\n|-boost|p1b: Oricorio|spd|1\n|-boost|p1b: Oricorio|spe|1\n|move|p1b: Oricorio|Baton Pass|p1b: Oricorio\n|\n|t:|1697513670\n|switch|p1b: Walking Wake|Walking Wake|100\/100|[from] Baton Pass\n|-enditem|p1b: Walking Wake|Booster Energy\n|-activate|p1b: Walking Wake|ability: Protosynthesis|[fromitem]\n|-start|p1b: Walking Wake|protosynthesisspa\n|move|p2b: Glimmora|Power Gem|p1b: Walking Wake\n|-damage|p1b: Walking Wake|66\/100\n|move|p2a: Shiftry|Tailwind|p2a: Shiftry\n|-sidestart|p2: eunaomeconheco|move: Tailwind\n|-ability|p2a: Shiftry|Wind Rider|boost\n|-boost|p2a: Shiftry|atk|1\n|\n|upkeep\n|turn|3\n|\n|t:|1697513692\n|-terastallize|p2a: Shiftry|Normal\n|move|p1a: Volcarona|Bug Buzz|p2a: Shiftry\n|-crit|p2a: Shiftry\n|-enditem|p2a: Shiftry|Focus Sash\n|-damage|p2a: Shiftry|1\/100\n|move|p2b: Glimmora|Earth Power|p1a: Volcarona\n|-supereffective|p1a: Volcarona\n|-damage|p1a: Volcarona|52\/100\n|move|p2a: Shiftry|Explosion|p1b: Walking Wake|[spread] p2b,p1a,p1b\n|-resisted|p2b: Glimmora\n|-crit|p2b: Glimmora\n|-resisted|p1a: Volcarona\n|-enditem|p2b: Glimmora|Focus Sash\n|-damage|p2b: Glimmora|1\/100\n|-damage|p1a: Volcarona|0 fnt\n|-damage|p1b: Walking Wake|0 fnt\n|-activate|p2b: Glimmora|ability: Toxic Debris\n|-sidestart|p1: trump43200|move: Toxic Spikes\n|faint|p2a: Shiftry\n|faint|p1a: Volcarona\n|faint|p1b: Walking Wake\n|-end|p1b: Walking Wake|Protosynthesis|[silent]\n|\n|upkeep\n|\n|t:|1697513720\n|switch|p1b: Tornadus|Tornadus, M, shiny|100\/100\n|switch|p1a: Chi-Yu|Chi-Yu|100\/100\n|switch|p2a: Fezandipiti|Fezandipiti, M|100\/100\n|-status|p1a: Chi-Yu|psn\n|-ability|p1a: Chi-Yu|Beads of Ruin\n|turn|4\n|c|\u2606eunaomeconheco|glimmora and shiftry\n|c|\u2606eunaomeconheco|best friendship\n|\n|t:|1697513744\n|move|p1b: Tornadus|Tailwind|p1b: Tornadus\n|-sidestart|p1: trump43200|move: Tailwind\n|move|p1a: Chi-Yu|Snarl|p2a: Fezandipiti|[spread] p2a,p2b\n|-resisted|p2a: Fezandipiti\n|-damage|p2a: Fezandipiti|85\/100\n|-damage|p2b: Glimmora|0 fnt\n|-unboost|p2a: Fezandipiti|spa|1\n|faint|p2b: Glimmora\n|move|p2a: Fezandipiti|Sludge Bomb|p1b: Tornadus\n|-damage|p1b: Tornadus|68\/100\n|-status|p1b: Tornadus|psn\n|\n|-heal|p2a: Fezandipiti|91\/100|[from] item: Leftovers\n|-damage|p1b: Tornadus|56\/100 psn|[from] psn\n|-damage|p1a: Chi-Yu|88\/100 psn|[from] psn\n|upkeep\n|\n|t:|1697513754\n|switch|p2b: Indeedee|Indeedee-F, F|100\/100\n|-fieldstart|move: Psychic Terrain|[from] ability: Psychic Surge|[of] p2b: Indeedee\n|turn|5\n|\n|t:|1697513766\n|switch|p2b: Sylveon|Sylveon, M|100\/100\n|move|p1b: Tornadus|Bleakwind Storm|p2a: Fezandipiti|[spread] p2b\n|-miss|p1b: Tornadus|p2a: Fezandipiti\n|-damage|p2b: Sylveon|57\/100\n|move|p1a: Chi-Yu|Snarl|p2b: Sylveon|[spread] p2a,p2b\n|-resisted|p2a: Fezandipiti\n|-resisted|p2b: Sylveon\n|-damage|p2a: Fezandipiti|73\/100\n|-damage|p2b: Sylveon|39\/100\n|-unboost|p2a: Fezandipiti|spa|1\n|-unboost|p2b: Sylveon|spa|1\n|move|p2a: Fezandipiti|Sludge Bomb|p1a: Chi-Yu\n|-damage|p1a: Chi-Yu|74\/100 psn\n|\n|-heal|p2a: Fezandipiti|79\/100|[from] item: Leftovers\n|-heal|p2b: Sylveon|45\/100|[from] item: Leftovers\n|-damage|p1b: Tornadus|43\/100 psn|[from] psn\n|-damage|p1a: Chi-Yu|61\/100 psn|[from] psn\n|-sideend|p2: eunaomeconheco|move: Tailwind\n|upkeep\n|turn|6\n|\n|t:|1697513783\n|move|p1b: Tornadus|Bleakwind Storm|p2a: Fezandipiti|[spread] p2a,p2b\n|-damage|p2a: Fezandipiti|38\/100\n|-damage|p2b: Sylveon|1\/100\n|-unboost|p2b: Sylveon|spe|1\n|move|p1a: Chi-Yu|Snarl|p2b: Sylveon|[spread] p2a,p2b\n|-resisted|p2a: Fezandipiti\n|-resisted|p2b: Sylveon\n|-damage|p2a: Fezandipiti|21\/100\n|-damage|p2b: Sylveon|0 fnt\n|-unboost|p2a: Fezandipiti|spa|1\n|faint|p2b: Sylveon\n|move|p2a: Fezandipiti|Roost|p2a: Fezandipiti\n|-heal|p2a: Fezandipiti|71\/100\n|-singleturn|p2a: Fezandipiti|move: Roost\n|\n|-heal|p2a: Fezandipiti|77\/100|[from] item: Leftovers\n|-damage|p1b: Tornadus|31\/100 psn|[from] psn\n|-damage|p1a: Chi-Yu|49\/100 psn|[from] psn\n|upkeep\n|\n|t:|1697513788\n|switch|p2b: Indeedee|Indeedee-F, F|100\/100\n|turn|7\n|\n|t:|1697513798\n|move|p1b: Tornadus|Bleakwind Storm|p2a: Fezandipiti|[spread] p2b\n|-miss|p1b: Tornadus|p2a: Fezandipiti\n|-damage|p2b: Indeedee|58\/100\n|move|p1a: Chi-Yu|Snarl|p2a: Fezandipiti|[spread] p2a,p2b\n|-resisted|p2a: Fezandipiti\n|-supereffective|p2b: Indeedee\n|-damage|p2a: Fezandipiti|61\/100\n|-damage|p2b: Indeedee|0 fnt\n|-unboost|p2a: Fezandipiti|spa|1\n|faint|p2b: Indeedee\n|move|p2a: Fezandipiti|Nasty Plot|p2a: Fezandipiti\n|-boost|p2a: Fezandipiti|spa|2\n|\n|-heal|p2a: Fezandipiti|67\/100|[from] item: Leftovers\n|-damage|p1b: Tornadus|19\/100 psn|[from] psn\n|-damage|p1a: Chi-Yu|37\/100 psn|[from] psn\n|-sideend|p1: trump43200|move: Tailwind\n|upkeep\n|\n|t:|1697513804\n|switch|p2b: Armarouge|Armarouge, M|100\/100\n|turn|8\n|\n|t:|1697513829\n|move|p1b: Tornadus|Tailwind|p1b: Tornadus\n|-sidestart|p1: trump43200|move: Tailwind\n|move|p1a: Chi-Yu|Snarl|p2b: Armarouge|[spread] p2a,p2b\n|-resisted|p2a: Fezandipiti\n|-crit|p2a: Fezandipiti\n|-supereffective|p2b: Armarouge\n|-damage|p2a: Fezandipiti|41\/100\n|-damage|p2b: Armarouge|0 fnt\n|-unboost|p2a: Fezandipiti|spa|1\n|faint|p2b: Armarouge\n|move|p2a: Fezandipiti|Sludge Bomb|p1a: Chi-Yu\n|-damage|p1a: Chi-Yu|24\/100 psn\n|\n|-heal|p2a: Fezandipiti|47\/100|[from] item: Leftovers\n|-damage|p1b: Tornadus|6\/100 psn|[from] psn\n|-damage|p1a: Chi-Yu|12\/100 psn|[from] psn\n|upkeep\n|turn|9\n|c|\u2606eunaomeconheco|lmao\n|c|\u2606eunaomeconheco|gg wp\n|\n|t:|1697513845\n|move|p1b: Tornadus|Bleakwind Storm|p2a: Fezandipiti\n|-damage|p2a: Fezandipiti|0 fnt\n|faint|p2a: Fezandipiti\n|\n|win|trump43200\n|raw|trump43200's rating: 1237 &rarr; <strong>1270<\/strong><br \/>(+33 for winning)\n|raw|eunaomeconheco's rating: 1358 &rarr; <strong>1331<\/strong><br \/>(-27 for losing)\n","uploadtime":1697513849,"views":17,"p1id":"trump43200","p2id":"eunaomeconheco","formatid":"gen9doublesou","rating":1270,"private":0,"password":""}