{"id":"gen9doublesou-1989040030","p1":"TheRealYardSard","p2":"Lauriam6666","format":"[Gen 9] Doubles OU","log":"|j|\u2606TheRealYardSard\n|j|\u2606Lauriam6666\n|t:|1699805420\n|gametype|doubles\n|player|p1|TheRealYardSard|lucian|1558\n|player|p2|Lauriam6666|tuber|1527\n|teamsize|p1|6\n|teamsize|p2|6\n|gen|9\n|tier|[Gen 9] Doubles OU\n|rated|\n|rule|Species Clause: Limit one of each Pok\u00e9mon\n|rule|OHKO Clause: OHKO moves are banned\n|rule|Evasion Moves Clause: Evasion moves are banned\n|rule|Gravity Sleep Clause: The combination of sleep-inducing moves with imperfect accuracy and Gravity or Gigantamax Orbeetle are banned\n|rule|Endless Battle Clause: Forcing endless battles is banned\n|rule|HP Percentage Mod: HP is shown in percentages\n|clearpoke\n|poke|p1|Rillaboom, F|\n|poke|p1|Ursaluna, M|\n|poke|p1|Cresselia, F|\n|poke|p1|Volcanion|\n|poke|p1|Flutter Mane|\n|poke|p1|Kleavor, F|\n|poke|p2|Weepinbell, F|\n|poke|p2|Torkoal, M|\n|poke|p2|Flutter Mane|\n|poke|p2|Chi-Yu|\n|poke|p2|Volcanion|\n|poke|p2|Iron Hands|\n|teampreview\n|inactive|Battle timer is ON: inactive players will automatically lose when time's up. (requested by TheRealYardSard)\n|\n|t:|1699805441\n|start\n|switch|p1a: Rillaboom|Rillaboom, F|100\/100\n|switch|p1b: Volcanion|Volcanion|100\/100\n|switch|p2a: Weepinbell|Weepinbell, F|100\/100\n|switch|p2b: Torkoal|Torkoal, M|100\/100\n|-fieldstart|move: Grassy Terrain|[from] ability: Grassy Surge|[of] p1a: Rillaboom\n|-weather|SunnyDay|[from] ability: Drought|[of] p2b: Torkoal\n|turn|1\n|\n|t:|1699805458\n|move|p2a: Weepinbell|Protect|p2a: Weepinbell\n|-singleturn|p2a: Weepinbell|Protect\n|move|p1a: Rillaboom|Fake Out|p2b: Torkoal\n|-damage|p2b: Torkoal|90\/100\n|move|p1b: Volcanion|Heat Wave|p2b: Torkoal|[spread] \n|-activate|p2a: Weepinbell|move: Protect\n|-miss|p1b: Volcanion|p2b: Torkoal\n|cant|p2b: Torkoal|flinch\n|\n|-weather|SunnyDay|[upkeep]\n|-heal|p2b: Torkoal|96\/100|[from] Grassy Terrain\n|upkeep\n|turn|2\n|\n|t:|1699805488\n|move|p2a: Weepinbell|Sleep Powder|p1b: Volcanion\n|-status|p1b: Volcanion|slp|[from] move: Sleep Powder\n|move|p1a: Rillaboom|U-turn|p2b: Torkoal\n|-resisted|p2b: Torkoal\n|-damage|p2b: Torkoal|87\/100\n|\n|t:|1699805500\n|switch|p1a: Kleavor|Kleavor, F|100\/100|[from] U-turn\n|cant|p1b: Volcanion|slp\n|move|p2b: Torkoal|Heat Wave|p1a: Kleavor|[spread] p1a,p1b\n|-resisted|p1b: Volcanion\n|-damage|p1a: Kleavor|21\/100\n|-damage|p1b: Volcanion|92\/100 slp\n|\n|-weather|SunnyDay|[upkeep]\n|-heal|p1a: Kleavor|27\/100|[from] Grassy Terrain\n|-heal|p1b: Volcanion|98\/100 slp|[from] Grassy Terrain\n|-heal|p2b: Torkoal|93\/100|[from] Grassy Terrain\n|upkeep\n|turn|3\n|\n|t:|1699805518\n|move|p1a: Kleavor|Stone Axe|p2b: Torkoal\n|-supereffective|p2b: Torkoal\n|-damage|p2b: Torkoal|16\/100\n|-sidestart|p2: Lauriam6666|move: Stealth Rock\n|move|p2a: Weepinbell|Acid Spray|p1b: Volcanion\n|-damage|p1b: Volcanion|89\/100 slp\n|-unboost|p1b: Volcanion|spd|2\n|-curestatus|p1b: Volcanion|slp|[msg]\n|move|p1b: Volcanion|Heat Wave|p2b: Torkoal|[spread] p2a,p2b\n|-supereffective|p2a: Weepinbell\n|-resisted|p2b: Torkoal\n|-damage|p2a: Weepinbell|0 fnt\n|-damage|p2b: Torkoal|0 fnt\n|faint|p2a: Weepinbell\n|faint|p2b: Torkoal\n|\n|-weather|SunnyDay|[upkeep]\n|-heal|p1a: Kleavor|33\/100|[from] Grassy Terrain\n|-heal|p1b: Volcanion|95\/100|[from] Grassy Terrain\n|upkeep\n|inactive|Lauriam6666 has 120 seconds left.\n|\n|t:|1699805543\n|switch|p2a: Iron Hands|Iron Hands|100\/100\n|switch|p2b: Flutter Mane|Flutter Mane|100\/100\n|-damage|p2b: Flutter Mane|88\/100|[from] Stealth Rock\n|-activate|p2b: Flutter Mane|ability: Protosynthesis\n|-start|p2b: Flutter Mane|protosynthesisspe\n|-damage|p2a: Iron Hands|94\/100|[from] Stealth Rock\n|turn|4\n|\n|t:|1699805560\n|switch|p1b: Ursaluna|Ursaluna, M|100\/100\n|move|p2a: Iron Hands|Fake Out|p1b: Ursaluna\n|-damage|p1b: Ursaluna|90\/100\n|move|p2b: Flutter Mane|Moonblast|p1a: Kleavor\n|-damage|p1a: Kleavor|0 fnt\n|faint|p1a: Kleavor\n|\n|-weather|SunnyDay|[upkeep]\n|-heal|p2b: Flutter Mane|94\/100|[from] Grassy Terrain\n|-heal|p2b: Flutter Mane|99\/100|[from] item: Leftovers\n|-heal|p2a: Iron Hands|100\/100|[from] Grassy Terrain\n|-heal|p1b: Ursaluna|96\/100|[from] Grassy Terrain\n|-status|p1b: Ursaluna|brn|[from] item: Flame Orb\n|upkeep\n|\n|t:|1699805580\n|switch|p1a: Cresselia|Cresselia, F|100\/100\n|turn|5\n|\n|t:|1699805604\n|move|p1a: Cresselia|Ally Switch|p1a: Cresselia\n|swap|p1a: Cresselia|1|[from] move: Ally Switch\n|move|p2b: Flutter Mane|Shadow Ball|p1a: Ursaluna\n|-immune|p1a: Ursaluna\n|move|p2a: Iron Hands|Wild Charge|p1a: Ursaluna\n|-immune|p1a: Ursaluna\n|move|p1a: Ursaluna|Headlong Rush|p2b: Flutter Mane\n|-damage|p2b: Flutter Mane|0 fnt\n|-unboost|p1a: Ursaluna|def|1\n|-unboost|p1a: Ursaluna|spd|1\n|faint|p2b: Flutter Mane\n|-end|p2b: Flutter Mane|Protosynthesis|[silent]\n|\n|-weather|none\n|-heal|p1a: Ursaluna|100\/100 brn|[from] Grassy Terrain\n|-damage|p1a: Ursaluna|94\/100 brn|[from] brn\n|-fieldend|move: Grassy Terrain\n|upkeep\n|inactive|Lauriam6666 has 120 seconds left.\n|\n|t:|1699805620\n|switch|p2b: Volcanion|Volcanion|100\/100\n|-damage|p2b: Volcanion|75\/100|[from] Stealth Rock\n|turn|6\n|\n|t:|1699805630\n|move|p1a: Ursaluna|Protect|p1a: Ursaluna\n|-singleturn|p1a: Ursaluna|Protect\n|move|p2b: Volcanion|Steam Eruption|p1b: Cresselia\n|-damage|p1b: Cresselia|68\/100\n|-status|p1b: Cresselia|brn\n|move|p2a: Iron Hands|Drain Punch|p1a: Ursaluna\n|-activate|p1a: Ursaluna|move: Protect\n|move|p1b: Cresselia|Trick Room|p1b: Cresselia\n|-fieldstart|move: Trick Room|[of] p1b: Cresselia\n|\n|-damage|p1a: Ursaluna|88\/100 brn|[from] brn\n|-damage|p1b: Cresselia|62\/100 brn|[from] brn\n|upkeep\n|turn|7\n|\n|t:|1699805651\n|move|p1a: Ursaluna|Facade|p2b: Volcanion\n|-damage|p2b: Volcanion|0 fnt\n|-damage|p1a: Ursaluna|71\/100 brn|[from] item: Rocky Helmet|[of] p2b: Volcanion\n|faint|p2b: Volcanion\n|move|p2a: Iron Hands|Drain Punch|p1b: Cresselia\n|-resisted|p1b: Cresselia\n|-damage|p1b: Cresselia|51\/100 brn\n|move|p1b: Cresselia|Lunar Blessing|p1b: Cresselia|[spread] p1a,p1b\n|-heal|p1a: Ursaluna|96\/100 brn\n|-curestatus|p1a: Ursaluna|brn|[msg]\n|-heal|p1b: Cresselia|76\/100 brn\n|-curestatus|p1b: Cresselia|brn|[msg]\n|\n|-status|p1a: Ursaluna|brn|[from] item: Flame Orb\n|upkeep\n|-message|Lauriam6666 forfeited.\n|\n|win|TheRealYardSard\n|raw|TheRealYardSard's rating: 1558 &rarr; <strong>1576<\/strong><br \/>(+18 for winning)\n|raw|Lauriam6666's rating: 1527 &rarr; <strong>1509<\/strong><br \/>(-18 for losing)\n|l|\u2606Lauriam6666\n","uploadtime":1699805732,"views":4,"p1id":"therealyardsard","p2id":"lauriam6666","formatid":"gen9doublesou","rating":1509,"private":0,"password":""}