{"id":"gen9doublesou-1982647911","p1":"shhmedium","p2":"Vylara","format":"[Gen 9] Doubles OU","log":"|j|\u2606shhmedium\n|j|\u2606Vylara\n|t:|1699032611\n|gametype|doubles\n|player|p1|shhmedium|102|1065\n|player|p2|Vylara|irida|1079\n|teamsize|p1|6\n|teamsize|p2|6\n|gen|9\n|tier|[Gen 9] Doubles OU\n|rated|\n|rule|Species Clause: Limit one of each Pok\u00e9mon\n|rule|OHKO Clause: OHKO moves are banned\n|rule|Evasion Moves Clause: Evasion moves are banned\n|rule|Gravity Sleep Clause: The combination of sleep-inducing moves with imperfect accuracy and Gravity or Gigantamax Orbeetle are banned\n|rule|Endless Battle Clause: Forcing endless battles is banned\n|rule|HP Percentage Mod: HP is shown in percentages\n|clearpoke\n|poke|p1|Greninja-*, M|\n|poke|p1|Espeon, F|\n|poke|p1|Talonflame, M|\n|poke|p1|Weavile, M|\n|poke|p1|Meowscarada, M|\n|poke|p1|Grafaiai, M|\n|poke|p2|Clodsire, M|\n|poke|p2|Gliscor, M|\n|poke|p2|Muk-Alola, F|\n|poke|p2|Mismagius, F|\n|poke|p2|Arcanine-Hisui, F|\n|poke|p2|Goodra-Hisui, F|\n|teampreview\n|c|\u2606Vylara|glhf!\n|\n|t:|1699032630\n|start\n|switch|p1a: Weavile|Weavile, M|100\/100\n|switch|p1b: Meowscarada|Meowscarada, M|100\/100\n|switch|p2a: Catherine|Mismagius, F|100\/100\n|switch|p2b: Shishifuu|Arcanine-Hisui, F|100\/100\n|-ability|p1a: Weavile|Pressure\n|turn|1\n|\n|t:|1699032657\n|move|p1a: Weavile|Fake Out|p2b: Shishifuu\n|-resisted|p2b: Shishifuu\n|-damage|p2b: Shishifuu|93\/100\n|move|p1b: Meowscarada|Taunt|p2a: Catherine\n|-start|p1b: Meowscarada|typechange|Dark|[from] ability: Protean\n|-start|p2a: Catherine|move: Taunt\n|move|p2a: Catherine|Dazzling Gleam|p1b: Meowscarada|[spread] p1a,p1b\n|-supereffective|p1a: Weavile\n|-supereffective|p1b: Meowscarada\n|-damage|p1a: Weavile|50\/100\n|-damage|p1b: Meowscarada|46\/100\n|cant|p2b: Shishifuu|flinch\n|\n|upkeep\n|turn|2\n|\n|t:|1699032681\n|move|p1a: Weavile|Night Slash|p2a: Catherine\n|-supereffective|p2a: Catherine\n|-damage|p2a: Catherine|0 fnt\n|faint|p2a: Catherine\n|move|p1b: Meowscarada|Knock Off|p2b: Shishifuu\n|-damage|p2b: Shishifuu|41\/100\n|-enditem|p2b: Shishifuu|Assault Vest|[from] move: Knock Off|[of] p1b: Meowscarada\n|move|p2b: Shishifuu|Flame Charge|p1a: Weavile\n|-supereffective|p1a: Weavile\n|-damage|p1a: Weavile|0 fnt\n|-boost|p2b: Shishifuu|spe|1\n|faint|p1a: Weavile\n|\n|upkeep\n|\n|t:|1699032699\n|switch|p1a: Greninja|Greninja, M|100\/100\n|switch|p2a: Shana|Goodra-Hisui, F|100\/100\n|turn|3\n|inactive|Battle timer is ON: inactive players will automatically lose when time's up. (requested by shhmedium)\n|\n|t:|1699032741\n|switch|p2b: Jim|Clodsire, M|100\/100\n|move|p1b: Meowscarada|Knock Off|p2a: Shana\n|-damage|p2a: Shana|55\/100\n|-enditem|p2a: Shana|Aguav Berry|[from] move: Knock Off|[of] p1b: Meowscarada\n|move|p1a: Greninja|Hydro Pump|p2b: Jim\n|-immune|p2b: Jim|[from] ability: Water Absorb\n|move|p2a: Shana|Gyro Ball|p1b: Meowscarada\n|-damage|p1b: Meowscarada|3\/100\n|\n|upkeep\n|turn|4\n|\n|t:|1699032763\n|-terastallize|p1a: Greninja|Water\n|move|p1b: Meowscarada|Knock Off|p2b: Jim\n|-damage|p2b: Jim|53\/100\n|-enditem|p2b: Jim|Quick Claw|[from] move: Knock Off|[of] p1b: Meowscarada\n|move|p1a: Greninja|Hydro Pump|p2a: Shana\n|-resisted|p2a: Shana\n|-damage|p2a: Shana|32\/100\n|move|p2a: Shana|Life Dew|p2a: Shana|[spread] p2a\n|-heal|p2b: Jim|78\/100|[from] ability: Water Absorb|[of] p2a: Shana\n|-heal|p2a: Shana|57\/100\n|move|p2b: Jim|Megahorn|p1a: Greninja\n|-damage|p1a: Greninja|61\/100\n|\n|upkeep\n|turn|5\n|inactive|Vylara has 120 seconds left.\n|\n|t:|1699032804\n|move|p1b: Meowscarada|Flower Trick|p2b: Jim\n|-crit|p2b: Jim\n|-damage|p2b: Jim|43\/100\n|move|p1a: Greninja|Hydro Pump|p2a: Shana|[miss]\n|-miss|p1a: Greninja|p2a: Shana\n|move|p2a: Shana|Life Dew|p2a: Shana|[spread] p2a\n|-heal|p2b: Jim|68\/100|[from] ability: Water Absorb|[of] p2a: Shana\n|-heal|p2a: Shana|82\/100\n|move|p2b: Jim|Megahorn|p1b: Meowscarada\n|-supereffective|p1b: Meowscarada\n|-damage|p1b: Meowscarada|0 fnt\n|faint|p1b: Meowscarada\n|\n|upkeep\n|\n|t:|1699032819\n|switch|p1b: Espeon|Espeon, F|100\/100\n|turn|6\n|inactive|Vylara has 120 seconds left.\n|\n|t:|1699032852\n|switch|p1a: Talonflame|Talonflame, M|100\/100\n|-terastallize|p2b: Jim|Ghost\n|move|p1b: Espeon|Psychic|p2b: Jim\n|-damage|p2b: Jim|39\/100\n|move|p2a: Shana|Draco Meteor|p1a: Talonflame\n|-damage|p1a: Talonflame|32\/100\n|-unboost|p2a: Shana|spa|2\n|move|p2b: Jim|Megahorn|p1b: Espeon\n|-supereffective|p1b: Espeon\n|-damage|p1b: Espeon|16\/100\n|\n|upkeep\n|turn|7\n|inactive|Vylara has 120 seconds left.\n|\n|t:|1699032870\n|move|p1a: Talonflame|Flare Blitz|p2a: Shana\n|-damage|p2a: Shana|40\/100\n|-status|p2a: Shana|brn\n|-damage|p1a: Talonflame|15\/100|[from] Recoil\n|move|p1b: Espeon|Shadow Ball|p2b: Jim\n|-supereffective|p2b: Jim\n|-damage|p2b: Jim|12\/100\n|-unboost|p2b: Jim|spd|1\n|move|p2a: Shana|Life Dew|p2a: Shana|[spread] p2a\n|-heal|p2b: Jim|37\/100|[from] ability: Water Absorb|[of] p2a: Shana\n|-heal|p2a: Shana|65\/100 brn\n|move|p2b: Jim|Recover|p2b: Jim\n|-heal|p2b: Jim|87\/100\n|\n|-damage|p2a: Shana|59\/100 brn|[from] brn\n|upkeep\n|turn|8\n|\n|t:|1699032895\n|switch|p2b: Shishifuu|Arcanine-Hisui, F|41\/100\n|move|p1a: Talonflame|Flare Blitz|p2a: Shana\n|-damage|p2a: Shana|19\/100 brn\n|-damage|p1a: Talonflame|0 fnt|[from] Recoil\n|faint|p1a: Talonflame\n|move|p1b: Espeon|Shadow Ball|p2b: Shishifuu\n|-damage|p2b: Shishifuu|6\/100\n|move|p2a: Shana|Life Dew|p2a: Shana|[spread] p2a,p2b\n|-heal|p2a: Shana|44\/100 brn\n|-heal|p2b: Shishifuu|31\/100\n|\n|-damage|p2a: Shana|38\/100 brn|[from] brn\n|upkeep\n|inactive|shhmedium has 120 seconds left.\n|\n|t:|1699032914\n|switch|p1a: Grafaiai|Grafaiai, M|100\/100\n|turn|9\n|\n|t:|1699032934\n|move|p2b: Shishifuu|Extreme Speed|p1b: Espeon\n|-damage|p1b: Espeon|0 fnt\n|faint|p1b: Espeon\n|move|p1a: Grafaiai|Parting Shot|p2a: Shana\n|-unboost|p2a: Shana|atk|1\n|-unboost|p2a: Shana|spa|1\n|\n|t:|1699032941\n|switch|p1a: Greninja|Greninja, M, tera:Water|61\/100|[from] Parting Shot\n|move|p2a: Shana|Life Dew|p2a: Shana|[spread] p2a,p2b\n|-heal|p2a: Shana|63\/100 brn\n|-heal|p2b: Shishifuu|56\/100\n|\n|-damage|p2a: Shana|57\/100 brn|[from] brn\n|upkeep\n|-message|shhmedium forfeited.\n|\n|win|Vylara\n|raw|shhmedium's rating: 1065 &rarr; <strong>1046<\/strong><br \/>(-19 for losing)\n|raw|Vylara's rating: 1079 &rarr; <strong>1106<\/strong><br \/>(+27 for winning)\n|l|\u2606shhmedium\n","uploadtime":1699032953,"views":23,"p1id":"shhmedium","p2id":"vylara","formatid":"gen9doublesou","rating":1046,"private":0,"password":""}