{"id":"gen9doublesou-1979469073","p1":"pumpkinhead06","p2":"BullishBandit","format":"[Gen 9] Doubles OU","log":"|j|\u2606pumpkinhead06\n|j|\u2606BullishBandit\n|t:|1698685124\n|gametype|doubles\n|player|p1|pumpkinhead06|101|1211\n|player|p2|BullishBandit|265|1146\n|teamsize|p1|6\n|teamsize|p2|6\n|gen|9\n|tier|[Gen 9] Doubles OU\n|rated|\n|rule|Species Clause: Limit one of each Pok\u00e9mon\n|rule|OHKO Clause: OHKO moves are banned\n|rule|Evasion Moves Clause: Evasion moves are banned\n|rule|Gravity Sleep Clause: The combination of sleep-inducing moves with imperfect accuracy and Gravity or Gigantamax Orbeetle are banned\n|rule|Endless Battle Clause: Forcing endless battles is banned\n|rule|HP Percentage Mod: HP is shown in percentages\n|clearpoke\n|poke|p1|Trevenant, F|\n|poke|p1|Chandelure, M|\n|poke|p1|Torkoal, F|\n|poke|p1|Great Tusk|\n|poke|p1|Torterra, M|\n|poke|p1|Garganacl, M|\n|poke|p2|Gholdengo|\n|poke|p2|Garganacl, M|\n|poke|p2|Maushold|\n|poke|p2|Toxapex, F|\n|poke|p2|Garchomp, F|\n|poke|p2|Tinkaton, F|\n|teampreview\n|\n|t:|1698685135\n|start\n|switch|p1a: CHEGG|Chandelure, M, shiny|100\/100\n|switch|p1b: Torkoal|Torkoal, F|100\/100\n|switch|p2a: Tinkaton|Tinkaton, F|100\/100\n|switch|p2b: Garganacl|Garganacl, M, shiny|100\/100\n|-weather|SunnyDay|[from] ability: Drought|[of] p1b: Torkoal\n|turn|1\n|inactive|Battle timer is ON: inactive players will automatically lose when time's up. (requested by pumpkinhead06)\n|c|\u2606BullishBandit|HAPPY HALLOWEEN!\n|\n|t:|1698685161\n|move|p2a: Tinkaton|Fake Out|p1b: Torkoal\n|-damage|p1b: Torkoal|92\/100\n|move|p1a: CHEGG|Energy Ball|p2b: Garganacl\n|-supereffective|p2b: Garganacl\n|-damage|p2b: Garganacl|29\/100\n|move|p2b: Garganacl|Salt Cure|p1a: CHEGG\n|-supereffective|p1a: CHEGG\n|-damage|p1a: CHEGG|65\/100\n|-start|p1a: CHEGG|Salt Cure\n|cant|p1b: Torkoal|flinch\n|\n|-weather|SunnyDay|[upkeep]\n|-heal|p2b: Garganacl|36\/100|[from] item: Leftovers\n|-damage|p1a: CHEGG|52\/100|[from] Salt Cure\n|upkeep\n|turn|2\n|c|\u2606pumpkinhead06|happy halloween\n|\n|t:|1698685185\n|switch|p2a: Toxapex|Toxapex, F|100\/100\n|move|p2b: Garganacl|Protect|p2b: Garganacl\n|-singleturn|p2b: Garganacl|Protect\n|move|p1b: Torkoal|Protect|p1b: Torkoal\n|-singleturn|p1b: Torkoal|Protect\n|move|p1a: CHEGG|Trick Room|p1a: CHEGG\n|-fieldstart|move: Trick Room|[of] p1a: CHEGG\n|\n|-weather|SunnyDay|[upkeep]\n|-heal|p2b: Garganacl|42\/100|[from] item: Leftovers\n|-damage|p1a: CHEGG|40\/100|[from] Salt Cure\n|upkeep\n|turn|3\n|\n|t:|1698685203\n|switch|p2b: Garchomp|Garchomp, F|100\/100\n|move|p1b: Torkoal|Solar Beam||[still]\n|-prepare|p1b: Torkoal|Solar Beam\n|-anim|p1b: Torkoal|Solar Beam|p2b: Garchomp\n|-damage|p2b: Garchomp|74\/100\n|move|p2a: Toxapex|Hydro Pump|p1b: Torkoal\n|-supereffective|p1b: Torkoal\n|-damage|p1b: Torkoal|68\/100\n|move|p1a: CHEGG|Psychic|p2a: Toxapex\n|-supereffective|p2a: Toxapex\n|-damage|p2a: Toxapex|37\/100\n|-unboost|p2a: Toxapex|spd|1\n|\n|-weather|SunnyDay|[upkeep]\n|-damage|p1a: CHEGG|28\/100|[from] Salt Cure\n|upkeep\n|turn|4\n|\n|t:|1698685227\n|move|p2a: Toxapex|Baneful Bunker|p2a: Toxapex\n|-singleturn|p2a: Toxapex|move: Protect\n|move|p1b: Torkoal|Earth Power|p2a: Toxapex\n|-activate|p2a: Toxapex|move: Protect\n|move|p1a: CHEGG|Psychic|p2b: Garchomp\n|-damage|p2b: Garchomp|43\/100\n|move|p2b: Garchomp|Earthquake|p1b: Torkoal|[spread] p1a,p1b\n|-activate|p2a: Toxapex|move: Protect\n|-supereffective|p1a: CHEGG\n|-supereffective|p1b: Torkoal\n|-damage|p1a: CHEGG|0 fnt\n|-damage|p1b: Torkoal|8\/100\n|faint|p1a: CHEGG\n|\n|-weather|SunnyDay|[upkeep]\n|upkeep\n|\n|t:|1698685240\n|switch|p1a: Dwayne|Garganacl, M|100\/100\n|turn|5\n|\n|t:|1698685264\n|move|p1b: Torkoal|Earth Power|p2a: Toxapex\n|-supereffective|p2a: Toxapex\n|-damage|p2a: Toxapex|0 fnt\n|faint|p2a: Toxapex\n|move|p1a: Dwayne|Iron Defense|p1a: Dwayne\n|-boost|p1a: Dwayne|def|2\n|move|p2b: Garchomp|Earth Power|p1a: Dwayne\n|-supereffective|p1a: Dwayne\n|-damage|p1a: Dwayne|57\/100\n|\n|-weather|SunnyDay|[upkeep]\n|-heal|p1a: Dwayne|63\/100|[from] item: Leftovers\n|upkeep\n|inactive|BullishBandit has 120 seconds left.\n|\n|t:|1698685280\n|switch|p2a: Gholdengo|Gholdengo|100\/100\n|turn|6\n|\n|t:|1698685290\n|move|p2a: Gholdengo|Protect|p2a: Gholdengo\n|-singleturn|p2a: Gholdengo|Protect\n|move|p1b: Torkoal|Solar Beam||[still]\n|-prepare|p1b: Torkoal|Solar Beam\n|-anim|p1b: Torkoal|Solar Beam|p2b: Garchomp\n|-damage|p2b: Garchomp|13\/100\n|move|p1a: Dwayne|Salt Cure|p2a: Gholdengo\n|-activate|p2a: Gholdengo|move: Protect\n|move|p2b: Garchomp|Surf|p1a: Dwayne|[spread] p1a,p1b\n|-activate|p2a: Gholdengo|move: Protect\n|-supereffective|p1a: Dwayne\n|-supereffective|p1b: Torkoal\n|-damage|p1a: Dwayne|53\/100\n|-damage|p1b: Torkoal|0 fnt\n|faint|p1b: Torkoal\n|\n|-weather|SunnyDay|[upkeep]\n|-heal|p1a: Dwayne|59\/100|[from] item: Leftovers\n|-fieldend|move: Trick Room\n|upkeep\n|\n|t:|1698685308\n|switch|p1b: Mamoswine?|Great Tusk, shiny|100\/100\n|-activate|p1b: Mamoswine?|ability: Protosynthesis\n|-start|p1b: Mamoswine?|protosynthesisatk\n|turn|7\n|\n|t:|1698685324\n|switch|p2a: Maushold|Maushold|100\/100\n|-terastallize|p2b: Garchomp|Water\n|move|p2b: Garchomp|Surf|p1a: Dwayne|[spread] p2a,p1a,p1b\n|-supereffective|p1a: Dwayne\n|-supereffective|p1b: Mamoswine?\n|-damage|p2a: Maushold|90\/100\n|-damage|p1a: Dwayne|44\/100\n|-damage|p1b: Mamoswine?|78\/100\n|move|p1b: Mamoswine?|Headlong Rush|p2a: Maushold\n|-damage|p2a: Maushold|0 fnt\n|-unboost|p1b: Mamoswine?|def|1\n|-unboost|p1b: Mamoswine?|spd|1\n|-enditem|p1b: Mamoswine?|Eject Pack\n|faint|p2a: Maushold\n|\n|t:|1698685336\n|-end|p1b: Mamoswine?|Protosynthesis|[silent]\n|switch|p1b: Tortle|Torterra, M|100\/100\n|move|p1a: Dwayne|Salt Cure|p2b: Garchomp\n|-damage|p2b: Garchomp|2\/100\n|-start|p2b: Garchomp|Salt Cure\n|\n|-weather|SunnyDay|[upkeep]\n|-heal|p1a: Dwayne|50\/100|[from] item: Leftovers\n|-damage|p2b: Garchomp|0 fnt|[from] Salt Cure\n|faint|p2b: Garchomp\n|upkeep\n|c|\u2606pumpkinhead06|dwayne Op\n|\n|t:|1698685350\n|switch|p2a: Tinkaton|Tinkaton, F|100\/100\n|switch|p2b: Garganacl|Garganacl, M, shiny|42\/100\n|turn|8\n|\n|t:|1698685365\n|move|p2a: Tinkaton|Fake Out|p1b: Tortle\n|-damage|p1b: Tortle|93\/100\n|cant|p1b: Tortle|flinch\n|move|p1a: Dwayne|Recover|p1a: Dwayne\n|-heal|p1a: Dwayne|99\/100\n|move|p2b: Garganacl|Recover|p2b: Garganacl\n|-heal|p2b: Garganacl|92\/100\n|\n|-weather|none\n|-heal|p1a: Dwayne|100\/100|[from] item: Leftovers\n|-heal|p2b: Garganacl|98\/100|[from] item: Leftovers\n|upkeep\n|turn|9\n|\n|t:|1698685383\n|move|p2a: Tinkaton|Gigaton Hammer|p1a: Dwayne\n|-supereffective|p1a: Dwayne\n|-damage|p1a: Dwayne|66\/100\n|move|p1b: Tortle|Headlong Rush|p2a: Tinkaton\n|-supereffective|p2a: Tinkaton\n|-damage|p2a: Tinkaton|0 fnt\n|-unboost|p1b: Tortle|def|1\n|-unboost|p1b: Tortle|spd|1\n|faint|p2a: Tinkaton\n|-damage|p1b: Tortle|83\/100|[from] item: Life Orb\n|move|p1a: Dwayne|Body Press|p2b: Garganacl\n|-supereffective|p2b: Garganacl\n|-damage|p2b: Garganacl|27\/100\n|move|p2b: Garganacl|Salt Cure|p1b: Tortle\n|-resisted|p1b: Tortle\n|-damage|p1b: Tortle|73\/100\n|-start|p1b: Tortle|Salt Cure\n|\n|-heal|p1a: Dwayne|72\/100|[from] item: Leftovers\n|-heal|p2b: Garganacl|33\/100|[from] item: Leftovers\n|-damage|p1b: Tortle|61\/100|[from] Salt Cure\n|upkeep\n|\n|t:|1698685402\n|switch|p2a: Gholdengo|Gholdengo|100\/100\n|turn|10\n|inactive|pumpkinhead06 has 120 seconds left.\n|\n|t:|1698685432\n|move|p2b: Garganacl|Protect|p2b: Garganacl\n|-singleturn|p2b: Garganacl|Protect\n|move|p2a: Gholdengo|Nasty Plot|p2a: Gholdengo\n|-boost|p2a: Gholdengo|spa|2\n|move|p1b: Tortle|Headlong Rush|p2a: Gholdengo\n|-supereffective|p2a: Gholdengo\n|-enditem|p2a: Gholdengo|Focus Sash\n|-damage|p2a: Gholdengo|1\/100\n|-unboost|p1b: Tortle|def|1\n|-unboost|p1b: Tortle|spd|1\n|-damage|p1b: Tortle|51\/100|[from] item: Life Orb\n|move|p1a: Dwayne|Body Press|p2b: Garganacl\n|-activate|p2b: Garganacl|move: Protect\n|\n|-heal|p1a: Dwayne|78\/100|[from] item: Leftovers\n|-heal|p2b: Garganacl|39\/100|[from] item: Leftovers\n|-damage|p1b: Tortle|38\/100|[from] Salt Cure\n|upkeep\n|turn|11\n|\n|t:|1698685457\n|move|p2a: Gholdengo|Make It Rain|p1b: Tortle|[spread] p1a,p1b\n|-supereffective|p1a: Dwayne\n|-crit|p1a: Dwayne\n|-damage|p1a: Dwayne|0 fnt\n|-damage|p1b: Tortle|0 fnt\n|-unboost|p2a: Gholdengo|spa|1\n|faint|p1a: Dwayne\n|faint|p1b: Tortle\n|move|p2b: Garganacl|Recover|p2b: Garganacl\n|-heal|p2b: Garganacl|89\/100\n|\n|-heal|p2b: Garganacl|96\/100|[from] item: Leftovers\n|upkeep\n|\n|t:|1698685468\n|switch|p1b: Mamoswine?|Great Tusk, shiny|78\/100\n|switch|p1a: Stella|Trevenant, F, shiny|100\/100\n|-item|p2b: Garganacl|Leftovers|[from] ability: Frisk|[of] p1a: Stella|[identify]\n|turn|12\n|\n|t:|1698685491\n|-terastallize|p1b: Mamoswine?|Steel\n|move|p2a: Gholdengo|Make It Rain|p1b: Mamoswine?|[spread] p1a,p1b\n|-resisted|p1b: Mamoswine?\n|-damage|p1a: Stella|22\/100\n|-damage|p1b: Mamoswine?|30\/100\n|-unboost|p2a: Gholdengo|spa|1\n|move|p1b: Mamoswine?|Knock Off|p2a: Gholdengo\n|-supereffective|p2a: Gholdengo\n|-damage|p2a: Gholdengo|0 fnt\n|faint|p2a: Gholdengo\n|move|p1a: Stella|Wood Hammer|p2b: Garganacl\n|-supereffective|p2b: Garganacl\n|-damage|p2b: Garganacl|3\/100\n|-damage|p1a: Stella|0 fnt|[from] Recoil\n|faint|p1a: Stella\n|move|p2b: Garganacl|Salt Cure|p1b: Mamoswine?\n|-resisted|p1b: Mamoswine?\n|-damage|p1b: Mamoswine?|25\/100\n|-start|p1b: Mamoswine?|Salt Cure\n|\n|-heal|p2b: Garganacl|9\/100|[from] item: Leftovers\n|-damage|p1b: Mamoswine?|0 fnt|[from] Salt Cure\n|faint|p1b: Mamoswine?\n|-end|p1b: Mamoswine?|Protosynthesis|[silent]\n|\n|win|BullishBandit\n|upkeep\n|raw|pumpkinhead06's rating: 1211 &rarr; <strong>1181<\/strong><br \/>(-30 for losing)\n|raw|BullishBandit's rating: 1146 &rarr; <strong>1176<\/strong><br \/>(+30 for winning)\n|c|\u2606BullishBandit|gg\n|c|\u2606pumpkinhead06|gg\n|c|\u2606pumpkinhead06|that tera\n|c|\u2606pumpkinhead06|lost me the game\n|l|\u2606pumpkinhead06\n|c|\u2606BullishBandit|yeah it was the best thing to happen on my side\n|c|\u2606BullishBandit|i was geeked when i was it\n","uploadtime":1698685555,"views":18,"p1id":"pumpkinhead06","p2id":"bullishbandit","formatid":"gen9doublesou","rating":1176,"private":0,"password":""}