{"id":"gen9doublesou-1971521548","p1":"Thehombre","p2":"WattMB","format":"[Gen 9] Doubles OU","log":"|j|\u2606Thehombre\n|j|\u203dWattMB\n|t:|1697745134\n|gametype|doubles\n|player|p1|Thehombre|102|1034\n|player|p2|WattMB|2|1011\n|teamsize|p1|6\n|teamsize|p2|6\n|gen|9\n|tier|[Gen 9] Doubles OU\n|rated|\n|rule|Species Clause: Limit one of each Pok\u00e9mon\n|rule|OHKO Clause: OHKO moves are banned\n|rule|Evasion Moves Clause: Evasion moves are banned\n|rule|Gravity Sleep Clause: The combination of sleep-inducing moves with imperfect accuracy and Gravity or Gigantamax Orbeetle are banned\n|rule|Endless Battle Clause: Forcing endless battles is banned\n|rule|HP Percentage Mod: HP is shown in percentages\n|clearpoke\n|poke|p1|Fezandipiti, M|\n|poke|p1|Overqwil, F|\n|poke|p1|Munkidori, M|\n|poke|p1|Landorus, M|\n|poke|p1|Corviknight, F|\n|poke|p1|Muk-Alola, F|\n|poke|p2|Iron Hands|\n|poke|p2|Dragonite, M|\n|poke|p2|Sinistcha|\n|poke|p2|Basculegion-F, F|\n|poke|p2|Abomasnow, F|\n|poke|p2|Flutter Mane|\n|teampreview\n|inactive|Battle timer is ON: inactive players will automatically lose when time's up. (requested by Thehombre)\n|\n|t:|1697745146\n|start\n|switch|p1a: Fezandipiti|Fezandipiti, M|100\/100\n|switch|p1b: Overqwil|Overqwil, F|100\/100\n|switch|p2a: Dragonite|Dragonite, M|100\/100\n|switch|p2b: Flutter Mane|Flutter Mane|100\/100\n|turn|1\n|\n|t:|1697745160\n|move|p2b: Flutter Mane|Dazzling Gleam|p1b: Overqwil|[spread] p1a,p1b\n|-resisted|p1a: Fezandipiti\n|-damage|p1a: Fezandipiti|87\/100\n|-damage|p1b: Overqwil|53\/100\n|move|p1a: Fezandipiti|Icy Wind|p2a: Dragonite|[spread] p2a,p2b\n|-supereffective|p2a: Dragonite\n|-damage|p2a: Dragonite|61\/100\n|-damage|p2b: Flutter Mane|90\/100\n|-unboost|p2a: Dragonite|spe|1\n|-unboost|p2b: Flutter Mane|spe|1\n|-status|p2a: Dragonite|tox|[from] ability: Toxic Chain|[of] p1a: Fezandipiti\n|move|p1b: Overqwil|Acupressure|p1a: Fezandipiti\n|-boost|p1a: Fezandipiti|def|2\n|move|p2a: Dragonite|Rock Slide|p1b: Overqwil|[spread] p1b\n|-miss|p2a: Dragonite|p1a: Fezandipiti\n|-damage|p1b: Overqwil|26\/100\n|\n|-heal|p1a: Fezandipiti|93\/100|[from] item: Leftovers\n|-damage|p2a: Dragonite|55\/100 tox|[from] psn\n|upkeep\n|turn|2\n|inactive|WattMB has 120 seconds left.\n|\n|t:|1697745193\n|-end|p2b: Flutter Mane|Protosynthesis|[silent]\n|switch|p2b: Sinistcha|Sinistcha|100\/100\n|-heal|p2a: Dragonite|79\/100 tox|[from] ability: Hospitality|[of] p2b: Sinistcha\n|move|p1a: Fezandipiti|Icy Wind|p2b: Sinistcha|[spread] p2a,p2b\n|-supereffective|p2a: Dragonite\n|-supereffective|p2b: Sinistcha\n|-damage|p2a: Dragonite|39\/100 tox\n|-damage|p2b: Sinistcha|74\/100\n|-unboost|p2a: Dragonite|spe|1\n|-unboost|p2b: Sinistcha|spe|1\n|-status|p2b: Sinistcha|tox|[from] ability: Toxic Chain|[of] p1a: Fezandipiti\n|move|p1b: Overqwil|Acupressure|p1a: Fezandipiti\n|-boost|p1a: Fezandipiti|evasion|2\n|move|p2a: Dragonite|Rock Slide|p1a: Fezandipiti|[spread] p1a,p1b\n|-damage|p1a: Fezandipiti|77\/100\n|-damage|p1b: Overqwil|0 fnt\n|faint|p1b: Overqwil\n|\n|-heal|p1a: Fezandipiti|83\/100|[from] item: Leftovers\n|-damage|p2b: Sinistcha|68\/100 tox|[from] psn\n|-damage|p2a: Dragonite|26\/100 tox|[from] psn\n|upkeep\n|inactive|Thehombre has 120 seconds left.\n|\n|t:|1697745214\n|switch|p1b: Muk|Muk-Alola, F|100\/100\n|turn|3\n|\n|t:|1697745225\n|switch|p2b: Iron Hands|Iron Hands|100\/100\n|switch|p2a: Flutter Mane|Flutter Mane|90\/100\n|move|p1a: Fezandipiti|Dazzling Gleam|p2a: Flutter Mane|[spread] p2a,p2b\n|-supereffective|p2b: Iron Hands\n|-damage|p2a: Flutter Mane|66\/100\n|-damage|p2b: Iron Hands|75\/100\n|move|p1b: Muk|Curse|p1b: Muk\n|-unboost|p1b: Muk|spe|1\n|-boost|p1b: Muk|atk|1\n|-boost|p1b: Muk|def|1\n|\n|-heal|p1a: Fezandipiti|89\/100|[from] item: Leftovers\n|upkeep\n|turn|4\n|\n|t:|1697745248\n|move|p2b: Iron Hands|Fake Out|p1a: Fezandipiti|[miss]\n|-miss|p2b: Iron Hands|p1a: Fezandipiti\n|move|p2a: Flutter Mane|Moonblast|p1a: Fezandipiti\n|-resisted|p1a: Fezandipiti\n|-damage|p1a: Fezandipiti|66\/100\n|-unboost|p1a: Fezandipiti|spa|1\n|move|p1a: Fezandipiti|Icy Wind|p2a: Flutter Mane|[spread] p2a,p2b\n|-damage|p2a: Flutter Mane|60\/100\n|-damage|p2b: Iron Hands|71\/100\n|-unboost|p2a: Flutter Mane|spe|1\n|-unboost|p2b: Iron Hands|spe|1\n|-status|p2b: Iron Hands|tox|[from] ability: Toxic Chain|[of] p1a: Fezandipiti\n|move|p1b: Muk|Poison Jab|p2b: Iron Hands\n|-damage|p2b: Iron Hands|31\/100 tox\n|\n|-heal|p1a: Fezandipiti|72\/100|[from] item: Leftovers\n|-damage|p2b: Iron Hands|25\/100 tox|[from] psn\n|upkeep\n|turn|5\n|\n|t:|1697745272\n|move|p1a: Fezandipiti|Dazzling Gleam|p2a: Flutter Mane|[spread] p2a,p2b\n|-supereffective|p2b: Iron Hands\n|-damage|p2a: Flutter Mane|44\/100\n|-damage|p2b: Iron Hands|10\/100 tox\n|move|p2a: Flutter Mane|Moonblast|p1b: Muk\n|-damage|p1b: Muk|61\/100\n|move|p1b: Muk|Poison Jab|p2a: Flutter Mane\n|-damage|p2a: Flutter Mane|0 fnt\n|faint|p2a: Flutter Mane\n|-end|p2a: Flutter Mane|Protosynthesis|[silent]\n|move|p2b: Iron Hands|Wild Charge|p1a: Fezandipiti\n|-damage|p1a: Fezandipiti|31\/100\n|-damage|p2b: Iron Hands|3\/100 tox|[from] Recoil\n|\n|-heal|p1a: Fezandipiti|37\/100|[from] item: Leftovers\n|-heal|p1b: Muk|67\/100|[from] item: Leftovers\n|-damage|p2b: Iron Hands|0 fnt|[from] psn\n|faint|p2b: Iron Hands\n|-end|p2b: Iron Hands|Quark Drive|[silent]\n|upkeep\n|inactive|WattMB has 120 seconds left.\n|\n|t:|1697745289\n|switch|p2a: Abomasnow|Abomasnow, F|100\/100\n|switch|p2b: Basculegion|Basculegion-F, F|100\/100\n|-ability|p2b: Basculegion|Mold Breaker\n|-weather|Snow|[from] ability: Snow Warning|[of] p2a: Abomasnow\n|turn|6\n|\n|t:|1697745301\n|move|p2b: Basculegion|Aqua Jet|p1a: Fezandipiti|[miss]\n|-miss|p2b: Basculegion|p1a: Fezandipiti\n|move|p1a: Fezandipiti|Heat Wave|p2a: Abomasnow|[spread] p2a,p2b\n|-supereffective|p2a: Abomasnow\n|-resisted|p2b: Basculegion\n|-damage|p2a: Abomasnow|65\/100\n|-damage|p2b: Basculegion|94\/100\n|-status|p2b: Basculegion|tox|[from] ability: Toxic Chain|[of] p1a: Fezandipiti\n|move|p2a: Abomasnow|Aurora Veil|p2a: Abomasnow\n|-sidestart|p2: WattMB|move: Aurora Veil\n|move|p1b: Muk|Crunch|p2b: Basculegion\n|-supereffective|p2b: Basculegion\n|-damage|p2b: Basculegion|0 fnt\n|faint|p2b: Basculegion\n|\n|-weather|Snow|[upkeep]\n|-heal|p1a: Fezandipiti|43\/100|[from] item: Leftovers\n|-heal|p1b: Muk|73\/100|[from] item: Leftovers\n|upkeep\n|\n|t:|1697745318\n|switch|p2b: Sinistcha|Sinistcha|68\/100 tox\n|-heal|p2a: Abomasnow|90\/100|[from] ability: Hospitality|[of] p2b: Sinistcha\n|turn|7\n|\n|t:|1697745328\n|move|p1a: Fezandipiti|Icy Wind|p2a: Abomasnow|[spread] p2b\n|-miss|p1a: Fezandipiti|p2a: Abomasnow\n|-supereffective|p2b: Sinistcha\n|-damage|p2b: Sinistcha|56\/100 tox\n|-unboost|p2b: Sinistcha|spe|1\n|move|p2b: Sinistcha|Matcha Gotcha|p1a: Fezandipiti|[spread] p1a,p1b\n|-resisted|p1a: Fezandipiti\n|-resisted|p1b: Muk\n|-damage|p1a: Fezandipiti|31\/100\n|-heal|p2b: Sinistcha|62\/100 tox|[from] drain|[of] p1a: Fezandipiti\n|-damage|p1b: Muk|64\/100\n|-heal|p2b: Sinistcha|70\/100 tox|[from] drain|[of] p1b: Muk\n|move|p2a: Abomasnow|Blizzard|p1b: Muk|[spread] p1a,p1b\n|-damage|p1a: Fezandipiti|5\/100\n|-damage|p1b: Muk|39\/100\n|move|p1b: Muk|Poison Jab|p2a: Abomasnow\n|-supereffective|p2a: Abomasnow\n|-damage|p2a: Abomasnow|40\/100\n|-status|p2a: Abomasnow|psn|[from] ability: Poison Touch|[of] p1b: Muk\n|\n|-weather|Snow|[upkeep]\n|-heal|p1a: Fezandipiti|11\/100|[from] item: Leftovers\n|-heal|p1b: Muk|45\/100|[from] item: Leftovers\n|-damage|p2b: Sinistcha|64\/100 tox|[from] psn\n|-damage|p2a: Abomasnow|27\/100 psn|[from] psn\n|upkeep\n|turn|8\n|inactive|Thehombre has 120 seconds left.\n|\n|t:|1697745358\n|move|p2a: Abomasnow|Protect|p2a: Abomasnow\n|-singleturn|p2a: Abomasnow|Protect\n|move|p1a: Fezandipiti|Icy Wind|p2a: Abomasnow|[spread] p2b\n|-activate|p2a: Abomasnow|move: Protect\n|-supereffective|p2b: Sinistcha\n|-damage|p2b: Sinistcha|52\/100 tox\n|-unboost|p2b: Sinistcha|spe|1\n|move|p2b: Sinistcha|Life Dew|p2b: Sinistcha|[spread] p2a,p2b\n|-heal|p2a: Abomasnow|52\/100 psn\n|-heal|p2b: Sinistcha|77\/100 tox\n|move|p1b: Muk|Poison Jab|p2b: Sinistcha\n|-damage|p2b: Sinistcha|32\/100 tox\n|\n|-weather|Snow|[upkeep]\n|-heal|p1a: Fezandipiti|17\/100|[from] item: Leftovers\n|-heal|p1b: Muk|51\/100|[from] item: Leftovers\n|-damage|p2a: Abomasnow|40\/100 psn|[from] psn\n|-damage|p2b: Sinistcha|20\/100 tox|[from] psn\n|upkeep\n|turn|9\n|\n|t:|1697745376\n|move|p1a: Fezandipiti|Icy Wind|p2b: Sinistcha|[spread] p2a,p2b\n|-supereffective|p2b: Sinistcha\n|-damage|p2a: Abomasnow|36\/100 psn\n|-damage|p2b: Sinistcha|9\/100 tox\n|-unboost|p2a: Abomasnow|spe|1\n|-unboost|p2b: Sinistcha|spe|1\n|move|p2a: Abomasnow|Blizzard|p1b: Muk|[spread] p1a,p1b\n|-damage|p1a: Fezandipiti|0 fnt\n|-damage|p1b: Muk|25\/100\n|faint|p1a: Fezandipiti\n|move|p2b: Sinistcha|Life Dew|p2b: Sinistcha|[spread] p2a,p2b\n|-heal|p2a: Abomasnow|61\/100 psn\n|-heal|p2b: Sinistcha|34\/100 tox\n|move|p1b: Muk|Poison Jab|p2a: Abomasnow\n|-supereffective|p2a: Abomasnow\n|-damage|p2a: Abomasnow|6\/100 psn\n|\n|-weather|Snow|[upkeep]\n|-heal|p1b: Muk|31\/100|[from] item: Leftovers\n|-damage|p2a: Abomasnow|0 fnt|[from] psn\n|faint|p2a: Abomasnow\n|-damage|p2b: Sinistcha|16\/100 tox|[from] psn\n|upkeep\n|\n|t:|1697745395\n|switch|p1a: Corviknight|Corviknight, F|100\/100\n|switch|p2a: Dragonite|Dragonite, M|26\/100 tox\n|turn|10\n|\n|t:|1697745402\n|move|p2a: Dragonite|Dragon Claw|p1a: Corviknight\n|-resisted|p1a: Corviknight\n|-damage|p1a: Corviknight|77\/100\n|move|p1a: Corviknight|Drill Peck|p2b: Sinistcha\n|-supereffective|p2b: Sinistcha\n|-damage|p2b: Sinistcha|0 fnt\n|faint|p2b: Sinistcha\n|move|p1b: Muk|Ice Punch|p2a: Dragonite\n|-supereffective|p2a: Dragonite\n|-damage|p2a: Dragonite|0 fnt\n|-damage|p1b: Muk|15\/100|[from] item: Rocky Helmet|[of] p2a: Dragonite\n|faint|p2a: Dragonite\n|\n|win|Thehombre\n|raw|Thehombre's rating: 1034 &rarr; <strong>1067<\/strong><br \/>(+33 for winning)\n|raw|WattMB's rating: 1011 &rarr; <strong>1000<\/strong><br \/>(-11 for losing)\n","uploadtime":1697745408,"views":8,"p1id":"thehombre","p2id":"wattmb","formatid":"gen9doublesou","rating":1000,"private":0,"password":""}