{"id":"gen9doublesou-1969374519","p1":"squallo","p2":"TheKingDrac","format":"[Gen 9] Doubles OU","log":"|j|\u203dsquallo\n|j|\u2606TheKingDrac\n|t:|1697521620\n|gametype|doubles\n|player|p1|squallo|bugcatcher-gen4dp|1269\n|player|p2|TheKingDrac|gambler|1291\n|teamsize|p1|6\n|teamsize|p2|6\n|gen|9\n|tier|[Gen 9] Doubles OU\n|rated|\n|rule|Species Clause: Limit one of each Pok\u00e9mon\n|rule|OHKO Clause: OHKO moves are banned\n|rule|Evasion Moves Clause: Evasion moves are banned\n|rule|Gravity Sleep Clause: The combination of sleep-inducing moves with imperfect accuracy and Gravity or Gigantamax Orbeetle are banned\n|rule|Endless Battle Clause: Forcing endless battles is banned\n|rule|HP Percentage Mod: HP is shown in percentages\n|clearpoke\n|poke|p1|Sableye, M|\n|poke|p1|Milotic, F|\n|poke|p1|Garchomp, M|\n|poke|p1|Moltres|\n|poke|p1|Ditto|\n|poke|p1|Sudowoodo, M|\n|poke|p2|Gholdengo|\n|poke|p2|Iron Hands|\n|poke|p2|Flutter Mane|\n|poke|p2|Amoonguss, M|\n|poke|p2|Ogerpon-Wellspring, F|\n|poke|p2|Heatran, M|\n|teampreview\n|\n|t:|1697521628\n|start\n|switch|p1a: Ditto|Ditto, shiny|100\/100\n|switch|p1b: Sudowoodo|Sudowoodo, M|100\/100\n|switch|p2a: Gholdengo|Gholdengo|100\/100\n|switch|p2b: Iron Hands|Iron Hands|100\/100\n|-transform|p1a: Ditto|p2b: Iron Hands|[from] ability: Imposter\n|turn|1\n|\n|t:|1697521655\n|switch|p1b: Sableye|Sableye, M, shiny|100\/100\n|move|p1a: Ditto|Fake Out|p2b: Iron Hands\n|-damage|p2b: Iron Hands|89\/100\n|cant|p2b: Iron Hands|flinch\n|move|p2a: Gholdengo|Nasty Plot|p2a: Gholdengo\n|-boost|p2a: Gholdengo|spa|2\n|\n|upkeep\n|turn|2\n|\n|t:|1697521681\n|-end|p1a: Ditto|Quark Drive|[silent]\n|switch|p1a: Milotic|Milotic, F, shiny|100\/100\n|move|p2a: Gholdengo|Protect|p2a: Gholdengo\n|-singleturn|p2a: Gholdengo|Protect\n|move|p1b: Sableye|Will-O-Wisp|p2b: Iron Hands\n|-status|p2b: Iron Hands|brn\n|move|p2b: Iron Hands|Volt Switch|p1a: Milotic\n|-supereffective|p1a: Milotic\n|-damage|p1a: Milotic|83\/100\n|\n|t:|1697521696\n|-end|p2b: Iron Hands|Quark Drive|[silent]\n|switch|p2b: Amoonguss|Amoonguss, M|100\/100|[from] Volt Switch\n|\n|-heal|p1a: Milotic|89\/100|[from] item: Leftovers\n|upkeep\n|turn|3\n|inactive|Battle timer is ON: inactive players will automatically lose when time's up. (requested by squallo)\n|\n|t:|1697521715\n|-terastallize|p2a: Gholdengo|Steel\n|move|p1b: Sableye|Taunt|p2b: Amoonguss\n|-start|p2b: Amoonguss|move: Taunt\n|move|p2a: Gholdengo|Make It Rain|p1b: Sableye|[spread] p1a,p1b\n|-resisted|p1a: Milotic\n|-damage|p1a: Milotic|41\/100\n|-damage|p1b: Sableye|0 fnt\n|-unboost|p2a: Gholdengo|spa|1\n|faint|p1b: Sableye\n|move|p1a: Milotic|Haze|p1a: Milotic\n|-clearallboost\n|cant|p2b: Amoonguss|move: Taunt|Spore\n|\n|-heal|p1a: Milotic|47\/100|[from] item: Leftovers\n|upkeep\n|\n|t:|1697521729\n|switch|p1b: Moltres|Moltres|100\/100\n|turn|4\n|\n|t:|1697521746\n|switch|p2b: Ogerpon|Ogerpon-Wellspring, F|100\/100\n|move|p2a: Gholdengo|Protect|p2a: Gholdengo\n|-singleturn|p2a: Gholdengo|Protect\n|move|p1b: Moltres|Sunny Day|p1b: Moltres\n|-weather|SunnyDay\n|move|p1a: Milotic|Icy Wind|p2a: Gholdengo|[spread] p2b\n|-activate|p2a: Gholdengo|move: Protect\n|-damage|p2b: Ogerpon|88\/100\n|-unboost|p2b: Ogerpon|spe|1\n|\n|-weather|SunnyDay|[upkeep]\n|-heal|p1a: Milotic|53\/100|[from] item: Leftovers\n|upkeep\n|turn|5\n|\n|t:|1697521773\n|move|p1b: Moltres|Tailwind|p1b: Moltres\n|-sidestart|p1: squallo|move: Tailwind\n|move|p1a: Milotic|Icy Wind|p2a: Gholdengo|[spread] p2a,p2b\n|-resisted|p2a: Gholdengo\n|-damage|p2a: Gholdengo|95\/100\n|-damage|p2b: Ogerpon|77\/100\n|-unboost|p2a: Gholdengo|spe|1\n|-unboost|p2b: Ogerpon|spe|1\n|move|p2a: Gholdengo|Shadow Ball|p1b: Moltres\n|-damage|p1b: Moltres|53\/100\n|move|p2b: Ogerpon|Ivy Cudgel|p1b: Moltres\n|-supereffective|p1b: Moltres\n|-damage|p1b: Moltres|0 fnt\n|faint|p1b: Moltres\n|\n|-weather|SunnyDay|[upkeep]\n|-heal|p1a: Milotic|59\/100|[from] item: Leftovers\n|-heal|p2a: Gholdengo|100\/100|[from] item: Leftovers\n|upkeep\n|\n|t:|1697521781\n|switch|p1b: Garchomp|Garchomp, M, shiny|100\/100\n|turn|6\n|\n|t:|1697521803\n|switch|p2a: Flutter Mane|Flutter Mane|100\/100\n|-activate|p2a: Flutter Mane|ability: Protosynthesis\n|-start|p2a: Flutter Mane|protosynthesisspe\n|switch|p2b: Iron Hands|Iron Hands|89\/100 brn\n|move|p1b: Garchomp|Swords Dance|p1b: Garchomp\n|-boost|p1b: Garchomp|atk|2\n|move|p1a: Milotic|Life Dew||[still]|[spread] p1a,p1b\n|-heal|p1a: Milotic|84\/100\n|-fail|p1b: Garchomp|heal\n|\n|-weather|SunnyDay|[upkeep]\n|-heal|p1a: Milotic|90\/100|[from] item: Leftovers\n|-damage|p2b: Iron Hands|83\/100 brn|[from] brn\n|upkeep\n|turn|7\n|inactive|squallo has 120 seconds left.\n|\n|t:|1697521836\n|switch|p1b: Ditto|Ditto, shiny|100\/100\n|-transform|p1b: Ditto|p2a: Flutter Mane|[from] ability: Imposter\n|move|p2a: Flutter Mane|Moonblast|p1b: Ditto\n|-damage|p1b: Ditto|58\/100\n|move|p1a: Milotic|Icy Wind|p2a: Flutter Mane|[spread] p2a,p2b\n|-damage|p2a: Flutter Mane|91\/100\n|-damage|p2b: Iron Hands|78\/100 brn\n|-unboost|p2a: Flutter Mane|spe|1\n|-unboost|p2b: Iron Hands|spe|1\n|move|p2b: Iron Hands|Wild Charge|p1a: Milotic\n|-supereffective|p1a: Milotic\n|-damage|p1a: Milotic|48\/100\n|-damage|p2b: Iron Hands|69\/100 brn|[from] Recoil\n|\n|-weather|SunnyDay|[upkeep]\n|-heal|p1a: Milotic|54\/100|[from] item: Leftovers\n|-damage|p2b: Iron Hands|63\/100 brn|[from] brn\n|upkeep\n|turn|8\n|inactive|squallo has 120 seconds left.\n|\n|t:|1697521861\n|move|p2a: Flutter Mane|Protect|p2a: Flutter Mane\n|-singleturn|p2a: Flutter Mane|Protect\n|move|p1b: Ditto|Shadow Ball|p2a: Flutter Mane\n|-activate|p2a: Flutter Mane|move: Protect\n|move|p1a: Milotic|Icy Wind|p2a: Flutter Mane|[spread] p2b\n|-activate|p2a: Flutter Mane|move: Protect\n|-damage|p2b: Iron Hands|57\/100 brn\n|-unboost|p2b: Iron Hands|spe|1\n|move|p2b: Iron Hands|Wild Charge|p1a: Milotic\n|-supereffective|p1a: Milotic\n|-damage|p1a: Milotic|13\/100\n|-damage|p2b: Iron Hands|49\/100 brn|[from] Recoil\n|\n|-weather|none\n|-end|p2a: Flutter Mane|Protosynthesis\n|-heal|p1a: Milotic|19\/100|[from] item: Leftovers\n|-damage|p2b: Iron Hands|42\/100 brn|[from] brn\n|-sideend|p1: squallo|move: Tailwind\n|upkeep\n|-enditem|p2a: Flutter Mane|Booster Energy\n|-activate|p2a: Flutter Mane|ability: Protosynthesis|[fromitem]\n|-start|p2a: Flutter Mane|protosynthesisspa\n|turn|9\n|inactive|TheKingDrac has 120 seconds left.\n|\n|t:|1697521901\n|-end|p2a: Flutter Mane|Protosynthesis|[silent]\n|switch|p2a: Amoonguss|Amoonguss, M|100\/100\n|-terastallize|p1a: Milotic|Dragon\n|move|p1b: Ditto|Shadow Ball|p2a: Amoonguss\n|-damage|p2a: Amoonguss|69\/100\n|move|p1a: Milotic|Life Dew|p1a: Milotic|[spread] p1a,p1b\n|-heal|p1a: Milotic|44\/100\n|-heal|p1b: Ditto|83\/100\n|move|p2b: Iron Hands|Drain Punch|p1a: Milotic\n|-damage|p1a: Milotic|27\/100\n|-heal|p2b: Iron Hands|49\/100 brn|[from] drain|[of] p1a: Milotic\n|\n|-heal|p1a: Milotic|33\/100|[from] item: Leftovers\n|-damage|p2b: Iron Hands|43\/100 brn|[from] brn\n|upkeep\n|turn|10\n|inactive|TheKingDrac has 120 seconds left.\n|\n|t:|1697521925\n|move|p1b: Ditto|Shadow Ball|p2a: Amoonguss\n|-damage|p2a: Amoonguss|36\/100\n|move|p1a: Milotic|Icy Wind|p2a: Amoonguss|[spread] p2a\n|-miss|p1a: Milotic|p2b: Iron Hands\n|-supereffective|p2a: Amoonguss\n|-damage|p2a: Amoonguss|22\/100\n|-unboost|p2a: Amoonguss|spe|1\n|-enditem|p2a: Amoonguss|Aguav Berry|[eat]\n|-heal|p2a: Amoonguss|55\/100|[from] item: Aguav Berry\n|move|p2b: Iron Hands|Wild Charge|p1a: Milotic\n|-resisted|p1a: Milotic\n|-damage|p1a: Milotic|24\/100\n|-damage|p2b: Iron Hands|41\/100 brn|[from] Recoil\n|move|p2a: Amoonguss|Pollen Puff|p2b: Iron Hands\n|-heal|p2b: Iron Hands|91\/100 brn\n|\n|-heal|p1a: Milotic|30\/100|[from] item: Leftovers\n|-damage|p2b: Iron Hands|85\/100 brn|[from] brn\n|upkeep\n|turn|11\n|inactive|TheKingDrac has 120 seconds left.\n|\n|t:|1697521954\n|move|p1b: Ditto|Shadow Ball|p2a: Amoonguss\n|-damage|p2a: Amoonguss|22\/100\n|-unboost|p2a: Amoonguss|spd|1\n|move|p1a: Milotic|Icy Wind|p2b: Iron Hands|[spread] p2a,p2b\n|-supereffective|p2a: Amoonguss\n|-damage|p2a: Amoonguss|0 fnt\n|-damage|p2b: Iron Hands|80\/100 brn\n|-unboost|p2b: Iron Hands|spe|1\n|faint|p2a: Amoonguss\n|move|p2b: Iron Hands|Volt Switch|p1b: Ditto\n|-damage|p1b: Ditto|71\/100\n|inactive|TheKingDrac has 120 seconds left.\n|\n|t:|1697521970\n|-end|p2b: Iron Hands|Quark Drive|[silent]\n|switch|p2b: Ogerpon|Ogerpon-Wellspring, F|77\/100|[from] Volt Switch\n|\n|-heal|p1a: Milotic|36\/100|[from] item: Leftovers\n|upkeep\n|\n|t:|1697521978\n|switch|p2a: Flutter Mane|Flutter Mane|91\/100\n|turn|12\n|\n|t:|1697521988\n|move|p2a: Flutter Mane|Protect|p2a: Flutter Mane\n|-singleturn|p2a: Flutter Mane|Protect\n|move|p1b: Ditto|Shadow Ball|p2a: Flutter Mane\n|-activate|p2a: Flutter Mane|move: Protect\n|move|p2b: Ogerpon|Horn Leech|p1a: Milotic\n|-resisted|p1a: Milotic\n|-damage|p1a: Milotic|20\/100\n|-heal|p2b: Ogerpon|88\/100|[from] drain|[of] p1a: Milotic\n|move|p1a: Milotic|Scald|p2b: Ogerpon\n|-heal|p2b: Ogerpon|100\/100|[from] ability: Water Absorb|[of] p1a: Milotic\n|\n|-heal|p1a: Milotic|26\/100|[from] item: Leftovers\n|upkeep\n|turn|13\n|\n|t:|1697522012\n|-end|p1b: Ditto|Protosynthesis|[silent]\n|switch|p1b: Sudowoodo|Sudowoodo, M|100\/100\n|move|p2b: Ogerpon|Follow Me|p2b: Ogerpon\n|-singleturn|p2b: Ogerpon|move: Follow Me\n|move|p2a: Flutter Mane|Shadow Ball|p1b: Sudowoodo\n|-damage|p1b: Sudowoodo|61\/100\n|move|p1a: Milotic|Scald|p2b: Ogerpon\n|-immune|p2b: Ogerpon|[from] ability: Water Absorb\n|\n|-heal|p1a: Milotic|32\/100|[from] item: Leftovers\n|upkeep\n|turn|14\n|\n|t:|1697522030\n|move|p2b: Ogerpon|Spiky Shield|p2b: Ogerpon\n|-singleturn|p2b: Ogerpon|move: Protect\n|move|p2a: Flutter Mane|Dazzling Gleam|p1b: Sudowoodo|[spread] p1a,p1b\n|-supereffective|p1a: Milotic\n|-damage|p1a: Milotic|0 fnt\n|-damage|p1b: Sudowoodo|31\/100\n|faint|p1a: Milotic\n|move|p1b: Sudowoodo|Head Smash|p2a: Flutter Mane\n|-damage|p2a: Flutter Mane|0 fnt\n|faint|p2a: Flutter Mane\n|-end|p2a: Flutter Mane|Protosynthesis|[silent]\n|\n|upkeep\n|\n|t:|1697522050\n|switch|p2a: Iron Hands|Iron Hands|80\/100 brn\n|switch|p1a: Ditto|Ditto, shiny|71\/100\n|-transform|p1a: Ditto|p2b: Ogerpon|[from] ability: Imposter\n|turn|15\n|inactive|TheKingDrac has 120 seconds left.\n|\n|t:|1697522088\n|switch|p1b: Garchomp|Garchomp, M, shiny|100\/100\n|move|p2b: Ogerpon|Spiky Shield||[still]\n|-fail|p2b: Ogerpon\n|move|p1a: Ditto|Horn Leech|p2b: Ogerpon\n|-damage|p2b: Ogerpon|51\/100\n|-heal|p1a: Ditto|96\/100|[from] drain|[of] p2b: Ogerpon\n|move|p2a: Iron Hands|Drain Punch|p1b: Garchomp\n|-damage|p1b: Garchomp|79\/100\n|-heal|p2a: Iron Hands|87\/100 brn|[from] drain|[of] p1b: Garchomp\n|-damage|p2a: Iron Hands|75\/100 brn|[from] ability: Rough Skin|[of] p1b: Garchomp\n|-damage|p2a: Iron Hands|59\/100 brn|[from] item: Rocky Helmet|[of] p1b: Garchomp\n|\n|-damage|p2a: Iron Hands|52\/100 brn|[from] brn\n|upkeep\n|turn|16\n|inactive|TheKingDrac has 120 seconds left.\n|\n|t:|1697522112\n|move|p1a: Ditto|Horn Leech|p2a: Iron Hands\n|-damage|p2a: Iron Hands|26\/100 brn\n|-heal|p1a: Ditto|100\/100|[from] drain|[of] p2a: Iron Hands\n|move|p2b: Ogerpon|Horn Leech|p1a: Ditto\n|-damage|p1a: Ditto|47\/100\n|-heal|p2b: Ogerpon|78\/100|[from] drain|[of] p1a: Ditto\n|move|p1b: Garchomp|Stealth Rock|p2a: Iron Hands\n|-sidestart|p2: TheKingDrac|move: Stealth Rock\n|move|p2a: Iron Hands|Wild Charge|p1a: Ditto\n|-damage|p1a: Ditto|13\/100\n|-damage|p2a: Iron Hands|21\/100 brn|[from] Recoil\n|\n|-damage|p2a: Iron Hands|15\/100 brn|[from] brn\n|upkeep\n|turn|17\n|\n|t:|1697522133\n|move|p2b: Ogerpon|Spiky Shield|p2b: Ogerpon\n|-singleturn|p2b: Ogerpon|move: Protect\n|move|p1a: Ditto|Horn Leech|p2b: Ogerpon\n|-activate|p2b: Ogerpon|move: Protect\n|-damage|p1a: Ditto|1\/100|[from] Spiky Shield|[of] p2b: Ogerpon\n|move|p1b: Garchomp|Rock Slide|p2a: Iron Hands|[spread] p2a\n|-activate|p2b: Ogerpon|move: Protect\n|-resisted|p2a: Iron Hands\n|-damage|p2a: Iron Hands|9\/100 brn\n|cant|p2a: Iron Hands|flinch\n|\n|-damage|p2a: Iron Hands|3\/100 brn|[from] brn\n|upkeep\n|turn|18\n|\n|t:|1697522159\n|move|p1a: Ditto|Horn Leech|p2b: Ogerpon\n|-damage|p2b: Ogerpon|33\/100\n|-heal|p1a: Ditto|23\/100|[from] drain|[of] p2b: Ogerpon\n|move|p2b: Ogerpon|Ivy Cudgel|p1b: Garchomp\n|-damage|p1b: Garchomp|19\/100\n|move|p1b: Garchomp|Rock Slide|p2b: Ogerpon|[spread] p2a,p2b\n|-resisted|p2a: Iron Hands\n|-damage|p2a: Iron Hands|0 fnt\n|-damage|p2b: Ogerpon|5\/100\n|faint|p2a: Iron Hands\n|-end|p2a: Iron Hands|Quark Drive|[silent]\n|\n|upkeep\n|inactive|TheKingDrac has 120 seconds left.\n|\n|t:|1697522171\n|switch|p2a: Gholdengo|Gholdengo, tera:Steel|100\/100\n|-damage|p2a: Gholdengo|94\/100|[from] Stealth Rock\n|turn|19\n|\n|t:|1697522181\n|switch|p1a: Sudowoodo|Sudowoodo, M|31\/100\n|move|p2b: Ogerpon|Spiky Shield|p2b: Ogerpon\n|-singleturn|p2b: Ogerpon|move: Protect\n|move|p1b: Garchomp|Earthquake|p2b: Ogerpon|[spread] p1a,p2a\n|-activate|p2b: Ogerpon|move: Protect\n|-supereffective|p1a: Sudowoodo\n|-supereffective|p2a: Gholdengo\n|-damage|p1a: Sudowoodo|0 fnt\n|-damage|p2a: Gholdengo|9\/100\n|faint|p1a: Sudowoodo\n|move|p2a: Gholdengo|Make It Rain|p1b: Garchomp\n|-damage|p1b: Garchomp|0 fnt\n|-unboost|p2a: Gholdengo|spa|1\n|faint|p1b: Garchomp\n|\n|-heal|p2a: Gholdengo|15\/100|[from] item: Leftovers\n|upkeep\n|\n|t:|1697522196\n|switch|p1b: Ditto|Ditto, shiny|23\/100\n|-transform|p1b: Ditto|p2a: Gholdengo|[from] ability: Imposter\n|turn|20\n|-message|squallo forfeited.\n|\n|win|TheKingDrac\n|raw|squallo's rating: 1269 &rarr; <strong>1246<\/strong><br \/>(-23 for losing)\n|raw|TheKingDrac's rating: 1291 &rarr; <strong>1314<\/strong><br \/>(+23 for winning)\n|l|\u203dsquallo\n","uploadtime":1697522207,"views":18,"p1id":"squallo","p2id":"thekingdrac","formatid":"gen9doublesou","rating":1246,"private":0,"password":""}