{"id":"gen9doublesou-1978478171","p1":"tyyyyy341","p2":"biedianla","format":"[Gen 9] Doubles OU","log":"|j|\u2606tyyyyy341\n|j|\u2606biedianla\n|t:|1698544140\n|gametype|doubles\n|player|p1|tyyyyy341|brawly|1174\n|player|p2|biedianla|102|1083\n|teamsize|p1|6\n|teamsize|p2|6\n|gen|9\n|tier|[Gen 9] Doubles OU\n|rated|\n|rule|Species Clause: Limit one of each Pok\u00e9mon\n|rule|OHKO Clause: OHKO moves are banned\n|rule|Evasion Moves Clause: Evasion moves are banned\n|rule|Gravity Sleep Clause: The combination of sleep-inducing moves with imperfect accuracy and Gravity or Gigantamax Orbeetle are banned\n|rule|Endless Battle Clause: Forcing endless battles is banned\n|rule|HP Percentage Mod: HP is shown in percentages\n|clearpoke\n|poke|p1|Armarouge, F|\n|poke|p1|Indeedee-F, F|\n|poke|p1|Torkoal, M|\n|poke|p1|Maushold-Four|\n|poke|p1|Sneasler, M|\n|poke|p1|Staraptor, M|\n|poke|p2|Gholdengo|\n|poke|p2|Rillaboom, M|\n|poke|p2|Chien-Pao|\n|poke|p2|Arcanine-Hisui, M|\n|poke|p2|Sinistcha-Masterpiece|\n|poke|p2|Ogerpon-Hearthflame, F|\n|teampreview\n|inactive|Battle timer is ON: inactive players will automatically lose when time's up. (requested by biedianla)\n|\n|t:|1698544166\n|start\n|switch|p1a: Indeedee|Indeedee-F, F|100\/100\n|switch|p1b: Staraptor|Staraptor, M|100\/100\n|switch|p2a: Arcanine|Arcanine-Hisui, M|100\/100\n|switch|p2b: Rillaboom|Rillaboom, M|100\/100\n|-ability|p1b: Staraptor|Intimidate|boost\n|-unboost|p2a: Arcanine|atk|1\n|-unboost|p2b: Rillaboom|atk|1\n|-ability|p2a: Arcanine|Intimidate|boost\n|-unboost|p1a: Indeedee|atk|1\n|-unboost|p1b: Staraptor|atk|1\n|-fieldstart|move: Grassy Terrain|[from] ability: Grassy Surge|[of] p2b: Rillaboom\n|-fieldstart|move: Psychic Terrain|[from] ability: Psychic Surge|[of] p1a: Indeedee\n|turn|1\n|\n|t:|1698544188\n|move|p1b: Staraptor|Final Gambit|p2a: Arcanine\n|-damage|p2a: Arcanine|6\/100\n|faint|p1b: Staraptor\n|move|p2a: Arcanine|Will-O-Wisp|p1a: Indeedee\n|-status|p1a: Indeedee|brn\n|move|p2b: Rillaboom|Knock Off|p1a: Indeedee\n|-supereffective|p1a: Indeedee\n|-damage|p1a: Indeedee|69\/100 brn\n|-enditem|p1a: Indeedee|Mental Herb|[from] move: Knock Off|[of] p2b: Rillaboom\n|move|p1a: Indeedee|Trick Room|p1a: Indeedee\n|-fieldstart|move: Trick Room|[of] p1a: Indeedee\n|\n|-damage|p1a: Indeedee|63\/100 brn|[from] brn\n|upkeep\n|inactive|tyyyyy341 has 120 seconds left.\n|\n|t:|1698544205\n|switch|p1b: Armarouge|Armarouge, F|100\/100\n|turn|2\n|\n|t:|1698544223\n|switch|p2b: Ogerpon|Ogerpon-Hearthflame, F|100\/100\n|-ability|p2b: Ogerpon|Mold Breaker\n|move|p1a: Indeedee|Follow Me|p1a: Indeedee\n|-singleturn|p1a: Indeedee|move: Follow Me\n|move|p1b: Armarouge|Expanding Force|p2b: Ogerpon|[spread] p2a,p2b\n|-damage|p2a: Arcanine|0 fnt\n|-damage|p2b: Ogerpon|20\/100\n|faint|p2a: Arcanine\n|\n|-damage|p1a: Indeedee|57\/100 brn|[from] brn\n|upkeep\n|\n|t:|1698544234\n|switch|p2a: Rillaboom|Rillaboom, M|100\/100\n|-fieldstart|move: Grassy Terrain|[from] ability: Grassy Surge|[of] p2a: Rillaboom\n|turn|3\n|\n|t:|1698544241\n|move|p2a: Rillaboom|Fake Out|p1b: Armarouge\n|-damage|p1b: Armarouge|90\/100\n|move|p1a: Indeedee|Follow Me|p1a: Indeedee\n|-singleturn|p1a: Indeedee|move: Follow Me\n|move|p2b: Ogerpon|Grassy Glide|p1a: Indeedee\n|-damage|p1a: Indeedee|19\/100 brn\n|cant|p1b: Armarouge|flinch\n|\n|-heal|p1b: Armarouge|96\/100|[from] Grassy Terrain\n|-heal|p1a: Indeedee|25\/100 brn|[from] Grassy Terrain\n|-heal|p2b: Ogerpon|26\/100|[from] Grassy Terrain\n|-damage|p1a: Indeedee|19\/100 brn|[from] brn\n|upkeep\n|turn|4\n|inactive|tyyyyy341 has 120 seconds left.\n|\n|t:|1698544274\n|-terastallize|p1b: Armarouge|Fire\n|move|p1a: Indeedee|Follow Me|p1a: Indeedee\n|-singleturn|p1a: Indeedee|move: Follow Me\n|move|p2b: Ogerpon|Grassy Glide|p1a: Indeedee\n|-damage|p1a: Indeedee|0 fnt\n|faint|p1a: Indeedee\n|move|p1b: Armarouge|Heat Wave|p2a: Rillaboom|[spread] p2b\n|-miss|p1b: Armarouge|p2a: Rillaboom\n|-crit|p2b: Ogerpon\n|-damage|p2b: Ogerpon|0 fnt\n|faint|p2b: Ogerpon\n|move|p2a: Rillaboom|High Horsepower|p1b: Armarouge\n|-supereffective|p1b: Armarouge\n|-damage|p1b: Armarouge|49\/100\n|-enditem|p1b: Armarouge|Weakness Policy\n|-boost|p1b: Armarouge|atk|2|[from] item: Weakness Policy\n|-boost|p1b: Armarouge|spa|2|[from] item: Weakness Policy\n|\n|-heal|p1b: Armarouge|55\/100|[from] Grassy Terrain\n|upkeep\n|\n|t:|1698544298\n|switch|p1a: Torkoal|Torkoal, M, shiny|100\/100\n|switch|p2b: Chien-Pao|Chien-Pao|100\/100\n|-weather|SunnyDay|[from] ability: Drought|[of] p1a: Torkoal\n|-ability|p2b: Chien-Pao|Sword of Ruin\n|turn|5\n|\n|t:|1698544310\n|move|p2b: Chien-Pao|Sucker Punch|p1b: Armarouge\n|-damage|p1b: Armarouge|2\/100\n|-damage|p2b: Chien-Pao|91\/100|[from] item: Life Orb\n|move|p1a: Torkoal|Eruption|p2b: Chien-Pao|[spread] p2a,p2b\n|-supereffective|p2a: Rillaboom\n|-supereffective|p2b: Chien-Pao\n|-damage|p2a: Rillaboom|0 fnt\n|-damage|p2b: Chien-Pao|0 fnt\n|faint|p2a: Rillaboom\n|faint|p2b: Chien-Pao\n|move|p1b: Armarouge|Heat Wave|p2: Rillaboom|[notarget]\n|-fail|p1b: Armarouge\n|\n|-weather|SunnyDay|[upkeep]\n|-heal|p1b: Armarouge|8\/100|[from] Grassy Terrain\n|-fieldend|move: Trick Room\n|upkeep\n|\n|t:|1698544326\n|switch|p2b: Gholdengo|Gholdengo|100\/100\n|switch|p2a: Sinistcha|Sinistcha-Masterpiece|100\/100\n|turn|6\n|\n|t:|1698544337\n|move|p2b: Gholdengo|Shadow Ball|p1b: Armarouge\n|-damage|p1b: Armarouge|0 fnt\n|faint|p1b: Armarouge\n|move|p2a: Sinistcha|Shadow Ball|p1a: Torkoal\n|-damage|p1a: Torkoal|56\/100\n|-unboost|p1a: Torkoal|spd|1\n|move|p1a: Torkoal|Eruption|p2a: Sinistcha|[spread] p2a,p2b\n|-supereffective|p2a: Sinistcha\n|-supereffective|p2b: Gholdengo\n|-damage|p2a: Sinistcha|0 fnt\n|-damage|p2b: Gholdengo|0 fnt\n|faint|p2a: Sinistcha\n|faint|p2b: Gholdengo\n|\n|win|tyyyyy341\n|raw|tyyyyy341's rating: 1174 &rarr; <strong>1193<\/strong><br \/>(+19 for winning)\n|raw|biedianla's rating: 1083 &rarr; <strong>1066<\/strong><br \/>(-17 for losing)\n","uploadtime":1698544360,"views":18,"p1id":"tyyyyy341","p2id":"biedianla","formatid":"gen9doublesou","rating":1066,"private":0,"password":""}