{"id":"gen9doublesou-1998055179","p1":"poppycockles","p2":"leanwarrior420","format":"[Gen 9] Doubles OU","log":"|j|\u2606poppycockles\n|j|\u2606leanwarrior420\n|t:|1700884495\n|gametype|doubles\n|player|p1|poppycockles|169|1074\n|player|p2|leanwarrior420|ninjaboy|1218\n|teamsize|p1|6\n|teamsize|p2|6\n|gen|9\n|tier|[Gen 9] Doubles OU\n|rated|\n|rule|Species Clause: Limit one of each Pok\u00e9mon\n|rule|OHKO Clause: OHKO moves are banned\n|rule|Evasion Moves Clause: Evasion moves are banned\n|rule|Gravity Sleep Clause: The combination of sleep-inducing moves with imperfect accuracy and Gravity or Gigantamax Orbeetle are banned\n|rule|Endless Battle Clause: Forcing endless battles is banned\n|rule|HP Percentage Mod: HP is shown in percentages\n|clearpoke\n|poke|p1|Abomasnow, M|\n|poke|p1|Cresselia, F|\n|poke|p1|Fezandipiti, M|\n|poke|p1|Milotic, M|\n|poke|p1|Jirachi|\n|poke|p1|Hoopa-Unbound|\n|poke|p2|Amoonguss, F|\n|poke|p2|Chien-Pao|\n|poke|p2|Ninetales-Alola, M|\n|poke|p2|Gholdengo|\n|poke|p2|Ogerpon-Wellspring, F|\n|poke|p2|Ursaluna-Bloodmoon, M|\n|teampreview\n|inactive|Battle timer is ON: inactive players will automatically lose when time's up. (requested by leanwarrior420)\n|\n|t:|1700884521\n|start\n|switch|p1a: Jirachi|Jirachi|100\/100\n|switch|p1b: Cresselia|Cresselia, F, shiny|100\/100\n|switch|p2a: Ninetales|Ninetales-Alola, M|100\/100\n|switch|p2b: Chien-Pao|Chien-Pao|100\/100\n|-ability|p2b: Chien-Pao|Sword of Ruin\n|-weather|Snow|[from] ability: Snow Warning|[of] p2a: Ninetales\n|turn|1\n|inactive|poppycockles has 120 seconds left.\n|\n|t:|1700884563\n|-terastallize|p1a: Jirachi|Electric\n|move|p1b: Cresselia|Protect|p1b: Cresselia\n|-singleturn|p1b: Cresselia|Protect\n|move|p2b: Chien-Pao|Swords Dance|p2b: Chien-Pao\n|-boost|p2b: Chien-Pao|atk|2\n|move|p2a: Ninetales|Aurora Veil|p2a: Ninetales\n|-sidestart|p2: leanwarrior420|move: Aurora Veil\n|move|p1a: Jirachi|Cosmic Power|p1a: Jirachi\n|-boost|p1a: Jirachi|def|1\n|-boost|p1a: Jirachi|spd|1\n|\n|-weather|Snow|[upkeep]\n|upkeep\n|turn|2\n|inactive|poppycockles has 120 seconds left.\n|\n|t:|1700884586\n|move|p2b: Chien-Pao|Icicle Crash|p1a: Jirachi\n|-damage|p1a: Jirachi|33\/100\n|move|p2a: Ninetales|Encore|p1b: Cresselia\n|-start|p1b: Cresselia|Encore\n|move|p1a: Jirachi|Charge Beam|p2b: Chien-Pao\n|-crit|p2b: Chien-Pao\n|-damage|p2b: Chien-Pao|42\/100\n|-boost|p1a: Jirachi|spa|1\n|move|p1b: Cresselia|Protect||[still]\n|-fail|p1b: Cresselia\n|\n|-weather|Snow|[upkeep]\n|-heal|p2b: Chien-Pao|48\/100|[from] item: Leftovers\n|-heal|p1a: Jirachi|39\/100|[from] item: Leftovers\n|upkeep\n|turn|3\n|inactive|poppycockles has 120 seconds left.\n|\n|t:|1700884612\n|switch|p1b: Fezandipiti|Fezandipiti, M|100\/100\n|move|p2b: Chien-Pao|Icicle Crash|p1a: Jirachi\n|-damage|p1a: Jirachi|0 fnt\n|faint|p1a: Jirachi\n|move|p2a: Ninetales|Weather Ball|p1b: Fezandipiti\n|-damage|p1b: Fezandipiti|61\/100\n|\n|-weather|Snow|[upkeep]\n|-heal|p2b: Chien-Pao|53\/100|[from] item: Leftovers\n|upkeep\n|\n|t:|1700884624\n|switch|p1a: Cresselia|Cresselia, F, shiny|100\/100\n|turn|4\n|\n|t:|1700884645\n|move|p2b: Chien-Pao|Icicle Crash|p1b: Fezandipiti|[miss]\n|-miss|p2b: Chien-Pao|p1b: Fezandipiti\n|move|p2a: Ninetales|Weather Ball|p1b: Fezandipiti\n|-damage|p1b: Fezandipiti|20\/100\n|move|p1b: Fezandipiti|Poison Gas|p2b: Chien-Pao|[spread] p2a,p2b\n|-status|p2a: Ninetales|psn\n|-status|p2b: Chien-Pao|psn\n|move|p1a: Cresselia|Lunar Blessing|p1a: Cresselia|[spread] p1a,p1b\n|-heal|p1b: Fezandipiti|45\/100\n|\n|-weather|Snow|[upkeep]\n|-heal|p2b: Chien-Pao|59\/100 psn|[from] item: Leftovers\n|-damage|p2b: Chien-Pao|47\/100 psn|[from] psn\n|-damage|p2a: Ninetales|88\/100 psn|[from] psn\n|upkeep\n|turn|5\n|inactive|poppycockles has 120 seconds left.\n|\n|t:|1700884692\n|move|p2b: Chien-Pao|Icicle Crash|p1b: Fezandipiti\n|-damage|p1b: Fezandipiti|0 fnt\n|faint|p1b: Fezandipiti\n|move|p2a: Ninetales|Weather Ball|p1a: Cresselia\n|-damage|p1a: Cresselia|74\/100\n|move|p1a: Cresselia|Psyshock|p2b: Chien-Pao\n|-immune|p2b: Chien-Pao\n|\n|-weather|none\n|-heal|p2b: Chien-Pao|53\/100 psn|[from] item: Leftovers\n|-heal|p1a: Cresselia|80\/100|[from] item: Leftovers\n|-damage|p2b: Chien-Pao|41\/100 psn|[from] psn\n|-damage|p2a: Ninetales|75\/100 psn|[from] psn\n|upkeep\n|inactive|poppycockles has 90 seconds left.\n|\n|t:|1700884720\n|switch|p1b: Milotic|Milotic, M, shiny|100\/100\n|turn|6\n|\n|t:|1700884737\n|move|p2b: Chien-Pao|Icicle Crash|p1b: Milotic\n|-resisted|p1b: Milotic\n|-damage|p1b: Milotic|52\/100\n|move|p2a: Ninetales|Encore|p1a: Cresselia\n|-start|p1a: Cresselia|Encore\n|move|p1a: Cresselia|Psyshock|p2a: Ninetales\n|-damage|p2a: Ninetales|47\/100 psn\n|move|p1b: Milotic|Aqua Ring|p1b: Milotic\n|-start|p1b: Milotic|Aqua Ring\n|\n|-heal|p2b: Chien-Pao|47\/100 psn|[from] item: Leftovers\n|-heal|p1a: Cresselia|86\/100|[from] item: Leftovers\n|-heal|p1b: Milotic|58\/100|[from] Aqua Ring\n|-damage|p2b: Chien-Pao|35\/100 psn|[from] psn\n|-damage|p2a: Ninetales|35\/100 psn|[from] psn\n|upkeep\n|turn|7\n|\n|t:|1700884767\n|move|p2b: Chien-Pao|Sucker Punch|p1a: Cresselia\n|-supereffective|p1a: Cresselia\n|-damage|p1a: Cresselia|0 fnt\n|faint|p1a: Cresselia\n|move|p2a: Ninetales|Encore|p1b: Milotic\n|-start|p1b: Milotic|Encore\n|move|p1b: Milotic|Aqua Ring||[still]\n|-fail|p1b: Milotic\n|\n|-heal|p2b: Chien-Pao|41\/100 psn|[from] item: Leftovers\n|-heal|p1b: Milotic|64\/100|[from] Aqua Ring\n|-damage|p2b: Chien-Pao|28\/100 psn|[from] psn\n|-damage|p2a: Ninetales|22\/100 psn|[from] psn\n|upkeep\n|inactive|poppycockles has 90 seconds left.\n|c|\u2606poppycockles|such a bitch ass setup lmfao\n|-message|poppycockles forfeited.\n|\n|win|leanwarrior420\n|raw|poppycockles's rating: 1074 &rarr; <strong>1061<\/strong><br \/>(-13 for losing)\n|raw|leanwarrior420's rating: 1218 &rarr; <strong>1233<\/strong><br \/>(+15 for winning)\n|l|\u2606poppycockles\n","uploadtime":1700884784,"views":9,"p1id":"poppycockles","p2id":"leanwarrior420","formatid":"gen9doublesou","rating":1061,"private":0,"password":""}