{"id":"gen9doublesou-1992792917","p1":"HatakeSanjo","p2":"Astrostardust","format":"[Gen 9] Doubles OU","log":"|j|\u2606HatakeSanjo\n|j|\u2606Astrostardust\n|t:|1700235904\n|gametype|doubles\n|player|p1|HatakeSanjo|hugh|1136\n|player|p2|Astrostardust|volkner|1057\n|teamsize|p1|6\n|teamsize|p2|6\n|gen|9\n|tier|[Gen 9] Doubles OU\n|rated|\n|rule|Species Clause: Limit one of each Pok\u00e9mon\n|rule|OHKO Clause: OHKO moves are banned\n|rule|Evasion Moves Clause: Evasion moves are banned\n|rule|Gravity Sleep Clause: The combination of sleep-inducing moves with imperfect accuracy and Gravity or Gigantamax Orbeetle are banned\n|rule|Endless Battle Clause: Forcing endless battles is banned\n|rule|HP Percentage Mod: HP is shown in percentages\n|clearpoke\n|poke|p1|Chi-Yu|\n|poke|p1|Dipplin, F|\n|poke|p1|Iron Bundle|\n|poke|p1|Iron Hands|\n|poke|p1|Landorus-Therian, M|\n|poke|p1|Farigiraf, M|\n|poke|p2|Kingambit, M|\n|poke|p2|Houndstone, M|\n|poke|p2|Iron Moth|\n|poke|p2|Milotic, F|\n|poke|p2|Amoonguss, M|\n|poke|p2|Charjabug, F|\n|teampreview\n|inactive|Battle timer is ON: inactive players will automatically lose when time's up. (requested by Astrostardust)\n|\n|t:|1700235916\n|start\n|switch|p1a: Demetors|Landorus-Therian, M|100\/100\n|switch|p1b: Chi-Yu|Chi-Yu|100\/100\n|switch|p2a: Iron Moth|Iron Moth, shiny|100\/100\n|switch|p2b: Charjabug|Charjabug, F, shiny|100\/100\n|-ability|p1a: Demetors|Intimidate|boost\n|-unboost|p2a: Iron Moth|atk|1\n|-unboost|p2b: Charjabug|atk|1\n|-ability|p1b: Chi-Yu|Beads of Ruin\n|-enditem|p2a: Iron Moth|Booster Energy\n|-activate|p2a: Iron Moth|ability: Quark Drive|[fromitem]\n|-start|p2a: Iron Moth|quarkdrivespa\n|turn|1\n|inactive|Astrostardust has 120 seconds left.\n|\n|t:|1700235969\n|-terastallize|p2b: Charjabug|Steel\n|move|p1a: Demetors|Stomping Tantrum|p2a: Iron Moth\n|-supereffective|p2a: Iron Moth\n|-damage|p2a: Iron Moth|0 fnt\n|faint|p2a: Iron Moth\n|-end|p2a: Iron Moth|Quark Drive|[silent]\n|move|p1b: Chi-Yu|Heat Wave|p2b: Charjabug\n|-supereffective|p2b: Charjabug\n|-crit|p2b: Charjabug\n|-damage|p2b: Charjabug|0 fnt\n|faint|p2b: Charjabug\n|\n|upkeep\n|inactive|Astrostardust has 90 seconds left.\n|\n|t:|1700235986\n|switch|p2a: Milotic|Milotic, F|100\/100\n|switch|p2b: Amoonguss|Amoonguss, M|100\/100\n|turn|2\n|c|\u2606HatakeSanjo|LLLLLLLLlLLL In\n|\n|t:|1700236000\n|move|p1a: Demetors|Stomping Tantrum|p2b: Amoonguss\n|-damage|p2b: Amoonguss|48\/100\n|move|p1b: Chi-Yu|Heat Wave|p2a: Milotic|[spread] p2a\n|-miss|p1b: Chi-Yu|p2b: Amoonguss\n|-resisted|p2a: Milotic\n|-damage|p2a: Milotic|82\/100\n|-status|p2a: Milotic|brn\n|move|p2a: Milotic|Ice Beam|p1a: Demetors\n|-supereffective|p1a: Demetors\n|-damage|p1a: Demetors|0 fnt\n|faint|p1a: Demetors\n|move|p2b: Amoonguss|Spore|p1b: Chi-Yu\n|-status|p1b: Chi-Yu|slp|[from] move: Spore\n|\n|-heal|p2a: Milotic|88\/100 brn|[from] item: Leftovers\n|-damage|p2a: Milotic|82\/100 brn|[from] brn\n|upkeep\n|\n|t:|1700236015\n|switch|p1a: Iron Hands|Iron Hands|100\/100\n|turn|3\n|inactive|Astrostardust has 120 seconds left.\n|\n|t:|1700236041\n|move|p1a: Iron Hands|Fake Out|p2a: Milotic\n|-damage|p2a: Milotic|68\/100 brn\n|cant|p1b: Chi-Yu|slp\n|cant|p2a: Milotic|flinch\n|move|p2b: Amoonguss|Spore|p1a: Iron Hands\n|-status|p1a: Iron Hands|slp|[from] move: Spore\n|\n|-heal|p2a: Milotic|74\/100 brn|[from] item: Leftovers\n|-damage|p2a: Milotic|68\/100 brn|[from] brn\n|upkeep\n|turn|4\n|inactive|Astrostardust has 120 seconds left.\n|\n|t:|1700236062\n|-curestatus|p1b: Chi-Yu|slp|[msg]\n|move|p1b: Chi-Yu|Heat Wave|p2b: Amoonguss|[spread] p2a\n|-miss|p1b: Chi-Yu|p2b: Amoonguss\n|-resisted|p2a: Milotic\n|-damage|p2a: Milotic|50\/100 brn\n|move|p2a: Milotic|Scald|p1b: Chi-Yu\n|-supereffective|p1b: Chi-Yu\n|-damage|p1b: Chi-Yu|18\/100\n|cant|p1a: Iron Hands|slp\n|move|p2b: Amoonguss|Giga Drain|p1a: Iron Hands\n|-damage|p1a: Iron Hands|73\/100 slp\n|-heal|p2b: Amoonguss|68\/100|[from] drain|[of] p1a: Iron Hands\n|\n|-heal|p2a: Milotic|56\/100 brn|[from] item: Leftovers\n|-damage|p2a: Milotic|50\/100 brn|[from] brn\n|upkeep\n|turn|5\n|inactive|Astrostardust has 120 seconds left.\n|\n|t:|1700236087\n|move|p1b: Chi-Yu|Overheat|p2b: Amoonguss|[miss]\n|-miss|p1b: Chi-Yu|p2b: Amoonguss\n|move|p2a: Milotic|Scald|p1b: Chi-Yu\n|-supereffective|p1b: Chi-Yu\n|-damage|p1b: Chi-Yu|0 fnt\n|faint|p1b: Chi-Yu\n|cant|p1a: Iron Hands|slp\n|move|p2b: Amoonguss|Pollen Puff|p2a: Milotic\n|-heal|p2a: Milotic|99\/100 brn\n|\n|-heal|p2a: Milotic|100\/100 brn|[from] item: Leftovers\n|-damage|p2a: Milotic|94\/100 brn|[from] brn\n|upkeep\n|inactive|HatakeSanjo has 120 seconds left.\n|\n|t:|1700236098\n|switch|p1b: Iron Bundle|Iron Bundle|100\/100\n|-enditem|p1b: Iron Bundle|Booster Energy\n|-activate|p1b: Iron Bundle|ability: Quark Drive|[fromitem]\n|-start|p1b: Iron Bundle|quarkdrivespa\n|turn|6\n|inactive|Astrostardust has 120 seconds left.\n|\n|t:|1700236134\n|move|p1b: Iron Bundle|Freeze-Dry|p2b: Amoonguss\n|-supereffective|p2b: Amoonguss\n|-damage|p2b: Amoonguss|0 fnt\n|faint|p2b: Amoonguss\n|move|p2a: Milotic|Scald|p1a: Iron Hands\n|-damage|p1a: Iron Hands|52\/100 slp\n|-curestatus|p1a: Iron Hands|slp|[msg]\n|move|p1a: Iron Hands|Wild Charge|p2a: Milotic\n|-supereffective|p2a: Milotic\n|-damage|p2a: Milotic|0 fnt\n|faint|p2a: Milotic\n|-damage|p1a: Iron Hands|36\/100|[from] Recoil\n|\n|upkeep\n|\n|t:|1700236150\n|switch|p2a: Houndstone|Houndstone, M|100\/100\n|switch|p2b: Kingambit|Kingambit, M, shiny|100\/100\n|-activate|p2b: Kingambit|ability: Supreme Overlord\n|-start|p2b: Kingambit|fallen4|[silent]\n|turn|7\n|inactive|Astrostardust has 120 seconds left.\n|\n|t:|1700236179\n|move|p2b: Kingambit|Sucker Punch|p1b: Iron Bundle\n|-damage|p1b: Iron Bundle|22\/100\n|move|p1b: Iron Bundle|Hydro Pump|p2b: Kingambit\n|-damage|p2b: Kingambit|36\/100\n|move|p2a: Houndstone|Play Rough|p1a: Iron Hands\n|-supereffective|p1a: Iron Hands\n|-damage|p1a: Iron Hands|0 fnt\n|faint|p1a: Iron Hands\n|-end|p1a: Iron Hands|Quark Drive|[silent]\n|\n|upkeep\n|inactive|HatakeSanjo has 120 seconds left.\n|\n|t:|1700236191\n|switch|p1a: Dipplin|Dipplin, F|100\/100\n|-ability|p1a: Dipplin|Supersweet Syrup\n|-ability|p1a: Dipplin|Supersweet Syrup|boost\n|-unboost|p2a: Houndstone|evasion|1\n|-unboost|p2b: Kingambit|evasion|1\n|turn|8\n|inactive|Astrostardust has 120 seconds left.\n|\n|t:|1700236214\n|move|p2b: Kingambit|Sucker Punch|p1b: Iron Bundle\n|-damage|p1b: Iron Bundle|0 fnt\n|faint|p1b: Iron Bundle\n|-end|p1b: Iron Bundle|Quark Drive|[silent]\n|move|p2a: Houndstone|Play Rough|p1a: Dipplin\n|-supereffective|p1a: Dipplin\n|-crit|p1a: Dipplin\n|-damage|p1a: Dipplin|44\/100\n|move|p1a: Dipplin|Pollen Puff|p1: Iron Bundle|[notarget]\n|-fail|p1a: Dipplin\n|\n|upkeep\n|\n|t:|1700236217\n|switch|p1b: Farigiraf|Farigiraf, M|100\/100\n|turn|9\n|\n|t:|1700236233\n|move|p1a: Dipplin|Protect|p1a: Dipplin\n|-singleturn|p1a: Dipplin|Protect\n|move|p2b: Kingambit|Sucker Punch||[still]\n|cant|p1b: Farigiraf|ability: Armor Tail|Sucker Punch|[of] p2b: Kingambit\n|move|p2a: Houndstone|Play Rough|p1a: Dipplin\n|-activate|p1a: Dipplin|move: Protect\n|move|p1b: Farigiraf|Trick Room|p1b: Farigiraf\n|-fieldstart|move: Trick Room|[of] p1b: Farigiraf\n|\n|upkeep\n|turn|10\n|inactive|Astrostardust has 120 seconds left.\n|\n|t:|1700236267\n|-terastallize|p1a: Dipplin|Fairy\n|move|p2b: Kingambit|Protect|p2b: Kingambit\n|-singleturn|p2b: Kingambit|Protect\n|move|p1b: Farigiraf|Dazzling Gleam|p2a: Houndstone|[spread] p2a\n|-activate|p2b: Kingambit|move: Protect\n|-damage|p2a: Houndstone|81\/100\n|move|p1a: Dipplin|Draco Meteor|p2b: Kingambit\n|-activate|p2b: Kingambit|move: Protect\n|move|p2a: Houndstone|Play Rough|p1a: Dipplin\n|-damage|p1a: Dipplin|27\/100\n|\n|upkeep\n|turn|11\n|inactive|Astrostardust has 120 seconds left.\n|inactive|Astrostardust has 90 seconds left.\n|\n|t:|1700236329\n|move|p2b: Kingambit|Iron Head|p1b: Farigiraf\n|-damage|p1b: Farigiraf|37\/100\n|-enditem|p1b: Farigiraf|Sitrus Berry|[eat]\n|-heal|p1b: Farigiraf|62\/100|[from] item: Sitrus Berry\n|cant|p1b: Farigiraf|flinch\n|move|p1a: Dipplin|Draco Meteor|p2b: Kingambit\n|-resisted|p2b: Kingambit\n|-damage|p2b: Kingambit|12\/100\n|-unboost|p1a: Dipplin|spa|2\n|move|p2a: Houndstone|Last Respects|p1a: Dipplin\n|-crit|p1a: Dipplin\n|-damage|p1a: Dipplin|0 fnt\n|faint|p1a: Dipplin\n|\n|upkeep\n|turn|12\n|inactive|Astrostardust has 90 seconds left.\n|\n|t:|1700236364\n|move|p2b: Kingambit|Kowtow Cleave|p1b: Farigiraf\n|-supereffective|p1b: Farigiraf\n|-damage|p1b: Farigiraf|0 fnt\n|faint|p1b: Farigiraf\n|\n|win|Astrostardust\n|raw|HatakeSanjo's rating: 1136 &rarr; <strong>1105<\/strong><br \/>(-31 for losing)\n|raw|Astrostardust's rating: 1057 &rarr; <strong>1095<\/strong><br \/>(+38 for winning)\n","uploadtime":1700236371,"views":6,"p1id":"hatakesanjo","p2id":"astrostardust","formatid":"gen9doublesou","rating":1095,"private":0,"password":""}