{"id":"gen9doublesou-1967875885","p1":"Sargenbob","p2":"Bambam823","format":"[Gen 9] Doubles OU","log":"|html|<div class=\"broadcast-blue\"><strong>[Gen 9] Doubles OU is currently suspecting Basculegion & Flutter Mane! For information on how to participate check out the <a href=\"https:\/\/www.smogon.com\/forums\/threads\/np-sv-dou-stage-8-double-trouble.3729153\/\">suspect thread<\/a>.<\/strong><\/div>\n|j|\u2606Sargenbob\n|j|\u2606Bambam823\n|t:|1697350734\n|gametype|doubles\n|player|p1|Sargenbob|red|1102\n|player|p2|Bambam823|hilbert|1133\n|teamsize|p1|6\n|teamsize|p2|6\n|gen|9\n|tier|[Gen 9] Doubles OU\n|rated|\n|rule|Species Clause: Limit one of each Pok\u00e9mon\n|rule|OHKO Clause: OHKO moves are banned\n|rule|Evasion Moves Clause: Evasion moves are banned\n|rule|Gravity Sleep Clause: The combination of sleep-inducing moves with imperfect accuracy and Gravity or Gigantamax Orbeetle are banned\n|rule|Endless Battle Clause: Forcing endless battles is banned\n|rule|HP Percentage Mod: HP is shown in percentages\n|clearpoke\n|poke|p1|Greninja-*, M|\n|poke|p1|Politoed, M|\n|poke|p1|Rillaboom, M|\n|poke|p1|Rotom-Wash|\n|poke|p1|Toxapex, M|\n|poke|p1|Gastrodon, M|\n|poke|p2|Dragonite, M|\n|poke|p2|Revavroom, M|\n|poke|p2|Umbreon, F|\n|poke|p2|Mamoswine, M|\n|poke|p2|Ribombee, F|\n|poke|p2|Torkoal, M|\n|teampreview\n|inactive|Battle timer is ON: inactive players will automatically lose when time's up. (requested by Sargenbob)\n|\n|t:|1697350742\n|start\n|switch|p1a: Donkey Kong|Rillaboom, M, shiny|100\/100\n|switch|p1b: Koga|Greninja, M, shiny|100\/100\n|switch|p2a: Lance|Dragonite, M, shiny|100\/100\n|switch|p2b: Torkoal|Torkoal, M|100\/100\n|-fieldstart|move: Grassy Terrain|[from] ability: Grassy Surge|[of] p1a: Donkey Kong\n|-weather|SunnyDay|[from] ability: Drought|[of] p2b: Torkoal\n|turn|1\n|\n|t:|1697350762\n|switch|p1a: Bubble Gumz|Politoed, M, shiny|100\/100\n|-weather|RainDance|[from] ability: Drizzle|[of] p1a: Bubble Gumz\n|-terastallize|p2a: Lance|Normal\n|move|p1b: Koga|Water Shuriken|p2b: Torkoal\n|-supereffective|p2b: Torkoal\n|-damage|p2b: Torkoal|74\/100\n|-supereffective|p2b: Torkoal\n|-damage|p2b: Torkoal|49\/100\n|-supereffective|p2b: Torkoal\n|-damage|p2b: Torkoal|23\/100\n|-supereffective|p2b: Torkoal\n|-damage|p2b: Torkoal|0 fnt\n|faint|p2b: Torkoal\n|-hitcount|p2: Torkoal|4\n|move|p2a: Lance|Dragon Dance|p2a: Lance\n|-boost|p2a: Lance|atk|1\n|-boost|p2a: Lance|spe|1\n|\n|-weather|RainDance|[upkeep]\n|upkeep\n|\n|t:|1697350777\n|switch|p2b: Mamoswine|Mamoswine, M, shiny|100\/100\n|turn|2\n|\n|t:|1697350786\n|move|p1b: Koga|Water Shuriken|p2b: Mamoswine\n|-supereffective|p2b: Mamoswine\n|-damage|p2b: Mamoswine|78\/100\n|-supereffective|p2b: Mamoswine\n|-damage|p2b: Mamoswine|55\/100\n|-supereffective|p2b: Mamoswine\n|-damage|p2b: Mamoswine|33\/100\n|-supereffective|p2b: Mamoswine\n|-damage|p2b: Mamoswine|11\/100\n|-hitcount|p2b: Mamoswine|4\n|move|p2a: Lance|Thunder Punch|p1b: Koga\n|-supereffective|p1b: Koga\n|-damage|p1b: Koga|0 fnt\n|faint|p1b: Koga\n|move|p2b: Mamoswine|Icicle Spear|p1a: Bubble Gumz\n|-resisted|p1a: Bubble Gumz\n|-damage|p1a: Bubble Gumz|92\/100\n|-resisted|p1a: Bubble Gumz\n|-damage|p1a: Bubble Gumz|83\/100\n|-resisted|p1a: Bubble Gumz\n|-damage|p1a: Bubble Gumz|75\/100\n|-resisted|p1a: Bubble Gumz\n|-damage|p1a: Bubble Gumz|67\/100\n|-hitcount|p1a: Bubble Gumz|4\n|move|p1a: Bubble Gumz|Focus Blast|p2a: Lance\n|-supereffective|p2a: Lance\n|-damage|p2a: Lance|62\/100\n|\n|-weather|RainDance|[upkeep]\n|-heal|p2a: Lance|68\/100|[from] Grassy Terrain\n|-heal|p2b: Mamoswine|17\/100|[from] Grassy Terrain\n|-heal|p1a: Bubble Gumz|73\/100|[from] Grassy Terrain\n|upkeep\n|inactive|Sargenbob has 120 seconds left.\n|\n|t:|1697350821\n|switch|p1b: Donkey Kong|Rillaboom, M, shiny|100\/100\n|turn|3\n|\n|t:|1697350831\n|move|p1b: Donkey Kong|Grassy Glide|p2b: Mamoswine\n|-supereffective|p2b: Mamoswine\n|-crit|p2b: Mamoswine\n|-damage|p2b: Mamoswine|0 fnt\n|faint|p2b: Mamoswine\n|move|p2a: Lance|Thunder Punch|p1a: Bubble Gumz\n|-supereffective|p1a: Bubble Gumz\n|-damage|p1a: Bubble Gumz|0 fnt\n|faint|p1a: Bubble Gumz\n|\n|-weather|RainDance|[upkeep]\n|-heal|p2a: Lance|74\/100|[from] Grassy Terrain\n|upkeep\n|\n|t:|1697350844\n|switch|p2b: Ribombee|Ribombee, F, shiny|100\/100\n|switch|p1a: Slugz|Gastrodon, M, shiny|100\/100\n|turn|4\n|\n|t:|1697350861\n|move|p2a: Lance|Extreme Speed|p1a: Slugz\n|-damage|p1a: Slugz|24\/100\n|move|p2b: Ribombee|Bug Buzz|p1b: Donkey Kong\n|-supereffective|p1b: Donkey Kong\n|-damage|p1b: Donkey Kong|15\/100\n|move|p1b: Donkey Kong|Drain Punch|p2a: Lance\n|-supereffective|p2a: Lance\n|-crit|p2a: Lance\n|-damage|p2a: Lance|0 fnt\n|-heal|p1b: Donkey Kong|45\/100|[from] drain|[of] p2a: Lance\n|faint|p2a: Lance\n|move|p1a: Slugz|Spikes|p2b: Ribombee\n|-sidestart|p2: Bambam823|Spikes\n|\n|-weather|RainDance|[upkeep]\n|-heal|p1b: Donkey Kong|51\/100|[from] Grassy Terrain\n|-heal|p1a: Slugz|30\/100|[from] Grassy Terrain\n|-heal|p1a: Slugz|36\/100|[from] item: Leftovers\n|upkeep\n|\n|t:|1697350874\n|switch|p2a: Revavroom|Revavroom, M|100\/100\n|-damage|p2a: Revavroom|88\/100|[from] Spikes\n|turn|5\n|\n|t:|1697350885\n|move|p2b: Ribombee|Bug Buzz|p1b: Donkey Kong\n|-supereffective|p1b: Donkey Kong\n|-damage|p1b: Donkey Kong|0 fnt\n|faint|p1b: Donkey Kong\n|move|p2a: Revavroom|Iron Head|p1a: Slugz\n|-resisted|p1a: Slugz\n|-damage|p1a: Slugz|16\/100\n|move|p1a: Slugz|Earth Power|p2a: Revavroom\n|-supereffective|p2a: Revavroom\n|-enditem|p2a: Revavroom|Shuca Berry|[eat]\n|-enditem|p2a: Revavroom|Shuca Berry|[weaken]\n|-damage|p2a: Revavroom|25\/100\n|\n|-weather|RainDance|[upkeep]\n|-heal|p2a: Revavroom|31\/100|[from] Grassy Terrain\n|-heal|p1a: Slugz|22\/100|[from] Grassy Terrain\n|-heal|p1a: Slugz|28\/100|[from] item: Leftovers\n|upkeep\n|\n|t:|1697350898\n|switch|p1b: Vico|Rotom-Wash, shiny|100\/100\n|turn|6\n|\n|t:|1697350914\n|move|p2b: Ribombee|Dazzling Gleam|p1b: Vico|[spread] p1a,p1b\n|-damage|p1a: Slugz|13\/100\n|-damage|p1b: Vico|76\/100\n|move|p2a: Revavroom|High Horsepower|p1b: Vico\n|-immune|p1b: Vico|[from] ability: Levitate\n|move|p1b: Vico|Hydro Pump|p1a: Slugz\n|-activate|p1a: Slugz|ability: Storm Drain\n|-ability|p1a: Slugz|Storm Drain|boost\n|-boost|p1a: Slugz|spa|1\n|move|p1a: Slugz|Recover|p1a: Slugz\n|-heal|p1a: Slugz|63\/100\n|\n|-weather|RainDance|[upkeep]\n|-heal|p2a: Revavroom|37\/100|[from] Grassy Terrain\n|-heal|p1b: Vico|82\/100|[from] item: Leftovers\n|-heal|p1a: Slugz|69\/100|[from] Grassy Terrain\n|-heal|p1a: Slugz|75\/100|[from] item: Leftovers\n|upkeep\n|turn|7\n|\n|t:|1697350936\n|move|p2b: Ribombee|Quiver Dance|p2b: Ribombee\n|-boost|p2b: Ribombee|spa|1\n|-boost|p2b: Ribombee|spd|1\n|-boost|p2b: Ribombee|spe|1\n|move|p2a: Revavroom|Poison Jab|p1b: Vico\n|-damage|p1b: Vico|49\/100\n|move|p1b: Vico|Volt Switch|p2b: Ribombee\n|-damage|p2b: Ribombee|70\/100\n|\n|t:|1697350945\n|switch|p1b: Tank|Toxapex, M, shiny|100\/100|[from] Volt Switch\n|move|p1a: Slugz|Earth Power|p2a: Revavroom\n|-supereffective|p2a: Revavroom\n|-damage|p2a: Revavroom|0 fnt\n|faint|p2a: Revavroom\n|\n|-weather|RainDance|[upkeep]\n|-heal|p2b: Ribombee|76\/100|[from] Grassy Terrain\n|-heal|p1a: Slugz|81\/100|[from] Grassy Terrain\n|-heal|p1a: Slugz|87\/100|[from] item: Leftovers\n|upkeep\n|\n|t:|1697350958\n|switch|p2a: Umbreon|Umbreon, F|100\/100\n|-damage|p2a: Umbreon|88\/100|[from] Spikes\n|turn|8\n|\n|t:|1697350981\n|move|p2a: Umbreon|Helping Hand|p2b: Ribombee\n|-singleturn|p2b: Ribombee|Helping Hand|[of] p2a: Umbreon\n|move|p2b: Ribombee|Dazzling Gleam|p1a: Slugz|[spread] p1a,p1b\n|-crit|p1a: Slugz\n|-resisted|p1b: Tank\n|-damage|p1a: Slugz|34\/100\n|-damage|p1b: Tank|80\/100\n|move|p1a: Slugz|Earth Power|p2a: Umbreon\n|-damage|p2a: Umbreon|57\/100\n|move|p1b: Tank|Toxic|p2b: Ribombee\n|-status|p2b: Ribombee|tox\n|\n|-weather|none\n|-heal|p2b: Ribombee|82\/100 tox|[from] Grassy Terrain\n|-heal|p2a: Umbreon|63\/100|[from] Grassy Terrain\n|-heal|p2a: Umbreon|69\/100|[from] item: Leftovers\n|-heal|p1a: Slugz|40\/100|[from] Grassy Terrain\n|-heal|p1a: Slugz|46\/100|[from] item: Leftovers\n|-heal|p1b: Tank|86\/100|[from] Grassy Terrain\n|-heal|p1b: Tank|92\/100|[from] item: Leftovers\n|-damage|p2b: Ribombee|76\/100 tox|[from] psn\n|-fieldend|move: Grassy Terrain\n|upkeep\n|turn|9\n|\n|t:|1697350998\n|move|p2a: Umbreon|Helping Hand|p2b: Ribombee\n|-singleturn|p2b: Ribombee|Helping Hand|[of] p2a: Umbreon\n|move|p2b: Ribombee|Dazzling Gleam|p1b: Tank|[spread] p1a,p1b\n|-resisted|p1b: Tank\n|-damage|p1a: Slugz|10\/100\n|-damage|p1b: Tank|71\/100\n|move|p1a: Slugz|Recover|p1a: Slugz\n|-heal|p1a: Slugz|60\/100\n|move|p1b: Tank|Haze|p1b: Tank\n|-clearallboost\n|\n|-heal|p2a: Umbreon|75\/100|[from] item: Leftovers\n|-heal|p1a: Slugz|66\/100|[from] item: Leftovers\n|-heal|p1b: Tank|77\/100|[from] item: Leftovers\n|-damage|p2b: Ribombee|63\/100 tox|[from] psn\n|upkeep\n|turn|10\n|\n|t:|1697351010\n|move|p2a: Umbreon|Helping Hand|p2b: Ribombee\n|-singleturn|p2b: Ribombee|Helping Hand|[of] p2a: Umbreon\n|move|p2b: Ribombee|Dazzling Gleam|p1b: Tank|[spread] p1a,p1b\n|-resisted|p1b: Tank\n|-damage|p1a: Slugz|41\/100\n|-damage|p1b: Tank|61\/100\n|move|p1a: Slugz|Recover|p1a: Slugz\n|-heal|p1a: Slugz|91\/100\n|move|p1b: Tank|Toxic|p2a: Umbreon\n|-status|p2a: Umbreon|tox\n|-activate|p2a: Umbreon|ability: Synchronize\n|-immune|p1b: Tank\n|\n|-heal|p2a: Umbreon|82\/100 tox|[from] item: Leftovers\n|-heal|p1a: Slugz|97\/100|[from] item: Leftovers\n|-heal|p1b: Tank|67\/100|[from] item: Leftovers\n|-damage|p2b: Ribombee|45\/100 tox|[from] psn\n|-damage|p2a: Umbreon|75\/100 tox|[from] psn\n|upkeep\n|turn|11\n|\n|t:|1697351030\n|move|p2a: Umbreon|Helping Hand|p2b: Ribombee\n|-singleturn|p2b: Ribombee|Helping Hand|[of] p2a: Umbreon\n|move|p2b: Ribombee|Bug Buzz|p1a: Slugz\n|-damage|p1a: Slugz|57\/100\n|move|p1a: Slugz|Recover|p1a: Slugz\n|-heal|p1a: Slugz|100\/100\n|move|p1b: Tank|Surf|p2a: Umbreon|[spread] p2a,p2b\n|-ability|p1a: Slugz|Storm Drain|boost\n|-boost|p1a: Slugz|spa|1\n|-damage|p2a: Umbreon|66\/100 tox\n|-damage|p2b: Ribombee|20\/100 tox\n|\n|-heal|p2a: Umbreon|72\/100 tox|[from] item: Leftovers\n|-heal|p1b: Tank|74\/100|[from] item: Leftovers\n|-damage|p2b: Ribombee|0 fnt|[from] psn\n|faint|p2b: Ribombee\n|-damage|p2a: Umbreon|60\/100 tox|[from] psn\n|upkeep\n|turn|12\n|\n|t:|1697351050\n|move|p2a: Umbreon|Reflect|p2a: Umbreon\n|-sidestart|p2: Bambam823|Reflect\n|move|p1a: Slugz|Recover||[still]\n|-fail|p1a: Slugz|heal\n|move|p1b: Tank|Surf|p2a: Umbreon|[spread] p2a\n|-ability|p1a: Slugz|Storm Drain|boost\n|-boost|p1a: Slugz|spa|1\n|-damage|p2a: Umbreon|50\/100 tox\n|\n|-heal|p2a: Umbreon|57\/100 tox|[from] item: Leftovers\n|-heal|p1b: Tank|80\/100|[from] item: Leftovers\n|-damage|p2a: Umbreon|38\/100 tox|[from] psn\n|upkeep\n|turn|13\n|\n|t:|1697351067\n|move|p2a: Umbreon|Reflect||[still]\n|-fail|p2a: Umbreon\n|move|p1a: Slugz|Sludge Bomb|p2a: Umbreon\n|-damage|p2a: Umbreon|12\/100 tox\n|move|p1b: Tank|Recover|p1b: Tank\n|-heal|p1b: Tank|100\/100\n|\n|-heal|p2a: Umbreon|18\/100 tox|[from] item: Leftovers\n|-damage|p2a: Umbreon|0 fnt|[from] psn\n|faint|p2a: Umbreon\n|\n|win|Sargenbob\n|upkeep\n|raw|Sargenbob's rating: 1102 &rarr; <strong>1129<\/strong><br \/>(+27 for winning)\n|raw|Bambam823's rating: 1133 &rarr; <strong>1106<\/strong><br \/>(-27 for losing)\n|c|\u2606Sargenbob|gg\n","uploadtime":1697351078,"views":23,"p1id":"sargenbob","p2id":"bambam823","formatid":"gen9doublesou","rating":1106,"private":0,"password":""}