{"id":"gen9doublesou-1979497442","p1":"irislee_09","p2":"Quietek","format":"[Gen 9] Doubles OU","log":"|j|\u2606irislee_09\n|j|\u2606Quietek\n|t:|1698687351\n|gametype|doubles\n|player|p1|irislee_09|clair|1117\n|player|p2|Quietek|101|1060\n|teamsize|p1|6\n|teamsize|p2|6\n|gen|9\n|tier|[Gen 9] Doubles OU\n|rated|\n|rule|Species Clause: Limit one of each Pok\u00e9mon\n|rule|OHKO Clause: OHKO moves are banned\n|rule|Evasion Moves Clause: Evasion moves are banned\n|rule|Gravity Sleep Clause: The combination of sleep-inducing moves with imperfect accuracy and Gravity or Gigantamax Orbeetle are banned\n|rule|Endless Battle Clause: Forcing endless battles is banned\n|rule|HP Percentage Mod: HP is shown in percentages\n|clearpoke\n|poke|p1|Abomasnow, F|\n|poke|p1|Chien-Pao|\n|poke|p1|Iron Bundle|\n|poke|p1|Cresselia, F|\n|poke|p1|Ninetales-Alola, M|\n|poke|p1|Maushold-Four|\n|poke|p2|Dondozo, F|\n|poke|p2|Sableye, M|\n|poke|p2|Sandy Shocks|\n|poke|p2|Sinistcha|\n|poke|p2|Regieleki|\n|poke|p2|Pelipper, M|\n|teampreview\n|inactive|Battle timer is ON: inactive players will automatically lose when time's up. (requested by irislee_09)\n|c|\u2606irislee_09|Regi and sable?\n|\n|t:|1698687371\n|start\n|switch|p1a: Abomasnow|Abomasnow, F|100\/100\n|switch|p1b: Iron Bundle|Iron Bundle|100\/100\n|switch|p2a: Dondozo|Dondozo, F|100\/100\n|switch|p2b: Sableye|Sableye, M|100\/100\n|-weather|Snow|[from] ability: Snow Warning|[of] p1a: Abomasnow\n|-enditem|p1b: Iron Bundle|Booster Energy\n|-activate|p1b: Iron Bundle|ability: Quark Drive|[fromitem]\n|-start|p1b: Iron Bundle|quarkdrivespe\n|turn|1\n|c|\u2606irislee_09|Damn got one\n|c|\u2606Quietek|Snow teams are my weakness but we\u2019ll see how this goes\n|\n|t:|1698687396\n|move|p2b: Sableye|Fake Out|p1a: Abomasnow\n|-damage|p1a: Abomasnow|95\/100\n|move|p1b: Iron Bundle|Blizzard|p2a: Dondozo|[spread] p2a,p2b\n|-resisted|p2a: Dondozo\n|-damage|p2a: Dondozo|85\/100\n|-damage|p2b: Sableye|30\/100\n|-status|p2a: Dondozo|frz\n|cant|p1a: Abomasnow|flinch\n|cant|p2a: Dondozo|frz\n|\n|-weather|Snow|[upkeep]\n|-heal|p1a: Abomasnow|100\/100|[from] item: Leftovers\n|-heal|p2a: Dondozo|92\/100 frz|[from] item: Leftovers\n|upkeep\n|turn|2\n|c|\u2606Quietek|Damn it\n|c|\u2606irislee_09|LMAOOO\n|c|\u2606irislee_09|Sorry man\n|c|\u2606irislee_09|Goodluck\n|\n|t:|1698687418\n|cant|p2a: Dondozo|frz\n|move|p2b: Sableye|Skill Swap|p2a: Dondozo\n|-activate|p2b: Sableye|move: Skill Swap|||[of] p2a: Dondozo\n|move|p1b: Iron Bundle|Blizzard|p2b: Sableye|[spread] p2a,p2b\n|-resisted|p2a: Dondozo\n|-damage|p2a: Dondozo|77\/100 frz\n|-damage|p2b: Sableye|0 fnt\n|faint|p2b: Sableye\n|move|p1a: Abomasnow|Aurora Veil|p1a: Abomasnow\n|-sidestart|p1: irislee_09|move: Aurora Veil\n|\n|-weather|Snow|[upkeep]\n|-heal|p2a: Dondozo|83\/100 frz|[from] item: Leftovers\n|upkeep\n|\n|t:|1698687426\n|switch|p2b: Pelipper|Pelipper, M|100\/100\n|-weather|RainDance|[from] ability: Drizzle|[of] p2b: Pelipper\n|turn|3\n|\n|t:|1698687445\n|switch|p1a: Ninetales|Ninetales-Alola, M|100\/100\n|-weather|Snow|[from] ability: Snow Warning|[of] p1a: Ninetales\n|move|p2b: Pelipper|Protect|p2b: Pelipper\n|-singleturn|p2b: Pelipper|Protect\n|cant|p2a: Dondozo|frz\n|move|p1b: Iron Bundle|U-turn|p2b: Pelipper\n|-activate|p2b: Pelipper|move: Protect\n|\n|-weather|Snow|[upkeep]\n|-heal|p2a: Dondozo|90\/100 frz|[from] item: Leftovers\n|upkeep\n|turn|4\n|\n|t:|1698687470\n|move|p2b: Pelipper|Protect||[still]\n|-fail|p2b: Pelipper\n|cant|p2a: Dondozo|frz\n|move|p1b: Iron Bundle|Blizzard|p2a: Dondozo|[spread] p2a,p2b\n|-resisted|p2a: Dondozo\n|-damage|p2a: Dondozo|75\/100 frz\n|-damage|p2b: Pelipper|44\/100\n|-status|p2b: Pelipper|frz\n|move|p1a: Ninetales|Dazzling Gleam|p2a: Dondozo|[spread] p2a,p2b\n|-damage|p2a: Dondozo|56\/100 frz\n|-damage|p2b: Pelipper|4\/100 frz\n|-damage|p1a: Ninetales|91\/100|[from] item: Life Orb\n|\n|-weather|Snow|[upkeep]\n|-heal|p2a: Dondozo|62\/100 frz|[from] item: Leftovers\n|upkeep\n|turn|5\n|c|\u2606irislee_09|LOL DAMN\n|c|\u2606irislee_09|You got it rough\n|\n|t:|1698687492\n|cant|p2b: Pelipper|frz\n|-curestatus|p2a: Dondozo|frz|[msg]\n|move|p2a: Dondozo|Soak|p1a: Ninetales\n|-start|p1a: Ninetales|typechange|Water\n|move|p1b: Iron Bundle|Blizzard|p2a: Dondozo|[spread] p2a,p2b\n|-resisted|p2a: Dondozo\n|-damage|p2a: Dondozo|49\/100\n|-damage|p2b: Pelipper|0 fnt\n|faint|p2b: Pelipper\n|move|p1a: Ninetales|Blizzard|p2a: Dondozo\n|-resisted|p2a: Dondozo\n|-damage|p2a: Dondozo|36\/100\n|-damage|p1a: Ninetales|81\/100|[from] item: Life Orb\n|\n|-weather|Snow|[upkeep]\n|-heal|p2a: Dondozo|42\/100|[from] item: Leftovers\n|upkeep\n|\n|t:|1698687503\n|switch|p2b: Sinistcha|Sinistcha|100\/100\n|-heal|p2a: Dondozo|67\/100|[from] ability: Hospitality|[of] p2b: Sinistcha\n|turn|6\n|\n|t:|1698687512\n|move|p2a: Dondozo|Soak|p2b: Sinistcha\n|-start|p2b: Sinistcha|typechange|Water\n|move|p1b: Iron Bundle|Blizzard|p2b: Sinistcha|[spread] p2a,p2b\n|-resisted|p2a: Dondozo\n|-resisted|p2b: Sinistcha\n|-crit|p2b: Sinistcha\n|-damage|p2a: Dondozo|53\/100\n|-damage|p2b: Sinistcha|61\/100\n|-status|p2b: Sinistcha|frz\n|move|p1a: Ninetales|Blizzard|p2a: Dondozo|[spread] p2a,p2b\n|-resisted|p2a: Dondozo\n|-resisted|p2b: Sinistcha\n|-damage|p2a: Dondozo|43\/100\n|-damage|p2b: Sinistcha|44\/100 frz\n|-damage|p1a: Ninetales|71\/100|[from] item: Life Orb\n|-curestatus|p2b: Sinistcha|frz|[from] move: Matcha Gotcha\n|move|p2b: Sinistcha|Matcha Gotcha|p1b: Iron Bundle|[spread] p1a,p1b\n|-supereffective|p1a: Ninetales\n|-supereffective|p1b: Iron Bundle\n|-damage|p1a: Ninetales|43\/100\n|-heal|p2b: Sinistcha|59\/100|[from] drain|[of] p1a: Ninetales\n|-damage|p1b: Iron Bundle|55\/100\n|-heal|p2b: Sinistcha|81\/100|[from] drain|[of] p1b: Iron Bundle\n|-status|p1b: Iron Bundle|brn\n|\n|-weather|Snow|[upkeep]\n|-heal|p2a: Dondozo|49\/100|[from] item: Leftovers\n|-damage|p1b: Iron Bundle|49\/100 brn|[from] brn\n|-sideend|p1: irislee_09|move: Aurora Veil\n|upkeep\n|turn|7\n|c|\u2606irislee_09|HAH\n|c|\u2606Quietek|-w- it\u2019s ok I knew this was gonna happen\n|inactive|irislee_09 has 120 seconds left.\n|\n|t:|1698687543\n|move|p2a: Dondozo|Soak|p1b: Iron Bundle\n|-start|p1b: Iron Bundle|typechange|Water\n|move|p1b: Iron Bundle|Blizzard|p2a: Dondozo|[spread] p2a,p2b\n|-resisted|p2a: Dondozo\n|-resisted|p2b: Sinistcha\n|-damage|p2a: Dondozo|40\/100\n|-damage|p2b: Sinistcha|65\/100\n|move|p1a: Ninetales|Aurora Veil|p1a: Ninetales\n|-sidestart|p1: irislee_09|move: Aurora Veil\n|move|p2b: Sinistcha|Matcha Gotcha|p1b: Iron Bundle|[spread] p1b\n|-miss|p2b: Sinistcha|p1a: Ninetales\n|-supereffective|p1b: Iron Bundle\n|-damage|p1b: Iron Bundle|1\/100 brn\n|-heal|p2b: Sinistcha|88\/100|[from] drain|[of] p1b: Iron Bundle\n|\n|-weather|none\n|-heal|p2a: Dondozo|46\/100|[from] item: Leftovers\n|-damage|p1b: Iron Bundle|0 fnt|[from] brn\n|faint|p1b: Iron Bundle\n|-end|p1b: Iron Bundle|Quark Drive|[silent]\n|upkeep\n|inactive|irislee_09 has 120 seconds left.\n|\n|t:|1698687564\n|switch|p1b: Chien-Pao|Chien-Pao|100\/100\n|-ability|p1b: Chien-Pao|Sword of Ruin\n|turn|8\n|inactive|irislee_09 has 120 seconds left.\n|\n|t:|1698687589\n|move|p2a: Dondozo|Protect|p2a: Dondozo\n|-singleturn|p2a: Dondozo|Protect\n|move|p1b: Chien-Pao|Swords Dance|p1b: Chien-Pao\n|-boost|p1b: Chien-Pao|atk|2\n|move|p1a: Ninetales|Dazzling Gleam|p2b: Sinistcha|[spread] p2b\n|-activate|p2a: Dondozo|move: Protect\n|-damage|p2b: Sinistcha|66\/100\n|-damage|p1a: Ninetales|34\/100|[from] item: Life Orb\n|move|p2b: Sinistcha|Matcha Gotcha|p1a: Ninetales|[spread] p1a,p1b\n|-supereffective|p1a: Ninetales\n|-damage|p1a: Ninetales|7\/100\n|-heal|p2b: Sinistcha|81\/100|[from] drain|[of] p1a: Ninetales\n|-damage|p1b: Chien-Pao|84\/100\n|-heal|p2b: Sinistcha|90\/100|[from] drain|[of] p1b: Chien-Pao\n|-status|p1b: Chien-Pao|brn\n|\n|-heal|p2a: Dondozo|52\/100|[from] item: Leftovers\n|-damage|p1b: Chien-Pao|78\/100 brn|[from] brn\n|upkeep\n|turn|9\n|inactive|irislee_09 has 120 seconds left.\n|c|\u2606irislee_09|Mf\n|inactive|Quietek has 120 seconds left.\n|\n|t:|1698687625\n|move|p1b: Chien-Pao|Sacred Sword|p2a: Dondozo\n|-damage|p2a: Dondozo|26\/100\n|-damage|p1b: Chien-Pao|68\/100 brn|[from] item: Life Orb\n|move|p1a: Ninetales|Dazzling Gleam|p2a: Dondozo|[spread] p2a,p2b\n|-damage|p2a: Dondozo|13\/100\n|-damage|p2b: Sinistcha|66\/100\n|-damage|p1a: Ninetales|0 fnt|[from] item: Life Orb\n|faint|p1a: Ninetales\n|move|p2b: Sinistcha|Matcha Gotcha|p1b: Chien-Pao\n|-damage|p1b: Chien-Pao|45\/100 brn\n|-heal|p2b: Sinistcha|80\/100|[from] drain|[of] p1b: Chien-Pao\n|move|p2a: Dondozo|Tera Blast|p1b: Chien-Pao\n|-damage|p1b: Chien-Pao|32\/100 brn\n|\n|-heal|p2a: Dondozo|19\/100|[from] item: Leftovers\n|-damage|p1b: Chien-Pao|26\/100 brn|[from] brn\n|upkeep\n|\n|t:|1698687636\n|switch|p1a: Abomasnow|Abomasnow, F|100\/100\n|-weather|Snow|[from] ability: Snow Warning|[of] p1a: Abomasnow\n|turn|10\n|\n|t:|1698687644\n|switch|p2b: Sandy Shocks|Sandy Shocks|100\/100\n|-enditem|p2b: Sandy Shocks|Booster Energy\n|-activate|p2b: Sandy Shocks|ability: Protosynthesis|[fromitem]\n|-start|p2b: Sandy Shocks|protosynthesisspe\n|move|p2a: Dondozo|Protect|p2a: Dondozo\n|-singleturn|p2a: Dondozo|Protect\n|move|p1b: Chien-Pao|Sacred Sword|p2a: Dondozo\n|-activate|p2a: Dondozo|move: Protect\n|move|p1a: Abomasnow|Giga Drain|p2b: Sandy Shocks\n|-supereffective|p2b: Sandy Shocks\n|-damage|p2b: Sandy Shocks|26\/100\n|\n|-weather|Snow|[upkeep]\n|-heal|p2a: Dondozo|25\/100|[from] item: Leftovers\n|-damage|p1b: Chien-Pao|20\/100 brn|[from] brn\n|upkeep\n|turn|11\n|\n|t:|1698687664\n|-end|p2b: Sandy Shocks|Protosynthesis|[silent]\n|switch|p2b: Sinistcha|Sinistcha|80\/100\n|-heal|p2a: Dondozo|50\/100|[from] ability: Hospitality|[of] p2b: Sinistcha\n|move|p2a: Dondozo|Soak|p2b: Sinistcha\n|-start|p2b: Sinistcha|typechange|Water\n|move|p1b: Chien-Pao|Sacred Sword|p2a: Dondozo\n|-damage|p2a: Dondozo|21\/100\n|-damage|p1b: Chien-Pao|10\/100 brn|[from] item: Life Orb\n|move|p1a: Abomasnow|Trailblaze|p2b: Sinistcha\n|-supereffective|p2b: Sinistcha\n|-damage|p2b: Sinistcha|42\/100\n|-boost|p1a: Abomasnow|spe|1\n|\n|-weather|Snow|[upkeep]\n|-heal|p2a: Dondozo|27\/100|[from] item: Leftovers\n|-damage|p1b: Chien-Pao|4\/100 brn|[from] brn\n|-sideend|p1: irislee_09|move: Aurora Veil\n|upkeep\n|turn|12\n|\n|t:|1698687691\n|move|p2a: Dondozo|Protect|p2a: Dondozo\n|-singleturn|p2a: Dondozo|Protect\n|move|p1b: Chien-Pao|Sacred Sword|p2b: Sinistcha\n|-damage|p2b: Sinistcha|0 fnt\n|faint|p2b: Sinistcha\n|-damage|p1b: Chien-Pao|0 fnt|[from] item: Life Orb\n|faint|p1b: Chien-Pao\n|move|p1a: Abomasnow|Giga Drain|p2a: Dondozo\n|-activate|p2a: Dondozo|move: Protect\n|\n|-weather|Snow|[upkeep]\n|-heal|p2a: Dondozo|33\/100|[from] item: Leftovers\n|upkeep\n|\n|t:|1698687708\n|switch|p1b: Maushold|Maushold-Four|100\/100\n|switch|p2b: Regieleki|Regieleki|100\/100\n|turn|13\n|\n|t:|1698687725\n|move|p2a: Dondozo|Soak|p1a: Abomasnow\n|-start|p1a: Abomasnow|typechange|Water\n|move|p2b: Regieleki|Thunder Cage|p1a: Abomasnow\n|-supereffective|p1a: Abomasnow\n|-crit|p1a: Abomasnow\n|-damage|p1a: Abomasnow|0 fnt\n|faint|p1a: Abomasnow\n|move|p1b: Maushold|Encore|p2a: Dondozo\n|-start|p2a: Dondozo|Encore\n|\n|-weather|Snow|[upkeep]\n|-heal|p2a: Dondozo|39\/100|[from] item: Leftovers\n|upkeep\n|c|\u2606irislee_09|NOOOO THE CRIT\n|l|\u2606Quietek\n|inactive|Quietek disconnected and has a minute to reconnect!\n|player|p2|\n|c|\u2606irislee_09|also I forgot you're prankster fuck\n|c|\u2606irislee_09|Fuck fuck\n|\n|t:|1698687748\n|switch|p1a: Cresselia|Cresselia, F|100\/100\n|turn|14\n|j|\u2606Quietek\n|inactive|Quietek reconnected and has 140 seconds left.\n|player|p2|Quietek|101\n|\n|t:|1698687775\n|move|p1a: Cresselia|Helping Hand|p1b: Maushold\n|-singleturn|p1b: Maushold|Helping Hand|[of] p1a: Cresselia\n|move|p2b: Regieleki|Protect|p2b: Regieleki\n|-singleturn|p2b: Regieleki|Protect\n|move|p2a: Dondozo|Soak|p1a: Cresselia\n|-start|p1a: Cresselia|typechange|Water\n|move|p1b: Maushold|Population Bomb|p2a: Dondozo\n|-damage|p2a: Dondozo|35\/100\n|-damage|p2a: Dondozo|29\/100\n|-damage|p2a: Dondozo|24\/100\n|-damage|p2a: Dondozo|19\/100\n|-damage|p2a: Dondozo|15\/100\n|-damage|p2a: Dondozo|9\/100\n|-damage|p2a: Dondozo|4\/100\n|-damage|p2a: Dondozo|0 fnt\n|faint|p2a: Dondozo\n|-hitcount|p2: Dondozo|8\n|\n|-weather|none\n|upkeep\n|inactive|Quietek has 120 seconds left.\n|c|\u2606Quietek|Guess I got lucky then despite my clear disadvantage\n|\n|t:|1698687797\n|switch|p2a: Sandy Shocks|Sandy Shocks|26\/100\n|turn|15\n|\n|t:|1698687814\n|move|p2a: Sandy Shocks|Protect|p2a: Sandy Shocks\n|-singleturn|p2a: Sandy Shocks|Protect\n|move|p2b: Regieleki|Thunder Cage|p1a: Cresselia|[miss]\n|-miss|p2b: Regieleki|p1a: Cresselia\n|move|p1b: Maushold|Tidy Up|p1b: Maushold\n|-boost|p1b: Maushold|atk|1\n|-boost|p1b: Maushold|spe|1\n|move|p1a: Cresselia|Psychic|p2a: Sandy Shocks\n|-activate|p2a: Sandy Shocks|move: Protect\n|\n|upkeep\n|turn|16\n|c|\u2606Quietek|But we\u2019ll see could go any way\n|\n|t:|1698687832\n|-terastallize|p1a: Cresselia|Psychic\n|move|p1b: Maushold|Population Bomb|p2b: Regieleki\n|-damage|p2b: Regieleki|83\/100\n|-damage|p2b: Regieleki|65\/100\n|-damage|p2b: Regieleki|48\/100\n|-damage|p2b: Regieleki|31\/100\n|-damage|p2b: Regieleki|15\/100\n|-damage|p2b: Regieleki|0 fnt\n|faint|p2b: Regieleki\n|-hitcount|p2: Regieleki|6\n|move|p2a: Sandy Shocks|Thunder|p1a: Cresselia\n|-damage|p1a: Cresselia|74\/100\n|move|p1a: Cresselia|Psychic|p2a: Sandy Shocks\n|-damage|p2a: Sandy Shocks|0 fnt\n|faint|p2a: Sandy Shocks\n|-end|p2a: Sandy Shocks|Protosynthesis|[silent]\n|\n|win|irislee_09\n|raw|irislee_09's rating: 1117 &rarr; <strong>1138<\/strong><br \/>(+21 for winning)\n|raw|Quietek's rating: 1060 &rarr; <strong>1044<\/strong><br \/>(-16 for losing)\n","uploadtime":1698687745,"views":15,"p1id":"irislee09","p2id":"quietek","formatid":"gen9doublesou","rating":1044,"private":0,"password":""}