{"id":"gen9doublesou-1986395932","p1":"Black_Kamui9","p2":"Snorly003","format":"[Gen 9] Doubles OU","log":"|j|\u2606Black_Kamui9\n|j|\u2606Snorly003\n|t:|1699475383\n|gametype|doubles\n|player|p1|Black_Kamui9|ingo|1318\n|player|p2|Snorly003|1|1376\n|teamsize|p1|6\n|teamsize|p2|6\n|gen|9\n|tier|[Gen 9] Doubles OU\n|rated|\n|rule|Species Clause: Limit one of each Pok\u00e9mon\n|rule|OHKO Clause: OHKO moves are banned\n|rule|Evasion Moves Clause: Evasion moves are banned\n|rule|Gravity Sleep Clause: The combination of sleep-inducing moves with imperfect accuracy and Gravity or Gigantamax Orbeetle are banned\n|rule|Endless Battle Clause: Forcing endless battles is banned\n|rule|HP Percentage Mod: HP is shown in percentages\n|clearpoke\n|poke|p1|Dragonite, M|\n|poke|p1|Baxcalibur, M|\n|poke|p1|Sneasler, M|\n|poke|p1|Arcanine-Hisui, M|\n|poke|p1|Grimmsnarl, M|\n|poke|p1|Gyarados, M|\n|poke|p2|Cresselia, F|\n|poke|p2|Ursaluna-Bloodmoon, M|\n|poke|p2|Iron Hands|\n|poke|p2|Ogerpon-Wellspring, F|\n|poke|p2|Arcanine-Hisui, M|\n|poke|p2|Flutter Mane|\n|teampreview\n|inactive|Battle timer is ON: inactive players will automatically lose when time's up. (requested by Black_Kamui9)\n|inactive|Snorly003 has 120 seconds left.\n|\n|t:|1699475491\n|start\n|switch|p1a: First Class|Sneasler, M|100\/100\n|switch|p1b: Pulp Fiction|Grimmsnarl, M|100\/100\n|switch|p2a: Guau guau|Arcanine-Hisui, M|100\/100\n|switch|p2b: Booh|Flutter Mane|100\/100\n|-ability|p1a: First Class|Pressure\n|-ability|p2a: Guau guau|Intimidate|boost\n|-unboost|p1a: First Class|atk|1\n|-unboost|p1b: Pulp Fiction|atk|1\n|-enditem|p2b: Booh|Booster Energy\n|-activate|p2b: Booh|ability: Protosynthesis|[fromitem]\n|-start|p2b: Booh|protosynthesisspa\n|turn|1\n|\n|t:|1699475512\n|move|p2b: Booh|Protect|p2b: Booh\n|-singleturn|p2b: Booh|Protect\n|move|p1a: First Class|Protect|p1a: First Class\n|-singleturn|p1a: First Class|Protect\n|move|p1b: Pulp Fiction|Parting Shot|p2b: Booh\n|-activate|p2b: Booh|move: Protect\n|move|p2a: Guau guau|Flare Blitz|p1a: First Class\n|-activate|p1a: First Class|move: Protect\n|\n|upkeep\n|turn|2\n|\n|t:|1699475532\n|-end|p2b: Booh|Protosynthesis|[silent]\n|switch|p2b: Manotas|Iron Hands|100\/100\n|move|p1b: Pulp Fiction|Parting Shot|p2b: Manotas\n|-unboost|p2b: Manotas|atk|1\n|-unboost|p2b: Manotas|spa|1\n|\n|t:|1699475540\n|switch|p1b: Sea Gangster|Gyarados, M, shiny|100\/100|[from] Parting Shot\n|-ability|p1b: Sea Gangster|Intimidate|boost\n|-unboost|p2a: Guau guau|atk|1\n|-unboost|p2b: Manotas|atk|1\n|move|p1a: First Class|U-turn|p2a: Guau guau\n|-resisted|p2a: Guau guau\n|-crit|p2a: Guau guau\n|-damage|p2a: Guau guau|78\/100\n|\n|t:|1699475549\n|switch|p1a: Mach 5|Dragonite, M|100\/100|[from] U-turn\n|move|p2a: Guau guau|Rock Slide|p1a: Mach 5|[spread] p1a,p1b\n|-supereffective|p1a: Mach 5\n|-supereffective|p1b: Sea Gangster\n|-damage|p1a: Mach 5|80\/100\n|-damage|p1b: Sea Gangster|55\/100\n|\n|upkeep\n|turn|3\n|\n|t:|1699475564\n|move|p1b: Sea Gangster|Helping Hand|p1a: Mach 5\n|-singleturn|p1a: Mach 5|Helping Hand|[of] p1b: Sea Gangster\n|move|p2b: Manotas|Fake Out|p1b: Sea Gangster\n|-damage|p1b: Sea Gangster|43\/100\n|move|p2a: Guau guau|Rock Slide|p1b: Sea Gangster|[spread] p1b\n|-miss|p2a: Guau guau|p1a: Mach 5\n|-supereffective|p1b: Sea Gangster\n|-damage|p1b: Sea Gangster|0 fnt\n|faint|p1b: Sea Gangster\n|move|p1a: Mach 5|Bulldoze|p2b: Manotas|[spread] p2a,p2b\n|-supereffective|p2a: Guau guau\n|-supereffective|p2b: Manotas\n|-crit|p2b: Manotas\n|-damage|p2a: Guau guau|0 fnt\n|-damage|p2b: Manotas|51\/100\n|-unboost|p2b: Manotas|spe|1\n|faint|p2a: Guau guau\n|\n|upkeep\n|\n|t:|1699475593\n|switch|p2a: Poosei|Cresselia, F|100\/100\n|switch|p1b: Pulp Fiction|Grimmsnarl, M|100\/100\n|turn|4\n|\n|t:|1699475607\n|move|p1b: Pulp Fiction|Taunt|p2a: Poosei\n|-start|p2a: Poosei|move: Taunt\n|-enditem|p2a: Poosei|Mental Herb\n|-end|p2a: Poosei|move: Taunt\n|move|p1a: Mach 5|Dragon Claw|p2b: Manotas\n|-damage|p2b: Manotas|20\/100\n|move|p2b: Manotas|Heavy Slam|p1b: Pulp Fiction\n|-supereffective|p1b: Pulp Fiction\n|-damage|p1b: Pulp Fiction|56\/100\n|move|p2a: Poosei|Trick Room|p2a: Poosei\n|-fieldstart|move: Trick Room|[of] p2a: Poosei\n|\n|upkeep\n|turn|5\n|\n|t:|1699475636\n|move|p1a: Mach 5|Extreme Speed|p2b: Manotas\n|-damage|p2b: Manotas|0 fnt\n|faint|p2b: Manotas\n|-end|p2b: Manotas|Quark Drive|[silent]\n|move|p1b: Pulp Fiction|Light Screen|p1b: Pulp Fiction\n|-sidestart|p1: Black_Kamui9|move: Light Screen\n|move|p2a: Poosei|Psychic|p1a: Mach 5\n|-damage|p1a: Mach 5|63\/100\n|\n|upkeep\n|inactive|Snorly003 has 120 seconds left.\n|\n|t:|1699475652\n|switch|p2b: Booh|Flutter Mane|100\/100\n|turn|6\n|\n|t:|1699475664\n|move|p2a: Poosei|Helping Hand|p2b: Booh\n|-singleturn|p2b: Booh|Helping Hand|[of] p2a: Poosei\n|move|p1b: Pulp Fiction|Parting Shot|p2b: Booh\n|-unboost|p2b: Booh|atk|1\n|-unboost|p2b: Booh|spa|1\n|\n|t:|1699475676\n|switch|p1b: First Class|Sneasler, M|100\/100|[from] Parting Shot\n|-ability|p1b: First Class|Pressure\n|move|p1a: Mach 5|Ice Spinner|p2b: Booh\n|-damage|p2b: Booh|54\/100\n|move|p2b: Booh|Dazzling Gleam|p1a: Mach 5|[spread] p1a,p1b\n|-supereffective|p1a: Mach 5\n|-damage|p1a: Mach 5|22\/100\n|-damage|p1b: First Class|73\/100\n|\n|upkeep\n|turn|7\n|inactive|Black_Kamui9 has 120 seconds left.\n|\n|t:|1699475712\n|move|p2a: Poosei|Psychic|p1b: First Class\n|-supereffective|p1b: First Class\n|-damage|p1b: First Class|0 fnt\n|faint|p1b: First Class\n|move|p1a: Mach 5|Ice Spinner|p2b: Booh\n|-damage|p2b: Booh|8\/100\n|move|p2b: Booh|Dazzling Gleam|p1a: Mach 5\n|-supereffective|p1a: Mach 5\n|-damage|p1a: Mach 5|0 fnt\n|faint|p1a: Mach 5\n|\n|upkeep\n|\n|t:|1699475717\n|switch|p1a: Frost Gojira|Baxcalibur, M|100\/100\n|switch|p1b: Pulp Fiction|Grimmsnarl, M|56\/100\n|turn|8\n|inactive|Black_Kamui9 has 120 seconds left.\n|\n|t:|1699475745\n|-terastallize|p1a: Frost Gojira|Water\n|move|p2b: Booh|Protect|p2b: Booh\n|-singleturn|p2b: Booh|Protect\n|move|p1b: Pulp Fiction|Parting Shot|p2a: Poosei\n|-unboost|p2a: Poosei|atk|1\n|-unboost|p2a: Poosei|spa|1\n|inactive|Black_Kamui9 has 120 seconds left.\n|\n|t:|1699475760\n|switch|p1b: Akatsuki|Arcanine-Hisui, M|100\/100|[from] Parting Shot\n|-ability|p1b: Akatsuki|Intimidate|boost\n|-unboost|p2a: Poosei|atk|1\n|-unboost|p2b: Booh|atk|1\n|move|p2a: Poosei|Lunar Blessing|p2a: Poosei|[spread] p2a,p2b\n|-heal|p2b: Booh|33\/100\n|move|p1a: Frost Gojira|Icicle Crash|p2a: Poosei\n|-damage|p2a: Poosei|74\/100\n|\n|-fieldend|move: Trick Room\n|upkeep\n|turn|9\n|inactive|Black_Kamui9 has 120 seconds left.\n|\n|t:|1699475783\n|move|p2b: Booh|Shadow Ball|p1b: Akatsuki\n|-damage|p1b: Akatsuki|81\/100\n|-unboost|p1b: Akatsuki|spd|1\n|move|p1b: Akatsuki|Flare Blitz|p2a: Poosei\n|-damage|p2a: Poosei|40\/100\n|-damage|p1b: Akatsuki|67\/100|[from] Recoil\n|move|p1a: Frost Gojira|Iron Head|p2b: Booh\n|-supereffective|p2b: Booh\n|-damage|p2b: Booh|0 fnt\n|faint|p2b: Booh\n|-end|p2b: Booh|Protosynthesis|[silent]\n|move|p2a: Poosei|Trick Room|p2a: Poosei\n|-fieldstart|move: Trick Room|[of] p2a: Poosei\n|\n|upkeep\n|inactive|Snorly003 has 120 seconds left.\n|\n|t:|1699475799\n|switch|p2b: Carignozzo|Ursaluna-Bloodmoon, M|100\/100\n|turn|10\n|\n|t:|1699475823\n|switch|p1b: Pulp Fiction|Grimmsnarl, M|56\/100\n|move|p2b: Carignozzo|Protect|p2b: Carignozzo\n|-singleturn|p2b: Carignozzo|Protect\n|move|p2a: Poosei|Psychic|p1b: Pulp Fiction\n|-immune|p1b: Pulp Fiction\n|move|p1a: Frost Gojira|Tera Blast|p2b: Carignozzo|[anim] Tera Blast Water\n|-activate|p2b: Carignozzo|move: Protect\n|\n|upkeep\n|turn|11\n|\n|t:|1699475845\n|switch|p2b: Tite|Ogerpon-Wellspring, F|100\/100\n|move|p1b: Pulp Fiction|Parting Shot|p2b: Tite\n|-unboost|p2b: Tite|atk|1\n|-unboost|p2b: Tite|spa|1\n|\n|t:|1699475848\n|switch|p1b: Akatsuki|Arcanine-Hisui, M|67\/100|[from] Parting Shot\n|-ability|p1b: Akatsuki|Intimidate|boost\n|-unboost|p2a: Poosei|atk|1\n|-unboost|p2b: Tite|atk|1\n|move|p2a: Poosei|Psychic|p1a: Frost Gojira\n|-damage|p1a: Frost Gojira|94\/100\n|move|p1a: Frost Gojira|Tera Blast|p2b: Tite|[anim] Tera Blast Water\n|-immune|p2b: Tite|[from] ability: Water Absorb\n|\n|upkeep\n|turn|12\n|\n|t:|1699475865\n|move|p2a: Poosei|Lunar Blessing|p2a: Poosei|[spread] p2a,p2b\n|-heal|p2a: Poosei|65\/100\n|move|p1a: Frost Gojira|Icicle Crash|p2b: Tite\n|-damage|p2b: Tite|51\/100\n|move|p1b: Akatsuki|Flare Blitz|p2a: Poosei\n|-damage|p2a: Poosei|31\/100\n|-damage|p1b: Akatsuki|54\/100|[from] Recoil\n|move|p2b: Tite|Ivy Cudgel|p1b: Akatsuki\n|-supereffective|p1b: Akatsuki\n|-damage|p1b: Akatsuki|0 fnt\n|faint|p1b: Akatsuki\n|\n|-sideend|p1: Black_Kamui9|move: Light Screen\n|upkeep\n|\n|t:|1699475882\n|switch|p1b: Pulp Fiction|Grimmsnarl, M|56\/100\n|turn|13\n|\n|t:|1699475891\n|move|p2b: Tite|Spiky Shield|p2b: Tite\n|-singleturn|p2b: Tite|move: Protect\n|move|p1b: Pulp Fiction|Reflect|p1b: Pulp Fiction\n|-sidestart|p1: Black_Kamui9|Reflect\n|move|p2a: Poosei|Lunar Blessing|p2a: Poosei|[spread] p2a,p2b\n|-heal|p2a: Poosei|56\/100\n|-heal|p2b: Tite|76\/100\n|move|p1a: Frost Gojira|Glaive Rush|p2b: Tite\n|-activate|p2b: Tite|move: Protect\n|-damage|p1a: Frost Gojira|82\/100|[from] Spiky Shield|[of] p2b: Tite\n|\n|-fieldend|move: Trick Room\n|upkeep\n|turn|14\n|\n|t:|1699475901\n|-terastallize|p2b: Tite|Water\n|detailschange|p2b: Tite|Ogerpon-Wellspring-Tera, F, tera:Water\n|-ability|p2b: Tite|Embody Aspect (Wellspring)|boost\n|-boost|p2b: Tite|spd|1\n|move|p1b: Pulp Fiction|Light Screen|p1b: Pulp Fiction\n|-sidestart|p1: Black_Kamui9|move: Light Screen\n|move|p2b: Tite|Horn Leech|p1a: Frost Gojira\n|-supereffective|p1a: Frost Gojira\n|-damage|p1a: Frost Gojira|58\/100\n|-heal|p2b: Tite|90\/100|[from] drain|[of] p1a: Frost Gojira\n|move|p1a: Frost Gojira|Glaive Rush|p2b: Tite\n|-crit|p2b: Tite\n|-damage|p2b: Tite|0 fnt\n|-singlemove|p1a: Frost Gojira|Glaive Rush|[silent]\n|faint|p2b: Tite\n|move|p2a: Poosei|Psychic|p1a: Frost Gojira\n|-damage|p1a: Frost Gojira|47\/100\n|\n|upkeep\n|\n|t:|1699475918\n|switch|p2b: Carignozzo|Ursaluna-Bloodmoon, M|100\/100\n|turn|15\n|\n|t:|1699475938\n|move|p1b: Pulp Fiction|Parting Shot|p2b: Carignozzo\n|-unboost|p2b: Carignozzo|atk|1\n|-unboost|p2b: Carignozzo|spa|1\n|move|p1a: Frost Gojira|Icicle Crash|p2b: Carignozzo\n|-supereffective|p2b: Carignozzo\n|-damage|p2b: Carignozzo|31\/100\n|move|p2b: Carignozzo|Hyper Voice|p1b: Pulp Fiction|[spread] p1a,p1b\n|-damage|p1a: Frost Gojira|38\/100\n|-damage|p1b: Pulp Fiction|41\/100\n|-enditem|p2b: Carignozzo|Throat Spray\n|-boost|p2b: Carignozzo|spa|1|[from] item: Throat Spray\n|move|p2a: Poosei|Trick Room|p2a: Poosei\n|-fieldstart|move: Trick Room|[of] p2a: Poosei\n|\n|upkeep\n|turn|16\n|\n|t:|1699475955\n|move|p1b: Pulp Fiction|Parting Shot|p2b: Carignozzo\n|-unboost|p2b: Carignozzo|atk|1\n|-unboost|p2b: Carignozzo|spa|1\n|move|p2b: Carignozzo|Blood Moon|p1a: Frost Gojira\n|-damage|p1a: Frost Gojira|20\/100\n|move|p2a: Poosei|Lunar Blessing|p2a: Poosei|[spread] p2a,p2b\n|-heal|p2a: Poosei|81\/100\n|-heal|p2b: Carignozzo|56\/100\n|move|p1a: Frost Gojira|Icicle Crash|p2b: Carignozzo\n|-supereffective|p2b: Carignozzo\n|-damage|p2b: Carignozzo|0 fnt\n|faint|p2b: Carignozzo\n|\n|upkeep\n|turn|17\n|-message|Snorly003 forfeited.\n|\n|win|Black_Kamui9\n|raw|Black_Kamui9's rating: 1318 &rarr; <strong>1341<\/strong><br \/>(+23 for winning)\n|raw|Snorly003's rating: 1376 &rarr; <strong>1353<\/strong><br \/>(-23 for losing)\n|l|\u2606Snorly003\n|c|\u2606Black_Kamui9|gg\n","uploadtime":1699475978,"views":15,"p1id":"blackkamui9","p2id":"snorly003","formatid":"gen9doublesou","rating":1341,"private":0,"password":""}