{"id":"gen9doublesou-1988669418","p1":"Kssc","p2":"InsrtNameHere","format":"[Gen 9] Doubles OU","log":"|j|\u2606Kssc\n|j|\u2606InsrtNameHere\n|t:|1699748510\n|gametype|doubles\n|player|p1|Kssc|2|1406\n|player|p2|InsrtNameHere|burglar|1282\n|teamsize|p1|6\n|teamsize|p2|6\n|gen|9\n|tier|[Gen 9] Doubles OU\n|rated|\n|rule|Species Clause: Limit one of each Pok\u00e9mon\n|rule|OHKO Clause: OHKO moves are banned\n|rule|Evasion Moves Clause: Evasion moves are banned\n|rule|Gravity Sleep Clause: The combination of sleep-inducing moves with imperfect accuracy and Gravity or Gigantamax Orbeetle are banned\n|rule|Endless Battle Clause: Forcing endless battles is banned\n|rule|HP Percentage Mod: HP is shown in percentages\n|clearpoke\n|poke|p1|Slaking, F|\n|poke|p1|Weezing-Galar, F|\n|poke|p1|Kommo-o, M|\n|poke|p1|Golduck, F|\n|poke|p1|Flamigo, F|\n|poke|p1|Sinistcha-Masterpiece|\n|poke|p2|Baxcalibur, F|\n|poke|p2|Torkoal, F|\n|poke|p2|Walking Wake|\n|poke|p2|Amoonguss, F|\n|poke|p2|Rillaboom, M|\n|poke|p2|Heatran, F|\n|teampreview\n|c|\u2606InsrtNameHere|Oh damn hahaha that's a scary af team\n|inactive|Battle timer is ON: inactive players will automatically lose when time's up. (requested by Kssc)\n|\n|t:|1699748534\n|start\n|switch|p1a: Kommo-o|Kommo-o, M|100\/100\n|switch|p1b: Weezing|Weezing-Galar, F|100\/100\n|switch|p2a: Amoonguss|Amoonguss, F|100\/100\n|switch|p2b: Rillaboom|Rillaboom, M|100\/100\n|-ability|p1b: Weezing|Neutralizing Gas\n|turn|1\n|\n|t:|1699748556\n|-end|p1b: Weezing|ability: Neutralizing Gas\n|-fieldstart|move: Grassy Terrain|[from] ability: Grassy Surge|[of] p2b: Rillaboom\n|switch|p1b: Golduck|Golduck, F|100\/100\n|move|p2b: Rillaboom|Fake Out|p1a: Kommo-o\n|-damage|p1a: Kommo-o|85\/100\n|cant|p1a: Kommo-o|flinch\n|move|p2a: Amoonguss|Spore|p1a: Kommo-o\n|-immune|p1a: Kommo-o|[from] ability: Overcoat\n|\n|-heal|p1a: Kommo-o|91\/100|[from] Grassy Terrain\n|upkeep\n|turn|2\n|\n|t:|1699748577\n|move|p2b: Rillaboom|Grassy Glide|p1b: Golduck\n|-supereffective|p1b: Golduck\n|-damage|p1b: Golduck|0 fnt\n|-damage|p2b: Rillaboom|84\/100|[from] item: Rocky Helmet|[of] p1b: Golduck\n|faint|p1b: Golduck\n|move|p1a: Kommo-o|Clangorous Soul|p1a: Kommo-o\n|-boost|p1a: Kommo-o|atk|1\n|-boost|p1a: Kommo-o|def|1\n|-boost|p1a: Kommo-o|spa|1\n|-boost|p1a: Kommo-o|spd|1\n|-boost|p1a: Kommo-o|spe|1\n|-damage|p1a: Kommo-o|58\/100\n|-enditem|p1a: Kommo-o|Throat Spray\n|-boost|p1a: Kommo-o|spa|1|[from] item: Throat Spray\n|move|p2a: Amoonguss|Clear Smog|p1a: Kommo-o\n|-damage|p1a: Kommo-o|47\/100\n|-clearboost|p1a: Kommo-o\n|\n|-heal|p1a: Kommo-o|53\/100|[from] Grassy Terrain\n|-heal|p2b: Rillaboom|90\/100|[from] Grassy Terrain\n|upkeep\n|\n|t:|1699748592\n|switch|p1b: Sinistcha|Sinistcha-Masterpiece|100\/100\n|-heal|p1a: Kommo-o|77\/100|[from] ability: Hospitality|[of] p1b: Sinistcha\n|turn|3\n|\n|t:|1699748615\n|move|p2a: Amoonguss|Protect|p2a: Amoonguss\n|-singleturn|p2a: Amoonguss|Protect\n|move|p1a: Kommo-o|Boomburst|p2a: Amoonguss|[spread] p2b\n|-activate|p2a: Amoonguss|move: Protect\n|-immune|p1b: Sinistcha\n|-damage|p2b: Rillaboom|69\/100\n|move|p2b: Rillaboom|Knock Off|p1b: Sinistcha\n|-supereffective|p1b: Sinistcha\n|-damage|p1b: Sinistcha|47\/100\n|-enditem|p1b: Sinistcha|Leftovers|[from] move: Knock Off|[of] p2b: Rillaboom\n|move|p1b: Sinistcha|Life Dew|p1b: Sinistcha|[spread] p1a,p1b\n|-heal|p1a: Kommo-o|100\/100\n|-heal|p1b: Sinistcha|72\/100\n|\n|-heal|p2b: Rillaboom|75\/100|[from] Grassy Terrain\n|-heal|p1b: Sinistcha|79\/100|[from] Grassy Terrain\n|upkeep\n|turn|4\n|\n|t:|1699748643\n|move|p1a: Kommo-o|Clangorous Soul|p1a: Kommo-o\n|-boost|p1a: Kommo-o|atk|1\n|-boost|p1a: Kommo-o|def|1\n|-boost|p1a: Kommo-o|spa|1\n|-boost|p1a: Kommo-o|spd|1\n|-boost|p1a: Kommo-o|spe|1\n|-damage|p1a: Kommo-o|68\/100\n|move|p2b: Rillaboom|U-turn|p1b: Sinistcha\n|-damage|p1b: Sinistcha|60\/100\n|inactive|InsrtNameHere has 120 seconds left.\n|\n|t:|1699748660\n|switch|p2b: Baxcalibur|Baxcalibur, F|100\/100|[from] U-turn\n|move|p1b: Sinistcha|Strength Sap|p2b: Baxcalibur\n|-unboost|p2b: Baxcalibur|atk|1\n|-heal|p1b: Sinistcha|100\/100\n|move|p2a: Amoonguss|Clear Smog|p1a: Kommo-o\n|-damage|p1a: Kommo-o|55\/100\n|-clearboost|p1a: Kommo-o\n|\n|-heal|p1a: Kommo-o|61\/100|[from] Grassy Terrain\n|upkeep\n|turn|5\n|inactive|InsrtNameHere has 120 seconds left.\n|\n|t:|1699748681\n|move|p1a: Kommo-o|Protect|p1a: Kommo-o\n|-singleturn|p1a: Kommo-o|Protect\n|move|p2a: Amoonguss|Rage Powder|p2a: Amoonguss\n|-singleturn|p2a: Amoonguss|move: Rage Powder\n|move|p2b: Baxcalibur|Icicle Spear|p1a: Kommo-o\n|-activate|p1a: Kommo-o|move: Protect\n|move|p1b: Sinistcha|Life Dew||[still]|[spread] p1a,p1b\n|-heal|p1a: Kommo-o|86\/100\n|-fail|p1b: Sinistcha|heal\n|\n|-heal|p1a: Kommo-o|93\/100|[from] Grassy Terrain\n|-fieldend|move: Grassy Terrain\n|upkeep\n|turn|6\n|\n|t:|1699748701\n|switch|p1a: Weezing|Weezing-Galar, F|100\/100\n|-ability|p1a: Weezing|Neutralizing Gas\n|switch|p1b: Slaking|Slaking, F|100\/100\n|move|p2b: Baxcalibur|Icicle Spear|p1b: Slaking\n|-damage|p1b: Slaking|93\/100\n|-damage|p1b: Slaking|85\/100\n|-damage|p1b: Slaking|77\/100\n|-damage|p1b: Slaking|69\/100\n|-hitcount|p1b: Slaking|4\n|move|p2a: Amoonguss|Clear Smog|p1a: Weezing\n|-damage|p1a: Weezing|86\/100\n|-clearboost|p1a: Weezing\n|\n|-heal|p1a: Weezing|92\/100|[from] item: Leftovers\n|upkeep\n|turn|7\n|inactive|InsrtNameHere has 120 seconds left.\n|\n|t:|1699748732\n|switch|p2b: Torkoal|Torkoal, F|100\/100\n|move|p1b: Slaking|Outrage|p2b: Torkoal\n|-damage|p2b: Torkoal|56\/100\n|move|p1a: Weezing|Dazzling Gleam|p2a: Amoonguss|[spread] p2a,p2b\n|-resisted|p2a: Amoonguss\n|-resisted|p2b: Torkoal\n|-damage|p2a: Amoonguss|95\/100\n|-damage|p2b: Torkoal|44\/100\n|move|p2a: Amoonguss|Spore|p1b: Slaking\n|-status|p1b: Slaking|slp|[from] move: Spore\n|\n|-heal|p1a: Weezing|98\/100|[from] item: Leftovers\n|upkeep\n|turn|8\n|\n|t:|1699748750\n|switch|p2b: Baxcalibur|Baxcalibur, F|100\/100\n|cant|p1b: Slaking|slp\n|move|p1a: Weezing|Dazzling Gleam|p2b: Baxcalibur|[spread] p2a,p2b\n|-resisted|p2a: Amoonguss\n|-supereffective|p2b: Baxcalibur\n|-damage|p2a: Amoonguss|89\/100\n|-damage|p2b: Baxcalibur|64\/100\n|move|p2a: Amoonguss|Spore|p1a: Weezing\n|-status|p1a: Weezing|slp|[from] move: Spore\n|\n|-heal|p1a: Weezing|100\/100 slp|[from] item: Leftovers\n|upkeep\n|turn|9\n|\n|t:|1699748767\n|move|p2a: Amoonguss|Rage Powder|p2a: Amoonguss\n|-singleturn|p2a: Amoonguss|move: Rage Powder\n|cant|p1b: Slaking|slp\n|move|p2b: Baxcalibur|Dragon Dance|p2b: Baxcalibur\n|-boost|p2b: Baxcalibur|atk|1\n|-boost|p2b: Baxcalibur|spe|1\n|cant|p1a: Weezing|slp\n|move|p1a: Weezing|Sleep Talk|p1a: Weezing\n|move|p1a: Weezing|Dazzling Gleam|p2a: Amoonguss|[from]move: Sleep Talk|[spread] p2a,p2b\n|-resisted|p2a: Amoonguss\n|-supereffective|p2b: Baxcalibur\n|-damage|p2a: Amoonguss|84\/100\n|-damage|p2b: Baxcalibur|27\/100\n|\n|upkeep\n|turn|10\n|\n|t:|1699748787\n|-terastallize|p2b: Baxcalibur|Fire\n|move|p2a: Amoonguss|Rage Powder|p2a: Amoonguss\n|-singleturn|p2a: Amoonguss|move: Rage Powder\n|move|p2b: Baxcalibur|Icicle Spear|p1b: Slaking\n|-damage|p1b: Slaking|52\/100 slp\n|-damage|p1b: Slaking|36\/100 slp\n|-damage|p1b: Slaking|21\/100 slp\n|-damage|p1b: Slaking|6\/100 slp\n|-damage|p1b: Slaking|0 fnt\n|faint|p1b: Slaking\n|-hitcount|p1: Slaking|5\n|-curestatus|p1a: Weezing|slp|[msg]\n|move|p1a: Weezing|Sleep Talk||[still]\n|-fail|p1a: Weezing\n|\n|upkeep\n|\n|t:|1699748805\n|switch|p1b: Kommo-o|Kommo-o, M|93\/100\n|turn|11\n|\n|t:|1699748818\n|move|p2b: Baxcalibur|Protect|p2b: Baxcalibur\n|-singleturn|p2b: Baxcalibur|Protect\n|move|p1b: Kommo-o|Protect|p1b: Kommo-o\n|-singleturn|p1b: Kommo-o|Protect\n|move|p1a: Weezing|Dazzling Gleam|p2b: Baxcalibur|[spread] p2a\n|-activate|p2b: Baxcalibur|move: Protect\n|-resisted|p2a: Amoonguss\n|-damage|p2a: Amoonguss|77\/100\n|move|p2a: Amoonguss|Clear Smog|p1b: Kommo-o\n|-activate|p1b: Kommo-o|move: Protect\n|\n|upkeep\n|turn|12\n|\n|t:|1699748839\n|-terastallize|p1b: Kommo-o|Fire\n|move|p2b: Baxcalibur|Icicle Spear|p1b: Kommo-o\n|-resisted|p1b: Kommo-o\n|-damage|p1b: Kommo-o|83\/100\n|-resisted|p1b: Kommo-o\n|-damage|p1b: Kommo-o|73\/100\n|-resisted|p1b: Kommo-o\n|-damage|p1b: Kommo-o|64\/100\n|-resisted|p1b: Kommo-o\n|-damage|p1b: Kommo-o|52\/100\n|-resisted|p1b: Kommo-o\n|-damage|p1b: Kommo-o|42\/100\n|-hitcount|p1b: Kommo-o|5\n|move|p1b: Kommo-o|Clanging Scales|p2b: Baxcalibur|[spread] p2a,p2b\n|-damage|p2a: Amoonguss|55\/100\n|-damage|p2b: Baxcalibur|0 fnt\n|faint|p2b: Baxcalibur\n|-unboost|p1b: Kommo-o|def|1\n|move|p1a: Weezing|Clear Smog|p2a: Amoonguss\n|-damage|p2a: Amoonguss|45\/100\n|-clearboost|p2a: Amoonguss\n|move|p2a: Amoonguss|Spore|p1a: Weezing\n|-status|p1a: Weezing|slp|[from] move: Spore\n|\n|upkeep\n|inactive|InsrtNameHere has 120 seconds left.\n|\n|t:|1699748863\n|switch|p2b: Walking Wake|Walking Wake|100\/100\n|turn|13\n|\n|t:|1699748876\n|-end|p1a: Weezing|ability: Neutralizing Gas\n|switch|p1a: Sinistcha|Sinistcha-Masterpiece|100\/100\n|-heal|p1b: Kommo-o|67\/100|[from] ability: Hospitality|[of] p1a: Sinistcha\n|switch|p2a: Rillaboom|Rillaboom, M|75\/100\n|-fieldstart|move: Grassy Terrain|[from] ability: Grassy Surge|[of] p2a: Rillaboom\n|move|p1b: Kommo-o|Protect|p1b: Kommo-o\n|-singleturn|p1b: Kommo-o|Protect\n|move|p2b: Walking Wake|Hydro Steam|p1b: Kommo-o\n|-activate|p1b: Kommo-o|move: Protect\n|\n|-heal|p1b: Kommo-o|73\/100|[from] Grassy Terrain\n|-heal|p2a: Rillaboom|81\/100|[from] Grassy Terrain\n|upkeep\n|turn|14\n|inactive|InsrtNameHere has 120 seconds left.\n|\n|t:|1699748912\n|-end|p2b: Walking Wake|Protosynthesis|[silent]\n|switch|p2b: Torkoal|Torkoal, F|44\/100\n|-weather|SunnyDay|[from] ability: Drought|[of] p2b: Torkoal\n|switch|p1b: Weezing|Weezing-Galar, F|100\/100 slp\n|-ability|p1b: Weezing|Neutralizing Gas\n|move|p2a: Rillaboom|Knock Off|p1a: Sinistcha\n|-supereffective|p1a: Sinistcha\n|-crit|p1a: Sinistcha\n|-damage|p1a: Sinistcha|48\/100\n|move|p1a: Sinistcha|Matcha Gotcha|p2b: Torkoal|[spread] p2a\n|-miss|p1a: Sinistcha|p2b: Torkoal\n|-resisted|p2a: Rillaboom\n|-damage|p2a: Rillaboom|69\/100\n|-heal|p1a: Sinistcha|55\/100|[from] drain|[of] p2a: Rillaboom\n|\n|-weather|SunnyDay|[upkeep]\n|-heal|p2a: Rillaboom|75\/100|[from] Grassy Terrain\n|-heal|p1a: Sinistcha|61\/100|[from] Grassy Terrain\n|-heal|p2b: Torkoal|50\/100|[from] Grassy Terrain\n|upkeep\n|turn|15\n|inactive|InsrtNameHere has 120 seconds left.\n|\n|t:|1699748937\n|switch|p1a: Kommo-o|Kommo-o, M, tera:Fire|73\/100\n|move|p2a: Rillaboom|U-turn|p1a: Kommo-o\n|-resisted|p1a: Kommo-o\n|-damage|p1a: Kommo-o|59\/100\n|inactive|InsrtNameHere has 120 seconds left.\n|\n|t:|1699748949\n|switch|p2a: Heatran|Heatran, F|100\/100|[from] U-turn\n|cant|p1b: Weezing|slp\n|move|p1b: Weezing|Sleep Talk|p1b: Weezing\n|move|p1b: Weezing|Rest||[from]move: Sleep Talk|[still]\n|-fail|p1b: Weezing\n|move|p2b: Torkoal|Lava Plume|p1a: Kommo-o|[spread] p2a,p1a,p1b\n|-resisted|p1a: Kommo-o\n|-damage|p2a: Heatran|83\/100\n|-damage|p1a: Kommo-o|43\/100\n|-damage|p1b: Weezing|73\/100 slp\n|\n|-weather|SunnyDay|[upkeep]\n|-heal|p1a: Kommo-o|50\/100|[from] Grassy Terrain\n|-heal|p2a: Heatran|89\/100|[from] Grassy Terrain\n|-heal|p2a: Heatran|96\/100|[from] item: Leftovers\n|-heal|p1b: Weezing|79\/100 slp|[from] Grassy Terrain\n|-heal|p1b: Weezing|85\/100 slp|[from] item: Leftovers\n|-heal|p2b: Torkoal|56\/100|[from] Grassy Terrain\n|upkeep\n|turn|16\n|inactive|InsrtNameHere has 120 seconds left.\n|\n|t:|1699748975\n|-end|p1b: Weezing|ability: Neutralizing Gas\n|switch|p1b: Sinistcha|Sinistcha-Masterpiece|61\/100\n|-heal|p1a: Kommo-o|74\/100|[from] ability: Hospitality|[of] p1b: Sinistcha\n|move|p1a: Kommo-o|Boomburst|p2a: Heatran|[spread] p2a,p2b\n|-immune|p1b: Sinistcha\n|-resisted|p2a: Heatran\n|-damage|p2a: Heatran|86\/100\n|-damage|p2b: Torkoal|13\/100\n|move|p2a: Heatran|Flash Cannon|p1b: Sinistcha\n|-damage|p1b: Sinistcha|24\/100\n|-unboost|p1b: Sinistcha|spd|1\n|move|p2b: Torkoal|Yawn|p1a: Kommo-o\n|-start|p1a: Kommo-o|move: Yawn|[of] p2b: Torkoal\n|\n|-weather|SunnyDay|[upkeep]\n|-heal|p1a: Kommo-o|81\/100|[from] Grassy Terrain\n|-heal|p2a: Heatran|92\/100|[from] Grassy Terrain\n|-heal|p2a: Heatran|99\/100|[from] item: Leftovers\n|-heal|p1b: Sinistcha|30\/100|[from] Grassy Terrain\n|-heal|p2b: Torkoal|19\/100|[from] Grassy Terrain\n|upkeep\n|turn|17\n|inactive|InsrtNameHere has 120 seconds left.\n|\n|t:|1699749010\n|switch|p1a: Weezing|Weezing-Galar, F|85\/100 slp\n|-ability|p1a: Weezing|Neutralizing Gas\n|switch|p1b: Flamigo|Flamigo, F|100\/100\n|switch|p2b: Amoonguss|Amoonguss, F|78\/100\n|move|p2a: Heatran|Heat Wave|p1a: Weezing|[spread] p1a,p1b\n|-crit|p1b: Flamigo\n|-damage|p1a: Weezing|35\/100 slp\n|-damage|p1b: Flamigo|24\/100\n|\n|-weather|SunnyDay|[upkeep]\n|-heal|p2a: Heatran|100\/100|[from] Grassy Terrain\n|-heal|p1a: Weezing|41\/100 slp|[from] Grassy Terrain\n|-heal|p1a: Weezing|47\/100 slp|[from] item: Leftovers\n|-heal|p2b: Amoonguss|84\/100|[from] Grassy Terrain\n|-fieldend|move: Grassy Terrain\n|upkeep\n|turn|18\n|inactive|InsrtNameHere has 120 seconds left.\n|\n|t:|1699749033\n|move|p2b: Amoonguss|Rage Powder|p2b: Amoonguss\n|-singleturn|p2b: Amoonguss|move: Rage Powder\n|move|p1b: Flamigo|Brave Bird|p2b: Amoonguss\n|-supereffective|p2b: Amoonguss\n|-damage|p2b: Amoonguss|0 fnt\n|faint|p2b: Amoonguss\n|-damage|p1b: Flamigo|0 fnt|[from] Recoil\n|faint|p1b: Flamigo\n|move|p2a: Heatran|Heat Wave|p1a: Weezing\n|-damage|p1a: Weezing|0 fnt\n|faint|p1a: Weezing\n|-end|p1a: Weezing|ability: Neutralizing Gas\n|\n|-weather|SunnyDay|[upkeep]\n|upkeep\n|\n|t:|1699749048\n|switch|p1b: Kommo-o|Kommo-o, M, tera:Fire|81\/100\n|switch|p1a: Sinistcha|Sinistcha-Masterpiece|30\/100\n|switch|p2b: Walking Wake|Walking Wake|100\/100\n|-activate|p2b: Walking Wake|ability: Protosynthesis\n|-start|p2b: Walking Wake|protosynthesisspe\n|-heal|p1b: Kommo-o|100\/100|[from] ability: Hospitality|[of] p1a: Sinistcha\n|turn|19\n|\n|t:|1699749068\n|move|p1a: Sinistcha|Rage Powder|p1a: Sinistcha\n|-singleturn|p1a: Sinistcha|move: Rage Powder\n|move|p2b: Walking Wake|Hydro Steam|p1a: Sinistcha\n|-resisted|p1a: Sinistcha\n|-damage|p1a: Sinistcha|0 fnt\n|faint|p1a: Sinistcha\n|move|p1b: Kommo-o|Clangorous Soul|p1b: Kommo-o\n|-boost|p1b: Kommo-o|atk|1\n|-boost|p1b: Kommo-o|def|1\n|-boost|p1b: Kommo-o|spa|1\n|-boost|p1b: Kommo-o|spd|1\n|-boost|p1b: Kommo-o|spe|1\n|-damage|p1b: Kommo-o|68\/100\n|move|p2a: Heatran|Heat Wave|p1b: Kommo-o\n|-resisted|p1b: Kommo-o\n|-damage|p1b: Kommo-o|46\/100\n|\n|-weather|SunnyDay|[upkeep]\n|upkeep\n|turn|20\n|\n|t:|1699749086\n|move|p2b: Walking Wake|Hydro Steam|p1b: Kommo-o\n|-supereffective|p1b: Kommo-o\n|-damage|p1b: Kommo-o|0 fnt\n|faint|p1b: Kommo-o\n|\n|win|InsrtNameHere\n|raw|Kssc's rating: 1406 &rarr; <strong>1379<\/strong><br \/>(-27 for losing)\n|raw|InsrtNameHere's rating: 1282 &rarr; <strong>1316<\/strong><br \/>(+34 for winning)\n|l|\u2606Kssc\n","uploadtime":1699749102,"views":21,"p1id":"kssc","p2id":"insrtnamehere","formatid":"gen9doublesou","rating":1316,"private":0,"password":""}