{"id":"gen9doublesou-1989753276","p1":"InsrtNameHere","p2":"Black_Kamui9","format":"[Gen 9] Doubles OU","log":"|j|\u2606InsrtNameHere\n|j|\u2606Black_Kamui9\n|t:|1699892819\n|gametype|doubles\n|player|p1|InsrtNameHere|burglar|1449\n|player|p2|Black_Kamui9|ingo|1315\n|teamsize|p1|6\n|teamsize|p2|6\n|gen|9\n|tier|[Gen 9] Doubles OU\n|rated|\n|rule|Species Clause: Limit one of each Pok\u00e9mon\n|rule|OHKO Clause: OHKO moves are banned\n|rule|Evasion Moves Clause: Evasion moves are banned\n|rule|Gravity Sleep Clause: The combination of sleep-inducing moves with imperfect accuracy and Gravity or Gigantamax Orbeetle are banned\n|rule|Endless Battle Clause: Forcing endless battles is banned\n|rule|HP Percentage Mod: HP is shown in percentages\n|clearpoke\n|poke|p1|Baxcalibur, M|\n|poke|p1|Torkoal, M|\n|poke|p1|Walking Wake|\n|poke|p1|Amoonguss, F|\n|poke|p1|Rillaboom, F|\n|poke|p1|Heatran, M|\n|poke|p2|Dragonite, M|\n|poke|p2|Baxcalibur, M|\n|poke|p2|Sneasler, M|\n|poke|p2|Arcanine-Hisui, M|\n|poke|p2|Grimmsnarl, M|\n|poke|p2|Gyarados, M|\n|teampreview\n|\n|t:|1699892837\n|start\n|switch|p1a: Curious George|Rillaboom, F|100\/100\n|switch|p1b: Wake and Bake|Walking Wake|100\/100\n|switch|p2a: Sea Gangster|Gyarados, M, shiny|100\/100\n|switch|p2b: Pulp Fiction|Grimmsnarl, M|100\/100\n|-ability|p2a: Sea Gangster|Intimidate|boost\n|-unboost|p1a: Curious George|atk|1\n|-unboost|p1b: Wake and Bake|atk|1\n|-fieldstart|move: Grassy Terrain|[from] ability: Grassy Surge|[of] p1a: Curious George\n|turn|1\n|\n|t:|1699892856\n|move|p1a: Curious George|Fake Out|p2b: Pulp Fiction\n|-damage|p2b: Pulp Fiction|91\/100\n|cant|p2b: Pulp Fiction|flinch\n|move|p1b: Wake and Bake|Hydro Steam|p2b: Pulp Fiction\n|-damage|p2b: Pulp Fiction|37\/100\n|move|p2a: Sea Gangster|Thunder Wave|p1b: Wake and Bake\n|-status|p1b: Wake and Bake|par\n|\n|-heal|p2b: Pulp Fiction|43\/100|[from] Grassy Terrain\n|upkeep\n|turn|2\n|\n|t:|1699892879\n|move|p2b: Pulp Fiction|Parting Shot|p1b: Wake and Bake\n|-unboost|p1b: Wake and Bake|atk|1\n|-unboost|p1b: Wake and Bake|spa|1\n|\n|t:|1699892896\n|switch|p2b: Mach 5|Dragonite, M|100\/100|[from] Parting Shot\n|move|p2a: Sea Gangster|Icy Wind|p1a: Curious George|[spread] p1a,p1b\n|-supereffective|p1a: Curious George\n|-crit|p1b: Wake and Bake\n|-damage|p1a: Curious George|89\/100\n|-damage|p1b: Wake and Bake|86\/100 par\n|-unboost|p1a: Curious George|spe|1\n|-unboost|p1b: Wake and Bake|spe|1\n|move|p1a: Curious George|U-turn|p2b: Mach 5\n|-resisted|p2b: Mach 5\n|-crit|p2b: Mach 5\n|-damage|p2b: Mach 5|90\/100\n|\n|t:|1699892922\n|switch|p1a: Phranklin|Torkoal, M|100\/100|[from] U-turn\n|-weather|SunnyDay|[from] ability: Drought|[of] p1a: Phranklin\n|-activate|p1b: Wake and Bake|ability: Protosynthesis\n|-start|p1b: Wake and Bake|protosynthesisspe\n|move|p1b: Wake and Bake|Hydro Steam|p2b: Mach 5\n|-resisted|p2b: Mach 5\n|-damage|p2b: Mach 5|62\/100\n|\n|-weather|SunnyDay|[upkeep]\n|-heal|p1b: Wake and Bake|92\/100 par|[from] Grassy Terrain\n|upkeep\n|turn|3\n|\n|t:|1699892948\n|-end|p1b: Wake and Bake|Protosynthesis|[silent]\n|switch|p1b: Curious George|Rillaboom, F|89\/100\n|move|p2a: Sea Gangster|Helping Hand|p2b: Mach 5\n|-singleturn|p2b: Mach 5|Helping Hand|[of] p2a: Sea Gangster\n|move|p2b: Mach 5|Bulldoze|p1b: Curious George|[spread] p1a,p1b\n|-immune|p2a: Sea Gangster\n|-supereffective|p1a: Phranklin\n|-resisted|p1b: Curious George\n|-damage|p1a: Phranklin|86\/100\n|-damage|p1b: Curious George|82\/100\n|-unboost|p1a: Phranklin|spe|1\n|-unboost|p1b: Curious George|spe|1\n|move|p1a: Phranklin|Yawn|p2a: Sea Gangster\n|-start|p2a: Sea Gangster|move: Yawn|[of] p1a: Phranklin\n|\n|-weather|SunnyDay|[upkeep]\n|-heal|p1b: Curious George|89\/100|[from] Grassy Terrain\n|-heal|p1a: Phranklin|92\/100|[from] Grassy Terrain\n|upkeep\n|turn|4\n|\n|t:|1699892975\n|switch|p2a: Akatsuki|Arcanine-Hisui, M|100\/100\n|-ability|p2a: Akatsuki|Intimidate|boost\n|-unboost|p1a: Phranklin|atk|1\n|-unboost|p1b: Curious George|atk|1\n|move|p2b: Mach 5|Ice Spinner|p1b: Curious George\n|-supereffective|p1b: Curious George\n|-damage|p1b: Curious George|34\/100\n|-fieldend|move: Grassy Terrain\n|move|p1b: Curious George|U-turn|p2a: Akatsuki\n|-resisted|p2a: Akatsuki\n|-damage|p2a: Akatsuki|91\/100\n|\n|t:|1699893017\n|switch|p1b: Wake and Bake|Walking Wake|92\/100 par|[from] U-turn\n|-activate|p1b: Wake and Bake|ability: Protosynthesis\n|-start|p1b: Wake and Bake|protosynthesisspe\n|move|p1a: Phranklin|Lava Plume|p2b: Mach 5|[spread] p1b,p2a,p2b\n|-resisted|p1b: Wake and Bake\n|-resisted|p2a: Akatsuki\n|-resisted|p2b: Mach 5\n|-damage|p1b: Wake and Bake|85\/100 par\n|-damage|p2a: Akatsuki|83\/100\n|-damage|p2b: Mach 5|48\/100\n|-status|p2b: Mach 5|brn\n|\n|-weather|SunnyDay|[upkeep]\n|-damage|p2b: Mach 5|42\/100 brn|[from] brn\n|upkeep\n|turn|5\n|\n|t:|1699893044\n|switch|p2a: Sea Gangster|Gyarados, M, shiny|100\/100\n|-ability|p2a: Sea Gangster|Intimidate|boost\n|-unboost|p1a: Phranklin|atk|1\n|-unboost|p1b: Wake and Bake|atk|1\n|switch|p1a: Fun Guy|Amoonguss, F|100\/100\n|move|p1b: Wake and Bake|Hydro Steam|p2a: Sea Gangster\n|-resisted|p2a: Sea Gangster\n|-crit|p2a: Sea Gangster\n|-damage|p2a: Sea Gangster|41\/100\n|move|p2b: Mach 5|Ice Spinner|p1b: Wake and Bake\n|-damage|p1b: Wake and Bake|69\/100 par\n|\n|-weather|SunnyDay|[upkeep]\n|-damage|p2b: Mach 5|36\/100 brn|[from] brn\n|upkeep\n|turn|6\n|\n|t:|1699893077\n|move|p1b: Wake and Bake|Hydro Steam|p2b: Mach 5\n|-resisted|p2b: Mach 5\n|-damage|p2b: Mach 5|0 fnt\n|faint|p2b: Mach 5\n|move|p2a: Sea Gangster|Icy Wind|p1b: Wake and Bake|[spread] p1a,p1b\n|-supereffective|p1a: Fun Guy\n|-damage|p1a: Fun Guy|90\/100\n|-damage|p1b: Wake and Bake|60\/100 par\n|-unboost|p1a: Fun Guy|spe|1\n|-unboost|p1b: Wake and Bake|spe|1\n|move|p1a: Fun Guy|Spore|p2a: Sea Gangster\n|-status|p2a: Sea Gangster|slp|[from] move: Spore\n|\n|-weather|SunnyDay|[upkeep]\n|upkeep\n|\n|t:|1699893106\n|switch|p2b: Frost Gojira|Baxcalibur, M|100\/100\n|turn|7\n|\n|t:|1699893118\n|-end|p1b: Wake and Bake|Protosynthesis|[silent]\n|switch|p1b: Big Bad Bax|Baxcalibur, M|100\/100\n|-terastallize|p1a: Fun Guy|Water\n|cant|p2a: Sea Gangster|slp\n|move|p2b: Frost Gojira|Icicle Crash|p1a: Fun Guy\n|-resisted|p1a: Fun Guy\n|-damage|p1a: Fun Guy|63\/100\n|cant|p1a: Fun Guy|flinch\n|\n|-weather|SunnyDay|[upkeep]\n|upkeep\n|turn|8\n|\n|t:|1699893136\n|switch|p2b: Pulp Fiction|Grimmsnarl, M|43\/100\n|move|p1a: Fun Guy|Rage Powder|p1a: Fun Guy\n|-singleturn|p1a: Fun Guy|move: Rage Powder\n|move|p1b: Big Bad Bax|Dragon Dance|p1b: Big Bad Bax\n|-boost|p1b: Big Bad Bax|atk|1\n|-boost|p1b: Big Bad Bax|spe|1\n|-curestatus|p2a: Sea Gangster|slp|[msg]\n|move|p2a: Sea Gangster|Thunder Wave|p1a: Fun Guy\n|-status|p1a: Fun Guy|par\n|\n|-weather|SunnyDay|[upkeep]\n|upkeep\n|turn|9\n|\n|t:|1699893157\n|move|p1b: Big Bad Bax|Protect|p1b: Big Bad Bax\n|-singleturn|p1b: Big Bad Bax|Protect\n|move|p2b: Pulp Fiction|Reflect|p2b: Pulp Fiction\n|-sidestart|p2: Black_Kamui9|Reflect\n|move|p2a: Sea Gangster|Icy Wind|p1b: Big Bad Bax|[spread] p1a\n|-activate|p1b: Big Bad Bax|move: Protect\n|-resisted|p1a: Fun Guy\n|-damage|p1a: Fun Guy|60\/100 par\n|-unboost|p1a: Fun Guy|spe|1\n|move|p1a: Fun Guy|Spore|p2b: Pulp Fiction\n|-status|p2b: Pulp Fiction|slp|[from] move: Spore\n|\n|-weather|none\n|upkeep\n|turn|10\n|\n|t:|1699893194\n|switch|p2b: Akatsuki|Arcanine-Hisui, M|83\/100\n|-ability|p2b: Akatsuki|Intimidate|boost\n|-unboost|p1a: Fun Guy|atk|1\n|-unboost|p1b: Big Bad Bax|atk|1\n|move|p1b: Big Bad Bax|Icicle Spear|p2a: Sea Gangster\n|-damage|p2a: Sea Gangster|27\/100\n|-damage|p2a: Sea Gangster|14\/100\n|-enditem|p2a: Sea Gangster|Aguav Berry|[eat]\n|-heal|p2a: Sea Gangster|47\/100|[from] item: Aguav Berry\n|-damage|p2a: Sea Gangster|34\/100\n|-damage|p2a: Sea Gangster|22\/100\n|-hitcount|p2a: Sea Gangster|4\n|move|p2a: Sea Gangster|Thunder Wave|p1b: Big Bad Bax\n|-status|p1b: Big Bad Bax|par\n|move|p1a: Fun Guy|Spore|p2a: Sea Gangster\n|-status|p2a: Sea Gangster|slp|[from] move: Spore\n|\n|upkeep\n|turn|11\n|\n|t:|1699893244\n|switch|p2a: First Class|Sneasler, M|100\/100\n|-ability|p2a: First Class|Pressure\n|move|p1b: Big Bad Bax|Protect|p1b: Big Bad Bax\n|-singleturn|p1b: Big Bad Bax|Protect\n|move|p2b: Akatsuki|Close Combat|p1b: Big Bad Bax\n|-activate|p1b: Big Bad Bax|move: Protect\n|move|p1a: Fun Guy|Spore|p2b: Akatsuki\n|-activate|p2b: Akatsuki|item: Safety Goggles|Spore\n|\n|upkeep\n|turn|12\n|\n|t:|1699893274\n|move|p2a: First Class|Protect|p2a: First Class\n|-singleturn|p2a: First Class|Protect\n|move|p1a: Fun Guy|Rage Powder|p1a: Fun Guy\n|-singleturn|p1a: Fun Guy|move: Rage Powder\n|move|p2b: Akatsuki|Close Combat|p1b: Big Bad Bax\n|-supereffective|p1b: Big Bad Bax\n|-damage|p1b: Big Bad Bax|31\/100 par\n|-unboost|p2b: Akatsuki|def|1\n|-unboost|p2b: Akatsuki|spd|1\n|move|p1b: Big Bad Bax|Icicle Spear|p2a: First Class\n|-activate|p2a: First Class|move: Protect\n|\n|upkeep\n|turn|13\n|\n|t:|1699893302\n|switch|p1b: Phranklin|Torkoal, M|92\/100\n|-weather|SunnyDay|[from] ability: Drought|[of] p1b: Phranklin\n|move|p2a: First Class|Close Combat|p1a: Fun Guy\n|-damage|p1a: Fun Guy|0 fnt\n|-unboost|p2a: First Class|def|1\n|-unboost|p2a: First Class|spd|1\n|faint|p1a: Fun Guy\n|move|p2b: Akatsuki|Close Combat|p1b: Phranklin\n|-crit|p1b: Phranklin\n|-damage|p1b: Phranklin|61\/100\n|-unboost|p2b: Akatsuki|def|1\n|-unboost|p2b: Akatsuki|spd|1\n|\n|-weather|SunnyDay|[upkeep]\n|upkeep\n|\n|t:|1699893322\n|switch|p1a: Curious George|Rillaboom, F|34\/100\n|-fieldstart|move: Grassy Terrain|[from] ability: Grassy Surge|[of] p1a: Curious George\n|turn|14\n|\n|t:|1699893340\n|move|p2a: First Class|Protect|p2a: First Class\n|-singleturn|p2a: First Class|Protect\n|move|p1a: Curious George|Fake Out|p2b: Akatsuki\n|-resisted|p2b: Akatsuki\n|-damage|p2b: Akatsuki|73\/100\n|cant|p2b: Akatsuki|flinch\n|move|p1b: Phranklin|Yawn|p2a: First Class\n|-activate|p2a: First Class|move: Protect\n|\n|-weather|SunnyDay|[upkeep]\n|-heal|p2b: Akatsuki|79\/100|[from] Grassy Terrain\n|-heal|p1a: Curious George|40\/100|[from] Grassy Terrain\n|-heal|p1b: Phranklin|67\/100|[from] Grassy Terrain\n|upkeep\n|turn|15\n|\n|t:|1699893380\n|move|p1a: Curious George|Grassy Glide|p2b: Akatsuki\n|-crit|p2b: Akatsuki\n|-damage|p2b: Akatsuki|0 fnt\n|faint|p2b: Akatsuki\n|move|p2a: First Class|Dire Claw|p1b: Phranklin\n|-damage|p1b: Phranklin|40\/100\n|-status|p1b: Phranklin|slp\n|cant|p1b: Phranklin|slp\n|\n|-weather|SunnyDay|[upkeep]\n|-heal|p1a: Curious George|46\/100|[from] Grassy Terrain\n|-heal|p1b: Phranklin|46\/100 slp|[from] Grassy Terrain\n|upkeep\n|\n|t:|1699893395\n|switch|p2b: Sea Gangster|Gyarados, M, shiny|22\/100 slp\n|-ability|p2b: Sea Gangster|Intimidate|boost\n|-unboost|p1a: Curious George|atk|1\n|-unboost|p1b: Phranklin|atk|1\n|turn|16\n|\n|t:|1699893421\n|switch|p1a: Big Bad Bax|Baxcalibur, M|31\/100 par\n|cant|p1b: Phranklin|slp\n|move|p2a: First Class|Dire Claw|p1a: Big Bad Bax\n|-damage|p1a: Big Bad Bax|0 fnt\n|faint|p1a: Big Bad Bax\n|cant|p2b: Sea Gangster|slp\n|\n|-weather|SunnyDay|[upkeep]\n|-heal|p1b: Phranklin|52\/100 slp|[from] Grassy Terrain\n|-sideend|p2: Black_Kamui9|Reflect\n|upkeep\n|\n|t:|1699893435\n|switch|p1a: Curious George|Rillaboom, F|46\/100\n|turn|17\n|\n|t:|1699893470\n|move|p1a: Curious George|Grassy Glide|p2b: Sea Gangster\n|-damage|p2b: Sea Gangster|0 fnt\n|faint|p2b: Sea Gangster\n|move|p2a: First Class|Dire Claw|p1a: Curious George\n|-supereffective|p1a: Curious George\n|-damage|p1a: Curious George|0 fnt\n|faint|p1a: Curious George\n|cant|p1b: Phranklin|slp\n|\n|-weather|SunnyDay|[upkeep]\n|-heal|p1b: Phranklin|58\/100 slp|[from] Grassy Terrain\n|upkeep\n|\n|t:|1699893488\n|switch|p2b: Frost Gojira|Baxcalibur, M|100\/100\n|switch|p1a: Love Fever|Heatran, M|100\/100\n|turn|18\n|\n|t:|1699893504\n|-terastallize|p2b: Frost Gojira|Water\n|move|p2a: First Class|Close Combat|p1a: Love Fever\n|-supereffective|p1a: Love Fever\n|-damage|p1a: Love Fever|0 fnt\n|-unboost|p2a: First Class|def|1\n|-unboost|p2a: First Class|spd|1\n|faint|p1a: Love Fever\n|move|p2b: Frost Gojira|Glaive Rush|p1b: Phranklin\n|-damage|p1b: Phranklin|22\/100 slp\n|-singlemove|p2b: Frost Gojira|Glaive Rush|[silent]\n|-curestatus|p1b: Phranklin|slp|[msg]\n|move|p1b: Phranklin|Lava Plume|p2b: Frost Gojira|[spread] p2a,p2b\n|-resisted|p2b: Frost Gojira\n|-damage|p2a: First Class|26\/100\n|-damage|p2b: Frost Gojira|85\/100\n|-ability|p2b: Frost Gojira|Thermal Exchange|boost\n|-boost|p2b: Frost Gojira|atk|1\n|\n|-weather|SunnyDay|[upkeep]\n|-heal|p2a: First Class|32\/100|[from] Grassy Terrain\n|-heal|p2b: Frost Gojira|91\/100|[from] Grassy Terrain\n|-heal|p1b: Phranklin|28\/100|[from] Grassy Terrain\n|-fieldend|move: Grassy Terrain\n|upkeep\n|\n|t:|1699893525\n|switch|p1a: Wake and Bake|Walking Wake|60\/100 par\n|-activate|p1a: Wake and Bake|ability: Protosynthesis\n|-start|p1a: Wake and Bake|protosynthesisspe\n|turn|19\n|\n|t:|1699893542\n|switch|p2a: Pulp Fiction|Grimmsnarl, M|43\/100 slp\n|move|p1a: Wake and Bake|Dragon Pulse|p2b: Frost Gojira\n|-damage|p2b: Frost Gojira|23\/100\n|move|p2b: Frost Gojira|Glaive Rush|p1a: Wake and Bake\n|-supereffective|p1a: Wake and Bake\n|-damage|p1a: Wake and Bake|0 fnt\n|-singlemove|p2b: Frost Gojira|Glaive Rush|[silent]\n|faint|p1a: Wake and Bake\n|-end|p1a: Wake and Bake|Protosynthesis|[silent]\n|move|p1b: Phranklin|Lava Plume|p2a: Pulp Fiction|[spread] p2a,p2b\n|-resisted|p2b: Frost Gojira\n|-damage|p2a: Pulp Fiction|17\/100 slp\n|-damage|p2b: Frost Gojira|9\/100\n|-ability|p2b: Frost Gojira|Thermal Exchange|boost\n|-boost|p2b: Frost Gojira|atk|1\n|\n|-weather|SunnyDay|[upkeep]\n|upkeep\n|turn|20\n|c|\u2606Black_Kamui9|gg\n|\n|t:|1699893560\n|cant|p2a: Pulp Fiction|slp\n|move|p2b: Frost Gojira|Tera Blast|p1b: Phranklin|[anim] Tera Blast Water\n|-supereffective|p1b: Phranklin\n|-damage|p1b: Phranklin|0 fnt\n|faint|p1b: Phranklin\n|\n|win|Black_Kamui9\n|raw|InsrtNameHere's rating: 1449 &rarr; <strong>1423<\/strong><br \/>(-26 for losing)\n|raw|Black_Kamui9's rating: 1341 &rarr; <strong>1367<\/strong><br \/>(+26 for winning)\n","uploadtime":1699893570,"views":5,"p1id":"insrtnamehere","p2id":"blackkamui9","formatid":"gen9doublesou","rating":1367,"private":0,"password":""}