{"id":"gen9doublesou-1970537285","p1":"MageDream\/UHE","p2":"Coopaa","format":"[Gen 9] Doubles OU","log":"|j|\u2606MageDream\/UHE\n|j|\u2606Coopaa\n|t:|1697646638\n|gametype|doubles\n|player|p1|MageDream\/UHE|chuck|1165\n|player|p2|Coopaa|101|1268\n|teamsize|p1|6\n|teamsize|p2|6\n|gen|9\n|tier|[Gen 9] Doubles OU\n|rated|\n|rule|Species Clause: Limit one of each Pok\u00e9mon\n|rule|OHKO Clause: OHKO moves are banned\n|rule|Evasion Moves Clause: Evasion moves are banned\n|rule|Gravity Sleep Clause: The combination of sleep-inducing moves with imperfect accuracy and Gravity or Gigantamax Orbeetle are banned\n|rule|Endless Battle Clause: Forcing endless battles is banned\n|rule|HP Percentage Mod: HP is shown in percentages\n|clearpoke\n|poke|p1|Scizor, F|\n|poke|p1|Rillaboom, F|\n|poke|p1|Pelipper, M|\n|poke|p1|Walking Wake|\n|poke|p1|Murkrow, M|\n|poke|p1|Clefable, F|\n|poke|p2|Tornadus, M|\n|poke|p2|Regidrago|\n|poke|p2|Heatran, F|\n|poke|p2|Flutter Mane|\n|poke|p2|Palafin, F|\n|poke|p2|Dragonite, M|\n|teampreview\n|inactive|Battle timer is ON: inactive players will automatically lose when time's up. (requested by Coopaa)\n|\n|t:|1697646677\n|start\n|switch|p1a: Murkrow|Murkrow, M, shiny|100\/100\n|switch|p1b: Scizor|Scizor, F|100\/100\n|switch|p2a: Tornadus|Tornadus, M|100\/100\n|switch|p2b: Regidrago|Regidrago|100\/100\n|turn|1\n|inactive|Coopaa has 120 seconds left.\n|\n|t:|1697646719\n|-terastallize|p1b: Scizor|Steel\n|move|p2a: Tornadus|Tailwind|p2a: Tornadus\n|-sidestart|p2: Coopaa|move: Tailwind\n|move|p1b: Scizor|Bullet Punch|p2b: Regidrago\n|-crit|p2b: Regidrago\n|-damage|p2b: Regidrago|3\/100\n|-damage|p1b: Scizor|91\/100|[from] item: Life Orb\n|move|p2b: Regidrago|Dragon Energy|p1b: Scizor|[spread] p1a,p1b\n|-resisted|p1b: Scizor\n|-damage|p1a: Murkrow|98\/100\n|-damage|p1b: Scizor|89\/100\n|move|p1a: Murkrow|Icy Wind|p2a: Tornadus|[spread] p2b\n|-miss|p1a: Murkrow|p2a: Tornadus\n|-supereffective|p2b: Regidrago\n|-damage|p2b: Regidrago|0 fnt\n|faint|p2b: Regidrago\n|\n|upkeep\n|\n|t:|1697646743\n|switch|p2b: Heatran|Heatran, F|100\/100\n|turn|2\n|\n|t:|1697646754\n|move|p1a: Murkrow|Rain Dance|p1a: Murkrow\n|-weather|RainDance\n|move|p2b: Heatran|Heat Wave|p1a: Murkrow|[spread] p1b\n|-miss|p2b: Heatran|p1a: Murkrow\n|-supereffective|p1b: Scizor\n|-damage|p1b: Scizor|44\/100\n|move|p2a: Tornadus|Bleakwind Storm|p1a: Murkrow|[spread] p1a,p1b\n|-resisted|p1b: Scizor\n|-damage|p1a: Murkrow|62\/100\n|-damage|p1b: Scizor|26\/100\n|move|p1b: Scizor|Knock Off|p2b: Heatran\n|-damage|p2b: Heatran|55\/100\n|-enditem|p2b: Heatran|Choice Scarf|[from] move: Knock Off|[of] p1b: Scizor\n|-damage|p1b: Scizor|16\/100|[from] item: Life Orb\n|\n|-weather|RainDance|[upkeep]\n|upkeep\n|turn|3\n|inactive|Coopaa has 120 seconds left.\n|\n|t:|1697646774\n|switch|p1b: Walking Wake|Walking Wake|100\/100\n|move|p1a: Murkrow|Tailwind|p1a: Murkrow\n|-sidestart|p1: MageDream\/UHE|move: Tailwind\n|move|p2a: Tornadus|Icy Wind|p1a: Murkrow|[spread] p1a,p1b\n|-supereffective|p1a: Murkrow\n|-damage|p1a: Murkrow|36\/100\n|-damage|p1b: Walking Wake|86\/100\n|-unboost|p1a: Murkrow|spe|1\n|-unboost|p1b: Walking Wake|spe|1\n|move|p2b: Heatran|Heat Wave|p1a: Murkrow|[spread] p1a\n|-miss|p2b: Heatran|p1b: Walking Wake\n|-damage|p1a: Murkrow|15\/100\n|\n|-weather|RainDance|[upkeep]\n|upkeep\n|turn|4\n|inactive|Coopaa has 120 seconds left.\n|\n|t:|1697646801\n|switch|p2a: Palafin|Palafin, F|100\/100\n|switch|p2b: Dragonite|Dragonite, M|100\/100\n|switch|p1a: Pelipper|Pelipper, M|100\/100\n|move|p1b: Walking Wake|Hydro Steam|p2a: Palafin\n|-resisted|p2a: Palafin\n|-damage|p2a: Palafin|72\/100\n|\n|-weather|RainDance|[upkeep]\n|-sideend|p2: Coopaa|move: Tailwind\n|upkeep\n|turn|5\n|inactive|Coopaa has 120 seconds left.\n|\n|t:|1697646828\n|move|p1b: Walking Wake|Breaking Swipe|p2a: Palafin|[spread] p2a,p2b\n|-supereffective|p2b: Dragonite\n|-damage|p2a: Palafin|52\/100\n|-damage|p2b: Dragonite|69\/100\n|-unboost|p2a: Palafin|atk|1\n|-unboost|p2b: Dragonite|atk|1\n|move|p1a: Pelipper|Twister|p2b: Dragonite|[spread] p2a,p2b\n|-supereffective|p2b: Dragonite\n|-damage|p2a: Palafin|42\/100\n|-damage|p2b: Dragonite|57\/100\n|move|p2a: Palafin|Flip Turn|p1b: Walking Wake\n|-resisted|p1b: Walking Wake\n|-crit|p1b: Walking Wake\n|-damage|p1b: Walking Wake|71\/100\n|inactive|Coopaa has 120 seconds left.\n|\n|t:|1697646841\n|detailschange|p2a: Palafin|Palafin-Hero, F\n|switch|p2a: Tornadus|Tornadus, M|100\/100|[from] Flip Turn\n|move|p2b: Dragonite|Outrage|p1b: Walking Wake\n|-supereffective|p1b: Walking Wake\n|-damage|p1b: Walking Wake|0 fnt\n|faint|p1b: Walking Wake\n|-end|p1b: Walking Wake|Protosynthesis|[silent]\n|\n|-weather|RainDance|[upkeep]\n|upkeep\n|\n|t:|1697646855\n|switch|p1b: Clefable|Clefable, F|100\/100\n|turn|6\n|\n|t:|1697646884\n|move|p1a: Pelipper|Hurricane|p2a: Tornadus\n|-damage|p2a: Tornadus|44\/100\n|-start|p2a: Tornadus|confusion\n|-activate|p2a: Tornadus|confusion\n|move|p2a: Tornadus|Bleakwind Storm|p1a: Pelipper|[spread] p1a,p1b\n|-damage|p1a: Pelipper|53\/100\n|-damage|p1b: Clefable|69\/100\n|move|p1b: Clefable|Chilling Water|p2b: Dragonite\n|-resisted|p2b: Dragonite\n|-damage|p2b: Dragonite|51\/100\n|-unboost|p2b: Dragonite|atk|1\n|move|p2b: Dragonite|Outrage|p1b: Clefable|[from]lockedmove\n|-immune|p1b: Clefable\n|-start|p2b: Dragonite|confusion|[fatigue]\n|\n|-weather|none\n|-heal|p1a: Pelipper|59\/100|[from] item: Leftovers\n|-sideend|p1: MageDream\/UHE|move: Tailwind\n|upkeep\n|turn|7\n|\n|t:|1697646909\n|switch|p2b: Heatran|Heatran, F|55\/100\n|-activate|p2a: Tornadus|confusion\n|move|p2a: Tornadus|Tailwind|p2a: Tornadus\n|-sidestart|p2: Coopaa|move: Tailwind\n|move|p1a: Pelipper|Surf|p2a: Tornadus|[spread] p1b,p2a,p2b\n|-supereffective|p2b: Heatran\n|-damage|p1b: Clefable|42\/100\n|-damage|p2a: Tornadus|5\/100\n|-damage|p2b: Heatran|0 fnt\n|faint|p2b: Heatran\n|move|p1b: Clefable|Calm Mind|p1b: Clefable\n|-boost|p1b: Clefable|spa|1\n|-boost|p1b: Clefable|spd|1\n|\n|-heal|p1a: Pelipper|65\/100|[from] item: Leftovers\n|upkeep\n|inactive|Coopaa has 120 seconds left.\n|inactive|Coopaa has 90 seconds left.\n|\n|t:|1697646962\n|switch|p2b: Dragonite|Dragonite, M|51\/100\n|turn|8\n|\n|t:|1697646984\n|switch|p2a: Palafin|Palafin-Hero, F|42\/100\n|-activate|p2a: Palafin|ability: Zero to Hero\n|move|p2b: Dragonite|Iron Head|p1b: Clefable\n|-supereffective|p1b: Clefable\n|-damage|p1b: Clefable|0 fnt\n|-damage|p2b: Dragonite|34\/100|[from] item: Rocky Helmet|[of] p1b: Clefable\n|faint|p1b: Clefable\n|move|p1a: Pelipper|Twister|p2b: Dragonite|[spread] p2a,p2b\n|-supereffective|p2b: Dragonite\n|-damage|p2a: Palafin|35\/100\n|-damage|p2b: Dragonite|22\/100\n|\n|-heal|p1a: Pelipper|71\/100|[from] item: Leftovers\n|upkeep\n|\n|t:|1697646995\n|switch|p1b: Rillaboom|Rillaboom, F|100\/100\n|-fieldstart|move: Grassy Terrain|[from] ability: Grassy Surge|[of] p1b: Rillaboom\n|turn|9\n|inactive|Coopaa has 120 seconds left.\n|inactive|Coopaa has 90 seconds left.\n|\n|t:|1697647058\n|-terastallize|p2a: Palafin|Steel\n|move|p1b: Rillaboom|Grassy Glide|p2a: Palafin\n|-resisted|p2a: Palafin\n|-damage|p2a: Palafin|8\/100\n|move|p2a: Palafin|Ice Punch|p1b: Rillaboom\n|-supereffective|p1b: Rillaboom\n|-damage|p1b: Rillaboom|33\/100\n|move|p2b: Dragonite|Outrage|p1a: Pelipper\n|-damage|p1a: Pelipper|5\/100\n|move|p1a: Pelipper|Twister|p2b: Dragonite|[spread] p2a,p2b\n|-resisted|p2a: Palafin\n|-supereffective|p2b: Dragonite\n|-damage|p2a: Palafin|4\/100\n|-damage|p2b: Dragonite|10\/100\n|\n|-heal|p2a: Palafin|10\/100|[from] Grassy Terrain\n|-heal|p1b: Rillaboom|39\/100|[from] Grassy Terrain\n|-heal|p1a: Pelipper|11\/100|[from] item: Leftovers\n|upkeep\n|turn|10\n|inactive|Coopaa has 90 seconds left.\n|inactive|Coopaa has 60 seconds left.\n|\n|t:|1697647094\n|move|p1b: Rillaboom|Grassy Glide|p2a: Palafin\n|-resisted|p2a: Palafin\n|-damage|p2a: Palafin|0 fnt\n|faint|p2a: Palafin\n|move|p2b: Dragonite|Outrage|p1b: Rillaboom|[from]lockedmove\n|-damage|p1b: Rillaboom|0 fnt\n|faint|p1b: Rillaboom\n|-start|p2b: Dragonite|confusion|[fatigue]\n|move|p1a: Pelipper|Surf|p2b: Dragonite\n|-resisted|p2b: Dragonite\n|-damage|p2b: Dragonite|0 fnt\n|faint|p2b: Dragonite\n|\n|-heal|p1a: Pelipper|17\/100|[from] item: Leftovers\n|-sideend|p2: Coopaa|move: Tailwind\n|upkeep\n|inactive|Coopaa has 60 seconds left.\n|\n|t:|1697647129\n|switch|p2a: Flutter Mane|Flutter Mane|100\/100\n|switch|p1b: Murkrow|Murkrow, M, shiny|15\/100\n|switch|p2b: Tornadus|Tornadus, M|5\/100\n|turn|11\n|\n|t:|1697647155\n|move|p2a: Flutter Mane|Protect|p2a: Flutter Mane\n|-singleturn|p2a: Flutter Mane|Protect\n|move|p1a: Pelipper|Wide Guard|p1a: Pelipper\n|-singleturn|p1a: Pelipper|Wide Guard\n|move|p2b: Tornadus|Tailwind|p2b: Tornadus\n|-sidestart|p2: Coopaa|move: Tailwind\n|move|p1b: Murkrow|Icy Wind|p2b: Tornadus|[spread] p2b\n|-activate|p2a: Flutter Mane|move: Protect\n|-supereffective|p2b: Tornadus\n|-damage|p2b: Tornadus|0 fnt\n|faint|p2b: Tornadus\n|\n|-heal|p1a: Pelipper|23\/100|[from] item: Leftovers\n|upkeep\n|turn|12\n|inactive|Coopaa has 90 seconds left.\n|inactive|MageDream\/UHE has 120 seconds left.\n|inactive|MageDream\/UHE has 90 seconds left.\n|\n|t:|1697647215\n|move|p1a: Pelipper|Wide Guard|p1a: Pelipper\n|-singleturn|p1a: Pelipper|Wide Guard\n|move|p2a: Flutter Mane|Dazzling Gleam|p1a: Pelipper|[spread] \n|-activate|p1a: Pelipper|move: Wide Guard\n|-activate|p1b: Murkrow|move: Wide Guard\n|move|p1b: Murkrow|Foul Play|p2a: Flutter Mane\n|-damage|p2a: Flutter Mane|75\/100\n|\n|-heal|p2a: Flutter Mane|82\/100|[from] Grassy Terrain\n|-heal|p1a: Pelipper|29\/100|[from] item: Leftovers\n|upkeep\n|turn|13\n|inactive|MageDream\/UHE has 90 seconds left.\n|\n|t:|1697647247\n|move|p2a: Flutter Mane|Dazzling Gleam|p1a: Pelipper|[spread] p1a,p1b\n|-supereffective|p1b: Murkrow\n|-damage|p1a: Pelipper|0 fnt\n|-damage|p1b: Murkrow|0 fnt\n|faint|p1a: Pelipper\n|faint|p1b: Murkrow\n|\n|-heal|p2a: Flutter Mane|88\/100|[from] Grassy Terrain\n|-fieldend|move: Grassy Terrain\n|upkeep\n|\n|t:|1697647256\n|switch|p1b: Scizor|Scizor, F, tera:Steel|16\/100\n|turn|14\n|\n|t:|1697647264\n|move|p1b: Scizor|Bullet Punch|p2a: Flutter Mane\n|-supereffective|p2a: Flutter Mane\n|-damage|p2a: Flutter Mane|0 fnt\n|faint|p2a: Flutter Mane\n|-end|p2a: Flutter Mane|Protosynthesis|[silent]\n|-damage|p1b: Scizor|6\/100|[from] item: Life Orb\n|\n|win|MageDream\/UHE\n|raw|MageDream&#x2f;UHE's rating: 1165 &rarr; <strong>1197<\/strong><br \/>(+32 for winning)\n|raw|Coopaa's rating: 1268 &rarr; <strong>1236<\/strong><br \/>(-32 for losing)\n|l|\u2606Coopaa\n","uploadtime":1697647286,"views":31,"p1id":"magedreamuhe","p2id":"coopaa","formatid":"gen9doublesou","rating":1197,"private":0,"password":""}