{"id":"gen9doublesou-1991710159","p1":"DannyMcCake","p2":"Redboy2","format":"[Gen 9] Doubles OU","log":"|j|\u2606DannyMcCake\n|j|\u2606Redboy2\n|t:|1700105455\n|gametype|doubles\n|player|p1|DannyMcCake|hiker|1356\n|player|p2|Redboy2|2|1364\n|teamsize|p1|6\n|teamsize|p2|6\n|gen|9\n|tier|[Gen 9] Doubles OU\n|rated|\n|rule|Species Clause: Limit one of each Pok\u00e9mon\n|rule|OHKO Clause: OHKO moves are banned\n|rule|Evasion Moves Clause: Evasion moves are banned\n|rule|Gravity Sleep Clause: The combination of sleep-inducing moves with imperfect accuracy and Gravity or Gigantamax Orbeetle are banned\n|rule|Endless Battle Clause: Forcing endless battles is banned\n|rule|HP Percentage Mod: HP is shown in percentages\n|clearpoke\n|poke|p1|Chi-Yu|\n|poke|p1|Torkoal, F|\n|poke|p1|Tornadus, M|\n|poke|p1|Farigiraf, M|\n|poke|p1|Flutter Mane|\n|poke|p1|Ogerpon-Hearthflame, F|\n|poke|p2|Dusclops, M|\n|poke|p2|Weezing, F|\n|poke|p2|Slowking-Galar, M|\n|poke|p2|Dragonite, F|\n|poke|p2|Ogerpon, F|\n|poke|p2|Gholdengo|\n|teampreview\n|inactive|Battle timer is ON: inactive players will automatically lose when time's up. (requested by DannyMcCake)\n|\n|t:|1700105472\n|start\n|switch|p1a: Chi-Yu|Chi-Yu|100\/100\n|switch|p1b: Tornadus|Tornadus, M|100\/100\n|switch|p2a: Gholdengo|Gholdengo|100\/100\n|switch|p2b: Weezing|Weezing, F|100\/100\n|-ability|p2b: Weezing|Neutralizing Gas\n|turn|1\n|\n|t:|1700105494\n|-terastallize|p1a: Chi-Yu|Fire\n|move|p1b: Tornadus|Tailwind|p1b: Tornadus\n|-sidestart|p1: DannyMcCake|move: Tailwind\n|move|p1a: Chi-Yu|Heat Wave|p2a: Gholdengo|[spread] p2a,p2b\n|-supereffective|p2a: Gholdengo\n|-damage|p2a: Gholdengo|0 fnt\n|-damage|p2b: Weezing|36\/100\n|faint|p2a: Gholdengo\n|move|p2b: Weezing|Sludge Bomb|p1b: Tornadus\n|-crit|p1b: Tornadus\n|-damage|p1b: Tornadus|15\/100\n|-status|p1b: Tornadus|psn\n|\n|-damage|p1b: Tornadus|3\/100 psn|[from] psn\n|upkeep\n|\n|t:|1700105507\n|switch|p2a: Dragonite|Dragonite, F|100\/100\n|turn|2\n|\n|t:|1700105519\n|-terastallize|p2a: Dragonite|Normal\n|move|p2a: Dragonite|Extreme Speed|p1a: Chi-Yu\n|-damage|p1a: Chi-Yu|0 fnt\n|faint|p1a: Chi-Yu\n|move|p1b: Tornadus|Taunt|p2a: Dragonite\n|-start|p2a: Dragonite|move: Taunt\n|move|p2b: Weezing|Shadow Ball|p1b: Tornadus\n|-crit|p1b: Tornadus\n|-damage|p1b: Tornadus|0 fnt\n|faint|p1b: Tornadus\n|\n|upkeep\n|\n|t:|1700105529\n|switch|p1b: Flutter Mane|Flutter Mane|100\/100\n|switch|p1a: Torkoal|Torkoal, F|100\/100\n|turn|3\n|\n|t:|1700105556\n|move|p1a: Torkoal|Helping Hand|p1b: Flutter Mane\n|-singleturn|p1b: Flutter Mane|Helping Hand|[of] p1a: Torkoal\n|move|p2a: Dragonite|Extreme Speed|p1a: Torkoal\n|-damage|p1a: Torkoal|63\/100\n|move|p1b: Flutter Mane|Shadow Ball|p2b: Weezing\n|-damage|p2b: Weezing|0 fnt\n|faint|p2b: Weezing\n|-end|p2b: Weezing|ability: Neutralizing Gas\n|-weather|SunnyDay|[from] ability: Drought|[of] p1a: Torkoal\n|-activate|p1b: Flutter Mane|ability: Protosynthesis\n|-start|p1b: Flutter Mane|protosynthesisspe\n|\n|-weather|SunnyDay|[upkeep]\n|upkeep\n|\n|t:|1700105585\n|switch|p2b: Ogerpon|Ogerpon, F|100\/100\n|turn|4\n|\n|t:|1700105593\n|move|p2a: Dragonite|Extreme Speed|p1a: Torkoal\n|-damage|p1a: Torkoal|21\/100\n|move|p1b: Flutter Mane|Shadow Ball|p2b: Ogerpon\n|-damage|p2b: Ogerpon|26\/100\n|move|p2b: Ogerpon|Ivy Cudgel|p1b: Flutter Mane\n|-damage|p1b: Flutter Mane|0 fnt\n|faint|p1b: Flutter Mane\n|-end|p1b: Flutter Mane|Protosynthesis|[silent]\n|move|p1a: Torkoal|Burning Jealousy|p2a: Dragonite|[spread] p2a,p2b\n|-crit|p2a: Dragonite\n|-supereffective|p2b: Ogerpon\n|-damage|p2a: Dragonite|86\/100\n|-damage|p2b: Ogerpon|0 fnt\n|faint|p2b: Ogerpon\n|\n|-weather|SunnyDay|[upkeep]\n|-sideend|p1: DannyMcCake|move: Tailwind\n|upkeep\n|inactive|Redboy2 has 120 seconds left.\n|\n|t:|1700105625\n|switch|p1b: Farigiraf|Farigiraf, M|100\/100\n|switch|p2b: Dusclops|Dusclops, M|100\/100\n|-item|p1a: Torkoal|Heat Rock|[from] ability: Frisk|[of] p2b: Dusclops|[identify]\n|-item|p1b: Farigiraf|Leftovers|[from] ability: Frisk|[of] p2b: Dusclops|[identify]\n|turn|5\n|\n|t:|1700105647\n|switch|p1a: Ogerpon|Ogerpon-Hearthflame, F|100\/100\n|-ability|p1a: Ogerpon|Mold Breaker\n|move|p2a: Dragonite|Extreme Speed||[still]\n|cant|p1b: Farigiraf|ability: Armor Tail|Extreme Speed|[of] p2a: Dragonite\n|move|p1b: Farigiraf|Psychic|p2b: Dusclops\n|-damage|p2b: Dusclops|79\/100\n|-unboost|p2b: Dusclops|spd|1\n|move|p2b: Dusclops|Will-O-Wisp|p1b: Farigiraf\n|-status|p1b: Farigiraf|brn\n|\n|-weather|SunnyDay|[upkeep]\n|-damage|p1b: Farigiraf|94\/100 brn|[from] brn\n|-end|p2a: Dragonite|move: Taunt\n|upkeep\n|turn|6\n|\n|t:|1700105676\n|switch|p2a: Slowking|Slowking-Galar, M|100\/100\n|move|p1b: Farigiraf|Helping Hand|p1a: Ogerpon\n|-singleturn|p1a: Ogerpon|Helping Hand|[of] p1b: Farigiraf\n|move|p1a: Ogerpon|Ivy Cudgel|p2b: Dusclops|[anim] Ivy Cudgel Fire\n|-damage|p2b: Dusclops|0 fnt\n|faint|p2b: Dusclops\n|\n|-weather|SunnyDay|[upkeep]\n|-heal|p1b: Farigiraf|100\/100 brn|[from] item: Leftovers\n|-damage|p1b: Farigiraf|94\/100 brn|[from] brn\n|upkeep\n|inactive|Redboy2 has 120 seconds left.\n|\n|t:|1700105687\n|switch|p2b: Dragonite|Dragonite, F, tera:Normal|86\/100\n|turn|7\n|\n|t:|1700105702\n|move|p1b: Farigiraf|Helping Hand|p1a: Ogerpon\n|-singleturn|p1a: Ogerpon|Helping Hand|[of] p1b: Farigiraf\n|move|p1a: Ogerpon|Ivy Cudgel|p2a: Slowking|[anim] Ivy Cudgel Fire\n|-damage|p2a: Slowking|0 fnt\n|faint|p2a: Slowking\n|move|p2b: Dragonite|Thunder Punch|p1b: Farigiraf\n|-crit|p1b: Farigiraf\n|-damage|p1b: Farigiraf|25\/100 brn\n|\n|-weather|SunnyDay|[upkeep]\n|-heal|p1b: Farigiraf|31\/100 brn|[from] item: Leftovers\n|-damage|p1b: Farigiraf|25\/100 brn|[from] brn\n|upkeep\n|turn|8\n|\n|t:|1700105715\n|move|p1b: Farigiraf|Helping Hand|p1a: Ogerpon\n|-singleturn|p1a: Ogerpon|Helping Hand|[of] p1b: Farigiraf\n|move|p1a: Ogerpon|Ivy Cudgel|p2b: Dragonite|[anim] Ivy Cudgel Fire\n|-damage|p2b: Dragonite|0 fnt\n|faint|p2b: Dragonite\n|\n|win|DannyMcCake\n|raw|DannyMcCake's rating: 1356 &rarr; <strong>1376<\/strong><br \/>(+20 for winning)\n|raw|Redboy2's rating: 1364 &rarr; <strong>1344<\/strong><br \/>(-20 for losing)\n|l|\u2606Redboy2\n","uploadtime":1700105940,"views":19,"p1id":"dannymccake","p2id":"redboy2","formatid":"gen9doublesou","rating":1344,"private":0,"password":""}