{"id":"gen9doublesou-1974609500","p1":"Straw-Hat26","p2":"VYK3","format":"[Gen 9] Doubles OU","log":"|j|\u2606Straw-Hat26\n|j|\u2606VYK3\n|t:|1698102262\n|gametype|doubles\n|player|p1|Straw-Hat26|169|1533\n|player|p2|VYK3|alec-anime|1490\n|teamsize|p1|6\n|teamsize|p2|6\n|gen|9\n|tier|[Gen 9] Doubles OU\n|rated|\n|rule|Species Clause: Limit one of each Pok\u00e9mon\n|rule|OHKO Clause: OHKO moves are banned\n|rule|Evasion Moves Clause: Evasion moves are banned\n|rule|Gravity Sleep Clause: The combination of sleep-inducing moves with imperfect accuracy and Gravity or Gigantamax Orbeetle are banned\n|rule|Endless Battle Clause: Forcing endless battles is banned\n|rule|HP Percentage Mod: HP is shown in percentages\n|clearpoke\n|poke|p1|Illumise, F|\n|poke|p1|Enamorus, F|\n|poke|p1|Ogerpon-Wellspring, F|\n|poke|p1|Goodra-Hisui, F|\n|poke|p1|Moltres-Galar|\n|poke|p1|Clefable, F|\n|poke|p2|Ogerpon-Wellspring, F|\n|poke|p2|Ninetales-Alola, M|\n|poke|p2|Ursaluna-Bloodmoon, M|\n|poke|p2|Gholdengo|\n|poke|p2|Chien-Pao|\n|poke|p2|Landorus-Therian, M|\n|teampreview\n|inactive|Battle timer is ON: inactive players will automatically lose when time's up. (requested by Straw-Hat26)\n|inactive|VYK3 also wants the timer to be on.\n|\n|t:|1698102270\n|start\n|switch|p1a: Illumise|Illumise, F|100\/100\n|switch|p1b: Sai|Enamorus, F|100\/100\n|switch|p2a: Landorus|Landorus-Therian, M|100\/100\n|switch|p2b: Ninetales|Ninetales-Alola, M|100\/100\n|-weather|Snow|[from] ability: Snow Warning|[of] p2b: Ninetales\n|-ability|p2a: Landorus|Intimidate|boost\n|-unboost|p1a: Illumise|atk|1\n|-boost|p1b: Sai|atk|1\n|turn|1\n|\n|t:|1698102287\n|-terastallize|p1b: Sai|Fighting\n|move|p2b: Ninetales|Protect|p2b: Ninetales\n|-singleturn|p2b: Ninetales|Protect\n|move|p1a: Illumise|Rain Dance|p1a: Illumise\n|-weather|RainDance\n|move|p1b: Sai|Superpower|p2b: Ninetales\n|-activate|p2b: Ninetales|move: Protect\n|move|p2a: Landorus|Taunt|p1a: Illumise\n|-start|p1a: Illumise|move: Taunt\n|\n|-weather|RainDance|[upkeep]\n|upkeep\n|turn|2\n|\n|t:|1698102303\n|move|p2b: Ninetales|Encore|p1a: Illumise\n|-start|p1a: Illumise|Encore\n|move|p1b: Sai|Iron Head|p2b: Ninetales\n|-supereffective|p2b: Ninetales\n|-damage|p2b: Ninetales|0 fnt\n|faint|p2b: Ninetales\n|move|p2a: Landorus|U-turn|p1b: Sai\n|-resisted|p1b: Sai\n|-damage|p1b: Sai|79\/100\n|\n|t:|1698102309\n|switch|p2a: Gholdengo|Gholdengo|100\/100|[from] U-turn\n|cant|p1a: Illumise|move: Taunt|Rain Dance\n|\n|-weather|RainDance|[upkeep]\n|-heal|p1b: Sai|85\/100|[from] item: Leftovers\n|upkeep\n|\n|t:|1698102314\n|switch|p2b: Ogerpon|Ogerpon-Wellspring, F|100\/100\n|turn|3\n|\n|t:|1698102323\n|switch|p1a: Ogerpon|Ogerpon-Wellspring, F|100\/100\n|move|p1b: Sai|Protect|p1b: Sai\n|-singleturn|p1b: Sai|Protect\n|move|p2b: Ogerpon|Ivy Cudgel|p1a: Ogerpon\n|-immune|p1a: Ogerpon|[from] ability: Water Absorb\n|move|p2a: Gholdengo|Make It Rain|p1b: Sai|[spread] p1a\n|-activate|p1b: Sai|move: Protect\n|-resisted|p1a: Ogerpon\n|-damage|p1a: Ogerpon|74\/100\n|-unboost|p2a: Gholdengo|spa|1\n|\n|-weather|RainDance|[upkeep]\n|-heal|p1b: Sai|92\/100|[from] item: Leftovers\n|upkeep\n|turn|4\n|inactive|Straw-Hat26 has 120 seconds left.\n|\n|t:|1698102355\n|switch|p1b: Goodra|Goodra-Hisui, F|100\/100\n|move|p2b: Ogerpon|Follow Me|p2b: Ogerpon\n|-singleturn|p2b: Ogerpon|move: Follow Me\n|move|p1a: Ogerpon|Horn Leech|p2b: Ogerpon\n|-damage|p2b: Ogerpon|37\/100\n|-heal|p1a: Ogerpon|100\/100|[from] drain|[of] p2b: Ogerpon\n|move|p2a: Gholdengo|Nasty Plot|p2a: Gholdengo\n|-boost|p2a: Gholdengo|spa|2\n|\n|-weather|RainDance|[upkeep]\n|upkeep\n|turn|5\n|\n|t:|1698102380\n|move|p2b: Ogerpon|Horn Leech|p1a: Ogerpon\n|-damage|p1a: Ogerpon|43\/100\n|-heal|p2b: Ogerpon|66\/100|[from] drain|[of] p1a: Ogerpon\n|move|p1a: Ogerpon|Horn Leech|p2b: Ogerpon\n|-damage|p2b: Ogerpon|4\/100\n|-heal|p1a: Ogerpon|74\/100|[from] drain|[of] p2b: Ogerpon\n|move|p2a: Gholdengo|Shadow Ball|p1b: Goodra\n|-damage|p1b: Goodra|65\/100\n|move|p1b: Goodra|Muddy Water|p2a: Gholdengo|[spread] \n|-heal|p2b: Ogerpon|29\/100|[from] ability: Water Absorb|[of] p1b: Goodra\n|-miss|p1b: Goodra|p2a: Gholdengo\n|\n|-weather|none\n|-heal|p1b: Goodra|72\/100|[from] item: Leftovers\n|upkeep\n|turn|6\n|\n|t:|1698102397\n|move|p1a: Ogerpon|Spiky Shield|p1a: Ogerpon\n|-singleturn|p1a: Ogerpon|move: Protect\n|move|p2b: Ogerpon|Horn Leech|p1a: Ogerpon\n|-activate|p1a: Ogerpon|move: Protect\n|-damage|p2b: Ogerpon|17\/100|[from] Spiky Shield|[of] p1a: Ogerpon\n|move|p2a: Gholdengo|Shadow Ball|p1a: Ogerpon\n|-activate|p1a: Ogerpon|move: Protect\n|move|p1b: Goodra|Thunderbolt|p2a: Gholdengo\n|-damage|p2a: Gholdengo|73\/100\n|\n|-heal|p2a: Gholdengo|79\/100|[from] item: Leftovers\n|-heal|p1b: Goodra|78\/100|[from] item: Leftovers\n|upkeep\n|turn|7\n|\n|t:|1698102419\n|move|p1a: Ogerpon|Ivy Cudgel|p2a: Gholdengo\n|-damage|p2a: Gholdengo|33\/100\n|move|p2b: Ogerpon|Horn Leech|p1a: Ogerpon\n|-damage|p1a: Ogerpon|11\/100\n|-heal|p2b: Ogerpon|48\/100|[from] drain|[of] p1a: Ogerpon\n|move|p2a: Gholdengo|Nasty Plot|p2a: Gholdengo\n|-boost|p2a: Gholdengo|spa|2\n|move|p1b: Goodra|Thunderbolt|p2b: Ogerpon\n|-damage|p2b: Ogerpon|13\/100\n|-status|p2b: Ogerpon|par\n|\n|-heal|p2a: Gholdengo|39\/100|[from] item: Leftovers\n|-heal|p1b: Goodra|84\/100|[from] item: Leftovers\n|upkeep\n|turn|8\n|inactive|Straw-Hat26 has 120 seconds left.\n|\n|t:|1698102459\n|move|p2b: Ogerpon|Follow Me|p2b: Ogerpon\n|-singleturn|p2b: Ogerpon|move: Follow Me\n|move|p1a: Ogerpon|Ivy Cudgel|p2b: Ogerpon\n|-heal|p2b: Ogerpon|38\/100 par|[from] ability: Water Absorb|[of] p1a: Ogerpon\n|move|p2a: Gholdengo|Recover|p2a: Gholdengo\n|-heal|p2a: Gholdengo|89\/100\n|move|p1b: Goodra|Thunderbolt|p2b: Ogerpon\n|-crit|p2b: Ogerpon\n|-damage|p2b: Ogerpon|0 fnt\n|faint|p2b: Ogerpon\n|\n|-heal|p2a: Gholdengo|95\/100|[from] item: Leftovers\n|-heal|p1b: Goodra|90\/100|[from] item: Leftovers\n|upkeep\n|\n|t:|1698102467\n|switch|p2b: Chien-Pao|Chien-Pao|100\/100\n|-ability|p2b: Chien-Pao|Sword of Ruin\n|turn|9\n|\n|t:|1698102473\n|move|p1a: Ogerpon|Spiky Shield|p1a: Ogerpon\n|-singleturn|p1a: Ogerpon|move: Protect\n|move|p2b: Chien-Pao|Sacred Sword|p1a: Ogerpon\n|-activate|p1a: Ogerpon|move: Protect\n|-damage|p2b: Chien-Pao|88\/100|[from] Spiky Shield|[of] p1a: Ogerpon\n|move|p2a: Gholdengo|Shadow Ball|p1b: Goodra\n|-damage|p1b: Goodra|27\/100\n|move|p1b: Goodra|Muddy Water|p2a: Gholdengo|[spread] p2b\n|-miss|p1b: Goodra|p2a: Gholdengo\n|-damage|p2b: Chien-Pao|53\/100\n|-unboost|p2b: Chien-Pao|accuracy|1\n|\n|-heal|p2a: Gholdengo|100\/100|[from] item: Leftovers\n|-heal|p1b: Goodra|33\/100|[from] item: Leftovers\n|upkeep\n|turn|10\n|\n|t:|1698102501\n|switch|p1a: Sakura|Clefable, F|100\/100\n|move|p2b: Chien-Pao|Sacred Sword|p1a: Sakura|[miss]\n|-miss|p2b: Chien-Pao|p1a: Sakura\n|move|p2a: Gholdengo|Shadow Ball|p1b: Goodra\n|-damage|p1b: Goodra|0 fnt\n|faint|p1b: Goodra\n|\n|upkeep\n|inactive|Straw-Hat26 has 120 seconds left.\n|\n|t:|1698102512\n|switch|p1b: Illumise|Illumise, F|100\/100\n|turn|11\n|\n|t:|1698102526\n|switch|p1a: Ogerpon|Ogerpon-Wellspring, F|11\/100\n|move|p2b: Chien-Pao|Protect|p2b: Chien-Pao\n|-singleturn|p2b: Chien-Pao|Protect\n|move|p1b: Illumise|Struggle Bug|p2b: Chien-Pao|[spread] p2a\n|-activate|p2b: Chien-Pao|move: Protect\n|-resisted|p2a: Gholdengo\n|-damage|p2a: Gholdengo|98\/100\n|-unboost|p2a: Gholdengo|spa|1\n|move|p2a: Gholdengo|Make It Rain|p1a: Ogerpon|[spread] p1a,p1b\n|-resisted|p1a: Ogerpon\n|-damage|p1a: Ogerpon|0 fnt\n|-damage|p1b: Illumise|24\/100\n|-unboost|p2a: Gholdengo|spa|1\n|faint|p1a: Ogerpon\n|\n|-heal|p2a: Gholdengo|100\/100|[from] item: Leftovers\n|upkeep\n|\n|t:|1698102540\n|switch|p1a: Sai|Enamorus, F, tera:Fighting|92\/100\n|turn|12\n|\n|t:|1698102553\n|move|p1b: Illumise|Tailwind|p1b: Illumise\n|-sidestart|p1: Straw-Hat26|move: Tailwind\n|move|p1a: Sai|Superpower|p2b: Chien-Pao\n|-supereffective|p2b: Chien-Pao\n|-damage|p2b: Chien-Pao|0 fnt\n|-boost|p1a: Sai|atk|1\n|-boost|p1a: Sai|def|1\n|faint|p2b: Chien-Pao\n|move|p2a: Gholdengo|Make It Rain|p1b: Illumise|[spread] p1a,p1b\n|-damage|p1a: Sai|9\/100\n|-damage|p1b: Illumise|0 fnt\n|-unboost|p2a: Gholdengo|spa|1\n|faint|p1b: Illumise\n|\n|-heal|p1a: Sai|15\/100|[from] item: Leftovers\n|upkeep\n|\n|t:|1698102558\n|switch|p2b: Ursaluna|Ursaluna-Bloodmoon, M|100\/100\n|switch|p1b: Moltres|Moltres-Galar|100\/100\n|turn|13\n|\n|t:|1698102567\n|-terastallize|p2b: Ursaluna|Fairy\n|move|p1a: Sai|Protect|p1a: Sai\n|-singleturn|p1a: Sai|Protect\n|move|p1b: Moltres|Fiery Wrath|p2a: Gholdengo|[spread] p2a,p2b\n|-supereffective|p2a: Gholdengo\n|-resisted|p2b: Ursaluna\n|-damage|p2a: Gholdengo|54\/100\n|-damage|p2b: Ursaluna|90\/100\n|move|p2a: Gholdengo|Make It Rain|p1b: Moltres|[spread] p1b\n|-activate|p1a: Sai|move: Protect\n|-damage|p1b: Moltres|60\/100\n|-unboost|p2a: Gholdengo|spa|1\n|move|p2b: Ursaluna|Hyper Voice|p1b: Moltres|[spread] p1b\n|-activate|p1a: Sai|move: Protect\n|-damage|p1b: Moltres|23\/100\n|-ability|p1b: Moltres|Berserk|boost\n|-boost|p1b: Moltres|spa|1\n|-enditem|p1b: Moltres|Sitrus Berry|[eat]\n|-heal|p1b: Moltres|48\/100|[from] item: Sitrus Berry\n|\n|-heal|p1a: Sai|22\/100|[from] item: Leftovers\n|-heal|p2a: Gholdengo|60\/100|[from] item: Leftovers\n|upkeep\n|turn|14\n|\n|t:|1698102590\n|move|p1a: Sai|Iron Head|p2b: Ursaluna\n|-supereffective|p2b: Ursaluna\n|-damage|p2b: Ursaluna|37\/100\n|move|p1b: Moltres|Fiery Wrath|p2b: Ursaluna|[spread] p2a,p2b\n|-supereffective|p2a: Gholdengo\n|-resisted|p2b: Ursaluna\n|-damage|p2a: Gholdengo|0 fnt\n|-damage|p2b: Ursaluna|21\/100\n|faint|p2a: Gholdengo\n|move|p2b: Ursaluna|Hyper Voice|p1b: Moltres|[spread] p1a,p1b\n|-damage|p1a: Sai|0 fnt\n|-damage|p1b: Moltres|10\/100\n|faint|p1a: Sai\n|\n|upkeep\n|\n|t:|1698102599\n|switch|p1a: Sakura|Clefable, F|100\/100\n|switch|p2a: Landorus|Landorus-Therian, M|100\/100\n|-ability|p2a: Landorus|Intimidate|boost\n|-unboost|p1a: Sakura|atk|1\n|-unboost|p1b: Moltres|atk|1\n|turn|15\n|\n|t:|1698102619\n|move|p1b: Moltres|Ancient Power|p2b: Ursaluna\n|-damage|p2b: Ursaluna|2\/100\n|move|p1a: Sakura|Cosmic Power|p1a: Sakura\n|-boost|p1a: Sakura|def|1\n|-boost|p1a: Sakura|spd|1\n|move|p2a: Landorus|Taunt|p1a: Sakura\n|-start|p1a: Sakura|move: Taunt\n|move|p2b: Ursaluna|Hyper Voice|p1a: Sakura|[spread] p1a,p1b\n|-damage|p1a: Sakura|78\/100\n|-damage|p1b: Moltres|0 fnt\n|faint|p1b: Moltres\n|\n|-heal|p1a: Sakura|84\/100|[from] item: Leftovers\n|-sideend|p1: Straw-Hat26|move: Tailwind\n|upkeep\n|turn|16\n|\n|t:|1698102627\n|move|p2a: Landorus|Stomping Tantrum|p1a: Sakura\n|-damage|p1a: Sakura|56\/100\n|move|p1a: Sakura|Night Shade|p2b: Ursaluna\n|-damage|p2b: Ursaluna|0 fnt\n|faint|p2b: Ursaluna\n|\n|-heal|p1a: Sakura|62\/100|[from] item: Leftovers\n|upkeep\n|turn|17\n|\n|t:|1698102632\n|move|p2a: Landorus|Stomping Tantrum|p1a: Sakura\n|-damage|p1a: Sakura|34\/100\n|move|p1a: Sakura|Night Shade|p2a: Landorus\n|-damage|p2a: Landorus|74\/100\n|\n|-heal|p1a: Sakura|40\/100|[from] item: Leftovers\n|upkeep\n|turn|18\n|\n|t:|1698102641\n|move|p2a: Landorus|Stomping Tantrum|p1a: Sakura\n|-damage|p1a: Sakura|12\/100\n|move|p1a: Sakura|Night Shade|p2a: Landorus\n|-damage|p2a: Landorus|48\/100\n|-enditem|p2a: Landorus|Sitrus Berry|[eat]\n|-heal|p2a: Landorus|73\/100|[from] item: Sitrus Berry\n|\n|-heal|p1a: Sakura|18\/100|[from] item: Leftovers\n|-end|p1a: Sakura|move: Taunt\n|upkeep\n|turn|19\n|\n|t:|1698102650\n|move|p2a: Landorus|Taunt|p1a: Sakura\n|-start|p1a: Sakura|move: Taunt\n|cant|p1a: Sakura|move: Taunt|Moonlight\n|\n|-heal|p1a: Sakura|24\/100|[from] item: Leftovers\n|upkeep\n|turn|20\n|\n|t:|1698102653\n|move|p2a: Landorus|Stomping Tantrum|p1a: Sakura\n|-damage|p1a: Sakura|0 fnt\n|faint|p1a: Sakura\n|\n|win|VYK3\n|raw|Straw-Hat26's rating: 1533 &rarr; <strong>1511<\/strong><br \/>(-22 for losing)\n|raw|VYK3's rating: 1490 &rarr; <strong>1512<\/strong><br \/>(+22 for winning)\n|l|\u2606VYK3\n|l|\u2606Straw-Hat26\n|j|\u2606VYK3\n|player|p2|VYK3|alec-anime\n","uploadtime":1698102738,"views":16,"p1id":"strawhat26","p2id":"vyk3","formatid":"gen9doublesou","rating":1511,"private":0,"password":""}