{"id":"gen9doublesou-1991955417","p1":"Gk 730","p2":"Blue Syrius","format":"[Gen 9] Doubles OU","log":"|j|\u2606Gk 730\n|j|\u2606Blue Syrius\n|t:|1700142234\n|gametype|doubles\n|player|p1|Gk 730|cynthia-gen4|1209\n|player|p2|Blue Syrius|ninjaboy|1326\n|teamsize|p1|6\n|teamsize|p2|6\n|gen|9\n|tier|[Gen 9] Doubles OU\n|rated|\n|rule|Species Clause: Limit one of each Pok\u00e9mon\n|rule|OHKO Clause: OHKO moves are banned\n|rule|Evasion Moves Clause: Evasion moves are banned\n|rule|Gravity Sleep Clause: The combination of sleep-inducing moves with imperfect accuracy and Gravity or Gigantamax Orbeetle are banned\n|rule|Endless Battle Clause: Forcing endless battles is banned\n|rule|HP Percentage Mod: HP is shown in percentages\n|clearpoke\n|poke|p1|Kleavor, M|\n|poke|p1|Dipplin, F|\n|poke|p1|Iron Bundle|\n|poke|p1|Chi-Yu|\n|poke|p1|Ninetales-Alola, M|\n|poke|p1|Iron Hands|\n|poke|p2|Farigiraf, F|\n|poke|p2|Chien-Pao|\n|poke|p2|Garchomp, M|\n|poke|p2|Tornadus, M|\n|poke|p2|Flutter Mane|\n|poke|p2|Chi-Yu|\n|teampreview\n|inactive|Battle timer is ON: inactive players will automatically lose when time's up. (requested by Gk 730)\n|\n|t:|1700142250\n|start\n|switch|p1a: Kleavor|Kleavor, M|100\/100\n|switch|p1b: Iron Hands|Iron Hands|100\/100\n|switch|p2a: Psyshock|Flutter Mane|100\/100\n|switch|p2b: Protect|Chi-Yu|100\/100\n|-ability|p2b: Protect|Beads of Ruin\n|-enditem|p2a: Psyshock|Booster Energy\n|-activate|p2a: Psyshock|ability: Protosynthesis|[fromitem]\n|-start|p2a: Psyshock|protosynthesisspa\n|turn|1\n|\n|t:|1700142267\n|move|p1b: Iron Hands|Fake Out|p2b: Protect\n|-damage|p2b: Protect|74\/100\n|cant|p2b: Protect|flinch\n|move|p2a: Psyshock|Shadow Ball|p1a: Kleavor\n|-damage|p1a: Kleavor|0 fnt\n|faint|p1a: Kleavor\n|\n|upkeep\n|\n|t:|1700142280\n|switch|p1a: Iron Bundle|Iron Bundle|100\/100\n|-enditem|p1a: Iron Bundle|Booster Energy\n|-activate|p1a: Iron Bundle|ability: Quark Drive|[fromitem]\n|-start|p1a: Iron Bundle|quarkdrivespe\n|turn|2\n|\n|t:|1700142302\n|-terastallize|p2a: Psyshock|Dark\n|move|p1a: Iron Bundle|Hydro Pump|p2b: Protect\n|-supereffective|p2b: Protect\n|-damage|p2b: Protect|0 fnt\n|faint|p2b: Protect\n|move|p2a: Psyshock|Shadow Ball|p1a: Iron Bundle\n|-damage|p1a: Iron Bundle|0 fnt\n|faint|p1a: Iron Bundle\n|-end|p1a: Iron Bundle|Quark Drive|[silent]\n|move|p1b: Iron Hands|Heavy Slam|p2a: Psyshock\n|-damage|p2a: Psyshock|0 fnt\n|faint|p2a: Psyshock\n|-end|p2a: Psyshock|Protosynthesis|[silent]\n|\n|upkeep\n|\n|t:|1700142318\n|switch|p1a: Ninetales|Ninetales-Alola, M|100\/100\n|switch|p2a: Stealth Rock|Garchomp, M|100\/100\n|switch|p2b: Nasty Plot|Tornadus, M|100\/100\n|-weather|Snow|[from] ability: Snow Warning|[of] p1a: Ninetales\n|turn|3\n|\n|t:|1700142333\n|move|p2b: Nasty Plot|Tailwind|p2b: Nasty Plot\n|-sidestart|p2: Blue Syrius|move: Tailwind\n|move|p2a: Stealth Rock|Rock Slide|p1b: Iron Hands|[spread] p1a,p1b\n|-supereffective|p1a: Ninetales\n|-resisted|p1b: Iron Hands\n|-damage|p1a: Ninetales|61\/100\n|-damage|p1b: Iron Hands|94\/100\n|move|p1a: Ninetales|Moonblast|p2a: Stealth Rock\n|-supereffective|p2a: Stealth Rock\n|-damage|p2a: Stealth Rock|30\/100\n|cant|p1b: Iron Hands|flinch\n|\n|-weather|Snow|[upkeep]\n|upkeep\n|turn|4\n|\n|t:|1700142352\n|move|p2b: Nasty Plot|Heat Wave|p1a: Ninetales|[spread] p1a\n|-miss|p2b: Nasty Plot|p1b: Iron Hands\n|-supereffective|p1a: Ninetales\n|-damage|p1a: Ninetales|0 fnt\n|faint|p1a: Ninetales\n|move|p2a: Stealth Rock|Rock Slide|p1b: Iron Hands\n|-resisted|p1b: Iron Hands\n|-damage|p1b: Iron Hands|85\/100\n|move|p1b: Iron Hands|Wild Charge|p2b: Nasty Plot\n|-supereffective|p2b: Nasty Plot\n|-enditem|p2b: Nasty Plot|Focus Sash\n|-damage|p2b: Nasty Plot|1\/100\n|-damage|p1b: Iron Hands|71\/100|[from] Recoil\n|\n|-weather|Snow|[upkeep]\n|upkeep\n|\n|t:|1700142366\n|switch|p1a: Dipplin|Dipplin, F|100\/100\n|-ability|p1a: Dipplin|Supersweet Syrup\n|-ability|p1a: Dipplin|Supersweet Syrup|boost\n|-fail|p2a: Stealth Rock|unboost|[from] item: Clear Amulet|[of] p2a: Stealth Rock\n|-unboost|p2b: Nasty Plot|evasion|1\n|turn|5\n|\n|t:|1700142376\n|move|p2b: Nasty Plot|Bleakwind Storm|p1b: Iron Hands|[spread] p1a,p1b\n|-supereffective|p1a: Dipplin\n|-damage|p1a: Dipplin|52\/100\n|-damage|p1b: Iron Hands|48\/100\n|-unboost|p1b: Iron Hands|spe|1\n|move|p2a: Stealth Rock|Earthquake|p1b: Iron Hands|[spread] p1a,p1b\n|-immune|p2b: Nasty Plot\n|-resisted|p1a: Dipplin\n|-supereffective|p1b: Iron Hands\n|-damage|p1a: Dipplin|42\/100\n|-damage|p1b: Iron Hands|0 fnt\n|faint|p1b: Iron Hands\n|-end|p1b: Iron Hands|Quark Drive|[silent]\n|move|p1a: Dipplin|Syrup Bomb|p2a: Stealth Rock\n|-damage|p2a: Stealth Rock|11\/100\n|-start|p2a: Stealth Rock|Syrup Bomb\n|\n|-weather|Snow|[upkeep]\n|-fail|p2a: Stealth Rock|unboost|[from] item: Clear Amulet|[of] p2a: Stealth Rock\n|upkeep\n|inactive|Gk 730 has 120 seconds left.\n|inactive|Gk 730 has 90 seconds left.\n|inactive|Gk 730 has 60 seconds left.\n|c|\u2606Blue Syrius|i wonder which pokemon will you choose now, hmmm.. decisions decisions\n|inactive|Gk 730 has 30 seconds left.\n|inactive|Gk 730 has 20 seconds left.\n|inactive|Gk 730 has 15 seconds left.\n|inactive|Gk 730 has 10 seconds left.\n|inactive|Gk 730 has 5 seconds left.\n|c|\u2606Blue Syrius|oh ? You raged quitted ? My bad\n|-message|Gk 730 lost due to inactivity.\n|\n|win|Blue Syrius\n|raw|Gk 730's rating: 1211 &rarr; <strong>1194<\/strong><br \/>(-17 for losing)\n|raw|Blue Syrius's rating: 1326 &rarr; <strong>1340<\/strong><br \/>(+14 for winning)\n","uploadtime":1700142530,"views":11,"p1id":"gk730","p2id":"bluesyrius","formatid":"gen9doublesou","rating":1194,"private":0,"password":""}