{"id":"gen9doublesou-1976687594","p1":"GUARDIAN47","p2":"R37","format":"[Gen 9] Doubles OU","log":"|j|\u2606GUARDIAN47\n|j|\u2606R37\n|t:|1698333483\n|gametype|doubles\n|player|p1|GUARDIAN47|ltsurge|1106\n|player|p2|R37|cilan|1146\n|teamsize|p1|6\n|teamsize|p2|6\n|gen|9\n|tier|[Gen 9] Doubles OU\n|rated|\n|rule|Species Clause: Limit one of each Pok\u00e9mon\n|rule|OHKO Clause: OHKO moves are banned\n|rule|Evasion Moves Clause: Evasion moves are banned\n|rule|Gravity Sleep Clause: The combination of sleep-inducing moves with imperfect accuracy and Gravity or Gigantamax Orbeetle are banned\n|rule|Endless Battle Clause: Forcing endless battles is banned\n|rule|HP Percentage Mod: HP is shown in percentages\n|clearpoke\n|poke|p1|Chien-Pao|\n|poke|p1|Amoonguss, F|\n|poke|p1|Flutter Mane|\n|poke|p1|Ursaluna, M|\n|poke|p1|Cresselia, F|\n|poke|p1|Volcanion|\n|poke|p2|Falinks|\n|poke|p2|Flamigo, F|\n|poke|p2|Revavroom, F|\n|poke|p2|Slaking, M|\n|poke|p2|Golduck, M|\n|poke|p2|Meowscarada, F|\n|teampreview\n|inactive|Battle timer is ON: inactive players will automatically lose when time's up. (requested by R37)\n|\n|t:|1698333497\n|start\n|switch|p1a: Amoonguss|Amoonguss, F|100\/100\n|switch|p1b: Ursaluna|Ursaluna, M|100\/100\n|switch|p2a: Golduck|Golduck, M|100\/100\n|switch|p2b: Falinks|Falinks|100\/100\n|-ability|p2a: Golduck|Cloud Nine\n|turn|1\n|\n|t:|1698333515\n|switch|p1b: Volcanion|Volcanion|100\/100\n|move|p2a: Golduck|Taunt|p1a: Amoonguss\n|-start|p1a: Amoonguss|move: Taunt\n|move|p2b: Falinks|Knock Off|p1b: Volcanion\n|-damage|p1b: Volcanion|77\/100\n|-enditem|p1b: Volcanion|Assault Vest|[from] move: Knock Off|[of] p2b: Falinks\n|cant|p1a: Amoonguss|move: Taunt|Spore\n|\n|upkeep\n|turn|2\n|\n|t:|1698333533\n|switch|p1a: Flutter Mane|Flutter Mane|100\/100\n|move|p2a: Golduck|Simple Beam|p2b: Falinks\n|-endability|p2b: Falinks|Defiant|[from] move: Simple Beam\n|-ability|p2b: Falinks|Simple|[from] move: Simple Beam\n|move|p2b: Falinks|No Retreat|p2b: Falinks\n|-boost|p2b: Falinks|atk|2\n|-boost|p2b: Falinks|def|2\n|-boost|p2b: Falinks|spa|2\n|-boost|p2b: Falinks|spd|2\n|-boost|p2b: Falinks|spe|2\n|-start|p2b: Falinks|move: No Retreat\n|move|p1b: Volcanion|Steam Eruption|p2b: Falinks\n|-damage|p2b: Falinks|54\/100\n|\n|upkeep\n|turn|3\n|inactive|R37 has 120 seconds left.\n|\n|t:|1698333565\n|-terastallize|p2b: Falinks|Fairy\n|move|p2b: Falinks|Brick Break|p1b: Volcanion\n|-damage|p1b: Volcanion|16\/100\n|move|p1a: Flutter Mane|Dazzling Gleam|p2a: Golduck|[spread] p2a,p2b\n|-damage|p2a: Golduck|43\/100\n|-damage|p2b: Falinks|18\/100\n|move|p2a: Golduck|Flip Turn|p1a: Flutter Mane\n|-damage|p1a: Flutter Mane|68\/100\n|inactive|R37 has 120 seconds left.\n|\n|t:|1698333575\n|switch|p2a: Flamigo|Flamigo, F|100\/100|[from] Flip Turn\n|-copyboost|p2a: Flamigo|p2b: Falinks|[from] ability: Costar\n|move|p1b: Volcanion|Steam Eruption|p2b: Falinks|[miss]\n|-miss|p1b: Volcanion|p2b: Falinks\n|\n|upkeep\n|turn|4\n|\n|t:|1698333588\n|move|p2a: Flamigo|Brave Bird|p1a: Flutter Mane\n|-damage|p1a: Flutter Mane|0 fnt\n|faint|p1a: Flutter Mane\n|-end|p1a: Flutter Mane|Protosynthesis|[silent]\n|-damage|p2a: Flamigo|79\/100|[from] Recoil\n|-damage|p2a: Flamigo|69\/100|[from] item: Life Orb\n|move|p2b: Falinks|Brick Break|p1b: Volcanion\n|-damage|p1b: Volcanion|0 fnt\n|faint|p1b: Volcanion\n|\n|upkeep\n|\n|t:|1698333591\n|switch|p1a: Cresselia|Cresselia, F|100\/100\n|switch|p1b: Amoonguss|Amoonguss, F|100\/100\n|turn|5\n|\n|t:|1698333606\n|move|p1b: Amoonguss|Rage Powder|p1b: Amoonguss\n|-singleturn|p1b: Amoonguss|move: Rage Powder\n|move|p2a: Flamigo|Brave Bird|p1b: Amoonguss\n|-supereffective|p1b: Amoonguss\n|-damage|p1b: Amoonguss|0 fnt\n|faint|p1b: Amoonguss\n|-damage|p2a: Flamigo|22\/100|[from] Recoil\n|-damage|p2a: Flamigo|13\/100|[from] item: Life Orb\n|move|p2b: Falinks|Knock Off|p1a: Cresselia\n|-supereffective|p1a: Cresselia\n|-damage|p1a: Cresselia|13\/100\n|-enditem|p1a: Cresselia|Leftovers|[from] move: Knock Off|[of] p2b: Falinks\n|move|p1a: Cresselia|Trick Room|p1a: Cresselia\n|-fieldstart|move: Trick Room|[of] p1a: Cresselia\n|\n|upkeep\n|\n|t:|1698333631\n|switch|p1b: Ursaluna|Ursaluna, M|100\/100\n|turn|6\n|\n|t:|1698333647\n|move|p2a: Flamigo|Wide Guard|p2a: Flamigo\n|-singleturn|p2a: Flamigo|Wide Guard\n|move|p1b: Ursaluna|Facade|p2a: Flamigo\n|-damage|p2a: Flamigo|0 fnt\n|faint|p2a: Flamigo\n|move|p1a: Cresselia|Icy Wind|p2b: Falinks\n|-activate|p2b: Falinks|move: Wide Guard\n|move|p2b: Falinks|Brick Break|p1b: Ursaluna\n|-supereffective|p1b: Ursaluna\n|-damage|p1b: Ursaluna|0 fnt\n|faint|p1b: Ursaluna\n|\n|upkeep\n|-message|GUARDIAN47 forfeited.\n|\n|win|R37\n|raw|GUARDIAN47's rating: 1106 &rarr; <strong>1084<\/strong><br \/>(-22 for losing)\n|raw|R37's rating: 1146 &rarr; <strong>1168<\/strong><br \/>(+22 for winning)\n|l|\u2606GUARDIAN47\n","uploadtime":1698333675,"views":20,"p1id":"guardian47","p2id":"r37","formatid":"gen9doublesou","rating":1084,"private":0,"password":""}