{"id":"gen9doublesou-1998922589","p1":"Kittyredheart","p2":"cotesmcgotes","format":"[Gen 9] Doubles OU","log":"|j|\u2606Kittyredheart\n|j|\u2606cotesmcgotes\n|t:|1701013478\n|gametype|doubles\n|player|p1|Kittyredheart|elesa|1299\n|player|p2|cotesmcgotes|flannery|1353\n|teamsize|p1|6\n|teamsize|p2|6\n|gen|9\n|tier|[Gen 9] Doubles OU\n|rated|\n|rule|Species Clause: Limit one of each Pok\u00e9mon\n|rule|OHKO Clause: OHKO moves are banned\n|rule|Evasion Moves Clause: Evasion moves are banned\n|rule|Gravity Sleep Clause: The combination of sleep-inducing moves with imperfect accuracy and Gravity or Gigantamax Orbeetle are banned\n|rule|Endless Battle Clause: Forcing endless battles is banned\n|rule|HP Percentage Mod: HP is shown in percentages\n|clearpoke\n|poke|p1|Chien-Pao|\n|poke|p1|Milotic, M|\n|poke|p1|Grimmsnarl, M|\n|poke|p1|Jirachi|\n|poke|p1|Landorus-Therian, M|\n|poke|p1|Ninetales-Alola, M|\n|poke|p2|Cresselia, F|\n|poke|p2|Overqwil, F|\n|poke|p2|Pelipper, M|\n|poke|p2|Barraskewda, M|\n|poke|p2|Gholdengo|\n|poke|p2|Decidueye-Hisui, M|\n|teampreview\n|inactive|Battle timer is ON: inactive players will automatically lose when time's up. (requested by cotesmcgotes)\n|\n|t:|1701013497\n|start\n|switch|p1a: Chicky Wicky|Grimmsnarl, M, shiny|100\/100\n|switch|p1b: Iron Fangs|Chien-Pao|100\/100\n|switch|p2a: Pelipper|Pelipper, M|100\/100\n|switch|p2b: Overqwil|Overqwil, F|100\/100\n|-ability|p1b: Iron Fangs|Sword of Ruin\n|-weather|RainDance|[from] ability: Drizzle|[of] p2a: Pelipper\n|turn|1\n|inactive|cotesmcgotes has 120 seconds left.\n|\n|t:|1701013539\n|switch|p1a: Cloud Terra|Landorus-Therian, M|100\/100\n|-ability|p1a: Cloud Terra|Intimidate|boost\n|-unboost|p2a: Pelipper|atk|1\n|-unboost|p2b: Overqwil|atk|1\n|move|p2b: Overqwil|Swords Dance|p2b: Overqwil\n|-boost|p2b: Overqwil|atk|2\n|move|p1b: Iron Fangs|Sacred Sword|p2b: Overqwil\n|-damage|p2b: Overqwil|31\/100\n|move|p2a: Pelipper|Tailwind|p2a: Pelipper\n|-sidestart|p2: cotesmcgotes|move: Tailwind\n|\n|-weather|RainDance|[upkeep]\n|-heal|p2b: Overqwil|37\/100|[from] item: Black Sludge\n|upkeep\n|turn|2\n|inactive|cotesmcgotes has 120 seconds left.\n|\n|t:|1701013563\n|switch|p2a: Cresselia|Cresselia, F, shiny|100\/100\n|switch|p1a: Iron Wish|Jirachi|100\/100\n|move|p2b: Overqwil|Acupressure|p2a: Cresselia\n|-boost|p2a: Cresselia|accuracy|2\n|move|p1b: Iron Fangs|Sacred Sword|p2b: Overqwil\n|-damage|p2b: Overqwil|0 fnt\n|faint|p2b: Overqwil\n|\n|-weather|RainDance|[upkeep]\n|upkeep\n|\n|t:|1701013578\n|switch|p2b: Barraskewda|Barraskewda, M, shiny|100\/100\n|turn|3\n|\n|t:|1701013585\n|switch|p1b: Cloud Terra|Landorus-Therian, M|100\/100\n|-ability|p1b: Cloud Terra|Intimidate|boost\n|-unboost|p2a: Cresselia|atk|1\n|-fail|p2b: Barraskewda|unboost|[from] item: Clear Amulet|[of] p2b: Barraskewda\n|-terastallize|p2a: Cresselia|Electric\n|move|p2b: Barraskewda|Acupressure|p2a: Cresselia\n|-boost|p2a: Cresselia|evasion|2\n|move|p2a: Cresselia|Calm Mind|p2a: Cresselia\n|-boost|p2a: Cresselia|spa|1\n|-boost|p2a: Cresselia|spd|1\n|move|p1a: Iron Wish|Wish|p1a: Iron Wish\n|\n|-weather|RainDance|[upkeep]\n|upkeep\n|turn|4\n|\n|t:|1701013609\n|switch|p1b: Chicky Wicky|Grimmsnarl, M, shiny|100\/100\n|move|p2b: Barraskewda|Liquidation|p1b: Chicky Wicky\n|-damage|p1b: Chicky Wicky|24\/100\n|-unboost|p1b: Chicky Wicky|def|1\n|move|p2a: Cresselia|Calm Mind|p2a: Cresselia\n|-boost|p2a: Cresselia|spa|1\n|-boost|p2a: Cresselia|spd|1\n|move|p1a: Iron Wish|Cosmic Power|p1a: Iron Wish\n|-boost|p1a: Iron Wish|def|1\n|-boost|p1a: Iron Wish|spd|1\n|\n|-weather|RainDance|[upkeep]\n|-sideend|p2: cotesmcgotes|move: Tailwind\n|upkeep\n|turn|5\n|\n|t:|1701013628\n|move|p1b: Chicky Wicky|Thunder Wave|p2b: Barraskewda\n|-status|p2b: Barraskewda|par\n|cant|p2b: Barraskewda|par\n|move|p1a: Iron Wish|Cosmic Power|p1a: Iron Wish\n|-boost|p1a: Iron Wish|def|1\n|-boost|p1a: Iron Wish|spd|1\n|move|p2a: Cresselia|Stored Power|p1a: Iron Wish\n|-resisted|p1a: Iron Wish\n|-damage|p1a: Iron Wish|89\/100\n|\n|-weather|RainDance|[upkeep]\n|-heal|p1a: Iron Wish|95\/100|[from] item: Leftovers\n|upkeep\n|turn|6\n|\n|t:|1701013645\n|move|p1b: Chicky Wicky|Light Screen|p1b: Chicky Wicky\n|-sidestart|p1: Kittyredheart|move: Light Screen\n|move|p2b: Barraskewda|Drill Run|p1a: Iron Wish\n|-supereffective|p1a: Iron Wish\n|-damage|p1a: Iron Wish|70\/100\n|move|p1a: Iron Wish|Cosmic Power|p1a: Iron Wish\n|-boost|p1a: Iron Wish|def|1\n|-boost|p1a: Iron Wish|spd|1\n|move|p2a: Cresselia|Moonblast|p1b: Chicky Wicky\n|-supereffective|p1b: Chicky Wicky\n|-damage|p1b: Chicky Wicky|0 fnt\n|faint|p1b: Chicky Wicky\n|\n|-weather|RainDance|[upkeep]\n|-heal|p1a: Iron Wish|76\/100|[from] item: Leftovers\n|upkeep\n|\n|t:|1701013658\n|switch|p1b: Iron North|Ninetales-Alola, M|100\/100\n|-weather|Snow|[from] ability: Snow Warning|[of] p1b: Iron North\n|turn|7\n|\n|t:|1701013667\n|switch|p2b: Pelipper|Pelipper, M|100\/100\n|-weather|RainDance|[from] ability: Drizzle|[of] p2b: Pelipper\n|move|p1b: Iron North|Aurora Veil||[still]\n|-fail|p1b: Iron North\n|move|p1a: Iron Wish|Cosmic Power|p1a: Iron Wish\n|-boost|p1a: Iron Wish|def|1\n|-boost|p1a: Iron Wish|spd|1\n|move|p2a: Cresselia|Stored Power|p1b: Iron North\n|-damage|p1b: Iron North|0 fnt\n|faint|p1b: Iron North\n|\n|-weather|RainDance|[upkeep]\n|-heal|p1a: Iron Wish|82\/100|[from] item: Leftovers\n|upkeep\n|\n|t:|1701013679\n|switch|p1b: Iron Fangs|Chien-Pao|100\/100\n|-ability|p1b: Iron Fangs|Sword of Ruin\n|turn|8\n|\n|t:|1701013695\n|move|p1b: Iron Fangs|Ice Spinner|p2a: Cresselia\n|-damage|p2a: Cresselia|43\/100\n|move|p1a: Iron Wish|Cosmic Power|p1a: Iron Wish\n|-boost|p1a: Iron Wish|def|1\n|-boost|p1a: Iron Wish|spd|1\n|move|p2a: Cresselia|Moonblast|p1b: Iron Fangs\n|-supereffective|p1b: Iron Fangs\n|-crit|p1b: Iron Fangs\n|-damage|p1b: Iron Fangs|0 fnt\n|faint|p1b: Iron Fangs\n|move|p2b: Pelipper|Tailwind|p2b: Pelipper\n|-sidestart|p2: cotesmcgotes|move: Tailwind\n|\n|-weather|RainDance|[upkeep]\n|-heal|p2a: Cresselia|49\/100|[from] item: Leftovers\n|-heal|p1a: Iron Wish|88\/100|[from] item: Leftovers\n|upkeep\n|\n|t:|1701013710\n|switch|p1b: Cloud Terra|Landorus-Therian, M|100\/100\n|-ability|p1b: Cloud Terra|Intimidate|boost\n|-unboost|p2a: Cresselia|atk|1\n|-unboost|p2b: Pelipper|atk|1\n|turn|9\n|\n|t:|1701013718\n|switch|p1b: Aqua Marine|Milotic, M|100\/100\n|move|p2a: Cresselia|Stored Power|p1b: Aqua Marine\n|-damage|p1b: Aqua Marine|38\/100\n|move|p2b: Pelipper|Icy Wind|p1b: Aqua Marine|[spread] p1a\n|-miss|p2b: Pelipper|p1b: Aqua Marine\n|-resisted|p1a: Iron Wish\n|-damage|p1a: Iron Wish|87\/100\n|-unboost|p1a: Iron Wish|spe|1\n|move|p1a: Iron Wish|Cosmic Power|p1a: Iron Wish\n|-boost|p1a: Iron Wish|def|1\n|-boost|p1a: Iron Wish|spd|1\n|\n|-weather|RainDance|[upkeep]\n|-heal|p2a: Cresselia|55\/100|[from] item: Leftovers\n|-heal|p1a: Iron Wish|93\/100|[from] item: Leftovers\n|upkeep\n|turn|10\n|\n|t:|1701013746\n|move|p2a: Cresselia|Stored Power|p1b: Aqua Marine\n|-damage|p1b: Aqua Marine|0 fnt\n|faint|p1b: Aqua Marine\n|move|p2b: Pelipper|Chilling Water|p1a: Iron Wish\n|-damage|p1a: Iron Wish|89\/100\n|-unboost|p1a: Iron Wish|atk|1\n|move|p1a: Iron Wish|Stored Power|p2b: Pelipper\n|-damage|p2b: Pelipper|0 fnt\n|faint|p2b: Pelipper\n|\n|-weather|RainDance|[upkeep]\n|-heal|p2a: Cresselia|61\/100|[from] item: Leftovers\n|-heal|p1a: Iron Wish|95\/100|[from] item: Leftovers\n|-sideend|p1: Kittyredheart|move: Light Screen\n|upkeep\n|\n|t:|1701013762\n|switch|p1b: Cloud Terra|Landorus-Therian, M|100\/100\n|switch|p2b: Decidueye|Decidueye-Hisui, M|100\/100\n|-ability|p1b: Cloud Terra|Intimidate|boost\n|-unboost|p2a: Cresselia|atk|1\n|-fail|p2b: Decidueye|unboost|Attack|[from] ability: Scrappy|[of] p2b: Decidueye\n|turn|11\n|\n|t:|1701013773\n|move|p2a: Cresselia|Stored Power|p1b: Cloud Terra\n|-damage|p1b: Cloud Terra|0 fnt\n|faint|p1b: Cloud Terra\n|move|p2b: Decidueye|Knock Off|p1a: Iron Wish\n|-supereffective|p1a: Iron Wish\n|-damage|p1a: Iron Wish|81\/100\n|-enditem|p1a: Iron Wish|Leftovers|[from] move: Knock Off|[of] p2b: Decidueye\n|move|p1a: Iron Wish|Stored Power|p2b: Decidueye\n|-supereffective|p2b: Decidueye\n|-damage|p2b: Decidueye|0 fnt\n|faint|p2b: Decidueye\n|\n|-weather|RainDance|[upkeep]\n|-heal|p2a: Cresselia|67\/100|[from] item: Leftovers\n|-sideend|p2: cotesmcgotes|move: Tailwind\n|upkeep\n|\n|t:|1701013785\n|switch|p2b: Barraskewda|Barraskewda, M, shiny|100\/100 par\n|turn|12\n|\n|t:|1701013789\n|move|p2b: Barraskewda|Acupressure|p2a: Cresselia\n|-boost|p2a: Cresselia|spd|2\n|move|p2a: Cresselia|Calm Mind|p2a: Cresselia\n|-boost|p2a: Cresselia|spa|1\n|-boost|p2a: Cresselia|spd|1\n|move|p1a: Iron Wish|Stored Power|p2b: Barraskewda\n|-damage|p2b: Barraskewda|0 fnt\n|faint|p2b: Barraskewda\n|\n|-weather|RainDance|[upkeep]\n|-heal|p2a: Cresselia|73\/100|[from] item: Leftovers\n|upkeep\n|\n|t:|1701013797\n|switch|p2b: Gholdengo|Gholdengo|100\/100\n|turn|13\n|\n|t:|1701013807\n|move|p2b: Gholdengo|Shadow Ball|p1a: Iron Wish\n|-supereffective|p1a: Iron Wish\n|-crit|p1a: Iron Wish\n|-damage|p1a: Iron Wish|0 fnt\n|faint|p1a: Iron Wish\n|\n|win|cotesmcgotes\n|raw|Kittyredheart's rating: 1299 &rarr; <strong>1278<\/strong><br \/>(-21 for losing)\n|raw|cotesmcgotes's rating: 1353 &rarr; <strong>1370<\/strong><br \/>(+17 for winning)\n|l|\u2606Kittyredheart\n","uploadtime":1701013822,"views":5,"p1id":"kittyredheart","p2id":"cotesmcgotes","formatid":"gen9doublesou","rating":1278,"private":0,"password":""}