{"id":"gen9doublesou-1986065748","p1":"RocketsViability","p2":"AGENCY--INFERNAL--","format":"[Gen 9] Doubles OU","log":"|j|\u2606RocketsViability\n|j|\u2606AGENCY--INFERNAL--\n|t:|1699446064\n|gametype|doubles\n|player|p1|RocketsViability|2|1161\n|player|p2|AGENCY--INFERNAL--|2|1241\n|teamsize|p1|6\n|teamsize|p2|6\n|gen|9\n|tier|[Gen 9] Doubles OU\n|rated|\n|rule|Species Clause: Limit one of each Pok\u00e9mon\n|rule|OHKO Clause: OHKO moves are banned\n|rule|Evasion Moves Clause: Evasion moves are banned\n|rule|Gravity Sleep Clause: The combination of sleep-inducing moves with imperfect accuracy and Gravity or Gigantamax Orbeetle are banned\n|rule|Endless Battle Clause: Forcing endless battles is banned\n|rule|HP Percentage Mod: HP is shown in percentages\n|clearpoke\n|poke|p1|Ninetales-Alola, M|\n|poke|p1|Trevenant, F|\n|poke|p1|Goodra-Hisui, F|\n|poke|p1|Sandslash-Alola, F|\n|poke|p1|Torterra, M|\n|poke|p1|Empoleon, M|\n|poke|p2|Conkeldurr, M|\n|poke|p2|Oranguru, F|\n|poke|p2|Vikavolt, M|\n|poke|p2|Enamorus-Therian, F|\n|poke|p2|Ursaluna-Bloodmoon, M|\n|poke|p2|Iron Hands|\n|teampreview\n|inactive|Battle timer is ON: inactive players will automatically lose when time's up. (requested by AGENCY--INFERNAL--)\n|\n|t:|1699446093\n|start\n|switch|p1a: Trevenant|Trevenant, F|100\/100\n|switch|p1b: Torterra|Torterra, M|100\/100\n|switch|p2a: Iron Hands|Iron Hands, shiny|100\/100\n|switch|p2b: Oranguru|Oranguru, F, shiny|100\/100\n|turn|1\n|\n|t:|1699446103\n|move|p2a: Iron Hands|Fake Out|p1b: Torterra\n|-damage|p1b: Torterra|88\/100\n|move|p1a: Trevenant|Ally Switch|p1a: Trevenant\n|swap|p1a: Trevenant|1|[from] move: Ally Switch\n|cant|p1a: Torterra|flinch\n|move|p2b: Oranguru|Trick Room|p2b: Oranguru\n|-fieldstart|move: Trick Room|[of] p2b: Oranguru\n|\n|upkeep\n|turn|2\n|c|\u2606RocketsViability|keep forgetting fake out goes first\n|inactive|AGENCY--INFERNAL-- has 120 seconds left.\n|c|\u2606RocketsViability|except on prot\n|c|\u2606AGENCY--INFERNAL--|yea tru\n|inactive|AGENCY--INFERNAL-- has 90 seconds left.\n|\n|t:|1699446166\n|-end|p2a: Iron Hands|Quark Drive|[silent]\n|switch|p2a: Vikavolt|Vikavolt, M, shiny|100\/100\n|switch|p1a: Ninetales|Ninetales-Alola, M|100\/100\n|-weather|Snow|[from] ability: Snow Warning|[of] p1a: Ninetales\n|move|p2b: Oranguru|Knock Off|p1b: Trevenant\n|-supereffective|p1b: Trevenant\n|-damage|p1b: Trevenant|65\/100\n|-enditem|p1b: Trevenant|Sitrus Berry|[from] move: Knock Off|[of] p2b: Oranguru\n|move|p1b: Trevenant|Toxic|p2b: Oranguru\n|-status|p2b: Oranguru|tox\n|\n|-weather|Snow|[upkeep]\n|-damage|p2b: Oranguru|94\/100 tox|[from] psn\n|upkeep\n|turn|3\n|\n|t:|1699446187\n|move|p2a: Vikavolt|Discharge|p1a: Ninetales|[spread] p1a,p1b\n|-activate|p2b: Oranguru|ability: Telepathy\n|-resisted|p1b: Trevenant\n|-damage|p1a: Ninetales|41\/100\n|-damage|p1b: Trevenant|46\/100\n|-damage|p2a: Vikavolt|91\/100|[from] item: Life Orb\n|move|p2b: Oranguru|Instruct|p2a: Vikavolt\n|-singleturn|p2a: Vikavolt|move: Instruct|[of] p2b: Oranguru\n|move|p2a: Vikavolt|Discharge|p1a: Ninetales|[spread] p1a,p1b\n|-activate|p2b: Oranguru|ability: Telepathy\n|-resisted|p1b: Trevenant\n|-damage|p1a: Ninetales|0 fnt\n|-damage|p1b: Trevenant|26\/100\n|faint|p1a: Ninetales\n|-damage|p2a: Vikavolt|81\/100|[from] item: Life Orb\n|move|p1b: Trevenant|Disable|p2a: Vikavolt\n|-start|p2a: Vikavolt|Disable|Discharge\n|\n|-weather|Snow|[upkeep]\n|-damage|p2b: Oranguru|82\/100 tox|[from] psn\n|upkeep\n|inactive|RocketsViability has 120 seconds left.\n|\n|t:|1699446209\n|switch|p1a: Sandslash|Sandslash-Alola, F|100\/100\n|turn|4\n|inactive|AGENCY--INFERNAL-- has 120 seconds left.\n|\n|t:|1699446229\n|switch|p2b: Iron Hands|Iron Hands, shiny|100\/100\n|move|p1b: Trevenant|Ally Switch|p1b: Trevenant\n|swap|p1b: Trevenant|0|[from] move: Ally Switch\n|move|p1b: Sandslash|Ice Shard|p2a: Vikavolt\n|-damage|p2a: Vikavolt|59\/100\n|move|p2a: Vikavolt|Volt Switch|p1a: Trevenant\n|-resisted|p1a: Trevenant\n|-damage|p1a: Trevenant|6\/100\n|-damage|p2a: Vikavolt|49\/100|[from] item: Life Orb\n|\n|t:|1699446239\n|switch|p2a: Conkeldurr|Conkeldurr, M, shiny|100\/100|[from] Volt Switch\n|\n|-weather|Snow|[upkeep]\n|-status|p2a: Conkeldurr|brn|[from] item: Flame Orb\n|upkeep\n|turn|5\n|inactive|AGENCY--INFERNAL-- has 120 seconds left.\n|\n|t:|1699446276\n|move|p2a: Conkeldurr|Knock Off|p1b: Sandslash\n|-damage|p1b: Sandslash|73\/100\n|-enditem|p1b: Sandslash|Bright Powder|[from] move: Knock Off|[of] p2a: Conkeldurr\n|move|p2b: Iron Hands|Volt Switch|p1a: Trevenant\n|-resisted|p1a: Trevenant\n|-damage|p1a: Trevenant|1\/100\n|\n|t:|1699446279\n|-end|p2b: Iron Hands|Quark Drive|[silent]\n|switch|p2b: Oranguru|Oranguru, F, shiny|82\/100 tox|[from] Volt Switch\n|move|p1a: Trevenant|Toxic|p2b: Oranguru\n|-fail|p2b: Oranguru|tox\n|move|p1b: Sandslash|Knock Off|p2b: Oranguru\n|-supereffective|p2b: Oranguru\n|-damage|p2b: Oranguru|34\/100 tox\n|-enditem|p2b: Oranguru|Sitrus Berry|[from] move: Knock Off|[of] p1b: Sandslash\n|\n|-weather|Snow|[upkeep]\n|-damage|p2b: Oranguru|28\/100 tox|[from] psn\n|-damage|p2a: Conkeldurr|94\/100 brn|[from] brn\n|-fieldend|move: Trick Room\n|upkeep\n|turn|6\n|c|\u2606RocketsViability|lets go trev\n|c|\u2606RocketsViability|lmao\n|c|\u2606AGENCY--INFERNAL--|doing gods work rn fr\n|\n|t:|1699446303\n|move|p2a: Conkeldurr|Mach Punch|p1b: Sandslash\n|-supereffective|p1b: Sandslash\n|-damage|p1b: Sandslash|4\/100\n|move|p1b: Sandslash|Leech Life|p2b: Oranguru\n|-supereffective|p2b: Oranguru\n|-damage|p2b: Oranguru|0 fnt\n|-heal|p1b: Sandslash|19\/100|[from] drain|[of] p2b: Oranguru\n|faint|p2b: Oranguru\n|move|p1a: Trevenant|Horn Leech|p2a: Conkeldurr\n|-damage|p2a: Conkeldurr|71\/100 brn\n|-heal|p1a: Trevenant|14\/100|[from] drain|[of] p2a: Conkeldurr\n|\n|-weather|Snow|[upkeep]\n|-damage|p2a: Conkeldurr|65\/100 brn|[from] brn\n|upkeep\n|\n|t:|1699446312\n|switch|p2b: Vikavolt|Vikavolt, M, shiny|49\/100\n|turn|7\n|\n|t:|1699446327\n|switch|p2a: Iron Hands|Iron Hands, shiny|100\/100\n|move|p1a: Trevenant|Ally Switch|p1a: Trevenant\n|swap|p1a: Trevenant|1|[from] move: Ally Switch\n|move|p1a: Sandslash|Knock Off|p2b: Vikavolt\n|-damage|p2b: Vikavolt|16\/100\n|-enditem|p2b: Vikavolt|Life Orb|[from] move: Knock Off|[of] p1a: Sandslash\n|move|p2b: Vikavolt|Discharge|p1a: Sandslash|[spread] p2a,p1b\n|-miss|p2b: Vikavolt|p1a: Sandslash\n|-resisted|p2a: Iron Hands\n|-resisted|p1b: Trevenant\n|-damage|p2a: Iron Hands|90\/100\n|-damage|p1b: Trevenant|1\/100\n|\n|-weather|Snow|[upkeep]\n|-heal|p2a: Iron Hands|96\/100|[from] item: Leftovers\n|upkeep\n|turn|8\n|inactive|RocketsViability has 120 seconds left.\n|\n|t:|1699446359\n|move|p1a: Sandslash|Ice Shard|p2b: Vikavolt\n|-damage|p2b: Vikavolt|0 fnt\n|faint|p2b: Vikavolt\n|move|p1b: Trevenant|Toxic|p2a: Iron Hands|[miss]\n|-miss|p1b: Trevenant|p2a: Iron Hands\n|move|p2a: Iron Hands|Volt Switch|p1b: Trevenant\n|-resisted|p1b: Trevenant\n|-damage|p1b: Trevenant|0 fnt\n|faint|p1b: Trevenant\n|\n|t:|1699446364\n|-end|p2a: Iron Hands|Quark Drive|[silent]\n|switch|p2a: Conkeldurr|Conkeldurr, M, shiny|65\/100 brn|[from] Volt Switch\n|\n|-weather|Snow|[upkeep]\n|-damage|p2a: Conkeldurr|59\/100 brn|[from] brn\n|upkeep\n|c|\u2606RocketsViability|rip trev\n|c|\u2606RocketsViability|god couldnt save him forever\n|\n|t:|1699446378\n|switch|p1b: Torterra|Torterra, M|88\/100\n|switch|p2b: Iron Hands|Iron Hands, shiny|96\/100\n|turn|9\n|\n|t:|1699446400\n|move|p2b: Iron Hands|Fake Out|p1b: Torterra\n|-damage|p1b: Torterra|75\/100\n|cant|p1b: Torterra|flinch\n|move|p1a: Sandslash|Knock Off|p2a: Conkeldurr\n|-resisted|p2a: Conkeldurr\n|-damage|p2a: Conkeldurr|46\/100 brn\n|-enditem|p2a: Conkeldurr|Flame Orb|[from] move: Knock Off|[of] p1a: Sandslash\n|move|p2a: Conkeldurr|Ice Punch|p1b: Torterra\n|-supereffective|p1b: Torterra\n|-damage|p1b: Torterra|0 fnt\n|faint|p1b: Torterra\n|\n|-weather|none\n|-heal|p2b: Iron Hands|100\/100|[from] item: Leftovers\n|-damage|p2a: Conkeldurr|40\/100 brn|[from] brn\n|upkeep\n|\n|t:|1699446410\n|switch|p1b: Goodra|Goodra-Hisui, F|100\/100\n|turn|10\n|\n|t:|1699446421\n|move|p1b: Goodra|Protect|p1b: Goodra\n|-singleturn|p1b: Goodra|Protect\n|move|p1a: Sandslash|Ice Shard|p2a: Conkeldurr\n|-damage|p2a: Conkeldurr|23\/100 brn\n|move|p2a: Conkeldurr|Mach Punch|p1a: Sandslash\n|-supereffective|p1a: Sandslash\n|-damage|p1a: Sandslash|0 fnt\n|faint|p1a: Sandslash\n|move|p2b: Iron Hands|Bulldoze|p1b: Goodra|[spread] p2a\n|-activate|p1b: Goodra|move: Protect\n|-damage|p2a: Conkeldurr|12\/100 brn\n|-unboost|p2a: Conkeldurr|spe|1\n|\n|-damage|p2a: Conkeldurr|6\/100 brn|[from] brn\n|upkeep\n|\n|t:|1699446433\n|switch|p1a: Empoleon|Empoleon, M|100\/100\n|turn|11\n|\n|t:|1699446443\n|move|p2a: Conkeldurr|Mach Punch|p1b: Goodra\n|-supereffective|p1b: Goodra\n|-damage|p1b: Goodra|38\/100\n|-damage|p2a: Conkeldurr|0 fnt|[from] item: Rocky Helmet|[of] p1b: Goodra\n|faint|p2a: Conkeldurr\n|move|p1b: Goodra|Blizzard|p2b: Iron Hands\n|-damage|p2b: Iron Hands|76\/100\n|move|p1a: Empoleon|Air Slash|p2b: Iron Hands\n|-damage|p2b: Iron Hands|60\/100\n|move|p2b: Iron Hands|Volt Switch|p1a: Empoleon\n|-supereffective|p1a: Empoleon\n|-damage|p1a: Empoleon|76\/100\n|\n|t:|1699446448\n|-end|p2b: Iron Hands|Quark Drive|[silent]\n|switch|p2b: Ursaluna|Ursaluna-Bloodmoon, M|100\/100|[from] Volt Switch\n|\n|-heal|p1a: Empoleon|82\/100|[from] item: Leftovers\n|upkeep\n|\n|t:|1699446450\n|switch|p2a: Iron Hands|Iron Hands, shiny|60\/100\n|turn|12\n|\n|t:|1699446465\n|move|p1b: Goodra|Protect|p1b: Goodra\n|-singleturn|p1b: Goodra|Protect\n|move|p1a: Empoleon|Hydro Pump|p2b: Ursaluna\n|-supereffective|p2b: Ursaluna\n|-damage|p2b: Ursaluna|1\/100\n|-enditem|p2b: Ursaluna|Weakness Policy\n|-boost|p2b: Ursaluna|atk|2|[from] item: Weakness Policy\n|-boost|p2b: Ursaluna|spa|2|[from] item: Weakness Policy\n|move|p2a: Iron Hands|Drain Punch|p1a: Empoleon\n|-supereffective|p1a: Empoleon\n|-damage|p1a: Empoleon|8\/100\n|-heal|p2a: Iron Hands|87\/100|[from] drain|[of] p1a: Empoleon\n|move|p2b: Ursaluna|Earth Power|p1a: Empoleon\n|-supereffective|p1a: Empoleon\n|-crit|p1a: Empoleon\n|-damage|p1a: Empoleon|0 fnt\n|faint|p1a: Empoleon\n|\n|-heal|p2a: Iron Hands|93\/100|[from] item: Leftovers\n|upkeep\n|turn|13\n|c|\u2606RocketsViability|uh oh\n|c|\u2606AGENCY--INFERNAL--|wp\n|c|\u2606RocketsViability|gg lmao\n|c|\u2606AGENCY--INFERNAL--|idk how i lived on 1\n|inactive|AGENCY--INFERNAL-- has 120 seconds left.\n|\n|t:|1699446499\n|move|p2b: Ursaluna|Vacuum Wave|p1b: Goodra\n|-supereffective|p1b: Goodra\n|-damage|p1b: Goodra|0 fnt\n|faint|p1b: Goodra\n|\n|win|AGENCY--INFERNAL--\n|raw|RocketsViability's rating: 1161 &rarr; <strong>1142<\/strong><br \/>(-19 for losing)\n|raw|AGENCY--INFERNAL--'s rating: 1241 &rarr; <strong>1260<\/strong><br \/>(+19 for winning)\n|c|\u2606RocketsViability|i mean to be fair trev lived on 1 twice\n|c|\u2606AGENCY--INFERNAL--|gg\n","uploadtime":1699446505,"views":16,"p1id":"rocketsviability","p2id":"agencyinfernal","formatid":"gen9doublesou","rating":1142,"private":0,"password":""}