{"id":"gen9doublesou-1986744652","p1":"Thehombre","p2":"kelviishandsome2","format":"[Gen 9] Doubles OU","log":"|j|\u2606Thehombre\n|j|\u2606kelviishandsome2\n|t:|1699518192\n|gametype|doubles\n|player|p1|Thehombre|101|1293\n|player|p2|kelviishandsome2|harlequin|1205\n|teamsize|p1|6\n|teamsize|p2|6\n|gen|9\n|tier|[Gen 9] Doubles OU\n|rated|\n|rule|Species Clause: Limit one of each Pok\u00e9mon\n|rule|OHKO Clause: OHKO moves are banned\n|rule|Evasion Moves Clause: Evasion moves are banned\n|rule|Gravity Sleep Clause: The combination of sleep-inducing moves with imperfect accuracy and Gravity or Gigantamax Orbeetle are banned\n|rule|Endless Battle Clause: Forcing endless battles is banned\n|rule|HP Percentage Mod: HP is shown in percentages\n|clearpoke\n|poke|p1|Copperajah, M|\n|poke|p1|Bronzong|\n|poke|p1|Armarouge, F|\n|poke|p1|Torkoal, F|\n|poke|p1|Dipplin, F|\n|poke|p1|Great Tusk|\n|poke|p2|Ogerpon-Wellspring, F|\n|poke|p2|Gholdengo|\n|poke|p2|Flutter Mane|\n|poke|p2|Maushold-Four|\n|poke|p2|Ursaluna-Bloodmoon, M|\n|poke|p2|Tornadus, M|\n|teampreview\n|inactive|Battle timer is ON: inactive players will automatically lose when time's up. (requested by kelviishandsome2)\n|\n|t:|1699518208\n|start\n|switch|p1a: Bronzong|Bronzong|100\/100\n|switch|p1b: Copperajah|Copperajah, M|100\/100\n|switch|p2a: Ursaluna|Ursaluna-Bloodmoon, M|100\/100\n|switch|p2b: Flutter Mane|Flutter Mane, shiny|100\/100\n|-enditem|p2b: Flutter Mane|Booster Energy\n|-activate|p2b: Flutter Mane|ability: Protosynthesis|[fromitem]\n|-start|p2b: Flutter Mane|protosynthesisspa\n|turn|1\n|\n|t:|1699518218\n|-terastallize|p2a: Ursaluna|Normal\n|move|p2b: Flutter Mane|Mystical Fire|p1a: Bronzong\n|-supereffective|p1a: Bronzong\n|-damage|p1a: Bronzong|58\/100\n|-unboost|p1a: Bronzong|spa|1\n|move|p2a: Ursaluna|Earth Power|p1b: Copperajah\n|-supereffective|p1b: Copperajah\n|-damage|p1b: Copperajah|5\/100\n|move|p1b: Copperajah|Curse|p1b: Copperajah\n|-unboost|p1b: Copperajah|spe|1\n|-boost|p1b: Copperajah|atk|1\n|-boost|p1b: Copperajah|def|1\n|move|p1a: Bronzong|Trick Room|p1a: Bronzong\n|-fieldstart|move: Trick Room|[of] p1a: Bronzong\n|\n|-heal|p1a: Bronzong|65\/100|[from] item: Leftovers\n|-heal|p1b: Copperajah|11\/100|[from] item: Leftovers\n|upkeep\n|turn|2\n|\n|t:|1699518234\n|move|p1a: Bronzong|Body Press|p2a: Ursaluna\n|-supereffective|p2a: Ursaluna\n|-damage|p2a: Ursaluna|73\/100\n|move|p1b: Copperajah|Rock Slide|p2b: Flutter Mane|[spread] p2a,p2b\n|-damage|p2a: Ursaluna|54\/100\n|-damage|p2b: Flutter Mane|45\/100\n|move|p2a: Ursaluna|Hyper Voice|p1a: Bronzong|[spread] p1a,p1b\n|-resisted|p1a: Bronzong\n|-resisted|p1b: Copperajah\n|-damage|p1a: Bronzong|49\/100\n|-damage|p1b: Copperajah|0 fnt\n|faint|p1b: Copperajah\n|cant|p2b: Flutter Mane|flinch\n|\n|-heal|p1a: Bronzong|55\/100|[from] item: Leftovers\n|upkeep\n|\n|t:|1699518247\n|switch|p1b: Great Tusk|Great Tusk|100\/100\n|turn|3\n|\n|t:|1699518259\n|move|p1a: Bronzong|Body Press|p2a: Ursaluna\n|-supereffective|p2a: Ursaluna\n|-damage|p2a: Ursaluna|29\/100\n|move|p2a: Ursaluna|Earth Power|p1a: Bronzong\n|-immune|p1a: Bronzong|[from] ability: Levitate\n|move|p1b: Great Tusk|Body Press|p2a: Ursaluna\n|-supereffective|p2a: Ursaluna\n|-damage|p2a: Ursaluna|0 fnt\n|faint|p2a: Ursaluna\n|move|p2b: Flutter Mane|Shadow Ball|p1b: Great Tusk\n|-damage|p1b: Great Tusk|29\/100\n|-unboost|p1b: Great Tusk|spd|1\n|\n|-heal|p1a: Bronzong|61\/100|[from] item: Leftovers\n|-heal|p1b: Great Tusk|36\/100|[from] item: Leftovers\n|upkeep\n|\n|t:|1699518267\n|switch|p2a: Maushold|Maushold-Four|100\/100\n|turn|4\n|\n|t:|1699518275\n|move|p2a: Maushold|Protect|p2a: Maushold\n|-singleturn|p2a: Maushold|Protect\n|move|p1a: Bronzong|Gyro Ball|p2b: Flutter Mane\n|-supereffective|p2b: Flutter Mane\n|-damage|p2b: Flutter Mane|0 fnt\n|faint|p2b: Flutter Mane\n|-end|p2b: Flutter Mane|Protosynthesis|[silent]\n|move|p1b: Great Tusk|Heavy Slam|p2a: Maushold\n|-activate|p2a: Maushold|move: Protect\n|\n|-heal|p1a: Bronzong|68\/100|[from] item: Leftovers\n|-heal|p1b: Great Tusk|42\/100|[from] item: Leftovers\n|upkeep\n|\n|t:|1699518282\n|switch|p2b: Tornadus|Tornadus, M|100\/100\n|turn|5\n|\n|t:|1699518292\n|move|p2b: Tornadus|Protect|p2b: Tornadus\n|-singleturn|p2b: Tornadus|Protect\n|move|p2a: Maushold|Protect|p2a: Maushold\n|-singleturn|p2a: Maushold|Protect\n|move|p1a: Bronzong|Gyro Ball|p2b: Tornadus\n|-activate|p2b: Tornadus|move: Protect\n|move|p1b: Great Tusk|Heavy Slam|p2b: Tornadus\n|-activate|p2b: Tornadus|move: Protect\n|\n|-heal|p1a: Bronzong|74\/100|[from] item: Leftovers\n|-heal|p1b: Great Tusk|48\/100|[from] item: Leftovers\n|-fieldend|move: Trick Room\n|upkeep\n|turn|6\n|\n|t:|1699518303\n|move|p2b: Tornadus|Heat Wave|p1b: Great Tusk|[spread] p1b\n|-miss|p2b: Tornadus|p1a: Bronzong\n|-damage|p1b: Great Tusk|5\/100\n|move|p2a: Maushold|Population Bomb|p1a: Bronzong\n|-resisted|p1a: Bronzong\n|-damage|p1a: Bronzong|68\/100\n|-resisted|p1a: Bronzong\n|-damage|p1a: Bronzong|63\/100\n|-resisted|p1a: Bronzong\n|-damage|p1a: Bronzong|57\/100\n|-resisted|p1a: Bronzong\n|-damage|p1a: Bronzong|52\/100\n|-resisted|p1a: Bronzong\n|-damage|p1a: Bronzong|47\/100\n|-resisted|p1a: Bronzong\n|-damage|p1a: Bronzong|42\/100\n|-resisted|p1a: Bronzong\n|-damage|p1a: Bronzong|36\/100\n|-hitcount|p1a: Bronzong|7\n|move|p1b: Great Tusk|Bulk Up|p1b: Great Tusk\n|-boost|p1b: Great Tusk|atk|1\n|-boost|p1b: Great Tusk|def|1\n|move|p1a: Bronzong|Trick Room|p1a: Bronzong\n|-fieldstart|move: Trick Room|[of] p1a: Bronzong\n|\n|-heal|p1a: Bronzong|42\/100|[from] item: Leftovers\n|-heal|p1b: Great Tusk|12\/100|[from] item: Leftovers\n|upkeep\n|turn|7\n|\n|t:|1699518321\n|move|p1a: Bronzong|Gyro Ball|p2a: Maushold\n|-damage|p2a: Maushold|44\/100\n|move|p1b: Great Tusk|Heavy Slam|p2a: Maushold\n|-damage|p2a: Maushold|0 fnt\n|faint|p2a: Maushold\n|move|p2b: Tornadus|Heat Wave|p1b: Great Tusk|[spread] p1a,p1b\n|-supereffective|p1a: Bronzong\n|-damage|p1a: Bronzong|16\/100\n|-damage|p1b: Great Tusk|0 fnt\n|faint|p1b: Great Tusk\n|-end|p1b: Great Tusk|Protosynthesis|[silent]\n|\n|-heal|p1a: Bronzong|22\/100|[from] item: Leftovers\n|upkeep\n|\n|t:|1699518331\n|switch|p1b: Dipplin|Dipplin, F|100\/100\n|switch|p2a: Ogerpon|Ogerpon-Wellspring, F|100\/100\n|-ability|p1b: Dipplin|Supersweet Syrup\n|-ability|p1b: Dipplin|Supersweet Syrup|boost\n|-unboost|p2a: Ogerpon|evasion|1\n|-unboost|p2b: Tornadus|evasion|1\n|turn|8\n|\n|t:|1699518338\n|move|p1a: Bronzong|Body Press|p2a: Ogerpon\n|-damage|p2a: Ogerpon|74\/100\n|move|p1b: Dipplin|Giga Drain|p2a: Ogerpon\n|-damage|p2a: Ogerpon|36\/100\n|move|p2a: Ogerpon|Play Rough|p1b: Dipplin\n|-supereffective|p1b: Dipplin\n|-damage|p1b: Dipplin|42\/100\n|-unboost|p1b: Dipplin|atk|1\n|move|p2b: Tornadus|Heat Wave|p1a: Bronzong|[spread] p1a,p1b\n|-supereffective|p1a: Bronzong\n|-crit|p1a: Bronzong\n|-damage|p1a: Bronzong|0 fnt\n|-damage|p1b: Dipplin|17\/100\n|-status|p1b: Dipplin|brn\n|faint|p1a: Bronzong\n|\n|-heal|p1b: Dipplin|23\/100 brn|[from] item: Leftovers\n|-damage|p1b: Dipplin|17\/100 brn|[from] brn\n|upkeep\n|\n|t:|1699518345\n|switch|p1a: Armarouge|Armarouge, F|100\/100\n|turn|9\n|\n|t:|1699518351\n|move|p2b: Tornadus|Protect|p2b: Tornadus\n|-singleturn|p2b: Tornadus|Protect\n|move|p1b: Dipplin|Giga Drain|p2a: Ogerpon\n|-damage|p2a: Ogerpon|0 fnt\n|-heal|p1b: Dipplin|33\/100 brn|[from] drain|[of] p2a: Ogerpon\n|faint|p2a: Ogerpon\n|move|p1a: Armarouge|Psychic|p2b: Tornadus\n|-activate|p2b: Tornadus|move: Protect\n|\n|-heal|p1b: Dipplin|40\/100 brn|[from] item: Leftovers\n|-damage|p1b: Dipplin|33\/100 brn|[from] brn\n|upkeep\n|\n|t:|1699518357\n|switch|p2a: String cheese|Gholdengo|100\/100\n|turn|10\n|\n|t:|1699518369\n|move|p1b: Dipplin|Growth|p1b: Dipplin\n|-boost|p1b: Dipplin|atk|1\n|-boost|p1b: Dipplin|spa|1\n|move|p1a: Armarouge|Heat Wave|p2a: String cheese|[spread] p2a,p2b\n|-supereffective|p2a: String cheese\n|-damage|p2a: String cheese|19\/100\n|-damage|p2b: Tornadus|49\/100\n|-enditem|p2a: String cheese|Sitrus Berry|[eat]\n|-heal|p2a: String cheese|44\/100|[from] item: Sitrus Berry\n|move|p2a: String cheese|Dazzling Gleam|p1a: Armarouge|[spread] p1a,p1b\n|-resisted|p1a: Armarouge\n|-supereffective|p1b: Dipplin\n|-damage|p1a: Armarouge|88\/100\n|-damage|p1b: Dipplin|0 fnt\n|faint|p1b: Dipplin\n|move|p2b: Tornadus|Bleakwind Storm|p1a: Armarouge\n|-damage|p1a: Armarouge|39\/100\n|\n|-heal|p1a: Armarouge|45\/100|[from] item: Leftovers\n|-fieldend|move: Trick Room\n|upkeep\n|\n|t:|1699518380\n|switch|p1b: Torkoal|Torkoal, F|100\/100\n|turn|11\n|\n|t:|1699518391\n|move|p2b: Tornadus|Bleakwind Storm|p1a: Armarouge|[spread] p1b\n|-miss|p2b: Tornadus|p1a: Armarouge\n|-damage|p1b: Torkoal|57\/100\n|move|p2a: String cheese|Make It Rain|p1b: Torkoal|[spread] p1a,p1b\n|-resisted|p1a: Armarouge\n|-resisted|p1b: Torkoal\n|-damage|p1a: Armarouge|20\/100\n|-damage|p1b: Torkoal|26\/100\n|-unboost|p2a: String cheese|spa|1\n|move|p1a: Armarouge|Heat Wave|p2a: String cheese|[spread] p2b\n|-miss|p1a: Armarouge|p2a: String cheese\n|-damage|p2b: Tornadus|0 fnt\n|faint|p2b: Tornadus\n|move|p1b: Torkoal|Heat Crash|p2a: String cheese\n|-supereffective|p2a: String cheese\n|-crit|p2a: String cheese\n|-damage|p2a: String cheese|0 fnt\n|faint|p2a: String cheese\n|\n|win|Thehombre\n|raw|Thehombre's rating: 1293 &rarr; <strong>1312<\/strong><br \/>(+19 for winning)\n|raw|kelviishandsome2's rating: 1205 &rarr; <strong>1186<\/strong><br \/>(-19 for losing)\n","uploadtime":1699518409,"views":12,"p1id":"thehombre","p2id":"kelviishandsome2","formatid":"gen9doublesou","rating":1186,"private":0,"password":""}