{"id":"gen9doublesou-1984729540","p1":"Ditto32","p2":"RFlo41","format":"[Gen 9] Doubles OU","log":"|j|\u2606Ditto32\n|j|\u2606RFlo41\n|t:|1699294306\n|gametype|doubles\n|player|p1|Ditto32|ingo|1025\n|player|p2|RFlo41|policeman-gen4|1071\n|teamsize|p1|6\n|teamsize|p2|6\n|gen|9\n|tier|[Gen 9] Doubles OU\n|rated|\n|rule|Species Clause: Limit one of each Pok\u00e9mon\n|rule|OHKO Clause: OHKO moves are banned\n|rule|Evasion Moves Clause: Evasion moves are banned\n|rule|Gravity Sleep Clause: The combination of sleep-inducing moves with imperfect accuracy and Gravity or Gigantamax Orbeetle are banned\n|rule|Endless Battle Clause: Forcing endless battles is banned\n|rule|HP Percentage Mod: HP is shown in percentages\n|clearpoke\n|poke|p1|Kingambit, M|\n|poke|p1|Ceruledge, M|\n|poke|p1|Eelektross, M|\n|poke|p1|Rillaboom, M|\n|poke|p1|Clefairy, F|\n|poke|p1|Armarouge, F|\n|poke|p2|Ursaluna, M|\n|poke|p2|Cresselia, F|\n|poke|p2|Quaquaval, F|\n|poke|p2|Kingambit, M|\n|poke|p2|Rillaboom, F|\n|poke|p2|Dragapult, M|\n|teampreview\n|inactive|Battle timer is ON: inactive players will automatically lose when time's up. (requested by RFlo41)\n|\n|t:|1699294316\n|start\n|switch|p1a: Sage|Armarouge, F|100\/100\n|switch|p1b: Koco|Clefairy, F, shiny|100\/100\n|switch|p2a: Moon|Cresselia, F, shiny|100\/100\n|switch|p2b: Big Bear|Ursaluna, M|100\/100\n|turn|1\n|\n|t:|1699294342\n|move|p2b: Big Bear|Protect|p2b: Big Bear\n|-singleturn|p2b: Big Bear|Protect\n|move|p1b: Koco|Follow Me|p1b: Koco\n|-singleturn|p1b: Koco|move: Follow Me\n|move|p2a: Moon|Thunder Wave|p1b: Koco|[miss]\n|-miss|p2a: Moon|p1b: Koco\n|move|p1a: Sage|Trick Room|p1a: Sage\n|-fieldstart|move: Trick Room|[of] p1a: Sage\n|\n|-status|p2b: Big Bear|brn|[from] item: Flame Orb\n|upkeep\n|turn|2\n|inactive|Ditto32 has 120 seconds left.\n|\n|t:|1699294374\n|switch|p1a: Wyvern|Eelektross, M|100\/100\n|move|p1b: Koco|Follow Me|p1b: Koco\n|-singleturn|p1b: Koco|move: Follow Me\n|move|p2b: Big Bear|Facade|p1b: Koco\n|-damage|p1b: Koco|0 fnt\n|faint|p1b: Koco\n|move|p2a: Moon|Thunder Wave|p1a: Wyvern\n|-immune|p1a: Wyvern\n|\n|-damage|p2b: Big Bear|94\/100 brn|[from] brn\n|upkeep\n|inactive|Ditto32 has 120 seconds left.\n|\n|t:|1699294394\n|switch|p1b: Giganto|Rillaboom, M, shiny|100\/100\n|-fieldstart|move: Grassy Terrain|[from] ability: Grassy Surge|[of] p1b: Giganto\n|turn|3\n|inactive|RFlo41 has 120 seconds left.\n|\n|t:|1699294432\n|move|p2b: Big Bear|Protect|p2b: Big Bear\n|-singleturn|p2b: Big Bear|Protect\n|move|p1b: Giganto|Grassy Glide|p2b: Big Bear\n|-activate|p2b: Big Bear|move: Protect\n|move|p1a: Wyvern|Coil|p1a: Wyvern\n|-boost|p1a: Wyvern|atk|1\n|-boost|p1a: Wyvern|def|1\n|-boost|p1a: Wyvern|accuracy|1\n|move|p2a: Moon|Thunder Wave|p1b: Giganto\n|-status|p1b: Giganto|par\n|\n|-heal|p2b: Big Bear|100\/100 brn|[from] Grassy Terrain\n|-damage|p2b: Big Bear|94\/100 brn|[from] brn\n|upkeep\n|turn|4\n|inactive|RFlo41 has 120 seconds left.\n|\n|t:|1699294470\n|move|p2a: Moon|Protect|p2a: Moon\n|-singleturn|p2a: Moon|Protect\n|cant|p1b: Giganto|par\n|move|p1a: Wyvern|Coil|p1a: Wyvern\n|-boost|p1a: Wyvern|atk|1\n|-boost|p1a: Wyvern|def|1\n|-boost|p1a: Wyvern|accuracy|1\n|move|p2b: Big Bear|Facade|p1a: Wyvern\n|-damage|p1a: Wyvern|28\/100\n|\n|-heal|p2b: Big Bear|100\/100 brn|[from] Grassy Terrain\n|-heal|p1a: Wyvern|34\/100|[from] item: Leftovers\n|-damage|p2b: Big Bear|94\/100 brn|[from] brn\n|upkeep\n|turn|5\n|inactive|RFlo41 has 120 seconds left.\n|\n|t:|1699294495\n|move|p2b: Big Bear|Protect|p2b: Big Bear\n|-singleturn|p2b: Big Bear|Protect\n|move|p1a: Wyvern|Drain Punch|p2b: Big Bear\n|-activate|p2b: Big Bear|move: Protect\n|move|p1b: Giganto|Knock Off|p2a: Moon\n|-supereffective|p2a: Moon\n|-damage|p2a: Moon|58\/100\n|-enditem|p2a: Moon|Leftovers|[from] move: Knock Off|[of] p1b: Giganto\n|move|p2a: Moon|Trick Room|p2a: Moon\n|-fieldend|move: Trick Room\n|\n|-heal|p2b: Big Bear|100\/100 brn|[from] Grassy Terrain\n|-heal|p1a: Wyvern|40\/100|[from] item: Leftovers\n|-damage|p2b: Big Bear|94\/100 brn|[from] brn\n|upkeep\n|turn|6\n|inactive|RFlo41 has 120 seconds left.\n|\n|t:|1699294522\n|cant|p1b: Giganto|par\n|move|p2a: Moon|Lunar Blessing|p2a: Moon|[spread] p2a,p2b\n|-heal|p2a: Moon|83\/100\n|-heal|p2b: Big Bear|100\/100 brn\n|-curestatus|p2b: Big Bear|brn|[msg]\n|move|p2b: Big Bear|Facade|p1a: Wyvern\n|-damage|p1a: Wyvern|18\/100\n|move|p1a: Wyvern|Drain Punch|p2b: Big Bear\n|-supereffective|p2b: Big Bear\n|-damage|p2b: Big Bear|32\/100\n|-heal|p1a: Wyvern|60\/100|[from] drain|[of] p2b: Big Bear\n|\n|-heal|p2b: Big Bear|38\/100|[from] Grassy Terrain\n|-heal|p1a: Wyvern|66\/100|[from] item: Leftovers\n|-status|p2b: Big Bear|brn|[from] item: Flame Orb\n|upkeep\n|turn|7\n|inactive|RFlo41 has 120 seconds left.\n|\n|t:|1699294551\n|move|p1b: Giganto|Grassy Glide|p2b: Big Bear\n|-supereffective|p2b: Big Bear\n|-crit|p2b: Big Bear\n|-damage|p2b: Big Bear|0 fnt\n|faint|p2b: Big Bear\n|move|p1a: Wyvern|Drain Punch|p2a: Moon\n|-resisted|p2a: Moon\n|-damage|p2a: Moon|64\/100\n|-heal|p1a: Wyvern|78\/100|[from] drain|[of] p2a: Moon\n|move|p2a: Moon|Trick Room|p2a: Moon\n|-fieldstart|move: Trick Room|[of] p2a: Moon\n|\n|-heal|p1a: Wyvern|84\/100|[from] item: Leftovers\n|-fieldend|move: Grassy Terrain\n|upkeep\n|inactive|RFlo41 has 90 seconds left.\n|\n|t:|1699294581\n|switch|p2b: Sugar Free Snapple|Kingambit, M|100\/100\n|-activate|p2b: Sugar Free Snapple|ability: Supreme Overlord\n|-start|p2b: Sugar Free Snapple|fallen1|[silent]\n|turn|8\n|\n|t:|1699294596\n|move|p2a: Moon|Protect|p2a: Moon\n|-singleturn|p2a: Moon|Protect\n|move|p2b: Sugar Free Snapple|X-Scissor|p1b: Giganto\n|-supereffective|p1b: Giganto\n|-damage|p1b: Giganto|28\/100 par\n|-damage|p2b: Sugar Free Snapple|84\/100|[from] item: Rocky Helmet|[of] p1b: Giganto\n|move|p1a: Wyvern|Drain Punch|p2b: Sugar Free Snapple\n|-supereffective|p2b: Sugar Free Snapple\n|-damage|p2b: Sugar Free Snapple|0 fnt\n|-heal|p1a: Wyvern|100\/100|[from] drain|[of] p2b: Sugar Free Snapple\n|faint|p2b: Sugar Free Snapple\n|-end|p2b: Sugar Free Snapple|fallen1|[silent]\n|cant|p1b: Giganto|par\n|\n|upkeep\n|inactive|RFlo41 has 90 seconds left.\n|\n|t:|1699294617\n|switch|p2b: Sus Bird|Quaquaval, F|100\/100\n|turn|9\n|\n|t:|1699294631\n|-terastallize|p2b: Sus Bird|Electric\n|move|p1a: Wyvern|Coil|p1a: Wyvern\n|-boost|p1a: Wyvern|atk|1\n|-boost|p1a: Wyvern|def|1\n|-boost|p1a: Wyvern|accuracy|1\n|cant|p1b: Giganto|par\n|move|p2a: Moon|Lunar Blessing|p2a: Moon|[spread] p2a,p2b\n|-heal|p2a: Moon|89\/100\n|move|p2b: Sus Bird|Aqua Step|p1a: Wyvern\n|-damage|p1a: Wyvern|79\/100\n|-boost|p2b: Sus Bird|spe|1\n|\n|-heal|p1a: Wyvern|86\/100|[from] item: Leftovers\n|upkeep\n|turn|10\n|\n|t:|1699294650\n|move|p2a: Moon|Protect|p2a: Moon\n|-singleturn|p2a: Moon|Protect\n|move|p1a: Wyvern|Drain Punch|p2b: Sus Bird\n|-damage|p2b: Sus Bird|7\/100\n|-heal|p1a: Wyvern|100\/100|[from] drain|[of] p2b: Sus Bird\n|move|p1b: Giganto|Knock Off|p2b: Sus Bird\n|-damage|p2b: Sus Bird|0 fnt\n|-enditem|p2b: Sus Bird|Mystic Water|[from] move: Knock Off|[of] p1b: Giganto\n|faint|p2b: Sus Bird\n|\n|upkeep\n|\n|t:|1699294663\n|switch|p2b: Harambae 2|Rillaboom, F|100\/100\n|-fieldstart|move: Grassy Terrain|[from] ability: Grassy Surge|[of] p2b: Harambae 2\n|-enditem|p2b: Harambae 2|Grassy Seed\n|-boost|p2b: Harambae 2|def|1|[from] item: Grassy Seed\n|turn|11\n|inactive|RFlo41 has 120 seconds left.\n|\n|t:|1699294687\n|move|p1a: Wyvern|Fire Punch|p2b: Harambae 2\n|-supereffective|p2b: Harambae 2\n|-damage|p2b: Harambae 2|0 fnt\n|faint|p2b: Harambae 2\n|move|p1b: Giganto|Knock Off|p2a: Moon\n|-supereffective|p2a: Moon\n|-damage|p2a: Moon|56\/100\n|move|p2a: Moon|Lunar Blessing|p2a: Moon\n|-heal|p2a: Moon|81\/100\n|\n|-heal|p1b: Giganto|35\/100 par|[from] Grassy Terrain\n|-fieldend|move: Trick Room\n|upkeep\n|\n|t:|1699294697\n|switch|p2b: fork|Dragapult, M|100\/100\n|turn|12\n|inactive|RFlo41 has 120 seconds left.\n|\n|t:|1699294708\n|move|p2a: Moon|Protect|p2a: Moon\n|-singleturn|p2a: Moon|Protect\n|move|p2b: fork|Dragon Darts|p1b: Giganto\n|-damage|p1b: Giganto|5\/100 par\n|-anim|p2b: fork|Dragon Darts|p1a: Wyvern\n|-damage|p1a: Wyvern|87\/100\n|cant|p1b: Giganto|par\n|move|p1a: Wyvern|Coil|p1a: Wyvern\n|-boost|p1a: Wyvern|atk|1\n|-boost|p1a: Wyvern|def|1\n|-boost|p1a: Wyvern|accuracy|1\n|\n|-heal|p1b: Giganto|11\/100 par|[from] Grassy Terrain\n|-heal|p1a: Wyvern|93\/100|[from] item: Leftovers\n|upkeep\n|turn|13\n|-message|RFlo41 forfeited.\n|\n|win|Ditto32\n|raw|Ditto32's rating: 1025 &rarr; <strong>1066<\/strong><br \/>(+41 for winning)\n|raw|RFlo41's rating: 1071 &rarr; <strong>1048<\/strong><br \/>(-23 for losing)\n|l|\u2606RFlo41\n","uploadtime":1699294725,"views":8,"p1id":"ditto32","p2id":"rflo41","formatid":"gen9doublesou","rating":1048,"private":0,"password":""}