{"id":"gen9doublesou-1982993918","p1":"frostysamuri","p2":"KAY FLOCKA OG","format":"[Gen 9] Doubles OU","log":"|j|\u2606frostysamuri\n|j|\u2606KAY FLOCKA OG\n|t:|1699067483\n|gametype|doubles\n|player|p1|frostysamuri|169|1138\n|player|p2|KAY FLOCKA OG|1|1021\n|teamsize|p1|6\n|teamsize|p2|6\n|gen|9\n|tier|[Gen 9] Doubles OU\n|rated|\n|rule|Species Clause: Limit one of each Pok\u00e9mon\n|rule|OHKO Clause: OHKO moves are banned\n|rule|Evasion Moves Clause: Evasion moves are banned\n|rule|Gravity Sleep Clause: The combination of sleep-inducing moves with imperfect accuracy and Gravity or Gigantamax Orbeetle are banned\n|rule|Endless Battle Clause: Forcing endless battles is banned\n|rule|HP Percentage Mod: HP is shown in percentages\n|clearpoke\n|poke|p1|Ursaluna, M|\n|poke|p1|Zapdos|\n|poke|p1|Ninetales-Alola, M|\n|poke|p1|Lucario, F|\n|poke|p1|Ogerpon-Hearthflame, F|\n|poke|p1|Toxapex, F|\n|poke|p2|Shiftry, F|\n|poke|p2|Salamence, F|\n|poke|p2|Slowbro, F|\n|poke|p2|Flutter Mane|\n|poke|p2|Garganacl, F|\n|poke|p2|Ninetales, M|\n|teampreview\n|\n|t:|1699067493\n|start\n|switch|p1a: Ursaluna|Ursaluna, M|100\/100\n|switch|p1b: Zapdos|Zapdos|100\/100\n|switch|p2a: Nacky Stack|Garganacl, F, shiny|100\/100\n|switch|p2b: Why not|Shiftry, F|100\/100\n|turn|1\n|\n|t:|1699067506\n|-terastallize|p1a: Ursaluna|Flying\n|move|p2b: Why not|Trailblaze|p1a: Ursaluna\n|-resisted|p1a: Ursaluna\n|-damage|p1a: Ursaluna|95\/100\n|-boost|p2b: Why not|spe|1\n|move|p1b: Zapdos|Tailwind|p1b: Zapdos\n|-sidestart|p1: frostysamuri|move: Tailwind\n|move|p1a: Ursaluna|Earthquake|p2b: Why not|[spread] p2a,p2b\n|-immune|p1b: Zapdos\n|-supereffective|p2a: Nacky Stack\n|-resisted|p2b: Why not\n|-damage|p2a: Nacky Stack|54\/100\n|-damage|p2b: Why not|75\/100\n|move|p2a: Nacky Stack|Salt Cure|p1b: Zapdos\n|-supereffective|p1b: Zapdos\n|-damage|p1b: Zapdos|71\/100\n|-start|p1b: Zapdos|Salt Cure\n|\n|-heal|p2a: Nacky Stack|61\/100|[from] item: Leftovers\n|-damage|p1b: Zapdos|58\/100|[from] Salt Cure\n|-status|p1a: Ursaluna|brn|[from] item: Flame Orb\n|upkeep\n|turn|2\n|\n|t:|1699067541\n|move|p1b: Zapdos|Helping Hand|p1a: Ursaluna\n|-singleturn|p1a: Ursaluna|Helping Hand|[of] p1b: Zapdos\n|move|p2a: Nacky Stack|Protect|p2a: Nacky Stack\n|-singleturn|p2a: Nacky Stack|Protect\n|move|p2b: Why not|Knock Off|p1a: Ursaluna\n|-damage|p1a: Ursaluna|76\/100 brn\n|-enditem|p1a: Ursaluna|Flame Orb|[from] move: Knock Off|[of] p2b: Why not\n|move|p1a: Ursaluna|Earthquake|p2b: Why not|[spread] p2b\n|-activate|p2a: Nacky Stack|move: Protect\n|-immune|p1b: Zapdos\n|-resisted|p2b: Why not\n|-damage|p2b: Why not|19\/100\n|\n|-heal|p2a: Nacky Stack|67\/100|[from] item: Leftovers\n|-damage|p1a: Ursaluna|70\/100 brn|[from] brn\n|-damage|p1b: Zapdos|46\/100|[from] Salt Cure\n|upkeep\n|turn|3\n|\n|t:|1699067570\n|move|p1b: Zapdos|Thunderbolt|p2b: Why not\n|-resisted|p2b: Why not\n|-damage|p2b: Why not|0 fnt\n|faint|p2b: Why not\n|move|p1a: Ursaluna|Earthquake|p2a: Nacky Stack|[spread] p2a\n|-immune|p1b: Zapdos\n|-supereffective|p2a: Nacky Stack\n|-damage|p2a: Nacky Stack|5\/100\n|move|p2a: Nacky Stack|Stealth Rock|p1a: Ursaluna\n|-sidestart|p1: frostysamuri|move: Stealth Rock\n|\n|-heal|p2a: Nacky Stack|12\/100|[from] item: Leftovers\n|-damage|p1a: Ursaluna|64\/100 brn|[from] brn\n|-damage|p1b: Zapdos|34\/100|[from] Salt Cure\n|upkeep\n|\n|t:|1699067589\n|switch|p2b: ??????|Slowbro, F, shiny|100\/100\n|turn|4\n|\n|t:|1699067597\n|switch|p2a: OG draco JR|Salamence, F, shiny|100\/100\n|-ability|p2a: OG draco JR|Intimidate|boost\n|-unboost|p1a: Ursaluna|atk|1\n|-unboost|p1b: Zapdos|atk|1\n|move|p1b: Zapdos|Thunderbolt|p2b: ??????\n|-supereffective|p2b: ??????\n|-damage|p2b: ??????|36\/100\n|move|p1a: Ursaluna|Earthquake|p2a: OG draco JR|[spread] p2b\n|-immune|p1b: Zapdos\n|-immune|p2a: OG draco JR\n|-damage|p2b: ??????|13\/100\n|move|p2b: ??????|Yawn||[still]\n|-fail|p2b: ??????\n|\n|-damage|p1a: Ursaluna|58\/100 brn|[from] brn\n|-damage|p1b: Zapdos|22\/100|[from] Salt Cure\n|-sideend|p1: frostysamuri|move: Tailwind\n|upkeep\n|turn|5\n|\n|t:|1699067633\n|-terastallize|p2a: OG draco JR|Electric\n|move|p2b: ??????|Protect|p2b: ??????\n|-singleturn|p2b: ??????|Protect\n|move|p2a: OG draco JR|Tera Blast|p1a: Ursaluna|[anim] Tera Blast Electric\n|-supereffective|p1a: Ursaluna\n|-damage|p1a: Ursaluna|13\/100 brn\n|move|p1b: Zapdos|Roost|p1b: Zapdos\n|-heal|p1b: Zapdos|72\/100\n|-singleturn|p1b: Zapdos|move: Roost\n|move|p1a: Ursaluna|Facade|p2a: OG draco JR\n|-damage|p2a: OG draco JR|39\/100\n|\n|-damage|p1a: Ursaluna|7\/100 brn|[from] brn\n|-damage|p1b: Zapdos|60\/100|[from] Salt Cure\n|upkeep\n|turn|6\n|\n|t:|1699067655\n|switch|p2b: Nacky Stack|Garganacl, F, shiny|12\/100\n|move|p2a: OG draco JR|Tera Blast|p1a: Ursaluna|[anim] Tera Blast Electric\n|-supereffective|p1a: Ursaluna\n|-damage|p1a: Ursaluna|0 fnt\n|faint|p1a: Ursaluna\n|move|p1b: Zapdos|Tailwind|p1b: Zapdos\n|-sidestart|p1: frostysamuri|move: Tailwind\n|\n|-heal|p2b: Nacky Stack|18\/100|[from] item: Leftovers\n|-damage|p1b: Zapdos|47\/100|[from] Salt Cure\n|upkeep\n|\n|t:|1699067669\n|switch|p1a: Lucario|Lucario, F|100\/100\n|-damage|p1a: Lucario|98\/100|[from] Stealth Rock\n|turn|7\n|\n|t:|1699067693\n|switch|p2b: FLUTTER PAIN|Flutter Mane, shiny|100\/100\n|move|p1a: Lucario|Bullet Punch|p2b: FLUTTER PAIN\n|-supereffective|p2b: FLUTTER PAIN\n|-damage|p2b: FLUTTER PAIN|44\/100\n|move|p1b: Zapdos|Roost|p1b: Zapdos\n|-heal|p1b: Zapdos|97\/100\n|-singleturn|p1b: Zapdos|move: Roost\n|move|p2a: OG draco JR|Tailwind|p2a: OG draco JR\n|-sidestart|p2: KAY FLOCKA OG|move: Tailwind\n|\n|-damage|p1b: Zapdos|85\/100|[from] Salt Cure\n|upkeep\n|turn|8\n|\n|t:|1699067719\n|switch|p2a: A-NINE|Ninetales, M, shiny|100\/100\n|-weather|SunnyDay|[from] ability: Drought|[of] p2a: A-NINE\n|-activate|p2b: FLUTTER PAIN|ability: Protosynthesis\n|-start|p2b: FLUTTER PAIN|protosynthesisspa\n|move|p1b: Zapdos|Helping Hand|p1a: Lucario\n|-singleturn|p1a: Lucario|Helping Hand|[of] p1b: Zapdos\n|move|p1a: Lucario|Bullet Punch|p2b: FLUTTER PAIN\n|-supereffective|p2b: FLUTTER PAIN\n|-damage|p2b: FLUTTER PAIN|0 fnt\n|faint|p2b: FLUTTER PAIN\n|-end|p2b: FLUTTER PAIN|Protosynthesis|[silent]\n|\n|-weather|SunnyDay|[upkeep]\n|-damage|p1b: Zapdos|73\/100|[from] Salt Cure\n|upkeep\n|-message|KAY FLOCKA OG forfeited.\n|\n|win|frostysamuri\n|raw|frostysamuri's rating: 1138 &rarr; <strong>1155<\/strong><br \/>(+17 for winning)\n|raw|KAY FLOCKA OG's rating: 1021 &rarr; <strong>1012<\/strong><br \/>(-9 for losing)\n|l|\u2606KAY FLOCKA OG\n","uploadtime":1699067736,"views":23,"p1id":"frostysamuri","p2id":"kayflockaog","formatid":"gen9doublesou","rating":1012,"private":0,"password":""}