{"id":"gen9doublesou-2000139705","p1":"Steven Stone 007","p2":"Vicenpro_64","format":"[Gen 9] Doubles OU","log":"|j|\u2606Steven Stone 007\n|j|\u2606Vicenpro_64\n|inactive|Battle timer is ON: inactive players will automatically lose when time's up.\n|t:|1701161791\n|gametype|doubles\n|player|p1|Steven Stone 007|steven|\n|player|p2|Vicenpro_64|gentleman-gen4|\n|teamsize|p1|6\n|teamsize|p2|6\n|gen|9\n|tier|[Gen 9] Doubles OU\n|rated|Tournament battle\n|rule|Species Clause: Limit one of each Pok\u00e9mon\n|rule|OHKO Clause: OHKO moves are banned\n|rule|Evasion Moves Clause: Evasion moves are banned\n|rule|Gravity Sleep Clause: The combination of sleep-inducing moves with imperfect accuracy and Gravity or Gigantamax Orbeetle are banned\n|rule|Endless Battle Clause: Forcing endless battles is banned\n|rule|HP Percentage Mod: HP is shown in percentages\n|rule|2 Ability Clause: Limit 2 of each ability\n|clearpoke\n|poke|p1|Rillaboom, F|\n|poke|p1|Ogerpon-Hearthflame, F|\n|poke|p1|Chien-Pao|\n|poke|p1|Dragonite, M|\n|poke|p1|Flutter Mane|\n|poke|p1|Iron Hands|\n|poke|p2|Kingambit, M|\n|poke|p2|Glimmora, M|\n|poke|p2|Gholdengo|\n|poke|p2|Iron Valiant|\n|poke|p2|Great Tusk|\n|poke|p2|Dragonite, F|\n|teampreview\n|j|*Lady Monita \u2746\n|j| Mik-Gor\n|c|\u2606Steven Stone 007|gl\n|\n|t:|1701161820\n|start\n|switch|p1a: Ogerpon|Ogerpon-Hearthflame, F|100\/100\n|switch|p1b: Rillaboom|Rillaboom, F|100\/100\n|switch|p2a: Glimmora|Glimmora, M|100\/100\n|switch|p2b: Gholdengo|Gholdengo|100\/100\n|-ability|p1a: Ogerpon|Intimidate|boost\n|-unboost|p2a: Glimmora|atk|1\n|-unboost|p2b: Gholdengo|atk|1\n|-item|p2b: Gholdengo|Air Balloon\n|-fieldstart|move: Grassy Terrain|[from] ability: Grassy Surge|[of] p1b: Rillaboom\n|turn|1\n|c|\u2606Vicenpro_64|gl\n|\n|t:|1701161832\n|switch|p1b: Flutter Mane|Flutter Mane|100\/100\n|-ability|p1b: Flutter Mane|Cloud Nine\n|move|p2a: Glimmora|Spikes|p1a: Ogerpon\n|-sidestart|p1: Steven Stone 007|Spikes\n|move|p1a: Ogerpon|Ivy Cudgel|p2b: Gholdengo|[anim] Ivy Cudgel Fire\n|-supereffective|p2b: Gholdengo\n|-crit|p2b: Gholdengo\n|-damage|p2b: Gholdengo|0 fnt\n|-enditem|p2b: Gholdengo|Air Balloon\n|faint|p2b: Gholdengo\n|\n|upkeep\n|c| Mik-Gor|\u00ba-\u00ba\n|\n|t:|1701161857\n|switch|p2b: Dragonite|Dragonite, F|100\/100\n|turn|2\n|\n|t:|1701161873\n|move|p1a: Ogerpon|Spiky Shield|p1a: Ogerpon\n|-singleturn|p1a: Ogerpon|move: Protect\n|move|p1b: Flutter Mane|Psyshock|p2a: Glimmora\n|-supereffective|p2a: Glimmora\n|-damage|p2a: Glimmora|16\/100\n|move|p2a: Glimmora|Stealth Rock|p1a: Ogerpon\n|-sidestart|p1: Steven Stone 007|move: Stealth Rock\n|move|p2b: Dragonite|Ice Spinner|p1a: Ogerpon\n|-activate|p1a: Ogerpon|move: Protect\n|-damage|p2b: Dragonite|88\/100|[from] Spiky Shield|[of] p1a: Ogerpon\n|\n|-heal|p2a: Glimmora|22\/100|[from] Grassy Terrain\n|-heal|p2b: Dragonite|94\/100|[from] item: Leftovers\n|upkeep\n|turn|3\n|\n|t:|1701161888\n|move|p1a: Ogerpon|Spiky Shield||[still]\n|-fail|p1a: Ogerpon\n|move|p1b: Flutter Mane|Psyshock|p2a: Glimmora\n|-supereffective|p2a: Glimmora\n|-damage|p2a: Glimmora|0 fnt\n|faint|p2a: Glimmora\n|move|p2b: Dragonite|Ice Spinner|p1a: Ogerpon\n|-damage|p1a: Ogerpon|72\/100\n|-fieldend|move: Grassy Terrain\n|\n|-heal|p2b: Dragonite|100\/100|[from] item: Leftovers\n|upkeep\n|c|\u2606Vicenpro_64|vale tengo que ganar o mi familia muere\n|\n|t:|1701161904\n|switch|p2a: Iron Valiant|Iron Valiant|100\/100\n|turn|4\n|inactive|Steven Stone 007 has 120 seconds left.\n|c|\u2606Vicenpro_64|es broma\n|\n|t:|1701161936\n|switch|p1b: Rillaboom|Rillaboom, F|100\/100\n|-damage|p1b: Rillaboom|88\/100|[from] Spikes\n|-damage|p1b: Rillaboom|76\/100|[from] Stealth Rock\n|-fieldstart|move: Grassy Terrain|[from] ability: Grassy Surge|[of] p1b: Rillaboom\n|move|p2b: Dragonite|Extreme Speed|p1a: Ogerpon\n|-damage|p1a: Ogerpon|44\/100\n|move|p1a: Ogerpon|Grassy Glide|p2a: Iron Valiant\n|-damage|p2a: Iron Valiant|42\/100\n|move|p2a: Iron Valiant|Shadow Ball|p1b: Rillaboom\n|-damage|p1b: Rillaboom|58\/100\n|-unboost|p1b: Rillaboom|spd|1\n|\n|-heal|p2a: Iron Valiant|48\/100|[from] Grassy Terrain\n|-heal|p1a: Ogerpon|50\/100|[from] Grassy Terrain\n|-heal|p1b: Rillaboom|64\/100|[from] Grassy Terrain\n|upkeep\n|turn|5\n|\n|t:|1701161964\n|move|p1b: Rillaboom|Fake Out|p2b: Dragonite\n|-damage|p2b: Dragonite|93\/100\n|move|p1a: Ogerpon|Grassy Glide|p2a: Iron Valiant\n|-damage|p2a: Iron Valiant|0 fnt\n|faint|p2a: Iron Valiant\n|-end|p2a: Iron Valiant|Quark Drive|[silent]\n|cant|p2b: Dragonite|flinch\n|\n|-heal|p1a: Ogerpon|56\/100|[from] Grassy Terrain\n|-heal|p2b: Dragonite|99\/100|[from] item: Leftovers\n|-heal|p1b: Rillaboom|70\/100|[from] Grassy Terrain\n|upkeep\n|\n|t:|1701161971\n|switch|p2a: Kingambit|Kingambit, M|100\/100\n|-activate|p2a: Kingambit|ability: Supreme Overlord\n|-start|p2a: Kingambit|fallen3|[silent]\n|turn|6\n|inactive|Steven Stone 007 has 120 seconds left.\n|\n|t:|1701162013\n|switch|p1b: Iron Hands|Iron Hands|100\/100\n|-damage|p1b: Iron Hands|88\/100|[from] Spikes\n|-damage|p1b: Iron Hands|82\/100|[from] Stealth Rock\n|-heal|p1a: Ogerpon|81\/100|[from] ability: Hospitality|[of] p1b: Iron Hands\n|move|p1a: Ogerpon|Ivy Cudgel|p2a: Kingambit|[anim] Ivy Cudgel Fire\n|-supereffective|p2a: Kingambit\n|-damage|p2a: Kingambit|11\/100\n|move|p2b: Dragonite|Draco Meteor|p1a: Ogerpon\n|-damage|p1a: Ogerpon|38\/100\n|-unboost|p2b: Dragonite|spa|2\n|move|p2a: Kingambit|Iron Head|p1b: Iron Hands\n|-resisted|p1b: Iron Hands\n|-damage|p1b: Iron Hands|64\/100\n|\n|-heal|p1a: Ogerpon|44\/100|[from] Grassy Terrain\n|-heal|p2b: Dragonite|100\/100|[from] item: Leftovers\n|-heal|p2a: Kingambit|17\/100|[from] Grassy Terrain\n|-heal|p2a: Kingambit|23\/100|[from] item: Leftovers\n|-heal|p1b: Iron Hands|71\/100|[from] Grassy Terrain\n|upkeep\n|turn|7\n|c|\u2606Vicenpro_64|vamos\n|c|\u2606Vicenpro_64|no me pueden quitar mi chamba\n|c|\u2606Steven Stone 007|only english\n|inactive|Steven Stone 007 has 120 seconds left.\n|c|\u2606Vicenpro_64|yo cree la chamba\n|inactive|Vicenpro_64 has 120 seconds left.\n|c|\u2606Vicenpro_64|no saben cuanto he sacrificado!!!\n|\n|t:|1701162061\n|move|p1b: Iron Hands|Fake Out|p2b: Dragonite\n|-damage|p2b: Dragonite|92\/100\n|move|p1a: Ogerpon|Ivy Cudgel|p2a: Kingambit|[anim] Ivy Cudgel Fire\n|-supereffective|p2a: Kingambit\n|-crit|p2a: Kingambit\n|-damage|p2a: Kingambit|0 fnt\n|faint|p2a: Kingambit\n|-end|p2a: Kingambit|fallen3|[silent]\n|cant|p2b: Dragonite|flinch\n|\n|-heal|p1a: Ogerpon|50\/100|[from] Grassy Terrain\n|-heal|p2b: Dragonite|98\/100|[from] item: Leftovers\n|-heal|p1b: Iron Hands|77\/100|[from] Grassy Terrain\n|upkeep\n|j| ALLAHAXBAR\n|l| ALLAHAXBAR\n|\n|t:|1701162074\n|switch|p2a: Great Tusk|Great Tusk|100\/100\n|turn|8\n|c|\u2606Steven Stone 007|humko nahi samajh aata tum kya kehti habibi\n|inactive|Vicenpro_64 has 120 seconds left.\n|\n|t:|1701162093\n|move|p1a: Ogerpon|Spiky Shield|p1a: Ogerpon\n|-singleturn|p1a: Ogerpon|move: Protect\n|move|p2b: Dragonite|Ice Spinner|p1a: Ogerpon\n|-activate|p1a: Ogerpon|move: Protect\n|-damage|p2b: Dragonite|85\/100|[from] Spiky Shield|[of] p1a: Ogerpon\n|move|p2a: Great Tusk|Earthquake|p1a: Ogerpon|[spread] p1b\n|-activate|p1a: Ogerpon|move: Protect\n|-immune|p2b: Dragonite\n|-supereffective|p1b: Iron Hands\n|-damage|p1b: Iron Hands|55\/100\n|move|p1b: Iron Hands|Thunder Punch|p2b: Dragonite\n|-damage|p2b: Dragonite|40\/100\n|\n|-heal|p1a: Ogerpon|56\/100|[from] Grassy Terrain\n|-heal|p2b: Dragonite|46\/100|[from] item: Leftovers\n|-heal|p1b: Iron Hands|62\/100|[from] Grassy Terrain\n|-fieldend|move: Grassy Terrain\n|upkeep\n|turn|9\n|c|\u2606Vicenpro_64|yo cree la chamba\n|\n|t:|1701162119\n|switch|p1a: Rillaboom|Rillaboom, F|70\/100\n|-damage|p1a: Rillaboom|58\/100|[from] Spikes\n|-damage|p1a: Rillaboom|46\/100|[from] Stealth Rock\n|-fieldstart|move: Grassy Terrain|[from] ability: Grassy Surge|[of] p1a: Rillaboom\n|switch|p1b: Chien-Pao|Chien-Pao|100\/100\n|-damage|p1b: Chien-Pao|88\/100|[from] Spikes\n|-damage|p1b: Chien-Pao|63\/100|[from] Stealth Rock\n|move|p2b: Dragonite|Extreme Speed|p1a: Rillaboom\n|-damage|p1a: Rillaboom|19\/100\n|move|p2a: Great Tusk|Earthquake|p1b: Chien-Pao|[spread] p1a,p1b\n|-immune|p2b: Dragonite\n|-resisted|p1a: Rillaboom\n|-damage|p1a: Rillaboom|11\/100\n|-damage|p1b: Chien-Pao|42\/100\n|\n|-heal|p1b: Chien-Pao|48\/100|[from] Grassy Terrain\n|-heal|p2b: Dragonite|53\/100|[from] item: Leftovers\n|-heal|p1a: Rillaboom|17\/100|[from] Grassy Terrain\n|upkeep\n|turn|10\n|\n|t:|1701162139\n|move|p1a: Rillaboom|Grassy Glide|p2a: Great Tusk\n|-supereffective|p2a: Great Tusk\n|-damage|p2a: Great Tusk|63\/100\n|move|p1b: Chien-Pao|Icicle Crash|p2b: Dragonite\n|-supereffective|p2b: Dragonite\n|-damage|p2b: Dragonite|0 fnt\n|faint|p2b: Dragonite\n|move|p2a: Great Tusk|Rapid Spin|p1b: Chien-Pao\n|-damage|p1b: Chien-Pao|27\/100\n|-boost|p2a: Great Tusk|spe|1\n|\n|-heal|p1b: Chien-Pao|33\/100|[from] Grassy Terrain\n|-heal|p2a: Great Tusk|69\/100|[from] Grassy Terrain\n|-heal|p2a: Great Tusk|75\/100|[from] item: Leftovers\n|-heal|p1a: Rillaboom|23\/100|[from] Grassy Terrain\n|upkeep\n|turn|11\n|\n|t:|1701162152\n|-terastallize|p1a: Rillaboom|Grass\n|move|p1a: Rillaboom|Grassy Glide|p2a: Great Tusk\n|-supereffective|p2a: Great Tusk\n|-damage|p2a: Great Tusk|25\/100\n|move|p1b: Chien-Pao|Icicle Crash|p2a: Great Tusk\n|-supereffective|p2a: Great Tusk\n|-damage|p2a: Great Tusk|0 fnt\n|faint|p2a: Great Tusk\n|-end|p2a: Great Tusk|Protosynthesis|[silent]\n|\n|win|Steven Stone 007\n|n|\u2606Steven Stone 007|stevenstone007\n|n|\u2606Vicenpro_64|vicenpro64\n|n|*Lady Monita \u2746|ladymonita\n|n| Mik-Gor|mikgor\n","uploadtime":1701162153,"views":6,"p1id":"stevenstone007","p2id":"vicenpro64","formatid":"gen9doublesou","rating":0,"private":0,"password":""}