{"id":"gen9doublesou-1978674385","p1":"CharizardXplsrtrn","p2":"HaZZaLaDDa","format":"[Gen 9] Doubles OU","log":"|j|\u2606CharizardXplsrtrn\n|j|\u2606HaZZaLaDDa\n|t:|1698579308\n|gametype|doubles\n|player|p1|CharizardXplsrtrn|169|1081\n|player|p2|HaZZaLaDDa|policeman-gen4|1193\n|teamsize|p1|6\n|teamsize|p2|6\n|gen|9\n|tier|[Gen 9] Doubles OU\n|rated|\n|rule|Species Clause: Limit one of each Pok\u00e9mon\n|rule|OHKO Clause: OHKO moves are banned\n|rule|Evasion Moves Clause: Evasion moves are banned\n|rule|Gravity Sleep Clause: The combination of sleep-inducing moves with imperfect accuracy and Gravity or Gigantamax Orbeetle are banned\n|rule|Endless Battle Clause: Forcing endless battles is banned\n|rule|HP Percentage Mod: HP is shown in percentages\n|clearpoke\n|poke|p1|Charizard, F|\n|poke|p1|Torkoal, F|\n|poke|p1|Rillaboom, F|\n|poke|p1|Kingambit, M|\n|poke|p1|Grimmsnarl, M|\n|poke|p1|Armarouge, M|\n|poke|p2|Slaking, M|\n|poke|p2|Medicham, F|\n|poke|p2|Heatran, M|\n|poke|p2|Cresselia, F|\n|poke|p2|Regidrago|\n|poke|p2|Murkrow, M|\n|teampreview\n|\n|t:|1698579313\n|start\n|switch|p1a: Armarouge|Armarouge, M|100\/100\n|switch|p1b: Pyro|Torkoal, F|100\/100\n|switch|p2a: Regidrago|Regidrago, shiny|100\/100\n|switch|p2b: Murkrow|Murkrow, M|100\/100\n|-weather|SunnyDay|[from] ability: Drought|[of] p1b: Pyro\n|turn|1\n|\n|t:|1698579329\n|-terastallize|p2a: Regidrago|Dragon\n|move|p2b: Murkrow|Tailwind|p2b: Murkrow\n|-sidestart|p2: HaZZaLaDDa|move: Tailwind\n|move|p2a: Regidrago|Dragon Energy|p1a: Armarouge|[spread] p1a,p1b\n|-damage|p1a: Armarouge|0 fnt\n|-damage|p1b: Pyro|0 fnt\n|faint|p1a: Armarouge\n|faint|p1b: Pyro\n|\n|-weather|SunnyDay|[upkeep]\n|upkeep\n|\n|t:|1698579352\n|switch|p1a: Grimmsnarl|Grimmsnarl, M|100\/100\n|switch|p1b: Dragonoid|Charizard, F|100\/100\n|turn|2\n|\n|t:|1698579365\n|switch|p2b: Cresselia|Cresselia, F|100\/100\n|switch|p2a: Heatran|Heatran, M|100\/100\n|move|p1a: Grimmsnarl|Fake Out|p2a: Heatran\n|-resisted|p2a: Heatran\n|-damage|p2a: Heatran|95\/100\n|move|p1b: Dragonoid|Heat Wave|p2b: Cresselia|[spread] p2b\n|-start|p2a: Heatran|ability: Flash Fire\n|-damage|p2b: Cresselia|37\/100\n|-status|p2b: Cresselia|brn\n|-damage|p1b: Dragonoid|91\/100|[from] item: Life Orb\n|\n|-weather|SunnyDay|[upkeep]\n|-damage|p1b: Dragonoid|78\/100|[from] ability: Solar Power|[of] p1b: Dragonoid\n|-heal|p2b: Cresselia|43\/100 brn|[from] item: Leftovers\n|-damage|p2b: Cresselia|37\/100 brn|[from] brn\n|upkeep\n|turn|3\n|\n|t:|1698579396\n|move|p2b: Cresselia|Ally Switch|p2b: Cresselia\n|swap|p2b: Cresselia|0|[from] move: Ally Switch\n|move|p1a: Grimmsnarl|Thunder Wave||[still]\n|-fail|p1a: Grimmsnarl\n|move|p2b: Heatran|Flash Cannon|p1a: Grimmsnarl\n|-supereffective|p1a: Grimmsnarl\n|-damage|p1a: Grimmsnarl|0 fnt\n|faint|p1a: Grimmsnarl\n|-damage|p2b: Heatran|85\/100|[from] item: Life Orb\n|move|p1b: Dragonoid|Weather Ball|p2b: Heatran\n|-immune|p2b: Heatran|[from] ability: Flash Fire\n|\n|-weather|SunnyDay|[upkeep]\n|-damage|p1b: Dragonoid|66\/100|[from] ability: Solar Power|[of] p1b: Dragonoid\n|-heal|p2a: Cresselia|43\/100 brn|[from] item: Leftovers\n|-damage|p2a: Cresselia|37\/100 brn|[from] brn\n|upkeep\n|\n|t:|1698579415\n|switch|p1a: Rillaboom|Rillaboom, F|100\/100\n|-fieldstart|move: Grassy Terrain|[from] ability: Grassy Surge|[of] p1a: Rillaboom\n|turn|4\n|\n|t:|1698579427\n|move|p2a: Cresselia|Helping Hand|p2b: Heatran\n|-singleturn|p2b: Heatran|Helping Hand|[of] p2a: Cresselia\n|move|p2b: Heatran|Heat Wave|p1a: Rillaboom|[spread] p1a,p1b\n|-supereffective|p1a: Rillaboom\n|-resisted|p1b: Dragonoid\n|-damage|p1a: Rillaboom|0 fnt\n|-damage|p1b: Dragonoid|0 fnt\n|faint|p1a: Rillaboom\n|faint|p1b: Dragonoid\n|-damage|p2b: Heatran|75\/100|[from] item: Life Orb\n|\n|-weather|SunnyDay|[upkeep]\n|-heal|p2b: Heatran|81\/100|[from] Grassy Terrain\n|-heal|p2a: Cresselia|43\/100 brn|[from] item: Leftovers\n|-damage|p2a: Cresselia|37\/100 brn|[from] brn\n|-sideend|p2: HaZZaLaDDa|move: Tailwind\n|upkeep\n|\n|t:|1698579443\n|switch|p1b: Kingambit|Kingambit, M|100\/100\n|turn|5\n|\n|t:|1698579450\n|-terastallize|p1b: Kingambit|Dark\n|move|p2a: Cresselia|Helping Hand|p2b: Heatran\n|-singleturn|p2b: Heatran|Helping Hand|[of] p2a: Cresselia\n|move|p2b: Heatran|Heat Wave|p1b: Kingambit\n|-damage|p1b: Kingambit|0 fnt\n|faint|p1b: Kingambit\n|-damage|p2b: Heatran|71\/100|[from] item: Life Orb\n|\n|win|HaZZaLaDDa\n|raw|CharizardXplsrtrn's rating: 1081 &rarr; <strong>1066<\/strong><br \/>(-15 for losing)\n|raw|HaZZaLaDDa's rating: 1193 &rarr; <strong>1210<\/strong><br \/>(+17 for winning)\n","uploadtime":1698579459,"views":31,"p1id":"charizardxplsrtrn","p2id":"hazzaladda","formatid":"gen9doublesou","rating":1066,"private":0,"password":""}