{"id":"gen9doublesou-1978902380","p1":"MikuPlushie","p2":"SaltyPickles420","format":"[Gen 9] Doubles OU","log":"|j|\u2606MikuPlushie\n|j|\u2606SaltyPickles420\n|t:|1698608338\n|gametype|doubles\n|player|p1|MikuPlushie|whitney|\n|player|p2|SaltyPickles420|pokemonbreederf-gen4|\n|teamsize|p1|6\n|teamsize|p2|6\n|gen|9\n|tier|[Gen 9] Doubles OU\n|rule|Species Clause: Limit one of each Pok\u00e9mon\n|rule|OHKO Clause: OHKO moves are banned\n|rule|Evasion Moves Clause: Evasion moves are banned\n|rule|Gravity Sleep Clause: The combination of sleep-inducing moves with imperfect accuracy and Gravity or Gigantamax Orbeetle are banned\n|rule|Endless Battle Clause: Forcing endless battles is banned\n|rule|HP Percentage Mod: HP is shown in percentages\n|clearpoke\n|poke|p1|Torkoal, M|\n|poke|p1|Lilligant, F|\n|poke|p1|Great Tusk|\n|poke|p1|Walking Wake|\n|poke|p1|Chi-Yu|\n|poke|p1|Scream Tail|\n|poke|p2|Hatterene, F|\n|poke|p2|Clefairy, F|\n|poke|p2|Sinistcha|\n|poke|p2|Iron Hands|\n|poke|p2|Snorlax, M|\n|poke|p2|Landorus-Therian, M|\n|teampreview\n|c|\u2606MikuPlushie|this team is pretty old but i hope it's good enough!\n|c|\u2606MikuPlushie|:3\n|c|\u2606SaltyPickles420|:3\n|\n|t:|1698608411\n|start\n|switch|p1a: Torkoal|Torkoal, M|100\/100\n|switch|p1b: Lilligant|Lilligant, F|100\/100\n|switch|p2a: Jonathan|Landorus-Therian, M|100\/100\n|switch|p2b: Big Man|Snorlax, M, shiny|100\/100\n|-ability|p2a: Jonathan|Intimidate|boost\n|-unboost|p1a: Torkoal|atk|1\n|-unboost|p1b: Lilligant|atk|1\n|-weather|SunnyDay|[from] ability: Drought|[of] p1a: Torkoal\n|turn|1\n|c|\u2606MikuPlushie|j-j... j-j-jonathan?!\n|\n|t:|1698608448\n|-terastallize|p2b: Big Man|Water\n|move|p1a: Torkoal|Protect|p1a: Torkoal\n|-singleturn|p1a: Torkoal|Protect\n|move|p1b: Lilligant|Sleep Powder|p2a: Jonathan\n|-status|p2a: Jonathan|slp|[from] move: Sleep Powder\n|cant|p2a: Jonathan|slp\n|move|p2b: Big Man|Belly Drum|p2b: Big Man\n|-damage|p2b: Big Man|50\/100\n|-setboost|p2b: Big Man|atk|6|[from] move: Belly Drum\n|-enditem|p2b: Big Man|Sitrus Berry|[eat]\n|-heal|p2b: Big Man|75\/100|[from] item: Sitrus Berry\n|\n|-weather|SunnyDay|[upkeep]\n|upkeep\n|turn|2\n|c|\u2606SaltyPickles420|:sob:\n|l|\u2606SaltyPickles420\n|player|p2|\n|j| Szosaaan\n|c| Szosaaan|Meowsers\n|c| Szosaaan|Adri kick her butt\n|c|\u2606MikuPlushie|wahhhhhhhh where did saltypickles420 go :(\n|c| Szosaaan|:<<<\n|c|\u2606MikuPlushie|i will!\n|c|\u2606MikuPlushie|hehe we are\n|c| Szosaaan|:D\n|c|\u2606MikuPlushie|pansexual colors\n|c|\u2606MikuPlushie|:3\n|c| Szosaaan|Pansexuals around\n|j|\u2606SaltyPickles420\n|player|p2|SaltyPickles420|pokemonbreederf-gen4\n|c|\u2606MikuPlushie|welcome back, saltypickles420!\n|c| Szosaaan|hi Phoebe\n|c|\u2606SaltyPickles420|okay i disconnected\n|c|\u2606SaltyPickles420|what the hell how am I asleep...\n|c|\u2606MikuPlushie|eeper :3\n|\n|t:|1698608584\n|switch|p2a: Lemmy|Sinistcha|100\/100\n|-heal|p2b: Big Man|99\/100|[from] ability: Hospitality|[of] p2a: Lemmy\n|move|p1b: Lilligant|Solar Beam||[still]\n|-prepare|p1b: Lilligant|Solar Beam\n|-anim|p1b: Lilligant|Solar Beam|p2b: Big Man\n|-supereffective|p2b: Big Man\n|-damage|p2b: Big Man|18\/100\n|move|p1a: Torkoal|Solar Beam||[still]\n|-prepare|p1a: Torkoal|Solar Beam\n|-anim|p1a: Torkoal|Solar Beam|p2b: Big Man\n|-supereffective|p2b: Big Man\n|-damage|p2b: Big Man|0 fnt\n|faint|p2b: Big Man\n|\n|-weather|SunnyDay|[upkeep]\n|upkeep\n|c|\u2606SaltyPickles420|uh oh...\n|c|\u2606MikuPlushie|TASTE THE POWER OF THE SUN \u2600\ufe0f\u2600\ufe0f\u2600\ufe0f\u2600\ufe0f\u2600\ufe0f\u2600\ufe0f\u2600\ufe0f\u2600\ufe0f\u2600\ufe0f\u2600\ufe0f\u2600\ufe0f\u2600\ufe0f\u2600\ufe0f\u2600\ufe0f\u2600\ufe0f\u2600\ufe0f\u2600\ufe0f\u2600\ufe0f\u2600\ufe0f\u2600\ufe0f\u2600\ufe0f\u2600\ufe0f\u2600\ufe0f\n|c|\u2606SaltyPickles420|ah!!!!!\n|c| Szosaaan|Hey guys, did you know that in terms of male human and female Pok\u00e9mon breeding, Grusha is the most compatible human for humans?\n|\n|t:|1698608633\n|switch|p2b: Lorelei|Hatterene, F|100\/100\n|turn|3\n|c|\u2606MikuPlushie|grusha my wife\n|c|\u2606MikuPlushie|...\n|c| Szosaaan|I need to draw Grusha once\n|c| Szosaaan|In a\n|c| Szosaaan|Maid outfit\n|\n|t:|1698608660\n|move|p2a: Lemmy|Rage Powder|p2a: Lemmy\n|-singleturn|p2a: Lemmy|move: Rage Powder\n|move|p1b: Lilligant|Quiver Dance|p1b: Lilligant\n|-boost|p1b: Lilligant|spa|1\n|-boost|p1b: Lilligant|spd|1\n|-boost|p1b: Lilligant|spe|1\n|move|p1a: Torkoal|Eruption|p2b: Lorelei|[spread] p2a,p2b\n|-supereffective|p2a: Lemmy\n|-damage|p2a: Lemmy|0 fnt\n|-damage|p2b: Lorelei|28\/100\n|faint|p2a: Lemmy\n|move|p2b: Lorelei|Calm Mind|p2b: Lorelei\n|-boost|p2b: Lorelei|spa|1\n|-boost|p2b: Lorelei|spd|1\n|\n|-weather|SunnyDay|[upkeep]\n|-heal|p2b: Lorelei|34\/100|[from] item: Leftovers\n|upkeep\n|c| Szosaaan|God I love femboys\n|c|\u2606MikuPlushie|dont we all\n|c| Szosaaan|;D\n|c|\u2606SaltyPickles420|okay maybe I didn't account for something called type matchups woops\n|c| Szosaaan|Idiot\n|c|\u2606MikuPlushie|:3\n|\n|t:|1698608728\n|switch|p2a: Lulu|Clefairy, F|100\/100\n|turn|4\n|\n|t:|1698608745\n|move|p1b: Lilligant|Solar Beam||[still]\n|-prepare|p1b: Lilligant|Solar Beam\n|-anim|p1b: Lilligant|Solar Beam|p2b: Lorelei\n|-damage|p2b: Lorelei|0 fnt\n|faint|p2b: Lorelei\n|move|p2a: Lulu|Heal Pulse|p2: Lorelei|[notarget]\n|-fail|p2a: Lulu\n|move|p1a: Torkoal|Eruption|p2a: Lulu\n|-damage|p2a: Lulu|37\/100\n|\n|-weather|SunnyDay|[upkeep]\n|upkeep\n|\n|t:|1698608757\n|switch|p2b: Jonathan|Landorus-Therian, M|100\/100 slp\n|-ability|p2b: Jonathan|Intimidate|boost\n|-unboost|p1a: Torkoal|atk|1\n|-unboost|p1b: Lilligant|atk|1\n|turn|5\n|c|\u2606SaltyPickles420|yea I'm probably gonna need to work on this more...\n|\n|t:|1698608788\n|move|p2a: Lulu|Helping Hand|p2b: Jonathan\n|-singleturn|p2b: Jonathan|Helping Hand|[of] p2a: Lulu\n|move|p1b: Lilligant|Solar Beam||[still]\n|-prepare|p1b: Lilligant|Solar Beam\n|-anim|p1b: Lilligant|Solar Beam|p2a: Lulu\n|-damage|p2a: Lulu|0 fnt\n|faint|p2a: Lulu\n|-curestatus|p2b: Jonathan|slp|[msg]\n|move|p2b: Jonathan|Stomping Tantrum|p1a: Torkoal\n|-supereffective|p1a: Torkoal\n|-damage|p1a: Torkoal|17\/100\n|move|p1a: Torkoal|Eruption|p2b: Jonathan\n|-damage|p2b: Jonathan|80\/100\n|\n|-weather|SunnyDay|[upkeep]\n|upkeep\n|c|\u2606MikuPlushie|dammit\n|\n|t:|1698608801\n|switch|p2a: Thomas|Iron Hands|100\/100\n|turn|6\n|c|\u2606MikuPlushie|i could have done this damageless\n|c|\u2606MikuPlushie|i'll still try for 6-0!\n|c|\u2606SaltyPickles420|:P\n|\n|t:|1698608846\n|move|p1a: Torkoal|Protect|p1a: Torkoal\n|-singleturn|p1a: Torkoal|Protect\n|move|p1b: Lilligant|Solar Beam||[still]\n|-prepare|p1b: Lilligant|Solar Beam\n|-anim|p1b: Lilligant|Solar Beam|p2b: Jonathan\n|-damage|p2b: Jonathan|0 fnt\n|faint|p2b: Jonathan\n|move|p2a: Thomas|Heavy Slam|p1b: Lilligant\n|-damage|p1b: Lilligant|39\/100\n|\n|-weather|SunnyDay|[upkeep]\n|upkeep\n|turn|7\n|\n|t:|1698608902\n|switch|p1a: Great Tusk|Great Tusk|100\/100\n|-activate|p1a: Great Tusk|ability: Protosynthesis\n|-start|p1a: Great Tusk|protosynthesisatk\n|-terastallize|p1b: Lilligant|Fire\n|move|p1b: Lilligant|Solar Beam||[still]\n|-prepare|p1b: Lilligant|Solar Beam\n|-anim|p1b: Lilligant|Solar Beam|p2a: Thomas\n|-damage|p2a: Thomas|54\/100\n|move|p2a: Thomas|Heavy Slam|p1a: Great Tusk\n|-damage|p1a: Great Tusk|90\/100\n|\n|-weather|SunnyDay|[upkeep]\n|upkeep\n|turn|8\n|\n|t:|1698608927\n|move|p1b: Lilligant|Solar Beam||[still]\n|-prepare|p1b: Lilligant|Solar Beam\n|-anim|p1b: Lilligant|Solar Beam|p2a: Thomas\n|-damage|p2a: Thomas|8\/100\n|move|p1a: Great Tusk|Headlong Rush|p2a: Thomas\n|-supereffective|p2a: Thomas\n|-damage|p2a: Thomas|0 fnt\n|-unboost|p1a: Great Tusk|def|1\n|-unboost|p1a: Great Tusk|spd|1\n|faint|p2a: Thomas\n|-end|p2a: Thomas|Quark Drive|[silent]\n|\n|win|MikuPlushie\n|c| Szosaaan|Wowie\n|c|\u2606MikuPlushie|6-0 :3\n|l| Szosaaan\n|c|\u2606SaltyPickles420|good job :D\n|l|\u2606SaltyPickles420\n|c|\u2606MikuPlushie|thank you :333\n","uploadtime":1698608988,"views":27,"p1id":"mikuplushie","p2id":"saltypickles420","formatid":"gen9doublesou","rating":0,"private":0,"password":""}