{"id":"gen9doublesou-1971466538","p1":"Cryptixzz51","p2":"Khkckgfk","format":"[Gen 9] Doubles OU","log":"|j|\u2606Cryptixzz51\n|j|\u2606Khkckgfk\n|t:|1697740719\n|gametype|doubles\n|player|p1|Cryptixzz51|backersf|1100\n|player|p2|Khkckgfk|2|1000\n|teamsize|p1|6\n|teamsize|p2|6\n|gen|9\n|tier|[Gen 9] Doubles OU\n|rated|\n|rule|Species Clause: Limit one of each Pok\u00e9mon\n|rule|OHKO Clause: OHKO moves are banned\n|rule|Evasion Moves Clause: Evasion moves are banned\n|rule|Gravity Sleep Clause: The combination of sleep-inducing moves with imperfect accuracy and Gravity or Gigantamax Orbeetle are banned\n|rule|Endless Battle Clause: Forcing endless battles is banned\n|rule|HP Percentage Mod: HP is shown in percentages\n|clearpoke\n|poke|p1|Grafaiai, M|\n|poke|p1|Slaking, M|\n|poke|p1|Garganacl, M|\n|poke|p1|Gholdengo|\n|poke|p1|Sinistcha-Masterpiece|\n|poke|p1|Palafin, M|\n|poke|p2|Great Tusk|\n|poke|p2|Tornadus, M|\n|poke|p2|Cyclizar, F|\n|poke|p2|Clefairy, M|\n|poke|p2|Azumarill, M|\n|poke|p2|Amoonguss, F|\n|teampreview\n|inactive|Battle timer is ON: inactive players will automatically lose when time's up. (requested by Cryptixzz51)\n|\n|t:|1697740724\n|start\n|switch|p1a: Palafin|Palafin, M|100\/100\n|switch|p1b: Gholdengo|Gholdengo|100\/100\n|switch|p2a: Tornadus|Tornadus, M|100\/100\n|switch|p2b: Cyclizar|Cyclizar, F|100\/100\n|turn|1\n|\n|t:|1697740739\n|move|p2a: Tornadus|Tailwind|p2a: Tornadus\n|-sidestart|p2: Khkckgfk|move: Tailwind\n|move|p2b: Cyclizar|Knock Off|p1b: Gholdengo\n|-supereffective|p1b: Gholdengo\n|-damage|p1b: Gholdengo|52\/100\n|-enditem|p1b: Gholdengo|White Herb|[from] move: Knock Off|[of] p2b: Cyclizar\n|move|p1a: Palafin|Flip Turn|p2a: Tornadus\n|-damage|p2a: Tornadus|65\/100\n|-damage|p1a: Palafin|91\/100|[from] item: Life Orb\n|\n|t:|1697740752\n|detailschange|p1a: Palafin|Palafin-Hero, M\n|switch|p1a: Sinistcha|Sinistcha-Masterpiece|100\/100|[from] Flip Turn\n|-heal|p1b: Gholdengo|77\/100|[from] ability: Hospitality|[of] p1a: Sinistcha\n|move|p1b: Gholdengo|Thunderbolt|p2a: Tornadus\n|-supereffective|p2a: Tornadus\n|-damage|p2a: Tornadus|11\/100\n|\n|-heal|p2a: Tornadus|17\/100|[from] item: Leftovers\n|upkeep\n|turn|2\n|inactive|Cryptixzz51 has 120 seconds left.\n|\n|t:|1697740783\n|move|p2b: Cyclizar|Knock Off|p1a: Sinistcha\n|-supereffective|p1a: Sinistcha\n|-damage|p1a: Sinistcha|56\/100\n|-enditem|p1a: Sinistcha|Big Root|[from] move: Knock Off|[of] p2b: Cyclizar\n|move|p2a: Tornadus|U-turn|p1a: Sinistcha\n|-damage|p1a: Sinistcha|37\/100\n|\n|t:|1697740791\n|switch|p2a: Amoonguss|Amoonguss, F|100\/100|[from] U-turn\n|move|p1b: Gholdengo|Thunderbolt|p2a: Amoonguss\n|-resisted|p2a: Amoonguss\n|-damage|p2a: Amoonguss|89\/100\n|move|p1a: Sinistcha|Shadow Ball|p2b: Cyclizar\n|-immune|p2b: Cyclizar\n|\n|-heal|p2a: Amoonguss|95\/100|[from] item: Leftovers\n|upkeep\n|turn|3\n|\n|t:|1697740813\n|move|p2b: Cyclizar|Shed Tail|p2b: Cyclizar\n|-start|p2b: Cyclizar|Substitute|[from] move: Shed Tail\n|-damage|p2b: Cyclizar|50\/100\n|-enditem|p2b: Cyclizar|Sitrus Berry|[eat]\n|-heal|p2b: Cyclizar|75\/100|[from] item: Sitrus Berry\n|\n|t:|1697740818\n|switch|p2b: Azumarill|Azumarill, M|100\/100|[from] Shed Tail\n|move|p1b: Gholdengo|Make It Rain|p2a: Amoonguss|[spread] p2a,p2b\n|-end|p2b: Azumarill|Substitute\n|-damage|p2a: Amoonguss|63\/100\n|-unboost|p1b: Gholdengo|spa|1\n|move|p1a: Sinistcha|Life Dew|p1a: Sinistcha|[spread] p1a\n|-immune|p1b: Gholdengo|[from] ability: Good as Gold\n|-heal|p1a: Sinistcha|62\/100\n|move|p2a: Amoonguss|Pollen Puff|p1a: Sinistcha\n|-damage|p1a: Sinistcha|37\/100\n|\n|-heal|p2a: Amoonguss|69\/100|[from] item: Leftovers\n|upkeep\n|turn|4\n|inactive|Cryptixzz51 has 120 seconds left.\n|\n|t:|1697740856\n|move|p2b: Azumarill|Aqua Ring|p2b: Azumarill\n|-start|p2b: Azumarill|Aqua Ring\n|move|p1b: Gholdengo|Thunder Wave|p2a: Amoonguss\n|-status|p2a: Amoonguss|par\n|move|p1a: Sinistcha|Matcha Gotcha|p2b: Azumarill|[spread] p2a\n|-ability|p2b: Azumarill|Sap Sipper|boost\n|-boost|p2b: Azumarill|atk|1\n|-resisted|p2a: Amoonguss\n|-damage|p2a: Amoonguss|64\/100 par\n|-heal|p1a: Sinistcha|41\/100|[from] drain|[of] p2a: Amoonguss\n|move|p2a: Amoonguss|Pollen Puff|p2b: Azumarill\n|-immune|p2b: Azumarill\n|\n|-heal|p2a: Amoonguss|70\/100 par|[from] item: Leftovers\n|-sideend|p2: Khkckgfk|move: Tailwind\n|upkeep\n|turn|5\n|inactive|Cryptixzz51 has 120 seconds left.\n|\n|t:|1697740881\n|-terastallize|p2b: Azumarill|Ground\n|move|p1b: Gholdengo|Thunder Wave|p2b: Azumarill\n|-immune|p2b: Azumarill\n|move|p1a: Sinistcha|Shadow Ball|p2b: Azumarill\n|-damage|p2b: Azumarill|63\/100\n|move|p2b: Azumarill|Defense Curl|p2b: Azumarill\n|-boost|p2b: Azumarill|def|1\n|move|p2a: Amoonguss|Pollen Puff|p1a: Sinistcha\n|-damage|p1a: Sinistcha|16\/100\n|\n|-heal|p2b: Azumarill|69\/100|[from] item: Leftovers\n|-heal|p2a: Amoonguss|76\/100 par|[from] item: Leftovers\n|-heal|p2b: Azumarill|75\/100|[from] Aqua Ring\n|upkeep\n|turn|6\n|inactive|Cryptixzz51 has 120 seconds left.\n|\n|t:|1697740909\n|move|p1b: Gholdengo|Make It Rain|p2a: Amoonguss|[spread] p2a,p2b\n|-damage|p2a: Amoonguss|55\/100 par\n|-damage|p2b: Azumarill|46\/100\n|-unboost|p1b: Gholdengo|spa|1\n|move|p1a: Sinistcha|Life Dew|p1a: Sinistcha|[spread] p1a\n|-immune|p1b: Gholdengo|[from] ability: Good as Gold\n|-heal|p1a: Sinistcha|41\/100\n|move|p2b: Azumarill|Defense Curl|p2b: Azumarill\n|-boost|p2b: Azumarill|def|1\n|move|p2a: Amoonguss|Pollen Puff|p2b: Azumarill\n|-heal|p2b: Azumarill|96\/100\n|\n|-heal|p2b: Azumarill|100\/100|[from] item: Leftovers\n|-heal|p2a: Amoonguss|61\/100 par|[from] item: Leftovers\n|upkeep\n|turn|7\n|inactive|Cryptixzz51 has 120 seconds left.\n|\n|t:|1697740937\n|switch|p2a: Clefairy|Clefairy, M|100\/100\n|move|p1b: Gholdengo|Make It Rain|p2a: Clefairy|[spread] p2a,p2b\n|-supereffective|p2a: Clefairy\n|-damage|p2a: Clefairy|69\/100\n|-damage|p2b: Azumarill|81\/100\n|-unboost|p1b: Gholdengo|spa|1\n|move|p1a: Sinistcha|Shadow Ball|p2b: Azumarill\n|-damage|p2b: Azumarill|50\/100\n|move|p2b: Azumarill|Defense Curl|p2b: Azumarill\n|-boost|p2b: Azumarill|def|1\n|\n|-heal|p2b: Azumarill|56\/100|[from] item: Leftovers\n|-heal|p2b: Azumarill|63\/100|[from] Aqua Ring\n|upkeep\n|turn|8\n|\n|t:|1697740958\n|switch|p1b: Palafin|Palafin-Hero, M|91\/100\n|-activate|p1b: Palafin|ability: Zero to Hero\n|move|p1a: Sinistcha|Shadow Ball|p2b: Azumarill\n|-damage|p2b: Azumarill|33\/100\n|move|p2b: Azumarill|Defense Curl|p2b: Azumarill\n|-boost|p2b: Azumarill|def|1\n|move|p2a: Clefairy|Light Screen|p2a: Clefairy\n|-sidestart|p2: Khkckgfk|move: Light Screen\n|\n|-heal|p2b: Azumarill|40\/100|[from] item: Leftovers\n|-heal|p2b: Azumarill|46\/100|[from] Aqua Ring\n|upkeep\n|turn|9\n|\n|t:|1697740983\n|move|p2a: Clefairy|Follow Me|p2a: Clefairy\n|-singleturn|p2a: Clefairy|move: Follow Me\n|move|p1b: Palafin|Ice Punch|p2a: Clefairy\n|-damage|p2a: Clefairy|20\/100\n|-damage|p1b: Palafin|81\/100|[from] item: Life Orb\n|move|p1a: Sinistcha|Shadow Ball|p2a: Clefairy\n|-damage|p2a: Clefairy|4\/100\n|move|p2b: Azumarill|Trailblaze|p1b: Palafin\n|-supereffective|p1b: Palafin\n|-damage|p1b: Palafin|50\/100\n|-boost|p2b: Azumarill|spe|1\n|\n|-heal|p2b: Azumarill|52\/100|[from] item: Leftovers\n|-heal|p2b: Azumarill|58\/100|[from] Aqua Ring\n|upkeep\n|turn|10\n|\n|t:|1697741006\n|move|p2a: Clefairy|Follow Me|p2a: Clefairy\n|-singleturn|p2a: Clefairy|move: Follow Me\n|move|p1b: Palafin|Ice Punch|p2a: Clefairy\n|-damage|p2a: Clefairy|0 fnt\n|faint|p2a: Clefairy\n|-damage|p1b: Palafin|40\/100|[from] item: Life Orb\n|move|p1a: Sinistcha|Life Dew|p1a: Sinistcha|[spread] p1a,p1b\n|-heal|p1a: Sinistcha|66\/100\n|-heal|p1b: Palafin|65\/100\n|move|p2b: Azumarill|Trailblaze|p1b: Palafin\n|-supereffective|p1b: Palafin\n|-damage|p1b: Palafin|34\/100\n|-boost|p2b: Azumarill|spe|1\n|\n|-heal|p2b: Azumarill|64\/100|[from] item: Leftovers\n|-heal|p2b: Azumarill|71\/100|[from] Aqua Ring\n|upkeep\n|\n|t:|1697741018\n|switch|p2a: Amoonguss|Amoonguss, F|94\/100 par\n|turn|11\n|\n|t:|1697741034\n|move|p1a: Sinistcha|Rage Powder|p1a: Sinistcha\n|-singleturn|p1a: Sinistcha|move: Rage Powder\n|move|p2a: Amoonguss|Rage Powder|p2a: Amoonguss\n|-singleturn|p2a: Amoonguss|move: Rage Powder\n|move|p1b: Palafin|Ice Punch|p2a: Amoonguss\n|-supereffective|p2a: Amoonguss\n|-damage|p2a: Amoonguss|22\/100 par\n|-damage|p1b: Palafin|24\/100|[from] item: Life Orb\n|move|p2b: Azumarill|Rollout|p1a: Sinistcha\n|-damage|p1a: Sinistcha|45\/100\n|\n|-heal|p2b: Azumarill|77\/100|[from] item: Leftovers\n|-heal|p2a: Amoonguss|28\/100 par|[from] item: Leftovers\n|-heal|p2b: Azumarill|83\/100|[from] Aqua Ring\n|upkeep\n|turn|12\n|inactive|Cryptixzz51 has 120 seconds left.\n|\n|t:|1697741065\n|move|p2a: Amoonguss|Rage Powder|p2a: Amoonguss\n|-singleturn|p2a: Amoonguss|move: Rage Powder\n|move|p1b: Palafin|Ice Punch|p2a: Amoonguss\n|-supereffective|p2a: Amoonguss\n|-damage|p2a: Amoonguss|0 fnt\n|faint|p2a: Amoonguss\n|-damage|p1b: Palafin|14\/100|[from] item: Life Orb\n|move|p2b: Azumarill|Rollout|p1b: Palafin|[from]lockedmove\n|-damage|p1b: Palafin|0 fnt\n|faint|p1b: Palafin\n|move|p1a: Sinistcha|Life Dew|p1a: Sinistcha\n|-heal|p1a: Sinistcha|70\/100\n|\n|-heal|p2b: Azumarill|89\/100|[from] item: Leftovers\n|-heal|p2b: Azumarill|95\/100|[from] Aqua Ring\n|-sideend|p2: Khkckgfk|move: Light Screen\n|upkeep\n|\n|t:|1697741086\n|switch|p1b: Gholdengo|Gholdengo|77\/100\n|switch|p2a: Tornadus|Tornadus, M|17\/100\n|turn|13\n|\n|t:|1697741101\n|move|p1a: Sinistcha|Rage Powder|p1a: Sinistcha\n|-singleturn|p1a: Sinistcha|move: Rage Powder\n|move|p2a: Tornadus|Tailwind|p2a: Tornadus\n|-sidestart|p2: Khkckgfk|move: Tailwind\n|move|p2b: Azumarill|Rollout|p1a: Sinistcha|[from]lockedmove\n|-damage|p1a: Sinistcha|0 fnt\n|faint|p1a: Sinistcha\n|move|p1b: Gholdengo|Make It Rain|p2a: Tornadus|[spread] p2a,p2b\n|-damage|p2a: Tornadus|0 fnt\n|-damage|p2b: Azumarill|48\/100\n|-unboost|p1b: Gholdengo|spa|1\n|faint|p2a: Tornadus\n|\n|-heal|p2b: Azumarill|54\/100|[from] item: Leftovers\n|-heal|p2b: Azumarill|60\/100|[from] Aqua Ring\n|upkeep\n|\n|t:|1697741121\n|switch|p2a: Cyclizar|Cyclizar, F|100\/100\n|switch|p1a: Garganacl|Garganacl, M|100\/100\n|turn|14\n|\n|t:|1697741134\n|move|p1a: Garganacl|Protect|p1a: Garganacl\n|-singleturn|p1a: Garganacl|Protect\n|move|p2a: Cyclizar|Shed Tail|p2a: Cyclizar\n|-start|p2a: Cyclizar|Substitute|[from] move: Shed Tail\n|-damage|p2a: Cyclizar|50\/100\n|\n|t:|1697741137\n|switch|p2a: Great Tusk|Great Tusk|100\/100|[from] Shed Tail\n|move|p2b: Azumarill|Rollout|p1b: Gholdengo|[from]lockedmove\n|-resisted|p1b: Gholdengo\n|-damage|p1b: Gholdengo|0 fnt\n|faint|p1b: Gholdengo\n|\n|-heal|p2b: Azumarill|66\/100|[from] item: Leftovers\n|-heal|p2b: Azumarill|72\/100|[from] Aqua Ring\n|upkeep\n|\n|t:|1697741147\n|switch|p1b: Grafaiai|Grafaiai, M|100\/100\n|turn|15\n|\n|t:|1697741163\n|switch|p1a: Slaking|Slaking, M|100\/100\n|move|p1b: Grafaiai|Doodle|p2b: Azumarill\n|-endability|p1a: Slaking|Truant|[from] move: Doodle\n|-ability|p1a: Slaking|Sap Sipper|[from] move: Doodle\n|-endability|p1b: Grafaiai|Prankster|[from] move: Doodle\n|-ability|p1b: Grafaiai|Sap Sipper|[from] move: Doodle\n|move|p2a: Great Tusk|Close Combat|p1a: Slaking\n|-supereffective|p1a: Slaking\n|-damage|p1a: Slaking|8\/100\n|-unboost|p2a: Great Tusk|def|1\n|-unboost|p2a: Great Tusk|spd|1\n|move|p2b: Azumarill|Rollout|p1b: Grafaiai|[from]lockedmove\n|-enditem|p1b: Grafaiai|Focus Sash\n|-damage|p1b: Grafaiai|1\/100\n|\n|-heal|p2b: Azumarill|78\/100|[from] item: Leftovers\n|-heal|p1a: Slaking|14\/100|[from] item: Leftovers\n|-heal|p2b: Azumarill|85\/100|[from] Aqua Ring\n|upkeep\n|turn|16\n|inactive|Cryptixzz51 has 120 seconds left.\n|\n|t:|1697741212\n|move|p2a: Great Tusk|Close Combat|p1a: Slaking\n|-supereffective|p1a: Slaking\n|-damage|p1a: Slaking|0 fnt\n|-unboost|p2a: Great Tusk|def|1\n|-unboost|p2a: Great Tusk|spd|1\n|faint|p1a: Slaking\n|move|p2b: Azumarill|Rollout|p1b: Grafaiai\n|-damage|p1b: Grafaiai|0 fnt\n|faint|p1b: Grafaiai\n|\n|-heal|p2b: Azumarill|91\/100|[from] item: Leftovers\n|-heal|p2b: Azumarill|97\/100|[from] Aqua Ring\n|-sideend|p2: Khkckgfk|move: Tailwind\n|upkeep\n|\n|t:|1697741221\n|switch|p1a: Garganacl|Garganacl, M|100\/100\n|turn|17\n|\n|t:|1697741237\n|-terastallize|p1a: Garganacl|Rock\n|move|p2a: Great Tusk|Defense Curl|p2a: Great Tusk\n|-boost|p2a: Great Tusk|def|1\n|move|p2b: Azumarill|Rollout|p1a: Garganacl|[from]lockedmove\n|-damage|p1a: Garganacl|76\/100\n|move|p1a: Garganacl|Salt Cure|p2b: Azumarill\n|-resisted|p2b: Azumarill\n|-damage|p2b: Azumarill|92\/100\n|-start|p2b: Azumarill|Salt Cure\n|\n|-heal|p2b: Azumarill|99\/100|[from] item: Leftovers\n|-heal|p1a: Garganacl|82\/100|[from] item: Leftovers\n|-heal|p2b: Azumarill|100\/100|[from] Aqua Ring\n|-damage|p2b: Azumarill|88\/100|[from] Salt Cure\n|upkeep\n|turn|18\n|\n|t:|1697741258\n|move|p2a: Great Tusk|Rollout|p1a: Garganacl\n|-damage|p1a: Garganacl|68\/100\n|move|p2b: Azumarill|Rollout|p1a: Garganacl|[from]lockedmove\n|-damage|p1a: Garganacl|18\/100\n|move|p1a: Garganacl|Salt Cure|p2a: Great Tusk\n|-resisted|p2a: Great Tusk\n|-activate|p2a: Great Tusk|move: Substitute|[damage]\n|\n|-heal|p2b: Azumarill|94\/100|[from] item: Leftovers\n|-heal|p1a: Garganacl|24\/100|[from] item: Leftovers\n|-heal|p2b: Azumarill|100\/100|[from] Aqua Ring\n|-damage|p2b: Azumarill|88\/100|[from] Salt Cure\n|upkeep\n|turn|19\n|\n|t:|1697741275\n|move|p2a: Great Tusk|Rollout|p1a: Garganacl|[from]lockedmove|[miss]\n|-miss|p2a: Great Tusk|p1a: Garganacl\n|move|p2b: Azumarill|Rollout|p1a: Garganacl|[from]lockedmove|[miss]\n|-miss|p2b: Azumarill|p1a: Garganacl\n|move|p1a: Garganacl|Recover|p1a: Garganacl\n|-heal|p1a: Garganacl|74\/100\n|\n|-heal|p2b: Azumarill|94\/100|[from] item: Leftovers\n|-heal|p1a: Garganacl|80\/100|[from] item: Leftovers\n|-heal|p2b: Azumarill|100\/100|[from] Aqua Ring\n|-damage|p2b: Azumarill|88\/100|[from] Salt Cure\n|upkeep\n|turn|20\n|\n|t:|1697741293\n|move|p2a: Great Tusk|Rollout|p1a: Garganacl\n|-damage|p1a: Garganacl|67\/100\n|move|p2b: Azumarill|Rollout|p1a: Garganacl\n|-damage|p1a: Garganacl|55\/100\n|move|p1a: Garganacl|Salt Cure|p2a: Great Tusk\n|-resisted|p2a: Great Tusk\n|-activate|p2a: Great Tusk|move: Substitute|[damage]\n|\n|-heal|p2b: Azumarill|94\/100|[from] item: Leftovers\n|-heal|p1a: Garganacl|61\/100|[from] item: Leftovers\n|-heal|p2b: Azumarill|100\/100|[from] Aqua Ring\n|-damage|p2b: Azumarill|88\/100|[from] Salt Cure\n|upkeep\n|turn|21\n|\n|t:|1697741308\n|move|p2a: Great Tusk|Rollout|p1a: Garganacl|[from]lockedmove\n|-damage|p1a: Garganacl|33\/100\n|move|p2b: Azumarill|Rollout|p1a: Garganacl|[from]lockedmove\n|-damage|p1a: Garganacl|10\/100\n|move|p1a: Garganacl|Recover|p1a: Garganacl\n|-heal|p1a: Garganacl|60\/100\n|\n|-heal|p2b: Azumarill|94\/100|[from] item: Leftovers\n|-heal|p1a: Garganacl|66\/100|[from] item: Leftovers\n|-heal|p2b: Azumarill|100\/100|[from] Aqua Ring\n|-damage|p2b: Azumarill|88\/100|[from] Salt Cure\n|upkeep\n|turn|22\n|\n|t:|1697741324\n|move|p1a: Garganacl|Protect|p1a: Garganacl\n|-singleturn|p1a: Garganacl|Protect\n|move|p2a: Great Tusk|Rollout|p1a: Garganacl|[from]lockedmove\n|-activate|p1a: Garganacl|move: Protect\n|move|p2b: Azumarill|Rollout|p1a: Garganacl|[from]lockedmove\n|-activate|p1a: Garganacl|move: Protect\n|\n|-heal|p2b: Azumarill|94\/100|[from] item: Leftovers\n|-heal|p1a: Garganacl|72\/100|[from] item: Leftovers\n|-heal|p2b: Azumarill|100\/100|[from] Aqua Ring\n|-damage|p2b: Azumarill|88\/100|[from] Salt Cure\n|upkeep\n|turn|23\n|\n|t:|1697741334\n|move|p2a: Great Tusk|Close Combat|p1a: Garganacl\n|-supereffective|p1a: Garganacl\n|-damage|p1a: Garganacl|0 fnt\n|-unboost|p2a: Great Tusk|def|1\n|-unboost|p2a: Great Tusk|spd|1\n|faint|p1a: Garganacl\n|\n|win|Khkckgfk\n|raw|Cryptixzz51's rating: 1100 &rarr; <strong>1068<\/strong><br \/>(-32 for losing)\n|raw|Khkckgfk's rating: 1000 &rarr; <strong>1051<\/strong><br \/>(+51 for winning)\n|l|\u2606Cryptixzz51\n","uploadtime":1697741346,"views":9,"p1id":"cryptixzz51","p2id":"khkckgfk","formatid":"gen9doublesou","rating":1051,"private":0,"password":""}