{"id":"gen9doublesou-1982758257","p1":"Shadow Ballers","p2":"its-sam87","format":"[Gen 9] Doubles OU","log":"|j|\u2606Shadow Ballers\n|j|\u2606its-sam87\n|t:|1699042105\n|gametype|doubles\n|player|p1|Shadow Ballers|roughneck|1518\n|player|p2|its-sam87|acetrainer-gen2|1464\n|teamsize|p1|6\n|teamsize|p2|6\n|gen|9\n|tier|[Gen 9] Doubles OU\n|rated|\n|rule|Species Clause: Limit one of each Pok\u00e9mon\n|rule|OHKO Clause: OHKO moves are banned\n|rule|Evasion Moves Clause: Evasion moves are banned\n|rule|Gravity Sleep Clause: The combination of sleep-inducing moves with imperfect accuracy and Gravity or Gigantamax Orbeetle are banned\n|rule|Endless Battle Clause: Forcing endless battles is banned\n|rule|HP Percentage Mod: HP is shown in percentages\n|clearpoke\n|poke|p1|Sneasler, M|\n|poke|p1|Armarouge, F|\n|poke|p1|Ogerpon-Wellspring, F|\n|poke|p1|Indeedee, M|\n|poke|p1|Chien-Pao|\n|poke|p1|Weezing-Galar, F|\n|poke|p2|Tornadus, M|\n|poke|p2|Amoonguss, M|\n|poke|p2|Basculegion-F, F|\n|poke|p2|Pelipper, F|\n|poke|p2|Palafin, M|\n|poke|p2|Regieleki|\n|teampreview\n|inactive|Battle timer is ON: inactive players will automatically lose when time's up. (requested by its-sam87)\n|c|\u2606its-sam87|gl hf\n|c|\u2606its-sam87|w name btw\n|\n|t:|1699042122\n|start\n|switch|p1a: Indeedee|Indeedee, M, shiny|100\/100\n|switch|p1b: Weezing|Weezing-Galar, F, shiny|100\/100\n|switch|p2a: Palafin|Palafin, M|100\/100\n|switch|p2b: Regieleki|Regieleki, shiny|100\/100\n|-ability|p1b: Weezing|Neutralizing Gas\n|-block|p1a: Indeedee|item: Ability Shield\n|-fieldstart|move: Psychic Terrain|[from] ability: Psychic Surge|[of] p1a: Indeedee\n|-enditem|p1b: Weezing|Psychic Seed\n|-boost|p1b: Weezing|spd|1|[from] item: Psychic Seed\n|turn|1\n|j| An archaeologist\n|\n|t:|1699042147\n|detailschange|p2a: Palafin|Palafin-Hero, M\n|switch|p2a: Amoonguss|Amoonguss, M|100\/100\n|move|p2b: Regieleki|Volt Switch|p1a: Indeedee\n|-damage|p1a: Indeedee|48\/100\n|\n|t:|1699042155\n|switch|p2b: Palafin|Palafin-Hero, M|100\/100|[from] Volt Switch\n|-activate|p2b: Palafin|ability: Zero to Hero\n|move|p1a: Indeedee|Psychic|p2b: Palafin\n|-damage|p2b: Palafin|49\/100\n|move|p1b: Weezing|Assurance|p2b: Palafin\n|-damage|p2b: Palafin|18\/100\n|\n|upkeep\n|turn|2\n|\n|t:|1699042172\n|move|p2a: Amoonguss|Rage Powder|p2a: Amoonguss\n|-singleturn|p2a: Amoonguss|move: Rage Powder\n|move|p1a: Indeedee|Psychic|p2a: Amoonguss\n|-supereffective|p2a: Amoonguss\n|-damage|p2a: Amoonguss|11\/100\n|move|p2b: Palafin|Drain Punch|p1a: Indeedee\n|-damage|p1a: Indeedee|0 fnt\n|-heal|p2b: Palafin|33\/100|[from] drain|[of] p1a: Indeedee\n|faint|p1a: Indeedee\n|move|p1b: Weezing|Tera Blast|p2a: Amoonguss\n|-damage|p2a: Amoonguss|0 fnt\n|faint|p2a: Amoonguss\n|\n|upkeep\n|\n|t:|1699042193\n|switch|p1a: Sneasler|Sneasler, M, shiny|100\/100\n|switch|p2a: Regieleki|Regieleki, shiny|100\/100\n|-enditem|p1a: Sneasler|Psychic Seed\n|-boost|p1a: Sneasler|spd|1|[from] item: Psychic Seed\n|turn|3\n|\n|t:|1699042211\n|switch|p2b: Pelipper|Pelipper, F, shiny|100\/100\n|move|p2a: Regieleki|Thunder|p1b: Weezing\n|-damage|p1b: Weezing|40\/100\n|move|p1a: Sneasler|Close Combat|p2a: Regieleki\n|-damage|p2a: Regieleki|0 fnt\n|-unboost|p1a: Sneasler|def|1\n|-unboost|p1a: Sneasler|spd|1\n|faint|p2a: Regieleki\n|move|p1b: Weezing|Assurance|p2b: Pelipper\n|-damage|p2b: Pelipper|85\/100\n|\n|upkeep\n|\n|t:|1699042226\n|switch|p2a: Tornadus|Tornadus, M, shiny|100\/100\n|turn|4\n|\n|t:|1699042244\n|-terastallize|p1a: Sneasler|Flying\n|move|p2a: Tornadus|Protect|p2a: Tornadus\n|-singleturn|p2a: Tornadus|Protect\n|move|p1a: Sneasler|Acrobatics|p2a: Tornadus\n|-activate|p2a: Tornadus|move: Protect\n|move|p2b: Pelipper|Chilling Water|p1a: Sneasler\n|-damage|p1a: Sneasler|76\/100\n|-unboost|p1a: Sneasler|atk|1\n|move|p1b: Weezing|Taunt|p2b: Pelipper\n|-start|p2b: Pelipper|move: Taunt\n|\n|upkeep\n|turn|5\n|\n|t:|1699042263\n|move|p2a: Tornadus|Protect|p2a: Tornadus\n|-singleturn|p2a: Tornadus|Protect\n|move|p1a: Sneasler|Acrobatics|p2a: Tornadus\n|-activate|p2a: Tornadus|move: Protect\n|move|p2b: Pelipper|U-turn|p1a: Sneasler\n|-resisted|p1a: Sneasler\n|-damage|p1a: Sneasler|66\/100\n|c|\u2606Shadow Ballers|Wow\n|\n|t:|1699042271\n|switch|p2b: Palafin|Palafin-Hero, M|33\/100|[from] U-turn\n|move|p1b: Weezing|Assurance|p2a: Tornadus\n|-activate|p2a: Tornadus|move: Protect\n|\n|-fieldend|move: Psychic Terrain\n|upkeep\n|turn|6\n|c|\u2606its-sam87|lets go\n|\n|t:|1699042294\n|switch|p1a: Ogerpon|Ogerpon-Wellspring, F|100\/100\n|move|p2b: Palafin|Jet Punch|p1b: Weezing\n|-damage|p1b: Weezing|0 fnt\n|faint|p1b: Weezing\n|-end|p1b: Weezing|ability: Neutralizing Gas\n|move|p2a: Tornadus|Tailwind|p2a: Tornadus\n|-sidestart|p2: its-sam87|move: Tailwind\n|\n|upkeep\n|\n|t:|1699042308\n|switch|p1b: Chien-Pao|Chien-Pao|100\/100\n|-ability|p1b: Chien-Pao|Sword of Ruin\n|turn|7\n|\n|t:|1699042314\n|move|p2a: Tornadus|Protect|p2a: Tornadus\n|-singleturn|p2a: Tornadus|Protect\n|move|p1a: Ogerpon|Spiky Shield|p1a: Ogerpon\n|-singleturn|p1a: Ogerpon|move: Protect\n|move|p2b: Palafin|Jet Punch|p1b: Chien-Pao\n|-damage|p1b: Chien-Pao|18\/100\n|move|p1b: Chien-Pao|Ice Spinner|p2a: Tornadus\n|-activate|p2a: Tornadus|move: Protect\n|\n|upkeep\n|turn|8\n|\n|t:|1699042330\n|switch|p1b: Sneasler|Sneasler, M, shiny, tera:Flying|66\/100\n|-ability|p1b: Sneasler|Pressure\n|move|p2a: Tornadus|Taunt|p1a: Ogerpon\n|-start|p1a: Ogerpon|move: Taunt\n|move|p2b: Palafin|Jet Punch|p1b: Sneasler\n|-damage|p1b: Sneasler|0 fnt\n|faint|p1b: Sneasler\n|move|p1a: Ogerpon|Horn Leech|p2b: Palafin\n|-supereffective|p2b: Palafin\n|-damage|p2b: Palafin|0 fnt\n|faint|p2b: Palafin\n|\n|upkeep\n|\n|t:|1699042351\n|switch|p1b: Chien-Pao|Chien-Pao|18\/100\n|switch|p2b: Pelipper|Pelipper, F, shiny|85\/100\n|-ability|p1b: Chien-Pao|Sword of Ruin\n|-weather|RainDance|[from] ability: Drizzle|[of] p2b: Pelipper\n|turn|9\n|\n|t:|1699042377\n|switch|p1a: Armarouge|Armarouge, F, shiny|100\/100\n|move|p1b: Chien-Pao|Sucker Punch|p2b: Pelipper\n|-damage|p2b: Pelipper|44\/100\n|move|p2a: Tornadus|Bleakwind Storm|p1a: Armarouge|[spread] p1a,p1b\n|-damage|p1a: Armarouge|68\/100\n|-damage|p1b: Chien-Pao|0 fnt\n|faint|p1b: Chien-Pao\n|move|p2b: Pelipper|Chilling Water|p1a: Armarouge\n|-supereffective|p1a: Armarouge\n|-damage|p1a: Armarouge|11\/100\n|-unboost|p1a: Armarouge|atk|1\n|\n|-weather|RainDance|[upkeep]\n|-sideend|p2: its-sam87|move: Tailwind\n|upkeep\n|inactive|Shadow Ballers has 120 seconds left.\n|\n|t:|1699042393\n|switch|p1b: Ogerpon|Ogerpon-Wellspring, F|100\/100\n|turn|10\n|\n|t:|1699042405\n|move|p1b: Ogerpon|Ivy Cudgel|p2a: Tornadus\n|-crit|p2a: Tornadus\n|-damage|p2a: Tornadus|0 fnt\n|faint|p2a: Tornadus\n|move|p1a: Armarouge|Expanding Force|p2b: Pelipper\n|-damage|p2b: Pelipper|0 fnt\n|faint|p2b: Pelipper\n|\n|-weather|RainDance|[upkeep]\n|upkeep\n|\n|t:|1699042411\n|switch|p2b: Basculegion|Basculegion-F, F|100\/100\n|turn|11\n|\n|t:|1699042422\n|-terastallize|p2b: Basculegion|Ghost\n|move|p1b: Ogerpon|Spiky Shield|p1b: Ogerpon\n|-singleturn|p1b: Ogerpon|move: Protect\n|move|p2b: Basculegion|Last Respects|p1b: Ogerpon\n|-activate|p1b: Ogerpon|move: Protect\n|move|p1a: Armarouge|Expanding Force|p2b: Basculegion\n|-damage|p2b: Basculegion|53\/100\n|\n|-weather|RainDance|[upkeep]\n|upkeep\n|turn|12\n|\n|t:|1699042440\n|move|p2b: Basculegion|Last Respects|p1b: Ogerpon\n|-damage|p1b: Ogerpon|0 fnt\n|faint|p1b: Ogerpon\n|move|p1a: Armarouge|Expanding Force|p2b: Basculegion\n|-damage|p2b: Basculegion|6\/100\n|\n|-weather|RainDance|[upkeep]\n|upkeep\n|turn|13\n|\n|t:|1699042449\n|move|p1a: Armarouge|Protect|p1a: Armarouge\n|-singleturn|p1a: Armarouge|Protect\n|move|p2b: Basculegion|Last Respects|p1a: Armarouge\n|-activate|p1a: Armarouge|move: Protect\n|\n|-weather|RainDance|[upkeep]\n|upkeep\n|turn|14\n|\n|t:|1699042458\n|move|p2b: Basculegion|Last Respects|p1a: Armarouge\n|-supereffective|p1a: Armarouge\n|-damage|p1a: Armarouge|0 fnt\n|faint|p1a: Armarouge\n|\n|win|its-sam87\n|raw|Shadow Ballers's rating: 1518 &rarr; <strong>1495<\/strong><br \/>(-23 for losing)\n|raw|its-sam87's rating: 1464 &rarr; <strong>1487<\/strong><br \/>(+23 for winning)\n|c|\u2606its-sam87|gg\n|c|\u2606Shadow Ballers|Bad g\n|c|\u2606its-sam87|:(\n|l|\u2606Shadow Ballers\n|l| An archaeologist\n","uploadtime":1699042521,"views":19,"p1id":"shadowballers","p2id":"itssam87","formatid":"gen9doublesou","rating":1487,"private":0,"password":""}