{"id":"gen9doublesou-1974758549","p1":"Ambtkmblow","p2":"TheHeroOfMeow","format":"[Gen 9] Doubles OU","log":"|j|\u2606Ambtkmblow\n|j|\u2606TheHeroOfMeow\n|t:|1698118562\n|gametype|doubles\n|player|p1|Ambtkmblow|102|1216\n|player|p2|TheHeroOfMeow|janine|1193\n|teamsize|p1|6\n|teamsize|p2|6\n|gen|9\n|tier|[Gen 9] Doubles OU\n|rated|\n|rule|Species Clause: Limit one of each Pok\u00e9mon\n|rule|OHKO Clause: OHKO moves are banned\n|rule|Evasion Moves Clause: Evasion moves are banned\n|rule|Gravity Sleep Clause: The combination of sleep-inducing moves with imperfect accuracy and Gravity or Gigantamax Orbeetle are banned\n|rule|Endless Battle Clause: Forcing endless battles is banned\n|rule|HP Percentage Mod: HP is shown in percentages\n|clearpoke\n|poke|p1|Pelipper, M|\n|poke|p1|Barraskewda, F|\n|poke|p1|Samurott-Hisui, F|\n|poke|p1|Quaquaval, M|\n|poke|p1|Tornadus, M|\n|poke|p1|Drednaw, M|\n|poke|p2|Sneasler, F|\n|poke|p2|Empoleon, M|\n|poke|p2|Typhlosion-Hisui, M|\n|poke|p2|Ogerpon-Wellspring, F|\n|poke|p2|Lokix, M|\n|poke|p2|Overqwil, F|\n|teampreview\n|inactive|Battle timer is ON: inactive players will automatically lose when time's up. (requested by TheHeroOfMeow)\n|\n|t:|1698118580\n|start\n|switch|p1a: Pelipper|Pelipper, M|100\/100\n|switch|p1b: Tornadus|Tornadus, M|100\/100\n|switch|p2a: Empoleon|Empoleon, M|100\/100\n|switch|p2b: Typhlosion|Typhlosion-Hisui, M|100\/100\n|-weather|RainDance|[from] ability: Drizzle|[of] p1a: Pelipper\n|turn|1\n|\n|t:|1698118591\n|move|p1b: Tornadus|Tailwind|p1b: Tornadus\n|-sidestart|p1: Ambtkmblow|move: Tailwind\n|move|p1a: Pelipper|Hydro Pump|p2b: Typhlosion\n|-supereffective|p2b: Typhlosion\n|-damage|p2b: Typhlosion|0 fnt\n|faint|p2b: Typhlosion\n|move|p2a: Empoleon|Water Pledge|p1b: Tornadus\n|-damage|p1b: Tornadus|25\/100\n|-enditem|p1b: Tornadus|Sitrus Berry|[eat]\n|-heal|p1b: Tornadus|50\/100|[from] item: Sitrus Berry\n|\n|-weather|RainDance|[upkeep]\n|upkeep\n|\n|t:|1698118613\n|switch|p2b: Sneasler|Sneasler, F|100\/100\n|turn|2\n|\n|t:|1698118626\n|switch|p1a: Quaquaval|Quaquaval, M|100\/100\n|move|p2b: Sneasler|Fake Out|p1b: Tornadus\n|-damage|p1b: Tornadus|30\/100\n|cant|p1b: Tornadus|flinch\n|move|p2a: Empoleon|Icy Wind|p1a: Quaquaval|[spread] p1a,p1b\n|-resisted|p1a: Quaquaval\n|-supereffective|p1b: Tornadus\n|-damage|p1a: Quaquaval|91\/100\n|-damage|p1b: Tornadus|0 fnt\n|-unboost|p1a: Quaquaval|spe|1\n|faint|p1b: Tornadus\n|\n|-weather|RainDance|[upkeep]\n|upkeep\n|\n|t:|1698118641\n|switch|p1b: Pelipper|Pelipper, M|100\/100\n|turn|3\n|\n|t:|1698118649\n|move|p1a: Quaquaval|Close Combat|p2a: Empoleon\n|-supereffective|p2a: Empoleon\n|-damage|p2a: Empoleon|0 fnt\n|-unboost|p1a: Quaquaval|def|1\n|-unboost|p1a: Quaquaval|spd|1\n|faint|p2a: Empoleon\n|-ability|p1a: Quaquaval|Moxie|boost\n|-boost|p1a: Quaquaval|atk|1\n|-damage|p1a: Quaquaval|81\/100|[from] item: Life Orb\n|move|p1b: Pelipper|Hurricane|p2b: Sneasler\n|-supereffective|p2b: Sneasler\n|-damage|p2b: Sneasler|17\/100\n|-start|p2b: Sneasler|confusion\n|-activate|p2b: Sneasler|confusion\n|move|p2b: Sneasler|Close Combat|p1a: Quaquaval\n|-damage|p1a: Quaquaval|0 fnt\n|-unboost|p2b: Sneasler|def|1\n|-unboost|p2b: Sneasler|spd|1\n|-enditem|p2b: Sneasler|White Herb\n|-clearnegativeboost|p2b: Sneasler|[silent]\n|faint|p1a: Quaquaval\n|\n|-weather|RainDance|[upkeep]\n|upkeep\n|\n|t:|1698118671\n|switch|p1a: Samurott|Samurott-Hisui, F|100\/100\n|switch|p2a: Overqwil|Overqwil, F|100\/100\n|-ability|p2a: Overqwil|Intimidate|boost\n|-unboost|p1a: Samurott|atk|1\n|-unboost|p1b: Pelipper|atk|1\n|turn|4\n|\n|t:|1698118697\n|-activate|p2b: Sneasler|confusion\n|move|p2b: Sneasler|Close Combat|p1a: Samurott\n|-supereffective|p1a: Samurott\n|-damage|p1a: Samurott|0 fnt\n|-unboost|p2b: Sneasler|def|1\n|-unboost|p2b: Sneasler|spd|1\n|faint|p1a: Samurott\n|move|p1b: Pelipper|Hydro Pump|p2a: Overqwil|[miss]\n|-miss|p1b: Pelipper|p2a: Overqwil\n|move|p2a: Overqwil|Barb Barrage|p1b: Pelipper\n|-damage|p1b: Pelipper|67\/100\n|\n|-weather|RainDance|[upkeep]\n|-heal|p1b: Pelipper|73\/100|[from] item: Leftovers\n|-sideend|p1: Ambtkmblow|move: Tailwind\n|upkeep\n|inactive|Ambtkmblow has 120 seconds left.\n|\n|t:|1698118713\n|switch|p1a: Drednaw|Drednaw, M|100\/100\n|turn|5\n|\n|t:|1698118727\n|-activate|p2b: Sneasler|confusion\n|move|p2b: Sneasler|Close Combat|p1a: Drednaw\n|-supereffective|p1a: Drednaw\n|-damage|p1a: Drednaw|0 fnt\n|-unboost|p2b: Sneasler|def|1\n|-unboost|p2b: Sneasler|spd|1\n|faint|p1a: Drednaw\n|move|p2a: Overqwil|Barb Barrage|p1b: Pelipper\n|-damage|p1b: Pelipper|42\/100\n|-status|p1b: Pelipper|psn\n|move|p1b: Pelipper|Tailwind|p1b: Pelipper\n|-sidestart|p1: Ambtkmblow|move: Tailwind\n|\n|-weather|none\n|-heal|p1b: Pelipper|48\/100 psn|[from] item: Leftovers\n|-damage|p1b: Pelipper|36\/100 psn|[from] psn\n|upkeep\n|\n|t:|1698118741\n|switch|p1a: Barraskewda|Barraskewda, F, shiny|100\/100\n|turn|6\n|\n|t:|1698118754\n|-terastallize|p1a: Barraskewda|Fighting\n|move|p1a: Barraskewda|Close Combat|p2a: Overqwil\n|-damage|p2a: Overqwil|0 fnt\n|-unboost|p1a: Barraskewda|def|1\n|-unboost|p1a: Barraskewda|spd|1\n|faint|p2a: Overqwil\n|-activate|p2b: Sneasler|confusion\n|move|p2b: Sneasler|Close Combat|p1a: Barraskewda\n|-damage|p1a: Barraskewda|0 fnt\n|-unboost|p2b: Sneasler|def|1\n|-unboost|p2b: Sneasler|spd|1\n|faint|p1a: Barraskewda\n|move|p1b: Pelipper|Hydro Pump|p2b: Sneasler|[miss]\n|-miss|p1b: Pelipper|p2b: Sneasler\n|\n|-heal|p1b: Pelipper|42\/100 psn|[from] item: Leftovers\n|-damage|p1b: Pelipper|30\/100 psn|[from] psn\n|upkeep\n|\n|t:|1698118764\n|switch|p2a: Lokix|Lokix, M|100\/100\n|turn|7\n|-message|Ambtkmblow forfeited.\n|\n|win|TheHeroOfMeow\n|raw|Ambtkmblow's rating: 1216 &rarr; <strong>1189<\/strong><br \/>(-27 for losing)\n|raw|TheHeroOfMeow's rating: 1193 &rarr; <strong>1220<\/strong><br \/>(+27 for winning)\n|l|\u2606Ambtkmblow\n","uploadtime":1698118767,"views":20,"p1id":"ambtkmblow","p2id":"theheroofmeow","formatid":"gen9doublesou","rating":1189,"private":0,"password":""}