{"id":"gen9doublesou-1977436463","p1":"lovlisssaa","p2":"Gubbioisplaying","format":"[Gen 9] Doubles OU","log":"|j|\u2606lovlisssaa\n|j|\u2606Gubbioisplaying\n|t:|1698416957\n|gametype|doubles\n|player|p1|lovlisssaa|102|1111\n|player|p2|Gubbioisplaying|265|1029\n|teamsize|p1|6\n|teamsize|p2|6\n|gen|9\n|tier|[Gen 9] Doubles OU\n|rated|\n|rule|Species Clause: Limit one of each Pok\u00e9mon\n|rule|OHKO Clause: OHKO moves are banned\n|rule|Evasion Moves Clause: Evasion moves are banned\n|rule|Gravity Sleep Clause: The combination of sleep-inducing moves with imperfect accuracy and Gravity or Gigantamax Orbeetle are banned\n|rule|Endless Battle Clause: Forcing endless battles is banned\n|rule|HP Percentage Mod: HP is shown in percentages\n|clearpoke\n|poke|p1|Dragonite, F|\n|poke|p1|Ninetales-Alola, M|\n|poke|p1|Great Tusk|\n|poke|p1|Okidogi, M|\n|poke|p1|Ting-Lu|\n|poke|p1|Ogerpon-Hearthflame, F|\n|poke|p2|Iron Hands|\n|poke|p2|Cinderace, F|\n|poke|p2|Amoonguss, F|\n|poke|p2|Ursaluna-Bloodmoon, M|\n|poke|p2|Squawkabilly, M|\n|poke|p2|Torterra, M|\n|teampreview\n|\n|t:|1698416965\n|start\n|switch|p1a: Ninetales|Ninetales-Alola, M|100\/100\n|switch|p1b: Ogerpon|Ogerpon-Hearthflame, F|100\/100\n|switch|p2a: Squawkabilly|Squawkabilly, M|100\/100\n|switch|p2b: Amoonguss|Amoonguss, F, shiny|100\/100\n|-ability|p1b: Ogerpon|Mold Breaker\n|-weather|Snow|[from] ability: Snow Warning|[of] p1a: Ninetales\n|turn|1\n|\n|t:|1698416997\n|switch|p2a: Cinderace|Cinderace, F|100\/100\n|move|p1b: Ogerpon|Ivy Cudgel|p2b: Amoonguss\n|-supereffective|p2b: Amoonguss\n|-damage|p2b: Amoonguss|0 fnt\n|faint|p2b: Amoonguss\n|move|p1a: Ninetales|Blizzard|p2a: Cinderace\n|-resisted|p2a: Cinderace\n|-damage|p2a: Cinderace|66\/100\n|\n|-weather|Snow|[upkeep]\n|upkeep\n|inactive|Battle timer is ON: inactive players will automatically lose when time's up. (requested by Gubbioisplaying)\n|\n|t:|1698417007\n|switch|p2b: Ursaluna|Ursaluna-Bloodmoon, M|100\/100\n|turn|2\n|\n|t:|1698417020\n|-terastallize|p1b: Ogerpon|Fire\n|detailschange|p1b: Ogerpon|Ogerpon-Hearthflame-Tera, F, tera:Fire\n|-ability|p1b: Ogerpon|Embody Aspect (Hearthflame)|boost\n|-boost|p1b: Ogerpon|atk|1\n|move|p2a: Cinderace|Pyro Ball|p1a: Ninetales\n|-supereffective|p1a: Ninetales\n|-damage|p1a: Ninetales|13\/100\n|move|p2b: Ursaluna|Hyper Voice|p1a: Ninetales|[spread] p1a,p1b\n|-damage|p1a: Ninetales|0 fnt\n|-damage|p1b: Ogerpon|58\/100\n|faint|p1a: Ninetales\n|move|p1b: Ogerpon|Horn Leech|p2b: Ursaluna\n|-supereffective|p2b: Ursaluna\n|-damage|p2b: Ursaluna|0 fnt\n|-heal|p1b: Ogerpon|100\/100|[from] drain|[of] p2b: Ursaluna\n|faint|p2b: Ursaluna\n|\n|-weather|Snow|[upkeep]\n|upkeep\n|\n|t:|1698417040\n|switch|p1a: Dragonite|Dragonite, F|100\/100\n|switch|p2b: Squawkabilly|Squawkabilly, M|100\/100\n|turn|3\n|\n|t:|1698417062\n|switch|p2a: Iron Hands|Iron Hands|100\/100\n|move|p1a: Dragonite|Extreme Speed|p2a: Iron Hands\n|-damage|p2a: Iron Hands|70\/100\n|move|p1b: Ogerpon|Ivy Cudgel|p2b: Squawkabilly\n|-damage|p2b: Squawkabilly|0 fnt\n|faint|p2b: Squawkabilly\n|\n|-weather|Snow|[upkeep]\n|upkeep\n|\n|t:|1698417071\n|switch|p2b: Cinderace|Cinderace, F|66\/100\n|turn|4\n|\n|t:|1698417081\n|move|p1a: Dragonite|Extreme Speed|p2b: Cinderace\n|-damage|p2b: Cinderace|0 fnt\n|faint|p2b: Cinderace\n|move|p1b: Ogerpon|Ivy Cudgel|p2a: Iron Hands\n|-damage|p2a: Iron Hands|0 fnt\n|faint|p2a: Iron Hands\n|-end|p2a: Iron Hands|Quark Drive|[silent]\n|\n|-weather|Snow|[upkeep]\n|upkeep\n|n|!Gubbioisplaying|gubbioisplaying\n|\n|t:|1698417102\n|switch|p2b: Torterra|Torterra, M|100\/100\n|turn|5\n|\n|t:|1698417109\n|-terastallize|p2b: Torterra|Grass\n|move|p1a: Dragonite|Extreme Speed|p2b: Torterra\n|-damage|p2b: Torterra|64\/100\n|move|p1b: Ogerpon|Ivy Cudgel|p2b: Torterra\n|-supereffective|p2b: Torterra\n|-damage|p2b: Torterra|0 fnt\n|faint|p2b: Torterra\n|\n|win|lovlisssaa\n|raw|lovlisssaa's rating: 1111 &rarr; <strong>1130<\/strong><br \/>(+19 for winning)\n|raw|Gubbioisplaying's rating: 1029 &rarr; <strong>1018<\/strong><br \/>(-11 for losing)\n","uploadtime":1698417096,"views":16,"p1id":"lovlisssaa","p2id":"gubbioisplaying","formatid":"gen9doublesou","rating":1018,"private":0,"password":""}