{"id":"gen9doublesou-1995495287","p1":"Kiky14","p2":"LordSandaime","format":"[Gen 9] Doubles OU","log":"|j|\u2606Kiky14\n|j|\u2606LordSandaime\n|t:|1700576995\n|gametype|doubles\n|player|p1|Kiky14|hilda-wonderlauncher|1499\n|player|p2|LordSandaime|alder|1518\n|teamsize|p1|6\n|teamsize|p2|6\n|gen|9\n|tier|[Gen 9] Doubles OU\n|rated|\n|rule|Species Clause: Limit one of each Pok\u00e9mon\n|rule|OHKO Clause: OHKO moves are banned\n|rule|Evasion Moves Clause: Evasion moves are banned\n|rule|Gravity Sleep Clause: The combination of sleep-inducing moves with imperfect accuracy and Gravity or Gigantamax Orbeetle are banned\n|rule|Endless Battle Clause: Forcing endless battles is banned\n|rule|HP Percentage Mod: HP is shown in percentages\n|clearpoke\n|poke|p1|Sinistcha|\n|poke|p1|Moltres-Galar|\n|poke|p1|Arcanine-Hisui, M|\n|poke|p1|Ogerpon-Wellspring, F|\n|poke|p1|Klefki, F|\n|poke|p1|Okidogi, M|\n|poke|p2|Tyranitar, M|\n|poke|p2|Sneasler, M|\n|poke|p2|Gholdengo|\n|poke|p2|Volcarona, M|\n|poke|p2|Farigiraf, M|\n|poke|p2|Azumarill, M|\n|teampreview\n|inactive|Battle timer is ON: inactive players will automatically lose when time's up. (requested by LordSandaime)\n|\n|t:|1700577008\n|start\n|switch|p1a: Okidogi|Okidogi, M|100\/100\n|switch|p1b: Klefki|Klefki, F|100\/100\n|switch|p2a: Gholdengo|Gholdengo|100\/100\n|switch|p2b: Sneasler|Sneasler, M|100\/100\n|turn|1\n|\n|t:|1700577020\n|move|p2b: Sneasler|Fake Out|p1b: Klefki\n|-resisted|p1b: Klefki\n|-damage|p1b: Klefki|94\/100\n|cant|p1b: Klefki|flinch\n|move|p2a: Gholdengo|Trick|p1b: Klefki\n|-activate|p2a: Gholdengo|move: Trick|[of] p1b: Klefki\n|-item|p1b: Klefki|Choice Scarf|[from] move: Trick\n|-item|p2a: Gholdengo|Light Clay|[from] move: Trick\n|move|p1a: Okidogi|Knock Off|p2a: Gholdengo\n|-supereffective|p2a: Gholdengo\n|-damage|p2a: Gholdengo|0 fnt\n|-enditem|p2a: Gholdengo|Light Clay|[from] move: Knock Off|[of] p1a: Okidogi\n|faint|p2a: Gholdengo\n|-damage|p1a: Okidogi|90\/100|[from] item: Life Orb\n|\n|upkeep\n|\n|t:|1700577031\n|switch|p2a: Volcarona|Volcarona, M|100\/100\n|turn|2\n|\n|t:|1700577052\n|switch|p2a: Farigiraf|Farigiraf, M|100\/100\n|switch|p1a: Ogerpon|Ogerpon-Wellspring, F|100\/100\n|move|p1b: Klefki|Thunder Wave||[still]\n|cant|p2a: Farigiraf|ability: Armor Tail|Thunder Wave|[of] p1b: Klefki\n|move|p2b: Sneasler|Close Combat|p1b: Klefki\n|-damage|p1b: Klefki|35\/100\n|-unboost|p2b: Sneasler|def|1\n|-unboost|p2b: Sneasler|spd|1\n|-enditem|p2b: Sneasler|White Herb\n|-clearnegativeboost|p2b: Sneasler|[silent]\n|\n|upkeep\n|turn|3\n|\n|t:|1700577061\n|switch|p1b: Arcanine|Arcanine-Hisui, M|100\/100\n|-ability|p1b: Arcanine|Intimidate|boost\n|-unboost|p2a: Farigiraf|atk|1\n|-unboost|p2b: Sneasler|atk|1\n|move|p1a: Ogerpon|Spiky Shield|p1a: Ogerpon\n|-singleturn|p1a: Ogerpon|move: Protect\n|move|p2b: Sneasler|Dire Claw|p1a: Ogerpon\n|-activate|p1a: Ogerpon|move: Protect\n|-damage|p2b: Sneasler|88\/100|[from] Spiky Shield|[of] p1a: Ogerpon\n|move|p2a: Farigiraf|Psychic|p1a: Ogerpon\n|-activate|p1a: Ogerpon|move: Protect\n|\n|upkeep\n|turn|4\n|\n|t:|1700577086\n|switch|p1a: Klefki|Klefki, F|35\/100\n|move|p2b: Sneasler|Dire Claw|p1a: Klefki\n|-immune|p1a: Klefki\n|move|p1b: Arcanine|Snarl|p2a: Farigiraf|[spread] p2a,p2b\n|-supereffective|p2a: Farigiraf\n|-resisted|p2b: Sneasler\n|-damage|p2a: Farigiraf|85\/100\n|-damage|p2b: Sneasler|82\/100\n|-unboost|p2a: Farigiraf|spa|1\n|-unboost|p2b: Sneasler|spa|1\n|move|p2a: Farigiraf|Psychic|p1a: Klefki\n|-resisted|p1a: Klefki\n|-damage|p1a: Klefki|18\/100\n|-unboost|p1a: Klefki|spd|1\n|\n|upkeep\n|turn|5\n|\n|t:|1700577106\n|move|p1a: Klefki|Reflect|p1a: Klefki\n|-sidestart|p1: Kiky14|Reflect\n|move|p2b: Sneasler|Close Combat|p1b: Arcanine\n|-supereffective|p1b: Arcanine\n|-damage|p1b: Arcanine|35\/100\n|-unboost|p2b: Sneasler|def|1\n|-unboost|p2b: Sneasler|spd|1\n|-enditem|p1b: Arcanine|Sitrus Berry|[eat]\n|-heal|p1b: Arcanine|60\/100|[from] item: Sitrus Berry\n|move|p1b: Arcanine|Rock Slide|p2a: Farigiraf|[spread] p2a,p2b\n|-resisted|p2b: Sneasler\n|-damage|p2a: Farigiraf|59\/100\n|-damage|p2b: Sneasler|52\/100\n|move|p2a: Farigiraf|Psychic|p1a: Klefki\n|-resisted|p1a: Klefki\n|-damage|p1a: Klefki|0 fnt\n|faint|p1a: Klefki\n|\n|upkeep\n|inactive|Kiky14 has 120 seconds left.\n|\n|t:|1700577123\n|switch|p1a: Sinistcha|Sinistcha|100\/100\n|-heal|p1b: Arcanine|85\/100|[from] ability: Hospitality|[of] p1a: Sinistcha\n|turn|6\n|\n|t:|1700577135\n|switch|p2b: Azumarill|Azumarill, M|100\/100\n|switch|p2a: Tyranitar|Tyranitar, M|100\/100\n|-weather|Sandstorm|[from] ability: Sand Stream|[of] p2a: Tyranitar\n|move|p1b: Arcanine|Flare Blitz|p2b: Azumarill\n|-resisted|p2b: Azumarill\n|-crit|p2b: Azumarill\n|-damage|p2b: Azumarill|63\/100\n|-damage|p1b: Arcanine|71\/100|[from] Recoil\n|move|p1a: Sinistcha|Matcha Gotcha|p2a: Tyranitar|[spread] p2a,p2b\n|-supereffective|p2a: Tyranitar\n|-crit|p2a: Tyranitar\n|-supereffective|p2b: Azumarill\n|-damage|p2a: Tyranitar|64\/100\n|-damage|p2b: Azumarill|15\/100\n|-status|p2a: Tyranitar|brn\n|-status|p2b: Azumarill|brn\n|-enditem|p2b: Azumarill|Sitrus Berry|[eat]\n|-heal|p2b: Azumarill|40\/100 brn|[from] item: Sitrus Berry\n|\n|-weather|Sandstorm|[upkeep]\n|-damage|p1a: Sinistcha|94\/100|[from] Sandstorm\n|-damage|p2b: Azumarill|34\/100 brn|[from] Sandstorm\n|-heal|p1a: Sinistcha|100\/100|[from] item: Leftovers\n|-damage|p2a: Tyranitar|57\/100 brn|[from] brn\n|-damage|p2b: Azumarill|27\/100 brn|[from] brn\n|upkeep\n|turn|7\n|\n|t:|1700577155\n|switch|p1b: Ogerpon|Ogerpon-Wellspring, F|100\/100\n|move|p2b: Azumarill|Aqua Jet|p1b: Ogerpon\n|-immune|p1b: Ogerpon|[from] ability: Water Absorb\n|move|p2a: Tyranitar|Knock Off|p1a: Sinistcha\n|-supereffective|p1a: Sinistcha\n|-damage|p1a: Sinistcha|72\/100\n|-enditem|p1a: Sinistcha|Leftovers|[from] move: Knock Off|[of] p2a: Tyranitar\n|move|p1a: Sinistcha|Matcha Gotcha|p2a: Tyranitar|[spread] p2a\n|-miss|p1a: Sinistcha|p2b: Azumarill\n|-supereffective|p2a: Tyranitar\n|-damage|p2a: Tyranitar|35\/100 brn\n|-heal|p1a: Sinistcha|83\/100|[from] drain|[of] p2a: Tyranitar\n|\n|-weather|Sandstorm|[upkeep]\n|-damage|p1b: Ogerpon|95\/100|[from] Sandstorm\n|-damage|p1a: Sinistcha|77\/100|[from] Sandstorm\n|-damage|p2b: Azumarill|21\/100 brn|[from] Sandstorm\n|-damage|p2a: Tyranitar|28\/100 brn|[from] brn\n|-damage|p2b: Azumarill|15\/100 brn|[from] brn\n|upkeep\n|turn|8\n|inactive|LordSandaime has 120 seconds left.\n|\n|t:|1700577188\n|move|p1b: Ogerpon|Leech Seed|p2b: Azumarill\n|-start|p2b: Azumarill|move: Leech Seed\n|move|p2a: Tyranitar|Rock Slide|p1a: Sinistcha|[spread] p1a,p1b\n|-damage|p1a: Sinistcha|69\/100\n|-damage|p1b: Ogerpon|84\/100\n|move|p1a: Sinistcha|Matcha Gotcha|p2a: Tyranitar|[spread] p2a\n|-miss|p1a: Sinistcha|p2b: Azumarill\n|-supereffective|p2a: Tyranitar\n|-damage|p2a: Tyranitar|5\/100 brn\n|-heal|p1a: Sinistcha|80\/100|[from] drain|[of] p2a: Tyranitar\n|move|p2b: Azumarill|Ice Spinner|p1a: Sinistcha\n|-supereffective|p1a: Sinistcha\n|-damage|p1a: Sinistcha|62\/100\n|\n|-weather|Sandstorm|[upkeep]\n|-damage|p1b: Ogerpon|78\/100|[from] Sandstorm\n|-damage|p1a: Sinistcha|56\/100|[from] Sandstorm\n|-damage|p2b: Azumarill|9\/100 brn|[from] Sandstorm\n|-damage|p2b: Azumarill|0 fnt|[from] Leech Seed|[of] p1b: Ogerpon\n|-heal|p1b: Ogerpon|89\/100|[silent]\n|faint|p2b: Azumarill\n|-damage|p2a: Tyranitar|0 fnt|[from] brn\n|faint|p2a: Tyranitar\n|upkeep\n|\n|t:|1700577193\n|switch|p2a: Volcarona|Volcarona, M|100\/100\n|switch|p2b: Sneasler|Sneasler, M|52\/100\n|turn|9\n|inactive|Kiky14 has 120 seconds left.\n|\n|t:|1700577226\n|move|p1b: Ogerpon|Spiky Shield|p1b: Ogerpon\n|-singleturn|p1b: Ogerpon|move: Protect\n|move|p2b: Sneasler|Dire Claw|p1b: Ogerpon\n|-activate|p1b: Ogerpon|move: Protect\n|-damage|p2b: Sneasler|40\/100|[from] Spiky Shield|[of] p1b: Ogerpon\n|move|p2a: Volcarona|Fiery Dance|p1a: Sinistcha\n|-supereffective|p1a: Sinistcha\n|-damage|p1a: Sinistcha|0 fnt\n|faint|p1a: Sinistcha\n|\n|-weather|Sandstorm|[upkeep]\n|-damage|p2b: Sneasler|34\/100|[from] Sandstorm\n|-damage|p2a: Volcarona|94\/100|[from] Sandstorm\n|-damage|p1b: Ogerpon|83\/100|[from] Sandstorm\n|-sideend|p1: Kiky14|Reflect\n|upkeep\n|inactive|Kiky14 has 120 seconds left.\n|\n|t:|1700577237\n|switch|p1a: Arcanine|Arcanine-Hisui, M|71\/100\n|-ability|p1a: Arcanine|Intimidate|boost\n|-unboost|p2a: Volcarona|atk|1\n|-unboost|p2b: Sneasler|atk|1\n|turn|10\n|\n|t:|1700577248\n|move|p2b: Sneasler|Dire Claw|p1b: Ogerpon\n|-supereffective|p1b: Ogerpon\n|-damage|p1b: Ogerpon|26\/100\n|move|p2a: Volcarona|Giga Drain|p1b: Ogerpon\n|-damage|p1b: Ogerpon|0 fnt\n|-heal|p2a: Volcarona|100\/100|[from] drain|[of] p1b: Ogerpon\n|faint|p1b: Ogerpon\n|move|p1a: Arcanine|Rock Slide|p2a: Volcarona|[spread] p2a,p2b\n|-supereffective|p2a: Volcarona\n|-resisted|p2b: Sneasler\n|-damage|p2a: Volcarona|0 fnt\n|-damage|p2b: Sneasler|14\/100\n|faint|p2a: Volcarona\n|\n|-weather|none\n|upkeep\n|-message|LordSandaime forfeited.\n|\n|win|Kiky14\n|raw|Kiky14's rating: 1499 &rarr; <strong>1520<\/strong><br \/>(+21 for winning)\n|raw|LordSandaime's rating: 1518 &rarr; <strong>1497<\/strong><br \/>(-21 for losing)\n|l|\u2606LordSandaime\n","uploadtime":1700577276,"views":5,"p1id":"kiky14","p2id":"lordsandaime","formatid":"gen9doublesou","rating":1497,"private":0,"password":""}