{"id":"gen9doublesou-1999937243","p1":"petergriffinfort","p2":"830r","format":"[Gen 9] Doubles OU","log":"|j|\u2606petergriffinfort\n|j|\u2606830r\n|t:|1701132154\n|gametype|doubles\n|player|p1|petergriffinfort|hiker-gen4|1000\n|player|p2|830r|veteran|1103\n|teamsize|p1|6\n|teamsize|p2|6\n|gen|9\n|tier|[Gen 9] Doubles OU\n|rated|\n|rule|Species Clause: Limit one of each Pok\u00e9mon\n|rule|OHKO Clause: OHKO moves are banned\n|rule|Evasion Moves Clause: Evasion moves are banned\n|rule|Gravity Sleep Clause: The combination of sleep-inducing moves with imperfect accuracy and Gravity or Gigantamax Orbeetle are banned\n|rule|Endless Battle Clause: Forcing endless battles is banned\n|rule|HP Percentage Mod: HP is shown in percentages\n|clearpoke\n|poke|p1|Palafin, F|\n|poke|p1|Meowscarada, F|\n|poke|p1|Rotom-Wash|\n|poke|p1|Grimmsnarl, M|\n|poke|p1|Iron Treads|\n|poke|p1|Arcanine-Hisui, F|\n|poke|p2|Sneasler, M|\n|poke|p2|Tornadus, M|\n|poke|p2|Regidrago|\n|poke|p2|Iron Moth|\n|poke|p2|Sinistcha|\n|poke|p2|Flutter Mane|\n|teampreview\n|inactive|Battle timer is ON: inactive players will automatically lose when time's up. (requested by 830r)\n|\n|t:|1701132165\n|start\n|switch|p1a: I NEED A HERO|Palafin, F, shiny|100\/100\n|switch|p1b: Iron Treads|Iron Treads|100\/100\n|switch|p2a: Sneasler|Sneasler, M|100\/100\n|switch|p2b: Tornadus|Tornadus, M|100\/100\n|-enditem|p1b: Iron Treads|Booster Energy\n|-activate|p1b: Iron Treads|ability: Quark Drive|[fromitem]\n|-start|p1b: Iron Treads|quarkdrivespe\n|turn|1\n|inactive|830r has 120 seconds left.\n|\n|t:|1701132198\n|move|p2a: Sneasler|Fake Out|p1b: Iron Treads\n|-resisted|p1b: Iron Treads\n|-damage|p1b: Iron Treads|94\/100\n|move|p2b: Tornadus|Swagger|p1b: Iron Treads\n|-boost|p1b: Iron Treads|atk|2\n|-enditem|p2b: Tornadus|Mirror Herb\n|-boost|p2b: Tornadus|atk|2|[from] item: Mirror Herb\n|-enditem|p2a: Sneasler|Mirror Herb\n|-boost|p2a: Sneasler|atk|2|[from] item: Mirror Herb\n|-start|p1b: Iron Treads|confusion\n|cant|p1b: Iron Treads|flinch\n|move|p1a: I NEED A HERO|Flip Turn|p2a: Sneasler\n|-damage|p2a: Sneasler|54\/100\n|\n|t:|1701132212\n|detailschange|p1a: I NEED A HERO|Palafin-Hero, F, shiny\n|switch|p1a: Meowscarada|Meowscarada, F|100\/100|[from] Flip Turn\n|\n|upkeep\n|turn|2\n|\n|t:|1701132239\n|move|p2a: Sneasler|Close Combat|p1b: Iron Treads\n|-supereffective|p1b: Iron Treads\n|-damage|p1b: Iron Treads|0 fnt\n|-unboost|p2a: Sneasler|def|1\n|-unboost|p2a: Sneasler|spd|1\n|faint|p1b: Iron Treads\n|-end|p1b: Iron Treads|Quark Drive|[silent]\n|move|p1a: Meowscarada|Foul Play|p2b: Tornadus\n|-damage|p2b: Tornadus|0 fnt\n|faint|p2b: Tornadus\n|\n|upkeep\n|\n|t:|1701132252\n|switch|p2b: Artillery support|Regidrago|100\/100\n|switch|p1b: Arcanine|Arcanine-Hisui, F|100\/100\n|-ability|p1b: Arcanine|Intimidate|boost\n|-unboost|p2a: Sneasler|atk|1\n|-unboost|p2b: Artillery support|atk|1\n|turn|3\n|\n|t:|1701132266\n|move|p2a: Sneasler|Acrobatics|p1a: Meowscarada\n|-supereffective|p1a: Meowscarada\n|-damage|p1a: Meowscarada|0 fnt\n|faint|p1a: Meowscarada\n|move|p2b: Artillery support|Dragon Energy|p1b: Arcanine\n|-damage|p1b: Arcanine|21\/100\n|move|p1b: Arcanine|Will-O-Wisp|p2b: Artillery support\n|-status|p2b: Artillery support|brn\n|\n|-damage|p2b: Artillery support|94\/100 brn|[from] brn\n|upkeep\n|\n|t:|1701132277\n|switch|p1a: I NEED A HERO|Palafin-Hero, F, shiny|100\/100\n|-activate|p1a: I NEED A HERO|ability: Zero to Hero\n|turn|4\n|\n|t:|1701132287\n|move|p1b: Arcanine|Protect|p1b: Arcanine\n|-singleturn|p1b: Arcanine|Protect\n|move|p1a: I NEED A HERO|Jet Punch|p2a: Sneasler\n|-damage|p2a: Sneasler|0 fnt\n|faint|p2a: Sneasler\n|move|p2b: Artillery support|Dragon Energy|p1a: I NEED A HERO|[spread] p1a\n|-activate|p1b: Arcanine|move: Protect\n|-damage|p1a: I NEED A HERO|18\/100\n|\n|-damage|p2b: Artillery support|88\/100 brn|[from] brn\n|upkeep\n|\n|t:|1701132297\n|switch|p2a: Flutter Mane|Flutter Mane|100\/100\n|-enditem|p2a: Flutter Mane|Booster Energy\n|-activate|p2a: Flutter Mane|ability: Protosynthesis|[fromitem]\n|-start|p2a: Flutter Mane|protosynthesisspa\n|turn|5\n|\n|t:|1701132307\n|move|p1a: I NEED A HERO|Protect|p1a: I NEED A HERO\n|-singleturn|p1a: I NEED A HERO|Protect\n|move|p2b: Artillery support|Dragon Energy|p1a: I NEED A HERO|[spread] p1b\n|-activate|p1a: I NEED A HERO|move: Protect\n|-damage|p1b: Arcanine|0 fnt\n|faint|p1b: Arcanine\n|move|p2a: Flutter Mane|Dazzling Gleam|p1a: I NEED A HERO\n|-activate|p1a: I NEED A HERO|move: Protect\n|\n|-damage|p2b: Artillery support|82\/100 brn|[from] brn\n|upkeep\n|\n|t:|1701132318\n|switch|p1b: Rotom|Rotom-Wash|100\/100\n|turn|6\n|\n|t:|1701132328\n|-terastallize|p1a: I NEED A HERO|Water\n|move|p1a: I NEED A HERO|Jet Punch|p2a: Flutter Mane\n|-damage|p2a: Flutter Mane|0 fnt\n|faint|p2a: Flutter Mane\n|-end|p2a: Flutter Mane|Protosynthesis|[silent]\n|move|p2b: Artillery support|Dragon Energy|p1a: I NEED A HERO|[spread] p1a,p1b\n|-damage|p1a: I NEED A HERO|0 fnt\n|-damage|p1b: Rotom|53\/100\n|faint|p1a: I NEED A HERO\n|move|p1b: Rotom|Shadow Ball|p2b: Artillery support\n|-damage|p2b: Artillery support|62\/100 brn\n|-unboost|p2b: Artillery support|spd|1\n|\n|-heal|p1b: Rotom|59\/100|[from] item: Leftovers\n|-damage|p2b: Artillery support|55\/100 brn|[from] brn\n|upkeep\n|\n|t:|1701132342\n|switch|p2a: Support support|Iron Moth|100\/100\n|switch|p1a: Grimmsnarl|Grimmsnarl, M|100\/100\n|-enditem|p2a: Support support|Booster Energy\n|-activate|p2a: Support support|ability: Quark Drive|[fromitem]\n|-start|p2a: Support support|quarkdrivespa\n|turn|7\n|\n|t:|1701132362\n|-terastallize|p2b: Artillery support|Steel\n|move|p1a: Grimmsnarl|Fake Out|p2b: Artillery support\n|-resisted|p2b: Artillery support\n|-damage|p2b: Artillery support|49\/100 brn\n|cant|p2b: Artillery support|flinch\n|move|p2a: Support support|Sludge Wave|p1a: Grimmsnarl|[spread] p1a,p1b\n|-immune|p2b: Artillery support\n|-supereffective|p1a: Grimmsnarl\n|-crit|p1a: Grimmsnarl\n|-damage|p1a: Grimmsnarl|0 fnt\n|-damage|p1b: Rotom|21\/100\n|faint|p1a: Grimmsnarl\n|move|p1b: Rotom|Shadow Ball|p2b: Artillery support\n|-damage|p2b: Artillery support|20\/100 brn\n|\n|-heal|p1b: Rotom|27\/100|[from] item: Leftovers\n|-damage|p2b: Artillery support|14\/100 brn|[from] brn\n|upkeep\n|turn|8\n|-message|petergriffinfort forfeited.\n|\n|win|830r\n|raw|petergriffinfort's rating: 1000 &rarr; <strong>1000<\/strong><br \/>(+0 for losing)\n|raw|830r's rating: 1103 &rarr; <strong>1121<\/strong><br \/>(+18 for winning)\n|l|\u2606petergriffinfort\n","uploadtime":1701132378,"views":9,"p1id":"petergriffinfort","p2id":"830r","formatid":"gen9doublesou","rating":1000,"private":0,"password":""}