{"id":"gen9doublesou-1994962541","p1":"Blackbelt59","p2":"Vaiythe","format":"[Gen 9] Doubles OU","log":"|j|\u2606Blackbelt59\n|j|\u2606Vaiythe\n|t:|1700508472\n|gametype|doubles\n|player|p1|Blackbelt59|palmer|1266\n|player|p2|Vaiythe|shadowtriad|1298\n|teamsize|p1|6\n|teamsize|p2|6\n|gen|9\n|tier|[Gen 9] Doubles OU\n|rated|\n|rule|Species Clause: Limit one of each Pok\u00e9mon\n|rule|OHKO Clause: OHKO moves are banned\n|rule|Evasion Moves Clause: Evasion moves are banned\n|rule|Gravity Sleep Clause: The combination of sleep-inducing moves with imperfect accuracy and Gravity or Gigantamax Orbeetle are banned\n|rule|Endless Battle Clause: Forcing endless battles is banned\n|rule|HP Percentage Mod: HP is shown in percentages\n|clearpoke\n|poke|p1|Muk-Alola, M|\n|poke|p1|Landorus-Therian, M|\n|poke|p1|Salamence, F|\n|poke|p1|Rotom-Wash|\n|poke|p1|Dudunsparce-*, M|\n|poke|p1|Chandelure, M|\n|poke|p2|Ogerpon-Hearthflame, F|\n|poke|p2|Sinistcha-Masterpiece|\n|poke|p2|Dipplin, F|\n|poke|p2|Volcanion|\n|poke|p2|Fezandipiti, M|\n|poke|p2|Iron Hands|\n|teampreview\n|\n|t:|1700508500\n|start\n|switch|p1a: Bro|Landorus-Therian, M|100\/100\n|switch|p1b: House Party|Chandelure, M|100\/100\n|switch|p2a: Dipplin|Dipplin, F, shiny|100\/100\n|switch|p2b: Volcanion|Volcanion|100\/100\n|-ability|p1a: Bro|Intimidate|boost\n|-unboost|p2a: Dipplin|atk|1\n|-unboost|p2b: Volcanion|atk|1\n|-ability|p2a: Dipplin|Supersweet Syrup\n|-ability|p2a: Dipplin|Supersweet Syrup|boost\n|-unboost|p1a: Bro|evasion|1\n|-unboost|p1b: House Party|evasion|1\n|turn|1\n|inactive|Battle timer is ON: inactive players will automatically lose when time's up. (requested by Blackbelt59)\n|inactive|Blackbelt59 has 120 seconds left.\n|\n|t:|1700508534\n|move|p1b: House Party|Protect|p1b: House Party\n|-singleturn|p1b: House Party|Protect\n|move|p2a: Dipplin|Sucker Punch||[still]\n|-fail|p2a: Dipplin\n|move|p1a: Bro|Earthquake|p2a: Dipplin|[spread] p2a,p2b\n|-activate|p1b: House Party|move: Protect\n|-resisted|p2a: Dipplin\n|-supereffective|p2b: Volcanion\n|-damage|p2a: Dipplin|84\/100\n|-damage|p2b: Volcanion|11\/100\n|move|p2b: Volcanion|Steam Eruption|p1b: House Party\n|-activate|p1b: House Party|move: Protect\n|\n|-heal|p2a: Dipplin|90\/100|[from] item: Leftovers\n|upkeep\n|turn|2\n|inactive|Blackbelt59 has 120 seconds left.\n|\n|t:|1700508567\n|move|p2a: Dipplin|Sucker Punch||[still]\n|-fail|p2a: Dipplin\n|move|p1a: Bro|U-turn|p2b: Volcanion\n|-resisted|p2b: Volcanion\n|-damage|p2b: Volcanion|0 fnt\n|faint|p2b: Volcanion\n|inactive|Blackbelt59 has 120 seconds left.\n|\n|t:|1700508582\n|switch|p1a: There is three now|Dudunsparce-Three-Segment, M|100\/100|[from] U-turn\n|move|p1b: House Party|Calm Mind|p1b: House Party\n|-boost|p1b: House Party|spa|1\n|-boost|p1b: House Party|spd|1\n|\n|-heal|p2a: Dipplin|96\/100|[from] item: Leftovers\n|upkeep\n|\n|t:|1700508592\n|switch|p2b: Ogerpon|Ogerpon-Hearthflame, F|100\/100\n|-ability|p2b: Ogerpon|Mold Breaker\n|turn|3\n|inactive|Blackbelt59 has 120 seconds left.\n|\n|t:|1700508628\n|-terastallize|p2b: Ogerpon|Fire\n|detailschange|p2b: Ogerpon|Ogerpon-Hearthflame-Tera, F, tera:Fire\n|-ability|p2b: Ogerpon|Embody Aspect (Hearthflame)|boost\n|-boost|p2b: Ogerpon|atk|1\n|move|p2b: Ogerpon|Ivy Cudgel|p1a: There is three now|[anim] Ivy Cudgel Fire\n|-damage|p1a: There is three now|0 fnt\n|faint|p1a: There is three now\n|move|p1b: House Party|Flamethrower|p2a: Dipplin\n|-damage|p2a: Dipplin|17\/100\n|move|p2a: Dipplin|Dragon Breath|p1b: House Party\n|-damage|p1b: House Party|73\/100\n|\n|-heal|p2a: Dipplin|23\/100|[from] item: Leftovers\n|upkeep\n|\n|t:|1700508645\n|switch|p1a: Bro|Landorus-Therian, M|100\/100\n|-ability|p1a: Bro|Intimidate|boost\n|-unboost|p2a: Dipplin|atk|1\n|-unboost|p2b: Ogerpon|atk|1\n|turn|4\n|\n|t:|1700508660\n|move|p2b: Ogerpon|Spiky Shield|p2b: Ogerpon\n|-singleturn|p2b: Ogerpon|move: Protect\n|move|p1a: Bro|Protect|p1a: Bro\n|-singleturn|p1a: Bro|Protect\n|move|p1b: House Party|Flamethrower|p2a: Dipplin\n|-damage|p2a: Dipplin|0 fnt\n|faint|p2a: Dipplin\n|\n|upkeep\n|\n|t:|1700508670\n|switch|p2a: Iron Hands|Iron Hands|100\/100\n|turn|5\n|\n|t:|1700508682\n|move|p1b: House Party|Protect|p1b: House Party\n|-singleturn|p1b: House Party|Protect\n|move|p2a: Iron Hands|Fake Out|p1a: Bro\n|-crit|p1a: Bro\n|-damage|p1a: Bro|72\/100\n|move|p2b: Ogerpon|Wood Hammer|p1b: House Party\n|-activate|p1b: House Party|move: Protect\n|cant|p1a: Bro|flinch\n|\n|upkeep\n|turn|6\n|\n|t:|1700508700\n|move|p2b: Ogerpon|Spiky Shield|p2b: Ogerpon\n|-singleturn|p2b: Ogerpon|move: Protect\n|move|p1a: Bro|Stone Edge|p2b: Ogerpon\n|-activate|p2b: Ogerpon|move: Protect\n|move|p1b: House Party|Flamethrower|p2a: Iron Hands\n|-damage|p2a: Iron Hands|56\/100\n|move|p2a: Iron Hands|Close Combat|p1a: Bro\n|-resisted|p1a: Bro\n|-damage|p1a: Bro|26\/100\n|-unboost|p2a: Iron Hands|def|1\n|-unboost|p2a: Iron Hands|spd|1\n|\n|upkeep\n|turn|7\n|\n|t:|1700508728\n|move|p1b: House Party|Protect|p1b: House Party\n|-singleturn|p1b: House Party|Protect\n|move|p2b: Ogerpon|Horn Leech|p1a: Bro\n|-damage|p1a: Bro|0 fnt\n|faint|p1a: Bro\n|move|p2a: Iron Hands|Wild Charge|p1b: House Party\n|-activate|p1b: House Party|move: Protect\n|\n|upkeep\n|\n|t:|1700508740\n|switch|p1a: Women|Rotom-Wash|100\/100\n|turn|8\n|\n|t:|1700508756\n|move|p2b: Ogerpon|Wood Hammer|p1a: Women\n|-supereffective|p1a: Women\n|-damage|p1a: Women|0 fnt\n|faint|p1a: Women\n|-damage|p2b: Ogerpon|67\/100|[from] Recoil\n|move|p1b: House Party|Flamethrower|p2a: Iron Hands\n|-damage|p2a: Iron Hands|0 fnt\n|faint|p2a: Iron Hands\n|-end|p2a: Iron Hands|Quark Drive|[silent]\n|\n|upkeep\n|\n|t:|1700508774\n|switch|p1a: Mountain Dew|Muk-Alola, M|100\/100\n|switch|p2a: Fezandipiti|Fezandipiti, M|100\/100\n|turn|9\n|\n|t:|1700508795\n|move|p2b: Ogerpon|Horn Leech|p1a: Mountain Dew\n|-resisted|p1a: Mountain Dew\n|-crit|p1a: Mountain Dew\n|-damage|p1a: Mountain Dew|64\/100\n|-heal|p2b: Ogerpon|93\/100|[from] drain|[of] p1a: Mountain Dew\n|move|p1b: House Party|Shadow Ball|p2b: Ogerpon\n|-damage|p2b: Ogerpon|11\/100\n|-unboost|p2b: Ogerpon|spd|1\n|move|p2a: Fezandipiti|Dazzling Gleam|p1b: House Party|[spread] p1a,p1b\n|-resisted|p1b: House Party\n|-damage|p1a: Mountain Dew|44\/100\n|-damage|p1b: House Party|61\/100\n|move|p1a: Mountain Dew|Knock Off|p2a: Fezandipiti\n|-resisted|p2a: Fezandipiti\n|-damage|p2a: Fezandipiti|74\/100\n|-enditem|p2a: Fezandipiti|Heavy-Duty Boots|[from] move: Knock Off|[of] p1a: Mountain Dew\n|\n|-heal|p1a: Mountain Dew|50\/100|[from] item: Black Sludge\n|upkeep\n|turn|10\n|\n|t:|1700508813\n|move|p1a: Mountain Dew|Protect|p1a: Mountain Dew\n|-singleturn|p1a: Mountain Dew|Protect\n|move|p2b: Ogerpon|Horn Leech|p1a: Mountain Dew\n|-activate|p1a: Mountain Dew|move: Protect\n|move|p1b: House Party|Shadow Ball|p2b: Ogerpon\n|-damage|p2b: Ogerpon|0 fnt\n|faint|p2b: Ogerpon\n|move|p2a: Fezandipiti|Dazzling Gleam|p1b: House Party|[spread] p1b\n|-activate|p1a: Mountain Dew|move: Protect\n|-resisted|p1b: House Party\n|-damage|p1b: House Party|51\/100\n|\n|-heal|p1a: Mountain Dew|56\/100|[from] item: Black Sludge\n|upkeep\n|\n|t:|1700508828\n|switch|p2b: Sinistcha|Sinistcha-Masterpiece, shiny|100\/100\n|-heal|p2a: Fezandipiti|99\/100|[from] ability: Hospitality|[of] p2b: Sinistcha\n|turn|11\n|\n|t:|1700508846\n|move|p1b: House Party|Shadow Ball|p2a: Fezandipiti\n|-damage|p2a: Fezandipiti|47\/100\n|-unboost|p2a: Fezandipiti|spd|1\n|move|p2a: Fezandipiti|Dazzling Gleam|p1a: Mountain Dew|[spread] p1a,p1b\n|-crit|p1a: Mountain Dew\n|-resisted|p1b: House Party\n|-damage|p1a: Mountain Dew|29\/100\n|-damage|p1b: House Party|41\/100\n|move|p2b: Sinistcha|Matcha Gotcha|p1b: House Party|[spread] p1a,p1b\n|-resisted|p1a: Mountain Dew\n|-resisted|p1b: House Party\n|-crit|p1b: House Party\n|-damage|p1a: Mountain Dew|18\/100\n|-damage|p1b: House Party|13\/100\n|move|p1a: Mountain Dew|Knock Off|p2b: Sinistcha\n|-supereffective|p2b: Sinistcha\n|-damage|p2b: Sinistcha|15\/100\n|-enditem|p2b: Sinistcha|Leftovers|[from] move: Knock Off|[of] p1a: Mountain Dew\n|\n|-heal|p1a: Mountain Dew|24\/100|[from] item: Black Sludge\n|upkeep\n|turn|12\n|\n|t:|1700508870\n|move|p1a: Mountain Dew|Protect|p1a: Mountain Dew\n|-singleturn|p1a: Mountain Dew|Protect\n|move|p2b: Sinistcha|Rage Powder|p2b: Sinistcha\n|-singleturn|p2b: Sinistcha|move: Rage Powder\n|move|p1b: House Party|Shadow Ball|p2b: Sinistcha\n|-supereffective|p2b: Sinistcha\n|-damage|p2b: Sinistcha|0 fnt\n|faint|p2b: Sinistcha\n|move|p2a: Fezandipiti|Dazzling Gleam|p1a: Mountain Dew|[spread] p1b\n|-activate|p1a: Mountain Dew|move: Protect\n|-resisted|p1b: House Party\n|-damage|p1b: House Party|2\/100\n|-status|p1b: House Party|tox|[from] ability: Toxic Chain|[of] p2a: Fezandipiti\n|\n|-heal|p1a: Mountain Dew|30\/100|[from] item: Black Sludge\n|-damage|p1b: House Party|0 fnt|[from] psn\n|faint|p1b: House Party\n|-ability|p1a: Mountain Dew|Flash Fire|[from] ability: Power of Alchemy|[of] p1b: House Party\n|upkeep\n|\n|t:|1700508884\n|switch|p1b: Rawr XD|Salamence, F|100\/100\n|turn|13\n|\n|t:|1700508898\n|move|p1b: Rawr XD|Outrage|p2a: Fezandipiti\n|-immune|p2a: Fezandipiti\n|move|p2a: Fezandipiti|Dazzling Gleam|p1b: Rawr XD|[spread] p1a,p1b\n|-supereffective|p1b: Rawr XD\n|-damage|p1a: Mountain Dew|12\/100\n|-damage|p1b: Rawr XD|40\/100\n|-status|p1b: Rawr XD|tox|[from] ability: Toxic Chain|[of] p2a: Fezandipiti\n|-enditem|p1b: Rawr XD|Lum Berry|[eat]\n|-curestatus|p1b: Rawr XD|tox|[msg]\n|move|p1a: Mountain Dew|Fire Punch|p2a: Fezandipiti\n|-damage|p2a: Fezandipiti|19\/100\n|\n|-heal|p1a: Mountain Dew|18\/100|[from] item: Black Sludge\n|upkeep\n|turn|14\n|\n|t:|1700508927\n|move|p1b: Rawr XD|Iron Head|p2a: Fezandipiti\n|-supereffective|p2a: Fezandipiti\n|-damage|p2a: Fezandipiti|0 fnt\n|faint|p2a: Fezandipiti\n|\n|win|Blackbelt59\n|raw|Blackbelt59's rating: 1266 &rarr; <strong>1293<\/strong><br \/>(+27 for winning)\n|raw|Vaiythe's rating: 1298 &rarr; <strong>1271<\/strong><br \/>(-27 for losing)\n|c|\u2606Blackbelt59|gg\n|c|\u2606Vaiythe|how?\n","uploadtime":1700508961,"views":6,"p1id":"blackbelt59","p2id":"vaiythe","formatid":"gen9doublesou","rating":1271,"private":0,"password":""}