{"id":"gen9doublesou-1980447163","p1":"ct1314","p2":"8-bitgamer2","format":"[Gen 9] Doubles OU","log":"|j|\u2606ct1314\n|j|\u26068-bitgamer2\n|t:|1698785756\n|gametype|doubles\n|player|p1|ct1314|steven|1259\n|player|p2|8-bitgamer2|marlon|1292\n|teamsize|p1|6\n|teamsize|p2|6\n|gen|9\n|tier|[Gen 9] Doubles OU\n|rated|\n|rule|Species Clause: Limit one of each Pok\u00e9mon\n|rule|OHKO Clause: OHKO moves are banned\n|rule|Evasion Moves Clause: Evasion moves are banned\n|rule|Gravity Sleep Clause: The combination of sleep-inducing moves with imperfect accuracy and Gravity or Gigantamax Orbeetle are banned\n|rule|Endless Battle Clause: Forcing endless battles is banned\n|rule|HP Percentage Mod: HP is shown in percentages\n|clearpoke\n|poke|p1|Snorlax, F|\n|poke|p1|Amoonguss, F|\n|poke|p1|Sinistcha|\n|poke|p1|Landorus-Therian, M|\n|poke|p1|Kommo-o, M|\n|poke|p1|Clefairy, M|\n|poke|p2|Flamigo, F|\n|poke|p2|Sableye, F|\n|poke|p2|Espeon, M|\n|poke|p2|Dudunsparce-*, M|\n|poke|p2|Hatterene, F|\n|poke|p2|Maushold|\n|teampreview\n|\n|t:|1698785763\n|start\n|switch|p1a: Snorlax|Snorlax, F|100\/100\n|switch|p1b: Amoonguss|Amoonguss, F|100\/100\n|switch|p2a: Three blind mice|Maushold|100\/100\n|switch|p2b: Demi god|Dudunsparce-Three-Segment, M, shiny|100\/100\n|turn|1\n|\n|t:|1698785778\n|-terastallize|p2b: Demi god|Psychic\n|move|p1b: Amoonguss|Rage Powder|p1b: Amoonguss\n|-singleturn|p1b: Amoonguss|move: Rage Powder\n|move|p2a: Three blind mice|Beat Up|p1b: Amoonguss\n|-damage|p1b: Amoonguss|99\/100\n|-damage|p1b: Amoonguss|97\/100\n|-damage|p1b: Amoonguss|95\/100\n|-damage|p1b: Amoonguss|94\/100\n|-damage|p1b: Amoonguss|92\/100\n|-damage|p1b: Amoonguss|90\/100\n|-hitcount|p1b: Amoonguss|6\n|move|p2b: Demi god|Stored Power|p1b: Amoonguss\n|-supereffective|p1b: Amoonguss\n|-damage|p1b: Amoonguss|52\/100\n|move|p1a: Snorlax|Belly Drum|p1a: Snorlax\n|-damage|p1a: Snorlax|50\/100\n|-setboost|p1a: Snorlax|atk|6|[from] move: Belly Drum\n|-enditem|p1a: Snorlax|Sitrus Berry|[eat]\n|-heal|p1a: Snorlax|75\/100|[from] item: Sitrus Berry\n|\n|upkeep\n|turn|2\n|c|\u2606ct1314|lmao\n|n|!ct1314|ct1314\n|\n|t:|1698785818\n|move|p2b: Demi god|Protect|p2b: Demi god\n|-singleturn|p2b: Demi god|Protect\n|move|p2a: Three blind mice|Taunt|p1b: Amoonguss\n|-start|p1b: Amoonguss|move: Taunt\n|move|p1b: Amoonguss|Pollen Puff|p1a: Snorlax\n|-heal|p1a: Snorlax|100\/100\n|move|p1a: Snorlax|Facade|p2b: Demi god\n|-activate|p2b: Demi god|move: Protect\n|\n|upkeep\n|turn|3\n|c|\u26068-bitgamer2|bro copy wolfe lol\n|\n|t:|1698785844\n|move|p2a: Three blind mice|Beat Up|p2b: Demi god\n|-supereffective|p2b: Demi god\n|-damage|p2b: Demi god|98\/100\n|-ability|p2b: Demi god|Rattled|boost\n|-boost|p2b: Demi god|spe|1\n|-enditem|p2b: Demi god|Weakness Policy\n|-boost|p2b: Demi god|atk|2|[from] item: Weakness Policy\n|-boost|p2b: Demi god|spa|2|[from] item: Weakness Policy\n|-supereffective|p2b: Demi god\n|-damage|p2b: Demi god|95\/100\n|-ability|p2b: Demi god|Rattled|boost\n|-boost|p2b: Demi god|spe|1\n|-supereffective|p2b: Demi god\n|-damage|p2b: Demi god|93\/100\n|-ability|p2b: Demi god|Rattled|boost\n|-boost|p2b: Demi god|spe|1\n|-supereffective|p2b: Demi god\n|-damage|p2b: Demi god|91\/100\n|-ability|p2b: Demi god|Rattled|boost\n|-boost|p2b: Demi god|spe|1\n|-supereffective|p2b: Demi god\n|-damage|p2b: Demi god|88\/100\n|-ability|p2b: Demi god|Rattled|boost\n|-boost|p2b: Demi god|spe|1\n|-supereffective|p2b: Demi god\n|-damage|p2b: Demi god|84\/100\n|-ability|p2b: Demi god|Rattled|boost\n|-boost|p2b: Demi god|spe|1\n|-hitcount|p2b: Demi god|6\n|move|p2b: Demi god|Stored Power|p1a: Snorlax\n|-damage|p1a: Snorlax|0 fnt\n|faint|p1a: Snorlax\n|move|p1b: Amoonguss|Pollen Puff|p2a: Three blind mice\n|-damage|p2a: Three blind mice|79\/100\n|\n|upkeep\n|\n|t:|1698785870\n|switch|p1a: Landorus|Landorus-Therian, M|100\/100\n|-ability|p1a: Landorus|Intimidate|boost\n|-unboost|p2a: Three blind mice|atk|1\n|-unboost|p2b: Demi god|atk|1\n|turn|4\n|\n|t:|1698785878\n|switch|p2a: Flamingo|Flamigo, F|100\/100\n|-copyboost|p2a: Flamingo|p2b: Demi god|[from] ability: Costar\n|move|p2b: Demi god|Protect|p2b: Demi god\n|-singleturn|p2b: Demi god|Protect\n|move|p1a: Landorus|Rock Slide|p2a: Flamingo|[spread] p2a\n|-activate|p2b: Demi god|move: Protect\n|-damage|p2a: Flamingo|71\/100\n|move|p1b: Amoonguss|Clear Smog|p2b: Demi god\n|-activate|p2b: Demi god|move: Protect\n|\n|-end|p1b: Amoonguss|move: Taunt\n|upkeep\n|turn|5\n|c|\u26068-bitgamer2|gg\n|\n|t:|1698785904\n|move|p2a: Flamingo|Brave Bird|p1b: Amoonguss\n|-supereffective|p1b: Amoonguss\n|-damage|p1b: Amoonguss|0 fnt\n|faint|p1b: Amoonguss\n|-damage|p2a: Flamingo|47\/100|[from] Recoil\n|move|p2b: Demi god|Stored Power|p1a: Landorus\n|-damage|p1a: Landorus|0 fnt\n|faint|p1a: Landorus\n|\n|upkeep\n|-message|ct1314 forfeited.\n|\n|win|8-bitgamer2\n|raw|ct1314's rating: 1259 &rarr; <strong>1236<\/strong><br \/>(-23 for losing)\n|raw|8-bitgamer2's rating: 1292 &rarr; <strong>1315<\/strong><br \/>(+23 for winning)\n|l|!ct1314\n","uploadtime":1698785792,"views":14,"p1id":"ct1314","p2id":"8bitgamer2","formatid":"gen9doublesou","rating":1236,"private":0,"password":""}