{"id":"gen9doublesou-1997188418","p1":"Pikablaster","p2":"PoliteGhost","format":"[Gen 9] Doubles OU","log":"|j|\u2606Pikablaster\n|j|\u2606PoliteGhost\n|t:|1700773595\n|gametype|doubles\n|player|p1|Pikablaster|102|1448\n|player|p2|PoliteGhost|giovanni|1525\n|teamsize|p1|6\n|teamsize|p2|6\n|gen|9\n|tier|[Gen 9] Doubles OU\n|rated|\n|rule|Species Clause: Limit one of each Pok\u00e9mon\n|rule|OHKO Clause: OHKO moves are banned\n|rule|Evasion Moves Clause: Evasion moves are banned\n|rule|Gravity Sleep Clause: The combination of sleep-inducing moves with imperfect accuracy and Gravity or Gigantamax Orbeetle are banned\n|rule|Endless Battle Clause: Forcing endless battles is banned\n|rule|HP Percentage Mod: HP is shown in percentages\n|clearpoke\n|poke|p1|Armarouge, M|\n|poke|p1|Indeedee-F, F|\n|poke|p1|Diancie|\n|poke|p1|Farigiraf, F|\n|poke|p1|Dunsparce, M|\n|poke|p1|Torkoal, M|\n|poke|p2|Amoonguss, M|\n|poke|p2|Iron Hands|\n|poke|p2|Landorus-Therian, M|\n|poke|p2|Flutter Mane|\n|poke|p2|Iron Bundle|\n|poke|p2|Chi-Yu|\n|teampreview\n|inactive|Battle timer is ON: inactive players will automatically lose when time's up. (requested by Pikablaster)\n|\n|t:|1700773620\n|start\n|switch|p1a: Farigiraf|Farigiraf, F, shiny|100\/100\n|switch|p1b: Dunsparce|Dunsparce, M, shiny|100\/100\n|switch|p2a: Chi-Yu|Chi-Yu|100\/100\n|switch|p2b: Flutter Mane|Flutter Mane|100\/100\n|-ability|p2a: Chi-Yu|Beads of Ruin\n|-enditem|p2b: Flutter Mane|Booster Energy\n|-activate|p2b: Flutter Mane|ability: Protosynthesis|[fromitem]\n|-start|p2b: Flutter Mane|protosynthesisspe\n|turn|1\n|\n|t:|1700773634\n|move|p1b: Dunsparce|Protect|p1b: Dunsparce\n|-singleturn|p1b: Dunsparce|Protect\n|move|p2b: Flutter Mane|Dazzling Gleam|p1a: Farigiraf|[spread] p1a\n|-activate|p1b: Dunsparce|move: Protect\n|-damage|p1a: Farigiraf|60\/100\n|move|p2a: Chi-Yu|Dark Pulse|p1a: Farigiraf\n|-supereffective|p1a: Farigiraf\n|-damage|p1a: Farigiraf|0 fnt\n|faint|p1a: Farigiraf\n|\n|upkeep\n|c|\u2606Pikablaster|yippie\n|\n|t:|1700773643\n|switch|p1a: Indeedee|Indeedee-F, F, shiny|100\/100\n|-fieldstart|move: Psychic Terrain|[from] ability: Psychic Surge|[of] p1a: Indeedee\n|turn|2\n|\n|t:|1700773653\n|move|p2b: Flutter Mane|Moonblast|p1a: Indeedee\n|-damage|p1a: Indeedee|31\/100\n|move|p2a: Chi-Yu|Dark Pulse|p1a: Indeedee\n|-supereffective|p1a: Indeedee\n|-damage|p1a: Indeedee|0 fnt\n|faint|p1a: Indeedee\n|move|p1b: Dunsparce|Rock Slide|p2b: Flutter Mane|[spread] p2a,p2b\n|-supereffective|p2a: Chi-Yu\n|-crit|p2a: Chi-Yu\n|-damage|p2a: Chi-Yu|36\/100\n|-damage|p2b: Flutter Mane|70\/100\n|\n|upkeep\n|\n|t:|1700773659\n|switch|p1a: Diancie|Diancie, shiny|100\/100\n|turn|3\n|\n|t:|1700773676\n|switch|p2a: Iron Hands|Iron Hands|100\/100\n|move|p2b: Flutter Mane|Moonblast|p1b: Dunsparce\n|-damage|p1b: Dunsparce|60\/100\n|-unboost|p1b: Dunsparce|spa|1\n|move|p1b: Dunsparce|Rock Slide|p2a: Iron Hands|[spread] p2a,p2b\n|-resisted|p2a: Iron Hands\n|-damage|p2a: Iron Hands|96\/100\n|-damage|p2b: Flutter Mane|38\/100\n|move|p1a: Diancie|Trick Room|p1a: Diancie\n|-fieldstart|move: Trick Room|[of] p1a: Diancie\n|\n|upkeep\n|turn|4\n|\n|t:|1700773700\n|move|p1b: Dunsparce|Rock Slide|p2b: Flutter Mane|[spread] p2a\n|-miss|p1b: Dunsparce|p2b: Flutter Mane\n|-resisted|p2a: Iron Hands\n|-damage|p2a: Iron Hands|91\/100\n|move|p1a: Diancie|Diamond Storm|p2a: Iron Hands|[spread] p2a,p2b\n|-resisted|p2a: Iron Hands\n|-damage|p2a: Iron Hands|82\/100\n|-damage|p2b: Flutter Mane|0 fnt\n|faint|p2b: Flutter Mane\n|-end|p2b: Flutter Mane|Protosynthesis|[silent]\n|move|p2a: Iron Hands|Heavy Slam|p1a: Diancie\n|-supereffective|p1a: Diancie\n|-damage|p1a: Diancie|0 fnt\n|faint|p1a: Diancie\n|\n|upkeep\n|\n|t:|1700773717\n|switch|p1a: Armarouge|Armarouge, M, shiny|100\/100\n|switch|p2b: Amoonguss|Amoonguss, M|100\/100\n|turn|5\n|\n|t:|1700773732\n|-terastallize|p2b: Amoonguss|Water\n|move|p1a: Armarouge|Protect|p1a: Armarouge\n|-singleturn|p1a: Armarouge|Protect\n|move|p1b: Dunsparce|Rock Slide|p2b: Amoonguss|[spread] p2a,p2b\n|-resisted|p2a: Iron Hands\n|-crit|p2b: Amoonguss\n|-damage|p2a: Iron Hands|77\/100\n|-damage|p2b: Amoonguss|82\/100\n|move|p2b: Amoonguss|Spore|p1a: Armarouge\n|-activate|p1a: Armarouge|move: Protect\n|move|p2a: Iron Hands|Drain Punch|p1b: Dunsparce\n|-supereffective|p1b: Dunsparce\n|-damage|p1b: Dunsparce|0 fnt\n|-heal|p2a: Iron Hands|100\/100|[from] drain|[of] p1b: Dunsparce\n|faint|p1b: Dunsparce\n|\n|upkeep\n|c|\u2606Pikablaster|nice\n|c|\u2606Pikablaster|Cool cool\n|c|\u2606Pikablaster|Me when\n|c|\u2606Pikablaster|60% flinch chance each\n|inactive|Pikablaster has 120 seconds left.\n|c|\u2606Pikablaster|doesnt flinch once awesome awesome\n|\n|t:|1700773766\n|switch|p1b: Torkoal|Torkoal, M, shiny|100\/100\n|-weather|SunnyDay|[from] ability: Drought|[of] p1b: Torkoal\n|turn|6\n|\n|t:|1700773792\n|move|p1b: Torkoal|Solar Beam||[still]\n|-prepare|p1b: Torkoal|Solar Beam\n|-anim|p1b: Torkoal|Solar Beam|p2b: Amoonguss\n|-supereffective|p2b: Amoonguss\n|-damage|p2b: Amoonguss|20\/100\n|move|p2b: Amoonguss|Spore|p1b: Torkoal\n|-status|p1b: Torkoal|slp|[from] move: Spore\n|move|p2a: Iron Hands|Drain Punch|p1a: Armarouge\n|-resisted|p1a: Armarouge\n|-damage|p1a: Armarouge|80\/100\n|move|p1a: Armarouge|Expanding Force|p2b: Amoonguss|[spread] p2a,p2b\n|-supereffective|p2a: Iron Hands\n|-damage|p2a: Iron Hands|21\/100\n|-damage|p2b: Amoonguss|0 fnt\n|faint|p2b: Amoonguss\n|\n|-weather|SunnyDay|[upkeep]\n|upkeep\n|inactive|PoliteGhost has 120 seconds left.\n|\n|t:|1700773811\n|switch|p2b: Landorus|Landorus-Therian, M|100\/100\n|-ability|p2b: Landorus|Intimidate|boost\n|-unboost|p1a: Armarouge|atk|1\n|-unboost|p1b: Torkoal|atk|1\n|turn|7\n|\n|t:|1700773821\n|cant|p1b: Torkoal|slp\n|move|p2a: Iron Hands|Drain Punch|p1b: Torkoal\n|-damage|p1b: Torkoal|68\/100 slp\n|-heal|p2a: Iron Hands|33\/100|[from] drain|[of] p1b: Torkoal\n|move|p1a: Armarouge|Expanding Force|p2a: Iron Hands|[spread] p2a,p2b\n|-supereffective|p2a: Iron Hands\n|-damage|p2a: Iron Hands|0 fnt\n|-damage|p2b: Landorus|1\/100\n|-enditem|p2b: Landorus|Sitrus Berry|[eat]\n|-heal|p2b: Landorus|26\/100|[from] item: Sitrus Berry\n|faint|p2a: Iron Hands\n|-end|p2a: Iron Hands|Quark Drive|[silent]\n|move|p2b: Landorus|Stomping Tantrum|p1a: Armarouge\n|-supereffective|p1a: Armarouge\n|-damage|p1a: Armarouge|0 fnt\n|faint|p1a: Armarouge\n|\n|-weather|SunnyDay|[upkeep]\n|-fieldend|move: Trick Room\n|upkeep\n|\n|t:|1700773834\n|switch|p2a: Iron Bundle|Iron Bundle|100\/100\n|turn|8\n|-message|Pikablaster forfeited.\n|\n|win|PoliteGhost\n|raw|Pikablaster's rating: 1448 &rarr; <strong>1432<\/strong><br \/>(-16 for losing)\n|raw|PoliteGhost's rating: 1525 &rarr; <strong>1541<\/strong><br \/>(+16 for winning)\n|l|\u2606Pikablaster\n","uploadtime":1700773851,"views":5,"p1id":"pikablaster","p2id":"politeghost","formatid":"gen9doublesou","rating":1432,"private":0,"password":""}