{"id":"gen9doublesou-1990204249","p1":"Prorookie101","p2":"wideguardluver","format":"[Gen 9] Doubles OU","log":"|j|\u2606Prorookie101\n|j|\u2606wideguardluver\n|t:|1699936972\n|gametype|doubles\n|player|p1|Prorookie101|drayden|1037\n|player|p2|wideguardluver|argenta|1000\n|teamsize|p1|6\n|teamsize|p2|6\n|gen|9\n|tier|[Gen 9] Doubles OU\n|rated|\n|rule|Species Clause: Limit one of each Pok\u00e9mon\n|rule|OHKO Clause: OHKO moves are banned\n|rule|Evasion Moves Clause: Evasion moves are banned\n|rule|Gravity Sleep Clause: The combination of sleep-inducing moves with imperfect accuracy and Gravity or Gigantamax Orbeetle are banned\n|rule|Endless Battle Clause: Forcing endless battles is banned\n|rule|HP Percentage Mod: HP is shown in percentages\n|clearpoke\n|poke|p1|Greedent, M|\n|poke|p1|Oranguru, M|\n|poke|p1|Armarouge, M|\n|poke|p1|Indeedee-F, F|\n|poke|p1|Chien-Pao|\n|poke|p1|Kingambit, F|\n|poke|p2|Scream Tail|\n|poke|p2|Iron Moth|\n|poke|p2|Iron Treads|\n|poke|p2|Pawmot, F|\n|poke|p2|Dragapult, M|\n|poke|p2|Arcanine-Hisui, M|\n|teampreview\n|\n|t:|1699936984\n|start\n|switch|p1a: Greedent|Greedent, M|100\/100\n|switch|p1b: Oranguru|Oranguru, M|100\/100\n|switch|p2a: Scream Tail|Scream Tail|100\/100\n|switch|p2b: Arcanine|Arcanine-Hisui, M|100\/100\n|turn|1\n|\n|t:|1699936997\n|move|p2b: Arcanine|Agility|p2b: Arcanine\n|-boost|p2b: Arcanine|spe|2\n|move|p2a: Scream Tail|Thunder Wave|p1b: Oranguru\n|-status|p1b: Oranguru|par\n|move|p1a: Greedent|Belly Drum|p1a: Greedent\n|-damage|p1a: Greedent|50\/100\n|-setboost|p1a: Greedent|atk|6|[from] move: Belly Drum\n|-enditem|p1a: Greedent|Sitrus Berry|[eat]\n|-heal|p1a: Greedent|75\/100|[from] item: Sitrus Berry\n|-heal|p1a: Greedent|100\/100|[from] ability: Cheek Pouch\n|move|p1b: Oranguru|Trick Room|p1b: Oranguru\n|-fieldstart|move: Trick Room|[of] p1b: Oranguru\n|\n|upkeep\n|turn|2\n|\n|t:|1699937014\n|-terastallize|p1a: Greedent|Ground\n|move|p1b: Oranguru|Instruct|p1a: Greedent\n|-singleturn|p1a: Greedent|move: Instruct|[of] p1b: Oranguru\n|move|p1a: Greedent|Belly Drum||[still]\n|-fail|p1a: Greedent\n|move|p1a: Greedent|Earthquake|p2a: Scream Tail|[spread] p2a,p2b\n|-activate|p1b: Oranguru|ability: Telepathy\n|-supereffective|p2b: Arcanine\n|-damage|p2a: Scream Tail|22\/100\n|-enditem|p2b: Arcanine|Focus Sash\n|-damage|p2b: Arcanine|1\/100\n|move|p2a: Scream Tail|Dazzling Gleam|p1a: Greedent|[spread] p1a,p1b\n|-damage|p1a: Greedent|87\/100\n|-damage|p1b: Oranguru|92\/100 par\n|move|p2b: Arcanine|Double-Edge|p1a: Greedent\n|-crit|p1a: Greedent\n|-damage|p1a: Greedent|34\/100\n|\n|-heal|p2a: Scream Tail|29\/100|[from] item: Leftovers\n|upkeep\n|turn|3\n|\n|t:|1699937038\n|move|p1b: Oranguru|Instruct|p1a: Greedent\n|-singleturn|p1a: Greedent|move: Instruct|[of] p1b: Oranguru\n|move|p1a: Greedent|Earthquake|p2a: Scream Tail|[spread] p2a,p2b\n|-activate|p1b: Oranguru|ability: Telepathy\n|-supereffective|p2b: Arcanine\n|-damage|p2a: Scream Tail|0 fnt\n|-damage|p2b: Arcanine|0 fnt\n|faint|p2a: Scream Tail\n|-end|p2a: Scream Tail|Protosynthesis|[silent]\n|faint|p2b: Arcanine\n|move|p1a: Greedent|Earthquake|p1b: Oranguru\n|-activate|p1b: Oranguru|ability: Telepathy\n|\n|upkeep\n|\n|t:|1699937047\n|switch|p2a: Iron Moth|Iron Moth|100\/100\n|switch|p2b: Iron Treads|Iron Treads|100\/100\n|turn|4\n|\n|t:|1699937062\n|-terastallize|p2b: Iron Treads|Ground\n|move|p1b: Oranguru|Instruct|p1a: Greedent\n|-singleturn|p1a: Greedent|move: Instruct|[of] p1b: Oranguru\n|move|p1a: Greedent|Earthquake|p2a: Iron Moth|[spread] p2a,p2b\n|-activate|p1b: Oranguru|ability: Telepathy\n|-supereffective|p2a: Iron Moth\n|-damage|p2a: Iron Moth|0 fnt\n|-damage|p2b: Iron Treads|0 fnt\n|faint|p2a: Iron Moth\n|-end|p2a: Iron Moth|Quark Drive|[silent]\n|faint|p2b: Iron Treads\n|-end|p2b: Iron Treads|Quark Drive|[silent]\n|move|p1a: Greedent|Earthquake|p1b: Oranguru\n|-activate|p1b: Oranguru|ability: Telepathy\n|\n|upkeep\n|\n|t:|1699937072\n|switch|p2a: Pawmot|Pawmot, F|100\/100\n|switch|p2b: Dragapult|Dragapult, M|100\/100\n|turn|5\n|\n|t:|1699937082\n|move|p2a: Pawmot|Mach Punch|p1a: Greedent\n|-damage|p1a: Greedent|12\/100\n|move|p1b: Oranguru|Instruct|p1a: Greedent\n|-singleturn|p1a: Greedent|move: Instruct|[of] p1b: Oranguru\n|move|p1a: Greedent|Earthquake|p2b: Dragapult|[spread] p2a,p2b\n|-activate|p1b: Oranguru|ability: Telepathy\n|-supereffective|p2a: Pawmot\n|-damage|p2a: Pawmot|0 fnt\n|-damage|p2b: Dragapult|0 fnt\n|faint|p2a: Pawmot\n|faint|p2b: Dragapult\n|\n|win|Prorookie101\n|raw|Prorookie101's rating: 1037 &rarr; <strong>1068<\/strong><br \/>(+31 for winning)\n|raw|wideguardluver's rating: 1000 &rarr; <strong>1000<\/strong><br \/>(+0 for losing)\n|c|\u2606wideguardluver|Gg\n|c|\u2606Prorookie101|gg\n|l|\u2606wideguardluver\n|c|\u2606Prorookie101|squel\n","uploadtime":1699937115,"views":7,"p1id":"prorookie101","p2id":"wideguardluver","formatid":"gen9doublesou","rating":1000,"private":0,"password":""}