{"id":"gen9doublesou-1971733305","p1":"sophie_the_stimky","p2":"freezethefrog","format":"[Gen 9] Doubles OU","log":"|j|\u2606sophie_the_stimky\n|j|\u2606freezethefrog\n|t:|1697766088\n|gametype|doubles\n|player|p1|sophie_the_stimky|266|1085\n|player|p2|freezethefrog|fisherman-gen4|1078\n|teamsize|p1|6\n|teamsize|p2|6\n|gen|9\n|tier|[Gen 9] Doubles OU\n|rated|\n|rule|Species Clause: Limit one of each Pok\u00e9mon\n|rule|OHKO Clause: OHKO moves are banned\n|rule|Evasion Moves Clause: Evasion moves are banned\n|rule|Gravity Sleep Clause: The combination of sleep-inducing moves with imperfect accuracy and Gravity or Gigantamax Orbeetle are banned\n|rule|Endless Battle Clause: Forcing endless battles is banned\n|rule|HP Percentage Mod: HP is shown in percentages\n|clearpoke\n|poke|p1|Trevenant, F|\n|poke|p1|Blissey, F|\n|poke|p1|Orthworm, F|\n|poke|p1|Chandelure, M|\n|poke|p1|Kleavor, F|\n|poke|p1|Landorus-Therian, M|\n|poke|p2|Lumineon, F|\n|poke|p2|Bellibolt, F|\n|poke|p2|Charizard, M|\n|poke|p2|Wo-Chien|\n|poke|p2|Murkrow, F|\n|poke|p2|Pelipper, F|\n|teampreview\n|\n|t:|1697766101\n|start\n|switch|p1a: Trevenant|Trevenant, F|100\/100\n|switch|p1b: Orthworm|Orthworm, F|100\/100\n|switch|p2a: Lumierre|Lumineon, F|100\/100\n|switch|p2b: Zippo|Charizard, M, shiny|100\/100\n|turn|1\n|inactive|Battle timer is ON: inactive players will automatically lose when time's up. (requested by freezethefrog)\n|\n|t:|1697766129\n|switch|p1b: Chandelure|Chandelure, M|100\/100\n|-terastallize|p1a: Trevenant|Ghost\n|move|p2b: Zippo|Flamethrower|p1a: Trevenant\n|-damage|p1a: Trevenant|54\/100\n|move|p2a: Lumierre|Tailwind|p2a: Lumierre\n|-sidestart|p2: freezethefrog|move: Tailwind\n|move|p1a: Trevenant|Trick Room|p1a: Trevenant\n|-fieldstart|move: Trick Room|[of] p1a: Trevenant\n|\n|upkeep\n|turn|2\n|inactive|sophie_the_stimky has 120 seconds left.\n|\n|t:|1697766160\n|switch|p1b: Kleavor|Kleavor, F|100\/100\n|move|p1a: Trevenant|Leech Seed|p2b: Zippo\n|-start|p2b: Zippo|move: Leech Seed\n|move|p2a: Lumierre|Whirlpool|p1b: Kleavor\n|-supereffective|p1b: Kleavor\n|-damage|p1b: Kleavor|78\/100\n|-activate|p1b: Kleavor|move: Whirlpool|[of] p2a: Lumierre\n|move|p2b: Zippo|Air Slash|p1b: Kleavor\n|-damage|p1b: Kleavor|32\/100\n|\n|-damage|p2b: Zippo|88\/100|[from] Leech Seed|[of] p1a: Trevenant\n|-heal|p1a: Trevenant|64\/100|[silent]\n|-damage|p1b: Kleavor|19\/100|[from] move: Whirlpool|[partiallytrapped]\n|upkeep\n|turn|3\n|inactive|sophie_the_stimky has 120 seconds left.\n|\n|t:|1697766189\n|switch|p2b: Blake Snail|Wo-Chien|100\/100\n|-ability|p2b: Blake Snail|Tablets of Ruin\n|move|p1b: Kleavor|Stone Axe|p2b: Blake Snail\n|-damage|p2b: Blake Snail|69\/100\n|-sidestart|p2: freezethefrog|move: Stealth Rock\n|move|p1a: Trevenant|Leech Seed|p2a: Lumierre\n|-start|p2a: Lumierre|move: Leech Seed\n|move|p2a: Lumierre|Whirlpool|p1a: Trevenant\n|-damage|p1a: Trevenant|54\/100\n|-activate|p1a: Trevenant|move: Whirlpool|[of] p2a: Lumierre\n|\n|-damage|p2a: Lumierre|88\/100|[from] Leech Seed|[of] p1a: Trevenant\n|-heal|p1a: Trevenant|65\/100|[silent]\n|-damage|p1b: Kleavor|7\/100|[from] move: Whirlpool|[partiallytrapped]\n|-damage|p1a: Trevenant|53\/100|[from] move: Whirlpool|[partiallytrapped]\n|upkeep\n|turn|4\n|\n|t:|1697766214\n|move|p1b: Kleavor|U-turn|p2b: Blake Snail\n|-supereffective|p2b: Blake Snail\n|-damage|p2b: Blake Snail|0 fnt\n|faint|p2b: Blake Snail\n|\n|t:|1697766220\n|switch|p1b: Orthworm|Orthworm, F|100\/100|[from] U-turn\n|move|p1a: Trevenant|Leech Seed||[still]\n|-fail|p1a: Trevenant\n|move|p2a: Lumierre|Soak|p1b: Orthworm\n|-start|p1b: Orthworm|typechange|Water\n|\n|-heal|p2a: Lumierre|94\/100|[from] item: Leftovers\n|-damage|p2a: Lumierre|82\/100|[from] Leech Seed|[of] p1a: Trevenant\n|-heal|p1a: Trevenant|64\/100|[silent]\n|-damage|p1a: Trevenant|52\/100|[from] move: Whirlpool|[partiallytrapped]\n|-sideend|p2: freezethefrog|move: Tailwind\n|upkeep\n|\n|t:|1697766234\n|switch|p2b: Nerissa|Murkrow, F|100\/100\n|-damage|p2b: Nerissa|76\/100|[from] Stealth Rock\n|turn|5\n|\n|t:|1697766257\n|move|p2b: Nerissa|Taunt|p1a: Trevenant\n|-start|p1a: Trevenant|move: Taunt\n|cant|p1a: Trevenant|move: Taunt|Sunny Day\n|move|p1b: Orthworm|Heavy Slam|p2b: Nerissa\n|-damage|p2b: Nerissa|29\/100\n|move|p2a: Lumierre|Tailwind|p2a: Lumierre\n|-sidestart|p2: freezethefrog|move: Tailwind\n|\n|-heal|p2a: Lumierre|88\/100|[from] item: Leftovers\n|-damage|p2a: Lumierre|76\/100|[from] Leech Seed|[of] p1a: Trevenant\n|-heal|p1a: Trevenant|63\/100|[silent]\n|-damage|p1a: Trevenant|50\/100|[from] move: Whirlpool|[partiallytrapped]\n|-fieldend|move: Trick Room\n|upkeep\n|-enditem|p1a: Trevenant|Sitrus Berry|[eat]\n|-heal|p1a: Trevenant|75\/100|[from] item: Sitrus Berry\n|turn|6\n|inactive|sophie_the_stimky has 120 seconds left.\n|\n|t:|1697766288\n|move|p2a: Lumierre|U-turn|p1a: Trevenant\n|-resisted|p1a: Trevenant\n|-damage|p1a: Trevenant|69\/100\n|\n|t:|1697766293\n|switch|p2a: Zippo|Charizard, M, shiny|88\/100|[from] U-turn\n|-damage|p2a: Zippo|38\/100|[from] Stealth Rock\n|move|p2b: Nerissa|Foul Play|p1a: Trevenant\n|-supereffective|p1a: Trevenant\n|-damage|p1a: Trevenant|0 fnt\n|faint|p1a: Trevenant\n|move|p1b: Orthworm|Heavy Slam|p2b: Nerissa\n|-damage|p2b: Nerissa|0 fnt\n|faint|p2b: Nerissa\n|\n|upkeep\n|\n|t:|1697766308\n|switch|p2b: Lumierre|Lumineon, F|76\/100\n|switch|p1a: Chandelure|Chandelure, M|100\/100\n|-damage|p2b: Lumierre|64\/100|[from] Stealth Rock\n|turn|7\n|\n|t:|1697766323\n|-terastallize|p2a: Zippo|Grass\n|move|p2a: Zippo|Tera Blast|p1b: Orthworm|[anim] Tera Blast Grass\n|-supereffective|p1b: Orthworm\n|-damage|p1b: Orthworm|0 fnt\n|faint|p1b: Orthworm\n|move|p2b: Lumierre|Whirlpool|p1a: Chandelure\n|-supereffective|p1a: Chandelure\n|-damage|p1a: Chandelure|78\/100\n|-activate|p1a: Chandelure|move: Whirlpool|[of] p2b: Lumierre\n|move|p1a: Chandelure|Trick Room|p1a: Chandelure\n|-fieldstart|move: Trick Room|[of] p1a: Chandelure\n|\n|-heal|p2b: Lumierre|70\/100|[from] item: Leftovers\n|-damage|p1a: Chandelure|66\/100|[from] move: Whirlpool|[partiallytrapped]\n|upkeep\n|\n|t:|1697766342\n|switch|p1b: Kleavor|Kleavor, F|7\/100\n|turn|8\n|\n|t:|1697766357\n|switch|p2a: Big Pecks|Pelipper, F|100\/100\n|-weather|RainDance|[from] ability: Drizzle|[of] p2a: Big Pecks\n|move|p1a: Chandelure|Calm Mind|p1a: Chandelure\n|-boost|p1a: Chandelure|spa|1\n|-boost|p1a: Chandelure|spd|1\n|move|p1b: Kleavor|U-turn|p2a: Big Pecks\n|-resisted|p2a: Big Pecks\n|-crit|p2a: Big Pecks\n|-damage|p2a: Big Pecks|78\/100\n|\n|t:|1697766368\n|switch|p1b: Blissey|Blissey, F|100\/100|[from] U-turn\n|move|p2b: Lumierre|Whirlpool|p1b: Blissey\n|-damage|p1b: Blissey|95\/100\n|-activate|p1b: Blissey|move: Whirlpool|[of] p2b: Lumierre\n|\n|-weather|RainDance|[upkeep]\n|-heal|p1b: Blissey|100\/100|[from] item: Leftovers\n|-heal|p2b: Lumierre|76\/100|[from] item: Leftovers\n|-damage|p1a: Chandelure|54\/100|[from] move: Whirlpool|[partiallytrapped]\n|-damage|p1b: Blissey|88\/100|[from] move: Whirlpool|[partiallytrapped]\n|-sideend|p2: freezethefrog|move: Tailwind\n|upkeep\n|turn|9\n|\n|t:|1697766393\n|move|p1a: Chandelure|Flamethrower|p2a: Big Pecks\n|-resisted|p2a: Big Pecks\n|-damage|p2a: Big Pecks|49\/100\n|move|p1b: Blissey|Heal Pulse|p1a: Chandelure\n|-heal|p1a: Chandelure|100\/100\n|move|p2a: Big Pecks|Hurricane|p1a: Chandelure\n|-damage|p1a: Chandelure|70\/100\n|move|p2b: Lumierre|Whirlpool|p1a: Chandelure\n|-supereffective|p1a: Chandelure\n|-damage|p1a: Chandelure|49\/100\n|\n|-weather|RainDance|[upkeep]\n|-heal|p1b: Blissey|94\/100|[from] item: Leftovers\n|-heal|p2b: Lumierre|82\/100|[from] item: Leftovers\n|-damage|p1a: Chandelure|37\/100|[from] move: Whirlpool|[partiallytrapped]\n|-damage|p1b: Blissey|82\/100|[from] move: Whirlpool|[partiallytrapped]\n|upkeep\n|turn|10\n|\n|t:|1697766421\n|move|p1a: Chandelure|Flamethrower|p2a: Big Pecks\n|-resisted|p2a: Big Pecks\n|-damage|p2a: Big Pecks|20\/100\n|move|p1b: Blissey|Heal Pulse|p1a: Chandelure\n|-heal|p1a: Chandelure|87\/100\n|move|p2a: Big Pecks|Roost|p2a: Big Pecks\n|-heal|p2a: Big Pecks|70\/100\n|-singleturn|p2a: Big Pecks|move: Roost\n|move|p2b: Lumierre|Whirlpool|p1a: Chandelure\n|-supereffective|p1a: Chandelure\n|-damage|p1a: Chandelure|64\/100\n|\n|-weather|RainDance|[upkeep]\n|-heal|p1b: Blissey|88\/100|[from] item: Leftovers\n|-heal|p2b: Lumierre|88\/100|[from] item: Leftovers\n|-damage|p1a: Chandelure|52\/100|[from] move: Whirlpool|[partiallytrapped]\n|-damage|p1b: Blissey|75\/100|[from] move: Whirlpool|[partiallytrapped]\n|upkeep\n|turn|11\n|inactive|sophie_the_stimky has 120 seconds left.\n|\n|t:|1697766459\n|move|p1a: Chandelure|Flamethrower|p2a: Big Pecks\n|-resisted|p2a: Big Pecks\n|-damage|p2a: Big Pecks|43\/100\n|move|p1b: Blissey|Heal Pulse|p1a: Chandelure\n|-heal|p1a: Chandelure|100\/100\n|move|p2a: Big Pecks|Roost|p2a: Big Pecks\n|-heal|p2a: Big Pecks|93\/100\n|-singleturn|p2a: Big Pecks|move: Roost\n|move|p2b: Lumierre|Soak|p1a: Chandelure\n|-start|p1a: Chandelure|typechange|Water\n|\n|-weather|RainDance|[upkeep]\n|-heal|p1b: Blissey|82\/100|[from] item: Leftovers\n|-heal|p2b: Lumierre|94\/100|[from] item: Leftovers\n|-end|p1a: Chandelure|Whirlpool|[partiallytrapped]\n|-damage|p1b: Blissey|69\/100|[from] move: Whirlpool|[partiallytrapped]\n|-fieldend|move: Trick Room\n|upkeep\n|turn|12\n|inactive|sophie_the_stimky has 120 seconds left.\n|inactive|freezethefrog has 120 seconds left.\n|\n|t:|1697766495\n|move|p2b: Lumierre|Whirlpool|p1a: Chandelure\n|-resisted|p1a: Chandelure\n|-damage|p1a: Chandelure|95\/100\n|-activate|p1a: Chandelure|move: Whirlpool|[of] p2b: Lumierre\n|move|p2a: Big Pecks|Hurricane|p1a: Chandelure\n|-damage|p1a: Chandelure|68\/100\n|move|p1b: Blissey|Flamethrower|p2a: Big Pecks\n|-resisted|p2a: Big Pecks\n|-damage|p2a: Big Pecks|87\/100\n|move|p1a: Chandelure|Trick Room|p1a: Chandelure\n|-fieldstart|move: Trick Room|[of] p1a: Chandelure\n|\n|-weather|none\n|-heal|p1b: Blissey|75\/100|[from] item: Leftovers\n|-heal|p2b: Lumierre|100\/100|[from] item: Leftovers\n|-damage|p1a: Chandelure|55\/100|[from] move: Whirlpool|[partiallytrapped]\n|-damage|p1b: Blissey|63\/100|[from] move: Whirlpool|[partiallytrapped]\n|upkeep\n|turn|13\n|inactive|sophie_the_stimky has 120 seconds left.\n|inactive|freezethefrog has 120 seconds left.\n|\n|t:|1697766527\n|move|p1a: Chandelure|Calm Mind|p1a: Chandelure\n|-boost|p1a: Chandelure|spa|1\n|-boost|p1a: Chandelure|spd|1\n|move|p1b: Blissey|Heal Pulse|p1a: Chandelure\n|-heal|p1a: Chandelure|100\/100\n|move|p2a: Big Pecks|Icy Wind|p1a: Chandelure|[spread] p1a,p1b\n|-resisted|p1a: Chandelure\n|-damage|p1a: Chandelure|98\/100\n|-damage|p1b: Blissey|60\/100\n|-unboost|p1a: Chandelure|spe|1\n|-unboost|p1b: Blissey|spe|1\n|move|p2b: Lumierre|Soak|p1b: Blissey\n|-start|p1b: Blissey|typechange|Water\n|\n|-heal|p1b: Blissey|66\/100|[from] item: Leftovers\n|-damage|p1a: Chandelure|86\/100|[from] move: Whirlpool|[partiallytrapped]\n|-end|p1b: Blissey|Whirlpool|[partiallytrapped]\n|upkeep\n|turn|14\n|inactive|sophie_the_stimky has 120 seconds left.\n|inactive|freezethefrog has 120 seconds left.\n|\n|t:|1697766556\n|move|p1a: Chandelure|Calm Mind|p1a: Chandelure\n|-boost|p1a: Chandelure|spa|1\n|-boost|p1a: Chandelure|spd|1\n|move|p1b: Blissey|Flamethrower|p2a: Big Pecks\n|-resisted|p2a: Big Pecks\n|-damage|p2a: Big Pecks|76\/100\n|-status|p2a: Big Pecks|brn\n|move|p2a: Big Pecks|Icy Wind|p1a: Chandelure|[spread] p1a,p1b\n|-resisted|p1a: Chandelure\n|-resisted|p1b: Blissey\n|-damage|p1a: Chandelure|84\/100\n|-damage|p1b: Blissey|64\/100\n|-unboost|p1a: Chandelure|spe|1\n|-unboost|p1b: Blissey|spe|1\n|move|p2b: Lumierre|Whirlpool|p1b: Blissey\n|-resisted|p1b: Blissey\n|-damage|p1b: Blissey|63\/100\n|-activate|p1b: Blissey|move: Whirlpool|[of] p2b: Lumierre\n|\n|-heal|p1b: Blissey|69\/100|[from] item: Leftovers\n|-damage|p2a: Big Pecks|70\/100 brn|[from] brn\n|-damage|p1a: Chandelure|71\/100|[from] move: Whirlpool|[partiallytrapped]\n|-damage|p1b: Blissey|56\/100|[from] move: Whirlpool|[partiallytrapped]\n|upkeep\n|turn|15\n|inactive|freezethefrog has 120 seconds left.\n|inactive|sophie_the_stimky has 120 seconds left.\n|\n|t:|1697766584\n|move|p1a: Chandelure|Calm Mind|p1a: Chandelure\n|-boost|p1a: Chandelure|spa|1\n|-boost|p1a: Chandelure|spd|1\n|move|p1b: Blissey|Flamethrower|p2b: Lumierre\n|-resisted|p2b: Lumierre\n|-damage|p2b: Lumierre|92\/100\n|move|p2a: Big Pecks|Icy Wind|p1a: Chandelure|[spread] p1a,p1b\n|-resisted|p1a: Chandelure\n|-resisted|p1b: Blissey\n|-damage|p1a: Chandelure|70\/100\n|-damage|p1b: Blissey|55\/100\n|-unboost|p1a: Chandelure|spe|1\n|-unboost|p1b: Blissey|spe|1\n|move|p2b: Lumierre|Tailwind|p2b: Lumierre\n|-sidestart|p2: freezethefrog|move: Tailwind\n|\n|-heal|p1b: Blissey|61\/100|[from] item: Leftovers\n|-heal|p2b: Lumierre|98\/100|[from] item: Leftovers\n|-damage|p2a: Big Pecks|64\/100 brn|[from] brn\n|-damage|p1a: Chandelure|57\/100|[from] move: Whirlpool|[partiallytrapped]\n|-damage|p1b: Blissey|48\/100|[from] move: Whirlpool|[partiallytrapped]\n|upkeep\n|turn|16\n|inactive|freezethefrog has 120 seconds left.\n|inactive|sophie_the_stimky has 120 seconds left.\n|\n|t:|1697766611\n|move|p1a: Chandelure|Calm Mind|p1a: Chandelure\n|-boost|p1a: Chandelure|spa|1\n|-boost|p1a: Chandelure|spd|1\n|move|p1b: Blissey|Heal Pulse|p1a: Chandelure\n|-heal|p1a: Chandelure|100\/100\n|move|p2a: Big Pecks|Icy Wind|p1b: Blissey|[spread] p1a,p1b\n|-resisted|p1a: Chandelure\n|-resisted|p1b: Blissey\n|-damage|p1a: Chandelure|99\/100\n|-damage|p1b: Blissey|47\/100\n|-unboost|p1a: Chandelure|spe|1\n|-unboost|p1b: Blissey|spe|1\n|move|p2b: Lumierre|U-turn|p1a: Chandelure\n|-damage|p1a: Chandelure|87\/100\n|\n|t:|1697766624\n|switch|p2b: Zippo|Charizard, M, shiny, tera:Grass|38\/100|[from] U-turn\n|-damage|p2b: Zippo|26\/100|[from] Stealth Rock\n|\n|-heal|p1b: Blissey|53\/100|[from] item: Leftovers\n|-damage|p2a: Big Pecks|58\/100 brn|[from] brn\n|-end|p1a: Chandelure|Whirlpool|[partiallytrapped]|[silent]\n|-end|p1b: Blissey|Whirlpool|[partiallytrapped]|[silent]\n|-fieldend|move: Trick Room\n|upkeep\n|turn|17\n|inactive|freezethefrog has 120 seconds left.\n|\n|t:|1697766644\n|move|p2b: Zippo|Tera Blast|p1a: Chandelure|[anim] Tera Blast Grass\n|-supereffective|p1a: Chandelure\n|-crit|p1a: Chandelure\n|-damage|p1a: Chandelure|0 fnt\n|faint|p1a: Chandelure\n|move|p2a: Big Pecks|Roost|p2a: Big Pecks\n|-heal|p2a: Big Pecks|100\/100 brn\n|-singleturn|p2a: Big Pecks|move: Roost\n|move|p1b: Blissey|Flamethrower|p2b: Zippo\n|-supereffective|p2b: Zippo\n|-damage|p2b: Zippo|0 fnt\n|faint|p2b: Zippo\n|\n|-heal|p1b: Blissey|59\/100|[from] item: Leftovers\n|-damage|p2a: Big Pecks|94\/100 brn|[from] brn\n|upkeep\n|\n|t:|1697766661\n|switch|p2b: Wawa|Bellibolt, F|100\/100\n|switch|p1a: Landorus|Landorus-Therian, M|100\/100\n|-damage|p2b: Wawa|88\/100|[from] Stealth Rock\n|-ability|p1a: Landorus|Intimidate|boost\n|-unboost|p2a: Big Pecks|atk|1\n|-unboost|p2b: Wawa|atk|1\n|turn|18\n|\n|t:|1697766680\n|move|p2a: Big Pecks|Icy Wind|p1b: Blissey|[spread] p1a,p1b\n|-supereffective|p1a: Landorus\n|-resisted|p1b: Blissey\n|-damage|p1a: Landorus|64\/100\n|-damage|p1b: Blissey|57\/100\n|-unboost|p1a: Landorus|spe|1\n|-unboost|p1b: Blissey|spe|1\n|move|p2b: Wawa|Thunderbolt|p1b: Blissey\n|-supereffective|p1b: Blissey\n|-damage|p1b: Blissey|33\/100\n|-status|p1b: Blissey|par\n|move|p1a: Landorus|Hammer Arm|p2a: Big Pecks\n|-resisted|p2a: Big Pecks\n|-damage|p2a: Big Pecks|79\/100 brn\n|-unboost|p1a: Landorus|spe|1\n|move|p1b: Blissey|Heal Pulse|p1a: Landorus\n|-heal|p1a: Landorus|100\/100\n|\n|-heal|p1b: Blissey|40\/100 par|[from] item: Leftovers\n|-damage|p2a: Big Pecks|73\/100 brn|[from] brn\n|-sideend|p2: freezethefrog|move: Tailwind\n|upkeep\n|turn|19\n|\n|t:|1697766709\n|move|p2a: Big Pecks|Soak|p1a: Landorus\n|-start|p1a: Landorus|typechange|Water\n|move|p2b: Wawa|Thunderbolt|p1a: Landorus\n|-supereffective|p1a: Landorus\n|-damage|p1a: Landorus|37\/100\n|move|p1a: Landorus|Hammer Arm|p2a: Big Pecks\n|-resisted|p2a: Big Pecks\n|-damage|p2a: Big Pecks|56\/100 brn\n|-unboost|p1a: Landorus|spe|1\n|cant|p1b: Blissey|par\n|\n|-heal|p1a: Landorus|43\/100|[from] item: Leftovers\n|-heal|p1b: Blissey|46\/100 par|[from] item: Leftovers\n|-damage|p2a: Big Pecks|50\/100 brn|[from] brn\n|upkeep\n|turn|20\n|\n|t:|1697766731\n|move|p2a: Big Pecks|Roost|p2a: Big Pecks\n|-heal|p2a: Big Pecks|99\/100 brn\n|-singleturn|p2a: Big Pecks|move: Roost\n|move|p2b: Wawa|Thunderbolt|p1a: Landorus\n|-supereffective|p1a: Landorus\n|-damage|p1a: Landorus|0 fnt\n|faint|p1a: Landorus\n|move|p1b: Blissey|Flamethrower|p2b: Wawa\n|-damage|p2b: Wawa|74\/100\n|-start|p2b: Wawa|Charge|Flamethrower|[from] ability: Electromorphosis\n|\n|-heal|p1b: Blissey|52\/100 par|[from] item: Leftovers\n|-damage|p2a: Big Pecks|94\/100 brn|[from] brn\n|upkeep\n|-message|sophie_the_stimky forfeited.\n|\n|win|freezethefrog\n|raw|sophie_the_stimky's rating: 1085 &rarr; <strong>1062<\/strong><br \/>(-23 for losing)\n|raw|freezethefrog's rating: 1078 &rarr; <strong>1107<\/strong><br \/>(+29 for winning)\n|l|\u2606sophie_the_stimky\n","uploadtime":1697766751,"views":19,"p1id":"sophiethestimky","p2id":"freezethefrog","formatid":"gen9doublesou","rating":1062,"private":0,"password":""}