{"id":"gen9doublesou-1972157165","p1":"SXD2002","p2":"zkidnamedzay","format":"[Gen 9] Doubles OU","log":"|j|\u2606SXD2002\n|j|\u2606zkidnamedzay\n|t:|1697817472\n|gametype|doubles\n|player|p1|SXD2002|silver-masters|1006\n|player|p2|zkidnamedzay|grimsley|1004\n|teamsize|p1|4\n|teamsize|p2|6\n|gen|9\n|tier|[Gen 9] Doubles OU\n|rated|\n|rule|Species Clause: Limit one of each Pok\u00e9mon\n|rule|OHKO Clause: OHKO moves are banned\n|rule|Evasion Moves Clause: Evasion moves are banned\n|rule|Gravity Sleep Clause: The combination of sleep-inducing moves with imperfect accuracy and Gravity or Gigantamax Orbeetle are banned\n|rule|Endless Battle Clause: Forcing endless battles is banned\n|rule|HP Percentage Mod: HP is shown in percentages\n|clearpoke\n|poke|p1|Lurantis, M|\n|poke|p1|Murkrow, M|\n|poke|p1|Grimmsnarl, M|\n|poke|p1|Clefairy, F|\n|poke|p2|Ninetales-Alola, F|\n|poke|p2|Iron Bundle|\n|poke|p2|Ursaluna-Bloodmoon, M|\n|poke|p2|Torkoal, F|\n|poke|p2|Flutter Mane|\n|poke|p2|Palafin, F|\n|teampreview\n|inactive|Battle timer is ON: inactive players will automatically lose when time's up. (requested by SXD2002)\n|\n|t:|1697817493\n|start\n|switch|p1a: Grimmsnarl|Grimmsnarl, M|100\/100\n|switch|p1b: Lurantis|Lurantis, M|100\/100\n|switch|p2a: Bird|Iron Bundle|100\/100\n|switch|p2b: Alolan Ninetales|Ninetales-Alola, F, shiny|100\/100\n|-weather|Snow|[from] ability: Snow Warning|[of] p2b: Alolan Ninetales\n|turn|1\n|inactive|SXD2002 has 120 seconds left.\n|\n|t:|1697817536\n|-terastallize|p1b: Lurantis|Steel\n|move|p1a: Grimmsnarl|Fake Tears|p1b: Lurantis\n|-boost|p1b: Lurantis|spd|2\n|move|p2a: Bird|Blizzard|p1a: Grimmsnarl|[spread] p1a,p1b\n|-resisted|p1b: Lurantis\n|-damage|p1a: Grimmsnarl|72\/100\n|-damage|p1b: Lurantis|93\/100\n|-status|p1b: Lurantis|frz\n|move|p2b: Alolan Ninetales|Aurora Veil|p2b: Alolan Ninetales\n|-sidestart|p2: zkidnamedzay|move: Aurora Veil\n|cant|p1b: Lurantis|frz\n|\n|-weather|Snow|[upkeep]\n|-heal|p1a: Grimmsnarl|78\/100|[from] item: Leftovers\n|-heal|p1b: Lurantis|99\/100 frz|[from] item: Leftovers\n|upkeep\n|turn|2\n|inactive|SXD2002 has 120 seconds left.\n|inactive|zkidnamedzay has 120 seconds left.\n|\n|t:|1697817567\n|move|p1a: Grimmsnarl|Fake Tears|p1b: Lurantis\n|-boost|p1b: Lurantis|spd|2\n|move|p2a: Bird|Flip Turn|p1b: Lurantis\n|-crit|p1b: Lurantis\n|-damage|p1b: Lurantis|72\/100 frz\n|inactive|zkidnamedzay has 120 seconds left.\n|\n|t:|1697817579\n|-end|p2a: Bird|Quark Drive|[silent]\n|switch|p2a: Bear|Ursaluna-Bloodmoon, M|100\/100|[from] Flip Turn\n|move|p2b: Alolan Ninetales|Dazzling Gleam|p1b: Lurantis|[spread] p1a,p1b\n|-supereffective|p1a: Grimmsnarl\n|-resisted|p1b: Lurantis\n|-damage|p1a: Grimmsnarl|41\/100\n|-damage|p1b: Lurantis|69\/100 frz\n|-curestatus|p1b: Lurantis|frz|[msg]\n|move|p1b: Lurantis|Superpower|p2a: Bear\n|-supereffective|p2a: Bear\n|-damage|p2a: Bear|81\/100\n|-boost|p1b: Lurantis|atk|1\n|-boost|p1b: Lurantis|def|1\n|\n|-weather|Snow|[upkeep]\n|-heal|p1a: Grimmsnarl|47\/100|[from] item: Leftovers\n|-heal|p2a: Bear|87\/100|[from] item: Leftovers\n|-heal|p1b: Lurantis|75\/100|[from] item: Leftovers\n|upkeep\n|turn|3\n|inactive|zkidnamedzay has 120 seconds left.\n|\n|t:|1697817605\n|move|p1a: Grimmsnarl|Fake Tears|p1b: Lurantis\n|-boost|p1b: Lurantis|spd|2\n|move|p2b: Alolan Ninetales|Dazzling Gleam|p1b: Lurantis|[spread] p1a,p1b\n|-supereffective|p1a: Grimmsnarl\n|-resisted|p1b: Lurantis\n|-damage|p1a: Grimmsnarl|11\/100\n|-damage|p1b: Lurantis|73\/100\n|move|p2a: Bear|Stomping Tantrum|p1b: Lurantis\n|-supereffective|p1b: Lurantis\n|-damage|p1b: Lurantis|45\/100\n|move|p1b: Lurantis|Superpower|p2a: Bear\n|-supereffective|p2a: Bear\n|-damage|p2a: Bear|57\/100\n|-boost|p1b: Lurantis|atk|1\n|-boost|p1b: Lurantis|def|1\n|\n|-weather|Snow|[upkeep]\n|-heal|p1a: Grimmsnarl|17\/100|[from] item: Leftovers\n|-heal|p2a: Bear|64\/100|[from] item: Leftovers\n|-heal|p1b: Lurantis|51\/100|[from] item: Leftovers\n|upkeep\n|turn|4\n|inactive|SXD2002 has 120 seconds left.\n|\n|t:|1697817638\n|move|p1b: Lurantis|Protect|p1b: Lurantis\n|-singleturn|p1b: Lurantis|Protect\n|move|p1a: Grimmsnarl|Parting Shot|p2a: Bear\n|-unboost|p2a: Bear|atk|1\n|-unboost|p2a: Bear|spa|1\n|inactive|SXD2002 has 120 seconds left.\n|\n|t:|1697817643\n|switch|p1a: Clefairy|Clefairy, F|100\/100|[from] Parting Shot\n|move|p2b: Alolan Ninetales|Dazzling Gleam|p1a: Clefairy|[spread] p1a\n|-activate|p1b: Lurantis|move: Protect\n|-damage|p1a: Clefairy|86\/100\n|move|p2a: Bear|Stomping Tantrum|p1b: Lurantis\n|-activate|p1b: Lurantis|move: Protect\n|\n|-weather|Snow|[upkeep]\n|-heal|p2a: Bear|70\/100|[from] item: Leftovers\n|-heal|p1b: Lurantis|57\/100|[from] item: Leftovers\n|upkeep\n|turn|5\n|inactive|zkidnamedzay has 120 seconds left.\n|\n|t:|1697817677\n|move|p2b: Alolan Ninetales|Blizzard|p1a: Clefairy|[spread] p1a,p1b\n|-resisted|p1b: Lurantis\n|-damage|p1a: Clefairy|65\/100\n|-damage|p1b: Lurantis|55\/100\n|move|p2a: Bear|Gunk Shot|p1a: Clefairy\n|-supereffective|p1a: Clefairy\n|-damage|p1a: Clefairy|35\/100\n|move|p1b: Lurantis|Leaf Storm|p2a: Bear\n|-supereffective|p2a: Bear\n|-damage|p2a: Bear|10\/100\n|-boost|p1b: Lurantis|spa|2\n|move|p1a: Clefairy|Life Dew|p1a: Clefairy|[spread] p1a,p1b\n|-heal|p1a: Clefairy|61\/100\n|-heal|p1b: Lurantis|80\/100\n|\n|-weather|none\n|-heal|p2a: Bear|16\/100|[from] item: Leftovers\n|-heal|p1b: Lurantis|86\/100|[from] item: Leftovers\n|-sideend|p2: zkidnamedzay|move: Aurora Veil\n|upkeep\n|turn|6\n|inactive|zkidnamedzay has 120 seconds left.\n|\n|t:|1697817717\n|switch|p2a: Turtle|Torkoal, F|100\/100\n|move|p2b: Alolan Ninetales|Aurora Veil||[still]\n|-fail|p2b: Alolan Ninetales\n|move|p1b: Lurantis|Superpower|p2a: Turtle\n|-damage|p2a: Turtle|70\/100\n|-boost|p1b: Lurantis|atk|1\n|-boost|p1b: Lurantis|def|1\n|move|p1a: Clefairy|Life Dew|p1a: Clefairy|[spread] p1a,p1b\n|-heal|p1a: Clefairy|86\/100\n|-heal|p1b: Lurantis|100\/100\n|\n|upkeep\n|turn|7\n|inactive|zkidnamedzay has 120 seconds left.\n|\n|t:|1697817748\n|move|p1a: Clefairy|Helping Hand|p1b: Lurantis\n|-singleturn|p1b: Lurantis|Helping Hand|[of] p1a: Clefairy\n|move|p2b: Alolan Ninetales|Aurora Veil||[still]\n|-fail|p2b: Alolan Ninetales\n|move|p1b: Lurantis|Superpower|p2a: Turtle\n|-damage|p2a: Turtle|5\/100\n|-boost|p1b: Lurantis|atk|1\n|-boost|p1b: Lurantis|def|1\n|move|p2a: Turtle|Yawn|p1b: Lurantis\n|-start|p1b: Lurantis|move: Yawn|[of] p2a: Turtle\n|\n|upkeep\n|turn|8\n|inactive|zkidnamedzay has 120 seconds left.\n|\n|t:|1697817767\n|switch|p2b: Dolphin|Palafin, F, shiny|100\/100\n|move|p2a: Turtle|Protect|p2a: Turtle\n|-singleturn|p2a: Turtle|Protect\n|move|p1b: Lurantis|Superpower|p2a: Turtle\n|-activate|p2a: Turtle|move: Protect\n|move|p1a: Clefairy|Life Dew||[still]|[spread] p1a,p1b\n|-heal|p1a: Clefairy|100\/100\n|-fail|p1b: Lurantis|heal\n|\n|-end|p1b: Lurantis|move: Yawn|[silent]\n|-status|p1b: Lurantis|slp\n|upkeep\n|turn|9\n|\n|t:|1697817787\n|switch|p1a: Grimmsnarl|Grimmsnarl, M|17\/100\n|cant|p1b: Lurantis|slp\n|move|p2b: Dolphin|Flip Turn|p1b: Lurantis\n|-damage|p1b: Lurantis|92\/100 slp\n|\n|t:|1697817794\n|detailschange|p2b: Dolphin|Palafin-Hero, F, shiny\n|switch|p2b: Alolan Ninetales|Ninetales-Alola, F, shiny|100\/100|[from] Flip Turn\n|-weather|Snow|[from] ability: Snow Warning|[of] p2b: Alolan Ninetales\n|move|p2a: Turtle|Stealth Rock|p1a: Grimmsnarl\n|-sidestart|p1: SXD2002|move: Stealth Rock\n|\n|-weather|Snow|[upkeep]\n|-heal|p1a: Grimmsnarl|23\/100|[from] item: Leftovers\n|-heal|p1b: Lurantis|98\/100 slp|[from] item: Leftovers\n|upkeep\n|turn|10\n|\n|t:|1697817811\n|move|p1a: Grimmsnarl|Scary Face|p1b: Lurantis\n|-boost|p1b: Lurantis|spe|2\n|move|p2b: Alolan Ninetales|Dazzling Gleam|p1b: Lurantis|[spread] p1a,p1b\n|-supereffective|p1a: Grimmsnarl\n|-resisted|p1b: Lurantis\n|-damage|p1a: Grimmsnarl|0 fnt\n|-damage|p1b: Lurantis|96\/100 slp\n|faint|p1a: Grimmsnarl\n|cant|p1b: Lurantis|slp\n|move|p2a: Turtle|Yawn||[still]\n|-fail|p2a: Turtle\n|\n|-weather|Snow|[upkeep]\n|-heal|p1b: Lurantis|100\/100 slp|[from] item: Leftovers\n|upkeep\n|\n|t:|1697817819\n|switch|p1a: Murkrow|Murkrow, M|100\/100\n|-damage|p1a: Murkrow|76\/100|[from] Stealth Rock\n|turn|11\n|\n|t:|1697817830\n|move|p2b: Alolan Ninetales|Dazzling Gleam|p1b: Lurantis|[spread] p1a,p1b\n|-supereffective|p1a: Murkrow\n|-resisted|p1b: Lurantis\n|-damage|p1a: Murkrow|39\/100\n|-damage|p1b: Lurantis|98\/100 slp\n|cant|p1b: Lurantis|slp\n|move|p1a: Murkrow|Foul Play|p2a: Turtle\n|-damage|p2a: Turtle|0 fnt\n|faint|p2a: Turtle\n|\n|-weather|Snow|[upkeep]\n|-heal|p1b: Lurantis|100\/100 slp|[from] item: Leftovers\n|upkeep\n|inactive|zkidnamedzay has 120 seconds left.\n|\n|t:|1697817870\n|switch|p2a: Bear|Ursaluna-Bloodmoon, M|16\/100\n|turn|12\n|\n|t:|1697817882\n|move|p2a: Bear|Protect|p2a: Bear\n|-singleturn|p2a: Bear|Protect\n|move|p1a: Murkrow|Taunt|p2b: Alolan Ninetales\n|-start|p2b: Alolan Ninetales|move: Taunt\n|move|p2b: Alolan Ninetales|Dazzling Gleam|p1a: Murkrow|[spread] p1a,p1b\n|-supereffective|p1a: Murkrow\n|-resisted|p1b: Lurantis\n|-damage|p1a: Murkrow|0 fnt\n|-damage|p1b: Lurantis|98\/100 slp\n|faint|p1a: Murkrow\n|-curestatus|p1b: Lurantis|slp|[msg]\n|move|p1b: Lurantis|Superpower|p2b: Alolan Ninetales\n|-damage|p2b: Alolan Ninetales|12\/100\n|-boost|p1b: Lurantis|atk|1\n|-boost|p1b: Lurantis|def|1\n|\n|-weather|Snow|[upkeep]\n|-heal|p1b: Lurantis|100\/100|[from] item: Leftovers\n|-heal|p2a: Bear|22\/100|[from] item: Leftovers\n|upkeep\n|\n|t:|1697817894\n|switch|p1a: Clefairy|Clefairy, F|100\/100\n|-damage|p1a: Clefairy|88\/100|[from] Stealth Rock\n|turn|13\n|\n|t:|1697817904\n|move|p1a: Clefairy|Helping Hand|p1b: Lurantis\n|-singleturn|p1b: Lurantis|Helping Hand|[of] p1a: Clefairy\n|move|p2b: Alolan Ninetales|Draining Kiss|p1a: Clefairy\n|-damage|p1a: Clefairy|77\/100\n|-heal|p2b: Alolan Ninetales|22\/100|[from] drain|[of] p1a: Clefairy\n|move|p1b: Lurantis|Leaf Storm|p2a: Bear\n|-supereffective|p2a: Bear\n|-damage|p2a: Bear|0 fnt\n|-boost|p1b: Lurantis|spa|2\n|faint|p2a: Bear\n|\n|-weather|none\n|upkeep\n|\n|t:|1697817913\n|switch|p2a: Dolphin|Palafin-Hero, F, shiny|100\/100\n|-activate|p2a: Dolphin|ability: Zero to Hero\n|turn|14\n|inactive|zkidnamedzay has 120 seconds left.\n|\n|t:|1697817943\n|move|p1a: Clefairy|Follow Me|p1a: Clefairy\n|-singleturn|p1a: Clefairy|move: Follow Me\n|move|p2b: Alolan Ninetales|Blizzard|p1b: Lurantis|[spread] p1a\n|-miss|p2b: Alolan Ninetales|p1b: Lurantis\n|-damage|p1a: Clefairy|56\/100\n|move|p2a: Dolphin|Bulk Up|p2a: Dolphin\n|-boost|p2a: Dolphin|atk|1\n|-boost|p2a: Dolphin|def|1\n|move|p1b: Lurantis|Leaf Storm|p2a: Dolphin\n|-supereffective|p2a: Dolphin\n|-damage|p2a: Dolphin|0 fnt\n|-boost|p1b: Lurantis|spa|2\n|faint|p2a: Dolphin\n|\n|-end|p2b: Alolan Ninetales|move: Taunt\n|upkeep\n|inactive|zkidnamedzay has 120 seconds left.\n|\n|t:|1697817949\n|switch|p2a: Flutter Mane|Flutter Mane, shiny|100\/100\n|turn|15\n|\n|t:|1697817964\n|move|p2a: Flutter Mane|Thunder Wave|p1b: Lurantis|[miss]\n|-miss|p2a: Flutter Mane|p1b: Lurantis\n|move|p2b: Alolan Ninetales|Blizzard|p1a: Clefairy|[spread] p1a\n|-miss|p2b: Alolan Ninetales|p1b: Lurantis\n|-damage|p1a: Clefairy|37\/100\n|move|p1b: Lurantis|Leaf Storm|p2a: Flutter Mane\n|-crit|p2a: Flutter Mane\n|-damage|p2a: Flutter Mane|0 fnt\n|faint|p2a: Flutter Mane\n|-end|p2a: Flutter Mane|Protosynthesis|[silent]\n|move|p1a: Clefairy|Life Dew||[still]|[spread] p1a,p1b\n|-heal|p1a: Clefairy|62\/100\n|-fail|p1b: Lurantis|heal\n|\n|upkeep\n|\n|t:|1697817968\n|switch|p2a: Bird|Iron Bundle|100\/100\n|turn|16\n|\n|t:|1697817986\n|move|p1a: Clefairy|Helping Hand|p1b: Lurantis\n|-singleturn|p1b: Lurantis|Helping Hand|[of] p1a: Clefairy\n|move|p2a: Bird|Drill Peck|p1a: Clefairy\n|-damage|p1a: Clefairy|45\/100\n|move|p2b: Alolan Ninetales|Dazzling Gleam|p1a: Clefairy|[spread] p1a,p1b\n|-resisted|p1b: Lurantis\n|-crit|p1b: Lurantis\n|-damage|p1a: Clefairy|31\/100\n|-damage|p1b: Lurantis|90\/100\n|move|p1b: Lurantis|Superpower|p2a: Bird\n|-supereffective|p2a: Bird\n|-damage|p2a: Bird|0 fnt\n|-boost|p1b: Lurantis|atk|1\n|-boost|p1b: Lurantis|def|1\n|faint|p2a: Bird\n|-end|p2a: Bird|Quark Drive|[silent]\n|\n|-heal|p1b: Lurantis|96\/100|[from] item: Leftovers\n|upkeep\n|turn|17\n|c|\u2606zkidnamedzay|this shit is so boring bruh\n|\n|t:|1697818004\n|move|p1a: Clefairy|Helping Hand|p1b: Lurantis\n|-singleturn|p1b: Lurantis|Helping Hand|[of] p1a: Clefairy\n|move|p2b: Alolan Ninetales|Dazzling Gleam|p1b: Lurantis|[spread] p1a,p1b\n|-crit|p1a: Clefairy\n|-resisted|p1b: Lurantis\n|-damage|p1a: Clefairy|7\/100\n|-damage|p1b: Lurantis|94\/100\n|move|p1b: Lurantis|Superpower|p2b: Alolan Ninetales\n|-damage|p2b: Alolan Ninetales|0 fnt\n|faint|p2b: Alolan Ninetales\n|\n|win|SXD2002\n|raw|SXD2002's rating: 1006 &rarr; <strong>1045<\/strong><br \/>(+39 for winning)\n|raw|zkidnamedzay's rating: 1004 &rarr; <strong>1000<\/strong><br \/>(-4 for losing)\n|c|\u2606SXD2002|gg\n|c|\u2606zkidnamedzay|horrible game\n|c|\u2606zkidnamedzay|tbh\n|l|\u2606zkidnamedzay\n","uploadtime":1697818020,"views":12,"p1id":"sxd2002","p2id":"zkidnamedzay","formatid":"gen9doublesou","rating":1000,"private":0,"password":""}