{"id":"gen9doublesou-1967863247","p1":"wingwingy55","p2":"ProfFYew","format":"[Gen 9] Doubles OU","log":"|html|<div class=\"broadcast-blue\"><strong>[Gen 9] Doubles OU is currently suspecting Basculegion & Flutter Mane! For information on how to participate check out the <a href=\"https:\/\/www.smogon.com\/forums\/threads\/np-sv-dou-stage-8-double-trouble.3729153\/\">suspect thread<\/a>.<\/strong><\/div>\n|j|\u2606wingwingy55\n|j|\u2606ProfFYew\n|t:|1697348579\n|gametype|doubles\n|player|p1|wingwingy55|preschooler|1127\n|player|p2|ProfFYew|wulfric|1118\n|teamsize|p1|6\n|teamsize|p2|6\n|gen|9\n|tier|[Gen 9] Doubles OU\n|rated|\n|rule|Species Clause: Limit one of each Pok\u00e9mon\n|rule|OHKO Clause: OHKO moves are banned\n|rule|Evasion Moves Clause: Evasion moves are banned\n|rule|Gravity Sleep Clause: The combination of sleep-inducing moves with imperfect accuracy and Gravity or Gigantamax Orbeetle are banned\n|rule|Endless Battle Clause: Forcing endless battles is banned\n|rule|HP Percentage Mod: HP is shown in percentages\n|clearpoke\n|poke|p1|Dragapult, M|\n|poke|p1|Chi-Yu|\n|poke|p1|Ogerpon, F|\n|poke|p1|Dipplin, M|\n|poke|p1|Sinistcha-Masterpiece|\n|poke|p1|Iron Hands|\n|poke|p2|Fezandipiti, M|\n|poke|p2|Slowbro, F|\n|poke|p2|Grimmsnarl, M|\n|poke|p2|Chien-Pao|\n|poke|p2|Avalugg, F|\n|poke|p2|Flutter Mane|\n|teampreview\n|\n|t:|1697348599\n|start\n|switch|p1a: Iron Hands|Iron Hands|100\/100\n|switch|p1b: Dipplin|Dipplin, M|100\/100\n|switch|p2a: Fezandipiti|Fezandipiti, M|100\/100\n|switch|p2b: Grimmsnarl|Grimmsnarl, M|100\/100\n|-ability|p1b: Dipplin|Supersweet Syrup\n|-ability|p1b: Dipplin|Supersweet Syrup|boost\n|-unboost|p2a: Fezandipiti|evasion|1\n|-unboost|p2b: Grimmsnarl|evasion|1\n|turn|1\n|\n|t:|1697348615\n|move|p2b: Grimmsnarl|Reflect|p2b: Grimmsnarl\n|-sidestart|p2: ProfFYew|Reflect\n|move|p2a: Fezandipiti|Dazzling Gleam|p1a: Iron Hands|[spread] p1a,p1b\n|-supereffective|p1a: Iron Hands\n|-supereffective|p1b: Dipplin\n|-damage|p1a: Iron Hands|81\/100\n|-damage|p1b: Dipplin|79\/100\n|move|p1a: Iron Hands|Heavy Slam|p2a: Fezandipiti\n|-supereffective|p2a: Fezandipiti\n|-damage|p2a: Fezandipiti|31\/100\n|move|p1b: Dipplin|Pollen Puff|p2b: Grimmsnarl\n|-damage|p2b: Grimmsnarl|78\/100\n|\n|upkeep\n|turn|2\n|\n|t:|1697348638\n|move|p2a: Fezandipiti|Dazzling Gleam|p1b: Dipplin|[spread] p1a,p1b\n|-supereffective|p1a: Iron Hands\n|-supereffective|p1b: Dipplin\n|-damage|p1a: Iron Hands|62\/100\n|-damage|p1b: Dipplin|56\/100\n|-status|p1a: Iron Hands|tox|[from] ability: Toxic Chain|[of] p2a: Fezandipiti\n|move|p2b: Grimmsnarl|Spirit Break|p1b: Dipplin\n|-supereffective|p1b: Dipplin\n|-damage|p1b: Dipplin|14\/100\n|-unboost|p1b: Dipplin|spa|1\n|move|p1a: Iron Hands|Heavy Slam|p2b: Grimmsnarl\n|-supereffective|p2b: Grimmsnarl\n|-crit|p2b: Grimmsnarl\n|-damage|p2b: Grimmsnarl|0 fnt\n|faint|p2b: Grimmsnarl\n|move|p1b: Dipplin|Pollen Puff|p2a: Fezandipiti\n|-resisted|p2a: Fezandipiti\n|-damage|p2a: Fezandipiti|28\/100\n|\n|-damage|p1a: Iron Hands|56\/100 tox|[from] psn\n|upkeep\n|\n|t:|1697348650\n|switch|p2b: Slowbro|Slowbro, F|100\/100\n|turn|3\n|\n|t:|1697348666\n|move|p2a: Fezandipiti|Dazzling Gleam|p1b: Dipplin|[spread] p1a,p1b\n|-supereffective|p1a: Iron Hands\n|-supereffective|p1b: Dipplin\n|-damage|p1a: Iron Hands|35\/100 tox\n|-damage|p1b: Dipplin|0 fnt\n|faint|p1b: Dipplin\n|move|p1a: Iron Hands|Heavy Slam|p2a: Fezandipiti\n|-supereffective|p2a: Fezandipiti\n|-damage|p2a: Fezandipiti|0 fnt\n|faint|p2a: Fezandipiti\n|move|p2b: Slowbro|Heal Pulse|p2: Fezandipiti|[notarget]\n|-fail|p2b: Slowbro\n|\n|-damage|p1a: Iron Hands|22\/100 tox|[from] psn\n|upkeep\n|\n|t:|1697348677\n|switch|p2a: Avalugg|Avalugg, F|100\/100\n|switch|p1b: Sinistcha|Sinistcha-Masterpiece|100\/100\n|-heal|p1a: Iron Hands|47\/100 tox|[from] ability: Hospitality|[of] p1b: Sinistcha\n|turn|4\n|\n|t:|1697348690\n|move|p1b: Sinistcha|Matcha Gotcha|p2b: Slowbro|[spread] p2b\n|-miss|p1b: Sinistcha|p2a: Avalugg\n|-supereffective|p2b: Slowbro\n|-damage|p2b: Slowbro|65\/100\n|move|p1a: Iron Hands|Drain Punch|p2a: Avalugg\n|-supereffective|p2a: Avalugg\n|-damage|p2a: Avalugg|80\/100\n|-heal|p1a: Iron Hands|55\/100 tox|[from] drain|[of] p2a: Avalugg\n|move|p2b: Slowbro|Icy Wind|p1b: Sinistcha|[spread] p1a,p1b\n|-supereffective|p1b: Sinistcha\n|-crit|p1b: Sinistcha\n|-damage|p1a: Iron Hands|51\/100 tox\n|-damage|p1b: Sinistcha|76\/100\n|-unboost|p1a: Iron Hands|spe|1\n|-unboost|p1b: Sinistcha|spe|1\n|move|p2a: Avalugg|Avalanche|p1b: Sinistcha\n|-supereffective|p1b: Sinistcha\n|-damage|p1b: Sinistcha|36\/100\n|-damage|p2a: Avalugg|64\/100|[from] item: Rocky Helmet|[of] p1b: Sinistcha\n|\n|-heal|p2b: Slowbro|71\/100|[from] item: Leftovers\n|-damage|p1a: Iron Hands|32\/100 tox|[from] psn\n|upkeep\n|turn|5\n|\n|t:|1697348726\n|move|p1b: Sinistcha|Matcha Gotcha|p2b: Slowbro|[spread] p2a\n|-miss|p1b: Sinistcha|p2b: Slowbro\n|-damage|p2a: Avalugg|21\/100\n|-heal|p1b: Sinistcha|61\/100|[from] drain|[of] p2a: Avalugg\n|-enditem|p2a: Avalugg|Sitrus Berry|[eat]\n|-heal|p2a: Avalugg|46\/100|[from] item: Sitrus Berry\n|move|p2b: Slowbro|Icy Wind|p1a: Iron Hands|[spread] p1a,p1b\n|-supereffective|p1b: Sinistcha\n|-damage|p1a: Iron Hands|28\/100 tox\n|-damage|p1b: Sinistcha|44\/100\n|-unboost|p1a: Iron Hands|spe|1\n|-unboost|p1b: Sinistcha|spe|1\n|move|p2a: Avalugg|Body Press|p1a: Iron Hands\n|-damage|p1a: Iron Hands|2\/100 tox\n|move|p1a: Iron Hands|Drain Punch|p2a: Avalugg\n|-supereffective|p2a: Avalugg\n|-damage|p2a: Avalugg|25\/100\n|-heal|p1a: Iron Hands|11\/100 tox|[from] drain|[of] p2a: Avalugg\n|\n|-heal|p2b: Slowbro|77\/100|[from] item: Leftovers\n|-damage|p1a: Iron Hands|0 fnt|[from] psn\n|faint|p1a: Iron Hands\n|-end|p1a: Iron Hands|Quark Drive|[silent]\n|upkeep\n|\n|t:|1697348755\n|switch|p1a: Chi-Yu|Chi-Yu|100\/100\n|-ability|p1a: Chi-Yu|Beads of Ruin\n|turn|6\n|\n|t:|1697348764\n|switch|p1b: Ogerpon|Ogerpon, F|100\/100\n|-terastallize|p1a: Chi-Yu|Water\n|move|p1a: Chi-Yu|Dark Pulse|p2b: Slowbro\n|-supereffective|p2b: Slowbro\n|-damage|p2b: Slowbro|0 fnt\n|faint|p2b: Slowbro\n|move|p2a: Avalugg|Body Press|p1a: Chi-Yu\n|-damage|p1a: Chi-Yu|37\/100\n|\n|upkeep\n|\n|t:|1697348784\n|switch|p2b: Flutter Mane|Flutter Mane|100\/100\n|-enditem|p2b: Flutter Mane|Booster Energy\n|-activate|p2b: Flutter Mane|ability: Protosynthesis|[fromitem]\n|-start|p2b: Flutter Mane|protosynthesisspe\n|turn|7\n|\n|t:|1697348791\n|move|p2b: Flutter Mane|Dazzling Gleam|p1a: Chi-Yu|[spread] p1a,p1b\n|-damage|p1a: Chi-Yu|3\/100\n|-damage|p1b: Ogerpon|56\/100\n|move|p1a: Chi-Yu|Dark Pulse|p2b: Flutter Mane\n|-damage|p2b: Flutter Mane|10\/100\n|move|p1b: Ogerpon|Ivy Cudgel|p2b: Flutter Mane\n|-damage|p2b: Flutter Mane|0 fnt\n|faint|p2b: Flutter Mane\n|-end|p2b: Flutter Mane|Protosynthesis|[silent]\n|move|p2a: Avalugg|Recover|p2a: Avalugg\n|-heal|p2a: Avalugg|75\/100\n|\n|-heal|p1b: Ogerpon|62\/100|[from] item: Leftovers\n|upkeep\n|\n|t:|1697348795\n|switch|p2b: Chien-Pao|Chien-Pao|100\/100\n|-ability|p2b: Chien-Pao|Sword of Ruin\n|turn|8\n|\n|t:|1697348811\n|move|p2b: Chien-Pao|Crunch|p1a: Chi-Yu\n|-damage|p1a: Chi-Yu|0 fnt\n|faint|p1a: Chi-Yu\n|move|p1b: Ogerpon|Ivy Cudgel|p2b: Chien-Pao\n|-crit|p2b: Chien-Pao\n|-damage|p2b: Chien-Pao|0 fnt\n|faint|p2b: Chien-Pao\n|move|p2a: Avalugg|Avalanche|p1b: Ogerpon\n|-supereffective|p1b: Ogerpon\n|-damage|p1b: Ogerpon|2\/100\n|\n|-heal|p1b: Ogerpon|8\/100|[from] item: Leftovers\n|-sideend|p2: ProfFYew|Reflect\n|upkeep\n|\n|t:|1697348815\n|switch|p1a: Sinistcha|Sinistcha-Masterpiece|44\/100\n|-heal|p1b: Ogerpon|33\/100|[from] ability: Hospitality|[of] p1a: Sinistcha\n|turn|9\n|\n|t:|1697348822\n|move|p1b: Ogerpon|Ivy Cudgel|p2a: Avalugg\n|-damage|p2a: Avalugg|55\/100\n|move|p1a: Sinistcha|Matcha Gotcha|p2a: Avalugg\n|-damage|p2a: Avalugg|4\/100\n|-heal|p1a: Sinistcha|74\/100|[from] drain|[of] p2a: Avalugg\n|move|p2a: Avalugg|Icicle Crash|p1a: Sinistcha\n|-supereffective|p1a: Sinistcha\n|-damage|p1a: Sinistcha|12\/100\n|\n|-heal|p1b: Ogerpon|39\/100|[from] item: Leftovers\n|upkeep\n|turn|10\n|\n|t:|1697348837\n|move|p1b: Ogerpon|Spiky Shield|p1b: Ogerpon\n|-singleturn|p1b: Ogerpon|move: Protect\n|move|p1a: Sinistcha|Strength Sap|p2a: Avalugg\n|-unboost|p2a: Avalugg|atk|1\n|-heal|p1a: Sinistcha|91\/100\n|move|p2a: Avalugg|Recover|p2a: Avalugg\n|-heal|p2a: Avalugg|54\/100\n|\n|-heal|p1b: Ogerpon|45\/100|[from] item: Leftovers\n|upkeep\n|turn|11\n|\n|t:|1697348849\n|move|p1b: Ogerpon|Ivy Cudgel|p2a: Avalugg\n|-crit|p2a: Avalugg\n|-damage|p2a: Avalugg|22\/100\n|move|p1a: Sinistcha|Matcha Gotcha|p2a: Avalugg\n|-damage|p2a: Avalugg|0 fnt\n|-heal|p1a: Sinistcha|100\/100|[from] drain|[of] p2a: Avalugg\n|faint|p2a: Avalugg\n|\n|win|wingwingy55\n|raw|wingwingy55's rating: 1127 &rarr; <strong>1151<\/strong><br \/>(+24 for winning)\n|raw|ProfFYew's rating: 1118 &rarr; <strong>1094<\/strong><br \/>(-24 for losing)\n|l|\u2606ProfFYew\n","uploadtime":1697348856,"views":22,"p1id":"wingwingy55","p2id":"proffyew","formatid":"gen9doublesou","rating":1094,"private":0,"password":""}