{"id":"gen9doublesou-1968270547","p1":"Luzork","p2":"squallo","format":"[Gen 9] Doubles OU","log":"|html|<div class=\"broadcast-blue\"><strong>[Gen 9] Doubles OU is currently suspecting Basculegion & Flutter Mane! For information on how to participate check out the <a href=\"https:\/\/www.smogon.com\/forums\/threads\/np-sv-dou-stage-8-double-trouble.3729153\/\">suspect thread<\/a>.<\/strong><\/div>\n|j|\u2606Luzork\n|j|\u2606squallo\n|t:|1697400926\n|gametype|doubles\n|player|p1|Luzork|cynthia-gen4|\n|player|p2|squallo|bugcatcher-gen4dp|\n|teamsize|p1|6\n|teamsize|p2|6\n|gen|9\n|tier|[Gen 9] Doubles OU\n|rule|Species Clause: Limit one of each Pok\u00e9mon\n|rule|OHKO Clause: OHKO moves are banned\n|rule|Evasion Moves Clause: Evasion moves are banned\n|rule|Gravity Sleep Clause: The combination of sleep-inducing moves with imperfect accuracy and Gravity or Gigantamax Orbeetle are banned\n|rule|Endless Battle Clause: Forcing endless battles is banned\n|rule|HP Percentage Mod: HP is shown in percentages\n|clearpoke\n|poke|p1|Mightyena, M|\n|poke|p1|Gallade, M|\n|poke|p1|Politoed, F|\n|poke|p1|Vikavolt, M|\n|poke|p1|Ribombee, F|\n|poke|p1|Quagsire, F|\n|poke|p2|Sudowoodo, M|\n|poke|p2|Sableye, M|\n|poke|p2|Milotic, F|\n|poke|p2|Talonflame, M|\n|poke|p2|Garchomp, M|\n|poke|p2|Espeon, F|\n|teampreview\n|\n|t:|1697400941\n|start\n|switch|p1a: Beedra|Ribombee, F, shiny|100\/100\n|switch|p1b: Quag|Quagsire, F, shiny|100\/100\n|switch|p2a: Sudowoodo|Sudowoodo, M|100\/100\n|switch|p2b: Milotic|Milotic, F, shiny|100\/100\n|turn|1\n|\n|t:|1697400961\n|move|p1a: Beedra|Sticky Web|p2b: Milotic\n|-sidestart|p2: squallo|move: Sticky Web\n|move|p2b: Milotic|Icy Wind|p1b: Quag|[spread] p1a,p1b\n|-damage|p1a: Beedra|87\/100\n|-damage|p1b: Quag|89\/100\n|-unboost|p1a: Beedra|spe|1\n|-unboost|p1b: Quag|spe|1\n|move|p2a: Sudowoodo|Wood Hammer|p1b: Quag\n|-supereffective|p1b: Quag\n|-damage|p1b: Quag|0 fnt\n|-damage|p2a: Sudowoodo|84\/100|[from] item: Rocky Helmet|[of] p1b: Quag\n|faint|p1b: Quag\n|\n|upkeep\n|\n|t:|1697400980\n|switch|p1b: Vika|Vikavolt, M, shiny|100\/100\n|turn|2\n|\n|t:|1697400989\n|-terastallize|p2b: Milotic|Dragon\n|move|p1a: Beedra|Pollen Puff|p2b: Milotic\n|-damage|p2b: Milotic|80\/100\n|move|p2b: Milotic|Icy Wind|p1a: Beedra|[spread] p1a,p1b\n|-damage|p1a: Beedra|74\/100\n|-damage|p1b: Vika|90\/100\n|-unboost|p1a: Beedra|spe|1\n|-unboost|p1b: Vika|spe|1\n|move|p2a: Sudowoodo|Head Smash|p1b: Vika|[miss]\n|-miss|p2a: Sudowoodo|p1b: Vika\n|move|p1b: Vika|Thunderbolt|p2b: Milotic\n|-resisted|p2b: Milotic\n|-damage|p2b: Milotic|61\/100\n|-status|p2b: Milotic|par\n|\n|-heal|p2b: Milotic|67\/100 par|[from] item: Leftovers\n|upkeep\n|turn|3\n|\n|t:|1697401014\n|move|p1a: Beedra|Calm Mind|p1a: Beedra\n|-boost|p1a: Beedra|spa|1\n|-boost|p1a: Beedra|spd|1\n|move|p2b: Milotic|Icy Wind|p1b: Vika|[spread] p1a,p1b\n|-damage|p1a: Beedra|65\/100\n|-damage|p1b: Vika|78\/100\n|-unboost|p1a: Beedra|spe|1\n|-unboost|p1b: Vika|spe|1\n|move|p2a: Sudowoodo|Head Smash|p1b: Vika\n|-supereffective|p1b: Vika\n|-damage|p1b: Vika|0 fnt\n|faint|p1b: Vika\n|\n|-heal|p2b: Milotic|73\/100 par|[from] item: Leftovers\n|upkeep\n|\n|t:|1697401035\n|switch|p1b: PM7|Politoed, F, shiny|100\/100\n|-weather|RainDance|[from] ability: Drizzle|[of] p1b: PM7\n|turn|4\n|\n|t:|1697401045\n|move|p1b: PM7|Weather Ball|p2a: Sudowoodo\n|-supereffective|p2a: Sudowoodo\n|-damage|p2a: Sudowoodo|0 fnt\n|faint|p2a: Sudowoodo\n|move|p1a: Beedra|Calm Mind|p1a: Beedra\n|-boost|p1a: Beedra|spa|1\n|-boost|p1a: Beedra|spd|1\n|move|p2b: Milotic|Icy Wind|p1a: Beedra|[spread] p1a,p1b\n|-resisted|p1b: PM7\n|-damage|p1a: Beedra|58\/100\n|-damage|p1b: PM7|96\/100\n|-unboost|p1a: Beedra|spe|1\n|-unboost|p1b: PM7|spe|1\n|\n|-weather|RainDance|[upkeep]\n|-heal|p2b: Milotic|79\/100 par|[from] item: Leftovers\n|upkeep\n|\n|t:|1697401061\n|switch|p2a: Talonflame|Talonflame, M, shiny|100\/100\n|turn|5\n|\n|t:|1697401074\n|switch|p1b: Archie|Mightyena, M, shiny|100\/100\n|move|p2a: Talonflame|Brave Bird|p1a: Beedra\n|-supereffective|p1a: Beedra\n|-damage|p1a: Beedra|0 fnt\n|faint|p1a: Beedra\n|-damage|p2a: Talonflame|80\/100|[from] Recoil\n|cant|p2b: Milotic|par\n|\n|-weather|RainDance|[upkeep]\n|-heal|p2b: Milotic|85\/100 par|[from] item: Leftovers\n|upkeep\n|\n|t:|1697401090\n|switch|p1a: Gal|Gallade, M, shiny|100\/100\n|turn|6\n|-activate|p1b: Archie|item: Quick Claw\n|\n|t:|1697401103\n|move|p1b: Archie|Ice Fang|p2b: Milotic\n|-supereffective|p2b: Milotic\n|-damage|p2b: Milotic|59\/100 par\n|move|p2a: Talonflame|Brave Bird|p1a: Gal\n|-supereffective|p1a: Gal\n|-damage|p1a: Gal|0 fnt\n|faint|p1a: Gal\n|-damage|p2a: Talonflame|49\/100|[from] Recoil\n|move|p2b: Milotic|Icy Wind|p1b: Archie\n|-damage|p1b: Archie|76\/100\n|-unboost|p1b: Archie|spe|1\n|\n|-weather|RainDance|[upkeep]\n|-heal|p2b: Milotic|65\/100 par|[from] item: Leftovers\n|upkeep\n|\n|t:|1697401121\n|switch|p1a: PM7|Politoed, F, shiny|96\/100\n|turn|7\n|c|\u2606squallo|Easiest victory\n|\n|t:|1697401134\n|move|p2a: Talonflame|Brave Bird|p1a: PM7\n|-damage|p1a: PM7|44\/100\n|-damage|p2a: Talonflame|27\/100|[from] Recoil\n|move|p1a: PM7|Weather Ball|p2a: Talonflame\n|-supereffective|p2a: Talonflame\n|-damage|p2a: Talonflame|0 fnt\n|faint|p2a: Talonflame\n|move|p1b: Archie|Ice Fang|p2b: Milotic\n|-supereffective|p2b: Milotic\n|-crit|p2b: Milotic\n|-damage|p2b: Milotic|26\/100 par\n|move|p2b: Milotic|Icy Wind|p1a: PM7|[spread] p1a,p1b\n|-resisted|p1a: PM7\n|-damage|p1a: PM7|39\/100\n|-damage|p1b: Archie|59\/100\n|-unboost|p1a: PM7|spe|1\n|-unboost|p1b: Archie|spe|1\n|\n|-weather|RainDance|[upkeep]\n|-heal|p2b: Milotic|32\/100 par|[from] item: Leftovers\n|upkeep\n|\n|t:|1697401153\n|switch|p2a: Sableye|Sableye, M, shiny|100\/100\n|-activate|p2a: Sableye|move: Sticky Web\n|-unboost|p2a: Sableye|spe|1\n|turn|8\n|\n|t:|1697401163\n|move|p2a: Sableye|Reflect|p2a: Sableye\n|-sidestart|p2: squallo|Reflect\n|move|p1b: Archie|Ice Fang|p2b: Milotic\n|-supereffective|p2b: Milotic\n|-damage|p2b: Milotic|14\/100 par\n|move|p1a: PM7|Weather Ball|p2a: Sableye\n|-damage|p2a: Sableye|0 fnt\n|faint|p2a: Sableye\n|move|p2b: Milotic|Life Dew|p2b: Milotic\n|-heal|p2b: Milotic|40\/100 par\n|\n|-weather|RainDance|[upkeep]\n|-heal|p2b: Milotic|46\/100 par|[from] item: Leftovers\n|upkeep\n|\n|t:|1697401178\n|switch|p2a: Espeon|Espeon, F|100\/100\n|-activate|p2a: Espeon|move: Sticky Web\n|-unboost|p2a: Espeon|spe|1\n|turn|9\n|\n|t:|1697401191\n|move|p2a: Espeon|Dazzling Gleam|p1b: Archie|[spread] p1a,p1b\n|-supereffective|p1b: Archie\n|-damage|p1a: PM7|21\/100\n|-damage|p1b: Archie|0 fnt\n|faint|p1b: Archie\n|move|p1a: PM7|Ice Beam|p2b: Milotic\n|-supereffective|p2b: Milotic\n|-damage|p2b: Milotic|11\/100 par\n|move|p2b: Milotic|Life Dew||[still]|[spread] p2a,p2b\n|-fail|p2a: Espeon|heal\n|-heal|p2b: Milotic|36\/100 par\n|\n|-weather|RainDance|[upkeep]\n|-heal|p2b: Milotic|42\/100 par|[from] item: Leftovers\n|upkeep\n|turn|10\n|\n|t:|1697401216\n|-terastallize|p1a: PM7|Water\n|move|p2a: Espeon|Dazzling Gleam|p1a: PM7\n|-damage|p1a: PM7|0 fnt\n|faint|p1a: PM7\n|\n|win|squallo\n|l|\u2606Luzork\n","uploadtime":1697401481,"views":12,"p1id":"luzork","p2id":"squallo","formatid":"gen9doublesou","rating":0,"private":0,"password":""}