{"id":"gen9doublesou-1988564091","p1":"abbabareal2","p2":"Mrcroquinette","format":"[Gen 9] Doubles OU","log":"|j|\u2606abbabareal2\n|j|\u2606Mrcroquinette\n|t:|1699736582\n|gametype|doubles\n|player|p1|abbabareal2|169|1318\n|player|p2|Mrcroquinette|1|1318\n|teamsize|p1|6\n|teamsize|p2|6\n|gen|9\n|tier|[Gen 9] Doubles OU\n|rated|\n|rule|Species Clause: Limit one of each Pok\u00e9mon\n|rule|OHKO Clause: OHKO moves are banned\n|rule|Evasion Moves Clause: Evasion moves are banned\n|rule|Gravity Sleep Clause: The combination of sleep-inducing moves with imperfect accuracy and Gravity or Gigantamax Orbeetle are banned\n|rule|Endless Battle Clause: Forcing endless battles is banned\n|rule|HP Percentage Mod: HP is shown in percentages\n|clearpoke\n|poke|p1|Iron Hands|\n|poke|p1|Armarouge, M|\n|poke|p1|Indeedee-F, F|\n|poke|p1|Ursaluna, M|\n|poke|p1|Diancie|\n|poke|p1|Amoonguss, F|\n|poke|p2|Dragapult, M|\n|poke|p2|Gardevoir, M|\n|poke|p2|Farigiraf, F|\n|poke|p2|Indeedee-F, F|\n|poke|p2|Garganacl, M|\n|poke|p2|Diancie|\n|teampreview\n|\n|t:|1699736591\n|start\n|switch|p1a: Indeedee|Indeedee-F, F|100\/100\n|switch|p1b: Armarouge|Armarouge, M|100\/100\n|switch|p2a: Dragapult|Dragapult, M|100\/100\n|switch|p2b: Gardevoir|Gardevoir, M|100\/100\n|-fieldstart|move: Psychic Terrain|[from] ability: Psychic Surge|[of] p2b: Gardevoir\n|-ability|p2b: Gardevoir|Psychic Surge|[from] ability: Trace|[of] p1a: Indeedee\n|turn|1\n|\n|t:|1699736617\n|-terastallize|p2b: Gardevoir|Psychic\n|move|p1b: Armarouge|Protect|p1b: Armarouge\n|-singleturn|p1b: Armarouge|Protect\n|move|p2b: Gardevoir|Psyshock|p1a: Indeedee\n|-resisted|p1a: Indeedee\n|-damage|p1a: Indeedee|67\/100\n|move|p2a: Dragapult|Phantom Force||[still]\n|-prepare|p2a: Dragapult|Phantom Force\n|move|p1a: Indeedee|Trick Room|p1a: Indeedee\n|-fieldstart|move: Trick Room|[of] p1a: Indeedee\n|\n|upkeep\n|turn|2\n|\n|t:|1699736649\n|switch|p2b: Indeedee|Indeedee-F, F|100\/100\n|move|p1a: Indeedee|Follow Me|p1a: Indeedee\n|-singleturn|p1a: Indeedee|move: Follow Me\n|move|p1b: Armarouge|Expanding Force|p2a: Dragapult|[spread] p2b\n|-miss|p1b: Armarouge|p2a: Dragapult\n|-resisted|p2b: Indeedee\n|-damage|p2b: Indeedee|73\/100\n|-damage|p1b: Armarouge|91\/100|[from] item: Life Orb\n|move|p2a: Dragapult|Phantom Force|p1a: Indeedee|[from]lockedmove\n|-immune|p1a: Indeedee\n|\n|upkeep\n|turn|3\n|\n|t:|1699736696\n|switch|p2a: Diancie|Diancie|100\/100\n|move|p1a: Indeedee|Helping Hand|p1b: Armarouge\n|-singleturn|p1b: Armarouge|Helping Hand|[of] p1a: Indeedee\n|move|p1b: Armarouge|Expanding Force|p2b: Indeedee|[spread] p2a,p2b\n|-resisted|p2b: Indeedee\n|-damage|p2a: Diancie|35\/100\n|-damage|p2b: Indeedee|28\/100\n|-damage|p1b: Armarouge|81\/100|[from] item: Life Orb\n|move|p2b: Indeedee|Psychic|p1a: Indeedee\n|-resisted|p1a: Indeedee\n|-damage|p1a: Indeedee|47\/100\n|\n|upkeep\n|turn|4\n|\n|t:|1699736733\n|move|p1a: Indeedee|Helping Hand|p1b: Armarouge\n|-singleturn|p1b: Armarouge|Helping Hand|[of] p1a: Indeedee\n|move|p2a: Diancie|Diamond Storm|p1b: Armarouge|[spread] p1a,p1b\n|-supereffective|p1b: Armarouge\n|-damage|p1a: Indeedee|21\/100\n|-damage|p1b: Armarouge|37\/100\n|move|p1b: Armarouge|Expanding Force|p2b: Indeedee|[spread] p2a,p2b\n|-resisted|p2b: Indeedee\n|-damage|p2a: Diancie|0 fnt\n|-damage|p2b: Indeedee|0 fnt\n|faint|p2a: Diancie\n|faint|p2b: Indeedee\n|-damage|p1b: Armarouge|28\/100|[from] item: Life Orb\n|\n|upkeep\n|\n|t:|1699736748\n|switch|p2a: Farigiraf|Farigiraf, F|100\/100\n|switch|p2b: Garganacl|Garganacl, M|100\/100\n|turn|5\n|\n|t:|1699736765\n|move|p1a: Indeedee|Helping Hand|p1b: Armarouge\n|-singleturn|p1b: Armarouge|Helping Hand|[of] p1a: Indeedee\n|move|p2b: Garganacl|Body Press|p1a: Indeedee\n|-damage|p1a: Indeedee|0 fnt\n|faint|p1a: Indeedee\n|move|p1b: Armarouge|Expanding Force|p2b: Garganacl|[spread] p2a,p2b\n|-resisted|p2a: Farigiraf\n|-damage|p2a: Farigiraf|40\/100\n|-damage|p2b: Garganacl|0 fnt\n|faint|p2b: Garganacl\n|-damage|p1b: Armarouge|18\/100|[from] item: Life Orb\n|move|p2a: Farigiraf|Calm Mind|p2a: Farigiraf\n|-boost|p2a: Farigiraf|spa|1\n|-boost|p2a: Farigiraf|spd|1\n|\n|-heal|p2a: Farigiraf|46\/100|[from] item: Leftovers\n|-fieldend|move: Trick Room\n|-fieldend|move: Psychic Terrain\n|upkeep\n|\n|t:|1699736787\n|switch|p1a: Diancie|Diancie|100\/100\n|switch|p2b: Dragapult|Dragapult, M|100\/100\n|turn|6\n|\n|t:|1699736802\n|move|p2b: Dragapult|Phantom Force||[still]\n|-prepare|p2b: Dragapult|Phantom Force\n|move|p2a: Farigiraf|Psychic|p1a: Diancie\n|-damage|p1a: Diancie|52\/100\n|move|p1a: Diancie|Diamond Storm|p2b: Dragapult|[spread] p2a\n|-miss|p1a: Diancie|p2b: Dragapult\n|-damage|p2a: Farigiraf|14\/100\n|-boost|p1a: Diancie|def|2\n|move|p1b: Armarouge|Trick Room|p1b: Armarouge\n|-fieldstart|move: Trick Room|[of] p1b: Armarouge\n|\n|-heal|p2a: Farigiraf|20\/100|[from] item: Leftovers\n|upkeep\n|turn|7\n|\n|t:|1699736822\n|move|p1a: Diancie|Protect|p1a: Diancie\n|-singleturn|p1a: Diancie|Protect\n|move|p1b: Armarouge|Protect|p1b: Armarouge\n|-singleturn|p1b: Armarouge|Protect\n|move|p2a: Farigiraf|Psychic|p1a: Diancie\n|-activate|p1a: Diancie|move: Protect\n|move|p2b: Dragapult|Phantom Force|p1b: Armarouge|[from]lockedmove\n|-activate|p1b: Armarouge|move: Phantom Force|[broken]\n|-supereffective|p1b: Armarouge\n|-damage|p1b: Armarouge|0 fnt\n|faint|p1b: Armarouge\n|\n|-heal|p2a: Farigiraf|26\/100|[from] item: Leftovers\n|upkeep\n|\n|t:|1699736841\n|switch|p1b: Ursaluna|Ursaluna, M|100\/100\n|turn|8\n|\n|t:|1699736856\n|move|p1b: Ursaluna|Headlong Rush|p2b: Dragapult\n|-damage|p2b: Dragapult|6\/100\n|-unboost|p1b: Ursaluna|def|1\n|-unboost|p1b: Ursaluna|spd|1\n|move|p1a: Diancie|Diamond Storm|p2b: Dragapult|[spread] p2a,p2b\n|-damage|p2a: Farigiraf|0 fnt\n|-damage|p2b: Dragapult|0 fnt\n|faint|p2a: Farigiraf\n|faint|p2b: Dragapult\n|\n|-status|p1b: Ursaluna|brn|[from] item: Flame Orb\n|upkeep\n|\n|t:|1699736871\n|switch|p2a: Gardevoir|Gardevoir, M, tera:Psychic|100\/100\n|-ability|p2a: Gardevoir|Guts|[from] ability: Trace|[of] p1b: Ursaluna\n|turn|9\n|\n|t:|1699736882\n|move|p1b: Ursaluna|Headlong Rush|p2a: Gardevoir\n|-damage|p2a: Gardevoir|0 fnt\n|-unboost|p1b: Ursaluna|def|1\n|-unboost|p1b: Ursaluna|spd|1\n|faint|p2a: Gardevoir\n|\n|win|abbabareal2\n|raw|abbabareal2's rating: 1318 &rarr; <strong>1338<\/strong><br \/>(+20 for winning)\n|raw|Mrcroquinette's rating: 1318 &rarr; <strong>1298<\/strong><br \/>(-20 for losing)\n|l|\u2606Mrcroquinette\n","uploadtime":1699736910,"views":5,"p1id":"abbabareal2","p2id":"mrcroquinette","formatid":"gen9doublesou","rating":1298,"private":0,"password":""}