{"id":"gen9doublesou-1981784345","p1":"hlghfmlghkfm","p2":"Davontekh","format":"[Gen 9] Doubles OU","log":"|j|\u2606hlghfmlghkfm\n|j|\u2606Davontekh\n|t:|1698941380\n|gametype|doubles\n|player|p1|hlghfmlghkfm|170|1070\n|player|p2|Davontekh|2|1012\n|teamsize|p1|6\n|teamsize|p2|6\n|gen|9\n|tier|[Gen 9] Doubles OU\n|rated|\n|rule|Species Clause: Limit one of each Pok\u00e9mon\n|rule|OHKO Clause: OHKO moves are banned\n|rule|Evasion Moves Clause: Evasion moves are banned\n|rule|Gravity Sleep Clause: The combination of sleep-inducing moves with imperfect accuracy and Gravity or Gigantamax Orbeetle are banned\n|rule|Endless Battle Clause: Forcing endless battles is banned\n|rule|HP Percentage Mod: HP is shown in percentages\n|clearpoke\n|poke|p1|Torkoal, M|\n|poke|p1|Gallade, M|\n|poke|p1|Espeon, F|\n|poke|p1|Walking Wake|\n|poke|p1|Gliscor, M|\n|poke|p1|Mamoswine, F|\n|poke|p2|Goodra, F|\n|poke|p2|Pelipper, F|\n|poke|p2|Gastrodon, F|\n|poke|p2|Ogerpon-Wellspring, F|\n|poke|p2|Rillaboom, M|\n|poke|p2|Ampharos, M|\n|teampreview\n|\n|t:|1698941399\n|start\n|switch|p1a: Torkoal|Torkoal, M|100\/100\n|switch|p1b: Gallade|Gallade, M|100\/100\n|switch|p2a: Pelipper|Pelipper, F|100\/100\n|switch|p2b: Rillaboom|Rillaboom, M|100\/100\n|-fieldstart|move: Grassy Terrain|[from] ability: Grassy Surge|[of] p2b: Rillaboom\n|-enditem|p2b: Rillaboom|Grassy Seed\n|-boost|p2b: Rillaboom|def|1|[from] item: Grassy Seed\n|-weather|RainDance|[from] ability: Drizzle|[of] p2a: Pelipper\n|-weather|SunnyDay|[from] ability: Drought|[of] p1a: Torkoal\n|turn|1\n|\n|t:|1698941433\n|switch|p2b: Goodra|Goodra, F|100\/100\n|switch|p1a: Espeon|Espeon, F|100\/100\n|move|p1b: Gallade|Solar Blade||[still]\n|-prepare|p1b: Gallade|Solar Blade\n|-anim|p1b: Gallade|Solar Blade|p2a: Pelipper\n|-damage|p2a: Pelipper|23\/100\n|move|p2a: Pelipper|Chilling Water|p1a: Espeon\n|-damage|p1a: Espeon|91\/100\n|-unboost|p1a: Espeon|atk|1\n|\n|-weather|SunnyDay|[upkeep]\n|-heal|p1a: Espeon|96\/100|[from] Grassy Terrain\n|upkeep\n|turn|2\n|\n|t:|1698941466\n|switch|p1b: Gliscor|Gliscor, M|100\/100\n|switch|p2a: Ogerpon|Ogerpon-Wellspring, F|100\/100\n|move|p1a: Espeon|Dazzling Gleam|p2a: Ogerpon|[spread] p2a,p2b\n|-supereffective|p2b: Goodra\n|-damage|p2a: Ogerpon|63\/100\n|-damage|p2b: Goodra|61\/100\n|move|p2b: Goodra|Rain Dance|p2b: Goodra\n|-weather|RainDance\n|\n|-weather|RainDance|[upkeep]\n|-heal|p2a: Ogerpon|69\/100|[from] Grassy Terrain\n|-heal|p1a: Espeon|100\/100|[from] Grassy Terrain\n|-heal|p2b: Goodra|67\/100|[from] Grassy Terrain\n|-status|p1b: Gliscor|tox|[from] item: Toxic Orb\n|upkeep\n|turn|3\n|\n|t:|1698941492\n|switch|p1a: Torkoal|Torkoal, M|100\/100\n|-weather|SunnyDay|[from] ability: Drought|[of] p1a: Torkoal\n|move|p2a: Ogerpon|Ivy Cudgel|p1b: Gliscor\n|-supereffective|p1b: Gliscor\n|-damage|p1b: Gliscor|57\/100 tox\n|move|p1b: Gliscor|Swords Dance|p1b: Gliscor\n|-boost|p1b: Gliscor|atk|2\n|move|p2b: Goodra|Surf|p1b: Gliscor|[spread] p1a,p1b\n|-heal|p2a: Ogerpon|94\/100|[from] ability: Water Absorb|[of] p2b: Goodra\n|-supereffective|p1a: Torkoal\n|-supereffective|p1b: Gliscor\n|-damage|p1a: Torkoal|77\/100\n|-damage|p1b: Gliscor|36\/100 tox\n|\n|-weather|SunnyDay|[upkeep]\n|-heal|p2a: Ogerpon|99\/100|[from] Grassy Terrain\n|-heal|p2b: Goodra|73\/100|[from] Grassy Terrain\n|-heal|p1a: Torkoal|83\/100|[from] Grassy Terrain\n|-heal|p1b: Gliscor|49\/100 tox|[from] ability: Poison Heal\n|upkeep\n|turn|4\n|\n|t:|1698941527\n|switch|p2b: Pelipper|Pelipper, F|23\/100\n|-weather|RainDance|[from] ability: Drizzle|[of] p2b: Pelipper\n|switch|p1a: Espeon|Espeon, F|100\/100\n|move|p2a: Ogerpon|Ivy Cudgel|p1b: Gliscor\n|-supereffective|p1b: Gliscor\n|-damage|p1b: Gliscor|0 fnt\n|faint|p1b: Gliscor\n|\n|-weather|RainDance|[upkeep]\n|-heal|p2a: Ogerpon|100\/100|[from] Grassy Terrain\n|upkeep\n|\n|t:|1698941543\n|switch|p1b: Torkoal|Torkoal, M|83\/100\n|-weather|SunnyDay|[from] ability: Drought|[of] p1b: Torkoal\n|turn|5\n|\n|t:|1698941564\n|switch|p1b: Walking Wake|Walking Wake|100\/100\n|-activate|p1b: Walking Wake|ability: Protosynthesis\n|-start|p1b: Walking Wake|protosynthesisspa\n|move|p2a: Ogerpon|Horn Leech|p1a: Espeon\n|-damage|p1a: Espeon|0 fnt\n|faint|p1a: Espeon\n|move|p2b: Pelipper|U-turn|p1b: Walking Wake\n|-damage|p1b: Walking Wake|91\/100\n|\n|t:|1698941577\n|switch|p2b: Rillaboom|Rillaboom, M|100\/100|[from] U-turn\n|\n|-weather|SunnyDay|[upkeep]\n|-heal|p1b: Walking Wake|97\/100|[from] Grassy Terrain\n|-fieldend|move: Grassy Terrain\n|upkeep\n|\n|t:|1698941597\n|switch|p1a: Gallade|Gallade, M|100\/100\n|turn|6\n|\n|t:|1698941624\n|switch|p2b: Pelipper|Pelipper, F|23\/100\n|-weather|RainDance|[from] ability: Drizzle|[of] p2b: Pelipper\n|-end|p1b: Walking Wake|Protosynthesis\n|move|p1a: Gallade|Aerial Ace|p2a: Ogerpon\n|-supereffective|p2a: Ogerpon\n|-damage|p2a: Ogerpon|5\/100\n|move|p2a: Ogerpon|Horn Leech|p1b: Walking Wake\n|-damage|p1b: Walking Wake|52\/100\n|-heal|p2a: Ogerpon|31\/100|[from] drain|[of] p1b: Walking Wake\n|move|p1b: Walking Wake|Hydro Steam|p2b: Pelipper\n|-resisted|p2b: Pelipper\n|-damage|p2b: Pelipper|0 fnt\n|faint|p2b: Pelipper\n|-damage|p1b: Walking Wake|42\/100|[from] item: Life Orb\n|\n|-weather|RainDance|[upkeep]\n|upkeep\n|\n|t:|1698941643\n|switch|p2b: Goodra|Goodra, F|73\/100\n|turn|7\n|\n|t:|1698941651\n|move|p1a: Gallade|Aerial Ace|p2a: Ogerpon\n|-supereffective|p2a: Ogerpon\n|-damage|p2a: Ogerpon|0 fnt\n|faint|p2a: Ogerpon\n|move|p1b: Walking Wake|Dragon Pulse|p2b: Goodra\n|-supereffective|p2b: Goodra\n|-damage|p2b: Goodra|3\/100\n|-damage|p1b: Walking Wake|33\/100|[from] item: Life Orb\n|move|p2b: Goodra|Surf|p1b: Walking Wake|[spread] p1a,p1b\n|-resisted|p1b: Walking Wake\n|-damage|p1a: Gallade|66\/100\n|-damage|p1b: Walking Wake|23\/100\n|\n|-weather|RainDance|[upkeep]\n|upkeep\n|inactive|Battle timer is ON: inactive players will automatically lose when time's up. (requested by hlghfmlghkfm)\n|\n|t:|1698941675\n|switch|p2a: Ampharos|Ampharos, M|100\/100\n|turn|8\n|\n|t:|1698941685\n|switch|p1a: Mamoswine|Mamoswine, F|100\/100\n|move|p1b: Walking Wake|Dragon Pulse|p2b: Goodra\n|-supereffective|p2b: Goodra\n|-damage|p2b: Goodra|0 fnt\n|faint|p2b: Goodra\n|-damage|p1b: Walking Wake|13\/100|[from] item: Life Orb\n|move|p2a: Ampharos|Thunder|p1b: Walking Wake\n|-damage|p1b: Walking Wake|0 fnt\n|faint|p1b: Walking Wake\n|-end|p1b: Walking Wake|Protosynthesis|[silent]\n|\n|-weather|RainDance|[upkeep]\n|upkeep\n|\n|t:|1698941700\n|switch|p1b: Torkoal|Torkoal, M|83\/100\n|switch|p2b: Rillaboom|Rillaboom, M|100\/100\n|-fieldstart|move: Grassy Terrain|[from] ability: Grassy Surge|[of] p2b: Rillaboom\n|-weather|SunnyDay|[from] ability: Drought|[of] p1b: Torkoal\n|turn|9\n|\n|t:|1698941717\n|switch|p1b: Gallade|Gallade, M|66\/100\n|move|p2b: Rillaboom|High Horsepower|p1b: Gallade\n|-damage|p1b: Gallade|13\/100\n|move|p1a: Mamoswine|Icicle Crash|p2b: Rillaboom\n|-supereffective|p2b: Rillaboom\n|-damage|p2b: Rillaboom|0 fnt\n|faint|p2b: Rillaboom\n|move|p2a: Ampharos|Light Screen|p2a: Ampharos\n|-sidestart|p2: Davontekh|move: Light Screen\n|\n|-weather|SunnyDay|[upkeep]\n|-heal|p1b: Gallade|19\/100|[from] Grassy Terrain\n|upkeep\n|\n|t:|1698941731\n|switch|p2b: Gastrodon|Gastrodon, F|100\/100\n|turn|10\n|inactive|Davontekh has 120 seconds left.\n|\n|t:|1698941766\n|move|p1b: Gallade|Solar Blade||[still]\n|-prepare|p1b: Gallade|Solar Blade\n|-anim|p1b: Gallade|Solar Blade|p2a: Ampharos\n|-damage|p2a: Ampharos|16\/100\n|move|p1a: Mamoswine|Trailblaze|p2b: Gastrodon\n|-supereffective|p2b: Gastrodon\n|-damage|p2b: Gastrodon|0 fnt\n|-boost|p1a: Mamoswine|spe|1\n|faint|p2b: Gastrodon\n|move|p2a: Ampharos|Ice Punch|p1b: Gallade\n|-damage|p1b: Gallade|0 fnt\n|faint|p1b: Gallade\n|\n|-weather|SunnyDay|[upkeep]\n|-heal|p2a: Ampharos|22\/100|[from] Grassy Terrain\n|upkeep\n|\n|t:|1698941782\n|switch|p1b: Torkoal|Torkoal, M|83\/100\n|turn|11\n|\n|t:|1698941792\n|move|p1a: Mamoswine|High Horsepower|p2a: Ampharos\n|-supereffective|p2a: Ampharos\n|-damage|p2a: Ampharos|0 fnt\n|-status|p1a: Mamoswine|par|[from] ability: Static|[of] p2a: Ampharos\n|faint|p2a: Ampharos\n|\n|win|hlghfmlghkfm\n|raw|hlghfmlghkfm's rating: 1070 &rarr; <strong>1095<\/strong><br \/>(+25 for winning)\n|raw|Davontekh's rating: 1012 &rarr; <strong>1002<\/strong><br \/>(-10 for losing)\n|l|\u2606hlghfmlghkfm\n","uploadtime":1698941825,"views":12,"p1id":"hlghfmlghkfm","p2id":"davontekh","formatid":"gen9doublesou","rating":1002,"private":0,"password":""}