{"id":"gen9doublesou-1979758533","p1":"ReligiousTweezer","p2":"0celot8","format":"[Gen 9] Doubles OU","log":"|j|\u2606ReligiousTweezer\n|j|\u26060celot8\n|t:|1698710217\n|gametype|doubles\n|player|p1|ReligiousTweezer|medium|1061\n|player|p2|0celot8|1|1000\n|teamsize|p1|6\n|teamsize|p2|6\n|gen|9\n|tier|[Gen 9] Doubles OU\n|rated|\n|rule|Species Clause: Limit one of each Pok\u00e9mon\n|rule|OHKO Clause: OHKO moves are banned\n|rule|Evasion Moves Clause: Evasion moves are banned\n|rule|Gravity Sleep Clause: The combination of sleep-inducing moves with imperfect accuracy and Gravity or Gigantamax Orbeetle are banned\n|rule|Endless Battle Clause: Forcing endless battles is banned\n|rule|HP Percentage Mod: HP is shown in percentages\n|clearpoke\n|poke|p1|Umbreon, M|\n|poke|p1|Torterra, M|\n|poke|p1|Vikavolt, F|\n|poke|p1|Infernape, F|\n|poke|p1|Gholdengo|\n|poke|p1|Walking Wake|\n|poke|p2|Iron Hands|\n|poke|p2|Fezandipiti, M|\n|poke|p2|Basculegion-F, F|\n|poke|p2|Flutter Mane|\n|poke|p2|Sinistcha-Masterpiece|\n|poke|p2|Ogerpon, F|\n|teampreview\n|inactive|Battle timer is ON: inactive players will automatically lose when time's up. (requested by ReligiousTweezer)\n|\n|t:|1698710236\n|start\n|switch|p1a: Blue Moon|Umbreon, M, shiny|100\/100\n|switch|p1b: Sierra Mist|Vikavolt, F, shiny|100\/100\n|switch|p2a: Big Man|Iron Hands|100\/100\n|switch|p2b: Funny Birb|Fezandipiti, M|100\/100\n|-enditem|p2a: Big Man|Booster Energy\n|-activate|p2a: Big Man|ability: Quark Drive|[fromitem]\n|-start|p2a: Big Man|quarkdriveatk\n|turn|1\n|\n|t:|1698710263\n|move|p2b: Funny Birb|Tailwind|p2b: Funny Birb\n|-sidestart|p2: 0celot8|move: Tailwind\n|move|p2a: Big Man|Play Rough|p1a: Blue Moon\n|-supereffective|p1a: Blue Moon\n|-damage|p1a: Blue Moon|36\/100\n|move|p1a: Blue Moon|Calm Mind|p1a: Blue Moon\n|-boost|p1a: Blue Moon|spa|1\n|-boost|p1a: Blue Moon|spd|1\n|move|p1b: Sierra Mist|Sticky Web|p2a: Big Man\n|-sidestart|p2: 0celot8|move: Sticky Web\n|\n|upkeep\n|turn|2\n|\n|t:|1698710281\n|move|p1a: Blue Moon|Protect|p1a: Blue Moon\n|-singleturn|p1a: Blue Moon|Protect\n|move|p2b: Funny Birb|Toxic|p1b: Sierra Mist\n|-status|p1b: Sierra Mist|tox\n|move|p2a: Big Man|Play Rough|p1a: Blue Moon\n|-activate|p1a: Blue Moon|move: Protect\n|move|p1b: Sierra Mist|Volt Switch|p2b: Funny Birb\n|-damage|p2b: Funny Birb|78\/100\n|\n|t:|1698710293\n|switch|p1b: Lion Turtle|Torterra, M, shiny|100\/100|[from] Volt Switch\n|\n|-heal|p2b: Funny Birb|84\/100|[from] item: Leftovers\n|upkeep\n|turn|3\n|\n|t:|1698710310\n|-terastallize|p2a: Big Man|Fairy\n|move|p2b: Funny Birb|Toxic|p1b: Lion Turtle\n|-status|p1b: Lion Turtle|tox\n|move|p2a: Big Man|Play Rough|p1a: Blue Moon\n|-supereffective|p1a: Blue Moon\n|-damage|p1a: Blue Moon|0 fnt\n|faint|p1a: Blue Moon\n|move|p1b: Lion Turtle|Headlong Rush|p2b: Funny Birb\n|-supereffective|p2b: Funny Birb\n|-damage|p2b: Funny Birb|0 fnt\n|-unboost|p1b: Lion Turtle|def|1\n|-unboost|p1b: Lion Turtle|spd|1\n|faint|p2b: Funny Birb\n|\n|-damage|p1b: Lion Turtle|94\/100 tox|[from] psn\n|upkeep\n|\n|t:|1698710327\n|switch|p2b: Meta???|Flutter Mane|100\/100\n|switch|p1a: Cinna-Mon|Gholdengo|100\/100\n|-activate|p2b: Meta???|move: Sticky Web\n|-unboost|p2b: Meta???|spe|1\n|-enditem|p2b: Meta???|Booster Energy\n|-activate|p2b: Meta???|ability: Protosynthesis|[fromitem]\n|-start|p2b: Meta???|protosynthesisspa\n|turn|4\n|\n|t:|1698710353\n|move|p2b: Meta???|Perish Song|p2b: Meta???\n|-immune|p1a: Cinna-Mon|[from] ability: Good as Gold\n|-start|p1b: Lion Turtle|perish3|[silent]\n|-start|p2a: Big Man|perish3|[silent]\n|-start|p2b: Meta???|perish3|[silent]\n|-fieldactivate|move: Perish Song\n|move|p2a: Big Man|Play Rough|p1b: Lion Turtle\n|-damage|p1b: Lion Turtle|2\/100 tox\n|move|p1a: Cinna-Mon|Make It Rain|p2b: Meta???|[spread] p2a,p2b\n|-supereffective|p2a: Big Man\n|-supereffective|p2b: Meta???\n|-damage|p2a: Big Man|20\/100\n|-damage|p2b: Meta???|4\/100\n|-unboost|p1a: Cinna-Mon|spa|1\n|move|p1b: Lion Turtle|Bullet Seed|p2b: Meta???\n|-damage|p2b: Meta???|0 fnt\n|faint|p2b: Meta???\n|-end|p2b: Meta???|Protosynthesis|[silent]\n|-hitcount|p2: Meta???|1\n|\n|-damage|p1b: Lion Turtle|0 fnt|[from] psn\n|faint|p1b: Lion Turtle\n|-start|p2a: Big Man|perish3\n|-sideend|p2: 0celot8|move: Tailwind\n|upkeep\n|\n|t:|1698710379\n|switch|p2b: idk its new|Sinistcha-Masterpiece, shiny|100\/100\n|switch|p1b: Sierra Mist|Vikavolt, F, shiny|100\/100 tox\n|-activate|p2b: idk its new|move: Sticky Web\n|-unboost|p2b: idk its new|spe|1\n|-heal|p2a: Big Man|45\/100|[from] ability: Hospitality|[of] p2b: idk its new\n|turn|5\n|\n|t:|1698710399\n|-terastallize|p1a: Cinna-Mon|Normal\n|move|p2b: idk its new|Rage Powder|p2b: idk its new\n|-singleturn|p2b: idk its new|move: Rage Powder\n|move|p1a: Cinna-Mon|Shadow Ball|p2b: idk its new\n|-supereffective|p2b: idk its new\n|-damage|p2b: idk its new|29\/100\n|move|p2a: Big Man|Play Rough|p1b: Sierra Mist\n|-damage|p1b: Sierra Mist|32\/100 tox\n|move|p1b: Sierra Mist|Bug Buzz|p2b: idk its new\n|-damage|p2b: idk its new|0 fnt\n|faint|p2b: idk its new\n|\n|-damage|p1b: Sierra Mist|26\/100 tox|[from] psn\n|-start|p2a: Big Man|perish2\n|upkeep\n|\n|t:|1698710413\n|switch|p2b: I think its good??|Ogerpon, F|100\/100\n|-activate|p2b: I think its good??|move: Sticky Web\n|-unboost|p2b: I think its good??|spe|1\n|-ability|p2b: I think its good??|Defiant|boost\n|-boost|p2b: I think its good??|atk|2\n|turn|6\n|\n|t:|1698710427\n|move|p1a: Cinna-Mon|Protect|p1a: Cinna-Mon\n|-singleturn|p1a: Cinna-Mon|Protect\n|move|p2b: I think its good??|Ivy Cudgel|p1a: Cinna-Mon\n|-activate|p1a: Cinna-Mon|move: Protect\n|move|p2a: Big Man|Close Combat|p1a: Cinna-Mon\n|-activate|p1a: Cinna-Mon|move: Protect\n|move|p1b: Sierra Mist|Thunderbolt|p2a: Big Man\n|-damage|p2a: Big Man|0 fnt\n|faint|p2a: Big Man\n|-end|p2a: Big Man|Quark Drive|[silent]\n|\n|-damage|p1b: Sierra Mist|14\/100 tox|[from] psn\n|upkeep\n|-enditem|p1b: Sierra Mist|Wiki Berry|[eat]\n|-heal|p1b: Sierra Mist|47\/100 tox|[from] item: Wiki Berry\n|\n|t:|1698710441\n|switch|p2a: Scary Fish|Basculegion-F, F|100\/100\n|-activate|p2a: Scary Fish|move: Sticky Web\n|-unboost|p2a: Scary Fish|spe|1\n|turn|7\n|\n|t:|1698710457\n|move|p2a: Scary Fish|Aqua Jet|p1b: Sierra Mist\n|-damage|p1b: Sierra Mist|22\/100 tox\n|move|p1a: Cinna-Mon|Shadow Ball|p2a: Scary Fish\n|-supereffective|p2a: Scary Fish\n|-damage|p2a: Scary Fish|61\/100\n|move|p2b: I think its good??|Play Rough|p1b: Sierra Mist\n|-damage|p1b: Sierra Mist|0 fnt\n|faint|p1b: Sierra Mist\n|\n|upkeep\n|\n|t:|1698710467\n|switch|p1b: MonkeyD.Luffy|Infernape, F, shiny|100\/100\n|turn|8\n|\n|t:|1698710487\n|move|p2b: I think its good??|Protect|p2b: I think its good??\n|-singleturn|p2b: I think its good??|Protect\n|move|p1b: MonkeyD.Luffy|Thunder Punch|p2a: Scary Fish\n|-supereffective|p2a: Scary Fish\n|-damage|p2a: Scary Fish|0 fnt\n|faint|p2a: Scary Fish\n|move|p1a: Cinna-Mon|Shadow Ball|p2b: I think its good??\n|-activate|p2b: I think its good??|move: Protect\n|\n|upkeep\n|turn|9\n|\n|t:|1698710498\n|move|p1b: MonkeyD.Luffy|Fire Punch|p2b: I think its good??\n|-supereffective|p2b: I think its good??\n|-damage|p2b: I think its good??|0 fnt\n|faint|p2b: I think its good??\n|\n|win|ReligiousTweezer\n|raw|ReligiousTweezer's rating: 1061 &rarr; <strong>1086<\/strong><br \/>(+25 for winning)\n|raw|0celot8's rating: 1000 &rarr; <strong>1000<\/strong><br \/>(+0 for losing)\n|c|\u26060celot8|how is it that fast\n|c|\u26060celot8|i had liquidation on fish\n|c|\u26060celot8|gg\n|c|\u2606ReligiousTweezer|Gg\n|c|\u2606ReligiousTweezer|Mokey just fast\n","uploadtime":1698710562,"views":16,"p1id":"religioustweezer","p2id":"0celot8","formatid":"gen9doublesou","rating":1000,"private":0,"password":""}