{"id":"gen9doublesou-1990087412","p1":"PokemonOG92 #4489","p2":"Critian Caceorte","format":"[Gen 9] Doubles OU","log":"|j|\u2606PokemonOG92 #4489\n|j|\u2606Critian Caceorte\n|t:|1699923173\n|gametype|doubles\n|player|p1|PokemonOG92 #4489|hilbert|1324\n|player|p2|Critian Caceorte|hilda|1288\n|teamsize|p1|6\n|teamsize|p2|6\n|gen|9\n|tier|[Gen 9] Doubles OU\n|rated|\n|rule|Species Clause: Limit one of each Pok\u00e9mon\n|rule|OHKO Clause: OHKO moves are banned\n|rule|Evasion Moves Clause: Evasion moves are banned\n|rule|Gravity Sleep Clause: The combination of sleep-inducing moves with imperfect accuracy and Gravity or Gigantamax Orbeetle are banned\n|rule|Endless Battle Clause: Forcing endless battles is banned\n|rule|HP Percentage Mod: HP is shown in percentages\n|clearpoke\n|poke|p1|Umbreon, M|\n|poke|p1|Cresselia, F|\n|poke|p1|Sinistcha-Masterpiece|\n|poke|p1|Sableye, M|\n|poke|p1|Flutter Mane|\n|poke|p1|Torkoal, F|\n|poke|p2|Torkoal, F|\n|poke|p2|Ninetales, F|\n|poke|p2|Scovillain, M|\n|poke|p2|Lilligant-Hisui, F|\n|poke|p2|Dachsbun, F|\n|poke|p2|Walking Wake|\n|teampreview\n|inactive|Battle timer is ON: inactive players will automatically lose when time's up. (requested by PokemonOG92 #4489)\n|\n|t:|1699923196\n|start\n|switch|p1a: Sableye|Sableye, M|100\/100\n|switch|p1b: Umbreon|Umbreon, M|100\/100\n|switch|p2a: Torkoal|Torkoal, F|100\/100\n|switch|p2b: Dachsbun|Dachsbun, F|100\/100\n|-weather|SunnyDay|[from] ability: Drought|[of] p2a: Torkoal\n|turn|1\n|\n|t:|1699923214\n|move|p1b: Umbreon|Protect|p1b: Umbreon\n|-singleturn|p1b: Umbreon|Protect\n|move|p1a: Sableye|Mean Look|p2a: Torkoal\n|-activate|p2a: Torkoal|trapped\n|move|p2b: Dachsbun|Agility|p2b: Dachsbun\n|-boost|p2b: Dachsbun|spe|2\n|move|p2a: Torkoal|Lava Plume|p1b: Umbreon|[spread] p1a\n|-activate|p1b: Umbreon|move: Protect\n|-ability|p2b: Dachsbun|Well-Baked Body|boost\n|-boost|p2b: Dachsbun|def|2\n|-damage|p1a: Sableye|47\/100\n|\n|-weather|SunnyDay|[upkeep]\n|upkeep\n|turn|2\n|\n|t:|1699923230\n|-terastallize|p1b: Umbreon|Ghost\n|move|p1a: Sableye|Encore|p2b: Dachsbun\n|-start|p2b: Dachsbun|Encore\n|move|p2b: Dachsbun|Agility|p2b: Dachsbun\n|-boost|p2b: Dachsbun|spe|2\n|move|p1b: Umbreon|Curse|p2a: Torkoal\n|-start|p2a: Torkoal|Curse|[of] p1b: Umbreon\n|-damage|p1b: Umbreon|50\/100\n|move|p2a: Torkoal|Lava Plume|p1b: Umbreon|[spread] p1a,p1b\n|-ability|p2b: Dachsbun|Well-Baked Body|boost\n|-boost|p2b: Dachsbun|def|2\n|-damage|p1a: Sableye|0 fnt\n|-damage|p1b: Umbreon|20\/100\n|faint|p1a: Sableye\n|\n|-weather|SunnyDay|[upkeep]\n|-damage|p2a: Torkoal|76\/100|[from] Curse\n|upkeep\n|\n|t:|1699923246\n|switch|p1a: Sinistcha|Sinistcha-Masterpiece|100\/100\n|-heal|p1b: Umbreon|45\/100|[from] ability: Hospitality|[of] p1a: Sinistcha\n|turn|3\n|\n|t:|1699923259\n|switch|p1a: Cresselia|Cresselia, F|100\/100\n|move|p2b: Dachsbun|Agility|p2b: Dachsbun\n|-boost|p2b: Dachsbun|spe|2\n|move|p1b: Umbreon|Moonlight|p1b: Umbreon\n|-heal|p1b: Umbreon|100\/100\n|move|p2a: Torkoal|Lava Plume|p1b: Umbreon|[spread] p1a,p1b\n|-ability|p2b: Dachsbun|Well-Baked Body|boost\n|-boost|p2b: Dachsbun|def|2\n|-damage|p1a: Cresselia|70\/100\n|-damage|p1b: Umbreon|69\/100\n|\n|-weather|SunnyDay|[upkeep]\n|-heal|p1a: Cresselia|76\/100|[from] item: Leftovers\n|-damage|p2a: Torkoal|51\/100|[from] Curse\n|upkeep\n|turn|4\n|\n|t:|1699923288\n|move|p2b: Dachsbun|Agility|p2b: Dachsbun\n|-boost|p2b: Dachsbun|spe|0\n|move|p1a: Cresselia|Lunar Blessing|p1a: Cresselia|[spread] p1a,p1b\n|-heal|p1a: Cresselia|100\/100\n|-heal|p1b: Umbreon|94\/100\n|move|p1b: Umbreon|Curse|p2b: Dachsbun\n|-start|p2b: Dachsbun|Curse|[of] p1b: Umbreon\n|-damage|p1b: Umbreon|44\/100\n|move|p2a: Torkoal|Lava Plume|p1b: Umbreon|[spread] p1a,p1b\n|-immune|p2b: Dachsbun|[from] ability: Well-Baked Body\n|-damage|p1a: Cresselia|73\/100\n|-damage|p1b: Umbreon|13\/100\n|-status|p1a: Cresselia|brn\n|\n|-weather|SunnyDay|[upkeep]\n|-heal|p1a: Cresselia|79\/100 brn|[from] item: Leftovers\n|-damage|p1a: Cresselia|73\/100 brn|[from] brn\n|-damage|p2b: Dachsbun|76\/100|[from] Curse\n|-damage|p2a: Torkoal|26\/100|[from] Curse\n|-end|p2b: Dachsbun|Encore\n|upkeep\n|turn|5\n|\n|t:|1699923311\n|move|p1b: Umbreon|Protect|p1b: Umbreon\n|-singleturn|p1b: Umbreon|Protect\n|move|p2b: Dachsbun|Baton Pass|p2b: Dachsbun\n|\n|t:|1699923318\n|switch|p2b: Walking Wake|Walking Wake|100\/100|[from] Baton Pass\n|-activate|p2b: Walking Wake|ability: Protosynthesis\n|-start|p2b: Walking Wake|protosynthesisspe\n|move|p2a: Torkoal|Lava Plume|p1b: Umbreon|[spread] p2b,p1a\n|-activate|p1b: Umbreon|move: Protect\n|-resisted|p2b: Walking Wake\n|-damage|p2b: Walking Wake|91\/100\n|-damage|p1a: Cresselia|44\/100 brn\n|-status|p2b: Walking Wake|brn\n|move|p1a: Cresselia|Trick Room|p1a: Cresselia\n|-fieldstart|move: Trick Room|[of] p1a: Cresselia\n|\n|-weather|none\n|-end|p2b: Walking Wake|Protosynthesis\n|-heal|p1a: Cresselia|50\/100 brn|[from] item: Leftovers\n|-damage|p2b: Walking Wake|85\/100 brn|[from] brn\n|-damage|p1a: Cresselia|44\/100 brn|[from] brn\n|-damage|p2b: Walking Wake|60\/100 brn|[from] Curse\n|-damage|p2a: Torkoal|1\/100|[from] Curse\n|upkeep\n|turn|6\n|inactive|PokemonOG92 #4489 has 120 seconds left.\n|\n|t:|1699923350\n|switch|p2a: Ninetales|Ninetales, F|100\/100\n|-weather|SunnyDay|[from] ability: Drought|[of] p2a: Ninetales\n|-activate|p2b: Walking Wake|ability: Protosynthesis\n|-start|p2b: Walking Wake|protosynthesisspe\n|switch|p1b: Torkoal|Torkoal, F|100\/100\n|move|p2b: Walking Wake|Knock Off|p1a: Cresselia\n|-supereffective|p1a: Cresselia\n|-crit|p1a: Cresselia\n|-damage|p1a: Cresselia|28\/100 brn\n|-enditem|p1a: Cresselia|Leftovers|[from] move: Knock Off|[of] p2b: Walking Wake\n|move|p1a: Cresselia|Moonblast|p2b: Walking Wake\n|-supereffective|p2b: Walking Wake\n|-damage|p2b: Walking Wake|35\/100 brn\n|\n|-weather|SunnyDay|[upkeep]\n|-damage|p2b: Walking Wake|29\/100 brn|[from] brn\n|-damage|p1a: Cresselia|22\/100 brn|[from] brn\n|-damage|p2b: Walking Wake|4\/100 brn|[from] Curse\n|upkeep\n|turn|7\n|inactive|PokemonOG92 #4489 has 120 seconds left.\n|inactive|PokemonOG92 #4489 has 90 seconds left.\n|\n|t:|1699923415\n|move|p2b: Walking Wake|Hydro Steam|p1b: Torkoal\n|-supereffective|p1b: Torkoal\n|-damage|p1b: Torkoal|0 fnt\n|faint|p1b: Torkoal\n|move|p1a: Cresselia|Lunar Blessing|p1a: Cresselia\n|-heal|p1a: Cresselia|47\/100 brn\n|-curestatus|p1a: Cresselia|brn|[msg]\n|move|p2a: Ninetales|Dark Pulse|p1a: Cresselia\n|-supereffective|p1a: Cresselia\n|-damage|p1a: Cresselia|21\/100\n|\n|-weather|SunnyDay|[upkeep]\n|-damage|p2b: Walking Wake|0 fnt|[from] brn\n|faint|p2b: Walking Wake\n|-end|p2b: Walking Wake|Protosynthesis|[silent]\n|upkeep\n|inactive|PokemonOG92 #4489 has 90 seconds left.\n|\n|t:|1699923438\n|switch|p1b: Flutter Mane|Flutter Mane|100\/100\n|switch|p2b: Dachsbun|Dachsbun, F|76\/100\n|-activate|p1b: Flutter Mane|ability: Protosynthesis\n|-start|p1b: Flutter Mane|protosynthesisspe\n|turn|8\n|inactive|PokemonOG92 #4489 has 90 seconds left.\n|\n|t:|1699923459\n|move|p1a: Cresselia|Moonblast|p2b: Dachsbun\n|-damage|p2b: Dachsbun|57\/100\n|move|p2b: Dachsbun|Work Up|p2b: Dachsbun\n|-boost|p2b: Dachsbun|atk|1\n|-boost|p2b: Dachsbun|spa|1\n|move|p2a: Ninetales|Dark Pulse|p1b: Flutter Mane\n|-damage|p1b: Flutter Mane|76\/100\n|cant|p1b: Flutter Mane|flinch\n|\n|-weather|SunnyDay|[upkeep]\n|upkeep\n|turn|9\n|\n|t:|1699923477\n|move|p1a: Cresselia|Lunar Blessing|p1a: Cresselia|[spread] p1a,p1b\n|-heal|p1a: Cresselia|46\/100\n|-heal|p1b: Flutter Mane|100\/100\n|move|p2b: Dachsbun|Play Rough|p1a: Cresselia\n|-damage|p1a: Cresselia|20\/100\n|move|p2a: Ninetales|Dark Pulse|p1a: Cresselia\n|-supereffective|p1a: Cresselia\n|-crit|p1a: Cresselia\n|-damage|p1a: Cresselia|0 fnt\n|faint|p1a: Cresselia\n|move|p1b: Flutter Mane|Shadow Ball|p2b: Dachsbun\n|-damage|p2b: Dachsbun|0 fnt\n|faint|p2b: Dachsbun\n|\n|-weather|SunnyDay|[upkeep]\n|-fieldend|move: Trick Room\n|upkeep\n|inactive|PokemonOG92 #4489 has 120 seconds left.\n|\n|t:|1699923495\n|switch|p2b: Scovillain|Scovillain, M|100\/100\n|switch|p1a: Sinistcha|Sinistcha-Masterpiece|100\/100\n|turn|10\n|\n|t:|1699923505\n|move|p1b: Flutter Mane|Shadow Ball|p2a: Ninetales\n|-damage|p2a: Ninetales|22\/100\n|move|p2b: Scovillain|Flamethrower|p1a: Sinistcha\n|-supereffective|p1a: Sinistcha\n|-damage|p1a: Sinistcha|0 fnt\n|faint|p1a: Sinistcha\n|-damage|p2b: Scovillain|91\/100|[from] item: Life Orb\n|move|p2a: Ninetales|Solar Beam||[still]\n|-prepare|p2a: Ninetales|Solar Beam\n|-anim|p2a: Ninetales|Solar Beam|p1b: Flutter Mane\n|-damage|p1b: Flutter Mane|65\/100\n|\n|-weather|SunnyDay|[upkeep]\n|upkeep\n|\n|t:|1699923518\n|switch|p1a: Umbreon|Umbreon, M, tera:Ghost|13\/100\n|turn|11\n|\n|t:|1699923525\n|move|p1b: Flutter Mane|Shadow Ball|p2b: Scovillain\n|-damage|p2b: Scovillain|0 fnt\n|faint|p2b: Scovillain\n|move|p2a: Ninetales|Dark Pulse|p1a: Umbreon\n|-supereffective|p1a: Umbreon\n|-damage|p1a: Umbreon|0 fnt\n|faint|p1a: Umbreon\n|\n|-weather|SunnyDay|[upkeep]\n|upkeep\n|\n|t:|1699923533\n|switch|p2b: Lilligant|Lilligant-Hisui, F|100\/100\n|turn|12\n|\n|t:|1699923548\n|move|p2b: Lilligant|Sleep Powder|p1b: Flutter Mane\n|-status|p1b: Flutter Mane|slp|[from] move: Sleep Powder\n|cant|p1b: Flutter Mane|slp\n|move|p2a: Ninetales|Dark Pulse|p1b: Flutter Mane\n|-damage|p1b: Flutter Mane|41\/100 slp\n|\n|-weather|SunnyDay|[upkeep]\n|upkeep\n|turn|13\n|-message|PokemonOG92 #4489 forfeited.\n|\n|win|Critian Caceorte\n|raw|PokemonOG92 #4489's rating: 1324 &rarr; <strong>1302<\/strong><br \/>(-22 for losing)\n|raw|Critian Caceorte's rating: 1288 &rarr; <strong>1316<\/strong><br \/>(+28 for winning)\n|l|\u2606PokemonOG92 #4489\n","uploadtime":1699923561,"views":6,"p1id":"pokemonog924489","p2id":"critiancaceorte","formatid":"gen9doublesou","rating":1302,"private":0,"password":""}