{"id":"gen9doublesou-1986063612","p1":"AthanTheOracle","p2":"juicywow","format":"[Gen 9] Doubles OU","log":"|j|\u2606AthanTheOracle\n|j|\u2606juicywow\n|t:|1699445789\n|gametype|doubles\n|player|p1|AthanTheOracle|psychic-gen4|1098\n|player|p2|juicywow|170|1000\n|teamsize|p1|6\n|teamsize|p2|6\n|gen|9\n|tier|[Gen 9] Doubles OU\n|rated|\n|rule|Species Clause: Limit one of each Pok\u00e9mon\n|rule|OHKO Clause: OHKO moves are banned\n|rule|Evasion Moves Clause: Evasion moves are banned\n|rule|Gravity Sleep Clause: The combination of sleep-inducing moves with imperfect accuracy and Gravity or Gigantamax Orbeetle are banned\n|rule|Endless Battle Clause: Forcing endless battles is banned\n|rule|HP Percentage Mod: HP is shown in percentages\n|clearpoke\n|poke|p1|Ogerpon-Wellspring, F|\n|poke|p1|Pelipper, M|\n|poke|p1|Gastrodon, F|\n|poke|p1|Volcanion|\n|poke|p1|Clodsire, M|\n|poke|p1|Basculegion-F, F|\n|poke|p2|Flapple, F|\n|poke|p2|Appletun, F|\n|poke|p2|Altaria, F|\n|poke|p2|Goodra, F|\n|poke|p2|Dipplin, F|\n|poke|p2|Noivern, F|\n|teampreview\n|\n|t:|1699445806\n|start\n|switch|p1a: Quagmire Toilet|Pelipper, M|100\/100\n|switch|p1b: Failure the Shinx|Gastrodon, F|100\/100\n|switch|p2a: Dipplin|Dipplin, F|100\/100\n|switch|p2b: Noivern|Noivern, F|100\/100\n|-weather|RainDance|[from] ability: Drizzle|[of] p1a: Quagmire Toilet\n|-ability|p2a: Dipplin|Supersweet Syrup\n|-ability|p2a: Dipplin|Supersweet Syrup|boost\n|-unboost|p1a: Quagmire Toilet|evasion|1\n|-unboost|p1b: Failure the Shinx|evasion|1\n|turn|1\n|\n|t:|1699445830\n|-terastallize|p1b: Failure the Shinx|Fire\n|move|p2b: Noivern|Hurricane|p1a: Quagmire Toilet\n|-damage|p1a: Quagmire Toilet|32\/100\n|-start|p1a: Quagmire Toilet|confusion\n|-activate|p1a: Quagmire Toilet|confusion\n|move|p1a: Quagmire Toilet|Hurricane|p2a: Dipplin\n|-supereffective|p2a: Dipplin\n|-damage|p2a: Dipplin|27\/100\n|move|p2a: Dipplin|Syrup Bomb|p1b: Failure the Shinx\n|-resisted|p1b: Failure the Shinx\n|-damage|p1b: Failure the Shinx|94\/100\n|-start|p1b: Failure the Shinx|Syrup Bomb\n|move|p1b: Failure the Shinx|Stockpile|p1b: Failure the Shinx\n|-start|p1b: Failure the Shinx|stockpile1\n|-boost|p1b: Failure the Shinx|def|1\n|-boost|p1b: Failure the Shinx|spd|1\n|\n|-weather|RainDance|[upkeep]\n|-heal|p1a: Quagmire Toilet|38\/100|[from] item: Leftovers\n|-heal|p1b: Failure the Shinx|99\/100|[from] item: Leftovers\n|-unboost|p1b: Failure the Shinx|spe|1\n|upkeep\n|turn|2\n|c|\u2606AthanTheOracle|!data syrup bomb\n|raw|<ul class=\"utilichart\"><li class=\"result\"><span class=\"col movenamecol\"><a href=\"https:\/\/dex.pokemonshowdown.com\/moves\/syrupbomb\">Syrup Bomb<\/a><\/span> <span class=\"col typecol\"><img src=\"\/\/play.pokemonshowdown.com\/sprites\/types\/Grass.png\" alt=\"Grass\" width=\"32\" height=\"14\"><img src=\"\/\/play.pokemonshowdown.com\/sprites\/categories\/Special.png\" alt=\"Special\" width=\"32\" height=\"14\"><\/span> <span class=\"col labelcol\"><em>Power<\/em><br>60<\/span> <span class=\"col widelabelcol\"><em>Accuracy<\/em><br>85%<\/span> <span class=\"col pplabelcol\"><em>PP<\/em><br>16<\/span> <span class=\"col movedesccol\">Target's Speed is lowered by 1 stage for 3 turns.<\/span> <\/li><li style=\"clear:both\"><\/li><\/ul>\n\n|\n|t:|1699445864\n|switch|p1a: TheMudTitan|Clodsire, M|100\/100\n|move|p2b: Noivern|Hurricane|p1a: TheMudTitan\n|-damage|p1a: TheMudTitan|72\/100\n|move|p2a: Dipplin|Infestation|p1b: Failure the Shinx\n|-resisted|p1b: Failure the Shinx\n|-damage|p1b: Failure the Shinx|99\/100\n|-activate|p1b: Failure the Shinx|move: Infestation|[of] p2a: Dipplin\n|move|p1b: Failure the Shinx|Surf|p2a: Dipplin|[spread] p2a,p2b\n|-heal|p1a: TheMudTitan|97\/100|[from] ability: Water Absorb|[of] p1b: Failure the Shinx\n|-resisted|p2a: Dipplin\n|-resisted|p2b: Noivern\n|-damage|p2a: Dipplin|22\/100\n|-damage|p2b: Noivern|79\/100\n|\n|-weather|RainDance|[upkeep]\n|-heal|p1a: TheMudTitan|100\/100|[from] item: Leftovers\n|-heal|p1b: Failure the Shinx|100\/100|[from] item: Leftovers\n|-damage|p1b: Failure the Shinx|88\/100|[from] move: Infestation|[partiallytrapped]\n|-unboost|p1b: Failure the Shinx|spe|1\n|upkeep\n|turn|3\n|\n|t:|1699445892\n|move|p2b: Noivern|Hurricane|p1b: Failure the Shinx\n|-damage|p1b: Failure the Shinx|68\/100\n|move|p2a: Dipplin|Recover|p2a: Dipplin\n|-heal|p2a: Dipplin|72\/100\n|move|p1a: TheMudTitan|Toxic Spikes|p2b: Noivern\n|-sidestart|p2: juicywow|move: Toxic Spikes\n|move|p1b: Failure the Shinx|Stockpile|p1b: Failure the Shinx\n|-start|p1b: Failure the Shinx|stockpile2\n|-boost|p1b: Failure the Shinx|def|1\n|-boost|p1b: Failure the Shinx|spd|1\n|\n|-weather|RainDance|[upkeep]\n|-heal|p1b: Failure the Shinx|74\/100|[from] item: Leftovers\n|-damage|p1b: Failure the Shinx|62\/100|[from] move: Infestation|[partiallytrapped]\n|-unboost|p1b: Failure the Shinx|spe|1\n|upkeep\n|turn|4\n|\n|t:|1699445920\n|move|p2b: Noivern|Hurricane|p1b: Failure the Shinx\n|-damage|p1b: Failure the Shinx|47\/100\n|-start|p1b: Failure the Shinx|confusion\n|move|p2a: Dipplin|Syrup Bomb|p1a: TheMudTitan\n|-damage|p1a: TheMudTitan|89\/100\n|-start|p1a: TheMudTitan|Syrup Bomb\n|move|p1a: TheMudTitan|Surf|p2a: Dipplin|[spread] p2a,p2b\n|-ability|p1b: Failure the Shinx|Storm Drain|boost\n|-boost|p1b: Failure the Shinx|spa|1\n|-resisted|p2a: Dipplin\n|-resisted|p2b: Noivern\n|-damage|p2a: Dipplin|69\/100\n|-damage|p2b: Noivern|71\/100\n|-activate|p1b: Failure the Shinx|confusion\n|-damage|p1b: Failure the Shinx|43\/100|[from] confusion\n|\n|-weather|RainDance|[upkeep]\n|-heal|p1a: TheMudTitan|95\/100|[from] item: Leftovers\n|-heal|p1b: Failure the Shinx|49\/100|[from] item: Leftovers\n|-damage|p1b: Failure the Shinx|37\/100|[from] move: Infestation|[partiallytrapped]\n|-unboost|p1a: TheMudTitan|spe|1\n|-end|p1b: Failure the Shinx|Syrup Bomb|[silent]\n|upkeep\n|turn|5\n|\n|t:|1699445959\n|move|p2b: Noivern|Hurricane|p1b: Failure the Shinx\n|-damage|p1b: Failure the Shinx|20\/100\n|move|p2a: Dipplin|Recover|p2a: Dipplin\n|-heal|p2a: Dipplin|100\/100\n|move|p1a: TheMudTitan|Surf|p2b: Noivern|[spread] p2a,p2b\n|-ability|p1b: Failure the Shinx|Storm Drain|boost\n|-boost|p1b: Failure the Shinx|spa|1\n|-resisted|p2a: Dipplin\n|-resisted|p2b: Noivern\n|-damage|p2a: Dipplin|98\/100\n|-damage|p2b: Noivern|63\/100\n|-end|p1b: Failure the Shinx|confusion\n|move|p1b: Failure the Shinx|Recover|p1b: Failure the Shinx\n|-heal|p1b: Failure the Shinx|70\/100\n|\n|-weather|none\n|-heal|p1a: TheMudTitan|100\/100|[from] item: Leftovers\n|-heal|p1b: Failure the Shinx|77\/100|[from] item: Leftovers\n|-damage|p1b: Failure the Shinx|64\/100|[from] move: Infestation|[partiallytrapped]\n|-unboost|p1a: TheMudTitan|spe|1\n|upkeep\n|turn|6\n|\n|t:|1699446003\n|switch|p1a: Quagmire Toilet|Pelipper, M|38\/100\n|-weather|RainDance|[from] ability: Drizzle|[of] p1a: Quagmire Toilet\n|move|p2b: Noivern|Boomburst|p1a: Quagmire Toilet|[spread] p2a,p1a,p1b\n|-damage|p2a: Dipplin|76\/100\n|-damage|p1a: Quagmire Toilet|0 fnt\n|-damage|p1b: Failure the Shinx|54\/100\n|faint|p1a: Quagmire Toilet\n|-enditem|p2b: Noivern|Throat Spray\n|-boost|p2b: Noivern|spa|1|[from] item: Throat Spray\n|move|p2a: Dipplin|Syrup Bomb|p1b: Failure the Shinx\n|-resisted|p1b: Failure the Shinx\n|-damage|p1b: Failure the Shinx|51\/100\n|-start|p1b: Failure the Shinx|Syrup Bomb\n|move|p1b: Failure the Shinx|Surf|p2a: Dipplin|[spread] p2a,p2b\n|-resisted|p2a: Dipplin\n|-resisted|p2b: Noivern\n|-damage|p2a: Dipplin|65\/100\n|-damage|p2b: Noivern|23\/100\n|\n|-weather|RainDance|[upkeep]\n|-heal|p1b: Failure the Shinx|57\/100|[from] item: Leftovers\n|-end|p1b: Failure the Shinx|Infestation|[partiallytrapped]\n|-unboost|p1b: Failure the Shinx|spe|1\n|upkeep\n|\n|t:|1699446033\n|switch|p1a: Tragikarp|Basculegion-F, F|100\/100\n|turn|7\n|\n|t:|1699446042\n|move|p1a: Tragikarp|Shadow Ball|p2a: Dipplin\n|-damage|p2a: Dipplin|30\/100\n|-damage|p1a: Tragikarp|91\/100|[from] item: Life Orb\n|move|p2b: Noivern|Hurricane|p1a: Tragikarp\n|-damage|p1a: Tragikarp|13\/100\n|-start|p1a: Tragikarp|confusion\n|move|p2a: Dipplin|Syrup Bomb|p1a: Tragikarp\n|-supereffective|p1a: Tragikarp\n|-damage|p1a: Tragikarp|0 fnt\n|faint|p1a: Tragikarp\n|move|p1b: Failure the Shinx|Recover|p1b: Failure the Shinx\n|-heal|p1b: Failure the Shinx|100\/100\n|\n|-weather|RainDance|[upkeep]\n|-unboost|p1b: Failure the Shinx|spe|1\n|upkeep\n|\n|t:|1699446068\n|switch|p1a: Fireranitar|Volcanion|100\/100\n|turn|8\n|\n|t:|1699446086\n|move|p2b: Noivern|Draco Meteor|p1a: Fireranitar\n|-damage|p1a: Fireranitar|42\/100\n|-unboost|p2b: Noivern|spa|2\n|move|p1a: Fireranitar|Scald|p1b: Failure the Shinx\n|-ability|p1b: Failure the Shinx|Storm Drain|boost\n|-boost|p1b: Failure the Shinx|spa|1\n|move|p2a: Dipplin|Syrup Bomb|p1a: Fireranitar\n|-damage|p1a: Fireranitar|28\/100\n|-start|p1a: Fireranitar|Syrup Bomb\n|move|p1b: Failure the Shinx|Surf|p2a: Dipplin|[spread] p2a,p2b\n|-heal|p1a: Fireranitar|53\/100|[from] ability: Water Absorb|[of] p1b: Failure the Shinx\n|-resisted|p2a: Dipplin\n|-resisted|p2b: Noivern\n|-damage|p2a: Dipplin|14\/100\n|-damage|p2b: Noivern|0 fnt\n|faint|p2b: Noivern\n|\n|-weather|RainDance|[upkeep]\n|-unboost|p1a: Fireranitar|spe|1\n|-unboost|p1b: Failure the Shinx|spe|1\n|upkeep\n|\n|t:|1699446113\n|switch|p2b: Flapple|Flapple, F|100\/100\n|-status|p2b: Flapple|psn\n|turn|9\n|\n|t:|1699446120\n|move|p2b: Flapple|Grav Apple|p1a: Fireranitar\n|-damage|p1a: Fireranitar|8\/100\n|-unboost|p1a: Fireranitar|def|1\n|move|p1a: Fireranitar|Heat Wave|p2a: Dipplin|[spread] p2a,p2b\n|-damage|p2a: Dipplin|0 fnt\n|-damage|p2b: Flapple|65\/100 psn\n|faint|p2a: Dipplin\n|move|p1b: Failure the Shinx|Surf|p2b: Flapple|[spread] p2b\n|-heal|p1a: Fireranitar|32\/100|[from] ability: Water Absorb|[of] p1b: Failure the Shinx\n|-resisted|p2b: Flapple\n|-damage|p2b: Flapple|28\/100 psn\n|\n|-weather|RainDance|[upkeep]\n|-damage|p2b: Flapple|16\/100 psn|[from] psn\n|-unboost|p1a: Fireranitar|spe|1\n|-end|p1b: Failure the Shinx|Syrup Bomb|[silent]\n|upkeep\n|\n|t:|1699446139\n|switch|p2a: Appletun|Appletun, F|100\/100\n|-status|p2a: Appletun|psn\n|turn|10\n|\n|t:|1699446153\n|move|p2b: Flapple|Grav Apple|p1a: Fireranitar\n|-damage|p1a: Fireranitar|0 fnt\n|faint|p1a: Fireranitar\n|move|p2a: Appletun|Apple Acid|p1b: Failure the Shinx\n|-resisted|p1b: Failure the Shinx\n|-damage|p1b: Failure the Shinx|96\/100\n|-unboost|p1b: Failure the Shinx|spd|1\n|move|p1b: Failure the Shinx|Surf|p2a: Appletun|[spread] p2a,p2b\n|-resisted|p2a: Appletun\n|-resisted|p2b: Flapple\n|-damage|p2a: Appletun|87\/100 psn\n|-damage|p2b: Flapple|0 fnt\n|faint|p2b: Flapple\n|\n|-weather|none\n|-heal|p1b: Failure the Shinx|100\/100|[from] item: Leftovers\n|-damage|p2a: Appletun|75\/100 psn|[from] psn\n|upkeep\n|\n|t:|1699446175\n|switch|p2b: Altaria|Altaria, F|100\/100\n|switch|p1a: TheMudTitan|Clodsire, M|100\/100\n|turn|11\n|\n|t:|1699446188\n|move|p2b: Altaria|Cotton Guard|p2b: Altaria\n|-boost|p2b: Altaria|def|3\n|move|p2a: Appletun|Apple Acid|p1a: TheMudTitan\n|-damage|p1a: TheMudTitan|86\/100\n|-unboost|p1a: TheMudTitan|spd|1\n|move|p1a: TheMudTitan|Surf|p2b: Altaria|[spread] p2a,p2b\n|-ability|p1b: Failure the Shinx|Storm Drain|boost\n|-boost|p1b: Failure the Shinx|spa|1\n|-resisted|p2a: Appletun\n|-resisted|p2b: Altaria\n|-damage|p2a: Appletun|73\/100 psn\n|-damage|p2b: Altaria|98\/100\n|move|p1b: Failure the Shinx|Surf|p2b: Altaria|[spread] p2a,p2b\n|-heal|p1a: TheMudTitan|100\/100|[from] ability: Water Absorb|[of] p1b: Failure the Shinx\n|-resisted|p2a: Appletun\n|-resisted|p2b: Altaria\n|-damage|p2a: Appletun|62\/100 psn\n|-damage|p2b: Altaria|75\/100\n|\n|-heal|p2b: Altaria|82\/100|[from] item: Leftovers\n|-damage|p2a: Appletun|50\/100 psn|[from] psn\n|upkeep\n|turn|12\n|\n|t:|1699446212\n|switch|p1a: GirlbossGaslightGa|Ogerpon-Wellspring, F|100\/100\n|move|p2b: Altaria|Dragon Dance|p2b: Altaria\n|-boost|p2b: Altaria|atk|1\n|-boost|p2b: Altaria|spe|1\n|move|p2a: Appletun|Recover|p2a: Appletun\n|-heal|p2a: Appletun|99\/100 psn\n|move|p1b: Failure the Shinx|Surf|p2b: Altaria|[spread] p2a,p2b\n|-immune|p1a: GirlbossGaslightGa|[from] ability: Water Absorb\n|-resisted|p2a: Appletun\n|-resisted|p2b: Altaria\n|-damage|p2a: Appletun|90\/100 psn\n|-damage|p2b: Altaria|61\/100\n|\n|-heal|p2b: Altaria|67\/100|[from] item: Leftovers\n|-damage|p2a: Appletun|77\/100 psn|[from] psn\n|upkeep\n|turn|13\n|\n|t:|1699446239\n|-terastallize|p2b: Altaria|Fairy\n|move|p1a: GirlbossGaslightGa|Swords Dance|p1a: GirlbossGaslightGa\n|-boost|p1a: GirlbossGaslightGa|atk|2\n|move|p2b: Altaria|Tera Blast|p1a: GirlbossGaslightGa|[anim] Tera Blast Fairy\n|-damage|p1a: GirlbossGaslightGa|68\/100\n|move|p2a: Appletun|Leech Seed|p1b: Failure the Shinx\n|-start|p1b: Failure the Shinx|move: Leech Seed\n|move|p1b: Failure the Shinx|Surf|p2a: Appletun|[spread] p2a,p2b\n|-heal|p1a: GirlbossGaslightGa|93\/100|[from] ability: Water Absorb|[of] p1b: Failure the Shinx\n|-resisted|p2a: Appletun\n|-damage|p2a: Appletun|66\/100 psn\n|-damage|p2b: Altaria|22\/100\n|\n|-heal|p2b: Altaria|28\/100|[from] item: Leftovers\n|-damage|p1b: Failure the Shinx|88\/100|[from] Leech Seed|[of] p2a: Appletun\n|-heal|p2a: Appletun|79\/100 psn|[silent]\n|-damage|p2a: Appletun|67\/100 psn|[from] psn\n|upkeep\n|turn|14\n|\n|t:|1699446265\n|move|p1a: GirlbossGaslightGa|Ivy Cudgel|p1b: Failure the Shinx\n|-activate|p1b: Failure the Shinx|ability: Storm Drain\n|-ability|p1b: Failure the Shinx|Storm Drain|boost\n|-boost|p1b: Failure the Shinx|spa|1\n|move|p2b: Altaria|Roost|p2b: Altaria\n|-heal|p2b: Altaria|78\/100\n|move|p2a: Appletun|Apple Acid|p1a: GirlbossGaslightGa\n|-damage|p1a: GirlbossGaslightGa|63\/100\n|-unboost|p1a: GirlbossGaslightGa|spd|1\n|move|p1b: Failure the Shinx|Surf|p2a: Appletun|[spread] p2a,p2b\n|-heal|p1a: GirlbossGaslightGa|88\/100|[from] ability: Water Absorb|[of] p1b: Failure the Shinx\n|-resisted|p2a: Appletun\n|-damage|p2a: Appletun|54\/100 psn\n|-damage|p2b: Altaria|24\/100\n|\n|-heal|p2b: Altaria|30\/100|[from] item: Leftovers\n|-heal|p1b: Failure the Shinx|94\/100|[from] item: Leftovers\n|-damage|p1b: Failure the Shinx|82\/100|[from] Leech Seed|[of] p2a: Appletun\n|-heal|p2a: Appletun|66\/100 psn|[silent]\n|-damage|p2a: Appletun|54\/100 psn|[from] psn\n|upkeep\n|turn|15\n|\n|t:|1699446293\n|move|p1a: GirlbossGaslightGa|Knock Off|p2a: Appletun\n|-damage|p2a: Appletun|0 fnt\n|-enditem|p2a: Appletun|Petaya Berry|[from] move: Knock Off|[of] p1a: GirlbossGaslightGa\n|faint|p2a: Appletun\n|move|p2b: Altaria|Roost|p2b: Altaria\n|-heal|p2b: Altaria|80\/100\n|move|p1b: Failure the Shinx|Surf|p2b: Altaria|[spread] p2b\n|-heal|p1a: GirlbossGaslightGa|100\/100|[from] ability: Water Absorb|[of] p1b: Failure the Shinx\n|-damage|p2b: Altaria|30\/100\n|\n|-heal|p2b: Altaria|37\/100|[from] item: Leftovers\n|-heal|p1b: Failure the Shinx|88\/100|[from] item: Leftovers\n|upkeep\n|\n|t:|1699446307\n|switch|p2a: Goodra|Goodra, F|100\/100\n|-status|p2a: Goodra|psn\n|turn|16\n|\n|t:|1699446316\n|move|p1a: GirlbossGaslightGa|Knock Off|p2a: Goodra\n|-damage|p2a: Goodra|35\/100 psn\n|-enditem|p2a: Goodra|Damp Rock|[from] move: Knock Off|[of] p1a: GirlbossGaslightGa\n|move|p2b: Altaria|Roost|p2b: Altaria\n|-heal|p2b: Altaria|87\/100\n|move|p2a: Goodra|Body Press|p1b: Failure the Shinx\n|-damage|p1b: Failure the Shinx|76\/100\n|move|p1b: Failure the Shinx|Surf|p2b: Altaria|[spread] p2a,p2b\n|-immune|p1a: GirlbossGaslightGa|[from] ability: Water Absorb\n|-resisted|p2a: Goodra\n|-damage|p2a: Goodra|10\/100 psn\n|-damage|p2b: Altaria|38\/100\n|\n|-heal|p2b: Altaria|45\/100|[from] item: Leftovers\n|-heal|p1b: Failure the Shinx|82\/100|[from] item: Leftovers\n|-damage|p1b: Failure the Shinx|69\/100|[from] Leech Seed|[of] p2a: Goodra\n|-heal|p2a: Goodra|24\/100 psn|[silent]\n|-damage|p2a: Goodra|11\/100 psn|[from] psn\n|upkeep\n|turn|17\n|\n|t:|1699446343\n|move|p1a: GirlbossGaslightGa|Horn Leech|p2b: Altaria\n|-damage|p2b: Altaria|10\/100\n|move|p2b: Altaria|Roost|p2b: Altaria\n|-heal|p2b: Altaria|60\/100\n|move|p2a: Goodra|Rest|p2a: Goodra\n|-status|p2a: Goodra|slp|[from] move: Rest\n|-heal|p2a: Goodra|100\/100 slp|[silent]\n|move|p1b: Failure the Shinx|Surf|p2a: Goodra|[spread] p2a,p2b\n|-immune|p1a: GirlbossGaslightGa|[from] ability: Water Absorb\n|-resisted|p2a: Goodra\n|-damage|p2a: Goodra|75\/100 slp\n|-damage|p2b: Altaria|10\/100\n|\n|-heal|p2b: Altaria|16\/100|[from] item: Leftovers\n|-heal|p1b: Failure the Shinx|75\/100|[from] item: Leftovers\n|-damage|p1b: Failure the Shinx|63\/100|[from] Leech Seed|[of] p2a: Goodra\n|-heal|p2a: Goodra|89\/100 slp|[silent]\n|upkeep\n|turn|18\n|\n|t:|1699446367\n|move|p1a: GirlbossGaslightGa|Swords Dance|p1a: GirlbossGaslightGa\n|-boost|p1a: GirlbossGaslightGa|atk|2\n|move|p2b: Altaria|Roost|p2b: Altaria\n|-heal|p2b: Altaria|66\/100\n|cant|p2a: Goodra|slp\n|move|p1b: Failure the Shinx|Surf|p2b: Altaria|[spread] p2a,p2b\n|-immune|p1a: GirlbossGaslightGa|[from] ability: Water Absorb\n|-resisted|p2a: Goodra\n|-damage|p2a: Goodra|64\/100 slp\n|-damage|p2b: Altaria|18\/100\n|\n|-heal|p2b: Altaria|24\/100|[from] item: Leftovers\n|-heal|p1b: Failure the Shinx|69\/100|[from] item: Leftovers\n|-damage|p1b: Failure the Shinx|57\/100|[from] Leech Seed|[of] p2a: Goodra\n|-heal|p2a: Goodra|78\/100 slp|[silent]\n|upkeep\n|turn|19\n|-message|juicywow forfeited.\n|\n|win|AthanTheOracle\n|raw|AthanTheOracle's rating: 1098 &rarr; <strong>1116<\/strong><br \/>(+18 for winning)\n|raw|juicywow's rating: 1000 &rarr; <strong>1000<\/strong><br \/>(+0 for losing)\n|l|\u2606juicywow\n","uploadtime":1699446394,"views":17,"p1id":"athantheoracle","p2id":"juicywow","formatid":"gen9doublesou","rating":1000,"private":0,"password":""}