{"id":"gen9doublesou-1994961717","p1":"lowfat","p2":"StoredPowerGoBrrr","format":"[Gen 9] Doubles OU","log":"|j|\u2606lowfat\n|j|\u2606StoredPowerGoBrrr\n|t:|1700508404\n|gametype|doubles\n|player|p1|lowfat|benga|1078\n|player|p2|StoredPowerGoBrrr|silver-masters|1019\n|teamsize|p1|6\n|teamsize|p2|6\n|gen|9\n|tier|[Gen 9] Doubles OU\n|rated|\n|rule|Species Clause: Limit one of each Pok\u00e9mon\n|rule|OHKO Clause: OHKO moves are banned\n|rule|Evasion Moves Clause: Evasion moves are banned\n|rule|Gravity Sleep Clause: The combination of sleep-inducing moves with imperfect accuracy and Gravity or Gigantamax Orbeetle are banned\n|rule|Endless Battle Clause: Forcing endless battles is banned\n|rule|HP Percentage Mod: HP is shown in percentages\n|clearpoke\n|poke|p1|Slowbro-Galar, F|\n|poke|p1|Rotom-Wash|\n|poke|p1|Grimmsnarl, M|\n|poke|p1|Iron Jugulis|\n|poke|p1|Brambleghast, F|\n|poke|p1|Baxcalibur, F|\n|poke|p2|Scizor, M|\n|poke|p2|Kommo-o, F|\n|poke|p2|Volcarona, F|\n|poke|p2|Oricorio-Pom-Pom, M|\n|poke|p2|Luxray, M|\n|poke|p2|Goodra-Hisui, F|\n|teampreview\n|inactive|Battle timer is ON: inactive players will automatically lose when time's up. (requested by StoredPowerGoBrrr)\n|\n|t:|1700508423\n|start\n|switch|p1a: Iron Jugulis|Iron Jugulis|100\/100\n|switch|p1b: Rotom|Rotom-Wash|100\/100\n|switch|p2a: Volcarona|Volcarona, F|100\/100\n|switch|p2b: Oricorio|Oricorio-Pom-Pom, M|100\/100\n|-enditem|p1a: Iron Jugulis|Booster Energy\n|-activate|p1a: Iron Jugulis|ability: Quark Drive|[fromitem]\n|-start|p1a: Iron Jugulis|quarkdrivespe\n|turn|1\n|\n|t:|1700508438\n|move|p1a: Iron Jugulis|Tailwind|p1a: Iron Jugulis\n|-sidestart|p1: lowfat|move: Tailwind\n|move|p1b: Rotom|Volt Switch|p2b: Oricorio\n|-damage|p2b: Oricorio|22\/100\n|\n|t:|1700508458\n|switch|p1b: Brambleghast|Brambleghast, F|100\/100|[from] Volt Switch\n|-ability|p1b: Brambleghast|Wind Rider|boost\n|-boost|p1b: Brambleghast|atk|1\n|move|p2a: Volcarona|Quiver Dance|p2a: Volcarona\n|-boost|p2a: Volcarona|spa|1\n|-boost|p2a: Volcarona|spd|1\n|-boost|p2a: Volcarona|spe|1\n|-activate|p2b: Oricorio|ability: Dancer\n|move|p2b: Oricorio|Quiver Dance|p2b: Oricorio|[from]ability: Dancer\n|-boost|p2b: Oricorio|spa|1\n|-boost|p2b: Oricorio|spd|1\n|-boost|p2b: Oricorio|spe|1\n|move|p2b: Oricorio|Revelation Dance|p1a: Iron Jugulis\n|-supereffective|p1a: Iron Jugulis\n|-damage|p1a: Iron Jugulis|0 fnt\n|faint|p1a: Iron Jugulis\n|-end|p1a: Iron Jugulis|Quark Drive|[silent]\n|\n|-heal|p2b: Oricorio|28\/100|[from] item: Leftovers\n|upkeep\n|inactive|lowfat has 120 seconds left.\n|\n|t:|1700508479\n|switch|p1a: Baxcalibur|Baxcalibur, F|100\/100\n|turn|2\n|inactive|lowfat has 120 seconds left.\n|\n|t:|1700508507\n|move|p1a: Baxcalibur|Ice Shard|p2b: Oricorio\n|-supereffective|p2b: Oricorio\n|-damage|p2b: Oricorio|0 fnt\n|faint|p2b: Oricorio\n|move|p1b: Brambleghast|Poltergeist|p2a: Volcarona\n|-activate|p2a: Volcarona|move: Poltergeist|Focus Sash\n|-enditem|p2a: Volcarona|Focus Sash\n|-damage|p2a: Volcarona|1\/100\n|move|p2a: Volcarona|Fiery Dance|p1b: Brambleghast\n|-supereffective|p1b: Brambleghast\n|-damage|p1b: Brambleghast|0 fnt\n|faint|p1b: Brambleghast\n|\n|upkeep\n|inactive|lowfat has 120 seconds left.\n|\n|t:|1700508528\n|switch|p1b: Rotom|Rotom-Wash|100\/100\n|switch|p2b: Kommo-o|Kommo-o, F|100\/100\n|turn|3\n|\n|t:|1700508544\n|-terastallize|p1b: Rotom|Fairy\n|move|p1a: Baxcalibur|Ice Shard|p2a: Volcarona\n|-resisted|p2a: Volcarona\n|-crit|p2a: Volcarona\n|-damage|p2a: Volcarona|0 fnt\n|faint|p2a: Volcarona\n|move|p1b: Rotom|Tera Blast|p2b: Kommo-o|[anim] Tera Blast Fairy\n|-supereffective|p2b: Kommo-o\n|-damage|p2b: Kommo-o|0 fnt\n|faint|p2b: Kommo-o\n|\n|upkeep\n|\n|t:|1700508555\n|switch|p2a: Scizor|Scizor, M|100\/100\n|switch|p2b: Luxray|Luxray, M|100\/100\n|turn|4\n|n|!StoredPowerGoBrrr|storedpowergobrrr\n|inactive|lowfat has 120 seconds left.\n|\n|t:|1700508588\n|switch|p1a: Grimmsnarl|Grimmsnarl, M|100\/100\n|switch|p1b: Slowbro|Slowbro-Galar, F|100\/100\n|move|p2a: Scizor|Swords Dance|p2a: Scizor\n|-boost|p2a: Scizor|atk|2\n|move|p2b: Luxray|Play Rough|p1a: Grimmsnarl|[miss]\n|-miss|p2b: Luxray|p1a: Grimmsnarl\n|\n|-sideend|p1: lowfat|move: Tailwind\n|-status|p2b: Luxray|brn|[from] item: Flame Orb\n|upkeep\n|turn|5\n|\n|t:|1700508607\n|move|p1b: Slowbro|Protect|p1b: Slowbro\n|-singleturn|p1b: Slowbro|Protect\n|move|p2a: Scizor|Bullet Punch|p1a: Grimmsnarl\n|-supereffective|p1a: Grimmsnarl\n|-damage|p1a: Grimmsnarl|0 fnt\n|faint|p1a: Grimmsnarl\n|move|p2b: Luxray|Crunch|p1b: Slowbro\n|-activate|p1b: Slowbro|move: Protect\n|\n|-damage|p2b: Luxray|94\/100 brn|[from] brn\n|upkeep\n|\n|t:|1700508616\n|switch|p1a: Baxcalibur|Baxcalibur, F|100\/100\n|turn|6\n|-message|lowfat forfeited.\n|\n|win|StoredPowerGoBrrr\n|raw|lowfat's rating: 1078 &rarr; <strong>1053<\/strong><br \/>(-25 for losing)\n|raw|StoredPowerGoBrrr's rating: 1019 &rarr; <strong>1062<\/strong><br \/>(+43 for winning)\n","uploadtime":1700508559,"views":1,"p1id":"lowfat","p2id":"storedpowergobrrr","formatid":"gen9doublesou","rating":1053,"private":0,"password":""}