{"id":"gen9doublesou-1998107705","p1":"maybenotxand","p2":"bruhmach","format":"[Gen 9] Doubles OU","log":"|j|\u2606maybenotxand\n|j|\u2606bruhmach\n|t:|1700892604\n|gametype|doubles\n|player|p1|maybenotxand|hilda|1087\n|player|p2|bruhmach|red|1000\n|teamsize|p1|6\n|teamsize|p2|6\n|gen|9\n|tier|[Gen 9] Doubles OU\n|rated|\n|rule|Species Clause: Limit one of each Pok\u00e9mon\n|rule|OHKO Clause: OHKO moves are banned\n|rule|Evasion Moves Clause: Evasion moves are banned\n|rule|Gravity Sleep Clause: The combination of sleep-inducing moves with imperfect accuracy and Gravity or Gigantamax Orbeetle are banned\n|rule|Endless Battle Clause: Forcing endless battles is banned\n|rule|HP Percentage Mod: HP is shown in percentages\n|clearpoke\n|poke|p1|Ceruledge, M|\n|poke|p1|Meowscarada, F|\n|poke|p1|Torkoal, M|\n|poke|p1|Samurott-Hisui, M|\n|poke|p1|Scizor, F|\n|poke|p1|Iron Valiant|\n|poke|p2|Skeledirge, M|\n|poke|p2|Quaquaval, M|\n|poke|p2|Meowscarada, M|\n|poke|p2|Typhlosion, M|\n|poke|p2|Empoleon, M|\n|poke|p2|Torterra, M|\n|teampreview\n|c|\u2606maybenotxand|like starters eh?\n|\n|t:|1700892624\n|start\n|switch|p1a: Fryden|Ceruledge, M|100\/100\n|switch|p1b: Hot Turtle|Torkoal, M, shiny|100\/100\n|switch|p2a: Skeledirge|Skeledirge, M, shiny|100\/100\n|switch|p2b: Explosion|Typhlosion, M, shiny|100\/100\n|-weather|SunnyDay|[from] ability: Drought|[of] p1b: Hot Turtle\n|turn|1\n|c|\u2606maybenotxand|good choices\n|\n|t:|1700892658\n|move|p1a: Fryden|Shadow Sneak|p2a: Skeledirge\n|-supereffective|p2a: Skeledirge\n|-damage|p2a: Skeledirge|68\/100\n|move|p2b: Explosion|Focus Blast|p1b: Hot Turtle\n|-damage|p1b: Hot Turtle|69\/100\n|move|p2a: Skeledirge|Crunch|p1a: Fryden\n|-supereffective|p1a: Fryden\n|-damage|p1a: Fryden|48\/100\n|move|p1b: Hot Turtle|Earth Power|p2b: Explosion\n|-supereffective|p2b: Explosion\n|-damage|p2b: Explosion|45\/100\n|\n|-weather|SunnyDay|[upkeep]\n|upkeep\n|turn|2\n|\n|t:|1700892701\n|move|p1a: Fryden|Bitter Blade|p2a: Skeledirge\n|-resisted|p2a: Skeledirge\n|-damage|p2a: Skeledirge|40\/100\n|-heal|p1a: Fryden|65\/100|[from] drain|[of] p2a: Skeledirge\n|move|p2b: Explosion|Extrasensory|p1b: Hot Turtle\n|-damage|p1b: Hot Turtle|45\/100\n|move|p2a: Skeledirge|Crunch|p1a: Fryden\n|-supereffective|p1a: Fryden\n|-damage|p1a: Fryden|14\/100\n|move|p1b: Hot Turtle|Earth Power|p2b: Explosion\n|-supereffective|p2b: Explosion\n|-damage|p2b: Explosion|0 fnt\n|faint|p2b: Explosion\n|\n|-weather|SunnyDay|[upkeep]\n|upkeep\n|\n|t:|1700892724\n|switch|p2b: Expoloen|Empoleon, M, shiny|100\/100\n|turn|3\n|\n|t:|1700892738\n|move|p1a: Fryden|Bitter Blade|p2b: Expoloen\n|-damage|p2b: Expoloen|31\/100\n|-heal|p1a: Fryden|51\/100|[from] drain|[of] p2b: Expoloen\n|move|p2a: Skeledirge|Crunch|p1a: Fryden\n|-supereffective|p1a: Fryden\n|-damage|p1a: Fryden|0 fnt\n|faint|p1a: Fryden\n|move|p2b: Expoloen|Hydro Pump|p1b: Hot Turtle\n|-supereffective|p1b: Hot Turtle\n|-damage|p1b: Hot Turtle|0 fnt\n|faint|p1b: Hot Turtle\n|\n|-weather|SunnyDay|[upkeep]\n|upkeep\n|c|\u2606maybenotxand|rue\n|\n|t:|1700892759\n|switch|p1a: Jetlag|Iron Valiant, shiny|100\/100\n|switch|p1b: Piplott|Samurott-Hisui, M|100\/100\n|turn|4\n|\n|t:|1700892781\n|move|p1a: Jetlag|Aura Sphere|p2b: Expoloen\n|-supereffective|p2b: Expoloen\n|-damage|p2b: Expoloen|0 fnt\n|faint|p2b: Expoloen\n|move|p1b: Piplott|Ceaseless Edge|p2a: Skeledirge\n|-supereffective|p2a: Skeledirge\n|-damage|p2a: Skeledirge|0 fnt\n|-sidestart|p2: bruhmach|Spikes\n|faint|p2a: Skeledirge\n|\n|-weather|SunnyDay|[upkeep]\n|upkeep\n|\n|t:|1700892804\n|switch|p2a: Meowscarada|Meowscarada, M, shiny|100\/100\n|switch|p2b: Quaquaval|Quaquaval, M, shiny|100\/100\n|-damage|p2a: Meowscarada|88\/100|[from] Spikes\n|-damage|p2b: Quaquaval|88\/100|[from] Spikes\n|turn|5\n|\n|t:|1700892837\n|switch|p1b: L Pokemon|Meowscarada, F|100\/100\n|move|p1a: Jetlag|Aura Sphere|p2a: Meowscarada\n|-supereffective|p2a: Meowscarada\n|-damage|p2a: Meowscarada|0 fnt\n|faint|p2a: Meowscarada\n|move|p2b: Quaquaval|Ice Spinner|p1b: L Pokemon\n|-supereffective|p1b: L Pokemon\n|-damage|p1b: L Pokemon|21\/100\n|\n|-weather|SunnyDay|[upkeep]\n|upkeep\n|inactive|Battle timer is ON: inactive players will automatically lose when time's up. (requested by maybenotxand)\n|inactive|bruhmach has 120 seconds left.\n|\n|t:|1700892894\n|switch|p2a: Torterra|Torterra, M, shiny|100\/100\n|-damage|p2a: Torterra|88\/100|[from] Spikes\n|turn|6\n|inactive|bruhmach has 120 seconds left.\n|\n|t:|1700892942\n|move|p1b: L Pokemon|Play Rough|p2b: Quaquaval\n|-start|p1b: L Pokemon|typechange|Fairy|[from] ability: Protean\n|-supereffective|p2b: Quaquaval\n|-damage|p2b: Quaquaval|0 fnt\n|faint|p2b: Quaquaval\n|move|p1a: Jetlag|Aura Sphere|p2a: Torterra\n|-damage|p2a: Torterra|25\/100\n|move|p2a: Torterra|Heavy Slam|p1a: Jetlag\n|-supereffective|p1a: Jetlag\n|-damage|p1a: Jetlag|2\/100\n|\n|-weather|SunnyDay|[upkeep]\n|upkeep\n|turn|7\n|inactive|bruhmach has 120 seconds left.\n|c|\u2606maybenotxand|sooooo\n|c|\u2606maybenotxand|GG?\n|\n|t:|1700892978\n|-terastallize|p2a: Torterra|Grass\n|move|p1b: L Pokemon|Play Rough|p2a: Torterra\n|-damage|p2a: Torterra|0 fnt\n|faint|p2a: Torterra\n|\n|win|maybenotxand\n|raw|maybenotxand's rating: 1087 &rarr; <strong>1107<\/strong><br \/>(+20 for winning)\n|raw|bruhmach's rating: 1000 &rarr; <strong>1000<\/strong><br \/>(+0 for losing)\n|c|\u2606maybenotxand|gg\n","uploadtime":1700892989,"views":7,"p1id":"maybenotxand","p2id":"bruhmach","formatid":"gen9doublesou","rating":1000,"private":0,"password":""}