{"id":"gen9doublesou-1989980203","p1":"Toucanton","p2":"ClapperKing","format":"[Gen 9] Doubles OU","log":"|j|\u2606Toucanton\n|j|\u2606ClapperKing\n|t:|1699912175\n|gametype|doubles\n|player|p1|Toucanton|battlegirl-gen4|1160\n|player|p2|ClapperKing|101|1203\n|teamsize|p1|6\n|teamsize|p2|6\n|gen|9\n|tier|[Gen 9] Doubles OU\n|rated|\n|rule|Species Clause: Limit one of each Pok\u00e9mon\n|rule|OHKO Clause: OHKO moves are banned\n|rule|Evasion Moves Clause: Evasion moves are banned\n|rule|Gravity Sleep Clause: The combination of sleep-inducing moves with imperfect accuracy and Gravity or Gigantamax Orbeetle are banned\n|rule|Endless Battle Clause: Forcing endless battles is banned\n|rule|HP Percentage Mod: HP is shown in percentages\n|clearpoke\n|poke|p1|Snorlax, M|\n|poke|p1|Sinistcha|\n|poke|p1|Landorus-Therian, M|\n|poke|p1|Iron Hands|\n|poke|p1|Clefairy, F|\n|poke|p1|Kommo-o, M|\n|poke|p2|Torkoal, M|\n|poke|p2|Flutter Mane|\n|poke|p2|Roaring Moon|\n|poke|p2|Tornadus, M|\n|poke|p2|Landorus-Therian, M|\n|poke|p2|Ogerpon-Hearthflame, F|\n|teampreview\n|inactive|Battle timer is ON: inactive players will automatically lose when time's up. (requested by ClapperKing)\n|\n|t:|1699912190\n|start\n|switch|p1a: Landorus|Landorus-Therian, M|100\/100\n|switch|p1b: Sinistcha|Sinistcha|100\/100\n|switch|p2a: Torkoal|Torkoal, M|100\/100\n|switch|p2b: Flutter Mane|Flutter Mane|100\/100\n|-ability|p1a: Landorus|Intimidate|boost\n|-unboost|p2a: Torkoal|atk|1\n|-unboost|p2b: Flutter Mane|atk|1\n|-weather|SunnyDay|[from] ability: Drought|[of] p2a: Torkoal\n|-activate|p2b: Flutter Mane|ability: Protosynthesis\n|-start|p2b: Flutter Mane|protosynthesisspa\n|turn|1\n|inactive|Toucanton has 120 seconds left.\n|\n|t:|1699912231\n|-terastallize|p2b: Flutter Mane|Fairy\n|move|p2a: Torkoal|Helping Hand|p2b: Flutter Mane\n|-singleturn|p2b: Flutter Mane|Helping Hand|[of] p2a: Torkoal\n|move|p1b: Sinistcha|Rage Powder|p1b: Sinistcha\n|-singleturn|p1b: Sinistcha|move: Rage Powder\n|move|p1a: Landorus|Stomping Tantrum|p2a: Torkoal\n|-supereffective|p2a: Torkoal\n|-damage|p2a: Torkoal|25\/100\n|move|p2b: Flutter Mane|Dazzling Gleam|p1a: Landorus|[spread] p1a,p1b\n|-damage|p1a: Landorus|0 fnt\n|-damage|p1b: Sinistcha|0 fnt\n|faint|p1a: Landorus\n|faint|p1b: Sinistcha\n|\n|-weather|SunnyDay|[upkeep]\n|upkeep\n|inactive|Toucanton has 90 seconds left.\n|\n|t:|1699912259\n|switch|p1a: Iron Hands|Iron Hands|100\/100\n|switch|p1b: Snorlax|Snorlax, M|100\/100\n|turn|2\n|c|\u2606ClapperKing|Yep broken\n|\n|t:|1699912268\n|-end|p2b: Flutter Mane|Protosynthesis|[silent]\n|switch|p2b: Ogerpon|Ogerpon-Hearthflame, F|100\/100\n|-ability|p2b: Ogerpon|Mold Breaker\n|switch|p2a: Landorus|Landorus-Therian, M|100\/100\n|-ability|p2a: Landorus|Intimidate|boost\n|-unboost|p1a: Iron Hands|atk|1\n|-unboost|p1b: Snorlax|atk|1\n|move|p1a: Iron Hands|Fake Out|p2b: Ogerpon\n|-damage|p2b: Ogerpon|86\/100\n|move|p1b: Snorlax|Belly Drum|p1b: Snorlax\n|-damage|p1b: Snorlax|50\/100\n|-setboost|p1b: Snorlax|atk|6|[from] move: Belly Drum\n|-enditem|p1b: Snorlax|Sitrus Berry|[eat]\n|-heal|p1b: Snorlax|75\/100|[from] item: Sitrus Berry\n|\n|-weather|SunnyDay|[upkeep]\n|upkeep\n|turn|3\n|inactive|Toucanton has 120 seconds left.\n|\n|t:|1699912307\n|move|p2a: Landorus|Stomping Tantrum|p1a: Iron Hands\n|-supereffective|p1a: Iron Hands\n|-damage|p1a: Iron Hands|37\/100\n|move|p2b: Ogerpon|Ivy Cudgel|p1b: Snorlax\n|-damage|p1b: Snorlax|14\/100\n|move|p1a: Iron Hands|Drain Punch|p2a: Landorus\n|-resisted|p2a: Landorus\n|-damage|p2a: Landorus|83\/100\n|-heal|p1a: Iron Hands|44\/100|[from] drain|[of] p2a: Landorus\n|move|p1b: Snorlax|Facade|p2a: Landorus\n|-damage|p2a: Landorus|0 fnt\n|faint|p2a: Landorus\n|\n|-weather|SunnyDay|[upkeep]\n|upkeep\n|\n|t:|1699912325\n|switch|p2a: Flutter Mane|Flutter Mane, tera:Fairy|100\/100\n|-activate|p2a: Flutter Mane|ability: Protosynthesis\n|-start|p2a: Flutter Mane|protosynthesisspa\n|turn|4\n|\n|t:|1699912335\n|switch|p2b: Torkoal|Torkoal, M|25\/100\n|move|p1b: Snorlax|Protect|p1b: Snorlax\n|-singleturn|p1b: Snorlax|Protect\n|move|p2a: Flutter Mane|Dazzling Gleam|p1b: Snorlax|[spread] p1a\n|-activate|p1b: Snorlax|move: Protect\n|-supereffective|p1a: Iron Hands\n|-damage|p1a: Iron Hands|0 fnt\n|faint|p1a: Iron Hands\n|-end|p1a: Iron Hands|Quark Drive|[silent]\n|\n|-weather|SunnyDay|[upkeep]\n|upkeep\n|inactive|Toucanton has 120 seconds left.\n|\n|t:|1699912348\n|switch|p1a: Clefairy|Clefairy, F, shiny|100\/100\n|turn|5\n|\n|t:|1699912363\n|move|p2b: Torkoal|Helping Hand|p2a: Flutter Mane\n|-singleturn|p2a: Flutter Mane|Helping Hand|[of] p2b: Torkoal\n|move|p2a: Flutter Mane|Dazzling Gleam|p1b: Snorlax|[spread] p1a,p1b\n|-damage|p1a: Clefairy|0 fnt\n|-damage|p1b: Snorlax|0 fnt\n|faint|p1a: Clefairy\n|faint|p1b: Snorlax\n|\n|-weather|none\n|-end|p2a: Flutter Mane|Protosynthesis\n|upkeep\n|\n|t:|1699912373\n|switch|p1b: Kommo-o|Kommo-o, M|100\/100\n|turn|6\n|\n|t:|1699912380\n|-terastallize|p1b: Kommo-o|Steel\n|move|p2b: Torkoal|Helping Hand|p2a: Flutter Mane\n|-singleturn|p2a: Flutter Mane|Helping Hand|[of] p2b: Torkoal\n|move|p2a: Flutter Mane|Dazzling Gleam|p1b: Kommo-o\n|-resisted|p1b: Kommo-o\n|-damage|p1b: Kommo-o|22\/100\n|move|p1b: Kommo-o|Flash Cannon|p2a: Flutter Mane\n|-supereffective|p2a: Flutter Mane\n|-damage|p2a: Flutter Mane|22\/100\n|\n|upkeep\n|turn|7\n|\n|t:|1699912394\n|move|p2b: Torkoal|Helping Hand|p2a: Flutter Mane\n|-singleturn|p2a: Flutter Mane|Helping Hand|[of] p2b: Torkoal\n|move|p2a: Flutter Mane|Dazzling Gleam|p1b: Kommo-o\n|-resisted|p1b: Kommo-o\n|-damage|p1b: Kommo-o|0 fnt\n|faint|p1b: Kommo-o\n|\n|win|ClapperKing\n|raw|Toucanton's rating: 1160 &rarr; <strong>1138<\/strong><br \/>(-22 for losing)\n|raw|ClapperKing's rating: 1203 &rarr; <strong>1225<\/strong><br \/>(+22 for winning)\n|l|\u2606Toucanton\n","uploadtime":1699912404,"views":7,"p1id":"toucanton","p2id":"clapperking","formatid":"gen9doublesou","rating":1138,"private":0,"password":""}