{"id":"gen9doublesou-1998096351","p1":"maybenotxand","p2":"mrfood00014","format":"[Gen 9] Doubles OU","log":"|j|\u2606maybenotxand\n|j|\u2606mrfood00014\n|t:|1700890659\n|gametype|doubles\n|player|p1|maybenotxand|dawn|1040\n|player|p2|mrfood00014|rood|1086\n|teamsize|p1|6\n|teamsize|p2|6\n|gen|9\n|tier|[Gen 9] Doubles OU\n|rated|\n|rule|Species Clause: Limit one of each Pok\u00e9mon\n|rule|OHKO Clause: OHKO moves are banned\n|rule|Evasion Moves Clause: Evasion moves are banned\n|rule|Gravity Sleep Clause: The combination of sleep-inducing moves with imperfect accuracy and Gravity or Gigantamax Orbeetle are banned\n|rule|Endless Battle Clause: Forcing endless battles is banned\n|rule|HP Percentage Mod: HP is shown in percentages\n|clearpoke\n|poke|p1|Ceruledge, M|\n|poke|p1|Meowscarada, F|\n|poke|p1|Torkoal, F|\n|poke|p1|Samurott-Hisui, F|\n|poke|p1|Scizor, F|\n|poke|p1|Iron Valiant|\n|poke|p2|Scovillain, F|\n|poke|p2|Palafin, M|\n|poke|p2|Eelektross, F|\n|poke|p2|Garchomp, F|\n|poke|p2|Ceruledge, F|\n|poke|p2|Dipplin, M|\n|teampreview\n|\n|t:|1700890688\n|start\n|switch|p1a: Fryden|Ceruledge, M|100\/100\n|switch|p1b: Hot Turtle|Torkoal, F, shiny|100\/100\n|switch|p2a: Palafin|Palafin, M|100\/100\n|switch|p2b: Garchomp|Garchomp, F|100\/100\n|-weather|SunnyDay|[from] ability: Drought|[of] p1b: Hot Turtle\n|turn|1\n|\n|t:|1700890708\n|detailschange|p2a: Palafin|Palafin-Hero, M\n|switch|p2a: Eelektross|Eelektross, F|100\/100\n|-terastallize|p1a: Fryden|Grass\n|move|p1a: Fryden|Solar Blade||[still]\n|-prepare|p1a: Fryden|Solar Blade\n|-anim|p1a: Fryden|Solar Blade|p2a: Eelektross\n|-damage|p2a: Eelektross|29\/100\n|move|p2b: Garchomp|Dragon Pulse|p1a: Fryden\n|-damage|p1a: Fryden|70\/100\n|move|p1b: Hot Turtle|Earth Power|p2b: Garchomp\n|-damage|p2b: Garchomp|83\/100\n|\n|-weather|SunnyDay|[upkeep]\n|upkeep\n|turn|2\n|\n|t:|1700890753\n|move|p1a: Fryden|Solar Blade||[still]\n|-prepare|p1a: Fryden|Solar Blade\n|-anim|p1a: Fryden|Solar Blade|p2a: Eelektross\n|-damage|p2a: Eelektross|0 fnt\n|faint|p2a: Eelektross\n|move|p2b: Garchomp|Dragon Claw|p1a: Fryden\n|-damage|p1a: Fryden|16\/100\n|move|p1b: Hot Turtle|Will-O-Wisp|p2b: Garchomp\n|-status|p2b: Garchomp|brn\n|\n|-weather|SunnyDay|[upkeep]\n|-damage|p2b: Garchomp|77\/100 brn|[from] brn\n|upkeep\n|\n|t:|1700890765\n|switch|p2a: Palafin|Palafin-Hero, M|100\/100\n|-activate|p2a: Palafin|ability: Zero to Hero\n|turn|3\n|\n|t:|1700890779\n|switch|p1a: Jetlag|Iron Valiant, shiny|100\/100\n|switch|p1b: L Pokemon|Meowscarada, F|100\/100\n|move|p2b: Garchomp|Dragon Claw|p1a: Jetlag\n|-immune|p1a: Jetlag\n|move|p2a: Palafin|Body Slam|p1a: Jetlag\n|-damage|p1a: Jetlag|58\/100\n|-status|p1a: Jetlag|par\n|\n|-weather|SunnyDay|[upkeep]\n|-damage|p2b: Garchomp|71\/100 brn|[from] brn\n|upkeep\n|turn|4\n|\n|t:|1700890824\n|move|p2a: Palafin|Jet Punch|p1b: L Pokemon\n|-resisted|p1b: L Pokemon\n|-damage|p1b: L Pokemon|87\/100\n|move|p1b: L Pokemon|Flower Trick|p2a: Palafin\n|-start|p1b: L Pokemon|typechange|Grass|[from] ability: Protean\n|-supereffective|p2a: Palafin\n|-crit|p2a: Palafin\n|-damage|p2a: Palafin|0 fnt\n|faint|p2a: Palafin\n|move|p2b: Garchomp|Body Slam|p1a: Jetlag\n|-damage|p1a: Jetlag|41\/100 par\n|move|p1a: Jetlag|Moonblast|p2b: Garchomp\n|-supereffective|p2b: Garchomp\n|-damage|p2b: Garchomp|0 fnt\n|faint|p2b: Garchomp\n|\n|-weather|SunnyDay|[upkeep]\n|upkeep\n|c|\u2606maybenotxand|L\n|\n|t:|1700890842\n|switch|p2b: Dipplin|Dipplin, M|100\/100\n|switch|p2a: Scovillain|Scovillain, F|100\/100\n|-ability|p2b: Dipplin|Supersweet Syrup\n|-ability|p2b: Dipplin|Supersweet Syrup|boost\n|-unboost|p1a: Jetlag|evasion|1\n|-unboost|p1b: L Pokemon|evasion|1\n|turn|5\n|\n|t:|1700890864\n|switch|p1b: Piplott|Samurott-Hisui, F|100\/100\n|-terastallize|p2a: Scovillain|Water\n|move|p2b: Dipplin|Sucker Punch|p1a: Jetlag\n|-resisted|p1a: Jetlag\n|-damage|p1a: Jetlag|36\/100 par\n|move|p2a: Scovillain|Flamethrower|p1b: Piplott\n|-resisted|p1b: Piplott\n|-damage|p1b: Piplott|61\/100\n|move|p1a: Jetlag|Moonblast|p2b: Dipplin\n|-supereffective|p2b: Dipplin\n|-damage|p2b: Dipplin|0 fnt\n|faint|p2b: Dipplin\n|\n|-weather|SunnyDay|[upkeep]\n|upkeep\n|l|\u2606mrfood00014\n|player|p2|\n|inactive|Battle timer is ON: inactive players will automatically lose when time's up. (requested by maybenotxand)\n|inactive|mrfood00014 has 30 seconds to reconnect!\n|c|\u2606maybenotxand|he\n|c|\u2606maybenotxand|just\n|inactive|mrfood00014 has 20 seconds to reconnect!\n|c|\u2606maybenotxand|gave\n|c|\u2606maybenotxand|up\n|c|\u2606maybenotxand|lol\n|inactive|mrfood00014 has 15 seconds to reconnect!\n|inactive|mrfood00014 has 10 seconds to reconnect!\n|inactive|mrfood00014 has 5 seconds to reconnect!\n|-message|mrfood00014 lost due to inactivity.\n|\n|win|maybenotxand\n|raw|maybenotxand's rating: 1040 &rarr; <strong>1078<\/strong><br \/>(+38 for winning)\n|raw|mrfood00014's rating: 1086 &rarr; <strong>1060<\/strong><br \/>(-26 for losing)\n","uploadtime":1700890967,"views":4,"p1id":"maybenotxand","p2id":"mrfood00014","formatid":"gen9doublesou","rating":1060,"private":0,"password":""}