{"id":"gen9doublesou-1974510517","p1":"ChimeBliss","p2":"StalinRiseAgain","format":"[Gen 9] Doubles OU","log":"|j|\u2606ChimeBliss\n|j|\u2606StalinRiseAgain\n|t:|1698093016\n|gametype|doubles\n|player|p1|ChimeBliss|dawn-gen4pt|1458\n|player|p2|StalinRiseAgain|drayden|1637\n|teamsize|p1|6\n|teamsize|p2|6\n|gen|9\n|tier|[Gen 9] Doubles OU\n|rated|\n|rule|Species Clause: Limit one of each Pok\u00e9mon\n|rule|OHKO Clause: OHKO moves are banned\n|rule|Evasion Moves Clause: Evasion moves are banned\n|rule|Gravity Sleep Clause: The combination of sleep-inducing moves with imperfect accuracy and Gravity or Gigantamax Orbeetle are banned\n|rule|Endless Battle Clause: Forcing endless battles is banned\n|rule|HP Percentage Mod: HP is shown in percentages\n|clearpoke\n|poke|p1|Chien-Pao|\n|poke|p1|Tornadus, M|\n|poke|p1|Dragonite, M|\n|poke|p1|Chi-Yu|\n|poke|p1|Flutter Mane|\n|poke|p1|Landorus, M|\n|poke|p2|Weezing, M|\n|poke|p2|Slaking, M|\n|poke|p2|Diancie|\n|poke|p2|Ceruledge, F|\n|poke|p2|Sinistcha-Masterpiece|\n|poke|p2|Rillaboom, F|\n|teampreview\n|inactive|Battle timer is ON: inactive players will automatically lose when time's up. (requested by ChimeBliss)\n|inactive|StalinRiseAgain has 120 seconds left.\n|\n|t:|1698093051\n|start\n|switch|p1a: Landorus|Landorus, M|100\/100\n|switch|p1b: Tornadus|Tornadus, M|100\/100\n|switch|p2a: Blue|Slaking, M|100\/100\n|switch|p2b: Sleezy|Weezing, M|100\/100\n|-ability|p2b: Sleezy|Neutralizing Gas\n|turn|1\n|\n|t:|1698093070\n|move|p1b: Tornadus|Tailwind|p1b: Tornadus\n|-sidestart|p1: ChimeBliss|move: Tailwind\n|move|p1a: Landorus|Sandsear Storm|p2b: Sleezy|[spread] p2a,p2b\n|-supereffective|p2b: Sleezy\n|-damage|p2a: Blue|55\/100\n|-damage|p2b: Sleezy|0 fnt\n|faint|p2b: Sleezy\n|-end|p2b: Sleezy|ability: Neutralizing Gas\n|-damage|p1a: Landorus|91\/100|[from] item: Life Orb\n|move|p2a: Blue|Rock Slide|p1b: Tornadus|[spread] p1a,p1b\n|-supereffective|p1b: Tornadus\n|-damage|p1a: Landorus|64\/100\n|-damage|p1b: Tornadus|21\/100\n|\n|upkeep\n|\n|t:|1698093081\n|switch|p2b: Diancie|Diancie|100\/100\n|turn|2\n|\n|t:|1698093089\n|switch|p2a: Rillaboom|Rillaboom, F|100\/100\n|-fieldstart|move: Grassy Terrain|[from] ability: Grassy Surge|[of] p2a: Rillaboom\n|-terastallize|p2b: Diancie|Grass\n|move|p1b: Tornadus|Bleakwind Storm|p2a: Rillaboom|[spread] p2a\n|-miss|p1b: Tornadus|p2b: Diancie\n|-supereffective|p2a: Rillaboom\n|-damage|p2a: Rillaboom|47\/100\n|move|p1a: Landorus|Earth Power|p2b: Diancie\n|-resisted|p2b: Diancie\n|-damage|p2b: Diancie|76\/100\n|move|p2b: Diancie|Trick Room|p2b: Diancie\n|-fieldstart|move: Trick Room|[of] p2b: Diancie\n|\n|-heal|p2b: Diancie|82\/100|[from] Grassy Terrain\n|-heal|p2a: Rillaboom|53\/100|[from] Grassy Terrain\n|upkeep\n|turn|3\n|\n|t:|1698093108\n|move|p1b: Tornadus|Protect|p1b: Tornadus\n|-singleturn|p1b: Tornadus|Protect\n|move|p2b: Diancie|Diamond Storm|p1b: Tornadus|[spread] p1a\n|-activate|p1b: Tornadus|move: Protect\n|-damage|p1a: Landorus|26\/100\n|-damage|p2b: Diancie|72\/100|[from] item: Life Orb\n|move|p2a: Rillaboom|Drum Beating|p1a: Landorus\n|-damage|p1a: Landorus|0 fnt\n|faint|p1a: Landorus\n|\n|-heal|p2b: Diancie|78\/100|[from] Grassy Terrain\n|-heal|p2a: Rillaboom|59\/100|[from] Grassy Terrain\n|upkeep\n|inactive|ChimeBliss has 120 seconds left.\n|\n|t:|1698093135\n|switch|p1a: Dragonite|Dragonite, M, shiny|100\/100\n|turn|4\n|\n|t:|1698093153\n|switch|p2a: Sinistcha|Sinistcha-Masterpiece|100\/100\n|-heal|p2b: Diancie|100\/100|[from] ability: Hospitality|[of] p2a: Sinistcha\n|-terastallize|p1a: Dragonite|Normal\n|move|p1a: Dragonite|Extreme Speed|p2a: Sinistcha\n|-immune|p2a: Sinistcha\n|move|p2b: Diancie|Diamond Storm|p1a: Dragonite|[spread] p1a,p1b\n|-supereffective|p1b: Tornadus\n|-damage|p1a: Dragonite|65\/100\n|-damage|p1b: Tornadus|0 fnt\n|faint|p1b: Tornadus\n|-damage|p2b: Diancie|91\/100|[from] item: Life Orb\n|\n|-heal|p2b: Diancie|97\/100|[from] Grassy Terrain\n|-heal|p1a: Dragonite|72\/100|[from] Grassy Terrain\n|-sideend|p1: ChimeBliss|move: Tailwind\n|upkeep\n|inactive|ChimeBliss has 120 seconds left.\n|\n|t:|1698093169\n|switch|p1b: Chien-Pao|Chien-Pao|100\/100\n|-ability|p1b: Chien-Pao|Sword of Ruin\n|turn|5\n|\n|t:|1698093175\n|move|p1b: Chien-Pao|Protect|p1b: Chien-Pao\n|-singleturn|p1b: Chien-Pao|Protect\n|move|p1a: Dragonite|Extreme Speed|p2b: Diancie\n|-damage|p2b: Diancie|17\/100\n|move|p2b: Diancie|Diamond Storm|p1b: Chien-Pao|[spread] p1a\n|-activate|p1b: Chien-Pao|move: Protect\n|-damage|p1a: Dragonite|24\/100\n|-damage|p2b: Diancie|7\/100|[from] item: Life Orb\n|move|p2a: Sinistcha|Matcha Gotcha|p1b: Chien-Pao|[spread] p1a\n|-activate|p1b: Chien-Pao|move: Protect\n|-damage|p1a: Dragonite|0 fnt\n|faint|p1a: Dragonite\n|\n|-heal|p2b: Diancie|13\/100|[from] Grassy Terrain\n|upkeep\n|\n|t:|1698093187\n|switch|p1a: Flutter Mane|Flutter Mane|100\/100\n|turn|6\n|\n|t:|1698093200\n|move|p1b: Chien-Pao|Sucker Punch|p2b: Diancie\n|-damage|p2b: Diancie|0 fnt\n|faint|p2b: Diancie\n|move|p2a: Sinistcha|Matcha Gotcha|p1a: Flutter Mane|[spread] p1a,p1b\n|-damage|p1a: Flutter Mane|56\/100\n|-damage|p1b: Chien-Pao|36\/100\n|move|p1a: Flutter Mane|Shadow Ball|p2a: Sinistcha\n|-supereffective|p2a: Sinistcha\n|-damage|p2a: Sinistcha|5\/100\n|\n|-heal|p2a: Sinistcha|11\/100|[from] Grassy Terrain\n|-heal|p1a: Flutter Mane|62\/100|[from] Grassy Terrain\n|-heal|p1b: Chien-Pao|42\/100|[from] Grassy Terrain\n|-fieldend|move: Trick Room\n|-fieldend|move: Grassy Terrain\n|upkeep\n|\n|t:|1698093216\n|switch|p2b: Ceruledge|Ceruledge, F|100\/100\n|turn|7\n|\n|t:|1698093225\n|move|p1b: Chien-Pao|Sucker Punch|p2a: Sinistcha\n|-supereffective|p2a: Sinistcha\n|-damage|p2a: Sinistcha|0 fnt\n|faint|p2a: Sinistcha\n|move|p2b: Ceruledge|Shadow Sneak|p1a: Flutter Mane\n|-supereffective|p1a: Flutter Mane\n|-damage|p1a: Flutter Mane|0 fnt\n|faint|p1a: Flutter Mane\n|-end|p1a: Flutter Mane|Protosynthesis|[silent]\n|\n|upkeep\n|\n|t:|1698093232\n|switch|p1a: Chi-Yu|Chi-Yu|100\/100\n|switch|p2a: Rillaboom|Rillaboom, F|59\/100\n|-ability|p1a: Chi-Yu|Beads of Ruin\n|-fieldstart|move: Grassy Terrain|[from] ability: Grassy Surge|[of] p2a: Rillaboom\n|turn|8\n|\n|t:|1698093248\n|move|p2b: Ceruledge|Endure|p2b: Ceruledge\n|-singleturn|p2b: Ceruledge|move: Endure\n|move|p2a: Rillaboom|Fake Out|p1a: Chi-Yu\n|-damage|p1a: Chi-Yu|72\/100\n|move|p1b: Chien-Pao|Sucker Punch||[still]\n|-fail|p1b: Chien-Pao\n|cant|p1a: Chi-Yu|flinch\n|\n|-heal|p1a: Chi-Yu|78\/100|[from] Grassy Terrain\n|-heal|p1b: Chien-Pao|48\/100|[from] Grassy Terrain\n|-heal|p2a: Rillaboom|65\/100|[from] Grassy Terrain\n|upkeep\n|turn|9\n|\n|t:|1698093270\n|switch|p2b: Blue|Slaking, M|55\/100\n|move|p1b: Chien-Pao|Sucker Punch||[still]\n|-fail|p1b: Chien-Pao\n|move|p2a: Rillaboom|Grassy Glide|p1b: Chien-Pao\n|-damage|p1b: Chien-Pao|1\/100\n|move|p1a: Chi-Yu|Heat Wave|p2a: Rillaboom|[spread] p2a,p2b\n|-supereffective|p2a: Rillaboom\n|-damage|p2a: Rillaboom|0 fnt\n|-damage|p2b: Blue|0 fnt\n|faint|p2a: Rillaboom\n|faint|p2b: Blue\n|\n|-heal|p1a: Chi-Yu|84\/100|[from] Grassy Terrain\n|-heal|p1b: Chien-Pao|7\/100|[from] Grassy Terrain\n|upkeep\n|\n|t:|1698093285\n|switch|p2b: Ceruledge|Ceruledge, F|100\/100\n|turn|10\n|\n|t:|1698093290\n|move|p1b: Chien-Pao|Sucker Punch|p2b: Ceruledge\n|-supereffective|p2b: Ceruledge\n|-damage|p2b: Ceruledge|0 fnt\n|faint|p2b: Ceruledge\n|\n|win|ChimeBliss\n|raw|ChimeBliss's rating: 1458 &rarr; <strong>1487<\/strong><br \/>(+29 for winning)\n|raw|StalinRiseAgain's rating: 1637 &rarr; <strong>1608<\/strong><br \/>(-29 for losing)\n|c|\u2606ChimeBliss|gg\n","uploadtime":1698093297,"views":12,"p1id":"chimebliss","p2id":"stalinriseagain","formatid":"gen9doublesou","rating":1487,"private":0,"password":""}