{"id":"gen9doublesou-1970721200","p1":"Kerminators","p2":"LingLing007","format":"[Gen 9] Doubles OU","log":"|j|\u2606Kerminators\n|j|\u2606LingLing007\n|t:|1697661102\n|gametype|doubles\n|player|p1|Kerminators|gambler|1094\n|player|p2|LingLing007|266|1199\n|teamsize|p1|6\n|teamsize|p2|6\n|gen|9\n|tier|[Gen 9] Doubles OU\n|rated|\n|rule|Species Clause: Limit one of each Pok\u00e9mon\n|rule|OHKO Clause: OHKO moves are banned\n|rule|Evasion Moves Clause: Evasion moves are banned\n|rule|Gravity Sleep Clause: The combination of sleep-inducing moves with imperfect accuracy and Gravity or Gigantamax Orbeetle are banned\n|rule|Endless Battle Clause: Forcing endless battles is banned\n|rule|HP Percentage Mod: HP is shown in percentages\n|clearpoke\n|poke|p1|Gliscor, F|\n|poke|p1|Sinistcha-Masterpiece|\n|poke|p1|Okidogi, M|\n|poke|p1|Ursaluna-Bloodmoon, M|\n|poke|p1|Goodra-Hisui, M|\n|poke|p1|Torterra, F|\n|poke|p2|Drifblim, F|\n|poke|p2|Sableye, F|\n|poke|p2|Basculegion, M|\n|poke|p2|Flutter Mane|\n|poke|p2|Dusclops, M|\n|poke|p2|Ceruledge, M|\n|teampreview\n|inactive|Battle timer is ON: inactive players will automatically lose when time's up. (requested by Kerminators)\n|\n|t:|1697661111\n|start\n|switch|p1a: Gliscor|Gliscor, F|100\/100\n|switch|p1b: Torterra|Torterra, F|100\/100\n|switch|p2a: Sableye|Sableye, F|100\/100\n|switch|p2b: Drifblim|Drifblim, F|100\/100\n|turn|1\n|\n|t:|1697661124\n|move|p1a: Gliscor|Protect|p1a: Gliscor\n|-singleturn|p1a: Gliscor|Protect\n|move|p2a: Sableye|Quash|p1b: Torterra\n|-activate|p1b: Torterra|move: Quash\n|move|p2b: Drifblim|Icy Wind|p1a: Gliscor|[spread] p1b\n|-activate|p1a: Gliscor|move: Protect\n|-supereffective|p1b: Torterra\n|-damage|p1b: Torterra|46\/100\n|-unboost|p1b: Torterra|spe|1\n|move|p1b: Torterra|Shell Smash|p1b: Torterra\n|-unboost|p1b: Torterra|def|1\n|-unboost|p1b: Torterra|spd|1\n|-boost|p1b: Torterra|atk|2\n|-boost|p1b: Torterra|spa|2\n|-boost|p1b: Torterra|spe|2\n|\n|-status|p1a: Gliscor|tox|[from] item: Toxic Orb\n|upkeep\n|turn|2\n|\n|t:|1697661150\n|move|p2a: Sableye|Quash|p1b: Torterra\n|-activate|p1b: Torterra|move: Quash\n|move|p1a: Gliscor|Fling|p2a: Sableye\n|-damage|p2a: Sableye|93\/100\n|-status|p2a: Sableye|tox\n|-enditem|p1a: Gliscor|Toxic Orb|[from] move: Fling\n|move|p2b: Drifblim|Icy Wind|p1b: Torterra|[spread] p1a,p1b\n|-supereffective|p1a: Gliscor\n|-supereffective|p1b: Torterra\n|-damage|p1a: Gliscor|29\/100 tox\n|-damage|p1b: Torterra|0 fnt\n|-unboost|p1a: Gliscor|spe|1\n|faint|p1b: Torterra\n|\n|-heal|p2a: Sableye|99\/100 tox|[from] item: Leftovers\n|-heal|p1a: Gliscor|41\/100 tox|[from] ability: Poison Heal\n|-damage|p2a: Sableye|93\/100 tox|[from] psn\n|upkeep\n|inactive|Kerminators has 120 seconds left.\n|\n|t:|1697661170\n|switch|p1b: Goodra|Goodra-Hisui, M|100\/100\n|turn|3\n|\n|t:|1697661182\n|move|p1a: Gliscor|Protect|p1a: Gliscor\n|-singleturn|p1a: Gliscor|Protect\n|move|p2a: Sableye|Taunt|p1b: Goodra\n|-start|p1b: Goodra|move: Taunt\n|move|p2b: Drifblim|Icy Wind|p1a: Gliscor|[spread] p1b\n|-activate|p1a: Gliscor|move: Protect\n|-damage|p1b: Goodra|92\/100\n|-unboost|p1b: Goodra|spe|1\n|cant|p1b: Goodra|move: Taunt|Shelter\n|\n|-heal|p2a: Sableye|99\/100 tox|[from] item: Leftovers\n|-heal|p1a: Gliscor|54\/100 tox|[from] ability: Poison Heal\n|-damage|p2a: Sableye|86\/100 tox|[from] psn\n|upkeep\n|turn|4\n|inactive|LingLing007 has 120 seconds left.\n|\n|t:|1697661212\n|move|p2b: Drifblim|Icy Wind|p1a: Gliscor|[spread] p1a,p1b\n|-supereffective|p1a: Gliscor\n|-damage|p1a: Gliscor|0 fnt\n|-damage|p1b: Goodra|83\/100\n|-unboost|p1b: Goodra|spe|1\n|faint|p1a: Gliscor\n|move|p2a: Sableye|Foul Play|p1b: Goodra\n|-damage|p1b: Goodra|39\/100\n|move|p1b: Goodra|Dragon Tail|p2a: Sableye\n|-damage|p2a: Sableye|50\/100 tox\n|-damage|p1b: Goodra|29\/100|[from] item: Life Orb\n|drag|p2a: Flutter Mane|Flutter Mane|100\/100\n|\n|upkeep\n|inactive|Kerminators has 120 seconds left.\n|\n|t:|1697661231\n|switch|p1a: Okidogi|Okidogi, M|100\/100\n|turn|5\n|inactive|Kerminators has 120 seconds left.\n|\n|t:|1697661259\n|-end|p2a: Flutter Mane|Protosynthesis|[silent]\n|switch|p2a: Dusclops|Dusclops, M|100\/100\n|-ability|p2a: Dusclops|Pressure\n|move|p1a: Okidogi|Knock Off|p2b: Drifblim\n|-supereffective|p2b: Drifblim\n|-damage|p2b: Drifblim|0 fnt\n|-enditem|p2b: Drifblim|Aguav Berry|[from] move: Knock Off|[of] p1a: Okidogi\n|faint|p2b: Drifblim\n|move|p1b: Goodra|Heavy Slam|p2a: Dusclops\n|-damage|p2a: Dusclops|56\/100\n|-damage|p1b: Goodra|19\/100|[from] item: Life Orb\n|\n|-end|p1b: Goodra|move: Taunt\n|upkeep\n|\n|t:|1697661274\n|switch|p2b: Ceruledge|Ceruledge, M|100\/100\n|turn|6\n|\n|t:|1697661281\n|move|p1a: Okidogi|Knock Off|p2b: Ceruledge\n|-supereffective|p2b: Ceruledge\n|-damage|p2b: Ceruledge|10\/100\n|-ability|p2b: Ceruledge|Weak Armor|boost\n|-unboost|p2b: Ceruledge|def|1\n|-boost|p2b: Ceruledge|spe|2\n|-status|p2b: Ceruledge|tox|[from] ability: Toxic Chain|[of] p1a: Okidogi\n|-enditem|p2b: Ceruledge|Focus Sash|[from] move: Knock Off|[of] p1a: Okidogi\n|move|p2b: Ceruledge|Swords Dance|p2b: Ceruledge\n|-boost|p2b: Ceruledge|atk|2\n|move|p2a: Dusclops|Will-O-Wisp|p1a: Okidogi\n|-status|p1a: Okidogi|brn\n|move|p1b: Goodra|Dragon Tail|p2a: Dusclops\n|-damage|p2a: Dusclops|33\/100\n|-damage|p1b: Goodra|9\/100|[from] item: Life Orb\n|drag|p2a: Sableye|Sableye, F|50\/100 tox\n|\n|-heal|p2a: Sableye|56\/100 tox|[from] item: Leftovers\n|-damage|p2b: Ceruledge|4\/100 tox|[from] psn\n|-damage|p2a: Sableye|50\/100 tox|[from] psn\n|-damage|p1a: Okidogi|94\/100 brn|[from] brn\n|upkeep\n|turn|7\n|\n|t:|1697661308\n|move|p2a: Sableye|Quash|p1a: Okidogi\n|-activate|p1a: Okidogi|move: Quash\n|move|p2b: Ceruledge|Bitter Blade|p1a: Okidogi\n|-crit|p1a: Okidogi\n|-damage|p1a: Okidogi|0 fnt\n|-heal|p2b: Ceruledge|66\/100 tox|[from] drain|[of] p1a: Okidogi\n|faint|p1a: Okidogi\n|move|p1b: Goodra|Dragon Tail|p2a: Sableye\n|-damage|p2a: Sableye|13\/100 tox\n|-damage|p1b: Goodra|0 fnt|[from] item: Life Orb\n|faint|p1b: Goodra\n|drag|p2a: Dusclops|Dusclops, M|33\/100\n|-ability|p2a: Dusclops|Pressure\n|\n|-damage|p2b: Ceruledge|53\/100 tox|[from] psn\n|upkeep\n|inactive|Kerminators has 120 seconds left.\n|\n|t:|1697661325\n|switch|p1a: Sinistcha|Sinistcha-Masterpiece|100\/100\n|switch|p1b: Ursaluna|Ursaluna-Bloodmoon, M|100\/100\n|turn|8\n|\n|t:|1697661343\n|-terastallize|p1a: Sinistcha|Water\n|move|p2b: Ceruledge|Bitter Blade|p1b: Ursaluna\n|-damage|p1b: Ursaluna|42\/100\n|-heal|p2b: Ceruledge|97\/100 tox|[from] drain|[of] p1b: Ursaluna\n|move|p1a: Sinistcha|Scald|p2b: Ceruledge\n|-supereffective|p2b: Ceruledge\n|-damage|p2b: Ceruledge|0 fnt\n|faint|p2b: Ceruledge\n|move|p1b: Ursaluna|Trailblaze|p2a: Dusclops\n|-damage|p2a: Dusclops|28\/100\n|-boost|p1b: Ursaluna|spe|1\n|move|p2a: Dusclops|Poltergeist|p1a: Sinistcha\n|-activate|p1a: Sinistcha|move: Poltergeist|Big Root\n|-damage|p1a: Sinistcha|74\/100\n|\n|upkeep\n|\n|t:|1697661360\n|switch|p2b: Flutter Mane|Flutter Mane|100\/100\n|turn|9\n|\n|t:|1697661376\n|move|p2b: Flutter Mane|Icy Wind|p1a: Sinistcha|[spread] p1a,p1b\n|-resisted|p1a: Sinistcha\n|-supereffective|p1b: Ursaluna\n|-damage|p1a: Sinistcha|66\/100\n|-damage|p1b: Ursaluna|20\/100\n|-unboost|p1a: Sinistcha|spe|1\n|-unboost|p1b: Ursaluna|spe|1\n|move|p1b: Ursaluna|Blood Moon|p2b: Flutter Mane\n|-damage|p2b: Flutter Mane|25\/100\n|move|p1a: Sinistcha|Matcha Gotcha|p2b: Flutter Mane|[spread] p2b\n|-miss|p1a: Sinistcha|p2a: Dusclops\n|-damage|p2b: Flutter Mane|0 fnt\n|-heal|p1a: Sinistcha|78\/100|[from] drain|[of] p2b: Flutter Mane\n|faint|p2b: Flutter Mane\n|-end|p2b: Flutter Mane|Protosynthesis|[silent]\n|move|p2a: Dusclops|Pain Split|p1a: Sinistcha\n|-sethp|p1a: Sinistcha|50\/100|[from] move: Pain Split|[silent]\n|-sethp|p2a: Dusclops|61\/100|[from] move: Pain Split\n|\n|upkeep\n|\n|t:|1697661390\n|switch|p2b: Sableye|Sableye, F|13\/100 tox\n|turn|10\n|\n|t:|1697661402\n|move|p2b: Sableye|Rain Dance|p2b: Sableye\n|-weather|RainDance\n|move|p1b: Ursaluna|Trailblaze|p2b: Sableye\n|-damage|p2b: Sableye|3\/100 tox\n|-boost|p1b: Ursaluna|spe|1\n|move|p1a: Sinistcha|Shadow Ball|p2a: Dusclops\n|-supereffective|p2a: Dusclops\n|-damage|p2a: Dusclops|18\/100\n|move|p2a: Dusclops|Brick Break|p1b: Ursaluna\n|-supereffective|p1b: Ursaluna\n|-damage|p1b: Ursaluna|0 fnt\n|faint|p1b: Ursaluna\n|\n|-weather|RainDance|[upkeep]\n|-heal|p2b: Sableye|10\/100 tox|[from] item: Leftovers\n|-damage|p2b: Sableye|3\/100 tox|[from] psn\n|upkeep\n|turn|11\n|\n|t:|1697661420\n|move|p2b: Sableye|Taunt|p1a: Sinistcha\n|-start|p1a: Sinistcha|move: Taunt\n|move|p1a: Sinistcha|Matcha Gotcha|p2a: Dusclops|[spread] p2a\n|-miss|p1a: Sinistcha|p2b: Sableye\n|-damage|p2a: Dusclops|1\/100\n|-heal|p1a: Sinistcha|59\/100|[from] drain|[of] p2a: Dusclops\n|move|p2a: Dusclops|Poltergeist|p1a: Sinistcha\n|-activate|p1a: Sinistcha|move: Poltergeist|Big Root\n|-damage|p1a: Sinistcha|31\/100\n|\n|-weather|RainDance|[upkeep]\n|-heal|p2b: Sableye|10\/100 tox|[from] item: Leftovers\n|-damage|p2b: Sableye|0 fnt|[from] psn\n|faint|p2b: Sableye\n|upkeep\n|\n|t:|1697661425\n|switch|p2b: Basculegion|Basculegion, M, shiny|100\/100\n|turn|12\n|\n|t:|1697661446\n|-terastallize|p2b: Basculegion|Ghost\n|move|p2b: Basculegion|Last Respects|p1a: Sinistcha\n|-damage|p1a: Sinistcha|0 fnt\n|faint|p1a: Sinistcha\n|\n|win|LingLing007\n|raw|Kerminators's rating: 1094 &rarr; <strong>1077<\/strong><br \/>(-17 for losing)\n|raw|LingLing007's rating: 1199 &rarr; <strong>1217<\/strong><br \/>(+18 for winning)\n|c|\u2606LingLing007|gg\n|l|\u2606Kerminators\n","uploadtime":1697662094,"views":16,"p1id":"kerminators","p2id":"lingling007","formatid":"gen9doublesou","rating":1077,"private":0,"password":""}