{"id":"gen9doublesou-1968693302","p1":"Pikesito","p2":"MopisEdibles","format":"[Gen 9] Doubles OU","log":"|j|\u2606Pikesito\n|j|\u2606MopisEdibles\n|inactive|Battle timer is ON: inactive players will automatically lose when time's up.\n|t:|1697454441\n|gametype|doubles\n|player|p1|Pikesito|zinnia|\n|player|p2|MopisEdibles|flannery|\n|teamsize|p1|6\n|teamsize|p2|6\n|gen|9\n|tier|[Gen 9] Doubles OU\n|rated|Tournament battle\n|rule|Species Clause: Limit one of each Pok\u00e9mon\n|rule|OHKO Clause: OHKO moves are banned\n|rule|Evasion Moves Clause: Evasion moves are banned\n|rule|Gravity Sleep Clause: The combination of sleep-inducing moves with imperfect accuracy and Gravity or Gigantamax Orbeetle are banned\n|rule|Endless Battle Clause: Forcing endless battles is banned\n|rule|HP Percentage Mod: HP is shown in percentages\n|clearpoke\n|poke|p1|Mienshao, M|\n|poke|p1|Cetitan, F|\n|poke|p1|Meowscarada, F|\n|poke|p1|Slugma, M|\n|poke|p1|Kingambit, M|\n|poke|p1|Garganacl, M|\n|poke|p2|Drifblim, F|\n|poke|p2|Mudsdale, F|\n|poke|p2|Espathra, M|\n|poke|p2|Hariyama, F|\n|poke|p2|Hydreigon, F|\n|poke|p2|Maushold-Four|\n|teampreview\n|j|*Lady Monita \u263d\n|j| larssie262\n|j| PikachuDoesntCutIt\n|inactive|Pikesito has 120 seconds left.\n|j| iamstupiditstrue\n|j|^Use Guard Specs\n|l| iamstupiditstrue\n|inactive|Pikesito has 90 seconds left.\n|\n|t:|1697454516\n|start\n|switch|p1a: Sligma|Slugma, M, shiny|100\/100\n|switch|p1b: Mienshao|Mienshao, M|100\/100\n|switch|p2a: Drifblim|Drifblim, F|100\/100\n|switch|p2b: Mudsdale|Mudsdale, F|100\/100\n|turn|1\n|\n|t:|1697454532\n|move|p1b: Mienshao|Knock Off|p2a: Drifblim\n|-supereffective|p2a: Drifblim\n|-damage|p2a: Drifblim|37\/100\n|-enditem|p2a: Drifblim|Sitrus Berry|[from] move: Knock Off|[of] p1b: Mienshao\n|move|p2a: Drifblim|Tailwind|p2a: Drifblim\n|-sidestart|p2: MopisEdibles|move: Tailwind\n|move|p2b: Mudsdale|Stealth Rock|p1a: Sligma\n|-sidestart|p1: Pikesito|move: Stealth Rock\n|move|p1a: Sligma|Stealth Rock|p2a: Drifblim\n|-sidestart|p2: MopisEdibles|move: Stealth Rock\n|\n|upkeep\n|turn|2\n|inactive|Pikesito has 120 seconds left.\n|\n|t:|1697454575\n|switch|p1b: Cetitan|Cetitan, F|100\/100\n|-damage|p1b: Cetitan|75\/100|[from] Stealth Rock\n|move|p2a: Drifblim|Thunder Wave|p1b: Cetitan\n|-status|p1b: Cetitan|par\n|move|p2b: Mudsdale|Earthquake|p1a: Sligma|[spread] p1a,p1b\n|-immune|p2a: Drifblim\n|-supereffective|p1a: Sligma\n|-enditem|p1a: Sligma|Focus Sash\n|-damage|p1a: Sligma|1\/100\n|-damage|p1b: Cetitan|47\/100 par\n|-enditem|p1b: Cetitan|Sitrus Berry|[eat]\n|-heal|p1b: Cetitan|72\/100 par|[from] item: Sitrus Berry\n|move|p1a: Sligma|Lava Plume|p2a: Drifblim|[spread] p1b,p2a,p2b\n|-supereffective|p1b: Cetitan\n|-damage|p1b: Cetitan|47\/100 par\n|-damage|p2a: Drifblim|8\/100\n|-damage|p2b: Mudsdale|77\/100\n|-ability|p2b: Mudsdale|Stamina|boost\n|-boost|p2b: Mudsdale|def|1\n|\n|-heal|p2b: Mudsdale|83\/100|[from] item: Leftovers\n|upkeep\n|turn|3\n|\n|t:|1697454593\n|move|p1b: Cetitan|Ice Shard|p2a: Drifblim\n|-supereffective|p2a: Drifblim\n|-damage|p2a: Drifblim|0 fnt\n|faint|p2a: Drifblim\n|move|p2b: Mudsdale|Earthquake|p1b: Cetitan|[spread] p1a,p1b\n|-supereffective|p1a: Sligma\n|-damage|p1a: Sligma|0 fnt\n|-damage|p1b: Cetitan|19\/100 par\n|faint|p1a: Sligma\n|\n|-heal|p2b: Mudsdale|90\/100|[from] item: Leftovers\n|upkeep\n|\n|t:|1697454604\n|switch|p2a: Espathra|Espathra, M, shiny|100\/100\n|switch|p1a: Meowscarada|Meowscarada, F|100\/100\n|-damage|p2a: Espathra|88\/100|[from] Stealth Rock\n|-damage|p1a: Meowscarada|88\/100|[from] Stealth Rock\n|turn|4\n|\n|t:|1697454616\n|move|p1a: Meowscarada|Protect|p1a: Meowscarada\n|-singleturn|p1a: Meowscarada|Protect\n|cant|p1b: Cetitan|par\n|move|p2a: Espathra|Dazzling Gleam|p1b: Cetitan|[spread] p1b\n|-activate|p1a: Meowscarada|move: Protect\n|-damage|p1b: Cetitan|0 fnt\n|faint|p1b: Cetitan\n|move|p2b: Mudsdale|Body Press|p1a: Meowscarada\n|-activate|p1a: Meowscarada|move: Protect\n|\n|-heal|p2b: Mudsdale|96\/100|[from] item: Leftovers\n|-sideend|p2: MopisEdibles|move: Tailwind\n|-ability|p2a: Espathra|Speed Boost|boost\n|-boost|p2a: Espathra|spe|1\n|upkeep\n|\n|t:|1697454621\n|switch|p1b: Mienshao|Mienshao, M|100\/100\n|-damage|p1b: Mienshao|95\/100|[from] Stealth Rock\n|turn|5\n|\n|t:|1697454642\n|-terastallize|p2a: Espathra|Fairy\n|move|p1b: Mienshao|Fake Out|p2a: Espathra\n|-crit|p2a: Espathra\n|-damage|p2a: Espathra|55\/100\n|cant|p2a: Espathra|flinch\n|move|p1a: Meowscarada|Flower Trick|p2b: Mudsdale\n|-supereffective|p2b: Mudsdale\n|-crit|p2b: Mudsdale\n|-damage|p2b: Mudsdale|19\/100\n|-ability|p2b: Mudsdale|Stamina|boost\n|-boost|p2b: Mudsdale|def|1\n|-damage|p1a: Meowscarada|78\/100|[from] item: Life Orb\n|move|p2b: Mudsdale|Body Press|p1a: Meowscarada\n|-supereffective|p1a: Meowscarada\n|-damage|p1a: Meowscarada|0 fnt\n|faint|p1a: Meowscarada\n|\n|-heal|p2b: Mudsdale|25\/100|[from] item: Leftovers\n|-ability|p2a: Espathra|Speed Boost|boost\n|-boost|p2a: Espathra|spe|1\n|upkeep\n|\n|t:|1697454654\n|switch|p1a: Garganacci|Garganacl, M|100\/100\n|-damage|p1a: Garganacci|88\/100|[from] Stealth Rock\n|turn|6\n|\n|t:|1697454662\n|move|p2a: Espathra|Lumina Crash|p1b: Mienshao\n|-supereffective|p1b: Mienshao\n|-damage|p1b: Mienshao|0 fnt\n|faint|p1b: Mienshao\n|move|p2b: Mudsdale|Body Press|p1a: Garganacci\n|-supereffective|p1a: Garganacci\n|-damage|p1a: Garganacci|16\/100\n|move|p1a: Garganacci|Salt Cure|p2a: Espathra\n|-damage|p2a: Espathra|34\/100\n|-start|p2a: Espathra|Salt Cure\n|\n|-heal|p1a: Garganacci|23\/100|[from] item: Leftovers\n|-heal|p2b: Mudsdale|31\/100|[from] item: Leftovers\n|-damage|p2a: Espathra|22\/100|[from] Salt Cure\n|-ability|p2a: Espathra|Speed Boost|boost\n|-boost|p2a: Espathra|spe|1\n|upkeep\n|\n|t:|1697454666\n|switch|p1b: Kingambit|Kingambit, M|100\/100\n|-damage|p1b: Kingambit|94\/100|[from] Stealth Rock\n|-activate|p1b: Kingambit|ability: Supreme Overlord\n|-start|p1b: Kingambit|fallen4|[silent]\n|-item|p1b: Kingambit|Air Balloon\n|turn|7\n|c| larssie262|ggz\n|inactive|Pikesito has 120 seconds left.\n|\n|t:|1697454697\n|-terastallize|p1b: Kingambit|Flying\n|move|p1b: Kingambit|Sucker Punch|p2a: Espathra\n|-resisted|p2a: Espathra\n|-damage|p2a: Espathra|0 fnt\n|faint|p2a: Espathra\n|move|p2b: Mudsdale|Earthquake|p1b: Kingambit|[spread] p1a\n|-immune|p1b: Kingambit\n|-supereffective|p1a: Garganacci\n|-damage|p1a: Garganacci|0 fnt\n|faint|p1a: Garganacci\n|\n|-heal|p2b: Mudsdale|37\/100|[from] item: Leftovers\n|upkeep\n|-message|Pikesito forfeited.\n|\n|win|MopisEdibles\n|n|\u2606Pikesito|pikesito\n|n|\u2606MopisEdibles|mopisedibles\n|n|*Lady Monita \u263d|ladymonita\n|n| larssie262|larssie262\n|n| PikachuDoesntCutIt|pikachudoesntcutit\n|n| Use Guard Specs|useguardspecs\n","uploadtime":1697454706,"views":17,"p1id":"pikesito","p2id":"mopisedibles","formatid":"gen9doublesou","rating":0,"private":0,"password":""}