{"id":"gen9doublesou-2000551751","p1":"pkDamages","p2":"God_of_STANK!","format":"[Gen 9] Doubles OU","log":"|j|\u203dpkDamages\n|j|\u2606God_of_STANK!\n|t:|1701204607\n|gametype|doubles\n|player|p1|pkDamages|266|1392\n|player|p2|God_of_STANK!|101|1330\n|teamsize|p1|6\n|teamsize|p2|6\n|gen|9\n|tier|[Gen 9] Doubles OU\n|rated|\n|rule|Species Clause: Limit one of each Pok\u00e9mon\n|rule|OHKO Clause: OHKO moves are banned\n|rule|Evasion Moves Clause: Evasion moves are banned\n|rule|Gravity Sleep Clause: The combination of sleep-inducing moves with imperfect accuracy and Gravity or Gigantamax Orbeetle are banned\n|rule|Endless Battle Clause: Forcing endless battles is banned\n|rule|HP Percentage Mod: HP is shown in percentages\n|clearpoke\n|poke|p1|Ursaluna, F|\n|poke|p1|Roaring Moon|\n|poke|p1|Armarouge, F|\n|poke|p1|Torkoal, F|\n|poke|p1|Indeedee-F, F|\n|poke|p1|Bronzong|\n|poke|p2|Cresselia, F|\n|poke|p2|Snorlax, M|\n|poke|p2|Tornadus, M|\n|poke|p2|Chien-Pao|\n|poke|p2|Rillaboom, F|\n|poke|p2|Walking Wake|\n|teampreview\n|\n|t:|1701204622\n|start\n|switch|p1a: Armarouge|Armarouge, F|100\/100\n|switch|p1b: Indeedee|Indeedee-F, F|100\/100\n|switch|p2a: Snorlax|Snorlax, M|100\/100\n|switch|p2b: Cresselia|Cresselia, F|100\/100\n|-fieldstart|move: Psychic Terrain|[from] ability: Psychic Surge|[of] p1b: Indeedee\n|turn|1\n|\n|t:|1701204634\n|switch|p2b: Rillaboom|Rillaboom, F|100\/100\n|-fieldstart|move: Grassy Terrain|[from] ability: Grassy Surge|[of] p2b: Rillaboom\n|-terastallize|p2a: Snorlax|Ghost\n|move|p1b: Indeedee|Helping Hand|p1a: Armarouge\n|-singleturn|p1a: Armarouge|Helping Hand|[of] p1b: Indeedee\n|move|p1a: Armarouge|Expanding Force|p2a: Snorlax\n|-damage|p2a: Snorlax|63\/100\n|move|p2a: Snorlax|Belly Drum|p2a: Snorlax\n|-damage|p2a: Snorlax|13\/100\n|-setboost|p2a: Snorlax|atk|6|[from] move: Belly Drum\n|-enditem|p2a: Snorlax|Aguav Berry|[eat]\n|-heal|p2a: Snorlax|46\/100|[from] item: Aguav Berry\n|\n|-heal|p2a: Snorlax|52\/100|[from] Grassy Terrain\n|upkeep\n|turn|2\n|\n|t:|1701204656\n|switch|p1a: Bronzong|Bronzong|100\/100\n|switch|p1b: Torkoal|Torkoal, F|100\/100\n|-weather|SunnyDay|[from] ability: Drought|[of] p1b: Torkoal\n|move|p2b: Rillaboom|Fake Out|p1a: Bronzong\n|-resisted|p1a: Bronzong\n|-damage|p1a: Bronzong|97\/100\n|move|p2a: Snorlax|Tera Blast|p1b: Torkoal|[anim] Tera Blast Ghost\n|-damage|p1b: Torkoal|0 fnt\n|faint|p1b: Torkoal\n|\n|-weather|SunnyDay|[upkeep]\n|-heal|p2a: Snorlax|58\/100|[from] Grassy Terrain\n|upkeep\n|\n|t:|1701204681\n|switch|p1b: Ursaluna|Ursaluna, F|100\/100\n|turn|3\n|\n|t:|1701204693\n|move|p1b: Ursaluna|Protect|p1b: Ursaluna\n|-singleturn|p1b: Ursaluna|Protect\n|move|p2b: Rillaboom|U-turn|p1b: Ursaluna\n|-activate|p1b: Ursaluna|move: Protect\n|move|p2a: Snorlax|Tera Blast|p1a: Bronzong|[anim] Tera Blast Ghost\n|-supereffective|p1a: Bronzong\n|-damage|p1a: Bronzong|0 fnt\n|faint|p1a: Bronzong\n|\n|-weather|SunnyDay|[upkeep]\n|-heal|p2a: Snorlax|65\/100|[from] Grassy Terrain\n|-status|p1b: Ursaluna|brn|[from] item: Flame Orb\n|upkeep\n|\n|t:|1701204703\n|switch|p1a: Indeedee|Indeedee-F, F|100\/100\n|-fieldstart|move: Psychic Terrain|[from] ability: Psychic Surge|[of] p1a: Indeedee\n|turn|4\n|\n|t:|1701204713\n|move|p2b: Rillaboom|U-turn|p1a: Indeedee\n|-supereffective|p1a: Indeedee\n|-damage|p1a: Indeedee|62\/100\n|\n|t:|1701204717\n|switch|p2b: Cresselia|Cresselia, F|100\/100|[from] U-turn\n|move|p1b: Ursaluna|Shadow Claw|p2a: Snorlax\n|-supereffective|p2a: Snorlax\n|-damage|p2a: Snorlax|8\/100\n|move|p2a: Snorlax|Body Slam|p1b: Ursaluna\n|-damage|p1b: Ursaluna|5\/100 brn\n|move|p1a: Indeedee|Trick Room|p1a: Indeedee\n|-fieldstart|move: Trick Room|[of] p1a: Indeedee\n|\n|-weather|SunnyDay|[upkeep]\n|-damage|p1b: Ursaluna|0 fnt|[from] brn\n|faint|p1b: Ursaluna\n|upkeep\n|\n|t:|1701204732\n|switch|p1b: Armarouge|Armarouge, F|100\/100\n|turn|5\n|\n|t:|1701204741\n|switch|p2b: Rillaboom|Rillaboom, F|100\/100\n|-fieldstart|move: Grassy Terrain|[from] ability: Grassy Surge|[of] p2b: Rillaboom\n|-terastallize|p1b: Armarouge|Psychic\n|move|p1a: Indeedee|Follow Me|p1a: Indeedee\n|-singleturn|p1a: Indeedee|move: Follow Me\n|move|p2a: Snorlax|Tera Blast|p1a: Indeedee|[anim] Tera Blast Ghost\n|-immune|p1a: Indeedee\n|move|p1b: Armarouge|Expanding Force|p2a: Snorlax\n|-damage|p2a: Snorlax|0 fnt\n|faint|p2a: Snorlax\n|\n|-weather|SunnyDay|[upkeep]\n|-heal|p1a: Indeedee|68\/100|[from] Grassy Terrain\n|upkeep\n|\n|t:|1701204758\n|switch|p2a: Cresselia|Cresselia, F|100\/100\n|turn|6\n|\n|t:|1701204768\n|switch|p1a: Roaring Moon|Roaring Moon, shiny|100\/100\n|-activate|p1a: Roaring Moon|ability: Protosynthesis\n|-start|p1a: Roaring Moon|protosynthesisspe\n|move|p2a: Cresselia|Ally Switch|p2a: Cresselia\n|swap|p2a: Cresselia|1|[from] move: Ally Switch\n|move|p2a: Rillaboom|Knock Off|p1b: Armarouge\n|-supereffective|p1b: Armarouge\n|-damage|p1b: Armarouge|39\/100\n|-ability|p1b: Armarouge|Weak Armor|boost\n|-unboost|p1b: Armarouge|def|1\n|-boost|p1b: Armarouge|spe|2\n|-enditem|p1b: Armarouge|Weakness Policy\n|-boost|p1b: Armarouge|atk|2|[from] item: Weakness Policy\n|-boost|p1b: Armarouge|spa|2|[from] item: Weakness Policy\n|move|p1b: Armarouge|Heat Wave|p2b: Cresselia|[spread] p2a,p2b\n|-supereffective|p2a: Rillaboom\n|-damage|p2a: Rillaboom|0 fnt\n|-damage|p2b: Cresselia|17\/100\n|faint|p2a: Rillaboom\n|\n|-weather|none\n|-end|p1a: Roaring Moon|Protosynthesis\n|-heal|p1b: Armarouge|45\/100|[from] Grassy Terrain\n|upkeep\n|-enditem|p1a: Roaring Moon|Booster Energy\n|-activate|p1a: Roaring Moon|ability: Protosynthesis|[fromitem]\n|-start|p1a: Roaring Moon|protosynthesisspe\n|\n|t:|1701204785\n|switch|p2a: Walking Wake|Walking Wake|100\/100\n|-enditem|p2a: Walking Wake|Booster Energy\n|-activate|p2a: Walking Wake|ability: Protosynthesis|[fromitem]\n|-start|p2a: Walking Wake|protosynthesisspa\n|turn|7\n|\n|t:|1701204802\n|move|p2b: Cresselia|Moonblast|p1b: Armarouge\n|-damage|p1b: Armarouge|17\/100\n|move|p2a: Walking Wake|Dragon Pulse|p1a: Roaring Moon\n|-supereffective|p1a: Roaring Moon\n|-damage|p1a: Roaring Moon|2\/100\n|move|p1b: Armarouge|Stored Power|p2a: Walking Wake\n|-damage|p2a: Walking Wake|0 fnt\n|faint|p2a: Walking Wake\n|-end|p2a: Walking Wake|Protosynthesis|[silent]\n|move|p1a: Roaring Moon|U-turn|p2b: Cresselia\n|-supereffective|p2b: Cresselia\n|-damage|p2b: Cresselia|0 fnt\n|faint|p2b: Cresselia\n|\n|t:|1701204815\n|-end|p1a: Roaring Moon|Protosynthesis|[silent]\n|switch|p1a: Indeedee|Indeedee-F, F|68\/100|[from] U-turn\n|-fieldstart|move: Psychic Terrain|[from] ability: Psychic Surge|[of] p1a: Indeedee\n|\n|upkeep\n|\n|t:|1701204817\n|switch|p2b: Chien-Pao|Chien-Pao|100\/100\n|switch|p2a: Tornadus|Tornadus, M|100\/100\n|-ability|p2b: Chien-Pao|Sword of Ruin\n|turn|8\n|\n|t:|1701204826\n|move|p1a: Indeedee|Follow Me|p1a: Indeedee\n|-singleturn|p1a: Indeedee|move: Follow Me\n|move|p2a: Tornadus|Bleakwind Storm|p1b: Armarouge|[spread] p1a,p1b\n|-damage|p1a: Indeedee|35\/100\n|-damage|p1b: Armarouge|0 fnt\n|-unboost|p1a: Indeedee|spe|1\n|faint|p1b: Armarouge\n|move|p2b: Chien-Pao|Icicle Crash|p1a: Indeedee\n|-damage|p1a: Indeedee|0 fnt\n|faint|p1a: Indeedee\n|\n|-fieldend|move: Trick Room\n|upkeep\n|\n|t:|1701204838\n|switch|p1b: Roaring Moon|Roaring Moon, shiny|2\/100\n|turn|9\n|c|\u2606God_of_STANK!|gg\n|\n|t:|1701204845\n|move|p2b: Chien-Pao|Icicle Crash|p1b: Roaring Moon\n|-supereffective|p1b: Roaring Moon\n|-damage|p1b: Roaring Moon|0 fnt\n|faint|p1b: Roaring Moon\n|-end|p1b: Roaring Moon|Protosynthesis|[silent]\n|\n|win|God_of_STANK!\n|raw|pkDamages's rating: 1392 &rarr; <strong>1368<\/strong><br \/>(-24 for losing)\n|raw|God_of_STANK!'s rating: 1330 &rarr; <strong>1354<\/strong><br \/>(+24 for winning)\n|l|\u203dpkDamages\n","uploadtime":1701204854,"views":2,"p1id":"pkdamages","p2id":"godofstank","formatid":"gen9doublesou","rating":1354,"private":0,"password":""}