{"id":"gen9doublesou-1973744243","p1":"Mysticalgenieman","p2":"C trepas drole","format":"[Gen 9] Doubles OU","log":"|j|\u2606Mysticalgenieman\n|j|\u2606C trepas drole\n|t:|1698009038\n|gametype|doubles\n|player|p1|Mysticalgenieman|169|1044\n|player|p2|C trepas drole|266|1067\n|teamsize|p1|6\n|teamsize|p2|6\n|gen|9\n|tier|[Gen 9] Doubles OU\n|rated|\n|rule|Species Clause: Limit one of each Pok\u00e9mon\n|rule|OHKO Clause: OHKO moves are banned\n|rule|Evasion Moves Clause: Evasion moves are banned\n|rule|Gravity Sleep Clause: The combination of sleep-inducing moves with imperfect accuracy and Gravity or Gigantamax Orbeetle are banned\n|rule|Endless Battle Clause: Forcing endless battles is banned\n|rule|HP Percentage Mod: HP is shown in percentages\n|clearpoke\n|poke|p1|Heatran, M|\n|poke|p1|Clefable, F|\n|poke|p1|Kommo-o, F|\n|poke|p1|Scizor, F|\n|poke|p1|Altaria, M|\n|poke|p1|Haxorus, F|\n|poke|p2|Goodra-Hisui, M|\n|poke|p2|Dedenne, M|\n|poke|p2|Empoleon, M|\n|poke|p2|Bronzong|\n|poke|p2|Politoed, F|\n|poke|p2|Skuntank, F|\n|teampreview\n|inactive|Battle timer is ON: inactive players will automatically lose when time's up. (requested by C trepas drole)\n|\n|t:|1698009064\n|start\n|switch|p1a: Scizor|Scizor, F|100\/100\n|switch|p1b: Altaria|Altaria, M|100\/100\n|switch|p2a: Bronzong|Bronzong|100\/100\n|switch|p2b: Empoleon|Empoleon, M|100\/100\n|-ability|p1b: Altaria|Cloud Nine\n|turn|1\n|\n|t:|1698009082\n|switch|p1b: Clefable|Clefable, F|100\/100\n|move|p1a: Scizor|U-turn|p2a: Bronzong\n|-damage|p2a: Bronzong|48\/100\n|\n|t:|1698009089\n|switch|p1a: Altaria|Altaria, M|100\/100|[from] U-turn\n|-ability|p1a: Altaria|Cloud Nine\n|move|p2b: Empoleon|Ice Beam|p1b: Clefable\n|-damage|p1b: Clefable|73\/100\n|move|p2a: Bronzong|Trick Room|p2a: Bronzong\n|-fieldstart|move: Trick Room|[of] p2a: Bronzong\n|\n|-heal|p2a: Bronzong|54\/100|[from] item: Leftovers\n|-heal|p1b: Clefable|79\/100|[from] item: Leftovers\n|upkeep\n|turn|2\n|inactive|Mysticalgenieman has 120 seconds left.\n|\n|t:|1698009130\n|move|p2a: Bronzong|Bulldoze|p1b: Clefable|[spread] p2b,p1b\n|-immune|p1a: Altaria\n|-supereffective|p2b: Empoleon\n|-damage|p2b: Empoleon|81\/100\n|-damage|p1b: Clefable|69\/100\n|-unboost|p2b: Empoleon|spe|1\n|-unboost|p1b: Clefable|spe|1\n|-enditem|p2b: Empoleon|Weakness Policy\n|-boost|p2b: Empoleon|atk|2|[from] item: Weakness Policy\n|-boost|p2b: Empoleon|spa|2|[from] item: Weakness Policy\n|move|p2b: Empoleon|Ice Beam|p1a: Altaria\n|-supereffective|p1a: Altaria\n|-damage|p1a: Altaria|0 fnt\n|faint|p1a: Altaria\n|move|p1b: Clefable|Heal Pulse|p1: Altaria|[notarget]\n|-fail|p1b: Clefable\n|\n|-heal|p2a: Bronzong|60\/100|[from] item: Leftovers\n|-heal|p1b: Clefable|75\/100|[from] item: Leftovers\n|upkeep\n|inactive|Mysticalgenieman has 90 seconds left.\n|inactive|Mysticalgenieman has 60 seconds left.\n|\n|t:|1698009196\n|switch|p1a: Haxorus|Haxorus, F|100\/100\n|-ability|p1a: Haxorus|Mold Breaker\n|turn|3\n|inactive|Mysticalgenieman has 60 seconds left.\n|\n|t:|1698009212\n|-terastallize|p2b: Empoleon|Water\n|move|p1b: Clefable|Follow Me|p1b: Clefable\n|-singleturn|p1b: Clefable|move: Follow Me\n|move|p1a: Haxorus|First Impression|p2a: Bronzong\n|-damage|p2a: Bronzong|24\/100\n|move|p2a: Bronzong|Metal Sound|p1b: Clefable\n|-unboost|p1b: Clefable|spd|2\n|move|p2b: Empoleon|Surf|p1b: Clefable|[spread] p2a,p1a,p1b\n|-resisted|p1a: Haxorus\n|-damage|p2a: Bronzong|0 fnt\n|-damage|p1a: Haxorus|25\/100\n|-damage|p1b: Clefable|0 fnt\n|faint|p2a: Bronzong\n|faint|p1b: Clefable\n|\n|upkeep\n|\n|t:|1698009236\n|switch|p2a: Politoed|Politoed, F|100\/100\n|switch|p1b: Kommo-o|Kommo-o, F|100\/100\n|turn|4\n|inactive|Mysticalgenieman has 60 seconds left.\n|\n|t:|1698009267\n|move|p2b: Empoleon|Surf|p1a: Haxorus|[spread] p1a,p1b\n|-immune|p2a: Politoed|[from] ability: Water Absorb\n|-resisted|p1a: Haxorus\n|-resisted|p1b: Kommo-o\n|-damage|p1a: Haxorus|0 fnt\n|-damage|p1b: Kommo-o|58\/100\n|faint|p1a: Haxorus\n|move|p2a: Politoed|Chilling Water|p1b: Kommo-o\n|-resisted|p1b: Kommo-o\n|-damage|p1b: Kommo-o|49\/100\n|-unboost|p1b: Kommo-o|atk|1\n|move|p1b: Kommo-o|Earthquake|p2b: Empoleon|[spread] p2a,p2b\n|-damage|p2a: Politoed|78\/100\n|-damage|p2b: Empoleon|65\/100\n|\n|upkeep\n|inactive|Mysticalgenieman has 60 seconds left.\n|\n|t:|1698009281\n|switch|p1a: Heatran|Heatran, M|100\/100\n|turn|5\n|-message|Mysticalgenieman forfeited.\n|\n|win|C trepas drole\n|raw|Mysticalgenieman's rating: 1044 &rarr; <strong>1028<\/strong><br \/>(-16 for losing)\n|raw|C trepas drole's rating: 1067 &rarr; <strong>1095<\/strong><br \/>(+28 for winning)\n|l|\u2606Mysticalgenieman\n","uploadtime":1698009301,"views":8,"p1id":"mysticalgenieman","p2id":"ctrepasdrole","formatid":"gen9doublesou","rating":1028,"private":0,"password":""}