{"id":"gen9doublesou-1979298253","p1":"KyroZag","p2":"RexlovesAS","format":"[Gen 9] Doubles OU","log":"|j|\u2606KyroZag\n|j|\u2606RexlovesAS\n|t:|1698668189\n|gametype|doubles\n|player|p1|KyroZag|ash|1127\n|player|p2|RexlovesAS|unknown|1135\n|teamsize|p1|6\n|teamsize|p2|6\n|gen|9\n|tier|[Gen 9] Doubles OU\n|rated|\n|rule|Species Clause: Limit one of each Pok\u00e9mon\n|rule|OHKO Clause: OHKO moves are banned\n|rule|Evasion Moves Clause: Evasion moves are banned\n|rule|Gravity Sleep Clause: The combination of sleep-inducing moves with imperfect accuracy and Gravity or Gigantamax Orbeetle are banned\n|rule|Endless Battle Clause: Forcing endless battles is banned\n|rule|HP Percentage Mod: HP is shown in percentages\n|clearpoke\n|poke|p1|Raichu-Alola, M|\n|poke|p1|Sneasler, M|\n|poke|p1|Infernape, F|\n|poke|p1|Iron Bundle|\n|poke|p1|Iron Leaves|\n|poke|p1|Thundurus, M|\n|poke|p2|Garganacl, M|\n|poke|p2|Amoonguss, M|\n|poke|p2|Ursaluna-Bloodmoon, M|\n|poke|p2|Armarouge, M|\n|poke|p2|Roaring Moon|\n|poke|p2|Ogerpon-Wellspring, F|\n|teampreview\n|inactive|Battle timer is ON: inactive players will automatically lose when time's up. (requested by KyroZag)\n|inactive|RexlovesAS has 120 seconds left.\n|\n|t:|1698668228\n|start\n|switch|p1a: Thundurus|Thundurus, M|100\/100\n|switch|p1b: Raichu|Raichu-Alola, M|100\/100\n|switch|p2a: Garganacl|Garganacl, M|100\/100\n|switch|p2b: Armarouge|Armarouge, M|100\/100\n|turn|1\n|\n|t:|1698668256\n|move|p1a: Thundurus|Taunt|p2b: Armarouge\n|-start|p2b: Armarouge|move: Taunt\n|move|p1b: Raichu|Nasty Plot|p1b: Raichu\n|-boost|p1b: Raichu|spa|2\n|move|p2b: Armarouge|Armor Cannon|p1a: Thundurus\n|-damage|p1a: Thundurus|0 fnt\n|-unboost|p2b: Armarouge|def|1\n|-unboost|p2b: Armarouge|spd|1\n|faint|p1a: Thundurus\n|move|p2a: Garganacl|Stealth Rock|p1b: Raichu\n|-sidestart|p1: KyroZag|move: Stealth Rock\n|\n|upkeep\n|\n|t:|1698668268\n|switch|p1a: Iron Bundle|Iron Bundle|100\/100\n|-damage|p1a: Iron Bundle|76\/100|[from] Stealth Rock\n|turn|2\n|\n|t:|1698668280\n|move|p1a: Iron Bundle|Freeze-Dry|p2a: Garganacl\n|-damage|p2a: Garganacl|68\/100\n|move|p1b: Raichu|Thunderbolt|p2b: Armarouge\n|-crit|p2b: Armarouge\n|-damage|p2b: Armarouge|0 fnt\n|faint|p2b: Armarouge\n|move|p2a: Garganacl|Salt Cure|p1b: Raichu\n|-damage|p1b: Raichu|66\/100\n|-start|p1b: Raichu|Salt Cure\n|\n|-heal|p2a: Garganacl|74\/100|[from] item: Leftovers\n|-damage|p1b: Raichu|54\/100|[from] Salt Cure\n|upkeep\n|\n|t:|1698668295\n|switch|p2b: Ursaluna|Ursaluna-Bloodmoon, M|100\/100\n|turn|3\n|\n|t:|1698668308\n|move|p2a: Garganacl|Protect|p2a: Garganacl\n|-singleturn|p2a: Garganacl|Protect\n|move|p1a: Iron Bundle|Freeze-Dry|p2a: Garganacl\n|-activate|p2a: Garganacl|move: Protect\n|move|p1b: Raichu|Focus Blast|p2b: Ursaluna|[miss]\n|-miss|p1b: Raichu|p2b: Ursaluna\n|move|p2b: Ursaluna|Blood Moon|p1a: Iron Bundle\n|-damage|p1a: Iron Bundle|0 fnt\n|faint|p1a: Iron Bundle\n|-end|p1a: Iron Bundle|Quark Drive|[silent]\n|-damage|p2b: Ursaluna|91\/100|[from] item: Life Orb\n|\n|-heal|p2a: Garganacl|80\/100|[from] item: Leftovers\n|-damage|p1b: Raichu|41\/100|[from] Salt Cure\n|upkeep\n|\n|t:|1698668313\n|switch|p1a: Infernape|Infernape, F|100\/100\n|-damage|p1a: Infernape|88\/100|[from] Stealth Rock\n|turn|4\n|\n|t:|1698668341\n|-terastallize|p2b: Ursaluna|Flying\n|move|p1b: Raichu|Psychic|p2a: Garganacl\n|-damage|p2a: Garganacl|35\/100\n|move|p1a: Infernape|Drain Punch|p2b: Ursaluna\n|-resisted|p2b: Ursaluna\n|-damage|p2b: Ursaluna|72\/100\n|-heal|p1a: Infernape|99\/100|[from] drain|[of] p2b: Ursaluna\n|-damage|p1a: Infernape|90\/100|[from] item: Life Orb\n|move|p2b: Ursaluna|Hyper Voice|p1a: Infernape|[spread] p1a,p1b\n|-crit|p1a: Infernape\n|-damage|p1a: Infernape|0 fnt\n|-damage|p1b: Raichu|0 fnt\n|faint|p1a: Infernape\n|faint|p1b: Raichu\n|-damage|p2b: Ursaluna|62\/100|[from] item: Life Orb\n|move|p2a: Garganacl|Salt Cure|p1: Infernape|[notarget]\n|-fail|p2a: Garganacl\n|\n|-heal|p2a: Garganacl|41\/100|[from] item: Leftovers\n|upkeep\n|\n|t:|1698668347\n|switch|p1b: Sneasler|Sneasler, M|100\/100\n|switch|p1a: Iron Leaves|Iron Leaves|100\/100\n|-damage|p1b: Sneasler|95\/100|[from] Stealth Rock\n|-damage|p1a: Iron Leaves|88\/100|[from] Stealth Rock\n|turn|5\n|\n|t:|1698668371\n|move|p2a: Garganacl|Helping Hand|p2b: Ursaluna\n|-singleturn|p2b: Ursaluna|Helping Hand|[of] p2a: Garganacl\n|move|p1b: Sneasler|Dire Claw|p2b: Ursaluna\n|-damage|p2b: Ursaluna|33\/100\n|-status|p2b: Ursaluna|par\n|move|p1a: Iron Leaves|Leaf Blade|p2a: Garganacl\n|-supereffective|p2a: Garganacl\n|-damage|p2a: Garganacl|0 fnt\n|faint|p2a: Garganacl\n|cant|p2b: Ursaluna|par\n|\n|upkeep\n|\n|t:|1698668386\n|switch|p2a: Ogerpon|Ogerpon-Wellspring, F|100\/100\n|turn|6\n|\n|t:|1698668404\n|move|p1b: Sneasler|Acrobatics|p2a: Ogerpon\n|-supereffective|p2a: Ogerpon\n|-damage|p2a: Ogerpon|61\/100\n|move|p1a: Iron Leaves|Leaf Blade|p2b: Ursaluna\n|-resisted|p2b: Ursaluna\n|-damage|p2b: Ursaluna|8\/100 par\n|move|p2a: Ogerpon|Swords Dance|p2a: Ogerpon\n|-boost|p2a: Ogerpon|atk|2\n|move|p2b: Ursaluna|Hyper Voice|p1b: Sneasler|[spread] p1a,p1b\n|-damage|p1a: Iron Leaves|38\/100\n|-damage|p1b: Sneasler|35\/100\n|-damage|p2b: Ursaluna|0 fnt|[from] item: Life Orb\n|faint|p2b: Ursaluna\n|\n|upkeep\n|\n|t:|1698668420\n|switch|p2b: Amoonguss|Amoonguss, M|100\/100\n|turn|7\n|\n|t:|1698668432\n|move|p1b: Sneasler|Acrobatics|p2b: Amoonguss\n|-supereffective|p2b: Amoonguss\n|-damage|p2b: Amoonguss|52\/100\n|move|p1a: Iron Leaves|Leaf Blade|p2a: Ogerpon\n|-damage|p2a: Ogerpon|0 fnt\n|faint|p2a: Ogerpon\n|move|p2b: Amoonguss|Toxic|p1a: Iron Leaves\n|-status|p1a: Iron Leaves|tox\n|\n|-damage|p1a: Iron Leaves|32\/100 tox|[from] psn\n|upkeep\n|\n|t:|1698668445\n|switch|p2a: Roaring Moon|Roaring Moon|100\/100\n|-enditem|p2a: Roaring Moon|Booster Energy\n|-activate|p2a: Roaring Moon|ability: Protosynthesis|[fromitem]\n|-start|p2a: Roaring Moon|protosynthesisatk\n|turn|8\n|\n|t:|1698668466\n|move|p1b: Sneasler|Close Combat|p2a: Roaring Moon\n|-supereffective|p2a: Roaring Moon\n|-damage|p2a: Roaring Moon|0 fnt\n|-unboost|p1b: Sneasler|def|1\n|-unboost|p1b: Sneasler|spd|1\n|faint|p2a: Roaring Moon\n|-end|p2a: Roaring Moon|Protosynthesis|[silent]\n|move|p1a: Iron Leaves|Leaf Blade|p2b: Amoonguss\n|-resisted|p2b: Amoonguss\n|-damage|p2b: Amoonguss|34\/100\n|-enditem|p2b: Amoonguss|Sitrus Berry|[eat]\n|-heal|p2b: Amoonguss|59\/100|[from] item: Sitrus Berry\n|move|p2b: Amoonguss|Pollen Puff|p2: Roaring Moon|[notarget]\n|-fail|p2b: Amoonguss\n|\n|-damage|p1a: Iron Leaves|20\/100 tox|[from] psn\n|upkeep\n|turn|9\n|\n|t:|1698668486\n|-terastallize|p1b: Sneasler|Flying\n|move|p1b: Sneasler|Acrobatics|p2b: Amoonguss\n|-supereffective|p2b: Amoonguss\n|-damage|p2b: Amoonguss|0 fnt\n|faint|p2b: Amoonguss\n|\n|win|KyroZag\n|raw|KyroZag's rating: 1127 &rarr; <strong>1153<\/strong><br \/>(+26 for winning)\n|raw|RexlovesAS's rating: 1135 &rarr; <strong>1109<\/strong><br \/>(-26 for losing)\n|l|\u2606RexlovesAS\n","uploadtime":1698668499,"views":22,"p1id":"kyrozag","p2id":"rexlovesas","formatid":"gen9doublesou","rating":1109,"private":0,"password":""}