{"id":"gen9doublesou-1972512022","p1":"DogeZer0","p2":"djmisty3","format":"[Gen 9] Doubles OU","log":"|j|\u2606DogeZer0\n|j|\u2606djmisty3\n|t:|1697851310\n|gametype|doubles\n|player|p1|DogeZer0|pokemonrangerf|1031\n|player|p2|djmisty3|misty|1134\n|teamsize|p1|6\n|teamsize|p2|6\n|gen|9\n|tier|[Gen 9] Doubles OU\n|rated|\n|rule|Species Clause: Limit one of each Pok\u00e9mon\n|rule|OHKO Clause: OHKO moves are banned\n|rule|Evasion Moves Clause: Evasion moves are banned\n|rule|Gravity Sleep Clause: The combination of sleep-inducing moves with imperfect accuracy and Gravity or Gigantamax Orbeetle are banned\n|rule|Endless Battle Clause: Forcing endless battles is banned\n|rule|HP Percentage Mod: HP is shown in percentages\n|clearpoke\n|poke|p1|Ninetales-Alola, F|\n|poke|p1|Sandslash-Alola, M|\n|poke|p1|Rillaboom, M|\n|poke|p1|Arcanine-Hisui, F|\n|poke|p1|Flutter Mane|\n|poke|p1|Ogerpon-Hearthflame, F|\n|poke|p2|Gastrodon, F|\n|poke|p2|Pelipper, M|\n|poke|p2|Manaphy|\n|poke|p2|Overqwil, F|\n|poke|p2|Slowbro, F|\n|poke|p2|Clodsire, M|\n|teampreview\n|inactive|Battle timer is ON: inactive players will automatically lose when time's up. (requested by djmisty3)\n|\n|t:|1697851333\n|start\n|switch|p1a: Vanilla Ice|Ninetales-Alola, F|100\/100\n|switch|p1b: Sandslash|Sandslash-Alola, M, shiny|100\/100\n|switch|p2a: Overqwil|Overqwil, F|100\/100\n|switch|p2b: Clodsire|Clodsire, M|100\/100\n|-weather|Snow|[from] ability: Snow Warning|[of] p1a: Vanilla Ice\n|-ability|p2a: Overqwil|Intimidate|boost\n|-unboost|p1a: Vanilla Ice|atk|1\n|-unboost|p1b: Sandslash|atk|1\n|turn|1\n|inactive|djmisty3 has 120 seconds left.\n|\n|t:|1697851373\n|-terastallize|p2b: Clodsire|Bug\n|move|p1b: Sandslash|Icicle Crash|p2a: Overqwil\n|-damage|p2a: Overqwil|62\/100\n|-damage|p1b: Sandslash|91\/100|[from] item: Life Orb\n|move|p1a: Vanilla Ice|Blizzard|p2a: Overqwil|[spread] p2a,p2b\n|-damage|p2a: Overqwil|24\/100\n|-damage|p2b: Clodsire|79\/100\n|move|p2a: Overqwil|Poison Jab|p1a: Vanilla Ice\n|-supereffective|p1a: Vanilla Ice\n|-damage|p1a: Vanilla Ice|20\/100\n|-status|p1a: Vanilla Ice|psn\n|move|p2b: Clodsire|High Horsepower|p1a: Vanilla Ice\n|-damage|p1a: Vanilla Ice|0 fnt\n|faint|p1a: Vanilla Ice\n|\n|-weather|Snow|[upkeep]\n|upkeep\n|inactive|DogeZer0 has 120 seconds left.\n|\n|t:|1697851406\n|switch|p1a: Ogerpon|Ogerpon-Hearthflame, F|100\/100\n|-ability|p1a: Ogerpon|Mold Breaker\n|turn|2\n|inactive|DogeZer0 has 120 seconds left.\n|\n|t:|1697851430\n|switch|p2b: Slowbro|Slowbro, F|100\/100\n|move|p1b: Sandslash|Swords Dance|p1b: Sandslash\n|-boost|p1b: Sandslash|atk|2\n|move|p1a: Ogerpon|Ivy Cudgel|p2b: Slowbro\n|-resisted|p2b: Slowbro\n|-crit|p2b: Slowbro\n|-damage|p2b: Slowbro|63\/100\n|move|p2a: Overqwil|Destiny Bond|p2a: Overqwil\n|-singlemove|p2a: Overqwil|Destiny Bond\n|\n|-weather|Snow|[upkeep]\n|-heal|p2b: Slowbro|69\/100|[from] item: Leftovers\n|upkeep\n|turn|3\n|inactive|DogeZer0 has 120 seconds left.\n|\n|t:|1697851464\n|move|p1a: Ogerpon|Spiky Shield|p1a: Ogerpon\n|-singleturn|p1a: Ogerpon|move: Protect\n|move|p1b: Sandslash|Icicle Crash|p2b: Slowbro\n|-resisted|p2b: Slowbro\n|-damage|p2b: Slowbro|41\/100\n|-damage|p1b: Sandslash|81\/100|[from] item: Life Orb\n|move|p2a: Overqwil|Haze|p2a: Overqwil\n|-clearallboost\n|cant|p2b: Slowbro|flinch\n|\n|-weather|Snow|[upkeep]\n|-heal|p2b: Slowbro|47\/100|[from] item: Leftovers\n|upkeep\n|turn|4\n|inactive|DogeZer0 has 120 seconds left.\n|inactive|DogeZer0 has 90 seconds left.\n|\n|t:|1697851501\n|switch|p1b: Rillaboom|Rillaboom, M|100\/100\n|-fieldstart|move: Grassy Terrain|[from] ability: Grassy Surge|[of] p1b: Rillaboom\n|move|p1a: Ogerpon|Grassy Glide|p2b: Slowbro\n|-supereffective|p2b: Slowbro\n|-damage|p2b: Slowbro|0 fnt\n|faint|p2b: Slowbro\n|move|p2a: Overqwil|Poison Jab|p1b: Rillaboom\n|-supereffective|p1b: Rillaboom\n|-crit|p1b: Rillaboom\n|-damage|p1b: Rillaboom|0 fnt\n|faint|p1b: Rillaboom\n|\n|-weather|Snow|[upkeep]\n|-heal|p2a: Overqwil|30\/100|[from] Grassy Terrain\n|upkeep\n|\n|t:|1697851522\n|switch|p1b: Flutter Mane|Flutter Mane|100\/100\n|switch|p2b: Pelipper|Pelipper, M|100\/100\n|-weather|RainDance|[from] ability: Drizzle|[of] p2b: Pelipper\n|-enditem|p1b: Flutter Mane|Booster Energy\n|-activate|p1b: Flutter Mane|ability: Protosynthesis|[fromitem]\n|-start|p1b: Flutter Mane|protosynthesisspe\n|turn|5\n|\n|t:|1697851538\n|move|p1a: Ogerpon|Spiky Shield|p1a: Ogerpon\n|-singleturn|p1a: Ogerpon|move: Protect\n|move|p1b: Flutter Mane|Dazzling Gleam|p2b: Pelipper|[spread] p2a,p2b\n|-damage|p2a: Overqwil|0 fnt\n|-damage|p2b: Pelipper|45\/100\n|-enditem|p2b: Pelipper|Sitrus Berry|[eat]\n|-heal|p2b: Pelipper|70\/100|[from] item: Sitrus Berry\n|faint|p2a: Overqwil\n|move|p2b: Pelipper|Hurricane|p1a: Ogerpon\n|-activate|p1a: Ogerpon|move: Protect\n|\n|-weather|RainDance|[upkeep]\n|upkeep\n|inactive|djmisty3 has 120 seconds left.\n|\n|t:|1697851565\n|switch|p2a: Clodsire|Clodsire, M, tera:Bug|79\/100\n|turn|6\n|inactive|DogeZer0 has 120 seconds left.\n|\n|t:|1697851581\n|switch|p1a: Dog|Arcanine-Hisui, F|100\/100\n|-ability|p1a: Dog|Intimidate|boost\n|-unboost|p2a: Clodsire|atk|1\n|-unboost|p2b: Pelipper|atk|1\n|move|p2b: Pelipper|Protect|p2b: Pelipper\n|-singleturn|p2b: Pelipper|Protect\n|move|p1b: Flutter Mane|Dazzling Gleam|p2b: Pelipper|[spread] p2a\n|-activate|p2b: Pelipper|move: Protect\n|-damage|p2a: Clodsire|54\/100\n|move|p2a: Clodsire|Megahorn|p1a: Dog\n|-resisted|p1a: Dog\n|-damage|p1a: Dog|86\/100\n|\n|-weather|RainDance|[upkeep]\n|-heal|p1a: Dog|92\/100|[from] Grassy Terrain\n|-heal|p2a: Clodsire|60\/100|[from] Grassy Terrain\n|upkeep\n|turn|7\n|inactive|DogeZer0 has 120 seconds left.\n|\n|t:|1697851609\n|switch|p2a: Manaphy|Manaphy, shiny|100\/100\n|move|p1b: Flutter Mane|Dazzling Gleam|p2a: Manaphy|[spread] p2a,p2b\n|-damage|p2a: Manaphy|79\/100\n|-damage|p2b: Pelipper|19\/100\n|move|p1a: Dog|Head Smash|p2b: Pelipper|[miss]\n|-miss|p1a: Dog|p2b: Pelipper\n|move|p2b: Pelipper|Surf|p1b: Flutter Mane|[spread] p2a,p1a,p1b\n|-resisted|p2a: Manaphy\n|-supereffective|p1a: Dog\n|-damage|p2a: Manaphy|63\/100\n|-damage|p1a: Dog|0 fnt\n|-damage|p1b: Flutter Mane|68\/100\n|faint|p1a: Dog\n|\n|-weather|RainDance|[upkeep]\n|-heal|p1b: Flutter Mane|75\/100|[from] Grassy Terrain\n|-heal|p2a: Manaphy|69\/100|[from] Grassy Terrain\n|upkeep\n|inactive|DogeZer0 has 120 seconds left.\n|\n|t:|1697851630\n|switch|p1a: Ogerpon|Ogerpon-Hearthflame, F|100\/100\n|-ability|p1a: Ogerpon|Mold Breaker\n|turn|8\n|inactive|DogeZer0 has 120 seconds left.\n|\n|t:|1697851644\n|switch|p2a: Clodsire|Clodsire, M, tera:Bug|60\/100\n|move|p2b: Pelipper|Protect|p2b: Pelipper\n|-singleturn|p2b: Pelipper|Protect\n|move|p1a: Ogerpon|Grassy Glide|p2a: Clodsire\n|-resisted|p2a: Clodsire\n|-damage|p2a: Clodsire|40\/100\n|-enditem|p2a: Clodsire|Sitrus Berry|[eat]\n|-heal|p2a: Clodsire|65\/100|[from] item: Sitrus Berry\n|move|p1b: Flutter Mane|Dazzling Gleam|p2a: Clodsire|[spread] p2a\n|-activate|p2b: Pelipper|move: Protect\n|-damage|p2a: Clodsire|40\/100\n|\n|-weather|RainDance|[upkeep]\n|-heal|p1b: Flutter Mane|81\/100|[from] Grassy Terrain\n|-heal|p2a: Clodsire|47\/100|[from] Grassy Terrain\n|-fieldend|move: Grassy Terrain\n|upkeep\n|turn|9\n|inactive|DogeZer0 has 120 seconds left.\n|\n|t:|1697851675\n|move|p1a: Ogerpon|Spiky Shield|p1a: Ogerpon\n|-singleturn|p1a: Ogerpon|move: Protect\n|move|p1b: Flutter Mane|Dazzling Gleam|p2b: Pelipper|[spread] p2a,p2b\n|-damage|p2a: Clodsire|22\/100\n|-damage|p2b: Pelipper|0 fnt\n|faint|p2b: Pelipper\n|move|p2a: Clodsire|High Horsepower|p1a: Ogerpon\n|-activate|p1a: Ogerpon|move: Protect\n|-damage|p2a: Clodsire|9\/100|[from] Spiky Shield|[of] p1a: Ogerpon\n|\n|-weather|none\n|upkeep\n|\n|t:|1697851687\n|switch|p2b: Manaphy|Manaphy, shiny|69\/100\n|turn|10\n|\n|t:|1697851696\n|move|p1b: Flutter Mane|Dazzling Gleam|p2b: Manaphy|[spread] p2a,p2b\n|-damage|p2a: Clodsire|0 fnt\n|-damage|p2b: Manaphy|45\/100\n|-enditem|p2b: Manaphy|Sitrus Berry|[eat]\n|-heal|p2b: Manaphy|70\/100|[from] item: Sitrus Berry\n|faint|p2a: Clodsire\n|move|p1a: Ogerpon|Grassy Glide|p2b: Manaphy\n|-supereffective|p2b: Manaphy\n|-damage|p2b: Manaphy|15\/100\n|move|p2b: Manaphy|Surf|p1b: Flutter Mane|[spread] p1a,p1b\n|-damage|p1a: Ogerpon|77\/100\n|-damage|p1b: Flutter Mane|60\/100\n|\n|upkeep\n|\n|t:|1697851708\n|switch|p2a: Gastrodon|Gastrodon, F|100\/100\n|turn|11\n|\n|t:|1697851715\n|move|p1b: Flutter Mane|Dazzling Gleam|p2b: Manaphy|[spread] p2a,p2b\n|-damage|p2a: Gastrodon|75\/100\n|-damage|p2b: Manaphy|0 fnt\n|faint|p2b: Manaphy\n|move|p1a: Ogerpon|Grassy Glide|p2a: Gastrodon\n|-supereffective|p2a: Gastrodon\n|-damage|p2a: Gastrodon|0 fnt\n|faint|p2a: Gastrodon\n|\n|win|DogeZer0\n|raw|DogeZer0's rating: 1031 &rarr; <strong>1077<\/strong><br \/>(+46 for winning)\n|raw|djmisty3's rating: 1134 &rarr; <strong>1102<\/strong><br \/>(-32 for losing)\n|l|\u2606djmisty3\n","uploadtime":1697851736,"views":14,"p1id":"dogezer0","p2id":"djmisty3","formatid":"gen9doublesou","rating":1077,"private":0,"password":""}