{"id":"gen9doublesou-1974768001","p1":"parroti77","p2":"wingwingy55","format":"[Gen 9] Doubles OU","log":"|j|\u2606parroti77\n|j|\u2606wingwingy55\n|t:|1698119796\n|gametype|doubles\n|player|p1|parroti77|barry|1006\n|player|p2|wingwingy55|preschooler|1147\n|teamsize|p1|6\n|teamsize|p2|6\n|gen|9\n|tier|[Gen 9] Doubles OU\n|rated|\n|rule|Species Clause: Limit one of each Pok\u00e9mon\n|rule|OHKO Clause: OHKO moves are banned\n|rule|Evasion Moves Clause: Evasion moves are banned\n|rule|Gravity Sleep Clause: The combination of sleep-inducing moves with imperfect accuracy and Gravity or Gigantamax Orbeetle are banned\n|rule|Endless Battle Clause: Forcing endless battles is banned\n|rule|HP Percentage Mod: HP is shown in percentages\n|clearpoke\n|poke|p1|Palafin, M|\n|poke|p1|Flutter Mane|\n|poke|p1|Gholdengo|\n|poke|p1|Ursaluna-Bloodmoon, M|\n|poke|p1|Torterra, M|\n|poke|p1|Dragapult, M|\n|poke|p2|Amoonguss, M|\n|poke|p2|Flutter Mane|\n|poke|p2|Chi-Yu|\n|poke|p2|Iron Hands|\n|poke|p2|Cresselia, F|\n|poke|p2|Ursaluna-Bloodmoon, M|\n|teampreview\n|inactive|Battle timer is ON: inactive players will automatically lose when time's up. (requested by wingwingy55)\n|\n|t:|1698119818\n|start\n|switch|p1a: Palafin|Palafin, M|100\/100\n|switch|p1b: Flutter Mane|Flutter Mane|100\/100\n|switch|p2a: Flutter Mane|Flutter Mane|100\/100\n|switch|p2b: Chi-Yu|Chi-Yu|100\/100\n|-ability|p2b: Chi-Yu|Beads of Ruin\n|-enditem|p1b: Flutter Mane|Booster Energy\n|-activate|p1b: Flutter Mane|ability: Protosynthesis|[fromitem]\n|-start|p1b: Flutter Mane|protosynthesisspa\n|turn|1\n|\n|t:|1698119834\n|switch|p2b: Cresselia|Cresselia, F|100\/100\n|-terastallize|p1b: Flutter Mane|Fairy\n|move|p1a: Palafin|Jet Punch|p2b: Cresselia\n|-crit|p2b: Cresselia\n|-damage|p2b: Cresselia|77\/100\n|-damage|p1a: Palafin|91\/100|[from] item: Life Orb\n|move|p2a: Flutter Mane|Shadow Ball|p1b: Flutter Mane\n|-damage|p1b: Flutter Mane|49\/100\n|move|p1b: Flutter Mane|Shadow Ball|p2a: Flutter Mane\n|-supereffective|p2a: Flutter Mane\n|-damage|p2a: Flutter Mane|9\/100\n|\n|upkeep\n|turn|2\n|\n|t:|1698119858\n|-end|p2a: Flutter Mane|Protosynthesis|[silent]\n|switch|p2a: Iron Hands|Iron Hands|100\/100\n|move|p1b: Flutter Mane|Protect|p1b: Flutter Mane\n|-singleturn|p1b: Flutter Mane|Protect\n|move|p1a: Palafin|Flip Turn|p2a: Iron Hands\n|-crit|p2a: Iron Hands\n|-damage|p2a: Iron Hands|72\/100\n|-damage|p1a: Palafin|81\/100|[from] item: Life Orb\n|inactive|parroti77 has 120 seconds left.\n|\n|t:|1698119884\n|detailschange|p1a: Palafin|Palafin-Hero, M\n|switch|p1a: Torterra|Torterra, M|100\/100|[from] Flip Turn\n|move|p2b: Cresselia|Trick Room|p2b: Cresselia\n|-fieldstart|move: Trick Room|[of] p2b: Cresselia\n|\n|upkeep\n|turn|3\n|\n|t:|1698119913\n|move|p2a: Iron Hands|Fake Out|p1a: Torterra\n|-damage|p1a: Torterra|88\/100\n|-damage|p2a: Iron Hands|56\/100|[from] item: Rocky Helmet|[of] p1a: Torterra\n|move|p2b: Cresselia|Ally Switch|p2b: Cresselia\n|swap|p2b: Cresselia|0|[from] move: Ally Switch\n|cant|p1a: Torterra|flinch\n|move|p1b: Flutter Mane|Shadow Ball|p2b: Iron Hands\n|-damage|p2b: Iron Hands|32\/100\n|\n|upkeep\n|turn|4\n|\n|t:|1698119939\n|move|p1b: Flutter Mane|Protect|p1b: Flutter Mane\n|-singleturn|p1b: Flutter Mane|Protect\n|move|p2b: Iron Hands|Drain Punch|p1a: Torterra\n|-damage|p1a: Torterra|60\/100\n|-heal|p2b: Iron Hands|42\/100|[from] drain|[of] p1a: Torterra\n|-damage|p2b: Iron Hands|25\/100|[from] item: Rocky Helmet|[of] p1a: Torterra\n|move|p1a: Torterra|Earthquake|p2a: Cresselia|[spread] p2b\n|-activate|p1b: Flutter Mane|move: Protect\n|-immune|p2a: Cresselia|[from] ability: Levitate\n|-supereffective|p2b: Iron Hands\n|-damage|p2b: Iron Hands|0 fnt\n|faint|p2b: Iron Hands\n|-end|p2b: Iron Hands|Quark Drive|[silent]\n|move|p2a: Cresselia|Lunar Blessing|p2a: Cresselia\n|-heal|p2a: Cresselia|100\/100\n|\n|upkeep\n|l|\u2606wingwingy55\n|inactive|wingwingy55 disconnected and has a minute to reconnect!\n|player|p2|\n|j|\u2606wingwingy55\n|inactive|wingwingy55 reconnected and has 130 seconds left.\n|player|p2|wingwingy55|preschooler\n|inactive|wingwingy55 has 120 seconds left.\n|\n|t:|1698119966\n|switch|p2b: Ursaluna|Ursaluna-Bloodmoon, M|100\/100\n|turn|5\n|inactive|wingwingy55 has 120 seconds left.\n|\n|t:|1698120002\n|move|p2a: Cresselia|Ally Switch|p2a: Cresselia\n|swap|p2a: Cresselia|1|[from] move: Ally Switch\n|move|p2a: Ursaluna|Blood Moon|p1a: Torterra\n|-damage|p1a: Torterra|0 fnt\n|faint|p1a: Torterra\n|move|p1b: Flutter Mane|Icy Wind|p2a: Ursaluna|[spread] p2a,p2b\n|-supereffective|p2a: Ursaluna\n|-damage|p2a: Ursaluna|66\/100\n|-damage|p2b: Cresselia|89\/100\n|-unboost|p2a: Ursaluna|spe|1\n|-unboost|p2b: Cresselia|spe|1\n|\n|-heal|p2a: Ursaluna|72\/100|[from] item: Leftovers\n|upkeep\n|inactive|parroti77 has 120 seconds left.\n|\n|t:|1698120018\n|switch|p1a: Palafin|Palafin-Hero, M|81\/100\n|-activate|p1a: Palafin|ability: Zero to Hero\n|turn|6\n|\n|t:|1698120038\n|move|p1a: Palafin|Jet Punch|p2b: Cresselia\n|-damage|p2b: Cresselia|60\/100\n|-damage|p1a: Palafin|71\/100|[from] item: Life Orb\n|move|p2a: Ursaluna|Moonblast|p1a: Palafin\n|-damage|p1a: Palafin|31\/100\n|-unboost|p1a: Palafin|spa|1\n|move|p2b: Cresselia|Lunar Blessing|p2b: Cresselia|[spread] p2a,p2b\n|-heal|p2a: Ursaluna|97\/100\n|-heal|p2b: Cresselia|85\/100\n|move|p1b: Flutter Mane|Icy Wind|p2b: Cresselia|[spread] p2a,p2b\n|-supereffective|p2a: Ursaluna\n|-damage|p2a: Ursaluna|60\/100\n|-damage|p2b: Cresselia|73\/100\n|-unboost|p2a: Ursaluna|spe|1\n|-unboost|p2b: Cresselia|spe|1\n|\n|-heal|p2a: Ursaluna|66\/100|[from] item: Leftovers\n|-fieldend|move: Trick Room\n|upkeep\n|turn|7\n|\n|t:|1698120061\n|move|p1a: Palafin|Jet Punch|p2a: Ursaluna\n|-supereffective|p2a: Ursaluna\n|-damage|p2a: Ursaluna|0 fnt\n|faint|p2a: Ursaluna\n|-damage|p1a: Palafin|21\/100|[from] item: Life Orb\n|move|p1b: Flutter Mane|Shadow Ball|p2b: Cresselia\n|-supereffective|p2b: Cresselia\n|-damage|p2b: Cresselia|0 fnt\n|faint|p2b: Cresselia\n|\n|upkeep\n|\n|t:|1698120070\n|switch|p2b: Chi-Yu|Chi-Yu|100\/100\n|switch|p2a: Flutter Mane|Flutter Mane|9\/100\n|-ability|p2b: Chi-Yu|Beads of Ruin\n|turn|8\n|\n|t:|1698120080\n|-terastallize|p2b: Chi-Yu|Water\n|move|p1a: Palafin|Jet Punch|p2b: Chi-Yu\n|-resisted|p2b: Chi-Yu\n|-damage|p2b: Chi-Yu|63\/100\n|-damage|p1a: Palafin|11\/100|[from] item: Life Orb\n|move|p2b: Chi-Yu|Heat Wave|p1a: Palafin|[spread] p1a,p1b\n|-resisted|p1a: Palafin\n|-damage|p1a: Palafin|0 fnt\n|-damage|p1b: Flutter Mane|0 fnt\n|faint|p1a: Palafin\n|faint|p1b: Flutter Mane\n|-end|p1b: Flutter Mane|Protosynthesis|[silent]\n|move|p2a: Flutter Mane|Dazzling Gleam|p1: Palafin|[notarget]\n|-fail|p2a: Flutter Mane\n|\n|upkeep\n|\n|t:|1698120097\n|switch|p1b: Dragapult|Dragapult, M|100\/100\n|switch|p1a: Ursaluna|Ursaluna-Bloodmoon, M|100\/100\n|turn|9\n|\n|t:|1698120109\n|-end|p2a: Flutter Mane|Protosynthesis|[silent]\n|switch|p2a: Amoonguss|Amoonguss, M|100\/100\n|move|p2b: Chi-Yu|Heat Wave|p1b: Dragapult|[spread] p1a,p1b\n|-resisted|p1b: Dragapult\n|-damage|p1a: Ursaluna|30\/100\n|-damage|p1b: Dragapult|68\/100\n|move|p1b: Dragapult|Shadow Ball|p2a: Amoonguss\n|-damage|p2a: Amoonguss|46\/100\n|-damage|p1b: Dragapult|58\/100|[from] item: Life Orb\n|move|p1a: Ursaluna|Blood Moon|p2b: Chi-Yu\n|-damage|p2b: Chi-Yu|0 fnt\n|faint|p2b: Chi-Yu\n|\n|upkeep\n|\n|t:|1698120120\n|switch|p2b: Flutter Mane|Flutter Mane|9\/100\n|turn|10\n|\n|t:|1698120129\n|move|p2b: Flutter Mane|Shadow Ball|p1b: Dragapult\n|-supereffective|p1b: Dragapult\n|-damage|p1b: Dragapult|0 fnt\n|faint|p1b: Dragapult\n|-activate|p1a: Ursaluna|move: Struggle\n|move|p1a: Ursaluna|Struggle|p2a: Amoonguss\n|-damage|p2a: Amoonguss|40\/100\n|-damage|p1a: Ursaluna|5\/100|[from] recoil\n|move|p2a: Amoonguss|Spore|p1a: Ursaluna\n|-status|p1a: Ursaluna|slp|[from] move: Spore\n|\n|upkeep\n|\n|t:|1698120139\n|switch|p1b: Gholdengo|Gholdengo|100\/100\n|turn|11\n|\n|t:|1698120155\n|move|p2b: Flutter Mane|Shadow Ball|p1b: Gholdengo\n|-supereffective|p1b: Gholdengo\n|-damage|p1b: Gholdengo|0 fnt\n|faint|p1b: Gholdengo\n|cant|p1a: Ursaluna|slp\n|move|p2a: Amoonguss|Pollen Puff|p2b: Flutter Mane\n|-heal|p2b: Flutter Mane|59\/100\n|\n|upkeep\n|turn|12\n|\n|t:|1698120169\n|move|p2b: Flutter Mane|Shadow Ball|p1a: Ursaluna\n|-immune|p1a: Ursaluna\n|cant|p1a: Ursaluna|slp\n|move|p2a: Amoonguss|Pollen Puff|p1a: Ursaluna\n|-damage|p1a: Ursaluna|0 fnt\n|faint|p1a: Ursaluna\n|\n|win|wingwingy55\n|raw|parroti77's rating: 1006 &rarr; <strong>1000<\/strong><br \/>(-6 for losing)\n|raw|wingwingy55's rating: 1147 &rarr; <strong>1162<\/strong><br \/>(+15 for winning)\n|l|\u2606parroti77\n","uploadtime":1698120182,"views":29,"p1id":"parroti77","p2id":"wingwingy55","formatid":"gen9doublesou","rating":1000,"private":0,"password":""}