{"id":"gen9doublesou-1995949403","p1":"Hiusi guy %\u25d5\u203f\u203f\u25d5%","p2":"banwobDPP","format":"[Gen 9] Doubles OU","log":"|j|\u2606Hiusi guy %\u25d5\u203f\u203f\u25d5%\n|j|\u2606banwobDPP\n|inactive|Battle timer is ON: inactive players will automatically lose when time's up.\n|t:|1700620953\n|gametype|doubles\n|player|p1|Hiusi guy %\u25d5\u203f\u203f\u25d5%|alec-anime|\n|player|p2|banwobDPP|n|\n|teamsize|p1|6\n|teamsize|p2|6\n|gen|9\n|tier|[Gen 9] Doubles OU\n|rated|Tournament battle\n|rule|Species Clause: Limit one of each Pok\u00e9mon\n|rule|OHKO Clause: OHKO moves are banned\n|rule|Evasion Moves Clause: Evasion moves are banned\n|rule|Gravity Sleep Clause: The combination of sleep-inducing moves with imperfect accuracy and Gravity or Gigantamax Orbeetle are banned\n|rule|Endless Battle Clause: Forcing endless battles is banned\n|rule|HP Percentage Mod: HP is shown in percentages\n|clearpoke\n|poke|p1|Farigiraf, M|\n|poke|p1|Torkoal, M|\n|poke|p1|Sylveon, M|\n|poke|p1|Copperajah, M|\n|poke|p1|Slowbro, M|\n|poke|p1|Azumarill, M|\n|poke|p2|Kommo-o, M|\n|poke|p2|Rillaboom, F|\n|poke|p2|Basculegion-F, F|\n|poke|p2|Ogerpon-Hearthflame, F|\n|poke|p2|Landorus-Therian, M|\n|poke|p2|Shaymin-Sky|\n|teampreview\n|j|*Lady Monita \u2746\n|inactive|banwobDPP has 120 seconds left.\n|\n|t:|1700620989\n|start\n|switch|p1a: Sylveon|Sylveon, M|100\/100\n|switch|p1b: Farigiraf|Farigiraf, M|100\/100\n|switch|p2a: Kommo-o|Kommo-o, M|100\/100\n|switch|p2b: Rillaboom|Rillaboom, F|100\/100\n|-fieldstart|move: Grassy Terrain|[from] ability: Grassy Surge|[of] p2b: Rillaboom\n|turn|1\n|inactive|banwobDPP has 120 seconds left.\n|inactive|banwobDPP has 90 seconds left.\n|\n|t:|1700621060\n|switch|p2a: Ogerpon|Ogerpon-Hearthflame, F|100\/100\n|-ability|p2a: Ogerpon|Mold Breaker\n|move|p1a: Sylveon|Fake Out|p2b: Rillaboom\n|-damage|p2b: Rillaboom|86\/100\n|-damage|p1a: Sylveon|91\/100|[from] item: Life Orb\n|cant|p2b: Rillaboom|flinch\n|move|p1b: Farigiraf|Trick Room|p1b: Farigiraf\n|-fieldstart|move: Trick Room|[of] p1b: Farigiraf\n|\n|-heal|p1a: Sylveon|97\/100|[from] Grassy Terrain\n|-heal|p2b: Rillaboom|92\/100|[from] Grassy Terrain\n|upkeep\n|turn|2\n|inactive|banwobDPP has 90 seconds left.\n|\n|t:|1700621080\n|move|p1b: Farigiraf|Protect|p1b: Farigiraf\n|-singleturn|p1b: Farigiraf|Protect\n|move|p1a: Sylveon|Boomburst|p2a: Ogerpon|[spread] p2a,p2b\n|-activate|p1b: Farigiraf|move: Protect\n|-resisted|p2a: Ogerpon\n|-damage|p2a: Ogerpon|53\/100\n|-damage|p2b: Rillaboom|36\/100\n|-damage|p1a: Sylveon|87\/100|[from] item: Life Orb\n|move|p2b: Rillaboom|Ivy Cudgel|p1a: Sylveon\n|-damage|p1a: Sylveon|0 fnt\n|faint|p1a: Sylveon\n|move|p2a: Ogerpon|Stone Axe|p1b: Farigiraf\n|-activate|p1b: Farigiraf|move: Protect\n|\n|-heal|p2b: Rillaboom|42\/100|[from] Grassy Terrain\n|-heal|p2a: Ogerpon|59\/100|[from] Grassy Terrain\n|upkeep\n|inactive|Hiusi guy %\u25d5\u203f\u203f\u25d5% has 120 seconds left.\n|\n|t:|1700621102\n|switch|p1a: Copperajah|Copperajah, M|100\/100\n|turn|3\n|\n|t:|1700621120\n|switch|p2b: Landorus|Landorus-Therian, M|100\/100\n|-ability|p2b: Landorus|Intimidate|boost\n|-unboost|p1a: Copperajah|atk|1\n|-unboost|p1b: Farigiraf|atk|1\n|move|p2a: Ogerpon|Spiky Shield|p2a: Ogerpon\n|-singleturn|p2a: Ogerpon|move: Protect\n|move|p1a: Copperajah|Gyro Ball|p2b: Landorus\n|-damage|p2b: Landorus|3\/100\n|move|p1b: Farigiraf|Instruct|p1a: Copperajah\n|-singleturn|p1a: Copperajah|move: Instruct|[of] p1b: Farigiraf\n|move|p1a: Copperajah|Gyro Ball|p2b: Landorus\n|-damage|p2b: Landorus|0 fnt\n|faint|p2b: Landorus\n|\n|-heal|p2a: Ogerpon|65\/100|[from] Grassy Terrain\n|upkeep\n|\n|t:|1700621139\n|switch|p2b: Kommo-o|Kommo-o, M|100\/100\n|turn|4\n|\n|t:|1700621149\n|move|p1a: Copperajah|Gyro Ball|p2a: Ogerpon\n|-resisted|p2a: Ogerpon\n|-damage|p2a: Ogerpon|13\/100\n|move|p1b: Farigiraf|Instruct|p1a: Copperajah\n|-singleturn|p1a: Copperajah|move: Instruct|[of] p1b: Farigiraf\n|move|p1a: Copperajah|Gyro Ball|p2a: Ogerpon\n|-resisted|p2a: Ogerpon\n|-damage|p2a: Ogerpon|0 fnt\n|faint|p2a: Ogerpon\n|move|p2b: Kommo-o|Clangorous Soul|p2b: Kommo-o\n|-boost|p2b: Kommo-o|atk|1\n|-boost|p2b: Kommo-o|def|1\n|-boost|p2b: Kommo-o|spa|1\n|-boost|p2b: Kommo-o|spd|1\n|-boost|p2b: Kommo-o|spe|1\n|-damage|p2b: Kommo-o|68\/100\n|\n|-heal|p2b: Kommo-o|74\/100|[from] Grassy Terrain\n|-heal|p2b: Kommo-o|80\/100|[from] item: Leftovers\n|upkeep\n|\n|t:|1700621158\n|switch|p2a: Shaymin|Shaymin-Sky|100\/100\n|turn|5\n|inactive|Hiusi guy %\u25d5\u203f\u203f\u25d5% has 120 seconds left.\n|\n|t:|1700621190\n|switch|p1b: Slowbro|Slowbro, M|100\/100\n|move|p2b: Kommo-o|Protect|p2b: Kommo-o\n|-singleturn|p2b: Kommo-o|Protect\n|move|p2a: Shaymin|Protect|p2a: Shaymin\n|-singleturn|p2a: Shaymin|Protect\n|move|p1a: Copperajah|Gyro Ball|p2a: Shaymin\n|-activate|p2a: Shaymin|move: Protect\n|\n|-heal|p2b: Kommo-o|86\/100|[from] Grassy Terrain\n|-heal|p2b: Kommo-o|92\/100|[from] item: Leftovers\n|-fieldend|move: Trick Room\n|-fieldend|move: Grassy Terrain\n|upkeep\n|turn|6\n|inactive|banwobDPP has 120 seconds left.\n|\n|t:|1700621223\n|move|p1b: Slowbro|Protect|p1b: Slowbro\n|-singleturn|p1b: Slowbro|Protect\n|move|p2a: Shaymin|Matcha Gotcha|p1a: Copperajah|[spread] p1a\n|-activate|p1b: Slowbro|move: Protect\n|-resisted|p1a: Copperajah\n|-damage|p1a: Copperajah|85\/100\n|-status|p1a: Copperajah|brn\n|move|p2b: Kommo-o|Dragon Darts|p1a: Copperajah\n|-resisted|p1a: Copperajah\n|-damage|p1a: Copperajah|64\/100 brn\n|-anim|p2b: Kommo-o|Dragon Darts|p1a: Copperajah\n|-resisted|p1a: Copperajah\n|-damage|p1a: Copperajah|43\/100 brn\n|move|p1a: Copperajah|Gyro Ball|p2a: Shaymin\n|-damage|p2a: Shaymin|47\/100\n|\n|-heal|p2b: Kommo-o|98\/100|[from] item: Leftovers\n|-damage|p1a: Copperajah|37\/100 brn|[from] brn\n|upkeep\n|turn|7\n|\n|t:|1700621247\n|-terastallize|p1b: Slowbro|Grass\n|move|p2a: Shaymin|Matcha Gotcha|p1a: Copperajah|[spread] p1a,p1b\n|-resisted|p1a: Copperajah\n|-resisted|p1b: Slowbro\n|-damage|p1a: Copperajah|23\/100 brn\n|-heal|p2a: Shaymin|56\/100|[from] drain|[of] p1a: Copperajah\n|-damage|p1b: Slowbro|85\/100\n|-heal|p2a: Shaymin|65\/100|[from] drain|[of] p1b: Slowbro\n|-status|p1b: Slowbro|brn\n|move|p2b: Kommo-o|Dragon Darts|p1b: Slowbro\n|-damage|p1b: Slowbro|64\/100 brn\n|-anim|p2b: Kommo-o|Dragon Darts|p1a: Copperajah\n|-resisted|p1a: Copperajah\n|-damage|p1a: Copperajah|5\/100 brn\n|move|p1a: Copperajah|Gyro Ball|p2a: Shaymin\n|-damage|p2a: Shaymin|10\/100\n|move|p1b: Slowbro|Trick Room|p1b: Slowbro\n|-fieldstart|move: Trick Room|[of] p1b: Slowbro\n|\n|-heal|p2b: Kommo-o|100\/100|[from] item: Leftovers\n|-damage|p1a: Copperajah|0 fnt|[from] brn\n|faint|p1a: Copperajah\n|-damage|p1b: Slowbro|58\/100 brn|[from] brn\n|upkeep\n|inactive|Hiusi guy %\u25d5\u203f\u203f\u25d5% has 120 seconds left.\n|\n|t:|1700621267\n|switch|p1a: Azumarill|Azumarill, M|100\/100\n|turn|8\n|\n|t:|1700621291\n|-terastallize|p2b: Kommo-o|Fairy\n|move|p2a: Shaymin|Protect|p2a: Shaymin\n|-singleturn|p2a: Shaymin|Protect\n|move|p1a: Azumarill|Magical Torque|p2b: Kommo-o\n|-damage|p2b: Kommo-o|50\/100\n|-start|p2b: Kommo-o|confusion\n|-damage|p1a: Azumarill|91\/100|[from] item: Life Orb\n|move|p1b: Slowbro|Instruct||[still]\n|-fail|p1b: Slowbro\n|-activate|p2b: Kommo-o|confusion\n|-damage|p2b: Kommo-o|39\/100|[from] confusion\n|\n|-heal|p2b: Kommo-o|45\/100|[from] item: Leftovers\n|-damage|p1b: Slowbro|52\/100 brn|[from] brn\n|upkeep\n|turn|9\n|c|\u2606Hiusi guy %\u25d5\u203f\u203f\u25d5%|oh\n|inactive|Hiusi guy %\u25d5\u203f\u203f\u25d5% has 120 seconds left.\n|\n|t:|1700621325\n|switch|p2a: Basculegion|Basculegion-F, F|100\/100\n|-activate|p2b: Kommo-o|confusion\n|move|p2b: Kommo-o|Protect|p2b: Kommo-o\n|-singleturn|p2b: Kommo-o|Protect\n|move|p1a: Azumarill|Wave Crash|p2b: Kommo-o\n|-activate|p2b: Kommo-o|move: Protect\n|move|p1b: Slowbro|Instruct|p1a: Azumarill\n|-singleturn|p1a: Azumarill|move: Instruct|[of] p1b: Slowbro\n|move|p1a: Azumarill|Wave Crash|p2b: Kommo-o\n|-activate|p2b: Kommo-o|move: Protect\n|\n|-heal|p2b: Kommo-o|51\/100|[from] item: Leftovers\n|-damage|p1b: Slowbro|46\/100 brn|[from] brn\n|upkeep\n|-enditem|p1b: Slowbro|Sitrus Berry|[eat]\n|-heal|p1b: Slowbro|71\/100 brn|[from] item: Sitrus Berry\n|turn|10\n|\n|t:|1700621351\n|switch|p2a: Rillaboom|Rillaboom, F|42\/100\n|-fieldstart|move: Grassy Terrain|[from] ability: Grassy Surge|[of] p2a: Rillaboom\n|move|p1a: Azumarill|Wave Crash|p2b: Kommo-o\n|-damage|p2b: Kommo-o|0 fnt\n|faint|p2b: Kommo-o\n|-damage|p1a: Azumarill|78\/100|[from] Recoil\n|-damage|p1a: Azumarill|68\/100|[from] item: Life Orb\n|move|p1b: Slowbro|Instruct|p1a: Azumarill\n|-singleturn|p1a: Azumarill|move: Instruct|[of] p1b: Slowbro\n|move|p1a: Azumarill|Wave Crash|p2a: Rillaboom\n|-resisted|p2a: Rillaboom\n|-damage|p2a: Rillaboom|0 fnt\n|faint|p2a: Rillaboom\n|-damage|p1a: Azumarill|55\/100|[from] Recoil\n|-damage|p1a: Azumarill|45\/100|[from] item: Life Orb\n|\n|-heal|p1a: Azumarill|51\/100|[from] Grassy Terrain\n|-heal|p1b: Slowbro|77\/100 brn|[from] Grassy Terrain\n|-damage|p1b: Slowbro|71\/100 brn|[from] brn\n|upkeep\n|\n|t:|1700621355\n|switch|p2a: Shaymin|Shaymin-Sky|10\/100\n|switch|p2b: Basculegion|Basculegion-F, F|100\/100\n|turn|11\n|inactive|Hiusi guy %\u25d5\u203f\u203f\u25d5% has 120 seconds left.\n|\n|t:|1700621397\n|move|p1a: Azumarill|Magical Torque|p2b: Basculegion\n|-damage|p2b: Basculegion|0 fnt\n|faint|p2b: Basculegion\n|-damage|p1a: Azumarill|41\/100|[from] item: Life Orb\n|move|p1b: Slowbro|Slack Off|p1b: Slowbro\n|-heal|p1b: Slowbro|100\/100 brn\n|move|p2a: Shaymin|Matcha Gotcha|p1b: Slowbro|[spread] p1a,p1b\n|-supereffective|p1a: Azumarill\n|-resisted|p1b: Slowbro\n|-damage|p1a: Azumarill|0 fnt\n|-heal|p2a: Shaymin|34\/100|[from] drain|[of] p1a: Azumarill\n|-damage|p1b: Slowbro|85\/100 brn\n|-heal|p2a: Shaymin|43\/100|[from] drain|[of] p1b: Slowbro\n|faint|p1a: Azumarill\n|\n|-heal|p1b: Slowbro|91\/100 brn|[from] Grassy Terrain\n|-damage|p1b: Slowbro|85\/100 brn|[from] brn\n|-fieldend|move: Trick Room\n|upkeep\n|\n|t:|1700621405\n|switch|p1a: Torkoal|Torkoal, M|100\/100\n|-weather|SunnyDay|[from] ability: Drought|[of] p1a: Torkoal\n|turn|12\n|\n|t:|1700621415\n|move|p1a: Torkoal|Protect|p1a: Torkoal\n|-singleturn|p1a: Torkoal|Protect\n|move|p2a: Shaymin|Bleakwind Storm|p1a: Torkoal|[spread] p1b\n|-activate|p1a: Torkoal|move: Protect\n|-supereffective|p1b: Slowbro\n|-damage|p1b: Slowbro|7\/100 brn\n|-unboost|p1b: Slowbro|spe|1\n|move|p1b: Slowbro|Trick Room|p1b: Slowbro\n|-fieldstart|move: Trick Room|[of] p1b: Slowbro\n|\n|-weather|SunnyDay|[upkeep]\n|-heal|p1b: Slowbro|13\/100 brn|[from] Grassy Terrain\n|-damage|p1b: Slowbro|7\/100 brn|[from] brn\n|upkeep\n|turn|13\n|\n|t:|1700621426\n|switch|p1b: Farigiraf|Farigiraf, M|100\/100\n|move|p2a: Shaymin|Protect|p2a: Shaymin\n|-singleturn|p2a: Shaymin|Protect\n|move|p1a: Torkoal|Eruption|p2a: Shaymin\n|-activate|p2a: Shaymin|move: Protect\n|\n|-weather|SunnyDay|[upkeep]\n|upkeep\n|turn|14\n|c|\u2606Hiusi guy %\u25d5\u203f\u203f\u25d5%|gg\n|inactive|banwobDPP has 120 seconds left.\n|inactive|banwobDPP has 90 seconds left.\n|inactive|banwobDPP has 60 seconds left.\n|inactive|banwobDPP has 30 seconds left.\n|inactive|banwobDPP has 20 seconds left.\n|inactive|banwobDPP has 15 seconds left.\n|inactive|banwobDPP has 10 seconds left.\n|inactive|banwobDPP has 5 seconds left.\n|-message|banwobDPP lost due to inactivity.\n|\n|win|Hiusi guy %\u25d5\u203f\u203f\u25d5%\n|n|\u2606Hiusi guy %\u25d5\u203f\u203f\u25d5%|hiusiguy\n|n|\u2606banwobDPP|banwobdpp\n|n|*Lady Monita \u2746|ladymonita\n","uploadtime":1700621578,"views":5,"p1id":"hiusiguy","p2id":"banwobdpp","formatid":"gen9doublesou","rating":0,"private":0,"password":""}