{"id":"gen9doublesou-1982293283","p1":"mcbuggers","p2":"silvaasunto","format":"[Gen 9] Doubles OU","log":"|j|\u2606mcbuggers\n|j|\u2606silvaasunto\n|t:|1698991419\n|gametype|doubles\n|player|p1|mcbuggers|102|1077\n|player|p2|silvaasunto|winona|1188\n|teamsize|p1|6\n|teamsize|p2|6\n|gen|9\n|tier|[Gen 9] Doubles OU\n|rated|\n|rule|Species Clause: Limit one of each Pok\u00e9mon\n|rule|OHKO Clause: OHKO moves are banned\n|rule|Evasion Moves Clause: Evasion moves are banned\n|rule|Gravity Sleep Clause: The combination of sleep-inducing moves with imperfect accuracy and Gravity or Gigantamax Orbeetle are banned\n|rule|Endless Battle Clause: Forcing endless battles is banned\n|rule|HP Percentage Mod: HP is shown in percentages\n|clearpoke\n|poke|p1|Toxapex, F|\n|poke|p1|Wo-Chien|\n|poke|p1|Gliscor, M|\n|poke|p1|Gastrodon, M|\n|poke|p1|Volcanion|\n|poke|p1|Politoed, M|\n|poke|p2|Chien-Pao|\n|poke|p2|Baxcalibur, F|\n|poke|p2|Froslass, F|\n|poke|p2|Iron Bundle|\n|poke|p2|Abomasnow, F|\n|poke|p2|Ninetales-Alola, F|\n|teampreview\n|\n|t:|1698991473\n|start\n|switch|p1a: Toxapex|Toxapex, F|100\/100\n|switch|p1b: Wo-Chien|Wo-Chien|100\/100\n|switch|p2a: OBAMAsnow|Abomasnow, F|100\/100\n|switch|p2b: Yuh|Froslass, F|100\/100\n|-ability|p1b: Wo-Chien|Tablets of Ruin\n|-weather|Snow|[from] ability: Snow Warning|[of] p2a: OBAMAsnow\n|turn|1\n|\n|t:|1698991498\n|move|p2b: Yuh|Trick|p1a: Toxapex\n|-activate|p2b: Yuh|move: Trick|[of] p1a: Toxapex\n|-item|p1a: Toxapex|Choice Scarf|[from] move: Trick\n|-item|p2b: Yuh|Black Sludge|[from] move: Trick\n|move|p1b: Wo-Chien|Leech Seed|p2b: Yuh\n|-start|p2b: Yuh|move: Leech Seed\n|move|p1a: Toxapex|Toxic|p2a: OBAMAsnow\n|-status|p2a: OBAMAsnow|tox\n|move|p2a: OBAMAsnow|Aurora Veil|p2a: OBAMAsnow\n|-sidestart|p2: silvaasunto|move: Aurora Veil\n|\n|-weather|Snow|[upkeep]\n|-damage|p2b: Yuh|88\/100|[from] item: Black Sludge\n|-damage|p2b: Yuh|76\/100|[from] Leech Seed|[of] p1b: Wo-Chien\n|-damage|p2a: OBAMAsnow|94\/100 tox|[from] psn\n|upkeep\n|turn|2\n|\n|t:|1698991524\n|switch|p1a: Gliscor|Gliscor, M|100\/100\n|move|p2b: Yuh|Trick|p1b: Wo-Chien\n|-activate|p2b: Yuh|move: Trick|[of] p1b: Wo-Chien\n|-item|p1b: Wo-Chien|Black Sludge|[from] move: Trick\n|-item|p2b: Yuh|Leftovers|[from] move: Trick\n|move|p1b: Wo-Chien|Ruination|p2a: OBAMAsnow\n|-damage|p2a: OBAMAsnow|47\/100 tox\n|move|p2a: OBAMAsnow|Leech Seed|p1a: Gliscor\n|-start|p1a: Gliscor|move: Leech Seed\n|\n|-weather|Snow|[upkeep]\n|-heal|p2b: Yuh|82\/100|[from] item: Leftovers\n|-damage|p1b: Wo-Chien|88\/100|[from] item: Black Sludge\n|-damage|p2b: Yuh|69\/100|[from] Leech Seed|[of] p1b: Wo-Chien\n|-heal|p1b: Wo-Chien|98\/100|[silent]\n|-damage|p1a: Gliscor|88\/100|[from] Leech Seed|[of] p2a: OBAMAsnow\n|-heal|p2a: OBAMAsnow|59\/100 tox|[silent]\n|-damage|p2a: OBAMAsnow|46\/100 tox|[from] psn\n|-status|p1a: Gliscor|tox|[from] item: Toxic Orb\n|upkeep\n|turn|3\n|\n|t:|1698991554\n|switch|p2b: Shes EXTRA-libur|Baxcalibur, F|100\/100\n|move|p1a: Gliscor|Stealth Rock|p2b: Shes EXTRA-libur\n|-sidestart|p2: silvaasunto|move: Stealth Rock\n|move|p1b: Wo-Chien|Ruination|p2b: Shes EXTRA-libur\n|-damage|p2b: Shes EXTRA-libur|50\/100\n|move|p2a: OBAMAsnow|Blizzard|p1b: Wo-Chien|[spread] p1a,p1b\n|-supereffective|p1a: Gliscor\n|-supereffective|p1b: Wo-Chien\n|-damage|p1a: Gliscor|0 fnt\n|-damage|p1b: Wo-Chien|61\/100\n|faint|p1a: Gliscor\n|\n|-weather|Snow|[upkeep]\n|-damage|p1b: Wo-Chien|48\/100|[from] item: Black Sludge\n|-damage|p2a: OBAMAsnow|28\/100 tox|[from] psn\n|upkeep\n|\n|t:|1698991581\n|switch|p1a: Gastrodon|Gastrodon, M|100\/100\n|turn|4\n|\n|t:|1698991592\n|switch|p1b: Volcanion|Volcanion|100\/100\n|move|p2b: Shes EXTRA-libur|Icicle Crash|p1b: Volcanion\n|-resisted|p1b: Volcanion\n|-damage|p1b: Volcanion|90\/100\n|move|p2a: OBAMAsnow|Giga Drain|p1a: Gastrodon\n|-supereffective|p1a: Gastrodon\n|-damage|p1a: Gastrodon|4\/100\n|-heal|p2a: OBAMAsnow|81\/100 tox|[from] drain|[of] p1a: Gastrodon\n|move|p1a: Gastrodon|Surf|p2a: OBAMAsnow|[spread] p2a,p2b\n|-heal|p1b: Volcanion|100\/100|[from] ability: Water Absorb|[of] p1a: Gastrodon\n|-resisted|p2a: OBAMAsnow\n|-crit|p2a: OBAMAsnow\n|-resisted|p2b: Shes EXTRA-libur\n|-crit|p2b: Shes EXTRA-libur\n|-damage|p2a: OBAMAsnow|66\/100 tox\n|-damage|p2b: Shes EXTRA-libur|32\/100\n|\n|-weather|Snow|[upkeep]\n|-heal|p1a: Gastrodon|10\/100|[from] item: Leftovers\n|-damage|p2a: OBAMAsnow|41\/100 tox|[from] psn\n|upkeep\n|turn|5\n|\n|t:|1698991620\n|switch|p2a: Yuh|Froslass, F|69\/100\n|-damage|p2a: Yuh|44\/100|[from] Stealth Rock\n|switch|p1a: Wo-Chien|Wo-Chien|48\/100\n|-ability|p1a: Wo-Chien|Tablets of Ruin\n|move|p2b: Shes EXTRA-libur|Dragon Claw|p1a: Wo-Chien\n|-damage|p1a: Wo-Chien|20\/100\n|move|p1b: Volcanion|Heat Wave|p2a: Yuh|[spread] p2a,p2b\n|-supereffective|p2a: Yuh\n|-damage|p2a: Yuh|0 fnt\n|-damage|p2b: Shes EXTRA-libur|3\/100\n|-start|p1b: Volcanion|Disable|Heat Wave|[from] ability: Cursed Body|[of] p2a: Yuh\n|-ability|p2b: Shes EXTRA-libur|Thermal Exchange|boost\n|-boost|p2b: Shes EXTRA-libur|atk|1\n|-enditem|p2b: Shes EXTRA-libur|Aguav Berry|[eat]\n|-heal|p2b: Shes EXTRA-libur|36\/100|[from] item: Aguav Berry\n|faint|p2a: Yuh\n|-damage|p1b: Volcanion|91\/100|[from] item: Life Orb\n|\n|-weather|none\n|-damage|p1a: Wo-Chien|8\/100|[from] item: Black Sludge\n|upkeep\n|\n|t:|1698991636\n|switch|p2a: NineInches|Ninetales-Alola, F|100\/100\n|-damage|p2a: NineInches|75\/100|[from] Stealth Rock\n|-weather|Snow|[from] ability: Snow Warning|[of] p2a: NineInches\n|turn|6\n|\n|t:|1698991654\n|move|p1a: Wo-Chien|Protect|p1a: Wo-Chien\n|-singleturn|p1a: Wo-Chien|Protect\n|move|p2a: NineInches|Hypnosis|p1b: Volcanion\n|-status|p1b: Volcanion|slp|[from] move: Hypnosis\n|move|p2b: Shes EXTRA-libur|Dragon Claw|p1a: Wo-Chien\n|-activate|p1a: Wo-Chien|move: Protect\n|cant|p1b: Volcanion|slp\n|\n|-weather|Snow|[upkeep]\n|-damage|p1a: Wo-Chien|0 fnt|[from] item: Black Sludge\n|faint|p1a: Wo-Chien\n|upkeep\n|\n|t:|1698991672\n|switch|p1a: Politoed|Politoed, M|100\/100\n|turn|7\n|\n|t:|1698991685\n|move|p2a: NineInches|Blizzard|p1a: Politoed|[spread] p1a,p1b\n|-resisted|p1a: Politoed\n|-resisted|p1b: Volcanion\n|-damage|p1a: Politoed|87\/100\n|-damage|p1b: Volcanion|83\/100 slp\n|move|p2b: Shes EXTRA-libur|Dragon Claw|p1b: Volcanion\n|-damage|p1b: Volcanion|25\/100 slp\n|move|p1a: Politoed|Earth Power|p2b: Shes EXTRA-libur\n|-damage|p2b: Shes EXTRA-libur|17\/100\n|-damage|p1a: Politoed|78\/100|[from] item: Life Orb\n|cant|p1b: Volcanion|slp\n|\n|-weather|Snow|[upkeep]\n|upkeep\n|turn|8\n|\n|t:|1698991709\n|switch|p1b: Toxapex|Toxapex, F|100\/100\n|move|p2a: NineInches|Blizzard|p1a: Politoed|[spread] p1a,p1b\n|-resisted|p1a: Politoed\n|-resisted|p1b: Toxapex\n|-damage|p1a: Politoed|64\/100\n|-damage|p1b: Toxapex|89\/100\n|move|p2b: Shes EXTRA-libur|Dragon Claw|p1b: Toxapex\n|-damage|p1b: Toxapex|33\/100\n|move|p1a: Politoed|Surf|p2a: NineInches|[spread] p1b,p2a,p2b\n|-resisted|p1b: Toxapex\n|-resisted|p2b: Shes EXTRA-libur\n|-damage|p1b: Toxapex|18\/100\n|-damage|p2a: NineInches|45\/100\n|-damage|p2b: Shes EXTRA-libur|6\/100\n|-enditem|p2a: NineInches|Sitrus Berry|[eat]\n|-heal|p2a: NineInches|70\/100|[from] item: Sitrus Berry\n|-damage|p1a: Politoed|54\/100|[from] item: Life Orb\n|\n|-weather|Snow|[upkeep]\n|-sideend|p2: silvaasunto|move: Aurora Veil\n|upkeep\n|turn|9\n|\n|t:|1698991736\n|-terastallize|p2a: NineInches|Steel\n|move|p1a: Politoed|Protect|p1a: Politoed\n|-singleturn|p1a: Politoed|Protect\n|move|p2a: NineInches|Blizzard|p1b: Toxapex|[spread] p1b\n|-activate|p1a: Politoed|move: Protect\n|-resisted|p1b: Toxapex\n|-damage|p1b: Toxapex|6\/100\n|move|p2b: Shes EXTRA-libur|Dragon Claw|p1a: Politoed\n|-activate|p1a: Politoed|move: Protect\n|move|p1b: Toxapex|Toxic|p2a: NineInches\n|-immune|p2a: NineInches\n|\n|-weather|Snow|[upkeep]\n|upkeep\n|turn|10\n|\n|t:|1698991757\n|move|p2a: NineInches|Encore|p1a: Politoed\n|-start|p1a: Politoed|Encore\n|move|p2b: Shes EXTRA-libur|Dragon Claw|p1b: Toxapex\n|-damage|p1b: Toxapex|0 fnt\n|faint|p1b: Toxapex\n|move|p1a: Politoed|Protect|p1a: Politoed\n|-singleturn|p1a: Politoed|Protect\n|\n|-weather|none\n|upkeep\n|\n|t:|1698991771\n|switch|p1b: Gastrodon|Gastrodon, M|10\/100\n|turn|11\n|\n|t:|1698991780\n|switch|p2a: OBAMAsnow|Abomasnow, F|41\/100 tox\n|-damage|p2a: OBAMAsnow|16\/100 tox|[from] Stealth Rock\n|-weather|Snow|[from] ability: Snow Warning|[of] p2a: OBAMAsnow\n|move|p1a: Politoed|Protect||[still]\n|-fail|p1a: Politoed\n|move|p2b: Shes EXTRA-libur|Dragon Claw|p1b: Gastrodon\n|-damage|p1b: Gastrodon|0 fnt\n|faint|p1b: Gastrodon\n|\n|-weather|Snow|[upkeep]\n|-damage|p2a: OBAMAsnow|9\/100 tox|[from] psn\n|upkeep\n|\n|t:|1698991795\n|switch|p1b: Volcanion|Volcanion|25\/100 slp\n|turn|12\n|\n|t:|1698991806\n|move|p1a: Politoed|Protect|p1a: Politoed\n|-singleturn|p1a: Politoed|Protect\n|-curestatus|p1b: Volcanion|slp|[msg]\n|move|p1b: Volcanion|Protect|p1b: Volcanion\n|-singleturn|p1b: Volcanion|Protect\n|move|p2b: Shes EXTRA-libur|Dragon Claw|p1b: Volcanion\n|-activate|p1b: Volcanion|move: Protect\n|move|p2a: OBAMAsnow|Aurora Veil|p2a: OBAMAsnow\n|-sidestart|p2: silvaasunto|move: Aurora Veil\n|\n|-weather|Snow|[upkeep]\n|-damage|p2a: OBAMAsnow|0 fnt|[from] psn\n|faint|p2a: OBAMAsnow\n|-end|p1a: Politoed|Encore\n|upkeep\n|\n|t:|1698991817\n|switch|p2a: The same bundles..|Iron Bundle|100\/100\n|-damage|p2a: The same bundles..|76\/100|[from] Stealth Rock\n|-enditem|p2a: The same bundles..|Booster Energy\n|-activate|p2a: The same bundles..|ability: Quark Drive|[fromitem]\n|-start|p2a: The same bundles..|quarkdrivespe\n|turn|13\n|\n|t:|1698991833\n|move|p2a: The same bundles..|Encore|p1b: Volcanion\n|-start|p1b: Volcanion|Encore\n|move|p2b: Shes EXTRA-libur|Dragon Claw|p1a: Politoed\n|-crit|p1a: Politoed\n|-damage|p1a: Politoed|0 fnt\n|faint|p1a: Politoed\n|move|p1b: Volcanion|Protect||[still]\n|-fail|p1b: Volcanion\n|\n|-weather|Snow|[upkeep]\n|upkeep\n|turn|14\n|c|\u2606silvaasunto|Gg\n|\n|t:|1698991851\n|move|p1b: Volcanion|Protect|p1b: Volcanion\n|-singleturn|p1b: Volcanion|Protect\n|move|p2a: The same bundles..|Flip Turn|p1b: Volcanion\n|-activate|p1b: Volcanion|move: Protect\n|move|p2b: Shes EXTRA-libur|Dragon Claw|p1b: Volcanion\n|-activate|p1b: Volcanion|move: Protect\n|\n|-weather|Snow|[upkeep]\n|upkeep\n|turn|15\n|\n|t:|1698991887\n|move|p1b: Volcanion|Protect|p1b: Volcanion\n|-singleturn|p1b: Volcanion|Protect\n|move|p2a: The same bundles..|Blizzard|p1b: Volcanion\n|-activate|p1b: Volcanion|move: Protect\n|move|p2b: Shes EXTRA-libur|Dragon Claw|p1b: Volcanion\n|-activate|p1b: Volcanion|move: Protect\n|\n|-weather|none\n|-end|p1b: Volcanion|Encore\n|upkeep\n|turn|16\n|\n|t:|1698991900\n|move|p2a: The same bundles..|Encore|p1b: Volcanion\n|-start|p1b: Volcanion|Encore\n|move|p2b: Shes EXTRA-libur|Dragon Claw|p1b: Volcanion\n|-damage|p1b: Volcanion|0 fnt\n|faint|p1b: Volcanion\n|\n|win|silvaasunto\n|raw|mcbuggers's rating: 1077 &rarr; <strong>1062<\/strong><br \/>(-15 for losing)\n|raw|silvaasunto's rating: 1188 &rarr; <strong>1205<\/strong><br \/>(+17 for winning)\n|l|\u2606mcbuggers\n","uploadtime":1698992176,"views":23,"p1id":"mcbuggers","p2id":"silvaasunto","formatid":"gen9doublesou","rating":1062,"private":0,"password":""}