{"id":"gen9doublesou-1969948487","p1":"xy5","p2":"Dtizzle522","format":"[Gen 9] Doubles OU","log":"|j|\u2606xy5\n|j|\u2606Dtizzle522\n|t:|1697578611\n|gametype|doubles\n|player|p1|xy5|volkner|1040\n|player|p2|Dtizzle522|266|1014\n|teamsize|p1|6\n|teamsize|p2|6\n|gen|9\n|tier|[Gen 9] Doubles OU\n|rated|\n|rule|Species Clause: Limit one of each Pok\u00e9mon\n|rule|OHKO Clause: OHKO moves are banned\n|rule|Evasion Moves Clause: Evasion moves are banned\n|rule|Gravity Sleep Clause: The combination of sleep-inducing moves with imperfect accuracy and Gravity or Gigantamax Orbeetle are banned\n|rule|Endless Battle Clause: Forcing endless battles is banned\n|rule|HP Percentage Mod: HP is shown in percentages\n|clearpoke\n|poke|p1|Kingambit, F|\n|poke|p1|Klefki, F|\n|poke|p1|Illumise, F|\n|poke|p1|Grafaiai, M|\n|poke|p1|Sableye, F|\n|poke|p1|Overqwil, M|\n|poke|p2|Politoed, F|\n|poke|p2|Empoleon, M|\n|poke|p2|Zapdos|\n|poke|p2|Dragonite, M|\n|poke|p2|Crawdaunt, F|\n|poke|p2|Basculegion-F, F|\n|teampreview\n|inactive|Battle timer is ON: inactive players will automatically lose when time's up. (requested by xy5)\n|\n|t:|1697578621\n|start\n|switch|p1a: Klefki|Klefki, F|100\/100\n|switch|p1b: Sableye|Sableye, F|100\/100\n|switch|p2a: Politoed|Politoed, F, shiny|100\/100\n|switch|p2b: Basculegion|Basculegion-F, F, shiny|100\/100\n|-weather|RainDance|[from] ability: Drizzle|[of] p2a: Politoed\n|turn|1\n|\n|t:|1697578641\n|move|p2a: Politoed|Helping Hand|p2b: Basculegion\n|-singleturn|p2b: Basculegion|Helping Hand|[of] p2a: Politoed\n|move|p1a: Klefki|Reflect|p1a: Klefki\n|-sidestart|p1: xy5|Reflect\n|move|p1b: Sableye|Light Screen|p1b: Sableye\n|-sidestart|p1: xy5|move: Light Screen\n|move|p2b: Basculegion|Liquidation|p1a: Klefki\n|-damage|p1a: Klefki|36\/100\n|-unboost|p1a: Klefki|def|1\n|-damage|p2b: Basculegion|91\/100|[from] item: Life Orb\n|\n|-weather|RainDance|[upkeep]\n|-heal|p1a: Klefki|42\/100|[from] item: Leftovers\n|upkeep\n|turn|2\n|inactive|Dtizzle522 has 120 seconds left.\n|\n|t:|1697578673\n|move|p1a: Klefki|Spikes|p2b: Basculegion\n|-sidestart|p2: Dtizzle522|Spikes\n|move|p1b: Sableye|Will-O-Wisp|p2b: Basculegion\n|-status|p2b: Basculegion|brn\n|move|p2b: Basculegion|Crunch|p1b: Sableye\n|-damage|p1b: Sableye|86\/100\n|-damage|p2b: Basculegion|81\/100 brn|[from] item: Life Orb\n|move|p2a: Politoed|Blizzard|p1a: Klefki|[spread] p1a,p1b\n|-resisted|p1a: Klefki\n|-damage|p1a: Klefki|35\/100\n|-damage|p1b: Sableye|74\/100\n|\n|-weather|RainDance|[upkeep]\n|-heal|p1a: Klefki|41\/100|[from] item: Leftovers\n|-heal|p1b: Sableye|80\/100|[from] item: Leftovers\n|-damage|p2b: Basculegion|75\/100 brn|[from] brn\n|upkeep\n|turn|3\n|\n|t:|1697578695\n|move|p1a: Klefki|Spikes|p2a: Politoed\n|-sidestart|p2: Dtizzle522|Spikes\n|move|p1b: Sableye|Thunder Wave|p2a: Politoed\n|-status|p2a: Politoed|par\n|move|p2b: Basculegion|Waterfall|p1b: Sableye\n|-damage|p1b: Sableye|49\/100\n|-damage|p2b: Basculegion|65\/100 brn|[from] item: Life Orb\n|move|p2a: Politoed|Surf|p1a: Klefki|[spread] p2b,p1a,p1b\n|-resisted|p2b: Basculegion\n|-damage|p2b: Basculegion|46\/100 brn\n|-damage|p1a: Klefki|15\/100\n|-damage|p1b: Sableye|25\/100\n|\n|-weather|RainDance|[upkeep]\n|-heal|p1a: Klefki|21\/100|[from] item: Leftovers\n|-heal|p1b: Sableye|31\/100|[from] item: Leftovers\n|-damage|p2b: Basculegion|40\/100 brn|[from] brn\n|upkeep\n|turn|4\n|\n|t:|1697578708\n|move|p2b: Basculegion|Flip Turn|p1a: Klefki\n|-damage|p1a: Klefki|1\/100\n|-damage|p2b: Basculegion|30\/100 brn|[from] item: Life Orb\n|\n|t:|1697578715\n|switch|p2b: Dragonite|Dragonite, M, shiny|100\/100|[from] Flip Turn\n|move|p1a: Klefki|Dazzling Gleam|p2b: Dragonite|[spread] p2a,p2b\n|-supereffective|p2b: Dragonite\n|-damage|p2a: Politoed|90\/100 par\n|-damage|p2b: Dragonite|84\/100\n|move|p1b: Sableye|Drain Punch|p2a: Politoed\n|-damage|p2a: Politoed|74\/100 par\n|-heal|p1b: Sableye|42\/100|[from] drain|[of] p2a: Politoed\n|move|p2a: Politoed|Surf|p1a: Klefki|[spread] p2b,p1a,p1b\n|-resisted|p2b: Dragonite\n|-crit|p2b: Dragonite\n|-crit|p1a: Klefki\n|-damage|p2b: Dragonite|62\/100\n|-damage|p1a: Klefki|0 fnt\n|-damage|p1b: Sableye|19\/100\n|faint|p1a: Klefki\n|\n|-weather|RainDance|[upkeep]\n|-heal|p2b: Dragonite|69\/100|[from] item: Leftovers\n|-heal|p1b: Sableye|25\/100|[from] item: Leftovers\n|upkeep\n|\n|t:|1697578729\n|switch|p1a: Grafaiai|Grafaiai, M|100\/100\n|turn|5\n|\n|t:|1697578738\n|switch|p2a: Crawdaunt|Crawdaunt, F, shiny|100\/100\n|-item|p2a: Crawdaunt|Air Balloon\n|move|p1b: Sableye|Will-O-Wisp|p2b: Dragonite\n|-status|p2b: Dragonite|brn\n|move|p1a: Grafaiai|Knock Off|p2b: Dragonite\n|-damage|p2b: Dragonite|48\/100 brn\n|-enditem|p2b: Dragonite|Leftovers|[from] move: Knock Off|[of] p1a: Grafaiai\n|move|p2b: Dragonite|Earthquake|p1b: Sableye|[spread] p1a,p1b\n|-immune|p2a: Crawdaunt\n|-supereffective|p1a: Grafaiai\n|-damage|p1a: Grafaiai|69\/100\n|-damage|p1b: Sableye|11\/100\n|\n|-weather|none\n|-heal|p1a: Grafaiai|75\/100|[from] item: Leftovers\n|-heal|p1b: Sableye|17\/100|[from] item: Leftovers\n|-damage|p2b: Dragonite|42\/100 brn|[from] brn\n|-sideend|p1: xy5|Reflect\n|-sideend|p1: xy5|move: Light Screen\n|upkeep\n|turn|6\n|inactive|Dtizzle522 has 120 seconds left.\n|\n|t:|1697578798\n|move|p1a: Grafaiai|Toxic|p2a: Crawdaunt\n|-hint|Since gen 7, Dark is immune to Prankster moves.\n|-immune|p2a: Crawdaunt\n|move|p1b: Sableye|Light Screen|p1b: Sableye\n|-sidestart|p1: xy5|move: Light Screen\n|move|p2b: Dragonite|Earthquake|p1b: Sableye|[spread] p1a,p1b\n|-immune|p2a: Crawdaunt\n|-supereffective|p1a: Grafaiai\n|-damage|p1a: Grafaiai|31\/100\n|-damage|p1b: Sableye|0 fnt\n|faint|p1b: Sableye\n|move|p2a: Crawdaunt|Knock Off|p1a: Grafaiai\n|-damage|p1a: Grafaiai|0 fnt\n|-enditem|p1a: Grafaiai|Leftovers|[from] move: Knock Off|[of] p2a: Crawdaunt\n|faint|p1a: Grafaiai\n|\n|-damage|p2b: Dragonite|35\/100 brn|[from] brn\n|upkeep\n|inactive|xy5 has 120 seconds left.\n|\n|t:|1697578818\n|switch|p1a: Illumise|Illumise, F|100\/100\n|switch|p1b: Overqwil|Overqwil, M|100\/100\n|turn|7\n|inactive|Dtizzle522 has 120 seconds left.\n|\n|t:|1697578843\n|switch|p2a: Politoed|Politoed, F, shiny|74\/100 par\n|-damage|p2a: Politoed|57\/100 par|[from] Spikes\n|-weather|RainDance|[from] ability: Drizzle|[of] p2a: Politoed\n|move|p1a: Illumise|Tailwind|p1a: Illumise\n|-sidestart|p1: xy5|move: Tailwind\n|move|p1b: Overqwil|Toxic Spikes|p2a: Politoed\n|-sidestart|p2: Dtizzle522|move: Toxic Spikes\n|move|p2b: Dragonite|Dragon Tail|p1b: Overqwil\n|-damage|p1b: Overqwil|79\/100\n|drag|p1b: Kingambit|Kingambit, F|100\/100\n|-activate|p1b: Kingambit|ability: Supreme Overlord\n|-start|p1b: Kingambit|fallen3|[silent]\n|\n|-weather|RainDance|[upkeep]\n|-damage|p2b: Dragonite|29\/100 brn|[from] brn\n|upkeep\n|turn|8\n|inactive|Dtizzle522 has 120 seconds left.\n|\n|t:|1697578867\n|-end|p1b: Kingambit|fallen3|[silent]\n|switch|p1b: Overqwil|Overqwil, M|79\/100\n|switch|p2b: Empoleon|Empoleon, M, shiny|100\/100\n|-damage|p2b: Empoleon|84\/100|[from] Spikes\n|move|p1a: Illumise|Bug Buzz|p2a: Politoed\n|-damage|p2a: Politoed|42\/100 par\n|cant|p2a: Politoed|par\n|\n|-weather|RainDance|[upkeep]\n|-heal|p1b: Overqwil|85\/100|[from] item: Leftovers\n|upkeep\n|turn|9\n|inactive|Dtizzle522 has 120 seconds left.\n|\n|t:|1697578896\n|move|p2a: Politoed|Helping Hand|p2b: Empoleon\n|-singleturn|p2b: Empoleon|Helping Hand|[of] p2a: Politoed\n|move|p1b: Overqwil|Liquidation|p2b: Empoleon\n|-resisted|p2b: Empoleon\n|-damage|p2b: Empoleon|65\/100\n|move|p1a: Illumise|Bug Buzz|p2a: Politoed\n|-damage|p2a: Politoed|26\/100 par\n|move|p2b: Empoleon|Flash Cannon|p1b: Overqwil\n|-damage|p1b: Overqwil|18\/100\n|\n|-weather|RainDance|[upkeep]\n|-heal|p1b: Overqwil|24\/100|[from] item: Leftovers\n|upkeep\n|turn|10\n|inactive|Dtizzle522 has 120 seconds left.\n|\n|t:|1697578926\n|switch|p2a: Zapdos|Zapdos|100\/100\n|-ability|p2a: Zapdos|Pressure\n|move|p1b: Overqwil|Toxic Spikes|p2a: Zapdos\n|-sidestart|p2: Dtizzle522|move: Toxic Spikes\n|move|p1a: Illumise|Bug Buzz|p2a: Zapdos\n|-resisted|p2a: Zapdos\n|-damage|p2a: Zapdos|88\/100\n|move|p2b: Empoleon|Hydro Cannon|p1a: Illumise\n|-damage|p1a: Illumise|37\/100\n|-mustrecharge|p2b: Empoleon\n|\n|-weather|RainDance|[upkeep]\n|-heal|p1b: Overqwil|30\/100|[from] item: Leftovers\n|-heal|p1a: Illumise|43\/100|[from] item: Leftovers\n|-sideend|p1: xy5|move: Light Screen\n|-sideend|p1: xy5|move: Tailwind\n|upkeep\n|turn|11\n|\n|t:|1697578941\n|move|p1a: Illumise|Tailwind|p1a: Illumise\n|-sidestart|p1: xy5|move: Tailwind\n|move|p1b: Overqwil|Haze|p1b: Overqwil\n|-clearallboost\n|move|p2a: Zapdos|Thunder|p1a: Illumise\n|-damage|p1a: Illumise|0 fnt\n|faint|p1a: Illumise\n|cant|p2b: Empoleon|recharge\n|\n|-weather|none\n|-heal|p1b: Overqwil|36\/100|[from] item: Leftovers\n|upkeep\n|\n|t:|1697578942\n|switch|p1a: Kingambit|Kingambit, F|100\/100\n|-activate|p1a: Kingambit|ability: Supreme Overlord\n|-start|p1a: Kingambit|fallen4|[silent]\n|turn|12\n|\n|t:|1697578956\n|move|p1b: Overqwil|Barb Barrage|p2a: Zapdos\n|-damage|p2a: Zapdos|60\/100\n|move|p1a: Kingambit|Kowtow Cleave|p2b: Empoleon\n|-damage|p2b: Empoleon|0 fnt\n|faint|p2b: Empoleon\n|move|p2a: Zapdos|Volt Switch|p1a: Kingambit\n|-damage|p1a: Kingambit|60\/100\n|\n|t:|1697578962\n|switch|p2a: Politoed|Politoed, F, shiny|26\/100 par|[from] Volt Switch\n|-damage|p2a: Politoed|9\/100 par|[from] Spikes\n|-weather|RainDance|[from] ability: Drizzle|[of] p2a: Politoed\n|\n|-weather|RainDance|[upkeep]\n|-heal|p1b: Overqwil|42\/100|[from] item: Leftovers\n|upkeep\n|\n|t:|1697578965\n|switch|p2b: Crawdaunt|Crawdaunt, F, shiny|100\/100\n|-item|p2b: Crawdaunt|Air Balloon\n|turn|13\n|\n|t:|1697578974\n|-terastallize|p2a: Politoed|Ice\n|move|p1b: Overqwil|Barb Barrage|p2b: Crawdaunt\n|-damage|p2b: Crawdaunt|67\/100\n|-enditem|p2b: Crawdaunt|Air Balloon\n|move|p1a: Kingambit|Kowtow Cleave|p2a: Politoed\n|-damage|p2a: Politoed|0 fnt\n|faint|p2a: Politoed\n|move|p2b: Crawdaunt|Crabhammer|p1a: Kingambit\n|-damage|p1a: Kingambit|0 fnt\n|faint|p1a: Kingambit\n|-end|p1a: Kingambit|fallen4|[silent]\n|\n|-weather|RainDance|[upkeep]\n|-heal|p1b: Overqwil|48\/100|[from] item: Leftovers\n|upkeep\n|-message|xy5 forfeited.\n|\n|win|Dtizzle522\n|raw|xy5's rating: 1040 &rarr; <strong>1023<\/strong><br \/>(-17 for losing)\n|raw|Dtizzle522's rating: 1014 &rarr; <strong>1055<\/strong><br \/>(+41 for winning)\n|l|\u2606xy5\n","uploadtime":1697578995,"views":11,"p1id":"xy5","p2id":"dtizzle522","formatid":"gen9doublesou","rating":1023,"private":0,"password":""}