{"id":"gen9doublesou-1989637828","p1":"BirdsIGuess","p2":"SylveSweep","format":"[Gen 9] Doubles OU","log":"|j|\u2606BirdsIGuess\n|j|\u2606SylveSweep\n|t:|1699881840\n|gametype|doubles\n|player|p1|BirdsIGuess|2|1125\n|player|p2|SylveSweep|102|1119\n|teamsize|p1|6\n|teamsize|p2|6\n|gen|9\n|tier|[Gen 9] Doubles OU\n|rated|\n|rule|Species Clause: Limit one of each Pok\u00e9mon\n|rule|OHKO Clause: OHKO moves are banned\n|rule|Evasion Moves Clause: Evasion moves are banned\n|rule|Gravity Sleep Clause: The combination of sleep-inducing moves with imperfect accuracy and Gravity or Gigantamax Orbeetle are banned\n|rule|Endless Battle Clause: Forcing endless battles is banned\n|rule|HP Percentage Mod: HP is shown in percentages\n|clearpoke\n|poke|p1|Armarouge, M|\n|poke|p1|Sudowoodo, F|\n|poke|p1|Baxcalibur, F|\n|poke|p1|Veluza, M|\n|poke|p1|Houndstone, F|\n|poke|p1|Toxtricity, F|\n|poke|p2|Landorus-Therian, M|\n|poke|p2|Kommo-o, M|\n|poke|p2|Sylveon, F|\n|poke|p2|Sinistcha-Masterpiece|\n|poke|p2|Clefairy, F|\n|poke|p2|Fezandipiti, M|\n|teampreview\n|inactive|Battle timer is ON: inactive players will automatically lose when time's up. (requested by SylveSweep)\n|\n|t:|1699881858\n|start\n|switch|p1a: F15H|Veluza, M|100\/100\n|switch|p1b: Totally Not A Rock|Sudowoodo, F|100\/100\n|switch|p2a: Sylveon|Sylveon, F, shiny|100\/100\n|switch|p2b: Kommo-o|Kommo-o, M|100\/100\n|turn|1\n|inactive|BirdsIGuess has 120 seconds left.\n|\n|t:|1699881891\n|move|p2b: Kommo-o|Clangorous Soul|p2b: Kommo-o\n|-boost|p2b: Kommo-o|atk|1\n|-boost|p2b: Kommo-o|def|1\n|-boost|p2b: Kommo-o|spa|1\n|-boost|p2b: Kommo-o|spd|1\n|-boost|p2b: Kommo-o|spe|1\n|-damage|p2b: Kommo-o|68\/100\n|-enditem|p2b: Kommo-o|Throat Spray\n|-boost|p2b: Kommo-o|spa|1|[from] item: Throat Spray\n|move|p2a: Sylveon|Psych Up|p2b: Kommo-o\n|-copyboost|p2a: Sylveon|p2b: Kommo-o|[from] move: Psych Up\n|move|p1a: F15H|Psycho Cut|p2b: Kommo-o\n|-supereffective|p2b: Kommo-o\n|-damage|p2b: Kommo-o|0 fnt\n|faint|p2b: Kommo-o\n|move|p1b: Totally Not A Rock|Wood Hammer|p2a: Sylveon\n|-damage|p2a: Sylveon|63\/100\n|\n|upkeep\n|\n|t:|1699881909\n|switch|p2b: Clefairy|Clefairy, F|100\/100\n|turn|2\n|c|\u2606BirdsIGuess|that is now the scariest sylveon in existence\n|\n|t:|1699881930\n|move|p2b: Clefairy|Helping Hand|p2a: Sylveon\n|-singleturn|p2a: Sylveon|Helping Hand|[of] p2b: Clefairy\n|move|p2a: Sylveon|Hyper Voice|p1b: Totally Not A Rock|[spread] p1a,p1b\n|-damage|p1a: F15H|0 fnt\n|-damage|p1b: Totally Not A Rock|0 fnt\n|faint|p1a: F15H\n|faint|p1b: Totally Not A Rock\n|\n|upkeep\n|c|\u2606BirdsIGuess|WHATFWYSU\n|c|\u2606SylveSweep|HEHEHEHEHEHEHE\n|inactive|BirdsIGuess has 120 seconds left.\n|\n|t:|1699881946\n|switch|p1a: Armarouge|Armarouge, M|100\/100\n|switch|p1b: Toxtricity|Toxtricity, F|100\/100\n|turn|3\n|c|\u2606BirdsIGuess|WTF WTF\n|\n|t:|1699881974\n|move|p2b: Clefairy|Helping Hand|p2a: Sylveon\n|-singleturn|p2a: Sylveon|Helping Hand|[of] p2b: Clefairy\n|move|p2a: Sylveon|Stored Power|p1b: Toxtricity\n|-supereffective|p1b: Toxtricity\n|-damage|p1b: Toxtricity|0 fnt\n|faint|p1b: Toxtricity\n|move|p1a: Armarouge|Armor Cannon|p2b: Clefairy\n|-damage|p2b: Clefairy|37\/100\n|-unboost|p1a: Armarouge|def|1\n|-unboost|p1a: Armarouge|spd|1\n|\n|upkeep\n|\n|t:|1699881985\n|switch|p1b: Final Hope|Houndstone, F|100\/100\n|turn|4\n|\n|t:|1699881997\n|move|p2b: Clefairy|Helping Hand|p2a: Sylveon\n|-singleturn|p2a: Sylveon|Helping Hand|[of] p2b: Clefairy\n|move|p2a: Sylveon|Shadow Ball|p1b: Final Hope\n|-supereffective|p1b: Final Hope\n|-damage|p1b: Final Hope|0 fnt\n|faint|p1b: Final Hope\n|move|p1a: Armarouge|Armor Cannon|p2a: Sylveon\n|-damage|p2a: Sylveon|38\/100\n|-unboost|p1a: Armarouge|def|1\n|-unboost|p1a: Armarouge|spd|1\n|\n|upkeep\n|c|\u2606BirdsIGuess|that is busted\n|\n|t:|1699882010\n|switch|p1b: Dragon Tales|Baxcalibur, F|100\/100\n|turn|5\n|c|\u2606SylveSweep|this is fun :)\n|c|\u2606BirdsIGuess|your name makes sense now\n|c|\u2606SylveSweep|lol\n|\n|t:|1699882038\n|-terastallize|p1b: Dragon Tales|Fairy\n|move|p2b: Clefairy|Helping Hand|p2a: Sylveon\n|-singleturn|p2a: Sylveon|Helping Hand|[of] p2b: Clefairy\n|move|p2a: Sylveon|Hyper Voice|p1b: Dragon Tales|[spread] p1a,p1b\n|-resisted|p1a: Armarouge\n|-damage|p1a: Armarouge|0 fnt\n|-damage|p1b: Dragon Tales|15\/100\n|faint|p1a: Armarouge\n|move|p1b: Dragon Tales|Dig||[still]\n|-prepare|p1b: Dragon Tales|Dig\n|\n|upkeep\n|turn|6\n|c|\u2606BirdsIGuess|its a busted strat but i dont like this\n|\n|t:|1699882065\n|move|p2a: Sylveon|Hyper Voice|p1b: Dragon Tales|[miss]\n|-miss|p2a: Sylveon|p1b: Dragon Tales\n|move|p1b: Dragon Tales|Dig|p2a: Sylveon|[from]lockedmove\n|-damage|p2a: Sylveon|13\/100\n|move|p2b: Clefairy|Heal Pulse|p2a: Sylveon\n|-heal|p2a: Sylveon|63\/100\n|\n|upkeep\n|turn|7\n|\n|t:|1699882079\n|move|p2a: Sylveon|Hyper Voice|p1b: Dragon Tales\n|-damage|p1b: Dragon Tales|0 fnt\n|faint|p1b: Dragon Tales\n|\n|win|SylveSweep\n|raw|BirdsIGuess's rating: 1125 &rarr; <strong>1100<\/strong><br \/>(-25 for losing)\n|raw|SylveSweep's rating: 1119 &rarr; <strong>1144<\/strong><br \/>(+25 for winning)\n|c|\u2606SylveSweep|ta daaa\n|l|\u2606BirdsIGuess\n|c|\u2606SylveSweep|gg\n","uploadtime":1699882130,"views":13,"p1id":"birdsiguess","p2id":"sylvesweep","formatid":"gen9doublesou","rating":1100,"private":0,"password":""}