{"id":"gen9doublesou-1976772725","p1":"Antoniasz","p2":"NickDynamo","format":"[Gen 9] Doubles OU","log":"|j|\u2606Antoniasz\n|j|\u2606NickDynamo\n|t:|1698340181\n|gametype|doubles\n|player|p1|Antoniasz|byron|1230\n|player|p2|NickDynamo|266|1209\n|teamsize|p1|6\n|teamsize|p2|6\n|gen|9\n|tier|[Gen 9] Doubles OU\n|rated|\n|rule|Species Clause: Limit one of each Pok\u00e9mon\n|rule|OHKO Clause: OHKO moves are banned\n|rule|Evasion Moves Clause: Evasion moves are banned\n|rule|Gravity Sleep Clause: The combination of sleep-inducing moves with imperfect accuracy and Gravity or Gigantamax Orbeetle are banned\n|rule|Endless Battle Clause: Forcing endless battles is banned\n|rule|HP Percentage Mod: HP is shown in percentages\n|clearpoke\n|poke|p1|Milotic, M|\n|poke|p1|Kingambit, F|\n|poke|p1|Ceruledge, M|\n|poke|p1|Hatterene, F|\n|poke|p1|Zapdos|\n|poke|p1|Torterra, M|\n|poke|p2|Amoonguss, M|\n|poke|p2|Iron Hands|\n|poke|p2|Flutter Mane|\n|poke|p2|Roaring Moon|\n|poke|p2|Kingambit, M|\n|poke|p2|Tornadus, M|\n|teampreview\n|inactive|Battle timer is ON: inactive players will automatically lose when time's up. (requested by NickDynamo)\n|\n|t:|1698340213\n|start\n|switch|p1a: Hatterene|Hatterene, F, shiny|100\/100\n|switch|p1b: Ceruledge|Ceruledge, M|100\/100\n|switch|p2a: kiwi|Iron Hands, shiny|100\/100\n|switch|p2b: Torn|Tornadus, M, shiny|100\/100\n|turn|1\n|inactive|NickDynamo has 120 seconds left.\n|\n|t:|1698340254\n|move|p2a: kiwi|Fake Out|p1a: Hatterene\n|-damage|p1a: Hatterene|88\/100\n|move|p2b: Torn|Tailwind|p2b: Torn\n|-sidestart|p2: NickDynamo|move: Tailwind\n|move|p1b: Ceruledge|Will-O-Wisp|p2a: kiwi\n|-status|p2a: kiwi|brn\n|cant|p1a: Hatterene|flinch\n|\n|-damage|p2a: kiwi|94\/100 brn|[from] brn\n|upkeep\n|turn|2\n|inactive|NickDynamo has 120 seconds left.\n|inactive|NickDynamo has 90 seconds left.\n|\n|t:|1698340314\n|move|p2b: Torn|Rain Dance|p2b: Torn\n|-weather|RainDance\n|move|p2a: kiwi|Thunder Punch|p1b: Ceruledge\n|-damage|p1b: Ceruledge|77\/100\n|-ability|p1b: Ceruledge|Weak Armor|boost\n|-unboost|p1b: Ceruledge|def|1\n|-boost|p1b: Ceruledge|spe|2\n|move|p1b: Ceruledge|Bulk Up|p1b: Ceruledge\n|-boost|p1b: Ceruledge|atk|1\n|-boost|p1b: Ceruledge|def|1\n|move|p1a: Hatterene|Trick|p2a: kiwi\n|-activate|p1a: Hatterene|move: Trick|[of] p2a: kiwi\n|-item|p2a: kiwi|Choice Specs|[from] move: Trick\n|-item|p1a: Hatterene|Assault Vest|[from] move: Trick\n|\n|-weather|RainDance|[upkeep]\n|-damage|p2a: kiwi|88\/100 brn|[from] brn\n|upkeep\n|turn|3\n|inactive|NickDynamo has 90 seconds left.\n|\n|t:|1698340346\n|move|p2b: Torn|Bleakwind Storm|p1a: Hatterene|[spread] p1a,p1b\n|-damage|p1a: Hatterene|61\/100\n|-damage|p1b: Ceruledge|29\/100\n|-unboost|p1a: Hatterene|spe|1\n|-unboost|p1b: Ceruledge|spe|1\n|move|p1b: Ceruledge|Bulk Up|p1b: Ceruledge\n|-boost|p1b: Ceruledge|atk|1\n|-boost|p1b: Ceruledge|def|1\n|move|p2a: kiwi|Ice Punch|p1a: Hatterene\n|-damage|p1a: Hatterene|49\/100\n|move|p1a: Hatterene|Dazzling Gleam|p2b: Torn|[spread] p2a,p2b\n|-supereffective|p2a: kiwi\n|-damage|p2a: kiwi|39\/100 brn\n|-damage|p2b: Torn|64\/100\n|\n|-weather|RainDance|[upkeep]\n|-damage|p2a: kiwi|33\/100 brn|[from] brn\n|upkeep\n|turn|4\n|inactive|NickDynamo has 90 seconds left.\n|\n|t:|1698340373\n|move|p2b: Torn|Bleakwind Storm|p1a: Hatterene|[spread] p1a,p1b\n|-damage|p1a: Hatterene|24\/100\n|-damage|p1b: Ceruledge|0 fnt\n|faint|p1b: Ceruledge\n|move|p2a: kiwi|Ice Punch|p1a: Hatterene\n|-damage|p1a: Hatterene|12\/100\n|move|p1a: Hatterene|Dazzling Gleam|p2b: Torn|[spread] p2a,p2b\n|-supereffective|p2a: kiwi\n|-damage|p2a: kiwi|0 fnt\n|-damage|p2b: Torn|30\/100\n|faint|p2a: kiwi\n|-end|p2a: kiwi|Quark Drive|[silent]\n|\n|-weather|RainDance|[upkeep]\n|-sideend|p2: NickDynamo|move: Tailwind\n|upkeep\n|inactive|NickDynamo has 90 seconds left.\n|\n|t:|1698340394\n|switch|p1b: Zapdos|Zapdos|100\/100\n|switch|p2a: dreams|Roaring Moon, shiny|100\/100\n|-enditem|p2a: dreams|Booster Energy\n|-activate|p2a: dreams|ability: Protosynthesis|[fromitem]\n|-start|p2a: dreams|protosynthesisatk\n|turn|5\n|inactive|Antoniasz has 120 seconds left.\n|\n|t:|1698340431\n|move|p2b: Torn|Tailwind|p2b: Torn\n|-sidestart|p2: NickDynamo|move: Tailwind\n|move|p2a: dreams|Knock Off|p1a: Hatterene\n|-damage|p1a: Hatterene|0 fnt\n|-enditem|p1a: Hatterene|Assault Vest|[from] move: Knock Off|[of] p2a: dreams\n|faint|p1a: Hatterene\n|move|p1b: Zapdos|Heat Wave|p2b: Torn|[spread] p2a,p2b\n|-resisted|p2a: dreams\n|-damage|p2a: dreams|93\/100\n|-damage|p2b: Torn|10\/100\n|-status|p2a: dreams|brn\n|-damage|p1b: Zapdos|91\/100|[from] item: Life Orb\n|\n|-weather|RainDance|[upkeep]\n|-damage|p2a: dreams|87\/100 brn|[from] brn\n|upkeep\n|\n|t:|1698340448\n|switch|p1a: Milotic|Milotic, M|100\/100\n|turn|6\n|inactive|Antoniasz has 120 seconds left.\n|inactive|NickDynamo has 120 seconds left.\n|\n|t:|1698340466\n|move|p2b: Torn|Bleakwind Storm|p1a: Milotic|[spread] p1a,p1b\n|-crit|p1a: Milotic\n|-resisted|p1b: Zapdos\n|-damage|p1a: Milotic|65\/100\n|-damage|p1b: Zapdos|69\/100\n|move|p2a: dreams|Knock Off|p1b: Zapdos\n|-damage|p1b: Zapdos|21\/100\n|-enditem|p1b: Zapdos|Life Orb|[from] move: Knock Off|[of] p2a: dreams\n|move|p1b: Zapdos|Heat Wave|p2a: dreams|[spread] p2a,p2b\n|-resisted|p2a: dreams\n|-damage|p2a: dreams|81\/100 brn\n|-damage|p2b: Torn|0 fnt\n|faint|p2b: Torn\n|move|p1a: Milotic|Chilling Water|p2a: dreams\n|-resisted|p2a: dreams\n|-damage|p2a: dreams|68\/100 brn\n|-unboost|p2a: dreams|atk|1\n|\n|-weather|none\n|-damage|p2a: dreams|62\/100 brn|[from] brn\n|upkeep\n|inactive|NickDynamo has 120 seconds left.\n|\n|t:|1698340493\n|switch|p2b: neymar|Flutter Mane, shiny|100\/100\n|turn|7\n|inactive|NickDynamo has 120 seconds left.\n|\n|t:|1698340511\n|-terastallize|p1a: Milotic|Fairy\n|move|p2b: neymar|Shadow Ball|p1a: Milotic\n|-damage|p1a: Milotic|41\/100\n|move|p2a: dreams|Knock Off|p1a: Milotic\n|-resisted|p1a: Milotic\n|-damage|p1a: Milotic|30\/100\n|-enditem|p1a: Milotic|Weakness Policy|[from] move: Knock Off|[of] p2a: dreams\n|move|p1b: Zapdos|Roost|p1b: Zapdos\n|-heal|p1b: Zapdos|71\/100\n|-singleturn|p1b: Zapdos|move: Roost\n|move|p1a: Milotic|Icy Wind|p2a: dreams|[spread] p2a\n|-miss|p1a: Milotic|p2b: neymar\n|-supereffective|p2a: dreams\n|-damage|p2a: dreams|45\/100 brn\n|-unboost|p2a: dreams|spe|1\n|\n|-damage|p2a: dreams|39\/100 brn|[from] brn\n|upkeep\n|turn|8\n|inactive|NickDynamo has 120 seconds left.\n|\n|t:|1698340545\n|move|p2b: neymar|Shadow Ball|p1a: Milotic\n|-damage|p1a: Milotic|5\/100\n|move|p2a: dreams|Acrobatics|p1a: Milotic\n|-crit|p1a: Milotic\n|-damage|p1a: Milotic|0 fnt\n|faint|p1a: Milotic\n|move|p1b: Zapdos|Heat Wave|p2a: dreams|[spread] p2b\n|-miss|p1b: Zapdos|p2a: dreams\n|-damage|p2b: neymar|77\/100\n|\n|-damage|p2a: dreams|33\/100 brn|[from] brn\n|-sideend|p2: NickDynamo|move: Tailwind\n|upkeep\n|\n|t:|1698340558\n|switch|p1a: Kingambit|Kingambit, F|100\/100\n|turn|9\n|inactive|NickDynamo has 120 seconds left.\n|\n|t:|1698340585\n|move|p2a: dreams|Protect|p2a: dreams\n|-singleturn|p2a: dreams|Protect\n|move|p2b: neymar|Perish Song|p2b: neymar\n|-start|p1a: Kingambit|perish3|[silent]\n|-start|p1b: Zapdos|perish3|[silent]\n|-start|p2a: dreams|perish3|[silent]\n|-start|p2b: neymar|perish3|[silent]\n|-fieldactivate|move: Perish Song\n|move|p1b: Zapdos|Volt Switch|p2a: dreams\n|-activate|p2a: dreams|move: Protect\n|move|p1a: Kingambit|Iron Head|p2b: neymar\n|-supereffective|p2b: neymar\n|-damage|p2b: neymar|0 fnt\n|faint|p2b: neymar\n|-end|p2b: neymar|Protosynthesis|[silent]\n|\n|-damage|p2a: dreams|27\/100 brn|[from] brn\n|-start|p1b: Zapdos|perish3\n|-start|p2a: dreams|perish3\n|-start|p1a: Kingambit|perish3\n|upkeep\n|\n|t:|1698340610\n|switch|p2b: SHIESTY|Kingambit, M|100\/100\n|turn|10\n|\n|t:|1698340635\n|-terastallize|p2b: SHIESTY|Flying\n|move|p1b: Zapdos|Heat Wave|p2a: dreams|[spread] p2a,p2b\n|-resisted|p2a: dreams\n|-damage|p2a: dreams|15\/100 brn\n|-damage|p2b: SHIESTY|78\/100\n|move|p2a: dreams|Knock Off|p1a: Kingambit\n|-resisted|p1a: Kingambit\n|-damage|p1a: Kingambit|92\/100\n|-enditem|p1a: Kingambit|Luminous Moss|[from] move: Knock Off|[of] p2a: dreams\n|move|p2b: SHIESTY|Swords Dance|p2b: SHIESTY\n|-boost|p2b: SHIESTY|atk|2\n|move|p1a: Kingambit|Iron Head|p2a: dreams\n|-damage|p2a: dreams|0 fnt\n|faint|p2a: dreams\n|-end|p2a: dreams|Protosynthesis|[silent]\n|\n|-start|p1b: Zapdos|perish2\n|-start|p1a: Kingambit|perish2\n|upkeep\n|\n|t:|1698340648\n|switch|p2a: gus|Amoonguss, M|100\/100\n|turn|11\n|inactive|NickDynamo has 120 seconds left.\n|\n|t:|1698340667\n|move|p1b: Zapdos|Heat Wave|p2b: SHIESTY|[spread] p2a,p2b\n|-supereffective|p2a: gus\n|-damage|p2a: gus|71\/100\n|-damage|p2b: SHIESTY|56\/100\n|move|p2b: SHIESTY|Swords Dance|p2b: SHIESTY\n|-boost|p2b: SHIESTY|atk|2\n|move|p1a: Kingambit|Iron Head|p2a: gus\n|-damage|p2a: gus|34\/100\n|move|p2a: gus|Spore|p1a: Kingambit\n|-status|p1a: Kingambit|slp|[from] move: Spore\n|\n|-heal|p2a: gus|40\/100|[from] item: Leftovers\n|-start|p1b: Zapdos|perish1\n|-start|p1a: Kingambit|perish1\n|upkeep\n|turn|12\n|inactive|NickDynamo has 120 seconds left.\n|\n|t:|1698340696\n|switch|p1a: Torterra|Torterra, M|100\/100\n|move|p2b: SHIESTY|Protect|p2b: SHIESTY\n|-singleturn|p2b: SHIESTY|Protect\n|move|p2a: gus|Protect|p2a: gus\n|-singleturn|p2a: gus|Protect\n|move|p1b: Zapdos|Volt Switch|p2b: SHIESTY\n|-activate|p2b: SHIESTY|move: Protect\n|\n|-heal|p2a: gus|46\/100|[from] item: Leftovers\n|-start|p1b: Zapdos|perish0\n|faint|p1b: Zapdos\n|upkeep\n|\n|t:|1698340709\n|switch|p1b: Kingambit|Kingambit, F|92\/100 slp\n|turn|13\n|\n|t:|1698340730\n|move|p1a: Torterra|Rock Blast|p2b: SHIESTY|[miss]\n|-miss|p1a: Torterra|p2b: SHIESTY\n|move|p2b: SHIESTY|Kowtow Cleave|p1a: Torterra\n|-damage|p1a: Torterra|0 fnt\n|faint|p1a: Torterra\n|cant|p1b: Kingambit|slp\n|move|p2a: gus|Pollen Puff|p2b: SHIESTY\n|-heal|p2b: SHIESTY|100\/100\n|\n|-heal|p2a: gus|52\/100|[from] item: Leftovers\n|upkeep\n|turn|14\n|c|\u2606NickDynamo|im so lucky\n|c|\u2606NickDynamo|did not thnk u had rock bast\n|n|!Antoniasz|antoniasz\n|inactive|Antoniasz has 120 seconds left.\n|\n|t:|1698340779\n|move|p2a: gus|Rage Powder|p2a: gus\n|-singleturn|p2a: gus|move: Rage Powder\n|cant|p1b: Kingambit|slp\n|move|p2b: SHIESTY|Kowtow Cleave|p1b: Kingambit\n|-resisted|p1b: Kingambit\n|-damage|p1b: Kingambit|36\/100 slp\n|\n|-heal|p2a: gus|59\/100|[from] item: Leftovers\n|upkeep\n|turn|15\n|inactive|NickDynamo has 120 seconds left.\n|\n|t:|1698340818\n|move|p2a: gus|Rage Powder|p2a: gus\n|-singleturn|p2a: gus|move: Rage Powder\n|cant|p1b: Kingambit|slp\n|move|p2b: SHIESTY|Kowtow Cleave|p1b: Kingambit\n|-resisted|p1b: Kingambit\n|-damage|p1b: Kingambit|0 fnt\n|faint|p1b: Kingambit\n|\n|win|NickDynamo\n|raw|Antoniasz's rating: 1230 &rarr; <strong>1203<\/strong><br \/>(-27 for losing)\n|raw|NickDynamo's rating: 1209 &rarr; <strong>1236<\/strong><br \/>(+27 for winning)\n","uploadtime":1698340757,"views":13,"p1id":"antoniasz","p2id":"nickdynamo","formatid":"gen9doublesou","rating":1203,"private":0,"password":""}