{"id":"gen9doublesou-2000252063","p1":"Pipiundkaka","p2":"enteaxel","format":"[Gen 9] Doubles OU","log":"|j|\u2606Pipiundkaka\n|j|\u2606enteaxel\n|t:|1701177753\n|gametype|doubles\n|player|p1|Pipiundkaka|buck|1087\n|player|p2|enteaxel|lucas-gen4pt|1047\n|teamsize|p1|6\n|teamsize|p2|6\n|gen|9\n|tier|[Gen 9] Doubles OU\n|rated|\n|rule|Species Clause: Limit one of each Pok\u00e9mon\n|rule|OHKO Clause: OHKO moves are banned\n|rule|Evasion Moves Clause: Evasion moves are banned\n|rule|Gravity Sleep Clause: The combination of sleep-inducing moves with imperfect accuracy and Gravity or Gigantamax Orbeetle are banned\n|rule|Endless Battle Clause: Forcing endless battles is banned\n|rule|HP Percentage Mod: HP is shown in percentages\n|clearpoke\n|poke|p1|Oricorio-Pom-Pom, M|\n|poke|p1|Quaquaval, M|\n|poke|p1|Florges-White, F|\n|poke|p1|Volcarona, F|\n|poke|p1|Lilligant-Hisui, F|\n|poke|p1|Flamigo, F|\n|poke|p2|Dudunsparce-*, F|\n|poke|p2|Jolteon, M|\n|poke|p2|Garchomp, M|\n|poke|p2|Flamigo, F|\n|poke|p2|Gyarados, M|\n|poke|p2|Oranguru, M|\n|teampreview\n|inactive|Battle timer is ON: inactive players will automatically lose when time's up. (requested by Pipiundkaka)\n|\n|t:|1701177779\n|start\n|switch|p1a: Oricorio|Oricorio-Pom-Pom, M, shiny|100\/100\n|switch|p1b: Volcarona|Volcarona, F, shiny|100\/100\n|switch|p2a: Dudunsparce|Dudunsparce-Three-Segment, F, shiny|100\/100\n|switch|p2b: Jolteon|Jolteon, M|100\/100\n|turn|1\n|\n|t:|1701177794\n|move|p1a: Oricorio|Protect|p1a: Oricorio\n|-singleturn|p1a: Oricorio|Protect\n|move|p2b: Jolteon|Yawn|p1a: Oricorio\n|-activate|p1a: Oricorio|move: Protect\n|move|p1b: Volcarona|Quiver Dance|p1b: Volcarona\n|-boost|p1b: Volcarona|spa|1\n|-boost|p1b: Volcarona|spd|1\n|-boost|p1b: Volcarona|spe|1\n|-activate|p1a: Oricorio|ability: Dancer\n|move|p1a: Oricorio|Quiver Dance|p1a: Oricorio|[from]ability: Dancer\n|-boost|p1a: Oricorio|spa|1\n|-boost|p1a: Oricorio|spd|1\n|-boost|p1a: Oricorio|spe|1\n|move|p2a: Dudunsparce|Ancient Power|p1b: Volcarona\n|-supereffective|p1b: Volcarona\n|-damage|p1b: Volcarona|66\/100\n|\n|upkeep\n|turn|2\n|\n|t:|1701177822\n|-terastallize|p1a: Oricorio|Fighting\n|move|p1a: Oricorio|Revelation Dance|p2a: Dudunsparce\n|-supereffective|p2a: Dudunsparce\n|-damage|p2a: Dudunsparce|23\/100\n|-enditem|p2a: Dudunsparce|Weakness Policy\n|-boost|p2a: Dudunsparce|atk|2|[from] item: Weakness Policy\n|-boost|p2a: Dudunsparce|spa|2|[from] item: Weakness Policy\n|move|p1b: Volcarona|Fiery Dance|p2b: Jolteon\n|-damage|p2b: Jolteon|39\/100\n|-boost|p1b: Volcarona|spa|1\n|-activate|p1a: Oricorio|ability: Dancer\n|move|p1a: Oricorio|Fiery Dance|p2b: Jolteon|[from]ability: Dancer\n|-damage|p2b: Jolteon|11\/100\n|-boost|p1a: Oricorio|spa|1\n|move|p2b: Jolteon|Light Screen|p2b: Jolteon\n|-sidestart|p2: enteaxel|move: Light Screen\n|move|p2a: Dudunsparce|Coil|p2a: Dudunsparce\n|-boost|p2a: Dudunsparce|atk|1\n|-boost|p2a: Dudunsparce|def|1\n|-boost|p2a: Dudunsparce|accuracy|1\n|\n|upkeep\n|turn|3\n|\n|t:|1701177847\n|move|p1a: Oricorio|Protect|p1a: Oricorio\n|-singleturn|p1a: Oricorio|Protect\n|move|p1b: Volcarona|Fiery Dance|p2a: Dudunsparce\n|-damage|p2a: Dudunsparce|0 fnt\n|-boost|p1b: Volcarona|spa|1\n|faint|p2a: Dudunsparce\n|-activate|p1a: Oricorio|ability: Dancer\n|move|p1a: Oricorio|Fiery Dance|p2b: Jolteon|[from]ability: Dancer\n|-damage|p2b: Jolteon|0 fnt\n|faint|p2b: Jolteon\n|\n|upkeep\n|\n|t:|1701177858\n|switch|p2b: Garchomp|Garchomp, M|100\/100\n|switch|p2a: Oranguru|Oranguru, M|100\/100\n|turn|4\n|\n|t:|1701177867\n|move|p1a: Oricorio|Quiver Dance|p1a: Oricorio\n|-boost|p1a: Oricorio|spa|1\n|-boost|p1a: Oricorio|spd|1\n|-boost|p1a: Oricorio|spe|1\n|move|p1b: Volcarona|Quiver Dance|p1b: Volcarona\n|-boost|p1b: Volcarona|spa|1\n|-boost|p1b: Volcarona|spd|1\n|-boost|p1b: Volcarona|spe|1\n|-activate|p1a: Oricorio|ability: Dancer\n|move|p1a: Oricorio|Quiver Dance|p1a: Oricorio|[from]ability: Dancer\n|-boost|p1a: Oricorio|spa|1\n|-boost|p1a: Oricorio|spd|1\n|-boost|p1a: Oricorio|spe|1\n|move|p2b: Garchomp|Earthquake|p1a: Oricorio|[spread] p1a,p1b\n|-activate|p2a: Oranguru|ability: Telepathy\n|-damage|p1a: Oricorio|53\/100\n|-damage|p1b: Volcarona|5\/100\n|-enditem|p1b: Volcarona|Sitrus Berry|[eat]\n|-heal|p1b: Volcarona|29\/100|[from] item: Sitrus Berry\n|move|p2a: Oranguru|Psych Up|p1b: Volcarona\n|-copyboost|p2a: Oranguru|p1b: Volcarona|[from] move: Psych Up\n|\n|-heal|p1a: Oricorio|59\/100|[from] item: Leftovers\n|upkeep\n|turn|5\n|\n|t:|1701177895\n|move|p1b: Volcarona|Rage Powder|p1b: Volcarona\n|-singleturn|p1b: Volcarona|move: Rage Powder\n|move|p1a: Oricorio|Baton Pass|p1a: Oricorio\n|\n|t:|1701177898\n|switch|p1a: Florges|Florges-White, F, shiny|100\/100|[from] Baton Pass\n|move|p2a: Oranguru|Instruct|p1b: Volcarona\n|-singleturn|p1b: Volcarona|move: Instruct|[of] p2a: Oranguru\n|move|p1b: Volcarona|Rage Powder||[still]\n|-fail|p1b: Volcarona\n|move|p2b: Garchomp|Earthquake|p1a: Florges|[spread] p1a,p1b\n|-activate|p2a: Oranguru|ability: Telepathy\n|-crit|p1b: Volcarona\n|-damage|p1a: Florges|53\/100\n|-damage|p1b: Volcarona|0 fnt\n|faint|p1b: Volcarona\n|\n|-heal|p1a: Florges|60\/100|[from] item: Leftovers\n|upkeep\n|\n|t:|1701177913\n|switch|p1b: Flamigo|Flamigo, F|100\/100\n|-copyboost|p1b: Flamigo|p1a: Florges|[from] ability: Costar\n|turn|6\n|\n|t:|1701177925\n|move|p2b: Garchomp|Protect|p2b: Garchomp\n|-singleturn|p2b: Garchomp|Protect\n|move|p1b: Flamigo|Taunt|p2a: Oranguru\n|-start|p2a: Oranguru|move: Taunt\n|move|p1a: Florges|Moonblast|p2b: Garchomp\n|-activate|p2b: Garchomp|move: Protect\n|move|p2a: Oranguru|Stored Power|p1b: Flamigo\n|-supereffective|p1b: Flamigo\n|-enditem|p1b: Flamigo|Focus Sash\n|-damage|p1b: Flamigo|1\/100\n|\n|-heal|p1a: Florges|66\/100|[from] item: Leftovers\n|-sideend|p2: enteaxel|move: Light Screen\n|upkeep\n|turn|7\n|\n|t:|1701177948\n|-terastallize|p2b: Garchomp|Ground\n|move|p1b: Flamigo|Acrobatics|p2a: Oranguru\n|-damage|p2a: Oranguru|50\/100\n|move|p1a: Florges|Moonblast|p2b: Garchomp\n|-damage|p2b: Garchomp|0 fnt\n|faint|p2b: Garchomp\n|move|p2a: Oranguru|Stored Power|p1a: Florges\n|-damage|p1a: Florges|19\/100\n|\n|-heal|p1a: Florges|26\/100|[from] item: Leftovers\n|upkeep\n|\n|t:|1701177953\n|switch|p2b: Flamigo|Flamigo, F, shiny|100\/100\n|-copyboost|p2b: Flamigo|p2a: Oranguru|[from] ability: Costar\n|turn|8\n|\n|t:|1701177977\n|move|p1a: Florges|Protect|p1a: Florges\n|-singleturn|p1a: Florges|Protect\n|move|p1b: Flamigo|Close Combat|p2b: Flamigo\n|-resisted|p2b: Flamigo\n|-damage|p2b: Flamigo|60\/100\n|-unboost|p1b: Flamigo|def|1\n|-unboost|p1b: Flamigo|spd|1\n|move|p2b: Flamigo|Brave Bird|p1a: Florges\n|-activate|p1a: Florges|move: Protect\n|move|p2a: Oranguru|Stored Power|p1b: Flamigo\n|-supereffective|p1b: Flamigo\n|-damage|p1b: Flamigo|0 fnt\n|faint|p1b: Flamigo\n|\n|-heal|p1a: Florges|32\/100|[from] item: Leftovers\n|-end|p2a: Oranguru|move: Taunt\n|upkeep\n|\n|t:|1701177997\n|switch|p1b: Quaquaval|Quaquaval, M, shiny|100\/100\n|turn|9\n|\n|t:|1701178020\n|move|p2b: Flamigo|Detect|p2b: Flamigo\n|-singleturn|p2b: Flamigo|Protect\n|move|p1a: Florges|Wish|p1a: Florges\n|move|p2a: Oranguru|Stored Power|p1b: Quaquaval\n|-supereffective|p1b: Quaquaval\n|-enditem|p1b: Quaquaval|Focus Sash\n|-damage|p1b: Quaquaval|1\/100\n|move|p1b: Quaquaval|Aqua Step|p2b: Flamigo\n|-activate|p2b: Flamigo|move: Protect\n|\n|-heal|p1a: Florges|38\/100|[from] item: Leftovers\n|upkeep\n|turn|10\n|\n|t:|1701178046\n|switch|p2a: Gyarados|Gyarados, M|100\/100\n|move|p1a: Florges|Protect|p1a: Florges\n|-singleturn|p1a: Florges|Protect\n|move|p2b: Flamigo|Facade|p1b: Quaquaval\n|-damage|p1b: Quaquaval|0 fnt\n|faint|p1b: Quaquaval\n|\n|-heal|p1a: Florges|88\/100|[from] move: Wish|[wisher] Florges\n|-heal|p1a: Florges|94\/100|[from] item: Leftovers\n|upkeep\n|\n|t:|1701178059\n|switch|p1b: Oricorio|Oricorio-Pom-Pom, M, shiny, tera:Fighting|59\/100\n|turn|11\n|\n|t:|1701178071\n|move|p1b: Oricorio|Protect|p1b: Oricorio\n|-singleturn|p1b: Oricorio|Protect\n|move|p2b: Flamigo|Brave Bird|p1a: Florges\n|-damage|p1a: Florges|24\/100\n|-damage|p2b: Flamigo|34\/100|[from] Recoil\n|move|p1a: Florges|Moonblast|p2a: Gyarados\n|-damage|p2a: Gyarados|0 fnt\n|faint|p2a: Gyarados\n|\n|-heal|p1a: Florges|31\/100|[from] item: Leftovers\n|-heal|p1b: Oricorio|65\/100|[from] item: Leftovers\n|upkeep\n|\n|t:|1701178074\n|switch|p2a: Oranguru|Oranguru, M|50\/100\n|turn|12\n|\n|t:|1701178092\n|move|p2b: Flamigo|Detect|p2b: Flamigo\n|-singleturn|p2b: Flamigo|Protect\n|move|p1a: Florges|Moonblast|p2a: Oranguru\n|-damage|p2a: Oranguru|0 fnt\n|faint|p2a: Oranguru\n|move|p1b: Oricorio|Revelation Dance|p2b: Flamigo\n|-activate|p2b: Flamigo|move: Protect\n|\n|-heal|p1a: Florges|37\/100|[from] item: Leftovers\n|-heal|p1b: Oricorio|71\/100|[from] item: Leftovers\n|upkeep\n|turn|13\n|\n|t:|1701178111\n|move|p2b: Flamigo|Brave Bird|p1b: Oricorio\n|-supereffective|p1b: Oricorio\n|-damage|p1b: Oricorio|0 fnt\n|faint|p1b: Oricorio\n|-damage|p2b: Flamigo|6\/100|[from] Recoil\n|-enditem|p2b: Flamigo|Mago Berry|[eat]\n|-heal|p2b: Flamigo|40\/100|[from] item: Mago Berry\n|move|p1a: Florges|Wish|p1a: Florges\n|\n|-heal|p1a: Florges|43\/100|[from] item: Leftovers\n|upkeep\n|\n|t:|1701178120\n|switch|p1b: Lilligant|Lilligant-Hisui, F, shiny|100\/100\n|turn|14\n|\n|t:|1701178129\n|move|p1a: Florges|Protect|p1a: Florges\n|-singleturn|p1a: Florges|Protect\n|move|p2b: Flamigo|Brave Bird|p1b: Lilligant\n|-supereffective|p1b: Lilligant\n|-enditem|p1b: Lilligant|Focus Sash\n|-damage|p1b: Lilligant|1\/100\n|-damage|p2b: Flamigo|10\/100|[from] Recoil\n|move|p1b: Lilligant|Victory Dance|p1b: Lilligant\n|-boost|p1b: Lilligant|atk|1\n|-boost|p1b: Lilligant|def|1\n|-boost|p1b: Lilligant|spe|1\n|\n|-heal|p1a: Florges|93\/100|[from] move: Wish|[wisher] Florges\n|-heal|p1a: Florges|99\/100|[from] item: Leftovers\n|upkeep\n|turn|15\n|\n|t:|1701178145\n|move|p2b: Flamigo|Detect|p2b: Flamigo\n|-singleturn|p2b: Flamigo|Protect\n|move|p1a: Florges|Moonblast|p2b: Flamigo\n|-activate|p2b: Flamigo|move: Protect\n|move|p1b: Lilligant|Poison Jab|p2b: Flamigo\n|-activate|p2b: Flamigo|move: Protect\n|\n|-heal|p1a: Florges|100\/100|[from] item: Leftovers\n|upkeep\n|turn|16\n|\n|t:|1701178156\n|move|p2b: Flamigo|Close Combat|p1b: Lilligant\n|-damage|p1b: Lilligant|0 fnt\n|-unboost|p2b: Flamigo|def|1\n|-unboost|p2b: Flamigo|spd|1\n|faint|p1b: Lilligant\n|move|p1a: Florges|Moonblast|p2b: Flamigo\n|-supereffective|p2b: Flamigo\n|-damage|p2b: Flamigo|0 fnt\n|faint|p2b: Flamigo\n|\n|win|Pipiundkaka\n|raw|Pipiundkaka's rating: 1087 &rarr; <strong>1111<\/strong><br \/>(+24 for winning)\n|raw|enteaxel's rating: 1047 &rarr; <strong>1032<\/strong><br \/>(-15 for losing)\n|l|\u2606enteaxel\n|c|\u2606Pipiundkaka|Gg\n","uploadtime":1701178169,"views":5,"p1id":"pipiundkaka","p2id":"enteaxel","formatid":"gen9doublesou","rating":1032,"private":0,"password":""}