{"id":"gen9doublesou-1975417741","p1":"Kongojongo","p2":"Tidal215","format":"[Gen 9] Doubles OU","log":"|j|\u2606Kongojongo\n|j|\u2606Tidal215\n|t:|1698189092\n|gametype|doubles\n|player|p1|Kongojongo|harlequin|1042\n|player|p2|Tidal215|plasmagruntf|1279\n|teamsize|p1|6\n|teamsize|p2|6\n|gen|9\n|tier|[Gen 9] Doubles OU\n|rated|\n|rule|Species Clause: Limit one of each Pok\u00e9mon\n|rule|OHKO Clause: OHKO moves are banned\n|rule|Evasion Moves Clause: Evasion moves are banned\n|rule|Gravity Sleep Clause: The combination of sleep-inducing moves with imperfect accuracy and Gravity or Gigantamax Orbeetle are banned\n|rule|Endless Battle Clause: Forcing endless battles is banned\n|rule|HP Percentage Mod: HP is shown in percentages\n|clearpoke\n|poke|p1|Ogerpon-Hearthflame, F|\n|poke|p1|Ursaluna-Bloodmoon, M|\n|poke|p1|Cramorant, M|\n|poke|p1|Gastrodon-East, M|\n|poke|p1|Toxapex, F|\n|poke|p1|Iron Hands|\n|poke|p2|Gholdengo|\n|poke|p2|Politoed, M|\n|poke|p2|Thundurus-Therian, M|\n|poke|p2|Iron Treads|\n|poke|p2|Overqwil, F|\n|poke|p2|Articuno-Galar|\n|teampreview\n|\n|t:|1698189113\n|start\n|switch|p1a: >:(|Ogerpon-Hearthflame, F|100\/100\n|switch|p1b: Har har har har|Ursaluna-Bloodmoon, M|100\/100\n|switch|p2a: Articuno|Articuno-Galar|100\/100\n|switch|p2b: Gholdengo|Gholdengo|100\/100\n|-ability|p1a: >:(|Mold Breaker\n|turn|1\n|inactive|Battle timer is ON: inactive players will automatically lose when time's up. (requested by Tidal215)\n|inactive|Kongojongo has 120 seconds left.\n|\n|t:|1698189153\n|switch|p2b: Kermit|Politoed, M|100\/100\n|-weather|RainDance|[from] ability: Drizzle|[of] p2b: Kermit\n|-terastallize|p1b: Har har har har|Ghost\n|move|p2a: Articuno|Tailwind|p2a: Articuno\n|-sidestart|p2: Tidal215|move: Tailwind\n|move|p1a: >:(|Swords Dance|p1a: >:(\n|-boost|p1a: >:(|atk|2\n|move|p1b: Har har har har|Tera Blast|p2a: Articuno|[anim] Tera Blast Ghost\n|-supereffective|p2a: Articuno\n|-damage|p2a: Articuno|0 fnt\n|faint|p2a: Articuno\n|\n|-weather|RainDance|[upkeep]\n|upkeep\n|inactive|Tidal215 has 120 seconds left.\n|\n|t:|1698189190\n|switch|p2a: Raijin|Thundurus-Therian, M|100\/100\n|turn|2\n|\n|t:|1698189205\n|move|p1a: >:(|Spiky Shield|p1a: >:(\n|-singleturn|p1a: >:(|move: Protect\n|move|p2a: Raijin|Wildbolt Storm|p1a: >:(|[spread] p1b\n|-activate|p1a: >:(|move: Protect\n|-damage|p1b: Har har har har|62\/100\n|move|p2b: Kermit|Muddy Water|p1a: >:(|[spread] p1b\n|-activate|p1a: >:(|move: Protect\n|-damage|p1b: Har har har har|32\/100\n|move|p1b: Har har har har|Tera Blast|p2b: Kermit|[anim] Tera Blast Ghost\n|-damage|p2b: Kermit|60\/100\n|\n|-weather|RainDance|[upkeep]\n|upkeep\n|turn|3\n|inactive|Kongojongo has 120 seconds left.\n|\n|t:|1698189236\n|switch|p1a: Blumby|Gastrodon-East, M|100\/100\n|switch|p1b: Slappems|Iron Hands|100\/100\n|move|p2a: Raijin|Wildbolt Storm|p1b: Slappems|[spread] p1b\n|-immune|p1a: Blumby\n|-resisted|p1b: Slappems\n|-crit|p1b: Slappems\n|-damage|p1b: Slappems|86\/100\n|move|p2b: Kermit|Muddy Water|p1a: Blumby|[spread] \n|-ability|p1a: Blumby|Storm Drain|boost\n|-boost|p1a: Blumby|spa|1\n|-miss|p2b: Kermit|p1b: Slappems\n|\n|-weather|RainDance|[upkeep]\n|upkeep\n|turn|4\n|inactive|Kongojongo has 120 seconds left.\n|\n|t:|1698189268\n|move|p2b: Kermit|Protect|p2b: Kermit\n|-singleturn|p2b: Kermit|Protect\n|move|p1b: Slappems|Fake Out|p2a: Raijin\n|-damage|p2a: Raijin|83\/100\n|cant|p2a: Raijin|flinch\n|move|p1a: Blumby|Chilling Water|p2a: Raijin\n|-damage|p2a: Raijin|33\/100\n|-unboost|p2a: Raijin|atk|1\n|\n|-weather|RainDance|[upkeep]\n|-sideend|p2: Tidal215|move: Tailwind\n|upkeep\n|turn|5\n|\n|t:|1698189288\n|move|p2a: Raijin|Volt Switch|p1b: Slappems\n|-resisted|p1b: Slappems\n|-damage|p1b: Slappems|76\/100\n|\n|t:|1698189295\n|switch|p2a: Gholdengo|Gholdengo|100\/100|[from] Volt Switch\n|move|p1b: Slappems|Heavy Slam|p2a: Gholdengo\n|-resisted|p2a: Gholdengo\n|-damage|p2a: Gholdengo|81\/100\n|move|p2b: Kermit|Encore|p1b: Slappems\n|-start|p1b: Slappems|Encore\n|move|p1a: Blumby|Chilling Water|p2a: Gholdengo\n|-damage|p2a: Gholdengo|38\/100\n|-unboost|p2a: Gholdengo|atk|1\n|\n|-weather|RainDance|[upkeep]\n|upkeep\n|turn|6\n|\n|t:|1698189318\n|-end|p1b: Slappems|Quark Drive|[silent]\n|switch|p1b: Har har har har|Ursaluna-Bloodmoon, M, tera:Ghost|32\/100\n|move|p2a: Gholdengo|Dazzling Gleam|p1b: Har har har har|[spread] p1a,p1b\n|-damage|p1a: Blumby|83\/100\n|-damage|p1b: Har har har har|11\/100\n|move|p2b: Kermit|Haze|p2b: Kermit\n|-clearallboost\n|move|p1a: Blumby|Earth Power|p2a: Gholdengo\n|-supereffective|p2a: Gholdengo\n|-damage|p2a: Gholdengo|0 fnt\n|faint|p2a: Gholdengo\n|\n|-weather|RainDance|[upkeep]\n|-heal|p1a: Blumby|89\/100|[from] item: Leftovers\n|upkeep\n|\n|t:|1698189332\n|switch|p2a: Overqwil|Overqwil, F|100\/100\n|turn|7\n|inactive|Tidal215 has 120 seconds left.\n|\n|t:|1698189371\n|switch|p2b: Elon Tusk|Iron Treads|100\/100\n|move|p2a: Overqwil|Barb Barrage|p1b: Har har har har\n|-resisted|p1b: Har har har har\n|-damage|p1b: Har har har har|0 fnt\n|faint|p1b: Har har har har\n|move|p1a: Blumby|Earth Power|p2a: Overqwil\n|-supereffective|p2a: Overqwil\n|-damage|p2a: Overqwil|9\/100\n|\n|-weather|RainDance|[upkeep]\n|-heal|p2a: Overqwil|15\/100|[from] item: Black Sludge\n|-heal|p1a: Blumby|96\/100|[from] item: Leftovers\n|upkeep\n|\n|t:|1698189383\n|switch|p1b: Surfin bird|Cramorant, M|100\/100\n|turn|8\n|\n|t:|1698189396\n|move|p2b: Elon Tusk|Protect|p2b: Elon Tusk\n|-singleturn|p2b: Elon Tusk|Protect\n|move|p2a: Overqwil|Crunch|p1a: Blumby\n|-damage|p1a: Blumby|59\/100\n|-unboost|p1a: Blumby|def|1\n|move|p1b: Surfin bird|Surf|p2a: Overqwil|[spread] p2a\n|-activate|p2b: Elon Tusk|move: Protect\n|-ability|p1a: Blumby|Storm Drain|boost\n|-boost|p1a: Blumby|spa|1\n|-formechange|p1b: Surfin bird|Cramorant-Gulping|\n|-damage|p2a: Overqwil|0 fnt\n|faint|p2a: Overqwil\n|move|p1a: Blumby|Chilling Water|p2b: Elon Tusk\n|-activate|p2b: Elon Tusk|move: Protect\n|\n|-weather|none\n|-heal|p1a: Blumby|65\/100|[from] item: Leftovers\n|upkeep\n|\n|t:|1698189414\n|switch|p2a: Raijin|Thundurus-Therian, M|33\/100\n|turn|9\n|\n|t:|1698189431\n|-end|p2b: Elon Tusk|Quark Drive|[silent]\n|switch|p2b: Kermit|Politoed, M|60\/100\n|-weather|RainDance|[from] ability: Drizzle|[of] p2b: Kermit\n|move|p2a: Raijin|Wildbolt Storm|p1a: Blumby|[spread] p1b\n|-immune|p1a: Blumby\n|-supereffective|p1b: Surfin bird\n|-enditem|p1b: Surfin bird|Focus Sash\n|-damage|p1b: Surfin bird|1\/100\n|-damage|p2a: Raijin|9\/100|[from] ability: Gulp Missile|[of] p1b: Surfin bird\n|-unboost|p2a: Raijin|def|1\n|-formechange|p1b: Surfin bird|Cramorant|\n|move|p1b: Surfin bird|Surf|p2b: Kermit|[spread] p2a,p2b\n|-ability|p1a: Blumby|Storm Drain|boost\n|-boost|p1a: Blumby|spa|1\n|-formechange|p1b: Surfin bird|Cramorant-Gorging|\n|-resisted|p2b: Kermit\n|-damage|p2a: Raijin|0 fnt\n|-damage|p2b: Kermit|45\/100\n|faint|p2a: Raijin\n|move|p1a: Blumby|Chilling Water|p2b: Kermit\n|-resisted|p2b: Kermit\n|-damage|p2b: Kermit|23\/100\n|-unboost|p2b: Kermit|atk|1\n|\n|-weather|RainDance|[upkeep]\n|-heal|p1a: Blumby|71\/100|[from] item: Leftovers\n|upkeep\n|inactive|Tidal215 has 120 seconds left.\n|\n|t:|1698189452\n|switch|p2a: Elon Tusk|Iron Treads|100\/100\n|turn|10\n|\n|t:|1698189464\n|-terastallize|p2a: Elon Tusk|Flying\n|move|p2a: Elon Tusk|Iron Head|p1a: Blumby\n|-resisted|p1a: Blumby\n|-damage|p1a: Blumby|39\/100\n|move|p1b: Surfin bird|Surf|p2b: Kermit|[spread] p2a,p2b\n|-ability|p1a: Blumby|Storm Drain|boost\n|-boost|p1a: Blumby|spa|1\n|-resisted|p2b: Kermit\n|-damage|p2a: Elon Tusk|42\/100\n|-damage|p2b: Kermit|6\/100\n|move|p2b: Kermit|Muddy Water|p1a: Blumby|[spread] p1b\n|-ability|p1a: Blumby|Storm Drain|boost\n|-boost|p1a: Blumby|spa|1\n|-resisted|p1b: Surfin bird\n|-damage|p1b: Surfin bird|0 fnt\n|-damage|p2b: Kermit|0 fnt|[from] ability: Gulp Missile|[of] p1b: Surfin bird\n|-formechange|p1b: Surfin bird|Cramorant|\n|faint|p1b: Surfin bird\n|faint|p2b: Kermit\n|move|p1a: Blumby|Chilling Water|p2a: Elon Tusk\n|-damage|p2a: Elon Tusk|0 fnt\n|faint|p2a: Elon Tusk\n|-end|p2a: Elon Tusk|Quark Drive|[silent]\n|\n|win|Kongojongo\n|raw|Kongojongo's rating: 1042 &rarr; <strong>1096<\/strong><br \/>(+54 for winning)\n|raw|Tidal215's rating: 1279 &rarr; <strong>1239<\/strong><br \/>(-40 for losing)\n|c|\u2606Kongojongo|gg\n","uploadtime":1698189484,"views":14,"p1id":"kongojongo","p2id":"tidal215","formatid":"gen9doublesou","rating":1096,"private":0,"password":""}