{"id":"gen9doublesou-1994833139","p1":"Jikubi","p2":"trentonbee","format":"[Gen 9] Doubles OU","log":"|j|\u2606Jikubi\n|j|\u2606trentonbee\n|t:|1700496987\n|gametype|doubles\n|player|p1|Jikubi|pokemaniac|1060\n|player|p2|trentonbee|101|1077\n|teamsize|p1|6\n|teamsize|p2|6\n|gen|9\n|tier|[Gen 9] Doubles OU\n|rated|\n|rule|Species Clause: Limit one of each Pok\u00e9mon\n|rule|OHKO Clause: OHKO moves are banned\n|rule|Evasion Moves Clause: Evasion moves are banned\n|rule|Gravity Sleep Clause: The combination of sleep-inducing moves with imperfect accuracy and Gravity or Gigantamax Orbeetle are banned\n|rule|Endless Battle Clause: Forcing endless battles is banned\n|rule|HP Percentage Mod: HP is shown in percentages\n|clearpoke\n|poke|p1|Amoonguss, M|\n|poke|p1|Landorus-Therian, M|\n|poke|p1|Chien-Pao|\n|poke|p1|Flutter Mane|\n|poke|p1|Palafin, M|\n|poke|p1|Armarouge, M|\n|poke|p2|Maushold-Four|\n|poke|p2|Torkoal, F|\n|poke|p2|Bruxish, F|\n|poke|p2|Ursaluna, F|\n|poke|p2|Cresselia, F|\n|poke|p2|Dragapult, F|\n|teampreview\n|\n|t:|1700496993\n|start\n|switch|p1a: Amoonguss|Amoonguss, M|100\/100\n|switch|p1b: Palafin|Palafin, M|100\/100\n|switch|p2a: Maushold|Maushold-Four|100\/100\n|switch|p2b: Bruxish|Bruxish, F|100\/100\n|turn|1\n|inactive|Battle timer is ON: inactive players will automatically lose when time's up. (requested by trentonbee)\n|\n|t:|1700497010\n|move|p1b: Palafin|Flip Turn|p2a: Maushold\n|-damage|p2a: Maushold|68\/100\n|\n|t:|1700497014\n|detailschange|p1b: Palafin|Palafin-Hero, M\n|switch|p1b: Chien-Pao|Chien-Pao|100\/100|[from] Flip Turn\n|-ability|p1b: Chien-Pao|Sword of Ruin\n|move|p2a: Maushold|Taunt|p1a: Amoonguss\n|-start|p1a: Amoonguss|move: Taunt\n|cant|p1a: Amoonguss|move: Taunt|Spore\n|move|p2b: Bruxish|Trick Room|p2b: Bruxish\n|-fieldstart|move: Trick Room|[of] p2b: Bruxish\n|\n|upkeep\n|turn|2\n|\n|t:|1700497034\n|move|p2b: Bruxish|Protect|p2b: Bruxish\n|-singleturn|p2b: Bruxish|Protect\n|move|p1a: Amoonguss|Giga Drain|p2b: Bruxish\n|-activate|p2b: Bruxish|move: Protect\n|move|p2a: Maushold|Population Bomb|p1b: Chien-Pao\n|-damage|p1b: Chien-Pao|86\/100\n|-damage|p1b: Chien-Pao|70\/100\n|-damage|p1b: Chien-Pao|56\/100\n|-damage|p1b: Chien-Pao|41\/100\n|-damage|p1b: Chien-Pao|25\/100\n|-damage|p1b: Chien-Pao|9\/100\n|-damage|p1b: Chien-Pao|0 fnt\n|faint|p1b: Chien-Pao\n|-hitcount|p1: Chien-Pao|7\n|\n|upkeep\n|inactive|Jikubi has 120 seconds left.\n|\n|t:|1700497050\n|switch|p1b: Flutter Mane|Flutter Mane|100\/100\n|turn|3\n|\n|t:|1700497061\n|move|p1a: Amoonguss|Giga Drain|p2b: Bruxish\n|-supereffective|p2b: Bruxish\n|-damage|p2b: Bruxish|58\/100\n|move|p2b: Bruxish|Psychic Fangs|p1a: Amoonguss\n|-supereffective|p1a: Amoonguss\n|-damage|p1a: Amoonguss|38\/100\n|move|p2a: Maushold|U-turn|p1b: Flutter Mane\n|-resisted|p1b: Flutter Mane\n|-damage|p1b: Flutter Mane|92\/100\n|\n|t:|1700497068\n|switch|p2a: Torkoal|Torkoal, F|100\/100|[from] U-turn\n|-weather|SunnyDay|[from] ability: Drought|[of] p2a: Torkoal\n|-activate|p1b: Flutter Mane|ability: Protosynthesis\n|-start|p1b: Flutter Mane|protosynthesisspe\n|move|p1b: Flutter Mane|Dazzling Gleam|p2b: Bruxish|[spread] p2a,p2b\n|-resisted|p2a: Torkoal\n|-damage|p2a: Torkoal|73\/100\n|-damage|p2b: Bruxish|21\/100\n|-damage|p1b: Flutter Mane|82\/100|[from] item: Life Orb\n|\n|-weather|SunnyDay|[upkeep]\n|-heal|p1a: Amoonguss|44\/100|[from] item: Leftovers\n|-end|p1a: Amoonguss|move: Taunt\n|upkeep\n|turn|4\n|\n|t:|1700497095\n|-terastallize|p2a: Torkoal|Fire\n|move|p2b: Bruxish|Aqua Jet|p2a: Torkoal\n|-supereffective|p2a: Torkoal\n|-damage|p2a: Torkoal|61\/100\n|-enditem|p2a: Torkoal|Weakness Policy\n|-boost|p2a: Torkoal|atk|2|[from] item: Weakness Policy\n|-boost|p2a: Torkoal|spa|2|[from] item: Weakness Policy\n|move|p2a: Torkoal|Earthquake|p1a: Amoonguss|[spread] p2b,p1a,p1b\n|-damage|p2b: Bruxish|0 fnt\n|-damage|p1a: Amoonguss|11\/100\n|-damage|p1b: Flutter Mane|14\/100\n|faint|p2b: Bruxish\n|move|p1a: Amoonguss|Spore|p2a: Torkoal\n|-status|p2a: Torkoal|slp|[from] move: Spore\n|move|p1b: Flutter Mane|Dazzling Gleam|p2a: Torkoal\n|-resisted|p2a: Torkoal\n|-damage|p2a: Torkoal|26\/100 slp\n|-damage|p1b: Flutter Mane|4\/100|[from] item: Life Orb\n|\n|-weather|SunnyDay|[upkeep]\n|-heal|p1a: Amoonguss|17\/100|[from] item: Leftovers\n|upkeep\n|inactive|trentonbee has 120 seconds left.\n|\n|t:|1700497110\n|switch|p2b: Ursaluna|Ursaluna, F|100\/100\n|turn|5\n|\n|t:|1700497124\n|move|p2b: Ursaluna|Protect|p2b: Ursaluna\n|-singleturn|p2b: Ursaluna|Protect\n|cant|p2a: Torkoal|slp\n|move|p1a: Amoonguss|Spore|p2b: Ursaluna\n|-activate|p2b: Ursaluna|move: Protect\n|move|p1b: Flutter Mane|Energy Ball|p2b: Ursaluna\n|-activate|p2b: Ursaluna|move: Protect\n|\n|-weather|SunnyDay|[upkeep]\n|-heal|p1a: Amoonguss|23\/100|[from] item: Leftovers\n|-fieldend|move: Trick Room\n|-status|p2b: Ursaluna|brn|[from] item: Flame Orb\n|upkeep\n|turn|6\n|\n|t:|1700497147\n|switch|p2a: Cresselia|Cresselia, F|100\/100\n|move|p1b: Flutter Mane|Energy Ball|p2b: Ursaluna\n|-supereffective|p2b: Ursaluna\n|-damage|p2b: Ursaluna|31\/100 brn\n|-damage|p1b: Flutter Mane|0 fnt|[from] item: Life Orb\n|faint|p1b: Flutter Mane\n|-end|p1b: Flutter Mane|Protosynthesis|[silent]\n|move|p2b: Ursaluna|Earthquake|p1a: Amoonguss|[spread] p1a\n|-immune|p2a: Cresselia|[from] ability: Levitate\n|-damage|p1a: Amoonguss|0 fnt\n|faint|p1a: Amoonguss\n|\n|-weather|SunnyDay|[upkeep]\n|-damage|p2b: Ursaluna|25\/100 brn|[from] brn\n|upkeep\n|\n|t:|1700497162\n|switch|p1b: Palafin|Palafin-Hero, M|100\/100\n|switch|p1a: Armarouge|Armarouge, M|100\/100\n|-activate|p1b: Palafin|ability: Zero to Hero\n|turn|7\n|\n|t:|1700497176\n|move|p2b: Ursaluna|Protect|p2b: Ursaluna\n|-singleturn|p2b: Ursaluna|Protect\n|move|p1b: Palafin|Close Combat|p2a: Cresselia\n|-resisted|p2a: Cresselia\n|-damage|p2a: Cresselia|83\/100\n|-unboost|p1b: Palafin|def|1\n|-unboost|p1b: Palafin|spd|1\n|move|p1a: Armarouge|Aura Sphere|p2b: Ursaluna\n|-activate|p2b: Ursaluna|move: Protect\n|move|p2a: Cresselia|Trick Room|p2a: Cresselia\n|-fieldstart|move: Trick Room|[of] p2a: Cresselia\n|\n|-weather|none\n|-damage|p2b: Ursaluna|19\/100 brn|[from] brn\n|upkeep\n|turn|8\n|\n|t:|1700497198\n|move|p2b: Ursaluna|Earthquake|p1a: Armarouge|[spread] p1a,p1b\n|-immune|p2a: Cresselia|[from] ability: Levitate\n|-supereffective|p1a: Armarouge\n|-damage|p1a: Armarouge|0 fnt\n|-damage|p1b: Palafin|0 fnt\n|faint|p1a: Armarouge\n|faint|p1b: Palafin\n|move|p2a: Cresselia|Lunar Blessing|p2a: Cresselia|[spread] p2a,p2b\n|-heal|p2a: Cresselia|100\/100\n|-heal|p2b: Ursaluna|44\/100 brn\n|-curestatus|p2b: Ursaluna|brn|[msg]\n|\n|-status|p2b: Ursaluna|brn|[from] item: Flame Orb\n|upkeep\n|inactive|Jikubi has 120 seconds left.\n|\n|t:|1700497215\n|switch|p1a: Landorus|Landorus-Therian, M|100\/100\n|-ability|p1a: Landorus|Intimidate|boost\n|-unboost|p2a: Cresselia|atk|1\n|-unboost|p2b: Ursaluna|atk|1\n|turn|9\n|\n|t:|1700497227\n|move|p2a: Cresselia|Helping Hand|p2b: Ursaluna\n|-singleturn|p2b: Ursaluna|Helping Hand|[of] p2a: Cresselia\n|move|p2b: Ursaluna|Facade|p1a: Landorus\n|-damage|p1a: Landorus|0 fnt\n|faint|p1a: Landorus\n|\n|win|trentonbee\n|raw|Jikubi's rating: 1060 &rarr; <strong>1042<\/strong><br \/>(-18 for losing)\n|raw|trentonbee's rating: 1077 &rarr; <strong>1104<\/strong><br \/>(+27 for winning)\n|l|\u2606Jikubi\n","uploadtime":1700497267,"views":18,"p1id":"jikubi","p2id":"trentonbee","formatid":"gen9doublesou","rating":1042,"private":0,"password":""}