{"id":"gen9doublesou-1973271285","p1":"Jculp","p2":"Deriverse","format":"[Gen 9] Doubles OU","log":"|j|\u2606Jculp\n|j|\u2606Deriverse\n|t:|1697946931\n|gametype|doubles\n|player|p1|Jculp|169|1437\n|player|p2|Deriverse|roxanne|1505\n|teamsize|p1|6\n|teamsize|p2|6\n|gen|9\n|tier|[Gen 9] Doubles OU\n|rated|\n|rule|Species Clause: Limit one of each Pok\u00e9mon\n|rule|OHKO Clause: OHKO moves are banned\n|rule|Evasion Moves Clause: Evasion moves are banned\n|rule|Gravity Sleep Clause: The combination of sleep-inducing moves with imperfect accuracy and Gravity or Gigantamax Orbeetle are banned\n|rule|Endless Battle Clause: Forcing endless battles is banned\n|rule|HP Percentage Mod: HP is shown in percentages\n|clearpoke\n|poke|p1|Rillaboom, M|\n|poke|p1|Ogerpon-Cornerstone, F|\n|poke|p1|Meowscarada, F|\n|poke|p1|Glimmora, M|\n|poke|p1|Volcanion|\n|poke|p1|Orthworm, M|\n|poke|p2|Regieleki|\n|poke|p2|Probopass, M|\n|poke|p2|Farigiraf, M|\n|poke|p2|Amoonguss, F|\n|poke|p2|Iron Hands|\n|poke|p2|Kingambit, M|\n|teampreview\n|inactive|Battle timer is ON: inactive players will automatically lose when time's up. (requested by Deriverse)\n|inactive|Deriverse has 120 seconds left.\n|\n|t:|1697946969\n|start\n|switch|p1a: Orthworm|Orthworm, M|100\/100\n|switch|p1b: Glimmora|Glimmora, M|100\/100\n|switch|p2a: Probopass|Probopass, M, shiny|100\/100\n|switch|p2b: Amoonguss|Amoonguss, F|100\/100\n|-item|p2a: Probopass|Air Balloon\n|turn|1\n|inactive|Jculp has 120 seconds left.\n|\n|t:|1697947012\n|switch|p1b: Volcanion|Volcanion|100\/100\n|move|p1a: Orthworm|Body Press|p2a: Probopass\n|-supereffective|p2a: Probopass\n|-damage|p2a: Probopass|19\/100\n|-enditem|p2a: Probopass|Air Balloon\n|move|p2a: Probopass|Thunder Wave|p1a: Orthworm\n|-status|p1a: Orthworm|par\n|move|p2b: Amoonguss|Spore|p1b: Volcanion\n|-status|p1b: Volcanion|slp|[from] move: Spore\n|\n|upkeep\n|turn|2\n|\n|t:|1697947028\n|move|p2b: Amoonguss|Rage Powder|p2b: Amoonguss\n|-singleturn|p2b: Amoonguss|move: Rage Powder\n|cant|p1b: Volcanion|slp\n|move|p2a: Probopass|Stealth Rock|p1b: Volcanion\n|-sidestart|p1: Jculp|move: Stealth Rock\n|move|p1a: Orthworm|Body Press|p2b: Amoonguss\n|-resisted|p2b: Amoonguss\n|-damage|p2b: Amoonguss|84\/100\n|\n|-heal|p2b: Amoonguss|91\/100|[from] item: Leftovers\n|upkeep\n|turn|3\n|\n|t:|1697947050\n|cant|p1b: Volcanion|slp\n|move|p2a: Probopass|Power Gem|p1b: Volcanion\n|-supereffective|p1b: Volcanion\n|-damage|p1b: Volcanion|72\/100 slp\n|move|p2b: Amoonguss|Pollen Puff|p2a: Probopass\n|-heal|p2a: Probopass|69\/100\n|cant|p1a: Orthworm|par\n|\n|-heal|p2b: Amoonguss|97\/100|[from] item: Leftovers\n|upkeep\n|turn|4\n|\n|t:|1697947072\n|-curestatus|p1b: Volcanion|slp|[msg]\n|move|p1b: Volcanion|Heat Wave|p2a: Probopass|[spread] p2a,p2b\n|-supereffective|p2b: Amoonguss\n|-damage|p2a: Probopass|44\/100\n|-damage|p2b: Amoonguss|45\/100\n|move|p2a: Probopass|Power Gem|p1b: Volcanion\n|-supereffective|p1b: Volcanion\n|-damage|p1b: Volcanion|41\/100\n|move|p2b: Amoonguss|Pollen Puff|p1b: Volcanion\n|-resisted|p1b: Volcanion\n|-damage|p1b: Volcanion|35\/100\n|move|p1a: Orthworm|Shed Tail|p1a: Orthworm\n|-start|p1a: Orthworm|Substitute|[from] move: Shed Tail\n|-damage|p1a: Orthworm|50\/100 par\n|-enditem|p1a: Orthworm|Sitrus Berry|[eat]\n|-heal|p1a: Orthworm|75\/100 par|[from] item: Sitrus Berry\n|inactive|Jculp has 120 seconds left.\n|\n|t:|1697947101\n|switch|p1a: Meowscarada|Meowscarada, F|100\/100|[from] Shed Tail\n|-damage|p1a: Meowscarada|88\/100|[from] Stealth Rock\n|\n|-heal|p2b: Amoonguss|52\/100|[from] item: Leftovers\n|upkeep\n|turn|5\n|\n|t:|1697947118\n|switch|p2b: Iron Hands|Iron Hands|100\/100\n|move|p1a: Meowscarada|Flower Trick|p2a: Probopass\n|-start|p1a: Meowscarada|typechange|Grass|[from] ability: Protean\n|-crit|p2a: Probopass\n|-damage|p2a: Probopass|10\/100\n|move|p1b: Volcanion|Heat Wave|p2a: Probopass|[spread] p2a,p2b\n|-damage|p2a: Probopass|0 fnt\n|-damage|p2b: Iron Hands|64\/100\n|faint|p2a: Probopass\n|\n|-heal|p2b: Iron Hands|70\/100|[from] item: Leftovers\n|upkeep\n|\n|t:|1697947134\n|switch|p2a: Regieleki|Regieleki|100\/100\n|turn|6\n|\n|t:|1697947148\n|switch|p1b: Rillaboom|Rillaboom, M|100\/100\n|-damage|p1b: Rillaboom|88\/100|[from] Stealth Rock\n|-fieldstart|move: Grassy Terrain|[from] ability: Grassy Surge|[of] p1b: Rillaboom\n|-enditem|p1b: Rillaboom|Grassy Seed\n|-boost|p1b: Rillaboom|def|1|[from] item: Grassy Seed\n|move|p1a: Meowscarada|Flower Trick|p2a: Regieleki\n|-crit|p2a: Regieleki\n|-damage|p2a: Regieleki|0 fnt\n|faint|p2a: Regieleki\n|move|p2b: Iron Hands|Drain Punch|p1a: Meowscarada\n|-end|p1a: Meowscarada|Substitute\n|-heal|p2b: Iron Hands|79\/100|[from] drain|[of] p1a: Meowscarada\n|\n|-heal|p1a: Meowscarada|94\/100|[from] Grassy Terrain\n|-heal|p1b: Rillaboom|94\/100|[from] Grassy Terrain\n|-heal|p2b: Iron Hands|85\/100|[from] Grassy Terrain\n|-heal|p2b: Iron Hands|91\/100|[from] item: Leftovers\n|upkeep\n|\n|t:|1697947162\n|switch|p2a: Amoonguss|Amoonguss, F|85\/100\n|turn|7\n|\n|t:|1697947184\n|-terastallize|p1b: Rillaboom|Flying\n|move|p1a: Meowscarada|Flower Trick|p2b: Iron Hands\n|-crit|p2b: Iron Hands\n|-damage|p2b: Iron Hands|45\/100\n|move|p1b: Rillaboom|Acrobatics|p2a: Amoonguss\n|-supereffective|p2a: Amoonguss\n|-damage|p2a: Amoonguss|0 fnt\n|faint|p2a: Amoonguss\n|move|p2b: Iron Hands|Swords Dance|p2b: Iron Hands\n|-boost|p2b: Iron Hands|atk|2\n|\n|-heal|p1a: Meowscarada|100\/100|[from] Grassy Terrain\n|-heal|p2b: Iron Hands|51\/100|[from] Grassy Terrain\n|-heal|p2b: Iron Hands|58\/100|[from] item: Leftovers\n|upkeep\n|\n|t:|1697947199\n|switch|p2a: Farigiraf|Farigiraf, M|100\/100\n|turn|8\n|\n|t:|1697947206\n|move|p2a: Farigiraf|Ally Switch|p2a: Farigiraf\n|swap|p2a: Farigiraf|1|[from] move: Ally Switch\n|move|p1a: Meowscarada|Flower Trick|p2a: Iron Hands\n|-crit|p2a: Iron Hands\n|-damage|p2a: Iron Hands|11\/100\n|move|p1b: Rillaboom|Acrobatics|p2b: Farigiraf\n|-damage|p2b: Farigiraf|42\/100\n|move|p2a: Iron Hands|Drain Punch|p1a: Meowscarada\n|-damage|p1a: Meowscarada|0 fnt\n|-heal|p2a: Iron Hands|39\/100|[from] drain|[of] p1a: Meowscarada\n|faint|p1a: Meowscarada\n|\n|-heal|p2b: Farigiraf|48\/100|[from] Grassy Terrain\n|-heal|p2b: Farigiraf|55\/100|[from] item: Leftovers\n|-heal|p2a: Iron Hands|46\/100|[from] Grassy Terrain\n|-heal|p2a: Iron Hands|52\/100|[from] item: Leftovers\n|upkeep\n|\n|t:|1697947232\n|switch|p1a: Ogerpon|Ogerpon-Cornerstone, F|100\/100\n|-damage|p1a: Ogerpon|88\/100|[from] Stealth Rock\n|turn|9\n|\n|t:|1697947250\n|-terastallize|p2a: Iron Hands|Grass\n|move|p1a: Ogerpon|Spiky Shield|p1a: Ogerpon\n|-singleturn|p1a: Ogerpon|move: Protect\n|move|p1b: Rillaboom|Acrobatics|p2a: Iron Hands\n|-supereffective|p2a: Iron Hands\n|-damage|p2a: Iron Hands|0 fnt\n|faint|p2a: Iron Hands\n|-end|p2a: Iron Hands|Quark Drive|[silent]\n|move|p2b: Farigiraf|Future Sight|p1b: Rillaboom\n|-start|p2b: Farigiraf|move: Future Sight\n|\n|-heal|p1a: Ogerpon|94\/100|[from] Grassy Terrain\n|-heal|p2b: Farigiraf|61\/100|[from] Grassy Terrain\n|-heal|p2b: Farigiraf|67\/100|[from] item: Leftovers\n|upkeep\n|\n|t:|1697947257\n|switch|p2a: Kingambit|Kingambit, M|100\/100\n|-activate|p2a: Kingambit|ability: Supreme Overlord\n|-start|p2a: Kingambit|fallen4|[silent]\n|turn|10\n|\n|t:|1697947276\n|move|p2b: Farigiraf|Ally Switch|p2b: Farigiraf\n|swap|p2b: Farigiraf|0|[from] move: Ally Switch\n|move|p1a: Ogerpon|Wood Hammer|p2b: Kingambit\n|-resisted|p2b: Kingambit\n|-damage|p2b: Kingambit|63\/100\n|-damage|p1a: Ogerpon|78\/100|[from] Recoil\n|move|p1b: Rillaboom|Wood Hammer|p2a: Farigiraf\n|-damage|p2a: Farigiraf|0 fnt\n|faint|p2a: Farigiraf\n|-damage|p1b: Rillaboom|66\/100|[from] Recoil\n|move|p2b: Kingambit|Swords Dance|p2b: Kingambit\n|-boost|p2b: Kingambit|atk|2\n|\n|-heal|p1a: Ogerpon|84\/100|[from] Grassy Terrain\n|-heal|p2b: Kingambit|70\/100|[from] Grassy Terrain\n|-heal|p2b: Kingambit|76\/100|[from] item: Leftovers\n|-fieldend|move: Grassy Terrain\n|upkeep\n|turn|11\n|inactive|Jculp has 120 seconds left.\n|\n|t:|1697947308\n|move|p2b: Kingambit|Sucker Punch|p1b: Rillaboom\n|-damage|p1b: Rillaboom|0 fnt\n|faint|p1b: Rillaboom\n|move|p1a: Ogerpon|Wood Hammer|p2b: Kingambit\n|-resisted|p2b: Kingambit\n|-damage|p2b: Kingambit|46\/100\n|-damage|p1a: Ogerpon|70\/100|[from] Recoil\n|\n|-hint|Future Sight did not hit because the target is fainted.\n|-heal|p2b: Kingambit|52\/100|[from] item: Leftovers\n|upkeep\n|inactive|Jculp has 120 seconds left.\n|\n|t:|1697947318\n|switch|p1b: Orthworm|Orthworm, M|75\/100 par\n|-damage|p1b: Orthworm|69\/100 par|[from] Stealth Rock\n|turn|12\n|\n|t:|1697947327\n|move|p1a: Ogerpon|Spiky Shield|p1a: Ogerpon\n|-singleturn|p1a: Ogerpon|move: Protect\n|move|p2b: Kingambit|Kowtow Cleave|p1b: Orthworm\n|-damage|p1b: Orthworm|0 fnt\n|faint|p1b: Orthworm\n|\n|-heal|p2b: Kingambit|58\/100|[from] item: Leftovers\n|upkeep\n|\n|t:|1697947345\n|switch|p1b: Volcanion|Volcanion|35\/100\n|-damage|p1b: Volcanion|10\/100|[from] Stealth Rock\n|turn|13\n|\n|t:|1697947356\n|move|p2b: Kingambit|Sucker Punch|p1b: Volcanion\n|-damage|p1b: Volcanion|0 fnt\n|faint|p1b: Volcanion\n|move|p1a: Ogerpon|Ivy Cudgel|p2b: Kingambit\n|-resisted|p2b: Kingambit\n|-damage|p2b: Kingambit|33\/100\n|\n|-heal|p2b: Kingambit|40\/100|[from] item: Leftovers\n|upkeep\n|\n|t:|1697947365\n|switch|p1b: Glimmora|Glimmora, M|100\/100\n|-damage|p1b: Glimmora|88\/100|[from] Stealth Rock\n|turn|14\n|\n|t:|1697947374\n|move|p2b: Kingambit|Sucker Punch|p1b: Glimmora\n|-damage|p1b: Glimmora|0 fnt\n|-activate|p1b: Glimmora|ability: Toxic Debris\n|-sidestart|p2: Deriverse|move: Toxic Spikes\n|faint|p1b: Glimmora\n|move|p1a: Ogerpon|Ivy Cudgel|p2b: Kingambit\n|-resisted|p2b: Kingambit\n|-damage|p2b: Kingambit|17\/100\n|\n|-heal|p2b: Kingambit|24\/100|[from] item: Leftovers\n|upkeep\n|turn|15\n|\n|t:|1697947386\n|move|p1a: Ogerpon|Spiky Shield|p1a: Ogerpon\n|-singleturn|p1a: Ogerpon|move: Protect\n|move|p2b: Kingambit|Sucker Punch||[still]\n|-fail|p2b: Kingambit\n|\n|-heal|p2b: Kingambit|30\/100|[from] item: Leftovers\n|upkeep\n|turn|16\n|\n|t:|1697947394\n|move|p2b: Kingambit|Sucker Punch|p1a: Ogerpon\n|-damage|p1a: Ogerpon|0 fnt\n|faint|p1a: Ogerpon\n|\n|win|Deriverse\n|raw|Jculp's rating: 1437 &rarr; <strong>1421<\/strong><br \/>(-16 for losing)\n|raw|Deriverse's rating: 1505 &rarr; <strong>1521<\/strong><br \/>(+16 for winning)\n|l|\u2606Jculp\n","uploadtime":1697947441,"views":18,"p1id":"jculp","p2id":"deriverse","formatid":"gen9doublesou","rating":1421,"private":0,"password":""}