{"id":"gen9doublesou-1993477771","p1":"Mait27","p2":"Leon-98","format":"[Gen 9] Doubles OU","log":"|j|\u2606Mait27\n|j|\u2606Leon-98\n|t:|1700322692\n|gametype|doubles\n|player|p1|Mait27|burglar|1524\n|player|p2|Leon-98|barry|1508\n|teamsize|p1|6\n|teamsize|p2|6\n|gen|9\n|tier|[Gen 9] Doubles OU\n|rated|\n|rule|Species Clause: Limit one of each Pok\u00e9mon\n|rule|OHKO Clause: OHKO moves are banned\n|rule|Evasion Moves Clause: Evasion moves are banned\n|rule|Gravity Sleep Clause: The combination of sleep-inducing moves with imperfect accuracy and Gravity or Gigantamax Orbeetle are banned\n|rule|Endless Battle Clause: Forcing endless battles is banned\n|rule|HP Percentage Mod: HP is shown in percentages\n|clearpoke\n|poke|p1|Iron Hands|\n|poke|p1|Heatran, M|\n|poke|p1|Ninetales-Alola, F|\n|poke|p1|Roaring Moon|\n|poke|p1|Amoonguss, M|\n|poke|p1|Thundurus-Therian, M|\n|poke|p2|Vaporeon, F|\n|poke|p2|Farigiraf, F|\n|poke|p2|Hariyama, M|\n|poke|p2|Amoonguss, F|\n|poke|p2|Tyranitar, F|\n|poke|p2|Garchomp, M|\n|teampreview\n|\n|t:|1700322710\n|start\n|switch|p1a: Ninetales|Ninetales-Alola, F|100\/100\n|switch|p1b: Roaring Moon|Roaring Moon|100\/100\n|switch|p2a: Hariyama|Hariyama, M|100\/100\n|switch|p2b: Garchomp|Garchomp, M|100\/100\n|-weather|Snow|[from] ability: Snow Warning|[of] p1a: Ninetales\n|-enditem|p1b: Roaring Moon|Booster Energy\n|-activate|p1b: Roaring Moon|ability: Protosynthesis|[fromitem]\n|-start|p1b: Roaring Moon|protosynthesisatk\n|turn|1\n|\n|t:|1700322748\n|-terastallize|p2b: Garchomp|Fire\n|move|p1b: Roaring Moon|Protect|p1b: Roaring Moon\n|-singleturn|p1b: Roaring Moon|Protect\n|move|p2a: Hariyama|Fake Out|p1b: Roaring Moon\n|-activate|p1b: Roaring Moon|move: Protect\n|move|p1a: Ninetales|Aurora Veil|p1a: Ninetales\n|-sidestart|p1: Mait27|move: Aurora Veil\n|move|p2b: Garchomp|Scale Shot|p1b: Roaring Moon\n|-activate|p1b: Roaring Moon|move: Protect\n|\n|-weather|Snow|[upkeep]\n|-status|p2a: Hariyama|brn|[from] item: Flame Orb\n|upkeep\n|turn|2\n|\n|t:|1700322776\n|-terastallize|p1b: Roaring Moon|Flying\n|move|p2a: Hariyama|Bullet Punch|p1a: Ninetales\n|-supereffective|p1a: Ninetales\n|-damage|p1a: Ninetales|53\/100\n|move|p1a: Ninetales|Encore|p2a: Hariyama\n|-start|p2a: Hariyama|Encore\n|move|p1b: Roaring Moon|Dragon Dance|p1b: Roaring Moon\n|-boost|p1b: Roaring Moon|atk|1\n|-boost|p1b: Roaring Moon|spe|1\n|move|p2b: Garchomp|Scale Shot|p1b: Roaring Moon\n|-damage|p1b: Roaring Moon|89\/100\n|-damage|p1b: Roaring Moon|78\/100\n|-damage|p1b: Roaring Moon|67\/100\n|-damage|p1b: Roaring Moon|55\/100\n|-damage|p1b: Roaring Moon|43\/100\n|-hitcount|p1b: Roaring Moon|5\n|-unboost|p2b: Garchomp|def|1\n|-boost|p2b: Garchomp|spe|1\n|\n|-weather|Snow|[upkeep]\n|-damage|p2a: Hariyama|94\/100 brn|[from] brn\n|upkeep\n|turn|3\n|\n|t:|1700322817\n|move|p2a: Hariyama|Bullet Punch|p1a: Ninetales\n|-supereffective|p1a: Ninetales\n|-damage|p1a: Ninetales|5\/100\n|move|p1b: Roaring Moon|Acrobatics|p2b: Garchomp\n|-damage|p2b: Garchomp|0 fnt\n|faint|p2b: Garchomp\n|move|p1a: Ninetales|Howl|p1a: Ninetales|[spread] p1a,p1b\n|-boost|p1a: Ninetales|atk|1\n|-boost|p1b: Roaring Moon|atk|1\n|\n|-weather|Snow|[upkeep]\n|-damage|p2a: Hariyama|88\/100 brn|[from] brn\n|upkeep\n|\n|t:|1700322829\n|switch|p2b: Tyranitar|Tyranitar, F|100\/100\n|-weather|Sandstorm|[from] ability: Sand Stream|[of] p2b: Tyranitar\n|turn|4\n|\n|t:|1700322842\n|switch|p1a: Iron Hands|Iron Hands|100\/100\n|move|p1b: Roaring Moon|Protect|p1b: Roaring Moon\n|-singleturn|p1b: Roaring Moon|Protect\n|move|p2a: Hariyama|Bullet Punch|p1a: Iron Hands\n|-resisted|p1a: Iron Hands\n|-damage|p1a: Iron Hands|96\/100\n|move|p2b: Tyranitar|Rock Slide|p1a: Iron Hands|[spread] p1a\n|-activate|p1b: Roaring Moon|move: Protect\n|-resisted|p1a: Iron Hands\n|-damage|p1a: Iron Hands|86\/100\n|-damage|p2b: Tyranitar|91\/100|[from] item: Life Orb\n|\n|-weather|Sandstorm|[upkeep]\n|-damage|p1b: Roaring Moon|37\/100|[from] Sandstorm\n|-damage|p1a: Iron Hands|80\/100|[from] Sandstorm\n|-damage|p2a: Hariyama|82\/100 brn|[from] Sandstorm\n|-damage|p2a: Hariyama|76\/100 brn|[from] brn\n|upkeep\n|turn|5\n|c|\u2606Leon-98|tell me\n|\n|t:|1700322885\n|switch|p2b: Vaporeon|Vaporeon, F|100\/100\n|move|p1a: Iron Hands|Fake Out|p2a: Hariyama\n|-damage|p2a: Hariyama|60\/100 brn\n|cant|p2a: Hariyama|flinch\n|move|p1b: Roaring Moon|Acrobatics|p2b: Vaporeon\n|-damage|p2b: Vaporeon|0 fnt\n|faint|p2b: Vaporeon\n|\n|-weather|Sandstorm|[upkeep]\n|-damage|p1b: Roaring Moon|31\/100|[from] Sandstorm\n|-damage|p1a: Iron Hands|74\/100|[from] Sandstorm\n|-damage|p2a: Hariyama|54\/100 brn|[from] Sandstorm\n|-damage|p2a: Hariyama|48\/100 brn|[from] brn\n|-end|p2a: Hariyama|Encore\n|-sideend|p1: Mait27|move: Aurora Veil\n|upkeep\n|c|\u2606Leon-98|how much atk does he have i have to know\n|\n|t:|1700322914\n|switch|p2b: Amoonguss|Amoonguss, F|100\/100\n|turn|6\n|\n|t:|1700322935\n|move|p1b: Roaring Moon|Protect|p1b: Roaring Moon\n|-singleturn|p1b: Roaring Moon|Protect\n|move|p2b: Amoonguss|Rage Powder|p2b: Amoonguss\n|-singleturn|p2b: Amoonguss|move: Rage Powder\n|move|p1a: Iron Hands|Ice Punch|p2b: Amoonguss\n|-supereffective|p2b: Amoonguss\n|-damage|p2b: Amoonguss|31\/100\n|move|p2a: Hariyama|Knock Off|p1b: Roaring Moon\n|-activate|p1b: Roaring Moon|move: Protect\n|\n|-weather|Sandstorm|[upkeep]\n|-damage|p1b: Roaring Moon|25\/100|[from] Sandstorm\n|-damage|p1a: Iron Hands|68\/100|[from] Sandstorm\n|-damage|p2a: Hariyama|42\/100 brn|[from] Sandstorm\n|-damage|p2b: Amoonguss|25\/100|[from] Sandstorm\n|-heal|p2b: Amoonguss|31\/100|[from] item: Leftovers\n|-damage|p2a: Hariyama|35\/100 brn|[from] brn\n|upkeep\n|turn|7\n|\n|t:|1700322970\n|switch|p2b: Tyranitar|Tyranitar, F|91\/100\n|move|p2a: Hariyama|Bullet Punch|p1b: Roaring Moon\n|-damage|p1b: Roaring Moon|0 fnt\n|faint|p1b: Roaring Moon\n|-end|p1b: Roaring Moon|Protosynthesis|[silent]\n|move|p1a: Iron Hands|Drain Punch|p2a: Hariyama\n|-damage|p2a: Hariyama|0 fnt\n|-heal|p1a: Iron Hands|85\/100|[from] drain|[of] p2a: Hariyama\n|faint|p2a: Hariyama\n|\n|-weather|Sandstorm|[upkeep]\n|-damage|p1a: Iron Hands|79\/100|[from] Sandstorm\n|upkeep\n|\n|t:|1700322986\n|switch|p1b: Ninetales|Ninetales-Alola, F|5\/100\n|switch|p2a: Farigiraf|Farigiraf, F|100\/100\n|-weather|Snow|[from] ability: Snow Warning|[of] p1b: Ninetales\n|turn|8\n|\n|t:|1700323009\n|switch|p2b: Amoonguss|Amoonguss, F|64\/100\n|move|p1b: Ninetales|Aurora Veil|p1b: Ninetales\n|-sidestart|p1: Mait27|move: Aurora Veil\n|move|p1a: Iron Hands|Drain Punch|p2b: Amoonguss\n|-resisted|p2b: Amoonguss\n|-damage|p2b: Amoonguss|38\/100\n|-heal|p1a: Iron Hands|90\/100|[from] drain|[of] p2b: Amoonguss\n|move|p2a: Farigiraf|Trick Room|p2a: Farigiraf\n|-fieldstart|move: Trick Room|[of] p2a: Farigiraf\n|\n|-weather|Snow|[upkeep]\n|-heal|p2b: Amoonguss|45\/100|[from] item: Leftovers\n|upkeep\n|turn|9\n|\n|t:|1700323040\n|-end|p1a: Iron Hands|Quark Drive|[silent]\n|switch|p1a: Amoonguss|Amoonguss, M|100\/100\n|move|p2b: Amoonguss|Spore|p1a: Amoonguss\n|-immune|p1a: Amoonguss\n|move|p2a: Farigiraf|Hyper Voice|p1b: Ninetales|[spread] p1a,p1b\n|-damage|p1a: Amoonguss|86\/100\n|-damage|p1b: Ninetales|0 fnt\n|faint|p1b: Ninetales\n|\n|-weather|Snow|[upkeep]\n|-heal|p2b: Amoonguss|51\/100|[from] item: Leftovers\n|upkeep\n|\n|t:|1700323058\n|switch|p1b: Heatran|Heatran, M|100\/100\n|turn|10\n|\n|t:|1700323069\n|move|p1b: Heatran|Protect|p1b: Heatran\n|-singleturn|p1b: Heatran|Protect\n|move|p2b: Amoonguss|Spore|p1b: Heatran\n|-activate|p1b: Heatran|move: Protect\n|move|p1a: Amoonguss|Spore|p2a: Farigiraf\n|-status|p2a: Farigiraf|slp|[from] move: Spore\n|cant|p2a: Farigiraf|slp\n|\n|-weather|Snow|[upkeep]\n|-heal|p2b: Amoonguss|57\/100|[from] item: Leftovers\n|upkeep\n|turn|11\n|\n|t:|1700323088\n|switch|p1b: Thundurus|Thundurus-Therian, M|100\/100\n|move|p2b: Amoonguss|Spore|p1b: Thundurus\n|-status|p1b: Thundurus|slp|[from] move: Spore\n|move|p1a: Amoonguss|Clear Smog|p2b: Amoonguss\n|-damage|p2b: Amoonguss|43\/100\n|-clearboost|p2b: Amoonguss\n|cant|p2a: Farigiraf|slp\n|\n|-weather|Snow|[upkeep]\n|-heal|p2b: Amoonguss|49\/100|[from] item: Leftovers\n|upkeep\n|turn|12\n|\n|t:|1700323120\n|switch|p2b: Tyranitar|Tyranitar, F|91\/100\n|-weather|Sandstorm|[from] ability: Sand Stream|[of] p2b: Tyranitar\n|move|p1a: Amoonguss|Protect|p1a: Amoonguss\n|-singleturn|p1a: Amoonguss|Protect\n|cant|p2a: Farigiraf|slp\n|cant|p1b: Thundurus|slp\n|\n|-weather|Sandstorm|[upkeep]\n|-damage|p1a: Amoonguss|80\/100|[from] Sandstorm\n|-damage|p2a: Farigiraf|94\/100 slp|[from] Sandstorm\n|-damage|p1b: Thundurus|94\/100 slp|[from] Sandstorm\n|-sideend|p1: Mait27|move: Aurora Veil\n|-fieldend|move: Trick Room\n|upkeep\n|turn|13\n|\n|t:|1700323139\n|switch|p1b: Iron Hands|Iron Hands|90\/100\n|move|p2b: Tyranitar|Rock Slide|p1b: Iron Hands|[spread] p1a,p1b\n|-resisted|p1b: Iron Hands\n|-damage|p1a: Amoonguss|37\/100\n|-damage|p1b: Iron Hands|77\/100\n|-damage|p2b: Tyranitar|81\/100|[from] item: Life Orb\n|-curestatus|p2a: Farigiraf|slp|[msg]\n|move|p2a: Farigiraf|Psyshock|p1a: Amoonguss\n|-supereffective|p1a: Amoonguss\n|-damage|p1a: Amoonguss|0 fnt\n|faint|p1a: Amoonguss\n|\n|-weather|Sandstorm|[upkeep]\n|-damage|p1b: Iron Hands|71\/100|[from] Sandstorm\n|-damage|p2a: Farigiraf|88\/100|[from] Sandstorm\n|upkeep\n|\n|t:|1700323159\n|switch|p1a: Heatran|Heatran, M|100\/100\n|turn|14\n|\n|t:|1700323168\n|switch|p2b: Amoonguss|Amoonguss, F|83\/100\n|move|p1a: Heatran|Heat Wave|p2a: Farigiraf|[spread] p2a,p2b\n|-supereffective|p2b: Amoonguss\n|-crit|p2b: Amoonguss\n|-damage|p2a: Farigiraf|44\/100\n|-damage|p2b: Amoonguss|0 fnt\n|faint|p2b: Amoonguss\n|move|p1b: Iron Hands|Drain Punch|p2a: Farigiraf\n|-damage|p2a: Farigiraf|0 fnt\n|-heal|p1b: Iron Hands|90\/100|[from] drain|[of] p2a: Farigiraf\n|faint|p2a: Farigiraf\n|\n|-weather|Sandstorm|[upkeep]\n|-damage|p1b: Iron Hands|84\/100|[from] Sandstorm\n|upkeep\n|c|\u2606Leon-98|gg\n|-message|Leon-98 forfeited.\n|\n|win|Mait27\n|raw|Mait27's rating: 1524 &rarr; <strong>1543<\/strong><br \/>(+19 for winning)\n|raw|Leon-98's rating: 1508 &rarr; <strong>1489<\/strong><br \/>(-19 for losing)\n|l|\u2606Leon-98\n|c|\u2606Mait27|GG\n","uploadtime":1700323205,"views":10,"p1id":"mait27","p2id":"leon98","formatid":"gen9doublesou","rating":1489,"private":0,"password":""}