{"id":"gen9doublesou-1999483963","p1":"buddhist ameba","p2":"reposefulpallas","format":"[Gen 9] Doubles OU","log":"|j|\u2606buddhist ameba\n|j|\u2606reposefulpallas\n|t:|1701087428\n|gametype|doubles\n|player|p1|buddhist ameba|169|1683\n|player|p2|reposefulpallas|psychic-gen3|1552\n|teamsize|p1|6\n|teamsize|p2|6\n|gen|9\n|tier|[Gen 9] Doubles OU\n|rated|\n|rule|Species Clause: Limit one of each Pok\u00e9mon\n|rule|OHKO Clause: OHKO moves are banned\n|rule|Evasion Moves Clause: Evasion moves are banned\n|rule|Gravity Sleep Clause: The combination of sleep-inducing moves with imperfect accuracy and Gravity or Gigantamax Orbeetle are banned\n|rule|Endless Battle Clause: Forcing endless battles is banned\n|rule|HP Percentage Mod: HP is shown in percentages\n|clearpoke\n|poke|p1|Rillaboom, F|\n|poke|p1|Iron Bundle|\n|poke|p1|Chi-Yu|\n|poke|p1|Diancie|\n|poke|p1|Ninetales-Alola, F|\n|poke|p1|Heatran, M|\n|poke|p2|Kommo-o, F|\n|poke|p2|Arcanine-Hisui, M|\n|poke|p2|Sinistcha|\n|poke|p2|Illumise, F|\n|poke|p2|Oricorio-Pom-Pom, M|\n|poke|p2|Chi-Yu|\n|teampreview\n|inactive|Battle timer is ON: inactive players will automatically lose when time's up. (requested by buddhist ameba)\n|c|\u2606buddhist ameba|glhf\n|inactive|buddhist ameba has 120 seconds left.\n|inactive|reposefulpallas has 120 seconds left.\n|inactive|buddhist ameba has 90 seconds left.\n|inactive|buddhist ameba has 60 seconds left.\n|\n|t:|1701087521\n|start\n|switch|p1a: Heatran|Heatran, M|100\/100\n|switch|p1b: Rillaboom|Rillaboom, F|100\/100\n|switch|p2a: Trap Queen|Illumise, F|100\/100\n|switch|p2b: Le Fishe Au Magma|Chi-Yu|100\/100\n|-ability|p2b: Le Fishe Au Magma|Beads of Ruin\n|-fieldstart|move: Grassy Terrain|[from] ability: Grassy Surge|[of] p1b: Rillaboom\n|turn|1\n|\n|t:|1701087536\n|move|p1b: Rillaboom|Fake Out|p2b: Le Fishe Au Magma\n|-damage|p2b: Le Fishe Au Magma|75\/100\n|move|p2a: Trap Queen|Tailwind|p2a: Trap Queen\n|-sidestart|p2: reposefulpallas|move: Tailwind\n|cant|p2b: Le Fishe Au Magma|flinch\n|move|p1a: Heatran|Heat Wave|p2b: Le Fishe Au Magma|[spread] p2a,p2b\n|-supereffective|p2a: Trap Queen\n|-resisted|p2b: Le Fishe Au Magma\n|-enditem|p2a: Trap Queen|Focus Sash\n|-damage|p2a: Trap Queen|1\/100\n|-damage|p2b: Le Fishe Au Magma|52\/100\n|\n|-heal|p2b: Le Fishe Au Magma|58\/100|[from] Grassy Terrain\n|-heal|p2a: Trap Queen|7\/100|[from] Grassy Terrain\n|upkeep\n|turn|2\n|inactive|buddhist ameba has 120 seconds left.\n|\n|t:|1701087575\n|switch|p2a: Girl's Best Friend|Arcanine-Hisui, M|100\/100\n|-ability|p2a: Girl's Best Friend|Intimidate|boost\n|-unboost|p1a: Heatran|atk|1\n|-unboost|p1b: Rillaboom|atk|1\n|switch|p1b: Diancie|Diancie|100\/100\n|move|p2b: Le Fishe Au Magma|Dark Pulse|p1a: Heatran\n|-damage|p1a: Heatran|27\/100\n|cant|p1a: Heatran|flinch\n|\n|-heal|p2b: Le Fishe Au Magma|64\/100|[from] Grassy Terrain\n|-heal|p1a: Heatran|33\/100|[from] Grassy Terrain\n|upkeep\n|turn|3\n|\n|t:|1701087589\n|move|p1a: Heatran|Protect|p1a: Heatran\n|-singleturn|p1a: Heatran|Protect\n|move|p2b: Le Fishe Au Magma|Dark Pulse|p1a: Heatran\n|-activate|p1a: Heatran|move: Protect\n|move|p2a: Girl's Best Friend|Will-O-Wisp|p1b: Diancie\n|-status|p1b: Diancie|brn\n|move|p1b: Diancie|Diamond Storm|p2b: Le Fishe Au Magma|[spread] p2a,p2b\n|-supereffective|p2a: Girl's Best Friend\n|-supereffective|p2b: Le Fishe Au Magma\n|-damage|p2a: Girl's Best Friend|53\/100\n|-damage|p2b: Le Fishe Au Magma|9\/100\n|\n|-heal|p2b: Le Fishe Au Magma|15\/100|[from] Grassy Terrain\n|-heal|p2a: Girl's Best Friend|59\/100|[from] Grassy Terrain\n|-heal|p1a: Heatran|39\/100|[from] Grassy Terrain\n|-damage|p1b: Diancie|94\/100 brn|[from] brn\n|upkeep\n|turn|4\n|\n|t:|1701087604\n|switch|p1a: Ninetales|Ninetales-Alola, F|100\/100\n|-weather|Snow|[from] ability: Snow Warning|[of] p1a: Ninetales\n|move|p2b: Le Fishe Au Magma|Dark Pulse|p1a: Ninetales\n|-resisted|p1a: Ninetales\n|-damage|p1a: Ninetales|51\/100\n|move|p2a: Girl's Best Friend|Rock Slide|p1a: Ninetales|[spread] p1a,p1b\n|-supereffective|p1a: Ninetales\n|-damage|p1a: Ninetales|0 fnt\n|-damage|p1b: Diancie|75\/100 brn\n|faint|p1a: Ninetales\n|move|p1b: Diancie|Diamond Storm|p2b: Le Fishe Au Magma|[spread] p2a,p2b\n|-supereffective|p2a: Girl's Best Friend\n|-supereffective|p2b: Le Fishe Au Magma\n|-damage|p2a: Girl's Best Friend|15\/100\n|-damage|p2b: Le Fishe Au Magma|0 fnt\n|-boost|p1b: Diancie|def|2\n|faint|p2b: Le Fishe Au Magma\n|\n|-weather|Snow|[upkeep]\n|-heal|p2a: Girl's Best Friend|21\/100|[from] Grassy Terrain\n|-heal|p1b: Diancie|81\/100 brn|[from] Grassy Terrain\n|-damage|p1b: Diancie|75\/100 brn|[from] brn\n|-sideend|p2: reposefulpallas|move: Tailwind\n|upkeep\n|inactive|buddhist ameba has 120 seconds left.\n|\n|t:|1701087646\n|switch|p1a: Rillaboom|Rillaboom, F|100\/100\n|switch|p2b: Cup of Cancer|Sinistcha|100\/100\n|-heal|p2a: Girl's Best Friend|46\/100|[from] ability: Hospitality|[of] p2b: Cup of Cancer\n|turn|5\n|\n|t:|1701087659\n|move|p1a: Rillaboom|Fake Out|p2a: Girl's Best Friend\n|-resisted|p2a: Girl's Best Friend\n|-damage|p2a: Girl's Best Friend|37\/100\n|-damage|p1a: Rillaboom|84\/100|[from] item: Rocky Helmet|[of] p2a: Girl's Best Friend\n|cant|p2a: Girl's Best Friend|flinch\n|move|p2b: Cup of Cancer|Matcha Gotcha|p1a: Rillaboom|[spread] p1a,p1b\n|-resisted|p1a: Rillaboom\n|-supereffective|p1b: Diancie\n|-damage|p1a: Rillaboom|67\/100\n|-damage|p1b: Diancie|10\/100 brn\n|-status|p1a: Rillaboom|brn\n|-enditem|p1b: Diancie|Weakness Policy\n|-boost|p1b: Diancie|atk|2|[from] item: Weakness Policy\n|-boost|p1b: Diancie|spa|2|[from] item: Weakness Policy\n|move|p1b: Diancie|Diamond Storm|p2a: Girl's Best Friend|[spread] p2a,p2b\n|-supereffective|p2a: Girl's Best Friend\n|-damage|p2a: Girl's Best Friend|0 fnt\n|-damage|p2b: Cup of Cancer|68\/100\n|faint|p2a: Girl's Best Friend\n|\n|-weather|Snow|[upkeep]\n|-heal|p1a: Rillaboom|73\/100 brn|[from] Grassy Terrain\n|-heal|p2b: Cup of Cancer|74\/100|[from] Grassy Terrain\n|-heal|p2b: Cup of Cancer|81\/100|[from] item: Leftovers\n|-heal|p1b: Diancie|16\/100 brn|[from] Grassy Terrain\n|-damage|p1a: Rillaboom|67\/100 brn|[from] brn\n|-damage|p1b: Diancie|10\/100 brn|[from] brn\n|-fieldend|move: Grassy Terrain\n|upkeep\n|\n|t:|1701087673\n|switch|p2a: Trap Queen|Illumise, F|7\/100\n|turn|6\n|\n|t:|1701087688\n|switch|p1a: Heatran|Heatran, M|39\/100\n|move|p2a: Trap Queen|Tailwind|p2a: Trap Queen\n|-sidestart|p2: reposefulpallas|move: Tailwind\n|move|p2b: Cup of Cancer|Calm Mind|p2b: Cup of Cancer\n|-boost|p2b: Cup of Cancer|spa|1\n|-boost|p2b: Cup of Cancer|spd|1\n|move|p1b: Diancie|Diamond Storm|p2b: Cup of Cancer|[spread] p2a,p2b\n|-supereffective|p2a: Trap Queen\n|-damage|p2a: Trap Queen|0 fnt\n|-damage|p2b: Cup of Cancer|46\/100\n|-boost|p1b: Diancie|def|2\n|faint|p2a: Trap Queen\n|\n|-weather|Snow|[upkeep]\n|-heal|p2b: Cup of Cancer|52\/100|[from] item: Leftovers\n|-damage|p1b: Diancie|4\/100 brn|[from] brn\n|upkeep\n|\n|t:|1701087703\n|switch|p2a: Disco King|Kommo-o, F|100\/100\n|turn|7\n|\n|t:|1701087706\n|move|p1a: Heatran|Protect|p1a: Heatran\n|-singleturn|p1a: Heatran|Protect\n|move|p2a: Disco King|Drain Punch|p1a: Heatran\n|-activate|p1a: Heatran|move: Protect\n|move|p2b: Cup of Cancer|Matcha Gotcha|p1a: Heatran|[spread] p1b\n|-activate|p1a: Heatran|move: Protect\n|-supereffective|p1b: Diancie\n|-damage|p1b: Diancie|0 fnt\n|-heal|p2b: Cup of Cancer|53\/100|[from] drain|[of] p1b: Diancie\n|faint|p1b: Diancie\n|\n|-weather|Snow|[upkeep]\n|-heal|p2b: Cup of Cancer|59\/100|[from] item: Leftovers\n|upkeep\n|\n|t:|1701087731\n|switch|p1b: Rillaboom|Rillaboom, F|67\/100 brn\n|-fieldstart|move: Grassy Terrain|[from] ability: Grassy Surge|[of] p1b: Rillaboom\n|turn|8\n|\n|t:|1701087739\n|move|p1b: Rillaboom|Fake Out|p2a: Disco King\n|-damage|p2a: Disco King|93\/100\n|cant|p2a: Disco King|flinch\n|move|p2b: Cup of Cancer|Shadow Ball|p1a: Heatran\n|-damage|p1a: Heatran|0 fnt\n|faint|p1a: Heatran\n|\n|-weather|none\n|-heal|p2a: Disco King|99\/100|[from] Grassy Terrain\n|-heal|p2b: Cup of Cancer|65\/100|[from] Grassy Terrain\n|-heal|p2b: Cup of Cancer|71\/100|[from] item: Leftovers\n|-heal|p1b: Rillaboom|73\/100 brn|[from] Grassy Terrain\n|-damage|p1b: Rillaboom|67\/100 brn|[from] brn\n|upkeep\n|\n|t:|1701087749\n|switch|p1a: Iron Bundle|Iron Bundle|100\/100\n|-enditem|p1a: Iron Bundle|Booster Energy\n|-activate|p1a: Iron Bundle|ability: Quark Drive|[fromitem]\n|-start|p1a: Iron Bundle|quarkdrivespe\n|turn|9\n|\n|t:|1701087762\n|-terastallize|p2b: Cup of Cancer|Normal\n|move|p1a: Iron Bundle|Protect|p1a: Iron Bundle\n|-singleturn|p1a: Iron Bundle|Protect\n|move|p2a: Disco King|Drain Punch|p1a: Iron Bundle\n|-activate|p1a: Iron Bundle|move: Protect\n|move|p2b: Cup of Cancer|Matcha Gotcha|p1b: Rillaboom|[spread] p1b\n|-activate|p1a: Iron Bundle|move: Protect\n|-resisted|p1b: Rillaboom\n|-damage|p1b: Rillaboom|45\/100 brn\n|-heal|p2b: Cup of Cancer|84\/100|[from] drain|[of] p1b: Rillaboom\n|move|p1b: Rillaboom|Wood Hammer|p2b: Cup of Cancer\n|-damage|p2b: Cup of Cancer|44\/100\n|-damage|p1b: Rillaboom|33\/100 brn|[from] Recoil\n|\n|-heal|p2a: Disco King|100\/100|[from] Grassy Terrain\n|-heal|p2b: Cup of Cancer|50\/100|[from] Grassy Terrain\n|-heal|p2b: Cup of Cancer|56\/100|[from] item: Leftovers\n|-heal|p1b: Rillaboom|39\/100 brn|[from] Grassy Terrain\n|-damage|p1b: Rillaboom|33\/100 brn|[from] brn\n|-sideend|p2: reposefulpallas|move: Tailwind\n|upkeep\n|turn|10\n|\n|t:|1701087789\n|-terastallize|p1a: Iron Bundle|Grass\n|move|p1a: Iron Bundle|Freeze-Dry|p2a: Disco King\n|-supereffective|p2a: Disco King\n|-damage|p2a: Disco King|28\/100\n|-status|p2a: Disco King|frz\n|cant|p2a: Disco King|frz\n|move|p1b: Rillaboom|Wood Hammer|p2b: Cup of Cancer\n|-damage|p2b: Cup of Cancer|19\/100\n|-damage|p1b: Rillaboom|23\/100 brn|[from] Recoil\n|move|p2b: Cup of Cancer|Matcha Gotcha|p1b: Rillaboom|[spread] p1b\n|-miss|p2b: Cup of Cancer|p1a: Iron Bundle\n|-resisted|p1b: Rillaboom\n|-damage|p1b: Rillaboom|0 fnt\n|-heal|p2b: Cup of Cancer|32\/100|[from] drain|[of] p1b: Rillaboom\n|faint|p1b: Rillaboom\n|\n|-heal|p2a: Disco King|34\/100 frz|[from] Grassy Terrain\n|-heal|p2b: Cup of Cancer|38\/100|[from] Grassy Terrain\n|-heal|p2b: Cup of Cancer|44\/100|[from] item: Leftovers\n|upkeep\n|inactive|buddhist ameba has 120 seconds left.\n|\n|t:|1701087802\n|switch|p1b: Chi-Yu|Chi-Yu|100\/100\n|-ability|p1b: Chi-Yu|Beads of Ruin\n|turn|11\n|inactive|buddhist ameba has 120 seconds left.\n|\n|t:|1701087830\n|move|p1a: Iron Bundle|Freeze-Dry|p2a: Disco King\n|-supereffective|p2a: Disco King\n|-damage|p2a: Disco King|0 fnt\n|faint|p2a: Disco King\n|move|p1b: Chi-Yu|Heat Wave|p2b: Cup of Cancer\n|-damage|p2b: Cup of Cancer|0 fnt\n|faint|p2b: Cup of Cancer\n|\n|upkeep\n|\n|t:|1701087834\n|switch|p2b: Backup Dancer|Oricorio-Pom-Pom, M|100\/100\n|turn|12\n|c|\u2606reposefulpallas|ggwp\n|\n|t:|1701087840\n|move|p1a: Iron Bundle|Freeze-Dry|p2b: Backup Dancer\n|-supereffective|p2b: Backup Dancer\n|-damage|p2b: Backup Dancer|0 fnt\n|faint|p2b: Backup Dancer\n|\n|win|buddhist ameba\n|raw|buddhist ameba's rating: 1683 &rarr; <strong>1696<\/strong><br \/>(+13 for winning)\n|raw|reposefulpallas's rating: 1552 &rarr; <strong>1539<\/strong><br \/>(-13 for losing)\n|l|\u2606reposefulpallas\n|c|\u2606buddhist ameba|gg\n","uploadtime":1701087857,"views":6,"p1id":"buddhistameba","p2id":"reposefulpallas","formatid":"gen9doublesou","rating":1539,"private":0,"password":""}