{"id":"gen9doublesou-1991616580","p1":"AlanDex8","p2":"Critian Caceorte","format":"[Gen 9] Doubles OU","log":"|j|\u2606AlanDex8\n|j|\u2606Critian Caceorte\n|t:|1700094646\n|gametype|doubles\n|player|p1|AlanDex8|169|1192\n|player|p2|Critian Caceorte|hilda|1273\n|teamsize|p1|6\n|teamsize|p2|6\n|gen|9\n|tier|[Gen 9] Doubles OU\n|rated|\n|rule|Species Clause: Limit one of each Pok\u00e9mon\n|rule|OHKO Clause: OHKO moves are banned\n|rule|Evasion Moves Clause: Evasion moves are banned\n|rule|Gravity Sleep Clause: The combination of sleep-inducing moves with imperfect accuracy and Gravity or Gigantamax Orbeetle are banned\n|rule|Endless Battle Clause: Forcing endless battles is banned\n|rule|HP Percentage Mod: HP is shown in percentages\n|clearpoke\n|poke|p1|Donphan, M|\n|poke|p1|Chesnaught, M|\n|poke|p1|Uxie|\n|poke|p1|Glastrier|\n|poke|p1|Sawsbuck-Winter, F|\n|poke|p1|Weezing-Galar, M|\n|poke|p2|Torkoal, F|\n|poke|p2|Ninetales, F|\n|poke|p2|Scovillain, F|\n|poke|p2|Lilligant-Hisui, F|\n|poke|p2|Dachsbun, F|\n|poke|p2|Walking Wake|\n|teampreview\n|\n|t:|1700094656\n|start\n|switch|p1a: Glastrier|Glastrier|100\/100\n|switch|p1b: Uxie|Uxie|100\/100\n|switch|p2a: Torkoal|Torkoal, F|100\/100\n|switch|p2b: Dachsbun|Dachsbun, F|100\/100\n|-weather|SunnyDay|[from] ability: Drought|[of] p2a: Torkoal\n|turn|1\n|inactive|Battle timer is ON: inactive players will automatically lose when time's up. (requested by AlanDex8)\n|\n|t:|1700094670\n|-terastallize|p1a: Glastrier|Ground\n|-terastallize|p2a: Torkoal|Fire\n|move|p1b: Uxie|Light Screen|p1b: Uxie\n|-sidestart|p1: AlanDex8|move: Light Screen\n|move|p2b: Dachsbun|Agility|p2b: Dachsbun\n|-boost|p2b: Dachsbun|spe|2\n|move|p1a: Glastrier|Stomping Tantrum|p2a: Torkoal\n|-supereffective|p2a: Torkoal\n|-damage|p2a: Torkoal|0 fnt\n|faint|p2a: Torkoal\n|-ability|p1a: Glastrier|Chilling Neigh|boost\n|-boost|p1a: Glastrier|atk|1\n|-enditem|p2b: Dachsbun|Mirror Herb\n|-boost|p2b: Dachsbun|atk|1|[from] item: Mirror Herb\n|-damage|p1a: Glastrier|91\/100|[from] item: Life Orb\n|\n|-weather|SunnyDay|[upkeep]\n|upkeep\n|\n|t:|1700094685\n|switch|p2a: Scovillain|Scovillain, F|100\/100\n|turn|2\n|\n|t:|1700094701\n|move|p2a: Scovillain|Solar Beam||[still]\n|-prepare|p2a: Scovillain|Solar Beam\n|-anim|p2a: Scovillain|Solar Beam|p1a: Glastrier\n|-supereffective|p1a: Glastrier\n|-damage|p1a: Glastrier|11\/100\n|-damage|p2a: Scovillain|91\/100|[from] item: Life Orb\n|move|p2b: Dachsbun|Work Up|p2b: Dachsbun\n|-boost|p2b: Dachsbun|atk|1\n|-boost|p2b: Dachsbun|spa|1\n|move|p1b: Uxie|Reflect|p1b: Uxie\n|-sidestart|p1: AlanDex8|Reflect\n|move|p1a: Glastrier|Heavy Slam|p2b: Dachsbun\n|-supereffective|p2b: Dachsbun\n|-damage|p2b: Dachsbun|0 fnt\n|faint|p2b: Dachsbun\n|-ability|p1a: Glastrier|Chilling Neigh|boost\n|-boost|p1a: Glastrier|atk|1\n|-damage|p1a: Glastrier|1\/100|[from] item: Life Orb\n|\n|-weather|SunnyDay|[upkeep]\n|upkeep\n|\n|t:|1700094718\n|switch|p2b: Walking Wake|Walking Wake|100\/100\n|-activate|p2b: Walking Wake|ability: Protosynthesis\n|-start|p2b: Walking Wake|protosynthesisspa\n|turn|3\n|\n|t:|1700094734\n|move|p2a: Scovillain|Giga Drain|p1a: Glastrier\n|-supereffective|p1a: Glastrier\n|-damage|p1a: Glastrier|0 fnt\n|-heal|p2a: Scovillain|91\/100|[from] drain|[of] p1a: Glastrier\n|faint|p1a: Glastrier\n|-damage|p2a: Scovillain|81\/100|[from] item: Life Orb\n|move|p2b: Walking Wake|Knock Off|p1b: Uxie\n|-supereffective|p1b: Uxie\n|-damage|p1b: Uxie|80\/100\n|-enditem|p1b: Uxie|Light Clay|[from] move: Knock Off|[of] p2b: Walking Wake\n|move|p1b: Uxie|Knock Off|p2b: Walking Wake\n|-crit|p2b: Walking Wake\n|-damage|p2b: Walking Wake|71\/100\n|-enditem|p2b: Walking Wake|Assault Vest|[from] move: Knock Off|[of] p1b: Uxie\n|\n|-weather|SunnyDay|[upkeep]\n|upkeep\n|\n|t:|1700094751\n|switch|p1a: Weezing|Weezing-Galar, M, shiny|100\/100\n|-fieldstart|move: Misty Terrain|[from] ability: Misty Surge|[of] p1a: Weezing\n|-enditem|p1a: Weezing|Misty Seed\n|-boost|p1a: Weezing|spd|1|[from] item: Misty Seed\n|turn|4\n|\n|t:|1700094770\n|-end|p2b: Walking Wake|Protosynthesis|[silent]\n|switch|p2b: Ninetales|Ninetales, F|100\/100\n|move|p2a: Scovillain|Flamethrower|p1a: Weezing\n|-damage|p1a: Weezing|46\/100\n|-damage|p2a: Scovillain|71\/100|[from] item: Life Orb\n|move|p1b: Uxie|Psychic|p2a: Scovillain\n|-damage|p2a: Scovillain|17\/100\n|move|p1a: Weezing|Dazzling Gleam|p2b: Ninetales|[spread] p2a,p2b\n|-resisted|p2a: Scovillain\n|-resisted|p2b: Ninetales\n|-damage|p2a: Scovillain|1\/100\n|-damage|p2b: Ninetales|90\/100\n|\n|-weather|SunnyDay|[upkeep]\n|upkeep\n|turn|5\n|\n|t:|1700094794\n|move|p2a: Scovillain|Flamethrower|p1a: Weezing\n|-damage|p1a: Weezing|0 fnt\n|faint|p1a: Weezing\n|-damage|p2a: Scovillain|0 fnt|[from] item: Life Orb\n|faint|p2a: Scovillain\n|move|p2b: Ninetales|Dark Pulse|p1b: Uxie\n|-supereffective|p1b: Uxie\n|-damage|p1b: Uxie|53\/100\n|cant|p1b: Uxie|flinch\n|\n|-weather|none\n|upkeep\n|\n|t:|1700094814\n|switch|p2a: Walking Wake|Walking Wake|71\/100\n|switch|p1a: Sawsbuck|Sawsbuck-Winter, F, shiny|100\/100\n|turn|6\n|\n|t:|1700094837\n|switch|p2b: Lilligant|Lilligant-Hisui, F|100\/100\n|move|p2a: Walking Wake|Flamethrower|p1a: Sawsbuck\n|-supereffective|p1a: Sawsbuck\n|-damage|p1a: Sawsbuck|46\/100\n|move|p1b: Uxie|Psychic|p2b: Lilligant\n|-supereffective|p2b: Lilligant\n|-enditem|p2b: Lilligant|Focus Sash\n|-damage|p2b: Lilligant|1\/100\n|move|p1a: Sawsbuck|Leech Seed|p2a: Walking Wake\n|-start|p2a: Walking Wake|move: Leech Seed\n|\n|-damage|p2a: Walking Wake|59\/100|[from] Leech Seed|[of] p1a: Sawsbuck\n|-heal|p1a: Sawsbuck|59\/100|[silent]\n|upkeep\n|turn|7\n|\n|t:|1700094859\n|-end|p2a: Walking Wake|Protosynthesis|[silent]\n|switch|p2a: Ninetales|Ninetales, F|90\/100\n|-weather|SunnyDay|[from] ability: Drought|[of] p2a: Ninetales\n|move|p2b: Lilligant|Protect|p2b: Lilligant\n|-singleturn|p2b: Lilligant|Protect\n|move|p1b: Uxie|Knock Off|p2b: Lilligant\n|-activate|p2b: Lilligant|move: Protect\n|move|p1a: Sawsbuck|Horn Leech|p2a: Ninetales\n|-resisted|p2a: Ninetales\n|-damage|p2a: Ninetales|65\/100\n|-heal|p1a: Sawsbuck|72\/100|[from] drain|[of] p2a: Ninetales\n|\n|-weather|SunnyDay|[upkeep]\n|upkeep\n|turn|8\n|\n|t:|1700094880\n|move|p2b: Lilligant|Leaf Blade|p1b: Uxie\n|-damage|p1b: Uxie|28\/100\n|move|p2a: Ninetales|Heat Wave|p1a: Sawsbuck|[spread] p1a,p1b\n|-supereffective|p1a: Sawsbuck\n|-damage|p1a: Sawsbuck|0 fnt\n|-damage|p1b: Uxie|0 fnt\n|faint|p1a: Sawsbuck\n|faint|p1b: Uxie\n|\n|-weather|SunnyDay|[upkeep]\n|-sideend|p1: AlanDex8|move: Light Screen\n|-fieldend|Misty Terrain\n|upkeep\n|\n|t:|1700094890\n|switch|p1b: Chesnaught|Chesnaught, M, shiny|100\/100\n|switch|p1a: Donphan|Donphan, M|100\/100\n|turn|9\n|\n|t:|1700094911\n|move|p1b: Chesnaught|Spiky Shield|p1b: Chesnaught\n|-singleturn|p1b: Chesnaught|move: Protect\n|move|p2b: Lilligant|Sleep Powder|p1a: Donphan\n|-status|p1a: Donphan|slp|[from] move: Sleep Powder\n|move|p2a: Ninetales|Will-O-Wisp|p1b: Chesnaught\n|-activate|p1b: Chesnaught|move: Protect\n|cant|p1a: Donphan|slp\n|\n|-weather|SunnyDay|[upkeep]\n|-sideend|p1: AlanDex8|Reflect\n|upkeep\n|turn|10\n|\n|t:|1700094928\n|move|p2b: Lilligant|Leaf Blade|p1a: Donphan\n|-supereffective|p1a: Donphan\n|-damage|p1a: Donphan|26\/100 slp\n|move|p2a: Ninetales|Heat Wave|p1b: Chesnaught|[spread] p1a,p1b\n|-supereffective|p1b: Chesnaught\n|-damage|p1a: Donphan|0 fnt\n|-damage|p1b: Chesnaught|0 fnt\n|faint|p1a: Donphan\n|faint|p1b: Chesnaught\n|\n|win|Critian Caceorte\n|raw|AlanDex8's rating: 1192 &rarr; <strong>1173<\/strong><br \/>(-19 for losing)\n|raw|Critian Caceorte's rating: 1273 &rarr; <strong>1292<\/strong><br \/>(+19 for winning)\n|c|\u2606Critian Caceorte|gg\n|l|\u2606AlanDex8\n","uploadtime":1700094939,"views":9,"p1id":"alandex8","p2id":"critiancaceorte","formatid":"gen9doublesou","rating":1173,"private":0,"password":""}