{"id":"gen9doublesou-1988884384","p1":"mibby69","p2":"GaryDaGoon","format":"[Gen 9] Doubles OU","log":"|j|\u2606mibby69\n|j|\u2606GaryDaGoon\n|t:|1699780810\n|gametype|doubles\n|player|p1|mibby69|tuber|1305\n|player|p2|GaryDaGoon|brawly|1237\n|teamsize|p1|6\n|teamsize|p2|6\n|gen|9\n|tier|[Gen 9] Doubles OU\n|rated|\n|rule|Species Clause: Limit one of each Pok\u00e9mon\n|rule|OHKO Clause: OHKO moves are banned\n|rule|Evasion Moves Clause: Evasion moves are banned\n|rule|Gravity Sleep Clause: The combination of sleep-inducing moves with imperfect accuracy and Gravity or Gigantamax Orbeetle are banned\n|rule|Endless Battle Clause: Forcing endless battles is banned\n|rule|HP Percentage Mod: HP is shown in percentages\n|clearpoke\n|poke|p1|Landorus-Therian, M|\n|poke|p1|Ninetales-Alola, F|\n|poke|p1|Tornadus, M|\n|poke|p1|Heatran, F|\n|poke|p1|Milotic, F|\n|poke|p1|Clefairy, M|\n|poke|p2|Regieleki|\n|poke|p2|Basculegion-F, F|\n|poke|p2|Tornadus, M|\n|poke|p2|Rillaboom, M|\n|poke|p2|Beartic, M|\n|poke|p2|Politoed, M|\n|teampreview\n|inactive|Battle timer is ON: inactive players will automatically lose when time's up. (requested by mibby69)\n|\n|t:|1699780839\n|start\n|switch|p1a: Ninetales|Ninetales-Alola, F|100\/100\n|switch|p1b: Milotic|Milotic, F|100\/100\n|switch|p2a: Rillaboom|Rillaboom, M|100\/100\n|switch|p2b: Politoed|Politoed, M|100\/100\n|-weather|Snow|[from] ability: Snow Warning|[of] p1a: Ninetales\n|-fieldstart|move: Grassy Terrain|[from] ability: Grassy Surge|[of] p2a: Rillaboom\n|-weather|RainDance|[from] ability: Drizzle|[of] p2b: Politoed\n|turn|1\n|\n|t:|1699780864\n|switch|p1a: Tornadus|Tornadus, M|100\/100\n|move|p2b: Politoed|Helping Hand|p2a: Rillaboom\n|-singleturn|p2a: Rillaboom|Helping Hand|[of] p2b: Politoed\n|move|p2a: Rillaboom|Drum Beating|p1b: Milotic\n|-supereffective|p1b: Milotic\n|-damage|p1b: Milotic|0 fnt\n|faint|p1b: Milotic\n|\n|-weather|RainDance|[upkeep]\n|upkeep\n|\n|t:|1699780872\n|switch|p1b: Ninetales|Ninetales-Alola, F|100\/100\n|-weather|Snow|[from] ability: Snow Warning|[of] p1b: Ninetales\n|turn|2\n|\n|t:|1699780901\n|switch|p2a: Beartic|Beartic, M|100\/100\n|move|p1b: Ninetales|Aurora Veil|p1b: Ninetales\n|-sidestart|p1: mibby69|move: Aurora Veil\n|move|p1a: Tornadus|Bleakwind Storm|p2a: Beartic|[spread] p2a,p2b\n|-damage|p2a: Beartic|59\/100\n|-damage|p2b: Politoed|76\/100\n|move|p2b: Politoed|Perish Song|p2b: Politoed\n|-start|p1a: Tornadus|perish3|[silent]\n|-start|p1b: Ninetales|perish3|[silent]\n|-start|p2a: Beartic|perish3|[silent]\n|-start|p2b: Politoed|perish3|[silent]\n|-fieldactivate|move: Perish Song\n|\n|-weather|Snow|[upkeep]\n|-heal|p2a: Beartic|65\/100|[from] Grassy Terrain\n|-heal|p2b: Politoed|82\/100|[from] Grassy Terrain\n|-heal|p2b: Politoed|88\/100|[from] item: Leftovers\n|-start|p1b: Ninetales|perish3\n|-start|p1a: Tornadus|perish3\n|-start|p2a: Beartic|perish3\n|-start|p2b: Politoed|perish3\n|upkeep\n|turn|3\n|\n|t:|1699780926\n|switch|p2b: Tornadus|Tornadus, M|100\/100\n|move|p1a: Tornadus|Tailwind|p1a: Tornadus\n|-sidestart|p1: mibby69|move: Tailwind\n|move|p1b: Ninetales|Encore||[still]\n|-fail|p1b: Ninetales\n|move|p2a: Beartic|Icicle Spear|p1a: Tornadus\n|-supereffective|p1a: Tornadus\n|-damage|p1a: Tornadus|77\/100\n|-supereffective|p1a: Tornadus\n|-damage|p1a: Tornadus|53\/100\n|-supereffective|p1a: Tornadus\n|-damage|p1a: Tornadus|29\/100\n|-supereffective|p1a: Tornadus\n|-damage|p1a: Tornadus|6\/100\n|-supereffective|p1a: Tornadus\n|-damage|p1a: Tornadus|0 fnt\n|faint|p1a: Tornadus\n|-hitcount|p1: Tornadus|5\n|\n|-weather|Snow|[upkeep]\n|-heal|p2a: Beartic|71\/100|[from] Grassy Terrain\n|-start|p1b: Ninetales|perish2\n|-start|p2a: Beartic|perish2\n|upkeep\n|\n|t:|1699780936\n|switch|p1a: Heatran|Heatran, F|100\/100\n|turn|4\n|inactive|GaryDaGoon has 120 seconds left.\n|\n|t:|1699780975\n|switch|p1b: Clefairy|Clefairy, M|100\/100\n|switch|p2b: Politoed|Politoed, M|88\/100\n|-weather|RainDance|[from] ability: Drizzle|[of] p2b: Politoed\n|move|p2a: Beartic|Liquidation|p1a: Heatran\n|-supereffective|p1a: Heatran\n|-damage|p1a: Heatran|63\/100\n|move|p1a: Heatran|Magma Storm|p2a: Beartic\n|-supereffective|p2a: Beartic\n|-damage|p2a: Beartic|4\/100\n|-activate|p2a: Beartic|move: Magma Storm|[of] p1a: Heatran\n|\n|-weather|RainDance|[upkeep]\n|-heal|p2a: Beartic|10\/100|[from] Grassy Terrain\n|-heal|p1a: Heatran|69\/100|[from] Grassy Terrain\n|-heal|p2b: Politoed|95\/100|[from] Grassy Terrain\n|-heal|p2b: Politoed|100\/100|[from] item: Leftovers\n|-damage|p2a: Beartic|0 fnt|[from] move: Magma Storm|[partiallytrapped]\n|faint|p2a: Beartic\n|upkeep\n|inactive|GaryDaGoon has 90 seconds left.\n|\n|t:|1699781006\n|switch|p2a: Basculegion|Basculegion-F, F|100\/100\n|turn|5\n|\n|t:|1699781019\n|switch|p1a: Ninetales|Ninetales-Alola, F|100\/100\n|-weather|Snow|[from] ability: Snow Warning|[of] p1a: Ninetales\n|move|p2b: Politoed|Helping Hand|p2a: Basculegion\n|-singleturn|p2a: Basculegion|Helping Hand|[of] p2b: Politoed\n|move|p2a: Basculegion|Liquidation|p1a: Ninetales\n|-damage|p1a: Ninetales|71\/100\n|move|p1b: Clefairy|Fake Tears|p2a: Basculegion\n|-unboost|p2a: Basculegion|spd|2\n|\n|-weather|Snow|[upkeep]\n|-heal|p1a: Ninetales|77\/100|[from] Grassy Terrain\n|-fieldend|move: Grassy Terrain\n|upkeep\n|turn|6\n|inactive|GaryDaGoon has 120 seconds left.\n|\n|t:|1699781038\n|switch|p2a: Rillaboom|Rillaboom, M|100\/100\n|-fieldstart|move: Grassy Terrain|[from] ability: Grassy Surge|[of] p2a: Rillaboom\n|move|p1a: Ninetales|Blizzard|p2b: Politoed|[spread] p2a,p2b\n|-supereffective|p2a: Rillaboom\n|-resisted|p2b: Politoed\n|-damage|p2a: Rillaboom|44\/100\n|-damage|p2b: Politoed|90\/100\n|move|p1b: Clefairy|Encore||[still]\n|-fail|p1b: Clefairy\n|move|p2b: Politoed|Perish Song|p2b: Politoed\n|-start|p1a: Ninetales|perish3|[silent]\n|-start|p1b: Clefairy|perish3|[silent]\n|-start|p2a: Rillaboom|perish3|[silent]\n|-start|p2b: Politoed|perish3|[silent]\n|-fieldactivate|move: Perish Song\n|\n|-weather|Snow|[upkeep]\n|-heal|p1a: Ninetales|83\/100|[from] Grassy Terrain\n|-heal|p2a: Rillaboom|50\/100|[from] Grassy Terrain\n|-heal|p2a: Rillaboom|56\/100|[from] item: Leftovers\n|-heal|p2b: Politoed|96\/100|[from] Grassy Terrain\n|-heal|p2b: Politoed|100\/100|[from] item: Leftovers\n|-start|p1a: Ninetales|perish3\n|-start|p2a: Rillaboom|perish3\n|-start|p1b: Clefairy|perish3\n|-start|p2b: Politoed|perish3\n|-sideend|p1: mibby69|move: Tailwind\n|upkeep\n|turn|7\n|inactive|GaryDaGoon has 120 seconds left.\n|\n|t:|1699781076\n|switch|p2b: Tornadus|Tornadus, M|100\/100\n|move|p2a: Rillaboom|Fake Out|p1b: Clefairy\n|-damage|p1b: Clefairy|89\/100\n|cant|p1b: Clefairy|flinch\n|move|p1a: Ninetales|Blizzard|p2b: Tornadus|[spread] p2a,p2b\n|-supereffective|p2a: Rillaboom\n|-supereffective|p2b: Tornadus\n|-damage|p2a: Rillaboom|6\/100\n|-damage|p2b: Tornadus|49\/100\n|\n|-weather|Snow|[upkeep]\n|-heal|p1a: Ninetales|89\/100|[from] Grassy Terrain\n|-heal|p2a: Rillaboom|13\/100|[from] Grassy Terrain\n|-heal|p2a: Rillaboom|19\/100|[from] item: Leftovers\n|-heal|p1b: Clefairy|95\/100|[from] Grassy Terrain\n|-start|p1a: Ninetales|perish2\n|-start|p2a: Rillaboom|perish2\n|-start|p1b: Clefairy|perish2\n|upkeep\n|turn|8\n|inactive|GaryDaGoon has 120 seconds left.\n|\n|t:|1699781107\n|switch|p2a: Politoed|Politoed, M|100\/100\n|-weather|RainDance|[from] ability: Drizzle|[of] p2a: Politoed\n|move|p1b: Clefairy|Follow Me|p1b: Clefairy\n|-singleturn|p1b: Clefairy|move: Follow Me\n|move|p2b: Tornadus|Tailwind|p2b: Tornadus\n|-sidestart|p2: GaryDaGoon|move: Tailwind\n|move|p1a: Ninetales|Blizzard|p2b: Tornadus|[spread] p2a,p2b\n|-resisted|p2a: Politoed\n|-supereffective|p2b: Tornadus\n|-crit|p2b: Tornadus\n|-damage|p2a: Politoed|90\/100\n|-damage|p2b: Tornadus|0 fnt\n|faint|p2b: Tornadus\n|\n|-weather|RainDance|[upkeep]\n|-heal|p2a: Politoed|96\/100|[from] Grassy Terrain\n|-heal|p2a: Politoed|100\/100|[from] item: Leftovers\n|-heal|p1a: Ninetales|95\/100|[from] Grassy Terrain\n|-heal|p1b: Clefairy|100\/100|[from] Grassy Terrain\n|-start|p1a: Ninetales|perish1\n|-start|p1b: Clefairy|perish1\n|upkeep\n|inactive|GaryDaGoon has 90 seconds left.\n|\n|t:|1699781129\n|switch|p2b: Regieleki|Regieleki|100\/100\n|turn|9\n|\n|t:|1699781150\n|switch|p1a: Heatran|Heatran, F|69\/100\n|switch|p1b: Landorus|Landorus-Therian, M|100\/100\n|-ability|p1b: Landorus|Intimidate|boost\n|-unboost|p2a: Politoed|atk|1\n|-unboost|p2b: Regieleki|atk|1\n|move|p2b: Regieleki|Thunder Cage|p1a: Heatran\n|-damage|p1a: Heatran|39\/100\n|-activate|p1a: Heatran|move: Thunder Cage|[of] p2b: Regieleki\n|move|p2a: Politoed|Perish Song|p2a: Politoed\n|-start|p1a: Heatran|perish3|[silent]\n|-start|p1b: Landorus|perish3|[silent]\n|-start|p2a: Politoed|perish3|[silent]\n|-start|p2b: Regieleki|perish3|[silent]\n|-fieldactivate|move: Perish Song\n|\n|-weather|RainDance|[upkeep]\n|-heal|p1a: Heatran|45\/100|[from] Grassy Terrain\n|-damage|p1a: Heatran|33\/100|[from] move: Thunder Cage|[partiallytrapped]\n|-start|p2b: Regieleki|perish3\n|-start|p2a: Politoed|perish3\n|-start|p1b: Landorus|perish3\n|-start|p1a: Heatran|perish3\n|-sideend|p1: mibby69|move: Aurora Veil\n|upkeep\n|turn|10\n|inactive|GaryDaGoon has 120 seconds left.\n|inactive|mibby69 has 120 seconds left.\n|inactive|GaryDaGoon has 90 seconds left.\n|\n|t:|1699781202\n|switch|p2b: Rillaboom|Rillaboom, M|19\/100\n|switch|p2a: Basculegion|Basculegion-F, F|100\/100\n|move|p1b: Landorus|U-turn|p2a: Basculegion\n|-resisted|p2a: Basculegion\n|-damage|p2a: Basculegion|83\/100\n|\n|t:|1699781209\n|switch|p1b: Ninetales|Ninetales-Alola, F|95\/100|[from] U-turn\n|-weather|Snow|[from] ability: Snow Warning|[of] p1b: Ninetales\n|move|p1a: Heatran|Earth Power|p2b: Rillaboom\n|-resisted|p2b: Rillaboom\n|-damage|p2b: Rillaboom|0 fnt\n|faint|p2b: Rillaboom\n|\n|-weather|Snow|[upkeep]\n|-heal|p2a: Basculegion|89\/100|[from] Grassy Terrain\n|-heal|p1b: Ninetales|100\/100|[from] Grassy Terrain\n|-heal|p1a: Heatran|39\/100|[from] Grassy Terrain\n|-end|p1a: Heatran|Thunder Cage|[partiallytrapped]|[silent]\n|-start|p1a: Heatran|perish2\n|-fieldend|move: Grassy Terrain\n|upkeep\n|\n|t:|1699781226\n|switch|p2b: Politoed|Politoed, M|100\/100\n|-weather|RainDance|[from] ability: Drizzle|[of] p2b: Politoed\n|turn|11\n|inactive|mibby69 has 120 seconds left.\n|\n|t:|1699781254\n|switch|p1a: Clefairy|Clefairy, M|100\/100\n|move|p2a: Basculegion|Liquidation|p1a: Clefairy\n|-damage|p1a: Clefairy|22\/100\n|move|p2b: Politoed|Perish Song|p2b: Politoed\n|-start|p1a: Clefairy|perish3|[silent]\n|-start|p1b: Ninetales|perish3|[silent]\n|-start|p2a: Basculegion|perish3|[silent]\n|-start|p2b: Politoed|perish3|[silent]\n|-fieldactivate|move: Perish Song\n|move|p1b: Ninetales|Hypnosis|p2a: Basculegion\n|-status|p2a: Basculegion|slp|[from] move: Hypnosis\n|\n|-weather|RainDance|[upkeep]\n|-start|p2a: Basculegion|perish3\n|-start|p2b: Politoed|perish3\n|-start|p1b: Ninetales|perish3\n|-start|p1a: Clefairy|perish3\n|-sideend|p2: GaryDaGoon|move: Tailwind\n|upkeep\n|turn|12\n|\n|t:|1699781277\n|switch|p1b: Heatran|Heatran, F|39\/100\n|switch|p2b: Regieleki|Regieleki|100\/100\n|cant|p2a: Basculegion|slp\n|move|p1a: Clefairy|Encore||[still]\n|-fail|p1a: Clefairy\n|\n|-weather|RainDance|[upkeep]\n|-start|p2a: Basculegion|perish2\n|-start|p1a: Clefairy|perish2\n|upkeep\n|turn|13\n|inactive|GaryDaGoon has 120 seconds left.\n|\n|t:|1699781309\n|move|p2b: Regieleki|Thunder Cage|p1b: Heatran\n|-damage|p1b: Heatran|6\/100\n|-activate|p1b: Heatran|move: Thunder Cage|[of] p2b: Regieleki\n|-curestatus|p2a: Basculegion|slp|[msg]\n|move|p2a: Basculegion|Liquidation|p1b: Heatran\n|-supereffective|p1b: Heatran\n|-damage|p1b: Heatran|0 fnt\n|faint|p1b: Heatran\n|move|p1a: Clefairy|Heal Pulse|p1: Heatran|[notarget]\n|-fail|p1a: Clefairy\n|\n|-weather|RainDance|[upkeep]\n|-start|p2a: Basculegion|perish1\n|-start|p1a: Clefairy|perish1\n|upkeep\n|\n|t:|1699781322\n|switch|p1b: Ninetales|Ninetales-Alola, F|100\/100\n|-weather|Snow|[from] ability: Snow Warning|[of] p1b: Ninetales\n|turn|14\n|inactive|GaryDaGoon has 120 seconds left.\n|\n|t:|1699781338\n|switch|p2a: Politoed|Politoed, M|100\/100\n|-weather|RainDance|[from] ability: Drizzle|[of] p2a: Politoed\n|move|p1a: Clefairy|Follow Me|p1a: Clefairy\n|-singleturn|p1a: Clefairy|move: Follow Me\n|move|p2b: Regieleki|Thunder Cage|p1a: Clefairy\n|-damage|p1a: Clefairy|0 fnt\n|faint|p1a: Clefairy\n|move|p1b: Ninetales|Blizzard|p2a: Politoed|[spread] p2b\n|-miss|p1b: Ninetales|p2a: Politoed\n|-damage|p2b: Regieleki|51\/100\n|\n|-weather|RainDance|[upkeep]\n|upkeep\n|\n|t:|1699781351\n|switch|p1a: Landorus|Landorus-Therian, M|100\/100\n|-ability|p1a: Landorus|Intimidate|boost\n|-unboost|p2a: Politoed|atk|1\n|-unboost|p2b: Regieleki|atk|1\n|turn|15\n|\n|t:|1699781365\n|move|p2b: Regieleki|Thunder Cage|p1b: Ninetales|[miss]\n|-miss|p2b: Regieleki|p1b: Ninetales\n|move|p1b: Ninetales|Blizzard|p2a: Politoed|[spread] p2b\n|-miss|p1b: Ninetales|p2a: Politoed\n|-damage|p2b: Regieleki|3\/100\n|move|p1a: Landorus|Stomping Tantrum|p2b: Regieleki\n|-supereffective|p2b: Regieleki\n|-damage|p2b: Regieleki|0 fnt\n|faint|p2b: Regieleki\n|move|p2a: Politoed|Perish Song|p2a: Politoed\n|-start|p1a: Landorus|perish3|[silent]\n|-start|p1b: Ninetales|perish3|[silent]\n|-start|p2a: Politoed|perish3|[silent]\n|-fieldactivate|move: Perish Song\n|\n|-weather|RainDance|[upkeep]\n|-start|p1b: Ninetales|perish3\n|-start|p1a: Landorus|perish3\n|-start|p2a: Politoed|perish3\n|upkeep\n|\n|t:|1699781382\n|switch|p2b: Basculegion|Basculegion-F, F|89\/100\n|turn|16\n|\n|t:|1699781397\n|-terastallize|p1a: Landorus|Flying\n|move|p2a: Politoed|Helping Hand|p2b: Basculegion\n|-singleturn|p2b: Basculegion|Helping Hand|[of] p2a: Politoed\n|move|p2b: Basculegion|Last Respects|p1a: Landorus\n|-damage|p1a: Landorus|0 fnt\n|faint|p1a: Landorus\n|move|p1b: Ninetales|Blizzard|p2b: Basculegion|[spread] p2a,p2b\n|-resisted|p2a: Politoed\n|-resisted|p2b: Basculegion\n|-damage|p2a: Politoed|91\/100\n|-damage|p2b: Basculegion|76\/100\n|-status|p2a: Politoed|frz\n|\n|-weather|RainDance|[upkeep]\n|-heal|p2a: Politoed|97\/100 frz|[from] item: Leftovers\n|-start|p1b: Ninetales|perish2\n|-start|p2a: Politoed|perish2\n|upkeep\n|turn|17\n|-message|mibby69 forfeited.\n|\n|win|GaryDaGoon\n|raw|mibby69's rating: 1305 &rarr; <strong>1281<\/strong><br \/>(-24 for losing)\n|raw|GaryDaGoon's rating: 1237 &rarr; <strong>1267<\/strong><br \/>(+30 for winning)\n|l|\u2606mibby69\n","uploadtime":1699781420,"views":17,"p1id":"mibby69","p2id":"garydagoon","formatid":"gen9doublesou","rating":1267,"private":0,"password":""}