{"id":"gen9doublesou-1975168961","p1":"cotesmcgotes","p2":"quietasfolk","format":"[Gen 9] Doubles OU","log":"|j|\u2606cotesmcgotes\n|j|\u2606quietasfolk\n|t:|1698167243\n|gametype|doubles\n|player|p1|cotesmcgotes|flannery|1386\n|player|p2|quietasfolk|burgh|1337\n|teamsize|p1|6\n|teamsize|p2|6\n|gen|9\n|tier|[Gen 9] Doubles OU\n|rated|\n|rule|Species Clause: Limit one of each Pok\u00e9mon\n|rule|OHKO Clause: OHKO moves are banned\n|rule|Evasion Moves Clause: Evasion moves are banned\n|rule|Gravity Sleep Clause: The combination of sleep-inducing moves with imperfect accuracy and Gravity or Gigantamax Orbeetle are banned\n|rule|Endless Battle Clause: Forcing endless battles is banned\n|rule|HP Percentage Mod: HP is shown in percentages\n|clearpoke\n|poke|p1|Manaphy|\n|poke|p1|Espathra, M|\n|poke|p1|Goodra-Hisui, M|\n|poke|p1|Ursaluna-Bloodmoon, M|\n|poke|p1|Ogerpon-Hearthflame, F|\n|poke|p1|Chien-Pao|\n|poke|p2|Sinistcha|\n|poke|p2|Ursaluna, F|\n|poke|p2|Arboliva, M|\n|poke|p2|Bellibolt, F|\n|poke|p2|Garganacl, F|\n|poke|p2|Armarouge, M|\n|teampreview\n|\n|t:|1698167254\n|start\n|switch|p1a: Chien-Pao|Chien-Pao|100\/100\n|switch|p1b: Ogerpon|Ogerpon-Hearthflame, F|100\/100\n|switch|p2a: Ursaluna|Ursaluna, F|100\/100\n|switch|p2b: Sinistcha|Sinistcha, shiny|100\/100\n|-ability|p1a: Chien-Pao|Sword of Ruin\n|-ability|p1b: Ogerpon|Mold Breaker\n|turn|1\n|inactive|Battle timer is ON: inactive players will automatically lose when time's up. (requested by cotesmcgotes)\n|\n|t:|1698167267\n|move|p2a: Ursaluna|Protect|p2a: Ursaluna\n|-singleturn|p2a: Ursaluna|Protect\n|move|p1a: Chien-Pao|Crunch|p2b: Sinistcha\n|-supereffective|p2b: Sinistcha\n|-damage|p2b: Sinistcha|7\/100\n|-unboost|p2b: Sinistcha|def|1\n|move|p1b: Ogerpon|Ivy Cudgel|p2b: Sinistcha\n|-supereffective|p2b: Sinistcha\n|-damage|p2b: Sinistcha|0 fnt\n|faint|p2b: Sinistcha\n|\n|-status|p2a: Ursaluna|brn|[from] item: Flame Orb\n|upkeep\n|\n|t:|1698167287\n|switch|p2b: Armarouge|Armarouge, M, shiny|100\/100\n|turn|2\n|\n|t:|1698167296\n|move|p1a: Chien-Pao|Crunch|p2b: Armarouge\n|-supereffective|p2b: Armarouge\n|-damage|p2b: Armarouge|7\/100\n|move|p1b: Ogerpon|Horn Leech|p2a: Ursaluna\n|-supereffective|p2a: Ursaluna\n|-damage|p2a: Ursaluna|22\/100 brn\n|move|p2a: Ursaluna|Headlong Rush|p1b: Ogerpon\n|-damage|p1b: Ogerpon|0 fnt\n|-unboost|p2a: Ursaluna|def|1\n|-unboost|p2a: Ursaluna|spd|1\n|faint|p1b: Ogerpon\n|move|p2b: Armarouge|Trick Room|p2b: Armarouge\n|-fieldstart|move: Trick Room|[of] p2b: Armarouge\n|\n|-damage|p2a: Ursaluna|16\/100 brn|[from] brn\n|upkeep\n|\n|t:|1698167312\n|switch|p1b: Ursaluna|Ursaluna-Bloodmoon, M|100\/100\n|turn|3\n|\n|t:|1698167334\n|move|p1b: Ursaluna|Vacuum Wave|p2a: Ursaluna\n|-supereffective|p2a: Ursaluna\n|-damage|p2a: Ursaluna|0 fnt\n|faint|p2a: Ursaluna\n|move|p1a: Chien-Pao|Sucker Punch|p2b: Armarouge\n|-supereffective|p2b: Armarouge\n|-damage|p2b: Armarouge|0 fnt\n|faint|p2b: Armarouge\n|\n|upkeep\n|\n|t:|1698167341\n|switch|p2a: Arboliva|Arboliva, M|100\/100\n|switch|p2b: Garganacl|Garganacl, F, shiny|100\/100\n|turn|4\n|\n|t:|1698167356\n|move|p2b: Garganacl|Brick Break|p1a: Chien-Pao\n|-supereffective|p1a: Chien-Pao\n|-damage|p1a: Chien-Pao|0 fnt\n|faint|p1a: Chien-Pao\n|move|p2a: Arboliva|Giga Drain|p1b: Ursaluna\n|-supereffective|p1b: Ursaluna\n|-damage|p1b: Ursaluna|39\/100\n|move|p1b: Ursaluna|Earth Power|p2b: Garganacl\n|-supereffective|p2b: Garganacl\n|-damage|p2b: Garganacl|38\/100\n|\n|upkeep\n|\n|t:|1698167370\n|switch|p1a: Goodra|Goodra-Hisui, M|100\/100\n|turn|5\n|\n|t:|1698167383\n|-terastallize|p1a: Goodra|Fighting\n|move|p1b: Ursaluna|Vacuum Wave|p2b: Garganacl\n|-supereffective|p2b: Garganacl\n|-damage|p2b: Garganacl|18\/100\n|move|p2b: Garganacl|Salt Cure|p1a: Goodra\n|-resisted|p1a: Goodra\n|-damage|p1a: Goodra|91\/100\n|-start|p1a: Goodra|Salt Cure\n|move|p2a: Arboliva|Giga Drain|p1b: Ursaluna\n|-supereffective|p1b: Ursaluna\n|-damage|p1b: Ursaluna|0 fnt\n|faint|p1b: Ursaluna\n|move|p1a: Goodra|Acid Armor|p1a: Goodra\n|-boost|p1a: Goodra|def|2\n|\n|-heal|p1a: Goodra|97\/100|[from] item: Leftovers\n|-damage|p1a: Goodra|85\/100|[from] Salt Cure\n|upkeep\n|\n|t:|1698167398\n|switch|p1b: Espathra|Espathra, M|100\/100\n|turn|6\n|\n|t:|1698167413\n|move|p1b: Espathra|Protect|p1b: Espathra\n|-singleturn|p1b: Espathra|Protect\n|move|p2b: Garganacl|Rock Slide|p1b: Espathra|[spread] p1a\n|-activate|p1b: Espathra|move: Protect\n|-resisted|p1a: Goodra\n|-damage|p1a: Goodra|79\/100\n|move|p2a: Arboliva|Hyper Voice|p1a: Goodra|[spread] p1a\n|-activate|p1b: Espathra|move: Protect\n|-damage|p1a: Goodra|60\/100\n|move|p1a: Goodra|Body Press|p2b: Garganacl\n|-supereffective|p2b: Garganacl\n|-damage|p2b: Garganacl|0 fnt\n|faint|p2b: Garganacl\n|\n|-heal|p1a: Goodra|66\/100|[from] item: Leftovers\n|-damage|p1a: Goodra|54\/100|[from] Salt Cure\n|-fieldend|move: Trick Room\n|-ability|p1b: Espathra|Speed Boost|boost\n|-boost|p1b: Espathra|spe|1\n|upkeep\n|\n|t:|1698167432\n|switch|p2b: Bellibolt|Bellibolt, F|100\/100\n|turn|7\n|\n|t:|1698167455\n|move|p1b: Espathra|Lumina Crash|p2b: Bellibolt\n|-damage|p2b: Bellibolt|71\/100\n|-unboost|p2b: Bellibolt|spd|2\n|-start|p2b: Bellibolt|Charge|Lumina Crash|[from] ability: Electromorphosis\n|move|p1a: Goodra|Body Press|p2a: Arboliva\n|-supereffective|p2a: Arboliva\n|-enditem|p2a: Arboliva|Focus Sash\n|-damage|p2a: Arboliva|1\/100\n|-fieldstart|move: Grassy Terrain|[from] ability: Seed Sower|[of] p2a: Arboliva\n|move|p2b: Bellibolt|Thunderbolt|p1b: Espathra\n|-damage|p1b: Espathra|0 fnt\n|faint|p1b: Espathra\n|-end|p2b: Bellibolt|Charge|[silent]\n|move|p2a: Arboliva|Leech Seed|p1a: Goodra\n|-ability|p1a: Goodra|Sap Sipper|boost\n|-boost|p1a: Goodra|atk|1\n|\n|-heal|p1a: Goodra|60\/100|[from] Grassy Terrain\n|-heal|p1a: Goodra|66\/100|[from] item: Leftovers\n|-heal|p2b: Bellibolt|78\/100|[from] Grassy Terrain\n|-heal|p2b: Bellibolt|84\/100|[from] item: Leftovers\n|-heal|p2a: Arboliva|7\/100|[from] Grassy Terrain\n|-damage|p1a: Goodra|53\/100|[from] Salt Cure\n|upkeep\n|\n|t:|1698167470\n|switch|p1b: Manaphy|Manaphy|100\/100\n|turn|8\n|\n|t:|1698167493\n|move|p1b: Manaphy|Scald|p2a: Arboliva\n|-resisted|p2a: Arboliva\n|-damage|p2a: Arboliva|0 fnt\n|faint|p2a: Arboliva\n|move|p1a: Goodra|Body Press|p2b: Bellibolt\n|-damage|p2b: Bellibolt|34\/100\n|-start|p2b: Bellibolt|Charge|Body Press|[from] ability: Electromorphosis\n|move|p2b: Bellibolt|Thunderbolt|p1a: Goodra\n|-damage|p1a: Goodra|8\/100\n|-end|p2b: Bellibolt|Charge|[silent]\n|\n|-heal|p1a: Goodra|14\/100|[from] Grassy Terrain\n|-heal|p1a: Goodra|20\/100|[from] item: Leftovers\n|-heal|p2b: Bellibolt|40\/100|[from] Grassy Terrain\n|-heal|p2b: Bellibolt|46\/100|[from] item: Leftovers\n|-damage|p1a: Goodra|7\/100|[from] Salt Cure\n|upkeep\n|turn|9\n|\n|t:|1698167508\n|move|p1b: Manaphy|Scald|p2b: Bellibolt\n|-damage|p2b: Bellibolt|0 fnt\n|faint|p2b: Bellibolt\n|\n|win|cotesmcgotes\n|raw|cotesmcgotes's rating: 1386 &rarr; <strong>1403<\/strong><br \/>(+17 for winning)\n|raw|quietasfolk's rating: 1337 &rarr; <strong>1320<\/strong><br \/>(-17 for losing)\n","uploadtime":1698167513,"views":7,"p1id":"cotesmcgotes","p2id":"quietasfolk","formatid":"gen9doublesou","rating":1320,"private":0,"password":""}