{"id":"gen9doublesou-1998272260","p1":"spcplayzz","p2":"sanswithagun","format":"[Gen 9] Doubles OU","log":"|j|\u2606spcplayzz\n|j|\u2606sanswithagun\n|t:|1700922996\n|gametype|doubles\n|player|p1|spcplayzz|fantina|1565\n|player|p2|sanswithagun|101|1395\n|teamsize|p1|6\n|teamsize|p2|6\n|gen|9\n|tier|[Gen 9] Doubles OU\n|rated|\n|rule|Species Clause: Limit one of each Pok\u00e9mon\n|rule|OHKO Clause: OHKO moves are banned\n|rule|Evasion Moves Clause: Evasion moves are banned\n|rule|Gravity Sleep Clause: The combination of sleep-inducing moves with imperfect accuracy and Gravity or Gigantamax Orbeetle are banned\n|rule|Endless Battle Clause: Forcing endless battles is banned\n|rule|HP Percentage Mod: HP is shown in percentages\n|clearpoke\n|poke|p1|Flutter Mane|\n|poke|p1|Landorus-Therian, M|\n|poke|p1|Rillaboom, F|\n|poke|p1|Kleavor, M|\n|poke|p1|Okidogi, M|\n|poke|p1|Volcanion|\n|poke|p2|Tyranitar, F|\n|poke|p2|Ting-Lu|\n|poke|p2|Houndstone, F|\n|poke|p2|Diancie|\n|poke|p2|Landorus, M|\n|poke|p2|Gholdengo|\n|teampreview\n|inactive|Battle timer is ON: inactive players will automatically lose when time's up. (requested by spcplayzz)\n|\n|t:|1700923011\n|start\n|switch|p1a: Landorus|Landorus-Therian, M|100\/100\n|switch|p1b: Rillaboom|Rillaboom, F|100\/100\n|switch|p2a: bigman|Tyranitar, F|100\/100\n|switch|p2b: Diancie|Diancie|100\/100\n|-ability|p1a: Landorus|Intimidate|boost\n|-unboost|p2a: bigman|atk|1\n|-fail|p2b: Diancie|unboost|[from] ability: Clear Body|[of] p2b: Diancie\n|-fieldstart|move: Grassy Terrain|[from] ability: Grassy Surge|[of] p1b: Rillaboom\n|-weather|Sandstorm|[from] ability: Sand Stream|[of] p2a: bigman\n|turn|1\n|inactive|sanswithagun has 120 seconds left.\n|\n|t:|1700923045\n|-terastallize|p2a: bigman|Flying\n|move|p1a: Landorus|U-turn|p2a: bigman\n|-resisted|p2a: bigman\n|-damage|p2a: bigman|92\/100\n|\n|t:|1700923055\n|switch|p1a: Kleavor|Kleavor, M|100\/100|[from] U-turn\n|move|p1b: Rillaboom|Wood Hammer|p2a: bigman\n|-resisted|p2a: bigman\n|-damage|p2a: bigman|69\/100\n|-damage|p1b: Rillaboom|93\/100|[from] Recoil\n|move|p2a: bigman|Knock Off|p1a: Kleavor\n|-damage|p1a: Kleavor|61\/100\n|-enditem|p1a: Kleavor|Focus Sash|[from] move: Knock Off|[of] p2a: bigman\n|move|p2b: Diancie|Diamond Storm|p1b: Rillaboom|[spread] p1a,p1b\n|-supereffective|p1a: Kleavor\n|-damage|p1a: Kleavor|0 fnt\n|-damage|p1b: Rillaboom|65\/100\n|-boost|p2b: Diancie|def|2\n|faint|p1a: Kleavor\n|\n|-weather|Sandstorm|[upkeep]\n|-damage|p1b: Rillaboom|59\/100|[from] Sandstorm\n|-damage|p2a: bigman|63\/100|[from] Sandstorm\n|-heal|p1b: Rillaboom|65\/100|[from] Grassy Terrain\n|upkeep\n|\n|t:|1700923075\n|switch|p1a: Volcanion|Volcanion|100\/100\n|turn|2\n|\n|t:|1700923091\n|switch|p2a: Ting-Lu|Ting-Lu|100\/100\n|-ability|p2a: Ting-Lu|Vessel of Ruin\n|switch|p1a: Landorus|Landorus-Therian, M|100\/100\n|-ability|p1a: Landorus|Intimidate|boost\n|-unboost|p2a: Ting-Lu|atk|1\n|-fail|p2b: Diancie|unboost|[from] ability: Clear Body|[of] p2b: Diancie\n|move|p1b: Rillaboom|Wood Hammer|p2b: Diancie\n|-supereffective|p2b: Diancie\n|-damage|p2b: Diancie|47\/100\n|-damage|p1b: Rillaboom|52\/100|[from] Recoil\n|move|p2b: Diancie|Diamond Storm|p1b: Rillaboom|[spread] p1b\n|-miss|p2b: Diancie|p1a: Landorus\n|-damage|p1b: Rillaboom|22\/100\n|-boost|p2b: Diancie|def|2\n|\n|-weather|Sandstorm|[upkeep]\n|-damage|p1b: Rillaboom|16\/100|[from] Sandstorm\n|-heal|p1b: Rillaboom|22\/100|[from] Grassy Terrain\n|-heal|p2b: Diancie|53\/100|[from] Grassy Terrain\n|upkeep\n|turn|3\n|\n|t:|1700923120\n|move|p1a: Landorus|Stomping Tantrum|p2b: Diancie\n|-supereffective|p2b: Diancie\n|-damage|p2b: Diancie|30\/100\n|move|p1b: Rillaboom|Wood Hammer|p2b: Diancie\n|-supereffective|p2b: Diancie\n|-damage|p2b: Diancie|0 fnt\n|faint|p2b: Diancie\n|-damage|p1b: Rillaboom|15\/100|[from] Recoil\n|move|p2a: Ting-Lu|Throat Chop|p1a: Landorus\n|-damage|p1a: Landorus|79\/100\n|-start|p1a: Landorus|Throat Chop|[silent]\n|\n|-weather|Sandstorm|[upkeep]\n|-damage|p1b: Rillaboom|8\/100|[from] Sandstorm\n|-heal|p1b: Rillaboom|15\/100|[from] Grassy Terrain\n|upkeep\n|inactive|sanswithagun has 120 seconds left.\n|\n|t:|1700923135\n|switch|p2b: Landorus|Landorus, M, shiny|100\/100\n|turn|4\n|\n|t:|1700923152\n|move|p1b: Rillaboom|Grassy Glide|p2b: Landorus\n|-damage|p2b: Landorus|58\/100\n|move|p2b: Landorus|Earthquake|p1b: Rillaboom|[spread] p2a,p1b\n|-immune|p1a: Landorus\n|-resisted|p1b: Rillaboom\n|-damage|p2a: Ting-Lu|90\/100\n|-damage|p1b: Rillaboom|3\/100\n|move|p1a: Landorus|Stomping Tantrum|p2a: Ting-Lu\n|-damage|p2a: Ting-Lu|72\/100\n|move|p2a: Ting-Lu|Throat Chop|p1a: Landorus\n|-damage|p1a: Landorus|55\/100\n|\n|-weather|Sandstorm|[upkeep]\n|-damage|p1b: Rillaboom|0 fnt|[from] Sandstorm\n|faint|p1b: Rillaboom\n|-heal|p2a: Ting-Lu|78\/100|[from] Grassy Terrain\n|-heal|p2a: Ting-Lu|84\/100|[from] item: Leftovers\n|-end|p1a: Landorus|Throat Chop|[silent]\n|upkeep\n|\n|t:|1700923172\n|switch|p1b: Flutter Mane|Flutter Mane|100\/100\n|-enditem|p1b: Flutter Mane|Booster Energy\n|-activate|p1b: Flutter Mane|ability: Protosynthesis|[fromitem]\n|-start|p1b: Flutter Mane|protosynthesisspe\n|turn|5\n|\n|t:|1700923185\n|switch|p2b: Gholdengo|Gholdengo|100\/100\n|move|p1b: Flutter Mane|Protect|p1b: Flutter Mane\n|-singleturn|p1b: Flutter Mane|Protect\n|move|p2a: Ting-Lu|Protect|p2a: Ting-Lu\n|-singleturn|p2a: Ting-Lu|Protect\n|move|p1a: Landorus|Stomping Tantrum|p2a: Ting-Lu\n|-activate|p2a: Ting-Lu|move: Protect\n|\n|-weather|Sandstorm|[upkeep]\n|-damage|p1b: Flutter Mane|94\/100|[from] Sandstorm\n|-heal|p1b: Flutter Mane|100\/100|[from] Grassy Terrain\n|-heal|p2a: Ting-Lu|91\/100|[from] Grassy Terrain\n|-heal|p2a: Ting-Lu|97\/100|[from] item: Leftovers\n|-fieldend|move: Grassy Terrain\n|upkeep\n|turn|6\n|j| Ran Kob\n|\n|t:|1700923205\n|switch|p2a: Landorus|Landorus, M, shiny|58\/100\n|move|p1b: Flutter Mane|Calm Mind|p1b: Flutter Mane\n|-boost|p1b: Flutter Mane|spa|1\n|-boost|p1b: Flutter Mane|spd|1\n|move|p1a: Landorus|Stomping Tantrum|p2b: Gholdengo\n|-supereffective|p2b: Gholdengo\n|-damage|p2b: Gholdengo|8\/100\n|move|p2b: Gholdengo|Make It Rain|p1a: Landorus|[spread] p1a,p1b\n|-crit|p1a: Landorus\n|-supereffective|p1b: Flutter Mane\n|-damage|p1a: Landorus|0 fnt\n|-damage|p1b: Flutter Mane|41\/100\n|-unboost|p2b: Gholdengo|spa|1\n|faint|p1a: Landorus\n|\n|-weather|Sandstorm|[upkeep]\n|-damage|p1b: Flutter Mane|35\/100|[from] Sandstorm\n|-heal|p2b: Gholdengo|14\/100|[from] item: Leftovers\n|upkeep\n|\n|t:|1700923220\n|switch|p1a: Okidogi|Okidogi, M|100\/100\n|turn|7\n|\n|t:|1700923238\n|switch|p2b: bigman|Tyranitar, F, tera:Flying|63\/100\n|move|p1a: Okidogi|Protect|p1a: Okidogi\n|-singleturn|p1a: Okidogi|Protect\n|move|p1b: Flutter Mane|Moonblast|p2a: Landorus\n|-damage|p2a: Landorus|0 fnt\n|faint|p2a: Landorus\n|\n|-weather|Sandstorm|[upkeep]\n|-damage|p1b: Flutter Mane|29\/100|[from] Sandstorm\n|-damage|p1a: Okidogi|94\/100|[from] Sandstorm\n|-damage|p2b: bigman|57\/100|[from] Sandstorm\n|-heal|p1a: Okidogi|100\/100|[from] item: Leftovers\n|upkeep\n|\n|t:|1700923254\n|switch|p2a: Ting-Lu|Ting-Lu|97\/100\n|-ability|p2a: Ting-Lu|Vessel of Ruin\n|turn|8\n|\n|t:|1700923270\n|-terastallize|p1b: Flutter Mane|Fairy\n|move|p1b: Flutter Mane|Moonblast|p2b: bigman\n|-damage|p2b: bigman|0 fnt\n|faint|p2b: bigman\n|move|p1a: Okidogi|Bulk Up|p1a: Okidogi\n|-boost|p1a: Okidogi|atk|1\n|-boost|p1a: Okidogi|def|1\n|move|p2a: Ting-Lu|Throat Chop|p1b: Flutter Mane\n|-resisted|p1b: Flutter Mane\n|-crit|p1b: Flutter Mane\n|-damage|p1b: Flutter Mane|0 fnt\n|faint|p1b: Flutter Mane\n|-end|p1b: Flutter Mane|Protosynthesis|[silent]\n|\n|-weather|none\n|-heal|p2a: Ting-Lu|100\/100|[from] item: Leftovers\n|upkeep\n|\n|t:|1700923292\n|switch|p1b: Volcanion|Volcanion|100\/100\n|switch|p2b: Gholdengo|Gholdengo|14\/100\n|turn|9\n|\n|t:|1700923306\n|move|p2b: Gholdengo|Thunderbolt|p1b: Volcanion\n|-supereffective|p1b: Volcanion\n|-damage|p1b: Volcanion|62\/100\n|move|p1a: Okidogi|Drain Punch|p2a: Ting-Lu\n|-supereffective|p2a: Ting-Lu\n|-damage|p2a: Ting-Lu|54\/100\n|move|p1b: Volcanion|Heat Wave|p2a: Ting-Lu|[spread] p2a,p2b\n|-supereffective|p2b: Gholdengo\n|-damage|p2a: Ting-Lu|30\/100\n|-damage|p2b: Gholdengo|0 fnt\n|faint|p2b: Gholdengo\n|move|p2a: Ting-Lu|Throat Chop|p1a: Okidogi\n|-resisted|p1a: Okidogi\n|-damage|p1a: Okidogi|92\/100\n|-start|p1a: Okidogi|Throat Chop|[silent]\n|\n|-heal|p1a: Okidogi|98\/100|[from] item: Leftovers\n|-heal|p2a: Ting-Lu|37\/100|[from] item: Leftovers\n|upkeep\n|\n|t:|1700923321\n|switch|p2b: Houndstone|Houndstone, F|100\/100\n|turn|10\n|\n|t:|1700923335\n|move|p2b: Houndstone|Last Respects|p1a: Okidogi\n|-damage|p1a: Okidogi|0 fnt\n|faint|p1a: Okidogi\n|move|p1b: Volcanion|Steam Eruption|p2b: Houndstone\n|-damage|p2b: Houndstone|40\/100\n|move|p2a: Ting-Lu|Stomping Tantrum|p1b: Volcanion\n|-supereffective|p1b: Volcanion\n|-damage|p1b: Volcanion|13\/100\n|\n|-heal|p2a: Ting-Lu|43\/100|[from] item: Leftovers\n|upkeep\n|turn|11\n|\n|t:|1700923347\n|move|p2b: Houndstone|Last Respects|p1b: Volcanion\n|-damage|p1b: Volcanion|0 fnt\n|faint|p1b: Volcanion\n|\n|win|sanswithagun\n|raw|spcplayzz's rating: 1565 &rarr; <strong>1536<\/strong><br \/>(-29 for losing)\n|raw|sanswithagun's rating: 1395 &rarr; <strong>1424<\/strong><br \/>(+29 for winning)\n|c|\u2606sanswithagun|gg\n|l|\u2606spcplayzz\n","uploadtime":1700923429,"views":15,"p1id":"spcplayzz","p2id":"sanswithagun","formatid":"gen9doublesou","rating":1424,"private":0,"password":""}