{"id":"gen9doublesou-1998394927","p1":"ianndac","p2":"Bluesnowflakes","format":"[Gen 9] Doubles OU","log":"|j|\u2606ianndac\n|j|\u2606Bluesnowflakes\n|t:|1700937474\n|gametype|doubles\n|player|p1|ianndac|102|1181\n|player|p2|Bluesnowflakes|waitress-gen4|1143\n|teamsize|p1|6\n|teamsize|p2|6\n|gen|9\n|tier|[Gen 9] Doubles OU\n|rated|\n|rule|Species Clause: Limit one of each Pok\u00e9mon\n|rule|OHKO Clause: OHKO moves are banned\n|rule|Evasion Moves Clause: Evasion moves are banned\n|rule|Gravity Sleep Clause: The combination of sleep-inducing moves with imperfect accuracy and Gravity or Gigantamax Orbeetle are banned\n|rule|Endless Battle Clause: Forcing endless battles is banned\n|rule|HP Percentage Mod: HP is shown in percentages\n|clearpoke\n|poke|p1|Ceruledge, M|\n|poke|p1|Tsareena, F|\n|poke|p1|Quaquaval, F|\n|poke|p1|Weavile, F|\n|poke|p1|Kilowattrel, M|\n|poke|p1|Garchomp, F|\n|poke|p2|Murkrow, M|\n|poke|p2|Sylveon, F|\n|poke|p2|Basculegion-F, F|\n|poke|p2|Sinistcha-Masterpiece|\n|poke|p2|Maushold-Four|\n|poke|p2|Volcarona, M|\n|teampreview\n|inactive|Battle timer is ON: inactive players will automatically lose when time's up. (requested by ianndac)\n|\n|t:|1700937477\n|start\n|switch|p1a: Garchomp|Garchomp, F|100\/100\n|switch|p1b: Kilowattrel|Kilowattrel, M|100\/100\n|switch|p2a: Murkrow|Murkrow, M|100\/100\n|switch|p2b: Sylveon|Sylveon, F, shiny|100\/100\n|turn|1\n|\n|t:|1700937491\n|-terastallize|p1a: Garchomp|Steel\n|move|p2a: Murkrow|Tailwind|p2a: Murkrow\n|-sidestart|p2: Bluesnowflakes|move: Tailwind\n|move|p1b: Kilowattrel|Thunderbolt|p2a: Murkrow\n|-supereffective|p2a: Murkrow\n|-damage|p2a: Murkrow|0 fnt\n|faint|p2a: Murkrow\n|move|p1a: Garchomp|Swords Dance|p1a: Garchomp\n|-boost|p1a: Garchomp|atk|2\n|move|p2b: Sylveon|Hyper Voice|p1a: Garchomp|[spread] p1a,p1b\n|-resisted|p1a: Garchomp\n|-damage|p1a: Garchomp|80\/100\n|-damage|p1b: Kilowattrel|32\/100\n|\n|upkeep\n|\n|t:|1700937505\n|switch|p2a: Maushold|Maushold-Four|100\/100\n|turn|2\n|\n|t:|1700937513\n|move|p2a: Maushold|Super Fang|p1a: Garchomp\n|-damage|p1a: Garchomp|40\/100\n|-damage|p2a: Maushold|88\/100|[from] ability: Rough Skin|[of] p1a: Garchomp\n|-damage|p2a: Maushold|71\/100|[from] item: Rocky Helmet|[of] p1a: Garchomp\n|move|p1b: Kilowattrel|Thunderbolt|p2a: Maushold\n|-damage|p2a: Maushold|8\/100\n|move|p1a: Garchomp|Iron Head|p2b: Sylveon\n|-supereffective|p2b: Sylveon\n|-damage|p2b: Sylveon|0 fnt\n|faint|p2b: Sylveon\n|\n|upkeep\n|\n|t:|1700937530\n|switch|p2b: Sinistcha|Sinistcha-Masterpiece|100\/100\n|-heal|p2a: Maushold|33\/100|[from] ability: Hospitality|[of] p2b: Sinistcha\n|turn|3\n|inactive|Bluesnowflakes has 120 seconds left.\n|\n|t:|1700937562\n|move|p2a: Maushold|Population Bomb|p1b: Kilowattrel\n|-damage|p1b: Kilowattrel|11\/100\n|-damage|p1b: Kilowattrel|0 fnt\n|faint|p1b: Kilowattrel\n|-hitcount|p1: Kilowattrel|2\n|move|p2b: Sinistcha|Life Dew||[still]|[spread] p2a,p2b\n|-heal|p2a: Maushold|58\/100\n|-fail|p2b: Sinistcha|heal\n|move|p1a: Garchomp|Iron Head|p2b: Sinistcha\n|-damage|p2b: Sinistcha|41\/100\n|\n|-heal|p2b: Sinistcha|47\/100|[from] item: Leftovers\n|upkeep\n|\n|t:|1700937584\n|switch|p1b: Weavile|Weavile, F|100\/100\n|-ability|p1b: Weavile|Pressure\n|turn|4\n|\n|t:|1700937599\n|move|p1b: Weavile|Fake Out|p2a: Maushold\n|-damage|p2a: Maushold|36\/100\n|cant|p2a: Maushold|flinch\n|move|p2b: Sinistcha|Matcha Gotcha|p1a: Garchomp|[spread] p1a,p1b\n|-resisted|p1a: Garchomp\n|-damage|p1a: Garchomp|27\/100\n|-heal|p2b: Sinistcha|54\/100|[from] drain|[of] p1a: Garchomp\n|-damage|p1b: Weavile|66\/100\n|-heal|p2b: Sinistcha|68\/100|[from] drain|[of] p1b: Weavile\n|move|p1a: Garchomp|Iron Head|p2b: Sinistcha\n|-damage|p2b: Sinistcha|11\/100\n|\n|-heal|p2b: Sinistcha|17\/100|[from] item: Leftovers\n|-sideend|p2: Bluesnowflakes|move: Tailwind\n|upkeep\n|turn|5\n|\n|t:|1700937624\n|move|p1b: Weavile|Knock Off|p2b: Sinistcha\n|-supereffective|p2b: Sinistcha\n|-damage|p2b: Sinistcha|0 fnt\n|-enditem|p2b: Sinistcha|Leftovers|[from] move: Knock Off|[of] p1b: Weavile\n|faint|p2b: Sinistcha\n|move|p2a: Maushold|Population Bomb|p1b: Weavile\n|-damage|p1b: Weavile|47\/100\n|-damage|p1b: Weavile|29\/100\n|-damage|p1b: Weavile|11\/100\n|-damage|p1b: Weavile|0 fnt\n|faint|p1b: Weavile\n|-hitcount|p1: Weavile|4\n|move|p1a: Garchomp|Dragon Claw|p2a: Maushold\n|-damage|p2a: Maushold|0 fnt\n|faint|p2a: Maushold\n|\n|upkeep\n|\n|t:|1700937642\n|switch|p1b: Tsareena|Tsareena, F|100\/100\n|switch|p2a: Basculegion|Basculegion-F, F|100\/100\n|switch|p2b: Volcarona|Volcarona, M|100\/100\n|turn|6\n|inactive|ianndac has 120 seconds left.\n|\n|t:|1700937674\n|move|p2a: Basculegion|Last Respects|p1a: Garchomp\n|-damage|p1a: Garchomp|0 fnt\n|faint|p1a: Garchomp\n|move|p2b: Volcarona|Fiery Dance|p1b: Tsareena\n|-supereffective|p1b: Tsareena\n|-damage|p1b: Tsareena|0 fnt\n|-boost|p2b: Volcarona|spa|1\n|faint|p1b: Tsareena\n|\n|upkeep\n|\n|t:|1700937678\n|switch|p1a: Ceruledge|Ceruledge, M|100\/100\n|switch|p1b: Quaquaval|Quaquaval, F|100\/100\n|turn|7\n|\n|t:|1700937691\n|move|p2a: Basculegion|Last Respects|p1a: Ceruledge\n|-supereffective|p1a: Ceruledge\n|-damage|p1a: Ceruledge|0 fnt\n|faint|p1a: Ceruledge\n|move|p2b: Volcarona|Giga Drain|p1b: Quaquaval\n|-supereffective|p1b: Quaquaval\n|-damage|p1b: Quaquaval|2\/100\n|move|p1b: Quaquaval|Aqua Step|p2b: Volcarona\n|-supereffective|p2b: Volcarona\n|-damage|p2b: Volcarona|0 fnt\n|-boost|p1b: Quaquaval|spe|1\n|-status|p1b: Quaquaval|brn|[from] ability: Flame Body|[of] p2b: Volcarona\n|faint|p2b: Volcarona\n|-ability|p1b: Quaquaval|Moxie|boost\n|-boost|p1b: Quaquaval|atk|1\n|\n|-damage|p1b: Quaquaval|0 fnt|[from] brn\n|faint|p1b: Quaquaval\n|\n|win|Bluesnowflakes\n|upkeep\n|raw|ianndac's rating: 1181 &rarr; <strong>1153<\/strong><br \/>(-28 for losing)\n|raw|Bluesnowflakes's rating: 1143 &rarr; <strong>1171<\/strong><br \/>(+28 for winning)\n|l|\u2606ianndac\n|c|\u2606Bluesnowflakes|Gg\n","uploadtime":1700937716,"views":5,"p1id":"ianndac","p2id":"bluesnowflakes","formatid":"gen9doublesou","rating":1153,"private":0,"password":""}