{"id":"gen9doublesou-1997755062","p1":"WaffleMan80","p2":"UnluckyFoxRot","format":"[Gen 9] Doubles OU","log":"|j|\u2606WaffleMan80\n|j|\u2606UnluckyFoxRot\n|t:|1700849193\n|gametype|doubles\n|player|p1|WaffleMan80|ghetsis|1085\n|player|p2|UnluckyFoxRot|hilbert|1007\n|teamsize|p1|6\n|teamsize|p2|6\n|gen|9\n|tier|[Gen 9] Doubles OU\n|rated|\n|rule|Species Clause: Limit one of each Pok\u00e9mon\n|rule|OHKO Clause: OHKO moves are banned\n|rule|Evasion Moves Clause: Evasion moves are banned\n|rule|Gravity Sleep Clause: The combination of sleep-inducing moves with imperfect accuracy and Gravity or Gigantamax Orbeetle are banned\n|rule|Endless Battle Clause: Forcing endless battles is banned\n|rule|HP Percentage Mod: HP is shown in percentages\n|clearpoke\n|poke|p1|Arboliva, M|\n|poke|p1|Sinistcha|\n|poke|p1|Dusclops, F|\n|poke|p1|Ursaluna-Bloodmoon, M|\n|poke|p1|Ogerpon-Wellspring, F|\n|poke|p1|Iron Hands|\n|poke|p2|Meowscarada, F|\n|poke|p2|Muk-Alola, M|\n|poke|p2|Moltres-Galar|\n|poke|p2|Krookodile, M|\n|poke|p2|Kingambit, M|\n|poke|p2|Chi-Yu|\n|teampreview\n|\n|t:|1700849210\n|start\n|switch|p1a: Iron Hands|Iron Hands, shiny|100\/100\n|switch|p1b: Dusclops|Dusclops, F, shiny|100\/100\n|switch|p2a: Wizard|Meowscarada, F|100\/100\n|switch|p2b: Moltres|Moltres-Galar|100\/100\n|-item|p2a: Wizard|Choice Band|[from] ability: Frisk|[of] p1b: Dusclops|[identify]\n|-item|p2b: Moltres|Life Orb|[from] ability: Frisk|[of] p1b: Dusclops|[identify]\n|-enditem|p1a: Iron Hands|Booster Energy\n|-activate|p1a: Iron Hands|ability: Quark Drive|[fromitem]\n|-start|p1a: Iron Hands|quarkdriveatk\n|turn|1\n|\n|t:|1700849246\n|move|p2b: Moltres|Sucker Punch||[still]\n|-fail|p2b: Moltres\n|move|p2a: Wizard|U-turn|p1b: Dusclops\n|-start|p2a: Wizard|typechange|Bug|[from] ability: Protean\n|-resisted|p1b: Dusclops\n|-crit|p1b: Dusclops\n|-damage|p1b: Dusclops|75\/100\n|\n|t:|1700849257\n|switch|p2a: Chi-Yu|Chi-Yu|100\/100|[from] U-turn\n|-ability|p2a: Chi-Yu|Beads of Ruin\n|move|p1a: Iron Hands|Drain Punch|p2b: Moltres\n|-damage|p2b: Moltres|19\/100\n|-ability|p2b: Moltres|Berserk|boost\n|-boost|p2b: Moltres|spa|1\n|move|p1b: Dusclops|Will-O-Wisp|p2b: Moltres\n|-status|p2b: Moltres|brn\n|\n|-damage|p2b: Moltres|13\/100 brn|[from] brn\n|upkeep\n|turn|2\n|\n|t:|1700849288\n|move|p2a: Chi-Yu|Fire Blast|p1a: Iron Hands\n|-damage|p1a: Iron Hands|35\/100\n|move|p2b: Moltres|Fiery Wrath|p1a: Iron Hands|[spread] p1a,p1b\n|-resisted|p1a: Iron Hands\n|-supereffective|p1b: Dusclops\n|-damage|p1a: Iron Hands|0 fnt\n|-damage|p1b: Dusclops|8\/100\n|faint|p1a: Iron Hands\n|-end|p1a: Iron Hands|Quark Drive|[silent]\n|-damage|p2b: Moltres|3\/100 brn|[from] item: Life Orb\n|cant|p1b: Dusclops|flinch\n|\n|-damage|p2b: Moltres|0 fnt|[from] brn\n|faint|p2b: Moltres\n|upkeep\n|\n|t:|1700849308\n|switch|p2b: Wizard|Meowscarada, F|100\/100\n|switch|p1a: Ogerpon|Ogerpon-Wellspring, F|100\/100\n|turn|3\n|\n|t:|1700849328\n|move|p2b: Wizard|Flower Trick|p1a: Ogerpon\n|-start|p2b: Wizard|typechange|Grass|[from] ability: Protean\n|-crit|p1a: Ogerpon\n|-damage|p1a: Ogerpon|0 fnt\n|faint|p1a: Ogerpon\n|move|p2a: Chi-Yu|Lava Plume|p1b: Dusclops|[spread] p2b,p1b\n|-supereffective|p2b: Wizard\n|-damage|p2b: Wizard|0 fnt\n|-damage|p1b: Dusclops|0 fnt\n|faint|p2b: Wizard\n|faint|p1b: Dusclops\n|\n|upkeep\n|\n|t:|1700849347\n|switch|p2b: Krookodile|Krookodile, M|100\/100\n|switch|p1a: Ursaluna|Ursaluna-Bloodmoon, M|100\/100\n|switch|p1b: Arboliva|Arboliva, M, shiny|100\/100\n|turn|4\n|\n|t:|1700849379\n|move|p2b: Krookodile|Close Combat|p1a: Ursaluna\n|-supereffective|p1a: Ursaluna\n|-damage|p1a: Ursaluna|49\/100\n|-unboost|p2b: Krookodile|def|1\n|-unboost|p2b: Krookodile|spd|1\n|move|p2a: Chi-Yu|Lava Plume|p1b: Arboliva|[spread] p2b,p1a,p1b\n|-supereffective|p1b: Arboliva\n|-crit|p1b: Arboliva\n|-damage|p2b: Krookodile|19\/100\n|-damage|p1a: Ursaluna|2\/100\n|-damage|p1b: Arboliva|0 fnt\n|-fieldstart|move: Grassy Terrain|[from] ability: Seed Sower|[of] p1b: Arboliva\n|-enditem|p1a: Ursaluna|Grassy Seed\n|-boost|p1a: Ursaluna|def|1|[from] item: Grassy Seed\n|faint|p1b: Arboliva\n|move|p1a: Ursaluna|Earth Power|p2a: Chi-Yu\n|-supereffective|p2a: Chi-Yu\n|-damage|p2a: Chi-Yu|24\/100\n|\n|-heal|p2b: Krookodile|25\/100|[from] Grassy Terrain\n|-heal|p2a: Chi-Yu|30\/100|[from] Grassy Terrain\n|-heal|p1a: Ursaluna|8\/100|[from] Grassy Terrain\n|upkeep\n|\n|t:|1700849398\n|switch|p1b: Sinistcha|Sinistcha, shiny|100\/100\n|turn|5\n|\n|t:|1700849421\n|-terastallize|p1b: Sinistcha|Fire\n|move|p2b: Krookodile|Close Combat|p1a: Ursaluna\n|-supereffective|p1a: Ursaluna\n|-damage|p1a: Ursaluna|0 fnt\n|-unboost|p2b: Krookodile|def|1\n|-unboost|p2b: Krookodile|spd|1\n|faint|p1a: Ursaluna\n|-ability|p2b: Krookodile|Moxie|boost\n|-boost|p2b: Krookodile|atk|1\n|move|p2a: Chi-Yu|Fire Blast|p1b: Sinistcha\n|-resisted|p1b: Sinistcha\n|-damage|p1b: Sinistcha|78\/100\n|move|p1b: Sinistcha|Matcha Gotcha|p2b: Krookodile|[spread] p2a,p2b\n|-resisted|p2a: Chi-Yu\n|-supereffective|p2b: Krookodile\n|-damage|p2a: Chi-Yu|18\/100\n|-heal|p1b: Sinistcha|82\/100|[from] drain|[of] p2a: Chi-Yu\n|-damage|p2b: Krookodile|0 fnt\n|-heal|p1b: Sinistcha|94\/100|[from] drain|[of] p2b: Krookodile\n|faint|p2b: Krookodile\n|\n|-heal|p2a: Chi-Yu|24\/100|[from] Grassy Terrain\n|-heal|p1b: Sinistcha|99\/100|[from] Grassy Terrain\n|upkeep\n|\n|t:|1700849448\n|switch|p2b: Fro-Yo|Muk-Alola, M, shiny|100\/100\n|turn|6\n|\n|t:|1700849463\n|move|p2a: Chi-Yu|Ruination|p1b: Sinistcha\n|-damage|p1b: Sinistcha|50\/100\n|move|p1b: Sinistcha|Matcha Gotcha|p2b: Fro-Yo|[spread] p2b\n|-miss|p1b: Sinistcha|p2a: Chi-Yu\n|-resisted|p2b: Fro-Yo\n|-damage|p2b: Fro-Yo|83\/100\n|-heal|p1b: Sinistcha|61\/100|[from] drain|[of] p2b: Fro-Yo\n|move|p2b: Fro-Yo|Knock Off|p1b: Sinistcha\n|-damage|p1b: Sinistcha|27\/100\n|-damage|p2b: Fro-Yo|66\/100|[from] item: Rocky Helmet|[of] p1b: Sinistcha\n|-status|p1b: Sinistcha|psn|[from] ability: Poison Touch|[of] p2b: Fro-Yo\n|-enditem|p1b: Sinistcha|Rocky Helmet|[from] move: Knock Off|[of] p2b: Fro-Yo\n|\n|-heal|p2a: Chi-Yu|30\/100|[from] Grassy Terrain\n|-heal|p1b: Sinistcha|33\/100 psn|[from] Grassy Terrain\n|-heal|p2b: Fro-Yo|72\/100|[from] Grassy Terrain\n|-heal|p2b: Fro-Yo|78\/100|[from] item: Leftovers\n|-damage|p1b: Sinistcha|21\/100 psn|[from] psn\n|upkeep\n|turn|7\n|c|\u2606WaffleMan80|shit gg\n|-message|WaffleMan80 forfeited.\n|\n|win|UnluckyFoxRot\n|raw|WaffleMan80's rating: 1085 &rarr; <strong>1057<\/strong><br \/>(-28 for losing)\n|raw|UnluckyFoxRot's rating: 1007 &rarr; <strong>1055<\/strong><br \/>(+48 for winning)\n|l|\u2606WaffleMan80\n","uploadtime":1700849527,"views":2,"p1id":"waffleman80","p2id":"unluckyfoxrot","formatid":"gen9doublesou","rating":1055,"private":0,"password":""}