{"id":"gen9doublesou-1992928603","p1":"Blonking","p2":"Frozonoba","format":"[Gen 9] Doubles OU","log":"|j|\u2606Blonking\n|j|\u2606Frozonoba\n|inactive|Battle timer is ON: inactive players will automatically lose when time's up.\n|t:|1700247652\n|gametype|doubles\n|player|p1|Blonking|265|\n|player|p2|Frozonoba|unknown|\n|teamsize|p1|6\n|teamsize|p2|6\n|gen|9\n|tier|[Gen 9] Doubles OU\n|rated|Tournament battle\n|rule|Species Clause: Limit one of each Pok\u00e9mon\n|rule|OHKO Clause: OHKO moves are banned\n|rule|Evasion Moves Clause: Evasion moves are banned\n|rule|Gravity Sleep Clause: The combination of sleep-inducing moves with imperfect accuracy and Gravity or Gigantamax Orbeetle are banned\n|rule|Endless Battle Clause: Forcing endless battles is banned\n|rule|HP Percentage Mod: HP is shown in percentages\n|clearpoke\n|poke|p1|Poltchageist|\n|poke|p1|Wooper-Paldea, F|\n|poke|p1|Clauncher, F|\n|poke|p1|Polteageist|\n|poke|p1|Fennekin, F|\n|poke|p1|Clefairy, F|\n|poke|p2|Vigoroth, F|\n|poke|p2|Zorua-Hisui, M|\n|poke|p2|Mightyena, M|\n|poke|p2|Igglybuff, F|\n|poke|p2|Marill, M|\n|poke|p2|Drakloak, M|\n|teampreview\n|j|*Lady Monita \u2746\n|inactive|Blonking also wants the timer to be on.\n|l|\u2606Blonking\n|inactive|Blonking disconnected and has a minute to reconnect!\n|player|p1|\n|inactive|Frozonoba has 120 seconds left.\n|\n|t:|1700247695\n|start\n|switch|p1a: Polteageist|Polteageist|100\/100\n|switch|p1b: Poltchageist|Poltchageist|100\/100\n|switch|p2a: Mightyena|Mightyena, M|100\/100\n|switch|p2b: Igglybuff|Igglybuff, F|100\/100\n|turn|1\n|j|\u2606Blonking\n|inactive|Blonking reconnected and has 150 seconds left.\n|player|p1|Blonking|265\n|\n|t:|1700247708\n|move|p1b: Poltchageist|Rage Powder|p1b: Poltchageist\n|-singleturn|p1b: Poltchageist|move: Rage Powder\n|move|p2a: Mightyena|Trick|p1b: Poltchageist\n|-activate|p2a: Mightyena|move: Trick|[of] p1b: Poltchageist\n|-item|p1b: Poltchageist|Toxic Orb|[from] move: Trick\n|-item|p2a: Mightyena|Eviolite|[from] move: Trick\n|move|p1a: Polteageist|Shell Smash|p1a: Polteageist\n|-unboost|p1a: Polteageist|def|1\n|-unboost|p1a: Polteageist|spd|1\n|-boost|p1a: Polteageist|atk|2\n|-boost|p1a: Polteageist|spa|2\n|-boost|p1a: Polteageist|spe|2\n|move|p2b: Igglybuff|Thunder Wave|p1b: Poltchageist\n|-status|p1b: Poltchageist|par\n|\n|upkeep\n|turn|2\n|j|%sirDono\n|\n|t:|1700247720\n|-terastallize|p1a: Polteageist|Fighting\n|cant|p1b: Poltchageist|par\n|move|p1a: Polteageist|Tera Blast|p2a: Mightyena|[anim] Tera Blast Fighting\n|-immune|p2a: Mightyena\n|move|p2a: Mightyena|Bitter Malice|p1a: Polteageist\n|-damage|p1a: Polteageist|44\/100\n|-unboost|p1a: Polteageist|atk|1\n|-start|p2a: Mightyena|Disable|Bitter Malice|[from] ability: Cursed Body|[of] p1a: Polteageist\n|move|p2b: Igglybuff|Icy Wind|p1a: Polteageist|[spread] p1a,p1b\n|-supereffective|p1b: Poltchageist\n|-damage|p1a: Polteageist|35\/100\n|-damage|p1b: Poltchageist|87\/100 par\n|-unboost|p1a: Polteageist|spe|1\n|-unboost|p1b: Poltchageist|spe|1\n|\n|upkeep\n|turn|3\n|\n|t:|1700247738\n|move|p1b: Poltchageist|Rage Powder|p1b: Poltchageist\n|-singleturn|p1b: Poltchageist|move: Rage Powder\n|move|p1a: Polteageist|Stored Power|p2a: Mightyena\n|-damage|p2a: Mightyena|0 fnt\n|replace|p2a: Zorua|Zorua-Hisui, M\n|-end|p2a: Zorua|Illusion\n|faint|p2a: Zorua\n|move|p2b: Igglybuff|Icy Wind|p1a: Polteageist|[spread] p1a,p1b\n|-supereffective|p1b: Poltchageist\n|-damage|p1a: Polteageist|27\/100\n|-damage|p1b: Poltchageist|76\/100 par\n|-unboost|p1a: Polteageist|spe|1\n|-unboost|p1b: Poltchageist|spe|1\n|\n|upkeep\n|inactive|Frozonoba has 120 seconds left.\n|\n|t:|1700247766\n|switch|p2a: Marill|Marill, M|100\/100\n|turn|4\n|\n|t:|1700247773\n|move|p2a: Marill|Protect|p2a: Marill\n|-singleturn|p2a: Marill|Protect\n|move|p1b: Poltchageist|Rage Powder|p1b: Poltchageist\n|-singleturn|p1b: Poltchageist|move: Rage Powder\n|move|p1a: Polteageist|Shell Smash|p1a: Polteageist\n|-unboost|p1a: Polteageist|def|1\n|-unboost|p1a: Polteageist|spd|1\n|-boost|p1a: Polteageist|atk|2\n|-boost|p1a: Polteageist|spa|2\n|-boost|p1a: Polteageist|spe|2\n|move|p2b: Igglybuff|Thunder Wave|p1b: Poltchageist\n|-fail|p1b: Poltchageist|par\n|\n|upkeep\n|turn|5\n|\n|t:|1700247783\n|move|p1b: Poltchageist|Rage Powder|p1b: Poltchageist\n|-singleturn|p1b: Poltchageist|move: Rage Powder\n|move|p2a: Marill|Aqua Jet|p1b: Poltchageist\n|-resisted|p1b: Poltchageist\n|-damage|p1b: Poltchageist|55\/100 par\n|move|p1a: Polteageist|Stored Power|p2a: Marill\n|-damage|p2a: Marill|0 fnt\n|faint|p2a: Marill\n|move|p2b: Igglybuff|Icy Wind|p1b: Poltchageist|[spread] p1a,p1b\n|-supereffective|p1b: Poltchageist\n|-damage|p1a: Polteageist|17\/100\n|-damage|p1b: Poltchageist|43\/100 par\n|-unboost|p1a: Polteageist|spe|1\n|-unboost|p1b: Poltchageist|spe|1\n|\n|upkeep\n|\n|t:|1700247794\n|switch|p2a: Vigoroth|Vigoroth, F|100\/100\n|turn|6\n|\n|t:|1700247800\n|cant|p1b: Poltchageist|par\n|move|p1a: Polteageist|Tera Blast|p2a: Vigoroth|[anim] Tera Blast Fighting\n|-supereffective|p2a: Vigoroth\n|-damage|p2a: Vigoroth|0 fnt\n|faint|p2a: Vigoroth\n|move|p2b: Igglybuff|Icy Wind|p1b: Poltchageist|[spread] p1a,p1b\n|-supereffective|p1b: Poltchageist\n|-damage|p1a: Polteageist|5\/100\n|-damage|p1b: Poltchageist|31\/100 par\n|-unboost|p1a: Polteageist|spe|1\n|-unboost|p1b: Poltchageist|spe|1\n|-start|p2b: Igglybuff|Disable|Icy Wind|[from] ability: Cursed Body|[of] p1a: Polteageist\n|\n|upkeep\n|\n|t:|1700247810\n|switch|p2a: Mightyena|Mightyena, M|100\/100\n|-ability|p2a: Mightyena|Intimidate|boost\n|-unboost|p1a: Polteageist|atk|1\n|-unboost|p1b: Poltchageist|atk|1\n|turn|7\n|c|\u2606Blonking|ayooo\n|\n|t:|1700247825\n|switch|p2b: Drakloak|Drakloak, M|100\/100\n|move|p2a: Mightyena|Protect|p2a: Mightyena\n|-singleturn|p2a: Mightyena|Protect\n|cant|p1b: Poltchageist|par\n|move|p1a: Polteageist|Tera Blast|p2a: Mightyena|[anim] Tera Blast Fighting\n|-activate|p2a: Mightyena|move: Protect\n|\n|upkeep\n|turn|8\n|\n|t:|1700247847\n|-terastallize|p2a: Mightyena|Fairy\n|move|p1b: Poltchageist|Rage Powder|p1b: Poltchageist\n|-singleturn|p1b: Poltchageist|move: Rage Powder\n|move|p2b: Drakloak|Flamethrower|p1b: Poltchageist\n|-supereffective|p1b: Poltchageist\n|-damage|p1b: Poltchageist|0 fnt\n|faint|p1b: Poltchageist\n|move|p2a: Mightyena|Play Rough|p1a: Polteageist\n|-supereffective|p1a: Polteageist\n|-damage|p1a: Polteageist|0 fnt\n|-start|p2a: Mightyena|Disable|Play Rough|[from] ability: Cursed Body|[of] p1a: Polteageist\n|faint|p1a: Polteageist\n|\n|upkeep\n|\n|t:|1700247859\n|switch|p1a: Clefairy|Clefairy, F|100\/100\n|switch|p1b: Fennekin|Fennekin, F|100\/100\n|turn|9\n|c|\u2606Blonking|BABY TIME\n|inactive|Frozonoba has 120 seconds left.\n|\n|t:|1700247901\n|move|p1a: Clefairy|Follow Me|p1a: Clefairy\n|-singleturn|p1a: Clefairy|move: Follow Me\n|move|p2b: Drakloak|Shadow Ball|p1a: Clefairy\n|-damage|p1a: Clefairy|77\/100\n|-unboost|p1a: Clefairy|spd|1\n|move|p2a: Mightyena|Psychic Fangs|p1a: Clefairy\n|-damage|p1a: Clefairy|54\/100\n|move|p1b: Fennekin|Overheat|p2a: Mightyena\n|-damage|p2a: Mightyena|0 fnt\n|-unboost|p1b: Fennekin|spa|2\n|faint|p2a: Mightyena\n|\n|upkeep\n|c|\u2606Blonking|oh shoot this is the finals???\n|\n|t:|1700247911\n|switch|p2a: Igglybuff|Igglybuff, F|100\/100\n|turn|10\n|inactive|Frozonoba has 120 seconds left.\n|\n|t:|1700247929\n|switch|p1b: Wooper|Wooper-Paldea, F|100\/100\n|switch|p1a: Clauncher|Clauncher, F|100\/100\n|move|p2b: Drakloak|Shadow Ball|p1a: Clauncher\n|-crit|p1a: Clauncher\n|-damage|p1a: Clauncher|28\/100\n|move|p2a: Igglybuff|Thunder Wave|p1b: Wooper\n|-immune|p1b: Wooper\n|\n|upkeep\n|turn|11\n|\n|t:|1700247943\n|move|p2b: Drakloak|Shadow Ball|p1a: Clauncher\n|-damage|p1a: Clauncher|0 fnt\n|faint|p1a: Clauncher\n|move|p2a: Igglybuff|Icy Wind|p1b: Wooper\n|-supereffective|p1b: Wooper\n|-damage|p1b: Wooper|78\/100\n|-unboost|p1b: Wooper|spe|1\n|move|p1b: Wooper|Curse|p1b: Wooper\n|-unboost|p1b: Wooper|spe|1\n|-boost|p1b: Wooper|atk|1\n|-boost|p1b: Wooper|def|1\n|\n|upkeep\n|\n|t:|1700247952\n|switch|p1a: Clefairy|Clefairy, F|54\/100\n|turn|12\n|\n|t:|1700247969\n|switch|p1b: Fennekin|Fennekin, F|100\/100\n|move|p2a: Igglybuff|Helping Hand|p2b: Drakloak\n|-singleturn|p2b: Drakloak|Helping Hand|[of] p2a: Igglybuff\n|move|p1a: Clefairy|Protect|p1a: Clefairy\n|-singleturn|p1a: Clefairy|Protect\n|move|p2b: Drakloak|Shadow Ball|p1a: Clefairy\n|-activate|p1a: Clefairy|move: Protect\n|\n|upkeep\n|turn|13\n|inactive|Blonking has 120 seconds left.\n|\n|t:|1700248004\n|move|p1a: Clefairy|Helping Hand|p1b: Fennekin\n|-singleturn|p1b: Fennekin|Helping Hand|[of] p1a: Clefairy\n|move|p2b: Drakloak|Shadow Ball|p1b: Fennekin\n|-damage|p1b: Fennekin|64\/100\n|move|p1b: Fennekin|Psychic|p2b: Drakloak\n|-damage|p2b: Drakloak|46\/100\n|move|p2a: Igglybuff|Thunder Wave|p1b: Fennekin\n|-status|p1b: Fennekin|par\n|\n|upkeep\n|turn|14\n|\n|t:|1700248020\n|move|p1a: Clefairy|Helping Hand|p1b: Fennekin\n|-singleturn|p1b: Fennekin|Helping Hand|[of] p1a: Clefairy\n|move|p2b: Drakloak|Shadow Ball|p1a: Clefairy\n|-damage|p1a: Clefairy|31\/100\n|move|p1b: Fennekin|Psychic|p2b: Drakloak\n|-damage|p2b: Drakloak|0 fnt\n|faint|p2b: Drakloak\n|move|p2a: Igglybuff|Heal Pulse|p2: Drakloak|[notarget]\n|-fail|p2a: Igglybuff\n|\n|upkeep\n|turn|15\n|\n|t:|1700248029\n|move|p1a: Clefairy|Moonlight|p1a: Clefairy\n|-heal|p1a: Clefairy|81\/100\n|move|p1b: Fennekin|Psychic|p2a: Igglybuff\n|-damage|p2a: Igglybuff|72\/100\n|move|p2a: Igglybuff|Icy Wind|p1a: Clefairy|[spread] p1a,p1b\n|-resisted|p1b: Fennekin\n|-damage|p1a: Clefairy|76\/100\n|-damage|p1b: Fennekin|61\/100 par\n|-unboost|p1a: Clefairy|spe|1\n|-unboost|p1b: Fennekin|spe|1\n|\n|upkeep\n|turn|16\n|-message|Frozonoba forfeited.\n|\n|win|Blonking\n|n|\u2606Frozonoba|frozonoba\n|n|*Lady Monita \u2746|ladymonita\n|n|\u2606Blonking|blonking\n|n| sirDono|sirdono\n","uploadtime":1700248036,"views":23,"p1id":"blonking","p2id":"frozonoba","formatid":"gen9doublesou","rating":0,"private":0,"password":""}