{"id":"gen9doublesou-1989808393","p1":"TanukiSenpai","p2":"IMGETTINGCOOKED","format":"[Gen 9] Doubles OU","log":"|j|\u2606TanukiSenpai\n|j|\u2606IMGETTINGCOOKED\n|t:|1699897475\n|gametype|doubles\n|player|p1|TanukiSenpai|bruno|1042\n|player|p2|IMGETTINGCOOKED|brycen|1119\n|teamsize|p1|6\n|teamsize|p2|6\n|gen|9\n|tier|[Gen 9] Doubles OU\n|rated|\n|rule|Species Clause: Limit one of each Pok\u00e9mon\n|rule|OHKO Clause: OHKO moves are banned\n|rule|Evasion Moves Clause: Evasion moves are banned\n|rule|Gravity Sleep Clause: The combination of sleep-inducing moves with imperfect accuracy and Gravity or Gigantamax Orbeetle are banned\n|rule|Endless Battle Clause: Forcing endless battles is banned\n|rule|HP Percentage Mod: HP is shown in percentages\n|clearpoke\n|poke|p1|Cresselia, F|\n|poke|p1|Ninetales-Alola, F|\n|poke|p1|Heatran, F|\n|poke|p1|Amoonguss, F|\n|poke|p1|Ogerpon-Cornerstone, F|\n|poke|p1|Sinistcha-Masterpiece|\n|poke|p2|Zapdos|\n|poke|p2|Grimmsnarl, M|\n|poke|p2|Basculegion-F, F|\n|poke|p2|Goodra-Hisui, F|\n|poke|p2|Politoed, M|\n|poke|p2|Tsareena, F|\n|teampreview\n|inactive|Battle timer is ON: inactive players will automatically lose when time's up. (requested by TanukiSenpai)\n|\n|t:|1699897482\n|start\n|switch|p1a: Cresselia|Cresselia, F|100\/100\n|switch|p1b: Ninetales|Ninetales-Alola, F|100\/100\n|switch|p2a: Grimmsnarl|Grimmsnarl, M|100\/100\n|switch|p2b: Tsareena|Tsareena, F|100\/100\n|-weather|Snow|[from] ability: Snow Warning|[of] p1b: Ninetales\n|turn|1\n|\n|t:|1699897501\n|move|p2a: Grimmsnarl|Reflect|p2a: Grimmsnarl\n|-sidestart|p2: IMGETTINGCOOKED|Reflect\n|move|p1b: Ninetales|Aurora Veil|p1b: Ninetales\n|-sidestart|p1: TanukiSenpai|move: Aurora Veil\n|move|p1a: Cresselia|Icy Wind|p2a: Grimmsnarl|[spread] p2a,p2b\n|-supereffective|p2b: Tsareena\n|-damage|p2a: Grimmsnarl|93\/100\n|-damage|p2b: Tsareena|92\/100\n|-unboost|p2a: Grimmsnarl|spe|1\n|-unboost|p2b: Tsareena|spe|1\n|move|p2b: Tsareena|U-turn|p1a: Cresselia\n|-supereffective|p1a: Cresselia\n|-damage|p1a: Cresselia|84\/100\n|\n|t:|1699897514\n|switch|p2b: James Murray|Goodra-Hisui, F|100\/100|[from] U-turn\n|\n|-weather|Snow|[upkeep]\n|-heal|p1a: Cresselia|90\/100|[from] item: Leftovers\n|upkeep\n|turn|2\n|\n|t:|1699897542\n|switch|p1a: Amoonguss|Amoonguss, F|100\/100\n|move|p2a: Grimmsnarl|Light Screen|p2a: Grimmsnarl\n|-sidestart|p2: IMGETTINGCOOKED|move: Light Screen\n|move|p1b: Ninetales|Nasty Plot|p1b: Ninetales\n|-boost|p1b: Ninetales|spa|2\n|move|p2b: James Murray|Acid Spray|p1b: Ninetales\n|-supereffective|p1b: Ninetales\n|-damage|p1b: Ninetales|86\/100\n|-unboost|p1b: Ninetales|spd|2\n|\n|-weather|Snow|[upkeep]\n|upkeep\n|turn|3\n|\n|t:|1699897565\n|switch|p2a: Big Bird|Zapdos|100\/100\n|move|p1b: Ninetales|Nasty Plot|p1b: Ninetales\n|-boost|p1b: Ninetales|spa|2\n|move|p2b: James Murray|Acid Spray|p1b: Ninetales\n|-supereffective|p1b: Ninetales\n|-damage|p1b: Ninetales|59\/100\n|-unboost|p1b: Ninetales|spd|2\n|move|p1a: Amoonguss|Spore|p2b: James Murray\n|-ability|p2b: James Murray|Sap Sipper|boost\n|-boost|p2b: James Murray|atk|1\n|\n|-weather|Snow|[upkeep]\n|upkeep\n|turn|4\n|\n|t:|1699897591\n|move|p1a: Amoonguss|Rage Powder|p1a: Amoonguss\n|-singleturn|p1a: Amoonguss|move: Rage Powder\n|move|p1b: Ninetales|Nasty Plot|p1b: Ninetales\n|-boost|p1b: Ninetales|spa|2\n|move|p2a: Big Bird|Hurricane|p1a: Amoonguss\n|-supereffective|p1a: Amoonguss\n|-damage|p1a: Amoonguss|13\/100\n|move|p2b: James Murray|Acid Spray|p1a: Amoonguss\n|-crit|p1a: Amoonguss\n|-damage|p1a: Amoonguss|0 fnt\n|faint|p1a: Amoonguss\n|\n|-weather|Snow|[upkeep]\n|upkeep\n|inactive|TanukiSenpai has 120 seconds left.\n|\n|t:|1699897608\n|switch|p1a: Sinistcha|Sinistcha-Masterpiece|100\/100\n|-heal|p1b: Ninetales|84\/100|[from] ability: Hospitality|[of] p1a: Sinistcha\n|turn|5\n|inactive|TanukiSenpai has 120 seconds left.\n|\n|t:|1699897630\n|move|p1b: Ninetales|Baton Pass|p1b: Ninetales\n|inactive|TanukiSenpai has 120 seconds left.\n|\n|t:|1699897640\n|switch|p1b: Heatran|Heatran, F|100\/100|[from] Baton Pass\n|move|p2a: Big Bird|Hurricane|p1a: Sinistcha\n|-supereffective|p1a: Sinistcha\n|-damage|p1a: Sinistcha|0 fnt\n|faint|p1a: Sinistcha\n|move|p2b: James Murray|Acid Spray|p1b: Heatran\n|-immune|p1b: Heatran\n|\n|-weather|none\n|upkeep\n|inactive|TanukiSenpai has 120 seconds left.\n|\n|t:|1699897651\n|switch|p1a: Cresselia|Cresselia, F|90\/100\n|turn|6\n|\n|t:|1699897663\n|move|p2a: Big Bird|Thunder|p1b: Heatran|[miss]\n|-miss|p2a: Big Bird|p1b: Heatran\n|move|p1b: Heatran|Heat Wave|p2a: Big Bird|[spread] p2a,p2b\n|-damage|p2a: Big Bird|0 fnt\n|-damage|p2b: James Murray|44\/100\n|faint|p2a: Big Bird\n|move|p2b: James Murray|Dragon Pulse|p1b: Heatran\n|-resisted|p1b: Heatran\n|-damage|p1b: Heatran|76\/100\n|move|p1a: Cresselia|Trick Room|p1a: Cresselia\n|-fieldstart|move: Trick Room|[of] p1a: Cresselia\n|\n|-heal|p1a: Cresselia|96\/100|[from] item: Leftovers\n|upkeep\n|\n|t:|1699897679\n|switch|p2a: Tsareena|Tsareena, F|92\/100\n|turn|7\n|\n|t:|1699897690\n|move|p2b: James Murray|Life Dew|p2b: James Murray|[spread] p2a,p2b\n|-heal|p2a: Tsareena|100\/100\n|-heal|p2b: James Murray|69\/100\n|move|p2a: Tsareena|High Jump Kick|p1b: Heatran\n|-supereffective|p1b: Heatran\n|-damage|p1b: Heatran|30\/100\n|move|p1b: Heatran|Heat Wave|p2b: James Murray|[spread] p2a,p2b\n|-supereffective|p2a: Tsareena\n|-crit|p2a: Tsareena\n|-damage|p2a: Tsareena|0 fnt\n|-damage|p2b: James Murray|5\/100\n|-enditem|p2b: James Murray|Iapapa Berry|[eat]\n|-heal|p2b: James Murray|38\/100|[from] item: Iapapa Berry\n|faint|p2a: Tsareena\n|move|p1a: Cresselia|Lunar Blessing|p1a: Cresselia|[spread] p1a,p1b\n|-heal|p1a: Cresselia|100\/100\n|-heal|p1b: Heatran|55\/100\n|\n|upkeep\n|\n|t:|1699897702\n|switch|p2a: Kermit the Frog|Politoed, M|100\/100\n|-weather|RainDance|[from] ability: Drizzle|[of] p2a: Kermit the Frog\n|turn|8\n|\n|t:|1699897719\n|-terastallize|p1b: Heatran|Grass\n|move|p2b: James Murray|Life Dew||[still]|[spread] p2a,p2b\n|-fail|p2a: Kermit the Frog|heal\n|-heal|p2b: James Murray|63\/100\n|move|p2a: Kermit the Frog|Surf|p1a: Cresselia|[spread] p2b,p1a,p1b\n|-resisted|p2b: James Murray\n|-resisted|p1b: Heatran\n|-damage|p2b: James Murray|57\/100\n|-damage|p1a: Cresselia|87\/100\n|-damage|p1b: Heatran|34\/100\n|move|p1b: Heatran|Rock Slide|p2b: James Murray|[spread] p2a\n|-miss|p1b: Heatran|p2b: James Murray\n|-damage|p2a: Kermit the Frog|94\/100\n|move|p1a: Cresselia|Lunar Blessing|p1a: Cresselia|[spread] p1a,p1b\n|-heal|p1a: Cresselia|100\/100\n|-heal|p1b: Heatran|59\/100\n|\n|-weather|RainDance|[upkeep]\n|-sideend|p2: IMGETTINGCOOKED|Reflect\n|-sideend|p1: TanukiSenpai|move: Aurora Veil\n|upkeep\n|turn|9\n|\n|t:|1699897742\n|move|p2b: James Murray|Dragon Pulse|p1b: Heatran\n|-damage|p1b: Heatran|0 fnt\n|faint|p1b: Heatran\n|move|p2a: Kermit the Frog|Surf|p1a: Cresselia|[spread] p2b,p1a\n|-resisted|p2b: James Murray\n|-damage|p2b: James Murray|51\/100\n|-damage|p1a: Cresselia|81\/100\n|move|p1a: Cresselia|Lunar Blessing|p1a: Cresselia\n|-heal|p1a: Cresselia|100\/100\n|\n|-weather|RainDance|[upkeep]\n|-sideend|p2: IMGETTINGCOOKED|move: Light Screen\n|upkeep\n|\n|t:|1699897753\n|switch|p1b: Ogerpon|Ogerpon-Cornerstone, F|100\/100\n|turn|10\n|\n|t:|1699897761\n|move|p1b: Ogerpon|Spiky Shield|p1b: Ogerpon\n|-singleturn|p1b: Ogerpon|move: Protect\n|move|p2b: James Murray|Life Dew|p2b: James Murray|[spread] p2a,p2b\n|-heal|p2a: Kermit the Frog|100\/100\n|-heal|p2b: James Murray|76\/100\n|move|p2a: Kermit the Frog|Icy Wind|p1b: Ogerpon|[spread] p1a\n|-activate|p1b: Ogerpon|move: Protect\n|-damage|p1a: Cresselia|96\/100\n|-unboost|p1a: Cresselia|spe|1\n|move|p1a: Cresselia|Dazzling Gleam|p2a: Kermit the Frog|[spread] p2a,p2b\n|-damage|p2a: Kermit the Frog|92\/100\n|-damage|p2b: James Murray|70\/100\n|\n|-weather|RainDance|[upkeep]\n|-heal|p1a: Cresselia|100\/100|[from] item: Leftovers\n|-fieldend|move: Trick Room\n|upkeep\n|turn|11\n|\n|t:|1699897788\n|move|p2a: Kermit the Frog|Helping Hand|p2b: James Murray\n|-singleturn|p2b: James Murray|Helping Hand|[of] p2a: Kermit the Frog\n|move|p1b: Ogerpon|Horn Leech|p2a: Kermit the Frog\n|-supereffective|p2a: Kermit the Frog\n|-crit|p2a: Kermit the Frog\n|-damage|p2a: Kermit the Frog|0 fnt\n|faint|p2a: Kermit the Frog\n|move|p2b: James Murray|Flash Cannon|p1b: Ogerpon\n|-supereffective|p1b: Ogerpon\n|-ability|p1b: Ogerpon|Sturdy\n|-damage|p1b: Ogerpon|1\/100\n|move|p1a: Cresselia|Icy Wind|p2b: James Murray\n|-damage|p2b: James Murray|64\/100\n|-unboost|p2b: James Murray|spe|1\n|\n|-weather|RainDance|[upkeep]\n|upkeep\n|\n|t:|1699897800\n|switch|p2a: Grimmsnarl|Grimmsnarl, M|93\/100\n|turn|12\n|\n|t:|1699897809\n|move|p1b: Ogerpon|Spiky Shield|p1b: Ogerpon\n|-singleturn|p1b: Ogerpon|move: Protect\n|move|p2a: Grimmsnarl|Fake Out|p1b: Ogerpon\n|-activate|p1b: Ogerpon|move: Protect\n|-damage|p2a: Grimmsnarl|80\/100|[from] Spiky Shield|[of] p1b: Ogerpon\n|move|p1a: Cresselia|Dazzling Gleam|p2b: James Murray|[spread] p2a,p2b\n|-supereffective|p2a: Grimmsnarl\n|-damage|p2a: Grimmsnarl|60\/100\n|-damage|p2b: James Murray|58\/100\n|move|p2b: James Murray|Acid Spray|p1a: Cresselia\n|-crit|p1a: Cresselia\n|-damage|p1a: Cresselia|90\/100\n|-unboost|p1a: Cresselia|spd|2\n|\n|-weather|RainDance|[upkeep]\n|-heal|p1a: Cresselia|96\/100|[from] item: Leftovers\n|upkeep\n|turn|13\n|\n|t:|1699897831\n|switch|p1b: Ninetales|Ninetales-Alola, F|84\/100\n|-weather|Snow|[from] ability: Snow Warning|[of] p1b: Ninetales\n|move|p2a: Grimmsnarl|Spirit Break|p1b: Ninetales\n|-damage|p1b: Ninetales|54\/100\n|-unboost|p1b: Ninetales|spa|1\n|move|p2b: James Murray|Acid Spray|p1a: Cresselia\n|-damage|p1a: Cresselia|82\/100\n|-unboost|p1a: Cresselia|spd|2\n|move|p1a: Cresselia|Trick Room|p1a: Cresselia\n|-fieldstart|move: Trick Room|[of] p1a: Cresselia\n|\n|-weather|Snow|[upkeep]\n|-heal|p1a: Cresselia|88\/100|[from] item: Leftovers\n|upkeep\n|turn|14\n|\n|t:|1699897853\n|move|p2b: James Murray|Flash Cannon|p1b: Ninetales\n|-supereffective|p1b: Ninetales\n|-damage|p1b: Ninetales|0 fnt\n|faint|p1b: Ninetales\n|move|p1a: Cresselia|Lunar Blessing|p1a: Cresselia\n|-heal|p1a: Cresselia|100\/100\n|move|p2a: Grimmsnarl|Spirit Break|p1a: Cresselia\n|-damage|p1a: Cresselia|79\/100\n|-unboost|p1a: Cresselia|spa|1\n|\n|-weather|Snow|[upkeep]\n|-heal|p1a: Cresselia|85\/100|[from] item: Leftovers\n|upkeep\n|\n|t:|1699897864\n|switch|p1b: Ogerpon|Ogerpon-Cornerstone, F|1\/100\n|turn|15\n|\n|t:|1699897871\n|move|p1b: Ogerpon|Spiky Shield|p1b: Ogerpon\n|-singleturn|p1b: Ogerpon|move: Protect\n|move|p2b: James Murray|Dragon Pulse|p1a: Cresselia\n|-damage|p1a: Cresselia|24\/100\n|move|p1a: Cresselia|Lunar Blessing|p1a: Cresselia|[spread] p1a,p1b\n|-heal|p1a: Cresselia|49\/100\n|-heal|p1b: Ogerpon|26\/100\n|move|p2a: Grimmsnarl|Spirit Break|p1b: Ogerpon\n|-activate|p1b: Ogerpon|move: Protect\n|-damage|p2a: Grimmsnarl|48\/100|[from] Spiky Shield|[of] p1b: Ogerpon\n|\n|-weather|Snow|[upkeep]\n|-heal|p1a: Cresselia|55\/100|[from] item: Leftovers\n|upkeep\n|turn|16\n|\n|t:|1699897893\n|move|p1b: Ogerpon|Spiky Shield||[still]\n|-fail|p1b: Ogerpon\n|move|p2b: James Murray|Dragon Pulse|p1a: Cresselia\n|-damage|p1a: Cresselia|0 fnt\n|faint|p1a: Cresselia\n|move|p2a: Grimmsnarl|Spirit Break|p1b: Ogerpon\n|-damage|p1b: Ogerpon|0 fnt\n|faint|p1b: Ogerpon\n|\n|win|IMGETTINGCOOKED\n|raw|TanukiSenpai's rating: 1042 &rarr; <strong>1029<\/strong><br \/>(-13 for losing)\n|raw|IMGETTINGCOOKED's rating: 1119 &rarr; <strong>1139<\/strong><br \/>(+20 for winning)\n|l|\u2606TanukiSenpai\n","uploadtime":1699897900,"views":11,"p1id":"tanukisenpai","p2id":"imgettingcooked","formatid":"gen9doublesou","rating":1029,"private":0,"password":""}