{"id":"gen9doublesou-1985299351","p1":"cotesmcgotes","p2":"defl1ght","format":"[Gen 9] Doubles OU","log":"|j|\u2606cotesmcgotes\n|j|\u2606defl1ght\n|t:|1699361784\n|gametype|doubles\n|player|p1|cotesmcgotes|flannery|1217\n|player|p2|defl1ght|265|1314\n|teamsize|p1|6\n|teamsize|p2|6\n|gen|9\n|tier|[Gen 9] Doubles OU\n|rated|\n|rule|Species Clause: Limit one of each Pok\u00e9mon\n|rule|OHKO Clause: OHKO moves are banned\n|rule|Evasion Moves Clause: Evasion moves are banned\n|rule|Gravity Sleep Clause: The combination of sleep-inducing moves with imperfect accuracy and Gravity or Gigantamax Orbeetle are banned\n|rule|Endless Battle Clause: Forcing endless battles is banned\n|rule|HP Percentage Mod: HP is shown in percentages\n|clearpoke\n|poke|p1|Cresselia, F|\n|poke|p1|Tsareena, F|\n|poke|p1|Chien-Pao|\n|poke|p1|Gliscor, M|\n|poke|p1|Ursaluna-Bloodmoon, M|\n|poke|p1|Walking Wake|\n|poke|p2|Diancie, L99|\n|poke|p2|Flutter Mane|\n|poke|p2|Iron Hands|\n|poke|p2|Jigglypuff, L99, M|\n|poke|p2|Landorus-Therian, M|\n|poke|p2|Moltres-Galar|\n|teampreview\n|inactive|Battle timer is ON: inactive players will automatically lose when time's up. (requested by defl1ght)\n|\n|t:|1699361812\n|start\n|switch|p1a: Ursaluna|Ursaluna-Bloodmoon, M|100\/100\n|switch|p1b: Cresselia|Cresselia, F, shiny|100\/100\n|switch|p2a: Diancie|Diancie, L99, shiny|100\/100\n|switch|p2b: Jigglypuff|Jigglypuff, L99, M, shiny|100\/100\n|turn|1\n|\n|t:|1699361821\n|move|p2a: Diancie|Protect|p2a: Diancie\n|-singleturn|p2a: Diancie|Protect\n|move|p1b: Cresselia|Calm Mind|p1b: Cresselia\n|-boost|p1b: Cresselia|spa|1\n|-boost|p1b: Cresselia|spd|1\n|move|p1a: Ursaluna|Earth Power|p2a: Diancie\n|-activate|p2a: Diancie|move: Protect\n|move|p2b: Jigglypuff|Light Screen|p2b: Jigglypuff\n|-sidestart|p2: defl1ght|move: Light Screen\n|\n|upkeep\n|turn|2\n|\n|t:|1699361837\n|move|p1b: Cresselia|Calm Mind|p1b: Cresselia\n|-boost|p1b: Cresselia|spa|1\n|-boost|p1b: Cresselia|spd|1\n|move|p1a: Ursaluna|Earth Power|p2a: Diancie\n|-supereffective|p2a: Diancie\n|-damage|p2a: Diancie|63\/100\n|-enditem|p2a: Diancie|Weakness Policy\n|-boost|p2a: Diancie|atk|2|[from] item: Weakness Policy\n|-boost|p2a: Diancie|spa|2|[from] item: Weakness Policy\n|move|p2a: Diancie|Diamond Storm|p1a: Ursaluna|[spread] p1a,p1b\n|-resisted|p1a: Ursaluna\n|-damage|p1a: Ursaluna|83\/100\n|-damage|p1b: Cresselia|58\/100\n|-boost|p2a: Diancie|def|2\n|move|p2b: Jigglypuff|Charm|p1a: Ursaluna\n|-unboost|p1a: Ursaluna|atk|2\n|\n|upkeep\n|turn|3\n|inactive|cotesmcgotes has 120 seconds left.\n|\n|t:|1699361871\n|move|p1b: Cresselia|Charge Beam|p2b: Jigglypuff\n|-damage|p2b: Jigglypuff|84\/100\n|-boost|p1b: Cresselia|spa|1\n|move|p1a: Ursaluna|Blood Moon|p2b: Jigglypuff\n|-damage|p2b: Jigglypuff|27\/100\n|move|p2b: Jigglypuff|Heal Pulse|p2a: Diancie\n|-heal|p2a: Diancie|100\/100\n|move|p2a: Diancie|Trick Room|p2a: Diancie\n|-fieldstart|move: Trick Room|[of] p2a: Diancie\n|\n|upkeep\n|turn|4\n|inactive|cotesmcgotes has 120 seconds left.\n|\n|t:|1699361900\n|move|p1a: Ursaluna|Vacuum Wave|p2b: Jigglypuff\n|-damage|p2b: Jigglypuff|16\/100\n|move|p2b: Jigglypuff|Gyro Ball|p1b: Cresselia\n|-damage|p1b: Cresselia|44\/100\n|move|p2a: Diancie|Diamond Storm|p1b: Cresselia|[spread] p1a,p1b\n|-resisted|p1a: Ursaluna\n|-damage|p1a: Ursaluna|63\/100\n|-damage|p1b: Cresselia|0 fnt\n|faint|p1b: Cresselia\n|\n|upkeep\n|inactive|cotesmcgotes has 120 seconds left.\n|\n|t:|1699361912\n|switch|p1b: Gliscor|Gliscor, M, shiny|100\/100\n|turn|5\n|\n|t:|1699361922\n|move|p1a: Ursaluna|Vacuum Wave|p2b: Jigglypuff\n|-damage|p2b: Jigglypuff|6\/100\n|move|p1b: Gliscor|Quick Attack|p2b: Jigglypuff\n|-damage|p2b: Jigglypuff|0 fnt\n|faint|p2b: Jigglypuff\n|move|p2a: Diancie|Diamond Storm|p1a: Ursaluna|[spread] p1a,p1b\n|-resisted|p1a: Ursaluna\n|-damage|p1a: Ursaluna|45\/100\n|-damage|p1b: Gliscor|43\/100\n|\n|-sideend|p2: defl1ght|move: Light Screen\n|-status|p1b: Gliscor|tox|[from] item: Toxic Orb\n|upkeep\n|\n|t:|1699361934\n|switch|p2b: Iron Hands|Iron Hands, shiny|100\/100\n|turn|6\n|\n|t:|1699361947\n|switch|p1b: Tsareena|Tsareena, F, shiny|100\/100\n|move|p2a: Diancie|Diamond Storm|p1b: Tsareena|[spread] p1b\n|-miss|p2a: Diancie|p1a: Ursaluna\n|-damage|p1b: Tsareena|33\/100\n|move|p2b: Iron Hands|Belly Drum|p2b: Iron Hands\n|-damage|p2b: Iron Hands|51\/100\n|-setboost|p2b: Iron Hands|atk|6|[from] move: Belly Drum\n|move|p1a: Ursaluna|Earth Power|p2a: Diancie\n|-supereffective|p2a: Diancie\n|-damage|p2a: Diancie|23\/100\n|\n|upkeep\n|turn|7\n|inactive|cotesmcgotes has 120 seconds left.\n|\n|t:|1699361994\n|switch|p1a: Gliscor|Gliscor, M, shiny|43\/100 tox\n|move|p2a: Diancie|Diamond Storm|p1a: Gliscor|[spread] p1a,p1b\n|-crit|p1a: Gliscor\n|-damage|p1a: Gliscor|0 fnt\n|-damage|p1b: Tsareena|0 fnt\n|-boost|p2a: Diancie|def|2\n|faint|p1a: Gliscor\n|faint|p1b: Tsareena\n|move|p2b: Iron Hands|Drain Punch|p1: Gliscor|[notarget]\n|-fail|p2b: Iron Hands\n|\n|-fieldend|move: Trick Room\n|upkeep\n|\n|t:|1699362009\n|switch|p1a: Ursaluna|Ursaluna-Bloodmoon, M|45\/100\n|switch|p1b: Walking Wake|Walking Wake|100\/100\n|turn|8\n|\n|t:|1699362021\n|-terastallize|p1a: Ursaluna|Fairy\n|move|p2a: Diancie|Protect|p2a: Diancie\n|-singleturn|p2a: Diancie|Protect\n|move|p1b: Walking Wake|Hydro Steam|p2a: Diancie\n|-activate|p2a: Diancie|move: Protect\n|move|p1a: Ursaluna|Moonblast|p2b: Iron Hands\n|-supereffective|p2b: Iron Hands\n|-damage|p2b: Iron Hands|0 fnt\n|faint|p2b: Iron Hands\n|-end|p2b: Iron Hands|Quark Drive|[silent]\n|\n|upkeep\n|\n|t:|1699362032\n|switch|p2b: Flutter Mane|Flutter Mane, shiny|100\/100\n|turn|9\n|\n|t:|1699362041\n|move|p2b: Flutter Mane|Moonblast|p1b: Walking Wake\n|-supereffective|p1b: Walking Wake\n|-damage|p1b: Walking Wake|3\/100\n|move|p1b: Walking Wake|Hydro Steam|p2a: Diancie\n|-supereffective|p2a: Diancie\n|-damage|p2a: Diancie|0 fnt\n|faint|p2a: Diancie\n|move|p1a: Ursaluna|Blood Moon|p2b: Flutter Mane\n|-damage|p2b: Flutter Mane|34\/100\n|\n|upkeep\n|\n|t:|1699362050\n|switch|p2a: Landorus|Landorus-Therian, M, shiny|100\/100\n|-ability|p2a: Landorus|Intimidate|boost\n|-unboost|p1a: Ursaluna|atk|1\n|-unboost|p1b: Walking Wake|atk|1\n|turn|10\n|\n|t:|1699362069\n|move|p2b: Flutter Mane|Moonblast|p1b: Walking Wake\n|-supereffective|p1b: Walking Wake\n|-damage|p1b: Walking Wake|0 fnt\n|faint|p1b: Walking Wake\n|-end|p1b: Walking Wake|Protosynthesis|[silent]\n|move|p2a: Landorus|Stomping Tantrum|p1a: Ursaluna\n|-damage|p1a: Ursaluna|17\/100\n|move|p1a: Ursaluna|Earth Power|p2b: Flutter Mane\n|-damage|p2b: Flutter Mane|0 fnt\n|faint|p2b: Flutter Mane\n|-end|p2b: Flutter Mane|Protosynthesis|[silent]\n|\n|upkeep\n|\n|t:|1699362079\n|switch|p2b: Moltres|Moltres-Galar, shiny|100\/100\n|switch|p1b: Chien-Pao|Chien-Pao|100\/100\n|-ability|p1b: Chien-Pao|Sword of Ruin\n|turn|11\n|\n|t:|1699362089\n|-terastallize|p2b: Moltres|Fire\n|move|p1b: Chien-Pao|Ice Spinner|p2a: Landorus\n|-supereffective|p2a: Landorus\n|-damage|p2a: Landorus|0 fnt\n|faint|p2a: Landorus\n|move|p2b: Moltres|Tera Blast|p1b: Chien-Pao|[anim] Tera Blast Fire\n|-supereffective|p1b: Chien-Pao\n|-damage|p1b: Chien-Pao|44\/100\n|move|p1a: Ursaluna|Moonblast|p2b: Moltres\n|-resisted|p2b: Moltres\n|-damage|p2b: Moltres|85\/100\n|\n|upkeep\n|turn|12\n|\n|t:|1699362107\n|move|p1b: Chien-Pao|Crunch|p2b: Moltres\n|-damage|p2b: Moltres|36\/100\n|-ability|p2b: Moltres|Berserk|boost\n|-boost|p2b: Moltres|spa|1\n|move|p2b: Moltres|Tera Blast|p1a: Ursaluna|[anim] Tera Blast Fire\n|-damage|p1a: Ursaluna|0 fnt\n|faint|p1a: Ursaluna\n|\n|upkeep\n|turn|13\n|\n|t:|1699362115\n|move|p1b: Chien-Pao|Crunch|p2b: Moltres\n|-damage|p2b: Moltres|0 fnt\n|faint|p2b: Moltres\n|\n|win|cotesmcgotes\n|raw|cotesmcgotes's rating: 1217 &rarr; <strong>1249<\/strong><br \/>(+32 for winning)\n|raw|defl1ght's rating: 1314 &rarr; <strong>1289<\/strong><br \/>(-25 for losing)\n","uploadtime":1699362119,"views":10,"p1id":"cotesmcgotes","p2id":"defl1ght","formatid":"gen9doublesou","rating":1249,"private":0,"password":""}