{"id":"gen9doublesou-1997577017","p1":"JumpCuz","p2":"Sojjjy","format":"[Gen 9] Doubles OU","log":"|j|\u2606JumpCuz\n|j|\u2606Sojjjy\n|t:|1700828080\n|gametype|doubles\n|player|p1|JumpCuz|fisherman|1137\n|player|p2|Sojjjy|169|1130\n|teamsize|p1|6\n|teamsize|p2|6\n|gen|9\n|tier|[Gen 9] Doubles OU\n|rated|\n|rule|Species Clause: Limit one of each Pok\u00e9mon\n|rule|OHKO Clause: OHKO moves are banned\n|rule|Evasion Moves Clause: Evasion moves are banned\n|rule|Gravity Sleep Clause: The combination of sleep-inducing moves with imperfect accuracy and Gravity or Gigantamax Orbeetle are banned\n|rule|Endless Battle Clause: Forcing endless battles is banned\n|rule|HP Percentage Mod: HP is shown in percentages\n|clearpoke\n|poke|p1|Moltres-Galar|\n|poke|p1|Munkidori, M|\n|poke|p1|Arcanine-Hisui, F|\n|poke|p1|Grimmsnarl, M|\n|poke|p1|Sinistcha|\n|poke|p1|Milotic, M|\n|poke|p2|Kommo-o, F|\n|poke|p2|Gardevoir, M|\n|poke|p2|Kingambit, F|\n|poke|p2|Samurott-Hisui, M|\n|poke|p2|Gholdengo|\n|poke|p2|Ceruledge, M|\n|teampreview\n|\n|t:|1700828116\n|start\n|switch|p1a: Grimmsnarl|Grimmsnarl, M|100\/100\n|switch|p1b: Moltres|Moltres-Galar|100\/100\n|switch|p2a: Kingambit|Kingambit, F|100\/100\n|switch|p2b: Samurott|Samurott-Hisui, M|100\/100\n|turn|1\n|\n|t:|1700828140\n|move|p1a: Grimmsnarl|Reflect|p1a: Grimmsnarl\n|-sidestart|p1: JumpCuz|Reflect\n|move|p2b: Samurott|Aqua Cutter|p1b: Moltres\n|-damage|p1b: Moltres|58\/100\n|-damage|p2b: Samurott|91\/100|[from] item: Life Orb\n|move|p1b: Moltres|Air Slash|p2a: Kingambit\n|-resisted|p2a: Kingambit\n|-damage|p2a: Kingambit|84\/100\n|move|p2a: Kingambit|Iron Head|p1a: Grimmsnarl\n|-supereffective|p1a: Grimmsnarl\n|-damage|p1a: Grimmsnarl|42\/100\n|\n|-heal|p2a: Kingambit|90\/100|[from] item: Leftovers\n|upkeep\n|turn|2\n|\n|t:|1700828157\n|move|p1a: Grimmsnarl|Light Screen|p1a: Grimmsnarl\n|-sidestart|p1: JumpCuz|move: Light Screen\n|move|p2b: Samurott|Ceaseless Edge|p1b: Moltres\n|-resisted|p1b: Moltres\n|-damage|p1b: Moltres|36\/100\n|-sidestart|p1: JumpCuz|Spikes\n|-ability|p1b: Moltres|Berserk|boost\n|-boost|p1b: Moltres|spa|1\n|-damage|p2b: Samurott|81\/100|[from] item: Life Orb\n|-enditem|p1b: Moltres|Sitrus Berry|[eat]\n|-heal|p1b: Moltres|61\/100|[from] item: Sitrus Berry\n|move|p1b: Moltres|Fiery Wrath|p2a: Kingambit|[spread] p2a,p2b\n|-resisted|p2a: Kingambit\n|-resisted|p2b: Samurott\n|-damage|p2a: Kingambit|70\/100\n|-damage|p2b: Samurott|50\/100\n|move|p2a: Kingambit|Iron Head|p1a: Grimmsnarl\n|-supereffective|p1a: Grimmsnarl\n|-damage|p1a: Grimmsnarl|0 fnt\n|faint|p1a: Grimmsnarl\n|\n|-heal|p2a: Kingambit|76\/100|[from] item: Leftovers\n|upkeep\n|\n|t:|1700828181\n|switch|p1a: Arcanine|Arcanine-Hisui, F|100\/100\n|-damage|p1a: Arcanine|88\/100|[from] Spikes\n|-ability|p1a: Arcanine|Intimidate|boost\n|-unboost|p2a: Kingambit|atk|1\n|-unboost|p2b: Samurott|atk|1\n|turn|3\n|\n|t:|1700828205\n|switch|p2b: Ceruledge|Ceruledge, M|100\/100\n|-end|p2a: Kingambit|fallenundefined|[silent]\n|switch|p2a: Gardevoir|Gardevoir, M|100\/100\n|-ability|p2a: Gardevoir|Berserk|[from] ability: Trace|[of] p1b: Moltres\n|move|p1a: Arcanine|Rock Slide|p2a: Gardevoir|[spread] p2a,p2b\n|-supereffective|p2b: Ceruledge\n|-damage|p2a: Gardevoir|67\/100\n|-damage|p2b: Ceruledge|21\/100\n|-ability|p2b: Ceruledge|Weak Armor|boost\n|-unboost|p2b: Ceruledge|def|1\n|-boost|p2b: Ceruledge|spe|2\n|move|p1b: Moltres|Air Slash|p2b: Ceruledge\n|-damage|p2b: Ceruledge|0 fnt\n|faint|p2b: Ceruledge\n|\n|-heal|p2a: Gardevoir|73\/100|[from] item: Leftovers\n|upkeep\n|\n|t:|1700828225\n|switch|p2b: Samurott|Samurott-Hisui, M|50\/100\n|turn|4\n|\n|t:|1700828244\n|move|p1a: Arcanine|Extreme Speed|p2b: Samurott\n|-damage|p2b: Samurott|16\/100\n|move|p2b: Samurott|Aqua Cutter|p1a: Arcanine\n|-supereffective|p1a: Arcanine\n|-damage|p1a: Arcanine|0 fnt\n|faint|p1a: Arcanine\n|-damage|p2b: Samurott|6\/100|[from] item: Life Orb\n|move|p1b: Moltres|Fiery Wrath|p2b: Samurott|[spread] p2a,p2b\n|-resisted|p2b: Samurott\n|-damage|p2a: Gardevoir|34\/100\n|-damage|p2b: Samurott|0 fnt\n|faint|p2b: Samurott\n|-ability|p2a: Gardevoir|Berserk|boost\n|-boost|p2a: Gardevoir|spa|1\n|move|p2a: Gardevoir|Heal Pulse|p2: Samurott|[notarget]\n|-fail|p2a: Gardevoir\n|\n|-heal|p2a: Gardevoir|40\/100|[from] item: Leftovers\n|upkeep\n|\n|t:|1700828266\n|switch|p2b: Kingambit|Kingambit, F|76\/100\n|switch|p1a: Milotic|Milotic, M|100\/100\n|-damage|p1a: Milotic|88\/100|[from] Spikes\n|-activate|p2b: Kingambit|ability: Supreme Overlord\n|-start|p2b: Kingambit|fallen2|[silent]\n|turn|5\n|\n|t:|1700828282\n|move|p1b: Moltres|Protect|p1b: Moltres\n|-singleturn|p1b: Moltres|Protect\n|move|p1a: Milotic|Hypnosis|p2b: Kingambit|[miss]\n|-miss|p1a: Milotic|p2b: Kingambit\n|move|p2a: Gardevoir|Draining Kiss|p1b: Moltres\n|-activate|p1b: Moltres|move: Protect\n|move|p2b: Kingambit|Swords Dance|p2b: Kingambit\n|-boost|p2b: Kingambit|atk|2\n|\n|-heal|p2a: Gardevoir|46\/100|[from] item: Leftovers\n|-heal|p2b: Kingambit|83\/100|[from] item: Leftovers\n|upkeep\n|turn|6\n|\n|t:|1700828306\n|move|p2b: Kingambit|Sucker Punch||[still]\n|-fail|p2b: Kingambit\n|move|p1a: Milotic|Hypnosis|p2b: Kingambit|[miss]\n|-miss|p1a: Milotic|p2b: Kingambit\n|move|p1b: Moltres|Air Slash|p2a: Gardevoir\n|-damage|p2a: Gardevoir|2\/100\n|move|p2a: Gardevoir|Draining Kiss|p1b: Moltres\n|-supereffective|p1b: Moltres\n|-damage|p1b: Moltres|22\/100\n|-heal|p2a: Gardevoir|36\/100|[from] drain|[of] p1b: Moltres\n|-ability|p1b: Moltres|Berserk|boost\n|-boost|p1b: Moltres|spa|1\n|\n|-heal|p2a: Gardevoir|42\/100|[from] item: Leftovers\n|-heal|p2b: Kingambit|89\/100|[from] item: Leftovers\n|upkeep\n|turn|7\n|\n|t:|1700828327\n|move|p1a: Milotic|Hypnosis|p2b: Kingambit\n|-status|p2b: Kingambit|slp|[from] move: Hypnosis\n|move|p1b: Moltres|Air Slash|p2a: Gardevoir\n|-damage|p2a: Gardevoir|0 fnt\n|faint|p2a: Gardevoir\n|cant|p2b: Kingambit|slp\n|\n|-heal|p2b: Kingambit|95\/100 slp|[from] item: Leftovers\n|upkeep\n|\n|t:|1700828337\n|switch|p2a: Kommo-o|Kommo-o, F|100\/100\n|turn|8\n|\n|t:|1700828366\n|move|p1a: Milotic|Hypnosis|p2a: Kommo-o\n|-status|p2a: Kommo-o|slp|[from] move: Hypnosis\n|cant|p2a: Kommo-o|slp\n|move|p1b: Moltres|Air Slash|p2a: Kommo-o\n|-supereffective|p2a: Kommo-o\n|-damage|p2a: Kommo-o|0 fnt\n|faint|p2a: Kommo-o\n|cant|p2b: Kingambit|slp\n|\n|-heal|p2b: Kingambit|100\/100 slp|[from] item: Leftovers\n|-sideend|p1: JumpCuz|Reflect\n|upkeep\n|\n|t:|1700828376\n|switch|p2a: Gholdengo|Gholdengo|100\/100\n|turn|9\n|\n|t:|1700828422\n|move|p1b: Moltres|Protect|p1b: Moltres\n|-singleturn|p1b: Moltres|Protect\n|move|p1a: Milotic|Life Dew|p1a: Milotic|[spread] p1a,p1b\n|-heal|p1a: Milotic|100\/100\n|-heal|p1b: Moltres|47\/100\n|move|p2a: Gholdengo|Make It Rain|p1b: Moltres|[spread] p1a\n|-activate|p1b: Moltres|move: Protect\n|-resisted|p1a: Milotic\n|-damage|p1a: Milotic|88\/100\n|-unboost|p2a: Gholdengo|spa|1\n|-curestatus|p2b: Kingambit|slp|[msg]\n|move|p2b: Kingambit|Kowtow Cleave|p1a: Milotic\n|-damage|p1a: Milotic|0 fnt\n|faint|p1a: Milotic\n|\n|-sideend|p1: JumpCuz|move: Light Screen\n|upkeep\n|\n|t:|1700828449\n|switch|p1a: Munkidori|Munkidori, M|100\/100\n|-damage|p1a: Munkidori|88\/100|[from] Spikes\n|-item|p2a: Gholdengo|Covert Cloak|[from] ability: Frisk|[of] p1a: Munkidori|[identify]\n|-item|p2b: Kingambit|Leftovers|[from] ability: Frisk|[of] p1a: Munkidori|[identify]\n|turn|10\n|\n|t:|1700828461\n|move|p1a: Munkidori|Fake Out|p2b: Kingambit\n|-resisted|p2b: Kingambit\n|-damage|p2b: Kingambit|98\/100\n|move|p1b: Moltres|Fiery Wrath|p2a: Gholdengo|[spread] p2a,p2b\n|-supereffective|p2a: Gholdengo\n|-resisted|p2b: Kingambit\n|-damage|p2a: Gholdengo|0 fnt\n|-damage|p2b: Kingambit|68\/100\n|faint|p2a: Gholdengo\n|cant|p2b: Kingambit|flinch\n|\n|-heal|p2b: Kingambit|74\/100|[from] item: Leftovers\n|upkeep\n|turn|11\n|\n|t:|1700828520\n|move|p1a: Munkidori|Parting Shot|p2b: Kingambit\n|-unboost|p2b: Kingambit|atk|1\n|-unboost|p2b: Kingambit|spa|1\n|\n|t:|1700828524\n|switch|p1a: Sinistcha|Sinistcha|100\/100|[from] Parting Shot\n|-damage|p1a: Sinistcha|88\/100|[from] Spikes\n|-heal|p1b: Moltres|72\/100|[from] ability: Hospitality|[of] p1a: Sinistcha\n|move|p1b: Moltres|Nasty Plot|p1b: Moltres\n|-boost|p1b: Moltres|spa|2\n|move|p2b: Kingambit|Iron Head|p1b: Moltres\n|-damage|p1b: Moltres|0 fnt\n|faint|p1b: Moltres\n|\n|-heal|p2b: Kingambit|80\/100|[from] item: Leftovers\n|upkeep\n|\n|t:|1700828541\n|switch|p1b: Munkidori|Munkidori, M|88\/100\n|-damage|p1b: Munkidori|76\/100|[from] Spikes\n|-item|p2b: Kingambit|Leftovers|[from] ability: Frisk|[of] p1b: Munkidori|[identify]\n|turn|12\n|\n|t:|1700828569\n|move|p1b: Munkidori|Fake Out|p2b: Kingambit\n|-resisted|p2b: Kingambit\n|-damage|p2b: Kingambit|77\/100\n|cant|p2b: Kingambit|flinch\n|move|p1a: Sinistcha|Matcha Gotcha|p2b: Kingambit\n|-resisted|p2b: Kingambit\n|-damage|p2b: Kingambit|62\/100\n|-heal|p1a: Sinistcha|97\/100|[from] drain|[of] p2b: Kingambit\n|\n|-heal|p2b: Kingambit|69\/100|[from] item: Leftovers\n|upkeep\n|turn|13\n|inactive|Battle timer is ON: inactive players will automatically lose when time's up. (requested by Sojjjy)\n|inactive|JumpCuz has 120 seconds left.\n|\n|t:|1700828648\n|-terastallize|p1a: Sinistcha|Dragon\n|move|p1b: Munkidori|Fake Out||[still]\n|-hint|Fake Out only works on your first turn out.\n|-fail|p1b: Munkidori\n|move|p1a: Sinistcha|Matcha Gotcha|p2b: Kingambit|[miss]\n|-miss|p1a: Sinistcha|p2b: Kingambit\n|move|p2b: Kingambit|Kowtow Cleave|p1a: Sinistcha\n|-damage|p1a: Sinistcha|26\/100\n|-damage|p2b: Kingambit|52\/100|[from] item: Rocky Helmet|[of] p1a: Sinistcha\n|\n|-heal|p2b: Kingambit|58\/100|[from] item: Leftovers\n|upkeep\n|turn|14\n|\n|t:|1700828668\n|move|p1b: Munkidori|Parting Shot|p2b: Kingambit\n|-unboost|p2b: Kingambit|atk|1\n|-unboost|p2b: Kingambit|spa|1\n|move|p1a: Sinistcha|Matcha Gotcha|p2b: Kingambit|[miss]\n|-miss|p1a: Sinistcha|p2b: Kingambit\n|move|p2b: Kingambit|Kowtow Cleave|p1a: Sinistcha\n|-damage|p1a: Sinistcha|0 fnt\n|-damage|p2b: Kingambit|42\/100|[from] item: Rocky Helmet|[of] p1a: Sinistcha\n|faint|p1a: Sinistcha\n|\n|-heal|p2b: Kingambit|48\/100|[from] item: Leftovers\n|upkeep\n|turn|15\n|\n|t:|1700828684\n|move|p1b: Munkidori|Parting Shot|p2b: Kingambit\n|-unboost|p2b: Kingambit|atk|1\n|-unboost|p2b: Kingambit|spa|1\n|move|p2b: Kingambit|Kowtow Cleave|p1b: Munkidori\n|-supereffective|p1b: Munkidori\n|-damage|p1b: Munkidori|0 fnt\n|faint|p1b: Munkidori\n|\n|win|Sojjjy\n|raw|JumpCuz's rating: 1137 &rarr; <strong>1111<\/strong><br \/>(-26 for losing)\n|raw|Sojjjy's rating: 1130 &rarr; <strong>1156<\/strong><br \/>(+26 for winning)\n|l|\u2606JumpCuz\n","uploadtime":1700828696,"views":15,"p1id":"jumpcuz","p2id":"sojjjy","formatid":"gen9doublesou","rating":1111,"private":0,"password":""}