{"id":"gen9doublesou-1975569276","p1":"SXD2002","p2":"Azetran","format":"[Gen 9] Doubles OU","log":"|j|\u2606SXD2002\n|j|\u2606Azetran\n|t:|1698206150\n|gametype|doubles\n|player|p1|SXD2002|silver-masters|1101\n|player|p2|Azetran|pokemaniac|1062\n|teamsize|p1|6\n|teamsize|p2|6\n|gen|9\n|tier|[Gen 9] Doubles OU\n|rated|\n|rule|Species Clause: Limit one of each Pok\u00e9mon\n|rule|OHKO Clause: OHKO moves are banned\n|rule|Evasion Moves Clause: Evasion moves are banned\n|rule|Gravity Sleep Clause: The combination of sleep-inducing moves with imperfect accuracy and Gravity or Gigantamax Orbeetle are banned\n|rule|Endless Battle Clause: Forcing endless battles is banned\n|rule|HP Percentage Mod: HP is shown in percentages\n|clearpoke\n|poke|p1|Lurantis, M|\n|poke|p1|Murkrow, M|\n|poke|p1|Grimmsnarl, M|\n|poke|p1|Clefairy, F|\n|poke|p1|Talonflame, M|\n|poke|p1|Espeon, M|\n|poke|p2|Glimmora, F|\n|poke|p2|Garganacl, M|\n|poke|p2|Cyclizar, M|\n|poke|p2|Hatterene, F|\n|poke|p2|Lokix, M|\n|poke|p2|Sinistcha-Masterpiece|\n|teampreview\n|inactive|Battle timer is ON: inactive players will automatically lose when time's up. (requested by SXD2002)\n|\n|t:|1698206160\n|start\n|switch|p1a: Talonflame|Talonflame, M|100\/100\n|switch|p1b: Lurantis|Lurantis, M|100\/100\n|switch|p2a: Glimmora|Glimmora, F|100\/100\n|switch|p2b: Hatterene|Hatterene, F|100\/100\n|turn|1\n|\n|t:|1698206174\n|-terastallize|p1b: Lurantis|Steel\n|move|p1a: Talonflame|Defog|p1b: Lurantis\n|-boost|p1b: Lurantis|evasion|1\n|move|p2a: Glimmora|Acid Armor|p2a: Glimmora\n|-boost|p2a: Glimmora|def|2\n|move|p1b: Lurantis|Leaf Storm|p2a: Glimmora\n|-crit|p2a: Glimmora\n|-damage|p2a: Glimmora|56\/100\n|-boost|p1b: Lurantis|spa|2\n|move|p2b: Hatterene|Calm Mind|p2b: Hatterene\n|-boost|p2b: Hatterene|spa|1\n|-boost|p2b: Hatterene|spd|1\n|\n|-heal|p2a: Glimmora|62\/100|[from] item: Leftovers\n|upkeep\n|turn|2\n|\n|t:|1698206193\n|move|p1a: Talonflame|Defog|p1b: Lurantis\n|-boost|p1b: Lurantis|evasion|1\n|move|p2a: Glimmora|Mortal Spin|p1a: Talonflame|[spread] p1a\n|-immune|p1b: Lurantis\n|-damage|p1a: Talonflame|95\/100\n|-status|p1a: Talonflame|psn\n|move|p1b: Lurantis|Leaf Storm|p2a: Glimmora\n|-damage|p2a: Glimmora|5\/100\n|-boost|p1b: Lurantis|spa|2\n|move|p2b: Hatterene|Mystical Fire|p1b: Lurantis|[miss]\n|-miss|p2b: Hatterene|p1b: Lurantis\n|\n|-heal|p2a: Glimmora|12\/100|[from] item: Leftovers\n|-damage|p1a: Talonflame|82\/100 psn|[from] psn\n|upkeep\n|turn|3\n|\n|t:|1698206212\n|move|p2a: Glimmora|Spiky Shield|p2a: Glimmora\n|-singleturn|p2a: Glimmora|move: Protect\n|move|p1a: Talonflame|Defog|p1b: Lurantis\n|-boost|p1b: Lurantis|evasion|1\n|move|p1b: Lurantis|Leaf Storm|p2b: Hatterene\n|-damage|p2b: Hatterene|22\/100\n|-boost|p1b: Lurantis|spa|2\n|-enditem|p2b: Hatterene|Wiki Berry|[eat]\n|-heal|p2b: Hatterene|55\/100|[from] item: Wiki Berry\n|move|p2b: Hatterene|Mystical Fire|p1b: Lurantis\n|-supereffective|p1b: Lurantis\n|-damage|p1b: Lurantis|26\/100\n|\n|-heal|p2a: Glimmora|18\/100|[from] item: Leftovers\n|-heal|p1b: Lurantis|32\/100|[from] item: Leftovers\n|-damage|p1a: Talonflame|70\/100 psn|[from] psn\n|upkeep\n|turn|4\n|inactive|Azetran has 120 seconds left.\n|\n|t:|1698206250\n|move|p1a: Talonflame|Defog|p1b: Lurantis\n|-boost|p1b: Lurantis|evasion|1\n|move|p2a: Glimmora|Tera Blast|p1b: Lurantis\n|-resisted|p1b: Lurantis\n|-damage|p1b: Lurantis|23\/100\n|move|p1b: Lurantis|Leaf Storm|p2b: Hatterene\n|-damage|p2b: Hatterene|0 fnt\n|faint|p2b: Hatterene\n|\n|-heal|p2a: Glimmora|24\/100|[from] item: Leftovers\n|-heal|p1b: Lurantis|29\/100|[from] item: Leftovers\n|-damage|p1a: Talonflame|58\/100 psn|[from] psn\n|upkeep\n|\n|t:|1698206276\n|switch|p2b: Lokix|Lokix, M|100\/100\n|turn|5\n|\n|t:|1698206287\n|move|p2a: Glimmora|Spiky Shield|p2a: Glimmora\n|-singleturn|p2a: Glimmora|move: Protect\n|move|p1b: Lurantis|Protect|p1b: Lurantis\n|-singleturn|p1b: Lurantis|Protect\n|move|p1a: Talonflame|U-turn|p2b: Lokix\n|-supereffective|p2b: Lokix\n|-damage|p2b: Lokix|62\/100\n|\n|t:|1698206294\n|switch|p1a: Clefairy|Clefairy, F|100\/100|[from] U-turn\n|move|p2b: Lokix|Axe Kick|p1b: Lurantis\n|-activate|p1b: Lurantis|move: Protect\n|-damage|p2b: Lokix|13\/100|[from] highjumpkick\n|\n|-heal|p2a: Glimmora|30\/100|[from] item: Leftovers\n|-heal|p1b: Lurantis|35\/100|[from] item: Leftovers\n|upkeep\n|turn|6\n|inactive|Azetran has 120 seconds left.\n|\n|t:|1698206329\n|move|p1a: Clefairy|Follow Me|p1a: Clefairy\n|-singleturn|p1a: Clefairy|move: Follow Me\n|move|p2b: Lokix|Axe Kick|p1a: Clefairy\n|-resisted|p1a: Clefairy\n|-damage|p1a: Clefairy|59\/100\n|move|p2a: Glimmora|Mortal Spin|p1b: Lurantis|[spread] p1a\n|-immune|p1b: Lurantis\n|-supereffective|p1a: Clefairy\n|-damage|p1a: Clefairy|49\/100\n|-status|p1a: Clefairy|psn\n|move|p1b: Lurantis|Superpower|p2b: Lokix\n|-damage|p2b: Lokix|0 fnt\n|-boost|p1b: Lurantis|atk|1\n|-boost|p1b: Lurantis|def|1\n|faint|p2b: Lokix\n|\n|-heal|p2a: Glimmora|36\/100|[from] item: Leftovers\n|-heal|p1b: Lurantis|42\/100|[from] item: Leftovers\n|-damage|p1a: Clefairy|37\/100 psn|[from] psn\n|upkeep\n|inactive|Azetran has 90 seconds left.\n|\n|t:|1698206353\n|switch|p2b: Garganacl|Garganacl, M|100\/100\n|turn|7\n|\n|t:|1698206363\n|move|p2a: Glimmora|Spiky Shield|p2a: Glimmora\n|-singleturn|p2a: Glimmora|move: Protect\n|move|p1a: Clefairy|Follow Me|p1a: Clefairy\n|-singleturn|p1a: Clefairy|move: Follow Me\n|move|p1b: Lurantis|Leaf Storm|p2b: Garganacl\n|-supereffective|p2b: Garganacl\n|-damage|p2b: Garganacl|0 fnt\n|faint|p2b: Garganacl\n|\n|-heal|p2a: Glimmora|43\/100|[from] item: Leftovers\n|-heal|p1b: Lurantis|48\/100|[from] item: Leftovers\n|-damage|p1a: Clefairy|25\/100 psn|[from] psn\n|upkeep\n|\n|t:|1698206382\n|switch|p2b: Sinistcha|Sinistcha-Masterpiece|100\/100\n|turn|8\n|inactive|Azetran has 120 seconds left.\n|\n|t:|1698206401\n|-terastallize|p2b: Sinistcha|Grass\n|move|p2a: Glimmora|Acid Armor|p2a: Glimmora\n|-boost|p2a: Glimmora|def|2\n|move|p2b: Sinistcha|Matcha Gotcha|p1a: Clefairy|[spread] p1a\n|-miss|p2b: Sinistcha|p1b: Lurantis\n|-damage|p1a: Clefairy|0 fnt\n|faint|p1a: Clefairy\n|move|p1b: Lurantis|Leech Life|p2b: Sinistcha\n|-supereffective|p2b: Sinistcha\n|-damage|p2b: Sinistcha|46\/100\n|-heal|p1b: Lurantis|75\/100|[from] drain|[of] p2b: Sinistcha\n|-enditem|p2b: Sinistcha|Weakness Policy\n|-boost|p2b: Sinistcha|atk|2|[from] item: Weakness Policy\n|-boost|p2b: Sinistcha|spa|2|[from] item: Weakness Policy\n|\n|-heal|p2a: Glimmora|49\/100|[from] item: Leftovers\n|-heal|p1b: Lurantis|82\/100|[from] item: Leftovers\n|upkeep\n|\n|t:|1698206420\n|switch|p1a: Talonflame|Talonflame, M|58\/100 psn\n|turn|9\n|\n|t:|1698206430\n|move|p1a: Talonflame|Defog|p1b: Lurantis\n|-boost|p1b: Lurantis|evasion|1\n|move|p2a: Glimmora|Acid Armor|p2a: Glimmora\n|-boost|p2a: Glimmora|def|2\n|move|p2b: Sinistcha|Matcha Gotcha|p1b: Lurantis|[spread] p1a,p1b\n|-resisted|p1a: Talonflame\n|-resisted|p1b: Lurantis\n|-crit|p1b: Lurantis\n|-damage|p1a: Talonflame|30\/100 psn\n|-heal|p2b: Sinistcha|60\/100|[from] drain|[of] p1a: Talonflame\n|-damage|p1b: Lurantis|30\/100\n|-heal|p2b: Sinistcha|86\/100|[from] drain|[of] p1b: Lurantis\n|move|p1b: Lurantis|Leech Life|p2b: Sinistcha\n|-supereffective|p2b: Sinistcha\n|-damage|p2b: Sinistcha|32\/100\n|-heal|p1b: Lurantis|57\/100|[from] drain|[of] p2b: Sinistcha\n|\n|-heal|p2a: Glimmora|55\/100|[from] item: Leftovers\n|-heal|p1b: Lurantis|63\/100|[from] item: Leftovers\n|-damage|p1a: Talonflame|17\/100 psn|[from] psn\n|upkeep\n|turn|10\n|\n|t:|1698206458\n|move|p1a: Talonflame|Defog|p1b: Lurantis\n|-boost|p1b: Lurantis|evasion|1\n|move|p2a: Glimmora|Tera Blast|p1b: Lurantis|[miss]\n|-miss|p2a: Glimmora|p1b: Lurantis\n|move|p2b: Sinistcha|Matcha Gotcha|p1b: Lurantis|[spread] p1a,p1b\n|-resisted|p1a: Talonflame\n|-resisted|p1b: Lurantis\n|-damage|p1a: Talonflame|0 fnt\n|-heal|p2b: Sinistcha|41\/100|[from] drain|[of] p1a: Talonflame\n|-damage|p1b: Lurantis|31\/100\n|-heal|p2b: Sinistcha|57\/100|[from] drain|[of] p1b: Lurantis\n|faint|p1a: Talonflame\n|move|p1b: Lurantis|Leech Life|p2b: Sinistcha\n|-supereffective|p2b: Sinistcha\n|-damage|p2b: Sinistcha|0 fnt\n|-heal|p1b: Lurantis|60\/100|[from] drain|[of] p2b: Sinistcha\n|faint|p2b: Sinistcha\n|\n|-heal|p2a: Glimmora|61\/100|[from] item: Leftovers\n|-heal|p1b: Lurantis|66\/100|[from] item: Leftovers\n|upkeep\n|\n|t:|1698206478\n|switch|p1a: Espeon|Espeon, M|100\/100\n|switch|p2b: Cyclizar|Cyclizar, M|100\/100\n|turn|11\n|\n|t:|1698206489\n|move|p2a: Glimmora|Spiky Shield|p2a: Glimmora\n|-singleturn|p2a: Glimmora|move: Protect\n|move|p2b: Cyclizar|Knock Off|p1a: Espeon\n|-supereffective|p1a: Espeon\n|-damage|p1a: Espeon|2\/100\n|-enditem|p1a: Espeon|Leftovers|[from] move: Knock Off|[of] p2b: Cyclizar\n|move|p1a: Espeon|Psych Up|p1b: Lurantis\n|-copyboost|p1a: Espeon|p1b: Lurantis|[from] move: Psych Up\n|move|p1b: Lurantis|Superpower|p2b: Cyclizar\n|-supereffective|p2b: Cyclizar\n|-damage|p2b: Cyclizar|0 fnt\n|-boost|p1b: Lurantis|atk|1\n|-boost|p1b: Lurantis|def|1\n|faint|p2b: Cyclizar\n|\n|-heal|p2a: Glimmora|68\/100|[from] item: Leftovers\n|-heal|p1b: Lurantis|72\/100|[from] item: Leftovers\n|upkeep\n|turn|12\n|\n|t:|1698206507\n|move|p2a: Glimmora|Spiky Shield||[still]\n|-fail|p2a: Glimmora\n|move|p1a: Espeon|Stored Power|p2a: Glimmora\n|-supereffective|p2a: Glimmora\n|-damage|p2a: Glimmora|0 fnt\n|faint|p2a: Glimmora\n|\n|win|SXD2002\n|raw|SXD2002's rating: 1101 &rarr; <strong>1123<\/strong><br \/>(+22 for winning)\n|raw|Azetran's rating: 1062 &rarr; <strong>1045<\/strong><br \/>(-17 for losing)\n|c|\u2606SXD2002|gg\n|l|\u2606Azetran\n","uploadtime":1698206515,"views":17,"p1id":"sxd2002","p2id":"azetran","formatid":"gen9doublesou","rating":1045,"private":0,"password":""}