{"id":"gen9doublesou-1971713943","p1":"Jvjghddyhf","p2":"Champion's Melody","format":"[Gen 9] Doubles OU","log":"|j|\u2606Jvjghddyhf\n|j|\u2606Champion's Melody\n|t:|1697764030\n|gametype|doubles\n|player|p1|Jvjghddyhf|101|1000\n|player|p2|Champion's Melody|cynthia|1085\n|teamsize|p1|6\n|teamsize|p2|6\n|gen|9\n|tier|[Gen 9] Doubles OU\n|rated|\n|rule|Species Clause: Limit one of each Pok\u00e9mon\n|rule|OHKO Clause: OHKO moves are banned\n|rule|Evasion Moves Clause: Evasion moves are banned\n|rule|Gravity Sleep Clause: The combination of sleep-inducing moves with imperfect accuracy and Gravity or Gigantamax Orbeetle are banned\n|rule|Endless Battle Clause: Forcing endless battles is banned\n|rule|HP Percentage Mod: HP is shown in percentages\n|clearpoke\n|poke|p1|Great Tusk|\n|poke|p1|Tornadus, M|\n|poke|p1|Cyclizar, M|\n|poke|p1|Clefairy, F|\n|poke|p1|Azumarill, F|\n|poke|p1|Amoonguss, M|\n|poke|p2|Lurantis, F|\n|poke|p2|Clefable, F|\n|poke|p2|Weezing-Galar, M|\n|poke|p2|Kommo-o, F|\n|poke|p2|Chien-Pao|\n|poke|p2|Slaking, F|\n|teampreview\n|inactive|Battle timer is ON: inactive players will automatically lose when time's up. (requested by Champion's Melody)\n|\n|t:|1697764043\n|start\n|switch|p1a: Tornadus|Tornadus, M|100\/100\n|switch|p1b: Cyclizar|Cyclizar, M|100\/100\n|switch|p2a: Chien-Pao|Chien-Pao|100\/100\n|switch|p2b: Clefable|Clefable, F|100\/100\n|-ability|p2a: Chien-Pao|Sword of Ruin\n|turn|1\n|\n|t:|1697764055\n|move|p1a: Tornadus|Tailwind|p1a: Tornadus\n|-sidestart|p1: Jvjghddyhf|move: Tailwind\n|move|p1b: Cyclizar|Shed Tail|p1b: Cyclizar\n|-start|p1b: Cyclizar|Substitute|[from] move: Shed Tail\n|-damage|p1b: Cyclizar|50\/100\n|-enditem|p1b: Cyclizar|Sitrus Berry|[eat]\n|-heal|p1b: Cyclizar|75\/100|[from] item: Sitrus Berry\n|\n|t:|1697764059\n|switch|p1b: Azumarill|Azumarill, F|100\/100|[from] Shed Tail\n|move|p2a: Chien-Pao|Ice Spinner|p1b: Azumarill\n|-resisted|p1b: Azumarill\n|-end|p1b: Azumarill|Substitute\n|move|p2b: Clefable|Cosmic Power|p2b: Clefable\n|-boost|p2b: Clefable|def|1\n|-boost|p2b: Clefable|spd|1\n|\n|upkeep\n|turn|2\n|\n|t:|1697764078\n|move|p1a: Tornadus|Taunt|p2b: Clefable\n|-start|p2b: Clefable|move: Taunt\n|move|p2a: Chien-Pao|Ice Spinner|p1a: Tornadus\n|-supereffective|p1a: Tornadus\n|-damage|p1a: Tornadus|0 fnt\n|faint|p1a: Tornadus\n|move|p1b: Azumarill|Defense Curl|p1b: Azumarill\n|-boost|p1b: Azumarill|def|1\n|cant|p2b: Clefable|move: Taunt|Cosmic Power\n|\n|upkeep\n|\n|t:|1697764090\n|switch|p1a: Clefairy|Clefairy, F|100\/100\n|turn|3\n|\n|t:|1697764101\n|switch|p2b: Lurantis|Lurantis, F|100\/100\n|move|p2a: Chien-Pao|Ice Spinner|p1a: Clefairy\n|-damage|p1a: Clefairy|44\/100\n|move|p1b: Azumarill|Aqua Ring|p1b: Azumarill\n|-start|p1b: Azumarill|Aqua Ring\n|move|p1a: Clefairy|Light Screen|p1a: Clefairy\n|-sidestart|p1: Jvjghddyhf|move: Light Screen\n|\n|upkeep\n|turn|4\n|\n|t:|1697764118\n|move|p1a: Clefairy|Helping Hand|p1b: Azumarill\n|-singleturn|p1b: Azumarill|Helping Hand|[of] p1a: Clefairy\n|move|p2a: Chien-Pao|Swords Dance|p2a: Chien-Pao\n|-boost|p2a: Chien-Pao|atk|2\n|move|p1b: Azumarill|Trailblaze|p2a: Chien-Pao\n|-damage|p2a: Chien-Pao|77\/100\n|-boost|p1b: Azumarill|spe|1\n|move|p2b: Lurantis|Leaf Storm|p1b: Azumarill\n|-ability|p1b: Azumarill|Sap Sipper|boost\n|-boost|p1b: Azumarill|atk|1\n|\n|-sideend|p1: Jvjghddyhf|move: Tailwind\n|upkeep\n|turn|5\n|\n|t:|1697764136\n|move|p1a: Clefairy|Helping Hand|p1b: Azumarill\n|-singleturn|p1b: Azumarill|Helping Hand|[of] p1a: Clefairy\n|move|p2a: Chien-Pao|Ice Spinner|p1b: Azumarill\n|-resisted|p1b: Azumarill\n|-crit|p1b: Azumarill\n|-damage|p1b: Azumarill|38\/100\n|move|p1b: Azumarill|Rollout|p2a: Chien-Pao\n|-supereffective|p2a: Chien-Pao\n|-damage|p2a: Chien-Pao|0 fnt\n|faint|p2a: Chien-Pao\n|move|p2b: Lurantis|Leaf Storm|p1a: Clefairy\n|-damage|p1a: Clefairy|28\/100\n|-boost|p2b: Lurantis|spa|2\n|\n|-heal|p1b: Azumarill|44\/100|[from] item: Leftovers\n|-heal|p1b: Azumarill|50\/100|[from] Aqua Ring\n|upkeep\n|\n|t:|1697764152\n|switch|p2a: Weezing|Weezing-Galar, M|100\/100\n|-ability|p2a: Weezing|Neutralizing Gas\n|turn|6\n|\n|t:|1697764163\n|move|p1a: Clefairy|Follow Me|p1a: Clefairy\n|-singleturn|p1a: Clefairy|move: Follow Me\n|move|p1b: Azumarill|Rollout|p2a: Weezing|[from]lockedmove|[miss]\n|-miss|p1b: Azumarill|p2a: Weezing\n|move|p2a: Weezing|Gunk Shot|p1a: Clefairy\n|-supereffective|p1a: Clefairy\n|-damage|p1a: Clefairy|0 fnt\n|faint|p1a: Clefairy\n|move|p2b: Lurantis|Ingrain|p2b: Lurantis\n|-start|p2b: Lurantis|move: Ingrain\n|\n|-heal|p1b: Azumarill|56\/100|[from] item: Leftovers\n|-heal|p1b: Azumarill|62\/100|[from] Aqua Ring\n|upkeep\n|\n|t:|1697764175\n|switch|p1a: Amoonguss|Amoonguss, M|100\/100\n|turn|7\n|\n|t:|1697764189\n|move|p1b: Azumarill|Rollout|p2a: Weezing\n|-damage|p2a: Weezing|84\/100\n|move|p2a: Weezing|Gunk Shot|p1b: Azumarill\n|-supereffective|p1b: Azumarill\n|-damage|p1b: Azumarill|0 fnt\n|faint|p1b: Azumarill\n|move|p2b: Lurantis|Superpower|p1a: Amoonguss\n|-resisted|p1a: Amoonguss\n|-damage|p1a: Amoonguss|83\/100\n|-unboost|p2b: Lurantis|atk|1\n|-unboost|p2b: Lurantis|def|1\n|move|p1a: Amoonguss|Clear Smog|p2b: Lurantis\n|-supereffective|p2b: Lurantis\n|-damage|p2b: Lurantis|70\/100\n|-clearboost|p2b: Lurantis\n|\n|-heal|p1a: Amoonguss|89\/100|[from] item: Leftovers\n|-heal|p2b: Lurantis|76\/100|[from] Ingrain\n|-sideend|p1: Jvjghddyhf|move: Light Screen\n|upkeep\n|\n|t:|1697764196\n|switch|p1b: Cyclizar|Cyclizar, M|100\/100\n|turn|8\n|\n|t:|1697764216\n|move|p1b: Cyclizar|Knock Off|p2b: Lurantis\n|-damage|p2b: Lurantis|53\/100\n|-enditem|p2b: Lurantis|Expert Belt|[from] move: Knock Off|[of] p1b: Cyclizar\n|move|p2a: Weezing|Gunk Shot|p1b: Cyclizar\n|-damage|p1b: Cyclizar|29\/100\n|-status|p1b: Cyclizar|psn\n|move|p2b: Lurantis|Leech Life|p1a: Amoonguss\n|-damage|p1a: Amoonguss|65\/100\n|-heal|p2b: Lurantis|68\/100|[from] drain|[of] p1a: Amoonguss\n|move|p1a: Amoonguss|Spore|p2a: Weezing\n|-status|p2a: Weezing|slp|[from] move: Spore\n|\n|-heal|p1a: Amoonguss|71\/100|[from] item: Leftovers\n|-heal|p2b: Lurantis|75\/100|[from] Ingrain\n|-damage|p1b: Cyclizar|16\/100 psn|[from] psn\n|upkeep\n|turn|9\n|\n|t:|1697764244\n|-end|p2a: Weezing|ability: Neutralizing Gas\n|switch|p2a: Slaking|Slaking, F|100\/100\n|move|p1b: Cyclizar|Knock Off|p2b: Lurantis\n|-damage|p2b: Lurantis|60\/100\n|move|p2b: Lurantis|Superpower|p1b: Cyclizar\n|-supereffective|p1b: Cyclizar\n|-crit|p1b: Cyclizar\n|-damage|p1b: Cyclizar|0 fnt\n|-boost|p2b: Lurantis|atk|1\n|-boost|p2b: Lurantis|def|1\n|faint|p1b: Cyclizar\n|move|p1a: Amoonguss|Pollen Puff|p1: Cyclizar|[notarget]\n|-fail|p1a: Amoonguss\n|\n|-heal|p1a: Amoonguss|77\/100|[from] item: Leftovers\n|-heal|p2b: Lurantis|66\/100|[from] Ingrain\n|upkeep\n|\n|t:|1697764252\n|switch|p1b: Great Tusk|Great Tusk|100\/100\n|turn|10\n|\n|t:|1697764272\n|switch|p2a: Clefable|Clefable, F|100\/100\n|move|p1b: Great Tusk|Protect|p1b: Great Tusk\n|-singleturn|p1b: Great Tusk|Protect\n|move|p2b: Lurantis|Leaf Storm|p1b: Great Tusk\n|-activate|p1b: Great Tusk|move: Protect\n|move|p1a: Amoonguss|Spore|p2a: Clefable\n|-status|p2a: Clefable|slp|[from] move: Spore\n|\n|-heal|p1a: Amoonguss|83\/100|[from] item: Leftovers\n|-heal|p2b: Lurantis|72\/100|[from] Ingrain\n|upkeep\n|turn|11\n|inactive|Jvjghddyhf has 120 seconds left.\n|\n|t:|1697764303\n|-terastallize|p1b: Great Tusk|Rock\n|move|p1b: Great Tusk|Rollout|p2b: Lurantis\n|-damage|p2b: Lurantis|48\/100\n|cant|p2a: Clefable|slp\n|move|p2a: Clefable|Sleep Talk|p2a: Clefable\n|move|p2a: Clefable|Follow Me|p2a: Clefable|[from]move: Sleep Talk\n|-singleturn|p2a: Clefable|move: Follow Me\n|move|p2b: Lurantis|Leaf Storm|p1b: Great Tusk\n|-supereffective|p1b: Great Tusk\n|-damage|p1b: Great Tusk|0 fnt\n|-boost|p2b: Lurantis|spa|2\n|faint|p1b: Great Tusk\n|-end|p1b: Great Tusk|Protosynthesis|[silent]\n|move|p1a: Amoonguss|Clear Smog|p2a: Clefable\n|-supereffective|p2a: Clefable\n|-damage|p2a: Clefable|81\/100 slp\n|-clearboost|p2a: Clefable\n|\n|-heal|p2a: Clefable|87\/100 slp|[from] item: Leftovers\n|-heal|p1a: Amoonguss|89\/100|[from] item: Leftovers\n|-heal|p2b: Lurantis|54\/100|[from] Ingrain\n|upkeep\n|turn|12\n|-message|Jvjghddyhf forfeited.\n|\n|win|Champion's Melody\n|raw|Jvjghddyhf's rating: 1000 &rarr; <strong>1000<\/strong><br \/>(+0 for losing)\n|raw|Champion&apos;s Melody's rating: 1085 &rarr; <strong>1106<\/strong><br \/>(+21 for winning)\n|l|\u2606Jvjghddyhf\n","uploadtime":1697764325,"views":17,"p1id":"jvjghddyhf","p2id":"championsmelody","formatid":"gen9doublesou","rating":1000,"private":0,"password":""}