{"id":"gen9doublesou-1998059924","p1":"Blue Kaiser dragon","p2":"ZibbyZibbyZooBaa","format":"[Gen 9] Doubles OU","log":"|j|\u2606Blue Kaiser dragon\n|j|\u2606ZibbyZibbyZooBaa\n|t:|1700885146\n|gametype|doubles\n|player|p1|Blue Kaiser dragon|volkner|1182\n|player|p2|ZibbyZibbyZooBaa|medium|1038\n|teamsize|p1|6\n|teamsize|p2|6\n|gen|9\n|tier|[Gen 9] Doubles OU\n|rated|\n|rule|Species Clause: Limit one of each Pok\u00e9mon\n|rule|OHKO Clause: OHKO moves are banned\n|rule|Evasion Moves Clause: Evasion moves are banned\n|rule|Gravity Sleep Clause: The combination of sleep-inducing moves with imperfect accuracy and Gravity or Gigantamax Orbeetle are banned\n|rule|Endless Battle Clause: Forcing endless battles is banned\n|rule|HP Percentage Mod: HP is shown in percentages\n|clearpoke\n|poke|p1|Kleavor, M|\n|poke|p1|Scizor, M|\n|poke|p1|Ogerpon-Wellspring, F|\n|poke|p1|Rabsca, F|\n|poke|p1|Scyther, F|\n|poke|p1|Ninetales-Alola, M|\n|poke|p2|Gengar, F|\n|poke|p2|Amoonguss, F|\n|poke|p2|Pelipper, M|\n|poke|p2|Regieleki|\n|poke|p2|Gardevoir, F|\n|poke|p2|Sinistcha|\n|teampreview\n|\n|t:|1700885171\n|start\n|switch|p1a: Ninetales|Ninetales-Alola, M|100\/100\n|switch|p1b: Kleavor|Kleavor, M|100\/100\n|switch|p2a: Pelipper|Pelipper, M|100\/100\n|switch|p2b: Regieleki|Regieleki|100\/100\n|-weather|Snow|[from] ability: Snow Warning|[of] p1a: Ninetales\n|-weather|RainDance|[from] ability: Drizzle|[of] p2a: Pelipper\n|turn|1\n|\n|t:|1700885198\n|move|p2b: Regieleki|Thunder|p1a: Ninetales\n|-damage|p1a: Ninetales|21\/100\n|-status|p1a: Ninetales|par\n|move|p1b: Kleavor|Stone Axe|p2a: Pelipper\n|-supereffective|p2a: Pelipper\n|-damage|p2a: Pelipper|0 fnt\n|-sidestart|p2: ZibbyZibbyZooBaa|move: Stealth Rock\n|faint|p2a: Pelipper\n|move|p1a: Ninetales|Aurora Veil||[still]\n|-fail|p1a: Ninetales\n|\n|-weather|RainDance|[upkeep]\n|-heal|p1a: Ninetales|27\/100 par|[from] item: Leftovers\n|upkeep\n|\n|t:|1700885210\n|switch|p2a: Amoonguss|Amoonguss, F|100\/100\n|-damage|p2a: Amoonguss|88\/100|[from] Stealth Rock\n|turn|2\n|\n|t:|1700885251\n|move|p2b: Regieleki|Thunder|p1b: Kleavor\n|-damage|p1b: Kleavor|0 fnt\n|faint|p1b: Kleavor\n|move|p1a: Ninetales|Blizzard|p2a: Amoonguss|[spread] p2a,p2b\n|-supereffective|p2a: Amoonguss\n|-damage|p2a: Amoonguss|41\/100\n|-damage|p2b: Regieleki|33\/100\n|-enditem|p2b: Regieleki|Sitrus Berry|[eat]\n|-heal|p2b: Regieleki|58\/100|[from] item: Sitrus Berry\n|move|p2a: Amoonguss|Spore||[still]\n|-fail|p2a: Amoonguss\n|\n|-weather|RainDance|[upkeep]\n|-heal|p1a: Ninetales|33\/100 par|[from] item: Leftovers\n|-heal|p2a: Amoonguss|47\/100|[from] item: Leftovers\n|upkeep\n|\n|t:|1700885280\n|switch|p1b: Scyther|Scyther, F|100\/100\n|turn|3\n|\n|t:|1700885296\n|switch|p2a: Sinistcha|Sinistcha|100\/100\n|-damage|p2a: Sinistcha|88\/100|[from] Stealth Rock\n|-heal|p2b: Regieleki|83\/100|[from] ability: Hospitality|[of] p2a: Sinistcha\n|move|p1b: Scyther|Quick Attack|p2b: Regieleki\n|-damage|p2b: Regieleki|46\/100\n|move|p2b: Regieleki|Thunder|p1b: Scyther\n|-supereffective|p1b: Scyther\n|-crit|p1b: Scyther\n|-enditem|p1b: Scyther|Focus Sash\n|-damage|p1b: Scyther|1\/100\n|move|p1a: Ninetales|Blizzard|p2a: Sinistcha|[spread] p2a,p2b\n|-supereffective|p2a: Sinistcha\n|-damage|p2a: Sinistcha|8\/100\n|-damage|p2b: Regieleki|0 fnt\n|-enditem|p2a: Sinistcha|Sitrus Berry|[eat]\n|-heal|p2a: Sinistcha|33\/100|[from] item: Sitrus Berry\n|faint|p2b: Regieleki\n|\n|-weather|RainDance|[upkeep]\n|-heal|p1a: Ninetales|39\/100 par|[from] item: Leftovers\n|upkeep\n|\n|t:|1700885316\n|switch|p2b: Gardevoir|Gardevoir, F|100\/100\n|-damage|p2b: Gardevoir|88\/100|[from] Stealth Rock\n|turn|4\n|\n|t:|1700885331\n|move|p1b: Scyther|Bug Bite|p2b: Gardevoir\n|-damage|p2b: Gardevoir|6\/100\n|-enditem|p2b: Gardevoir|Sitrus Berry|[from] stealeat|[move] Bug Bite|[of] p1b: Scyther\n|-heal|p1b: Scyther|26\/100|[from] item: Sitrus Berry\n|move|p2b: Gardevoir|Dazzling Gleam|p1b: Scyther|[spread] p1a,p1b\n|-damage|p1a: Ninetales|0 fnt\n|-damage|p1b: Scyther|0 fnt\n|faint|p1a: Ninetales\n|faint|p1b: Scyther\n|move|p2a: Sinistcha|Life Dew|p2a: Sinistcha|[spread] p2a,p2b\n|-heal|p2a: Sinistcha|58\/100\n|-heal|p2b: Gardevoir|31\/100\n|\n|-weather|RainDance|[upkeep]\n|upkeep\n|\n|t:|1700885350\n|switch|p1a: Rabsca|Rabsca, F|100\/100\n|switch|p1b: Scizor|Scizor, M|100\/100\n|turn|5\n|\n|t:|1700885370\n|-terastallize|p2b: Gardevoir|Normal\n|move|p1b: Scizor|Swords Dance|p1b: Scizor\n|-boost|p1b: Scizor|atk|2\n|move|p2b: Gardevoir|Mystical Fire|p1b: Scizor\n|-supereffective|p1b: Scizor\n|-damage|p1b: Scizor|15\/100\n|-unboost|p1b: Scizor|spa|1\n|move|p2a: Sinistcha|Matcha Gotcha|p1a: Rabsca|[spread] p1a,p1b\n|-resisted|p1a: Rabsca\n|-resisted|p1b: Scizor\n|-damage|p1a: Rabsca|84\/100\n|-heal|p2a: Sinistcha|65\/100|[from] drain|[of] p1a: Rabsca\n|-damage|p1b: Scizor|3\/100\n|-heal|p2a: Sinistcha|70\/100|[from] drain|[of] p1b: Scizor\n|move|p1a: Rabsca|Revival Blessing|p1a: Rabsca\n|-enditem|p1a: Rabsca|Leppa Berry|[eat]\n|-activate|p1a: Rabsca|item: Leppa Berry|Revival Blessing|[consumed]\n|\n|t:|1700885409\n|-heal|p1: Ninetales|50\/100|[from] move: Revival Blessing\n|\n|-weather|RainDance|[upkeep]\n|upkeep\n|turn|6\n|\n|t:|1700885424\n|move|p1b: Scizor|Bug Bite|p2a: Sinistcha\n|-damage|p2a: Sinistcha|0 fnt\n|faint|p2a: Sinistcha\n|move|p2b: Gardevoir|Dazzling Gleam|p1a: Rabsca|[spread] p1a,p1b\n|-resisted|p1b: Scizor\n|-damage|p1a: Rabsca|49\/100\n|-damage|p1b: Scizor|0 fnt\n|faint|p1b: Scizor\n|move|p1a: Rabsca|Revival Blessing|p1a: Rabsca\n|\n|t:|1700885435\n|-heal|p1: Scizor|50\/100|[from] move: Revival Blessing\n|\n|-weather|RainDance|[upkeep]\n|upkeep\n|switch|p1b: Scizor|Scizor, M|50\/100\n|\n|t:|1700885444\n|switch|p2a: Amoonguss|Amoonguss, F|80\/100\n|-damage|p2a: Amoonguss|68\/100|[from] Stealth Rock\n|turn|7\n|\n|t:|1700885457\n|move|p1b: Scizor|Bullet Punch|p2b: Gardevoir\n|-damage|p2b: Gardevoir|0 fnt\n|faint|p2b: Gardevoir\n|move|p1a: Rabsca|Psychic|p2a: Amoonguss\n|-supereffective|p2a: Amoonguss\n|-damage|p2a: Amoonguss|10\/100\n|move|p2a: Amoonguss|Spore|p1b: Scizor\n|-status|p1b: Scizor|slp|[from] move: Spore\n|\n|-weather|RainDance|[upkeep]\n|-heal|p2a: Amoonguss|17\/100|[from] item: Leftovers\n|upkeep\n|\n|t:|1700885467\n|switch|p2b: Gengar|Gengar, F|100\/100\n|-damage|p2b: Gengar|88\/100|[from] Stealth Rock\n|turn|8\n|c|\u2606Blue Kaiser dragon|Being my bot back\n|c|\u2606Blue Kaiser dragon|1q\n|c|\u2606Blue Kaiser dragon|Max\n|c|\u2606ZibbyZibbyZooBaa|huh\n|\n|t:|1700885530\n|cant|p1b: Scizor|slp\n|move|p2b: Gengar|Nasty Plot|p2b: Gengar\n|-boost|p2b: Gengar|spa|2\n|move|p1a: Rabsca|Psychic|p2b: Gengar\n|-supereffective|p2b: Gengar\n|-damage|p2b: Gengar|0 fnt\n|-start|p1a: Rabsca|Disable|Psychic|[from] ability: Cursed Body|[of] p2b: Gengar\n|faint|p2b: Gengar\n|move|p2a: Amoonguss|Spore|p1a: Rabsca\n|-status|p1a: Rabsca|slp|[from] move: Spore\n|\n|-weather|none\n|-heal|p2a: Amoonguss|23\/100|[from] item: Leftovers\n|upkeep\n|turn|9\n|-message|ZibbyZibbyZooBaa forfeited.\n|\n|win|Blue Kaiser dragon\n|raw|Blue Kaiser dragon's rating: 1182 &rarr; <strong>1197<\/strong><br \/>(+15 for winning)\n|raw|ZibbyZibbyZooBaa's rating: 1038 &rarr; <strong>1028<\/strong><br \/>(-10 for losing)\n|l|\u2606ZibbyZibbyZooBaa\n","uploadtime":1700885577,"views":6,"p1id":"bluekaiserdragon","p2id":"zibbyzibbyzoobaa","formatid":"gen9doublesou","rating":1028,"private":0,"password":""}