{"id":"gen9doublesou-2000467344","p1":"Chaotic1856","p2":"GG Shake My Hand","format":"[Gen 9] Doubles OU","log":"|j|\u2606Chaotic1856\n|j|\u2606GG Shake My Hand\n|t:|1701197261\n|gametype|doubles\n|player|p1|Chaotic1856|hugh|1434\n|player|p2|GG Shake My Hand|unknown|1352\n|teamsize|p1|6\n|teamsize|p2|6\n|gen|9\n|tier|[Gen 9] Doubles OU\n|rated|\n|rule|Species Clause: Limit one of each Pok\u00e9mon\n|rule|OHKO Clause: OHKO moves are banned\n|rule|Evasion Moves Clause: Evasion moves are banned\n|rule|Gravity Sleep Clause: The combination of sleep-inducing moves with imperfect accuracy and Gravity or Gigantamax Orbeetle are banned\n|rule|Endless Battle Clause: Forcing endless battles is banned\n|rule|HP Percentage Mod: HP is shown in percentages\n|clearpoke\n|poke|p1|Typhlosion, F|\n|poke|p1|Torkoal, M|\n|poke|p1|Arcanine-Hisui, M|\n|poke|p1|Lilligant, F|\n|poke|p1|Moltres|\n|poke|p1|Ninetales, M|\n|poke|p2|Tyranitar, F|\n|poke|p2|Amoonguss, F|\n|poke|p2|Chi-Yu|\n|poke|p2|Grimmsnarl, M|\n|poke|p2|Iron Hands|\n|poke|p2|Arcanine-Hisui, F|\n|teampreview\n|\n|t:|1701197281\n|start\n|switch|p1a: Ninetales|Ninetales, M|100\/100\n|switch|p1b: Arcanine|Arcanine-Hisui, M|100\/100\n|switch|p2a: Tyranireturned|Tyranitar, F|100\/100\n|switch|p2b: Boom|Arcanine-Hisui, F|100\/100\n|-weather|SunnyDay|[from] ability: Drought|[of] p1a: Ninetales\n|-ability|p1b: Arcanine|Intimidate|boost\n|-unboost|p2a: Tyranireturned|atk|1\n|-unboost|p2b: Boom|atk|1\n|-weather|Sandstorm|[from] ability: Sand Stream|[of] p2a: Tyranireturned\n|turn|1\n|\n|t:|1701197306\n|switch|p1a: Torkoal|Torkoal, M, shiny|100\/100\n|-weather|SunnyDay|[from] ability: Drought|[of] p1a: Torkoal\n|-terastallize|p1b: Arcanine|Water\n|move|p2b: Boom|Head Smash|p1b: Arcanine\n|-damage|p1b: Arcanine|37\/100\n|move|p1b: Arcanine|Tera Blast|p2b: Boom|[anim] Tera Blast Water\n|-supereffective|p2b: Boom\n|-damage|p2b: Boom|0 fnt\n|faint|p2b: Boom\n|move|p2a: Tyranireturned|Rock Slide|p1b: Arcanine|[spread] p1a\n|-miss|p2a: Tyranireturned|p1b: Arcanine\n|-supereffective|p1a: Torkoal\n|-damage|p1a: Torkoal|71\/100\n|-damage|p2a: Tyranireturned|91\/100|[from] item: Life Orb\n|\n|-weather|SunnyDay|[upkeep]\n|upkeep\n|\n|t:|1701197321\n|switch|p2b: Snack Smiles Back|Chi-Yu|100\/100\n|-ability|p2b: Snack Smiles Back|Beads of Ruin\n|turn|2\n|\n|t:|1701197339\n|move|p2b: Snack Smiles Back|Heat Wave|p1b: Arcanine|[spread] p1a,p1b\n|-resisted|p1a: Torkoal\n|-resisted|p1b: Arcanine\n|-damage|p1a: Torkoal|0 fnt\n|-damage|p1b: Arcanine|0 fnt\n|faint|p1a: Torkoal\n|faint|p1b: Arcanine\n|move|p2a: Tyranireturned|Knock Off|p1: Torkoal|[notarget]\n|-fail|p2a: Tyranireturned\n|\n|-weather|SunnyDay|[upkeep]\n|upkeep\n|\n|t:|1701197349\n|switch|p1b: Moltres|Moltres, shiny|100\/100\n|switch|p1a: Typhlosion|Typhlosion, F|100\/100\n|turn|3\n|\n|t:|1701197358\n|move|p1a: Typhlosion|Focus Blast|p2a: Tyranireturned\n|-supereffective|p2a: Tyranireturned\n|-damage|p2a: Tyranireturned|0 fnt\n|faint|p2a: Tyranireturned\n|move|p2b: Snack Smiles Back|Heat Wave|p1b: Moltres|[spread] p1b\n|-start|p1a: Typhlosion|ability: Flash Fire\n|-resisted|p1b: Moltres\n|-damage|p1b: Moltres|39\/100\n|move|p1b: Moltres|Tailwind|p1b: Moltres\n|-sidestart|p1: Chaotic1856|move: Tailwind\n|\n|-weather|SunnyDay|[upkeep]\n|upkeep\n|\n|t:|1701197371\n|switch|p2a: 150-120-100 Steve|Iron Hands|100\/100\n|turn|4\n|\n|t:|1701197379\n|move|p2a: 150-120-100 Steve|Fake Out|p1a: Typhlosion\n|-crit|p1a: Typhlosion\n|-damage|p1a: Typhlosion|66\/100\n|cant|p1a: Typhlosion|flinch\n|move|p1b: Moltres|U-turn|p2b: Snack Smiles Back\n|-damage|p2b: Snack Smiles Back|78\/100\n|\n|t:|1701197388\n|switch|p1b: Ninetales|Ninetales, M|100\/100|[from] U-turn\n|move|p2b: Snack Smiles Back|Heat Wave|p1b: Ninetales|[spread] p1b\n|-immune|p1a: Typhlosion|[from] ability: Flash Fire\n|-resisted|p1b: Ninetales\n|-damage|p1b: Ninetales|34\/100\n|\n|-weather|SunnyDay|[upkeep]\n|upkeep\n|turn|5\n|\n|t:|1701197402\n|-terastallize|p2a: 150-120-100 Steve|Water\n|move|p1a: Typhlosion|Focus Blast|p2b: Snack Smiles Back|[miss]\n|-miss|p1a: Typhlosion|p2b: Snack Smiles Back\n|move|p1b: Ninetales|Heat Wave|p2b: Snack Smiles Back|[spread] p2b\n|-miss|p1b: Ninetales|p2a: 150-120-100 Steve\n|-resisted|p2b: Snack Smiles Back\n|-damage|p2b: Snack Smiles Back|49\/100\n|-damage|p1b: Ninetales|24\/100|[from] item: Life Orb\n|move|p2b: Snack Smiles Back|Heat Wave|p1a: Typhlosion|[spread] p1b\n|-immune|p1a: Typhlosion|[from] ability: Flash Fire\n|-resisted|p1b: Ninetales\n|-damage|p1b: Ninetales|0 fnt\n|faint|p1b: Ninetales\n|move|p2a: 150-120-100 Steve|Wild Charge|p1a: Typhlosion\n|-damage|p1a: Typhlosion|0 fnt\n|faint|p1a: Typhlosion\n|-damage|p2a: 150-120-100 Steve|91\/100|[from] Recoil\n|\n|-weather|SunnyDay|[upkeep]\n|upkeep\n|\n|t:|1701197408\n|switch|p1a: Lilligant|Lilligant, F, shiny|100\/100\n|switch|p1b: Moltres|Moltres, shiny|39\/100\n|turn|6\n|\n|t:|1701197428\n|move|p1a: Lilligant|Solar Beam||[still]\n|-prepare|p1a: Lilligant|Solar Beam\n|-anim|p1a: Lilligant|Solar Beam|p2a: 150-120-100 Steve\n|-supereffective|p2a: 150-120-100 Steve\n|-damage|p2a: 150-120-100 Steve|0 fnt\n|faint|p2a: 150-120-100 Steve\n|-end|p2a: 150-120-100 Steve|Quark Drive|[silent]\n|move|p1b: Moltres|Air Slash|p2b: Snack Smiles Back\n|-damage|p2b: Snack Smiles Back|5\/100\n|move|p2b: Snack Smiles Back|Heat Wave|p1b: Moltres|[spread] p1a,p1b\n|-supereffective|p1a: Lilligant\n|-resisted|p1b: Moltres\n|-damage|p1a: Lilligant|0 fnt\n|-damage|p1b: Moltres|0 fnt\n|faint|p1a: Lilligant\n|faint|p1b: Moltres\n|\n|win|GG Shake My Hand\n|raw|Chaotic1856's rating: 1434 &rarr; <strong>1409<\/strong><br \/>(-25 for losing)\n|raw|GG Shake My Hand's rating: 1352 &rarr; <strong>1377<\/strong><br \/>(+25 for winning)\n|l|\u2606Chaotic1856\n","uploadtime":1701197443,"views":12,"p1id":"chaotic1856","p2id":"ggshakemyhand","formatid":"gen9doublesou","rating":1377,"private":0,"password":""}