{"id":"gen9doublesou-1971057495","p1":"stao","p2":"TortillaTactica","format":"[Gen 9] Doubles OU","log":"|j|\u2606stao\n|j|\u2606TortillaTactica\n|t:|1697699782\n|gametype|doubles\n|player|p1|stao|waiter-gen4dp|1192\n|player|p2|TortillaTactica|morty|1053\n|teamsize|p1|6\n|teamsize|p2|6\n|gen|9\n|tier|[Gen 9] Doubles OU\n|rated|\n|rule|Species Clause: Limit one of each Pok\u00e9mon\n|rule|OHKO Clause: OHKO moves are banned\n|rule|Evasion Moves Clause: Evasion moves are banned\n|rule|Gravity Sleep Clause: The combination of sleep-inducing moves with imperfect accuracy and Gravity or Gigantamax Orbeetle are banned\n|rule|Endless Battle Clause: Forcing endless battles is banned\n|rule|HP Percentage Mod: HP is shown in percentages\n|clearpoke\n|poke|p1|Gliscor, F|\n|poke|p1|Arbok, M|\n|poke|p1|Mienshao, M|\n|poke|p1|Milotic, F|\n|poke|p1|Sylveon, F|\n|poke|p1|Goodra-Hisui, M|\n|poke|p2|Clodsire, F|\n|poke|p2|Politoed, M|\n|poke|p2|Regieleki|\n|poke|p2|Toxicroak, F|\n|poke|p2|Ursaluna-Bloodmoon, M|\n|poke|p2|Garganacl, F|\n|teampreview\n|\n|t:|1697699799\n|start\n|switch|p1a: Gliscor|Gliscor, F, shiny|100\/100\n|switch|p1b: Arbok|Arbok, M, shiny|100\/100\n|switch|p2a: Politoed|Politoed, M, shiny|100\/100\n|switch|p2b: Toxicroak|Toxicroak, F, shiny|100\/100\n|-ability|p1b: Arbok|Intimidate|boost\n|-unboost|p2a: Politoed|atk|1\n|-unboost|p2b: Toxicroak|atk|1\n|-weather|RainDance|[from] ability: Drizzle|[of] p2a: Politoed\n|turn|1\n|\n|t:|1697699824\n|switch|p2b: Clodsire|Clodsire, F|100\/100\n|move|p1a: Gliscor|Protect|p1a: Gliscor\n|-singleturn|p1a: Gliscor|Protect\n|move|p1b: Arbok|Toxic|p2a: Politoed\n|-status|p2a: Politoed|tox\n|move|p2a: Politoed|Icy Wind|p1b: Arbok|[spread] p1b\n|-activate|p1a: Gliscor|move: Protect\n|-damage|p1b: Arbok|89\/100\n|-unboost|p1b: Arbok|spe|1\n|\n|-weather|RainDance|[upkeep]\n|-heal|p1b: Arbok|95\/100|[from] item: Black Sludge\n|-damage|p2a: Politoed|94\/100 tox|[from] psn\n|upkeep\n|turn|2\n|\n|t:|1697699849\n|move|p1a: Gliscor|Tailwind|p1a: Gliscor\n|-sidestart|p1: stao|move: Tailwind\n|move|p1b: Arbok|Toxic|p1a: Gliscor\n|-status|p1a: Gliscor|tox\n|move|p2a: Politoed|Icy Wind|p1a: Gliscor|[spread] p1b\n|-miss|p2a: Politoed|p1a: Gliscor\n|-crit|p1b: Arbok\n|-damage|p1b: Arbok|80\/100\n|-unboost|p1b: Arbok|spe|1\n|move|p2b: Clodsire|Yawn||[still]\n|-fail|p2b: Clodsire\n|\n|-weather|RainDance|[upkeep]\n|-heal|p1b: Arbok|86\/100|[from] item: Black Sludge\n|-heal|p2a: Politoed|100\/100 tox|[from] item: Leftovers\n|-damage|p2a: Politoed|88\/100 tox|[from] psn\n|upkeep\n|turn|3\n|\n|t:|1697699879\n|move|p1b: Arbok|Protect|p1b: Arbok\n|-singleturn|p1b: Arbok|Protect\n|move|p1a: Gliscor|Knock Off|p2a: Politoed\n|-damage|p2a: Politoed|65\/100 tox\n|-enditem|p2a: Politoed|Leftovers|[from] move: Knock Off|[of] p1a: Gliscor\n|move|p2a: Politoed|Icy Wind|p1b: Arbok|[spread] p1a\n|-activate|p1b: Arbok|move: Protect\n|-supereffective|p1a: Gliscor\n|-crit|p1a: Gliscor\n|-damage|p1a: Gliscor|56\/100 tox\n|-unboost|p1a: Gliscor|spe|1\n|move|p2b: Clodsire|Stealth Rock|p1b: Arbok\n|-sidestart|p1: stao|move: Stealth Rock\n|\n|-weather|RainDance|[upkeep]\n|-heal|p1a: Gliscor|63\/100 tox|[from] item: Leftovers\n|-heal|p1b: Arbok|92\/100|[from] item: Black Sludge\n|-heal|p1a: Gliscor|75\/100 tox|[from] ability: Poison Heal\n|-damage|p2a: Politoed|46\/100 tox|[from] psn\n|upkeep\n|turn|4\n|inactive|Battle timer is ON: inactive players will automatically lose when time's up. (requested by stao)\n|inactive|stao has 120 seconds left.\n|\n|t:|1697699923\n|switch|p1a: Goodra|Goodra-Hisui, M|100\/100\n|-damage|p1a: Goodra|95\/100|[from] Stealth Rock\n|switch|p2a: Toxicroak|Toxicroak, F, shiny|100\/100\n|move|p2b: Clodsire|Yawn|p1b: Arbok\n|-start|p1b: Arbok|move: Yawn|[of] p2b: Clodsire\n|move|p1b: Arbok|Dragon Tail|p2b: Clodsire\n|-damage|p2b: Clodsire|82\/100\n|drag|p2b: Garganacl|Garganacl, F|100\/100\n|\n|-weather|RainDance|[upkeep]\n|-heal|p1b: Arbok|99\/100|[from] item: Black Sludge\n|upkeep\n|turn|5\n|\n|t:|1697699948\n|switch|p1b: Gliscor|Gliscor, F, shiny|75\/100 tox\n|-damage|p1b: Gliscor|63\/100 tox|[from] Stealth Rock\n|move|p2a: Toxicroak|Fake Out|p1a: Goodra\n|-resisted|p1a: Goodra\n|-damage|p1a: Goodra|87\/100\n|-damage|p2a: Toxicroak|91\/100|[from] item: Life Orb\n|cant|p1a: Goodra|flinch\n|move|p2b: Garganacl|Salt Cure|p1a: Goodra\n|-resisted|p1a: Goodra\n|-damage|p1a: Goodra|79\/100\n|-start|p1a: Goodra|Salt Cure\n|\n|-weather|none\n|-heal|p1b: Gliscor|69\/100 tox|[from] item: Leftovers\n|-heal|p1b: Gliscor|81\/100 tox|[from] ability: Poison Heal\n|-damage|p1a: Goodra|54\/100|[from] Salt Cure\n|-sideend|p1: stao|move: Tailwind\n|upkeep\n|turn|6\n|inactive|TortillaTactica has 120 seconds left.\n|\n|t:|1697699979\n|move|p2a: Toxicroak|Knock Off|p1b: Gliscor\n|-damage|p1b: Gliscor|50\/100 tox\n|-enditem|p1b: Gliscor|Leftovers|[from] move: Knock Off|[of] p2a: Toxicroak\n|-damage|p2a: Toxicroak|81\/100|[from] item: Life Orb\n|move|p1b: Gliscor|Tailwind|p1b: Gliscor\n|-sidestart|p1: stao|move: Tailwind\n|move|p1a: Goodra|Earthquake|p2a: Toxicroak|[spread] p2a,p2b\n|-immune|p1b: Gliscor\n|-supereffective|p2a: Toxicroak\n|-supereffective|p2b: Garganacl\n|-damage|p2a: Toxicroak|3\/100\n|-damage|p2b: Garganacl|73\/100\n|move|p2b: Garganacl|Rock Slide|p1a: Goodra|[spread] p1a,p1b\n|-resisted|p1a: Goodra\n|-damage|p1a: Goodra|43\/100\n|-damage|p1b: Gliscor|32\/100 tox\n|\n|-heal|p1b: Gliscor|44\/100 tox|[from] ability: Poison Heal\n|-damage|p1a: Goodra|18\/100|[from] Salt Cure\n|upkeep\n|turn|7\n|inactive|TortillaTactica has 120 seconds left.\n|inactive|stao has 120 seconds left.\n|\n|t:|1697700024\n|move|p1b: Gliscor|Knock Off|p2a: Toxicroak\n|-resisted|p2a: Toxicroak\n|-damage|p2a: Toxicroak|0 fnt\n|-enditem|p2a: Toxicroak|Life Orb|[from] move: Knock Off|[of] p1b: Gliscor\n|faint|p2a: Toxicroak\n|move|p1a: Goodra|Draco Meteor|p2b: Garganacl|[miss]\n|-miss|p1a: Goodra|p2b: Garganacl\n|move|p2b: Garganacl|Salt Cure|p1b: Gliscor\n|-damage|p1b: Gliscor|30\/100 tox\n|-start|p1b: Gliscor|Salt Cure\n|\n|-heal|p1b: Gliscor|42\/100 tox|[from] ability: Poison Heal\n|-damage|p1b: Gliscor|30\/100 tox|[from] Salt Cure\n|-damage|p1a: Goodra|0 fnt|[from] Salt Cure\n|faint|p1a: Goodra\n|upkeep\n|inactive|stao has 120 seconds left.\n|\n|t:|1697700046\n|switch|p2a: Ursaluna|Ursaluna-Bloodmoon, M|100\/100\n|switch|p1a: Milotic|Milotic, F|100\/100\n|-damage|p1a: Milotic|88\/100|[from] Stealth Rock\n|turn|8\n|\n|t:|1697700067\n|move|p1b: Gliscor|Knock Off|p2a: Ursaluna\n|-damage|p2a: Ursaluna|87\/100\n|-enditem|p2a: Ursaluna|Assault Vest|[from] move: Knock Off|[of] p1b: Gliscor\n|move|p1a: Milotic|Light Screen|p1a: Milotic\n|-sidestart|p1: stao|move: Light Screen\n|move|p2a: Ursaluna|Blood Moon|p1a: Milotic\n|-damage|p1a: Milotic|49\/100\n|move|p2b: Garganacl|Salt Cure|p1a: Milotic\n|-damage|p1a: Milotic|36\/100\n|-start|p1a: Milotic|Salt Cure\n|\n|-heal|p1b: Gliscor|42\/100 tox|[from] ability: Poison Heal\n|-damage|p1b: Gliscor|30\/100 tox|[from] Salt Cure\n|-damage|p1a: Milotic|11\/100|[from] Salt Cure\n|upkeep\n|turn|9\n|\n|t:|1697700097\n|move|p1b: Gliscor|Knock Off|p2b: Garganacl\n|-damage|p2b: Garganacl|61\/100\n|-enditem|p2b: Garganacl|Heavy-Duty Boots|[from] move: Knock Off|[of] p1b: Gliscor\n|move|p1a: Milotic|Scald|p2b: Garganacl\n|-supereffective|p2b: Garganacl\n|-damage|p2b: Garganacl|1\/100\n|move|p2a: Ursaluna|Moonblast|p1b: Gliscor\n|-crit|p1b: Gliscor\n|-damage|p1b: Gliscor|0 fnt\n|faint|p1b: Gliscor\n|move|p2b: Garganacl|Rock Slide|p1a: Milotic\n|-damage|p1a: Milotic|0 fnt\n|faint|p1a: Milotic\n|\n|-sideend|p1: stao|move: Tailwind\n|upkeep\n|inactive|stao has 120 seconds left.\n|\n|t:|1697700115\n|switch|p1b: Mienshao|Mienshao, M, shiny|100\/100\n|switch|p1a: Sylveon|Sylveon, F|100\/100\n|-damage|p1b: Mienshao|95\/100|[from] Stealth Rock\n|-damage|p1a: Sylveon|88\/100|[from] Stealth Rock\n|turn|10\n|\n|t:|1697700127\n|move|p1b: Mienshao|Fake Out|p2a: Ursaluna\n|-damage|p2a: Ursaluna|80\/100\n|move|p1a: Sylveon|Hyper Voice|p2b: Garganacl|[spread] p2a,p2b\n|-damage|p2a: Ursaluna|24\/100\n|-damage|p2b: Garganacl|0 fnt\n|faint|p2b: Garganacl\n|-enditem|p1a: Sylveon|Throat Spray\n|-boost|p1a: Sylveon|spa|1|[from] item: Throat Spray\n|cant|p2a: Ursaluna|flinch\n|\n|upkeep\n|\n|t:|1697700144\n|switch|p2b: Clodsire|Clodsire, F|82\/100\n|turn|11\n|\n|t:|1697700174\n|move|p1b: Mienshao|Close Combat|p2a: Ursaluna\n|-supereffective|p2a: Ursaluna\n|-damage|p2a: Ursaluna|0 fnt\n|-unboost|p1b: Mienshao|def|1\n|-unboost|p1b: Mienshao|spd|1\n|faint|p2a: Ursaluna\n|move|p1a: Sylveon|Substitute|p1a: Sylveon\n|-start|p1a: Sylveon|Substitute\n|-damage|p1a: Sylveon|63\/100\n|move|p2b: Clodsire|Yawn|p1b: Mienshao\n|-start|p1b: Mienshao|move: Yawn|[of] p2b: Clodsire\n|\n|-heal|p2b: Clodsire|88\/100|[from] item: Black Sludge\n|upkeep\n|\n|t:|1697700189\n|switch|p2a: Politoed|Politoed, M, shiny|46\/100 tox\n|-weather|RainDance|[from] ability: Drizzle|[of] p2a: Politoed\n|turn|12\n|\n|t:|1697700206\n|move|p1b: Mienshao|U-turn|p2a: Politoed\n|-damage|p2a: Politoed|25\/100 tox\n|\n|t:|1697700208\n|switch|p1b: Arbok|Arbok, M, shiny|99\/100|[from] U-turn\n|-damage|p1b: Arbok|86\/100|[from] Stealth Rock\n|-ability|p1b: Arbok|Intimidate|boost\n|-unboost|p2a: Politoed|atk|1\n|-unboost|p2b: Clodsire|atk|1\n|move|p2a: Politoed|Muddy Water|p1b: Arbok|[spread] p1b\n|-miss|p2a: Politoed|p1a: Sylveon\n|-damage|p1b: Arbok|59\/100\n|move|p1a: Sylveon|Wish|p1a: Sylveon\n|move|p2b: Clodsire|Earthquake|p1b: Arbok|[spread] p2a,p1a,p1b\n|-activate|p1a: Sylveon|move: Substitute|[damage]\n|-supereffective|p1b: Arbok\n|-damage|p2a: Politoed|11\/100 tox\n|-damage|p1b: Arbok|15\/100\n|\n|-weather|RainDance|[upkeep]\n|-heal|p1b: Arbok|21\/100|[from] item: Black Sludge\n|-heal|p2b: Clodsire|94\/100|[from] item: Black Sludge\n|-damage|p2a: Politoed|4\/100 tox|[from] psn\n|-sideend|p1: stao|move: Light Screen\n|upkeep\n|turn|13\n|inactive|stao has 120 seconds left.\n|\n|t:|1697700240\n|move|p1b: Arbok|Protect|p1b: Arbok\n|-singleturn|p1b: Arbok|Protect\n|move|p2a: Politoed|Muddy Water|p1b: Arbok|[spread] p1a\n|-activate|p1b: Arbok|move: Protect\n|-end|p1a: Sylveon|Substitute\n|move|p1a: Sylveon|Hyper Voice|p2b: Clodsire|[spread] p2a,p2b\n|-resisted|p2b: Clodsire\n|-damage|p2a: Politoed|0 fnt\n|-damage|p2b: Clodsire|77\/100\n|faint|p2a: Politoed\n|move|p2b: Clodsire|Earthquake|p1b: Arbok|[spread] p1a\n|-activate|p1b: Arbok|move: Protect\n|-damage|p1a: Sylveon|46\/100\n|\n|-weather|RainDance|[upkeep]\n|-heal|p1a: Sylveon|96\/100|[from] move: Wish|[wisher] Sylveon\n|-heal|p1b: Arbok|27\/100|[from] item: Black Sludge\n|-heal|p2b: Clodsire|84\/100|[from] item: Black Sludge\n|upkeep\n|inactive|TortillaTactica has 120 seconds left.\n|\n|t:|1697700260\n|switch|p2a: Regieleki|Regieleki|100\/100\n|turn|14\n|\n|t:|1697700278\n|-terastallize|p2a: Regieleki|Electric\n|move|p1a: Sylveon|Protect|p1a: Sylveon\n|-singleturn|p1a: Sylveon|Protect\n|move|p2a: Regieleki|Thunder|p1a: Sylveon\n|-activate|p1a: Sylveon|move: Protect\n|move|p1b: Arbok|Gunk Shot|p2a: Regieleki\n|-damage|p2a: Regieleki|0 fnt\n|faint|p2a: Regieleki\n|move|p2b: Clodsire|Yawn|p1b: Arbok\n|-start|p1b: Arbok|move: Yawn|[of] p2b: Clodsire\n|\n|-weather|RainDance|[upkeep]\n|-heal|p1b: Arbok|33\/100|[from] item: Black Sludge\n|-heal|p2b: Clodsire|90\/100|[from] item: Black Sludge\n|upkeep\n|turn|15\n|inactive|stao has 120 seconds left.\n|\n|t:|1697700309\n|move|p1a: Sylveon|Substitute|p1a: Sylveon\n|-start|p1a: Sylveon|Substitute\n|-damage|p1a: Sylveon|72\/100\n|move|p2b: Clodsire|Earthquake|p1a: Sylveon|[spread] p1a,p1b\n|-activate|p1a: Sylveon|move: Substitute|[damage]\n|-supereffective|p1b: Arbok\n|-damage|p1b: Arbok|0 fnt\n|faint|p1b: Arbok\n|\n|-weather|RainDance|[upkeep]\n|-heal|p2b: Clodsire|96\/100|[from] item: Black Sludge\n|upkeep\n|inactive|stao has 120 seconds left.\n|\n|t:|1697700320\n|switch|p1b: Mienshao|Mienshao, M, shiny|100\/100\n|-damage|p1b: Mienshao|95\/100|[from] Stealth Rock\n|turn|16\n|\n|t:|1697700333\n|move|p1b: Mienshao|Fake Out|p2b: Clodsire\n|-damage|p2b: Clodsire|83\/100\n|move|p1a: Sylveon|Hyper Voice|p2b: Clodsire\n|-resisted|p2b: Clodsire\n|-damage|p2b: Clodsire|63\/100\n|cant|p2b: Clodsire|flinch\n|\n|-weather|none\n|-heal|p2b: Clodsire|69\/100|[from] item: Black Sludge\n|upkeep\n|turn|17\n|\n|t:|1697700348\n|move|p1b: Mienshao|Wide Guard|p1b: Mienshao\n|-singleturn|p1b: Mienshao|Wide Guard\n|move|p1a: Sylveon|Hyper Voice|p2b: Clodsire\n|-resisted|p2b: Clodsire\n|-damage|p2b: Clodsire|47\/100\n|move|p2b: Clodsire|Yawn|p1b: Mienshao\n|-start|p1b: Mienshao|move: Yawn|[of] p2b: Clodsire\n|\n|-heal|p2b: Clodsire|53\/100|[from] item: Black Sludge\n|upkeep\n|turn|18\n|\n|t:|1697700367\n|move|p1b: Mienshao|Close Combat|p2b: Clodsire\n|-resisted|p2b: Clodsire\n|-damage|p2b: Clodsire|25\/100\n|-unboost|p1b: Mienshao|def|1\n|-unboost|p1b: Mienshao|spd|1\n|move|p1a: Sylveon|Hyper Voice|p2b: Clodsire\n|-resisted|p2b: Clodsire\n|-damage|p2b: Clodsire|3\/100\n|move|p2b: Clodsire|Recover|p2b: Clodsire\n|-heal|p2b: Clodsire|53\/100\n|\n|-heal|p2b: Clodsire|59\/100|[from] item: Black Sludge\n|-end|p1b: Mienshao|move: Yawn|[silent]\n|-status|p1b: Mienshao|slp\n|upkeep\n|turn|19\n|\n|t:|1697700388\n|cant|p1b: Mienshao|slp\n|move|p1a: Sylveon|Hyper Voice|p2b: Clodsire\n|-resisted|p2b: Clodsire\n|-damage|p2b: Clodsire|36\/100\n|move|p2b: Clodsire|Recover|p2b: Clodsire\n|-heal|p2b: Clodsire|86\/100\n|\n|-heal|p2b: Clodsire|93\/100|[from] item: Black Sludge\n|upkeep\n|turn|20\n|\n|t:|1697700407\n|cant|p1b: Mienshao|slp\n|move|p1a: Sylveon|Hyper Voice|p2b: Clodsire\n|-resisted|p2b: Clodsire\n|-damage|p2b: Clodsire|72\/100\n|move|p2b: Clodsire|Earthquake|p1a: Sylveon|[spread] p1a,p1b\n|-end|p1a: Sylveon|Substitute\n|-damage|p1b: Mienshao|68\/100 slp\n|\n|-heal|p2b: Clodsire|78\/100|[from] item: Black Sludge\n|upkeep\n|turn|21\n|\n|t:|1697700425\n|-curestatus|p1b: Mienshao|slp|[msg]\n|move|p1b: Mienshao|U-turn|p2b: Clodsire\n|-resisted|p2b: Clodsire\n|-damage|p2b: Clodsire|68\/100\n|move|p1a: Sylveon|Substitute|p1a: Sylveon\n|-start|p1a: Sylveon|Substitute\n|-damage|p1a: Sylveon|47\/100\n|move|p2b: Clodsire|Earthquake|p1a: Sylveon|[spread] p1a,p1b\n|-activate|p1a: Sylveon|move: Substitute|[damage]\n|-damage|p1b: Mienshao|40\/100\n|\n|-heal|p2b: Clodsire|74\/100|[from] item: Black Sludge\n|upkeep\n|turn|22\n|\n|t:|1697700444\n|move|p1b: Mienshao|U-turn|p2b: Clodsire\n|-resisted|p2b: Clodsire\n|-damage|p2b: Clodsire|63\/100\n|move|p1a: Sylveon|Wish|p1a: Sylveon\n|move|p2b: Clodsire|Earthquake|p1a: Sylveon|[spread] p1a,p1b\n|-end|p1a: Sylveon|Substitute\n|-crit|p1b: Mienshao\n|-damage|p1b: Mienshao|0 fnt\n|faint|p1b: Mienshao\n|\n|-heal|p2b: Clodsire|69\/100|[from] item: Black Sludge\n|upkeep\n|turn|23\n|\n|t:|1697700471\n|move|p1a: Sylveon|Protect|p1a: Sylveon\n|-singleturn|p1a: Sylveon|Protect\n|move|p2b: Clodsire|Yawn|p1a: Sylveon\n|-activate|p1a: Sylveon|move: Protect\n|\n|-heal|p1a: Sylveon|97\/100|[from] move: Wish|[wisher] Sylveon\n|-heal|p2b: Clodsire|75\/100|[from] item: Black Sludge\n|upkeep\n|turn|24\n|\n|t:|1697700487\n|move|p1a: Sylveon|Wish|p1a: Sylveon\n|move|p2b: Clodsire|Earthquake|p1a: Sylveon\n|-damage|p1a: Sylveon|75\/100\n|\n|-heal|p2b: Clodsire|82\/100|[from] item: Black Sludge\n|upkeep\n|turn|25\n|\n|t:|1697700501\n|move|p1a: Sylveon|Substitute|p1a: Sylveon\n|-start|p1a: Sylveon|Substitute\n|-damage|p1a: Sylveon|50\/100\n|move|p2b: Clodsire|Yawn||[still]\n|-fail|p2b: Clodsire\n|\n|-heal|p1a: Sylveon|99\/100|[from] move: Wish|[wisher] Sylveon\n|-heal|p2b: Clodsire|88\/100|[from] item: Black Sludge\n|upkeep\n|turn|26\n|\n|t:|1697700512\n|move|p1a: Sylveon|Hyper Voice|p2b: Clodsire\n|-resisted|p2b: Clodsire\n|-damage|p2b: Clodsire|65\/100\n|move|p2b: Clodsire|Earthquake|p1a: Sylveon\n|-activate|p1a: Sylveon|move: Substitute|[damage]\n|\n|-heal|p2b: Clodsire|71\/100|[from] item: Black Sludge\n|upkeep\n|turn|27\n|\n|t:|1697700521\n|move|p1a: Sylveon|Hyper Voice|p2b: Clodsire\n|-resisted|p2b: Clodsire\n|-damage|p2b: Clodsire|48\/100\n|move|p2b: Clodsire|Earthquake|p1a: Sylveon\n|-end|p1a: Sylveon|Substitute\n|\n|-heal|p2b: Clodsire|54\/100|[from] item: Black Sludge\n|upkeep\n|turn|28\n|\n|t:|1697700534\n|move|p1a: Sylveon|Substitute|p1a: Sylveon\n|-start|p1a: Sylveon|Substitute\n|-damage|p1a: Sylveon|75\/100\n|move|p2b: Clodsire|Yawn||[still]\n|-fail|p2b: Clodsire\n|\n|-heal|p2b: Clodsire|60\/100|[from] item: Black Sludge\n|upkeep\n|turn|29\n|\n|t:|1697700542\n|move|p1a: Sylveon|Hyper Voice|p2b: Clodsire\n|-resisted|p2b: Clodsire\n|-damage|p2b: Clodsire|40\/100\n|move|p2b: Clodsire|Earthquake|p1a: Sylveon\n|-activate|p1a: Sylveon|move: Substitute|[damage]\n|\n|-heal|p2b: Clodsire|47\/100|[from] item: Black Sludge\n|upkeep\n|turn|30\n|\n|t:|1697700551\n|move|p1a: Sylveon|Hyper Voice|p2b: Clodsire\n|-resisted|p2b: Clodsire\n|-damage|p2b: Clodsire|24\/100\n|move|p2b: Clodsire|Earthquake|p1a: Sylveon\n|-crit|p1a: Sylveon\n|-end|p1a: Sylveon|Substitute\n|\n|-heal|p2b: Clodsire|30\/100|[from] item: Black Sludge\n|upkeep\n|turn|31\n|\n|t:|1697700568\n|move|p1a: Sylveon|Substitute|p1a: Sylveon\n|-start|p1a: Sylveon|Substitute\n|-damage|p1a: Sylveon|50\/100\n|move|p2b: Clodsire|Recover|p2b: Clodsire\n|-heal|p2b: Clodsire|80\/100\n|\n|-heal|p2b: Clodsire|87\/100|[from] item: Black Sludge\n|upkeep\n|turn|32\n|\n|t:|1697700577\n|move|p1a: Sylveon|Wish|p1a: Sylveon\n|move|p2b: Clodsire|Earthquake|p1a: Sylveon\n|-activate|p1a: Sylveon|move: Substitute|[damage]\n|\n|-heal|p2b: Clodsire|93\/100|[from] item: Black Sludge\n|upkeep\n|turn|33\n|\n|t:|1697700589\n|move|p1a: Sylveon|Hyper Voice|p2b: Clodsire\n|-resisted|p2b: Clodsire\n|-damage|p2b: Clodsire|72\/100\n|move|p2b: Clodsire|Earthquake|p1a: Sylveon\n|-end|p1a: Sylveon|Substitute\n|\n|-heal|p1a: Sylveon|99\/100|[from] move: Wish|[wisher] Sylveon\n|-heal|p2b: Clodsire|78\/100|[from] item: Black Sludge\n|upkeep\n|turn|34\n|\n|t:|1697700600\n|move|p1a: Sylveon|Substitute|p1a: Sylveon\n|-start|p1a: Sylveon|Substitute\n|-damage|p1a: Sylveon|75\/100\n|move|p2b: Clodsire|Yawn||[still]\n|-fail|p2b: Clodsire\n|\n|-heal|p2b: Clodsire|84\/100|[from] item: Black Sludge\n|upkeep\n|turn|35\n|\n|t:|1697700612\n|move|p1a: Sylveon|Hyper Voice|p2b: Clodsire\n|-resisted|p2b: Clodsire\n|-damage|p2b: Clodsire|64\/100\n|move|p2b: Clodsire|Stealth Rock||[still]\n|-fail|p2b: Clodsire\n|\n|-heal|p2b: Clodsire|70\/100|[from] item: Black Sludge\n|upkeep\n|turn|36\n|\n|t:|1697700624\n|move|p1a: Sylveon|Protect|p1a: Sylveon\n|-singleturn|p1a: Sylveon|Protect\n|move|p2b: Clodsire|Stealth Rock||[still]\n|-fail|p2b: Clodsire\n|\n|-heal|p2b: Clodsire|76\/100|[from] item: Black Sludge\n|upkeep\n|turn|37\n|\n|t:|1697700638\n|move|p1a: Sylveon|Wish|p1a: Sylveon\n|move|p2b: Clodsire|Stealth Rock||[still]\n|-fail|p2b: Clodsire\n|\n|-heal|p2b: Clodsire|82\/100|[from] item: Black Sludge\n|upkeep\n|turn|38\n|\n|t:|1697700645\n|move|p1a: Sylveon|Protect|p1a: Sylveon\n|-singleturn|p1a: Sylveon|Protect\n|move|p2b: Clodsire|Stealth Rock||[still]\n|-fail|p2b: Clodsire\n|\n|-heal|p1a: Sylveon|100\/100|[from] move: Wish|[wisher] Sylveon\n|-heal|p2b: Clodsire|89\/100|[from] item: Black Sludge\n|upkeep\n|turn|39\n|\n|t:|1697700665\n|move|p1a: Sylveon|Hyper Voice|p2b: Clodsire\n|-resisted|p2b: Clodsire\n|-damage|p2b: Clodsire|66\/100\n|move|p2b: Clodsire|Stealth Rock||[still]\n|-fail|p2b: Clodsire\n|\n|-heal|p2b: Clodsire|72\/100|[from] item: Black Sludge\n|upkeep\n|turn|40\n|\n|t:|1697700678\n|move|p1a: Sylveon|Hyper Voice|p2b: Clodsire\n|-resisted|p2b: Clodsire\n|-damage|p2b: Clodsire|52\/100\n|move|p2b: Clodsire|Stealth Rock||[still]\n|-fail|p2b: Clodsire\n|\n|-heal|p2b: Clodsire|59\/100|[from] item: Black Sludge\n|upkeep\n|turn|41\n|\n|t:|1697700690\n|move|p1a: Sylveon|Hyper Voice|p2b: Clodsire\n|-resisted|p2b: Clodsire\n|-damage|p2b: Clodsire|37\/100\n|move|p2b: Clodsire|Stealth Rock||[still]\n|-fail|p2b: Clodsire\n|\n|-heal|p2b: Clodsire|44\/100|[from] item: Black Sludge\n|upkeep\n|turn|42\n|\n|t:|1697700702\n|move|p1a: Sylveon|Protect|p1a: Sylveon\n|-singleturn|p1a: Sylveon|Protect\n|move|p2b: Clodsire|Stealth Rock||[still]\n|-fail|p2b: Clodsire\n|\n|-heal|p2b: Clodsire|50\/100|[from] item: Black Sludge\n|upkeep\n|turn|43\n|\n|t:|1697700724\n|move|p1a: Sylveon|Protect||[still]\n|-fail|p1a: Sylveon\n|move|p2b: Clodsire|Stealth Rock||[still]\n|-fail|p2b: Clodsire\n|\n|-heal|p2b: Clodsire|56\/100|[from] item: Black Sludge\n|upkeep\n|turn|44\n|\n|t:|1697700733\n|move|p1a: Sylveon|Protect|p1a: Sylveon\n|-singleturn|p1a: Sylveon|Protect\n|move|p2b: Clodsire|Stealth Rock||[still]\n|-fail|p2b: Clodsire\n|\n|-heal|p2b: Clodsire|62\/100|[from] item: Black Sludge\n|upkeep\n|turn|45\n|\n|t:|1697700743\n|move|p1a: Sylveon|Substitute|p1a: Sylveon\n|-fail|p1a: Sylveon|move: Substitute\n|move|p2b: Clodsire|Stealth Rock||[still]\n|-fail|p2b: Clodsire\n|\n|-heal|p2b: Clodsire|69\/100|[from] item: Black Sludge\n|upkeep\n|turn|46\n|\n|t:|1697700764\n|move|p1a: Sylveon|Substitute|p1a: Sylveon\n|-fail|p1a: Sylveon|move: Substitute\n|move|p2b: Clodsire|Stealth Rock||[still]\n|-fail|p2b: Clodsire\n|\n|-heal|p2b: Clodsire|75\/100|[from] item: Black Sludge\n|upkeep\n|turn|47\n|\n|t:|1697700773\n|move|p1a: Sylveon|Substitute|p1a: Sylveon\n|-fail|p1a: Sylveon|move: Substitute\n|move|p2b: Clodsire|Stealth Rock||[still]\n|-fail|p2b: Clodsire\n|\n|-heal|p2b: Clodsire|81\/100|[from] item: Black Sludge\n|upkeep\n|turn|48\n|\n|t:|1697700781\n|move|p1a: Sylveon|Substitute|p1a: Sylveon\n|-fail|p1a: Sylveon|move: Substitute\n|move|p2b: Clodsire|Stealth Rock||[still]\n|-fail|p2b: Clodsire\n|\n|-heal|p2b: Clodsire|87\/100|[from] item: Black Sludge\n|upkeep\n|turn|49\n|\n|t:|1697700799\n|move|p1a: Sylveon|Substitute|p1a: Sylveon\n|-fail|p1a: Sylveon|move: Substitute\n|move|p2b: Clodsire|Stealth Rock||[still]\n|-fail|p2b: Clodsire\n|\n|-heal|p2b: Clodsire|94\/100|[from] item: Black Sludge\n|upkeep\n|turn|50\n|\n|t:|1697700815\n|move|p1a: Sylveon|Substitute|p1a: Sylveon\n|-fail|p1a: Sylveon|move: Substitute\n|move|p2b: Clodsire|Stealth Rock||[still]\n|-fail|p2b: Clodsire\n|\n|-heal|p2b: Clodsire|99\/100|[from] item: Black Sludge\n|upkeep\n|turn|51\n|\n|t:|1697700822\n|move|p1a: Sylveon|Substitute|p1a: Sylveon\n|-fail|p1a: Sylveon|move: Substitute\n|move|p2b: Clodsire|Stealth Rock||[still]\n|-fail|p2b: Clodsire\n|\n|-heal|p2b: Clodsire|100\/100|[from] item: Black Sludge\n|upkeep\n|turn|52\n|\n|t:|1697700834\n|move|p1a: Sylveon|Substitute|p1a: Sylveon\n|-fail|p1a: Sylveon|move: Substitute\n|move|p2b: Clodsire|Stealth Rock||[still]\n|-fail|p2b: Clodsire\n|\n|upkeep\n|turn|53\n|\n|t:|1697700841\n|move|p1a: Sylveon|Substitute|p1a: Sylveon\n|-fail|p1a: Sylveon|move: Substitute\n|move|p2b: Clodsire|Stealth Rock||[still]\n|-fail|p2b: Clodsire\n|\n|upkeep\n|turn|54\n|\n|t:|1697700849\n|move|p1a: Sylveon|Protect|p1a: Sylveon\n|-singleturn|p1a: Sylveon|Protect\n|move|p2b: Clodsire|Stealth Rock||[still]\n|-fail|p2b: Clodsire\n|\n|upkeep\n|turn|55\n|\n|t:|1697700858\n|move|p1a: Sylveon|Protect||[still]\n|-fail|p1a: Sylveon\n|move|p2b: Clodsire|Stealth Rock||[still]\n|-fail|p2b: Clodsire\n|\n|upkeep\n|turn|56\n|\n|t:|1697700869\n|move|p1a: Sylveon|Protect|p1a: Sylveon\n|-singleturn|p1a: Sylveon|Protect\n|move|p2b: Clodsire|Stealth Rock||[still]\n|-fail|p2b: Clodsire\n|\n|upkeep\n|turn|57\n|\n|t:|1697700882\n|move|p1a: Sylveon|Protect||[still]\n|-fail|p1a: Sylveon\n|move|p2b: Clodsire|Stealth Rock||[still]\n|-fail|p2b: Clodsire\n|\n|upkeep\n|turn|58\n|\n|t:|1697700892\n|move|p1a: Sylveon|Protect|p1a: Sylveon\n|-singleturn|p1a: Sylveon|Protect\n|move|p2b: Clodsire|Stealth Rock||[still]\n|-fail|p2b: Clodsire\n|\n|upkeep\n|turn|59\n|\n|t:|1697700899\n|move|p1a: Sylveon|Protect||[still]\n|-fail|p1a: Sylveon\n|move|p2b: Clodsire|Stealth Rock||[still]\n|-fail|p2b: Clodsire\n|\n|upkeep\n|turn|60\n|\n|t:|1697700908\n|move|p1a: Sylveon|Wish|p1a: Sylveon\n|move|p2b: Clodsire|Stealth Rock||[still]\n|-fail|p2b: Clodsire\n|\n|upkeep\n|turn|61\n|\n|t:|1697700913\n|move|p1a: Sylveon|Protect|p1a: Sylveon\n|-singleturn|p1a: Sylveon|Protect\n|move|p2b: Clodsire|Stealth Rock||[still]\n|-fail|p2b: Clodsire\n|\n|upkeep\n|turn|62\n|\n|t:|1697700919\n|move|p1a: Sylveon|Wish|p1a: Sylveon\n|move|p2b: Clodsire|Stealth Rock||[still]\n|-fail|p2b: Clodsire\n|\n|upkeep\n|turn|63\n|\n|t:|1697700924\n|move|p1a: Sylveon|Wish||[still]\n|-fail|p1a: Sylveon\n|move|p2b: Clodsire|Stealth Rock||[still]\n|-fail|p2b: Clodsire\n|\n|upkeep\n|turn|64\n|\n|t:|1697700930\n|move|p1a: Sylveon|Wish|p1a: Sylveon\n|move|p2b: Clodsire|Stealth Rock||[still]\n|-fail|p2b: Clodsire\n|\n|upkeep\n|turn|65\n|\n|t:|1697700935\n|move|p1a: Sylveon|Wish||[still]\n|-fail|p1a: Sylveon\n|move|p2b: Clodsire|Stealth Rock||[still]\n|-fail|p2b: Clodsire\n|\n|upkeep\n|turn|66\n|\n|t:|1697700942\n|move|p1a: Sylveon|Wish|p1a: Sylveon\n|move|p2b: Clodsire|Earthquake|p1a: Sylveon\n|-activate|p1a: Sylveon|move: Substitute|[damage]\n|\n|upkeep\n|turn|67\n|\n|t:|1697700949\n|move|p1a: Sylveon|Wish||[still]\n|-fail|p1a: Sylveon\n|move|p2b: Clodsire|Earthquake|p1a: Sylveon\n|-end|p1a: Sylveon|Substitute\n|\n|upkeep\n|turn|68\n|\n|t:|1697700958\n|move|p1a: Sylveon|Protect|p1a: Sylveon\n|-singleturn|p1a: Sylveon|Protect\n|move|p2b: Clodsire|Yawn|p1a: Sylveon\n|-activate|p1a: Sylveon|move: Protect\n|\n|upkeep\n|turn|69\n|\n|t:|1697700968\n|move|p1a: Sylveon|Wish|p1a: Sylveon\n|move|p2b: Clodsire|Yawn|p1a: Sylveon\n|-start|p1a: Sylveon|move: Yawn|[of] p2b: Clodsire\n|\n|upkeep\n|turn|70\n|\n|t:|1697700978\n|move|p1a: Sylveon|Wish||[still]\n|-fail|p1a: Sylveon\n|move|p2b: Clodsire|Yawn||[still]\n|-fail|p2b: Clodsire\n|\n|-end|p1a: Sylveon|move: Yawn|[silent]\n|-status|p1a: Sylveon|slp\n|upkeep\n|turn|71\n|\n|t:|1697700989\n|cant|p1a: Sylveon|slp\n|move|p2b: Clodsire|Recover||[still]\n|-fail|p2b: Clodsire|heal\n|\n|upkeep\n|turn|72\n|\n|t:|1697700998\n|cant|p1a: Sylveon|slp\n|move|p2b: Clodsire|Yawn||[still]\n|-fail|p2b: Clodsire\n|\n|upkeep\n|turn|73\n|\n|t:|1697701004\n|cant|p1a: Sylveon|slp\n|move|p2b: Clodsire|Recover||[still]\n|-fail|p2b: Clodsire|heal\n|\n|upkeep\n|turn|74\n|\n|t:|1697701010\n|-curestatus|p1a: Sylveon|slp|[msg]\n|move|p1a: Sylveon|Wish|p1a: Sylveon\n|move|p2b: Clodsire|Recover||[still]\n|-fail|p2b: Clodsire|heal\n|\n|upkeep\n|turn|75\n|\n|t:|1697701020\n|move|p1a: Sylveon|Wish||[still]\n|-fail|p1a: Sylveon\n|move|p2b: Clodsire|Yawn|p1a: Sylveon\n|-start|p1a: Sylveon|move: Yawn|[of] p2b: Clodsire\n|\n|upkeep\n|turn|76\n|\n|t:|1697701030\n|move|p1a: Sylveon|Protect|p1a: Sylveon\n|-singleturn|p1a: Sylveon|Protect\n|move|p2b: Clodsire|Yawn|p1a: Sylveon\n|-activate|p1a: Sylveon|move: Protect\n|\n|-end|p1a: Sylveon|move: Yawn|[silent]\n|-status|p1a: Sylveon|slp\n|upkeep\n|turn|77\n|\n|t:|1697701039\n|cant|p1a: Sylveon|slp\n|move|p2b: Clodsire|Earthquake|p1a: Sylveon\n|-damage|p1a: Sylveon|80\/100 slp\n|\n|upkeep\n|turn|78\n|\n|t:|1697701049\n|cant|p1a: Sylveon|slp\n|move|p2b: Clodsire|Recover||[still]\n|-fail|p2b: Clodsire|heal\n|\n|upkeep\n|turn|79\n|\n|t:|1697701060\n|-curestatus|p1a: Sylveon|slp|[msg]\n|-activate|p1a: Sylveon|move: Struggle\n|move|p1a: Sylveon|Struggle|p2b: Clodsire\n|-damage|p2b: Clodsire|94\/100\n|-damage|p1a: Sylveon|55\/100|[from] recoil\n|move|p2b: Clodsire|Yawn|p1a: Sylveon\n|-start|p1a: Sylveon|move: Yawn|[of] p2b: Clodsire\n|\n|-heal|p2b: Clodsire|99\/100|[from] item: Black Sludge\n|upkeep\n|turn|80\n|\n|t:|1697701072\n|-activate|p1a: Sylveon|move: Struggle\n|move|p1a: Sylveon|Struggle|p2b: Clodsire\n|-damage|p2b: Clodsire|93\/100\n|-damage|p1a: Sylveon|29\/100|[from] recoil\n|move|p2b: Clodsire|Recover|p2b: Clodsire\n|-heal|p2b: Clodsire|100\/100\n|\n|-end|p1a: Sylveon|move: Yawn|[silent]\n|-status|p1a: Sylveon|slp\n|upkeep\n|turn|81\n|\n|t:|1697701082\n|cant|p1a: Sylveon|slp\n|-activate|p2b: Clodsire|move: Struggle\n|move|p2b: Clodsire|Struggle|p1a: Sylveon\n|-damage|p1a: Sylveon|22\/100 slp\n|-damage|p2b: Clodsire|75\/100|[from] recoil\n|\n|-heal|p2b: Clodsire|82\/100|[from] item: Black Sludge\n|upkeep\n|turn|82\n|\n|t:|1697701092\n|cant|p1a: Sylveon|slp\n|-activate|p2b: Clodsire|move: Struggle\n|move|p2b: Clodsire|Struggle|p1a: Sylveon\n|-damage|p1a: Sylveon|14\/100 slp\n|-damage|p2b: Clodsire|57\/100|[from] recoil\n|\n|-heal|p2b: Clodsire|63\/100|[from] item: Black Sludge\n|upkeep\n|turn|83\n|\n|t:|1697701101\n|-curestatus|p1a: Sylveon|slp|[msg]\n|-activate|p1a: Sylveon|move: Struggle\n|move|p1a: Sylveon|Struggle|p2b: Clodsire\n|-damage|p2b: Clodsire|57\/100\n|-damage|p1a: Sylveon|0 fnt|[from] recoil\n|faint|p1a: Sylveon\n|\n|win|TortillaTactica\n|raw|stao's rating: 1192 &rarr; <strong>1157<\/strong><br \/>(-35 for losing)\n|raw|TortillaTactica's rating: 1053 &rarr; <strong>1097<\/strong><br \/>(+44 for winning)\n|c|\u2606stao|gg\n","uploadtime":1697701114,"views":21,"p1id":"stao","p2id":"tortillatactica","formatid":"gen9doublesou","rating":1097,"private":0,"password":""}