{"id":"gen9doublesou-2000028345","p1":"Needy Charizard","p2":"EmbraceAssassin","format":"[Gen 9] Doubles OU","log":"|j|\u203dNeedy Charizard\n|j|\u2606EmbraceAssassin\n|t:|1701143106\n|gametype|doubles\n|player|p1|Needy Charizard|170|1155\n|player|p2|EmbraceAssassin|169|1302\n|teamsize|p1|6\n|teamsize|p2|6\n|gen|9\n|tier|[Gen 9] Doubles OU\n|rated|\n|rule|Species Clause: Limit one of each Pok\u00e9mon\n|rule|OHKO Clause: OHKO moves are banned\n|rule|Evasion Moves Clause: Evasion moves are banned\n|rule|Gravity Sleep Clause: The combination of sleep-inducing moves with imperfect accuracy and Gravity or Gigantamax Orbeetle are banned\n|rule|Endless Battle Clause: Forcing endless battles is banned\n|rule|HP Percentage Mod: HP is shown in percentages\n|clearpoke\n|poke|p1|Meowscarada, M|\n|poke|p1|Flamigo, M|\n|poke|p1|Sinistcha|\n|poke|p1|Clefairy, M|\n|poke|p1|Gholdengo|\n|poke|p1|Tauros-Paldea-Blaze, M|\n|poke|p2|Sinistcha|\n|poke|p2|Thundurus, M|\n|poke|p2|Gholdengo|\n|poke|p2|Ogerpon-Wellspring, F|\n|poke|p2|Beartic, F|\n|poke|p2|Pelipper, M|\n|teampreview\n|\n|t:|1701143125\n|start\n|switch|p1a: Meowscarada|Meowscarada, M, shiny|100\/100\n|switch|p1b: Tauros|Tauros-Paldea-Blaze, M, shiny|100\/100\n|switch|p2a: Pelipper|Pelipper, M, shiny|100\/100\n|switch|p2b: Ogerpon|Ogerpon-Wellspring, F|100\/100\n|-weather|RainDance|[from] ability: Drizzle|[of] p2a: Pelipper\n|turn|1\n|\n|t:|1701143140\n|move|p2b: Ogerpon|Spiky Shield|p2b: Ogerpon\n|-singleturn|p2b: Ogerpon|move: Protect\n|move|p1a: Meowscarada|Flower Trick|p1b: Tauros\n|-start|p1a: Meowscarada|typechange|Grass|[from] ability: Protean\n|-resisted|p1b: Tauros\n|-crit|p1b: Tauros\n|-damage|p1b: Tauros|80\/100\n|-setboost|p1b: Tauros|atk|6|[from] ability: Anger Point\n|move|p1b: Tauros|Rock Slide|p2a: Pelipper|[spread] p2a\n|-activate|p2b: Ogerpon|move: Protect\n|-supereffective|p2a: Pelipper\n|-damage|p2a: Pelipper|0 fnt\n|faint|p2a: Pelipper\n|\n|-weather|RainDance|[upkeep]\n|-heal|p1b: Tauros|86\/100|[from] item: Leftovers\n|upkeep\n|\n|t:|1701143156\n|switch|p2a: Beartic|Beartic, F, shiny|100\/100\n|turn|2\n|\n|t:|1701143169\n|-terastallize|p2a: Beartic|Water\n|move|p1a: Meowscarada|Protect|p1a: Meowscarada\n|-singleturn|p1a: Meowscarada|Protect\n|move|p2b: Ogerpon|Follow Me|p2b: Ogerpon\n|-singleturn|p2b: Ogerpon|move: Follow Me\n|move|p2a: Beartic|Play Rough|p1b: Tauros\n|-damage|p1b: Tauros|36\/100\n|-damage|p2a: Beartic|91\/100|[from] item: Life Orb\n|move|p1b: Tauros|Rock Slide|p2b: Ogerpon|[spread] p2a,p2b\n|-damage|p2a: Beartic|6\/100\n|-damage|p2b: Ogerpon|30\/100\n|\n|-weather|RainDance|[upkeep]\n|-heal|p1b: Tauros|42\/100|[from] item: Leftovers\n|upkeep\n|turn|3\n|\n|t:|1701143190\n|move|p1a: Meowscarada|Helping Hand|p1b: Tauros\n|-singleturn|p1b: Tauros|Helping Hand|[of] p1a: Meowscarada\n|move|p2a: Beartic|Play Rough|p1b: Tauros\n|-damage|p1b: Tauros|0 fnt\n|faint|p1b: Tauros\n|-damage|p2a: Beartic|0 fnt|[from] item: Life Orb\n|faint|p2a: Beartic\n|move|p2b: Ogerpon|Encore|p1a: Meowscarada\n|-start|p1a: Meowscarada|Encore\n|\n|-weather|RainDance|[upkeep]\n|upkeep\n|\n|t:|1701143237\n|switch|p1b: Gholdengo|Gholdengo, shiny|100\/100\n|switch|p2a: Sinistcha|Sinistcha, shiny|100\/100\n|-heal|p2b: Ogerpon|55\/100|[from] ability: Hospitality|[of] p2a: Sinistcha\n|turn|4\n|\n|t:|1701143265\n|switch|p1a: Clefairy|Clefairy, M, shiny|100\/100\n|move|p1b: Gholdengo|Make It Rain|p2a: Sinistcha|[spread] p2a,p2b\n|-resisted|p2b: Ogerpon\n|-damage|p2a: Sinistcha|25\/100\n|-damage|p2b: Ogerpon|20\/100\n|-unboost|p1b: Gholdengo|spa|1\n|-enditem|p2a: Sinistcha|Sitrus Berry|[eat]\n|-heal|p2a: Sinistcha|50\/100|[from] item: Sitrus Berry\n|move|p2b: Ogerpon|Ivy Cudgel|p1b: Gholdengo|[anim] Ivy Cudgel Water\n|-damage|p1b: Gholdengo|23\/100\n|move|p2a: Sinistcha|Life Dew|p2a: Sinistcha|[spread] p2a\n|-heal|p2b: Ogerpon|45\/100|[from] ability: Water Absorb|[of] p2a: Sinistcha\n|-heal|p2a: Sinistcha|75\/100\n|\n|-weather|RainDance|[upkeep]\n|upkeep\n|turn|5\n|\n|t:|1701143310\n|move|p1a: Clefairy|Follow Me|p1a: Clefairy\n|-singleturn|p1a: Clefairy|move: Follow Me\n|move|p1b: Gholdengo|Make It Rain|p2a: Sinistcha|[spread] p2a,p2b\n|-resisted|p2b: Ogerpon\n|-damage|p2a: Sinistcha|31\/100\n|-damage|p2b: Ogerpon|22\/100\n|-unboost|p1b: Gholdengo|spa|1\n|move|p2b: Ogerpon|Ivy Cudgel|p1a: Clefairy|[anim] Ivy Cudgel Water\n|-damage|p1a: Clefairy|21\/100\n|move|p2a: Sinistcha|Matcha Gotcha|p1a: Clefairy|[spread] p1a,p1b\n|-resisted|p1b: Gholdengo\n|-damage|p1a: Clefairy|3\/100\n|-heal|p2a: Sinistcha|41\/100|[from] drain|[of] p1a: Clefairy\n|-damage|p1b: Gholdengo|12\/100\n|-heal|p2a: Sinistcha|46\/100|[from] drain|[of] p1b: Gholdengo\n|\n|-weather|none\n|upkeep\n|turn|6\n|\n|t:|1701143351\n|move|p1a: Clefairy|Follow Me|p1a: Clefairy\n|-singleturn|p1a: Clefairy|move: Follow Me\n|move|p1b: Gholdengo|Make It Rain|p2b: Ogerpon|[spread] p2a,p2b\n|-resisted|p2b: Ogerpon\n|-damage|p2a: Sinistcha|13\/100\n|-damage|p2b: Ogerpon|2\/100\n|-unboost|p1b: Gholdengo|spa|1\n|move|p2b: Ogerpon|Ivy Cudgel|p1a: Clefairy|[anim] Ivy Cudgel Water\n|-crit|p1a: Clefairy\n|-damage|p1a: Clefairy|0 fnt\n|faint|p1a: Clefairy\n|move|p2a: Sinistcha|Life Dew|p2a: Sinistcha|[spread] p2a\n|-heal|p2b: Ogerpon|27\/100|[from] ability: Water Absorb|[of] p2a: Sinistcha\n|-heal|p2a: Sinistcha|38\/100\n|\n|upkeep\n|\n|t:|1701143375\n|switch|p1a: Flamigo|Flamigo, M, shiny|100\/100\n|-copyboost|p1a: Flamigo|p1b: Gholdengo|[from] ability: Costar\n|turn|7\n|\n|t:|1701143404\n|move|p2b: Ogerpon|Spiky Shield|p2b: Ogerpon\n|-singleturn|p2b: Ogerpon|move: Protect\n|move|p1a: Flamigo|Brave Bird|p2b: Ogerpon\n|-activate|p2b: Ogerpon|move: Protect\n|-damage|p1a: Flamigo|88\/100|[from] Spiky Shield|[of] p2b: Ogerpon\n|move|p1b: Gholdengo|Make It Rain|p2a: Sinistcha|[spread] p2a\n|-activate|p2b: Ogerpon|move: Protect\n|-damage|p2a: Sinistcha|12\/100\n|-unboost|p1b: Gholdengo|spa|1\n|move|p2a: Sinistcha|Strength Sap|p1a: Flamigo\n|-unboost|p1a: Flamigo|atk|1\n|-heal|p2a: Sinistcha|100\/100\n|\n|upkeep\n|turn|8\n|\n|t:|1701143435\n|switch|p2b: Thundurus|Thundurus, M, shiny|100\/100\n|move|p1a: Flamigo|Brave Bird|p2a: Sinistcha\n|-supereffective|p2a: Sinistcha\n|-crit|p2a: Sinistcha\n|-damage|p2a: Sinistcha|0 fnt\n|faint|p2a: Sinistcha\n|-damage|p1a: Flamigo|51\/100|[from] Recoil\n|-damage|p1a: Flamigo|41\/100|[from] item: Life Orb\n|move|p1b: Gholdengo|Make It Rain|p2b: Thundurus\n|-resisted|p2b: Thundurus\n|-damage|p2b: Thundurus|82\/100\n|-unboost|p1b: Gholdengo|spa|1\n|\n|upkeep\n|\n|t:|1701143453\n|switch|p2a: Ogerpon|Ogerpon-Wellspring, F|27\/100\n|turn|9\n|\n|t:|1701143550\n|switch|p1a: Sinistcha|Sinistcha, shiny|100\/100\n|-heal|p1b: Gholdengo|37\/100|[from] ability: Hospitality|[of] p1a: Sinistcha\n|switch|p1b: Meowscarada|Meowscarada, M, shiny|100\/100\n|move|p2a: Ogerpon|Spiky Shield|p2a: Ogerpon\n|-singleturn|p2a: Ogerpon|move: Protect\n|move|p2b: Thundurus|Rain Dance|p2b: Thundurus\n|-weather|RainDance\n|\n|-weather|RainDance|[upkeep]\n|upkeep\n|turn|10\n|\n|t:|1701143584\n|move|p1b: Meowscarada|Flower Trick|p2b: Thundurus\n|-start|p1b: Meowscarada|typechange|Grass|[from] ability: Protean\n|-resisted|p2b: Thundurus\n|-crit|p2b: Thundurus\n|-damage|p2b: Thundurus|64\/100\n|move|p2b: Thundurus|Snarl|p1b: Meowscarada|[spread] p1a\n|-miss|p2b: Thundurus|p1b: Meowscarada\n|-supereffective|p1a: Sinistcha\n|-damage|p1a: Sinistcha|72\/100\n|-unboost|p1a: Sinistcha|spa|1\n|move|p2a: Ogerpon|Ivy Cudgel|p1b: Meowscarada|[anim] Ivy Cudgel Water\n|-resisted|p1b: Meowscarada\n|-damage|p1b: Meowscarada|46\/100\n|-enditem|p1b: Meowscarada|Eject Button\n|\n|t:|1701143617\n|switch|p1b: Gholdengo|Gholdengo, shiny|37\/100\n|move|p1a: Sinistcha|Matcha Gotcha|p2b: Thundurus|[spread] p2a,p2b\n|-resisted|p2b: Thundurus\n|-damage|p2a: Ogerpon|7\/100\n|-heal|p1a: Sinistcha|83\/100|[from] drain|[of] p2a: Ogerpon\n|-damage|p2b: Thundurus|54\/100\n|-heal|p1a: Sinistcha|89\/100|[from] drain|[of] p2b: Thundurus\n|\n|-weather|RainDance|[upkeep]\n|-heal|p1a: Sinistcha|95\/100|[from] item: Leftovers\n|upkeep\n|turn|11\n|\n|t:|1701143641\n|-terastallize|p1b: Gholdengo|Steel\n|move|p2a: Ogerpon|Spiky Shield|p2a: Ogerpon\n|-singleturn|p2a: Ogerpon|move: Protect\n|move|p1b: Gholdengo|Make It Rain|p2a: Ogerpon|[spread] p2b\n|-activate|p2a: Ogerpon|move: Protect\n|-resisted|p2b: Thundurus\n|-damage|p2b: Thundurus|2\/100\n|-unboost|p1b: Gholdengo|spa|1\n|move|p2b: Thundurus|Snarl|p1a: Sinistcha|[spread] p1a,p1b\n|-supereffective|p1a: Sinistcha\n|-crit|p1b: Gholdengo\n|-damage|p1a: Sinistcha|66\/100\n|-damage|p1b: Gholdengo|18\/100\n|-unboost|p1a: Sinistcha|spa|1\n|-unboost|p1b: Gholdengo|spa|1\n|move|p1a: Sinistcha|Shadow Ball|p2b: Thundurus\n|-damage|p2b: Thundurus|0 fnt\n|faint|p2b: Thundurus\n|\n|-weather|RainDance|[upkeep]\n|-heal|p1a: Sinistcha|72\/100|[from] item: Leftovers\n|upkeep\n|\n|t:|1701143659\n|switch|p2b: Gholdengo|Gholdengo, shiny|100\/100\n|-item|p2b: Gholdengo|Air Balloon\n|turn|12\n|\n|t:|1701143670\n|switch|p1b: Meowscarada|Meowscarada, M, shiny|46\/100\n|move|p2a: Ogerpon|Follow Me|p2a: Ogerpon\n|-singleturn|p2a: Ogerpon|move: Follow Me\n|move|p2b: Gholdengo|Make It Rain|p1a: Sinistcha|[spread] p1a,p1b\n|-damage|p1a: Sinistcha|22\/100\n|-damage|p1b: Meowscarada|0 fnt\n|-unboost|p2b: Gholdengo|spa|1\n|faint|p1b: Meowscarada\n|move|p1a: Sinistcha|Shadow Ball|p2a: Ogerpon\n|-damage|p2a: Ogerpon|0 fnt\n|faint|p2a: Ogerpon\n|\n|-weather|RainDance|[upkeep]\n|-heal|p1a: Sinistcha|28\/100|[from] item: Leftovers\n|upkeep\n|\n|t:|1701143690\n|switch|p1b: Flamigo|Flamigo, M, shiny|41\/100\n|-copyboost|p1b: Flamigo|p1a: Sinistcha|[from] ability: Costar\n|turn|13\n|\n|t:|1701143706\n|move|p1a: Sinistcha|Protect|p1a: Sinistcha\n|-singleturn|p1a: Sinistcha|Protect\n|move|p2b: Gholdengo|Dazzling Gleam|p1a: Sinistcha|[spread] p1b\n|-activate|p1a: Sinistcha|move: Protect\n|-supereffective|p1b: Flamigo\n|-damage|p1b: Flamigo|0 fnt\n|faint|p1b: Flamigo\n|\n|-weather|none\n|-heal|p1a: Sinistcha|34\/100|[from] item: Leftovers\n|upkeep\n|\n|t:|1701143716\n|switch|p1b: Gholdengo|Gholdengo, shiny, tera:Steel|18\/100\n|turn|14\n|\n|t:|1701143726\n|move|p2b: Gholdengo|Shadow Ball|p1b: Gholdengo\n|-damage|p1b: Gholdengo|0 fnt\n|faint|p1b: Gholdengo\n|move|p1a: Sinistcha|Shadow Ball|p2b: Gholdengo\n|-supereffective|p2b: Gholdengo\n|-damage|p2b: Gholdengo|53\/100\n|-enditem|p2b: Gholdengo|Air Balloon\n|\n|-heal|p1a: Sinistcha|40\/100|[from] item: Leftovers\n|upkeep\n|turn|15\n|\n|t:|1701143740\n|move|p2b: Gholdengo|Shadow Ball|p1a: Sinistcha\n|-supereffective|p1a: Sinistcha\n|-damage|p1a: Sinistcha|0 fnt\n|faint|p1a: Sinistcha\n|\n|win|EmbraceAssassin\n|raw|Needy Charizard's rating: 1155 &rarr; <strong>1140<\/strong><br \/>(-15 for losing)\n|raw|EmbraceAssassin's rating: 1302 &rarr; <strong>1314<\/strong><br \/>(+12 for winning)\n","uploadtime":1701143748,"views":18,"p1id":"needycharizard","p2id":"embraceassassin","formatid":"gen9doublesou","rating":1140,"private":0,"password":""}