{"id":"gen9doublesou-1989894801","p1":"zomaru69","p2":"whiteeth","format":"[Gen 9] Doubles OU","log":"|j|\u2606zomaru69\n|j|\u2606whiteeth\n|t:|1699904638\n|gametype|doubles\n|player|p1|zomaru69|silver|1167\n|player|p2|whiteeth|gentleman-gen4|1092\n|teamsize|p1|6\n|teamsize|p2|6\n|gen|9\n|tier|[Gen 9] Doubles OU\n|rated|\n|rule|Species Clause: Limit one of each Pok\u00e9mon\n|rule|OHKO Clause: OHKO moves are banned\n|rule|Evasion Moves Clause: Evasion moves are banned\n|rule|Gravity Sleep Clause: The combination of sleep-inducing moves with imperfect accuracy and Gravity or Gigantamax Orbeetle are banned\n|rule|Endless Battle Clause: Forcing endless battles is banned\n|rule|HP Percentage Mod: HP is shown in percentages\n|clearpoke\n|poke|p1|Wyrdeer, M|\n|poke|p1|Sinistcha-Masterpiece|\n|poke|p1|Landorus-Therian, M|\n|poke|p1|Fezandipiti, M|\n|poke|p1|Empoleon, M|\n|poke|p1|Ambipom, M|\n|poke|p2|Muk-Alola, F|\n|poke|p2|Oricorio, M|\n|poke|p2|Ursaluna, F|\n|poke|p2|Volcarona, F|\n|poke|p2|Lilligant-Hisui, F|\n|poke|p2|Flamigo, M|\n|teampreview\n|\n|t:|1699904665\n|start\n|switch|p1a: Sassha|Wyrdeer, M, shiny|100\/100\n|switch|p1b: Landorus|Landorus-Therian, M|100\/100\n|switch|p2a: Oricorio|Oricorio, M|100\/100\n|switch|p2b: Muk|Muk-Alola, F|100\/100\n|-ability|p1b: Landorus|Intimidate|boost\n|-unboost|p2a: Oricorio|atk|1\n|-unboost|p2b: Muk|atk|1\n|-ability|p1a: Sassha|Intimidate|boost\n|-unboost|p2a: Oricorio|atk|1\n|-unboost|p2b: Muk|atk|1\n|turn|1\n|\n|t:|1699904685\n|switch|p1b: Goes brrr|Empoleon, M, shiny|100\/100\n|move|p2a: Oricorio|Tailwind|p2a: Oricorio\n|-sidestart|p2: whiteeth|move: Tailwind\n|move|p2b: Muk|Knock Off|p1b: Goes brrr\n|-damage|p1b: Goes brrr|82\/100\n|-enditem|p1b: Goes brrr|Assault Vest|[from] move: Knock Off|[of] p2b: Muk\n|move|p1a: Sassha|Skill Swap|p2a: Oricorio\n|-activate|p1a: Sassha|move: Skill Swap|Dancer|Intimidate|[of] p2a: Oricorio\n|-ability|p2a: Oricorio|Intimidate|boost\n|-unboost|p1a: Sassha|atk|1\n|-unboost|p1b: Goes brrr|atk|1\n|-ability|p1b: Goes brrr|Competitive|boost\n|-boost|p1b: Goes brrr|spa|2\n|\n|upkeep\n|turn|2\n|\n|t:|1699904714\n|move|p2b: Muk|Protect|p2b: Muk\n|-singleturn|p2b: Muk|Protect\n|move|p2a: Oricorio|Quiver Dance|p2a: Oricorio\n|-boost|p2a: Oricorio|spa|1\n|-boost|p2a: Oricorio|spd|1\n|-boost|p2a: Oricorio|spe|1\n|-activate|p1a: Sassha|ability: Dancer\n|move|p1a: Sassha|Quiver Dance|p1a: Sassha|[from]ability: Dancer\n|-boost|p1a: Sassha|spa|1\n|-boost|p1a: Sassha|spd|1\n|-boost|p1a: Sassha|spe|1\n|move|p1a: Sassha|Calm Mind|p1a: Sassha\n|-boost|p1a: Sassha|spa|1\n|-boost|p1a: Sassha|spd|1\n|move|p1b: Goes brrr|Surf|p2a: Oricorio|[spread] p1a,p2a\n|-activate|p2b: Muk|move: Protect\n|-supereffective|p2a: Oricorio\n|-damage|p1a: Sassha|62\/100\n|-damage|p2a: Oricorio|0 fnt\n|faint|p2a: Oricorio\n|-ability|p2b: Muk|Intimidate|boost\n|-unboost|p1a: Sassha|atk|1\n|-unboost|p1b: Goes brrr|atk|1\n|-ability|p1b: Goes brrr|Competitive|boost\n|-boost|p1b: Goes brrr|spa|2\n|-ability|p2b: Muk|Intimidate|[from] ability: Power of Alchemy|[of] p2a: Oricorio\n|\n|upkeep\n|c|\u2606zomaru69|Lol\n|\n|t:|1699904751\n|switch|p2a: Lilligant|Lilligant-Hisui, F|100\/100\n|turn|3\n|\n|t:|1699904761\n|move|p2a: Lilligant|Close Combat|p1b: Goes brrr\n|-supereffective|p1b: Goes brrr\n|-damage|p1b: Goes brrr|0 fnt\n|-unboost|p2a: Lilligant|def|1\n|-unboost|p2a: Lilligant|spd|1\n|faint|p1b: Goes brrr\n|move|p1a: Sassha|Extrasensory|p2a: Lilligant\n|-supereffective|p2a: Lilligant\n|-enditem|p2a: Lilligant|Focus Sash\n|-damage|p2a: Lilligant|1\/100\n|move|p2b: Muk|Knock Off|p1a: Sassha\n|-supereffective|p1a: Sassha\n|-damage|p1a: Sassha|24\/100\n|-enditem|p1a: Sassha|Custap Berry|[from] move: Knock Off|[of] p2b: Muk\n|\n|upkeep\n|\n|t:|1699904773\n|switch|p1b: Tea?|Sinistcha-Masterpiece|100\/100\n|-heal|p1a: Sassha|49\/100|[from] ability: Hospitality|[of] p1b: Tea?\n|turn|4\n|\n|t:|1699904793\n|move|p1b: Tea?|Rage Powder|p1b: Tea?\n|-singleturn|p1b: Tea?|move: Rage Powder\n|move|p2a: Lilligant|Close Combat|p1a: Sassha\n|-crit|p1a: Sassha\n|-damage|p1a: Sassha|0 fnt\n|-unboost|p2a: Lilligant|def|1\n|-unboost|p2a: Lilligant|spd|1\n|faint|p1a: Sassha\n|move|p2b: Muk|Knock Off|p1b: Tea?\n|-supereffective|p1b: Tea?\n|-damage|p1b: Tea?|67\/100\n|-enditem|p1b: Tea?|Big Root|[from] move: Knock Off|[of] p2b: Muk\n|\n|-sideend|p2: whiteeth|move: Tailwind\n|upkeep\n|c|\u2606whiteeth|bro\n|\n|t:|1699904806\n|switch|p1a: Moneky|Ambipom, M|100\/100\n|turn|5\n|c|\u2606whiteeth|u runied my entire team comp\n|\n|t:|1699904828\n|move|p1a: Moneky|Fake Out|p2b: Muk\n|-enditem|p1a: Moneky|Normal Gem|[from] gem\n|-damage|p2b: Muk|63\/100\n|move|p2a: Lilligant|Close Combat|p1a: Moneky\n|-supereffective|p1a: Moneky\n|-damage|p1a: Moneky|0 fnt\n|-unboost|p2a: Lilligant|def|1\n|-unboost|p2a: Lilligant|spd|1\n|faint|p1a: Moneky\n|move|p1b: Tea?|Matcha Gotcha|p2b: Muk|[spread] p2a,p2b\n|-resisted|p2a: Lilligant\n|-resisted|p2b: Muk\n|-damage|p2a: Lilligant|0 fnt\n|-heal|p1b: Tea?|67\/100|[from] drain|[of] p2a: Lilligant\n|-damage|p2b: Muk|53\/100\n|-heal|p1b: Tea?|73\/100|[from] drain|[of] p2b: Muk\n|faint|p2a: Lilligant\n|cant|p2b: Muk|flinch\n|\n|-heal|p2b: Muk|59\/100|[from] item: Black Sludge\n|upkeep\n|c|\u2606zomaru69|Woeps?\n|c|\u2606whiteeth|idk how im still alive tbh\n|c|\u2606zomaru69|Mistakes ony part\n|\n|t:|1699904874\n|switch|p1a: Landorus|Landorus-Therian, M|100\/100\n|switch|p2a: Volcarona|Volcarona, F|100\/100\n|-ability|p1a: Landorus|Intimidate|boost\n|-unboost|p2a: Volcarona|atk|1\n|-unboost|p2b: Muk|atk|1\n|turn|6\n|c|\u2606whiteeth|yea\n|\n|t:|1699904887\n|move|p2b: Muk|Protect|p2b: Muk\n|-singleturn|p2b: Muk|Protect\n|move|p2a: Volcarona|Flamethrower|p1b: Tea?\n|-supereffective|p1b: Tea?\n|-damage|p1b: Tea?|0 fnt\n|faint|p1b: Tea?\n|move|p1a: Landorus|Sandsear Storm|p2b: Muk|[spread] p2a\n|-activate|p2b: Muk|move: Protect\n|-damage|p2a: Volcarona|64\/100\n|\n|-heal|p2b: Muk|65\/100|[from] item: Black Sludge\n|upkeep\n|\n|t:|1699904897\n|switch|p1b: Kuzan|Fezandipiti, M|100\/100\n|turn|7\n|\n|t:|1699904912\n|move|p2a: Volcarona|Psychic|p1b: Kuzan\n|-supereffective|p1b: Kuzan\n|-damage|p1b: Kuzan|65\/100\n|move|p1a: Landorus|Rock Slide|p2a: Volcarona|[spread] p2a,p2b\n|-supereffective|p2a: Volcarona\n|-damage|p2a: Volcarona|0 fnt\n|-damage|p2b: Muk|47\/100\n|faint|p2a: Volcarona\n|move|p1b: Kuzan|Heat Wave|p2b: Muk\n|-damage|p2b: Muk|32\/100\n|move|p2b: Muk|Knock Off|p1a: Landorus\n|-damage|p1a: Landorus|83\/100\n|-enditem|p1a: Landorus|Focus Sash|[from] move: Knock Off|[of] p2b: Muk\n|\n|-heal|p2b: Muk|38\/100|[from] item: Black Sludge\n|upkeep\n|\n|t:|1699904927\n|switch|p2a: Ursaluna|Ursaluna, F|100\/100\n|turn|8\n|c|\u2606zomaru69|GG I lost moslty\n|\n|t:|1699904955\n|-terastallize|p1b: Kuzan|Flying\n|move|p1a: Landorus|Sandsear Storm|p2a: Ursaluna|[spread] p2a,p2b\n|-supereffective|p2b: Muk\n|-damage|p2a: Ursaluna|68\/100\n|-damage|p2b: Muk|0 fnt\n|faint|p2b: Muk\n|move|p1b: Kuzan|Icy Wind|p2a: Ursaluna\n|-supereffective|p2a: Ursaluna\n|-damage|p2a: Ursaluna|42\/100\n|-unboost|p2a: Ursaluna|spe|1\n|move|p2a: Ursaluna|Headlong Rush|p1b: Kuzan\n|-immune|p1b: Kuzan\n|\n|-status|p2a: Ursaluna|brn|[from] item: Flame Orb\n|upkeep\n|c|\u2606whiteeth|idk\n|c|\u2606whiteeth|good read there\n|\n|t:|1699904989\n|switch|p2b: Flamigo|Flamigo, M|100\/100\n|-copyboost|p2b: Flamigo|p2a: Ursaluna|[from] ability: Costar\n|turn|9\n|\n|t:|1699905003\n|move|p1a: Landorus|Rock Slide|p2a: Ursaluna|[spread] p2a,p2b\n|-resisted|p2a: Ursaluna\n|-crit|p2a: Ursaluna\n|-damage|p2a: Ursaluna|32\/100 brn\n|-damage|p2b: Flamigo|75\/100\n|move|p1b: Kuzan|Icy Wind|p2b: Flamigo|[spread] p2a,p2b\n|-supereffective|p2a: Ursaluna\n|-supereffective|p2b: Flamigo\n|-damage|p2a: Ursaluna|14\/100 brn\n|-damage|p2b: Flamigo|40\/100\n|-unboost|p2a: Ursaluna|spe|1\n|-unboost|p2b: Flamigo|spe|1\n|-status|p2b: Flamigo|tox|[from] ability: Toxic Chain|[of] p1b: Kuzan\n|move|p2b: Flamigo|Dual Wingbeat|p1a: Landorus\n|-damage|p1a: Landorus|54\/100\n|-damage|p1a: Landorus|22\/100\n|-hitcount|p1a: Landorus|2\n|-damage|p2b: Flamigo|31\/100 tox|[from] item: Life Orb\n|move|p2a: Ursaluna|Facade|p1b: Kuzan\n|-damage|p1b: Kuzan|0 fnt\n|faint|p1b: Kuzan\n|\n|-damage|p2b: Flamigo|24\/100 tox|[from] psn\n|-damage|p2a: Ursaluna|8\/100 brn|[from] brn\n|upkeep\n|turn|10\n|\n|t:|1699905045\n|move|p1a: Landorus|Rock Slide|p2b: Flamigo|[spread] p2a,p2b\n|-resisted|p2a: Ursaluna\n|-damage|p2a: Ursaluna|2\/100 brn\n|-damage|p2b: Flamigo|0 fnt\n|faint|p2b: Flamigo\n|cant|p2a: Ursaluna|flinch\n|\n|-damage|p2a: Ursaluna|0 fnt|[from] brn\n|faint|p2a: Ursaluna\n|\n|win|zomaru69\n|upkeep\n|raw|zomaru69's rating: 1167 &rarr; <strong>1187<\/strong><br \/>(+20 for winning)\n|raw|whiteeth's rating: 1092 &rarr; <strong>1073<\/strong><br \/>(-19 for losing)\n|c|\u2606whiteeth|oh\n|c|\u2606zomaru69|Oef flich\n|c|\u2606whiteeth|thats crazy\n|c|\u2606zomaru69|Lucky me\n|c|\u2606zomaru69|GG\n|c|\u2606whiteeth|gg\n|c|\u2606zomaru69|Gonne save this one\n|c|\u2606whiteeth|100%\n|l|\u2606whiteeth\n","uploadtime":1699905079,"views":7,"p1id":"zomaru69","p2id":"whiteeth","formatid":"gen9doublesou","rating":1073,"private":0,"password":""}