{"id":"gen9doublesou-1970164322","p1":"LaPollaQueTeApoya","p2":"arms123","format":"[Gen 9] Doubles OU","log":"|j|\u2606LaPollaQueTeApoya\n|j|\u2606arms123\n|t:|1697603605\n|gametype|doubles\n|player|p1|LaPollaQueTeApoya|hiker-gen4|1679\n|player|p2|arms123|2|1544\n|teamsize|p1|6\n|teamsize|p2|6\n|gen|9\n|tier|[Gen 9] Doubles OU\n|rated|\n|rule|Species Clause: Limit one of each Pok\u00e9mon\n|rule|OHKO Clause: OHKO moves are banned\n|rule|Evasion Moves Clause: Evasion moves are banned\n|rule|Gravity Sleep Clause: The combination of sleep-inducing moves with imperfect accuracy and Gravity or Gigantamax Orbeetle are banned\n|rule|Endless Battle Clause: Forcing endless battles is banned\n|rule|HP Percentage Mod: HP is shown in percentages\n|clearpoke\n|poke|p1|Chien-Pao|\n|poke|p1|Rillaboom, M|\n|poke|p1|Ursaluna-Bloodmoon, M|\n|poke|p1|Basculegion, M|\n|poke|p1|Toxapex, F|\n|poke|p1|Chandelure, F|\n|poke|p2|Chi-Yu|\n|poke|p2|Torkoal, F|\n|poke|p2|Flutter Mane|\n|poke|p2|Ursaluna-Bloodmoon, M|\n|poke|p2|Iron Hands|\n|poke|p2|Cresselia, F|\n|teampreview\n|inactive|Battle timer is ON: inactive players will automatically lose when time's up. (requested by LaPollaQueTeApoya)\n|inactive|LaPollaQueTeApoya has 120 seconds left.\n|inactive|arms123 has 120 seconds left.\n|\n|t:|1697603667\n|start\n|switch|p1a: Chien-Pao|Chien-Pao|100\/100\n|switch|p1b: Rillaboom|Rillaboom, M|100\/100\n|switch|p2a: Ursaluna|Ursaluna-Bloodmoon, M|100\/100\n|switch|p2b: Iron Hands|Iron Hands|100\/100\n|-ability|p1a: Chien-Pao|Sword of Ruin\n|-fieldstart|move: Grassy Terrain|[from] ability: Grassy Surge|[of] p1b: Rillaboom\n|turn|1\n|inactive|LaPollaQueTeApoya has 120 seconds left.\n|\n|t:|1697603698\n|switch|p1b: Toxapex|Toxapex, F|100\/100\n|-terastallize|p2a: Ursaluna|Normal\n|move|p1a: Chien-Pao|Protect|p1a: Chien-Pao\n|-singleturn|p1a: Chien-Pao|Protect\n|move|p2b: Iron Hands|Fake Out|p1a: Chien-Pao\n|-activate|p1a: Chien-Pao|move: Protect\n|move|p2a: Ursaluna|Blood Moon|p1b: Toxapex\n|-enditem|p2a: Ursaluna|Normal Gem|[from] gem\n|-damage|p1b: Toxapex|0 fnt\n|faint|p1b: Toxapex\n|\n|upkeep\n|inactive|LaPollaQueTeApoya has 120 seconds left.\n|inactive|LaPollaQueTeApoya has 90 seconds left.\n|\n|t:|1697603738\n|switch|p1b: Rillaboom|Rillaboom, M|100\/100\n|turn|2\n|\n|t:|1697603761\n|move|p2a: Ursaluna|Protect|p2a: Ursaluna\n|-singleturn|p2a: Ursaluna|Protect\n|move|p1a: Chien-Pao|Sacred Sword|p2a: Ursaluna\n|-activate|p2a: Ursaluna|move: Protect\n|move|p1b: Rillaboom|Wood Hammer|p2b: Iron Hands\n|-damage|p2b: Iron Hands|1\/100\n|-damage|p1b: Rillaboom|57\/100|[from] Recoil\n|move|p2b: Iron Hands|Drain Punch|p1a: Chien-Pao\n|-supereffective|p1a: Chien-Pao\n|-enditem|p1a: Chien-Pao|Focus Sash\n|-damage|p1a: Chien-Pao|1\/100\n|-heal|p2b: Iron Hands|30\/100|[from] drain|[of] p1a: Chien-Pao\n|\n|-heal|p1a: Chien-Pao|7\/100|[from] Grassy Terrain\n|-heal|p1b: Rillaboom|63\/100|[from] Grassy Terrain\n|-heal|p2b: Iron Hands|36\/100|[from] Grassy Terrain\n|upkeep\n|turn|3\n|\n|t:|1697603785\n|switch|p2a: Cresselia|Cresselia, F|100\/100\n|-end|p2b: Iron Hands|Quark Drive|[silent]\n|switch|p2b: Torkoal|Torkoal, F|100\/100\n|-weather|SunnyDay|[from] ability: Drought|[of] p2b: Torkoal\n|move|p1a: Chien-Pao|Protect|p1a: Chien-Pao\n|-singleturn|p1a: Chien-Pao|Protect\n|move|p1b: Rillaboom|Wood Hammer|p2a: Cresselia\n|-damage|p2a: Cresselia|0 fnt\n|-damage|p1b: Rillaboom|47\/100|[from] item: Rocky Helmet|[of] p2a: Cresselia\n|faint|p2a: Cresselia\n|-damage|p1b: Rillaboom|9\/100|[from] Recoil\n|\n|-weather|SunnyDay|[upkeep]\n|-heal|p1a: Chien-Pao|13\/100|[from] Grassy Terrain\n|-heal|p1b: Rillaboom|15\/100|[from] Grassy Terrain\n|upkeep\n|\n|t:|1697603795\n|switch|p2a: Iron Hands|Iron Hands|36\/100\n|turn|4\n|inactive|LaPollaQueTeApoya has 120 seconds left.\n|\n|t:|1697603815\n|switch|p1a: Chandelure|Chandelure, F|100\/100\n|switch|p1b: Basculegion|Basculegion, M|100\/100\n|move|p2a: Iron Hands|Fake Out|p1a: Chandelure\n|-immune|p1a: Chandelure\n|move|p2b: Torkoal|Eruption|p1b: Basculegion|[spread] p1b\n|-start|p1a: Chandelure|ability: Flash Fire\n|-resisted|p1b: Basculegion\n|-damage|p1b: Basculegion|77\/100\n|\n|-weather|SunnyDay|[upkeep]\n|-heal|p1b: Basculegion|84\/100|[from] Grassy Terrain\n|-heal|p2a: Iron Hands|42\/100|[from] Grassy Terrain\n|upkeep\n|turn|5\n|\n|t:|1697603843\n|move|p1a: Chandelure|Heat Wave|p2a: Iron Hands|[spread] p2a,p2b\n|-crit|p2a: Iron Hands\n|-resisted|p2b: Torkoal\n|-damage|p2a: Iron Hands|0 fnt\n|-damage|p2b: Torkoal|44\/100\n|faint|p2a: Iron Hands\n|-end|p2a: Iron Hands|Quark Drive|[silent]\n|move|p1b: Basculegion|Last Respects|p2b: Torkoal\n|-damage|p2b: Torkoal|0 fnt\n|faint|p2b: Torkoal\n|\n|-weather|SunnyDay|[upkeep]\n|-heal|p1b: Basculegion|90\/100|[from] Grassy Terrain\n|-fieldend|move: Grassy Terrain\n|upkeep\n|inactive|arms123 has 120 seconds left.\n|\n|t:|1697603857\n|switch|p2a: Flutter Mane|Flutter Mane|100\/100\n|switch|p2b: Chi-Yu|Chi-Yu|100\/100\n|-activate|p2a: Flutter Mane|ability: Protosynthesis\n|-start|p2a: Flutter Mane|protosynthesisspa\n|-ability|p2b: Chi-Yu|Beads of Ruin\n|turn|6\n|inactive|LaPollaQueTeApoya has 120 seconds left.\n|\n|t:|1697603904\n|move|p1b: Basculegion|Aqua Jet|p2b: Chi-Yu\n|-supereffective|p2b: Chi-Yu\n|-damage|p2b: Chi-Yu|59\/100\n|move|p2a: Flutter Mane|Shadow Ball|p1a: Chandelure\n|-supereffective|p1a: Chandelure\n|-enditem|p1a: Chandelure|Focus Sash\n|-damage|p1a: Chandelure|1\/100\n|move|p2b: Chi-Yu|Dark Pulse|p1b: Basculegion\n|-supereffective|p1b: Basculegion\n|-damage|p1b: Basculegion|0 fnt\n|faint|p1b: Basculegion\n|move|p1a: Chandelure|Heat Wave|p2a: Flutter Mane|[spread] p2a\n|-miss|p1a: Chandelure|p2b: Chi-Yu\n|-damage|p2a: Flutter Mane|0 fnt\n|faint|p2a: Flutter Mane\n|-end|p2a: Flutter Mane|Protosynthesis|[silent]\n|\n|-weather|SunnyDay|[upkeep]\n|upkeep\n|inactive|LaPollaQueTeApoya has 120 seconds left.\n|\n|t:|1697603937\n|switch|p2a: Ursaluna|Ursaluna-Bloodmoon, M, tera:Normal|100\/100\n|switch|p1b: Chien-Pao|Chien-Pao|13\/100\n|-ability|p1b: Chien-Pao|Sword of Ruin\n|turn|7\n|inactive|LaPollaQueTeApoya has 120 seconds left.\n|\n|t:|1697603950\n|move|p1b: Chien-Pao|Sacred Sword|p2b: Chi-Yu\n|-supereffective|p2b: Chi-Yu\n|-damage|p2b: Chi-Yu|0 fnt\n|faint|p2b: Chi-Yu\n|move|p1a: Chandelure|Heat Wave|p2a: Ursaluna\n|-damage|p2a: Ursaluna|0 fnt\n|faint|p2a: Ursaluna\n|\n|win|LaPollaQueTeApoya\n|raw|LaPollaQueTeApoya's rating: 1679 &rarr; <strong>1692<\/strong><br \/>(+13 for winning)\n|raw|arms123's rating: 1544 &rarr; <strong>1531<\/strong><br \/>(-13 for losing)\n|l|\u2606arms123\n","uploadtime":1697603971,"views":13,"p1id":"lapollaqueteapoya","p2id":"arms123","formatid":"gen9doublesou","rating":1531,"private":0,"password":""}