{"id":"gen9doublesou-1968319554","p1":"Ishin Denshin","p2":"TheKingDrac","format":"[Gen 9] Doubles OU","log":"|html|<div class=\"broadcast-blue\"><strong>[Gen 9] Doubles OU is currently suspecting Basculegion & Flutter Mane! For information on how to participate check out the <a href=\"https:\/\/www.smogon.com\/forums\/threads\/np-sv-dou-stage-8-double-trouble.3729153\/\">suspect thread<\/a>.<\/strong><\/div>\n|j|\u2606Ishin Denshin\n|j|\u2606TheKingDrac\n|t:|1697405731\n|gametype|doubles\n|player|p1|Ishin Denshin|clerkf|1311\n|player|p2|TheKingDrac|gambler|1318\n|teamsize|p1|6\n|teamsize|p2|6\n|gen|9\n|tier|[Gen 9] Doubles OU\n|rated|\n|rule|Species Clause: Limit one of each Pok\u00e9mon\n|rule|OHKO Clause: OHKO moves are banned\n|rule|Evasion Moves Clause: Evasion moves are banned\n|rule|Gravity Sleep Clause: The combination of sleep-inducing moves with imperfect accuracy and Gravity or Gigantamax Orbeetle are banned\n|rule|Endless Battle Clause: Forcing endless battles is banned\n|rule|HP Percentage Mod: HP is shown in percentages\n|clearpoke\n|poke|p1|Moltres-Galar|\n|poke|p1|Indeedee-F, F|\n|poke|p1|Flutter Mane|\n|poke|p1|Haxorus, M|\n|poke|p1|Hatterene, F|\n|poke|p1|Tornadus, M|\n|poke|p2|Gholdengo|\n|poke|p2|Iron Hands|\n|poke|p2|Flutter Mane|\n|poke|p2|Amoonguss, F|\n|poke|p2|Ogerpon-Wellspring, F|\n|poke|p2|Ting-Lu|\n|teampreview\n|\n|t:|1697405736\n|start\n|switch|p1a: Moltres|Moltres-Galar|100\/100\n|switch|p1b: Indeedee|Indeedee-F, F|100\/100\n|switch|p2a: Gholdengo|Gholdengo|100\/100\n|switch|p2b: Iron Hands|Iron Hands|100\/100\n|-fieldstart|move: Psychic Terrain|[from] ability: Psychic Surge|[of] p1b: Indeedee\n|turn|1\n|\n|t:|1697405756\n|move|p2a: Gholdengo|Protect|p2a: Gholdengo\n|-singleturn|p2a: Gholdengo|Protect\n|move|p2b: Iron Hands|Fake Out|p1a: Moltres\n|-hint|Psychic Terrain doesn't affect Pok\u00e9mon immune to Ground.\n|-damage|p1a: Moltres|84\/100\n|move|p1b: Indeedee|Reflect|p1b: Indeedee\n|-sidestart|p1: Ishin Denshin|Reflect\n|cant|p1a: Moltres|flinch\n|\n|upkeep\n|turn|2\n|\n|t:|1697405786\n|move|p1b: Indeedee|Follow Me|p1b: Indeedee\n|-singleturn|p1b: Indeedee|move: Follow Me\n|move|p2a: Gholdengo|Nasty Plot|p2a: Gholdengo\n|-boost|p2a: Gholdengo|spa|2\n|move|p1a: Moltres|Substitute|p1a: Moltres\n|-start|p1a: Moltres|Substitute\n|-damage|p1a: Moltres|59\/100\n|move|p2b: Iron Hands|Wild Charge|p1b: Indeedee\n|-damage|p1b: Indeedee|67\/100\n|-damage|p2b: Iron Hands|95\/100|[from] Recoil\n|\n|upkeep\n|turn|3\n|\n|t:|1697405811\n|move|p1b: Indeedee|Follow Me|p1b: Indeedee\n|-singleturn|p1b: Indeedee|move: Follow Me\n|move|p2a: Gholdengo|Shadow Ball|p1b: Indeedee\n|-immune|p1b: Indeedee\n|move|p1a: Moltres|Nasty Plot|p1a: Moltres\n|-boost|p1a: Moltres|spa|2\n|move|p2b: Iron Hands|Volt Switch|p1b: Indeedee\n|-damage|p1b: Indeedee|55\/100\n|\n|t:|1697405833\n|-end|p2b: Iron Hands|Quark Drive|[silent]\n|switch|p2b: Amoonguss|Amoonguss, F|100\/100|[from] Volt Switch\n|\n|upkeep\n|turn|4\n|\n|t:|1697405848\n|move|p2b: Amoonguss|Protect|p2b: Amoonguss\n|-singleturn|p2b: Amoonguss|Protect\n|move|p1b: Indeedee|Follow Me|p1b: Indeedee\n|-singleturn|p1b: Indeedee|move: Follow Me\n|move|p2a: Gholdengo|Nasty Plot|p2a: Gholdengo\n|-boost|p2a: Gholdengo|spa|2\n|move|p1a: Moltres|Fiery Wrath|p2b: Amoonguss|[spread] p2a\n|-activate|p2b: Amoonguss|move: Protect\n|-supereffective|p2a: Gholdengo\n|-damage|p2a: Gholdengo|0 fnt\n|faint|p2a: Gholdengo\n|\n|upkeep\n|\n|t:|1697405861\n|switch|p2a: Ting-Lu|Ting-Lu|100\/100\n|-ability|p2a: Ting-Lu|Vessel of Ruin\n|turn|5\n|\n|t:|1697405896\n|switch|p2b: Iron Hands|Iron Hands|95\/100\n|move|p1b: Indeedee|Follow Me|p1b: Indeedee\n|-singleturn|p1b: Indeedee|move: Follow Me\n|move|p1a: Moltres|Fiery Wrath|p2b: Iron Hands|[spread] p2a,p2b\n|-resisted|p2a: Ting-Lu\n|-resisted|p2b: Iron Hands\n|-damage|p2a: Ting-Lu|85\/100\n|-damage|p2b: Iron Hands|81\/100\n|move|p2a: Ting-Lu|Heavy Slam|p1b: Indeedee\n|-damage|p1b: Indeedee|33\/100\n|\n|-sideend|p1: Ishin Denshin|Reflect\n|-fieldend|move: Psychic Terrain\n|upkeep\n|turn|6\n|\n|t:|1697405917\n|move|p1a: Moltres|Protect|p1a: Moltres\n|-singleturn|p1a: Moltres|Protect\n|move|p2b: Iron Hands|Fake Out|p1b: Indeedee\n|-damage|p1b: Indeedee|19\/100\n|cant|p1b: Indeedee|flinch\n|move|p2a: Ting-Lu|Heavy Slam|p1a: Moltres\n|-activate|p1a: Moltres|move: Protect\n|\n|upkeep\n|turn|7\n|\n|t:|1697405936\n|move|p1b: Indeedee|Reflect|p1b: Indeedee\n|-sidestart|p1: Ishin Denshin|Reflect\n|move|p1a: Moltres|Substitute|p1a: Moltres\n|-fail|p1a: Moltres|move: Substitute\n|move|p2b: Iron Hands|Drain Punch|p1b: Indeedee\n|-damage|p1b: Indeedee|0 fnt\n|-heal|p2b: Iron Hands|87\/100|[from] drain|[of] p1b: Indeedee\n|faint|p1b: Indeedee\n|move|p2a: Ting-Lu|Heavy Slam|p1a: Moltres\n|-activate|p1a: Moltres|move: Substitute|[damage]\n|\n|upkeep\n|\n|t:|1697405940\n|switch|p1b: Hatterene|Hatterene, F|100\/100\n|turn|8\n|\n|t:|1697405957\n|-terastallize|p1b: Hatterene|Psychic\n|move|p1a: Moltres|Fiery Wrath|p2a: Ting-Lu|[spread] p2a,p2b\n|-resisted|p2a: Ting-Lu\n|-resisted|p2b: Iron Hands\n|-damage|p2a: Ting-Lu|69\/100\n|-damage|p2b: Iron Hands|74\/100\n|move|p2b: Iron Hands|Wild Charge|p1a: Moltres\n|-supereffective|p1a: Moltres\n|-end|p1a: Moltres|Substitute\n|-damage|p2b: Iron Hands|74\/100|[from] Recoil|[of] p1a: Moltres\n|move|p2a: Ting-Lu|Heavy Slam|p1b: Hatterene\n|-damage|p1b: Hatterene|76\/100\n|move|p1b: Hatterene|Magic Powder|p2a: Ting-Lu\n|-start|p2a: Ting-Lu|typechange|Psychic\n|\n|upkeep\n|turn|9\n|\n|t:|1697405979\n|move|p1a: Moltres|Substitute|p1a: Moltres\n|-start|p1a: Moltres|Substitute\n|-damage|p1a: Moltres|35\/100\n|move|p2b: Iron Hands|Wild Charge|p1a: Moltres\n|-supereffective|p1a: Moltres\n|-end|p1a: Moltres|Substitute\n|-damage|p2b: Iron Hands|70\/100|[from] Recoil|[of] p1a: Moltres\n|move|p2a: Ting-Lu|Ruination|p1a: Moltres\n|-damage|p1a: Moltres|18\/100\n|move|p1b: Hatterene|Magic Powder|p2b: Iron Hands\n|-start|p2b: Iron Hands|typechange|Psychic\n|\n|upkeep\n|turn|10\n|\n|t:|1697406003\n|move|p1a: Moltres|Fiery Wrath|p2b: Iron Hands|[spread] p2a,p2b\n|-supereffective|p2a: Ting-Lu\n|-supereffective|p2b: Iron Hands\n|-damage|p2a: Ting-Lu|7\/100\n|-damage|p2b: Iron Hands|13\/100\n|move|p2b: Iron Hands|Wild Charge|p1a: Moltres\n|-supereffective|p1a: Moltres\n|-damage|p1a: Moltres|0 fnt\n|faint|p1a: Moltres\n|-damage|p2b: Iron Hands|10\/100|[from] Recoil\n|move|p2a: Ting-Lu|Heavy Slam|p1b: Hatterene\n|-damage|p1b: Hatterene|52\/100\n|move|p1b: Hatterene|Calm Mind|p1b: Hatterene\n|-boost|p1b: Hatterene|spa|1\n|-boost|p1b: Hatterene|spd|1\n|\n|upkeep\n|\n|t:|1697406015\n|switch|p1a: Haxorus|Haxorus, M|100\/100\n|-ability|p1a: Haxorus|Mold Breaker\n|turn|11\n|\n|t:|1697406038\n|-end|p2b: Iron Hands|Quark Drive|[silent]\n|switch|p2b: Flutter Mane|Flutter Mane|100\/100\n|-enditem|p2b: Flutter Mane|Booster Energy\n|-activate|p2b: Flutter Mane|ability: Protosynthesis|[fromitem]\n|-start|p2b: Flutter Mane|protosynthesisspe\n|move|p1a: Haxorus|Dragon Dance|p1a: Haxorus\n|-boost|p1a: Haxorus|atk|1\n|-boost|p1a: Haxorus|spe|1\n|move|p2a: Ting-Lu|Stealth Rock|p1a: Haxorus\n|move|p1b: Hatterene|Stealth Rock|p2a: Ting-Lu|[from]ability: Magic Bounce\n|-sidestart|p2: TheKingDrac|move: Stealth Rock\n|move|p1b: Hatterene|Calm Mind|p1b: Hatterene\n|-boost|p1b: Hatterene|spa|1\n|-boost|p1b: Hatterene|spd|1\n|\n|-sideend|p1: Ishin Denshin|Reflect\n|upkeep\n|turn|12\n|\n|t:|1697406070\n|switch|p1a: Flutter Mane|Flutter Mane|100\/100\n|-enditem|p1a: Flutter Mane|Booster Energy\n|-activate|p1a: Flutter Mane|ability: Protosynthesis|[fromitem]\n|-start|p1a: Flutter Mane|protosynthesisspa\n|-terastallize|p2b: Flutter Mane|Fairy\n|move|p2b: Flutter Mane|Dazzling Gleam|p1a: Flutter Mane|[spread] p1a,p1b\n|-damage|p1a: Flutter Mane|67\/100\n|-damage|p1b: Hatterene|38\/100\n|move|p2a: Ting-Lu|Heavy Slam|p1b: Hatterene\n|-damage|p1b: Hatterene|0 fnt\n|faint|p1b: Hatterene\n|\n|upkeep\n|\n|t:|1697406084\n|switch|p1b: Tornadus|Tornadus, M, shiny|100\/100\n|turn|13\n|\n|t:|1697406100\n|move|p1b: Tornadus|Tailwind|p1b: Tornadus\n|-sidestart|p1: Ishin Denshin|move: Tailwind\n|move|p1a: Flutter Mane|Moonblast|p2a: Ting-Lu\n|-damage|p2a: Ting-Lu|0 fnt\n|faint|p2a: Ting-Lu\n|move|p2b: Flutter Mane|Shadow Ball|p1a: Flutter Mane\n|-supereffective|p1a: Flutter Mane\n|-damage|p1a: Flutter Mane|0 fnt\n|faint|p1a: Flutter Mane\n|-end|p1a: Flutter Mane|Protosynthesis|[silent]\n|\n|upkeep\n|\n|t:|1697406111\n|switch|p1a: Haxorus|Haxorus, M|100\/100\n|switch|p2a: Amoonguss|Amoonguss, F|100\/100\n|-ability|p1a: Haxorus|Mold Breaker\n|-damage|p2a: Amoonguss|88\/100|[from] Stealth Rock\n|turn|14\n|\n|t:|1697406128\n|move|p1b: Tornadus|Bleakwind Storm|p2a: Amoonguss|[spread] p2a\n|-miss|p1b: Tornadus|p2b: Flutter Mane\n|-supereffective|p2a: Amoonguss\n|-damage|p2a: Amoonguss|33\/100\n|move|p2b: Flutter Mane|Dazzling Gleam|p1a: Haxorus|[spread] p1a,p1b\n|-supereffective|p1a: Haxorus\n|-damage|p1a: Haxorus|0 fnt\n|-damage|p1b: Tornadus|47\/100\n|faint|p1a: Haxorus\n|move|p2a: Amoonguss|Spore|p1b: Tornadus\n|-status|p1b: Tornadus|slp|[from] move: Spore\n|\n|upkeep\n|turn|15\n|-message|Ishin Denshin forfeited.\n|\n|win|TheKingDrac\n|raw|Ishin Denshin's rating: 1311 &rarr; <strong>1291<\/strong><br \/>(-20 for losing)\n|raw|TheKingDrac's rating: 1318 &rarr; <strong>1338<\/strong><br \/>(+20 for winning)\n|l|\u2606Ishin Denshin\n","uploadtime":1697406143,"views":16,"p1id":"ishindenshin","p2id":"thekingdrac","formatid":"gen9doublesou","rating":1291,"private":0,"password":""}