{"id":"gen9doublesou-1969213905","p1":"Ufahh","p2":"Schister","format":"[Gen 9] Doubles OU","log":"|j|\u2606Ufahh\n|j|\u2606Schister\n|t:|1697501106\n|gametype|doubles\n|player|p1|Ufahh|1|1449\n|player|p2|Schister|clair|1582\n|teamsize|p1|6\n|teamsize|p2|6\n|gen|9\n|tier|[Gen 9] Doubles OU\n|rated|\n|rule|Species Clause: Limit one of each Pok\u00e9mon\n|rule|OHKO Clause: OHKO moves are banned\n|rule|Evasion Moves Clause: Evasion moves are banned\n|rule|Gravity Sleep Clause: The combination of sleep-inducing moves with imperfect accuracy and Gravity or Gigantamax Orbeetle are banned\n|rule|Endless Battle Clause: Forcing endless battles is banned\n|rule|HP Percentage Mod: HP is shown in percentages\n|clearpoke\n|poke|p1|Charizard, M|\n|poke|p1|Torkoal, M|\n|poke|p1|Garchomp, F|\n|poke|p1|Typhlosion-Hisui, M|\n|poke|p1|Great Tusk|\n|poke|p1|Indeedee-F, F|\n|poke|p2|Ogerpon-Hearthflame, F|\n|poke|p2|Landorus-Therian, M|\n|poke|p2|Rillaboom, M|\n|poke|p2|Grimmsnarl, M|\n|poke|p2|Ursaluna-Bloodmoon, M|\n|poke|p2|Clefairy, F|\n|teampreview\n|inactive|Battle timer is ON: inactive players will automatically lose when time's up. (requested by Schister)\n|inactive|Schister has 120 seconds left.\n|\n|t:|1697501160\n|start\n|switch|p1a: Typhlosion|Typhlosion-Hisui, M|100\/100\n|switch|p1b: Indeedee|Indeedee-F, F|100\/100\n|switch|p2a: Gremlin|Grimmsnarl, M|100\/100\n|switch|p2b: Himothy|Landorus-Therian, M|100\/100\n|-item|p2a: Gremlin|Light Clay|[from] ability: Frisk|[of] p1a: Typhlosion|[identify]\n|-item|p2b: Himothy|Leftovers|[from] ability: Frisk|[of] p1a: Typhlosion|[identify]\n|-fieldstart|move: Psychic Terrain|[from] ability: Psychic Surge|[of] p1b: Indeedee\n|-ability|p2b: Himothy|Intimidate|boost\n|-unboost|p1a: Typhlosion|atk|1\n|-unboost|p1b: Indeedee|atk|1\n|turn|1\n|\n|t:|1697501186\n|move|p2a: Gremlin|Light Screen|p2a: Gremlin\n|-sidestart|p2: Schister|move: Light Screen\n|move|p1a: Typhlosion|Infernal Parade|p2b: Himothy\n|-damage|p2b: Himothy|83\/100\n|move|p1b: Indeedee|Trick|p2a: Gremlin\n|-activate|p1b: Indeedee|move: Trick|[of] p2a: Gremlin\n|-item|p2a: Gremlin|Choice Scarf|[from] move: Trick\n|-item|p1b: Indeedee|Light Clay|[from] move: Trick\n|move|p2b: Himothy|U-turn|p1b: Indeedee\n|-supereffective|p1b: Indeedee\n|-damage|p1b: Indeedee|5\/100\n|\n|t:|1697501196\n|switch|p2b: Bungo Kong|Rillaboom, M|100\/100|[from] U-turn\n|-fieldstart|move: Grassy Terrain|[from] ability: Grassy Surge|[of] p2b: Bungo Kong\n|\n|-heal|p1b: Indeedee|11\/100|[from] Grassy Terrain\n|upkeep\n|turn|2\n|\n|t:|1697501216\n|move|p2a: Gremlin|Parting Shot|p1a: Typhlosion\n|-unboost|p1a: Typhlosion|atk|1\n|-unboost|p1a: Typhlosion|spa|1\n|\n|t:|1697501220\n|switch|p2a: Broken bear #4|Ursaluna-Bloodmoon, M|100\/100|[from] Parting Shot\n|move|p1a: Typhlosion|Infernal Parade|p2a: Broken bear #4\n|-immune|p2a: Broken bear #4\n|move|p1b: Indeedee|Trick|p1a: Typhlosion\n|-activate|p1b: Indeedee|move: Trick|[of] p1a: Typhlosion\n|-item|p1a: Typhlosion|Light Clay|[from] move: Trick\n|-item|p1b: Indeedee|Choice Scarf|[from] move: Trick\n|move|p2b: Bungo Kong|Knock Off|p1a: Typhlosion\n|-supereffective|p1a: Typhlosion\n|-crit|p1a: Typhlosion\n|-damage|p1a: Typhlosion|0 fnt\n|-enditem|p1a: Typhlosion|Light Clay|[from] move: Knock Off|[of] p2b: Bungo Kong\n|faint|p1a: Typhlosion\n|\n|-heal|p1b: Indeedee|17\/100|[from] Grassy Terrain\n|upkeep\n|\n|t:|1697501235\n|switch|p1a: Torkoal|Torkoal, M|100\/100\n|-weather|SunnyDay|[from] ability: Drought|[of] p1a: Torkoal\n|turn|3\n|\n|t:|1697501241\n|move|p1b: Indeedee|Trick|p2a: Broken bear #4\n|-activate|p1b: Indeedee|move: Trick|[of] p2a: Broken bear #4\n|-item|p2a: Broken bear #4|Choice Scarf|[from] move: Trick\n|-item|p1b: Indeedee|Leftovers|[from] move: Trick\n|move|p2a: Broken bear #4|Calm Mind|p2a: Broken bear #4\n|-boost|p2a: Broken bear #4|spa|1\n|-boost|p2a: Broken bear #4|spd|1\n|move|p2b: Bungo Kong|U-turn|p1b: Indeedee\n|-supereffective|p1b: Indeedee\n|-damage|p1b: Indeedee|0 fnt\n|faint|p1b: Indeedee\n|\n|t:|1697501251\n|switch|p2b: Himothy|Landorus-Therian, M|83\/100|[from] U-turn\n|-ability|p2b: Himothy|Intimidate|boost\n|-unboost|p1a: Torkoal|atk|1\n|move|p1a: Torkoal|Stealth Rock|p2b: Himothy\n|-sidestart|p2: Schister|move: Stealth Rock\n|\n|-weather|SunnyDay|[upkeep]\n|-heal|p2b: Himothy|89\/100|[from] item: Leftovers\n|upkeep\n|\n|t:|1697501254\n|switch|p1b: Charizard|Charizard, M, shiny|100\/100\n|turn|4\n|\n|t:|1697501262\n|move|p1a: Torkoal|Helping Hand|p1b: Charizard\n|-singleturn|p1b: Charizard|Helping Hand|[of] p1a: Torkoal\n|move|p1b: Charizard|Flamethrower|p2b: Himothy\n|-damage|p2b: Himothy|4\/100\n|move|p2b: Himothy|Stealth Rock|p1a: Torkoal\n|-sidestart|p1: Ufahh|move: Stealth Rock\n|move|p2a: Broken bear #4|Calm Mind|p2a: Broken bear #4\n|-boost|p2a: Broken bear #4|spa|1\n|-boost|p2a: Broken bear #4|spd|1\n|\n|-weather|SunnyDay|[upkeep]\n|-damage|p1b: Charizard|88\/100|[from] ability: Solar Power|[of] p1b: Charizard\n|-heal|p2b: Himothy|10\/100|[from] item: Leftovers\n|upkeep\n|turn|5\n|\n|t:|1697501277\n|move|p1b: Charizard|Flamethrower|p2b: Himothy\n|-damage|p2b: Himothy|0 fnt\n|faint|p2b: Himothy\n|move|p2a: Broken bear #4|Calm Mind|p2a: Broken bear #4\n|-boost|p2a: Broken bear #4|spa|1\n|-boost|p2a: Broken bear #4|spd|1\n|move|p1a: Torkoal|Yawn|p2a: Broken bear #4\n|-start|p2a: Broken bear #4|move: Yawn|[of] p1a: Torkoal\n|\n|-weather|SunnyDay|[upkeep]\n|-damage|p1b: Charizard|76\/100|[from] ability: Solar Power|[of] p1b: Charizard\n|-fieldend|move: Grassy Terrain\n|upkeep\n|\n|t:|1697501291\n|switch|p2b: Bungo Kong|Rillaboom, M|100\/100\n|-damage|p2b: Bungo Kong|88\/100|[from] Stealth Rock\n|-fieldstart|move: Grassy Terrain|[from] ability: Grassy Surge|[of] p2b: Bungo Kong\n|turn|6\n|-activate|p1a: Torkoal|item: Quick Claw\n|\n|t:|1697501305\n|-terastallize|p2b: Bungo Kong|Normal\n|move|p1a: Torkoal|Yawn||[still]\n|-fail|p1a: Torkoal\n|move|p1b: Charizard|Flamethrower|p2b: Bungo Kong\n|-damage|p2b: Bungo Kong|45\/100\n|move|p2a: Broken bear #4|Calm Mind|p2a: Broken bear #4\n|-boost|p2a: Broken bear #4|spa|1\n|-boost|p2a: Broken bear #4|spd|1\n|move|p2b: Bungo Kong|Knock Off|p2a: Broken bear #4\n|-damage|p2a: Broken bear #4|75\/100\n|-enditem|p2a: Broken bear #4|Choice Scarf|[from] move: Knock Off|[of] p2b: Bungo Kong\n|\n|-weather|SunnyDay|[upkeep]\n|-damage|p1b: Charizard|63\/100|[from] ability: Solar Power|[of] p1b: Charizard\n|-heal|p2b: Bungo Kong|52\/100|[from] Grassy Terrain\n|-heal|p2a: Broken bear #4|81\/100|[from] Grassy Terrain\n|-end|p2a: Broken bear #4|move: Yawn|[silent]\n|-status|p2a: Broken bear #4|slp\n|upkeep\n|turn|7\n|\n|t:|1697501332\n|move|p1a: Torkoal|Helping Hand|p1b: Charizard\n|-singleturn|p1b: Charizard|Helping Hand|[of] p1a: Torkoal\n|move|p1b: Charizard|Flamethrower|p2b: Bungo Kong\n|-damage|p2b: Bungo Kong|0 fnt\n|faint|p2b: Bungo Kong\n|cant|p2a: Broken bear #4|slp\n|\n|-weather|none\n|-heal|p2a: Broken bear #4|87\/100 slp|[from] Grassy Terrain\n|upkeep\n|\n|t:|1697501338\n|switch|p2b: Gremlin|Grimmsnarl, M|100\/100\n|-damage|p2b: Gremlin|88\/100|[from] Stealth Rock\n|turn|8\n|\n|t:|1697501352\n|move|p2b: Gremlin|Reflect|p2b: Gremlin\n|-sidestart|p2: Schister|Reflect\n|move|p1b: Charizard|Flamethrower|p2b: Gremlin\n|-damage|p2b: Gremlin|64\/100\n|cant|p2a: Broken bear #4|slp\n|move|p1a: Torkoal|Yawn|p2b: Gremlin\n|-start|p2b: Gremlin|move: Yawn|[of] p1a: Torkoal\n|\n|-heal|p2b: Gremlin|70\/100|[from] Grassy Terrain\n|-heal|p2a: Broken bear #4|93\/100 slp|[from] Grassy Terrain\n|-sideend|p2: Schister|move: Light Screen\n|upkeep\n|turn|9\n|\n|t:|1697501366\n|switch|p2b: Clefairy|Clefairy, F|100\/100\n|-damage|p2b: Clefairy|88\/100|[from] Stealth Rock\n|switch|p1a: Great Tusk|Great Tusk|100\/100\n|-damage|p1a: Great Tusk|98\/100|[from] Stealth Rock\n|move|p1b: Charizard|Flamethrower|p2b: Clefairy\n|-damage|p2b: Clefairy|57\/100\n|cant|p2a: Broken bear #4|slp\n|\n|-heal|p1a: Great Tusk|100\/100|[from] Grassy Terrain\n|-heal|p2a: Broken bear #4|99\/100 slp|[from] Grassy Terrain\n|-heal|p2b: Clefairy|63\/100|[from] Grassy Terrain\n|upkeep\n|turn|10\n|\n|t:|1697501378\n|-end|p1a: Great Tusk|Protosynthesis|[silent]\n|switch|p1a: Torkoal|Torkoal, M|100\/100\n|-damage|p1a: Torkoal|76\/100|[from] Stealth Rock\n|-weather|SunnyDay|[from] ability: Drought|[of] p1a: Torkoal\n|-terastallize|p1b: Charizard|Fire\n|move|p2b: Clefairy|Follow Me|p2b: Clefairy\n|-singleturn|p2b: Clefairy|move: Follow Me\n|move|p1b: Charizard|Flamethrower|p2b: Clefairy\n|-damage|p2b: Clefairy|0 fnt\n|faint|p2b: Clefairy\n|-curestatus|p2a: Broken bear #4|slp|[msg]\n|move|p2a: Broken bear #4|Hyper Voice|p1b: Charizard|[spread] p1a,p1b\n|-damage|p1a: Torkoal|0 fnt\n|-damage|p1b: Charizard|0 fnt\n|faint|p1a: Torkoal\n|faint|p1b: Charizard\n|\n|-weather|SunnyDay|[upkeep]\n|-heal|p2a: Broken bear #4|100\/100|[from] Grassy Terrain\n|-fieldend|move: Grassy Terrain\n|upkeep\n|\n|t:|1697501399\n|switch|p1b: Great Tusk|Great Tusk|100\/100\n|switch|p2b: Idol|Ogerpon-Hearthflame, F|100\/100\n|switch|p1a: Garchomp|Garchomp, F|100\/100\n|-damage|p1a: Garchomp|94\/100|[from] Stealth Rock\n|-damage|p2b: Idol|76\/100|[from] Stealth Rock\n|-ability|p2b: Idol|Mold Breaker\n|-damage|p1b: Great Tusk|98\/100|[from] Stealth Rock\n|-activate|p1b: Great Tusk|ability: Protosynthesis\n|-start|p1b: Great Tusk|protosynthesisatk\n|turn|11\n|\n|t:|1697501409\n|move|p2b: Idol|Follow Me|p2b: Idol\n|-singleturn|p2b: Idol|move: Follow Me\n|move|p1a: Garchomp|Rock Slide|p2a: Broken bear #4|[spread] p2a,p2b\n|-resisted|p2a: Broken bear #4\n|-supereffective|p2b: Idol\n|-damage|p2a: Broken bear #4|96\/100\n|-damage|p2b: Idol|41\/100\n|move|p1b: Great Tusk|Ice Spinner|p2b: Idol\n|-damage|p2b: Idol|12\/100\n|move|p2a: Broken bear #4|Hyper Voice|p1b: Great Tusk|[spread] p1a,p1b\n|-damage|p1a: Garchomp|0 fnt\n|-damage|p1b: Great Tusk|0 fnt\n|faint|p1a: Garchomp\n|faint|p1b: Great Tusk\n|-end|p1b: Great Tusk|Protosynthesis|[silent]\n|\n|win|Schister\n|raw|Ufahh's rating: 1449 &rarr; <strong>1436<\/strong><br \/>(-13 for losing)\n|raw|Schister's rating: 1582 &rarr; <strong>1595<\/strong><br \/>(+13 for winning)\n|l|\u2606Ufahh\n","uploadtime":1697501435,"views":30,"p1id":"ufahh","p2id":"schister","formatid":"gen9doublesou","rating":1436,"private":0,"password":""}