{"id":"gen9doublesou-1972677140","p1":"Thingsandsturf","p2":"sn000wP","format":"[Gen 9] Doubles OU","log":"|j|\u2606Thingsandsturf\n|j|\u2606sn000wP\n|t:|1697875787\n|gametype|doubles\n|player|p1|Thingsandsturf|266|1344\n|player|p2|sn000wP|1|1184\n|teamsize|p1|6\n|teamsize|p2|6\n|gen|9\n|tier|[Gen 9] Doubles OU\n|rated|\n|rule|Species Clause: Limit one of each Pok\u00e9mon\n|rule|OHKO Clause: OHKO moves are banned\n|rule|Evasion Moves Clause: Evasion moves are banned\n|rule|Gravity Sleep Clause: The combination of sleep-inducing moves with imperfect accuracy and Gravity or Gigantamax Orbeetle are banned\n|rule|Endless Battle Clause: Forcing endless battles is banned\n|rule|HP Percentage Mod: HP is shown in percentages\n|clearpoke\n|poke|p1|Glimmora, F|\n|poke|p1|Toxapex, M|\n|poke|p1|Grimmsnarl, M|\n|poke|p1|Clefable, F|\n|poke|p1|Torterra, M|\n|poke|p1|Cresselia, F|\n|poke|p2|Ursaluna, M|\n|poke|p2|Cresselia, F|\n|poke|p2|Corviknight, F|\n|poke|p2|Vikavolt, F|\n|poke|p2|Toxapex, M|\n|poke|p2|Slowking-Galar, F|\n|teampreview\n|inactive|Battle timer is ON: inactive players will automatically lose when time's up. (requested by Thingsandsturf)\n|\n|t:|1697875808\n|start\n|switch|p1a: Glimmora|Glimmora, F|100\/100\n|switch|p1b: Clefable|Clefable, F|100\/100\n|switch|p2a: Vikavolt|Vikavolt, F|100\/100\n|switch|p2b: Cresselia|Cresselia, F|100\/100\n|turn|1\n|\n|t:|1697875831\n|switch|p2b: Ursaluna|Ursaluna, M, shiny|100\/100\n|move|p1a: Glimmora|Spikes|p2b: Ursaluna\n|-sidestart|p2: sn000wP|Spikes\n|move|p1b: Clefable|Stealth Rock|p2a: Vikavolt\n|-sidestart|p2: sn000wP|move: Stealth Rock\n|move|p2a: Vikavolt|Volt Switch|p1b: Clefable\n|-damage|p1b: Clefable|51\/100\n|-damage|p2a: Vikavolt|91\/100|[from] item: Life Orb\n|\n|t:|1697875840\n|switch|p2a: Cresselia|Cresselia, F|100\/100|[from] Volt Switch\n|-damage|p2a: Cresselia|88\/100|[from] Stealth Rock\n|\n|-status|p2b: Ursaluna|brn|[from] item: Flame Orb\n|upkeep\n|turn|2\n|\n|t:|1697875864\n|move|p1a: Glimmora|Spiky Shield|p1a: Glimmora\n|-singleturn|p1a: Glimmora|move: Protect\n|move|p2b: Ursaluna|Protect|p2b: Ursaluna\n|-singleturn|p2b: Ursaluna|Protect\n|move|p1b: Clefable|Moonblast|p2b: Ursaluna\n|-activate|p2b: Ursaluna|move: Protect\n|move|p2a: Cresselia|Trick Room|p2a: Cresselia\n|-fieldstart|move: Trick Room|[of] p2a: Cresselia\n|\n|-damage|p2b: Ursaluna|94\/100 brn|[from] brn\n|upkeep\n|turn|3\n|\n|t:|1697875885\n|-terastallize|p2b: Ursaluna|Normal\n|move|p1b: Clefable|Moonblast|p2b: Ursaluna\n|-damage|p2b: Ursaluna|65\/100 brn\n|-unboost|p2b: Ursaluna|spa|1\n|move|p2b: Ursaluna|Facade|p1a: Glimmora\n|-resisted|p1a: Glimmora\n|-damage|p1a: Glimmora|22\/100\n|-activate|p1a: Glimmora|ability: Toxic Debris\n|-sidestart|p2: sn000wP|move: Toxic Spikes\n|move|p2a: Cresselia|Dazzling Gleam|p1b: Clefable|[spread] p1a,p1b\n|-resisted|p1a: Glimmora\n|-damage|p1a: Glimmora|17\/100\n|-damage|p1b: Clefable|42\/100\n|move|p1a: Glimmora|Spikes|p2b: Ursaluna\n|-sidestart|p2: sn000wP|Spikes\n|\n|-heal|p1a: Glimmora|23\/100|[from] item: Leftovers\n|-damage|p2b: Ursaluna|59\/100 brn|[from] brn\n|upkeep\n|turn|4\n|\n|t:|1697875915\n|move|p1b: Clefable|Follow Me|p1b: Clefable\n|-singleturn|p1b: Clefable|move: Follow Me\n|move|p2b: Ursaluna|High Horsepower|p1b: Clefable\n|-damage|p1b: Clefable|0 fnt\n|faint|p1b: Clefable\n|move|p2a: Cresselia|Lunar Blessing|p2a: Cresselia|[spread] p2a,p2b\n|-heal|p2a: Cresselia|100\/100\n|-heal|p2b: Ursaluna|84\/100 brn\n|-curestatus|p2b: Ursaluna|brn|[msg]\n|move|p1a: Glimmora|Spikes|p2b: Ursaluna\n|-sidestart|p2: sn000wP|Spikes\n|\n|-heal|p1a: Glimmora|29\/100|[from] item: Leftovers\n|-status|p2b: Ursaluna|brn|[from] item: Flame Orb\n|upkeep\n|inactive|Thingsandsturf has 120 seconds left.\n|\n|t:|1697875935\n|switch|p1b: Torterra|Torterra, M|100\/100\n|turn|5\n|inactive|Thingsandsturf has 120 seconds left.\n|\n|t:|1697875956\n|move|p2b: Ursaluna|Facade|p1b: Torterra\n|-damage|p1b: Torterra|0 fnt\n|faint|p1b: Torterra\n|move|p2a: Cresselia|Dazzling Gleam|p1a: Glimmora\n|-resisted|p1a: Glimmora\n|-damage|p1a: Glimmora|23\/100\n|move|p1a: Glimmora|Earth Power|p2b: Ursaluna\n|-damage|p2b: Ursaluna|58\/100 brn\n|\n|-heal|p1a: Glimmora|29\/100|[from] item: Leftovers\n|-damage|p2b: Ursaluna|52\/100 brn|[from] brn\n|upkeep\n|inactive|Thingsandsturf has 120 seconds left.\n|\n|t:|1697875970\n|switch|p1b: Grimmsnarl|Grimmsnarl, M|100\/100\n|turn|6\n|\n|t:|1697875980\n|move|p1b: Grimmsnarl|Reflect|p1b: Grimmsnarl\n|-sidestart|p1: Thingsandsturf|Reflect\n|move|p2b: Ursaluna|Facade|p1b: Grimmsnarl\n|-damage|p1b: Grimmsnarl|0 fnt\n|faint|p1b: Grimmsnarl\n|move|p2a: Cresselia|Lunar Blessing|p2a: Cresselia|[spread] p2a,p2b\n|-heal|p2b: Ursaluna|77\/100 brn\n|-curestatus|p2b: Ursaluna|brn|[msg]\n|move|p1a: Glimmora|Earth Power|p2b: Ursaluna\n|-damage|p2b: Ursaluna|50\/100\n|\n|-heal|p1a: Glimmora|35\/100|[from] item: Leftovers\n|-fieldend|move: Trick Room\n|-status|p2b: Ursaluna|brn|[from] item: Flame Orb\n|upkeep\n|\n|t:|1697875999\n|switch|p1b: Cresselia|Cresselia, F|100\/100\n|turn|7\n|\n|t:|1697876007\n|move|p2b: Ursaluna|Protect|p2b: Ursaluna\n|-singleturn|p2b: Ursaluna|Protect\n|move|p1a: Glimmora|Sludge Bomb|p2a: Cresselia\n|-damage|p2a: Cresselia|81\/100\n|move|p2a: Cresselia|Trick Room|p2a: Cresselia\n|-fieldstart|move: Trick Room|[of] p2a: Cresselia\n|move|p1b: Cresselia|Trick Room|p1b: Cresselia\n|-fieldend|move: Trick Room\n|\n|-heal|p1a: Glimmora|41\/100|[from] item: Leftovers\n|-damage|p2b: Ursaluna|44\/100 brn|[from] brn\n|upkeep\n|turn|8\n|\n|t:|1697876031\n|move|p1a: Glimmora|Earth Power|p2a: Cresselia\n|-immune|p2a: Cresselia|[from] ability: Levitate\n|move|p1b: Cresselia|Moonblast|p2b: Ursaluna\n|-crit|p2b: Ursaluna\n|-damage|p2b: Ursaluna|20\/100 brn\n|move|p2b: Ursaluna|Facade|p1b: Cresselia\n|-damage|p1b: Cresselia|33\/100\n|move|p2a: Cresselia|Trick Room|p2a: Cresselia\n|-fieldstart|move: Trick Room|[of] p2a: Cresselia\n|\n|-heal|p1b: Cresselia|39\/100|[from] item: Leftovers\n|-heal|p1a: Glimmora|48\/100|[from] item: Leftovers\n|-damage|p2b: Ursaluna|14\/100 brn|[from] brn\n|upkeep\n|turn|9\n|l|\u2606sn000wP\n|inactive|sn000wP disconnected and has a minute to reconnect!\n|player|p2|\n|j|\u2606sn000wP\n|inactive|sn000wP reconnected and has 125 seconds left.\n|player|p2|sn000wP|1\n|inactive|sn000wP has 120 seconds left.\n|\n|t:|1697876073\n|move|p2b: Ursaluna|Protect|p2b: Ursaluna\n|-singleturn|p2b: Ursaluna|Protect\n|move|p2a: Cresselia|Lunar Blessing|p2a: Cresselia|[spread] p2a,p2b\n|-heal|p2a: Cresselia|100\/100\n|-heal|p2b: Ursaluna|39\/100 brn\n|-curestatus|p2b: Ursaluna|brn|[msg]\n|move|p1b: Cresselia|Moonblast|p2b: Ursaluna\n|-activate|p2b: Ursaluna|move: Protect\n|move|p1a: Glimmora|Earth Power|p2b: Ursaluna\n|-activate|p2b: Ursaluna|move: Protect\n|\n|-heal|p1b: Cresselia|45\/100|[from] item: Leftovers\n|-heal|p1a: Glimmora|54\/100|[from] item: Leftovers\n|-status|p2b: Ursaluna|brn|[from] item: Flame Orb\n|upkeep\n|turn|10\n|inactive|sn000wP has 120 seconds left.\n|\n|t:|1697876092\n|move|p2b: Ursaluna|Facade|p1a: Glimmora\n|-resisted|p1a: Glimmora\n|-damage|p1a: Glimmora|0 fnt\n|-activate|p1a: Glimmora|ability: Toxic Debris\n|-sidestart|p2: sn000wP|move: Toxic Spikes\n|faint|p1a: Glimmora\n|move|p1b: Cresselia|Moonblast|p2b: Ursaluna\n|-damage|p2b: Ursaluna|23\/100 brn\n|move|p2a: Cresselia|Lunar Blessing|p2a: Cresselia|[spread] p2a,p2b\n|-heal|p2b: Ursaluna|48\/100 brn\n|-curestatus|p2b: Ursaluna|brn|[msg]\n|\n|-heal|p1b: Cresselia|51\/100|[from] item: Leftovers\n|-status|p2b: Ursaluna|brn|[from] item: Flame Orb\n|upkeep\n|-message|Thingsandsturf forfeited.\n|\n|win|sn000wP\n|raw|Thingsandsturf's rating: 1344 &rarr; <strong>1315<\/strong><br \/>(-29 for losing)\n|raw|sn000wP's rating: 1184 &rarr; <strong>1220<\/strong><br \/>(+36 for winning)\n|l|\u2606Thingsandsturf\n","uploadtime":1697876120,"views":20,"p1id":"thingsandsturf","p2id":"sn000wp","formatid":"gen9doublesou","rating":1220,"private":0,"password":""}