{"id":"gen9doublesou-1981822820","p1":"FabioLunar","p2":"shinjischair","format":"[Gen 9] Doubles OU","log":"|j|\u2606FabioLunar\n|j|\u2606shinjischair\n|t:|1698944257\n|gametype|doubles\n|player|p1|FabioLunar|zinnia|1061\n|player|p2|shinjischair|depotagent|1065\n|teamsize|p1|6\n|teamsize|p2|6\n|gen|9\n|tier|[Gen 9] Doubles OU\n|rated|\n|rule|Species Clause: Limit one of each Pok\u00e9mon\n|rule|OHKO Clause: OHKO moves are banned\n|rule|Evasion Moves Clause: Evasion moves are banned\n|rule|Gravity Sleep Clause: The combination of sleep-inducing moves with imperfect accuracy and Gravity or Gigantamax Orbeetle are banned\n|rule|Endless Battle Clause: Forcing endless battles is banned\n|rule|HP Percentage Mod: HP is shown in percentages\n|clearpoke\n|poke|p1|Meowscarada, M|\n|poke|p1|Oricorio-Sensu, F|\n|poke|p1|Dragonite, M|\n|poke|p1|Clefairy, F|\n|poke|p1|Quaquaval, F|\n|poke|p1|Lilligant-Hisui, F|\n|poke|p2|Ninetales-Alola, F|\n|poke|p2|Heatran, M|\n|poke|p2|Diancie|\n|poke|p2|Amoonguss, M|\n|poke|p2|Iron Hands|\n|poke|p2|Sinistcha|\n|teampreview\n|\n|t:|1698944266\n|start\n|switch|p1a: Oricorio|Oricorio-Sensu, F|100\/100\n|switch|p1b: Meowscarada|Meowscarada, M|100\/100\n|switch|p2a: Ninetales|Ninetales-Alola, F, shiny|100\/100\n|switch|p2b: Heatran|Heatran, M|100\/100\n|-weather|Snow|[from] ability: Snow Warning|[of] p2a: Ninetales\n|-item|p2b: Heatran|Air Balloon\n|turn|1\n|\n|t:|1698944285\n|move|p1b: Meowscarada|Skill Swap|p1a: Oricorio\n|-start|p1b: Meowscarada|typechange|Psychic|[from] ability: Protean\n|-activate|p1b: Meowscarada|move: Skill Swap|||[of] p1a: Oricorio\n|move|p2a: Ninetales|Aurora Veil|p2a: Ninetales\n|-sidestart|p2: shinjischair|move: Aurora Veil\n|move|p1a: Oricorio|Swords Dance|p1a: Oricorio\n|-start|p1a: Oricorio|typechange|Normal|[from] ability: Protean\n|-boost|p1a: Oricorio|atk|2\n|-activate|p1b: Meowscarada|ability: Dancer\n|move|p1b: Meowscarada|Swords Dance|p1b: Meowscarada|[from]ability: Dancer\n|-boost|p1b: Meowscarada|atk|2\n|move|p2b: Heatran|Stealth Rock|p1a: Oricorio\n|-sidestart|p1: FabioLunar|move: Stealth Rock\n|\n|-weather|Snow|[upkeep]\n|upkeep\n|turn|2\n|\n|t:|1698944323\n|move|p1b: Meowscarada|Low Kick|p2b: Heatran\n|-supereffective|p2b: Heatran\n|-damage|p2b: Heatran|18\/100\n|-enditem|p2b: Heatran|Air Balloon\n|move|p2a: Ninetales|Moonblast|p1b: Meowscarada\n|-damage|p1b: Meowscarada|56\/100\n|move|p1a: Oricorio|U-turn|p2a: Ninetales\n|-resisted|p2a: Ninetales\n|-damage|p2a: Ninetales|91\/100\n|\n|t:|1698944335\n|switch|p1a: Quaquaval|Quaquaval, F|100\/100|[from] U-turn\n|-damage|p1a: Quaquaval|94\/100|[from] Stealth Rock\n|move|p2b: Heatran|Taunt|p1b: Meowscarada\n|-start|p1b: Meowscarada|move: Taunt\n|\n|-weather|Snow|[upkeep]\n|upkeep\n|turn|3\n|\n|t:|1698944354\n|switch|p2b: Sinistcha|Sinistcha|100\/100\n|-heal|p2a: Ninetales|100\/100|[from] ability: Hospitality|[of] p2b: Sinistcha\n|move|p1b: Meowscarada|Low Kick|p2b: Sinistcha\n|-immune|p2b: Sinistcha\n|move|p2a: Ninetales|Moonblast|p1a: Quaquaval\n|-supereffective|p1a: Quaquaval\n|-damage|p1a: Quaquaval|13\/100\n|move|p1a: Quaquaval|Aqua Step|p2b: Sinistcha\n|-resisted|p2b: Sinistcha\n|-damage|p2b: Sinistcha|88\/100\n|-boost|p1a: Quaquaval|spe|1\n|-activate|p1b: Meowscarada|ability: Dancer\n|move|p1b: Meowscarada|Aqua Step|p2b: Sinistcha|[from]ability: Dancer\n|-resisted|p2b: Sinistcha\n|-damage|p2b: Sinistcha|74\/100\n|-boost|p1b: Meowscarada|spe|1\n|\n|-weather|Snow|[upkeep]\n|-heal|p2b: Sinistcha|80\/100|[from] item: Leftovers\n|upkeep\n|turn|4\n|\n|t:|1698944398\n|move|p2b: Sinistcha|Rage Powder|p2b: Sinistcha\n|-singleturn|p2b: Sinistcha|move: Rage Powder\n|move|p1b: Meowscarada|Knock Off|p2b: Sinistcha\n|-supereffective|p2b: Sinistcha\n|-damage|p2b: Sinistcha|8\/100\n|-enditem|p2b: Sinistcha|Leftovers|[from] move: Knock Off|[of] p1b: Meowscarada\n|move|p1a: Quaquaval|Ice Spinner|p2b: Sinistcha\n|-supereffective|p2b: Sinistcha\n|-damage|p2b: Sinistcha|0 fnt\n|faint|p2b: Sinistcha\n|-ability|p1a: Quaquaval|Moxie|boost\n|-boost|p1a: Quaquaval|atk|1\n|move|p2a: Ninetales|Moonblast|p1b: Meowscarada\n|-damage|p1b: Meowscarada|15\/100\n|\n|-weather|Snow|[upkeep]\n|upkeep\n|\n|t:|1698944412\n|switch|p2b: Diancie|Diancie|100\/100\n|turn|5\n|\n|t:|1698944435\n|move|p1b: Meowscarada|Flower Trick|p2a: Ninetales\n|-crit|p2a: Ninetales\n|-damage|p2a: Ninetales|47\/100\n|move|p1a: Quaquaval|Aqua Step|p2b: Diancie\n|-supereffective|p2b: Diancie\n|-damage|p2b: Diancie|34\/100\n|-boost|p1a: Quaquaval|spe|1\n|-enditem|p2b: Diancie|Weakness Policy\n|-boost|p2b: Diancie|atk|2|[from] item: Weakness Policy\n|-boost|p2b: Diancie|spa|2|[from] item: Weakness Policy\n|-activate|p1b: Meowscarada|ability: Dancer\n|move|p1b: Meowscarada|Aqua Step|p2b: Diancie|[from]ability: Dancer\n|-supereffective|p2b: Diancie\n|-damage|p2b: Diancie|0 fnt\n|-boost|p1b: Meowscarada|spe|1\n|faint|p2b: Diancie\n|move|p2a: Ninetales|Moonblast|p1b: Meowscarada\n|-damage|p1b: Meowscarada|0 fnt\n|faint|p1b: Meowscarada\n|\n|-weather|none\n|upkeep\n|\n|t:|1698944459\n|switch|p1b: Oricorio|Oricorio-Sensu, F|100\/100\n|switch|p2b: Iron Hands|Iron Hands|100\/100\n|-damage|p1b: Oricorio|75\/100|[from] Stealth Rock\n|turn|6\n|\n|t:|1698944479\n|-terastallize|p2a: Ninetales|Water\n|move|p1a: Quaquaval|Aqua Step|p2a: Ninetales\n|-resisted|p2a: Ninetales\n|-damage|p2a: Ninetales|14\/100\n|-boost|p1a: Quaquaval|spe|1\n|-activate|p1b: Oricorio|ability: Dancer\n|move|p1b: Oricorio|Aqua Step|p2a: Ninetales|[from]ability: Dancer\n|-resisted|p2a: Ninetales\n|-crit|p2a: Ninetales\n|-damage|p2a: Ninetales|0 fnt\n|-boost|p1b: Oricorio|spe|1\n|faint|p2a: Ninetales\n|move|p1b: Oricorio|Feather Dance|p2b: Iron Hands\n|-unboost|p2b: Iron Hands|atk|2\n|move|p2b: Iron Hands|Thunder Punch|p1b: Oricorio\n|-supereffective|p1b: Oricorio\n|-damage|p1b: Oricorio|0 fnt\n|faint|p1b: Oricorio\n|\n|upkeep\n|\n|t:|1698944500\n|switch|p2a: Amoonguss|Amoonguss, M|100\/100\n|switch|p1b: Dragonite|Dragonite, M|100\/100\n|-damage|p1b: Dragonite|76\/100|[from] Stealth Rock\n|turn|7\n|\n|t:|1698944525\n|move|p2b: Iron Hands|Fake Out||[still]\n|-hint|Fake Out only works on your first turn out.\n|-fail|p2b: Iron Hands\n|move|p1a: Quaquaval|Ice Spinner|p2a: Amoonguss\n|-supereffective|p2a: Amoonguss\n|-damage|p2a: Amoonguss|54\/100\n|move|p1b: Dragonite|Dragon Dance|p1b: Dragonite\n|-boost|p1b: Dragonite|atk|1\n|-boost|p1b: Dragonite|spe|1\n|move|p2a: Amoonguss|Clear Smog|p2b: Iron Hands\n|-damage|p2b: Iron Hands|90\/100\n|-clearboost|p2b: Iron Hands\n|\n|-heal|p1b: Dragonite|82\/100|[from] item: Leftovers\n|upkeep\n|turn|8\n|\n|t:|1698944550\n|move|p1b: Dragonite|Extreme Speed|p2a: Amoonguss\n|-damage|p2a: Amoonguss|33\/100\n|-enditem|p2a: Amoonguss|Sitrus Berry|[eat]\n|-heal|p2a: Amoonguss|57\/100|[from] item: Sitrus Berry\n|move|p2a: Amoonguss|Rage Powder|p2a: Amoonguss\n|-singleturn|p2a: Amoonguss|move: Rage Powder\n|move|p1a: Quaquaval|Ice Spinner|p2a: Amoonguss\n|-supereffective|p2a: Amoonguss\n|-damage|p2a: Amoonguss|0 fnt\n|faint|p2a: Amoonguss\n|-ability|p1a: Quaquaval|Moxie|boost\n|-boost|p1a: Quaquaval|atk|1\n|move|p2b: Iron Hands|Thunder Punch|p1a: Quaquaval\n|-supereffective|p1a: Quaquaval\n|-damage|p1a: Quaquaval|0 fnt\n|faint|p1a: Quaquaval\n|\n|-heal|p1b: Dragonite|88\/100|[from] item: Leftovers\n|-sideend|p2: shinjischair|move: Aurora Veil\n|upkeep\n|\n|t:|1698944569\n|switch|p1a: Lilligant|Lilligant-Hisui, F|100\/100\n|switch|p2a: Heatran|Heatran, M|18\/100\n|-damage|p1a: Lilligant|94\/100|[from] Stealth Rock\n|turn|9\n|\n|t:|1698944581\n|move|p1b: Dragonite|Earthquake|p2a: Heatran|[spread] p1a,p2a,p2b\n|-resisted|p1a: Lilligant\n|-supereffective|p2a: Heatran\n|-supereffective|p2b: Iron Hands\n|-damage|p1a: Lilligant|67\/100\n|-damage|p2a: Heatran|0 fnt\n|-damage|p2b: Iron Hands|41\/100\n|-enditem|p2b: Iron Hands|Sitrus Berry|[eat]\n|-heal|p2b: Iron Hands|66\/100|[from] item: Sitrus Berry\n|faint|p2a: Heatran\n|move|p1a: Lilligant|Victory Dance|p1a: Lilligant\n|-boost|p1a: Lilligant|atk|1\n|-boost|p1a: Lilligant|def|1\n|-boost|p1a: Lilligant|spe|1\n|move|p2b: Iron Hands|Thunder Punch|p1b: Dragonite\n|-damage|p1b: Dragonite|43\/100\n|\n|-heal|p1b: Dragonite|49\/100|[from] item: Leftovers\n|upkeep\n|turn|10\n|\n|t:|1698944603\n|-terastallize|p1a: Lilligant|Grass\n|move|p1a: Lilligant|Leaf Blade|p2b: Iron Hands\n|-damage|p2b: Iron Hands|0 fnt\n|faint|p2b: Iron Hands\n|-end|p2b: Iron Hands|Quark Drive|[silent]\n|\n|win|FabioLunar\n|raw|FabioLunar's rating: 1061 &rarr; <strong>1092<\/strong><br \/>(+31 for winning)\n|raw|shinjischair's rating: 1065 &rarr; <strong>1045<\/strong><br \/>(-20 for losing)\n|c|\u2606FabioLunar|gg\n|l|\u2606shinjischair\n","uploadtime":1698944614,"views":38,"p1id":"fabiolunar","p2id":"shinjischair","formatid":"gen9doublesou","rating":1045,"private":0,"password":""}