{"id":"gen9doublesou-1998078565","p1":"Never5678","p2":"AA_roncom","format":"[Gen 9] Doubles OU","log":"|j|\u2606Never5678\n|j|\u2606AA_roncom\n|t:|1700887825\n|gametype|doubles\n|player|p1|Never5678|ingo|1180\n|player|p2|AA_roncom|170|1177\n|teamsize|p1|6\n|teamsize|p2|6\n|gen|9\n|tier|[Gen 9] Doubles OU\n|rated|\n|rule|Species Clause: Limit one of each Pok\u00e9mon\n|rule|OHKO Clause: OHKO moves are banned\n|rule|Evasion Moves Clause: Evasion moves are banned\n|rule|Gravity Sleep Clause: The combination of sleep-inducing moves with imperfect accuracy and Gravity or Gigantamax Orbeetle are banned\n|rule|Endless Battle Clause: Forcing endless battles is banned\n|rule|HP Percentage Mod: HP is shown in percentages\n|clearpoke\n|poke|p1|Azumarill, F|\n|poke|p1|Clefairy, F|\n|poke|p1|Enamorus, F|\n|poke|p1|Flutter Mane|\n|poke|p1|Grimmsnarl, M|\n|poke|p1|Weezing-Galar, M|\n|poke|p2|Ceruledge, F|\n|poke|p2|Iron Valiant|\n|poke|p2|Kingambit, F|\n|poke|p2|Volcanion|\n|poke|p2|Garchomp, F|\n|poke|p2|Greninja-*, F|\n|teampreview\n|inactive|Battle timer is ON: inactive players will automatically lose when time's up. (requested by AA_roncom)\n|\n|t:|1700887858\n|start\n|switch|p1a: Azumarill|Azumarill, F|100\/100\n|switch|p1b: Clefairy|Clefairy, F|100\/100\n|switch|p2a: Cerusplooge|Ceruledge, F|100\/100\n|switch|p2b: Chess mf|Kingambit, F|100\/100\n|turn|1\n|\n|t:|1700887881\n|move|p1b: Clefairy|Follow Me|p1b: Clefairy\n|-singleturn|p1b: Clefairy|move: Follow Me\n|move|p2a: Cerusplooge|Bitter Blade|p1b: Clefairy\n|-damage|p1b: Clefairy|44\/100\n|-damage|p2a: Cerusplooge|91\/100|[from] item: Life Orb\n|move|p1a: Azumarill|Belly Drum|p1a: Azumarill\n|-damage|p1a: Azumarill|50\/100\n|-setboost|p1a: Azumarill|atk|6|[from] move: Belly Drum\n|move|p2b: Chess mf|Iron Head|p1b: Clefairy\n|-supereffective|p1b: Clefairy\n|-crit|p1b: Clefairy\n|-damage|p1b: Clefairy|0 fnt\n|faint|p1b: Clefairy\n|\n|-heal|p1a: Azumarill|57\/100|[from] item: Leftovers\n|upkeep\n|\n|t:|1700887897\n|switch|p1b: Grimmsnarl|Grimmsnarl, M|100\/100\n|turn|2\n|\n|t:|1700887906\n|move|p2a: Cerusplooge|Protect|p2a: Cerusplooge\n|-singleturn|p2a: Cerusplooge|Protect\n|move|p1b: Grimmsnarl|Fake Out|p2b: Chess mf\n|-resisted|p2b: Chess mf\n|-damage|p2b: Chess mf|96\/100\n|move|p1a: Azumarill|Aqua Jet|p2a: Cerusplooge\n|-activate|p2a: Cerusplooge|move: Protect\n|cant|p2b: Chess mf|flinch\n|\n|-heal|p1a: Azumarill|63\/100|[from] item: Leftovers\n|upkeep\n|turn|3\n|\n|t:|1700887922\n|move|p1b: Grimmsnarl|Reflect|p1b: Grimmsnarl\n|-sidestart|p1: Never5678|Reflect\n|move|p2a: Cerusplooge|Bitter Blade|p1b: Grimmsnarl\n|-damage|p1b: Grimmsnarl|66\/100\n|-heal|p2a: Cerusplooge|100\/100|[from] drain|[of] p1b: Grimmsnarl\n|-damage|p2a: Cerusplooge|91\/100|[from] item: Life Orb\n|move|p2b: Chess mf|Iron Head|p1a: Azumarill\n|-damage|p1a: Azumarill|35\/100\n|cant|p1a: Azumarill|flinch\n|\n|-heal|p1a: Azumarill|41\/100|[from] item: Leftovers\n|upkeep\n|turn|4\n|\n|t:|1700887951\n|-terastallize|p1a: Azumarill|Steel\n|move|p2a: Cerusplooge|Protect|p2a: Cerusplooge\n|-singleturn|p2a: Cerusplooge|Protect\n|move|p1b: Grimmsnarl|Light Screen|p1b: Grimmsnarl\n|-sidestart|p1: Never5678|move: Light Screen\n|move|p1a: Azumarill|Brick Break|p2b: Chess mf\n|-supereffective|p2b: Chess mf\n|-damage|p2b: Chess mf|0 fnt\n|faint|p2b: Chess mf\n|\n|-heal|p1a: Azumarill|47\/100|[from] item: Leftovers\n|upkeep\n|inactive|AA_roncom has 120 seconds left.\n|\n|t:|1700887967\n|switch|p2b: Gallade 2.0|Iron Valiant|100\/100\n|turn|5\n|\n|t:|1700887984\n|move|p1b: Grimmsnarl|Parting Shot|p2a: Cerusplooge\n|-unboost|p2a: Cerusplooge|atk|1\n|-unboost|p2a: Cerusplooge|spa|1\n|\n|t:|1700887994\n|switch|p1b: Enamorus|Enamorus, F|100\/100|[from] Parting Shot\n|move|p1a: Azumarill|Aqua Jet|p2b: Gallade 2.0\n|-damage|p2b: Gallade 2.0|8\/100\n|move|p2b: Gallade 2.0|Icy Wind|p1b: Enamorus|[spread] p1a,p1b\n|-resisted|p1a: Azumarill\n|-supereffective|p1b: Enamorus\n|-damage|p1a: Azumarill|44\/100\n|-damage|p1b: Enamorus|79\/100\n|-unboost|p1a: Azumarill|spe|1\n|-boost|p1b: Enamorus|spe|1\n|move|p2a: Cerusplooge|Bitter Blade|p1a: Azumarill\n|-supereffective|p1a: Azumarill\n|-damage|p1a: Azumarill|0 fnt\n|-heal|p2a: Cerusplooge|100\/100|[from] drain|[of] p1a: Azumarill\n|faint|p1a: Azumarill\n|-damage|p2a: Cerusplooge|91\/100|[from] item: Life Orb\n|\n|upkeep\n|inactive|Never5678 has 120 seconds left.\n|\n|t:|1700888014\n|switch|p1a: Grimmsnarl|Grimmsnarl, M|66\/100\n|turn|6\n|\n|t:|1700888033\n|move|p1a: Grimmsnarl|Fake Out|p2b: Gallade 2.0\n|-damage|p2b: Gallade 2.0|0 fnt\n|faint|p2b: Gallade 2.0\n|-end|p2b: Gallade 2.0|Quark Drive|[silent]\n|move|p1b: Enamorus|Earth Power|p2a: Cerusplooge\n|-supereffective|p2a: Cerusplooge\n|-damage|p2a: Cerusplooge|9\/100\n|-unboost|p2a: Cerusplooge|spd|1\n|move|p2a: Cerusplooge|Bitter Blade|p1b: Enamorus\n|-damage|p1b: Enamorus|45\/100\n|-heal|p2a: Cerusplooge|28\/100|[from] drain|[of] p1b: Enamorus\n|-damage|p2a: Cerusplooge|18\/100|[from] item: Life Orb\n|\n|upkeep\n|inactive|AA_roncom has 120 seconds left.\n|\n|t:|1700888062\n|switch|p2b: Boo Boo Keys|Volcanion|100\/100\n|turn|7\n|\n|t:|1700888071\n|move|p2a: Cerusplooge|Protect|p2a: Cerusplooge\n|-singleturn|p2a: Cerusplooge|Protect\n|move|p1a: Grimmsnarl|Parting Shot|p2b: Boo Boo Keys\n|-unboost|p2b: Boo Boo Keys|atk|1\n|-unboost|p2b: Boo Boo Keys|spa|1\n|\n|t:|1700888077\n|switch|p1a: Weezing|Weezing-Galar, M|100\/100|[from] Parting Shot\n|move|p1b: Enamorus|Dazzling Gleam|p2a: Cerusplooge|[spread] p2b\n|-activate|p2a: Cerusplooge|move: Protect\n|-resisted|p2b: Boo Boo Keys\n|-damage|p2b: Boo Boo Keys|81\/100\n|move|p2b: Boo Boo Keys|Heat Wave|p1b: Enamorus|[spread] p1a,p1b\n|-damage|p1a: Weezing|83\/100\n|-damage|p1b: Enamorus|23\/100\n|\n|upkeep\n|turn|8\n|\n|t:|1700888102\n|move|p1b: Enamorus|Earth Power|p2b: Boo Boo Keys\n|-supereffective|p2b: Boo Boo Keys\n|-enditem|p2b: Boo Boo Keys|Shuca Berry|[eat]\n|-enditem|p2b: Boo Boo Keys|Shuca Berry|[weaken]\n|-damage|p2b: Boo Boo Keys|41\/100\n|-unboost|p2b: Boo Boo Keys|spd|1\n|move|p2a: Cerusplooge|Bitter Blade|p1b: Enamorus\n|-damage|p1b: Enamorus|0 fnt\n|-heal|p2a: Cerusplooge|31\/100|[from] drain|[of] p1b: Enamorus\n|faint|p1b: Enamorus\n|-damage|p2a: Cerusplooge|21\/100|[from] item: Life Orb\n|move|p2b: Boo Boo Keys|Heat Wave|p1a: Weezing\n|-damage|p1a: Weezing|61\/100\n|move|p1a: Weezing|Sludge Bomb|p2a: Cerusplooge\n|-resisted|p2a: Cerusplooge\n|-damage|p2a: Cerusplooge|0 fnt\n|faint|p2a: Cerusplooge\n|\n|upkeep\n|\n|t:|1700888123\n|switch|p2a: Garchigga|Garchomp, F, shiny|100\/100\n|switch|p1b: Grimmsnarl|Grimmsnarl, M|66\/100\n|turn|9\n|\n|t:|1700888132\n|move|p1b: Grimmsnarl|Fake Out|p2b: Boo Boo Keys\n|-damage|p2b: Boo Boo Keys|30\/100\n|move|p2a: Garchigga|Iron Head|p1b: Grimmsnarl\n|-supereffective|p1b: Grimmsnarl\n|-damage|p1b: Grimmsnarl|33\/100\n|cant|p2b: Boo Boo Keys|flinch\n|move|p1a: Weezing|Dazzling Gleam|p2b: Boo Boo Keys|[spread] p2a,p2b\n|-supereffective|p2a: Garchigga\n|-resisted|p2b: Boo Boo Keys\n|-crit|p2b: Boo Boo Keys\n|-damage|p2a: Garchigga|61\/100\n|-damage|p2b: Boo Boo Keys|6\/100\n|\n|upkeep\n|turn|10\n|inactive|AA_roncom has 120 seconds left.\n|\n|t:|1700888166\n|move|p1b: Grimmsnarl|Parting Shot|p2a: Garchigga\n|-unboost|p2a: Garchigga|atk|1\n|-unboost|p2a: Garchigga|spa|1\n|\n|t:|1700888170\n|switch|p1b: Flutter Mane|Flutter Mane|100\/100|[from] Parting Shot\n|-enditem|p1b: Flutter Mane|Booster Energy\n|-activate|p1b: Flutter Mane|ability: Protosynthesis|[fromitem]\n|-start|p1b: Flutter Mane|protosynthesisspa\n|move|p2a: Garchigga|Earthquake|p1a: Weezing|[spread] p2b,p1b\n|-immune|p1a: Weezing|[from] ability: Levitate\n|-supereffective|p2b: Boo Boo Keys\n|-damage|p2b: Boo Boo Keys|0 fnt\n|-damage|p1b: Flutter Mane|67\/100\n|faint|p2b: Boo Boo Keys\n|move|p1a: Weezing|Will-O-Wisp|p2a: Garchigga\n|-status|p2a: Garchigga|brn\n|\n|-damage|p2a: Garchigga|55\/100 brn|[from] brn\n|-sideend|p1: Never5678|Reflect\n|upkeep\n|inactive|AA_roncom has 120 seconds left.\n|\n|t:|1700888184\n|switch|p2b: Greniggus|Greninja, F, shiny|100\/100\n|turn|11\n|\n|t:|1700888199\n|move|p2b: Greniggus|Water Shuriken|p1a: Weezing\n|-damage|p1a: Weezing|54\/100\n|-damage|p1a: Weezing|47\/100\n|-enditem|p1a: Weezing|Sitrus Berry|[eat]\n|-heal|p1a: Weezing|72\/100|[from] item: Sitrus Berry\n|-damage|p1a: Weezing|65\/100\n|-hitcount|p1a: Weezing|3\n|move|p1b: Flutter Mane|Dazzling Gleam|p2b: Greniggus|[spread] p2a,p2b\n|-supereffective|p2a: Garchigga\n|-supereffective|p2b: Greniggus\n|-damage|p2a: Garchigga|0 fnt\n|-damage|p2b: Greniggus|0 fnt\n|faint|p2a: Garchigga\n|faint|p2b: Greniggus\n|\n|win|Never5678\n|raw|Never5678's rating: 1180 &rarr; <strong>1205<\/strong><br \/>(+25 for winning)\n|raw|AA_roncom's rating: 1177 &rarr; <strong>1152<\/strong><br \/>(-25 for losing)\n|l|\u2606AA_roncom\n","uploadtime":1700888216,"views":7,"p1id":"never5678","p2id":"aaroncom","formatid":"gen9doublesou","rating":1152,"private":0,"password":""}