{"id":"gen9doublesou-1991107777","p1":"dudfman","p2":"GentlemanTorchick","format":"[Gen 9] Doubles OU","log":"|j|\u2606dudfman\n|j|\u2606GentlemanTorchick\n|t:|1700044077\n|gametype|doubles\n|player|p1|dudfman|266|1214\n|player|p2|GentlemanTorchick|266|1318\n|teamsize|p1|6\n|teamsize|p2|6\n|gen|9\n|tier|[Gen 9] Doubles OU\n|rated|\n|rule|Species Clause: Limit one of each Pok\u00e9mon\n|rule|OHKO Clause: OHKO moves are banned\n|rule|Evasion Moves Clause: Evasion moves are banned\n|rule|Gravity Sleep Clause: The combination of sleep-inducing moves with imperfect accuracy and Gravity or Gigantamax Orbeetle are banned\n|rule|Endless Battle Clause: Forcing endless battles is banned\n|rule|HP Percentage Mod: HP is shown in percentages\n|clearpoke\n|poke|p1|Klawf, M|\n|poke|p1|Amoonguss, M|\n|poke|p1|Masquerain, M|\n|poke|p1|Iron Hands|\n|poke|p1|Hippowdon, F|\n|poke|p1|Pincurchin, M|\n|poke|p2|Brute Bonnet|\n|poke|p2|Torkoal, M|\n|poke|p2|Tornadus, M|\n|poke|p2|Great Tusk|\n|poke|p2|Volcarona, M|\n|poke|p2|Flutter Mane|\n|teampreview\n|inactive|Battle timer is ON: inactive players will automatically lose when time's up. (requested by dudfman)\n|\n|t:|1700044107\n|start\n|switch|p1a: Iron Hands|Iron Hands|100\/100\n|switch|p1b: Pincurchin|Pincurchin, M|100\/100\n|switch|p2a: Torkoal|Torkoal, M|100\/100\n|switch|p2b: Volcarona|Volcarona, M|100\/100\n|-weather|SunnyDay|[from] ability: Drought|[of] p2a: Torkoal\n|-fieldstart|move: Electric Terrain|[from] ability: Electric Surge|[of] p1b: Pincurchin\n|-activate|p1a: Iron Hands|ability: Quark Drive\n|-start|p1a: Iron Hands|quarkdriveatk\n|turn|1\n|inactive|dudfman has 120 seconds left.\n|\n|t:|1700044140\n|move|p1a: Iron Hands|Fake Out|p2a: Torkoal\n|-damage|p2a: Torkoal|88\/100\n|move|p2b: Volcarona|Quiver Dance|p2b: Volcarona\n|-boost|p2b: Volcarona|spa|1\n|-boost|p2b: Volcarona|spd|1\n|-boost|p2b: Volcarona|spe|1\n|cant|p2a: Torkoal|flinch\n|move|p1b: Pincurchin|Discharge|p2a: Torkoal|[spread] p1a,p2a,p2b\n|-resisted|p1a: Iron Hands\n|-crit|p2a: Torkoal\n|-damage|p1a: Iron Hands|94\/100\n|-damage|p2a: Torkoal|31\/100\n|-damage|p2b: Volcarona|82\/100\n|\n|-weather|SunnyDay|[upkeep]\n|upkeep\n|turn|2\n|\n|t:|1700044162\n|-end|p1a: Iron Hands|Quark Drive|[silent]\n|switch|p1a: Hippowdon|Hippowdon, F|100\/100\n|-weather|Sandstorm|[from] ability: Sand Stream|[of] p1a: Hippowdon\n|move|p2b: Volcarona|Fiery Dance|p1a: Hippowdon\n|-damage|p1a: Hippowdon|40\/100\n|-boost|p2b: Volcarona|spa|1\n|move|p2a: Torkoal|Body Press|p1b: Pincurchin\n|-damage|p1b: Pincurchin|64\/100\n|move|p1b: Pincurchin|Discharge|p2b: Volcarona|[spread] p2a,p2b\n|-immune|p1a: Hippowdon\n|-damage|p2a: Torkoal|0 fnt\n|-damage|p2b: Volcarona|63\/100\n|faint|p2a: Torkoal\n|\n|-weather|Sandstorm|[upkeep]\n|-damage|p2b: Volcarona|57\/100|[from] Sandstorm\n|-damage|p1b: Pincurchin|58\/100|[from] Sandstorm\n|-heal|p1a: Hippowdon|46\/100|[from] item: Leftovers\n|upkeep\n|inactive|GentlemanTorchick has 120 seconds left.\n|\n|t:|1700044190\n|switch|p2a: Tornadus|Tornadus, M|100\/100\n|turn|3\n|inactive|dudfman has 120 seconds left.\n|\n|t:|1700044220\n|switch|p1a: Klawf|Klawf, M, shiny|100\/100\n|-terastallize|p2b: Volcarona|Water\n|move|p2a: Tornadus|Sunny Day|p2a: Tornadus\n|-weather|SunnyDay\n|move|p2b: Volcarona|Fiery Dance|p1b: Pincurchin\n|-damage|p1b: Pincurchin|0 fnt\n|faint|p1b: Pincurchin\n|\n|-weather|SunnyDay|[upkeep]\n|upkeep\n|inactive|dudfman has 120 seconds left.\n|\n|t:|1700044243\n|switch|p1b: Iron Hands|Iron Hands|94\/100\n|-activate|p1b: Iron Hands|ability: Quark Drive\n|-start|p1b: Iron Hands|quarkdriveatk\n|turn|4\n|inactive|dudfman has 120 seconds left.\n|\n|t:|1700044266\n|move|p1b: Iron Hands|Fake Out|p2b: Volcarona\n|-crit|p2b: Volcarona\n|-damage|p2b: Volcarona|29\/100\n|move|p2a: Tornadus|Tailwind|p2a: Tornadus\n|-sidestart|p2: GentlemanTorchick|move: Tailwind\n|cant|p2b: Volcarona|flinch\n|move|p1a: Klawf|Knock Off|p2b: Volcarona\n|-damage|p2b: Volcarona|6\/100\n|-enditem|p2b: Volcarona|Heavy-Duty Boots|[from] move: Knock Off|[of] p1a: Klawf\n|\n|-weather|SunnyDay|[upkeep]\n|upkeep\n|turn|5\n|inactive|dudfman has 120 seconds left.\n|\n|t:|1700044294\n|switch|p1a: Hippowdon|Hippowdon, F|46\/100\n|-weather|Sandstorm|[from] ability: Sand Stream|[of] p1a: Hippowdon\n|move|p2b: Volcarona|Fiery Dance|p1b: Iron Hands\n|-damage|p1b: Iron Hands|50\/100\n|move|p2a: Tornadus|Icy Wind|p1b: Iron Hands|[spread] p1a,p1b\n|-supereffective|p1a: Hippowdon\n|-damage|p1a: Hippowdon|20\/100\n|-damage|p1b: Iron Hands|42\/100\n|-unboost|p1a: Hippowdon|spe|1\n|-unboost|p1b: Iron Hands|spe|1\n|move|p1b: Iron Hands|Play Rough|p2b: Volcarona\n|-damage|p2b: Volcarona|0 fnt\n|faint|p2b: Volcarona\n|\n|-weather|Sandstorm|[upkeep]\n|-damage|p1b: Iron Hands|36\/100|[from] Sandstorm\n|-heal|p1a: Hippowdon|26\/100|[from] item: Leftovers\n|-fieldend|move: Electric Terrain\n|-end|p1b: Iron Hands|Quark Drive\n|upkeep\n|inactive|GentlemanTorchick has 120 seconds left.\n|\n|t:|1700044317\n|switch|p2b: Flutter Mane|Flutter Mane|100\/100\n|turn|6\n|\n|t:|1700044329\n|-end|p1b: Iron Hands|Quark Drive|[silent]\n|switch|p1b: Amoonguss|Amoonguss, M|100\/100\n|move|p2a: Tornadus|Sunny Day|p2a: Tornadus\n|-weather|SunnyDay\n|-activate|p2b: Flutter Mane|ability: Protosynthesis\n|-start|p2b: Flutter Mane|protosynthesisspe\n|move|p2b: Flutter Mane|Dazzling Gleam|p1a: Hippowdon|[spread] p1a,p1b\n|-resisted|p1b: Amoonguss\n|-damage|p1a: Hippowdon|0 fnt\n|-damage|p1b: Amoonguss|83\/100\n|faint|p1a: Hippowdon\n|\n|-weather|SunnyDay|[upkeep]\n|-heal|p1b: Amoonguss|90\/100|[from] item: Leftovers\n|upkeep\n|inactive|dudfman has 120 seconds left.\n|\n|t:|1700044347\n|switch|p1a: Iron Hands|Iron Hands|36\/100\n|turn|7\n|\n|t:|1700044354\n|move|p1a: Iron Hands|Fake Out|p2a: Tornadus\n|-damage|p2a: Tornadus|83\/100\n|move|p2b: Flutter Mane|Dazzling Gleam|p1b: Amoonguss|[spread] p1a,p1b\n|-supereffective|p1a: Iron Hands\n|-resisted|p1b: Amoonguss\n|-damage|p1a: Iron Hands|0 fnt\n|-damage|p1b: Amoonguss|71\/100\n|faint|p1a: Iron Hands\n|-end|p1a: Iron Hands|Quark Drive|[silent]\n|cant|p2a: Tornadus|flinch\n|move|p1b: Amoonguss|Spore|p2b: Flutter Mane\n|-status|p2b: Flutter Mane|slp|[from] move: Spore\n|\n|-weather|SunnyDay|[upkeep]\n|-heal|p1b: Amoonguss|77\/100|[from] item: Leftovers\n|-sideend|p2: GentlemanTorchick|move: Tailwind\n|upkeep\n|\n|t:|1700044374\n|switch|p1a: Masquerain|Masquerain, M|100\/100\n|-ability|p1a: Masquerain|Intimidate|boost\n|-unboost|p2a: Tornadus|atk|1\n|-unboost|p2b: Flutter Mane|atk|1\n|turn|8\n|\n|t:|1700044393\n|-end|p2b: Flutter Mane|Protosynthesis|[silent]\n|switch|p2b: Brute Bonnet|Brute Bonnet|100\/100\n|-activate|p2b: Brute Bonnet|ability: Protosynthesis\n|-start|p2b: Brute Bonnet|protosynthesisspd\n|move|p1a: Masquerain|Sticky Web|p2b: Brute Bonnet\n|-sidestart|p2: GentlemanTorchick|move: Sticky Web\n|move|p2a: Tornadus|Bleakwind Storm|p1b: Amoonguss|[spread] p1b\n|-miss|p2a: Tornadus|p1a: Masquerain\n|-supereffective|p1b: Amoonguss\n|-damage|p1b: Amoonguss|10\/100\n|move|p1b: Amoonguss|Spore|p2a: Tornadus\n|-activate|p2a: Tornadus|item: Safety Goggles|Spore\n|\n|-weather|SunnyDay|[upkeep]\n|-heal|p1b: Amoonguss|16\/100|[from] item: Leftovers\n|upkeep\n|turn|9\n|\n|t:|1700044416\n|switch|p1b: Klawf|Klawf, M, shiny|100\/100\n|move|p2b: Brute Bonnet|Spore|p1a: Masquerain\n|-status|p1a: Masquerain|slp|[from] move: Spore\n|cant|p1a: Masquerain|slp\n|move|p2a: Tornadus|Bleakwind Storm|p1b: Klawf|[spread] p1a,p1b\n|-supereffective|p1a: Masquerain\n|-resisted|p1b: Klawf\n|-damage|p1a: Masquerain|0 fnt\n|-damage|p1b: Klawf|80\/100\n|faint|p1a: Masquerain\n|\n|-weather|SunnyDay|[upkeep]\n|upkeep\n|inactive|dudfman has 120 seconds left.\n|\n|t:|1700044431\n|switch|p1a: Amoonguss|Amoonguss, M|50\/100\n|turn|10\n|\n|t:|1700044446\n|move|p2b: Brute Bonnet|Spore|p1b: Klawf\n|-status|p1b: Klawf|slp|[from] move: Spore\n|move|p2a: Tornadus|Bleakwind Storm|p1b: Klawf|[spread] p1a\n|-miss|p2a: Tornadus|p1b: Klawf\n|-supereffective|p1a: Amoonguss\n|-damage|p1a: Amoonguss|0 fnt\n|faint|p1a: Amoonguss\n|cant|p1b: Klawf|slp\n|\n|-weather|none\n|-end|p2b: Brute Bonnet|Protosynthesis\n|upkeep\n|turn|11\n|\n|t:|1700044464\n|-end|p2b: Brute Bonnet|Protosynthesis|[silent]\n|switch|p2b: Great Tusk|Great Tusk|100\/100\n|-activate|p2b: Great Tusk|move: Sticky Web\n|-fail|p2b: Great Tusk|unboost|[from] item: Clear Amulet|[of] p2b: Great Tusk\n|-terastallize|p1b: Klawf|Bug\n|move|p2a: Tornadus|Sunny Day|p2a: Tornadus\n|-weather|SunnyDay\n|-activate|p2b: Great Tusk|ability: Protosynthesis\n|-start|p2b: Great Tusk|protosynthesisatk\n|-curestatus|p1b: Klawf|slp|[msg]\n|move|p1b: Klawf|X-Scissor|p2b: Great Tusk\n|-resisted|p2b: Great Tusk\n|-damage|p2b: Great Tusk|90\/100\n|\n|-weather|SunnyDay|[upkeep]\n|upkeep\n|turn|12\n|\n|t:|1700044494\n|move|p2b: Great Tusk|Earthquake|p1b: Klawf|[spread] p1b\n|-immune|p2a: Tornadus\n|-resisted|p1b: Klawf\n|-damage|p1b: Klawf|57\/100\n|move|p2a: Tornadus|Bleakwind Storm|p1b: Klawf\n|-supereffective|p1b: Klawf\n|-damage|p1b: Klawf|0 fnt\n|faint|p1b: Klawf\n|\n|win|GentlemanTorchick\n|raw|dudfman's rating: 1214 &rarr; <strong>1196<\/strong><br \/>(-18 for losing)\n|raw|GentlemanTorchick's rating: 1318 &rarr; <strong>1332<\/strong><br \/>(+14 for winning)\n|l|\u2606dudfman\n","uploadtime":1700044516,"views":15,"p1id":"dudfman","p2id":"gentlemantorchick","formatid":"gen9doublesou","rating":1196,"private":0,"password":""}