{"id":"gen9doublesou-1993480254","p1":"nyx47747","p2":"Kiky14","format":"[Gen 9] Doubles OU","log":"|j|\u2606nyx47747\n|j|\u2606Kiky14\n|t:|1700322975\n|gametype|doubles\n|player|p1|nyx47747|roxie|1538\n|player|p2|Kiky14|hilda-wonderlauncher|1485\n|teamsize|p1|6\n|teamsize|p2|6\n|gen|9\n|tier|[Gen 9] Doubles OU\n|rated|\n|rule|Species Clause: Limit one of each Pok\u00e9mon\n|rule|OHKO Clause: OHKO moves are banned\n|rule|Evasion Moves Clause: Evasion moves are banned\n|rule|Gravity Sleep Clause: The combination of sleep-inducing moves with imperfect accuracy and Gravity or Gigantamax Orbeetle are banned\n|rule|Endless Battle Clause: Forcing endless battles is banned\n|rule|HP Percentage Mod: HP is shown in percentages\n|clearpoke\n|poke|p1|Kommo-o, M|\n|poke|p1|Ting-Lu|\n|poke|p1|Grimmsnarl, M|\n|poke|p1|Arcanine-Hisui, F|\n|poke|p1|Ogerpon, F|\n|poke|p1|Palafin, M|\n|poke|p2|Sinistcha|\n|poke|p2|Moltres-Galar|\n|poke|p2|Arcanine-Hisui, M|\n|poke|p2|Ogerpon-Wellspring, F|\n|poke|p2|Klefki, F|\n|poke|p2|Okidogi, M|\n|teampreview\n|inactive|Battle timer is ON: inactive players will automatically lose when time's up. (requested by nyx47747)\n|\n|t:|1700322992\n|start\n|switch|p1a: Grimmsnarl|Grimmsnarl, M|100\/100\n|switch|p1b: Ting-Lu|Ting-Lu|100\/100\n|switch|p2a: Okidogi|Okidogi, M|100\/100\n|switch|p2b: Klefki|Klefki, F|100\/100\n|-ability|p1b: Ting-Lu|Vessel of Ruin\n|turn|1\n|\n|t:|1700323010\n|move|p2b: Klefki|Reflect|p2b: Klefki\n|-sidestart|p2: Kiky14|Reflect\n|move|p1a: Grimmsnarl|Reflect|p1a: Grimmsnarl\n|-sidestart|p1: nyx47747|Reflect\n|move|p2a: Okidogi|Poison Jab|p1a: Grimmsnarl\n|-supereffective|p1a: Grimmsnarl\n|-damage|p1a: Grimmsnarl|39\/100\n|move|p1b: Ting-Lu|Stomping Tantrum|p2b: Klefki\n|-supereffective|p2b: Klefki\n|-damage|p2b: Klefki|50\/100\n|\n|upkeep\n|turn|2\n|\n|t:|1700323033\n|move|p1a: Grimmsnarl|Parting Shot|p2a: Okidogi\n|-fail|p2a: Okidogi|unboost|[from] item: Clear Amulet|[of] p2a: Okidogi\n|move|p2a: Okidogi|Poison Jab|p1a: Grimmsnarl\n|-supereffective|p1a: Grimmsnarl\n|-damage|p1a: Grimmsnarl|0 fnt\n|faint|p1a: Grimmsnarl\n|move|p2b: Klefki|Dazzling Gleam|p1b: Ting-Lu\n|-supereffective|p1b: Ting-Lu\n|-damage|p1b: Ting-Lu|73\/100\n|move|p1b: Ting-Lu|Stomping Tantrum|p2b: Klefki\n|-supereffective|p2b: Klefki\n|-damage|p2b: Klefki|2\/100\n|\n|-heal|p1b: Ting-Lu|79\/100|[from] item: Leftovers\n|upkeep\n|\n|t:|1700323038\n|switch|p1a: Palafin|Palafin, M|100\/100\n|turn|3\n|\n|t:|1700323053\n|move|p2b: Klefki|Thunder Wave|p1a: Palafin\n|-status|p1a: Palafin|par\n|move|p2a: Okidogi|Drain Punch|p1b: Ting-Lu\n|-supereffective|p1b: Ting-Lu\n|-damage|p1b: Ting-Lu|53\/100\n|move|p1a: Palafin|Flip Turn|p2b: Klefki\n|-damage|p2b: Klefki|0 fnt\n|faint|p2b: Klefki\n|-damage|p1a: Palafin|91\/100 par|[from] item: Life Orb\n|\n|t:|1700323068\n|detailschange|p1a: Palafin|Palafin-Hero, M\n|switch|p1a: Arcanine|Arcanine-Hisui, F|100\/100|[from] Flip Turn\n|-ability|p1a: Arcanine|Intimidate|boost\n|-fail|p2a: Okidogi|unboost|[from] item: Clear Amulet|[of] p2a: Okidogi\n|move|p1b: Ting-Lu|Stomping Tantrum|p2a: Okidogi\n|-supereffective|p2a: Okidogi\n|-damage|p2a: Okidogi|62\/100\n|\n|-heal|p1b: Ting-Lu|59\/100|[from] item: Leftovers\n|upkeep\n|\n|t:|1700323082\n|switch|p2b: Sinistcha|Sinistcha|100\/100\n|-heal|p2a: Okidogi|87\/100|[from] ability: Hospitality|[of] p2b: Sinistcha\n|turn|4\n|\n|t:|1700323091\n|move|p1a: Arcanine|Flare Blitz|p2b: Sinistcha\n|-supereffective|p2b: Sinistcha\n|-damage|p2b: Sinistcha|22\/100\n|-damage|p1a: Arcanine|73\/100|[from] Recoil\n|-damage|p1a: Arcanine|63\/100|[from] item: Life Orb\n|move|p2a: Okidogi|Drain Punch|p1a: Arcanine\n|-supereffective|p1a: Arcanine\n|-damage|p1a: Arcanine|0 fnt\n|-heal|p2a: Okidogi|100\/100|[from] drain|[of] p1a: Arcanine\n|faint|p1a: Arcanine\n|move|p2b: Sinistcha|Matcha Gotcha|p1b: Ting-Lu|[miss]\n|-miss|p2b: Sinistcha|p1b: Ting-Lu\n|move|p1b: Ting-Lu|Stomping Tantrum|p2a: Okidogi\n|-supereffective|p2a: Okidogi\n|-damage|p2a: Okidogi|60\/100\n|\n|-heal|p2b: Sinistcha|28\/100|[from] item: Leftovers\n|-heal|p1b: Ting-Lu|65\/100|[from] item: Leftovers\n|upkeep\n|\n|t:|1700323107\n|switch|p1a: Ogerpon|Ogerpon, F|100\/100\n|turn|5\n|\n|t:|1700323121\n|move|p1a: Ogerpon|Stomping Tantrum|p2a: Okidogi\n|-supereffective|p2a: Okidogi\n|-damage|p2a: Okidogi|23\/100\n|-damage|p1a: Ogerpon|91\/100|[from] item: Life Orb\n|move|p2a: Okidogi|Poison Jab|p1a: Ogerpon\n|-supereffective|p1a: Ogerpon\n|-damage|p1a: Ogerpon|21\/100\n|move|p2b: Sinistcha|Strength Sap|p1b: Ting-Lu\n|-unboost|p1b: Ting-Lu|atk|1\n|-heal|p2b: Sinistcha|100\/100\n|move|p1b: Ting-Lu|Throat Chop|p2b: Sinistcha\n|-supereffective|p2b: Sinistcha\n|-damage|p2b: Sinistcha|70\/100\n|-start|p2b: Sinistcha|Throat Chop|[silent]\n|\n|-heal|p2b: Sinistcha|77\/100|[from] item: Leftovers\n|-heal|p1b: Ting-Lu|72\/100|[from] item: Leftovers\n|upkeep\n|turn|6\n|\n|t:|1700323145\n|switch|p2b: Moltres|Moltres-Galar|100\/100\n|move|p2a: Okidogi|Protect|p2a: Okidogi\n|-singleturn|p2a: Okidogi|Protect\n|move|p1a: Ogerpon|Stomping Tantrum|p2a: Okidogi\n|-activate|p2a: Okidogi|move: Protect\n|move|p1b: Ting-Lu|Throat Chop|p2b: Moltres\n|-resisted|p2b: Moltres\n|-damage|p2b: Moltres|92\/100\n|-start|p2b: Moltres|Throat Chop|[silent]\n|\n|-heal|p1b: Ting-Lu|78\/100|[from] item: Leftovers\n|upkeep\n|turn|7\n|\n|t:|1700323162\n|switch|p2b: Sinistcha|Sinistcha|77\/100\n|-heal|p2a: Okidogi|48\/100|[from] ability: Hospitality|[of] p2b: Sinistcha\n|move|p1a: Ogerpon|Stomping Tantrum|p2a: Okidogi\n|-supereffective|p2a: Okidogi\n|-damage|p2a: Okidogi|13\/100\n|-damage|p1a: Ogerpon|11\/100|[from] item: Life Orb\n|move|p2a: Okidogi|Poison Jab|p1a: Ogerpon\n|-supereffective|p1a: Ogerpon\n|-damage|p1a: Ogerpon|0 fnt\n|faint|p1a: Ogerpon\n|move|p1b: Ting-Lu|Heavy Slam|p2b: Sinistcha\n|-damage|p2b: Sinistcha|61\/100\n|\n|-heal|p2b: Sinistcha|67\/100|[from] item: Leftovers\n|-heal|p1b: Ting-Lu|84\/100|[from] item: Leftovers\n|upkeep\n|\n|t:|1700323168\n|switch|p1a: Palafin|Palafin-Hero, M|91\/100 par\n|-activate|p1a: Palafin|ability: Zero to Hero\n|turn|8\n|\n|t:|1700323181\n|move|p2a: Okidogi|Protect|p2a: Okidogi\n|-singleturn|p2a: Okidogi|Protect\n|cant|p1a: Palafin|par\n|move|p2b: Sinistcha|Matcha Gotcha|p1a: Palafin|[spread] p1a,p1b\n|-supereffective|p1a: Palafin\n|-supereffective|p1b: Ting-Lu\n|-damage|p1a: Palafin|50\/100 par\n|-heal|p2b: Sinistcha|87\/100|[from] drain|[of] p1a: Palafin\n|-damage|p1b: Ting-Lu|57\/100\n|-heal|p2b: Sinistcha|100\/100|[from] drain|[of] p1b: Ting-Lu\n|move|p1b: Ting-Lu|Throat Chop|p2b: Sinistcha\n|-supereffective|p2b: Sinistcha\n|-crit|p2b: Sinistcha\n|-damage|p2b: Sinistcha|0 fnt\n|faint|p2b: Sinistcha\n|\n|-heal|p1b: Ting-Lu|64\/100|[from] item: Leftovers\n|-sideend|p1: nyx47747|Reflect\n|-sideend|p2: Kiky14|Reflect\n|upkeep\n|\n|t:|1700323199\n|switch|p2b: Arcanine|Arcanine-Hisui, M|100\/100\n|-ability|p2b: Arcanine|Intimidate|boost\n|-unboost|p1a: Palafin|atk|1\n|-unboost|p1b: Ting-Lu|atk|1\n|turn|9\n|\n|t:|1700323207\n|switch|p2b: Ogerpon|Ogerpon-Wellspring, F|100\/100\n|move|p1a: Palafin|Jet Punch|p2b: Ogerpon\n|-immune|p2b: Ogerpon|[from] ability: Water Absorb\n|move|p2a: Okidogi|Drain Punch|p1b: Ting-Lu\n|-supereffective|p1b: Ting-Lu\n|-damage|p1b: Ting-Lu|21\/100\n|-heal|p2a: Okidogi|42\/100|[from] drain|[of] p1b: Ting-Lu\n|move|p1b: Ting-Lu|Stomping Tantrum|p2a: Okidogi\n|-supereffective|p2a: Okidogi\n|-damage|p2a: Okidogi|11\/100\n|\n|-heal|p1b: Ting-Lu|27\/100|[from] item: Leftovers\n|upkeep\n|turn|10\n|\n|t:|1700323229\n|-terastallize|p1b: Ting-Lu|Water\n|move|p1a: Palafin|Jet Punch|p2a: Okidogi\n|-damage|p2a: Okidogi|0 fnt\n|faint|p2a: Okidogi\n|-damage|p1a: Palafin|40\/100 par|[from] item: Life Orb\n|move|p2b: Ogerpon|Ivy Cudgel|p1b: Ting-Lu|[anim] Ivy Cudgel Water\n|-resisted|p1b: Ting-Lu\n|-damage|p1b: Ting-Lu|15\/100\n|move|p1b: Ting-Lu|Stealth Rock|p2b: Ogerpon\n|-sidestart|p2: Kiky14|move: Stealth Rock\n|\n|-heal|p1b: Ting-Lu|21\/100|[from] item: Leftovers\n|upkeep\n|\n|t:|1700323235\n|switch|p2a: Moltres|Moltres-Galar|92\/100\n|-damage|p2a: Moltres|67\/100|[from] Stealth Rock\n|turn|11\n|\n|t:|1700323245\n|move|p1a: Palafin|Jet Punch|p2a: Moltres\n|-damage|p2a: Moltres|35\/100\n|-ability|p2a: Moltres|Berserk|boost\n|-boost|p2a: Moltres|spa|1\n|-damage|p1a: Palafin|30\/100 par|[from] item: Life Orb\n|move|p2b: Ogerpon|Wood Hammer|p1a: Palafin\n|-supereffective|p1a: Palafin\n|-damage|p1a: Palafin|0 fnt\n|faint|p1a: Palafin\n|-damage|p2b: Ogerpon|90\/100|[from] Recoil\n|move|p2a: Moltres|Fiery Wrath|p1b: Ting-Lu\n|-damage|p1b: Ting-Lu|0 fnt\n|faint|p1b: Ting-Lu\n|\n|upkeep\n|\n|t:|1700323250\n|switch|p1a: Kommo-o|Kommo-o, M|100\/100\n|turn|12\n|-message|nyx47747 forfeited.\n|\n|win|Kiky14\n|raw|nyx47747's rating: 1538 &rarr; <strong>1515<\/strong><br \/>(-23 for losing)\n|raw|Kiky14's rating: 1485 &rarr; <strong>1508<\/strong><br \/>(+23 for winning)\n|l|\u2606nyx47747\n","uploadtime":1700323273,"views":7,"p1id":"nyx47747","p2id":"kiky14","formatid":"gen9doublesou","rating":1508,"private":0,"password":""}