{"id":"gen9doublesou-1976522610","p1":"Joshawott200","p2":"Vonols","format":"[Gen 9] Doubles OU","log":"|j|\u2606Joshawott200\n|j|\u2606Vonols\n|inactive|Battle timer is ON: inactive players will automatically lose when time's up.\n|t:|1698316891\n|gametype|doubles\n|player|p1|Joshawott200|waiter-gen4|\n|player|p2|Vonols|silver-masters|\n|teamsize|p1|2\n|teamsize|p2|2\n|gen|9\n|tier|[Gen 9] Doubles OU\n|rated|Tournament battle\n|rule|Species Clause: Limit one of each Pok\u00e9mon\n|rule|OHKO Clause: OHKO moves are banned\n|rule|Evasion Moves Clause: Evasion moves are banned\n|rule|Gravity Sleep Clause: The combination of sleep-inducing moves with imperfect accuracy and Gravity or Gigantamax Orbeetle are banned\n|rule|Endless Battle Clause: Forcing endless battles is banned\n|rule|HP Percentage Mod: HP is shown in percentages\n|clearpoke\n|poke|p1|Frigibax, M|\n|poke|p1|Flabe\u0301be\u0301, F|\n|poke|p2|Murkrow, M|\n|poke|p2|Nacli, M|\n|teampreview\n|j|*Lady Monita \u263d\n|c|\u2606Vonols|glhf\n|\n|t:|1698316900\n|start\n|switch|p1a: Frigibax|Frigibax, M|100\/100\n|switch|p1b: Flabe\u0301be\u0301|Flabe\u0301be\u0301, F|100\/100\n|switch|p2a: Murkrow|Murkrow, M|100\/100\n|switch|p2b: Nacli|Nacli, M|100\/100\n|turn|1\n|c|\u2606Joshawott200|glhf\n|\n|t:|1698316915\n|move|p2a: Murkrow|Thunder Wave|p1a: Frigibax\n|-status|p1a: Frigibax|par\n|move|p1b: Flabe\u0301be\u0301|Moonblast|p2a: Murkrow\n|-supereffective|p2a: Murkrow\n|-crit|p2a: Murkrow\n|-damage|p2a: Murkrow|13\/100\n|-unboost|p2a: Murkrow|spa|1\n|move|p2b: Nacli|Rock Slide|p1b: Flabe\u0301be\u0301|[spread] p1a,p1b\n|-supereffective|p1a: Frigibax\n|-damage|p1a: Frigibax|55\/100 par\n|-damage|p1b: Flabe\u0301be\u0301|70\/100\n|cant|p1a: Frigibax|flinch\n|\n|-heal|p1b: Flabe\u0301be\u0301|76\/100|[from] item: Leftovers\n|-heal|p1a: Frigibax|61\/100 par|[from] item: Leftovers\n|upkeep\n|turn|2\n|inactive|Vonols has 120 seconds left.\n|\n|t:|1698316952\n|-terastallize|p1b: Flabe\u0301be\u0301|Grass\n|-terastallize|p2b: Nacli|Steel\n|move|p2a: Murkrow|Thunder Wave|p1b: Flabe\u0301be\u0301\n|-block|p1b: Flabe\u0301be\u0301|ability: Flower Veil|[of] p1b: Flabe\u0301be\u0301\n|move|p1b: Flabe\u0301be\u0301|Giga Drain|p2b: Nacli\n|-resisted|p2b: Nacli\n|-damage|p2b: Nacli|88\/100\n|-heal|p1b: Flabe\u0301be\u0301|83\/100|[from] drain|[of] p2b: Nacli\n|move|p2b: Nacli|Iron Defense|p2b: Nacli\n|-boost|p2b: Nacli|def|2\n|move|p1a: Frigibax|Body Slam|p2a: Murkrow\n|-damage|p2a: Murkrow|0 fnt\n|faint|p2a: Murkrow\n|\n|-heal|p1b: Flabe\u0301be\u0301|89\/100|[from] item: Leftovers\n|-heal|p1a: Frigibax|67\/100 par|[from] item: Leftovers\n|upkeep\n|turn|3\n|inactive|Joshawott200 has 120 seconds left.\n|\n|t:|1698317005\n|move|p1b: Flabe\u0301be\u0301|Pollen Puff|p2b: Nacli\n|-resisted|p2b: Nacli\n|-damage|p2b: Nacli|79\/100\n|move|p2b: Nacli|Iron Head|p1a: Frigibax\n|-supereffective|p1a: Frigibax\n|-damage|p1a: Frigibax|5\/100 par\n|cant|p1a: Frigibax|par\n|\n|-heal|p1b: Flabe\u0301be\u0301|95\/100|[from] item: Leftovers\n|-heal|p1a: Frigibax|11\/100 par|[from] item: Leftovers\n|upkeep\n|turn|4\n|inactive|Joshawott200 has 120 seconds left.\n|\n|t:|1698317029\n|move|p1b: Flabe\u0301be\u0301|Pollen Puff|p1a: Frigibax\n|-heal|p1a: Frigibax|61\/100 par\n|move|p2b: Nacli|Rock Slide|p1a: Frigibax|[spread] p1a,p1b\n|-supereffective|p1a: Frigibax\n|-damage|p1a: Frigibax|18\/100 par\n|-damage|p1b: Flabe\u0301be\u0301|67\/100\n|move|p1a: Frigibax|Outrage|p2b: Nacli\n|-resisted|p2b: Nacli\n|-damage|p2b: Nacli|66\/100\n|\n|-heal|p1b: Flabe\u0301be\u0301|73\/100|[from] item: Leftovers\n|-heal|p1a: Frigibax|24\/100 par|[from] item: Leftovers\n|upkeep\n|turn|5\n|\n|t:|1698317043\n|move|p1b: Flabe\u0301be\u0301|Pollen Puff|p1a: Frigibax\n|-heal|p1a: Frigibax|74\/100 par\n|move|p2b: Nacli|Iron Head|p1b: Flabe\u0301be\u0301\n|-damage|p1b: Flabe\u0301be\u0301|34\/100\n|move|p1a: Frigibax|Outrage|p2b: Nacli|[from]lockedmove\n|-resisted|p2b: Nacli\n|-damage|p2b: Nacli|56\/100\n|\n|-heal|p1b: Flabe\u0301be\u0301|40\/100|[from] item: Leftovers\n|-heal|p1a: Frigibax|80\/100 par|[from] item: Leftovers\n|upkeep\n|turn|6\n|\n|t:|1698317052\n|move|p1b: Flabe\u0301be\u0301|Synthesis|p1b: Flabe\u0301be\u0301\n|-heal|p1b: Flabe\u0301be\u0301|90\/100\n|move|p2b: Nacli|Recover|p2b: Nacli\n|-heal|p2b: Nacli|100\/100\n|move|p1a: Frigibax|Outrage|p2b: Nacli|[from]lockedmove\n|-resisted|p2b: Nacli\n|-damage|p2b: Nacli|89\/100\n|-start|p1a: Frigibax|confusion|[fatigue]\n|\n|-heal|p1b: Flabe\u0301be\u0301|96\/100|[from] item: Leftovers\n|-heal|p1a: Frigibax|86\/100 par|[from] item: Leftovers\n|upkeep\n|turn|7\n|c|\u2606Joshawott200|Welp\n|c|\u2606Joshawott200|We might be here a while\n|c|\u2606Vonols|yea\n|c|\u2606Vonols|all good\n|\n|t:|1698317082\n|move|p1b: Flabe\u0301be\u0301|Moonblast|p2b: Nacli\n|-resisted|p2b: Nacli\n|-damage|p2b: Nacli|72\/100\n|move|p2b: Nacli|Iron Head|p1b: Flabe\u0301be\u0301\n|-damage|p1b: Flabe\u0301be\u0301|55\/100\n|-activate|p1a: Frigibax|confusion\n|cant|p1a: Frigibax|par\n|\n|-heal|p1b: Flabe\u0301be\u0301|61\/100|[from] item: Leftovers\n|-heal|p1a: Frigibax|92\/100 par|[from] item: Leftovers\n|upkeep\n|turn|8\n|\n|t:|1698317090\n|move|p1b: Flabe\u0301be\u0301|Synthesis|p1b: Flabe\u0301be\u0301\n|-heal|p1b: Flabe\u0301be\u0301|100\/100\n|move|p2b: Nacli|Iron Head|p1a: Frigibax\n|-supereffective|p1a: Frigibax\n|-damage|p1a: Frigibax|30\/100 par\n|-activate|p1a: Frigibax|confusion\n|-damage|p1a: Frigibax|10\/100 par|[from] confusion\n|\n|-heal|p1a: Frigibax|16\/100 par|[from] item: Leftovers\n|upkeep\n|turn|9\n|\n|t:|1698317101\n|move|p1b: Flabe\u0301be\u0301|Pollen Puff|p1a: Frigibax\n|-heal|p1a: Frigibax|66\/100 par\n|move|p2b: Nacli|Iron Head|p1a: Frigibax\n|-supereffective|p1a: Frigibax\n|-damage|p1a: Frigibax|0 fnt\n|faint|p1a: Frigibax\n|\n|upkeep\n|turn|10\n|c|\u2606Joshawott200|Oh\n|c|\u2606Joshawott200|nevermind lmao\n|c|\u2606Joshawott200|That was my only chance to win\n|inactive|Vonols has 120 seconds left.\n|c|\u2606Joshawott200|Now im down crunch and body slam\n|\n|t:|1698317145\n|move|p1b: Flabe\u0301be\u0301|Giga Drain|p2b: Nacli\n|-resisted|p2b: Nacli\n|-damage|p2b: Nacli|60\/100\n|move|p2b: Nacli|Iron Head|p1b: Flabe\u0301be\u0301\n|-damage|p1b: Flabe\u0301be\u0301|60\/100\n|\n|-heal|p1b: Flabe\u0301be\u0301|67\/100|[from] item: Leftovers\n|upkeep\n|turn|11\n|\n|t:|1698317157\n|move|p1b: Flabe\u0301be\u0301|Giga Drain|p2b: Nacli\n|-resisted|p2b: Nacli\n|-damage|p2b: Nacli|48\/100\n|-heal|p1b: Flabe\u0301be\u0301|73\/100|[from] drain|[of] p2b: Nacli\n|move|p2b: Nacli|Iron Head|p1b: Flabe\u0301be\u0301\n|-damage|p1b: Flabe\u0301be\u0301|35\/100\n|\n|-heal|p1b: Flabe\u0301be\u0301|41\/100|[from] item: Leftovers\n|upkeep\n|turn|12\n|c|\u2606Vonols|yea\n|c|\u2606Vonols|now i have to hit only\n|\n|t:|1698317172\n|move|p1b: Flabe\u0301be\u0301|Synthesis|p1b: Flabe\u0301be\u0301\n|-heal|p1b: Flabe\u0301be\u0301|91\/100\n|move|p2b: Nacli|Iron Head|p1b: Flabe\u0301be\u0301\n|-damage|p1b: Flabe\u0301be\u0301|49\/100\n|\n|-heal|p1b: Flabe\u0301be\u0301|55\/100|[from] item: Leftovers\n|upkeep\n|turn|13\n|\n|t:|1698317180\n|move|p1b: Flabe\u0301be\u0301|Giga Drain|p2b: Nacli\n|-resisted|p2b: Nacli\n|-crit|p2b: Nacli\n|-damage|p2b: Nacli|31\/100\n|-heal|p1b: Flabe\u0301be\u0301|64\/100|[from] drain|[of] p2b: Nacli\n|move|p2b: Nacli|Iron Head|p1b: Flabe\u0301be\u0301\n|-damage|p1b: Flabe\u0301be\u0301|23\/100\n|\n|-heal|p1b: Flabe\u0301be\u0301|29\/100|[from] item: Leftovers\n|upkeep\n|turn|14\n|\n|t:|1698317186\n|move|p1b: Flabe\u0301be\u0301|Synthesis|p1b: Flabe\u0301be\u0301\n|-heal|p1b: Flabe\u0301be\u0301|79\/100\n|move|p2b: Nacli|Recover|p2b: Nacli\n|-heal|p2b: Nacli|81\/100\n|\n|-heal|p1b: Flabe\u0301be\u0301|85\/100|[from] item: Leftovers\n|upkeep\n|turn|15\n|\n|t:|1698317195\n|move|p1b: Flabe\u0301be\u0301|Giga Drain|p2b: Nacli\n|-resisted|p2b: Nacli\n|-damage|p2b: Nacli|68\/100\n|-heal|p1b: Flabe\u0301be\u0301|92\/100|[from] drain|[of] p2b: Nacli\n|move|p2b: Nacli|Iron Head|p1b: Flabe\u0301be\u0301\n|-damage|p1b: Flabe\u0301be\u0301|51\/100\n|\n|-heal|p1b: Flabe\u0301be\u0301|57\/100|[from] item: Leftovers\n|upkeep\n|turn|16\n|\n|t:|1698317202\n|move|p1b: Flabe\u0301be\u0301|Moonblast|p2b: Nacli\n|-resisted|p2b: Nacli\n|-damage|p2b: Nacli|53\/100\n|move|p2b: Nacli|Iron Head|p1b: Flabe\u0301be\u0301\n|-crit|p1b: Flabe\u0301be\u0301\n|-damage|p1b: Flabe\u0301be\u0301|0 fnt\n|faint|p1b: Flabe\u0301be\u0301\n|\n|win|Vonols\n|n|\u2606Joshawott200|joshawott200\n|n|\u2606Vonols|vonols\n|n|*Lady Monita \u263d|ladymonita\n","uploadtime":1698317203,"views":19,"p1id":"joshawott200","p2id":"vonols","formatid":"gen9doublesou","rating":0,"private":0,"password":""}