{"id":"gen9doublesou-1997702676","p1":"PUtheseShoesSmell","p2":"Elio1Ezra2","format":"[Gen 9] Doubles OU","log":"|j|\u2606PUtheseShoesSmell\n|j|\u2606Elio1Ezra2\n|t:|1700843536\n|gametype|doubles\n|player|p1|PUtheseShoesSmell|pokekid|1112\n|player|p2|Elio1Ezra2|101|1000\n|teamsize|p1|6\n|teamsize|p2|6\n|gen|9\n|tier|[Gen 9] Doubles OU\n|rated|\n|rule|Species Clause: Limit one of each Pok\u00e9mon\n|rule|OHKO Clause: OHKO moves are banned\n|rule|Evasion Moves Clause: Evasion moves are banned\n|rule|Gravity Sleep Clause: The combination of sleep-inducing moves with imperfect accuracy and Gravity or Gigantamax Orbeetle are banned\n|rule|Endless Battle Clause: Forcing endless battles is banned\n|rule|HP Percentage Mod: HP is shown in percentages\n|clearpoke\n|poke|p1|Pelipper, M|\n|poke|p1|Thundurus, M|\n|poke|p1|Basculegion-F, F|\n|poke|p1|Scizor, M|\n|poke|p1|Azumarill, M|\n|poke|p1|Cresselia, F|\n|poke|p2|Iron Thorns|\n|poke|p2|Iron Moth|\n|poke|p2|Iron Bundle|\n|poke|p2|Iron Valiant|\n|poke|p2|Iron Jugulis|\n|poke|p2|Iron Hands|\n|teampreview\n|inactive|Battle timer is ON: inactive players will automatically lose when time's up. (requested by PUtheseShoesSmell)\n|\n|t:|1700843548\n|start\n|switch|p1a: Pelipper|Pelipper, M|100\/100\n|switch|p1b: Scizor|Scizor, M|100\/100\n|switch|p2a: Iron Bundle|Iron Bundle|100\/100\n|switch|p2b: Iron Moth|Iron Moth|100\/100\n|-weather|RainDance|[from] ability: Drizzle|[of] p1a: Pelipper\n|turn|1\n|inactive|PUtheseShoesSmell has 120 seconds left.\n|\n|t:|1700843579\n|switch|p1b: Basculegion|Basculegion-F, F|100\/100\n|move|p2a: Iron Bundle|Blizzard|p1b: Basculegion|[spread] p1a\n|-miss|p2a: Iron Bundle|p1b: Basculegion\n|-damage|p1a: Pelipper|46\/100\n|move|p2b: Iron Moth|Flamethrower|p1b: Basculegion\n|-resisted|p1b: Basculegion\n|-damage|p1b: Basculegion|86\/100\n|-status|p1b: Basculegion|brn\n|move|p1a: Pelipper|Tailwind|p1a: Pelipper\n|-sidestart|p1: PUtheseShoesSmell|move: Tailwind\n|\n|-weather|RainDance|[upkeep]\n|-damage|p1b: Basculegion|80\/100 brn|[from] brn\n|upkeep\n|turn|2\n|inactive|PUtheseShoesSmell has 120 seconds left.\n|\n|t:|1700843607\n|move|p1b: Basculegion|Flip Turn|p2b: Iron Moth\n|-supereffective|p2b: Iron Moth\n|-damage|p2b: Iron Moth|7\/100\n|inactive|PUtheseShoesSmell has 120 seconds left.\n|\n|t:|1700843613\n|switch|p1b: Azumarill|Azumarill, M|100\/100|[from] Flip Turn\n|move|p2a: Iron Bundle|Blizzard|p1b: Azumarill|[spread] p1a,p1b\n|-resisted|p1b: Azumarill\n|-crit|p1b: Azumarill\n|-damage|p1a: Pelipper|0 fnt\n|-damage|p1b: Azumarill|72\/100\n|faint|p1a: Pelipper\n|move|p2b: Iron Moth|Air Slash|p1b: Azumarill\n|-damage|p1b: Azumarill|41\/100\n|\n|-weather|RainDance|[upkeep]\n|-heal|p2b: Iron Moth|13\/100|[from] item: Leftovers\n|-heal|p1b: Azumarill|47\/100|[from] item: Leftovers\n|upkeep\n|inactive|PUtheseShoesSmell has 120 seconds left.\n|\n|t:|1700843626\n|switch|p1a: Scizor|Scizor, M|100\/100\n|turn|3\n|\n|t:|1700843646\n|-end|p2b: Iron Moth|Quark Drive|[silent]\n|switch|p2b: Iron Hands|Iron Hands|100\/100\n|move|p1b: Azumarill|Aqua Jet|p2b: Iron Hands\n|-damage|p2b: Iron Hands|88\/100\n|move|p2a: Iron Bundle|Blizzard|p1a: Scizor|[spread] p1a,p1b\n|-resisted|p1a: Scizor\n|-resisted|p1b: Azumarill\n|-damage|p1a: Scizor|76\/100\n|-damage|p1b: Azumarill|26\/100\n|-status|p1a: Scizor|frz\n|cant|p1a: Scizor|frz\n|\n|-weather|RainDance|[upkeep]\n|-heal|p1b: Azumarill|32\/100|[from] item: Leftovers\n|-heal|p2b: Iron Hands|95\/100|[from] item: Leftovers\n|upkeep\n|turn|4\n|inactive|PUtheseShoesSmell has 120 seconds left.\n|\n|t:|1700843677\n|switch|p1a: Thundurus|Thundurus, M|100\/100\n|switch|p1b: Basculegion|Basculegion-F, F|80\/100 brn\n|move|p2a: Iron Bundle|Ice Beam|p1b: Basculegion\n|-resisted|p1b: Basculegion\n|-damage|p1b: Basculegion|56\/100 brn\n|move|p2b: Iron Hands|Drain Punch|p1a: Thundurus\n|-resisted|p1a: Thundurus\n|-damage|p1a: Thundurus|66\/100\n|-heal|p2b: Iron Hands|100\/100|[from] drain|[of] p1a: Thundurus\n|\n|-weather|RainDance|[upkeep]\n|-damage|p1b: Basculegion|50\/100 brn|[from] brn\n|-sideend|p1: PUtheseShoesSmell|move: Tailwind\n|upkeep\n|turn|5\n|\n|t:|1700843705\n|-terastallize|p1b: Basculegion|Psychic\n|move|p1b: Basculegion|Zen Headbutt|p2b: Iron Hands\n|-supereffective|p2b: Iron Hands\n|-damage|p2b: Iron Hands|67\/100\n|move|p1a: Thundurus|Thunder|p2a: Iron Bundle\n|-supereffective|p2a: Iron Bundle\n|-damage|p2a: Iron Bundle|0 fnt\n|faint|p2a: Iron Bundle\n|-end|p2a: Iron Bundle|Quark Drive|[silent]\n|move|p2b: Iron Hands|Close Combat|p1b: Basculegion\n|-resisted|p1b: Basculegion\n|-damage|p1b: Basculegion|7\/100 brn\n|-unboost|p2b: Iron Hands|def|1\n|-unboost|p2b: Iron Hands|spd|1\n|\n|-weather|RainDance|[upkeep]\n|-heal|p2b: Iron Hands|74\/100|[from] item: Leftovers\n|-damage|p1b: Basculegion|1\/100 brn|[from] brn\n|upkeep\n|inactive|Elio1Ezra2 has 120 seconds left.\n|\n|t:|1700843725\n|switch|p2a: Iron Thorns|Iron Thorns|100\/100\n|turn|6\n|\n|t:|1700843753\n|switch|p1a: Cresselia|Cresselia, F|100\/100\n|move|p1b: Basculegion|Zen Headbutt|p2b: Iron Hands\n|-supereffective|p2b: Iron Hands\n|-damage|p2b: Iron Hands|25\/100\n|move|p2a: Iron Thorns|Rock Slide|p1a: Cresselia|[spread] p1a,p1b\n|-damage|p1a: Cresselia|84\/100\n|-damage|p1b: Basculegion|0 fnt\n|faint|p1b: Basculegion\n|move|p2b: Iron Hands|Drain Punch|p1a: Cresselia\n|-resisted|p1a: Cresselia\n|-damage|p1a: Cresselia|68\/100\n|-heal|p2b: Iron Hands|32\/100|[from] drain|[of] p1a: Cresselia\n|\n|-weather|RainDance|[upkeep]\n|-heal|p1a: Cresselia|74\/100|[from] item: Leftovers\n|-heal|p2b: Iron Hands|38\/100|[from] item: Leftovers\n|upkeep\n|inactive|PUtheseShoesSmell has 120 seconds left.\n|\n|t:|1700843776\n|switch|p1b: Scizor|Scizor, M|76\/100 frz\n|turn|7\n|\n|t:|1700843796\n|cant|p1b: Scizor|frz\n|move|p2a: Iron Thorns|Crunch|p1a: Cresselia\n|-supereffective|p1a: Cresselia\n|-damage|p1a: Cresselia|41\/100\n|move|p1a: Cresselia|Calm Mind|p1a: Cresselia\n|-boost|p1a: Cresselia|spa|1\n|-boost|p1a: Cresselia|spd|1\n|move|p2b: Iron Hands|Close Combat|p1b: Scizor\n|-crit|p1b: Scizor\n|-damage|p1b: Scizor|0 fnt\n|-unboost|p2b: Iron Hands|def|1\n|-unboost|p2b: Iron Hands|spd|1\n|faint|p1b: Scizor\n|\n|-weather|RainDance|[upkeep]\n|-heal|p1a: Cresselia|47\/100|[from] item: Leftovers\n|-heal|p2b: Iron Hands|44\/100|[from] item: Leftovers\n|upkeep\n|inactive|PUtheseShoesSmell has 120 seconds left.\n|\n|t:|1700843812\n|switch|p1b: Azumarill|Azumarill, M|32\/100\n|turn|8\n|\n|t:|1700843826\n|move|p1b: Azumarill|Helping Hand|p1a: Cresselia\n|-singleturn|p1a: Cresselia|Helping Hand|[of] p1b: Azumarill\n|move|p2a: Iron Thorns|Crunch|p1a: Cresselia\n|-supereffective|p1a: Cresselia\n|-damage|p1a: Cresselia|19\/100\n|move|p1a: Cresselia|Stored Power|p2b: Iron Hands\n|-supereffective|p2b: Iron Hands\n|-damage|p2b: Iron Hands|0 fnt\n|faint|p2b: Iron Hands\n|-end|p2b: Iron Hands|Quark Drive|[silent]\n|\n|-weather|none\n|-heal|p1a: Cresselia|25\/100|[from] item: Leftovers\n|-heal|p1b: Azumarill|38\/100|[from] item: Leftovers\n|upkeep\n|\n|t:|1700843841\n|switch|p2b: Iron Jugulis|Iron Jugulis|100\/100\n|turn|9\n|\n|t:|1700843861\n|move|p1b: Azumarill|Aqua Jet|p2a: Iron Thorns\n|-supereffective|p2a: Iron Thorns\n|-damage|p2a: Iron Thorns|81\/100\n|move|p2b: Iron Jugulis|Crunch|p1a: Cresselia\n|-supereffective|p1a: Cresselia\n|-damage|p1a: Cresselia|0 fnt\n|faint|p1a: Cresselia\n|move|p2a: Iron Thorns|Crunch|p1b: Azumarill\n|-resisted|p1b: Azumarill\n|-damage|p1b: Azumarill|27\/100\n|\n|-heal|p2a: Iron Thorns|87\/100|[from] item: Leftovers\n|-heal|p1b: Azumarill|33\/100|[from] item: Leftovers\n|upkeep\n|\n|t:|1700843872\n|switch|p1a: Thundurus|Thundurus, M|66\/100\n|turn|10\n|\n|t:|1700843887\n|move|p1b: Azumarill|Aqua Jet|p2b: Iron Jugulis\n|-damage|p2b: Iron Jugulis|88\/100\n|move|p1a: Thundurus|Volt Switch|p2b: Iron Jugulis\n|-supereffective|p2b: Iron Jugulis\n|-damage|p2b: Iron Jugulis|9\/100\n|move|p2b: Iron Jugulis|Air Slash|p1b: Azumarill\n|-damage|p1b: Azumarill|0 fnt\n|faint|p1b: Azumarill\n|move|p2a: Iron Thorns|Rock Slide|p1a: Thundurus\n|-supereffective|p1a: Thundurus\n|-damage|p1a: Thundurus|0 fnt\n|faint|p1a: Thundurus\n|\n|win|Elio1Ezra2\n|raw|PUtheseShoesSmell's rating: 1112 &rarr; <strong>1079<\/strong><br \/>(-33 for losing)\n|raw|Elio1Ezra2's rating: 1000 &rarr; <strong>1052<\/strong><br \/>(+52 for winning)\n|l|\u2606PUtheseShoesSmell\n","uploadtime":1700844019,"views":4,"p1id":"putheseshoessmell","p2id":"elio1ezra2","formatid":"gen9doublesou","rating":1052,"private":0,"password":""}