{"id":"gen9doublesou-1980156615","p1":"kelviishandsome2","p2":"whitpain9","format":"[Gen 9] Doubles OU","log":"|j|\u2606kelviishandsome2\n|j|\u2606whitpain9\n|t:|1698762262\n|gametype|doubles\n|player|p1|kelviishandsome2|266|\n|player|p2|whitpain9|169|\n|teamsize|p1|6\n|teamsize|p2|6\n|gen|9\n|tier|[Gen 9] Doubles OU\n|rule|Species Clause: Limit one of each Pok\u00e9mon\n|rule|OHKO Clause: OHKO moves are banned\n|rule|Evasion Moves Clause: Evasion moves are banned\n|rule|Gravity Sleep Clause: The combination of sleep-inducing moves with imperfect accuracy and Gravity or Gigantamax Orbeetle are banned\n|rule|Endless Battle Clause: Forcing endless battles is banned\n|rule|HP Percentage Mod: HP is shown in percentages\n|clearpoke\n|poke|p1|Ogerpon-Wellspring, F|\n|poke|p1|Gholdengo|\n|poke|p1|Flutter Mane|\n|poke|p1|Goodra-Hisui, F|\n|poke|p1|Ursaluna-Bloodmoon, M|\n|poke|p1|Arcanine-Hisui, M|\n|poke|p2|Armarouge, M|\n|poke|p2|Indeedee-F, F|\n|poke|p2|Amoonguss, F|\n|poke|p2|Iron Hands|\n|poke|p2|Flutter Mane|\n|poke|p2|Chi-Yu|\n|teampreview\n|inactive|Battle timer is ON: inactive players will automatically lose when time's up. (requested by kelviishandsome2)\n|\n|t:|1698762277\n|start\n|switch|p1a: Ursaluna|Ursaluna-Bloodmoon, M|100\/100\n|switch|p1b: Flutter Mane|Flutter Mane|100\/100\n|switch|p2a: Armarouge|Armarouge, M, shiny|100\/100\n|switch|p2b: Indeedee|Indeedee-F, F, shiny|100\/100\n|-fieldstart|move: Psychic Terrain|[from] ability: Psychic Surge|[of] p2b: Indeedee\n|turn|1\n|\n|t:|1698762307\n|-terastallize|p1a: Ursaluna|Normal\n|move|p2b: Indeedee|Protect|p2b: Indeedee\n|-singleturn|p2b: Indeedee|Protect\n|move|p1b: Flutter Mane|Shadow Ball|p2a: Armarouge\n|-supereffective|p2a: Armarouge\n|-damage|p2a: Armarouge|0 fnt\n|faint|p2a: Armarouge\n|move|p1a: Ursaluna|Blood Moon|p2b: Indeedee\n|-activate|p2b: Indeedee|move: Protect\n|\n|upkeep\n|inactive|whitpain9 has 270 seconds left.\n|inactive|whitpain9 has 240 seconds left.\n|\n|t:|1698762347\n|switch|p2a: Iron Hands|Iron Hands, shiny|100\/100\n|-enditem|p2a: Iron Hands|Booster Energy\n|-activate|p2a: Iron Hands|ability: Quark Drive|[fromitem]\n|-start|p2a: Iron Hands|quarkdriveatk\n|turn|2\n|\n|t:|1698762364\n|switch|p1a: Arcanine|Arcanine-Hisui, M|100\/100\n|move|p2a: Iron Hands|Fake Out|p1a: Arcanine\n|-activate|p1a: Arcanine|move: Psychic Terrain\n|move|p1b: Flutter Mane|Shadow Ball|p2a: Iron Hands\n|-damage|p2a: Iron Hands|50\/100\n|-unboost|p2a: Iron Hands|spd|1\n|move|p2b: Indeedee|Trick Room|p2b: Indeedee\n|-fieldstart|move: Trick Room|[of] p2b: Indeedee\n|\n|upkeep\n|turn|3\n|inactive|whitpain9 has 270 seconds left.\n|\n|t:|1698762392\n|move|p2b: Indeedee|Follow Me|p2b: Indeedee\n|-singleturn|p2b: Indeedee|move: Follow Me\n|move|p2a: Iron Hands|Earthquake|p1a: Arcanine|[spread] p2b,p1a,p1b\n|-supereffective|p1a: Arcanine\n|-damage|p2b: Indeedee|52\/100\n|-damage|p1a: Arcanine|0 fnt\n|-damage|p1b: Flutter Mane|41\/100\n|faint|p1a: Arcanine\n|move|p1b: Flutter Mane|Shadow Ball|p2b: Indeedee\n|-immune|p2b: Indeedee\n|\n|upkeep\n|\n|t:|1698762405\n|switch|p1a: Ursaluna|Ursaluna-Bloodmoon, M, tera:Normal|100\/100\n|turn|4\n|\n|t:|1698762416\n|move|p2a: Iron Hands|Drain Punch|p1a: Ursaluna\n|-supereffective|p1a: Ursaluna\n|-damage|p1a: Ursaluna|11\/100\n|-heal|p2a: Iron Hands|84\/100|[from] drain|[of] p1a: Ursaluna\n|move|p2b: Indeedee|Dazzling Gleam|p1a: Ursaluna|[spread] p1a,p1b\n|-damage|p1a: Ursaluna|0 fnt\n|-damage|p1b: Flutter Mane|29\/100\n|faint|p1a: Ursaluna\n|move|p1b: Flutter Mane|Shadow Ball|p2a: Iron Hands\n|-damage|p2a: Iron Hands|0 fnt\n|faint|p2a: Iron Hands\n|-end|p2a: Iron Hands|Quark Drive|[silent]\n|\n|upkeep\n|\n|t:|1698762434\n|switch|p2a: Flutter Mane|Flutter Mane, shiny|100\/100\n|switch|p1a: Ogerpon|Ogerpon-Wellspring, F|100\/100\n|turn|5\n|\n|t:|1698762453\n|move|p2b: Indeedee|Follow Me|p2b: Indeedee\n|-singleturn|p2b: Indeedee|move: Follow Me\n|move|p1a: Ogerpon|Ivy Cudgel|p2b: Indeedee\n|-damage|p2b: Indeedee|0 fnt\n|faint|p2b: Indeedee\n|move|p1b: Flutter Mane|Shadow Ball|p2a: Flutter Mane\n|-supereffective|p2a: Flutter Mane\n|-damage|p2a: Flutter Mane|0 fnt\n|faint|p2a: Flutter Mane\n|-end|p2a: Flutter Mane|Protosynthesis|[silent]\n|\n|-fieldend|move: Psychic Terrain\n|upkeep\n|\n|t:|1698762466\n|switch|p2b: Chi-Yu|Chi-Yu|100\/100\n|switch|p2a: Amoonguss|Amoonguss, F, shiny|100\/100\n|-ability|p2b: Chi-Yu|Beads of Ruin\n|turn|6\n|inactive|whitpain9 has 270 seconds left.\n|\n|t:|1698762496\n|move|p2a: Amoonguss|Spore|p1a: Ogerpon\n|-immune|p1a: Ogerpon\n|move|p2b: Chi-Yu|Dark Pulse|p1b: Flutter Mane\n|-damage|p1b: Flutter Mane|0 fnt\n|faint|p1b: Flutter Mane\n|-end|p1b: Flutter Mane|Protosynthesis|[silent]\n|-damage|p2b: Chi-Yu|91\/100|[from] item: Life Orb\n|move|p1a: Ogerpon|Ivy Cudgel|p2b: Chi-Yu\n|-supereffective|p2b: Chi-Yu\n|-damage|p2b: Chi-Yu|0 fnt\n|faint|p2b: Chi-Yu\n|\n|-fieldend|move: Trick Room\n|upkeep\n|\n|t:|1698762505\n|switch|p1b: String cheese|Gholdengo|100\/100\n|turn|7\n|\n|t:|1698762519\n|move|p1a: Ogerpon|Play Rough|p2a: Amoonguss\n|-resisted|p2a: Amoonguss\n|-damage|p2a: Amoonguss|84\/100\n|move|p1b: String cheese|Shadow Ball|p2a: Amoonguss\n|-damage|p2a: Amoonguss|50\/100\n|move|p2a: Amoonguss|Pollen Puff|p1a: Ogerpon\n|-supereffective|p1a: Ogerpon\n|-damage|p1a: Ogerpon|61\/100\n|\n|-heal|p2a: Amoonguss|57\/100|[from] item: Leftovers\n|upkeep\n|turn|8\n|\n|t:|1698762544\n|move|p1a: Ogerpon|Ivy Cudgel|p2a: Amoonguss\n|-resisted|p2a: Amoonguss\n|-damage|p2a: Amoonguss|29\/100\n|move|p1b: String cheese|Make It Rain|p2a: Amoonguss\n|-damage|p2a: Amoonguss|0 fnt\n|-unboost|p1b: String cheese|spa|1\n|faint|p2a: Amoonguss\n|\n|win|kelviishandsome2\n|l|\u2606whitpain9\n","uploadtime":1698762661,"views":18,"p1id":"kelviishandsome2","p2id":"whitpain9","formatid":"gen9doublesou","rating":0,"private":0,"password":""}