{"id":"gen9doublesou-1987231881","p1":"arapiroca","p2":"shadow ballers","format":"[Gen 9] Doubles OU","log":"|j|\u2606arapiroca\n|j|\u2606shadow ballers\n|t:|1699567627\n|gametype|doubles\n|player|p1|arapiroca|1|1516\n|player|p2|shadow ballers|bugcatcher-gen4dp|1596\n|teamsize|p1|6\n|teamsize|p2|6\n|gen|9\n|tier|[Gen 9] Doubles OU\n|rated|\n|rule|Species Clause: Limit one of each Pok\u00e9mon\n|rule|OHKO Clause: OHKO moves are banned\n|rule|Evasion Moves Clause: Evasion moves are banned\n|rule|Gravity Sleep Clause: The combination of sleep-inducing moves with imperfect accuracy and Gravity or Gigantamax Orbeetle are banned\n|rule|Endless Battle Clause: Forcing endless battles is banned\n|rule|HP Percentage Mod: HP is shown in percentages\n|clearpoke\n|poke|p1|Iron Hands|\n|poke|p1|Flutter Mane|\n|poke|p1|Amoonguss, F|\n|poke|p1|Ogerpon-Hearthflame, F|\n|poke|p1|Landorus-Therian, M|\n|poke|p1|Tornadus, M|\n|poke|p2|Grimmsnarl, M|\n|poke|p2|Mimikyu, F|\n|poke|p2|Enamorus, F|\n|poke|p2|Flutter Mane|\n|poke|p2|Weezing-Galar, M|\n|poke|p2|Ninetales-Alola, M|\n|teampreview\n|inactive|Battle timer is ON: inactive players will automatically lose when time's up. (requested by shadow ballers)\n|\n|t:|1699567647\n|start\n|switch|p1a: Flutter Mane|Flutter Mane|100\/100\n|switch|p1b: Amoonguss|Amoonguss, F|100\/100\n|switch|p2a: Flutter Mane|Flutter Mane, shiny|100\/100\n|switch|p2b: Weezing|Weezing-Galar, M, shiny|100\/100\n|-ability|p2b: Weezing|Neutralizing Gas\n|turn|1\n|\n|t:|1699567665\n|-terastallize|p1a: Flutter Mane|Fairy\n|-terastallize|p2a: Flutter Mane|Normal\n|move|p1a: Flutter Mane|Shadow Ball|p2a: Flutter Mane\n|-immune|p2a: Flutter Mane\n|move|p2a: Flutter Mane|Shadow Ball|p1a: Flutter Mane\n|-damage|p1a: Flutter Mane|31\/100\n|-damage|p2a: Flutter Mane|91\/100|[from] item: Life Orb\n|move|p2b: Weezing|Flamethrower|p1b: Amoonguss\n|-supereffective|p1b: Amoonguss\n|-damage|p1b: Amoonguss|69\/100\n|move|p1b: Amoonguss|Spore|p2b: Weezing\n|-status|p2b: Weezing|slp|[from] move: Spore\n|\n|upkeep\n|turn|2\n|\n|t:|1699567687\n|-end|p1a: Flutter Mane|Protosynthesis|[silent]\n|switch|p1a: Iron Hands|Iron Hands|100\/100\n|-end|p2a: Flutter Mane|Protosynthesis|[silent]\n|switch|p2a: Mimikyu|Mimikyu, F, shiny|100\/100\n|cant|p2b: Weezing|slp\n|move|p1b: Amoonguss|Spore|p2a: Mimikyu\n|-status|p2a: Mimikyu|slp|[from] move: Spore\n|\n|upkeep\n|turn|3\n|\n|t:|1699567702\n|cant|p2a: Mimikyu|slp\n|-curestatus|p2b: Weezing|slp|[msg]\n|move|p2b: Weezing|Flamethrower|p1b: Amoonguss\n|-supereffective|p1b: Amoonguss\n|-damage|p1b: Amoonguss|37\/100\n|-enditem|p1b: Amoonguss|Sitrus Berry|[eat]\n|-heal|p1b: Amoonguss|62\/100|[from] item: Sitrus Berry\n|move|p1a: Iron Hands|Swords Dance|p1a: Iron Hands\n|-boost|p1a: Iron Hands|atk|2\n|move|p1b: Amoonguss|Pollen Puff|p2a: Mimikyu\n|-activate|p2a: Mimikyu|ability: Disguise\n|-damage|p2a: Mimikyu|100\/100 slp\n|detailschange|p2a: Mimikyu|Mimikyu-Busted, F, shiny\n|-damage|p2a: Mimikyu|88\/100 slp|[from] pokemon: Mimikyu-Busted\n|\n|upkeep\n|turn|4\n|\n|t:|1699567731\n|-curestatus|p2a: Mimikyu|slp|[msg]\n|move|p2a: Mimikyu|Leech Life|p1b: Amoonguss\n|-damage|p1b: Amoonguss|30\/100\n|-heal|p2a: Mimikyu|100\/100|[from] drain|[of] p1b: Amoonguss\n|-damage|p2a: Mimikyu|91\/100|[from] item: Life Orb\n|move|p2b: Weezing|Flamethrower|p1b: Amoonguss\n|-supereffective|p1b: Amoonguss\n|-damage|p1b: Amoonguss|0 fnt\n|faint|p1b: Amoonguss\n|move|p1a: Iron Hands|Thunder Punch|p2a: Mimikyu\n|-damage|p2a: Mimikyu|0 fnt\n|faint|p2a: Mimikyu\n|\n|upkeep\n|\n|t:|1699567752\n|switch|p2a: Ninetales|Ninetales-Alola, M, shiny|100\/100\n|switch|p1b: Landorus|Landorus-Therian, M|100\/100\n|-weather|Snow|[from] ability: Snow Warning|[of] p2a: Ninetales\n|turn|5\n|\n|t:|1699567771\n|move|p2a: Ninetales|Blizzard|p1b: Landorus|[spread] p1a,p1b\n|-supereffective|p1b: Landorus\n|-damage|p1a: Iron Hands|81\/100\n|-damage|p1b: Landorus|2\/100\n|move|p1b: Landorus|Stomping Tantrum|p2b: Weezing\n|-supereffective|p2b: Weezing\n|-damage|p2b: Weezing|12\/100\n|move|p2b: Weezing|Strange Steam|p1a: Iron Hands\n|-supereffective|p1a: Iron Hands\n|-damage|p1a: Iron Hands|33\/100\n|move|p1a: Iron Hands|Drain Punch|p2a: Ninetales\n|-crit|p2a: Ninetales\n|-damage|p2a: Ninetales|0 fnt\n|-heal|p1a: Iron Hands|61\/100|[from] drain|[of] p2a: Ninetales\n|faint|p2a: Ninetales\n|\n|-weather|Snow|[upkeep]\n|-heal|p1a: Iron Hands|67\/100|[from] item: Leftovers\n|upkeep\n|inactive|shadow ballers has 120 seconds left.\n|\n|t:|1699567793\n|switch|p2a: Grimmsnarl|Grimmsnarl, M, shiny|100\/100\n|turn|6\n|\n|t:|1699567805\n|move|p2a: Grimmsnarl|Fake Out|p1b: Landorus\n|-damage|p1b: Landorus|0 fnt\n|faint|p1b: Landorus\n|-damage|p2a: Grimmsnarl|91\/100|[from] item: Life Orb\n|move|p2b: Weezing|Strange Steam|p1a: Iron Hands\n|-supereffective|p1a: Iron Hands\n|-damage|p1a: Iron Hands|19\/100\n|-start|p1a: Iron Hands|confusion\n|-activate|p1a: Iron Hands|confusion\n|move|p1a: Iron Hands|Thunder Punch|p2b: Weezing\n|-damage|p2b: Weezing|0 fnt\n|faint|p2b: Weezing\n|-end|p2b: Weezing|ability: Neutralizing Gas\n|\n|-weather|Snow|[upkeep]\n|-heal|p1a: Iron Hands|25\/100|[from] item: Leftovers\n|upkeep\n|\n|t:|1699567822\n|switch|p1b: Ogerpon|Ogerpon-Hearthflame, F|100\/100\n|switch|p2b: Enamorus|Enamorus, F, shiny|100\/100\n|-ability|p1b: Ogerpon|Mold Breaker\n|turn|7\n|\n|t:|1699567831\n|move|p2a: Grimmsnarl|Parting Shot|p1b: Ogerpon\n|-unboost|p1b: Ogerpon|atk|1\n|-unboost|p1b: Ogerpon|spa|1\n|\n|t:|1699567834\n|switch|p2a: Flutter Mane|Flutter Mane, shiny, tera:Normal|91\/100|[from] Parting Shot\n|move|p2b: Enamorus|Play Rough|p1a: Iron Hands\n|-supereffective|p1a: Iron Hands\n|-damage|p1a: Iron Hands|0 fnt\n|faint|p1a: Iron Hands\n|-end|p1a: Iron Hands|Quark Drive|[silent]\n|move|p1b: Ogerpon|Ivy Cudgel|p2b: Enamorus\n|-damage|p2b: Enamorus|41\/100\n|\n|-weather|Snow|[upkeep]\n|upkeep\n|\n|t:|1699567847\n|switch|p1a: Flutter Mane|Flutter Mane, tera:Fairy|31\/100\n|turn|8\n|\n|t:|1699567858\n|switch|p1b: Tornadus|Tornadus, M|100\/100\n|move|p1a: Flutter Mane|Moonblast|p2b: Enamorus\n|-damage|p2b: Enamorus|0 fnt\n|faint|p2b: Enamorus\n|move|p2a: Flutter Mane|Power Gem|p1b: Tornadus\n|-supereffective|p1b: Tornadus\n|-damage|p1b: Tornadus|42\/100\n|-enditem|p1b: Tornadus|Sitrus Berry|[eat]\n|-heal|p1b: Tornadus|67\/100|[from] item: Sitrus Berry\n|-damage|p2a: Flutter Mane|81\/100|[from] item: Life Orb\n|\n|-weather|Snow|[upkeep]\n|upkeep\n|c|\u2606shadow ballers|Bulky t?\n|\n|t:|1699567873\n|switch|p2b: Grimmsnarl|Grimmsnarl, M, shiny|91\/100\n|turn|9\n|\n|t:|1699567883\n|move|p2b: Grimmsnarl|Fake Out|p1a: Flutter Mane\n|-damage|p1a: Flutter Mane|0 fnt\n|faint|p1a: Flutter Mane\n|-end|p1a: Flutter Mane|Protosynthesis|[silent]\n|-damage|p2b: Grimmsnarl|81\/100|[from] item: Life Orb\n|move|p1b: Tornadus|Tailwind|p1b: Tornadus\n|-sidestart|p1: arapiroca|move: Tailwind\n|move|p2a: Flutter Mane|Shadow Ball|p1b: Tornadus\n|-damage|p1b: Tornadus|17\/100\n|-unboost|p1b: Tornadus|spd|1\n|-damage|p2a: Flutter Mane|71\/100|[from] item: Life Orb\n|\n|-weather|none\n|upkeep\n|\n|t:|1699567898\n|switch|p1a: Ogerpon|Ogerpon-Hearthflame, F|100\/100\n|-ability|p1a: Ogerpon|Mold Breaker\n|turn|10\n|\n|t:|1699567906\n|move|p1b: Tornadus|Sunny Day|p1b: Tornadus\n|-weather|SunnyDay\n|-activate|p2a: Flutter Mane|ability: Protosynthesis\n|-start|p2a: Flutter Mane|protosynthesisspa\n|move|p2b: Grimmsnarl|Sucker Punch||[still]\n|-fail|p2b: Grimmsnarl\n|move|p1a: Ogerpon|Ivy Cudgel|p2b: Grimmsnarl\n|-damage|p2b: Grimmsnarl|0 fnt\n|faint|p2b: Grimmsnarl\n|move|p2a: Flutter Mane|Power Gem|p1a: Ogerpon\n|-supereffective|p1a: Ogerpon\n|-damage|p1a: Ogerpon|0 fnt\n|faint|p1a: Ogerpon\n|-damage|p2a: Flutter Mane|61\/100|[from] item: Life Orb\n|\n|-weather|SunnyDay|[upkeep]\n|upkeep\n|turn|11\n|\n|t:|1699567923\n|move|p1b: Tornadus|Air Slash|p2a: Flutter Mane\n|-damage|p2a: Flutter Mane|30\/100\n|move|p2a: Flutter Mane|Power Gem|p1b: Tornadus\n|-supereffective|p1b: Tornadus\n|-damage|p1b: Tornadus|0 fnt\n|faint|p1b: Tornadus\n|-damage|p2a: Flutter Mane|20\/100|[from] item: Life Orb\n|\n|win|shadow ballers\n|raw|arapiroca's rating: 1516 &rarr; <strong>1501<\/strong><br \/>(-15 for losing)\n|raw|shadow ballers's rating: 1596 &rarr; <strong>1611<\/strong><br \/>(+15 for winning)\n|c|\u2606shadow ballers|gg\n|l|\u2606arapiroca\n","uploadtime":1699567952,"views":12,"p1id":"arapiroca","p2id":"shadowballers","formatid":"gen9doublesou","rating":1501,"private":0,"password":""}