{"id":"gen9doublesou-1974768458","p1":"SXD2002","p2":"ArtB","format":"[Gen 9] Doubles OU","log":"|j|\u2606SXD2002\n|j|\u2606ArtB\n|t:|1698119855\n|gametype|doubles\n|player|p1|SXD2002|silver-masters|1075\n|player|p2|ArtB|101|1182\n|teamsize|p1|6\n|teamsize|p2|6\n|gen|9\n|tier|[Gen 9] Doubles OU\n|rated|\n|rule|Species Clause: Limit one of each Pok\u00e9mon\n|rule|OHKO Clause: OHKO moves are banned\n|rule|Evasion Moves Clause: Evasion moves are banned\n|rule|Gravity Sleep Clause: The combination of sleep-inducing moves with imperfect accuracy and Gravity or Gigantamax Orbeetle are banned\n|rule|Endless Battle Clause: Forcing endless battles is banned\n|rule|HP Percentage Mod: HP is shown in percentages\n|clearpoke\n|poke|p1|Lurantis, F|\n|poke|p1|Murkrow, M|\n|poke|p1|Grimmsnarl, M|\n|poke|p1|Clefairy, M|\n|poke|p1|Talonflame, F|\n|poke|p1|Espeon, M|\n|poke|p2|Snorlax, M|\n|poke|p2|Thundurus, M|\n|poke|p2|Dragonite, M|\n|poke|p2|Flutter Mane|\n|poke|p2|Rillaboom, F|\n|poke|p2|Heatran, M|\n|teampreview\n|inactive|Battle timer is ON: inactive players will automatically lose when time's up. (requested by SXD2002)\n|\n|t:|1698119879\n|start\n|switch|p1a: Murkrow|Murkrow, M|100\/100\n|switch|p1b: Lurantis|Lurantis, F|100\/100\n|switch|p2a: Thundurus|Thundurus, M|100\/100\n|switch|p2b: Heatran|Heatran, M|100\/100\n|turn|1\n|\n|t:|1698119892\n|move|p1b: Lurantis|Protect|p1b: Lurantis\n|-singleturn|p1b: Lurantis|Protect\n|move|p2a: Thundurus|Wildbolt Storm|p1b: Lurantis|[spread] p1a\n|-activate|p1b: Lurantis|move: Protect\n|-supereffective|p1a: Murkrow\n|-damage|p1a: Murkrow|39\/100\n|move|p1a: Murkrow|Snarl|p2a: Thundurus|[spread] p2a,p2b\n|-damage|p2a: Thundurus|83\/100\n|-damage|p2b: Heatran|91\/100\n|-unboost|p2a: Thundurus|spa|1\n|-unboost|p2b: Heatran|spa|1\n|move|p2b: Heatran|Heat Wave|p1b: Lurantis|[spread] \n|-activate|p1b: Lurantis|move: Protect\n|-miss|p2b: Heatran|p1a: Murkrow\n|\n|-heal|p2b: Heatran|97\/100|[from] item: Leftovers\n|upkeep\n|turn|2\n|\n|t:|1698119919\n|move|p1a: Murkrow|Feather Dance|p1b: Lurantis\n|-boost|p1b: Lurantis|atk|2\n|move|p2a: Thundurus|Wildbolt Storm|p1b: Lurantis|[spread] p1a,p1b\n|-supereffective|p1a: Murkrow\n|-resisted|p1b: Lurantis\n|-crit|p1b: Lurantis\n|-damage|p1a: Murkrow|0 fnt\n|-damage|p1b: Lurantis|80\/100\n|faint|p1a: Murkrow\n|move|p2b: Heatran|Heat Wave|p1b: Lurantis\n|-supereffective|p1b: Lurantis\n|-damage|p1b: Lurantis|40\/100\n|move|p1b: Lurantis|Superpower|p2b: Heatran\n|-supereffective|p2b: Heatran\n|-damage|p2b: Heatran|11\/100\n|-boost|p1b: Lurantis|atk|1\n|-boost|p1b: Lurantis|def|1\n|\n|-heal|p2b: Heatran|18\/100|[from] item: Leftovers\n|-heal|p1b: Lurantis|46\/100|[from] item: Leftovers\n|upkeep\n|inactive|SXD2002 has 120 seconds left.\n|\n|t:|1698119933\n|switch|p1a: Grimmsnarl|Grimmsnarl, M|100\/100\n|turn|3\n|\n|t:|1698119962\n|move|p2a: Thundurus|Taunt|p1b: Lurantis\n|-start|p1b: Lurantis|move: Taunt\n|move|p1a: Grimmsnarl|Fake Tears|p1b: Lurantis\n|-boost|p1b: Lurantis|spd|2\n|move|p2b: Heatran|Heat Wave|p1b: Lurantis|[spread] p1b\n|-miss|p2b: Heatran|p1a: Grimmsnarl\n|-supereffective|p1b: Lurantis\n|-damage|p1b: Lurantis|32\/100\n|move|p1b: Lurantis|Superpower|p2b: Heatran\n|-supereffective|p2b: Heatran\n|-damage|p2b: Heatran|0 fnt\n|-boost|p1b: Lurantis|atk|1\n|-boost|p1b: Lurantis|def|1\n|faint|p2b: Heatran\n|\n|-heal|p1b: Lurantis|38\/100|[from] item: Leftovers\n|upkeep\n|inactive|ArtB has 120 seconds left.\n|\n|t:|1698119979\n|switch|p2b: Flutter Mane|Flutter Mane|100\/100\n|-enditem|p2b: Flutter Mane|Booster Energy\n|-activate|p2b: Flutter Mane|ability: Protosynthesis|[fromitem]\n|-start|p2b: Flutter Mane|protosynthesisspe\n|turn|4\n|\n|t:|1698119993\n|move|p2b: Flutter Mane|Protect|p2b: Flutter Mane\n|-singleturn|p2b: Flutter Mane|Protect\n|move|p2a: Thundurus|Eerie Impulse|p1b: Lurantis\n|-boost|p1b: Lurantis|spa|2\n|move|p1a: Grimmsnarl|Fake Tears|p1b: Lurantis\n|-boost|p1b: Lurantis|spd|2\n|move|p1b: Lurantis|Superpower|p2a: Thundurus\n|-resisted|p2a: Thundurus\n|-damage|p2a: Thundurus|19\/100\n|-boost|p1b: Lurantis|atk|1\n|-boost|p1b: Lurantis|def|1\n|\n|-heal|p1b: Lurantis|44\/100|[from] item: Leftovers\n|upkeep\n|turn|5\n|inactive|SXD2002 has 120 seconds left.\n|inactive|ArtB has 120 seconds left.\n|\n|t:|1698120040\n|move|p1a: Grimmsnarl|Fake Tears|p1b: Lurantis\n|-boost|p1b: Lurantis|spd|2\n|move|p2b: Flutter Mane|Shadow Ball|p1b: Lurantis\n|-damage|p1b: Lurantis|37\/100\n|move|p2a: Thundurus|Wildbolt Storm|p1a: Grimmsnarl|[spread] p1a\n|-miss|p2a: Thundurus|p1b: Lurantis\n|-damage|p1a: Grimmsnarl|83\/100\n|move|p1b: Lurantis|Superpower|p2a: Thundurus\n|-resisted|p2a: Thundurus\n|-damage|p2a: Thundurus|0 fnt\n|-boost|p1b: Lurantis|atk|1\n|-boost|p1b: Lurantis|def|1\n|faint|p2a: Thundurus\n|\n|-heal|p1a: Grimmsnarl|89\/100|[from] item: Leftovers\n|-heal|p1b: Lurantis|43\/100|[from] item: Leftovers\n|-end|p1b: Lurantis|move: Taunt\n|upkeep\n|inactive|ArtB has 120 seconds left.\n|\n|t:|1698120055\n|switch|p2a: Dragonite|Dragonite, M|100\/100\n|turn|6\n|\n|t:|1698120069\n|-terastallize|p2a: Dragonite|Normal\n|-terastallize|p1b: Lurantis|Steel\n|move|p2a: Dragonite|Extreme Speed|p1b: Lurantis\n|-resisted|p1b: Lurantis\n|-damage|p1b: Lurantis|31\/100\n|move|p1a: Grimmsnarl|Scary Face|p1b: Lurantis\n|-boost|p1b: Lurantis|spe|2\n|move|p2b: Flutter Mane|Moonblast|p1b: Lurantis\n|-resisted|p1b: Lurantis\n|-damage|p1b: Lurantis|27\/100\n|-boost|p1b: Lurantis|spa|1\n|move|p1b: Lurantis|Leaf Storm|p2b: Flutter Mane\n|-damage|p2b: Flutter Mane|8\/100\n|-boost|p1b: Lurantis|spa|2\n|\n|-heal|p1b: Lurantis|33\/100|[from] item: Leftovers\n|-heal|p1a: Grimmsnarl|95\/100|[from] item: Leftovers\n|upkeep\n|turn|7\n|-message|ArtB forfeited.\n|\n|win|SXD2002\n|raw|SXD2002's rating: 1075 &rarr; <strong>1112<\/strong><br \/>(+37 for winning)\n|raw|ArtB's rating: 1182 &rarr; <strong>1150<\/strong><br \/>(-32 for losing)\n|l|\u2606ArtB\n|c|\u2606SXD2002|gg\n","uploadtime":1698120087,"views":18,"p1id":"sxd2002","p2id":"artb","formatid":"gen9doublesou","rating":1112,"private":0,"password":""}