{"id":"gen9doublesou-1968089952","p1":"Sargenbob","p2":"Nrickj132","format":"[Gen 9] Doubles OU","log":"|html|<div class=\"broadcast-blue\"><strong>[Gen 9] Doubles OU is currently suspecting Basculegion & Flutter Mane! For information on how to participate check out the <a href=\"https:\/\/www.smogon.com\/forums\/threads\/np-sv-dou-stage-8-double-trouble.3729153\/\">suspect thread<\/a>.<\/strong><\/div>\n|j|\u2606Sargenbob\n|j|\u2606Nrickj132\n|t:|1697383260\n|gametype|doubles\n|player|p1|Sargenbob|red|1142\n|player|p2|Nrickj132|2|1077\n|teamsize|p1|6\n|teamsize|p2|6\n|gen|9\n|tier|[Gen 9] Doubles OU\n|rated|\n|rule|Species Clause: Limit one of each Pok\u00e9mon\n|rule|OHKO Clause: OHKO moves are banned\n|rule|Evasion Moves Clause: Evasion moves are banned\n|rule|Gravity Sleep Clause: The combination of sleep-inducing moves with imperfect accuracy and Gravity or Gigantamax Orbeetle are banned\n|rule|Endless Battle Clause: Forcing endless battles is banned\n|rule|HP Percentage Mod: HP is shown in percentages\n|clearpoke\n|poke|p1|Ursaluna-Bloodmoon, M|\n|poke|p1|Murkrow, F|\n|poke|p1|Kilowattrel, F|\n|poke|p1|Brambleghast, F|\n|poke|p1|Tinkaton, F|\n|poke|p1|Chi-Yu|\n|poke|p2|Pelipper, M|\n|poke|p2|Azumarill, F|\n|poke|p2|Arboliva, F|\n|poke|p2|Jolteon, F|\n|poke|p2|Barraskewda, F|\n|poke|p2|Sableye, F|\n|teampreview\n|inactive|Battle timer is ON: inactive players will automatically lose when time's up. (requested by Nrickj132)\n|\n|t:|1697383277\n|start\n|switch|p1a: \u6232\u78bc\u70ba\u81ea\u5df1|Murkrow, F, shiny|100\/100\n|switch|p1b: Perigrin|Kilowattrel, F|100\/100\n|switch|p2a: Gremlin|Sableye, F|100\/100\n|switch|p2b: Mother|Arboliva, F|100\/100\n|turn|1\n|\n|t:|1697383294\n|-terastallize|p2b: Mother|Water\n|move|p1a: \u6232\u78bc\u70ba\u81ea\u5df1|Tailwind|p1a: \u6232\u78bc\u70ba\u81ea\u5df1\n|-sidestart|p1: Sargenbob|move: Tailwind\n|-start|p1b: Perigrin|Charge|Tailwind|[from] ability: Wind Power\n|move|p2a: Gremlin|Trick|p1b: Perigrin\n|-activate|p2a: Gremlin|move: Trick|[of] p1b: Perigrin\n|-item|p1b: Perigrin|Eject Button|[from] move: Trick\n|-item|p2a: Gremlin|Life Orb|[from] move: Trick\n|move|p1b: Perigrin|Air Slash|p2b: Mother\n|-damage|p2b: Mother|66\/100\n|-fieldstart|move: Grassy Terrain|[from] ability: Seed Sower|[of] p2b: Mother\n|cant|p2b: Mother|flinch\n|\n|-heal|p2b: Mother|72\/100|[from] Grassy Terrain\n|upkeep\n|turn|2\n|\n|t:|1697383314\n|switch|p2a: Iron penguin|Jolteon, F|100\/100\n|move|p1a: \u6232\u78bc\u70ba\u81ea\u5df1|Protect|p1a: \u6232\u78bc\u70ba\u81ea\u5df1\n|-singleturn|p1a: \u6232\u78bc\u70ba\u81ea\u5df1|Protect\n|move|p2b: Mother|Protect|p2b: Mother\n|-singleturn|p2b: Mother|Protect\n|move|p1b: Perigrin|Thunderbolt|p2b: Mother\n|-activate|p2b: Mother|move: Protect\n|-end|p1b: Perigrin|Charge|[silent]\n|\n|-heal|p2b: Mother|78\/100|[from] Grassy Terrain\n|upkeep\n|turn|3\n|\n|t:|1697383332\n|switch|p2b: Gremlin|Sableye, F|100\/100\n|move|p1a: \u6232\u78bc\u70ba\u81ea\u5df1|Taunt|p2a: Iron penguin\n|-start|p2a: Iron penguin|move: Taunt\n|move|p1b: Perigrin|Thunderbolt|p2b: Gremlin\n|-damage|p2b: Gremlin|33\/100\n|move|p2a: Iron penguin|Volt Switch|p1b: Perigrin\n|-damage|p1b: Perigrin|38\/100\n|-enditem|p1b: Perigrin|Eject Button\n|\n|t:|1697383344\n|switch|p1b: Keanu|Brambleghast, F|100\/100\n|-ability|p1b: Keanu|Wind Rider|boost\n|-boost|p1b: Keanu|atk|1\n|\n|-heal|p2b: Gremlin|39\/100|[from] Grassy Terrain\n|upkeep\n|turn|4\n|\n|t:|1697383355\n|switch|p2b: Mother|Arboliva, F, tera:Water|78\/100\n|move|p1a: \u6232\u78bc\u70ba\u81ea\u5df1|Protect|p1a: \u6232\u78bc\u70ba\u81ea\u5df1\n|-singleturn|p1a: \u6232\u78bc\u70ba\u81ea\u5df1|Protect\n|move|p2a: Iron penguin|Volt Switch|p2b: Mother\n|-supereffective|p2b: Mother\n|-damage|p2b: Mother|23\/100\n|-enditem|p2b: Mother|Weakness Policy\n|-boost|p2b: Mother|atk|2|[from] item: Weakness Policy\n|-boost|p2b: Mother|spa|2|[from] item: Weakness Policy\n|\n|t:|1697383365\n|switch|p2a: Mailbox|Pelipper, M|100\/100|[from] Volt Switch\n|-weather|RainDance|[from] ability: Drizzle|[of] p2a: Mailbox\n|move|p1b: Keanu|Phantom Force||[still]\n|-prepare|p1b: Keanu|Phantom Force\n|-enditem|p1b: Keanu|Power Herb\n|-anim|p1b: Keanu|Phantom Force|p2b: Mother\n|-damage|p2b: Mother|0 fnt\n|faint|p2b: Mother\n|\n|-weather|RainDance|[upkeep]\n|-sideend|p1: Sargenbob|move: Tailwind\n|upkeep\n|\n|t:|1697383378\n|switch|p2b: U tried|Azumarill, F|100\/100\n|turn|5\n|\n|t:|1697383385\n|move|p1a: \u6232\u78bc\u70ba\u81ea\u5df1|Tailwind|p1a: \u6232\u78bc\u70ba\u81ea\u5df1\n|-sidestart|p1: Sargenbob|move: Tailwind\n|-ability|p1b: Keanu|Wind Rider|boost\n|-boost|p1b: Keanu|atk|1\n|move|p1b: Keanu|Power Whip|p2b: U tried\n|-ability|p2b: U tried|Sap Sipper|boost\n|-boost|p2b: U tried|atk|1\n|move|p2a: Mailbox|Hydro Pump|p1a: \u6232\u78bc\u70ba\u81ea\u5df1\n|-crit|p1a: \u6232\u78bc\u70ba\u81ea\u5df1\n|-damage|p1a: \u6232\u78bc\u70ba\u81ea\u5df1|0 fnt\n|faint|p1a: \u6232\u78bc\u70ba\u81ea\u5df1\n|move|p2b: U tried|Ice Punch|p1b: Keanu\n|-supereffective|p1b: Keanu\n|-damage|p1b: Keanu|0 fnt\n|faint|p1b: Keanu\n|\n|-weather|RainDance|[upkeep]\n|-fieldend|move: Grassy Terrain\n|upkeep\n|\n|t:|1697383397\n|switch|p1b: Kirby|Tinkaton, F|100\/100\n|switch|p1a: Perigrin|Kilowattrel, F|38\/100\n|-ability|p1b: Kirby|Mold Breaker\n|turn|6\n|\n|t:|1697383412\n|switch|p2a: Gremlin|Sableye, F|39\/100\n|switch|p2b: Iron penguin|Jolteon, F|100\/100\n|move|p1b: Kirby|Fake Out|p2b: Iron penguin\n|-damage|p2b: Iron penguin|79\/100\n|move|p1a: Perigrin|Thunderbolt|p2a: Gremlin\n|-damage|p2a: Gremlin|0 fnt\n|faint|p2a: Gremlin\n|\n|-weather|RainDance|[upkeep]\n|upkeep\n|\n|t:|1697383426\n|switch|p2a: Banded yes|Barraskewda, F|100\/100\n|turn|7\n|\n|t:|1697383435\n|move|p2a: Banded yes|Liquidation|p1b: Kirby\n|-damage|p1b: Kirby|0 fnt\n|faint|p1b: Kirby\n|move|p1a: Perigrin|Thunderbolt|p2a: Banded yes\n|-supereffective|p2a: Banded yes\n|-damage|p2a: Banded yes|0 fnt\n|faint|p2a: Banded yes\n|move|p2b: Iron penguin|Volt Switch|p1a: Perigrin\n|-damage|p1a: Perigrin|0 fnt\n|faint|p1a: Perigrin\n|\n|t:|1697383447\n|switch|p2b: U tried|Azumarill, F|100\/100|[from] Volt Switch\n|\n|-weather|RainDance|[upkeep]\n|upkeep\n|\n|t:|1697383452\n|switch|p2a: Iron penguin|Jolteon, F|79\/100\n|switch|p1a: Moon Knight|Ursaluna-Bloodmoon, M|100\/100\n|switch|p1b: \u91d1\u9c7c|Chi-Yu|100\/100\n|-ability|p1b: \u91d1\u9c7c|Beads of Ruin\n|turn|8\n|\n|t:|1697383464\n|-terastallize|p1b: \u91d1\u9c7c|Grass\n|move|p1b: \u91d1\u9c7c|Tera Blast|p2a: Iron penguin|[anim] Tera Blast Grass\n|-damage|p2a: Iron penguin|0 fnt\n|faint|p2a: Iron penguin\n|move|p1a: Moon Knight|Blood Moon|p2b: U tried\n|-damage|p2b: U tried|0 fnt\n|faint|p2b: U tried\n|\n|-weather|none\n|-sideend|p1: Sargenbob|move: Tailwind\n|upkeep\n|-message|Nrickj132 forfeited.\n|\n|win|Sargenbob\n|raw|Sargenbob's rating: 1142 &rarr; <strong>1162<\/strong><br \/>(+20 for winning)\n|raw|Nrickj132's rating: 1077 &rarr; <strong>1059<\/strong><br \/>(-18 for losing)\n|l|\u2606Nrickj132\n","uploadtime":1697383476,"views":14,"p1id":"sargenbob","p2id":"nrickj132","formatid":"gen9doublesou","rating":1059,"private":0,"password":""}