{"id":"gen9doublesou-1984975189","p1":"gbutters19","p2":"Champ2013","format":"[Gen 9] Doubles OU","log":"|j|\u2606gbutters19\n|j|\u2606Champ2013\n|t:|1699316607\n|gametype|doubles\n|player|p1|gbutters19|chef|\n|player|p2|Champ2013|lucas|\n|teamsize|p1|6\n|teamsize|p2|6\n|gen|9\n|tier|[Gen 9] Doubles OU\n|rule|Species Clause: Limit one of each Pok\u00e9mon\n|rule|OHKO Clause: OHKO moves are banned\n|rule|Evasion Moves Clause: Evasion moves are banned\n|rule|Gravity Sleep Clause: The combination of sleep-inducing moves with imperfect accuracy and Gravity or Gigantamax Orbeetle are banned\n|rule|Endless Battle Clause: Forcing endless battles is banned\n|rule|HP Percentage Mod: HP is shown in percentages\n|clearpoke\n|poke|p1|Dusclops, F|\n|poke|p1|Iron Hands|\n|poke|p1|Cresselia, F|\n|poke|p1|Landorus-Therian, M|\n|poke|p1|Sylveon, F|\n|poke|p1|Snorlax, M|\n|poke|p2|Thundurus-Therian, M|\n|poke|p2|Torkoal, M|\n|poke|p2|Chandelure, F|\n|poke|p2|Flutter Mane|\n|poke|p2|Lucario, F|\n|poke|p2|Shiftry, M|\n|teampreview\n|c|\u2606gbutters19|glhf!\n|c|\u2606Champ2013|:O\n|c|\u2606Champ2013|glhf!\n|j| ff4fan\n|c| ff4fan|gl\n|\n|t:|1699316646\n|start\n|switch|p1a: Iron Hands|Iron Hands, shiny|100\/100\n|switch|p1b: Landorus|Landorus-Therian, M, shiny|100\/100\n|switch|p2a: Shiftry|Shiftry, M, shiny|100\/100\n|switch|p2b: Thundurus|Thundurus-Therian, M|100\/100\n|-ability|p1b: Landorus|Intimidate|boost\n|-unboost|p2a: Shiftry|atk|1\n|-unboost|p2b: Thundurus|atk|1\n|turn|1\n|\n|t:|1699316680\n|-terastallize|p2b: Thundurus|Ice\n|move|p2a: Shiftry|Fake Out|p1a: Iron Hands\n|-crit|p1a: Iron Hands\n|-damage|p1a: Iron Hands|89\/100\n|cant|p1a: Iron Hands|flinch\n|move|p1b: Landorus|U-turn|p2a: Shiftry\n|-supereffective|p2a: Shiftry\n|-crit|p2a: Shiftry\n|-enditem|p2a: Shiftry|Focus Sash\n|-damage|p2a: Shiftry|1\/100\n|\n|t:|1699316693\n|switch|p1b: Sylveon|Sylveon, F, shiny|100\/100|[from] U-turn\n|move|p2b: Thundurus|Tera Blast|p1b: Sylveon|[anim] Tera Blast Ice\n|-damage|p1b: Sylveon|53\/100\n|-damage|p2b: Thundurus|91\/100|[from] item: Life Orb\n|\n|upkeep\n|turn|2\n|\n|t:|1699316722\n|switch|p2a: Torkoal|Torkoal, M, shiny|100\/100\n|-weather|SunnyDay|[from] ability: Drought|[of] p2a: Torkoal\n|move|p1b: Sylveon|Protect|p1b: Sylveon\n|-singleturn|p1b: Sylveon|Protect\n|move|p2b: Thundurus|Wildbolt Storm|p1b: Sylveon|[spread] p1a\n|-activate|p1b: Sylveon|move: Protect\n|-resisted|p1a: Iron Hands\n|-damage|p1a: Iron Hands|73\/100\n|-damage|p2b: Thundurus|81\/100|[from] item: Life Orb\n|move|p1a: Iron Hands|Drain Punch|p2b: Thundurus\n|-supereffective|p2b: Thundurus\n|-damage|p2b: Thundurus|0 fnt\n|-heal|p1a: Iron Hands|99\/100|[from] drain|[of] p2b: Thundurus\n|faint|p2b: Thundurus\n|\n|-weather|SunnyDay|[upkeep]\n|upkeep\n|\n|t:|1699316738\n|switch|p2b: Flutter Mane|Flutter Mane, shiny|100\/100\n|-activate|p2b: Flutter Mane|ability: Protosynthesis\n|-start|p2b: Flutter Mane|protosynthesisspa\n|turn|3\n|\n|t:|1699316756\n|switch|p1b: Dusclops|Dusclops, F, shiny|100\/100\n|-item|p2a: Torkoal|Heat Rock|[from] ability: Frisk|[of] p1b: Dusclops|[identify]\n|-item|p2b: Flutter Mane|Focus Sash|[from] ability: Frisk|[of] p1b: Dusclops|[identify]\n|-terastallize|p1a: Iron Hands|Water\n|move|p2b: Flutter Mane|Dazzling Gleam|p1b: Dusclops|[spread] p1a,p1b\n|-damage|p1a: Iron Hands|76\/100\n|-damage|p1b: Dusclops|74\/100\n|move|p1a: Iron Hands|Ice Punch|p2b: Flutter Mane\n|-damage|p2b: Flutter Mane|38\/100\n|move|p2a: Torkoal|Eruption|p1a: Iron Hands|[spread] p1a,p1b\n|-resisted|p1a: Iron Hands\n|-crit|p1b: Dusclops\n|-damage|p1a: Iron Hands|61\/100\n|-damage|p1b: Dusclops|18\/100\n|\n|-weather|SunnyDay|[upkeep]\n|upkeep\n|turn|4\n|\n|t:|1699316777\n|move|p2b: Flutter Mane|Protect|p2b: Flutter Mane\n|-singleturn|p2b: Flutter Mane|Protect\n|move|p1a: Iron Hands|Drain Punch|p2a: Torkoal\n|-damage|p2a: Torkoal|70\/100\n|-heal|p1a: Iron Hands|72\/100|[from] drain|[of] p2a: Torkoal\n|move|p1b: Dusclops|Pain Split|p2a: Torkoal\n|-sethp|p2a: Torkoal|41\/100|[from] move: Pain Split|[silent]\n|-sethp|p1b: Dusclops|62\/100|[from] move: Pain Split\n|move|p2a: Torkoal|Eruption|p1a: Iron Hands|[spread] p1a,p1b\n|-resisted|p1a: Iron Hands\n|-damage|p1a: Iron Hands|66\/100\n|-damage|p1b: Dusclops|47\/100\n|\n|-weather|SunnyDay|[upkeep]\n|upkeep\n|turn|5\n|\n|t:|1699316804\n|move|p2b: Flutter Mane|Shadow Ball|p1b: Dusclops\n|-supereffective|p1b: Dusclops\n|-damage|p1b: Dusclops|0 fnt\n|faint|p1b: Dusclops\n|move|p1a: Iron Hands|Drain Punch|p2a: Torkoal\n|-damage|p2a: Torkoal|8\/100\n|-heal|p1a: Iron Hands|78\/100|[from] drain|[of] p2a: Torkoal\n|move|p2a: Torkoal|Solar Beam||[still]\n|-prepare|p2a: Torkoal|Solar Beam\n|-anim|p2a: Torkoal|Solar Beam|p1a: Iron Hands\n|-supereffective|p1a: Iron Hands\n|-damage|p1a: Iron Hands|47\/100\n|\n|-weather|SunnyDay|[upkeep]\n|upkeep\n|\n|t:|1699316823\n|switch|p1b: Snorlax|Snorlax, M|100\/100\n|turn|6\n|c|\u2606Champ2013|Not a 6-0 so I will take it\n|c| ff4fan|lol\n|\n|t:|1699316854\n|move|p2b: Flutter Mane|Dazzling Gleam|p1a: Iron Hands|[spread] p1a,p1b\n|-damage|p1a: Iron Hands|20\/100\n|-damage|p1b: Snorlax|72\/100\n|move|p1a: Iron Hands|Thunder Punch|p2b: Flutter Mane\n|-damage|p2b: Flutter Mane|0 fnt\n|faint|p2b: Flutter Mane\n|-end|p2b: Flutter Mane|Protosynthesis|[silent]\n|move|p1b: Snorlax|Facade|p2a: Torkoal\n|-damage|p2a: Torkoal|0 fnt\n|faint|p2a: Torkoal\n|\n|-weather|SunnyDay|[upkeep]\n|upkeep\n|\n|t:|1699316871\n|switch|p2b: Shiftry|Shiftry, M, shiny|1\/100\n|switch|p2a: Lucario|Lucario, F|100\/100\n|-item|p2a: Lucario|Air Balloon\n|turn|7\n|\n|t:|1699316888\n|-end|p1a: Iron Hands|Quark Drive|[silent]\n|switch|p1a: Landorus|Landorus-Therian, M, shiny|100\/100\n|-ability|p1a: Landorus|Intimidate|boost\n|-fail|p2a: Lucario|unboost|Attack|[from] ability: Inner Focus|[of] p2a: Lucario\n|-unboost|p2b: Shiftry|atk|1\n|switch|p1b: Cresselia|Cresselia, F|100\/100\n|move|p2b: Shiftry|Fake Out|p1b: Cresselia\n|-damage|p1b: Cresselia|96\/100\n|move|p2a: Lucario|Extreme Speed|p1a: Landorus\n|-damage|p1a: Landorus|71\/100\n|\n|-weather|SunnyDay|[upkeep]\n|upkeep\n|turn|8\n|\n|t:|1699316909\n|move|p1a: Landorus|U-turn|p2b: Shiftry\n|-supereffective|p2b: Shiftry\n|-damage|p2b: Shiftry|0 fnt\n|faint|p2b: Shiftry\n|\n|t:|1699316924\n|switch|p1a: Iron Hands|Iron Hands, shiny, tera:Water|20\/100|[from] U-turn\n|move|p2a: Lucario|Ice Punch|p1a: Iron Hands\n|-resisted|p1a: Iron Hands\n|-damage|p1a: Iron Hands|13\/100\n|move|p1b: Cresselia|Moonblast|p2a: Lucario\n|-damage|p2a: Lucario|75\/100\n|-enditem|p2a: Lucario|Air Balloon\n|\n|-weather|SunnyDay|[upkeep]\n|upkeep\n|\n|t:|1699316929\n|switch|p2b: Chandelure|Chandelure, F, shiny|100\/100\n|turn|9\n|\n|t:|1699316951\n|move|p1a: Iron Hands|Fake Out|p2a: Lucario\n|-resisted|p2a: Lucario\n|-damage|p2a: Lucario|62\/100\n|move|p2a: Lucario|Extreme Speed|p1a: Iron Hands\n|-damage|p1a: Iron Hands|0 fnt\n|faint|p1a: Iron Hands\n|-end|p1a: Iron Hands|Quark Drive|[silent]\n|move|p2b: Chandelure|Heat Wave|p1b: Cresselia\n|-damage|p1b: Cresselia|40\/100\n|-status|p1b: Cresselia|brn\n|move|p1b: Cresselia|Lunar Blessing|p1b: Cresselia\n|-heal|p1b: Cresselia|65\/100 brn\n|-curestatus|p1b: Cresselia|brn|[msg]\n|\n|-weather|none\n|upkeep\n|\n|t:|1699316966\n|switch|p1a: Landorus|Landorus-Therian, M, shiny|71\/100\n|-ability|p1a: Landorus|Intimidate|boost\n|-fail|p2a: Lucario|unboost|Attack|[from] ability: Inner Focus|[of] p2a: Lucario\n|-unboost|p2b: Chandelure|atk|1\n|turn|10\n|\n|t:|1699316979\n|move|p1b: Cresselia|Ally Switch|p1b: Cresselia\n|swap|p1b: Cresselia|0|[from] move: Ally Switch\n|move|p1b: Landorus|Stomping Tantrum|p2b: Chandelure\n|-supereffective|p2b: Chandelure\n|-damage|p2b: Chandelure|0 fnt\n|faint|p2b: Chandelure\n|move|p2a: Lucario|Ice Punch|p1a: Cresselia\n|-damage|p1a: Cresselia|53\/100\n|-status|p1a: Cresselia|frz\n|\n|upkeep\n|turn|11\n|\n|t:|1699316989\n|move|p1b: Landorus|Stomping Tantrum|p2a: Lucario\n|-supereffective|p2a: Lucario\n|-damage|p2a: Lucario|0 fnt\n|faint|p2a: Lucario\n|\n|win|gbutters19\n|c|\u2606gbutters19|gg\n|c|\u2606Champ2013|GG!\n|c| ff4fan|gg\n","uploadtime":1699317004,"views":16,"p1id":"gbutters19","p2id":"champ2013","formatid":"gen9doublesou","rating":0,"private":0,"password":""}