{"id":"gen9doublesou-1970943535","p1":"SXD2002","p2":"ourmommawomma","format":"[Gen 9] Doubles OU","log":"|j|\u2606SXD2002\n|j|\u2606ourmommawomma\n|t:|1697683428\n|gametype|doubles\n|player|p1|SXD2002|silver-masters|1050\n|player|p2|ourmommawomma|265|1035\n|teamsize|p1|4\n|teamsize|p2|6\n|gen|9\n|tier|[Gen 9] Doubles OU\n|rated|\n|rule|Species Clause: Limit one of each Pok\u00e9mon\n|rule|OHKO Clause: OHKO moves are banned\n|rule|Evasion Moves Clause: Evasion moves are banned\n|rule|Gravity Sleep Clause: The combination of sleep-inducing moves with imperfect accuracy and Gravity or Gigantamax Orbeetle are banned\n|rule|Endless Battle Clause: Forcing endless battles is banned\n|rule|HP Percentage Mod: HP is shown in percentages\n|clearpoke\n|poke|p1|Lurantis, M|\n|poke|p1|Murkrow, F|\n|poke|p1|Grimmsnarl, M|\n|poke|p1|Clefairy, M|\n|poke|p2|Crawdaunt, F|\n|poke|p2|Pelipper, F|\n|poke|p2|Meowscarada, F|\n|poke|p2|Krookodile, F|\n|poke|p2|Flamigo, F|\n|poke|p2|Gallade, M|\n|teampreview\n|inactive|Battle timer is ON: inactive players will automatically lose when time's up. (requested by SXD2002)\n|\n|t:|1697683438\n|start\n|switch|p1a: Grimmsnarl|Grimmsnarl, M|100\/100\n|switch|p1b: Lurantis|Lurantis, M|100\/100\n|switch|p2a: STD|Crawdaunt, F, shiny|100\/100\n|switch|p2b: Mitski|Pelipper, F, shiny|100\/100\n|-weather|RainDance|[from] ability: Drizzle|[of] p2b: Mitski\n|turn|1\n|\n|t:|1697683451\n|move|p2a: STD|Aqua Jet|p1a: Grimmsnarl\n|-crit|p1a: Grimmsnarl\n|-damage|p1a: Grimmsnarl|20\/100\n|move|p1a: Grimmsnarl|Fake Tears|p1b: Lurantis\n|-boost|p1b: Lurantis|spd|2\n|move|p2b: Mitski|Tailwind|p2b: Mitski\n|-sidestart|p2: ourmommawomma|move: Tailwind\n|move|p1b: Lurantis|Leaf Storm|p2a: STD\n|-supereffective|p2a: STD\n|-damage|p2a: STD|0 fnt\n|-boost|p1b: Lurantis|spa|2\n|faint|p2a: STD\n|\n|-weather|RainDance|[upkeep]\n|-heal|p1a: Grimmsnarl|26\/100|[from] item: Leftovers\n|upkeep\n|\n|t:|1697683464\n|switch|p2a: Burnin\u2019 Itching|Meowscarada, F, shiny|100\/100\n|turn|2\n|\n|t:|1697683477\n|move|p2a: Burnin\u2019 Itching|Protect|p2a: Burnin\u2019 Itching\n|-start|p2a: Burnin\u2019 Itching|typechange|Normal|[from] ability: Protean\n|-singleturn|p2a: Burnin\u2019 Itching|Protect\n|move|p1a: Grimmsnarl|Parting Shot|p1b: Lurantis\n|-boost|p1b: Lurantis|atk|1\n|-boost|p1b: Lurantis|spa|1\n|\n|t:|1697683484\n|switch|p1a: Murkrow|Murkrow, F|100\/100|[from] Parting Shot\n|move|p2b: Mitski|Waterfall|p1b: Lurantis\n|-resisted|p1b: Lurantis\n|-damage|p1b: Lurantis|86\/100\n|cant|p1b: Lurantis|flinch\n|\n|-weather|RainDance|[upkeep]\n|-heal|p1b: Lurantis|92\/100|[from] item: Leftovers\n|upkeep\n|turn|3\n|inactive|ourmommawomma has 120 seconds left.\n|\n|t:|1697683520\n|move|p1a: Murkrow|Screech|p1b: Lurantis\n|-boost|p1b: Lurantis|def|2\n|move|p2a: Burnin\u2019 Itching|Tail Whip|p1a: Murkrow|[spread] p1a,p1b\n|-unboost|p1a: Murkrow|def|1\n|-boost|p1b: Lurantis|def|1\n|move|p2b: Mitski|Hurricane|p1b: Lurantis\n|-supereffective|p1b: Lurantis\n|-damage|p1b: Lurantis|59\/100\n|move|p1b: Lurantis|Leaf Storm|p2b: Mitski\n|-damage|p2b: Mitski|0 fnt\n|-boost|p1b: Lurantis|spa|2\n|faint|p2b: Mitski\n|\n|-weather|RainDance|[upkeep]\n|-heal|p1b: Lurantis|65\/100|[from] item: Leftovers\n|upkeep\n|\n|t:|1697683535\n|switch|p2b: Lady Gaga|Krookodile, F, shiny|100\/100\n|turn|4\n|\n|t:|1697683547\n|-terastallize|p1b: Lurantis|Steel\n|move|p1a: Murkrow|Thunder Wave|p2a: Burnin\u2019 Itching\n|-status|p2a: Burnin\u2019 Itching|par\n|move|p2b: Lady Gaga|Knock Off|p1b: Lurantis\n|-damage|p1b: Lurantis|42\/100\n|-enditem|p1b: Lurantis|Leftovers|[from] move: Knock Off|[of] p2b: Lady Gaga\n|cant|p2a: Burnin\u2019 Itching|par\n|move|p1b: Lurantis|Leaf Storm|p2b: Lady Gaga\n|-supereffective|p2b: Lady Gaga\n|-damage|p2b: Lady Gaga|0 fnt\n|-boost|p1b: Lurantis|spa|1\n|faint|p2b: Lady Gaga\n|\n|-weather|RainDance|[upkeep]\n|-sideend|p2: ourmommawomma|move: Tailwind\n|upkeep\n|inactive|ourmommawomma has 120 seconds left.\n|\n|t:|1697683562\n|switch|p2b: Rihanna|Flamigo, F, shiny|100\/100\n|-copyboost|p2b: Rihanna|p2a: Burnin\u2019 Itching|[from] ability: Costar\n|turn|5\n|\n|t:|1697683573\n|move|p2b: Rihanna|Protect|p2b: Rihanna\n|-singleturn|p2b: Rihanna|Protect\n|cant|p2a: Burnin\u2019 Itching|par\n|move|p1b: Lurantis|Protect|p1b: Lurantis\n|-singleturn|p1b: Lurantis|Protect\n|move|p1a: Murkrow|Thunder Wave|p2b: Rihanna\n|-activate|p2b: Rihanna|move: Protect\n|\n|-weather|RainDance|[upkeep]\n|upkeep\n|turn|6\n|\n|t:|1697683588\n|move|p1a: Murkrow|Taunt|p2a: Burnin\u2019 Itching\n|-start|p2a: Burnin\u2019 Itching|move: Taunt\n|move|p2b: Rihanna|Fly||[still]\n|-prepare|p2b: Rihanna|Fly\n|move|p2a: Burnin\u2019 Itching|Flower Trick|p1a: Murkrow\n|-resisted|p1a: Murkrow\n|-crit|p1a: Murkrow\n|-damage|p1a: Murkrow|78\/100\n|move|p1b: Lurantis|Superpower|p2a: Burnin\u2019 Itching\n|-supereffective|p2a: Burnin\u2019 Itching\n|-damage|p2a: Burnin\u2019 Itching|0 fnt\n|-boost|p1b: Lurantis|atk|1\n|-boost|p1b: Lurantis|def|1\n|faint|p2a: Burnin\u2019 Itching\n|\n|-weather|RainDance|[upkeep]\n|upkeep\n|\n|t:|1697683605\n|switch|p2a: Spooky Haircut|Gallade, M, shiny|100\/100\n|turn|7\n|\n|t:|1697683616\n|switch|p1a: Clefairy|Clefairy, M|100\/100\n|move|p1b: Lurantis|Protect|p1b: Lurantis\n|-singleturn|p1b: Lurantis|Protect\n|move|p2b: Rihanna|Fly|p1b: Lurantis|[from]lockedmove\n|-activate|p1b: Lurantis|move: Protect\n|move|p2a: Spooky Haircut|Psycho Cut|p1b: Lurantis\n|-activate|p1b: Lurantis|move: Protect\n|\n|-weather|RainDance|[upkeep]\n|upkeep\n|turn|8\n|\n|t:|1697683632\n|move|p2b: Rihanna|Protect|p2b: Rihanna\n|-singleturn|p2b: Rihanna|Protect\n|move|p1a: Clefairy|Follow Me|p1a: Clefairy\n|-singleturn|p1a: Clefairy|move: Follow Me\n|move|p2a: Spooky Haircut|Psycho Cut|p1a: Clefairy\n|-damage|p1a: Clefairy|32\/100\n|move|p1b: Lurantis|Leaf Storm|p2a: Spooky Haircut|[miss]\n|-miss|p1b: Lurantis|p2a: Spooky Haircut\n|\n|-weather|none\n|upkeep\n|turn|9\n|\n|t:|1697683645\n|move|p1a: Clefairy|Follow Me|p1a: Clefairy\n|-singleturn|p1a: Clefairy|move: Follow Me\n|move|p2b: Rihanna|Fly||[still]\n|-prepare|p2b: Rihanna|Fly\n|move|p2a: Spooky Haircut|Psycho Cut|p1a: Clefairy\n|-damage|p1a: Clefairy|0 fnt\n|faint|p1a: Clefairy\n|move|p1b: Lurantis|Leaf Storm|p2a: Spooky Haircut\n|-damage|p2a: Spooky Haircut|0 fnt\n|faint|p2a: Spooky Haircut\n|\n|upkeep\n|\n|t:|1697683659\n|switch|p1a: Murkrow|Murkrow, F|78\/100\n|turn|10\n|\n|t:|1697683666\n|move|p1a: Murkrow|Screech|p1b: Lurantis|[miss]\n|-miss|p1a: Murkrow|p1b: Lurantis\n|move|p2b: Rihanna|Fly|p1b: Lurantis|[from]lockedmove\n|-resisted|p1b: Lurantis\n|-crit|p1b: Lurantis\n|-damage|p1b: Lurantis|5\/100\n|move|p1b: Lurantis|Leaf Storm|p2b: Rihanna|[miss]\n|-miss|p1b: Lurantis|p2b: Rihanna\n|\n|upkeep\n|turn|11\n|\n|t:|1697683682\n|move|p2b: Rihanna|Protect|p2b: Rihanna\n|-singleturn|p2b: Rihanna|Protect\n|move|p1a: Murkrow|Thunder Wave|p2b: Rihanna\n|-activate|p2b: Rihanna|move: Protect\n|move|p1b: Lurantis|Leaf Storm|p2b: Rihanna\n|-activate|p2b: Rihanna|move: Protect\n|\n|upkeep\n|turn|12\n|\n|t:|1697683691\n|move|p1a: Murkrow|Thunder Wave|p2b: Rihanna|[miss]\n|-miss|p1a: Murkrow|p2b: Rihanna\n|move|p2b: Rihanna|Fly||[still]\n|-prepare|p2b: Rihanna|Fly\n|move|p1b: Lurantis|Leaf Storm|p2b: Rihanna|[miss]\n|-miss|p1b: Lurantis|p2b: Rihanna\n|\n|upkeep\n|turn|13\n|\n|t:|1697683715\n|switch|p1a: Grimmsnarl|Grimmsnarl, M|26\/100\n|move|p1b: Lurantis|Protect|p1b: Lurantis\n|-singleturn|p1b: Lurantis|Protect\n|move|p2b: Rihanna|Fly|p1b: Lurantis|[from]lockedmove\n|-activate|p1b: Lurantis|move: Protect\n|\n|-heal|p1a: Grimmsnarl|32\/100|[from] item: Leftovers\n|upkeep\n|turn|14\n|\n|t:|1697683732\n|move|p2b: Rihanna|Protect|p2b: Rihanna\n|-singleturn|p2b: Rihanna|Protect\n|move|p1a: Grimmsnarl|Fake Tears|p2b: Rihanna\n|-activate|p2b: Rihanna|move: Protect\n|move|p1b: Lurantis|Pollen Puff|p2b: Rihanna\n|-activate|p2b: Rihanna|move: Protect\n|\n|-heal|p1a: Grimmsnarl|38\/100|[from] item: Leftovers\n|upkeep\n|turn|15\n|\n|t:|1697683743\n|move|p1a: Grimmsnarl|Scary Face|p1b: Lurantis\n|-boost|p1b: Lurantis|spe|2\n|move|p2b: Rihanna|Fly||[still]\n|-prepare|p2b: Rihanna|Fly\n|move|p1b: Lurantis|Pollen Puff|p2b: Rihanna|[miss]\n|-miss|p1b: Lurantis|p2b: Rihanna\n|\n|-heal|p1a: Grimmsnarl|44\/100|[from] item: Leftovers\n|upkeep\n|turn|16\n|\n|t:|1697683753\n|move|p1b: Lurantis|Protect|p1b: Lurantis\n|-singleturn|p1b: Lurantis|Protect\n|move|p2b: Rihanna|Fly|p1a: Grimmsnarl|[from]lockedmove\n|-damage|p1a: Grimmsnarl|0 fnt\n|faint|p1a: Grimmsnarl\n|\n|upkeep\n|\n|t:|1697683760\n|switch|p1a: Murkrow|Murkrow, F|78\/100\n|turn|17\n|\n|t:|1697683770\n|move|p2b: Rihanna|Protect|p2b: Rihanna\n|-singleturn|p2b: Rihanna|Protect\n|move|p1a: Murkrow|Thunder Wave|p2b: Rihanna\n|-activate|p2b: Rihanna|move: Protect\n|move|p1b: Lurantis|Pollen Puff|p2b: Rihanna\n|-activate|p2b: Rihanna|move: Protect\n|\n|upkeep\n|turn|18\n|\n|t:|1697683781\n|move|p1a: Murkrow|Thunder Wave|p2b: Rihanna\n|-status|p2b: Rihanna|par\n|move|p1b: Lurantis|Pollen Puff|p2b: Rihanna\n|-resisted|p2b: Rihanna\n|-damage|p2b: Rihanna|75\/100 par\n|move|p2b: Rihanna|Fly||[still]\n|-prepare|p2b: Rihanna|Fly\n|\n|upkeep\n|turn|19\n|\n|t:|1697683797\n|move|p1b: Lurantis|Protect|p1b: Lurantis\n|-singleturn|p1b: Lurantis|Protect\n|move|p1a: Murkrow|Foul Play|p2b: Rihanna|[miss]\n|-miss|p1a: Murkrow|p2b: Rihanna\n|cant|p2b: Rihanna|par\n|\n|upkeep\n|turn|20\n|\n|t:|1697683811\n|move|p2b: Rihanna|Protect|p2b: Rihanna\n|-singleturn|p2b: Rihanna|Protect\n|move|p1a: Murkrow|Taunt|p2b: Rihanna\n|-activate|p2b: Rihanna|move: Protect\n|move|p1b: Lurantis|Pollen Puff|p2b: Rihanna\n|-activate|p2b: Rihanna|move: Protect\n|\n|upkeep\n|turn|21\n|\n|t:|1697683821\n|move|p1a: Murkrow|Taunt|p2b: Rihanna\n|-start|p2b: Rihanna|move: Taunt\n|move|p1b: Lurantis|Pollen Puff|p2b: Rihanna\n|-resisted|p2b: Rihanna\n|-damage|p2b: Rihanna|53\/100 par\n|move|p2b: Rihanna|Fly||[still]\n|-prepare|p2b: Rihanna|Fly\n|\n|upkeep\n|turn|22\n|\n|t:|1697683835\n|move|p1b: Lurantis|Protect|p1b: Lurantis\n|-singleturn|p1b: Lurantis|Protect\n|move|p1a: Murkrow|Foul Play|p2b: Rihanna|[miss]\n|-miss|p1a: Murkrow|p2b: Rihanna\n|cant|p2b: Rihanna|par\n|\n|upkeep\n|turn|23\n|\n|t:|1697683851\n|move|p1b: Lurantis|Pollen Puff|p2b: Rihanna\n|-resisted|p2b: Rihanna\n|-damage|p2b: Rihanna|30\/100 par\n|move|p1a: Murkrow|Foul Play|p2b: Rihanna\n|-resisted|p2b: Rihanna\n|-damage|p2b: Rihanna|4\/100 par\n|move|p2b: Rihanna|Low Sweep|p1b: Lurantis\n|-supereffective|p1b: Lurantis\n|-damage|p1b: Lurantis|0 fnt\n|faint|p1b: Lurantis\n|\n|-end|p2b: Rihanna|move: Taunt\n|upkeep\n|turn|24\n|\n|t:|1697683863\n|cant|p2b: Rihanna|par\n|move|p1a: Murkrow|Foul Play|p2b: Rihanna\n|-resisted|p2b: Rihanna\n|-damage|p2b: Rihanna|0 fnt\n|faint|p2b: Rihanna\n|\n|win|SXD2002\n|raw|SXD2002's rating: 1050 &rarr; <strong>1081<\/strong><br \/>(+31 for winning)\n|raw|ourmommawomma's rating: 1035 &rarr; <strong>1020<\/strong><br \/>(-15 for losing)\n|c|\u2606SXD2002|gg\n","uploadtime":1697683871,"views":11,"p1id":"sxd2002","p2id":"ourmommawomma","formatid":"gen9doublesou","rating":1020,"private":0,"password":""}