{"id":"gen9doublesou-1982043459","p1":"Messy fighter","p2":"H4LFBLOOD","format":"[Gen 9] Doubles OU","log":"|j|\u2606Messy fighter\n|j|\u2606H4LFBLOOD\n|t:|1698962301\n|gametype|doubles\n|player|p1|Messy fighter|swimmer-gen4dp|1329\n|player|p2|H4LFBLOOD|n|1404\n|teamsize|p1|6\n|teamsize|p2|6\n|gen|9\n|tier|[Gen 9] Doubles OU\n|rated|\n|rule|Species Clause: Limit one of each Pok\u00e9mon\n|rule|OHKO Clause: OHKO moves are banned\n|rule|Evasion Moves Clause: Evasion moves are banned\n|rule|Gravity Sleep Clause: The combination of sleep-inducing moves with imperfect accuracy and Gravity or Gigantamax Orbeetle are banned\n|rule|Endless Battle Clause: Forcing endless battles is banned\n|rule|HP Percentage Mod: HP is shown in percentages\n|clearpoke\n|poke|p1|Basculegion-F, F|\n|poke|p1|Iron Hands|\n|poke|p1|Cresselia, F|\n|poke|p1|Ursaluna-Bloodmoon, M|\n|poke|p1|Roaring Moon|\n|poke|p1|Farigiraf, M|\n|poke|p2|Lilligant-Hisui, F|\n|poke|p2|Torkoal, M|\n|poke|p2|Flutter Mane|\n|poke|p2|Chien-Pao|\n|poke|p2|Dragonite, F|\n|poke|p2|Ribombee, F|\n|teampreview\n|\n|t:|1698962313\n|start\n|switch|p1a: Ursaluna|Ursaluna-Bloodmoon, M|100\/100\n|switch|p1b: Cresselia|Cresselia, F|100\/100\n|switch|p2a: Ribombee|Ribombee, F|100\/100\n|switch|p2b: Dragonite|Dragonite, F|100\/100\n|turn|1\n|\n|t:|1698962328\n|-terastallize|p2b: Dragonite|Normal\n|move|p2b: Dragonite|Extreme Speed|p1a: Ursaluna\n|-damage|p1a: Ursaluna|56\/100\n|move|p2a: Ribombee|Sticky Web|p1b: Cresselia\n|-sidestart|p1: Messy fighter|move: Sticky Web\n|move|p1a: Ursaluna|Calm Mind|p1a: Ursaluna\n|-boost|p1a: Ursaluna|spa|1\n|-boost|p1a: Ursaluna|spd|1\n|move|p1b: Cresselia|Trick Room|p1b: Cresselia\n|-fieldstart|move: Trick Room|[of] p1b: Cresselia\n|\n|upkeep\n|turn|2\n|\n|t:|1698962340\n|move|p2b: Dragonite|Extreme Speed|p1a: Ursaluna\n|-damage|p1a: Ursaluna|8\/100\n|move|p1a: Ursaluna|Blood Moon|p2b: Dragonite\n|-damage|p2b: Dragonite|0 fnt\n|faint|p2b: Dragonite\n|move|p1b: Cresselia|Lunar Blessing|p1b: Cresselia|[spread] p1a,p1b\n|-heal|p1a: Ursaluna|33\/100\n|move|p2a: Ribombee|Pollen Puff|p1a: Ursaluna\n|-damage|p1a: Ursaluna|9\/100\n|\n|upkeep\n|\n|t:|1698962351\n|switch|p2b: Torkoal|Torkoal, M|100\/100\n|-weather|SunnyDay|[from] ability: Drought|[of] p2b: Torkoal\n|turn|3\n|\n|t:|1698962371\n|move|p1b: Cresselia|Helping Hand|p1a: Ursaluna\n|-singleturn|p1a: Ursaluna|Helping Hand|[of] p1b: Cresselia\n|move|p1a: Ursaluna|Vacuum Wave|p2b: Torkoal\n|-damage|p2b: Torkoal|50\/100\n|move|p2b: Torkoal|Eruption|p1a: Ursaluna|[spread] p1a,p1b\n|-damage|p1a: Ursaluna|0 fnt\n|-damage|p1b: Cresselia|78\/100\n|faint|p1a: Ursaluna\n|move|p2a: Ribombee|Pollen Puff|p1b: Cresselia\n|-supereffective|p1b: Cresselia\n|-damage|p1b: Cresselia|50\/100\n|\n|-weather|SunnyDay|[upkeep]\n|upkeep\n|\n|t:|1698962385\n|switch|p1a: Iron Hands|Iron Hands|100\/100\n|-activate|p1a: Iron Hands|move: Sticky Web\n|-unboost|p1a: Iron Hands|spe|1\n|-enditem|p1a: Iron Hands|Booster Energy\n|-activate|p1a: Iron Hands|ability: Quark Drive|[fromitem]\n|-start|p1a: Iron Hands|quarkdriveatk\n|turn|4\n|\n|t:|1698962398\n|move|p2b: Torkoal|Earth Power|p1a: Iron Hands\n|-supereffective|p1a: Iron Hands\n|-damage|p1a: Iron Hands|51\/100\n|move|p1a: Iron Hands|Drain Punch|p2b: Torkoal\n|-damage|p2b: Torkoal|10\/100\n|-heal|p1a: Iron Hands|65\/100|[from] drain|[of] p2b: Torkoal\n|move|p1b: Cresselia|Lunar Blessing|p1b: Cresselia|[spread] p1a,p1b\n|-heal|p1a: Iron Hands|90\/100\n|-heal|p1b: Cresselia|75\/100\n|move|p2a: Ribombee|Pollen Puff|p1b: Cresselia\n|-supereffective|p1b: Cresselia\n|-damage|p1b: Cresselia|48\/100\n|\n|-weather|SunnyDay|[upkeep]\n|upkeep\n|turn|5\n|\n|t:|1698962421\n|move|p2b: Torkoal|Heat Wave|p1b: Cresselia|[spread] p1a,p1b\n|-damage|p1a: Iron Hands|43\/100\n|-damage|p1b: Cresselia|21\/100\n|move|p1a: Iron Hands|Thunder Punch|p2a: Ribombee\n|-damage|p2a: Ribombee|12\/100\n|move|p1b: Cresselia|Moonblast|p2b: Torkoal\n|-resisted|p2b: Torkoal\n|-damage|p2b: Torkoal|0 fnt\n|faint|p2b: Torkoal\n|move|p2a: Ribombee|Pollen Puff|p1b: Cresselia\n|-supereffective|p1b: Cresselia\n|-damage|p1b: Cresselia|0 fnt\n|faint|p1b: Cresselia\n|\n|-weather|SunnyDay|[upkeep]\n|-fieldend|move: Trick Room\n|upkeep\n|\n|t:|1698962433\n|switch|p1b: Roaring Moon|Roaring Moon|100\/100\n|switch|p2b: Chien-Pao|Chien-Pao|100\/100\n|-activate|p1b: Roaring Moon|move: Sticky Web\n|-unboost|p1b: Roaring Moon|spe|1\n|-activate|p1b: Roaring Moon|ability: Protosynthesis\n|-start|p1b: Roaring Moon|protosynthesisatk\n|-ability|p2b: Chien-Pao|Sword of Ruin\n|turn|6\n|\n|t:|1698962442\n|move|p2b: Chien-Pao|Ice Spinner|p1b: Roaring Moon\n|-supereffective|p1b: Roaring Moon\n|-damage|p1b: Roaring Moon|0 fnt\n|faint|p1b: Roaring Moon\n|-end|p1b: Roaring Moon|Protosynthesis|[silent]\n|move|p2a: Ribombee|Pollen Puff|p1a: Iron Hands\n|-resisted|p1a: Iron Hands\n|-damage|p1a: Iron Hands|30\/100\n|move|p1a: Iron Hands|Drain Punch|p2b: Chien-Pao\n|-supereffective|p2b: Chien-Pao\n|-enditem|p2b: Chien-Pao|Focus Sash\n|-damage|p2b: Chien-Pao|1\/100\n|-heal|p1a: Iron Hands|60\/100|[from] drain|[of] p2b: Chien-Pao\n|\n|-weather|SunnyDay|[upkeep]\n|upkeep\n|\n|t:|1698962457\n|switch|p1b: Farigiraf|Farigiraf, M|100\/100\n|-activate|p1b: Farigiraf|move: Sticky Web\n|-unboost|p1b: Farigiraf|spe|1\n|turn|7\n|\n|t:|1698962468\n|move|p2b: Chien-Pao|Protect|p2b: Chien-Pao\n|-singleturn|p2b: Chien-Pao|Protect\n|move|p2a: Ribombee|Pollen Puff|p1b: Farigiraf\n|-supereffective|p1b: Farigiraf\n|-damage|p1b: Farigiraf|57\/100\n|move|p1a: Iron Hands|Thunder Punch|p2b: Chien-Pao\n|-activate|p2b: Chien-Pao|move: Protect\n|move|p1b: Farigiraf|Trick Room|p1b: Farigiraf\n|-fieldstart|move: Trick Room|[of] p1b: Farigiraf\n|\n|-weather|none\n|-heal|p1b: Farigiraf|63\/100|[from] item: Leftovers\n|upkeep\n|turn|8\n|\n|t:|1698962501\n|switch|p2b: Flutter Mane|Flutter Mane|100\/100\n|move|p1a: Iron Hands|Drain Punch|p2b: Flutter Mane\n|-immune|p2b: Flutter Mane\n|move|p1b: Farigiraf|Twin Beam|p2a: Ribombee\n|-damage|p2a: Ribombee|0 fnt\n|faint|p2a: Ribombee\n|-hitcount|p2: Ribombee|1\n|\n|-heal|p1b: Farigiraf|69\/100|[from] item: Leftovers\n|upkeep\n|\n|t:|1698962514\n|switch|p2a: Lilligant|Lilligant-Hisui, F|100\/100\n|turn|9\n|\n|t:|1698962523\n|move|p1b: Farigiraf|Ally Switch|p1b: Farigiraf\n|swap|p1b: Farigiraf|0|[from] move: Ally Switch\n|move|p1b: Iron Hands|Ice Punch|p2a: Lilligant\n|-supereffective|p2a: Lilligant\n|-enditem|p2a: Lilligant|Focus Sash\n|-damage|p2a: Lilligant|1\/100\n|move|p2b: Flutter Mane|Dazzling Gleam|p1b: Iron Hands|[spread] p1a,p1b\n|-supereffective|p1b: Iron Hands\n|-damage|p1a: Farigiraf|39\/100\n|-damage|p1b: Iron Hands|0 fnt\n|faint|p1b: Iron Hands\n|-end|p1b: Iron Hands|Quark Drive|[silent]\n|move|p2a: Lilligant|Close Combat|p1a: Farigiraf\n|-damage|p1a: Farigiraf|0 fnt\n|-unboost|p2a: Lilligant|def|1\n|-unboost|p2a: Lilligant|spd|1\n|faint|p1a: Farigiraf\n|\n|upkeep\n|\n|t:|1698962532\n|switch|p1b: Basculegion|Basculegion-F, F|100\/100\n|-activate|p1b: Basculegion|move: Sticky Web\n|-unboost|p1b: Basculegion|spe|1\n|turn|10\n|\n|t:|1698962541\n|move|p1b: Basculegion|Last Respects|p2b: Flutter Mane\n|-supereffective|p2b: Flutter Mane\n|-damage|p2b: Flutter Mane|0 fnt\n|faint|p2b: Flutter Mane\n|-end|p2b: Flutter Mane|Protosynthesis|[silent]\n|move|p2a: Lilligant|Solar Blade||[still]\n|-prepare|p2a: Lilligant|Solar Blade\n|\n|upkeep\n|\n|t:|1698962544\n|switch|p2b: Chien-Pao|Chien-Pao|1\/100\n|-ability|p2b: Chien-Pao|Sword of Ruin\n|turn|11\n|c|\u2606Messy fighter|Gg\n|c|\u2606H4LFBLOOD|gg\n|\n|t:|1698962554\n|-terastallize|p1b: Basculegion|Psychic\n|move|p1b: Basculegion|Aqua Jet|p2b: Chien-Pao\n|-damage|p2b: Chien-Pao|0 fnt\n|faint|p2b: Chien-Pao\n|move|p2a: Lilligant|Solar Blade|p1b: Basculegion|[from]lockedmove\n|-damage|p1b: Basculegion|36\/100\n|\n|-fieldend|move: Trick Room\n|upkeep\n|turn|12\n|\n|t:|1698962561\n|move|p1b: Basculegion|Aqua Jet|p2a: Lilligant\n|-resisted|p2a: Lilligant\n|-damage|p2a: Lilligant|0 fnt\n|faint|p2a: Lilligant\n|\n|win|Messy fighter\n|raw|Messy fighter's rating: 1329 &rarr; <strong>1353<\/strong><br \/>(+24 for winning)\n|raw|H4LFBLOOD's rating: 1404 &rarr; <strong>1380<\/strong><br \/>(-24 for losing)\n|l|\u2606H4LFBLOOD\n","uploadtime":1698962572,"views":24,"p1id":"messyfighter","p2id":"h4lfblood","formatid":"gen9doublesou","rating":1353,"private":0,"password":""}