{"id":"gen9doublesou-1986450472","p1":"mikeyuwu","p2":"Skippdabeat","format":"[Gen 9] Doubles OU","log":"|j|\u2606mikeyuwu\n|j|\u2606Skippdabeat\n|t:|1699480368\n|gametype|doubles\n|player|p1|mikeyuwu|psychic-gen4|1302\n|player|p2|Skippdabeat|iris-gen5bw2|1501\n|teamsize|p1|6\n|teamsize|p2|6\n|gen|9\n|tier|[Gen 9] Doubles OU\n|rated|\n|rule|Species Clause: Limit one of each Pok\u00e9mon\n|rule|OHKO Clause: OHKO moves are banned\n|rule|Evasion Moves Clause: Evasion moves are banned\n|rule|Gravity Sleep Clause: The combination of sleep-inducing moves with imperfect accuracy and Gravity or Gigantamax Orbeetle are banned\n|rule|Endless Battle Clause: Forcing endless battles is banned\n|rule|HP Percentage Mod: HP is shown in percentages\n|clearpoke\n|poke|p1|Garchomp, M|\n|poke|p1|Tyranitar, F|\n|poke|p1|Vaporeon, F|\n|poke|p1|Toxicroak, M|\n|poke|p1|Pelipper, F|\n|poke|p1|Abomasnow, M|\n|poke|p2|Hoopa-Unbound|\n|poke|p2|Slowking-Galar, F|\n|poke|p2|Cresselia, F|\n|poke|p2|Heatran, M|\n|poke|p2|Gastrodon-East, M|\n|poke|p2|Kingambit, M|\n|teampreview\n|\n|t:|1699480399\n|start\n|switch|p1a: OTLHPM|Toxicroak, M|100\/100\n|switch|p1b: Harmacy|Vaporeon, F|100\/100\n|switch|p2a: Cresselia|Cresselia, F|100\/100\n|switch|p2b: Hoopa|Hoopa-Unbound|100\/100\n|turn|1\n|\n|t:|1699480415\n|switch|p1a: Extra Spicy|Garchomp, M|100\/100\n|move|p1b: Harmacy|Icy Wind|p2a: Cresselia|[spread] p2a,p2b\n|-damage|p2a: Cresselia|94\/100\n|-damage|p2b: Hoopa|91\/100\n|-unboost|p2a: Cresselia|spe|1\n|-unboost|p2b: Hoopa|spe|1\n|move|p2b: Hoopa|Knock Off|p1a: Extra Spicy\n|-damage|p1a: Extra Spicy|69\/100\n|-damage|p2b: Hoopa|79\/100|[from] ability: Rough Skin|[of] p1a: Extra Spicy\n|-damage|p2b: Hoopa|62\/100|[from] item: Rocky Helmet|[of] p1a: Extra Spicy\n|-enditem|p1a: Extra Spicy|Rocky Helmet|[from] move: Knock Off|[of] p2b: Hoopa\n|move|p2a: Cresselia|Trick Room|p2a: Cresselia\n|-fieldstart|move: Trick Room|[of] p2a: Cresselia\n|\n|upkeep\n|turn|2\n|\n|t:|1699480433\n|move|p2b: Hoopa|Knock Off|p1b: Harmacy\n|-damage|p1b: Harmacy|63\/100\n|-enditem|p1b: Harmacy|Leftovers|[from] move: Knock Off|[of] p2b: Hoopa\n|move|p2a: Cresselia|Moonblast|p1a: Extra Spicy\n|-supereffective|p1a: Extra Spicy\n|-damage|p1a: Extra Spicy|23\/100\n|-unboost|p1a: Extra Spicy|spa|1\n|move|p1b: Harmacy|Copycat|p1b: Harmacy\n|move|p1b: Harmacy|Moonblast|p2a: Cresselia|[from]move: Copycat\n|-damage|p2a: Cresselia|77\/100\n|-unboost|p2a: Cresselia|spa|1\n|move|p1a: Extra Spicy|Poison Jab|p2b: Hoopa\n|-damage|p2b: Hoopa|35\/100\n|\n|upkeep\n|turn|3\n|\n|t:|1699480453\n|switch|p2b: Slowking|Slowking-Galar, F|100\/100\n|switch|p1a: OTLHPM|Toxicroak, M|100\/100\n|move|p2a: Cresselia|Moonblast|p1a: OTLHPM\n|-damage|p1a: OTLHPM|82\/100\n|-unboost|p1a: OTLHPM|spa|1\n|move|p1b: Harmacy|Wish|p1b: Harmacy\n|\n|-heal|p1a: OTLHPM|88\/100|[from] item: Black Sludge\n|upkeep\n|turn|4\n|\n|t:|1699480466\n|switch|p2a: Gastrodon|Gastrodon-East, M|100\/100\n|switch|p1b: Extra Spicy|Garchomp, M|23\/100\n|switch|p1a: ThcrThnSnkr|Tyranitar, F|100\/100\n|-weather|Sandstorm|[from] ability: Sand Stream|[of] p1a: ThcrThnSnkr\n|move|p2b: Slowking|Surf|p1a: ThcrThnSnkr|[spread] p1a,p1b\n|-ability|p2a: Gastrodon|Storm Drain|boost\n|-boost|p2a: Gastrodon|spa|1\n|-supereffective|p1a: ThcrThnSnkr\n|-damage|p1a: ThcrThnSnkr|91\/100\n|-damage|p1b: Extra Spicy|9\/100\n|\n|-weather|Sandstorm|[upkeep]\n|-damage|p2b: Slowking|94\/100|[from] Sandstorm\n|-heal|p1b: Extra Spicy|64\/100|[from] move: Wish|[wisher] Harmacy\n|upkeep\n|turn|5\n|\n|t:|1699480487\n|switch|p1b: Cold Shoulder|Abomasnow, M, shiny|100\/100\n|-weather|Snow|[from] ability: Snow Warning|[of] p1b: Cold Shoulder\n|move|p2a: Gastrodon|Surf|p1b: Cold Shoulder|[spread] p2b,p1a,p1b\n|-supereffective|p1a: ThcrThnSnkr\n|-resisted|p1b: Cold Shoulder\n|-damage|p2b: Slowking|61\/100\n|-damage|p1a: ThcrThnSnkr|56\/100\n|-damage|p1b: Cold Shoulder|79\/100\n|move|p2b: Slowking|Surf|p1b: Cold Shoulder|[spread] p1a,p1b\n|-ability|p2a: Gastrodon|Storm Drain|boost\n|-boost|p2a: Gastrodon|spa|1\n|-supereffective|p1a: ThcrThnSnkr\n|-resisted|p1b: Cold Shoulder\n|-damage|p1a: ThcrThnSnkr|42\/100\n|-damage|p1b: Cold Shoulder|70\/100\n|move|p1a: ThcrThnSnkr|Knock Off|p2b: Slowking\n|-supereffective|p2b: Slowking\n|-damage|p2b: Slowking|0 fnt\n|-enditem|p2b: Slowking|Mental Herb|[from] move: Knock Off|[of] p1a: ThcrThnSnkr\n|faint|p2b: Slowking\n|\n|-weather|Snow|[upkeep]\n|-fieldend|move: Trick Room\n|upkeep\n|\n|t:|1699480501\n|switch|p2b: Cresselia|Cresselia, F|77\/100\n|turn|6\n|\n|t:|1699480512\n|-terastallize|p2a: Gastrodon|Fire\n|move|p1b: Cold Shoulder|Giga Drain|p2a: Gastrodon\n|-resisted|p2a: Gastrodon\n|-damage|p2a: Gastrodon|87\/100\n|-heal|p1b: Cold Shoulder|77\/100|[from] drain|[of] p2a: Gastrodon\n|move|p1a: ThcrThnSnkr|Knock Off|p2b: Cresselia\n|-supereffective|p2b: Cresselia\n|-damage|p2b: Cresselia|16\/100\n|-enditem|p2b: Cresselia|Safety Goggles|[from] move: Knock Off|[of] p1a: ThcrThnSnkr\n|move|p2a: Gastrodon|Earth Power|p1b: Cold Shoulder\n|-resisted|p1b: Cold Shoulder\n|-damage|p1b: Cold Shoulder|33\/100\n|move|p2b: Cresselia|Trick Room|p2b: Cresselia\n|-fieldstart|move: Trick Room|[of] p2b: Cresselia\n|\n|-weather|Snow|[upkeep]\n|-heal|p2a: Gastrodon|93\/100|[from] item: Leftovers\n|upkeep\n|turn|7\n|\n|t:|1699480538\n|switch|p1a: Weather War|Pelipper, F|100\/100\n|-weather|RainDance|[from] ability: Drizzle|[of] p1a: Weather War\n|switch|p1b: Harmacy|Vaporeon, F|63\/100\n|move|p2a: Gastrodon|Surf|p1b: Harmacy|[spread] p2b,p1a,p1b\n|-resisted|p1a: Weather War\n|-resisted|p1b: Harmacy\n|-damage|p2b: Cresselia|0 fnt\n|-damage|p1a: Weather War|47\/100\n|-damage|p1b: Harmacy|34\/100\n|faint|p2b: Cresselia\n|\n|-weather|RainDance|[upkeep]\n|-heal|p2a: Gastrodon|99\/100|[from] item: Leftovers\n|upkeep\n|\n|t:|1699480550\n|switch|p2b: Hoopa|Hoopa-Unbound|35\/100\n|turn|8\n|\n|t:|1699480559\n|switch|p1a: ThcrThnSnkr|Tyranitar, F|42\/100\n|-weather|Sandstorm|[from] ability: Sand Stream|[of] p1a: ThcrThnSnkr\n|move|p2a: Gastrodon|Earth Power|p1b: Harmacy\n|-damage|p1b: Harmacy|0 fnt\n|faint|p1b: Harmacy\n|move|p2b: Hoopa|Knock Off|p1a: ThcrThnSnkr\n|-resisted|p1a: ThcrThnSnkr\n|-damage|p1a: ThcrThnSnkr|14\/100\n|-enditem|p1a: ThcrThnSnkr|Assault Vest|[from] move: Knock Off|[of] p2b: Hoopa\n|\n|-weather|Sandstorm|[upkeep]\n|-damage|p2a: Gastrodon|93\/100|[from] Sandstorm\n|-damage|p2b: Hoopa|29\/100|[from] Sandstorm\n|-heal|p2a: Gastrodon|99\/100|[from] item: Leftovers\n|upkeep\n|\n|t:|1699480572\n|switch|p1b: OTLHPM|Toxicroak, M|88\/100\n|turn|9\n|\n|t:|1699480582\n|-terastallize|p1b: OTLHPM|Dark\n|move|p2a: Gastrodon|Earth Power|p1b: OTLHPM\n|-damage|p1b: OTLHPM|5\/100\n|move|p2b: Hoopa|Knock Off|p1a: ThcrThnSnkr\n|-resisted|p1a: ThcrThnSnkr\n|-damage|p1a: ThcrThnSnkr|0 fnt\n|faint|p1a: ThcrThnSnkr\n|move|p1b: OTLHPM|Drain Punch|p2a: Gastrodon\n|-damage|p2a: Gastrodon|63\/100\n|-heal|p1b: OTLHPM|24\/100|[from] drain|[of] p2a: Gastrodon\n|\n|-weather|Sandstorm|[upkeep]\n|-damage|p2a: Gastrodon|57\/100|[from] Sandstorm\n|-damage|p2b: Hoopa|23\/100|[from] Sandstorm\n|-damage|p1b: OTLHPM|18\/100|[from] Sandstorm\n|-heal|p2a: Gastrodon|63\/100|[from] item: Leftovers\n|-damage|p1b: OTLHPM|5\/100|[from] item: Black Sludge\n|upkeep\n|\n|t:|1699480596\n|switch|p1a: Extra Spicy|Garchomp, M|64\/100\n|turn|10\n|\n|t:|1699480611\n|switch|p2b: Kingambit|Kingambit, M|100\/100\n|move|p2a: Gastrodon|Surf|p1a: Extra Spicy|[spread] p2b,p1a\n|-heal|p1b: OTLHPM|30\/100|[from] ability: Dry Skin|[of] p2a: Gastrodon\n|-damage|p2b: Kingambit|57\/100\n|-damage|p1a: Extra Spicy|16\/100\n|move|p1b: OTLHPM|Earthquake|p2b: Kingambit|[spread] p1a,p2a,p2b\n|-supereffective|p2a: Gastrodon\n|-supereffective|p2b: Kingambit\n|-damage|p1a: Extra Spicy|1\/100\n|-damage|p2a: Gastrodon|12\/100\n|-damage|p2b: Kingambit|20\/100\n|-enditem|p2b: Kingambit|Aguav Berry|[eat]\n|-heal|p2b: Kingambit|53\/100|[from] item: Aguav Berry\n|move|p1a: Extra Spicy|Earthquake|p2b: Kingambit|[spread] p1b,p2a,p2b\n|-supereffective|p2a: Gastrodon\n|-supereffective|p2b: Kingambit\n|-damage|p1b: OTLHPM|0 fnt\n|-damage|p2a: Gastrodon|0 fnt\n|-damage|p2b: Kingambit|6\/100\n|faint|p1b: OTLHPM\n|faint|p2a: Gastrodon\n|\n|-weather|Sandstorm|[upkeep]\n|-fieldend|move: Trick Room\n|upkeep\n|\n|t:|1699480632\n|switch|p1b: Cold Shoulder|Abomasnow, M, shiny|33\/100\n|switch|p2a: Hoopa|Hoopa-Unbound|23\/100\n|-weather|Snow|[from] ability: Snow Warning|[of] p1b: Cold Shoulder\n|turn|11\n|\n|t:|1699480645\n|move|p2b: Kingambit|Sucker Punch|p1a: Extra Spicy\n|-crit|p1a: Extra Spicy\n|-damage|p1a: Extra Spicy|0 fnt\n|-damage|p2b: Kingambit|0 fnt|[from] ability: Rough Skin|[of] p1a: Extra Spicy\n|faint|p1a: Extra Spicy\n|faint|p2b: Kingambit\n|move|p1b: Cold Shoulder|Blizzard|p2a: Hoopa\n|-damage|p2a: Hoopa|0 fnt\n|faint|p2a: Hoopa\n|\n|-weather|Snow|[upkeep]\n|upkeep\n|\n|t:|1699480654\n|switch|p1a: Weather War|Pelipper, F|47\/100\n|switch|p2b: Heatran|Heatran, M|100\/100\n|-weather|RainDance|[from] ability: Drizzle|[of] p1a: Weather War\n|turn|12\n|\n|t:|1699480662\n|move|p2b: Heatran|Protect|p2b: Heatran\n|-singleturn|p2b: Heatran|Protect\n|move|p1a: Weather War|Chilling Water|p2b: Heatran\n|-activate|p2b: Heatran|move: Protect\n|move|p1b: Cold Shoulder|Weather Ball|p2b: Heatran\n|-activate|p2b: Heatran|move: Protect\n|\n|-weather|RainDance|[upkeep]\n|upkeep\n|turn|13\n|c|\u2606mikeyuwu|Ggs\n|\n|t:|1699480670\n|move|p1a: Weather War|Chilling Water|p2b: Heatran\n|-supereffective|p2b: Heatran\n|-damage|p2b: Heatran|57\/100\n|-unboost|p2b: Heatran|atk|1\n|move|p1b: Cold Shoulder|Weather Ball|p2b: Heatran\n|-supereffective|p2b: Heatran\n|-damage|p2b: Heatran|0 fnt\n|faint|p2b: Heatran\n|\n|win|mikeyuwu\n|raw|mikeyuwu's rating: 1302 &rarr; <strong>1332<\/strong><br \/>(+30 for winning)\n|raw|Skippdabeat's rating: 1501 &rarr; <strong>1471<\/strong><br \/>(-30 for losing)\n|c|\u2606Skippdabeat|gg\n|l|\u2606Skippdabeat\n","uploadtime":1699480684,"views":16,"p1id":"mikeyuwu","p2id":"skippdabeat","formatid":"gen9doublesou","rating":1332,"private":0,"password":""}