{"id":"gen9doublesou-1968690389","p1":"Ositoguapo15","p2":"Bambusbus","format":"[Gen 9] Doubles OU","log":"|j|\u2606Ositoguapo15\n|j|\u2606Bambusbus\n|t:|1697454031\n|gametype|doubles\n|player|p1|Ositoguapo15|acetrainer-gen4dp|1199\n|player|p2|Bambusbus|shadowtriad|1101\n|teamsize|p1|6\n|teamsize|p2|6\n|gen|9\n|tier|[Gen 9] Doubles OU\n|rated|\n|rule|Species Clause: Limit one of each Pok\u00e9mon\n|rule|OHKO Clause: OHKO moves are banned\n|rule|Evasion Moves Clause: Evasion moves are banned\n|rule|Gravity Sleep Clause: The combination of sleep-inducing moves with imperfect accuracy and Gravity or Gigantamax Orbeetle are banned\n|rule|Endless Battle Clause: Forcing endless battles is banned\n|rule|HP Percentage Mod: HP is shown in percentages\n|clearpoke\n|poke|p1|Basculegion-F, F|\n|poke|p1|Landorus-Therian, M|\n|poke|p1|Chien-Pao|\n|poke|p1|Corviknight, F|\n|poke|p1|Walking Wake|\n|poke|p1|Cresselia, F|\n|poke|p2|Chien-Pao|\n|poke|p2|Flutter Mane|\n|poke|p2|Landorus-Therian, M|\n|poke|p2|Sinistcha-Masterpiece|\n|poke|p2|Torkoal, F|\n|poke|p2|Murkrow, F|\n|teampreview\n|inactive|Battle timer is ON: inactive players will automatically lose when time's up. (requested by Bambusbus)\n|\n|t:|1697454040\n|start\n|switch|p1a: Corviknight|Corviknight, F|100\/100\n|switch|p1b: Cressant|Cresselia, F|100\/100\n|switch|p2a: Murkrow|Murkrow, F|100\/100\n|switch|p2b: Torkoal|Torkoal, F|100\/100\n|-weather|SunnyDay|[from] ability: Drought|[of] p2b: Torkoal\n|turn|1\n|\n|t:|1697454061\n|move|p2a: Murkrow|Tailwind|p2a: Murkrow\n|-sidestart|p2: Bambusbus|move: Tailwind\n|move|p1b: Cressant|Moonblast|p2a: Murkrow\n|-supereffective|p2a: Murkrow\n|-damage|p2a: Murkrow|41\/100\n|move|p1a: Corviknight|Rain Dance|p1a: Corviknight\n|-weather|RainDance\n|move|p2b: Torkoal|Ancient Power|p1a: Corviknight\n|-damage|p1a: Corviknight|84\/100\n|\n|-weather|RainDance|[upkeep]\n|-heal|p1a: Corviknight|90\/100|[from] item: Leftovers\n|upkeep\n|turn|2\n|\n|t:|1697454083\n|move|p2a: Murkrow|Perish Song|p2a: Murkrow\n|-start|p1a: Corviknight|perish3|[silent]\n|-start|p1b: Cressant|perish3|[silent]\n|-start|p2a: Murkrow|perish3|[silent]\n|-start|p2b: Torkoal|perish3|[silent]\n|-fieldactivate|move: Perish Song\n|move|p1b: Cressant|Stored Power|p2b: Torkoal\n|-damage|p2b: Torkoal|93\/100\n|move|p1a: Corviknight|U-turn|p1b: Cressant\n|-supereffective|p1b: Cressant\n|-damage|p1b: Cressant|71\/100\n|-enditem|p1b: Cressant|Weakness Policy\n|-boost|p1b: Cressant|atk|2|[from] item: Weakness Policy\n|-boost|p1b: Cressant|spa|2|[from] item: Weakness Policy\n|inactive|Ositoguapo15 has 120 seconds left.\n|c|\u2606Ositoguapo15|Omg lol\n|\n|t:|1697454105\n|switch|p1a: Basculegion|Basculegion-F, F|100\/100|[from] U-turn\n|move|p2b: Torkoal|Ancient Power|p1a: Basculegion\n|-damage|p1a: Basculegion|90\/100\n|-boost|p2b: Torkoal|atk|1\n|-boost|p2b: Torkoal|def|1\n|-boost|p2b: Torkoal|spa|1\n|-boost|p2b: Torkoal|spd|1\n|-boost|p2b: Torkoal|spe|1\n|\n|-weather|RainDance|[upkeep]\n|-start|p2a: Murkrow|perish3\n|-start|p2b: Torkoal|perish3\n|-start|p1b: Cressant|perish3\n|upkeep\n|turn|3\n|inactive|Ositoguapo15 has 120 seconds left.\n|inactive|Ositoguapo15 has 90 seconds left.\n|\n|t:|1697454160\n|move|p2a: Murkrow|Brave Bird|p1b: Cressant\n|-damage|p1b: Cressant|44\/100\n|-damage|p2a: Murkrow|29\/100|[from] Recoil\n|move|p1a: Basculegion|Wave Crash|p2a: Murkrow\n|-damage|p2a: Murkrow|0 fnt\n|faint|p2a: Murkrow\n|-damage|p1a: Basculegion|83\/100|[from] Recoil\n|move|p2b: Torkoal|Eruption|p1b: Cressant|[spread] p1a,p1b\n|-resisted|p1a: Basculegion\n|-damage|p1a: Basculegion|72\/100\n|-damage|p1b: Cressant|20\/100\n|move|p1b: Cressant|Stored Power|p2b: Torkoal\n|-damage|p2b: Torkoal|42\/100\n|\n|-weather|RainDance|[upkeep]\n|-start|p2b: Torkoal|perish2\n|-start|p1b: Cressant|perish2\n|upkeep\n|inactive|Bambusbus has 120 seconds left.\n|\n|t:|1697454182\n|switch|p2a: Flutter Mane|Flutter Mane|100\/100\n|turn|4\n|\n|t:|1697454202\n|switch|p2b: Sinistcha|Sinistcha-Masterpiece|100\/100\n|switch|p1b: Corviknight|Corviknight, F|90\/100\n|move|p2a: Flutter Mane|Thunderbolt|p1a: Basculegion\n|-supereffective|p1a: Basculegion\n|-damage|p1a: Basculegion|13\/100\n|move|p1a: Basculegion|Wave Crash|p2a: Flutter Mane\n|-damage|p2a: Flutter Mane|0 fnt\n|faint|p2a: Flutter Mane\n|-end|p2a: Flutter Mane|Protosynthesis|[silent]\n|-damage|p1a: Basculegion|0 fnt|[from] Recoil\n|faint|p1a: Basculegion\n|\n|-weather|RainDance|[upkeep]\n|-heal|p1b: Corviknight|96\/100|[from] item: Leftovers\n|-sideend|p2: Bambusbus|move: Tailwind\n|upkeep\n|inactive|Ositoguapo15 has 120 seconds left.\n|\n|t:|1697454227\n|switch|p2a: Torkoal|Torkoal, F|42\/100\n|switch|p1a: Chien-Pao|Chien-Pao|100\/100\n|-ability|p1a: Chien-Pao|Sword of Ruin\n|-weather|SunnyDay|[from] ability: Drought|[of] p2a: Torkoal\n|turn|5\n|inactive|Ositoguapo15 has 120 seconds left.\n|\n|t:|1697454242\n|move|p1a: Chien-Pao|Protect|p1a: Chien-Pao\n|-singleturn|p1a: Chien-Pao|Protect\n|move|p2b: Sinistcha|Matcha Gotcha|p1a: Chien-Pao|[spread] p1b\n|-activate|p1a: Chien-Pao|move: Protect\n|-resisted|p1b: Corviknight\n|-damage|p1b: Corviknight|89\/100\n|move|p1b: Corviknight|Rain Dance|p1b: Corviknight\n|-weather|RainDance\n|move|p2a: Torkoal|Heat Wave|p1a: Chien-Pao|[spread] p1b\n|-activate|p1a: Chien-Pao|move: Protect\n|-supereffective|p1b: Corviknight\n|-damage|p1b: Corviknight|62\/100\n|\n|-weather|RainDance|[upkeep]\n|-heal|p1b: Corviknight|68\/100|[from] item: Leftovers\n|upkeep\n|turn|6\n|inactive|Ositoguapo15 has 120 seconds left.\n|inactive|Bambusbus has 120 seconds left.\n|\n|t:|1697454279\n|switch|p1a: Walking Wake|Walking Wake|100\/100\n|move|p2b: Sinistcha|Matcha Gotcha|p1b: Corviknight|[spread] p1a,p1b\n|-resisted|p1b: Corviknight\n|-crit|p1b: Corviknight\n|-damage|p1a: Walking Wake|73\/100\n|-damage|p1b: Corviknight|59\/100\n|move|p1b: Corviknight|Brave Bird|p2b: Sinistcha\n|-supereffective|p2b: Sinistcha\n|-damage|p2b: Sinistcha|0 fnt\n|faint|p2b: Sinistcha\n|-damage|p1b: Corviknight|34\/100|[from] Recoil\n|move|p2a: Torkoal|Heat Wave|p1a: Walking Wake|[spread] p1a,p1b\n|-resisted|p1a: Walking Wake\n|-supereffective|p1b: Corviknight\n|-damage|p1a: Walking Wake|70\/100\n|-damage|p1b: Corviknight|6\/100\n|\n|-weather|RainDance|[upkeep]\n|-heal|p1b: Corviknight|12\/100|[from] item: Leftovers\n|upkeep\n|\n|t:|1697454297\n|switch|p2b: Chien-Pao|Chien-Pao|100\/100\n|-ability|p2b: Chien-Pao|Sword of Ruin\n|turn|7\n|inactive|Bambusbus has 120 seconds left.\n|\n|t:|1697454314\n|move|p2b: Chien-Pao|Ice Shard|p1b: Corviknight\n|-crit|p1b: Corviknight\n|-damage|p1b: Corviknight|0 fnt\n|faint|p1b: Corviknight\n|move|p1a: Walking Wake|Hydro Steam|p2a: Torkoal\n|-supereffective|p2a: Torkoal\n|-damage|p2a: Torkoal|0 fnt\n|faint|p2a: Torkoal\n|\n|-weather|RainDance|[upkeep]\n|upkeep\n|\n|t:|1697454325\n|switch|p1b: Landorus|Landorus-Therian, M|100\/100\n|switch|p2a: Landorus|Landorus-Therian, M|100\/100\n|-ability|p2a: Landorus|Intimidate|boost\n|-unboost|p1a: Walking Wake|atk|1\n|-unboost|p1b: Landorus|atk|1\n|-ability|p1b: Landorus|Intimidate|boost\n|-unboost|p2a: Landorus|atk|1\n|-unboost|p2b: Chien-Pao|atk|1\n|turn|8\n|inactive|Ositoguapo15 has 120 seconds left.\n|\n|t:|1697454358\n|-terastallize|p1b: Landorus|Water\n|move|p2b: Chien-Pao|Ice Shard|p1b: Landorus\n|-resisted|p1b: Landorus\n|-damage|p1b: Landorus|92\/100\n|move|p2a: Landorus|Earthquake|p1b: Landorus|[spread] p2b,p1a,p1b\n|-damage|p2b: Chien-Pao|64\/100\n|-damage|p1a: Walking Wake|33\/100\n|-damage|p1b: Landorus|57\/100\n|move|p1a: Walking Wake|Hydro Steam|p2a: Landorus\n|-supereffective|p2a: Landorus\n|-damage|p2a: Landorus|0 fnt\n|faint|p2a: Landorus\n|move|p1b: Landorus|Rock Slide|p2b: Chien-Pao\n|-supereffective|p2b: Chien-Pao\n|-damage|p2b: Chien-Pao|8\/100\n|\n|-weather|RainDance|[upkeep]\n|upkeep\n|turn|9\n|-message|Bambusbus forfeited.\n|\n|win|Ositoguapo15\n|raw|Ositoguapo15's rating: 1199 &rarr; <strong>1217<\/strong><br \/>(+18 for winning)\n|raw|Bambusbus's rating: 1101 &rarr; <strong>1083<\/strong><br \/>(-18 for losing)\n|l|\u2606Bambusbus\n|c|\u2606Ositoguapo15|Ggs\n","uploadtime":1697454383,"views":10,"p1id":"ositoguapo15","p2id":"bambusbus","formatid":"gen9doublesou","rating":1083,"private":0,"password":""}