{"id":"gen9doublesou-1972145220","p1":"TheFirstRed4209","p2":"DratiniKing10","format":"[Gen 9] Doubles OU","log":"|j|\u2606TheFirstRed4209\n|j|\u2606DratiniKing10\n|t:|1697816522\n|gametype|doubles\n|player|p1|TheFirstRed4209|red|1233\n|player|p2|DratiniKing10|lucas|1171\n|teamsize|p1|6\n|teamsize|p2|6\n|gen|9\n|tier|[Gen 9] Doubles OU\n|rated|\n|rule|Species Clause: Limit one of each Pok\u00e9mon\n|rule|OHKO Clause: OHKO moves are banned\n|rule|Evasion Moves Clause: Evasion moves are banned\n|rule|Gravity Sleep Clause: The combination of sleep-inducing moves with imperfect accuracy and Gravity or Gigantamax Orbeetle are banned\n|rule|Endless Battle Clause: Forcing endless battles is banned\n|rule|HP Percentage Mod: HP is shown in percentages\n|clearpoke\n|poke|p1|Oricorio-Pom-Pom, F|\n|poke|p1|Volcarona, F|\n|poke|p1|Garchomp, M|\n|poke|p1|Chien-Pao|\n|poke|p1|Amoonguss, M|\n|poke|p1|Azumarill, F|\n|poke|p2|Ting-Lu|\n|poke|p2|Arcanine, M|\n|poke|p2|Kingambit, M|\n|poke|p2|Tornadus, M|\n|poke|p2|Sneasler, M|\n|poke|p2|Ogerpon-Wellspring, F|\n|teampreview\n|inactive|Battle timer is ON: inactive players will automatically lose when time's up. (requested by TheFirstRed4209)\n|\n|t:|1697816535\n|start\n|switch|p1a: Oricorio|Oricorio-Pom-Pom, F, shiny|100\/100\n|switch|p1b: Volcarona|Volcarona, F, shiny|100\/100\n|switch|p2a: Miles|Tornadus, M|100\/100\n|switch|p2b: Tavi|Sneasler, M|100\/100\n|turn|1\n|\n|t:|1697816550\n|move|p2b: Tavi|Fake Out|p1b: Volcarona\n|-damage|p1b: Volcarona|74\/100\n|move|p2a: Miles|Tailwind|p2a: Miles\n|-sidestart|p2: DratiniKing10|move: Tailwind\n|cant|p1b: Volcarona|flinch\n|move|p1a: Oricorio|Tailwind|p1a: Oricorio\n|-sidestart|p1: TheFirstRed4209|move: Tailwind\n|\n|upkeep\n|turn|2\n|j| Riverstone26\n|\n|t:|1697816572\n|move|p2a: Miles|Rain Dance|p2a: Miles\n|-weather|RainDance\n|move|p2b: Tavi|Dire Claw|p1b: Volcarona\n|-damage|p1b: Volcarona|5\/100\n|move|p1b: Volcarona|Quiver Dance|p1b: Volcarona\n|-boost|p1b: Volcarona|spa|1\n|-boost|p1b: Volcarona|spd|1\n|-boost|p1b: Volcarona|spe|1\n|-activate|p1a: Oricorio|ability: Dancer\n|move|p1a: Oricorio|Quiver Dance|p1a: Oricorio|[from]ability: Dancer\n|-boost|p1a: Oricorio|spa|1\n|-boost|p1a: Oricorio|spd|1\n|-boost|p1a: Oricorio|spe|1\n|move|p1a: Oricorio|Revelation Dance|p2a: Miles\n|-supereffective|p2a: Miles\n|-damage|p2a: Miles|0 fnt\n|faint|p2a: Miles\n|\n|-weather|RainDance|[upkeep]\n|upkeep\n|\n|t:|1697816590\n|switch|p2a: MooseCraft|Ting-Lu|100\/100\n|-ability|p2a: MooseCraft|Vessel of Ruin\n|turn|3\n|\n|t:|1697816617\n|move|p1b: Volcarona|Bug Buzz|p2a: MooseCraft\n|-supereffective|p2a: MooseCraft\n|-damage|p2a: MooseCraft|25\/100\n|move|p2b: Tavi|Dire Claw|p1a: Oricorio\n|-damage|p1a: Oricorio|45\/100\n|move|p1a: Oricorio|Air Slash|p2a: MooseCraft\n|-damage|p2a: MooseCraft|2\/100\n|move|p2a: MooseCraft|Rock Slide|p1a: Oricorio|[spread] p1a,p1b\n|-supereffective|p1a: Oricorio\n|-supereffective|p1b: Volcarona\n|-enditem|p1b: Volcarona|Charti Berry|[eat]\n|-enditem|p1b: Volcarona|Charti Berry|[weaken]\n|-damage|p1a: Oricorio|9\/100\n|-damage|p1b: Volcarona|0 fnt\n|faint|p1b: Volcarona\n|\n|-weather|RainDance|[upkeep]\n|-heal|p1a: Oricorio|15\/100|[from] item: Leftovers\n|-heal|p2a: MooseCraft|8\/100|[from] item: Leftovers\n|upkeep\n|inactive|TheFirstRed4209 has 120 seconds left.\n|\n|t:|1697816638\n|switch|p1b: Garchomp|Garchomp, M|100\/100\n|turn|4\n|\n|t:|1697816646\n|move|p2a: MooseCraft|Protect|p2a: MooseCraft\n|-singleturn|p2a: MooseCraft|Protect\n|move|p2b: Tavi|Dire Claw|p1a: Oricorio\n|-damage|p1a: Oricorio|0 fnt\n|faint|p1a: Oricorio\n|move|p1b: Garchomp|Earthquake|p2a: MooseCraft|[spread] p2b\n|-activate|p2a: MooseCraft|move: Protect\n|-supereffective|p2b: Tavi\n|-enditem|p2b: Tavi|Focus Sash\n|-damage|p2b: Tavi|1\/100\n|\n|-weather|RainDance|[upkeep]\n|-heal|p2a: MooseCraft|14\/100|[from] item: Leftovers\n|-sideend|p2: DratiniKing10|move: Tailwind\n|-sideend|p1: TheFirstRed4209|move: Tailwind\n|upkeep\n|inactive|TheFirstRed4209 has 120 seconds left.\n|\n|t:|1697816676\n|switch|p1a: Chien-Pao|Chien-Pao|100\/100\n|-ability|p1a: Chien-Pao|Sword of Ruin\n|turn|5\n|inactive|TheFirstRed4209 has 120 seconds left.\n|\n|t:|1697816691\n|move|p2b: Tavi|Dire Claw|p1b: Garchomp\n|-resisted|p1b: Garchomp\n|-damage|p1b: Garchomp|68\/100\n|-status|p1b: Garchomp|psn\n|-damage|p2b: Tavi|0 fnt|[from] ability: Rough Skin|[of] p1b: Garchomp\n|faint|p2b: Tavi\n|move|p1a: Chien-Pao|Sacred Sword|p2a: MooseCraft\n|-supereffective|p2a: MooseCraft\n|-damage|p2a: MooseCraft|0 fnt\n|faint|p2a: MooseCraft\n|move|p1b: Garchomp|Iron Head|p2: MooseCraft|[notarget]\n|-fail|p1b: Garchomp\n|\n|-weather|RainDance|[upkeep]\n|-damage|p1b: Garchomp|55\/100 psn|[from] psn\n|upkeep\n|\n|t:|1697816708\n|switch|p2b: Julica|Ogerpon-Wellspring, F|100\/100\n|switch|p2a: Zach|Arcanine, M, shiny|100\/100\n|-ability|p2a: Zach|Intimidate|boost\n|-unboost|p1a: Chien-Pao|atk|1\n|-unboost|p1b: Garchomp|atk|1\n|turn|6\n|\n|t:|1697816734\n|-terastallize|p2a: Zach|Water\n|move|p1a: Chien-Pao|Sacred Sword|p2a: Zach\n|-damage|p2a: Zach|56\/100\n|move|p1b: Garchomp|Stone Edge|p2b: Julica\n|-damage|p2b: Julica|60\/100\n|move|p2b: Julica|Ivy Cudgel|p1b: Garchomp\n|-damage|p1b: Garchomp|0 fnt\n|faint|p1b: Garchomp\n|move|p2a: Zach|Will-O-Wisp|p1a: Chien-Pao\n|-status|p1a: Chien-Pao|brn\n|\n|-weather|none\n|-damage|p1a: Chien-Pao|95\/100 brn|[from] brn\n|upkeep\n|inactive|TheFirstRed4209 has 120 seconds left.\n|\n|t:|1697816753\n|switch|p1b: Amoonguss|Amoonguss, M, shiny|100\/100\n|turn|7\n|\n|t:|1697816765\n|move|p1a: Chien-Pao|Sacred Sword|p2b: Julica\n|-damage|p2b: Julica|35\/100\n|move|p2b: Julica|Ivy Cudgel|p1a: Chien-Pao\n|-damage|p1a: Chien-Pao|10\/100 brn\n|move|p2a: Zach|Flare Blitz|p1b: Amoonguss\n|-supereffective|p1b: Amoonguss\n|-damage|p1b: Amoonguss|0 fnt\n|faint|p1b: Amoonguss\n|-damage|p2a: Zach|18\/100|[from] Recoil\n|-enditem|p2a: Zach|Figy Berry|[eat]\n|-heal|p2a: Zach|51\/100|[from] item: Figy Berry\n|\n|-damage|p1a: Chien-Pao|4\/100 brn|[from] brn\n|upkeep\n|inactive|TheFirstRed4209 has 120 seconds left.\n|\n|t:|1697816780\n|switch|p1b: Azumarill|Azumarill, F|100\/100\n|turn|8\n|\n|t:|1697816789\n|move|p2b: Julica|Spiky Shield|p2b: Julica\n|-singleturn|p2b: Julica|move: Protect\n|move|p2a: Zach|Extreme Speed|p1a: Chien-Pao\n|-damage|p1a: Chien-Pao|0 fnt\n|faint|p1a: Chien-Pao\n|move|p1b: Azumarill|Belly Drum|p1b: Azumarill\n|-damage|p1b: Azumarill|50\/100\n|-setboost|p1b: Azumarill|atk|6|[from] move: Belly Drum\n|-enditem|p1b: Azumarill|Sitrus Berry|[eat]\n|-heal|p1b: Azumarill|75\/100|[from] item: Sitrus Berry\n|\n|upkeep\n|turn|9\n|\n|t:|1697816817\n|move|p2b: Julica|Horn Leech|p1b: Azumarill\n|-supereffective|p1b: Azumarill\n|-damage|p1b: Azumarill|0 fnt\n|-heal|p2b: Julica|85\/100|[from] drain|[of] p1b: Azumarill\n|faint|p1b: Azumarill\n|\n|win|DratiniKing10\n|raw|TheFirstRed4209's rating: 1233 &rarr; <strong>1204<\/strong><br \/>(-29 for losing)\n|raw|DratiniKing10's rating: 1171 &rarr; <strong>1200<\/strong><br \/>(+29 for winning)\n|l| Riverstone26\n|l|\u2606TheFirstRed4209\n","uploadtime":1697816833,"views":16,"p1id":"thefirstred4209","p2id":"dratiniking10","formatid":"gen9doublesou","rating":1200,"private":0,"password":""}