{"id":"gen9doublesou-1979907252","p1":"Pax_825","p2":"Daleybear69","format":"[Gen 9] Doubles OU","log":"|j|\u2606Pax_825\n|j|\u2606Daleybear69\n|t:|1698727440\n|gametype|doubles\n|player|p1|Pax_825|170|1182\n|player|p2|Daleybear69|265|1151\n|teamsize|p1|6\n|teamsize|p2|6\n|gen|9\n|tier|[Gen 9] Doubles OU\n|rated|\n|rule|Species Clause: Limit one of each Pok\u00e9mon\n|rule|OHKO Clause: OHKO moves are banned\n|rule|Evasion Moves Clause: Evasion moves are banned\n|rule|Gravity Sleep Clause: The combination of sleep-inducing moves with imperfect accuracy and Gravity or Gigantamax Orbeetle are banned\n|rule|Endless Battle Clause: Forcing endless battles is banned\n|rule|HP Percentage Mod: HP is shown in percentages\n|clearpoke\n|poke|p1|Kingambit, M|\n|poke|p1|Hatterene, F|\n|poke|p1|Ting-Lu|\n|poke|p1|Amoonguss, M|\n|poke|p1|Toxapex, M|\n|poke|p1|Heatran, M|\n|poke|p2|Arbok, M|\n|poke|p2|Typhlosion-Hisui, F|\n|poke|p2|Dragonite, F|\n|poke|p2|Snorlax, F|\n|poke|p2|Weezing, M|\n|poke|p2|Slaking, M|\n|teampreview\n|\n|t:|1698727452\n|start\n|switch|p1a: Amoonguss|Amoonguss, M|100\/100\n|switch|p1b: Hatterene|Hatterene, F|100\/100\n|switch|p2a: Arbok|Arbok, M|100\/100\n|switch|p2b: Typhlosion|Typhlosion-Hisui, F|100\/100\n|-ability|p2a: Arbok|Intimidate|boost\n|-unboost|p1a: Amoonguss|atk|1\n|-unboost|p1b: Hatterene|atk|1\n|turn|1\n|\n|t:|1698727476\n|move|p2b: Typhlosion|Eruption|p1b: Hatterene|[spread] p1a,p1b\n|-supereffective|p1a: Amoonguss\n|-damage|p1a: Amoonguss|11\/100\n|-damage|p1b: Hatterene|41\/100\n|move|p2a: Arbok|Acid Spray|p1b: Hatterene\n|-supereffective|p1b: Hatterene\n|-damage|p1b: Hatterene|8\/100\n|-unboost|p1b: Hatterene|spd|2\n|move|p1a: Amoonguss|Spore|p2b: Typhlosion\n|-status|p2b: Typhlosion|slp|[from] move: Spore\n|move|p1b: Hatterene|Trick Room|p1b: Hatterene\n|-fieldstart|move: Trick Room|[of] p1b: Hatterene\n|\n|-heal|p1a: Amoonguss|18\/100|[from] item: Leftovers\n|-heal|p1b: Hatterene|14\/100|[from] item: Leftovers\n|upkeep\n|turn|2\n|\n|t:|1698727508\n|switch|p1a: Ting-Lu|Ting-Lu|100\/100\n|-ability|p1a: Ting-Lu|Vessel of Ruin\n|switch|p2b: Dragonite|Dragonite, F|100\/100\n|move|p1b: Hatterene|Protect|p1b: Hatterene\n|-singleturn|p1b: Hatterene|Protect\n|move|p2a: Arbok|Gastro Acid|p1a: Ting-Lu\n|-endability|p1a: Ting-Lu\n|\n|-heal|p1b: Hatterene|20\/100|[from] item: Leftovers\n|upkeep\n|turn|3\n|\n|t:|1698727543\n|switch|p1b: Amoonguss|Amoonguss, M|51\/100\n|move|p1a: Ting-Lu|Earthquake|p2b: Dragonite|[spread] p1b,p2a\n|-immune|p2b: Dragonite\n|-crit|p1b: Amoonguss\n|-supereffective|p2a: Arbok\n|-damage|p1b: Amoonguss|0 fnt\n|-damage|p2a: Arbok|0 fnt\n|faint|p1b: Amoonguss\n|faint|p2a: Arbok\n|move|p2b: Dragonite|Ice Beam|p1a: Ting-Lu\n|-supereffective|p1a: Ting-Lu\n|-damage|p1a: Ting-Lu|48\/100\n|\n|-heal|p1a: Ting-Lu|55\/100|[from] item: Leftovers\n|upkeep\n|inactive|Battle timer is ON: inactive players will automatically lose when time's up. (requested by Pax_825)\n|\n|t:|1698727569\n|switch|p1b: Toxapex|Toxapex, M|100\/100\n|switch|p2a: Snorlax|Snorlax, F|100\/100\n|turn|4\n|\n|t:|1698727594\n|move|p2a: Snorlax|Helping Hand|p2b: Dragonite\n|-singleturn|p2b: Dragonite|Helping Hand|[of] p2a: Snorlax\n|move|p1b: Toxapex|Toxic|p2a: Snorlax\n|-status|p2a: Snorlax|tox\n|move|p1a: Ting-Lu|Lash Out|p2a: Snorlax\n|-damage|p2a: Snorlax|64\/100 tox\n|move|p2b: Dragonite|Ice Beam|p1a: Ting-Lu\n|-supereffective|p1a: Ting-Lu\n|-damage|p1a: Ting-Lu|0 fnt\n|faint|p1a: Ting-Lu\n|\n|-heal|p2a: Snorlax|70\/100 tox|[from] item: Leftovers\n|-damage|p2a: Snorlax|64\/100 tox|[from] psn\n|upkeep\n|inactive|Pax_825 has 120 seconds left.\n|\n|t:|1698727611\n|switch|p1a: Heatran|Heatran, M|100\/100\n|turn|5\n|\n|t:|1698727630\n|-terastallize|p1a: Heatran|Grass\n|move|p2a: Snorlax|Helping Hand|p2b: Dragonite\n|-singleturn|p2b: Dragonite|Helping Hand|[of] p2a: Snorlax\n|move|p1b: Toxapex|Ice Beam|p2b: Dragonite\n|-supereffective|p2b: Dragonite\n|-damage|p2b: Dragonite|80\/100\n|move|p1a: Heatran|Heat Wave|p2a: Snorlax|[spread] p2a,p2b\n|-resisted|p2b: Dragonite\n|-damage|p2a: Snorlax|50\/100 tox\n|-damage|p2b: Dragonite|63\/100\n|-status|p2b: Dragonite|brn\n|move|p2b: Dragonite|Thunderbolt|p1b: Toxapex\n|-supereffective|p1b: Toxapex\n|-damage|p1b: Toxapex|31\/100\n|\n|-heal|p1b: Toxapex|37\/100|[from] item: Leftovers\n|-heal|p2a: Snorlax|57\/100 tox|[from] item: Leftovers\n|-damage|p2a: Snorlax|44\/100 tox|[from] psn\n|-damage|p2b: Dragonite|57\/100 brn|[from] brn\n|-fieldend|move: Trick Room\n|upkeep\n|turn|6\n|inactive|Daleybear69 has 120 seconds left.\n|\n|t:|1698727679\n|move|p1b: Toxapex|Baneful Bunker|p1b: Toxapex\n|-singleturn|p1b: Toxapex|move: Protect\n|move|p2b: Dragonite|Thunderbolt|p1b: Toxapex\n|-activate|p1b: Toxapex|move: Protect\n|move|p1a: Heatran|Heat Wave|p2b: Dragonite|[spread] p2a,p2b\n|-resisted|p2b: Dragonite\n|-damage|p2a: Snorlax|32\/100 tox\n|-damage|p2b: Dragonite|40\/100 brn\n|move|p2a: Snorlax|Body Slam|p1a: Heatran\n|-damage|p1a: Heatran|62\/100\n|\n|-heal|p1a: Heatran|68\/100|[from] item: Leftovers\n|-heal|p2a: Snorlax|38\/100 tox|[from] item: Leftovers\n|-heal|p1b: Toxapex|44\/100|[from] item: Leftovers\n|-damage|p2a: Snorlax|19\/100 tox|[from] psn\n|-damage|p2b: Dragonite|34\/100 brn|[from] brn\n|upkeep\n|turn|7\n|inactive|Daleybear69 has 120 seconds left.\n|\n|t:|1698727703\n|switch|p2a: Weezing|Weezing, M|100\/100\n|-ability|p2a: Weezing|Neutralizing Gas\n|switch|p1b: Kingambit|Kingambit, M|100\/100\n|move|p2b: Dragonite|Flamethrower|p1a: Heatran\n|-supereffective|p1a: Heatran\n|-damage|p1a: Heatran|11\/100\n|move|p1a: Heatran|Heat Wave|p2a: Weezing|[spread] p2a,p2b\n|-resisted|p2b: Dragonite\n|-damage|p2a: Weezing|47\/100\n|-damage|p2b: Dragonite|16\/100 brn\n|\n|-heal|p1a: Heatran|17\/100|[from] item: Leftovers\n|-heal|p2a: Weezing|53\/100|[from] item: Leftovers\n|-damage|p2b: Dragonite|10\/100 brn|[from] brn\n|upkeep\n|turn|8\n|inactive|Daleybear69 has 120 seconds left.\n|\n|t:|1698727733\n|move|p1a: Heatran|Protect|p1a: Heatran\n|-singleturn|p1a: Heatran|Protect\n|move|p1b: Kingambit|Protect|p1b: Kingambit\n|-singleturn|p1b: Kingambit|Protect\n|move|p2b: Dragonite|Flamethrower|p1a: Heatran\n|-activate|p1a: Heatran|move: Protect\n|move|p2a: Weezing|Will-O-Wisp|p1b: Kingambit\n|-activate|p1b: Kingambit|move: Protect\n|\n|-heal|p1a: Heatran|23\/100|[from] item: Leftovers\n|-heal|p2a: Weezing|59\/100|[from] item: Leftovers\n|-damage|p2b: Dragonite|3\/100 brn|[from] brn\n|upkeep\n|turn|9\n|inactive|Daleybear69 has 120 seconds left.\n|\n|t:|1698727763\n|switch|p1a: Toxapex|Toxapex, M|44\/100\n|-end|p1b: Kingambit|fallenundefined|[silent]\n|switch|p1b: Hatterene|Hatterene, F|20\/100\n|move|p2b: Dragonite|Flamethrower|p1a: Toxapex\n|-resisted|p1a: Toxapex\n|-damage|p1a: Toxapex|35\/100\n|-status|p1a: Toxapex|brn\n|move|p2a: Weezing|Will-O-Wisp|p1b: Hatterene\n|-status|p1b: Hatterene|brn\n|\n|-heal|p2a: Weezing|65\/100|[from] item: Leftovers\n|-heal|p1a: Toxapex|41\/100 brn|[from] item: Leftovers\n|-heal|p1b: Hatterene|26\/100 brn|[from] item: Leftovers\n|-damage|p2b: Dragonite|0 fnt|[from] brn\n|faint|p2b: Dragonite\n|-damage|p1a: Toxapex|35\/100 brn|[from] brn\n|-damage|p1b: Hatterene|20\/100 brn|[from] brn\n|upkeep\n|inactive|Daleybear69 has 120 seconds left.\n|\n|t:|1698727787\n|switch|p2b: Slaking|Slaking, M|100\/100\n|turn|10\n|inactive|Daleybear69 has 120 seconds left.\n|\n|t:|1698727803\n|move|p2a: Weezing|Protect|p2a: Weezing\n|-singleturn|p2a: Weezing|Protect\n|move|p1a: Toxapex|Baneful Bunker|p1a: Toxapex\n|-singleturn|p1a: Toxapex|move: Protect\n|move|p1b: Hatterene|Protect|p1b: Hatterene\n|-singleturn|p1b: Hatterene|Protect\n|move|p2b: Slaking|Earthquake|p1a: Toxapex|[spread] \n|-activate|p2a: Weezing|move: Protect\n|-activate|p1a: Toxapex|move: Protect\n|-activate|p1b: Hatterene|move: Protect\n|\n|-heal|p2a: Weezing|71\/100|[from] item: Leftovers\n|-heal|p1a: Toxapex|41\/100 brn|[from] item: Leftovers\n|-heal|p1b: Hatterene|26\/100 brn|[from] item: Leftovers\n|-damage|p1a: Toxapex|35\/100 brn|[from] brn\n|-damage|p1b: Hatterene|20\/100 brn|[from] brn\n|upkeep\n|turn|11\n|inactive|Daleybear69 has 120 seconds left.\n|\n|t:|1698727832\n|move|p2b: Slaking|Play Rough|p1a: Toxapex\n|-resisted|p1a: Toxapex\n|-damage|p1a: Toxapex|20\/100 brn\n|move|p2a: Weezing|Sludge Bomb|p1b: Hatterene\n|-supereffective|p1b: Hatterene\n|-damage|p1b: Hatterene|0 fnt\n|faint|p1b: Hatterene\n|move|p1a: Toxapex|Toxic|p2b: Slaking\n|-status|p2b: Slaking|tox\n|\n|-heal|p2a: Weezing|77\/100|[from] item: Leftovers\n|-heal|p1a: Toxapex|26\/100 brn|[from] item: Leftovers\n|-damage|p2b: Slaking|94\/100 tox|[from] psn\n|-damage|p1a: Toxapex|20\/100 brn|[from] brn\n|upkeep\n|inactive|Pax_825 has 120 seconds left.\n|\n|t:|1698727854\n|switch|p1b: Kingambit|Kingambit, M|100\/100\n|turn|12\n|\n|t:|1698727866\n|move|p2a: Weezing|Protect|p2a: Weezing\n|-singleturn|p2a: Weezing|Protect\n|move|p1b: Kingambit|Protect|p1b: Kingambit\n|-singleturn|p1b: Kingambit|Protect\n|move|p1a: Toxapex|Baneful Bunker|p1a: Toxapex\n|-singleturn|p1a: Toxapex|move: Protect\n|move|p2b: Slaking|Earthquake|p1b: Kingambit|[spread] \n|-activate|p2a: Weezing|move: Protect\n|-activate|p1a: Toxapex|move: Protect\n|-activate|p1b: Kingambit|move: Protect\n|\n|-heal|p2a: Weezing|83\/100|[from] item: Leftovers\n|-heal|p1a: Toxapex|26\/100 brn|[from] item: Leftovers\n|-damage|p2b: Slaking|82\/100 tox|[from] psn\n|-damage|p1a: Toxapex|20\/100 brn|[from] brn\n|upkeep\n|turn|13\n|c|\u2606Daleybear69|Whats the point\n|inactive|Daleybear69 has 120 seconds left.\n|\n|t:|1698727899\n|move|p1a: Toxapex|Baneful Bunker||[still]\n|-fail|p1a: Toxapex\n|move|p2b: Slaking|Shadow Claw|p1a: Toxapex\n|-damage|p1a: Toxapex|0 fnt\n|faint|p1a: Toxapex\n|move|p2a: Weezing|Will-O-Wisp|p1b: Kingambit\n|-status|p1b: Kingambit|brn\n|move|p1b: Kingambit|Zen Headbutt|p2a: Weezing\n|-supereffective|p2a: Weezing\n|-damage|p2a: Weezing|54\/100\n|-damage|p1b: Kingambit|91\/100 brn|[from] item: Life Orb\n|\n|-heal|p2a: Weezing|60\/100|[from] item: Leftovers\n|-damage|p2b: Slaking|63\/100 tox|[from] psn\n|-damage|p1b: Kingambit|85\/100 brn|[from] brn\n|upkeep\n|inactive|Pax_825 has 120 seconds left.\n|\n|t:|1698727915\n|switch|p1a: Heatran|Heatran, M, tera:Grass|23\/100\n|turn|14\n|\n|t:|1698727934\n|switch|p2b: Snorlax|Snorlax, F|19\/100 tox\n|move|p1a: Heatran|Protect|p1a: Heatran\n|-singleturn|p1a: Heatran|Protect\n|move|p1b: Kingambit|Protect|p1b: Kingambit\n|-singleturn|p1b: Kingambit|Protect\n|move|p2a: Weezing|Sludge Bomb|p1a: Heatran\n|-activate|p1a: Heatran|move: Protect\n|\n|-heal|p1a: Heatran|29\/100|[from] item: Leftovers\n|-heal|p2a: Weezing|66\/100|[from] item: Leftovers\n|-heal|p2b: Snorlax|25\/100 tox|[from] item: Leftovers\n|-damage|p2b: Snorlax|19\/100 tox|[from] psn\n|-damage|p1b: Kingambit|78\/100 brn|[from] brn\n|upkeep\n|turn|15\n|\n|t:|1698727964\n|move|p1a: Heatran|Heat Wave|p2b: Snorlax|[spread] p2a,p2b\n|-damage|p2a: Weezing|6\/100\n|-damage|p2b: Snorlax|0 fnt\n|faint|p2b: Snorlax\n|move|p2a: Weezing|Smokescreen|p1b: Kingambit\n|-unboost|p1b: Kingambit|accuracy|1\n|move|p1b: Kingambit|Zen Headbutt|p2a: Weezing\n|-supereffective|p2a: Weezing\n|-damage|p2a: Weezing|0 fnt\n|faint|p2a: Weezing\n|-end|p2a: Weezing|ability: Neutralizing Gas\n|-activate|p1b: Kingambit|ability: Supreme Overlord\n|-start|p1b: Kingambit|fallen4|[silent]\n|-damage|p1b: Kingambit|69\/100 brn|[from] item: Life Orb\n|\n|-heal|p1a: Heatran|35\/100|[from] item: Leftovers\n|-damage|p1b: Kingambit|62\/100 brn|[from] brn\n|upkeep\n|inactive|Daleybear69 has 120 seconds left.\n|\n|t:|1698727982\n|switch|p2a: Typhlosion|Typhlosion-Hisui, F|100\/100 slp\n|switch|p2b: Slaking|Slaking, M|63\/100 tox\n|turn|16\n|\n|t:|1698727997\n|move|p1a: Heatran|Protect|p1a: Heatran\n|-singleturn|p1a: Heatran|Protect\n|move|p1b: Kingambit|Protect|p1b: Kingambit\n|-singleturn|p1b: Kingambit|Protect\n|cant|p2a: Typhlosion|slp\n|move|p2b: Slaking|X-Scissor|p1a: Heatran\n|-activate|p1a: Heatran|move: Protect\n|\n|-heal|p1a: Heatran|42\/100|[from] item: Leftovers\n|-damage|p2b: Slaking|57\/100 tox|[from] psn\n|-damage|p1b: Kingambit|56\/100 brn|[from] brn\n|upkeep\n|turn|17\n|\n|t:|1698728027\n|cant|p2a: Typhlosion|slp\n|cant|p2b: Slaking|ability: Truant\n|move|p1a: Heatran|Heat Wave|p2b: Slaking|[spread] p2a,p2b\n|-resisted|p2a: Typhlosion\n|-damage|p2a: Typhlosion|72\/100 slp\n|-damage|p2b: Slaking|15\/100 tox\n|move|p1b: Kingambit|Kowtow Cleave|p2a: Typhlosion\n|-supereffective|p2a: Typhlosion\n|-damage|p2a: Typhlosion|0 fnt\n|faint|p2a: Typhlosion\n|-damage|p1b: Kingambit|47\/100 brn|[from] item: Life Orb\n|\n|-heal|p1a: Heatran|48\/100|[from] item: Leftovers\n|-damage|p2b: Slaking|2\/100 tox|[from] psn\n|-damage|p1b: Kingambit|40\/100 brn|[from] brn\n|upkeep\n|turn|18\n|c|\u2606Pax_825|and you were saying??\n|\n|t:|1698728054\n|-terastallize|p2b: Slaking|Ground\n|move|p1a: Heatran|Protect|p1a: Heatran\n|-singleturn|p1a: Heatran|Protect\n|move|p1b: Kingambit|Protect|p1b: Kingambit\n|-singleturn|p1b: Kingambit|Protect\n|move|p2b: Slaking|Earthquake|p1b: Kingambit|[spread] \n|-activate|p1a: Heatran|move: Protect\n|-activate|p1b: Kingambit|move: Protect\n|\n|-heal|p1a: Heatran|54\/100|[from] item: Leftovers\n|-damage|p2b: Slaking|0 fnt|[from] psn\n|faint|p2b: Slaking\n|\n|win|Pax_825\n|upkeep\n|raw|Pax_825's rating: 1182 &rarr; <strong>1205<\/strong><br \/>(+23 for winning)\n|raw|Daleybear69's rating: 1151 &rarr; <strong>1128<\/strong><br \/>(-23 for losing)\n|c|\u2606Pax_825|dude actually toxic at a pokemon game lmao\n|n|!Daleybear69|daleybear69\n|l|!Daleybear69\n","uploadtime":1698728076,"views":19,"p1id":"pax825","p2id":"daleybear69","formatid":"gen9doublesou","rating":1128,"private":0,"password":""}