{"id":"gen9doublesou-1990552179","p1":"ahhhhhhhhhhhhhhd","p2":"Blue Syrius","format":"[Gen 9] Doubles OU","log":"|j|\u203dahhhhhhhhhhhhhhd\n|j|\u2606Blue Syrius\n|t:|1699980818\n|gametype|doubles\n|player|p1|ahhhhhhhhhhhhhhd|169|1044\n|player|p2|Blue Syrius|youngster-gen4dp|1066\n|teamsize|p1|6\n|teamsize|p2|6\n|gen|9\n|tier|[Gen 9] Doubles OU\n|rated|\n|rule|Species Clause: Limit one of each Pok\u00e9mon\n|rule|OHKO Clause: OHKO moves are banned\n|rule|Evasion Moves Clause: Evasion moves are banned\n|rule|Gravity Sleep Clause: The combination of sleep-inducing moves with imperfect accuracy and Gravity or Gigantamax Orbeetle are banned\n|rule|Endless Battle Clause: Forcing endless battles is banned\n|rule|HP Percentage Mod: HP is shown in percentages\n|clearpoke\n|poke|p1|Zoroark, M|\n|poke|p1|Baxcalibur, F|\n|poke|p1|Ninetales-Alola, F|\n|poke|p1|Ursaluna-Bloodmoon, M|\n|poke|p1|Tyranitar, F|\n|poke|p1|Houndstone, M|\n|poke|p2|Espathra, F|\n|poke|p2|Flutter Mane|\n|poke|p2|Grafaiai, F|\n|poke|p2|Pelipper, F|\n|poke|p2|Landorus, M|\n|poke|p2|Oranguru, M|\n|teampreview\n|\n|t:|1699980830\n|start\n|switch|p1a: Ninetales|Ninetales-Alola, F|100\/100\n|switch|p1b: Baxcalibur|Baxcalibur, F|100\/100\n|switch|p2a: Espathra|Espathra, F|100\/100\n|switch|p2b: Oranguru|Oranguru, M|100\/100\n|-weather|Snow|[from] ability: Snow Warning|[of] p1a: Ninetales\n|turn|1\n|inactive|Battle timer is ON: inactive players will automatically lose when time's up. (requested by Blue Syrius)\n|\n|t:|1699980844\n|move|p2a: Espathra|Skill Swap|p2b: Oranguru\n|-activate|p2a: Espathra|move: Skill Swap|||[of] p2b: Oranguru\n|move|p1a: Ninetales|Aurora Veil|p1a: Ninetales\n|-sidestart|p1: ahhhhhhhhhhhhhhd|move: Aurora Veil\n|move|p1b: Baxcalibur|Blizzard|p2b: Oranguru|[spread] p2a,p2b\n|-damage|p2a: Espathra|69\/100\n|-damage|p2b: Oranguru|83\/100\n|move|p2b: Oranguru|Nasty Plot|p2b: Oranguru\n|-boost|p2b: Oranguru|spa|2\n|\n|-weather|Snow|[upkeep]\n|-ability|p2b: Oranguru|Speed Boost|boost\n|-boost|p2b: Oranguru|spe|1\n|upkeep\n|turn|2\n|\n|t:|1699980870\n|move|p2b: Oranguru|Protect|p2b: Oranguru\n|-singleturn|p2b: Oranguru|Protect\n|move|p2a: Espathra|Lumina Crash|p1b: Baxcalibur\n|-damage|p1b: Baxcalibur|83\/100\n|-unboost|p1b: Baxcalibur|spd|2\n|move|p1a: Ninetales|Blizzard|p2a: Espathra|[spread] p2a\n|-activate|p2b: Oranguru|move: Protect\n|-damage|p2a: Espathra|27\/100\n|-enditem|p2a: Espathra|Sitrus Berry|[eat]\n|-heal|p2a: Espathra|52\/100|[from] item: Sitrus Berry\n|move|p1b: Baxcalibur|Blizzard|p2b: Oranguru|[spread] p2a\n|-activate|p2b: Oranguru|move: Protect\n|-damage|p2a: Espathra|22\/100\n|\n|-weather|Snow|[upkeep]\n|-heal|p1b: Baxcalibur|89\/100|[from] ability: Ice Body\n|-heal|p1b: Baxcalibur|96\/100|[from] item: Leftovers\n|-ability|p2b: Oranguru|Speed Boost|boost\n|-boost|p2b: Oranguru|spe|1\n|upkeep\n|turn|3\n|inactive|ahhhhhhhhhhhhhhd has 120 seconds left.\n|\n|t:|1699980900\n|move|p2a: Espathra|Helping Hand|p2b: Oranguru\n|-singleturn|p2b: Oranguru|Helping Hand|[of] p2a: Espathra\n|move|p2b: Oranguru|Hyper Voice|p1a: Ninetales|[spread] p1a,p1b\n|-damage|p1a: Ninetales|35\/100\n|-damage|p1b: Baxcalibur|0 fnt\n|faint|p1b: Baxcalibur\n|move|p1a: Ninetales|Nasty Plot|p1a: Ninetales\n|-boost|p1a: Ninetales|spa|2\n|\n|-weather|Snow|[upkeep]\n|-ability|p2b: Oranguru|Speed Boost|boost\n|-boost|p2b: Oranguru|spe|1\n|upkeep\n|inactive|ahhhhhhhhhhhhhhd has 120 seconds left.\n|\n|t:|1699980914\n|switch|p1b: Tyranitar|Tyranitar, F|100\/100\n|turn|4\n|\n|t:|1699980937\n|move|p2b: Oranguru|Protect|p2b: Oranguru\n|-singleturn|p2b: Oranguru|Protect\n|move|p2a: Espathra|Lumina Crash|p1a: Ninetales\n|-crit|p1a: Ninetales\n|-damage|p1a: Ninetales|0 fnt\n|faint|p1a: Ninetales\n|move|p1b: Tyranitar|Snarl|p2a: Espathra|[spread] p2a\n|-activate|p2b: Oranguru|move: Protect\n|-supereffective|p2a: Espathra\n|-damage|p2a: Espathra|0 fnt\n|faint|p2a: Espathra\n|-damage|p1b: Tyranitar|91\/100|[from] item: Life Orb\n|\n|-weather|Snow|[upkeep]\n|-ability|p2b: Oranguru|Speed Boost|boost\n|-boost|p2b: Oranguru|spe|1\n|upkeep\n|\n|t:|1699980958\n|switch|p2a: Pelipper|Pelipper, F|100\/100\n|switch|p1a: Ursaluna|Ursaluna-Bloodmoon, M|100\/100\n|-weather|RainDance|[from] ability: Drizzle|[of] p2a: Pelipper\n|turn|5\n|\n|t:|1699980978\n|move|p2a: Pelipper|Wide Guard|p2a: Pelipper\n|-singleturn|p2a: Pelipper|Wide Guard\n|move|p2b: Oranguru|Stored Power|p1a: Ursaluna\n|-damage|p1a: Ursaluna|16\/100\n|move|p1b: Tyranitar|Toxic|p2b: Oranguru|[miss]\n|-miss|p1b: Tyranitar|p2b: Oranguru\n|move|p1a: Ursaluna|Blood Moon|p2b: Oranguru\n|-damage|p2b: Oranguru|22\/100\n|-enditem|p2b: Oranguru|Sitrus Berry|[eat]\n|-heal|p2b: Oranguru|47\/100|[from] item: Sitrus Berry\n|\n|-weather|RainDance|[upkeep]\n|-heal|p1a: Ursaluna|22\/100|[from] item: Leftovers\n|-sideend|p1: ahhhhhhhhhhhhhhd|move: Aurora Veil\n|-ability|p2b: Oranguru|Speed Boost|boost\n|-boost|p2b: Oranguru|spe|1\n|upkeep\n|turn|6\n|\n|t:|1699981001\n|move|p2b: Oranguru|Hyper Voice|p1a: Ursaluna|[spread] p1a,p1b\n|-damage|p1a: Ursaluna|0 fnt\n|-damage|p1b: Tyranitar|0 fnt\n|replace|p1b: Zoroark|Zoroark, M\n|-end|p1b: Zoroark|Illusion\n|faint|p1a: Ursaluna\n|faint|p1b: Zoroark\n|move|p2a: Pelipper|Hydro Pump|p1: Ursaluna|[notarget]\n|-fail|p2a: Pelipper\n|\n|-weather|RainDance|[upkeep]\n|-ability|p2b: Oranguru|Speed Boost|boost\n|-boost|p2b: Oranguru|spe|1\n|upkeep\n|\n|t:|1699981012\n|switch|p1b: Houndstone|Houndstone, M|100\/100\n|switch|p1a: Tyranitar|Tyranitar, F|100\/100\n|-weather|Sandstorm|[from] ability: Sand Stream|[of] p1a: Tyranitar\n|turn|7\n|\n|t:|1699981032\n|switch|p2a: Flutter Mane|Flutter Mane|100\/100\n|-enditem|p2a: Flutter Mane|Booster Energy\n|-activate|p2a: Flutter Mane|ability: Protosynthesis|[fromitem]\n|-start|p2a: Flutter Mane|protosynthesisspa\n|move|p2b: Oranguru|Protect|p2b: Oranguru\n|-singleturn|p2b: Oranguru|Protect\n|move|p1b: Houndstone|Last Respects|p2b: Oranguru\n|-activate|p2b: Oranguru|move: Protect\n|move|p1a: Tyranitar|Thunder Wave|p2b: Oranguru\n|-activate|p2b: Oranguru|move: Protect\n|\n|-weather|Sandstorm|[upkeep]\n|-damage|p2b: Oranguru|41\/100|[from] Sandstorm\n|-damage|p2a: Flutter Mane|95\/100|[from] Sandstorm\n|upkeep\n|turn|8\n|\n|t:|1699981055\n|move|p2b: Oranguru|Stored Power|p1b: Houndstone\n|-damage|p1b: Houndstone|0 fnt\n|faint|p1b: Houndstone\n|move|p2a: Flutter Mane|Dazzling Gleam|p1a: Tyranitar\n|-supereffective|p1a: Tyranitar\n|-damage|p1a: Tyranitar|32\/100\n|move|p1a: Tyranitar|Thunder Wave|p2b: Oranguru\n|-status|p2b: Oranguru|par\n|\n|-weather|Sandstorm|[upkeep]\n|-damage|p2a: Flutter Mane|89\/100|[from] Sandstorm\n|-damage|p2b: Oranguru|35\/100 par|[from] Sandstorm\n|upkeep\n|turn|9\n|\n|t:|1699981069\n|move|p2a: Flutter Mane|Dazzling Gleam|p1a: Tyranitar\n|-supereffective|p1a: Tyranitar\n|-damage|p1a: Tyranitar|0 fnt\n|faint|p1a: Tyranitar\n|\n|win|Blue Syrius\n|raw|ahhhhhhhhhhhhhhd's rating: 1044 &rarr; <strong>1028<\/strong><br \/>(-16 for losing)\n|raw|Blue Syrius's rating: 1066 &rarr; <strong>1094<\/strong><br \/>(+28 for winning)\n|l|\u203dahhhhhhhhhhhhhhd\n","uploadtime":1699981194,"views":5,"p1id":"ahhhhhhhhhhhhhhd","p2id":"bluesyrius","formatid":"gen9doublesou","rating":1028,"private":0,"password":""}