{"id":"gen9doublesou-1980363409","p1":"Raexx","p2":"Funadoxfacts","format":"[Gen 9] Doubles OU","log":"|j|\u2606Raexx\n|j|\u2606Funadoxfacts\n|t:|1698778497\n|gametype|doubles\n|player|p1|Raexx|266|1000\n|player|p2|Funadoxfacts|clair|1000\n|teamsize|p1|6\n|teamsize|p2|6\n|gen|9\n|tier|[Gen 9] Doubles OU\n|rated|\n|rule|Species Clause: Limit one of each Pok\u00e9mon\n|rule|OHKO Clause: OHKO moves are banned\n|rule|Evasion Moves Clause: Evasion moves are banned\n|rule|Gravity Sleep Clause: The combination of sleep-inducing moves with imperfect accuracy and Gravity or Gigantamax Orbeetle are banned\n|rule|Endless Battle Clause: Forcing endless battles is banned\n|rule|HP Percentage Mod: HP is shown in percentages\n|clearpoke\n|poke|p1|Scizor, F|\n|poke|p1|Salazzle, F|\n|poke|p1|Copperajah, F|\n|poke|p1|Farigiraf, M|\n|poke|p1|Gligar, M|\n|poke|p1|Basculegion-F, F|\n|poke|p2|Tornadus, M|\n|poke|p2|Kilowattrel, F|\n|poke|p2|Dragonite, F|\n|poke|p2|Landorus, M|\n|poke|p2|Zapdos-Galar|\n|poke|p2|Chien-Pao|\n|teampreview\n|\n|t:|1698778529\n|start\n|switch|p1a: Farigiraf|Farigiraf, M|100\/100\n|switch|p1b: Gligar|Gligar, M|100\/100\n|switch|p2a: Tornadus|Tornadus, M, shiny|100\/100\n|switch|p2b: Landorus|Landorus, M, shiny|100\/100\n|turn|1\n|\n|t:|1698778557\n|move|p2a: Tornadus|Taunt||[still]\n|cant|p1a: Farigiraf|ability: Armor Tail|Taunt|[of] p2a: Tornadus\n|move|p2b: Landorus|Sandsear Storm|p1a: Farigiraf|[spread] p1a\n|-immune|p1b: Gligar\n|-damage|p1a: Farigiraf|37\/100\n|move|p1b: Gligar|Knock Off|p2b: Landorus\n|-damage|p2b: Landorus|80\/100\n|-enditem|p2b: Landorus|Life Orb|[from] move: Knock Off|[of] p1b: Gligar\n|move|p1a: Farigiraf|Trick Room|p1a: Farigiraf\n|-fieldstart|move: Trick Room|[of] p1a: Farigiraf\n|\n|-heal|p1a: Farigiraf|44\/100|[from] item: Leftovers\n|upkeep\n|turn|2\n|\n|t:|1698778580\n|move|p1a: Farigiraf|Nasty Plot|p1a: Farigiraf\n|-boost|p1a: Farigiraf|spa|2\n|move|p1b: Gligar|Knock Off|p2a: Tornadus\n|-damage|p2a: Tornadus|74\/100\n|-enditem|p2a: Tornadus|Covert Cloak|[from] move: Knock Off|[of] p1b: Gligar\n|move|p2b: Landorus|Psychic|p1b: Gligar\n|-damage|p1b: Gligar|70\/100\n|move|p2a: Tornadus|Bleakwind Storm|p1a: Farigiraf|[spread] p1a,p1b\n|-damage|p1a: Farigiraf|6\/100\n|-damage|p1b: Gligar|39\/100\n|-unboost|p1a: Farigiraf|spe|1\n|\n|-heal|p1a: Farigiraf|12\/100|[from] item: Leftovers\n|upkeep\n|turn|3\n|inactive|Battle timer is ON: inactive players will automatically lose when time's up. (requested by Funadoxfacts)\n|\n|t:|1698778639\n|move|p2b: Landorus|Protect|p2b: Landorus\n|-singleturn|p2b: Landorus|Protect\n|move|p1a: Farigiraf|Psychic|p2b: Landorus\n|-activate|p2b: Landorus|move: Protect\n|move|p1b: Gligar|Knock Off|p2a: Tornadus\n|-damage|p2a: Tornadus|57\/100\n|move|p2a: Tornadus|Bleakwind Storm|p1a: Farigiraf|[spread] p1a\n|-miss|p2a: Tornadus|p1b: Gligar\n|-damage|p1a: Farigiraf|0 fnt\n|faint|p1a: Farigiraf\n|\n|upkeep\n|inactive|Raexx has 120 seconds left.\n|\n|t:|1698778674\n|switch|p1a: Copperajah|Copperajah, F|100\/100\n|turn|4\n|\n|t:|1698778690\n|-terastallize|p2b: Landorus|Poison\n|move|p2a: Tornadus|Tailwind|p2a: Tornadus\n|-sidestart|p2: Funadoxfacts|move: Tailwind\n|move|p1a: Copperajah|Heavy Slam|p2b: Landorus\n|-damage|p2b: Landorus|19\/100\n|move|p1b: Gligar|Spikes|p2b: Landorus\n|-sidestart|p2: Funadoxfacts|Spikes\n|move|p2b: Landorus|Sandsear Storm|p1b: Gligar|[spread] p1a\n|-immune|p1b: Gligar\n|-supereffective|p1a: Copperajah\n|-damage|p1a: Copperajah|38\/100\n|\n|-heal|p1a: Copperajah|45\/100|[from] item: Leftovers\n|upkeep\n|turn|5\n|inactive|Raexx has 120 seconds left.\n|\n|t:|1698778723\n|move|p2b: Landorus|Protect|p2b: Landorus\n|-singleturn|p2b: Landorus|Protect\n|move|p1a: Copperajah|Heavy Slam|p2a: Tornadus\n|-damage|p2a: Tornadus|0 fnt\n|faint|p2a: Tornadus\n|move|p1b: Gligar|Spikes|p2b: Landorus\n|-sidestart|p2: Funadoxfacts|Spikes\n|\n|-heal|p1a: Copperajah|51\/100|[from] item: Leftovers\n|-fieldend|move: Trick Room\n|upkeep\n|\n|t:|1698778736\n|switch|p2a: Kilowattrel|Kilowattrel, F, shiny|100\/100\n|turn|6\n|\n|t:|1698778744\n|move|p1a: Copperajah|Protect|p1a: Copperajah\n|-singleturn|p1a: Copperajah|Protect\n|move|p2a: Kilowattrel|Hurricane|p1b: Gligar\n|-damage|p1b: Gligar|0 fnt\n|faint|p1b: Gligar\n|-damage|p2a: Kilowattrel|91\/100|[from] item: Life Orb\n|move|p2b: Landorus|Sandsear Storm|p1a: Copperajah\n|-activate|p1a: Copperajah|move: Protect\n|\n|-heal|p1a: Copperajah|57\/100|[from] item: Leftovers\n|upkeep\n|\n|t:|1698778760\n|switch|p1b: Salazzle|Salazzle, F, shiny|100\/100\n|turn|7\n|\n|t:|1698778778\n|move|p2a: Kilowattrel|Hurricane|p1b: Salazzle\n|-damage|p1b: Salazzle|0 fnt\n|faint|p1b: Salazzle\n|-damage|p2a: Kilowattrel|81\/100|[from] item: Life Orb\n|move|p2b: Landorus|Sandsear Storm|p1a: Copperajah|[miss]\n|-miss|p2b: Landorus|p1a: Copperajah\n|move|p1a: Copperajah|Stealth Rock|p2a: Kilowattrel\n|-sidestart|p2: Funadoxfacts|move: Stealth Rock\n|\n|-heal|p1a: Copperajah|63\/100|[from] item: Leftovers\n|-sideend|p2: Funadoxfacts|move: Tailwind\n|upkeep\n|\n|t:|1698778791\n|switch|p1b: Scizor|Scizor, F|100\/100\n|turn|8\n|inactive|Raexx has 120 seconds left.\n|\n|t:|1698778834\n|-terastallize|p1b: Scizor|Ground\n|move|p2a: Kilowattrel|Hurricane|p1b: Scizor\n|-damage|p1b: Scizor|4\/100\n|-damage|p2a: Kilowattrel|71\/100|[from] item: Life Orb\n|move|p2b: Landorus|Sandsear Storm|p1b: Scizor|[spread] p1a\n|-miss|p2b: Landorus|p1b: Scizor\n|-supereffective|p1a: Copperajah\n|-damage|p1a: Copperajah|0 fnt\n|faint|p1a: Copperajah\n|move|p1b: Scizor|Swords Dance|p1b: Scizor\n|-boost|p1b: Scizor|atk|2\n|\n|upkeep\n|\n|t:|1698778848\n|switch|p1a: Basculegion|Basculegion-F, F|100\/100\n|turn|9\n|inactive|Raexx has 120 seconds left.\n|\n|t:|1698778871\n|move|p1a: Basculegion|Aqua Jet|p2b: Landorus\n|-damage|p2b: Landorus|0 fnt\n|faint|p2b: Landorus\n|move|p2a: Kilowattrel|Volt Switch|p1a: Basculegion\n|-supereffective|p1a: Basculegion\n|-damage|p1a: Basculegion|48\/100\n|-damage|p2a: Kilowattrel|61\/100|[from] item: Life Orb\n|\n|t:|1698778881\n|switch|p2a: Zapdos|Zapdos-Galar|100\/100|[from] Volt Switch\n|-damage|p2a: Zapdos|88\/100|[from] Stealth Rock\n|move|p1b: Scizor|Trailblaze|p2a: Zapdos\n|-resisted|p2a: Zapdos\n|-damage|p2a: Zapdos|58\/100\n|-boost|p1b: Scizor|spe|1\n|\n|-heal|p2a: Zapdos|64\/100|[from] item: Leftovers\n|upkeep\n|\n|t:|1698778894\n|switch|p2b: Dragonite|Dragonite, F, shiny|100\/100\n|-damage|p2b: Dragonite|75\/100|[from] Stealth Rock\n|turn|10\n|\n|t:|1698778909\n|move|p2b: Dragonite|Extreme Speed|p1b: Scizor\n|-damage|p1b: Scizor|0 fnt\n|faint|p1b: Scizor\n|move|p2a: Zapdos|Dual Wingbeat|p1a: Basculegion\n|-damage|p1a: Basculegion|27\/100\n|-damage|p1a: Basculegion|6\/100\n|-hitcount|p1a: Basculegion|2\n|move|p1a: Basculegion|Last Respects|p2b: Dragonite\n|-damage|p2b: Dragonite|0 fnt\n|faint|p2b: Dragonite\n|\n|-heal|p2a: Zapdos|70\/100|[from] item: Leftovers\n|upkeep\n|\n|t:|1698778925\n|switch|p2b: Chien-Pao|Chien-Pao|100\/100\n|-damage|p2b: Chien-Pao|84\/100|[from] Spikes\n|-damage|p2b: Chien-Pao|59\/100|[from] Stealth Rock\n|-ability|p2b: Chien-Pao|Sword of Ruin\n|turn|11\n|\n|t:|1698778937\n|move|p2b: Chien-Pao|Sucker Punch|p1a: Basculegion\n|-supereffective|p1a: Basculegion\n|-damage|p1a: Basculegion|0 fnt\n|faint|p1a: Basculegion\n|\n|win|Funadoxfacts\n|raw|Raexx's rating: 1000 &rarr; <strong>1000<\/strong><br \/>(+0 for losing)\n|raw|Funadoxfacts's rating: 1000 &rarr; <strong>1040<\/strong><br \/>(+40 for winning)\n|l|\u2606Raexx\n","uploadtime":1698778946,"views":15,"p1id":"raexx","p2id":"funadoxfacts","formatid":"gen9doublesou","rating":1000,"private":0,"password":""}