{"id":"gen9doublesou-1969034772","p1":"FIVESSMURFY","p2":"BriefMarigold4","format":"[Gen 9] Doubles OU","log":"|j|\u2606FIVESSMURFY\n|j|\u2606BriefMarigold4\n|t:|1697484512\n|gametype|doubles\n|player|p1|FIVESSMURFY|101|\n|player|p2|BriefMarigold4|2|\n|teamsize|p1|6\n|teamsize|p2|6\n|gen|9\n|tier|[Gen 9] Doubles OU\n|rule|Species Clause: Limit one of each Pok\u00e9mon\n|rule|OHKO Clause: OHKO moves are banned\n|rule|Evasion Moves Clause: Evasion moves are banned\n|rule|Gravity Sleep Clause: The combination of sleep-inducing moves with imperfect accuracy and Gravity or Gigantamax Orbeetle are banned\n|rule|Endless Battle Clause: Forcing endless battles is banned\n|rule|HP Percentage Mod: HP is shown in percentages\n|clearpoke\n|poke|p1|Dragonite, M|\n|poke|p1|Donphan, L1, M|\n|poke|p1|Weavile, M|\n|poke|p1|Rillaboom, M|\n|poke|p1|Scizor, M|\n|poke|p1|Basculegion, M|\n|poke|p2|Cresselia, F|\n|poke|p2|Volcanion|\n|poke|p2|Landorus-Therian, M|\n|poke|p2|Amoonguss, M|\n|poke|p2|Rillaboom, M|\n|poke|p2|Snorlax, F|\n|teampreview\n|c|\u2606BriefMarigold4|wait\n|c|\u2606BriefMarigold4|didn't we just fight\n|c|\u2606BriefMarigold4|as in\n|c|\u2606BriefMarigold4|with this very team\n|c|\u2606FIVESSMURFY|idk\n|c|\u2606FIVESSMURFY|prob not\n|c|\u2606BriefMarigold4|oh well\n|\n|t:|1697484547\n|start\n|switch|p1a: Weavile|Weavile, M|100\/100\n|switch|p1b: Donphan|Donphan, L1, M|100\/100\n|switch|p2a: \u0d9e|Amoonguss, M|100\/100\n|switch|p2b: demomanlaugh.wav|Rillaboom, M|100\/100\n|-fieldstart|move: Grassy Terrain|[from] ability: Grassy Surge|[of] p2b: demomanlaugh.wav\n|turn|1\n|c|\u2606FIVESSMURFY|been playing with the other team today\n|c|\u2606FIVESSMURFY|my main account runs this team\n|\n|t:|1697484569\n|move|p1b: Donphan|Protect|p1b: Donphan\n|-singleturn|p1b: Donphan|Protect\n|move|p2b: demomanlaugh.wav|Fake Out|p1b: Donphan\n|-activate|p1b: Donphan|move: Protect\n|move|p1a: Weavile|Ice Spinner|p2a: \u0d9e\n|-supereffective|p2a: \u0d9e\n|-damage|p2a: \u0d9e|26\/100\n|-fieldend|move: Grassy Terrain\n|-enditem|p2a: \u0d9e|Sitrus Berry|[eat]\n|-heal|p2a: \u0d9e|51\/100|[from] item: Sitrus Berry\n|move|p2a: \u0d9e|Spore|p1a: Weavile\n|-status|p1a: Weavile|slp|[from] move: Spore\n|\n|upkeep\n|turn|2\n|c|\u2606BriefMarigold4|NOOOO MY TERRAIN\n|\n|t:|1697484601\n|switch|p1b: Dragonite|Dragonite, M|100\/100\n|cant|p1a: Weavile|slp\n|move|p2b: demomanlaugh.wav|Wood Hammer|p1a: Weavile\n|-enditem|p1a: Weavile|Focus Sash\n|-damage|p1a: Weavile|1\/100 slp\n|-damage|p2b: demomanlaugh.wav|77\/100|[from] Recoil\n|-enditem|p2b: demomanlaugh.wav|Covert Cloak|[silent]|[from] ability: Pickpocket|[of] p2b: demomanlaugh.wav\n|-item|p1a: Weavile|Covert Cloak|[from] ability: Pickpocket|[of] p2b: demomanlaugh.wav\n|move|p2a: \u0d9e|Spore|p1b: Dragonite\n|-status|p1b: Dragonite|slp|[from] move: Spore\n|\n|upkeep\n|turn|3\n|\n|t:|1697484624\n|switch|p2b: Absolute Fatass|Snorlax, F|100\/100\n|switch|p2a: *boom vine effect*|Landorus-Therian, M|100\/100\n|-ability|p2a: *boom vine effect*|Intimidate|boost\n|-unboost|p1a: Weavile|atk|1\n|-fail|p1b: Dragonite|unboost|Attack|[from] ability: Inner Focus|[of] p1b: Dragonite\n|-curestatus|p1a: Weavile|slp|[msg]\n|move|p1a: Weavile|Ice Spinner|p2a: *boom vine effect*\n|-supereffective|p2a: *boom vine effect*\n|-damage|p2a: *boom vine effect*|0 fnt\n|faint|p2a: *boom vine effect*\n|cant|p1b: Dragonite|slp\n|\n|upkeep\n|c|\u2606BriefMarigold4|ok\n|c|\u2606BriefMarigold4|that was unfortunate\n|\n|t:|1697484646\n|switch|p2a: 30%|Volcanion|100\/100\n|turn|4\n|c|\u2606BriefMarigold4|WAIT NO\n|c|\u2606BriefMarigold4|mf you took my covert cloak\n|c|\u2606BriefMarigold4|i just realized\n|c|\u2606FIVESSMURFY|haha\n|\n|t:|1697484697\n|switch|p1a: Scizor|Scizor, M|100\/100\n|cant|p1b: Dragonite|slp\n|move|p2a: 30%|Substitute|p2a: 30%\n|-start|p2a: 30%|Substitute\n|-damage|p2a: 30%|76\/100\n|move|p2b: Absolute Fatass|Belly Drum|p2b: Absolute Fatass\n|-damage|p2b: Absolute Fatass|51\/100\n|-setboost|p2b: Absolute Fatass|atk|6|[from] move: Belly Drum\n|\n|-heal|p2a: 30%|82\/100|[from] item: Leftovers\n|-heal|p2b: Absolute Fatass|57\/100|[from] item: Leftovers\n|upkeep\n|turn|5\n|\n|t:|1697484713\n|move|p2b: Absolute Fatass|Protect|p2b: Absolute Fatass\n|-singleturn|p2b: Absolute Fatass|Protect\n|cant|p1b: Dragonite|slp\n|move|p2a: 30%|Heat Wave|p1a: Scizor|[spread] p1a,p1b\n|-supereffective|p1a: Scizor\n|-resisted|p1b: Dragonite\n|-enditem|p1a: Scizor|Focus Sash\n|-damage|p1a: Scizor|1\/100\n|-damage|p1b: Dragonite|81\/100 slp\n|move|p1a: Scizor|Close Combat|p2a: 30%\n|-end|p2a: 30%|Substitute\n|-unboost|p1a: Scizor|def|1\n|-unboost|p1a: Scizor|spd|1\n|\n|-heal|p2a: 30%|88\/100|[from] item: Leftovers\n|-heal|p2b: Absolute Fatass|63\/100|[from] item: Leftovers\n|upkeep\n|turn|6\n|\n|t:|1697484728\n|move|p1a: Scizor|Protect|p1a: Scizor\n|-singleturn|p1a: Scizor|Protect\n|-curestatus|p1b: Dragonite|slp|[msg]\n|move|p1b: Dragonite|Brick Break|p2b: Absolute Fatass\n|-supereffective|p2b: Absolute Fatass\n|-damage|p2b: Absolute Fatass|9\/100\n|-damage|p1b: Dragonite|71\/100|[from] item: Life Orb\n|move|p2a: 30%|Heat Wave|p1b: Dragonite|[spread] p1b\n|-activate|p1a: Scizor|move: Protect\n|-resisted|p1b: Dragonite\n|-damage|p1b: Dragonite|53\/100\n|move|p2b: Absolute Fatass|Body Slam|p1b: Dragonite\n|-damage|p1b: Dragonite|0 fnt\n|faint|p1b: Dragonite\n|\n|-heal|p2a: 30%|94\/100|[from] item: Leftovers\n|-heal|p2b: Absolute Fatass|15\/100|[from] item: Leftovers\n|upkeep\n|c|\u2606BriefMarigold4|gawd damn\n|c|\u2606BriefMarigold4|chonkerlax\n|c|\u2606FIVESSMURFY|covert cloak rilla is smart\n|\n|t:|1697484762\n|switch|p1b: Weavile|Weavile, M|1\/100\n|turn|7\n|\n|t:|1697484767\n|move|p2b: Absolute Fatass|Protect|p2b: Absolute Fatass\n|-singleturn|p2b: Absolute Fatass|Protect\n|move|p1b: Weavile|Fake Out|p2a: 30%\n|-damage|p2a: 30%|82\/100\n|cant|p2a: 30%|flinch\n|move|p1a: Scizor|Close Combat|p2b: Absolute Fatass\n|-activate|p2b: Absolute Fatass|move: Protect\n|\n|-heal|p2a: 30%|88\/100|[from] item: Leftovers\n|-heal|p2b: Absolute Fatass|21\/100|[from] item: Leftovers\n|upkeep\n|turn|8\n|\n|t:|1697484794\n|switch|p2b: Meet the Medic|Cresselia, F|100\/100\n|move|p1a: Scizor|Bullet Punch|p2b: Meet the Medic\n|-damage|p2b: Meet the Medic|77\/100\n|move|p1b: Weavile|Beat Up|p2b: Meet the Medic\n|-supereffective|p2b: Meet the Medic\n|-damage|p2b: Meet the Medic|65\/100\n|-supereffective|p2b: Meet the Medic\n|-damage|p2b: Meet the Medic|54\/100\n|-supereffective|p2b: Meet the Medic\n|-damage|p2b: Meet the Medic|42\/100\n|-supereffective|p2b: Meet the Medic\n|-damage|p2b: Meet the Medic|30\/100\n|-supereffective|p2b: Meet the Medic\n|-damage|p2b: Meet the Medic|18\/100\n|-hitcount|p2b: Meet the Medic|5\n|move|p2a: 30%|Heat Wave|p1b: Weavile|[spread] p1a,p1b\n|-supereffective|p1a: Scizor\n|-supereffective|p1b: Weavile\n|-damage|p1a: Scizor|0 fnt\n|-damage|p1b: Weavile|0 fnt\n|faint|p1a: Scizor\n|faint|p1b: Weavile\n|\n|-heal|p2a: 30%|94\/100|[from] item: Leftovers\n|upkeep\n|c|\u2606FIVESSMURFY|yesss\n|c|\u2606FIVESSMURFY|wait\n|c|\u2606BriefMarigold4|owie\n|c|\u2606FIVESSMURFY|that didnt kill\n|\n|t:|1697484813\n|switch|p1b: Donphan|Donphan, L1, M|100\/100\n|switch|p1a: Rillaboom|Rillaboom, M, shiny|100\/100\n|-fieldstart|move: Grassy Terrain|[from] ability: Grassy Surge|[of] p1a: Rillaboom\n|turn|9\n|c|\u2606BriefMarigold4|Cress is bulky\n|\n|t:|1697484823\n|move|p2a: 30%|Protect|p2a: 30%\n|-singleturn|p2a: 30%|Protect\n|move|p1a: Rillaboom|Knock Off|p2b: Meet the Medic\n|-supereffective|p2b: Meet the Medic\n|-damage|p2b: Meet the Medic|0 fnt\n|-enditem|p2b: Meet the Medic|Safety Goggles|[from] move: Knock Off|[of] p1a: Rillaboom\n|faint|p2b: Meet the Medic\n|move|p1b: Donphan|Endeavor|p2a: 30%\n|-activate|p2a: 30%|move: Protect\n|\n|-heal|p2a: 30%|100\/100|[from] Grassy Terrain\n|upkeep\n|\n|t:|1697484831\n|switch|p2b: \u0d9e|Amoonguss, M|84\/100\n|turn|10\n|\n|t:|1697484844\n|move|p1b: Donphan|Protect|p1b: Donphan\n|-singleturn|p1b: Donphan|Protect\n|move|p1a: Rillaboom|Stomping Tantrum|p2b: \u0d9e\n|-damage|p2b: \u0d9e|59\/100\n|move|p2a: 30%|Heat Wave|p1a: Rillaboom|[spread] p1a\n|-activate|p1b: Donphan|move: Protect\n|-supereffective|p1a: Rillaboom\n|-damage|p1a: Rillaboom|16\/100\n|move|p2b: \u0d9e|Spore|p1b: Donphan\n|-activate|p1b: Donphan|move: Protect\n|\n|-heal|p1a: Rillaboom|22\/100|[from] Grassy Terrain\n|-heal|p2b: \u0d9e|65\/100|[from] Grassy Terrain\n|upkeep\n|turn|11\n|\n|t:|1697484855\n|move|p1a: Rillaboom|Stomping Tantrum|p2b: \u0d9e\n|-crit|p2b: \u0d9e\n|-damage|p2b: \u0d9e|30\/100\n|move|p2a: 30%|Heat Wave|p1a: Rillaboom|[spread] p1a,p1b\n|-supereffective|p1a: Rillaboom\n|-damage|p1a: Rillaboom|0 fnt\n|-ability|p1b: Donphan|Sturdy\n|-damage|p1b: Donphan|8\/100\n|-status|p1b: Donphan|brn\n|faint|p1a: Rillaboom\n|move|p2b: \u0d9e|Spore||[still]\n|-fail|p2b: \u0d9e\n|move|p1b: Donphan|Endeavor|p2a: 30%\n|-damage|p2a: 30%|1\/100\n|-heal|p1b: Donphan|100\/100 brn|[from] item: Shell Bell|[of] p2a: 30%\n|\n|-heal|p2a: 30%|7\/100|[from] Grassy Terrain\n|-heal|p2a: 30%|13\/100|[from] item: Leftovers\n|-heal|p2b: \u0d9e|36\/100|[from] Grassy Terrain\n|-damage|p1b: Donphan|93\/100 brn|[from] brn\n|upkeep\n|\n|t:|1697484858\n|switch|p1a: Basculegion|Basculegion, M, shiny|100\/100\n|turn|12\n|c|\u2606BriefMarigold4|ok that was\n|c|\u2606BriefMarigold4|oh\n|\n|t:|1697484882\n|-terastallize|p1a: Basculegion|Water\n|-terastallize|p2a: 30%|Normal\n|move|p1a: Basculegion|Outrage|p2a: 30%\n|-damage|p2a: 30%|0 fnt\n|faint|p2a: 30%\n|move|p2b: \u0d9e|Clear Smog|p1b: Donphan\n|-resisted|p1b: Donphan\n|-damage|p1b: Donphan|0 fnt\n|-clearboost|p1b: Donphan\n|faint|p1b: Donphan\n|\n|-heal|p2b: \u0d9e|42\/100|[from] Grassy Terrain\n|upkeep\n|c|\u2606BriefMarigold4|huh?????????\n|c|\u2606BriefMarigold4|i'm flabbergasted\n|\n|t:|1697484900\n|switch|p2a: demomanlaugh.wav|Rillaboom, M|77\/100\n|turn|13\n|c|\u2606FIVESSMURFY|damn gg\n|c|\u2606BriefMarigold4|gg\n|\n|t:|1697484917\n|move|p1a: Basculegion|Outrage|p2b: \u0d9e|[from]lockedmove\n|-damage|p2b: \u0d9e|10\/100\n|-start|p1a: Basculegion|confusion|[fatigue]\n|move|p2a: demomanlaugh.wav|Wood Hammer|p1a: Basculegion\n|-supereffective|p1a: Basculegion\n|-damage|p1a: Basculegion|0 fnt\n|faint|p1a: Basculegion\n|-damage|p2a: demomanlaugh.wav|46\/100|[from] Recoil\n|\n|win|BriefMarigold4\n|l|\u2606FIVESSMURFY\n","uploadtime":1697485043,"views":9,"p1id":"fivessmurfy","p2id":"briefmarigold4","formatid":"gen9doublesou","rating":0,"private":0,"password":""}