{"id":"gen9doublesou-1999030742","p1":"CanadaThePlace","p2":"CoreSolis","format":"[Gen 9] Doubles OU","log":"|j|\u2606CanadaThePlace\n|j|\u2606CoreSolis\n|t:|1701025740\n|gametype|doubles\n|player|p1|CanadaThePlace|alder|1144\n|player|p2|CoreSolis|169|1181\n|teamsize|p1|6\n|teamsize|p2|6\n|gen|9\n|tier|[Gen 9] Doubles OU\n|rated|\n|rule|Species Clause: Limit one of each Pok\u00e9mon\n|rule|OHKO Clause: OHKO moves are banned\n|rule|Evasion Moves Clause: Evasion moves are banned\n|rule|Gravity Sleep Clause: The combination of sleep-inducing moves with imperfect accuracy and Gravity or Gigantamax Orbeetle are banned\n|rule|Endless Battle Clause: Forcing endless battles is banned\n|rule|HP Percentage Mod: HP is shown in percentages\n|clearpoke\n|poke|p1|Chi-Yu|\n|poke|p1|Diancie|\n|poke|p1|Clefairy, M|\n|poke|p1|Sinistcha|\n|poke|p1|Grimmsnarl, M|\n|poke|p1|Torkoal, F|\n|poke|p2|Scream Tail|\n|poke|p2|Kommo-o, M|\n|poke|p2|Tornadus, M|\n|poke|p2|Sinistcha-Masterpiece|\n|poke|p2|Rillaboom, M|\n|poke|p2|Iron Hands|\n|teampreview\n|c|\u2606CoreSolis|glhf\n|\n|t:|1701025757\n|start\n|switch|p1a: Diancie|Diancie|100\/100\n|switch|p1b: Clefairy|Clefairy, M|100\/100\n|switch|p2a: Tornadus|Tornadus, M, shiny|100\/100\n|switch|p2b: Scream Tail|Scream Tail|100\/100\n|-enditem|p2b: Scream Tail|Booster Energy\n|-activate|p2b: Scream Tail|ability: Protosynthesis|[fromitem]\n|-start|p2b: Scream Tail|protosynthesisspe\n|turn|1\n|\n|t:|1701025783\n|move|p1b: Clefairy|Follow Me|p1b: Clefairy\n|-singleturn|p1b: Clefairy|move: Follow Me\n|move|p2a: Tornadus|Taunt|p1b: Clefairy\n|-start|p1b: Clefairy|move: Taunt\n|move|p2b: Scream Tail|Stealth Rock|p1a: Diancie\n|-sidestart|p1: CanadaThePlace|move: Stealth Rock\n|move|p1a: Diancie|Calm Mind|p1a: Diancie\n|-boost|p1a: Diancie|spa|1\n|-boost|p1a: Diancie|spd|1\n|\n|upkeep\n|turn|2\n|\n|t:|1701025797\n|switch|p1b: Grimmsnarl|Grimmsnarl, M|100\/100\n|-damage|p1b: Grimmsnarl|88\/100|[from] Stealth Rock\n|move|p2a: Tornadus|Tailwind|p2a: Tornadus\n|-sidestart|p2: CoreSolis|move: Tailwind\n|move|p2b: Scream Tail|Thunder Wave|p1a: Diancie\n|-status|p1a: Diancie|par\n|move|p1a: Diancie|Diamond Storm|p2b: Scream Tail|[spread] p2a,p2b\n|-supereffective|p2a: Tornadus\n|-damage|p2a: Tornadus|42\/100\n|-damage|p2b: Scream Tail|82\/100\n|-boost|p1a: Diancie|def|2\n|\n|upkeep\n|turn|3\n|\n|t:|1701025821\n|-end|p2b: Scream Tail|Protosynthesis|[silent]\n|switch|p2b: Sinistcha|Sinistcha-Masterpiece|100\/100\n|-heal|p2a: Tornadus|67\/100|[from] ability: Hospitality|[of] p2b: Sinistcha\n|move|p2a: Tornadus|Protect|p2a: Tornadus\n|-singleturn|p2a: Tornadus|Protect\n|move|p1b: Grimmsnarl|Light Screen|p1b: Grimmsnarl\n|-sidestart|p1: CanadaThePlace|move: Light Screen\n|cant|p1a: Diancie|par\n|\n|upkeep\n|turn|4\n|\n|t:|1701025841\n|move|p2a: Tornadus|Taunt|p1a: Diancie\n|-start|p1a: Diancie|move: Taunt\n|move|p1b: Grimmsnarl|Reflect|p1b: Grimmsnarl\n|-sidestart|p1: CanadaThePlace|Reflect\n|move|p2b: Sinistcha|Matcha Gotcha|p1b: Grimmsnarl|[spread] p1a,p1b\n|-supereffective|p1a: Diancie\n|-damage|p1a: Diancie|87\/100 par\n|-damage|p1b: Grimmsnarl|75\/100\n|cant|p1a: Diancie|move: Taunt|Calm Mind\n|\n|upkeep\n|turn|5\n|\n|t:|1701025865\n|switch|p2b: Iron Hands|Iron Hands|100\/100\n|move|p2a: Tornadus|Protect|p2a: Tornadus\n|-singleturn|p2a: Tornadus|Protect\n|move|p1b: Grimmsnarl|Parting Shot|p2a: Tornadus\n|-activate|p2a: Tornadus|move: Protect\n|move|p1a: Diancie|Diamond Storm|p2a: Tornadus|[spread] p2b\n|-activate|p2a: Tornadus|move: Protect\n|-resisted|p2b: Iron Hands\n|-damage|p2b: Iron Hands|93\/100\n|-boost|p1a: Diancie|def|2\n|\n|-sideend|p2: CoreSolis|move: Tailwind\n|upkeep\n|turn|6\n|\n|t:|1701025891\n|move|p2a: Tornadus|Tailwind|p2a: Tornadus\n|-sidestart|p2: CoreSolis|move: Tailwind\n|move|p1b: Grimmsnarl|Parting Shot|p2b: Iron Hands\n|-unboost|p2b: Iron Hands|atk|1\n|-unboost|p2b: Iron Hands|spa|1\n|\n|t:|1701025898\n|switch|p1b: Clefairy|Clefairy, M|100\/100|[from] Parting Shot\n|-damage|p1b: Clefairy|88\/100|[from] Stealth Rock\n|move|p2b: Iron Hands|Heavy Slam|p1b: Clefairy\n|-supereffective|p1b: Clefairy\n|-damage|p1b: Clefairy|38\/100\n|move|p1a: Diancie|Diamond Storm|p2a: Tornadus|[spread] p2b\n|-miss|p1a: Diancie|p2a: Tornadus\n|-resisted|p2b: Iron Hands\n|-damage|p2b: Iron Hands|85\/100\n|\n|-end|p1a: Diancie|move: Taunt\n|upkeep\n|turn|7\n|\n|t:|1701025936\n|move|p1b: Clefairy|Follow Me|p1b: Clefairy\n|-singleturn|p1b: Clefairy|move: Follow Me\n|move|p2a: Tornadus|Taunt|p1b: Clefairy\n|-start|p1b: Clefairy|move: Taunt\n|move|p2b: Iron Hands|Heavy Slam|p1b: Clefairy\n|-supereffective|p1b: Clefairy\n|-damage|p1b: Clefairy|0 fnt\n|faint|p1b: Clefairy\n|move|p1a: Diancie|Baton Pass|p1a: Diancie\n|\n|t:|1701025945\n|switch|p1a: Chi-Yu|Chi-Yu|100\/100|[from] Baton Pass\n|-damage|p1a: Chi-Yu|76\/100|[from] Stealth Rock\n|-ability|p1a: Chi-Yu|Beads of Ruin\n|\n|-heal|p1a: Chi-Yu|82\/100|[from] item: Leftovers\n|upkeep\n|\n|t:|1701025955\n|switch|p1b: Torkoal|Torkoal, F|100\/100\n|-damage|p1b: Torkoal|76\/100|[from] Stealth Rock\n|-weather|SunnyDay|[from] ability: Drought|[of] p1b: Torkoal\n|turn|8\n|\n|t:|1701025985\n|-end|p2b: Iron Hands|Quark Drive|[silent]\n|switch|p2b: Sinistcha|Sinistcha-Masterpiece|100\/100\n|-heal|p2a: Tornadus|92\/100|[from] ability: Hospitality|[of] p2b: Sinistcha\n|-terastallize|p1a: Chi-Yu|Fire\n|move|p2a: Tornadus|Protect|p2a: Tornadus\n|-singleturn|p2a: Tornadus|Protect\n|move|p1a: Chi-Yu|Heat Wave|p2b: Sinistcha|[spread] p2b\n|-activate|p2a: Tornadus|move: Protect\n|-supereffective|p2b: Sinistcha\n|-damage|p2b: Sinistcha|0 fnt\n|faint|p2b: Sinistcha\n|move|p1b: Torkoal|Eruption|p2a: Tornadus\n|-activate|p2a: Tornadus|move: Protect\n|\n|-weather|SunnyDay|[upkeep]\n|-heal|p1a: Chi-Yu|88\/100|[from] item: Leftovers\n|upkeep\n|\n|t:|1701025990\n|switch|p2b: Iron Hands|Iron Hands|85\/100\n|turn|9\n|\n|t:|1701026005\n|move|p2b: Iron Hands|Fake Out|p1a: Chi-Yu\n|-damage|p1a: Chi-Yu|82\/100\n|move|p2a: Tornadus|Bleakwind Storm|p1a: Chi-Yu|[spread] p1a,p1b\n|-damage|p1a: Chi-Yu|67\/100\n|-damage|p1b: Torkoal|39\/100\n|cant|p1a: Chi-Yu|flinch\n|move|p1b: Torkoal|Eruption|p2b: Iron Hands|[spread] p2a,p2b\n|-damage|p2a: Tornadus|64\/100\n|-damage|p2b: Iron Hands|71\/100\n|\n|-weather|SunnyDay|[upkeep]\n|-heal|p1a: Chi-Yu|73\/100|[from] item: Leftovers\n|-sideend|p2: CoreSolis|move: Tailwind\n|upkeep\n|turn|10\n|\n|t:|1701026036\n|switch|p1b: Sinistcha|Sinistcha|100\/100\n|-damage|p1b: Sinistcha|88\/100|[from] Stealth Rock\n|-heal|p1a: Chi-Yu|97\/100|[from] ability: Hospitality|[of] p1b: Sinistcha\n|move|p2a: Tornadus|Tailwind|p2a: Tornadus\n|-sidestart|p2: CoreSolis|move: Tailwind\n|move|p1a: Chi-Yu|Heat Wave|p2a: Tornadus|[spread] p2a,p2b\n|-damage|p2a: Tornadus|0 fnt\n|-damage|p2b: Iron Hands|0 fnt\n|faint|p2a: Tornadus\n|faint|p2b: Iron Hands\n|-end|p2b: Iron Hands|Quark Drive|[silent]\n|\n|-weather|SunnyDay|[upkeep]\n|-heal|p1a: Chi-Yu|100\/100|[from] item: Leftovers\n|-sideend|p1: CanadaThePlace|move: Light Screen\n|upkeep\n|\n|t:|1701026053\n|switch|p2a: Rillaboom|Rillaboom, M, shiny|100\/100\n|switch|p2b: Kommo-o|Kommo-o, M|100\/100\n|-fieldstart|move: Grassy Terrain|[from] ability: Grassy Surge|[of] p2a: Rillaboom\n|turn|11\n|\n|t:|1701026069\n|switch|p1b: Grimmsnarl|Grimmsnarl, M|75\/100\n|-damage|p1b: Grimmsnarl|63\/100|[from] Stealth Rock\n|move|p2a: Rillaboom|Fake Out|p1a: Chi-Yu\n|-damage|p1a: Chi-Yu|95\/100\n|move|p2b: Kommo-o|Clangorous Soul|p2b: Kommo-o\n|-boost|p2b: Kommo-o|atk|1\n|-boost|p2b: Kommo-o|def|1\n|-boost|p2b: Kommo-o|spa|1\n|-boost|p2b: Kommo-o|spd|1\n|-boost|p2b: Kommo-o|spe|1\n|-damage|p2b: Kommo-o|68\/100\n|-enditem|p2b: Kommo-o|Throat Spray\n|-boost|p2b: Kommo-o|spa|1|[from] item: Throat Spray\n|cant|p1a: Chi-Yu|flinch\n|\n|-weather|SunnyDay|[upkeep]\n|-heal|p2b: Kommo-o|74\/100|[from] Grassy Terrain\n|-heal|p1a: Chi-Yu|100\/100|[from] Grassy Terrain\n|-heal|p1b: Grimmsnarl|69\/100|[from] Grassy Terrain\n|-sideend|p1: CanadaThePlace|Reflect\n|upkeep\n|turn|12\n|inactive|Battle timer is ON: inactive players will automatically lose when time's up. (requested by CanadaThePlace)\n|\n|t:|1701026112\n|move|p1b: Grimmsnarl|Light Screen|p1b: Grimmsnarl\n|-sidestart|p1: CanadaThePlace|move: Light Screen\n|move|p2b: Kommo-o|Clanging Scales|p1b: Grimmsnarl|[spread] p1a\n|-immune|p1b: Grimmsnarl\n|-crit|p1a: Chi-Yu\n|-damage|p1a: Chi-Yu|0 fnt\n|faint|p1a: Chi-Yu\n|-unboost|p2b: Kommo-o|def|1\n|move|p2a: Rillaboom|Wood Hammer|p1b: Grimmsnarl\n|-damage|p1b: Grimmsnarl|0 fnt\n|faint|p1b: Grimmsnarl\n|-damage|p2a: Rillaboom|78\/100|[from] Recoil\n|\n|-weather|SunnyDay|[upkeep]\n|-heal|p2b: Kommo-o|80\/100|[from] Grassy Terrain\n|-heal|p2a: Rillaboom|85\/100|[from] Grassy Terrain\n|upkeep\n|c|\u2606CoreSolis|wow i got\n|c|\u2606CoreSolis|lucky\n|\n|t:|1701026126\n|switch|p1a: Diancie|Diancie|87\/100 par\n|switch|p1b: Sinistcha|Sinistcha|88\/100\n|-damage|p1b: Sinistcha|76\/100|[from] Stealth Rock\n|-heal|p1a: Diancie|100\/100 par|[from] ability: Hospitality|[of] p1b: Sinistcha\n|-damage|p1a: Diancie|88\/100 par|[from] Stealth Rock\n|turn|13\n|\n|t:|1701026143\n|-terastallize|p2b: Kommo-o|Steel\n|move|p1b: Sinistcha|Rage Powder|p1b: Sinistcha\n|-singleturn|p1b: Sinistcha|move: Rage Powder\n|move|p2b: Kommo-o|Flash Cannon|p1b: Sinistcha\n|-damage|p1b: Sinistcha|21\/100\n|-enditem|p1b: Sinistcha|Eject Button\n|\n|t:|1701026149\n|switch|p1b: Torkoal|Torkoal, F|39\/100\n|-damage|p1b: Torkoal|14\/100|[from] Stealth Rock\n|move|p2a: Rillaboom|U-turn|p1b: Torkoal\n|-resisted|p1b: Torkoal\n|-damage|p1b: Torkoal|6\/100\n|\n|t:|1701026154\n|switch|p2a: Scream Tail|Scream Tail|82\/100|[from] U-turn\n|-activate|p2a: Scream Tail|ability: Protosynthesis\n|-start|p2a: Scream Tail|protosynthesisspe\n|cant|p1a: Diancie|par\n|\n|-weather|SunnyDay|[upkeep]\n|-heal|p2a: Scream Tail|89\/100|[from] Grassy Terrain\n|-heal|p2b: Kommo-o|86\/100|[from] Grassy Terrain\n|-heal|p1b: Torkoal|12\/100|[from] Grassy Terrain\n|-heal|p1a: Diancie|94\/100 par|[from] Grassy Terrain\n|-sideend|p2: CoreSolis|move: Tailwind\n|upkeep\n|turn|14\n|\n|t:|1701026167\n|move|p2a: Scream Tail|Dazzling Gleam|p1a: Diancie|[spread] p1a,p1b\n|-resisted|p1b: Torkoal\n|-damage|p1a: Diancie|89\/100 par\n|-damage|p1b: Torkoal|7\/100\n|move|p2b: Kommo-o|Flash Cannon|p1a: Diancie\n|-supereffective|p1a: Diancie\n|-damage|p1a: Diancie|0 fnt\n|faint|p1a: Diancie\n|move|p1b: Torkoal|Eruption|p2b: Kommo-o|[spread] p2a,p2b\n|-supereffective|p2b: Kommo-o\n|-damage|p2a: Scream Tail|86\/100\n|-damage|p2b: Kommo-o|80\/100\n|\n|-weather|SunnyDay|[upkeep]\n|-heal|p2a: Scream Tail|93\/100|[from] Grassy Terrain\n|-heal|p2b: Kommo-o|86\/100|[from] Grassy Terrain\n|-heal|p1b: Torkoal|13\/100|[from] Grassy Terrain\n|upkeep\n|-message|CanadaThePlace forfeited.\n|\n|win|CoreSolis\n|raw|CanadaThePlace's rating: 1144 &rarr; <strong>1122<\/strong><br \/>(-22 for losing)\n|raw|CoreSolis's rating: 1181 &rarr; <strong>1203<\/strong><br \/>(+22 for winning)\n|l|\u2606CanadaThePlace\n|c|\u2606CoreSolis|gg\n","uploadtime":1701026181,"views":37,"p1id":"canadatheplace","p2id":"coresolis","formatid":"gen9doublesou","rating":1122,"private":0,"password":""}