{"id":"gen9doublesou-1978622327","p1":"kumsumkneeda","p2":"DragonXYZ_12","format":"[Gen 9] Doubles OU","log":"|j|\u2606kumsumkneeda\n|j|\u2606DragonXYZ_12\n|t:|1698568852\n|gametype|doubles\n|player|p1|kumsumkneeda|169|1177\n|player|p2|DragonXYZ_12|ethan|1067\n|teamsize|p1|6\n|teamsize|p2|6\n|gen|9\n|tier|[Gen 9] Doubles OU\n|rated|\n|rule|Species Clause: Limit one of each Pok\u00e9mon\n|rule|OHKO Clause: OHKO moves are banned\n|rule|Evasion Moves Clause: Evasion moves are banned\n|rule|Gravity Sleep Clause: The combination of sleep-inducing moves with imperfect accuracy and Gravity or Gigantamax Orbeetle are banned\n|rule|Endless Battle Clause: Forcing endless battles is banned\n|rule|HP Percentage Mod: HP is shown in percentages\n|clearpoke\n|poke|p1|Ogerpon-Hearthflame, F|\n|poke|p1|Cresselia, F|\n|poke|p1|Flutter Mane|\n|poke|p1|Iron Hands|\n|poke|p1|Landorus-Therian, M|\n|poke|p1|Iron Bundle|\n|poke|p2|Volcarona, M|\n|poke|p2|Clefairy, M|\n|poke|p2|Sinistcha|\n|poke|p2|Oricorio-Sensu, F|\n|poke|p2|Kommo-o, M|\n|poke|p2|Landorus-Therian, M|\n|teampreview\n|\n|t:|1698568866\n|start\n|switch|p1a: Flutter Mane|Flutter Mane|100\/100\n|switch|p1b: Iron Bundle|Iron Bundle|100\/100\n|switch|p2a: Kommo-o|Kommo-o, M|100\/100\n|switch|p2b: Oricorio|Oricorio-Sensu, F|100\/100\n|turn|1\n|\n|t:|1698568877\n|-terastallize|p2a: Kommo-o|Steel\n|move|p2b: Oricorio|Protect|p2b: Oricorio\n|-singleturn|p2b: Oricorio|Protect\n|move|p1a: Flutter Mane|Dazzling Gleam|p2a: Kommo-o|[spread] p2a\n|-activate|p2b: Oricorio|move: Protect\n|-resisted|p2a: Kommo-o\n|-damage|p2a: Kommo-o|82\/100\n|move|p1b: Iron Bundle|Icy Wind|p2a: Kommo-o|[spread] p2a\n|-activate|p2b: Oricorio|move: Protect\n|-resisted|p2a: Kommo-o\n|-damage|p2a: Kommo-o|69\/100\n|-unboost|p2a: Kommo-o|spe|1\n|move|p2a: Kommo-o|Clangorous Soul|p2a: Kommo-o\n|-boost|p2a: Kommo-o|atk|1\n|-boost|p2a: Kommo-o|def|1\n|-boost|p2a: Kommo-o|spa|1\n|-boost|p2a: Kommo-o|spd|1\n|-boost|p2a: Kommo-o|spe|1\n|-damage|p2a: Kommo-o|36\/100\n|-enditem|p2a: Kommo-o|Throat Spray\n|-boost|p2a: Kommo-o|spa|1|[from] item: Throat Spray\n|-activate|p2b: Oricorio|ability: Dancer\n|move|p2b: Oricorio|Clangorous Soul|p2b: Oricorio|[from]ability: Dancer\n|-boost|p2b: Oricorio|atk|1\n|-boost|p2b: Oricorio|def|1\n|-boost|p2b: Oricorio|spa|1\n|-boost|p2b: Oricorio|spd|1\n|-boost|p2b: Oricorio|spe|1\n|-damage|p2b: Oricorio|68\/100\n|\n|upkeep\n|turn|2\n|\n|t:|1698568919\n|move|p1a: Flutter Mane|Dazzling Gleam|p2b: Oricorio|[spread] p2a,p2b\n|-resisted|p2a: Kommo-o\n|-damage|p2a: Kommo-o|25\/100\n|-damage|p2b: Oricorio|35\/100\n|move|p2b: Oricorio|Revelation Dance|p1b: Iron Bundle\n|-damage|p1b: Iron Bundle|0 fnt\n|faint|p1b: Iron Bundle\n|-end|p1b: Iron Bundle|Quark Drive|[silent]\n|move|p2a: Kommo-o|Flash Cannon|p1a: Flutter Mane\n|-supereffective|p1a: Flutter Mane\n|-damage|p1a: Flutter Mane|0 fnt\n|faint|p1a: Flutter Mane\n|-end|p1a: Flutter Mane|Protosynthesis|[silent]\n|\n|upkeep\n|\n|t:|1698568927\n|switch|p1b: Landorus|Landorus-Therian, M|100\/100\n|switch|p1a: Ogerpon|Ogerpon-Hearthflame, F|100\/100\n|-ability|p1a: Ogerpon|Mold Breaker\n|-ability|p1b: Landorus|Intimidate|boost\n|-unboost|p2a: Kommo-o|atk|1\n|-unboost|p2b: Oricorio|atk|1\n|turn|3\n|\n|t:|1698568960\n|move|p2b: Oricorio|Roost|p2b: Oricorio\n|-heal|p2b: Oricorio|85\/100\n|-singleturn|p2b: Oricorio|move: Roost\n|move|p1a: Ogerpon|Knock Off|p2b: Oricorio\n|-supereffective|p2b: Oricorio\n|-damage|p2b: Oricorio|6\/100\n|-enditem|p2b: Oricorio|Weakness Policy\n|-boost|p2b: Oricorio|atk|2|[from] item: Weakness Policy\n|-boost|p2b: Oricorio|spa|2|[from] item: Weakness Policy\n|move|p1b: Landorus|Stomping Tantrum|p2a: Kommo-o\n|-supereffective|p2a: Kommo-o\n|-damage|p2a: Kommo-o|0 fnt\n|faint|p2a: Kommo-o\n|\n|upkeep\n|\n|t:|1698568979\n|switch|p2a: Volcarona|Volcarona, M|100\/100\n|turn|4\n|\n|t:|1698568988\n|move|p2b: Oricorio|Protect|p2b: Oricorio\n|-singleturn|p2b: Oricorio|Protect\n|move|p1a: Ogerpon|U-turn|p2b: Oricorio\n|-activate|p2b: Oricorio|move: Protect\n|move|p2a: Volcarona|Quiver Dance|p2a: Volcarona\n|-boost|p2a: Volcarona|spa|1\n|-boost|p2a: Volcarona|spd|1\n|-boost|p2a: Volcarona|spe|1\n|-activate|p2b: Oricorio|ability: Dancer\n|move|p2b: Oricorio|Quiver Dance|p2b: Oricorio|[from]ability: Dancer\n|-boost|p2b: Oricorio|spa|1\n|-boost|p2b: Oricorio|spd|1\n|-boost|p2b: Oricorio|spe|1\n|move|p1b: Landorus|Stomping Tantrum|p2a: Volcarona\n|-damage|p2a: Volcarona|39\/100\n|-status|p1b: Landorus|brn|[from] ability: Flame Body|[of] p2a: Volcarona\n|\n|-damage|p1b: Landorus|94\/100 brn|[from] brn\n|upkeep\n|turn|5\n|-message|kumsumkneeda forfeited.\n|\n|win|DragonXYZ_12\n|raw|kumsumkneeda's rating: 1177 &rarr; <strong>1144<\/strong><br \/>(-33 for losing)\n|raw|DragonXYZ_12's rating: 1067 &rarr; <strong>1106<\/strong><br \/>(+39 for winning)\n|l|\u2606kumsumkneeda\n","uploadtime":1698569008,"views":27,"p1id":"kumsumkneeda","p2id":"dragonxyz12","formatid":"gen9doublesou","rating":1106,"private":0,"password":""}