{"id":"gen9doublesou-1968098921","p1":"Bli8tz","p2":"Iwillhuntyoudown","format":"[Gen 9] Doubles OU","log":"|j|\u2606Bli8tz\n|j|\u2606Iwillhuntyoudown\n|inactive|Battle timer is ON: inactive players will automatically lose when time's up.\n|t:|1697384180\n|gametype|doubles\n|player|p1|Bli8tz|lusamine-nihilego|\n|player|p2|Iwillhuntyoudown|cyrus-masters|\n|teamsize|p1|6\n|teamsize|p2|6\n|gen|9\n|tier|[Gen 9] Doubles OU\n|rated|Tournament battle\n|rule|Species Clause: Limit one of each Pok\u00e9mon\n|rule|OHKO Clause: OHKO moves are banned\n|rule|Evasion Moves Clause: Evasion moves are banned\n|rule|Gravity Sleep Clause: The combination of sleep-inducing moves with imperfect accuracy and Gravity or Gigantamax Orbeetle are banned\n|rule|Endless Battle Clause: Forcing endless battles is banned\n|rule|HP Percentage Mod: HP is shown in percentages\n|clearpoke\n|poke|p1|Farigiraf, F|\n|poke|p1|Crawdaunt, F|\n|poke|p1|Empoleon, M|\n|poke|p1|Poliwrath, M|\n|poke|p1|Tyranitar, F|\n|poke|p1|Lucario, M|\n|poke|p2|Volcarona, M|\n|poke|p2|Meowscarada, M|\n|poke|p2|Drifblim, M|\n|poke|p2|Maushold-Four|\n|poke|p2|Rabsca, M|\n|poke|p2|Banette, M|\n|teampreview\n|j|*Lady Monita \u263d\n|inactive|Iwillhuntyoudown also wants the timer to be on.\n|inactive|Bli8tz also wants the timer to be on.\n|c|\u2606Iwillhuntyoudown|glhf\n|\n|t:|1697384195\n|start\n|switch|p1a: Farigiraf|Farigiraf, F|100\/100\n|switch|p1b: Crawdaunt|Crawdaunt, F, shiny|100\/100\n|switch|p2a: Volcarona|Volcarona, M, shiny|100\/100\n|switch|p2b: Maushold|Maushold-Four, shiny|100\/100\n|turn|1\n|\n|t:|1697384205\n|move|p1b: Crawdaunt|Protect|p1b: Crawdaunt\n|-singleturn|p1b: Crawdaunt|Protect\n|move|p2b: Maushold|Population Bomb|p1b: Crawdaunt\n|-activate|p1b: Crawdaunt|move: Protect\n|move|p2a: Volcarona|Bug Buzz|p1a: Farigiraf\n|-supereffective|p1a: Farigiraf\n|-damage|p1a: Farigiraf|27\/100\n|move|p1a: Farigiraf|Trick Room|p1a: Farigiraf\n|-fieldstart|move: Trick Room|[of] p1a: Farigiraf\n|\n|-heal|p1a: Farigiraf|33\/100|[from] item: Leftovers\n|upkeep\n|turn|2\n|j| DumDieCutie\n|inactive|Iwillhuntyoudown has 120 seconds left.\n|\n|t:|1697384242\n|switch|p1a: Empoleon|Empoleon, M|100\/100\n|move|p1b: Crawdaunt|Knock Off|p2b: Maushold\n|-enditem|p2b: Maushold|Focus Sash\n|-damage|p2b: Maushold|1\/100\n|-damage|p1b: Crawdaunt|90\/100|[from] item: Life Orb\n|move|p2a: Volcarona|Bug Buzz|p1a: Empoleon\n|-resisted|p1a: Empoleon\n|-damage|p1a: Empoleon|75\/100\n|move|p2b: Maushold|Population Bomb|p1b: Crawdaunt\n|-damage|p1b: Crawdaunt|77\/100\n|-damage|p1b: Crawdaunt|64\/100\n|-damage|p1b: Crawdaunt|52\/100\n|-damage|p1b: Crawdaunt|39\/100\n|-damage|p1b: Crawdaunt|24\/100\n|-damage|p1b: Crawdaunt|10\/100\n|-damage|p1b: Crawdaunt|0 fnt\n|faint|p1b: Crawdaunt\n|-hitcount|p1: Crawdaunt|7\n|\n|upkeep\n|j| bluecrushe\n|\n|t:|1697384255\n|switch|p1b: Poliwrath|Poliwrath, M|100\/100\n|turn|3\n|l| bluecrushe\n|\n|t:|1697384276\n|move|p1b: Poliwrath|Liquidation|p2b: Maushold\n|-damage|p2b: Maushold|0 fnt\n|faint|p2b: Maushold\n|move|p1a: Empoleon|Air Slash|p2a: Volcarona\n|-supereffective|p2a: Volcarona\n|-damage|p2a: Volcarona|29\/100\n|-damage|p1a: Empoleon|65\/100|[from] item: Life Orb\n|cant|p2a: Volcarona|flinch\n|\n|-heal|p2a: Volcarona|36\/100|[from] item: Leftovers\n|upkeep\n|\n|t:|1697384283\n|switch|p2b: Rabsca|Rabsca, M, shiny|100\/100\n|turn|4\n|\n|t:|1697384295\n|-terastallize|p1a: Empoleon|Flying\n|move|p2b: Rabsca|Revival Blessing|p2b: Rabsca\n|-enditem|p2b: Rabsca|Leppa Berry|[eat]\n|-activate|p2b: Rabsca|item: Leppa Berry|Revival Blessing|[consumed]\n|\n|t:|1697384302\n|-heal|p2: Maushold|50\/100|[from] move: Revival Blessing\n|move|p1b: Poliwrath|Rock Slide|p2a: Volcarona|[spread] p2a,p2b\n|-supereffective|p2a: Volcarona\n|-supereffective|p2b: Rabsca\n|-damage|p2a: Volcarona|0 fnt\n|-damage|p2b: Rabsca|59\/100\n|faint|p2a: Volcarona\n|move|p1a: Empoleon|Air Slash|p2b: Rabsca\n|-supereffective|p2b: Rabsca\n|-damage|p2b: Rabsca|0 fnt\n|faint|p2b: Rabsca\n|-damage|p1a: Empoleon|55\/100|[from] item: Life Orb\n|\n|upkeep\n|j| Grayson joestar\n|\n|t:|1697384311\n|switch|p2b: Banette|Banette, M, shiny|100\/100\n|switch|p2a: Meowscarada|Meowscarada, M, shiny|100\/100\n|-item|p1a: Empoleon|Life Orb|[from] ability: Frisk|[of] p2b: Banette|[identify]\n|-item|p1b: Poliwrath|Leftovers|[from] ability: Frisk|[of] p2b: Banette|[identify]\n|turn|5\n|\n|t:|1697384324\n|move|p1b: Poliwrath|Drain Punch|p2a: Meowscarada\n|-supereffective|p2a: Meowscarada\n|-damage|p2a: Meowscarada|0 fnt\n|faint|p2a: Meowscarada\n|move|p1a: Empoleon|Air Slash|p2b: Banette\n|-damage|p2b: Banette|22\/100\n|-damage|p1a: Empoleon|45\/100|[from] item: Life Orb\n|cant|p2b: Banette|flinch\n|\n|-fieldend|move: Trick Room\n|upkeep\n|\n|t:|1697384328\n|switch|p2a: Maushold|Maushold-Four, shiny|50\/100\n|turn|6\n|\n|t:|1697384336\n|move|p2a: Maushold|Population Bomb|p1b: Poliwrath\n|-damage|p1b: Poliwrath|90\/100\n|-damage|p1b: Poliwrath|79\/100\n|-damage|p1b: Poliwrath|68\/100\n|-crit|p1b: Poliwrath\n|-damage|p1b: Poliwrath|53\/100\n|-damage|p1b: Poliwrath|43\/100\n|-damage|p1b: Poliwrath|32\/100\n|-damage|p1b: Poliwrath|22\/100\n|-hitcount|p1b: Poliwrath|7\n|move|p2b: Banette|Poltergeist|p1a: Empoleon\n|-activate|p1a: Empoleon|move: Poltergeist|Life Orb\n|-damage|p1a: Empoleon|0 fnt\n|faint|p1a: Empoleon\n|move|p1b: Poliwrath|Rock Slide|p2b: Banette|[spread] p2a,p2b\n|-damage|p2a: Maushold|25\/100\n|-damage|p2b: Banette|0 fnt\n|faint|p2b: Banette\n|\n|-heal|p1b: Poliwrath|28\/100|[from] item: Leftovers\n|upkeep\n|\n|t:|1697384359\n|switch|p2b: Drifblim|Drifblim, M, shiny|100\/100\n|switch|p1a: Farigiraf|Farigiraf, F|33\/100\n|turn|7\n|\n|t:|1697384376\n|move|p1a: Farigiraf|Protect|p1a: Farigiraf\n|-singleturn|p1a: Farigiraf|Protect\n|move|p2a: Maushold|Population Bomb|p1a: Farigiraf\n|-activate|p1a: Farigiraf|move: Protect\n|move|p2b: Drifblim|Air Slash|p1b: Poliwrath\n|-supereffective|p1b: Poliwrath\n|-damage|p1b: Poliwrath|0 fnt\n|faint|p1b: Poliwrath\n|\n|-heal|p1a: Farigiraf|39\/100|[from] item: Leftovers\n|-status|p2b: Drifblim|brn|[from] item: Flame Orb\n|upkeep\n|\n|t:|1697384387\n|switch|p1b: Tyranitar|Tyranitar, F|100\/100\n|-ability|p1b: Tyranitar|Unnerve\n|turn|8\n|j| Blonking\n|\n|t:|1697384403\n|move|p2a: Maushold|Bite|p1a: Farigiraf\n|-supereffective|p1a: Farigiraf\n|-damage|p1a: Farigiraf|0 fnt\n|faint|p1a: Farigiraf\n|move|p2b: Drifblim|Air Slash|p1b: Tyranitar\n|-resisted|p1b: Tyranitar\n|-damage|p1b: Tyranitar|87\/100\n|move|p1b: Tyranitar|Rock Slide|p2a: Maushold|[spread] p2a,p2b\n|-supereffective|p2b: Drifblim\n|-damage|p2a: Maushold|0 fnt\n|-damage|p2b: Drifblim|1\/100 brn\n|faint|p2a: Maushold\n|\n|-damage|p2b: Drifblim|0 fnt|[from] brn\n|faint|p2b: Drifblim\n|\n|win|Bli8tz\n|upkeep\n|n|\u2606Bli8tz|bli8tz\n|n|\u2606Iwillhuntyoudown|iwillhuntyoudown\n|n|*Lady Monita \u263d|ladymonita\n|n| DumDieCutie|dumdiecutie\n|n| Grayson joestar|graysonjoestar\n|n| Blonking|blonking\n","uploadtime":1697384404,"views":16,"p1id":"bli8tz","p2id":"iwillhuntyoudown","formatid":"gen9doublesou","rating":0,"private":0,"password":""}