{"id":"gen9doublesou-1980067154","p1":"tkhanh","p2":"spcplayzz","format":"[Gen 9] Doubles OU","log":"|j|\u2606tkhanh\n|j|\u2606spcplayzz\n|t:|1698753716\n|gametype|doubles\n|player|p1|tkhanh|morty|\n|player|p2|spcplayzz|fantina|\n|teamsize|p1|6\n|teamsize|p2|6\n|gen|9\n|tier|[Gen 9] Doubles OU\n|rule|Species Clause: Limit one of each Pok\u00e9mon\n|rule|OHKO Clause: OHKO moves are banned\n|rule|Evasion Moves Clause: Evasion moves are banned\n|rule|Gravity Sleep Clause: The combination of sleep-inducing moves with imperfect accuracy and Gravity or Gigantamax Orbeetle are banned\n|rule|Endless Battle Clause: Forcing endless battles is banned\n|rule|HP Percentage Mod: HP is shown in percentages\n|clearpoke\n|poke|p1|Cresselia, F|\n|poke|p1|Diancie|\n|poke|p1|Ursaluna, M|\n|poke|p1|Grimmsnarl, M|\n|poke|p1|Ogerpon-Wellspring, F|\n|poke|p1|Roaring Moon|\n|poke|p2|Heatran, M|\n|poke|p2|Landorus-Therian, M|\n|poke|p2|Rillaboom, M|\n|poke|p2|Roaring Moon|\n|poke|p2|Flutter Mane|\n|poke|p2|Ogerpon-Wellspring, F|\n|teampreview\n|inactive|Battle timer is ON: inactive players will automatically lose when time's up. (requested by spcplayzz)\n|inactive|tkhanh has 270 seconds left.\n|inactive|spcplayzz has 270 seconds left.\n|\n|t:|1698753770\n|start\n|switch|p1a: Grimmsnarl|Grimmsnarl, M|100\/100\n|switch|p1b: Ogerpon|Ogerpon-Wellspring, F|100\/100\n|switch|p2a: Rillaboom|Rillaboom, M|100\/100\n|switch|p2b: Roaring Moon|Roaring Moon|100\/100\n|-fieldstart|move: Grassy Terrain|[from] ability: Grassy Surge|[of] p2a: Rillaboom\n|-enditem|p2b: Roaring Moon|Booster Energy\n|-activate|p2b: Roaring Moon|ability: Protosynthesis|[fromitem]\n|-start|p2b: Roaring Moon|protosynthesisspe\n|turn|1\n|inactive|tkhanh has 270 seconds left.\n|inactive|spcplayzz has 270 seconds left.\n|\n|t:|1698753814\n|-end|p2b: Roaring Moon|Protosynthesis|[silent]\n|switch|p2b: Landorus|Landorus-Therian, M|100\/100\n|-ability|p2b: Landorus|Intimidate|boost\n|-unboost|p1a: Grimmsnarl|atk|1\n|-unboost|p1b: Ogerpon|atk|1\n|switch|p1b: Diancie|Diancie|100\/100\n|move|p2a: Rillaboom|Fake Out|p1a: Grimmsnarl\n|-damage|p1a: Grimmsnarl|83\/100\n|cant|p1a: Grimmsnarl|flinch\n|\n|-heal|p1a: Grimmsnarl|89\/100|[from] Grassy Terrain\n|upkeep\n|turn|2\n|inactive|tkhanh has 270 seconds left.\n|inactive|spcplayzz has 270 seconds left.\n|\n|t:|1698753851\n|switch|p1a: Ursaluna|Ursaluna, M|100\/100\n|-terastallize|p1b: Diancie|Fire\n|move|p2b: Landorus|Rock Slide|p1a: Ursaluna|[spread] p1a,p1b\n|-resisted|p1a: Ursaluna\n|-supereffective|p1b: Diancie\n|-damage|p1a: Ursaluna|93\/100\n|-damage|p1b: Diancie|64\/100\n|-enditem|p1b: Diancie|Weakness Policy\n|-boost|p1b: Diancie|atk|2|[from] item: Weakness Policy\n|-boost|p1b: Diancie|spa|2|[from] item: Weakness Policy\n|move|p2a: Rillaboom|Wood Hammer|p1a: Ursaluna\n|-supereffective|p1a: Ursaluna\n|-damage|p1a: Ursaluna|0 fnt\n|faint|p1a: Ursaluna\n|-damage|p2a: Rillaboom|66\/100|[from] Recoil\n|move|p1b: Diancie|Trick Room|p1b: Diancie\n|-fieldstart|move: Trick Room|[of] p1b: Diancie\n|\n|-heal|p1b: Diancie|70\/100|[from] Grassy Terrain\n|-heal|p2a: Rillaboom|72\/100|[from] Grassy Terrain\n|upkeep\n|inactive|tkhanh has 240 seconds left.\n|\n|t:|1698753884\n|switch|p1a: Cresselia|Cresselia, F|100\/100\n|turn|3\n|c|\u2606tkhanh|forgot I had tera fire ngl\n|inactive|tkhanh has 240 seconds left.\n|inactive|spcplayzz has 270 seconds left.\n|c|\u2606tkhanh|I'm so used to tera grass diancie\n|c|\u2606spcplayzz|i c\n|\n|t:|1698753917\n|move|p1b: Diancie|Diamond Storm|p2a: Rillaboom|[spread] p2a,p2b\n|-damage|p2a: Rillaboom|26\/100\n|-damage|p2b: Landorus|43\/100\n|-boost|p1b: Diancie|def|2\n|move|p1a: Cresselia|Lunar Blessing|p1a: Cresselia|[spread] p1a,p1b\n|-heal|p1b: Diancie|95\/100\n|move|p2a: Rillaboom|High Horsepower|p1b: Diancie\n|-supereffective|p1b: Diancie\n|-damage|p1b: Diancie|69\/100\n|move|p2b: Landorus|Rock Slide|p1a: Cresselia|[spread] p1a,p1b\n|-supereffective|p1b: Diancie\n|-damage|p1a: Cresselia|88\/100\n|-damage|p1b: Diancie|50\/100\n|\n|-heal|p1b: Diancie|56\/100|[from] Grassy Terrain\n|-heal|p2a: Rillaboom|32\/100|[from] Grassy Terrain\n|upkeep\n|turn|4\n|inactive|tkhanh has 240 seconds left.\n|inactive|spcplayzz has 270 seconds left.\n|\n|t:|1698753940\n|move|p2a: Rillaboom|Grassy Glide|p1a: Cresselia\n|-damage|p1a: Cresselia|69\/100\n|move|p1b: Diancie|Diamond Storm|p2a: Rillaboom|[spread] p2a,p2b\n|-damage|p2a: Rillaboom|0 fnt\n|-damage|p2b: Landorus|0 fnt\n|faint|p2a: Rillaboom\n|faint|p2b: Landorus\n|move|p1a: Cresselia|Lunar Blessing|p1a: Cresselia|[spread] p1a,p1b\n|-heal|p1a: Cresselia|94\/100\n|-heal|p1b: Diancie|81\/100\n|\n|-heal|p1b: Diancie|87\/100|[from] Grassy Terrain\n|upkeep\n|inactive|spcplayzz has 240 seconds left.\n|inactive|spcplayzz has 210 seconds left.\n|inactive|spcplayzz has 180 seconds left.\n|inactive|spcplayzz has 150 seconds left.\n|c|\u2606tkhanh|spcplayzz?\n|inactive|spcplayzz has 120 seconds left.\n|inactive|spcplayzz has 90 seconds left.\n|\n|t:|1698754134\n|switch|p2a: Ogerpon|Ogerpon-Wellspring, F|100\/100\n|switch|p2b: Heatran|Heatran, M|100\/100\n|turn|5\n|c|\u2606spcplayzz|sry\n|c|\u2606spcplayzz|someone came at the door\n|c|\u2606tkhanh|nws\n|inactive|spcplayzz has 90 seconds left.\n|c|\u2606tkhanh|maybe turn off timer though\n|inactive|tkhanh has 240 seconds left.\n|inactiveoff|Battle timer is now OFF.\n|\n|t:|1698754266\n|switch|p1a: Roaring Moon|Roaring Moon|100\/100\n|-enditem|p1a: Roaring Moon|Booster Energy\n|-activate|p1a: Roaring Moon|ability: Protosynthesis|[fromitem]\n|-start|p1a: Roaring Moon|protosynthesisatk\n|switch|p2b: Flutter Mane|Flutter Mane|100\/100\n|-enditem|p2b: Flutter Mane|Booster Energy\n|-activate|p2b: Flutter Mane|ability: Protosynthesis|[fromitem]\n|-start|p2b: Flutter Mane|protosynthesisspe\n|move|p1b: Diancie|Baton Pass|p1b: Diancie\n|\n|t:|1698754270\n|switch|p1b: Ogerpon|Ogerpon-Wellspring, F|100\/100|[from] Baton Pass\n|move|p2a: Ogerpon|Ivy Cudgel|p1b: Ogerpon\n|-immune|p1b: Ogerpon|[from] ability: Water Absorb\n|\n|-fieldend|move: Grassy Terrain\n|upkeep\n|turn|6\n|c|\u2606spcplayzz|ooh\n|c|\u2606spcplayzz|this is the second b pass diancie ive seen within 2 days\n|\n|t:|1698754347\n|move|p2a: Ogerpon|Spiky Shield|p2a: Ogerpon\n|-singleturn|p2a: Ogerpon|move: Protect\n|move|p2b: Flutter Mane|Protect|p2b: Flutter Mane\n|-singleturn|p2b: Flutter Mane|Protect\n|move|p1b: Ogerpon|Substitute|p1b: Ogerpon\n|-start|p1b: Ogerpon|Substitute\n|-damage|p1b: Ogerpon|76\/100\n|move|p1a: Roaring Moon|Acrobatics|p2b: Flutter Mane\n|-activate|p2b: Flutter Mane|move: Protect\n|\n|-fieldend|move: Trick Room\n|upkeep\n|turn|7\n|\n|t:|1698754380\n|move|p1a: Roaring Moon|Protect|p1a: Roaring Moon\n|-singleturn|p1a: Roaring Moon|Protect\n|move|p2a: Ogerpon|Follow Me|p2a: Ogerpon\n|-singleturn|p2a: Ogerpon|move: Follow Me\n|move|p2b: Flutter Mane|Moonblast|p1a: Roaring Moon\n|-activate|p1a: Roaring Moon|move: Protect\n|move|p1b: Ogerpon|Horn Leech|p2a: Ogerpon\n|-damage|p2a: Ogerpon|0 fnt\n|-heal|p1b: Ogerpon|100\/100|[from] drain|[of] p2a: Ogerpon\n|faint|p2a: Ogerpon\n|\n|upkeep\n|\n|t:|1698754390\n|switch|p2a: Heatran|Heatran, M|100\/100\n|turn|8\n|\n|t:|1698754414\n|-end|p1a: Roaring Moon|Protosynthesis|[silent]\n|switch|p1a: Diancie|Diancie, tera:Fire|87\/100\n|switch|p2a: Roaring Moon|Roaring Moon|100\/100\n|move|p2b: Flutter Mane|Moonblast|p1a: Diancie\n|-resisted|p1a: Diancie\n|-damage|p1a: Diancie|75\/100\n|move|p1b: Ogerpon|Ivy Cudgel|p2a: Roaring Moon\n|-resisted|p2a: Roaring Moon\n|-damage|p2a: Roaring Moon|30\/100\n|\n|upkeep\n|turn|9\n|c|\u2606tkhanh|gg\n|\n|t:|1698754428\n|move|p2b: Flutter Mane|Shadow Ball|p1b: Ogerpon\n|-end|p1b: Ogerpon|Substitute\n|move|p2a: Roaring Moon|Acrobatics|p1b: Ogerpon\n|-supereffective|p1b: Ogerpon\n|-damage|p1b: Ogerpon|49\/100\n|move|p1b: Ogerpon|Ivy Cudgel|p2b: Flutter Mane\n|-crit|p2b: Flutter Mane\n|-damage|p2b: Flutter Mane|0 fnt\n|faint|p2b: Flutter Mane\n|-end|p2b: Flutter Mane|Protosynthesis|[silent]\n|move|p1a: Diancie|Trick Room|p1a: Diancie\n|-fieldstart|move: Trick Room|[of] p1a: Diancie\n|\n|upkeep\n|c|\u2606spcplayzz|g\n|c|\u2606tkhanh|this team is kinda funny\n|\n|t:|1698754438\n|switch|p2b: Heatran|Heatran, M|100\/100\n|turn|10\n|\n|t:|1698754459\n|move|p2a: Roaring Moon|Protect|p2a: Roaring Moon\n|-singleturn|p2a: Roaring Moon|Protect\n|move|p1a: Diancie|Diamond Storm|p2a: Roaring Moon|[spread] p2b\n|-activate|p2a: Roaring Moon|move: Protect\n|-damage|p2b: Heatran|75\/100\n|-boost|p1a: Diancie|def|2\n|move|p2b: Heatran|Heat Wave|p1b: Ogerpon|[spread] p1b\n|-miss|p2b: Heatran|p1a: Diancie\n|-damage|p1b: Ogerpon|2\/100\n|move|p1b: Ogerpon|Ivy Cudgel|p2b: Heatran\n|-supereffective|p2b: Heatran\n|-damage|p2b: Heatran|0 fnt\n|faint|p2b: Heatran\n|\n|upkeep\n|turn|11\n|c|\u2606spcplayzz|gg\n|\n|t:|1698754510\n|-terastallize|p2a: Roaring Moon|Flying\n|move|p1a: Diancie|Diamond Storm|p2a: Roaring Moon\n|-supereffective|p2a: Roaring Moon\n|-damage|p2a: Roaring Moon|0 fnt\n|-boost|p1a: Diancie|def|2\n|faint|p2a: Roaring Moon\n|-end|p2a: Roaring Moon|Protosynthesis|[silent]\n|\n|win|tkhanh\n|c|\u2606spcplayzz|tr is very cool\n|c|\u2606spcplayzz|im a fan\n|l|\u2606spcplayzz\n|j|\u2606spcplayzz\n|player|p2|spcplayzz|fantina\n","uploadtime":1698754897,"views":9,"p1id":"tkhanh","p2id":"spcplayzz","formatid":"gen9doublesou","rating":0,"private":0,"password":""}