{"id":"gen9doublesou-1999965022","p1":"830r","p2":"nrg1999","format":"[Gen 9] Doubles OU","log":"|j|\u2606830r\n|j|\u2606nrg1999\n|t:|1701135376\n|gametype|doubles\n|player|p1|830r|veteran|1292\n|player|p2|nrg1999|2|1345\n|teamsize|p1|6\n|teamsize|p2|6\n|gen|9\n|tier|[Gen 9] Doubles OU\n|rated|\n|rule|Species Clause: Limit one of each Pok\u00e9mon\n|rule|OHKO Clause: OHKO moves are banned\n|rule|Evasion Moves Clause: Evasion moves are banned\n|rule|Gravity Sleep Clause: The combination of sleep-inducing moves with imperfect accuracy and Gravity or Gigantamax Orbeetle are banned\n|rule|Endless Battle Clause: Forcing endless battles is banned\n|rule|HP Percentage Mod: HP is shown in percentages\n|clearpoke\n|poke|p1|Sneasler, M|\n|poke|p1|Tornadus, M|\n|poke|p1|Regidrago|\n|poke|p1|Iron Moth|\n|poke|p1|Flutter Mane|\n|poke|p1|Gholdengo|\n|poke|p2|Scizor, F|\n|poke|p2|Zoroark-Hisui, M|\n|poke|p2|Braviary-Hisui, M|\n|poke|p2|Sinistcha-Masterpiece|\n|poke|p2|Sableye, F|\n|poke|p2|Orthworm, F|\n|teampreview\n|inactive|Battle timer is ON: inactive players will automatically lose when time's up. (requested by nrg1999)\n|inactive|830r also wants the timer to be on.\n|\n|t:|1701135386\n|start\n|switch|p1a: Sneasler|Sneasler, M|100\/100\n|switch|p1b: Tornadus|Tornadus, M|100\/100\n|switch|p2a: Orthworm|Orthworm, F, shiny|100\/100\n|switch|p2b: Sableye|Sableye, F, shiny|100\/100\n|turn|1\n|\n|t:|1701135412\n|move|p1a: Sneasler|Fake Out|p2b: Sableye\n|-immune|p2b: Sableye\n|move|p1b: Tornadus|Swagger|p2b: Sableye\n|-hint|Since gen 7, Dark is immune to Prankster moves.\n|-immune|p2b: Sableye\n|move|p2b: Sableye|Will-O-Wisp|p1a: Sneasler\n|-status|p1a: Sneasler|brn\n|move|p2a: Orthworm|Snarl|p1a: Sneasler|[spread] p1a,p1b\n|-resisted|p1a: Sneasler\n|-crit|p1a: Sneasler\n|-damage|p1a: Sneasler|85\/100 brn\n|-damage|p1b: Tornadus|82\/100\n|-unboost|p1a: Sneasler|spa|1\n|-unboost|p1b: Tornadus|spa|1\n|\n|-damage|p1a: Sneasler|79\/100 brn|[from] brn\n|upkeep\n|turn|2\n|\n|t:|1701135438\n|move|p1b: Tornadus|Swagger|p2a: Orthworm\n|-boost|p2a: Orthworm|atk|2\n|-enditem|p1b: Tornadus|Mirror Herb\n|-boost|p1b: Tornadus|atk|2|[from] item: Mirror Herb\n|-enditem|p1a: Sneasler|Mirror Herb\n|-boost|p1a: Sneasler|atk|2|[from] item: Mirror Herb\n|-start|p2a: Orthworm|confusion\n|move|p2b: Sableye|Reflect|p2b: Sableye\n|-sidestart|p2: nrg1999|Reflect\n|move|p1a: Sneasler|Close Combat|p2a: Orthworm\n|-immune|p2a: Orthworm\n|-activate|p2a: Orthworm|confusion\n|-damage|p2a: Orthworm|73\/100|[from] confusion\n|\n|-damage|p1a: Sneasler|73\/100 brn|[from] brn\n|upkeep\n|turn|3\n|\n|t:|1701135464\n|move|p2b: Sableye|Thunder Wave|p1b: Tornadus\n|-status|p1b: Tornadus|par\n|move|p1a: Sneasler|Dire Claw|p2a: Orthworm\n|-resisted|p2a: Orthworm\n|-damage|p2a: Orthworm|44\/100\n|-status|p2a: Orthworm|psn\n|replace|p2a: Zoroark|Zoroark-Hisui, M, shiny\n|-end|p2a: Zoroark|Illusion\n|-activate|p2a: Zoroark|confusion\n|-damage|p2a: Zoroark|16\/100 psn|[from] confusion\n|move|p1b: Tornadus|Knock Off|p2a: Zoroark\n|-supereffective|p2a: Zoroark\n|-damage|p2a: Zoroark|0 fnt\n|-enditem|p2a: Zoroark|Assault Vest|[from] move: Knock Off|[of] p1b: Tornadus\n|faint|p2a: Zoroark\n|\n|-damage|p1a: Sneasler|67\/100 brn|[from] brn\n|upkeep\n|inactive|nrg1999 has 120 seconds left.\n|\n|t:|1701135485\n|switch|p2a: Braviary|Braviary-Hisui, M, shiny|100\/100\n|turn|4\n|\n|t:|1701135508\n|move|p2b: Sableye|Light Screen|p2b: Sableye\n|-sidestart|p2: nrg1999|move: Light Screen\n|move|p1a: Sneasler|Dire Claw|p2b: Sableye\n|-resisted|p2b: Sableye\n|-damage|p2b: Sableye|78\/100\n|move|p2a: Braviary|Esper Wing|p1a: Sneasler\n|-supereffective|p1a: Sneasler\n|-crit|p1a: Sneasler\n|-damage|p1a: Sneasler|0 fnt\n|-boost|p2a: Braviary|spe|1\n|faint|p1a: Sneasler\n|move|p1b: Tornadus|Knock Off|p2a: Braviary\n|-supereffective|p2a: Braviary\n|-damage|p2a: Braviary|4\/100\n|-enditem|p2a: Braviary|Assault Vest|[from] move: Knock Off|[of] p1b: Tornadus\n|\n|-heal|p2b: Sableye|84\/100|[from] item: Leftovers\n|upkeep\n|inactive|830r has 120 seconds left.\n|\n|t:|1701135532\n|switch|p1a: Flutter Mane|Flutter Mane|100\/100\n|-enditem|p1a: Flutter Mane|Booster Energy\n|-activate|p1a: Flutter Mane|ability: Protosynthesis|[fromitem]\n|-start|p1a: Flutter Mane|protosynthesisspa\n|turn|5\n|\n|t:|1701135546\n|move|p2b: Sableye|Thunder Wave|p1a: Flutter Mane\n|-status|p1a: Flutter Mane|par\n|move|p2a: Braviary|Icy Wind|p1a: Flutter Mane|[spread] p1a,p1b\n|-supereffective|p1b: Tornadus\n|-damage|p1a: Flutter Mane|87\/100 par\n|-damage|p1b: Tornadus|44\/100 par\n|-unboost|p1a: Flutter Mane|spe|1\n|-unboost|p1b: Tornadus|spe|1\n|move|p1a: Flutter Mane|Dazzling Gleam|p2a: Braviary|[spread] p2a,p2b\n|-supereffective|p2b: Sableye\n|-damage|p2a: Braviary|0 fnt\n|-damage|p2b: Sableye|23\/100\n|faint|p2a: Braviary\n|cant|p1b: Tornadus|par\n|\n|-heal|p2b: Sableye|29\/100|[from] item: Leftovers\n|upkeep\n|\n|t:|1701135565\n|switch|p2a: Sinistcha|Sinistcha-Masterpiece, shiny|100\/100\n|-heal|p2b: Sableye|54\/100|[from] ability: Hospitality|[of] p2a: Sinistcha\n|turn|6\n|\n|t:|1701135581\n|switch|p2b: Orthworm|Orthworm, F, shiny|100\/100\n|move|p2a: Sinistcha|Shadow Ball|p1a: Flutter Mane\n|-supereffective|p1a: Flutter Mane\n|-damage|p1a: Flutter Mane|18\/100 par\n|move|p1a: Flutter Mane|Dazzling Gleam|p2b: Orthworm|[spread] p2a,p2b\n|-resisted|p2b: Orthworm\n|-damage|p2a: Sinistcha|67\/100\n|-damage|p2b: Orthworm|83\/100\n|move|p1b: Tornadus|Knock Off|p2a: Sinistcha\n|-supereffective|p2a: Sinistcha\n|-damage|p2a: Sinistcha|12\/100\n|-enditem|p2a: Sinistcha|Leftovers|[from] move: Knock Off|[of] p1b: Tornadus\n|\n|-heal|p2b: Orthworm|89\/100|[from] item: Leftovers\n|-sideend|p2: nrg1999|Reflect\n|upkeep\n|turn|7\n|\n|t:|1701135603\n|move|p2a: Sinistcha|Matcha Gotcha|p1b: Tornadus|[spread] p1a,p1b\n|-crit|p1a: Flutter Mane\n|-resisted|p1b: Tornadus\n|-damage|p1a: Flutter Mane|0 fnt\n|-heal|p2a: Sinistcha|18\/100|[from] drain|[of] p1a: Flutter Mane\n|-damage|p1b: Tornadus|27\/100 par\n|-heal|p2a: Sinistcha|26\/100|[from] drain|[of] p1b: Tornadus\n|faint|p1a: Flutter Mane\n|-end|p1a: Flutter Mane|Protosynthesis|[silent]\n|move|p2b: Orthworm|Iron Defense|p2b: Orthworm\n|-boost|p2b: Orthworm|def|2\n|cant|p1b: Tornadus|par\n|\n|-heal|p2b: Orthworm|95\/100|[from] item: Leftovers\n|upkeep\n|inactive|830r has 120 seconds left.\n|\n|t:|1701135630\n|switch|p1a: Artillery support|Regidrago|100\/100\n|turn|8\n|\n|t:|1701135656\n|switch|p1b: Support support|Iron Moth|100\/100\n|-enditem|p1b: Support support|Booster Energy\n|-activate|p1b: Support support|ability: Quark Drive|[fromitem]\n|-start|p1b: Support support|quarkdrivespa\n|move|p2a: Sinistcha|Protect|p2a: Sinistcha\n|-singleturn|p2a: Sinistcha|Protect\n|move|p1a: Artillery support|Dragon Energy|p2b: Orthworm|[spread] p2b\n|-activate|p2a: Sinistcha|move: Protect\n|-resisted|p2b: Orthworm\n|-damage|p2b: Orthworm|62\/100\n|move|p2b: Orthworm|Body Press|p1a: Artillery support\n|-damage|p1a: Artillery support|30\/100\n|\n|-heal|p2b: Orthworm|68\/100|[from] item: Leftovers\n|-sideend|p2: nrg1999|move: Light Screen\n|upkeep\n|turn|9\n|\n|t:|1701135682\n|switch|p2a: Sableye|Sableye, F, shiny|54\/100\n|move|p1a: Artillery support|Dragon Energy|p2a: Sableye|[spread] p2a,p2b\n|-resisted|p2b: Orthworm\n|-damage|p2a: Sableye|29\/100\n|-damage|p2b: Orthworm|53\/100\n|move|p1b: Support support|Heat Wave|p2b: Orthworm|[spread] p2b\n|-miss|p1b: Support support|p2a: Sableye\n|-supereffective|p2b: Orthworm\n|-damage|p2b: Orthworm|0 fnt\n|faint|p2b: Orthworm\n|\n|-heal|p2a: Sableye|35\/100|[from] item: Leftovers\n|upkeep\n|inactive|nrg1999 has 120 seconds left.\n|\n|t:|1701135699\n|switch|p2b: Sinistcha|Sinistcha-Masterpiece, shiny|26\/100\n|-heal|p2a: Sableye|60\/100|[from] ability: Hospitality|[of] p2b: Sinistcha\n|turn|10\n|\n|t:|1701135714\n|move|p2a: Sableye|Thunder Wave|p1b: Support support\n|-status|p1b: Support support|par\n|move|p1a: Artillery support|Dragon Energy|p2a: Sableye|[spread] p2a,p2b\n|-damage|p2a: Sableye|34\/100\n|-damage|p2b: Sinistcha|0 fnt\n|faint|p2b: Sinistcha\n|move|p1b: Support support|Dazzling Gleam|p2a: Sableye\n|-supereffective|p2a: Sableye\n|-damage|p2a: Sableye|0 fnt\n|faint|p2a: Sableye\n|\n|upkeep\n|\n|t:|1701135726\n|switch|p2b: Scizor|Scizor, F, shiny|100\/100\n|turn|11\n|\n|t:|1701135740\n|move|p1a: Artillery support|Dragon Energy|p2b: Scizor\n|-resisted|p2b: Scizor\n|-damage|p2b: Scizor|88\/100\n|move|p1b: Support support|Heat Wave|p2b: Scizor\n|-supereffective|p2b: Scizor\n|-damage|p2b: Scizor|0 fnt\n|faint|p2b: Scizor\n|\n|win|830r\n|raw|830r's rating: 1292 &rarr; <strong>1321<\/strong><br \/>(+29 for winning)\n|raw|nrg1999's rating: 1345 &rarr; <strong>1322<\/strong><br \/>(-23 for losing)\n","uploadtime":1701135746,"views":13,"p1id":"830r","p2id":"nrg1999","formatid":"gen9doublesou","rating":1321,"private":0,"password":""}