{"id":"gen9doublesou-1980084337","p1":"Kaboomer4444","p2":"LeaderBelle","format":"[Gen 9] Doubles OU","log":"|j|\u2606Kaboomer4444\n|j|\u2606LeaderBelle\n|t:|1698755621\n|gametype|doubles\n|player|p1|Kaboomer4444|265|1194\n|player|p2|LeaderBelle|candice|1120\n|teamsize|p1|6\n|teamsize|p2|6\n|gen|9\n|tier|[Gen 9] Doubles OU\n|rated|\n|rule|Species Clause: Limit one of each Pok\u00e9mon\n|rule|OHKO Clause: OHKO moves are banned\n|rule|Evasion Moves Clause: Evasion moves are banned\n|rule|Gravity Sleep Clause: The combination of sleep-inducing moves with imperfect accuracy and Gravity or Gigantamax Orbeetle are banned\n|rule|Endless Battle Clause: Forcing endless battles is banned\n|rule|HP Percentage Mod: HP is shown in percentages\n|clearpoke\n|poke|p1|Kommo-o, M|\n|poke|p1|Sinistcha-Masterpiece|\n|poke|p1|Amoonguss, M|\n|poke|p1|Ogerpon-Cornerstone, F|\n|poke|p1|Iron Hands|\n|poke|p1|Clefairy, F|\n|poke|p2|Ursaluna, F|\n|poke|p2|Clefairy, F|\n|poke|p2|Furret, F|\n|poke|p2|Tornadus, M|\n|poke|p2|Lurantis, F|\n|poke|p2|Chien-Pao|\n|teampreview\n|c|\u2606LeaderBelle|Glhf\n|c|\u2606Kaboomer4444|glhf\n|inactive|Battle timer is ON: inactive players will automatically lose when time's up. (requested by Kaboomer4444)\n|c|\u2606Kaboomer4444|lmao both got clefairy\n|inactive|LeaderBelle has 120 seconds left.\n|\n|t:|1698755669\n|start\n|switch|p1a: Liberation|Kommo-o, M|100\/100\n|switch|p1b: Piper|Clefairy, F, shiny|100\/100\n|switch|p2a: Booga|Ursaluna, F|100\/100\n|switch|p2b: Mr. Avatar|Tornadus, M|100\/100\n|turn|1\n|\n|t:|1698755696\n|move|p1b: Piper|Follow Me|p1b: Piper\n|-singleturn|p1b: Piper|move: Follow Me\n|move|p2b: Mr. Avatar|Taunt|p1b: Piper\n|-start|p1b: Piper|move: Taunt\n|move|p1a: Liberation|Clangorous Soul|p1a: Liberation\n|-boost|p1a: Liberation|atk|1\n|-boost|p1a: Liberation|def|1\n|-boost|p1a: Liberation|spa|1\n|-boost|p1a: Liberation|spd|1\n|-boost|p1a: Liberation|spe|1\n|-damage|p1a: Liberation|68\/100\n|-enditem|p1a: Liberation|Throat Spray\n|-boost|p1a: Liberation|spa|1|[from] item: Throat Spray\n|move|p2a: Booga|Trailblaze|p1b: Piper\n|-damage|p1b: Piper|83\/100\n|-boost|p2a: Booga|spe|1\n|\n|-status|p2a: Booga|brn|[from] item: Flame Orb\n|upkeep\n|turn|2\n|inactive|Kaboomer4444 has 120 seconds left.\n|inactive|LeaderBelle has 120 seconds left.\n|\n|t:|1698755734\n|move|p2b: Mr. Avatar|Tailwind|p2b: Mr. Avatar\n|-sidestart|p2: LeaderBelle|move: Tailwind\n|move|p2a: Booga|Earthquake|p1b: Piper|[spread] p1a,p1b\n|-immune|p2b: Mr. Avatar\n|-damage|p1a: Liberation|42\/100\n|-damage|p1b: Piper|29\/100\n|move|p1a: Liberation|Aura Sphere|p2a: Booga\n|-supereffective|p2a: Booga\n|-damage|p2a: Booga|0 fnt\n|faint|p2a: Booga\n|-activate|p1b: Piper|move: Struggle\n|move|p1b: Piper|Struggle|p2b: Mr. Avatar\n|-damage|p2b: Mr. Avatar|95\/100\n|-damage|p1b: Piper|4\/100|[from] recoil\n|\n|upkeep\n|inactive|LeaderBelle has 120 seconds left.\n|c|\u2606LeaderBelle|Wow that didn't do shit\n|c|\u2606Kaboomer4444|yeah\n|c|\u2606Kaboomer4444|i should give it an attack\n|\n|t:|1698755769\n|switch|p2a: Warsaw|Lurantis, F, shiny|100\/100\n|turn|3\n|c|\u2606LeaderBelle|Oh I meant my earthquake\n|c|\u2606Kaboomer4444|facts\n|c|\u2606LeaderBelle|Barely a quarter of the kommo-o\n|inactive|LeaderBelle has 90 seconds left.\n|c|\u2606Kaboomer4444|clefairy has friend gaurd\n|c|\u2606Kaboomer4444|so that helped\n|c|\u2606LeaderBelle|Oh yeah, idk how I forgot about that\n|inactive|LeaderBelle has 60 seconds left.\n|c|\u2606Kaboomer4444|does yours have friend guard\n|inactive|LeaderBelle has 30 seconds left.\n|\n|t:|1698755860\n|move|p2a: Warsaw|Superpower|p1a: Liberation\n|-damage|p1a: Liberation|27\/100\n|-boost|p2a: Warsaw|atk|1\n|-boost|p2a: Warsaw|def|1\n|move|p2b: Mr. Avatar|U-turn|p1b: Piper\n|-resisted|p1b: Piper\n|-damage|p1b: Piper|0 fnt\n|faint|p1b: Piper\n|inactive|LeaderBelle has 30 seconds left.\n|c|\u2606LeaderBelle|Yes\n|\n|t:|1698755871\n|switch|p2b: Treble|Clefairy, F|100\/100|[from] U-turn\n|move|p1a: Liberation|Clanging Scales|p2b: Treble|[spread] p2a\n|-immune|p2b: Treble\n|-damage|p2a: Warsaw|55\/100\n|-unboost|p1a: Liberation|def|1\n|\n|upkeep\n|inactive|LeaderBelle has 30 seconds left this turn.\n|\n|t:|1698755878\n|switch|p1b: Joe|Sinistcha-Masterpiece|100\/100\n|-heal|p1a: Liberation|52\/100|[from] ability: Hospitality|[of] p1b: Joe\n|turn|4\n|\n|t:|1698755899\n|move|p2b: Treble|Helping Hand|p2a: Warsaw\n|-singleturn|p2a: Warsaw|Helping Hand|[of] p2b: Treble\n|move|p1b: Joe|Rage Powder|p1b: Joe\n|-singleturn|p1b: Joe|move: Rage Powder\n|move|p2a: Warsaw|Superpower|p1a: Liberation\n|-damage|p1a: Liberation|0 fnt\n|-boost|p2a: Warsaw|atk|1\n|-boost|p2a: Warsaw|def|1\n|faint|p1a: Liberation\n|\n|upkeep\n|inactive|Kaboomer4444 has 120 seconds left.\n|c|\u2606Kaboomer4444|grass type\n|c|\u2606Kaboomer4444|completly forgot\n|\n|t:|1698755932\n|switch|p1a: Mate|Amoonguss, M, shiny|100\/100\n|turn|5\n|c|\u2606LeaderBelle|That makes two of us lol\n|inactive|LeaderBelle has 60 seconds left.\n|\n|t:|1698755960\n|move|p2b: Treble|Follow Me|p2b: Treble\n|-singleturn|p2b: Treble|move: Follow Me\n|move|p2a: Warsaw|Leech Life|p1b: Joe\n|-damage|p1b: Joe|59\/100\n|-heal|p2a: Warsaw|81\/100|[from] drain|[of] p1b: Joe\n|move|p1b: Joe|Matcha Gotcha|p2a: Warsaw|[spread] p2a,p2b\n|-resisted|p2a: Warsaw\n|-crit|p2a: Warsaw\n|-damage|p2a: Warsaw|68\/100\n|-heal|p1b: Joe|64\/100|[from] drain|[of] p2a: Warsaw\n|-damage|p2b: Treble|77\/100\n|-heal|p1b: Joe|76\/100|[from] drain|[of] p2b: Treble\n|move|p1a: Mate|Pollen Puff|p2b: Treble\n|-resisted|p2b: Treble\n|-damage|p2b: Treble|69\/100\n|\n|-sideend|p2: LeaderBelle|move: Tailwind\n|upkeep\n|turn|6\n|inactive|LeaderBelle has 60 seconds left.\n|\n|t:|1698755993\n|move|p2b: Treble|Follow Me|p2b: Treble\n|-singleturn|p2b: Treble|move: Follow Me\n|move|p2a: Warsaw|Knock Off|p1b: Joe\n|-supereffective|p1b: Joe\n|-damage|p1b: Joe|0 fnt\n|-enditem|p1b: Joe|Mental Herb|[from] move: Knock Off|[of] p2a: Warsaw\n|faint|p1b: Joe\n|move|p1a: Mate|Spore|p2b: Treble\n|-status|p2b: Treble|slp|[from] move: Spore\n|\n|upkeep\n|\n|t:|1698755998\n|switch|p1b: Spam|Iron Hands|100\/100\n|turn|7\n|inactive|LeaderBelle has 60 seconds left.\n|inactive|LeaderBelle has 30 seconds left.\n|\n|t:|1698756045\n|-terastallize|p2a: Warsaw|Fighting\n|cant|p2b: Treble|slp\n|move|p1b: Spam|Fake Out|p2a: Warsaw\n|-damage|p2a: Warsaw|60\/100\n|cant|p2a: Warsaw|flinch\n|move|p1a: Mate|Pollen Puff|p2a: Warsaw\n|-resisted|p2a: Warsaw\n|-damage|p2a: Warsaw|54\/100\n|\n|upkeep\n|turn|8\n|inactive|LeaderBelle has 30 seconds left.\n|\n|t:|1698756068\n|cant|p2b: Treble|slp\n|move|p1a: Mate|Rage Powder|p1a: Mate\n|-singleturn|p1a: Mate|move: Rage Powder\n|move|p2a: Warsaw|Superpower|p1a: Mate\n|-resisted|p1a: Mate\n|-damage|p1a: Mate|59\/100\n|-boost|p2a: Warsaw|atk|1\n|-boost|p2a: Warsaw|def|1\n|move|p1b: Spam|Wild Charge|p2a: Warsaw\n|-damage|p2a: Warsaw|34\/100\n|-damage|p1b: Spam|97\/100|[from] Recoil\n|\n|-heal|p1a: Mate|66\/100|[from] item: Leftovers\n|upkeep\n|turn|9\n|inactive|LeaderBelle has 30 seconds left.\n|inactive|Kaboomer4444 has 120 seconds left.\n|\n|t:|1698756106\n|-curestatus|p2b: Treble|slp|[msg]\n|move|p2b: Treble|Follow Me|p2b: Treble\n|-singleturn|p2b: Treble|move: Follow Me\n|move|p2a: Warsaw|Leech Life|p1a: Mate\n|-damage|p1a: Mate|18\/100\n|-heal|p2a: Warsaw|65\/100|[from] drain|[of] p1a: Mate\n|move|p1b: Spam|Wild Charge|p2b: Treble\n|-damage|p2b: Treble|31\/100\n|-damage|p1b: Spam|90\/100|[from] Recoil\n|move|p1a: Mate|Pollen Puff|p2b: Treble\n|-resisted|p2b: Treble\n|-damage|p2b: Treble|21\/100\n|\n|-heal|p1a: Mate|24\/100|[from] item: Leftovers\n|upkeep\n|turn|10\n|inactive|LeaderBelle has 30 seconds left.\n|inactive|LeaderBelle has 20 seconds left.\n|inactive|LeaderBelle has 15 seconds left.\n|\n|t:|1698756141\n|move|p2a: Warsaw|Leech Life|p1a: Mate\n|-damage|p1a: Mate|0 fnt\n|-heal|p2a: Warsaw|81\/100|[from] drain|[of] p1a: Mate\n|faint|p1a: Mate\n|move|p1b: Spam|Wild Charge|p2a: Warsaw\n|-damage|p2a: Warsaw|61\/100\n|-damage|p1b: Spam|87\/100|[from] Recoil\n|move|p2b: Treble|Wish|p2b: Treble\n|\n|upkeep\n|inactive|LeaderBelle has 20 seconds left this turn.\n|inactive|Kaboomer4444 has 120 seconds left.\n|\n|t:|1698756152\n|switch|p1a: Oni|Ogerpon-Cornerstone, F|100\/100\n|turn|11\n|inactive|LeaderBelle has 30 seconds left.\n|inactive|LeaderBelle has 20 seconds left.\n|c|\u2606Kaboomer4444|gg\n|inactive|LeaderBelle has 15 seconds left.\n|c|\u2606Kaboomer4444|probably\n|c|\u2606Kaboomer4444|unless crit\n|inactive|LeaderBelle has 10 seconds left.\n|\n|t:|1698756187\n|-terastallize|p1a: Oni|Rock\n|detailschange|p1a: Oni|Ogerpon-Cornerstone-Tera, F, tera:Rock\n|-ability|p1a: Oni|Embody Aspect (Cornerstone)|boost\n|-boost|p1a: Oni|def|1\n|move|p2b: Treble|Helping Hand|p2a: Warsaw\n|-singleturn|p2a: Warsaw|Helping Hand|[of] p2b: Treble\n|move|p1a: Oni|Ivy Cudgel|p2a: Warsaw\n|-resisted|p2a: Warsaw\n|-damage|p2a: Warsaw|44\/100\n|move|p2a: Warsaw|Superpower|p1a: Oni\n|-supereffective|p1a: Oni\n|-damage|p1a: Oni|0 fnt\n|-boost|p2a: Warsaw|atk|1\n|-boost|p2a: Warsaw|def|1\n|faint|p1a: Oni\n|move|p1b: Spam|Wild Charge|p2a: Warsaw\n|-damage|p2a: Warsaw|26\/100\n|-damage|p1b: Spam|84\/100|[from] Recoil\n|\n|-heal|p2b: Treble|71\/100|[from] move: Wish|[wisher] Treble\n|upkeep\n|turn|12\n|inactive|LeaderBelle has 30 seconds left.\n|inactive|LeaderBelle has 20 seconds left.\n|inactive|LeaderBelle has 15 seconds left.\n|inactive|LeaderBelle has 10 seconds left.\n|\n|t:|1698756213\n|move|p2b: Treble|Follow Me|p2b: Treble\n|-singleturn|p2b: Treble|move: Follow Me\n|move|p2a: Warsaw|Superpower|p1b: Spam\n|-damage|p1b: Spam|0 fnt\n|-boost|p2a: Warsaw|atk|1\n|-boost|p2a: Warsaw|def|1\n|faint|p1b: Spam\n|-end|p1b: Spam|Quark Drive|[silent]\n|\n|win|LeaderBelle\n|inactive|LeaderBelle has 15 seconds left this turn.\n|raw|Kaboomer4444's rating: 1194 &rarr; <strong>1164<\/strong><br \/>(-30 for losing)\n|raw|LeaderBelle's rating: 1120 &rarr; <strong>1150<\/strong><br \/>(+30 for winning)\n|c|\u2606LeaderBelle|Gg\n","uploadtime":1698756231,"views":11,"p1id":"kaboomer4444","p2id":"leaderbelle","formatid":"gen9doublesou","rating":1150,"private":0,"password":""}