{"id":"gen9doublesou-1982512277","p1":"redpkmntrainer14","p2":"Dunkyn G.","format":"[Gen 9] Doubles OU","log":"|j|\u2606redpkmntrainer14\n|j|\u2606Dunkyn G.\n|t:|1699021686\n|gametype|doubles\n|player|p1|redpkmntrainer14|guitarist|1462\n|player|p2|Dunkyn G.|266|1528\n|teamsize|p1|6\n|teamsize|p2|6\n|gen|9\n|tier|[Gen 9] Doubles OU\n|rated|\n|rule|Species Clause: Limit one of each Pok\u00e9mon\n|rule|OHKO Clause: OHKO moves are banned\n|rule|Evasion Moves Clause: Evasion moves are banned\n|rule|Gravity Sleep Clause: The combination of sleep-inducing moves with imperfect accuracy and Gravity or Gigantamax Orbeetle are banned\n|rule|Endless Battle Clause: Forcing endless battles is banned\n|rule|HP Percentage Mod: HP is shown in percentages\n|clearpoke\n|poke|p1|Gallade, M|\n|poke|p1|Scizor, M|\n|poke|p1|Conkeldurr, F|\n|poke|p1|Cinderace, F|\n|poke|p1|Thundurus, M|\n|poke|p1|Farigiraf, F|\n|poke|p2|Torkoal, F|\n|poke|p2|Landorus-Therian, M|\n|poke|p2|Flutter Mane|\n|poke|p2|Walking Wake|\n|poke|p2|Ogerpon-Hearthflame, F|\n|poke|p2|Chien-Pao|\n|teampreview\n|\n|t:|1699021699\n|start\n|switch|p1a: nami|Thundurus, M|100\/100\n|switch|p1b: luffy|Conkeldurr, F|100\/100\n|switch|p2a: Torkoal|Torkoal, F|100\/100\n|switch|p2b: Ogerpon|Ogerpon-Hearthflame, F|100\/100\n|-ability|p2b: Ogerpon|Mold Breaker\n|-weather|SunnyDay|[from] ability: Drought|[of] p2a: Torkoal\n|turn|1\n|\n|t:|1699021720\n|-terastallize|p2b: Ogerpon|Fire\n|detailschange|p2b: Ogerpon|Ogerpon-Hearthflame-Tera, F, tera:Fire\n|-ability|p2b: Ogerpon|Embody Aspect (Hearthflame)|boost\n|-boost|p2b: Ogerpon|atk|1\n|move|p1a: nami|Rain Dance|p1a: nami\n|-weather|RainDance\n|move|p2b: Ogerpon|Ivy Cudgel|p1b: luffy\n|-damage|p1b: luffy|51\/100\n|move|p1b: luffy|Knock Off|p2a: Torkoal\n|-damage|p2a: Torkoal|72\/100\n|-enditem|p2a: Torkoal|Heat Rock|[from] move: Knock Off|[of] p1b: luffy\n|move|p2a: Torkoal|Eruption|p1a: nami|[spread] p1a,p1b\n|-damage|p1a: nami|81\/100\n|-damage|p1b: luffy|27\/100\n|\n|-weather|RainDance|[upkeep]\n|-heal|p1a: nami|87\/100|[from] item: Leftovers\n|-status|p1b: luffy|brn|[from] item: Flame Orb\n|upkeep\n|turn|2\n|c|\u2606Dunkyn G.|holy crap why is he so fat\n|c|\u2606redpkmntrainer14|lmaoo\n|\n|t:|1699021752\n|switch|p2a: Flutter Mane|Flutter Mane|100\/100\n|move|p1b: luffy|Detect|p1b: luffy\n|-singleturn|p1b: luffy|Protect\n|move|p2b: Ogerpon|Play Rough|p1b: luffy\n|-activate|p1b: luffy|move: Protect\n|move|p1a: nami|Wildbolt Storm|p2a: Flutter Mane|[spread] p2a,p2b\n|-damage|p2a: Flutter Mane|53\/100\n|-damage|p2b: Ogerpon|54\/100\n|\n|-weather|RainDance|[upkeep]\n|-heal|p1a: nami|93\/100|[from] item: Leftovers\n|-damage|p1b: luffy|21\/100 brn|[from] brn\n|upkeep\n|turn|3\n|\n|t:|1699021772\n|switch|p1b: sanji|Cinderace, F|100\/100\n|move|p2b: Ogerpon|Spiky Shield|p2b: Ogerpon\n|-singleturn|p2b: Ogerpon|move: Protect\n|move|p2a: Flutter Mane|Dazzling Gleam|p1a: nami|[spread] p1a,p1b\n|-resisted|p1b: sanji\n|-damage|p1a: nami|44\/100\n|-damage|p1b: sanji|68\/100\n|move|p1a: nami|Wildbolt Storm|p2a: Flutter Mane|[spread] p2a\n|-activate|p2b: Ogerpon|move: Protect\n|-damage|p2a: Flutter Mane|10\/100\n|\n|-weather|RainDance|[upkeep]\n|-heal|p1b: sanji|74\/100|[from] item: Leftovers\n|-heal|p1a: nami|50\/100|[from] item: Leftovers\n|upkeep\n|turn|4\n|\n|t:|1699021792\n|switch|p2b: Torkoal|Torkoal, F|72\/100\n|-weather|SunnyDay|[from] ability: Drought|[of] p2b: Torkoal\n|-activate|p2a: Flutter Mane|ability: Protosynthesis\n|-start|p2a: Flutter Mane|protosynthesisspe\n|move|p1b: sanji|Sucker Punch|p2a: Flutter Mane\n|-start|p1b: sanji|typechange|Dark|[from] ability: Libero\n|-damage|p2a: Flutter Mane|0 fnt\n|faint|p2a: Flutter Mane\n|-end|p2a: Flutter Mane|Protosynthesis|[silent]\n|move|p1a: nami|Thunder|p2b: Torkoal\n|-damage|p2b: Torkoal|0 fnt\n|faint|p2b: Torkoal\n|\n|-weather|SunnyDay|[upkeep]\n|-heal|p1b: sanji|80\/100|[from] item: Leftovers\n|-heal|p1a: nami|56\/100|[from] item: Leftovers\n|upkeep\n|j| Phil's Gout\n|\n|t:|1699021810\n|switch|p2a: Ogerpon|Ogerpon-Hearthflame-Tera, F, tera:Fire|54\/100\n|switch|p2b: Walking Wake|Walking Wake|100\/100\n|-ability|p2a: Ogerpon|Embody Aspect (Hearthflame)|boost\n|-boost|p2a: Ogerpon|atk|1\n|-activate|p2b: Walking Wake|ability: Protosynthesis\n|-start|p2b: Walking Wake|protosynthesisspe\n|turn|5\n|\n|t:|1699021829\n|move|p1b: sanji|Sucker Punch|p2a: Ogerpon\n|-damage|p2a: Ogerpon|8\/100\n|move|p1a: nami|Rain Dance|p1a: nami\n|-weather|RainDance\n|-end|p2b: Walking Wake|Protosynthesis\n|move|p2a: Ogerpon|Ivy Cudgel|p1b: sanji\n|-damage|p1b: sanji|0 fnt\n|faint|p1b: sanji\n|move|p2b: Walking Wake|Hydro Steam|p1a: nami\n|-damage|p1a: nami|0 fnt\n|faint|p1a: nami\n|-damage|p2b: Walking Wake|91\/100|[from] item: Life Orb\n|\n|-weather|RainDance|[upkeep]\n|upkeep\n|\n|t:|1699021848\n|switch|p1b: franky|Scizor, M|100\/100\n|switch|p1a: luffy|Conkeldurr, F|21\/100 brn\n|turn|6\n|inactive|Battle timer is ON: inactive players will automatically lose when time's up. (requested by Dunkyn G.)\n|\n|t:|1699021861\n|move|p2a: Ogerpon|Spiky Shield|p2a: Ogerpon\n|-singleturn|p2a: Ogerpon|move: Protect\n|move|p1b: franky|Bullet Punch|p2a: Ogerpon\n|-activate|p2a: Ogerpon|move: Protect\n|-damage|p1b: franky|88\/100|[from] Spiky Shield|[of] p2a: Ogerpon\n|move|p2b: Walking Wake|Hydro Steam|p1a: luffy\n|-damage|p1a: luffy|0 fnt\n|faint|p1a: luffy\n|-damage|p2b: Walking Wake|81\/100|[from] item: Life Orb\n|\n|-weather|RainDance|[upkeep]\n|upkeep\n|\n|t:|1699021874\n|switch|p1a: chopper|Farigiraf, F|100\/100\n|turn|7\n|\n|t:|1699021884\n|switch|p2a: Landorus|Landorus-Therian, M|100\/100\n|-ability|p2a: Landorus|Intimidate|boost\n|-unboost|p1a: chopper|atk|1\n|-unboost|p1b: franky|atk|1\n|move|p1b: franky|Bullet Punch|p2a: Landorus\n|-crit|p2a: Landorus\n|-damage|p2a: Landorus|40\/100\n|-enditem|p2a: Landorus|Sitrus Berry|[eat]\n|-heal|p2a: Landorus|65\/100|[from] item: Sitrus Berry\n|-damage|p1b: franky|78\/100|[from] item: Life Orb\n|move|p2b: Walking Wake|Hydro Steam|p1a: chopper\n|-damage|p1a: chopper|13\/100\n|-enditem|p1a: chopper|Sitrus Berry|[eat]\n|-heal|p1a: chopper|38\/100|[from] item: Sitrus Berry\n|-damage|p2b: Walking Wake|71\/100|[from] item: Life Orb\n|move|p1a: chopper|Trick Room|p1a: chopper\n|-fieldstart|move: Trick Room|[of] p1a: chopper\n|\n|-weather|RainDance|[upkeep]\n|upkeep\n|turn|8\n|\n|t:|1699021906\n|move|p1b: franky|Bullet Punch|p2a: Landorus\n|-damage|p2a: Landorus|40\/100\n|-damage|p1b: franky|68\/100|[from] item: Life Orb\n|move|p1a: chopper|Dazzling Gleam|p2b: Walking Wake|[spread] p2a,p2b\n|-supereffective|p2b: Walking Wake\n|-damage|p2a: Landorus|19\/100\n|-damage|p2b: Walking Wake|22\/100\n|move|p2a: Landorus|Stomping Tantrum|p1b: franky\n|-damage|p1b: franky|34\/100\n|move|p2b: Walking Wake|Hydro Steam|p1a: chopper\n|-damage|p1a: chopper|0 fnt\n|faint|p1a: chopper\n|-damage|p2b: Walking Wake|13\/100|[from] item: Life Orb\n|\n|-weather|RainDance|[upkeep]\n|upkeep\n|\n|t:|1699021915\n|switch|p1a: zoro|Gallade, M|100\/100\n|turn|9\n|\n|t:|1699021926\n|move|p2b: Walking Wake|Protect|p2b: Walking Wake\n|-singleturn|p2b: Walking Wake|Protect\n|move|p1b: franky|Bullet Punch|p2a: Landorus\n|-damage|p2a: Landorus|0 fnt\n|faint|p2a: Landorus\n|-damage|p1b: franky|24\/100|[from] item: Life Orb\n|move|p1a: zoro|Sacred Sword|p2b: Walking Wake\n|-activate|p2b: Walking Wake|move: Protect\n|\n|-weather|none\n|upkeep\n|\n|t:|1699021938\n|switch|p2a: Chien-Pao|Chien-Pao|100\/100\n|-ability|p2a: Chien-Pao|Sword of Ruin\n|turn|10\n|\n|t:|1699021947\n|move|p1b: franky|Bullet Punch|p2b: Walking Wake\n|-resisted|p2b: Walking Wake\n|-damage|p2b: Walking Wake|0 fnt\n|faint|p2b: Walking Wake\n|-end|p2b: Walking Wake|Protosynthesis|[silent]\n|-damage|p1b: franky|14\/100|[from] item: Life Orb\n|move|p2a: Chien-Pao|Sucker Punch|p1a: zoro\n|-damage|p1a: zoro|18\/100\n|move|p1a: zoro|Sacred Sword|p2a: Chien-Pao\n|-supereffective|p2a: Chien-Pao\n|-enditem|p2a: Chien-Pao|Focus Sash\n|-damage|p2a: Chien-Pao|1\/100\n|-damage|p1a: zoro|8\/100|[from] item: Life Orb\n|\n|upkeep\n|\n|t:|1699021960\n|switch|p2b: Ogerpon|Ogerpon-Hearthflame-Tera, F, tera:Fire|8\/100\n|-ability|p2b: Ogerpon|Embody Aspect (Hearthflame)|boost\n|-boost|p2b: Ogerpon|atk|1\n|turn|11\n|\n|t:|1699021972\n|move|p2b: Ogerpon|Spiky Shield|p2b: Ogerpon\n|-singleturn|p2b: Ogerpon|move: Protect\n|move|p2a: Chien-Pao|Protect|p2a: Chien-Pao\n|-singleturn|p2a: Chien-Pao|Protect\n|move|p1b: franky|Bullet Punch|p2a: Chien-Pao\n|-activate|p2a: Chien-Pao|move: Protect\n|move|p1a: zoro|Aqua Cutter|p2b: Ogerpon\n|-activate|p2b: Ogerpon|move: Protect\n|\n|-fieldend|move: Trick Room\n|upkeep\n|turn|12\n|\n|t:|1699021992\n|move|p2a: Chien-Pao|Sucker Punch|p1a: zoro\n|-crit|p1a: zoro\n|-damage|p1a: zoro|0 fnt\n|faint|p1a: zoro\n|move|p1b: franky|Bullet Punch|p2b: Ogerpon\n|-resisted|p2b: Ogerpon\n|-damage|p2b: Ogerpon|0 fnt\n|faint|p2b: Ogerpon\n|-damage|p1b: franky|4\/100|[from] item: Life Orb\n|\n|upkeep\n|turn|13\n|\n|t:|1699022008\n|move|p2a: Chien-Pao|Sucker Punch|p1b: franky\n|-damage|p1b: franky|0 fnt\n|faint|p1b: franky\n|\n|win|Dunkyn G.\n|raw|redpkmntrainer14's rating: 1462 &rarr; <strong>1446<\/strong><br \/>(-16 for losing)\n|raw|Dunkyn G.'s rating: 1528 &rarr; <strong>1544<\/strong><br \/>(+16 for winning)\n|c|\u2606Dunkyn G.|gg\n|l|\u2606redpkmntrainer14\n|l| Phil's Gout\n","uploadtime":1699022021,"views":18,"p1id":"redpkmntrainer14","p2id":"dunkyng","formatid":"gen9doublesou","rating":1446,"private":0,"password":""}