{"id":"gen9doublesou-1993561258","p1":"QuiteFluffy","p2":"Gasgar4","format":"[Gen 9] Doubles OU","log":"|j|\u2606QuiteFluffy\n|j|\u2606Gasgar4\n|t:|1700331917\n|gametype|doubles\n|player|p1|QuiteFluffy|penny|1535\n|player|p2|Gasgar4|ghetsis|1646\n|teamsize|p1|6\n|teamsize|p2|6\n|gen|9\n|tier|[Gen 9] Doubles OU\n|rated|\n|rule|Species Clause: Limit one of each Pok\u00e9mon\n|rule|OHKO Clause: OHKO moves are banned\n|rule|Evasion Moves Clause: Evasion moves are banned\n|rule|Gravity Sleep Clause: The combination of sleep-inducing moves with imperfect accuracy and Gravity or Gigantamax Orbeetle are banned\n|rule|Endless Battle Clause: Forcing endless battles is banned\n|rule|HP Percentage Mod: HP is shown in percentages\n|clearpoke\n|poke|p1|Diancie|\n|poke|p1|Farigiraf, F|\n|poke|p1|Ursaluna, F|\n|poke|p1|Iron Hands|\n|poke|p1|Cresselia, F|\n|poke|p1|Sylveon, F|\n|poke|p2|Dragonite, M|\n|poke|p2|Rillaboom, F|\n|poke|p2|Ursaluna-Bloodmoon, M|\n|poke|p2|Chien-Pao|\n|poke|p2|Landorus, M|\n|poke|p2|Dragapult, M|\n|teampreview\n|inactive|Battle timer is ON: inactive players will automatically lose when time's up. (requested by Gasgar4)\n|c|\u2606QuiteFluffy|glhf <3\n|l|\u2606Gasgar4\n|inactive|Gasgar4 disconnected and has a minute to reconnect!\n|player|p2|\n|j|\u2606Gasgar4\n|inactive|Gasgar4 reconnected and has 110 seconds left.\n|player|p2|Gasgar4|ghetsis\n|\n|t:|1700331967\n|start\n|switch|p1a: immoral support|Cresselia, F|100\/100\n|switch|p1b: unfair advantage|Farigiraf, F|100\/100\n|switch|p2a: Dragonite|Dragonite, M|100\/100\n|switch|p2b: Chien-Pao|Chien-Pao|100\/100\n|-ability|p2b: Chien-Pao|Sword of Ruin\n|turn|1\n|\n|t:|1700331978\n|move|p2b: Chien-Pao|Ice Spinner|p1b: unfair advantage\n|-damage|p1b: unfair advantage|62\/100\n|move|p2a: Dragonite|Dragon Claw|p1b: unfair advantage\n|-damage|p1b: unfair advantage|0 fnt\n|faint|p1b: unfair advantage\n|move|p1a: immoral support|Trick Room|p1a: immoral support\n|-fieldstart|move: Trick Room|[of] p1a: immoral support\n|\n|upkeep\n|\n|t:|1700331986\n|switch|p1b: screams|Sylveon, F|100\/100\n|turn|2\n|\n|t:|1700331997\n|switch|p2a: Ursaluna|Ursaluna-Bloodmoon, M|100\/100\n|move|p2b: Chien-Pao|Protect|p2b: Chien-Pao\n|-singleturn|p2b: Chien-Pao|Protect\n|move|p1a: immoral support|Ally Switch|p1a: immoral support\n|swap|p1a: immoral support|1|[from] move: Ally Switch\n|move|p1a: screams|Hyper Voice|p2b: Chien-Pao|[spread] p2a\n|-activate|p2b: Chien-Pao|move: Protect\n|-damage|p2a: Ursaluna|57\/100\n|\n|upkeep\n|turn|3\n|l|\u2606Gasgar4\n|inactive|Gasgar4 disconnected and has a minute to reconnect!\n|player|p2|\n|j|\u2606Gasgar4\n|inactive|Gasgar4 reconnected and has 120 seconds left.\n|player|p2|Gasgar4|ghetsis\n|\n|t:|1700332040\n|move|p1a: screams|Hyper Voice|p2b: Chien-Pao|[spread] p2a,p2b\n|-supereffective|p2b: Chien-Pao\n|-damage|p2a: Ursaluna|13\/100\n|-enditem|p2b: Chien-Pao|Focus Sash\n|-damage|p2b: Chien-Pao|1\/100\n|move|p2a: Ursaluna|Blood Moon|p1a: screams\n|-damage|p1a: screams|36\/100\n|move|p1b: immoral support|Psyshock|p2a: Ursaluna\n|-damage|p2a: Ursaluna|0 fnt\n|faint|p2a: Ursaluna\n|move|p2b: Chien-Pao|Ice Spinner|p1a: screams\n|-damage|p1a: screams|0 fnt\n|faint|p1a: screams\n|\n|upkeep\n|inactive|Gasgar4 has 120 seconds left.\n|\n|t:|1700332064\n|switch|p1a: queen|Diancie|100\/100\n|switch|p2a: Rillaboom|Rillaboom, F|100\/100\n|-fieldstart|move: Grassy Terrain|[from] ability: Grassy Surge|[of] p2a: Rillaboom\n|turn|4\n|l|\u2606Gasgar4\n|inactive|Gasgar4 disconnected and has a minute to reconnect!\n|player|p2|\n|j|\u2606Gasgar4\n|inactive|Gasgar4 reconnected and has 105 seconds left.\n|player|p2|Gasgar4|ghetsis\n|inactive|Gasgar4 has 90 seconds left.\n|\n|t:|1700332128\n|-terastallize|p1a: queen|Grass\n|move|p2a: Rillaboom|Fake Out|p1a: queen\n|-damage|p1a: queen|86\/100\n|move|p2b: Chien-Pao|Sucker Punch||[still]\n|-fail|p2b: Chien-Pao\n|cant|p1a: queen|flinch\n|move|p1b: immoral support|Lunar Blessing|p1b: immoral support|[spread] p1a,p1b\n|-heal|p1a: queen|100\/100\n|\n|-heal|p2b: Chien-Pao|7\/100|[from] Grassy Terrain\n|upkeep\n|turn|5\n|inactive|Gasgar4 has 90 seconds left.\n|\n|t:|1700332143\n|move|p2b: Chien-Pao|Ice Shard|p1a: queen\n|-supereffective|p1a: queen\n|-damage|p1a: queen|55\/100\n|-enditem|p1a: queen|Weakness Policy\n|-boost|p1a: queen|atk|2|[from] item: Weakness Policy\n|-boost|p1a: queen|spa|2|[from] item: Weakness Policy\n|move|p1a: queen|Diamond Storm|p2a: Rillaboom|[spread] p2a,p2b\n|-supereffective|p2b: Chien-Pao\n|-damage|p2a: Rillaboom|17\/100\n|-damage|p2b: Chien-Pao|0 fnt\n|-boost|p1a: queen|def|2\n|faint|p2b: Chien-Pao\n|move|p1b: immoral support|Lunar Blessing|p1b: immoral support|[spread] p1a,p1b\n|-heal|p1a: queen|80\/100\n|move|p2a: Rillaboom|U-turn|p1a: queen\n|-supereffective|p1a: queen\n|-damage|p1a: queen|62\/100\n|inactive|Gasgar4 has 90 seconds left.\n|\n|t:|1700332162\n|switch|p2a: Landorus|Landorus, M|100\/100|[from] U-turn\n|\n|-heal|p1a: queen|68\/100|[from] Grassy Terrain\n|-fieldend|move: Trick Room\n|upkeep\n|\n|t:|1700332178\n|switch|p2b: Rillaboom|Rillaboom, F|17\/100\n|turn|6\n|inactive|Gasgar4 has 90 seconds left.\n|l|\u2606Gasgar4\n|inactive|Gasgar4 disconnected and has a minute to reconnect!\n|player|p2|\n|inactive|Gasgar4 has 30 seconds to reconnect!\n|inactive|Gasgar4 has 20 seconds to reconnect!\n|j|\u2606Gasgar4\n|inactive|Gasgar4 reconnected and has 45 seconds left.\n|player|p2|Gasgar4|ghetsis\n|inactive|Gasgar4 has 30 seconds left.\n|\n|t:|1700332244\n|move|p1a: queen|Protect|p1a: queen\n|-singleturn|p1a: queen|Protect\n|move|p2b: Rillaboom|Fake Out|p1b: immoral support\n|-damage|p1b: immoral support|92\/100\n|move|p2a: Landorus|Sludge Bomb|p1a: queen\n|-activate|p1a: queen|move: Protect\n|cant|p1b: immoral support|flinch\n|\n|-heal|p2b: Rillaboom|23\/100|[from] Grassy Terrain\n|-heal|p1a: queen|74\/100|[from] Grassy Terrain\n|upkeep\n|turn|7\n|\n|t:|1700332261\n|switch|p2b: Dragonite|Dragonite, M|100\/100\n|move|p1b: immoral support|Ally Switch|p1b: immoral support\n|swap|p1b: immoral support|0|[from] move: Ally Switch\n|move|p2a: Landorus|Sludge Bomb|p1b: queen\n|-supereffective|p1b: queen\n|-damage|p1b: queen|1\/100\n|move|p1b: queen|Trick Room|p1b: queen\n|-fieldstart|move: Trick Room|[of] p1b: queen\n|\n|-heal|p1b: queen|8\/100|[from] Grassy Terrain\n|upkeep\n|turn|8\n|inactive|Gasgar4 has 60 seconds left.\n|inactive|Gasgar4 has 30 seconds left.\n|\n|t:|1700332302\n|move|p1a: immoral support|Ally Switch||[still]\n|-fail|p1a: immoral support\n|move|p2b: Dragonite|Extreme Speed|p1b: queen\n|-damage|p1b: queen|0 fnt\n|faint|p1b: queen\n|move|p2a: Landorus|Substitute|p2a: Landorus\n|-start|p2a: Landorus|Substitute\n|-damage|p2a: Landorus|75\/100\n|\n|-fieldend|move: Grassy Terrain\n|upkeep\n|inactive|Gasgar4 has 30 seconds left this turn.\n|c|\u2606QuiteFluffy|wut\n|c|\u2606QuiteFluffy|ah\n|inactive|QuiteFluffy has 120 seconds left.\n|c|\u2606Gasgar4|Protect\n|c|\u2606Gasgar4|mismo sistema\n|c|\u2606Gasgar4|50% la 2da vez\n|inactive|QuiteFluffy has 90 seconds left.\n|\n|t:|1700332354\n|switch|p1b: catch these hands|Iron Hands|100\/100\n|turn|9\n|inactive|Gasgar4 has 30 seconds left.\n|inactive|Gasgar4 has 20 seconds left.\n|\n|t:|1700332392\n|-terastallize|p2a: Landorus|Ghost\n|move|p1b: catch these hands|Fake Out|p2b: Dragonite\n|-damage|p2b: Dragonite|87\/100\n|move|p2b: Dragonite|Extreme Speed|p1b: catch these hands\n|-damage|p1b: catch these hands|68\/100\n|move|p1a: immoral support|Psyshock|p2a: Landorus\n|-end|p2a: Landorus|Substitute\n|move|p2a: Landorus|Earth Power|p1b: catch these hands\n|-supereffective|p1b: catch these hands\n|-crit|p1b: catch these hands\n|-damage|p1b: catch these hands|0 fnt\n|faint|p1b: catch these hands\n|-end|p1b: catch these hands|Quark Drive|[silent]\n|\n|upkeep\n|inactive|Gasgar4 has 25 seconds left this turn.\n|\n|t:|1700332404\n|switch|p1b: un-bear-able|Ursaluna, F, shiny|100\/100\n|turn|10\n|inactive|Gasgar4 has 30 seconds left.\n|inactive|Gasgar4 has 20 seconds left.\n|l|\u2606Gasgar4\n|inactive|Gasgar4 disconnected and has a minute to reconnect!\n|player|p2|\n|inactive|Gasgar4 has 15 seconds left.\n|j|\u2606Gasgar4\n|inactive|Gasgar4 reconnected and has 15 seconds left.\n|player|p2|Gasgar4|ghetsis\n|inactive|Gasgar4 has 10 seconds left.\n|inactive|QuiteFluffy has 120 seconds left.\n|inactive|Gasgar4 has 5 seconds left.\n|\n|t:|1700332452\n|move|p2a: Landorus|Protect|p2a: Landorus\n|-singleturn|p2a: Landorus|Protect\n|move|p2b: Dragonite|Extreme Speed|p1b: un-bear-able\n|-damage|p1b: un-bear-able|68\/100\n|move|p1b: un-bear-able|Play Rough|p2b: Dragonite\n|-supereffective|p2b: Dragonite\n|-damage|p2b: Dragonite|25\/100\n|move|p1a: immoral support|Psyshock|p2b: Dragonite\n|-damage|p2b: Dragonite|6\/100\n|\n|-status|p1b: un-bear-able|brn|[from] item: Flame Orb\n|upkeep\n|turn|11\n|inactive|Gasgar4 has 30 seconds left this turn.\n|inactive|Gasgar4 has 20 seconds left.\n|inactive|Gasgar4 has 15 seconds left.\n|inactive|Gasgar4 has 10 seconds left.\n|inactive|QuiteFluffy has 120 seconds left.\n|\n|t:|1700332493\n|switch|p2a: Rillaboom|Rillaboom, F|23\/100\n|-fieldstart|move: Grassy Terrain|[from] ability: Grassy Surge|[of] p2a: Rillaboom\n|move|p2b: Dragonite|Extreme Speed|p1b: un-bear-able\n|-damage|p1b: un-bear-able|37\/100 brn\n|move|p1b: un-bear-able|Play Rough|p2b: Dragonite\n|-supereffective|p2b: Dragonite\n|-damage|p2b: Dragonite|0 fnt\n|faint|p2b: Dragonite\n|move|p1a: immoral support|Lunar Blessing|p1a: immoral support|[spread] p1a,p1b\n|-heal|p1a: immoral support|100\/100\n|-heal|p1b: un-bear-able|62\/100 brn\n|-curestatus|p1b: un-bear-able|brn|[msg]\n|\n|-heal|p1b: un-bear-able|68\/100|[from] Grassy Terrain\n|-heal|p2a: Rillaboom|30\/100|[from] Grassy Terrain\n|-fieldend|move: Trick Room\n|-status|p1b: un-bear-able|brn|[from] item: Flame Orb\n|upkeep\n|inactive|Gasgar4 has 15 seconds left this turn.\n|inactive|Gasgar4 has 10 seconds left.\n|inactive|Gasgar4 has 5 seconds left.\n|\n|t:|1700332506\n|switch|p2b: Dragapult|Dragapult, M|100\/100\n|turn|12\n|inactive|Gasgar4 has 30 seconds left this turn.\n|inactive|QuiteFluffy has 120 seconds left.\n|\n|t:|1700332524\n|move|p1b: un-bear-able|Protect|p1b: un-bear-able\n|-singleturn|p1b: un-bear-able|Protect\n|move|p2a: Rillaboom|Fake Out|p1a: immoral support\n|-damage|p1a: immoral support|92\/100\n|move|p2b: Dragapult|Dragon Darts|p1a: immoral support\n|-damage|p1a: immoral support|67\/100\n|-anim|p2b: Dragapult|Dragon Darts|p1a: immoral support\n|-damage|p1a: immoral support|42\/100\n|cant|p1a: immoral support|flinch\n|\n|-heal|p2a: Rillaboom|36\/100|[from] Grassy Terrain\n|-heal|p1b: un-bear-able|75\/100 brn|[from] Grassy Terrain\n|-damage|p1b: un-bear-able|68\/100 brn|[from] brn\n|upkeep\n|turn|13\n|inactive|Gasgar4 has 30 seconds left.\n|\n|t:|1700332549\n|move|p2a: Rillaboom|Grassy Glide|p1b: un-bear-able\n|-supereffective|p1b: un-bear-able\n|-damage|p1b: un-bear-able|14\/100 brn\n|move|p2b: Dragapult|Dragon Darts|p1a: immoral support\n|-damage|p1a: immoral support|19\/100\n|-anim|p2b: Dragapult|Dragon Darts|p1b: un-bear-able\n|-damage|p1b: un-bear-able|0 fnt\n|faint|p1b: un-bear-able\n|move|p1a: immoral support|Trick Room|p1a: immoral support\n|-fieldstart|move: Trick Room|[of] p1a: immoral support\n|\n|-heal|p2a: Rillaboom|42\/100|[from] Grassy Terrain\n|upkeep\n|turn|14\n|c|\u2606QuiteFluffy|gg\n|-message|QuiteFluffy forfeited.\n|\n|win|Gasgar4\n|raw|QuiteFluffy's rating: 1535 &rarr; <strong>1521<\/strong><br \/>(-14 for losing)\n|raw|Gasgar4's rating: 1646 &rarr; <strong>1660<\/strong><br \/>(+14 for winning)\n|l|\u2606QuiteFluffy\n|c|\u2606Gasgar4|Gg\n","uploadtime":1700332572,"views":7,"p1id":"quitefluffy","p2id":"gasgar4","formatid":"gen9doublesou","rating":1521,"private":0,"password":""}