{"id":"gen9doublesou-1990745815","p1":"Blue Syrius","p2":"Asarak","format":"[Gen 9] Doubles OU","log":"|j|\u2606Blue Syrius\n|j|\u2606Asarak\n|t:|1699996914\n|gametype|doubles\n|player|p1|Blue Syrius|youngster-gen4dp|1151\n|player|p2|Asarak|169|1119\n|teamsize|p1|6\n|teamsize|p2|6\n|gen|9\n|tier|[Gen 9] Doubles OU\n|rated|\n|rule|Species Clause: Limit one of each Pok\u00e9mon\n|rule|OHKO Clause: OHKO moves are banned\n|rule|Evasion Moves Clause: Evasion moves are banned\n|rule|Gravity Sleep Clause: The combination of sleep-inducing moves with imperfect accuracy and Gravity or Gigantamax Orbeetle are banned\n|rule|Endless Battle Clause: Forcing endless battles is banned\n|rule|HP Percentage Mod: HP is shown in percentages\n|clearpoke\n|poke|p1|Ninetales-Alola, F|\n|poke|p1|Munkidori, M|\n|poke|p1|Slowking-Galar, F|\n|poke|p1|Flutter Mane|\n|poke|p1|Roaring Moon|\n|poke|p1|Maushold|\n|poke|p2|Torkoal, M|\n|poke|p2|Flutter Mane|\n|poke|p2|Lilligant-Hisui, F|\n|poke|p2|Indeedee-F, F|\n|poke|p2|Armarouge, M|\n|poke|p2|Roaring Moon|\n|teampreview\n|\n|t:|1699996937\n|start\n|switch|p1a: Munkidori|Munkidori, M|100\/100\n|switch|p1b: Roaring Moon|Roaring Moon|100\/100\n|switch|p2a: Indeedee|Indeedee-F, F|100\/100\n|switch|p2b: Armarouge|Armarouge, M|100\/100\n|-fieldstart|move: Psychic Terrain|[from] ability: Psychic Surge|[of] p2a: Indeedee\n|-enditem|p1b: Roaring Moon|Booster Energy\n|-activate|p1b: Roaring Moon|ability: Protosynthesis|[fromitem]\n|-start|p1b: Roaring Moon|protosynthesisatk\n|turn|1\n|inactive|Battle timer is ON: inactive players will automatically lose when time's up. (requested by Blue Syrius)\n|inactive|Asarak has 120 seconds left.\n|\n|t:|1699996976\n|move|p2a: Indeedee|Helping Hand|p2b: Armarouge\n|-singleturn|p2b: Armarouge|Helping Hand|[of] p2a: Indeedee\n|move|p1b: Roaring Moon|Rock Slide|p2a: Indeedee|[spread] p2a,p2b\n|-supereffective|p2b: Armarouge\n|-damage|p2a: Indeedee|75\/100\n|-damage|p2b: Armarouge|56\/100\n|move|p1a: Munkidori|Parting Shot|p2b: Armarouge\n|-unboost|p2b: Armarouge|atk|1\n|-unboost|p2b: Armarouge|spa|1\n|\n|t:|1699996984\n|switch|p1a: Slowking|Slowking-Galar, F, shiny|100\/100|[from] Parting Shot\n|move|p2b: Armarouge|Heat Wave|p1b: Roaring Moon|[spread] p1a,p1b\n|-resisted|p1b: Roaring Moon\n|-damage|p1a: Slowking|77\/100\n|-damage|p1b: Roaring Moon|83\/100\n|\n|upkeep\n|turn|2\n|inactive|Asarak has 120 seconds left.\n|\n|t:|1699997021\n|move|p2a: Indeedee|Helping Hand|p2b: Armarouge\n|-singleturn|p2b: Armarouge|Helping Hand|[of] p2a: Indeedee\n|move|p1b: Roaring Moon|Knock Off|p2b: Armarouge\n|-supereffective|p2b: Armarouge\n|-damage|p2b: Armarouge|0 fnt\n|-enditem|p2b: Armarouge|Aguav Berry|[from] move: Knock Off|[of] p1b: Roaring Moon\n|faint|p2b: Armarouge\n|move|p1a: Slowking|Yawn|p2a: Indeedee\n|-start|p2a: Indeedee|move: Yawn|[of] p1a: Slowking\n|\n|upkeep\n|\n|t:|1699997043\n|switch|p2b: Roaring Moon|Roaring Moon|100\/100\n|turn|3\n|inactive|Asarak has 120 seconds left.\n|\n|t:|1699997060\n|move|p2b: Roaring Moon|Protect|p2b: Roaring Moon\n|-singleturn|p2b: Roaring Moon|Protect\n|move|p2a: Indeedee|Protect|p2a: Indeedee\n|-singleturn|p2a: Indeedee|Protect\n|move|p1b: Roaring Moon|Knock Off|p2b: Roaring Moon\n|-activate|p2b: Roaring Moon|move: Protect\n|move|p1a: Slowking|Icy Wind|p2b: Roaring Moon|[spread] \n|-activate|p2a: Indeedee|move: Protect\n|-activate|p2b: Roaring Moon|move: Protect\n|\n|-end|p2a: Indeedee|move: Yawn|[silent]\n|-status|p2a: Indeedee|slp\n|upkeep\n|turn|4\n|\n|t:|1699997082\n|cant|p2a: Indeedee|slp\n|move|p1b: Roaring Moon|Knock Off|p2b: Roaring Moon\n|-resisted|p2b: Roaring Moon\n|-damage|p2b: Roaring Moon|53\/100\n|-enditem|p2b: Roaring Moon|Life Orb|[from] move: Knock Off|[of] p1b: Roaring Moon\n|move|p2b: Roaring Moon|Draco Meteor|p1b: Roaring Moon\n|-supereffective|p1b: Roaring Moon\n|-damage|p1b: Roaring Moon|25\/100\n|-unboost|p2b: Roaring Moon|spa|2\n|move|p1a: Slowking|Icy Wind|p2a: Indeedee|[spread] p2a,p2b\n|-supereffective|p2b: Roaring Moon\n|-damage|p2a: Indeedee|65\/100 slp\n|-damage|p2b: Roaring Moon|34\/100\n|-unboost|p2a: Indeedee|spe|1\n|-unboost|p2b: Roaring Moon|spe|1\n|\n|upkeep\n|turn|5\n|\n|t:|1699997109\n|move|p2b: Roaring Moon|Protect|p2b: Roaring Moon\n|-singleturn|p2b: Roaring Moon|Protect\n|-curestatus|p2a: Indeedee|slp|[msg]\n|move|p2a: Indeedee|Protect|p2a: Indeedee\n|-singleturn|p2a: Indeedee|Protect\n|move|p1b: Roaring Moon|Acrobatics|p2b: Roaring Moon\n|-activate|p2b: Roaring Moon|move: Protect\n|move|p1a: Slowking|Heal Pulse|p1b: Roaring Moon\n|-heal|p1b: Roaring Moon|75\/100\n|\n|-fieldend|move: Psychic Terrain\n|upkeep\n|turn|6\n|inactive|Asarak has 120 seconds left.\n|\n|t:|1699997150\n|switch|p2a: Torkoal|Torkoal, M|100\/100\n|-weather|SunnyDay|[from] ability: Drought|[of] p2a: Torkoal\n|-activate|p2b: Roaring Moon|ability: Protosynthesis\n|-start|p2b: Roaring Moon|protosynthesisatk\n|move|p1b: Roaring Moon|Acrobatics|p2b: Roaring Moon\n|-damage|p2b: Roaring Moon|0 fnt\n|faint|p2b: Roaring Moon\n|-end|p2b: Roaring Moon|Protosynthesis|[silent]\n|move|p1a: Slowking|Icy Wind|p2a: Torkoal\n|-resisted|p2a: Torkoal\n|-damage|p2a: Torkoal|94\/100\n|-unboost|p2a: Torkoal|spe|1\n|\n|-weather|SunnyDay|[upkeep]\n|-heal|p2a: Torkoal|100\/100|[from] item: Leftovers\n|upkeep\n|\n|t:|1699997170\n|switch|p2b: Lilligant|Lilligant-Hisui, F|100\/100\n|turn|7\n|inactive|Asarak has 120 seconds left.\n|\n|t:|1699997194\n|move|p2b: Lilligant|Petal Blizzard|p1a: Slowking|[spread] p2a,p1a,p1b\n|-resisted|p2a: Torkoal\n|-resisted|p1a: Slowking\n|-resisted|p1b: Roaring Moon\n|-damage|p2a: Torkoal|83\/100\n|-damage|p1a: Slowking|54\/100\n|-damage|p1b: Roaring Moon|50\/100\n|-damage|p2b: Lilligant|91\/100|[from] item: Life Orb\n|move|p1b: Roaring Moon|Knock Off|p2a: Torkoal\n|-damage|p2a: Torkoal|35\/100\n|-enditem|p2a: Torkoal|Leftovers|[from] move: Knock Off|[of] p1b: Roaring Moon\n|move|p1a: Slowking|Yawn|p2b: Lilligant\n|-start|p2b: Lilligant|move: Yawn|[of] p1a: Slowking\n|move|p2a: Torkoal|Eruption|p1b: Roaring Moon|[spread] p1a,p1b\n|-resisted|p1b: Roaring Moon\n|-crit|p1b: Roaring Moon\n|-damage|p1a: Slowking|43\/100\n|-damage|p1b: Roaring Moon|38\/100\n|-enditem|p1a: Slowking|Sitrus Berry|[eat]\n|-heal|p1a: Slowking|68\/100|[from] item: Sitrus Berry\n|\n|-weather|SunnyDay|[upkeep]\n|upkeep\n|turn|8\n|inactive|Asarak has 120 seconds left.\n|inactive|Asarak has 90 seconds left.\n|\n|t:|1699997249\n|move|p2b: Lilligant|Close Combat|p1b: Roaring Moon\n|-supereffective|p1b: Roaring Moon\n|-damage|p1b: Roaring Moon|0 fnt\n|-unboost|p2b: Lilligant|def|1\n|-unboost|p2b: Lilligant|spd|1\n|faint|p1b: Roaring Moon\n|-end|p1b: Roaring Moon|Protosynthesis|[silent]\n|-damage|p2b: Lilligant|81\/100|[from] item: Life Orb\n|move|p1a: Slowking|Heal Pulse|p1: Roaring Moon|[notarget]\n|-fail|p1a: Slowking\n|move|p2a: Torkoal|Will-O-Wisp|p1a: Slowking\n|-status|p1a: Slowking|brn\n|\n|-weather|SunnyDay|[upkeep]\n|-damage|p1a: Slowking|62\/100 brn|[from] brn\n|-end|p2b: Lilligant|move: Yawn|[silent]\n|-status|p2b: Lilligant|slp\n|upkeep\n|\n|t:|1699997263\n|switch|p1b: Ninetales|Ninetales-Alola, F, shiny|100\/100\n|-weather|Snow|[from] ability: Snow Warning|[of] p1b: Ninetales\n|turn|9\n|inactive|Asarak has 90 seconds left.\n|\n|t:|1699997301\n|move|p1b: Ninetales|Encore|p2a: Torkoal\n|-start|p2a: Torkoal|Encore\n|cant|p2b: Lilligant|slp\n|move|p1a: Slowking|Acid Spray|p2a: Torkoal\n|-damage|p2a: Torkoal|22\/100\n|-unboost|p2a: Torkoal|spd|2\n|move|p2a: Torkoal|Will-O-Wisp|p1b: Ninetales|[miss]\n|-miss|p2a: Torkoal|p1b: Ninetales\n|\n|-weather|Snow|[upkeep]\n|-damage|p1a: Slowking|56\/100 brn|[from] brn\n|upkeep\n|turn|10\n|inactive|Asarak has 90 seconds left.\n|\n|t:|1699997322\n|switch|p1a: Munkidori|Munkidori, M|100\/100\n|switch|p2a: Flutter Mane|Flutter Mane|100\/100\n|move|p1b: Ninetales|Blizzard|p2b: Lilligant|[spread] p2a,p2b\n|-supereffective|p2b: Lilligant\n|-damage|p2a: Flutter Mane|67\/100\n|-damage|p2b: Lilligant|0 fnt\n|-status|p2a: Flutter Mane|frz\n|faint|p2b: Lilligant\n|\n|-weather|Snow|[upkeep]\n|upkeep\n|inactive|Asarak has 90 seconds left.\n|\n|t:|1699997333\n|switch|p2b: Indeedee|Indeedee-F, F|65\/100\n|-fieldstart|move: Psychic Terrain|[from] ability: Psychic Surge|[of] p2b: Indeedee\n|turn|11\n|\n|t:|1699997349\n|cant|p2a: Flutter Mane|frz\n|move|p1b: Ninetales|Dazzling Gleam|p2a: Flutter Mane|[spread] p2a,p2b\n|-crit|p2a: Flutter Mane\n|-damage|p2a: Flutter Mane|33\/100 frz\n|-damage|p2b: Indeedee|43\/100\n|move|p1a: Munkidori|Psyshock|p2a: Flutter Mane\n|-damage|p2a: Flutter Mane|0 fnt\n|faint|p2a: Flutter Mane\n|-end|p2a: Flutter Mane|Protosynthesis|[silent]\n|move|p2b: Indeedee|Dazzling Gleam|p1a: Munkidori|[spread] p1a,p1b\n|-resisted|p1a: Munkidori\n|-damage|p1a: Munkidori|93\/100\n|-damage|p1b: Ninetales|83\/100\n|\n|-weather|Snow|[upkeep]\n|upkeep\n|\n|t:|1699997363\n|switch|p2a: Torkoal|Torkoal, M|22\/100\n|-weather|SunnyDay|[from] ability: Drought|[of] p2a: Torkoal\n|turn|12\n|\n|t:|1699997374\n|switch|p1b: Slowking|Slowking-Galar, F, shiny|89\/100 brn\n|move|p2b: Indeedee|Helping Hand|p2a: Torkoal\n|-singleturn|p2a: Torkoal|Helping Hand|[of] p2b: Indeedee\n|move|p1a: Munkidori|Parting Shot|p2a: Torkoal\n|-unboost|p2a: Torkoal|atk|1\n|-unboost|p2a: Torkoal|spa|1\n|\n|t:|1699997381\n|switch|p1a: Ninetales|Ninetales-Alola, F, shiny|83\/100|[from] Parting Shot\n|-weather|Snow|[from] ability: Snow Warning|[of] p1a: Ninetales\n|move|p2a: Torkoal|Lava Plume|p1b: Slowking|[spread] p2b,p1a,p1b\n|-supereffective|p1a: Ninetales\n|-damage|p2b: Indeedee|27\/100\n|-damage|p1a: Ninetales|44\/100\n|-damage|p1b: Slowking|78\/100 brn\n|\n|-weather|Snow|[upkeep]\n|-damage|p1b: Slowking|72\/100 brn|[from] brn\n|upkeep\n|turn|13\n|c|\u2606Asarak|bro gg\n|c|\u2606Blue Syrius|gg\n|\n|t:|1699997399\n|move|p2b: Indeedee|Helping Hand|p2a: Torkoal\n|-singleturn|p2a: Torkoal|Helping Hand|[of] p2b: Indeedee\n|move|p1a: Ninetales|Aurora Veil|p1a: Ninetales\n|-sidestart|p1: Blue Syrius|move: Aurora Veil\n|move|p1b: Slowking|Heal Pulse|p1a: Ninetales\n|-heal|p1a: Ninetales|94\/100\n|move|p2a: Torkoal|Lava Plume|p1b: Slowking|[spread] p2b,p1a,p1b\n|-supereffective|p1a: Ninetales\n|-crit|p1b: Slowking\n|-damage|p2b: Indeedee|10\/100\n|-damage|p1a: Ninetales|63\/100\n|-damage|p1b: Slowking|47\/100 brn\n|-enditem|p2b: Indeedee|Aguav Berry|[eat]\n|-heal|p2b: Indeedee|43\/100|[from] item: Aguav Berry\n|\n|-weather|Snow|[upkeep]\n|-damage|p1b: Slowking|41\/100 brn|[from] brn\n|upkeep\n|turn|14\n|-message|Asarak forfeited.\n|\n|win|Blue Syrius\n|raw|Blue Syrius's rating: 1151 &rarr; <strong>1174<\/strong><br \/>(+23 for winning)\n|raw|Asarak's rating: 1119 &rarr; <strong>1096<\/strong><br \/>(-23 for losing)\n|l|\u2606Asarak\n","uploadtime":1699997415,"views":5,"p1id":"bluesyrius","p2id":"asarak","formatid":"gen9doublesou","rating":1096,"private":0,"password":""}