{"id":"gen9doublesou-1989231723","p1":"Windu2000","p2":"Bencarote","format":"[Gen 9] Doubles OU","log":"|j|\u2606Windu2000\n|j|\u2606Bencarote\n|inactive|Battle timer is ON: inactive players will automatically lose when time's up.\n|t:|1699826025\n|gametype|doubles\n|player|p1|Windu2000|266|\n|player|p2|Bencarote|170|\n|teamsize|p1|6\n|teamsize|p2|6\n|gen|9\n|tier|[Gen 9] Doubles OU\n|rated|Tournament battle\n|rule|Species Clause: Limit one of each Pok\u00e9mon\n|rule|OHKO Clause: OHKO moves are banned\n|rule|Evasion Moves Clause: Evasion moves are banned\n|rule|Gravity Sleep Clause: The combination of sleep-inducing moves with imperfect accuracy and Gravity or Gigantamax Orbeetle are banned\n|rule|Endless Battle Clause: Forcing endless battles is banned\n|rule|HP Percentage Mod: HP is shown in percentages\n|clearpoke\n|poke|p1|Gholdengo|\n|poke|p1|Garchomp, M|\n|poke|p1|Weavile, M|\n|poke|p1|Toxtricity, M|\n|poke|p1|Muk, M|\n|poke|p1|Venomoth, M|\n|poke|p2|Maushold|\n|poke|p2|Cinderace, F|\n|poke|p2|Dragapult, M|\n|poke|p2|Psyduck, F|\n|poke|p2|Meowscarada, F|\n|poke|p2|Garganacl, F|\n|teampreview\n|j|*Lady Monita \u2746\n|j| Zucchini314\n|j| pogchimp970314\n|j| CoolPandaDE\n|\n|t:|1699826036\n|start\n|switch|p1a: Muk|Muk, M|100\/100\n|switch|p1b: Weavile|Weavile, M|100\/100\n|switch|p2a: Garganacl|Garganacl, F|100\/100\n|switch|p2b: Psyduck|Psyduck, F|100\/100\n|-ability|p1b: Weavile|Pressure\n|-ability|p2b: Psyduck|Cloud Nine\n|turn|1\n|j| E4Everyone\n|c|\u2606Windu2000|terrified of psyduck rn\n|j| DragonPhoenix333\n|\n|t:|1699826051\n|move|p1b: Weavile|Low Kick|p2a: Garganacl\n|-supereffective|p2a: Garganacl\n|-damage|p2a: Garganacl|23\/100\n|move|p2b: Psyduck|Knock Off|p1a: Muk\n|-damage|p1a: Muk|87\/100\n|-enditem|p1a: Muk|Leftovers|[from] move: Knock Off|[of] p2b: Psyduck\n|move|p1a: Muk|Toxic Spikes|p2b: Psyduck\n|-sidestart|p2: Bencarote|move: Toxic Spikes\n|move|p2a: Garganacl|Body Press|p1b: Weavile\n|-supereffective|p1b: Weavile\n|-damage|p1b: Weavile|0 fnt\n|faint|p1b: Weavile\n|\n|upkeep\n|\n|t:|1699826063\n|switch|p1b: Gholdengo|Gholdengo|100\/100\n|turn|2\n|l| CoolPandaDE\n|l| DragonPhoenix333\n|\n|t:|1699826086\n|switch|p2a: Meowscarada|Meowscarada, F|100\/100\n|-status|p2a: Meowscarada|psn\n|move|p1b: Gholdengo|Flash Cannon|p2a: Meowscarada\n|-damage|p2a: Meowscarada|43\/100 psn\n|move|p2b: Psyduck|Knock Off|p1b: Gholdengo\n|-supereffective|p1b: Gholdengo\n|-damage|p1b: Gholdengo|70\/100\n|-enditem|p1b: Gholdengo|Assault Vest|[from] move: Knock Off|[of] p2b: Psyduck\n|move|p1a: Muk|Toxic Spikes|p2b: Psyduck\n|-sidestart|p2: Bencarote|move: Toxic Spikes\n|\n|-heal|p2a: Meowscarada|49\/100 psn|[from] item: Leftovers\n|-damage|p2a: Meowscarada|37\/100 psn|[from] psn\n|upkeep\n|turn|3\n|\n|t:|1699826115\n|switch|p2b: Cinderace|Cinderace, F, shiny|100\/100\n|-status|p2b: Cinderace|tox\n|move|p2a: Meowscarada|Knock Off|p1b: Gholdengo\n|-start|p2a: Meowscarada|typechange|Dark|[from] ability: Protean\n|-supereffective|p1b: Gholdengo\n|-damage|p1b: Gholdengo|10\/100\n|move|p1b: Gholdengo|Dazzling Gleam|p2a: Meowscarada|[spread] p2a,p2b\n|-supereffective|p2a: Meowscarada\n|-resisted|p2b: Cinderace\n|-damage|p2a: Meowscarada|0 fnt\n|-damage|p2b: Cinderace|85\/100 tox\n|faint|p2a: Meowscarada\n|move|p1a: Muk|Curse|p1a: Muk\n|-unboost|p1a: Muk|spe|1\n|-boost|p1a: Muk|atk|1\n|-boost|p1a: Muk|def|1\n|\n|-damage|p2b: Cinderace|79\/100 tox|[from] psn\n|upkeep\n|\n|t:|1699826126\n|switch|p2a: Garganacl|Garganacl, F|23\/100\n|turn|4\n|\n|t:|1699826141\n|move|p2b: Cinderace|Pyro Ball|p1b: Gholdengo\n|-supereffective|p1b: Gholdengo\n|-damage|p1b: Gholdengo|0 fnt\n|faint|p1b: Gholdengo\n|-damage|p2b: Cinderace|69\/100 tox|[from] item: Life Orb\n|move|p2a: Garganacl|Recover|p2a: Garganacl\n|-heal|p2a: Garganacl|73\/100\n|move|p1a: Muk|Gunk Shot|p2b: Cinderace\n|-damage|p2b: Cinderace|0 fnt\n|faint|p2b: Cinderace\n|\n|upkeep\n|\n|t:|1699826150\n|switch|p2b: Maushold|Maushold|100\/100\n|switch|p1b: Garchomp|Garchomp, M|100\/100\n|-status|p2b: Maushold|tox\n|turn|5\n|c| pogchimp970314|toxic spikes super annoying\n|\n|t:|1699826165\n|move|p2b: Maushold|Tidy Up|p2b: Maushold\n|-sideend|p2: Bencarote|Toxic Spikes\n|-activate|p2b: Maushold|move: Tidy Up\n|-boost|p2b: Maushold|atk|1\n|-boost|p2b: Maushold|spe|1\n|move|p1b: Garchomp|Earthquake|p2a: Garganacl|[spread] p1a,p2a,p2b\n|-supereffective|p1a: Muk\n|-supereffective|p2a: Garganacl\n|-damage|p1a: Muk|10\/100\n|-damage|p2a: Garganacl|23\/100\n|-damage|p2b: Maushold|15\/100 tox\n|-damage|p1b: Garchomp|91\/100|[from] item: Life Orb\n|move|p2a: Garganacl|Salt Cure|p1a: Muk\n|-damage|p1a: Muk|0 fnt\n|faint|p1a: Muk\n|\n|-damage|p2b: Maushold|9\/100 tox|[from] psn\n|upkeep\n|\n|t:|1699826170\n|switch|p1a: Venomoth|Venomoth, M|100\/100\n|turn|6\n|j| DIMU179\n|c|\u2606Windu2000|rip muk\n|\n|t:|1699826180\n|switch|p2a: Psyduck|Psyduck, F|100\/100\n|-ability|p2a: Psyduck|Cloud Nine\n|move|p2b: Maushold|Population Bomb|p1a: Venomoth\n|-damage|p1a: Venomoth|79\/100\n|-damage|p1a: Venomoth|59\/100\n|-damage|p1a: Venomoth|39\/100\n|-damage|p1a: Venomoth|19\/100\n|-damage|p1a: Venomoth|0 fnt\n|faint|p1a: Venomoth\n|-hitcount|p1: Venomoth|5\n|move|p1b: Garchomp|Earthquake|p2a: Psyduck|[spread] p2a,p2b\n|-damage|p2a: Psyduck|38\/100\n|-damage|p2b: Maushold|0 fnt\n|faint|p2b: Maushold\n|-damage|p1b: Garchomp|81\/100|[from] item: Life Orb\n|\n|upkeep\n|\n|t:|1699826187\n|switch|p2b: Dragapult|Dragapult, M|100\/100\n|switch|p1a: Toxtricity|Toxtricity, M|100\/100\n|turn|7\n|\n|t:|1699826199\n|-terastallize|p1a: Toxtricity|Normal\n|move|p2b: Dragapult|Draco Meteor|p1a: Toxtricity\n|-damage|p1a: Toxtricity|23\/100\n|-unboost|p2b: Dragapult|spa|2\n|move|p1b: Garchomp|Dragon Claw|p2b: Dragapult\n|-supereffective|p2b: Dragapult\n|-damage|p2b: Dragapult|0 fnt\n|faint|p2b: Dragapult\n|-damage|p1b: Garchomp|71\/100|[from] item: Life Orb\n|move|p1a: Toxtricity|Overdrive|p2a: Psyduck\n|-supereffective|p2a: Psyduck\n|-damage|p2a: Psyduck|0 fnt\n|faint|p2a: Psyduck\n|-enditem|p1a: Toxtricity|Throat Spray\n|-boost|p1a: Toxtricity|spa|1|[from] item: Throat Spray\n|\n|upkeep\n|\n|t:|1699826208\n|switch|p2b: Garganacl|Garganacl, F|23\/100\n|turn|8\n|\n|t:|1699826218\n|move|p1b: Garchomp|Dragon Claw|p2b: Garganacl\n|-damage|p2b: Garganacl|0 fnt\n|faint|p2b: Garganacl\n|-damage|p1b: Garchomp|61\/100|[from] item: Life Orb\n|\n|win|Windu2000\n|n|\u2606Windu2000|windu2000\n|n|\u2606Bencarote|bencarote\n|n|*Lady Monita \u2746|ladymonita\n|n| Zucchini314|zucchini314\n|n| pogchimp970314|pogchimp970314\n|n| E4Everyone|e4everyone\n|n| DIMU179|dimu179\n","uploadtime":1699826219,"views":11,"p1id":"windu2000","p2id":"bencarote","formatid":"gen9doublesou","rating":0,"private":0,"password":""}