{"id":"gen9doublesou-1989079778","p1":"robjr","p2":"Lemurro","format":"[Gen 9] Doubles OU","log":"|j|\u2606robjr\n|j|\u2606Lemurro\n|t:|1699809962\n|gametype|doubles\n|player|p1|robjr|#dpl9spectralthieves|\n|player|p2|Lemurro|#dwcopiii|\n|teamsize|p1|6\n|teamsize|p2|6\n|gen|9\n|tier|[Gen 9] Doubles OU\n|rule|Species Clause: Limit one of each Pok\u00e9mon\n|rule|OHKO Clause: OHKO moves are banned\n|rule|Evasion Moves Clause: Evasion moves are banned\n|rule|Gravity Sleep Clause: The combination of sleep-inducing moves with imperfect accuracy and Gravity or Gigantamax Orbeetle are banned\n|rule|Endless Battle Clause: Forcing endless battles is banned\n|rule|HP Percentage Mod: HP is shown in percentages\n|clearpoke\n|poke|p1|Landorus-Therian, M|\n|poke|p1|Volcanion|\n|poke|p1|Flutter Mane|\n|poke|p1|Roaring Moon|\n|poke|p1|Rillaboom, M|\n|poke|p1|Iron Hands|\n|poke|p2|Kommo-o, F|\n|poke|p2|Rillaboom, M|\n|poke|p2|Torkoal, M|\n|poke|p2|Landorus-Therian, M|\n|poke|p2|Flutter Mane|\n|poke|p2|Diancie|\n|teampreview\n|c|\u2606Lemurro|glhf\n|c|\u2606robjr|hf\n|\n|t:|1699810033\n|start\n|switch|p1a: Flutter Mane|Flutter Mane|100\/100\n|switch|p1b: Rillaboom|Rillaboom, M, shiny|100\/100\n|switch|p2a: High Ground|Landorus-Therian, M|100\/100\n|switch|p2b: Force of Nature|Rillaboom, M|100\/100\n|-ability|p2a: High Ground|Intimidate|boost\n|-unboost|p1a: Flutter Mane|atk|1\n|-unboost|p1b: Rillaboom|atk|1\n|-fieldstart|move: Grassy Terrain|[from] ability: Grassy Surge|[of] p2b: Force of Nature\n|turn|1\n|\n|t:|1699810082\n|switch|p1b: Landorus|Landorus-Therian, M, shiny|100\/100\n|-ability|p1b: Landorus|Intimidate|boost\n|-unboost|p2a: High Ground|atk|1\n|-unboost|p2b: Force of Nature|atk|1\n|move|p2a: High Ground|Stomping Tantrum|p1a: Flutter Mane\n|-damage|p1a: Flutter Mane|37\/100\n|move|p1a: Flutter Mane|Moonblast|p2a: High Ground\n|-damage|p2a: High Ground|38\/100\n|move|p2b: Force of Nature|Wood Hammer|p1a: Flutter Mane\n|-crit|p1a: Flutter Mane\n|-damage|p1a: Flutter Mane|0 fnt\n|faint|p1a: Flutter Mane\n|-end|p1a: Flutter Mane|Protosynthesis|[silent]\n|-damage|p2b: Force of Nature|93\/100|[from] Recoil\n|\n|-heal|p2b: Force of Nature|99\/100|[from] Grassy Terrain\n|upkeep\n|\n|t:|1699810101\n|switch|p1a: Roaring Moon|Roaring Moon|100\/100\n|-enditem|p1a: Roaring Moon|Booster Energy\n|-activate|p1a: Roaring Moon|ability: Protosynthesis|[fromitem]\n|-start|p1a: Roaring Moon|protosynthesisspe\n|turn|2\n|\n|t:|1699810135\n|switch|p2a: Timescape|Diancie|100\/100\n|switch|p2b: Warning|Torkoal, M|100\/100\n|-weather|SunnyDay|[from] ability: Drought|[of] p2b: Warning\n|move|p1a: Roaring Moon|Knock Off|p2a: Timescape\n|-resisted|p2a: Timescape\n|-damage|p2a: Timescape|82\/100\n|-enditem|p2a: Timescape|Weakness Policy|[from] move: Knock Off|[of] p1a: Roaring Moon\n|move|p1b: Landorus|Stealth Rock|p2b: Warning\n|-sidestart|p2: Lemurro|move: Stealth Rock\n|\n|-weather|SunnyDay|[upkeep]\n|-heal|p2a: Timescape|88\/100|[from] Grassy Terrain\n|upkeep\n|turn|3\n|\n|t:|1699810177\n|move|p2a: Timescape|Protect|p2a: Timescape\n|-singleturn|p2a: Timescape|Protect\n|move|p1a: Roaring Moon|Knock Off|p2b: Warning\n|-damage|p2b: Warning|61\/100\n|-enditem|p2b: Warning|Eject Button|[from] move: Knock Off|[of] p1a: Roaring Moon\n|move|p1b: Landorus|Taunt|p2a: Timescape\n|-activate|p2a: Timescape|move: Protect\n|move|p2b: Warning|Will-O-Wisp|p1b: Landorus\n|-status|p1b: Landorus|brn\n|\n|-weather|SunnyDay|[upkeep]\n|-heal|p2a: Timescape|94\/100|[from] Grassy Terrain\n|-heal|p2b: Warning|67\/100|[from] Grassy Terrain\n|-damage|p1b: Landorus|94\/100 brn|[from] brn\n|upkeep\n|turn|4\n|\n|t:|1699810200\n|move|p1a: Roaring Moon|Protect|p1a: Roaring Moon\n|-singleturn|p1a: Roaring Moon|Protect\n|move|p1b: Landorus|U-turn|p2a: Timescape\n|-resisted|p2a: Timescape\n|-damage|p2a: Timescape|89\/100\n|\n|t:|1699810207\n|switch|p1b: Rillaboom|Rillaboom, M, shiny|100\/100|[from] U-turn\n|move|p2a: Timescape|Diamond Storm|p1a: Roaring Moon|[spread] p1b\n|-activate|p1a: Roaring Moon|move: Protect\n|-crit|p1b: Rillaboom\n|-damage|p1b: Rillaboom|55\/100\n|move|p2b: Warning|Will-O-Wisp|p1a: Roaring Moon\n|-activate|p1a: Roaring Moon|move: Protect\n|\n|-weather|SunnyDay|[upkeep]\n|-heal|p1b: Rillaboom|61\/100|[from] Grassy Terrain\n|-heal|p2a: Timescape|95\/100|[from] Grassy Terrain\n|-heal|p2b: Warning|73\/100|[from] Grassy Terrain\n|upkeep\n|turn|5\n|\n|t:|1699810278\n|-end|p1a: Roaring Moon|Protosynthesis|[silent]\n|switch|p1a: Volcanion|Volcanion|100\/100\n|switch|p2a: Force of Nature|Rillaboom, M|99\/100\n|-damage|p2a: Force of Nature|87\/100|[from] Stealth Rock\n|move|p1b: Rillaboom|Fake Out|p2a: Force of Nature\n|-damage|p2a: Force of Nature|72\/100\n|move|p2b: Warning|Will-O-Wisp|p1a: Volcanion|[miss]\n|-miss|p2b: Warning|p1a: Volcanion\n|\n|-weather|SunnyDay|[upkeep]\n|-heal|p2a: Force of Nature|78\/100|[from] Grassy Terrain\n|-heal|p1b: Rillaboom|67\/100|[from] Grassy Terrain\n|-heal|p2b: Warning|80\/100|[from] Grassy Terrain\n|-fieldend|move: Grassy Terrain\n|upkeep\n|turn|6\n|\n|t:|1699810301\n|switch|p2b: Siege|Kommo-o, F|100\/100\n|-damage|p2b: Siege|94\/100|[from] Stealth Rock\n|move|p2a: Force of Nature|Fake Out|p1a: Volcanion\n|-damage|p1a: Volcanion|88\/100\n|move|p1b: Rillaboom|U-turn|p2a: Force of Nature\n|-supereffective|p2a: Force of Nature\n|-damage|p2a: Force of Nature|27\/100\n|\n|t:|1699810312\n|switch|p1b: Roaring Moon|Roaring Moon|100\/100|[from] U-turn\n|-activate|p1b: Roaring Moon|ability: Protosynthesis\n|-start|p1b: Roaring Moon|protosynthesisspe\n|cant|p1a: Volcanion|flinch\n|\n|-weather|none\n|-end|p1b: Roaring Moon|Protosynthesis\n|-heal|p2b: Siege|100\/100|[from] item: Leftovers\n|-heal|p1a: Volcanion|94\/100|[from] item: Leftovers\n|upkeep\n|turn|7\n|\n|t:|1699810336\n|move|p1b: Roaring Moon|Breaking Swipe|p2a: Force of Nature|[spread] p2a,p2b\n|-supereffective|p2b: Siege\n|-damage|p2a: Force of Nature|5\/100\n|-damage|p2b: Siege|72\/100\n|-unboost|p2a: Force of Nature|atk|1\n|-unboost|p2b: Siege|atk|1\n|move|p2a: Force of Nature|High Horsepower|p1a: Volcanion\n|-supereffective|p1a: Volcanion\n|-damage|p1a: Volcanion|55\/100\n|move|p2b: Siege|Iron Defense|p2b: Siege\n|-boost|p2b: Siege|def|2\n|move|p1a: Volcanion|Will-O-Wisp|p2b: Siege\n|-status|p2b: Siege|brn\n|\n|-heal|p2b: Siege|78\/100 brn|[from] item: Leftovers\n|-heal|p1a: Volcanion|61\/100|[from] item: Leftovers\n|-damage|p2b: Siege|72\/100 brn|[from] brn\n|upkeep\n|turn|8\n|\n|t:|1699810384\n|switch|p2a: Timescape|Diancie|95\/100\n|-damage|p2a: Timescape|83\/100|[from] Stealth Rock\n|move|p1b: Roaring Moon|Breaking Swipe|p2b: Siege|[spread] p2b\n|-immune|p2a: Timescape\n|-supereffective|p2b: Siege\n|-damage|p2b: Siege|58\/100 brn\n|-unboost|p2b: Siege|atk|1\n|move|p2b: Siege|Body Press|p1a: Volcanion\n|-damage|p1a: Volcanion|27\/100\n|move|p1a: Volcanion|Steam Eruption|p2a: Timescape\n|-supereffective|p2a: Timescape\n|-damage|p2a: Timescape|0 fnt\n|faint|p2a: Timescape\n|\n|-heal|p2b: Siege|64\/100 brn|[from] item: Leftovers\n|-heal|p1a: Volcanion|33\/100|[from] item: Leftovers\n|-damage|p2b: Siege|58\/100 brn|[from] brn\n|upkeep\n|\n|t:|1699810414\n|switch|p2a: Phantasms|Flutter Mane|100\/100\n|-damage|p2a: Phantasms|88\/100|[from] Stealth Rock\n|turn|9\n|\n|t:|1699810434\n|-terastallize|p1b: Roaring Moon|Poison\n|move|p1b: Roaring Moon|Tailwind|p1b: Roaring Moon\n|-sidestart|p1: robjr|move: Tailwind\n|move|p2a: Phantasms|Shadow Ball|p1b: Roaring Moon\n|-damage|p1b: Roaring Moon|37\/100\n|move|p1a: Volcanion|Steam Eruption|p2a: Phantasms\n|-damage|p2a: Phantasms|27\/100\n|-status|p2a: Phantasms|brn\n|move|p2b: Siege|Body Press|p1b: Roaring Moon\n|-resisted|p1b: Roaring Moon\n|-damage|p1b: Roaring Moon|12\/100\n|\n|-heal|p1a: Volcanion|39\/100|[from] item: Leftovers\n|-heal|p2b: Siege|64\/100 brn|[from] item: Leftovers\n|-damage|p2a: Phantasms|21\/100 brn|[from] brn\n|-damage|p2b: Siege|58\/100 brn|[from] brn\n|upkeep\n|turn|10\n|\n|t:|1699810479\n|-end|p2a: Phantasms|Protosynthesis|[silent]\n|switch|p2a: Force of Nature|Rillaboom, M|5\/100\n|-damage|p2a: Force of Nature|0 fnt|[from] Stealth Rock\n|faint|p2a: Force of Nature\n|move|p1a: Volcanion|Protect|p1a: Volcanion\n|-singleturn|p1a: Volcanion|Protect\n|move|p1b: Roaring Moon|Knock Off|p2b: Siege\n|-resisted|p2b: Siege\n|-damage|p2b: Siege|50\/100 brn\n|-enditem|p2b: Siege|Leftovers|[from] move: Knock Off|[of] p1b: Roaring Moon\n|move|p2b: Siege|Body Press|p1b: Roaring Moon\n|-resisted|p1b: Roaring Moon\n|-damage|p1b: Roaring Moon|0 fnt\n|faint|p1b: Roaring Moon\n|-end|p1b: Roaring Moon|Protosynthesis|[silent]\n|\n|-heal|p1a: Volcanion|45\/100|[from] item: Leftovers\n|-damage|p2b: Siege|44\/100 brn|[from] brn\n|upkeep\n|\n|t:|1699810497\n|switch|p1b: Iron Hands|Iron Hands|100\/100\n|switch|p2a: Warning|Torkoal, M|80\/100\n|-damage|p2a: Warning|55\/100|[from] Stealth Rock\n|-weather|SunnyDay|[from] ability: Drought|[of] p2a: Warning\n|turn|11\n|\n|t:|1699810511\n|move|p2b: Siege|Protect|p2b: Siege\n|-singleturn|p2b: Siege|Protect\n|move|p2a: Warning|Protect|p2a: Warning\n|-singleturn|p2a: Warning|Protect\n|move|p1b: Iron Hands|Fake Out|p2b: Siege\n|-activate|p2b: Siege|move: Protect\n|move|p1a: Volcanion|Heat Wave|p2b: Siege|[spread] \n|-activate|p2a: Warning|move: Protect\n|-activate|p2b: Siege|move: Protect\n|\n|-weather|SunnyDay|[upkeep]\n|-heal|p1a: Volcanion|51\/100|[from] item: Leftovers\n|-damage|p2b: Siege|38\/100 brn|[from] brn\n|upkeep\n|turn|12\n|\n|t:|1699810529\n|move|p1a: Volcanion|Heat Wave|p2a: Warning|[spread] p2a,p2b\n|-resisted|p2a: Warning\n|-resisted|p2b: Siege\n|-damage|p2a: Warning|11\/100\n|-damage|p2b: Siege|10\/100 brn\n|move|p1b: Iron Hands|Drain Punch|p2b: Siege\n|-damage|p2b: Siege|0 fnt\n|faint|p2b: Siege\n|move|p2a: Warning|Will-O-Wisp|p1b: Iron Hands\n|-status|p1b: Iron Hands|brn\n|\n|-weather|SunnyDay|[upkeep]\n|-heal|p1a: Volcanion|57\/100|[from] item: Leftovers\n|-damage|p1b: Iron Hands|94\/100 brn|[from] brn\n|-sideend|p1: robjr|move: Tailwind\n|upkeep\n|\n|t:|1699810543\n|switch|p2b: High Ground|Landorus-Therian, M|38\/100\n|-damage|p2b: High Ground|26\/100|[from] Stealth Rock\n|-ability|p2b: High Ground|Intimidate|boost\n|-unboost|p1a: Volcanion|atk|1\n|-unboost|p1b: Iron Hands|atk|1\n|turn|13\n|\n|t:|1699810558\n|switch|p1a: Landorus|Landorus-Therian, M, shiny|94\/100 brn\n|-ability|p1a: Landorus|Intimidate|boost\n|-unboost|p2a: Warning|atk|1\n|-unboost|p2b: High Ground|atk|1\n|move|p2b: High Ground|Stomping Tantrum|p1a: Landorus\n|-immune|p1a: Landorus\n|move|p1b: Iron Hands|Heavy Slam|p2b: High Ground\n|-damage|p2b: High Ground|8\/100\n|move|p2a: Warning|Heat Wave|p1b: Iron Hands|[spread] p1a,p1b\n|-damage|p1a: Landorus|54\/100 brn\n|-damage|p1b: Iron Hands|72\/100 brn\n|\n|-weather|SunnyDay|[upkeep]\n|-damage|p1a: Landorus|47\/100 brn|[from] brn\n|-damage|p1b: Iron Hands|66\/100 brn|[from] brn\n|upkeep\n|-enditem|p1a: Landorus|Sitrus Berry|[eat]\n|-heal|p1a: Landorus|72\/100 brn|[from] item: Sitrus Berry\n|turn|14\n|\n|t:|1699810577\n|move|p2a: Warning|Protect|p2a: Warning\n|-singleturn|p2a: Warning|Protect\n|move|p2b: High Ground|Stomping Tantrum|p1b: Iron Hands\n|-supereffective|p1b: Iron Hands\n|-damage|p1b: Iron Hands|0 fnt\n|faint|p1b: Iron Hands\n|-end|p1b: Iron Hands|Quark Drive|[silent]\n|move|p1a: Landorus|Stomping Tantrum|p2a: Warning\n|-activate|p2a: Warning|move: Protect\n|\n|-weather|SunnyDay|[upkeep]\n|-damage|p1a: Landorus|66\/100 brn|[from] brn\n|upkeep\n|\n|t:|1699810585\n|switch|p1b: Rillaboom|Rillaboom, M, shiny|67\/100\n|-fieldstart|move: Grassy Terrain|[from] ability: Grassy Surge|[of] p1b: Rillaboom\n|turn|15\n|\n|t:|1699810603\n|move|p2a: Warning|Protect||[still]\n|-fail|p2a: Warning\n|move|p1b: Rillaboom|Grassy Glide|p2b: High Ground\n|-damage|p2b: High Ground|0 fnt\n|faint|p2b: High Ground\n|move|p1a: Landorus|Stomping Tantrum|p2a: Warning\n|-supereffective|p2a: Warning\n|-damage|p2a: Warning|0 fnt\n|faint|p2a: Warning\n|\n|-weather|none\n|-heal|p1b: Rillaboom|73\/100|[from] Grassy Terrain\n|-damage|p1a: Landorus|60\/100 brn|[from] brn\n|upkeep\n|\n|t:|1699810606\n|switch|p2b: Phantasms|Flutter Mane|21\/100 brn\n|-damage|p2b: Phantasms|9\/100 brn|[from] Stealth Rock\n|turn|16\n|\n|t:|1699810610\n|-terastallize|p2b: Phantasms|Fairy\n|move|p1b: Rillaboom|Grassy Glide|p2b: Phantasms\n|-damage|p2b: Phantasms|0 fnt\n|faint|p2b: Phantasms\n|-end|p2b: Phantasms|Protosynthesis|[silent]\n|\n|win|robjr\n|c|\u2606robjr|gg\n|l|\u2606robjr\n","uploadtime":1699810618,"views":73,"p1id":"robjr","p2id":"lemurro","formatid":"gen9doublesou","rating":0,"private":0,"password":""}