{"id":"gen9doublesou-1986602756","p1":"puthywillow420","p2":"UnknownOne117","format":"[Gen 9] Doubles OU","log":"|j|\u2606puthywillow420\n|j|\u2606UnknownOne117\n|t:|1699496762\n|gametype|doubles\n|player|p1|puthywillow420|caitlin|1050\n|player|p2|UnknownOne117|170|1155\n|teamsize|p1|6\n|teamsize|p2|6\n|gen|9\n|tier|[Gen 9] Doubles OU\n|rated|\n|rule|Species Clause: Limit one of each Pok\u00e9mon\n|rule|OHKO Clause: OHKO moves are banned\n|rule|Evasion Moves Clause: Evasion moves are banned\n|rule|Gravity Sleep Clause: The combination of sleep-inducing moves with imperfect accuracy and Gravity or Gigantamax Orbeetle are banned\n|rule|Endless Battle Clause: Forcing endless battles is banned\n|rule|HP Percentage Mod: HP is shown in percentages\n|clearpoke\n|poke|p1|Stantler, M|\n|poke|p1|Pawmot, M|\n|poke|p1|Okidogi, M|\n|poke|p1|Clefable, M|\n|poke|p1|Wyrdeer, F|\n|poke|p1|Kingambit, M|\n|poke|p2|Ninetales-Alola, M|\n|poke|p2|Clefairy, F|\n|poke|p2|Kommo-o, M|\n|poke|p2|Flutter Mane|\n|poke|p2|Landorus-Therian, M|\n|poke|p2|Tornadus, M|\n|teampreview\n|inactive|Battle timer is ON: inactive players will automatically lose when time's up. (requested by puthywillow420)\n|\n|t:|1699496783\n|start\n|switch|p1a: Stantler|Stantler, M|100\/100\n|switch|p1b: Okidogi|Okidogi, M|100\/100\n|switch|p2a: Tornadus|Tornadus, M|100\/100\n|switch|p2b: Ninetales|Ninetales-Alola, M|100\/100\n|-weather|Snow|[from] ability: Snow Warning|[of] p2b: Ninetales\n|-ability|p1a: Stantler|Intimidate|boost\n|-unboost|p2a: Tornadus|atk|1\n|-unboost|p2b: Ninetales|atk|1\n|turn|1\n|\n|t:|1699496796\n|switch|p1b: Kingambit|Kingambit, M|100\/100\n|move|p2a: Tornadus|Taunt|p1a: Stantler\n|-start|p1a: Stantler|move: Taunt\n|move|p2b: Ninetales|Aurora Veil|p2b: Ninetales\n|-sidestart|p2: UnknownOne117|move: Aurora Veil\n|cant|p1a: Stantler|move: Taunt|Skill Swap\n|\n|-weather|Snow|[upkeep]\n|upkeep\n|turn|2\n|\n|t:|1699496822\n|switch|p2b: Kommo-o|Kommo-o, M|100\/100\n|switch|p1a: Clefable|Clefable, M|100\/100\n|move|p2a: Tornadus|Tailwind|p2a: Tornadus\n|-sidestart|p2: UnknownOne117|move: Tailwind\n|move|p1b: Kingambit|Iron Head|p2b: Kommo-o\n|-damage|p2b: Kommo-o|68\/100\n|\n|-weather|Snow|[upkeep]\n|upkeep\n|turn|3\n|\n|t:|1699496844\n|switch|p2a: Clefairy|Clefairy, F|100\/100\n|switch|p1b: Wyrdeer|Wyrdeer, F|100\/100\n|-ability|p1b: Wyrdeer|Intimidate|boost\n|-unboost|p2a: Clefairy|atk|1\n|-unboost|p2b: Kommo-o|atk|1\n|move|p2b: Kommo-o|Clangorous Soul|p2b: Kommo-o\n|-boost|p2b: Kommo-o|atk|1\n|-boost|p2b: Kommo-o|def|1\n|-boost|p2b: Kommo-o|spa|1\n|-boost|p2b: Kommo-o|spd|1\n|-boost|p2b: Kommo-o|spe|1\n|-damage|p2b: Kommo-o|35\/100\n|-enditem|p2b: Kommo-o|Throat Spray\n|-boost|p2b: Kommo-o|spa|1|[from] item: Throat Spray\n|move|p1a: Clefable|Icy Wind|p2a: Clefairy|[spread] p2a,p2b\n|-supereffective|p2b: Kommo-o\n|-damage|p2a: Clefairy|96\/100\n|-damage|p2b: Kommo-o|25\/100\n|-unboost|p2a: Clefairy|spe|1\n|-unboost|p2b: Kommo-o|spe|1\n|\n|-weather|Snow|[upkeep]\n|upkeep\n|turn|4\n|\n|t:|1699496865\n|move|p1a: Clefable|Follow Me|p1a: Clefable\n|-singleturn|p1a: Clefable|move: Follow Me\n|move|p2a: Clefairy|Follow Me|p2a: Clefairy\n|-singleturn|p2a: Clefairy|move: Follow Me\n|move|p2b: Kommo-o|Clanging Scales|p1b: Wyrdeer|[spread] p1b\n|-immune|p1a: Clefable\n|-damage|p1b: Wyrdeer|39\/100\n|-unboost|p2b: Kommo-o|def|1\n|move|p1b: Wyrdeer|Psychic|p2a: Clefairy\n|-damage|p2a: Clefairy|80\/100\n|\n|-weather|Snow|[upkeep]\n|-heal|p1b: Wyrdeer|45\/100|[from] item: Leftovers\n|upkeep\n|turn|5\n|\n|t:|1699496879\n|move|p1b: Wyrdeer|Protect|p1b: Wyrdeer\n|-singleturn|p1b: Wyrdeer|Protect\n|move|p2a: Clefairy|Follow Me|p2a: Clefairy\n|-singleturn|p2a: Clefairy|move: Follow Me\n|move|p2b: Kommo-o|Clanging Scales|p1b: Wyrdeer|[spread] \n|-activate|p1b: Wyrdeer|move: Protect\n|-immune|p1a: Clefable\n|move|p1a: Clefable|Icy Wind|p2b: Kommo-o|[spread] p2a,p2b\n|-supereffective|p2b: Kommo-o\n|-damage|p2a: Clefairy|75\/100\n|-damage|p2b: Kommo-o|14\/100\n|-unboost|p2a: Clefairy|spe|1\n|-unboost|p2b: Kommo-o|spe|1\n|\n|-weather|none\n|-heal|p1b: Wyrdeer|51\/100|[from] item: Leftovers\n|-sideend|p2: UnknownOne117|move: Tailwind\n|upkeep\n|turn|6\n|\n|t:|1699496895\n|switch|p1b: Stantler|Stantler, M|100\/100\n|-ability|p1b: Stantler|Intimidate|boost\n|-unboost|p2a: Clefairy|atk|1\n|-unboost|p2b: Kommo-o|atk|1\n|move|p2a: Clefairy|Follow Me|p2a: Clefairy\n|-singleturn|p2a: Clefairy|move: Follow Me\n|move|p2b: Kommo-o|Flash Cannon|p1a: Clefable\n|-supereffective|p1a: Clefable\n|-damage|p1a: Clefable|68\/100\n|move|p1a: Clefable|Icy Wind|p2b: Kommo-o|[spread] p2a,p2b\n|-supereffective|p2b: Kommo-o\n|-damage|p2a: Clefairy|71\/100\n|-damage|p2b: Kommo-o|2\/100\n|-unboost|p2a: Clefairy|spe|1\n|-unboost|p2b: Kommo-o|spe|1\n|\n|upkeep\n|turn|7\n|\n|t:|1699496913\n|move|p2a: Clefairy|Helping Hand|p2b: Kommo-o\n|-singleturn|p2b: Kommo-o|Helping Hand|[of] p2a: Clefairy\n|move|p1a: Clefable|Icy Wind|p2b: Kommo-o|[spread] p2a,p2b\n|-supereffective|p2b: Kommo-o\n|-damage|p2a: Clefairy|67\/100\n|-damage|p2b: Kommo-o|0 fnt\n|-unboost|p2a: Clefairy|spe|1\n|faint|p2b: Kommo-o\n|move|p1b: Stantler|Roar|p2a: Clefairy\n|drag|p2a: Ninetales|Ninetales-Alola, M|100\/100\n|-weather|Snow|[from] ability: Snow Warning|[of] p2a: Ninetales\n|\n|-weather|Snow|[upkeep]\n|upkeep\n|\n|t:|1699496926\n|switch|p2b: Tornadus|Tornadus, M|100\/100\n|turn|8\n|\n|t:|1699496942\n|switch|p1b: Pawmot|Pawmot, M|100\/100\n|move|p2b: Tornadus|Taunt|p1b: Pawmot\n|-start|p1b: Pawmot|move: Taunt\n|move|p1a: Clefable|Icy Wind|p2a: Ninetales|[spread] p2a,p2b\n|-resisted|p2a: Ninetales\n|-supereffective|p2b: Tornadus\n|-damage|p2a: Ninetales|97\/100\n|-damage|p2b: Tornadus|84\/100\n|-unboost|p2a: Ninetales|spe|1\n|move|p2a: Ninetales|Roar|p1b: Pawmot\n|drag|p1b: Stantler|Stantler, M|100\/100\n|-ability|p1b: Stantler|Intimidate|boost\n|-unboost|p2a: Ninetales|atk|1\n|-unboost|p2b: Tornadus|atk|1\n|\n|-weather|Snow|[upkeep]\n|-sideend|p2: UnknownOne117|move: Aurora Veil\n|upkeep\n|turn|9\n|\n|t:|1699496966\n|move|p1b: Stantler|Protect|p1b: Stantler\n|-singleturn|p1b: Stantler|Protect\n|move|p2b: Tornadus|Taunt|p1b: Stantler\n|-activate|p1b: Stantler|move: Protect\n|move|p2a: Ninetales|Aurora Veil|p2a: Ninetales\n|-sidestart|p2: UnknownOne117|move: Aurora Veil\n|move|p1a: Clefable|Cosmic Power|p1a: Clefable\n|-boost|p1a: Clefable|def|1\n|-boost|p1a: Clefable|spd|1\n|\n|-weather|Snow|[upkeep]\n|upkeep\n|turn|10\n|j| klaylton\n|\n|t:|1699496981\n|switch|p1b: Wyrdeer|Wyrdeer, F|51\/100\n|-ability|p1b: Wyrdeer|Intimidate|boost\n|-unboost|p2a: Ninetales|atk|1\n|-unboost|p2b: Tornadus|atk|1\n|move|p2b: Tornadus|Taunt|p1b: Wyrdeer\n|-start|p1b: Wyrdeer|move: Taunt\n|move|p1a: Clefable|Cosmic Power|p1a: Clefable\n|-boost|p1a: Clefable|def|1\n|-boost|p1a: Clefable|spd|1\n|move|p2a: Ninetales|Roar|p1a: Clefable\n|drag|p1a: Okidogi|Okidogi, M|100\/100\n|\n|-weather|Snow|[upkeep]\n|-heal|p1b: Wyrdeer|57\/100|[from] item: Leftovers\n|upkeep\n|turn|11\n|\n|t:|1699497002\n|move|p2b: Tornadus|Bleakwind Storm|p1b: Wyrdeer|[spread] p1a\n|-miss|p2b: Tornadus|p1b: Wyrdeer\n|-supereffective|p1a: Okidogi\n|-damage|p1a: Okidogi|27\/100\n|-unboost|p1a: Okidogi|spe|1\n|move|p2a: Ninetales|Blizzard|p1b: Wyrdeer|[spread] p1a,p1b\n|-damage|p1a: Okidogi|0 fnt\n|-damage|p1b: Wyrdeer|31\/100\n|-status|p1b: Wyrdeer|frz\n|faint|p1a: Okidogi\n|cant|p1b: Wyrdeer|frz\n|\n|-weather|none\n|-heal|p1b: Wyrdeer|37\/100 frz|[from] item: Leftovers\n|upkeep\n|\n|t:|1699497015\n|switch|p1a: Kingambit|Kingambit, M|100\/100\n|turn|12\n|\n|t:|1699497026\n|switch|p2a: Landorus|Landorus-Therian, M|100\/100\n|-ability|p2a: Landorus|Intimidate|boost\n|-unboost|p1a: Kingambit|atk|1\n|-ability|p1a: Kingambit|Defiant|boost\n|-boost|p1a: Kingambit|atk|2\n|-unboost|p1b: Wyrdeer|atk|1\n|move|p2b: Tornadus|Tailwind|p2b: Tornadus\n|-sidestart|p2: UnknownOne117|move: Tailwind\n|cant|p1b: Wyrdeer|frz\n|move|p1a: Kingambit|Iron Head|p2a: Landorus\n|-damage|p2a: Landorus|47\/100\n|\n|-heal|p1b: Wyrdeer|43\/100 frz|[from] item: Leftovers\n|-end|p1b: Wyrdeer|move: Taunt\n|upkeep\n|turn|13\n|\n|t:|1699497042\n|switch|p1b: Stantler|Stantler, M|100\/100\n|-ability|p1b: Stantler|Intimidate|boost\n|-unboost|p2a: Landorus|atk|1\n|-unboost|p2b: Tornadus|atk|1\n|move|p1a: Kingambit|Protect|p1a: Kingambit\n|-singleturn|p1a: Kingambit|Protect\n|move|p2b: Tornadus|Heat Wave|p1a: Kingambit|[spread] p1b\n|-activate|p1a: Kingambit|move: Protect\n|-damage|p1b: Stantler|79\/100\n|move|p2a: Landorus|Earthquake|p1a: Kingambit|[spread] p1b\n|-activate|p1a: Kingambit|move: Protect\n|-immune|p2b: Tornadus\n|-damage|p1b: Stantler|57\/100\n|\n|upkeep\n|turn|14\n|\n|t:|1699497064\n|-terastallize|p1a: Kingambit|Fairy\n|move|p1b: Stantler|Protect|p1b: Stantler\n|-singleturn|p1b: Stantler|Protect\n|move|p2b: Tornadus|Taunt|p1b: Stantler\n|-activate|p1b: Stantler|move: Protect\n|move|p1a: Kingambit|Sucker Punch||[still]\n|-fail|p1a: Kingambit\n|move|p2a: Landorus|Earthquake|p1b: Stantler|[spread] p1a\n|-activate|p1b: Stantler|move: Protect\n|-immune|p2b: Tornadus\n|-damage|p1a: Kingambit|82\/100\n|\n|upkeep\n|turn|15\n|\n|t:|1699497085\n|switch|p1b: Wyrdeer|Wyrdeer, F|43\/100 frz\n|-ability|p1b: Wyrdeer|Intimidate|boost\n|-unboost|p2a: Landorus|atk|1\n|-unboost|p2b: Tornadus|atk|1\n|move|p2b: Tornadus|Taunt|p1b: Wyrdeer\n|-start|p1b: Wyrdeer|move: Taunt\n|move|p2a: Landorus|U-turn|p1a: Kingambit\n|-resisted|p1a: Kingambit\n|-damage|p1a: Kingambit|77\/100\n|\n|t:|1699497092\n|switch|p2a: Ninetales|Ninetales-Alola, M|97\/100|[from] U-turn\n|-weather|Snow|[from] ability: Snow Warning|[of] p2a: Ninetales\n|move|p1a: Kingambit|Iron Head|p2b: Tornadus\n|-damage|p2b: Tornadus|9\/100\n|\n|-weather|Snow|[upkeep]\n|-heal|p1b: Wyrdeer|49\/100 frz|[from] item: Leftovers\n|-sideend|p2: UnknownOne117|move: Tailwind\n|upkeep\n|turn|16\n|\n|t:|1699497109\n|move|p2b: Tornadus|Tailwind|p2b: Tornadus\n|-sidestart|p2: UnknownOne117|move: Tailwind\n|move|p2a: Ninetales|Blizzard|p1b: Wyrdeer|[spread] p1a,p1b\n|-damage|p1a: Kingambit|47\/100\n|-damage|p1b: Wyrdeer|24\/100 frz\n|cant|p1b: Wyrdeer|frz\n|move|p1a: Kingambit|Iron Head|p2a: Ninetales\n|-supereffective|p2a: Ninetales\n|-damage|p2a: Ninetales|0 fnt\n|faint|p2a: Ninetales\n|\n|-weather|Snow|[upkeep]\n|-heal|p1b: Wyrdeer|30\/100 frz|[from] item: Leftovers\n|-sideend|p2: UnknownOne117|move: Aurora Veil\n|upkeep\n|\n|t:|1699497115\n|switch|p2a: Flutter Mane|Flutter Mane|100\/100\n|-enditem|p2a: Flutter Mane|Booster Energy\n|-activate|p2a: Flutter Mane|ability: Protosynthesis|[fromitem]\n|-start|p2a: Flutter Mane|protosynthesisspe\n|turn|17\n|\n|t:|1699497131\n|-terastallize|p2a: Flutter Mane|Ghost\n|move|p1a: Kingambit|Protect|p1a: Kingambit\n|-singleturn|p1a: Kingambit|Protect\n|move|p2b: Tornadus|Taunt|p1a: Kingambit\n|-activate|p1a: Kingambit|move: Protect\n|move|p2a: Flutter Mane|Calm Mind|p2a: Flutter Mane\n|-boost|p2a: Flutter Mane|spa|1\n|-boost|p2a: Flutter Mane|spd|1\n|-curestatus|p1b: Wyrdeer|frz|[msg]\n|move|p1b: Wyrdeer|Thunderbolt|p2a: Flutter Mane\n|-damage|p2a: Flutter Mane|86\/100\n|\n|-weather|Snow|[upkeep]\n|-heal|p1b: Wyrdeer|36\/100|[from] item: Leftovers\n|-end|p1b: Wyrdeer|move: Taunt\n|upkeep\n|turn|18\n|\n|t:|1699497151\n|move|p2b: Tornadus|Taunt|p1b: Wyrdeer\n|-start|p1b: Wyrdeer|move: Taunt\n|move|p2a: Flutter Mane|Shadow Ball|p1a: Kingambit\n|-damage|p1a: Kingambit|0 fnt\n|faint|p1a: Kingambit\n|move|p1b: Wyrdeer|Thunderbolt|p2b: Tornadus\n|-supereffective|p2b: Tornadus\n|-damage|p2b: Tornadus|0 fnt\n|faint|p2b: Tornadus\n|\n|-weather|Snow|[upkeep]\n|-heal|p1b: Wyrdeer|42\/100|[from] item: Leftovers\n|upkeep\n|\n|t:|1699497164\n|switch|p2b: Landorus|Landorus-Therian, M|47\/100\n|switch|p1a: Pawmot|Pawmot, M|100\/100\n|-ability|p2b: Landorus|Intimidate|boost\n|-unboost|p1a: Pawmot|atk|1\n|-unboost|p1b: Wyrdeer|atk|1\n|turn|19\n|l|\u2606puthywillow420\n|inactive|puthywillow420 disconnected and has a minute to reconnect!\n|player|p1|\n|inactive|puthywillow420 has 30 seconds to reconnect!\n|inactive|puthywillow420 has 20 seconds to reconnect!\n|inactive|puthywillow420 has 15 seconds to reconnect!\n|j|\u2606puthywillow420\n|inactive|puthywillow420 reconnected and has 90 seconds left.\n|player|p1|puthywillow420|caitlin\n|l| klaylton\n|\n|t:|1699497233\n|move|p2a: Flutter Mane|Dazzling Gleam|p1a: Pawmot|[spread] p1a,p1b\n|-supereffective|p1a: Pawmot\n|-enditem|p1a: Pawmot|Focus Sash\n|-damage|p1a: Pawmot|1\/100\n|-damage|p1b: Wyrdeer|5\/100\n|move|p2b: Landorus|Crunch|p1a: Pawmot\n|-resisted|p1a: Pawmot\n|-damage|p1a: Pawmot|0 fnt\n|faint|p1a: Pawmot\n|move|p1b: Wyrdeer|Psychic|p2b: Landorus\n|-damage|p2b: Landorus|16\/100\n|\n|-weather|none\n|-heal|p1b: Wyrdeer|11\/100|[from] item: Leftovers\n|-sideend|p2: UnknownOne117|move: Tailwind\n|upkeep\n|\n|t:|1699497246\n|switch|p1a: Clefable|Clefable, M|68\/100\n|turn|20\n|\n|t:|1699497260\n|move|p2a: Flutter Mane|Dazzling Gleam|p1b: Wyrdeer|[spread] p1a,p1b\n|-damage|p1a: Clefable|44\/100\n|-damage|p1b: Wyrdeer|0 fnt\n|faint|p1b: Wyrdeer\n|move|p2b: Landorus|Rock Slide|p1a: Clefable\n|-damage|p1a: Clefable|16\/100\n|cant|p1a: Clefable|flinch\n|\n|upkeep\n|inactive|puthywillow420 has 90 seconds left.\n|\n|t:|1699497305\n|switch|p1b: Stantler|Stantler, M|57\/100\n|-ability|p1b: Stantler|Intimidate|boost\n|-unboost|p2a: Flutter Mane|atk|1\n|-unboost|p2b: Landorus|atk|1\n|turn|21\n|\n|t:|1699497316\n|move|p2a: Flutter Mane|Dazzling Gleam|p1a: Clefable|[spread] p1a,p1b\n|-damage|p1a: Clefable|0 fnt\n|-damage|p1b: Stantler|21\/100\n|faint|p1a: Clefable\n|move|p2b: Landorus|Rock Slide|p1b: Stantler\n|-damage|p1b: Stantler|5\/100\n|move|p1b: Stantler|Energy Ball|p2b: Landorus\n|-damage|p2b: Landorus|0 fnt\n|faint|p2b: Landorus\n|\n|upkeep\n|\n|t:|1699497320\n|switch|p2b: Clefairy|Clefairy, F|67\/100\n|turn|22\n|\n|t:|1699497330\n|move|p2b: Clefairy|Helping Hand|p2a: Flutter Mane\n|-singleturn|p2a: Flutter Mane|Helping Hand|[of] p2b: Clefairy\n|move|p1b: Stantler|Protect|p1b: Stantler\n|-singleturn|p1b: Stantler|Protect\n|move|p2a: Flutter Mane|Dazzling Gleam|p1b: Stantler\n|-activate|p1b: Stantler|move: Protect\n|\n|upkeep\n|turn|23\n|\n|t:|1699497337\n|move|p2b: Clefairy|Helping Hand|p2a: Flutter Mane\n|-singleturn|p2a: Flutter Mane|Helping Hand|[of] p2b: Clefairy\n|move|p1b: Stantler|Protect||[still]\n|-fail|p1b: Stantler\n|move|p2a: Flutter Mane|Dazzling Gleam|p1b: Stantler\n|-damage|p1b: Stantler|0 fnt\n|faint|p1b: Stantler\n|\n|win|UnknownOne117\n|raw|puthywillow420's rating: 1050 &rarr; <strong>1038<\/strong><br \/>(-12 for losing)\n|raw|UnknownOne117's rating: 1155 &rarr; <strong>1173<\/strong><br \/>(+18 for winning)\n|l|\u2606puthywillow420\n","uploadtime":1699497349,"views":11,"p1id":"puthywillow420","p2id":"unknownone117","formatid":"gen9doublesou","rating":1038,"private":0,"password":""}