{"id":"gen9doublesou-1976251556","p1":"MuroVGC","p2":"SUS185","format":"[Gen 9] Doubles OU","log":"|j|\u2606MuroVGC\n|j|\u2606SUS185\n|t:|1698278623\n|gametype|doubles\n|player|p1|MuroVGC|lusamine-nihilego|\n|player|p2|SUS185|hilbert|\n|teamsize|p1|6\n|teamsize|p2|6\n|gen|9\n|tier|[Gen 9] Doubles OU\n|rule|Species Clause: Limit one of each Pok\u00e9mon\n|rule|OHKO Clause: OHKO moves are banned\n|rule|Evasion Moves Clause: Evasion moves are banned\n|rule|Gravity Sleep Clause: The combination of sleep-inducing moves with imperfect accuracy and Gravity or Gigantamax Orbeetle are banned\n|rule|Endless Battle Clause: Forcing endless battles is banned\n|rule|HP Percentage Mod: HP is shown in percentages\n|clearpoke\n|poke|p1|Ursaluna-Bloodmoon, M|\n|poke|p1|Cresselia, F|\n|poke|p1|Slowpoke, F|\n|poke|p1|Amoonguss, F|\n|poke|p1|Farigiraf, M|\n|poke|p1|Conkeldurr, M|\n|poke|p2|Sinistcha-Masterpiece|\n|poke|p2|Heatran, F|\n|poke|p2|Palafin, M|\n|poke|p2|Clefairy, M|\n|poke|p2|Landorus-Therian, M|\n|poke|p2|Fezandipiti, M|\n|teampreview\n|inactive|Battle timer is ON: inactive players will automatically lose when time's up. (requested by MuroVGC)\n|\n|t:|1698278652\n|start\n|switch|p1a: Cresselia|Cresselia, F|100\/100\n|switch|p1b: Amoonguss|Amoonguss, F|100\/100\n|switch|p2a: Heatran|Heatran, F|100\/100\n|switch|p2b: Sinistcha|Sinistcha-Masterpiece|100\/100\n|turn|1\n|\n|t:|1698278679\n|move|p1b: Amoonguss|Protect|p1b: Amoonguss\n|-singleturn|p1b: Amoonguss|Protect\n|move|p2b: Sinistcha|Shadow Ball|p1a: Cresselia\n|-supereffective|p1a: Cresselia\n|-damage|p1a: Cresselia|56\/100\n|-unboost|p1a: Cresselia|spd|1\n|move|p2a: Heatran|Heat Wave|p1a: Cresselia|[spread] \n|-activate|p1b: Amoonguss|move: Protect\n|-miss|p2a: Heatran|p1a: Cresselia\n|move|p1a: Cresselia|Trick Room|p1a: Cresselia\n|-fieldstart|move: Trick Room|[of] p1a: Cresselia\n|\n|-heal|p1a: Cresselia|62\/100|[from] item: Leftovers\n|upkeep\n|turn|2\n|c|\u2606SUS185|nmms\n|c|\u2606MuroVGC|Ola\n|\n|t:|1698278704\n|move|p2a: Heatran|Protect|p2a: Heatran\n|-singleturn|p2a: Heatran|Protect\n|move|p1b: Amoonguss|Spore|p2a: Heatran\n|-activate|p2a: Heatran|move: Protect\n|move|p1a: Cresselia|Lunar Blessing|p1a: Cresselia|[spread] p1a,p1b\n|-heal|p1a: Cresselia|87\/100\n|move|p2b: Sinistcha|Matcha Gotcha|p1b: Amoonguss|[spread] p1a,p1b\n|-resisted|p1b: Amoonguss\n|-damage|p1a: Cresselia|60\/100\n|-damage|p1b: Amoonguss|95\/100\n|\n|-heal|p1a: Cresselia|66\/100|[from] item: Leftovers\n|upkeep\n|turn|3\n|\n|t:|1698278734\n|switch|p1a: Conkeldurr|Conkeldurr, M|100\/100\n|-terastallize|p2a: Heatran|Grass\n|move|p1b: Amoonguss|Spore|p2a: Heatran\n|-immune|p2a: Heatran\n|move|p2a: Heatran|Heat Wave|p1a: Conkeldurr|[spread] p1b\n|-miss|p2a: Heatran|p1a: Conkeldurr\n|-supereffective|p1b: Amoonguss\n|-damage|p1b: Amoonguss|33\/100\n|-enditem|p1b: Amoonguss|Sitrus Berry|[eat]\n|-heal|p1b: Amoonguss|58\/100|[from] item: Sitrus Berry\n|move|p2b: Sinistcha|Strength Sap|p1a: Conkeldurr\n|-unboost|p1a: Conkeldurr|atk|1\n|\n|-status|p1a: Conkeldurr|brn|[from] item: Flame Orb\n|upkeep\n|turn|4\n|inactive|SUS185 has 270 seconds left.\n|\n|t:|1698278778\n|-terastallize|p1b: Amoonguss|Dragon\n|move|p1b: Amoonguss|Pollen Puff|p2b: Sinistcha\n|-damage|p2b: Sinistcha|76\/100\n|move|p1a: Conkeldurr|Ice Punch|p2b: Sinistcha\n|-supereffective|p2b: Sinistcha\n|-damage|p2b: Sinistcha|18\/100\n|move|p2a: Heatran|Heat Wave|p1a: Conkeldurr|[spread] p1a\n|-miss|p2a: Heatran|p1b: Amoonguss\n|-damage|p1a: Conkeldurr|52\/100 brn\n|move|p2b: Sinistcha|Matcha Gotcha|p1a: Conkeldurr|[spread] p1a,p1b\n|-resisted|p1b: Amoonguss\n|-damage|p1a: Conkeldurr|18\/100 brn\n|-heal|p2b: Sinistcha|38\/100|[from] drain|[of] p1a: Conkeldurr\n|-damage|p1b: Amoonguss|47\/100\n|-heal|p2b: Sinistcha|46\/100|[from] drain|[of] p1b: Amoonguss\n|\n|-heal|p2b: Sinistcha|52\/100|[from] item: Leftovers\n|-damage|p1a: Conkeldurr|12\/100 brn|[from] brn\n|upkeep\n|turn|5\n|inactive|SUS185 has 270 seconds left.\n|c|\u2606SUS185|puede haber una en q no falle???\n|\n|t:|1698278810\n|switch|p1a: Cresselia|Cresselia, F|66\/100\n|move|p2b: Sinistcha|Protect|p2b: Sinistcha\n|-singleturn|p2b: Sinistcha|Protect\n|move|p1b: Amoonguss|Pollen Puff|p1a: Cresselia\n|-heal|p1a: Cresselia|100\/100\n|move|p2a: Heatran|Heat Wave|p1a: Cresselia|[spread] p1a,p1b\n|-resisted|p1b: Amoonguss\n|-damage|p1a: Cresselia|77\/100\n|-damage|p1b: Amoonguss|30\/100\n|\n|-heal|p1a: Cresselia|83\/100|[from] item: Leftovers\n|-heal|p2b: Sinistcha|58\/100|[from] item: Leftovers\n|-fieldend|move: Trick Room\n|upkeep\n|turn|6\n|inactive|SUS185 has 270 seconds left.\n|inactive|MuroVGC has 270 seconds left.\n|inactive|SUS185 has 240 seconds left.\n|inactive|SUS185 has 210 seconds left.\n|\n|t:|1698278903\n|move|p2a: Heatran|Protect|p2a: Heatran\n|-singleturn|p2a: Heatran|Protect\n|move|p1b: Amoonguss|Protect|p1b: Amoonguss\n|-singleturn|p1b: Amoonguss|Protect\n|move|p2b: Sinistcha|Shadow Ball|p1b: Amoonguss\n|-activate|p1b: Amoonguss|move: Protect\n|move|p1a: Cresselia|Trick Room|p1a: Cresselia\n|-fieldstart|move: Trick Room|[of] p1a: Cresselia\n|\n|-heal|p1a: Cresselia|90\/100|[from] item: Leftovers\n|-heal|p2b: Sinistcha|64\/100|[from] item: Leftovers\n|upkeep\n|turn|7\n|inactive|SUS185 has 210 seconds left.\n|\n|t:|1698278926\n|switch|p1b: Conkeldurr|Conkeldurr, M|12\/100 brn\n|move|p2a: Heatran|Earth Power|p1b: Conkeldurr\n|-damage|p1b: Conkeldurr|0 fnt\n|faint|p1b: Conkeldurr\n|move|p1a: Cresselia|Lunar Blessing|p1a: Cresselia\n|-heal|p1a: Cresselia|100\/100\n|move|p2b: Sinistcha|Matcha Gotcha|p1a: Cresselia\n|-damage|p1a: Cresselia|78\/100\n|-heal|p2b: Sinistcha|79\/100|[from] drain|[of] p1a: Cresselia\n|\n|-heal|p1a: Cresselia|84\/100|[from] item: Leftovers\n|-heal|p2b: Sinistcha|85\/100|[from] item: Leftovers\n|upkeep\n|\n|t:|1698278928\n|switch|p1b: Ursaluna|Ursaluna-Bloodmoon, M|100\/100\n|turn|8\n|inactive|SUS185 has 210 seconds left.\n|\n|t:|1698278958\n|switch|p1a: Farigiraf|Farigiraf, M|100\/100\n|move|p1b: Ursaluna|Blood Moon|p2a: Heatran\n|-damage|p2a: Heatran|29\/100\n|move|p2a: Heatran|Tera Blast|p1b: Ursaluna|[anim] Tera Blast Grass\n|-supereffective|p1b: Ursaluna\n|-damage|p1b: Ursaluna|11\/100\n|move|p2b: Sinistcha|Matcha Gotcha|p1a: Farigiraf|[spread] p1a\n|-miss|p2b: Sinistcha|p1b: Ursaluna\n|-damage|p1a: Farigiraf|77\/100\n|-heal|p2b: Sinistcha|100\/100|[from] drain|[of] p1a: Farigiraf\n|\n|upkeep\n|turn|9\n|c|\u2606SUS185|y lo esquiva...\n|inactive|SUS185 has 210 seconds left.\n|\n|t:|1698278996\n|move|p1b: Ursaluna|Protect|p1b: Ursaluna\n|-singleturn|p1b: Ursaluna|Protect\n|move|p2a: Heatran|Protect|p2a: Heatran\n|-singleturn|p2a: Heatran|Protect\n|move|p1a: Farigiraf|Dazzling Gleam|p2a: Heatran|[spread] p2b\n|-activate|p2a: Heatran|move: Protect\n|-damage|p2b: Sinistcha|81\/100\n|move|p2b: Sinistcha|Shadow Ball|p1a: Farigiraf\n|-immune|p1a: Farigiraf\n|\n|-heal|p2b: Sinistcha|87\/100|[from] item: Leftovers\n|upkeep\n|turn|10\n|inactive|SUS185 has 210 seconds left.\n|c|\u2606SUS185|se me olvido el normal\n|c|\u2606SUS185|XDD\n|inactive|SUS185 has 180 seconds left.\n|c|\u2606MuroVGC|Haste un team de reg E\n|c|\u2606MuroVGC|Quiero usar mi main\n|inactive|SUS185 has 150 seconds left.\n|inactive|SUS185 has 120 seconds left.\n|\n|t:|1698279123\n|move|p1b: Ursaluna|Blood Moon|p2a: Heatran\n|-damage|p2a: Heatran|0 fnt\n|faint|p2a: Heatran\n|move|p1a: Farigiraf|Dazzling Gleam|p2b: Sinistcha\n|-damage|p2b: Sinistcha|59\/100\n|move|p2b: Sinistcha|Matcha Gotcha|p1b: Ursaluna|[spread] p1a,p1b\n|-supereffective|p1b: Ursaluna\n|-damage|p1a: Farigiraf|52\/100\n|-heal|p2b: Sinistcha|76\/100|[from] drain|[of] p1a: Farigiraf\n|-damage|p1b: Ursaluna|0 fnt\n|-heal|p2b: Sinistcha|82\/100|[from] drain|[of] p1b: Ursaluna\n|faint|p1b: Ursaluna\n|\n|-heal|p2b: Sinistcha|88\/100|[from] item: Leftovers\n|-fieldend|move: Trick Room\n|upkeep\n|\n|t:|1698279145\n|switch|p2a: Clefairy|Clefairy, M|100\/100\n|switch|p1b: Slowpoke|Slowpoke, F|100\/100\n|turn|11\n|inactive|SUS185 has 120 seconds left.\n|\n|t:|1698279177\n|move|p2a: Clefairy|Helping Hand|p2b: Sinistcha\n|-singleturn|p2b: Sinistcha|Helping Hand|[of] p2a: Clefairy\n|move|p2b: Sinistcha|Shadow Ball|p1a: Farigiraf\n|-immune|p1a: Farigiraf\n|move|p1b: Slowpoke|Yawn|p2a: Clefairy\n|-start|p2a: Clefairy|move: Yawn|[of] p1b: Slowpoke\n|move|p1a: Farigiraf|Trick Room|p1a: Farigiraf\n|-fieldstart|move: Trick Room|[of] p1a: Farigiraf\n|\n|-heal|p2b: Sinistcha|94\/100|[from] item: Leftovers\n|upkeep\n|turn|12\n|inactive|SUS185 has 120 seconds left.\n|c|\u2606SUS185|santo cielo\n|c|\u2606SUS185|mi memoria da miedo de lo mala que es\n|inactive|MuroVGC has 270 seconds left.\n|inactive|SUS185 has 90 seconds left.\n|\n|t:|1698279218\n|switch|p2a: Palafin|Palafin, M|100\/100\n|move|p1b: Slowpoke|Helping Hand|p1a: Farigiraf\n|-singleturn|p1a: Farigiraf|Helping Hand|[of] p1b: Slowpoke\n|move|p1a: Farigiraf|Dazzling Gleam|p2b: Sinistcha|[spread] p2a,p2b\n|-damage|p2a: Palafin|72\/100\n|-damage|p2b: Sinistcha|64\/100\n|move|p2b: Sinistcha|Shadow Ball|p1b: Slowpoke\n|-supereffective|p1b: Slowpoke\n|-damage|p1b: Slowpoke|16\/100\n|\n|-heal|p2b: Sinistcha|70\/100|[from] item: Leftovers\n|upkeep\n|turn|13\n|inactive|MuroVGC has 270 seconds left.\n|c|\u2606MuroVGC|Xd\n|inactive|SUS185 has 90 seconds left.\n|\n|t:|1698279258\n|move|p2a: Palafin|Jet Punch||[still]\n|cant|p1a: Farigiraf|ability: Armor Tail|Jet Punch|[of] p2a: Palafin\n|move|p1b: Slowpoke|Yawn|p2a: Palafin\n|-start|p2a: Palafin|move: Yawn|[of] p1b: Slowpoke\n|move|p1a: Farigiraf|Psychic|p2b: Sinistcha\n|-damage|p2b: Sinistcha|28\/100\n|move|p2b: Sinistcha|Shadow Ball|p1a: Farigiraf\n|-immune|p1a: Farigiraf\n|\n|-heal|p2b: Sinistcha|34\/100|[from] item: Leftovers\n|upkeep\n|turn|14\n|c|\u2606SUS185|RECORDATORIOOO\n|inactive|SUS185 has 90 seconds left.\n|c|\u2606SUS185|FARIGIRAF\n|c|\u2606SUS185|ES\n|c|\u2606SUS185|TIPO\n|c|\u2606SUS185|NORMAL\n|inactive|MuroVGC has 270 seconds left.\n|inactive|SUS185 has 60 seconds left.\n|\n|t:|1698279304\n|detailschange|p2a: Palafin|Palafin-Hero, M\n|switch|p2a: Clefairy|Clefairy, M|100\/100\n|move|p1b: Slowpoke|Slack Off|p1b: Slowpoke\n|-heal|p1b: Slowpoke|66\/100\n|move|p1a: Farigiraf|Psychic|p2b: Sinistcha\n|-damage|p2b: Sinistcha|3\/100\n|move|p2b: Sinistcha|Strength Sap|p1a: Farigiraf\n|-unboost|p1a: Farigiraf|atk|1\n|-heal|p2b: Sinistcha|56\/100\n|\n|-heal|p2b: Sinistcha|62\/100|[from] item: Leftovers\n|upkeep\n|turn|15\n|inactive|MuroVGC has 270 seconds left.\n|\n|t:|1698279323\n|move|p1b: Slowpoke|Helping Hand|p1a: Farigiraf\n|-singleturn|p1a: Farigiraf|Helping Hand|[of] p1b: Slowpoke\n|move|p2a: Clefairy|Helping Hand|p2b: Sinistcha\n|-singleturn|p2b: Sinistcha|Helping Hand|[of] p2a: Clefairy\n|move|p1a: Farigiraf|Psychic|p2b: Sinistcha\n|-damage|p2b: Sinistcha|10\/100\n|move|p2b: Sinistcha|Shadow Ball|p1b: Slowpoke\n|-supereffective|p1b: Slowpoke\n|-damage|p1b: Slowpoke|0 fnt\n|faint|p1b: Slowpoke\n|\n|-heal|p2b: Sinistcha|16\/100|[from] item: Leftovers\n|-fieldend|move: Trick Room\n|upkeep\n|inactive|MuroVGC has 270 seconds left.\n|\n|t:|1698279332\n|switch|p1b: Amoonguss|Amoonguss, F, tera:Dragon|63\/100\n|turn|16\n|inactive|SUS185 has 90 seconds left.\n|\n|t:|1698279344\n|move|p2b: Sinistcha|Protect|p2b: Sinistcha\n|-singleturn|p2b: Sinistcha|Protect\n|move|p2a: Clefairy|Protect|p2a: Clefairy\n|-singleturn|p2a: Clefairy|Protect\n|move|p1b: Amoonguss|Spore|p2a: Clefairy\n|-activate|p2a: Clefairy|move: Protect\n|move|p1a: Farigiraf|Trick Room|p1a: Farigiraf\n|-fieldstart|move: Trick Room|[of] p1a: Farigiraf\n|\n|-heal|p2b: Sinistcha|22\/100|[from] item: Leftovers\n|upkeep\n|turn|17\n|inactive|SUS185 has 90 seconds left.\n|inactive|MuroVGC has 270 seconds left.\n|\n|t:|1698279391\n|move|p2a: Clefairy|Helping Hand|p2b: Sinistcha\n|-singleturn|p2b: Sinistcha|Helping Hand|[of] p2a: Clefairy\n|move|p1b: Amoonguss|Spore|p2a: Clefairy\n|-status|p2a: Clefairy|slp|[from] move: Spore\n|move|p1a: Farigiraf|Psychic|p2b: Sinistcha\n|-damage|p2b: Sinistcha|0 fnt\n|faint|p2b: Sinistcha\n|\n|upkeep\n|inactive|SUS185 has 60 seconds left.\n|\n|t:|1698279425\n|switch|p2b: Fezandipiti|Fezandipiti, M|100\/100\n|turn|18\n|inactive|MuroVGC has 270 seconds left.\n|\n|t:|1698279450\n|cant|p2a: Clefairy|slp\n|move|p1b: Amoonguss|Spore|p2b: Fezandipiti\n|-status|p2b: Fezandipiti|slp|[from] move: Spore\n|move|p1a: Farigiraf|Psychic|p2b: Fezandipiti\n|-supereffective|p2b: Fezandipiti\n|-damage|p2b: Fezandipiti|69\/100 slp\n|cant|p2b: Fezandipiti|slp\n|\n|upkeep\n|turn|19\n|\n|t:|1698279482\n|-curestatus|p2a: Clefairy|slp|[msg]\n|move|p2a: Clefairy|Life Dew||[still]|[spread] p2a,p2b\n|-fail|p2a: Clefairy|heal\n|-heal|p2b: Fezandipiti|94\/100 slp\n|move|p1b: Amoonguss|Pollen Puff|p1a: Farigiraf\n|-heal|p1a: Farigiraf|100\/100\n|move|p1a: Farigiraf|Psychic|p2b: Fezandipiti\n|-supereffective|p2b: Fezandipiti\n|-damage|p2b: Fezandipiti|65\/100 slp\n|-curestatus|p2b: Fezandipiti|slp|[msg]\n|move|p2b: Fezandipiti|Icy Wind|p1a: Farigiraf|[spread] p1a,p1b\n|-supereffective|p1b: Amoonguss\n|-damage|p1a: Farigiraf|94\/100\n|-damage|p1b: Amoonguss|51\/100\n|-unboost|p1a: Farigiraf|spe|1\n|-unboost|p1b: Amoonguss|spe|1\n|\n|upkeep\n|turn|20\n|inactive|SUS185 has 90 seconds left.\n|\n|t:|1698279523\n|switch|p1a: Cresselia|Cresselia, F|84\/100\n|switch|p2b: Palafin|Palafin-Hero, M|72\/100\n|-activate|p2b: Palafin|ability: Zero to Hero\n|move|p2a: Clefairy|Protect|p2a: Clefairy\n|-singleturn|p2a: Clefairy|Protect\n|move|p1b: Amoonguss|Spore|p2b: Palafin\n|-activate|p2b: Palafin|item: Safety Goggles|Spore\n|\n|-heal|p1a: Cresselia|90\/100|[from] item: Leftovers\n|-fieldend|move: Trick Room\n|upkeep\n|turn|21\n|inactive|SUS185 has 60 seconds left.\n|\n|t:|1698279581\n|move|p2a: Clefairy|Helping Hand|p2b: Palafin\n|-singleturn|p2b: Palafin|Helping Hand|[of] p2a: Clefairy\n|move|p1b: Amoonguss|Rage Powder|p1b: Amoonguss\n|-singleturn|p1b: Amoonguss|move: Rage Powder\n|move|p2b: Palafin|Drain Punch|p1b: Amoonguss\n|-damage|p1b: Amoonguss|13\/100\n|-heal|p2b: Palafin|93\/100|[from] drain|[of] p1b: Amoonguss\n|move|p1a: Cresselia|Trick Room|p1a: Cresselia\n|-fieldstart|move: Trick Room|[of] p1a: Cresselia\n|\n|-heal|p1a: Cresselia|97\/100|[from] item: Leftovers\n|upkeep\n|turn|22\n|\n|t:|1698279608\n|move|p1b: Amoonguss|Protect|p1b: Amoonguss\n|-singleturn|p1b: Amoonguss|Protect\n|move|p2b: Palafin|Jet Punch|p1b: Amoonguss\n|-activate|p1b: Amoonguss|move: Protect\n|move|p2a: Clefairy|Life Dew||[still]|[spread] p2a,p2b\n|-fail|p2a: Clefairy|heal\n|-heal|p2b: Palafin|100\/100\n|move|p1a: Cresselia|Lunar Blessing|p1a: Cresselia|[spread] p1a,p1b\n|-heal|p1a: Cresselia|100\/100\n|-heal|p1b: Amoonguss|38\/100\n|\n|upkeep\n|turn|23\n|inactive|MuroVGC has 270 seconds left.\n|\n|t:|1698279652\n|switch|p1a: Farigiraf|Farigiraf, M|94\/100\n|move|p2a: Clefairy|Protect|p2a: Clefairy\n|-singleturn|p2a: Clefairy|Protect\n|move|p1b: Amoonguss|Spore|p2a: Clefairy\n|-activate|p2a: Clefairy|move: Protect\n|move|p2b: Palafin|Drain Punch|p1b: Amoonguss\n|-damage|p1b: Amoonguss|9\/100\n|\n|upkeep\n|turn|24\n|inactive|SUS185 has 60 seconds left.\n|inactive|MuroVGC has 270 seconds left.\n|\n|t:|1698279679\n|move|p2a: Clefairy|Follow Me|p2a: Clefairy\n|-singleturn|p2a: Clefairy|move: Follow Me\n|move|p2b: Palafin|Jet Punch||[still]\n|cant|p1a: Farigiraf|ability: Armor Tail|Jet Punch|[of] p2b: Palafin\n|move|p1b: Amoonguss|Spore|p2a: Clefairy\n|-status|p2a: Clefairy|slp|[from] move: Spore\n|move|p1a: Farigiraf|Psychic|p2a: Clefairy\n|-damage|p2a: Clefairy|71\/100 slp\n|\n|upkeep\n|turn|25\n|inactive|SUS185 has 60 seconds left.\n|inactive|SUS185 has 30 seconds left.\n|inactive|SUS185 has 20 seconds left.\n|\n|t:|1698279729\n|switch|p1b: Cresselia|Cresselia, F|100\/100\n|cant|p2a: Clefairy|slp\n|move|p1a: Farigiraf|Psychic|p2b: Palafin\n|-damage|p2b: Palafin|74\/100\n|move|p2b: Palafin|Drain Punch|p1a: Farigiraf\n|-damage|p1a: Farigiraf|66\/100\n|-heal|p2b: Palafin|90\/100|[from] drain|[of] p1a: Farigiraf\n|-damage|p2b: Palafin|73\/100|[from] item: Rocky Helmet|[of] p1a: Farigiraf\n|\n|-fieldend|move: Trick Room\n|upkeep\n|turn|26\n|inactive|SUS185 has 30 seconds left.\n|inactive|SUS185 has 20 seconds left.\n|inactive|MuroVGC has 270 seconds left.\n|\n|t:|1698279763\n|move|p2b: Palafin|Jet Punch||[still]\n|cant|p1a: Farigiraf|ability: Armor Tail|Jet Punch|[of] p2b: Palafin\n|cant|p2a: Clefairy|slp\n|move|p1b: Cresselia|Trick Room|p1b: Cresselia\n|-fieldstart|move: Trick Room|[of] p1b: Cresselia\n|move|p1a: Farigiraf|Trick Room|p1a: Farigiraf\n|-fieldend|move: Trick Room\n|\n|upkeep\n|turn|27\n|c|\u2606MuroVGC|xD\n|c|\u2606MuroVGC|Te estoy baiteado\n|c|\u2606MuroVGC|Brutalmente\n|inactive|SUS185 has 30 seconds left.\n|inactive|SUS185 has 20 seconds left.\n|inactive|SUS185 has 15 seconds left.\n|c|\u2606SUS185|porq pense que no podia hacer moves de prio por trick room?\n|inactive|SUS185 has 10 seconds left.\n|\n|t:|1698279802\n|move|p2b: Palafin|Drain Punch|p1b: Cresselia\n|-resisted|p1b: Cresselia\n|-damage|p1b: Cresselia|91\/100\n|-heal|p2b: Palafin|78\/100|[from] drain|[of] p1b: Cresselia\n|move|p1b: Cresselia|Lunar Blessing|p1b: Cresselia|[spread] p1a,p1b\n|-heal|p1a: Farigiraf|91\/100\n|-heal|p1b: Cresselia|100\/100\n|cant|p2a: Clefairy|slp\n|move|p1a: Farigiraf|Trick Room|p1a: Farigiraf\n|-fieldstart|move: Trick Room|[of] p1a: Farigiraf\n|\n|upkeep\n|turn|28\n|c|\u2606MuroVGC|Esque no puedes\n|inactive|SUS185 has 30 seconds left.\n|inactive|SUS185 has 20 seconds left.\n|inactive|SUS185 has 15 seconds left.\n|c|\u2606MuroVGC|Ya me hice equipo de reg E\n|inactive|SUS185 has 10 seconds left.\n|c|\u2606MuroVGC|Haste uno\n|\n|t:|1698279830\n|move|p1a: Farigiraf|Helping Hand|p1b: Cresselia\n|-singleturn|p1b: Cresselia|Helping Hand|[of] p1a: Farigiraf\n|move|p2b: Palafin|Jet Punch||[still]\n|cant|p1a: Farigiraf|ability: Armor Tail|Jet Punch|[of] p2b: Palafin\n|-curestatus|p2a: Clefairy|slp|[msg]\n|move|p2a: Clefairy|Life Dew|p2a: Clefairy|[spread] p2a,p2b\n|-heal|p2a: Clefairy|96\/100\n|-heal|p2b: Palafin|100\/100\n|move|p1b: Cresselia|Dazzling Gleam|p2a: Clefairy|[spread] p2a,p2b\n|-damage|p2a: Clefairy|84\/100\n|-damage|p2b: Palafin|88\/100\n|\n|upkeep\n|turn|29\n|inactive|SUS185 has 30 seconds left.\n|c|\u2606SUS185|aaaaah\n|inactive|SUS185 has 20 seconds left.\n|c|\u2606SUS185|ahora crei q aplicaba solo a la pinche girafa\n|inactive|SUS185 has 15 seconds left.\n|inactive|SUS185 has 10 seconds left.\n|\n|t:|1698279860\n|switch|p1b: Amoonguss|Amoonguss, F, tera:Dragon|43\/100\n|move|p2a: Clefairy|Life Dew|p2a: Clefairy|[spread] p2a,p2b\n|-heal|p2a: Clefairy|100\/100\n|-heal|p2b: Palafin|100\/100\n|move|p1a: Farigiraf|Psychic|p2a: Clefairy\n|-damage|p2a: Clefairy|74\/100\n|move|p2b: Palafin|Drain Punch|p1a: Farigiraf\n|-damage|p1a: Farigiraf|67\/100\n|-damage|p2b: Palafin|84\/100|[from] item: Rocky Helmet|[of] p1a: Farigiraf\n|\n|upkeep\n|turn|30\n|c|\u2606MuroVGC|xD\n|inactive|SUS185 has 30 seconds left.\n|inactive|SUS185 has 20 seconds left.\n|inactive|SUS185 has 15 seconds left.\n|\n|t:|1698279881\n|move|p2a: Clefairy|Helping Hand|p2b: Palafin\n|-singleturn|p2b: Palafin|Helping Hand|[of] p2a: Clefairy\n|move|p1b: Amoonguss|Spore|p2a: Clefairy\n|-status|p2a: Clefairy|slp|[from] move: Spore\n|move|p1a: Farigiraf|Psychic|p2a: Clefairy\n|-damage|p2a: Clefairy|48\/100 slp\n|move|p2b: Palafin|Drain Punch|p1b: Amoonguss\n|-damage|p1b: Amoonguss|4\/100\n|-heal|p2b: Palafin|100\/100|[from] drain|[of] p1b: Amoonguss\n|\n|upkeep\n|turn|31\n|inactive|SUS185 has 30 seconds left.\n|\n|t:|1698279900\n|switch|p1b: Cresselia|Cresselia, F|100\/100\n|cant|p2a: Clefairy|slp\n|move|p1a: Farigiraf|Psychic|p2a: Clefairy\n|-damage|p2a: Clefairy|21\/100 slp\n|move|p2b: Palafin|Drain Punch|p1a: Farigiraf\n|-damage|p1a: Farigiraf|39\/100\n|-damage|p2b: Palafin|84\/100|[from] item: Rocky Helmet|[of] p1a: Farigiraf\n|\n|-fieldend|move: Trick Room\n|upkeep\n|turn|32\n|inactive|SUS185 has 30 seconds left.\n|inactive|SUS185 has 20 seconds left.\n|inactive|SUS185 has 15 seconds left.\n|\n|t:|1698279938\n|switch|p2a: Landorus|Landorus-Therian, M|100\/100\n|-ability|p2a: Landorus|Intimidate|boost\n|-unboost|p1a: Farigiraf|atk|1\n|-unboost|p1b: Cresselia|atk|1\n|move|p2b: Palafin|Drain Punch|p1a: Farigiraf\n|-damage|p1a: Farigiraf|15\/100\n|-heal|p2b: Palafin|98\/100|[from] drain|[of] p1a: Farigiraf\n|-damage|p2b: Palafin|81\/100|[from] item: Rocky Helmet|[of] p1a: Farigiraf\n|move|p1a: Farigiraf|Psychic|p2a: Landorus\n|-damage|p2a: Landorus|64\/100\n|move|p1b: Cresselia|Trick Room|p1b: Cresselia\n|-fieldstart|move: Trick Room|[of] p1b: Cresselia\n|\n|upkeep\n|turn|33\n|inactive|SUS185 has 30 seconds left.\n|\n|t:|1698279961\n|switch|p1a: Amoonguss|Amoonguss, F, tera:Dragon|38\/100\n|move|p2a: Landorus|Protect|p2a: Landorus\n|-singleturn|p2a: Landorus|Protect\n|move|p1b: Cresselia|Lunar Blessing|p1b: Cresselia|[spread] p1a,p1b\n|-heal|p1a: Amoonguss|63\/100\n|move|p2b: Palafin|Drain Punch|p1a: Amoonguss\n|-damage|p1a: Amoonguss|35\/100\n|-heal|p2b: Palafin|96\/100|[from] drain|[of] p1a: Amoonguss\n|\n|upkeep\n|turn|34\n|inactive|SUS185 has 30 seconds left.\n|\n|t:|1698279981\n|switch|p2a: Clefairy|Clefairy, M|21\/100 slp\n|move|p1a: Amoonguss|Spore|p2a: Clefairy\n|-fail|p2a: Clefairy|slp\n|move|p1b: Cresselia|Lunar Blessing|p1b: Cresselia|[spread] p1a,p1b\n|-heal|p1a: Amoonguss|60\/100\n|move|p2b: Palafin|Drain Punch|p1a: Amoonguss\n|-damage|p1a: Amoonguss|35\/100\n|-heal|p2b: Palafin|100\/100|[from] drain|[of] p1a: Amoonguss\n|\n|upkeep\n|turn|35\n|inactive|SUS185 has 30 seconds left.\n|\n|t:|1698280013\n|switch|p2a: Landorus|Landorus-Therian, M|64\/100\n|-ability|p2a: Landorus|Intimidate|boost\n|-unboost|p1a: Amoonguss|atk|1\n|-unboost|p1b: Cresselia|atk|1\n|move|p1a: Amoonguss|Pollen Puff|p2a: Landorus\n|-resisted|p2a: Landorus\n|-damage|p2a: Landorus|54\/100\n|move|p1b: Cresselia|Lunar Blessing|p1b: Cresselia|[spread] p1a,p1b\n|-heal|p1a: Amoonguss|60\/100\n|move|p2b: Palafin|Drain Punch|p1a: Amoonguss\n|-crit|p1a: Amoonguss\n|-damage|p1a: Amoonguss|18\/100\n|\n|upkeep\n|turn|36\n|inactive|SUS185 has 30 seconds left.\n|\n|t:|1698280038\n|move|p1a: Amoonguss|Pollen Puff|p2a: Landorus\n|-resisted|p2a: Landorus\n|-damage|p2a: Landorus|45\/100\n|-enditem|p2a: Landorus|Sitrus Berry|[eat]\n|-heal|p2a: Landorus|70\/100|[from] item: Sitrus Berry\n|move|p1b: Cresselia|Lunar Blessing|p1b: Cresselia|[spread] p1a,p1b\n|-heal|p1a: Amoonguss|43\/100\n|move|p2a: Landorus|Stomping Tantrum|p1a: Amoonguss\n|-damage|p1a: Amoonguss|7\/100\n|move|p2b: Palafin|Drain Punch|p1a: Amoonguss\n|-damage|p1a: Amoonguss|0 fnt\n|faint|p1a: Amoonguss\n|\n|-fieldend|move: Trick Room\n|upkeep\n|\n|t:|1698280043\n|switch|p1a: Farigiraf|Farigiraf, M|15\/100\n|turn|37\n|c|\u2606MuroVGC|Ya me voy a comer\n|c|\u2606MuroVGC|Adte\n|c|\u2606MuroVGC|Ads\n|c|\u2606SUS185|esperaaa\n|c|\u2606MuroVGC|Te haces equipo de reg E\n|-message|MuroVGC forfeited.\n|\n|win|SUS185\n|l|\u2606MuroVGC\n|c|\u2606SUS185|quieria saborear la victoria \ud83d\ude1e\n","uploadtime":1698280146,"views":16,"p1id":"murovgc","p2id":"sus185","formatid":"gen9doublesou","rating":0,"private":0,"password":""}