{"id":"gen9doublesou-1987428849","p1":"Detroit Man","p2":"tynewname","format":"[Gen 9] Doubles OU","log":"|j|\u2606Detroit Man\n|j|\u2606tynewname\n|t:|1699590210\n|gametype|doubles\n|player|p1|Detroit Man|cress|1000\n|player|p2|tynewname|veteran|1087\n|teamsize|p1|6\n|teamsize|p2|6\n|gen|9\n|tier|[Gen 9] Doubles OU\n|rated|\n|rule|Species Clause: Limit one of each Pok\u00e9mon\n|rule|OHKO Clause: OHKO moves are banned\n|rule|Evasion Moves Clause: Evasion moves are banned\n|rule|Gravity Sleep Clause: The combination of sleep-inducing moves with imperfect accuracy and Gravity or Gigantamax Orbeetle are banned\n|rule|Endless Battle Clause: Forcing endless battles is banned\n|rule|HP Percentage Mod: HP is shown in percentages\n|clearpoke\n|poke|p1|Clefairy, F|\n|poke|p1|Sinistcha|\n|poke|p1|Garchomp, M|\n|poke|p1|Glimmora, M|\n|poke|p1|Goodra-Hisui, M|\n|poke|p1|Vivillon, M|\n|poke|p2|Ambipom, F|\n|poke|p2|Gliscor, M|\n|poke|p2|Ribombee, M|\n|poke|p2|Ogerpon-Hearthflame, F|\n|poke|p2|Flutter Mane|\n|poke|p2|Toxapex, M|\n|teampreview\n|inactive|Battle timer is ON: inactive players will automatically lose when time's up. (requested by tynewname)\n|\n|t:|1699590225\n|start\n|switch|p1a: Clefairy|Clefairy, F|100\/100\n|switch|p1b: Vivillon|Vivillon, M|100\/100\n|switch|p2a: Ambipom|Ambipom, F|100\/100\n|switch|p2b: Ribombee|Ribombee, M|100\/100\n|turn|1\n|\n|t:|1699590247\n|move|p2a: Ambipom|Fake Out|p1b: Vivillon\n|-crit|p1b: Vivillon\n|-damage|p1b: Vivillon|40\/100\n|move|p1a: Clefairy|Follow Me|p1a: Clefairy\n|-singleturn|p1a: Clefairy|move: Follow Me\n|move|p2b: Ribombee|Sticky Web|p1b: Vivillon\n|-sidestart|p1: Detroit Man|move: Sticky Web\n|cant|p1b: Vivillon|flinch\n|\n|upkeep\n|turn|2\n|\n|t:|1699590259\n|move|p2b: Ribombee|Stun Spore|p1a: Clefairy\n|-status|p1a: Clefairy|par\n|move|p2a: Ambipom|Covet|p1b: Vivillon\n|-damage|p1b: Vivillon|0 fnt\n|faint|p1b: Vivillon\n|cant|p1a: Clefairy|par\n|\n|upkeep\n|\n|t:|1699590275\n|switch|p1b: Garchomp|Garchomp, M|100\/100\n|-activate|p1b: Garchomp|move: Sticky Web\n|-unboost|p1b: Garchomp|spe|1\n|turn|3\n|\n|t:|1699590297\n|cant|p1a: Clefairy|par\n|move|p2b: Ribombee|Moonblast|p1b: Garchomp\n|-supereffective|p1b: Garchomp\n|-damage|p1b: Garchomp|32\/100\n|move|p2a: Ambipom|U-turn|p1a: Clefairy\n|-resisted|p1a: Clefairy\n|-damage|p1a: Clefairy|89\/100 par\n|\n|t:|1699590304\n|switch|p2a: Gliscor|Gliscor, M|100\/100|[from] U-turn\n|move|p1b: Garchomp|Rock Slide|p2a: Gliscor|[spread] p2a\n|-miss|p1b: Garchomp|p2b: Ribombee\n|-damage|p2a: Gliscor|89\/100\n|\n|-status|p2a: Gliscor|tox|[from] item: Toxic Orb\n|upkeep\n|turn|4\n|\n|t:|1699590316\n|switch|p1b: Glimmora|Glimmora, M|100\/100\n|-activate|p1b: Glimmora|move: Sticky Web\n|-unboost|p1b: Glimmora|spe|1\n|move|p2b: Ribombee|Moonblast|p1b: Glimmora\n|-resisted|p1b: Glimmora\n|-damage|p1b: Glimmora|83\/100\n|move|p2a: Gliscor|Substitute|p2a: Gliscor\n|-start|p2a: Gliscor|Substitute\n|-damage|p2a: Gliscor|64\/100 tox\n|move|p1a: Clefairy|Heal Pulse|p1b: Glimmora\n|-heal|p1b: Glimmora|100\/100\n|\n|-heal|p2a: Gliscor|76\/100 tox|[from] ability: Poison Heal\n|upkeep\n|turn|5\n|-message|Detroit Man forfeited.\n|\n|win|tynewname\n|raw|Detroit Man's rating: 1000 &rarr; <strong>1000<\/strong><br \/>(+0 for losing)\n|raw|tynewname's rating: 1087 &rarr; <strong>1107<\/strong><br \/>(+20 for winning)\n|l|\u2606Detroit Man\n","uploadtime":1699590330,"views":11,"p1id":"detroitman","p2id":"tynewname","formatid":"gen9doublesou","rating":1000,"private":0,"password":""}