{"id":"gen9doublesou-1982432804","p1":"Benman209","p2":"Trickroom4dumies","format":"[Gen 9] Doubles OU","log":"|j|\u2606Benman209\n|j|\u2606Trickroom4dumies\n|t:|1699014056\n|gametype|doubles\n|player|p1|Benman209|1|1637\n|player|p2|Trickroom4dumies|hexmaniac-gen3|1785\n|teamsize|p1|6\n|teamsize|p2|6\n|gen|9\n|tier|[Gen 9] Doubles OU\n|rated|\n|rule|Species Clause: Limit one of each Pok\u00e9mon\n|rule|OHKO Clause: OHKO moves are banned\n|rule|Evasion Moves Clause: Evasion moves are banned\n|rule|Gravity Sleep Clause: The combination of sleep-inducing moves with imperfect accuracy and Gravity or Gigantamax Orbeetle are banned\n|rule|Endless Battle Clause: Forcing endless battles is banned\n|rule|HP Percentage Mod: HP is shown in percentages\n|clearpoke\n|poke|p1|Grimmsnarl, M|\n|poke|p1|Landorus-Therian, M|\n|poke|p1|Okidogi, M|\n|poke|p1|Empoleon, F|\n|poke|p1|Wo-Chien|\n|poke|p1|Sinistcha|\n|poke|p2|Farigiraf, M|\n|poke|p2|Gholdengo|\n|poke|p2|Regidrago|\n|poke|p2|Chien-Pao|\n|poke|p2|Diancie|\n|poke|p2|Hoopa-Unbound|\n|teampreview\n|c|\u2606Trickroom4dumies|Not the snail\n|c|\u2606Benman209|yes\n|\n|t:|1699014085\n|start\n|switch|p1a: Grimmsnarl|Grimmsnarl, M|100\/100\n|switch|p1b: Empoleon|Empoleon, F|100\/100\n|switch|p2a: Gholdengo|Gholdengo, shiny|100\/100\n|switch|p2b: Chien-Pao|Chien-Pao|100\/100\n|-ability|p2b: Chien-Pao|Sword of Ruin\n|turn|1\n|inactive|Battle timer is ON: inactive players will automatically lose when time's up. (requested by Benman209)\n|inactive|Benman209 has 120 seconds left.\n|\n|t:|1699014135\n|switch|p1b: Landorus|Landorus-Therian, M|100\/100\n|-ability|p1b: Landorus|Intimidate|boost\n|-unboost|p2a: Gholdengo|atk|1\n|-unboost|p2b: Chien-Pao|atk|1\n|move|p2b: Chien-Pao|Protect|p2b: Chien-Pao\n|-singleturn|p2b: Chien-Pao|Protect\n|move|p1a: Grimmsnarl|Light Screen|p1a: Grimmsnarl\n|-sidestart|p1: Benman209|move: Light Screen\n|move|p2a: Gholdengo|Nasty Plot|p2a: Gholdengo\n|-boost|p2a: Gholdengo|spa|2\n|\n|upkeep\n|turn|2\n|\n|t:|1699014151\n|move|p1a: Grimmsnarl|Reflect|p1a: Grimmsnarl\n|-sidestart|p1: Benman209|Reflect\n|move|p2b: Chien-Pao|Brick Break|p1b: Landorus\n|-sideend|p1: Benman209|Reflect\n|-sideend|p1: Benman209|move: Light Screen\n|-resisted|p1b: Landorus\n|-damage|p1b: Landorus|91\/100\n|move|p1b: Landorus|Stomping Tantrum|p2a: Gholdengo\n|-supereffective|p2a: Gholdengo\n|-enditem|p2a: Gholdengo|Shuca Berry|[eat]\n|-enditem|p2a: Gholdengo|Shuca Berry|[weaken]\n|-damage|p2a: Gholdengo|48\/100\n|move|p2a: Gholdengo|Make It Rain|p1b: Landorus|[spread] p1a,p1b\n|-supereffective|p1a: Grimmsnarl\n|-damage|p1a: Grimmsnarl|0 fnt\n|-damage|p1b: Landorus|0 fnt\n|-unboost|p2a: Gholdengo|spa|1\n|faint|p1a: Grimmsnarl\n|faint|p1b: Landorus\n|\n|upkeep\n|inactive|Benman209 has 120 seconds left.\n|\n|t:|1699014175\n|switch|p1b: Empoleon|Empoleon, F|100\/100\n|switch|p1a: Okidogi|Okidogi, M|100\/100\n|turn|3\n|\n|t:|1699014201\n|switch|p2b: Hoopa|Hoopa-Unbound|100\/100\n|move|p1b: Empoleon|Vacuum Wave|p2b: Hoopa\n|-damage|p2b: Hoopa|89\/100\n|move|p1a: Okidogi|Knock Off|p2a: Gholdengo\n|-supereffective|p2a: Gholdengo\n|-damage|p2a: Gholdengo|7\/100\n|move|p2a: Gholdengo|Recover|p2a: Gholdengo\n|-heal|p2a: Gholdengo|57\/100\n|\n|upkeep\n|turn|4\n|inactive|Benman209 has 120 seconds left.\n|inactive|Trickroom4dumies has 120 seconds left.\n|\n|t:|1699014242\n|switch|p2a: Chien-Pao|Chien-Pao|100\/100\n|-ability|p2a: Chien-Pao|Sword of Ruin\n|move|p2b: Hoopa|Zen Headbutt|p1a: Okidogi\n|-supereffective|p1a: Okidogi\n|-damage|p1a: Okidogi|0 fnt\n|faint|p1a: Okidogi\n|move|p1b: Empoleon|Hydro Pump|p2a: Chien-Pao\n|-damage|p2a: Chien-Pao|8\/100\n|\n|upkeep\n|\n|t:|1699014256\n|switch|p1a: Sinistcha|Sinistcha|100\/100\n|turn|5\n|inactive|Benman209 has 120 seconds left.\n|\n|t:|1699014270\n|-terastallize|p2a: Chien-Pao|Ghost\n|move|p2a: Chien-Pao|Ice Spinner|p1a: Sinistcha\n|-supereffective|p1a: Sinistcha\n|-damage|p1a: Sinistcha|0 fnt\n|faint|p1a: Sinistcha\n|move|p2b: Hoopa|Drain Punch|p1b: Empoleon\n|-supereffective|p1b: Empoleon\n|-damage|p1b: Empoleon|5\/100\n|-heal|p2b: Hoopa|100\/100|[from] drain|[of] p1b: Empoleon\n|move|p1b: Empoleon|Flash Cannon|p2b: Hoopa\n|-damage|p2b: Hoopa|67\/100\n|\n|upkeep\n|inactive|Benman209 has 120 seconds left.\n|\n|t:|1699014275\n|switch|p1a: Wo-Chien|Wo-Chien|100\/100\n|-ability|p1a: Wo-Chien|Tablets of Ruin\n|turn|6\n|\n|t:|1699014293\n|move|p1b: Empoleon|Vacuum Wave|p2b: Hoopa\n|-damage|p2b: Hoopa|57\/100\n|move|p2a: Chien-Pao|Ice Spinner|p1a: Wo-Chien\n|-supereffective|p1a: Wo-Chien\n|-damage|p1a: Wo-Chien|25\/100\n|move|p2b: Hoopa|Drain Punch|p1a: Wo-Chien\n|-supereffective|p1a: Wo-Chien\n|-damage|p1a: Wo-Chien|0 fnt\n|-heal|p2b: Hoopa|72\/100|[from] drain|[of] p1a: Wo-Chien\n|faint|p1a: Wo-Chien\n|\n|upkeep\n|turn|7\n|-message|Benman209 forfeited.\n|\n|win|Trickroom4dumies\n|raw|Benman209's rating: 1637 &rarr; <strong>1625<\/strong><br \/>(-12 for losing)\n|raw|Trickroom4dumies's rating: 1785 &rarr; <strong>1797<\/strong><br \/>(+12 for winning)\n|l|\u2606Benman209\n","uploadtime":1699014310,"views":17,"p1id":"benman209","p2id":"trickroom4dumies","formatid":"gen9doublesou","rating":1625,"private":0,"password":""}