{"id":"gen9doublesou-1996695940","p1":"FMUGLGFUGLY","p2":"Veswa","format":"[Gen 9] Doubles OU","log":"|j|\u2606FMUGLGFUGLY\n|j|\u2606Veswa\n|t:|1700710893\n|gametype|doubles\n|player|p1|FMUGLGFUGLY|cynthia|1130\n|player|p2|Veswa|dawn|1367\n|teamsize|p1|6\n|teamsize|p2|6\n|gen|9\n|tier|[Gen 9] Doubles OU\n|rated|\n|rule|Species Clause: Limit one of each Pok\u00e9mon\n|rule|OHKO Clause: OHKO moves are banned\n|rule|Evasion Moves Clause: Evasion moves are banned\n|rule|Gravity Sleep Clause: The combination of sleep-inducing moves with imperfect accuracy and Gravity or Gigantamax Orbeetle are banned\n|rule|Endless Battle Clause: Forcing endless battles is banned\n|rule|HP Percentage Mod: HP is shown in percentages\n|clearpoke\n|poke|p1|Iron Moth|\n|poke|p1|Pincurchin, M|\n|poke|p1|Grimmsnarl, M|\n|poke|p1|Amoonguss, M|\n|poke|p1|Torkoal, F|\n|poke|p1|Kingambit, M|\n|poke|p2|Torkoal, F|\n|poke|p2|Farigiraf, F|\n|poke|p2|Iron Hands|\n|poke|p2|Kingambit, F|\n|poke|p2|Ursaluna, F|\n|poke|p2|Bronzong|\n|teampreview\n|inactive|Battle timer is ON: inactive players will automatically lose when time's up. (requested by Veswa)\n|\n|t:|1700710921\n|start\n|switch|p1a: Pincurchin|Pincurchin, M|100\/100\n|switch|p1b: Grimmsnarl|Grimmsnarl, M|100\/100\n|switch|p2a: Farigiraf|Farigiraf, F|100\/100\n|switch|p2b: Ursaluna|Ursaluna, F|100\/100\n|-fieldstart|move: Electric Terrain|[from] ability: Electric Surge|[of] p1a: Pincurchin\n|turn|1\n|\n|t:|1700710943\n|move|p1b: Grimmsnarl|Reflect|p1b: Grimmsnarl\n|-sidestart|p1: FMUGLGFUGLY|Reflect\n|move|p2b: Ursaluna|Headlong Rush|p1a: Pincurchin\n|-supereffective|p1a: Pincurchin\n|-damage|p1a: Pincurchin|11\/100\n|-unboost|p2b: Ursaluna|def|1\n|-unboost|p2b: Ursaluna|spd|1\n|move|p1a: Pincurchin|Spikes|p2b: Ursaluna\n|-sidestart|p2: Veswa|Spikes\n|move|p2a: Farigiraf|Trick Room|p2a: Farigiraf\n|-fieldstart|move: Trick Room|[of] p2a: Farigiraf\n|\n|-heal|p1a: Pincurchin|17\/100|[from] item: Leftovers\n|-status|p2b: Ursaluna|brn|[from] item: Flame Orb\n|upkeep\n|turn|2\n|inactive|FMUGLGFUGLY has 120 seconds left.\n|\n|t:|1700710984\n|move|p2a: Farigiraf|Helping Hand|p2b: Ursaluna\n|-singleturn|p2b: Ursaluna|Helping Hand|[of] p2a: Farigiraf\n|move|p1b: Grimmsnarl|Parting Shot||[still]\n|cant|p2a: Farigiraf|ability: Armor Tail|Parting Shot|[of] p1b: Grimmsnarl\n|move|p1a: Pincurchin|Memento|p2b: Ursaluna\n|-unboost|p2b: Ursaluna|atk|2\n|-unboost|p2b: Ursaluna|spa|2\n|faint|p1a: Pincurchin\n|move|p2b: Ursaluna|Facade|p1b: Grimmsnarl\n|-damage|p1b: Grimmsnarl|28\/100\n|\n|-damage|p2b: Ursaluna|94\/100 brn|[from] brn\n|upkeep\n|inactive|FMUGLGFUGLY has 90 seconds left.\n|\n|t:|1700711019\n|switch|p1a: Amoonguss|Amoonguss, M|100\/100\n|turn|3\n|inactive|Veswa has 120 seconds left.\n|\n|t:|1700711070\n|switch|p2b: Kingambit|Kingambit, F|100\/100\n|-damage|p2b: Kingambit|88\/100|[from] Spikes\n|switch|p2a: Torkoal|Torkoal, F|100\/100\n|-damage|p2a: Torkoal|88\/100|[from] Spikes\n|-weather|SunnyDay|[from] ability: Drought|[of] p2a: Torkoal\n|switch|p1b: Iron Moth|Iron Moth|100\/100\n|-activate|p1b: Iron Moth|ability: Quark Drive\n|-start|p1b: Iron Moth|quarkdrivespa\n|-item|p1b: Iron Moth|Air Balloon\n|move|p1a: Amoonguss|Rage Powder|p1a: Amoonguss\n|-singleturn|p1a: Amoonguss|move: Rage Powder\n|\n|-weather|SunnyDay|[upkeep]\n|upkeep\n|turn|4\n|inactive|Veswa has 120 seconds left.\n|inactive|FMUGLGFUGLY has 120 seconds left.\n|\n|t:|1700711100\n|move|p1a: Amoonguss|Rage Powder|p1a: Amoonguss\n|-singleturn|p1a: Amoonguss|move: Rage Powder\n|move|p2a: Torkoal|Eruption|p1a: Amoonguss|[spread] p1a,p1b\n|-supereffective|p1a: Amoonguss\n|-resisted|p1b: Iron Moth\n|-damage|p1a: Amoonguss|12\/100\n|-damage|p1b: Iron Moth|69\/100\n|-enditem|p1b: Iron Moth|Air Balloon\n|move|p2b: Kingambit|Stone Edge|p1a: Amoonguss\n|-crit|p1a: Amoonguss\n|-damage|p1a: Amoonguss|0 fnt\n|faint|p1a: Amoonguss\n|-damage|p2b: Kingambit|78\/100|[from] item: Life Orb\n|move|p1b: Iron Moth|Fiery Dance|p2b: Kingambit\n|-supereffective|p2b: Kingambit\n|-damage|p2b: Kingambit|0 fnt\n|faint|p2b: Kingambit\n|\n|-weather|SunnyDay|[upkeep]\n|upkeep\n|inactive|FMUGLGFUGLY has 120 seconds left.\n|inactive|Veswa has 120 seconds left.\n|inactive|FMUGLGFUGLY has 90 seconds left.\n|\n|t:|1700711135\n|switch|p1a: Kingambit|Kingambit, M|100\/100\n|switch|p2b: Ursaluna|Ursaluna, F|94\/100 brn\n|-damage|p2b: Ursaluna|82\/100 brn|[from] Spikes\n|-activate|p1a: Kingambit|ability: Supreme Overlord\n|-start|p1a: Kingambit|fallen2|[silent]\n|turn|5\n|inactive|Veswa has 120 seconds left.\n|inactive|FMUGLGFUGLY has 90 seconds left.\n|\n|t:|1700711162\n|move|p2a: Torkoal|Eruption|p1a: Kingambit|[spread] p1a,p1b\n|-supereffective|p1a: Kingambit\n|-resisted|p1b: Iron Moth\n|-damage|p1a: Kingambit|23\/100\n|-damage|p1b: Iron Moth|37\/100\n|move|p1a: Kingambit|Low Kick|p2b: Ursaluna\n|-supereffective|p2b: Ursaluna\n|-damage|p2b: Ursaluna|3\/100 brn\n|move|p2b: Ursaluna|Headlong Rush|p1b: Iron Moth\n|-supereffective|p1b: Iron Moth\n|-crit|p1b: Iron Moth\n|-damage|p1b: Iron Moth|0 fnt\n|-unboost|p2b: Ursaluna|def|1\n|-unboost|p2b: Ursaluna|spd|1\n|faint|p1b: Iron Moth\n|-end|p1b: Iron Moth|Quark Drive|[silent]\n|\n|-weather|SunnyDay|[upkeep]\n|-damage|p2b: Ursaluna|0 fnt|[from] brn\n|faint|p2b: Ursaluna\n|-fieldend|move: Trick Room\n|-fieldend|move: Electric Terrain\n|upkeep\n|\n|t:|1700711178\n|switch|p1b: Grimmsnarl|Grimmsnarl, M|28\/100\n|switch|p2b: Bronzong|Bronzong|100\/100\n|turn|6\n|inactive|FMUGLGFUGLY has 120 seconds left.\n|\n|t:|1700711197\n|switch|p2a: Farigiraf|Farigiraf, F|100\/100\n|-damage|p2a: Farigiraf|88\/100|[from] Spikes\n|move|p1b: Grimmsnarl|Light Screen|p1b: Grimmsnarl\n|-sidestart|p1: FMUGLGFUGLY|move: Light Screen\n|move|p1a: Kingambit|Kowtow Cleave|p2b: Bronzong\n|-supereffective|p2b: Bronzong\n|-damage|p2b: Bronzong|0 fnt\n|faint|p2b: Bronzong\n|\n|-weather|SunnyDay|[upkeep]\n|upkeep\n|\n|t:|1700711205\n|switch|p2b: Iron Hands|Iron Hands|100\/100\n|-damage|p2b: Iron Hands|88\/100|[from] Spikes\n|-enditem|p2b: Iron Hands|Booster Energy\n|-activate|p2b: Iron Hands|ability: Quark Drive|[fromitem]\n|-start|p2b: Iron Hands|quarkdriveatk\n|turn|7\n|\n|t:|1700711225\n|-end|p1a: Kingambit|fallen2|[silent]\n|switch|p1a: Torkoal|Torkoal, F|100\/100\n|-terastallize|p2a: Farigiraf|Normal\n|move|p2b: Iron Hands|Protect|p2b: Iron Hands\n|-singleturn|p2b: Iron Hands|Protect\n|move|p1b: Grimmsnarl|Sucker Punch||[still]\n|cant|p2a: Farigiraf|ability: Armor Tail|Sucker Punch|[of] p1b: Grimmsnarl\n|move|p2a: Farigiraf|Trick Room|p2a: Farigiraf\n|-fieldstart|move: Trick Room|[of] p2a: Farigiraf\n|\n|-weather|none\n|upkeep\n|turn|8\n|\n|t:|1700711253\n|-terastallize|p1a: Torkoal|Fire\n|move|p2a: Farigiraf|Helping Hand|p2b: Iron Hands\n|-singleturn|p2b: Iron Hands|Helping Hand|[of] p2a: Farigiraf\n|move|p1b: Grimmsnarl|Reflect||[still]\n|-fail|p1b: Grimmsnarl\n|move|p1a: Torkoal|Eruption|p2b: Iron Hands|[spread] p2a,p2b\n|-damage|p2a: Farigiraf|35\/100\n|-damage|p2b: Iron Hands|31\/100\n|move|p2b: Iron Hands|Close Combat|p1a: Torkoal\n|-damage|p1a: Torkoal|25\/100\n|-unboost|p2b: Iron Hands|def|1\n|-unboost|p2b: Iron Hands|spd|1\n|\n|-sideend|p1: FMUGLGFUGLY|Reflect\n|upkeep\n|turn|9\n|\n|t:|1700711282\n|move|p2a: Farigiraf|Protect|p2a: Farigiraf\n|-singleturn|p2a: Farigiraf|Protect\n|move|p1b: Grimmsnarl|Sucker Punch||[still]\n|cant|p2a: Farigiraf|ability: Armor Tail|Sucker Punch|[of] p1b: Grimmsnarl\n|move|p1a: Torkoal|Heat Wave|p2b: Iron Hands|[spread] \n|-activate|p2a: Farigiraf|move: Protect\n|-miss|p1a: Torkoal|p2b: Iron Hands\n|move|p2b: Iron Hands|Wild Charge|p1b: Grimmsnarl\n|-damage|p1b: Grimmsnarl|0 fnt\n|faint|p1b: Grimmsnarl\n|-damage|p2b: Iron Hands|25\/100|[from] Recoil\n|\n|upkeep\n|\n|t:|1700711291\n|switch|p1b: Kingambit|Kingambit, M|23\/100\n|-activate|p1b: Kingambit|ability: Supreme Overlord\n|-start|p1b: Kingambit|fallen4|[silent]\n|turn|10\n|\n|t:|1700711317\n|move|p2b: Iron Hands|Protect|p2b: Iron Hands\n|-singleturn|p2b: Iron Hands|Protect\n|move|p1a: Torkoal|Heat Wave|p2a: Farigiraf|[spread] p2a\n|-activate|p2b: Iron Hands|move: Protect\n|-damage|p2a: Farigiraf|0 fnt\n|faint|p2a: Farigiraf\n|move|p1b: Kingambit|Low Kick|p2b: Iron Hands\n|-activate|p2b: Iron Hands|move: Protect\n|\n|upkeep\n|\n|t:|1700711324\n|switch|p2a: Torkoal|Torkoal, F|88\/100\n|-damage|p2a: Torkoal|76\/100|[from] Spikes\n|-weather|SunnyDay|[from] ability: Drought|[of] p2a: Torkoal\n|turn|11\n|\n|t:|1700711351\n|move|p2a: Torkoal|Eruption|p1a: Torkoal|[spread] p1a,p1b\n|-resisted|p1a: Torkoal\n|-supereffective|p1b: Kingambit\n|-crit|p1b: Kingambit\n|-damage|p1a: Torkoal|2\/100\n|-damage|p1b: Kingambit|0 fnt\n|faint|p1b: Kingambit\n|-end|p1b: Kingambit|fallen4|[silent]\n|move|p1a: Torkoal|Heat Wave|p2a: Torkoal|[spread] p2a,p2b\n|-resisted|p2a: Torkoal\n|-damage|p2a: Torkoal|23\/100\n|-damage|p2b: Iron Hands|0 fnt\n|faint|p2b: Iron Hands\n|-end|p2b: Iron Hands|Quark Drive|[silent]\n|\n|-weather|SunnyDay|[upkeep]\n|-fieldend|move: Trick Room\n|upkeep\n|turn|12\n|c|\u2606FMUGLGFUGLY|gg\n|\n|t:|1700711364\n|move|p1a: Torkoal|Earth Power|p2a: Torkoal\n|-supereffective|p2a: Torkoal\n|-damage|p2a: Torkoal|0 fnt\n|faint|p2a: Torkoal\n|\n|win|FMUGLGFUGLY\n|raw|FMUGLGFUGLY's rating: 1130 &rarr; <strong>1170<\/strong><br \/>(+40 for winning)\n|raw|Veswa's rating: 1367 &rarr; <strong>1335<\/strong><br \/>(-32 for losing)\n|c|\u2606Veswa|gg\n","uploadtime":1700711371,"views":19,"p1id":"fmuglgfugly","p2id":"veswa","formatid":"gen9doublesou","rating":1170,"private":0,"password":""}