{"id":"gen9doublesou-1980847023","p1":"DoerreKong","p2":"Smaravilla","format":"[Gen 9] Doubles OU","log":"|j|\u2606DoerreKong\n|j|\u2606Smaravilla\n|t:|1698841801\n|gametype|doubles\n|player|p1|DoerreKong|ltsurge|1656\n|player|p2|Smaravilla|fantina|1612\n|teamsize|p1|6\n|teamsize|p2|6\n|gen|9\n|tier|[Gen 9] Doubles OU\n|rated|\n|rule|Species Clause: Limit one of each Pok\u00e9mon\n|rule|OHKO Clause: OHKO moves are banned\n|rule|Evasion Moves Clause: Evasion moves are banned\n|rule|Gravity Sleep Clause: The combination of sleep-inducing moves with imperfect accuracy and Gravity or Gigantamax Orbeetle are banned\n|rule|Endless Battle Clause: Forcing endless battles is banned\n|rule|HP Percentage Mod: HP is shown in percentages\n|clearpoke\n|poke|p1|Torkoal, F|\n|poke|p1|Cresselia, F|\n|poke|p1|Diancie|\n|poke|p1|Iron Hands|\n|poke|p1|Amoonguss, F|\n|poke|p1|Dragonite, M|\n|poke|p2|Volcanion|\n|poke|p2|Heatran, M|\n|poke|p2|Amoonguss, M|\n|poke|p2|Arcanine-Hisui, F|\n|poke|p2|Cresselia, F|\n|poke|p2|Iron Hands|\n|teampreview\n|inactive|Battle timer is ON: inactive players will automatically lose when time's up. (requested by DoerreKong)\n|\n|t:|1698841827\n|start\n|switch|p1a: Cresselia|Cresselia, F|100\/100\n|switch|p1b: Iron Hands|Iron Hands|100\/100\n|switch|p2a: Heatran|Heatran, M|100\/100\n|switch|p2b: Cresselia|Cresselia, F|100\/100\n|turn|1\n|\n|t:|1698841847\n|move|p1b: Iron Hands|Fake Out|p2a: Heatran\n|-resisted|p2a: Heatran\n|-damage|p2a: Heatran|95\/100\n|-status|p1b: Iron Hands|brn|[from] ability: Flame Body|[of] p2a: Heatran\n|move|p2b: Cresselia|Ally Switch|p2b: Cresselia\n|swap|p2b: Cresselia|0|[from] move: Ally Switch\n|cant|p2b: Heatran|flinch\n|move|p1a: Cresselia|Calm Mind|p1a: Cresselia\n|-boost|p1a: Cresselia|spa|1\n|-boost|p1a: Cresselia|spd|1\n|\n|-damage|p1b: Iron Hands|94\/100 brn|[from] brn\n|upkeep\n|turn|2\n|\n|t:|1698841869\n|move|p2a: Cresselia|Reflect|p2a: Cresselia\n|-sidestart|p2: Smaravilla|Reflect\n|move|p2b: Heatran|Dark Pulse|p1a: Cresselia\n|-supereffective|p1a: Cresselia\n|-damage|p1a: Cresselia|73\/100\n|move|p1a: Cresselia|Calm Mind|p1a: Cresselia\n|-boost|p1a: Cresselia|spa|1\n|-boost|p1a: Cresselia|spd|1\n|move|p1b: Iron Hands|Iron Defense|p1b: Iron Hands\n|-boost|p1b: Iron Hands|def|2\n|\n|-heal|p1a: Cresselia|79\/100|[from] item: Leftovers\n|-heal|p1b: Iron Hands|100\/100 brn|[from] item: Leftovers\n|-damage|p1b: Iron Hands|94\/100 brn|[from] brn\n|upkeep\n|turn|3\n|\n|t:|1698841892\n|switch|p2a: Arcanine|Arcanine-Hisui, F|100\/100\n|switch|p2b: Amoonguss|Amoonguss, M|100\/100\n|move|p1a: Cresselia|Calm Mind|p1a: Cresselia\n|-boost|p1a: Cresselia|spa|1\n|-boost|p1a: Cresselia|spd|1\n|move|p1b: Iron Hands|Iron Defense|p1b: Iron Hands\n|-boost|p1b: Iron Hands|def|2\n|\n|-heal|p1a: Cresselia|85\/100|[from] item: Leftovers\n|-heal|p1b: Iron Hands|100\/100 brn|[from] item: Leftovers\n|-damage|p1b: Iron Hands|94\/100 brn|[from] brn\n|upkeep\n|turn|4\n|\n|t:|1698841910\n|move|p2b: Amoonguss|Rage Powder|p2b: Amoonguss\n|-singleturn|p2b: Amoonguss|move: Rage Powder\n|move|p2a: Arcanine|Head Smash|p1a: Cresselia\n|-damage|p1a: Cresselia|13\/100\n|move|p1a: Cresselia|Stored Power|p2b: Amoonguss\n|-supereffective|p2b: Amoonguss\n|-damage|p2b: Amoonguss|0 fnt\n|faint|p2b: Amoonguss\n|move|p1b: Iron Hands|Iron Defense|p1b: Iron Hands\n|-boost|p1b: Iron Hands|def|2\n|\n|-heal|p1a: Cresselia|19\/100|[from] item: Leftovers\n|-heal|p1b: Iron Hands|100\/100 brn|[from] item: Leftovers\n|-damage|p1b: Iron Hands|94\/100 brn|[from] brn\n|upkeep\n|inactive|Smaravilla has 120 seconds left.\n|\n|t:|1698841932\n|switch|p2b: Heatran|Heatran, M|95\/100\n|turn|5\n|\n|t:|1698841939\n|move|p2a: Arcanine|Head Smash|p1a: Cresselia|[miss]\n|-miss|p2a: Arcanine|p1a: Cresselia\n|move|p2b: Heatran|Earth Power|p1b: Iron Hands\n|-supereffective|p1b: Iron Hands\n|-damage|p1b: Iron Hands|21\/100 brn\n|move|p1a: Cresselia|Lunar Blessing|p1a: Cresselia|[spread] p1a,p1b\n|-heal|p1a: Cresselia|44\/100\n|-heal|p1b: Iron Hands|46\/100 brn\n|-curestatus|p1b: Iron Hands|brn|[msg]\n|move|p1b: Iron Hands|Body Press|p2a: Arcanine\n|-supereffective|p2a: Arcanine\n|-damage|p2a: Arcanine|0 fnt\n|faint|p2a: Arcanine\n|\n|-heal|p1a: Cresselia|50\/100|[from] item: Leftovers\n|-heal|p1b: Iron Hands|52\/100|[from] item: Leftovers\n|upkeep\n|inactive|Smaravilla has 120 seconds left.\n|\n|t:|1698841965\n|switch|p2a: Iron Hands|Iron Hands|100\/100\n|turn|6\n|\n|t:|1698841983\n|-end|p2a: Iron Hands|Quark Drive|[silent]\n|switch|p2a: Cresselia|Cresselia, F|100\/100\n|move|p2b: Heatran|Earth Power|p1b: Iron Hands\n|-supereffective|p1b: Iron Hands\n|-damage|p1b: Iron Hands|0 fnt\n|faint|p1b: Iron Hands\n|-end|p1b: Iron Hands|Quark Drive|[silent]\n|move|p1a: Cresselia|Trick Room|p1a: Cresselia\n|-fieldstart|move: Trick Room|[of] p1a: Cresselia\n|\n|-heal|p1a: Cresselia|57\/100|[from] item: Leftovers\n|-sideend|p2: Smaravilla|Reflect\n|upkeep\n|\n|t:|1698841989\n|switch|p1b: Amoonguss|Amoonguss, F|100\/100\n|turn|7\n|\n|t:|1698842006\n|switch|p2b: Iron Hands|Iron Hands|100\/100\n|move|p2a: Cresselia|Ally Switch|p2a: Cresselia\n|swap|p2a: Cresselia|1|[from] move: Ally Switch\n|move|p1b: Amoonguss|Spore|p2b: Cresselia\n|-status|p2b: Cresselia|slp|[from] move: Spore\n|move|p1a: Cresselia|Calm Mind|p1a: Cresselia\n|-boost|p1a: Cresselia|spa|1\n|-boost|p1a: Cresselia|spd|1\n|\n|-heal|p1a: Cresselia|63\/100|[from] item: Leftovers\n|upkeep\n|turn|8\n|\n|t:|1698842027\n|move|p1b: Amoonguss|Substitute|p1b: Amoonguss\n|-start|p1b: Amoonguss|Substitute\n|-damage|p1b: Amoonguss|75\/100\n|move|p2a: Iron Hands|Iron Head|p1a: Cresselia\n|-damage|p1a: Cresselia|42\/100\n|move|p1a: Cresselia|Stored Power|p2a: Iron Hands\n|-supereffective|p2a: Iron Hands\n|-damage|p2a: Iron Hands|0 fnt\n|faint|p2a: Iron Hands\n|-end|p2a: Iron Hands|Quark Drive|[silent]\n|cant|p2b: Cresselia|slp\n|\n|-heal|p1a: Cresselia|49\/100|[from] item: Leftovers\n|upkeep\n|\n|t:|1698842041\n|switch|p2a: Volcanion|Volcanion|100\/100\n|turn|9\n|\n|t:|1698842046\n|move|p2a: Volcanion|Protect|p2a: Volcanion\n|-singleturn|p2a: Volcanion|Protect\n|move|p1b: Amoonguss|Spore|p2a: Volcanion\n|-activate|p2a: Volcanion|move: Protect\n|move|p1a: Cresselia|Calm Mind|p1a: Cresselia\n|-boost|p1a: Cresselia|spa|1\n|-boost|p1a: Cresselia|spd|1\n|-curestatus|p2b: Cresselia|slp|[msg]\n|move|p2b: Cresselia|Trick Room|p2b: Cresselia\n|-fieldend|move: Trick Room\n|\n|-heal|p1a: Cresselia|55\/100|[from] item: Leftovers\n|upkeep\n|turn|10\n|inactive|Smaravilla has 120 seconds left.\n|\n|t:|1698842080\n|move|p2b: Cresselia|Tera Blast|p1b: Amoonguss\n|-crit|p1b: Amoonguss\n|-activate|p1b: Amoonguss|move: Substitute|[damage]\n|move|p2a: Volcanion|Heat Wave|p1a: Cresselia|[spread] p1a,p1b\n|-supereffective|p1b: Amoonguss\n|-end|p1b: Amoonguss|Substitute\n|-damage|p1a: Cresselia|50\/100\n|move|p1b: Amoonguss|Spore|p2b: Cresselia\n|-status|p2b: Cresselia|slp|[from] move: Spore\n|move|p1a: Cresselia|Trick Room|p1a: Cresselia\n|-fieldstart|move: Trick Room|[of] p1a: Cresselia\n|\n|-heal|p1a: Cresselia|56\/100|[from] item: Leftovers\n|upkeep\n|turn|11\n|\n|t:|1698842104\n|move|p1b: Amoonguss|Pollen Puff|p1a: Cresselia\n|-heal|p1a: Cresselia|100\/100\n|move|p1a: Cresselia|Calm Mind|p1a: Cresselia\n|-boost|p1a: Cresselia|spa|1\n|-boost|p1a: Cresselia|spd|1\n|move|p2a: Volcanion|Heat Wave|p1b: Amoonguss|[spread] p1a\n|-miss|p2a: Volcanion|p1b: Amoonguss\n|-damage|p1a: Cresselia|97\/100\n|cant|p2b: Cresselia|slp\n|\n|-heal|p1a: Cresselia|100\/100|[from] item: Leftovers\n|upkeep\n|turn|12\n|\n|t:|1698842123\n|move|p2a: Volcanion|Protect|p2a: Volcanion\n|-singleturn|p2a: Volcanion|Protect\n|move|p1b: Amoonguss|Substitute|p1b: Amoonguss\n|-start|p1b: Amoonguss|Substitute\n|-damage|p1b: Amoonguss|50\/100\n|move|p1a: Cresselia|Stored Power|p2a: Volcanion\n|-activate|p2a: Volcanion|move: Protect\n|-curestatus|p2b: Cresselia|slp|[msg]\n|move|p2b: Cresselia|Trick Room|p2b: Cresselia\n|-fieldend|move: Trick Room\n|\n|upkeep\n|turn|13\n|-activate|p1b: Amoonguss|item: Quick Claw\n|\n|t:|1698842143\n|move|p2b: Cresselia|Ally Switch|p2b: Cresselia\n|swap|p2b: Cresselia|0|[from] move: Ally Switch\n|move|p1b: Amoonguss|Spore|p2a: Cresselia\n|-status|p2a: Cresselia|slp|[from] move: Spore\n|move|p2b: Volcanion|Heat Wave|p1a: Cresselia|[spread] p1a,p1b\n|-supereffective|p1b: Amoonguss\n|-crit|p1b: Amoonguss\n|-end|p1b: Amoonguss|Substitute\n|-damage|p1a: Cresselia|97\/100\n|move|p1a: Cresselia|Trick Room|p1a: Cresselia\n|-fieldstart|move: Trick Room|[of] p1a: Cresselia\n|\n|-heal|p1a: Cresselia|100\/100|[from] item: Leftovers\n|upkeep\n|turn|14\n|\n|t:|1698842163\n|move|p1b: Amoonguss|Spore|p2b: Volcanion\n|-status|p2b: Volcanion|slp|[from] move: Spore\n|move|p1a: Cresselia|Stored Power|p2a: Cresselia\n|-resisted|p2a: Cresselia\n|-damage|p2a: Cresselia|15\/100 slp\n|cant|p2b: Volcanion|slp\n|cant|p2a: Cresselia|slp\n|\n|-heal|p2a: Cresselia|21\/100 slp|[from] item: Leftovers\n|upkeep\n|turn|15\n|\n|t:|1698842178\n|-curestatus|p2a: Cresselia|slp|[msg]\n|move|p2a: Cresselia|Ally Switch|p2a: Cresselia\n|swap|p2a: Cresselia|1|[from] move: Ally Switch\n|move|p1b: Amoonguss|Pollen Puff|p2a: Volcanion\n|-resisted|p2a: Volcanion\n|-damage|p2a: Volcanion|91\/100 slp\n|move|p1a: Cresselia|Stored Power|p2b: Cresselia\n|-resisted|p2b: Cresselia\n|-damage|p2b: Cresselia|0 fnt\n|faint|p2b: Cresselia\n|cant|p2a: Volcanion|slp\n|\n|-heal|p2a: Volcanion|97\/100 slp|[from] item: Leftovers\n|upkeep\n|\n|t:|1698842193\n|switch|p2b: Heatran|Heatran, M|95\/100\n|turn|16\n|\n|t:|1698842207\n|-curestatus|p2a: Volcanion|slp|[msg]\n|move|p2a: Volcanion|Protect|p2a: Volcanion\n|-singleturn|p2a: Volcanion|Protect\n|move|p1b: Amoonguss|Spore|p2b: Heatran\n|-status|p2b: Heatran|slp|[from] move: Spore\n|move|p1a: Cresselia|Stored Power|p2a: Volcanion\n|-activate|p2a: Volcanion|move: Protect\n|cant|p2b: Heatran|slp\n|\n|-heal|p2a: Volcanion|100\/100|[from] item: Leftovers\n|upkeep\n|turn|17\n|-activate|p1b: Amoonguss|item: Quick Claw\n|\n|t:|1698842225\n|move|p2a: Volcanion|Protect||[still]\n|-fail|p2a: Volcanion\n|move|p1b: Amoonguss|Substitute|p1b: Amoonguss\n|-start|p1b: Amoonguss|Substitute\n|-damage|p1b: Amoonguss|25\/100\n|move|p1a: Cresselia|Stored Power|p2a: Volcanion\n|-damage|p2a: Volcanion|0 fnt\n|faint|p2a: Volcanion\n|cant|p2b: Heatran|slp\n|\n|-fieldend|move: Trick Room\n|upkeep\n|turn|18\n|-message|Smaravilla forfeited.\n|\n|win|DoerreKong\n|raw|DoerreKong's rating: 1656 &rarr; <strong>1673<\/strong><br \/>(+17 for winning)\n|raw|Smaravilla's rating: 1612 &rarr; <strong>1595<\/strong><br \/>(-17 for losing)\n|l|\u2606Smaravilla\n","uploadtime":1698842237,"views":17,"p1id":"doerrekong","p2id":"smaravilla","formatid":"gen9doublesou","rating":1595,"private":0,"password":""}