{"id":"gen9doublesou-1997942724","p1":"3iloveyou","p2":"CPTNK0R0","format":"[Gen 9] Doubles OU","log":"|j|\u26063iloveyou\n|j|\u2606CPTNK0R0\n|t:|1700870244\n|gametype|doubles\n|player|p1|3iloveyou|102|1094\n|player|p2|CPTNK0R0|clerk|1000\n|teamsize|p1|4\n|teamsize|p2|6\n|gen|9\n|tier|[Gen 9] Doubles OU\n|rated|\n|rule|Species Clause: Limit one of each Pok\u00e9mon\n|rule|OHKO Clause: OHKO moves are banned\n|rule|Evasion Moves Clause: Evasion moves are banned\n|rule|Gravity Sleep Clause: The combination of sleep-inducing moves with imperfect accuracy and Gravity or Gigantamax Orbeetle are banned\n|rule|Endless Battle Clause: Forcing endless battles is banned\n|rule|HP Percentage Mod: HP is shown in percentages\n|clearpoke\n|poke|p1|Oricorio-Pa'u, F|\n|poke|p1|Iron Moth|\n|poke|p1|Lilligant, F|\n|poke|p1|Baxcalibur, F|\n|poke|p2|Kingambit, F|\n|poke|p2|Volbeat, M|\n|poke|p2|Kommo-o, F|\n|poke|p2|Sandy Shocks|\n|poke|p2|Empoleon, F|\n|poke|p2|Farigiraf, F|\n|teampreview\n|\n|t:|1700870265\n|start\n|switch|p1a: Oricorio|Oricorio-Pa'u, F|100\/100\n|switch|p1b: Lilligant|Lilligant, F|100\/100\n|switch|p2a: Volbeat|Volbeat, M|100\/100\n|switch|p2b: Empoleon|Empoleon, F|100\/100\n|turn|1\n|\n|t:|1700870284\n|-terastallize|p2b: Empoleon|Ice\n|move|p2a: Volbeat|Tailwind|p2a: Volbeat\n|-sidestart|p2: CPTNK0R0|move: Tailwind\n|move|p2b: Empoleon|Ice Beam|p1a: Oricorio\n|-supereffective|p1a: Oricorio\n|-enditem|p1a: Oricorio|Focus Sash\n|-damage|p1a: Oricorio|1\/100\n|move|p1a: Oricorio|Quiver Dance|p1a: Oricorio\n|-boost|p1a: Oricorio|spa|1\n|-boost|p1a: Oricorio|spd|1\n|-boost|p1a: Oricorio|spe|1\n|move|p1b: Lilligant|Quiver Dance|p1b: Lilligant\n|-boost|p1b: Lilligant|spa|1\n|-boost|p1b: Lilligant|spd|1\n|-boost|p1b: Lilligant|spe|1\n|-activate|p1a: Oricorio|ability: Dancer\n|move|p1a: Oricorio|Quiver Dance|p1a: Oricorio|[from]ability: Dancer\n|-boost|p1a: Oricorio|spa|1\n|-boost|p1a: Oricorio|spd|1\n|-boost|p1a: Oricorio|spe|1\n|\n|upkeep\n|turn|2\n|\n|t:|1700870321\n|move|p2a: Volbeat|Encore|p1a: Oricorio\n|-start|p1a: Oricorio|Encore\n|move|p1a: Oricorio|Quiver Dance|p1a: Oricorio\n|-boost|p1a: Oricorio|spa|1\n|-boost|p1a: Oricorio|spd|1\n|-boost|p1a: Oricorio|spe|1\n|move|p1b: Lilligant|Sunny Day|p1b: Lilligant\n|-weather|SunnyDay\n|move|p2b: Empoleon|Ice Beam|p1b: Lilligant\n|-supereffective|p1b: Lilligant\n|-crit|p1b: Lilligant\n|-damage|p1b: Lilligant|0 fnt\n|faint|p1b: Lilligant\n|\n|-weather|SunnyDay|[upkeep]\n|upkeep\n|\n|t:|1700870338\n|switch|p1b: Iron Moth|Iron Moth|100\/100\n|-item|p1b: Iron Moth|Air Balloon\n|turn|3\n|\n|t:|1700870361\n|move|p2a: Volbeat|Helping Hand|p2b: Empoleon\n|-singleturn|p2b: Empoleon|Helping Hand|[of] p2a: Volbeat\n|move|p1a: Oricorio|Quiver Dance|p1a: Oricorio\n|-boost|p1a: Oricorio|spa|1\n|-boost|p1a: Oricorio|spd|1\n|-boost|p1a: Oricorio|spe|1\n|move|p1b: Iron Moth|Fiery Dance|p2b: Empoleon\n|-supereffective|p2b: Empoleon\n|-damage|p2b: Empoleon|0 fnt\n|-boost|p1b: Iron Moth|spa|1\n|faint|p2b: Empoleon\n|-activate|p1a: Oricorio|ability: Dancer\n|move|p1a: Oricorio|Fiery Dance|p2a: Volbeat|[from]ability: Dancer\n|-supereffective|p2a: Volbeat\n|-damage|p2a: Volbeat|0 fnt\n|faint|p2a: Volbeat\n|\n|-weather|SunnyDay|[upkeep]\n|upkeep\n|\n|t:|1700870383\n|switch|p2a: Farigiraf|Farigiraf, F|100\/100\n|switch|p2b: Sandy Shocks|Sandy Shocks|100\/100\n|-activate|p2b: Sandy Shocks|ability: Protosynthesis\n|-start|p2b: Sandy Shocks|protosynthesisspa\n|turn|4\n|\n|t:|1700870410\n|move|p1a: Oricorio|Quiver Dance|p1a: Oricorio\n|-boost|p1a: Oricorio|spa|1\n|-boost|p1a: Oricorio|spd|1\n|-boost|p1a: Oricorio|spe|1\n|move|p2b: Sandy Shocks|Earth Power|p1b: Iron Moth\n|-immune|p1b: Iron Moth\n|move|p1b: Iron Moth|Fiery Dance|p2b: Sandy Shocks\n|-damage|p2b: Sandy Shocks|0 fnt\n|-boost|p1b: Iron Moth|spa|1\n|faint|p2b: Sandy Shocks\n|-end|p2b: Sandy Shocks|Protosynthesis|[silent]\n|-activate|p1a: Oricorio|ability: Dancer\n|move|p1a: Oricorio|Fiery Dance|p2a: Farigiraf|[from]ability: Dancer\n|-damage|p2a: Farigiraf|24\/100\n|-boost|p1a: Oricorio|spa|1\n|move|p2a: Farigiraf|Roar|p1a: Oricorio\n|drag|p1a: Baxcalibur|Baxcalibur, F|100\/100\n|\n|-weather|SunnyDay|[upkeep]\n|-sideend|p2: CPTNK0R0|move: Tailwind\n|upkeep\n|\n|t:|1700870436\n|switch|p2b: Kingambit|Kingambit, F|100\/100\n|turn|5\n|\n|t:|1700870452\n|move|p2b: Kingambit|Protect|p2b: Kingambit\n|-singleturn|p2b: Kingambit|Protect\n|move|p1b: Iron Moth|Fiery Dance|p2b: Kingambit\n|-activate|p2b: Kingambit|move: Protect\n|move|p1a: Baxcalibur|Glaive Rush|p2a: Farigiraf\n|-damage|p2a: Farigiraf|0 fnt\n|-singlemove|p1a: Baxcalibur|Glaive Rush|[silent]\n|faint|p2a: Farigiraf\n|\n|-weather|SunnyDay|[upkeep]\n|upkeep\n|\n|t:|1700870461\n|switch|p2a: Kommo-o|Kommo-o, F|100\/100\n|turn|6\n|\n|t:|1700870473\n|-terastallize|p1a: Baxcalibur|Fairy\n|move|p2b: Kingambit|Protect|p2b: Kingambit\n|-singleturn|p2b: Kingambit|Protect\n|move|p1b: Iron Moth|Fiery Dance|p2b: Kingambit\n|-activate|p2b: Kingambit|move: Protect\n|move|p1a: Baxcalibur|Dragon Dance|p1a: Baxcalibur\n|-boost|p1a: Baxcalibur|atk|1\n|-boost|p1a: Baxcalibur|spe|1\n|move|p2a: Kommo-o|Drain Punch|p1a: Baxcalibur\n|-resisted|p1a: Baxcalibur\n|-damage|p1a: Baxcalibur|84\/100\n|\n|-weather|SunnyDay|[upkeep]\n|upkeep\n|turn|7\n|-message|CPTNK0R0 forfeited.\n|\n|win|3iloveyou\n|raw|3iloveyou's rating: 1094 &rarr; <strong>1113<\/strong><br \/>(+19 for winning)\n|raw|CPTNK0R0's rating: 1000 &rarr; <strong>1000<\/strong><br \/>(+0 for losing)\n|l|\u2606CPTNK0R0\n","uploadtime":1700870496,"views":2,"p1id":"3iloveyou","p2id":"cptnk0r0","formatid":"gen9doublesou","rating":1000,"private":0,"password":""}