{"id":"gen9doublesou-1973945793","p1":"brbrubr","p2":"fangame10","format":"[Gen 9] Doubles OU","log":"|j|\u2606brbrubr\n|j|\u2606fangame10\n|t:|1698031331\n|gametype|doubles\n|player|p1|brbrubr|265|1715\n|player|p2|fangame10|red|1789\n|teamsize|p1|6\n|teamsize|p2|6\n|gen|9\n|tier|[Gen 9] Doubles OU\n|rated|\n|rule|Species Clause: Limit one of each Pok\u00e9mon\n|rule|OHKO Clause: OHKO moves are banned\n|rule|Evasion Moves Clause: Evasion moves are banned\n|rule|Gravity Sleep Clause: The combination of sleep-inducing moves with imperfect accuracy and Gravity or Gigantamax Orbeetle are banned\n|rule|Endless Battle Clause: Forcing endless battles is banned\n|rule|HP Percentage Mod: HP is shown in percentages\n|clearpoke\n|poke|p1|Armarouge, F|\n|poke|p1|Ursaluna-Bloodmoon, M|\n|poke|p1|Chi-Yu|\n|poke|p1|Torkoal, M|\n|poke|p1|Brute Bonnet|\n|poke|p1|Indeedee-F, F|\n|poke|p2|Iron Bundle|\n|poke|p2|Abomasnow, M|\n|poke|p2|Chi-Yu|\n|poke|p2|Ursaluna, M|\n|poke|p2|Kommo-o, M|\n|poke|p2|Cresselia, F|\n|teampreview\n|inactive|Battle timer is ON: inactive players will automatically lose when time's up. (requested by fangame10)\n|\n|t:|1698031351\n|start\n|switch|p1a: Indeedee|Indeedee-F, F|100\/100\n|switch|p1b: Armarouge|Armarouge, F, shiny|100\/100\n|switch|p2a: Chi-Yu|Chi-Yu|100\/100\n|switch|p2b: Ursaluna|Ursaluna, M, shiny|100\/100\n|-ability|p2a: Chi-Yu|Beads of Ruin\n|-fieldstart|move: Psychic Terrain|[from] ability: Psychic Surge|[of] p1a: Indeedee\n|turn|1\n|\n|t:|1698031372\n|move|p1b: Armarouge|Wide Guard|p1b: Armarouge\n|-singleturn|p1b: Armarouge|Wide Guard\n|move|p2a: Chi-Yu|Snarl|p1b: Armarouge|[spread] \n|-activate|p1a: Indeedee|move: Wide Guard\n|-activate|p1b: Armarouge|move: Wide Guard\n|move|p2b: Ursaluna|Swords Dance|p2b: Ursaluna\n|-boost|p2b: Ursaluna|atk|2\n|move|p1a: Indeedee|Trick Room|p1a: Indeedee\n|-fieldstart|move: Trick Room|[of] p1a: Indeedee\n|\n|-status|p2b: Ursaluna|brn|[from] item: Flame Orb\n|upkeep\n|turn|2\n|\n|t:|1698031390\n|switch|p1a: Ursaluna|Ursaluna-Bloodmoon, M|100\/100\n|switch|p2a: Predator Drone|Cresselia, F|100\/100\n|move|p2b: Ursaluna|Earthquake|p1b: Armarouge|[spread] p1a,p1b\n|-immune|p2a: Predator Drone|[from] ability: Levitate\n|-supereffective|p1b: Armarouge\n|-damage|p1a: Ursaluna|12\/100\n|-enditem|p1b: Armarouge|Focus Sash\n|-damage|p1b: Armarouge|1\/100\n|move|p1b: Armarouge|Expanding Force|p2b: Ursaluna|[spread] p2a,p2b\n|-resisted|p2a: Predator Drone\n|-damage|p2a: Predator Drone|82\/100\n|-damage|p2b: Ursaluna|43\/100 brn\n|\n|-heal|p1a: Ursaluna|18\/100|[from] item: Leftovers\n|-damage|p2b: Ursaluna|37\/100 brn|[from] brn\n|upkeep\n|turn|3\n|\n|t:|1698031414\n|move|p2b: Ursaluna|Protect|p2b: Ursaluna\n|-singleturn|p2b: Ursaluna|Protect\n|move|p1b: Armarouge|Wide Guard|p1b: Armarouge\n|-singleturn|p1b: Armarouge|Wide Guard\n|move|p1a: Ursaluna|Earth Power|p2b: Ursaluna\n|-activate|p2b: Ursaluna|move: Protect\n|move|p2a: Predator Drone|Lunar Blessing|p2a: Predator Drone|[spread] p2a,p2b\n|-heal|p2a: Predator Drone|100\/100\n|-heal|p2b: Ursaluna|61\/100 brn\n|-curestatus|p2b: Ursaluna|brn|[msg]\n|\n|-heal|p1a: Ursaluna|24\/100|[from] item: Leftovers\n|-status|p2b: Ursaluna|brn|[from] item: Flame Orb\n|upkeep\n|turn|4\n|\n|t:|1698031426\n|move|p2b: Ursaluna|Facade|p1b: Armarouge\n|-damage|p1b: Armarouge|0 fnt\n|faint|p1b: Armarouge\n|move|p1a: Ursaluna|Blood Moon|p2b: Ursaluna\n|-damage|p2b: Ursaluna|0 fnt\n|faint|p2b: Ursaluna\n|move|p2a: Predator Drone|Lunar Blessing||[still]\n|-fail|p2a: Predator Drone\n|\n|-heal|p1a: Ursaluna|30\/100|[from] item: Leftovers\n|upkeep\n|\n|t:|1698031440\n|switch|p2b: Kommo-o|Kommo-o, M|100\/100\n|switch|p1b: Torkoal|Torkoal, M|100\/100\n|-weather|SunnyDay|[from] ability: Drought|[of] p1b: Torkoal\n|turn|5\n|\n|t:|1698031462\n|move|p2b: Kommo-o|Protect|p2b: Kommo-o\n|-singleturn|p2b: Kommo-o|Protect\n|move|p1b: Torkoal|Eruption|p2b: Kommo-o|[spread] p2a\n|-activate|p2b: Kommo-o|move: Protect\n|-damage|p2a: Predator Drone|42\/100\n|move|p1a: Ursaluna|Moonblast|p2b: Kommo-o\n|-activate|p2b: Kommo-o|move: Protect\n|move|p2a: Predator Drone|Psyshock|p1a: Ursaluna\n|-damage|p1a: Ursaluna|16\/100\n|\n|-weather|SunnyDay|[upkeep]\n|-heal|p1a: Ursaluna|22\/100|[from] item: Leftovers\n|-fieldend|move: Trick Room\n|-fieldend|move: Psychic Terrain\n|upkeep\n|turn|6\n|\n|t:|1698031479\n|-terastallize|p2b: Kommo-o|Fire\n|move|p2b: Kommo-o|Clangorous Soul|p2b: Kommo-o\n|-boost|p2b: Kommo-o|atk|1\n|-boost|p2b: Kommo-o|def|1\n|-boost|p2b: Kommo-o|spa|1\n|-boost|p2b: Kommo-o|spd|1\n|-boost|p2b: Kommo-o|spe|1\n|-damage|p2b: Kommo-o|68\/100\n|move|p2a: Predator Drone|Lunar Blessing|p2a: Predator Drone|[spread] p2a,p2b\n|-heal|p2a: Predator Drone|67\/100\n|-heal|p2b: Kommo-o|93\/100\n|move|p1a: Ursaluna|Moonblast|p2b: Kommo-o\n|-resisted|p2b: Kommo-o\n|-damage|p2b: Kommo-o|81\/100\n|move|p1b: Torkoal|Eruption|p2b: Kommo-o|[spread] p2a,p2b\n|-resisted|p2b: Kommo-o\n|-damage|p2a: Predator Drone|2\/100\n|-damage|p2b: Kommo-o|43\/100\n|\n|-weather|SunnyDay|[upkeep]\n|-heal|p1a: Ursaluna|28\/100|[from] item: Leftovers\n|upkeep\n|turn|7\n|\n|t:|1698031491\n|move|p2b: Kommo-o|Protect|p2b: Kommo-o\n|-singleturn|p2b: Kommo-o|Protect\n|move|p1a: Ursaluna|Protect|p1a: Ursaluna\n|-singleturn|p1a: Ursaluna|Protect\n|move|p2a: Predator Drone|Lunar Blessing|p2a: Predator Drone|[spread] p2a,p2b\n|-heal|p2a: Predator Drone|27\/100\n|-heal|p2b: Kommo-o|68\/100\n|move|p1b: Torkoal|Eruption|p2a: Predator Drone|[spread] p2a\n|-activate|p2b: Kommo-o|move: Protect\n|-damage|p2a: Predator Drone|0 fnt\n|faint|p2a: Predator Drone\n|\n|-weather|SunnyDay|[upkeep]\n|-heal|p1a: Ursaluna|34\/100|[from] item: Leftovers\n|upkeep\n|\n|t:|1698031492\n|switch|p2a: Abomasnow|Abomasnow, M, shiny|100\/100\n|-weather|Snow|[from] ability: Snow Warning|[of] p2a: Abomasnow\n|turn|8\n|\n|t:|1698031502\n|move|p2b: Kommo-o|Drain Punch|p1a: Ursaluna\n|-supereffective|p1a: Ursaluna\n|-damage|p1a: Ursaluna|0 fnt\n|-heal|p2b: Kommo-o|91\/100|[from] drain|[of] p1a: Ursaluna\n|faint|p1a: Ursaluna\n|move|p2a: Abomasnow|Aurora Veil|p2a: Abomasnow\n|-sidestart|p2: fangame10|move: Aurora Veil\n|move|p1b: Torkoal|Eruption|p2b: Kommo-o|[spread] p2a,p2b\n|-supereffective|p2a: Abomasnow\n|-resisted|p2b: Kommo-o\n|-damage|p2a: Abomasnow|0 fnt\n|-damage|p2b: Kommo-o|76\/100\n|faint|p2a: Abomasnow\n|\n|-weather|Snow|[upkeep]\n|upkeep\n|\n|t:|1698031514\n|switch|p2a: Chi-Yu|Chi-Yu|100\/100\n|switch|p1a: Brute Bonnet|Brute Bonnet|100\/100\n|-ability|p2a: Chi-Yu|Beads of Ruin\n|turn|9\n|\n|t:|1698031523\n|switch|p1b: Chi-Yu|Chi-Yu|100\/100\n|-ability|p1b: Chi-Yu|Beads of Ruin\n|-terastallize|p1a: Brute Bonnet|Water\n|move|p2b: Kommo-o|Drain Punch|p1a: Brute Bonnet\n|-damage|p1a: Brute Bonnet|61\/100\n|-heal|p2b: Kommo-o|100\/100|[from] drain|[of] p1a: Brute Bonnet\n|move|p2a: Chi-Yu|Heat Wave|p1b: Chi-Yu|[spread] p1a,p1b\n|-resisted|p1a: Brute Bonnet\n|-resisted|p1b: Chi-Yu\n|-damage|p1a: Brute Bonnet|40\/100\n|-damage|p1b: Chi-Yu|80\/100\n|move|p1a: Brute Bonnet|Spore|p2b: Kommo-o\n|-immune|p2b: Kommo-o|[from] ability: Overcoat\n|\n|-weather|Snow|[upkeep]\n|upkeep\n|turn|10\n|\n|t:|1698031542\n|switch|p1b: Torkoal|Torkoal, M|100\/100\n|-weather|SunnyDay|[from] ability: Drought|[of] p1b: Torkoal\n|-activate|p1a: Brute Bonnet|ability: Protosynthesis\n|-start|p1a: Brute Bonnet|protosynthesisatk\n|move|p1a: Brute Bonnet|Sucker Punch|p2b: Kommo-o\n|-damage|p2b: Kommo-o|73\/100\n|-damage|p1a: Brute Bonnet|30\/100|[from] item: Life Orb\n|move|p2b: Kommo-o|Drain Punch|p1b: Torkoal\n|-damage|p1b: Torkoal|61\/100\n|-heal|p2b: Kommo-o|95\/100|[from] drain|[of] p1b: Torkoal\n|move|p2a: Chi-Yu|Dark Pulse|p1a: Brute Bonnet\n|-damage|p1a: Brute Bonnet|0 fnt\n|faint|p1a: Brute Bonnet\n|-end|p1a: Brute Bonnet|Protosynthesis|[silent]\n|\n|-weather|SunnyDay|[upkeep]\n|upkeep\n|\n|t:|1698031560\n|switch|p1a: Indeedee|Indeedee-F, F|100\/100\n|-fieldstart|move: Psychic Terrain|[from] ability: Psychic Surge|[of] p1a: Indeedee\n|turn|11\n|\n|t:|1698031569\n|move|p2b: Kommo-o|Drain Punch|p1a: Indeedee\n|-damage|p1a: Indeedee|26\/100\n|-heal|p2b: Kommo-o|100\/100|[from] drain|[of] p1a: Indeedee\n|move|p2a: Chi-Yu|Snarl|p1a: Indeedee|[spread] p1a,p1b\n|-supereffective|p1a: Indeedee\n|-damage|p1a: Indeedee|0 fnt\n|-damage|p1b: Torkoal|24\/100\n|-unboost|p1b: Torkoal|spa|1\n|faint|p1a: Indeedee\n|move|p1b: Torkoal|Earth Power|p2b: Kommo-o\n|-supereffective|p2b: Kommo-o\n|-damage|p2b: Kommo-o|68\/100\n|\n|-weather|SunnyDay|[upkeep]\n|upkeep\n|\n|t:|1698031581\n|switch|p1a: Chi-Yu|Chi-Yu|80\/100\n|-ability|p1a: Chi-Yu|Beads of Ruin\n|turn|12\n|\n|t:|1698031585\n|move|p2b: Kommo-o|Drain Punch|p1a: Chi-Yu\n|-supereffective|p1a: Chi-Yu\n|-damage|p1a: Chi-Yu|0 fnt\n|-heal|p2b: Kommo-o|99\/100|[from] drain|[of] p1a: Chi-Yu\n|faint|p1a: Chi-Yu\n|move|p2a: Chi-Yu|Snarl|p1b: Torkoal\n|-damage|p1b: Torkoal|0 fnt\n|faint|p1b: Torkoal\n|\n|win|fangame10\n|raw|brbrubr's rating: 1715 &rarr; <strong>1699<\/strong><br \/>(-16 for losing)\n|raw|fangame10's rating: 1789 &rarr; <strong>1805<\/strong><br \/>(+16 for winning)\n|l|\u2606brbrubr\n","uploadtime":1698031590,"views":15,"p1id":"brbrubr","p2id":"fangame10","formatid":"gen9doublesou","rating":1699,"private":0,"password":""}