{"id":"gen9doublesou-1992964920","p1":"ilmina50","p2":"madmikex100","format":"[Gen 9] Doubles OU","log":"|j|\u2606ilmina50\n|j|\u2606madmikex100\n|t:|1700250897\n|gametype|doubles\n|player|p1|ilmina50|lusamine-nihilego|1471\n|player|p2|madmikex100|brock|1388\n|teamsize|p1|6\n|teamsize|p2|6\n|gen|9\n|tier|[Gen 9] Doubles OU\n|rated|\n|rule|Species Clause: Limit one of each Pok\u00e9mon\n|rule|OHKO Clause: OHKO moves are banned\n|rule|Evasion Moves Clause: Evasion moves are banned\n|rule|Gravity Sleep Clause: The combination of sleep-inducing moves with imperfect accuracy and Gravity or Gigantamax Orbeetle are banned\n|rule|Endless Battle Clause: Forcing endless battles is banned\n|rule|HP Percentage Mod: HP is shown in percentages\n|clearpoke\n|poke|p1|Indeedee-F, F|\n|poke|p1|Ursaluna-Bloodmoon, M|\n|poke|p1|Sinistcha-Masterpiece|\n|poke|p1|Milotic, F|\n|poke|p1|Armarouge, F|\n|poke|p1|Okidogi, M|\n|poke|p2|Tyranitar, M|\n|poke|p2|Hippowdon, M|\n|poke|p2|Glimmora, M|\n|poke|p2|Houndstone, M|\n|poke|p2|Garganacl, M|\n|poke|p2|Goodra-Hisui, F|\n|teampreview\n|c|\u2606ilmina50|that looks like a very rock hard team\n|c|\u2606madmikex100|ROCK HARD\n|c|\u2606ilmina50|rock and stone?\n|c|\u2606madmikex100|THATS THE POWER OF YOUTH\n|c|\u2606madmikex100|please dont bring out that dog or bear, they will get merc'd.\n|\n|t:|1700250996\n|start\n|switch|p1a: Indeedee|Indeedee-F, F|100\/100\n|switch|p1b: Ursaluna|Ursaluna-Bloodmoon, M|100\/100\n|switch|p2a: Glimmora|Glimmora, M, shiny|100\/100\n|switch|p2b: Goodra|Goodra-Hisui, F|100\/100\n|-fieldstart|move: Psychic Terrain|[from] ability: Psychic Surge|[of] p1a: Indeedee\n|-enditem|p1a: Indeedee|Psychic Seed\n|-boost|p1a: Indeedee|spd|1|[from] item: Psychic Seed\n|turn|1\n|\n|t:|1700251008\n|switch|p2a: Tyranitar|Tyranitar, M, shiny|100\/100\n|-weather|Sandstorm|[from] ability: Sand Stream|[of] p2a: Tyranitar\n|switch|p2b: Houndstone|Houndstone, M, shiny|100\/100\n|move|p1b: Ursaluna|Earth Power|p2a: Tyranitar\n|-supereffective|p2a: Tyranitar\n|-crit|p2a: Tyranitar\n|-damage|p2a: Tyranitar|36\/100\n|move|p1a: Indeedee|Trick Room|p1a: Indeedee\n|-fieldstart|move: Trick Room|[of] p1a: Indeedee\n|\n|-weather|Sandstorm|[upkeep]\n|-damage|p1a: Indeedee|94\/100|[from] Sandstorm\n|upkeep\n|turn|2\n|inactive|Battle timer is ON: inactive players will automatically lose when time's up. (requested by madmikex100)\n|\n|t:|1700251031\n|-terastallize|p1b: Ursaluna|Normal\n|move|p1a: Indeedee|Helping Hand|p1b: Ursaluna\n|-singleturn|p1b: Ursaluna|Helping Hand|[of] p1a: Indeedee\n|move|p1b: Ursaluna|Hyper Voice|p2a: Tyranitar|[spread] p2a,p2b\n|-resisted|p2a: Tyranitar\n|-damage|p2a: Tyranitar|20\/100\n|-damage|p2b: Houndstone|10\/100\n|-enditem|p2b: Houndstone|Aguav Berry|[eat]\n|-heal|p2b: Houndstone|43\/100|[from] item: Aguav Berry\n|-enditem|p1b: Ursaluna|Throat Spray\n|-boost|p1b: Ursaluna|spa|1|[from] item: Throat Spray\n|move|p2a: Tyranitar|Crunch|p1a: Indeedee\n|-supereffective|p1a: Indeedee\n|-damage|p1a: Indeedee|0 fnt\n|faint|p1a: Indeedee\n|move|p2b: Houndstone|Crunch|p1b: Ursaluna\n|-damage|p1b: Ursaluna|85\/100\n|\n|-weather|Sandstorm|[upkeep]\n|-damage|p1b: Ursaluna|79\/100|[from] Sandstorm\n|upkeep\n|\n|t:|1700251048\n|switch|p1a: Armarouge|Armarouge, F|100\/100\n|turn|3\n|\n|t:|1700251054\n|move|p1b: Ursaluna|Hyper Voice|p2b: Houndstone|[spread] p2a,p2b\n|-resisted|p2a: Tyranitar\n|-damage|p2a: Tyranitar|4\/100\n|-damage|p2b: Houndstone|0 fnt\n|faint|p2b: Houndstone\n|move|p2a: Tyranitar|Crunch|p1a: Armarouge\n|-supereffective|p1a: Armarouge\n|-damage|p1a: Armarouge|20\/100\n|move|p1a: Armarouge|Energy Ball|p2a: Tyranitar\n|-supereffective|p2a: Tyranitar\n|-damage|p2a: Tyranitar|0 fnt\n|faint|p2a: Tyranitar\n|-damage|p1a: Armarouge|10\/100|[from] item: Life Orb\n|\n|-weather|Sandstorm|[upkeep]\n|-damage|p1b: Ursaluna|73\/100|[from] Sandstorm\n|-damage|p1a: Armarouge|4\/100|[from] Sandstorm\n|upkeep\n|\n|t:|1700251060\n|switch|p2a: Hippowdon|Hippowdon, M, shiny|100\/100\n|switch|p2b: Glimmora|Glimmora, M, shiny|100\/100\n|turn|4\n|\n|t:|1700251077\n|switch|p1a: Milotic|Milotic, F|100\/100\n|move|p2b: Glimmora|Spiky Shield|p2b: Glimmora\n|-singleturn|p2b: Glimmora|move: Protect\n|move|p1b: Ursaluna|Earth Power|p2b: Glimmora\n|-activate|p2b: Glimmora|move: Protect\n|move|p2a: Hippowdon|Body Press|p1b: Ursaluna\n|-supereffective|p1b: Ursaluna\n|-damage|p1b: Ursaluna|35\/100\n|\n|-weather|Sandstorm|[upkeep]\n|-damage|p1b: Ursaluna|29\/100|[from] Sandstorm\n|-damage|p1a: Milotic|94\/100|[from] Sandstorm\n|-heal|p1a: Milotic|100\/100|[from] item: Leftovers\n|upkeep\n|turn|5\n|\n|t:|1700251099\n|-terastallize|p2a: Hippowdon|Grass\n|move|p1b: Ursaluna|Earth Power|p2b: Glimmora\n|-supereffective|p2b: Glimmora\n|-damage|p2b: Glimmora|0 fnt\n|faint|p2b: Glimmora\n|move|p2a: Hippowdon|Body Press|p1b: Ursaluna\n|-supereffective|p1b: Ursaluna\n|-damage|p1b: Ursaluna|0 fnt\n|faint|p1b: Ursaluna\n|move|p1a: Milotic|Scald|p2a: Hippowdon\n|-resisted|p2a: Hippowdon\n|-damage|p2a: Hippowdon|85\/100\n|\n|-weather|none\n|-heal|p2a: Hippowdon|91\/100|[from] item: Leftovers\n|-fieldend|move: Trick Room\n|-fieldend|move: Psychic Terrain\n|upkeep\n|inactive|madmikex100 has 120 seconds left.\n|\n|t:|1700251135\n|switch|p2b: Goodra|Goodra-Hisui, F|100\/100\n|switch|p1b: Armarouge|Armarouge, F|4\/100\n|turn|6\n|c|\u2606ilmina50|bloodmoon ursaluna is scary, man\n|\n|t:|1700251151\n|switch|p2a: Garganacl|Garganacl, M, shiny|100\/100\n|move|p1a: Milotic|Ice Beam|p2a: Garganacl\n|-damage|p2a: Garganacl|84\/100\n|move|p1b: Armarouge|Armor Cannon|p2a: Garganacl\n|-resisted|p2a: Garganacl\n|-damage|p2a: Garganacl|52\/100\n|-unboost|p1b: Armarouge|def|1\n|-unboost|p1b: Armarouge|spd|1\n|-damage|p1b: Armarouge|0 fnt|[from] item: Life Orb\n|faint|p1b: Armarouge\n|move|p2b: Goodra|Sludge Bomb|p1a: Milotic\n|-damage|p1a: Milotic|78\/100\n|\n|-heal|p1a: Milotic|84\/100|[from] item: Leftovers\n|upkeep\n|\n|t:|1700251160\n|switch|p1b: Okidogi|Okidogi, M|100\/100\n|turn|7\n|\n|t:|1700251171\n|move|p1a: Milotic|Scald|p2a: Garganacl\n|-supereffective|p2a: Garganacl\n|-damage|p2a: Garganacl|7\/100\n|move|p1b: Okidogi|Knock Off|p2b: Goodra\n|-damage|p2b: Goodra|76\/100\n|-enditem|p2b: Goodra|Aguav Berry|[from] move: Knock Off|[of] p1b: Okidogi\n|move|p2b: Goodra|Ice Beam|p1b: Okidogi\n|-damage|p1b: Okidogi|80\/100\n|move|p2a: Garganacl|Salt Cure|p1b: Okidogi\n|-resisted|p1b: Okidogi\n|-damage|p1b: Okidogi|75\/100\n|-start|p1b: Okidogi|Salt Cure\n|\n|-heal|p1a: Milotic|90\/100|[from] item: Leftovers\n|-damage|p1b: Okidogi|63\/100|[from] Salt Cure\n|upkeep\n|turn|8\n|c|\u2606ilmina50|not my dog, nooo\n|c|\u2606ilmina50|dont make him too salty\n|inactive|madmikex100 has 120 seconds left.\n|\n|t:|1700251210\n|switch|p2b: Hippowdon|Hippowdon, M, shiny, tera:Grass|91\/100\n|-weather|Sandstorm|[from] ability: Sand Stream|[of] p2b: Hippowdon\n|move|p2a: Garganacl|Protect|p2a: Garganacl\n|-singleturn|p2a: Garganacl|Protect\n|move|p1a: Milotic|Scald|p2b: Hippowdon\n|-resisted|p2b: Hippowdon\n|-damage|p2b: Hippowdon|75\/100\n|move|p1b: Okidogi|Knock Off|p2a: Garganacl\n|-activate|p2a: Garganacl|move: Protect\n|\n|-weather|Sandstorm|[upkeep]\n|-damage|p1a: Milotic|84\/100|[from] Sandstorm\n|-damage|p1b: Okidogi|57\/100|[from] Sandstorm\n|-damage|p2b: Hippowdon|68\/100|[from] Sandstorm\n|-heal|p1a: Milotic|90\/100|[from] item: Leftovers\n|-heal|p2b: Hippowdon|75\/100|[from] item: Leftovers\n|-damage|p1b: Okidogi|44\/100|[from] Salt Cure\n|upkeep\n|turn|9\n|\n|t:|1700251225\n|move|p1a: Milotic|Ice Beam|p2b: Hippowdon\n|-supereffective|p2b: Hippowdon\n|-damage|p2b: Hippowdon|25\/100\n|move|p1b: Okidogi|Drain Punch|p2a: Garganacl\n|-supereffective|p2a: Garganacl\n|-damage|p2a: Garganacl|0 fnt\n|-heal|p1b: Okidogi|47\/100|[from] drain|[of] p2a: Garganacl\n|-damage|p1b: Okidogi|30\/100|[from] item: Rocky Helmet|[of] p2a: Garganacl\n|faint|p2a: Garganacl\n|move|p2b: Hippowdon|Body Press|p1a: Milotic\n|-damage|p1a: Milotic|68\/100\n|\n|-weather|Sandstorm|[upkeep]\n|-damage|p1a: Milotic|62\/100|[from] Sandstorm\n|-damage|p1b: Okidogi|24\/100|[from] Sandstorm\n|-damage|p2b: Hippowdon|19\/100|[from] Sandstorm\n|-heal|p1a: Milotic|68\/100|[from] item: Leftovers\n|-heal|p2b: Hippowdon|25\/100|[from] item: Leftovers\n|-damage|p1b: Okidogi|12\/100|[from] Salt Cure\n|upkeep\n|inactive|madmikex100 has 120 seconds left.\n|\n|t:|1700251242\n|switch|p2a: Goodra|Goodra-Hisui, F|76\/100\n|turn|10\n|\n|t:|1700251248\n|move|p1a: Milotic|Ice Beam|p2b: Hippowdon\n|-supereffective|p2b: Hippowdon\n|-damage|p2b: Hippowdon|0 fnt\n|faint|p2b: Hippowdon\n|move|p1b: Okidogi|Drain Punch|p2a: Goodra\n|-supereffective|p2a: Goodra\n|-damage|p2a: Goodra|20\/100\n|-heal|p1b: Okidogi|39\/100|[from] drain|[of] p2a: Goodra\n|move|p2a: Goodra|Ice Beam|p1b: Okidogi\n|-damage|p1b: Okidogi|21\/100\n|\n|-weather|Sandstorm|[upkeep]\n|-damage|p1a: Milotic|62\/100|[from] Sandstorm\n|-damage|p1b: Okidogi|15\/100|[from] Sandstorm\n|-heal|p1a: Milotic|68\/100|[from] item: Leftovers\n|-damage|p1b: Okidogi|2\/100|[from] Salt Cure\n|upkeep\n|turn|11\n|c|\u2606ilmina50|ggs my good man\n|\n|t:|1700251265\n|move|p1a: Milotic|Scald|p2a: Goodra\n|-resisted|p2a: Goodra\n|-damage|p2a: Goodra|9\/100\n|move|p1b: Okidogi|Drain Punch|p2a: Goodra\n|-supereffective|p2a: Goodra\n|-damage|p2a: Goodra|0 fnt\n|-heal|p1b: Okidogi|7\/100|[from] drain|[of] p2a: Goodra\n|faint|p2a: Goodra\n|\n|win|ilmina50\n|raw|ilmina50's rating: 1471 &rarr; <strong>1486<\/strong><br \/>(+15 for winning)\n|raw|madmikex100's rating: 1388 &rarr; <strong>1373<\/strong><br \/>(-15 for losing)\n|l|\u2606madmikex100\n","uploadtime":1700251282,"views":6,"p1id":"ilmina50","p2id":"madmikex100","formatid":"gen9doublesou","rating":1373,"private":0,"password":""}