{"id":"gen9doublesou-1972753517","p1":"Pizolitto","p2":"Scraggy12","format":"[Gen 9] Doubles OU","log":"|j|\u2606Pizolitto\n|j|\u2606Scraggy12\n|t:|1697890034\n|gametype|doubles\n|player|p1|Pizolitto|brycenman|1128\n|player|p2|Scraggy12|cilan|1062\n|teamsize|p1|6\n|teamsize|p2|6\n|gen|9\n|tier|[Gen 9] Doubles OU\n|rated|\n|rule|Species Clause: Limit one of each Pok\u00e9mon\n|rule|OHKO Clause: OHKO moves are banned\n|rule|Evasion Moves Clause: Evasion moves are banned\n|rule|Gravity Sleep Clause: The combination of sleep-inducing moves with imperfect accuracy and Gravity or Gigantamax Orbeetle are banned\n|rule|Endless Battle Clause: Forcing endless battles is banned\n|rule|HP Percentage Mod: HP is shown in percentages\n|clearpoke\n|poke|p1|Arcanine, M|\n|poke|p1|Gothitelle, M|\n|poke|p1|Chansey, F|\n|poke|p1|Glimmora, M|\n|poke|p1|Ting-Lu|\n|poke|p1|Wo-Chien|\n|poke|p2|Eiscue, M|\n|poke|p2|Gholdengo|\n|poke|p2|Abomasnow, M|\n|poke|p2|Delibird, M|\n|poke|p2|Cinderace, M|\n|poke|p2|Iron Hands|\n|teampreview\n|\n|t:|1697890040\n|start\n|switch|p1a: Glimmora|Glimmora, M|100\/100\n|switch|p1b: Arcanine|Arcanine, M|100\/100\n|switch|p2a: Eiscue|Eiscue, M|100\/100\n|switch|p2b: Delibird|Delibird, M|100\/100\n|-ability|p1b: Arcanine|Intimidate|boost\n|-unboost|p2a: Eiscue|atk|1\n|-unboost|p2b: Delibird|atk|1\n|turn|1\n|\n|t:|1697890057\n|-terastallize|p2a: Eiscue|Water\n|move|p1a: Glimmora|Toxic Spikes|p2b: Delibird\n|-sidestart|p2: Scraggy12|move: Toxic Spikes\n|move|p2b: Delibird|Tailwind|p2b: Delibird\n|-sidestart|p2: Scraggy12|move: Tailwind\n|move|p2a: Eiscue|Belly Drum|p2a: Eiscue\n|-damage|p2a: Eiscue|50\/100\n|-setboost|p2a: Eiscue|atk|6|[from] move: Belly Drum\n|-enditem|p2a: Eiscue|Sitrus Berry|[eat]\n|-heal|p2a: Eiscue|75\/100|[from] item: Sitrus Berry\n|move|p1b: Arcanine|Flamethrower|p2b: Delibird\n|-supereffective|p2b: Delibird\n|-damage|p2b: Delibird|0 fnt\n|faint|p2b: Delibird\n|\n|upkeep\n|\n|t:|1697890072\n|switch|p2b: Gholdengo|Gholdengo|100\/100\n|turn|2\n|\n|t:|1697890086\n|move|p2b: Gholdengo|Protect|p2b: Gholdengo\n|-singleturn|p2b: Gholdengo|Protect\n|move|p1a: Glimmora|Toxic Spikes|p2b: Gholdengo\n|-sidestart|p2: Scraggy12|move: Toxic Spikes\n|move|p2a: Eiscue|Waterfall|p1b: Arcanine\n|-supereffective|p1b: Arcanine\n|-damage|p1b: Arcanine|0 fnt\n|faint|p1b: Arcanine\n|\n|upkeep\n|\n|t:|1697890098\n|switch|p1b: Ting-Lu|Ting-Lu|100\/100\n|-ability|p1b: Ting-Lu|Vessel of Ruin\n|turn|3\n|\n|t:|1697890108\n|move|p2b: Gholdengo|Dazzling Gleam|p1b: Ting-Lu|[spread] p1a,p1b\n|-resisted|p1a: Glimmora\n|-supereffective|p1b: Ting-Lu\n|-damage|p1a: Glimmora|90\/100\n|-damage|p1b: Ting-Lu|77\/100\n|-damage|p2b: Gholdengo|91\/100|[from] item: Life Orb\n|move|p1a: Glimmora|Mortal Spin|p2b: Gholdengo|[spread] p2a\n|-immune|p2b: Gholdengo\n|-activate|p2a: Eiscue|ability: Ice Face\n|-damage|p2a: Eiscue|75\/100\n|-status|p2a: Eiscue|psn\n|detailschange|p2a: Eiscue|Eiscue-Noice, M, tera:Water\n|move|p2a: Eiscue|Waterfall|p1a: Glimmora\n|-supereffective|p1a: Glimmora\n|-damage|p1a: Glimmora|0 fnt\n|faint|p1a: Glimmora\n|move|p1b: Ting-Lu|Spikes|p2b: Gholdengo\n|-sidestart|p2: Scraggy12|Spikes\n|\n|-heal|p1b: Ting-Lu|83\/100|[from] item: Leftovers\n|-damage|p2a: Eiscue|63\/100 psn|[from] psn\n|upkeep\n|\n|t:|1697890129\n|switch|p1a: Gothitelle|Gothitelle, M|100\/100\n|-item|p2b: Gholdengo|Life Orb|[from] ability: Frisk|[of] p1a: Gothitelle|[identify]\n|turn|4\n|\n|t:|1697890139\n|move|p2a: Eiscue|Waterfall|p1b: Ting-Lu\n|-supereffective|p1b: Ting-Lu\n|-damage|p1b: Ting-Lu|0 fnt\n|faint|p1b: Ting-Lu\n|move|p2b: Gholdengo|Shadow Ball|p1a: Gothitelle\n|-supereffective|p1a: Gothitelle\n|-damage|p1a: Gothitelle|26\/100\n|-unboost|p1a: Gothitelle|spd|1\n|-damage|p2b: Gholdengo|81\/100|[from] item: Life Orb\n|move|p1a: Gothitelle|Psychic|p2b: Gholdengo\n|-resisted|p2b: Gholdengo\n|-damage|p2b: Gholdengo|63\/100\n|\n|-heal|p1a: Gothitelle|32\/100|[from] item: Leftovers\n|-damage|p2a: Eiscue|50\/100 psn|[from] psn\n|-sideend|p2: Scraggy12|move: Tailwind\n|upkeep\n|\n|t:|1697890156\n|switch|p1b: Wo-Chien|Wo-Chien|100\/100\n|-ability|p1b: Wo-Chien|Tablets of Ruin\n|turn|5\n|\n|t:|1697890165\n|move|p1a: Gothitelle|Protect|p1a: Gothitelle\n|-singleturn|p1a: Gothitelle|Protect\n|move|p2a: Eiscue|Ice Spinner|p1b: Wo-Chien\n|-supereffective|p1b: Wo-Chien\n|-damage|p1b: Wo-Chien|0 fnt\n|faint|p1b: Wo-Chien\n|move|p2b: Gholdengo|Shadow Ball|p1a: Gothitelle\n|-activate|p1a: Gothitelle|move: Protect\n|\n|-heal|p1a: Gothitelle|38\/100|[from] item: Leftovers\n|-damage|p2a: Eiscue|38\/100 psn|[from] psn\n|upkeep\n|\n|t:|1697890176\n|switch|p1b: Chansey|Chansey, F|100\/100\n|turn|6\n|\n|t:|1697890191\n|move|p2a: Eiscue|Waterfall|p1b: Chansey\n|-damage|p1b: Chansey|17\/100\n|move|p2b: Gholdengo|Shadow Ball|p1a: Gothitelle\n|-supereffective|p1a: Gothitelle\n|-damage|p1a: Gothitelle|0 fnt\n|faint|p1a: Gothitelle\n|-damage|p2b: Gholdengo|53\/100|[from] item: Life Orb\n|move|p1b: Chansey|Thunderbolt|p2a: Eiscue\n|-supereffective|p2a: Eiscue\n|-damage|p2a: Eiscue|4\/100 psn\n|\n|-damage|p2a: Eiscue|0 fnt|[from] psn\n|faint|p2a: Eiscue\n|upkeep\n|\n|t:|1697890206\n|switch|p2a: Abomasnow|Abomasnow, M|100\/100\n|-status|p2a: Abomasnow|tox\n|-damage|p2a: Abomasnow|88\/100 tox|[from] Spikes\n|-weather|Snow|[from] ability: Snow Warning|[of] p2a: Abomasnow\n|turn|7\n|\n|t:|1697890217\n|move|p2b: Gholdengo|Make It Rain|p1b: Chansey\n|-crit|p1b: Chansey\n|-damage|p1b: Chansey|0 fnt\n|-unboost|p2b: Gholdengo|spa|1\n|faint|p1b: Chansey\n|-damage|p2b: Gholdengo|43\/100|[from] item: Life Orb\n|\n|win|Scraggy12\n|raw|Pizolitto's rating: 1128 &rarr; <strong>1098<\/strong><br \/>(-30 for losing)\n|raw|Scraggy12's rating: 1062 &rarr; <strong>1098<\/strong><br \/>(+36 for winning)\n","uploadtime":1697890227,"views":21,"p1id":"pizolitto","p2id":"scraggy12","formatid":"gen9doublesou","rating":1098,"private":0,"password":""}