{"id":"gen9doublesou-1990900350","p1":"bruhschetta","p2":"Gasgar4","format":"[Gen 9] Doubles OU","log":"|j|\u2606bruhschetta\n|j|\u2606Gasgar4\n|t:|1700012989\n|gametype|doubles\n|player|p1|bruhschetta|psychicf-gen4|1680\n|player|p2|Gasgar4|ghetsis|1643\n|teamsize|p1|6\n|teamsize|p2|6\n|gen|9\n|tier|[Gen 9] Doubles OU\n|rated|\n|rule|Species Clause: Limit one of each Pok\u00e9mon\n|rule|OHKO Clause: OHKO moves are banned\n|rule|Evasion Moves Clause: Evasion moves are banned\n|rule|Gravity Sleep Clause: The combination of sleep-inducing moves with imperfect accuracy and Gravity or Gigantamax Orbeetle are banned\n|rule|Endless Battle Clause: Forcing endless battles is banned\n|rule|HP Percentage Mod: HP is shown in percentages\n|clearpoke\n|poke|p1|Ting-Lu|\n|poke|p1|Heatran, F|\n|poke|p1|Sinistcha|\n|poke|p1|Palafin, F|\n|poke|p1|Rillaboom, F|\n|poke|p1|Diancie|\n|poke|p2|Dragonite, M|\n|poke|p2|Rillaboom, F|\n|poke|p2|Ursaluna-Bloodmoon, M|\n|poke|p2|Chien-Pao|\n|poke|p2|Landorus, M|\n|poke|p2|Dragapult, F|\n|teampreview\n|inactive|Battle timer is ON: inactive players will automatically lose when time's up. (requested by Gasgar4)\n|inactive|Gasgar4 has 120 seconds left.\n|\n|t:|1700013022\n|start\n|switch|p1a: Heatran|Heatran, F|100\/100\n|switch|p1b: Rillaboom|Rillaboom, F|100\/100\n|switch|p2a: Dragapult|Dragapult, F|100\/100\n|switch|p2b: Rillaboom|Rillaboom, F|100\/100\n|-fieldstart|move: Grassy Terrain|[from] ability: Grassy Surge|[of] p1b: Rillaboom\n|turn|1\n|\n|t:|1700013043\n|move|p1b: Rillaboom|Fake Out|p2b: Rillaboom\n|-damage|p2b: Rillaboom|89\/100\n|cant|p2b: Rillaboom|flinch\n|move|p2a: Dragapult|Dragon Dance|p2a: Dragapult\n|-boost|p2a: Dragapult|atk|1\n|-boost|p2a: Dragapult|spe|1\n|move|p1a: Heatran|Heat Wave|p2b: Rillaboom|[spread] p2a,p2b\n|-resisted|p2a: Dragapult\n|-supereffective|p2b: Rillaboom\n|-damage|p2a: Dragapult|72\/100\n|-damage|p2b: Rillaboom|37\/100\n|-status|p2a: Dragapult|brn\n|\n|-heal|p2a: Dragapult|78\/100 brn|[from] Grassy Terrain\n|-heal|p2b: Rillaboom|43\/100|[from] Grassy Terrain\n|-damage|p2a: Dragapult|72\/100 brn|[from] brn\n|upkeep\n|turn|2\n|\n|t:|1700013068\n|move|p2a: Dragapult|Dragon Dance|p2a: Dragapult\n|-boost|p2a: Dragapult|atk|1\n|-boost|p2a: Dragapult|spe|1\n|move|p1b: Rillaboom|U-turn|p2a: Dragapult\n|-resisted|p2a: Dragapult\n|-damage|p2a: Dragapult|58\/100 brn\n|\n|t:|1700013074\n|switch|p1b: Diancie|Diancie|100\/100|[from] U-turn\n|move|p2b: Rillaboom|U-turn|p1b: Diancie\n|-resisted|p1b: Diancie\n|-damage|p1b: Diancie|91\/100\n|\n|t:|1700013081\n|switch|p2b: Landorus|Landorus, M|100\/100|[from] U-turn\n|move|p1a: Heatran|Flash Cannon|p2a: Dragapult\n|-damage|p2a: Dragapult|0 fnt\n|faint|p2a: Dragapult\n|\n|-heal|p1b: Diancie|97\/100|[from] Grassy Terrain\n|upkeep\n|\n|t:|1700013094\n|switch|p2a: Ursaluna|Ursaluna-Bloodmoon, M|100\/100\n|turn|3\n|\n|t:|1700013118\n|-terastallize|p1a: Heatran|Grass\n|move|p1b: Diancie|Protect|p1b: Diancie\n|-singleturn|p1b: Diancie|Protect\n|move|p2b: Landorus|Earth Power|p1b: Diancie\n|-activate|p1b: Diancie|move: Protect\n|move|p1a: Heatran|Tera Blast|p2a: Ursaluna|[anim] Tera Blast Grass\n|-supereffective|p2a: Ursaluna\n|-damage|p2a: Ursaluna|10\/100\n|move|p2a: Ursaluna|Earth Power|p1a: Heatran\n|-resisted|p1a: Heatran\n|-damage|p1a: Heatran|87\/100\n|\n|-heal|p1a: Heatran|93\/100|[from] Grassy Terrain\n|-heal|p2a: Ursaluna|16\/100|[from] Grassy Terrain\n|-heal|p1b: Diancie|100\/100|[from] Grassy Terrain\n|upkeep\n|turn|4\n|\n|t:|1700013142\n|switch|p1b: Sinistcha|Sinistcha|100\/100\n|move|p2b: Landorus|Sludge Bomb|p1a: Heatran\n|-supereffective|p1a: Heatran\n|-damage|p1a: Heatran|35\/100\n|move|p1a: Heatran|Heat Wave|p2b: Landorus|[spread] p2a,p2b\n|-damage|p2a: Ursaluna|0 fnt\n|-damage|p2b: Landorus|48\/100\n|faint|p2a: Ursaluna\n|\n|-heal|p1a: Heatran|42\/100|[from] Grassy Terrain\n|upkeep\n|\n|t:|1700013154\n|switch|p2a: Chien-Pao|Chien-Pao|100\/100\n|-ability|p2a: Chien-Pao|Sword of Ruin\n|turn|5\n|\n|t:|1700013172\n|move|p2a: Chien-Pao|Ice Spinner|p1b: Sinistcha\n|-supereffective|p1b: Sinistcha\n|-crit|p1b: Sinistcha\n|-damage|p1b: Sinistcha|0 fnt\n|-fieldend|move: Grassy Terrain\n|faint|p1b: Sinistcha\n|move|p2b: Landorus|Sludge Bomb|p1a: Heatran\n|-supereffective|p1a: Heatran\n|-damage|p1a: Heatran|0 fnt\n|faint|p1a: Heatran\n|\n|upkeep\n|\n|t:|1700013183\n|switch|p1a: Rillaboom|Rillaboom, F|100\/100\n|switch|p1b: Palafin|Palafin, F|100\/100\n|-fieldstart|move: Grassy Terrain|[from] ability: Grassy Surge|[of] p1a: Rillaboom\n|turn|6\n|\n|t:|1700013199\n|move|p2a: Chien-Pao|Protect|p2a: Chien-Pao\n|-singleturn|p2a: Chien-Pao|Protect\n|move|p2b: Landorus|Protect|p2b: Landorus\n|-singleturn|p2b: Landorus|Protect\n|move|p1a: Rillaboom|Fake Out|p2a: Chien-Pao\n|-activate|p2a: Chien-Pao|move: Protect\n|move|p1b: Palafin|Jet Punch|p2b: Landorus\n|-activate|p2b: Landorus|move: Protect\n|\n|upkeep\n|turn|7\n|j| Stealth Croc\n|inactive|bruhschetta has 120 seconds left.\n|\n|t:|1700013238\n|switch|p2b: Rillaboom|Rillaboom, F|43\/100\n|move|p1b: Palafin|Jet Punch|p2b: Rillaboom\n|-resisted|p2b: Rillaboom\n|-damage|p2b: Rillaboom|33\/100\n|move|p2a: Chien-Pao|Ice Spinner|p1a: Rillaboom\n|-supereffective|p1a: Rillaboom\n|-crit|p1a: Rillaboom\n|-damage|p1a: Rillaboom|0 fnt\n|-fieldend|move: Grassy Terrain\n|faint|p1a: Rillaboom\n|\n|upkeep\n|\n|t:|1700013251\n|switch|p1a: Diancie|Diancie|100\/100\n|turn|8\n|\n|t:|1700013262\n|detailschange|p1b: Palafin|Palafin-Hero, F\n|switch|p1b: Ting-Lu|Ting-Lu|100\/100\n|-ability|p1b: Ting-Lu|Vessel of Ruin\n|move|p1a: Diancie|Protect|p1a: Diancie\n|-singleturn|p1a: Diancie|Protect\n|move|p2a: Chien-Pao|Sucker Punch||[still]\n|-fail|p2a: Chien-Pao\n|move|p2b: Rillaboom|Wood Hammer|p1a: Diancie\n|-activate|p1a: Diancie|move: Protect\n|\n|upkeep\n|turn|9\n|inactive|bruhschetta has 120 seconds left.\n|\n|t:|1700013296\n|move|p2a: Chien-Pao|Ice Spinner|p1b: Ting-Lu\n|-supereffective|p1b: Ting-Lu\n|-damage|p1b: Ting-Lu|35\/100\n|move|p2b: Rillaboom|Wood Hammer|p1b: Ting-Lu\n|-supereffective|p1b: Ting-Lu\n|-damage|p1b: Ting-Lu|0 fnt\n|faint|p1b: Ting-Lu\n|-damage|p2b: Rillaboom|20\/100|[from] Recoil\n|move|p1a: Diancie|Diamond Storm|p2a: Chien-Pao|[spread] p2a\n|-miss|p1a: Diancie|p2b: Rillaboom\n|-supereffective|p2a: Chien-Pao\n|-damage|p2a: Chien-Pao|9\/100\n|-boost|p1a: Diancie|def|2\n|\n|upkeep\n|inactive|bruhschetta has 120 seconds left.\n|\n|t:|1700013302\n|switch|p1b: Palafin|Palafin-Hero, F|100\/100\n|-activate|p1b: Palafin|ability: Zero to Hero\n|turn|10\n|\n|t:|1700013313\n|switch|p2b: Dragonite|Dragonite, M|100\/100\n|move|p2a: Chien-Pao|Sucker Punch|p1b: Palafin\n|-damage|p1b: Palafin|56\/100\n|move|p1b: Palafin|Jet Punch|p2b: Dragonite\n|-resisted|p2b: Dragonite\n|-damage|p2b: Dragonite|80\/100\n|move|p1a: Diancie|Trick Room|p1a: Diancie\n|-fieldstart|move: Trick Room|[of] p1a: Diancie\n|\n|-heal|p1b: Palafin|62\/100|[from] item: Leftovers\n|upkeep\n|turn|11\n|\n|t:|1700013328\n|-terastallize|p2b: Dragonite|Normal\n|move|p2a: Chien-Pao|Protect|p2a: Chien-Pao\n|-singleturn|p2a: Chien-Pao|Protect\n|move|p2b: Dragonite|Extreme Speed|p1b: Palafin\n|-damage|p1b: Palafin|0 fnt\n|faint|p1b: Palafin\n|move|p1a: Diancie|Diamond Storm|p2b: Dragonite|[spread] p2b\n|-activate|p2a: Chien-Pao|move: Protect\n|-damage|p2b: Dragonite|43\/100\n|-boost|p1a: Diancie|def|2\n|\n|upkeep\n|turn|12\n|\n|t:|1700013346\n|move|p2b: Dragonite|Extreme Speed|p1a: Diancie\n|-resisted|p1a: Diancie\n|-damage|p1a: Diancie|89\/100\n|move|p2a: Chien-Pao|Sucker Punch|p1a: Diancie\n|-resisted|p1a: Diancie\n|-damage|p1a: Diancie|82\/100\n|move|p1a: Diancie|Diamond Storm|p2b: Dragonite|[spread] p2a,p2b\n|-supereffective|p2a: Chien-Pao\n|-damage|p2a: Chien-Pao|0 fnt\n|-damage|p2b: Dragonite|2\/100\n|faint|p2a: Chien-Pao\n|\n|upkeep\n|\n|t:|1700013358\n|switch|p2a: Rillaboom|Rillaboom, F|20\/100\n|-fieldstart|move: Grassy Terrain|[from] ability: Grassy Surge|[of] p2a: Rillaboom\n|turn|13\n|\n|t:|1700013366\n|switch|p2b: Landorus|Landorus, M|48\/100\n|move|p2a: Rillaboom|Fake Out|p1a: Diancie\n|-resisted|p1a: Diancie\n|-damage|p1a: Diancie|80\/100\n|cant|p1a: Diancie|flinch\n|\n|-heal|p1a: Diancie|86\/100|[from] Grassy Terrain\n|-heal|p2a: Rillaboom|26\/100|[from] Grassy Terrain\n|upkeep\n|turn|14\n|\n|t:|1700013381\n|switch|p2a: Dragonite|Dragonite, M, tera:Normal|2\/100\n|move|p2b: Landorus|Protect|p2b: Landorus\n|-singleturn|p2b: Landorus|Protect\n|move|p1a: Diancie|Body Press|p2a: Dragonite\n|-supereffective|p2a: Dragonite\n|-damage|p2a: Dragonite|0 fnt\n|faint|p2a: Dragonite\n|\n|-heal|p1a: Diancie|93\/100|[from] Grassy Terrain\n|-fieldend|move: Trick Room\n|upkeep\n|\n|t:|1700013393\n|switch|p2a: Rillaboom|Rillaboom, F|26\/100\n|turn|15\n|c|\u2606bruhschetta|gg\n|\n|t:|1700013408\n|move|p2a: Rillaboom|Fake Out|p1a: Diancie\n|-resisted|p1a: Diancie\n|-damage|p1a: Diancie|91\/100\n|move|p2b: Landorus|Substitute|p2b: Landorus\n|-start|p2b: Landorus|Substitute\n|-damage|p2b: Landorus|23\/100\n|cant|p1a: Diancie|flinch\n|\n|-heal|p2a: Rillaboom|32\/100|[from] Grassy Terrain\n|-heal|p1a: Diancie|97\/100|[from] Grassy Terrain\n|upkeep\n|turn|16\n|\n|t:|1700013419\n|move|p2b: Landorus|Earth Power|p1a: Diancie\n|-supereffective|p1a: Diancie\n|-damage|p1a: Diancie|0 fnt\n|faint|p1a: Diancie\n|\n|win|Gasgar4\n|raw|bruhschetta's rating: 1680 &rarr; <strong>1658<\/strong><br \/>(-22 for losing)\n|raw|Gasgar4's rating: 1643 &rarr; <strong>1665<\/strong><br \/>(+22 for winning)\n|l| Stealth Croc\n","uploadtime":1700013435,"views":17,"p1id":"bruhschetta","p2id":"gasgar4","formatid":"gen9doublesou","rating":1658,"private":0,"password":""}