{"id":"gen9doublesou-1967955316","p1":"JacobDC32","p2":"dubs 4 life","format":"[Gen 9] Doubles OU","log":"|html|<div class=\"broadcast-blue\"><strong>[Gen 9] Doubles OU is currently suspecting Basculegion & Flutter Mane! For information on how to participate check out the <a href=\"https:\/\/www.smogon.com\/forums\/threads\/np-sv-dou-stage-8-double-trouble.3729153\/\">suspect thread<\/a>.<\/strong><\/div>\n|j|\u2606JacobDC32\n|j|\u2606dubs 4 life\n|t:|1697364846\n|gametype|doubles\n|player|p1|JacobDC32|cynthia|1264\n|player|p2|dubs 4 life|clown|1294\n|teamsize|p1|6\n|teamsize|p2|6\n|gen|9\n|tier|[Gen 9] Doubles OU\n|rated|\n|rule|Species Clause: Limit one of each Pok\u00e9mon\n|rule|OHKO Clause: OHKO moves are banned\n|rule|Evasion Moves Clause: Evasion moves are banned\n|rule|Gravity Sleep Clause: The combination of sleep-inducing moves with imperfect accuracy and Gravity or Gigantamax Orbeetle are banned\n|rule|Endless Battle Clause: Forcing endless battles is banned\n|rule|HP Percentage Mod: HP is shown in percentages\n|clearpoke\n|poke|p1|Iron Hands|\n|poke|p1|Tornadus, M|\n|poke|p1|Gliscor, F|\n|poke|p1|Amoonguss, M|\n|poke|p1|Arcanine-Hisui, F|\n|poke|p1|Sinistcha|\n|poke|p2|Ting-Lu|\n|poke|p2|Lucario, M|\n|poke|p2|Flutter Mane|\n|poke|p2|Ursaluna-Bloodmoon, M|\n|poke|p2|Munkidori, M|\n|poke|p2|Palafin, F|\n|teampreview\n|inactive|Battle timer is ON: inactive players will automatically lose when time's up. (requested by dubs 4 life)\n|\n|t:|1697364866\n|start\n|switch|p1a: Gliscor|Gliscor, F|100\/100\n|switch|p1b: Tornadus|Tornadus, M|100\/100\n|switch|p2a: Palafin|Palafin, F|100\/100\n|switch|p2b: MonkeyDora|Munkidori, M|100\/100\n|turn|1\n|\n|t:|1697364886\n|move|p2a: Palafin|Protect|p2a: Palafin\n|-singleturn|p2a: Palafin|Protect\n|move|p1a: Gliscor|Protect|p1a: Gliscor\n|-singleturn|p1a: Gliscor|Protect\n|move|p1b: Tornadus|Tailwind|p1b: Tornadus\n|-sidestart|p1: JacobDC32|move: Tailwind\n|move|p2b: MonkeyDora|Psychic|p1b: Tornadus\n|-damage|p1b: Tornadus|32\/100\n|\n|-status|p1a: Gliscor|tox|[from] item: Toxic Orb\n|upkeep\n|turn|2\n|\n|t:|1697364911\n|switch|p1a: Sinistcha|Sinistcha|100\/100\n|-heal|p1b: Tornadus|57\/100|[from] ability: Hospitality|[of] p1a: Sinistcha\n|detailschange|p2a: Palafin|Palafin-Hero, F\n|switch|p2a: UrSoLuna|Ursaluna-Bloodmoon, M|100\/100\n|move|p2b: MonkeyDora|Protect|p2b: MonkeyDora\n|-singleturn|p2b: MonkeyDora|Protect\n|move|p1b: Tornadus|Bleakwind Storm|p2b: MonkeyDora|[spread] \n|-activate|p2b: MonkeyDora|move: Protect\n|-miss|p1b: Tornadus|p2a: UrSoLuna\n|\n|upkeep\n|turn|3\n|\n|t:|1697364936\n|switch|p1b: Iron Hands|Iron Hands|100\/100\n|move|p1a: Sinistcha|Matcha Gotcha|p2b: MonkeyDora|[spread] p2a\n|-miss|p1a: Sinistcha|p2b: MonkeyDora\n|-supereffective|p2a: UrSoLuna\n|-damage|p2a: UrSoLuna|69\/100\n|move|p2b: MonkeyDora|Psychic|p1b: Iron Hands\n|-supereffective|p1b: Iron Hands\n|-damage|p1b: Iron Hands|37\/100\n|-status|p1b: Iron Hands|tox|[from] ability: Toxic Chain|[of] p2b: MonkeyDora\n|move|p2a: UrSoLuna|Blood Moon|p1a: Sinistcha\n|-damage|p1a: Sinistcha|4\/100\n|\n|-damage|p1b: Iron Hands|31\/100 tox|[from] psn\n|upkeep\n|turn|4\n|inactive|dubs 4 life has 120 seconds left.\n|\n|t:|1697364968\n|move|p1b: Iron Hands|Fake Out|p2b: MonkeyDora\n|-damage|p2b: MonkeyDora|74\/100\n|move|p1a: Sinistcha|Strength Sap|p2a: UrSoLuna\n|-unboost|p2a: UrSoLuna|atk|1\n|-heal|p1a: Sinistcha|42\/100\n|cant|p2b: MonkeyDora|flinch\n|move|p2a: UrSoLuna|Moonblast|p1b: Iron Hands\n|-supereffective|p1b: Iron Hands\n|-damage|p1b: Iron Hands|0 fnt\n|faint|p1b: Iron Hands\n|-end|p1b: Iron Hands|Quark Drive|[silent]\n|\n|-sideend|p1: JacobDC32|move: Tailwind\n|upkeep\n|inactive|JacobDC32 has 120 seconds left.\n|\n|t:|1697364985\n|switch|p1b: Arcanine|Arcanine-Hisui, F|100\/100\n|-ability|p1b: Arcanine|Intimidate|boost\n|-unboost|p2a: UrSoLuna|atk|1\n|-unboost|p2b: MonkeyDora|atk|1\n|turn|5\n|\n|t:|1697364994\n|switch|p1a: Gliscor|Gliscor, F|100\/100 tox\n|move|p2b: MonkeyDora|Protect|p2b: MonkeyDora\n|-singleturn|p2b: MonkeyDora|Protect\n|move|p1b: Arcanine|Flare Blitz|p2b: MonkeyDora\n|-activate|p2b: MonkeyDora|move: Protect\n|move|p2a: UrSoLuna|Earth Power|p1b: Arcanine\n|-supereffective|p1b: Arcanine\n|-damage|p1b: Arcanine|0 fnt\n|faint|p1b: Arcanine\n|\n|upkeep\n|-message|JacobDC32 forfeited.\n|\n|win|dubs 4 life\n|raw|JacobDC32's rating: 1264 &rarr; <strong>1241<\/strong><br \/>(-23 for losing)\n|raw|dubs 4 life's rating: 1294 &rarr; <strong>1317<\/strong><br \/>(+23 for winning)\n|l|\u2606JacobDC32\n","uploadtime":1697365014,"views":16,"p1id":"jacobdc32","p2id":"dubs4life","formatid":"gen9doublesou","rating":1241,"private":0,"password":""}