{"id":"gen9doublesou-1980502540","p1":"PKFIRE64","p2":"ityourboi5","format":"[Gen 9] Doubles OU","log":"|j|\u2606PKFIRE64\n|j|\u2606ityourboi5\n|t:|1698791164\n|gametype|doubles\n|player|p1|PKFIRE64|265|1192\n|player|p2|ityourboi5|266|1297\n|teamsize|p1|6\n|teamsize|p2|6\n|gen|9\n|tier|[Gen 9] Doubles OU\n|rated|\n|rule|Species Clause: Limit one of each Pok\u00e9mon\n|rule|OHKO Clause: OHKO moves are banned\n|rule|Evasion Moves Clause: Evasion moves are banned\n|rule|Gravity Sleep Clause: The combination of sleep-inducing moves with imperfect accuracy and Gravity or Gigantamax Orbeetle are banned\n|rule|Endless Battle Clause: Forcing endless battles is banned\n|rule|HP Percentage Mod: HP is shown in percentages\n|clearpoke\n|poke|p1|Gengar, M|\n|poke|p1|Tinkaton, F|\n|poke|p1|Torkoal, F|\n|poke|p1|Great Tusk|\n|poke|p1|Garganacl, M|\n|poke|p1|Lilligant, F|\n|poke|p2|Farigiraf, M|\n|poke|p2|Ursaluna-Bloodmoon, M|\n|poke|p2|Fezandipiti, M|\n|poke|p2|Volcanion|\n|poke|p2|Gholdengo|\n|poke|p2|Kleavor, M|\n|teampreview\n|c|\u2606ityourboi5|gl\n|\n|t:|1698791200\n|start\n|switch|p1a: Great Tusk|Great Tusk|100\/100\n|switch|p1b: Tinkaton|Tinkaton, F|100\/100\n|switch|p2a: Farigiraf|Farigiraf, M|100\/100\n|switch|p2b: Kleavor|Kleavor, M|100\/100\n|-ability|p1b: Tinkaton|Mold Breaker\n|turn|1\n|\n|t:|1698791215\n|-terastallize|p1a: Great Tusk|Bug\n|move|p1b: Tinkaton|Fake Out|p2a: Farigiraf\n|-damage|p2a: Farigiraf|88\/100\n|-damage|p1b: Tinkaton|91\/100|[from] item: Life Orb\n|move|p1a: Great Tusk|Megahorn|p2a: Farigiraf\n|-supereffective|p2a: Farigiraf\n|-damage|p2a: Farigiraf|0 fnt\n|faint|p2a: Farigiraf\n|move|p2b: Kleavor|Stone Axe|p1a: Great Tusk\n|-supereffective|p1a: Great Tusk\n|-damage|p1a: Great Tusk|14\/100\n|-sidestart|p1: PKFIRE64|move: Stealth Rock\n|\n|upkeep\n|\n|t:|1698791234\n|switch|p2a: Volcanion|Volcanion|100\/100\n|turn|2\n|\n|t:|1698791248\n|-end|p1a: Great Tusk|Protosynthesis|[silent]\n|switch|p1a: Torkoal|Torkoal, F|100\/100\n|-damage|p1a: Torkoal|75\/100|[from] Stealth Rock\n|-weather|SunnyDay|[from] ability: Drought|[of] p1a: Torkoal\n|move|p1b: Tinkaton|Gigaton Hammer|p2b: Kleavor\n|-supereffective|p2b: Kleavor\n|-damage|p2b: Kleavor|0 fnt\n|faint|p2b: Kleavor\n|-damage|p1b: Tinkaton|81\/100|[from] item: Life Orb\n|move|p2a: Volcanion|Flamethrower|p1b: Tinkaton\n|-supereffective|p1b: Tinkaton\n|-damage|p1b: Tinkaton|0 fnt\n|faint|p1b: Tinkaton\n|\n|-weather|SunnyDay|[upkeep]\n|upkeep\n|\n|t:|1698791265\n|switch|p1b: Lilligant|Lilligant, F|100\/100\n|switch|p2b: Fezandipiti|Fezandipiti, M|100\/100\n|-damage|p1b: Lilligant|88\/100|[from] Stealth Rock\n|turn|3\n|\n|t:|1698791277\n|move|p1b: Lilligant|Solar Beam||[still]\n|-prepare|p1b: Lilligant|Solar Beam\n|-anim|p1b: Lilligant|Solar Beam|p2a: Volcanion\n|-crit|p2a: Volcanion\n|-damage|p2a: Volcanion|0 fnt\n|faint|p2a: Volcanion\n|move|p2b: Fezandipiti|Nasty Plot|p2b: Fezandipiti\n|-boost|p2b: Fezandipiti|spa|2\n|move|p1a: Torkoal|Rapid Spin|p2b: Fezandipiti\n|-damage|p2b: Fezandipiti|89\/100\n|-boost|p1a: Torkoal|spe|1\n|-sideend|p1: PKFIRE64|Stealth Rock|[from] move: Rapid Spin|[of] p1a: Torkoal\n|\n|-weather|SunnyDay|[upkeep]\n|upkeep\n|\n|t:|1698791291\n|switch|p2a: Ursaluna|Ursaluna-Bloodmoon, M|100\/100\n|turn|4\n|\n|t:|1698791306\n|move|p1b: Lilligant|Solar Beam||[still]\n|-prepare|p1b: Lilligant|Solar Beam\n|-anim|p1b: Lilligant|Solar Beam|p2a: Ursaluna\n|-supereffective|p2a: Ursaluna\n|-damage|p2a: Ursaluna|8\/100\n|move|p2b: Fezandipiti|Heat Wave|p1a: Torkoal|[spread] p1b\n|-miss|p2b: Fezandipiti|p1a: Torkoal\n|-supereffective|p1b: Lilligant\n|-damage|p1b: Lilligant|0 fnt\n|faint|p1b: Lilligant\n|move|p2a: Ursaluna|Earth Power|p1a: Torkoal\n|-supereffective|p1a: Torkoal\n|-damage|p1a: Torkoal|0 fnt\n|faint|p1a: Torkoal\n|\n|-weather|SunnyDay|[upkeep]\n|upkeep\n|\n|t:|1698791325\n|switch|p1b: Garganacl|Garganacl, M|100\/100\n|switch|p1a: Gengar|Gengar, M|100\/100\n|turn|5\n|\n|t:|1698791340\n|move|p1a: Gengar|Sludge Bomb|p2a: Ursaluna\n|-resisted|p2a: Ursaluna\n|-damage|p2a: Ursaluna|0 fnt\n|faint|p2a: Ursaluna\n|move|p2b: Fezandipiti|Heat Wave|p1a: Gengar|[spread] p1a,p1b\n|-resisted|p1b: Garganacl\n|-damage|p1a: Gengar|36\/100\n|-damage|p1b: Garganacl|74\/100\n|move|p1b: Garganacl|Rock Polish|p1b: Garganacl\n|-boost|p1b: Garganacl|spe|2\n|\n|-weather|SunnyDay|[upkeep]\n|-heal|p1a: Gengar|42\/100|[from] item: Leftovers\n|upkeep\n|\n|t:|1698791352\n|switch|p2a: Gholdengo|Gholdengo|100\/100\n|turn|6\n|\n|t:|1698791375\n|move|p1b: Garganacl|Rock Slide|p2a: Gholdengo|[spread] p2b\n|-miss|p1b: Garganacl|p2a: Gholdengo\n|-enditem|p1b: Garganacl|Blunder Policy\n|-boost|p1b: Garganacl|spe|2\n|-damage|p2b: Fezandipiti|66\/100\n|move|p1a: Gengar|Clear Smog|p2b: Fezandipiti\n|-damage|p2b: Fezandipiti|47\/100\n|-clearboost|p2b: Fezandipiti\n|move|p2b: Fezandipiti|Heat Wave|p1a: Gengar|[spread] p1a\n|-miss|p2b: Fezandipiti|p1b: Garganacl\n|-damage|p1a: Gengar|7\/100\n|move|p2a: Gholdengo|Dazzling Gleam|p1a: Gengar|[spread] p1a,p1b\n|-resisted|p1a: Gengar\n|-damage|p1a: Gengar|0 fnt\n|-damage|p1b: Garganacl|51\/100\n|faint|p1a: Gengar\n|\n|-weather|none\n|upkeep\n|\n|t:|1698791392\n|switch|p1a: Great Tusk|Great Tusk, tera:Bug|14\/100\n|turn|7\n|\n|t:|1698791407\n|move|p1b: Garganacl|Zen Headbutt|p2b: Fezandipiti\n|-supereffective|p2b: Fezandipiti\n|-damage|p2b: Fezandipiti|0 fnt\n|faint|p2b: Fezandipiti\n|move|p1a: Great Tusk|Headlong Rush|p2a: Gholdengo\n|-supereffective|p2a: Gholdengo\n|-damage|p2a: Gholdengo|2\/100\n|-unboost|p1a: Great Tusk|def|1\n|-unboost|p1a: Great Tusk|spd|1\n|-enditem|p1a: Great Tusk|White Herb\n|-clearnegativeboost|p1a: Great Tusk|[silent]\n|move|p2a: Gholdengo|Make It Rain|p1a: Great Tusk|[spread] p1a,p1b\n|-supereffective|p1b: Garganacl\n|-damage|p1a: Great Tusk|0 fnt\n|-damage|p1b: Garganacl|0 fnt\n|-unboost|p2a: Gholdengo|spa|1\n|faint|p1a: Great Tusk\n|-end|p1a: Great Tusk|Protosynthesis|[silent]\n|faint|p1b: Garganacl\n|\n|win|ityourboi5\n|raw|PKFIRE64's rating: 1192 &rarr; <strong>1174<\/strong><br \/>(-18 for losing)\n|raw|ityourboi5's rating: 1297 &rarr; <strong>1315<\/strong><br \/>(+18 for winning)\n|c|\u2606ityourboi5|gg\n|c|\u2606PKFIRE64|gg\n|l|\u2606PKFIRE64\n","uploadtime":1698791448,"views":13,"p1id":"pkfire64","p2id":"ityourboi5","formatid":"gen9doublesou","rating":1174,"private":0,"password":""}