{"id":"gen9doublesou-1999738328","p1":"HomerGyatt","p2":"Amogusmemer","format":"[Gen 9] Doubles OU","log":"|j|\u2606HomerGyatt\n|j|\u2606Amogusmemer\n|t:|1701112329\n|gametype|doubles\n|player|p1|HomerGyatt|flint|\n|player|p2|Amogusmemer|buck|\n|teamsize|p1|6\n|teamsize|p2|6\n|gen|9\n|tier|[Gen 9] Doubles OU\n|rule|Species Clause: Limit one of each Pok\u00e9mon\n|rule|OHKO Clause: OHKO moves are banned\n|rule|Evasion Moves Clause: Evasion moves are banned\n|rule|Gravity Sleep Clause: The combination of sleep-inducing moves with imperfect accuracy and Gravity or Gigantamax Orbeetle are banned\n|rule|Endless Battle Clause: Forcing endless battles is banned\n|rule|HP Percentage Mod: HP is shown in percentages\n|clearpoke\n|poke|p1|Haxorus, M|\n|poke|p1|Slowking-Galar, M|\n|poke|p1|Ribombee, M|\n|poke|p1|Pelipper, M|\n|poke|p1|Ludicolo, M|\n|poke|p1|Beartic, F|\n|poke|p2|Ambipom, F|\n|poke|p2|Coalossal, F|\n|poke|p2|Clefable, M|\n|poke|p2|Tinkaton, F|\n|poke|p2|Dragapult, M|\n|poke|p2|Murkrow, M|\n|teampreview\n|\n|t:|1701112336\n|start\n|switch|p1a: Ribombee|Ribombee, M|100\/100\n|switch|p1b: Slowking|Slowking-Galar, M|100\/100\n|switch|p2a: Clefable|Clefable, M|100\/100\n|switch|p2b: Coalossal|Coalossal, F|100\/100\n|turn|1\n|\n|t:|1701112347\n|move|p1a: Ribombee|Sticky Web|p2a: Clefable\n|-sidestart|p2: Amogusmemer|move: Sticky Web\n|move|p2b: Coalossal|Heat Wave|p1b: Slowking|[spread] p1a,p1b\n|-supereffective|p1a: Ribombee\n|-damage|p1a: Ribombee|6\/100\n|-damage|p1b: Slowking|75\/100\n|move|p2a: Clefable|Sunny Day|p2a: Clefable\n|-weather|SunnyDay\n|move|p1b: Slowking|Calm Mind|p1b: Slowking\n|-boost|p1b: Slowking|spa|1\n|-boost|p1b: Slowking|spd|1\n|\n|-weather|SunnyDay|[upkeep]\n|-heal|p1b: Slowking|81\/100|[from] item: Leftovers\n|upkeep\n|turn|2\n|\n|t:|1701112367\n|move|p1a: Ribombee|Moonblast|p2a: Clefable\n|-damage|p2a: Clefable|58\/100\n|move|p2b: Coalossal|Heat Wave|p1a: Ribombee|[spread] p1a,p1b\n|-supereffective|p1a: Ribombee\n|-damage|p1a: Ribombee|0 fnt\n|-damage|p1b: Slowking|59\/100\n|faint|p1a: Ribombee\n|move|p2a: Clefable|Chilling Water|p2b: Coalossal\n|-supereffective|p2b: Coalossal\n|-damage|p2b: Coalossal|72\/100\n|-unboost|p2b: Coalossal|atk|1\n|-ability|p2b: Coalossal|Steam Engine|boost\n|-boost|p2b: Coalossal|spe|6\n|-enditem|p2b: Coalossal|Weakness Policy\n|-boost|p2b: Coalossal|atk|2|[from] item: Weakness Policy\n|-boost|p2b: Coalossal|spa|2|[from] item: Weakness Policy\n|move|p1b: Slowking|Calm Mind|p1b: Slowking\n|-boost|p1b: Slowking|spa|1\n|-boost|p1b: Slowking|spd|1\n|\n|-weather|SunnyDay|[upkeep]\n|-heal|p1b: Slowking|65\/100|[from] item: Leftovers\n|upkeep\n|\n|t:|1701112390\n|switch|p1a: Pelipper|Pelipper, M|100\/100\n|-weather|RainDance|[from] ability: Drizzle|[of] p1a: Pelipper\n|turn|3\n|\n|t:|1701112404\n|-terastallize|p2b: Coalossal|Grass\n|move|p2b: Coalossal|Power Gem|p1a: Pelipper\n|-supereffective|p1a: Pelipper\n|-damage|p1a: Pelipper|0 fnt\n|faint|p1a: Pelipper\n|move|p2a: Clefable|Sunny Day|p2a: Clefable\n|-weather|SunnyDay\n|move|p1b: Slowking|Stored Power|p2a: Clefable\n|-damage|p2a: Clefable|0 fnt\n|faint|p2a: Clefable\n|\n|-weather|SunnyDay|[upkeep]\n|-heal|p1b: Slowking|71\/100|[from] item: Leftovers\n|upkeep\n|\n|t:|1701112417\n|switch|p1a: Haxorus|Haxorus, M|100\/100\n|switch|p2a: Dragapult|Dragapult, M|100\/100\n|-activate|p2a: Dragapult|move: Sticky Web\n|-fail|p2a: Dragapult|unboost|[from] ability: Clear Body|[of] p2a: Dragapult\n|-ability|p1a: Haxorus|Mold Breaker\n|turn|4\n|\n|t:|1701112441\n|move|p2b: Coalossal|Heat Wave|p1a: Haxorus|[spread] p1a,p1b\n|-resisted|p1a: Haxorus\n|-damage|p1a: Haxorus|36\/100\n|-damage|p1b: Slowking|35\/100\n|move|p2a: Dragapult|Shadow Ball|p1b: Slowking\n|-supereffective|p1b: Slowking\n|-crit|p1b: Slowking\n|-damage|p1b: Slowking|0 fnt\n|faint|p1b: Slowking\n|move|p1a: Haxorus|Dragon Dance|p1a: Haxorus\n|-boost|p1a: Haxorus|atk|1\n|-boost|p1a: Haxorus|spe|1\n|\n|-weather|SunnyDay|[upkeep]\n|upkeep\n|\n|t:|1701112454\n|switch|p1b: Ludicolo|Ludicolo, M|100\/100\n|turn|5\n|\n|t:|1701112475\n|move|p2b: Coalossal|Heat Wave|p1a: Haxorus|[spread] p1a,p1b\n|-resisted|p1a: Haxorus\n|-damage|p1a: Haxorus|0 fnt\n|-damage|p1b: Ludicolo|3\/100\n|faint|p1a: Haxorus\n|move|p2a: Dragapult|Shadow Ball|p1b: Ludicolo\n|-damage|p1b: Ludicolo|0 fnt\n|faint|p1b: Ludicolo\n|\n|-weather|SunnyDay|[upkeep]\n|upkeep\n|\n|t:|1701112489\n|switch|p1b: Beartic|Beartic, F|100\/100\n|turn|6\n|\n|t:|1701112494\n|-terastallize|p1b: Beartic|Fighting\n|move|p2b: Coalossal|Power Gem|p1b: Beartic\n|-resisted|p1b: Beartic\n|-damage|p1b: Beartic|60\/100\n|move|p2a: Dragapult|Shadow Ball|p1b: Beartic\n|-damage|p1b: Beartic|0 fnt\n|faint|p1b: Beartic\n|\n|win|Amogusmemer\n","uploadtime":1701112503,"views":5,"p1id":"homergyatt","p2id":"amogusmemer","formatid":"gen9doublesou","rating":0,"private":0,"password":""}