{"id":"gen9doublesou-1980584528","p1":"King_snk","p2":"Mr.X&Y97","format":"[Gen 9] Doubles OU","log":"|j|\u2606King_snk\n|j|\u2606Mr.X&Y97\n|t:|1698800105\n|gametype|doubles\n|player|p1|King_snk|102|1404\n|player|p2|Mr.X&Y97|ingo|1591\n|teamsize|p1|6\n|teamsize|p2|6\n|gen|9\n|tier|[Gen 9] Doubles OU\n|rated|\n|rule|Species Clause: Limit one of each Pok\u00e9mon\n|rule|OHKO Clause: OHKO moves are banned\n|rule|Evasion Moves Clause: Evasion moves are banned\n|rule|Gravity Sleep Clause: The combination of sleep-inducing moves with imperfect accuracy and Gravity or Gigantamax Orbeetle are banned\n|rule|Endless Battle Clause: Forcing endless battles is banned\n|rule|HP Percentage Mod: HP is shown in percentages\n|clearpoke\n|poke|p1|Indeedee-F, F|\n|poke|p1|Armarouge, M|\n|poke|p1|Regieleki|\n|poke|p1|Sneasler, M|\n|poke|p1|Cresselia, F|\n|poke|p1|Ursaluna-Bloodmoon, M|\n|poke|p2|Armarouge, M|\n|poke|p2|Indeedee-F, F|\n|poke|p2|Stonjourner, F|\n|poke|p2|Abomasnow, M|\n|poke|p2|Kingambit, M|\n|poke|p2|Chien-Pao|\n|teampreview\n|inactive|Battle timer is ON: inactive players will automatically lose when time's up. (requested by Mr.X&Y97)\n|\n|t:|1698800121\n|start\n|switch|p1a: Indeedee|Indeedee-F, F|100\/100\n|switch|p1b: Sneasler|Sneasler, M|100\/100\n|switch|p2a: Lord Kanbei|Kingambit, M|100\/100\n|switch|p2b: Weasel|Chien-Pao|100\/100\n|-ability|p2b: Weasel|Sword of Ruin\n|-fieldstart|move: Psychic Terrain|[from] ability: Psychic Surge|[of] p1a: Indeedee\n|turn|1\n|\n|t:|1698800143\n|-terastallize|p2a: Lord Kanbei|Flying\n|move|p1a: Indeedee|Follow Me|p1a: Indeedee\n|-singleturn|p1a: Indeedee|move: Follow Me\n|move|p2b: Weasel|Psychic Fangs|p1a: Indeedee\n|-resisted|p1a: Indeedee\n|-damage|p1a: Indeedee|78\/100\n|move|p1b: Sneasler|Close Combat|p2b: Weasel\n|-supereffective|p2b: Weasel\n|-crit|p2b: Weasel\n|-enditem|p2b: Weasel|Focus Sash\n|-damage|p2b: Weasel|1\/100\n|-unboost|p1b: Sneasler|def|1\n|-unboost|p1b: Sneasler|spd|1\n|move|p2a: Lord Kanbei|Kowtow Cleave|p1a: Indeedee\n|-supereffective|p1a: Indeedee\n|-damage|p1a: Indeedee|0 fnt\n|faint|p1a: Indeedee\n|\n|upkeep\n|inactive|King_snk has 120 seconds left.\n|\n|t:|1698800164\n|switch|p1a: Cresselia|Cresselia, F|100\/100\n|turn|2\n|\n|t:|1698800172\n|move|p1b: Sneasler|Protect|p1b: Sneasler\n|-singleturn|p1b: Sneasler|Protect\n|move|p2b: Weasel|Psychic Fangs|p1b: Sneasler\n|-activate|p1b: Sneasler|move: Protect\n|move|p1a: Cresselia|Icy Wind|p2a: Lord Kanbei|[spread] p2a,p2b\n|-supereffective|p2a: Lord Kanbei\n|-resisted|p2b: Weasel\n|-damage|p2a: Lord Kanbei|90\/100\n|-damage|p2b: Weasel|0 fnt\n|-unboost|p2a: Lord Kanbei|spe|1\n|-ability|p2a: Lord Kanbei|Defiant|boost\n|-boost|p2a: Lord Kanbei|atk|2\n|faint|p2b: Weasel\n|move|p2a: Lord Kanbei|Kowtow Cleave|p1a: Cresselia\n|-supereffective|p1a: Cresselia\n|-damage|p1a: Cresselia|0 fnt\n|faint|p1a: Cresselia\n|\n|upkeep\n|\n|t:|1698800193\n|switch|p2b: Amelia Bedelia|Indeedee-F, F|100\/100\n|switch|p1a: Regieleki|Regieleki|100\/100\n|turn|3\n|\n|t:|1698800215\n|-terastallize|p1b: Sneasler|Poison\n|move|p2b: Amelia Bedelia|Follow Me|p2b: Amelia Bedelia\n|-singleturn|p2b: Amelia Bedelia|move: Follow Me\n|move|p1a: Regieleki|Thunderbolt|p2b: Amelia Bedelia\n|-damage|p2b: Amelia Bedelia|57\/100\n|move|p1b: Sneasler|Dire Claw|p2b: Amelia Bedelia\n|-damage|p2b: Amelia Bedelia|0 fnt\n|faint|p2b: Amelia Bedelia\n|move|p2a: Lord Kanbei|Iron Head|p1b: Sneasler\n|-enditem|p1b: Sneasler|Focus Sash\n|-damage|p1b: Sneasler|1\/100\n|\n|upkeep\n|\n|t:|1698800227\n|switch|p2b: Stoney J.|Stonjourner, F|100\/100\n|turn|4\n|\n|t:|1698800247\n|switch|p2a: Snowball|Abomasnow, M|100\/100\n|-weather|Snow|[from] ability: Snow Warning|[of] p2a: Snowball\n|move|p1a: Regieleki|Thunderbolt|p2a: Snowball\n|-resisted|p2a: Snowball\n|-crit|p2a: Snowball\n|-damage|p2a: Snowball|65\/100\n|move|p1b: Sneasler|Close Combat|p2b: Stoney J.\n|-supereffective|p2b: Stoney J.\n|-damage|p2b: Stoney J.|26\/100\n|-unboost|p1b: Sneasler|def|1\n|-unboost|p1b: Sneasler|spd|1\n|move|p2b: Stoney J.|Rock Slide|p1b: Sneasler|[spread] p1a,p1b\n|-damage|p1a: Regieleki|35\/100\n|-damage|p1b: Sneasler|0 fnt\n|faint|p1b: Sneasler\n|\n|-weather|Snow|[upkeep]\n|upkeep\n|\n|t:|1698800267\n|switch|p1b: Armarouge|Armarouge, M|100\/100\n|turn|5\n|\n|t:|1698800295\n|move|p2b: Stoney J.|Wide Guard|p2b: Stoney J.\n|-singleturn|p2b: Stoney J.|Wide Guard\n|move|p1a: Regieleki|Thunderbolt|p2b: Stoney J.\n|-damage|p2b: Stoney J.|0 fnt\n|faint|p2b: Stoney J.\n|move|p1b: Armarouge|Armor Cannon|p2a: Snowball\n|-supereffective|p2a: Snowball\n|-damage|p2a: Snowball|0 fnt\n|-unboost|p1b: Armarouge|def|1\n|-unboost|p1b: Armarouge|spd|1\n|faint|p2a: Snowball\n|-damage|p1b: Armarouge|91\/100|[from] item: Life Orb\n|\n|-weather|Snow|[upkeep]\n|-fieldend|move: Psychic Terrain\n|upkeep\n|\n|t:|1698800302\n|switch|p2b: Mega Man X|Armarouge, M|100\/100\n|switch|p2a: Lord Kanbei|Kingambit, M, tera:Flying|90\/100\n|turn|6\n|\n|t:|1698800325\n|move|p2a: Lord Kanbei|Sucker Punch|p1a: Regieleki\n|-crit|p1a: Regieleki\n|-damage|p1a: Regieleki|0 fnt\n|faint|p1a: Regieleki\n|move|p1b: Armarouge|Expanding Force|p2a: Lord Kanbei\n|-damage|p2a: Lord Kanbei|58\/100\n|-damage|p1b: Armarouge|81\/100|[from] item: Life Orb\n|move|p2b: Mega Man X|Trick Room|p2b: Mega Man X\n|-fieldstart|move: Trick Room|[of] p2b: Mega Man X\n|\n|-weather|Snow|[upkeep]\n|upkeep\n|\n|t:|1698800336\n|switch|p1a: Ursaluna|Ursaluna-Bloodmoon, M|100\/100\n|turn|7\n|\n|t:|1698800352\n|move|p1a: Ursaluna|Protect|p1a: Ursaluna\n|-singleturn|p1a: Ursaluna|Protect\n|move|p1b: Armarouge|Protect|p1b: Armarouge\n|-singleturn|p1b: Armarouge|Protect\n|move|p2a: Lord Kanbei|Brick Break|p1a: Ursaluna\n|-activate|p1a: Ursaluna|move: Protect\n|move|p2b: Mega Man X|Expanding Force|p1a: Ursaluna\n|-activate|p1a: Ursaluna|move: Protect\n|\n|-weather|Snow|[upkeep]\n|upkeep\n|turn|8\n|\n|t:|1698800368\n|move|p2a: Lord Kanbei|Brick Break|p1a: Ursaluna\n|-supereffective|p1a: Ursaluna\n|-damage|p1a: Ursaluna|59\/100\n|move|p2b: Mega Man X|Expanding Force|p1a: Ursaluna\n|-damage|p1a: Ursaluna|0 fnt\n|faint|p1a: Ursaluna\n|-damage|p2b: Mega Man X|91\/100|[from] item: Life Orb\n|move|p1b: Armarouge|Armor Cannon|p2a: Lord Kanbei\n|-damage|p2a: Lord Kanbei|6\/100\n|-unboost|p1b: Armarouge|def|1\n|-unboost|p1b: Armarouge|spd|1\n|-damage|p1b: Armarouge|71\/100|[from] item: Life Orb\n|\n|-weather|none\n|upkeep\n|turn|9\n|-message|King_snk forfeited.\n|\n|win|Mr.X&Y97\n|raw|King_snk's rating: 1404 &rarr; <strong>1394<\/strong><br \/>(-10 for losing)\n|raw|Mr.X&amp;Y97's rating: 1591 &rarr; <strong>1601<\/strong><br \/>(+10 for winning)\n|l|\u2606King_snk\n|c|\u2606Mr.X&Y97|Ggs wp!\n","uploadtime":1698800397,"views":21,"p1id":"kingsnk","p2id":"mrxy97","formatid":"gen9doublesou","rating":1394,"private":0,"password":""}