{"id":"gen9doublesou-1998571561","p1":"santiuiiu","p2":"Never5678","format":"[Gen 9] Doubles OU","log":"|j|\u2606santiuiiu\n|j|\u2606Never5678\n|t:|1700957808\n|gametype|doubles\n|player|p1|santiuiiu|ltsurge|1131\n|player|p2|Never5678|ingo|1200\n|teamsize|p1|6\n|teamsize|p2|6\n|gen|9\n|tier|[Gen 9] Doubles OU\n|rated|\n|rule|Species Clause: Limit one of each Pok\u00e9mon\n|rule|OHKO Clause: OHKO moves are banned\n|rule|Evasion Moves Clause: Evasion moves are banned\n|rule|Gravity Sleep Clause: The combination of sleep-inducing moves with imperfect accuracy and Gravity or Gigantamax Orbeetle are banned\n|rule|Endless Battle Clause: Forcing endless battles is banned\n|rule|HP Percentage Mod: HP is shown in percentages\n|clearpoke\n|poke|p1|Amoonguss, F|\n|poke|p1|Hatterene, F|\n|poke|p1|Sylveon, F|\n|poke|p1|Scizor, F|\n|poke|p1|Salamence, M|\n|poke|p1|Milotic, M|\n|poke|p2|Azumarill, M|\n|poke|p2|Clefairy, F|\n|poke|p2|Diancie|\n|poke|p2|Flutter Mane|\n|poke|p2|Grimmsnarl, M|\n|poke|p2|Fezandipiti, M|\n|teampreview\n|\n|t:|1700957836\n|start\n|switch|p1a: Amoonguss|Amoonguss, F|100\/100\n|switch|p1b: Hatterene|Hatterene, F|100\/100\n|switch|p2a: Azumarill|Azumarill, M|100\/100\n|switch|p2b: Clefairy|Clefairy, F|100\/100\n|turn|1\n|\n|t:|1700957853\n|move|p2b: Clefairy|Follow Me|p2b: Clefairy\n|-singleturn|p2b: Clefairy|move: Follow Me\n|move|p2a: Azumarill|Belly Drum|p2a: Azumarill\n|-damage|p2a: Azumarill|50\/100\n|-setboost|p2a: Azumarill|atk|6|[from] move: Belly Drum\n|-enditem|p2a: Azumarill|Sitrus Berry|[eat]\n|-heal|p2a: Azumarill|75\/100|[from] item: Sitrus Berry\n|move|p1a: Amoonguss|Energy Ball|p2b: Clefairy\n|-damage|p2b: Clefairy|75\/100\n|move|p1b: Hatterene|Trick Room|p1b: Hatterene\n|-fieldstart|move: Trick Room|[of] p1b: Hatterene\n|\n|upkeep\n|turn|2\n|\n|t:|1700957887\n|-terastallize|p2a: Azumarill|Steel\n|move|p1b: Hatterene|Helping Hand|p1a: Amoonguss\n|-singleturn|p1a: Amoonguss|Helping Hand|[of] p1b: Hatterene\n|move|p2b: Clefairy|Follow Me|p2b: Clefairy\n|-singleturn|p2b: Clefairy|move: Follow Me\n|move|p2a: Azumarill|Aqua Jet|p1b: Hatterene\n|-damage|p1b: Hatterene|37\/100\n|move|p1a: Amoonguss|Sludge Bomb|p2b: Clefairy\n|-supereffective|p2b: Clefairy\n|-damage|p2b: Clefairy|3\/100\n|\n|-heal|p1b: Hatterene|43\/100|[from] item: Leftovers\n|upkeep\n|turn|3\n|\n|t:|1700957906\n|move|p2b: Clefairy|Protect|p2b: Clefairy\n|-singleturn|p2b: Clefairy|Protect\n|move|p2a: Azumarill|Aqua Jet|p1b: Hatterene\n|-damage|p1b: Hatterene|0 fnt\n|faint|p1b: Hatterene\n|move|p1a: Amoonguss|Spore|p2a: Azumarill\n|-status|p2a: Azumarill|slp|[from] move: Spore\n|\n|upkeep\n|\n|t:|1700957916\n|switch|p1b: Sylveon|Sylveon, F|100\/100\n|turn|4\n|\n|t:|1700957934\n|switch|p1b: Milotic|Milotic, M|100\/100\n|move|p2b: Clefairy|Follow Me|p2b: Clefairy\n|-singleturn|p2b: Clefairy|move: Follow Me\n|cant|p2a: Azumarill|slp\n|move|p1a: Amoonguss|Sludge Bomb|p2b: Clefairy\n|-supereffective|p2b: Clefairy\n|-damage|p2b: Clefairy|0 fnt\n|faint|p2b: Clefairy\n|\n|upkeep\n|\n|t:|1700957954\n|switch|p2b: Grimmsnarl|Grimmsnarl, M|100\/100\n|turn|5\n|\n|t:|1700957965\n|move|p2b: Grimmsnarl|Fake Out|p1a: Amoonguss\n|-damage|p1a: Amoonguss|89\/100\n|-status|p2b: Grimmsnarl|slp|[from] ability: Effect Spore|[of] p1a: Amoonguss\n|cant|p1a: Amoonguss|flinch\n|cant|p2a: Azumarill|slp\n|move|p1b: Milotic|Hypnosis|p2b: Grimmsnarl|[miss]\n|-miss|p1b: Milotic|p2b: Grimmsnarl\n|\n|-heal|p1a: Amoonguss|95\/100|[from] item: Black Sludge\n|-fieldend|move: Trick Room\n|upkeep\n|turn|6\n|\n|t:|1700957986\n|cant|p2b: Grimmsnarl|slp\n|move|p1b: Milotic|Scald|p2b: Grimmsnarl\n|-damage|p2b: Grimmsnarl|59\/100 slp\n|cant|p2a: Azumarill|slp\n|move|p1a: Amoonguss|Energy Ball|p2a: Azumarill\n|-resisted|p2a: Azumarill\n|-crit|p2a: Azumarill\n|-damage|p2a: Azumarill|53\/100 slp\n|\n|-heal|p1a: Amoonguss|100\/100|[from] item: Black Sludge\n|upkeep\n|turn|7\n|inactive|Battle timer is ON: inactive players will automatically lose when time's up. (requested by santiuiiu)\n|\n|t:|1700958008\n|cant|p2b: Grimmsnarl|slp\n|move|p1b: Milotic|Scald|p2a: Azumarill\n|-damage|p2a: Azumarill|18\/100 slp\n|-curestatus|p2a: Azumarill|slp|[msg]\n|move|p2a: Azumarill|Play Rough|p1b: Milotic|[miss]\n|-miss|p2a: Azumarill|p1b: Milotic\n|move|p1a: Amoonguss|Sludge Bomb|p2b: Grimmsnarl\n|-supereffective|p2b: Grimmsnarl\n|-damage|p2b: Grimmsnarl|0 fnt\n|faint|p2b: Grimmsnarl\n|\n|upkeep\n|\n|t:|1700958034\n|switch|p2b: Flutter Mane|Flutter Mane|100\/100\n|-enditem|p2b: Flutter Mane|Booster Energy\n|-activate|p2b: Flutter Mane|ability: Protosynthesis|[fromitem]\n|-start|p2b: Flutter Mane|protosynthesisspa\n|turn|8\n|\n|t:|1700958050\n|move|p2b: Flutter Mane|Mystical Fire|p1a: Amoonguss\n|-supereffective|p1a: Amoonguss\n|-damage|p1a: Amoonguss|37\/100\n|-unboost|p1a: Amoonguss|spa|1\n|move|p1b: Milotic|Scald|p2a: Azumarill\n|-damage|p2a: Azumarill|0 fnt\n|faint|p2a: Azumarill\n|move|p1a: Amoonguss|Sludge Bomb|p2b: Flutter Mane\n|-damage|p2b: Flutter Mane|80\/100\n|-status|p2b: Flutter Mane|psn\n|\n|-heal|p1a: Amoonguss|43\/100|[from] item: Black Sludge\n|-damage|p2b: Flutter Mane|68\/100 psn|[from] psn\n|upkeep\n|\n|t:|1700958064\n|switch|p2a: Fezandipiti|Fezandipiti, M|100\/100\n|turn|9\n|\n|t:|1700958085\n|move|p2b: Flutter Mane|Mystical Fire|p1a: Amoonguss\n|-supereffective|p1a: Amoonguss\n|-damage|p1a: Amoonguss|0 fnt\n|faint|p1a: Amoonguss\n|move|p2a: Fezandipiti|Sludge Bomb|p1b: Milotic\n|-damage|p1b: Milotic|81\/100\n|move|p1b: Milotic|Scald|p2b: Flutter Mane\n|-damage|p2b: Flutter Mane|30\/100 psn\n|\n|-damage|p2b: Flutter Mane|18\/100 psn|[from] psn\n|upkeep\n|\n|t:|1700958099\n|switch|p1a: Scizor|Scizor, F|100\/100\n|turn|10\n|\n|t:|1700958111\n|move|p2b: Flutter Mane|Protect|p2b: Flutter Mane\n|-singleturn|p2b: Flutter Mane|Protect\n|move|p1a: Scizor|Bullet Punch|p2a: Fezandipiti\n|-supereffective|p2a: Fezandipiti\n|-damage|p2a: Fezandipiti|48\/100\n|-enditem|p2a: Fezandipiti|Sitrus Berry|[eat]\n|-heal|p2a: Fezandipiti|73\/100|[from] item: Sitrus Berry\n|move|p2a: Fezandipiti|Dazzling Gleam|p1b: Milotic|[spread] p1a,p1b\n|-resisted|p1a: Scizor\n|-damage|p1a: Scizor|95\/100\n|-damage|p1b: Milotic|68\/100\n|move|p1b: Milotic|Scald|p2b: Flutter Mane\n|-activate|p2b: Flutter Mane|move: Protect\n|\n|-damage|p2b: Flutter Mane|6\/100 psn|[from] psn\n|upkeep\n|turn|11\n|\n|t:|1700958131\n|move|p1b: Milotic|Protect|p1b: Milotic\n|-singleturn|p1b: Milotic|Protect\n|move|p1a: Scizor|Bullet Punch|p2a: Fezandipiti\n|-supereffective|p2a: Fezandipiti\n|-damage|p2a: Fezandipiti|26\/100\n|move|p2b: Flutter Mane|Mystical Fire|p1a: Scizor\n|-supereffective|p1a: Scizor\n|-damage|p1a: Scizor|0 fnt\n|faint|p1a: Scizor\n|move|p2a: Fezandipiti|Sludge Bomb|p1b: Milotic\n|-activate|p1b: Milotic|move: Protect\n|\n|-damage|p2b: Flutter Mane|0 fnt|[from] psn\n|faint|p2b: Flutter Mane\n|-end|p2b: Flutter Mane|Protosynthesis|[silent]\n|upkeep\n|\n|t:|1700958149\n|switch|p2b: Diancie|Diancie|100\/100\n|switch|p1a: Salamence|Salamence, M|100\/100\n|-ability|p1a: Salamence|Intimidate|boost\n|-unboost|p2a: Fezandipiti|atk|1\n|-fail|p2b: Diancie|unboost|[from] ability: Clear Body|[of] p2b: Diancie\n|turn|12\n|\n|t:|1700958171\n|-terastallize|p1a: Salamence|Steel\n|move|p2a: Fezandipiti|Roost|p2a: Fezandipiti\n|-heal|p2a: Fezandipiti|76\/100\n|-singleturn|p2a: Fezandipiti|move: Roost\n|move|p1a: Salamence|Outrage|p2b: Diancie\n|-immune|p2b: Diancie\n|move|p1b: Milotic|Scald|p2a: Fezandipiti\n|-damage|p2a: Fezandipiti|51\/100\n|move|p2b: Diancie|Calm Mind|p2b: Diancie\n|-boost|p2b: Diancie|spa|1\n|-boost|p2b: Diancie|spd|1\n|\n|upkeep\n|turn|13\n|\n|t:|1700958201\n|move|p2a: Fezandipiti|Roost|p2a: Fezandipiti\n|-heal|p2a: Fezandipiti|100\/100\n|-singleturn|p2a: Fezandipiti|move: Roost\n|move|p1a: Salamence|Rock Slide|p2a: Fezandipiti|[spread] p2a,p2b\n|-damage|p2a: Fezandipiti|83\/100\n|-damage|p2b: Diancie|86\/100\n|move|p1b: Milotic|Scald|p2a: Fezandipiti\n|-damage|p2a: Fezandipiti|54\/100\n|move|p2b: Diancie|Calm Mind|p2b: Diancie\n|-boost|p2b: Diancie|spa|1\n|-boost|p2b: Diancie|spd|1\n|\n|-heal|p2b: Diancie|93\/100|[from] item: Leftovers\n|upkeep\n|turn|14\n|\n|t:|1700958221\n|move|p2a: Fezandipiti|Roost|p2a: Fezandipiti\n|-heal|p2a: Fezandipiti|100\/100\n|-singleturn|p2a: Fezandipiti|move: Roost\n|move|p1a: Salamence|Rock Slide|p2b: Diancie|[spread] p2a\n|-miss|p1a: Salamence|p2b: Diancie\n|-crit|p2a: Fezandipiti\n|-damage|p2a: Fezandipiti|73\/100\n|move|p1b: Milotic|Scald|p2a: Fezandipiti\n|-damage|p2a: Fezandipiti|44\/100\n|move|p2b: Diancie|Power Gem|p1b: Milotic\n|-damage|p1b: Milotic|23\/100\n|\n|-heal|p2b: Diancie|99\/100|[from] item: Leftovers\n|upkeep\n|turn|15\n|\n|t:|1700958248\n|move|p2a: Fezandipiti|Roost|p2a: Fezandipiti\n|-heal|p2a: Fezandipiti|94\/100\n|-singleturn|p2a: Fezandipiti|move: Roost\n|move|p1a: Salamence|Rock Slide|p2b: Diancie|[spread] p2a,p2b\n|-damage|p2a: Fezandipiti|75\/100\n|-damage|p2b: Diancie|85\/100\n|move|p1b: Milotic|Scald|p2a: Fezandipiti\n|-damage|p2a: Fezandipiti|46\/100\n|cant|p2b: Diancie|flinch\n|\n|-heal|p2b: Diancie|91\/100|[from] item: Leftovers\n|upkeep\n|turn|16\n|\n|t:|1700958264\n|move|p2a: Fezandipiti|Roost|p2a: Fezandipiti\n|-heal|p2a: Fezandipiti|96\/100\n|-singleturn|p2a: Fezandipiti|move: Roost\n|move|p1a: Salamence|Rock Slide|p2b: Diancie|[spread] p2a\n|-miss|p1a: Salamence|p2b: Diancie\n|-damage|p2a: Fezandipiti|79\/100\n|move|p1b: Milotic|Scald|p2a: Fezandipiti\n|-damage|p2a: Fezandipiti|52\/100\n|move|p2b: Diancie|Dazzling Gleam|p1b: Milotic|[spread] p1a,p1b\n|-resisted|p1a: Salamence\n|-damage|p1a: Salamence|79\/100\n|-damage|p1b: Milotic|0 fnt\n|faint|p1b: Milotic\n|\n|-heal|p2b: Diancie|98\/100|[from] item: Leftovers\n|upkeep\n|\n|t:|1700958279\n|switch|p1b: Sylveon|Sylveon, F|100\/100\n|turn|17\n|\n|t:|1700958299\n|move|p1b: Sylveon|Quick Attack|p1a: Salamence\n|-resisted|p1a: Salamence\n|-damage|p1a: Salamence|71\/100\n|-damage|p1b: Sylveon|91\/100|[from] item: Life Orb\n|move|p2a: Fezandipiti|Icy Wind|p1a: Salamence|[spread] p1a,p1b\n|-resisted|p1a: Salamence\n|-damage|p1a: Salamence|67\/100\n|-damage|p1b: Sylveon|85\/100\n|-unboost|p1a: Salamence|spe|1\n|-unboost|p1b: Sylveon|spe|1\n|move|p2b: Diancie|Power Gem|p1b: Sylveon\n|-damage|p1b: Sylveon|37\/100\n|move|p1a: Salamence|Rock Slide|p2b: Diancie|[spread] p2a\n|-miss|p1a: Salamence|p2b: Diancie\n|-damage|p2a: Fezandipiti|33\/100\n|\n|-heal|p2b: Diancie|100\/100|[from] item: Leftovers\n|upkeep\n|turn|18\n|\n|t:|1700958325\n|move|p2a: Fezandipiti|Roost|p2a: Fezandipiti\n|-heal|p2a: Fezandipiti|83\/100\n|-singleturn|p2a: Fezandipiti|move: Roost\n|move|p2b: Diancie|Dazzling Gleam|p1a: Salamence|[spread] p1a,p1b\n|-resisted|p1a: Salamence\n|-damage|p1a: Salamence|47\/100\n|-damage|p1b: Sylveon|5\/100\n|move|p1a: Salamence|Rock Slide|p2b: Diancie|[spread] p2a,p2b\n|-damage|p2a: Fezandipiti|63\/100\n|-damage|p2b: Diancie|85\/100\n|move|p1b: Sylveon|Wish|p1b: Sylveon\n|\n|-heal|p2b: Diancie|91\/100|[from] item: Leftovers\n|upkeep\n|turn|19\n|\n|t:|1700958341\n|move|p1b: Sylveon|Quick Attack|p2a: Fezandipiti\n|-resisted|p2a: Fezandipiti\n|-damage|p2a: Fezandipiti|57\/100\n|-damage|p1b: Sylveon|0 fnt|[from] item: Life Orb\n|faint|p1b: Sylveon\n|move|p2a: Fezandipiti|Icy Wind|p1a: Salamence\n|-resisted|p1a: Salamence\n|-damage|p1a: Salamence|42\/100\n|-unboost|p1a: Salamence|spe|1\n|move|p2b: Diancie|Dazzling Gleam|p1a: Salamence\n|-resisted|p1a: Salamence\n|-damage|p1a: Salamence|12\/100\n|move|p1a: Salamence|Rock Slide|p2b: Diancie|[spread] p2a,p2b\n|-damage|p2a: Fezandipiti|37\/100\n|-damage|p2b: Diancie|77\/100\n|\n|-heal|p2b: Diancie|83\/100|[from] item: Leftovers\n|upkeep\n|turn|20\n|-message|santiuiiu forfeited.\n|\n|win|Never5678\n|raw|santiuiiu's rating: 1131 &rarr; <strong>1111<\/strong><br \/>(-20 for losing)\n|raw|Never5678's rating: 1200 &rarr; <strong>1220<\/strong><br \/>(+20 for winning)\n|l|\u2606santiuiiu\n","uploadtime":1700958371,"views":9,"p1id":"santiuiiu","p2id":"never5678","formatid":"gen9doublesou","rating":1111,"private":0,"password":""}