{"id":"gen9doublesou-1983068748","p1":"KoogShield","p2":"lordofthediscs","format":"[Gen 9] Doubles OU","log":"|j|\u2606KoogShield\n|j|\u203dlordofthediscs\n|t:|1699079008\n|gametype|doubles\n|player|p1|KoogShield|266|1052\n|player|p2|lordofthediscs|swimmer-gen4|1084\n|teamsize|p1|6\n|teamsize|p2|6\n|gen|9\n|tier|[Gen 9] Doubles OU\n|rated|\n|rule|Species Clause: Limit one of each Pok\u00e9mon\n|rule|OHKO Clause: OHKO moves are banned\n|rule|Evasion Moves Clause: Evasion moves are banned\n|rule|Gravity Sleep Clause: The combination of sleep-inducing moves with imperfect accuracy and Gravity or Gigantamax Orbeetle are banned\n|rule|Endless Battle Clause: Forcing endless battles is banned\n|rule|HP Percentage Mod: HP is shown in percentages\n|clearpoke\n|poke|p1|Ursaluna, F|\n|poke|p1|Oranguru, F|\n|poke|p1|Tornadus, M|\n|poke|p1|Sableye, M|\n|poke|p1|Manaphy|\n|poke|p1|Dragonite, M|\n|poke|p2|Oricorio-Pom-Pom, M|\n|poke|p2|Uxie|\n|poke|p2|Delphox, M|\n|poke|p2|Venomoth, M|\n|poke|p2|Indeedee-F, F|\n|poke|p2|Sylveon, F|\n|teampreview\n|\n|t:|1699079022\n|start\n|switch|p1a: Sableye|Sableye, M|100\/100\n|switch|p1b: Dragonite|Dragonite, M|100\/100\n|switch|p2a: Oricorio|Oricorio-Pom-Pom, M, shiny|100\/100\n|switch|p2b: Uxie|Uxie|100\/100\n|turn|1\n|inactive|Battle timer is ON: inactive players will automatically lose when time's up. (requested by lordofthediscs)\n|\n|t:|1699079044\n|move|p1a: Sableye|Mean Look|p2a: Oricorio\n|-activate|p2a: Oricorio|trapped\n|move|p2b: Uxie|Skill Swap|p2a: Oricorio\n|-activate|p2b: Uxie|move: Skill Swap|||[of] p2a: Oricorio\n|move|p2a: Oricorio|Quiver Dance|p2a: Oricorio\n|-boost|p2a: Oricorio|spa|1\n|-boost|p2a: Oricorio|spd|1\n|-boost|p2a: Oricorio|spe|1\n|-activate|p2b: Uxie|ability: Dancer\n|move|p2b: Uxie|Quiver Dance|p2b: Uxie|[from]ability: Dancer\n|-boost|p2b: Uxie|spa|1\n|-boost|p2b: Uxie|spd|1\n|-boost|p2b: Uxie|spe|1\n|move|p1b: Dragonite|Encore|p2a: Oricorio\n|-start|p2a: Oricorio|Encore\n|\n|upkeep\n|turn|2\n|\n|t:|1699079069\n|move|p2b: Uxie|Protect|p2b: Uxie\n|-singleturn|p2b: Uxie|Protect\n|move|p1a: Sableye|Disable|p2a: Oricorio\n|-start|p2a: Oricorio|Disable|Quiver Dance\n|cant|p2a: Oricorio|Disable|Quiver Dance\n|move|p1b: Dragonite|Dragon Dance|p1b: Dragonite\n|-boost|p1b: Dragonite|atk|1\n|-boost|p1b: Dragonite|spe|1\n|-activate|p2b: Uxie|ability: Dancer\n|move|p2b: Uxie|Dragon Dance|p2b: Uxie|[from]ability: Dancer\n|-boost|p2b: Uxie|atk|1\n|-boost|p2b: Uxie|spe|1\n|\n|upkeep\n|turn|3\n|inactive|KoogShield has 120 seconds left.\n|\n|t:|1699079107\n|move|p1a: Sableye|Mean Look|p2b: Uxie\n|-activate|p2b: Uxie|trapped\n|move|p2b: Uxie|Stored Power|p1b: Dragonite\n|-damage|p1b: Dragonite|81\/100\n|-activate|p2a: Oricorio|move: Struggle\n|move|p2a: Oricorio|Struggle|p1b: Dragonite\n|-damage|p1b: Dragonite|75\/100\n|-damage|p2a: Oricorio|75\/100|[from] recoil\n|move|p1b: Dragonite|Encore|p2b: Uxie\n|-start|p2b: Uxie|Encore\n|\n|upkeep\n|turn|4\n|inactive|lordofthediscs has 120 seconds left.\n|\n|t:|1699079139\n|-terastallize|p2b: Uxie|Dark\n|move|p1a: Sableye|Disable|p2b: Uxie\n|-hint|Since gen 7, Dark is immune to Prankster moves.\n|-immune|p2b: Uxie\n|move|p2b: Uxie|Stored Power|p1b: Dragonite\n|-damage|p1b: Dragonite|32\/100\n|-activate|p2a: Oricorio|move: Struggle\n|move|p2a: Oricorio|Struggle|p1a: Sableye\n|-damage|p1a: Sableye|93\/100\n|-damage|p2a: Oricorio|50\/100|[from] recoil\n|move|p1b: Dragonite|Dragon Dance|p1b: Dragonite\n|-boost|p1b: Dragonite|atk|1\n|-boost|p1b: Dragonite|spe|1\n|-activate|p2b: Uxie|ability: Dancer\n|move|p2b: Uxie|Dragon Dance|p2b: Uxie|[from]ability: Dancer\n|-boost|p2b: Uxie|atk|1\n|-boost|p2b: Uxie|spe|1\n|\n|-end|p2a: Oricorio|Encore\n|upkeep\n|turn|5\n|inactive|lordofthediscs has 120 seconds left.\n|inactive|KoogShield has 120 seconds left.\n|\n|t:|1699079183\n|move|p1a: Sableye|Protect|p1a: Sableye\n|-singleturn|p1a: Sableye|Protect\n|move|p1b: Dragonite|Extreme Speed|p2a: Oricorio\n|-damage|p2a: Oricorio|0 fnt\n|faint|p2a: Oricorio\n|move|p2b: Uxie|Stored Power|p1b: Dragonite\n|-damage|p1b: Dragonite|0 fnt\n|faint|p1b: Dragonite\n|\n|upkeep\n|\n|t:|1699079193\n|switch|p2a: Venomoth|Venomoth, M|100\/100\n|switch|p1b: Oranguru|Oranguru, F|100\/100\n|turn|6\n|\n|t:|1699079208\n|move|p1a: Sableye|Skill Swap|p1b: Oranguru\n|-activate|p1a: Sableye|move: Skill Swap|||[of] p1b: Oranguru\n|move|p1b: Oranguru|Substitute|p1b: Oranguru\n|-start|p1b: Oranguru|Substitute\n|-damage|p1b: Oranguru|76\/100\n|move|p2b: Uxie|Stored Power|p1b: Oranguru\n|-resisted|p1b: Oranguru\n|-end|p1b: Oranguru|Substitute\n|move|p2a: Venomoth|Quiver Dance|p2a: Venomoth\n|-boost|p2a: Venomoth|spa|1\n|-boost|p2a: Venomoth|spd|1\n|-boost|p2a: Venomoth|spe|1\n|-activate|p2b: Uxie|ability: Dancer\n|move|p2b: Uxie|Quiver Dance|p2b: Uxie|[from]ability: Dancer\n|-boost|p2b: Uxie|spa|1\n|-boost|p2b: Uxie|spd|1\n|-boost|p2b: Uxie|spe|1\n|\n|-end|p2b: Uxie|Encore\n|upkeep\n|turn|7\n|inactive|KoogShield has 120 seconds left.\n|inactive|lordofthediscs has 120 seconds left.\n|\n|t:|1699079253\n|switch|p1a: Ursaluna|Ursaluna, F|100\/100\n|move|p1b: Oranguru|Protect|p1b: Oranguru\n|-singleturn|p1b: Oranguru|Protect\n|move|p2b: Uxie|Stored Power|p1b: Oranguru\n|-activate|p1b: Oranguru|move: Protect\n|move|p2a: Venomoth|Skill Swap|p1b: Oranguru\n|-activate|p1b: Oranguru|move: Protect\n|\n|-status|p1a: Ursaluna|brn|[from] item: Flame Orb\n|upkeep\n|turn|8\n|inactive|lordofthediscs has 120 seconds left.\n|inactive|KoogShield has 120 seconds left.\n|\n|t:|1699079281\n|-terastallize|p1a: Ursaluna|Normal\n|move|p1b: Oranguru|After You|p1a: Ursaluna\n|-activate|p1a: Ursaluna|move: After You\n|move|p1a: Ursaluna|Facade|p2b: Uxie\n|-damage|p2b: Uxie|0 fnt\n|faint|p2b: Uxie\n|move|p2a: Venomoth|Skill Swap|p1b: Oranguru\n|-activate|p2a: Venomoth|move: Skill Swap|Prankster|Wonder Skin|[of] p1b: Oranguru\n|\n|-damage|p1a: Ursaluna|94\/100 brn|[from] brn\n|upkeep\n|inactive|lordofthediscs has 90 seconds left.\n|\n|t:|1699079317\n|switch|p2b: Delphox|Delphox, M|100\/100\n|turn|9\n|\n|t:|1699079335\n|switch|p1b: Tornadus|Tornadus, M|100\/100\n|move|p2a: Venomoth|Bug Buzz|p1a: Ursaluna\n|-damage|p1a: Ursaluna|42\/100 brn\n|-enditem|p2a: Venomoth|Throat Spray\n|-boost|p2a: Venomoth|spa|1|[from] item: Throat Spray\n|move|p2b: Delphox|Flamethrower|p1a: Ursaluna\n|-crit|p1a: Ursaluna\n|-damage|p1a: Ursaluna|0 fnt\n|faint|p1a: Ursaluna\n|\n|upkeep\n|\n|t:|1699079351\n|switch|p1a: Manaphy|Manaphy|100\/100\n|turn|10\n|inactive|lordofthediscs has 120 seconds left.\n|\n|t:|1699079370\n|move|p1b: Tornadus|Rain Dance|p1b: Tornadus\n|-weather|RainDance\n|move|p2a: Venomoth|Sludge Bomb|p1b: Tornadus\n|-damage|p1b: Tornadus|2\/100\n|move|p2b: Delphox|Dazzling Gleam|p1a: Manaphy|[spread] p1a,p1b\n|-damage|p1a: Manaphy|80\/100\n|-damage|p1b: Tornadus|0 fnt\n|faint|p1b: Tornadus\n|move|p1a: Manaphy|Surf|p2b: Delphox|[spread] p2a,p2b\n|-supereffective|p2b: Delphox\n|-damage|p2a: Venomoth|32\/100\n|-damage|p2b: Delphox|0 fnt\n|faint|p2b: Delphox\n|-damage|p1a: Manaphy|70\/100|[from] item: Life Orb\n|\n|-weather|RainDance|[upkeep]\n|upkeep\n|inactive|lordofthediscs has 120 seconds left.\n|\n|t:|1699079385\n|switch|p2b: Sylveon|Sylveon, F|100\/100\n|switch|p1b: Sableye|Sableye, M|93\/100\n|turn|11\n|\n|t:|1699079410\n|switch|p1a: Oranguru|Oranguru, F|76\/100\n|move|p1b: Sableye|Skill Swap|p1a: Oranguru\n|-activate|p1b: Sableye|move: Skill Swap|||[of] p1a: Oranguru\n|move|p2a: Venomoth|Bug Buzz|p1a: Oranguru\n|-supereffective|p1a: Oranguru\n|-damage|p1a: Oranguru|0 fnt\n|faint|p1a: Oranguru\n|move|p2b: Sylveon|Hyper Voice|p1b: Sableye\n|-supereffective|p1b: Sableye\n|-damage|p1b: Sableye|0 fnt\n|faint|p1b: Sableye\n|-enditem|p2b: Sylveon|Throat Spray\n|-boost|p2b: Sylveon|spa|1|[from] item: Throat Spray\n|\n|-weather|RainDance|[upkeep]\n|upkeep\n|\n|t:|1699079418\n|switch|p1b: Manaphy|Manaphy|70\/100\n|turn|12\n|\n|t:|1699079429\n|move|p2a: Venomoth|Bug Buzz|p1b: Manaphy\n|-damage|p1b: Manaphy|0 fnt\n|faint|p1b: Manaphy\n|\n|win|lordofthediscs\n|raw|KoogShield's rating: 1052 &rarr; <strong>1036<\/strong><br \/>(-16 for losing)\n|raw|lordofthediscs's rating: 1084 &rarr; <strong>1109<\/strong><br \/>(+25 for winning)\n|l|\u2606KoogShield\n","uploadtime":1699079438,"views":14,"p1id":"koogshield","p2id":"lordofthediscs","formatid":"gen9doublesou","rating":1036,"private":0,"password":""}