{"id":"gen9doublesou-2000020852","p1":"EmbraceAssassin","p2":"Straw-Hat26","format":"[Gen 9] Doubles OU","log":"|j|\u2606EmbraceAssassin\n|j|\u2606Straw-Hat26\n|t:|1701142133\n|gametype|doubles\n|player|p1|EmbraceAssassin|169|1273\n|player|p2|Straw-Hat26|101|1333\n|teamsize|p1|6\n|teamsize|p2|6\n|gen|9\n|tier|[Gen 9] Doubles OU\n|rated|\n|rule|Species Clause: Limit one of each Pok\u00e9mon\n|rule|OHKO Clause: OHKO moves are banned\n|rule|Evasion Moves Clause: Evasion moves are banned\n|rule|Gravity Sleep Clause: The combination of sleep-inducing moves with imperfect accuracy and Gravity or Gigantamax Orbeetle are banned\n|rule|Endless Battle Clause: Forcing endless battles is banned\n|rule|HP Percentage Mod: HP is shown in percentages\n|clearpoke\n|poke|p1|Sinistcha|\n|poke|p1|Thundurus, M|\n|poke|p1|Gholdengo|\n|poke|p1|Ogerpon-Wellspring, F|\n|poke|p1|Beartic, M|\n|poke|p1|Pelipper, M|\n|poke|p2|Manaphy|\n|poke|p2|Amoonguss, M|\n|poke|p2|Sableye, M|\n|poke|p2|Garganacl, M|\n|poke|p2|Rillaboom, M|\n|poke|p2|Volcarona, F|\n|teampreview\n|\n|t:|1701142156\n|start\n|switch|p1a: Thundurus|Thundurus, M, shiny|100\/100\n|switch|p1b: Pelipper|Pelipper, M, shiny|100\/100\n|switch|p2a: Amoonguss|Amoonguss, M|100\/100\n|switch|p2b: Sableye|Sableye, M|100\/100\n|-weather|RainDance|[from] ability: Drizzle|[of] p1b: Pelipper\n|turn|1\n|inactive|Battle timer is ON: inactive players will automatically lose when time's up. (requested by Straw-Hat26)\n|\n|t:|1701142189\n|move|p2a: Amoonguss|Protect|p2a: Amoonguss\n|-singleturn|p2a: Amoonguss|Protect\n|move|p1a: Thundurus|Swagger|p2b: Sableye\n|-hint|Since gen 7, Dark is immune to Prankster moves.\n|-immune|p2b: Sableye\n|move|p2b: Sableye|Taunt|p1a: Thundurus\n|-start|p1a: Thundurus|move: Taunt\n|move|p1b: Pelipper|Hurricane|p2a: Amoonguss\n|-activate|p2a: Amoonguss|move: Protect\n|\n|-weather|RainDance|[upkeep]\n|upkeep\n|turn|2\n|\n|t:|1701142213\n|move|p2b: Sableye|Skill Swap|p2a: Amoonguss\n|-activate|p2b: Sableye|move: Skill Swap|||[of] p2a: Amoonguss\n|move|p2a: Amoonguss|Spore|p1b: Pelipper\n|-status|p1b: Pelipper|slp|[from] move: Spore\n|move|p1a: Thundurus|Wildbolt Storm|p2a: Amoonguss|[spread] p2a,p2b\n|-resisted|p2a: Amoonguss\n|-damage|p2a: Amoonguss|90\/100\n|-damage|p2b: Sableye|52\/100\n|cant|p1b: Pelipper|slp\n|\n|-weather|RainDance|[upkeep]\n|-heal|p2a: Amoonguss|96\/100|[from] item: Leftovers\n|upkeep\n|turn|3\n|\n|t:|1701142227\n|switch|p2b: Rillaboom|Rillaboom, M|100\/100\n|-fieldstart|move: Grassy Terrain|[from] ability: Grassy Surge|[of] p2b: Rillaboom\n|-enditem|p2b: Rillaboom|Grassy Seed\n|-boost|p2b: Rillaboom|def|1|[from] item: Grassy Seed\n|move|p2a: Amoonguss|Spore|p1a: Thundurus\n|-status|p1a: Thundurus|slp|[from] move: Spore\n|cant|p1a: Thundurus|slp\n|-curestatus|p1b: Pelipper|slp|[msg]\n|move|p1b: Pelipper|Hurricane|p2a: Amoonguss\n|-supereffective|p2a: Amoonguss\n|-damage|p2a: Amoonguss|32\/100\n|\n|-weather|RainDance|[upkeep]\n|-heal|p2a: Amoonguss|39\/100|[from] Grassy Terrain\n|-heal|p2a: Amoonguss|45\/100|[from] item: Leftovers\n|upkeep\n|turn|4\n|\n|t:|1701142248\n|move|p2a: Amoonguss|Spore|p1b: Pelipper\n|-status|p1b: Pelipper|slp|[from] move: Spore\n|move|p2b: Rillaboom|Swords Dance|p2b: Rillaboom\n|-boost|p2b: Rillaboom|atk|2\n|cant|p1a: Thundurus|slp\n|cant|p1b: Pelipper|slp\n|\n|-weather|RainDance|[upkeep]\n|-heal|p2a: Amoonguss|51\/100|[from] Grassy Terrain\n|-heal|p2a: Amoonguss|57\/100|[from] item: Leftovers\n|-end|p1a: Thundurus|move: Taunt\n|upkeep\n|turn|5\n|\n|t:|1701142265\n|-curestatus|p1a: Thundurus|slp|[msg]\n|move|p1a: Thundurus|Swagger|p2b: Rillaboom\n|-boost|p2b: Rillaboom|atk|2\n|-start|p2b: Rillaboom|confusion\n|move|p2a: Amoonguss|Synthesis|p2a: Amoonguss\n|-heal|p2a: Amoonguss|82\/100\n|-activate|p2b: Rillaboom|confusion\n|move|p2b: Rillaboom|Swords Dance|p2b: Rillaboom\n|-boost|p2b: Rillaboom|atk|2\n|-curestatus|p1b: Pelipper|slp|[msg]\n|move|p1b: Pelipper|Hurricane|p2b: Rillaboom\n|-supereffective|p2b: Rillaboom\n|-damage|p2b: Rillaboom|0 fnt\n|faint|p2b: Rillaboom\n|\n|-weather|none\n|-heal|p2a: Amoonguss|88\/100|[from] Grassy Terrain\n|-heal|p2a: Amoonguss|94\/100|[from] item: Leftovers\n|upkeep\n|\n|t:|1701142284\n|switch|p2b: Volcarona|Volcarona, F|100\/100\n|turn|6\n|\n|t:|1701142295\n|-terastallize|p2b: Volcarona|Steel\n|move|p1a: Thundurus|Rain Dance|p1a: Thundurus\n|-weather|RainDance\n|move|p2a: Amoonguss|Spore|p1a: Thundurus\n|-status|p1a: Thundurus|slp|[from] move: Spore\n|move|p2b: Volcarona|Quiver Dance|p2b: Volcarona\n|-boost|p2b: Volcarona|spa|1\n|-boost|p2b: Volcarona|spd|1\n|-boost|p2b: Volcarona|spe|1\n|move|p1b: Pelipper|Hurricane|p2b: Volcarona\n|-resisted|p2b: Volcarona\n|-damage|p2b: Volcarona|85\/100\n|\n|-weather|RainDance|[upkeep]\n|-heal|p2b: Volcarona|91\/100|[from] Grassy Terrain\n|-heal|p2a: Amoonguss|99\/100|[from] Grassy Terrain\n|-heal|p2a: Amoonguss|100\/100|[from] item: Leftovers\n|upkeep\n|turn|7\n|\n|t:|1701142312\n|move|p2a: Amoonguss|Spore|p1b: Pelipper\n|-status|p1b: Pelipper|slp|[from] move: Spore\n|move|p2b: Volcarona|Quiver Dance|p2b: Volcarona\n|-boost|p2b: Volcarona|spa|1\n|-boost|p2b: Volcarona|spd|1\n|-boost|p2b: Volcarona|spe|1\n|cant|p1a: Thundurus|slp\n|cant|p1b: Pelipper|slp\n|\n|-weather|RainDance|[upkeep]\n|-heal|p2b: Volcarona|97\/100|[from] Grassy Terrain\n|-fieldend|move: Grassy Terrain\n|upkeep\n|turn|8\n|\n|t:|1701142331\n|switch|p1b: Ogerpon|Ogerpon-Wellspring, F|100\/100\n|move|p2b: Volcarona|Quiver Dance|p2b: Volcarona\n|-boost|p2b: Volcarona|spa|1\n|-boost|p2b: Volcarona|spd|1\n|-boost|p2b: Volcarona|spe|1\n|-curestatus|p1a: Thundurus|slp|[msg]\n|move|p1a: Thundurus|Wildbolt Storm|p2b: Volcarona|[spread] p2a,p2b\n|-resisted|p2a: Amoonguss\n|-damage|p2a: Amoonguss|91\/100\n|-damage|p2b: Volcarona|84\/100\n|move|p2a: Amoonguss|Pollen Puff|p2b: Volcarona\n|-heal|p2b: Volcarona|100\/100\n|\n|-weather|RainDance|[upkeep]\n|-heal|p2a: Amoonguss|97\/100|[from] item: Leftovers\n|upkeep\n|turn|9\n|\n|t:|1701142348\n|-terastallize|p1b: Ogerpon|Water\n|detailschange|p1b: Ogerpon|Ogerpon-Wellspring-Tera, F, tera:Water\n|-ability|p1b: Ogerpon|Embody Aspect (Wellspring)|boost\n|-boost|p1b: Ogerpon|spd|1\n|move|p2a: Amoonguss|Spore|p1a: Thundurus\n|-status|p1a: Thundurus|slp|[from] move: Spore\n|move|p2b: Volcarona|Bug Buzz|p1b: Ogerpon\n|-damage|p1b: Ogerpon|14\/100\n|cant|p1a: Thundurus|slp\n|move|p1b: Ogerpon|Ivy Cudgel|p2b: Volcarona|[anim] Ivy Cudgel Water\n|-damage|p2b: Volcarona|0 fnt\n|faint|p2b: Volcarona\n|\n|-weather|RainDance|[upkeep]\n|-heal|p2a: Amoonguss|100\/100|[from] item: Leftovers\n|upkeep\n|\n|t:|1701142368\n|switch|p2b: Garganacl|Garganacl, M|100\/100\n|turn|10\n|\n|t:|1701142378\n|switch|p1a: Sinistcha|Sinistcha, shiny|100\/100\n|-heal|p1b: Ogerpon|39\/100|[from] ability: Hospitality|[of] p1a: Sinistcha\n|move|p2a: Amoonguss|Spore|p1b: Ogerpon\n|-status|p1b: Ogerpon|slp|[from] move: Spore\n|cant|p1b: Ogerpon|slp\n|move|p2b: Garganacl|Iron Defense|p2b: Garganacl\n|-boost|p2b: Garganacl|def|2\n|\n|-weather|none\n|upkeep\n|turn|11\n|\n|t:|1701142397\n|cant|p1b: Ogerpon|slp\n|move|p1a: Sinistcha|Matcha Gotcha|p2b: Garganacl|[spread] p2a,p2b\n|-resisted|p2a: Amoonguss\n|-supereffective|p2b: Garganacl\n|-damage|p2a: Amoonguss|96\/100\n|-damage|p2b: Garganacl|66\/100\n|move|p2b: Garganacl|Body Press|p1b: Ogerpon\n|-damage|p1b: Ogerpon|0 fnt\n|faint|p1b: Ogerpon\n|move|p2a: Amoonguss|Pollen Puff|p1a: Sinistcha\n|-damage|p1a: Sinistcha|83\/100\n|\n|-heal|p2b: Garganacl|72\/100|[from] item: Leftovers\n|-heal|p2a: Amoonguss|100\/100|[from] item: Leftovers\n|upkeep\n|\n|t:|1701142411\n|switch|p1b: Pelipper|Pelipper, M, shiny|100\/100 slp\n|-weather|RainDance|[from] ability: Drizzle|[of] p1b: Pelipper\n|turn|12\n|\n|t:|1701142423\n|-curestatus|p1b: Pelipper|slp|[msg]\n|move|p1b: Pelipper|Weather Ball|p2b: Garganacl\n|-supereffective|p2b: Garganacl\n|-damage|p2b: Garganacl|0 fnt\n|faint|p2b: Garganacl\n|move|p1a: Sinistcha|Matcha Gotcha|p2a: Amoonguss\n|-resisted|p2a: Amoonguss\n|-damage|p2a: Amoonguss|95\/100\n|-heal|p1a: Sinistcha|86\/100|[from] drain|[of] p2a: Amoonguss\n|move|p2a: Amoonguss|Pollen Puff|p2: Garganacl|[notarget]\n|-fail|p2a: Amoonguss\n|\n|-weather|RainDance|[upkeep]\n|-heal|p2a: Amoonguss|100\/100|[from] item: Leftovers\n|upkeep\n|\n|t:|1701142430\n|switch|p2b: Manaphy|Manaphy|100\/100\n|turn|13\n|\n|t:|1701142456\n|move|p2a: Amoonguss|Spore|p1b: Pelipper\n|-status|p1b: Pelipper|slp|[from] move: Spore\n|move|p2b: Manaphy|Ice Beam|p1a: Sinistcha\n|-supereffective|p1a: Sinistcha\n|-damage|p1a: Sinistcha|48\/100\n|-enditem|p1a: Sinistcha|Sitrus Berry|[eat]\n|-heal|p1a: Sinistcha|72\/100|[from] item: Sitrus Berry\n|cant|p1b: Pelipper|slp\n|move|p1a: Sinistcha|Matcha Gotcha|p2a: Amoonguss|[spread] p2a\n|-miss|p1a: Sinistcha|p2b: Manaphy\n|-resisted|p2a: Amoonguss\n|-damage|p2a: Amoonguss|96\/100\n|-heal|p1a: Sinistcha|75\/100|[from] drain|[of] p2a: Amoonguss\n|\n|-weather|RainDance|[upkeep]\n|-heal|p2a: Amoonguss|100\/100|[from] item: Leftovers\n|upkeep\n|turn|14\n|\n|t:|1701142476\n|move|p2b: Manaphy|Ice Beam|p1a: Sinistcha\n|-supereffective|p1a: Sinistcha\n|-damage|p1a: Sinistcha|33\/100\n|cant|p1b: Pelipper|slp\n|move|p1a: Sinistcha|Matcha Gotcha|p2a: Amoonguss|[spread] p2a\n|-miss|p1a: Sinistcha|p2b: Manaphy\n|-resisted|p2a: Amoonguss\n|-damage|p2a: Amoonguss|96\/100\n|-heal|p1a: Sinistcha|35\/100|[from] drain|[of] p2a: Amoonguss\n|move|p2a: Amoonguss|Pollen Puff|p1a: Sinistcha\n|-damage|p1a: Sinistcha|18\/100\n|\n|-weather|RainDance|[upkeep]\n|-heal|p2a: Amoonguss|100\/100|[from] item: Leftovers\n|upkeep\n|turn|15\n|\n|t:|1701142498\n|move|p2a: Amoonguss|Protect|p2a: Amoonguss\n|-singleturn|p2a: Amoonguss|Protect\n|-curestatus|p1b: Pelipper|slp|[msg]\n|move|p1b: Pelipper|Hurricane|p2a: Amoonguss\n|-activate|p2a: Amoonguss|move: Protect\n|move|p2b: Manaphy|Ice Beam|p1a: Sinistcha\n|-supereffective|p1a: Sinistcha\n|-damage|p1a: Sinistcha|0 fnt\n|faint|p1a: Sinistcha\n|\n|-weather|RainDance|[upkeep]\n|upkeep\n|\n|t:|1701142509\n|switch|p1a: Beartic|Beartic, M, shiny|100\/100\n|turn|16\n|\n|t:|1701142522\n|move|p2a: Amoonguss|Spore|p1b: Pelipper\n|-status|p1b: Pelipper|slp|[from] move: Spore\n|move|p1a: Beartic|Play Rough|p2b: Manaphy\n|-damage|p2b: Manaphy|74\/100\n|-damage|p1a: Beartic|91\/100|[from] item: Life Orb\n|cant|p1b: Pelipper|slp\n|move|p2b: Manaphy|Scald|p1a: Beartic\n|-damage|p1a: Beartic|36\/100\n|\n|-weather|none\n|-heal|p2b: Manaphy|80\/100|[from] item: Leftovers\n|upkeep\n|turn|17\n|\n|t:|1701142540\n|switch|p1b: Thundurus|Thundurus, M, shiny|100\/100 slp\n|move|p1a: Beartic|Protect|p1a: Beartic\n|-singleturn|p1a: Beartic|Protect\n|move|p2a: Amoonguss|Spore|p1a: Beartic\n|-activate|p1a: Beartic|move: Protect\n|move|p2b: Manaphy|Scald|p1a: Beartic\n|-activate|p1a: Beartic|move: Protect\n|\n|-heal|p2b: Manaphy|86\/100|[from] item: Leftovers\n|upkeep\n|turn|18\n|\n|t:|1701142551\n|cant|p1b: Thundurus|slp\n|move|p2a: Amoonguss|Spore|p1a: Beartic\n|-status|p1a: Beartic|slp|[from] move: Spore\n|move|p2b: Manaphy|Ice Beam|p1b: Thundurus\n|-supereffective|p1b: Thundurus\n|-damage|p1b: Thundurus|55\/100 slp\n|cant|p1a: Beartic|slp\n|\n|-heal|p2b: Manaphy|92\/100|[from] item: Leftovers\n|upkeep\n|turn|19\n|\n|t:|1701142563\n|cant|p1b: Thundurus|slp\n|move|p2b: Manaphy|Ice Beam|p1b: Thundurus\n|-supereffective|p1b: Thundurus\n|-damage|p1b: Thundurus|13\/100 slp\n|cant|p1a: Beartic|slp\n|move|p2a: Amoonguss|Pollen Puff|p1a: Beartic\n|-damage|p1a: Beartic|12\/100 slp\n|\n|-heal|p2b: Manaphy|98\/100|[from] item: Leftovers\n|upkeep\n|turn|20\n|\n|t:|1701142580\n|-curestatus|p1b: Thundurus|slp|[msg]\n|move|p1b: Thundurus|Rain Dance|p1b: Thundurus\n|-weather|RainDance\n|cant|p1a: Beartic|slp\n|move|p2b: Manaphy|Scald|p1a: Beartic\n|-crit|p1a: Beartic\n|-damage|p1a: Beartic|0 fnt\n|faint|p1a: Beartic\n|move|p2a: Amoonguss|Pollen Puff|p1b: Thundurus\n|-resisted|p1b: Thundurus\n|-damage|p1b: Thundurus|3\/100\n|\n|-weather|RainDance|[upkeep]\n|-heal|p2b: Manaphy|100\/100|[from] item: Leftovers\n|upkeep\n|inactive|EmbraceAssassin has 120 seconds left.\n|\n|t:|1701142601\n|switch|p1a: Pelipper|Pelipper, M, shiny|100\/100 slp\n|turn|21\n|\n|t:|1701142606\n|move|p2a: Amoonguss|Protect|p2a: Amoonguss\n|-singleturn|p2a: Amoonguss|Protect\n|move|p1b: Thundurus|Snarl|p2a: Amoonguss|[spread] p2b\n|-activate|p2a: Amoonguss|move: Protect\n|-damage|p2b: Manaphy|90\/100\n|-unboost|p2b: Manaphy|spa|1\n|move|p2b: Manaphy|Ice Beam|p1b: Thundurus\n|-supereffective|p1b: Thundurus\n|-damage|p1b: Thundurus|0 fnt\n|faint|p1b: Thundurus\n|cant|p1a: Pelipper|slp\n|\n|-weather|RainDance|[upkeep]\n|-heal|p2b: Manaphy|96\/100|[from] item: Leftovers\n|upkeep\n|\n|t:|1701142616\n|switch|p1b: Gholdengo|Gholdengo, shiny|100\/100\n|-item|p1b: Gholdengo|Air Balloon\n|turn|22\n|\n|t:|1701142625\n|move|p1b: Gholdengo|Nasty Plot|p1b: Gholdengo\n|-boost|p1b: Gholdengo|spa|2\n|move|p2b: Manaphy|Heart Swap|p1b: Gholdengo\n|-immune|p1b: Gholdengo|[from] ability: Good as Gold\n|cant|p1a: Pelipper|slp\n|move|p2a: Amoonguss|Pollen Puff|p2b: Manaphy\n|-heal|p2b: Manaphy|100\/100\n|\n|-weather|RainDance|[upkeep]\n|upkeep\n|turn|23\n|\n|t:|1701142641\n|move|p1b: Gholdengo|Dazzling Gleam|p2b: Manaphy|[spread] p2a,p2b\n|-resisted|p2a: Amoonguss\n|-damage|p2a: Amoonguss|87\/100\n|-damage|p2b: Manaphy|69\/100\n|-curestatus|p1a: Pelipper|slp|[msg]\n|move|p1a: Pelipper|Hurricane|p2a: Amoonguss\n|-supereffective|p2a: Amoonguss\n|-damage|p2a: Amoonguss|26\/100\n|move|p2b: Manaphy|Heart Swap|p1a: Pelipper\n|-swapboost|p2b: Manaphy|p1a: Pelipper|[from] move: Heart Swap\n|move|p2a: Amoonguss|Pollen Puff|p1b: Gholdengo\n|-resisted|p1b: Gholdengo\n|-damage|p1b: Gholdengo|96\/100\n|-enditem|p1b: Gholdengo|Air Balloon\n|\n|-weather|RainDance|[upkeep]\n|-heal|p2b: Manaphy|75\/100|[from] item: Leftovers\n|-heal|p2a: Amoonguss|32\/100|[from] item: Leftovers\n|upkeep\n|turn|24\n|\n|t:|1701142666\n|move|p2a: Amoonguss|Spore|p1a: Pelipper\n|-status|p1a: Pelipper|slp|[from] move: Spore\n|move|p1b: Gholdengo|Shadow Ball|p2a: Amoonguss\n|-damage|p2a: Amoonguss|0 fnt\n|faint|p2a: Amoonguss\n|move|p2b: Manaphy|Scald|p1b: Gholdengo\n|-damage|p1b: Gholdengo|47\/100\n|cant|p1a: Pelipper|slp\n|\n|-weather|none\n|-heal|p2b: Manaphy|81\/100|[from] item: Leftovers\n|upkeep\n|\n|t:|1701142672\n|switch|p2a: Sableye|Sableye, M|85\/100\n|turn|25\n|\n|t:|1701142684\n|move|p2a: Sableye|Disable|p1b: Gholdengo\n|-immune|p1b: Gholdengo|[from] ability: Good as Gold\n|move|p1b: Gholdengo|Dazzling Gleam|p2b: Manaphy|[spread] p2a,p2b\n|-supereffective|p2a: Sableye\n|-damage|p2a: Sableye|0 fnt\n|-damage|p2b: Manaphy|49\/100\n|faint|p2a: Sableye\n|move|p2b: Manaphy|Scald|p1b: Gholdengo\n|-damage|p1b: Gholdengo|15\/100\n|-curestatus|p1a: Pelipper|slp|[msg]\n|move|p1a: Pelipper|Hurricane|p2b: Manaphy\n|-damage|p2b: Manaphy|26\/100\n|\n|-heal|p2b: Manaphy|32\/100|[from] item: Leftovers\n|upkeep\n|turn|26\n|\n|t:|1701142703\n|move|p2b: Manaphy|Protect|p2b: Manaphy\n|-singleturn|p2b: Manaphy|Protect\n|move|p1b: Gholdengo|Make It Rain|p2b: Manaphy\n|-activate|p2b: Manaphy|move: Protect\n|move|p1a: Pelipper|Hurricane|p2b: Manaphy\n|-activate|p2b: Manaphy|move: Protect\n|\n|-heal|p2b: Manaphy|38\/100|[from] item: Leftovers\n|upkeep\n|turn|27\n|\n|t:|1701142710\n|move|p1b: Gholdengo|Make It Rain|p2b: Manaphy\n|-resisted|p2b: Manaphy\n|-damage|p2b: Manaphy|0 fnt\n|-unboost|p1b: Gholdengo|spa|1\n|faint|p2b: Manaphy\n|\n|win|EmbraceAssassin\n|raw|EmbraceAssassin's rating: 1273 &rarr; <strong>1302<\/strong><br \/>(+29 for winning)\n|raw|Straw-Hat26's rating: 1333 &rarr; <strong>1310<\/strong><br \/>(-23 for losing)\n|l|\u2606Straw-Hat26\n","uploadtime":1701142732,"views":11,"p1id":"embraceassassin","p2id":"strawhat26","formatid":"gen9doublesou","rating":1302,"private":0,"password":""}