{"id":"gen9doublesou-1994154096","p1":"princessofsilly","p2":"CoreSolis","format":"[Gen 9] Doubles OU","log":"|j|\u2606princessofsilly\n|j|\u2606CoreSolis\n|t:|1700413157\n|gametype|doubles\n|player|p1|princessofsilly|lady-gen4|\n|player|p2|CoreSolis|pokemonrangerf|\n|teamsize|p1|6\n|teamsize|p2|6\n|gen|9\n|tier|[Gen 9] Doubles OU\n|rule|Species Clause: Limit one of each Pok\u00e9mon\n|rule|OHKO Clause: OHKO moves are banned\n|rule|Evasion Moves Clause: Evasion moves are banned\n|rule|Gravity Sleep Clause: The combination of sleep-inducing moves with imperfect accuracy and Gravity or Gigantamax Orbeetle are banned\n|rule|Endless Battle Clause: Forcing endless battles is banned\n|rule|HP Percentage Mod: HP is shown in percentages\n|clearpoke\n|poke|p1|Azelf|\n|poke|p1|Meloetta|\n|poke|p1|Flutter Mane|\n|poke|p1|Tornadus, M|\n|poke|p1|Brambleghast, M|\n|poke|p1|Ogerpon-Hearthflame, F|\n|poke|p2|Zoroark-Hisui, F|\n|poke|p2|Sinistcha-Masterpiece|\n|poke|p2|Enamorus, F|\n|poke|p2|Tornadus, M|\n|poke|p2|Volcarona, M|\n|poke|p2|Ogerpon-Hearthflame, F|\n|teampreview\n|inactive|Battle timer is ON: inactive players will automatically lose when time's up. (requested by princessofsilly)\n|\n|t:|1700413177\n|start\n|switch|p1a: seratonin|Azelf|100\/100\n|switch|p1b: like its meant to|Meloetta|100\/100\n|switch|p2a: Tornadus|Tornadus, M|100\/100\n|switch|p2b: Enamorus|Enamorus, F|100\/100\n|turn|1\n|\n|t:|1700413196\n|move|p2a: Tornadus|Taunt|p1b: like its meant to\n|-start|p1b: like its meant to|move: Taunt\n|move|p1a: seratonin|Round|p2b: Enamorus\n|-damage|p2b: Enamorus|81\/100\n|move|p1b: like its meant to|Round|p2b: Enamorus|[from]move: Round\n|-damage|p2b: Enamorus|0 fnt\n|faint|p2b: Enamorus\n|\n|upkeep\n|\n|t:|1700413202\n|switch|p2b: Ogerpon|Ogerpon-Hearthflame, F|100\/100\n|turn|2\n|\n|t:|1700413218\n|replace|p2b: Zoroark|Zoroark-Hisui, F, shiny\n|-end|p2b: Zoroark|Illusion\n|-terastallize|p2b: Zoroark|Ghost\n|move|p2a: Tornadus|Tailwind|p2a: Tornadus\n|-sidestart|p2: CoreSolis|move: Tailwind\n|move|p2b: Zoroark|Shadow Ball|p1a: seratonin\n|-supereffective|p1a: seratonin\n|-damage|p1a: seratonin|0 fnt\n|faint|p1a: seratonin\n|move|p1b: like its meant to|Round|p2b: Zoroark\n|-immune|p2b: Zoroark\n|\n|upkeep\n|\n|t:|1700413232\n|switch|p1a: zoom|Flutter Mane|100\/100\n|-enditem|p1a: zoom|Booster Energy\n|-activate|p1a: zoom|ability: Protosynthesis|[fromitem]\n|-start|p1a: zoom|protosynthesisspe\n|turn|3\n|\n|t:|1700413243\n|move|p1a: zoom|Protect|p1a: zoom\n|-singleturn|p1a: zoom|Protect\n|move|p2a: Tornadus|Bleakwind Storm|p1b: like its meant to|[spread] \n|-activate|p1a: zoom|move: Protect\n|-miss|p2a: Tornadus|p1b: like its meant to\n|move|p2b: Zoroark|Shadow Ball|p1a: zoom\n|-activate|p1a: zoom|move: Protect\n|move|p1b: like its meant to|Round|p2a: Tornadus\n|-damage|p2a: Tornadus|34\/100\n|\n|-end|p1b: like its meant to|move: Taunt\n|upkeep\n|turn|4\n|\n|t:|1700413263\n|-terastallize|p1a: zoom|Dark\n|move|p2a: Tornadus|Protect|p2a: Tornadus\n|-singleturn|p2a: Tornadus|Protect\n|move|p2b: Zoroark|Shadow Ball|p1a: zoom\n|-resisted|p1a: zoom\n|-damage|p1a: zoom|73\/100\n|move|p1a: zoom|Shadow Ball|p2b: Zoroark\n|-supereffective|p2b: Zoroark\n|-damage|p2b: Zoroark|0 fnt\n|faint|p2b: Zoroark\n|move|p1b: like its meant to|Round|p2a: Tornadus\n|-activate|p2a: Tornadus|move: Protect\n|\n|upkeep\n|c|\u2606CoreSolis|meloetta a baddie\n|\n|t:|1700413275\n|switch|p2b: Sinistcha|Sinistcha-Masterpiece, shiny|100\/100\n|-heal|p2a: Tornadus|59\/100|[from] ability: Hospitality|[of] p2b: Sinistcha\n|turn|5\n|\n|t:|1700413283\n|move|p2b: Sinistcha|Rage Powder|p2b: Sinistcha\n|-singleturn|p2b: Sinistcha|move: Rage Powder\n|move|p2a: Tornadus|Bleakwind Storm|p1a: zoom|[spread] p1a,p1b\n|-crit|p1b: like its meant to\n|-damage|p1a: zoom|30\/100\n|-damage|p1b: like its meant to|59\/100\n|-unboost|p1b: like its meant to|spe|1\n|move|p1a: zoom|Shadow Ball|p2b: Sinistcha\n|-supereffective|p2b: Sinistcha\n|-damage|p2b: Sinistcha|6\/100\n|move|p1b: like its meant to|Round|p2b: Sinistcha\n|-immune|p2b: Sinistcha\n|\n|-heal|p2b: Sinistcha|12\/100|[from] item: Leftovers\n|-sideend|p2: CoreSolis|move: Tailwind\n|upkeep\n|turn|6\n|\n|t:|1700413299\n|move|p2b: Sinistcha|Rage Powder|p2b: Sinistcha\n|-singleturn|p2b: Sinistcha|move: Rage Powder\n|move|p2a: Tornadus|Tailwind|p2a: Tornadus\n|-sidestart|p2: CoreSolis|move: Tailwind\n|move|p1a: zoom|Shadow Ball|p2b: Sinistcha\n|-supereffective|p2b: Sinistcha\n|-damage|p2b: Sinistcha|0 fnt\n|faint|p2b: Sinistcha\n|move|p1b: like its meant to|Round|p2a: Tornadus\n|-damage|p2a: Tornadus|0 fnt\n|faint|p2a: Tornadus\n|\n|upkeep\n|\n|t:|1700413304\n|switch|p2a: Volcarona|Volcarona, M|100\/100\n|switch|p2b: Ogerpon|Ogerpon-Hearthflame, F|100\/100\n|-ability|p2b: Ogerpon|Mold Breaker\n|turn|7\n|\n|t:|1700413330\n|move|p2a: Volcarona|Protect|p2a: Volcarona\n|-singleturn|p2a: Volcarona|Protect\n|move|p2b: Ogerpon|Knock Off|p1b: like its meant to\n|-supereffective|p1b: like its meant to\n|-damage|p1b: like its meant to|0 fnt\n|-enditem|p1b: like its meant to|Choice Specs|[from] move: Knock Off|[of] p2b: Ogerpon\n|faint|p1b: like its meant to\n|move|p1a: zoom|Power Gem|p2a: Volcarona\n|-activate|p2a: Volcarona|move: Protect\n|\n|upkeep\n|\n|t:|1700413341\n|switch|p1b: ballin|Brambleghast, M|100\/100\n|turn|8\n|\n|t:|1700413358\n|move|p1a: zoom|Protect|p1a: zoom\n|-singleturn|p1a: zoom|Protect\n|move|p2a: Volcarona|Heat Wave|p1a: zoom|[spread] \n|-activate|p1a: zoom|move: Protect\n|-ability|p1b: ballin|Wind Rider|boost\n|-boost|p1b: ballin|atk|1\n|move|p2b: Ogerpon|Ivy Cudgel|p1b: ballin|[anim] Ivy Cudgel Fire\n|-supereffective|p1b: ballin\n|-damage|p1b: ballin|0 fnt\n|faint|p1b: ballin\n|\n|upkeep\n|\n|t:|1700413368\n|switch|p1b: i like it|Ogerpon-Hearthflame, F|100\/100\n|-ability|p1b: i like it|Mold Breaker\n|turn|9\n|\n|t:|1700413399\n|-end|p1a: zoom|Protosynthesis|[silent]\n|switch|p1a: grandpa lakitu|Tornadus, M|100\/100\n|move|p2a: Volcarona|Heat Wave|p1b: i like it|[spread] p1a\n|-miss|p2a: Volcarona|p1b: i like it\n|-damage|p1a: grandpa lakitu|71\/100\n|move|p2b: Ogerpon|Ivy Cudgel|p1b: i like it|[anim] Ivy Cudgel Fire\n|-crit|p1b: i like it\n|-damage|p1b: i like it|0 fnt\n|faint|p1b: i like it\n|\n|-sideend|p2: CoreSolis|move: Tailwind\n|upkeep\n|\n|t:|1700413410\n|switch|p1b: zoom|Flutter Mane, tera:Dark|30\/100\n|turn|10\n|\n|t:|1700413427\n|move|p1a: grandpa lakitu|Protect|p1a: grandpa lakitu\n|-singleturn|p1a: grandpa lakitu|Protect\n|move|p1b: zoom|Protect|p1b: zoom\n|-singleturn|p1b: zoom|Protect\n|move|p2a: Volcarona|Protect|p2a: Volcarona\n|-singleturn|p2a: Volcarona|Protect\n|move|p2b: Ogerpon|Spiky Shield||[still]\n|-fail|p2b: Ogerpon\n|\n|upkeep\n|turn|11\n|c|\u2606CoreSolis|lol\n|c|\u2606princessofsilly|lmao\n|\n|t:|1700413446\n|move|p1a: grandpa lakitu|Tailwind|p1a: grandpa lakitu\n|-sidestart|p1: princessofsilly|move: Tailwind\n|move|p1b: zoom|Power Gem|p2b: Ogerpon\n|-supereffective|p2b: Ogerpon\n|-damage|p2b: Ogerpon|31\/100\n|move|p2a: Volcarona|Heat Wave|p1a: grandpa lakitu|[spread] p1a,p1b\n|-crit|p1a: grandpa lakitu\n|-damage|p1a: grandpa lakitu|28\/100\n|-damage|p1b: zoom|0 fnt\n|faint|p1b: zoom\n|-end|p1b: zoom|Protosynthesis|[silent]\n|move|p2b: Ogerpon|Ivy Cudgel|p1a: grandpa lakitu|[anim] Ivy Cudgel Fire\n|-damage|p1a: grandpa lakitu|0 fnt\n|faint|p1a: grandpa lakitu\n|\n|win|CoreSolis\n|c|\u2606CoreSolis|gg\n|c|\u2606CoreSolis|reverse sweep moment\n|c|\u2606princessofsilly|ggs\n|c|\u2606princessofsilly|im happy with that\n|c|\u2606CoreSolis|imma flex this duel till i die\n|c|\u2606CoreSolis|frfr\n","uploadtime":1700413470,"views":14,"p1id":"princessofsilly","p2id":"coresolis","formatid":"gen9doublesou","rating":0,"private":0,"password":""}