{"id":"gen9doublesou-1975281448","p1":"pignitewaggy","p2":"squallo","format":"[Gen 9] Doubles OU","log":"|j|\u2606pignitewaggy\n|j|\u203dsquallo\n|t:|1698176218\n|gametype|doubles\n|player|p1|pignitewaggy|2|1147\n|player|p2|squallo|bugcatcher-gen4dp|1156\n|teamsize|p1|6\n|teamsize|p2|6\n|gen|9\n|tier|[Gen 9] Doubles OU\n|rated|\n|rule|Species Clause: Limit one of each Pok\u00e9mon\n|rule|OHKO Clause: OHKO moves are banned\n|rule|Evasion Moves Clause: Evasion moves are banned\n|rule|Gravity Sleep Clause: The combination of sleep-inducing moves with imperfect accuracy and Gravity or Gigantamax Orbeetle are banned\n|rule|Endless Battle Clause: Forcing endless battles is banned\n|rule|HP Percentage Mod: HP is shown in percentages\n|clearpoke\n|poke|p1|Gyarados, F|\n|poke|p1|Tornadus, M|\n|poke|p1|Iron Hands|\n|poke|p1|Orthworm, M|\n|poke|p1|Tauros-Paldea-Blaze, M|\n|poke|p1|Oranguru, F|\n|poke|p2|Ninetales-Alola, F|\n|poke|p2|Gallade, M|\n|poke|p2|Chansey, F|\n|poke|p2|Talonflame, F|\n|poke|p2|Milotic, F|\n|poke|p2|Ambipom, F|\n|teampreview\n|\n|t:|1698176222\n|start\n|switch|p1a: Tornadus|Tornadus, M, shiny|100\/100\n|switch|p1b: Orthworm|Orthworm, M|100\/100\n|switch|p2a: Ambipom|Ambipom, F|100\/100\n|switch|p2b: Gallade|Gallade, M, shiny|100\/100\n|turn|1\n|inactive|Battle timer is ON: inactive players will automatically lose when time's up. (requested by squallo)\n|\n|t:|1698176230\n|move|p2a: Ambipom|Fake Out|p1a: Tornadus\n|-damage|p1a: Tornadus|57\/100\n|-damage|p2a: Ambipom|91\/100|[from] item: Life Orb\n|cant|p1a: Tornadus|flinch\n|move|p2b: Gallade|Sacred Sword|p1b: Orthworm\n|-supereffective|p1b: Orthworm\n|-damage|p1b: Orthworm|13\/100\n|-enditem|p1b: Orthworm|Sitrus Berry|[eat]\n|-heal|p1b: Orthworm|38\/100|[from] item: Sitrus Berry\n|move|p1b: Orthworm|Shed Tail|p1b: Orthworm\n|-fail|p1b: Orthworm|move: Shed Tail|[weak]\n|\n|upkeep\n|turn|2\n|\n|t:|1698176248\n|move|p2b: Gallade|Sacred Sword|p1b: Orthworm\n|-supereffective|p1b: Orthworm\n|-damage|p1b: Orthworm|0 fnt\n|faint|p1b: Orthworm\n|move|p2a: Ambipom|Thunder Punch|p1a: Tornadus\n|-supereffective|p1a: Tornadus\n|-damage|p1a: Tornadus|0 fnt\n|faint|p1a: Tornadus\n|-damage|p2a: Ambipom|81\/100|[from] item: Life Orb\n|\n|upkeep\n|\n|t:|1698176261\n|switch|p1a: Oranguru|Oranguru, F|100\/100\n|switch|p1b: Iron Hands|Iron Hands|100\/100\n|turn|3\n|\n|t:|1698176279\n|switch|p2b: Talonflame|Talonflame, F|100\/100\n|move|p2a: Ambipom|Beat Up|p1a: Oranguru\n|-supereffective|p1a: Oranguru\n|-damage|p1a: Oranguru|81\/100\n|-supereffective|p1a: Oranguru\n|-damage|p1a: Oranguru|65\/100\n|-supereffective|p1a: Oranguru\n|-damage|p1a: Oranguru|59\/100\n|-supereffective|p1a: Oranguru\n|-damage|p1a: Oranguru|38\/100\n|-supereffective|p1a: Oranguru\n|-damage|p1a: Oranguru|25\/100\n|-supereffective|p1a: Oranguru\n|-damage|p1a: Oranguru|10\/100\n|-hitcount|p1a: Oranguru|6\n|-damage|p2a: Ambipom|71\/100|[from] item: Life Orb\n|move|p1b: Iron Hands|Belly Drum|p1b: Iron Hands\n|-damage|p1b: Iron Hands|50\/100\n|-setboost|p1b: Iron Hands|atk|6|[from] move: Belly Drum\n|-enditem|p1b: Iron Hands|Sitrus Berry|[eat]\n|-heal|p1b: Iron Hands|75\/100|[from] item: Sitrus Berry\n|move|p1a: Oranguru|Trick Room|p1a: Oranguru\n|-fieldstart|move: Trick Room|[of] p1a: Oranguru\n|\n|upkeep\n|turn|4\n|inactive|squallo has 120 seconds left.\n|\n|t:|1698176309\n|move|p2b: Talonflame|Brave Bird|p1b: Iron Hands\n|-damage|p1b: Iron Hands|45\/100\n|-damage|p2b: Talonflame|85\/100|[from] Recoil\n|move|p1a: Oranguru|Psychic|p2b: Talonflame\n|-damage|p2b: Talonflame|42\/100\n|move|p1b: Iron Hands|Wild Charge|p2b: Talonflame\n|-supereffective|p2b: Talonflame\n|-damage|p2b: Talonflame|0 fnt\n|faint|p2b: Talonflame\n|-damage|p1b: Iron Hands|38\/100|[from] Recoil\n|move|p2a: Ambipom|Beat Up|p1a: Oranguru\n|-supereffective|p1a: Oranguru\n|-damage|p1a: Oranguru|0 fnt\n|faint|p1a: Oranguru\n|-hitcount|p1: Oranguru|1\n|-damage|p2a: Ambipom|61\/100|[from] item: Life Orb\n|\n|upkeep\n|\n|t:|1698176332\n|switch|p1a: Tauros|Tauros-Paldea-Blaze, M|100\/100\n|switch|p2b: Milotic|Milotic, F, shiny|100\/100\n|-ability|p1a: Tauros|Intimidate|boost\n|-unboost|p2a: Ambipom|atk|1\n|-unboost|p2b: Milotic|atk|1\n|-ability|p2b: Milotic|Competitive|boost\n|-boost|p2b: Milotic|spa|2\n|-enditem|p1a: Tauros|Mirror Herb\n|-boost|p1a: Tauros|spa|2|[from] item: Mirror Herb\n|turn|5\n|\n|t:|1698176348\n|switch|p2a: Chansey|Chansey, F|100\/100\n|-terastallize|p2b: Milotic|Dragon\n|move|p1b: Iron Hands|Drain Punch|p2b: Milotic\n|-damage|p2b: Milotic|0 fnt\n|-heal|p1b: Iron Hands|81\/100|[from] drain|[of] p2b: Milotic\n|faint|p2b: Milotic\n|move|p1a: Tauros|Close Combat|p2a: Chansey\n|-supereffective|p2a: Chansey\n|-damage|p2a: Chansey|17\/100\n|-unboost|p1a: Tauros|def|1\n|-unboost|p1a: Tauros|spd|1\n|\n|upkeep\n|-message|squallo forfeited.\n|\n|win|pignitewaggy\n|raw|pignitewaggy's rating: 1147 &rarr; <strong>1173<\/strong><br \/>(+26 for winning)\n|raw|squallo's rating: 1156 &rarr; <strong>1130<\/strong><br \/>(-26 for losing)\n|l|\u203dsquallo\n","uploadtime":1698176372,"views":18,"p1id":"pignitewaggy","p2id":"squallo","formatid":"gen9doublesou","rating":1130,"private":0,"password":""}