{"id":"gen9doublesou-1968428903","p1":"putian_uzi","p2":"cotesmcgotes","format":"[Gen 9] Doubles OU","log":"|html|<div class=\"broadcast-blue\"><strong>[Gen 9] Doubles OU is currently suspecting Basculegion & Flutter Mane! For information on how to participate check out the <a href=\"https:\/\/www.smogon.com\/forums\/threads\/np-sv-dou-stage-8-double-trouble.3729153\/\">suspect thread<\/a>.<\/strong><\/div>\n|j|\u2606putian_uzi\n|j|\u2606cotesmcgotes\n|t:|1697417574\n|gametype|doubles\n|player|p1|putian_uzi|wattson|1312\n|player|p2|cotesmcgotes|flannery|1344\n|teamsize|p1|6\n|teamsize|p2|6\n|gen|9\n|tier|[Gen 9] Doubles OU\n|rated|\n|rule|Species Clause: Limit one of each Pok\u00e9mon\n|rule|OHKO Clause: OHKO moves are banned\n|rule|Evasion Moves Clause: Evasion moves are banned\n|rule|Gravity Sleep Clause: The combination of sleep-inducing moves with imperfect accuracy and Gravity or Gigantamax Orbeetle are banned\n|rule|Endless Battle Clause: Forcing endless battles is banned\n|rule|HP Percentage Mod: HP is shown in percentages\n|clearpoke\n|poke|p1|Amoonguss, F|\n|poke|p1|Torkoal, F|\n|poke|p1|Walking Wake|\n|poke|p1|Pelipper, F|\n|poke|p1|Crawdaunt, M|\n|poke|p1|Volcanion|\n|poke|p2|Manaphy|\n|poke|p2|Espathra, F|\n|poke|p2|Goodra-Hisui, M|\n|poke|p2|Ursaluna-Bloodmoon, M|\n|poke|p2|Ogerpon-Hearthflame, F|\n|poke|p2|Chien-Pao|\n|teampreview\n|\n|t:|1697417595\n|start\n|switch|p1a: Crawdaunt|Crawdaunt, M|100\/100\n|switch|p1b: Walking Wake|Walking Wake|100\/100\n|switch|p2a: Ogerpon|Ogerpon-Hearthflame, F|100\/100\n|switch|p2b: Goodra|Goodra-Hisui, M|100\/100\n|-ability|p2a: Ogerpon|Mold Breaker\n|turn|1\n|inactive|Battle timer is ON: inactive players will automatically lose when time's up. (requested by cotesmcgotes)\n|\n|t:|1697417622\n|move|p2a: Ogerpon|Spiky Shield|p2a: Ogerpon\n|-singleturn|p2a: Ogerpon|move: Protect\n|move|p1b: Walking Wake|Draco Meteor|p2a: Ogerpon\n|-activate|p2a: Ogerpon|move: Protect\n|move|p2b: Goodra|Acid Armor|p2b: Goodra\n|-boost|p2b: Goodra|def|2\n|move|p1a: Crawdaunt|Knock Off|p2a: Ogerpon\n|-activate|p2a: Ogerpon|move: Protect\n|-damage|p1a: Crawdaunt|88\/100|[from] Spiky Shield|[of] p2a: Ogerpon\n|\n|upkeep\n|turn|2\n|inactive|cotesmcgotes has 120 seconds left.\n|\n|t:|1697417660\n|switch|p2a: Chien-Pao|Chien-Pao|100\/100\n|-ability|p2a: Chien-Pao|Sword of Ruin\n|move|p1b: Walking Wake|Draco Meteor|p2a: Chien-Pao\n|-damage|p2a: Chien-Pao|0 fnt\n|-unboost|p1b: Walking Wake|spa|2\n|faint|p2a: Chien-Pao\n|move|p2b: Goodra|Body Press|p1a: Crawdaunt\n|-supereffective|p1a: Crawdaunt\n|-damage|p1a: Crawdaunt|3\/100\n|move|p1a: Crawdaunt|Knock Off|p2b: Goodra\n|-damage|p2b: Goodra|52\/100\n|-enditem|p2b: Goodra|Leftovers|[from] move: Knock Off|[of] p1a: Crawdaunt\n|\n|upkeep\n|\n|t:|1697417674\n|switch|p2a: Ursaluna|Ursaluna-Bloodmoon, M|100\/100\n|turn|3\n|\n|t:|1697417687\n|-end|p1b: Walking Wake|Protosynthesis|[silent]\n|switch|p1b: Torkoal|Torkoal, F|100\/100\n|-weather|SunnyDay|[from] ability: Drought|[of] p1b: Torkoal\n|-terastallize|p2a: Ursaluna|Fairy\n|move|p2a: Ursaluna|Vacuum Wave|p1a: Crawdaunt\n|-supereffective|p1a: Crawdaunt\n|-damage|p1a: Crawdaunt|0 fnt\n|faint|p1a: Crawdaunt\n|move|p2b: Goodra|Life Dew||[still]|[spread] p2a,p2b\n|-fail|p2a: Ursaluna|heal\n|-heal|p2b: Goodra|77\/100\n|\n|-weather|SunnyDay|[upkeep]\n|upkeep\n|\n|t:|1697417700\n|switch|p1a: Walking Wake|Walking Wake|100\/100\n|-activate|p1a: Walking Wake|ability: Protosynthesis\n|-start|p1a: Walking Wake|protosynthesisspa\n|turn|4\n|\n|t:|1697417716\n|move|p1a: Walking Wake|Draco Meteor|p2a: Ursaluna\n|-immune|p2a: Ursaluna\n|move|p2b: Goodra|Body Press|p1b: Torkoal\n|-damage|p1b: Torkoal|78\/100\n|move|p2a: Ursaluna|Moonblast|p1a: Walking Wake\n|-supereffective|p1a: Walking Wake\n|-damage|p1a: Walking Wake|0 fnt\n|faint|p1a: Walking Wake\n|-end|p1a: Walking Wake|Protosynthesis|[silent]\n|move|p1b: Torkoal|Iron Defense|p1b: Torkoal\n|-boost|p1b: Torkoal|def|2\n|\n|-weather|SunnyDay|[upkeep]\n|-heal|p1b: Torkoal|85\/100|[from] item: Leftovers\n|upkeep\n|\n|t:|1697417733\n|switch|p1a: Amoonguss|Amoonguss, F|100\/100\n|turn|5\n|\n|t:|1697417748\n|move|p2b: Goodra|Acid Armor|p2b: Goodra\n|-boost|p2b: Goodra|def|2\n|move|p2a: Ursaluna|Earth Power|p1b: Torkoal\n|-supereffective|p1b: Torkoal\n|-damage|p1b: Torkoal|0 fnt\n|faint|p1b: Torkoal\n|move|p1a: Amoonguss|Spore|p2a: Ursaluna\n|-status|p2a: Ursaluna|slp|[from] move: Spore\n|\n|-weather|SunnyDay|[upkeep]\n|upkeep\n|\n|t:|1697417757\n|switch|p1b: Volcanion|Volcanion|100\/100\n|turn|6\n|\n|t:|1697417780\n|move|p1b: Volcanion|Earth Power|p2b: Goodra\n|-supereffective|p2b: Goodra\n|-damage|p2b: Goodra|43\/100\n|-unboost|p2b: Goodra|spd|1\n|move|p2b: Goodra|Body Press|p1b: Volcanion\n|-damage|p1b: Volcanion|60\/100\n|cant|p2a: Ursaluna|slp\n|move|p1a: Amoonguss|Spore|p2b: Goodra\n|-ability|p2b: Goodra|Sap Sipper|boost\n|-boost|p2b: Goodra|atk|1\n|\n|-weather|SunnyDay|[upkeep]\n|upkeep\n|turn|7\n|inactive|cotesmcgotes has 120 seconds left.\n|\n|t:|1697417810\n|-terastallize|p1b: Volcanion|Ground\n|move|p1b: Volcanion|Earth Power|p2b: Goodra\n|-supereffective|p2b: Goodra\n|-damage|p2b: Goodra|0 fnt\n|faint|p2b: Goodra\n|cant|p2a: Ursaluna|slp\n|move|p1a: Amoonguss|Pollen Puff|p1b: Volcanion\n|-heal|p1b: Volcanion|100\/100\n|\n|-weather|none\n|upkeep\n|inactive|cotesmcgotes has 120 seconds left.\n|\n|t:|1697417834\n|switch|p2b: Ogerpon|Ogerpon-Hearthflame, F|100\/100\n|-ability|p2b: Ogerpon|Mold Breaker\n|turn|8\n|inactive|cotesmcgotes has 120 seconds left.\n|\n|t:|1697417848\n|move|p1a: Amoonguss|Protect|p1a: Amoonguss\n|-singleturn|p1a: Amoonguss|Protect\n|move|p2b: Ogerpon|Ivy Cudgel|p1a: Amoonguss\n|-activate|p1a: Amoonguss|move: Protect\n|move|p1b: Volcanion|Earth Power|p2b: Ogerpon\n|-damage|p2b: Ogerpon|36\/100\n|cant|p2a: Ursaluna|slp\n|\n|upkeep\n|turn|9\n|\n|t:|1697417863\n|switch|p1a: Pelipper|Pelipper, F|100\/100\n|-weather|RainDance|[from] ability: Drizzle|[of] p1a: Pelipper\n|move|p2b: Ogerpon|Horn Leech|p1b: Volcanion\n|-supereffective|p1b: Volcanion\n|-damage|p1b: Volcanion|31\/100\n|-heal|p2b: Ogerpon|78\/100|[from] drain|[of] p1b: Volcanion\n|move|p1b: Volcanion|Earth Power|p2b: Ogerpon\n|-damage|p2b: Ogerpon|13\/100\n|-curestatus|p2a: Ursaluna|slp|[msg]\n|move|p2a: Ursaluna|Blood Moon|p1a: Pelipper\n|-damage|p1a: Pelipper|0 fnt\n|faint|p1a: Pelipper\n|\n|-weather|RainDance|[upkeep]\n|upkeep\n|-message|putian_uzi forfeited.\n|\n|win|cotesmcgotes\n|raw|putian_uzi's rating: 1312 &rarr; <strong>1294<\/strong><br \/>(-18 for losing)\n|raw|cotesmcgotes's rating: 1344 &rarr; <strong>1362<\/strong><br \/>(+18 for winning)\n|l|\u2606putian_uzi\n","uploadtime":1697417882,"views":6,"p1id":"putianuzi","p2id":"cotesmcgotes","formatid":"gen9doublesou","rating":1294,"private":0,"password":""}