{"id":"gen9doublesou-1983296198","p1":"Shinigami JD","p2":"cotesmcgotes","format":"[Gen 9] Doubles OU","log":"|j|\u2606Shinigami JD\n|j|\u2606cotesmcgotes\n|t:|1699115326\n|gametype|doubles\n|player|p1|Shinigami JD|brawly|1210\n|player|p2|cotesmcgotes|flannery|1241\n|teamsize|p1|6\n|teamsize|p2|6\n|gen|9\n|tier|[Gen 9] Doubles OU\n|rated|\n|rule|Species Clause: Limit one of each Pok\u00e9mon\n|rule|OHKO Clause: OHKO moves are banned\n|rule|Evasion Moves Clause: Evasion moves are banned\n|rule|Gravity Sleep Clause: The combination of sleep-inducing moves with imperfect accuracy and Gravity or Gigantamax Orbeetle are banned\n|rule|Endless Battle Clause: Forcing endless battles is banned\n|rule|HP Percentage Mod: HP is shown in percentages\n|clearpoke\n|poke|p1|Hatterene, F|\n|poke|p1|Baxcalibur, F|\n|poke|p1|Ursaluna-Bloodmoon, M|\n|poke|p1|Chandelure, M|\n|poke|p1|Lycanroc-Dusk, F|\n|poke|p1|Kingambit, M|\n|poke|p2|Tornadus, M|\n|poke|p2|Pelipper, M|\n|poke|p2|Manaphy|\n|poke|p2|Landorus-Therian, M|\n|poke|p2|Brute Bonnet|\n|poke|p2|Diancie|\n|teampreview\n|\n|t:|1699115343\n|start\n|switch|p1a: Wolfie|Lycanroc-Dusk, F|100\/100\n|switch|p1b: Ryuko Tsukiyomi|Baxcalibur, F|100\/100\n|switch|p2a: Pelipper|Pelipper, M|100\/100\n|switch|p2b: Diancie|Diancie|100\/100\n|-weather|RainDance|[from] ability: Drizzle|[of] p2a: Pelipper\n|turn|1\n|inactive|Battle timer is ON: inactive players will automatically lose when time's up. (requested by cotesmcgotes)\n|\n|t:|1699115364\n|switch|p2a: Brute Bonnet|Brute Bonnet|100\/100\n|move|p1a: Wolfie|Drill Run|p2b: Diancie\n|-supereffective|p2b: Diancie\n|-damage|p2b: Diancie|36\/100\n|move|p1b: Ryuko Tsukiyomi|Icicle Spear|p2a: Brute Bonnet\n|-supereffective|p2a: Brute Bonnet\n|-damage|p2a: Brute Bonnet|78\/100\n|-supereffective|p2a: Brute Bonnet\n|-damage|p2a: Brute Bonnet|54\/100\n|-supereffective|p2a: Brute Bonnet\n|-damage|p2a: Brute Bonnet|30\/100\n|-supereffective|p2a: Brute Bonnet\n|-damage|p2a: Brute Bonnet|7\/100\n|-supereffective|p2a: Brute Bonnet\n|-damage|p2a: Brute Bonnet|0 fnt\n|faint|p2a: Brute Bonnet\n|-end|p2a: Brute Bonnet|Protosynthesis|[silent]\n|-hitcount|p2: Brute Bonnet|5\n|move|p2b: Diancie|Diamond Storm|p1a: Wolfie|[spread] p1a,p1b\n|-supereffective|p1b: Ryuko Tsukiyomi\n|-damage|p1a: Wolfie|42\/100\n|-damage|p1b: Ryuko Tsukiyomi|27\/100\n|\n|-weather|RainDance|[upkeep]\n|upkeep\n|\n|t:|1699115377\n|switch|p2a: Tornadus|Tornadus, M, shiny|100\/100\n|turn|2\n|\n|t:|1699115397\n|move|p2a: Tornadus|Tailwind|p2a: Tornadus\n|-sidestart|p2: cotesmcgotes|move: Tailwind\n|move|p1a: Wolfie|Drill Run|p2b: Diancie\n|-supereffective|p2b: Diancie\n|-damage|p2b: Diancie|0 fnt\n|faint|p2b: Diancie\n|move|p1b: Ryuko Tsukiyomi|Icicle Spear|p2a: Tornadus\n|-supereffective|p2a: Tornadus\n|-crit|p2a: Tornadus\n|-damage|p2a: Tornadus|36\/100\n|-supereffective|p2a: Tornadus\n|-damage|p2a: Tornadus|0 fnt\n|faint|p2a: Tornadus\n|-hitcount|p2: Tornadus|2\n|\n|-weather|RainDance|[upkeep]\n|upkeep\n|\n|t:|1699115410\n|switch|p2a: Manaphy|Manaphy|100\/100\n|switch|p2b: Landorus|Landorus-Therian, M|100\/100\n|-ability|p2b: Landorus|Intimidate|boost\n|-unboost|p1a: Wolfie|atk|1\n|-unboost|p1b: Ryuko Tsukiyomi|atk|1\n|turn|3\n|\n|t:|1699115421\n|move|p2a: Manaphy|Tail Glow|p2a: Manaphy\n|-boost|p2a: Manaphy|spa|3\n|move|p2b: Landorus|Brick Break|p1b: Ryuko Tsukiyomi\n|-supereffective|p1b: Ryuko Tsukiyomi\n|-damage|p1b: Ryuko Tsukiyomi|0 fnt\n|faint|p1b: Ryuko Tsukiyomi\n|move|p1a: Wolfie|Drill Run|p2a: Manaphy\n|-damage|p2a: Manaphy|77\/100\n|\n|-weather|RainDance|[upkeep]\n|-heal|p2a: Manaphy|83\/100|[from] item: Leftovers\n|upkeep\n|\n|t:|1699115438\n|switch|p1b: Cotton Candy|Hatterene, F, shiny|100\/100\n|turn|4\n|\n|t:|1699115448\n|move|p2a: Manaphy|Scald|p1b: Cotton Candy\n|-damage|p1b: Cotton Candy|13\/100\n|move|p2b: Landorus|Stomping Tantrum|p1a: Wolfie\n|-supereffective|p1a: Wolfie\n|-damage|p1a: Wolfie|0 fnt\n|faint|p1a: Wolfie\n|move|p1b: Cotton Candy|Dazzling Gleam|p2b: Landorus|[spread] p2a,p2b\n|-damage|p2a: Manaphy|52\/100\n|-damage|p2b: Landorus|57\/100\n|\n|-weather|RainDance|[upkeep]\n|-heal|p2a: Manaphy|58\/100|[from] item: Leftovers\n|upkeep\n|\n|t:|1699115461\n|switch|p1a: G-Rizz|Ursaluna-Bloodmoon, M|100\/100\n|turn|5\n|\n|t:|1699115470\n|move|p2a: Manaphy|Scald|p1a: G-Rizz\n|-supereffective|p1a: G-Rizz\n|-damage|p1a: G-Rizz|0 fnt\n|faint|p1a: G-Rizz\n|move|p2b: Landorus|Stomping Tantrum|p1b: Cotton Candy\n|-damage|p1b: Cotton Candy|0 fnt\n|faint|p1b: Cotton Candy\n|\n|-weather|RainDance|[upkeep]\n|-heal|p2a: Manaphy|64\/100|[from] item: Leftovers\n|-sideend|p2: cotesmcgotes|move: Tailwind\n|upkeep\n|\n|t:|1699115482\n|switch|p1a: Purple flames|Chandelure, M|100\/100\n|switch|p1b: Naginata|Kingambit, M, shiny|100\/100\n|-activate|p1b: Naginata|ability: Supreme Overlord\n|-start|p1b: Naginata|fallen4|[silent]\n|turn|6\n|\n|t:|1699115498\n|-terastallize|p1a: Purple flames|Grass\n|move|p1b: Naginata|Sucker Punch|p2b: Landorus\n|-damage|p2b: Landorus|0 fnt\n|faint|p2b: Landorus\n|move|p2a: Manaphy|Scald|p1a: Purple flames\n|-resisted|p1a: Purple flames\n|-damage|p1a: Purple flames|0 fnt\n|faint|p1a: Purple flames\n|\n|-weather|RainDance|[upkeep]\n|-heal|p2a: Manaphy|70\/100|[from] item: Leftovers\n|upkeep\n|\n|t:|1699115504\n|switch|p2b: Pelipper|Pelipper, M|100\/100\n|turn|7\n|\n|t:|1699115515\n|move|p1b: Naginata|Sucker Punch||[still]\n|-fail|p1b: Naginata\n|move|p2a: Manaphy|Aqua Ring|p2a: Manaphy\n|-start|p2a: Manaphy|Aqua Ring\n|move|p2b: Pelipper|Chilling Water|p1b: Naginata\n|-damage|p1b: Naginata|68\/100\n|-unboost|p1b: Naginata|atk|1\n|\n|-weather|RainDance|[upkeep]\n|-heal|p2a: Manaphy|76\/100|[from] item: Leftovers\n|-heal|p2a: Manaphy|83\/100|[from] Aqua Ring\n|upkeep\n|turn|8\n|\n|t:|1699115532\n|move|p1b: Naginata|Sucker Punch|p2a: Manaphy\n|-damage|p2a: Manaphy|23\/100\n|move|p2a: Manaphy|Scald|p1b: Naginata\n|-damage|p1b: Naginata|0 fnt\n|faint|p1b: Naginata\n|-end|p1b: Naginata|fallen4|[silent]\n|\n|win|cotesmcgotes\n|raw|Shinigami JD's rating: 1210 &rarr; <strong>1187<\/strong><br \/>(-23 for losing)\n|raw|cotesmcgotes's rating: 1241 &rarr; <strong>1264<\/strong><br \/>(+23 for winning)\n","uploadtime":1699115551,"views":9,"p1id":"shinigamijd","p2id":"cotesmcgotes","formatid":"gen9doublesou","rating":1187,"private":0,"password":""}