{"id":"gen9doublesou-1988943553","p1":"HEAVY-DUTY B0OTY","p2":"JojoOui","format":"[Gen 9] Doubles OU","log":"|j|\u2606HEAVY-DUTY B0OTY\n|j|\u2606JojoOui\n|inactive|Battle timer is ON: inactive players will automatically lose when time's up.\n|t:|1699792150\n|gametype|doubles\n|player|p1|HEAVY-DUTY B0OTY|swimmerf-gen6|\n|player|p2|JojoOui|pokemonbreederf-gen4|\n|teamsize|p1|6\n|teamsize|p2|6\n|gen|9\n|tier|[Gen 9] Doubles OU\n|rated|Tournament battle\n|rule|Species Clause: Limit one of each Pok\u00e9mon\n|rule|OHKO Clause: OHKO moves are banned\n|rule|Evasion Moves Clause: Evasion moves are banned\n|rule|Gravity Sleep Clause: The combination of sleep-inducing moves with imperfect accuracy and Gravity or Gigantamax Orbeetle are banned\n|rule|Endless Battle Clause: Forcing endless battles is banned\n|rule|HP Percentage Mod: HP is shown in percentages\n|clearpoke\n|poke|p1|Masquerain, F|\n|poke|p1|Crawdaunt, M|\n|poke|p1|Mismagius, F|\n|poke|p1|Skuntank, M|\n|poke|p1|Hydreigon, F|\n|poke|p1|Lurantis, M|\n|poke|p2|Silicobra, F|\n|poke|p2|Baxcalibur, F|\n|poke|p2|Drednaw, M|\n|poke|p2|Arbok, M|\n|poke|p2|Talonflame, F|\n|poke|p2|Charmeleon, M|\n|teampreview\n|j|*Lady Monita \u2746\n|j| Bhaviswar 2\n|c|\u2606HEAVY-DUTY B0OTY|hf\n|c|\u2606JojoOui|hf\n|inactive|JojoOui has 120 seconds left.\n|\n|t:|1699792204\n|start\n|switch|p1a: Masquerain|Masquerain, F|100\/100\n|switch|p1b: Skuntank|Skuntank, M|100\/100\n|switch|p2a: Baxcalibur|Baxcalibur, F|100\/100\n|switch|p2b: Talonflame|Talonflame, F|100\/100\n|-ability|p1a: Masquerain|Intimidate|boost\n|-unboost|p2a: Baxcalibur|atk|1\n|-unboost|p2b: Talonflame|atk|1\n|turn|1\n|\n|t:|1699792227\n|move|p2b: Talonflame|Acrobatics|p1a: Masquerain\n|-supereffective|p1a: Masquerain\n|-enditem|p1a: Masquerain|Focus Sash\n|-damage|p1a: Masquerain|1\/100\n|move|p2a: Baxcalibur|Icicle Crash|p1a: Masquerain\n|-supereffective|p1a: Masquerain\n|-damage|p1a: Masquerain|0 fnt\n|faint|p1a: Masquerain\n|move|p1b: Skuntank|Knock Off|p2a: Baxcalibur\n|-damage|p2a: Baxcalibur|59\/100\n|-enditem|p2a: Baxcalibur|Choice Scarf|[from] move: Knock Off|[of] p1b: Skuntank\n|\n|upkeep\n|inactive|HEAVY-DUTY B0OTY has 120 seconds left.\n|\n|t:|1699792252\n|switch|p1a: Crawdaunt|Crawdaunt, M|100\/100\n|turn|2\n|\n|t:|1699792281\n|switch|p2b: Arbok|Arbok, M|100\/100\n|-ability|p2b: Arbok|Intimidate|boost\n|-unboost|p1a: Crawdaunt|atk|1\n|-unboost|p1b: Skuntank|atk|1\n|switch|p2a: Charmeleon|Charmeleon, M|100\/100\n|move|p1b: Skuntank|Gunk Shot|p2a: Charmeleon|[miss]\n|-miss|p1b: Skuntank|p2a: Charmeleon\n|move|p1a: Crawdaunt|Liquidation|p2b: Arbok\n|-damage|p2b: Arbok|43\/100\n|-unboost|p2b: Arbok|def|1\n|\n|-heal|p2b: Arbok|49\/100|[from] item: Leftovers\n|upkeep\n|turn|3\n|\n|t:|1699792304\n|move|p1a: Crawdaunt|Aqua Jet|p2b: Arbok\n|-crit|p2b: Arbok\n|-damage|p2b: Arbok|0 fnt\n|faint|p2b: Arbok\n|move|p1b: Skuntank|Gunk Shot|p2a: Charmeleon\n|-damage|p2a: Charmeleon|32\/100\n|-status|p2a: Charmeleon|psn\n|move|p2a: Charmeleon|Heat Wave|p1a: Crawdaunt|[spread] p1a\n|-miss|p2a: Charmeleon|p1b: Skuntank\n|-resisted|p1a: Crawdaunt\n|-damage|p1a: Crawdaunt|30\/100\n|\n|-damage|p2a: Charmeleon|20\/100 psn|[from] psn\n|upkeep\n|inactive|JojoOui has 120 seconds left.\n|\n|t:|1699792329\n|switch|p2b: Drednaw|Drednaw, M|100\/100\n|turn|4\n|\n|t:|1699792337\n|move|p1a: Crawdaunt|Aqua Jet|p2a: Charmeleon\n|-supereffective|p2a: Charmeleon\n|-crit|p2a: Charmeleon\n|-damage|p2a: Charmeleon|0 fnt\n|faint|p2a: Charmeleon\n|move|p1b: Skuntank|Taunt|p2b: Drednaw\n|-start|p2b: Drednaw|move: Taunt\n|cant|p2b: Drednaw|move: Taunt|Shell Smash\n|\n|upkeep\n|\n|t:|1699792349\n|switch|p2a: Talonflame|Talonflame, F|100\/100\n|turn|5\n|\n|t:|1699792364\n|move|p2a: Talonflame|Tailwind|p2a: Talonflame\n|-sidestart|p2: JojoOui|move: Tailwind\n|move|p1a: Crawdaunt|Aqua Jet|p2a: Talonflame\n|-supereffective|p2a: Talonflame\n|-damage|p2a: Talonflame|53\/100\n|move|p2b: Drednaw|Rock Slide|p1a: Crawdaunt|[spread] p1a,p1b\n|-damage|p1a: Crawdaunt|0 fnt\n|-damage|p1b: Skuntank|61\/100\n|faint|p1a: Crawdaunt\n|cant|p1b: Skuntank|flinch\n|\n|upkeep\n|\n|t:|1699792376\n|switch|p1a: Hydreigon|Hydreigon, F|100\/100\n|turn|6\n|\n|t:|1699792385\n|move|p2a: Talonflame|Roost|p2a: Talonflame\n|-heal|p2a: Talonflame|100\/100\n|-singleturn|p2a: Talonflame|move: Roost\n|move|p2b: Drednaw|Rock Slide|p1a: Hydreigon|[spread] p1a,p1b\n|-damage|p1a: Hydreigon|67\/100\n|-damage|p1b: Skuntank|21\/100\n|-enditem|p1b: Skuntank|Sitrus Berry|[eat]\n|-heal|p1b: Skuntank|45\/100|[from] item: Sitrus Berry\n|move|p1a: Hydreigon|Dragon Pulse|p2b: Drednaw\n|-damage|p2b: Drednaw|9\/100\n|move|p1b: Skuntank|Gunk Shot|p2a: Talonflame\n|-damage|p2a: Talonflame|62\/100\n|\n|-end|p2b: Drednaw|move: Taunt\n|upkeep\n|turn|7\n|\n|t:|1699792406\n|move|p2a: Talonflame|Acrobatics|p1a: Hydreigon\n|-damage|p1a: Hydreigon|15\/100\n|move|p2b: Drednaw|Rock Slide|p1b: Skuntank|[spread] p1a,p1b\n|-damage|p1a: Hydreigon|0 fnt\n|-damage|p1b: Skuntank|8\/100\n|faint|p1a: Hydreigon\n|cant|p1b: Skuntank|flinch\n|\n|upkeep\n|\n|t:|1699792415\n|switch|p1a: Mismagius|Mismagius, F|100\/100\n|turn|8\n|\n|t:|1699792435\n|move|p2a: Talonflame|Acrobatics|p1a: Mismagius\n|-damage|p1a: Mismagius|2\/100\n|move|p2b: Drednaw|Rock Slide|p1a: Mismagius|[spread] p1a,p1b\n|-damage|p1a: Mismagius|0 fnt\n|-damage|p1b: Skuntank|0 fnt\n|faint|p1a: Mismagius\n|faint|p1b: Skuntank\n|\n|-sideend|p2: JojoOui|move: Tailwind\n|upkeep\n|c|\u2606HEAVY-DUTY B0OTY|the flinchs tho\n|-message|HEAVY-DUTY B0OTY forfeited.\n|\n|win|JojoOui\n|n|\u2606HEAVY-DUTY B0OTY|heavydutyb0oty\n|n|\u2606JojoOui|jojooui\n|n|*Lady Monita \u2746|ladymonita\n|n| Bhaviswar 2|bhaviswar2\n","uploadtime":1699792456,"views":10,"p1id":"heavydutyb0oty","p2id":"jojooui","formatid":"gen9doublesou","rating":0,"private":0,"password":""}