{"id":"gen9doublesou-1969634556","p1":"Boshigoat","p2":"Daskhiel02","format":"[Gen 9] Doubles OU","log":"|j|\u2606Boshigoat\n|j|\u2606Daskhiel02\n|t:|1697553625\n|gametype|doubles\n|player|p1|Boshigoat|1|1498\n|player|p2|Daskhiel02|102|1384\n|teamsize|p1|6\n|teamsize|p2|6\n|gen|9\n|tier|[Gen 9] Doubles OU\n|rated|\n|rule|Species Clause: Limit one of each Pok\u00e9mon\n|rule|OHKO Clause: OHKO moves are banned\n|rule|Evasion Moves Clause: Evasion moves are banned\n|rule|Gravity Sleep Clause: The combination of sleep-inducing moves with imperfect accuracy and Gravity or Gigantamax Orbeetle are banned\n|rule|Endless Battle Clause: Forcing endless battles is banned\n|rule|HP Percentage Mod: HP is shown in percentages\n|clearpoke\n|poke|p1|Ribombee, M|\n|poke|p1|Hoopa-Unbound|\n|poke|p1|Ceruledge, F|\n|poke|p1|Rillaboom, M|\n|poke|p1|Gholdengo|\n|poke|p1|Palafin, M|\n|poke|p2|Lycanroc-Midnight, F|\n|poke|p2|Indeedee-F, F|\n|poke|p2|Ribombee, F|\n|poke|p2|Sinistcha|\n|poke|p2|Kommo-o, M|\n|poke|p2|Tauros-Paldea-Aqua, M|\n|teampreview\n|j| Marreant\n|\n|t:|1697553650\n|start\n|switch|p1a: Ribombee|Ribombee, M|100\/100\n|switch|p1b: Palafin|Palafin, M|100\/100\n|switch|p2a: Kommo-o|Kommo-o, M|100\/100\n|switch|p2b: Tauros|Tauros-Paldea-Aqua, M|100\/100\n|-ability|p2b: Tauros|Intimidate|boost\n|-unboost|p1a: Ribombee|atk|1\n|-unboost|p1b: Palafin|atk|1\n|turn|1\n|\n|t:|1697553662\n|detailschange|p1b: Palafin|Palafin-Hero, M\n|switch|p1b: Rillaboom|Rillaboom, M|100\/100\n|-fieldstart|move: Grassy Terrain|[from] ability: Grassy Surge|[of] p1b: Rillaboom\n|-terastallize|p2a: Kommo-o|Steel\n|move|p1a: Ribombee|Sticky Web|p2a: Kommo-o\n|-sidestart|p2: Daskhiel02|move: Sticky Web\n|move|p2b: Tauros|Raging Bull|p1a: Ribombee\n|-enditem|p1a: Ribombee|Focus Sash\n|-damage|p1a: Ribombee|1\/100\n|-damage|p2b: Tauros|91\/100|[from] item: Life Orb\n|move|p2a: Kommo-o|Clangorous Soul|p2a: Kommo-o\n|-boost|p2a: Kommo-o|atk|1\n|-boost|p2a: Kommo-o|def|1\n|-boost|p2a: Kommo-o|spa|1\n|-boost|p2a: Kommo-o|spd|1\n|-boost|p2a: Kommo-o|spe|1\n|-damage|p2a: Kommo-o|68\/100\n|-enditem|p2a: Kommo-o|Throat Spray\n|-boost|p2a: Kommo-o|spa|1|[from] item: Throat Spray\n|\n|-heal|p2a: Kommo-o|74\/100|[from] Grassy Terrain\n|-heal|p1a: Ribombee|7\/100|[from] Grassy Terrain\n|-heal|p2b: Tauros|97\/100|[from] Grassy Terrain\n|upkeep\n|turn|2\n|\n|t:|1697553685\n|switch|p2b: Indeedee|Indeedee-F, F|100\/100\n|-activate|p2b: Indeedee|move: Sticky Web\n|-unboost|p2b: Indeedee|spe|1\n|-fieldstart|move: Psychic Terrain|[from] ability: Psychic Surge|[of] p2b: Indeedee\n|move|p1b: Rillaboom|Fake Out|p2a: Kommo-o\n|-activate|p2a: Kommo-o|move: Psychic Terrain\n|move|p2a: Kommo-o|Flash Cannon|p1a: Ribombee\n|-supereffective|p1a: Ribombee\n|-damage|p1a: Ribombee|0 fnt\n|faint|p1a: Ribombee\n|\n|upkeep\n|\n|t:|1697553711\n|switch|p1a: Ceruledge|Ceruledge, F|100\/100\n|turn|3\n|\n|t:|1697553723\n|switch|p1b: Palafin|Palafin-Hero, M|100\/100\n|-activate|p1b: Palafin|ability: Zero to Hero\n|move|p2b: Indeedee|Follow Me|p2b: Indeedee\n|-singleturn|p2b: Indeedee|move: Follow Me\n|move|p2a: Kommo-o|Clanging Scales|p1a: Ceruledge|[spread] p1a,p1b\n|-damage|p1a: Ceruledge|30\/100\n|-damage|p1b: Palafin|48\/100\n|-unboost|p2a: Kommo-o|def|1\n|move|p1a: Ceruledge|Bitter Blade|p2b: Indeedee\n|-damage|p2b: Indeedee|56\/100\n|-heal|p1a: Ceruledge|52\/100|[from] drain|[of] p2b: Indeedee\n|\n|-heal|p1b: Palafin|54\/100|[from] item: Leftovers\n|upkeep\n|turn|4\n|\n|t:|1697553742\n|switch|p1a: Rillaboom|Rillaboom, M|100\/100\n|-fieldstart|move: Grassy Terrain|[from] ability: Grassy Surge|[of] p1a: Rillaboom\n|move|p2b: Indeedee|Follow Me|p2b: Indeedee\n|-singleturn|p2b: Indeedee|move: Follow Me\n|move|p2a: Kommo-o|Clanging Scales|p1b: Palafin|[spread] p1a,p1b\n|-damage|p1a: Rillaboom|58\/100\n|-damage|p1b: Palafin|4\/100\n|-unboost|p2a: Kommo-o|def|1\n|move|p1b: Palafin|Drain Punch|p2b: Indeedee\n|-damage|p2b: Indeedee|30\/100\n|-heal|p1b: Palafin|16\/100|[from] drain|[of] p2b: Indeedee\n|-enditem|p2b: Indeedee|Sitrus Berry|[eat]\n|-heal|p2b: Indeedee|55\/100|[from] item: Sitrus Berry\n|\n|-heal|p2a: Kommo-o|80\/100|[from] Grassy Terrain\n|-heal|p1b: Palafin|22\/100|[from] Grassy Terrain\n|-heal|p1b: Palafin|28\/100|[from] item: Leftovers\n|-heal|p1a: Rillaboom|64\/100|[from] Grassy Terrain\n|-heal|p2b: Indeedee|61\/100|[from] Grassy Terrain\n|upkeep\n|turn|5\n|\n|t:|1697553771\n|switch|p2b: Tauros|Tauros-Paldea-Aqua, M|97\/100\n|-activate|p2b: Tauros|move: Sticky Web\n|-unboost|p2b: Tauros|spe|1\n|-ability|p2b: Tauros|Intimidate|boost\n|-unboost|p1a: Rillaboom|atk|1\n|-unboost|p1b: Palafin|atk|1\n|move|p1a: Rillaboom|Fake Out|p2b: Tauros\n|-damage|p2b: Tauros|86\/100\n|move|p1b: Palafin|Jet Punch|p2a: Kommo-o\n|-damage|p2a: Kommo-o|47\/100\n|move|p2a: Kommo-o|Clanging Scales|p1b: Palafin|[spread] p1a,p1b\n|-damage|p1a: Rillaboom|21\/100\n|-damage|p1b: Palafin|0 fnt\n|faint|p1b: Palafin\n|-unboost|p2a: Kommo-o|def|1\n|\n|-heal|p2a: Kommo-o|53\/100|[from] Grassy Terrain\n|-heal|p1a: Rillaboom|27\/100|[from] Grassy Terrain\n|-heal|p2b: Tauros|93\/100|[from] Grassy Terrain\n|upkeep\n|\n|t:|1697553787\n|switch|p1b: Ceruledge|Ceruledge, F|52\/100\n|turn|6\n|\n|t:|1697553798\n|move|p2b: Tauros|Aqua Jet|p1b: Ceruledge\n|-supereffective|p1b: Ceruledge\n|-damage|p1b: Ceruledge|0 fnt\n|faint|p1b: Ceruledge\n|-damage|p2b: Tauros|83\/100|[from] item: Life Orb\n|move|p2a: Kommo-o|Clanging Scales|p1a: Rillaboom\n|-damage|p1a: Rillaboom|0 fnt\n|faint|p1a: Rillaboom\n|-unboost|p2a: Kommo-o|def|1\n|\n|-heal|p2a: Kommo-o|59\/100|[from] Grassy Terrain\n|-heal|p2b: Tauros|89\/100|[from] Grassy Terrain\n|upkeep\n|-message|Boshigoat forfeited.\n|\n|win|Daskhiel02\n|raw|Boshigoat's rating: 1498 &rarr; <strong>1472<\/strong><br \/>(-26 for losing)\n|raw|Daskhiel02's rating: 1384 &rarr; <strong>1410<\/strong><br \/>(+26 for winning)\n|l|\u2606Boshigoat\n|c|\u2606Daskhiel02|gg!\n","uploadtime":1697553829,"views":23,"p1id":"boshigoat","p2id":"daskhiel02","formatid":"gen9doublesou","rating":1410,"private":0,"password":""}