{"id":"gen9doublesou-1985256464","p1":"Light kitten","p2":"EQW22_ravioli","format":"[Gen 9] Doubles OU","log":"|j|\u2606Light kitten\n|j|\u2606EQW22_ravioli\n|t:|1699356237\n|gametype|doubles\n|player|p1|Light kitten|102|\n|player|p2|EQW22_ravioli|1|\n|teamsize|p1|6\n|teamsize|p2|6\n|gen|9\n|tier|[Gen 9] Doubles OU\n|rule|Species Clause: Limit one of each Pok\u00e9mon\n|rule|OHKO Clause: OHKO moves are banned\n|rule|Evasion Moves Clause: Evasion moves are banned\n|rule|Gravity Sleep Clause: The combination of sleep-inducing moves with imperfect accuracy and Gravity or Gigantamax Orbeetle are banned\n|rule|Endless Battle Clause: Forcing endless battles is banned\n|rule|HP Percentage Mod: HP is shown in percentages\n|clearpoke\n|poke|p1|Iron Bundle|\n|poke|p1|Ogerpon-Hearthflame, F|\n|poke|p1|Iron Hands|\n|poke|p1|Meowscarada, M|\n|poke|p1|Chien-Pao|\n|poke|p1|Grimmsnarl, M|\n|poke|p2|Baxcalibur, F|\n|poke|p2|Gholdengo|\n|poke|p2|Meowscarada, M|\n|poke|p2|Maushold|\n|poke|p2|Garganacl, M|\n|poke|p2|Murkrow, M|\n|teampreview\n|\n|t:|1699356279\n|start\n|switch|p1a: Iron Bundle|Iron Bundle|100\/100\n|switch|p1b: Grimmsnarl|Grimmsnarl, M|100\/100\n|switch|p2a: Murkrow|Murkrow, M|100\/100\n|switch|p2b: Baxcalibur|Baxcalibur, F|100\/100\n|-enditem|p1a: Iron Bundle|Booster Energy\n|-activate|p1a: Iron Bundle|ability: Quark Drive|[fromitem]\n|-start|p1a: Iron Bundle|quarkdrivespa\n|turn|1\n|\n|t:|1699356302\n|move|p2a: Murkrow|Tailwind|p2a: Murkrow\n|-sidestart|p2: EQW22_ravioli|move: Tailwind\n|move|p1b: Grimmsnarl|Reflect|p1b: Grimmsnarl\n|-sidestart|p1: Light kitten|Reflect\n|move|p2b: Baxcalibur|Swords Dance|p2b: Baxcalibur\n|-boost|p2b: Baxcalibur|atk|2\n|move|p1a: Iron Bundle|Icy Wind|p2a: Murkrow|[spread] p2a,p2b\n|-supereffective|p2a: Murkrow\n|-enditem|p2a: Murkrow|Focus Sash\n|-damage|p2a: Murkrow|1\/100\n|-damage|p2b: Baxcalibur|72\/100\n|-unboost|p2a: Murkrow|spe|1\n|\n|upkeep\n|turn|2\n|\n|t:|1699356328\n|-terastallize|p2b: Baxcalibur|Dragon\n|move|p1b: Grimmsnarl|Thunder Wave|p2b: Baxcalibur\n|-status|p2b: Baxcalibur|par\n|move|p2a: Murkrow|Foul Play|p1a: Iron Bundle\n|-damage|p1a: Iron Bundle|80\/100\n|move|p1a: Iron Bundle|Icy Wind|p2a: Murkrow|[spread] p2a,p2b\n|-supereffective|p2a: Murkrow\n|-supereffective|p2b: Baxcalibur\n|-damage|p2a: Murkrow|0 fnt\n|-damage|p2b: Baxcalibur|20\/100 par\n|faint|p2a: Murkrow\n|move|p2b: Baxcalibur|Glaive Rush|p1a: Iron Bundle\n|-damage|p1a: Iron Bundle|0 fnt\n|-singlemove|p2b: Baxcalibur|Glaive Rush|[silent]\n|faint|p1a: Iron Bundle\n|-end|p1a: Iron Bundle|Quark Drive|[silent]\n|\n|upkeep\n|\n|t:|1699356347\n|switch|p1a: Chien-Pao|Chien-Pao|100\/100\n|switch|p2a: Gholdengo|Gholdengo|100\/100\n|-ability|p1a: Chien-Pao|Sword of Ruin\n|turn|3\n|\n|t:|1699356373\n|move|p1a: Chien-Pao|Sucker Punch|p2a: Gholdengo\n|-supereffective|p2a: Gholdengo\n|-damage|p2a: Gholdengo|11\/100\n|move|p2a: Gholdengo|Make It Rain|p1b: Grimmsnarl|[spread] p1a,p1b\n|-supereffective|p1a: Chien-Pao\n|-supereffective|p1b: Grimmsnarl\n|-enditem|p1a: Chien-Pao|Focus Sash\n|-damage|p1a: Chien-Pao|1\/100\n|-damage|p1b: Grimmsnarl|0 fnt\n|-unboost|p2a: Gholdengo|spa|1\n|faint|p1b: Grimmsnarl\n|-damage|p2a: Gholdengo|1\/100|[from] item: Life Orb\n|move|p2b: Baxcalibur|Glaive Rush|p1a: Chien-Pao\n|-damage|p1a: Chien-Pao|0 fnt\n|-singlemove|p2b: Baxcalibur|Glaive Rush|[silent]\n|faint|p1a: Chien-Pao\n|\n|upkeep\n|\n|t:|1699356392\n|switch|p1a: Meowscarada|Meowscarada, M|100\/100\n|switch|p1b: Iron Hands|Iron Hands|100\/100\n|turn|4\n|\n|t:|1699356401\n|move|p2b: Baxcalibur|Protect|p2b: Baxcalibur\n|-singleturn|p2b: Baxcalibur|Protect\n|move|p1b: Iron Hands|Fake Out|p2b: Baxcalibur\n|-activate|p2b: Baxcalibur|move: Protect\n|move|p1a: Meowscarada|Sucker Punch||[still]\n|-fail|p1a: Meowscarada\n|move|p2a: Gholdengo|Nasty Plot|p2a: Gholdengo\n|-boost|p2a: Gholdengo|spa|2\n|\n|-sideend|p2: EQW22_ravioli|move: Tailwind\n|upkeep\n|turn|5\n|\n|t:|1699356414\n|move|p1a: Meowscarada|Sucker Punch|p2a: Gholdengo\n|-start|p1a: Meowscarada|typechange|Dark|[from] ability: Protean\n|-supereffective|p2a: Gholdengo\n|-damage|p2a: Gholdengo|0 fnt\n|faint|p2a: Gholdengo\n|move|p2b: Baxcalibur|Ice Shard|p1a: Meowscarada\n|-damage|p1a: Meowscarada|55\/100\n|move|p1b: Iron Hands|Drain Punch|p2b: Baxcalibur\n|-damage|p2b: Baxcalibur|0 fnt\n|faint|p2b: Baxcalibur\n|\n|-sideend|p1: Light kitten|Reflect\n|upkeep\n|\n|t:|1699356432\n|switch|p2b: Garganacl|Garganacl, M|100\/100\n|switch|p2a: Maushold|Maushold|100\/100\n|turn|6\n|\n|t:|1699356453\n|move|p1a: Meowscarada|Protect|p1a: Meowscarada\n|-singleturn|p1a: Meowscarada|Protect\n|move|p2a: Maushold|Population Bomb|p1a: Meowscarada\n|-activate|p1a: Meowscarada|move: Protect\n|move|p1b: Iron Hands|Drain Punch|p2a: Maushold\n|-supereffective|p2a: Maushold\n|-damage|p2a: Maushold|0 fnt\n|faint|p2a: Maushold\n|move|p2b: Garganacl|Salt Cure|p1b: Iron Hands\n|-resisted|p1b: Iron Hands\n|-damage|p1b: Iron Hands|96\/100\n|-start|p1b: Iron Hands|Salt Cure\n|\n|-heal|p1b: Iron Hands|100\/100|[from] item: Leftovers\n|-damage|p1b: Iron Hands|88\/100|[from] Salt Cure\n|upkeep\n|\n|t:|1699356457\n|switch|p2a: Meowscarada|Meowscarada, M|100\/100\n|turn|7\n|\n|t:|1699356480\n|move|p2a: Meowscarada|Play Rough|p1a: Meowscarada\n|-start|p2a: Meowscarada|typechange|Fairy|[from] ability: Protean\n|-supereffective|p1a: Meowscarada\n|-damage|p1a: Meowscarada|0 fnt\n|faint|p1a: Meowscarada\n|move|p1b: Iron Hands|Drain Punch|p2a: Meowscarada\n|-resisted|p2a: Meowscarada\n|-damage|p2a: Meowscarada|64\/100\n|-heal|p1b: Iron Hands|99\/100|[from] drain|[of] p2a: Meowscarada\n|move|p2b: Garganacl|Salt Cure|p1b: Iron Hands\n|-resisted|p1b: Iron Hands\n|-damage|p1b: Iron Hands|94\/100\n|\n|-heal|p1b: Iron Hands|99\/100|[from] item: Leftovers\n|-damage|p1b: Iron Hands|88\/100|[from] Salt Cure\n|upkeep\n|\n|t:|1699356498\n|switch|p1a: Ogerpon|Ogerpon-Hearthflame, F|100\/100\n|-ability|p1a: Ogerpon|Mold Breaker\n|turn|8\n|\n|t:|1699356509\n|-terastallize|p1a: Ogerpon|Fire\n|detailschange|p1a: Ogerpon|Ogerpon-Hearthflame-Tera, F, tera:Fire\n|-ability|p1a: Ogerpon|Embody Aspect (Hearthflame)|boost\n|-boost|p1a: Ogerpon|atk|1\n|move|p2b: Garganacl|Protect|p2b: Garganacl\n|-singleturn|p2b: Garganacl|Protect\n|move|p2a: Meowscarada|Play Rough|p1b: Iron Hands\n|-supereffective|p1b: Iron Hands\n|-damage|p1b: Iron Hands|13\/100\n|move|p1a: Ogerpon|Ivy Cudgel|p2a: Meowscarada\n|-damage|p2a: Meowscarada|0 fnt\n|faint|p2a: Meowscarada\n|move|p1b: Iron Hands|Drain Punch|p2b: Garganacl\n|-activate|p2b: Garganacl|move: Protect\n|\n|-heal|p1b: Iron Hands|20\/100|[from] item: Leftovers\n|-damage|p1b: Iron Hands|7\/100|[from] Salt Cure\n|upkeep\n|turn|9\n|\n|t:|1699356535\n|move|p1a: Ogerpon|Ivy Cudgel|p2b: Garganacl\n|-resisted|p2b: Garganacl\n|-damage|p2b: Garganacl|65\/100\n|move|p1b: Iron Hands|Drain Punch|p2b: Garganacl\n|-supereffective|p2b: Garganacl\n|-damage|p2b: Garganacl|11\/100\n|-heal|p1b: Iron Hands|28\/100|[from] drain|[of] p2b: Garganacl\n|move|p2b: Garganacl|Salt Cure|p1a: Ogerpon\n|-supereffective|p1a: Ogerpon\n|-damage|p1a: Ogerpon|65\/100\n|-start|p1a: Ogerpon|Salt Cure\n|\n|-heal|p1b: Iron Hands|35\/100|[from] item: Leftovers\n|-heal|p2b: Garganacl|17\/100|[from] item: Leftovers\n|-damage|p1a: Ogerpon|52\/100|[from] Salt Cure\n|-damage|p1b: Iron Hands|22\/100|[from] Salt Cure\n|upkeep\n|turn|10\n|\n|t:|1699356552\n|move|p2b: Garganacl|Protect|p2b: Garganacl\n|-singleturn|p2b: Garganacl|Protect\n|move|p1a: Ogerpon|Wood Hammer|p2b: Garganacl\n|-activate|p2b: Garganacl|move: Protect\n|move|p1b: Iron Hands|Drain Punch|p2b: Garganacl\n|-activate|p2b: Garganacl|move: Protect\n|\n|-heal|p1b: Iron Hands|28\/100|[from] item: Leftovers\n|-heal|p2b: Garganacl|24\/100|[from] item: Leftovers\n|-damage|p1a: Ogerpon|40\/100|[from] Salt Cure\n|-damage|p1b: Iron Hands|16\/100|[from] Salt Cure\n|upkeep\n|turn|11\n|\n|t:|1699356568\n|move|p1a: Ogerpon|Synthesis|p1a: Ogerpon\n|-heal|p1a: Ogerpon|90\/100\n|move|p1b: Iron Hands|Drain Punch|p2b: Garganacl\n|-supereffective|p2b: Garganacl\n|-damage|p2b: Garganacl|0 fnt\n|-heal|p1b: Iron Hands|25\/100|[from] drain|[of] p2b: Garganacl\n|faint|p2b: Garganacl\n|\n|win|Light kitten\n|l|\u2606EQW22_ravioli\n","uploadtime":1699356593,"views":9,"p1id":"lightkitten","p2id":"eqw22ravioli","formatid":"gen9doublesou","rating":0,"private":0,"password":""}