{"id":"gen9doublesou-1974771524","p1":"SXD2002","p2":"Lori-elly","format":"[Gen 9] Doubles OU","log":"|j|\u2606SXD2002\n|j|\u2606Lori-elly\n|t:|1698120287\n|gametype|doubles\n|player|p1|SXD2002|silver-masters|1112\n|player|p2|Lori-elly|101|1000\n|teamsize|p1|6\n|teamsize|p2|6\n|gen|9\n|tier|[Gen 9] Doubles OU\n|rated|\n|rule|Species Clause: Limit one of each Pok\u00e9mon\n|rule|OHKO Clause: OHKO moves are banned\n|rule|Evasion Moves Clause: Evasion moves are banned\n|rule|Gravity Sleep Clause: The combination of sleep-inducing moves with imperfect accuracy and Gravity or Gigantamax Orbeetle are banned\n|rule|Endless Battle Clause: Forcing endless battles is banned\n|rule|HP Percentage Mod: HP is shown in percentages\n|clearpoke\n|poke|p1|Lurantis, M|\n|poke|p1|Murkrow, F|\n|poke|p1|Grimmsnarl, M|\n|poke|p1|Clefairy, M|\n|poke|p1|Talonflame, M|\n|poke|p1|Espeon, F|\n|poke|p2|Muk-Alola, F|\n|poke|p2|Passimian, M|\n|poke|p2|Oricorio-Pom-Pom, M|\n|poke|p2|Volcarona, M|\n|poke|p2|Kommo-o, F|\n|poke|p2|Quaquaval, M|\n|teampreview\n|inactive|Battle timer is ON: inactive players will automatically lose when time's up. (requested by Lori-elly)\n|\n|t:|1698120292\n|start\n|switch|p1a: Murkrow|Murkrow, F|100\/100\n|switch|p1b: Lurantis|Lurantis, M|100\/100\n|switch|p2a: Oricorio|Oricorio-Pom-Pom, M|100\/100\n|switch|p2b: Muk|Muk-Alola, F|100\/100\n|turn|1\n|inactive|Lori-elly has 120 seconds left.\n|\n|t:|1698120332\n|move|p1b: Lurantis|Protect|p1b: Lurantis\n|-singleturn|p1b: Lurantis|Protect\n|move|p2a: Oricorio|Tailwind|p2a: Oricorio\n|-sidestart|p2: Lori-elly|move: Tailwind\n|move|p2b: Muk|Poison Jab|p1b: Lurantis\n|-activate|p1b: Lurantis|move: Protect\n|move|p1a: Murkrow|Snarl|p2b: Muk|[spread] p2a,p2b\n|-resisted|p2b: Muk\n|-damage|p2a: Oricorio|82\/100\n|-damage|p2b: Muk|95\/100\n|-unboost|p2a: Oricorio|spa|1\n|-unboost|p2b: Muk|spa|1\n|\n|-heal|p2b: Muk|100\/100|[from] item: Black Sludge\n|upkeep\n|turn|2\n|inactive|Lori-elly has 120 seconds left.\n|\n|t:|1698120361\n|-terastallize|p1b: Lurantis|Steel\n|move|p1a: Murkrow|Feather Dance|p1b: Lurantis\n|-boost|p1b: Lurantis|atk|2\n|-activate|p2a: Oricorio|ability: Dancer\n|move|p2a: Oricorio|Feather Dance|p1a: Murkrow|[from]ability: Dancer\n|-unboost|p1a: Murkrow|atk|2\n|move|p2a: Oricorio|Hurricane|p1b: Lurantis\n|-resisted|p1b: Lurantis\n|-crit|p1b: Lurantis\n|-damage|p1b: Lurantis|68\/100\n|move|p2b: Muk|Drain Punch|p1a: Murkrow\n|-damage|p1a: Murkrow|64\/100\n|move|p1b: Lurantis|Superpower|p2b: Muk\n|-damage|p2b: Muk|39\/100\n|-boost|p1b: Lurantis|atk|1\n|-boost|p1b: Lurantis|def|1\n|\n|-heal|p2b: Muk|45\/100|[from] item: Black Sludge\n|-heal|p1b: Lurantis|74\/100|[from] item: Leftovers\n|upkeep\n|turn|3\n|inactive|Lori-elly has 120 seconds left.\n|\n|t:|1698120399\n|move|p1a: Murkrow|Screech|p1b: Lurantis\n|-boost|p1b: Lurantis|def|2\n|move|p2a: Oricorio|Revelation Dance|p1b: Lurantis\n|-damage|p1b: Lurantis|53\/100\n|move|p2b: Muk|Drain Punch|p1b: Lurantis\n|-supereffective|p1b: Lurantis\n|-damage|p1b: Lurantis|31\/100\n|-heal|p2b: Muk|55\/100|[from] drain|[of] p1b: Lurantis\n|move|p1b: Lurantis|Superpower|p2b: Muk\n|-damage|p2b: Muk|0 fnt\n|-boost|p1b: Lurantis|atk|1\n|-boost|p1b: Lurantis|def|1\n|faint|p2b: Muk\n|\n|-heal|p1b: Lurantis|37\/100|[from] item: Leftovers\n|upkeep\n|inactive|Lori-elly has 90 seconds left.\n|\n|t:|1698120424\n|switch|p2b: Volcarona|Volcarona, M|100\/100\n|turn|4\n|\n|t:|1698120433\n|move|p1b: Lurantis|Protect|p1b: Lurantis\n|-singleturn|p1b: Lurantis|Protect\n|move|p2b: Volcarona|Fiery Dance|p1b: Lurantis\n|-activate|p1b: Lurantis|move: Protect\n|move|p2a: Oricorio|Revelation Dance|p1a: Murkrow\n|-supereffective|p1a: Murkrow\n|-damage|p1a: Murkrow|16\/100\n|move|p1a: Murkrow|Snarl|p2a: Oricorio|[spread] p2a,p2b\n|-damage|p2a: Oricorio|63\/100\n|-damage|p2b: Volcarona|88\/100\n|-unboost|p2a: Oricorio|spa|1\n|-unboost|p2b: Volcarona|spa|1\n|\n|-heal|p1b: Lurantis|43\/100|[from] item: Leftovers\n|-sideend|p2: Lori-elly|move: Tailwind\n|upkeep\n|turn|5\n|inactive|Lori-elly has 120 seconds left.\n|\n|t:|1698120456\n|move|p1a: Murkrow|Thunder Wave|p2b: Volcarona\n|-status|p2b: Volcarona|par\n|move|p2a: Oricorio|Tailwind|p2a: Oricorio\n|-sidestart|p2: Lori-elly|move: Tailwind\n|cant|p2b: Volcarona|par\n|move|p1b: Lurantis|Leech Life|p2a: Oricorio\n|-resisted|p2a: Oricorio\n|-damage|p2a: Oricorio|18\/100\n|-heal|p1b: Lurantis|62\/100|[from] drain|[of] p2a: Oricorio\n|\n|-heal|p1b: Lurantis|68\/100|[from] item: Leftovers\n|upkeep\n|turn|6\n|inactive|Lori-elly has 120 seconds left.\n|\n|t:|1698120484\n|move|p1b: Lurantis|Protect|p1b: Lurantis\n|-singleturn|p1b: Lurantis|Protect\n|move|p2a: Oricorio|Hurricane|p1a: Murkrow\n|-damage|p1a: Murkrow|0 fnt\n|faint|p1a: Murkrow\n|move|p2b: Volcarona|Fiery Dance|p1b: Lurantis\n|-activate|p1b: Lurantis|move: Protect\n|\n|-heal|p1b: Lurantis|75\/100|[from] item: Leftovers\n|upkeep\n|\n|t:|1698120495\n|switch|p1a: Grimmsnarl|Grimmsnarl, M|100\/100\n|turn|7\n|inactive|Lori-elly has 120 seconds left.\n|\n|t:|1698120523\n|switch|p2b: Passimian|Passimian, M|100\/100\n|move|p1a: Grimmsnarl|Fake Tears|p1b: Lurantis\n|-boost|p1b: Lurantis|spd|2\n|move|p2a: Oricorio|Hurricane|p1b: Lurantis\n|-resisted|p1b: Lurantis\n|-damage|p1b: Lurantis|69\/100\n|move|p1b: Lurantis|Superpower|p2b: Passimian\n|-damage|p2b: Passimian|12\/100\n|-boost|p1b: Lurantis|atk|1\n|-boost|p1b: Lurantis|def|1\n|\n|-heal|p1b: Lurantis|75\/100|[from] item: Leftovers\n|upkeep\n|turn|8\n|inactive|Lori-elly has 120 seconds left.\n|\n|t:|1698120563\n|move|p1b: Lurantis|Protect|p1b: Lurantis\n|-singleturn|p1b: Lurantis|Protect\n|move|p2a: Oricorio|Quiver Dance|p2a: Oricorio\n|-boost|p2a: Oricorio|spa|1\n|-boost|p2a: Oricorio|spd|1\n|-boost|p2a: Oricorio|spe|1\n|move|p2b: Passimian|Bulldoze|p1a: Grimmsnarl|[spread] p1a\n|-activate|p1b: Lurantis|move: Protect\n|-immune|p2a: Oricorio\n|-damage|p1a: Grimmsnarl|83\/100\n|-unboost|p1a: Grimmsnarl|spe|1\n|move|p1a: Grimmsnarl|Dazzling Gleam|p2b: Passimian|[spread] p2a,p2b\n|-supereffective|p2b: Passimian\n|-damage|p2a: Oricorio|0 fnt\n|-damage|p2b: Passimian|0 fnt\n|faint|p2a: Oricorio\n|faint|p2b: Passimian\n|\n|-heal|p1b: Lurantis|81\/100|[from] item: Leftovers\n|-heal|p1a: Grimmsnarl|90\/100|[from] item: Leftovers\n|-sideend|p2: Lori-elly|move: Tailwind\n|upkeep\n|\n|t:|1698120586\n|switch|p2a: Quaquaval|Quaquaval, M|100\/100\n|switch|p2b: Kommo-o|Kommo-o, F|100\/100\n|turn|9\n|\n|t:|1698120600\n|-terastallize|p2b: Kommo-o|Ghost\n|move|p1a: Grimmsnarl|Scary Face|p1b: Lurantis\n|-boost|p1b: Lurantis|spe|2\n|move|p2b: Kommo-o|Aura Sphere|p1b: Lurantis\n|-supereffective|p1b: Lurantis\n|-damage|p1b: Lurantis|53\/100\n|move|p2a: Quaquaval|Swords Dance|p2a: Quaquaval\n|-boost|p2a: Quaquaval|atk|2\n|move|p1b: Lurantis|Leaf Storm|p2a: Quaquaval|[miss]\n|-miss|p1b: Lurantis|p2a: Quaquaval\n|\n|-heal|p1b: Lurantis|59\/100|[from] item: Leftovers\n|-heal|p1a: Grimmsnarl|96\/100|[from] item: Leftovers\n|upkeep\n|turn|10\n|inactive|Lori-elly has 120 seconds left.\n|\n|t:|1698120632\n|move|p1a: Grimmsnarl|Fake Tears|p1b: Lurantis\n|-boost|p1b: Lurantis|spd|2\n|move|p2a: Quaquaval|Acrobatics|p1b: Lurantis\n|-resisted|p1b: Lurantis\n|-damage|p1b: Lurantis|49\/100\n|move|p2b: Kommo-o|Flamethrower|p1b: Lurantis\n|-supereffective|p1b: Lurantis\n|-damage|p1b: Lurantis|35\/100\n|move|p1b: Lurantis|Superpower|p2a: Quaquaval\n|-crit|p2a: Quaquaval\n|-damage|p2a: Quaquaval|0 fnt\n|-boost|p1b: Lurantis|atk|1\n|-boost|p1b: Lurantis|def|1\n|faint|p2a: Quaquaval\n|\n|-heal|p1b: Lurantis|41\/100|[from] item: Leftovers\n|-heal|p1a: Grimmsnarl|100\/100|[from] item: Leftovers\n|upkeep\n|\n|t:|1698120650\n|switch|p2a: Volcarona|Volcarona, M|88\/100 par\n|turn|11\n|\n|t:|1698120660\n|move|p1a: Grimmsnarl|Fake Tears|p1b: Lurantis\n|-boost|p1b: Lurantis|spd|2\n|move|p2b: Kommo-o|Aura Sphere|p1b: Lurantis\n|-supereffective|p1b: Lurantis\n|-damage|p1b: Lurantis|27\/100\n|move|p1b: Lurantis|Leech Life|p2b: Kommo-o\n|-resisted|p2b: Kommo-o\n|-damage|p2b: Kommo-o|60\/100\n|-heal|p1b: Lurantis|45\/100|[from] drain|[of] p2b: Kommo-o\n|cant|p2a: Volcarona|par\n|\n|-heal|p1b: Lurantis|51\/100|[from] item: Leftovers\n|upkeep\n|turn|12\n|inactive|Lori-elly has 120 seconds left.\n|\n|t:|1698120684\n|move|p1a: Grimmsnarl|Scary Face|p1b: Lurantis\n|-boost|p1b: Lurantis|spe|2\n|move|p1b: Lurantis|Leech Life|p2b: Kommo-o\n|-resisted|p2b: Kommo-o\n|-damage|p2b: Kommo-o|22\/100\n|-heal|p1b: Lurantis|67\/100|[from] drain|[of] p2b: Kommo-o\n|move|p2b: Kommo-o|Aura Sphere|p1b: Lurantis\n|-supereffective|p1b: Lurantis\n|-crit|p1b: Lurantis\n|-damage|p1b: Lurantis|0 fnt\n|faint|p1b: Lurantis\n|move|p2a: Volcarona|Fiery Dance|p1a: Grimmsnarl\n|-damage|p1a: Grimmsnarl|64\/100\n|\n|-heal|p1a: Grimmsnarl|70\/100|[from] item: Leftovers\n|upkeep\n|inactive|SXD2002 has 120 seconds left.\n|\n|t:|1698120703\n|switch|p1b: Talonflame|Talonflame, M|100\/100\n|turn|13\n|inactive|Lori-elly has 120 seconds left.\n|\n|t:|1698120737\n|move|p1a: Grimmsnarl|Scary Face|p2b: Kommo-o\n|-unboost|p2b: Kommo-o|spe|2\n|move|p1b: Talonflame|Will-O-Wisp|p2b: Kommo-o|[miss]\n|-miss|p1b: Talonflame|p2b: Kommo-o\n|move|p2a: Volcarona|Fiery Dance|p1a: Grimmsnarl\n|-damage|p1a: Grimmsnarl|31\/100\n|move|p2b: Kommo-o|Clanging Scales|p1a: Grimmsnarl|[spread] p1b\n|-immune|p1a: Grimmsnarl\n|-crit|p1b: Talonflame\n|-damage|p1b: Talonflame|28\/100\n|-unboost|p2b: Kommo-o|def|1\n|\n|-heal|p1a: Grimmsnarl|38\/100|[from] item: Leftovers\n|upkeep\n|turn|14\n|inactive|Lori-elly has 120 seconds left.\n|\n|t:|1698120766\n|move|p1a: Grimmsnarl|Parting Shot|p2a: Volcarona\n|-unboost|p2a: Volcarona|atk|1\n|-unboost|p2a: Volcarona|spa|1\n|\n|t:|1698120770\n|switch|p1a: Clefairy|Clefairy, M|100\/100|[from] Parting Shot\n|move|p1b: Talonflame|U-turn|p2b: Kommo-o\n|-resisted|p2b: Kommo-o\n|-damage|p2b: Kommo-o|12\/100\n|\n|t:|1698120776\n|switch|p1b: Grimmsnarl|Grimmsnarl, M|38\/100|[from] U-turn\n|cant|p2a: Volcarona|par\n|move|p2b: Kommo-o|Flamethrower|p1a: Clefairy\n|-damage|p1a: Clefairy|83\/100\n|\n|-heal|p1b: Grimmsnarl|44\/100|[from] item: Leftovers\n|upkeep\n|turn|15\n|\n|t:|1698120793\n|move|p1b: Grimmsnarl|Parting Shot|p2a: Volcarona\n|-unboost|p2a: Volcarona|atk|1\n|-unboost|p2a: Volcarona|spa|1\n|\n|t:|1698120797\n|switch|p1b: Talonflame|Talonflame, M|28\/100|[from] Parting Shot\n|move|p2a: Volcarona|Quiver Dance|p2a: Volcarona\n|-boost|p2a: Volcarona|spa|1\n|-boost|p2a: Volcarona|spd|1\n|-boost|p2a: Volcarona|spe|1\n|move|p2b: Kommo-o|Flamethrower|p1b: Talonflame\n|-resisted|p1b: Talonflame\n|-damage|p1b: Talonflame|16\/100\n|move|p1a: Clefairy|Life Dew|p1a: Clefairy|[spread] p1a,p1b\n|-heal|p1a: Clefairy|100\/100\n|-heal|p1b: Talonflame|41\/100\n|\n|upkeep\n|turn|16\n|\n|t:|1698120818\n|move|p1a: Clefairy|Helping Hand|p1b: Talonflame\n|-singleturn|p1b: Talonflame|Helping Hand|[of] p1a: Clefairy\n|move|p1b: Talonflame|U-turn|p2b: Kommo-o\n|-resisted|p2b: Kommo-o\n|-damage|p2b: Kommo-o|0 fnt\n|faint|p2b: Kommo-o\n|\n|t:|1698120824\n|switch|p1b: Grimmsnarl|Grimmsnarl, M|44\/100|[from] U-turn\n|move|p2a: Volcarona|Quiver Dance|p2a: Volcarona\n|-boost|p2a: Volcarona|spa|1\n|-boost|p2a: Volcarona|spd|1\n|-boost|p2a: Volcarona|spe|1\n|\n|-heal|p1b: Grimmsnarl|50\/100|[from] item: Leftovers\n|upkeep\n|turn|17\n|\n|t:|1698120834\n|move|p1b: Grimmsnarl|Fake Tears|p2a: Volcarona\n|-unboost|p2a: Volcarona|spd|2\n|move|p2a: Volcarona|Quiver Dance|p2a: Volcarona\n|-boost|p2a: Volcarona|spa|1\n|-boost|p2a: Volcarona|spd|1\n|-boost|p2a: Volcarona|spe|1\n|move|p1a: Clefairy|Life Dew||[still]|[spread] p1a,p1b\n|-fail|p1a: Clefairy|heal\n|-heal|p1b: Grimmsnarl|75\/100\n|\n|-heal|p1b: Grimmsnarl|81\/100|[from] item: Leftovers\n|upkeep\n|turn|18\n|\n|t:|1698120846\n|move|p1b: Grimmsnarl|Fake Tears|p2a: Volcarona\n|-unboost|p2a: Volcarona|spd|2\n|cant|p2a: Volcarona|par\n|move|p1a: Clefairy|Life Dew||[still]|[spread] p1a,p1b\n|-fail|p1a: Clefairy|heal\n|-heal|p1b: Grimmsnarl|100\/100\n|\n|upkeep\n|turn|19\n|\n|t:|1698120858\n|move|p1a: Clefairy|Follow Me|p1a: Clefairy\n|-singleturn|p1a: Clefairy|move: Follow Me\n|cant|p2a: Volcarona|par\n|move|p1b: Grimmsnarl|Dazzling Gleam|p2a: Volcarona\n|-resisted|p2a: Volcarona\n|-damage|p2a: Volcarona|67\/100 par\n|\n|upkeep\n|turn|20\n|\n|t:|1698120874\n|move|p1a: Clefairy|Follow Me|p1a: Clefairy\n|-singleturn|p1a: Clefairy|move: Follow Me\n|move|p1b: Grimmsnarl|Fake Tears|p2a: Volcarona\n|-unboost|p2a: Volcarona|spd|2\n|move|p2a: Volcarona|Quiver Dance|p2a: Volcarona\n|-boost|p2a: Volcarona|spa|1\n|-boost|p2a: Volcarona|spd|1\n|-boost|p2a: Volcarona|spe|1\n|\n|upkeep\n|turn|21\n|\n|t:|1698120884\n|move|p1a: Clefairy|Follow Me|p1a: Clefairy\n|-singleturn|p1a: Clefairy|move: Follow Me\n|move|p1b: Grimmsnarl|Fake Tears|p2a: Volcarona\n|-unboost|p2a: Volcarona|spd|2\n|move|p2a: Volcarona|Fiery Dance|p1a: Clefairy\n|-damage|p1a: Clefairy|43\/100\n|\n|upkeep\n|turn|22\n|\n|t:|1698120895\n|move|p1a: Clefairy|Follow Me|p1a: Clefairy\n|-singleturn|p1a: Clefairy|move: Follow Me\n|move|p2a: Volcarona|Bug Buzz|p1a: Clefairy\n|-resisted|p1a: Clefairy\n|-damage|p1a: Clefairy|7\/100\n|move|p1b: Grimmsnarl|Dazzling Gleam|p2a: Volcarona\n|-resisted|p2a: Volcarona\n|-damage|p2a: Volcarona|25\/100 par\n|\n|upkeep\n|turn|23\n|c|\u2606SXD2002|gg\n|\n|t:|1698120906\n|move|p1a: Clefairy|Follow Me|p1a: Clefairy\n|-singleturn|p1a: Clefairy|move: Follow Me\n|cant|p2a: Volcarona|par\n|move|p1b: Grimmsnarl|Dazzling Gleam|p2a: Volcarona\n|-resisted|p2a: Volcarona\n|-damage|p2a: Volcarona|0 fnt\n|faint|p2a: Volcarona\n|\n|win|SXD2002\n|raw|SXD2002's rating: 1112 &rarr; <strong>1129<\/strong><br \/>(+17 for winning)\n|raw|Lori-elly's rating: 1000 &rarr; <strong>1000<\/strong><br \/>(+0 for losing)\n|c|\u2606Lori-elly|I beat the beefy lurantis ;D that's a win in my book ;p\n|c|\u2606SXD2002|yeah\n|c|\u2606SXD2002|that was good\n|c|\u2606Lori-elly|Good strat lol\n|c|\u2606SXD2002|thank you\n|c|\u2606SXD2002|same to you\n|c|\u2606SXD2002|also using aura sphere was smart\n|l|\u2606Lori-elly\n|c|\u2606SXD2002|because I use talonflame to defog\n|raw|<div class=\"broadcast-red\"><b>The server is restarting soon.<\/b><br \/>Please finish your battles quickly. No new battles can be started until the server resets in a few minutes.<\/div>\n","uploadtime":1698120931,"views":26,"p1id":"sxd2002","p2id":"lorielly","formatid":"gen9doublesou","rating":1000,"private":0,"password":""}