{"id":"gen9doublesou-1991846503","p1":"SirStripes","p2":"MadMax98","format":"[Gen 9] Doubles OU","log":"|j|\u2606SirStripes\n|j|\u2606MadMax98\n|t:|1700127624\n|gametype|doubles\n|player|p1|SirStripes|giovanni|1264\n|player|p2|MadMax98|morty-gen2|1271\n|teamsize|p1|6\n|teamsize|p2|6\n|gen|9\n|tier|[Gen 9] Doubles OU\n|rated|\n|rule|Species Clause: Limit one of each Pok\u00e9mon\n|rule|OHKO Clause: OHKO moves are banned\n|rule|Evasion Moves Clause: Evasion moves are banned\n|rule|Gravity Sleep Clause: The combination of sleep-inducing moves with imperfect accuracy and Gravity or Gigantamax Orbeetle are banned\n|rule|Endless Battle Clause: Forcing endless battles is banned\n|rule|HP Percentage Mod: HP is shown in percentages\n|clearpoke\n|poke|p1|Arbok, M|\n|poke|p1|Ariados, M|\n|poke|p1|Okidogi, M|\n|poke|p1|Charizard, M|\n|poke|p1|Gyarados, M|\n|poke|p1|Walking Wake|\n|poke|p2|Ambipom, F|\n|poke|p2|Cinderace, M|\n|poke|p2|Great Tusk|\n|poke|p2|Zapdos-Galar|\n|poke|p2|Volbeat, M|\n|poke|p2|Electrode-Hisui|\n|teampreview\n|\n|t:|1700127657\n|start\n|switch|p1a: Ariados|Ariados, M, shiny|100\/100\n|switch|p1b: Arbok|Arbok, M, shiny|100\/100\n|switch|p2a: Ambipom|Ambipom, F|100\/100\n|switch|p2b: Cinderace|Cinderace, M|100\/100\n|-ability|p1b: Arbok|Intimidate|boost\n|-unboost|p2a: Ambipom|atk|1\n|-unboost|p2b: Cinderace|atk|1\n|turn|1\n|inactive|Battle timer is ON: inactive players will automatically lose when time's up. (requested by MadMax98)\n|\n|t:|1700127669\n|move|p2a: Ambipom|Fake Out|p1b: Arbok\n|-damage|p1b: Arbok|63\/100\n|-damage|p2a: Ambipom|91\/100|[from] item: Life Orb\n|move|p2b: Cinderace|Pyro Ball|p1a: Ariados\n|-supereffective|p1a: Ariados\n|-enditem|p1a: Ariados|Focus Sash\n|-damage|p1a: Ariados|1\/100\n|-damage|p2b: Cinderace|91\/100|[from] item: Life Orb\n|cant|p1b: Arbok|flinch\n|move|p1a: Ariados|Sticky Web|p2a: Ambipom\n|-sidestart|p2: MadMax98|move: Sticky Web\n|\n|upkeep\n|turn|2\n|inactive|SirStripes has 120 seconds left.\n|\n|t:|1700127722\n|move|p2b: Cinderace|Pyro Ball|p1b: Arbok\n|-damage|p1b: Arbok|0 fnt\n|faint|p1b: Arbok\n|-damage|p2b: Cinderace|81\/100|[from] item: Life Orb\n|move|p2a: Ambipom|U-turn|p1a: Ariados\n|-resisted|p1a: Ariados\n|-damage|p1a: Ariados|0 fnt\n|faint|p1a: Ariados\n|-damage|p2a: Ambipom|81\/100|[from] item: Life Orb\n|\n|t:|1700127739\n|switch|p2a: Zapdos|Zapdos-Galar|100\/100|[from] U-turn\n|\n|upkeep\n|\n|t:|1700127745\n|switch|p1b: Charizard|Charizard, M, shiny|100\/100\n|switch|p1a: Walking Wake|Walking Wake|100\/100\n|-enditem|p1a: Walking Wake|Booster Energy\n|-activate|p1a: Walking Wake|ability: Protosynthesis|[fromitem]\n|-start|p1a: Walking Wake|protosynthesisspa\n|turn|3\n|\n|t:|1700127755\n|move|p2a: Zapdos|Thunderous Kick|p1a: Walking Wake\n|-damage|p1a: Walking Wake|48\/100\n|-unboost|p1a: Walking Wake|def|1\n|move|p2b: Cinderace|High Jump Kick|p1a: Walking Wake\n|-start|p2b: Cinderace|typechange|Fighting|[from] ability: Libero\n|-damage|p1a: Walking Wake|0 fnt\n|faint|p1a: Walking Wake\n|-end|p1a: Walking Wake|Protosynthesis|[silent]\n|-damage|p2b: Cinderace|71\/100|[from] item: Life Orb\n|move|p1b: Charizard|Belly Drum|p1b: Charizard\n|-damage|p1b: Charizard|50\/100\n|-setboost|p1b: Charizard|atk|6|[from] move: Belly Drum\n|\n|upkeep\n|\n|t:|1700127764\n|switch|p1a: Gyarados|Gyarados, M, shiny|100\/100\n|turn|4\n|\n|t:|1700127774\n|move|p2b: Cinderace|Sucker Punch|p1b: Charizard\n|-damage|p1b: Charizard|23\/100\n|-enditem|p1b: Charizard|Figy Berry|[eat]\n|-heal|p1b: Charizard|57\/100|[from] item: Figy Berry\n|-damage|p2b: Cinderace|61\/100|[from] item: Life Orb\n|move|p2a: Zapdos|Thunderous Kick|p1b: Charizard\n|-resisted|p1b: Charizard\n|-damage|p1b: Charizard|26\/100\n|-unboost|p1b: Charizard|def|1\n|move|p1b: Charizard|Earthquake|p2a: Zapdos|[spread] p2b\n|-immune|p1a: Gyarados\n|-immune|p2a: Zapdos\n|-damage|p2b: Cinderace|0 fnt\n|faint|p2b: Cinderace\n|move|p1a: Gyarados|Dragon Dance|p1a: Gyarados\n|-boost|p1a: Gyarados|atk|1\n|-boost|p1a: Gyarados|spe|1\n|\n|upkeep\n|\n|t:|1700127791\n|switch|p2b: Volbeat|Volbeat, M|100\/100\n|-activate|p2b: Volbeat|move: Sticky Web\n|-unboost|p2b: Volbeat|spe|1\n|turn|5\n|\n|t:|1700127808\n|move|p2b: Volbeat|Encore|p1a: Gyarados\n|-start|p1a: Gyarados|Encore\n|move|p2a: Zapdos|Thunderous Kick|p1b: Charizard\n|-resisted|p1b: Charizard\n|-damage|p1b: Charizard|0 fnt\n|faint|p1b: Charizard\n|move|p1a: Gyarados|Dragon Dance|p1a: Gyarados\n|-boost|p1a: Gyarados|atk|1\n|-boost|p1a: Gyarados|spe|1\n|\n|upkeep\n|\n|t:|1700127815\n|switch|p1b: Okidogi|Okidogi, M|100\/100\n|turn|6\n|\n|t:|1700127824\n|move|p2b: Volbeat|Taunt|p1a: Gyarados\n|-start|p1a: Gyarados|move: Taunt\n|cant|p1a: Gyarados|move: Taunt|Dragon Dance\n|move|p2a: Zapdos|Thunderous Kick|p1b: Okidogi\n|-resisted|p1b: Okidogi\n|-damage|p1b: Okidogi|81\/100\n|-unboost|p1b: Okidogi|def|1\n|move|p1b: Okidogi|Bulk Up|p1b: Okidogi\n|-boost|p1b: Okidogi|atk|1\n|-boost|p1b: Okidogi|def|1\n|\n|upkeep\n|turn|7\n|n|!SirStripes|sirstripes\n|-message|SirStripes forfeited.\n|\n|win|MadMax98\n|raw|SirStripes's rating: 1264 &rarr; <strong>1240<\/strong><br \/>(-24 for losing)\n|raw|MadMax98's rating: 1271 &rarr; <strong>1295<\/strong><br \/>(+24 for winning)\n","uploadtime":1700127839,"views":20,"p1id":"sirstripes","p2id":"madmax98","formatid":"gen9doublesou","rating":1240,"private":0,"password":""}