{"id":"gen9doublesou-1987645923","p1":"mikeyuwu","p2":"first time VCG","format":"[Gen 9] Doubles OU","log":"|j|\u2606mikeyuwu\n|j|\u2606first time VCG\n|t:|1699623514\n|gametype|doubles\n|player|p1|mikeyuwu|psychic-gen4|1309\n|player|p2|first time VCG|bruno|1217\n|teamsize|p1|6\n|teamsize|p2|6\n|gen|9\n|tier|[Gen 9] Doubles OU\n|rated|\n|rule|Species Clause: Limit one of each Pok\u00e9mon\n|rule|OHKO Clause: OHKO moves are banned\n|rule|Evasion Moves Clause: Evasion moves are banned\n|rule|Gravity Sleep Clause: The combination of sleep-inducing moves with imperfect accuracy and Gravity or Gigantamax Orbeetle are banned\n|rule|Endless Battle Clause: Forcing endless battles is banned\n|rule|HP Percentage Mod: HP is shown in percentages\n|clearpoke\n|poke|p1|Garchomp, M|\n|poke|p1|Tyranitar, F|\n|poke|p1|Vaporeon, F|\n|poke|p1|Toxicroak, M|\n|poke|p1|Pelipper, F|\n|poke|p1|Abomasnow, M|\n|poke|p2|Amoonguss, F|\n|poke|p2|Armarouge, F|\n|poke|p2|Basculegion-F, F|\n|poke|p2|Chien-Pao|\n|poke|p2|Chi-Yu|\n|poke|p2|Cresselia, F|\n|teampreview\n|inactive|Battle timer is ON: inactive players will automatically lose when time's up. (requested by first time VCG)\n|inactive|first time VCG has 120 seconds left.\n|\n|t:|1699623558\n|start\n|switch|p1a: OTLHPM|Toxicroak, M|100\/100\n|switch|p1b: Harmacy|Vaporeon, F|100\/100\n|switch|p2a: Basculegion|Basculegion-F, F, shiny|100\/100\n|switch|p2b: Cresselia|Cresselia, F, shiny|100\/100\n|turn|1\n|\n|t:|1699623576\n|switch|p1a: Cold Shoulder|Abomasnow, M, shiny|100\/100\n|-weather|Snow|[from] ability: Snow Warning|[of] p1a: Cold Shoulder\n|move|p2b: Cresselia|Ally Switch|p2b: Cresselia\n|swap|p2b: Cresselia|0|[from] move: Ally Switch\n|move|p2b: Basculegion|Flip Turn|p1a: Cold Shoulder\n|-resisted|p1a: Cold Shoulder\n|-damage|p1a: Cold Shoulder|95\/100\n|\n|t:|1699623591\n|switch|p2b: Chi-Yu|Chi-Yu|100\/100|[from] Flip Turn\n|-ability|p2b: Chi-Yu|Beads of Ruin\n|move|p1b: Harmacy|Copycat|p1b: Harmacy\n|move|p1b: Harmacy|Flip Turn|p2b: Chi-Yu|[from]move: Copycat\n|-supereffective|p2b: Chi-Yu\n|-damage|p2b: Chi-Yu|60\/100\n|\n|t:|1699623595\n|switch|p1b: Weather War|Pelipper, F|100\/100|[from] Flip Turn\n|-weather|RainDance|[from] ability: Drizzle|[of] p1b: Weather War\n|\n|-weather|RainDance|[upkeep]\n|upkeep\n|turn|2\n|inactive|first time VCG has 120 seconds left.\n|\n|t:|1699623625\n|switch|p1a: ThcrThnSnkr|Tyranitar, F|100\/100\n|-weather|Sandstorm|[from] ability: Sand Stream|[of] p1a: ThcrThnSnkr\n|move|p2b: Chi-Yu|Dark Pulse|p1b: Weather War\n|-damage|p1b: Weather War|0 fnt\n|faint|p1b: Weather War\n|move|p2a: Cresselia|Lunar Blessing|p2a: Cresselia|[spread] p2a,p2b\n|-heal|p2b: Chi-Yu|85\/100\n|\n|-weather|Sandstorm|[upkeep]\n|-damage|p2b: Chi-Yu|79\/100|[from] Sandstorm\n|upkeep\n|\n|t:|1699623634\n|switch|p1b: Harmacy|Vaporeon, F|100\/100\n|turn|3\n|\n|t:|1699623646\n|switch|p2b: Amoonguss|Amoonguss, F, shiny|100\/100\n|move|p1a: ThcrThnSnkr|Knock Off|p2a: Cresselia\n|-supereffective|p2a: Cresselia\n|-damage|p2a: Cresselia|44\/100\n|-enditem|p2a: Cresselia|Safety Goggles|[from] move: Knock Off|[of] p1a: ThcrThnSnkr\n|move|p1b: Harmacy|Weather Ball|p2b: Amoonguss\n|-damage|p2b: Amoonguss|80\/100\n|move|p2a: Cresselia|Lunar Blessing|p2a: Cresselia|[spread] p2a,p2b\n|-heal|p2a: Cresselia|69\/100\n|-heal|p2b: Amoonguss|100\/100\n|\n|-weather|Sandstorm|[upkeep]\n|-damage|p1b: Harmacy|94\/100|[from] Sandstorm\n|-damage|p2a: Cresselia|63\/100|[from] Sandstorm\n|-damage|p2b: Amoonguss|94\/100|[from] Sandstorm\n|-heal|p1b: Harmacy|100\/100|[from] item: Leftovers\n|upkeep\n|turn|4\n|\n|t:|1699623668\n|move|p1a: ThcrThnSnkr|Rock Slide|p2b: Amoonguss|[spread] p2a,p2b\n|-damage|p2a: Cresselia|47\/100\n|-damage|p2b: Amoonguss|76\/100\n|move|p1b: Harmacy|Copycat|p1b: Harmacy\n|move|p1b: Harmacy|Rock Slide|p2a: Cresselia|[from]move: Copycat|[spread] p2a,p2b\n|-damage|p2a: Cresselia|42\/100\n|-damage|p2b: Amoonguss|69\/100\n|cant|p2b: Amoonguss|flinch\n|move|p2a: Cresselia|Trick Room|p2a: Cresselia\n|-fieldstart|move: Trick Room|[of] p2a: Cresselia\n|\n|-weather|Sandstorm|[upkeep]\n|-damage|p2b: Amoonguss|63\/100|[from] Sandstorm\n|-damage|p2a: Cresselia|35\/100|[from] Sandstorm\n|-damage|p1b: Harmacy|94\/100|[from] Sandstorm\n|-heal|p1b: Harmacy|100\/100|[from] item: Leftovers\n|upkeep\n|turn|5\n|\n|t:|1699623685\n|move|p2b: Amoonguss|Spore|p1b: Harmacy\n|-status|p1b: Harmacy|slp|[from] move: Spore\n|move|p2a: Cresselia|Lunar Blessing|p2a: Cresselia|[spread] p2a,p2b\n|-heal|p2a: Cresselia|60\/100\n|-heal|p2b: Amoonguss|88\/100\n|cant|p1b: Harmacy|slp\n|move|p1a: ThcrThnSnkr|Knock Off|p2b: Amoonguss\n|-damage|p2b: Amoonguss|50\/100\n|-enditem|p2b: Amoonguss|Sitrus Berry|[from] move: Knock Off|[of] p1a: ThcrThnSnkr\n|\n|-weather|Sandstorm|[upkeep]\n|-damage|p2b: Amoonguss|44\/100|[from] Sandstorm\n|-damage|p2a: Cresselia|54\/100|[from] Sandstorm\n|-damage|p1b: Harmacy|94\/100 slp|[from] Sandstorm\n|-heal|p1b: Harmacy|100\/100 slp|[from] item: Leftovers\n|upkeep\n|turn|6\n|\n|t:|1699623704\n|switch|p1a: Cold Shoulder|Abomasnow, M, shiny|95\/100\n|-weather|Snow|[from] ability: Snow Warning|[of] p1a: Cold Shoulder\n|move|p2b: Amoonguss|Spore|p1a: Cold Shoulder\n|-immune|p1a: Cold Shoulder\n|move|p2a: Cresselia|Lunar Blessing|p2a: Cresselia|[spread] p2a,p2b\n|-heal|p2a: Cresselia|79\/100\n|-heal|p2b: Amoonguss|69\/100\n|cant|p1b: Harmacy|slp\n|\n|-weather|Snow|[upkeep]\n|upkeep\n|turn|7\n|inactive|first time VCG has 120 seconds left.\n|\n|t:|1699623735\n|switch|p2b: Armarouge|Armarouge, F, shiny|100\/100\n|move|p2a: Cresselia|Lunar Blessing|p2a: Cresselia|[spread] p2a,p2b\n|-heal|p2a: Cresselia|100\/100\n|-curestatus|p1b: Harmacy|slp|[msg]\n|move|p1b: Harmacy|Copycat|p1b: Harmacy\n|move|p1b: Harmacy|Lunar Blessing|p1b: Harmacy|[from]move: Copycat|[spread] p1a,p1b\n|-heal|p1a: Cold Shoulder|100\/100\n|move|p1a: Cold Shoulder|Blizzard|p2a: Cresselia|[spread] p2a,p2b\n|-resisted|p2b: Armarouge\n|-damage|p2a: Cresselia|85\/100\n|-damage|p2b: Armarouge|84\/100\n|\n|-weather|Snow|[upkeep]\n|upkeep\n|turn|8\n|\n|t:|1699623752\n|switch|p1a: ThcrThnSnkr|Tyranitar, F|100\/100\n|-weather|Sandstorm|[from] ability: Sand Stream|[of] p1a: ThcrThnSnkr\n|move|p2b: Armarouge|Armor Cannon|p1a: ThcrThnSnkr\n|-resisted|p1a: ThcrThnSnkr\n|-damage|p1a: ThcrThnSnkr|90\/100\n|-unboost|p2b: Armarouge|def|1\n|-unboost|p2b: Armarouge|spd|1\n|move|p2a: Cresselia|Lunar Blessing|p2a: Cresselia|[spread] p2a,p2b\n|-heal|p2a: Cresselia|100\/100\n|-heal|p2b: Armarouge|100\/100\n|move|p1b: Harmacy|Weather Ball|p2b: Armarouge\n|-supereffective|p2b: Armarouge\n|-damage|p2b: Armarouge|12\/100\n|\n|-weather|Sandstorm|[upkeep]\n|-damage|p2b: Armarouge|6\/100|[from] Sandstorm\n|-damage|p2a: Cresselia|94\/100|[from] Sandstorm\n|-damage|p1b: Harmacy|94\/100|[from] Sandstorm\n|-heal|p1b: Harmacy|100\/100|[from] item: Leftovers\n|-fieldend|move: Trick Room\n|upkeep\n|turn|9\n|\n|t:|1699623773\n|move|p1a: ThcrThnSnkr|Rock Slide|p2a: Cresselia|[spread] p2a,p2b\n|-supereffective|p2b: Armarouge\n|-crit|p2b: Armarouge\n|-damage|p2a: Cresselia|80\/100\n|-damage|p2b: Armarouge|0 fnt\n|faint|p2b: Armarouge\n|move|p1b: Harmacy|Weather Ball|p2a: Cresselia\n|-damage|p2a: Cresselia|66\/100\n|move|p2a: Cresselia|Trick Room|p2a: Cresselia\n|-fieldstart|move: Trick Room|[of] p2a: Cresselia\n|\n|-weather|Sandstorm|[upkeep]\n|-damage|p2a: Cresselia|60\/100|[from] Sandstorm\n|-damage|p1b: Harmacy|94\/100|[from] Sandstorm\n|-heal|p1b: Harmacy|100\/100|[from] item: Leftovers\n|upkeep\n|\n|t:|1699623778\n|switch|p2b: Amoonguss|Amoonguss, F, shiny|100\/100\n|turn|10\n|\n|t:|1699623787\n|switch|p1a: Cold Shoulder|Abomasnow, M, shiny|100\/100\n|-weather|Snow|[from] ability: Snow Warning|[of] p1a: Cold Shoulder\n|move|p2b: Amoonguss|Spore|p1b: Harmacy\n|-status|p1b: Harmacy|slp|[from] move: Spore\n|move|p2a: Cresselia|Psychic|p1b: Harmacy\n|-damage|p1b: Harmacy|82\/100 slp\n|cant|p1b: Harmacy|slp\n|\n|-weather|Snow|[upkeep]\n|-heal|p1b: Harmacy|88\/100 slp|[from] item: Leftovers\n|upkeep\n|turn|11\n|\n|t:|1699623797\n|move|p2b: Amoonguss|Pollen Puff|p2a: Cresselia\n|-heal|p2a: Cresselia|100\/100\n|move|p2a: Cresselia|Psychic|p1a: Cold Shoulder\n|-damage|p1a: Cold Shoulder|71\/100\n|-curestatus|p1b: Harmacy|slp|[msg]\n|move|p1b: Harmacy|Copycat|p1b: Harmacy\n|move|p1b: Harmacy|Psychic|p2a: Cresselia|[from]move: Copycat\n|-resisted|p2a: Cresselia\n|-damage|p2a: Cresselia|95\/100\n|move|p1a: Cold Shoulder|Blizzard|p2a: Cresselia|[spread] p2a,p2b\n|-supereffective|p2b: Amoonguss\n|-damage|p2a: Cresselia|79\/100\n|-damage|p2b: Amoonguss|50\/100\n|\n|-weather|Snow|[upkeep]\n|-heal|p1b: Harmacy|94\/100|[from] item: Leftovers\n|upkeep\n|turn|12\n|\n|t:|1699623819\n|move|p2b: Amoonguss|Spore|p1b: Harmacy\n|-status|p1b: Harmacy|slp|[from] move: Spore\n|move|p2a: Cresselia|Lunar Blessing|p2a: Cresselia|[spread] p2a,p2b\n|-heal|p2a: Cresselia|100\/100\n|-heal|p2b: Amoonguss|75\/100\n|cant|p1b: Harmacy|slp\n|move|p1a: Cold Shoulder|Blizzard|p2b: Amoonguss|[spread] p2a,p2b\n|-supereffective|p2b: Amoonguss\n|-damage|p2a: Cresselia|85\/100\n|-damage|p2b: Amoonguss|24\/100\n|\n|-weather|Snow|[upkeep]\n|-heal|p1b: Harmacy|99\/100 slp|[from] item: Leftovers\n|upkeep\n|turn|13\n|\n|t:|1699623833\n|switch|p2b: Chi-Yu|Chi-Yu|79\/100\n|-ability|p2b: Chi-Yu|Beads of Ruin\n|move|p2a: Cresselia|Psychic|p1a: Cold Shoulder\n|-damage|p1a: Cold Shoulder|32\/100\n|cant|p1b: Harmacy|slp\n|move|p1a: Cold Shoulder|Blizzard|p2a: Cresselia|[spread] p2a,p2b\n|-resisted|p2b: Chi-Yu\n|-damage|p2a: Cresselia|64\/100\n|-damage|p2b: Chi-Yu|63\/100\n|\n|-weather|Snow|[upkeep]\n|-heal|p1b: Harmacy|100\/100 slp|[from] item: Leftovers\n|-fieldend|move: Trick Room\n|upkeep\n|turn|14\n|\n|t:|1699623844\n|switch|p1a: ThcrThnSnkr|Tyranitar, F|90\/100\n|-weather|Sandstorm|[from] ability: Sand Stream|[of] p1a: ThcrThnSnkr\n|move|p2b: Chi-Yu|Heat Wave|p1b: Harmacy|[spread] p1a\n|-miss|p2b: Chi-Yu|p1b: Harmacy\n|-resisted|p1a: ThcrThnSnkr\n|-damage|p1a: ThcrThnSnkr|79\/100\n|cant|p1b: Harmacy|slp\n|move|p2a: Cresselia|Lunar Blessing|p2a: Cresselia|[spread] p2a,p2b\n|-heal|p2a: Cresselia|88\/100\n|-heal|p2b: Chi-Yu|88\/100\n|\n|-weather|Sandstorm|[upkeep]\n|-damage|p2b: Chi-Yu|82\/100|[from] Sandstorm\n|-damage|p1b: Harmacy|94\/100 slp|[from] Sandstorm\n|-damage|p2a: Cresselia|82\/100|[from] Sandstorm\n|-heal|p1b: Harmacy|100\/100 slp|[from] item: Leftovers\n|upkeep\n|turn|15\n|inactive|first time VCG has 120 seconds left.\n|\n|t:|1699623886\n|switch|p2b: Amoonguss|Amoonguss, F, shiny|58\/100\n|move|p1a: ThcrThnSnkr|Rock Slide|p2a: Cresselia|[spread] p2b\n|-miss|p1a: ThcrThnSnkr|p2a: Cresselia\n|-damage|p2b: Amoonguss|38\/100\n|-curestatus|p1b: Harmacy|slp|[msg]\n|move|p1b: Harmacy|Weather Ball|p2b: Amoonguss\n|-damage|p2b: Amoonguss|17\/100\n|move|p2a: Cresselia|Psychic|p1b: Harmacy\n|-damage|p1b: Harmacy|83\/100\n|\n|-weather|Sandstorm|[upkeep]\n|-damage|p1b: Harmacy|77\/100|[from] Sandstorm\n|-damage|p2a: Cresselia|76\/100|[from] Sandstorm\n|-damage|p2b: Amoonguss|11\/100|[from] Sandstorm\n|-heal|p1b: Harmacy|83\/100|[from] item: Leftovers\n|upkeep\n|turn|16\n|inactive|first time VCG has 120 seconds left.\n|\n|t:|1699623905\n|move|p2b: Amoonguss|Rage Powder|p2b: Amoonguss\n|-singleturn|p2b: Amoonguss|move: Rage Powder\n|move|p1a: ThcrThnSnkr|Rock Slide|p2a: Cresselia|[spread] p2a,p2b\n|-damage|p2a: Cresselia|59\/100\n|-damage|p2b: Amoonguss|0 fnt\n|faint|p2b: Amoonguss\n|move|p1b: Harmacy|Wish|p1b: Harmacy\n|move|p2a: Cresselia|Trick Room|p2a: Cresselia\n|-fieldstart|move: Trick Room|[of] p2a: Cresselia\n|\n|-weather|Sandstorm|[upkeep]\n|-damage|p2a: Cresselia|53\/100|[from] Sandstorm\n|-damage|p1b: Harmacy|77\/100|[from] Sandstorm\n|-heal|p1b: Harmacy|83\/100|[from] item: Leftovers\n|upkeep\n|inactive|first time VCG has 120 seconds left.\n|\n|t:|1699623918\n|switch|p2b: Chien-Pao|Chien-Pao|100\/100\n|-ability|p2b: Chien-Pao|Sword of Ruin\n|turn|17\n|\n|t:|1699623927\n|switch|p2b: Basculegion|Basculegion-F, F, shiny|100\/100\n|move|p2a: Cresselia|Psychic|p1b: Harmacy\n|-damage|p1b: Harmacy|63\/100\n|-unboost|p1b: Harmacy|spd|1\n|move|p1b: Harmacy|Weather Ball|p2b: Basculegion\n|-damage|p2b: Basculegion|74\/100\n|move|p1a: ThcrThnSnkr|Rock Slide|p2a: Cresselia|[spread] p2a,p2b\n|-damage|p2a: Cresselia|37\/100\n|-damage|p2b: Basculegion|42\/100\n|\n|-weather|Sandstorm|[upkeep]\n|-damage|p2a: Cresselia|31\/100|[from] Sandstorm\n|-damage|p1b: Harmacy|57\/100|[from] Sandstorm\n|-damage|p2b: Basculegion|36\/100|[from] Sandstorm\n|-heal|p1b: Harmacy|100\/100|[from] move: Wish|[wisher] Harmacy\n|upkeep\n|turn|18\n|\n|t:|1699623953\n|switch|p1a: Extra Spicy|Garchomp, M|100\/100\n|move|p2a: Cresselia|Psychic|p1b: Harmacy\n|-damage|p1b: Harmacy|70\/100\n|move|p1b: Harmacy|Wish|p1b: Harmacy\n|move|p2b: Basculegion|Hydro Pump|p1a: Extra Spicy\n|-damage|p1a: Extra Spicy|43\/100\n|\n|-weather|none\n|-heal|p1b: Harmacy|77\/100|[from] item: Leftovers\n|upkeep\n|turn|19\n|\n|t:|1699623968\n|switch|p1b: Cold Shoulder|Abomasnow, M, shiny|32\/100\n|-weather|Snow|[from] ability: Snow Warning|[of] p1b: Cold Shoulder\n|switch|p1a: ThcrThnSnkr|Tyranitar, F|79\/100\n|-weather|Sandstorm|[from] ability: Sand Stream|[of] p1a: ThcrThnSnkr\n|move|p2a: Cresselia|Ally Switch|p2a: Cresselia\n|swap|p2a: Cresselia|1|[from] move: Ally Switch\n|move|p2a: Basculegion|Hydro Pump|p1a: ThcrThnSnkr\n|-supereffective|p1a: ThcrThnSnkr\n|-damage|p1a: ThcrThnSnkr|38\/100\n|\n|-weather|Sandstorm|[upkeep]\n|-damage|p2b: Cresselia|25\/100|[from] Sandstorm\n|-damage|p1b: Cold Shoulder|26\/100|[from] Sandstorm\n|-damage|p2a: Basculegion|30\/100|[from] Sandstorm\n|-heal|p1b: Cold Shoulder|92\/100|[from] move: Wish|[wisher] Harmacy\n|upkeep\n|turn|20\n|\n|t:|1699623993\n|switch|p1a: OTLHPM|Toxicroak, M|100\/100\n|move|p2b: Cresselia|Ally Switch||[still]\n|-fail|p2b: Cresselia\n|move|p1b: Cold Shoulder|Leech Seed|p2a: Basculegion\n|-start|p2a: Basculegion|move: Leech Seed\n|move|p2a: Basculegion|Hydro Pump|p1a: OTLHPM\n|-immune|p1a: OTLHPM|[from] ability: Dry Skin\n|\n|-weather|Sandstorm|[upkeep]\n|-damage|p2b: Cresselia|18\/100|[from] Sandstorm\n|-damage|p1b: Cold Shoulder|86\/100|[from] Sandstorm\n|-damage|p1a: OTLHPM|94\/100|[from] Sandstorm\n|-damage|p2a: Basculegion|24\/100|[from] Sandstorm\n|-heal|p1a: OTLHPM|100\/100|[from] item: Black Sludge\n|-damage|p2a: Basculegion|12\/100|[from] Leech Seed|[of] p1b: Cold Shoulder\n|-heal|p1b: Cold Shoulder|99\/100|[silent]\n|-fieldend|move: Trick Room\n|upkeep\n|turn|21\n|\n|t:|1699624005\n|switch|p1a: ThcrThnSnkr|Tyranitar, F|38\/100\n|move|p2a: Basculegion|Hydro Pump|p1b: Cold Shoulder\n|-resisted|p1b: Cold Shoulder\n|-damage|p1b: Cold Shoulder|64\/100\n|move|p1b: Cold Shoulder|Giga Drain|p2a: Basculegion\n|-supereffective|p2a: Basculegion\n|-damage|p2a: Basculegion|0 fnt\n|-heal|p1b: Cold Shoulder|70\/100|[from] drain|[of] p2a: Basculegion\n|faint|p2a: Basculegion\n|move|p2b: Cresselia|Psychic|p1a: ThcrThnSnkr\n|-immune|p1a: ThcrThnSnkr\n|\n|-weather|Sandstorm|[upkeep]\n|-damage|p1b: Cold Shoulder|64\/100|[from] Sandstorm\n|-damage|p2b: Cresselia|12\/100|[from] Sandstorm\n|upkeep\n|\n|t:|1699624011\n|switch|p2a: Chien-Pao|Chien-Pao|100\/100\n|-ability|p2a: Chien-Pao|Sword of Ruin\n|turn|22\n|\n|t:|1699624023\n|switch|p1a: OTLHPM|Toxicroak, M|100\/100\n|-terastallize|p1b: Cold Shoulder|Water\n|move|p2a: Chien-Pao|Sacred Sword|p1b: Cold Shoulder\n|-damage|p1b: Cold Shoulder|33\/100\n|move|p1b: Cold Shoulder|Weather Ball|p2a: Chien-Pao\n|-supereffective|p2a: Chien-Pao\n|-damage|p2a: Chien-Pao|27\/100\n|move|p2b: Cresselia|Psychic|p1b: Cold Shoulder\n|-damage|p1b: Cold Shoulder|7\/100\n|\n|-weather|Sandstorm|[upkeep]\n|-damage|p2a: Chien-Pao|21\/100|[from] Sandstorm\n|-damage|p1a: OTLHPM|94\/100|[from] Sandstorm\n|-damage|p1b: Cold Shoulder|1\/100|[from] Sandstorm\n|-damage|p2b: Cresselia|6\/100|[from] Sandstorm\n|-heal|p1a: OTLHPM|100\/100|[from] item: Black Sludge\n|upkeep\n|turn|23\n|\n|t:|1699624043\n|move|p2a: Chien-Pao|Sucker Punch|p1b: Cold Shoulder\n|-damage|p1b: Cold Shoulder|0 fnt\n|faint|p1b: Cold Shoulder\n|move|p1a: OTLHPM|Drain Punch|p2a: Chien-Pao\n|-supereffective|p2a: Chien-Pao\n|-damage|p2a: Chien-Pao|0 fnt\n|faint|p2a: Chien-Pao\n|move|p2b: Cresselia|Psychic|p1a: OTLHPM\n|-supereffective|p1a: OTLHPM\n|-crit|p1a: OTLHPM\n|-damage|p1a: OTLHPM|0 fnt\n|faint|p1a: OTLHPM\n|\n|-weather|none\n|upkeep\n|c|\u2606mikeyuwu|Gg\n|\n|t:|1699624052\n|switch|p2a: Chi-Yu|Chi-Yu|82\/100\n|switch|p1a: ThcrThnSnkr|Tyranitar, F|38\/100\n|switch|p1b: Harmacy|Vaporeon, F|77\/100\n|-ability|p2a: Chi-Yu|Beads of Ruin\n|-weather|Sandstorm|[from] ability: Sand Stream|[of] p1a: ThcrThnSnkr\n|turn|24\n|\n|t:|1699624061\n|-terastallize|p2a: Chi-Yu|Fire\n|move|p2a: Chi-Yu|Heat Wave|p1a: ThcrThnSnkr|[spread] p1b\n|-miss|p2a: Chi-Yu|p1a: ThcrThnSnkr\n|-resisted|p1b: Harmacy\n|-damage|p1b: Harmacy|36\/100\n|move|p1a: ThcrThnSnkr|Rock Slide|p2b: Cresselia|[spread] p2a,p2b\n|-supereffective|p2a: Chi-Yu\n|-damage|p2a: Chi-Yu|3\/100\n|-damage|p2b: Cresselia|0 fnt\n|faint|p2b: Cresselia\n|move|p1b: Harmacy|Weather Ball|p2a: Chi-Yu\n|-supereffective|p2a: Chi-Yu\n|-damage|p2a: Chi-Yu|0 fnt\n|faint|p2a: Chi-Yu\n|\n|win|mikeyuwu\n|raw|mikeyuwu's rating: 1309 &rarr; <strong>1324<\/strong><br \/>(+15 for winning)\n|raw|first time VCG's rating: 1217 &rarr; <strong>1198<\/strong><br \/>(-19 for losing)\n|c|\u2606first time VCG|gg\n|l|\u2606first time VCG\n","uploadtime":1699624094,"views":18,"p1id":"mikeyuwu","p2id":"firsttimevcg","formatid":"gen9doublesou","rating":1198,"private":0,"password":""}