{"id":"gen9doublesou-1977965819","p1":"MiseryCloudNoah","p2":"It's Draco 101","format":"[Gen 9] Doubles OU","log":"|j|\u2606MiseryCloudNoah\n|j|\u2606It's Draco 101\n|t:|1698474605\n|gametype|doubles\n|player|p1|MiseryCloudNoah|n|\n|player|p2|It's Draco 101|266|\n|teamsize|p1|6\n|teamsize|p2|6\n|gen|9\n|tier|[Gen 9] Doubles OU\n|rule|Species Clause: Limit one of each Pok\u00e9mon\n|rule|OHKO Clause: OHKO moves are banned\n|rule|Evasion Moves Clause: Evasion moves are banned\n|rule|Gravity Sleep Clause: The combination of sleep-inducing moves with imperfect accuracy and Gravity or Gigantamax Orbeetle are banned\n|rule|Endless Battle Clause: Forcing endless battles is banned\n|rule|HP Percentage Mod: HP is shown in percentages\n|clearpoke\n|poke|p1|Garchomp, F|\n|poke|p1|Dragapult, F|\n|poke|p1|Ceruledge, M|\n|poke|p1|Sableye, M|\n|poke|p1|Maushold-Four|\n|poke|p1|Kommo-o, M|\n|poke|p2|Clefairy, M|\n|poke|p2|Kommo-o, M|\n|poke|p2|Rillaboom, F|\n|poke|p2|Landorus-Therian, M|\n|poke|p2|Ursaluna, F|\n|poke|p2|Sinistcha|\n|teampreview\n|\n|t:|1698474634\n|start\n|switch|p1a: Gem-ma|Sableye, M|100\/100\n|switch|p1b: Denji|Ceruledge, M, shiny|100\/100\n|switch|p2a: Landorus|Landorus-Therian, M|100\/100\n|switch|p2b: Ursaluna|Ursaluna, F|100\/100\n|-ability|p2a: Landorus|Intimidate|boost\n|-unboost|p1a: Gem-ma|atk|1\n|-unboost|p1b: Denji|atk|1\n|turn|1\n|\n|t:|1698474661\n|move|p1a: Gem-ma|Light Screen|p1a: Gem-ma\n|-sidestart|p1: MiseryCloudNoah|move: Light Screen\n|move|p2a: Landorus|U-turn|p1a: Gem-ma\n|-damage|p1a: Gem-ma|63\/100\n|\n|t:|1698474672\n|switch|p2a: Clefairy|Clefairy, M|100\/100|[from] U-turn\n|move|p1b: Denji|Bulk Up|p1b: Denji\n|-boost|p1b: Denji|atk|1\n|-boost|p1b: Denji|def|1\n|move|p2b: Ursaluna|High Horsepower|p1b: Denji\n|-supereffective|p1b: Denji\n|-damage|p1b: Denji|23\/100\n|\n|-heal|p1b: Denji|29\/100|[from] item: Leftovers\n|-status|p2b: Ursaluna|brn|[from] item: Flame Orb\n|upkeep\n|turn|2\n|\n|t:|1698474715\n|switch|p2b: Landorus|Landorus-Therian, M|100\/100\n|-ability|p2b: Landorus|Intimidate|boost\n|-unboost|p1a: Gem-ma|atk|1\n|-unboost|p1b: Denji|atk|1\n|move|p2a: Clefairy|Protect|p2a: Clefairy\n|-singleturn|p2a: Clefairy|Protect\n|move|p1a: Gem-ma|Reflect|p1a: Gem-ma\n|-sidestart|p1: MiseryCloudNoah|Reflect\n|move|p1b: Denji|Bitter Blade|p2b: Landorus\n|-damage|p2b: Landorus|79\/100\n|-heal|p1b: Denji|40\/100|[from] drain|[of] p2b: Landorus\n|\n|-heal|p1b: Denji|46\/100|[from] item: Leftovers\n|upkeep\n|turn|3\n|\n|t:|1698474753\n|move|p1b: Denji|Protect|p1b: Denji\n|-singleturn|p1b: Denji|Protect\n|move|p2a: Clefairy|Follow Me|p2a: Clefairy\n|-singleturn|p2a: Clefairy|move: Follow Me\n|move|p1a: Gem-ma|Encore|p2a: Clefairy\n|-start|p2a: Clefairy|Encore\n|move|p2b: Landorus|Stomping Tantrum|p1b: Denji\n|-activate|p1b: Denji|move: Protect\n|\n|-heal|p1b: Denji|52\/100|[from] item: Leftovers\n|upkeep\n|turn|4\n|c|\u2606MiseryCloudNoah|fuck\n|\n|t:|1698474814\n|move|p2a: Clefairy|Follow Me|p2a: Clefairy\n|-singleturn|p2a: Clefairy|move: Follow Me\n|move|p1a: Gem-ma|Disable|p2a: Clefairy\n|-start|p2a: Clefairy|Disable|Follow Me\n|move|p2b: Landorus|Stomping Tantrum|p1b: Denji\n|-supereffective|p1b: Denji\n|-damage|p1b: Denji|6\/100\n|move|p1b: Denji|Bitter Blade|p2a: Clefairy\n|-damage|p2a: Clefairy|78\/100\n|-heal|p1b: Denji|17\/100|[from] drain|[of] p2a: Clefairy\n|\n|-heal|p1b: Denji|23\/100|[from] item: Leftovers\n|upkeep\n|turn|5\n|\n|t:|1698474845\n|switch|p2b: Ursaluna|Ursaluna, F|100\/100 brn\n|switch|p2a: Sinistcha|Sinistcha|100\/100\n|move|p1b: Denji|Protect|p1b: Denji\n|-singleturn|p1b: Denji|Protect\n|move|p1a: Gem-ma|Disable||[still]\n|-fail|p1a: Gem-ma\n|\n|-heal|p1b: Denji|29\/100|[from] item: Leftovers\n|-damage|p2b: Ursaluna|94\/100 brn|[from] brn\n|upkeep\n|turn|6\n|\n|t:|1698474885\n|switch|p2b: Landorus|Landorus-Therian, M|79\/100\n|-ability|p2b: Landorus|Intimidate|boost\n|-unboost|p1a: Gem-ma|atk|1\n|-unboost|p1b: Denji|atk|1\n|switch|p1a: Nissan240SX|Dragapult, F, shiny|100\/100\n|move|p1b: Denji|Bitter Blade|p2a: Sinistcha\n|-supereffective|p2a: Sinistcha\n|-damage|p2a: Sinistcha|57\/100\n|-heal|p1b: Denji|51\/100|[from] drain|[of] p2a: Sinistcha\n|move|p2a: Sinistcha|Matcha Gotcha|p1a: Nissan240SX|[spread] p1a,p1b\n|-resisted|p1a: Nissan240SX\n|-resisted|p1b: Denji\n|-damage|p1a: Nissan240SX|89\/100\n|-heal|p2a: Sinistcha|63\/100|[from] drain|[of] p1a: Nissan240SX\n|-damage|p1b: Denji|44\/100\n|-heal|p2a: Sinistcha|66\/100|[from] drain|[of] p1b: Denji\n|\n|-heal|p1b: Denji|50\/100|[from] item: Leftovers\n|upkeep\n|turn|7\n|\n|t:|1698474919\n|switch|p2a: Clefairy|Clefairy, M|78\/100\n|move|p1a: Nissan240SX|Hydro Pump|p2b: Landorus\n|-supereffective|p2b: Landorus\n|-damage|p2b: Landorus|0 fnt\n|faint|p2b: Landorus\n|move|p1b: Denji|Bulk Up|p1b: Denji\n|-boost|p1b: Denji|atk|1\n|-boost|p1b: Denji|def|1\n|\n|-heal|p1b: Denji|56\/100|[from] item: Leftovers\n|upkeep\n|\n|t:|1698474932\n|switch|p2b: Kommo-o|Kommo-o, M|100\/100\n|turn|8\n|\n|t:|1698474954\n|switch|p1a: Gem-ma|Sableye, M|63\/100\n|move|p1b: Denji|Protect|p1b: Denji\n|-singleturn|p1b: Denji|Protect\n|move|p2a: Clefairy|Follow Me|p2a: Clefairy\n|-singleturn|p2a: Clefairy|move: Follow Me\n|move|p2b: Kommo-o|Clangorous Soul|p2b: Kommo-o\n|-boost|p2b: Kommo-o|atk|1\n|-boost|p2b: Kommo-o|def|1\n|-boost|p2b: Kommo-o|spa|1\n|-boost|p2b: Kommo-o|spd|1\n|-boost|p2b: Kommo-o|spe|1\n|-damage|p2b: Kommo-o|68\/100\n|\n|-heal|p1b: Denji|63\/100|[from] item: Leftovers\n|-sideend|p1: MiseryCloudNoah|move: Light Screen\n|upkeep\n|turn|9\n|\n|t:|1698474980\n|move|p2a: Clefairy|Follow Me|p2a: Clefairy\n|-singleturn|p2a: Clefairy|move: Follow Me\n|move|p1a: Gem-ma|Light Screen|p1a: Gem-ma\n|-sidestart|p1: MiseryCloudNoah|move: Light Screen\n|move|p2b: Kommo-o|Fire Punch|p1a: Gem-ma\n|-damage|p1a: Gem-ma|32\/100\n|move|p1b: Denji|Bitter Blade|p2a: Clefairy\n|-damage|p2a: Clefairy|55\/100\n|-heal|p1b: Denji|74\/100|[from] drain|[of] p2a: Clefairy\n|\n|-heal|p1b: Denji|80\/100|[from] item: Leftovers\n|-sideend|p1: MiseryCloudNoah|Reflect\n|upkeep\n|turn|10\n|\n|t:|1698474994\n|move|p2a: Clefairy|Helping Hand|p2b: Kommo-o\n|-singleturn|p2b: Kommo-o|Helping Hand|[of] p2a: Clefairy\n|move|p1a: Gem-ma|Disable|p2a: Clefairy\n|-start|p2a: Clefairy|Disable|Helping Hand\n|move|p2b: Kommo-o|Drain Punch|p1b: Denji\n|-immune|p1b: Denji\n|move|p1b: Denji|Bitter Blade|p2b: Kommo-o\n|-resisted|p2b: Kommo-o\n|-damage|p2b: Kommo-o|61\/100\n|-heal|p1b: Denji|83\/100|[from] drain|[of] p2b: Kommo-o\n|\n|-heal|p1b: Denji|89\/100|[from] item: Leftovers\n|upkeep\n|turn|11\n|\n|t:|1698475022\n|switch|p2b: Ursaluna|Ursaluna, F|94\/100 brn\n|move|p2a: Clefairy|Protect|p2a: Clefairy\n|-singleturn|p2a: Clefairy|Protect\n|move|p1a: Gem-ma|Encore||[still]\n|-fail|p1a: Gem-ma\n|move|p1b: Denji|Bulk Up|p1b: Denji\n|-boost|p1b: Denji|atk|1\n|-boost|p1b: Denji|def|1\n|\n|-heal|p1b: Denji|95\/100|[from] item: Leftovers\n|-damage|p2b: Ursaluna|88\/100 brn|[from] brn\n|upkeep\n|turn|12\n|\n|t:|1698475043\n|switch|p2a: Sinistcha|Sinistcha|66\/100\n|-heal|p2b: Ursaluna|100\/100 brn|[from] ability: Hospitality|[of] p2a: Sinistcha\n|move|p1a: Gem-ma|Reflect|p1a: Gem-ma\n|-sidestart|p1: MiseryCloudNoah|Reflect\n|move|p1b: Denji|Bitter Blade|p2b: Ursaluna\n|-damage|p2b: Ursaluna|68\/100 brn\n|-heal|p1b: Denji|100\/100|[from] drain|[of] p2b: Ursaluna\n|move|p2b: Ursaluna|High Horsepower|p1b: Denji\n|-supereffective|p1b: Denji\n|-damage|p1b: Denji|55\/100\n|\n|-heal|p1b: Denji|61\/100|[from] item: Leftovers\n|-damage|p2b: Ursaluna|61\/100 brn|[from] brn\n|upkeep\n|turn|13\n|\n|t:|1698475071\n|switch|p1a: Nissan240SX|Dragapult, F, shiny|89\/100\n|-terastallize|p2a: Sinistcha|Dark\n|move|p1b: Denji|Bitter Blade|p2b: Ursaluna\n|-damage|p2b: Ursaluna|31\/100 brn\n|-heal|p1b: Denji|81\/100|[from] drain|[of] p2b: Ursaluna\n|move|p2b: Ursaluna|High Horsepower|p1a: Nissan240SX\n|-damage|p1a: Nissan240SX|19\/100\n|move|p2a: Sinistcha|Trick Room|p2a: Sinistcha\n|-fieldstart|move: Trick Room|[of] p2a: Sinistcha\n|\n|-heal|p1b: Denji|88\/100|[from] item: Leftovers\n|-damage|p2b: Ursaluna|24\/100 brn|[from] brn\n|upkeep\n|turn|14\n|\n|t:|1698475118\n|move|p2a: Sinistcha|Rage Powder|p2a: Sinistcha\n|-singleturn|p2a: Sinistcha|move: Rage Powder\n|move|p2b: Ursaluna|High Horsepower|p1b: Denji\n|-supereffective|p1b: Denji\n|-damage|p1b: Denji|44\/100\n|move|p1b: Denji|Bulk Up|p1b: Denji\n|-boost|p1b: Denji|atk|1\n|-boost|p1b: Denji|def|1\n|move|p1a: Nissan240SX|Hyper Beam|p2a: Sinistcha\n|-damage|p2a: Sinistcha|12\/100\n|-mustrecharge|p1a: Nissan240SX\n|-enditem|p2a: Sinistcha|Sitrus Berry|[eat]\n|-heal|p2a: Sinistcha|37\/100|[from] item: Sitrus Berry\n|\n|-heal|p1b: Denji|50\/100|[from] item: Leftovers\n|-damage|p2b: Ursaluna|18\/100 brn|[from] brn\n|upkeep\n|turn|15\n|\n|t:|1698475137\n|move|p2a: Sinistcha|Matcha Gotcha|p1b: Denji|[spread] p1a,p1b\n|-resisted|p1a: Nissan240SX\n|-resisted|p1b: Denji\n|-damage|p1a: Nissan240SX|8\/100\n|-heal|p2a: Sinistcha|42\/100|[from] drain|[of] p1a: Nissan240SX\n|-damage|p1b: Denji|44\/100\n|-heal|p2a: Sinistcha|45\/100|[from] drain|[of] p1b: Denji\n|move|p2b: Ursaluna|High Horsepower|p1b: Denji\n|-supereffective|p1b: Denji\n|-damage|p1b: Denji|5\/100\n|move|p1b: Denji|Bitter Blade|p2a: Sinistcha\n|-damage|p2a: Sinistcha|0 fnt\n|-heal|p1b: Denji|27\/100|[from] drain|[of] p2a: Sinistcha\n|faint|p2a: Sinistcha\n|cant|p1a: Nissan240SX|recharge\n|\n|-heal|p1b: Denji|33\/100|[from] item: Leftovers\n|-damage|p2b: Ursaluna|12\/100 brn|[from] brn\n|upkeep\n|\n|t:|1698475145\n|switch|p2a: Rillaboom|Rillaboom, F|100\/100\n|-fieldstart|move: Grassy Terrain|[from] ability: Grassy Surge|[of] p2a: Rillaboom\n|turn|16\n|c|\u2606MiseryCloudNoah|im sweating\n|c|\u2606MiseryCloudNoah|my palms are moist\n|c|\u2606MiseryCloudNoah|im stressin rn\n|\n|t:|1698475192\n|move|p2a: Rillaboom|Fake Out|p1b: Denji\n|-immune|p1b: Denji\n|move|p2b: Ursaluna|High Horsepower|p1b: Denji\n|-supereffective|p1b: Denji\n|-damage|p1b: Denji|0 fnt\n|faint|p1b: Denji\n|move|p1a: Nissan240SX|Hyper Beam|p2b: Ursaluna\n|-damage|p2b: Ursaluna|0 fnt\n|-mustrecharge|p1a: Nissan240SX\n|faint|p2b: Ursaluna\n|\n|-heal|p1a: Nissan240SX|14\/100|[from] Grassy Terrain\n|-sideend|p1: MiseryCloudNoah|move: Light Screen\n|upkeep\n|c|\u2606It's Draco 101|man I keep thinkin that thing tera'd\n|c|\u2606It's Draco 101|prolly gg\n|\n|t:|1698475218\n|switch|p2b: Kommo-o|Kommo-o, M|61\/100\n|switch|p1b: Gem-ma|Sableye, M|32\/100\n|turn|17\n|\n|t:|1698475225\n|move|p1b: Gem-ma|Light Screen|p1b: Gem-ma\n|-sidestart|p1: MiseryCloudNoah|move: Light Screen\n|move|p2a: Rillaboom|Grassy Glide|p1b: Gem-ma\n|-damage|p1b: Gem-ma|0 fnt\n|faint|p1b: Gem-ma\n|move|p2b: Kommo-o|Clangorous Soul|p2b: Kommo-o\n|-boost|p2b: Kommo-o|atk|1\n|-boost|p2b: Kommo-o|def|1\n|-boost|p2b: Kommo-o|spa|1\n|-boost|p2b: Kommo-o|spd|1\n|-boost|p2b: Kommo-o|spe|1\n|-damage|p2b: Kommo-o|28\/100\n|cant|p1a: Nissan240SX|recharge\n|\n|-heal|p1a: Nissan240SX|20\/100|[from] Grassy Terrain\n|-heal|p2b: Kommo-o|34\/100|[from] Grassy Terrain\n|-fieldend|move: Trick Room\n|upkeep\n|\n|t:|1698475249\n|switch|p1b: Momma|Garchomp, F, shiny|100\/100\n|turn|18\n|\n|t:|1698475280\n|move|p2a: Rillaboom|Grassy Glide|p1a: Nissan240SX\n|-resisted|p1a: Nissan240SX\n|-damage|p1a: Nissan240SX|4\/100\n|move|p2b: Kommo-o|Drain Punch|p1b: Momma\n|-damage|p1b: Momma|76\/100\n|-heal|p2b: Kommo-o|51\/100|[from] drain|[of] p1b: Momma\n|-damage|p2b: Kommo-o|39\/100|[from] ability: Rough Skin|[of] p1b: Momma\n|-damage|p2b: Kommo-o|23\/100|[from] item: Rocky Helmet|[of] p1b: Momma\n|move|p1a: Nissan240SX|Hyper Beam|p2a: Rillaboom\n|-damage|p2a: Rillaboom|47\/100\n|-mustrecharge|p1a: Nissan240SX\n|move|p1b: Momma|Stealth Rock|p2a: Rillaboom\n|-sidestart|p2: It's Draco 101|move: Stealth Rock\n|\n|-heal|p2b: Kommo-o|29\/100|[from] Grassy Terrain\n|-heal|p1a: Nissan240SX|10\/100|[from] Grassy Terrain\n|-heal|p1b: Momma|82\/100|[from] Grassy Terrain\n|-heal|p2a: Rillaboom|53\/100|[from] Grassy Terrain\n|upkeep\n|turn|19\n|\n|t:|1698475301\n|move|p2b: Kommo-o|Drain Punch|p1b: Momma\n|-damage|p1b: Momma|58\/100\n|-heal|p2b: Kommo-o|46\/100|[from] drain|[of] p1b: Momma\n|-damage|p2b: Kommo-o|34\/100|[from] ability: Rough Skin|[of] p1b: Momma\n|-damage|p2b: Kommo-o|17\/100|[from] item: Rocky Helmet|[of] p1b: Momma\n|cant|p1a: Nissan240SX|recharge\n|move|p2a: Rillaboom|Wood Hammer|p1b: Momma\n|-damage|p1b: Momma|12\/100\n|-damage|p2a: Rillaboom|41\/100|[from] ability: Rough Skin|[of] p1b: Momma\n|-damage|p2a: Rillaboom|25\/100|[from] item: Rocky Helmet|[of] p1b: Momma\n|-damage|p2a: Rillaboom|9\/100|[from] Recoil\n|move|p1b: Momma|Dragon Tail|p2b: Kommo-o\n|-supereffective|p2b: Kommo-o\n|-damage|p2b: Kommo-o|0 fnt\n|faint|p2b: Kommo-o\n|\n|-heal|p1a: Nissan240SX|16\/100|[from] Grassy Terrain\n|-heal|p1b: Momma|19\/100|[from] Grassy Terrain\n|-heal|p2a: Rillaboom|15\/100|[from] Grassy Terrain\n|-sideend|p1: MiseryCloudNoah|Reflect\n|upkeep\n|\n|t:|1698475316\n|switch|p2b: Clefairy|Clefairy, M|55\/100\n|-damage|p2b: Clefairy|42\/100|[from] Stealth Rock\n|turn|20\n|\n|t:|1698475340\n|move|p2b: Clefairy|Follow Me|p2b: Clefairy\n|-singleturn|p2b: Clefairy|move: Follow Me\n|move|p2a: Rillaboom|Grassy Glide|p1a: Nissan240SX\n|-resisted|p1a: Nissan240SX\n|-damage|p1a: Nissan240SX|0 fnt\n|faint|p1a: Nissan240SX\n|move|p1b: Momma|Dragon Tail|p2b: Clefairy\n|-immune|p2b: Clefairy\n|\n|-heal|p1b: Momma|25\/100|[from] Grassy Terrain\n|-heal|p2a: Rillaboom|21\/100|[from] Grassy Terrain\n|-heal|p2b: Clefairy|48\/100|[from] Grassy Terrain\n|-fieldend|move: Grassy Terrain\n|upkeep\n|\n|t:|1698475358\n|switch|p1a: 2 MAX|Maushold-Four, shiny|100\/100\n|turn|21\n|\n|t:|1698475383\n|move|p2b: Clefairy|Follow Me|p2b: Clefairy\n|-singleturn|p2b: Clefairy|move: Follow Me\n|move|p1a: 2 MAX|Population Bomb|p2b: Clefairy\n|-damage|p2b: Clefairy|40\/100\n|-damage|p2b: Clefairy|30\/100\n|-damage|p2b: Clefairy|21\/100\n|-damage|p2b: Clefairy|12\/100\n|-damage|p2b: Clefairy|2\/100\n|-damage|p2b: Clefairy|0 fnt\n|faint|p2b: Clefairy\n|-hitcount|p2: Clefairy|6\n|move|p2a: Rillaboom|Wood Hammer|p1a: 2 MAX\n|-damage|p1a: 2 MAX|0 fnt\n|faint|p1a: 2 MAX\n|-damage|p2a: Rillaboom|0 fnt|[from] Recoil\n|faint|p2a: Rillaboom\n|\n|win|MiseryCloudNoah\n|c|\u2606It's Draco 101|Gg\n|c|\u2606MiseryCloudNoah|gg\n|c|\u2606MiseryCloudNoah|damn\n|c|\u2606MiseryCloudNoah|im in shock\n|c|\u2606It's Draco 101|I'm ruined!\n|c|\u2606It's Draco 101|Real gppd game though\n|l|\u2606It's Draco 101\n","uploadtime":1698475418,"views":26,"p1id":"miserycloudnoah","p2id":"itsdraco101","formatid":"gen9doublesou","rating":0,"private":0,"password":""}