{"id":"gen9doublesou-1990087285","p1":"EkCantDrawLol","p2":"schweep","format":"[Gen 9] Doubles OU","log":"|j|\u2606EkCantDrawLol\n|j|\u2606schweep\n|t:|1699923160\n|gametype|doubles\n|player|p1|EkCantDrawLol|skierf|1597\n|player|p2|schweep|liza|1635\n|teamsize|p1|6\n|teamsize|p2|6\n|gen|9\n|tier|[Gen 9] Doubles OU\n|rated|\n|rule|Species Clause: Limit one of each Pok\u00e9mon\n|rule|OHKO Clause: OHKO moves are banned\n|rule|Evasion Moves Clause: Evasion moves are banned\n|rule|Gravity Sleep Clause: The combination of sleep-inducing moves with imperfect accuracy and Gravity or Gigantamax Orbeetle are banned\n|rule|Endless Battle Clause: Forcing endless battles is banned\n|rule|HP Percentage Mod: HP is shown in percentages\n|clearpoke\n|poke|p1|Ogerpon-Hearthflame, F|\n|poke|p1|Kingambit, F|\n|poke|p1|Tornadus, M|\n|poke|p1|Flutter Mane|\n|poke|p1|Walking Wake|\n|poke|p1|Landorus-Therian, M|\n|poke|p2|Chien-Pao|\n|poke|p2|Flutter Mane|\n|poke|p2|Ogerpon-Hearthflame, F|\n|poke|p2|Iron Hands|\n|poke|p2|Landorus-Therian, M|\n|poke|p2|Iron Bundle|\n|teampreview\n|inactive|Battle timer is ON: inactive players will automatically lose when time's up. (requested by schweep)\n|\n|t:|1699923188\n|start\n|switch|p1a: Landorus|Landorus-Therian, M, shiny|100\/100\n|switch|p1b: Tornadus|Tornadus, M, shiny|100\/100\n|switch|p2a: Chien-Pao|Chien-Pao|100\/100\n|switch|p2b: Landorus|Landorus-Therian, M|100\/100\n|-ability|p2b: Landorus|Intimidate|boost\n|-unboost|p1a: Landorus|atk|1\n|-unboost|p1b: Tornadus|atk|1\n|-ability|p1a: Landorus|Intimidate|boost\n|-unboost|p2a: Chien-Pao|atk|1\n|-unboost|p2b: Landorus|atk|1\n|-ability|p2a: Chien-Pao|Sword of Ruin\n|turn|1\n|\n|t:|1699923214\n|move|p1b: Tornadus|Protect|p1b: Tornadus\n|-singleturn|p1b: Tornadus|Protect\n|move|p2b: Landorus|Rock Slide|p1b: Tornadus|[spread] p1a\n|-activate|p1b: Tornadus|move: Protect\n|-damage|p1a: Landorus|78\/100\n|move|p1a: Landorus|U-turn|p2a: Chien-Pao\n|-supereffective|p2a: Chien-Pao\n|-crit|p2a: Chien-Pao\n|-damage|p2a: Chien-Pao|1\/100\n|inactive|EkCantDrawLol has 120 seconds left.\n|\n|t:|1699923255\n|switch|p1a: Flutter Mane|Flutter Mane, shiny|100\/100|[from] U-turn\n|-enditem|p1a: Flutter Mane|Booster Energy\n|-activate|p1a: Flutter Mane|ability: Protosynthesis|[fromitem]\n|-start|p1a: Flutter Mane|protosynthesisspe\n|move|p2a: Chien-Pao|Ice Spinner|p1a: Flutter Mane\n|-damage|p1a: Flutter Mane|11\/100\n|\n|upkeep\n|turn|2\n|\n|t:|1699923269\n|move|p1a: Flutter Mane|Protect|p1a: Flutter Mane\n|-singleturn|p1a: Flutter Mane|Protect\n|move|p2a: Chien-Pao|Sucker Punch||[still]\n|-fail|p2a: Chien-Pao\n|move|p2b: Landorus|Rock Slide|p1a: Flutter Mane|[spread] p1b\n|-activate|p1a: Flutter Mane|move: Protect\n|-supereffective|p1b: Tornadus\n|-damage|p1b: Tornadus|44\/100\n|move|p1b: Tornadus|Bleakwind Storm|p2b: Landorus|[spread] p2a\n|-miss|p1b: Tornadus|p2b: Landorus\n|-damage|p2a: Chien-Pao|0 fnt\n|faint|p2a: Chien-Pao\n|\n|upkeep\n|inactive|schweep has 120 seconds left.\n|\n|t:|1699923300\n|switch|p2a: Iron Bundle|Iron Bundle|100\/100\n|-enditem|p2a: Iron Bundle|Booster Energy\n|-activate|p2a: Iron Bundle|ability: Quark Drive|[fromitem]\n|-start|p2a: Iron Bundle|quarkdrivespe\n|turn|3\n|\n|t:|1699923308\n|move|p1b: Tornadus|Tailwind|p1b: Tornadus\n|-sidestart|p1: EkCantDrawLol|move: Tailwind\n|move|p1a: Flutter Mane|Icy Wind|p2b: Landorus|[spread] p2a,p2b\n|-resisted|p2a: Iron Bundle\n|-supereffective|p2b: Landorus\n|-damage|p2a: Iron Bundle|93\/100\n|-damage|p2b: Landorus|28\/100\n|-unboost|p2a: Iron Bundle|spe|1\n|-unboost|p2b: Landorus|spe|1\n|move|p2a: Iron Bundle|Icy Wind|p1a: Flutter Mane|[spread] p1a,p1b\n|-supereffective|p1b: Tornadus\n|-damage|p1a: Flutter Mane|0 fnt\n|-damage|p1b: Tornadus|0 fnt\n|faint|p1a: Flutter Mane\n|-end|p1a: Flutter Mane|Protosynthesis|[silent]\n|faint|p1b: Tornadus\n|move|p2b: Landorus|Rock Slide|p1: Flutter Mane|[notarget]\n|-fail|p2b: Landorus\n|\n|upkeep\n|\n|t:|1699923330\n|switch|p1a: Ogerpon|Ogerpon-Hearthflame, F|100\/100\n|switch|p1b: Walking Wake|Walking Wake|100\/100\n|-ability|p1a: Ogerpon|Mold Breaker\n|turn|4\n|\n|t:|1699923342\n|move|p1a: Ogerpon|Horn Leech|p2a: Iron Bundle\n|-supereffective|p2a: Iron Bundle\n|-damage|p2a: Iron Bundle|0 fnt\n|faint|p2a: Iron Bundle\n|-end|p2a: Iron Bundle|Quark Drive|[silent]\n|move|p1b: Walking Wake|Hydro Steam|p2b: Landorus\n|-supereffective|p2b: Landorus\n|-damage|p2b: Landorus|0 fnt\n|faint|p2b: Landorus\n|\n|upkeep\n|\n|t:|1699923351\n|switch|p2a: Iron Hands|Iron Hands|100\/100\n|switch|p2b: Ogerpon|Ogerpon-Hearthflame, F|100\/100\n|-ability|p2b: Ogerpon|Mold Breaker\n|turn|5\n|\n|t:|1699923366\n|move|p2a: Iron Hands|Fake Out|p1b: Walking Wake\n|-crit|p1b: Walking Wake\n|-damage|p1b: Walking Wake|79\/100\n|move|p1a: Ogerpon|Swords Dance|p1a: Ogerpon\n|-boost|p1a: Ogerpon|atk|2\n|cant|p1b: Walking Wake|flinch\n|move|p2b: Ogerpon|Swords Dance|p2b: Ogerpon\n|-boost|p2b: Ogerpon|atk|2\n|\n|-heal|p1b: Walking Wake|85\/100|[from] item: Leftovers\n|upkeep\n|turn|6\n|\n|t:|1699923384\n|-end|p2a: Iron Hands|Quark Drive|[silent]\n|switch|p2a: Flutter Mane|Flutter Mane|100\/100\n|-enditem|p2a: Flutter Mane|Booster Energy\n|-activate|p2a: Flutter Mane|ability: Protosynthesis|[fromitem]\n|-start|p2a: Flutter Mane|protosynthesisspe\n|-terastallize|p1a: Ogerpon|Fire\n|detailschange|p1a: Ogerpon|Ogerpon-Hearthflame-Tera, F, tera:Fire\n|-ability|p1a: Ogerpon|Embody Aspect (Hearthflame)|boost\n|-boost|p1a: Ogerpon|atk|1\n|move|p2b: Ogerpon|Spiky Shield|p2b: Ogerpon\n|-singleturn|p2b: Ogerpon|move: Protect\n|move|p1a: Ogerpon|Ivy Cudgel|p2b: Ogerpon\n|-activate|p2b: Ogerpon|move: Protect\n|move|p1b: Walking Wake|Hydro Steam|p2b: Ogerpon\n|-activate|p2b: Ogerpon|move: Protect\n|\n|-heal|p1b: Walking Wake|91\/100|[from] item: Leftovers\n|-sideend|p1: EkCantDrawLol|move: Tailwind\n|upkeep\n|turn|7\n|\n|t:|1699923414\n|-end|p1b: Walking Wake|Protosynthesis|[silent]\n|switch|p1b: Landorus|Landorus-Therian, M, shiny|78\/100\n|-ability|p1b: Landorus|Intimidate|boost\n|-unboost|p2a: Flutter Mane|atk|1\n|-unboost|p2b: Ogerpon|atk|1\n|move|p1a: Ogerpon|Spiky Shield|p1a: Ogerpon\n|-singleturn|p1a: Ogerpon|move: Protect\n|move|p2a: Flutter Mane|Dazzling Gleam|p1b: Landorus|[spread] p1b\n|-activate|p1a: Ogerpon|move: Protect\n|-damage|p1b: Landorus|40\/100\n|move|p2b: Ogerpon|Ivy Cudgel|p1a: Ogerpon\n|-activate|p1a: Ogerpon|move: Protect\n|\n|upkeep\n|turn|8\n|\n|t:|1699923437\n|-end|p2a: Flutter Mane|Protosynthesis|[silent]\n|switch|p2a: Iron Hands|Iron Hands|100\/100\n|move|p2b: Ogerpon|Spiky Shield|p2b: Ogerpon\n|-singleturn|p2b: Ogerpon|move: Protect\n|move|p1b: Landorus|Rock Slide|p2b: Ogerpon|[spread] \n|-activate|p2b: Ogerpon|move: Protect\n|-miss|p1b: Landorus|p2a: Iron Hands\n|move|p1a: Ogerpon|Horn Leech|p2a: Iron Hands\n|-damage|p2a: Iron Hands|32\/100\n|\n|-heal|p2a: Iron Hands|38\/100|[from] item: Leftovers\n|upkeep\n|turn|9\n|\n|t:|1699923458\n|move|p2a: Iron Hands|Fake Out|p1a: Ogerpon\n|-damage|p1a: Ogerpon|79\/100\n|move|p1b: Landorus|Rock Slide|p2a: Iron Hands|[spread] p2a,p2b\n|-resisted|p2a: Iron Hands\n|-supereffective|p2b: Ogerpon\n|-damage|p2a: Iron Hands|32\/100\n|-damage|p2b: Ogerpon|42\/100\n|cant|p1a: Ogerpon|flinch\n|move|p2b: Ogerpon|Horn Leech|p1b: Landorus\n|-damage|p1b: Landorus|0 fnt\n|-heal|p2b: Ogerpon|63\/100|[from] drain|[of] p1b: Landorus\n|faint|p1b: Landorus\n|\n|-heal|p2a: Iron Hands|38\/100|[from] item: Leftovers\n|upkeep\n|\n|t:|1699923466\n|switch|p1b: Walking Wake|Walking Wake|91\/100\n|turn|10\n|\n|t:|1699923482\n|-terastallize|p2b: Ogerpon|Fire\n|detailschange|p2b: Ogerpon|Ogerpon-Hearthflame-Tera, F, tera:Fire\n|-ability|p2b: Ogerpon|Embody Aspect (Hearthflame)|boost\n|-boost|p2b: Ogerpon|atk|1\n|move|p1b: Walking Wake|Protect|p1b: Walking Wake\n|-singleturn|p1b: Walking Wake|Protect\n|move|p1a: Ogerpon|Ivy Cudgel|p2b: Ogerpon\n|-resisted|p2b: Ogerpon\n|-damage|p2b: Ogerpon|0 fnt\n|faint|p2b: Ogerpon\n|move|p2a: Iron Hands|Wild Charge|p1b: Walking Wake\n|-activate|p1b: Walking Wake|move: Protect\n|\n|-heal|p1b: Walking Wake|97\/100|[from] item: Leftovers\n|-heal|p2a: Iron Hands|44\/100|[from] item: Leftovers\n|upkeep\n|\n|t:|1699923495\n|switch|p2b: Flutter Mane|Flutter Mane|100\/100\n|turn|11\n|\n|t:|1699923509\n|move|p2b: Flutter Mane|Shadow Ball|p1a: Ogerpon\n|-damage|p1a: Ogerpon|28\/100\n|move|p1a: Ogerpon|Horn Leech|p2a: Iron Hands\n|-damage|p2a: Iron Hands|0 fnt\n|-heal|p1a: Ogerpon|63\/100|[from] drain|[of] p2a: Iron Hands\n|faint|p2a: Iron Hands\n|-end|p2a: Iron Hands|Quark Drive|[silent]\n|move|p1b: Walking Wake|Hydro Steam|p2b: Flutter Mane\n|-crit|p2b: Flutter Mane\n|-damage|p2b: Flutter Mane|43\/100\n|\n|-heal|p1b: Walking Wake|100\/100|[from] item: Leftovers\n|upkeep\n|turn|12\n|\n|t:|1699923523\n|move|p2b: Flutter Mane|Shadow Ball|p1a: Ogerpon\n|-damage|p1a: Ogerpon|16\/100\n|-unboost|p1a: Ogerpon|spd|1\n|move|p1a: Ogerpon|Ivy Cudgel|p2b: Flutter Mane\n|-damage|p2b: Flutter Mane|0 fnt\n|faint|p2b: Flutter Mane\n|-end|p2b: Flutter Mane|Protosynthesis|[silent]\n|\n|win|EkCantDrawLol\n|raw|EkCantDrawLol's rating: 1597 &rarr; <strong>1619<\/strong><br \/>(+22 for winning)\n|raw|schweep's rating: 1635 &rarr; <strong>1613<\/strong><br \/>(-22 for losing)\n|l|\u2606schweep\n","uploadtime":1699923532,"views":6,"p1id":"ekcantdrawlol","p2id":"schweep","formatid":"gen9doublesou","rating":1613,"private":0,"password":""}